{"id":"gen8nationaldex-1591400529","p1":"SirFresh","p2":"Nemweta","format":"gen8nationaldex","log":"|j|\u2606SirFresh\n|j|\u2606Nemweta\n|t:|1654636037\n|gametype|singles\n|player|p1|SirFresh|palmer|\n|player|p2|Nemweta|gardenia|\n|teamsize|p1|6\n|teamsize|p2|6\n|gen|8\n|tier|[Gen 8] National Dex\n|rule|HP Percentage Mod: HP is shown in percentages\n|rule|Endless Battle Clause: Forcing endless battles is banned\n|rule|OHKO Clause: OHKO moves are banned\n|rule|Evasion Moves Clause: Evasion moves are banned\n|rule|Species Clause: Limit one of each Pok\u00e9mon\n|rule|Dynamax Clause: You cannot dynamax\n|rule|Sleep Clause Mod: Limit one foe put to sleep\n|clearpoke\n|poke|p1|Infernape, M|\n|poke|p1|Staraptor, M|\n|poke|p1|Gliscor, M|\n|poke|p1|Bronzong|\n|poke|p1|Manaphy|\n|poke|p1|Gallade, M|\n|poke|p2|Infernape, M|\n|poke|p2|Mamoswine, F|\n|poke|p2|Staraptor, M|\n|poke|p2|Garchomp, M|\n|poke|p2|Lopunny, F|\n|poke|p2|Weavile, F|\n|teampreview\n|\n|t:|1654636042\n|start\n|switch|p1a: Gliscor|Gliscor, M|100\/100\n|switch|p2a: Weavile|Weavile, F|100\/100\n|-ability|p2a: Weavile|Pressure\n|turn|1\n|\n|t:|1654636049\n|switch|p1a: Infernape|Infernape, M|100\/100\n|move|p2a: Weavile|Triple Axel|p1a: Infernape\n|-resisted|p1a: Infernape\n|-damage|p1a: Infernape|90\/100\n|-resisted|p1a: Infernape\n|-damage|p1a: Infernape|69\/100\n|-resisted|p1a: Infernape\n|-damage|p1a: Infernape|38\/100\n|-hitcount|p1a: Infernape|3\n|-damage|p2a: Weavile|91\/100|[from] item: Life Orb\n|\n|upkeep\n|turn|2\n|\n|t:|1654636064\n|move|p1a: Infernape|Mach Punch|p2a: Weavile\n|-supereffective|p2a: Weavile\n|-damage|p2a: Weavile|0 fnt\n|faint|p2a: Weavile\n|\n|upkeep\n|\n|t:|1654636075\n|switch|p2a: Garchomp|Garchomp, M|100\/100\n|turn|3\n|\n|t:|1654636083\n|switch|p1a: Gliscor|Gliscor, M|100\/100\n|move|p2a: Garchomp|Scale Shot|p1a: Gliscor\n|-damage|p1a: Gliscor|93\/100\n|-damage|p1a: Gliscor|84\/100\n|-damage|p1a: Gliscor|76\/100\n|-hitcount|p1a: Gliscor|3\n|-unboost|p2a: Garchomp|def|1\n|-boost|p2a: Garchomp|spe|1\n|\n|-status|p1a: Gliscor|tox|[from] item: Toxic Orb\n|upkeep\n|turn|4\n|\n|t:|1654636093\n|switch|p2a: Staraptor|Staraptor, M|100\/100\n|move|p1a: Gliscor|Stealth Rock|p2a: Staraptor\n|-sidestart|p2: Nemweta|move: Stealth Rock\n|\n|-heal|p1a: Gliscor|88\/100 tox|[from] ability: Poison Heal\n|upkeep\n|turn|5\n|\n|t:|1654636102\n|move|p2a: Staraptor|Brave Bird|p1a: Gliscor\n|-damage|p1a: Gliscor|40\/100 tox\n|-damage|p2a: Staraptor|82\/100|[from] Recoil\n|move|p1a: Gliscor|Roost|p1a: Gliscor\n|-heal|p1a: Gliscor|90\/100 tox\n|-singleturn|p1a: Gliscor|move: Roost\n|\n|-heal|p1a: Gliscor|100\/100 tox|[from] ability: Poison Heal\n|upkeep\n|turn|6\n|\n|t:|1654636114\n|switch|p1a: Bronzong|Bronzong|100\/100\n|move|p2a: Staraptor|Brave Bird|p1a: Bronzong\n|-resisted|p1a: Bronzong\n|-damage|p1a: Bronzong|66\/100\n|-damage|p2a: Staraptor|70\/100|[from] Recoil\n|\n|upkeep\n|turn|7\n|\n|t:|1654636122\n|move|p2a: Staraptor|Brave Bird|p1a: Bronzong\n|-resisted|p1a: Bronzong\n|-crit|p1a: Bronzong\n|-damage|p1a: Bronzong|17\/100\n|-damage|p2a: Staraptor|52\/100|[from] Recoil\n|move|p1a: Bronzong|Reflect|p1a: Bronzong\n|-sidestart|p1: SirFresh|Reflect\n|\n|upkeep\n|turn|8\n|\n|t:|1654636134\n|move|p2a: Staraptor|Brave Bird|p1a: Bronzong\n|-resisted|p1a: Bronzong\n|-damage|p1a: Bronzong|0 fnt\n|faint|p1a: Bronzong\n|-damage|p2a: Staraptor|46\/100|[from] Recoil\n|\n|upkeep\n|\n|t:|1654636140\n|switch|p1a: Manaphy|Manaphy|100\/100\n|turn|9\n|\n|t:|1654636147\n|move|p2a: Staraptor|Brave Bird|p1a: Manaphy\n|-damage|p1a: Manaphy|66\/100\n|-damage|p2a: Staraptor|31\/100|[from] Recoil\n|move|p1a: Manaphy|Surf|p2a: Staraptor\n|-damage|p2a: Staraptor|0 fnt\n|faint|p2a: Staraptor\n|\n|upkeep\n|\n|t:|1654636165\n|switch|p2a: Infernape|Infernape, M|100\/100\n|-damage|p2a: Infernape|88\/100|[from] Stealth Rock\n|turn|10\n|\n|t:|1654636173\n|move|p2a: Infernape|Grass Knot|p1a: Manaphy\n|-supereffective|p1a: Manaphy\n|-damage|p1a: Manaphy|52\/100\n|-damage|p2a: Infernape|78\/100|[from] item: Life Orb\n|-zpower|p1a: Manaphy\n|move|p1a: Manaphy|Hydro Vortex|p2a: Infernape|[zeffect]\n|-supereffective|p2a: Infernape\n|-damage|p2a: Infernape|0 fnt\n|faint|p2a: Infernape\n|\n|upkeep\n|\n|t:|1654636177\n|switch|p2a: Garchomp|Garchomp, M|100\/100\n|-damage|p2a: Garchomp|94\/100|[from] Stealth Rock\n|turn|11\n|\n|t:|1654636185\n|move|p2a: Garchomp|Substitute|p2a: Garchomp\n|-start|p2a: Garchomp|Substitute\n|-damage|p2a: Garchomp|69\/100\n|move|p1a: Manaphy|Surf|p2a: Garchomp\n|-end|p2a: Garchomp|Substitute\n|\n|upkeep\n|turn|12\n|\n|t:|1654636191\n|move|p2a: Garchomp|Earthquake|p1a: Manaphy\n|-damage|p1a: Manaphy|32\/100\n|move|p1a: Manaphy|Surf|p2a: Garchomp\n|-damage|p2a: Garchomp|22\/100\n|\n|upkeep\n|turn|13\n|\n|t:|1654636197\n|move|p2a: Garchomp|Earthquake|p1a: Manaphy\n|-damage|p1a: Manaphy|11\/100\n|move|p1a: Manaphy|Surf|p2a: Garchomp\n|-damage|p2a: Garchomp|0 fnt\n|faint|p2a: Garchomp\n|\n|upkeep\n|\n|t:|1654636204\n|switch|p2a: Lopunny|Lopunny, F|100\/100\n|-damage|p2a: Lopunny|88\/100|[from] Stealth Rock\n|turn|14\n|\n|t:|1654636209\n|detailschange|p2a: Lopunny|Lopunny-Mega, F\n|-mega|p2a: Lopunny|Lopunny|Lopunnite\n|move|p2a: Lopunny|Return|p1a: Manaphy\n|-damage|p1a: Manaphy|0 fnt\n|faint|p1a: Manaphy\n|\n|-sideend|p1: SirFresh|Reflect\n|upkeep\n|\n|t:|1654636212\n|switch|p1a: Gallade|Gallade, M|100\/100\n|turn|15\n|\n|t:|1654636217\n|detailschange|p1a: Gallade|Gallade-Mega, M\n|-mega|p1a: Gallade|Gallade|Galladite\n|move|p2a: Lopunny|Return|p1a: Gallade\n|-damage|p1a: Gallade|27\/100\n|move|p1a: Gallade|Drain Punch|p2a: Lopunny\n|-supereffective|p2a: Lopunny\n|-damage|p2a: Lopunny|0 fnt\n|-heal|p1a: Gallade|70\/100|[from] drain|[of] p2a: Lopunny\n|faint|p2a: Lopunny\n|\n|upkeep\n|\n|t:|1654636222\n|switch|p2a: Mamoswine|Mamoswine, F|100\/100\n|-damage|p2a: Mamoswine|88\/100|[from] Stealth Rock\n|turn|16\n|\n|t:|1654636228\n|move|p2a: Mamoswine|Ice Shard|p1a: Gallade\n|-damage|p1a: Gallade|26\/100\n|move|p1a: Gallade|Drain Punch|p2a: Mamoswine\n|-supereffective|p2a: Mamoswine\n|-crit|p2a: Mamoswine\n|-damage|p2a: Mamoswine|0 fnt\n|-heal|p1a: Gallade|84\/100|[from] drain|[of] p2a: Mamoswine\n|faint|p2a: Mamoswine\n|\n|win|SirFresh\n|c|\u2606SirFresh|Gg\n|c|\u2606Nemweta|gg\n","uploadtime":1654636240,"views":7,"p1id":"sirfresh","p2id":"nemweta","formatid":"gen8nationaldex","rating":0,"private":0,"password":null}