{"id":"gen8randombattle-1293747072","p1":"FacuMC4","p2":"uuuuiiii","format":"gen8randombattle","log":"|j|\u2606FacuMC4\n|j|\u2606uuuuiiii\n|t:|1614792948\n|player|p1|FacuMC4|lance|1847\n|player|p2|uuuuiiii|170|1841\n|teamsize|p1|6\n|teamsize|p2|6\n|gametype|singles\n|gen|8\n|tier|[Gen 8] Random Battle\n|rated|\n|rule|Species Clause: Limit one of each Pok\u00e9mon\n|rule|HP Percentage Mod: HP is shown in percentages\n|rule|Sleep Clause Mod: Limit one foe put to sleep\n|\n|t:|1614792948\n|start\n|switch|p1a: Weezing|Weezing, L86, M|252\/252\n|switch|p2a: Bewear|Bewear, L82, M|331\/331\n|turn|1\n|inactive|Battle timer is ON: inactive players will automatically lose when time's up. (requested by FacuMC4)\n|\n|t:|1614792967\n|move|p1a: Weezing|Will-O-Wisp|p2a: Bewear\n|-status|p2a: Bewear|brn\n|move|p2a: Bewear|Swords Dance|p2a: Bewear\n|-boost|p2a: Bewear|atk|2\n|\n|-damage|p2a: Bewear|311\/331 brn|[from] brn\n|upkeep\n|turn|2\n|\n|t:|1614792976\n|move|p1a: Weezing|Sludge Bomb|p2a: Bewear\n|-damage|p2a: Bewear|193\/331 brn\n|move|p2a: Bewear|Double-Edge|p1a: Weezing\n|-damage|p1a: Weezing|112\/252\n|-damage|p2a: Bewear|147\/331 brn|[from] Recoil\n|-damage|p2a: Bewear|114\/331 brn|[from] item: Life Orb\n|\n|-heal|p1a: Weezing|127\/252|[from] item: Black Sludge\n|-damage|p2a: Bewear|94\/331 brn|[from] brn\n|upkeep\n|turn|3\n|\n|t:|1614792986\n|move|p1a: Weezing|Sludge Bomb|p2a: Bewear\n|-damage|p2a: Bewear|0 fnt\n|faint|p2a: Bewear\n|\n|-heal|p1a: Weezing|142\/252|[from] item: Black Sludge\n|upkeep\n|\n|t:|1614792994\n|switch|p2a: Dracozolt|Dracozolt, L80|275\/275\n|turn|4\n|\n|t:|1614793001\n|move|p2a: Dracozolt|Bolt Beak|p1a: Weezing\n|-damage|p1a: Weezing|0 fnt\n|faint|p1a: Weezing\n|\n|upkeep\n|\n|t:|1614793013\n|switch|p1a: Flygon|Flygon, L80, F|259\/259\n|turn|5\n|\n|t:|1614793029\n|-start|p2a: Dracozolt|Dynamax\n|-heal|p2a: Dracozolt|550\/550|[silent]\n|move|p1a: Flygon|Earthquake|p2a: Dracozolt\n|-supereffective|p2a: Dracozolt\n|-damage|p2a: Dracozolt|344\/550\n|move|p2a: Dracozolt|Max Wyrmwind|p1a: Flygon\n|-supereffective|p1a: Flygon\n|-damage|p1a: Flygon|0 fnt\n|faint|p1a: Flygon\n|\n|upkeep\n|\n|t:|1614793046\n|switch|p1a: Gurdurr|Gurdurr, L82, M|274\/274\n|turn|6\n|\n|t:|1614793060\n|move|p2a: Dracozolt|Max Airstream|p1a: Gurdurr\n|-supereffective|p1a: Gurdurr\n|-damage|p1a: Gurdurr|108\/274\n|-boost|p2a: Dracozolt|spe|1\n|move|p1a: Gurdurr|Knock Off|p2a: Dracozolt\n|-damage|p2a: Dracozolt|271\/550\n|-enditem|p2a: Dracozolt|Choice Band|[from] move: Knock Off|[of] p1a: Gurdurr\n|\n|upkeep\n|turn|7\n|\n|t:|1614793084\n|switch|p1a: Raichu|Raichu, L86, F|243\/243\n|move|p2a: Dracozolt|Max Lightning|p1a: Raichu\n|-ability|p1a: Raichu|Lightning Rod|boost\n|-boost|p1a: Raichu|spa|1\n|\n|-end|p2a: Dracozolt|Dynamax\n|-heal|p2a: Dracozolt|136\/275|[silent]\n|upkeep\n|turn|8\n|\n|t:|1614793098\n|move|p2a: Dracozolt|Earthquake|p1a: Raichu\n|-supereffective|p1a: Raichu\n|-damage|p1a: Raichu|0 fnt\n|faint|p1a: Raichu\n|\n|upkeep\n|\n|t:|1614793102\n|switch|p1a: Gurdurr|Gurdurr, L82, M|108\/274\n|turn|9\n|\n|t:|1614793108\n|move|p2a: Dracozolt|Aerial Ace|p1a: Gurdurr\n|-supereffective|p1a: Gurdurr\n|-damage|p1a: Gurdurr|16\/274\n|move|p1a: Gurdurr|Drain Punch|p2a: Dracozolt\n|-damage|p2a: Dracozolt|54\/275\n|-heal|p1a: Gurdurr|57\/274|[from] drain|[of] p2a: Dracozolt\n|\n|upkeep\n|turn|10\n|\n|t:|1614793114\n|move|p1a: Gurdurr|Mach Punch|p2a: Dracozolt\n|-damage|p2a: Dracozolt|11\/275\n|move|p2a: Dracozolt|Aerial Ace|p1a: Gurdurr\n|-supereffective|p1a: Gurdurr\n|-damage|p1a: Gurdurr|0 fnt\n|faint|p1a: Gurdurr\n|\n|upkeep\n|\n|t:|1614793127\n|switch|p1a: Giratina|Giratina-Origin, L74|344\/344\n|turn|11\n|inactive|FacuMC4 has 120 seconds left.\n|\n|t:|1614793160\n|move|p2a: Dracozolt|Outrage|p1a: Giratina|[miss]\n|-miss|p2a: Dracozolt|p1a: Giratina\n|move|p1a: Giratina|Dual Wingbeat|p2a: Dracozolt\n|-resisted|p2a: Dracozolt\n|-damage|p2a: Dracozolt|0 fnt\n|-hitcount|p2a: Dracozolt|1\n|faint|p2a: Dracozolt\n|\n|upkeep\n|\n|t:|1614793168\n|switch|p2a: Ribombee|Ribombee, L82, F|233\/233\n|turn|12\n|\n|t:|1614793173\n|move|p2a: Ribombee|Moonblast|p1a: Giratina\n|-supereffective|p1a: Giratina\n|-damage|p1a: Giratina|144\/344\n|move|p1a: Giratina|Hone Claws|p1a: Giratina\n|-boost|p1a: Giratina|atk|1\n|-boost|p1a: Giratina|accuracy|1\n|\n|upkeep\n|turn|13\n|\n|t:|1614793179\n|-start|p1a: Giratina|Dynamax\n|-heal|p1a: Giratina|288\/688|[silent]\n|move|p2a: Ribombee|Moonblast|p1a: Giratina\n|-supereffective|p1a: Giratina\n|-damage|p1a: Giratina|100\/688\n|move|p1a: Giratina|Max Airstream|p2a: Ribombee\n|-supereffective|p2a: Ribombee\n|-damage|p2a: Ribombee|0 fnt\n|-boost|p1a: Giratina|spe|1\n|faint|p2a: Ribombee\n|\n|upkeep\n|\n|t:|1614793186\n|switch|p2a: Rapidash|Rapidash-Galar, L82, M|241\/241\n|turn|14\n|\n|t:|1614793194\n|move|p1a: Giratina|Max Phantasm|p2a: Rapidash\n|-supereffective|p2a: Rapidash\n|-damage|p2a: Rapidash|0 fnt\n|faint|p2a: Rapidash\n|\n|upkeep\n|\n|t:|1614793202\n|switch|p2a: Tsareena|Tsareena, L84, F|258\/258\n|turn|15\n|\n|t:|1614793206\n|move|p1a: Giratina|Max Airstream|p2a: Tsareena\n|-supereffective|p2a: Tsareena\n|-damage|p2a: Tsareena|36\/258\n|-boost|p1a: Giratina|spe|1\n|move|p2a: Tsareena|Power Whip|p1a: Giratina\n|-resisted|p1a: Giratina\n|-damage|p1a: Giratina|28\/688\n|\n|-end|p1a: Giratina|Dynamax\n|-heal|p1a: Giratina|14\/344|[silent]\n|upkeep\n|turn|16\n|\n|t:|1614793213\n|move|p1a: Giratina|Outrage|p2a: Tsareena\n|-damage|p2a: Tsareena|0 fnt\n|faint|p2a: Tsareena\n|\n|upkeep\n|-message|uuuuiiii forfeited.\n|\n|win|FacuMC4\n|l|\u2606uuuuiiii\n","inputlog":">version 82e81f9b3956593fd714aca2764e44a1b154efdc\n>start {\"formatid\":\"gen8randombattle\",\"seed\":[59820,61495,46714,6157],\"rated\":\"Rated battle\"}\n>player p1 {\"name\":\"FacuMC4\",\"avatar\":\"lance\",\"team\":\"\",\"rating\":1847,\"seed\":[63805,8962,20255,38836]}\n>player p2 {\"name\":\"uuuuiiii\",\"avatar\":\"170\",\"team\":\"\",\"rating\":1841,\"seed\":[54711,49344,7991,1297]}\n>p1 move willowisp\n>p2 move swordsdance\n>p1 move sludgebomb\n>p2 move doubleedge\n>p1 move sludgebomb\n>p2 move doubleedge\n>p2 switch 5\n>p1 move willowisp\n>p2 move boltbeak\n>p1 switch 4\n>p1 move earthquake\n>p2 move outrage dynamax\n>p1 switch 2\n>p1 move knockoff\n>p2 move aerialace dynamax\n>p1 switch 3\n>p2 move boltbeak dynamax\n>p1 move focusblast\n>p2 move earthquake\n>p1 switch 3\n>p1 move drainpunch\n>p2 move aerialace\n>p1 move machpunch\n>p2 move aerialace\n>p1 switch 5\n>p1 move dualwingbeat\n>p2 move outrage\n>p2 switch 4\n>p1 move honeclaws\n>p2 move moonblast\n>p1 move dualwingbeat dynamax\n>p2 move moonblast\n>p2 switch 3\n>p1 move poltergeist dynamax\n>p2 move playrough\n>p2 switch 2\n>p1 move dualwingbeat dynamax\n>p2 move powerwhip\n>p1 move outrage\n>p2 move powerwhip","uploadtime":1614793228,"views":8,"p1id":"facumc4","p2id":"uuuuiiii","formatid":"gen8randombattle","rating":0,"private":0,"password":null}