{"id":"gen8nationaldex-1435049476","p1":"mongwong","p2":"Frankpherus","format":"gen8nationaldex","log":"|j|\u2606mongwong\n|j|\u2606Frankpherus\n|t:|1634187692\n|gametype|singles\n|player|p1|mongwong|silver|1612\n|player|p2|Frankpherus|170|1666\n|teamsize|p1|6\n|teamsize|p2|6\n|gen|8\n|tier|[Gen 8] National Dex\n|rated|\n|rule|HP Percentage Mod: HP is shown in percentages\n|rule|Endless Battle Clause: Forcing endless battles is banned\n|rule|OHKO Clause: OHKO moves are banned\n|rule|Evasion Moves Clause: Evasion moves are banned\n|rule|Species Clause: Limit one of each Pok\u00e9mon\n|rule|Dynamax Clause: You cannot dynamax\n|rule|Sleep Clause Mod: Limit one foe put to sleep\n|clearpoke\n|poke|p1|Pelipper, M|\n|poke|p1|Swampert, F|\n|poke|p1|Kingdra, F|\n|poke|p1|Barraskewda, M|\n|poke|p1|Magnezone|\n|poke|p1|Ferrothorn, M|\n|poke|p2|Tapu Koko|\n|poke|p2|Dracozolt|\n|poke|p2|Landorus-Therian, M|\n|poke|p2|Tyranitar, F|\n|poke|p2|Heatran, F|\n|poke|p2|Buzzwole|\n|teampreview\n|\n|t:|1634187721\n|start\n|switch|p1a: Pelipper|Pelipper, M|100\/100\n|switch|p2a: Buzzwole|Buzzwole|100\/100\n|-weather|RainDance|[from] ability: Drizzle|[of] p1a: Pelipper\n|turn|1\n|\n|t:|1634187734\n|switch|p2a: Tyranitar|Tyranitar, F|100\/100\n|-weather|Sandstorm|[from] ability: Sand Stream|[of] p2a: Tyranitar\n|move|p1a: Pelipper|U-turn|p2a: Tyranitar\n|-supereffective|p2a: Tyranitar\n|-crit|p2a: Tyranitar\n|-damage|p2a: Tyranitar|78\/100\n|\n|t:|1634187737\n|switch|p1a: Swampert|Swampert, F|100\/100|[from]move: U-turn\n|\n|-weather|Sandstorm|[upkeep]\n|upkeep\n|turn|2\n|\n|t:|1634187740\n|switch|p2a: Buzzwole|Buzzwole|100\/100\n|detailschange|p1a: Swampert|Swampert-Mega, F\n|-mega|p1a: Swampert|Swampert|Swampertite\n|move|p1a: Swampert|Flip Turn|p2a: Buzzwole\n|-damage|p2a: Buzzwole|83\/100\n|-damage|p1a: Swampert|84\/100|[from] item: Rocky Helmet|[of] p2a: Buzzwole\n|\n|t:|1634187743\n|switch|p1a: Pelipper|Pelipper, M|100\/100|[from]move: Flip Turn\n|-weather|RainDance|[from] ability: Drizzle|[of] p1a: Pelipper\n|\n|-weather|RainDance|[upkeep]\n|upkeep\n|turn|3\n|\n|t:|1634187750\n|switch|p2a: Tyranitar|Tyranitar, F|78\/100\n|-weather|Sandstorm|[from] ability: Sand Stream|[of] p2a: Tyranitar\n|move|p1a: Pelipper|U-turn|p2a: Tyranitar\n|-supereffective|p2a: Tyranitar\n|-crit|p2a: Tyranitar\n|-damage|p2a: Tyranitar|58\/100\n|\n|t:|1634187753\n|switch|p1a: Swampert|Swampert-Mega, F|84\/100|[from]move: U-turn\n|\n|-weather|Sandstorm|[upkeep]\n|upkeep\n|turn|4\n|c|\u2606Frankpherus|wtf\n|\n|t:|1634187759\n|switch|p2a: Buzzwole|Buzzwole|83\/100\n|move|p1a: Swampert|Flip Turn|p2a: Buzzwole\n|-damage|p2a: Buzzwole|62\/100\n|-damage|p1a: Swampert|68\/100|[from] item: Rocky Helmet|[of] p2a: Buzzwole\n|\n|t:|1634187762\n|switch|p1a: Pelipper|Pelipper, M|100\/100|[from]move: Flip Turn\n|-weather|RainDance|[from] ability: Drizzle|[of] p1a: Pelipper\n|\n|-weather|RainDance|[upkeep]\n|upkeep\n|turn|5\n|\n|t:|1634187766\n|switch|p2a: Landorus|Landorus-Therian, M|100\/100\n|-ability|p2a: Landorus|Intimidate|boost\n|-unboost|p1a: Pelipper|atk|1\n|move|p1a: Pelipper|U-turn|p2a: Landorus\n|-resisted|p2a: Landorus\n|-damage|p2a: Landorus|99\/100\n|\n|t:|1634187770\n|switch|p1a: Barraskewda|Barraskewda, M|100\/100|[from]move: U-turn\n|\n|-weather|RainDance|[upkeep]\n|-heal|p2a: Landorus|100\/100|[from] item: Leftovers\n|upkeep\n|turn|6\n|\n|t:|1634187777\n|switch|p2a: Buzzwole|Buzzwole|62\/100\n|move|p1a: Barraskewda|Flip Turn|p2a: Buzzwole\n|-crit|p2a: Buzzwole\n|-damage|p2a: Buzzwole|11\/100\n|-damage|p1a: Barraskewda|84\/100|[from] item: Rocky Helmet|[of] p2a: Buzzwole\n|\n|t:|1634187779\n|switch|p1a: Swampert|Swampert-Mega, F|68\/100|[from]move: Flip Turn\n|\n|-weather|RainDance|[upkeep]\n|upkeep\n|turn|7\n|\n|t:|1634187782\n|move|p1a: Swampert|Flip Turn|p2a: Buzzwole\n|-damage|p2a: Buzzwole|0 fnt\n|-damage|p1a: Swampert|51\/100|[from] item: Rocky Helmet|[of] p2a: Buzzwole\n|faint|p2a: Buzzwole\n|\n|t:|1634187786\n|switch|p1a: Barraskewda|Barraskewda, M|84\/100|[from]move: Flip Turn\n|\n|-weather|RainDance|[upkeep]\n|upkeep\n|\n|t:|1634187790\n|switch|p2a: Tyranitar|Tyranitar, F|58\/100\n|-weather|Sandstorm|[from] ability: Sand Stream|[of] p2a: Tyranitar\n|turn|8\n|\n|t:|1634187792\n|switch|p2a: Landorus|Landorus-Therian, M|100\/100\n|-ability|p2a: Landorus|Intimidate|boost\n|-unboost|p1a: Barraskewda|atk|1\n|move|p1a: Barraskewda|Flip Turn|p2a: Landorus\n|-supereffective|p2a: Landorus\n|-crit|p2a: Landorus\n|-damage|p2a: Landorus|0 fnt\n|faint|p2a: Landorus\n|-message|Frankpherus forfeited.\n|\n|win|mongwong\n|raw|mongwong's rating: 1612 &rarr; <strong>1635<\/strong><br \/>(+23 for winning)\n|raw|Frankpherus's rating: 1666 &rarr; <strong>1643<\/strong><br \/>(-23 for losing)\n|l|\u2606Frankpherus\n","uploadtime":1634187805,"views":6,"p1id":"mongwong","p2id":"frankpherus","formatid":"gen8nationaldex","rating":1635,"private":0,"password":null}