{"id":"gen8nationaldex-1565613027","p1":"letsgetthisranch","p2":"cump3","format":"gen8nationaldex","log":"|j|\u2606letsgetthisranch\n|j|\u2606cump3\n|t:|1651448275\n|gametype|singles\n|player|p1|letsgetthisranch|kiawe|1547\n|player|p2|cump3|265|1589\n|teamsize|p1|6\n|teamsize|p2|6\n|gen|8\n|tier|[Gen 8] National Dex\n|rated|\n|rule|HP Percentage Mod: HP is shown in percentages\n|rule|Endless Battle Clause: Forcing endless battles is banned\n|rule|OHKO Clause: OHKO moves are banned\n|rule|Evasion Moves Clause: Evasion moves are banned\n|rule|Species Clause: Limit one of each Pok\u00e9mon\n|rule|Dynamax Clause: You cannot dynamax\n|rule|Sleep Clause Mod: Limit one foe put to sleep\n|clearpoke\n|poke|p1|Diancie|\n|poke|p1|Greninja, M|\n|poke|p1|Gliscor, F|\n|poke|p1|Latios, M|\n|poke|p1|Magnezone|\n|poke|p1|Bewear, M|\n|poke|p2|Sableye, M|\n|poke|p2|Chansey, F|\n|poke|p2|Toxapex, M|\n|poke|p2|Gastrodon-East, M|\n|poke|p2|Corviknight, F|\n|poke|p2|Clefable, F|\n|teampreview\n|\n|t:|1651448284\n|start\n|switch|p1a: Diancie|Diancie|100\/100\n|switch|p2a: Sableye|Sableye, M|100\/100\n|turn|1\n|\n|t:|1651448291\n|detailschange|p1a: Diancie|Diancie-Mega\n|-mega|p1a: Diancie|Diancie|Diancite\n|detailschange|p2a: Sableye|Sableye-Mega, M\n|-mega|p2a: Sableye|Sableye|Sablenite\n|move|p2a: Sableye|Protect|p2a: Sableye\n|-singleturn|p2a: Sableye|Protect\n|move|p1a: Diancie|Play Rough|p2a: Sableye\n|-activate|p2a: Sableye|move: Protect\n|\n|upkeep\n|turn|2\n|\n|t:|1651448300\n|switch|p1a: Magnezone|Magnezone|100\/100\n|switch|p2a: Toxapex|Toxapex, M, shiny|100\/100\n|\n|upkeep\n|turn|3\n|\n|t:|1651448308\n|switch|p2a: Gastrodon|Gastrodon-East, M|100\/100\n|move|p1a: Magnezone|Hidden Power|p2a: Gastrodon\n|-supereffective|p2a: Gastrodon\n|-damage|p2a: Gastrodon|0 fnt\n|faint|p2a: Gastrodon\n|\n|upkeep\n|c|\u2606cump3|!\n|\n|t:|1651448315\n|switch|p2a: Chansey|Chansey, F|100\/100\n|turn|4\n|\n|t:|1651448320\n|switch|p1a: Bewear|Bewear, M|100\/100\n|move|p2a: Chansey|Seismic Toss|p1a: Bewear\n|-damage|p1a: Bewear|74\/100\n|\n|upkeep\n|turn|5\n|\n|t:|1651448326\n|switch|p1a: Magnezone|Magnezone|100\/100\n|switch|p2a: Toxapex|Toxapex, M, shiny|100\/100\n|\n|upkeep\n|turn|6\n|\n|t:|1651448331\n|switch|p2a: Chansey|Chansey, F|100\/100\n|move|p1a: Magnezone|Volt Switch|p2a: Chansey\n|-damage|p2a: Chansey|76\/100\n|\n|t:|1651448337\n|switch|p1a: Gliscor|Gliscor, F|100\/100|[from]move: Volt Switch\n|\n|-status|p1a: Gliscor|tox|[from] item: Toxic Orb\n|upkeep\n|turn|7\n|\n|t:|1651448348\n|switch|p1a: Magnezone|Magnezone|100\/100\n|switch|p2a: Sableye|Sableye-Mega, M|100\/100\n|\n|upkeep\n|turn|8\n|\n|t:|1651448356\n|move|p2a: Sableye|Protect|p2a: Sableye\n|-singleturn|p2a: Sableye|Protect\n|move|p1a: Magnezone|Volt Switch|p2a: Sableye\n|-activate|p2a: Sableye|move: Protect\n|\n|upkeep\n|turn|9\n|\n|t:|1651448362\n|move|p1a: Magnezone|Volt Switch|p2a: Sableye\n|-damage|p2a: Sableye|50\/100\n|\n|t:|1651448366\n|switch|p1a: Diancie|Diancie-Mega|100\/100|[from]move: Volt Switch\n|move|p2a: Sableye|Recover|p2a: Sableye\n|-heal|p2a: Sableye|99\/100\n|\n|upkeep\n|turn|10\n|\n|t:|1651448374\n|switch|p2a: Toxapex|Toxapex, M, shiny|100\/100\n|move|p1a: Diancie|Play Rough|p2a: Toxapex\n|-resisted|p2a: Toxapex\n|-damage|p2a: Toxapex|85\/100\n|-damage|p1a: Diancie|84\/100|[from] item: Rocky Helmet|[of] p2a: Toxapex\n|\n|upkeep\n|turn|11\n|\n|t:|1651448386\n|move|p1a: Diancie|Diamond Storm|p2a: Toxapex\n|-crit|p2a: Toxapex\n|-damage|p2a: Toxapex|33\/100\n|-boost|p1a: Diancie|def|2\n|move|p2a: Toxapex|Scald|p1a: Diancie\n|-supereffective|p1a: Diancie\n|-damage|p1a: Diancie|39\/100\n|\n|upkeep\n|turn|12\n|\n|t:|1651448394\n|move|p1a: Diancie|Stealth Rock|p2a: Toxapex\n|-sidestart|p2: cump3|move: Stealth Rock\n|move|p2a: Toxapex|Recover|p2a: Toxapex\n|-heal|p2a: Toxapex|83\/100\n|\n|upkeep\n|turn|13\n|\n|t:|1651448404\n|switch|p1a: Bewear|Bewear, M|74\/100\n|switch|p2a: Corviknight|Corviknight, F, shiny|100\/100\n|-damage|p2a: Corviknight|88\/100|[from] Stealth Rock\n|-ability|p2a: Corviknight|Pressure\n|\n|upkeep\n|turn|14\n|\n|t:|1651448412\n|switch|p1a: Magnezone|Magnezone|100\/100\n|move|p2a: Corviknight|Defog|p1a: Magnezone\n|-unboost|p1a: Magnezone|evasion|1\n|-sideend|p2: cump3|Stealth Rock|[from] move: Defog|[of] p2a: Corviknight\n|\n|upkeep\n|turn|15\n|\n|t:|1651448418\n|switch|p2a: Chansey|Chansey, F|76\/100\n|move|p1a: Magnezone|Thunderbolt|p2a: Chansey\n|-damage|p2a: Chansey|46\/100\n|\n|upkeep\n|turn|16\n|\n|t:|1651448430\n|move|p1a: Magnezone|Thunderbolt|p2a: Chansey\n|-damage|p2a: Chansey|21\/100\n|move|p2a: Chansey|Soft-Boiled|p2a: Chansey\n|-heal|p2a: Chansey|71\/100\n|\n|upkeep\n|turn|17\n|\n|t:|1651448436\n|switch|p1a: Gliscor|Gliscor, F|100\/100 tox\n|move|p2a: Chansey|Soft-Boiled|p2a: Chansey\n|-heal|p2a: Chansey|100\/100\n|\n|upkeep\n|turn|18\n|\n|t:|1651448441\n|switch|p2a: Sableye|Sableye-Mega, M|99\/100\n|move|p1a: Gliscor|Earthquake|p2a: Sableye\n|-damage|p2a: Sableye|73\/100\n|\n|upkeep\n|turn|19\n|\n|t:|1651448447\n|move|p1a: Gliscor|Fling|p2a: Sableye\n|-damage|p2a: Sableye|67\/100\n|-status|p2a: Sableye|tox\n|-enditem|p1a: Gliscor|Toxic Orb|[from] move: Fling\n|move|p2a: Sableye|Recover|p2a: Sableye\n|-heal|p2a: Sableye|100\/100 tox\n|\n|-damage|p2a: Sableye|95\/100 tox|[from] psn\n|upkeep\n|turn|20\n|\n|t:|1651448455\n|switch|p2a: Clefable|Clefable, F|100\/100\n|move|p1a: Gliscor|Earthquake|p2a: Clefable\n|-damage|p2a: Clefable|75\/100\n|\n|-heal|p2a: Clefable|81\/100|[from] item: Leftovers\n|upkeep\n|turn|21\n|\n|t:|1651448468\n|switch|p1a: Magnezone|Magnezone|100\/100\n|move|p2a: Clefable|Moonblast|p1a: Magnezone\n|-resisted|p1a: Magnezone\n|-damage|p1a: Magnezone|85\/100\n|\n|-heal|p2a: Clefable|88\/100|[from] item: Leftovers\n|upkeep\n|turn|22\n|\n|t:|1651448475\n|switch|p2a: Chansey|Chansey, F|100\/100\n|move|p1a: Magnezone|Volt Switch|p2a: Chansey\n|-damage|p2a: Chansey|75\/100\n|\n|t:|1651448482\n|switch|p1a: Diancie|Diancie-Mega|39\/100|[from]move: Volt Switch\n|\n|upkeep\n|turn|23\n|\n|t:|1651448486\n|switch|p2a: Toxapex|Toxapex, M, shiny|100\/100\n|move|p1a: Diancie|Diamond Storm|p2a: Toxapex\n|-damage|p2a: Toxapex|66\/100\n|-boost|p1a: Diancie|def|2\n|\n|upkeep\n|turn|24\n|\n|t:|1651448494\n|switch|p1a: Bewear|Bewear, M|74\/100\n|move|p2a: Toxapex|Scald|p1a: Bewear\n|-damage|p1a: Bewear|63\/100\n|\n|upkeep\n|turn|25\n|\n|t:|1651448501\n|switch|p1a: Magnezone|Magnezone|85\/100\n|switch|p2a: Corviknight|Corviknight, F, shiny|88\/100\n|-ability|p2a: Corviknight|Pressure\n|\n|upkeep\n|turn|26\n|\n|t:|1651448508\n|switch|p2a: Chansey|Chansey, F|75\/100\n|move|p1a: Magnezone|Volt Switch|p2a: Chansey\n|-damage|p2a: Chansey|51\/100\n|\n|t:|1651448518\n|switch|p1a: Bewear|Bewear, M|63\/100|[from]move: Volt Switch\n|\n|upkeep\n|turn|27\n|\n|t:|1651448522\n|switch|p2a: Corviknight|Corviknight, F, shiny|88\/100\n|-ability|p2a: Corviknight|Pressure\n|move|p1a: Bewear|Close Combat|p2a: Corviknight\n|-damage|p2a: Corviknight|51\/100\n|-unboost|p1a: Bewear|def|1\n|-unboost|p1a: Bewear|spd|1\n|\n|upkeep\n|turn|28\n|\n|t:|1651448530\n|switch|p1a: Magnezone|Magnezone|85\/100\n|move|p2a: Corviknight|U-turn|p1a: Magnezone\n|-resisted|p1a: Magnezone\n|-damage|p1a: Magnezone|79\/100\n|\n|t:|1651448532\n|switch|p2a: Chansey|Chansey, F|51\/100|[from]move: U-turn\n|\n|upkeep\n|turn|29\n|\n|t:|1651448538\n|move|p1a: Magnezone|Volt Switch|p2a: Chansey\n|-damage|p2a: Chansey|32\/100\n|\n|t:|1651448541\n|switch|p1a: Greninja|Greninja, M|100\/100|[from]move: Volt Switch\n|move|p2a: Chansey|Soft-Boiled|p2a: Chansey\n|-heal|p2a: Chansey|82\/100\n|\n|upkeep\n|turn|30\n|\n|t:|1651448549\n|move|p1a: Greninja|Work Up|p1a: Greninja\n|-boost|p1a: Greninja|atk|1\n|-boost|p1a: Greninja|spa|1\n|move|p2a: Chansey|Seismic Toss|p1a: Greninja\n|-damage|p1a: Greninja|65\/100\n|\n|upkeep\n|turn|31\n|\n|t:|1651448555\n|switch|p2a: Clefable|Clefable, F|88\/100\n|move|p1a: Greninja|Spikes|p2a: Clefable\n|-sidestart|p2: cump3|Spikes\n|\n|-heal|p2a: Clefable|94\/100|[from] item: Leftovers\n|upkeep\n|turn|32\n|\n|t:|1651448563\n|switch|p1a: Magnezone|Magnezone|79\/100\n|move|p2a: Clefable|Moonblast|p1a: Magnezone\n|-resisted|p1a: Magnezone\n|-damage|p1a: Magnezone|61\/100\n|\n|-heal|p2a: Clefable|99\/100|[from] item: Leftovers\n|upkeep\n|turn|33\n|\n|t:|1651448571\n|switch|p2a: Chansey|Chansey, F|82\/100\n|-damage|p2a: Chansey|69\/100|[from] Spikes\n|move|p1a: Magnezone|Volt Switch|p2a: Chansey\n|-damage|p2a: Chansey|43\/100\n|\n|t:|1651448578\n|switch|p1a: Bewear|Bewear, M|63\/100|[from]move: Volt Switch\n|\n|upkeep\n|turn|34\n|\n|t:|1651448583\n|switch|p1a: Magnezone|Magnezone|61\/100\n|switch|p2a: Toxapex|Toxapex, M, shiny|99\/100\n|-damage|p2a: Toxapex|86\/100|[from] Spikes\n|\n|upkeep\n|turn|35\n|\n|t:|1651448590\n|switch|p2a: Chansey|Chansey, F|43\/100\n|-damage|p2a: Chansey|31\/100|[from] Spikes\n|move|p1a: Magnezone|Thunderbolt|p2a: Chansey\n|-damage|p2a: Chansey|1\/100\n|\n|upkeep\n|turn|36\n|-message|cump3 forfeited.\n|\n|win|letsgetthisranch\n|raw|letsgetthisranch's rating: 1547 &rarr; <strong>1569<\/strong><br \/>(+22 for winning)\n|raw|cump3's rating: 1589 &rarr; <strong>1567<\/strong><br \/>(-22 for losing)\n|l|\u2606cump3\n||Ladder isn't responding, score probably updated but might not have (Request timeout).\n","uploadtime":1651448599,"views":23,"p1id":"letsgetthisranch","p2id":"cump3","formatid":"gen8nationaldex","rating":1567,"private":0,"password":null}