{"id":"gen8ou-1551916122","p1":"FuriousJulian","p2":"cucumber22","format":"gen8ou","log":"|j|\u2606FuriousJulian\n|j|\u2606cucumber22\n|t:|1649786424\n|gametype|singles\n|player|p1|FuriousJulian|burglar|1818\n|player|p2|cucumber22|dancer|1949\n|teamsize|p1|6\n|teamsize|p2|6\n|gen|8\n|tier|[Gen 8] OU\n|rated|\n|rule|Sleep Clause Mod: Limit one foe put to sleep\n|rule|Species Clause: Limit one of each Pok\u00e9mon\n|rule|OHKO Clause: OHKO moves are banned\n|rule|Evasion Moves Clause: Evasion moves are banned\n|rule|Endless Battle Clause: Forcing endless battles is banned\n|rule|HP Percentage Mod: HP is shown in percentages\n|rule|Dynamax Clause: You cannot dynamax\n|clearpoke\n|poke|p1|Rillaboom, M|\n|poke|p1|Heatran, M|\n|poke|p1|Dracozolt|\n|poke|p1|Clefable, F|\n|poke|p1|Hippowdon, M|\n|poke|p1|Mandibuzz, F|\n|poke|p2|Moltres-Galar|\n|poke|p2|Aegislash, F|\n|poke|p2|Buzzwole|\n|poke|p2|Latios, M|\n|poke|p2|Landorus-Therian, M|\n|poke|p2|Bisharp, F|\n|teampreview\n|\n|t:|1649786459\n|start\n|switch|p1a: Sasori's Hiruko|Heatran, M|100\/100\n|switch|p2a: Buzzwole|Buzzwole|100\/100\n|turn|1\n|inactive|Battle timer is ON: inactive players will automatically lose when time's up. (requested by FuriousJulian)\n|\n|t:|1649786464\n|move|p1a: Sasori's Hiruko|Eruption|p2a: Buzzwole\n|-supereffective|p2a: Buzzwole\n|-damage|p2a: Buzzwole|0 fnt\n|faint|p2a: Buzzwole\n|\n|upkeep\n|\n|t:|1649786467\n|switch|p2a: Landorus|Landorus-Therian, M|100\/100\n|-ability|p2a: Landorus|Intimidate|boost\n|-unboost|p1a: Sasori's Hiruko|atk|1\n|turn|2\n|\n|t:|1649786475\n|move|p1a: Sasori's Hiruko|Eruption|p2a: Landorus\n|-damage|p2a: Landorus|5\/100\n|move|p2a: Landorus|Earthquake|p1a: Sasori's Hiruko\n|-supereffective|p1a: Sasori's Hiruko\n|-damage|p1a: Sasori's Hiruko|0 fnt\n|faint|p1a: Sasori's Hiruko\n|\n|upkeep\n|j| beginer ou nerd\n|j| Marquesa-10%\n|\n|t:|1649786488\n|switch|p1a: Granny Chiyo|Mandibuzz, F|100\/100\n|turn|3\n|\n|t:|1649786494\n|move|p2a: Landorus|Explosion|p1a: Granny Chiyo\n|-damage|p1a: Granny Chiyo|48\/100\n|faint|p2a: Landorus\n|move|p1a: Granny Chiyo|Foul Play|p2: Landorus|[notarget]\n|-fail|p1a: Granny Chiyo\n|\n|upkeep\n|\n|t:|1649786497\n|switch|p2a: Latios|Latios, M|100\/100\n|turn|4\n|\n|t:|1649786504\n|move|p2a: Latios|Draco Meteor|p1a: Granny Chiyo|[miss]\n|-miss|p2a: Latios|p1a: Granny Chiyo\n|move|p1a: Granny Chiyo|Foul Play|p2a: Latios\n|-supereffective|p2a: Latios\n|-damage|p2a: Latios|38\/100\n|\n|upkeep\n|turn|5\n|\n|t:|1649786512\n|switch|p1a: Temari|Clefable, F|100\/100\n|move|p2a: Latios|Psychic|p1a: Temari\n|-crit|p1a: Temari\n|-damage|p1a: Temari|15\/100\n|\n|-heal|p1a: Temari|21\/100|[from] item: Leftovers\n|upkeep\n|turn|6\n|j| DA COME UP \u265b\n|\n|t:|1649786522\n|move|p2a: Latios|Psychic|p1a: Temari\n|-damage|p1a: Temari|0 fnt\n|faint|p1a: Temari\n|\n|upkeep\n|\n|t:|1649786526\n|switch|p1a: Gaara|Hippowdon, M, shiny|100\/100\n|-weather|Sandstorm|[from] ability: Sand Stream|[of] p1a: Gaara\n|turn|7\n|\n|t:|1649786554\n|switch|p1a: Kazekagape|Rillaboom, M, shiny|100\/100\n|-fieldstart|move: Grassy Terrain|[from] ability: Grassy Surge|[of] p1a: Kazekagape\n|move|p2a: Latios|Psychic|p1a: Kazekagape\n|-damage|p1a: Kazekagape|41\/100\n|\n|-weather|Sandstorm|[upkeep]\n|-damage|p2a: Latios|32\/100|[from] Sandstorm\n|-damage|p1a: Kazekagape|35\/100|[from] Sandstorm\n|-heal|p1a: Kazekagape|41\/100|[from] Grassy Terrain\n|upkeep\n|turn|8\n|\n|t:|1649786564\n|switch|p2a: Aegislash|Aegislash, F|100\/100\n|move|p1a: Kazekagape|Grassy Glide|p2a: Aegislash\n|-resisted|p2a: Aegislash\n|-damage|p2a: Aegislash|71\/100\n|\n|-weather|Sandstorm|[upkeep]\n|-damage|p1a: Kazekagape|35\/100|[from] Sandstorm\n|-heal|p1a: Kazekagape|41\/100|[from] Grassy Terrain\n|-heal|p2a: Aegislash|77\/100|[from] Grassy Terrain\n|upkeep\n|turn|9\n|\n|t:|1649786574\n|switch|p1a: Granny Chiyo|Mandibuzz, F|48\/100\n|switch|p2a: Latios|Latios, M|32\/100\n|\n|-weather|Sandstorm|[upkeep]\n|-damage|p2a: Latios|26\/100|[from] Sandstorm\n|upkeep\n|turn|10\n|\n|t:|1649786582\n|move|p2a: Latios|Draco Meteor|p1a: Granny Chiyo\n|-damage|p1a: Granny Chiyo|0 fnt\n|-unboost|p2a: Latios|spa|2\n|faint|p1a: Granny Chiyo\n|\n|-weather|Sandstorm|[upkeep]\n|-damage|p2a: Latios|20\/100|[from] Sandstorm\n|upkeep\n|\n|t:|1649786589\n|switch|p1a: Shukaku|Dracozolt, shiny|100\/100\n|turn|11\n|\n|t:|1649786596\n|move|p1a: Shukaku|Bolt Beak|p2a: Latios\n|-resisted|p2a: Latios\n|-damage|p2a: Latios|0 fnt\n|faint|p2a: Latios\n|-damage|p1a: Shukaku|91\/100|[from] item: Life Orb\n|\n|-weather|Sandstorm|[upkeep]\n|-heal|p1a: Shukaku|97\/100|[from] Grassy Terrain\n|-fieldend|move: Grassy Terrain\n|upkeep\n|\n|t:|1649786604\n|switch|p2a: Bisharp|Bisharp, F|100\/100\n|turn|12\n|\n|t:|1649786613\n|move|p2a: Bisharp|Sucker Punch|p1a: Shukaku\n|-damage|p1a: Shukaku|52\/100\n|move|p1a: Shukaku|High Horsepower|p2a: Bisharp\n|-supereffective|p2a: Bisharp\n|-damage|p2a: Bisharp|12\/100\n|-damage|p1a: Shukaku|42\/100|[from] item: Life Orb\n|\n|-weather|Sandstorm|[upkeep]\n|upkeep\n|turn|13\n|\n|t:|1649786626\n|move|p1a: Shukaku|High Horsepower|p2a: Bisharp\n|-supereffective|p2a: Bisharp\n|-damage|p2a: Bisharp|0 fnt\n|faint|p2a: Bisharp\n|-damage|p1a: Shukaku|32\/100|[from] item: Life Orb\n|\n|-weather|Sandstorm|[upkeep]\n|upkeep\n|\n|t:|1649786629\n|switch|p2a: Aegislash|Aegislash, F|77\/100\n|turn|14\n|\n|t:|1649786636\n|switch|p1a: Kazekagape|Rillaboom, M, shiny|41\/100\n|-fieldstart|move: Grassy Terrain|[from] ability: Grassy Surge|[of] p1a: Kazekagape\n|-formechange|p2a: Aegislash|Aegislash-Blade||[from] ability: Stance Change\n|move|p2a: Aegislash|Shadow Ball|p1a: Kazekagape\n|-damage|p1a: Kazekagape|0 fnt\n|faint|p1a: Kazekagape\n|\n|-weather|none\n|-heal|p2a: Aegislash|83\/100|[from] Grassy Terrain\n|upkeep\n|\n|t:|1649786647\n|switch|p1a: Gaara|Hippowdon, M, shiny|100\/100\n|-weather|Sandstorm|[from] ability: Sand Stream|[of] p1a: Gaara\n|turn|15\n|\n|t:|1649786653\n|-formechange|p2a: Aegislash|Aegislash||[from] ability: Stance Change\n|move|p2a: Aegislash|King's Shield|p2a: Aegislash\n|-singleturn|p2a: Aegislash|Protect\n|move|p1a: Gaara|High Horsepower|p2a: Aegislash\n|-activate|p2a: Aegislash|move: Protect\n|-unboost|p1a: Gaara|atk|1\n|\n|-weather|Sandstorm|[upkeep]\n|-heal|p2a: Aegislash|89\/100|[from] Grassy Terrain\n|upkeep\n|turn|16\n|\n|t:|1649786664\n|move|p2a: Aegislash|King's Shield|p2a: Aegislash\n|-singleturn|p2a: Aegislash|Protect\n|move|p1a: Gaara|Rock Slide|p2a: Aegislash\n|-activate|p2a: Aegislash|move: Protect\n|\n|-weather|Sandstorm|[upkeep]\n|-heal|p2a: Aegislash|96\/100|[from] Grassy Terrain\n|upkeep\n|turn|17\n|\n|t:|1649786671\n|move|p2a: Aegislash|King's Shield||[still]\n|-fail|p2a: Aegislash\n|move|p1a: Gaara|High Horsepower|p2a: Aegislash\n|-supereffective|p2a: Aegislash\n|-damage|p2a: Aegislash|59\/100\n|-enditem|p2a: Aegislash|Weakness Policy\n|-boost|p2a: Aegislash|atk|2|[from] item: Weakness Policy\n|-boost|p2a: Aegislash|spa|2|[from] item: Weakness Policy\n|\n|-weather|Sandstorm|[upkeep]\n|-heal|p2a: Aegislash|65\/100|[from] Grassy Terrain\n|upkeep\n|turn|18\n|l| DA COME UP \u265b\n|\n|t:|1649786681\n|-formechange|p2a: Aegislash|Aegislash-Blade||[from] ability: Stance Change\n|move|p2a: Aegislash|Shadow Ball|p1a: Gaara\n|-damage|p1a: Gaara|33\/100\n|move|p1a: Gaara|Roar|p2a: Aegislash\n|drag|p2a: Moltres|Moltres-Galar|100\/100\n|\n|-weather|Sandstorm|[upkeep]\n|-damage|p2a: Moltres|94\/100|[from] Sandstorm\n|-heal|p1a: Gaara|39\/100|[from] Grassy Terrain\n|-fieldend|move: Grassy Terrain\n|upkeep\n|turn|19\n|\n|t:|1649786693\n|move|p2a: Moltres|Hurricane|p1a: Gaara|[miss]\n|-miss|p2a: Moltres|p1a: Gaara\n|move|p1a: Gaara|Slack Off|p1a: Gaara\n|-heal|p1a: Gaara|89\/100\n|\n|-weather|Sandstorm|[upkeep]\n|-damage|p2a: Moltres|88\/100|[from] Sandstorm\n|upkeep\n|turn|20\n|-message|cucumber22 forfeited.\n|\n|win|FuriousJulian\n|raw|FuriousJulian's rating: 1818 &rarr; <strong>1845<\/strong><br \/>(+27 for winning)\n|raw|cucumber22's rating: 1949 &rarr; <strong>1922<\/strong><br \/>(-27 for losing)\n|l|\u2606cucumber22\n||Ladder isn't responding, score probably updated but might not have (Request timeout).\n","uploadtime":1649786700,"views":61,"p1id":"furiousjulian","p2id":"cucumber22","formatid":"gen8ou","rating":1845,"private":0,"password":null}