{"id":"gen8anythinggoes-1466929951","p1":"ktsk","p2":"Anibunnysomoney","format":"gen8anythinggoes","log":"|j|\u2606ktsk\n|j|\u2606Anibunnysomoney\n|t:|1638687658\n|gametype|singles\n|player|p1|ktsk|ghetsis|\n|player|p2|Anibunnysomoney|102|\n|teamsize|p1|6\n|teamsize|p2|6\n|gen|8\n|tier|[Gen 8] Anything Goes\n|rule|HP Percentage Mod: HP is shown in percentages\n|rule|Endless Battle Clause: Forcing endless battles is banned\n|clearpoke\n|poke|p1|Hatterene, F|\n|poke|p1|Gastrodon, F|\n|poke|p1|Haxorus, F|\n|poke|p1|Toxapex, M|\n|poke|p1|Celebi|\n|poke|p1|Gigalith, M|\n|poke|p2|Klefki, F|\n|poke|p2|Duraludon, M|\n|poke|p2|Jirachi|\n|poke|p2|Heliolisk, F|\n|poke|p2|Urshifu-*, F|\n|poke|p2|Comfey, F|\n|teampreview\n|\n|t:|1638687752\n|start\n|switch|p1a: Gigalith|Gigalith, M|100\/100\n|switch|p2a: Comfey|Comfey, F|100\/100\n|-weather|Sandstorm|[from] ability: Sand Stream|[of] p1a: Gigalith\n|turn|1\n|inactive|Battle timer is ON: inactive players will automatically lose when time's up. (requested by ktsk)\n|\n|t:|1638687798\n|switch|p2a: Klefki|Klefki, F|100\/100\n|-item|p2a: Klefki|Air Balloon\n|move|p1a: Gigalith|Stealth Rock|p2a: Klefki\n|-sidestart|p2: Anibunnysomoney|move: Stealth Rock\n|\n|-weather|Sandstorm|[upkeep]\n|upkeep\n|turn|2\n|inactive|Anibunnysomoney has 270 seconds left.\n|inactive|Anibunnysomoney has 240 seconds left.\n|inactiveoff|Battle timer is now OFF.\n|\n|t:|1638687866\n|switch|p1a: Hatterene|Hatterene, F|100\/100\n|move|p2a: Klefki|Flash Cannon|p1a: Hatterene\n|-supereffective|p1a: Hatterene\n|-damage|p1a: Hatterene|28\/100\n|\n|-weather|Sandstorm|[upkeep]\n|-damage|p1a: Hatterene|22\/100|[from] Sandstorm\n|-heal|p1a: Hatterene|28\/100|[from] item: Leftovers\n|upkeep\n|turn|3\n|c|\u2606ktsk|my fault had timer on\n|c|\u2606ktsk|oh shittt\n|c|\u2606ktsk|nice\n|c|\u2606ktsk|oh shit\n|c|\u2606ktsk|O SHIT\n|\n|t:|1638687881\n|switch|p1a: Gastrodon|Gastrodon, F|100\/100\n|move|p2a: Klefki|Flash Cannon|p1a: Gastrodon\n|-resisted|p1a: Gastrodon\n|-damage|p1a: Gastrodon|84\/100\n|\n|-weather|Sandstorm|[upkeep]\n|upkeep\n|turn|4\n|c|\u2606ktsk|VIOLENCE\n|\n|t:|1638687895\n|move|p2a: Klefki|Defog|p1a: Gastrodon\n|-unboost|p1a: Gastrodon|evasion|1\n|-sideend|p2: Anibunnysomoney|Stealth Rock|[from] move: Defog|[of] p2a: Klefki\n|move|p1a: Gastrodon|Scald|p2a: Klefki\n|-damage|p2a: Klefki|66\/100\n|-enditem|p2a: Klefki|Air Balloon\n|\n|-weather|Sandstorm|[upkeep]\n|upkeep\n|turn|5\n|\n|t:|1638687975\n|switch|p2a: Comfey|Comfey, F|100\/100\n|move|p1a: Gastrodon|Earth Power|p2a: Comfey\n|-damage|p2a: Comfey|61\/100\n|-unboost|p2a: Comfey|spd|1\n|\n|-weather|none\n|upkeep\n|turn|6\n|\n|t:|1638688020\n|switch|p1a: Toxapex|Toxapex, M|100\/100\n|move|p2a: Comfey|Calm Mind|p2a: Comfey\n|-boost|p2a: Comfey|spa|1\n|-boost|p2a: Comfey|spd|1\n|\n|upkeep\n|turn|7\n|\n|t:|1638688039\n|move|p2a: Comfey|Calm Mind|p2a: Comfey\n|-boost|p2a: Comfey|spa|1\n|-boost|p2a: Comfey|spd|1\n|move|p1a: Toxapex|Scald|p2a: Comfey\n|-damage|p2a: Comfey|46\/100\n|\n|upkeep\n|turn|8\n|\n|t:|1638688046\n|move|p2a: Comfey|Calm Mind|p2a: Comfey\n|-boost|p2a: Comfey|spa|1\n|-boost|p2a: Comfey|spd|1\n|move|p1a: Toxapex|Haze|p1a: Toxapex\n|-clearallboost\n|\n|upkeep\n|turn|9\n|\n|t:|1638688053\n|move|p2a: Comfey|Calm Mind|p2a: Comfey\n|-boost|p2a: Comfey|spa|1\n|-boost|p2a: Comfey|spd|1\n|move|p1a: Toxapex|Scald|p2a: Comfey\n|-damage|p2a: Comfey|32\/100\n|\n|upkeep\n|turn|10\n|\n|t:|1638688060\n|move|p2a: Comfey|Stored Power|p1a: Toxapex\n|-supereffective|p1a: Toxapex\n|-damage|p1a: Toxapex|65\/100\n|move|p1a: Toxapex|Haze|p1a: Toxapex\n|-clearallboost\n|\n|upkeep\n|turn|11\n|\n|t:|1638688113\n|move|p2a: Comfey|Calm Mind|p2a: Comfey\n|-boost|p2a: Comfey|spa|1\n|-boost|p2a: Comfey|spd|1\n|move|p1a: Toxapex|Scald|p2a: Comfey\n|-damage|p2a: Comfey|16\/100\n|\n|upkeep\n|turn|12\n|\n|t:|1638688122\n|switch|p2a: Heliolisk|Heliolisk, F|100\/100\n|move|p1a: Toxapex|Recover|p1a: Toxapex\n|-heal|p1a: Toxapex|100\/100\n|\n|upkeep\n|turn|13\n|\n|t:|1638688141\n|switch|p1a: Gigalith|Gigalith, M|100\/100\n|-weather|Sandstorm|[from] ability: Sand Stream|[of] p1a: Gigalith\n|move|p2a: Heliolisk|Grass Knot|p1a: Gigalith\n|-supereffective|p1a: Gigalith\n|-damage|p1a: Gigalith|4\/100\n|\n|-weather|Sandstorm|[upkeep]\n|-damage|p2a: Heliolisk|94\/100|[from] Sandstorm\n|-heal|p1a: Gigalith|10\/100|[from] item: Leftovers\n|upkeep\n|turn|14\n|\n|t:|1638688286\n|switch|p2a: Duraludon|Duraludon, M|100\/100\n|switch|p1a: Haxorus|Haxorus, F|100\/100\n|-ability|p1a: Haxorus|Mold Breaker\n|\n|-weather|Sandstorm|[upkeep]\n|-damage|p1a: Haxorus|94\/100|[from] Sandstorm\n|upkeep\n|turn|15\n|\n|t:|1638688324\n|switch|p1a: Gigalith|Gigalith, M|10\/100\n|move|p2a: Duraludon|Dragon Pulse|p1a: Gigalith\n|-damage|p1a: Gigalith|0 fnt\n|faint|p1a: Gigalith\n|\n|-weather|Sandstorm|[upkeep]\n|upkeep\n|\n|t:|1638688339\n|switch|p1a: Gastrodon|Gastrodon, F|84\/100\n|turn|16\n|\n|t:|1638688458\n|switch|p2a: Klefki|Klefki, F|66\/100\n|move|p1a: Gastrodon|Earth Power|p2a: Klefki\n|-supereffective|p2a: Klefki\n|-damage|p2a: Klefki|0 fnt\n|faint|p2a: Klefki\n|\n|-weather|Sandstorm|[upkeep]\n|upkeep\n|c|\u2606ktsk|damn when did gastrodon know earth power\n|c|\u2606ktsk|*CLOSE COMBAT\n|\n|t:|1638688477\n|switch|p2a: Heliolisk|Heliolisk, F|94\/100\n|turn|17\n|\n|t:|1638688495\n|move|p2a: Heliolisk|Volt Switch|p1a: Gastrodon\n|-immune|p1a: Gastrodon\n|move|p1a: Gastrodon|Earth Power|p2a: Heliolisk\n|-supereffective|p2a: Heliolisk\n|-damage|p2a: Heliolisk|13\/100\n|\n|-weather|none\n|upkeep\n|turn|18\n|c|\u2606Anibunnysomoney|Ahh good read\n|c|\u2606ktsk|had to cuz i think i just lose straight up if i dont\n|\n|t:|1638688547\n|switch|p2a: Comfey|Comfey, F|16\/100\n|move|p1a: Gastrodon|Earth Power|p2a: Comfey\n|-damage|p2a: Comfey|0 fnt\n|faint|p2a: Comfey\n|\n|upkeep\n|c|\u2606ktsk|\/\/weakness Anibunnysomoney\n|c|\u2606ktsk|TURN ON TIMER EREN WENT TO GET WATER\n|\n|t:|1638688639\n|switch|p2a: Urshifu|Urshifu, F|100\/100\n|turn|19\n|c|\u2606Anibunnysomoney|Lmao\n|c|\u2606ktsk|CLOSE COMBAT\n|\n|t:|1638688751\n|-start|p2a: Urshifu|Dynamax\n|-formechange|p2a: Urshifu|Urshifu-Gmax\n|-heal|p2a: Urshifu|100\/100|[silent]\n|move|p2a: Urshifu|Max Knuckle|p1a: Gastrodon\n|-damage|p1a: Gastrodon|33\/100\n|-boost|p2a: Urshifu|atk|1\n|-damage|p2a: Urshifu|96\/100|[from] item: Life Orb\n|move|p1a: Gastrodon|Counter|p2a: Urshifu\n|-damage|p2a: Urshifu|31\/100\n|\n|upkeep\n|turn|20\n|\n|t:|1638688833\n|move|p2a: Urshifu|Max Knuckle|p1a: Gastrodon\n|-damage|p1a: Gastrodon|0 fnt\n|-boost|p2a: Urshifu|atk|1\n|faint|p1a: Gastrodon\n|-damage|p2a: Urshifu|26\/100|[from] item: Life Orb\n|\n|upkeep\n|\n|t:|1638688945\n|switch|p1a: Haxorus|Haxorus, F|94\/100\n|-ability|p1a: Haxorus|Mold Breaker\n|turn|21\n|\n|t:|1638688961\n|move|p2a: Urshifu|Max Guard|p2a: Urshifu\n|-singleturn|p2a: Urshifu|Max Guard\n|move|p1a: Haxorus|Close Combat|p2a: Urshifu\n|-activate|p2a: Urshifu|move: Max Guard\n|\n|-end|p2a: Urshifu|Dynamax\n|-formechange|p2a: Urshifu|Urshifu\n|-heal|p2a: Urshifu|26\/100|[silent]\n|upkeep\n|turn|22\n|\n|t:|1638688971\n|move|p2a: Urshifu|Sucker Punch|p1a: Haxorus\n|-damage|p1a: Haxorus|0 fnt\n|faint|p1a: Haxorus\n|-damage|p2a: Urshifu|16\/100|[from] item: Life Orb\n|\n|upkeep\n|\n|t:|1638688977\n|switch|p1a: Toxapex|Toxapex, M|100\/100\n|turn|23\n|c|\u2606ktsk|DAMMM\n|c|\u2606ktsk|DAMMM\n|c|\u2606ktsk|DAMMMMMMMMMM\n|c|\u2606ktsk|THE TECH\n|c|\u2606ktsk|PLAYOFF ANI\n|\n|t:|1638689039\n|move|p2a: Urshifu|Taunt|p1a: Toxapex\n|-start|p1a: Toxapex|move: Taunt\n|move|p1a: Toxapex|Scald|p2a: Urshifu\n|-damage|p2a: Urshifu|0 fnt\n|faint|p2a: Urshifu\n|\n|upkeep\n|c|\u2606Anibunnysomoney|Lmaoo nice\n|\n|t:|1638689053\n|switch|p2a: Heliolisk|Heliolisk, F|13\/100\n|turn|24\n|\n|t:|1638689188\n|switch|p1a: Hatterene|Hatterene, F|28\/100\n|move|p2a: Heliolisk|Volt Switch|p1a: Hatterene\n|-damage|p1a: Hatterene|0 fnt\n|faint|p1a: Hatterene\n|\n|t:|1638689221\n|switch|p2a: Jirachi|Jirachi|100\/100|[from]move: Volt Switch\n|\n|upkeep\n|\n|t:|1638689224\n|switch|p1a: Toxapex|Toxapex, M|100\/100\n|turn|25\n|\n|t:|1638689235\n|move|p2a: Jirachi|Iron Head|p1a: Toxapex\n|-resisted|p1a: Toxapex\n|-damage|p1a: Toxapex|84\/100\n|-damage|p2a: Jirachi|84\/100|[from] item: Rocky Helmet|[of] p1a: Toxapex\n|move|p1a: Toxapex|Scald|p2a: Jirachi\n|-damage|p2a: Jirachi|68\/100\n|\n|upkeep\n|turn|26\n|\n|t:|1638689246\n|switch|p2a: Duraludon|Duraludon, M|100\/100\n|move|p1a: Toxapex|Toxic Spikes|p2a: Duraludon\n|-sidestart|p2: Anibunnysomoney|move: Toxic Spikes\n|\n|upkeep\n|turn|27\n|\n|t:|1638689264\n|move|p2a: Duraludon|Thunderbolt|p1a: Toxapex\n|-supereffective|p1a: Toxapex\n|-damage|p1a: Toxapex|46\/100\n|move|p1a: Toxapex|Recover|p1a: Toxapex\n|-heal|p1a: Toxapex|96\/100\n|\n|upkeep\n|turn|28\n|\n|t:|1638689272\n|move|p2a: Duraludon|Thunderbolt|p1a: Toxapex\n|-supereffective|p1a: Toxapex\n|-damage|p1a: Toxapex|57\/100\n|move|p1a: Toxapex|Scald|p2a: Duraludon\n|-resisted|p2a: Duraludon\n|-damage|p2a: Duraludon|91\/100\n|-status|p2a: Duraludon|brn\n|\n|-damage|p2a: Duraludon|85\/100 brn|[from] brn\n|upkeep\n|turn|29\n|\n|t:|1638689299\n|move|p2a: Duraludon|Thunderbolt|p1a: Toxapex\n|-supereffective|p1a: Toxapex\n|-damage|p1a: Toxapex|18\/100\n|move|p1a: Toxapex|Recover|p1a: Toxapex\n|-heal|p1a: Toxapex|68\/100\n|\n|-damage|p2a: Duraludon|79\/100 brn|[from] brn\n|upkeep\n|turn|30\n|\n|t:|1638689387\n|move|p2a: Duraludon|Thunderbolt|p1a: Toxapex\n|-supereffective|p1a: Toxapex\n|-damage|p1a: Toxapex|26\/100\n|move|p1a: Toxapex|Recover|p1a: Toxapex\n|-heal|p1a: Toxapex|76\/100\n|\n|-damage|p2a: Duraludon|73\/100 brn|[from] brn\n|upkeep\n|turn|31\n|\n|t:|1638689397\n|move|p2a: Duraludon|Thunderbolt|p1a: Toxapex\n|-supereffective|p1a: Toxapex\n|-damage|p1a: Toxapex|34\/100\n|move|p1a: Toxapex|Recover|p1a: Toxapex\n|-heal|p1a: Toxapex|84\/100\n|\n|-damage|p2a: Duraludon|67\/100 brn|[from] brn\n|upkeep\n|turn|32\n|\n|t:|1638689408\n|move|p2a: Duraludon|Thunderbolt|p1a: Toxapex\n|-supereffective|p1a: Toxapex\n|-damage|p1a: Toxapex|43\/100\n|move|p1a: Toxapex|Recover|p1a: Toxapex\n|-heal|p1a: Toxapex|93\/100\n|\n|-damage|p2a: Duraludon|61\/100 brn|[from] brn\n|upkeep\n|turn|33\n|\n|t:|1638689417\n|move|p2a: Duraludon|Thunderbolt|p1a: Toxapex\n|-supereffective|p1a: Toxapex\n|-damage|p1a: Toxapex|51\/100\n|move|p1a: Toxapex|Scald|p2a: Duraludon\n|-resisted|p2a: Duraludon\n|-damage|p2a: Duraludon|52\/100 brn\n|\n|-damage|p2a: Duraludon|46\/100 brn|[from] brn\n|upkeep\n|turn|34\n|\n|t:|1638689426\n|move|p2a: Duraludon|Thunderbolt|p1a: Toxapex\n|-supereffective|p1a: Toxapex\n|-damage|p1a: Toxapex|14\/100\n|move|p1a: Toxapex|Recover|p1a: Toxapex\n|-heal|p1a: Toxapex|64\/100\n|\n|-damage|p2a: Duraludon|40\/100 brn|[from] brn\n|upkeep\n|turn|35\n|\n|t:|1638689437\n|move|p2a: Duraludon|Thunderbolt|p1a: Toxapex\n|-supereffective|p1a: Toxapex\n|-damage|p1a: Toxapex|24\/100\n|move|p1a: Toxapex|Recover|p1a: Toxapex\n|-heal|p1a: Toxapex|74\/100\n|\n|-damage|p2a: Duraludon|34\/100 brn|[from] brn\n|upkeep\n|turn|36\n|\n|t:|1638689445\n|move|p2a: Duraludon|Thunderbolt|p1a: Toxapex\n|-supereffective|p1a: Toxapex\n|-damage|p1a: Toxapex|35\/100\n|move|p1a: Toxapex|Recover|p1a: Toxapex\n|-heal|p1a: Toxapex|86\/100\n|\n|-damage|p2a: Duraludon|28\/100 brn|[from] brn\n|upkeep\n|turn|37\n|\n|t:|1638689467\n|move|p2a: Duraludon|Thunderbolt|p1a: Toxapex\n|-supereffective|p1a: Toxapex\n|-damage|p1a: Toxapex|46\/100\n|move|p1a: Toxapex|Recover|p1a: Toxapex\n|-heal|p1a: Toxapex|96\/100\n|\n|-damage|p2a: Duraludon|22\/100 brn|[from] brn\n|upkeep\n|turn|38\n|\n|t:|1638689524\n|move|p2a: Duraludon|Thunderbolt|p1a: Toxapex\n|-supereffective|p1a: Toxapex\n|-damage|p1a: Toxapex|57\/100\n|move|p1a: Toxapex|Recover|p1a: Toxapex\n|-heal|p1a: Toxapex|100\/100\n|\n|-damage|p2a: Duraludon|16\/100 brn|[from] brn\n|upkeep\n|turn|39\n|\n|t:|1638689541\n|switch|p2a: Jirachi|Jirachi|68\/100\n|move|p1a: Toxapex|Recover||[still]\n|-fail|p1a: Toxapex|heal\n|\n|upkeep\n|turn|40\n|c|\u2606Anibunnysomoney|My bad thinking\n|c|\u2606ktsk|all g\n|\n|t:|1638689963\n|move|p2a: Jirachi|U-turn|p1a: Toxapex\n|-resisted|p1a: Toxapex\n|-damage|p1a: Toxapex|91\/100\n|-damage|p2a: Jirachi|51\/100|[from] item: Rocky Helmet|[of] p1a: Toxapex\n|\n|t:|1638689967\n|switch|p2a: Duraludon|Duraludon, M|16\/100 brn|[from]move: U-turn\n|move|p1a: Toxapex|Scald|p2a: Duraludon\n|-resisted|p2a: Duraludon\n|-damage|p2a: Duraludon|6\/100 brn\n|\n|-damage|p2a: Duraludon|0 fnt|[from] brn\n|faint|p2a: Duraludon\n|upkeep\n|\n|t:|1638689981\n|switch|p2a: Heliolisk|Heliolisk, F|13\/100\n|-status|p2a: Heliolisk|psn\n|turn|41\n|\n|t:|1638690025\n|move|p2a: Heliolisk|Thunderbolt|p1a: Toxapex\n|-supereffective|p1a: Toxapex\n|-damage|p1a: Toxapex|0 fnt\n|faint|p1a: Toxapex\n|\n|-damage|p2a: Heliolisk|1\/100 psn|[from] psn\n|upkeep\n|\n|t:|1638690028\n|switch|p1a: Celebi|Celebi|100\/100\n|turn|42\n|\n|t:|1638690042\n|move|p1a: Celebi|Leaf Storm|p2a: Heliolisk\n|-damage|p2a: Heliolisk|0 fnt\n|-unboost|p1a: Celebi|spa|2\n|faint|p2a: Heliolisk\n|\n|upkeep\n|\n|t:|1638690047\n|switch|p2a: Jirachi|Jirachi|51\/100\n|turn|43\n|\n|t:|1638690052\n|move|p1a: Celebi|Leaf Storm|p2a: Jirachi\n|-resisted|p2a: Jirachi\n|-damage|p2a: Jirachi|37\/100\n|-unboost|p1a: Celebi|spa|2\n|move|p2a: Jirachi|U-turn|p1a: Celebi\n|-supereffective|p1a: Celebi\n|-damage|p1a: Celebi|0 fnt\n|faint|p1a: Celebi\n|\n|win|Anibunnysomoney\n|c|\u2606ktsk|gg\n|c|\u2606Anibunnysomoney|Gg\n|c|\u2606ktsk|GGGGGGG\n|c|\u2606Anibunnysomoney|Od surprised you didn\u2019t switch to celebi on the tbolt lol\n|c|\u2606ktsk|i die to volt switch\n|c|\u2606ktsk|what ability were u on helio\n|c|\u2606Anibunnysomoney|Sand one\n|c|\u2606ktsk|BRUH\n|c|\u2606ktsk|xD\n|c|\u2606ktsk|dam\n|c|\u2606ktsk|lol\n|c|\u2606Anibunnysomoney|Celebi lives volt switch ez no?\n|c|\u2606ktsk|yeah but dies to jirachi\n|c|\u2606Anibunnysomoney|Yeah tough spot\n|c|\u2606Anibunnysomoney|Was tryna decide who to sack between duraludon and Heliolisk lol\n|c|\u2606Anibunnysomoney|i had healing wish on jirachi but knew I needed uturn for celebi\n|c|\u2606ktsk|i think u lose if u sac helio\n|c|\u2606ktsk|lol\n|l|\u2606Anibunnysomoney\n|j|\u2606Anibunnysomoney\n|player|p2|Anibunnysomoney|102\n|c|\u2606Anibunnysomoney|Yeah I thought so too\n|c|\u2606Anibunnysomoney|was gonna healing wish duraludon and let him finish your recovers up and then try to 1v1 celebi\n|c|\u2606Anibunnysomoney|but I didn\u2019t have any great moves and if you had psychic you win the 1v1\n|l|\u2606Anibunnysomoney\n|player|p2|\n|j|\u2606Anibunnysomoney\n|player|p2|Anibunnysomoney|102\n","uploadtime":1638690568,"views":10,"p1id":"ktsk","p2id":"anibunnysomoney","formatid":"gen8anythinggoes","rating":0,"private":0,"password":null}