{"id":"gen8ou-1677367333","p1":"fj2k","p2":"LT94JE Allistair","format":"gen8ou","log":"|j|\u2606fj2k\n|j|\u2606LT94JE Allistair\n|t:|1664892727\n|gametype|singles\n|player|p1|fj2k|101|1707\n|player|p2|LT94JE Allistair|2|1717\n|teamsize|p1|6\n|teamsize|p2|6\n|gen|8\n|tier|[Gen 8] OU\n|rated|\n|rule|Sleep Clause Mod: Limit one foe put to sleep\n|rule|Species Clause: Limit one of each Pok\u00e9mon\n|rule|OHKO Clause: OHKO moves are banned\n|rule|Evasion Items Clause: Evasion items are banned\n|rule|Evasion Moves Clause: Evasion moves are banned\n|rule|Endless Battle Clause: Forcing endless battles is banned\n|rule|HP Percentage Mod: HP is shown in percentages\n|rule|Dynamax Clause: You cannot dynamax\n|clearpoke\n|poke|p1|Tyranitar, M|\n|poke|p1|Rotom-Wash|\n|poke|p1|Ferrothorn, F|\n|poke|p1|Excadrill, M|\n|poke|p1|Dragapult, M|\n|poke|p1|Clefable, F|\n|poke|p2|Mew|\n|poke|p2|Slurpuff, F|\n|poke|p2|Vanilluxe, F|\n|poke|p2|Weavile, M|\n|poke|p2|Jirachi|\n|poke|p2|Sneasel, M|\n|teampreview\n|inactive|Battle timer is ON: inactive players will automatically lose when time's up. (requested by fj2k)\n|c|\u2606fj2k|still using ur OLT account\n|c|\u2606fj2k|come on brother\n|\n|t:|1664892749\n|start\n|switch|p1a: Dragapult|Dragapult, M|100\/100\n|switch|p2a: Slurpuff|Slurpuff, F|100\/100\n|turn|1\n|inactive|LT94JE Allistair has 120 seconds left.\n|\n|t:|1664892781\n|move|p1a: Dragapult|U-turn|p2a: Slurpuff\n|-resisted|p2a: Slurpuff\n|-damage|p2a: Slurpuff|93\/100\n|c|\u2606LT94JE Allistair|i mean none of your concerns\n|\n|t:|1664892804\n|switch|p1a: Excadrill|Excadrill, M|100\/100|[from]move: U-turn\n|move|p2a: Slurpuff|Sticky Web|p1a: Excadrill\n|-sidestart|p1: fj2k|move: Sticky Web\n|\n|upkeep\n|turn|2\n|\n|t:|1664892810\n|move|p1a: Excadrill|Rapid Spin|p2a: Slurpuff\n|-damage|p2a: Slurpuff|76\/100\n|-boost|p1a: Excadrill|spe|1\n|-sideend|p1: fj2k|Sticky Web|[from] move: Rapid Spin|[of] p1a: Excadrill\n|move|p2a: Slurpuff|Yawn|p1a: Excadrill\n|-start|p1a: Excadrill|move: Yawn|[of] p2a: Slurpuff\n|\n|upkeep\n|turn|3\n|\n|t:|1664892821\n|switch|p1a: Ferrothorn|Ferrothorn, F|100\/100\n|move|p2a: Slurpuff|Sticky Web|p1a: Ferrothorn\n|-sidestart|p1: fj2k|move: Sticky Web\n|\n|upkeep\n|turn|4\n|\n|t:|1664892825\n|move|p2a: Slurpuff|Magic Coat|p2a: Slurpuff\n|-singleturn|p2a: Slurpuff|move: Magic Coat\n|move|p1a: Ferrothorn|Spikes|p2a: Slurpuff\n|move|p2a: Slurpuff|Spikes|p1a: Ferrothorn|[from]Magic Coat\n|-sidestart|p1: fj2k|Spikes\n|\n|upkeep\n|turn|5\n|\n|t:|1664892829\n|switch|p1a: Excadrill|Excadrill, M|100\/100\n|-activate|p1a: Excadrill|move: Sticky Web\n|-unboost|p1a: Excadrill|spe|1\n|-damage|p1a: Excadrill|88\/100|[from] Spikes\n|move|p2a: Slurpuff|Magic Coat|p2a: Slurpuff\n|-singleturn|p2a: Slurpuff|move: Magic Coat\n|\n|-heal|p1a: Excadrill|94\/100|[from] item: Leftovers\n|upkeep\n|turn|6\n|\n|t:|1664892831\n|move|p2a: Slurpuff|Misty Explosion|p1a: Excadrill\n|-resisted|p1a: Excadrill\n|-damage|p1a: Excadrill|76\/100\n|faint|p2a: Slurpuff\n|move|p1a: Excadrill|Rapid Spin|p2: Slurpuff|[notarget]\n|-fail|p1a: Excadrill\n|\n|-heal|p1a: Excadrill|82\/100|[from] item: Leftovers\n|upkeep\n|\n|t:|1664892839\n|switch|p2a: Weavile|Weavile, M|100\/100\n|-ability|p2a: Weavile|Pressure\n|turn|7\n|\n|t:|1664892844\n|switch|p1a: Clefable|Clefable, F|100\/100\n|-activate|p1a: Clefable|move: Sticky Web\n|-unboost|p1a: Clefable|spe|1\n|move|p2a: Weavile|Swords Dance|p2a: Weavile\n|-boost|p2a: Weavile|atk|2\n|\n|upkeep\n|turn|8\n|\n|t:|1664892849\n|move|p2a: Weavile|Knock Off|p1a: Clefable\n|-resisted|p1a: Clefable\n|-damage|p1a: Clefable|58\/100\n|-damage|p2a: Weavile|84\/100|[from] item: Rocky Helmet|[of] p1a: Clefable\n|-enditem|p1a: Clefable|Rocky Helmet|[from] move: Knock Off|[of] p2a: Weavile\n|move|p1a: Clefable|Stealth Rock|p2a: Weavile\n|-sidestart|p2: LT94JE Allistair|move: Stealth Rock\n|\n|upkeep\n|turn|9\n|\n|t:|1664892856\n|move|p2a: Weavile|Psycho Cut|p1a: Clefable\n|-damage|p1a: Clefable|18\/100\n|move|p1a: Clefable|Soft-Boiled|p1a: Clefable\n|-heal|p1a: Clefable|68\/100\n|\n|upkeep\n|turn|10\n|\n|t:|1664892861\n|move|p2a: Weavile|Psycho Cut|p1a: Clefable\n|-damage|p1a: Clefable|27\/100\n|move|p1a: Clefable|Moonblast|p2a: Weavile\n|-supereffective|p2a: Weavile\n|-damage|p2a: Weavile|0 fnt\n|faint|p2a: Weavile\n|\n|upkeep\n|\n|t:|1664892876\n|switch|p2a: Vanilluxe|Vanilluxe, F|100\/100\n|-damage|p2a: Vanilluxe|76\/100|[from] Stealth Rock\n|-weather|Hail|[from] ability: Snow Warning|[of] p2a: Vanilluxe\n|turn|11\n|j| Palladiawa A\n|\n|t:|1664892881\n|move|p2a: Vanilluxe|Hail||[still]\n|-fail|p2a: Vanilluxe\n|move|p1a: Clefable|Thunder Wave|p2a: Vanilluxe\n|-status|p2a: Vanilluxe|par\n|\n|-weather|Hail|[upkeep]\n|upkeep\n|turn|12\n|c|\u2606fj2k|what\n|\n|t:|1664892887\n|move|p2a: Vanilluxe|Aurora Veil|p2a: Vanilluxe\n|-sidestart|p2: LT94JE Allistair|move: Aurora Veil\n|move|p1a: Clefable|Soft-Boiled|p1a: Clefable\n|-heal|p1a: Clefable|77\/100\n|\n|-weather|Hail|[upkeep]\n|upkeep\n|turn|13\n|\n|t:|1664892890\n|move|p2a: Vanilluxe|Explosion|p1a: Clefable\n|-damage|p1a: Clefable|22\/100\n|faint|p2a: Vanilluxe\n|move|p1a: Clefable|Soft-Boiled|p1a: Clefable\n|-heal|p1a: Clefable|72\/100\n|\n|-weather|Hail|[upkeep]\n|upkeep\n|\n|t:|1664892896\n|switch|p2a: Jirachi|Jirachi|100\/100\n|-damage|p2a: Jirachi|94\/100|[from] Stealth Rock\n|turn|14\n|\n|t:|1664892899\n|move|p2a: Jirachi|Cosmic Power|p2a: Jirachi\n|-boost|p2a: Jirachi|def|1\n|-boost|p2a: Jirachi|spd|1\n|move|p1a: Clefable|Thunder Wave|p2a: Jirachi\n|-status|p2a: Jirachi|par\n|\n|-weather|Hail|[upkeep]\n|-damage|p2a: Jirachi|88\/100 par|[from] Hail\n|upkeep\n|turn|15\n|\n|t:|1664892902\n|switch|p1a: Excadrill|Excadrill, M|82\/100\n|-activate|p1a: Excadrill|move: Sticky Web\n|-unboost|p1a: Excadrill|spe|1\n|-damage|p1a: Excadrill|69\/100|[from] Spikes\n|move|p2a: Jirachi|Cosmic Power|p2a: Jirachi\n|-boost|p2a: Jirachi|def|1\n|-boost|p2a: Jirachi|spd|1\n|\n|-weather|none\n|-heal|p1a: Excadrill|76\/100|[from] item: Leftovers\n|upkeep\n|turn|16\n|\n|t:|1664892904\n|move|p1a: Excadrill|Rapid Spin|p2a: Jirachi\n|-resisted|p2a: Jirachi\n|-damage|p2a: Jirachi|86\/100 par\n|-boost|p1a: Excadrill|spe|1\n|-sideend|p1: fj2k|Spikes|[from] move: Rapid Spin|[of] p1a: Excadrill\n|-sideend|p1: fj2k|Sticky Web|[from] move: Rapid Spin|[of] p1a: Excadrill\n|cant|p2a: Jirachi|par\n|\n|-heal|p1a: Excadrill|82\/100|[from] item: Leftovers\n|upkeep\n|turn|17\n|\n|t:|1664892908\n|move|p1a: Excadrill|Swords Dance|p1a: Excadrill\n|-boost|p1a: Excadrill|atk|2\n|move|p2a: Jirachi|Aura Sphere|p1a: Excadrill\n|-supereffective|p1a: Excadrill\n|-damage|p1a: Excadrill|22\/100\n|\n|-heal|p1a: Excadrill|28\/100|[from] item: Leftovers\n|upkeep\n|turn|18\n|\n|t:|1664892910\n|move|p1a: Excadrill|Earthquake|p2a: Jirachi\n|-supereffective|p2a: Jirachi\n|-damage|p2a: Jirachi|40\/100 par\n|-enditem|p2a: Jirachi|Weakness Policy\n|-boost|p2a: Jirachi|atk|2|[from] item: Weakness Policy\n|-boost|p2a: Jirachi|spa|2|[from] item: Weakness Policy\n|cant|p2a: Jirachi|par\n|\n|-heal|p1a: Excadrill|34\/100|[from] item: Leftovers\n|upkeep\n|turn|19\n|c|\u2606fj2k|yum\n|\n|t:|1664892918\n|move|p1a: Excadrill|Earthquake|p2a: Jirachi\n|-supereffective|p2a: Jirachi\n|-damage|p2a: Jirachi|0 fnt\n|faint|p2a: Jirachi\n|\n|-heal|p1a: Excadrill|40\/100|[from] item: Leftovers\n|-sideend|p2: LT94JE Allistair|move: Aurora Veil\n|upkeep\n|\n|t:|1664892922\n|switch|p2a: Sneasel|Sneasel, M|100\/100\n|-damage|p2a: Sneasel|76\/100|[from] Stealth Rock\n|turn|20\n|\n|t:|1664892927\n|switch|p1a: Ferrothorn|Ferrothorn, F|100\/100\n|move|p2a: Sneasel|Low Kick|p1a: Ferrothorn\n|-supereffective|p1a: Ferrothorn\n|-damage|p1a: Ferrothorn|57\/100\n|-damage|p2a: Sneasel|63\/100|[from] ability: Iron Barbs|[of] p1a: Ferrothorn\n|\n|-heal|p1a: Ferrothorn|64\/100|[from] item: Leftovers\n|upkeep\n|turn|21\n|\n|t:|1664892936\n|move|p2a: Sneasel|Taunt|p1a: Ferrothorn\n|-start|p1a: Ferrothorn|move: Taunt\n|cant|p1a: Ferrothorn|move: Taunt|Spikes\n|\n|-heal|p1a: Ferrothorn|70\/100|[from] item: Leftovers\n|upkeep\n|turn|22\n|\n|t:|1664892938\n|move|p2a: Sneasel|Knock Off|p1a: Ferrothorn\n|-damage|p1a: Ferrothorn|40\/100\n|-damage|p2a: Sneasel|51\/100|[from] ability: Iron Barbs|[of] p1a: Ferrothorn\n|-enditem|p1a: Ferrothorn|Leftovers|[from] move: Knock Off|[of] p2a: Sneasel\n|move|p1a: Ferrothorn|Body Press|p2a: Sneasel\n|-supereffective|p2a: Sneasel\n|-damage|p2a: Sneasel|0 fnt\n|faint|p2a: Sneasel\n|\n|upkeep\n|\n|t:|1664892941\n|switch|p2a: Mew|Mew|100\/100\n|-damage|p2a: Mew|88\/100|[from] Stealth Rock\n|turn|23\n|\n|t:|1664892942\n|switch|p1a: Clefable|Clefable, F|72\/100\n|move|p2a: Mew|Cosmic Power|p2a: Mew\n|-boost|p2a: Mew|def|1\n|-boost|p2a: Mew|spd|1\n|\n|upkeep\n|turn|24\n|\n|t:|1664892944\n|move|p2a: Mew|Taunt|p1a: Clefable\n|-start|p1a: Clefable|move: Taunt\n|cant|p1a: Clefable|move: Taunt|Thunder Wave\n|\n|upkeep\n|turn|25\n|\n|t:|1664892947\n|switch|p1a: Dragapult|Dragapult, M|100\/100\n|move|p2a: Mew|Cosmic Power|p2a: Mew\n|-boost|p2a: Mew|def|1\n|-boost|p2a: Mew|spd|1\n|\n|upkeep\n|turn|26\n|\n|t:|1664892950\n|move|p1a: Dragapult|Shadow Ball|p2a: Mew\n|-supereffective|p2a: Mew\n|-damage|p2a: Mew|38\/100\n|-enditem|p2a: Mew|Weakness Policy\n|-boost|p2a: Mew|atk|2|[from] item: Weakness Policy\n|-boost|p2a: Mew|spa|2|[from] item: Weakness Policy\n|move|p2a: Mew|Stored Power|p1a: Dragapult\n|-damage|p1a: Dragapult|0 fnt\n|faint|p1a: Dragapult\n|\n|upkeep\n|\n|t:|1664892963\n|switch|p1a: Rotom|Rotom-Wash|100\/100\n|turn|27\n|\n|t:|1664892966\n|move|p2a: Mew|Stored Power|p1a: Rotom\n|-damage|p1a: Rotom|0 fnt\n|faint|p1a: Rotom\n|\n|upkeep\n|\n|t:|1664892970\n|switch|p1a: Tyranitar|Tyranitar, M|100\/100\n|-weather|Sandstorm|[from] ability: Sand Stream|[of] p1a: Tyranitar\n|turn|28\n|\n|t:|1664892973\n|move|p2a: Mew|Taunt|p1a: Tyranitar\n|-start|p1a: Tyranitar|move: Taunt\n|move|p1a: Tyranitar|Crunch|p2a: Mew\n|-supereffective|p2a: Mew\n|-damage|p2a: Mew|0 fnt\n|faint|p2a: Mew\n|\n|win|fj2k\n|raw|fj2k's rating: 1707 &rarr; <strong>1728<\/strong><br \/>(+21 for winning)\n|raw|LT94JE Allistair's rating: 1717 &rarr; <strong>1696<\/strong><br \/>(-21 for losing)\n|l|\u2606LT94JE Allistair\n|c|\u2606fj2k|yum\n||Ladder isn't responding, score probably updated but might not have (Request timeout).\n","uploadtime":1664892979,"views":17,"p1id":"fj2k","p2id":"lt94jeallistair","formatid":"gen8ou","rating":1696,"private":0,"password":null}