{"id":"gen8ou-1686997874","p1":"minimax_ai","p2":"superrouchuan","format":"gen8ou","log":"|html|<div class=\"broadcast-blue\"><strong>[Gen 8] OU is currently suspecting Melmetal! For information on how to participate check out the <a href=\"https:\/\/www.smogon.com\/forums\/threads\/np-ss-ou-suspect-process-round-12-monster-mash.3709234\/\">suspect thread<\/a>.<\/strong><\/div>\n|j|\u2606minimax_ai\n|j|\u2606superrouchuan\n|t:|1665912743\n|gametype|singles\n|player|p1|minimax_ai|lusamine-nihilego|1425\n|player|p2|superrouchuan|clown|1482\n|teamsize|p1|6\n|teamsize|p2|6\n|gen|8\n|tier|[Gen 8] OU\n|rated|\n|rule|Sleep Clause Mod: Limit one foe put to sleep\n|rule|Species Clause: Limit one of each Pok\u00e9mon\n|rule|OHKO Clause: OHKO moves are banned\n|rule|Evasion Items Clause: Evasion items are banned\n|rule|Evasion Moves Clause: Evasion moves are banned\n|rule|Endless Battle Clause: Forcing endless battles is banned\n|rule|HP Percentage Mod: HP is shown in percentages\n|rule|Dynamax Clause: You cannot dynamax\n|clearpoke\n|poke|p1|Rotom-Wash|\n|poke|p1|Weavile, M|\n|poke|p1|Landorus-Therian, M|\n|poke|p1|Heatran, M|\n|poke|p1|Tangrowth, F|\n|poke|p1|Melmetal|\n|poke|p2|Snorlax, M|\n|poke|p2|Tapu Lele|\n|poke|p2|Tyranitar, F|\n|poke|p2|Zapdos|\n|poke|p2|Garchomp, F|\n|poke|p2|Buzzwole|\n|teampreview\n|c|\u2606minimax_ai|hf\n|inactive|Battle timer is ON: inactive players will automatically lose when time's up. (requested by minimax_ai)\n|\n|t:|1665912750\n|start\n|switch|p1a: landorustherian|Landorus-Therian, M|100\/100\n|switch|p2a: \u868a\u5927\u7237|Buzzwole|100\/100\n|-ability|p1a: landorustherian|Intimidate|boost\n|-unboost|p2a: \u868a\u5927\u7237|atk|1\n|turn|1\n|\n|t:|1665912753\n|switch|p1a: Tangrowth|Tangrowth, F|100\/100\n|move|p2a: \u868a\u5927\u7237|Ice Punch|p1a: Tangrowth\n|-supereffective|p1a: Tangrowth\n|-damage|p1a: Tangrowth|73\/100\n|-damage|p2a: \u868a\u5927\u7237|84\/100|[from] item: Rocky Helmet|[of] p1a: Tangrowth\n|\n|upkeep\n|turn|2\n|\n|t:|1665912761\n|switch|p2a: \u5361\u5723\u522b\u6f14\u6211|Snorlax, M, shiny|100\/100\n|move|p1a: Tangrowth|Giga Drain|p2a: \u5361\u5723\u522b\u6f14\u6211\n|-damage|p2a: \u5361\u5723\u522b\u6f14\u6211|84\/100\n|-heal|p1a: Tangrowth|82\/100|[from] drain|[of] p2a: \u5361\u5723\u522b\u6f14\u6211\n|\n|upkeep\n|turn|3\n|\n|t:|1665912764\n|move|p1a: Tangrowth|Giga Drain|p2a: \u5361\u5723\u522b\u6f14\u6211\n|-damage|p2a: \u5361\u5723\u522b\u6f14\u6211|67\/100\n|-heal|p1a: Tangrowth|93\/100|[from] drain|[of] p2a: \u5361\u5723\u522b\u6f14\u6211\n|move|p2a: \u5361\u5723\u522b\u6f14\u6211|Self-Destruct|p1a: Tangrowth\n|-enditem|p2a: \u5361\u5723\u522b\u6f14\u6211|Normal Gem|[from] gem\n|-damage|p1a: Tangrowth|28\/100\n|faint|p2a: \u5361\u5723\u522b\u6f14\u6211\n|\n|upkeep\n|\n|t:|1665912776\n|switch|p2a: \u9f99\u7237\uff08\u867d\u7136\u8fd8\u662f\u4e0d\u4f1a\u9f99\u821e\uff09|Garchomp, F|100\/100\n|turn|4\n|\n|t:|1665912781\n|switch|p1a: landorustherian|Landorus-Therian, M|100\/100\n|-ability|p1a: landorustherian|Intimidate|boost\n|-unboost|p2a: \u9f99\u7237\uff08\u867d\u7136\u8fd8\u662f\u4e0d\u4f1a\u9f99\u821e\uff09|atk|1\n|move|p2a: \u9f99\u7237\uff08\u867d\u7136\u8fd8\u662f\u4e0d\u4f1a\u9f99\u821e\uff09|Dragon Claw|p1a: landorustherian\n|-crit|p1a: landorustherian\n|-damage|p1a: landorustherian|0 fnt\n|faint|p1a: landorustherian\n|\n|upkeep\n|\n|t:|1665912781\n|switch|p1a: Heatran|Heatran, M|100\/100\n|-item|p1a: Heatran|Air Balloon\n|turn|5\n|c|\u2606superrouchuan|\uff1f\n|c|\u2606superrouchuan|wtf\n|\n|t:|1665912793\n|switch|p2a: \u8001\u73ed|Tyranitar, F, shiny|100\/100\n|-weather|Sandstorm|[from] ability: Sand Stream|[of] p2a: \u8001\u73ed\n|move|p1a: Heatran|Stealth Rock|p2a: \u8001\u73ed\n|-sidestart|p2: superrouchuan|move: Stealth Rock\n|\n|-weather|Sandstorm|[upkeep]\n|upkeep\n|turn|6\n|\n|t:|1665912796\n|switch|p1a: Tangrowth|Tangrowth, F|62\/100\n|move|p2a: \u8001\u73ed|Stealth Rock|p1a: Tangrowth\n|-sidestart|p1: minimax_ai|move: Stealth Rock\n|\n|-weather|Sandstorm|[upkeep]\n|-damage|p1a: Tangrowth|55\/100|[from] Sandstorm\n|upkeep\n|turn|7\n|\n|t:|1665912799\n|switch|p1a: Melmetal|Melmetal|100\/100\n|-damage|p1a: Melmetal|94\/100|[from] Stealth Rock\n|move|p2a: \u8001\u73ed|Fire Blast|p1a: Melmetal\n|-supereffective|p1a: Melmetal\n|-damage|p1a: Melmetal|63\/100\n|\n|-weather|Sandstorm|[upkeep]\n|upkeep\n|turn|8\n|\n|t:|1665912807\n|switch|p2a: \u9e1f\u54e5|Zapdos, shiny|100\/100\n|-damage|p2a: \u9e1f\u54e5|75\/100|[from] Stealth Rock\n|move|p1a: Melmetal|Double Iron Bash|p2a: \u9e1f\u54e5\n|-resisted|p2a: \u9e1f\u54e5\n|-damage|p2a: \u9e1f\u54e5|61\/100\n|-damage|p1a: Melmetal|47\/100|[from] item: Rocky Helmet|[of] p2a: \u9e1f\u54e5\n|-resisted|p2a: \u9e1f\u54e5\n|-damage|p2a: \u9e1f\u54e5|48\/100\n|-damage|p1a: Melmetal|30\/100|[from] item: Rocky Helmet|[of] p2a: \u9e1f\u54e5\n|-hitcount|p2a: \u9e1f\u54e5|2\n|\n|-weather|Sandstorm|[upkeep]\n|-damage|p2a: \u9e1f\u54e5|42\/100|[from] Sandstorm\n|upkeep\n|turn|9\n|\n|t:|1665912817\n|move|p2a: \u9e1f\u54e5|Roost|p2a: \u9e1f\u54e5\n|-heal|p2a: \u9e1f\u54e5|92\/100\n|-singleturn|p2a: \u9e1f\u54e5|move: Roost\n|move|p1a: Melmetal|Double Iron Bash|p2a: \u9e1f\u54e5\n|-resisted|p2a: \u9e1f\u54e5\n|-damage|p2a: \u9e1f\u54e5|77\/100\n|-damage|p1a: Melmetal|13\/100|[from] item: Rocky Helmet|[of] p2a: \u9e1f\u54e5\n|-status|p1a: Melmetal|par|[from] ability: Static|[of] p2a: \u9e1f\u54e5\n|-resisted|p2a: \u9e1f\u54e5\n|-damage|p2a: \u9e1f\u54e5|61\/100\n|-damage|p1a: Melmetal|0 fnt|[from] item: Rocky Helmet|[of] p2a: \u9e1f\u54e5\n|faint|p1a: Melmetal\n|-hitcount|p2a: \u9e1f\u54e5|2\n|\n|-weather|none\n|upkeep\n|\n|t:|1665912817\n|switch|p1a: Heatran|Heatran, M|100\/100\n|-damage|p1a: Heatran|88\/100|[from] Stealth Rock\n|-item|p1a: Heatran|Air Balloon\n|turn|10\n|\n|t:|1665912825\n|move|p1a: Heatran|Eruption|p2a: \u9e1f\u54e5\n|-damage|p2a: \u9e1f\u54e5|0 fnt\n|faint|p2a: \u9e1f\u54e5\n|\n|upkeep\n|\n|t:|1665912829\n|switch|p2a: \u8001\u73ed|Tyranitar, F, shiny|100\/100\n|-damage|p2a: \u8001\u73ed|88\/100|[from] Stealth Rock\n|-weather|Sandstorm|[from] ability: Sand Stream|[of] p2a: \u8001\u73ed\n|turn|11\n|\n|t:|1665912831\n|move|p1a: Heatran|Magma Storm|p2a: \u8001\u73ed|[miss]\n|-miss|p1a: Heatran|p2a: \u8001\u73ed\n|move|p2a: \u8001\u73ed|Ice Beam|p1a: Heatran\n|-resisted|p1a: Heatran\n|-damage|p1a: Heatran|83\/100\n|-enditem|p1a: Heatran|Air Balloon\n|\n|-weather|Sandstorm|[upkeep]\n|-heal|p2a: \u8001\u73ed|94\/100|[from] item: Leftovers\n|upkeep\n|turn|12\n|\n|t:|1665912836\n|switch|p1a: rotomwash|Rotom-Wash|100\/100\n|-damage|p1a: rotomwash|88\/100|[from] Stealth Rock\n|move|p2a: \u8001\u73ed|Earthquake|p1a: rotomwash\n|-immune|p1a: rotomwash|[from] ability: Levitate\n|\n|-weather|Sandstorm|[upkeep]\n|-damage|p1a: rotomwash|82\/100|[from] Sandstorm\n|-heal|p1a: rotomwash|88\/100|[from] item: Leftovers\n|-heal|p2a: \u8001\u73ed|99\/100|[from] item: Leftovers\n|upkeep\n|turn|13\n|\n|t:|1665912840\n|move|p1a: rotomwash|Nasty Plot|p1a: rotomwash\n|-boost|p1a: rotomwash|spa|2\n|move|p2a: \u8001\u73ed|Ice Beam|p1a: rotomwash\n|-resisted|p1a: rotomwash\n|-damage|p1a: rotomwash|75\/100\n|\n|-weather|Sandstorm|[upkeep]\n|-damage|p1a: rotomwash|69\/100|[from] Sandstorm\n|-heal|p1a: rotomwash|75\/100|[from] item: Leftovers\n|-heal|p2a: \u8001\u73ed|100\/100|[from] item: Leftovers\n|upkeep\n|turn|14\n|\n|t:|1665912844\n|switch|p2a: \u868a\u5927\u7237|Buzzwole|84\/100\n|-damage|p2a: \u868a\u5927\u7237|72\/100|[from] Stealth Rock\n|move|p1a: rotomwash|Hydro Pump|p2a: \u868a\u5927\u7237\n|-damage|p2a: \u868a\u5927\u7237|0 fnt\n|faint|p2a: \u868a\u5927\u7237\n|\n|-weather|Sandstorm|[upkeep]\n|-damage|p1a: rotomwash|69\/100|[from] Sandstorm\n|-heal|p1a: rotomwash|75\/100|[from] item: Leftovers\n|upkeep\n|\n|t:|1665912849\n|switch|p2a: \u9f99\u7237\uff08\u867d\u7136\u8fd8\u662f\u4e0d\u4f1a\u9f99\u821e\uff09|Garchomp, F|100\/100\n|-damage|p2a: \u9f99\u7237\uff08\u867d\u7136\u8fd8\u662f\u4e0d\u4f1a\u9f99\u821e\uff09|94\/100|[from] Stealth Rock\n|turn|15\n|\n|t:|1665912851\n|move|p2a: \u9f99\u7237\uff08\u867d\u7136\u8fd8\u662f\u4e0d\u4f1a\u9f99\u821e\uff09|Dragon Claw|p1a: rotomwash\n|-damage|p1a: rotomwash|7\/100\n|move|p1a: rotomwash|Pain Split|p2a: \u9f99\u7237\uff08\u867d\u7136\u8fd8\u662f\u4e0d\u4f1a\u9f99\u821e\uff09\n|-sethp|p2a: \u9f99\u7237\uff08\u867d\u7136\u8fd8\u662f\u4e0d\u4f1a\u9f99\u821e\uff09|50\/100|[from] move: Pain Split|[silent]\n|-sethp|p1a: rotomwash|59\/100|[from] move: Pain Split\n|\n|-weather|none\n|-heal|p1a: rotomwash|65\/100|[from] item: Leftovers\n|upkeep\n|turn|16\n|\n|t:|1665912861\n|switch|p2a: \u8001\u73ed|Tyranitar, F, shiny|100\/100\n|-damage|p2a: \u8001\u73ed|88\/100|[from] Stealth Rock\n|-weather|Sandstorm|[from] ability: Sand Stream|[of] p2a: \u8001\u73ed\n|switch|p1a: Heatran|Heatran, M|83\/100\n|-damage|p1a: Heatran|70\/100|[from] Stealth Rock\n|\n|-weather|Sandstorm|[upkeep]\n|-heal|p2a: \u8001\u73ed|94\/100|[from] item: Leftovers\n|upkeep\n|turn|17\n|\n|t:|1665912870\n|switch|p1a: Tangrowth|Tangrowth, F|89\/100\n|-damage|p1a: Tangrowth|76\/100|[from] Stealth Rock\n|switch|p2a: \u8776\u795e|Tapu Lele|100\/100\n|-damage|p2a: \u8776\u795e|88\/100|[from] Stealth Rock\n|-fieldstart|move: Psychic Terrain|[from] ability: Psychic Surge|[of] p2a: \u8776\u795e\n|\n|-weather|Sandstorm|[upkeep]\n|-damage|p2a: \u8776\u795e|82\/100|[from] Sandstorm\n|-damage|p1a: Tangrowth|70\/100|[from] Sandstorm\n|upkeep\n|turn|18\n|\n|t:|1665912873\n|switch|p1a: Heatran|Heatran, M|70\/100\n|-damage|p1a: Heatran|58\/100|[from] Stealth Rock\n|move|p2a: \u8776\u795e|Psychic|p1a: Heatran\n|-resisted|p1a: Heatran\n|-damage|p1a: Heatran|29\/100\n|\n|-weather|Sandstorm|[upkeep]\n|-damage|p2a: \u8776\u795e|76\/100|[from] Sandstorm\n|upkeep\n|turn|19\n|\n|t:|1665912876\n|switch|p1a: Weavile|Weavile, M|100\/100\n|-damage|p1a: Weavile|76\/100|[from] Stealth Rock\n|-ability|p1a: Weavile|Pressure\n|move|p2a: \u8776\u795e|Psychic|p1a: Weavile\n|-immune|p1a: Weavile\n|\n|-weather|Sandstorm|[upkeep]\n|-damage|p2a: \u8776\u795e|70\/100|[from] Sandstorm\n|-damage|p1a: Weavile|70\/100|[from] Sandstorm\n|upkeep\n|turn|20\n|\n|t:|1665912879\n|switch|p2a: \u8001\u73ed|Tyranitar, F, shiny|94\/100\n|-damage|p2a: \u8001\u73ed|82\/100|[from] Stealth Rock\n|move|p1a: Weavile|Triple Axel|p2a: \u8001\u73ed|[miss]\n|-miss|p1a: Weavile|p2a: \u8001\u73ed\n|\n|-weather|none\n|-heal|p2a: \u8001\u73ed|88\/100|[from] item: Leftovers\n|upkeep\n|turn|21\n|\n|t:|1665912888\n|move|p1a: Weavile|Triple Axel|p2a: \u8001\u73ed\n|-damage|p2a: \u8001\u73ed|77\/100\n|-damage|p2a: \u8001\u73ed|55\/100\n|-damage|p2a: \u8001\u73ed|21\/100\n|-hitcount|p2a: \u8001\u73ed|3\n|move|p2a: \u8001\u73ed|Earthquake|p1a: Weavile\n|-damage|p1a: Weavile|24\/100\n|\n|-heal|p2a: \u8001\u73ed|27\/100|[from] item: Leftovers\n|-fieldend|move: Psychic Terrain\n|upkeep\n|turn|22\n|\n|t:|1665912894\n|move|p1a: Weavile|Triple Axel|p2a: \u8001\u73ed\n|-damage|p2a: \u8001\u73ed|16\/100\n|-damage|p2a: \u8001\u73ed|0 fnt\n|faint|p2a: \u8001\u73ed\n|-hitcount|p2: \u8001\u73ed|2\n|\n|upkeep\n|\n|t:|1665912898\n|switch|p2a: \u8776\u795e|Tapu Lele|70\/100\n|-damage|p2a: \u8776\u795e|58\/100|[from] Stealth Rock\n|-fieldstart|move: Psychic Terrain|[from] ability: Psychic Surge|[of] p2a: \u8776\u795e\n|turn|23\n|\n|t:|1665912902\n|move|p2a: \u8776\u795e|Moonblast|p1a: Weavile\n|-supereffective|p1a: Weavile\n|-damage|p1a: Weavile|0 fnt\n|faint|p1a: Weavile\n|\n|upkeep\n|\n|t:|1665912902\n|switch|p1a: Heatran|Heatran, M|29\/100\n|-damage|p1a: Heatran|17\/100|[from] Stealth Rock\n|turn|24\n|\n|t:|1665912907\n|switch|p2a: \u9f99\u7237\uff08\u867d\u7136\u8fd8\u662f\u4e0d\u4f1a\u9f99\u821e\uff09|Garchomp, F|50\/100\n|-damage|p2a: \u9f99\u7237\uff08\u867d\u7136\u8fd8\u662f\u4e0d\u4f1a\u9f99\u821e\uff09|44\/100|[from] Stealth Rock\n|move|p1a: Heatran|Magma Storm|p2a: \u9f99\u7237\uff08\u867d\u7136\u8fd8\u662f\u4e0d\u4f1a\u9f99\u821e\uff09\n|-resisted|p2a: \u9f99\u7237\uff08\u867d\u7136\u8fd8\u662f\u4e0d\u4f1a\u9f99\u821e\uff09\n|-damage|p2a: \u9f99\u7237\uff08\u867d\u7136\u8fd8\u662f\u4e0d\u4f1a\u9f99\u821e\uff09|16\/100\n|-activate|p2a: \u9f99\u7237\uff08\u867d\u7136\u8fd8\u662f\u4e0d\u4f1a\u9f99\u821e\uff09|move: Magma Storm|[of] p1a: Heatran\n|\n|-damage|p2a: \u9f99\u7237\uff08\u867d\u7136\u8fd8\u662f\u4e0d\u4f1a\u9f99\u821e\uff09|4\/100|[from] move: Magma Storm|[partiallytrapped]\n|upkeep\n|turn|25\n|\n|t:|1665912912\n|switch|p1a: Tangrowth|Tangrowth, F|100\/100\n|-damage|p1a: Tangrowth|88\/100|[from] Stealth Rock\n|move|p2a: \u9f99\u7237\uff08\u867d\u7136\u8fd8\u662f\u4e0d\u4f1a\u9f99\u821e\uff09|Dragon Claw|p1a: Tangrowth\n|-damage|p1a: Tangrowth|53\/100\n|-damage|p2a: \u9f99\u7237\uff08\u867d\u7136\u8fd8\u662f\u4e0d\u4f1a\u9f99\u821e\uff09|0 fnt|[from] item: Rocky Helmet|[of] p1a: Tangrowth\n|faint|p2a: \u9f99\u7237\uff08\u867d\u7136\u8fd8\u662f\u4e0d\u4f1a\u9f99\u821e\uff09\n|\n|upkeep\n|\n|t:|1665912915\n|switch|p2a: \u8776\u795e|Tapu Lele|58\/100\n|-damage|p2a: \u8776\u795e|45\/100|[from] Stealth Rock\n|turn|26\n|\n|t:|1665912918\n|switch|p1a: Heatran|Heatran, M|17\/100\n|-damage|p1a: Heatran|4\/100|[from] Stealth Rock\n|move|p2a: \u8776\u795e|Psychic|p1a: Heatran\n|-resisted|p1a: Heatran\n|-damage|p1a: Heatran|0 fnt\n|faint|p1a: Heatran\n|\n|upkeep\n|\n|t:|1665912918\n|switch|p1a: Tangrowth|Tangrowth, F|86\/100\n|-damage|p1a: Tangrowth|74\/100|[from] Stealth Rock\n|turn|27\n|\n|t:|1665912920\n|switch|p1a: rotomwash|Rotom-Wash|65\/100\n|-damage|p1a: rotomwash|52\/100|[from] Stealth Rock\n|move|p2a: \u8776\u795e|Psychic|p1a: rotomwash\n|-damage|p1a: rotomwash|0 fnt\n|faint|p1a: rotomwash\n|\n|-fieldend|move: Psychic Terrain\n|upkeep\n|\n|t:|1665912920\n|switch|p1a: Tangrowth|Tangrowth, F|100\/100\n|-damage|p1a: Tangrowth|88\/100|[from] Stealth Rock\n|turn|28\n|\n|t:|1665912922\n|move|p2a: \u8776\u795e|Psychic|p1a: Tangrowth\n|-crit|p1a: Tangrowth\n|-damage|p1a: Tangrowth|0 fnt\n|faint|p1a: Tangrowth\n|\n|win|superrouchuan\n|raw|minimax_ai's rating: 1425 &rarr; <strong>1408<\/strong><br \/>(-17 for losing)\n|raw|superrouchuan's rating: 1482 &rarr; <strong>1499<\/strong><br \/>(+17 for winning)\n|c|\u2606minimax_ai|gg\n","uploadtime":1665912924,"views":7,"p1id":"minimaxai","p2id":"superrouchuan","formatid":"gen8ou","rating":1408,"private":0,"password":null}