{"id":"gen8ou-1445732005","p1":"dmac99","p2":"Infernoss","format":"gen8ou","log":"|j|\u2606dmac99\n|j|\u2606Infernoss\n|t:|1635640718\n|gametype|singles\n|player|p1|dmac99|266|1704\n|player|p2|Infernoss|blue|1776\n|teamsize|p1|6\n|teamsize|p2|6\n|gen|8\n|tier|[Gen 8] OU\n|rated|\n|rule|Sleep Clause Mod: Limit one foe put to sleep\n|rule|Species Clause: Limit one of each Pok\u00e9mon\n|rule|OHKO Clause: OHKO moves are banned\n|rule|Evasion Moves Clause: Evasion moves are banned\n|rule|Endless Battle Clause: Forcing endless battles is banned\n|rule|HP Percentage Mod: HP is shown in percentages\n|rule|Dynamax Clause: You cannot dynamax\n|clearpoke\n|poke|p1|Tapu Lele|\n|poke|p1|Landorus-Therian, M|\n|poke|p1|Zapdos|\n|poke|p1|Volcanion|\n|poke|p1|Dragapult, M|\n|poke|p1|Melmetal|\n|poke|p2|Slowbro, M|\n|poke|p2|Garchomp, M|\n|poke|p2|Hatterene, F|\n|poke|p2|Ferrothorn, M|\n|poke|p2|Drampa, M|\n|poke|p2|Marowak-Alola, F|\n|teampreview\n|\n|t:|1635640751\n|start\n|switch|p1a: Volcanion|Volcanion|100\/100\n|switch|p2a: Sharko|Garchomp, M|100\/100\n|turn|1\n|\n|t:|1635640757\n|move|p2a: Sharko|Swords Dance|p2a: Sharko\n|-boost|p2a: Sharko|atk|2\n|move|p1a: Volcanion|Steam Eruption|p2a: Sharko\n|-damage|p2a: Sharko|0 fnt\n|faint|p2a: Sharko\n|\n|upkeep\n|j| Zokusei Kyouka\n|\n|t:|1635640767\n|switch|p2a: Miguelito|Ferrothorn, M|100\/100\n|turn|2\n|\n|t:|1635640772\n|move|p1a: Volcanion|Steam Eruption|p2a: Miguelito\n|-resisted|p2a: Miguelito\n|-damage|p2a: Miguelito|73\/100\n|-status|p2a: Miguelito|brn\n|move|p2a: Miguelito|Leech Seed|p1a: Volcanion\n|-start|p1a: Volcanion|move: Leech Seed\n|\n|-heal|p2a: Miguelito|79\/100 brn|[from] item: Leftovers\n|-damage|p1a: Volcanion|88\/100|[from] Leech Seed|[of] p2a: Miguelito\n|-heal|p2a: Miguelito|90\/100 brn|[silent]\n|-damage|p2a: Miguelito|84\/100 brn|[from] brn\n|upkeep\n|turn|3\n|j| YB IS BETTER\n|\n|t:|1635640785\n|switch|p1a: Landorus|Landorus-Therian, M|100\/100\n|-ability|p1a: Landorus|Intimidate|boost\n|-unboost|p2a: Miguelito|atk|1\n|move|p2a: Miguelito|Stealth Rock|p1a: Landorus\n|-sidestart|p1: dmac99|move: Stealth Rock\n|\n|-heal|p2a: Miguelito|90\/100 brn|[from] item: Leftovers\n|-damage|p2a: Miguelito|84\/100 brn|[from] brn\n|upkeep\n|turn|4\n|\n|t:|1635640794\n|move|p1a: Landorus|Knock Off|p2a: Miguelito\n|-damage|p2a: Miguelito|60\/100 brn\n|-damage|p1a: Landorus|88\/100|[from] ability: Iron Barbs|[of] p2a: Miguelito\n|-enditem|p2a: Miguelito|Leftovers|[from] move: Knock Off|[of] p1a: Landorus\n|move|p2a: Miguelito|Leech Seed|p1a: Landorus\n|-start|p1a: Landorus|move: Leech Seed\n|\n|-heal|p1a: Landorus|94\/100|[from] item: Leftovers\n|-damage|p1a: Landorus|82\/100|[from] Leech Seed|[of] p2a: Miguelito\n|-heal|p2a: Miguelito|73\/100 brn|[silent]\n|-damage|p2a: Miguelito|67\/100 brn|[from] brn\n|upkeep\n|turn|5\n|\n|t:|1635640807\n|switch|p1a: Zapdos|Zapdos|100\/100\n|switch|p2a: Sonso|Slowbro, M|100\/100\n|\n|upkeep\n|turn|6\n|\n|t:|1635640814\n|move|p1a: Zapdos|Defog|p2a: Sonso\n|-unboost|p2a: Sonso|evasion|1\n|-sideend|p1: dmac99|Stealth Rock|[from] move: Defog|[of] p1a: Zapdos\n|move|p2a: Sonso|Trick Room|p2a: Sonso\n|-fieldstart|move: Trick Room|[of] p2a: Sonso\n|\n|upkeep\n|turn|7\n|\n|t:|1635640819\n|switch|p2a: Falkor|Drampa, M, shiny|100\/100\n|move|p1a: Zapdos|Volt Switch|p2a: Falkor\n|-resisted|p2a: Falkor\n|-damage|p2a: Falkor|85\/100\n|\n|t:|1635640824\n|switch|p1a: Melmetal|Melmetal|100\/100|[from]move: Volt Switch\n|\n|upkeep\n|turn|8\n|\n|t:|1635640829\n|move|p2a: Falkor|Focus Blast|p1a: Melmetal\n|-supereffective|p1a: Melmetal\n|-damage|p1a: Melmetal|45\/100\n|-unboost|p1a: Melmetal|spd|1\n|-damage|p2a: Falkor|75\/100|[from] item: Life Orb\n|move|p1a: Melmetal|Ice Punch|p2a: Falkor\n|-supereffective|p2a: Falkor\n|-damage|p2a: Falkor|14\/100\n|-ability|p2a: Falkor|Berserk|boost\n|-boost|p2a: Falkor|spa|1\n|\n|upkeep\n|turn|9\n|\n|t:|1635640839\n|switch|p1a: Zapdos|Zapdos|100\/100\n|move|p2a: Falkor|Thunderbolt|p1a: Zapdos\n|-damage|p1a: Zapdos|38\/100\n|-damage|p2a: Falkor|5\/100|[from] item: Life Orb\n|\n|upkeep\n|turn|10\n|\n|t:|1635640849\n|switch|p1a: Melmetal|Melmetal|45\/100\n|move|p2a: Falkor|Roost|p2a: Falkor\n|-heal|p2a: Falkor|55\/100\n|-singleturn|p2a: Falkor|move: Roost\n|\n|-fieldend|move: Trick Room\n|upkeep\n|turn|11\n|\n|t:|1635640855\n|switch|p2a: Sonso|Slowbro, M|100\/100\n|move|p1a: Melmetal|Double Iron Bash|p2a: Sonso\n|-resisted|p2a: Sonso\n|-damage|p2a: Sonso|89\/100\n|-resisted|p2a: Sonso\n|-damage|p2a: Sonso|79\/100\n|-hitcount|p2a: Sonso|2\n|\n|upkeep\n|turn|12\n|\n|t:|1635640864\n|switch|p1a: Zapdos|Zapdos|38\/100\n|move|p2a: Sonso|Trick Room|p2a: Sonso\n|-fieldstart|move: Trick Room|[of] p2a: Sonso\n|\n|upkeep\n|turn|13\n|\n|t:|1635640868\n|switch|p2a: Billy B.|Marowak-Alola, F|100\/100\n|move|p1a: Zapdos|Roost|p1a: Zapdos\n|-heal|p1a: Zapdos|88\/100\n|-singleturn|p1a: Zapdos|move: Roost\n|\n|upkeep\n|turn|14\n|\n|t:|1635640877\n|switch|p1a: Landorus|Landorus-Therian, M|82\/100\n|-ability|p1a: Landorus|Intimidate|boost\n|-unboost|p2a: Billy B.|atk|1\n|move|p2a: Billy B.|Swords Dance|p2a: Billy B.\n|-boost|p2a: Billy B.|atk|2\n|\n|-heal|p1a: Landorus|88\/100|[from] item: Leftovers\n|upkeep\n|turn|15\n|\n|t:|1635640885\n|move|p2a: Billy B.|Poltergeist|p1a: Landorus\n|-activate|p1a: Landorus|move: Poltergeist|Leftovers\n|-damage|p1a: Landorus|0 fnt\n|faint|p1a: Landorus\n|\n|upkeep\n|\n|t:|1635640891\n|switch|p1a: Melmetal|Melmetal|45\/100\n|turn|16\n|\n|t:|1635640896\n|move|p2a: Billy B.|Poltergeist|p1a: Melmetal\n|-activate|p1a: Melmetal|move: Poltergeist|Assault Vest\n|-damage|p1a: Melmetal|0 fnt\n|faint|p1a: Melmetal\n|\n|-fieldend|move: Trick Room\n|upkeep\n|\n|t:|1635640899\n|switch|p1a: Volcanion|Volcanion|88\/100\n|turn|17\n|\n|t:|1635640905\n|switch|p2a: Miguelito|Ferrothorn, M|67\/100 brn\n|move|p1a: Volcanion|Earth Power|p2a: Miguelito\n|-damage|p2a: Miguelito|32\/100 brn\n|\n|-damage|p2a: Miguelito|25\/100 brn|[from] brn\n|upkeep\n|turn|18\n|\n|t:|1635640912\n|switch|p2a: Sonso|Slowbro, M|100\/100\n|move|p1a: Volcanion|Earth Power|p2a: Sonso\n|-damage|p2a: Sonso|51\/100\n|\n|upkeep\n|turn|19\n|\n|t:|1635640918\n|move|p1a: Volcanion|Earth Power|p2a: Sonso\n|-damage|p2a: Sonso|1\/100\n|move|p2a: Sonso|Trick Room|p2a: Sonso\n|-fieldstart|move: Trick Room|[of] p2a: Sonso\n|\n|upkeep\n|turn|20\n|\n|t:|1635640925\n|switch|p2a: Miguelito|Ferrothorn, M|25\/100 brn\n|move|p1a: Volcanion|Earth Power|p2a: Miguelito\n|-damage|p2a: Miguelito|0 fnt\n|faint|p2a: Miguelito\n|\n|upkeep\n|\n|t:|1635640931\n|switch|p2a: Billy B.|Marowak-Alola, F|100\/100\n|turn|21\n|\n|t:|1635640935\n|move|p2a: Billy B.|Poltergeist|p1a: Volcanion\n|-activate|p1a: Volcanion|move: Poltergeist|Choice Specs\n|-damage|p1a: Volcanion|0 fnt\n|faint|p1a: Volcanion\n|\n|upkeep\n|\n|t:|1635640940\n|switch|p1a: Zapdos|Zapdos|88\/100\n|turn|22\n|\n|t:|1635640944\n|move|p2a: Billy B.|Flare Blitz|p1a: Zapdos\n|-damage|p1a: Zapdos|12\/100\n|move|p1a: Zapdos|Roost|p1a: Zapdos\n|-heal|p1a: Zapdos|62\/100\n|-singleturn|p1a: Zapdos|move: Roost\n|\n|upkeep\n|turn|23\n|\n|t:|1635640952\n|move|p2a: Billy B.|Flare Blitz|p1a: Zapdos\n|-damage|p1a: Zapdos|0 fnt\n|faint|p1a: Zapdos\n|\n|-fieldend|move: Trick Room\n|upkeep\n|\n|t:|1635640963\n|switch|p1a: Tapu Lele|Tapu Lele|100\/100\n|-fieldstart|move: Psychic Terrain|[from] ability: Psychic Surge|[of] p1a: Tapu Lele\n|turn|24\n|\n|t:|1635640970\n|switch|p2a: Sonso|Slowbro, M|34\/100\n|move|p1a: Tapu Lele|Moonblast|p2a: Sonso\n|-damage|p2a: Sonso|0 fnt\n|faint|p2a: Sonso\n|\n|upkeep\n|\n|t:|1635640980\n|switch|p2a: Gorra|Hatterene, F, shiny|100\/100\n|turn|25\n|\n|t:|1635640993\n|move|p1a: Tapu Lele|Moonblast|p2a: Gorra\n|-damage|p2a: Gorra|61\/100\n|move|p2a: Gorra|Trick Room|p2a: Gorra\n|-fieldstart|move: Trick Room|[of] p2a: Gorra\n|\n|upkeep\n|turn|26\n|\n|t:|1635640998\n|move|p2a: Gorra|Healing Wish|p2a: Gorra\n|faint|p2a: Gorra\n|move|p1a: Tapu Lele|Moonblast|p2: Gorra|[notarget]\n|-fail|p1a: Tapu Lele\n|\n|upkeep\n|\n|t:|1635641002\n|switch|p2a: Billy B.|Marowak-Alola, F|100\/100\n|turn|27\n|\n|t:|1635641005\n|move|p2a: Billy B.|Flare Blitz|p1a: Tapu Lele\n|-damage|p1a: Tapu Lele|0 fnt\n|faint|p1a: Tapu Lele\n|\n|upkeep\n|\n|t:|1635641007\n|switch|p1a: Dragapult|Dragapult, M|100\/100\n|turn|28\n|\n|t:|1635641011\n|move|p2a: Billy B.|Poltergeist|p1a: Dragapult\n|-activate|p1a: Dragapult|move: Poltergeist|Choice Band\n|-supereffective|p1a: Dragapult\n|-damage|p1a: Dragapult|0 fnt\n|faint|p1a: Dragapult\n|\n|win|Infernoss\n|raw|dmac99's rating: 1704 &rarr; <strong>1688<\/strong><br \/>(-16 for losing)\n|raw|Infernoss's rating: 1776 &rarr; <strong>1792<\/strong><br \/>(+16 for winning)\n|l|\u2606dmac99\n","uploadtime":1635641021,"views":34,"p1id":"dmac99","p2id":"infernoss","formatid":"gen8ou","rating":1688,"private":0,"password":null}