{"id":"gen8ou-1416948826","p1":"lukibrasil","p2":"Infernoss","format":"gen8ou","log":"|j|\u2606lukibrasil\n|j|\u2606Infernoss\n|t:|1631669186\n|gametype|singles\n|player|p1|lukibrasil|youngn|1773\n|player|p2|Infernoss|chili|1843\n|teamsize|p1|6\n|teamsize|p2|6\n|gen|8\n|tier|[Gen 8] OU\n|rated|\n|rule|Sleep Clause Mod: Limit one foe put to sleep\n|rule|Species Clause: Limit one of each Pok\u00e9mon\n|rule|OHKO Clause: OHKO moves are banned\n|rule|Evasion Moves Clause: Evasion moves are banned\n|rule|Endless Battle Clause: Forcing endless battles is banned\n|rule|HP Percentage Mod: HP is shown in percentages\n|rule|Dynamax Clause: You cannot dynamax\n|clearpoke\n|poke|p1|Rillaboom, M|\n|poke|p1|Magnezone|\n|poke|p1|Heatran, M|\n|poke|p1|Buzzwole|\n|poke|p1|Tapu Fini|\n|poke|p1|Kartana|\n|poke|p2|Slowbro, M|\n|poke|p2|Hatterene, F|\n|poke|p2|Marowak-Alola, M|\n|poke|p2|Ferrothorn, M|\n|poke|p2|Garchomp, M|\n|poke|p2|Drampa, F|\n|teampreview\n|j| Talesgamer13\n|\n|t:|1631669233\n|start\n|switch|p1a: Rillaboom|Rillaboom, M, shiny|100\/100\n|switch|p2a: Sharpo|Garchomp, M|100\/100\n|-fieldstart|move: Grassy Terrain|[from] ability: Grassy Surge|[of] p1a: Rillaboom\n|turn|1\n|\n|t:|1631669240\n|move|p2a: Sharpo|Swords Dance|p2a: Sharpo\n|-boost|p2a: Sharpo|atk|2\n|move|p1a: Rillaboom|U-turn|p2a: Sharpo\n|-damage|p2a: Sharpo|65\/100\n|-damage|p1a: Rillaboom|88\/100|[from] ability: Rough Skin|[of] p2a: Sharpo\n|\n|t:|1631669242\n|switch|p1a: Buzzwole|Buzzwole|100\/100|[from]move: U-turn\n|\n|-heal|p2a: Sharpo|71\/100|[from] Grassy Terrain\n|-heal|p2a: Sharpo|78\/100|[from] item: Leftovers\n|upkeep\n|turn|2\n|j| regi2232\n|\n|t:|1631669258\n|switch|p2a: Sonso|Slowbro, M|100\/100\n|move|p1a: Buzzwole|Ice Punch|p2a: Sonso\n|-resisted|p2a: Sonso\n|-damage|p2a: Sonso|93\/100\n|\n|-heal|p2a: Sonso|99\/100|[from] Grassy Terrain\n|upkeep\n|turn|3\n|\n|t:|1631669265\n|switch|p1a: Kartana|Kartana|100\/100\n|move|p2a: Sonso|Trick Room|p2a: Sonso\n|-fieldstart|move: Trick Room|[of] p2a: Sonso\n|\n|-heal|p2a: Sonso|100\/100|[from] Grassy Terrain\n|upkeep\n|turn|4\n|\n|t:|1631669274\n|switch|p2a: Thorns|Ferrothorn, M|100\/100\n|move|p1a: Kartana|Leaf Blade|p2a: Thorns\n|-resisted|p2a: Thorns\n|-damage|p2a: Thorns|77\/100\n|-damage|p1a: Kartana|88\/100|[from] ability: Iron Barbs|[of] p2a: Thorns\n|\n|-heal|p2a: Thorns|84\/100|[from] Grassy Terrain\n|-heal|p2a: Thorns|90\/100|[from] item: Leftovers\n|-heal|p1a: Kartana|94\/100|[from] Grassy Terrain\n|upkeep\n|turn|5\n|\n|t:|1631669287\n|switch|p2a: Billy B.|Marowak-Alola, M|100\/100\n|move|p1a: Kartana|Leaf Blade|p2a: Billy B.\n|-resisted|p2a: Billy B.\n|-damage|p2a: Billy B.|47\/100\n|\n|-heal|p2a: Billy B.|53\/100|[from] Grassy Terrain\n|-heal|p1a: Kartana|100\/100|[from] Grassy Terrain\n|-fieldend|move: Grassy Terrain\n|upkeep\n|turn|6\n|j| OnGroveStreet\n|\n|t:|1631669304\n|switch|p1a: Tapu Fini|Tapu Fini|100\/100\n|-fieldstart|move: Misty Terrain|[from] ability: Misty Surge|[of] p1a: Tapu Fini\n|move|p2a: Billy B.|Poltergeist|p1a: Tapu Fini\n|-activate|p1a: Tapu Fini|move: Poltergeist|Choice Scarf\n|-damage|p1a: Tapu Fini|23\/100\n|\n|upkeep\n|turn|7\n|j| p74\n|\n|t:|1631669313\n|move|p2a: Billy B.|Flare Blitz|p1a: Tapu Fini\n|-resisted|p1a: Tapu Fini\n|-damage|p1a: Tapu Fini|0 fnt\n|faint|p1a: Tapu Fini\n|\n|-fieldend|move: Trick Room\n|upkeep\n|\n|t:|1631669319\n|switch|p1a: Kartana|Kartana|100\/100\n|turn|8\n|\n|t:|1631669324\n|switch|p2a: Thorns|Ferrothorn, M|90\/100\n|move|p1a: Kartana|Knock Off|p2a: Thorns\n|-damage|p2a: Thorns|38\/100\n|-damage|p1a: Kartana|88\/100|[from] ability: Iron Barbs|[of] p2a: Thorns\n|-enditem|p2a: Thorns|Leftovers|[from] move: Knock Off|[of] p1a: Kartana\n|\n|upkeep\n|turn|9\n|\n|t:|1631669332\n|move|p1a: Kartana|Knock Off|p2a: Thorns\n|-damage|p2a: Thorns|8\/100\n|-damage|p1a: Kartana|76\/100|[from] ability: Iron Barbs|[of] p2a: Thorns\n|move|p2a: Thorns|Stealth Rock|p1a: Kartana\n|-sidestart|p1: lukibrasil|move: Stealth Rock\n|\n|upkeep\n|turn|10\n|\n|t:|1631669340\n|move|p1a: Kartana|Knock Off|p2a: Thorns\n|-damage|p2a: Thorns|0 fnt\n|-damage|p1a: Kartana|63\/100|[from] ability: Iron Barbs|[of] p2a: Thorns\n|faint|p2a: Thorns\n|-ability|p1a: Kartana|Beast Boost|boost\n|-boost|p1a: Kartana|atk|1\n|\n|-fieldend|Misty Terrain\n|upkeep\n|\n|t:|1631669347\n|switch|p2a: Sonso|Slowbro, M|100\/100\n|turn|11\n|l| p74\n|j| Iziyo\n|\n|t:|1631669362\n|move|p1a: Kartana|Knock Off|p2a: Sonso\n|-supereffective|p2a: Sonso\n|-enditem|p2a: Sonso|Colbur Berry|[eat]\n|-enditem|p2a: Sonso|Colbur Berry|[weaken]\n|-damage|p2a: Sonso|44\/100\n|move|p2a: Sonso|Body Press|p1a: Kartana\n|-supereffective|p1a: Kartana\n|-damage|p1a: Kartana|3\/100\n|\n|upkeep\n|turn|12\n|\n|t:|1631669369\n|switch|p2a: Sharpo|Garchomp, M|78\/100\n|move|p1a: Kartana|Knock Off|p2a: Sharpo\n|-damage|p2a: Sharpo|0 fnt\n|-damage|p1a: Kartana|0 fnt|[from] ability: Rough Skin|[of] p2a: Sharpo\n|faint|p2a: Sharpo\n|faint|p1a: Kartana\n|\n|upkeep\n|\n|t:|1631669380\n|switch|p1a: Rillaboom|Rillaboom, M, shiny|88\/100\n|switch|p2a: Falko|Drampa, F|100\/100\n|-damage|p1a: Rillaboom|76\/100|[from] Stealth Rock\n|-fieldstart|move: Grassy Terrain|[from] ability: Grassy Surge|[of] p1a: Rillaboom\n|turn|13\n|\n|t:|1631669387\n|switch|p2a: Sonso|Slowbro, M|78\/100\n|move|p1a: Rillaboom|Superpower|p2a: Sonso\n|-resisted|p2a: Sonso\n|-damage|p2a: Sonso|61\/100\n|-unboost|p1a: Rillaboom|atk|1\n|-unboost|p1a: Rillaboom|def|1\n|\n|-heal|p1a: Rillaboom|82\/100|[from] Grassy Terrain\n|-heal|p2a: Sonso|67\/100|[from] Grassy Terrain\n|upkeep\n|turn|14\n|\n|t:|1631669397\n|switch|p1a: Magnezone|Magnezone|100\/100\n|-damage|p1a: Magnezone|94\/100|[from] Stealth Rock\n|move|p2a: Sonso|Trick Room|p2a: Sonso\n|-fieldstart|move: Trick Room|[of] p2a: Sonso\n|\n|-heal|p2a: Sonso|73\/100|[from] Grassy Terrain\n|-heal|p1a: Magnezone|100\/100|[from] Grassy Terrain\n|upkeep\n|turn|15\n|\n|t:|1631669404\n|switch|p2a: Falko|Drampa, F|100\/100\n|move|p1a: Magnezone|Discharge|p2a: Falko\n|-resisted|p2a: Falko\n|-damage|p2a: Falko|78\/100\n|-status|p2a: Falko|par\n|\n|-heal|p2a: Falko|84\/100 par|[from] Grassy Terrain\n|upkeep\n|turn|16\n|inactive|Battle timer is ON: inactive players will automatically lose when time's up. (requested by Infernoss)\n|\n|t:|1631669446\n|move|p2a: Falko|Focus Blast|p1a: Magnezone\n|-supereffective|p1a: Magnezone\n|-damage|p1a: Magnezone|0 fnt\n|faint|p1a: Magnezone\n|-damage|p2a: Falko|74\/100 par|[from] item: Life Orb\n|\n|-heal|p2a: Falko|80\/100 par|[from] Grassy Terrain\n|upkeep\n|\n|t:|1631669457\n|switch|p1a: Buzzwole|Buzzwole|100\/100\n|-damage|p1a: Buzzwole|88\/100|[from] Stealth Rock\n|turn|17\n|\n|t:|1631669462\n|move|p2a: Falko|Hyper Voice|p1a: Buzzwole\n|-crit|p1a: Buzzwole\n|-damage|p1a: Buzzwole|0 fnt\n|faint|p1a: Buzzwole\n|-damage|p2a: Falko|70\/100 par|[from] item: Life Orb\n|\n|-heal|p2a: Falko|77\/100 par|[from] Grassy Terrain\n|-fieldend|move: Grassy Terrain\n|upkeep\n|\n|t:|1631669466\n|switch|p1a: Rillaboom|Rillaboom, M, shiny|82\/100\n|-damage|p1a: Rillaboom|70\/100|[from] Stealth Rock\n|-fieldstart|move: Grassy Terrain|[from] ability: Grassy Surge|[of] p1a: Rillaboom\n|turn|18\n|\n|t:|1631669476\n|switch|p1a: Heatran|Heatran, M|100\/100\n|-damage|p1a: Heatran|88\/100|[from] Stealth Rock\n|move|p2a: Falko|Focus Blast|p1a: Heatran\n|-supereffective|p1a: Heatran\n|-damage|p1a: Heatran|0 fnt\n|faint|p1a: Heatran\n|-damage|p2a: Falko|67\/100 par|[from] item: Life Orb\n|\n|-heal|p2a: Falko|73\/100 par|[from] Grassy Terrain\n|-fieldend|move: Trick Room\n|upkeep\n|\n|t:|1631669482\n|switch|p1a: Rillaboom|Rillaboom, M, shiny|70\/100\n|-damage|p1a: Rillaboom|57\/100|[from] Stealth Rock\n|turn|19\n|\n|t:|1631669495\n|move|p1a: Rillaboom|Grassy Glide|p2a: Falko\n|-resisted|p2a: Falko\n|-crit|p2a: Falko\n|-damage|p2a: Falko|19\/100 par\n|-ability|p2a: Falko|Berserk|boost\n|-boost|p2a: Falko|spa|1\n|move|p2a: Falko|Hyper Voice|p1a: Rillaboom\n|-damage|p1a: Rillaboom|0 fnt\n|faint|p1a: Rillaboom\n|-damage|p2a: Falko|9\/100 par|[from] item: Life Orb\n|\n|win|Infernoss\n|raw|lukibrasil's rating: 1773 &rarr; <strong>1757<\/strong><br \/>(-16 for losing)\n|raw|Infernoss's rating: 1843 &rarr; <strong>1859<\/strong><br \/>(+16 for winning)\n|l| Talesgamer13\n|l|\u2606lukibrasil\n|l| regi2232\n||Ladder isn't responding, score probably updated but might not have (Request timeout).\n","uploadtime":1631669511,"views":42,"p1id":"lukibrasil","p2id":"infernoss","formatid":"gen8ou","rating":1757,"private":0,"password":null}