{"id":"gen8ou-1085692900","p1":"roboPOKE","p2":"CarlyBae","format":"gen8ou","log":"|j|\u2606roboPOKE\n|j|\u2606CarlyBae\n|player|p1|roboPOKE|101|1648\n|player|p2|CarlyBae|dawn-gen4pt|1599\n|teamsize|p1|6\n|teamsize|p2|6\n|gametype|singles\n|gen|8\n|tier|[Gen 8] OU\n|rated|\n|html|<div class=\"broadcast-red\"><strong>OU is currently suspecting Arena Trap! For information on how to participate check out the <a href=\"https:\/\/www.smogon.com\/forums\/threads\/3661134\/\">suspect thread<\/a>.<\/strong><\/div>\n|clearpoke\n|poke|p1|Ferrothorn, F|\n|poke|p1|Incineroar, F|\n|poke|p1|Crawdaunt, F|\n|poke|p1|Hatterene, F|\n|poke|p1|Gyarados, M|\n|poke|p1|Diggersby, M|\n|poke|p2|Crawdaunt, F|\n|poke|p2|Cinderace, M|\n|poke|p2|Mamoswine, M|\n|poke|p2|Aegislash, M|\n|poke|p2|Flygon, M|\n|poke|p2|Zeraora|\n|rule|Sleep Clause Mod: Limit one foe put to sleep\n|rule|Species Clause: Limit one of each Pok\u00e9mon\n|rule|OHKO Clause: OHKO moves are banned\n|rule|Evasion Moves Clause: Evasion moves are banned\n|rule|Endless Battle Clause: Forcing endless battles is banned\n|rule|HP Percentage Mod: HP is shown in percentages\n|rule|Dynamax Clause: You cannot dynamax\n|teampreview\n|j| blossoming sunrise\n|inactive|Battle timer is ON: inactive players will automatically lose when time's up. (requested by roboPOKE)\n|\n|start\n|switch|p1a: Gyarados|Gyarados, M|100\/100\n|switch|p2a: Cinderace|Cinderace, M|100\/100\n|turn|1\n|\n|move|p2a: Cinderace|U-turn|p1a: Gyarados\n|-resisted|p1a: Gyarados\n|-damage|p1a: Gyarados|81\/100\n|\n|switch|p2a: Zeraora|Zeraora|100\/100|[from]move: U-turn\n|move|p1a: Gyarados|Waterfall|p2a: Zeraora\n|-damage|p2a: Zeraora|45\/100\n|\n|upkeep\n|turn|2\n|\n|switch|p1a: Ferrothorn|Ferrothorn, F|100\/100\n|move|p2a: Zeraora|Close Combat|p1a: Ferrothorn\n|-supereffective|p1a: Ferrothorn\n|-damage|p1a: Ferrothorn|40\/100\n|-unboost|p2a: Zeraora|def|1\n|-unboost|p2a: Zeraora|spd|1\n|-damage|p2a: Zeraora|33\/100|[from] ability: Iron Barbs|[of] p1a: Ferrothorn\n|-damage|p2a: Zeraora|17\/100|[from] item: Rocky Helmet|[of] p1a: Ferrothorn\n|\n|upkeep\n|turn|3\n|\n|switch|p1a: Hatterene|Hatterene, F|100\/100\n|move|p2a: Zeraora|Close Combat|p1a: Hatterene\n|-resisted|p1a: Hatterene\n|-damage|p1a: Hatterene|89\/100\n|-unboost|p2a: Zeraora|def|1\n|-unboost|p2a: Zeraora|spd|1\n|\n|-heal|p1a: Hatterene|95\/100|[from] item: Leftovers\n|upkeep\n|turn|4\n|\n|switch|p2a: Crawdaunt|Crawdaunt, F|100\/100\n|move|p1a: Hatterene|Draining Kiss|p2a: Crawdaunt\n|-supereffective|p2a: Crawdaunt\n|-damage|p2a: Crawdaunt|3\/100\n|-heal|p1a: Hatterene|100\/100|[from] drain|[of] p2a: Crawdaunt\n|\n|upkeep\n|turn|5\n|\n|switch|p1a: Ferrothorn|Ferrothorn, F|40\/100\n|move|p2a: Crawdaunt|Knock Off|p1a: Ferrothorn\n|-damage|p1a: Ferrothorn|0 fnt\n|-damage|p2a: Crawdaunt|0 fnt|[from] ability: Iron Barbs|[of] p1a: Ferrothorn\n|faint|p1a: Ferrothorn\n|faint|p2a: Crawdaunt\n|\n|upkeep\n|\n|switch|p2a: Aegislash|Aegislash, M|100\/100\n|switch|p1a: Diggersby|Diggersby, M|100\/100\n|turn|6\n|\n|move|p1a: Diggersby|U-turn|p2a: Aegislash\n|-resisted|p2a: Aegislash\n|-damage|p2a: Aegislash|93\/100\n|\n|switch|p1a: Incineroar|Incineroar, F|100\/100|[from]move: U-turn\n|-ability|p1a: Incineroar|Intimidate|boost\n|-unboost|p2a: Aegislash|atk|1\n|-formechange|p2a: Aegislash|Aegislash-Blade||[from] ability: Stance Change\n|move|p2a: Aegislash|Close Combat|p1a: Incineroar\n|-supereffective|p1a: Incineroar\n|-damage|p1a: Incineroar|8\/100\n|-unboost|p2a: Aegislash|def|1\n|-unboost|p2a: Aegislash|spd|1\n|\n|upkeep\n|turn|7\n|\n|switch|p2a: Flygon|Flygon, M|100\/100\n|switch|p1a: Hatterene|Hatterene, F|100\/100\n|\n|upkeep\n|turn|8\n|\n|move|p2a: Flygon|U-turn|p1a: Hatterene\n|-damage|p1a: Hatterene|78\/100\n|\n|switch|p2a: Cinderace|Cinderace, M|100\/100|[from]move: U-turn\n|move|p1a: Hatterene|Mystical Fire|p2a: Cinderace\n|-resisted|p2a: Cinderace\n|-crit|p2a: Cinderace\n|-damage|p2a: Cinderace|77\/100\n|-unboost|p2a: Cinderace|spa|1\n|\n|-heal|p1a: Hatterene|84\/100|[from] item: Leftovers\n|upkeep\n|turn|9\n|\n|move|p2a: Cinderace|U-turn|p1a: Hatterene\n|-damage|p1a: Hatterene|58\/100\n|\n|switch|p2a: Aegislash|Aegislash, M|93\/100|[from]move: U-turn\n|move|p1a: Hatterene|Psyshock|p2a: Aegislash\n|-resisted|p2a: Aegislash\n|-damage|p2a: Aegislash|75\/100\n|\n|-heal|p1a: Hatterene|64\/100|[from] item: Leftovers\n|upkeep\n|turn|10\n|\n|switch|p1a: Diggersby|Diggersby, M|100\/100\n|-formechange|p2a: Aegislash|Aegislash-Blade||[from] ability: Stance Change\n|move|p2a: Aegislash|Shadow Claw|p1a: Diggersby\n|-immune|p1a: Diggersby\n|\n|upkeep\n|turn|11\n|\n|switch|p2a: Cinderace|Cinderace, M|77\/100\n|move|p1a: Diggersby|Body Slam|p2a: Cinderace\n|-crit|p2a: Cinderace\n|-damage|p2a: Cinderace|0 fnt\n|faint|p2a: Cinderace\n|\n|upkeep\n|\n|switch|p2a: Aegislash|Aegislash, M|75\/100\n|turn|12\n|c|\u2606roboPOKE|what?\n|\n|move|p1a: Diggersby|Body Slam|p2a: Aegislash\n|-immune|p2a: Aegislash\n|-formechange|p2a: Aegislash|Aegislash-Blade||[from] ability: Stance Change\n|move|p2a: Aegislash|Shadow Claw|p1a: Diggersby\n|-immune|p1a: Diggersby\n|\n|upkeep\n|turn|13\n|\n|move|p1a: Diggersby|Body Slam|p2a: Aegislash\n|-immune|p2a: Aegislash\n|move|p2a: Aegislash|Shadow Claw|p1a: Diggersby\n|-immune|p1a: Diggersby\n|\n|upkeep\n|turn|14\n|\n|move|p1a: Diggersby|Body Slam|p2a: Aegislash\n|-immune|p2a: Aegislash\n|move|p2a: Aegislash|Shadow Claw|p1a: Diggersby\n|-immune|p1a: Diggersby\n|\n|upkeep\n|turn|15\n|j| ThirdStrongestMole\n|\n|move|p1a: Diggersby|Body Slam|p2a: Aegislash\n|-immune|p2a: Aegislash\n|move|p2a: Aegislash|Shadow Claw|p1a: Diggersby\n|-immune|p1a: Diggersby\n|\n|upkeep\n|turn|16\n|j| kryptwave\u22c8\n|\n|move|p1a: Diggersby|Body Slam|p2a: Aegislash\n|-immune|p2a: Aegislash\n|move|p2a: Aegislash|Shadow Claw|p1a: Diggersby\n|-immune|p1a: Diggersby\n|\n|upkeep\n|turn|17\n|j| GiantLobster\n|j| dfvergve\n|l| dfvergve\n|c| blossoming sunrise|lmao\n|l| GiantLobster\n|c| ThirdStrongestMole|The fuck am I watching\n|c| kryptwave\u22c8|based plays\n|\n|move|p1a: Diggersby|Body Slam|p2a: Aegislash\n|-immune|p2a: Aegislash\n|move|p2a: Aegislash|Shadow Claw|p1a: Diggersby\n|-immune|p1a: Diggersby\n|\n|upkeep\n|turn|18\n|\n|move|p1a: Diggersby|Body Slam|p2a: Aegislash\n|-immune|p2a: Aegislash\n|move|p2a: Aegislash|Shadow Claw|p1a: Diggersby\n|-immune|p1a: Diggersby\n|\n|upkeep\n|turn|19\n|\n|move|p1a: Diggersby|Body Slam|p2a: Aegislash\n|-immune|p2a: Aegislash\n|move|p2a: Aegislash|Shadow Claw|p1a: Diggersby\n|-immune|p1a: Diggersby\n|\n|upkeep\n|turn|20\n|j| Z\u2206pphiron\u2605\n|c|\u2606roboPOKE|sack 1 mon\n|j| imnewimnew\n|c|\u2606roboPOKE|then u have 1 more shadowclaw than me\n|c|\u2606roboPOKE|so i can sack 1 mon\n|c| blossoming sunrise|:thonk:\n|c|\u2606CarlyBae|id lose the sack game\n|c|\u2606roboPOKE|:o\n|\n|move|p1a: Diggersby|Body Slam|p2a: Aegislash\n|-immune|p2a: Aegislash\n|move|p2a: Aegislash|Shadow Claw|p1a: Diggersby\n|-immune|p1a: Diggersby\n|\n|upkeep\n|turn|21\n|\n|move|p1a: Diggersby|Body Slam|p2a: Aegislash\n|-immune|p2a: Aegislash\n|move|p2a: Aegislash|Shadow Claw|p1a: Diggersby\n|-immune|p1a: Diggersby\n|\n|upkeep\n|turn|22\n|\n|move|p1a: Diggersby|Body Slam|p2a: Aegislash\n|-immune|p2a: Aegislash\n|move|p2a: Aegislash|Shadow Claw|p1a: Diggersby\n|-immune|p1a: Diggersby\n|\n|upkeep\n|turn|23\n|\n|move|p1a: Diggersby|Body Slam|p2a: Aegislash\n|-immune|p2a: Aegislash\n|move|p2a: Aegislash|Shadow Claw|p1a: Diggersby\n|-immune|p1a: Diggersby\n|\n|upkeep\n|turn|24\n|\n|move|p1a: Diggersby|Body Slam|p2a: Aegislash\n|-immune|p2a: Aegislash\n|move|p2a: Aegislash|Shadow Claw|p1a: Diggersby\n|-immune|p1a: Diggersby\n|\n|upkeep\n|turn|25\n|c|\u2606roboPOKE|get bigger sack then\n|\n|move|p1a: Diggersby|Body Slam|p2a: Aegislash\n|-immune|p2a: Aegislash\n|move|p2a: Aegislash|Shadow Claw|p1a: Diggersby\n|-immune|p1a: Diggersby\n|\n|upkeep\n|turn|26\n|c| ThirdStrongestMole|Bro just click earthquake!\n|c| ThirdStrongestMole|dumbass\n|\n|move|p1a: Diggersby|Body Slam|p2a: Aegislash\n|-immune|p2a: Aegislash\n|move|p2a: Aegislash|Shadow Claw|p1a: Diggersby\n|-immune|p1a: Diggersby\n|\n|upkeep\n|turn|27\n|c|\u2606roboPOKE|well\n|c| ThirdStrongestMole|lol I know\n|c| blossoming sunrise|Carlybae use the other teams lmao\n|c|\u2606roboPOKE|i dont want him to go\n|c| blossoming sunrise|instead of this one\n|c|\u2606roboPOKE|flygon\n|c|\u2606roboPOKE|so i spam bodyslam\n|c|\u2606CarlyBae|this ones brainless i dont feel like thinking\n|\n|move|p1a: Diggersby|Body Slam|p2a: Aegislash\n|-immune|p2a: Aegislash\n|move|p2a: Aegislash|Shadow Claw|p1a: Diggersby\n|-immune|p1a: Diggersby\n|\n|upkeep\n|turn|28\n|\n|move|p1a: Diggersby|Body Slam|p2a: Aegislash\n|-immune|p2a: Aegislash\n|move|p2a: Aegislash|Shadow Claw|p1a: Diggersby\n|-immune|p1a: Diggersby\n|\n|upkeep\n|turn|29\n|c| ThirdStrongestMole|I'm joking it's the right play. I assumed you're choice locked too\n|\n|move|p1a: Diggersby|Body Slam|p2a: Aegislash\n|-immune|p2a: Aegislash\n|move|p2a: Aegislash|Shadow Claw|p1a: Diggersby\n|-immune|p1a: Diggersby\n|\n|upkeep\n|turn|30\n|\n|move|p1a: Diggersby|Body Slam|p2a: Aegislash\n|-immune|p2a: Aegislash\n|move|p2a: Aegislash|Shadow Claw|p1a: Diggersby\n|-immune|p1a: Diggersby\n|\n|upkeep\n|turn|31\n|\n|move|p1a: Diggersby|Body Slam|p2a: Aegislash\n|-immune|p2a: Aegislash\n|move|p2a: Aegislash|Shadow Claw|p1a: Diggersby\n|-immune|p1a: Diggersby\n|\n|upkeep\n|turn|32\n|\n|move|p1a: Diggersby|Body Slam|p2a: Aegislash\n|-immune|p2a: Aegislash\n|move|p2a: Aegislash|Shadow Claw|p1a: Diggersby\n|-immune|p1a: Diggersby\n|\n|upkeep\n|turn|33\n|c| blossoming sunrise|wait\n|\n|move|p1a: Diggersby|Body Slam|p2a: Aegislash\n|-immune|p2a: Aegislash\n|move|p2a: Aegislash|Shadow Claw|p1a: Diggersby\n|-immune|p1a: Diggersby\n|\n|upkeep\n|turn|34\n|c| blossoming sunrise|how long have you been on today\n|c| blossoming sunrise|Carlybae\n|\n|move|p1a: Diggersby|Body Slam|p2a: Aegislash\n|-immune|p2a: Aegislash\n|move|p2a: Aegislash|Shadow Claw|p1a: Diggersby\n|-immune|p1a: Diggersby\n|\n|upkeep\n|turn|35\n|c|\u2606CarlyBae|like 10 minutes before you got on\n|c|\u2606roboPOKE|ok i admit\n|c| blossoming sunrise|ah k\n|c| blossoming sunrise|that's funny\n|c| blossoming sunrise|lol\n|\n|switch|p2a: Mamoswine|Mamoswine, M|100\/100\n|-activate|p1a: Diggersby|move: Struggle\n|move|p1a: Diggersby|Struggle|p2a: Mamoswine\n|-damage|p2a: Mamoswine|75\/100\n|-damage|p1a: Diggersby|75\/100|[from] recoil\n|\n|upkeep\n|turn|36\n|\n|switch|p1a: Hatterene|Hatterene, F|64\/100\n|move|p2a: Mamoswine|Icicle Crash|p1a: Hatterene\n|-damage|p1a: Hatterene|10\/100\n|\n|-heal|p1a: Hatterene|16\/100|[from] item: Leftovers\n|upkeep\n|turn|37\n|c|\u2606roboPOKE|sash broken\n|c|\u2606roboPOKE|yea\n|\n|switch|p1a: Incineroar|Incineroar, F|8\/100\n|-ability|p1a: Incineroar|Intimidate|boost\n|-unboost|p2a: Mamoswine|atk|1\n|move|p2a: Mamoswine|Icicle Crash|p1a: Incineroar\n|-resisted|p1a: Incineroar\n|-damage|p1a: Incineroar|0 fnt\n|faint|p1a: Incineroar\n|\n|upkeep\n|\n|switch|p1a: Crawdaunt|Crawdaunt, F|100\/100\n|turn|38\n|j| jojoboy12345\n|c| ThirdStrongestMole|The sneaky crab is in\n|\n|switch|p2a: Aegislash|Aegislash, M|75\/100\n|move|p1a: Crawdaunt|Aqua Jet|p2a: Aegislash\n|-damage|p2a: Aegislash|44\/100\n|\n|upkeep\n|turn|39\n|\n|switch|p1a: Hatterene|Hatterene, F|16\/100\n|-formechange|p2a: Aegislash|Aegislash-Blade||[from] ability: Stance Change\n|move|p2a: Aegislash|Iron Head|p1a: Hatterene\n|-supereffective|p1a: Hatterene\n|-damage|p1a: Hatterene|0 fnt\n|faint|p1a: Hatterene\n|\n|upkeep\n|\n|switch|p1a: Crawdaunt|Crawdaunt, F|100\/100\n|turn|40\n|\n|move|p1a: Crawdaunt|Aqua Jet|p2a: Aegislash\n|-damage|p2a: Aegislash|0 fnt\n|faint|p2a: Aegislash\n|\n|upkeep\n|\n|switch|p2a: Flygon|Flygon, M|100\/100\n|turn|41\n|\n|move|p2a: Flygon|U-turn|p1a: Crawdaunt\n|-supereffective|p1a: Crawdaunt\n|-damage|p1a: Crawdaunt|12\/100\n|c| blossoming sunrise|f\n|\n|switch|p2a: Mamoswine|Mamoswine, M|75\/100|[from]move: U-turn\n|move|p1a: Crawdaunt|Knock Off|p2a: Mamoswine\n|-damage|p2a: Mamoswine|0 fnt\n|-enditem|p2a: Mamoswine|Choice Band|[from] move: Knock Off|[of] p1a: Crawdaunt\n|faint|p2a: Mamoswine\n|\n|upkeep\n|\n|switch|p2a: Flygon|Flygon, M|100\/100\n|turn|42\n|\n|move|p1a: Crawdaunt|Aqua Jet|p2a: Flygon\n|-damage|p2a: Flygon|58\/100\n|move|p2a: Flygon|U-turn|p1a: Crawdaunt\n|-supereffective|p1a: Crawdaunt\n|-damage|p1a: Crawdaunt|0 fnt\n|faint|p1a: Crawdaunt\n|\n|switch|p2a: Zeraora|Zeraora|17\/100|[from]move: U-turn\n|\n|upkeep\n|inactive|roboPOKE has 120 seconds left.\n|inactive|roboPOKE has 90 seconds left.\n|c| blossoming sunrise|jojoboy12345 do you watch jojo\n|\n|switch|p1a: Diggersby|Diggersby, M|75\/100\n|turn|43\n|c| jojoboy12345|yeah i do\n|c| blossoming sunrise|good shit\n|c| jojoboy12345|loving it\n|c| blossoming sunrise|man of culture\n|c|\u2606roboPOKE|jojo best\n|c| blossoming sunrise|jojo best indeed\n|c|\u2606roboPOKE|best part is\n|c| jojoboy12345|luv u guys\n|c|\u2606roboPOKE|joseph\n|inactive|CarlyBae has 120 seconds left.\n|c|\u2606roboPOKE|STROOOHEIMM\n|\n|switch|p2a: Flygon|Flygon, M|58\/100\n|move|p1a: Diggersby|U-turn|p2a: Flygon\n|-damage|p2a: Flygon|14\/100\n|\n|switch|p1a: Gyarados|Gyarados, M|81\/100|[from]move: U-turn\n|\n|upkeep\n|turn|44\n|inactive|CarlyBae has 120 seconds left.\n|l| kryptwave\u22c8\n|inactive|roboPOKE has 90 seconds left.\n|c| blossoming sunrise|jojo 2 best\n|c| jojoboy12345|<3\n|\n|move|p2a: Flygon|Outrage|p1a: Gyarados\n|-damage|p1a: Gyarados|0 fnt\n|faint|p1a: Gyarados\n|\n|upkeep\n|\n|switch|p1a: Diggersby|Diggersby, M|75\/100\n|turn|45\n|\n|move|p1a: Diggersby|U-turn|p2a: Flygon\n|-damage|p2a: Flygon|0 fnt\n|faint|p2a: Flygon\n|\n|upkeep\n|\n|switch|p2a: Zeraora|Zeraora|17\/100\n|turn|46\n|\n|move|p2a: Zeraora|Close Combat|p1a: Diggersby\n|-supereffective|p1a: Diggersby\n|-damage|p1a: Diggersby|0 fnt\n|-unboost|p2a: Zeraora|def|1\n|-unboost|p2a: Zeraora|spd|1\n|faint|p1a: Diggersby\n|\n|win|CarlyBae\n|c|\u2606roboPOKE|gg\n|c|\u2606CarlyBae|gg\n|c| blossoming sunrise|gg\n|l|\u2606roboPOKE\n|l| Z\u2206pphiron\u2605\n|c| jojoboy12345|:O gg\n|c| blossoming sunrise|Carlybae\n|c| blossoming sunrise|why am I so bad\n|c| blossoming sunrise|with this team\n|c| blossoming sunrise|lmfao\n|l| imnewimnew\n|raw|roboPOKE's rating: 1666 &rarr; <strong>1641<\/strong><br \/>(-25 for losing)\n|raw|CarlyBae's rating: 1576 &rarr; <strong>1601<\/strong><br \/>(+25 for winning)\n","uploadtime":1585236254,"views":13,"p1id":"robopoke","p2id":"carlybae","formatid":"gen8ou","rating":1601,"private":0,"password":null}