{"id":"gen8ou-1703514755","p1":"minimax_ai","p2":"Scoots Mgee","format":"gen8ou","log":"|j|\u203dminimax_ai\n|j|\u2606Scoots Mgee\n|t:|1667670459\n|gametype|singles\n|player|p1|minimax_ai|169|1522\n|player|p2|Scoots Mgee|acetrainerf|1507\n|teamsize|p1|6\n|teamsize|p2|6\n|gen|8\n|tier|[Gen 8] OU\n|rated|\n|rule|Sleep Clause Mod: Limit one foe put to sleep\n|rule|Species Clause: Limit one of each Pok\u00e9mon\n|rule|OHKO Clause: OHKO moves are banned\n|rule|Evasion Items Clause: Evasion items are banned\n|rule|Evasion Moves Clause: Evasion moves are banned\n|rule|Endless Battle Clause: Forcing endless battles is banned\n|rule|HP Percentage Mod: HP is shown in percentages\n|rule|Dynamax Clause: You cannot dynamax\n|clearpoke\n|poke|p1|Rotom-Wash|\n|poke|p1|Weavile, M|\n|poke|p1|Landorus-Therian, M|\n|poke|p1|Heatran, M|\n|poke|p1|Tangrowth, F|\n|poke|p1|Melmetal|\n|poke|p2|Toxapex, M|\n|poke|p2|Umbreon, F|\n|poke|p2|Corviknight, M|\n|poke|p2|Hippowdon, F|\n|poke|p2|Dragapult, F|\n|poke|p2|Zapdos|\n|teampreview\n|inactive|Battle timer is ON: inactive players will automatically lose when time's up. (requested by Scoots Mgee)\n|inactive|minimax_ai also wants the timer to be on.\n|\n|t:|1667670464\n|start\n|switch|p1a: Melmetal|Melmetal|100\/100\n|switch|p2a: Dragapult|Dragapult, F|100\/100\n|turn|1\n|\n|t:|1667670470\n|move|p2a: Dragapult|U-turn|p1a: Melmetal\n|-resisted|p1a: Melmetal\n|-damage|p1a: Melmetal|89\/100\n|\n|t:|1667670473\n|switch|p2a: Corviknight|Corviknight, M|100\/100|[from]move: U-turn\n|-ability|p2a: Corviknight|Pressure\n|move|p1a: Melmetal|Ice Punch|p2a: Corviknight\n|-damage|p2a: Corviknight|81\/100\n|-damage|p1a: Melmetal|73\/100|[from] item: Rocky Helmet|[of] p2a: Corviknight\n|\n|upkeep\n|turn|2\n|\n|t:|1667670476\n|switch|p1a: Rotom|Rotom-Wash|100\/100\n|move|p2a: Corviknight|U-turn|p1a: Rotom\n|-damage|p1a: Rotom|86\/100\n|\n|t:|1667670480\n|switch|p2a: Hippowdon|Hippowdon, F|100\/100|[from]move: U-turn\n|-weather|Sandstorm|[from] ability: Sand Stream|[of] p2a: Hippowdon\n|\n|-weather|Sandstorm|[upkeep]\n|-damage|p1a: Rotom|79\/100|[from] Sandstorm\n|-heal|p1a: Rotom|86\/100|[from] item: Leftovers\n|upkeep\n|turn|3\n|\n|t:|1667670482\n|move|p1a: Rotom|Hydro Pump|p2a: Hippowdon\n|-supereffective|p2a: Hippowdon\n|-damage|p2a: Hippowdon|39\/100\n|move|p2a: Hippowdon|Toxic|p1a: Rotom\n|-status|p1a: Rotom|tox\n|\n|-weather|Sandstorm|[upkeep]\n|-damage|p1a: Rotom|79\/100 tox|[from] Sandstorm\n|-heal|p1a: Rotom|86\/100 tox|[from] item: Leftovers\n|-heal|p2a: Hippowdon|45\/100|[from] item: Leftovers\n|-damage|p1a: Rotom|79\/100 tox|[from] psn\n|upkeep\n|turn|4\n|\n|t:|1667670491\n|move|p1a: Rotom|Hydro Pump|p2a: Hippowdon\n|-supereffective|p2a: Hippowdon\n|-damage|p2a: Hippowdon|0 fnt\n|faint|p2a: Hippowdon\n|\n|-weather|Sandstorm|[upkeep]\n|-damage|p1a: Rotom|73\/100 tox|[from] Sandstorm\n|-heal|p1a: Rotom|79\/100 tox|[from] item: Leftovers\n|-damage|p1a: Rotom|67\/100 tox|[from] psn\n|upkeep\n|\n|t:|1667670493\n|switch|p2a: Dragapult|Dragapult, F|100\/100\n|turn|5\n|\n|t:|1667670497\n|switch|p1a: Melmetal|Melmetal|73\/100\n|move|p2a: Dragapult|U-turn|p1a: Melmetal\n|-resisted|p1a: Melmetal\n|-damage|p1a: Melmetal|61\/100\n|\n|t:|1667670500\n|switch|p2a: Zapdos|Zapdos|100\/100|[from]move: U-turn\n|\n|-weather|Sandstorm|[upkeep]\n|-damage|p2a: Zapdos|94\/100|[from] Sandstorm\n|upkeep\n|turn|6\n|\n|t:|1667670505\n|move|p2a: Zapdos|Heat Wave|p1a: Melmetal\n|-supereffective|p1a: Melmetal\n|-damage|p1a: Melmetal|9\/100\n|move|p1a: Melmetal|Ice Punch|p2a: Zapdos\n|-supereffective|p2a: Zapdos\n|-damage|p2a: Zapdos|20\/100\n|\n|-weather|none\n|upkeep\n|turn|7\n|\n|t:|1667670513\n|switch|p2a: Toxapex|Toxapex, M|100\/100\n|switch|p1a: Heatran|Heatran, M|100\/100\n|-item|p1a: Heatran|Air Balloon\n|\n|upkeep\n|turn|8\n|\n|t:|1667670516\n|move|p1a: Heatran|Stealth Rock|p2a: Toxapex\n|-sidestart|p2: Scoots Mgee|move: Stealth Rock\n|move|p2a: Toxapex|Knock Off|p1a: Heatran\n|-damage|p1a: Heatran|83\/100\n|-enditem|p1a: Heatran|Air Balloon\n|\n|upkeep\n|turn|9\n|\n|t:|1667670520\n|move|p2a: Toxapex|Baneful Bunker|p2a: Toxapex\n|-singleturn|p2a: Toxapex|move: Protect\n|move|p1a: Heatran|Earth Power|p2a: Toxapex\n|-activate|p2a: Toxapex|move: Protect\n|\n|upkeep\n|turn|10\n|\n|t:|1667670524\n|switch|p2a: Umbreon|Umbreon, F|100\/100\n|-damage|p2a: Umbreon|88\/100|[from] Stealth Rock\n|move|p1a: Heatran|Magma Storm|p2a: Umbreon\n|-damage|p2a: Umbreon|53\/100\n|-activate|p2a: Umbreon|move: Magma Storm|[of] p1a: Heatran\n|\n|-heal|p2a: Umbreon|59\/100|[from] item: Leftovers\n|-damage|p2a: Umbreon|46\/100|[from] move: Magma Storm|[partiallytrapped]\n|upkeep\n|turn|11\n|\n|t:|1667670527\n|move|p2a: Umbreon|Protect|p2a: Umbreon\n|-singleturn|p2a: Umbreon|Protect\n|move|p1a: Heatran|Magma Storm|p2a: Umbreon\n|-activate|p2a: Umbreon|move: Protect\n|\n|-heal|p2a: Umbreon|52\/100|[from] item: Leftovers\n|-damage|p2a: Umbreon|40\/100|[from] move: Magma Storm|[partiallytrapped]\n|upkeep\n|turn|12\n|\n|t:|1667670529\n|move|p1a: Heatran|Eruption|p2a: Umbreon\n|-damage|p2a: Umbreon|0 fnt\n|faint|p2a: Umbreon\n|\n|upkeep\n|-message|Scoots Mgee forfeited.\n|\n|win|minimax_ai\n|raw|minimax_ai's rating: 1522 &rarr; <strong>1541<\/strong><br \/>(+19 for winning)\n|raw|Scoots Mgee's rating: 1507 &rarr; <strong>1488<\/strong><br \/>(-19 for losing)\n|l|\u2606Scoots Mgee\n","uploadtime":1667670532,"views":8,"p1id":"minimaxai","p2id":"scootsmgee","formatid":"gen8ou","rating":1488,"private":0,"password":null}