{"id":"gen8ou-1258608794","p1":"BBB papillon","p2":"Burnt Bright","format":"gen8ou","log":"|html|<div class=\"broadcast-blue\"><strong>[Gen 8] OU is currently suspecting Urshifu-S! For information on how to participate check out the <a href=\"https:\/\/www.smogon.com\/forums\/threads\/np-ss-ou-suspect-process-round-8-aint-no-rest-for-the-wicked.3675310\/\">suspect thread<\/a>.<\/strong><\/div>\n|j|\u2606BBB papillon\n|j|\u2606Burnt Bright\n|t:|1610151425\n|player|p1|BBB papillon|red|1665\n|player|p2|Burnt Bright|parasollady-gen4|1651\n|teamsize|p1|6\n|teamsize|p2|6\n|gametype|singles\n|gen|8\n|tier|[Gen 8] OU\n|rated|\n|clearpoke\n|poke|p1|Nidoking, M|\n|poke|p1|Landorus-Therian, M|\n|poke|p1|Rillaboom, M|\n|poke|p1|Hawlucha, M|\n|poke|p1|Spectrier|\n|poke|p1|Slowbro, M|\n|poke|p2|Corviknight, M|\n|poke|p2|Keldeo-Resolute|\n|poke|p2|Swampert, F|\n|poke|p2|Obstagoon, M|\n|poke|p2|Landorus-Therian, M|\n|poke|p2|Tapu Koko|\n|rule|Sleep Clause Mod: Limit one foe put to sleep\n|rule|Species Clause: Limit one of each Pok\u00e9mon\n|rule|OHKO Clause: OHKO moves are banned\n|rule|Evasion Moves Clause: Evasion moves are banned\n|rule|Endless Battle Clause: Forcing endless battles is banned\n|rule|HP Percentage Mod: HP is shown in percentages\n|rule|Dynamax Clause: You cannot dynamax\n|teampreview\n|inactive|Battle timer is ON: inactive players will automatically lose when time's up. (requested by BBB papillon)\n|\n|t:|1610151448\n|start\n|switch|p1a: Landorus|Landorus-Therian, M|100\/100\n|switch|p2a: Obstagoon|Obstagoon, M|100\/100\n|-ability|p1a: Landorus|Intimidate|boost\n|-unboost|p2a: Obstagoon|atk|1\n|turn|1\n|\n|t:|1610151464\n|switch|p2a: Corviknight|Corviknight, M|100\/100\n|-ability|p2a: Corviknight|Pressure\n|move|p1a: Landorus|Stealth Rock|p2a: Corviknight\n|-sidestart|p2: Burnt Bright|move: Stealth Rock\n|\n|upkeep\n|turn|2\n|\n|t:|1610151469\n|move|p1a: Landorus|U-turn|p2a: Corviknight\n|-resisted|p2a: Corviknight\n|-damage|p2a: Corviknight|97\/100\n|\n|t:|1610151471\n|switch|p1a: Nidoking|Nidoking, M|100\/100|[from]move: U-turn\n|move|p2a: Corviknight|Defog|p1a: Nidoking\n|-unboost|p1a: Nidoking|evasion|1\n|-sideend|p2: Burnt Bright|Stealth Rock|[from] move: Defog|[of] p2a: Corviknight\n|\n|-heal|p2a: Corviknight|100\/100|[from] item: Leftovers\n|upkeep\n|turn|3\n|\n|t:|1610151479\n|switch|p2a: Swampert|Swampert, F|100\/100\n|move|p1a: Nidoking|Sludge Wave|p2a: Swampert\n|-resisted|p2a: Swampert\n|-damage|p2a: Swampert|80\/100\n|\n|-heal|p2a: Swampert|86\/100|[from] item: Leftovers\n|upkeep\n|turn|4\n|\n|t:|1610151485\n|switch|p1a: Rillaboom|Rillaboom, M|100\/100\n|-fieldstart|move: Grassy Terrain|[from] ability: Grassy Surge|[of] p1a: Rillaboom\n|move|p2a: Swampert|Flip Turn|p1a: Rillaboom\n|-resisted|p1a: Rillaboom\n|-damage|p1a: Rillaboom|88\/100\n|\n|t:|1610151490\n|switch|p2a: Corviknight|Corviknight, M|100\/100|[from]move: Flip Turn\n|-ability|p2a: Corviknight|Pressure\n|\n|-heal|p1a: Rillaboom|95\/100|[from] Grassy Terrain\n|upkeep\n|turn|5\n|\n|t:|1610151500\n|switch|p1a: Landorus|Landorus-Therian, M|100\/100\n|-ability|p1a: Landorus|Intimidate|boost\n|-unboost|p2a: Corviknight|atk|1\n|move|p2a: Corviknight|U-turn|p1a: Landorus\n|-resisted|p1a: Landorus\n|-damage|p1a: Landorus|97\/100\n|\n|t:|1610151506\n|switch|p2a: Keldeo|Keldeo-Resolute|100\/100|[from]move: U-turn\n|\n|-heal|p1a: Landorus|100\/100|[from] item: Leftovers\n|upkeep\n|turn|6\n|\n|t:|1610151510\n|switch|p1a: Slowbro|Slowbro, M|100\/100\n|move|p2a: Keldeo|Scald|p1a: Slowbro\n|-resisted|p1a: Slowbro\n|-damage|p1a: Slowbro|81\/100\n|\n|-heal|p1a: Slowbro|87\/100|[from] Grassy Terrain\n|upkeep\n|turn|7\n|\n|t:|1610151515\n|move|p2a: Keldeo|Substitute|p2a: Keldeo\n|-start|p2a: Keldeo|Substitute\n|-damage|p2a: Keldeo|76\/100\n|move|p1a: Slowbro|Future Sight|p2a: Keldeo\n|-start|p1a: Slowbro|move: Future Sight\n|\n|-heal|p2a: Keldeo|82\/100|[from] Grassy Terrain\n|-heal|p2a: Keldeo|88\/100|[from] item: Leftovers\n|-heal|p1a: Slowbro|93\/100|[from] Grassy Terrain\n|upkeep\n|turn|8\n|\n|t:|1610151522\n|move|p2a: Keldeo|Scald|p1a: Slowbro\n|-resisted|p1a: Slowbro\n|-damage|p1a: Slowbro|70\/100\n|-status|p1a: Slowbro|brn\n|move|p1a: Slowbro|Teleport|p1a: Slowbro\n|\n|t:|1610151527\n|switch|p1a: Spectrier|Spectrier|100\/100|[from]move: Teleport\n|\n|-heal|p2a: Keldeo|94\/100|[from] Grassy Terrain\n|-heal|p2a: Keldeo|100\/100|[from] item: Leftovers\n|-fieldend|move: Grassy Terrain\n|upkeep\n|turn|9\n|\n|t:|1610151534\n|switch|p2a: Obstagoon|Obstagoon, M|100\/100\n|move|p1a: Spectrier|Shadow Ball|p2a: Obstagoon\n|-immune|p2a: Obstagoon\n|\n|-end|p2a: Obstagoon|move: Future Sight\n|-immune|p2a: Obstagoon\n|-status|p2a: Obstagoon|brn|[from] item: Flame Orb\n|upkeep\n|turn|10\n|\n|t:|1610151540\n|switch|p1a: Landorus|Landorus-Therian, M|100\/100\n|-ability|p1a: Landorus|Intimidate|boost\n|-unboost|p2a: Obstagoon|atk|1\n|move|p2a: Obstagoon|Knock Off|p1a: Landorus\n|-crit|p1a: Landorus\n|-damage|p1a: Landorus|41\/100\n|-enditem|p1a: Landorus|Leftovers|[from] move: Knock Off|[of] p2a: Obstagoon\n|\n|-damage|p2a: Obstagoon|94\/100 brn|[from] brn\n|upkeep\n|turn|11\n|\n|t:|1610151545\n|move|p2a: Obstagoon|Facade|p1a: Landorus\n|-damage|p1a: Landorus|2\/100\n|move|p1a: Landorus|Stealth Rock|p2a: Obstagoon\n|-sidestart|p2: Burnt Bright|move: Stealth Rock\n|\n|-damage|p2a: Obstagoon|88\/100 brn|[from] brn\n|upkeep\n|turn|12\n|\n|t:|1610151553\n|move|p2a: Obstagoon|Facade|p1a: Landorus\n|-damage|p1a: Landorus|0 fnt\n|faint|p1a: Landorus\n|\n|-damage|p2a: Obstagoon|82\/100 brn|[from] brn\n|upkeep\n|\n|t:|1610151560\n|switch|p1a: Rillaboom|Rillaboom, M|95\/100\n|-fieldstart|move: Grassy Terrain|[from] ability: Grassy Surge|[of] p1a: Rillaboom\n|turn|13\n|\n|t:|1610151564\n|move|p2a: Obstagoon|Switcheroo|p1a: Rillaboom\n|-activate|p2a: Obstagoon|move: Trick|[of] p1a: Rillaboom\n|-item|p1a: Rillaboom|Flame Orb|[from] move: Switcheroo\n|-item|p2a: Obstagoon|Life Orb|[from] move: Switcheroo\n|move|p1a: Rillaboom|Swords Dance|p1a: Rillaboom\n|-boost|p1a: Rillaboom|atk|2\n|\n|-heal|p2a: Obstagoon|88\/100 brn|[from] Grassy Terrain\n|-heal|p1a: Rillaboom|100\/100|[from] Grassy Terrain\n|-damage|p2a: Obstagoon|82\/100 brn|[from] brn\n|-status|p1a: Rillaboom|brn|[from] item: Flame Orb\n|upkeep\n|turn|14\n|\n|t:|1610151568\n|switch|p2a: Corviknight|Corviknight, M|100\/100\n|-damage|p2a: Corviknight|88\/100|[from] Stealth Rock\n|-ability|p2a: Corviknight|Pressure\n|move|p1a: Rillaboom|Knock Off|p2a: Corviknight\n|-damage|p2a: Corviknight|68\/100\n|-enditem|p2a: Corviknight|Leftovers|[from] move: Knock Off|[of] p1a: Rillaboom\n|\n|-damage|p1a: Rillaboom|94\/100 brn|[from] brn\n|upkeep\n|turn|15\n|j| 37c\n|j| General Woo\n|\n|t:|1610151576\n|move|p1a: Rillaboom|High Horsepower|p2a: Corviknight\n|-immune|p2a: Corviknight\n|move|p2a: Corviknight|Roost|p2a: Corviknight\n|-heal|p2a: Corviknight|100\/100\n|-singleturn|p2a: Corviknight|move: Roost\n|\n|-heal|p1a: Rillaboom|100\/100 brn|[from] Grassy Terrain\n|-damage|p1a: Rillaboom|94\/100 brn|[from] brn\n|upkeep\n|turn|16\n|\n|t:|1610151579\n|switch|p1a: Nidoking|Nidoking, M|100\/100\n|move|p2a: Corviknight|Defog|p1a: Nidoking\n|-unboost|p1a: Nidoking|evasion|1\n|-sideend|p2: Burnt Bright|Stealth Rock|[from] move: Defog|[of] p2a: Corviknight\n|-fieldend|move: Grassy Terrain\n|\n|upkeep\n|turn|17\n|\n|t:|1610151583\n|switch|p2a: Swampert|Swampert, F|86\/100\n|move|p1a: Nidoking|Earth Power|p2a: Swampert\n|-damage|p2a: Swampert|48\/100\n|\n|-heal|p2a: Swampert|54\/100|[from] item: Leftovers\n|upkeep\n|turn|18\n|\n|t:|1610151590\n|switch|p1a: Rillaboom|Rillaboom, M|94\/100 brn\n|-fieldstart|move: Grassy Terrain|[from] ability: Grassy Surge|[of] p1a: Rillaboom\n|move|p2a: Swampert|Flip Turn|p1a: Rillaboom\n|-resisted|p1a: Rillaboom\n|-damage|p1a: Rillaboom|83\/100 brn\n|\n|t:|1610151593\n|switch|p2a: Corviknight|Corviknight, M|100\/100|[from]move: Flip Turn\n|-ability|p2a: Corviknight|Pressure\n|\n|-heal|p1a: Rillaboom|89\/100 brn|[from] Grassy Terrain\n|-damage|p1a: Rillaboom|83\/100 brn|[from] brn\n|upkeep\n|turn|19\n|\n|t:|1610151596\n|switch|p1a: Nidoking|Nidoking, M|100\/100\n|move|p2a: Corviknight|U-turn|p1a: Nidoking\n|-resisted|p1a: Nidoking\n|-damage|p1a: Nidoking|91\/100\n|\n|t:|1610151604\n|switch|p2a: Obstagoon|Obstagoon, M|82\/100 brn|[from]move: U-turn\n|\n|-heal|p2a: Obstagoon|88\/100 brn|[from] Grassy Terrain\n|-heal|p1a: Nidoking|97\/100|[from] Grassy Terrain\n|-damage|p2a: Obstagoon|82\/100 brn|[from] brn\n|upkeep\n|turn|20\n|\n|t:|1610151610\n|move|p2a: Obstagoon|Facade|p1a: Nidoking\n|-damage|p1a: Nidoking|0 fnt\n|-damage|p2a: Obstagoon|72\/100 brn|[from] item: Life Orb\n|faint|p1a: Nidoking\n|\n|-heal|p2a: Obstagoon|78\/100 brn|[from] Grassy Terrain\n|-damage|p2a: Obstagoon|72\/100 brn|[from] brn\n|upkeep\n|\n|t:|1610151612\n|switch|p1a: Hawlucha|Hawlucha, M|100\/100\n|-enditem|p1a: Hawlucha|Grassy Seed\n|-boost|p1a: Hawlucha|def|1|[from] item: Grassy Seed\n|turn|21\n|\n|t:|1610151620\n|switch|p2a: Landorus|Landorus-Therian, M|100\/100\n|-ability|p2a: Landorus|Intimidate|boost\n|-unboost|p1a: Hawlucha|atk|1\n|move|p1a: Hawlucha|Swords Dance|p1a: Hawlucha\n|-boost|p1a: Hawlucha|atk|2\n|\n|upkeep\n|turn|22\n|\n|t:|1610151624\n|move|p1a: Hawlucha|Swords Dance|p1a: Hawlucha\n|-boost|p1a: Hawlucha|atk|2\n|move|p2a: Landorus|Explosion|p1a: Hawlucha\n|-damage|p1a: Hawlucha|23\/100\n|faint|p2a: Landorus\n|\n|-fieldend|move: Grassy Terrain\n|upkeep\n|\n|t:|1610151631\n|switch|p2a: Corviknight|Corviknight, M|100\/100\n|-ability|p2a: Corviknight|Pressure\n|turn|23\n|\n|t:|1610151633\n|move|p1a: Hawlucha|Close Combat|p2a: Corviknight\n|-damage|p2a: Corviknight|19\/100\n|-unboost|p1a: Hawlucha|def|1\n|-unboost|p1a: Hawlucha|spd|1\n|move|p2a: Corviknight|Brave Bird|p1a: Hawlucha\n|-supereffective|p1a: Hawlucha\n|-damage|p1a: Hawlucha|0 fnt\n|-damage|p2a: Corviknight|13\/100|[from] Recoil\n|faint|p1a: Hawlucha\n|\n|upkeep\n|\n|t:|1610151637\n|switch|p1a: Rillaboom|Rillaboom, M|83\/100 brn\n|-fieldstart|move: Grassy Terrain|[from] ability: Grassy Surge|[of] p1a: Rillaboom\n|turn|24\n|\n|t:|1610151643\n|switch|p2a: Obstagoon|Obstagoon, M|72\/100 brn\n|move|p1a: Rillaboom|Knock Off|p2a: Obstagoon\n|-resisted|p2a: Obstagoon\n|-damage|p2a: Obstagoon|63\/100 brn\n|-enditem|p2a: Obstagoon|Life Orb|[from] move: Knock Off|[of] p1a: Rillaboom\n|\n|-heal|p2a: Obstagoon|69\/100 brn|[from] Grassy Terrain\n|-heal|p1a: Rillaboom|89\/100 brn|[from] Grassy Terrain\n|-damage|p2a: Obstagoon|63\/100 brn|[from] brn\n|-damage|p1a: Rillaboom|83\/100 brn|[from] brn\n|upkeep\n|turn|25\n|\n|t:|1610151650\n|switch|p2a: Tapu Koko|Tapu Koko|100\/100\n|-fieldstart|move: Electric Terrain|[from] ability: Electric Surge|[of] p2a: Tapu Koko\n|move|p1a: Rillaboom|Grassy Glide|p2a: Tapu Koko\n|-damage|p2a: Tapu Koko|73\/100\n|\n|-damage|p1a: Rillaboom|77\/100 brn|[from] brn\n|upkeep\n|turn|26\n|\n|t:|1610151655\n|switch|p1a: Slowbro|Slowbro, M|100\/100 brn\n|move|p2a: Tapu Koko|U-turn|p1a: Slowbro\n|-supereffective|p1a: Slowbro\n|-damage|p1a: Slowbro|77\/100 brn\n|-damage|p2a: Tapu Koko|63\/100|[from] item: Life Orb\n|\n|t:|1610151662\n|switch|p2a: Keldeo|Keldeo-Resolute|100\/100|[from]move: U-turn\n|\n|-damage|p1a: Slowbro|71\/100 brn|[from] brn\n|upkeep\n|turn|27\n|\n|t:|1610151666\n|move|p2a: Keldeo|Substitute|p2a: Keldeo\n|-start|p2a: Keldeo|Substitute\n|-damage|p2a: Keldeo|76\/100\n|move|p1a: Slowbro|Future Sight|p2a: Keldeo\n|-start|p1a: Slowbro|move: Future Sight\n|\n|-heal|p2a: Keldeo|82\/100|[from] item: Leftovers\n|-damage|p1a: Slowbro|64\/100 brn|[from] brn\n|upkeep\n|turn|28\n|\n|t:|1610151674\n|move|p2a: Keldeo|Calm Mind|p2a: Keldeo\n|-boost|p2a: Keldeo|spa|1\n|-boost|p2a: Keldeo|spd|1\n|move|p1a: Slowbro|Teleport|p1a: Slowbro\n|\n|t:|1610151676\n|switch|p1a: Rillaboom|Rillaboom, M|77\/100 brn|[from]move: Teleport\n|-fieldstart|move: Grassy Terrain|[from] ability: Grassy Surge|[of] p1a: Rillaboom\n|\n|-heal|p2a: Keldeo|88\/100|[from] Grassy Terrain\n|-heal|p2a: Keldeo|94\/100|[from] item: Leftovers\n|-heal|p1a: Rillaboom|83\/100 brn|[from] Grassy Terrain\n|-damage|p1a: Rillaboom|77\/100 brn|[from] brn\n|upkeep\n|turn|29\n|\n|t:|1610151681\n|move|p1a: Rillaboom|Grassy Glide|p2a: Keldeo\n|-supereffective|p2a: Keldeo\n|-end|p2a: Keldeo|Substitute\n|move|p2a: Keldeo|Secret Sword|p1a: Rillaboom\n|-damage|p1a: Rillaboom|6\/100 brn\n|\n|-end|p2a: Keldeo|move: Future Sight\n|-supereffective|p2a: Keldeo\n|-damage|p2a: Keldeo|25\/100\n|-heal|p2a: Keldeo|31\/100|[from] Grassy Terrain\n|-heal|p2a: Keldeo|37\/100|[from] item: Leftovers\n|-heal|p1a: Rillaboom|13\/100 brn|[from] Grassy Terrain\n|-damage|p1a: Rillaboom|6\/100 brn|[from] brn\n|upkeep\n|turn|30\n|\n|t:|1610151686\n|switch|p2a: Corviknight|Corviknight, M|13\/100\n|-ability|p2a: Corviknight|Pressure\n|move|p1a: Rillaboom|Grassy Glide|p2a: Corviknight\n|-resisted|p2a: Corviknight\n|-damage|p2a: Corviknight|9\/100\n|\n|-heal|p1a: Rillaboom|13\/100 brn|[from] Grassy Terrain\n|-damage|p1a: Rillaboom|6\/100 brn|[from] brn\n|upkeep\n|turn|31\n|\n|t:|1610151693\n|move|p1a: Rillaboom|Knock Off|p2a: Corviknight\n|-damage|p2a: Corviknight|2\/100\n|move|p2a: Corviknight|Roost|p2a: Corviknight\n|-heal|p2a: Corviknight|52\/100\n|-singleturn|p2a: Corviknight|move: Roost\n|\n|-heal|p1a: Rillaboom|13\/100 brn|[from] Grassy Terrain\n|-heal|p2a: Corviknight|58\/100|[from] Grassy Terrain\n|-damage|p1a: Rillaboom|6\/100 brn|[from] brn\n|upkeep\n|turn|32\n|\n|t:|1610151697\n|switch|p1a: Spectrier|Spectrier|100\/100\n|move|p2a: Corviknight|U-turn|p1a: Spectrier\n|-resisted|p1a: Spectrier\n|-damage|p1a: Spectrier|91\/100\n|\n|t:|1610151699\n|switch|p2a: Obstagoon|Obstagoon, M|63\/100 brn|[from]move: U-turn\n|\n|-heal|p1a: Spectrier|97\/100|[from] Grassy Terrain\n|-heal|p2a: Obstagoon|69\/100 brn|[from] Grassy Terrain\n|-fieldend|move: Grassy Terrain\n|-damage|p2a: Obstagoon|63\/100 brn|[from] brn\n|upkeep\n|turn|33\n|\n|t:|1610151707\n|move|p1a: Spectrier|Dark Pulse|p2a: Obstagoon\n|-resisted|p2a: Obstagoon\n|-crit|p2a: Obstagoon\n|-damage|p2a: Obstagoon|37\/100 brn\n|move|p2a: Obstagoon|Knock Off|p1a: Spectrier\n|-supereffective|p1a: Spectrier\n|-damage|p1a: Spectrier|0 fnt\n|-enditem|p1a: Spectrier|Choice Scarf|[from] move: Knock Off|[of] p2a: Obstagoon\n|faint|p1a: Spectrier\n|\n|-damage|p2a: Obstagoon|30\/100 brn|[from] brn\n|upkeep\n|c|\u2606BBB papillon|gg\n|c|\u2606Burnt Bright|gg\n|-message|BBB papillon forfeited.\n|\n|win|Burnt Bright\n|l|\u2606Burnt Bright\n|l|\u2606BBB papillon\n|raw|BBB papillon's rating: 1637 &rarr; <strong>1618<\/strong><br \/>(-19 for losing)\n|raw|Burnt Bright's rating: 1651 &rarr; <strong>1670<\/strong><br \/>(+19 for winning)\n|l| General Woo\n","uploadtime":1610152612,"views":16,"p1id":"bbbpapillon","p2id":"burntbright","formatid":"gen8ou","rating":1618,"private":0,"password":null}