{"id":"gen8ou-1563927449","p1":"enjoyejy","p2":"Allelaja","format":"gen8ou","log":"|j|\u2606enjoyejy\n|j|\u2606Allelaja\n|t:|1651236084\n|gametype|singles\n|player|p1|enjoyejy|dawn-gen4pt|1717\n|player|p2|Allelaja|silver|1744\n|teamsize|p1|6\n|teamsize|p2|6\n|gen|8\n|tier|[Gen 8] OU\n|rated|\n|rule|Sleep Clause Mod: Limit one foe put to sleep\n|rule|Species Clause: Limit one of each Pok\u00e9mon\n|rule|OHKO Clause: OHKO moves are banned\n|rule|Evasion Moves Clause: Evasion moves are banned\n|rule|Endless Battle Clause: Forcing endless battles is banned\n|rule|HP Percentage Mod: HP is shown in percentages\n|rule|Dynamax Clause: You cannot dynamax\n|clearpoke\n|poke|p1|Aegislash, M|\n|poke|p1|Landorus-Therian, M|\n|poke|p1|Clefable, M|\n|poke|p1|Heatran, M|\n|poke|p1|Corviknight, M|\n|poke|p1|Urshifu-*, M|\n|poke|p2|Tapu Lele|\n|poke|p2|Zapdos|\n|poke|p2|Toxapex, M|\n|poke|p2|Kartana|\n|poke|p2|Landorus-Therian, M|\n|poke|p2|Magnezone|\n|teampreview\n|inactive|Battle timer is ON: inactive players will automatically lose when time's up. (requested by Allelaja)\n|\n|t:|1651236092\n|start\n|switch|p1a: Landorus|Landorus-Therian, M|100\/100\n|switch|p2a: Eric Cantona|Kartana|100\/100\n|-ability|p1a: Landorus|Intimidate|boost\n|-unboost|p2a: Eric Cantona|atk|1\n|turn|1\n|j| huizoudexie\n|j| Michael Vicks Dog\n|\n|t:|1651236111\n|move|p1a: Landorus|U-turn|p2a: Eric Cantona\n|-damage|p2a: Eric Cantona|71\/100\n|\n|t:|1651236113\n|switch|p1a: Corviknight|Corviknight, M|100\/100|[from]move: U-turn\n|-ability|p1a: Corviknight|Pressure\n|move|p2a: Eric Cantona|Knock Off|p1a: Corviknight\n|-damage|p1a: Corviknight|75\/100\n|-damage|p2a: Eric Cantona|54\/100|[from] item: Rocky Helmet|[of] p1a: Corviknight\n|-enditem|p1a: Corviknight|Rocky Helmet|[from] move: Knock Off|[of] p2a: Eric Cantona\n|\n|upkeep\n|turn|2\n|j| Ortrud\n|\n|t:|1651236124\n|switch|p2a: Philippe Mex\u00e8s|Toxapex, M|100\/100\n|move|p1a: Corviknight|U-turn|p2a: Philippe Mex\u00e8s\n|-resisted|p2a: Philippe Mex\u00e8s\n|-damage|p2a: Philippe Mex\u00e8s|97\/100\n|-enditem|p2a: Philippe Mex\u00e8s|Eject Button\n|\n|t:|1651236128\n|switch|p2a: Abou Diaby|Magnezone|100\/100\n|\n|upkeep\n|turn|3\n|\n|t:|1651236131\n|move|p2a: Abou Diaby|Thunderbolt|p1a: Corviknight\n|-supereffective|p1a: Corviknight\n|-damage|p1a: Corviknight|1\/100\n|-status|p1a: Corviknight|par\n|move|p1a: Corviknight|Body Press|p2a: Abou Diaby\n|-supereffective|p2a: Abou Diaby\n|-damage|p2a: Abou Diaby|57\/100\n|\n|-heal|p2a: Abou Diaby|63\/100|[from] item: Leftovers\n|upkeep\n|turn|4\n|j| LemonTeaCold\n|\n|t:|1651236144\n|move|p2a: Abou Diaby|Thunderbolt|p1a: Corviknight\n|-supereffective|p1a: Corviknight\n|-damage|p1a: Corviknight|0 fnt\n|faint|p1a: Corviknight\n|\n|-heal|p2a: Abou Diaby|69\/100|[from] item: Leftovers\n|upkeep\n|l| LemonTeaCold\n|\n|t:|1651236154\n|switch|p1a: Aegislash|Aegislash, M|100\/100\n|turn|5\n|\n|t:|1651236157\n|move|p2a: Abou Diaby|Thunderbolt|p1a: Aegislash\n|-damage|p1a: Aegislash|77\/100\n|move|p1a: Aegislash|Substitute|p1a: Aegislash\n|-start|p1a: Aegislash|Substitute\n|-damage|p1a: Aegislash|53\/100\n|\n|-heal|p2a: Abou Diaby|75\/100|[from] item: Leftovers\n|-heal|p1a: Aegislash|59\/100|[from] item: Leftovers\n|upkeep\n|turn|6\n|\n|t:|1651236163\n|move|p1a: Aegislash|King's Shield|p1a: Aegislash\n|-singleturn|p1a: Aegislash|Protect\n|move|p2a: Abou Diaby|Thunderbolt|p1a: Aegislash\n|-activate|p1a: Aegislash|move: Protect\n|\n|-heal|p2a: Abou Diaby|81\/100|[from] item: Leftovers\n|-heal|p1a: Aegislash|65\/100|[from] item: Leftovers\n|upkeep\n|turn|7\n|\n|t:|1651236166\n|move|p2a: Abou Diaby|Thunderbolt|p1a: Aegislash\n|-activate|p1a: Aegislash|move: Substitute|[damage]\n|-formechange|p1a: Aegislash|Aegislash-Blade||[from] ability: Stance Change\n|move|p1a: Aegislash|Shadow Ball|p2a: Abou Diaby\n|-damage|p2a: Abou Diaby|35\/100\n|\n|-heal|p2a: Abou Diaby|41\/100|[from] item: Leftovers\n|-heal|p1a: Aegislash|71\/100|[from] item: Leftovers\n|upkeep\n|turn|8\n|\n|t:|1651236176\n|-formechange|p1a: Aegislash|Aegislash||[from] ability: Stance Change\n|move|p1a: Aegislash|King's Shield|p1a: Aegislash\n|-singleturn|p1a: Aegislash|Protect\n|move|p2a: Abou Diaby|Iron Defense|p2a: Abou Diaby\n|-boost|p2a: Abou Diaby|def|2\n|\n|-heal|p2a: Abou Diaby|47\/100|[from] item: Leftovers\n|-heal|p1a: Aegislash|77\/100|[from] item: Leftovers\n|upkeep\n|turn|9\n|\n|t:|1651236183\n|move|p2a: Abou Diaby|Thunderbolt|p1a: Aegislash\n|-end|p1a: Aegislash|Substitute\n|-formechange|p1a: Aegislash|Aegislash-Blade||[from] ability: Stance Change\n|move|p1a: Aegislash|Shadow Ball|p2a: Abou Diaby\n|-damage|p2a: Abou Diaby|0 fnt\n|faint|p2a: Abou Diaby\n|\n|-heal|p1a: Aegislash|83\/100|[from] item: Leftovers\n|upkeep\n|\n|t:|1651236191\n|switch|p2a: Bacary Sagna|Landorus-Therian, M|100\/100\n|-ability|p2a: Bacary Sagna|Intimidate|boost\n|-unboost|p1a: Aegislash|atk|1\n|turn|10\n|\n|t:|1651236196\n|switch|p1a: Urshifu|Urshifu-Rapid-Strike, M|100\/100\n|move|p2a: Bacary Sagna|Earthquake|p1a: Urshifu\n|-damage|p1a: Urshifu|56\/100\n|\n|upkeep\n|turn|11\n|\n|t:|1651236200\n|switch|p2a: Philippe Mex\u00e8s|Toxapex, M|100\/100\n|move|p1a: Urshifu|Surging Strikes|p2a: Philippe Mex\u00e8s\n|-resisted|p2a: Philippe Mex\u00e8s\n|-crit|p2a: Philippe Mex\u00e8s\n|-damage|p2a: Philippe Mex\u00e8s|94\/100\n|-resisted|p2a: Philippe Mex\u00e8s\n|-crit|p2a: Philippe Mex\u00e8s\n|-damage|p2a: Philippe Mex\u00e8s|88\/100\n|-resisted|p2a: Philippe Mex\u00e8s\n|-crit|p2a: Philippe Mex\u00e8s\n|-damage|p2a: Philippe Mex\u00e8s|82\/100\n|-hitcount|p2a: Philippe Mex\u00e8s|3\n|\n|upkeep\n|turn|12\n|\n|t:|1651236207\n|switch|p1a: Clefable|Clefable, M|100\/100\n|move|p2a: Philippe Mex\u00e8s|Knock Off|p1a: Clefable\n|-resisted|p1a: Clefable\n|-damage|p1a: Clefable|95\/100\n|-enditem|p1a: Clefable|Leftovers|[from] move: Knock Off|[of] p2a: Philippe Mex\u00e8s\n|\n|upkeep\n|turn|13\n|\n|t:|1651236218\n|switch|p2a: Eric Cantona|Kartana|54\/100\n|move|p1a: Clefable|Stealth Rock|p2a: Eric Cantona\n|-sidestart|p2: Allelaja|move: Stealth Rock\n|\n|upkeep\n|turn|14\n|\n|t:|1651236229\n|move|p2a: Eric Cantona|Smart Strike|p1a: Clefable\n|-supereffective|p1a: Clefable\n|-damage|p1a: Clefable|0 fnt\n|faint|p1a: Clefable\n|-ability|p2a: Eric Cantona|Beast Boost|boost\n|-boost|p2a: Eric Cantona|atk|1\n|\n|upkeep\n|\n|t:|1651236233\n|switch|p1a: Landorus|Landorus-Therian, M|100\/100\n|-ability|p1a: Landorus|Intimidate|boost\n|-unboost|p2a: Eric Cantona|atk|1\n|turn|15\n|\n|t:|1651236241\n|move|p1a: Landorus|Earthquake|p2a: Eric Cantona\n|-damage|p2a: Eric Cantona|0 fnt\n|faint|p2a: Eric Cantona\n|\n|upkeep\n|\n|t:|1651236245\n|switch|p2a: Bacary Sagna|Landorus-Therian, M|100\/100\n|-damage|p2a: Bacary Sagna|88\/100|[from] Stealth Rock\n|-ability|p2a: Bacary Sagna|Intimidate|boost\n|-unboost|p1a: Landorus|atk|1\n|turn|16\n|\n|t:|1651236252\n|switch|p1a: Urshifu|Urshifu-Rapid-Strike, M|56\/100\n|move|p2a: Bacary Sagna|Earthquake|p1a: Urshifu\n|-damage|p1a: Urshifu|5\/100\n|\n|-heal|p2a: Bacary Sagna|94\/100|[from] item: Leftovers\n|upkeep\n|turn|17\n|\n|t:|1651236261\n|move|p1a: Urshifu|Surging Strikes|p2a: Bacary Sagna\n|-supereffective|p2a: Bacary Sagna\n|-crit|p2a: Bacary Sagna\n|-damage|p2a: Bacary Sagna|59\/100\n|-supereffective|p2a: Bacary Sagna\n|-crit|p2a: Bacary Sagna\n|-damage|p2a: Bacary Sagna|23\/100\n|-supereffective|p2a: Bacary Sagna\n|-crit|p2a: Bacary Sagna\n|-damage|p2a: Bacary Sagna|0 fnt\n|faint|p2a: Bacary Sagna\n|-hitcount|p2: Bacary Sagna|3\n|\n|upkeep\n|\n|t:|1651236265\n|switch|p2a: Yaya Sanogo|Tapu Lele|100\/100\n|-damage|p2a: Yaya Sanogo|88\/100|[from] Stealth Rock\n|-fieldstart|move: Psychic Terrain|[from] ability: Psychic Surge|[of] p2a: Yaya Sanogo\n|turn|18\n|j| Whammy696969\n|\n|t:|1651236273\n|switch|p1a: Heatran|Heatran, M|100\/100\n|move|p2a: Yaya Sanogo|Psychic|p1a: Heatran\n|-resisted|p1a: Heatran\n|-damage|p1a: Heatran|80\/100\n|\n|-heal|p1a: Heatran|86\/100|[from] item: Leftovers\n|upkeep\n|turn|19\n|\n|t:|1651236278\n|switch|p2a: Philippe Mex\u00e8s|Toxapex, M|100\/100\n|-damage|p2a: Philippe Mex\u00e8s|88\/100|[from] Stealth Rock\n|move|p1a: Heatran|Magma Storm|p2a: Philippe Mex\u00e8s\n|-resisted|p2a: Philippe Mex\u00e8s\n|-damage|p2a: Philippe Mex\u00e8s|72\/100\n|-activate|p2a: Philippe Mex\u00e8s|move: Magma Storm|[of] p1a: Heatran\n|\n|-heal|p1a: Heatran|92\/100|[from] item: Leftovers\n|-damage|p2a: Philippe Mex\u00e8s|60\/100|[from] move: Magma Storm|[partiallytrapped]\n|upkeep\n|turn|20\n|\n|t:|1651236286\n|move|p1a: Heatran|Earth Power|p2a: Philippe Mex\u00e8s\n|-supereffective|p2a: Philippe Mex\u00e8s\n|-damage|p2a: Philippe Mex\u00e8s|16\/100\n|move|p2a: Philippe Mex\u00e8s|Knock Off|p1a: Heatran\n|-damage|p1a: Heatran|79\/100\n|-enditem|p1a: Heatran|Leftovers|[from] move: Knock Off|[of] p2a: Philippe Mex\u00e8s\n|\n|-damage|p2a: Philippe Mex\u00e8s|4\/100|[from] move: Magma Storm|[partiallytrapped]\n|upkeep\n|turn|21\n|\n|t:|1651236291\n|move|p1a: Heatran|Earth Power|p2a: Philippe Mex\u00e8s\n|-supereffective|p2a: Philippe Mex\u00e8s\n|-damage|p2a: Philippe Mex\u00e8s|0 fnt\n|faint|p2a: Philippe Mex\u00e8s\n|\n|upkeep\n|\n|t:|1651236294\n|switch|p2a: Yaya Sanogo|Tapu Lele|88\/100\n|-damage|p2a: Yaya Sanogo|76\/100|[from] Stealth Rock\n|turn|22\n|\n|t:|1651236300\n|move|p2a: Yaya Sanogo|Psychic|p1a: Heatran\n|-resisted|p1a: Heatran\n|-damage|p1a: Heatran|56\/100\n|move|p1a: Heatran|Magma Storm|p2a: Yaya Sanogo\n|-damage|p2a: Yaya Sanogo|28\/100\n|-activate|p2a: Yaya Sanogo|move: Magma Storm|[of] p1a: Heatran\n|\n|-damage|p2a: Yaya Sanogo|15\/100|[from] move: Magma Storm|[partiallytrapped]\n|-fieldend|move: Psychic Terrain\n|upkeep\n|turn|23\n|-message|Allelaja forfeited.\n|\n|win|enjoyejy\n|raw|enjoyejy's rating: 1717 &rarr; <strong>1739<\/strong><br \/>(+22 for winning)\n|raw|Allelaja's rating: 1744 &rarr; <strong>1722<\/strong><br \/>(-22 for losing)\n|l|\u2606Allelaja\n|l| huizoudexie\n|l| Michael Vicks Dog\n|l| Ortrud\n|l|\u2606enjoyejy\n|j|\u2606enjoyejy\n|player|p1|enjoyejy|dawn-gen4pt\n||Ladder isn't responding, score probably updated but might not have (Request timeout).\n","uploadtime":1651236345,"views":17,"p1id":"enjoyejy","p2id":"allelaja","formatid":"gen8ou","rating":1722,"private":0,"password":null}