{"id":"gen8randombattle-1569486160","p1":"shadebinder","p2":"Fastpitchkiller","format":"gen8randombattle","log":"|j|\u2606shadebinder\n|j|\u2606Fastpitchkiller\n|t:|1651899988\n|gametype|singles\n|player|p1|shadebinder|zinnia|1800\n|player|p2|Fastpitchkiller|101|1801\n|teamsize|p1|6\n|teamsize|p2|6\n|gen|8\n|tier|[Gen 8] Random Battle\n|rated|\n|rule|Species Clause: Limit one of each Pok\u00e9mon\n|rule|HP Percentage Mod: HP is shown in percentages\n|rule|Sleep Clause Mod: Limit one foe put to sleep\n|\n|t:|1651899988\n|start\n|switch|p1a: Entei|Entei, L78|307\/307\n|switch|p2a: Tapu Koko|Tapu Koko, L78|237\/237\n|-fieldstart|move: Electric Terrain|[from] ability: Electric Surge|[of] p2a: Tapu Koko\n|turn|1\n|inactive|Battle timer is ON: inactive players will automatically lose when time's up. (requested by shadebinder)\n|\n|t:|1651900001\n|switch|p2a: Quagsire|Quagsire, L84, M|297\/297\n|move|p1a: Entei|Flare Blitz|p2a: Quagsire\n|-resisted|p2a: Quagsire\n|-damage|p2a: Quagsire|196\/297\n|-status|p2a: Quagsire|brn\n|-damage|p1a: Entei|274\/307|[from] Recoil\n|\n|-heal|p2a: Quagsire|214\/297 brn|[from] item: Leftovers\n|-damage|p2a: Quagsire|196\/297 brn|[from] brn\n|upkeep\n|turn|2\n|\n|t:|1651900016\n|switch|p1a: Weezing|Weezing-Galar, L86, M|252\/252\n|move|p2a: Quagsire|Toxic|p1a: Weezing\n|-immune|p1a: Weezing\n|\n|-heal|p2a: Quagsire|214\/297 brn|[from] item: Leftovers\n|-damage|p2a: Quagsire|196\/297 brn|[from] brn\n|upkeep\n|turn|3\n|\n|t:|1651900028\n|move|p1a: Weezing|Strange Steam|p2a: Quagsire\n|-damage|p2a: Quagsire|88\/297 brn\n|move|p2a: Quagsire|Recover|p2a: Quagsire\n|-heal|p2a: Quagsire|237\/297 brn\n|\n|-heal|p2a: Quagsire|255\/297 brn|[from] item: Leftovers\n|-damage|p2a: Quagsire|237\/297 brn|[from] brn\n|upkeep\n|turn|4\n|\n|t:|1651900040\n|switch|p2a: Moltres|Moltres, L80|275\/275\n|move|p1a: Weezing|Strange Steam|p2a: Moltres\n|-resisted|p2a: Moltres\n|-damage|p2a: Moltres|224\/275\n|\n|upkeep\n|turn|5\n|\n|t:|1651900050\n|switch|p1a: Lunatone|Lunatone, L86|295\/295\n|move|p2a: Moltres|Air Slash|p1a: Lunatone\n|-resisted|p1a: Lunatone\n|-damage|p1a: Lunatone|250\/295\n|\n|-fieldend|move: Electric Terrain\n|upkeep\n|turn|6\n|\n|t:|1651900058\n|move|p2a: Moltres|U-turn|p1a: Lunatone\n|-supereffective|p1a: Lunatone\n|-damage|p1a: Lunatone|136\/295\n|\n|t:|1651900073\n|switch|p2a: Landorus|Landorus-Therian, L72, M|247\/247\n|-ability|p2a: Landorus|Intimidate|boost\n|-unboost|p1a: Lunatone|atk|1\n|move|p1a: Lunatone|Stealth Rock|p2a: Landorus\n|-sidestart|p2: Fastpitchkiller|move: Stealth Rock\n|\n|upkeep\n|turn|7\n|\n|t:|1651900084\n|move|p2a: Landorus|Swords Dance|p2a: Landorus\n|-boost|p2a: Landorus|atk|2\n|move|p1a: Lunatone|Psychic|p2a: Landorus\n|-damage|p2a: Landorus|101\/247\n|-unboost|p2a: Landorus|spd|1\n|-damage|p1a: Lunatone|107\/295|[from] item: Life Orb\n|\n|upkeep\n|turn|8\n|\n|t:|1651900094\n|move|p2a: Landorus|Stone Edge|p1a: Lunatone\n|-damage|p1a: Lunatone|0 fnt\n|faint|p1a: Lunatone\n|-damage|p2a: Landorus|77\/247|[from] item: Life Orb\n|\n|upkeep\n|\n|t:|1651900102\n|switch|p1a: Rotom|Rotom-Fan, L84|221\/221\n|turn|9\n|\n|t:|1651900120\n|move|p1a: Rotom|Air Slash|p2a: Landorus\n|-damage|p2a: Landorus|0 fnt\n|faint|p2a: Landorus\n|\n|upkeep\n|\n|t:|1651900124\n|switch|p2a: Tapu Koko|Tapu Koko, L78|237\/237\n|-damage|p2a: Tapu Koko|208\/237|[from] Stealth Rock\n|-fieldstart|move: Electric Terrain|[from] ability: Electric Surge|[of] p2a: Tapu Koko\n|turn|10\n|\n|t:|1651900132\n|switch|p1a: Krookodile|Krookodile, L78, M|276\/276\n|move|p2a: Tapu Koko|Substitute|p2a: Tapu Koko\n|-start|p2a: Tapu Koko|Substitute\n|-damage|p2a: Tapu Koko|149\/237\n|\n|-heal|p2a: Tapu Koko|163\/237|[from] item: Leftovers\n|upkeep\n|turn|11\n|\n|t:|1651900141\n|move|p1a: Krookodile|Earthquake|p2a: Tapu Koko\n|-supereffective|p2a: Tapu Koko\n|-end|p2a: Tapu Koko|Substitute\n|move|p2a: Tapu Koko|Dazzling Gleam|p1a: Krookodile\n|-supereffective|p1a: Krookodile\n|-damage|p1a: Krookodile|94\/276\n|\n|-heal|p2a: Tapu Koko|177\/237|[from] item: Leftovers\n|upkeep\n|turn|12\n|\n|t:|1651900150\n|switch|p1a: Rotom|Rotom-Fan, L84|221\/221\n|switch|p2a: Moltres|Moltres, L80|224\/275\n|\n|upkeep\n|turn|13\n|\n|t:|1651900156\n|switch|p2a: Quagsire|Quagsire, L84, M|237\/297 brn\n|-damage|p2a: Quagsire|219\/297 brn|[from] Stealth Rock\n|move|p1a: Rotom|Nasty Plot|p1a: Rotom\n|-boost|p1a: Rotom|spa|2\n|\n|-heal|p2a: Quagsire|237\/297 brn|[from] item: Leftovers\n|-damage|p2a: Quagsire|219\/297 brn|[from] brn\n|upkeep\n|turn|14\n|\n|t:|1651900167\n|switch|p1a: Krookodile|Krookodile, L78, M|94\/276\n|move|p2a: Quagsire|Recover|p2a: Quagsire\n|-heal|p2a: Quagsire|297\/297 brn\n|\n|-damage|p2a: Quagsire|279\/297 brn|[from] brn\n|-fieldend|move: Electric Terrain\n|upkeep\n|turn|15\n|\n|t:|1651900175\n|move|p1a: Krookodile|Knock Off|p2a: Quagsire\n|-damage|p2a: Quagsire|179\/297 brn\n|-enditem|p2a: Quagsire|Leftovers|[from] move: Knock Off|[of] p1a: Krookodile\n|move|p2a: Quagsire|Scald|p1a: Krookodile\n|-supereffective|p1a: Krookodile\n|-damage|p1a: Krookodile|0 fnt\n|faint|p1a: Krookodile\n|\n|-damage|p2a: Quagsire|161\/297 brn|[from] brn\n|upkeep\n|\n|t:|1651900191\n|switch|p1a: Weezing|Weezing-Galar, L86, M|252\/252\n|turn|16\n|\n|t:|1651900199\n|move|p1a: Weezing|Strange Steam|p2a: Quagsire\n|-damage|p2a: Quagsire|55\/297 brn\n|-start|p2a: Quagsire|confusion\n|-activate|p2a: Quagsire|confusion\n|move|p2a: Quagsire|Recover|p2a: Quagsire\n|-heal|p2a: Quagsire|204\/297 brn\n|\n|-damage|p2a: Quagsire|186\/297 brn|[from] brn\n|upkeep\n|turn|17\n|\n|t:|1651900209\n|switch|p2a: Moltres|Moltres, L80|224\/275\n|move|p1a: Weezing|Strange Steam|p2a: Moltres\n|-resisted|p2a: Moltres\n|-damage|p2a: Moltres|179\/275\n|\n|upkeep\n|turn|18\n|\n|t:|1651900220\n|switch|p1a: Entei|Entei, L78|274\/307\n|move|p2a: Moltres|Fire Blast|p1a: Entei\n|-resisted|p1a: Entei\n|-damage|p1a: Entei|188\/307\n|\n|upkeep\n|turn|19\n|\n|t:|1651900238\n|switch|p2a: Quagsire|Quagsire, L84, M|186\/297 brn\n|-damage|p2a: Quagsire|168\/297 brn|[from] Stealth Rock\n|move|p1a: Entei|Extreme Speed|p2a: Quagsire\n|-damage|p2a: Quagsire|75\/297 brn\n|\n|-damage|p2a: Quagsire|57\/297 brn|[from] brn\n|upkeep\n|turn|20\n|\n|t:|1651900250\n|switch|p2a: Moltres|Moltres, L80|179\/275\n|move|p1a: Entei|Extreme Speed|p2a: Moltres\n|-damage|p2a: Moltres|99\/275\n|\n|upkeep\n|turn|21\n|\n|t:|1651900262\n|switch|p1a: Xerneas|Xerneas, L67|280\/280\n|-ability|p1a: Xerneas|Fairy Aura\n|move|p2a: Moltres|Roost|p2a: Moltres\n|-heal|p2a: Moltres|237\/275\n|-singleturn|p2a: Moltres|move: Roost\n|\n|upkeep\n|turn|22\n|\n|t:|1651900273\n|move|p2a: Moltres|U-turn|p1a: Xerneas\n|-resisted|p1a: Xerneas\n|-damage|p1a: Xerneas|252\/280\n|\n|t:|1651900277\n|switch|p2a: Quagsire|Quagsire, L84, M|57\/297 brn\n|-damage|p2a: Quagsire|39\/297 brn|[from] Stealth Rock\n|move|p1a: Xerneas|Geomancy||[still]\n|-prepare|p1a: Xerneas|Geomancy\n|-enditem|p1a: Xerneas|Power Herb\n|-anim|p1a: Xerneas|Geomancy|p1a: Xerneas\n|-boost|p1a: Xerneas|spa|2\n|-boost|p1a: Xerneas|spd|2\n|-boost|p1a: Xerneas|spe|2\n|\n|-damage|p2a: Quagsire|21\/297 brn|[from] brn\n|upkeep\n|turn|23\n|\n|t:|1651900289\n|move|p1a: Xerneas|Moonblast|p2a: Quagsire\n|-damage|p2a: Quagsire|0 fnt\n|faint|p2a: Quagsire\n|\n|upkeep\n|-message|Fastpitchkiller forfeited.\n|\n|win|shadebinder\n|raw|shadebinder's rating: 1800 &rarr; <strong>1820<\/strong><br \/>(+20 for winning)\n|raw|Fastpitchkiller's rating: 1801 &rarr; <strong>1781<\/strong><br \/>(-20 for losing)\n|l|\u2606Fastpitchkiller\n|c|\u2606shadebinder|Gg\n|l|\u2606shadebinder\n|j|\u2606shadebinder\n|player|p1|shadebinder|zinnia\n","inputlog":">version 450da1638bbf535e65207112caaec58da976e0b3\n>start {\"formatid\":\"gen8randombattle\",\"seed\":[57169,17240,23899,65118],\"rated\":\"Rated battle\"}\n>player p1 {\"name\":\"shadebinder\",\"avatar\":\"zinnia\",\"rating\":1800,\"seed\":[52663,38702,46570,26006]}\n>player p2 {\"name\":\"Fastpitchkiller\",\"avatar\":\"101\",\"rating\":1801,\"seed\":[26518,36080,58493,30119]}\n>p1 move flareblitz\n>p2 switch 5\n>p1 switch 6\n>p2 move toxic\n>p1 move strangesteam\n>p2 move recover\n>p1 move strangesteam\n>p2 switch 6\n>p1 switch 4\n>p2 move airslash\n>p1 move stealthrock\n>p2 move uturn\n>p2 switch 3\n>p1 move psychic\n>p2 move swordsdance\n>p1 move psychic\n>p2 move stoneedge\n>p1 switch 3\n>p1 move airslash\n>p2 move stoneedge\n>p2 switch 5\n>p1 switch 5\n>p2 move substitute\n>p1 move earthquake\n>p2 move dazzlinggleam\n>p1 switch 5\n>p2 switch 3\n>p1 move nastyplot\n>p2 switch 6\n>p1 switch 5\n>p2 move recover\n>p1 move knockoff\n>p2 move scald\n>p1 switch 4\n>p1 move strangesteam\n>p2 move recover\n>p1 move strangesteam\n>p2 switch 6\n>p1 switch 6\n>p2 move fireblast\n>p1 move extremespeed\n>p2 switch 6\n>p1 move extremespeed\n>p2 switch 6\n>p1 switch 2\n>p2 move roost\n>p1 move geomancy\n>p2 move uturn\n>p2 switch 6\n>p1 move moonblast\n>p2 move toxic\n>forcelose p2","uploadtime":1651900347,"views":5,"p1id":"shadebinder","p2id":"fastpitchkiller","formatid":"gen8randombattle","rating":1781,"private":0,"password":null}