{"id":"gen8ou-1440821960","p1":"im tofa","p2":"i know im horrible","format":"gen8ou","log":"|j|\u2606im tofa\n|j|\u2606i know im horrible\n|t:|1634995340\n|gametype|singles\n|player|p1|im tofa|ethan-gen2c|1612\n|player|p2|i know im horrible|265|1599\n|teamsize|p1|6\n|teamsize|p2|6\n|gen|8\n|tier|[Gen 8] OU\n|rated|\n|rule|Sleep Clause Mod: Limit one foe put to sleep\n|rule|Species Clause: Limit one of each Pok\u00e9mon\n|rule|OHKO Clause: OHKO moves are banned\n|rule|Evasion Moves Clause: Evasion moves are banned\n|rule|Endless Battle Clause: Forcing endless battles is banned\n|rule|HP Percentage Mod: HP is shown in percentages\n|rule|Dynamax Clause: You cannot dynamax\n|clearpoke\n|poke|p1|Tyranitar, M|\n|poke|p1|Zarude|\n|poke|p1|Dracozolt|\n|poke|p1|Ferrothorn, F|\n|poke|p1|Krookodile, F|\n|poke|p1|Buzzwole|\n|poke|p2|Landorus-Therian, M|\n|poke|p2|Excadrill, M|\n|poke|p2|Tyranitar, F|\n|poke|p2|Hippowdon, M|\n|poke|p2|Ferrothorn, M|\n|poke|p2|Tapu Fini|\n|teampreview\n|inactive|Battle timer is ON: inactive players will automatically lose when time's up. (requested by im tofa)\n|j| Vo huynh anh\n|inactive|im tofa has 120 seconds left.\n|\n|t:|1634995375\n|start\n|switch|p1a: Tyranitar|Tyranitar, M|100\/100\n|switch|p2a: Tapu Fini|Tapu Fini|100\/100\n|-fieldstart|move: Misty Terrain|[from] ability: Misty Surge|[of] p2a: Tapu Fini\n|-weather|Sandstorm|[from] ability: Sand Stream|[of] p1a: Tyranitar\n|turn|1\n|c| Vo huynh anh|Well sand team\n|c| Vo huynh anh|Good luck all\n|\n|t:|1634995384\n|switch|p1a: Ferrothorn|Ferrothorn, F|100\/100\n|move|p2a: Tapu Fini|Trick|p1a: Ferrothorn\n|-activate|p2a: Tapu Fini|move: Trick|[of] p1a: Ferrothorn\n|-item|p1a: Ferrothorn|Choice Scarf|[from] move: Trick\n|-item|p2a: Tapu Fini|Leftovers|[from] move: Trick\n|\n|-weather|Sandstorm|[upkeep]\n|-damage|p2a: Tapu Fini|94\/100|[from] Sandstorm\n|-heal|p2a: Tapu Fini|100\/100|[from] item: Leftovers\n|upkeep\n|turn|2\n|\n|t:|1634995401\n|switch|p2a: Landorus|Landorus-Therian, M|100\/100\n|-ability|p2a: Landorus|Intimidate|boost\n|-unboost|p1a: Ferrothorn|atk|1\n|move|p1a: Ferrothorn|Spikes|p2a: Landorus\n|-sidestart|p2: i know im horrible|Spikes\n|\n|-weather|Sandstorm|[upkeep]\n|upkeep\n|turn|3\n|\n|t:|1634995412\n|switch|p1a: Buzzwole|Buzzwole|100\/100\n|move|p2a: Landorus|Swords Dance|p2a: Landorus\n|-boost|p2a: Landorus|atk|2\n|\n|-weather|Sandstorm|[upkeep]\n|-damage|p1a: Buzzwole|94\/100|[from] Sandstorm\n|upkeep\n|turn|4\n|\n|t:|1634995419\n|switch|p2a: Ferrothorn|Ferrothorn, M|100\/100\n|-damage|p2a: Ferrothorn|88\/100|[from] Spikes\n|move|p1a: Buzzwole|Ice Punch|p2a: Ferrothorn\n|-damage|p2a: Ferrothorn|73\/100\n|-damage|p1a: Buzzwole|82\/100|[from] ability: Iron Barbs|[of] p2a: Ferrothorn\n|\n|-weather|Sandstorm|[upkeep]\n|-damage|p1a: Buzzwole|76\/100|[from] Sandstorm\n|-heal|p2a: Ferrothorn|79\/100|[from] item: Leftovers\n|upkeep\n|turn|5\n|\n|t:|1634995423\n|move|p1a: Buzzwole|Close Combat|p2a: Ferrothorn\n|-supereffective|p2a: Ferrothorn\n|-damage|p2a: Ferrothorn|0 fnt\n|-unboost|p1a: Buzzwole|def|1\n|-unboost|p1a: Buzzwole|spd|1\n|-damage|p1a: Buzzwole|64\/100|[from] ability: Iron Barbs|[of] p2a: Ferrothorn\n|faint|p2a: Ferrothorn\n|-ability|p1a: Buzzwole|Beast Boost|boost\n|-boost|p1a: Buzzwole|atk|1\n|\n|-weather|none\n|-fieldend|Misty Terrain\n|upkeep\n|\n|t:|1634995429\n|switch|p2a: Tapu Fini|Tapu Fini|100\/100\n|-damage|p2a: Tapu Fini|88\/100|[from] Spikes\n|-fieldstart|move: Misty Terrain|[from] ability: Misty Surge|[of] p2a: Tapu Fini\n|turn|6\n|\n|t:|1634995435\n|switch|p1a: Ferrothorn|Ferrothorn, F|100\/100\n|move|p2a: Tapu Fini|Defog|p1a: Ferrothorn\n|-unboost|p1a: Ferrothorn|evasion|1\n|-sideend|p2: i know im horrible|Spikes|[from] move: Defog|[of] p2a: Tapu Fini\n|-fieldend|Misty Terrain\n|\n|-heal|p2a: Tapu Fini|94\/100|[from] item: Leftovers\n|upkeep\n|turn|7\n|\n|t:|1634995448\n|switch|p2a: Tyranitar|Tyranitar, F|100\/100\n|-weather|Sandstorm|[from] ability: Sand Stream|[of] p2a: Tyranitar\n|move|p1a: Ferrothorn|Leech Seed|p2a: Tyranitar\n|-start|p2a: Tyranitar|move: Leech Seed\n|\n|-weather|Sandstorm|[upkeep]\n|-damage|p2a: Tyranitar|88\/100|[from] Leech Seed|[of] p1a: Ferrothorn\n|upkeep\n|turn|8\n|\n|t:|1634995458\n|switch|p2a: Excadrill|Excadrill, M|100\/100\n|switch|p1a: Buzzwole|Buzzwole|64\/100\n|\n|-weather|Sandstorm|[upkeep]\n|-damage|p1a: Buzzwole|58\/100|[from] Sandstorm\n|upkeep\n|turn|9\n|\n|t:|1634995472\n|switch|p1a: Ferrothorn|Ferrothorn, F|100\/100\n|move|p2a: Excadrill|Iron Head|p1a: Ferrothorn\n|-resisted|p1a: Ferrothorn\n|-damage|p1a: Ferrothorn|75\/100\n|-damage|p2a: Excadrill|88\/100|[from] ability: Iron Barbs|[of] p1a: Ferrothorn\n|\n|-weather|Sandstorm|[upkeep]\n|upkeep\n|turn|10\n|\n|t:|1634995477\n|switch|p2a: Tyranitar|Tyranitar, F|88\/100\n|move|p1a: Ferrothorn|Leech Seed|p2a: Tyranitar\n|-start|p2a: Tyranitar|move: Leech Seed\n|\n|-weather|Sandstorm|[upkeep]\n|-damage|p2a: Tyranitar|76\/100|[from] Leech Seed|[of] p1a: Ferrothorn\n|-heal|p1a: Ferrothorn|89\/100|[silent]\n|upkeep\n|turn|11\n|l| Vo huynh anh\n|\n|t:|1634995485\n|switch|p2a: Excadrill|Excadrill, M|88\/100\n|move|p1a: Ferrothorn|Leech Seed|p2a: Excadrill\n|-start|p2a: Excadrill|move: Leech Seed\n|\n|-weather|none\n|-damage|p2a: Excadrill|76\/100|[from] Leech Seed|[of] p1a: Ferrothorn\n|-heal|p1a: Ferrothorn|100\/100|[silent]\n|upkeep\n|turn|12\n|\n|t:|1634995492\n|move|p2a: Excadrill|Stealth Rock|p1a: Ferrothorn\n|-sidestart|p1: im tofa|move: Stealth Rock\n|move|p1a: Ferrothorn|Leech Seed||[still]\n|-fail|p1a: Ferrothorn\n|\n|-damage|p2a: Excadrill|63\/100|[from] Leech Seed|[of] p1a: Ferrothorn\n|upkeep\n|turn|13\n|\n|t:|1634995496\n|switch|p2a: Tyranitar|Tyranitar, F|76\/100\n|-weather|Sandstorm|[from] ability: Sand Stream|[of] p2a: Tyranitar\n|move|p1a: Ferrothorn|Leech Seed|p2a: Tyranitar\n|-start|p2a: Tyranitar|move: Leech Seed\n|\n|-weather|Sandstorm|[upkeep]\n|-damage|p2a: Tyranitar|63\/100|[from] Leech Seed|[of] p1a: Ferrothorn\n|upkeep\n|turn|14\n|\n|t:|1634995504\n|switch|p1a: Zarude|Zarude|100\/100\n|-damage|p1a: Zarude|88\/100|[from] Stealth Rock\n|move|p2a: Tyranitar|Taunt|p1a: Zarude\n|-start|p1a: Zarude|move: Taunt\n|\n|-weather|Sandstorm|[upkeep]\n|-damage|p1a: Zarude|82\/100|[from] Sandstorm\n|-heal|p1a: Zarude|88\/100|[from] item: Leftovers\n|-damage|p2a: Tyranitar|51\/100|[from] Leech Seed|[of] p1a: Zarude\n|-heal|p1a: Zarude|100\/100|[silent]\n|upkeep\n|turn|15\n|\n|t:|1634995509\n|move|p1a: Zarude|Power Whip|p2a: Tyranitar\n|-supereffective|p2a: Tyranitar\n|-damage|p2a: Tyranitar|0 fnt\n|faint|p2a: Tyranitar\n|\n|-weather|Sandstorm|[upkeep]\n|-damage|p1a: Zarude|95\/100|[from] Sandstorm\n|-heal|p1a: Zarude|100\/100|[from] item: Leftovers\n|upkeep\n|\n|t:|1634995516\n|switch|p2a: Landorus|Landorus-Therian, M|100\/100\n|-ability|p2a: Landorus|Intimidate|boost\n|-unboost|p1a: Zarude|atk|1\n|turn|16\n|\n|t:|1634995537\n|switch|p1a: Buzzwole|Buzzwole|58\/100\n|-damage|p1a: Buzzwole|46\/100|[from] Stealth Rock\n|move|p2a: Landorus|Swords Dance|p2a: Landorus\n|-boost|p2a: Landorus|atk|2\n|\n|-weather|Sandstorm|[upkeep]\n|-damage|p1a: Buzzwole|40\/100|[from] Sandstorm\n|upkeep\n|turn|17\n|\n|t:|1634995543\n|move|p2a: Landorus|Earthquake|p1a: Buzzwole\n|-resisted|p1a: Buzzwole\n|-damage|p1a: Buzzwole|4\/100\n|move|p1a: Buzzwole|Ice Punch|p2a: Landorus\n|-supereffective|p2a: Landorus\n|-damage|p2a: Landorus|0 fnt\n|faint|p2a: Landorus\n|-ability|p1a: Buzzwole|Beast Boost|boost\n|-boost|p1a: Buzzwole|atk|1\n|\n|-weather|none\n|upkeep\n|\n|t:|1634995550\n|switch|p2a: Tapu Fini|Tapu Fini|94\/100\n|-fieldstart|move: Misty Terrain|[from] ability: Misty Surge|[of] p2a: Tapu Fini\n|turn|18\n|\n|t:|1634995568\n|switch|p1a: Ferrothorn|Ferrothorn, F|100\/100\n|-damage|p1a: Ferrothorn|94\/100|[from] Stealth Rock\n|move|p2a: Tapu Fini|Moonblast|p1a: Ferrothorn\n|-resisted|p1a: Ferrothorn\n|-damage|p1a: Ferrothorn|83\/100\n|\n|-heal|p2a: Tapu Fini|99\/100|[from] item: Leftovers\n|upkeep\n|turn|19\n|\n|t:|1634995577\n|switch|p2a: Excadrill|Excadrill, M|63\/100\n|move|p1a: Ferrothorn|Leech Seed|p2a: Excadrill\n|-start|p2a: Excadrill|move: Leech Seed\n|\n|-damage|p2a: Excadrill|51\/100|[from] Leech Seed|[of] p1a: Ferrothorn\n|-heal|p1a: Ferrothorn|96\/100|[silent]\n|upkeep\n|turn|20\n|\n|t:|1634995590\n|switch|p2a: Hippowdon|Hippowdon, M|100\/100\n|-weather|Sandstorm|[from] ability: Sand Stream|[of] p2a: Hippowdon\n|move|p1a: Ferrothorn|Leech Seed|p2a: Hippowdon\n|-start|p2a: Hippowdon|move: Leech Seed\n|\n|-weather|Sandstorm|[upkeep]\n|-damage|p2a: Hippowdon|88\/100|[from] Leech Seed|[of] p1a: Ferrothorn\n|-heal|p1a: Ferrothorn|100\/100|[silent]\n|upkeep\n|turn|21\n|\n|t:|1634995600\n|switch|p2a: Tapu Fini|Tapu Fini|99\/100\n|switch|p1a: Zarude|Zarude|100\/100\n|-damage|p1a: Zarude|88\/100|[from] Stealth Rock\n|\n|-weather|Sandstorm|[upkeep]\n|-damage|p1a: Zarude|82\/100|[from] Sandstorm\n|-damage|p2a: Tapu Fini|94\/100|[from] Sandstorm\n|-heal|p1a: Zarude|88\/100|[from] item: Leftovers\n|-heal|p2a: Tapu Fini|99\/100|[from] item: Leftovers\n|upkeep\n|turn|22\n|\n|t:|1634995609\n|move|p1a: Zarude|Power Whip|p2a: Tapu Fini|[miss]\n|-miss|p1a: Zarude|p2a: Tapu Fini\n|move|p2a: Tapu Fini|Moonblast|p1a: Zarude\n|-supereffective|p1a: Zarude\n|-crit|p1a: Zarude\n|-damage|p1a: Zarude|0 fnt\n|faint|p1a: Zarude\n|\n|-weather|Sandstorm|[upkeep]\n|-damage|p2a: Tapu Fini|94\/100|[from] Sandstorm\n|-heal|p2a: Tapu Fini|99\/100|[from] item: Leftovers\n|-fieldend|Misty Terrain\n|upkeep\n|\n|t:|1634995619\n|switch|p1a: Ferrothorn|Ferrothorn, F|100\/100\n|-damage|p1a: Ferrothorn|94\/100|[from] Stealth Rock\n|turn|23\n|\n|t:|1634995624\n|move|p2a: Tapu Fini|Moonblast|p1a: Ferrothorn\n|-resisted|p1a: Ferrothorn\n|-damage|p1a: Ferrothorn|83\/100\n|move|p1a: Ferrothorn|Power Whip|p2a: Tapu Fini\n|-supereffective|p2a: Tapu Fini\n|-crit|p2a: Tapu Fini\n|-damage|p2a: Tapu Fini|4\/100\n|\n|-weather|Sandstorm|[upkeep]\n|-damage|p2a: Tapu Fini|0 fnt|[from] Sandstorm\n|faint|p2a: Tapu Fini\n|upkeep\n|\n|t:|1634995629\n|switch|p2a: Excadrill|Excadrill, M|51\/100\n|turn|24\n|\n|t:|1634995633\n|switch|p1a: Buzzwole|Buzzwole|4\/100\n|-damage|p1a: Buzzwole|0 fnt|[from] Stealth Rock\n|faint|p1a: Buzzwole\n|move|p2a: Excadrill|Earthquake|p1: Buzzwole|[notarget]\n|-fail|p2a: Excadrill\n|\n|-weather|none\n|upkeep\n|\n|t:|1634995636\n|switch|p1a: Krookodile|Krookodile, F|100\/100\n|-damage|p1a: Krookodile|94\/100|[from] Stealth Rock\n|turn|25\n|\n|t:|1634995641\n|switch|p2a: Hippowdon|Hippowdon, M|88\/100\n|-weather|Sandstorm|[from] ability: Sand Stream|[of] p2a: Hippowdon\n|move|p1a: Krookodile|Earthquake|p2a: Hippowdon\n|-damage|p2a: Hippowdon|60\/100\n|-enditem|p2a: Hippowdon|Eject Button\n|\n|t:|1634995644\n|switch|p2a: Excadrill|Excadrill, M|51\/100\n|\n|-weather|Sandstorm|[upkeep]\n|upkeep\n|turn|26\n|\n|t:|1634995654\n|switch|p1a: Tyranitar|Tyranitar, M|100\/100\n|-damage|p1a: Tyranitar|88\/100|[from] Stealth Rock\n|move|p2a: Excadrill|Earthquake|p1a: Tyranitar\n|-supereffective|p1a: Tyranitar\n|-damage|p1a: Tyranitar|0 fnt\n|faint|p1a: Tyranitar\n|\n|-weather|Sandstorm|[upkeep]\n|upkeep\n|\n|t:|1634995658\n|switch|p1a: Ferrothorn|Ferrothorn, F|83\/100\n|-damage|p1a: Ferrothorn|77\/100|[from] Stealth Rock\n|turn|27\n|\n|t:|1634995666\n|move|p2a: Excadrill|Earthquake|p1a: Ferrothorn\n|-damage|p1a: Ferrothorn|18\/100\n|move|p1a: Ferrothorn|Knock Off|p2a: Excadrill\n|-damage|p2a: Excadrill|18\/100\n|-enditem|p2a: Excadrill|Choice Band|[from] move: Knock Off|[of] p1a: Ferrothorn\n|\n|-weather|Sandstorm|[upkeep]\n|upkeep\n|turn|28\n|\n|t:|1634995674\n|move|p2a: Excadrill|Earthquake|p1a: Ferrothorn\n|-damage|p1a: Ferrothorn|0 fnt\n|faint|p1a: Ferrothorn\n|\n|-weather|Sandstorm|[upkeep]\n|upkeep\n|\n|t:|1634995681\n|switch|p1a: Krookodile|Krookodile, F|94\/100\n|-damage|p1a: Krookodile|88\/100|[from] Stealth Rock\n|turn|29\n|\n|t:|1634995685\n|move|p2a: Excadrill|Iron Head|p1a: Krookodile\n|-damage|p1a: Krookodile|34\/100\n|move|p1a: Krookodile|Earthquake|p2a: Excadrill\n|-supereffective|p2a: Excadrill\n|-damage|p2a: Excadrill|0 fnt\n|faint|p2a: Excadrill\n|-ability|p1a: Krookodile|Moxie|boost\n|-boost|p1a: Krookodile|atk|1\n|\n|-weather|none\n|upkeep\n|\n|t:|1634995689\n|switch|p2a: Hippowdon|Hippowdon, M|60\/100\n|-weather|Sandstorm|[from] ability: Sand Stream|[of] p2a: Hippowdon\n|turn|30\n|\n|t:|1634995692\n|move|p1a: Krookodile|Earthquake|p2a: Hippowdon\n|-damage|p2a: Hippowdon|21\/100\n|move|p2a: Hippowdon|Slack Off|p2a: Hippowdon\n|-heal|p2a: Hippowdon|71\/100\n|\n|-weather|Sandstorm|[upkeep]\n|upkeep\n|turn|31\n|\n|t:|1634995697\n|move|p1a: Krookodile|Earthquake|p2a: Hippowdon\n|-damage|p2a: Hippowdon|34\/100\n|move|p2a: Hippowdon|Slack Off|p2a: Hippowdon\n|-heal|p2a: Hippowdon|84\/100\n|\n|-weather|Sandstorm|[upkeep]\n|upkeep\n|turn|32\n|\n|t:|1634995700\n|move|p1a: Krookodile|Earthquake|p2a: Hippowdon\n|-damage|p2a: Hippowdon|50\/100\n|move|p2a: Hippowdon|Slack Off|p2a: Hippowdon\n|-heal|p2a: Hippowdon|99\/100\n|\n|-weather|Sandstorm|[upkeep]\n|upkeep\n|turn|33\n|\n|t:|1634995706\n|move|p1a: Krookodile|Earthquake|p2a: Hippowdon\n|-damage|p2a: Hippowdon|62\/100\n|move|p2a: Hippowdon|Slack Off|p2a: Hippowdon\n|-heal|p2a: Hippowdon|100\/100\n|\n|-weather|Sandstorm|[upkeep]\n|upkeep\n|turn|34\n|\n|t:|1634995710\n|move|p1a: Krookodile|Earthquake|p2a: Hippowdon\n|-damage|p2a: Hippowdon|64\/100\n|move|p2a: Hippowdon|Earthquake|p1a: Krookodile\n|-damage|p1a: Krookodile|0 fnt\n|faint|p1a: Krookodile\n|\n|-weather|none\n|upkeep\n|\n|t:|1634995713\n|switch|p1a: Dracozolt|Dracozolt|100\/100\n|-damage|p1a: Dracozolt|88\/100|[from] Stealth Rock\n|turn|35\n|\n|t:|1634995717\n|move|p1a: Dracozolt|Draco Meteor|p2a: Hippowdon\n|-damage|p2a: Hippowdon|5\/100\n|-unboost|p1a: Dracozolt|spa|2\n|-damage|p1a: Dracozolt|78\/100|[from] item: Life Orb\n|move|p2a: Hippowdon|Earthquake|p1a: Dracozolt\n|-supereffective|p1a: Dracozolt\n|-damage|p1a: Dracozolt|0 fnt\n|faint|p1a: Dracozolt\n|\n|win|i know im horrible\n|raw|im tofa's rating: 1612 &rarr; <strong>1591<\/strong><br \/>(-21 for losing)\n|raw|i know im horrible's rating: 1599 &rarr; <strong>1620<\/strong><br \/>(+21 for winning)\n|c|\u2606i know im horrible|gg\n|l|\u2606i know im horrible\n|c|\u2606im tofa|gg\n","uploadtime":1634995724,"views":14,"p1id":"imtofa","p2id":"iknowimhorrible","formatid":"gen8ou","rating":1591,"private":0,"password":null}