{"id":"gen8ou-1704273424","p1":"FavMon=Garchomp","p2":"Kwaga","format":"gen8ou","log":"|j|\u2606FavMon=Garchomp\n|j|\u2606Kwaga\n|t:|1667760350\n|gametype|singles\n|player|p1|FavMon=Garchomp|hilbert|\n|player|p2|Kwaga|brock-gen1rb|\n|teamsize|p1|6\n|teamsize|p2|6\n|gen|8\n|tier|[Gen 8] OU\n|rule|Sleep Clause Mod: Limit one foe put to sleep\n|rule|Species Clause: Limit one of each Pok\u00e9mon\n|rule|OHKO Clause: OHKO moves are banned\n|rule|Evasion Items Clause: Evasion items are banned\n|rule|Evasion Moves Clause: Evasion moves are banned\n|rule|Endless Battle Clause: Forcing endless battles is banned\n|rule|HP Percentage Mod: HP is shown in percentages\n|rule|Dynamax Clause: You cannot dynamax\n|clearpoke\n|poke|p1|Gengar, M|\n|poke|p1|Clefable, F|\n|poke|p1|Landorus-Therian, M|\n|poke|p1|Urshifu-*, M|\n|poke|p1|Dragonite, F|\n|poke|p1|Corviknight, F|\n|poke|p2|Tapu Koko|\n|poke|p2|Urshifu-*, M|\n|poke|p2|Slowking-Galar, M|\n|poke|p2|Ferrothorn, M|\n|poke|p2|Landorus-Therian, M|\n|poke|p2|Mandibuzz, F|\n|teampreview\n|c|\u2606FavMon=Garchomp|t\n|c|\u2606FavMon=Garchomp|oops\n|\n|t:|1667760377\n|start\n|switch|p1a: Landorus|Landorus-Therian, M|100\/100\n|switch|p2a: Slowking|Slowking-Galar, M|100\/100\n|-ability|p1a: Landorus|Intimidate|boost\n|-unboost|p2a: Slowking|atk|1\n|turn|1\n|\n|t:|1667760384\n|switch|p2a: Ferrothorn|Ferrothorn, M|100\/100\n|move|p1a: Landorus|Stealth Rock|p2a: Ferrothorn\n|-sidestart|p2: Kwaga|move: Stealth Rock\n|\n|upkeep\n|turn|2\n|\n|t:|1667760394\n|move|p1a: Landorus|U-turn|p2a: Ferrothorn\n|-damage|p2a: Ferrothorn|88\/100\n|-damage|p1a: Landorus|88\/100|[from] ability: Iron Barbs|[of] p2a: Ferrothorn\n|\n|t:|1667760396\n|switch|p1a: Clefable|Clefable, F|100\/100|[from]move: U-turn\n|move|p2a: Ferrothorn|Knock Off|p1a: Clefable\n|-resisted|p1a: Clefable\n|-damage|p1a: Clefable|92\/100\n|-enditem|p1a: Clefable|Sticky Barb|[from] move: Knock Off|[of] p2a: Ferrothorn\n|\n|-heal|p2a: Ferrothorn|94\/100|[from] item: Leftovers\n|upkeep\n|turn|3\n|\n|t:|1667760404\n|move|p1a: Clefable|Thunder Wave|p2a: Ferrothorn\n|-status|p2a: Ferrothorn|par\n|move|p2a: Ferrothorn|Stealth Rock|p1a: Clefable\n|-sidestart|p1: FavMon=Garchomp|move: Stealth Rock\n|\n|-heal|p2a: Ferrothorn|99\/100 par|[from] item: Leftovers\n|upkeep\n|turn|4\n|\n|t:|1667760414\n|switch|p2a: Slowking|Slowking-Galar, M|100\/100\n|-damage|p2a: Slowking|88\/100|[from] Stealth Rock\n|move|p1a: Clefable|Trick|p2a: Slowking\n|-activate|p1a: Clefable|move: Trick|[of] p2a: Slowking\n|-enditem|p2a: Slowking|Assault Vest|[silent]|[from] move: Trick\n|-item|p1a: Clefable|Assault Vest|[from] move: Trick\n|\n|upkeep\n|turn|5\n|\n|t:|1667760422\n|move|p1a: Clefable|Moonblast|p2a: Slowking\n|-resisted|p2a: Slowking\n|-damage|p2a: Slowking|75\/100\n|-unboost|p2a: Slowking|spa|1\n|move|p2a: Slowking|Future Sight|p1a: Clefable\n|-start|p2a: Slowking|move: Future Sight\n|\n|upkeep\n|turn|6\n|\n|t:|1667760432\n|switch|p1a: Landorus|Landorus-Therian, M|88\/100\n|-damage|p1a: Landorus|76\/100|[from] Stealth Rock\n|-ability|p1a: Landorus|Intimidate|boost\n|-unboost|p2a: Slowking|atk|1\n|move|p2a: Slowking|Scald|p1a: Landorus\n|-supereffective|p1a: Landorus\n|-damage|p1a: Landorus|49\/100\n|-status|p1a: Landorus|brn\n|\n|-heal|p1a: Landorus|55\/100 brn|[from] item: Leftovers\n|-damage|p1a: Landorus|49\/100 brn|[from] brn\n|upkeep\n|turn|7\n|\n|t:|1667760444\n|switch|p2a: Landorus|Landorus-Therian, M|100\/100\n|-damage|p2a: Landorus|88\/100|[from] Stealth Rock\n|-ability|p2a: Landorus|Intimidate|boost\n|-unboost|p1a: Landorus|atk|1\n|move|p1a: Landorus|U-turn|p2a: Landorus\n|-resisted|p2a: Landorus\n|-damage|p2a: Landorus|85\/100\n|\n|t:|1667760447\n|switch|p1a: Clefable|Clefable, F|92\/100|[from]move: U-turn\n|\n|-end|p1a: Clefable|move: Future Sight\n|-damage|p1a: Clefable|55\/100\n|-heal|p2a: Landorus|91\/100|[from] item: Leftovers\n|upkeep\n|turn|8\n|\n|t:|1667760453\n|move|p2a: Landorus|U-turn|p1a: Clefable\n|-resisted|p1a: Clefable\n|-damage|p1a: Clefable|47\/100\n|\n|t:|1667760455\n|switch|p2a: Slowking|Slowking-Galar, M|100\/100|[from]move: U-turn\n|-damage|p2a: Slowking|88\/100|[from] Stealth Rock\n|move|p1a: Clefable|Moonblast|p2a: Slowking\n|-resisted|p2a: Slowking\n|-damage|p2a: Slowking|75\/100\n|\n|upkeep\n|turn|9\n|\n|t:|1667760465\n|move|p1a: Clefable|Moonblast|p2a: Slowking\n|-resisted|p2a: Slowking\n|-damage|p2a: Slowking|63\/100\n|-unboost|p2a: Slowking|spa|1\n|move|p2a: Slowking|Future Sight|p1a: Clefable\n|-start|p2a: Slowking|move: Future Sight\n|\n|upkeep\n|turn|10\n|\n|t:|1667760469\n|move|p1a: Clefable|Moonblast|p2a: Slowking\n|-resisted|p2a: Slowking\n|-damage|p2a: Slowking|51\/100\n|-unboost|p2a: Slowking|spa|1\n|move|p2a: Slowking|Scald|p1a: Clefable\n|-damage|p1a: Clefable|39\/100\n|-status|p1a: Clefable|brn\n|\n|upkeep\n|turn|11\n|\n|t:|1667760481\n|switch|p2a: Ferrothorn|Ferrothorn, M|99\/100 par\n|-damage|p2a: Ferrothorn|94\/100 par|[from] Stealth Rock\n|move|p1a: Clefable|Moonblast|p2a: Ferrothorn\n|-resisted|p2a: Ferrothorn\n|-crit|p2a: Ferrothorn\n|-damage|p2a: Ferrothorn|73\/100 par\n|\n|-end|p1a: Clefable|move: Future Sight\n|-crit|p1a: Clefable\n|-damage|p1a: Clefable|0 fnt\n|faint|p1a: Clefable\n|-heal|p2a: Ferrothorn|79\/100 par|[from] item: Leftovers\n|upkeep\n|\n|t:|1667760485\n|switch|p1a: Urshifu|Urshifu-Rapid-Strike, M|100\/100\n|-damage|p1a: Urshifu|94\/100|[from] Stealth Rock\n|turn|12\n|inactive|Battle timer is ON: inactive players will automatically lose when time's up. (requested by FavMon=Garchomp)\n|\n|t:|1667760517\n|switch|p2a: Slowking|Slowking-Galar, M|84\/100\n|-damage|p2a: Slowking|71\/100|[from] Stealth Rock\n|move|p1a: Urshifu|Close Combat|p2a: Slowking\n|-resisted|p2a: Slowking\n|-damage|p2a: Slowking|55\/100\n|-unboost|p1a: Urshifu|def|1\n|-unboost|p1a: Urshifu|spd|1\n|\n|upkeep\n|turn|13\n|\n|t:|1667760521\n|move|p1a: Urshifu|Surging Strikes|p2a: Slowking\n|-crit|p2a: Slowking\n|-damage|p2a: Slowking|36\/100\n|-crit|p2a: Slowking\n|-damage|p2a: Slowking|16\/100\n|-crit|p2a: Slowking\n|-damage|p2a: Slowking|0 fnt\n|faint|p2a: Slowking\n|-hitcount|p2: Slowking|3\n|\n|upkeep\n|\n|t:|1667760524\n|switch|p2a: Tapu Koko|Tapu Koko, shiny|100\/100\n|-fieldstart|move: Electric Terrain|[from] ability: Electric Surge|[of] p2a: Tapu Koko\n|turn|14\n|\n|t:|1667760529\n|switch|p1a: Landorus|Landorus-Therian, M|49\/100 brn\n|-damage|p1a: Landorus|36\/100 brn|[from] Stealth Rock\n|-ability|p1a: Landorus|Intimidate|boost\n|-unboost|p2a: Tapu Koko|atk|1\n|move|p2a: Tapu Koko|Dazzling Gleam|p1a: Landorus\n|-damage|p1a: Landorus|9\/100 brn\n|\n|-heal|p1a: Landorus|15\/100 brn|[from] item: Leftovers\n|-damage|p1a: Landorus|9\/100 brn|[from] brn\n|upkeep\n|turn|15\n|\n|t:|1667760532\n|move|p2a: Tapu Koko|Dazzling Gleam|p1a: Landorus\n|-damage|p1a: Landorus|0 fnt\n|faint|p1a: Landorus\n|\n|upkeep\n|\n|t:|1667760543\n|switch|p1a: Dragonite|Dragonite, F|100\/100\n|turn|16\n|\n|t:|1667760553\n|move|p2a: Tapu Koko|U-turn|p1a: Dragonite\n|-resisted|p1a: Dragonite\n|-damage|p1a: Dragonite|97\/100\n|\n|t:|1667760555\n|switch|p2a: Mandibuzz|Mandibuzz, F|100\/100|[from]move: U-turn\n|move|p1a: Dragonite|Earthquake|p2a: Mandibuzz\n|-immune|p2a: Mandibuzz\n|\n|upkeep\n|turn|17\n|\n|t:|1667760565\n|move|p1a: Dragonite|Roost|p1a: Dragonite\n|-heal|p1a: Dragonite|100\/100\n|-singleturn|p1a: Dragonite|move: Roost\n|move|p2a: Mandibuzz|Foul Play|p1a: Dragonite\n|-damage|p1a: Dragonite|71\/100\n|\n|upkeep\n|turn|18\n|\n|t:|1667760572\n|switch|p1a: Corviknight|Corviknight, F|100\/100\n|-damage|p1a: Corviknight|88\/100|[from] Stealth Rock\n|-ability|p1a: Corviknight|Pressure\n|move|p2a: Mandibuzz|Taunt|p1a: Corviknight\n|-start|p1a: Corviknight|move: Taunt\n|\n|-heal|p1a: Corviknight|94\/100|[from] item: Leftovers\n|-fieldend|move: Electric Terrain\n|upkeep\n|turn|19\n|\n|t:|1667760582\n|move|p2a: Mandibuzz|U-turn|p1a: Corviknight\n|-resisted|p1a: Corviknight\n|-damage|p1a: Corviknight|93\/100\n|\n|t:|1667760583\n|switch|p2a: Tapu Koko|Tapu Koko, shiny|100\/100|[from]move: U-turn\n|-fieldstart|move: Electric Terrain|[from] ability: Electric Surge|[of] p2a: Tapu Koko\n|move|p1a: Corviknight|U-turn|p2a: Tapu Koko\n|-resisted|p2a: Tapu Koko\n|-damage|p2a: Tapu Koko|91\/100\n|inactive|FavMon=Garchomp has 270 seconds left.\n|\n|t:|1667760614\n|switch|p1a: Dragonite|Dragonite, F|71\/100|[from]move: U-turn\n|\n|upkeep\n|turn|20\n|\n|t:|1667760617\n|move|p2a: Tapu Koko|U-turn|p1a: Dragonite\n|-resisted|p1a: Dragonite\n|-crit|p1a: Dragonite\n|-damage|p1a: Dragonite|56\/100\n|\n|t:|1667760618\n|switch|p2a: Mandibuzz|Mandibuzz, F|100\/100|[from]move: U-turn\n|move|p1a: Dragonite|Dragon Dance|p1a: Dragonite\n|-boost|p1a: Dragonite|atk|1\n|-boost|p1a: Dragonite|spe|1\n|\n|upkeep\n|turn|21\n|\n|t:|1667760623\n|move|p1a: Dragonite|Roost|p1a: Dragonite\n|-heal|p1a: Dragonite|100\/100\n|-singleturn|p1a: Dragonite|move: Roost\n|move|p2a: Mandibuzz|Foul Play|p1a: Dragonite\n|-damage|p1a: Dragonite|62\/100\n|\n|upkeep\n|turn|22\n|\n|t:|1667760626\n|move|p1a: Dragonite|Dual Wingbeat|p2a: Mandibuzz\n|-damage|p2a: Mandibuzz|79\/100\n|-damage|p2a: Mandibuzz|57\/100\n|-hitcount|p2a: Mandibuzz|2\n|move|p2a: Mandibuzz|Foul Play|p1a: Dragonite\n|-damage|p1a: Dragonite|0 fnt\n|faint|p1a: Dragonite\n|\n|upkeep\n|\n|t:|1667760629\n|switch|p1a: Gengar|Gengar, M|100\/100\n|-damage|p1a: Gengar|88\/100|[from] Stealth Rock\n|turn|23\n|\n|t:|1667760632\n|move|p1a: Gengar|Will-O-Wisp|p2a: Mandibuzz\n|-status|p2a: Mandibuzz|brn\n|move|p2a: Mandibuzz|Foul Play|p1a: Gengar\n|-supereffective|p1a: Gengar\n|-damage|p1a: Gengar|61\/100\n|\n|-heal|p1a: Gengar|67\/100|[from] item: Black Sludge\n|-damage|p2a: Mandibuzz|50\/100 brn|[from] brn\n|-fieldend|move: Electric Terrain\n|upkeep\n|turn|24\n|\n|t:|1667760644\n|move|p1a: Gengar|Sludge Bomb|p2a: Mandibuzz\n|-damage|p2a: Mandibuzz|22\/100 brn\n|move|p2a: Mandibuzz|Roost|p2a: Mandibuzz\n|-heal|p2a: Mandibuzz|73\/100 brn\n|-singleturn|p2a: Mandibuzz|move: Roost\n|\n|-heal|p1a: Gengar|73\/100|[from] item: Black Sludge\n|-damage|p2a: Mandibuzz|66\/100 brn|[from] brn\n|upkeep\n|turn|25\n|\n|t:|1667760653\n|switch|p1a: Urshifu|Urshifu-Rapid-Strike, M|94\/100\n|-damage|p1a: Urshifu|88\/100|[from] Stealth Rock\n|move|p2a: Mandibuzz|Foul Play|p1a: Urshifu\n|-resisted|p1a: Urshifu\n|-damage|p1a: Urshifu|75\/100\n|\n|-damage|p2a: Mandibuzz|60\/100 brn|[from] brn\n|upkeep\n|turn|26\n|\n|t:|1667760661\n|switch|p2a: Ferrothorn|Ferrothorn, M|79\/100 par\n|-damage|p2a: Ferrothorn|73\/100 par|[from] Stealth Rock\n|move|p1a: Urshifu|Surging Strikes|p2a: Ferrothorn\n|-resisted|p2a: Ferrothorn\n|-crit|p2a: Ferrothorn\n|-damage|p2a: Ferrothorn|67\/100 par\n|-activate|p2a: Ferrothorn|ability: Iron Barbs\n|-activate|p1a: Urshifu|item: Protective Pads\n|-resisted|p2a: Ferrothorn\n|-crit|p2a: Ferrothorn\n|-damage|p2a: Ferrothorn|61\/100 par\n|-activate|p2a: Ferrothorn|ability: Iron Barbs\n|-activate|p1a: Urshifu|item: Protective Pads\n|-resisted|p2a: Ferrothorn\n|-crit|p2a: Ferrothorn\n|-damage|p2a: Ferrothorn|55\/100 par\n|-activate|p2a: Ferrothorn|ability: Iron Barbs\n|-activate|p1a: Urshifu|item: Protective Pads\n|-hitcount|p2a: Ferrothorn|3\n|\n|-heal|p2a: Ferrothorn|61\/100 par|[from] item: Leftovers\n|upkeep\n|turn|27\n|\n|t:|1667760667\n|move|p1a: Urshifu|Close Combat|p2a: Ferrothorn\n|-supereffective|p2a: Ferrothorn\n|-damage|p2a: Ferrothorn|0 fnt\n|-unboost|p1a: Urshifu|def|1\n|-unboost|p1a: Urshifu|spd|1\n|-activate|p2a: Ferrothorn|ability: Iron Barbs\n|-activate|p1a: Urshifu|item: Protective Pads\n|faint|p2a: Ferrothorn\n|\n|upkeep\n|\n|t:|1667760669\n|switch|p2a: Tapu Koko|Tapu Koko, shiny|91\/100\n|-fieldstart|move: Electric Terrain|[from] ability: Electric Surge|[of] p2a: Tapu Koko\n|turn|28\n|\n|t:|1667760672\n|switch|p1a: Corviknight|Corviknight, F|93\/100\n|-damage|p1a: Corviknight|80\/100|[from] Stealth Rock\n|-ability|p1a: Corviknight|Pressure\n|move|p2a: Tapu Koko|Thunderbolt|p1a: Corviknight\n|-supereffective|p1a: Corviknight\n|-damage|p1a: Corviknight|0 fnt\n|faint|p1a: Corviknight\n|\n|upkeep\n|\n|t:|1667760676\n|switch|p1a: Gengar|Gengar, M|73\/100\n|-damage|p1a: Gengar|61\/100|[from] Stealth Rock\n|turn|29\n|\n|t:|1667760682\n|move|p2a: Tapu Koko|U-turn|p1a: Gengar\n|-resisted|p1a: Gengar\n|-damage|p1a: Gengar|54\/100\n|-start|p2a: Tapu Koko|Disable|U-turn|[from] ability: Cursed Body|[of] p1a: Gengar\n|\n|t:|1667760684\n|switch|p2a: Mandibuzz|Mandibuzz, F|60\/100 brn|[from]move: U-turn\n|move|p1a: Gengar|Sludge Bomb|p2a: Mandibuzz\n|-damage|p2a: Mandibuzz|31\/100 brn\n|\n|-heal|p1a: Gengar|60\/100|[from] item: Black Sludge\n|-damage|p2a: Mandibuzz|25\/100 brn|[from] brn\n|upkeep\n|turn|30\n|\n|t:|1667760694\n|move|p1a: Gengar|Sludge Bomb|p2a: Mandibuzz\n|-damage|p2a: Mandibuzz|0 fnt\n|faint|p2a: Mandibuzz\n|\n|-heal|p1a: Gengar|66\/100|[from] item: Black Sludge\n|upkeep\n|\n|t:|1667760699\n|switch|p2a: Landorus|Landorus-Therian, M|91\/100\n|-damage|p2a: Landorus|78\/100|[from] Stealth Rock\n|-ability|p2a: Landorus|Intimidate|boost\n|-unboost|p1a: Gengar|atk|1\n|turn|31\n|\n|t:|1667760701\n|move|p1a: Gengar|Will-O-Wisp|p2a: Landorus\n|-status|p2a: Landorus|brn\n|move|p2a: Landorus|Earthquake|p1a: Gengar\n|-supereffective|p1a: Gengar\n|-damage|p1a: Gengar|0 fnt\n|-start|p2a: Landorus|Disable|Earthquake|[from] ability: Cursed Body|[of] p1a: Gengar\n|faint|p1a: Gengar\n|\n|-heal|p2a: Landorus|84\/100 brn|[from] item: Leftovers\n|-damage|p2a: Landorus|78\/100 brn|[from] brn\n|upkeep\n|\n|t:|1667760704\n|switch|p1a: Urshifu|Urshifu-Rapid-Strike, M|75\/100\n|-damage|p1a: Urshifu|69\/100|[from] Stealth Rock\n|turn|32\n|\n|t:|1667760708\n|move|p1a: Urshifu|Surging Strikes|p2a: Landorus\n|-supereffective|p2a: Landorus\n|-crit|p2a: Landorus\n|-damage|p2a: Landorus|38\/100 brn\n|-supereffective|p2a: Landorus\n|-crit|p2a: Landorus\n|-damage|p2a: Landorus|0 fnt\n|faint|p2a: Landorus\n|-hitcount|p2: Landorus|2\n|\n|-fieldend|move: Electric Terrain\n|upkeep\n|\n|t:|1667760711\n|switch|p2a: Tapu Koko|Tapu Koko, shiny|91\/100\n|-fieldstart|move: Electric Terrain|[from] ability: Electric Surge|[of] p2a: Tapu Koko\n|turn|33\n|c|\u2606Kwaga|gg\n|\n|t:|1667760716\n|move|p2a: Tapu Koko|Thunderbolt|p1a: Urshifu\n|-supereffective|p1a: Urshifu\n|-damage|p1a: Urshifu|0 fnt\n|faint|p1a: Urshifu\n|\n|win|Kwaga\n","uploadtime":1667760720,"views":8,"p1id":"favmongarchomp","p2id":"kwaga","formatid":"gen8ou","rating":0,"private":0,"password":null}