{"id":"gen8ou-1231538441","p1":"Acey 2B!","p2":"glaed13","format":"gen8ou","log":"|j|\u2606Acey 2B!\n|j|\u2606glaed13\n|t:|1606353517\n|player|p1|Acey 2B!|elesa|1853\n|player|p2|glaed13|cheren-gen5bw2|1841\n|teamsize|p1|6\n|teamsize|p2|6\n|gametype|singles\n|gen|8\n|tier|[Gen 8] OU\n|rated|\n|clearpoke\n|poke|p1|Tapu Lele|\n|poke|p1|Gardevoir, F|\n|poke|p1|Heatran, M|\n|poke|p1|Mandibuzz, F|\n|poke|p1|Garchomp, M|\n|poke|p1|Toxapex, F|\n|poke|p2|Blaziken, M|\n|poke|p2|Klefki, F|\n|poke|p2|Ninetales, M|\n|poke|p2|Zapdos-Galar|\n|poke|p2|Cinderace, F|\n|poke|p2|Garchomp, F|\n|rule|Sleep Clause Mod: Limit one foe put to sleep\n|rule|Species Clause: Limit one of each Pok\u00e9mon\n|rule|OHKO Clause: OHKO moves are banned\n|rule|Evasion Moves Clause: Evasion moves are banned\n|rule|Endless Battle Clause: Forcing endless battles is banned\n|rule|HP Percentage Mod: HP is shown in percentages\n|rule|Dynamax Clause: You cannot dynamax\n|teampreview\n|inactive|Battle timer is ON: inactive players will automatically lose when time's up. (requested by glaed13)\n|j| Tm6\n|j| blessed days\n|j| a1012\n|inactive|Acey 2B! has 120 seconds left.\n|j| ppev\n|j| Varaetia\n|\n|t:|1606353554\n|start\n|switch|p1a: Tapu Lele|Tapu Lele|100\/100\n|switch|p2a: Klefki|Klefki, F, shiny|100\/100\n|-fieldstart|move: Psychic Terrain|[from] ability: Psychic Surge|[of] p1a: Tapu Lele\n|turn|1\n|\n|t:|1606353564\n|switch|p1a: Heatran|Heatran, M|100\/100\n|move|p2a: Klefki|Light Screen|p2a: Klefki\n|-sidestart|p2: glaed13|move: Light Screen\n|\n|upkeep\n|turn|2\n|\n|t:|1606353569\n|move|p2a: Klefki|Reflect|p2a: Klefki\n|-sidestart|p2: glaed13|Reflect\n|move|p1a: Heatran|Stealth Rock|p2a: Klefki\n|-sidestart|p2: glaed13|move: Stealth Rock\n|\n|upkeep\n|turn|3\n|l| Tm6\n|\n|t:|1606353586\n|switch|p2a: Blaziken|Blaziken, M|100\/100\n|-damage|p2a: Blaziken|88\/100|[from] Stealth Rock\n|move|p1a: Heatran|Magma Storm|p2a: Blaziken\n|-resisted|p2a: Blaziken\n|-damage|p2a: Blaziken|71\/100\n|-activate|p2a: Blaziken|move: Magma Storm|[of] p1a: Heatran\n|\n|-damage|p2a: Blaziken|59\/100|[from] move: Magma Storm|[partiallytrapped]\n|upkeep\n|turn|4\n|\n|t:|1606353597\n|move|p2a: Blaziken|Swords Dance|p2a: Blaziken\n|-boost|p2a: Blaziken|atk|2\n|move|p1a: Heatran|Earth Power|p2a: Blaziken\n|-supereffective|p2a: Blaziken\n|-damage|p2a: Blaziken|16\/100\n|\n|-damage|p2a: Blaziken|4\/100|[from] move: Magma Storm|[partiallytrapped]\n|-ability|p2a: Blaziken|Speed Boost|boost\n|-boost|p2a: Blaziken|spe|1\n|upkeep\n|turn|5\n|\n|t:|1606353608\n|switch|p1a: Toxapex|Toxapex, F|100\/100\n|move|p2a: Blaziken|Earthquake|p1a: Toxapex\n|-supereffective|p1a: Toxapex\n|-damage|p1a: Toxapex|14\/100\n|\n|-end|p2a: Blaziken|Magma Storm|[partiallytrapped]|[silent]\n|-fieldend|move: Psychic Terrain\n|-ability|p2a: Blaziken|Speed Boost|boost\n|-boost|p2a: Blaziken|spe|1\n|upkeep\n|turn|6\n|\n|t:|1606353618\n|switch|p1a: Mandibuzz|Mandibuzz, F|100\/100\n|move|p2a: Blaziken|Earthquake|p1a: Mandibuzz\n|-immune|p1a: Mandibuzz\n|\n|-ability|p2a: Blaziken|Speed Boost|boost\n|-boost|p2a: Blaziken|spe|1\n|upkeep\n|turn|7\n|\n|t:|1606353628\n|switch|p1a: Toxapex|Toxapex, F|48\/100\n|move|p2a: Blaziken|High Jump Kick|p1a: Toxapex\n|-resisted|p1a: Toxapex\n|-damage|p1a: Toxapex|9\/100\n|-damage|p2a: Blaziken|0 fnt|[from] item: Rocky Helmet|[of] p1a: Toxapex\n|faint|p2a: Blaziken\n|\n|upkeep\n|\n|t:|1606353651\n|switch|p2a: Garchomp|Garchomp, F|100\/100\n|-damage|p2a: Garchomp|94\/100|[from] Stealth Rock\n|turn|8\n|j| Tm6\n|\n|t:|1606353656\n|switch|p1a: Mandibuzz|Mandibuzz, F|100\/100\n|move|p2a: Garchomp|Swords Dance|p2a: Garchomp\n|-boost|p2a: Garchomp|atk|2\n|\n|-sideend|p2: glaed13|move: Light Screen\n|upkeep\n|turn|9\n|j| Category Colossal\n|j| Promii\n|\n|t:|1606353664\n|move|p2a: Garchomp|Scale Shot|p1a: Mandibuzz\n|-damage|p1a: Mandibuzz|84\/100\n|-damage|p1a: Mandibuzz|66\/100\n|-damage|p1a: Mandibuzz|51\/100\n|-hitcount|p1a: Mandibuzz|3\n|-unboost|p2a: Garchomp|def|1\n|-boost|p2a: Garchomp|spe|1\n|move|p1a: Mandibuzz|Foul Play|p2a: Garchomp\n|-damage|p2a: Garchomp|11\/100\n|-damage|p1a: Mandibuzz|38\/100|[from] ability: Rough Skin|[of] p2a: Garchomp\n|\n|-sideend|p2: glaed13|Reflect\n|upkeep\n|turn|10\n|n| Vessev|categorycolossal\n|\n|t:|1606353678\n|move|p2a: Garchomp|Scale Shot|p1a: Mandibuzz\n|-damage|p1a: Mandibuzz|20\/100\n|-damage|p1a: Mandibuzz|4\/100\n|-damage|p1a: Mandibuzz|0 fnt\n|-hitcount|p1a: Mandibuzz|3\n|-unboost|p2a: Garchomp|def|1\n|-boost|p2a: Garchomp|spe|1\n|faint|p1a: Mandibuzz\n|\n|upkeep\n|\n|t:|1606353692\n|switch|p1a: Gardevoir|Gardevoir, F|100\/100\n|-ability|p1a: Gardevoir|Rough Skin|[from] ability: Trace|[of] p2a: Garchomp\n|turn|11\n|\n|t:|1606353697\n|move|p2a: Garchomp|Earthquake|p1a: Gardevoir\n|-damage|p1a: Gardevoir|0 fnt\n|faint|p1a: Gardevoir\n|\n|upkeep\n|\n|t:|1606353701\n|switch|p1a: Garchomp|Garchomp, M|100\/100\n|turn|12\n|\n|t:|1606353705\n|move|p2a: Garchomp|Scale Shot|p1a: Garchomp\n|-supereffective|p1a: Garchomp\n|-damage|p1a: Garchomp|38\/100\n|-supereffective|p1a: Garchomp\n|-damage|p1a: Garchomp|0 fnt\n|-hitcount|p1a: Garchomp|2\n|-unboost|p2a: Garchomp|def|1\n|-boost|p2a: Garchomp|spe|1\n|faint|p1a: Garchomp\n|\n|upkeep\n|-message|Acey 2B! forfeited.\n|\n|win|glaed13\n|l|\u2606Acey 2B!\n|l| a1012\n|l| blessed days\n|l|\u2606glaed13\n|l| Tm6\n|raw|Acey 2B!'s rating: 1836 &rarr; <strong>1816<\/strong><br \/>(-20 for losing)\n|raw|glaed13's rating: 1842 &rarr; <strong>1861<\/strong><br \/>(+19 for winning)\n","uploadtime":1606353745,"views":68,"p1id":"acey2b","p2id":"glaed13","formatid":"gen8ou","rating":1816,"private":0,"password":null}