{"id":"gen8nationaldex-1561849196","p1":"straightoutta14BC","p2":"yung_iznamakin","format":"gen8nationaldex","log":"|j|\u2606straightoutta14BC\n|j|\u2606yung_iznamakin\n|t:|1650991601\n|gametype|singles\n|player|p1|straightoutta14BC|firebreather|1410\n|player|p2|yung_iznamakin|kukui-stand|1417\n|teamsize|p1|6\n|teamsize|p2|6\n|gen|8\n|tier|[Gen 8] National Dex\n|rated|\n|rule|HP Percentage Mod: HP is shown in percentages\n|rule|Endless Battle Clause: Forcing endless battles is banned\n|rule|OHKO Clause: OHKO moves are banned\n|rule|Evasion Moves Clause: Evasion moves are banned\n|rule|Species Clause: Limit one of each Pok\u00e9mon\n|rule|Dynamax Clause: You cannot dynamax\n|rule|Sleep Clause Mod: Limit one foe put to sleep\n|clearpoke\n|poke|p1|Hatterene, F|\n|poke|p1|Porygon2|\n|poke|p1|Cresselia, F|\n|poke|p1|Mawile, F|\n|poke|p1|Azumarill, F|\n|poke|p1|Marowak-Alola, M|\n|poke|p2|Hatterene, F|\n|poke|p2|Melmetal|\n|poke|p2|Marowak-Alola, F|\n|poke|p2|Crawdaunt, M|\n|poke|p2|Porygon2|\n|poke|p2|Cresselia, F|\n|teampreview\n|inactive|Battle timer is ON: inactive players will automatically lose when time's up. (requested by yung_iznamakin)\n|\n|t:|1650991682\n|start\n|switch|p1a: Zuri|Azumarill, F|100\/100\n|switch|p2a: Melmetal|Melmetal, shiny|100\/100\n|turn|1\n|\n|t:|1650991699\n|move|p1a: Zuri|Superpower|p2a: Melmetal\n|-supereffective|p2a: Melmetal\n|-damage|p2a: Melmetal|22\/100\n|-unboost|p1a: Zuri|atk|1\n|-unboost|p1a: Zuri|def|1\n|move|p2a: Melmetal|Double Iron Bash|p1a: Zuri\n|-damage|p1a: Zuri|0 fnt\n|faint|p1a: Zuri\n|-hitcount|p1: Zuri|1\n|\n|upkeep\n|\n|t:|1650991714\n|switch|p1a: Bone Zone|Marowak-Alola, M|100\/100\n|turn|2\n|\n|t:|1650991719\n|switch|p2a: Crawdaunt|Crawdaunt, M|100\/100\n|move|p1a: Bone Zone|Flare Blitz|p2a: Crawdaunt\n|-resisted|p2a: Crawdaunt\n|-damage|p2a: Crawdaunt|42\/100\n|\n|upkeep\n|turn|3\n|\n|t:|1650991740\n|switch|p2a: Hatterene|Hatterene, F|100\/100\n|switch|p1a: Ana|Porygon2|100\/100\n|-ability|p1a: Ana|Magic Bounce|[from] ability: Trace|[of] p2a: Hatterene\n|\n|upkeep\n|turn|4\n|inactive|straightoutta14BC has 120 seconds left.\n|\n|t:|1650991777\n|move|p1a: Ana|Teleport|p1a: Ana\n|inactive|straightoutta14BC has 90 seconds left.\n|\n|t:|1650991807\n|switch|p1a: Bone Zone|Marowak-Alola, M|100\/100|[from]move: Teleport\n|move|p2a: Hatterene|Trick Room|p2a: Hatterene\n|-fieldstart|move: Trick Room|[of] p2a: Hatterene\n|\n|upkeep\n|turn|5\n|inactive|straightoutta14BC has 90 seconds left.\n|\n|t:|1650991822\n|move|p2a: Hatterene|Healing Wish|p2a: Hatterene\n|faint|p2a: Hatterene\n|move|p1a: Bone Zone|Flare Blitz|p2: Hatterene|[notarget]\n|-fail|p1a: Bone Zone\n|\n|upkeep\n|\n|t:|1650991826\n|switch|p2a: Crawdaunt|Crawdaunt, M|42\/100\n|-heal|p2a: Crawdaunt|100\/100|[from] move: Healing Wish\n|turn|6\n|inactive|straightoutta14BC has 90 seconds left.\n|inactive|straightoutta14BC has 60 seconds left.\n|inactive|straightoutta14BC has 30 seconds left.\n|inactive|straightoutta14BC has 20 seconds left.\n|\n|t:|1650991914\n|switch|p1a: Nancy|Mawile, F|100\/100\n|-ability|p1a: Nancy|Intimidate|boost\n|-unboost|p2a: Crawdaunt|atk|1\n|move|p2a: Crawdaunt|Crabhammer|p1a: Nancy\n|-damage|p1a: Nancy|24\/100\n|-damage|p2a: Crawdaunt|90\/100|[from] item: Life Orb\n|\n|upkeep\n|turn|7\n|inactive|straightoutta14BC has 30 seconds left this turn.\n|inactive|straightoutta14BC has 20 seconds left.\n|\n|t:|1650991928\n|detailschange|p1a: Nancy|Mawile-Mega, F\n|-mega|p1a: Nancy|Mawile|Mawilite\n|move|p1a: Nancy|Play Rough|p2a: Crawdaunt|[miss]\n|-miss|p1a: Nancy|p2a: Crawdaunt\n|move|p2a: Crawdaunt|Swords Dance|p2a: Crawdaunt\n|-boost|p2a: Crawdaunt|atk|2\n|\n|upkeep\n|turn|8\n|inactive|straightoutta14BC has 30 seconds left this turn.\n|\n|t:|1650991938\n|switch|p2a: Cresselia|Cresselia, F|100\/100\n|move|p1a: Nancy|Thunder Punch|p2a: Cresselia\n|-damage|p2a: Cresselia|77\/100\n|\n|-heal|p2a: Cresselia|83\/100|[from] item: Leftovers\n|-fieldend|move: Trick Room\n|upkeep\n|turn|9\n|inactive|straightoutta14BC has 30 seconds left.\n|inactive|straightoutta14BC has 20 seconds left.\n|\n|t:|1650991956\n|move|p1a: Nancy|Play Rough|p2a: Cresselia\n|-damage|p2a: Cresselia|39\/100\n|move|p2a: Cresselia|Trick Room|p2a: Cresselia\n|-fieldstart|move: Trick Room|[of] p2a: Cresselia\n|\n|-heal|p2a: Cresselia|45\/100|[from] item: Leftovers\n|upkeep\n|turn|10\n|inactive|straightoutta14BC has 30 seconds left this turn.\n|inactive|straightoutta14BC has 20 seconds left.\n|\n|t:|1650991967\n|move|p1a: Nancy|Play Rough|p2a: Cresselia\n|-crit|p2a: Cresselia\n|-damage|p2a: Cresselia|0 fnt\n|faint|p2a: Cresselia\n|\n|upkeep\n|inactive|straightoutta14BC has 25 seconds left this turn.\n|\n|t:|1650991974\n|switch|p2a: Melmetal|Melmetal, shiny|22\/100\n|turn|11\n|inactive|straightoutta14BC has 30 seconds left.\n|\n|t:|1650991987\n|move|p1a: Nancy|Sucker Punch|p2a: Melmetal\n|-damage|p2a: Melmetal|0 fnt\n|faint|p2a: Melmetal\n|\n|upkeep\n|inactive|straightoutta14BC has 30 seconds left this turn.\n|\n|t:|1650991994\n|switch|p2a: Marowak|Marowak-Alola, F|100\/100\n|turn|12\n|inactive|straightoutta14BC has 30 seconds left.\n|inactive|straightoutta14BC has 20 seconds left.\n|inactive|straightoutta14BC has 15 seconds left.\n|\n|t:|1650992021\n|move|p1a: Nancy|Sucker Punch|p2a: Marowak\n|-supereffective|p2a: Marowak\n|-damage|p2a: Marowak|10\/100\n|move|p2a: Marowak|Flare Blitz|p1a: Nancy\n|-supereffective|p1a: Nancy\n|-damage|p1a: Nancy|0 fnt\n|faint|p1a: Nancy\n|\n|upkeep\n|inactive|straightoutta14BC has 20 seconds left this turn.\n|inactive|straightoutta14BC has 15 seconds left.\n|inactive|straightoutta14BC has 10 seconds left.\n|\n|t:|1650992036\n|switch|p1a: Hattie|Hatterene, F|100\/100\n|turn|13\n|inactive|straightoutta14BC has 20 seconds left this turn.\n|inactive|straightoutta14BC has 15 seconds left.\n|inactive|straightoutta14BC has 10 seconds left.\n|\n|t:|1650992049\n|switch|p2a: Porygon2|Porygon2|100\/100\n|-ability|p2a: Porygon2|Download|boost\n|-boost|p2a: Porygon2|atk|1\n|move|p1a: Hattie|Dazzling Gleam|p2a: Porygon2\n|-damage|p2a: Porygon2|79\/100\n|\n|-fieldend|move: Trick Room\n|upkeep\n|turn|14\n|inactive|straightoutta14BC has 20 seconds left this turn.\n|inactive|straightoutta14BC has 15 seconds left.\n|inactive|straightoutta14BC has 10 seconds left.\n|\n|t:|1650992064\n|switch|p1a: Ana|Porygon2|100\/100\n|-ability|p1a: Ana|Download|[from] ability: Trace|[of] p2a: Porygon2\n|-ability|p1a: Ana|Download|boost\n|-boost|p1a: Ana|atk|1\n|move|p2a: Porygon2|Ice Beam|p1a: Ana\n|-damage|p1a: Ana|88\/100\n|\n|upkeep\n|turn|15\n|inactive|straightoutta14BC has 20 seconds left this turn.\n|inactive|straightoutta14BC has 15 seconds left.\n|inactive|straightoutta14BC has 10 seconds left.\n|\n|t:|1650992077\n|move|p1a: Ana|Teleport|p1a: Ana\n|inactive|straightoutta14BC has 15 seconds left this turn.\n|inactive|straightoutta14BC has 10 seconds left.\n|j| Superficie07\n|inactive|straightoutta14BC has 5 seconds left.\n|\n|t:|1650992088\n|switch|p1a: Cresselia|Cresselia, F|100\/100|[from]move: Teleport\n|move|p2a: Porygon2|Trick Room|p2a: Porygon2\n|-fieldstart|move: Trick Room|[of] p2a: Porygon2\n|\n|upkeep\n|turn|16\n|inactive|straightoutta14BC has 15 seconds left this turn.\n|inactive|straightoutta14BC has 10 seconds left.\n|\n|t:|1650992096\n|move|p1a: Cresselia|Psychic|p2a: Porygon2\n|-damage|p2a: Porygon2|65\/100\n|move|p2a: Porygon2|Teleport|p2a: Porygon2\n|inactive|straightoutta14BC has 15 seconds left this turn.\n|\n|t:|1650992099\n|switch|p2a: Marowak|Marowak-Alola, F|10\/100|[from]move: Teleport\n|\n|upkeep\n|turn|17\n|inactive|straightoutta14BC has 25 seconds left this turn.\n|inactive|straightoutta14BC has 20 seconds left.\n|inactive|straightoutta14BC has 15 seconds left.\n|\n|t:|1650992111\n|switch|p1a: Ana|Porygon2|88\/100\n|-ability|p1a: Ana|Rock Head|[from] ability: Trace|[of] p2a: Marowak\n|move|p2a: Marowak|Flare Blitz|p1a: Ana\n|-damage|p1a: Ana|32\/100\n|\n|upkeep\n|turn|18\n|inactive|straightoutta14BC has 25 seconds left this turn.\n|inactive|straightoutta14BC has 20 seconds left.\n|inactive|straightoutta14BC has 15 seconds left.\n|inactive|straightoutta14BC has 10 seconds left.\n|\n|t:|1650992127\n|move|p1a: Ana|Ice Beam|p2a: Marowak\n|-resisted|p2a: Marowak\n|-damage|p2a: Marowak|0 fnt\n|faint|p2a: Marowak\n|\n|upkeep\n|inactive|straightoutta14BC has 15 seconds left this turn.\n|\n|t:|1650992137\n|switch|p2a: Crawdaunt|Crawdaunt, M|90\/100\n|turn|19\n|inactive|straightoutta14BC has 25 seconds left this turn.\n|inactive|straightoutta14BC has 20 seconds left.\n|inactive|straightoutta14BC has 15 seconds left.\n|\n|t:|1650992150\n|move|p2a: Crawdaunt|Knock Off|p1a: Ana\n|-damage|p1a: Ana|0 fnt\n|-enditem|p1a: Ana|Eviolite|[from] move: Knock Off|[of] p2a: Crawdaunt\n|faint|p1a: Ana\n|-damage|p2a: Crawdaunt|80\/100|[from] item: Life Orb\n|\n|-fieldend|move: Trick Room\n|upkeep\n|inactive|straightoutta14BC has 20 seconds left this turn.\n|\n|t:|1650992152\n|switch|p1a: Hattie|Hatterene, F|100\/100\n|turn|20\n|inactive|straightoutta14BC has 30 seconds left this turn.\n|\n|t:|1650992159\n|switch|p2a: Porygon2|Porygon2|65\/100\n|-ability|p2a: Porygon2|Download|boost\n|-boost|p2a: Porygon2|atk|1\n|move|p1a: Hattie|Dazzling Gleam|p2a: Porygon2\n|-damage|p2a: Porygon2|44\/100\n|\n|upkeep\n|turn|21\n|inactive|straightoutta14BC has 30 seconds left.\n|inactive|straightoutta14BC has 20 seconds left.\n|inactive|straightoutta14BC has 15 seconds left.\n|\n|t:|1650992182\n|switch|p1a: Bone Zone|Marowak-Alola, M|100\/100\n|move|p2a: Porygon2|Ice Beam|p1a: Bone Zone\n|-resisted|p1a: Bone Zone\n|-damage|p1a: Bone Zone|87\/100\n|\n|upkeep\n|turn|22\n|inactive|straightoutta14BC has 25 seconds left this turn.\n|inactive|straightoutta14BC has 20 seconds left.\n|\n|t:|1650992191\n|move|p2a: Porygon2|Recover|p2a: Porygon2\n|-heal|p2a: Porygon2|94\/100\n|move|p1a: Bone Zone|Flare Blitz|p2a: Porygon2\n|-damage|p2a: Porygon2|29\/100\n|\n|upkeep\n|turn|23\n|inactive|straightoutta14BC has 30 seconds left this turn.\n|\n|t:|1650992200\n|move|p1a: Bone Zone|Flare Blitz|p2a: Porygon2\n|-damage|p2a: Porygon2|0 fnt\n|faint|p2a: Porygon2\n|\n|upkeep\n|inactive|straightoutta14BC has 30 seconds left this turn.\n|\n|t:|1650992204\n|switch|p2a: Crawdaunt|Crawdaunt, M|80\/100\n|turn|24\n|\n|t:|1650992211\n|move|p2a: Crawdaunt|Knock Off|p1a: Bone Zone\n|-supereffective|p1a: Bone Zone\n|-damage|p1a: Bone Zone|0 fnt\n|-enditem|p1a: Bone Zone|Thick Club|[from] move: Knock Off|[of] p2a: Crawdaunt\n|faint|p1a: Bone Zone\n|-damage|p2a: Crawdaunt|70\/100|[from] item: Life Orb\n|\n|upkeep\n|\n|t:|1650992216\n|switch|p1a: Hattie|Hatterene, F|100\/100\n|turn|25\n|\n|t:|1650992218\n|move|p2a: Crawdaunt|Knock Off|p1a: Hattie\n|-enditem|p1a: Hattie|Focus Sash\n|-damage|p1a: Hattie|1\/100\n|-damage|p2a: Crawdaunt|60\/100|[from] item: Life Orb\n|move|p1a: Hattie|Dazzling Gleam|p2a: Crawdaunt\n|-supereffective|p2a: Crawdaunt\n|-damage|p2a: Crawdaunt|0 fnt\n|faint|p2a: Crawdaunt\n|\n|win|straightoutta14BC\n|raw|straightoutta14BC's rating: 1410 &rarr; <strong>1430<\/strong><br \/>(+20 for winning)\n|raw|yung_iznamakin's rating: 1417 &rarr; <strong>1397<\/strong><br \/>(-20 for losing)\n|l|\u2606yung_iznamakin\n","uploadtime":1650992224,"views":12,"p1id":"straightoutta14bc","p2id":"yungiznamakin","formatid":"gen8nationaldex","rating":1397,"private":0,"password":null}