{"id":"gen8nationaldex-1659568192","p1":"AlphaAero","p2":"Capital Cruiser","format":"gen8nationaldex","log":"|j|\u2606AlphaAero\n|j|\u2606Capital Cruiser\n|t:|1662678672\n|gametype|singles\n|player|p1|AlphaAero|elesa-gen5bw2|1559\n|player|p2|Capital Cruiser|cheren-gen5bw2|1536\n|teamsize|p1|6\n|teamsize|p2|6\n|gen|8\n|tier|[Gen 8] National Dex\n|rated|\n|rule|HP Percentage Mod: HP is shown in percentages\n|rule|Endless Battle Clause: Forcing endless battles is banned\n|rule|OHKO Clause: OHKO moves are banned\n|rule|Evasion Moves Clause: Evasion moves are banned\n|rule|Species Clause: Limit one of each Pok\u00e9mon\n|rule|Dynamax Clause: You cannot dynamax\n|rule|Sleep Clause Mod: Limit one foe put to sleep\n|clearpoke\n|poke|p1|Gardevoir, M|\n|poke|p1|Heatran, F|\n|poke|p1|Ferrothorn, F|\n|poke|p1|Hippowdon, F|\n|poke|p1|Zapdos|\n|poke|p1|Hydreigon, F|\n|poke|p2|Garchomp, M|\n|poke|p2|Hippowdon, F|\n|poke|p2|Kartana|\n|poke|p2|Tapu Fini|\n|poke|p2|Heatran, F|\n|poke|p2|Celesteela|\n|teampreview\n|inactive|Battle timer is ON: inactive players will automatically lose when time's up. (requested by AlphaAero)\n|inactive|Capital Cruiser also wants the timer to be on.\n|\n|t:|1662678692\n|start\n|switch|p1a: Zapdos|Zapdos|100\/100\n|switch|p2a: Garchomp|Garchomp, M, shiny|100\/100\n|-ability|p1a: Zapdos|Pressure\n|turn|1\n|\n|t:|1662678705\n|detailschange|p2a: Garchomp|Garchomp-Mega, M, shiny\n|-mega|p2a: Garchomp|Garchomp|Garchompite\n|move|p1a: Zapdos|Hidden Power|p2a: Garchomp\n|-supereffective|p2a: Garchomp\n|-damage|p2a: Garchomp|24\/100\n|move|p2a: Garchomp|Rock Slide|p1a: Zapdos\n|-supereffective|p1a: Zapdos\n|-damage|p1a: Zapdos|18\/100\n|\n|upkeep\n|turn|2\n|\n|t:|1662678711\n|switch|p1a: Ferrothorn|Ferrothorn, F|100\/100\n|switch|p2a: Heatran|Heatran, F, shiny|100\/100\n|\n|upkeep\n|turn|3\n|\n|t:|1662678727\n|switch|p1a: Hippowdon|Hippowdon, F|100\/100\n|-weather|Sandstorm|[from] ability: Sand Stream|[of] p1a: Hippowdon\n|move|p2a: Heatran|Stealth Rock|p1a: Hippowdon\n|-sidestart|p1: AlphaAero|move: Stealth Rock\n|\n|-weather|Sandstorm|[upkeep]\n|upkeep\n|turn|4\n|\n|t:|1662678734\n|switch|p2a: Tapu Fini|Tapu Fini, shiny|100\/100\n|move|p1a: Hippowdon|Stealth Rock|p2a: Tapu Fini\n|-sidestart|p2: Capital Cruiser|move: Stealth Rock\n|\n|-weather|Sandstorm|[upkeep]\n|-damage|p2a: Tapu Fini|94\/100|[from] Sandstorm\n|-heal|p2a: Tapu Fini|100\/100|[from] item: Leftovers\n|upkeep\n|turn|5\n|\n|t:|1662678741\n|switch|p1a: Ferrothorn|Ferrothorn, F|100\/100\n|-damage|p1a: Ferrothorn|94\/100|[from] Stealth Rock\n|move|p2a: Tapu Fini|Scald|p1a: Ferrothorn\n|-resisted|p1a: Ferrothorn\n|-damage|p1a: Ferrothorn|86\/100\n|-status|p1a: Ferrothorn|brn\n|\n|-weather|Sandstorm|[upkeep]\n|-damage|p2a: Tapu Fini|94\/100|[from] Sandstorm\n|-heal|p2a: Tapu Fini|100\/100|[from] item: Leftovers\n|-heal|p1a: Ferrothorn|92\/100 brn|[from] item: Leftovers\n|-damage|p1a: Ferrothorn|86\/100 brn|[from] brn\n|upkeep\n|turn|6\n|\n|t:|1662678745\n|move|p2a: Tapu Fini|Nature's Madness|p1a: Ferrothorn\n|-damage|p1a: Ferrothorn|43\/100 brn\n|move|p1a: Ferrothorn|Spikes|p2a: Tapu Fini\n|-sidestart|p2: Capital Cruiser|Spikes\n|\n|-weather|Sandstorm|[upkeep]\n|-damage|p2a: Tapu Fini|94\/100|[from] Sandstorm\n|-heal|p2a: Tapu Fini|100\/100|[from] item: Leftovers\n|-heal|p1a: Ferrothorn|49\/100 brn|[from] item: Leftovers\n|-damage|p1a: Ferrothorn|43\/100 brn|[from] brn\n|upkeep\n|turn|7\n|\n|t:|1662678750\n|move|p2a: Tapu Fini|Defog|p1a: Ferrothorn\n|-unboost|p1a: Ferrothorn|evasion|1\n|-sideend|p1: AlphaAero|Stealth Rock|[from] move: Defog|[of] p2a: Tapu Fini\n|-sideend|p2: Capital Cruiser|Spikes|[from] move: Defog|[of] p2a: Tapu Fini\n|-sideend|p2: Capital Cruiser|Stealth Rock|[from] move: Defog|[of] p2a: Tapu Fini\n|move|p1a: Ferrothorn|Leech Seed|p2a: Tapu Fini\n|-start|p2a: Tapu Fini|move: Leech Seed\n|\n|-weather|none\n|-heal|p1a: Ferrothorn|49\/100 brn|[from] item: Leftovers\n|-damage|p2a: Tapu Fini|88\/100|[from] Leech Seed|[of] p1a: Ferrothorn\n|-heal|p1a: Ferrothorn|61\/100 brn|[silent]\n|-damage|p1a: Ferrothorn|55\/100 brn|[from] brn\n|upkeep\n|turn|8\n|\n|t:|1662678754\n|switch|p2a: Heatran|Heatran, F, shiny|100\/100\n|move|p1a: Ferrothorn|Spikes|p2a: Heatran\n|-sidestart|p2: Capital Cruiser|Spikes\n|\n|-heal|p1a: Ferrothorn|61\/100 brn|[from] item: Leftovers\n|-damage|p1a: Ferrothorn|55\/100 brn|[from] brn\n|upkeep\n|turn|9\n|\n|t:|1662678757\n|switch|p1a: Hippowdon|Hippowdon, F|100\/100\n|-weather|Sandstorm|[from] ability: Sand Stream|[of] p1a: Hippowdon\n|move|p2a: Heatran|Stealth Rock|p1a: Hippowdon\n|-sidestart|p1: AlphaAero|move: Stealth Rock\n|\n|-weather|Sandstorm|[upkeep]\n|upkeep\n|turn|10\n|\n|t:|1662678770\n|switch|p2a: Celesteela|Celesteela, shiny|100\/100\n|move|p1a: Hippowdon|Stealth Rock|p2a: Celesteela\n|-sidestart|p2: Capital Cruiser|move: Stealth Rock\n|\n|-weather|Sandstorm|[upkeep]\n|upkeep\n|turn|11\n|\n|t:|1662678774\n|switch|p1a: Heatran|Heatran, F|100\/100\n|-damage|p1a: Heatran|88\/100|[from] Stealth Rock\n|move|p2a: Celesteela|Leech Seed|p1a: Heatran|[miss]\n|-miss|p2a: Celesteela|p1a: Heatran\n|\n|-weather|Sandstorm|[upkeep]\n|-heal|p1a: Heatran|94\/100|[from] item: Leftovers\n|upkeep\n|turn|12\n|c|\u2606Capital Cruiser|lol\n|\n|t:|1662678783\n|switch|p2a: Tapu Fini|Tapu Fini, shiny|88\/100\n|-damage|p2a: Tapu Fini|76\/100|[from] Spikes\n|-damage|p2a: Tapu Fini|64\/100|[from] Stealth Rock\n|move|p1a: Heatran|Earth Power|p2a: Tapu Fini\n|-damage|p2a: Tapu Fini|45\/100\n|\n|-weather|Sandstorm|[upkeep]\n|-damage|p2a: Tapu Fini|39\/100|[from] Sandstorm\n|-heal|p1a: Heatran|100\/100|[from] item: Leftovers\n|-heal|p2a: Tapu Fini|45\/100|[from] item: Leftovers\n|upkeep\n|turn|13\n|\n|t:|1662678788\n|move|p1a: Heatran|Toxic|p2a: Tapu Fini\n|-status|p2a: Tapu Fini|tox\n|move|p2a: Tapu Fini|Defog|p1a: Heatran\n|-unboost|p1a: Heatran|evasion|1\n|-sideend|p1: AlphaAero|Stealth Rock|[from] move: Defog|[of] p2a: Tapu Fini\n|-sideend|p2: Capital Cruiser|Spikes|[from] move: Defog|[of] p2a: Tapu Fini\n|-sideend|p2: Capital Cruiser|Stealth Rock|[from] move: Defog|[of] p2a: Tapu Fini\n|\n|-weather|none\n|-heal|p2a: Tapu Fini|51\/100 tox|[from] item: Leftovers\n|-damage|p2a: Tapu Fini|45\/100 tox|[from] psn\n|upkeep\n|turn|14\n|\n|t:|1662678794\n|switch|p1a: Zapdos|Zapdos|18\/100\n|-ability|p1a: Zapdos|Pressure\n|move|p2a: Tapu Fini|Scald|p1a: Zapdos\n|-damage|p1a: Zapdos|0 fnt\n|faint|p1a: Zapdos\n|\n|-heal|p2a: Tapu Fini|51\/100 tox|[from] item: Leftovers\n|-damage|p2a: Tapu Fini|39\/100 tox|[from] psn\n|upkeep\n|\n|t:|1662678797\n|switch|p1a: Ferrothorn|Ferrothorn, F|55\/100 brn\n|turn|15\n|\n|t:|1662678802\n|switch|p2a: Heatran|Heatran, F, shiny|100\/100\n|move|p1a: Ferrothorn|Spikes|p2a: Heatran\n|-sidestart|p2: Capital Cruiser|Spikes\n|\n|-heal|p1a: Ferrothorn|61\/100 brn|[from] item: Leftovers\n|-damage|p1a: Ferrothorn|55\/100 brn|[from] brn\n|upkeep\n|turn|16\n|\n|t:|1662678806\n|switch|p1a: Hippowdon|Hippowdon, F|100\/100\n|-weather|Sandstorm|[from] ability: Sand Stream|[of] p1a: Hippowdon\n|move|p2a: Heatran|Stealth Rock|p1a: Hippowdon\n|-sidestart|p1: AlphaAero|move: Stealth Rock\n|\n|-weather|Sandstorm|[upkeep]\n|upkeep\n|turn|17\n|\n|t:|1662678815\n|switch|p2a: Hippowdon|Hippowdon, F, shiny|100\/100\n|-damage|p2a: Hippowdon|88\/100|[from] Spikes\n|move|p1a: Hippowdon|Stealth Rock|p2a: Hippowdon\n|-sidestart|p2: Capital Cruiser|move: Stealth Rock\n|\n|-weather|Sandstorm|[upkeep]\n|upkeep\n|turn|18\n|\n|t:|1662678823\n|switch|p2a: Celesteela|Celesteela, shiny|100\/100\n|-damage|p2a: Celesteela|88\/100|[from] Stealth Rock\n|switch|p1a: Ferrothorn|Ferrothorn, F|55\/100 brn\n|-damage|p1a: Ferrothorn|49\/100 brn|[from] Stealth Rock\n|\n|-weather|Sandstorm|[upkeep]\n|-heal|p1a: Ferrothorn|55\/100 brn|[from] item: Leftovers\n|-damage|p1a: Ferrothorn|49\/100 brn|[from] brn\n|upkeep\n|turn|19\n|\n|t:|1662678830\n|switch|p1a: Heatran|Heatran, F|100\/100\n|-damage|p1a: Heatran|88\/100|[from] Stealth Rock\n|move|p2a: Celesteela|Air Slash|p1a: Heatran\n|-resisted|p1a: Heatran\n|-damage|p1a: Heatran|76\/100\n|\n|-weather|Sandstorm|[upkeep]\n|-heal|p1a: Heatran|82\/100|[from] item: Leftovers\n|upkeep\n|turn|20\n|\n|t:|1662678841\n|move|p1a: Heatran|Earth Power|p2a: Celesteela\n|-immune|p2a: Celesteela\n|move|p2a: Celesteela|Leech Seed|p1a: Heatran\n|-start|p1a: Heatran|move: Leech Seed\n|\n|-weather|none\n|-heal|p1a: Heatran|89\/100|[from] item: Leftovers\n|-damage|p1a: Heatran|76\/100|[from] Leech Seed|[of] p2a: Celesteela\n|-heal|p2a: Celesteela|100\/100|[silent]\n|upkeep\n|turn|21\n|\n|t:|1662678851\n|switch|p2a: Garchomp|Garchomp-Mega, M, shiny|24\/100\n|-damage|p2a: Garchomp|12\/100|[from] Spikes\n|-damage|p2a: Garchomp|6\/100|[from] Stealth Rock\n|move|p1a: Heatran|Earth Power|p2a: Garchomp\n|-damage|p2a: Garchomp|0 fnt\n|faint|p2a: Garchomp\n|\n|-heal|p1a: Heatran|82\/100|[from] item: Leftovers\n|upkeep\n|\n|t:|1662678855\n|switch|p2a: Tapu Fini|Tapu Fini, shiny|39\/100 tox\n|-damage|p2a: Tapu Fini|26\/100 tox|[from] Spikes\n|-damage|p2a: Tapu Fini|14\/100 tox|[from] Stealth Rock\n|turn|22\n|\n|t:|1662678861\n|switch|p1a: Ferrothorn|Ferrothorn, F|49\/100 brn\n|-damage|p1a: Ferrothorn|43\/100 brn|[from] Stealth Rock\n|move|p2a: Tapu Fini|Defog|p1a: Ferrothorn\n|-unboost|p1a: Ferrothorn|evasion|1\n|-sideend|p1: AlphaAero|Stealth Rock|[from] move: Defog|[of] p2a: Tapu Fini\n|-sideend|p2: Capital Cruiser|Spikes|[from] move: Defog|[of] p2a: Tapu Fini\n|-sideend|p2: Capital Cruiser|Stealth Rock|[from] move: Defog|[of] p2a: Tapu Fini\n|\n|-heal|p2a: Tapu Fini|20\/100 tox|[from] item: Leftovers\n|-heal|p1a: Ferrothorn|49\/100 brn|[from] item: Leftovers\n|-damage|p2a: Tapu Fini|14\/100 tox|[from] psn\n|-damage|p1a: Ferrothorn|43\/100 brn|[from] brn\n|upkeep\n|turn|23\n|\n|t:|1662678877\n|move|p2a: Tapu Fini|Nature's Madness|p1a: Ferrothorn\n|-damage|p1a: Ferrothorn|22\/100 brn\n|move|p1a: Ferrothorn|Spikes|p2a: Tapu Fini\n|-sidestart|p2: Capital Cruiser|Spikes\n|\n|-heal|p2a: Tapu Fini|20\/100 tox|[from] item: Leftovers\n|-heal|p1a: Ferrothorn|28\/100 brn|[from] item: Leftovers\n|-damage|p2a: Tapu Fini|8\/100 tox|[from] psn\n|-damage|p1a: Ferrothorn|22\/100 brn|[from] brn\n|upkeep\n|turn|24\n|\n|t:|1662678881\n|move|p2a: Tapu Fini|Defog|p1a: Ferrothorn\n|-unboost|p1a: Ferrothorn|evasion|1\n|-sideend|p2: Capital Cruiser|Spikes|[from] move: Defog|[of] p2a: Tapu Fini\n|move|p1a: Ferrothorn|Spikes|p2a: Tapu Fini\n|-sidestart|p2: Capital Cruiser|Spikes\n|\n|-heal|p2a: Tapu Fini|14\/100 tox|[from] item: Leftovers\n|-heal|p1a: Ferrothorn|28\/100 brn|[from] item: Leftovers\n|-damage|p2a: Tapu Fini|0 fnt|[from] psn\n|faint|p2a: Tapu Fini\n|-damage|p1a: Ferrothorn|22\/100 brn|[from] brn\n|upkeep\n|\n|t:|1662678892\n|switch|p2a: Hippowdon|Hippowdon, F, shiny|88\/100\n|-damage|p2a: Hippowdon|76\/100|[from] Spikes\n|-weather|Sandstorm|[from] ability: Sand Stream|[of] p2a: Hippowdon\n|turn|25\n|\n|t:|1662678896\n|switch|p1a: Hippowdon|Hippowdon, F|100\/100\n|move|p2a: Hippowdon|Earthquake|p1a: Hippowdon\n|-damage|p1a: Hippowdon|67\/100\n|\n|-weather|Sandstorm|[upkeep]\n|-heal|p1a: Hippowdon|73\/100|[from] item: Leftovers\n|upkeep\n|turn|26\n|\n|t:|1662678909\n|switch|p2a: Celesteela|Celesteela, shiny|100\/100\n|move|p1a: Hippowdon|Stealth Rock|p2a: Celesteela\n|-sidestart|p2: Capital Cruiser|move: Stealth Rock\n|\n|-weather|Sandstorm|[upkeep]\n|-heal|p1a: Hippowdon|79\/100|[from] item: Leftovers\n|upkeep\n|turn|27\n|\n|t:|1662678915\n|switch|p2a: Kartana|Kartana, shiny|100\/100\n|-damage|p2a: Kartana|88\/100|[from] Spikes\n|-damage|p2a: Kartana|82\/100|[from] Stealth Rock\n|switch|p1a: Ferrothorn|Ferrothorn, F|22\/100 brn\n|\n|-weather|Sandstorm|[upkeep]\n|-heal|p1a: Ferrothorn|28\/100 brn|[from] item: Leftovers\n|-damage|p1a: Ferrothorn|22\/100 brn|[from] brn\n|upkeep\n|turn|28\n|\n|t:|1662678921\n|switch|p1a: Hippowdon|Hippowdon, F|79\/100\n|move|p2a: Kartana|Sacred Sword|p1a: Hippowdon\n|-damage|p1a: Hippowdon|52\/100\n|\n|-weather|Sandstorm|[upkeep]\n|-heal|p1a: Hippowdon|58\/100|[from] item: Leftovers\n|upkeep\n|turn|29\n|c|\u2606Capital Cruiser|noob\n|-message|Capital Cruiser forfeited.\n|\n|win|AlphaAero\n|raw|AlphaAero's rating: 1559 &rarr; <strong>1578<\/strong><br \/>(+19 for winning)\n|raw|Capital Cruiser's rating: 1536 &rarr; <strong>1517<\/strong><br \/>(-19 for losing)\n|l|\u2606Capital Cruiser\n","uploadtime":1662678941,"views":17,"p1id":"alphaaero","p2id":"capitalcruiser","formatid":"gen8nationaldex","rating":1517,"private":0,"password":null}