{"id":"gen8ou-1669187497","p1":"jeandonis02","p2":"LT94JE Allistair","format":"gen8ou","log":"|j|\u2606jeandonis02\n|j|\u2606LT94JE Allistair\n|t:|1664027887\n|gametype|singles\n|player|p1|jeandonis02|lucas|1804\n|player|p2|LT94JE Allistair|101|1789\n|teamsize|p1|6\n|teamsize|p2|6\n|gen|8\n|tier|[Gen 8] OU\n|rated|\n|rule|Sleep Clause Mod: Limit one foe put to sleep\n|rule|Species Clause: Limit one of each Pok\u00e9mon\n|rule|OHKO Clause: OHKO moves are banned\n|rule|Evasion Items Clause: Evasion items are banned\n|rule|Evasion Moves Clause: Evasion moves are banned\n|rule|Endless Battle Clause: Forcing endless battles is banned\n|rule|HP Percentage Mod: HP is shown in percentages\n|rule|Dynamax Clause: You cannot dynamax\n|clearpoke\n|poke|p1|Zeraora|\n|poke|p1|Toxapex, M|\n|poke|p1|Garchomp, F|\n|poke|p1|Rotom-Wash|\n|poke|p1|Ferrothorn, F|\n|poke|p1|Charizard, M|\n|poke|p2|Mew|\n|poke|p2|Slurpuff, F|\n|poke|p2|Jirachi|\n|poke|p2|Zeraora|\n|poke|p2|Vanilluxe, F|\n|poke|p2|Gallade, M|\n|teampreview\n|j| born with smaids\n|\n|t:|1664027899\n|start\n|switch|p1a: Charizard|Charizard, M|100\/100\n|switch|p2a: Zeraora|Zeraora|100\/100\n|turn|1\n|\n|t:|1664027903\n|switch|p1a: Ferrothorn|Ferrothorn, F|100\/100\n|move|p2a: Zeraora|Knock Off|p1a: Ferrothorn\n|-damage|p1a: Ferrothorn|84\/100\n|-damage|p2a: Zeraora|88\/100|[from] ability: Iron Barbs|[of] p1a: Ferrothorn\n|-damage|p2a: Zeraora|72\/100|[from] item: Rocky Helmet|[of] p1a: Ferrothorn\n|-enditem|p1a: Ferrothorn|Rocky Helmet|[from] move: Knock Off|[of] p2a: Zeraora\n|\n|upkeep\n|turn|2\n|c| born with smaids|yes\n|c| born with smaids|yes\n|c| born with smaids|yes\n|\n|t:|1664027907\n|switch|p2a: Slurpuff|Slurpuff, F|100\/100\n|move|p1a: Ferrothorn|Stealth Rock|p2a: Slurpuff\n|-sidestart|p2: LT94JE Allistair|move: Stealth Rock\n|\n|upkeep\n|turn|3\n|c| born with smaids|gallade\n|\n|t:|1664027911\n|move|p2a: Slurpuff|Sticky Web|p1a: Ferrothorn\n|-sidestart|p1: jeandonis02|move: Sticky Web\n|move|p1a: Ferrothorn|Thunder Wave|p2a: Slurpuff\n|-status|p2a: Slurpuff|par\n|\n|upkeep\n|turn|4\n|\n|t:|1664027915\n|move|p2a: Slurpuff|Misty Explosion|p1a: Ferrothorn\n|-resisted|p1a: Ferrothorn\n|-damage|p1a: Ferrothorn|72\/100\n|faint|p2a: Slurpuff\n|move|p1a: Ferrothorn|Leech Seed|p2: Slurpuff|[notarget]\n|-fail|p1a: Ferrothorn\n|\n|upkeep\n|\n|t:|1664027920\n|switch|p2a: Vanilluxe|Vanilluxe, F|100\/100\n|-damage|p2a: Vanilluxe|76\/100|[from] Stealth Rock\n|-weather|Hail|[from] ability: Snow Warning|[of] p2a: Vanilluxe\n|turn|5\n|\n|t:|1664027922\n|move|p2a: Vanilluxe|Aurora Veil|p2a: Vanilluxe\n|-sidestart|p2: LT94JE Allistair|move: Aurora Veil\n|move|p1a: Ferrothorn|Body Press|p2a: Vanilluxe\n|-supereffective|p2a: Vanilluxe\n|-damage|p2a: Vanilluxe|35\/100\n|\n|-weather|Hail|[upkeep]\n|-damage|p1a: Ferrothorn|66\/100|[from] Hail\n|upkeep\n|turn|6\n|\n|t:|1664027926\n|move|p2a: Vanilluxe|Taunt|p1a: Ferrothorn\n|-start|p1a: Ferrothorn|move: Taunt\n|cant|p1a: Ferrothorn|move: Taunt|Thunder Wave\n|\n|-weather|Hail|[upkeep]\n|-damage|p1a: Ferrothorn|60\/100|[from] Hail\n|upkeep\n|turn|7\n|\n|t:|1664027930\n|move|p2a: Vanilluxe|Explosion|p1a: Ferrothorn\n|-resisted|p1a: Ferrothorn\n|-damage|p1a: Ferrothorn|41\/100\n|faint|p2a: Vanilluxe\n|move|p1a: Ferrothorn|Body Press|p2: Vanilluxe|[notarget]\n|-fail|p1a: Ferrothorn\n|\n|-weather|Hail|[upkeep]\n|-damage|p1a: Ferrothorn|35\/100|[from] Hail\n|upkeep\n|\n|t:|1664027934\n|switch|p2a: Gallade|Gallade, M|100\/100\n|-damage|p2a: Gallade|94\/100|[from] Stealth Rock\n|turn|8\n|\n|t:|1664027937\n|switch|p1a: Toxapex|Toxapex, M|100\/100\n|-activate|p1a: Toxapex|move: Sticky Web\n|-unboost|p1a: Toxapex|spe|1\n|move|p2a: Gallade|Bulk Up|p2a: Gallade\n|-boost|p2a: Gallade|atk|1\n|-boost|p2a: Gallade|def|1\n|\n|-weather|Hail|[upkeep]\n|-damage|p2a: Gallade|88\/100|[from] Hail\n|-damage|p1a: Toxapex|94\/100|[from] Hail\n|-heal|p2a: Gallade|94\/100|[from] item: Leftovers\n|-heal|p1a: Toxapex|100\/100|[from] item: Black Sludge\n|upkeep\n|turn|9\n|\n|t:|1664027941\n|move|p2a: Gallade|Taunt|p1a: Toxapex\n|-start|p1a: Toxapex|move: Taunt\n|cant|p1a: Toxapex|move: Taunt|Haze\n|\n|-weather|none\n|-heal|p2a: Gallade|100\/100|[from] item: Leftovers\n|upkeep\n|turn|10\n|j| NDHB\n|\n|t:|1664027947\n|move|p2a: Gallade|Bulk Up|p2a: Gallade\n|-boost|p2a: Gallade|atk|1\n|-boost|p2a: Gallade|def|1\n|move|p1a: Toxapex|Scald|p2a: Gallade\n|-damage|p2a: Gallade|92\/100\n|\n|-heal|p2a: Gallade|98\/100|[from] item: Leftovers\n|upkeep\n|turn|11\n|j| nichaodong\n|\n|t:|1664027955\n|move|p2a: Gallade|Psycho Cut|p1a: Toxapex\n|-supereffective|p1a: Toxapex\n|-damage|p1a: Toxapex|0 fnt\n|faint|p1a: Toxapex\n|\n|-heal|p2a: Gallade|100\/100|[from] item: Leftovers\n|upkeep\n|\n|t:|1664027959\n|switch|p1a: Rotom|Rotom-Wash|100\/100\n|turn|12\n|l| nichaodong\n|\n|t:|1664027962\n|move|p2a: Gallade|Taunt|p1a: Rotom\n|-start|p1a: Rotom|move: Taunt\n|cant|p1a: Rotom|move: Taunt|Will-O-Wisp\n|\n|-sideend|p2: LT94JE Allistair|move: Aurora Veil\n|upkeep\n|turn|13\n|\n|t:|1664027970\n|move|p2a: Gallade|Bulk Up|p2a: Gallade\n|-boost|p2a: Gallade|atk|1\n|-boost|p2a: Gallade|def|1\n|move|p1a: Rotom|Hydro Pump|p2a: Gallade|[miss]\n|-miss|p1a: Rotom|p2a: Gallade\n|\n|upkeep\n|turn|14\n|j| asdasd34r4r4r\n|c| born with smaids|yikers\n|\n|t:|1664027976\n|move|p2a: Gallade|Psycho Cut|p1a: Rotom\n|-damage|p1a: Rotom|30\/100\n|move|p1a: Rotom|Hydro Pump|p2a: Gallade\n|-damage|p2a: Gallade|59\/100\n|\n|-heal|p2a: Gallade|65\/100|[from] item: Leftovers\n|-heal|p1a: Rotom|37\/100|[from] item: Leftovers\n|-end|p1a: Rotom|move: Taunt\n|upkeep\n|turn|15\n|\n|t:|1664027981\n|move|p2a: Gallade|Drain Punch|p1a: Rotom\n|-damage|p1a: Rotom|0 fnt\n|-heal|p2a: Gallade|85\/100|[from] drain|[of] p1a: Rotom\n|faint|p1a: Rotom\n|\n|-heal|p2a: Gallade|91\/100|[from] item: Leftovers\n|upkeep\n|\n|t:|1664027983\n|switch|p1a: Charizard|Charizard, M|100\/100\n|turn|16\n|\n|t:|1664027993\n|move|p1a: Charizard|Flame Charge|p2a: Gallade\n|-damage|p2a: Gallade|78\/100\n|-boost|p1a: Charizard|spe|1\n|move|p2a: Gallade|Psycho Cut|p1a: Charizard\n|-damage|p1a: Charizard|0 fnt\n|faint|p1a: Charizard\n|\n|-heal|p2a: Gallade|85\/100|[from] item: Leftovers\n|upkeep\n|-message|jeandonis02 forfeited.\n|\n|win|LT94JE Allistair\n|raw|jeandonis02's rating: 1804 &rarr; <strong>1783<\/strong><br \/>(-21 for losing)\n|raw|LT94JE Allistair's rating: 1789 &rarr; <strong>1810<\/strong><br \/>(+21 for winning)\n|l|\u2606jeandonis02\n","uploadtime":1664028006,"views":32,"p1id":"jeandonis02","p2id":"lt94jeallistair","formatid":"gen8ou","rating":1783,"private":0,"password":null}