{"id":"gen8nationaldex-1626043206","p1":"111ace111","p2":"FleetFoxxx","format":"gen8nationaldex","log":"|j|\u2606111ace111\n|j|\u2606FleetFoxxx\n|t:|1658885837\n|gametype|singles\n|player|p1|111ace111|shadowtriad|\n|player|p2|FleetFoxxx|flannery|\n|teamsize|p1|6\n|teamsize|p2|6\n|gen|8\n|tier|[Gen 8] National Dex\n|rule|HP Percentage Mod: HP is shown in percentages\n|rule|Endless Battle Clause: Forcing endless battles is banned\n|rule|OHKO Clause: OHKO moves are banned\n|rule|Evasion Moves Clause: Evasion moves are banned\n|rule|Species Clause: Limit one of each Pok\u00e9mon\n|rule|Dynamax Clause: You cannot dynamax\n|rule|Sleep Clause Mod: Limit one foe put to sleep\n|clearpoke\n|poke|p1|Lucario, M|\n|poke|p1|Starmie|\n|poke|p1|Donphan, M|\n|poke|p1|Vikavolt, M|\n|poke|p1|Wigglytuff, F|\n|poke|p1|Carbink|\n|poke|p2|Galvantula, M|\n|poke|p2|Banette, M|\n|poke|p2|Whimsicott, M|\n|poke|p2|Runerigus, F|\n|poke|p2|Bisharp, F|\n|poke|p2|Coalossal, M|\n|teampreview\n|j| johngalt149\n|c|\u2606FleetFoxxx|gl hf\n|j| DerpyDots\n|j| Bugsileus\n|c|\u2606111ace111|glhf\n|j| killazoid3000\n|j| yes munchlax\n|\n|t:|1658885974\n|start\n|switch|p1a: Shuriken|Starmie|100\/100\n|switch|p2a: Runerigus|Runerigus, F|100\/100\n|turn|1\n|j| thamaestro\n|l| DerpyDots\n|j| DoomCow33\n|\n|t:|1658886031\n|move|p1a: Shuriken|Flip Turn|p2a: Runerigus\n|-supereffective|p2a: Runerigus\n|-damage|p2a: Runerigus|77\/100\n|-activate|p2a: Runerigus|ability: Wandering Spirit|Natural Cure|Wandering Spirit|[of] p1a: Shuriken\n|l| thamaestro\n|l| killazoid3000\n|\n|t:|1658886044\n|switch|p1a: YoomTAH|Wigglytuff, F|100\/100|[from]move: Flip Turn\n|move|p2a: Runerigus|Poltergeist|p1a: YoomTAH\n|-immune|p1a: YoomTAH\n|\n|-heal|p2a: Runerigus|83\/100|[from] item: Leftovers\n|upkeep\n|turn|2\n|\n|t:|1658886048\n|move|p1a: YoomTAH|Reflect|p1a: YoomTAH\n|-sidestart|p1: 111ace111|Reflect\n|move|p2a: Runerigus|Toxic Spikes|p1a: YoomTAH\n|-sidestart|p1: 111ace111|move: Toxic Spikes\n|\n|-heal|p2a: Runerigus|89\/100|[from] item: Leftovers\n|upkeep\n|turn|3\n|\n|t:|1658886053\n|move|p1a: YoomTAH|Light Screen|p1a: YoomTAH\n|-sidestart|p1: 111ace111|move: Light Screen\n|move|p2a: Runerigus|Toxic Spikes|p1a: YoomTAH\n|-sidestart|p1: 111ace111|move: Toxic Spikes\n|\n|-heal|p2a: Runerigus|95\/100|[from] item: Leftovers\n|upkeep\n|turn|4\n|\n|t:|1658886062\n|switch|p1a: Plasma cannon|Vikavolt, M|100\/100\n|move|p2a: Runerigus|Iron Defense|p2a: Runerigus\n|-boost|p2a: Runerigus|def|2\n|\n|-heal|p2a: Runerigus|100\/100|[from] item: Leftovers\n|upkeep\n|turn|5\n|\n|t:|1658886082\n|switch|p2a: Coalossal|Coalossal, M|100\/100\n|move|p1a: Plasma cannon|Energy Ball|p2a: Coalossal\n|-damage|p2a: Coalossal|76\/100\n|\n|upkeep\n|turn|6\n|\n|t:|1658886107\n|move|p1a: Plasma cannon|Volt Switch|p2a: Coalossal\n|-damage|p2a: Coalossal|46\/100\n|\n|t:|1658886109\n|switch|p1a: Shuriken|Starmie|100\/100|[from]move: Volt Switch\n|move|p2a: Coalossal|Scald|p1a: Shuriken\n|-resisted|p1a: Shuriken\n|-damage|p1a: Shuriken|94\/100\n|-status|p1a: Shuriken|brn\n|\n|-damage|p1a: Shuriken|88\/100 brn|[from] brn\n|upkeep\n|turn|7\n|j| thamaestro\n|j| killazoid3000\n|\n|t:|1658886140\n|move|p1a: Shuriken|Hydro Pump|p2a: Coalossal\n|-supereffective|p2a: Coalossal\n|-enditem|p2a: Coalossal|Passho Berry|[eat]\n|-enditem|p2a: Coalossal|Passho Berry|[weaken]\n|-damage|p2a: Coalossal|0 fnt\n|faint|p2a: Coalossal\n|\n|-damage|p1a: Shuriken|82\/100 brn|[from] brn\n|upkeep\n|l| killazoid3000\n|j| killazoid3000\n|\n|t:|1658886193\n|switch|p2a: Banette|Banette, M|100\/100\n|-item|p1a: Shuriken|Heavy-Duty Boots|[from] ability: Frisk|[of] p2a: Banette|[identify]\n|turn|8\n|\n|t:|1658886217\n|detailschange|p2a: Banette|Banette-Mega, M\n|-mega|p2a: Banette|Banette|Banettite\n|move|p2a: Banette|Shadow Sneak|p1a: Shuriken\n|-supereffective|p1a: Shuriken\n|-damage|p1a: Shuriken|44\/100 brn\n|move|p1a: Shuriken|Flip Turn|p2a: Banette\n|-damage|p2a: Banette|90\/100\n|\n|t:|1658886237\n|-curestatus|p1a: Shuriken|brn|[from] ability: Natural Cure\n|switch|p1a: Plasma cannon|Vikavolt, M|100\/100|[from]move: Flip Turn\n|\n|upkeep\n|turn|9\n|l| killazoid3000\n|\n|t:|1658886265\n|switch|p2a: Runerigus|Runerigus, F|100\/100\n|move|p1a: Plasma cannon|Volt Switch|p2a: Runerigus\n|-immune|p2a: Runerigus\n|\n|-sideend|p1: 111ace111|Reflect\n|upkeep\n|turn|10\n|\n|t:|1658886276\n|move|p1a: Plasma cannon|Energy Ball|p2a: Runerigus\n|-supereffective|p2a: Runerigus\n|-damage|p2a: Runerigus|42\/100\n|move|p2a: Runerigus|Poltergeist|p1a: Plasma cannon\n|-activate|p1a: Plasma cannon|move: Poltergeist|Heavy-Duty Boots\n|-damage|p1a: Plasma cannon|64\/100\n|\n|-heal|p2a: Runerigus|48\/100|[from] item: Leftovers\n|-sideend|p1: 111ace111|move: Light Screen\n|upkeep\n|turn|11\n|\n|t:|1658886284\n|move|p1a: Plasma cannon|Energy Ball|p2a: Runerigus\n|-supereffective|p2a: Runerigus\n|-damage|p2a: Runerigus|0 fnt\n|faint|p2a: Runerigus\n|\n|upkeep\n|\n|t:|1658886308\n|switch|p2a: Bisharp|Bisharp, F|100\/100\n|turn|12\n|\n|t:|1658886331\n|switch|p1a: Aura|Lucario, M|100\/100\n|move|p2a: Bisharp|Knock Off|p1a: Aura\n|-resisted|p1a: Aura\n|-damage|p1a: Aura|61\/100\n|-damage|p2a: Bisharp|91\/100|[from] item: Life Orb\n|\n|upkeep\n|turn|13\n|\n|t:|1658886358\n|switch|p2a: Galvantula|Galvantula, M|100\/100\n|move|p1a: Aura|Nasty Plot|p1a: Aura\n|-boost|p1a: Aura|spa|2\n|\n|upkeep\n|turn|14\n|j| killazoid3000\n|\n|t:|1658886402\n|move|p2a: Galvantula|Energy Ball|p1a: Aura\n|-resisted|p1a: Aura\n|-crit|p1a: Aura\n|-damage|p1a: Aura|30\/100\n|-zpower|p1a: Aura\n|move|p1a: Aura|Corkscrew Crash|p2a: Galvantula|[zeffect]\n|-resisted|p2a: Galvantula\n|-damage|p2a: Galvantula|0 fnt\n|faint|p2a: Galvantula\n|\n|upkeep\n|\n|t:|1658886410\n|switch|p2a: Whimsicott|Whimsicott, M|100\/100\n|turn|15\n|\n|t:|1658886455\n|switch|p1a: YoomTAH|Wigglytuff, F|100\/100\n|-status|p1a: YoomTAH|tox\n|move|p2a: Whimsicott|Moonblast|p1a: YoomTAH\n|-damage|p1a: YoomTAH|76\/100 tox\n|\n|-damage|p1a: YoomTAH|70\/100 tox|[from] psn\n|upkeep\n|turn|16\n|\n|t:|1658886461\n|move|p2a: Whimsicott|Substitute|p2a: Whimsicott\n|-start|p2a: Whimsicott|Substitute\n|-damage|p2a: Whimsicott|76\/100\n|move|p1a: YoomTAH|Light Screen|p1a: YoomTAH\n|-sidestart|p1: 111ace111|move: Light Screen\n|\n|-damage|p1a: YoomTAH|58\/100 tox|[from] psn\n|upkeep\n|turn|17\n|\n|t:|1658886470\n|move|p2a: Whimsicott|Leech Seed|p1a: YoomTAH|[miss]\n|-miss|p2a: Whimsicott|p1a: YoomTAH\n|move|p1a: YoomTAH|Reflect|p1a: YoomTAH\n|-sidestart|p1: 111ace111|Reflect\n|\n|-damage|p1a: YoomTAH|39\/100 tox|[from] psn\n|upkeep\n|turn|18\n|\n|t:|1658886474\n|switch|p1a: Plasma cannon|Vikavolt, M|64\/100\n|move|p2a: Whimsicott|Leech Seed|p1a: Plasma cannon\n|-start|p1a: Plasma cannon|move: Leech Seed\n|\n|-damage|p1a: Plasma cannon|52\/100|[from] Leech Seed|[of] p2a: Whimsicott\n|-heal|p2a: Whimsicott|92\/100|[silent]\n|upkeep\n|turn|19\n|l| killazoid3000\n|\n|t:|1658886536\n|-zpower|p2a: Whimsicott\n|move|p2a: Whimsicott|Twinkle Tackle|p1a: Plasma cannon|[zeffect]\n|-damage|p1a: Plasma cannon|11\/100\n|move|p1a: Plasma cannon|Roost|p1a: Plasma cannon\n|-heal|p1a: Plasma cannon|61\/100\n|-singleturn|p1a: Plasma cannon|move: Roost\n|\n|-damage|p1a: Plasma cannon|49\/100|[from] Leech Seed|[of] p2a: Whimsicott\n|-heal|p2a: Whimsicott|100\/100|[silent]\n|upkeep\n|turn|20\n|\n|t:|1658886542\n|move|p2a: Whimsicott|Moonblast|p1a: Plasma cannon\n|-damage|p1a: Plasma cannon|30\/100\n|move|p1a: Plasma cannon|Roost|p1a: Plasma cannon\n|-heal|p1a: Plasma cannon|80\/100\n|-singleturn|p1a: Plasma cannon|move: Roost\n|\n|-damage|p1a: Plasma cannon|68\/100|[from] Leech Seed|[of] p2a: Whimsicott\n|upkeep\n|turn|21\n|\n|t:|1658886548\n|move|p2a: Whimsicott|Moonblast|p1a: Plasma cannon\n|-damage|p1a: Plasma cannon|45\/100\n|move|p1a: Plasma cannon|Roost|p1a: Plasma cannon\n|-heal|p1a: Plasma cannon|95\/100\n|-singleturn|p1a: Plasma cannon|move: Roost\n|\n|-damage|p1a: Plasma cannon|83\/100|[from] Leech Seed|[of] p2a: Whimsicott\n|upkeep\n|turn|22\n|\n|t:|1658886550\n|move|p2a: Whimsicott|Moonblast|p1a: Plasma cannon\n|-damage|p1a: Plasma cannon|62\/100\n|-unboost|p1a: Plasma cannon|spa|1\n|move|p1a: Plasma cannon|Bug Buzz|p2a: Whimsicott\n|-damage|p2a: Whimsicott|38\/100\n|\n|-damage|p1a: Plasma cannon|49\/100|[from] Leech Seed|[of] p2a: Whimsicott\n|-heal|p2a: Whimsicott|55\/100|[silent]\n|upkeep\n|turn|23\n|\n|t:|1658886560\n|switch|p2a: Banette|Banette-Mega, M|90\/100\n|move|p1a: Plasma cannon|Bug Buzz|p2a: Banette\n|-resisted|p2a: Banette\n|-damage|p2a: Banette|69\/100\n|\n|-damage|p1a: Plasma cannon|37\/100|[from] Leech Seed|[of] p2a: Banette\n|-heal|p2a: Banette|82\/100|[silent]\n|-sideend|p1: 111ace111|move: Light Screen\n|upkeep\n|turn|24\n|\n|t:|1658886585\n|move|p2a: Banette|Gunk Shot|p1a: Plasma cannon|[miss]\n|-miss|p2a: Banette|p1a: Plasma cannon\n|move|p1a: Plasma cannon|Volt Switch|p2a: Banette\n|-damage|p2a: Banette|48\/100\n|j| LoneWolf32100\n|\n|t:|1658886615\n|switch|p1a: Stampede|Donphan, M, shiny|100\/100|[from]move: Volt Switch\n|-status|p1a: Stampede|tox\n|\n|-damage|p1a: Stampede|94\/100 tox|[from] psn\n|-sideend|p1: 111ace111|Reflect\n|upkeep\n|turn|25\n|\n|t:|1658886623\n|switch|p2a: Whimsicott|Whimsicott, M|55\/100\n|move|p1a: Stampede|Earthquake|p2a: Whimsicott\n|-resisted|p2a: Whimsicott\n|-damage|p2a: Whimsicott|15\/100\n|\n|-heal|p1a: Stampede|100\/100 tox|[from] item: Leftovers\n|-damage|p1a: Stampede|88\/100 tox|[from] psn\n|upkeep\n|turn|26\n|\n|t:|1658886712\n|move|p2a: Whimsicott|Energy Ball|p1a: Stampede\n|-supereffective|p1a: Stampede\n|-damage|p1a: Stampede|4\/100 tox\n|-unboost|p1a: Stampede|spd|1\n|move|p1a: Stampede|Earthquake|p2a: Whimsicott\n|-resisted|p2a: Whimsicott\n|-damage|p2a: Whimsicott|0 fnt\n|faint|p2a: Whimsicott\n|\n|-heal|p1a: Stampede|10\/100 tox|[from] item: Leftovers\n|-damage|p1a: Stampede|0 fnt|[from] psn\n|faint|p1a: Stampede\n|upkeep\n|\n|t:|1658886764\n|switch|p2a: Banette|Banette-Mega, M|48\/100\n|switch|p1a: Bluemoon|Carbink|100\/100\n|-status|p1a: Bluemoon|tox\n|turn|27\n|\n|t:|1658886769\n|switch|p2a: Bisharp|Bisharp, F|91\/100\n|move|p1a: Bluemoon|Meteor Beam||[still]\n|-prepare|p1a: Bluemoon|Meteor Beam\n|-boost|p1a: Bluemoon|spa|1\n|-enditem|p1a: Bluemoon|Power Herb\n|-anim|p1a: Bluemoon|Meteor Beam|p2a: Bisharp|[miss]\n|-miss|p1a: Bluemoon|p2a: Bisharp\n|\n|-damage|p1a: Bluemoon|95\/100 tox|[from] psn\n|upkeep\n|turn|28\n|\n|t:|1658886814\n|switch|p1a: Plasma cannon|Vikavolt, M|37\/100\n|move|p2a: Bisharp|Iron Head|p1a: Plasma cannon\n|-resisted|p1a: Plasma cannon\n|-damage|p1a: Plasma cannon|7\/100\n|-damage|p2a: Bisharp|81\/100|[from] item: Life Orb\n|\n|upkeep\n|turn|29\n|\n|t:|1658886823\n|move|p2a: Bisharp|Iron Head|p1a: Plasma cannon\n|-resisted|p1a: Plasma cannon\n|-damage|p1a: Plasma cannon|0 fnt\n|faint|p1a: Plasma cannon\n|-damage|p2a: Bisharp|71\/100|[from] item: Life Orb\n|\n|upkeep\n|\n|t:|1658886828\n|switch|p1a: Aura|Lucario, M|30\/100\n|turn|30\n|\n|t:|1658886895\n|move|p1a: Aura|Vacuum Wave|p2a: Bisharp\n|-supereffective|p2a: Bisharp\n|-damage|p2a: Bisharp|0 fnt\n|faint|p2a: Bisharp\n|\n|upkeep\n|\n|t:|1658886898\n|switch|p2a: Banette|Banette-Mega, M|48\/100\n|turn|31\n|\n|t:|1658886935\n|move|p2a: Banette|Shadow Sneak|p1a: Aura\n|-damage|p1a: Aura|0 fnt\n|faint|p1a: Aura\n|\n|upkeep\n|\n|t:|1658886937\n|switch|p1a: Bluemoon|Carbink|95\/100 tox\n|turn|32\n|\n|t:|1658886942\n|move|p2a: Banette|Gunk Shot|p1a: Bluemoon\n|-damage|p1a: Bluemoon|53\/100 tox\n|move|p1a: Bluemoon|Toxic|p2a: Banette\n|-status|p2a: Banette|tox\n|\n|-damage|p2a: Banette|42\/100 tox|[from] psn\n|-damage|p1a: Bluemoon|47\/100 tox|[from] psn\n|upkeep\n|turn|33\n|\n|t:|1658886949\n|move|p2a: Banette|Gunk Shot|p1a: Bluemoon\n|-damage|p1a: Bluemoon|7\/100 tox\n|move|p1a: Bluemoon|Meteor Beam||[still]\n|-prepare|p1a: Bluemoon|Meteor Beam\n|-boost|p1a: Bluemoon|spa|1\n|\n|-damage|p2a: Banette|30\/100 tox|[from] psn\n|-damage|p1a: Bluemoon|0 fnt|[from] psn\n|faint|p1a: Bluemoon\n|upkeep\n|\n|t:|1658886992\n|switch|p1a: Shuriken|Starmie|44\/100\n|turn|34\n|\n|t:|1658886997\n|switch|p1a: YoomTAH|Wigglytuff, F|39\/100 tox\n|move|p2a: Banette|Shadow Sneak|p1a: YoomTAH\n|-immune|p1a: YoomTAH\n|\n|-damage|p2a: Banette|12\/100 tox|[from] psn\n|-damage|p1a: YoomTAH|33\/100 tox|[from] psn\n|upkeep\n|turn|35\n|c| Bugsileus|YOOM-TAH\n|c|\u2606111ace111|YOOM-TAH\n|\n|t:|1658887005\n|move|p2a: Banette|Gunk Shot|p1a: YoomTAH\n|-supereffective|p1a: YoomTAH\n|-damage|p1a: YoomTAH|0 fnt\n|faint|p1a: YoomTAH\n|\n|-damage|p2a: Banette|0 fnt|[from] psn\n|faint|p2a: Banette\n|\n|win|111ace111\n|upkeep\n|c|\u2606111ace111|gg\n","uploadtime":1658887014,"views":61,"p1id":"111ace111","p2id":"fleetfoxxx","formatid":"gen8nationaldex","rating":0,"private":0,"password":null}