{"id":"gen8bdspou-1457766923","p1":"i know im horrible","p2":"Shmon","format":"gen8bdspou","log":"|j|\u2606i know im horrible\n|j|\u2606Shmon\n|t:|1637420302\n|gametype|singles\n|player|p1|i know im horrible|102|1283\n|player|p2|Shmon|roxie|1259\n|teamsize|p1|6\n|teamsize|p2|6\n|gen|8\n|tier|[Gen 8 BDSP] OU\n|rated|\n|rule|Sleep Clause Mod: Limit one foe put to sleep\n|rule|Species Clause: Limit one of each Pok\u00e9mon\n|rule|OHKO Clause: OHKO moves are banned\n|rule|Evasion Moves Clause: Evasion moves are banned\n|rule|Endless Battle Clause: Forcing endless battles is banned\n|rule|HP Percentage Mod: HP is shown in percentages\n|clearpoke\n|poke|p1|Abomasnow, F|\n|poke|p1|Metagross|\n|poke|p1|Azelf|\n|poke|p1|Heracross, M|\n|poke|p1|Gyarados, M|\n|poke|p1|Salamence, M|\n|poke|p2|Heatran, F|\n|poke|p2|Breloom, M|\n|poke|p2|Rotom-Wash|\n|poke|p2|Gliscor, F|\n|poke|p2|Latios, M|\n|poke|p2|Manaphy|\n|teampreview\n|\n|t:|1637420309\n|start\n|switch|p1a: Azelf|Azelf|100\/100\n|switch|p2a: Heatran|Heatran, F|100\/100\n|turn|1\n|\n|t:|1637420311\n|move|p1a: Azelf|Taunt|p2a: Heatran\n|-start|p2a: Heatran|move: Taunt\n|move|p2a: Heatran|Lava Plume|p1a: Azelf\n|-damage|p1a: Azelf|55\/100\n|\n|upkeep\n|turn|2\n|\n|t:|1637420314\n|move|p1a: Azelf|Light Screen|p1a: Azelf\n|-sidestart|p1: i know im horrible|move: Light Screen\n|move|p2a: Heatran|Lava Plume|p1a: Azelf\n|-damage|p1a: Azelf|30\/100\n|\n|upkeep\n|turn|3\n|\n|t:|1637420319\n|move|p1a: Azelf|Stealth Rock|p2a: Heatran\n|-sidestart|p2: Shmon|move: Stealth Rock\n|move|p2a: Heatran|Lava Plume|p1a: Azelf\n|-damage|p1a: Azelf|7\/100\n|\n|-end|p2a: Heatran|move: Taunt\n|upkeep\n|turn|4\n|\n|t:|1637420325\n|move|p2a: Heatran|Protect|p2a: Heatran\n|-singleturn|p2a: Heatran|Protect\n|move|p1a: Azelf|Taunt|p2a: Heatran\n|-activate|p2a: Heatran|move: Protect\n|\n|upkeep\n|turn|5\n|\n|t:|1637420330\n|move|p1a: Azelf|Reflect|p1a: Azelf\n|-sidestart|p1: i know im horrible|Reflect\n|move|p2a: Heatran|Stealth Rock|p1a: Azelf\n|-sidestart|p1: i know im horrible|move: Stealth Rock\n|\n|upkeep\n|turn|6\n|\n|t:|1637420334\n|move|p1a: Azelf|Taunt|p2a: Heatran\n|-start|p2a: Heatran|move: Taunt\n|move|p2a: Heatran|Lava Plume|p1a: Azelf\n|-damage|p1a: Azelf|0 fnt\n|faint|p1a: Azelf\n|\n|upkeep\n|\n|t:|1637420338\n|switch|p1a: Gyarados|Gyarados, M|100\/100\n|-damage|p1a: Gyarados|76\/100|[from] Stealth Rock\n|turn|7\n|\n|t:|1637420343\n|switch|p2a: Rotom|Rotom-Wash|100\/100\n|-damage|p2a: Rotom|88\/100|[from] Stealth Rock\n|move|p1a: Gyarados|Dragon Dance|p1a: Gyarados\n|-boost|p1a: Gyarados|atk|1\n|-boost|p1a: Gyarados|spe|1\n|\n|-heal|p1a: Gyarados|82\/100|[from] item: Leftovers\n|-heal|p2a: Rotom|94\/100|[from] item: Leftovers\n|upkeep\n|turn|8\n|\n|t:|1637420347\n|move|p1a: Gyarados|Waterfall|p2a: Rotom\n|-resisted|p2a: Rotom\n|-damage|p2a: Rotom|67\/100\n|move|p2a: Rotom|Volt Switch|p1a: Gyarados\n|-supereffective|p1a: Gyarados\n|-damage|p1a: Gyarados|29\/100\n|\n|t:|1637420354\n|switch|p2a: Latios|Latios, M|100\/100|[from]move: Volt Switch\n|-damage|p2a: Latios|88\/100|[from] Stealth Rock\n|\n|-heal|p1a: Gyarados|35\/100|[from] item: Leftovers\n|upkeep\n|turn|9\n|j| RTSG tests\n|\n|t:|1637420356\n|move|p2a: Latios|Draco Meteor|p1a: Gyarados\n|-damage|p1a: Gyarados|0 fnt\n|-unboost|p2a: Latios|spa|2\n|faint|p1a: Gyarados\n|\n|-sideend|p1: i know im horrible|move: Light Screen\n|upkeep\n|\n|t:|1637420364\n|switch|p1a: Metagross|Metagross|100\/100\n|-damage|p1a: Metagross|95\/100|[from] Stealth Rock\n|turn|10\n|\n|t:|1637420369\n|switch|p2a: Gliscor|Gliscor, F|100\/100\n|-damage|p2a: Gliscor|88\/100|[from] Stealth Rock\n|move|p1a: Metagross|Agility|p1a: Metagross\n|-boost|p1a: Metagross|spe|2\n|\n|-heal|p1a: Metagross|100\/100|[from] item: Leftovers\n|-status|p2a: Gliscor|tox|[from] item: Toxic Orb\n|upkeep\n|turn|11\n|\n|t:|1637420374\n|move|p1a: Metagross|Meteor Mash|p2a: Gliscor\n|-damage|p2a: Gliscor|50\/100 tox\n|-boost|p1a: Metagross|atk|1\n|move|p2a: Gliscor|Earthquake|p1a: Metagross\n|-supereffective|p1a: Metagross\n|-damage|p1a: Metagross|69\/100\n|\n|-heal|p1a: Metagross|75\/100|[from] item: Leftovers\n|-heal|p2a: Gliscor|63\/100 tox|[from] ability: Poison Heal\n|upkeep\n|turn|12\n|\n|t:|1637420379\n|move|p1a: Metagross|Meteor Mash|p2a: Gliscor\n|-damage|p2a: Gliscor|7\/100 tox\n|move|p2a: Gliscor|Earthquake|p1a: Metagross\n|-supereffective|p1a: Metagross\n|-crit|p1a: Metagross\n|-damage|p1a: Metagross|0 fnt\n|faint|p1a: Metagross\n|\n|-heal|p2a: Gliscor|19\/100 tox|[from] ability: Poison Heal\n|-sideend|p1: i know im horrible|Reflect\n|upkeep\n|c|\u2606i know im horrible|fuuuuuuuuuuuuuuuuck\n|c|\u2606i know im horrible|that\n|\n|t:|1637420389\n|switch|p1a: Salamence|Salamence, M|100\/100\n|-damage|p1a: Salamence|76\/100|[from] Stealth Rock\n|-ability|p1a: Salamence|Intimidate|boost\n|-unboost|p2a: Gliscor|atk|1\n|turn|13\n|c|\u2606Shmon|dang sorry bou tit\n|\n|t:|1637420395\n|move|p1a: Salamence|Dragon Dance|p1a: Salamence\n|-boost|p1a: Salamence|atk|1\n|-boost|p1a: Salamence|spe|1\n|move|p2a: Gliscor|U-turn|p1a: Salamence\n|-resisted|p1a: Salamence\n|-damage|p1a: Salamence|69\/100\n|\n|t:|1637420400\n|switch|p2a: Latios|Latios, M|88\/100|[from]move: U-turn\n|-damage|p2a: Latios|76\/100|[from] Stealth Rock\n|\n|-heal|p1a: Salamence|75\/100|[from] item: Leftovers\n|upkeep\n|turn|14\n|\n|t:|1637420403\n|switch|p1a: Heracross|Heracross, M|100\/100\n|-damage|p1a: Heracross|88\/100|[from] Stealth Rock\n|move|p2a: Latios|Draco Meteor|p1a: Heracross\n|-damage|p1a: Heracross|7\/100\n|-unboost|p2a: Latios|spa|2\n|\n|upkeep\n|turn|15\n|\n|t:|1637420406\n|switch|p2a: Gliscor|Gliscor, F|19\/100 tox\n|-damage|p2a: Gliscor|7\/100 tox|[from] Stealth Rock\n|move|p1a: Heracross|Megahorn|p2a: Gliscor\n|-resisted|p2a: Gliscor\n|-damage|p2a: Gliscor|0 fnt\n|faint|p2a: Gliscor\n|-ability|p1a: Heracross|Moxie|boost\n|-boost|p1a: Heracross|atk|1\n|\n|upkeep\n|\n|t:|1637420411\n|switch|p2a: Latios|Latios, M|76\/100\n|-damage|p2a: Latios|64\/100|[from] Stealth Rock\n|turn|16\n|\n|t:|1637420414\n|move|p2a: Latios|Psychic|p1a: Heracross\n|-supereffective|p1a: Heracross\n|-damage|p1a: Heracross|0 fnt\n|faint|p1a: Heracross\n|\n|upkeep\n|\n|t:|1637420416\n|switch|p1a: Abomasnow|Abomasnow, F|100\/100\n|-damage|p1a: Abomasnow|76\/100|[from] Stealth Rock\n|-weather|Hail|[from] ability: Snow Warning|[of] p1a: Abomasnow\n|turn|17\n|\n|t:|1637420423\n|switch|p2a: Manaphy|Manaphy|100\/100\n|-damage|p2a: Manaphy|88\/100|[from] Stealth Rock\n|move|p1a: Abomasnow|Aurora Veil|p1a: Abomasnow\n|-sidestart|p1: i know im horrible|move: Aurora Veil\n|\n|-weather|Hail|[upkeep]\n|-damage|p2a: Manaphy|82\/100|[from] Hail\n|-heal|p2a: Manaphy|88\/100|[from] item: Leftovers\n|upkeep\n|turn|18\n|\n|t:|1637420428\n|move|p2a: Manaphy|Scald|p1a: Abomasnow\n|-resisted|p1a: Abomasnow\n|-damage|p1a: Abomasnow|70\/100\n|-status|p1a: Abomasnow|brn\n|move|p1a: Abomasnow|Leech Seed|p2a: Manaphy\n|-start|p2a: Manaphy|move: Leech Seed\n|\n|-weather|Hail|[upkeep]\n|-damage|p2a: Manaphy|82\/100|[from] Hail\n|-heal|p2a: Manaphy|88\/100|[from] item: Leftovers\n|-damage|p2a: Manaphy|75\/100|[from] Leech Seed|[of] p1a: Abomasnow\n|-heal|p1a: Abomasnow|82\/100 brn|[silent]\n|-damage|p1a: Abomasnow|76\/100 brn|[from] brn\n|upkeep\n|turn|19\n|\n|t:|1637420435\n|switch|p2a: Heatran|Heatran, F|100\/100\n|-damage|p2a: Heatran|88\/100|[from] Stealth Rock\n|move|p1a: Abomasnow|Ice Shard|p2a: Heatran\n|-resisted|p2a: Heatran\n|-damage|p2a: Heatran|87\/100\n|\n|-weather|Hail|[upkeep]\n|-damage|p2a: Heatran|81\/100|[from] Hail\n|-heal|p2a: Heatran|87\/100|[from] item: Leftovers\n|-damage|p1a: Abomasnow|70\/100 brn|[from] brn\n|upkeep\n|turn|20\n|l| RTSG tests\n|\n|t:|1637420439\n|move|p2a: Heatran|Lava Plume|p1a: Abomasnow\n|-supereffective|p1a: Abomasnow\n|-damage|p1a: Abomasnow|18\/100 brn\n|move|p1a: Abomasnow|Leech Seed|p2a: Heatran\n|-start|p2a: Heatran|move: Leech Seed\n|\n|-weather|Hail|[upkeep]\n|-damage|p2a: Heatran|81\/100|[from] Hail\n|-heal|p2a: Heatran|87\/100|[from] item: Leftovers\n|-damage|p2a: Heatran|74\/100|[from] Leech Seed|[of] p1a: Abomasnow\n|-heal|p1a: Abomasnow|31\/100 brn|[silent]\n|-damage|p1a: Abomasnow|25\/100 brn|[from] brn\n|upkeep\n|turn|21\n|\n|t:|1637420444\n|switch|p2a: Breloom|Breloom, M|100\/100\n|-damage|p2a: Breloom|94\/100|[from] Stealth Rock\n|switch|p1a: Salamence|Salamence, M|75\/100\n|-damage|p1a: Salamence|50\/100|[from] Stealth Rock\n|-ability|p1a: Salamence|Intimidate|boost\n|-unboost|p2a: Breloom|atk|1\n|\n|-weather|none\n|-heal|p1a: Salamence|56\/100|[from] item: Leftovers\n|upkeep\n|turn|22\n|\n|t:|1637420447\n|move|p1a: Salamence|Fire Fang|p2a: Breloom\n|-supereffective|p2a: Breloom\n|-damage|p2a: Breloom|7\/100\n|move|p2a: Breloom|Spore|p1a: Salamence\n|-status|p1a: Salamence|slp|[from] move: Spore\n|\n|-heal|p1a: Salamence|62\/100 slp|[from] item: Leftovers\n|upkeep\n|turn|23\n|-message|i know im horrible forfeited.\n|\n|win|Shmon\n|raw|i know im horrible's rating: 1283 &rarr; <strong>1256<\/strong><br \/>(-27 for losing)\n|raw|Shmon's rating: 1259 &rarr; <strong>1286<\/strong><br \/>(+27 for winning)\n|l|\u2606i know im horrible\n","uploadtime":1637420464,"views":14,"p1id":"iknowimhorrible","p2id":"shmon","formatid":"gen8bdspou","rating":1256,"private":0,"password":null}