{"id":"gen8battlefactory-1670344246","p1":"LoSconosciuto","p2":"Xceloh","format":"gen8battlefactory","log":"|j|\u2606LoSconosciuto\n|j|\u2606Xceloh\n|t:|1664151602\n|gametype|singles\n|player|p1|LoSconosciuto|#teamgapdos|\n|player|p2|Xceloh|boarder-gen2|\n|teamsize|p1|6\n|teamsize|p2|6\n|gen|8\n|tier|[Gen 8] Battle Factory\n|rated|Tournament battle\n|rule|Sleep Clause Mod: Limit one foe put to sleep\n|rule|Species Clause: Limit one of each Pok\u00e9mon\n|rule|OHKO Clause: OHKO moves are banned\n|rule|Evasion Items Clause: Evasion items are banned\n|rule|Evasion Moves Clause: Evasion moves are banned\n|rule|Endless Battle Clause: Forcing endless battles is banned\n|rule|HP Percentage Mod: HP is shown in percentages\n|rule|Dynamax Clause: You cannot dynamax\n|clearpoke\n|poke|p1|Zygarde-10%|\n|poke|p1|Mamoswine, M|\n|poke|p1|Crobat, F|\n|poke|p1|Conkeldurr, M|\n|poke|p1|Nihilego|\n|poke|p1|Necrozma|\n|poke|p2|Zarude|\n|poke|p2|Swampert, M|\n|poke|p2|Rotom-Wash|\n|poke|p2|Registeel|\n|poke|p2|Cobalion|\n|poke|p2|Amoonguss, M|\n|teampreview\n|inactive|Battle timer is ON: inactive players will automatically lose when time's up. (requested by LoSconosciuto)\n|c|\u2606Xceloh|hf\n|c|\u2606LoSconosciuto|hf\n|c|\u2606LoSconosciuto|i hate uu\n|c|\u2606Xceloh|why\n|j| Opkem Stamee\n|j|@Syrinix\n|inactive|LoSconosciuto has 120 seconds left.\n|inactive|Xceloh has 120 seconds left.\n|j| HackmonJason\n|\n|t:|1664151644\n|start\n|switch|p1a: Crobat|Crobat, F|316\/316\n|switch|p2a: Swampert|Swampert, M|404\/404\n|turn|1\n|\n|t:|1664151654\n|move|p1a: Crobat|Brave Bird|p2a: Swampert\n|-damage|p2a: Swampert|259\/404\n|-damage|p1a: Crobat|268\/316|[from] Recoil\n|move|p2a: Swampert|Flip Turn|p1a: Crobat\n|-damage|p1a: Crobat|184\/316\n|\n|t:|1664151660\n|switch|p2a: Rotom|Rotom-Wash|304\/304\n|\n|upkeep\n|turn|2\n|j| Eeveon7\u2764\n|j| adeola151\n|\n|t:|1664151666\n|move|p2a: Rotom|Hydro Pump|p1a: Crobat\n|-damage|p1a: Crobat|21\/316\n|move|p1a: Crobat|U-turn|p2a: Rotom\n|-damage|p2a: Rotom|248\/304\n|\n|t:|1664151679\n|switch|p1a: Zygarde|Zygarde-10%|250\/250\n|-ability|p1a: Zygarde|Aura Break\n|\n|upkeep\n|turn|3\n|j| Lrogue \u2740\n|j|%piaa\n|inactive|Xceloh has 120 seconds left.\n|c| Lrogue \u2740|Go xceloh\n|\n|t:|1664151715\n|switch|p2a: Amoonguss|Amoonguss, M|432\/432\n|move|p1a: Zygarde|Thousand Arrows|p2a: Amoonguss\n|-damage|p2a: Amoonguss|243\/432\n|\n|upkeep\n|turn|4\n|inactive|Xceloh has 120 seconds left.\n|\n|t:|1664151734\n|move|p1a: Zygarde|Thousand Arrows|p2a: Amoonguss\n|-damage|p2a: Amoonguss|63\/432\n|move|p2a: Amoonguss|Spore|p1a: Zygarde\n|-status|p1a: Zygarde|slp|[from] move: Spore\n|\n|upkeep\n|turn|5\n|\n|t:|1664151741\n|switch|p1a: Conkeldurr|Conkeldurr, M|352\/352\n|move|p2a: Amoonguss|Synthesis|p2a: Amoonguss\n|-heal|p2a: Amoonguss|279\/432\n|\n|-status|p1a: Conkeldurr|brn|[from] item: Flame Orb\n|upkeep\n|turn|6\n|inactive|Xceloh has 120 seconds left.\n|\n|t:|1664151760\n|move|p1a: Conkeldurr|Facade|p2a: Amoonguss\n|-damage|p2a: Amoonguss|16\/432\n|-damage|p1a: Conkeldurr|294\/352 brn|[from] item: Rocky Helmet|[of] p2a: Amoonguss\n|move|p2a: Amoonguss|Synthesis|p2a: Amoonguss\n|-heal|p2a: Amoonguss|232\/432\n|\n|-damage|p1a: Conkeldurr|272\/352 brn|[from] brn\n|upkeep\n|turn|7\n|l| adeola151\n|inactive|Xceloh has 120 seconds left.\n|inactive|Xceloh has 90 seconds left.\n|j| RELEASE THE TANK\n|\n|t:|1664151809\n|switch|p2a: Swampert|Swampert, M|259\/404\n|move|p1a: Conkeldurr|Facade|p2a: Swampert\n|-damage|p2a: Swampert|5\/404\n|\n|-heal|p2a: Swampert|30\/404|[from] item: Leftovers\n|-damage|p1a: Conkeldurr|250\/352 brn|[from] brn\n|upkeep\n|turn|8\n|inactive|Xceloh has 90 seconds left.\n|l| RELEASE THE TANK\n|\n|t:|1664151821\n|switch|p2a: Amoonguss|Amoonguss, M|376\/432\n|move|p1a: Conkeldurr|Knock Off|p2a: Amoonguss\n|-damage|p2a: Amoonguss|203\/432\n|-damage|p1a: Conkeldurr|192\/352 brn|[from] item: Rocky Helmet|[of] p2a: Amoonguss\n|-enditem|p2a: Amoonguss|Rocky Helmet|[from] move: Knock Off|[of] p1a: Conkeldurr\n|\n|-damage|p1a: Conkeldurr|170\/352 brn|[from] brn\n|upkeep\n|turn|9\n|inactive|Xceloh has 90 seconds left.\n|j| DanManRealtor\n|\n|t:|1664151831\n|switch|p2a: Swampert|Swampert, M|30\/404\n|move|p1a: Conkeldurr|Drain Punch|p2a: Swampert\n|-damage|p2a: Swampert|0 fnt\n|-heal|p1a: Conkeldurr|185\/352 brn|[from] drain|[of] p2a: Swampert\n|faint|p2a: Swampert\n|\n|-damage|p1a: Conkeldurr|163\/352 brn|[from] brn\n|upkeep\n|inactive|Xceloh has 90 seconds left.\n|\n|t:|1664151841\n|switch|p2a: Rotom|Rotom-Wash|248\/304\n|turn|10\n|j| inventthenight\n|inactive|Xceloh has 90 seconds left.\n|\n|t:|1664151864\n|switch|p1a: Zygarde|Zygarde-10%|250\/250 slp\n|-ability|p1a: Zygarde|Aura Break\n|move|p2a: Rotom|Hydro Pump|p1a: Zygarde\n|-damage|p1a: Zygarde|105\/250 slp\n|\n|upkeep\n|turn|11\n|inactive|Xceloh has 90 seconds left.\n|\n|t:|1664151873\n|move|p2a: Rotom|Hydro Pump|p1a: Zygarde\n|-damage|p1a: Zygarde|0 fnt\n|faint|p1a: Zygarde\n|\n|upkeep\n|inactive|LoSconosciuto has 120 seconds left.\n|\n|t:|1664151921\n|switch|p1a: Nihilego|Nihilego|359\/359\n|turn|12\n|inactive|Xceloh has 90 seconds left.\n|\n|t:|1664151955\n|switch|p2a: Cobalion|Cobalion|323\/323\n|move|p1a: Nihilego|Stealth Rock|p2a: Cobalion\n|-sidestart|p2: Xceloh|move: Stealth Rock\n|\n|upkeep\n|turn|13\n|inactive|LoSconosciuto has 90 seconds left.\n|inactive|Xceloh has 60 seconds left.\n|j| forsh \u2740\n|j| Norimvo\n|\n|t:|1664151990\n|move|p2a: Cobalion|Swords Dance|p2a: Cobalion\n|-boost|p2a: Cobalion|atk|2\n|move|p1a: Nihilego|Power Gem|p2a: Cobalion\n|-resisted|p2a: Cobalion\n|-damage|p2a: Cobalion|277\/323\n|\n|-heal|p2a: Cobalion|297\/323|[from] item: Leftovers\n|upkeep\n|turn|14\n|inactive|Xceloh has 60 seconds left.\n|\n|t:|1664152007\n|switch|p1a: Crobat|Crobat, F|21\/316\n|move|p2a: Cobalion|Close Combat|p1a: Crobat\n|-resisted|p1a: Crobat\n|-damage|p1a: Crobat|0 fnt\n|-unboost|p2a: Cobalion|def|1\n|-unboost|p2a: Cobalion|spd|1\n|faint|p1a: Crobat\n|\n|-heal|p2a: Cobalion|317\/323|[from] item: Leftovers\n|upkeep\n|c| forsh \u2740|u u\n|c| forsh \u2740|u.u\n|j| hiimdavi\n|\n|t:|1664152026\n|switch|p1a: Conkeldurr|Conkeldurr, M|163\/352 brn\n|turn|15\n|inactive|Xceloh has 60 seconds left.\n|\n|t:|1664152045\n|move|p1a: Conkeldurr|Mach Punch|p2a: Cobalion\n|-supereffective|p2a: Cobalion\n|-crit|p2a: Cobalion\n|-damage|p2a: Cobalion|0 fnt\n|faint|p2a: Cobalion\n|\n|-damage|p1a: Conkeldurr|141\/352 brn|[from] brn\n|upkeep\n|c|\u2606LoSconosciuto|mb\n|c|\u2606Xceloh|was a roll still\n|\n|t:|1664152067\n|switch|p2a: Amoonguss|Amoonguss, M|347\/432\n|-damage|p2a: Amoonguss|293\/432|[from] Stealth Rock\n|turn|16\n|inactive|LoSconosciuto has 90 seconds left.\n|\n|t:|1664152078\n|switch|p1a: Mamoswine|Mamoswine, M|362\/362\n|move|p2a: Amoonguss|Spore|p1a: Mamoswine\n|-status|p1a: Mamoswine|slp|[from] move: Spore\n|\n|upkeep\n|turn|17\n|inactive|LoSconosciuto has 90 seconds left.\n|\n|t:|1664152094\n|cant|p1a: Mamoswine|slp\n|move|p2a: Amoonguss|Foul Play|p1a: Mamoswine\n|-damage|p1a: Mamoswine|202\/362 slp\n|\n|upkeep\n|turn|18\n|\n|t:|1664152107\n|switch|p2a: Rotom|Rotom-Wash|248\/304\n|-damage|p2a: Rotom|210\/304|[from] Stealth Rock\n|cant|p1a: Mamoswine|slp\n|\n|upkeep\n|turn|19\n|\n|t:|1664152115\n|cant|p1a: Mamoswine|slp\n|move|p2a: Rotom|Hydro Pump|p1a: Mamoswine\n|-supereffective|p1a: Mamoswine\n|-damage|p1a: Mamoswine|0 fnt\n|faint|p1a: Mamoswine\n|\n|upkeep\n|inactive|LoSconosciuto has 90 seconds left.\n|\n|t:|1664152138\n|switch|p1a: Nihilego|Nihilego|359\/359\n|turn|20\n|inactive|Xceloh has 60 seconds left.\n|\n|t:|1664152157\n|switch|p2a: Registeel|Registeel|364\/364\n|-damage|p2a: Registeel|342\/364|[from] Stealth Rock\n|move|p1a: Nihilego|Sludge Bomb|p2a: Registeel\n|-immune|p2a: Registeel\n|\n|upkeep\n|turn|21\n|inactive|Xceloh has 60 seconds left.\n|j|+Casual\u274adot\u274aexe\n|\n|t:|1664152169\n|switch|p1a: Conkeldurr|Conkeldurr, M|141\/352 brn\n|move|p2a: Registeel|Iron Defense|p2a: Registeel\n|-boost|p2a: Registeel|def|2\n|\n|-damage|p1a: Conkeldurr|119\/352 brn|[from] brn\n|upkeep\n|turn|22\n|inactive|Xceloh has 60 seconds left.\n|\n|t:|1664152178\n|move|p1a: Conkeldurr|Drain Punch|p2a: Registeel\n|-supereffective|p2a: Registeel\n|-damage|p2a: Registeel|220\/364\n|-heal|p1a: Conkeldurr|180\/352 brn|[from] drain|[of] p2a: Registeel\n|move|p2a: Registeel|Iron Defense|p2a: Registeel\n|-boost|p2a: Registeel|def|2\n|\n|-damage|p1a: Conkeldurr|158\/352 brn|[from] brn\n|upkeep\n|turn|23\n|\n|t:|1664152187\n|move|p1a: Conkeldurr|Knock Off|p2a: Registeel\n|-damage|p2a: Registeel|182\/364\n|-enditem|p2a: Registeel|Chesto Berry|[from] move: Knock Off|[of] p1a: Conkeldurr\n|move|p2a: Registeel|Rest|p2a: Registeel\n|-status|p2a: Registeel|slp|[from] move: Rest\n|-heal|p2a: Registeel|364\/364 slp|[silent]\n|\n|-damage|p1a: Conkeldurr|136\/352 brn|[from] brn\n|upkeep\n|turn|24\n|inactive|LoSconosciuto has 120 seconds left.\n|\n|t:|1664152194\n|move|p1a: Conkeldurr|Drain Punch|p2a: Registeel\n|-supereffective|p2a: Registeel\n|-damage|p2a: Registeel|286\/364 slp\n|-heal|p1a: Conkeldurr|175\/352 brn|[from] drain|[of] p2a: Registeel\n|cant|p2a: Registeel|slp\n|\n|-damage|p1a: Conkeldurr|153\/352 brn|[from] brn\n|upkeep\n|turn|25\n|\n|t:|1664152197\n|move|p1a: Conkeldurr|Drain Punch|p2a: Registeel\n|-supereffective|p2a: Registeel\n|-damage|p2a: Registeel|206\/364 slp\n|-heal|p1a: Conkeldurr|193\/352 brn|[from] drain|[of] p2a: Registeel\n|cant|p2a: Registeel|slp\n|\n|-damage|p1a: Conkeldurr|171\/352 brn|[from] brn\n|upkeep\n|turn|26\n|\n|t:|1664152200\n|move|p1a: Conkeldurr|Drain Punch|p2a: Registeel\n|-supereffective|p2a: Registeel\n|-damage|p2a: Registeel|120\/364 slp\n|-heal|p1a: Conkeldurr|214\/352 brn|[from] drain|[of] p2a: Registeel\n|-curestatus|p2a: Registeel|slp|[msg]\n|move|p2a: Registeel|Body Press|p1a: Conkeldurr\n|-damage|p1a: Conkeldurr|0 fnt\n|faint|p1a: Conkeldurr\n|\n|upkeep\n|\n|t:|1664152203\n|switch|p1a: Necrozma|Necrozma|335\/335\n|turn|27\n|\n|t:|1664152215\n|move|p1a: Necrozma|Dragon Dance|p1a: Necrozma\n|-boost|p1a: Necrozma|atk|1\n|-boost|p1a: Necrozma|spe|1\n|move|p2a: Registeel|Amnesia|p2a: Registeel\n|-boost|p2a: Registeel|spd|2\n|\n|upkeep\n|turn|28\n|l| hiimdavi\n|\n|t:|1664152229\n|move|p1a: Necrozma|Dragon Dance|p1a: Necrozma\n|-boost|p1a: Necrozma|atk|1\n|-boost|p1a: Necrozma|spe|1\n|move|p2a: Registeel|Iron Defense|p2a: Registeel\n|-boost|p2a: Registeel|def|2\n|\n|upkeep\n|turn|29\n|j| casualsister\n|\n|t:|1664152236\n|move|p1a: Necrozma|Heat Wave|p2a: Registeel\n|-supereffective|p2a: Registeel\n|-damage|p2a: Registeel|52\/364\n|move|p2a: Registeel|Rest|p2a: Registeel\n|-status|p2a: Registeel|slp|[from] move: Rest\n|-heal|p2a: Registeel|364\/364 slp|[silent]\n|\n|upkeep\n|turn|30\n|\n|t:|1664152246\n|move|p1a: Necrozma|Heat Wave|p2a: Registeel\n|-supereffective|p2a: Registeel\n|-damage|p2a: Registeel|300\/364 slp\n|cant|p2a: Registeel|slp\n|\n|upkeep\n|turn|31\n|\n|t:|1664152248\n|move|p1a: Necrozma|Heat Wave|p2a: Registeel\n|-supereffective|p2a: Registeel\n|-damage|p2a: Registeel|236\/364 slp\n|cant|p2a: Registeel|slp\n|\n|upkeep\n|turn|32\n|\n|t:|1664152253\n|move|p1a: Necrozma|Heat Wave|p2a: Registeel\n|-supereffective|p2a: Registeel\n|-damage|p2a: Registeel|176\/364 slp\n|-curestatus|p2a: Registeel|slp|[msg]\n|move|p2a: Registeel|Body Press|p1a: Necrozma\n|-resisted|p1a: Necrozma\n|-damage|p1a: Necrozma|87\/335\n|\n|upkeep\n|turn|33\n|\n|t:|1664152258\n|move|p1a: Necrozma|Heat Wave|p2a: Registeel\n|-supereffective|p2a: Registeel\n|-damage|p2a: Registeel|114\/364\n|move|p2a: Registeel|Body Press|p1a: Necrozma\n|-resisted|p1a: Necrozma\n|-damage|p1a: Necrozma|0 fnt\n|faint|p1a: Necrozma\n|\n|upkeep\n|c|\u2606LoSconosciuto|gg\n|c|\u2606Xceloh|gg\n|\n|t:|1664152263\n|switch|p1a: Nihilego|Nihilego|359\/359\n|turn|34\n|c|\u2606Xceloh|demon registeel does it again\n|\n|t:|1664152269\n|move|p1a: Nihilego|Power Gem|p2a: Registeel\n|-resisted|p2a: Registeel\n|-damage|p2a: Registeel|91\/364\n|move|p2a: Registeel|Body Press|p1a: Nihilego\n|-damage|p1a: Nihilego|0 fnt\n|faint|p1a: Nihilego\n|\n|win|Xceloh\n|n|\u2606LoSconosciuto|losconosciuto\n|n|\u2606Xceloh|xceloh\n|n| Opkem Stamee|opkemstamee\n|n|+Syrinix|syrinix\n|n| HackmonJason|hackmonjason\n|n| Eeveon7\u2764|eeveon7\n|n| Lrogue \u2740|lrogue\n|n|+piaa|piaa\n|n| DanManRealtor|danmanrealtor\n|n| inventthenight|inventthenight\n|n| forsh \u2740|forsh\n|n| Norimvo|norimvo\n|n| Casual\u274adot\u274aexe|casualdotexe\n|n| casualsister|casualsister\n","uploadtime":1664152270,"views":2,"p1id":"losconosciuto","p2id":"xceloh","formatid":"gen8battlefactory","rating":0,"private":0,"password":null}