{"id":"gen8pu-1433880639","p1":"xelaboonresoleros","p2":"lord cube","format":"gen8pu","log":"|j|\u203dxelaboonresoleros\n|j|\u2606lord cube\n|inactive|Battle timer is ON: inactive players will automatically lose when time's up.\n|t:|1634030897\n|gametype|singles\n|player|p1|xelaboonresoleros|li|\n|player|p2|lord cube|cheryl|\n|teamsize|p1|6\n|teamsize|p2|6\n|gen|8\n|tier|[Gen 8] PU\n|rated|Tournament battle\n|rule|Sleep Clause Mod: Limit one foe put to sleep\n|rule|Species Clause: Limit one of each Pok\u00e9mon\n|rule|OHKO Clause: OHKO moves are banned\n|rule|Evasion Moves Clause: Evasion moves are banned\n|rule|Endless Battle Clause: Forcing endless battles is banned\n|rule|HP Percentage Mod: HP is shown in percentages\n|rule|Dynamax Clause: You cannot dynamax\n|clearpoke\n|poke|p1|Dusclops, M|\n|poke|p1|Beheeyem, M|\n|poke|p1|Trevenant, F|\n|poke|p1|Ferroseed, F|\n|poke|p1|Carbink|\n|poke|p1|Gigalith, M|\n|poke|p2|Silvally-*|\n|poke|p2|Gigalith, F|\n|poke|p2|Tsareena, F|\n|poke|p2|Scrafty, F|\n|poke|p2|Togedemaru, F|\n|poke|p2|Weezing, F|\n|teampreview\n|j|*Lady Monita \u263d\n|c|\u2606lord cube|glhf\n|j| Kingston9629\n|j| IcePanaza\n|j| Luiw\n|c| Kingston9629|gl both!\n|inactive|xelaboonresoleros has 120 seconds left.\n|inactive|lord cube has 120 seconds left.\n|j| iamnotagenius\n|\n|t:|1634030954\n|start\n|switch|p1a: Carbink|Carbink|100\/100\n|switch|p2a: Weezing|Weezing, F|100\/100\n|turn|1\n|inactive|xelaboonresoleros has 120 seconds left.\n|\n|t:|1634030985\n|move|p2a: Weezing|Toxic Spikes|p1a: Carbink\n|-sidestart|p1: xelaboonresoleros|move: Toxic Spikes\n|move|p1a: Carbink|Stealth Rock|p2a: Weezing\n|-sidestart|p2: lord cube|move: Stealth Rock\n|\n|upkeep\n|turn|2\n|j| Odd Af\n|\n|t:|1634031000\n|move|p2a: Weezing|Toxic Spikes|p1a: Carbink\n|-sidestart|p1: xelaboonresoleros|move: Toxic Spikes\n|move|p1a: Carbink|Light Screen|p1a: Carbink\n|-sidestart|p1: xelaboonresoleros|move: Light Screen\n|\n|upkeep\n|turn|3\n|l| Odd Af\n|inactive|xelaboonresoleros has 120 seconds left.\n|\n|t:|1634031023\n|move|p2a: Weezing|Will-O-Wisp|p1a: Carbink\n|-status|p1a: Carbink|brn\n|move|p1a: Carbink|Trick Room|p1a: Carbink\n|-fieldstart|move: Trick Room|[of] p1a: Carbink\n|\n|-damage|p1a: Carbink|95\/100 brn|[from] brn\n|upkeep\n|turn|4\n|inactive|xelaboonresoleros has 120 seconds left.\n|\n|t:|1634031047\n|switch|p1a: Beheeyem|Beheeyem, M|100\/100\n|-status|p1a: Beheeyem|tox\n|switch|p2a: Gigalith|Gigalith, F|100\/100\n|-damage|p2a: Gigalith|88\/100|[from] Stealth Rock\n|-weather|Sandstorm|[from] ability: Sand Stream|[of] p2a: Gigalith\n|\n|-weather|Sandstorm|[upkeep]\n|-damage|p1a: Beheeyem|94\/100 tox|[from] Sandstorm\n|-heal|p2a: Gigalith|94\/100|[from] item: Leftovers\n|-damage|p1a: Beheeyem|88\/100 tox|[from] psn\n|upkeep\n|turn|5\n|\n|t:|1634031062\n|switch|p1a: Ferroseed|Ferroseed, F|100\/100\n|move|p2a: Gigalith|Stealth Rock|p1a: Ferroseed\n|-sidestart|p1: xelaboonresoleros|move: Stealth Rock\n|\n|-weather|Sandstorm|[upkeep]\n|-heal|p2a: Gigalith|100\/100|[from] item: Leftovers\n|upkeep\n|turn|6\n|\n|t:|1634031086\n|switch|p2a: Silvally|Silvally-Fairy|100\/100\n|-damage|p2a: Silvally|88\/100|[from] Stealth Rock\n|move|p1a: Ferroseed|Spikes|p2a: Silvally\n|-sidestart|p2: lord cube|Spikes\n|\n|-weather|Sandstorm|[upkeep]\n|-damage|p2a: Silvally|82\/100|[from] Sandstorm\n|-sideend|p1: xelaboonresoleros|move: Light Screen\n|upkeep\n|turn|7\n|\n|t:|1634031092\n|move|p1a: Ferroseed|Gyro Ball|p2a: Silvally\n|-supereffective|p2a: Silvally\n|-damage|p2a: Silvally|19\/100\n|move|p2a: Silvally|Flamethrower|p1a: Ferroseed\n|-supereffective|p1a: Ferroseed\n|-damage|p1a: Ferroseed|19\/100\n|\n|-weather|Sandstorm|[upkeep]\n|-damage|p2a: Silvally|13\/100|[from] Sandstorm\n|-fieldend|move: Trick Room\n|upkeep\n|turn|8\n|inactive|xelaboonresoleros has 120 seconds left.\n|\n|t:|1634031115\n|switch|p1a: Dusclops|Dusclops, M|100\/100\n|-damage|p1a: Dusclops|88\/100|[from] Stealth Rock\n|-status|p1a: Dusclops|tox\n|-item|p2a: Silvally|Fairy Memory|[from] ability: Frisk|[of] p1a: Dusclops|[identify]\n|move|p2a: Silvally|Flamethrower|p1a: Dusclops\n|-damage|p1a: Dusclops|75\/100 tox\n|\n|-weather|none\n|-damage|p1a: Dusclops|69\/100 tox|[from] psn\n|upkeep\n|turn|9\n|\n|t:|1634031123\n|move|p2a: Silvally|Multi-Attack|p1a: Dusclops\n|-damage|p1a: Dusclops|46\/100 tox\n|move|p1a: Dusclops|Trick Room|p1a: Dusclops\n|-fieldstart|move: Trick Room|[of] p1a: Dusclops\n|\n|-damage|p1a: Dusclops|34\/100 tox|[from] psn\n|upkeep\n|turn|10\n|\n|t:|1634031130\n|switch|p2a: Scrafty|Scrafty, F|100\/100\n|-damage|p2a: Scrafty|95\/100|[from] Stealth Rock\n|-damage|p2a: Scrafty|82\/100|[from] Spikes\n|move|p1a: Dusclops|Night Shade|p2a: Scrafty\n|-damage|p2a: Scrafty|52\/100\n|\n|-heal|p2a: Scrafty|58\/100|[from] item: Leftovers\n|-damage|p1a: Dusclops|16\/100 tox|[from] psn\n|upkeep\n|turn|11\n|\n|t:|1634031138\n|move|p1a: Dusclops|Night Shade|p2a: Scrafty\n|-damage|p2a: Scrafty|28\/100\n|move|p2a: Scrafty|Rest|p2a: Scrafty\n|-status|p2a: Scrafty|slp|[from] move: Rest\n|-heal|p2a: Scrafty|100\/100 slp|[silent]\n|\n|-damage|p1a: Dusclops|0 fnt|[from] psn\n|faint|p1a: Dusclops\n|upkeep\n|\n|t:|1634031144\n|switch|p1a: Carbink|Carbink|95\/100 brn\n|-damage|p1a: Carbink|82\/100 brn|[from] Stealth Rock\n|turn|12\n|\n|t:|1634031152\n|switch|p2a: Togedemaru|Togedemaru, F|100\/100\n|-damage|p2a: Togedemaru|95\/100|[from] Stealth Rock\n|-damage|p2a: Togedemaru|82\/100|[from] Spikes\n|move|p1a: Carbink|Moonblast|p2a: Togedemaru\n|-resisted|p2a: Togedemaru\n|-damage|p2a: Togedemaru|67\/100\n|\n|-heal|p1a: Carbink|88\/100 brn|[from] item: Leftovers\n|-damage|p1a: Carbink|82\/100 brn|[from] brn\n|upkeep\n|turn|13\n|\n|t:|1634031163\n|switch|p1a: Gigalith|Gigalith, M|100\/100\n|-status|p1a: Gigalith|tox\n|-damage|p1a: Gigalith|88\/100 tox|[from] Stealth Rock\n|-weather|Sandstorm|[from] ability: Sand Stream|[of] p1a: Gigalith\n|switch|p2a: Tsareena|Tsareena, F|100\/100\n|\n|-weather|Sandstorm|[upkeep]\n|-damage|p2a: Tsareena|94\/100|[from] Sandstorm\n|-heal|p1a: Gigalith|94\/100 tox|[from] item: Leftovers\n|-damage|p1a: Gigalith|88\/100 tox|[from] psn\n|-fieldend|move: Trick Room\n|upkeep\n|turn|14\n|\n|t:|1634031168\n|switch|p1a: Ferroseed|Ferroseed, F|19\/100\n|-damage|p1a: Ferroseed|13\/100|[from] Stealth Rock\n|move|p2a: Tsareena|Rapid Spin|p1a: Ferroseed\n|-resisted|p1a: Ferroseed\n|-damage|p1a: Ferroseed|8\/100\n|-boost|p2a: Tsareena|spe|1\n|-damage|p2a: Tsareena|82\/100|[from] ability: Iron Barbs|[of] p1a: Ferroseed\n|-sideend|p2: lord cube|Spikes|[from] move: Rapid Spin|[of] p2a: Tsareena\n|-sideend|p2: lord cube|Stealth Rock|[from] move: Rapid Spin|[of] p2a: Tsareena\n|\n|-weather|Sandstorm|[upkeep]\n|-damage|p2a: Tsareena|76\/100|[from] Sandstorm\n|upkeep\n|turn|15\n|\n|t:|1634031174\n|move|p1a: Ferroseed|Protect|p1a: Ferroseed\n|-singleturn|p1a: Ferroseed|Protect\n|move|p2a: Tsareena|Knock Off|p1a: Ferroseed\n|-activate|p1a: Ferroseed|move: Protect\n|\n|-weather|Sandstorm|[upkeep]\n|-damage|p2a: Tsareena|70\/100|[from] Sandstorm\n|upkeep\n|turn|16\n|\n|t:|1634031180\n|move|p2a: Tsareena|Knock Off|p1a: Ferroseed\n|-damage|p1a: Ferroseed|0 fnt\n|-damage|p2a: Tsareena|58\/100|[from] ability: Iron Barbs|[of] p1a: Ferroseed\n|-enditem|p1a: Ferroseed|Eviolite|[from] move: Knock Off|[of] p2a: Tsareena\n|faint|p1a: Ferroseed\n|\n|-weather|Sandstorm|[upkeep]\n|-damage|p2a: Tsareena|52\/100|[from] Sandstorm\n|upkeep\n|\n|t:|1634031182\n|switch|p1a: Trevenant|Trevenant, F, shiny|100\/100\n|-damage|p1a: Trevenant|88\/100|[from] Stealth Rock\n|-status|p1a: Trevenant|tox\n|turn|17\n|\n|t:|1634031198\n|move|p2a: Tsareena|Knock Off|p1a: Trevenant\n|-supereffective|p1a: Trevenant\n|-damage|p1a: Trevenant|9\/100 tox\n|-enditem|p1a: Trevenant|Life Orb|[from] move: Knock Off|[of] p2a: Tsareena\n|move|p1a: Trevenant|Poltergeist|p2a: Tsareena\n|-activate|p2a: Tsareena|move: Poltergeist|Heavy-Duty Boots\n|-damage|p2a: Tsareena|0 fnt\n|faint|p2a: Tsareena\n|\n|-weather|none\n|-damage|p1a: Trevenant|3\/100 tox|[from] psn\n|upkeep\n|\n|t:|1634031212\n|switch|p2a: Togedemaru|Togedemaru, F|67\/100\n|turn|18\n|\n|t:|1634031215\n|move|p2a: Togedemaru|Iron Head|p1a: Trevenant\n|-damage|p1a: Trevenant|0 fnt\n|faint|p1a: Trevenant\n|\n|upkeep\n|\n|t:|1634031220\n|switch|p1a: Beheeyem|Beheeyem, M|88\/100 tox\n|-damage|p1a: Beheeyem|76\/100 tox|[from] Stealth Rock\n|turn|19\n|\n|t:|1634031226\n|switch|p2a: Gigalith|Gigalith, F|100\/100\n|-weather|Sandstorm|[from] ability: Sand Stream|[of] p2a: Gigalith\n|move|p1a: Beheeyem|Trick Room|p1a: Beheeyem\n|-fieldstart|move: Trick Room|[of] p1a: Beheeyem\n|\n|-weather|Sandstorm|[upkeep]\n|-damage|p1a: Beheeyem|69\/100 tox|[from] Sandstorm\n|-damage|p1a: Beheeyem|63\/100 tox|[from] psn\n|upkeep\n|turn|20\n|\n|t:|1634031231\n|move|p2a: Gigalith|Protect|p2a: Gigalith\n|-singleturn|p2a: Gigalith|Protect\n|move|p1a: Beheeyem|Psychic|p2a: Gigalith\n|-activate|p2a: Gigalith|move: Protect\n|\n|-weather|Sandstorm|[upkeep]\n|-damage|p1a: Beheeyem|57\/100 tox|[from] Sandstorm\n|-damage|p1a: Beheeyem|44\/100 tox|[from] psn\n|upkeep\n|turn|21\n|\n|t:|1634031241\n|move|p1a: Beheeyem|Thunderbolt|p2a: Gigalith\n|-damage|p2a: Gigalith|77\/100\n|-damage|p1a: Beheeyem|34\/100 tox|[from] item: Life Orb\n|move|p2a: Gigalith|Earthquake|p1a: Beheeyem\n|-damage|p1a: Beheeyem|0 fnt\n|faint|p1a: Beheeyem\n|\n|-weather|Sandstorm|[upkeep]\n|-heal|p2a: Gigalith|83\/100|[from] item: Leftovers\n|upkeep\n|l|\u203dxelaboonresoleros\n|inactive|xelaboonresoleros disconnected and has a minute to reconnect!\n|player|p1|\n|inactive|xelaboonresoleros has 30 seconds to reconnect!\n|j| larssie262\n|inactive|xelaboonresoleros has 20 seconds to reconnect!\n|j| PPBOI0303\n|inactive|xelaboonresoleros has 15 seconds to reconnect!\n|inactive|xelaboonresoleros has 10 seconds to reconnect!\n|l| PPBOI0303\n|inactive|xelaboonresoleros has 5 seconds to reconnect!\n|-message|xelaboonresoleros lost due to inactivity.\n|\n|win|lord cube\n|n|\u2606lord cube|lordcube\n|n|*Lady Monita \u263d|ladymonita\n|n| Kingston9629|kingston9629\n|n| IcePanaza|icepanaza\n|n| Luiw|luiw\n|n| iamnotagenius|iamnotagenius\n|n| larssie262|larssie262\n","uploadtime":1634031307,"views":39,"p1id":"xelaboonresoleros","p2id":"lordcube","formatid":"gen8pu","rating":0,"private":0,"password":null}