{"id":"gen8ou-1637282403","p1":"reionatro","p2":"LT92PF Zokuru","format":"gen8ou","log":"|raw|<div class=\"broadcast-blue\"><strong>This battle is required to be public due to a player having a name starting with 'lt92pf'.<\/div>\n|j|\u2606reionatro\n|j|\u2606LT92PF Zokuru\n|t:|1660224019\n|gametype|singles\n|player|p1|reionatro|170|1683\n|player|p2|LT92PF Zokuru|gentleman-gen4dp|1797\n|teamsize|p1|6\n|teamsize|p2|6\n|gen|8\n|tier|[Gen 8] OU\n|rated|\n|rule|Sleep Clause Mod: Limit one foe put to sleep\n|rule|Species Clause: Limit one of each Pok\u00e9mon\n|rule|OHKO Clause: OHKO moves are banned\n|rule|Evasion Items Clause: Evasion items are banned\n|rule|Evasion Moves Clause: Evasion moves are banned\n|rule|Endless Battle Clause: Forcing endless battles is banned\n|rule|HP Percentage Mod: HP is shown in percentages\n|rule|Dynamax Clause: You cannot dynamax\n|clearpoke\n|poke|p1|Nihilego|\n|poke|p1|Zapdos-Galar|\n|poke|p1|Kartana|\n|poke|p1|Celesteela|\n|poke|p1|Garchomp, M|\n|poke|p1|Tapu Fini|\n|poke|p2|Rillaboom, M|\n|poke|p2|Tornadus-Therian, M|\n|poke|p2|Blaziken, M|\n|poke|p2|Melmetal|\n|poke|p2|Garchomp, M|\n|poke|p2|Slowbro, F|\n|teampreview\n|j| Fffyhhug\n|c|\u2606reionatro|hf\n|c|\u2606LT92PF Zokuru|hf\n|l| Fffyhhug\n|\n|t:|1660224035\n|start\n|switch|p1a: Kartana|Kartana|100\/100\n|switch|p2a: Slowbro|Slowbro, F|100\/100\n|turn|1\n|\n|t:|1660224042\n|switch|p2a: Tornadus|Tornadus-Therian, M|100\/100\n|move|p1a: Kartana|Knock Off|p2a: Tornadus\n|-damage|p2a: Tornadus|51\/100\n|-enditem|p2a: Tornadus|Heavy-Duty Boots|[from] move: Knock Off|[of] p1a: Kartana\n|\n|upkeep\n|turn|2\n|\n|t:|1660224050\n|switch|p1a: Garchomp|Garchomp, M|100\/100\n|move|p2a: Tornadus|Knock Off|p1a: Garchomp\n|-damage|p1a: Garchomp|83\/100\n|-damage|p2a: Tornadus|39\/100|[from] ability: Rough Skin|[of] p1a: Garchomp\n|-damage|p2a: Tornadus|22\/100|[from] item: Rocky Helmet|[of] p1a: Garchomp\n|-enditem|p1a: Garchomp|Rocky Helmet|[from] move: Knock Off|[of] p2a: Tornadus\n|\n|upkeep\n|turn|3\n|\n|t:|1660224061\n|switch|p2a: Slowbro|Slowbro, F|100\/100\n|move|p1a: Garchomp|Stealth Rock|p2a: Slowbro\n|-sidestart|p2: LT92PF Zokuru|move: Stealth Rock\n|\n|upkeep\n|turn|4\n|\n|t:|1660224067\n|switch|p1a: Tapu Fini|Tapu Fini|100\/100\n|-fieldstart|move: Misty Terrain|[from] ability: Misty Surge|[of] p1a: Tapu Fini\n|move|p2a: Slowbro|Future Sight|p1a: Tapu Fini\n|-start|p2a: Slowbro|move: Future Sight\n|\n|upkeep\n|turn|5\n|\n|t:|1660224079\n|move|p1a: Tapu Fini|Taunt|p2a: Slowbro\n|-start|p2a: Slowbro|move: Taunt\n|cant|p2a: Slowbro|move: Taunt|Teleport\n|\n|upkeep\n|turn|6\n|\n|t:|1660224086\n|switch|p1a: Garchomp|Garchomp, M|83\/100\n|switch|p2a: Melmetal|Melmetal|100\/100\n|-damage|p2a: Melmetal|94\/100|[from] Stealth Rock\n|\n|-end|p1a: Garchomp|move: Future Sight\n|-damage|p1a: Garchomp|42\/100\n|-heal|p2a: Melmetal|100\/100|[from] item: Leftovers\n|upkeep\n|turn|7\n|\n|t:|1660224095\n|switch|p2a: Slowbro|Slowbro, F|100\/100\n|-damage|p2a: Slowbro|88\/100|[from] Stealth Rock\n|move|p1a: Garchomp|Earthquake|p2a: Slowbro\n|-damage|p2a: Slowbro|64\/100\n|\n|upkeep\n|turn|8\n|\n|t:|1660224103\n|switch|p1a: Tapu Fini|Tapu Fini|100\/100\n|move|p2a: Slowbro|Future Sight|p1a: Tapu Fini\n|-start|p2a: Slowbro|move: Future Sight\n|\n|-fieldend|Misty Terrain\n|upkeep\n|turn|9\n|\n|t:|1660224112\n|switch|p2a: Melmetal|Melmetal|100\/100\n|-damage|p2a: Melmetal|94\/100|[from] Stealth Rock\n|move|p1a: Tapu Fini|Scald|p2a: Melmetal\n|-damage|p2a: Melmetal|68\/100\n|-status|p2a: Melmetal|brn\n|\n|-heal|p2a: Melmetal|75\/100 brn|[from] item: Leftovers\n|-damage|p2a: Melmetal|68\/100 brn|[from] brn\n|upkeep\n|turn|10\n|c|\u2606LT92PF Zokuru|cmo\n|c|\u2606LT92PF Zokuru|n\n|\n|t:|1660224129\n|switch|p1a: Garchomp|Garchomp, M|42\/100\n|move|p2a: Melmetal|Thunder Punch|p1a: Garchomp\n|-immune|p1a: Garchomp\n|\n|-end|p1a: Garchomp|move: Future Sight\n|-damage|p1a: Garchomp|1\/100\n|-heal|p2a: Melmetal|75\/100 brn|[from] item: Leftovers\n|-damage|p2a: Melmetal|68\/100 brn|[from] brn\n|upkeep\n|turn|11\n|\n|t:|1660224151\n|switch|p2a: Tornadus|Tornadus-Therian, M|55\/100\n|-damage|p2a: Tornadus|30\/100|[from] Stealth Rock\n|move|p1a: Garchomp|Earthquake|p2a: Tornadus\n|-immune|p2a: Tornadus\n|\n|upkeep\n|turn|12\n|\n|t:|1660224153\n|move|p2a: Tornadus|Defog|p1a: Garchomp\n|-unboost|p1a: Garchomp|evasion|1\n|-sideend|p2: LT92PF Zokuru|Stealth Rock|[from] move: Defog|[of] p2a: Tornadus\n|move|p1a: Garchomp|Toxic|p2a: Tornadus|[miss]\n|-miss|p1a: Garchomp|p2a: Tornadus\n|\n|upkeep\n|turn|13\n|\n|t:|1660224158\n|move|p2a: Tornadus|U-turn|p1a: Garchomp\n|-damage|p1a: Garchomp|0 fnt\n|-damage|p2a: Tornadus|18\/100|[from] ability: Rough Skin|[of] p1a: Garchomp\n|faint|p1a: Garchomp\n|\n|t:|1660224164\n|switch|p2a: Blaziken|Blaziken, M|100\/100|[from]move: U-turn\n|\n|upkeep\n|\n|t:|1660224178\n|switch|p1a: Tapu Fini|Tapu Fini|100\/100\n|-fieldstart|move: Misty Terrain|[from] ability: Misty Surge|[of] p1a: Tapu Fini\n|turn|14\n|\n|t:|1660224182\n|switch|p2a: Slowbro|Slowbro, F|97\/100\n|move|p1a: Tapu Fini|Scald|p2a: Slowbro\n|-resisted|p2a: Slowbro\n|-damage|p2a: Slowbro|83\/100\n|\n|upkeep\n|turn|15\n|\n|t:|1660224197\n|move|p1a: Tapu Fini|Calm Mind|p1a: Tapu Fini\n|-boost|p1a: Tapu Fini|spa|1\n|-boost|p1a: Tapu Fini|spd|1\n|move|p2a: Slowbro|Future Sight|p1a: Tapu Fini\n|-start|p2a: Slowbro|move: Future Sight\n|\n|upkeep\n|turn|16\n|\n|t:|1660224202\n|switch|p2a: Rillaboom|Rillaboom, M|100\/100\n|-fieldstart|move: Grassy Terrain|[from] ability: Grassy Surge|[of] p2a: Rillaboom\n|move|p1a: Tapu Fini|Scald|p2a: Rillaboom\n|-resisted|p2a: Rillaboom\n|-damage|p2a: Rillaboom|77\/100\n|\n|-heal|p2a: Rillaboom|83\/100|[from] Grassy Terrain\n|-heal|p2a: Rillaboom|89\/100|[from] item: Leftovers\n|upkeep\n|turn|17\n|\n|t:|1660224227\n|switch|p1a: Zapdos|Zapdos-Galar|100\/100\n|move|p2a: Rillaboom|Knock Off|p1a: Zapdos\n|-resisted|p1a: Zapdos\n|-damage|p1a: Zapdos|79\/100\n|-enditem|p1a: Zapdos|Choice Band|[from] move: Knock Off|[of] p2a: Rillaboom\n|\n|-end|p1a: Zapdos|move: Future Sight\n|-supereffective|p1a: Zapdos\n|-damage|p1a: Zapdos|0 fnt\n|faint|p1a: Zapdos\n|-heal|p2a: Rillaboom|96\/100|[from] Grassy Terrain\n|-heal|p2a: Rillaboom|100\/100|[from] item: Leftovers\n|upkeep\n|\n|t:|1660224265\n|switch|p1a: Nihilego|Nihilego|100\/100\n|turn|18\n|\n|t:|1660224269\n|switch|p2a: Garchomp|Garchomp, M|100\/100\n|move|p1a: Nihilego|Meteor Beam||[still]\n|-prepare|p1a: Nihilego|Meteor Beam\n|-boost|p1a: Nihilego|spa|1\n|-enditem|p1a: Nihilego|Power Herb\n|-anim|p1a: Nihilego|Meteor Beam|p2a: Garchomp\n|-resisted|p2a: Garchomp\n|-damage|p2a: Garchomp|72\/100\n|\n|-heal|p2a: Garchomp|78\/100|[from] Grassy Terrain\n|-heal|p2a: Garchomp|84\/100|[from] item: Leftovers\n|upkeep\n|turn|19\n|\n|t:|1660224307\n|move|p1a: Nihilego|Grass Knot|p2a: Garchomp\n|-damage|p2a: Garchomp|50\/100\n|-damage|p1a: Nihilego|88\/100|[from] ability: Rough Skin|[of] p2a: Garchomp\n|move|p2a: Garchomp|Earthquake|p1a: Nihilego\n|-supereffective|p1a: Nihilego\n|-damage|p1a: Nihilego|0 fnt\n|faint|p1a: Nihilego\n|\n|-heal|p2a: Garchomp|56\/100|[from] Grassy Terrain\n|-heal|p2a: Garchomp|62\/100|[from] item: Leftovers\n|upkeep\n|inactive|Battle timer is ON: inactive players will automatically lose when time's up. (requested by LT92PF Zokuru)\n|\n|t:|1660224332\n|switch|p1a: Celesteela|Celesteela|100\/100\n|turn|20\n|\n|t:|1660224345\n|move|p2a: Garchomp|Stealth Rock|p1a: Celesteela\n|-sidestart|p1: reionatro|move: Stealth Rock\n|move|p1a: Celesteela|Autotomize|p1a: Celesteela\n|-boost|p1a: Celesteela|spe|2\n|-start|p1a: Celesteela|Autotomize\n|\n|-heal|p2a: Garchomp|68\/100|[from] Grassy Terrain\n|-heal|p2a: Garchomp|75\/100|[from] item: Leftovers\n|-fieldend|move: Grassy Terrain\n|upkeep\n|turn|21\n|inactive|reionatro has 120 seconds left.\n|inactive|reionatro has 90 seconds left.\n|inactive|reionatro has 60 seconds left.\n|\n|t:|1660224442\n|move|p2a: Garchomp|Protect|p2a: Garchomp\n|-singleturn|p2a: Garchomp|Protect\n|move|p1a: Celesteela|Meteor Beam||[still]\n|-prepare|p1a: Celesteela|Meteor Beam\n|-boost|p1a: Celesteela|spa|1\n|-enditem|p1a: Celesteela|Power Herb\n|-anim|p1a: Celesteela|Meteor Beam|p2a: Garchomp\n|-activate|p2a: Garchomp|move: Protect\n|\n|-heal|p2a: Garchomp|81\/100|[from] item: Leftovers\n|upkeep\n|turn|22\n|\n|t:|1660224450\n|switch|p2a: Slowbro|Slowbro, F|100\/100\n|move|p1a: Celesteela|Autotomize|p1a: Celesteela\n|-boost|p1a: Celesteela|spe|2\n|-start|p1a: Celesteela|Autotomize\n|\n|upkeep\n|turn|23\n|\n|t:|1660224464\n|move|p1a: Celesteela|Air Slash|p2a: Slowbro\n|-damage|p2a: Slowbro|41\/100\n|cant|p2a: Slowbro|flinch\n|\n|upkeep\n|turn|24\n|\n|t:|1660224475\n|move|p1a: Celesteela|Air Slash|p2a: Slowbro\n|-damage|p2a: Slowbro|0 fnt\n|faint|p2a: Slowbro\n|-ability|p1a: Celesteela|Beast Boost|boost\n|-boost|p1a: Celesteela|spa|1\n|\n|upkeep\n|\n|t:|1660224477\n|switch|p2a: Blaziken|Blaziken, M|100\/100\n|turn|25\n|\n|t:|1660224485\n|move|p2a: Blaziken|Protect|p2a: Blaziken\n|-singleturn|p2a: Blaziken|Protect\n|move|p1a: Celesteela|Air Slash|p2a: Blaziken\n|-activate|p2a: Blaziken|move: Protect\n|\n|-ability|p2a: Blaziken|Speed Boost|boost\n|-boost|p2a: Blaziken|spe|1\n|upkeep\n|turn|26\n|c|\u2606LT92PF Zokuru|!dt air slash\n|raw|<ul class=\"utilichart\"><li class=\"result\"><span class=\"col movenamecol\"><a href=\"https:\/\/dex.pokemonshowdown.com\/moves\/airslash\">Air Slash<\/a><\/span> <span class=\"col typecol\"><img src=\"\/\/play.pokemonshowdown.com\/sprites\/types\/Flying.png\" alt=\"Flying\" width=\"32\" height=\"14\"><img src=\"\/\/play.pokemonshowdown.com\/sprites\/categories\/Special.png\" alt=\"Special\" width=\"32\" height=\"14\"><\/span> <span class=\"col labelcol\"><em>Power<\/em><br>75<\/span> <span class=\"col widelabelcol\"><em>Accuracy<\/em><br>95%<\/span> <span class=\"col pplabelcol\"><em>PP<\/em><br>24<\/span> <span class=\"col movedesccol\">30% chance to make the target flinch.<\/span> <\/li><li style=\"clear:both\"><\/li><\/ul>\n|raw|<font size=\"1\"><font color=\"#686868\">Priority:<\/font> 0&nbsp;|&ThickSpace;<font color=\"#686868\">Gen:<\/font> 4&nbsp;|&ThickSpace;&#10003; Secondary effect&nbsp;|&ThickSpace;<font color=\"#686868\">Z-Power:<\/font> 140&nbsp;|&ThickSpace;<font color=\"#686868\">Dynamax Power:<\/font> 130&nbsp;|&ThickSpace;<font color=\"#686868\">Target:<\/font> Any Pok\u00e9mon<\/font>\n\n|c|\u2606LT92PF Zokuru|easy\n|c|\u2606LT92PF Zokuru|5%\n|c|\u2606LT92PF Zokuru|gg\n|\n|t:|1660224500\n|move|p1a: Celesteela|Air Slash|p2a: Blaziken\n|-supereffective|p2a: Blaziken\n|-damage|p2a: Blaziken|0 fnt\n|faint|p2a: Blaziken\n|-ability|p1a: Celesteela|Beast Boost|boost\n|-boost|p1a: Celesteela|spa|1\n|\n|upkeep\n|-message|LT92PF Zokuru forfeited.\n|\n|win|reionatro\n|raw|reionatro's rating: 1683 &rarr; <strong>1709<\/strong><br \/>(+26 for winning)\n|raw|LT92PF Zokuru's rating: 1797 &rarr; <strong>1771<\/strong><br \/>(-26 for losing)\n|l|\u2606LT92PF Zokuru\n||Ladder isn't responding, score probably updated but might not have (Request timeout).\n","uploadtime":1660226034,"views":55,"p1id":"reionatro","p2id":"lt92pfzokuru","formatid":"gen8ou","rating":1709,"private":0,"password":null}