{"id":"gen8ou-1145529774","p1":"cold.exe","p2":"D3C1B3L","format":"gen8ou","log":"|j|\u2606cold.exe\n|j|\u2606D3C1B3L\n|player|p1|cold.exe|flannery|1376\n|player|p2|D3C1B3L|unknown|1410\n|teamsize|p1|6\n|teamsize|p2|6\n|gametype|singles\n|gen|8\n|tier|[Gen 8] OU\n|rated|\n|clearpoke\n|poke|p1|Diggersby, M|\n|poke|p1|Azumarill, M|\n|poke|p1|Mandibuzz, F|\n|poke|p1|Rotom-Heat|\n|poke|p1|Rillaboom, F|\n|poke|p1|Cinderace, F|\n|poke|p2|Rillaboom, M|\n|poke|p2|Marowak-Alola, M|\n|poke|p2|Hawlucha, M|\n|poke|p2|Magnezone|\n|poke|p2|Weezing-Galar, F|\n|poke|p2|Urshifu-*, M|\n|rule|Sleep Clause Mod: Limit one foe put to sleep\n|rule|Species Clause: Limit one of each Pok\u00e9mon\n|rule|OHKO Clause: OHKO moves are banned\n|rule|Evasion Moves Clause: Evasion moves are banned\n|rule|Endless Battle Clause: Forcing endless battles is banned\n|rule|HP Percentage Mod: HP is shown in percentages\n|rule|Dynamax Clause: You cannot dynamax\n|teampreview\n|\n|start\n|switch|p1a: Bruh|Cinderace, F|100\/100\n|switch|p2a: Urshifu|Urshifu, M|100\/100\n|turn|1\n|\n|switch|p1a: Mandibuzz|Mandibuzz, F|100\/100\n|move|p2a: Urshifu|Sucker Punch||[still]\n|-fail|p2a: Urshifu\n|\n|upkeep\n|turn|2\n|\n|switch|p2a: Weezing|Weezing-Galar, F|100\/100\n|move|p1a: Mandibuzz|U-turn|p2a: Weezing\n|-resisted|p2a: Weezing\n|-damage|p2a: Weezing|99\/100\n|\n|switch|p1a: Diggersby|Diggersby, M|100\/100|[from]move: U-turn\n|\n|-heal|p2a: Weezing|100\/100|[from] item: Black Sludge\n|upkeep\n|turn|3\n|\n|move|p1a: Diggersby|Body Slam|p2a: Weezing\n|-damage|p2a: Weezing|48\/100\n|-status|p2a: Weezing|par\n|move|p2a: Weezing|Will-O-Wisp|p1a: Diggersby\n|-status|p1a: Diggersby|brn\n|\n|-heal|p2a: Weezing|53\/100 par|[from] item: Black Sludge\n|-damage|p1a: Diggersby|94\/100 brn|[from] brn\n|upkeep\n|turn|4\n|\n|move|p1a: Diggersby|Body Slam|p2a: Weezing\n|-damage|p2a: Weezing|26\/100 par\n|move|p2a: Weezing|Strange Steam|p1a: Diggersby\n|-damage|p1a: Diggersby|58\/100 brn\n|\n|-heal|p2a: Weezing|32\/100 par|[from] item: Black Sludge\n|-damage|p1a: Diggersby|52\/100 brn|[from] brn\n|upkeep\n|turn|5\n|inactive|Battle timer is ON: inactive players will automatically lose when time's up. (requested by cold.exe)\n|\n|switch|p1a: Bruh|Cinderace, F|100\/100\n|switch|p2a: Magnezone|Magnezone|100\/100\n|\n|upkeep\n|turn|6\n|\n|switch|p2a: Weezing|Weezing-Galar, F|32\/100 par\n|move|p1a: Bruh|Shadow Ball|p2a: Weezing\n|-start|p1a: Bruh|typechange|Ghost|[from] ability: Libero\n|-damage|p2a: Weezing|0 fnt\n|faint|p2a: Weezing\n|\n|upkeep\n|inactive|D3C1B3L has 120 seconds left.\n|\n|switch|p2a: Urshifu|Urshifu, M|100\/100\n|turn|7\n|\n|switch|p1a: Diggersby|Diggersby, M|52\/100 brn\n|move|p2a: Urshifu|Close Combat|p1a: Diggersby\n|-supereffective|p1a: Diggersby\n|-damage|p1a: Diggersby|0 fnt\n|-unboost|p2a: Urshifu|def|1\n|-unboost|p2a: Urshifu|spd|1\n|faint|p1a: Diggersby\n|\n|upkeep\n|\n|switch|p1a: Bruh|Cinderace, F|100\/100\n|turn|8\n|\n|switch|p2a: Marowak|Marowak-Alola, M|100\/100\n|move|p1a: Bruh|Shadow Ball|p2a: Marowak\n|-start|p1a: Bruh|typechange|Ghost|[from] ability: Libero\n|-supereffective|p2a: Marowak\n|-damage|p2a: Marowak|8\/100\n|\n|upkeep\n|turn|9\n|\n|switch|p2a: Urshifu|Urshifu, M|100\/100\n|move|p1a: Bruh|Shadow Ball|p2a: Urshifu\n|-resisted|p2a: Urshifu\n|-damage|p2a: Urshifu|77\/100\n|\n|upkeep\n|turn|10\n|\n|switch|p1a: Azumarill|Azumarill, M|100\/100\n|move|p2a: Urshifu|Close Combat|p1a: Azumarill\n|-resisted|p1a: Azumarill\n|-damage|p1a: Azumarill|41\/100\n|-unboost|p2a: Urshifu|def|1\n|-unboost|p2a: Urshifu|spd|1\n|\n|upkeep\n|turn|11\n|\n|switch|p2a: Rillaboom|Rillaboom, M|100\/100\n|-fieldstart|move: Grassy Terrain|[from] ability: Grassy Surge|[of] p2a: Rillaboom\n|move|p1a: Azumarill|Aqua Jet|p2a: Rillaboom\n|-resisted|p2a: Rillaboom\n|-damage|p2a: Rillaboom|78\/100\n|\n|-heal|p2a: Rillaboom|84\/100|[from] Grassy Terrain\n|-heal|p1a: Azumarill|47\/100|[from] Grassy Terrain\n|upkeep\n|turn|12\n|\n|switch|p1a: Mandibuzz|Mandibuzz, F|100\/100\n|move|p2a: Rillaboom|Knock Off|p1a: Mandibuzz\n|-resisted|p1a: Mandibuzz\n|-damage|p1a: Mandibuzz|84\/100\n|-enditem|p1a: Mandibuzz|Heavy-Duty Boots|[from] move: Knock Off|[of] p2a: Rillaboom\n|\n|-heal|p2a: Rillaboom|90\/100|[from] Grassy Terrain\n|upkeep\n|turn|13\n|\n|switch|p2a: Urshifu|Urshifu, M|77\/100\n|move|p1a: Mandibuzz|U-turn|p2a: Urshifu\n|-damage|p2a: Urshifu|65\/100\n|\n|switch|p1a: Bruh|Cinderace, F|100\/100|[from]move: U-turn\n|\n|-heal|p2a: Urshifu|71\/100|[from] Grassy Terrain\n|upkeep\n|turn|14\n|\n|move|p2a: Urshifu|Sucker Punch|p1a: Bruh\n|-damage|p1a: Bruh|13\/100\n|move|p1a: Bruh|Focus Blast|p2a: Urshifu\n|-start|p1a: Bruh|typechange|Fighting|[from] ability: Libero\n|-supereffective|p2a: Urshifu\n|-damage|p2a: Urshifu|0 fnt\n|faint|p2a: Urshifu\n|\n|-heal|p1a: Bruh|19\/100|[from] Grassy Terrain\n|upkeep\n|\n|switch|p2a: Hawlucha|Hawlucha, M|100\/100\n|-enditem|p2a: Hawlucha|Grassy Seed\n|-boost|p2a: Hawlucha|def|1|[from] item: Grassy Seed\n|turn|15\n|\n|switch|p1a: Rotom|Rotom-Heat|100\/100\n|move|p2a: Hawlucha|Swords Dance|p2a: Hawlucha\n|-boost|p2a: Hawlucha|atk|2\n|\n|-fieldend|move: Grassy Terrain\n|upkeep\n|turn|16\n|\n|move|p2a: Hawlucha|Close Combat|p1a: Rotom\n|-damage|p1a: Rotom|0 fnt\n|-unboost|p2a: Hawlucha|def|1\n|-unboost|p2a: Hawlucha|spd|1\n|faint|p1a: Rotom\n|\n|upkeep\n|\n|switch|p1a: Mandibuzz|Mandibuzz, F|84\/100\n|turn|17\n|\n|move|p2a: Hawlucha|Close Combat|p1a: Mandibuzz\n|-damage|p1a: Mandibuzz|23\/100\n|-unboost|p2a: Hawlucha|def|1\n|-unboost|p2a: Hawlucha|spd|1\n|move|p1a: Mandibuzz|Foul Play|p2a: Hawlucha\n|-resisted|p2a: Hawlucha\n|-damage|p2a: Hawlucha|15\/100\n|\n|upkeep\n|turn|18\n|\n|move|p2a: Hawlucha|Close Combat|p1a: Mandibuzz\n|-damage|p1a: Mandibuzz|0 fnt\n|-unboost|p2a: Hawlucha|def|1\n|-unboost|p2a: Hawlucha|spd|1\n|faint|p1a: Mandibuzz\n|\n|upkeep\n|\n|switch|p1a: Azumarill|Azumarill, M|47\/100\n|turn|19\n|\n|switch|p2a: Marowak|Marowak-Alola, M|8\/100\n|move|p1a: Azumarill|Aqua Jet|p2a: Marowak\n|-supereffective|p2a: Marowak\n|-damage|p2a: Marowak|0 fnt\n|faint|p2a: Marowak\n|\n|upkeep\n|\n|switch|p2a: Rillaboom|Rillaboom, M|90\/100\n|-fieldstart|move: Grassy Terrain|[from] ability: Grassy Surge|[of] p2a: Rillaboom\n|turn|20\n|\n|move|p2a: Rillaboom|Grassy Glide|p1a: Azumarill\n|-supereffective|p1a: Azumarill\n|-damage|p1a: Azumarill|0 fnt\n|faint|p1a: Azumarill\n|\n|-heal|p2a: Rillaboom|96\/100|[from] Grassy Terrain\n|upkeep\n|\n|switch|p1a: Rillaboom|Rillaboom, F|100\/100\n|turn|21\n|\n|switch|p2a: Hawlucha|Hawlucha, M|15\/100\n|move|p1a: Rillaboom|Swords Dance|p1a: Rillaboom\n|-boost|p1a: Rillaboom|atk|2\n|\n|upkeep\n|turn|22\n|\n|move|p1a: Rillaboom|Grassy Glide|p2a: Hawlucha\n|-resisted|p2a: Hawlucha\n|-crit|p2a: Hawlucha\n|-damage|p2a: Hawlucha|0 fnt\n|-damage|p1a: Rillaboom|91\/100|[from] item: Life Orb\n|faint|p2a: Hawlucha\n|\n|-heal|p1a: Rillaboom|97\/100|[from] Grassy Terrain\n|upkeep\n|\n|switch|p2a: Magnezone|Magnezone|100\/100\n|-enditem|p2a: Magnezone|Grassy Seed\n|-boost|p2a: Magnezone|def|1|[from] item: Grassy Seed\n|turn|23\n|\n|move|p1a: Rillaboom|Knock Off|p2a: Magnezone\n|-damage|p2a: Magnezone|70\/100\n|-damage|p1a: Rillaboom|87\/100|[from] item: Life Orb\n|move|p2a: Magnezone|Body Press|p1a: Rillaboom\n|-damage|p1a: Rillaboom|43\/100\n|\n|-heal|p1a: Rillaboom|49\/100|[from] Grassy Terrain\n|-heal|p2a: Magnezone|76\/100|[from] Grassy Terrain\n|upkeep\n|turn|24\n|\n|move|p1a: Rillaboom|Grassy Glide|p2a: Magnezone\n|-resisted|p2a: Magnezone\n|-damage|p2a: Magnezone|40\/100\n|-damage|p1a: Rillaboom|39\/100|[from] item: Life Orb\n|move|p2a: Magnezone|Body Press|p1a: Rillaboom\n|-damage|p1a: Rillaboom|0 fnt\n|faint|p1a: Rillaboom\n|\n|-heal|p2a: Magnezone|46\/100|[from] Grassy Terrain\n|-fieldend|move: Grassy Terrain\n|upkeep\n|-message|cold.exe forfeited.\n|\n|win|D3C1B3L\n|l|\u2606cold.exe\n|raw|cold.exe's rating: 1376 &rarr; <strong>1358<\/strong><br \/>(-18 for losing)\n|raw|D3C1B3L's rating: 1410 &rarr; <strong>1428<\/strong><br \/>(+18 for winning)\n","uploadtime":1593957158,"views":10,"p1id":"coldexe","p2id":"d3c1b3l","formatid":"gen8ou","rating":1358,"private":0,"password":null}