{"id":"gen8freeforallrandombattle-1670214019","p1":"shiawasenostory","p2":"ThiccKiwiDotCom","format":"gen8freeforallrandombattle","log":"|uhtml|invites|<div class=\"broadcast broadcast-blue\"><strong>This is a 4-player challenge battle<\/strong><br \/>The players will need to add more players before the battle can start.<\/div>\n|j|\u2606shiawasenostory\n|j|\u2606ThiccKiwiDotCom\n|t:|1664138932\n|gametype|freeforall\n|player|p1|shiawasenostory|winona|\n|player|p2|ThiccKiwiDotCom|guitarist|\n||Invite sent to Fernanch!\n||Invite sent to ZorroBS!\n|j| Fernanch\n|n|\u2606Fernanch|fernanch\n|n|\u2606Fernanch|fernanch\n|player|p3|Fernanch|hilbert\n|player|p3|Fernanch|hilbert|\n|j| ZorroBS\n|n|\u2606ZorroBS|zorrobs\n|n|\u2606ZorroBS|zorrobs\n|player|p4|ZorroBS|266\n|uhtmlchange|invites|\n|player|p4|ZorroBS|266|\n|teamsize|p1|6\n|teamsize|p2|6\n|teamsize|p3|6\n|teamsize|p4|6\n|gen|8\n|tier|[Gen 8] Free-For-All Random Battle\n|rule|Species Clause: Limit one of each Pok\u00e9mon\n|rule|HP Percentage Mod: HP is shown in percentages\n|rule|Sleep Clause Mod: Limit one foe put to sleep\n|\n|t:|1664138967\n|start\n|switch|p1a: Cursola|Cursola, L88, F|249\/249\n|switch|p2a: Raichu|Raichu-Alola, L86, F|243\/243\n|switch|p3b: Flareon|Flareon, L88, F|258\/258\n|switch|p4b: Dusknoir|Dusknoir, L86, F|218\/218\n|-item|p1a: Cursola|Sitrus Berry|[from] ability: Frisk|[of] p4b: Dusknoir|[identify]\n|-item|p2a: Raichu|Life Orb|[from] ability: Frisk|[of] p4b: Dusknoir|[identify]\n|-item|p3b: Flareon|Toxic Orb|[from] ability: Frisk|[of] p4b: Dusknoir|[identify]\n|turn|1\n|inactive|Battle timer is ON: inactive players will automatically lose when time's up. (requested by ThiccKiwiDotCom)\n|inactive|ZorroBS has 270 seconds left.\n|j| Buhrito\n|\n|t:|1664139037\n|switch|p2a: Miltank|Miltank, L86, F|304\/304\n|move|p3b: Flareon|Protect|p3b: Flareon\n|-singleturn|p3b: Flareon|Protect\n|move|p4b: Dusknoir|Poltergeist|p1a: Cursola\n|-activate|p1a: Cursola|move: Poltergeist|Sitrus Berry\n|-supereffective|p1a: Cursola\n|-damage|p1a: Cursola|0 fnt\n|faint|p1a: Cursola\n|\n|-status|p3b: Flareon|tox|[from] item: Toxic Orb\n|upkeep\n|j| Symes\n|\n|t:|1664139064\n|switch|p1a: Mandibuzz|Mandibuzz, L88, F|337\/337\n|turn|2\n|\n|t:|1664139092\n|move|p2a: Miltank|Protect|p2a: Miltank\n|-singleturn|p2a: Miltank|Protect\n|move|p1a: Mandibuzz|Foul Play|p3b: Flareon\n|-damage|p3b: Flareon|86\/258 tox\n|move|p3b: Flareon|Flare Blitz|p4b: Dusknoir\n|-damage|p4b: Dusknoir|34\/218\n|-status|p4b: Dusknoir|brn\n|-enditem|p4b: Dusknoir|Sitrus Berry|[eat]\n|-heal|p4b: Dusknoir|88\/218 brn|[from] item: Sitrus Berry\n|-damage|p3b: Flareon|25\/258 tox|[from] Recoil\n|move|p4b: Dusknoir|Earthquake|p1a: Mandibuzz|[spread] p3b\n|-activate|p2a: Miltank|move: Protect\n|-immune|p1a: Mandibuzz\n|-supereffective|p3b: Flareon\n|-damage|p3b: Flareon|0 fnt\n|faint|p3b: Flareon\n|\n|-damage|p4b: Dusknoir|75\/218 brn|[from] brn\n|upkeep\n|inactive|Fernanch has 270 seconds left.\n|\n|t:|1664139121\n|switch|p3b: Zarude|Zarude-Dada, L80|299\/299\n|turn|3\n|\n|t:|1664139139\n|move|p2a: Miltank|Body Press|p3b: Zarude\n|-supereffective|p3b: Zarude\n|-damage|p3b: Zarude|181\/299\n|move|p3b: Zarude|Rock Slide|p1a: Mandibuzz|[spread] p1a,p2a,p4b\n|-supereffective|p1a: Mandibuzz\n|-damage|p1a: Mandibuzz|287\/337\n|-damage|p2a: Miltank|278\/304\n|-damage|p4b: Dusknoir|54\/218 brn\n|move|p1a: Mandibuzz|Taunt|p3b: Zarude\n|-start|p3b: Zarude|move: Taunt\n|cant|p4b: Dusknoir|flinch\n|\n|-damage|p4b: Dusknoir|41\/218 brn|[from] brn\n|upkeep\n|turn|4\n|\n|t:|1664139159\n|move|p2a: Miltank|Body Press|p3b: Zarude\n|-supereffective|p3b: Zarude\n|-damage|p3b: Zarude|67\/299\n|-enditem|p3b: Zarude|Sitrus Berry|[eat]\n|-heal|p3b: Zarude|141\/299|[from] item: Sitrus Berry\n|move|p3b: Zarude|Power Whip|p2a: Miltank\n|-damage|p2a: Miltank|160\/304\n|move|p1a: Mandibuzz|Tailwind|p1a: Mandibuzz\n|-sidestart|p1: shiawasenostory|move: Tailwind\n|move|p4b: Dusknoir|Will-O-Wisp|p3b: Zarude\n|-status|p3b: Zarude|brn\n|\n|-damage|p3b: Zarude|123\/299 brn|[from] brn\n|-damage|p4b: Dusknoir|28\/218 brn|[from] brn\n|upkeep\n|turn|5\n|\n|t:|1664139177\n|move|p1a: Mandibuzz|Foul Play|p4b: Dusknoir\n|-supereffective|p4b: Dusknoir\n|-damage|p4b: Dusknoir|0 fnt\n|faint|p4b: Dusknoir\n|move|p2a: Miltank|Milk Drink|p2a: Miltank\n|-heal|p2a: Miltank|304\/304\n|move|p3b: Zarude|Power Whip|p2a: Miltank\n|-damage|p2a: Miltank|241\/304\n|\n|-damage|p3b: Zarude|105\/299 brn|[from] brn\n|upkeep\n|inactive|ZorroBS has 270 seconds left.\n|j| TheOfficialNVC\n|\n|t:|1664139214\n|switch|p4b: Swampert|Swampert, L86, F|312\/312\n|turn|6\n|\n|t:|1664139225\n|move|p4b: Swampert|Protect|p4b: Swampert\n|-singleturn|p4b: Swampert|Protect\n|move|p1a: Mandibuzz|Foul Play|p4b: Swampert\n|-activate|p4b: Swampert|move: Protect\n|move|p2a: Miltank|Body Slam|p4b: Swampert\n|-activate|p4b: Swampert|move: Protect\n|move|p3b: Zarude|Power Whip|p4b: Swampert\n|-activate|p4b: Swampert|move: Protect\n|\n|-damage|p3b: Zarude|87\/299 brn|[from] brn\n|-end|p3b: Zarude|move: Taunt\n|upkeep\n|turn|7\n|inactive|ZorroBS has 270 seconds left.\n|\n|t:|1664139274\n|move|p1a: Mandibuzz|Foul Play|p4b: Swampert\n|-damage|p4b: Swampert|195\/312\n|move|p2a: Miltank|Body Slam|p4b: Swampert\n|-damage|p4b: Swampert|116\/312\n|-enditem|p4b: Swampert|Sitrus Berry|[eat]\n|-heal|p4b: Swampert|194\/312|[from] item: Sitrus Berry\n|move|p3b: Zarude|Rock Slide|p2a: Miltank|[spread] p1a,p2a,p4b\n|-supereffective|p1a: Mandibuzz\n|-resisted|p4b: Swampert\n|-damage|p1a: Mandibuzz|264\/337\n|-damage|p2a: Miltank|230\/304\n|-damage|p4b: Swampert|187\/312\n|cant|p4b: Swampert|flinch\n|\n|-damage|p3b: Zarude|69\/299 brn|[from] brn\n|-sideend|p1: shiawasenostory|move: Tailwind\n|upkeep\n|turn|8\n|inactive|ZorroBS has 270 seconds left.\n|\n|t:|1664139296\n|move|p3b: Zarude|Protect|p3b: Zarude\n|-singleturn|p3b: Zarude|Protect\n|move|p4b: Swampert|Protect|p4b: Swampert\n|-singleturn|p4b: Swampert|Protect\n|move|p2a: Miltank|Body Slam|p4b: Swampert\n|-activate|p4b: Swampert|move: Protect\n|move|p1a: Mandibuzz|Foul Play|p4b: Swampert\n|-activate|p4b: Swampert|move: Protect\n|\n|-damage|p3b: Zarude|51\/299 brn|[from] brn\n|upkeep\n|turn|9\n|inactive|shiawasenostory has 270 seconds left.\n|\n|t:|1664139335\n|move|p2a: Miltank|Body Slam|p4b: Swampert\n|-damage|p4b: Swampert|108\/312\n|move|p3b: Zarude|Power Whip|p4b: Swampert\n|-supereffective|p4b: Swampert\n|-damage|p4b: Swampert|0 fnt\n|faint|p4b: Swampert\n|move|p1a: Mandibuzz|Foul Play|p4: Swampert|[notarget]\n|-fail|p1a: Mandibuzz\n|\n|-damage|p3b: Zarude|33\/299 brn|[from] brn\n|upkeep\n|inactive|ZorroBS has 270 seconds left.\n|\n|t:|1664139346\n|switch|p4b: Glalie|Glalie, L84, F|271\/271\n|turn|10\n|\n|t:|1664139364\n|move|p4b: Glalie|Protect|p4b: Glalie\n|-singleturn|p4b: Glalie|Protect\n|move|p2a: Miltank|Body Press|p4b: Glalie\n|-activate|p4b: Glalie|move: Protect\n|move|p3b: Zarude|Rock Slide|p1a: Mandibuzz|[spread] p1a,p2a\n|-activate|p4b: Glalie|move: Protect\n|-supereffective|p1a: Mandibuzz\n|-damage|p1a: Mandibuzz|239\/337\n|-damage|p2a: Miltank|218\/304\n|move|p1a: Mandibuzz|Taunt|p4b: Glalie\n|-activate|p4b: Glalie|move: Protect\n|\n|-damage|p3b: Zarude|15\/299 brn|[from] brn\n|-ability|p4b: Glalie|Moody|boost\n|-boost|p4b: Glalie|atk|2\n|-unboost|p4b: Glalie|spe|1\n|upkeep\n|turn|11\n|l| Symes\n|inactive|ZorroBS has 270 seconds left.\n|\n|t:|1664139399\n|move|p2a: Miltank|Body Press|p4b: Glalie\n|-supereffective|p4b: Glalie\n|-damage|p4b: Glalie|139\/271\n|move|p3b: Zarude|Rock Slide|p2a: Miltank|[spread] p1a,p2a,p4b\n|-supereffective|p1a: Mandibuzz\n|-supereffective|p4b: Glalie\n|-damage|p1a: Mandibuzz|217\/337\n|-damage|p2a: Miltank|207\/304\n|-damage|p4b: Glalie|107\/271\n|move|p1a: Mandibuzz|Taunt|p4b: Glalie\n|-start|p4b: Glalie|move: Taunt\n|move|p4b: Glalie|Freeze-Dry|p1a: Mandibuzz\n|-supereffective|p1a: Mandibuzz\n|-damage|p1a: Mandibuzz|101\/337\n|-enditem|p1a: Mandibuzz|Sitrus Berry|[eat]\n|-heal|p1a: Mandibuzz|185\/337|[from] item: Sitrus Berry\n|\n|-heal|p4b: Glalie|123\/271|[from] item: Leftovers\n|-damage|p3b: Zarude|0 fnt|[from] brn\n|faint|p3b: Zarude\n|-ability|p4b: Glalie|Moody|boost\n|-boost|p4b: Glalie|atk|2\n|-unboost|p4b: Glalie|spe|1\n|upkeep\n|\n|t:|1664139425\n|switch|p3b: Aerodactyl|Aerodactyl, L82, M|265\/265\n|-ability|p3b: Aerodactyl|Unnerve\n|turn|12\n|inactive|ZorroBS has 270 seconds left.\n|\n|t:|1664139460\n|switch|p4b: Slowking|Slowking-Galar, L86, M|304\/304\n|move|p3b: Aerodactyl|Rock Slide|p1a: Mandibuzz|[spread] p1a,p4b\n|-miss|p3b: Aerodactyl|p2a: Miltank\n|-supereffective|p1a: Mandibuzz\n|-damage|p1a: Mandibuzz|107\/337\n|-damage|p4b: Slowking|249\/304\n|-damage|p3b: Aerodactyl|239\/265|[from] item: Life Orb\n|move|p2a: Miltank|Body Press|p4b: Slowking\n|-resisted|p4b: Slowking\n|-damage|p4b: Slowking|233\/304\n|cant|p1a: Mandibuzz|flinch\n|\n|upkeep\n|turn|13\n|inactive|ThiccKiwiDotCom has 270 seconds left.\n|\n|t:|1664139508\n|move|p3b: Aerodactyl|Dragon Dance|p3b: Aerodactyl\n|-boost|p3b: Aerodactyl|atk|1\n|-boost|p3b: Aerodactyl|spe|1\n|move|p2a: Miltank|Body Slam|p4b: Slowking\n|-damage|p4b: Slowking|146\/304\n|move|p1a: Mandibuzz|Foul Play|p4b: Slowking\n|-supereffective|p4b: Slowking\n|-crit|p4b: Slowking\n|-damage|p4b: Slowking|0 fnt\n|faint|p4b: Slowking\n|\n|upkeep\n|inactive|ZorroBS has 270 seconds left.\n|\n|t:|1664139520\n|switch|p4b: Zacian|Zacian, L72|251\/251\n|-ability|p4b: Zacian|Intrepid Sword|boost\n|-boost|p4b: Zacian|atk|1\n|turn|14\n|inactive|ThiccKiwiDotCom has 270 seconds left.\n|inactive|ZorroBS has 270 seconds left.\n|\n|t:|1664139551\n|move|p3b: Aerodactyl|Dual Wingbeat|p2a: Miltank\n|-damage|p2a: Miltank|141\/304\n|-damage|p2a: Miltank|73\/304\n|-hitcount|p2a: Miltank|2\n|-damage|p3b: Aerodactyl|213\/265|[from] item: Life Orb\n|move|p4b: Zacian|Play Rough|p1a: Mandibuzz\n|-supereffective|p1a: Mandibuzz\n|-damage|p1a: Mandibuzz|0 fnt\n|faint|p1a: Mandibuzz\n|move|p2a: Miltank|Body Slam|p4b: Zacian\n|-damage|p4b: Zacian|169\/251\n|\n|upkeep\n|\n|t:|1664139563\n|switch|p1a: Weezing|Weezing-Galar, L89, F|260\/260\n|turn|15\n|j| Scepster\n|\n|t:|1664139583\n|move|p4b: Zacian|Protect|p4b: Zacian\n|-singleturn|p4b: Zacian|Protect\n|move|p2a: Miltank|Protect|p2a: Miltank\n|-singleturn|p2a: Miltank|Protect\n|move|p3b: Aerodactyl|Rock Slide|p4b: Zacian|[spread] p1a\n|-activate|p2a: Miltank|move: Protect\n|-activate|p4b: Zacian|move: Protect\n|-damage|p1a: Weezing|205\/260\n|-damage|p3b: Aerodactyl|187\/265|[from] item: Life Orb\n|move|p1a: Weezing|Will-O-Wisp|p4b: Zacian\n|-activate|p4b: Zacian|move: Protect\n|\n|upkeep\n|turn|16\n|inactive|ZorroBS has 270 seconds left.\n|inactive|Fernanch has 270 seconds left.\n|\n|t:|1664139627\n|move|p3b: Aerodactyl|Rock Slide|p1a: Weezing|[spread] p1a,p2a,p4b\n|-crit|p1a: Weezing\n|-damage|p1a: Weezing|119\/260\n|-damage|p2a: Miltank|2\/304\n|-damage|p4b: Zacian|91\/251\n|-damage|p3b: Aerodactyl|161\/265|[from] item: Life Orb\n|move|p4b: Zacian|Play Rough|p3b: Aerodactyl|[miss]\n|-miss|p4b: Zacian|p3b: Aerodactyl\n|move|p2a: Miltank|Milk Drink|p2a: Miltank\n|-heal|p2a: Miltank|154\/304\n|cant|p1a: Weezing|flinch\n|\n|upkeep\n|turn|17\n|\n|t:|1664139652\n|move|p4b: Zacian|Protect|p4b: Zacian\n|-singleturn|p4b: Zacian|Protect\n|move|p3b: Aerodactyl|Dual Wingbeat|p4b: Zacian\n|-activate|p4b: Zacian|move: Protect\n|move|p2a: Miltank|Body Press|p3b: Aerodactyl\n|-damage|p3b: Aerodactyl|79\/265\n|move|p1a: Weezing|Will-O-Wisp|p4b: Zacian\n|-activate|p4b: Zacian|move: Protect\n|\n|upkeep\n|turn|18\n|\n|t:|1664139682\n|move|p3b: Aerodactyl|Rock Slide|p1a: Weezing|[spread] p1a,p2a,p4b\n|-damage|p1a: Weezing|63\/260\n|-damage|p2a: Miltank|90\/304\n|-damage|p4b: Zacian|13\/251\n|-damage|p3b: Aerodactyl|53\/265|[from] item: Life Orb\n|move|p4b: Zacian|Play Rough|p3b: Aerodactyl\n|-damage|p3b: Aerodactyl|0 fnt\n|-enditem|p4b: Zacian|Sitrus Berry|[eat]\n|-heal|p4b: Zacian|75\/251|[from] item: Sitrus Berry\n|-enditem|p2a: Miltank|Sitrus Berry|[eat]\n|-heal|p2a: Miltank|166\/304|[from] item: Sitrus Berry\n|-enditem|p1a: Weezing|Sitrus Berry|[eat]\n|-heal|p1a: Weezing|128\/260|[from] item: Sitrus Berry\n|faint|p3b: Aerodactyl\n|cant|p2a: Miltank|flinch\n|move|p1a: Weezing|Will-O-Wisp|p4b: Zacian\n|-status|p4b: Zacian|brn\n|\n|-damage|p4b: Zacian|60\/251 brn|[from] brn\n|upkeep\n|\n|t:|1664139705\n|switch|p3b: Gengar|Gengar, L86, F|243\/243\n|turn|19\n|\n|t:|1664139726\n|move|p4b: Zacian|Protect|p4b: Zacian\n|-singleturn|p4b: Zacian|Protect\n|move|p3b: Gengar|Shadow Ball|p1a: Weezing\n|-damage|p1a: Weezing|13\/260\n|move|p2a: Miltank|Milk Drink|p2a: Miltank\n|-heal|p2a: Miltank|304\/304\n|move|p1a: Weezing|Pain Split|p3b: Gengar\n|-sethp|p3b: Gengar|128\/243|[from] move: Pain Split|[silent]\n|-sethp|p1a: Weezing|128\/260|[from] move: Pain Split\n|\n|-damage|p4b: Zacian|45\/251 brn|[from] brn\n|upkeep\n|turn|20\n|inactive|shiawasenostory has 270 seconds left.\n|inactive|ZorroBS has 270 seconds left.\n|inactive|ThiccKiwiDotCom has 270 seconds left.\n|inactive|ThiccKiwiDotCom has 240 seconds left.\n|\n|t:|1664139806\n|move|p3b: Gengar|Protect|p3b: Gengar\n|-singleturn|p3b: Gengar|Protect\n|move|p4b: Zacian|Play Rough|p1a: Weezing\n|-resisted|p1a: Weezing\n|-damage|p1a: Weezing|104\/260\n|move|p2a: Miltank|Body Slam|p4b: Zacian\n|-damage|p4b: Zacian|0 fnt\n|faint|p4b: Zacian\n|move|p1a: Weezing|Strange Steam|p3b: Gengar\n|-activate|p3b: Gengar|move: Protect\n|\n|upkeep\n|j| buhritWholesome\n|\n|t:|1664139817\n|switch|p4b: Glalie|Glalie, L84, F|123\/271\n|turn|21\n|\n|t:|1664139834\n|move|p4b: Glalie|Protect|p4b: Glalie\n|-singleturn|p4b: Glalie|Protect\n|move|p3b: Gengar|Shadow Ball|p1a: Weezing\n|-damage|p1a: Weezing|0 fnt\n|faint|p1a: Weezing\n|move|p2a: Miltank|Body Press|p4b: Glalie\n|-activate|p4b: Glalie|move: Protect\n|\n|-heal|p4b: Glalie|139\/271|[from] item: Leftovers\n|-ability|p4b: Glalie|Moody|boost\n|-boost|p4b: Glalie|spe|2\n|-unboost|p4b: Glalie|spd|1\n|upkeep\n|\n|t:|1664139848\n|switch|p1a: Tornadus|Tornadus-Therian, L80, M|258\/258\n|turn|22\n|\n|t:|1664139855\n|-start|p1a: Tornadus|Dynamax|\n|-heal|p1a: Tornadus|516\/516|[silent]\n|move|p4b: Glalie|Substitute|p4b: Glalie\n|-start|p4b: Glalie|Substitute\n|-damage|p4b: Glalie|72\/271\n|move|p1a: Tornadus|Max Airstream|p4b: Glalie\n|-end|p4b: Glalie|Substitute\n|-boost|p1a: Tornadus|spe|1\n|move|p3b: Gengar|Shadow Ball|p4b: Glalie\n|-damage|p4b: Glalie|0 fnt\n|faint|p4b: Glalie\n|move|p2a: Miltank|Body Press|p4: Glalie|[notarget]\n|-fail|p2a: Miltank\n|\n|upkeep\n|\n|t:|1664139869\n|switch|p4b: Kingdra|Kingdra, L82, F|257\/257\n|turn|23\n|\n|t:|1664139887\n|-start|p4b: Kingdra|Dynamax|\n|-heal|p4b: Kingdra|514\/514|[silent]\n|move|p1a: Tornadus|Max Airstream|p4b: Kingdra\n|-crit|p4b: Kingdra\n|-damage|p4b: Kingdra|306\/514\n|-boost|p1a: Tornadus|spe|1\n|move|p3b: Gengar|Shadow Ball|p1a: Tornadus\n|-damage|p1a: Tornadus|396\/516\n|-unboost|p1a: Tornadus|spd|1\n|move|p2a: Miltank|Body Slam|p4b: Kingdra\n|-damage|p4b: Kingdra|219\/514\n|move|p4b: Kingdra|Max Geyser|p3b: Gengar\n|-damage|p3b: Gengar|0 fnt\n|-weather|RainDance\n|faint|p3b: Gengar\n|-damage|p4b: Kingdra|194\/514|[from] item: Life Orb\n|\n|-weather|RainDance|[upkeep]\n|upkeep\n|\n|t:|1664139907\n|switch|p3b: Sharpedo|Sharpedo, L84, F|255\/255\n|turn|24\n|\n|t:|1664139920\n|move|p1a: Tornadus|Max Airstream|p4b: Kingdra\n|-damage|p4b: Kingdra|49\/514\n|-boost|p1a: Tornadus|spe|1\n|move|p4b: Kingdra|Max Geyser|p2a: Miltank\n|-damage|p2a: Miltank|0 fnt\n|faint|p2a: Miltank\n|-damage|p4b: Kingdra|24\/514|[from] item: Life Orb\n|move|p3b: Sharpedo|Waterfall|p1a: Tornadus\n|-damage|p1a: Tornadus|138\/516\n|-enditem|p1a: Tornadus|Sitrus Berry|[eat]\n|-heal|p1a: Tornadus|202\/516|[from] item: Sitrus Berry\n|\n|-weather|RainDance|[upkeep]\n|-ability|p3b: Sharpedo|Speed Boost|boost\n|-boost|p3b: Sharpedo|spe|1\n|upkeep\n|\n|t:|1664139945\n|switch|p2a: Tapu Bulu|Tapu Bulu, L83|252\/252\n|-fieldstart|move: Grassy Terrain|[from] ability: Grassy Surge|[of] p2a: Tapu Bulu\n|-end|p1a: Tornadus|Dynamax\n|-heal|p1a: Tornadus|101\/258|[silent]\n|turn|25\n|\n|t:|1664139963\n|move|p4b: Kingdra|Max Guard|p4b: Kingdra\n|-singleturn|p4b: Kingdra|Max Guard\n|move|p1a: Tornadus|Hurricane|p4b: Kingdra\n|-activate|p4b: Kingdra|move: Max Guard\n|move|p3b: Sharpedo|Waterfall|p1a: Tornadus\n|-damage|p1a: Tornadus|0 fnt\n|faint|p1a: Tornadus\n|move|p2a: Tapu Bulu|Wood Hammer|p3b: Sharpedo\n|-supereffective|p3b: Sharpedo\n|-damage|p3b: Sharpedo|0 fnt\n|faint|p3b: Sharpedo\n|-damage|p2a: Tapu Bulu|168\/252|[from] Recoil\n|\n|-weather|RainDance|[upkeep]\n|-heal|p4b: Kingdra|40\/514|[from] Grassy Terrain\n|-heal|p2a: Tapu Bulu|183\/252|[from] Grassy Terrain\n|upkeep\n|\n|t:|1664139975\n|switch|p1a: Dragalge|Dragalge, L86, M|252\/252\n|switch|p3b: Blastoise|Blastoise, L80, M|258\/258\n|-end|p4b: Kingdra|Dynamax\n|-heal|p4b: Kingdra|20\/257|[silent]\n|turn|26\n|inactive|ZorroBS has 270 seconds left.\n|\n|t:|1664140006\n|-start|p2a: Tapu Bulu|Dynamax|\n|-heal|p2a: Tapu Bulu|366\/504|[silent]\n|move|p3b: Blastoise|Protect|p3b: Blastoise\n|-singleturn|p3b: Blastoise|Protect\n|move|p1a: Dragalge|Protect|p1a: Dragalge\n|-singleturn|p1a: Dragalge|Protect\n|move|p4b: Kingdra|Draco Meteor|p3b: Blastoise\n|-activate|p3b: Blastoise|move: Protect\n|move|p2a: Tapu Bulu|Max Overgrowth|p4b: Kingdra\n|-damage|p4b: Kingdra|0 fnt\n|faint|p4b: Kingdra\n|\n|-weather|RainDance|[upkeep]\n|-heal|p2a: Tapu Bulu|381\/504|[from] Grassy Terrain\n|upkeep\n|turn|27\n|inactive|ThiccKiwiDotCom has 270 seconds left.\n|\n|t:|1664140028\n|-start|p3b: Blastoise|Dynamax|\n|-heal|p3b: Blastoise|516\/516|[silent]\n|move|p2a: Tapu Bulu|Max Overgrowth|p3b: Blastoise\n|-supereffective|p3b: Blastoise\n|-damage|p3b: Blastoise|52\/516\n|move|p3b: Blastoise|Max Hailstorm|p1a: Dragalge\n|-supereffective|p1a: Dragalge\n|-damage|p1a: Dragalge|144\/252\n|-weather|Hail\n|move|p1a: Dragalge|Sludge Bomb|p3b: Blastoise\n|-damage|p3b: Blastoise|0 fnt\n|faint|p3b: Blastoise\n|\n|-weather|Hail|[upkeep]\n|-damage|p2a: Tapu Bulu|366\/504|[from] Hail\n|-damage|p1a: Dragalge|129\/252|[from] Hail\n|-heal|p2a: Tapu Bulu|381\/504|[from] Grassy Terrain\n|-heal|p1a: Dragalge|144\/252|[from] Grassy Terrain\n|upkeep\n|turn|28\n|-message|Fernanch forfeited.\n|l|\u2606Fernanch\n|inactive|shiawasenostory has 270 seconds left.\n|-message|ZorroBS forfeited.\n|l|\u2606ZorroBS\n|inactive|ThiccKiwiDotCom has 240 seconds left.\n|\n|t:|1664140060\n|move|p1a: Dragalge|Protect|p1a: Dragalge\n|-singleturn|p1a: Dragalge|Protect\n|move|p2a: Tapu Bulu|Max Quake|p1a: Dragalge\n|-supereffective|p1a: Dragalge\n|-zbroken|p1a: Dragalge\n|-damage|p1a: Dragalge|90\/252\n|-boost|p2a: Tapu Bulu|spd|1\n|-enditem|p1a: Dragalge|Sitrus Berry|[eat]\n|-heal|p1a: Dragalge|153\/252|[from] item: Sitrus Berry\n|\n|-weather|Hail|[upkeep]\n|-damage|p2a: Tapu Bulu|366\/504|[from] Hail\n|-damage|p1a: Dragalge|138\/252|[from] Hail\n|-heal|p2a: Tapu Bulu|381\/504|[from] Grassy Terrain\n|-heal|p1a: Dragalge|153\/252|[from] Grassy Terrain\n|upkeep\n|-end|p2a: Tapu Bulu|Dynamax\n|-heal|p2a: Tapu Bulu|191\/252|[silent]\n|turn|29\n|l| TheOfficialNVC\n|-message|shiawasenostory forfeited.\n|faint|p1a: Dragalge\n|\n|win|ThiccKiwiDotCom\n|l| Scepster\n","inputlog":">version 806e56ea67f2f748d4b403b3f5b33d56e25d3f7a\n>start {\"formatid\":\"gen8freeforallrandombattle\",\"seed\":[16425,35406,26743,22205]}\n>player p1 {\"name\":\"shiawasenostory\",\"avatar\":\"winona\",\"rating\":0,\"seed\":[6951,38674,51796,1592]}\n>player p2 {\"name\":\"ThiccKiwiDotCom\",\"avatar\":\"guitarist\",\"rating\":0,\"seed\":[4639,23034,16964,62186]}\n>player p3 {\"name\":\"Fernanch\",\"avatar\":\"hilbert\",\"team\":\"\",\"seed\":[15735,51198,27040,17388]}\n>player p4 {\"name\":\"ZorroBS\",\"avatar\":266,\"team\":\"\",\"seed\":[59022,59794,52182,58897]}\n>p1 move earthpower\n>p2 switch 5\n>p3 move protect\n>p4 move poltergeist\n>p1 switch 3\n>p1 move foulplay\n>p2 move protect\n>p3 move flareblitz\n>p4 move earthquake\n>p3 switch 6\n>p1 move taunt\n>p2 move bodypress\n>p3 move rockslide\n>p4 move willowisp\n>p1 move tailwind\n>p2 move bodypress\n>p3 move powerwhip\n>p4 move willowisp\n>p1 move foulplay\n>p2 move milkdrink\n>p3 move powerwhip\n>p4 move willowisp\n>p4 switch 3\n>p1 move foulplay\n>p2 move bodyslam\n>p3 move powerwhip\n>p4 move protect\n>p1 move foulplay\n>p2 move bodyslam\n>p3 move rockslide\n>p4 move highhorsepower\n>p1 move foulplay\n>p2 move bodyslam\n>p3 move protect\n>p4 move protect\n>p1 move foulplay\n>p2 move bodyslam\n>p3 move powerwhip\n>p4 move muddywater\n>p4 switch 5\n>p1 move taunt\n>p2 move bodypress\n>p3 move rockslide\n>p4 move protect\n>p1 move taunt\n>p2 move bodypress\n>p3 move rockslide\n>p4 move freezedry\n>p3 switch 2\n>p1 move foulplay\n>p2 move bodypress\n>p3 move rockslide\n>p4 switch 6\n>p1 move foulplay\n>p2 move bodyslam\n>p3 move dragondance\n>p4 move sludgebomb\n>p4 switch 4\n>p1 move foulplay\n>p2 move bodyslam\n>p3 move dualwingbeat\n>p4 move playrough\n>p1 switch 6\n>p1 move willowisp\n>p2 move protect\n>p3 move rockslide\n>p4 move protect\n>p1 move willowisp\n>p2 move milkdrink\n>p3 move rockslide\n>p4 move playrough\n>p1 move willowisp\n>p2 move bodypress\n>p3 move dualwingbeat\n>p4 move protect\n>p1 move willowisp\n>p2 move milkdrink\n>p3 move rockslide\n>p4 move playrough\n>p3 switch 3\n>p1 move painsplit\n>p2 move milkdrink\n>p3 move shadowball\n>p4 move protect\n>p1 move strangesteam\n>p2 move bodyslam\n>p3 move protect\n>p4 move playrough\n>p4 switch 6\n>p1 move strangesteam\n>p2 move bodypress\n>p3 move shadowball\n>p4 move protect\n>p1 switch 4\n>p1 move hurricane dynamax\n>p2 move bodypress\n>p3 move shadowball\n>p4 move substitute\n>p4 switch 2\n>p1 move hurricane dynamax\n>p2 move bodyslam\n>p3 move shadowball\n>p4 move hydropump dynamax\n>p3 switch 4\n>p1 move hurricane dynamax\n>p2 move bodypress\n>p3 move waterfall\n>p4 move hydropump dynamax\n>p2 switch 3\n>p1 move hurricane\n>p2 move woodhammer\n>p3 move waterfall\n>p4 move raindance dynamax\n>p1 switch 5\n>p3 switch 5\n>p1 move protect\n>p2 move woodhammer dynamax\n>p3 move protect\n>p4 move dracometeor\n>p1 move sludgebomb\n>p2 move woodhammer dynamax\n>p3 move icebeam dynamax\n>forcelose p3\n>forcelose p4\n>p1 move protect\n>p2 move highhorsepower dynamax\n>forcelose p1","uploadtime":1664140092,"views":6,"p1id":"shiawasenostory","p2id":"thicckiwidotcom","formatid":"gen8freeforallrandombattle","rating":0,"private":0,"password":null}