{"id":"gen8cap-1685836806","p1":"Gaboswampert","p2":"LoSconosciuto","format":"gen8cap","log":"|j|\u2606Gaboswampert\n|j|\u2606LoSconosciuto\n|t:|1665774414\n|gametype|singles\n|player|p1|Gaboswampert|grimsley-gen7|\n|player|p2|LoSconosciuto|#teamgapdos|\n|teamsize|p1|6\n|teamsize|p2|6\n|gen|8\n|tier|[Gen 8] CAP\n|rule|Sleep Clause Mod: Limit one foe put to sleep\n|rule|Species Clause: Limit one of each Pok\u00e9mon\n|rule|OHKO Clause: OHKO moves are banned\n|rule|Evasion Items Clause: Evasion items are banned\n|rule|Evasion Moves Clause: Evasion moves are banned\n|rule|Endless Battle Clause: Forcing endless battles is banned\n|rule|HP Percentage Mod: HP is shown in percentages\n|rule|Dynamax Clause: You cannot dynamax\n|clearpoke\n|poke|p1|Regieleki|\n|poke|p1|Revenankh, F|\n|poke|p1|Zapdos|\n|poke|p1|Weavile, F|\n|poke|p1|Landorus-Therian, M|\n|poke|p1|Heatran, M|\n|poke|p2|Zapdos-Galar|\n|poke|p2|Colossoil, M|\n|poke|p2|Stratagem|\n|poke|p2|Torkoal, M|\n|poke|p2|Weavile, M|\n|poke|p2|Venusaur, M|\n|teampreview\n|inactive|Battle timer is ON: inactive players will automatically lose when time's up. (requested by LoSconosciuto)\n|j| Canova\n|c|\u2606Gaboswampert|Glhf!\n|j| Figull400\n|c|\u2606LoSconosciuto|hf\n|j| paolode99\n|c| paolode99|no cap pello\n|inactive|Gaboswampert has 270 seconds left.\n|inactive|LoSconosciuto has 270 seconds left.\n|inactive|LoSconosciuto has 240 seconds left.\n|j| giove97\n|\n|t:|1665774486\n|start\n|switch|p1a: Gaismagorm|Landorus-Therian, M|100\/100\n|switch|p2a: Ol' Reliable|Stratagem, shiny|100\/100\n|-ability|p1a: Gaismagorm|Intimidate|boost\n|-unboost|p2a: Ol' Reliable|atk|1\n|turn|1\n|l| Figull400\n|\n|t:|1665774505\n|move|p2a: Ol' Reliable|Meteor Beam||[still]\n|-prepare|p2a: Ol' Reliable|Meteor Beam\n|-boost|p2a: Ol' Reliable|spa|1\n|-enditem|p2a: Ol' Reliable|Power Herb\n|-anim|p2a: Ol' Reliable|Meteor Beam|p1a: Gaismagorm\n|-enditem|p1a: Gaismagorm|Focus Sash\n|-damage|p1a: Gaismagorm|1\/100\n|move|p1a: Gaismagorm|Stealth Rock|p2a: Ol' Reliable\n|-sidestart|p2: LoSconosciuto|move: Stealth Rock\n|\n|upkeep\n|turn|2\n|j| waffle2O22\n|\n|t:|1665774516\n|move|p2a: Ol' Reliable|Paleo Wave|p1a: Gaismagorm\n|-damage|p1a: Gaismagorm|0 fnt\n|faint|p1a: Gaismagorm\n|\n|upkeep\n|\n|t:|1665774521\n|switch|p1a: Magala|Revenankh, F, shiny|100\/100\n|turn|3\n|\n|t:|1665774530\n|switch|p2a: Mount Kimble|Zapdos-Galar, shiny|100\/100\n|-damage|p2a: Mount Kimble|88\/100|[from] Stealth Rock\n|move|p1a: Magala|Drain Punch|p2a: Mount Kimble\n|-resisted|p2a: Mount Kimble\n|-damage|p2a: Mount Kimble|68\/100\n|\n|upkeep\n|turn|4\n|\n|t:|1665774549\n|switch|p1a: Astalos|Zapdos, shiny|100\/100\n|move|p2a: Mount Kimble|U-turn|p1a: Astalos\n|-resisted|p1a: Astalos\n|-damage|p1a: Astalos|81\/100\n|j| MOHAMEDALL\n|inactive|LoSconosciuto has 270 seconds left.\n|\n|t:|1665774579\n|switch|p2a: 99 areas|Colossoil, M, shiny|100\/100|[from]move: U-turn\n|-damage|p2a: 99 areas|94\/100|[from] Stealth Rock\n|\n|upkeep\n|turn|5\n|\n|t:|1665774593\n|move|p2a: 99 areas|Rapid Spin|p1a: Astalos\n|-damage|p1a: Astalos|66\/100\n|-boost|p2a: 99 areas|spe|1\n|-sideend|p2: LoSconosciuto|Stealth Rock|[from] move: Rapid Spin|[of] p2a: 99 areas\n|move|p1a: Astalos|Hurricane|p2a: 99 areas\n|-damage|p2a: 99 areas|59\/100\n|-start|p2a: 99 areas|confusion\n|\n|upkeep\n|turn|6\n|\n|t:|1665774606\n|switch|p2a: Ol' Reliable|Stratagem, shiny|100\/100\n|move|p1a: Astalos|Roost|p1a: Astalos\n|-heal|p1a: Astalos|100\/100\n|-singleturn|p1a: Astalos|move: Roost\n|\n|upkeep\n|turn|7\n|\n|t:|1665774623\n|move|p2a: Ol' Reliable|Paleo Wave|p1a: Astalos\n|-supereffective|p1a: Astalos\n|-damage|p1a: Astalos|21\/100\n|-unboost|p1a: Astalos|atk|1\n|move|p1a: Astalos|Discharge|p2a: Ol' Reliable\n|-damage|p2a: Ol' Reliable|46\/100\n|\n|upkeep\n|turn|8\n|\n|t:|1665774632\n|switch|p1a: Rakna-Kadaki|Heatran, M|100\/100\n|move|p2a: Ol' Reliable|Paleo Wave|p1a: Rakna-Kadaki\n|-damage|p1a: Rakna-Kadaki|74\/100\n|\n|upkeep\n|turn|9\n|inactive|LoSconosciuto has 270 seconds left.\n|inactive|Gaboswampert has 270 seconds left.\n|\n|t:|1665774678\n|move|p2a: Ol' Reliable|Paleo Wave|p1a: Rakna-Kadaki\n|-damage|p1a: Rakna-Kadaki|46\/100\n|-unboost|p1a: Rakna-Kadaki|atk|1\n|move|p1a: Rakna-Kadaki|Magma Storm|p2a: Ol' Reliable\n|-resisted|p2a: Ol' Reliable\n|-damage|p2a: Ol' Reliable|16\/100\n|-activate|p2a: Ol' Reliable|move: Magma Storm|[of] p1a: Rakna-Kadaki\n|\n|-damage|p2a: Ol' Reliable|4\/100|[from] move: Magma Storm|[partiallytrapped]\n|upkeep\n|turn|10\n|inactive|Gaboswampert has 270 seconds left.\n|\n|t:|1665774699\n|move|p2a: Ol' Reliable|Paleo Wave|p1a: Rakna-Kadaki\n|-damage|p1a: Rakna-Kadaki|21\/100\n|move|p1a: Rakna-Kadaki|Taunt|p2a: Ol' Reliable\n|-start|p2a: Ol' Reliable|move: Taunt\n|\n|-damage|p2a: Ol' Reliable|0 fnt|[from] move: Magma Storm|[partiallytrapped]\n|faint|p2a: Ol' Reliable\n|upkeep\n|\n|t:|1665774707\n|switch|p2a: 99 areas|Colossoil, M, shiny|59\/100\n|turn|11\n|inactive|Gaboswampert has 270 seconds left.\n|\n|t:|1665774717\n|switch|p1a: Astalos|Zapdos, shiny|21\/100\n|move|p2a: 99 areas|Knock Off|p1a: Astalos\n|-damage|p1a: Astalos|0 fnt\n|-enditem|p1a: Astalos|Heavy-Duty Boots|[from] move: Knock Off|[of] p2a: 99 areas\n|faint|p1a: Astalos\n|\n|upkeep\n|inactive|Gaboswampert has 270 seconds left.\n|\n|t:|1665774730\n|switch|p1a: Magala|Revenankh, F, shiny|100\/100\n|turn|12\n|\n|t:|1665774735\n|switch|p2a: Mount Kimble|Zapdos-Galar, shiny|68\/100\n|move|p1a: Magala|Bulk Up|p1a: Magala\n|-boost|p1a: Magala|atk|1\n|-boost|p1a: Magala|def|1\n|\n|upkeep\n|turn|13\n|inactive|Gaboswampert has 270 seconds left.\n|\n|t:|1665774752\n|move|p2a: Mount Kimble|Drill Peck|p1a: Magala\n|-supereffective|p1a: Magala\n|-damage|p1a: Magala|19\/100\n|move|p1a: Magala|Poltergeist|p2a: Mount Kimble\n|-activate|p2a: Mount Kimble|move: Poltergeist|Choice Band\n|-damage|p2a: Mount Kimble|0 fnt\n|faint|p2a: Mount Kimble\n|\n|upkeep\n|inactive|LoSconosciuto has 270 seconds left.\n|\n|t:|1665774786\n|switch|p2a: Mt. Ember|Torkoal, M, shiny|100\/100\n|-weather|SunnyDay|[from] ability: Drought|[of] p2a: Mt. Ember\n|turn|14\n|\n|t:|1665774798\n|move|p1a: Magala|Drain Punch|p2a: Mt. Ember\n|-damage|p2a: Mt. Ember|72\/100\n|-heal|p1a: Magala|33\/100|[from] drain|[of] p2a: Mt. Ember\n|move|p2a: Mt. Ember|Lava Plume|p1a: Magala\n|-damage|p1a: Magala|7\/100\n|-status|p1a: Magala|brn\n|\n|-weather|SunnyDay|[upkeep]\n|-damage|p1a: Magala|1\/100 brn|[from] brn\n|upkeep\n|turn|15\n|\n|t:|1665774810\n|move|p1a: Magala|Poltergeist|p2a: Mt. Ember\n|-activate|p2a: Mt. Ember|move: Poltergeist|Heat Rock\n|-damage|p2a: Mt. Ember|48\/100\n|move|p2a: Mt. Ember|Stealth Rock|p1a: Magala\n|-sidestart|p1: Gaboswampert|move: Stealth Rock\n|\n|-weather|SunnyDay|[upkeep]\n|-damage|p1a: Magala|0 fnt|[from] brn\n|faint|p1a: Magala\n|upkeep\n|inactive|Gaboswampert has 270 seconds left.\n|\n|t:|1665774824\n|switch|p1a: Ibushi|Regieleki, shiny|100\/100\n|-damage|p1a: Ibushi|88\/100|[from] Stealth Rock\n|turn|16\n|inactive|Gaboswampert has 270 seconds left.\n|\n|t:|1665774844\n|switch|p2a: 99 areas|Colossoil, M, shiny|59\/100\n|move|p1a: Ibushi|Rapid Spin|p2a: 99 areas\n|-damage|p2a: 99 areas|45\/100\n|-boost|p1a: Ibushi|spe|1\n|-sideend|p1: Gaboswampert|Stealth Rock|[from] move: Rapid Spin|[of] p1a: Ibushi\n|\n|-weather|SunnyDay|[upkeep]\n|upkeep\n|turn|17\n|\n|t:|1665774858\n|move|p1a: Ibushi|Reflect|p1a: Ibushi\n|-sidestart|p1: Gaboswampert|Reflect\n|move|p2a: 99 areas|U-turn|p1a: Ibushi\n|-damage|p1a: Ibushi|70\/100\n|inactive|LoSconosciuto has 270 seconds left.\n|l| giove97\n|\n|t:|1665774887\n|switch|p2a: Rex|Venusaur, M, shiny|100\/100|[from]move: U-turn\n|\n|-weather|SunnyDay|[upkeep]\n|upkeep\n|turn|18\n|inactive|LoSconosciuto has 270 seconds left.\n|\n|t:|1665774897\n|move|p1a: Ibushi|Thunder Wave|p2a: Rex\n|-status|p2a: Rex|par\n|move|p2a: Rex|Growth|p2a: Rex\n|-boost|p2a: Rex|atk|2\n|-boost|p2a: Rex|spa|2\n|\n|-weather|SunnyDay|[upkeep]\n|upkeep\n|turn|19\n|inactive|Gaboswampert has 270 seconds left.\n|\n|t:|1665774917\n|move|p1a: Ibushi|Light Screen|p1a: Ibushi\n|-sidestart|p1: Gaboswampert|move: Light Screen\n|move|p2a: Rex|Earth Power|p1a: Ibushi\n|-supereffective|p1a: Ibushi\n|-damage|p1a: Ibushi|0 fnt\n|faint|p1a: Ibushi\n|-damage|p2a: Rex|91\/100 par|[from] item: Life Orb\n|\n|-weather|SunnyDay|[upkeep]\n|upkeep\n|inactive|Gaboswampert has 270 seconds left.\n|\n|t:|1665774926\n|switch|p1a: Lunagaron|Weavile, F|100\/100\n|-ability|p1a: Lunagaron|Pressure\n|turn|20\n|inactive|Gaboswampert has 270 seconds left.\n|\n|t:|1665774940\n|move|p1a: Lunagaron|Knock Off|p2a: Rex\n|-damage|p2a: Rex|0 fnt\n|-enditem|p2a: Rex|Life Orb|[from] move: Knock Off|[of] p1a: Lunagaron\n|faint|p2a: Rex\n|\n|-weather|SunnyDay|[upkeep]\n|upkeep\n|j| giove97\n|inactive|LoSconosciuto has 270 seconds left.\n|\n|t:|1665774978\n|switch|p2a: Bandit|Weavile, M, shiny|100\/100\n|-ability|p2a: Bandit|Pressure\n|turn|21\n|\n|t:|1665774986\n|move|p2a: Bandit|Low Kick|p1a: Lunagaron\n|-supereffective|p1a: Lunagaron\n|-damage|p1a: Lunagaron|34\/100\n|move|p1a: Lunagaron|Knock Off|p2a: Bandit\n|-resisted|p2a: Bandit\n|-damage|p2a: Bandit|34\/100\n|-enditem|p2a: Bandit|Heavy-Duty Boots|[from] move: Knock Off|[of] p1a: Lunagaron\n|\n|-weather|none\n|upkeep\n|turn|22\n|inactive|LoSconosciuto has 270 seconds left.\n|\n|t:|1665775000\n|switch|p1a: Rakna-Kadaki|Heatran, M|21\/100\n|move|p2a: Bandit|Low Kick|p1a: Rakna-Kadaki\n|-supereffective|p1a: Rakna-Kadaki\n|-damage|p1a: Rakna-Kadaki|0 fnt\n|faint|p1a: Rakna-Kadaki\n|\n|upkeep\n|\n|t:|1665775008\n|switch|p1a: Lunagaron|Weavile, F|34\/100\n|-ability|p1a: Lunagaron|Pressure\n|turn|23\n|\n|t:|1665775019\n|move|p1a: Lunagaron|Low Kick|p2a: Bandit\n|-supereffective|p2a: Bandit\n|-damage|p2a: Bandit|0 fnt\n|faint|p2a: Bandit\n|\n|upkeep\n|\n|t:|1665775025\n|switch|p2a: Mt. Ember|Torkoal, M, shiny|48\/100\n|-weather|SunnyDay|[from] ability: Drought|[of] p2a: Mt. Ember\n|turn|24\n|\n|t:|1665775030\n|move|p1a: Lunagaron|Low Kick|p2a: Mt. Ember\n|-damage|p2a: Mt. Ember|26\/100\n|move|p2a: Mt. Ember|Body Press|p1a: Lunagaron\n|-supereffective|p1a: Lunagaron\n|-damage|p1a: Lunagaron|0 fnt\n|faint|p1a: Lunagaron\n|\n|win|LoSconosciuto\n|c|\u2606LoSconosciuto|gg\n|c|\u2606Gaboswampert|GGs!\n|l| giove97\n|j| Figull400\n|l| Figull400\n|l| MOHAMEDALL\n|l| Canova\n|j| Canova\n","uploadtime":1665775049,"views":41,"p1id":"gaboswampert","p2id":"losconosciuto","formatid":"gen8cap","rating":0,"private":0,"password":null}