{"id":"gen8ubers-1490316217","p1":"CoolCoalossal2009","p2":"Ivyon","format":"gen8ubers","log":"|j|\u2606CoolCoalossal2009\n|j|\u2606Ivyon\n|t:|1642020785\n|gametype|singles\n|player|p1|CoolCoalossal2009|colress|1303\n|player|p2|Ivyon|blue|1391\n|teamsize|p1|6\n|teamsize|p2|6\n|gen|8\n|tier|[Gen 8] Ubers\n|rated|\n|rule|Sleep Clause Mod: Limit one foe put to sleep\n|rule|Species Clause: Limit one of each Pok\u00e9mon\n|rule|OHKO Clause: OHKO moves are banned\n|rule|Evasion Moves Clause: Evasion moves are banned\n|rule|Endless Battle Clause: Forcing endless battles is banned\n|rule|HP Percentage Mod: HP is shown in percentages\n|rule|Dynamax Clause: You cannot dynamax\n|clearpoke\n|poke|p1|Mew|\n|poke|p1|Cinderace, F|\n|poke|p1|Magearna|\n|poke|p1|Calyrex-Shadow|\n|poke|p1|Xerneas-*|\n|poke|p1|Groudon|\n|poke|p2|Sharpedo, F|\n|poke|p2|Dragonite, M|\n|poke|p2|Blaziken, M|\n|poke|p2|Cloyster, M|\n|poke|p2|Espeon, F|\n|poke|p2|Mimikyu, M|\n|teampreview\n|inactive|Battle timer is ON: inactive players will automatically lose when time's up. (requested by CoolCoalossal2009)\n|\n|t:|1642020805\n|start\n|switch|p1a: Magearna|Magearna|100\/100\n|switch|p2a: Sharpedo|Sharpedo, F|100\/100\n|turn|1\n|\n|t:|1642020812\n|move|p2a: Sharpedo|Taunt|p1a: Magearna\n|-start|p1a: Magearna|move: Taunt\n|move|p1a: Magearna|Dazzling Gleam|p2a: Sharpedo\n|-supereffective|p2a: Sharpedo\n|-enditem|p2a: Sharpedo|Focus Sash\n|-damage|p2a: Sharpedo|1\/100\n|\n|-ability|p2a: Sharpedo|Speed Boost|boost\n|-boost|p2a: Sharpedo|spe|1\n|upkeep\n|turn|2\n|\n|t:|1642020821\n|move|p2a: Sharpedo|Destiny Bond|p2a: Sharpedo\n|-singlemove|p2a: Sharpedo|Destiny Bond\n|move|p1a: Magearna|Volt Switch|p2a: Sharpedo\n|-supereffective|p2a: Sharpedo\n|-damage|p2a: Sharpedo|0 fnt\n|faint|p2a: Sharpedo\n|-ability|p1a: Magearna|Soul-Heart|boost\n|-boost|p1a: Magearna|spa|1\n|-activate|p2a: Sharpedo|move: Destiny Bond\n|faint|p1a: Magearna\n|\n|upkeep\n|\n|t:|1642020832\n|switch|p2a: Espeon|Espeon, F|100\/100\n|switch|p1a: Xerneas|Xerneas|100\/100\n|-ability|p1a: Xerneas|Fairy Aura\n|turn|3\n|\n|t:|1642020838\n|move|p2a: Espeon|Yawn|p1a: Xerneas\n|-start|p1a: Xerneas|move: Yawn|[of] p2a: Espeon\n|move|p1a: Xerneas|Geomancy||[still]\n|-prepare|p1a: Xerneas|Geomancy\n|-enditem|p1a: Xerneas|Power Herb\n|-anim|p1a: Xerneas|Geomancy|p1a: Xerneas\n|-boost|p1a: Xerneas|spa|2\n|-boost|p1a: Xerneas|spd|2\n|-boost|p1a: Xerneas|spe|2\n|\n|upkeep\n|turn|4\n|\n|t:|1642020851\n|move|p1a: Xerneas|Moonblast|p2a: Espeon\n|-enditem|p2a: Espeon|Focus Sash\n|-damage|p2a: Espeon|1\/100\n|move|p2a: Espeon|Shadow Ball|p1a: Xerneas\n|-damage|p1a: Xerneas|90\/100\n|\n|-end|p1a: Xerneas|move: Yawn|[silent]\n|-status|p1a: Xerneas|slp\n|upkeep\n|turn|5\n|\n|t:|1642020862\n|switch|p2a: Mimikyu|Mimikyu, M, shiny|100\/100\n|cant|p1a: Xerneas|slp\n|\n|upkeep\n|turn|6\n|\n|t:|1642020867\n|cant|p1a: Xerneas|slp\n|move|p2a: Mimikyu|Substitute|p2a: Mimikyu\n|-start|p2a: Mimikyu|Substitute\n|-damage|p2a: Mimikyu|75\/100\n|\n|upkeep\n|turn|7\n|\n|t:|1642020872\n|cant|p1a: Xerneas|slp\n|move|p2a: Mimikyu|Swords Dance|p2a: Mimikyu\n|-boost|p2a: Mimikyu|atk|2\n|\n|upkeep\n|turn|8\n|\n|t:|1642020878\n|-curestatus|p1a: Xerneas|slp|[msg]\n|move|p1a: Xerneas|Moonblast|p2a: Mimikyu\n|-end|p2a: Mimikyu|Substitute\n|move|p2a: Mimikyu|Play Rough|p1a: Xerneas\n|-damage|p1a: Xerneas|12\/100\n|\n|upkeep\n|turn|9\n|\n|t:|1642020885\n|move|p2a: Mimikyu|Shadow Sneak|p1a: Xerneas\n|-damage|p1a: Xerneas|0 fnt\n|faint|p1a: Xerneas\n|\n|upkeep\n|\n|t:|1642020895\n|switch|p1a: Groudon|Groudon|100\/100\n|-weather|SunnyDay|[from] ability: Drought|[of] p1a: Groudon\n|turn|10\n|\n|t:|1642020899\n|switch|p2a: Espeon|Espeon, F|1\/100\n|move|p1a: Groudon|Earthquake|p2a: Espeon\n|-damage|p2a: Espeon|0 fnt\n|faint|p2a: Espeon\n|\n|-weather|SunnyDay|[upkeep]\n|upkeep\n|\n|t:|1642020908\n|switch|p2a: Cloyster|Cloyster, M|100\/100\n|turn|11\n|\n|t:|1642020912\n|move|p1a: Groudon|Heat Crash|p2a: Cloyster\n|-damage|p2a: Cloyster|40\/100\n|move|p2a: Cloyster|Shell Smash|p2a: Cloyster\n|-unboost|p2a: Cloyster|def|1\n|-unboost|p2a: Cloyster|spd|1\n|-boost|p2a: Cloyster|atk|2\n|-boost|p2a: Cloyster|spa|2\n|-boost|p2a: Cloyster|spe|2\n|\n|-weather|SunnyDay|[upkeep]\n|upkeep\n|turn|12\n|\n|t:|1642020920\n|move|p2a: Cloyster|Icicle Spear|p1a: Groudon\n|-supereffective|p1a: Groudon\n|-damage|p1a: Groudon|62\/100\n|-supereffective|p1a: Groudon\n|-crit|p1a: Groudon\n|-damage|p1a: Groudon|12\/100\n|-supereffective|p1a: Groudon\n|-damage|p1a: Groudon|0 fnt\n|faint|p1a: Groudon\n|-hitcount|p1: Groudon|3\n|\n|-weather|SunnyDay|[upkeep]\n|upkeep\n|\n|t:|1642020923\n|switch|p1a: Calyrex|Calyrex-Shadow|100\/100\n|-ability|p1a: Calyrex|As One\n|-ability|p1a: Calyrex|Unnerve\n|turn|13\n|\n|t:|1642020933\n|move|p1a: Calyrex|Astral Barrage|p2a: Cloyster\n|-damage|p2a: Cloyster|0 fnt\n|faint|p2a: Cloyster\n|-ability|p1a: Calyrex|Grim Neigh|boost\n|-boost|p1a: Calyrex|spa|1\n|\n|-weather|SunnyDay|[upkeep]\n|upkeep\n|\n|t:|1642020941\n|switch|p2a: Mimikyu|Mimikyu, M, shiny|75\/100\n|turn|14\n|\n|t:|1642020948\n|move|p2a: Mimikyu|Shadow Sneak|p1a: Calyrex\n|-supereffective|p1a: Calyrex\n|-crit|p1a: Calyrex\n|-damage|p1a: Calyrex|0 fnt\n|faint|p1a: Calyrex\n|\n|-weather|none\n|upkeep\n|\n|t:|1642020952\n|switch|p1a: Mew|Mew|100\/100\n|turn|15\n|\n|t:|1642020957\n|move|p2a: Mimikyu|Swords Dance|p2a: Mimikyu\n|-boost|p2a: Mimikyu|atk|2\n|move|p1a: Mew|Toxic Spikes|p2a: Mimikyu\n|-sidestart|p2: Ivyon|move: Toxic Spikes\n|\n|upkeep\n|turn|16\n|\n|t:|1642020963\n|move|p2a: Mimikyu|Shadow Sneak|p1a: Mew\n|-supereffective|p1a: Mew\n|-damage|p1a: Mew|41\/100\n|move|p1a: Mew|Toxic Spikes|p2a: Mimikyu\n|-sidestart|p2: Ivyon|move: Toxic Spikes\n|\n|-heal|p1a: Mew|47\/100|[from] item: Leftovers\n|upkeep\n|turn|17\n|\n|t:|1642020970\n|move|p2a: Mimikyu|Shadow Sneak|p1a: Mew\n|-supereffective|p1a: Mew\n|-damage|p1a: Mew|0 fnt\n|faint|p1a: Mew\n|\n|upkeep\n|\n|t:|1642020972\n|switch|p1a: Cinderace|Cinderace, F|100\/100\n|turn|18\n|\n|t:|1642020981\n|move|p1a: Cinderace|Sucker Punch|p2a: Mimikyu\n|-start|p1a: Cinderace|typechange|Dark|[from] ability: Libero\n|-activate|p2a: Mimikyu|ability: Disguise\n|-damage|p2a: Mimikyu|75\/100\n|detailschange|p2a: Mimikyu|Mimikyu-Busted, M, shiny\n|-damage|p2a: Mimikyu|63\/100|[from] pokemon: Mimikyu-Busted\n|move|p2a: Mimikyu|Shadow Sneak|p1a: Cinderace\n|-resisted|p1a: Cinderace\n|-damage|p1a: Cinderace|75\/100\n|\n|upkeep\n|turn|19\n|\n|t:|1642020993\n|move|p1a: Cinderace|Pyro Ball|p2a: Mimikyu\n|-start|p1a: Cinderace|typechange|Fire|[from] ability: Libero\n|-damage|p2a: Mimikyu|0 fnt\n|faint|p2a: Mimikyu\n|\n|upkeep\n|\n|t:|1642021001\n|switch|p2a: Dragonite|Dragonite, M, shiny|100\/100\n|turn|20\n|\n|t:|1642021007\n|move|p1a: Cinderace|Pyro Ball|p2a: Dragonite\n|-resisted|p2a: Dragonite\n|-damage|p2a: Dragonite|84\/100\n|move|p2a: Dragonite|Dragon Claw|p1a: Cinderace\n|-damage|p1a: Cinderace|9\/100\n|\n|upkeep\n|turn|21\n|c|\u2606Ivyon|gg\n|\n|t:|1642021016\n|move|p2a: Dragonite|Extreme Speed|p1a: Cinderace\n|-damage|p1a: Cinderace|0 fnt\n|faint|p1a: Cinderace\n|\n|win|Ivyon\n|raw|CoolCoalossal2009's rating: 1303 &rarr; <strong>1288<\/strong><br \/>(-15 for losing)\n|raw|Ivyon's rating: 1391 &rarr; <strong>1406<\/strong><br \/>(+15 for winning)\n|l|\u2606CoolCoalossal2009\n||Ladder isn't responding, score probably updated but might not have (Request timeout).\n","uploadtime":1642021025,"views":12,"p1id":"coolcoalossal2009","p2id":"ivyon","formatid":"gen8ubers","rating":1288,"private":0,"password":null}