{"id":"gen8vgc2021series10-1407907139","p1":"TALIPETE","p2":"bhkg","format":"gen8vgc2021series10","log":"|j|\u2606TALIPETE\n|j|\u2606bhkg\n|t:|1630471731\n|gametype|doubles\n|player|p1|TALIPETE|drayden|1232\n|player|p2|bhkg|102|1209\n|teamsize|p1|6\n|teamsize|p2|6\n|gen|8\n|tier|[Gen 8] VGC 2021 Series 10\n|rated|\n|rule|Species Clause: Limit one of each Pok\u00e9mon\n|rule|Item Clause: Limit one of each item\n|rule|Dynamax Clause: You cannot dynamax\n|clearpoke\n|poke|p1|Calyrex-Shadow, L50|\n|poke|p1|Stakataka, L50|\n|poke|p1|Mienshao, L50, F|\n|poke|p1|Tapu Lele, L50|\n|poke|p1|Whimsicott, L50, M|\n|poke|p1|Arcanine, L50, F|\n|poke|p2|Groudon, L50|\n|poke|p2|Torkoal, L50, F|\n|poke|p2|Bellossom, L50, M|\n|poke|p2|Zapdos-Galar, L50|\n|poke|p2|Umbreon, L50, F|\n|poke|p2|Nihilego, L50|\n|teampreview|4\n|inactive|Battle timer is ON: inactive players will automatically lose when time's up. (requested by TALIPETE)\n|\n|t:|1630471753\n|start\n|switch|p1a: Whimsicott|Whimsicott, L50, M|100\/100\n|switch|p1b: Arcanine|Arcanine, L50, F|100\/100\n|switch|p2a: Nihilego|Nihilego, L50|100\/100\n|switch|p2b: Umbreon|Umbreon, L50, F|100\/100\n|-ability|p1b: Arcanine|Intimidate|boost\n|-unboost|p2a: Nihilego|atk|1\n|-fail|p2b: Umbreon|unboost|Attack|[from] ability: Inner Focus|[of] p2b: Umbreon\n|turn|1\n|\n|t:|1630471766\n|move|p1b: Arcanine|Protect|p1b: Arcanine\n|-singleturn|p1b: Arcanine|Protect\n|move|p1a: Whimsicott|Moonblast|p2b: Umbreon\n|-supereffective|p2b: Umbreon\n|-damage|p2b: Umbreon|37\/100\n|-unboost|p2b: Umbreon|spa|1\n|move|p2a: Nihilego|Power Gem|p1b: Arcanine\n|-activate|p1b: Arcanine|move: Protect\n|move|p2b: Umbreon|Foul Play|p1b: Arcanine\n|-activate|p1b: Arcanine|move: Protect\n|\n|-heal|p2b: Umbreon|43\/100|[from] item: Leftovers\n|upkeep\n|turn|2\n|\n|t:|1630471784\n|switch|p2b: Bellossom|Bellossom, L50, M, shiny|100\/100\n|move|p1a: Whimsicott|Moonblast|p2b: Bellossom\n|-damage|p2b: Bellossom|48\/100\n|move|p2a: Nihilego|Sludge Bomb|p1a: Whimsicott\n|-supereffective|p1a: Whimsicott\n|-damage|p1a: Whimsicott|0 fnt\n|faint|p1a: Whimsicott\n|-ability|p2a: Nihilego|Beast Boost|boost\n|-boost|p2a: Nihilego|spa|1\n|move|p1b: Arcanine|Close Combat|p2a: Nihilego\n|-damage|p2a: Nihilego|36\/100\n|-unboost|p1b: Arcanine|def|1\n|-unboost|p1b: Arcanine|spd|1\n|\n|upkeep\n|\n|t:|1630471802\n|switch|p1a: Tapu Lele|Tapu Lele, L50|100\/100\n|-fieldstart|move: Psychic Terrain|[from] ability: Psychic Surge|[of] p1a: Tapu Lele\n|turn|3\n|\n|t:|1630471819\n|switch|p2b: Umbreon|Umbreon, L50, F|43\/100\n|move|p2a: Nihilego|Protect|p2a: Nihilego\n|-singleturn|p2a: Nihilego|Protect\n|move|p1a: Tapu Lele|Psyshock|p2b: Umbreon\n|-immune|p2b: Umbreon\n|move|p1b: Arcanine|Close Combat|p2a: Nihilego\n|-activate|p2a: Nihilego|move: Protect\n|\n|-heal|p2b: Umbreon|49\/100|[from] item: Leftovers\n|upkeep\n|turn|4\n|\n|t:|1630471828\n|switch|p1a: Mienshao|Mienshao, L50, F|100\/100\n|move|p2a: Nihilego|Sludge Bomb|p1a: Mienshao\n|-enditem|p1a: Mienshao|Focus Sash\n|-damage|p1a: Mienshao|1\/100\n|move|p1b: Arcanine|Close Combat|p2a: Nihilego\n|-damage|p2a: Nihilego|0 fnt\n|-unboost|p1b: Arcanine|def|1\n|-unboost|p1b: Arcanine|spd|1\n|faint|p2a: Nihilego\n|move|p2b: Umbreon|Moonlight|p2b: Umbreon\n|-heal|p2b: Umbreon|99\/100\n|\n|-heal|p2b: Umbreon|100\/100|[from] item: Leftovers\n|upkeep\n|\n|t:|1630471842\n|switch|p2a: Bellossom|Bellossom, L50, M, shiny|48\/100\n|turn|5\n|\n|t:|1630471849\n|switch|p2b: Groudon|Groudon, L50|100\/100\n|-weather|SunnyDay|[from] ability: Drought|[of] p2b: Groudon\n|move|p2a: Bellossom|Strength Sap|p1b: Arcanine\n|-unboost|p1b: Arcanine|atk|1\n|-heal|p2a: Bellossom|100\/100\n|move|p1a: Mienshao|Close Combat|p2b: Groudon\n|-damage|p2b: Groudon|51\/100\n|-unboost|p1a: Mienshao|def|1\n|-unboost|p1a: Mienshao|spd|1\n|move|p1b: Arcanine|Close Combat|p2b: Groudon\n|-damage|p2b: Groudon|31\/100\n|-unboost|p1b: Arcanine|def|1\n|-unboost|p1b: Arcanine|spd|1\n|\n|-weather|SunnyDay|[upkeep]\n|upkeep\n|turn|6\n|\n|t:|1630471871\n|move|p2a: Bellossom|After You|p2b: Groudon\n|-activate|p2b: Groudon|move: After You\n|move|p2b: Groudon|Precipice Blades|p1b: Arcanine|[spread] p1b\n|-miss|p2b: Groudon|p1a: Mienshao\n|-supereffective|p1b: Arcanine\n|-damage|p1b: Arcanine|0 fnt\n|faint|p1b: Arcanine\n|-damage|p2b: Groudon|21\/100|[from] item: Life Orb\n|move|p1a: Mienshao|Close Combat|p2b: Groudon\n|-damage|p2b: Groudon|0 fnt\n|-unboost|p1a: Mienshao|def|1\n|-unboost|p1a: Mienshao|spd|1\n|faint|p2b: Groudon\n|\n|-weather|SunnyDay|[upkeep]\n|upkeep\n|\n|t:|1630471876\n|switch|p1b: Tapu Lele|Tapu Lele, L50|100\/100\n|switch|p2b: Umbreon|Umbreon, L50, F|100\/100\n|turn|7\n|\n|t:|1630471883\n|move|p1b: Tapu Lele|Dazzling Gleam|p2a: Bellossom|[spread] p2a,p2b\n|-supereffective|p2b: Umbreon\n|-damage|p2a: Bellossom|66\/100\n|-damage|p2b: Umbreon|56\/100\n|move|p2a: Bellossom|After You|p2b: Umbreon\n|-activate|p2b: Umbreon|move: After You\n|move|p2b: Umbreon|Snarl|p1b: Tapu Lele|[spread] p1a,p1b\n|-resisted|p1a: Mienshao\n|-damage|p1a: Mienshao|0 fnt\n|-damage|p1b: Tapu Lele|90\/100\n|-unboost|p1b: Tapu Lele|spa|1\n|faint|p1a: Mienshao\n|\n|-weather|SunnyDay|[upkeep]\n|-heal|p2b: Umbreon|62\/100|[from] item: Leftovers\n|-fieldend|move: Psychic Terrain\n|upkeep\n|turn|8\n|\n|t:|1630471893\n|move|p1b: Tapu Lele|Dazzling Gleam|p2b: Umbreon|[spread] p2a,p2b\n|-supereffective|p2b: Umbreon\n|-damage|p2a: Bellossom|40\/100\n|-damage|p2b: Umbreon|34\/100\n|move|p2a: Bellossom|Strength Sap|p1b: Tapu Lele\n|-unboost|p1b: Tapu Lele|atk|1\n|-heal|p2a: Bellossom|94\/100\n|move|p2b: Umbreon|Moonlight|p2b: Umbreon\n|-heal|p2b: Umbreon|100\/100\n|\n|-weather|SunnyDay|[upkeep]\n|upkeep\n|turn|9\n|\n|t:|1630471897\n|move|p1b: Tapu Lele|Dazzling Gleam|p2a: Bellossom|[spread] p2a,p2b\n|-supereffective|p2b: Umbreon\n|-damage|p2a: Bellossom|67\/100\n|-damage|p2b: Umbreon|73\/100\n|move|p2a: Bellossom|Moonblast|p1b: Tapu Lele\n|-damage|p1b: Tapu Lele|62\/100\n|move|p2b: Umbreon|Snarl|p1b: Tapu Lele\n|-damage|p1b: Tapu Lele|47\/100\n|-unboost|p1b: Tapu Lele|spa|1\n|\n|-weather|none\n|-heal|p2b: Umbreon|79\/100|[from] item: Leftovers\n|upkeep\n|turn|10\n|\n|t:|1630471910\n|move|p1b: Tapu Lele|Dazzling Gleam|p2b: Umbreon|[spread] p2a,p2b\n|-supereffective|p2b: Umbreon\n|-damage|p2a: Bellossom|49\/100\n|-damage|p2b: Umbreon|58\/100\n|move|p2a: Bellossom|Moonblast|p1b: Tapu Lele\n|-damage|p1b: Tapu Lele|18\/100\n|move|p2b: Umbreon|Snarl|p1b: Tapu Lele\n|-damage|p1b: Tapu Lele|5\/100\n|-unboost|p1b: Tapu Lele|spa|1\n|\n|-heal|p2b: Umbreon|64\/100|[from] item: Leftovers\n|upkeep\n|turn|11\n|\n|t:|1630471913\n|move|p1b: Tapu Lele|Dazzling Gleam|p2a: Bellossom|[spread] p2a,p2b\n|-supereffective|p2b: Umbreon\n|-damage|p2a: Bellossom|34\/100\n|-damage|p2b: Umbreon|48\/100\n|move|p2a: Bellossom|Moonblast|p1b: Tapu Lele\n|-damage|p1b: Tapu Lele|0 fnt\n|faint|p1b: Tapu Lele\n|\n|win|bhkg\n|raw|TALIPETE's rating: 1232 &rarr; <strong>1205<\/strong><br \/>(-27 for losing)\n|raw|bhkg's rating: 1209 &rarr; <strong>1236<\/strong><br \/>(+27 for winning)\n","uploadtime":1630471935,"views":9,"p1id":"talipete","p2id":"bhkg","formatid":"gen8vgc2021series10","rating":1205,"private":0,"password":null}