{"id":"gen8ou-1230221994","p1":"harrisonharry","p2":"glaed13","format":"gen8ou","log":"|j|\u2606harrisonharry\n|j|\u2606glaed13\n|t:|1606195266\n|player|p1|harrisonharry|2|1966\n|player|p2|glaed13|cheren-gen5bw2|1816\n|teamsize|p1|6\n|teamsize|p2|6\n|gametype|singles\n|gen|8\n|tier|[Gen 8] OU\n|rated|\n|clearpoke\n|poke|p1|Pheromosa|\n|poke|p1|Hippowdon, F|\n|poke|p1|Tapu Fini|\n|poke|p1|Ferrothorn, M|\n|poke|p1|Cinderace, M|\n|poke|p1|Zapdos|\n|poke|p2|Blaziken, M|\n|poke|p2|Klefki, F|\n|poke|p2|Ninetales, M|\n|poke|p2|Zapdos-Galar|\n|poke|p2|Cinderace, F|\n|poke|p2|Garchomp, F|\n|rule|Sleep Clause Mod: Limit one foe put to sleep\n|rule|Species Clause: Limit one of each Pok\u00e9mon\n|rule|OHKO Clause: OHKO moves are banned\n|rule|Evasion Moves Clause: Evasion moves are banned\n|rule|Endless Battle Clause: Forcing endless battles is banned\n|rule|HP Percentage Mod: HP is shown in percentages\n|rule|Dynamax Clause: You cannot dynamax\n|teampreview\n|inactive|Battle timer is ON: inactive players will automatically lose when time's up. (requested by glaed13)\n|\n|t:|1606195276\n|start\n|switch|p1a: Hippowdon|Hippowdon, F|100\/100\n|switch|p2a: Zapdos|Zapdos-Galar|100\/100\n|-weather|Sandstorm|[from] ability: Sand Stream|[of] p1a: Hippowdon\n|turn|1\n|j| I'M AT MY LIMIT!\n|j| hujiaobing\n|j| the sht tester\n|\n|t:|1606195283\n|switch|p1a: Zapdos|Zapdos|100\/100\n|move|p2a: Zapdos|Taunt|p1a: Zapdos\n|-start|p1a: Zapdos|move: Taunt\n|\n|-weather|Sandstorm|[upkeep]\n|-damage|p2a: Zapdos|94\/100|[from] Sandstorm\n|-damage|p1a: Zapdos|94\/100|[from] Sandstorm\n|upkeep\n|turn|2\n|j| Death By Cereal\n|\n|t:|1606195292\n|switch|p2a: Klefki|Klefki, F, shiny|100\/100\n|move|p1a: Zapdos|Hurricane|p2a: Klefki\n|-resisted|p2a: Klefki\n|-damage|p2a: Klefki|68\/100\n|-start|p2a: Klefki|confusion\n|\n|-weather|Sandstorm|[upkeep]\n|-damage|p1a: Zapdos|88\/100|[from] Sandstorm\n|upkeep\n|turn|3\n|j| Vessev\n|l| Vessev\n|\n|t:|1606195303\n|-activate|p2a: Klefki|confusion\n|move|p2a: Klefki|Light Screen|p2a: Klefki\n|-sidestart|p2: glaed13|move: Light Screen\n|move|p1a: Zapdos|Discharge|p2a: Klefki\n|-damage|p2a: Klefki|45\/100\n|-status|p2a: Klefki|par\n|\n|-weather|Sandstorm|[upkeep]\n|-damage|p1a: Zapdos|82\/100|[from] Sandstorm\n|-end|p1a: Zapdos|move: Taunt\n|upkeep\n|turn|4\n|l| I'M AT MY LIMIT!\n|j| WhichHat\n|l| Death By Cereal\n|l| WhichHat\n|j| WhichHat\n|j| nice cut boy\n|l| WhichHat\n|inactive|glaed13 has 120 seconds left.\n|\n|t:|1606195335\n|switch|p2a: Garchomp|Garchomp, F|100\/100\n|move|p1a: Zapdos|Discharge|p2a: Garchomp\n|-immune|p2a: Garchomp\n|\n|-weather|Sandstorm|[upkeep]\n|-damage|p1a: Zapdos|76\/100|[from] Sandstorm\n|upkeep\n|turn|5\n|\n|t:|1606195348\n|switch|p1a: Hippowdon|Hippowdon, F|100\/100\n|move|p2a: Garchomp|Swords Dance|p2a: Garchomp\n|-boost|p2a: Garchomp|atk|2\n|\n|-weather|none\n|upkeep\n|turn|6\n|l| the sht tester\n|\n|t:|1606195357\n|move|p2a: Garchomp|Earthquake|p1a: Hippowdon\n|-crit|p1a: Hippowdon\n|-damage|p1a: Hippowdon|0 fnt\n|faint|p1a: Hippowdon\n|\n|upkeep\n|\n|t:|1606195363\n|switch|p1a: Pheromosa|Pheromosa|100\/100\n|turn|7\n|\n|t:|1606195368\n|switch|p2a: Klefki|Klefki, F, shiny|45\/100 par\n|move|p1a: Pheromosa|Ice Beam|p2a: Klefki\n|-resisted|p2a: Klefki\n|-damage|p2a: Klefki|36\/100 par\n|\n|upkeep\n|turn|8\n|\n|t:|1606195376\n|move|p2a: Klefki|Thunder Wave|p1a: Pheromosa\n|-status|p1a: Pheromosa|par\n|move|p1a: Pheromosa|Focus Blast|p2a: Klefki\n|-damage|p2a: Klefki|0 fnt\n|faint|p2a: Klefki\n|-ability|p1a: Pheromosa|Beast Boost|boost\n|-boost|p1a: Pheromosa|spa|1\n|\n|upkeep\n|j| Sweetcinnamon\n|\n|t:|1606195386\n|switch|p2a: Ninetales|Ninetales, M|100\/100\n|-weather|SunnyDay|[from] ability: Drought|[of] p2a: Ninetales\n|turn|9\n|\n|t:|1606195393\n|switch|p1a: Tapu Fini|Tapu Fini|100\/100\n|-fieldstart|move: Misty Terrain|[from] ability: Misty Surge|[of] p1a: Tapu Fini\n|move|p2a: Ninetales|Flamethrower|p1a: Tapu Fini\n|-resisted|p1a: Tapu Fini\n|-damage|p1a: Tapu Fini|79\/100\n|\n|-weather|SunnyDay|[upkeep]\n|-heal|p1a: Tapu Fini|85\/100|[from] item: Leftovers\n|upkeep\n|turn|10\n|\n|t:|1606195403\n|switch|p1a: Cinderace|Cinderace, M|100\/100\n|move|p2a: Ninetales|Nasty Plot|p2a: Ninetales\n|-boost|p2a: Ninetales|spa|2\n|\n|-weather|SunnyDay|[upkeep]\n|-sideend|p2: glaed13|move: Light Screen\n|upkeep\n|turn|11\n|\n|t:|1606195413\n|move|p1a: Cinderace|Pyro Ball|p2a: Ninetales\n|-resisted|p2a: Ninetales\n|-damage|p2a: Ninetales|32\/100\n|move|p2a: Ninetales|Flamethrower|p1a: Cinderace\n|-resisted|p1a: Cinderace\n|-damage|p1a: Cinderace|26\/100\n|\n|-weather|SunnyDay|[upkeep]\n|upkeep\n|turn|12\n|\n|t:|1606195432\n|switch|p2a: Garchomp|Garchomp, F|100\/100\n|move|p1a: Cinderace|High Jump Kick|p2a: Garchomp\n|-start|p1a: Cinderace|typechange|Fighting|[from] ability: Libero\n|-damage|p2a: Garchomp|29\/100\n|-damage|p1a: Cinderace|14\/100|[from] ability: Rough Skin|[of] p2a: Garchomp\n|\n|-weather|SunnyDay|[upkeep]\n|upkeep\n|turn|13\n|j| Aflexer2140\n|\n|t:|1606195451\n|move|p1a: Cinderace|Pyro Ball|p2a: Garchomp\n|-start|p1a: Cinderace|typechange|Fire|[from] ability: Libero\n|-resisted|p2a: Garchomp\n|-damage|p2a: Garchomp|0 fnt\n|faint|p2a: Garchomp\n|\n|-weather|none\n|-fieldend|Misty Terrain\n|upkeep\n|inactive|glaed13 has 120 seconds left.\n|\n|t:|1606195468\n|switch|p2a: Cinderace|Cinderace, F|100\/100\n|turn|14\n|\n|t:|1606195474\n|switch|p1a: Pheromosa|Pheromosa|100\/100 par\n|move|p2a: Cinderace|Sucker Punch||[still]\n|-fail|p2a: Cinderace\n|\n|upkeep\n|turn|15\n|j| WhichHat\n|l| WhichHat\n|\n|t:|1606195480\n|move|p2a: Cinderace|Pyro Ball|p1a: Pheromosa\n|-supereffective|p1a: Pheromosa\n|-crit|p1a: Pheromosa\n|-damage|p1a: Pheromosa|0 fnt\n|faint|p1a: Pheromosa\n|\n|upkeep\n|\n|t:|1606195484\n|switch|p1a: Zapdos|Zapdos|76\/100\n|turn|16\n|j| Phrew\n|j| Vessev\n|\n|t:|1606195506\n|move|p2a: Cinderace|Pyro Ball|p1a: Zapdos\n|-damage|p1a: Zapdos|4\/100\n|move|p1a: Zapdos|Discharge|p2a: Cinderace\n|-damage|p2a: Cinderace|32\/100\n|\n|upkeep\n|turn|17\n|\n|t:|1606195514\n|move|p2a: Cinderace|Pyro Ball|p1a: Zapdos\n|-damage|p1a: Zapdos|0 fnt\n|faint|p1a: Zapdos\n|\n|upkeep\n|\n|t:|1606195517\n|switch|p1a: Cinderace|Cinderace, M|14\/100\n|turn|18\n|\n|t:|1606195522\n|move|p2a: Cinderace|Sucker Punch|p1a: Cinderace\n|-start|p2a: Cinderace|typechange|Dark|[from] ability: Libero\n|-damage|p1a: Cinderace|0 fnt\n|faint|p1a: Cinderace\n|\n|upkeep\n|\n|t:|1606195527\n|switch|p1a: Ferrothorn|Ferrothorn, M|100\/100\n|turn|19\n|\n|t:|1606195531\n|move|p2a: Cinderace|Pyro Ball|p1a: Ferrothorn\n|-start|p2a: Cinderace|typechange|Fire|[from] ability: Libero\n|-supereffective|p1a: Ferrothorn\n|-damage|p1a: Ferrothorn|0 fnt\n|faint|p1a: Ferrothorn\n|\n|upkeep\n|\n|t:|1606195535\n|switch|p1a: Tapu Fini|Tapu Fini|85\/100\n|-fieldstart|move: Misty Terrain|[from] ability: Misty Surge|[of] p1a: Tapu Fini\n|turn|20\n|\n|t:|1606195541\n|switch|p2a: Ninetales|Ninetales, M|32\/100\n|-weather|SunnyDay|[from] ability: Drought|[of] p2a: Ninetales\n|move|p1a: Tapu Fini|Scald|p2a: Ninetales\n|-supereffective|p2a: Ninetales\n|-damage|p2a: Ninetales|1\/100\n|\n|-weather|SunnyDay|[upkeep]\n|-heal|p1a: Tapu Fini|91\/100|[from] item: Leftovers\n|upkeep\n|turn|21\n|\n|t:|1606195553\n|move|p2a: Ninetales|Memento|p1a: Tapu Fini\n|-unboost|p1a: Tapu Fini|atk|2\n|-unboost|p1a: Tapu Fini|spa|2\n|faint|p2a: Ninetales\n|move|p1a: Tapu Fini|Scald|p2: Ninetales|[notarget]\n|-fail|p1a: Tapu Fini\n|\n|-weather|SunnyDay|[upkeep]\n|-heal|p1a: Tapu Fini|97\/100|[from] item: Leftovers\n|upkeep\n|\n|t:|1606195567\n|switch|p2a: Blaziken|Blaziken, M|100\/100\n|turn|22\n|\n|t:|1606195571\n|move|p2a: Blaziken|Swords Dance|p2a: Blaziken\n|-boost|p2a: Blaziken|atk|2\n|move|p1a: Tapu Fini|Moonblast|p2a: Blaziken\n|-damage|p2a: Blaziken|77\/100\n|-unboost|p2a: Blaziken|spa|1\n|\n|-weather|SunnyDay|[upkeep]\n|-heal|p1a: Tapu Fini|100\/100|[from] item: Leftovers\n|-ability|p2a: Blaziken|Speed Boost|boost\n|-boost|p2a: Blaziken|spe|1\n|upkeep\n|turn|23\n|j| WhichHat\n|\n|t:|1606195583\n|move|p2a: Blaziken|Earthquake|p1a: Tapu Fini\n|-crit|p1a: Tapu Fini\n|-damage|p1a: Tapu Fini|20\/100\n|move|p1a: Tapu Fini|Moonblast|p2a: Blaziken\n|-damage|p2a: Blaziken|51\/100\n|\n|-weather|SunnyDay|[upkeep]\n|-heal|p1a: Tapu Fini|26\/100|[from] item: Leftovers\n|-ability|p2a: Blaziken|Speed Boost|boost\n|-boost|p2a: Blaziken|spe|1\n|upkeep\n|turn|24\n|-message|harrisonharry forfeited.\n|\n|win|glaed13\n|l|\u2606harrisonharry\n|l| WhichHat\n|raw|harrisonharry's rating: 1966 &rarr; <strong>1938<\/strong><br \/>(-28 for losing)\n|raw|glaed13's rating: 1817 &rarr; <strong>1845<\/strong><br \/>(+28 for winning)\n|l| Aflexer2140\n|l| nice cut boy\n|l|\u2606glaed13\n|l| hujiaobing\n","uploadtime":1606195772,"views":49,"p1id":"harrisonharry","p2id":"glaed13","formatid":"gen8ou","rating":1845,"private":0,"password":null}