{"id":"gen8nationaldex-1578049627","p1":"LemonTeaCold","p2":"Fastpitchkiller","format":"gen8nationaldex","log":"|j|\u2606LemonTeaCold\n|j|\u2606Fastpitchkiller\n|t:|1652938453\n|gametype|singles\n|player|p1|LemonTeaCold|blue-gen1|1756\n|player|p2|Fastpitchkiller|265|1701\n|teamsize|p1|6\n|teamsize|p2|6\n|gen|8\n|tier|[Gen 8] National Dex\n|rated|\n|rule|HP Percentage Mod: HP is shown in percentages\n|rule|Endless Battle Clause: Forcing endless battles is banned\n|rule|OHKO Clause: OHKO moves are banned\n|rule|Evasion Moves Clause: Evasion moves are banned\n|rule|Species Clause: Limit one of each Pok\u00e9mon\n|rule|Dynamax Clause: You cannot dynamax\n|rule|Sleep Clause Mod: Limit one foe put to sleep\n|clearpoke\n|poke|p1|Tapu Koko|\n|poke|p1|Landorus-Therian, M|\n|poke|p1|Greninja, M|\n|poke|p1|Kartana|\n|poke|p1|Sylveon, F|\n|poke|p1|Medicham, F|\n|poke|p2|Greninja, M|\n|poke|p2|Zapdos|\n|poke|p2|Melmetal|\n|poke|p2|Slowbro, M|\n|poke|p2|Tyranitar, F|\n|poke|p2|Kommo-o, F|\n|teampreview\n|\n|t:|1652938467\n|start\n|switch|p1a: Tapu Koko|Tapu Koko|100\/100\n|switch|p2a: Tyranitar|Tyranitar, F|100\/100\n|-fieldstart|move: Electric Terrain|[from] ability: Electric Surge|[of] p1a: Tapu Koko\n|-weather|Sandstorm|[from] ability: Sand Stream|[of] p2a: Tyranitar\n|turn|1\n|inactive|Battle timer is ON: inactive players will automatically lose when time's up. (requested by LemonTeaCold)\n|\n|t:|1652938476\n|move|p1a: Tapu Koko|Volt Switch|p2a: Tyranitar\n|-damage|p2a: Tyranitar|75\/100\n|\n|t:|1652938478\n|switch|p1a: Landorus|Landorus-Therian, M|100\/100|[from]move: Volt Switch\n|-ability|p1a: Landorus|Intimidate|boost\n|-unboost|p2a: Tyranitar|atk|1\n|move|p2a: Tyranitar|Stealth Rock|p1a: Landorus\n|-sidestart|p1: LemonTeaCold|move: Stealth Rock\n|\n|-weather|Sandstorm|[upkeep]\n|-heal|p2a: Tyranitar|81\/100|[from] item: Leftovers\n|upkeep\n|turn|2\n|\n|t:|1652938488\n|switch|p2a: Slowgatell|Slowbro, M|100\/100\n|move|p1a: Landorus|Stealth Rock|p2a: Slowgatell\n|-sidestart|p2: Fastpitchkiller|move: Stealth Rock\n|\n|-weather|Sandstorm|[upkeep]\n|-damage|p2a: Slowgatell|94\/100|[from] Sandstorm\n|upkeep\n|turn|3\n|\n|t:|1652938497\n|move|p1a: Landorus|U-turn|p2a: Slowgatell\n|-supereffective|p2a: Slowgatell\n|-damage|p2a: Slowgatell|69\/100\n|-damage|p1a: Landorus|84\/100|[from] item: Rocky Helmet|[of] p2a: Slowgatell\n|\n|t:|1652938501\n|switch|p1a: Sylveon|Sylveon, F, shiny|100\/100|[from]move: U-turn\n|-damage|p1a: Sylveon|88\/100|[from] Stealth Rock\n|move|p2a: Slowgatell|Toxic|p1a: Sylveon\n|-status|p1a: Sylveon|tox\n|\n|-weather|Sandstorm|[upkeep]\n|-damage|p1a: Sylveon|82\/100 tox|[from] Sandstorm\n|-damage|p2a: Slowgatell|63\/100|[from] Sandstorm\n|-damage|p1a: Sylveon|76\/100 tox|[from] psn\n|upkeep\n|turn|4\n|\n|t:|1652938512\n|move|p1a: Sylveon|Hyper Voice|p2a: Slowgatell\n|-damage|p2a: Slowgatell|12\/100\n|move|p2a: Slowgatell|Future Sight|p1a: Sylveon\n|-start|p2a: Slowgatell|move: Future Sight\n|\n|-weather|Sandstorm|[upkeep]\n|-damage|p1a: Sylveon|69\/100 tox|[from] Sandstorm\n|-damage|p2a: Slowgatell|6\/100|[from] Sandstorm\n|-damage|p1a: Sylveon|57\/100 tox|[from] psn\n|upkeep\n|turn|5\n|\n|t:|1652938522\n|switch|p2a: Johnny Bravo|Melmetal|100\/100\n|-damage|p2a: Johnny Bravo|94\/100|[from] Stealth Rock\n|move|p1a: Sylveon|Mystical Fire|p2a: Johnny Bravo\n|-supereffective|p2a: Johnny Bravo\n|-damage|p2a: Johnny Bravo|43\/100\n|-unboost|p2a: Johnny Bravo|spa|1\n|\n|-weather|none\n|-damage|p1a: Sylveon|38\/100 tox|[from] psn\n|-fieldend|move: Electric Terrain\n|upkeep\n|turn|6\n|\n|t:|1652938533\n|switch|p1a: Landorus|Landorus-Therian, M|84\/100\n|-damage|p1a: Landorus|72\/100|[from] Stealth Rock\n|-ability|p1a: Landorus|Intimidate|boost\n|-unboost|p2a: Johnny Bravo|atk|1\n|switch|p2a: Tyranitar|Tyranitar, F|81\/100\n|-damage|p2a: Tyranitar|69\/100|[from] Stealth Rock\n|-weather|Sandstorm|[from] ability: Sand Stream|[of] p2a: Tyranitar\n|\n|-weather|Sandstorm|[upkeep]\n|-end|p1a: Landorus|move: Future Sight\n|-damage|p1a: Landorus|26\/100\n|-heal|p2a: Tyranitar|75\/100|[from] item: Leftovers\n|upkeep\n|turn|7\n|\n|t:|1652938548\n|switch|p2a: Slowgatell|Slowbro, M|39\/100\n|-damage|p2a: Slowgatell|27\/100|[from] Stealth Rock\n|move|p1a: Landorus|U-turn|p2a: Slowgatell\n|-supereffective|p2a: Slowgatell\n|-damage|p2a: Slowgatell|0 fnt\n|-damage|p1a: Landorus|10\/100|[from] item: Rocky Helmet|[of] p2a: Slowgatell\n|faint|p2a: Slowgatell\n|\n|t:|1652938556\n|switch|p1a: Tapu Koko|Tapu Koko|100\/100|[from]move: U-turn\n|-damage|p1a: Tapu Koko|88\/100|[from] Stealth Rock\n|-fieldstart|move: Electric Terrain|[from] ability: Electric Surge|[of] p1a: Tapu Koko\n|\n|-weather|Sandstorm|[upkeep]\n|-damage|p1a: Tapu Koko|82\/100|[from] Sandstorm\n|upkeep\n|\n|t:|1652938566\n|switch|p2a: Tyranitar|Tyranitar, F|75\/100\n|-damage|p2a: Tyranitar|63\/100|[from] Stealth Rock\n|turn|8\n|\n|t:|1652938572\n|move|p1a: Tapu Koko|Volt Switch|p2a: Tyranitar\n|-damage|p2a: Tyranitar|39\/100\n|\n|t:|1652938581\n|switch|p1a: Landorus|Landorus-Therian, M|10\/100|[from]move: Volt Switch\n|-damage|p1a: Landorus|0 fnt|[from] Stealth Rock\n|faint|p1a: Landorus\n|move|p2a: Tyranitar|Rock Blast|p1: Landorus|[notarget]\n|-fail|p2a: Tyranitar\n|\n|-weather|Sandstorm|[upkeep]\n|-heal|p2a: Tyranitar|46\/100|[from] item: Leftovers\n|upkeep\n|\n|t:|1652938586\n|switch|p1a: Medicham|Medicham, F|100\/100\n|-damage|p1a: Medicham|94\/100|[from] Stealth Rock\n|turn|9\n|\n|t:|1652938594\n|switch|p2a: Zapdos|Zapdos|100\/100\n|detailschange|p1a: Medicham|Medicham-Mega, F\n|-mega|p1a: Medicham|Medicham|Medichamite\n|move|p1a: Medicham|Substitute|p1a: Medicham\n|-start|p1a: Medicham|Substitute\n|-damage|p1a: Medicham|69\/100\n|\n|-weather|Sandstorm|[upkeep]\n|-damage|p1a: Medicham|63\/100|[from] Sandstorm\n|-damage|p2a: Zapdos|94\/100|[from] Sandstorm\n|upkeep\n|turn|10\n|\n|t:|1652938607\n|move|p1a: Medicham|Ice Punch|p2a: Zapdos\n|-supereffective|p2a: Zapdos\n|-damage|p2a: Zapdos|31\/100\n|move|p2a: Zapdos|Volt Switch|p1a: Medicham\n|-end|p1a: Medicham|Substitute\n|\n|t:|1652938615\n|switch|p2a: Greninja|Greninja, M|100\/100|[from]move: Volt Switch\n|-damage|p2a: Greninja|88\/100|[from] Stealth Rock\n|\n|-weather|none\n|upkeep\n|turn|11\n|\n|t:|1652938622\n|switch|p1a: Sylveon|Sylveon, F, shiny|38\/100 tox\n|-damage|p1a: Sylveon|26\/100 tox|[from] Stealth Rock\n|move|p2a: Greninja|Hydro Pump|p1a: Sylveon\n|-damage|p1a: Sylveon|0 fnt\n|faint|p1a: Sylveon\n|-activate|p2a: Greninja|ability: Battle Bond\n|detailschange|p2a: Greninja|Greninja-Ash, M\n|\n|-fieldend|move: Electric Terrain\n|upkeep\n|\n|t:|1652938634\n|switch|p1a: Greninja|Greninja, M|100\/100\n|-damage|p1a: Greninja|88\/100|[from] Stealth Rock\n|turn|12\n|\n|t:|1652938640\n|switch|p2a: Tyranitar|Tyranitar, F|46\/100\n|-damage|p2a: Tyranitar|33\/100|[from] Stealth Rock\n|-weather|Sandstorm|[from] ability: Sand Stream|[of] p2a: Tyranitar\n|-zpower|p1a: Greninja\n|move|p1a: Greninja|Z-Happy Hour|p1a: Greninja|[anim]Happy Hour\n|-boost|p1a: Greninja|atk|1|[zeffect]\n|-boost|p1a: Greninja|def|1|[zeffect]\n|-boost|p1a: Greninja|spa|1|[zeffect]\n|-boost|p1a: Greninja|spd|1|[zeffect]\n|-boost|p1a: Greninja|spe|1|[zeffect]\n|-start|p1a: Greninja|typechange|Normal|[from] ability: Protean\n|\n|-weather|Sandstorm|[upkeep]\n|-damage|p1a: Greninja|82\/100|[from] Sandstorm\n|-heal|p2a: Tyranitar|39\/100|[from] item: Leftovers\n|upkeep\n|turn|13\n|\n|t:|1652938659\n|move|p1a: Greninja|Low Kick|p2a: Tyranitar\n|-start|p1a: Greninja|typechange|Fighting|[from] ability: Protean\n|-supereffective|p2a: Tyranitar\n|-damage|p2a: Tyranitar|0 fnt\n|faint|p2a: Tyranitar\n|\n|-weather|Sandstorm|[upkeep]\n|-damage|p1a: Greninja|76\/100|[from] Sandstorm\n|upkeep\n|\n|t:|1652938668\n|switch|p2a: Kommo-o|Kommo-o, F|100\/100\n|-damage|p2a: Kommo-o|94\/100|[from] Stealth Rock\n|turn|14\n|\n|t:|1652938672\n|move|p1a: Greninja|Ice Beam|p2a: Kommo-o\n|-start|p1a: Greninja|typechange|Ice|[from] ability: Protean\n|-supereffective|p2a: Kommo-o\n|-damage|p2a: Kommo-o|0 fnt\n|faint|p2a: Kommo-o\n|\n|-weather|Sandstorm|[upkeep]\n|-damage|p1a: Greninja|70\/100|[from] Sandstorm\n|upkeep\n|\n|t:|1652938682\n|switch|p2a: Greninja|Greninja-Ash, M|88\/100\n|-damage|p2a: Greninja|76\/100|[from] Stealth Rock\n|turn|15\n|\n|t:|1652938686\n|move|p2a: Greninja|Water Shuriken|p1a: Greninja\n|-damage|p1a: Greninja|48\/100\n|-damage|p1a: Greninja|26\/100\n|-damage|p1a: Greninja|4\/100\n|-hitcount|p1a: Greninja|3\n|move|p1a: Greninja|Low Kick|p2a: Greninja\n|-start|p1a: Greninja|typechange|Fighting|[from] ability: Protean\n|-supereffective|p2a: Greninja\n|-damage|p2a: Greninja|0 fnt\n|faint|p2a: Greninja\n|\n|-weather|Sandstorm|[upkeep]\n|-damage|p1a: Greninja|0 fnt|[from] Sandstorm\n|faint|p1a: Greninja\n|upkeep\n|-message|Fastpitchkiller forfeited.\n|\n|win|LemonTeaCold\n|raw|LemonTeaCold's rating: 1756 &rarr; <strong>1773<\/strong><br \/>(+17 for winning)\n|raw|Fastpitchkiller's rating: 1701 &rarr; <strong>1684<\/strong><br \/>(-17 for losing)\n|l|\u2606Fastpitchkiller\n","uploadtime":1652938703,"views":22,"p1id":"lemonteacold","p2id":"fastpitchkiller","formatid":"gen8nationaldex","rating":1684,"private":0,"password":null}