{"id":"gen8monotype-1149813323","p1":"mudkipz fo the win","p2":"Goootzinho","format":"gen8monotype","log":"|j|\u2606mudkipz fo the win\n|j|\u2606Goootzinho\n|player|p1|mudkipz fo the win|170|1220\n|player|p2|Goootzinho|galacticgrunt|1391\n|teamsize|p1|6\n|teamsize|p2|6\n|gametype|singles\n|gen|8\n|tier|[Gen 8] Monotype\n|rated|\n|rule|Same Type Clause: Pok\u00e9mon in a team must share a type\n|clearpoke\n|poke|p1|Scolipede, M|\n|poke|p1|Salazzle, F|\n|poke|p1|Gengar, M|\n|poke|p1|Amoonguss, F|\n|poke|p1|Venusaur, F|\n|poke|p1|Toxapex, F|\n|poke|p2|Torkoal, M|\n|poke|p2|Cinderace, F|\n|poke|p2|Volcarona, F|\n|poke|p2|Marowak-Alola, F|\n|poke|p2|Charizard, F|\n|poke|p2|Incineroar, F|\n|rule|Sleep Clause Mod: Limit one foe put to sleep\n|rule|Species Clause: Limit one of each Pok\u00e9mon\n|rule|OHKO Clause: OHKO moves are banned\n|rule|Evasion Moves Clause: Evasion moves are banned\n|rule|Endless Battle Clause: Forcing endless battles is banned\n|rule|HP Percentage Mod: HP is shown in percentages\n|rule|Dynamax Clause: You cannot dynamax\n|teampreview\n|\n|start\n|switch|p1a: Toxapex|Toxapex, F|100\/100\n|switch|p2a: Torkoal|Torkoal, M|100\/100\n|-weather|SunnyDay|[from] ability: Drought|[of] p2a: Torkoal\n|turn|1\n|\n|move|p1a: Toxapex|Toxic Spikes|p2a: Torkoal\n|-sidestart|p2: Goootzinho|move: Toxic Spikes\n|move|p2a: Torkoal|Yawn|p1a: Toxapex\n|-start|p1a: Toxapex|move: Yawn|[of] p2a: Torkoal\n|\n|-weather|SunnyDay|[upkeep]\n|upkeep\n|turn|2\n|inactive|Battle timer is ON: inactive players will automatically lose when time's up. (requested by Goootzinho)\n|\n|switch|p1a: Salazzle|Salazzle, F|100\/100\n|move|p2a: Torkoal|Stealth Rock|p1a: Salazzle\n|-sidestart|p1: mudkipz fo the win|move: Stealth Rock\n|\n|-weather|SunnyDay|[upkeep]\n|upkeep\n|turn|3\n|\n|switch|p2a: Marowak|Marowak-Alola, F|100\/100\n|-status|p2a: Marowak|psn\n|move|p1a: Salazzle|Substitute|p1a: Salazzle\n|-start|p1a: Salazzle|Substitute\n|-damage|p1a: Salazzle|76\/100\n|\n|-weather|SunnyDay|[upkeep]\n|-damage|p2a: Marowak|88\/100 psn|[from] psn\n|upkeep\n|turn|4\n|\n|move|p1a: Salazzle|Protect|p1a: Salazzle\n|-singleturn|p1a: Salazzle|Protect\n|move|p2a: Marowak|Earthquake|p1a: Salazzle\n|-activate|p1a: Salazzle|move: Protect\n|\n|-weather|SunnyDay|[upkeep]\n|-damage|p2a: Marowak|76\/100 psn|[from] psn\n|upkeep\n|turn|5\n|\n|move|p1a: Salazzle|Flamethrower|p2a: Marowak\n|-resisted|p2a: Marowak\n|-damage|p2a: Marowak|37\/100 psn\n|move|p2a: Marowak|Earthquake|p1a: Salazzle\n|-supereffective|p1a: Salazzle\n|-end|p1a: Salazzle|Substitute\n|\n|-weather|SunnyDay|[upkeep]\n|-damage|p2a: Marowak|25\/100 psn|[from] psn\n|upkeep\n|turn|6\n|\n|move|p1a: Salazzle|Flamethrower|p2a: Marowak\n|-resisted|p2a: Marowak\n|-damage|p2a: Marowak|0 fnt\n|faint|p2a: Marowak\n|\n|-weather|SunnyDay|[upkeep]\n|upkeep\n|\n|switch|p2a: Cinderace|Cinderace, F|100\/100\n|turn|7\n|\n|move|p2a: Cinderace|Bulk Up|p2a: Cinderace\n|-start|p2a: Cinderace|typechange|Fighting|[from] ability: Libero\n|-boost|p2a: Cinderace|atk|1\n|-boost|p2a: Cinderace|def|1\n|move|p1a: Salazzle|Flamethrower|p2a: Cinderace\n|-damage|p2a: Cinderace|33\/100\n|\n|-weather|SunnyDay|[upkeep]\n|upkeep\n|turn|8\n|\n|move|p2a: Cinderace|Pyro Ball|p1a: Salazzle|[miss]\n|-start|p2a: Cinderace|typechange|Fire|[from] ability: Libero\n|-miss|p2a: Cinderace|p1a: Salazzle\n|move|p1a: Salazzle|Flamethrower|p2a: Cinderace\n|-resisted|p2a: Cinderace\n|-damage|p2a: Cinderace|0 fnt\n|faint|p2a: Cinderace\n|\n|-weather|none\n|upkeep\n|-message|Goootzinho forfeited.\n|\n|win|mudkipz fo the win\n|l|\u2606Goootzinho\n|raw|mudkipz fo the win's rating: 1220 &rarr; <strong>1256<\/strong><br \/>(+36 for winning)\n|raw|Goootzinho's rating: 1391 &rarr; <strong>1362<\/strong><br \/>(-29 for losing)\n","uploadtime":1594565492,"views":13,"p1id":"mudkipzfothewin","p2id":"goootzinho","formatid":"gen8monotype","rating":1256,"private":0,"password":null}