{"id":"gen8randombattle-1207640302","p1":"fckallnameistaken","p2":"wolfwarrior","format":"gen8randombattle","log":"|j|\u2606fckallnameistaken\n|j|\u2606wolfwarrior\n|t:|1603415575\n|player|p1|fckallnameistaken|volkner|1465\n|player|p2|wolfwarrior|2|1487\n|teamsize|p1|6\n|teamsize|p2|6\n|gametype|singles\n|gen|8\n|tier|[Gen 8] Random Battle\n|rated|\n|rule|Species Clause: Limit one of each Pok\u00e9mon\n|rule|HP Percentage Mod: HP is shown in percentages\n|rule|Sleep Clause Mod: Limit one foe put to sleep\n|\n|t:|1603415575\n|start\n|switch|p1a: Clefable|Clefable, L80, M|283\/283\n|switch|p2a: Walrein|Walrein, L88, M|337\/337\n|turn|1\n|\n|t:|1603415589\n|switch|p2a: Umbreon|Umbreon, L84, M|297\/297\n|move|p1a: Clefable|Calm Mind|p1a: Clefable\n|-boost|p1a: Clefable|spa|1\n|-boost|p1a: Clefable|spd|1\n|\n|upkeep\n|turn|2\n|\n|t:|1603415596\n|move|p2a: Umbreon|Yawn|p1a: Clefable\n|-start|p1a: Clefable|move: Yawn|[of] p2a: Umbreon\n|move|p1a: Clefable|Moonblast|p2a: Umbreon\n|-supereffective|p2a: Umbreon\n|-damage|p2a: Umbreon|29\/297\n|-unboost|p2a: Umbreon|spa|1\n|\n|-heal|p2a: Umbreon|47\/297|[from] item: Leftovers\n|upkeep\n|turn|3\n|\n|t:|1603415605\n|switch|p1a: Flareon|Flareon, L88, M|258\/258\n|move|p2a: Umbreon|Wish|p2a: Umbreon\n|\n|-heal|p2a: Umbreon|65\/297|[from] item: Leftovers\n|-status|p1a: Flareon|tox|[from] item: Toxic Orb\n|upkeep\n|turn|4\n|\n|t:|1603415622\n|switch|p2a: Duraludon|Duraludon, L86, F|261\/261\n|move|p1a: Flareon|Flame Charge|p2a: Duraludon\n|-damage|p2a: Duraludon|171\/261\n|-boost|p1a: Flareon|spe|1\n|\n|-heal|p2a: Duraludon|261\/261|[from] move: Wish|[wisher] Umbreon\n|-damage|p1a: Flareon|242\/258 tox|[from] psn\n|upkeep\n|turn|5\n|\n|t:|1603415634\n|switch|p2a: Umbreon|Umbreon, L84, M|65\/297\n|move|p1a: Flareon|Superpower|p2a: Umbreon\n|-supereffective|p2a: Umbreon\n|-damage|p2a: Umbreon|0 fnt\n|-unboost|p1a: Flareon|atk|1\n|-unboost|p1a: Flareon|def|1\n|faint|p2a: Umbreon\n|\n|-damage|p1a: Flareon|210\/258 tox|[from] psn\n|upkeep\n|\n|t:|1603415652\n|switch|p2a: Duraludon|Duraludon, L86, F|261\/261\n|turn|6\n|\n|t:|1603415659\n|move|p1a: Flareon|Superpower|p2a: Duraludon\n|-supereffective|p2a: Duraludon\n|-damage|p2a: Duraludon|89\/261\n|-unboost|p1a: Flareon|atk|1\n|-unboost|p1a: Flareon|def|1\n|move|p2a: Duraludon|Stealth Rock|p1a: Flareon\n|-sidestart|p1: fckallnameistaken|move: Stealth Rock\n|\n|-damage|p1a: Flareon|162\/258 tox|[from] psn\n|upkeep\n|turn|7\n|\n|t:|1603415670\n|switch|p2a: Conkeldurr|Conkeldurr, L82, M|306\/306\n|move|p1a: Flareon|Superpower|p2a: Conkeldurr\n|-damage|p2a: Conkeldurr|228\/306\n|-unboost|p1a: Flareon|atk|1\n|-unboost|p1a: Flareon|def|1\n|\n|-damage|p1a: Flareon|98\/258 tox|[from] psn\n|-status|p2a: Conkeldurr|brn|[from] item: Flame Orb\n|upkeep\n|turn|8\n|\n|t:|1603415686\n|switch|p1a: Clefable|Clefable, L80, M|283\/283\n|move|p2a: Conkeldurr|Mach Punch|p1a: Clefable\n|-resisted|p1a: Clefable\n|-damage|p1a: Clefable|238\/283\n|\n|-damage|p2a: Conkeldurr|209\/306 brn|[from] brn\n|upkeep\n|turn|9\n|\n|t:|1603415696\n|switch|p2a: Walrein|Walrein, L88, M|337\/337\n|move|p1a: Clefable|Moonblast|p2a: Walrein\n|-damage|p2a: Walrein|228\/337\n|\n|-heal|p2a: Walrein|249\/337|[from] item: Leftovers\n|upkeep\n|turn|10\n|\n|t:|1603415718\n|switch|p2a: Duraludon|Duraludon, L86, F|89\/261\n|move|p1a: Clefable|Calm Mind|p1a: Clefable\n|-boost|p1a: Clefable|spa|1\n|-boost|p1a: Clefable|spd|1\n|\n|upkeep\n|turn|11\n|\n|t:|1603415727\n|move|p2a: Duraludon|Flash Cannon|p1a: Clefable\n|-supereffective|p1a: Clefable\n|-damage|p1a: Clefable|59\/283\n|-damage|p2a: Duraludon|63\/261|[from] item: Life Orb\n|move|p1a: Clefable|Moonblast|p2a: Duraludon\n|-damage|p2a: Duraludon|0 fnt\n|faint|p2a: Duraludon\n|\n|upkeep\n|\n|t:|1603415742\n|switch|p2a: Pikachu|Pikachu-Sinnoh, L88, M|205\/205\n|turn|12\n|\n|t:|1603415760\n|move|p2a: Pikachu|Iron Tail|p1a: Clefable|[miss]\n|-miss|p2a: Pikachu|p1a: Clefable\n|move|p1a: Clefable|Moonblast|p2a: Pikachu\n|-damage|p2a: Pikachu|0 fnt\n|faint|p2a: Pikachu\n|\n|upkeep\n|\n|t:|1603415784\n|switch|p2a: Walrein|Walrein, L88, M|249\/337\n|turn|13\n|\n|t:|1603415787\n|move|p2a: Walrein|Ice Beam|p1a: Clefable\n|-damage|p1a: Clefable|0 fnt\n|faint|p1a: Clefable\n|\n|-heal|p2a: Walrein|270\/337|[from] item: Leftovers\n|upkeep\n|\n|t:|1603415794\n|switch|p1a: Flareon|Flareon, L88, M|98\/258 tox\n|-damage|p1a: Flareon|34\/258 tox|[from] Stealth Rock\n|turn|14\n|\n|t:|1603415802\n|move|p2a: Walrein|Protect|p2a: Walrein\n|-singleturn|p2a: Walrein|Protect\n|move|p1a: Flareon|Superpower|p2a: Walrein\n|-activate|p2a: Walrein|move: Protect\n|\n|-heal|p2a: Walrein|291\/337|[from] item: Leftovers\n|-damage|p1a: Flareon|18\/258 tox|[from] psn\n|upkeep\n|turn|15\n|\n|t:|1603415815\n|move|p2a: Walrein|Protect||[still]\n|-fail|p2a: Walrein\n|move|p1a: Flareon|Facade|p2a: Walrein\n|-damage|p2a: Walrein|114\/337\n|\n|-heal|p2a: Walrein|135\/337|[from] item: Leftovers\n|-damage|p1a: Flareon|0 fnt|[from] psn\n|faint|p1a: Flareon\n|upkeep\n|\n|t:|1603415831\n|switch|p1a: Lycanroc|Lycanroc-Midnight, L88, M|293\/293\n|-damage|p1a: Lycanroc|257\/293|[from] Stealth Rock\n|turn|16\n|\n|t:|1603415838\n|move|p1a: Lycanroc|Stone Edge|p2a: Walrein\n|-supereffective|p2a: Walrein\n|-damage|p2a: Walrein|0 fnt\n|-damage|p1a: Lycanroc|228\/293|[from] item: Life Orb\n|faint|p2a: Walrein\n|\n|upkeep\n|\n|t:|1603415849\n|switch|p2a: Conkeldurr|Conkeldurr, L82, M|209\/306 brn\n|turn|17\n|\n|t:|1603415876\n|move|p1a: Lycanroc|Close Combat|p2a: Conkeldurr\n|-damage|p2a: Conkeldurr|66\/306 brn\n|-unboost|p1a: Lycanroc|def|1\n|-unboost|p1a: Lycanroc|spd|1\n|-damage|p1a: Lycanroc|199\/293|[from] item: Life Orb\n|move|p2a: Conkeldurr|Facade|p1a: Lycanroc\n|-resisted|p1a: Lycanroc\n|-damage|p1a: Lycanroc|52\/293\n|\n|-damage|p2a: Conkeldurr|47\/306 brn|[from] brn\n|upkeep\n|turn|18\n|\n|t:|1603415886\n|move|p2a: Conkeldurr|Mach Punch|p1a: Lycanroc\n|-supereffective|p1a: Lycanroc\n|-damage|p1a: Lycanroc|0 fnt\n|faint|p1a: Lycanroc\n|\n|-damage|p2a: Conkeldurr|28\/306 brn|[from] brn\n|upkeep\n|\n|t:|1603415898\n|switch|p1a: Aerodactyl|Aerodactyl, L84, F|272\/272\n|-ability|p1a: Aerodactyl|Unnerve|p2: wolfwarrior\n|turn|19\n|\n|t:|1603415903\n|move|p2a: Conkeldurr|Mach Punch|p1a: Aerodactyl\n|-damage|p1a: Aerodactyl|179\/272\n|move|p1a: Aerodactyl|Dual Wingbeat|p2a: Conkeldurr\n|-supereffective|p2a: Conkeldurr\n|-crit|p2a: Conkeldurr\n|-damage|p2a: Conkeldurr|0 fnt\n|-hitcount|p2a: Conkeldurr|1\n|faint|p2a: Conkeldurr\n|\n|upkeep\n|\n|t:|1603415908\n|switch|p2a: Kyurem|Kyurem, L80|331\/331\n|-ability|p2a: Kyurem|Pressure\n|turn|20\n|\n|t:|1603415943\n|-start|p2a: Kyurem|Dynamax\n|-heal|p2a: Kyurem|662\/662|[silent]\n|move|p1a: Aerodactyl|Stone Edge|p2a: Kyurem\n|-supereffective|p2a: Kyurem\n|-damage|p2a: Kyurem|428\/662\n|move|p2a: Kyurem|Max Hailstorm|p1a: Aerodactyl\n|-supereffective|p1a: Aerodactyl\n|-damage|p1a: Aerodactyl|0 fnt\n|-weather|Hail\n|faint|p1a: Aerodactyl\n|\n|-weather|Hail|[upkeep]\n|upkeep\n|\n|t:|1603415957\n|switch|p1a: Kyurem|Kyurem-White, L74|307\/307\n|-damage|p1a: Kyurem|231\/307|[from] Stealth Rock\n|-ability|p1a: Kyurem|Turboblaze\n|turn|21\n|\n|t:|1603415968\n|move|p1a: Kyurem|Draco Meteor|p2a: Kyurem\n|-supereffective|p2a: Kyurem\n|-damage|p2a: Kyurem|98\/662\n|-unboost|p1a: Kyurem|spa|2\n|move|p2a: Kyurem|Max Wyrmwind|p1a: Kyurem\n|-supereffective|p1a: Kyurem\n|-damage|p1a: Kyurem|0 fnt\n|faint|p1a: Kyurem\n|\n|-weather|Hail|[upkeep]\n|upkeep\n|\n|t:|1603415974\n|switch|p1a: Cinccino|Cinccino, L86, F|269\/269\n|-damage|p1a: Cinccino|236\/269|[from] Stealth Rock\n|turn|22\n|\n|t:|1603415979\n|move|p1a: Cinccino|Rock Blast|p2a: Kyurem\n|-supereffective|p2a: Kyurem\n|-damage|p2a: Kyurem|38\/662\n|-supereffective|p2a: Kyurem\n|-damage|p2a: Kyurem|0 fnt\n|-hitcount|p2a: Kyurem|2\n|faint|p2a: Kyurem\n|\n|win|fckallnameistaken\n|l|\u2606wolfwarrior\n|raw|fckallnameistaken's rating: 1465 &rarr; <strong>1487<\/strong><br \/>(+22 for winning)\n|raw|wolfwarrior's rating: 1487 &rarr; <strong>1466<\/strong><br \/>(-21 for losing)\n","inputlog":">version a55d3cd53022db1294c6cfe05442a4f0b647c31b\n>start {\"formatid\":\"gen8randombattle\",\"seed\":[19908,8684,14990,60568],\"rated\":\"Rated battle\"}\n>player p1 {\"name\":\"fckallnameistaken\",\"avatar\":\"volkner\",\"team\":\"\",\"rating\":1465,\"seed\":[34481,23580,16426,63167]}\n>player p2 {\"name\":\"wolfwarrior\",\"avatar\":\"2\",\"team\":\"\",\"rating\":1487,\"seed\":[64449,43670,587,1835]}\n>p1 move calmmind\n>p2 switch 6\n>p1 move moonblast\n>p2 move yawn\n>p1 switch 5\n>p2 move wish\n>p1 move flamecharge\n>p2 switch 3\n>p1 move superpower\n>p2 switch 3\n>p2 switch 3\n>p1 move superpower\n>p2 move stealthrock\n>p1 move superpower\n>p2 switch 2\n>p1 switch 5\n>p2 move machpunch\n>p1 move moonblast\n>p2 switch 6\n>p1 move calmmind\n>p2 switch 2\n>p1 move moonblast\n>p2 move flashcannon\n>p2 switch 5\n>p1 move moonblast\n>p2 move irontail\n>p2 switch 2\n>p1 move moonblast\n>p2 move icebeam\n>p1 switch 5\n>p1 move superpower\n>p2 move protect\n>p1 move facade\n>p2 move protect\n>p1 switch 3\n>p1 move stoneedge\n>p2 move surf\n>p2 switch 6\n>p1 move closecombat\n>p2 move facade\n>p1 move stealthrock\n>p2 move machpunch\n>p1 switch 2\n>p1 move dualwingbeat\n>p2 move machpunch\n>p2 switch 4\n>p1 move stoneedge\n>p2 move icebeam dynamax\n>p1 switch 6\n>p1 move dracometeor\n>p2 move dracometeor dynamax\n>p1 switch 4\n>p1 move rockblast\n>p2 move icebeam dynamax","uploadtime":1603415988,"views":5,"p1id":"fckallnameistaken","p2id":"wolfwarrior","formatid":"gen8randombattle","rating":1466,"private":0,"password":null}