{"id":"gen8ou-1683204435","p1":"Scoots Mgee","p2":"mowlawner-bot","format":"gen8ou","log":"|j|\u2606Scoots Mgee\n|j|\u2606mowlawner-bot\n|t:|1665506051\n|gametype|singles\n|player|p1|Scoots Mgee|acetrainerf|1456\n|player|p2|mowlawner-bot|1|1433\n|teamsize|p1|6\n|teamsize|p2|6\n|gen|8\n|tier|[Gen 8] OU\n|rated|\n|rule|Sleep Clause Mod: Limit one foe put to sleep\n|rule|Species Clause: Limit one of each Pok\u00e9mon\n|rule|OHKO Clause: OHKO moves are banned\n|rule|Evasion Items Clause: Evasion items are banned\n|rule|Evasion Moves Clause: Evasion moves are banned\n|rule|Endless Battle Clause: Forcing endless battles is banned\n|rule|HP Percentage Mod: HP is shown in percentages\n|rule|Dynamax Clause: You cannot dynamax\n|clearpoke\n|poke|p1|Garchomp, M|\n|poke|p1|Rillaboom, M|\n|poke|p1|Corviknight, F|\n|poke|p1|Blissey, F|\n|poke|p1|Tapu Lele|\n|poke|p1|Zapdos|\n|poke|p2|Seismitoad, F|\n|poke|p2|Rotom-Heat|\n|poke|p2|Corviknight, F|\n|poke|p2|Hatterene, F|\n|poke|p2|Dragapult, F|\n|poke|p2|Hippowdon, F|\n|teampreview\n|inactive|Battle timer is ON: inactive players will automatically lose when time's up. (requested by Scoots Mgee)\n|c|\u2606mowlawner-bot|Hello! I am a bot created to test my creator's coding ability. I may do some strange things during this battle. I cannot respond to your messages. Good luck and have fun!\n|inactive|mowlawner-bot also wants the timer to be on.\n|\n|t:|1665506065\n|start\n|switch|p1a: Rillaboom|Rillaboom, M|100\/100\n|switch|p2a: Hippowdon|Hippowdon, F|100\/100\n|-fieldstart|move: Grassy Terrain|[from] ability: Grassy Surge|[of] p1a: Rillaboom\n|-weather|Sandstorm|[from] ability: Sand Stream|[of] p2a: Hippowdon\n|turn|1\n|\n|t:|1665506072\n|switch|p2a: Corviknight|Corviknight, F|100\/100\n|-ability|p2a: Corviknight|Pressure\n|move|p1a: Rillaboom|Knock Off|p2a: Corviknight\n|-damage|p2a: Corviknight|67\/100\n|-enditem|p2a: Corviknight|Leftovers|[from] move: Knock Off|[of] p1a: Rillaboom\n|\n|-weather|Sandstorm|[upkeep]\n|-damage|p1a: Rillaboom|94\/100|[from] Sandstorm\n|-heal|p1a: Rillaboom|100\/100|[from] Grassy Terrain\n|upkeep\n|turn|2\n|\n|t:|1665506079\n|switch|p1a: Zapdos|Zapdos|100\/100\n|move|p2a: Corviknight|Roost|p2a: Corviknight\n|-heal|p2a: Corviknight|100\/100\n|-singleturn|p2a: Corviknight|move: Roost\n|\n|-weather|Sandstorm|[upkeep]\n|-damage|p1a: Zapdos|94\/100|[from] Sandstorm\n|upkeep\n|turn|3\n|\n|t:|1665506084\n|switch|p2a: Hatterene|Hatterene, F|100\/100\n|move|p1a: Zapdos|Hurricane|p2a: Hatterene|[miss]\n|-miss|p1a: Zapdos|p2a: Hatterene\n|\n|-weather|Sandstorm|[upkeep]\n|-damage|p1a: Zapdos|88\/100|[from] Sandstorm\n|-damage|p2a: Hatterene|95\/100|[from] Sandstorm\n|-heal|p2a: Hatterene|100\/100|[from] Grassy Terrain\n|upkeep\n|turn|4\n|\n|t:|1665506087\n|move|p1a: Zapdos|Hurricane|p2a: Hatterene\n|-damage|p2a: Hatterene|51\/100\n|move|p2a: Hatterene|Mystical Fire|p1a: Zapdos\n|-damage|p1a: Zapdos|57\/100\n|-unboost|p1a: Zapdos|spa|1\n|\n|-weather|Sandstorm|[upkeep]\n|-damage|p1a: Zapdos|50\/100|[from] Sandstorm\n|-damage|p2a: Hatterene|45\/100|[from] Sandstorm\n|-heal|p2a: Hatterene|51\/100|[from] Grassy Terrain\n|upkeep\n|turn|5\n|\n|t:|1665506096\n|switch|p1a: Garchomp|Garchomp, M|100\/100\n|move|p2a: Hatterene|Mystical Fire|p1a: Garchomp\n|-resisted|p1a: Garchomp\n|-damage|p1a: Garchomp|88\/100\n|-unboost|p1a: Garchomp|spa|1\n|\n|-weather|none\n|-heal|p1a: Garchomp|94\/100|[from] Grassy Terrain\n|-heal|p1a: Garchomp|99\/100|[from] item: Leftovers\n|-heal|p2a: Hatterene|57\/100|[from] Grassy Terrain\n|-fieldend|move: Grassy Terrain\n|upkeep\n|turn|6\n|\n|t:|1665506103\n|switch|p1a: Corviknight|Corviknight, F|100\/100\n|-ability|p1a: Corviknight|Pressure\n|switch|p2a: Hippowdon|Hippowdon, F|100\/100\n|-weather|Sandstorm|[from] ability: Sand Stream|[of] p2a: Hippowdon\n|\n|-weather|Sandstorm|[upkeep]\n|upkeep\n|turn|7\n|\n|t:|1665506106\n|move|p1a: Corviknight|U-turn|p2a: Hippowdon\n|-damage|p2a: Hippowdon|93\/100\n|-damage|p1a: Corviknight|84\/100|[from] item: Rocky Helmet|[of] p2a: Hippowdon\n|\n|t:|1665506107\n|switch|p1a: Rillaboom|Rillaboom, M|100\/100|[from]move: U-turn\n|-fieldstart|move: Grassy Terrain|[from] ability: Grassy Surge|[of] p1a: Rillaboom\n|move|p2a: Hippowdon|Stealth Rock|p1a: Rillaboom\n|-sidestart|p1: Scoots Mgee|move: Stealth Rock\n|\n|-weather|Sandstorm|[upkeep]\n|-damage|p1a: Rillaboom|94\/100|[from] Sandstorm\n|-heal|p1a: Rillaboom|100\/100|[from] Grassy Terrain\n|-heal|p2a: Hippowdon|99\/100|[from] Grassy Terrain\n|upkeep\n|turn|8\n|\n|t:|1665506117\n|switch|p2a: Corviknight|Corviknight, F|100\/100\n|-ability|p2a: Corviknight|Pressure\n|move|p1a: Rillaboom|U-turn|p2a: Corviknight\n|-resisted|p2a: Corviknight\n|-damage|p2a: Corviknight|95\/100\n|\n|t:|1665506122\n|switch|p1a: Blissey|Blissey, F|100\/100|[from]move: U-turn\n|\n|-weather|Sandstorm|[upkeep]\n|-damage|p1a: Blissey|94\/100|[from] Sandstorm\n|-heal|p1a: Blissey|100\/100|[from] Grassy Terrain\n|upkeep\n|turn|9\n|\n|t:|1665506124\n|move|p2a: Corviknight|Iron Head|p1a: Blissey\n|-damage|p1a: Blissey|81\/100\n|move|p1a: Blissey|Thunder Wave|p2a: Corviknight\n|-status|p2a: Corviknight|par\n|\n|-weather|Sandstorm|[upkeep]\n|-damage|p1a: Blissey|75\/100|[from] Sandstorm\n|-heal|p1a: Blissey|81\/100|[from] Grassy Terrain\n|upkeep\n|turn|10\n|\n|t:|1665506127\n|move|p1a: Blissey|Wish|p1a: Blissey\n|move|p2a: Corviknight|Roost|p2a: Corviknight\n|-heal|p2a: Corviknight|100\/100 par\n|-singleturn|p2a: Corviknight|move: Roost\n|\n|-weather|none\n|-heal|p1a: Blissey|87\/100|[from] Grassy Terrain\n|upkeep\n|turn|11\n|\n|t:|1665506130\n|switch|p1a: Zapdos|Zapdos|50\/100\n|-damage|p1a: Zapdos|25\/100|[from] Stealth Rock\n|switch|p2a: Dragapult|Dragapult, F|100\/100\n|\n|-heal|p1a: Zapdos|100\/100|[from] move: Wish|[wisher] Blissey\n|-fieldend|move: Grassy Terrain\n|upkeep\n|turn|12\n|\n|t:|1665506134\n|switch|p1a: Blissey|Blissey, F|87\/100\n|move|p2a: Dragapult|Draco Meteor|p1a: Blissey\n|-damage|p1a: Blissey|52\/100\n|-unboost|p2a: Dragapult|spa|2\n|\n|upkeep\n|turn|13\n|\n|t:|1665506139\n|switch|p2a: Seismitoad|Seismitoad, F|100\/100\n|move|p1a: Blissey|Wish|p1a: Blissey\n|\n|upkeep\n|turn|14\n|\n|t:|1665506141\n|switch|p2a: Hippowdon|Hippowdon, F|99\/100\n|-weather|Sandstorm|[from] ability: Sand Stream|[of] p2a: Hippowdon\n|move|p1a: Blissey|Protect||[still]\n|-fail|p1a: Blissey\n|\n|-weather|Sandstorm|[upkeep]\n|-damage|p1a: Blissey|45\/100|[from] Sandstorm\n|-heal|p1a: Blissey|95\/100|[from] move: Wish|[wisher] Blissey\n|upkeep\n|turn|15\n|\n|t:|1665506145\n|switch|p2a: Seismitoad|Seismitoad, F|100\/100\n|move|p1a: Blissey|Wish|p1a: Blissey\n|\n|-weather|Sandstorm|[upkeep]\n|-damage|p1a: Blissey|89\/100|[from] Sandstorm\n|upkeep\n|turn|16\n|\n|t:|1665506148\n|switch|p2a: Dragapult|Dragapult, F|100\/100\n|switch|p1a: Rillaboom|Rillaboom, M|100\/100\n|-damage|p1a: Rillaboom|88\/100|[from] Stealth Rock\n|-fieldstart|move: Grassy Terrain|[from] ability: Grassy Surge|[of] p1a: Rillaboom\n|\n|-weather|Sandstorm|[upkeep]\n|-damage|p2a: Dragapult|95\/100|[from] Sandstorm\n|-damage|p1a: Rillaboom|82\/100|[from] Sandstorm\n|-heal|p1a: Rillaboom|100\/100|[from] move: Wish|[wisher] Blissey\n|-heal|p2a: Dragapult|100\/100|[from] Grassy Terrain\n|upkeep\n|turn|17\n|\n|t:|1665506152\n|switch|p1a: Blissey|Blissey, F|89\/100\n|move|p2a: Dragapult|Flamethrower|p1a: Blissey\n|-damage|p1a: Blissey|74\/100\n|\n|-weather|Sandstorm|[upkeep]\n|-damage|p2a: Dragapult|95\/100|[from] Sandstorm\n|-damage|p1a: Blissey|68\/100|[from] Sandstorm\n|-heal|p2a: Dragapult|100\/100|[from] Grassy Terrain\n|-heal|p1a: Blissey|74\/100|[from] Grassy Terrain\n|upkeep\n|turn|18\n|\n|t:|1665506155\n|switch|p2a: Seismitoad|Seismitoad, F|100\/100\n|move|p1a: Blissey|Thunder Wave|p2a: Seismitoad\n|-immune|p2a: Seismitoad\n|\n|-weather|none\n|-heal|p1a: Blissey|80\/100|[from] Grassy Terrain\n|upkeep\n|turn|19\n|\n|t:|1665506158\n|move|p2a: Seismitoad|Liquidation|p1a: Blissey\n|-damage|p1a: Blissey|26\/100\n|move|p1a: Blissey|Seismic Toss|p2a: Seismitoad\n|-damage|p2a: Seismitoad|72\/100\n|\n|-heal|p2a: Seismitoad|78\/100|[from] Grassy Terrain\n|-heal|p1a: Blissey|32\/100|[from] Grassy Terrain\n|upkeep\n|turn|20\n|\n|t:|1665506161\n|switch|p1a: Garchomp|Garchomp, M|99\/100\n|-damage|p1a: Garchomp|94\/100|[from] Stealth Rock\n|move|p2a: Seismitoad|Liquidation|p1a: Garchomp\n|-damage|p1a: Garchomp|42\/100\n|-unboost|p1a: Garchomp|def|1\n|-damage|p2a: Seismitoad|66\/100|[from] ability: Rough Skin|[of] p1a: Garchomp\n|\n|-heal|p1a: Garchomp|48\/100|[from] Grassy Terrain\n|-heal|p1a: Garchomp|54\/100|[from] item: Leftovers\n|-heal|p2a: Seismitoad|72\/100|[from] Grassy Terrain\n|-fieldend|move: Grassy Terrain\n|upkeep\n|turn|21\n|\n|t:|1665506163\n|switch|p1a: Corviknight|Corviknight, F|84\/100\n|-damage|p1a: Corviknight|72\/100|[from] Stealth Rock\n|-ability|p1a: Corviknight|Pressure\n|move|p2a: Seismitoad|Liquidation|p1a: Corviknight\n|-damage|p1a: Corviknight|36\/100\n|-damage|p2a: Seismitoad|55\/100|[from] item: Rocky Helmet|[of] p1a: Corviknight\n|\n|upkeep\n|turn|22\n|\n|t:|1665506165\n|switch|p2a: Dragapult|Dragapult, F|100\/100\n|move|p1a: Corviknight|Roost|p1a: Corviknight\n|-heal|p1a: Corviknight|86\/100\n|-singleturn|p1a: Corviknight|move: Roost\n|\n|upkeep\n|turn|23\n|\n|t:|1665506169\n|switch|p1a: Tapu Lele|Tapu Lele|100\/100\n|-damage|p1a: Tapu Lele|88\/100|[from] Stealth Rock\n|-fieldstart|move: Psychic Terrain|[from] ability: Psychic Surge|[of] p1a: Tapu Lele\n|move|p2a: Dragapult|Shadow Ball|p1a: Tapu Lele\n|-supereffective|p1a: Tapu Lele\n|-damage|p1a: Tapu Lele|0 fnt\n|faint|p1a: Tapu Lele\n|\n|upkeep\n|\n|t:|1665506173\n|switch|p1a: Rillaboom|Rillaboom, M|100\/100\n|-damage|p1a: Rillaboom|88\/100|[from] Stealth Rock\n|-fieldstart|move: Grassy Terrain|[from] ability: Grassy Surge|[of] p1a: Rillaboom\n|turn|24\n|\n|t:|1665506174\n|switch|p2a: Corviknight|Corviknight, F|100\/100 par\n|-ability|p2a: Corviknight|Pressure\n|move|p1a: Rillaboom|Knock Off|p2a: Corviknight\n|-damage|p2a: Corviknight|78\/100 par\n|\n|-heal|p1a: Rillaboom|94\/100|[from] Grassy Terrain\n|upkeep\n|turn|25\n|-message|Scoots Mgee forfeited.\n|\n|win|mowlawner-bot\n|raw|Scoots Mgee's rating: 1456 &rarr; <strong>1435<\/strong><br \/>(-21 for losing)\n|raw|mowlawner-bot's rating: 1433 &rarr; <strong>1454<\/strong><br \/>(+21 for winning)\n|c|\u2606mowlawner-bot|Thanks for playing against me!\n|l|\u2606Scoots Mgee\n","uploadtime":1665506181,"views":7,"p1id":"scootsmgee","p2id":"mowlawnerbot","formatid":"gen8ou","rating":1435,"private":0,"password":null}