{"id":"gen8monotype-1307296782","p1":"damorush","p2":"RavioliKid","format":"gen8monotype","log":"|j|\u2606damorush\n|j|\u2606RavioliKid\n|t:|1616516148\n|player|p1|damorush|steven|1427\n|player|p2|RavioliKid|elesa-gen5bw2|1497\n|teamsize|p1|6\n|teamsize|p2|6\n|gametype|singles\n|gen|8\n|tier|[Gen 8] Monotype\n|rated|\n|rule|Same Type Clause: Pok\u00e9mon in a team must share a type\n|clearpoke\n|poke|p1|Urshifu-*, F|\n|poke|p1|Zapdos-Galar|\n|poke|p1|Terrakion|\n|poke|p1|Buzzwole|\n|poke|p1|Lucario, F|\n|poke|p1|Conkeldurr, M|\n|poke|p2|Tapu Koko|\n|poke|p2|Raichu-Alola, F|\n|poke|p2|Dracozolt|\n|poke|p2|Zeraora|\n|poke|p2|Zapdos|\n|poke|p2|Rotom-Wash|\n|rule|Sleep Clause Mod: Limit one foe put to sleep\n|rule|Species Clause: Limit one of each Pok\u00e9mon\n|rule|OHKO Clause: OHKO moves are banned\n|rule|Evasion Moves Clause: Evasion moves are banned\n|rule|Endless Battle Clause: Forcing endless battles is banned\n|rule|HP Percentage Mod: HP is shown in percentages\n|rule|Dynamax Clause: You cannot dynamax\n|teampreview\n|c|\u2606RavioliKid|glhf\n|\n|t:|1616516164\n|start\n|switch|p1a: Lucario|Lucario, F|100\/100\n|switch|p2a: Koko Cola|Tapu Koko, shiny|100\/100\n|-fieldstart|move: Electric Terrain|[from] ability: Electric Surge|[of] p2a: Koko Cola\n|turn|1\n|\n|t:|1616516170\n|move|p2a: Koko Cola|Volt Switch|p1a: Lucario\n|-damage|p1a: Lucario|7\/100\n|\n|t:|1616516172\n|switch|p2a: Zapdos|Zapdos|100\/100|[from]move: Volt Switch\n|move|p1a: Lucario|Meteor Mash|p2a: Zapdos\n|-resisted|p2a: Zapdos\n|-damage|p2a: Zapdos|79\/100\n|-damage|p1a: Lucario|0 fnt|[from] item: Life Orb\n|faint|p1a: Lucario\n|\n|upkeep\n|\n|t:|1616516182\n|switch|p1a: Terrakion|Terrakion|100\/100\n|turn|2\n|\n|t:|1616516187\n|switch|p2a: cleanup crew|Rotom-Wash|100\/100\n|move|p1a: Terrakion|Stone Edge|p2a: cleanup crew\n|-damage|p2a: cleanup crew|58\/100\n|\n|-heal|p2a: cleanup crew|64\/100|[from] item: Leftovers\n|upkeep\n|turn|3\n|\n|t:|1616516196\n|switch|p1a: Conkeldurr|Conkeldurr, M|100\/100\n|move|p2a: cleanup crew|Will-O-Wisp|p1a: Conkeldurr\n|-status|p1a: Conkeldurr|brn\n|\n|-heal|p2a: cleanup crew|70\/100|[from] item: Leftovers\n|-damage|p1a: Conkeldurr|95\/100 brn|[from] brn\n|upkeep\n|turn|4\n|\n|t:|1616516205\n|move|p2a: cleanup crew|Volt Switch|p1a: Conkeldurr\n|-damage|p1a: Conkeldurr|59\/100 brn\n|\n|t:|1616516206\n|switch|p2a: Zapdos|Zapdos|79\/100|[from]move: Volt Switch\n|move|p1a: Conkeldurr|Knock Off|p2a: Zapdos\n|-damage|p2a: Zapdos|33\/100\n|-enditem|p2a: Zapdos|Heavy-Duty Boots|[from] move: Knock Off|[of] p1a: Conkeldurr\n|\n|-damage|p1a: Conkeldurr|53\/100 brn|[from] brn\n|upkeep\n|turn|5\n|\n|t:|1616516217\n|move|p2a: Zapdos|Volt Switch|p1a: Conkeldurr\n|-damage|p1a: Conkeldurr|11\/100 brn\n|\n|t:|1616516219\n|switch|p2a: cleanup crew|Rotom-Wash|70\/100|[from]move: Volt Switch\n|move|p1a: Conkeldurr|Poison Jab|p2a: cleanup crew\n|-damage|p2a: cleanup crew|34\/100\n|\n|-heal|p2a: cleanup crew|40\/100|[from] item: Leftovers\n|-damage|p1a: Conkeldurr|5\/100 brn|[from] brn\n|-fieldend|move: Electric Terrain\n|upkeep\n|turn|6\n|\n|t:|1616516228\n|move|p1a: Conkeldurr|Mach Punch|p2a: cleanup crew\n|-damage|p2a: cleanup crew|11\/100\n|move|p2a: cleanup crew|Volt Switch|p1a: Conkeldurr\n|-damage|p1a: Conkeldurr|0 fnt\n|faint|p1a: Conkeldurr\n|\n|t:|1616516233\n|switch|p2a: Koko Cola|Tapu Koko, shiny|100\/100|[from]move: Volt Switch\n|-fieldstart|move: Electric Terrain|[from] ability: Electric Surge|[of] p2a: Koko Cola\n|\n|upkeep\n|\n|t:|1616516240\n|switch|p1a: Terrakion|Terrakion|100\/100\n|turn|7\n|\n|t:|1616516243\n|switch|p2a: cleanup crew|Rotom-Wash|11\/100\n|move|p1a: Terrakion|Earthquake|p2a: cleanup crew\n|-immune|p2a: cleanup crew|[from] ability: Levitate\n|\n|-heal|p2a: cleanup crew|17\/100|[from] item: Leftovers\n|upkeep\n|turn|8\n|\n|t:|1616516251\n|switch|p1a: Buzzwole|Buzzwole|100\/100\n|move|p2a: cleanup crew|Pain Split|p1a: Buzzwole\n|-sethp|p1a: Buzzwole|56\/100|[from] move: Pain Split|[silent]\n|-sethp|p2a: cleanup crew|78\/100|[from] move: Pain Split\n|\n|-heal|p2a: cleanup crew|84\/100|[from] item: Leftovers\n|upkeep\n|turn|9\n|\n|t:|1616516258\n|move|p1a: Buzzwole|Toxic|p2a: cleanup crew\n|-status|p2a: cleanup crew|tox\n|move|p2a: cleanup crew|Will-O-Wisp|p1a: Buzzwole\n|-status|p1a: Buzzwole|brn\n|\n|-heal|p2a: cleanup crew|90\/100 tox|[from] item: Leftovers\n|-damage|p1a: Buzzwole|50\/100 brn|[from] brn\n|-damage|p2a: cleanup crew|84\/100 tox|[from] psn\n|upkeep\n|turn|10\n|\n|t:|1616516267\n|move|p1a: Buzzwole|Ice Punch|p2a: cleanup crew\n|-resisted|p2a: cleanup crew\n|-damage|p2a: cleanup crew|79\/100 tox\n|move|p2a: cleanup crew|Volt Switch|p1a: Buzzwole\n|-damage|p1a: Buzzwole|16\/100 brn\n|\n|t:|1616516271\n|switch|p2a: Koko Cola|Tapu Koko, shiny|100\/100|[from]move: Volt Switch\n|\n|-damage|p1a: Buzzwole|10\/100 brn|[from] brn\n|-fieldend|move: Electric Terrain\n|upkeep\n|turn|11\n|\n|t:|1616516278\n|move|p2a: Koko Cola|Dazzling Gleam|p1a: Buzzwole\n|-supereffective|p1a: Buzzwole\n|-damage|p1a: Buzzwole|0 fnt\n|faint|p1a: Buzzwole\n|\n|upkeep\n|\n|t:|1616516284\n|switch|p1a: Terrakion|Terrakion|100\/100\n|turn|12\n|\n|t:|1616516291\n|switch|p2a: Zapdos|Zapdos|33\/100\n|move|p1a: Terrakion|Stone Edge|p2a: Zapdos\n|-supereffective|p2a: Zapdos\n|-damage|p2a: Zapdos|0 fnt\n|faint|p2a: Zapdos\n|\n|upkeep\n|\n|t:|1616516299\n|switch|p2a: WildWildPuzzycats|Zeraora, shiny|100\/100\n|turn|13\n|\n|t:|1616516305\n|switch|p1a: Urshifu|Urshifu, F|100\/100\n|move|p2a: WildWildPuzzycats|Bulk Up|p2a: WildWildPuzzycats\n|-boost|p2a: WildWildPuzzycats|atk|1\n|-boost|p2a: WildWildPuzzycats|def|1\n|\n|upkeep\n|turn|14\n|\n|t:|1616516310\n|move|p2a: WildWildPuzzycats|Close Combat|p1a: Urshifu\n|-supereffective|p1a: Urshifu\n|-damage|p1a: Urshifu|0 fnt\n|-unboost|p2a: WildWildPuzzycats|def|1\n|-unboost|p2a: WildWildPuzzycats|spd|1\n|faint|p1a: Urshifu\n|\n|upkeep\n|\n|t:|1616516318\n|switch|p1a: Terrakion|Terrakion|100\/100\n|turn|15\n|\n|t:|1616516321\n|move|p1a: Terrakion|Earthquake|p2a: WildWildPuzzycats\n|-supereffective|p2a: WildWildPuzzycats\n|-damage|p2a: WildWildPuzzycats|4\/100\n|move|p2a: WildWildPuzzycats|Close Combat|p1a: Terrakion\n|-supereffective|p1a: Terrakion\n|-damage|p1a: Terrakion|0 fnt\n|-unboost|p2a: WildWildPuzzycats|def|1\n|-unboost|p2a: WildWildPuzzycats|spd|1\n|faint|p1a: Terrakion\n|\n|-heal|p2a: WildWildPuzzycats|10\/100|[from] item: Leftovers\n|upkeep\n|c|\u2606damorush|...;\n|-message|damorush forfeited.\n|\n|win|RavioliKid\n|l|\u2606damorush\n|raw|damorush's rating: 1427 &rarr; <strong>1411<\/strong><br \/>(-16 for losing)\n|raw|RavioliKid's rating: 1498 &rarr; <strong>1514<\/strong><br \/>(+16 for winning)\n","uploadtime":1616516340,"views":9,"p1id":"damorush","p2id":"raviolikid","formatid":"gen8monotype","rating":1411,"private":0,"password":null}