{"id":"gen8ou-1638145130","p1":"Stads","p2":"LT92PF Eule","format":"gen8ou","log":"|j|\u2606Stads\n|j|\u2606LT92PF Eule\n|t:|1660320165\n|gametype|singles\n|player|p1|Stads|266|1790\n|player|p2|LT92PF Eule|roxie|1989\n|teamsize|p1|6\n|teamsize|p2|6\n|gen|8\n|tier|[Gen 8] OU\n|rated|\n|rule|Sleep Clause Mod: Limit one foe put to sleep\n|rule|Species Clause: Limit one of each Pok\u00e9mon\n|rule|OHKO Clause: OHKO moves are banned\n|rule|Evasion Items Clause: Evasion items are banned\n|rule|Evasion Moves Clause: Evasion moves are banned\n|rule|Endless Battle Clause: Forcing endless battles is banned\n|rule|HP Percentage Mod: HP is shown in percentages\n|rule|Dynamax Clause: You cannot dynamax\n|clearpoke\n|poke|p1|Tornadus-Therian, M|\n|poke|p1|Corviknight, M|\n|poke|p1|Kartana|\n|poke|p1|Toxapex, M|\n|poke|p1|Hippowdon, M|\n|poke|p1|Heatran, F|\n|poke|p2|Weavile, F|\n|poke|p2|Polteageist|\n|poke|p2|Kartana|\n|poke|p2|Cobalion|\n|poke|p2|Garchomp, M|\n|poke|p2|Rillaboom, M|\n|teampreview\n|inactive|Battle timer is ON: inactive players will automatically lose when time's up. (requested by LT92PF Eule)\n|inactive|Stads has 120 seconds left.\n|\n|t:|1660320209\n|start\n|switch|p1a: Tornadus|Tornadus-Therian, M|100\/100\n|switch|p2a: Cobalion|Cobalion|100\/100\n|turn|1\n|\n|t:|1660320213\n|move|p1a: Tornadus|Knock Off|p2a: Cobalion\n|-resisted|p2a: Cobalion\n|-damage|p2a: Cobalion|92\/100\n|-ability|p2a: Cobalion|Justified|boost\n|-boost|p2a: Cobalion|atk|1\n|-enditem|p2a: Cobalion|Focus Sash|[from] move: Knock Off|[of] p1a: Tornadus\n|move|p2a: Cobalion|Metal Burst|p1a: Tornadus\n|-damage|p1a: Tornadus|86\/100\n|\n|upkeep\n|turn|2\n|\n|t:|1660320216\n|move|p1a: Tornadus|Heat Wave|p2a: Cobalion|[miss]\n|-miss|p1a: Tornadus|p2a: Cobalion\n|move|p2a: Cobalion|Stealth Rock|p1a: Tornadus\n|-sidestart|p1: Stads|move: Stealth Rock\n|\n|upkeep\n|turn|3\n|j| irgendwasmitmeeem\n|\n|t:|1660320222\n|move|p1a: Tornadus|Hurricane|p2a: Cobalion\n|-damage|p2a: Cobalion|0 fnt\n|faint|p2a: Cobalion\n|\n|upkeep\n|\n|t:|1660320252\n|switch|p2a: Weavile|Weavile, F|100\/100\n|turn|4\n|\n|t:|1660320261\n|move|p2a: Weavile|Triple Axel|p1a: Tornadus\n|-supereffective|p1a: Tornadus\n|-damage|p1a: Tornadus|48\/100\n|-supereffective|p1a: Tornadus\n|-damage|p1a: Tornadus|0 fnt\n|faint|p1a: Tornadus\n|-hitcount|p1: Tornadus|2\n|-damage|p2a: Weavile|91\/100|[from] item: Life Orb\n|\n|upkeep\n|\n|t:|1660320263\n|switch|p1a: Corviknight|Corviknight, M|100\/100\n|-damage|p1a: Corviknight|88\/100|[from] Stealth Rock\n|-ability|p1a: Corviknight|Pressure\n|turn|5\n|\n|t:|1660320269\n|switch|p2a: Polteageist|Polteageist|100\/100\n|move|p1a: Corviknight|Defog|p2a: Polteageist\n|-unboost|p2a: Polteageist|evasion|1\n|-sideend|p1: Stads|Stealth Rock|[from] move: Defog|[of] p1a: Corviknight\n|\n|-heal|p1a: Corviknight|94\/100|[from] item: Leftovers\n|upkeep\n|turn|6\n|\n|t:|1660320273\n|switch|p1a: Heatran|Heatran, F|100\/100\n|move|p2a: Polteageist|Shell Smash|p2a: Polteageist\n|-unboost|p2a: Polteageist|def|1\n|-unboost|p2a: Polteageist|spd|1\n|-boost|p2a: Polteageist|atk|2\n|-boost|p2a: Polteageist|spa|2\n|-boost|p2a: Polteageist|spe|2\n|\n|upkeep\n|turn|7\n|\n|t:|1660320279\n|move|p2a: Polteageist|Shadow Ball|p1a: Heatran\n|-damage|p1a: Heatran|47\/100\n|move|p1a: Heatran|Toxic|p2a: Polteageist\n|-status|p2a: Polteageist|tox\n|\n|-heal|p1a: Heatran|53\/100|[from] item: Leftovers\n|-damage|p2a: Polteageist|94\/100 tox|[from] psn\n|upkeep\n|turn|8\n|\n|t:|1660320283\n|move|p1a: Heatran|Protect|p1a: Heatran\n|-singleturn|p1a: Heatran|Protect\n|move|p2a: Polteageist|Shell Smash|p2a: Polteageist\n|-unboost|p2a: Polteageist|def|1\n|-unboost|p2a: Polteageist|spd|1\n|-boost|p2a: Polteageist|atk|2\n|-boost|p2a: Polteageist|spa|2\n|-boost|p2a: Polteageist|spe|2\n|\n|-heal|p1a: Heatran|59\/100|[from] item: Leftovers\n|-damage|p2a: Polteageist|82\/100 tox|[from] psn\n|upkeep\n|turn|9\n|\n|t:|1660320290\n|switch|p1a: Hippowdon|Hippowdon, M|100\/100\n|-weather|Sandstorm|[from] ability: Sand Stream|[of] p1a: Hippowdon\n|move|p2a: Polteageist|Shadow Ball|p1a: Hippowdon\n|-damage|p1a: Hippowdon|0 fnt\n|faint|p1a: Hippowdon\n|\n|-weather|Sandstorm|[upkeep]\n|-damage|p2a: Polteageist|76\/100 tox|[from] Sandstorm\n|-damage|p2a: Polteageist|58\/100 tox|[from] psn\n|upkeep\n|\n|t:|1660320292\n|switch|p1a: Heatran|Heatran, F|59\/100\n|turn|10\n|\n|t:|1660320294\n|move|p1a: Heatran|Protect|p1a: Heatran\n|-singleturn|p1a: Heatran|Protect\n|move|p2a: Polteageist|Shadow Ball|p1a: Heatran\n|-activate|p1a: Heatran|move: Protect\n|\n|-weather|Sandstorm|[upkeep]\n|-damage|p2a: Polteageist|51\/100 tox|[from] Sandstorm\n|-heal|p1a: Heatran|65\/100|[from] item: Leftovers\n|-damage|p2a: Polteageist|27\/100 tox|[from] psn\n|upkeep\n|turn|11\n|\n|t:|1660320300\n|move|p1a: Heatran|Protect||[still]\n|-fail|p1a: Heatran\n|move|p2a: Polteageist|Shadow Ball|p1a: Heatran\n|-damage|p1a: Heatran|0 fnt\n|faint|p1a: Heatran\n|\n|-weather|Sandstorm|[upkeep]\n|-damage|p2a: Polteageist|21\/100 tox|[from] Sandstorm\n|-damage|p2a: Polteageist|0 fnt|[from] psn\n|faint|p2a: Polteageist\n|upkeep\n|j| Ninjack21\n|\n|t:|1660320320\n|switch|p2a: Garchomp|Garchomp, M|100\/100\n|switch|p1a: Toxapex|Toxapex, M|100\/100\n|turn|12\n|\n|t:|1660320322\n|move|p2a: Garchomp|Swords Dance|p2a: Garchomp\n|-boost|p2a: Garchomp|atk|2\n|move|p1a: Toxapex|Scald|p2a: Garchomp\n|-damage|p2a: Garchomp|83\/100\n|-status|p2a: Garchomp|brn\n|\n|-weather|Sandstorm|[upkeep]\n|-damage|p1a: Toxapex|94\/100|[from] Sandstorm\n|-damage|p2a: Garchomp|77\/100 brn|[from] brn\n|upkeep\n|turn|13\n|\n|t:|1660320325\n|switch|p1a: Corviknight|Corviknight, M|94\/100\n|-ability|p1a: Corviknight|Pressure\n|move|p2a: Garchomp|Swords Dance|p2a: Garchomp\n|-boost|p2a: Garchomp|atk|2\n|\n|-weather|none\n|-heal|p1a: Corviknight|100\/100|[from] item: Leftovers\n|-damage|p2a: Garchomp|71\/100 brn|[from] brn\n|upkeep\n|turn|14\n|\n|t:|1660320328\n|move|p2a: Garchomp|Swords Dance|p2a: Garchomp\n|-boost|p2a: Garchomp|atk|2\n|move|p1a: Corviknight|Body Press|p2a: Garchomp\n|-damage|p2a: Garchomp|44\/100 brn\n|-damage|p1a: Corviknight|88\/100|[from] ability: Rough Skin|[of] p2a: Garchomp\n|\n|-heal|p1a: Corviknight|94\/100|[from] item: Leftovers\n|-damage|p2a: Garchomp|38\/100 brn|[from] brn\n|upkeep\n|turn|15\n|\n|t:|1660320330\n|move|p2a: Garchomp|Aqua Tail|p1a: Corviknight\n|-damage|p1a: Corviknight|41\/100\n|-damage|p2a: Garchomp|28\/100 brn|[from] item: Life Orb\n|move|p1a: Corviknight|Roost|p1a: Corviknight\n|-heal|p1a: Corviknight|91\/100\n|-singleturn|p1a: Corviknight|move: Roost\n|\n|-heal|p1a: Corviknight|97\/100|[from] item: Leftovers\n|-damage|p2a: Garchomp|22\/100 brn|[from] brn\n|upkeep\n|turn|16\n|\n|t:|1660320332\n|move|p2a: Garchomp|Aqua Tail|p1a: Corviknight\n|-damage|p1a: Corviknight|42\/100\n|-damage|p2a: Garchomp|12\/100 brn|[from] item: Life Orb\n|move|p1a: Corviknight|Roost|p1a: Corviknight\n|-heal|p1a: Corviknight|92\/100\n|-singleturn|p1a: Corviknight|move: Roost\n|\n|-heal|p1a: Corviknight|98\/100|[from] item: Leftovers\n|-damage|p2a: Garchomp|6\/100 brn|[from] brn\n|upkeep\n|turn|17\n|\n|t:|1660320334\n|move|p2a: Garchomp|Aqua Tail|p1a: Corviknight\n|-damage|p1a: Corviknight|37\/100\n|-damage|p2a: Garchomp|0 fnt|[from] item: Life Orb\n|faint|p2a: Garchomp\n|move|p1a: Corviknight|Roost|p1a: Corviknight\n|-heal|p1a: Corviknight|87\/100\n|-singleturn|p1a: Corviknight|move: Roost\n|\n|-heal|p1a: Corviknight|94\/100|[from] item: Leftovers\n|upkeep\n|\n|t:|1660320340\n|switch|p2a: Rillaboom|Rillaboom, M|100\/100\n|-fieldstart|move: Grassy Terrain|[from] ability: Grassy Surge|[of] p2a: Rillaboom\n|turn|18\n|\n|t:|1660320347\n|move|p2a: Rillaboom|Swords Dance|p2a: Rillaboom\n|-boost|p2a: Rillaboom|atk|2\n|move|p1a: Corviknight|U-turn|p2a: Rillaboom\n|-supereffective|p2a: Rillaboom\n|-damage|p2a: Rillaboom|73\/100\n|\n|t:|1660320349\n|switch|p1a: Toxapex|Toxapex, M|100\/100|[from]move: U-turn\n|\n|-heal|p2a: Rillaboom|79\/100|[from] Grassy Terrain\n|upkeep\n|turn|19\n|\n|t:|1660320356\n|move|p2a: Rillaboom|Grassy Glide|p1a: Toxapex\n|-damage|p1a: Toxapex|17\/100\n|-damage|p2a: Rillaboom|69\/100|[from] item: Life Orb\n|move|p1a: Toxapex|Haze|p1a: Toxapex\n|-clearallboost\n|\n|-heal|p2a: Rillaboom|76\/100|[from] Grassy Terrain\n|-heal|p1a: Toxapex|23\/100|[from] Grassy Terrain\n|upkeep\n|turn|20\n|\n|t:|1660320360\n|move|p2a: Rillaboom|Swords Dance|p2a: Rillaboom\n|-boost|p2a: Rillaboom|atk|2\n|move|p1a: Toxapex|Scald|p2a: Rillaboom\n|-resisted|p2a: Rillaboom\n|-damage|p2a: Rillaboom|67\/100\n|\n|-heal|p2a: Rillaboom|73\/100|[from] Grassy Terrain\n|-heal|p1a: Toxapex|29\/100|[from] Grassy Terrain\n|upkeep\n|turn|21\n|\n|t:|1660320363\n|switch|p1a: Corviknight|Corviknight, M|94\/100\n|-ability|p1a: Corviknight|Pressure\n|move|p2a: Rillaboom|Knock Off|p1a: Corviknight\n|-damage|p1a: Corviknight|39\/100\n|-enditem|p1a: Corviknight|Leftovers|[from] move: Knock Off|[of] p2a: Rillaboom\n|-damage|p2a: Rillaboom|63\/100|[from] item: Life Orb\n|\n|-heal|p2a: Rillaboom|70\/100|[from] Grassy Terrain\n|upkeep\n|turn|22\n|\n|t:|1660320366\n|move|p2a: Rillaboom|Superpower|p1a: Corviknight\n|-damage|p1a: Corviknight|0 fnt\n|-unboost|p2a: Rillaboom|atk|1\n|-unboost|p2a: Rillaboom|def|1\n|faint|p1a: Corviknight\n|-damage|p2a: Rillaboom|60\/100|[from] item: Life Orb\n|\n|-heal|p2a: Rillaboom|66\/100|[from] Grassy Terrain\n|-fieldend|move: Grassy Terrain\n|upkeep\n|\n|t:|1660320368\n|switch|p1a: Kartana|Kartana|100\/100\n|turn|23\n|\n|t:|1660320375\n|switch|p1a: Toxapex|Toxapex, M|62\/100\n|move|p2a: Rillaboom|Superpower|p1a: Toxapex\n|-resisted|p1a: Toxapex\n|-damage|p1a: Toxapex|37\/100\n|-unboost|p2a: Rillaboom|atk|1\n|-unboost|p2a: Rillaboom|def|1\n|-damage|p2a: Rillaboom|56\/100|[from] item: Life Orb\n|\n|upkeep\n|turn|24\n|\n|t:|1660320379\n|switch|p2a: Kartana|Kartana|100\/100\n|move|p1a: Toxapex|Recover|p1a: Toxapex\n|-heal|p1a: Toxapex|87\/100\n|\n|upkeep\n|turn|25\n|\n|t:|1660320382\n|move|p2a: Kartana|Sacred Sword|p1a: Toxapex\n|-resisted|p1a: Toxapex\n|-damage|p1a: Toxapex|75\/100\n|move|p1a: Toxapex|Scald|p2a: Kartana\n|-resisted|p2a: Kartana\n|-damage|p2a: Kartana|74\/100\n|\n|upkeep\n|turn|26\n|\n|t:|1660320385\n|move|p2a: Kartana|Sacred Sword|p1a: Toxapex\n|-resisted|p1a: Toxapex\n|-damage|p1a: Toxapex|62\/100\n|move|p1a: Toxapex|Scald|p2a: Kartana\n|-resisted|p2a: Kartana\n|-damage|p2a: Kartana|48\/100\n|\n|upkeep\n|turn|27\n|\n|t:|1660320387\n|move|p2a: Kartana|Sacred Sword|p1a: Toxapex\n|-resisted|p1a: Toxapex\n|-damage|p1a: Toxapex|49\/100\n|move|p1a: Toxapex|Recover|p1a: Toxapex\n|-heal|p1a: Toxapex|99\/100\n|\n|upkeep\n|turn|28\n|j| MurciaToTheTop\n|\n|t:|1660320391\n|switch|p2a: Rillaboom|Rillaboom, M|56\/100\n|-fieldstart|move: Grassy Terrain|[from] ability: Grassy Surge|[of] p2a: Rillaboom\n|move|p1a: Toxapex|Scald|p2a: Rillaboom\n|-resisted|p2a: Rillaboom\n|-damage|p2a: Rillaboom|47\/100\n|-status|p2a: Rillaboom|brn\n|\n|-heal|p2a: Rillaboom|53\/100 brn|[from] Grassy Terrain\n|-heal|p1a: Toxapex|100\/100|[from] Grassy Terrain\n|-damage|p2a: Rillaboom|47\/100 brn|[from] brn\n|upkeep\n|turn|29\n|\n|t:|1660320393\n|move|p2a: Rillaboom|Swords Dance|p2a: Rillaboom\n|-boost|p2a: Rillaboom|atk|2\n|move|p1a: Toxapex|Knock Off|p2a: Rillaboom\n|-damage|p2a: Rillaboom|34\/100 brn\n|-enditem|p2a: Rillaboom|Life Orb|[from] move: Knock Off|[of] p1a: Toxapex\n|\n|-heal|p2a: Rillaboom|40\/100 brn|[from] Grassy Terrain\n|-damage|p2a: Rillaboom|34\/100 brn|[from] brn\n|upkeep\n|turn|30\n|\n|t:|1660320395\n|move|p2a: Rillaboom|Grassy Glide|p1a: Toxapex\n|-damage|p1a: Toxapex|72\/100\n|move|p1a: Toxapex|Haze|p1a: Toxapex\n|-clearallboost\n|\n|-heal|p2a: Rillaboom|40\/100 brn|[from] Grassy Terrain\n|-heal|p1a: Toxapex|78\/100|[from] Grassy Terrain\n|-damage|p2a: Rillaboom|34\/100 brn|[from] brn\n|upkeep\n|turn|31\n|l| MurciaToTheTop\n|\n|t:|1660320402\n|switch|p2a: Weavile|Weavile, F|91\/100\n|move|p1a: Toxapex|Haze|p1a: Toxapex\n|-clearallboost\n|\n|-heal|p2a: Weavile|97\/100|[from] Grassy Terrain\n|-heal|p1a: Toxapex|84\/100|[from] Grassy Terrain\n|upkeep\n|turn|32\n|\n|t:|1660320405\n|move|p2a: Weavile|Swords Dance|p2a: Weavile\n|-boost|p2a: Weavile|atk|2\n|move|p1a: Toxapex|Recover|p1a: Toxapex\n|-heal|p1a: Toxapex|100\/100\n|\n|-heal|p2a: Weavile|100\/100|[from] Grassy Terrain\n|-fieldend|move: Grassy Terrain\n|upkeep\n|turn|33\n|\n|t:|1660320409\n|move|p2a: Weavile|Knock Off|p1a: Toxapex\n|-damage|p1a: Toxapex|27\/100\n|-enditem|p1a: Toxapex|Shed Shell|[from] move: Knock Off|[of] p2a: Weavile\n|-damage|p2a: Weavile|91\/100|[from] item: Life Orb\n|move|p1a: Toxapex|Scald|p2a: Weavile\n|-damage|p2a: Weavile|66\/100\n|-status|p2a: Weavile|brn\n|\n|-damage|p2a: Weavile|60\/100 brn|[from] brn\n|upkeep\n|turn|34\n|\n|t:|1660320412\n|move|p2a: Weavile|Knock Off|p1a: Toxapex\n|-damage|p1a: Toxapex|3\/100\n|-damage|p2a: Weavile|50\/100 brn|[from] item: Life Orb\n|move|p1a: Toxapex|Recover|p1a: Toxapex\n|-heal|p1a: Toxapex|53\/100\n|\n|-damage|p2a: Weavile|44\/100 brn|[from] brn\n|upkeep\n|turn|35\n|\n|t:|1660320416\n|move|p2a: Weavile|Swords Dance|p2a: Weavile\n|-boost|p2a: Weavile|atk|2\n|move|p1a: Toxapex|Recover|p1a: Toxapex\n|-heal|p1a: Toxapex|100\/100\n|\n|-damage|p2a: Weavile|38\/100 brn|[from] brn\n|upkeep\n|turn|36\n|\n|t:|1660320418\n|move|p2a: Weavile|Knock Off|p1a: Toxapex\n|-damage|p1a: Toxapex|61\/100\n|-damage|p2a: Weavile|28\/100 brn|[from] item: Life Orb\n|move|p1a: Toxapex|Haze|p1a: Toxapex\n|-clearallboost\n|\n|-damage|p2a: Weavile|21\/100 brn|[from] brn\n|upkeep\n|turn|37\n|\n|t:|1660320420\n|move|p2a: Weavile|Swords Dance|p2a: Weavile\n|-boost|p2a: Weavile|atk|2\n|move|p1a: Toxapex|Recover|p1a: Toxapex\n|-heal|p1a: Toxapex|100\/100\n|\n|-damage|p2a: Weavile|15\/100 brn|[from] brn\n|upkeep\n|turn|38\n|\n|t:|1660320423\n|move|p2a: Weavile|Knock Off|p1a: Toxapex\n|-damage|p1a: Toxapex|76\/100\n|-damage|p2a: Weavile|5\/100 brn|[from] item: Life Orb\n|move|p1a: Toxapex|Recover|p1a: Toxapex\n|-heal|p1a: Toxapex|100\/100\n|\n|-damage|p2a: Weavile|0 fnt|[from] brn\n|faint|p2a: Weavile\n|upkeep\n|\n|t:|1660320426\n|switch|p2a: Kartana|Kartana|48\/100\n|turn|39\n|\n|t:|1660320429\n|move|p2a: Kartana|Leaf Blade|p1a: Toxapex\n|-damage|p1a: Toxapex|65\/100\n|move|p1a: Toxapex|Scald|p2a: Kartana\n|-resisted|p2a: Kartana\n|-damage|p2a: Kartana|22\/100\n|\n|upkeep\n|turn|40\n|\n|t:|1660320431\n|switch|p1a: Kartana|Kartana|100\/100\n|move|p2a: Kartana|Leaf Blade|p1a: Kartana\n|-resisted|p1a: Kartana\n|-damage|p1a: Kartana|85\/100\n|\n|upkeep\n|turn|41\n|-message|LT92PF Eule forfeited.\n|\n|win|Stads\n|raw|Stads's rating: 1790 &rarr; <strong>1820<\/strong><br \/>(+30 for winning)\n|raw|LT92PF Eule's rating: 1989 &rarr; <strong>1959<\/strong><br \/>(-30 for losing)\n|l|\u2606LT92PF Eule\n|l|\u2606Stads\n","uploadtime":1660320471,"views":55,"p1id":"stads","p2id":"lt92pfeule","formatid":"gen8ou","rating":1820,"private":0,"password":null}