{"id":"gen8balancedhackmons-1619627026","p1":"omaznits","p2":"Redflix","format":"gen8balancedhackmons","log":"|j|\u2606omaznits\n|j|\u2606Redflix\n|t:|1658114672\n|gametype|singles\n|player|p1|omaznits|xerosic|1586\n|player|p2|Redflix|erika|1646\n|teamsize|p1|6\n|teamsize|p2|6\n|gen|8\n|tier|[Gen 8] Balanced Hackmons\n|rated|\n|rule|OHKO Clause: OHKO moves are banned\n|rule|Evasion Moves Clause: Evasion moves are banned\n|rule|Forme Clause: Limit one of each forme of a Pok\u00e9mon\n|rule|HP Percentage Mod: HP is shown in percentages\n|rule|Dynamax Clause: You cannot dynamax\n|rule|Sleep Clause: Sleep-inducing moves are banned\n|rule|Endless Battle Clause: Forcing endless battles is banned\n|clearpoke\n|poke|p1|Calyrex-Ice|\n|poke|p1|Zygarde-Complete|\n|poke|p1|Zamazenta-Crowned|\n|poke|p1|Kyogre|\n|poke|p1|Marowak-Alola, M|\n|poke|p1|Xerneas-*|\n|poke|p2|Xerneas-*|\n|poke|p2|Regigigas|\n|poke|p2|Lunala|\n|poke|p2|Eternatus|\n|poke|p2|Melmetal|\n|poke|p2|Ho-Oh|\n|teampreview\n|\n|t:|1658114700\n|start\n|switch|p1a: Marowak|Marowak-Alola, M|100\/100\n|switch|p2a: Xerneas|Xerneas|100\/100\n|turn|1\n|\n|t:|1658114705\n|move|p2a: Xerneas|Volt Switch|p1a: Marowak\n|-damage|p1a: Marowak|76\/100\n|\n|t:|1658114709\n|switch|p2a: Eternatus|Eternatus|100\/100|[from]move: Volt Switch\n|move|p1a: Marowak|V-create|p2a: Eternatus\n|-resisted|p2a: Eternatus\n|-damage|p2a: Eternatus|54\/100\n|-unboost|p1a: Marowak|spe|1\n|-unboost|p1a: Marowak|def|1\n|-unboost|p1a: Marowak|spd|1\n|\n|-heal|p2a: Eternatus|60\/100|[from] item: Black Sludge\n|upkeep\n|turn|2\n|\n|t:|1658114714\n|move|p1a: Marowak|Destiny Bond|p1a: Marowak\n|-singlemove|p1a: Marowak|Destiny Bond\n|move|p2a: Eternatus|Spectral Thief|p1a: Marowak\n|-supereffective|p1a: Marowak\n|-damage|p1a: Marowak|30\/100\n|\n|-heal|p2a: Eternatus|67\/100|[from] item: Black Sludge\n|upkeep\n|turn|3\n|\n|t:|1658114722\n|move|p2a: Eternatus|Slack Off|p2a: Eternatus\n|-heal|p2a: Eternatus|100\/100\n|move|p1a: Marowak|V-create|p2a: Eternatus\n|-resisted|p2a: Eternatus\n|-damage|p2a: Eternatus|58\/100\n|-unboost|p1a: Marowak|spe|1\n|-unboost|p1a: Marowak|def|1\n|-unboost|p1a: Marowak|spd|1\n|\n|-heal|p2a: Eternatus|64\/100|[from] item: Black Sludge\n|upkeep\n|turn|4\n|\n|t:|1658114728\n|move|p1a: Marowak|Destiny Bond|p1a: Marowak\n|-singlemove|p1a: Marowak|Destiny Bond\n|move|p2a: Eternatus|Slack Off|p2a: Eternatus\n|-heal|p2a: Eternatus|100\/100\n|\n|upkeep\n|turn|5\n|\n|t:|1658114742\n|switch|p2a: Ho-Oh|Ho-Oh|100\/100\n|-weather|DesolateLand|[from] ability: Desolate Land|[of] p2a: Ho-Oh\n|move|p1a: Marowak|Shadow Force||[still]\n|-prepare|p1a: Marowak|Shadow Force\n|\n|-weather|DesolateLand|[upkeep]\n|upkeep\n|turn|6\n|\n|t:|1658114747\n|-weather|none\n|switch|p2a: Regigigas|Regigigas|100\/100\n|move|p1a: Marowak|Shadow Force|p2a: Regigigas|[from]lockedmove\n|-immune|p2a: Regigigas\n|\n|-status|p2a: Regigigas|tox|[from] item: Toxic Orb\n|upkeep\n|turn|7\n|\n|t:|1658114752\n|switch|p2a: Eternatus|Eternatus|100\/100\n|move|p1a: Marowak|Destiny Bond|p1a: Marowak\n|-singlemove|p1a: Marowak|Destiny Bond\n|\n|upkeep\n|turn|8\n|\n|t:|1658114761\n|switch|p2a: Lunala|Lunala|100\/100\n|move|p1a: Marowak|V-create|p2a: Lunala\n|-damage|p2a: Lunala|59\/100\n|-unboost|p1a: Marowak|spe|1\n|-unboost|p1a: Marowak|def|1\n|-unboost|p1a: Marowak|spd|1\n|-damage|p1a: Marowak|13\/100|[from] item: Rocky Helmet|[of] p2a: Lunala\n|\n|upkeep\n|turn|9\n|\n|t:|1658114770\n|move|p1a: Marowak|Destiny Bond|p1a: Marowak\n|-singlemove|p1a: Marowak|Destiny Bond\n|move|p2a: Lunala|Roost|p2a: Lunala\n|-heal|p2a: Lunala|100\/100\n|-singleturn|p2a: Lunala|move: Roost\n|\n|upkeep\n|turn|10\n|\n|t:|1658114777\n|switch|p2a: Eternatus|Eternatus|100\/100\n|move|p1a: Marowak|Copycat|p1a: Marowak\n|move|p1a: Marowak|Roost|p1a: Marowak|[from]move: Copycat\n|-heal|p1a: Marowak|63\/100\n|-singleturn|p1a: Marowak|move: Roost\n|\n|upkeep\n|turn|11\n|\n|t:|1658114790\n|switch|p1a: Zamazenta|Zamazenta-Crowned|100\/100\n|move|p2a: Eternatus|Sludge Bomb|p1a: Zamazenta\n|-immune|p1a: Zamazenta\n|\n|upkeep\n|turn|12\n|\n|t:|1658114795\n|switch|p2a: Lunala|Lunala|100\/100\n|move|p1a: Zamazenta|Imprison|p1a: Zamazenta\n|-start|p1a: Zamazenta|move: Imprison\n|\n|upkeep\n|turn|13\n|\n|t:|1658114800\n|switch|p1a: Zygarde|Zygarde-Complete|100\/100\n|move|p2a: Lunala|Nuzzle|p1a: Zygarde\n|-immune|p1a: Zygarde\n|\n|upkeep\n|turn|14\n|\n|t:|1658114810\n|switch|p2a: Ho-Oh|Ho-Oh|100\/100\n|-weather|DesolateLand|[from] ability: Desolate Land|[of] p2a: Ho-Oh\n|switch|p1a: Zamazenta|Zamazenta-Crowned|100\/100\n|\n|-weather|DesolateLand|[upkeep]\n|upkeep\n|turn|15\n|\n|t:|1658114817\n|move|p1a: Zamazenta|Anchor Shot|p2a: Ho-Oh\n|-resisted|p2a: Ho-Oh\n|-damage|p2a: Ho-Oh|87\/100\n|-activate|p2a: Ho-Oh|trapped\n|move|p2a: Ho-Oh|Nuzzle|p1a: Zamazenta\n|-damage|p1a: Zamazenta|98\/100\n|-status|p1a: Zamazenta|par\n|\n|-weather|DesolateLand|[upkeep]\n|-heal|p1a: Zamazenta|100\/100 par|[from] item: Leftovers\n|upkeep\n|turn|16\n|\n|t:|1658114819\n|move|p2a: Ho-Oh|V-create|p1a: Zamazenta\n|-supereffective|p1a: Zamazenta\n|-damage|p1a: Zamazenta|24\/100 par\n|-unboost|p2a: Ho-Oh|spe|1\n|-unboost|p2a: Ho-Oh|def|1\n|-unboost|p2a: Ho-Oh|spd|1\n|move|p1a: Zamazenta|Imprison|p1a: Zamazenta\n|-start|p1a: Zamazenta|move: Imprison\n|\n|-weather|DesolateLand|[upkeep]\n|-heal|p1a: Zamazenta|30\/100 par|[from] item: Leftovers\n|upkeep\n|turn|17\n|\n|t:|1658114822\n|move|p1a: Zamazenta|Transform|p2a: Ho-Oh\n|-transform|p1a: Zamazenta|p2a: Ho-Oh\n|cant|p2a: Ho-Oh|move: Imprison|V-create\n|\n|-weather|DesolateLand|[upkeep]\n|-heal|p1a: Zamazenta|37\/100 par|[from] item: Leftovers\n|upkeep\n|turn|18\n|\n|t:|1658114825\n|-activate|p2a: Ho-Oh|move: Struggle\n|move|p2a: Ho-Oh|Struggle|p1a: Zamazenta\n|-damage|p1a: Zamazenta|18\/100 par\n|-damage|p2a: Ho-Oh|62\/100|[from] recoil\n|cant|p1a: Zamazenta|par\n|\n|-weather|DesolateLand|[upkeep]\n|-heal|p1a: Zamazenta|24\/100 par|[from] item: Leftovers\n|upkeep\n|turn|19\n|\n|t:|1658114828\n|-activate|p2a: Ho-Oh|move: Struggle\n|move|p2a: Ho-Oh|Struggle|p1a: Zamazenta\n|-damage|p1a: Zamazenta|3\/100 par\n|-damage|p2a: Ho-Oh|37\/100|[from] recoil\n|cant|p1a: Zamazenta|par\n|\n|-weather|DesolateLand|[upkeep]\n|-heal|p1a: Zamazenta|9\/100 par|[from] item: Leftovers\n|upkeep\n|turn|20\n|c|\u2606omaznits|like\n|\n|t:|1658114836\n|switch|p1a: Zygarde|Zygarde-Complete|100\/100\n|-activate|p2a: Ho-Oh|move: Struggle\n|move|p2a: Ho-Oh|Struggle|p1a: Zygarde\n|-damage|p1a: Zygarde|95\/100\n|-damage|p2a: Ho-Oh|12\/100|[from] recoil\n|\n|-weather|DesolateLand|[upkeep]\n|-heal|p1a: Zygarde|100\/100|[from] item: Leftovers\n|upkeep\n|turn|21\n|\n|t:|1658114841\n|-weather|none\n|switch|p2a: Xerneas|Xerneas|100\/100\n|move|p1a: Zygarde|Wish|p1a: Zygarde\n|\n|upkeep\n|turn|22\n|\n|t:|1658114846\n|switch|p1a: Marowak|Marowak-Alola, M|63\/100\n|move|p2a: Xerneas|Boomburst|p1a: Marowak\n|-resisted|p1a: Marowak\n|-damage|p1a: Marowak|9\/100\n|\n|-heal|p1a: Marowak|100\/100|[from] move: Wish|[wisher] Zygarde\n|upkeep\n|turn|23\n|\n|t:|1658114849\n|move|p2a: Xerneas|Volt Switch|p1a: Marowak\n|-damage|p1a: Marowak|75\/100\n|\n|t:|1658114851\n|switch|p2a: Eternatus|Eternatus|100\/100|[from]move: Volt Switch\n|move|p1a: Marowak|V-create|p2a: Eternatus\n|-resisted|p2a: Eternatus\n|-damage|p2a: Eternatus|61\/100\n|-unboost|p1a: Marowak|spe|1\n|-unboost|p1a: Marowak|def|1\n|-unboost|p1a: Marowak|spd|1\n|\n|-heal|p2a: Eternatus|67\/100|[from] item: Black Sludge\n|upkeep\n|turn|24\n|\n|t:|1658114858\n|switch|p1a: Calyrex|Calyrex-Ice|100\/100\n|move|p2a: Eternatus|Sludge Bomb|p1a: Calyrex\n|-damage|p1a: Calyrex|74\/100\n|\n|-heal|p2a: Eternatus|74\/100|[from] item: Black Sludge\n|upkeep\n|turn|25\n|\n|t:|1658114862\n|switch|p2a: Lunala|Lunala|100\/100\n|move|p1a: Calyrex|Extreme Speed|p2a: Lunala\n|-damage|p2a: Lunala|80\/100\n|-damage|p1a: Calyrex|58\/100|[from] item: Rocky Helmet|[of] p2a: Lunala\n|\n|upkeep\n|turn|26\n|\n|t:|1658114869\n|switch|p2a: Xerneas|Xerneas|100\/100\n|move|p1a: Calyrex|Obstruct||[still]\n|-fail|p1a: Calyrex\n|\n|upkeep\n|turn|27\n|\n|t:|1658114878\n|switch|p1a: Xerneas|Xerneas|100\/100\n|move|p2a: Xerneas|Volt Switch|p1a: Xerneas\n|-crit|p1a: Xerneas\n|-damage|p1a: Xerneas|72\/100\n|\n|t:|1658114881\n|switch|p2a: Melmetal|Melmetal|100\/100|[from]move: Volt Switch\n|\n|upkeep\n|turn|28\n|\n|t:|1658114886\n|switch|p1a: Zygarde|Zygarde-Complete|100\/100\n|move|p2a: Melmetal|Anchor Shot|p1a: Zygarde\n|-damage|p1a: Zygarde|86\/100\n|-activate|p1a: Zygarde|trapped\n|\n|-heal|p1a: Zygarde|92\/100|[from] item: Leftovers\n|upkeep\n|turn|29\n|\n|t:|1658114889\n|switch|p2a: Xerneas|Xerneas|100\/100\n|move|p1a: Zygarde|Wish|p1a: Zygarde\n|\n|-heal|p1a: Zygarde|98\/100|[from] item: Leftovers\n|upkeep\n|turn|30\n|\n|t:|1658114892\n|switch|p1a: Marowak|Marowak-Alola, M|75\/100\n|move|p2a: Xerneas|Boomburst|p1a: Marowak\n|-resisted|p1a: Marowak\n|-damage|p1a: Marowak|19\/100\n|\n|-heal|p1a: Marowak|100\/100|[from] move: Wish|[wisher] Zygarde\n|upkeep\n|turn|31\n|\n|t:|1658114896\n|switch|p1a: Zygarde|Zygarde-Complete|98\/100\n|move|p2a: Xerneas|Volt Switch|p1a: Zygarde\n|-immune|p1a: Zygarde\n|\n|-heal|p1a: Zygarde|100\/100|[from] item: Leftovers\n|upkeep\n|turn|32\n|\n|t:|1658114901\n|switch|p1a: Marowak|Marowak-Alola, M|100\/100\n|move|p2a: Xerneas|Boomburst|p1a: Marowak\n|-resisted|p1a: Marowak\n|-damage|p1a: Marowak|49\/100\n|\n|upkeep\n|turn|33\n|\n|t:|1658114903\n|move|p1a: Marowak|Destiny Bond|p1a: Marowak\n|-singlemove|p1a: Marowak|Destiny Bond\n|move|p2a: Xerneas|Volt Switch|p1a: Marowak\n|-damage|p1a: Marowak|24\/100\n|\n|t:|1658114910\n|switch|p2a: Eternatus|Eternatus|74\/100|[from]move: Volt Switch\n|\n|-heal|p2a: Eternatus|80\/100|[from] item: Black Sludge\n|upkeep\n|turn|34\n|\n|t:|1658114915\n|switch|p2a: Lunala|Lunala|80\/100\n|move|p1a: Marowak|Copycat|p1a: Marowak\n|move|p1a: Marowak|Volt Switch|p2a: Lunala|[from]move: Copycat\n|-damage|p2a: Lunala|73\/100\n|\n|t:|1658114920\n|switch|p1a: Zygarde|Zygarde-Complete|100\/100|[from]move: Volt Switch\n|\n|upkeep\n|turn|35\n|\n|t:|1658114926\n|switch|p2a: Xerneas|Xerneas|100\/100\n|move|p1a: Zygarde|Wish|p1a: Zygarde\n|\n|upkeep\n|turn|36\n|\n|t:|1658114931\n|switch|p1a: Xerneas|Xerneas|72\/100\n|move|p2a: Xerneas|Boomburst|p1a: Xerneas\n|-damage|p1a: Xerneas|1\/100\n|\n|-heal|p1a: Xerneas|71\/100|[from] move: Wish|[wisher] Zygarde\n|upkeep\n|turn|37\n|\n|t:|1658114934\n|move|p1a: Xerneas|Quiver Dance|p1a: Xerneas\n|-boost|p1a: Xerneas|spa|1\n|-boost|p1a: Xerneas|spd|1\n|-boost|p1a: Xerneas|spe|1\n|move|p2a: Xerneas|Boomburst|p1a: Xerneas\n|-damage|p1a: Xerneas|15\/100\n|\n|upkeep\n|turn|38\n|\n|t:|1658114938\n|switch|p2a: Melmetal|Melmetal|100\/100\n|move|p1a: Xerneas|Boomburst|p2a: Melmetal\n|-resisted|p2a: Melmetal\n|-damage|p2a: Melmetal|45\/100\n|\n|-heal|p2a: Melmetal|51\/100|[from] item: Leftovers\n|upkeep\n|turn|39\n|\n|t:|1658114941\n|move|p2a: Melmetal|Haze|p2a: Melmetal\n|-clearallboost\n|move|p1a: Xerneas|Earth Power|p2a: Melmetal\n|-supereffective|p2a: Melmetal\n|-damage|p2a: Melmetal|1\/100\n|\n|-heal|p2a: Melmetal|7\/100|[from] item: Leftovers\n|upkeep\n|turn|40\n|\n|t:|1658114945\n|move|p2a: Melmetal|Parting Shot|p1a: Xerneas\n|-unboost|p1a: Xerneas|atk|1\n|-unboost|p1a: Xerneas|spa|1\n|\n|t:|1658114947\n|switch|p2a: Eternatus|Eternatus|80\/100|[from]move: Parting Shot\n|move|p1a: Xerneas|Boomburst|p2a: Eternatus\n|-damage|p2a: Eternatus|43\/100\n|\n|-heal|p2a: Eternatus|49\/100|[from] item: Black Sludge\n|upkeep\n|turn|41\n|\n|t:|1658114952\n|switch|p1a: Zygarde|Zygarde-Complete|100\/100\n|move|p2a: Eternatus|Slack Off|p2a: Eternatus\n|-heal|p2a: Eternatus|99\/100\n|\n|-heal|p2a: Eternatus|100\/100|[from] item: Black Sludge\n|upkeep\n|turn|42\n|\n|t:|1658114958\n|switch|p2a: Xerneas|Xerneas|100\/100\n|move|p1a: Zygarde|Wish|p1a: Zygarde\n|\n|upkeep\n|turn|43\n|\n|t:|1658114961\n|switch|p1a: Calyrex|Calyrex-Ice|58\/100\n|move|p2a: Xerneas|Boomburst|p1a: Calyrex\n|-damage|p1a: Calyrex|0 fnt\n|faint|p1a: Calyrex\n|\n|upkeep\n|\n|t:|1658114967\n|switch|p1a: Marowak|Marowak-Alola, M|24\/100\n|turn|44\n|\n|t:|1658114971\n|switch|p2a: Eternatus|Eternatus|100\/100\n|move|p1a: Marowak|V-create|p2a: Eternatus\n|-resisted|p2a: Eternatus\n|-damage|p2a: Eternatus|58\/100\n|-unboost|p1a: Marowak|spe|1\n|-unboost|p1a: Marowak|def|1\n|-unboost|p1a: Marowak|spd|1\n|\n|-heal|p2a: Eternatus|64\/100|[from] item: Black Sludge\n|upkeep\n|turn|45\n|\n|t:|1658114980\n|move|p1a: Marowak|Copycat|p1a: Marowak\n|move|p1a: Marowak|V-create|p2a: Eternatus|[from]move: Copycat\n|-resisted|p2a: Eternatus\n|-damage|p2a: Eternatus|25\/100\n|-unboost|p1a: Marowak|spe|1\n|-unboost|p1a: Marowak|def|1\n|-unboost|p1a: Marowak|spd|1\n|move|p2a: Eternatus|Slack Off|p2a: Eternatus\n|-heal|p2a: Eternatus|75\/100\n|\n|-heal|p2a: Eternatus|81\/100|[from] item: Black Sludge\n|upkeep\n|turn|46\n|\n|t:|1658114985\n|switch|p2a: Lunala|Lunala|73\/100\n|move|p1a: Marowak|V-create|p2a: Lunala\n|-damage|p2a: Lunala|30\/100\n|-unboost|p1a: Marowak|spe|1\n|-unboost|p1a: Marowak|def|1\n|-unboost|p1a: Marowak|spd|1\n|-damage|p1a: Marowak|7\/100|[from] item: Rocky Helmet|[of] p2a: Lunala\n|\n|upkeep\n|turn|47\n|\n|t:|1658114991\n|switch|p2a: Eternatus|Eternatus|81\/100\n|move|p1a: Marowak|Copycat|p1a: Marowak\n|move|p1a: Marowak|V-create|p2a: Eternatus|[from]move: Copycat\n|-resisted|p2a: Eternatus\n|-damage|p2a: Eternatus|42\/100\n|-unboost|p1a: Marowak|spe|1\n|-unboost|p1a: Marowak|def|1\n|-unboost|p1a: Marowak|spd|1\n|\n|-heal|p2a: Eternatus|48\/100|[from] item: Black Sludge\n|upkeep\n|turn|48\n|\n|t:|1658114996\n|move|p1a: Marowak|Copycat|p1a: Marowak\n|move|p1a: Marowak|V-create|p2a: Eternatus|[from]move: Copycat\n|-resisted|p2a: Eternatus\n|-damage|p2a: Eternatus|2\/100\n|-unboost|p1a: Marowak|spe|1\n|-unboost|p1a: Marowak|def|1\n|-unboost|p1a: Marowak|spd|1\n|move|p2a: Eternatus|Slack Off|p2a: Eternatus\n|-heal|p2a: Eternatus|52\/100\n|\n|-heal|p2a: Eternatus|58\/100|[from] item: Black Sludge\n|upkeep\n|turn|49\n|\n|t:|1658115003\n|move|p1a: Marowak|Destiny Bond|p1a: Marowak\n|-singlemove|p1a: Marowak|Destiny Bond\n|move|p2a: Eternatus|Slack Off|p2a: Eternatus\n|-heal|p2a: Eternatus|100\/100\n|\n|upkeep\n|turn|50\n|\n|t:|1658115028\n|switch|p2a: Lunala|Lunala|30\/100\n|move|p1a: Marowak|V-create|p2a: Lunala\n|-damage|p2a: Lunala|0 fnt\n|-unboost|p1a: Marowak|spe|1\n|-unboost|p1a: Marowak|def|1\n|-unboost|p1a: Marowak|spd|1\n|-damage|p1a: Marowak|0 fnt|[from] item: Rocky Helmet|[of] p2a: Lunala\n|faint|p2a: Lunala\n|faint|p1a: Marowak\n|\n|upkeep\n|\n|t:|1658115034\n|switch|p2a: Xerneas|Xerneas|100\/100\n|switch|p1a: Zygarde|Zygarde-Complete|100\/100\n|turn|51\n|\n|t:|1658115037\n|move|p1a: Zygarde|Aromatherapy|p1a: Zygarde\n|-activate|p1a: Zygarde|move: Aromatherapy\n|-curestatus|p1: Zamazenta|par|[msg]\n|move|p2a: Xerneas|Boomburst|p1a: Zygarde\n|-supereffective|p1a: Zygarde\n|-damage|p1a: Zygarde|0 fnt\n|faint|p1a: Zygarde\n|\n|upkeep\n|\n|t:|1658115040\n|switch|p1a: Kyogre|Kyogre|100\/100\n|turn|52\n|\n|t:|1658115047\n|move|p2a: Xerneas|Volt Switch|p1a: Kyogre\n|-supereffective|p1a: Kyogre\n|-crit|p1a: Kyogre\n|-damage|p1a: Kyogre|61\/100\n|\n|t:|1658115049\n|switch|p2a: Regigigas|Regigigas|100\/100 tox|[from]move: Volt Switch\n|move|p1a: Kyogre|Nuzzle|p2a: Regigigas\n|-damage|p2a: Regigigas|97\/100 tox\n|\n|-heal|p1a: Kyogre|68\/100|[from] item: Leftovers\n|-heal|p2a: Regigigas|100\/100 tox|[from] ability: Poison Heal\n|upkeep\n|turn|53\n|c|\u2606omaznits|Two crits\n|c|\u2606omaznits|two para turns\n|c|\u2606omaznits|gg\n|-message|omaznits forfeited.\n|\n|win|Redflix\n|raw|omaznits's rating: 1586 &rarr; <strong>1569<\/strong><br \/>(-17 for losing)\n|raw|Redflix's rating: 1646 &rarr; <strong>1663<\/strong><br \/>(+17 for winning)\n|c|\u2606omaznits|Wp\n|l|\u2606omaznits\n|l|\u2606Redflix\n||Ladder isn't responding, score probably updated but might not have (Request timeout).\n|j| tzpwe\n","uploadtime":1658115107,"views":29,"p1id":"omaznits","p2id":"redflix","formatid":"gen8balancedhackmons","rating":1569,"private":0,"password":null}