{"id":"gen8ou-1678876827","p1":"minimax_ai","p2":"Foolish Shogun","format":"gen8ou","log":"|j|\u2606minimax_ai\n|j|\u2606Foolish Shogun\n|t:|1665035669\n|gametype|singles\n|player|p1|minimax_ai|lusamine-nihilego|1546\n|player|p2|Foolish Shogun|ghetsis-gen5bw|1625\n|teamsize|p1|6\n|teamsize|p2|6\n|gen|8\n|tier|[Gen 8] OU\n|rated|\n|rule|Sleep Clause Mod: Limit one foe put to sleep\n|rule|Species Clause: Limit one of each Pok\u00e9mon\n|rule|OHKO Clause: OHKO moves are banned\n|rule|Evasion Items Clause: Evasion items are banned\n|rule|Evasion Moves Clause: Evasion moves are banned\n|rule|Endless Battle Clause: Forcing endless battles is banned\n|rule|HP Percentage Mod: HP is shown in percentages\n|rule|Dynamax Clause: You cannot dynamax\n|clearpoke\n|poke|p1|Rotom-Wash|\n|poke|p1|Weavile, F|\n|poke|p1|Landorus-Therian, M|\n|poke|p1|Heatran, M|\n|poke|p1|Tangrowth, M|\n|poke|p1|Melmetal|\n|poke|p2|Araquanid, F|\n|poke|p2|Nidoking, M|\n|poke|p2|Urshifu-*, M|\n|poke|p2|Zapdos-Galar|\n|poke|p2|Heatran, M|\n|poke|p2|Dragapult, F|\n|teampreview\n|c|\u2606minimax_ai|hf\n|inactive|Battle timer is ON: inactive players will automatically lose when time's up. (requested by minimax_ai)\n|\n|t:|1665035694\n|start\n|switch|p1a: rotomwash|Rotom-Wash|100\/100\n|switch|p2a: Araquanid|Araquanid, F|100\/100\n|turn|1\n|\n|t:|1665035696\n|move|p1a: rotomwash|Thunderbolt|p2a: Araquanid\n|-supereffective|p2a: Araquanid\n|-damage|p2a: Araquanid|43\/100\n|-status|p2a: Araquanid|par\n|move|p2a: Araquanid|Liquidation|p1a: rotomwash\n|-resisted|p1a: rotomwash\n|-damage|p1a: rotomwash|50\/100\n|\n|-heal|p1a: rotomwash|56\/100|[from] item: Leftovers\n|upkeep\n|turn|2\n|j| PsychoSound\n|\n|t:|1665035705\n|move|p1a: rotomwash|Hydro Pump|p2a: Araquanid\n|-resisted|p2a: Araquanid\n|-damage|p2a: Araquanid|26\/100 par\n|move|p2a: Araquanid|Liquidation|p1a: rotomwash\n|-resisted|p1a: rotomwash\n|-damage|p1a: rotomwash|1\/100\n|-unboost|p1a: rotomwash|def|1\n|\n|-heal|p1a: rotomwash|7\/100|[from] item: Leftovers\n|upkeep\n|turn|3\n|\n|t:|1665035709\n|move|p1a: rotomwash|Hydro Pump|p2a: Araquanid|[miss]\n|-miss|p1a: rotomwash|p2a: Araquanid\n|move|p2a: Araquanid|Liquidation|p1a: rotomwash\n|-resisted|p1a: rotomwash\n|-damage|p1a: rotomwash|0 fnt\n|faint|p1a: rotomwash\n|\n|upkeep\n|\n|t:|1665035709\n|switch|p1a: Weavile|Weavile, F|100\/100\n|-ability|p1a: Weavile|Pressure\n|turn|4\n|\n|t:|1665035711\n|move|p1a: Weavile|Knock Off|p2a: Araquanid\n|-damage|p2a: Araquanid|0 fnt\n|-enditem|p2a: Araquanid|Choice Band|[from] move: Knock Off|[of] p1a: Weavile\n|faint|p2a: Araquanid\n|\n|upkeep\n|\n|t:|1665035715\n|switch|p2a: Urshifu|Urshifu-Rapid-Strike, M|100\/100\n|turn|5\n|\n|t:|1665035717\n|switch|p1a: Tangrowth|Tangrowth, M|100\/100\n|move|p2a: Urshifu|Close Combat|p1a: Tangrowth\n|-damage|p1a: Tangrowth|53\/100\n|-unboost|p2a: Urshifu|def|1\n|-unboost|p2a: Urshifu|spd|1\n|-damage|p2a: Urshifu|84\/100|[from] item: Rocky Helmet|[of] p1a: Tangrowth\n|\n|upkeep\n|turn|6\n|\n|t:|1665035723\n|switch|p2a: Heatran|Heatran, M|100\/100\n|move|p1a: Tangrowth|Knock Off|p2a: Heatran\n|-damage|p2a: Heatran|83\/100\n|-enditem|p2a: Heatran|Leftovers|[from] move: Knock Off|[of] p1a: Tangrowth\n|\n|upkeep\n|turn|7\n|\n|t:|1665035726\n|switch|p1a: Heatran|Heatran, M|100\/100\n|-item|p1a: Heatran|Air Balloon\n|move|p2a: Heatran|Stealth Rock|p1a: Heatran\n|-sidestart|p1: minimax_ai|move: Stealth Rock\n|\n|upkeep\n|turn|8\n|\n|t:|1665035732\n|switch|p2a: Urshifu|Urshifu-Rapid-Strike, M|84\/100\n|move|p1a: Heatran|Eruption|p2a: Urshifu\n|-resisted|p2a: Urshifu\n|-crit|p2a: Urshifu\n|-damage|p2a: Urshifu|0 fnt\n|faint|p2a: Urshifu\n|\n|upkeep\n|\n|t:|1665035742\n|switch|p2a: Zapdos|Zapdos-Galar|100\/100\n|turn|9\n|\n|t:|1665035744\n|switch|p1a: Tangrowth|Tangrowth, M|87\/100\n|-damage|p1a: Tangrowth|74\/100|[from] Stealth Rock\n|move|p2a: Zapdos|U-turn|p1a: Tangrowth\n|-supereffective|p1a: Tangrowth\n|-damage|p1a: Tangrowth|51\/100\n|-damage|p2a: Zapdos|84\/100|[from] item: Rocky Helmet|[of] p1a: Tangrowth\n|\n|t:|1665035748\n|switch|p2a: Nidoking|Nidoking, M|100\/100|[from]move: U-turn\n|\n|upkeep\n|turn|10\n|\n|t:|1665035750\n|switch|p1a: Heatran|Heatran, M|100\/100\n|-damage|p1a: Heatran|88\/100|[from] Stealth Rock\n|-item|p1a: Heatran|Air Balloon\n|-singleturn|p2a: Nidoking|move: Focus Punch\n|move|p2a: Nidoking|Focus Punch|p1a: Heatran\n|-supereffective|p1a: Heatran\n|-damage|p1a: Heatran|2\/100\n|-enditem|p1a: Heatran|Air Balloon\n|-damage|p2a: Nidoking|91\/100|[from] item: Life Orb\n|\n|upkeep\n|turn|11\n|\n|t:|1665035753\n|switch|p1a: landorustherian|Landorus-Therian, M|100\/100\n|-damage|p1a: landorustherian|88\/100|[from] Stealth Rock\n|-ability|p1a: landorustherian|Intimidate|boost\n|-unboost|p2a: Nidoking|atk|1\n|move|p2a: Nidoking|Earth Power|p1a: landorustherian\n|-immune|p1a: landorustherian\n|\n|-heal|p1a: landorustherian|94\/100|[from] item: Leftovers\n|upkeep\n|turn|12\n|\n|t:|1665035775\n|move|p2a: Nidoking|Flamethrower|p1a: landorustherian\n|-damage|p1a: landorustherian|64\/100\n|move|p1a: landorustherian|Earthquake|p2a: Nidoking\n|-supereffective|p2a: Nidoking\n|-damage|p2a: Nidoking|0 fnt\n|faint|p2a: Nidoking\n|\n|-heal|p1a: landorustherian|70\/100|[from] item: Leftovers\n|upkeep\n|\n|t:|1665035780\n|switch|p2a: Dragapult|Dragapult, F|100\/100\n|turn|13\n|\n|t:|1665035783\n|move|p2a: Dragapult|Draco Meteor|p1a: landorustherian\n|-damage|p1a: landorustherian|0 fnt\n|-unboost|p2a: Dragapult|spa|2\n|faint|p1a: landorustherian\n|\n|upkeep\n|\n|t:|1665035784\n|switch|p1a: Melmetal|Melmetal|100\/100\n|-damage|p1a: Melmetal|94\/100|[from] Stealth Rock\n|turn|14\n|\n|t:|1665035788\n|switch|p2a: Heatran|Heatran, M|83\/100\n|move|p1a: Melmetal|Thunder Punch|p2a: Heatran\n|-damage|p2a: Heatran|53\/100\n|\n|upkeep\n|turn|15\n|\n|t:|1665035792\n|move|p2a: Heatran|Magma Storm|p1a: Melmetal\n|-supereffective|p1a: Melmetal\n|-damage|p1a: Melmetal|48\/100\n|-activate|p1a: Melmetal|move: Magma Storm|[of] p2a: Heatran\n|move|p1a: Melmetal|Earthquake|p2a: Heatran\n|-supereffective|p2a: Heatran\n|-crit|p2a: Heatran\n|-damage|p2a: Heatran|0 fnt\n|faint|p2a: Heatran\n|\n|-end|p1a: Melmetal|Magma Storm|[partiallytrapped]|[silent]\n|upkeep\n|\n|t:|1665035795\n|switch|p2a: Zapdos|Zapdos-Galar|84\/100\n|turn|16\n|\n|t:|1665035799\n|switch|p1a: Tangrowth|Tangrowth, M|84\/100\n|-damage|p1a: Tangrowth|72\/100|[from] Stealth Rock\n|move|p2a: Zapdos|Close Combat|p1a: Tangrowth\n|-damage|p1a: Tangrowth|42\/100\n|-unboost|p2a: Zapdos|def|1\n|-unboost|p2a: Zapdos|spd|1\n|-damage|p2a: Zapdos|67\/100|[from] item: Rocky Helmet|[of] p1a: Tangrowth\n|\n|upkeep\n|turn|17\n|\n|t:|1665035802\n|switch|p2a: Dragapult|Dragapult, F|100\/100\n|move|p1a: Tangrowth|Knock Off|p2a: Dragapult\n|-supereffective|p2a: Dragapult\n|-damage|p2a: Dragapult|36\/100\n|-enditem|p2a: Dragapult|Choice Specs|[from] move: Knock Off|[of] p1a: Tangrowth\n|\n|upkeep\n|turn|18\n|\n|t:|1665035804\n|switch|p1a: Heatran|Heatran, M|2\/100\n|-damage|p1a: Heatran|0 fnt|[from] Stealth Rock\n|faint|p1a: Heatran\n|move|p2a: Dragapult|Shadow Ball|p1: Heatran|[notarget]\n|-fail|p2a: Dragapult\n|\n|upkeep\n|\n|t:|1665035804\n|switch|p1a: Weavile|Weavile, F|100\/100\n|-damage|p1a: Weavile|76\/100|[from] Stealth Rock\n|-ability|p1a: Weavile|Pressure\n|turn|19\n|\n|t:|1665035807\n|move|p1a: Weavile|Ice Shard|p2a: Dragapult\n|-supereffective|p2a: Dragapult\n|-damage|p2a: Dragapult|0 fnt\n|faint|p2a: Dragapult\n|\n|upkeep\n|\n|t:|1665035810\n|switch|p2a: Zapdos|Zapdos-Galar|67\/100\n|turn|20\n|\n|t:|1665035813\n|move|p1a: Weavile|Ice Shard|p2a: Zapdos\n|-supereffective|p2a: Zapdos\n|-damage|p2a: Zapdos|0 fnt\n|faint|p2a: Zapdos\n|\n|win|minimax_ai\n|raw|minimax_ai's rating: 1546 &rarr; <strong>1570<\/strong><br \/>(+24 for winning)\n|raw|Foolish Shogun's rating: 1625 &rarr; <strong>1601<\/strong><br \/>(-24 for losing)\n|c|\u2606minimax_ai|gg\n","uploadtime":1665035814,"views":2,"p1id":"minimaxai","p2id":"foolishshogun","formatid":"gen8ou","rating":1570,"private":0,"password":null}