{"id":"gen8sharedpower-1690798086","p1":"Tagos","p2":"IIIodyne","format":"gen8sharedpower","log":"|j|\u2606Tagos\n|j|\u2606IIIodyne\n|inactive|Battle timer is ON: inactive players will automatically lose when time's up.\n|t:|1666304706\n|gametype|singles\n|player|p1|Tagos|hexmaniac-gen3jp|\n|player|p2|IIIodyne|1|\n|teamsize|p1|6\n|teamsize|p2|6\n|gen|8\n|tier|[Gen 8] Shared Power\n|rated|Tournament battle\n|rule|Species Clause: Limit one of each Pok\u00e9mon\n|rule|OHKO Clause: OHKO moves are banned\n|rule|Evasion Moves Clause: Evasion moves are banned\n|rule|Endless Battle Clause: Forcing endless battles is banned\n|rule|Dynamax Clause: You cannot dynamax\n|rule|HP Percentage Mod: HP is shown in percentages\n|rule|Sleep Clause Mod: Limit one foe put to sleep\n|clearpoke\n|poke|p1|Corviknight, M|\n|poke|p1|Mudsdale, M|\n|poke|p1|Frosmoth, M|\n|poke|p1|Cloyster, M|\n|poke|p1|Toxapex, F|\n|poke|p1|Sableye, M|\n|poke|p2|Ferrothorn, M|\n|poke|p2|Mudsdale, F|\n|poke|p2|Heatran, F|\n|poke|p2|Bewear, F|\n|poke|p2|Weezing-Galar, F|\n|poke|p2|Frosmoth, M|\n|teampreview\n|c|\u2606IIIodyne|hf\n|c|\u2606Tagos|glhf\n|j|%KaenSoul\n|\n|t:|1666304719\n|start\n|switch|p1a: Corviknight|Corviknight, M|100\/100\n|switch|p2a: Mudsdale|Mudsdale, F|100\/100\n|-ability|p1a: Corviknight|Pressure\n|turn|1\n|\n|t:|1666304726\n|switch|p1a: Sableye|Sableye, M|100\/100\n|-ability|p1a: Sableye|Pressure\n|switch|p2a: Ferrothorn|Ferrothorn, M|100\/100\n|\n|upkeep\n|turn|2\n|j| lavafilled\n|\n|t:|1666304744\n|switch|p2a: Heatran|Heatran, F|100\/100\n|move|p1a: Sableye|Will-O-Wisp|p2a: Heatran\n|-start|p2a: Heatran|ability: Flash Fire\n|\n|upkeep\n|turn|3\n|\n|t:|1666304754\n|switch|p1a: Cloyster|Cloyster, M|100\/100\n|-ability|p1a: Cloyster|Pressure\n|move|p2a: Heatran|Magma Storm|p1a: Cloyster\n|-damage|p1a: Cloyster|0 fnt\n|faint|p1a: Cloyster\n|\n|upkeep\n|\n|t:|1666304759\n|switch|p1a: Frosmoth|Frosmoth, M|100\/100\n|-ability|p1a: Frosmoth|Pressure\n|turn|4\n|\n|t:|1666304763\n|switch|p1a: Toxapex|Toxapex, F|100\/100\n|-ability|p1a: Toxapex|Pressure\n|move|p2a: Heatran|Magma Storm|p1a: Toxapex\n|-resisted|p1a: Toxapex\n|-damage|p1a: Toxapex|88\/100\n|-activate|p1a: Toxapex|move: Magma Storm|[of] p2a: Heatran\n|\n|-heal|p1a: Toxapex|94\/100|[from] item: Black Sludge\n|-damage|p1a: Toxapex|81\/100|[from] move: Magma Storm|[partiallytrapped]\n|upkeep\n|turn|5\n|\n|t:|1666304768\n|move|p2a: Heatran|Taunt|p1a: Toxapex\n|-start|p1a: Toxapex|move: Taunt\n|move|p1a: Toxapex|Scald|p2a: Heatran\n|-supereffective|p2a: Heatran\n|-damage|p2a: Heatran|78\/100\n|-ability|p2a: Heatran|Stamina|boost\n|-boost|p2a: Heatran|def|1\n|\n|-heal|p2a: Heatran|84\/100|[from] item: Leftovers\n|-heal|p1a: Toxapex|88\/100|[from] item: Black Sludge\n|-damage|p1a: Toxapex|75\/100|[from] move: Magma Storm|[partiallytrapped]\n|upkeep\n|turn|6\n|\n|t:|1666304774\n|move|p2a: Heatran|Earth Power|p1a: Toxapex\n|-supereffective|p1a: Toxapex\n|-damage|p1a: Toxapex|52\/100\n|-unboost|p1a: Toxapex|spd|1\n|move|p1a: Toxapex|Knock Off|p2a: Heatran\n|-damage|p2a: Heatran|74\/100\n|-damage|p1a: Toxapex|40\/100|[from] ability: Iron Barbs|[of] p2a: Heatran\n|-ability|p2a: Heatran|Stamina|boost\n|-boost|p2a: Heatran|def|1\n|-enditem|p2a: Heatran|Leftovers|[from] move: Knock Off|[of] p1a: Toxapex\n|\n|-heal|p1a: Toxapex|46\/100|[from] item: Black Sludge\n|-damage|p1a: Toxapex|34\/100|[from] move: Magma Storm|[partiallytrapped]\n|upkeep\n|turn|7\n|\n|t:|1666304781\n|move|p2a: Heatran|Earth Power|p1a: Toxapex\n|-supereffective|p1a: Toxapex\n|-damage|p1a: Toxapex|2\/100\n|move|p1a: Toxapex|Scald|p2a: Heatran\n|-supereffective|p2a: Heatran\n|-damage|p2a: Heatran|50\/100\n|-ability|p2a: Heatran|Stamina|boost\n|-boost|p2a: Heatran|def|1\n|\n|-heal|p1a: Toxapex|9\/100|[from] item: Black Sludge\n|-damage|p1a: Toxapex|0 fnt|[from] move: Magma Storm|[partiallytrapped]\n|faint|p1a: Toxapex\n|upkeep\n|\n|t:|1666304794\n|switch|p1a: Mudsdale|Mudsdale, M|100\/100\n|-ability|p1a: Mudsdale|Pressure\n|turn|8\n|\n|t:|1666304799\n|move|p1a: Mudsdale|Stealth Rock|p2a: Heatran\n|-sidestart|p2: IIIodyne|move: Stealth Rock\n|move|p2a: Heatran|Toxic|p1a: Mudsdale\n|-status|p1a: Mudsdale|tox\n|\n|-damage|p1a: Mudsdale|94\/100 tox|[from] psn\n|upkeep\n|turn|9\n|\n|t:|1666304804\n|move|p2a: Heatran|Magma Storm|p1a: Mudsdale\n|-damage|p1a: Mudsdale|62\/100 tox\n|-activate|p1a: Mudsdale|move: Magma Storm|[of] p2a: Heatran\n|-ability|p1a: Mudsdale|Stamina|boost\n|-boost|p1a: Mudsdale|def|1\n|move|p1a: Mudsdale|Body Press|p2a: Heatran\n|-supereffective|p2a: Heatran\n|-damage|p2a: Heatran|20\/100\n|-damage|p1a: Mudsdale|50\/100 tox|[from] ability: Iron Barbs|[of] p2a: Heatran\n|-ability|p2a: Heatran|Stamina|boost\n|-boost|p2a: Heatran|def|1\n|\n|-heal|p1a: Mudsdale|56\/100 tox|[from] item: Leftovers\n|-damage|p1a: Mudsdale|44\/100 tox|[from] psn\n|-damage|p1a: Mudsdale|31\/100 tox|[from] move: Magma Storm|[partiallytrapped]\n|upkeep\n|turn|10\n|\n|t:|1666304811\n|move|p1a: Mudsdale|Rest|p1a: Mudsdale\n|-status|p1a: Mudsdale|slp|[from] move: Rest\n|-heal|p1a: Mudsdale|100\/100 slp|[silent]\n|move|p2a: Heatran|Magma Storm|p1a: Mudsdale|[miss]\n|-miss|p2a: Heatran|p1a: Mudsdale\n|\n|-damage|p1a: Mudsdale|88\/100 slp|[from] move: Magma Storm|[partiallytrapped]\n|upkeep\n|turn|11\n|j| blastablasta\n|\n|t:|1666304820\n|move|p2a: Heatran|Taunt|p1a: Mudsdale\n|-start|p1a: Mudsdale|move: Taunt\n|cant|p1a: Mudsdale|slp\n|\n|-heal|p1a: Mudsdale|94\/100 slp|[from] item: Leftovers\n|-damage|p1a: Mudsdale|82\/100 slp|[from] move: Magma Storm|[partiallytrapped]\n|upkeep\n|turn|12\n|\n|t:|1666304826\n|move|p2a: Heatran|Earth Power|p1a: Mudsdale\n|-damage|p1a: Mudsdale|69\/100 slp\n|-ability|p1a: Mudsdale|Stamina|boost\n|-boost|p1a: Mudsdale|def|1\n|cant|p1a: Mudsdale|slp\n|\n|-heal|p1a: Mudsdale|75\/100 slp|[from] item: Leftovers\n|-damage|p1a: Mudsdale|63\/100 slp|[from] move: Magma Storm|[partiallytrapped]\n|upkeep\n|turn|13\n|\n|t:|1666304830\n|move|p2a: Heatran|Earth Power|p1a: Mudsdale\n|-damage|p1a: Mudsdale|50\/100 slp\n|-unboost|p1a: Mudsdale|spd|1\n|-ability|p1a: Mudsdale|Stamina|boost\n|-boost|p1a: Mudsdale|def|1\n|-curestatus|p1a: Mudsdale|slp|[msg]\n|move|p1a: Mudsdale|Body Press|p2a: Heatran\n|-supereffective|p2a: Heatran\n|-damage|p2a: Heatran|0 fnt\n|-damage|p1a: Mudsdale|38\/100|[from] ability: Iron Barbs|[of] p2a: Heatran\n|faint|p2a: Heatran\n|\n|-heal|p1a: Mudsdale|44\/100|[from] item: Leftovers\n|-end|p1a: Mudsdale|Magma Storm|[partiallytrapped]\n|-end|p1a: Mudsdale|move: Taunt\n|upkeep\n|\n|t:|1666304837\n|switch|p2a: Bewear|Bewear, F|100\/100\n|-damage|p2a: Bewear|94\/100|[from] Stealth Rock\n|turn|14\n|\n|t:|1666304842\n|switch|p2a: Weezing|Weezing-Galar, F|100\/100\n|-damage|p2a: Weezing|88\/100|[from] Stealth Rock\n|move|p1a: Mudsdale|Rest|p1a: Mudsdale\n|-status|p1a: Mudsdale|slp|[from] move: Rest\n|-heal|p1a: Mudsdale|100\/100 slp|[silent]\n|\n|upkeep\n|turn|15\n|\n|t:|1666304854\n|move|p2a: Weezing|Strange Steam|p1a: Mudsdale\n|-damage|p1a: Mudsdale|81\/100 slp\n|-start|p1a: Mudsdale|confusion\n|-ability|p1a: Mudsdale|Stamina|boost\n|-boost|p1a: Mudsdale|def|1\n|cant|p1a: Mudsdale|slp\n|\n|-heal|p1a: Mudsdale|87\/100 slp|[from] item: Leftovers\n|upkeep\n|turn|16\n|\n|t:|1666304868\n|move|p2a: Weezing|Haze|p2a: Weezing\n|-clearallboost\n|cant|p1a: Mudsdale|slp\n|\n|-heal|p1a: Mudsdale|94\/100 slp|[from] item: Leftovers\n|upkeep\n|turn|17\n|\n|t:|1666304874\n|move|p2a: Weezing|Flamethrower|p1a: Mudsdale\n|-damage|p1a: Mudsdale|85\/100 slp\n|-ability|p1a: Mudsdale|Stamina|boost\n|-boost|p1a: Mudsdale|def|1\n|-curestatus|p1a: Mudsdale|slp|[msg]\n|-activate|p1a: Mudsdale|confusion\n|move|p1a: Mudsdale|Roar|p2a: Weezing\n|drag|p2a: Bewear|Bewear, F|94\/100\n|-damage|p2a: Bewear|88\/100|[from] Stealth Rock\n|\n|-heal|p2a: Bewear|94\/100|[from] item: Leftovers\n|-heal|p1a: Mudsdale|91\/100|[from] item: Leftovers\n|upkeep\n|turn|18\n|\n|t:|1666304885\n|switch|p1a: Sableye|Sableye, M|100\/100\n|-ability|p1a: Sableye|Pressure\n|move|p2a: Bewear|Roar|p1a: Sableye\n|drag|p1a: Corviknight|Corviknight, M|100\/100\n|-ability|p1a: Corviknight|Pressure\n|\n|-heal|p2a: Bewear|100\/100|[from] item: Leftovers\n|upkeep\n|turn|19\n|\n|t:|1666304902\n|move|p1a: Corviknight|Bulk Up|p1a: Corviknight\n|-boost|p1a: Corviknight|atk|1\n|-boost|p1a: Corviknight|def|1\n|move|p2a: Bewear|Ice Punch|p1a: Corviknight\n|-damage|p1a: Corviknight|89\/100\n|-status|p1a: Corviknight|frz\n|-ability|p1a: Corviknight|Stamina|boost\n|-boost|p1a: Corviknight|def|1\n|\n|-heal|p1a: Corviknight|95\/100 frz|[from] item: Leftovers\n|upkeep\n|turn|20\n|c|\u2606Tagos|hmm\n|c| blastablasta|fluffy\n|\n|t:|1666304923\n|cant|p1a: Corviknight|frz\n|move|p2a: Bewear|Roar|p1a: Corviknight\n|drag|p1a: Mudsdale|Mudsdale, M|91\/100\n|-ability|p1a: Mudsdale|Pressure\n|\n|-heal|p1a: Mudsdale|97\/100|[from] item: Leftovers\n|upkeep\n|turn|21\n|\n|t:|1666304936\n|move|p2a: Bewear|Ice Punch|p1a: Mudsdale\n|-supereffective|p1a: Mudsdale\n|-damage|p1a: Mudsdale|72\/100\n|-ability|p1a: Mudsdale|Stamina|boost\n|-boost|p1a: Mudsdale|def|1\n|move|p1a: Mudsdale|Body Press|p2a: Bewear\n|-supereffective|p2a: Bewear\n|-damage|p2a: Bewear|78\/100\n|-damage|p1a: Mudsdale|60\/100|[from] ability: Iron Barbs|[of] p2a: Bewear\n|-ability|p2a: Bewear|Stamina|boost\n|-boost|p2a: Bewear|def|1\n|\n|-heal|p2a: Bewear|84\/100|[from] item: Leftovers\n|-heal|p1a: Mudsdale|66\/100|[from] item: Leftovers\n|upkeep\n|turn|22\n|\n|t:|1666304944\n|move|p1a: Mudsdale|Roar|p2a: Bewear\n|drag|p2a: Frosmoth|Frosmoth, M|100\/100\n|\n|-heal|p1a: Mudsdale|72\/100|[from] item: Leftovers\n|upkeep\n|turn|23\n|\n|t:|1666304952\n|switch|p1a: Corviknight|Corviknight, M|95\/100 frz\n|-ability|p1a: Corviknight|Pressure\n|move|p2a: Frosmoth|Quiver Dance|p2a: Frosmoth\n|-boost|p2a: Frosmoth|spa|1\n|-boost|p2a: Frosmoth|spd|1\n|-boost|p2a: Frosmoth|spe|1\n|\n|-heal|p1a: Corviknight|100\/100 frz|[from] item: Leftovers\n|upkeep\n|turn|24\n|j| Spem53\n|\n|t:|1666304964\n|cant|p1a: Corviknight|frz\n|move|p2a: Frosmoth|Quiver Dance|p2a: Frosmoth\n|-boost|p2a: Frosmoth|spa|1\n|-boost|p2a: Frosmoth|spd|1\n|-boost|p2a: Frosmoth|spe|1\n|\n|upkeep\n|turn|25\n|\n|t:|1666304973\n|switch|p1a: Frosmoth|Frosmoth, M|100\/100\n|-ability|p1a: Frosmoth|Pressure\n|move|p2a: Frosmoth|Quiver Dance|p2a: Frosmoth\n|-boost|p2a: Frosmoth|spa|1\n|-boost|p2a: Frosmoth|spd|1\n|-boost|p2a: Frosmoth|spe|1\n|\n|upkeep\n|turn|26\n|\n|t:|1666304978\n|move|p1a: Frosmoth|Stun Spore|p2a: Frosmoth\n|-status|p2a: Frosmoth|par\n|move|p2a: Frosmoth|Defog|p1a: Frosmoth\n|-unboost|p1a: Frosmoth|evasion|1\n|-sideend|p2: IIIodyne|Stealth Rock|[from] move: Defog|[of] p2a: Frosmoth\n|\n|upkeep\n|turn|27\n|l| Spem53\n|\n|t:|1666304988\n|cant|p2a: Frosmoth|par\n|move|p1a: Frosmoth|U-turn|p2a: Frosmoth\n|-damage|p2a: Frosmoth|91\/100 par\n|-damage|p1a: Frosmoth|88\/100|[from] ability: Iron Barbs|[of] p2a: Frosmoth\n|-ability|p2a: Frosmoth|Stamina|boost\n|-boost|p2a: Frosmoth|def|1\n|\n|t:|1666304991\n|switch|p1a: Corviknight|Corviknight, M|100\/100 frz|[from]move: U-turn\n|-ability|p1a: Corviknight|Pressure\n|\n|upkeep\n|turn|28\n|\n|t:|1666304997\n|-curestatus|p1a: Corviknight|frz|[msg]\n|move|p1a: Corviknight|Roost||[still]\n|-fail|p1a: Corviknight|heal\n|cant|p2a: Frosmoth|par\n|\n|upkeep\n|turn|29\n|\n|t:|1666305001\n|move|p1a: Corviknight|Bulk Up|p1a: Corviknight\n|-boost|p1a: Corviknight|atk|1\n|-boost|p1a: Corviknight|def|1\n|cant|p2a: Frosmoth|par\n|\n|upkeep\n|turn|30\n|c|\u2606Tagos|damn\n|c|\u2606Tagos|the hax is strong on this one\n|\n|t:|1666305013\n|move|p1a: Corviknight|Bulk Up|p1a: Corviknight\n|-boost|p1a: Corviknight|atk|1\n|-boost|p1a: Corviknight|def|1\n|cant|p2a: Frosmoth|par\n|\n|upkeep\n|turn|31\n|\n|t:|1666305022\n|move|p1a: Corviknight|Bulk Up|p1a: Corviknight\n|-boost|p1a: Corviknight|atk|1\n|-boost|p1a: Corviknight|def|1\n|cant|p2a: Frosmoth|par\n|\n|upkeep\n|turn|32\n|c|\u2606Tagos|??????\n|\n|t:|1666305031\n|move|p2a: Frosmoth|Ice Beam|p1a: Corviknight\n|-damage|p1a: Corviknight|67\/100\n|-ability|p1a: Corviknight|Stamina|boost\n|-boost|p1a: Corviknight|def|1\n|move|p1a: Corviknight|Power Trip|p2a: Frosmoth\n|-damage|p2a: Frosmoth|57\/100 par\n|-damage|p1a: Corviknight|55\/100|[from] ability: Iron Barbs|[of] p2a: Frosmoth\n|-ability|p2a: Frosmoth|Stamina|boost\n|-boost|p2a: Frosmoth|def|1\n|\n|-heal|p1a: Corviknight|61\/100|[from] item: Leftovers\n|upkeep\n|turn|33\n|\n|t:|1666305037\n|move|p1a: Corviknight|Roost|p1a: Corviknight\n|-heal|p1a: Corviknight|100\/100\n|-singleturn|p1a: Corviknight|move: Roost\n|move|p2a: Frosmoth|Ice Beam|p1a: Corviknight\n|-resisted|p1a: Corviknight\n|-damage|p1a: Corviknight|85\/100\n|-ability|p1a: Corviknight|Stamina|boost\n|-boost|p1a: Corviknight|def|1\n|\n|-heal|p1a: Corviknight|91\/100|[from] item: Leftovers\n|upkeep\n|turn|34\n|\n|t:|1666305044\n|move|p2a: Frosmoth|Quiver Dance|p2a: Frosmoth\n|-boost|p2a: Frosmoth|spa|1\n|-boost|p2a: Frosmoth|spd|1\n|-boost|p2a: Frosmoth|spe|1\n|move|p1a: Corviknight|Power Trip|p2a: Frosmoth\n|-damage|p2a: Frosmoth|29\/100 par\n|-damage|p1a: Corviknight|79\/100|[from] ability: Iron Barbs|[of] p2a: Frosmoth\n|-ability|p2a: Frosmoth|Stamina|boost\n|-boost|p2a: Frosmoth|def|1\n|\n|-heal|p1a: Corviknight|85\/100|[from] item: Leftovers\n|upkeep\n|turn|35\n|\n|t:|1666305052\n|move|p1a: Corviknight|Bulk Up|p1a: Corviknight\n|-boost|p1a: Corviknight|atk|1\n|-boost|p1a: Corviknight|def|1\n|move|p2a: Frosmoth|Ice Beam|p1a: Corviknight\n|-damage|p1a: Corviknight|47\/100\n|\n|-heal|p1a: Corviknight|53\/100|[from] item: Leftovers\n|upkeep\n|turn|36\n|\n|t:|1666305058\n|move|p1a: Corviknight|Bulk Up|p1a: Corviknight\n|-boost|p1a: Corviknight|atk|1\n|-boost|p1a: Corviknight|def|0\n|move|p2a: Frosmoth|Ice Beam|p1a: Corviknight\n|-damage|p1a: Corviknight|14\/100\n|\n|-heal|p1a: Corviknight|20\/100|[from] item: Leftovers\n|upkeep\n|turn|37\n|\n|t:|1666305061\n|move|p1a: Corviknight|Roost|p1a: Corviknight\n|-heal|p1a: Corviknight|70\/100\n|-singleturn|p1a: Corviknight|move: Roost\n|move|p2a: Frosmoth|Ice Beam|p1a: Corviknight\n|-resisted|p1a: Corviknight\n|-damage|p1a: Corviknight|52\/100\n|\n|-heal|p1a: Corviknight|58\/100|[from] item: Leftovers\n|upkeep\n|turn|38\n|\n|t:|1666305076\n|move|p1a: Corviknight|Roost|p1a: Corviknight\n|-heal|p1a: Corviknight|100\/100\n|-singleturn|p1a: Corviknight|move: Roost\n|cant|p2a: Frosmoth|par\n|\n|upkeep\n|turn|39\n|\n|t:|1666305082\n|move|p2a: Frosmoth|Ice Beam|p1a: Corviknight\n|-damage|p1a: Corviknight|65\/100\n|-status|p1a: Corviknight|frz\n|cant|p1a: Corviknight|frz\n|\n|-heal|p1a: Corviknight|72\/100 frz|[from] item: Leftovers\n|upkeep\n|turn|40\n|c|\u2606Tagos|bruh\n|\n|t:|1666305112\n|cant|p1a: Corviknight|frz\n|move|p2a: Frosmoth|Ice Beam|p1a: Corviknight\n|-damage|p1a: Corviknight|35\/100 frz\n|\n|-heal|p1a: Corviknight|41\/100 frz|[from] item: Leftovers\n|upkeep\n|turn|41\n|c|\u2606IIIodyne|hax karma\n|c|\u2606Tagos|true lol\n|c|\u2606Tagos|i got it frozen before tho\n|j| Gunnygod\n|\n|t:|1666305131\n|cant|p1a: Corviknight|frz\n|move|p2a: Frosmoth|Ice Beam|p1a: Corviknight\n|-damage|p1a: Corviknight|0 fnt\n|faint|p1a: Corviknight\n|\n|upkeep\n|c|\u2606IIIodyne|true\n|c|\u2606Tagos|ggwp\n|\n|t:|1666305138\n|switch|p1a: Sableye|Sableye, M|100\/100\n|-ability|p1a: Sableye|Pressure\n|turn|42\n|\n|t:|1666305142\n|move|p2a: Frosmoth|Giga Drain|p1a: Sableye\n|-damage|p1a: Sableye|68\/100\n|-heal|p2a: Frosmoth|47\/100 par|[from] drain|[of] p1a: Sableye\n|-ability|p1a: Sableye|Stamina|boost\n|-boost|p1a: Sableye|def|1\n|move|p1a: Sableye|Knock Off|p2a: Frosmoth\n|-damage|p2a: Frosmoth|40\/100 par\n|-damage|p1a: Sableye|56\/100|[from] ability: Iron Barbs|[of] p2a: Frosmoth\n|-ability|p2a: Frosmoth|Stamina|boost\n|-boost|p2a: Frosmoth|def|1\n|-enditem|p2a: Frosmoth|Heavy-Duty Boots|[from] move: Knock Off|[of] p1a: Sableye\n|\n|-heal|p1a: Sableye|62\/100|[from] item: Leftovers\n|upkeep\n|turn|43\n|c|\u2606IIIodyne|lol that was my last ice beam\n|\n|t:|1666305156\n|move|p1a: Sableye|Encore|p2a: Frosmoth\n|-start|p2a: Frosmoth|Encore\n|cant|p2a: Frosmoth|par\n|\n|-heal|p1a: Sableye|68\/100|[from] item: Leftovers\n|upkeep\n|turn|44\n|c|\u2606Tagos|oh right\n|c|\u2606Tagos|lol\n|\n|t:|1666305173\n|switch|p1a: Frosmoth|Frosmoth, M|88\/100\n|-ability|p1a: Frosmoth|Pressure\n|move|p2a: Frosmoth|Giga Drain|p1a: Frosmoth\n|-resisted|p1a: Frosmoth\n|-damage|p1a: Frosmoth|76\/100\n|-heal|p2a: Frosmoth|48\/100 par|[from] drain|[of] p1a: Frosmoth\n|-ability|p1a: Frosmoth|Stamina|boost\n|-boost|p1a: Frosmoth|def|1\n|\n|upkeep\n|turn|45\n|\n|t:|1666305183\n|move|p2a: Frosmoth|Giga Drain|p1a: Frosmoth\n|-resisted|p1a: Frosmoth\n|-damage|p1a: Frosmoth|64\/100\n|-heal|p2a: Frosmoth|55\/100 par|[from] drain|[of] p1a: Frosmoth\n|-ability|p1a: Frosmoth|Stamina|boost\n|-boost|p1a: Frosmoth|def|1\n|move|p1a: Frosmoth|Ice Beam|p2a: Frosmoth\n|-resisted|p2a: Frosmoth\n|-damage|p2a: Frosmoth|51\/100 par\n|-ability|p2a: Frosmoth|Stamina|boost\n|-boost|p2a: Frosmoth|def|1\n|\n|-end|p2a: Frosmoth|Encore\n|upkeep\n|turn|46\n|\n|t:|1666305189\n|move|p2a: Frosmoth|Quiver Dance|p2a: Frosmoth\n|-boost|p2a: Frosmoth|spa|1\n|-boost|p2a: Frosmoth|spd|1\n|-boost|p2a: Frosmoth|spe|1\n|move|p1a: Frosmoth|Ice Beam|p2a: Frosmoth\n|-resisted|p2a: Frosmoth\n|-damage|p2a: Frosmoth|48\/100 par\n|-ability|p2a: Frosmoth|Stamina|boost\n|-boost|p2a: Frosmoth|def|1\n|\n|upkeep\n|turn|47\n|\n|t:|1666305195\n|move|p2a: Frosmoth|Quiver Dance|p2a: Frosmoth\n|-boost|p2a: Frosmoth|spa|1\n|-boost|p2a: Frosmoth|spd|1\n|-boost|p2a: Frosmoth|spe|1\n|move|p1a: Frosmoth|Ice Beam|p2a: Frosmoth\n|-resisted|p2a: Frosmoth\n|-damage|p2a: Frosmoth|45\/100 par\n|\n|upkeep\n|turn|48\n|\n|t:|1666305202\n|move|p1a: Frosmoth|Stun Spore|p2a: Frosmoth\n|-fail|p2a: Frosmoth|par\n|cant|p2a: Frosmoth|par\n|\n|upkeep\n|turn|49\n|\n|t:|1666305207\n|move|p1a: Frosmoth|Stun Spore|p2a: Frosmoth\n|-fail|p2a: Frosmoth|par\n|cant|p2a: Frosmoth|par\n|\n|upkeep\n|turn|50\n|c| blastablasta|he thick\n|\n|t:|1666305218\n|move|p1a: Frosmoth|Stun Spore|p2a: Frosmoth\n|-fail|p2a: Frosmoth|par\n|move|p2a: Frosmoth|Defog|p1a: Frosmoth\n|-unboost|p1a: Frosmoth|evasion|1\n|\n|upkeep\n|turn|51\n|\n|t:|1666305221\n|move|p1a: Frosmoth|Stun Spore|p2a: Frosmoth\n|-fail|p2a: Frosmoth|par\n|move|p2a: Frosmoth|Defog|p1a: Frosmoth\n|-unboost|p1a: Frosmoth|evasion|1\n|\n|upkeep\n|turn|52\n|\n|t:|1666305228\n|move|p1a: Frosmoth|Stun Spore|p2a: Frosmoth|[miss]\n|-miss|p1a: Frosmoth|p2a: Frosmoth\n|cant|p2a: Frosmoth|par\n|\n|upkeep\n|turn|53\n|\n|t:|1666305229\n|move|p1a: Frosmoth|Stun Spore|p2a: Frosmoth\n|-fail|p2a: Frosmoth|par\n|cant|p2a: Frosmoth|par\n|\n|upkeep\n|turn|54\n|\n|t:|1666305231\n|move|p1a: Frosmoth|Stun Spore|p2a: Frosmoth|[miss]\n|-miss|p1a: Frosmoth|p2a: Frosmoth\n|move|p2a: Frosmoth|Defog|p1a: Frosmoth\n|-unboost|p1a: Frosmoth|evasion|1\n|\n|upkeep\n|turn|55\n|\n|t:|1666305233\n|move|p1a: Frosmoth|Stun Spore|p2a: Frosmoth\n|-fail|p2a: Frosmoth|par\n|move|p2a: Frosmoth|Defog|p1a: Frosmoth\n|-unboost|p1a: Frosmoth|evasion|1\n|\n|upkeep\n|turn|56\n|\n|t:|1666305235\n|move|p1a: Frosmoth|Stun Spore|p2a: Frosmoth\n|-fail|p2a: Frosmoth|par\n|move|p2a: Frosmoth|Defog|p1a: Frosmoth\n|-unboost|p1a: Frosmoth|evasion|1\n|\n|upkeep\n|turn|57\n|\n|t:|1666305237\n|move|p1a: Frosmoth|Stun Spore|p2a: Frosmoth\n|-fail|p2a: Frosmoth|par\n|move|p2a: Frosmoth|Defog|p1a: Frosmoth\n|-unboost|p1a: Frosmoth|evasion|1\n|\n|upkeep\n|turn|58\n|\n|t:|1666305240\n|move|p1a: Frosmoth|Stun Spore|p2a: Frosmoth|[miss]\n|-miss|p1a: Frosmoth|p2a: Frosmoth\n|move|p2a: Frosmoth|Defog||[still]\n|-unboost|p1a: Frosmoth|evasion|0\n|-fail|p2a: Frosmoth\n|\n|upkeep\n|turn|59\n|\n|t:|1666305241\n|move|p1a: Frosmoth|Stun Spore|p2a: Frosmoth|[miss]\n|-miss|p1a: Frosmoth|p2a: Frosmoth\n|move|p2a: Frosmoth|Defog||[still]\n|-unboost|p1a: Frosmoth|evasion|0\n|-fail|p2a: Frosmoth\n|\n|upkeep\n|turn|60\n|\n|t:|1666305243\n|move|p1a: Frosmoth|Stun Spore|p2a: Frosmoth\n|-fail|p2a: Frosmoth|par\n|cant|p2a: Frosmoth|par\n|\n|upkeep\n|turn|61\n|\n|t:|1666305244\n|move|p1a: Frosmoth|Stun Spore|p2a: Frosmoth\n|-fail|p2a: Frosmoth|par\n|move|p2a: Frosmoth|Defog||[still]\n|-unboost|p1a: Frosmoth|evasion|0\n|-fail|p2a: Frosmoth\n|\n|upkeep\n|turn|62\n|\n|t:|1666305245\n|move|p1a: Frosmoth|Stun Spore|p2a: Frosmoth\n|-fail|p2a: Frosmoth|par\n|move|p2a: Frosmoth|Defog||[still]\n|-unboost|p1a: Frosmoth|evasion|0\n|-fail|p2a: Frosmoth\n|\n|upkeep\n|turn|63\n|\n|t:|1666305247\n|move|p1a: Frosmoth|Stun Spore|p2a: Frosmoth\n|-fail|p2a: Frosmoth|par\n|move|p2a: Frosmoth|Defog||[still]\n|-unboost|p1a: Frosmoth|evasion|0\n|-fail|p2a: Frosmoth\n|\n|upkeep\n|turn|64\n|\n|t:|1666305250\n|move|p1a: Frosmoth|Stun Spore|p2a: Frosmoth\n|-fail|p2a: Frosmoth|par\n|cant|p2a: Frosmoth|par\n|\n|upkeep\n|turn|65\n|\n|t:|1666305252\n|move|p1a: Frosmoth|Stun Spore|p2a: Frosmoth\n|-fail|p2a: Frosmoth|par\n|move|p2a: Frosmoth|Quiver Dance|p2a: Frosmoth\n|-boost|p2a: Frosmoth|spa|0\n|-boost|p2a: Frosmoth|spd|0\n|-boost|p2a: Frosmoth|spe|0\n|\n|upkeep\n|turn|66\n|\n|t:|1666305254\n|move|p1a: Frosmoth|Stun Spore|p2a: Frosmoth|[miss]\n|-miss|p1a: Frosmoth|p2a: Frosmoth\n|move|p2a: Frosmoth|Quiver Dance|p2a: Frosmoth\n|-boost|p2a: Frosmoth|spa|0\n|-boost|p2a: Frosmoth|spd|0\n|-boost|p2a: Frosmoth|spe|0\n|\n|upkeep\n|turn|67\n|\n|t:|1666305256\n|move|p1a: Frosmoth|Stun Spore|p2a: Frosmoth\n|-fail|p2a: Frosmoth|par\n|move|p2a: Frosmoth|Quiver Dance|p2a: Frosmoth\n|-boost|p2a: Frosmoth|spa|0\n|-boost|p2a: Frosmoth|spd|0\n|-boost|p2a: Frosmoth|spe|0\n|\n|upkeep\n|turn|68\n|\n|t:|1666305257\n|move|p1a: Frosmoth|Stun Spore|p2a: Frosmoth\n|-fail|p2a: Frosmoth|par\n|move|p2a: Frosmoth|Quiver Dance|p2a: Frosmoth\n|-boost|p2a: Frosmoth|spa|0\n|-boost|p2a: Frosmoth|spd|0\n|-boost|p2a: Frosmoth|spe|0\n|\n|upkeep\n|turn|69\n|\n|t:|1666305259\n|move|p1a: Frosmoth|Stun Spore|p2a: Frosmoth\n|-fail|p2a: Frosmoth|par\n|move|p2a: Frosmoth|Quiver Dance|p2a: Frosmoth\n|-boost|p2a: Frosmoth|spa|0\n|-boost|p2a: Frosmoth|spd|0\n|-boost|p2a: Frosmoth|spe|0\n|\n|upkeep\n|turn|70\n|\n|t:|1666305261\n|move|p2a: Frosmoth|Quiver Dance|p2a: Frosmoth\n|-boost|p2a: Frosmoth|spa|0\n|-boost|p2a: Frosmoth|spd|0\n|-boost|p2a: Frosmoth|spe|0\n|move|p1a: Frosmoth|U-turn|p2a: Frosmoth\n|-damage|p2a: Frosmoth|42\/100 par\n|-damage|p1a: Frosmoth|51\/100|[from] ability: Iron Barbs|[of] p2a: Frosmoth\n|\n|t:|1666305263\n|switch|p1a: Sableye|Sableye, M|68\/100|[from]move: U-turn\n|-ability|p1a: Sableye|Pressure\n|\n|-heal|p1a: Sableye|75\/100|[from] item: Leftovers\n|upkeep\n|turn|71\n|\n|t:|1666305265\n|switch|p1a: Frosmoth|Frosmoth, M|51\/100\n|-ability|p1a: Frosmoth|Pressure\n|move|p2a: Frosmoth|Giga Drain|p1a: Frosmoth\n|-resisted|p1a: Frosmoth\n|-damage|p1a: Frosmoth|36\/100\n|-heal|p2a: Frosmoth|52\/100 par|[from] drain|[of] p1a: Frosmoth\n|-ability|p1a: Frosmoth|Stamina|boost\n|-boost|p1a: Frosmoth|def|1\n|\n|upkeep\n|turn|72\n|\n|t:|1666305269\n|move|p1a: Frosmoth|Stun Spore|p2a: Frosmoth\n|-fail|p2a: Frosmoth|par\n|move|p2a: Frosmoth|Giga Drain|p1a: Frosmoth\n|-resisted|p1a: Frosmoth\n|-damage|p1a: Frosmoth|21\/100\n|-heal|p2a: Frosmoth|61\/100 par|[from] drain|[of] p1a: Frosmoth\n|-ability|p1a: Frosmoth|Stamina|boost\n|-boost|p1a: Frosmoth|def|1\n|\n|upkeep\n|turn|73\n|\n|t:|1666305271\n|move|p1a: Frosmoth|Rest|p1a: Frosmoth\n|-status|p1a: Frosmoth|slp|[from] move: Rest\n|-heal|p1a: Frosmoth|100\/100 slp|[silent]\n|cant|p2a: Frosmoth|par\n|\n|upkeep\n|turn|74\n|\n|t:|1666305281\n|cant|p1a: Frosmoth|slp\n|move|p2a: Frosmoth|Quiver Dance|p2a: Frosmoth\n|-boost|p2a: Frosmoth|spa|0\n|-boost|p2a: Frosmoth|spd|0\n|-boost|p2a: Frosmoth|spe|0\n|\n|upkeep\n|turn|75\n|\n|t:|1666305295\n|switch|p2a: Ferrothorn|Ferrothorn, M|100\/100\n|cant|p1a: Frosmoth|slp\n|\n|upkeep\n|turn|76\n|\n|t:|1666305307\n|-curestatus|p1a: Frosmoth|slp|[msg]\n|move|p1a: Frosmoth|U-turn|p2a: Ferrothorn\n|-damage|p2a: Ferrothorn|96\/100\n|-damage|p1a: Frosmoth|88\/100|[from] ability: Iron Barbs|[of] p2a: Ferrothorn\n|-ability|p2a: Ferrothorn|Stamina|boost\n|-boost|p2a: Ferrothorn|def|1\n|\n|t:|1666305313\n|switch|p1a: Sableye|Sableye, M|75\/100|[from]move: U-turn\n|-ability|p1a: Sableye|Pressure\n|move|p2a: Ferrothorn|Leech Seed|p1a: Sableye\n|-start|p1a: Sableye|move: Leech Seed\n|\n|-heal|p1a: Sableye|81\/100|[from] item: Leftovers\n|-heal|p2a: Ferrothorn|100\/100|[from] item: Leftovers\n|-damage|p1a: Sableye|68\/100|[from] Leech Seed|[of] p2a: Ferrothorn\n|upkeep\n|turn|77\n|\n|t:|1666305322\n|move|p1a: Sableye|Encore|p2a: Ferrothorn\n|-start|p2a: Ferrothorn|Encore\n|move|p2a: Ferrothorn|Leech Seed||[still]\n|-fail|p2a: Ferrothorn\n|\n|-heal|p1a: Sableye|75\/100|[from] item: Leftovers\n|-damage|p1a: Sableye|62\/100|[from] Leech Seed|[of] p2a: Ferrothorn\n|upkeep\n|turn|78\n|\n|t:|1666305333\n|switch|p1a: Frosmoth|Frosmoth, M|88\/100\n|-ability|p1a: Frosmoth|Pressure\n|switch|p2a: Weezing|Weezing-Galar, F|88\/100\n|\n|upkeep\n|turn|79\n|\n|t:|1666305338\n|move|p1a: Frosmoth|Stun Spore|p2a: Weezing\n|-status|p2a: Weezing|par\n|move|p2a: Weezing|Toxic|p1a: Frosmoth\n|-status|p1a: Frosmoth|tox\n|\n|-damage|p1a: Frosmoth|82\/100 tox|[from] psn\n|upkeep\n|turn|80\n|\n|t:|1666305344\n|move|p1a: Frosmoth|U-turn|p2a: Weezing\n|-resisted|p2a: Weezing\n|-damage|p2a: Weezing|87\/100 par\n|-damage|p1a: Frosmoth|69\/100 tox|[from] ability: Iron Barbs|[of] p2a: Weezing\n|-damage|p1a: Frosmoth|53\/100 tox|[from] item: Rocky Helmet|[of] p2a: Weezing\n|-ability|p2a: Weezing|Stamina|boost\n|-boost|p2a: Weezing|def|1\n|\n|t:|1666305354\n|switch|p1a: Sableye|Sableye, M|62\/100|[from]move: U-turn\n|-ability|p1a: Sableye|Pressure\n|move|p2a: Weezing|Flamethrower|p1a: Sableye\n|-damage|p1a: Sableye|52\/100\n|-ability|p1a: Sableye|Stamina|boost\n|-boost|p1a: Sableye|def|1\n|\n|-heal|p1a: Sableye|58\/100|[from] item: Leftovers\n|upkeep\n|turn|81\n|\n|t:|1666305358\n|move|p1a: Sableye|Recover|p1a: Sableye\n|-heal|p1a: Sableye|100\/100\n|cant|p2a: Weezing|par\n|\n|upkeep\n|turn|82\n|\n|t:|1666305364\n|move|p1a: Sableye|Knock Off|p2a: Weezing\n|-resisted|p2a: Weezing\n|-damage|p2a: Weezing|84\/100 par\n|-damage|p1a: Sableye|88\/100|[from] ability: Iron Barbs|[of] p2a: Weezing\n|-damage|p1a: Sableye|72\/100|[from] item: Rocky Helmet|[of] p2a: Weezing\n|-ability|p2a: Weezing|Stamina|boost\n|-boost|p2a: Weezing|def|1\n|-enditem|p2a: Weezing|Rocky Helmet|[from] move: Knock Off|[of] p1a: Sableye\n|move|p2a: Weezing|Strange Steam|p1a: Sableye\n|-supereffective|p1a: Sableye\n|-damage|p1a: Sableye|41\/100\n|-ability|p1a: Sableye|Stamina|boost\n|-boost|p1a: Sableye|def|1\n|\n|-heal|p1a: Sableye|47\/100|[from] item: Leftovers\n|upkeep\n|turn|83\n|\n|t:|1666305376\n|move|p1a: Sableye|Recover|p1a: Sableye\n|-heal|p1a: Sableye|97\/100\n|cant|p2a: Weezing|par\n|\n|-heal|p1a: Sableye|100\/100|[from] item: Leftovers\n|upkeep\n|turn|84\n|\n|t:|1666305385\n|switch|p1a: Mudsdale|Mudsdale, M|72\/100\n|-ability|p1a: Mudsdale|Pressure\n|move|p2a: Weezing|Toxic|p1a: Mudsdale\n|-status|p1a: Mudsdale|tox\n|\n|-heal|p1a: Mudsdale|78\/100 tox|[from] item: Leftovers\n|-damage|p1a: Mudsdale|72\/100 tox|[from] psn\n|upkeep\n|turn|85\n|\n|t:|1666305396\n|move|p2a: Weezing|Strange Steam|p1a: Mudsdale\n|-damage|p1a: Mudsdale|59\/100 tox\n|-start|p1a: Mudsdale|confusion\n|-ability|p1a: Mudsdale|Stamina|boost\n|-boost|p1a: Mudsdale|def|1\n|-activate|p1a: Mudsdale|confusion\n|move|p1a: Mudsdale|Roar|p2a: Weezing\n|drag|p2a: Bewear|Bewear, F|84\/100\n|\n|-heal|p2a: Bewear|90\/100|[from] item: Leftovers\n|-heal|p1a: Mudsdale|65\/100 tox|[from] item: Leftovers\n|-damage|p1a: Mudsdale|52\/100 tox|[from] psn\n|upkeep\n|turn|86\n|\n|t:|1666305407\n|-activate|p1a: Mudsdale|confusion\n|-damage|p1a: Mudsdale|48\/100 tox|[from] confusion\n|move|p2a: Bewear|Roar|p1a: Mudsdale\n|drag|p1a: Sableye|Sableye, M|100\/100\n|-ability|p1a: Sableye|Pressure\n|\n|-heal|p2a: Bewear|96\/100|[from] item: Leftovers\n|upkeep\n|turn|87\n|\n|t:|1666305422\n|switch|p2a: Weezing|Weezing-Galar, F|84\/100 par\n|move|p1a: Sableye|Encore||[still]\n|-fail|p1a: Sableye\n|\n|upkeep\n|turn|88\n|\n|t:|1666305429\n|switch|p1a: Mudsdale|Mudsdale, M|48\/100 tox\n|-ability|p1a: Mudsdale|Pressure\n|move|p2a: Weezing|Strange Steam|p1a: Mudsdale\n|-damage|p1a: Mudsdale|36\/100 tox\n|-ability|p1a: Mudsdale|Stamina|boost\n|-boost|p1a: Mudsdale|def|1\n|\n|-heal|p1a: Mudsdale|42\/100 tox|[from] item: Leftovers\n|-damage|p1a: Mudsdale|36\/100 tox|[from] psn\n|upkeep\n|turn|89\n|l| lavafilled\n|\n|t:|1666305437\n|move|p1a: Mudsdale|Rest|p1a: Mudsdale\n|-status|p1a: Mudsdale|slp|[from] move: Rest\n|-heal|p1a: Mudsdale|100\/100 slp|[silent]\n|move|p2a: Weezing|Flamethrower|p1a: Mudsdale\n|-damage|p1a: Mudsdale|92\/100 slp\n|-ability|p1a: Mudsdale|Stamina|boost\n|-boost|p1a: Mudsdale|def|1\n|\n|-heal|p1a: Mudsdale|99\/100 slp|[from] item: Leftovers\n|upkeep\n|turn|90\n|\n|t:|1666305449\n|switch|p2a: Mudsdale|Mudsdale, F|100\/100\n|cant|p1a: Mudsdale|slp\n|\n|-heal|p1a: Mudsdale|100\/100 slp|[from] item: Leftovers\n|upkeep\n|turn|91\n|inactive|IIIodyne has 120 seconds left.\n|\n|t:|1666305492\n|move|p2a: Mudsdale|Stealth Rock|p1a: Mudsdale\n|-sidestart|p1: Tagos|move: Stealth Rock\n|cant|p1a: Mudsdale|slp\n|\n|upkeep\n|turn|92\n|c| blastablasta|infinite switch\n|\n|t:|1666305508\n|-curestatus|p1a: Mudsdale|slp|[msg]\n|move|p1a: Mudsdale|Stealth Rock|p2a: Mudsdale\n|-sidestart|p2: IIIodyne|move: Stealth Rock\n|move|p2a: Mudsdale|Roar|p1a: Mudsdale\n|drag|p1a: Frosmoth|Frosmoth, M|53\/100 tox\n|-ability|p1a: Frosmoth|Pressure\n|\n|-damage|p1a: Frosmoth|47\/100 tox|[from] psn\n|upkeep\n|turn|93\n|\n|t:|1666305517\n|move|p1a: Frosmoth|Rest|p1a: Frosmoth\n|-status|p1a: Frosmoth|slp|[from] move: Rest\n|-heal|p1a: Frosmoth|100\/100 slp|[silent]\n|move|p2a: Mudsdale|Body Press|p1a: Frosmoth\n|-damage|p1a: Frosmoth|65\/100 slp\n|-ability|p1a: Frosmoth|Stamina|boost\n|-boost|p1a: Frosmoth|def|1\n|\n|upkeep\n|turn|94\n|\n|t:|1666305523\n|switch|p1a: Sableye|Sableye, M|100\/100\n|-ability|p1a: Sableye|Pressure\n|-damage|p1a: Sableye|88\/100|[from] Stealth Rock\n|move|p2a: Mudsdale|Body Press|p1a: Sableye\n|-immune|p1a: Sableye\n|\n|-heal|p1a: Sableye|94\/100|[from] item: Leftovers\n|upkeep\n|turn|95\n|\n|t:|1666305528\n|switch|p1a: Mudsdale|Mudsdale, M|100\/100\n|-ability|p1a: Mudsdale|Pressure\n|-damage|p1a: Mudsdale|94\/100|[from] Stealth Rock\n|move|p2a: Mudsdale|Roar|p1a: Mudsdale\n|drag|p1a: Sableye|Sableye, M|94\/100\n|-ability|p1a: Sableye|Pressure\n|-damage|p1a: Sableye|82\/100|[from] Stealth Rock\n|\n|-heal|p1a: Sableye|88\/100|[from] item: Leftovers\n|upkeep\n|turn|96\n|\n|t:|1666305532\n|switch|p1a: Mudsdale|Mudsdale, M|94\/100\n|-ability|p1a: Mudsdale|Pressure\n|-damage|p1a: Mudsdale|88\/100|[from] Stealth Rock\n|move|p2a: Mudsdale|Roar|p1a: Mudsdale\n|drag|p1a: Frosmoth|Frosmoth, M|65\/100 slp\n|-ability|p1a: Frosmoth|Pressure\n|\n|upkeep\n|turn|97\n|\n|t:|1666305542\n|switch|p1a: Mudsdale|Mudsdale, M|88\/100\n|-ability|p1a: Mudsdale|Pressure\n|-damage|p1a: Mudsdale|82\/100|[from] Stealth Rock\n|switch|p2a: Ferrothorn|Ferrothorn, M|100\/100\n|-damage|p2a: Ferrothorn|94\/100|[from] Stealth Rock\n|\n|-heal|p2a: Ferrothorn|100\/100|[from] item: Leftovers\n|-heal|p1a: Mudsdale|88\/100|[from] item: Leftovers\n|upkeep\n|turn|98\n|\n|t:|1666305554\n|move|p2a: Ferrothorn|Knock Off|p1a: Mudsdale\n|-damage|p1a: Mudsdale|76\/100\n|-ability|p1a: Mudsdale|Stamina|boost\n|-boost|p1a: Mudsdale|def|1\n|-enditem|p1a: Mudsdale|Leftovers|[from] move: Knock Off|[of] p2a: Ferrothorn\n|move|p1a: Mudsdale|Roar|p2a: Ferrothorn\n|drag|p2a: Mudsdale|Mudsdale, F|100\/100\n|-damage|p2a: Mudsdale|94\/100|[from] Stealth Rock\n|\n|-heal|p2a: Mudsdale|100\/100|[from] item: Leftovers\n|upkeep\n|turn|99\n|\n|t:|1666305575\n|switch|p1a: Sableye|Sableye, M|88\/100\n|-ability|p1a: Sableye|Pressure\n|-damage|p1a: Sableye|75\/100|[from] Stealth Rock\n|move|p2a: Mudsdale|Roar|p1a: Sableye\n|drag|p1a: Mudsdale|Mudsdale, M|76\/100\n|-ability|p1a: Mudsdale|Pressure\n|-damage|p1a: Mudsdale|70\/100|[from] Stealth Rock\n|\n|upkeep\n|turn|100\n|inactive|IIIodyne has 120 seconds left.\n|\n|t:|1666305595\n|switch|p1a: Sableye|Sableye, M|75\/100\n|-ability|p1a: Sableye|Pressure\n|-damage|p1a: Sableye|63\/100|[from] Stealth Rock\n|move|p2a: Mudsdale|Roar|p1a: Sableye\n|drag|p1a: Mudsdale|Mudsdale, M|70\/100\n|-ability|p1a: Mudsdale|Pressure\n|-damage|p1a: Mudsdale|64\/100|[from] Stealth Rock\n|\n|upkeep\n|turn|101\n|\n|t:|1666305605\n|switch|p1a: Sableye|Sableye, M|63\/100\n|-ability|p1a: Sableye|Pressure\n|-damage|p1a: Sableye|50\/100|[from] Stealth Rock\n|move|p2a: Mudsdale|Roar|p1a: Sableye\n|drag|p1a: Frosmoth|Frosmoth, M|65\/100 slp\n|-ability|p1a: Frosmoth|Pressure\n|\n|upkeep\n|turn|102\n|inactive|IIIodyne has 90 seconds left.\n|\n|t:|1666305637\n|switch|p1a: Mudsdale|Mudsdale, M|64\/100\n|-ability|p1a: Mudsdale|Pressure\n|-damage|p1a: Mudsdale|58\/100|[from] Stealth Rock\n|move|p2a: Mudsdale|Body Press|p1a: Mudsdale\n|-damage|p1a: Mudsdale|42\/100\n|-ability|p1a: Mudsdale|Stamina|boost\n|-boost|p1a: Mudsdale|def|1\n|\n|upkeep\n|turn|103\n|\n|t:|1666305640\n|move|p1a: Mudsdale|Rest|p1a: Mudsdale\n|-status|p1a: Mudsdale|slp|[from] move: Rest\n|-heal|p1a: Mudsdale|100\/100 slp|[silent]\n|move|p2a: Mudsdale|Roar|p1a: Mudsdale\n|drag|p1a: Sableye|Sableye, M|50\/100\n|-ability|p1a: Sableye|Pressure\n|-damage|p1a: Sableye|38\/100|[from] Stealth Rock\n|\n|-heal|p1a: Sableye|44\/100|[from] item: Leftovers\n|upkeep\n|turn|104\n|\n|t:|1666305642\n|move|p1a: Sableye|Recover|p1a: Sableye\n|-heal|p1a: Sableye|94\/100\n|move|p2a: Mudsdale|Roar|p1a: Sableye\n|drag|p1a: Frosmoth|Frosmoth, M|65\/100 slp\n|-ability|p1a: Frosmoth|Pressure\n|\n|upkeep\n|turn|105\n|\n|t:|1666305651\n|switch|p1a: Sableye|Sableye, M|94\/100\n|-ability|p1a: Sableye|Pressure\n|-damage|p1a: Sableye|82\/100|[from] Stealth Rock\n|move|p2a: Mudsdale|Roar|p1a: Sableye\n|drag|p1a: Frosmoth|Frosmoth, M|65\/100 slp\n|-ability|p1a: Frosmoth|Pressure\n|\n|upkeep\n|turn|106\n|\n|t:|1666305662\n|cant|p1a: Frosmoth|slp\n|move|p2a: Mudsdale|Roar|p1a: Frosmoth\n|drag|p1a: Sableye|Sableye, M|82\/100\n|-ability|p1a: Sableye|Pressure\n|-damage|p1a: Sableye|69\/100|[from] Stealth Rock\n|\n|-heal|p1a: Sableye|75\/100|[from] item: Leftovers\n|upkeep\n|turn|107\n|\n|t:|1666305668\n|move|p1a: Sableye|Knock Off|p2a: Mudsdale\n|-damage|p2a: Mudsdale|92\/100\n|-damage|p1a: Sableye|63\/100|[from] ability: Iron Barbs|[of] p2a: Mudsdale\n|-ability|p2a: Mudsdale|Stamina|boost\n|-boost|p2a: Mudsdale|def|1\n|-enditem|p2a: Mudsdale|Leftovers|[from] move: Knock Off|[of] p1a: Sableye\n|move|p2a: Mudsdale|Roar|p1a: Sableye\n|drag|p1a: Mudsdale|Mudsdale, M|100\/100 slp\n|-ability|p1a: Mudsdale|Pressure\n|-damage|p1a: Mudsdale|94\/100 slp|[from] Stealth Rock\n|\n|upkeep\n|turn|108\n|\n|t:|1666305679\n|cant|p1a: Mudsdale|slp\n|move|p2a: Mudsdale|Roar|p1a: Mudsdale\n|drag|p1a: Frosmoth|Frosmoth, M|65\/100 slp\n|-ability|p1a: Frosmoth|Pressure\n|\n|upkeep\n|turn|109\n|\n|t:|1666305685\n|cant|p1a: Frosmoth|slp\n|move|p2a: Mudsdale|Body Press|p1a: Frosmoth\n|-damage|p1a: Frosmoth|13\/100 slp\n|-ability|p1a: Frosmoth|Stamina|boost\n|-boost|p1a: Frosmoth|def|1\n|\n|upkeep\n|turn|110\n|c| blastablasta|roaring isn't going to ko him\n|\n|t:|1666305695\n|switch|p1a: Mudsdale|Mudsdale, M|94\/100 slp\n|-ability|p1a: Mudsdale|Pressure\n|-damage|p1a: Mudsdale|88\/100 slp|[from] Stealth Rock\n|move|p2a: Mudsdale|Earthquake|p1a: Mudsdale\n|-damage|p1a: Mudsdale|64\/100 slp\n|-ability|p1a: Mudsdale|Stamina|boost\n|-boost|p1a: Mudsdale|def|1\n|\n|upkeep\n|turn|111\n|c| blastablasta|that's nice though\n|\n|t:|1666305706\n|cant|p1a: Mudsdale|slp\n|move|p2a: Mudsdale|Roar|p1a: Mudsdale\n|drag|p1a: Frosmoth|Frosmoth, M|13\/100 slp\n|-ability|p1a: Frosmoth|Pressure\n|\n|upkeep\n|turn|112\n|\n|t:|1666305710\n|switch|p1a: Mudsdale|Mudsdale, M|64\/100 slp\n|-ability|p1a: Mudsdale|Pressure\n|-damage|p1a: Mudsdale|57\/100 slp|[from] Stealth Rock\n|move|p2a: Mudsdale|Earthquake|p1a: Mudsdale\n|-damage|p1a: Mudsdale|34\/100 slp\n|-ability|p1a: Mudsdale|Stamina|boost\n|-boost|p1a: Mudsdale|def|1\n|\n|upkeep\n|turn|113\n|\n|t:|1666305717\n|-curestatus|p1a: Mudsdale|slp|[msg]\n|move|p1a: Mudsdale|Rest|p1a: Mudsdale\n|-status|p1a: Mudsdale|slp|[from] move: Rest\n|-heal|p1a: Mudsdale|100\/100 slp|[silent]\n|move|p2a: Mudsdale|Body Press|p1a: Mudsdale\n|-damage|p1a: Mudsdale|84\/100 slp\n|-ability|p1a: Mudsdale|Stamina|boost\n|-boost|p1a: Mudsdale|def|1\n|\n|upkeep\n|turn|114\n|\n|t:|1666305726\n|cant|p1a: Mudsdale|slp\n|move|p2a: Mudsdale|Roar|p1a: Mudsdale\n|drag|p1a: Sableye|Sableye, M|63\/100\n|-ability|p1a: Sableye|Pressure\n|-damage|p1a: Sableye|50\/100|[from] Stealth Rock\n|\n|-heal|p1a: Sableye|57\/100|[from] item: Leftovers\n|upkeep\n|turn|115\n|\n|t:|1666305733\n|move|p1a: Sableye|Recover|p1a: Sableye\n|-heal|p1a: Sableye|100\/100\n|move|p2a: Mudsdale|Roar|p1a: Sableye\n|drag|p1a: Frosmoth|Frosmoth, M|13\/100 slp\n|-ability|p1a: Frosmoth|Pressure\n|\n|upkeep\n|turn|116\n|\n|t:|1666305738\n|switch|p1a: Mudsdale|Mudsdale, M|84\/100 slp\n|-ability|p1a: Mudsdale|Pressure\n|-damage|p1a: Mudsdale|78\/100 slp|[from] Stealth Rock\n|move|p2a: Mudsdale|Body Press|p1a: Mudsdale\n|-damage|p1a: Mudsdale|53\/100 slp\n|-ability|p1a: Mudsdale|Stamina|boost\n|-boost|p1a: Mudsdale|def|1\n|\n|upkeep\n|turn|117\n|\n|t:|1666305747\n|switch|p2a: Ferrothorn|Ferrothorn, M|100\/100\n|-damage|p2a: Ferrothorn|94\/100|[from] Stealth Rock\n|cant|p1a: Mudsdale|slp\n|\n|-heal|p2a: Ferrothorn|100\/100|[from] item: Leftovers\n|upkeep\n|turn|118\n|\n|t:|1666305754\n|-curestatus|p1a: Mudsdale|slp|[msg]\n|move|p1a: Mudsdale|Rest|p1a: Mudsdale\n|-status|p1a: Mudsdale|slp|[from] move: Rest\n|-heal|p1a: Mudsdale|100\/100 slp|[silent]\n|move|p2a: Ferrothorn|Leech Seed|p1a: Mudsdale|[miss]\n|-miss|p2a: Ferrothorn|p1a: Mudsdale\n|\n|upkeep\n|turn|119\n|\n|t:|1666305770\n|switch|p1a: Sableye|Sableye, M|100\/100\n|-ability|p1a: Sableye|Pressure\n|-damage|p1a: Sableye|88\/100|[from] Stealth Rock\n|move|p2a: Ferrothorn|Leech Seed|p1a: Sableye\n|-start|p1a: Sableye|move: Leech Seed\n|\n|-heal|p1a: Sableye|94\/100|[from] item: Leftovers\n|-damage|p1a: Sableye|82\/100|[from] Leech Seed|[of] p2a: Ferrothorn\n|upkeep\n|turn|120\n|\n|t:|1666305774\n|move|p1a: Sableye|Encore|p2a: Ferrothorn\n|-start|p2a: Ferrothorn|Encore\n|move|p2a: Ferrothorn|Leech Seed||[still]\n|-fail|p2a: Ferrothorn\n|\n|-heal|p1a: Sableye|88\/100|[from] item: Leftovers\n|-damage|p1a: Sableye|75\/100|[from] Leech Seed|[of] p2a: Ferrothorn\n|upkeep\n|turn|121\n|\n|t:|1666305782\n|switch|p1a: Frosmoth|Frosmoth, M|13\/100 slp\n|-ability|p1a: Frosmoth|Pressure\n|switch|p2a: Frosmoth|Frosmoth, M|61\/100 par\n|-damage|p2a: Frosmoth|12\/100 par|[from] Stealth Rock\n|\n|upkeep\n|turn|122\n|\n|t:|1666305795\n|switch|p1a: Sableye|Sableye, M|75\/100\n|-ability|p1a: Sableye|Pressure\n|-damage|p1a: Sableye|63\/100|[from] Stealth Rock\n|move|p2a: Frosmoth|Giga Drain|p1a: Sableye\n|-damage|p1a: Sableye|51\/100\n|-heal|p2a: Frosmoth|18\/100 par|[from] drain|[of] p1a: Sableye\n|-ability|p1a: Sableye|Stamina|boost\n|-boost|p1a: Sableye|def|1\n|\n|-heal|p1a: Sableye|57\/100|[from] item: Leftovers\n|upkeep\n|turn|123\n|inactive|IIIodyne has 120 seconds left.\n|\n|t:|1666305811\n|move|p1a: Sableye|Knock Off|p2a: Frosmoth\n|-damage|p2a: Frosmoth|7\/100 par\n|-damage|p1a: Sableye|45\/100|[from] ability: Iron Barbs|[of] p2a: Frosmoth\n|-ability|p2a: Frosmoth|Stamina|boost\n|-boost|p2a: Frosmoth|def|1\n|move|p2a: Frosmoth|Giga Drain|p1a: Sableye\n|-damage|p1a: Sableye|34\/100\n|-heal|p2a: Frosmoth|13\/100 par|[from] drain|[of] p1a: Sableye\n|-ability|p1a: Sableye|Stamina|boost\n|-boost|p1a: Sableye|def|1\n|\n|-heal|p1a: Sableye|40\/100|[from] item: Leftovers\n|upkeep\n|turn|124\n|inactive|IIIodyne has 120 seconds left.\n|\n|t:|1666305820\n|move|p1a: Sableye|Recover|p1a: Sableye\n|-heal|p1a: Sableye|90\/100\n|move|p2a: Frosmoth|Giga Drain|p1a: Sableye\n|-damage|p1a: Sableye|78\/100\n|-heal|p2a: Frosmoth|19\/100 par|[from] drain|[of] p1a: Sableye\n|-ability|p1a: Sableye|Stamina|boost\n|-boost|p1a: Sableye|def|1\n|\n|-heal|p1a: Sableye|85\/100|[from] item: Leftovers\n|upkeep\n|turn|125\n|inactive|IIIodyne has 120 seconds left.\n|\n|t:|1666305830\n|switch|p2a: Ferrothorn|Ferrothorn, M|100\/100\n|-damage|p2a: Ferrothorn|94\/100|[from] Stealth Rock\n|move|p1a: Sableye|Knock Off|p2a: Ferrothorn\n|-damage|p2a: Ferrothorn|87\/100\n|-damage|p1a: Sableye|72\/100|[from] ability: Iron Barbs|[of] p2a: Ferrothorn\n|-ability|p2a: Ferrothorn|Stamina|boost\n|-boost|p2a: Ferrothorn|def|1\n|-enditem|p2a: Ferrothorn|Leftovers|[from] move: Knock Off|[of] p1a: Sableye\n|\n|-heal|p1a: Sableye|78\/100|[from] item: Leftovers\n|upkeep\n|turn|126\n|j|%spooken' nukem\n|inactive|IIIodyne has 120 seconds left.\n|\n|t:|1666305840\n|switch|p1a: Mudsdale|Mudsdale, M|100\/100 slp\n|-ability|p1a: Mudsdale|Pressure\n|-damage|p1a: Mudsdale|94\/100 slp|[from] Stealth Rock\n|move|p2a: Ferrothorn|Knock Off|p1a: Mudsdale\n|-damage|p1a: Mudsdale|85\/100 slp\n|-ability|p1a: Mudsdale|Stamina|boost\n|-boost|p1a: Mudsdale|def|1\n|\n|upkeep\n|turn|127\n|\n|t:|1666305848\n|move|p2a: Ferrothorn|Leech Seed|p1a: Mudsdale\n|-start|p1a: Mudsdale|move: Leech Seed\n|cant|p1a: Mudsdale|slp\n|\n|-damage|p1a: Mudsdale|73\/100 slp|[from] Leech Seed|[of] p2a: Ferrothorn\n|-heal|p2a: Ferrothorn|100\/100|[silent]\n|upkeep\n|turn|128\n|l|%spooken' nukem\n|\n|t:|1666305855\n|switch|p2a: Frosmoth|Frosmoth, M|19\/100 par\n|-damage|p2a: Frosmoth|0 fnt|[from] Stealth Rock\n|faint|p2a: Frosmoth\n|switch|p1a: Sableye|Sableye, M|78\/100\n|-ability|p1a: Sableye|Pressure\n|-damage|p1a: Sableye|66\/100|[from] Stealth Rock\n|\n|-heal|p1a: Sableye|72\/100|[from] item: Leftovers\n|upkeep\n|inactive|IIIodyne has 120 seconds left.\n|inactive|IIIodyne has 90 seconds left.\n|\n|t:|1666305896\n|switch|p2a: Weezing|Weezing-Galar, F|84\/100 par\n|-damage|p2a: Weezing|71\/100 par|[from] Stealth Rock\n|turn|129\n|inactive|IIIodyne has 90 seconds left.\n|\n|t:|1666305908\n|switch|p1a: Mudsdale|Mudsdale, M|73\/100 slp\n|-ability|p1a: Mudsdale|Pressure\n|-damage|p1a: Mudsdale|66\/100 slp|[from] Stealth Rock\n|cant|p2a: Weezing|par\n|\n|upkeep\n|turn|130\n|inactive|IIIodyne has 90 seconds left.\n|\n|t:|1666305925\n|switch|p2a: Ferrothorn|Ferrothorn, M|100\/100\n|-damage|p2a: Ferrothorn|94\/100|[from] Stealth Rock\n|cant|p1a: Mudsdale|slp\n|\n|upkeep\n|turn|131\n|\n|t:|1666305939\n|move|p2a: Ferrothorn|Knock Off|p1a: Mudsdale\n|-damage|p1a: Mudsdale|58\/100 slp\n|-ability|p1a: Mudsdale|Stamina|boost\n|-boost|p1a: Mudsdale|def|1\n|-curestatus|p1a: Mudsdale|slp|[msg]\n|move|p1a: Mudsdale|Body Press|p2a: Ferrothorn\n|-supereffective|p2a: Ferrothorn\n|-damage|p2a: Ferrothorn|71\/100\n|-damage|p1a: Mudsdale|46\/100|[from] ability: Iron Barbs|[of] p2a: Ferrothorn\n|-ability|p2a: Ferrothorn|Stamina|boost\n|-boost|p2a: Ferrothorn|def|1\n|\n|upkeep\n|turn|132\n|\n|t:|1666305945\n|move|p1a: Mudsdale|Rest|p1a: Mudsdale\n|-status|p1a: Mudsdale|slp|[from] move: Rest\n|-heal|p1a: Mudsdale|100\/100 slp|[silent]\n|move|p2a: Ferrothorn|Body Press|p1a: Mudsdale\n|-damage|p1a: Mudsdale|82\/100 slp\n|-ability|p1a: Mudsdale|Stamina|boost\n|-boost|p1a: Mudsdale|def|1\n|\n|upkeep\n|turn|133\n|\n|t:|1666305958\n|switch|p2a: Mudsdale|Mudsdale, F|92\/100\n|-damage|p2a: Mudsdale|86\/100|[from] Stealth Rock\n|cant|p1a: Mudsdale|slp\n|\n|upkeep\n|turn|134\n|\n|t:|1666305967\n|cant|p1a: Mudsdale|slp\n|move|p2a: Mudsdale|Roar|p1a: Mudsdale\n|drag|p1a: Sableye|Sableye, M|72\/100\n|-ability|p1a: Sableye|Pressure\n|-damage|p1a: Sableye|60\/100|[from] Stealth Rock\n|\n|-heal|p1a: Sableye|66\/100|[from] item: Leftovers\n|upkeep\n|turn|135\n|inactive|IIIodyne has 60 seconds left.\n|\n|t:|1666305992\n|move|p1a: Sableye|Knock Off|p2a: Mudsdale\n|-damage|p2a: Mudsdale|81\/100\n|-damage|p1a: Sableye|53\/100|[from] ability: Iron Barbs|[of] p2a: Mudsdale\n|-ability|p2a: Mudsdale|Stamina|boost\n|-boost|p2a: Mudsdale|def|1\n|move|p2a: Mudsdale|Stealth Rock||[still]\n|-fail|p2a: Mudsdale\n|\n|-heal|p1a: Sableye|60\/100|[from] item: Leftovers\n|upkeep\n|turn|136\n|\n|t:|1666306000\n|switch|p1a: Frosmoth|Frosmoth, M|13\/100 slp\n|-ability|p1a: Frosmoth|Pressure\n|move|p2a: Mudsdale|Stealth Rock||[still]\n|-fail|p2a: Mudsdale\n|\n|upkeep\n|turn|137\n|\n|t:|1666306009\n|switch|p1a: Sableye|Sableye, M|60\/100\n|-ability|p1a: Sableye|Pressure\n|-damage|p1a: Sableye|47\/100|[from] Stealth Rock\n|move|p2a: Mudsdale|Body Press|p1a: Sableye\n|-immune|p1a: Sableye\n|\n|-heal|p1a: Sableye|53\/100|[from] item: Leftovers\n|upkeep\n|turn|138\n|\n|t:|1666306029\n|switch|p2a: Ferrothorn|Ferrothorn, M|71\/100\n|-damage|p2a: Ferrothorn|65\/100|[from] Stealth Rock\n|move|p1a: Sableye|Encore||[still]\n|-fail|p1a: Sableye\n|\n|-heal|p1a: Sableye|60\/100|[from] item: Leftovers\n|upkeep\n|turn|139\n|\n|t:|1666306036\n|move|p1a: Sableye|Will-O-Wisp|p2a: Ferrothorn\n|-start|p2a: Ferrothorn|ability: Flash Fire\n|move|p2a: Ferrothorn|Leech Seed|p1a: Sableye\n|-start|p1a: Sableye|move: Leech Seed\n|\n|-heal|p1a: Sableye|66\/100|[from] item: Leftovers\n|-damage|p1a: Sableye|53\/100|[from] Leech Seed|[of] p2a: Ferrothorn\n|-heal|p2a: Ferrothorn|76\/100|[silent]\n|upkeep\n|turn|140\n|\n|t:|1666306042\n|switch|p1a: Mudsdale|Mudsdale, M|82\/100 slp\n|-ability|p1a: Mudsdale|Pressure\n|-damage|p1a: Mudsdale|76\/100 slp|[from] Stealth Rock\n|switch|p2a: Mudsdale|Mudsdale, F|81\/100\n|-damage|p2a: Mudsdale|75\/100|[from] Stealth Rock\n|\n|upkeep\n|turn|141\n|\n|t:|1666306047\n|switch|p1a: Sableye|Sableye, M|53\/100\n|-ability|p1a: Sableye|Pressure\n|-damage|p1a: Sableye|41\/100|[from] Stealth Rock\n|move|p2a: Mudsdale|Stealth Rock||[still]\n|-fail|p2a: Mudsdale\n|\n|-heal|p1a: Sableye|47\/100|[from] item: Leftovers\n|upkeep\n|turn|142\n|\n|t:|1666306054\n|switch|p1a: Mudsdale|Mudsdale, M|76\/100 slp\n|-ability|p1a: Mudsdale|Pressure\n|-damage|p1a: Mudsdale|70\/100 slp|[from] Stealth Rock\n|move|p2a: Mudsdale|Earthquake|p1a: Mudsdale\n|-damage|p1a: Mudsdale|44\/100 slp\n|-ability|p1a: Mudsdale|Stamina|boost\n|-boost|p1a: Mudsdale|def|1\n|\n|upkeep\n|turn|143\n|\n|t:|1666306066\n|-curestatus|p1a: Mudsdale|slp|[msg]\n|move|p1a: Mudsdale|Rest|p1a: Mudsdale\n|-status|p1a: Mudsdale|slp|[from] move: Rest\n|-heal|p1a: Mudsdale|100\/100 slp|[silent]\n|move|p2a: Mudsdale|Earthquake|p1a: Mudsdale\n|-damage|p1a: Mudsdale|84\/100 slp\n|-ability|p1a: Mudsdale|Stamina|boost\n|-boost|p1a: Mudsdale|def|1\n|\n|upkeep\n|turn|144\n|\n|t:|1666306071\n|switch|p2a: Bewear|Bewear, F|96\/100\n|-damage|p2a: Bewear|90\/100|[from] Stealth Rock\n|cant|p1a: Mudsdale|slp\n|\n|-heal|p2a: Bewear|96\/100|[from] item: Leftovers\n|upkeep\n|turn|145\n|\n|t:|1666306075\n|cant|p1a: Mudsdale|slp\n|move|p2a: Bewear|Roar|p1a: Mudsdale\n|drag|p1a: Sableye|Sableye, M|47\/100\n|-ability|p1a: Sableye|Pressure\n|-damage|p1a: Sableye|35\/100|[from] Stealth Rock\n|\n|-heal|p2a: Bewear|100\/100|[from] item: Leftovers\n|-heal|p1a: Sableye|41\/100|[from] item: Leftovers\n|upkeep\n|turn|146\n|\n|t:|1666306086\n|switch|p2a: Ferrothorn|Ferrothorn, M|76\/100\n|-damage|p2a: Ferrothorn|70\/100|[from] Stealth Rock\n|move|p1a: Sableye|Recover|p1a: Sableye\n|-heal|p1a: Sableye|91\/100\n|\n|-heal|p1a: Sableye|97\/100|[from] item: Leftovers\n|upkeep\n|turn|147\n|\n|t:|1666306096\n|move|p1a: Sableye|Will-O-Wisp|p2a: Ferrothorn\n|-start|p2a: Ferrothorn|ability: Flash Fire\n|move|p2a: Ferrothorn|Knock Off|p1a: Sableye\n|-damage|p1a: Sableye|67\/100\n|-ability|p1a: Sableye|Stamina|boost\n|-boost|p1a: Sableye|def|1\n|-enditem|p1a: Sableye|Leftovers|[from] move: Knock Off|[of] p2a: Ferrothorn\n|\n|upkeep\n|turn|148\n|\n|t:|1666306111\n|switch|p2a: Mudsdale|Mudsdale, F|75\/100\n|-damage|p2a: Mudsdale|69\/100|[from] Stealth Rock\n|move|p1a: Sableye|Will-O-Wisp|p2a: Mudsdale\n|-start|p2a: Mudsdale|ability: Flash Fire\n|\n|upkeep\n|turn|149\n|j| What Do I Mean\n|\n|t:|1666306117\n|move|p1a: Sableye|Will-O-Wisp|p2a: Mudsdale\n|-immune|p2a: Mudsdale|[from] ability: Flash Fire\n|move|p2a: Mudsdale|Stealth Rock||[still]\n|-fail|p2a: Mudsdale\n|\n|upkeep\n|turn|150\n|\n|t:|1666306129\n|switch|p2a: Bewear|Bewear, F|100\/100\n|-damage|p2a: Bewear|94\/100|[from] Stealth Rock\n|move|p1a: Sableye|Will-O-Wisp|p2a: Bewear\n|-start|p2a: Bewear|ability: Flash Fire\n|\n|-heal|p2a: Bewear|100\/100|[from] item: Leftovers\n|upkeep\n|turn|151\n|\n|t:|1666306139\n|switch|p2a: Mudsdale|Mudsdale, F|69\/100\n|-damage|p2a: Mudsdale|63\/100|[from] Stealth Rock\n|move|p1a: Sableye|Knock Off|p2a: Mudsdale\n|-damage|p2a: Mudsdale|57\/100\n|-damage|p1a: Sableye|54\/100|[from] ability: Iron Barbs|[of] p2a: Mudsdale\n|-ability|p2a: Mudsdale|Stamina|boost\n|-boost|p2a: Mudsdale|def|1\n|\n|upkeep\n|turn|152\n|\n|t:|1666306147\n|switch|p1a: Mudsdale|Mudsdale, M|84\/100 slp\n|-ability|p1a: Mudsdale|Pressure\n|-damage|p1a: Mudsdale|78\/100 slp|[from] Stealth Rock\n|move|p2a: Mudsdale|Stealth Rock||[still]\n|-fail|p2a: Mudsdale\n|\n|upkeep\n|turn|153\n|inactive|IIIodyne has 60 seconds left.\n|\n|t:|1666306157\n|switch|p1a: Sableye|Sableye, M|54\/100\n|-ability|p1a: Sableye|Pressure\n|-damage|p1a: Sableye|42\/100|[from] Stealth Rock\n|move|p2a: Mudsdale|Body Press|p1a: Sableye\n|-immune|p1a: Sableye\n|\n|upkeep\n|turn|154\n|\n|t:|1666306162\n|switch|p1a: Mudsdale|Mudsdale, M|78\/100 slp\n|-ability|p1a: Mudsdale|Pressure\n|-damage|p1a: Mudsdale|72\/100 slp|[from] Stealth Rock\n|move|p2a: Mudsdale|Earthquake|p1a: Mudsdale\n|-damage|p1a: Mudsdale|47\/100 slp\n|-ability|p1a: Mudsdale|Stamina|boost\n|-boost|p1a: Mudsdale|def|1\n|\n|upkeep\n|turn|155\n|\n|t:|1666306166\n|-curestatus|p1a: Mudsdale|slp|[msg]\n|move|p1a: Mudsdale|Rest|p1a: Mudsdale\n|-status|p1a: Mudsdale|slp|[from] move: Rest\n|-heal|p1a: Mudsdale|100\/100 slp|[silent]\n|move|p2a: Mudsdale|Earthquake|p1a: Mudsdale\n|-damage|p1a: Mudsdale|84\/100 slp\n|-ability|p1a: Mudsdale|Stamina|boost\n|-boost|p1a: Mudsdale|def|1\n|\n|upkeep\n|turn|156\n|l| What Do I Mean\n|\n|t:|1666306171\n|switch|p2a: Bewear|Bewear, F|100\/100\n|-damage|p2a: Bewear|94\/100|[from] Stealth Rock\n|cant|p1a: Mudsdale|slp\n|\n|-heal|p2a: Bewear|100\/100|[from] item: Leftovers\n|upkeep\n|turn|157\n|\n|t:|1666306177\n|cant|p1a: Mudsdale|slp\n|move|p2a: Bewear|Roar|p1a: Mudsdale\n|drag|p1a: Sableye|Sableye, M|42\/100\n|-ability|p1a: Sableye|Pressure\n|-damage|p1a: Sableye|29\/100|[from] Stealth Rock\n|\n|upkeep\n|turn|158\n|\n|t:|1666306181\n|switch|p2a: Ferrothorn|Ferrothorn, M|70\/100\n|-damage|p2a: Ferrothorn|63\/100|[from] Stealth Rock\n|move|p1a: Sableye|Recover|p1a: Sableye\n|-heal|p1a: Sableye|79\/100\n|\n|upkeep\n|turn|159\n|\n|t:|1666306189\n|switch|p1a: Mudsdale|Mudsdale, M|84\/100 slp\n|-ability|p1a: Mudsdale|Pressure\n|-damage|p1a: Mudsdale|78\/100 slp|[from] Stealth Rock\n|move|p2a: Ferrothorn|Protect||[still]\n|-fail|p2a: Ferrothorn\n|\n|upkeep\n|turn|160\n|\n|t:|1666306204\n|switch|p2a: Weezing|Weezing-Galar, F|71\/100 par\n|-damage|p2a: Weezing|59\/100 par|[from] Stealth Rock\n|-curestatus|p1a: Mudsdale|slp|[msg]\n|move|p1a: Mudsdale|Roar|p2a: Weezing\n|drag|p2a: Mudsdale|Mudsdale, F|57\/100\n|-damage|p2a: Mudsdale|51\/100|[from] Stealth Rock\n|\n|upkeep\n|turn|161\n|\n|t:|1666306218\n|switch|p1a: Sableye|Sableye, M|79\/100\n|-ability|p1a: Sableye|Pressure\n|-damage|p1a: Sableye|67\/100|[from] Stealth Rock\n|move|p2a: Mudsdale|Earthquake|p1a: Sableye\n|-damage|p1a: Sableye|5\/100\n|-ability|p1a: Sableye|Stamina|boost\n|-boost|p1a: Sableye|def|1\n|\n|upkeep\n|turn|162\n|\n|t:|1666306230\n|move|p1a: Sableye|Recover|p1a: Sableye\n|-heal|p1a: Sableye|55\/100\n|move|p2a: Mudsdale|Earthquake|p1a: Sableye\n|-damage|p1a: Sableye|16\/100\n|-ability|p1a: Sableye|Stamina|boost\n|-boost|p1a: Sableye|def|1\n|\n|upkeep\n|turn|163\n|inactive|IIIodyne has 60 seconds left.\n|\n|t:|1666306241\n|move|p1a: Sableye|Recover|p1a: Sableye\n|-heal|p1a: Sableye|66\/100\n|move|p2a: Mudsdale|Stealth Rock||[still]\n|-fail|p2a: Mudsdale\n|\n|upkeep\n|turn|164\n|inactive|IIIodyne has 60 seconds left.\n|l| Gunnygod\n|\n|t:|1666306250\n|move|p1a: Sableye|Will-O-Wisp|p2a: Mudsdale\n|-start|p2a: Mudsdale|ability: Flash Fire\n|move|p2a: Mudsdale|Stealth Rock||[still]\n|-fail|p2a: Mudsdale\n|\n|upkeep\n|turn|165\n|\n|t:|1666306252\n|move|p1a: Sableye|Will-O-Wisp|p2a: Mudsdale\n|-immune|p2a: Mudsdale|[from] ability: Flash Fire\n|move|p2a: Mudsdale|Stealth Rock||[still]\n|-fail|p2a: Mudsdale\n|\n|upkeep\n|turn|166\n|\n|t:|1666306255\n|move|p1a: Sableye|Will-O-Wisp|p2a: Mudsdale\n|-immune|p2a: Mudsdale|[from] ability: Flash Fire\n|move|p2a: Mudsdale|Stealth Rock||[still]\n|-fail|p2a: Mudsdale\n|\n|upkeep\n|turn|167\n|\n|t:|1666306268\n|switch|p1a: Mudsdale|Mudsdale, M|78\/100\n|-ability|p1a: Mudsdale|Pressure\n|-damage|p1a: Mudsdale|72\/100|[from] Stealth Rock\n|move|p2a: Mudsdale|Stealth Rock||[still]\n|-fail|p2a: Mudsdale\n|\n|upkeep\n|turn|168\n|\n|t:|1666306275\n|move|p2a: Mudsdale|Stealth Rock||[still]\n|-fail|p2a: Mudsdale\n|move|p1a: Mudsdale|Roar|p2a: Mudsdale\n|drag|p2a: Bewear|Bewear, F|100\/100\n|-damage|p2a: Bewear|94\/100|[from] Stealth Rock\n|\n|-heal|p2a: Bewear|100\/100|[from] item: Leftovers\n|upkeep\n|turn|169\n|\n|t:|1666306285\n|move|p2a: Bewear|Ice Punch|p1a: Mudsdale\n|-supereffective|p1a: Mudsdale\n|-damage|p1a: Mudsdale|47\/100\n|-ability|p1a: Mudsdale|Stamina|boost\n|-boost|p1a: Mudsdale|def|1\n|move|p1a: Mudsdale|Roar|p2a: Bewear\n|drag|p2a: Weezing|Weezing-Galar, F|59\/100 par\n|-damage|p2a: Weezing|47\/100 par|[from] Stealth Rock\n|\n|upkeep\n|turn|170\n|\n|t:|1666306298\n|cant|p2a: Weezing|par\n|move|p1a: Mudsdale|Body Press|p2a: Weezing\n|-resisted|p2a: Weezing\n|-damage|p2a: Weezing|44\/100 par\n|-damage|p1a: Mudsdale|34\/100|[from] ability: Iron Barbs|[of] p2a: Weezing\n|-ability|p2a: Weezing|Stamina|boost\n|-boost|p2a: Weezing|def|1\n|\n|upkeep\n|turn|171\n|\n|t:|1666306306\n|move|p1a: Mudsdale|Rest|p1a: Mudsdale\n|-status|p1a: Mudsdale|slp|[from] move: Rest\n|-heal|p1a: Mudsdale|100\/100 slp|[silent]\n|move|p2a: Weezing|Toxic||[still]\n|-fail|p2a: Weezing\n|\n|upkeep\n|turn|172\n|\n|t:|1666306310\n|cant|p1a: Mudsdale|slp\n|move|p2a: Weezing|Flamethrower|p1a: Mudsdale\n|-damage|p1a: Mudsdale|92\/100 slp\n|-ability|p1a: Mudsdale|Stamina|boost\n|-boost|p1a: Mudsdale|def|1\n|\n|upkeep\n|turn|173\n|\n|t:|1666306314\n|cant|p1a: Mudsdale|slp\n|move|p2a: Weezing|Haze|p2a: Weezing\n|-clearallboost\n|\n|upkeep\n|turn|174\n|\n|t:|1666306322\n|-curestatus|p1a: Mudsdale|slp|[msg]\n|move|p1a: Mudsdale|Stealth Rock||[still]\n|-fail|p1a: Mudsdale\n|move|p2a: Weezing|Toxic|p1a: Mudsdale\n|-status|p1a: Mudsdale|tox\n|\n|-damage|p1a: Mudsdale|85\/100 tox|[from] psn\n|upkeep\n|turn|175\n|\n|t:|1666306328\n|move|p1a: Mudsdale|Stealth Rock||[still]\n|-fail|p1a: Mudsdale\n|move|p2a: Weezing|Haze|p2a: Weezing\n|-clearallboost\n|\n|-damage|p1a: Mudsdale|73\/100 tox|[from] psn\n|upkeep\n|turn|176\n|\n|t:|1666306333\n|move|p1a: Mudsdale|Stealth Rock||[still]\n|-fail|p1a: Mudsdale\n|move|p2a: Weezing|Haze|p2a: Weezing\n|-clearallboost\n|\n|-damage|p1a: Mudsdale|54\/100 tox|[from] psn\n|upkeep\n|turn|177\n|\n|t:|1666306337\n|move|p1a: Mudsdale|Stealth Rock||[still]\n|-fail|p1a: Mudsdale\n|move|p2a: Weezing|Haze|p2a: Weezing\n|-clearallboost\n|\n|-damage|p1a: Mudsdale|30\/100 tox|[from] psn\n|upkeep\n|turn|178\n|\n|t:|1666306342\n|move|p1a: Mudsdale|Rest|p1a: Mudsdale\n|-status|p1a: Mudsdale|slp|[from] move: Rest\n|-heal|p1a: Mudsdale|100\/100 slp|[silent]\n|move|p2a: Weezing|Haze|p2a: Weezing\n|-clearallboost\n|\n|upkeep\n|turn|179\n|\n|t:|1666306347\n|switch|p1a: Frosmoth|Frosmoth, M|13\/100 slp\n|-ability|p1a: Frosmoth|Pressure\n|move|p2a: Weezing|Haze|p2a: Weezing\n|-clearallboost\n|\n|upkeep\n|turn|180\n|\n|t:|1666306355\n|-curestatus|p1a: Frosmoth|slp|[msg]\n|move|p1a: Frosmoth|Rest|p1a: Frosmoth\n|-status|p1a: Frosmoth|slp|[from] move: Rest\n|-heal|p1a: Frosmoth|100\/100 slp|[silent]\n|move|p2a: Weezing|Flamethrower|p1a: Frosmoth\n|-supereffective|p1a: Frosmoth\n|-damage|p1a: Frosmoth|74\/100 slp\n|-ability|p1a: Frosmoth|Stamina|boost\n|-boost|p1a: Frosmoth|def|1\n|\n|upkeep\n|turn|181\n|\n|t:|1666306362\n|switch|p1a: Mudsdale|Mudsdale, M|100\/100 slp\n|-ability|p1a: Mudsdale|Pressure\n|-damage|p1a: Mudsdale|94\/100 slp|[from] Stealth Rock\n|move|p2a: Weezing|Flamethrower|p1a: Mudsdale\n|-damage|p1a: Mudsdale|85\/100 slp\n|-ability|p1a: Mudsdale|Stamina|boost\n|-boost|p1a: Mudsdale|def|1\n|\n|upkeep\n|turn|182\n|\n|t:|1666306367\n|cant|p1a: Mudsdale|slp\n|cant|p2a: Weezing|par\n|\n|upkeep\n|turn|183\n|\n|t:|1666306370\n|cant|p1a: Mudsdale|slp\n|cant|p2a: Weezing|par\n|\n|upkeep\n|turn|184\n|\n|t:|1666306374\n|-curestatus|p1a: Mudsdale|slp|[msg]\n|move|p1a: Mudsdale|Stealth Rock||[still]\n|-fail|p1a: Mudsdale\n|cant|p2a: Weezing|par\n|\n|upkeep\n|turn|185\n|\n|t:|1666306381\n|move|p2a: Weezing|Toxic|p1a: Mudsdale\n|-status|p1a: Mudsdale|tox\n|move|p1a: Mudsdale|Roar|p2a: Weezing\n|drag|p2a: Mudsdale|Mudsdale, F|51\/100\n|-damage|p2a: Mudsdale|45\/100|[from] Stealth Rock\n|\n|-damage|p1a: Mudsdale|79\/100 tox|[from] psn\n|upkeep\n|turn|186\n|\n|t:|1666306387\n|move|p2a: Mudsdale|Stealth Rock||[still]\n|-fail|p2a: Mudsdale\n|move|p1a: Mudsdale|Body Press|p2a: Mudsdale\n|-damage|p2a: Mudsdale|34\/100\n|-damage|p1a: Mudsdale|66\/100 tox|[from] ability: Iron Barbs|[of] p2a: Mudsdale\n|-ability|p2a: Mudsdale|Stamina|boost\n|-boost|p2a: Mudsdale|def|1\n|\n|-damage|p1a: Mudsdale|54\/100 tox|[from] psn\n|upkeep\n|turn|187\n|\n|t:|1666306395\n|move|p2a: Mudsdale|Stealth Rock||[still]\n|-fail|p2a: Mudsdale\n|move|p1a: Mudsdale|Roar|p2a: Mudsdale\n|drag|p2a: Weezing|Weezing-Galar, F|44\/100 par\n|-damage|p2a: Weezing|31\/100 par|[from] Stealth Rock\n|\n|-damage|p1a: Mudsdale|35\/100 tox|[from] psn\n|upkeep\n|turn|188\n|\n|t:|1666306403\n|move|p1a: Mudsdale|Rest|p1a: Mudsdale\n|-status|p1a: Mudsdale|slp|[from] move: Rest\n|-heal|p1a: Mudsdale|100\/100 slp|[silent]\n|cant|p2a: Weezing|par\n|\n|upkeep\n|turn|189\n|\n|t:|1666306408\n|move|p2a: Weezing|Haze|p2a: Weezing\n|-clearallboost\n|cant|p1a: Mudsdale|slp\n|\n|upkeep\n|turn|190\n|\n|t:|1666306411\n|move|p2a: Weezing|Haze|p2a: Weezing\n|-clearallboost\n|cant|p1a: Mudsdale|slp\n|\n|upkeep\n|turn|191\n|c|\u2606IIIodyne|bruh this game :|\n|\n|t:|1666306425\n|move|p2a: Weezing|Toxic||[still]\n|-fail|p2a: Weezing\n|-curestatus|p1a: Mudsdale|slp|[msg]\n|move|p1a: Mudsdale|Body Press|p2a: Weezing\n|-resisted|p2a: Weezing\n|-damage|p2a: Weezing|30\/100 par\n|-damage|p1a: Mudsdale|88\/100|[from] ability: Iron Barbs|[of] p2a: Weezing\n|-ability|p2a: Weezing|Stamina|boost\n|-boost|p2a: Weezing|def|1\n|\n|upkeep\n|turn|192\n|c|\u2606Tagos|cant even offer a tie\n|c|\u2606Tagos|in tournaments\n|inactive|Tagos has 120 seconds left.\n|c| blastablasta|play it's almost over\n|\n|t:|1666306458\n|move|p2a: Weezing|Toxic|p1a: Mudsdale\n|-status|p1a: Mudsdale|tox\n|move|p1a: Mudsdale|Roar|p2a: Weezing\n|drag|p2a: Ferrothorn|Ferrothorn, M|63\/100\n|-damage|p2a: Ferrothorn|57\/100|[from] Stealth Rock\n|\n|-damage|p1a: Mudsdale|82\/100 tox|[from] psn\n|upkeep\n|turn|193\n|c|%KaenSoul|neither of you prepared for the mirror it was to be expected\n|inactive|IIIodyne has 120 seconds left.\n|c|\u2606Tagos|i mean\n|c|\u2606Tagos|i have pressure\n|\n|t:|1666306478\n|move|p2a: Ferrothorn|Protect|p2a: Ferrothorn\n|-singleturn|p2a: Ferrothorn|Protect\n|move|p1a: Mudsdale|Body Press|p2a: Ferrothorn\n|-activate|p2a: Ferrothorn|move: Protect\n|\n|-damage|p1a: Mudsdale|70\/100 tox|[from] psn\n|upkeep\n|turn|194\n|c|\u2606Tagos|but idk\n|c|\u2606IIIodyne|ye\n|\n|t:|1666306491\n|move|p2a: Ferrothorn|Protect||[still]\n|-fail|p2a: Ferrothorn\n|move|p1a: Mudsdale|Roar|p2a: Ferrothorn\n|drag|p2a: Bewear|Bewear, F|100\/100\n|-damage|p2a: Bewear|94\/100|[from] Stealth Rock\n|\n|-heal|p2a: Bewear|100\/100|[from] item: Leftovers\n|-damage|p1a: Mudsdale|51\/100 tox|[from] psn\n|upkeep\n|turn|195\n|\n|t:|1666306499\n|move|p2a: Bewear|Ice Punch|p1a: Mudsdale\n|-supereffective|p1a: Mudsdale\n|-damage|p1a: Mudsdale|26\/100 tox\n|-ability|p1a: Mudsdale|Stamina|boost\n|-boost|p1a: Mudsdale|def|1\n|move|p1a: Mudsdale|Body Press|p2a: Bewear\n|-supereffective|p2a: Bewear\n|-damage|p2a: Bewear|78\/100\n|-damage|p1a: Mudsdale|14\/100 tox|[from] ability: Iron Barbs|[of] p2a: Bewear\n|-ability|p2a: Bewear|Stamina|boost\n|-boost|p2a: Bewear|def|1\n|\n|-heal|p2a: Bewear|84\/100|[from] item: Leftovers\n|-damage|p1a: Mudsdale|0 fnt|[from] psn\n|faint|p1a: Mudsdale\n|upkeep\n|c|\u2606Tagos|:o\n|c|\u2606IIIodyne|oof\n|\n|t:|1666306514\n|switch|p1a: Sableye|Sableye, M|66\/100\n|-ability|p1a: Sableye|Pressure\n|-damage|p1a: Sableye|53\/100|[from] Stealth Rock\n|turn|196\n|inactive|Tagos has 90 seconds left.\n|\n|t:|1666306521\n|switch|p2a: Weezing|Weezing-Galar, F|30\/100 par\n|-damage|p2a: Weezing|17\/100 par|[from] Stealth Rock\n|move|p1a: Sableye|Knock Off|p2a: Weezing\n|-resisted|p2a: Weezing\n|-damage|p2a: Weezing|14\/100 par\n|-damage|p1a: Sableye|41\/100|[from] ability: Iron Barbs|[of] p2a: Weezing\n|-ability|p2a: Weezing|Stamina|boost\n|-boost|p2a: Weezing|def|1\n|\n|upkeep\n|turn|197\n|inactive|IIIodyne has 90 seconds left.\n|\n|t:|1666306531\n|move|p1a: Sableye|Recover|p1a: Sableye\n|-heal|p1a: Sableye|91\/100\n|move|p2a: Weezing|Toxic|p1a: Sableye\n|-status|p1a: Sableye|tox\n|\n|-damage|p1a: Sableye|85\/100 tox|[from] psn\n|upkeep\n|turn|198\n|inactive|Tagos has 90 seconds left.\n|\n|t:|1666306548\n|switch|p2a: Ferrothorn|Ferrothorn, M|57\/100\n|-damage|p2a: Ferrothorn|51\/100|[from] Stealth Rock\n|move|p1a: Sableye|Knock Off|p2a: Ferrothorn\n|-damage|p2a: Ferrothorn|46\/100\n|-damage|p1a: Sableye|72\/100 tox|[from] ability: Iron Barbs|[of] p2a: Ferrothorn\n|-ability|p2a: Ferrothorn|Stamina|boost\n|-boost|p2a: Ferrothorn|def|1\n|\n|-damage|p1a: Sableye|60\/100 tox|[from] psn\n|upkeep\n|turn|199\n|c|\u2606Tagos|i think you won\n|c|\u2606IIIodyne|i guess so\n|c|\u2606Tagos|i wont stall it\n|-message|Tagos forfeited.\n|\n|win|IIIodyne\n|n|\u2606Tagos|tagos\n|n|\u2606IIIodyne|iiiodyne\n|n| KaenSoul|kaensoul\n|n| blastablasta|blastablasta\n|c|\u2606IIIodyne|the para works against your pressure\n|c|\u2606Tagos|gg wp\n|c|\u2606Tagos|yeah\n|c|\u2606IIIodyne|u2\n|l| blastablasta\n","uploadtime":1666306586,"views":5,"p1id":"tagos","p2id":"iiiodyne","formatid":"gen8sharedpower","rating":0,"private":0,"password":null}