{"id":"gen8nationaldex-1569055282","p1":"mlgpokeballer","p2":"Blacksponge","format":"gen8nationaldex","log":"|j|\u2606mlgpokeballer\n|j|\u2606Blacksponge\n|t:|1651852314\n|gametype|singles\n|player|p1|mlgpokeballer|crasherwake|1551\n|player|p2|Blacksponge|lucas|1702\n|teamsize|p1|6\n|teamsize|p2|6\n|gen|8\n|tier|[Gen 8] National Dex\n|rated|\n|rule|HP Percentage Mod: HP is shown in percentages\n|rule|Endless Battle Clause: Forcing endless battles is banned\n|rule|OHKO Clause: OHKO moves are banned\n|rule|Evasion Moves Clause: Evasion moves are banned\n|rule|Species Clause: Limit one of each Pok\u00e9mon\n|rule|Dynamax Clause: You cannot dynamax\n|rule|Sleep Clause Mod: Limit one foe put to sleep\n|clearpoke\n|poke|p1|Slowbro, M|\n|poke|p1|Sceptile, M|\n|poke|p1|Tapu Koko|\n|poke|p1|Chansey, F|\n|poke|p1|Hoopa-Unbound|\n|poke|p1|Zapdos|\n|poke|p2|Garchomp, F|\n|poke|p2|Reuniclus, M|\n|poke|p2|Victini|\n|poke|p2|Kyurem|\n|poke|p2|Corviknight, F|\n|poke|p2|Smeargle, F|\n|teampreview\n|inactive|Battle timer is ON: inactive players will automatically lose when time's up. (requested by mlgpokeballer)\n|\n|t:|1651852342\n|start\n|switch|p1a: Sceptile|Sceptile, M, shiny|100\/100\n|switch|p2a: Garchomp|Garchomp, F|100\/100\n|turn|1\n|\n|t:|1651852358\n|switch|p2a: Corviknight|Corviknight, F|100\/100\n|-ability|p2a: Corviknight|Pressure\n|detailschange|p1a: Sceptile|Sceptile-Mega, M, shiny\n|-mega|p1a: Sceptile|Sceptile|Sceptilite\n|move|p1a: Sceptile|Protect||[still]\n|-fail|p1a: Sceptile\n|\n|upkeep\n|turn|2\n|\n|t:|1651852364\n|move|p1a: Sceptile|Protect|p1a: Sceptile\n|-singleturn|p1a: Sceptile|Protect\n|move|p2a: Corviknight|Agility|p2a: Corviknight\n|-boost|p2a: Corviknight|spe|2\n|\n|upkeep\n|turn|3\n|\n|t:|1651852370\n|switch|p1a: Zapdos|Zapdos, shiny|100\/100\n|move|p2a: Corviknight|Agility|p2a: Corviknight\n|-boost|p2a: Corviknight|spe|2\n|\n|upkeep\n|turn|4\n|\n|t:|1651852372\n|move|p2a: Corviknight|Bulk Up|p2a: Corviknight\n|-boost|p2a: Corviknight|atk|1\n|-boost|p2a: Corviknight|def|1\n|move|p1a: Zapdos|Discharge|p2a: Corviknight\n|-supereffective|p2a: Corviknight\n|-damage|p2a: Corviknight|57\/100\n|-status|p2a: Corviknight|par\n|\n|-heal|p2a: Corviknight|63\/100 par|[from] item: Leftovers\n|upkeep\n|turn|5\n|\n|t:|1651852378\n|move|p2a: Corviknight|Agility|p2a: Corviknight\n|-boost|p2a: Corviknight|spe|2\n|move|p1a: Zapdos|Discharge|p2a: Corviknight\n|-supereffective|p2a: Corviknight\n|-damage|p2a: Corviknight|12\/100 par\n|\n|-heal|p2a: Corviknight|18\/100 par|[from] item: Leftovers\n|upkeep\n|turn|6\n|\n|t:|1651852384\n|move|p2a: Corviknight|Roost|p2a: Corviknight\n|-heal|p2a: Corviknight|68\/100 par\n|-singleturn|p2a: Corviknight|move: Roost\n|move|p1a: Zapdos|Discharge|p2a: Corviknight\n|-damage|p2a: Corviknight|43\/100 par\n|\n|-heal|p2a: Corviknight|50\/100 par|[from] item: Leftovers\n|upkeep\n|turn|7\n|\n|t:|1651852389\n|move|p2a: Corviknight|Roost|p2a: Corviknight\n|-heal|p2a: Corviknight|99\/100 par\n|-singleturn|p2a: Corviknight|move: Roost\n|move|p1a: Zapdos|Heat Wave|p2a: Corviknight|[miss]\n|-miss|p1a: Zapdos|p2a: Corviknight\n|\n|-heal|p2a: Corviknight|100\/100 par|[from] item: Leftovers\n|upkeep\n|turn|8\n|\n|t:|1651852394\n|switch|p1a: Tapu Koko|Tapu Koko, shiny|100\/100\n|-fieldstart|move: Electric Terrain|[from] ability: Electric Surge|[of] p1a: Tapu Koko\n|move|p2a: Corviknight|Bulk Up|p2a: Corviknight\n|-boost|p2a: Corviknight|atk|1\n|-boost|p2a: Corviknight|def|1\n|\n|upkeep\n|turn|9\n|\n|t:|1651852400\n|-zpower|p1a: Tapu Koko\n|move|p1a: Tapu Koko|Gigavolt Havoc|p2a: Corviknight|[zeffect]\n|-supereffective|p2a: Corviknight\n|-damage|p2a: Corviknight|15\/100 par\n|cant|p2a: Corviknight|par\n|\n|-heal|p2a: Corviknight|21\/100 par|[from] item: Leftovers\n|upkeep\n|turn|10\n|\n|t:|1651852404\n|move|p1a: Tapu Koko|Wild Charge|p2a: Corviknight\n|-supereffective|p2a: Corviknight\n|-damage|p2a: Corviknight|0 fnt\n|faint|p2a: Corviknight\n|-damage|p1a: Tapu Koko|93\/100|[from] Recoil\n|\n|upkeep\n|\n|t:|1651852417\n|switch|p2a: Garchomp|Garchomp, F|100\/100\n|turn|11\n|\n|t:|1651852422\n|switch|p1a: Slowbro|Slowbro, M, shiny|100\/100\n|detailschange|p2a: Garchomp|Garchomp-Mega, F\n|-mega|p2a: Garchomp|Garchomp|Garchompite\n|move|p2a: Garchomp|Earthquake|p1a: Slowbro\n|-damage|p1a: Slowbro|64\/100\n|\n|upkeep\n|turn|12\n|\n|t:|1651852429\n|move|p2a: Garchomp|Swords Dance|p2a: Garchomp\n|-boost|p2a: Garchomp|atk|2\n|move|p1a: Slowbro|Slack Off|p1a: Slowbro\n|-heal|p1a: Slowbro|100\/100\n|\n|-fieldend|move: Electric Terrain\n|upkeep\n|turn|13\n|\n|t:|1651852430\n|move|p2a: Garchomp|Earthquake|p1a: Slowbro\n|-damage|p1a: Slowbro|25\/100\n|move|p1a: Slowbro|Scald|p2a: Garchomp\n|-damage|p2a: Garchomp|71\/100\n|\n|upkeep\n|turn|14\n|\n|t:|1651852436\n|move|p2a: Garchomp|Scale Shot|p1a: Slowbro\n|-damage|p1a: Slowbro|7\/100\n|-damage|p1a: Slowbro|0 fnt\n|faint|p1a: Slowbro\n|-hitcount|p1: Slowbro|2\n|-unboost|p2a: Garchomp|def|1\n|-boost|p2a: Garchomp|spe|1\n|\n|upkeep\n|\n|t:|1651852441\n|switch|p1a: Zapdos|Zapdos, shiny|100\/100\n|turn|15\n|\n|t:|1651852445\n|move|p2a: Garchomp|Scale Shot|p1a: Zapdos\n|-damage|p1a: Zapdos|78\/100\n|-damage|p1a: Zapdos|52\/100\n|-hitcount|p1a: Zapdos|2\n|-unboost|p2a: Garchomp|def|1\n|-boost|p2a: Garchomp|spe|1\n|move|p1a: Zapdos|Heat Wave|p2a: Garchomp\n|-resisted|p2a: Garchomp\n|-damage|p2a: Garchomp|59\/100\n|-status|p2a: Garchomp|brn\n|\n|-damage|p2a: Garchomp|53\/100 brn|[from] brn\n|upkeep\n|turn|16\n|\n|t:|1651852455\n|move|p2a: Garchomp|Swords Dance|p2a: Garchomp\n|-boost|p2a: Garchomp|atk|2\n|move|p1a: Zapdos|Roost|p1a: Zapdos\n|-heal|p1a: Zapdos|100\/100\n|-singleturn|p1a: Zapdos|move: Roost\n|\n|-damage|p2a: Garchomp|46\/100 brn|[from] brn\n|upkeep\n|turn|17\n|\n|t:|1651852457\n|move|p2a: Garchomp|Scale Shot|p1a: Zapdos\n|-damage|p1a: Zapdos|83\/100\n|-damage|p1a: Zapdos|66\/100\n|-damage|p1a: Zapdos|48\/100\n|-hitcount|p1a: Zapdos|3\n|-unboost|p2a: Garchomp|def|1\n|-boost|p2a: Garchomp|spe|1\n|move|p1a: Zapdos|Roost|p1a: Zapdos\n|-heal|p1a: Zapdos|98\/100\n|-singleturn|p1a: Zapdos|move: Roost\n|\n|-damage|p2a: Garchomp|40\/100 brn|[from] brn\n|upkeep\n|turn|18\n|\n|t:|1651852461\n|move|p2a: Garchomp|Swords Dance|p2a: Garchomp\n|-boost|p2a: Garchomp|atk|2\n|move|p1a: Zapdos|Roost|p1a: Zapdos\n|-heal|p1a: Zapdos|100\/100\n|-singleturn|p1a: Zapdos|move: Roost\n|\n|-damage|p2a: Garchomp|34\/100 brn|[from] brn\n|upkeep\n|turn|19\n|\n|t:|1651852463\n|move|p2a: Garchomp|Swords Dance|p2a: Garchomp\n|-boost|p2a: Garchomp|atk|0\n|move|p1a: Zapdos|Roost||[still]\n|-fail|p1a: Zapdos|heal\n|\n|-damage|p2a: Garchomp|28\/100 brn|[from] brn\n|upkeep\n|turn|20\n|\n|t:|1651852465\n|move|p2a: Garchomp|Scale Shot|p1a: Zapdos\n|-damage|p1a: Zapdos|78\/100\n|-damage|p1a: Zapdos|53\/100\n|-damage|p1a: Zapdos|30\/100\n|-damage|p1a: Zapdos|6\/100\n|-hitcount|p1a: Zapdos|4\n|-unboost|p2a: Garchomp|def|1\n|-boost|p2a: Garchomp|spe|1\n|move|p1a: Zapdos|Roost|p1a: Zapdos\n|-heal|p1a: Zapdos|56\/100\n|-singleturn|p1a: Zapdos|move: Roost\n|\n|-damage|p2a: Garchomp|22\/100 brn|[from] brn\n|upkeep\n|turn|21\n|\n|t:|1651852468\n|move|p2a: Garchomp|Scale Shot|p1a: Zapdos\n|-damage|p1a: Zapdos|33\/100\n|-damage|p1a: Zapdos|9\/100\n|-hitcount|p1a: Zapdos|2\n|-unboost|p2a: Garchomp|def|1\n|-boost|p2a: Garchomp|spe|1\n|move|p1a: Zapdos|Roost|p1a: Zapdos\n|-heal|p1a: Zapdos|59\/100\n|-singleturn|p1a: Zapdos|move: Roost\n|\n|-damage|p2a: Garchomp|16\/100 brn|[from] brn\n|upkeep\n|turn|22\n|\n|t:|1651852472\n|move|p2a: Garchomp|Scale Shot|p1a: Zapdos\n|-damage|p1a: Zapdos|33\/100\n|-damage|p1a: Zapdos|8\/100\n|-hitcount|p1a: Zapdos|2\n|-unboost|p2a: Garchomp|def|1\n|-boost|p2a: Garchomp|spe|1\n|move|p1a: Zapdos|Roost|p1a: Zapdos\n|-heal|p1a: Zapdos|58\/100\n|-singleturn|p1a: Zapdos|move: Roost\n|\n|-damage|p2a: Garchomp|9\/100 brn|[from] brn\n|upkeep\n|turn|23\n|\n|t:|1651852476\n|move|p2a: Garchomp|Scale Shot|p1a: Zapdos|[miss]\n|-miss|p2a: Garchomp|p1a: Zapdos\n|move|p1a: Zapdos|Roost|p1a: Zapdos\n|-heal|p1a: Zapdos|100\/100\n|-singleturn|p1a: Zapdos|move: Roost\n|\n|-damage|p2a: Garchomp|3\/100 brn|[from] brn\n|upkeep\n|turn|24\n|\n|t:|1651852479\n|move|p2a: Garchomp|Scale Shot|p1a: Zapdos\n|-damage|p1a: Zapdos|75\/100\n|-damage|p1a: Zapdos|53\/100\n|-damage|p1a: Zapdos|30\/100\n|-damage|p1a: Zapdos|6\/100\n|-damage|p1a: Zapdos|0 fnt\n|faint|p1a: Zapdos\n|-hitcount|p1: Zapdos|5\n|\n|-damage|p2a: Garchomp|0 fnt|[from] brn\n|faint|p2a: Garchomp\n|upkeep\n|c|\u2606Blacksponge|jfc\n|inactive|Blacksponge has 120 seconds left.\n|\n|t:|1651852509\n|switch|p2a: Smeargle|Smeargle, F|100\/100\n|switch|p1a: Sceptile|Sceptile-Mega, M, shiny|100\/100\n|turn|25\n|\n|t:|1651852515\n|switch|p2a: Reuniclus|Reuniclus, M|100\/100\n|move|p1a: Sceptile|Dragon Pulse|p2a: Reuniclus\n|-damage|p2a: Reuniclus|57\/100\n|\n|-heal|p2a: Reuniclus|63\/100|[from] item: Leftovers\n|upkeep\n|turn|26\n|\n|t:|1651852519\n|move|p1a: Sceptile|Leaf Storm|p2a: Reuniclus\n|-damage|p2a: Reuniclus|0 fnt\n|-unboost|p1a: Sceptile|spa|2\n|faint|p2a: Reuniclus\n|\n|upkeep\n|\n|t:|1651852523\n|switch|p2a: Kyurem|Kyurem|100\/100\n|-ability|p2a: Kyurem|Pressure\n|turn|27\n|\n|t:|1651852525\n|switch|p1a: Chansey|Chansey, F, shiny|100\/100\n|move|p2a: Kyurem|Dragon Dance|p2a: Kyurem\n|-boost|p2a: Kyurem|atk|1\n|-boost|p2a: Kyurem|spe|1\n|\n|upkeep\n|turn|28\n|\n|t:|1651852530\n|move|p2a: Kyurem|Substitute|p2a: Kyurem\n|-start|p2a: Kyurem|Substitute\n|-damage|p2a: Kyurem|76\/100\n|move|p1a: Chansey|Toxic||[still]\n|-fail|p1a: Chansey\n|\n|upkeep\n|turn|29\n|\n|t:|1651852532\n|move|p2a: Kyurem|Dragon Dance|p2a: Kyurem\n|-boost|p2a: Kyurem|atk|1\n|-boost|p2a: Kyurem|spe|1\n|move|p1a: Chansey|Seismic Toss|p2a: Kyurem\n|-end|p2a: Kyurem|Substitute\n|\n|upkeep\n|turn|30\n|\n|t:|1651852536\n|move|p2a: Kyurem|Icicle Spear|p1a: Chansey\n|-damage|p1a: Chansey|81\/100\n|-damage|p1a: Chansey|64\/100\n|-damage|p1a: Chansey|46\/100\n|-hitcount|p1a: Chansey|3\n|move|p1a: Chansey|Seismic Toss|p2a: Kyurem\n|-damage|p2a: Kyurem|50\/100\n|\n|upkeep\n|turn|31\n|\n|t:|1651852538\n|move|p2a: Kyurem|Icicle Spear|p1a: Chansey\n|-damage|p1a: Chansey|22\/100\n|-damage|p1a: Chansey|0 fnt\n|faint|p1a: Chansey\n|-hitcount|p1: Chansey|2\n|\n|upkeep\n|\n|t:|1651852540\n|switch|p1a: Tapu Koko|Tapu Koko, shiny|93\/100\n|-fieldstart|move: Electric Terrain|[from] ability: Electric Surge|[of] p1a: Tapu Koko\n|turn|32\n|\n|t:|1651852546\n|move|p2a: Kyurem|Icicle Spear|p1a: Tapu Koko\n|-damage|p1a: Tapu Koko|34\/100\n|-damage|p1a: Tapu Koko|0 fnt\n|faint|p1a: Tapu Koko\n|-hitcount|p1: Tapu Koko|2\n|\n|upkeep\n|\n|t:|1651852548\n|switch|p1a: Hoopa|Hoopa-Unbound|100\/100\n|turn|33\n|\n|t:|1651852552\n|move|p2a: Kyurem|Icicle Spear|p1a: Hoopa\n|-damage|p1a: Hoopa|27\/100\n|-damage|p1a: Hoopa|0 fnt\n|faint|p1a: Hoopa\n|-hitcount|p1: Hoopa|2\n|\n|upkeep\n|\n|t:|1651852554\n|switch|p1a: Sceptile|Sceptile-Mega, M, shiny|100\/100\n|turn|34\n|\n|t:|1651852559\n|move|p2a: Kyurem|Icicle Spear|p1a: Sceptile\n|-supereffective|p1a: Sceptile\n|-damage|p1a: Sceptile|0 fnt\n|faint|p1a: Sceptile\n|-hitcount|p1: Sceptile|1\n|\n|win|Blacksponge\n|raw|mlgpokeballer's rating: 1551 &rarr; <strong>1539<\/strong><br \/>(-12 for losing)\n|raw|Blacksponge's rating: 1702 &rarr; <strong>1714<\/strong><br \/>(+12 for winning)\n|l|\u2606mlgpokeballer\n","uploadtime":1651852565,"views":7,"p1id":"mlgpokeballer","p2id":"blacksponge","formatid":"gen8nationaldex","rating":1539,"private":0,"password":null}