{"id":"gen8randombattle-1135447821","p1":"Pokefreak77","p2":"Yusei1789","format":"gen8randombattle","log":"|j|\u2606Pokefreak77\n|j|\u2606Yusei1789\n|player|p1|Pokefreak77|266|2059\n|player|p2|Yusei1789|dawn|2005\n|teamsize|p1|6\n|teamsize|p2|6\n|gametype|singles\n|gen|8\n|tier|[Gen 8] Random Battle\n|rated|\n|rule|Species Clause: Limit one of each Pok\u00e9mon\n|rule|HP Percentage Mod: HP is shown in percentages\n|rule|Sleep Clause Mod: Limit one foe put to sleep\n|\n|start\n|switch|p1a: Garbodor|Garbodor, L86, M|278\/278\n|switch|p2a: Magearna|Magearna, L80|259\/259\n|turn|1\n|inactive|Battle timer is ON: inactive players will automatically lose when time's up. (requested by Yusei1789)\n|\n|switch|p2a: Golurk|Golurk, L88|300\/300\n|move|p1a: Garbodor|Spikes|p2a: Golurk\n|-sidestart|p2: Yusei1789|Spikes\n|\n|upkeep\n|turn|2\n|\n|switch|p1a: Ludicolo|Ludicolo, L88, F|284\/284\n|move|p2a: Golurk|Rock Polish|p2a: Golurk\n|-boost|p2a: Golurk|spe|2\n|\n|upkeep\n|turn|3\n|\n|switch|p2a: Dialga|Dialga, L72|263\/263\n|-damage|p2a: Dialga|231\/263|[from] Spikes\n|-ability|p2a: Dialga|Pressure\n|move|p1a: Ludicolo|Scald|p2a: Dialga\n|-resisted|p2a: Dialga\n|-damage|p2a: Dialga|169\/263\n|-damage|p1a: Ludicolo|256\/284|[from] item: Life Orb\n|\n|-heal|p2a: Dialga|185\/263|[from] item: Leftovers\n|upkeep\n|turn|4\n|\n|switch|p1a: Stunfisk|Stunfisk-Galar, L86, F|328\/328\n|move|p2a: Dialga|Flash Cannon|p1a: Stunfisk\n|-resisted|p1a: Stunfisk\n|-damage|p1a: Stunfisk|284\/328\n|-unboost|p1a: Stunfisk|spd|1\n|\n|-heal|p2a: Dialga|201\/263|[from] item: Leftovers\n|-heal|p1a: Stunfisk|304\/328|[from] item: Leftovers\n|upkeep\n|turn|5\n|\n|switch|p2a: Golurk|Golurk, L88|300\/300\n|-damage|p2a: Golurk|263\/300|[from] Spikes\n|move|p1a: Stunfisk|Stealth Rock|p2a: Golurk\n|-sidestart|p2: Yusei1789|move: Stealth Rock\n|\n|-heal|p1a: Stunfisk|324\/328|[from] item: Leftovers\n|upkeep\n|turn|6\n|inactive|Pokefreak77 has 120 seconds left.\n|c|\u2606Pokefreak77|I wish they gave this mon a \"bear trap\" ability that causes damage upon contact and traps you from switching\n|inactive|Pokefreak77 has 90 seconds left.\n|\n|switch|p1a: Ludicolo|Ludicolo, L88, F|256\/284\n|move|p2a: Golurk|Shadow Punch|p1a: Ludicolo\n|-damage|p1a: Ludicolo|110\/284\n|-damage|p2a: Golurk|233\/300|[from] item: Life Orb\n|\n|upkeep\n|turn|7\n|\n|switch|p2a: Dialga|Dialga, L72|201\/263\n|-damage|p2a: Dialga|185\/263|[from] Stealth Rock\n|-damage|p2a: Dialga|153\/263|[from] Spikes\n|-ability|p2a: Dialga|Pressure\n|move|p1a: Ludicolo|Scald|p2a: Dialga\n|-resisted|p2a: Dialga\n|-damage|p2a: Dialga|95\/263\n|-damage|p1a: Ludicolo|82\/284|[from] item: Life Orb\n|\n|-heal|p2a: Dialga|111\/263|[from] item: Leftovers\n|upkeep\n|turn|8\n|\n|switch|p1a: Stunfisk|Stunfisk-Galar, L86, F|324\/328\n|move|p2a: Dialga|Draco Meteor|p1a: Stunfisk\n|-resisted|p1a: Stunfisk\n|-damage|p1a: Stunfisk|254\/328\n|-unboost|p2a: Dialga|spa|2\n|\n|-heal|p2a: Dialga|127\/263|[from] item: Leftovers\n|-heal|p1a: Stunfisk|274\/328|[from] item: Leftovers\n|upkeep\n|turn|9\n|inactive|Pokefreak77 has 90 seconds left.\n|\n|switch|p2a: Golurk|Golurk, L88|233\/300\n|-damage|p2a: Golurk|215\/300|[from] Stealth Rock\n|-damage|p2a: Golurk|178\/300|[from] Spikes\n|switch|p1a: Ludicolo|Ludicolo, L88, F|82\/284\n|\n|upkeep\n|turn|10\n|inactive|Pokefreak77 has 90 seconds left.\n|inactive|Yusei1789 has 120 seconds left.\n|\n|switch|p2a: Dialga|Dialga, L72|127\/263\n|-damage|p2a: Dialga|111\/263|[from] Stealth Rock\n|-damage|p2a: Dialga|79\/263|[from] Spikes\n|-ability|p2a: Dialga|Pressure\n|move|p1a: Ludicolo|Scald|p2a: Dialga\n|-resisted|p2a: Dialga\n|-damage|p2a: Dialga|17\/263\n|-status|p2a: Dialga|brn\n|-damage|p1a: Ludicolo|54\/284|[from] item: Life Orb\n|\n|-heal|p2a: Dialga|33\/263 brn|[from] item: Leftovers\n|-damage|p2a: Dialga|17\/263 brn|[from] brn\n|upkeep\n|turn|11\n|inactive|Pokefreak77 has 90 seconds left.\n|inactive|Yusei1789 has 120 seconds left.\n|\n|move|p1a: Ludicolo|Giga Drain|p2a: Dialga\n|-resisted|p2a: Dialga\n|-damage|p2a: Dialga|0 fnt\n|-heal|p1a: Ludicolo|63\/284|[from] drain|[of] p2a: Dialga\n|-damage|p1a: Ludicolo|35\/284|[from] item: Life Orb\n|faint|p2a: Dialga\n|\n|upkeep\n|inactive|Yusei1789 has 90 seconds left.\n|\n|switch|p2a: Magearna|Magearna, L80|259\/259\n|-damage|p2a: Magearna|227\/259|[from] Spikes\n|-damage|p2a: Magearna|211\/259|[from] Stealth Rock\n|turn|12\n|\n|switch|p1a: Gastrodon|Gastrodon, L84, M|324\/324\n|move|p2a: Magearna|Focus Blast|p1a: Gastrodon\n|-damage|p1a: Gastrodon|225\/324\n|\n|-heal|p1a: Gastrodon|245\/324|[from] item: Leftovers\n|upkeep\n|turn|13\n|inactive|Yusei1789 has 60 seconds left.\n|\n|switch|p2a: Ribombee|Ribombee, L82, F|233\/233\n|-damage|p2a: Ribombee|175\/233|[from] Stealth Rock\n|-damage|p2a: Ribombee|146\/233|[from] Spikes\n|move|p1a: Gastrodon|Earthquake|p2a: Ribombee\n|-resisted|p2a: Ribombee\n|-damage|p2a: Ribombee|86\/233\n|\n|-heal|p2a: Ribombee|100\/233|[from] item: Leftovers\n|-heal|p1a: Gastrodon|265\/324|[from] item: Leftovers\n|upkeep\n|turn|14\n|inactive|Pokefreak77 has 90 seconds left.\n|\n|switch|p1a: Garbodor|Garbodor, L86, M|278\/278\n|move|p2a: Ribombee|Stun Spore|p1a: Garbodor\n|-status|p1a: Garbodor|par\n|\n|-heal|p2a: Ribombee|114\/233|[from] item: Leftovers\n|upkeep\n|turn|15\n|\n|switch|p2a: Magearna|Magearna, L80|211\/259\n|-damage|p2a: Magearna|195\/259|[from] Stealth Rock\n|-damage|p2a: Magearna|163\/259|[from] Spikes\n|move|p1a: Garbodor|Spikes|p2a: Magearna\n|-sidestart|p2: Yusei1789|Spikes\n|\n|upkeep\n|turn|16\n|\n|switch|p1a: Gastrodon|Gastrodon, L84, M|265\/324\n|move|p2a: Magearna|Flash Cannon|p1a: Gastrodon\n|-resisted|p1a: Gastrodon\n|-damage|p1a: Gastrodon|211\/324\n|\n|-heal|p1a: Gastrodon|231\/324|[from] item: Leftovers\n|upkeep\n|turn|17\n|\n|switch|p2a: Ribombee|Ribombee, L82, F|114\/233\n|-damage|p2a: Ribombee|76\/233|[from] Spikes\n|-damage|p2a: Ribombee|18\/233|[from] Stealth Rock\n|move|p1a: Gastrodon|Earthquake|p2a: Ribombee\n|-resisted|p2a: Ribombee\n|-damage|p2a: Ribombee|0 fnt\n|faint|p2a: Ribombee\n|\n|-heal|p1a: Gastrodon|251\/324|[from] item: Leftovers\n|upkeep\n|\n|switch|p2a: Gallade|Gallade, L84, M|251\/251\n|-damage|p2a: Gallade|210\/251|[from] Spikes\n|-damage|p2a: Gallade|195\/251|[from] Stealth Rock\n|turn|18\n|\n|move|p2a: Gallade|Close Combat|p1a: Gastrodon\n|-damage|p1a: Gastrodon|0 fnt\n|-unboost|p2a: Gallade|def|1\n|-unboost|p2a: Gallade|spd|1\n|faint|p1a: Gastrodon\n|\n|upkeep\n|\n|switch|p1a: Zamazenta|Zamazenta-Crowned, L72|251\/251\n|-ability|p1a: Zamazenta|Dauntless Shield|boost\n|-boost|p1a: Zamazenta|def|1\n|turn|19\n|inactive|Yusei1789 has 30 seconds left.\n|\n|switch|p1a: Ludicolo|Ludicolo, L88, F|35\/284\n|switch|p2a: Pincurchin|Pincurchin, L88, F|228\/228\n|-damage|p2a: Pincurchin|200\/228|[from] Stealth Rock\n|-damage|p2a: Pincurchin|162\/228|[from] Spikes\n|-fieldstart|move: Electric Terrain|[from] ability: Electric Surge|[of] p2a: Pincurchin\n|\n|-heal|p2a: Pincurchin|176\/228|[from] item: Leftovers\n|upkeep\n|turn|20\n|inactive|Yusei1789 has 30 seconds left.\n|inactive|Pokefreak77 has 60 seconds left.\n|\n|move|p2a: Pincurchin|Sucker Punch|p1a: Ludicolo\n|-damage|p1a: Ludicolo|0 fnt\n|faint|p1a: Ludicolo\n|\n|-heal|p2a: Pincurchin|190\/228|[from] item: Leftovers\n|upkeep\n|inactive|Yusei1789 has 30 seconds left this turn.\n|inactive|Pokefreak77 has 60 seconds left.\n|\n|switch|p1a: Stunfisk|Stunfisk-Galar, L86, F|274\/328\n|-start|p1a: Stunfisk|typechange|Electric|[from] ability: Mimicry\n|turn|21\n|inactive|Yusei1789 has 30 seconds left.\n|inactive|Yusei1789 has 20 seconds left.\n|\n|move|p1a: Stunfisk|Earthquake|p2a: Pincurchin\n|-supereffective|p2a: Pincurchin\n|-damage|p2a: Pincurchin|66\/228\n|move|p2a: Pincurchin|Self-Destruct|p1a: Stunfisk\n|-damage|p1a: Stunfisk|132\/328\n|faint|p2a: Pincurchin\n|\n|-heal|p1a: Stunfisk|152\/328|[from] item: Leftovers\n|upkeep\n|inactive|Yusei1789 has 25 seconds left this turn.\n|inactive|Yusei1789 has 20 seconds left.\n|inactive|Yusei1789 has 15 seconds left.\n|inactive|Yusei1789 has 10 seconds left.\n|\n|switch|p2a: Magearna|Magearna, L80|163\/259\n|-damage|p2a: Magearna|120\/259|[from] Spikes\n|-damage|p2a: Magearna|104\/259|[from] Stealth Rock\n|turn|22\n|inactive|Yusei1789 has 20 seconds left this turn.\n|inactive|Yusei1789 has 15 seconds left.\n|\n|move|p2a: Magearna|Focus Blast|p1a: Stunfisk|[miss]\n|-miss|p2a: Magearna|p1a: Stunfisk\n|move|p1a: Stunfisk|Earthquake|p2a: Magearna\n|-supereffective|p2a: Magearna\n|-damage|p2a: Magearna|0 fnt\n|faint|p2a: Magearna\n|\n|-heal|p1a: Stunfisk|172\/328|[from] item: Leftovers\n|upkeep\n|inactive|Yusei1789 has 20 seconds left this turn.\n|inactive|Yusei1789 has 15 seconds left.\n|inactive|Yusei1789 has 10 seconds left.\n|\n|switch|p2a: Gallade|Gallade, L84, M|195\/251\n|-damage|p2a: Gallade|154\/251|[from] Spikes\n|-damage|p2a: Gallade|139\/251|[from] Stealth Rock\n|turn|23\n|inactive|Yusei1789 has 20 seconds left this turn.\n|inactive|Yusei1789 has 15 seconds left.\n|\n|move|p2a: Gallade|Close Combat|p1a: Stunfisk\n|-damage|p1a: Stunfisk|0 fnt\n|-unboost|p2a: Gallade|def|1\n|-unboost|p2a: Gallade|spd|1\n|faint|p1a: Stunfisk\n|\n|-fieldend|move: Electric Terrain\n|upkeep\n|inactive|Yusei1789 has 20 seconds left this turn.\n|\n|switch|p1a: Garbodor|Garbodor, L86, M|278\/278 par\n|turn|24\n|inactive|Yusei1789 has 30 seconds left this turn.\n|\n|move|p2a: Gallade|Close Combat|p1a: Garbodor\n|-resisted|p1a: Garbodor\n|-damage|p1a: Garbodor|149\/278 par\n|-unboost|p2a: Gallade|def|1\n|-unboost|p2a: Gallade|spd|1\n|cant|p1a: Garbodor|par\n|\n|upkeep\n|turn|25\n|inactive|Yusei1789 has 30 seconds left.\n|\n|move|p2a: Gallade|Close Combat|p1a: Garbodor\n|-resisted|p1a: Garbodor\n|-damage|p1a: Garbodor|21\/278 par\n|-unboost|p2a: Gallade|def|1\n|-unboost|p2a: Gallade|spd|1\n|move|p1a: Garbodor|Gunk Shot|p2a: Gallade\n|-damage|p2a: Gallade|0 fnt\n|faint|p2a: Gallade\n|\n|upkeep\n|inactive|Yusei1789 has 30 seconds left.\n|\n|switch|p2a: Golurk|Golurk, L88|178\/300\n|-damage|p2a: Golurk|160\/300|[from] Stealth Rock\n|-damage|p2a: Golurk|110\/300|[from] Spikes\n|turn|26\n|inactive|Yusei1789 has 30 seconds left.\n|\n|switch|p1a: Zamazenta|Zamazenta-Crowned, L72|251\/251\n|-ability|p1a: Zamazenta|Dauntless Shield|boost\n|-boost|p1a: Zamazenta|def|1\n|move|p2a: Golurk|Rock Polish|p2a: Golurk\n|-boost|p2a: Golurk|spe|2\n|\n|upkeep\n|turn|27\n|inactive|Yusei1789 has 30 seconds left.\n|\n|-start|p2a: Golurk|Dynamax\n|-heal|p2a: Golurk|220\/600|[silent]\n|move|p2a: Golurk|Max Quake|p1a: Zamazenta\n|-supereffective|p1a: Zamazenta\n|-damage|p1a: Zamazenta|0 fnt\n|-boost|p2a: Golurk|spd|1\n|-damage|p2a: Golurk|190\/600|[from] item: Life Orb\n|faint|p1a: Zamazenta\n|\n|upkeep\n|\n|switch|p1a: Wobbuffet|Wobbuffet, L80, F|435\/435\n|turn|28\n|\n|move|p2a: Golurk|Max Phantasm|p1a: Wobbuffet\n|-supereffective|p1a: Wobbuffet\n|-damage|p1a: Wobbuffet|0 fnt\n|-damage|p2a: Golurk|160\/600|[from] item: Life Orb\n|faint|p1a: Wobbuffet\n|\n|upkeep\n|-message|Pokefreak77 forfeited.\n|\n|win|Yusei1789\n|l|\u2606Pokefreak77\n||Ladder (probably) updated, but score could not be retrieved (Request timeout).\n","inputlog":">version 20336fdfa0e042a2ab0ce1861653ef4e97e82f4f\n>start {\"formatid\":\"gen8randombattle\",\"seed\":[59666,65433,9868,26982],\"rated\":\"Rated battle\"}\n>player p1 {\"name\":\"Pokefreak77\",\"avatar\":\"266\",\"team\":\"\",\"rating\":2059,\"seed\":[59397,3510,4090,27620]}\n>player p2 {\"name\":\"Yusei1789\",\"avatar\":\"dawn\",\"team\":\"\",\"rating\":2005,\"seed\":[23937,51912,28462,36842]}\n>p1 move spikes\n>p2 switch 2\n>p1 switch 2\n>p2 move rockpolish\n>p1 move scald\n>p2 switch 5\n>p1 switch 6\n>p2 move flashcannon\n>p1 move stealthrock\n>p2 switch 5\n>p1 switch 6\n>p2 move shadowpunch\n>p1 move scald\n>p2 switch 5\n>p1 switch 6\n>p2 move dracometeor\n>p1 switch 6\n>p2 switch 5\n>p1 move scald\n>p2 switch 5\n>p1 move gigadrain\n>p2 move flashcannon\n>p2 switch 2\n>p1 switch 4\n>p2 move focusblast\n>p1 move earthquake\n>p2 switch 4\n>p1 switch 2\n>p2 move stunspore\n>p1 move spikes\n>p2 switch 4\n>p1 switch 2\n>p2 move flashcannon\n>p1 move earthquake\n>p2 switch 4\n>p2 switch 6\n>p1 move scald\n>p2 move closecombat\n>p1 switch 5\n>p1 switch 4\n>p2 switch 3\n>p1 move gigadrain\n>p2 move suckerpunch\n>p1 switch 6\n>p1 move earthquake\n>p2 move selfdestruct\n>p2 switch 4\n>p1 move earthquake\n>p2 move focusblast\n>p2 switch 3\n>p1 move thunderwave\n>p2 move closecombat\n>p1 switch 2\n>p1 move gunkshot\n>p2 move closecombat\n>p1 move gunkshot\n>p2 move closecombat\n>p2 switch 5\n>p1 switch 4\n>p2 move rockpolish\n>p1 move behemothbash\n>p2 move earthquake dynamax\n>p1 switch 3\n>p1 move charm\n>p2 move shadowpunch dynamax","uploadtime":1592575149,"views":7,"p1id":"pokefreak77","p2id":"yusei1789","formatid":"gen8randombattle","rating":0,"private":0,"password":null}