{"id":"gen8ou-1566984114","p1":"bizarman","p2":"Infernoss","format":"gen8ou","log":"|j|\u2606bizarman\n|j|\u2606Infernoss\n|t:|1651608113\n|gametype|singles\n|player|p1|bizarman|scientist-gen4|1877\n|player|p2|Infernoss|chili|1788\n|teamsize|p1|6\n|teamsize|p2|6\n|gen|8\n|tier|[Gen 8] OU\n|rated|\n|rule|Sleep Clause Mod: Limit one foe put to sleep\n|rule|Species Clause: Limit one of each Pok\u00e9mon\n|rule|OHKO Clause: OHKO moves are banned\n|rule|Evasion Moves Clause: Evasion moves are banned\n|rule|Endless Battle Clause: Forcing endless battles is banned\n|rule|HP Percentage Mod: HP is shown in percentages\n|rule|Dynamax Clause: You cannot dynamax\n|clearpoke\n|poke|p1|Moltres-Galar|\n|poke|p1|Tyranitar, M|\n|poke|p1|Ferrothorn, F|\n|poke|p1|Tapu Koko|\n|poke|p1|Urshifu-*, M|\n|poke|p1|Landorus-Therian, M|\n|poke|p2|Slowbro, M|\n|poke|p2|Hatterene, F|\n|poke|p2|Marowak-Alola, M|\n|poke|p2|Ferrothorn, M|\n|poke|p2|Garchomp, M|\n|poke|p2|Drampa, M|\n|teampreview\n|j| SnoKnees\n|j| Corsola based\n|\n|t:|1651608125\n|start\n|switch|p1a: Tyranitar|Tyranitar, M|100\/100\n|switch|p2a: Sonso|Slowbro, M|100\/100\n|-weather|Sandstorm|[from] ability: Sand Stream|[of] p1a: Tyranitar\n|turn|1\n|inactive|Battle timer is ON: inactive players will automatically lose when time's up. (requested by bizarman)\n|\n|t:|1651608133\n|move|p1a: Tyranitar|Crunch|p2a: Sonso\n|-supereffective|p2a: Sonso\n|-enditem|p2a: Sonso|Colbur Berry|[eat]\n|-enditem|p2a: Sonso|Colbur Berry|[weaken]\n|-damage|p2a: Sonso|63\/100\n|move|p2a: Sonso|Body Press|p1a: Tyranitar\n|-supereffective|p1a: Tyranitar\n|-damage|p1a: Tyranitar|0 fnt\n|faint|p1a: Tyranitar\n|\n|-weather|Sandstorm|[upkeep]\n|-damage|p2a: Sonso|57\/100|[from] Sandstorm\n|upkeep\n|j| Congwuyu\n|\n|t:|1651608142\n|switch|p1a: Moltres|Moltres-Galar|100\/100\n|turn|2\n|\n|t:|1651608146\n|switch|p2a: Hatterene|Hatterene, F|100\/100\n|move|p1a: Moltres|Fiery Wrath|p2a: Hatterene\n|-damage|p2a: Hatterene|69\/100\n|\n|-weather|Sandstorm|[upkeep]\n|-damage|p1a: Moltres|94\/100|[from] Sandstorm\n|-damage|p2a: Hatterene|63\/100|[from] Sandstorm\n|upkeep\n|turn|3\n|\n|t:|1651608156\n|move|p1a: Moltres|Fiery Wrath|p2a: Hatterene\n|-damage|p2a: Hatterene|34\/100\n|move|p2a: Hatterene|Trick Room|p2a: Hatterene\n|-fieldstart|move: Trick Room|[of] p2a: Hatterene\n|\n|-weather|Sandstorm|[upkeep]\n|-damage|p2a: Hatterene|28\/100|[from] Sandstorm\n|-damage|p1a: Moltres|88\/100|[from] Sandstorm\n|upkeep\n|turn|4\n|\n|t:|1651608167\n|switch|p1a: Landorus|Landorus-Therian, M|100\/100\n|-ability|p1a: Landorus|Intimidate|boost\n|-unboost|p2a: Hatterene|atk|1\n|move|p2a: Hatterene|Healing Wish|p2a: Hatterene\n|faint|p2a: Hatterene\n|\n|-weather|Sandstorm|[upkeep]\n|upkeep\n|\n|t:|1651608178\n|switch|p2a: Falko|Drampa, M|100\/100\n|turn|5\n|\n|t:|1651608183\n|switch|p1a: Ferrothorn|Ferrothorn, F|100\/100\n|move|p2a: Falko|Ice Beam|p1a: Ferrothorn\n|-damage|p1a: Ferrothorn|72\/100\n|-status|p1a: Ferrothorn|frz\n|\n|-weather|none\n|-heal|p1a: Ferrothorn|78\/100 frz|[from] item: Leftovers\n|upkeep\n|turn|6\n|\n|t:|1651608191\n|move|p2a: Falko|Focus Blast|p1a: Ferrothorn\n|-supereffective|p1a: Ferrothorn\n|-damage|p1a: Ferrothorn|0 fnt\n|faint|p1a: Ferrothorn\n|\n|upkeep\n|\n|t:|1651608197\n|switch|p1a: Landorus|Landorus-Therian, M|100\/100\n|-ability|p1a: Landorus|Intimidate|boost\n|-unboost|p2a: Falko|atk|1\n|turn|7\n|\n|t:|1651608201\n|switch|p1a: Urshifu|Urshifu-Rapid-Strike, M|100\/100\n|move|p2a: Falko|Ice Beam|p1a: Urshifu\n|-resisted|p1a: Urshifu\n|-damage|p1a: Urshifu|73\/100\n|\n|-fieldend|move: Trick Room\n|upkeep\n|turn|8\n|j| Misaka Aisaka\n|inactive|Infernoss has 120 seconds left.\n|\n|t:|1651608235\n|switch|p2a: Sharpo|Garchomp, M|100\/100\n|move|p1a: Urshifu|U-turn|p2a: Sharpo\n|-damage|p2a: Sharpo|65\/100\n|-damage|p1a: Urshifu|61\/100|[from] ability: Rough Skin|[of] p2a: Sharpo\n|\n|t:|1651608241\n|switch|p1a: Tapu Koko|Tapu Koko|100\/100|[from]move: U-turn\n|-fieldstart|move: Electric Terrain|[from] ability: Electric Surge|[of] p1a: Tapu Koko\n|\n|-heal|p2a: Sharpo|71\/100|[from] item: Leftovers\n|upkeep\n|turn|9\n|\n|t:|1651608248\n|switch|p2a: Thorns|Ferrothorn, M|100\/100\n|move|p1a: Tapu Koko|Dazzling Gleam|p2a: Thorns\n|-resisted|p2a: Thorns\n|-damage|p2a: Thorns|89\/100\n|\n|-heal|p2a: Thorns|96\/100|[from] item: Leftovers\n|upkeep\n|turn|10\n|\n|t:|1651608264\n|switch|p1a: Landorus|Landorus-Therian, M|100\/100\n|-ability|p1a: Landorus|Intimidate|boost\n|-unboost|p2a: Thorns|atk|1\n|move|p2a: Thorns|Power Whip|p1a: Landorus\n|-damage|p1a: Landorus|74\/100\n|\n|-heal|p1a: Landorus|80\/100|[from] item: Leftovers\n|-heal|p2a: Thorns|100\/100|[from] item: Leftovers\n|upkeep\n|turn|11\n|\n|t:|1651608274\n|move|p1a: Landorus|Knock Off|p2a: Thorns\n|-damage|p2a: Thorns|77\/100\n|-damage|p1a: Landorus|68\/100|[from] ability: Iron Barbs|[of] p2a: Thorns\n|-enditem|p2a: Thorns|Leftovers|[from] move: Knock Off|[of] p1a: Landorus\n|move|p2a: Thorns|Leech Seed|p1a: Landorus|[miss]\n|-miss|p2a: Thorns|p1a: Landorus\n|\n|-heal|p1a: Landorus|74\/100|[from] item: Leftovers\n|upkeep\n|turn|12\n|\n|t:|1651608287\n|move|p1a: Landorus|Earthquake|p2a: Thorns\n|-damage|p2a: Thorns|39\/100\n|move|p2a: Thorns|Leech Seed|p1a: Landorus\n|-start|p1a: Landorus|move: Leech Seed\n|\n|-heal|p1a: Landorus|80\/100|[from] item: Leftovers\n|-damage|p1a: Landorus|68\/100|[from] Leech Seed|[of] p2a: Thorns\n|-heal|p2a: Thorns|53\/100|[silent]\n|-fieldend|move: Electric Terrain\n|upkeep\n|turn|13\n|\n|t:|1651608298\n|move|p1a: Landorus|U-turn|p2a: Thorns\n|-damage|p2a: Thorns|34\/100\n|-damage|p1a: Landorus|55\/100|[from] ability: Iron Barbs|[of] p2a: Thorns\n|\n|t:|1651608302\n|switch|p1a: Moltres|Moltres-Galar|88\/100|[from]move: U-turn\n|move|p2a: Thorns|Stealth Rock|p1a: Moltres\n|-sidestart|p1: bizarman|move: Stealth Rock\n|\n|upkeep\n|turn|14\n|\n|t:|1651608313\n|switch|p2a: Falko|Drampa, M|100\/100\n|move|p1a: Moltres|Nasty Plot|p1a: Moltres\n|-boost|p1a: Moltres|spa|2\n|\n|upkeep\n|turn|15\n|\n|t:|1651608320\n|move|p1a: Moltres|Fiery Wrath|p2a: Falko\n|-damage|p2a: Falko|20\/100\n|-ability|p2a: Falko|Berserk|boost\n|-boost|p2a: Falko|spa|1\n|move|p2a: Falko|Ice Beam|p1a: Moltres\n|-supereffective|p1a: Moltres\n|-damage|p1a: Moltres|0 fnt\n|faint|p1a: Moltres\n|\n|upkeep\n|c|\u2606bizarman|wow\n|c|\u2606bizarman|impressive\n|\n|t:|1651608341\n|switch|p1a: Urshifu|Urshifu-Rapid-Strike, M|61\/100\n|-damage|p1a: Urshifu|55\/100|[from] Stealth Rock\n|turn|16\n|c|\u2606bizarman|i know its modest +1, but still\n|c|\u2606Infernoss|is 135 of s atack\n|l| Corsola based\n|inactive|Infernoss has 120 seconds left.\n|c|\u2606bizarman|i know as well\n|c|\u2606Infernoss|expert belt\n|c|\u2606bizarman|oh\n|c|\u2606bizarman|that i didnt know XD\n|\n|t:|1651608395\n|move|p1a: Urshifu|U-turn|p2a: Falko\n|-damage|p2a: Falko|0 fnt\n|faint|p2a: Falko\n|l| Congwuyu\n|j| Congwuyu\n|inactive|bizarman has 120 seconds left.\n|\n|t:|1651608405\n|switch|p1a: Tapu Koko|Tapu Koko|100\/100|[from]move: U-turn\n|-fieldstart|move: Electric Terrain|[from] ability: Electric Surge|[of] p1a: Tapu Koko\n|\n|upkeep\n|\n|t:|1651608410\n|switch|p2a: Thorns|Ferrothorn, M|34\/100\n|-heal|p2a: Thorns|100\/100|[from] move: Healing Wish\n|turn|17\n|\n|t:|1651608423\n|switch|p1a: Landorus|Landorus-Therian, M|55\/100\n|-damage|p1a: Landorus|43\/100|[from] Stealth Rock\n|-ability|p1a: Landorus|Intimidate|boost\n|-unboost|p2a: Thorns|atk|1\n|move|p2a: Thorns|Leech Seed|p1a: Landorus\n|-start|p1a: Landorus|move: Leech Seed\n|\n|-heal|p1a: Landorus|49\/100|[from] item: Leftovers\n|-damage|p1a: Landorus|37\/100|[from] Leech Seed|[of] p2a: Thorns\n|upkeep\n|turn|18\n|\n|t:|1651608434\n|move|p1a: Landorus|Earthquake|p2a: Thorns\n|-damage|p2a: Thorns|65\/100\n|move|p2a: Thorns|Power Whip|p1a: Landorus|[miss]\n|-miss|p2a: Thorns|p1a: Landorus\n|\n|-heal|p1a: Landorus|43\/100|[from] item: Leftovers\n|-damage|p1a: Landorus|31\/100|[from] Leech Seed|[of] p2a: Thorns\n|-heal|p2a: Thorns|78\/100|[silent]\n|upkeep\n|turn|19\n|\n|t:|1651608444\n|switch|p2a: Sonso|Slowbro, M|90\/100\n|move|p1a: Landorus|Earthquake|p2a: Sonso\n|-damage|p2a: Sonso|62\/100\n|\n|-heal|p1a: Landorus|37\/100|[from] item: Leftovers\n|-damage|p1a: Landorus|24\/100|[from] Leech Seed|[of] p2a: Sonso\n|-heal|p2a: Sonso|74\/100|[silent]\n|upkeep\n|turn|20\n|\n|t:|1651608454\n|move|p1a: Landorus|U-turn|p2a: Sonso\n|-supereffective|p2a: Sonso\n|-damage|p2a: Sonso|49\/100\n|\n|t:|1651608459\n|switch|p1a: Tapu Koko|Tapu Koko|100\/100|[from]move: U-turn\n|move|p2a: Sonso|Trick Room|p2a: Sonso\n|-fieldstart|move: Trick Room|[of] p2a: Sonso\n|\n|-fieldend|move: Electric Terrain\n|upkeep\n|turn|21\n|\n|t:|1651608465\n|switch|p2a: Thorns|Ferrothorn, M|78\/100\n|move|p1a: Tapu Koko|U-turn|p2a: Thorns\n|-damage|p2a: Thorns|65\/100\n|-damage|p1a: Tapu Koko|88\/100|[from] ability: Iron Barbs|[of] p2a: Thorns\n|\n|t:|1651608471\n|switch|p1a: Landorus|Landorus-Therian, M|24\/100|[from]move: U-turn\n|-damage|p1a: Landorus|12\/100|[from] Stealth Rock\n|-ability|p1a: Landorus|Intimidate|boost\n|-unboost|p2a: Thorns|atk|1\n|\n|-heal|p1a: Landorus|18\/100|[from] item: Leftovers\n|upkeep\n|turn|22\n|\n|t:|1651608479\n|move|p2a: Thorns|Gyro Ball|p1a: Landorus\n|-damage|p1a: Landorus|0 fnt\n|faint|p1a: Landorus\n|\n|upkeep\n|c|\u2606bizarman|gg\n|c|\u2606Infernoss|gg\n|c|\u2606bizarman|i really like your team\n|c|\u2606Infernoss|thanks\n|c|\u2606bizarman|changes from the standard TR that is everywhere\n|inactive|bizarman has 120 seconds left.\n|\n|t:|1651608512\n|switch|p1a: Urshifu|Urshifu-Rapid-Strike, M|55\/100\n|-damage|p1a: Urshifu|49\/100|[from] Stealth Rock\n|turn|23\n|\n|t:|1651608530\n|switch|p2a: Billy B.|Marowak-Alola, M|100\/100\n|move|p1a: Urshifu|Close Combat|p2a: Billy B.\n|-immune|p2a: Billy B.\n|\n|upkeep\n|turn|24\n|\n|t:|1651608539\n|switch|p1a: Tapu Koko|Tapu Koko|88\/100\n|-fieldstart|move: Electric Terrain|[from] ability: Electric Surge|[of] p1a: Tapu Koko\n|move|p2a: Billy B.|Flare Blitz|p1a: Tapu Koko\n|-damage|p1a: Tapu Koko|0 fnt\n|faint|p1a: Tapu Koko\n|\n|-fieldend|move: Trick Room\n|upkeep\n|\n|t:|1651608546\n|switch|p1a: Urshifu|Urshifu-Rapid-Strike, M|49\/100\n|-damage|p1a: Urshifu|42\/100|[from] Stealth Rock\n|turn|25\n|j| MattSmith1\n|inactive|Infernoss has 120 seconds left.\n|l| SnoKnees\n|c|\u2606Infernoss|a friend who is an expert in TE told me that you always have to have a very fast pokemon in case you can't set\n|\n|t:|1651608583\n|move|p1a: Urshifu|Close Combat|p2a: Billy B.\n|-immune|p2a: Billy B.\n|move|p2a: Billy B.|Flare Blitz|p1a: Urshifu\n|-resisted|p1a: Urshifu\n|-damage|p1a: Urshifu|0 fnt\n|faint|p1a: Urshifu\n|\n|win|Infernoss\n|raw|bizarman's rating: 1877 &rarr; <strong>1852<\/strong><br \/>(-25 for losing)\n|raw|Infernoss's rating: 1788 &rarr; <strong>1813<\/strong><br \/>(+25 for winning)\n|c|\u2606bizarman|yh it helps\n|c|\u2606Infernoss|hence Garchomp, in this case. It's not that fast\n|l| Congwuyu\n|c|\u2606Infernoss|But it works fine in this meta\n|c|\u2606bizarman|yeah its always a good mon anyway\n||Ladder isn't responding, score probably updated but might not have (Request timeout).\n|c|\u2606bizarman|and with slowbro + thorn, you check shifu which is a pain usually for TR\n|c|\u2606Infernoss|Drampa entered when Spectrier was abusing, but it turned out very good\n|c|\u2606bizarman|i guess SD kart gives you trouble if it sets up when TR ends\n|l| MattSmith1\n|c|\u2606Infernoss|Yes, it is the biggest weak point. It is almost impossible to turn that mach up.\n|c|\u2606bizarman|i tried drampa on TR once, didnt work though\n|c|\u2606Infernoss|It's just that it only works with this meta that proliferates Dragapult specs or DD along with Blacephalon.\n|c|\u2606Infernoss|Many weak to electricity and ice\n|c|\u2606bizarman|and its unexpected\n|c|\u2606Infernoss|Resist Rillaboom\n|c|\u2606bizarman|i was sure G molt would live even at +1,i was wrong XD\n|c|\u2606Infernoss|Yes, no one expects it. I had thought Drampa chople berry to lure Kartana but it didn't work out, most are scarf and I lose power\n|c|\u2606bizarman|just calced, without the belt ice beam had 6% to OHKO, and draco 50%\n|c|\u2606bizarman|with belt its obv guaranteed\n|c|\u2606Infernoss|Hyper voice is OHKO Koko, but Landorus and Toxapex are more annoying\n|l| Misaka Aisaka\n|c|\u2606bizarman|no t bolt?\n|c|\u2606bizarman|have a good day anyway ^^ cya\n|c|\u2606Infernoss|The advantage of having a belt is that they doubt if it is specs. And they don't change that much. Before with the Life Orb it relied more on Hyper Voice spam, and often lost vital turns due to opposing switches.\n|c|\u2606Infernoss|you too\n|c|\u2606Infernoss|yea, it got bolt\n|l|\u2606bizarman\n|j| Corsola based\n","uploadtime":1651610488,"views":78,"p1id":"bizarman","p2id":"infernoss","formatid":"gen8ou","rating":1813,"private":0,"password":null}