{"id":"gen8ou-1665410789","p1":"Sww-Suwa","p2":"kaijujuice","format":"gen8ou","log":"|j|\u2606Sww-Suwa\n|j|\u2606kaijujuice\n|inactive|Battle timer is ON: inactive players will automatically lose when time's up.\n|t:|1663293272\n|gametype|singles\n|player|p1|Sww-Suwa|mina-lgpe|\n|player|p2|kaijujuice|workerice|\n|teamsize|p1|6\n|teamsize|p2|6\n|gen|8\n|tier|[Gen 8] OU\n|rated|Tournament battle\n|rule|Sleep Clause Mod: Limit one foe put to sleep\n|rule|Species Clause: Limit one of each Pok\u00e9mon\n|rule|OHKO Clause: OHKO moves are banned\n|rule|Evasion Items Clause: Evasion items are banned\n|rule|Evasion Moves Clause: Evasion moves are banned\n|rule|Endless Battle Clause: Forcing endless battles is banned\n|rule|HP Percentage Mod: HP is shown in percentages\n|clearpoke\n|poke|p1|Melmetal|\n|poke|p1|Cloyster, M|\n|poke|p1|Tapu Lele|\n|poke|p1|Omastar, F|\n|poke|p1|Espeon, F|\n|poke|p1|Polteageist|\n|poke|p2|Glastrier|\n|poke|p2|Cresselia, F|\n|poke|p2|Regidrago|\n|poke|p2|Hatterene, F|\n|poke|p2|Melmetal|\n|poke|p2|Magnezone|\n|teampreview\n|j| blooclipse\n|j|%htcl (>\u25e1<)\n|j| Grewt\n|c|%htcl (>\u25e1<)|wtf\n|c|%htcl (>\u25e1<)|the entire\n|c| blooclipse|wtf setsu\n|c|%htcl (>\u25e1<)|psyspam team\n|c|%htcl (>\u25e1<)|is legal\n|c|%htcl (>\u25e1<)|LOOOOOL\n|c|\u2606kaijujuice|damn\n|c| Grewt|not a single ground type in sight\n|c| Grewt|wild\n|inactive|Sww-Suwa has 120 seconds left.\n|inactive|kaijujuice has 120 seconds left.\n|c| blooclipse|setsu wilding\n|c|\u2606Sww-Suwa|oh right\n|c|\u2606Sww-Suwa|hf\n|c|\u2606Sww-Suwa|also i get 6-0 by melmetal but it's alr\n|\n|t:|1663293320\n|start\n|switch|p1a: Tapu Lele|Tapu Lele|100\/100\n|switch|p2a: Hatterene|Hatterene, F|100\/100\n|-fieldstart|move: Psychic Terrain|[from] ability: Psychic Surge|[of] p1a: Tapu Lele\n|turn|1\n|\n|t:|1663293326\n|move|p1a: Tapu Lele|Moonblast|p2a: Hatterene\n|-damage|p2a: Hatterene|40\/100\n|move|p2a: Hatterene|Trick Room|p2a: Hatterene\n|-fieldstart|move: Trick Room|[of] p2a: Hatterene\n|\n|upkeep\n|turn|2\n|c|\u2606kaijujuice|hf\n|\n|t:|1663293334\n|move|p2a: Hatterene|Healing Wish|p2a: Hatterene\n|faint|p2a: Hatterene\n|move|p1a: Tapu Lele|Focus Blast|p2: Hatterene|[notarget]\n|-fail|p1a: Tapu Lele\n|\n|upkeep\n|l| blooclipse\n|c|%htcl (>\u25e1<)|-3\n|c|%htcl (>\u25e1<)|mons\n|\n|t:|1663293341\n|switch|p2a: Melmetal|Melmetal|100\/100\n|turn|3\n|c|%htcl (>\u25e1<)|to melmetal\n|c|\u2606Sww-Suwa|which one will it be\n|c|\u2606Sww-Suwa|mmmm\n|c|\u2606Sww-Suwa|gn\n|\n|t:|1663293358\n|switch|p1a: Espeon|Espeon, F|100\/100\n|move|p2a: Melmetal|Double Iron Bash|p1a: Espeon\n|-damage|p1a: Espeon|1\/100\n|-crit|p1a: Espeon\n|-damage|p1a: Espeon|0 fnt\n|faint|p1a: Espeon\n|-hitcount|p1: Espeon|2\n|\n|upkeep\n|c|\u2606Sww-Suwa|yo\n|c|\u2606Sww-Suwa|it lived 1\n|c|%htcl (>\u25e1<)|pog\n|c|\u2606Sww-Suwa|dope\n|\n|t:|1663293370\n|switch|p1a: Melmetal|Melmetal|100\/100\n|turn|4\n|\n|t:|1663293376\n|switch|p2a: Magnezone|Magnezone|100\/100\n|-item|p2a: Magnezone|Air Balloon\n|move|p1a: Melmetal|Substitute|p1a: Melmetal\n|-start|p1a: Melmetal|Substitute\n|-damage|p1a: Melmetal|76\/100\n|\n|-heal|p1a: Melmetal|82\/100|[from] item: Leftovers\n|upkeep\n|turn|5\n|j| Pikablu007\n|\n|t:|1663293380\n|move|p1a: Melmetal|Acid Armor|p1a: Melmetal\n|-boost|p1a: Melmetal|def|2\n|move|p2a: Magnezone|Iron Defense|p2a: Magnezone\n|-boost|p2a: Magnezone|def|2\n|\n|-heal|p1a: Melmetal|88\/100|[from] item: Leftovers\n|-fieldend|move: Trick Room\n|upkeep\n|turn|6\n|\n|t:|1663293383\n|move|p2a: Magnezone|Iron Defense|p2a: Magnezone\n|-boost|p2a: Magnezone|def|2\n|move|p1a: Melmetal|Acid Armor|p1a: Melmetal\n|-boost|p1a: Melmetal|def|2\n|\n|-heal|p1a: Melmetal|94\/100|[from] item: Leftovers\n|upkeep\n|turn|7\n|\n|t:|1663293387\n|move|p2a: Magnezone|Iron Defense|p2a: Magnezone\n|-boost|p2a: Magnezone|def|2\n|move|p1a: Melmetal|Acid Armor|p1a: Melmetal\n|-boost|p1a: Melmetal|def|2\n|\n|-heal|p1a: Melmetal|99\/100|[from] item: Leftovers\n|upkeep\n|turn|8\n|\n|t:|1663293390\n|move|p2a: Magnezone|Body Press|p1a: Melmetal\n|-supereffective|p1a: Melmetal\n|-end|p1a: Melmetal|Substitute\n|move|p1a: Melmetal|Body Press|p2a: Magnezone\n|-supereffective|p2a: Magnezone\n|-damage|p2a: Magnezone|58\/100\n|-enditem|p2a: Magnezone|Air Balloon\n|\n|-heal|p1a: Melmetal|100\/100|[from] item: Leftovers\n|-fieldend|move: Psychic Terrain\n|upkeep\n|turn|9\n|\n|t:|1663293393\n|move|p2a: Magnezone|Body Press|p1a: Melmetal\n|-supereffective|p1a: Melmetal\n|-damage|p1a: Melmetal|74\/100\n|move|p1a: Melmetal|Body Press|p2a: Magnezone\n|-supereffective|p2a: Magnezone\n|-crit|p2a: Magnezone\n|-damage|p2a: Magnezone|0 fnt\n|faint|p2a: Magnezone\n|\n|-heal|p1a: Melmetal|80\/100|[from] item: Leftovers\n|upkeep\n|c|%htcl (>\u25e1<)|gone...\n|c|%htcl (>\u25e1<)|wait\n|c|%htcl (>\u25e1<)|this wins\n|\n|t:|1663293413\n|switch|p2a: Regidrago|Regidrago|100\/100\n|turn|10\n|c|%htcl (>\u25e1<)|unless drago does enough\n|c|%htcl (>\u25e1<)|no way right\n|c|%htcl (>\u25e1<)|80%\n|c|%htcl (>\u25e1<)|resists dragon\n|\n|t:|1663293423\n|switch|p1a: Tapu Lele|Tapu Lele|100\/100\n|-fieldstart|move: Psychic Terrain|[from] ability: Psychic Surge|[of] p1a: Tapu Lele\n|-start|p2a: Regidrago|Dynamax|\n|-heal|p2a: Regidrago|100\/100|[silent]\n|move|p2a: Regidrago|Max Wyrmwind|p1a: Tapu Lele\n|-immune|p1a: Tapu Lele\n|\n|upkeep\n|turn|11\n|\n|t:|1663293427\n|move|p1a: Tapu Lele|Moonblast|p2a: Regidrago\n|-supereffective|p2a: Regidrago\n|-damage|p2a: Regidrago|57\/100\n|-unboost|p2a: Regidrago|spa|1\n|move|p2a: Regidrago|Max Strike|p1a: Tapu Lele\n|-damage|p1a: Tapu Lele|66\/100\n|-unboost|p1a: Tapu Lele|spe|1\n|\n|upkeep\n|turn|12\n|j| pickin up pieces\n|\n|t:|1663293433\n|move|p1a: Tapu Lele|Moonblast|p2a: Regidrago\n|-supereffective|p2a: Regidrago\n|-damage|p2a: Regidrago|16\/100\n|move|p2a: Regidrago|Max Strike|p1a: Tapu Lele\n|-damage|p1a: Tapu Lele|30\/100\n|-unboost|p1a: Tapu Lele|spe|1\n|\n|upkeep\n|-end|p2a: Regidrago|Dynamax\n|-heal|p2a: Regidrago|16\/100|[silent]\n|turn|13\n|\n|t:|1663293437\n|move|p2a: Regidrago|Hyper Beam|p1a: Tapu Lele\n|-damage|p1a: Tapu Lele|0 fnt\n|-mustrecharge|p2a: Regidrago\n|faint|p1a: Tapu Lele\n|\n|upkeep\n|\n|t:|1663293452\n|switch|p1a: Polteageist|Polteageist|100\/100\n|turn|14\n|\n|t:|1663293455\n|move|p1a: Polteageist|Shell Smash|p1a: Polteageist\n|-unboost|p1a: Polteageist|def|1\n|-unboost|p1a: Polteageist|spd|1\n|-boost|p1a: Polteageist|atk|2\n|-boost|p1a: Polteageist|spa|2\n|-boost|p1a: Polteageist|spe|2\n|cant|p2a: Regidrago|recharge\n|\n|upkeep\n|turn|15\n|\n|t:|1663293463\n|switch|p2a: Glastrier|Glastrier|100\/100\n|move|p1a: Polteageist|Shadow Ball|p2a: Glastrier\n|-damage|p2a: Glastrier|28\/100\n|-unboost|p2a: Glastrier|spd|1\n|\n|upkeep\n|turn|16\n|\n|t:|1663293471\n|move|p1a: Polteageist|Shadow Ball|p2a: Glastrier\n|-damage|p2a: Glastrier|0 fnt\n|faint|p2a: Glastrier\n|\n|upkeep\n|l| Pikablu007\n|\n|t:|1663293478\n|switch|p2a: Cresselia|Cresselia, F|100\/100\n|turn|17\n|\n|t:|1663293483\n|move|p1a: Polteageist|Shadow Ball|p2a: Cresselia\n|-supereffective|p2a: Cresselia\n|-damage|p2a: Cresselia|0 fnt\n|faint|p2a: Cresselia\n|\n|-fieldend|move: Psychic Terrain\n|upkeep\n|\n|t:|1663293487\n|switch|p2a: Melmetal|Melmetal|100\/100\n|turn|18\n|\n|t:|1663293492\n|move|p1a: Polteageist|Shadow Ball|p2a: Melmetal\n|-damage|p2a: Melmetal|8\/100\n|move|p2a: Melmetal|Double Iron Bash|p1a: Polteageist\n|-enditem|p1a: Polteageist|Focus Sash\n|-damage|p1a: Polteageist|1\/100\n|-ability|p1a: Polteageist|Weak Armor|boost\n|-unboost|p1a: Polteageist|def|1\n|-boost|p1a: Polteageist|spe|2\n|-damage|p1a: Polteageist|0 fnt\n|faint|p1a: Polteageist\n|-hitcount|p1: Polteageist|2\n|\n|upkeep\n|c|\u2606Sww-Suwa|why did it live wtf\n|\n|t:|1663293502\n|switch|p1a: Omastar|Omastar, F, shiny|100\/100\n|turn|19\n|c|%htcl (>\u25e1<)|melmetal the king\n|\n|t:|1663293507\n|move|p1a: Omastar|Surf|p2a: Melmetal\n|-damage|p2a: Melmetal|0 fnt\n|faint|p2a: Melmetal\n|\n|upkeep\n|\n|t:|1663293510\n|switch|p2a: Regidrago|Regidrago|16\/100\n|-heal|p2a: Regidrago|100\/100|[from] move: Healing Wish\n|turn|20\n|c|%htcl (>\u25e1<)|scarf drago\n|c|%htcl (>\u25e1<)|do it\n|\n|t:|1663293524\n|move|p1a: Omastar|Ice Beam|p2a: Regidrago\n|-supereffective|p2a: Regidrago\n|-damage|p2a: Regidrago|53\/100\n|move|p2a: Regidrago|Dragon Pulse|p1a: Omastar\n|-enditem|p1a: Omastar|Focus Sash\n|-damage|p1a: Omastar|1\/100\n|\n|upkeep\n|turn|21\n|c|\u2606kaijujuice|unfortunately\n|c|\u2606kaijujuice|I am tr drago\n|\n|t:|1663293535\n|move|p1a: Omastar|Ice Beam|p2a: Regidrago\n|-supereffective|p2a: Regidrago\n|-damage|p2a: Regidrago|9\/100\n|move|p2a: Regidrago|Dragon Pulse|p1a: Omastar\n|-damage|p1a: Omastar|0 fnt\n|faint|p1a: Omastar\n|\n|upkeep\n|c|%htcl (>\u25e1<)|o right\n|c|%htcl (>\u25e1<)|i forgot\n|\n|t:|1663293538\n|switch|p1a: Cloyster|Cloyster, M, shiny|100\/100\n|turn|22\n|\n|t:|1663293541\n|move|p1a: Cloyster|Icicle Spear|p2a: Regidrago\n|-supereffective|p2a: Regidrago\n|-damage|p2a: Regidrago|0 fnt\n|faint|p2a: Regidrago\n|-hitcount|p2: Regidrago|1\n|\n|win|Sww-Suwa\n|n|\u2606Sww-Suwa|swwsuwa\n|n|\u2606kaijujuice|kaijujuice\n|n| htcl (>\u25e1<)|htcl\n|n| Grewt|grewt\n|n| pickin up pieces|pickinuppieces\n|c|\u2606Sww-Suwa|gg\n|c|\u2606kaijujuice|gg\n","uploadtime":1663293547,"views":77,"p1id":"swwsuwa","p2id":"kaijujuice","formatid":"gen8ou","rating":0,"private":0,"password":null}