{"id":"gen8randombattle-1706961952","p1":"user2884435","p2":"5GuysNoFries","format":"gen8randombattle","log":"|j|\u2606user2884435\n|j|\u26065GuysNoFries\n|t:|1668036692\n|gametype|singles\n|player|p1|user2884435|170|1000\n|player|p2|5GuysNoFries|shadowtriad|1016\n|teamsize|p1|6\n|teamsize|p2|6\n|gen|8\n|tier|[Gen 8] Random Battle\n|rated|\n|rule|Species Clause: Limit one of each Pok\u00e9mon\n|rule|HP Percentage Mod: HP is shown in percentages\n|rule|Sleep Clause Mod: Limit one foe put to sleep\n|\n|t:|1668036692\n|start\n|switch|p1a: Heatmor|Heatmor, L90, F|299\/299\n|switch|p2a: Marowak|Marowak, L86, M|243\/243\n|turn|1\n|\n|t:|1668036708\n|move|p1a: Heatmor|Fire Lash|p2a: Marowak\n|-damage|p2a: Marowak|167\/243\n|-unboost|p2a: Marowak|def|1\n|move|p2a: Marowak|Stone Edge|p1a: Heatmor\n|-supereffective|p1a: Heatmor\n|-damage|p1a: Heatmor|0 fnt\n|faint|p1a: Heatmor\n|\n|upkeep\n|\n|t:|1668036725\n|switch|p1a: Vaporeon|Vaporeon, L84, F|356\/356\n|turn|2\n|\n|t:|1668036743\n|switch|p2a: Tentacruel|Tentacruel, L84, M|272\/272\n|move|p1a: Vaporeon|Scald|p2a: Tentacruel\n|-resisted|p2a: Tentacruel\n|-damage|p2a: Tentacruel|232\/272\n|\n|-heal|p2a: Tentacruel|249\/272|[from] item: Black Sludge\n|upkeep\n|turn|3\n|\n|t:|1668036770\n|switch|p1a: Corsola|Corsola-Galar, L84, M|238\/238\n|move|p2a: Tentacruel|Sludge Bomb|p1a: Corsola\n|-resisted|p1a: Corsola\n|-damage|p1a: Corsola|214\/238\n|-status|p1a: Corsola|psn\n|\n|-heal|p2a: Tentacruel|266\/272|[from] item: Black Sludge\n|-damage|p1a: Corsola|185\/238 psn|[from] psn\n|upkeep\n|turn|4\n|\n|t:|1668036788\n|move|p2a: Tentacruel|Sludge Bomb|p1a: Corsola\n|-resisted|p1a: Corsola\n|-damage|p1a: Corsola|160\/238 psn\n|move|p1a: Corsola|Night Shade|p2a: Tentacruel\n|-damage|p2a: Tentacruel|182\/272\n|\n|-heal|p2a: Tentacruel|199\/272|[from] item: Black Sludge\n|-damage|p1a: Corsola|131\/238 psn|[from] psn\n|upkeep\n|turn|5\n|\n|t:|1668036808\n|move|p2a: Tentacruel|Scald|p1a: Corsola\n|-damage|p1a: Corsola|89\/238 psn\n|-start|p2a: Tentacruel|Disable|Scald|[from] ability: Cursed Body|[of] p1a: Corsola\n|move|p1a: Corsola|Strength Sap|p2a: Tentacruel\n|-fail|p2a: Tentacruel|unboost|[from] ability: Clear Body|[of] p2a: Tentacruel\n|-heal|p1a: Corsola|238\/238 psn\n|\n|-heal|p2a: Tentacruel|216\/272|[from] item: Black Sludge\n|-damage|p1a: Corsola|209\/238 psn|[from] psn\n|upkeep\n|turn|6\n|\n|t:|1668036842\n|switch|p2a: Salamence|Salamence, L76, M|269\/269\n|move|p1a: Corsola|Stealth Rock|p2a: Salamence\n|-sidestart|p2: 5GuysNoFries|move: Stealth Rock\n|\n|-damage|p1a: Corsola|180\/238 psn|[from] psn\n|upkeep\n|turn|7\n|\n|t:|1668036859\n|switch|p1a: Tapu Fini|Tapu Fini, L78|237\/237\n|-fieldstart|move: Misty Terrain|[from] ability: Misty Surge|[of] p1a: Tapu Fini\n|move|p2a: Salamence|Dragon Dance|p2a: Salamence\n|-boost|p2a: Salamence|atk|1\n|-boost|p2a: Salamence|spe|1\n|\n|upkeep\n|turn|8\n|\n|t:|1668036872\n|switch|p2a: Tentacruel|Tentacruel, L84, M|216\/272\n|-damage|p2a: Tentacruel|182\/272|[from] Stealth Rock\n|move|p1a: Tapu Fini|Moonblast|p2a: Tentacruel\n|-resisted|p2a: Tentacruel\n|-damage|p2a: Tentacruel|149\/272\n|\n|-heal|p2a: Tentacruel|166\/272|[from] item: Black Sludge\n|upkeep\n|turn|9\n|\n|t:|1668036928\n|move|p2a: Tentacruel|Sludge Bomb|p1a: Tapu Fini\n|-supereffective|p1a: Tapu Fini\n|-damage|p1a: Tapu Fini|111\/237\n|move|p1a: Tapu Fini|Surf|p2a: Tentacruel\n|-resisted|p2a: Tentacruel\n|-damage|p2a: Tentacruel|131\/272\n|\n|-heal|p2a: Tentacruel|148\/272|[from] item: Black Sludge\n|-heal|p1a: Tapu Fini|125\/237|[from] item: Leftovers\n|upkeep\n|turn|10\n|\n|t:|1668036958\n|switch|p1a: Vanilluxe|Vanilluxe, L82, M|251\/251\n|-weather|Hail|[from] ability: Snow Warning|[of] p1a: Vanilluxe\n|move|p2a: Tentacruel|Sludge Bomb|p1a: Vanilluxe\n|-damage|p1a: Vanilluxe|164\/251\n|\n|-weather|Hail|[upkeep]\n|-damage|p2a: Tentacruel|131\/272|[from] Hail\n|-heal|p2a: Tentacruel|148\/272|[from] item: Black Sludge\n|upkeep\n|turn|11\n|\n|t:|1668036979\n|switch|p2a: Coalossal|Coalossal, L87, M|333\/333\n|move|p1a: Vanilluxe|Explosion|p2a: Coalossal\n|-resisted|p2a: Coalossal\n|-damage|p2a: Coalossal|267\/333\n|faint|p1a: Vanilluxe\n|\n|-weather|Hail|[upkeep]\n|-damage|p2a: Coalossal|247\/333|[from] Hail\n|-fieldend|Misty Terrain\n|upkeep\n|\n|t:|1668036990\n|switch|p1a: Tapu Fini|Tapu Fini, L78|125\/237\n|-fieldstart|move: Misty Terrain|[from] ability: Misty Surge|[of] p1a: Tapu Fini\n|turn|12\n|\n|t:|1668036997\n|switch|p2a: Tentacruel|Tentacruel, L84, M|148\/272\n|-damage|p2a: Tentacruel|114\/272|[from] Stealth Rock\n|move|p1a: Tapu Fini|Surf|p2a: Tentacruel\n|-resisted|p2a: Tentacruel\n|-damage|p2a: Tentacruel|83\/272\n|\n|-weather|Hail|[upkeep]\n|-damage|p2a: Tentacruel|66\/272|[from] Hail\n|-damage|p1a: Tapu Fini|111\/237|[from] Hail\n|-heal|p2a: Tentacruel|83\/272|[from] item: Black Sludge\n|-heal|p1a: Tapu Fini|125\/237|[from] item: Leftovers\n|upkeep\n|turn|13\n|\n|t:|1668037009\n|switch|p1a: Froslass|Froslass, L84, F|255\/255\n|move|p2a: Tentacruel|Sludge Bomb|p1a: Froslass\n|-resisted|p1a: Froslass\n|-damage|p1a: Froslass|208\/255\n|\n|-weather|Hail|[upkeep]\n|-damage|p2a: Tentacruel|66\/272|[from] Hail\n|-heal|p2a: Tentacruel|83\/272|[from] item: Black Sludge\n|upkeep\n|turn|14\n|\n|t:|1668037024\n|switch|p2a: Coalossal|Coalossal, L87, M|247\/333\n|move|p1a: Froslass|Poltergeist|p2a: Coalossal\n|-activate|p2a: Coalossal|move: Poltergeist|Heavy-Duty Boots\n|-damage|p2a: Coalossal|171\/333\n|\n|-weather|none\n|upkeep\n|turn|15\n|\n|t:|1668037044\n|switch|p1a: Tapu Fini|Tapu Fini, L78|125\/237\n|move|p2a: Coalossal|Stone Edge|p1a: Tapu Fini\n|-crit|p1a: Tapu Fini\n|-damage|p1a: Tapu Fini|2\/237\n|\n|-heal|p1a: Tapu Fini|16\/237|[from] item: Leftovers\n|upkeep\n|turn|16\n|\n|t:|1668037068\n|switch|p2a: Mr. Mime|Mr. Mime-Galar, L86, F|226\/226\n|-damage|p2a: Mr. Mime|170\/226|[from] Stealth Rock\n|move|p1a: Tapu Fini|Moonblast|p2a: Mr. Mime\n|-damage|p2a: Mr. Mime|113\/226\n|\n|-heal|p1a: Tapu Fini|30\/237|[from] item: Leftovers\n|-fieldend|Misty Terrain\n|upkeep\n|turn|17\n|\n|t:|1668037112\n|move|p2a: Mr. Mime|Freeze-Dry|p1a: Tapu Fini\n|-supereffective|p1a: Tapu Fini\n|-damage|p1a: Tapu Fini|0 fnt\n|faint|p1a: Tapu Fini\n|\n|upkeep\n|\n|t:|1668037129\n|switch|p1a: Froslass|Froslass, L84, F|208\/255\n|turn|18\n|\n|t:|1668037163\n|switch|p2a: Marowak|Marowak, L86, M|167\/243\n|-damage|p2a: Marowak|152\/243|[from] Stealth Rock\n|move|p1a: Froslass|Poltergeist|p2a: Marowak\n|-activate|p2a: Marowak|move: Poltergeist|Thick Club\n|-damage|p2a: Marowak|65\/243\n|\n|upkeep\n|turn|19\n|\n|t:|1668037212\n|move|p1a: Froslass|Triple Axel|p2a: Marowak\n|-supereffective|p2a: Marowak\n|-damage|p2a: Marowak|33\/243\n|-supereffective|p2a: Marowak\n|-damage|p2a: Marowak|0 fnt\n|faint|p2a: Marowak\n|-hitcount|p2: Marowak|2\n|\n|upkeep\n|\n|t:|1668037222\n|switch|p2a: Coalossal|Coalossal, L87, M|171\/333\n|turn|20\n|\n|t:|1668037250\n|switch|p1a: Vaporeon|Vaporeon, L84, F|356\/356\n|switch|p2a: Mr. Mime|Mr. Mime-Galar, L86, F|113\/226\n|-damage|p2a: Mr. Mime|57\/226|[from] Stealth Rock\n|\n|upkeep\n|turn|21\n|\n|t:|1668037261\n|move|p2a: Mr. Mime|Freeze-Dry|p1a: Vaporeon\n|-supereffective|p1a: Vaporeon\n|-damage|p1a: Vaporeon|204\/356\n|move|p1a: Vaporeon|Scald|p2a: Mr. Mime\n|-damage|p2a: Mr. Mime|2\/226\n|\n|-heal|p1a: Vaporeon|226\/356|[from] item: Leftovers\n|upkeep\n|turn|22\n|\n|t:|1668037285\n|move|p1a: Vaporeon|Protect|p1a: Vaporeon\n|-singleturn|p1a: Vaporeon|Protect\n|move|p2a: Mr. Mime|Freeze-Dry|p1a: Vaporeon\n|-activate|p1a: Vaporeon|move: Protect\n|\n|-heal|p1a: Vaporeon|248\/356|[from] item: Leftovers\n|upkeep\n|turn|23\n|\n|t:|1668037295\n|move|p2a: Mr. Mime|Freeze-Dry|p1a: Vaporeon\n|-supereffective|p1a: Vaporeon\n|-damage|p1a: Vaporeon|102\/356\n|move|p1a: Vaporeon|Scald|p2a: Mr. Mime\n|-damage|p2a: Mr. Mime|0 fnt\n|faint|p2a: Mr. Mime\n|\n|-heal|p1a: Vaporeon|124\/356|[from] item: Leftovers\n|upkeep\n|\n|t:|1668037309\n|switch|p2a: Tentacruel|Tentacruel, L84, M|83\/272\n|-damage|p2a: Tentacruel|49\/272|[from] Stealth Rock\n|turn|24\n|\n|t:|1668037337\n|move|p2a: Tentacruel|Sludge Bomb|p1a: Vaporeon\n|-damage|p1a: Vaporeon|43\/356\n|move|p1a: Vaporeon|Scald|p2a: Tentacruel\n|-resisted|p2a: Tentacruel\n|-damage|p2a: Tentacruel|10\/272\n|\n|-heal|p2a: Tentacruel|27\/272|[from] item: Black Sludge\n|-heal|p1a: Vaporeon|65\/356|[from] item: Leftovers\n|upkeep\n|turn|25\n|\n|t:|1668037348\n|move|p2a: Tentacruel|Sludge Bomb|p1a: Vaporeon\n|-damage|p1a: Vaporeon|0 fnt\n|faint|p1a: Vaporeon\n|\n|-heal|p2a: Tentacruel|44\/272|[from] item: Black Sludge\n|upkeep\n|\n|t:|1668037354\n|switch|p1a: Froslass|Froslass, L84, F|208\/255\n|turn|26\n|\n|t:|1668037362\n|move|p1a: Froslass|Triple Axel|p2a: Tentacruel\n|-resisted|p2a: Tentacruel\n|-damage|p2a: Tentacruel|32\/272\n|-resisted|p2a: Tentacruel\n|-damage|p2a: Tentacruel|10\/272\n|-resisted|p2a: Tentacruel\n|-damage|p2a: Tentacruel|0 fnt\n|faint|p2a: Tentacruel\n|-hitcount|p2: Tentacruel|3\n|\n|upkeep\n|\n|t:|1668037366\n|switch|p2a: Coalossal|Coalossal, L87, M|171\/333\n|turn|27\n|\n|t:|1668037387\n|-start|p2a: Coalossal|Dynamax|Gmax\n|-heal|p2a: Coalossal|342\/666|[silent]\n|move|p1a: Froslass|Triple Axel|p2a: Coalossal\n|-resisted|p2a: Coalossal\n|-damage|p2a: Coalossal|336\/666\n|-resisted|p2a: Coalossal\n|-damage|p2a: Coalossal|322\/666\n|-resisted|p2a: Coalossal\n|-crit|p2a: Coalossal\n|-damage|p2a: Coalossal|288\/666\n|-hitcount|p2a: Coalossal|3\n|move|p2a: Coalossal|Max Flare|p1a: Froslass\n|-supereffective|p1a: Froslass\n|-crit|p1a: Froslass\n|-damage|p1a: Froslass|0 fnt\n|-weather|SunnyDay\n|faint|p1a: Froslass\n|\n|-weather|SunnyDay|[upkeep]\n|upkeep\n|\n|t:|1668037404\n|switch|p1a: Corsola|Corsola-Galar, L84, M|180\/238 psn\n|turn|28\n|\n|t:|1668037419\n|-start|p1a: Corsola|Dynamax|\n|-heal|p1a: Corsola|360\/476 psn|[silent]\n|move|p2a: Coalossal|Max Flare|p1a: Corsola\n|-damage|p1a: Corsola|246\/476 psn\n|move|p1a: Corsola|Max Phantasm|p2a: Coalossal\n|-damage|p2a: Coalossal|216\/666\n|-unboost|p2a: Coalossal|def|1\n|\n|-weather|SunnyDay|[upkeep]\n|-damage|p1a: Corsola|217\/476 psn|[from] psn\n|upkeep\n|turn|29\n|\n|t:|1668037436\n|move|p1a: Corsola|Max Guard|p1a: Corsola\n|-singleturn|p1a: Corsola|Max Guard\n|move|p2a: Coalossal|Max Flare|p1a: Corsola\n|-activate|p1a: Corsola|move: Max Guard\n|\n|-weather|SunnyDay|[upkeep]\n|-damage|p1a: Corsola|188\/476 psn|[from] psn\n|upkeep\n|-end|p2a: Coalossal|Dynamax\n|-heal|p2a: Coalossal|108\/333|[silent]\n|turn|30\n|\n|t:|1668037453\n|move|p2a: Coalossal|Overheat|p1a: Corsola\n|-damage|p1a: Corsola|80\/476 psn\n|-unboost|p2a: Coalossal|spa|2\n|move|p1a: Corsola|Max Phantasm|p2a: Coalossal\n|-damage|p2a: Coalossal|38\/333\n|-unboost|p2a: Coalossal|def|1\n|\n|-weather|SunnyDay|[upkeep]\n|-damage|p1a: Corsola|51\/476 psn|[from] psn\n|upkeep\n|-end|p1a: Corsola|Dynamax\n|-heal|p1a: Corsola|26\/238 psn|[silent]\n|turn|31\n|\n|t:|1668037475\n|move|p2a: Coalossal|Stone Edge|p1a: Corsola\n|-damage|p1a: Corsola|0 fnt\n|faint|p1a: Corsola\n|\n|win|5GuysNoFries\n|raw|user2884435's rating: 1000 &rarr; <strong>1000<\/strong><br \/>(+0 for losing)\n|raw|5GuysNoFries's rating: 1016 &rarr; <strong>1052<\/strong><br \/>(+36 for winning)\n","inputlog":">version 453a3ad56483cc6a5c08448f6577d394b68621b7\n>start {\"formatid\":\"gen8randombattle\",\"seed\":[53769,13036,12053,44192],\"rated\":\"Rated battle\"}\n>player p1 {\"name\":\"user2884435\",\"avatar\":\"170\",\"rating\":1000,\"seed\":[29058,59213,11263,5492]}\n>player p2 {\"name\":\"5GuysNoFries\",\"avatar\":\"shadowtriad\",\"rating\":1016,\"seed\":[19415,39994,59746,1228]}\n>p1 move firelash\n>p2 move stoneedge\n>p1 switch 5\n>p1 move scald\n>p2 switch 3\n>p1 switch 2\n>p2 move sludgebomb\n>p1 move nightshade\n>p2 move sludgebomb\n>p1 move strengthsap\n>p2 move scald\n>p1 move stealthrock\n>p2 switch 2\n>p1 switch 4\n>p2 move dragondance\n>p1 move moonblast\n>p2 switch 2\n>p1 move surf\n>p2 move sludgebomb\n>p1 switch 3\n>p2 move sludgebomb\n>p1 move explosion\n>p2 switch 5\n>p1 switch 3\n>p1 move surf\n>p2 switch 5\n>p1 switch 6\n>p2 move sludgebomb\n>p1 move poltergeist\n>p2 switch 5\n>p1 switch 6\n>p2 move stoneedge\n>p1 move moonblast\n>p2 switch 4\n>p1 move moonblast\n>p2 move freezedry\n>p1 switch 6\n>p1 move poltergeist\n>p2 switch 3\n>p1 move tripleaxel\n>p2 move stoneedge\n>p2 switch 4\n>p1 switch 2\n>p2 switch 3\n>p1 move scald\n>p2 move freezedry\n>p1 move protect\n>p2 move freezedry\n>p1 move scald\n>p2 move freezedry\n>p2 switch 5\n>p1 move scald\n>p2 move sludgebomb\n>p1 move wish\n>p2 move sludgebomb\n>p1 switch 2\n>p1 move tripleaxel\n>p2 move sludgebomb\n>p2 switch 3\n>p1 move tripleaxel\n>p2 move overheat dynamax\n>p1 switch 4\n>p1 move nightshade dynamax\n>p2 move overheat dynamax\n>p1 move stealthrock dynamax\n>p2 move overheat dynamax\n>p1 move nightshade dynamax\n>p2 move overheat\n>p1 move nightshade\n>p2 move stoneedge","uploadtime":1668037481,"views":4,"p1id":"user2884435","p2id":"5guysnofries","formatid":"gen8randombattle","rating":1000,"private":0,"password":null}