{"id":"gen8ou-1689962334","p1":"RggV_YT","p2":"Copland","format":"gen8ou","log":"|html|<div class=\"broadcast-blue\"><strong>[Gen 8] OU is currently suspecting Melmetal! For information on how to participate check out the <a href=\"https:\/\/www.smogon.com\/forums\/threads\/np-ss-ou-suspect-process-round-12-monster-mash.3709234\/\">suspect thread<\/a>.<\/strong><\/div>\n|j|\u2606RggV_YT\n|j|\u2606Copland\n|t:|1666219533\n|gametype|singles\n|player|p1|RggV_YT|scientist-gen4|1876\n|player|p2|Copland|guitarist|1817\n|teamsize|p1|6\n|teamsize|p2|6\n|gen|8\n|tier|[Gen 8] OU\n|rated|\n|rule|Sleep Clause Mod: Limit one foe put to sleep\n|rule|Species Clause: Limit one of each Pok\u00e9mon\n|rule|OHKO Clause: OHKO moves are banned\n|rule|Evasion Items Clause: Evasion items are banned\n|rule|Evasion Moves Clause: Evasion moves are banned\n|rule|Endless Battle Clause: Forcing endless battles is banned\n|rule|HP Percentage Mod: HP is shown in percentages\n|rule|Dynamax Clause: You cannot dynamax\n|clearpoke\n|poke|p1|Dragapult, M|\n|poke|p1|Rotom-Wash|\n|poke|p1|Landorus-Therian, M|\n|poke|p1|Melmetal|\n|poke|p1|Weavile, M|\n|poke|p1|Kartana|\n|poke|p2|Hatterene, F|\n|poke|p2|Melmetal|\n|poke|p2|Garchomp, M|\n|poke|p2|Mandibuzz, F|\n|poke|p2|Urshifu-*, M|\n|poke|p2|Rillaboom, F|\n|teampreview\n|inactive|Battle timer is ON: inactive players will automatically lose when time's up. (requested by RggV_YT)\n|j| Jongruenwald\n|\n|t:|1666219545\n|start\n|switch|p1a: Leviathan|Dragapult, M, shiny|100\/100\n|switch|p2a: Garchomp|Garchomp, M|100\/100\n|turn|1\n|\n|t:|1666219548\n|move|p2a: Garchomp|Protect|p2a: Garchomp\n|-singleturn|p2a: Garchomp|Protect\n|move|p1a: Leviathan|Draco Meteor|p2a: Garchomp\n|-activate|p2a: Garchomp|move: Protect\n|\n|upkeep\n|turn|2\n|\n|t:|1666219556\n|switch|p2a: Hatterene|Hatterene, F|100\/100\n|move|p1a: Leviathan|Draco Meteor|p2a: Hatterene\n|-immune|p2a: Hatterene\n|\n|upkeep\n|turn|3\n|\n|t:|1666219564\n|switch|p1a: Enten|Landorus-Therian, M, shiny|100\/100\n|-ability|p1a: Enten|Intimidate|boost\n|-unboost|p2a: Hatterene|atk|1\n|move|p2a: Hatterene|Mystical Fire|p1a: Enten\n|-crit|p1a: Enten\n|-damage|p1a: Enten|71\/100\n|-unboost|p1a: Enten|spa|1\n|\n|-heal|p1a: Enten|77\/100|[from] item: Leftovers\n|upkeep\n|turn|4\n|\n|t:|1666219570\n|switch|p2a: Mandibuzz|Mandibuzz, F|100\/100\n|move|p1a: Enten|U-turn|p2a: Mandibuzz\n|-damage|p2a: Mandibuzz|88\/100\n|\n|t:|1666219577\n|switch|p1a: Phantom|Rotom-Wash, shiny|100\/100|[from]move: U-turn\n|\n|upkeep\n|turn|5\n|\n|t:|1666219584\n|switch|p2a: Garchomp|Garchomp, M|100\/100\n|move|p1a: Phantom|Nasty Plot|p1a: Phantom\n|-boost|p1a: Phantom|spa|2\n|\n|upkeep\n|turn|6\n|\n|t:|1666219590\n|switch|p2a: Rillaboom|Rillaboom, F|100\/100\n|-fieldstart|move: Grassy Terrain|[from] ability: Grassy Surge|[of] p2a: Rillaboom\n|move|p1a: Phantom|Hydro Pump|p2a: Rillaboom\n|-resisted|p2a: Rillaboom\n|-damage|p2a: Rillaboom|40\/100\n|\n|-heal|p2a: Rillaboom|46\/100|[from] Grassy Terrain\n|-heal|p2a: Rillaboom|52\/100|[from] item: Leftovers\n|upkeep\n|turn|7\n|\n|t:|1666219598\n|switch|p1a: Enten|Landorus-Therian, M, shiny|77\/100\n|-ability|p1a: Enten|Intimidate|boost\n|-unboost|p2a: Rillaboom|atk|1\n|move|p2a: Rillaboom|Grassy Glide|p1a: Enten\n|-damage|p1a: Enten|47\/100\n|\n|-heal|p2a: Rillaboom|59\/100|[from] Grassy Terrain\n|-heal|p2a: Rillaboom|65\/100|[from] item: Leftovers\n|-heal|p1a: Enten|53\/100|[from] item: Leftovers\n|upkeep\n|turn|8\n|j| tapu moxo\n|\n|t:|1666219606\n|switch|p2a: Hatterene|Hatterene, F|100\/100\n|move|p1a: Enten|U-turn|p2a: Hatterene\n|-damage|p2a: Hatterene|82\/100\n|\n|t:|1666219612\n|switch|p1a: Fate|Melmetal, shiny|100\/100|[from]move: U-turn\n|\n|-heal|p2a: Hatterene|88\/100|[from] Grassy Terrain\n|-heal|p2a: Hatterene|94\/100|[from] item: Leftovers\n|upkeep\n|turn|9\n|\n|t:|1666219616\n|switch|p2a: Melmetal|Melmetal|100\/100\n|move|p1a: Fate|Double Iron Bash|p2a: Melmetal\n|-resisted|p2a: Melmetal\n|-damage|p2a: Melmetal|79\/100\n|-resisted|p2a: Melmetal\n|-damage|p2a: Melmetal|58\/100\n|-hitcount|p2a: Melmetal|2\n|\n|-heal|p2a: Melmetal|65\/100|[from] Grassy Terrain\n|upkeep\n|turn|10\n|\n|t:|1666219623\n|move|p2a: Melmetal|Thunder Wave|p1a: Fate\n|-status|p1a: Fate|par\n|cant|p1a: Fate|par\n|\n|-heal|p2a: Melmetal|71\/100|[from] Grassy Terrain\n|-fieldend|move: Grassy Terrain\n|upkeep\n|turn|11\n|j| subgenio\n|\n|t:|1666219639\n|switch|p1a: Phantom|Rotom-Wash, shiny|100\/100\n|move|p2a: Melmetal|Double Iron Bash|p1a: Phantom\n|-resisted|p1a: Phantom\n|-damage|p1a: Phantom|85\/100\n|-resisted|p1a: Phantom\n|-damage|p1a: Phantom|69\/100\n|-hitcount|p1a: Phantom|2\n|\n|-heal|p1a: Phantom|76\/100|[from] item: Leftovers\n|upkeep\n|turn|12\n|\n|t:|1666219642\n|switch|p2a: Rillaboom|Rillaboom, F|65\/100\n|-fieldstart|move: Grassy Terrain|[from] ability: Grassy Surge|[of] p2a: Rillaboom\n|move|p1a: Phantom|Volt Switch|p2a: Rillaboom\n|-resisted|p2a: Rillaboom\n|-damage|p2a: Rillaboom|46\/100\n|\n|t:|1666219648\n|switch|p1a: Leviathan|Dragapult, M, shiny|100\/100|[from]move: Volt Switch\n|\n|-heal|p2a: Rillaboom|52\/100|[from] Grassy Terrain\n|-heal|p2a: Rillaboom|59\/100|[from] item: Leftovers\n|upkeep\n|turn|13\n|\n|t:|1666219663\n|switch|p2a: Hatterene|Hatterene, F|94\/100\n|move|p1a: Leviathan|Flamethrower|p2a: Hatterene\n|-damage|p2a: Hatterene|47\/100\n|\n|-heal|p2a: Hatterene|53\/100|[from] Grassy Terrain\n|-heal|p2a: Hatterene|59\/100|[from] item: Leftovers\n|upkeep\n|turn|14\n|\n|t:|1666219671\n|switch|p1a: Fate|Melmetal, shiny|100\/100 par\n|move|p2a: Hatterene|Draining Kiss|p1a: Fate\n|-resisted|p1a: Fate\n|-damage|p1a: Fate|90\/100 par\n|-heal|p2a: Hatterene|71\/100|[from] drain|[of] p1a: Fate\n|\n|-heal|p2a: Hatterene|77\/100|[from] Grassy Terrain\n|-heal|p2a: Hatterene|83\/100|[from] item: Leftovers\n|-heal|p1a: Fate|96\/100 par|[from] Grassy Terrain\n|upkeep\n|turn|15\n|\n|t:|1666219682\n|switch|p2a: Urshifu|Urshifu-Rapid-Strike, M|100\/100\n|cant|p1a: Fate|par\n|\n|-heal|p1a: Fate|100\/100 par|[from] Grassy Terrain\n|upkeep\n|turn|16\n|\n|t:|1666219689\n|move|p2a: Urshifu|Surging Strikes|p1a: Fate\n|-crit|p1a: Fate\n|-damage|p1a: Fate|89\/100 par\n|-crit|p1a: Fate\n|-damage|p1a: Fate|79\/100 par\n|-crit|p1a: Fate\n|-damage|p1a: Fate|70\/100 par\n|-hitcount|p1a: Fate|3\n|move|p1a: Fate|Double Iron Bash|p2a: Urshifu\n|-resisted|p2a: Urshifu\n|-damage|p2a: Urshifu|70\/100\n|-resisted|p2a: Urshifu\n|-damage|p2a: Urshifu|38\/100\n|-hitcount|p2a: Urshifu|2\n|\n|-heal|p2a: Urshifu|44\/100|[from] Grassy Terrain\n|-heal|p1a: Fate|76\/100 par|[from] Grassy Terrain\n|-fieldend|move: Grassy Terrain\n|upkeep\n|turn|17\n|\n|t:|1666219695\n|switch|p1a: Leviathan|Dragapult, M, shiny|100\/100\n|move|p2a: Urshifu|U-turn|p1a: Leviathan\n|-resisted|p1a: Leviathan\n|-damage|p1a: Leviathan|83\/100\n|\n|t:|1666219699\n|switch|p2a: Mandibuzz|Mandibuzz, F|88\/100|[from]move: U-turn\n|\n|upkeep\n|turn|18\n|\n|t:|1666219703\n|move|p1a: Leviathan|U-turn|p2a: Mandibuzz\n|-damage|p2a: Mandibuzz|78\/100\n|\n|t:|1666219705\n|switch|p1a: Bandit|Weavile, M, shiny|100\/100|[from]move: U-turn\n|-ability|p1a: Bandit|Pressure\n|move|p2a: Mandibuzz|Knock Off|p1a: Bandit\n|-resisted|p1a: Bandit\n|-damage|p1a: Bandit|79\/100\n|-enditem|p1a: Bandit|Choice Band|[from] move: Knock Off|[of] p2a: Mandibuzz\n|\n|upkeep\n|turn|19\n|\n|t:|1666219716\n|switch|p2a: Melmetal|Melmetal|71\/100\n|move|p1a: Bandit|Knock Off|p2a: Melmetal\n|-damage|p2a: Melmetal|41\/100\n|-enditem|p2a: Melmetal|Protective Pads|[from] move: Knock Off|[of] p1a: Bandit\n|\n|upkeep\n|turn|20\n|\n|t:|1666219724\n|switch|p1a: Phantom|Rotom-Wash, shiny|76\/100\n|move|p2a: Melmetal|Thunder Punch|p1a: Phantom\n|-damage|p1a: Phantom|22\/100\n|\n|-heal|p1a: Phantom|28\/100|[from] item: Leftovers\n|upkeep\n|turn|21\n|\n|t:|1666219729\n|switch|p2a: Rillaboom|Rillaboom, F|59\/100\n|-fieldstart|move: Grassy Terrain|[from] ability: Grassy Surge|[of] p2a: Rillaboom\n|move|p1a: Phantom|Volt Switch|p2a: Rillaboom\n|-resisted|p2a: Rillaboom\n|-damage|p2a: Rillaboom|38\/100\n|\n|t:|1666219731\n|switch|p1a: Leviathan|Dragapult, M, shiny|83\/100|[from]move: Volt Switch\n|\n|-heal|p1a: Leviathan|89\/100|[from] Grassy Terrain\n|-heal|p2a: Rillaboom|44\/100|[from] Grassy Terrain\n|-heal|p2a: Rillaboom|50\/100|[from] item: Leftovers\n|upkeep\n|turn|22\n|\n|t:|1666219741\n|switch|p2a: Melmetal|Melmetal|41\/100\n|move|p1a: Leviathan|Shadow Ball|p2a: Melmetal\n|-damage|p2a: Melmetal|0 fnt\n|faint|p2a: Melmetal\n|\n|-heal|p1a: Leviathan|95\/100|[from] Grassy Terrain\n|upkeep\n|\n|t:|1666219743\n|switch|p2a: Mandibuzz|Mandibuzz, F|78\/100\n|turn|23\n|\n|t:|1666219749\n|switch|p1a: Bandit|Weavile, M, shiny|79\/100\n|-ability|p1a: Bandit|Pressure\n|move|p2a: Mandibuzz|Foul Play|p1a: Bandit\n|-resisted|p1a: Bandit\n|-damage|p1a: Bandit|36\/100\n|\n|-heal|p1a: Bandit|42\/100|[from] Grassy Terrain\n|upkeep\n|turn|24\n|\n|t:|1666219758\n|switch|p2a: Garchomp|Garchomp, M|100\/100\n|move|p1a: Bandit|Triple Axel|p2a: Garchomp\n|-supereffective|p2a: Garchomp\n|-damage|p2a: Garchomp|65\/100\n|-damage|p1a: Bandit|30\/100|[from] ability: Rough Skin|[of] p2a: Garchomp\n|-supereffective|p2a: Garchomp\n|-damage|p2a: Garchomp|1\/100\n|-damage|p1a: Bandit|17\/100|[from] ability: Rough Skin|[of] p2a: Garchomp\n|-hitcount|p2a: Garchomp|2\n|\n|-heal|p1a: Bandit|23\/100|[from] Grassy Terrain\n|-heal|p2a: Garchomp|8\/100|[from] Grassy Terrain\n|-heal|p2a: Garchomp|14\/100|[from] item: Leftovers\n|upkeep\n|turn|25\n|\n|t:|1666219769\n|move|p1a: Bandit|Beat Up|p2a: Garchomp\n|-damage|p2a: Garchomp|7\/100\n|-damage|p2a: Garchomp|0 fnt\n|faint|p2a: Garchomp\n|-hitcount|p2: Garchomp|2\n|\n|-heal|p1a: Bandit|29\/100|[from] Grassy Terrain\n|-fieldend|move: Grassy Terrain\n|upkeep\n|\n|t:|1666219771\n|switch|p2a: Urshifu|Urshifu-Rapid-Strike, M|44\/100\n|turn|26\n|\n|t:|1666219779\n|switch|p1a: Enten|Landorus-Therian, M, shiny|53\/100\n|-ability|p1a: Enten|Intimidate|boost\n|-unboost|p2a: Urshifu|atk|1\n|move|p2a: Urshifu|Surging Strikes|p1a: Enten\n|-supereffective|p1a: Enten\n|-crit|p1a: Enten\n|-damage|p1a: Enten|15\/100\n|-supereffective|p1a: Enten\n|-crit|p1a: Enten\n|-damage|p1a: Enten|0 fnt\n|faint|p1a: Enten\n|-hitcount|p1: Enten|2\n|\n|upkeep\n|\n|t:|1666219781\n|switch|p1a: Leviathan|Dragapult, M, shiny|95\/100\n|turn|27\n|j| Beagle Bones\n|\n|t:|1666219786\n|switch|p2a: Hatterene|Hatterene, F|83\/100\n|move|p1a: Leviathan|U-turn|p2a: Hatterene\n|-damage|p2a: Hatterene|69\/100\n|\n|t:|1666219793\n|switch|p1a: Fate|Melmetal, shiny|76\/100 par|[from]move: U-turn\n|\n|-heal|p2a: Hatterene|75\/100|[from] item: Leftovers\n|upkeep\n|turn|28\n|j| Skinnybiscuit\n|\n|t:|1666219797\n|move|p2a: Hatterene|Mystical Fire|p1a: Fate\n|-supereffective|p1a: Fate\n|-damage|p1a: Fate|27\/100 par\n|-unboost|p1a: Fate|spa|1\n|cant|p1a: Fate|par\n|\n|-heal|p2a: Hatterene|81\/100|[from] item: Leftovers\n|upkeep\n|turn|29\n|l| Beagle Bones\n|\n|t:|1666219802\n|move|p2a: Hatterene|Mystical Fire|p1a: Fate\n|-supereffective|p1a: Fate\n|-damage|p1a: Fate|0 fnt\n|faint|p1a: Fate\n|\n|-heal|p2a: Hatterene|87\/100|[from] item: Leftovers\n|upkeep\n|\n|t:|1666219805\n|switch|p1a: Bandit|Weavile, M, shiny|29\/100\n|-ability|p1a: Bandit|Pressure\n|turn|30\n|\n|t:|1666219810\n|move|p1a: Bandit|Triple Axel|p2a: Hatterene\n|-damage|p2a: Hatterene|78\/100\n|-damage|p2a: Hatterene|61\/100\n|-damage|p2a: Hatterene|37\/100\n|-hitcount|p2a: Hatterene|3\n|move|p2a: Hatterene|Draining Kiss|p1a: Bandit\n|-supereffective|p1a: Bandit\n|-damage|p1a: Bandit|0 fnt\n|-heal|p2a: Hatterene|56\/100|[from] drain|[of] p1a: Bandit\n|faint|p1a: Bandit\n|\n|-heal|p2a: Hatterene|62\/100|[from] item: Leftovers\n|upkeep\n|\n|t:|1666219815\n|switch|p1a: Deathstroke|Kartana, shiny|100\/100\n|turn|31\n|\n|t:|1666219819\n|switch|p2a: Mandibuzz|Mandibuzz, F|78\/100\n|move|p1a: Deathstroke|Smart Strike|p2a: Mandibuzz\n|-damage|p2a: Mandibuzz|48\/100\n|\n|upkeep\n|turn|32\n|\n|t:|1666219824\n|switch|p1a: Phantom|Rotom-Wash, shiny|28\/100\n|move|p2a: Mandibuzz|Roost|p2a: Mandibuzz\n|-heal|p2a: Mandibuzz|98\/100\n|-singleturn|p2a: Mandibuzz|move: Roost\n|\n|-heal|p1a: Phantom|35\/100|[from] item: Leftovers\n|upkeep\n|turn|33\n|\n|t:|1666219834\n|switch|p2a: Rillaboom|Rillaboom, F|50\/100\n|-fieldstart|move: Grassy Terrain|[from] ability: Grassy Surge|[of] p2a: Rillaboom\n|move|p1a: Phantom|Volt Switch|p2a: Rillaboom\n|-resisted|p2a: Rillaboom\n|-damage|p2a: Rillaboom|30\/100\n|\n|t:|1666219837\n|switch|p1a: Leviathan|Dragapult, M, shiny|95\/100|[from]move: Volt Switch\n|\n|-heal|p1a: Leviathan|100\/100|[from] Grassy Terrain\n|-heal|p2a: Rillaboom|36\/100|[from] Grassy Terrain\n|-heal|p2a: Rillaboom|42\/100|[from] item: Leftovers\n|upkeep\n|turn|34\n|\n|t:|1666219848\n|switch|p2a: Urshifu|Urshifu-Rapid-Strike, M|44\/100\n|move|p1a: Leviathan|Flamethrower|p2a: Urshifu\n|-resisted|p2a: Urshifu\n|-damage|p2a: Urshifu|13\/100\n|-status|p2a: Urshifu|brn\n|\n|-heal|p2a: Urshifu|20\/100 brn|[from] Grassy Terrain\n|-damage|p2a: Urshifu|13\/100 brn|[from] brn\n|upkeep\n|turn|35\n|\n|t:|1666219855\n|switch|p2a: Mandibuzz|Mandibuzz, F|98\/100\n|move|p1a: Leviathan|Flamethrower|p2a: Mandibuzz\n|-damage|p2a: Mandibuzz|60\/100\n|\n|upkeep\n|turn|36\n|\n|t:|1666219859\n|switch|p1a: Phantom|Rotom-Wash, shiny|35\/100\n|switch|p2a: Rillaboom|Rillaboom, F|42\/100\n|\n|-heal|p1a: Phantom|41\/100|[from] item: Leftovers\n|-heal|p2a: Rillaboom|48\/100|[from] Grassy Terrain\n|-heal|p2a: Rillaboom|54\/100|[from] item: Leftovers\n|upkeep\n|turn|37\n|\n|t:|1666219862\n|switch|p1a: Deathstroke|Kartana, shiny|100\/100\n|move|p2a: Rillaboom|Knock Off|p1a: Deathstroke\n|-damage|p1a: Deathstroke|65\/100\n|-enditem|p1a: Deathstroke|Choice Scarf|[from] move: Knock Off|[of] p2a: Rillaboom\n|\n|-heal|p1a: Deathstroke|72\/100|[from] Grassy Terrain\n|-heal|p2a: Rillaboom|60\/100|[from] Grassy Terrain\n|-heal|p2a: Rillaboom|66\/100|[from] item: Leftovers\n|-fieldend|move: Grassy Terrain\n|upkeep\n|turn|38\n|\n|t:|1666219869\n|move|p1a: Deathstroke|Smart Strike|p2a: Rillaboom\n|-damage|p2a: Rillaboom|24\/100\n|move|p2a: Rillaboom|Drain Punch|p1a: Deathstroke\n|-supereffective|p1a: Deathstroke\n|-damage|p1a: Deathstroke|8\/100\n|-heal|p2a: Rillaboom|45\/100|[from] drain|[of] p1a: Deathstroke\n|\n|-heal|p2a: Rillaboom|51\/100|[from] item: Leftovers\n|upkeep\n|turn|39\n|\n|t:|1666219888\n|switch|p1a: Phantom|Rotom-Wash, shiny|41\/100\n|move|p2a: Rillaboom|Knock Off|p1a: Phantom\n|-damage|p1a: Phantom|0 fnt\n|-enditem|p1a: Phantom|Leftovers|[from] move: Knock Off|[of] p2a: Rillaboom\n|faint|p1a: Phantom\n|\n|-heal|p2a: Rillaboom|57\/100|[from] item: Leftovers\n|upkeep\n|\n|t:|1666219890\n|switch|p1a: Leviathan|Dragapult, M, shiny|100\/100\n|turn|40\n|\n|t:|1666219902\n|switch|p2a: Urshifu|Urshifu-Rapid-Strike, M|13\/100 brn\n|move|p1a: Leviathan|U-turn|p2a: Urshifu\n|-resisted|p2a: Urshifu\n|-damage|p2a: Urshifu|5\/100 brn\n|\n|t:|1666219904\n|switch|p1a: Deathstroke|Kartana, shiny|8\/100|[from]move: U-turn\n|\n|-damage|p2a: Urshifu|0 fnt|[from] brn\n|faint|p2a: Urshifu\n|upkeep\n|\n|t:|1666219906\n|switch|p2a: Mandibuzz|Mandibuzz, F|60\/100\n|turn|41\n|\n|t:|1666219920\n|move|p1a: Deathstroke|Smart Strike|p2a: Mandibuzz\n|-damage|p2a: Mandibuzz|34\/100\n|move|p2a: Mandibuzz|Roost|p2a: Mandibuzz\n|-heal|p2a: Mandibuzz|84\/100\n|-singleturn|p2a: Mandibuzz|move: Roost\n|\n|upkeep\n|turn|42\n|\n|t:|1666219923\n|switch|p1a: Leviathan|Dragapult, M, shiny|100\/100\n|move|p2a: Mandibuzz|Foul Play|p1a: Leviathan\n|-supereffective|p1a: Leviathan\n|-damage|p1a: Leviathan|0 fnt\n|faint|p1a: Leviathan\n|\n|upkeep\n|\n|t:|1666219924\n|switch|p1a: Deathstroke|Kartana, shiny|8\/100\n|turn|43\n|\n|t:|1666219926\n|move|p1a: Deathstroke|Knock Off|p2a: Mandibuzz\n|-resisted|p2a: Mandibuzz\n|-damage|p2a: Mandibuzz|72\/100\n|-enditem|p2a: Mandibuzz|Heavy-Duty Boots|[from] move: Knock Off|[of] p1a: Deathstroke\n|move|p2a: Mandibuzz|Foul Play|p1a: Deathstroke\n|-damage|p1a: Deathstroke|0 fnt\n|faint|p1a: Deathstroke\n|\n|win|Copland\n|raw|RggV_YT's rating: 1876 &rarr; <strong>1853<\/strong><br \/>(-23 for losing)\n|raw|Copland's rating: 1817 &rarr; <strong>1840<\/strong><br \/>(+23 for winning)\n|l|\u2606RggV_YT\n|l| Skinnybiscuit\n|l| subgenio\n||Ladder isn't responding, score probably updated but might not have (Request timeout).\n","uploadtime":1666219934,"views":16,"p1id":"rggvyt","p2id":"copland","formatid":"gen8ou","rating":1840,"private":0,"password":null}