{"id":"gen8vgc2022-1706964706","p1":"RagnarockVGC","p2":"SeaWolfMikess","format":"gen8vgc2022","log":"|j|\u2606RagnarockVGC\n|j|\u2606SeaWolfMikess\n|t:|1668036965\n|gametype|doubles\n|player|p1|RagnarockVGC|n|1276\n|player|p2|SeaWolfMikess|hugh|1315\n|teamsize|p1|6\n|teamsize|p2|6\n|gen|8\n|tier|[Gen 8] VGC 2022\n|rated|\n|rule|Species Clause: Limit one of each Pok\u00e9mon\n|rule|Item Clause: Limit one of each item\n|clearpoke\n|poke|p1|Zamazenta-*, L50|\n|poke|p1|Zygarde, L50|\n|poke|p1|Thundurus, L50, M|\n|poke|p1|Tapu Fini, L50|\n|poke|p1|Venusaur, L50, F|\n|poke|p1|Torkoal, L50, F|\n|poke|p2|Garchomp, L50, F|\n|poke|p2|Calyrex-Shadow, L50|\n|poke|p2|Regieleki, L50|\n|poke|p2|Grimmsnarl, L50, M|\n|poke|p2|Kyogre, L50|\n|poke|p2|Incineroar, L50, M|\n|teampreview|4\n|\n|t:|1668037014\n|start\n|switch|p1a: Venusaur|Venusaur, L50, F|100\/100\n|switch|p1b: Zamazenta|Zamazenta-Crowned, L50, shiny|100\/100\n|switch|p2a: Grimmsnarl|Grimmsnarl, L50, M|100\/100\n|switch|p2b: Calyrex|Calyrex-Shadow, L50|100\/100\n|-ability|p2b: Calyrex|As One\n|-ability|p2b: Calyrex|Unnerve\n|-ability|p1b: Zamazenta|Dauntless Shield|boost\n|-boost|p1b: Zamazenta|def|1\n|turn|1\n|\n|t:|1668037034\n|move|p1a: Venusaur|Protect|p1a: Venusaur\n|-singleturn|p1a: Venusaur|Protect\n|move|p2a: Grimmsnarl|Light Screen|p2a: Grimmsnarl\n|-sidestart|p2: SeaWolfMikess|move: Light Screen\n|move|p2b: Calyrex|Astral Barrage|p1b: Zamazenta|[spread] p1b\n|-activate|p1a: Venusaur|move: Protect\n|-damage|p1b: Zamazenta|44\/100\n|move|p1b: Zamazenta|Snarl|p2b: Calyrex|[spread] p2a,p2b\n|-resisted|p2a: Grimmsnarl\n|-supereffective|p2b: Calyrex\n|-damage|p2a: Grimmsnarl|99\/100\n|-damage|p2b: Calyrex|80\/100\n|-unboost|p2a: Grimmsnarl|spa|1\n|-unboost|p2b: Calyrex|spa|1\n|\n|upkeep\n|turn|2\n|\n|t:|1668037054\n|switch|p1b: Torkoal|Torkoal, L50, F|100\/100\n|-weather|SunnyDay|[from] ability: Drought|[of] p1b: Torkoal\n|-start|p1a: Venusaur|Dynamax|Gmax\n|-heal|p1a: Venusaur|100\/100|[silent]\n|move|p2a: Grimmsnarl|Reflect|p2a: Grimmsnarl\n|-sidestart|p2: SeaWolfMikess|Reflect\n|move|p1a: Venusaur|G-Max Vine Lash|p2b: Calyrex\n|-damage|p2b: Calyrex|42\/100\n|-sidestart|p2: SeaWolfMikess|G-Max Vine Lash\n|move|p2b: Calyrex|Astral Barrage|p1a: Venusaur|[spread] p1a,p1b\n|-damage|p1a: Venusaur|70\/100\n|-damage|p1b: Torkoal|41\/100\n|\n|-weather|SunnyDay|[upkeep]\n|-damage|p2b: Calyrex|26\/100|[from] G-Max Vine Lash\n|-damage|p2a: Grimmsnarl|84\/100|[from] G-Max Vine Lash\n|upkeep\n|turn|3\n|\n|t:|1668037081\n|switch|p2b: Kyogre|Kyogre, L50|100\/100\n|-weather|RainDance|[from] ability: Drizzle|[of] p2b: Kyogre\n|move|p2a: Grimmsnarl|Thunder Wave|p1a: Venusaur|[miss]\n|-miss|p2a: Grimmsnarl|p1a: Venusaur\n|move|p1a: Venusaur|Max Quake|p2b: Kyogre\n|-damage|p2b: Kyogre|84\/100\n|-boost|p1a: Venusaur|spd|1\n|-boost|p1b: Torkoal|spd|1\n|move|p1b: Torkoal|Stealth Rock|p2b: Kyogre\n|-sidestart|p2: SeaWolfMikess|move: Stealth Rock\n|\n|-weather|RainDance|[upkeep]\n|-damage|p2b: Kyogre|67\/100|[from] G-Max Vine Lash\n|-heal|p2b: Kyogre|73\/100|[from] item: Leftovers\n|-damage|p2a: Grimmsnarl|67\/100|[from] G-Max Vine Lash\n|upkeep\n|turn|4\n|\n|t:|1668037113\n|switch|p1b: Tapu Fini|Tapu Fini, L50|100\/100\n|-fieldstart|move: Misty Terrain|[from] ability: Misty Surge|[of] p1b: Tapu Fini\n|move|p2a: Grimmsnarl|Thunder Wave|p1a: Venusaur\n|-activate|p1a: Venusaur|move: Misty Terrain\n|move|p1a: Venusaur|G-Max Vine Lash|p2b: Kyogre\n|-supereffective|p2b: Kyogre\n|-damage|p2b: Kyogre|19\/100\n|move|p2b: Kyogre|Water Spout|p1a: Venusaur|[spread] p1a,p1b\n|-resisted|p1a: Venusaur\n|-resisted|p1b: Tapu Fini\n|-crit|p1b: Tapu Fini\n|-damage|p1a: Venusaur|66\/100\n|-damage|p1b: Tapu Fini|90\/100\n|\n|-weather|RainDance|[upkeep]\n|-damage|p2b: Kyogre|2\/100|[from] G-Max Vine Lash\n|-heal|p2b: Kyogre|8\/100|[from] item: Leftovers\n|-damage|p2a: Grimmsnarl|51\/100|[from] G-Max Vine Lash\n|upkeep\n|-end|p1a: Venusaur|Dynamax\n|-heal|p1a: Venusaur|66\/100|[silent]\n|turn|5\n|\n|t:|1668037167\n|switch|p2b: Calyrex|Calyrex-Shadow, L50|26\/100\n|-ability|p2b: Calyrex|As One\n|-ability|p2b: Calyrex|Unnerve\n|-damage|p2b: Calyrex|14\/100|[from] Stealth Rock\n|move|p1a: Venusaur|Earth Power|p2b: Calyrex\n|-damage|p2b: Calyrex|0 fnt\n|faint|p2b: Calyrex\n|move|p1b: Tapu Fini|Heal Pulse|p1a: Venusaur\n|-heal|p1a: Venusaur|100\/100\n|move|p2a: Grimmsnarl|Spirit Break|p1a: Venusaur\n|-resisted|p1a: Venusaur\n|-damage|p1a: Venusaur|80\/100\n|-unboost|p1a: Venusaur|spa|1\n|\n|-weather|RainDance|[upkeep]\n|-damage|p2a: Grimmsnarl|35\/100|[from] G-Max Vine Lash\n|-sideend|p2: SeaWolfMikess|G-Max Vine Lash\n|upkeep\n|\n|t:|1668037184\n|switch|p2b: Garchomp|Garchomp, L50, F|100\/100\n|-damage|p2b: Garchomp|94\/100|[from] Stealth Rock\n|turn|6\n|\n|t:|1668037222\n|switch|p1a: Torkoal|Torkoal, L50, F|41\/100\n|-weather|SunnyDay|[from] ability: Drought|[of] p1a: Torkoal\n|-start|p2b: Garchomp|Dynamax|\n|-heal|p2b: Garchomp|94\/100|[silent]\n|move|p2b: Garchomp|Max Steelspike|p1a: Torkoal\n|-resisted|p1a: Torkoal\n|-damage|p1a: Torkoal|25\/100\n|-boost|p2a: Grimmsnarl|def|1\n|-boost|p2b: Garchomp|def|1\n|move|p1b: Tapu Fini|Heal Pulse|p1a: Torkoal\n|-heal|p1a: Torkoal|76\/100\n|move|p2a: Grimmsnarl|Spirit Break|p1b: Tapu Fini\n|-damage|p1b: Tapu Fini|68\/100\n|-unboost|p1b: Tapu Fini|spa|1\n|\n|-weather|SunnyDay|[upkeep]\n|upkeep\n|turn|7\n|\n|t:|1668037252\n|move|p2b: Garchomp|Max Steelspike|p1b: Tapu Fini\n|-damage|p1b: Tapu Fini|29\/100\n|-boost|p2a: Grimmsnarl|def|1\n|-boost|p2b: Garchomp|def|1\n|-enditem|p1b: Tapu Fini|Sitrus Berry|[eat]\n|-heal|p1b: Tapu Fini|54\/100|[from] item: Sitrus Berry\n|move|p1b: Tapu Fini|Soak|p2b: Garchomp\n|-start|p2b: Garchomp|typechange|Water\n|move|p2a: Grimmsnarl|Spirit Break|p1a: Torkoal\n|-resisted|p1a: Torkoal\n|-damage|p1a: Torkoal|65\/100\n|-unboost|p1a: Torkoal|spa|1\n|move|p1a: Torkoal|Burning Jealousy|p2b: Garchomp|[spread] p2a,p2b\n|-resisted|p2b: Garchomp\n|-damage|p2a: Grimmsnarl|26\/100\n|-damage|p2b: Garchomp|92\/100\n|\n|-weather|SunnyDay|[upkeep]\n|upkeep\n|turn|8\n|\n|t:|1668037282\n|switch|p1b: Zamazenta|Zamazenta-Crowned, L50, shiny|44\/100\n|-ability|p1b: Zamazenta|Dauntless Shield|boost\n|-boost|p1b: Zamazenta|def|1\n|switch|p1a: Venusaur|Venusaur, L50, F|80\/100\n|move|p2b: Garchomp|Max Steelspike|p1b: Zamazenta\n|-resisted|p1b: Zamazenta\n|-damage|p1b: Zamazenta|32\/100\n|-boost|p2a: Grimmsnarl|def|1\n|-boost|p2b: Garchomp|def|1\n|move|p2a: Grimmsnarl|Spirit Break|p1b: Zamazenta\n|-damage|p1b: Zamazenta|18\/100\n|-unboost|p1b: Zamazenta|spa|1\n|\n|-weather|SunnyDay|[upkeep]\n|-sideend|p2: SeaWolfMikess|move: Light Screen\n|-fieldend|Misty Terrain\n|upkeep\n|-end|p2b: Garchomp|Dynamax\n|-heal|p2b: Garchomp|92\/100|[silent]\n|turn|9\n|\n|t:|1668037307\n|switch|p1b: Tapu Fini|Tapu Fini, L50|54\/100\n|-fieldstart|move: Misty Terrain|[from] ability: Misty Surge|[of] p1b: Tapu Fini\n|switch|p2b: Kyogre|Kyogre, L50|8\/100\n|-damage|p2b: Kyogre|0 fnt|[from] Stealth Rock\n|faint|p2b: Kyogre\n|move|p2a: Grimmsnarl|Thunder Wave|p1a: Venusaur\n|-activate|p1a: Venusaur|move: Misty Terrain\n|move|p1a: Venusaur|Sleep Powder|p2a: Grimmsnarl\n|-activate|p2a: Grimmsnarl|move: Misty Terrain\n|\n|-weather|SunnyDay|[upkeep]\n|-sideend|p2: SeaWolfMikess|Reflect\n|upkeep\n|-message|SeaWolfMikess forfeited.\n|\n|win|RagnarockVGC\n|raw|RagnarockVGC's rating: 1276 &rarr; <strong>1304<\/strong><br \/>(+28 for winning)\n|raw|SeaWolfMikess's rating: 1315 &rarr; <strong>1293<\/strong><br \/>(-22 for losing)\n|l|\u2606SeaWolfMikess\n||Ladder isn't responding, score probably updated but might not have (Request timeout).\n","uploadtime":1668037333,"views":5,"p1id":"ragnarockvgc","p2id":"seawolfmikess","formatid":"gen8vgc2022","rating":1293,"private":0,"password":null}