{"id":"gen8ou-1433772623","p1":"Not Sarcasm","p2":"PokePowerfull","format":"gen8ou","log":"|j|\u2606Not Sarcasm\n|j|\u2606PokePowerfull\n|t:|1634010260\n|gametype|singles\n|player|p1|Not Sarcasm|169|1876\n|player|p2|PokePowerfull|2|1927\n|teamsize|p1|6\n|teamsize|p2|6\n|gen|8\n|tier|[Gen 8] OU\n|rated|\n|rule|Sleep Clause Mod: Limit one foe put to sleep\n|rule|Species Clause: Limit one of each Pok\u00e9mon\n|rule|OHKO Clause: OHKO moves are banned\n|rule|Evasion Moves Clause: Evasion moves are banned\n|rule|Endless Battle Clause: Forcing endless battles is banned\n|rule|HP Percentage Mod: HP is shown in percentages\n|rule|Dynamax Clause: You cannot dynamax\n|clearpoke\n|poke|p1|Weavile, F|\n|poke|p1|Blacephalon|\n|poke|p1|Ferrothorn, M|\n|poke|p1|Landorus-Therian, M|\n|poke|p1|Heatran, M|\n|poke|p1|Dragapult, F|\n|poke|p2|Ninetales-Alola, M|\n|poke|p2|Tapu Fini|\n|poke|p2|Dragapult, M|\n|poke|p2|Zapdos-Galar|\n|poke|p2|Bisharp, F|\n|poke|p2|Garchomp, M|\n|teampreview\n|inactive|Battle timer is ON: inactive players will automatically lose when time's up. (requested by Not Sarcasm)\n|\n|t:|1634010281\n|start\n|switch|p1a: Weavile|Weavile, F|100\/100\n|switch|p2a: Ninetales|Ninetales-Alola, M|100\/100\n|-ability|p1a: Weavile|Pressure\n|-weather|Hail|[from] ability: Snow Warning|[of] p2a: Ninetales\n|turn|1\n|j| DevilishGreg\n|\n|t:|1634010288\n|switch|p1a: Ferrothorn|Ferrothorn, M|100\/100\n|move|p2a: Ninetales|Moonblast|p1a: Ferrothorn\n|-resisted|p1a: Ferrothorn\n|-damage|p1a: Ferrothorn|85\/100\n|-unboost|p1a: Ferrothorn|spa|1\n|\n|-weather|Hail|[upkeep]\n|-damage|p1a: Ferrothorn|79\/100|[from] Hail\n|-heal|p1a: Ferrothorn|85\/100|[from] item: Leftovers\n|upkeep\n|turn|2\n|j| Land\u00b7Woo\n|j| sylveongirl2002\n|\n|t:|1634010298\n|move|p2a: Ninetales|Blizzard|p1a: Ferrothorn\n|-damage|p1a: Ferrothorn|52\/100\n|move|p1a: Ferrothorn|Spikes|p2a: Ninetales\n|-sidestart|p2: PokePowerfull|Spikes\n|\n|-weather|Hail|[upkeep]\n|-damage|p1a: Ferrothorn|46\/100|[from] Hail\n|-heal|p1a: Ferrothorn|52\/100|[from] item: Leftovers\n|upkeep\n|turn|3\n|\n|t:|1634010305\n|move|p2a: Ninetales|Aurora Veil|p2a: Ninetales\n|-sidestart|p2: PokePowerfull|move: Aurora Veil\n|move|p1a: Ferrothorn|Spikes|p2a: Ninetales\n|-sidestart|p2: PokePowerfull|Spikes\n|\n|-weather|Hail|[upkeep]\n|-damage|p1a: Ferrothorn|46\/100|[from] Hail\n|-heal|p1a: Ferrothorn|52\/100|[from] item: Leftovers\n|upkeep\n|turn|4\n|\n|t:|1634010311\n|move|p2a: Ninetales|Blizzard|p1a: Ferrothorn\n|-damage|p1a: Ferrothorn|16\/100\n|move|p1a: Ferrothorn|Leech Seed|p2a: Ninetales\n|-start|p2a: Ninetales|move: Leech Seed\n|\n|-weather|Hail|[upkeep]\n|-damage|p1a: Ferrothorn|10\/100|[from] Hail\n|-heal|p1a: Ferrothorn|16\/100|[from] item: Leftovers\n|-damage|p2a: Ninetales|88\/100|[from] Leech Seed|[of] p1a: Ferrothorn\n|-heal|p1a: Ferrothorn|26\/100|[silent]\n|upkeep\n|turn|5\n|\n|t:|1634010319\n|switch|p2a: Zapdos|Zapdos-Galar|100\/100\n|move|p1a: Ferrothorn|Leech Seed|p2a: Zapdos\n|-start|p2a: Zapdos|move: Leech Seed\n|\n|-weather|none\n|-heal|p1a: Ferrothorn|32\/100|[from] item: Leftovers\n|-damage|p2a: Zapdos|88\/100|[from] Leech Seed|[of] p1a: Ferrothorn\n|-heal|p1a: Ferrothorn|45\/100|[silent]\n|upkeep\n|turn|6\n|\n|t:|1634010326\n|switch|p2a: Garchomp|Garchomp, M|100\/100\n|-damage|p2a: Garchomp|84\/100|[from] Spikes\n|move|p1a: Ferrothorn|Spikes|p2a: Garchomp\n|-sidestart|p2: PokePowerfull|Spikes\n|\n|-heal|p2a: Garchomp|90\/100|[from] item: Leftovers\n|-heal|p1a: Ferrothorn|51\/100|[from] item: Leftovers\n|upkeep\n|turn|7\n|\n|t:|1634010335\n|switch|p2a: Zapdos|Zapdos-Galar|88\/100\n|move|p1a: Ferrothorn|Leech Seed|p2a: Zapdos\n|-start|p2a: Zapdos|move: Leech Seed\n|\n|-heal|p1a: Ferrothorn|57\/100|[from] item: Leftovers\n|-damage|p2a: Zapdos|76\/100|[from] Leech Seed|[of] p1a: Ferrothorn\n|-heal|p1a: Ferrothorn|70\/100|[silent]\n|upkeep\n|turn|8\n|c| Land\u00b7Woo|\uff1f\uff1f\uff1f\n|\n|t:|1634010345\n|switch|p2a: Bisharp|Bisharp, F|100\/100\n|-damage|p2a: Bisharp|76\/100|[from] Spikes\n|switch|p1a: Dragapult|Dragapult, F|100\/100\n|\n|upkeep\n|turn|9\n|\n|t:|1634010351\n|move|p1a: Dragapult|U-turn|p2a: Bisharp\n|-damage|p2a: Bisharp|54\/100\n|\n|t:|1634010361\n|switch|p1a: Chaos|Heatran, M, shiny|100\/100|[from]move: U-turn\n|-item|p1a: Chaos|Air Balloon\n|move|p2a: Bisharp|Swords Dance|p2a: Bisharp\n|-boost|p2a: Bisharp|atk|2\n|\n|upkeep\n|turn|10\n|\n|t:|1634010367\n|move|p2a: Bisharp|Knock Off|p1a: Chaos\n|-damage|p1a: Chaos|0 fnt\n|-enditem|p1a: Chaos|Air Balloon\n|faint|p1a: Chaos\n|\n|-sideend|p2: PokePowerfull|move: Aurora Veil\n|upkeep\n|\n|t:|1634010380\n|switch|p1a: Blacephalon|Blacephalon|100\/100\n|turn|11\n|\n|t:|1634010384\n|move|p2a: Bisharp|Sucker Punch||[still]\n|-fail|p2a: Bisharp\n|move|p1a: Blacephalon|Trick|p2a: Bisharp\n|-activate|p1a: Blacephalon|move: Trick|[of] p2a: Bisharp\n|-item|p2a: Bisharp|Choice Specs|[from] move: Trick\n|-item|p1a: Blacephalon|Black Glasses|[from] move: Trick\n|\n|upkeep\n|turn|12\n|\n|t:|1634010391\n|move|p1a: Blacephalon|Flamethrower|p2a: Bisharp\n|-supereffective|p2a: Bisharp\n|-damage|p2a: Bisharp|0 fnt\n|faint|p2a: Bisharp\n|-ability|p1a: Blacephalon|Beast Boost|boost\n|-boost|p1a: Blacephalon|spa|1\n|\n|upkeep\n|\n|t:|1634010394\n|switch|p2a: Dragapult|Dragapult, M|100\/100\n|-damage|p2a: Dragapult|76\/100|[from] Spikes\n|turn|13\n|\n|t:|1634010400\n|move|p2a: Dragapult|Dragon Darts|p1a: Blacephalon\n|-damage|p1a: Blacephalon|45\/100\n|-anim|p2a: Dragapult|Dragon Darts|p1a: Blacephalon\n|-damage|p1a: Blacephalon|0 fnt\n|faint|p1a: Blacephalon\n|-damage|p2a: Dragapult|66\/100|[from] item: Life Orb\n|\n|upkeep\n|\n|t:|1634010407\n|switch|p1a: Weavile|Weavile, F|100\/100\n|-ability|p1a: Weavile|Pressure\n|turn|14\n|\n|t:|1634010424\n|move|p1a: Weavile|Knock Off|p2a: Dragapult\n|-supereffective|p2a: Dragapult\n|-damage|p2a: Dragapult|0 fnt\n|-enditem|p2a: Dragapult|Life Orb|[from] move: Knock Off|[of] p1a: Weavile\n|faint|p2a: Dragapult\n|\n|upkeep\n|\n|t:|1634010428\n|switch|p2a: Ninetales|Ninetales-Alola, M|88\/100\n|-damage|p2a: Ninetales|64\/100|[from] Spikes\n|-weather|Hail|[from] ability: Snow Warning|[of] p2a: Ninetales\n|turn|15\n|\n|t:|1634010433\n|move|p1a: Weavile|Swords Dance|p1a: Weavile\n|-boost|p1a: Weavile|atk|2\n|move|p2a: Ninetales|Moonblast|p1a: Weavile\n|-supereffective|p1a: Weavile\n|-damage|p1a: Weavile|0 fnt\n|faint|p1a: Weavile\n|\n|-weather|Hail|[upkeep]\n|upkeep\n|\n|t:|1634010440\n|switch|p1a: Enten|Landorus-Therian, M, shiny|100\/100\n|-ability|p1a: Enten|Intimidate|boost\n|-unboost|p2a: Ninetales|atk|1\n|turn|16\n|\n|t:|1634010444\n|switch|p2a: Zapdos|Zapdos-Galar|76\/100\n|move|p1a: Enten|Earthquake|p2a: Zapdos\n|-immune|p2a: Zapdos\n|\n|-weather|Hail|[upkeep]\n|-damage|p1a: Enten|95\/100|[from] Hail\n|-damage|p2a: Zapdos|70\/100|[from] Hail\n|upkeep\n|turn|17\n|\n|t:|1634010452\n|switch|p1a: Dragapult|Dragapult, F|100\/100\n|move|p2a: Zapdos|Agility|p2a: Zapdos\n|-boost|p2a: Zapdos|spe|2\n|\n|-weather|Hail|[upkeep]\n|-damage|p2a: Zapdos|64\/100|[from] Hail\n|-damage|p1a: Dragapult|95\/100|[from] Hail\n|upkeep\n|turn|18\n|j| yiyue\n|\n|t:|1634010460\n|move|p2a: Zapdos|Brave Bird|p1a: Dragapult\n|-crit|p1a: Dragapult\n|-damage|p1a: Dragapult|0 fnt\n|faint|p1a: Dragapult\n|-damage|p2a: Zapdos|36\/100|[from] Recoil\n|\n|-weather|Hail|[upkeep]\n|-damage|p2a: Zapdos|30\/100|[from] Hail\n|upkeep\n|\n|t:|1634010467\n|switch|p1a: Ferrothorn|Ferrothorn, M|70\/100\n|turn|19\n|\n|t:|1634010470\n|move|p2a: Zapdos|Thunderous Kick|p1a: Ferrothorn\n|-supereffective|p1a: Ferrothorn\n|-damage|p1a: Ferrothorn|9\/100\n|-unboost|p1a: Ferrothorn|def|1\n|-activate|p1a: Ferrothorn|ability: Iron Barbs\n|-activate|p2a: Zapdos|item: Protective Pads\n|move|p1a: Ferrothorn|Leech Seed|p2a: Zapdos\n|-start|p2a: Zapdos|move: Leech Seed\n|\n|-weather|none\n|-heal|p1a: Ferrothorn|16\/100|[from] item: Leftovers\n|-damage|p2a: Zapdos|18\/100|[from] Leech Seed|[of] p1a: Ferrothorn\n|-heal|p1a: Ferrothorn|28\/100|[silent]\n|upkeep\n|turn|20\n|c|\u2606Not Sarcasm|crit me\n|\n|t:|1634010485\n|move|p2a: Zapdos|Brave Bird|p1a: Ferrothorn\n|-damage|p1a: Ferrothorn|0 fnt\n|-activate|p1a: Ferrothorn|ability: Iron Barbs\n|-activate|p2a: Zapdos|item: Protective Pads\n|faint|p1a: Ferrothorn\n|-damage|p2a: Zapdos|9\/100|[from] Recoil\n|\n|upkeep\n|j| jrmcm10\n|-message|Not Sarcasm forfeited.\n|\n|win|PokePowerfull\n|raw|Not Sarcasm's rating: 1876 &rarr; <strong>1859<\/strong><br \/>(-17 for losing)\n|raw|PokePowerfull's rating: 1927 &rarr; <strong>1944<\/strong><br \/>(+17 for winning)\n|l|\u2606Not Sarcasm\n|l| Land\u00b7Woo\n|l|\u2606PokePowerfull\n","uploadtime":1634010504,"views":99,"p1id":"notsarcasm","p2id":"pokepowerfull","formatid":"gen8ou","rating":1859,"private":0,"password":null}