{"id":"gen8ou-1309324827","p1":"Diameter\u272fXtreme","p2":"Gengargamingnation","format":"gen8ou","log":"|j|\u2606Diameter\u272fXtreme\n|j|\u2606Gengargamingnation\n|t:|1616764064\n|player|p1|Diameter\u272fXtreme|jasmine-gen2|1760\n|player|p2|Gengargamingnation|volkner|1736\n|teamsize|p1|6\n|teamsize|p2|6\n|gametype|singles\n|gen|8\n|tier|[Gen 8] OU\n|rated|\n|clearpoke\n|poke|p1|Salamence, M|\n|poke|p1|Clefable, M|\n|poke|p1|Weavile, M|\n|poke|p1|Ferrothorn, F|\n|poke|p1|Tapu Koko|\n|poke|p1|Hippowdon, M|\n|poke|p2|Buzzwole|\n|poke|p2|Blissey, F|\n|poke|p2|Corviknight, M|\n|poke|p2|Garchomp, M|\n|poke|p2|Dragapult, F|\n|poke|p2|Tyranitar, M|\n|rule|Sleep Clause Mod: Limit one foe put to sleep\n|rule|Species Clause: Limit one of each Pok\u00e9mon\n|rule|OHKO Clause: OHKO moves are banned\n|rule|Evasion Moves Clause: Evasion moves are banned\n|rule|Endless Battle Clause: Forcing endless battles is banned\n|rule|HP Percentage Mod: HP is shown in percentages\n|rule|Dynamax Clause: You cannot dynamax\n|teampreview\n|inactive|Battle timer is ON: inactive players will automatically lose when time's up. (requested by Gengargamingnation)\n|\n|t:|1616764087\n|start\n|switch|p1a: Tapu Koko|Tapu Koko, shiny|100\/100\n|switch|p2a: Garchomp|Garchomp, M|100\/100\n|-fieldstart|move: Electric Terrain|[from] ability: Electric Surge|[of] p1a: Tapu Koko\n|turn|1\n|j| marco le phoenix\n|j| Clozap9\n|\n|t:|1616764090\n|move|p1a: Tapu Koko|U-turn|p2a: Garchomp\n|-damage|p2a: Garchomp|87\/100\n|-damage|p1a: Tapu Koko|88\/100|[from] ability: Rough Skin|[of] p2a: Garchomp\n|\n|t:|1616764092\n|switch|p1a: Eros|Salamence, M|100\/100|[from]move: U-turn\n|-ability|p1a: Eros|Intimidate|boost\n|-unboost|p2a: Garchomp|atk|1\n|move|p2a: Garchomp|Earthquake|p1a: Eros\n|-immune|p1a: Eros\n|\n|-heal|p2a: Garchomp|94\/100|[from] item: Leftovers\n|upkeep\n|turn|2\n|\n|t:|1616764096\n|switch|p2a: Corviknight|Corviknight, M|100\/100\n|-ability|p2a: Corviknight|Pressure\n|move|p1a: Eros|Hurricane|p2a: Corviknight|[miss]\n|-miss|p1a: Eros|p2a: Corviknight\n|\n|upkeep\n|turn|3\n|\n|t:|1616764098\n|switch|p2a: Blissey|Blissey, F|100\/100\n|move|p1a: Eros|Flamethrower|p2a: Blissey\n|-damage|p2a: Blissey|92\/100\n|\n|upkeep\n|turn|4\n|\n|t:|1616764103\n|switch|p1a: Ferrothorn|Ferrothorn, F|100\/100\n|move|p2a: Blissey|Thunder Wave|p1a: Ferrothorn|[miss]\n|-miss|p2a: Blissey|p1a: Ferrothorn\n|\n|upkeep\n|turn|5\n|\n|t:|1616764111\n|switch|p2a: Corviknight|Corviknight, M|100\/100\n|-ability|p2a: Corviknight|Pressure\n|move|p1a: Ferrothorn|Spikes|p2a: Corviknight\n|-sidestart|p2: Gengargamingnation|Spikes\n|\n|-fieldend|move: Electric Terrain\n|upkeep\n|turn|6\n|\n|t:|1616764114\n|move|p2a: Corviknight|Defog|p1a: Ferrothorn\n|-unboost|p1a: Ferrothorn|evasion|1\n|-sideend|p2: Gengargamingnation|Spikes|[from] move: Defog|[of] p2a: Corviknight\n|move|p1a: Ferrothorn|Thunder Wave|p2a: Corviknight\n|-status|p2a: Corviknight|par\n|\n|upkeep\n|turn|7\n|\n|t:|1616764116\n|move|p2a: Corviknight|U-turn|p1a: Ferrothorn\n|-damage|p1a: Ferrothorn|91\/100\n|-damage|p2a: Corviknight|88\/100 par|[from] ability: Iron Barbs|[of] p1a: Ferrothorn\n|\n|t:|1616764123\n|switch|p2a: Buzzwole|Buzzwole|100\/100|[from]move: U-turn\n|move|p1a: Ferrothorn|Leech Seed|p2a: Buzzwole\n|-start|p2a: Buzzwole|move: Leech Seed\n|\n|-heal|p1a: Ferrothorn|97\/100|[from] item: Leftovers\n|-damage|p2a: Buzzwole|88\/100|[from] Leech Seed|[of] p1a: Ferrothorn\n|-heal|p1a: Ferrothorn|100\/100|[silent]\n|upkeep\n|turn|8\n|\n|t:|1616764126\n|switch|p1a: Eros|Salamence, M|100\/100\n|-ability|p1a: Eros|Intimidate|boost\n|-unboost|p2a: Buzzwole|atk|1\n|move|p2a: Buzzwole|Drain Punch|p1a: Eros\n|-resisted|p1a: Eros\n|-damage|p1a: Eros|92\/100\n|-heal|p2a: Buzzwole|92\/100|[from] drain|[of] p1a: Eros\n|\n|-damage|p2a: Buzzwole|80\/100|[from] Leech Seed|[of] p1a: Eros\n|-heal|p1a: Eros|100\/100|[silent]\n|upkeep\n|turn|9\n|\n|t:|1616764130\n|switch|p1a: Clefable|Clefable, M|100\/100\n|switch|p2a: Blissey|Blissey, F|92\/100\n|\n|upkeep\n|turn|10\n|j| angrrry\n|\n|t:|1616764133\n|switch|p1a: Ferrothorn|Ferrothorn, F|100\/100\n|move|p2a: Blissey|Aromatherapy|p2a: Blissey\n|-activate|p2a: Blissey|move: Aromatherapy\n|-curestatus|p2: Corviknight|par|[msg]\n|\n|upkeep\n|turn|11\n|j| xbajt mulej\n|\n|t:|1616764136\n|switch|p2a: Corviknight|Corviknight, M|88\/100\n|-ability|p2a: Corviknight|Pressure\n|move|p1a: Ferrothorn|Spikes|p2a: Corviknight\n|-sidestart|p2: Gengargamingnation|Spikes\n|\n|-heal|p2a: Corviknight|94\/100|[from] item: Leftovers\n|upkeep\n|turn|12\n|\n|t:|1616764139\n|move|p2a: Corviknight|Defog|p1a: Ferrothorn\n|-unboost|p1a: Ferrothorn|evasion|1\n|-sideend|p2: Gengargamingnation|Spikes|[from] move: Defog|[of] p2a: Corviknight\n|move|p1a: Ferrothorn|Thunder Wave|p2a: Corviknight\n|-status|p2a: Corviknight|par\n|\n|-heal|p2a: Corviknight|100\/100 par|[from] item: Leftovers\n|upkeep\n|turn|13\n|\n|t:|1616764142\n|move|p2a: Corviknight|U-turn|p1a: Ferrothorn\n|-damage|p1a: Ferrothorn|91\/100\n|-damage|p2a: Corviknight|88\/100 par|[from] ability: Iron Barbs|[of] p1a: Ferrothorn\n|\n|t:|1616764144\n|switch|p2a: Buzzwole|Buzzwole|80\/100|[from]move: U-turn\n|move|p1a: Ferrothorn|Spikes|p2a: Buzzwole\n|-sidestart|p2: Gengargamingnation|Spikes\n|\n|-heal|p1a: Ferrothorn|97\/100|[from] item: Leftovers\n|upkeep\n|turn|14\n|\n|t:|1616764147\n|switch|p1a: Clefable|Clefable, M|100\/100\n|move|p2a: Buzzwole|Ice Punch|p1a: Clefable\n|-damage|p1a: Clefable|82\/100\n|-status|p1a: Clefable|frz\n|\n|upkeep\n|turn|15\n|\n|t:|1616764155\n|switch|p2a: Tyranitar|Tyranitar, M|100\/100\n|-damage|p2a: Tyranitar|88\/100|[from] Spikes\n|-weather|Sandstorm|[from] ability: Sand Stream|[of] p2a: Tyranitar\n|cant|p1a: Clefable|frz\n|\n|-weather|Sandstorm|[upkeep]\n|-damage|p1a: Clefable|76\/100 frz|[from] Sandstorm\n|upkeep\n|turn|16\n|\n|t:|1616764159\n|switch|p1a: Hippowdon|Hippowdon, M|100\/100\n|move|p2a: Tyranitar|Stone Edge|p1a: Hippowdon\n|-resisted|p1a: Hippowdon\n|-damage|p1a: Hippowdon|70\/100\n|\n|-weather|Sandstorm|[upkeep]\n|-heal|p1a: Hippowdon|77\/100|[from] item: Leftovers\n|upkeep\n|turn|17\n|\n|t:|1616764169\n|switch|p2a: Corviknight|Corviknight, M|88\/100 par\n|-ability|p2a: Corviknight|Pressure\n|switch|p1a: Tapu Koko|Tapu Koko, shiny|88\/100\n|-fieldstart|move: Electric Terrain|[from] ability: Electric Surge|[of] p1a: Tapu Koko\n|\n|-weather|Sandstorm|[upkeep]\n|-damage|p1a: Tapu Koko|82\/100|[from] Sandstorm\n|-heal|p2a: Corviknight|94\/100 par|[from] item: Leftovers\n|upkeep\n|turn|18\n|\n|t:|1616764172\n|switch|p2a: Blissey|Blissey, F|92\/100\n|move|p1a: Tapu Koko|U-turn|p2a: Blissey\n|-damage|p2a: Blissey|77\/100\n|\n|t:|1616764174\n|switch|p1a: Weavile|Weavile, M|100\/100|[from]move: U-turn\n|\n|-weather|Sandstorm|[upkeep]\n|-damage|p1a: Weavile|94\/100|[from] Sandstorm\n|-damage|p2a: Blissey|71\/100|[from] Sandstorm\n|upkeep\n|turn|19\n|\n|t:|1616764178\n|switch|p2a: Buzzwole|Buzzwole|80\/100\n|-damage|p2a: Buzzwole|67\/100|[from] Spikes\n|move|p1a: Weavile|Swords Dance|p1a: Weavile\n|-boost|p1a: Weavile|atk|2\n|\n|-weather|none\n|upkeep\n|turn|20\n|\n|t:|1616764180\n|move|p1a: Weavile|Triple Axel|p2a: Buzzwole\n|-damage|p2a: Buzzwole|58\/100\n|-damage|p1a: Weavile|78\/100|[from] item: Rocky Helmet|[of] p2a: Buzzwole\n|-damage|p2a: Buzzwole|36\/100\n|-damage|p1a: Weavile|62\/100|[from] item: Rocky Helmet|[of] p2a: Buzzwole\n|-damage|p2a: Buzzwole|5\/100\n|-damage|p1a: Weavile|45\/100|[from] item: Rocky Helmet|[of] p2a: Buzzwole\n|-hitcount|p2a: Buzzwole|3\n|move|p2a: Buzzwole|Drain Punch|p1a: Weavile\n|-supereffective|p1a: Weavile\n|-damage|p1a: Weavile|0 fnt\n|-heal|p2a: Buzzwole|20\/100|[from] drain|[of] p1a: Weavile\n|faint|p1a: Weavile\n|-ability|p2a: Buzzwole|Beast Boost|boost\n|-boost|p2a: Buzzwole|def|1\n|\n|upkeep\n|\n|t:|1616764191\n|switch|p1a: Tapu Koko|Tapu Koko, shiny|82\/100\n|turn|21\n|\n|t:|1616764194\n|switch|p2a: Blissey|Blissey, F|71\/100\n|move|p1a: Tapu Koko|U-turn|p2a: Blissey\n|-damage|p2a: Blissey|57\/100\n|\n|t:|1616764198\n|switch|p1a: Ferrothorn|Ferrothorn, F|97\/100|[from]move: U-turn\n|\n|-heal|p1a: Ferrothorn|100\/100|[from] item: Leftovers\n|-fieldend|move: Electric Terrain\n|upkeep\n|turn|22\n|\n|t:|1616764202\n|move|p2a: Blissey|Soft-Boiled|p2a: Blissey\n|-heal|p2a: Blissey|100\/100\n|move|p1a: Ferrothorn|Spikes|p2a: Blissey\n|-sidestart|p2: Gengargamingnation|Spikes\n|\n|upkeep\n|turn|23\n|\n|t:|1616764205\n|move|p1a: Ferrothorn|Thunder Wave|p2a: Blissey|[miss]\n|-miss|p1a: Ferrothorn|p2a: Blissey\n|move|p2a: Blissey|Teleport|p2a: Blissey\n|\n|t:|1616764208\n|switch|p2a: Corviknight|Corviknight, M|94\/100 par|[from]move: Teleport\n|-ability|p2a: Corviknight|Pressure\n|\n|-heal|p2a: Corviknight|100\/100 par|[from] item: Leftovers\n|upkeep\n|turn|24\n|\n|t:|1616764211\n|move|p2a: Corviknight|Defog|p1a: Ferrothorn\n|-unboost|p1a: Ferrothorn|evasion|1\n|-sideend|p2: Gengargamingnation|Spikes|[from] move: Defog|[of] p2a: Corviknight\n|move|p1a: Ferrothorn|Spikes|p2a: Corviknight\n|-sidestart|p2: Gengargamingnation|Spikes\n|\n|upkeep\n|turn|25\n|\n|t:|1616764214\n|switch|p2a: Buzzwole|Buzzwole|20\/100\n|-damage|p2a: Buzzwole|8\/100|[from] Spikes\n|move|p1a: Ferrothorn|Leech Seed|p2a: Buzzwole\n|-start|p2a: Buzzwole|move: Leech Seed\n|\n|-damage|p2a: Buzzwole|0 fnt|[from] Leech Seed|[of] p1a: Ferrothorn\n|faint|p2a: Buzzwole\n|upkeep\n|\n|t:|1616764222\n|switch|p2a: Blissey|Blissey, F|100\/100\n|turn|26\n|\n|t:|1616764224\n|move|p2a: Blissey|Thunder Wave|p1a: Ferrothorn\n|-status|p1a: Ferrothorn|par\n|move|p1a: Ferrothorn|Leech Seed|p2a: Blissey\n|-start|p2a: Blissey|move: Leech Seed\n|\n|-damage|p2a: Blissey|88\/100|[from] Leech Seed|[of] p1a: Ferrothorn\n|upkeep\n|turn|27\n|\n|t:|1616764226\n|move|p1a: Ferrothorn|Spikes|p2a: Blissey\n|-sidestart|p2: Gengargamingnation|Spikes\n|move|p2a: Blissey|Teleport|p2a: Blissey\n|\n|t:|1616764228\n|switch|p2a: Corviknight|Corviknight, M|100\/100 par|[from]move: Teleport\n|-ability|p2a: Corviknight|Pressure\n|\n|upkeep\n|turn|28\n|\n|t:|1616764231\n|move|p2a: Corviknight|Defog|p1a: Ferrothorn\n|-unboost|p1a: Ferrothorn|evasion|1\n|-sideend|p2: Gengargamingnation|Spikes|[from] move: Defog|[of] p2a: Corviknight\n|cant|p1a: Ferrothorn|par\n|\n|upkeep\n|turn|29\n|\n|t:|1616764234\n|move|p2a: Corviknight|U-turn|p1a: Ferrothorn\n|-damage|p1a: Ferrothorn|89\/100 par\n|-damage|p2a: Corviknight|88\/100 par|[from] ability: Iron Barbs|[of] p1a: Ferrothorn\n|\n|t:|1616764237\n|switch|p2a: Dragapult|Dragapult, F|100\/100|[from]move: U-turn\n|move|p1a: Ferrothorn|Spikes|p2a: Dragapult\n|-sidestart|p2: Gengargamingnation|Spikes\n|\n|-heal|p1a: Ferrothorn|96\/100 par|[from] item: Leftovers\n|upkeep\n|turn|30\n|\n|t:|1616764242\n|switch|p1a: Hippowdon|Hippowdon, M|77\/100\n|-weather|Sandstorm|[from] ability: Sand Stream|[of] p1a: Hippowdon\n|move|p2a: Dragapult|Hex|p1a: Hippowdon\n|-damage|p1a: Hippowdon|46\/100\n|\n|-weather|Sandstorm|[upkeep]\n|-damage|p2a: Dragapult|95\/100|[from] Sandstorm\n|-heal|p1a: Hippowdon|52\/100|[from] item: Leftovers\n|upkeep\n|turn|31\n|\n|t:|1616764246\n|switch|p2a: Garchomp|Garchomp, M|94\/100\n|-damage|p2a: Garchomp|81\/100|[from] Spikes\n|move|p1a: Hippowdon|Slack Off|p1a: Hippowdon\n|-heal|p1a: Hippowdon|100\/100\n|\n|-weather|Sandstorm|[upkeep]\n|-heal|p2a: Garchomp|87\/100|[from] item: Leftovers\n|upkeep\n|turn|32\n|\n|t:|1616764248\n|move|p2a: Garchomp|Toxic|p1a: Hippowdon\n|-status|p1a: Hippowdon|tox\n|move|p1a: Hippowdon|Toxic|p2a: Garchomp\n|-status|p2a: Garchomp|tox\n|\n|-weather|Sandstorm|[upkeep]\n|-heal|p2a: Garchomp|94\/100 tox|[from] item: Leftovers\n|-damage|p2a: Garchomp|87\/100 tox|[from] psn\n|-damage|p1a: Hippowdon|94\/100 tox|[from] psn\n|upkeep\n|turn|33\n|\n|t:|1616764252\n|switch|p1a: Clefable|Clefable, M|76\/100 frz\n|move|p2a: Garchomp|Stealth Rock|p1a: Clefable\n|-sidestart|p1: Diameter\u272fXtreme|move: Stealth Rock\n|\n|-weather|Sandstorm|[upkeep]\n|-damage|p1a: Clefable|70\/100 frz|[from] Sandstorm\n|-heal|p2a: Garchomp|94\/100 tox|[from] item: Leftovers\n|-damage|p2a: Garchomp|81\/100 tox|[from] psn\n|upkeep\n|turn|34\n|\n|t:|1616764257\n|switch|p2a: Blissey|Blissey, F|88\/100\n|cant|p1a: Clefable|frz\n|\n|-weather|none\n|upkeep\n|turn|35\n|\n|t:|1616764261\n|cant|p1a: Clefable|frz\n|move|p2a: Blissey|Aromatherapy|p2a: Blissey\n|-activate|p2a: Blissey|move: Aromatherapy\n|-curestatus|p2: Corviknight|par|[msg]\n|-curestatus|p2: Garchomp|tox|[msg]\n|\n|upkeep\n|turn|36\n|\n|t:|1616764264\n|cant|p1a: Clefable|frz\n|move|p2a: Blissey|Teleport|p2a: Blissey\n|\n|t:|1616764266\n|switch|p2a: Dragapult|Dragapult, F|95\/100|[from]move: Teleport\n|-damage|p2a: Dragapult|82\/100|[from] Spikes\n|\n|upkeep\n|turn|37\n|\n|t:|1616764271\n|switch|p1a: Eros|Salamence, M|100\/100\n|-ability|p1a: Eros|Intimidate|boost\n|-unboost|p2a: Dragapult|atk|1\n|move|p2a: Dragapult|Hex|p1a: Eros\n|-damage|p1a: Eros|59\/100\n|\n|upkeep\n|turn|38\n|\n|t:|1616764276\n|switch|p2a: Blissey|Blissey, F|88\/100\n|move|p1a: Eros|Roost|p1a: Eros\n|-heal|p1a: Eros|100\/100\n|-singleturn|p1a: Eros|move: Roost\n|\n|upkeep\n|turn|39\n|\n|t:|1616764281\n|move|p1a: Eros|Hurricane|p2a: Blissey\n|-damage|p2a: Blissey|73\/100\n|move|p2a: Blissey|Teleport|p2a: Blissey\n|\n|t:|1616764283\n|switch|p2a: Tyranitar|Tyranitar, M|88\/100|[from]move: Teleport\n|-damage|p2a: Tyranitar|76\/100|[from] Spikes\n|-weather|Sandstorm|[from] ability: Sand Stream|[of] p2a: Tyranitar\n|\n|-weather|Sandstorm|[upkeep]\n|-damage|p1a: Eros|94\/100|[from] Sandstorm\n|upkeep\n|turn|40\n|\n|t:|1616764286\n|switch|p1a: Ferrothorn|Ferrothorn, F|96\/100 par\n|-damage|p1a: Ferrothorn|89\/100 par|[from] Stealth Rock\n|move|p2a: Tyranitar|Stone Edge|p1a: Ferrothorn\n|-resisted|p1a: Ferrothorn\n|-damage|p1a: Ferrothorn|56\/100 par\n|\n|-weather|Sandstorm|[upkeep]\n|-heal|p1a: Ferrothorn|62\/100 par|[from] item: Leftovers\n|upkeep\n|turn|41\n|l| marco le phoenix\n|\n|t:|1616764296\n|switch|p2a: Corviknight|Corviknight, M|88\/100\n|-ability|p2a: Corviknight|Pressure\n|move|p1a: Ferrothorn|Leech Seed|p2a: Corviknight\n|-start|p2a: Corviknight|move: Leech Seed\n|\n|-weather|Sandstorm|[upkeep]\n|-heal|p2a: Corviknight|94\/100|[from] item: Leftovers\n|-heal|p1a: Ferrothorn|69\/100 par|[from] item: Leftovers\n|-damage|p2a: Corviknight|82\/100|[from] Leech Seed|[of] p1a: Ferrothorn\n|-heal|p1a: Ferrothorn|83\/100 par|[silent]\n|upkeep\n|turn|42\n|\n|t:|1616764299\n|move|p2a: Corviknight|U-turn|p1a: Ferrothorn\n|-damage|p1a: Ferrothorn|72\/100 par\n|-damage|p2a: Corviknight|69\/100|[from] ability: Iron Barbs|[of] p1a: Ferrothorn\n|\n|t:|1616764300\n|switch|p2a: Dragapult|Dragapult, F|82\/100|[from]move: U-turn\n|-damage|p2a: Dragapult|70\/100|[from] Spikes\n|move|p1a: Ferrothorn|Spikes|p2a: Dragapult\n|-sidestart|p2: Gengargamingnation|Spikes\n|\n|-weather|Sandstorm|[upkeep]\n|-damage|p2a: Dragapult|64\/100|[from] Sandstorm\n|-heal|p1a: Ferrothorn|78\/100 par|[from] item: Leftovers\n|upkeep\n|turn|43\n|\n|t:|1616764305\n|switch|p1a: Tapu Koko|Tapu Koko, shiny|82\/100\n|-fieldstart|move: Electric Terrain|[from] ability: Electric Surge|[of] p1a: Tapu Koko\n|move|p2a: Dragapult|Hex|p1a: Tapu Koko\n|-damage|p1a: Tapu Koko|20\/100\n|\n|-weather|none\n|upkeep\n|turn|44\n|j| marco le phoenix\n|\n|t:|1616764311\n|switch|p1a: Eros|Salamence, M|94\/100\n|-ability|p1a: Eros|Intimidate|boost\n|-unboost|p2a: Dragapult|atk|1\n|move|p2a: Dragapult|Hex|p1a: Eros\n|-damage|p1a: Eros|52\/100\n|\n|upkeep\n|turn|45\n|\n|t:|1616764316\n|switch|p2a: Blissey|Blissey, F|73\/100\n|move|p1a: Eros|Roost|p1a: Eros\n|-heal|p1a: Eros|100\/100\n|-singleturn|p1a: Eros|move: Roost\n|\n|upkeep\n|turn|46\n|\n|t:|1616764319\n|switch|p1a: Clefable|Clefable, M|70\/100 frz\n|move|p2a: Blissey|Thunder Wave||[still]\n|-fail|p2a: Blissey\n|\n|upkeep\n|turn|47\n|\n|t:|1616764322\n|-curestatus|p1a: Clefable|frz|[msg]\n|move|p1a: Clefable|Aromatherapy|p1a: Clefable\n|-activate|p1a: Clefable|move: Aromatherapy\n|-curestatus|p1: Ferrothorn|par|[msg]\n|-curestatus|p1: Hippowdon|tox|[msg]\n|move|p2a: Blissey|Teleport|p2a: Blissey\n|l| marco le phoenix\n|\n|t:|1616764328\n|switch|p2a: Tyranitar|Tyranitar, M|76\/100|[from]move: Teleport\n|-damage|p2a: Tyranitar|59\/100|[from] Spikes\n|-weather|Sandstorm|[from] ability: Sand Stream|[of] p2a: Tyranitar\n|\n|-weather|Sandstorm|[upkeep]\n|-damage|p1a: Clefable|64\/100|[from] Sandstorm\n|-fieldend|move: Electric Terrain\n|upkeep\n|turn|48\n|\n|t:|1616764332\n|switch|p1a: Hippowdon|Hippowdon, M|94\/100\n|-damage|p1a: Hippowdon|88\/100|[from] Stealth Rock\n|move|p2a: Tyranitar|Stone Edge|p1a: Hippowdon|[miss]\n|-miss|p2a: Tyranitar|p1a: Hippowdon\n|\n|-weather|Sandstorm|[upkeep]\n|-heal|p1a: Hippowdon|94\/100|[from] item: Leftovers\n|upkeep\n|turn|49\n|\n|t:|1616764337\n|switch|p2a: Corviknight|Corviknight, M|69\/100\n|-ability|p2a: Corviknight|Pressure\n|switch|p1a: Tapu Koko|Tapu Koko, shiny|20\/100\n|-fieldstart|move: Electric Terrain|[from] ability: Electric Surge|[of] p1a: Tapu Koko\n|\n|-weather|Sandstorm|[upkeep]\n|-damage|p1a: Tapu Koko|14\/100|[from] Sandstorm\n|-heal|p2a: Corviknight|75\/100|[from] item: Leftovers\n|upkeep\n|turn|50\n|\n|t:|1616764343\n|switch|p2a: Blissey|Blissey, F|73\/100\n|move|p1a: Tapu Koko|Roost|p1a: Tapu Koko\n|-heal|p1a: Tapu Koko|64\/100\n|-singleturn|p1a: Tapu Koko|move: Roost\n|\n|-weather|Sandstorm|[upkeep]\n|-damage|p1a: Tapu Koko|58\/100|[from] Sandstorm\n|-damage|p2a: Blissey|67\/100|[from] Sandstorm\n|upkeep\n|turn|51\n|\n|t:|1616764348\n|move|p1a: Tapu Koko|Roost|p1a: Tapu Koko\n|-heal|p1a: Tapu Koko|100\/100\n|-singleturn|p1a: Tapu Koko|move: Roost\n|move|p2a: Blissey|Soft-Boiled|p2a: Blissey\n|-heal|p2a: Blissey|100\/100\n|\n|-weather|none\n|upkeep\n|turn|52\n|\n|t:|1616764352\n|move|p1a: Tapu Koko|U-turn|p2a: Blissey\n|-damage|p2a: Blissey|86\/100\n|\n|t:|1616764362\n|switch|p1a: Ferrothorn|Ferrothorn, F|78\/100|[from]move: U-turn\n|-damage|p1a: Ferrothorn|72\/100|[from] Stealth Rock\n|move|p2a: Blissey|Teleport|p2a: Blissey\n|\n|t:|1616764367\n|switch|p2a: Corviknight|Corviknight, M|75\/100|[from]move: Teleport\n|-ability|p2a: Corviknight|Pressure\n|\n|-heal|p2a: Corviknight|82\/100|[from] item: Leftovers\n|-heal|p1a: Ferrothorn|78\/100|[from] item: Leftovers\n|upkeep\n|turn|53\n|\n|t:|1616764369\n|move|p2a: Corviknight|Defog|p1a: Ferrothorn\n|-unboost|p1a: Ferrothorn|evasion|1\n|-sideend|p1: Diameter\u272fXtreme|Stealth Rock|[from] move: Defog|[of] p2a: Corviknight\n|-sideend|p2: Gengargamingnation|Spikes|[from] move: Defog|[of] p2a: Corviknight\n|-fieldend|move: Electric Terrain\n|move|p1a: Ferrothorn|Thunder Wave|p2a: Corviknight\n|-status|p2a: Corviknight|par\n|\n|-heal|p2a: Corviknight|88\/100 par|[from] item: Leftovers\n|-heal|p1a: Ferrothorn|85\/100|[from] item: Leftovers\n|upkeep\n|turn|54\n|\n|t:|1616764372\n|move|p2a: Corviknight|U-turn|p1a: Ferrothorn\n|-damage|p1a: Ferrothorn|74\/100\n|-damage|p2a: Corviknight|75\/100 par|[from] ability: Iron Barbs|[of] p1a: Ferrothorn\n|\n|t:|1616764376\n|switch|p2a: Blissey|Blissey, F|86\/100|[from]move: U-turn\n|move|p1a: Ferrothorn|Spikes|p2a: Blissey\n|-sidestart|p2: Gengargamingnation|Spikes\n|\n|-heal|p1a: Ferrothorn|80\/100|[from] item: Leftovers\n|upkeep\n|turn|55\n|\n|t:|1616764380\n|move|p2a: Blissey|Thunder Wave|p1a: Ferrothorn\n|-status|p1a: Ferrothorn|par\n|move|p1a: Ferrothorn|Gyro Ball|p2a: Blissey\n|-damage|p2a: Blissey|46\/100\n|\n|-heal|p1a: Ferrothorn|86\/100 par|[from] item: Leftovers\n|upkeep\n|turn|56\n|\n|t:|1616764384\n|move|p2a: Blissey|Soft-Boiled|p2a: Blissey\n|-heal|p2a: Blissey|96\/100\n|move|p1a: Ferrothorn|Spikes|p2a: Blissey\n|-sidestart|p2: Gengargamingnation|Spikes\n|\n|-heal|p1a: Ferrothorn|93\/100 par|[from] item: Leftovers\n|upkeep\n|turn|57\n|\n|t:|1616764388\n|switch|p2a: Corviknight|Corviknight, M|75\/100 par\n|-ability|p2a: Corviknight|Pressure\n|switch|p1a: Tapu Koko|Tapu Koko, shiny|100\/100\n|-fieldstart|move: Electric Terrain|[from] ability: Electric Surge|[of] p1a: Tapu Koko\n|\n|-heal|p2a: Corviknight|82\/100 par|[from] item: Leftovers\n|upkeep\n|turn|58\n|\n|t:|1616764391\n|switch|p2a: Blissey|Blissey, F|96\/100\n|move|p1a: Tapu Koko|U-turn|p2a: Blissey\n|-damage|p2a: Blissey|82\/100\n|\n|t:|1616764396\n|switch|p1a: Clefable|Clefable, M|64\/100|[from]move: U-turn\n|\n|upkeep\n|turn|59\n|\n|t:|1616764401\n|move|p1a: Clefable|Soft-Boiled|p1a: Clefable\n|-heal|p1a: Clefable|100\/100\n|move|p2a: Blissey|Teleport|p2a: Blissey\n|\n|t:|1616764406\n|switch|p2a: Tyranitar|Tyranitar, M|59\/100|[from]move: Teleport\n|-damage|p2a: Tyranitar|43\/100|[from] Spikes\n|-weather|Sandstorm|[from] ability: Sand Stream|[of] p2a: Tyranitar\n|\n|-weather|Sandstorm|[upkeep]\n|-damage|p1a: Clefable|94\/100|[from] Sandstorm\n|upkeep\n|turn|60\n|\n|t:|1616764416\n|move|p2a: Tyranitar|Stone Edge|p1a: Clefable\n|-crit|p1a: Clefable\n|-damage|p1a: Clefable|0 fnt\n|faint|p1a: Clefable\n|\n|-weather|Sandstorm|[upkeep]\n|upkeep\n|c|\u2606Diameter\u272fXtreme|...\n|-message|Diameter\u272fXtreme forfeited.\n|\n|win|Gengargamingnation\n|raw|Diameter\u272fXtreme's rating: 1761 &rarr; <strong>1740<\/strong><br \/>(-21 for losing)\n|raw|Gengargamingnation's rating: 1736 &rarr; <strong>1757<\/strong><br \/>(+21 for winning)\n|l|\u2606Gengargamingnation\n","uploadtime":1616764426,"views":22,"p1id":"diameterxtreme","p2id":"gengargamingnation","formatid":"gen8ou","rating":1740,"private":0,"password":null}