{"id":"gen8randombattle-1362637963","p1":"Lifelink9000","p2":"DjezzeMwoan","format":"gen8randombattle","log":"|j|\u2606Lifelink9000\n|j|\u2606DjezzeMwoan\n|t:|1624280626\n|gametype|singles\n|player|p1|Lifelink9000|265|1994\n|player|p2|DjezzeMwoan|52|2140\n|teamsize|p1|6\n|teamsize|p2|6\n|gen|8\n|tier|[Gen 8] Random Battle\n|rated|\n|rule|Species Clause: Limit one of each Pok\u00e9mon\n|rule|HP Percentage Mod: HP is shown in percentages\n|rule|Sleep Clause Mod: Limit one foe put to sleep\n|\n|t:|1624280626\n|start\n|switch|p1a: Sirfetch\u2019d|Sirfetch\u2019d, L82, F|236\/236\n|switch|p2a: Chandelure|Chandelure, L82, F|233\/233\n|turn|1\n|inactive|Battle timer is ON: inactive players will automatically lose when time's up. (requested by Lifelink9000)\n|\n|t:|1624280658\n|switch|p2a: Butterfree|Butterfree, L86, F|243\/243\n|move|p1a: Sirfetch\u2019d|Knock Off|p2a: Butterfree\n|-damage|p2a: Butterfree|74\/243\n|-enditem|p2a: Butterfree|Heavy-Duty Boots|[from] move: Knock Off|[of] p1a: Sirfetch\u2019d\n|-damage|p1a: Sirfetch\u2019d|213\/236|[from] item: Life Orb\n|\n|upkeep\n|turn|2\n|\n|t:|1624280667\n|move|p2a: Butterfree|Sleep Powder|p1a: Sirfetch\u2019d\n|-status|p1a: Sirfetch\u2019d|slp|[from] move: Sleep Powder\n|cant|p1a: Sirfetch\u2019d|slp\n|\n|upkeep\n|turn|3\n|\n|t:|1624280680\n|switch|p1a: Nihilego|Nihilego, L80|306\/306\n|move|p2a: Butterfree|Quiver Dance|p2a: Butterfree\n|-boost|p2a: Butterfree|spa|1\n|-boost|p2a: Butterfree|spd|1\n|-boost|p2a: Butterfree|spe|1\n|\n|upkeep\n|turn|4\n|\n|t:|1624280683\n|move|p2a: Butterfree|Energy Ball|p1a: Nihilego\n|-damage|p1a: Nihilego|226\/306\n|move|p1a: Nihilego|Power Gem|p2a: Butterfree\n|-supereffective|p2a: Butterfree\n|-damage|p2a: Butterfree|0 fnt\n|faint|p2a: Butterfree\n|-ability|p1a: Nihilego|Beast Boost|boost\n|-boost|p1a: Nihilego|spa|1\n|\n|-heal|p1a: Nihilego|245\/306|[from] item: Black Sludge\n|upkeep\n|\n|t:|1624280691\n|switch|p2a: Pangoro|Pangoro, L84, M|297\/297\n|turn|5\n|\n|t:|1624280700\n|switch|p1a: Aromatisse|Aromatisse, L88, M|321\/321\n|move|p2a: Pangoro|Close Combat|p1a: Aromatisse\n|-resisted|p1a: Aromatisse\n|-damage|p1a: Aromatisse|199\/321\n|-unboost|p2a: Pangoro|def|1\n|-unboost|p2a: Pangoro|spd|1\n|\n|-heal|p1a: Aromatisse|219\/321|[from] item: Leftovers\n|upkeep\n|turn|6\n|\n|t:|1624280707\n|switch|p2a: Chandelure|Chandelure, L82, F|233\/233\n|move|p1a: Aromatisse|Moonblast|p2a: Chandelure\n|-resisted|p2a: Chandelure\n|-damage|p2a: Chandelure|173\/233\n|-unboost|p2a: Chandelure|spa|1\n|\n|-heal|p1a: Aromatisse|239\/321|[from] item: Leftovers\n|upkeep\n|turn|7\n|\n|t:|1624280712\n|move|p2a: Chandelure|Substitute|p2a: Chandelure\n|-start|p2a: Chandelure|Substitute\n|-damage|p2a: Chandelure|115\/233\n|move|p1a: Aromatisse|Toxic||[still]\n|-fail|p1a: Aromatisse\n|\n|-heal|p1a: Aromatisse|259\/321|[from] item: Leftovers\n|upkeep\n|turn|8\n|\n|t:|1624280717\n|move|p2a: Chandelure|Calm Mind|p2a: Chandelure\n|-boost|p2a: Chandelure|spa|1\n|-boost|p2a: Chandelure|spd|1\n|move|p1a: Aromatisse|Moonblast|p2a: Chandelure\n|-resisted|p2a: Chandelure\n|-activate|p2a: Chandelure|move: Substitute|[damage]\n|\n|-heal|p1a: Aromatisse|279\/321|[from] item: Leftovers\n|upkeep\n|turn|9\n|\n|t:|1624280722\n|switch|p1a: Thievul|Thievul, L86, M|261\/261\n|move|p2a: Chandelure|Calm Mind|p2a: Chandelure\n|-boost|p2a: Chandelure|spa|1\n|-boost|p2a: Chandelure|spd|1\n|\n|upkeep\n|turn|10\n|\n|t:|1624280725\n|move|p1a: Thievul|Dark Pulse|p2a: Chandelure\n|-supereffective|p2a: Chandelure\n|-end|p2a: Chandelure|Substitute\n|move|p2a: Chandelure|Fire Blast|p1a: Thievul\n|-damage|p1a: Thievul|50\/261\n|-status|p1a: Thievul|brn\n|\n|-heal|p1a: Thievul|66\/261 brn|[from] item: Leftovers\n|-damage|p1a: Thievul|50\/261 brn|[from] brn\n|upkeep\n|turn|11\n|j| j54321\n|\n|t:|1624280740\n|switch|p2a: Pangoro|Pangoro, L84, M|297\/297\n|move|p1a: Thievul|Dark Pulse|p2a: Pangoro\n|-resisted|p2a: Pangoro\n|-damage|p2a: Pangoro|251\/297\n|\n|-heal|p1a: Thievul|66\/261 brn|[from] item: Leftovers\n|-damage|p1a: Thievul|50\/261 brn|[from] brn\n|upkeep\n|turn|12\n|\n|t:|1624280747\n|move|p1a: Thievul|Parting Shot|p2a: Pangoro\n|-unboost|p2a: Pangoro|atk|1\n|-unboost|p2a: Pangoro|spa|1\n|\n|t:|1624280749\n|switch|p1a: Aromatisse|Aromatisse, L88, M|279\/321\n|move|p2a: Pangoro|Parting Shot|p1a: Aromatisse\n|-unboost|p1a: Aromatisse|atk|1\n|-unboost|p1a: Aromatisse|spa|1\n|\n|t:|1624280756\n|switch|p2a: Chandelure|Chandelure, L82, F|115\/233\n|\n|-heal|p1a: Aromatisse|299\/321|[from] item: Leftovers\n|upkeep\n|turn|13\n|\n|t:|1624280760\n|switch|p1a: Thievul|Thievul, L86, M|50\/261 brn\n|move|p2a: Chandelure|Fire Blast|p1a: Thievul\n|-damage|p1a: Thievul|0 fnt\n|faint|p1a: Thievul\n|\n|upkeep\n|\n|t:|1624280771\n|switch|p1a: Nihilego|Nihilego, L80|245\/306\n|turn|14\n|\n|t:|1624280776\n|switch|p2a: Pangoro|Pangoro, L84, M|251\/297\n|move|p1a: Nihilego|Stealth Rock|p2a: Pangoro\n|-sidestart|p2: DjezzeMwoan|move: Stealth Rock\n|\n|-heal|p1a: Nihilego|264\/306|[from] item: Black Sludge\n|upkeep\n|turn|15\n|\n|t:|1624280782\n|switch|p1a: Aromatisse|Aromatisse, L88, M|299\/321\n|move|p2a: Pangoro|Close Combat|p1a: Aromatisse\n|-resisted|p1a: Aromatisse\n|-damage|p1a: Aromatisse|171\/321\n|-unboost|p2a: Pangoro|def|1\n|-unboost|p2a: Pangoro|spd|1\n|\n|-heal|p1a: Aromatisse|191\/321|[from] item: Leftovers\n|upkeep\n|turn|16\n|\n|t:|1624280794\n|switch|p2a: Moltres|Moltres, L80|275\/275\n|move|p1a: Aromatisse|Toxic|p2a: Moltres\n|-status|p2a: Moltres|tox\n|\n|-heal|p1a: Aromatisse|211\/321|[from] item: Leftovers\n|-damage|p2a: Moltres|258\/275 tox|[from] psn\n|upkeep\n|turn|17\n|\n|t:|1624280797\n|move|p2a: Moltres|Fire Blast|p1a: Aromatisse\n|-damage|p1a: Aromatisse|78\/321\n|move|p1a: Aromatisse|Wish|p1a: Aromatisse\n|\n|-heal|p1a: Aromatisse|98\/321|[from] item: Leftovers\n|-damage|p2a: Moltres|224\/275 tox|[from] psn\n|upkeep\n|turn|18\n|\n|t:|1624280812\n|switch|p2a: Chandelure|Chandelure, L82, F|115\/233\n|move|p1a: Aromatisse|Protect||[still]\n|-fail|p1a: Aromatisse\n|\n|-heal|p1a: Aromatisse|258\/321|[from] move: Wish|[wisher] Aromatisse\n|-heal|p1a: Aromatisse|278\/321|[from] item: Leftovers\n|upkeep\n|turn|19\n|\n|t:|1624280826\n|switch|p1a: Nihilego|Nihilego, L80|264\/306\n|move|p2a: Chandelure|Substitute|p2a: Chandelure\n|-start|p2a: Chandelure|Substitute\n|-damage|p2a: Chandelure|57\/233\n|\n|-heal|p1a: Nihilego|283\/306|[from] item: Black Sludge\n|upkeep\n|turn|20\n|\n|t:|1624280835\n|move|p1a: Nihilego|Sludge Wave|p2a: Chandelure\n|-resisted|p2a: Chandelure\n|-activate|p2a: Chandelure|move: Substitute|[damage]\n|move|p2a: Chandelure|Shadow Ball|p1a: Nihilego\n|-damage|p1a: Nihilego|189\/306\n|\n|-heal|p1a: Nihilego|208\/306|[from] item: Black Sludge\n|upkeep\n|turn|21\n|\n|t:|1624280845\n|move|p1a: Nihilego|Power Gem|p2a: Chandelure\n|-supereffective|p2a: Chandelure\n|-end|p2a: Chandelure|Substitute\n|move|p2a: Chandelure|Shadow Ball|p1a: Nihilego\n|-damage|p1a: Nihilego|118\/306\n|\n|-heal|p1a: Nihilego|137\/306|[from] item: Black Sludge\n|upkeep\n|turn|22\n|\n|t:|1624280852\n|switch|p2a: Diggersby|Diggersby, L80, F|267\/267\n|-damage|p2a: Diggersby|251\/267|[from] Stealth Rock\n|move|p1a: Nihilego|Power Gem|p2a: Diggersby\n|-resisted|p2a: Diggersby\n|-damage|p2a: Diggersby|194\/267\n|\n|-heal|p1a: Nihilego|156\/306|[from] item: Black Sludge\n|upkeep\n|turn|23\n|\n|t:|1624280858\n|switch|p1a: Dhelmise|Dhelmise, L86|261\/261\n|move|p2a: Diggersby|Earthquake|p1a: Dhelmise\n|-resisted|p1a: Dhelmise\n|-damage|p1a: Dhelmise|168\/261\n|\n|upkeep\n|turn|24\n|\n|t:|1624280863\n|-start|p2a: Diggersby|Dynamax\n|-heal|p2a: Diggersby|388\/534|[silent]\n|move|p2a: Diggersby|Max Darkness|p1a: Dhelmise\n|-supereffective|p1a: Dhelmise\n|-damage|p1a: Dhelmise|0 fnt\n|faint|p1a: Dhelmise\n|\n|upkeep\n|\n|t:|1624280873\n|switch|p1a: Spiritomb|Spiritomb, L88, M|231\/231\n|turn|25\n|\n|t:|1624280882\n|move|p2a: Diggersby|Max Quake|p1a: Spiritomb\n|-damage|p1a: Spiritomb|89\/231\n|-boost|p2a: Diggersby|spd|1\n|move|p1a: Spiritomb|Foul Play|p2a: Diggersby\n|-damage|p2a: Diggersby|273\/534\n|\n|upkeep\n|turn|26\n|\n|t:|1624280890\n|move|p2a: Diggersby|Max Quake|p1a: Spiritomb\n|-damage|p1a: Spiritomb|0 fnt\n|-boost|p2a: Diggersby|spd|1\n|faint|p1a: Spiritomb\n|\n|-end|p2a: Diggersby|Dynamax\n|-heal|p2a: Diggersby|137\/267|[silent]\n|upkeep\n|\n|t:|1624280896\n|switch|p1a: Aromatisse|Aromatisse, L88, M|278\/321\n|turn|27\n|\n|t:|1624280900\n|move|p2a: Diggersby|Earthquake|p1a: Aromatisse\n|-damage|p1a: Aromatisse|49\/321\n|move|p1a: Aromatisse|Toxic|p2a: Diggersby\n|-status|p2a: Diggersby|tox\n|\n|-heal|p1a: Aromatisse|69\/321|[from] item: Leftovers\n|-damage|p2a: Diggersby|121\/267 tox|[from] psn\n|upkeep\n|turn|28\n|\n|t:|1624280903\n|move|p1a: Aromatisse|Protect|p1a: Aromatisse\n|-singleturn|p1a: Aromatisse|Protect\n|move|p2a: Diggersby|Earthquake|p1a: Aromatisse\n|-activate|p1a: Aromatisse|move: Protect\n|\n|-heal|p1a: Aromatisse|89\/321|[from] item: Leftovers\n|-damage|p2a: Diggersby|89\/267 tox|[from] psn\n|upkeep\n|turn|29\n|\n|t:|1624280913\n|move|p1a: Aromatisse|Protect|p1a: Aromatisse\n|-singleturn|p1a: Aromatisse|Protect\n|move|p2a: Diggersby|Earthquake|p1a: Aromatisse\n|-activate|p1a: Aromatisse|move: Protect\n|\n|-heal|p1a: Aromatisse|109\/321|[from] item: Leftovers\n|-damage|p2a: Diggersby|41\/267 tox|[from] psn\n|upkeep\n|turn|30\n|\n|t:|1624280919\n|move|p1a: Aromatisse|Protect|p1a: Aromatisse\n|-singleturn|p1a: Aromatisse|Protect\n|move|p2a: Diggersby|Earthquake|p1a: Aromatisse\n|-activate|p1a: Aromatisse|move: Protect\n|\n|-heal|p1a: Aromatisse|129\/321|[from] item: Leftovers\n|-damage|p2a: Diggersby|0 fnt|[from] psn\n|faint|p2a: Diggersby\n|upkeep\n|\n|t:|1624280928\n|switch|p2a: Sableye|Sableye, L88, F|231\/231\n|-damage|p2a: Sableye|203\/231|[from] Stealth Rock\n|turn|31\n|\n|t:|1624280934\n|move|p2a: Sableye|Toxic|p1a: Aromatisse\n|-status|p1a: Aromatisse|tox\n|move|p1a: Aromatisse|Wish|p1a: Aromatisse\n|\n|-heal|p2a: Sableye|217\/231|[from] item: Leftovers\n|-heal|p1a: Aromatisse|149\/321 tox|[from] item: Leftovers\n|-damage|p1a: Aromatisse|129\/321 tox|[from] psn\n|upkeep\n|turn|32\n|\n|t:|1624280946\n|move|p2a: Sableye|Knock Off|p1a: Aromatisse\n|-resisted|p1a: Aromatisse\n|-damage|p1a: Aromatisse|78\/321 tox\n|-enditem|p1a: Aromatisse|Leftovers|[from] move: Knock Off|[of] p2a: Sableye\n|move|p1a: Aromatisse|Moonblast|p2a: Sableye\n|-supereffective|p2a: Sableye\n|-damage|p2a: Sableye|0 fnt\n|faint|p2a: Sableye\n|\n|-heal|p1a: Aromatisse|238\/321 tox|[from] move: Wish|[wisher] Aromatisse\n|-damage|p1a: Aromatisse|198\/321 tox|[from] psn\n|upkeep\n|\n|t:|1624280949\n|switch|p2a: Moltres|Moltres, L80|224\/275 tox\n|turn|33\n|\n|t:|1624280961\n|move|p2a: Moltres|U-turn|p1a: Aromatisse\n|-resisted|p1a: Aromatisse\n|-damage|p1a: Aromatisse|172\/321 tox\n|\n|t:|1624280963\n|switch|p2a: Chandelure|Chandelure, L82, F|57\/233\n|move|p1a: Aromatisse|Wish|p1a: Aromatisse\n|\n|-damage|p1a: Aromatisse|112\/321 tox|[from] psn\n|upkeep\n|turn|34\n|\n|t:|1624280967\n|switch|p1a: Nihilego|Nihilego, L80|156\/306\n|move|p2a: Chandelure|Fire Blast|p1a: Nihilego\n|-resisted|p1a: Nihilego\n|-damage|p1a: Nihilego|91\/306\n|\n|-heal|p1a: Nihilego|251\/306|[from] move: Wish|[wisher] Aromatisse\n|-heal|p1a: Nihilego|270\/306|[from] item: Black Sludge\n|upkeep\n|turn|35\n|\n|t:|1624280978\n|move|p1a: Nihilego|Power Gem|p2a: Chandelure\n|-supereffective|p2a: Chandelure\n|-damage|p2a: Chandelure|0 fnt\n|faint|p2a: Chandelure\n|-ability|p1a: Nihilego|Beast Boost|boost\n|-boost|p1a: Nihilego|spa|1\n|\n|-heal|p1a: Nihilego|289\/306|[from] item: Black Sludge\n|upkeep\n|\n|t:|1624280986\n|switch|p2a: Pangoro|Pangoro, L84, M|251\/297\n|-damage|p2a: Pangoro|233\/297|[from] Stealth Rock\n|turn|36\n|\n|t:|1624280996\n|switch|p1a: Sirfetch\u2019d|Sirfetch\u2019d, L82, F|213\/236 slp\n|move|p2a: Pangoro|Close Combat|p1a: Sirfetch\u2019d\n|-damage|p1a: Sirfetch\u2019d|3\/236 slp\n|-unboost|p2a: Pangoro|def|1\n|-unboost|p2a: Pangoro|spd|1\n|\n|upkeep\n|turn|37\n|\n|t:|1624281011\n|-curestatus|p1a: Sirfetch\u2019d|slp|[msg]\n|move|p1a: Sirfetch\u2019d|Close Combat|p2a: Pangoro\n|-supereffective|p2a: Pangoro\n|-damage|p2a: Pangoro|0 fnt\n|-unboost|p1a: Sirfetch\u2019d|def|1\n|-unboost|p1a: Sirfetch\u2019d|spd|1\n|faint|p2a: Pangoro\n|-damage|p1a: Sirfetch\u2019d|0 fnt|[from] item: Life Orb\n|faint|p1a: Sirfetch\u2019d\n|\n|upkeep\n|c|\u2606DjezzeMwoan|go buy a lottery ticket\n|c|\u2606DjezzeMwoan|with that amount of luck it is impossible to lose\n|inactive|DjezzeMwoan has 120 seconds left.\n|c|\u2606DjezzeMwoan|doesnt matter how good you play\n|-message|DjezzeMwoan forfeited.\n|\n|win|Lifelink9000\n|raw|Lifelink9000's rating: 1994 &rarr; <strong>2022<\/strong><br \/>(+28 for winning)\n|raw|DjezzeMwoan's rating: 2140 &rarr; <strong>2112<\/strong><br \/>(-28 for losing)\n|l|\u2606DjezzeMwoan\n","inputlog":">version 9c7781480f615ad0055a6810a329a1a8f6af9e1b\n>start {\"formatid\":\"gen8randombattle\",\"seed\":[1417,50129,18470,41577],\"rated\":\"Rated battle\"}\n>player p1 {\"name\":\"Lifelink9000\",\"avatar\":\"265\",\"rating\":1994,\"seed\":[31194,31777,18581,63214]}\n>player p2 {\"name\":\"DjezzeMwoan\",\"avatar\":\"52\",\"rating\":2140,\"seed\":[3873,12694,31402,29770]}\n>p1 move knockoff\n>p2 switch 4\n>p1 move bravebird\n>p2 move sleeppowder\n>p1 switch 5\n>p2 move quiverdance\n>p1 move powergem\n>p2 move energyball\n>p2 switch 5\n>p1 switch 6\n>p2 move closecombat\n>p1 move moonblast\n>p2 switch 4\n>p1 move toxic\n>p2 move substitute\n>p1 move moonblast\n>p2 move calmmind\n>p1 switch 3\n>p2 move calmmind\n>p1 move darkpulse\n>p2 move fireblast\n>p1 move darkpulse\n>p2 switch 4\n>p1 move partingshot\n>p2 move partingshot\n>p1 switch 3\n>p2 switch 4\n>p1 switch 3\n>p2 move fireblast\n>p1 switch 6\n>p1 move stealthrock\n>p2 switch 4\n>p1 switch 3\n>p2 move closecombat\n>p1 move toxic\n>p2 switch 6\n>p1 move wish\n>p2 move fireblast\n>p1 move protect\n>p2 switch 4\n>p1 switch 3\n>p2 move substitute\n>p1 move sludgewave\n>p2 move shadowball\n>p1 move powergem\n>p2 move shadowball\n>p1 move powergem\n>p2 switch 3\n>p1 switch 4\n>p2 move earthquake\n>p1 move powerwhip\n>p2 move knockoff dynamax\n>p1 switch 2\n>p1 move foulplay\n>p2 move earthquake dynamax\n>p1 move foulplay\n>p2 move earthquake dynamax\n>p1 switch 3\n>p1 move toxic\n>p2 move earthquake\n>p1 move protect\n>p2 move earthquake\n>p1 move protect\n>p2 move earthquake\n>p1 move protect\n>p2 move earthquake\n>p2 switch 2\n>p1 move wish\n>p2 move toxic\n>p1 move moonblast\n>p2 move knockoff\n>p2 switch 4\n>p1 move wish\n>p2 move uturn\n>p2 switch 3\n>p1 switch 4\n>p2 move fireblast\n>p1 move powergem\n>p2 move shadowball\n>p2 switch 6\n>p1 switch 5\n>p2 move closecombat\n>p1 move closecombat\n>p2 move closecombat\n>chat \u2606DjezzeMwoan|go buy a lottery ticket\n>chat \u2606DjezzeMwoan|with that amount of luck it is impossible to lose\n>chat \u2606DjezzeMwoan|doesnt matter how good you play\n>forcelose p2","uploadtime":1624281193,"views":11,"p1id":"lifelink9000","p2id":"djezzemwoan","formatid":"gen8randombattle","rating":2022,"private":0,"password":null}