{"id":"gen8uu-1653573806","p1":"LSSun","p2":"Forwards","format":"gen8uu","log":"|j|\u2606LSSun\n|j|\u2606Forwards\n|t:|1662045664\n|gametype|singles\n|player|p1|LSSun|brendan-gen3rs|1326\n|player|p2|Forwards|rollerskater|1400\n|teamsize|p1|6\n|teamsize|p2|6\n|gen|8\n|tier|[Gen 8] UU\n|rated|\n|rule|Sleep Clause Mod: Limit one foe put to sleep\n|rule|Species Clause: Limit one of each Pok\u00e9mon\n|rule|OHKO Clause: OHKO moves are banned\n|rule|Evasion Items Clause: Evasion items are banned\n|rule|Evasion Moves Clause: Evasion moves are banned\n|rule|Endless Battle Clause: Forcing endless battles is banned\n|rule|HP Percentage Mod: HP is shown in percentages\n|rule|Dynamax Clause: You cannot dynamax\n|clearpoke\n|poke|p1|Torkoal, M|\n|poke|p1|Darmanitan, M|\n|poke|p1|Venusaur, M|\n|poke|p1|Chansey, F|\n|poke|p1|Zygarde-10%|\n|poke|p1|Skarmory, F|\n|poke|p2|Skarmory, M|\n|poke|p2|Klefki, M|\n|poke|p2|Polteageist|\n|poke|p2|Gyarados, F|\n|poke|p2|Zarude|\n|poke|p2|Scolipede, F|\n|teampreview\n|inactive|Battle timer is ON: inactive players will automatically lose when time's up. (requested by LSSun)\n|\n|t:|1662045682\n|start\n|switch|p1a: Torkoal|Torkoal, M|100\/100\n|switch|p2a: Skarmory|Skarmory, M|100\/100\n|-weather|SunnyDay|[from] ability: Drought|[of] p1a: Torkoal\n|turn|1\n|\n|t:|1662045690\n|move|p2a: Skarmory|Taunt|p1a: Torkoal\n|-start|p1a: Torkoal|move: Taunt\n|move|p1a: Torkoal|Lava Plume|p2a: Skarmory\n|-supereffective|p2a: Skarmory\n|-damage|p2a: Skarmory|6\/100\n|\n|-weather|SunnyDay|[upkeep]\n|upkeep\n|turn|2\n|-enditem|p2a: Skarmory|Custap Berry|[eat]\n|-activate|p2a: Skarmory|item: Custap Berry|[consumed]\n|\n|t:|1662045695\n|move|p2a: Skarmory|Stealth Rock|p1a: Torkoal\n|-sidestart|p1: LSSun|move: Stealth Rock\n|move|p1a: Torkoal|Lava Plume|p2a: Skarmory\n|-supereffective|p2a: Skarmory\n|-damage|p2a: Skarmory|0 fnt\n|faint|p2a: Skarmory\n|\n|-weather|SunnyDay|[upkeep]\n|upkeep\n|\n|t:|1662045697\n|switch|p2a: Polteageist|Polteageist|100\/100\n|turn|3\n|inactive|LSSun has 120 seconds left.\n|\n|t:|1662045755\n|move|p2a: Polteageist|Shadow Ball|p1a: Torkoal\n|-damage|p1a: Torkoal|35\/100\n|move|p1a: Torkoal|Lava Plume|p2a: Polteageist\n|-damage|p2a: Polteageist|59\/100\n|\n|-weather|SunnyDay|[upkeep]\n|-end|p1a: Torkoal|move: Taunt\n|upkeep\n|turn|4\n|inactive|LSSun has 90 seconds left.\n|inactive|Forwards has 120 seconds left.\n|\n|t:|1662045790\n|switch|p1a: Chansey|Chansey, F|100\/100\n|-damage|p1a: Chansey|88\/100|[from] Stealth Rock\n|move|p2a: Polteageist|Shadow Ball|p1a: Chansey\n|-immune|p1a: Chansey\n|\n|-weather|SunnyDay|[upkeep]\n|upkeep\n|turn|5\n|\n|t:|1662045795\n|switch|p2a: Klefki|Klefki, M|100\/100\n|move|p1a: Chansey|Thunder Wave|p2a: Klefki\n|-status|p2a: Klefki|par\n|\n|-weather|SunnyDay|[upkeep]\n|upkeep\n|turn|6\n|inactive|LSSun has 90 seconds left.\n|\n|t:|1662045813\n|switch|p1a: Darmanitan|Darmanitan, M|100\/100\n|-damage|p1a: Darmanitan|76\/100|[from] Stealth Rock\n|move|p2a: Klefki|Reflect|p2a: Klefki\n|-sidestart|p2: Forwards|Reflect\n|\n|-weather|SunnyDay|[upkeep]\n|upkeep\n|turn|7\n|\n|t:|1662045818\n|move|p2a: Klefki|Light Screen|p2a: Klefki\n|-sidestart|p2: Forwards|move: Light Screen\n|move|p1a: Darmanitan|Flare Blitz|p2a: Klefki\n|-supereffective|p2a: Klefki\n|-damage|p2a: Klefki|0 fnt\n|faint|p2a: Klefki\n|-damage|p1a: Darmanitan|46\/100|[from] Recoil\n|\n|-weather|SunnyDay|[upkeep]\n|upkeep\n|\n|t:|1662045820\n|switch|p2a: Gyarados|Gyarados, F|100\/100\n|turn|8\n|\n|t:|1662045825\n|move|p1a: Darmanitan|Flare Blitz|p2a: Gyarados\n|-resisted|p2a: Gyarados\n|-damage|p2a: Gyarados|63\/100\n|-damage|p1a: Darmanitan|34\/100|[from] Recoil\n|move|p2a: Gyarados|Dragon Dance|p2a: Gyarados\n|-boost|p2a: Gyarados|atk|1\n|-boost|p2a: Gyarados|spe|1\n|\n|-weather|none\n|upkeep\n|turn|9\n|inactive|LSSun has 120 seconds left.\n|\n|t:|1662045844\n|switch|p1a: Torkoal|Torkoal, M|35\/100\n|-damage|p1a: Torkoal|10\/100|[from] Stealth Rock\n|-weather|SunnyDay|[from] ability: Drought|[of] p1a: Torkoal\n|move|p2a: Gyarados|Waterfall|p1a: Torkoal\n|-supereffective|p1a: Torkoal\n|-damage|p1a: Torkoal|0 fnt\n|faint|p1a: Torkoal\n|-ability|p2a: Gyarados|Moxie|boost\n|-boost|p2a: Gyarados|atk|1\n|\n|-weather|SunnyDay|[upkeep]\n|upkeep\n|\n|t:|1662045851\n|switch|p1a: Venusaur|Venusaur, M|100\/100\n|-damage|p1a: Venusaur|88\/100|[from] Stealth Rock\n|turn|10\n|\n|t:|1662045855\n|move|p1a: Venusaur|Sludge Bomb|p2a: Gyarados\n|-damage|p2a: Gyarados|36\/100\n|-damage|p1a: Venusaur|78\/100|[from] item: Life Orb\n|move|p2a: Gyarados|Bounce||[still]\n|-prepare|p2a: Gyarados|Bounce\n|-enditem|p2a: Gyarados|Power Herb\n|-anim|p2a: Gyarados|Bounce|p1a: Venusaur\n|-supereffective|p1a: Venusaur\n|-damage|p1a: Venusaur|0 fnt\n|faint|p1a: Venusaur\n|-ability|p2a: Gyarados|Moxie|boost\n|-boost|p2a: Gyarados|atk|1\n|\n|-weather|SunnyDay|[upkeep]\n|-sideend|p2: Forwards|Reflect\n|upkeep\n|inactive|LSSun has 120 seconds left.\n|\n|t:|1662045867\n|switch|p1a: Darmanitan|Darmanitan, M|34\/100\n|-damage|p1a: Darmanitan|9\/100|[from] Stealth Rock\n|turn|11\n|\n|t:|1662045871\n|move|p1a: Darmanitan|Flare Blitz|p2a: Gyarados\n|-resisted|p2a: Gyarados\n|-crit|p2a: Gyarados\n|-damage|p2a: Gyarados|0 fnt\n|faint|p2a: Gyarados\n|-damage|p1a: Darmanitan|0 fnt|[from] Recoil\n|faint|p1a: Darmanitan\n|\n|-weather|SunnyDay|[upkeep]\n|-sideend|p2: Forwards|move: Light Screen\n|upkeep\n|\n|t:|1662045882\n|switch|p1a: Zygarde|Zygarde-10%|100\/100\n|switch|p2a: Zarude|Zarude|100\/100\n|-damage|p1a: Zygarde|94\/100|[from] Stealth Rock\n|-ability|p1a: Zygarde|Aura Break\n|turn|12\n|\n|t:|1662045887\n|move|p1a: Zygarde|Skitter Smack|p2a: Zarude\n|-supereffective|p2a: Zarude\n|-damage|p2a: Zarude|0 fnt\n|faint|p2a: Zarude\n|\n|-weather|SunnyDay|[upkeep]\n|upkeep\n|\n|t:|1662045890\n|switch|p2a: Scolipede|Scolipede, F|100\/100\n|turn|13\n|\n|t:|1662045893\n|switch|p1a: Skarmory|Skarmory, F|100\/100\n|-damage|p1a: Skarmory|88\/100|[from] Stealth Rock\n|move|p2a: Scolipede|Swords Dance|p2a: Scolipede\n|-boost|p2a: Scolipede|atk|2\n|\n|-weather|SunnyDay|[upkeep]\n|-heal|p1a: Skarmory|94\/100|[from] item: Leftovers\n|-ability|p2a: Scolipede|Speed Boost|boost\n|-boost|p2a: Scolipede|spe|1\n|upkeep\n|turn|14\n|\n|t:|1662045899\n|move|p2a: Scolipede|Megahorn|p1a: Skarmory\n|-resisted|p1a: Skarmory\n|-damage|p1a: Skarmory|76\/100\n|-damage|p2a: Scolipede|91\/100|[from] item: Life Orb\n|move|p1a: Skarmory|Iron Defense|p1a: Skarmory\n|-boost|p1a: Skarmory|def|2\n|\n|-weather|SunnyDay|[upkeep]\n|-heal|p1a: Skarmory|82\/100|[from] item: Leftovers\n|-ability|p2a: Scolipede|Speed Boost|boost\n|-boost|p2a: Scolipede|spe|1\n|upkeep\n|turn|15\n|-message|Forwards forfeited.\n|\n|win|LSSun\n|raw|LSSun's rating: 1326 &rarr; <strong>1350<\/strong><br \/>(+24 for winning)\n|raw|Forwards's rating: 1400 &rarr; <strong>1376<\/strong><br \/>(-24 for losing)\n|l|\u2606Forwards\n","uploadtime":1662045906,"views":7,"p1id":"lssun","p2id":"forwards","formatid":"gen8uu","rating":1350,"private":0,"password":null}