{"id":"gen8monotype-1706960501","p1":"Oldman Rutbur","p2":"JuanConQueso2","format":"gen8monotype","log":"|j|\u2606Oldman Rutbur\n|j|\u2606JuanConQueso2\n|t:|1668036550\n|gametype|singles\n|player|p1|Oldman Rutbur|mrfuji-gen3|1573\n|player|p2|JuanConQueso2|harlequin|1463\n|teamsize|p1|6\n|teamsize|p2|6\n|gen|8\n|tier|[Gen 8] Monotype\n|rated|\n|rule|Same Type Clause: Pok\u00e9mon in a team must share a type\n|rule|Sleep Clause Mod: Limit one foe put to sleep\n|rule|Species Clause: Limit one of each Pok\u00e9mon\n|rule|OHKO Clause: OHKO moves are banned\n|rule|Evasion Items Clause: Evasion items are banned\n|rule|Evasion Moves Clause: Evasion moves are banned\n|rule|Endless Battle Clause: Forcing endless battles is banned\n|rule|HP Percentage Mod: HP is shown in percentages\n|rule|Dynamax Clause: You cannot dynamax\n|clearpoke\n|poke|p1|Celesteela|\n|poke|p1|Landorus-Therian, M|\n|poke|p1|Dragonite, F|\n|poke|p1|Zapdos-Galar|\n|poke|p1|Mantine, F|\n|poke|p1|Thundurus-Therian, M|\n|poke|p2|Blissey, F|\n|poke|p2|Bewear, M|\n|poke|p2|Ditto|\n|poke|p2|Diggersby, M|\n|poke|p2|Indeedee, M|\n|poke|p2|Heliolisk, M|\n|teampreview\n|c|\u2606Oldman Rutbur|hf\n|c|\u2606JuanConQueso2|u2\n|\n|t:|1668036570\n|start\n|switch|p1a: Chocobo|Zapdos-Galar|100\/100\n|switch|p2a: theodore|Bewear, M|100\/100\n|turn|1\n|\n|t:|1668036577\n|move|p1a: Chocobo|U-turn|p2a: theodore\n|-resisted|p2a: theodore\n|-damage|p2a: theodore|97\/100\n|\n|t:|1668036579\n|switch|p1a: Billy|Landorus-Therian, M|100\/100|[from]move: U-turn\n|-ability|p1a: Billy|Intimidate|boost\n|-unboost|p2a: theodore|atk|1\n|move|p2a: theodore|Drain Punch|p1a: Billy\n|-resisted|p1a: Billy\n|-damage|p1a: Billy|93\/100\n|-heal|p2a: theodore|99\/100|[from] drain|[of] p1a: Billy\n|-damage|p2a: theodore|84\/100|[from] item: Rocky Helmet|[of] p1a: Billy\n|\n|-heal|p2a: theodore|90\/100|[from] item: Leftovers\n|upkeep\n|turn|2\n|\n|t:|1668036611\n|move|p1a: Billy|Stealth Rock|p2a: theodore\n|-sidestart|p2: JuanConQueso2|move: Stealth Rock\n|move|p2a: theodore|Bulk Up|p2a: theodore\n|-boost|p2a: theodore|atk|1\n|-boost|p2a: theodore|def|1\n|\n|-heal|p2a: theodore|96\/100|[from] item: Leftovers\n|upkeep\n|turn|3\n|\n|t:|1668036620\n|move|p1a: Billy|Earthquake|p2a: theodore\n|-damage|p2a: theodore|76\/100\n|move|p2a: theodore|Darkest Lariat|p1a: Billy\n|-crit|p1a: Billy\n|-damage|p1a: Billy|70\/100\n|-damage|p2a: theodore|60\/100|[from] item: Rocky Helmet|[of] p1a: Billy\n|\n|-heal|p2a: theodore|66\/100|[from] item: Leftovers\n|upkeep\n|turn|4\n|\n|t:|1668036643\n|move|p1a: Billy|U-turn|p2a: theodore\n|-resisted|p2a: theodore\n|-damage|p2a: theodore|63\/100\n|\n|t:|1668036646\n|switch|p1a: Jupiter|Thundurus-Therian, M|100\/100|[from]move: U-turn\n|move|p2a: theodore|Bulk Up|p2a: theodore\n|-boost|p2a: theodore|atk|1\n|-boost|p2a: theodore|def|1\n|\n|-heal|p2a: theodore|69\/100|[from] item: Leftovers\n|upkeep\n|turn|5\n|\n|t:|1668036650\n|switch|p2a: over easy|Blissey, F|100\/100\n|move|p1a: Jupiter|Thunderbolt|p2a: over easy\n|-damage|p2a: over easy|81\/100\n|\n|upkeep\n|turn|6\n|\n|t:|1668036653\n|switch|p1a: Chocobo|Zapdos-Galar|100\/100\n|move|p2a: over easy|Stealth Rock|p1a: Chocobo\n|-sidestart|p1: Oldman Rutbur|move: Stealth Rock\n|\n|upkeep\n|turn|7\n|\n|t:|1668036661\n|switch|p2a: theodore|Bewear, M|69\/100\n|-damage|p2a: theodore|63\/100|[from] Stealth Rock\n|move|p1a: Chocobo|U-turn|p2a: theodore\n|-resisted|p2a: theodore\n|-damage|p2a: theodore|60\/100\n|\n|t:|1668036665\n|switch|p1a: Billy|Landorus-Therian, M|70\/100|[from]move: U-turn\n|-damage|p1a: Billy|57\/100|[from] Stealth Rock\n|-ability|p1a: Billy|Intimidate|boost\n|-unboost|p2a: theodore|atk|1\n|\n|-heal|p2a: theodore|66\/100|[from] item: Leftovers\n|upkeep\n|turn|8\n|\n|t:|1668036672\n|move|p1a: Billy|Defog|p2a: theodore\n|-unboost|p2a: theodore|evasion|1\n|-sideend|p2: JuanConQueso2|Stealth Rock|[from] move: Defog|[of] p1a: Billy\n|-sideend|p1: Oldman Rutbur|Stealth Rock|[from] move: Defog|[of] p1a: Billy\n|move|p2a: theodore|Bulk Up|p2a: theodore\n|-boost|p2a: theodore|atk|1\n|-boost|p2a: theodore|def|1\n|\n|-heal|p2a: theodore|72\/100|[from] item: Leftovers\n|upkeep\n|turn|9\n|\n|t:|1668036677\n|move|p1a: Billy|Stealth Rock|p2a: theodore\n|-sidestart|p2: JuanConQueso2|move: Stealth Rock\n|move|p2a: theodore|Darkest Lariat|p1a: Billy\n|-damage|p1a: Billy|42\/100\n|-damage|p2a: theodore|55\/100|[from] item: Rocky Helmet|[of] p1a: Billy\n|\n|-heal|p2a: theodore|61\/100|[from] item: Leftovers\n|upkeep\n|turn|10\n|\n|t:|1668036684\n|move|p1a: Billy|U-turn|p2a: theodore\n|-resisted|p2a: theodore\n|-damage|p2a: theodore|59\/100\n|\n|t:|1668036688\n|switch|p1a: Jupiter|Thundurus-Therian, M|100\/100|[from]move: U-turn\n|move|p2a: theodore|Bulk Up|p2a: theodore\n|-boost|p2a: theodore|atk|1\n|-boost|p2a: theodore|def|1\n|\n|-heal|p2a: theodore|65\/100|[from] item: Leftovers\n|upkeep\n|turn|11\n|\n|t:|1668036693\n|switch|p2a: over easy|Blissey, F|81\/100\n|move|p1a: Jupiter|Focus Blast|p2a: over easy\n|-supereffective|p2a: over easy\n|-damage|p2a: over easy|42\/100\n|\n|upkeep\n|turn|12\n|\n|t:|1668036702\n|switch|p1a: Chocobo|Zapdos-Galar|100\/100\n|move|p2a: over easy|Soft-Boiled|p2a: over easy\n|-heal|p2a: over easy|92\/100\n|\n|upkeep\n|turn|13\n|\n|t:|1668036716\n|switch|p2a: needs a bath|Diggersby, M|100\/100\n|-damage|p2a: needs a bath|94\/100|[from] Stealth Rock\n|move|p1a: Chocobo|Brave Bird|p2a: needs a bath\n|-damage|p2a: needs a bath|15\/100\n|-damage|p1a: Chocobo|75\/100|[from] Recoil\n|\n|upkeep\n|turn|14\n|\n|t:|1668036722\n|switch|p1a: Billy|Landorus-Therian, M|42\/100\n|-ability|p1a: Billy|Intimidate|boost\n|-unboost|p2a: needs a bath|atk|1\n|move|p2a: needs a bath|Quick Attack|p1a: Billy\n|-damage|p1a: Billy|23\/100\n|-damage|p2a: needs a bath|0 fnt|[from] item: Rocky Helmet|[of] p1a: Billy\n|faint|p2a: needs a bath\n|\n|upkeep\n|\n|t:|1668036727\n|switch|p2a: galaxy brain|Indeedee, M|100\/100\n|-damage|p2a: galaxy brain|88\/100|[from] Stealth Rock\n|-fieldstart|move: Psychic Terrain|[from] ability: Psychic Surge|[of] p2a: galaxy brain\n|turn|15\n|\n|t:|1668036730\n|switch|p1a: Smidget|Mantine, F|100\/100\n|move|p2a: galaxy brain|Expanding Force|p1a: Smidget\n|-damage|p1a: Smidget|64\/100\n|\n|-heal|p1a: Smidget|70\/100|[from] item: Leftovers\n|upkeep\n|turn|16\n|\n|t:|1668036736\n|switch|p2a: needs moisturizer|Heliolisk, M, shiny|100\/100\n|-damage|p2a: needs moisturizer|88\/100|[from] Stealth Rock\n|move|p1a: Smidget|Scald|p2a: needs moisturizer\n|-heal|p2a: needs moisturizer|100\/100|[from] ability: Dry Skin|[of] p1a: Smidget\n|\n|-heal|p1a: Smidget|76\/100|[from] item: Leftovers\n|upkeep\n|turn|17\n|\n|t:|1668036743\n|move|p2a: needs moisturizer|Surf|p1a: Smidget\n|-resisted|p1a: Smidget\n|-damage|p1a: Smidget|66\/100\n|-damage|p2a: needs moisturizer|91\/100|[from] item: Life Orb\n|move|p1a: Smidget|Toxic|p2a: needs moisturizer\n|-status|p2a: needs moisturizer|tox\n|\n|-heal|p1a: Smidget|72\/100|[from] item: Leftovers\n|-damage|p2a: needs moisturizer|85\/100 tox|[from] psn\n|upkeep\n|turn|18\n|\n|t:|1668036750\n|move|p2a: needs moisturizer|Surf|p1a: Smidget\n|-resisted|p1a: Smidget\n|-damage|p1a: Smidget|63\/100\n|-damage|p2a: needs moisturizer|75\/100 tox|[from] item: Life Orb\n|move|p1a: Smidget|Roost|p1a: Smidget\n|-heal|p1a: Smidget|100\/100\n|-singleturn|p1a: Smidget|move: Roost\n|\n|-damage|p2a: needs moisturizer|63\/100 tox|[from] psn\n|upkeep\n|turn|19\n|\n|t:|1668036753\n|switch|p1a: Jupiter|Thundurus-Therian, M|100\/100\n|move|p2a: needs moisturizer|Thunderbolt|p1a: Jupiter\n|-immune|p1a: Jupiter|[from] ability: Volt Absorb\n|\n|-damage|p2a: needs moisturizer|45\/100 tox|[from] psn\n|-fieldend|move: Psychic Terrain\n|upkeep\n|turn|20\n|c|\u2606JuanConQueso2|i got owned lol\n|c|\u2606JuanConQueso2|gg\n|c|\u2606Oldman Rutbur|lol gg\n|-message|JuanConQueso2 forfeited.\n|\n|win|Oldman Rutbur\n|raw|Oldman Rutbur's rating: 1573 &rarr; <strong>1587<\/strong><br \/>(+14 for winning)\n|raw|JuanConQueso2's rating: 1463 &rarr; <strong>1449<\/strong><br \/>(-14 for losing)\n|j| Vin PJR\n|l|\u2606JuanConQueso2\n","uploadtime":1668036774,"views":10,"p1id":"oldmanrutbur","p2id":"juanconqueso2","formatid":"gen8monotype","rating":1449,"private":0,"password":null}