{"id":"gen8ou-1571036646","p1":"reionatro","p2":"JabbaKappa","format":"gen8ou","log":"|j|\u2606reionatro\n|j|\u2606JabbaKappa\n|t:|1652110540\n|gametype|singles\n|player|p1|reionatro|whitney|1224\n|player|p2|JabbaKappa|170|1233\n|teamsize|p1|6\n|teamsize|p2|6\n|gen|8\n|tier|[Gen 8] OU\n|rated|\n|rule|Sleep Clause Mod: Limit one foe put to sleep\n|rule|Species Clause: Limit one of each Pok\u00e9mon\n|rule|OHKO Clause: OHKO moves are banned\n|rule|Evasion Moves Clause: Evasion moves are banned\n|rule|Endless Battle Clause: Forcing endless battles is banned\n|rule|HP Percentage Mod: HP is shown in percentages\n|rule|Dynamax Clause: You cannot dynamax\n|clearpoke\n|poke|p1|Tapu Koko|\n|poke|p1|Urshifu-*, M|\n|poke|p1|Slowking-Galar, F|\n|poke|p1|Corviknight, M|\n|poke|p1|Landorus-Therian, M|\n|poke|p1|Weavile, M|\n|poke|p2|Aggron, F|\n|poke|p2|Gyarados, M|\n|poke|p2|Amoonguss, F|\n|poke|p2|Rotom-Heat|\n|poke|p2|Buzzwole|\n|poke|p2|Reuniclus, F|\n|teampreview\n|c|\u2606reionatro|hf\n|\n|t:|1652110581\n|start\n|switch|p1a: Landorus|Landorus-Therian, M|100\/100\n|switch|p2a: Gyarados|Gyarados, M|100\/100\n|-ability|p1a: Landorus|Intimidate|boost\n|-unboost|p2a: Gyarados|atk|1\n|turn|1\n|\n|t:|1652110589\n|switch|p1a: Tapu Koko|Tapu Koko|100\/100\n|-fieldstart|move: Electric Terrain|[from] ability: Electric Surge|[of] p1a: Tapu Koko\n|move|p2a: Gyarados|Ice Fang|p1a: Tapu Koko\n|-damage|p1a: Tapu Koko|79\/100\n|\n|upkeep\n|turn|2\n|\n|t:|1652110611\n|switch|p2a: Amoonguss|Amoonguss, F|100\/100\n|move|p1a: Tapu Koko|Thunderbolt|p2a: Amoonguss\n|-resisted|p2a: Amoonguss\n|-damage|p2a: Amoonguss|79\/100\n|\n|upkeep\n|turn|3\n|\n|t:|1652110642\n|move|p1a: Tapu Koko|U-turn|p2a: Amoonguss\n|-damage|p2a: Amoonguss|66\/100\n|-damage|p1a: Tapu Koko|63\/100|[from] item: Rocky Helmet|[of] p2a: Amoonguss\n|\n|t:|1652110647\n|switch|p1a: Slowking|Slowking-Galar, F|100\/100|[from]move: U-turn\n|move|p2a: Amoonguss|Spore|p1a: Slowking\n|-activate|p1a: Slowking|move: Electric Terrain\n|\n|upkeep\n|turn|4\n|\n|t:|1652110678\n|move|p2a: Amoonguss|Foul Play|p1a: Slowking\n|-supereffective|p1a: Slowking\n|-damage|p1a: Slowking|68\/100\n|move|p1a: Slowking|Future Sight|p2a: Amoonguss\n|-start|p1a: Slowking|move: Future Sight\n|\n|upkeep\n|turn|5\n|\n|t:|1652110698\n|move|p2a: Amoonguss|Foul Play|p1a: Slowking\n|-supereffective|p1a: Slowking\n|-damage|p1a: Slowking|36\/100\n|move|p1a: Slowking|Flamethrower|p2a: Amoonguss\n|-supereffective|p2a: Amoonguss\n|-damage|p2a: Amoonguss|20\/100\n|\n|-fieldend|move: Electric Terrain\n|upkeep\n|turn|6\n|\n|t:|1652110706\n|switch|p2a: Reuniclus|Reuniclus, F|100\/100\n|switch|p1a: Tapu Koko|Tapu Koko|63\/100\n|-fieldstart|move: Electric Terrain|[from] ability: Electric Surge|[of] p1a: Tapu Koko\n|\n|-end|p2a: Reuniclus|move: Future Sight\n|-resisted|p2a: Reuniclus\n|-damage|p2a: Reuniclus|79\/100\n|-heal|p2a: Reuniclus|85\/100|[from] item: Leftovers\n|upkeep\n|turn|7\n|\n|t:|1652110724\n|move|p1a: Tapu Koko|Thunderbolt|p2a: Reuniclus\n|-damage|p2a: Reuniclus|42\/100\n|move|p2a: Reuniclus|Calm Mind|p2a: Reuniclus\n|-boost|p2a: Reuniclus|spa|1\n|-boost|p2a: Reuniclus|spd|1\n|\n|-heal|p2a: Reuniclus|48\/100|[from] item: Leftovers\n|upkeep\n|turn|8\n|\n|t:|1652110737\n|move|p1a: Tapu Koko|Thunderbolt|p2a: Reuniclus\n|-damage|p2a: Reuniclus|18\/100\n|move|p2a: Reuniclus|Recover|p2a: Reuniclus\n|-heal|p2a: Reuniclus|68\/100\n|\n|-heal|p2a: Reuniclus|74\/100|[from] item: Leftovers\n|upkeep\n|turn|9\n|\n|t:|1652110745\n|move|p1a: Tapu Koko|Thunderbolt|p2a: Reuniclus\n|-damage|p2a: Reuniclus|43\/100\n|move|p2a: Reuniclus|Calm Mind|p2a: Reuniclus\n|-boost|p2a: Reuniclus|spa|1\n|-boost|p2a: Reuniclus|spd|1\n|\n|-heal|p2a: Reuniclus|49\/100|[from] item: Leftovers\n|upkeep\n|turn|10\n|\n|t:|1652110752\n|switch|p1a: Weavile|Weavile, M|100\/100\n|-ability|p1a: Weavile|Pressure\n|move|p2a: Reuniclus|Recover|p2a: Reuniclus\n|-heal|p2a: Reuniclus|99\/100\n|\n|-heal|p2a: Reuniclus|100\/100|[from] item: Leftovers\n|-fieldend|move: Electric Terrain\n|upkeep\n|turn|11\n|\n|t:|1652110768\n|move|p1a: Weavile|Knock Off|p2a: Reuniclus\n|-supereffective|p2a: Reuniclus\n|-damage|p2a: Reuniclus|32\/100\n|-enditem|p2a: Reuniclus|Leftovers|[from] move: Knock Off|[of] p1a: Weavile\n|move|p2a: Reuniclus|Focus Blast|p1a: Weavile\n|-supereffective|p1a: Weavile\n|-damage|p1a: Weavile|0 fnt\n|faint|p1a: Weavile\n|\n|upkeep\n|\n|t:|1652110776\n|switch|p1a: Urshifu|Urshifu-Rapid-Strike, M|100\/100\n|turn|12\n|\n|t:|1652110801\n|move|p1a: Urshifu|Surging Strikes|p2a: Reuniclus\n|-crit|p2a: Reuniclus\n|-damage|p2a: Reuniclus|13\/100\n|-crit|p2a: Reuniclus\n|-damage|p2a: Reuniclus|0 fnt\n|faint|p2a: Reuniclus\n|-hitcount|p2: Reuniclus|2\n|\n|upkeep\n|\n|t:|1652110820\n|switch|p2a: Buzzwole|Buzzwole|100\/100\n|turn|13\n|\n|t:|1652110867\n|switch|p1a: Tapu Koko|Tapu Koko|63\/100\n|-fieldstart|move: Electric Terrain|[from] ability: Electric Surge|[of] p1a: Tapu Koko\n|move|p2a: Buzzwole|Close Combat|p1a: Tapu Koko\n|-resisted|p1a: Tapu Koko\n|-damage|p1a: Tapu Koko|0 fnt\n|-unboost|p2a: Buzzwole|def|1\n|-unboost|p2a: Buzzwole|spd|1\n|faint|p1a: Tapu Koko\n|-ability|p2a: Buzzwole|Beast Boost|boost\n|-boost|p2a: Buzzwole|atk|1\n|\n|upkeep\n|\n|t:|1652110875\n|switch|p1a: Slowking|Slowking-Galar, F|70\/100\n|turn|14\n|\n|t:|1652110906\n|switch|p2a: Aggron|Aggron, F|100\/100\n|move|p1a: Slowking|Future Sight|p2a: Aggron\n|-start|p1a: Slowking|move: Future Sight\n|\n|upkeep\n|turn|15\n|\n|t:|1652110924\n|switch|p1a: Landorus|Landorus-Therian, M|100\/100\n|-ability|p1a: Landorus|Intimidate|boost\n|-unboost|p2a: Aggron|atk|1\n|move|p2a: Aggron|Earthquake|p1a: Landorus\n|-immune|p1a: Landorus\n|\n|upkeep\n|turn|16\n|\n|t:|1652110933\n|switch|p2a: Gyarados|Gyarados, M|100\/100\n|move|p1a: Landorus|Stealth Rock|p2a: Gyarados\n|-sidestart|p2: JabbaKappa|move: Stealth Rock\n|\n|-end|p2a: Gyarados|move: Future Sight\n|-damage|p2a: Gyarados|56\/100\n|upkeep\n|turn|17\n|\n|t:|1652110966\n|move|p2a: Gyarados|Ice Fang|p1a: Landorus\n|-supereffective|p1a: Landorus\n|-damage|p1a: Landorus|7\/100\n|-status|p1a: Landorus|frz\n|cant|p1a: Landorus|frz\n|\n|-heal|p1a: Landorus|13\/100 frz|[from] item: Leftovers\n|-fieldend|move: Electric Terrain\n|upkeep\n|turn|18\n|\n|t:|1652110977\n|move|p2a: Gyarados|Dragon Dance|p2a: Gyarados\n|-boost|p2a: Gyarados|atk|1\n|-boost|p2a: Gyarados|spe|1\n|cant|p1a: Landorus|frz\n|\n|-heal|p1a: Landorus|19\/100 frz|[from] item: Leftovers\n|upkeep\n|turn|19\n|\n|t:|1652110986\n|move|p2a: Gyarados|Dragon Dance|p2a: Gyarados\n|-boost|p2a: Gyarados|atk|1\n|-boost|p2a: Gyarados|spe|1\n|cant|p1a: Landorus|frz\n|\n|-heal|p1a: Landorus|25\/100 frz|[from] item: Leftovers\n|upkeep\n|turn|20\n|-message|reionatro forfeited.\n|\n|win|JabbaKappa\n|raw|reionatro's rating: 1224 &rarr; <strong>1200<\/strong><br \/>(-24 for losing)\n|raw|JabbaKappa's rating: 1233 &rarr; <strong>1257<\/strong><br \/>(+24 for winning)\n|l|\u2606reionatro\n||Ladder isn't responding, score probably updated but might not have (Request timeout).\n","uploadtime":1652110999,"views":52,"p1id":"reionatro","p2id":"jabbakappa","formatid":"gen8ou","rating":1200,"private":0,"password":null}