{"id":"gen8bdspou-1509397441","p1":"TryHonesty","p2":"Kyerndo","format":"gen8bdspou","log":"|j|\u2606TryHonesty\n|j|\u2606Kyerndo\n|t:|1644661365\n|gametype|singles\n|player|p1|TryHonesty|102|1482\n|player|p2|Kyerndo|psychic|1602\n|teamsize|p1|6\n|teamsize|p2|6\n|gen|8\n|tier|[Gen 8 BDSP] OU\n|rated|\n|rule|Sleep Clause Mod: Limit one foe put to sleep\n|rule|Species Clause: Limit one of each Pok\u00e9mon\n|rule|OHKO Clause: OHKO moves are banned\n|rule|Evasion Moves Clause: Evasion moves are banned\n|rule|Endless Battle Clause: Forcing endless battles is banned\n|rule|HP Percentage Mod: HP is shown in percentages\n|clearpoke\n|poke|p1|Blissey, F|\n|poke|p1|Skarmory, M|\n|poke|p1|Alakazam, F|\n|poke|p1|Jolteon, M|\n|poke|p1|Mamoswine, M|\n|poke|p1|Garchomp, F|\n|poke|p2|Crawdaunt, F|\n|poke|p2|Ursaring, M|\n|poke|p2|Heracross, M|\n|poke|p2|Slowbro, F|\n|poke|p2|Gallade, M|\n|poke|p2|Bronzong|\n|teampreview\n|inactive|Battle timer is ON: inactive players will automatically lose when time's up. (requested by TryHonesty)\n|j| Viviyaya\n|\n|t:|1644661382\n|start\n|switch|p1a: Jolteon|Jolteon, M|100\/100\n|switch|p2a: Gallade|Gallade, M|100\/100\n|turn|1\n|\n|t:|1644661391\n|move|p1a: Jolteon|Volt Switch|p2a: Gallade\n|-damage|p2a: Gallade|58\/100\n|\n|t:|1644661395\n|switch|p1a: Skarmory|Skarmory, M|100\/100|[from]move: Volt Switch\n|move|p2a: Gallade|Trick Room|p2a: Gallade\n|-fieldstart|move: Trick Room|[of] p2a: Gallade\n|\n|upkeep\n|turn|2\n|\n|t:|1644661399\n|switch|p2a: Slowbro|Slowbro, F|100\/100\n|move|p1a: Skarmory|Stealth Rock|p2a: Slowbro\n|-sidestart|p2: Kyerndo|move: Stealth Rock\n|\n|upkeep\n|turn|3\n|\n|t:|1644661403\n|switch|p2a: Ursaring|Ursaring, M|100\/100\n|-damage|p2a: Ursaring|88\/100|[from] Stealth Rock\n|switch|p1a: Blissey|Blissey, F|100\/100\n|\n|-status|p2a: Ursaring|brn|[from] item: Flame Orb\n|upkeep\n|turn|4\n|\n|t:|1644661414\n|move|p2a: Ursaring|Swords Dance|p2a: Ursaring\n|-boost|p2a: Ursaring|atk|2\n|move|p1a: Blissey|Thunderbolt|p2a: Ursaring\n|-damage|p2a: Ursaring|53\/100 brn\n|-damage|p1a: Blissey|91\/100|[from] item: Life Orb\n|\n|-damage|p2a: Ursaring|47\/100 brn|[from] brn\n|upkeep\n|turn|5\n|c|\u2606Kyerndo|What\n|\n|t:|1644661425\n|move|p2a: Ursaring|Facade|p1a: Blissey\n|-damage|p1a: Blissey|0 fnt\n|faint|p1a: Blissey\n|\n|-damage|p2a: Ursaring|41\/100 brn|[from] brn\n|-fieldend|move: Trick Room\n|upkeep\n|\n|t:|1644661430\n|switch|p1a: Jolteon|Jolteon, M|100\/100\n|turn|6\n|c|\u2606Kyerndo|Life orb Blissey\n|c|\u2606TryHonesty|Yeh\n|c|\u2606TryHonesty|Blissi is fat asf and has serene grace\n|c|\u2606Kyerndo|Didn't expect that\n|inactive|Kyerndo has 120 seconds left.\n|c|\u2606TryHonesty|It still tanks everything and delivers KO's with LO\n|\n|t:|1644661463\n|move|p1a: Jolteon|Thunderbolt|p2a: Ursaring\n|-damage|p2a: Ursaring|0 fnt\n|faint|p2a: Ursaring\n|\n|upkeep\n|c|\u2606TryHonesty|!dt Blissey\n|raw|<div class=\"message\"><ul class=\"utilichart\"><li class=\"result\"><span class=\"col numcol\">OU<\/span> <span class=\"col iconcol\"><psicon pokemon=\"blissey\"\/><\/span> <span class=\"col pokemonnamecol\" style=\"white-space:nowrap\"><a href=\"https:\/\/dex.pokemonshowdown.com\/pokemon\/blissey\" target=\"_blank\">Blissey<\/a><\/span> <span class=\"col typecol\"><img src=\"https:\/\/play.pokemonshowdown.com\/sprites\/types\/Normal.png\" alt=\"Normal\" height=\"14\" width=\"32\"><\/span> <span style=\"float:left;min-height:26px\"><span class=\"col twoabilitycol\">Natural Cure<br \/>Serene Grace<\/span><span class=\"col abilitycol\"><em>Healer<\/em><\/span><\/span><span style=\"float:left;min-height:26px\"><span class=\"col statcol\"><em>HP<\/em><br \/>255<\/span> <span class=\"col statcol\"><em>Atk<\/em><br \/>10<\/span> <span class=\"col statcol\"><em>Def<\/em><br \/>10<\/span> <span class=\"col statcol\"><em>SpA<\/em><br \/>75<\/span> <span class=\"col statcol\"><em>SpD<\/em><br \/>135<\/span> <span class=\"col statcol\"><em>Spe<\/em><br \/>55<\/span> <span class=\"col bstcol\"><em>BST<br \/>540<\/em><\/span> <\/span><\/li><li style=\"clear:both\"><\/li><\/ul><\/div>\n|raw|<font size=\"1\"><font color=\"#686868\">Dex#:<\/font> 242&nbsp;|&ThickSpace;<font color=\"#686868\">Gen:<\/font> 2&nbsp;|&ThickSpace;<font color=\"#686868\">Height:<\/font> 1.5 m&nbsp;|&ThickSpace;<font color=\"#686868\">Weight:<\/font> 46.8 kg <em>(60 BP)<\/em>&nbsp;|&ThickSpace;<font color=\"#686868\">Dex Colour:<\/font> Pink&nbsp;|&ThickSpace;<font color=\"#686868\">Egg Group(s):<\/font> Fairy&nbsp;|&ThickSpace;<font color=\"#686868\">Does Not Evolve<\/font><\/font>\n\n|inactive|Kyerndo has 120 seconds left.\n|c|\u2606TryHonesty|not even bad SpA\n|\n|t:|1644661487\n|switch|p2a: Bronzong|Bronzong|100\/100\n|-damage|p2a: Bronzong|94\/100|[from] Stealth Rock\n|turn|7\n|\n|t:|1644661491\n|move|p1a: Jolteon|Thunderbolt|p2a: Bronzong\n|-damage|p2a: Bronzong|42\/100\n|move|p2a: Bronzong|Trick Room|p2a: Bronzong\n|-fieldstart|move: Trick Room|[of] p2a: Bronzong\n|\n|upkeep\n|turn|8\n|\n|t:|1644661496\n|switch|p1a: Skarmory|Skarmory, M|100\/100\n|move|p2a: Bronzong|Stealth Rock|p1a: Skarmory\n|-sidestart|p1: TryHonesty|move: Stealth Rock\n|\n|upkeep\n|turn|9\n|\n|t:|1644661502\n|switch|p2a: Slowbro|Slowbro, F|100\/100\n|-damage|p2a: Slowbro|88\/100|[from] Stealth Rock\n|move|p1a: Skarmory|Whirlwind|p2a: Slowbro\n|drag|p2a: Bronzong|Bronzong|42\/100\n|-damage|p2a: Bronzong|35\/100|[from] Stealth Rock\n|\n|upkeep\n|turn|10\n|\n|t:|1644661510\n|switch|p2a: Slowbro|Slowbro, F|100\/100\n|-damage|p2a: Slowbro|88\/100|[from] Stealth Rock\n|move|p1a: Skarmory|Whirlwind|p2a: Slowbro\n|drag|p2a: Gallade|Gallade, M|58\/100\n|-damage|p2a: Gallade|52\/100|[from] Stealth Rock\n|\n|upkeep\n|turn|11\n|\n|t:|1644661517\n|switch|p2a: Slowbro|Slowbro, F|100\/100\n|-damage|p2a: Slowbro|88\/100|[from] Stealth Rock\n|move|p1a: Skarmory|Whirlwind|p2a: Slowbro\n|drag|p2a: Crawdaunt|Crawdaunt, F|100\/100\n|-damage|p2a: Crawdaunt|88\/100|[from] Stealth Rock\n|\n|-fieldend|move: Trick Room\n|upkeep\n|turn|12\n|\n|t:|1644661526\n|move|p2a: Crawdaunt|Knock Off|p1a: Skarmory\n|-damage|p1a: Skarmory|46\/100\n|-enditem|p1a: Skarmory|Leftovers|[from] move: Knock Off|[of] p2a: Crawdaunt\n|-damage|p2a: Crawdaunt|78\/100|[from] item: Life Orb\n|move|p1a: Skarmory|Whirlwind|p2a: Crawdaunt\n|drag|p2a: Gallade|Gallade, M|52\/100\n|-damage|p2a: Gallade|46\/100|[from] Stealth Rock\n|\n|upkeep\n|turn|13\n|\n|t:|1644661534\n|switch|p2a: Slowbro|Slowbro, F|100\/100\n|-damage|p2a: Slowbro|88\/100|[from] Stealth Rock\n|move|p1a: Skarmory|Roost|p1a: Skarmory\n|-heal|p1a: Skarmory|96\/100\n|-singleturn|p1a: Skarmory|move: Roost\n|\n|upkeep\n|turn|14\n|\n|t:|1644661540\n|switch|p1a: Alakazam|Alakazam, F|100\/100\n|move|p2a: Slowbro|Flamethrower|p1a: Alakazam\n|-damage|p1a: Alakazam|47\/100\n|-damage|p2a: Slowbro|78\/100|[from] item: Life Orb\n|\n|upkeep\n|turn|15\n|\n|t:|1644661548\n|switch|p2a: Bronzong|Bronzong|35\/100\n|-damage|p2a: Bronzong|29\/100|[from] Stealth Rock\n|move|p1a: Alakazam|Nasty Plot|p1a: Alakazam\n|-boost|p1a: Alakazam|spa|2\n|\n|upkeep\n|turn|16\n|\n|t:|1644661554\n|move|p1a: Alakazam|Focus Blast|p2a: Bronzong\n|-damage|p2a: Bronzong|0 fnt\n|faint|p2a: Bronzong\n|\n|upkeep\n|\n|t:|1644661556\n|switch|p2a: Crawdaunt|Crawdaunt, F|78\/100\n|-damage|p2a: Crawdaunt|66\/100|[from] Stealth Rock\n|turn|17\n|\n|t:|1644661562\n|move|p2a: Crawdaunt|Aqua Jet|p1a: Alakazam\n|-damage|p1a: Alakazam|0 fnt\n|faint|p1a: Alakazam\n|-damage|p2a: Crawdaunt|56\/100|[from] item: Life Orb\n|\n|upkeep\n|\n|t:|1644661564\n|switch|p1a: Garchomp|Garchomp, F|100\/100\n|-damage|p1a: Garchomp|94\/100|[from] Stealth Rock\n|turn|18\n|\n|t:|1644661577\n|move|p2a: Crawdaunt|Aqua Jet|p1a: Garchomp\n|-damage|p1a: Garchomp|56\/100\n|-damage|p2a: Crawdaunt|43\/100|[from] ability: Rough Skin|[of] p1a: Garchomp\n|-damage|p2a: Crawdaunt|33\/100|[from] item: Life Orb\n|move|p1a: Garchomp|Outrage|p2a: Crawdaunt\n|-damage|p2a: Crawdaunt|0 fnt\n|faint|p2a: Crawdaunt\n|\n|upkeep\n|\n|t:|1644661581\n|switch|p2a: Heracross|Heracross, M|100\/100\n|-damage|p2a: Heracross|88\/100|[from] Stealth Rock\n|turn|19\n|\n|t:|1644661583\n|move|p2a: Heracross|Close Combat|p1a: Garchomp\n|-damage|p1a: Garchomp|0 fnt\n|-unboost|p2a: Heracross|def|1\n|-unboost|p2a: Heracross|spd|1\n|-damage|p2a: Heracross|76\/100|[from] ability: Rough Skin|[of] p1a: Garchomp\n|faint|p1a: Garchomp\n|-ability|p2a: Heracross|Moxie|boost\n|-boost|p2a: Heracross|atk|1\n|\n|upkeep\n|\n|t:|1644661588\n|switch|p1a: Skarmory|Skarmory, M|96\/100\n|-damage|p1a: Skarmory|84\/100|[from] Stealth Rock\n|turn|20\n|\n|t:|1644661590\n|switch|p2a: Slowbro|Slowbro, F|100\/100\n|-damage|p2a: Slowbro|88\/100|[from] Stealth Rock\n|move|p1a: Skarmory|Whirlwind|p2a: Slowbro\n|drag|p2a: Gallade|Gallade, M|46\/100\n|-damage|p2a: Gallade|40\/100|[from] Stealth Rock\n|\n|upkeep\n|turn|21\n|\n|t:|1644661609\n|move|p2a: Gallade|Close Combat|p1a: Skarmory\n|-damage|p1a: Skarmory|32\/100\n|-unboost|p2a: Gallade|def|1\n|-unboost|p2a: Gallade|spd|1\n|-damage|p2a: Gallade|30\/100|[from] item: Life Orb\n|move|p1a: Skarmory|Whirlwind|p2a: Gallade\n|drag|p2a: Slowbro|Slowbro, F|100\/100\n|-damage|p2a: Slowbro|88\/100|[from] Stealth Rock\n|\n|upkeep\n|turn|22\n|\n|t:|1644661614\n|move|p1a: Skarmory|Roost|p1a: Skarmory\n|-heal|p1a: Skarmory|82\/100\n|-singleturn|p1a: Skarmory|move: Roost\n|move|p2a: Slowbro|Trick Room|p2a: Slowbro\n|-fieldstart|move: Trick Room|[of] p2a: Slowbro\n|\n|upkeep\n|turn|23\n|\n|t:|1644661619\n|move|p2a: Slowbro|Flamethrower|p1a: Skarmory\n|-supereffective|p1a: Skarmory\n|-damage|p1a: Skarmory|0 fnt\n|faint|p1a: Skarmory\n|-damage|p2a: Slowbro|78\/100|[from] item: Life Orb\n|\n|upkeep\n|\n|t:|1644661623\n|switch|p1a: Jolteon|Jolteon, M|100\/100\n|-damage|p1a: Jolteon|88\/100|[from] Stealth Rock\n|turn|24\n|\n|t:|1644661634\n|switch|p2a: Heracross|Heracross, M|76\/100\n|-damage|p2a: Heracross|64\/100|[from] Stealth Rock\n|move|p1a: Jolteon|Thunderbolt|p2a: Heracross\n|-damage|p2a: Heracross|0 fnt\n|faint|p2a: Heracross\n|\n|upkeep\n|\n|t:|1644661635\n|switch|p2a: Gallade|Gallade, M|30\/100\n|-damage|p2a: Gallade|23\/100|[from] Stealth Rock\n|turn|25\n|\n|t:|1644661648\n|move|p2a: Gallade|Close Combat|p1a: Jolteon\n|-damage|p1a: Jolteon|0 fnt\n|-unboost|p2a: Gallade|def|1\n|-unboost|p2a: Gallade|spd|1\n|faint|p1a: Jolteon\n|-damage|p2a: Gallade|13\/100|[from] item: Life Orb\n|\n|upkeep\n|\n|t:|1644661652\n|switch|p1a: Mamoswine|Mamoswine, M|100\/100\n|-damage|p1a: Mamoswine|88\/100|[from] Stealth Rock\n|turn|26\n|\n|t:|1644661654\n|move|p1a: Mamoswine|Ice Shard|p2a: Gallade\n|-damage|p2a: Gallade|0 fnt\n|faint|p2a: Gallade\n|-damage|p1a: Mamoswine|78\/100|[from] item: Life Orb\n|\n|-fieldend|move: Trick Room\n|upkeep\n|\n|t:|1644661655\n|switch|p2a: Slowbro|Slowbro, F|100\/100\n|-damage|p2a: Slowbro|88\/100|[from] Stealth Rock\n|turn|27\n|\n|t:|1644661663\n|move|p1a: Mamoswine|Earthquake|p2a: Slowbro\n|-damage|p2a: Slowbro|27\/100\n|-damage|p1a: Mamoswine|68\/100|[from] item: Life Orb\n|move|p2a: Slowbro|Scald|p1a: Mamoswine\n|-supereffective|p1a: Mamoswine\n|-damage|p1a: Mamoswine|0 fnt\n|faint|p1a: Mamoswine\n|-damage|p2a: Slowbro|18\/100|[from] item: Life Orb\n|\n|win|Kyerndo\n|raw|TryHonesty's rating: 1482 &rarr; <strong>1469<\/strong><br \/>(-13 for losing)\n|raw|Kyerndo's rating: 1602 &rarr; <strong>1615<\/strong><br \/>(+13 for winning)\n|l|\u2606TryHonesty\n","uploadtime":1644661667,"views":10,"p1id":"tryhonesty","p2id":"kyerndo","formatid":"gen8bdspou","rating":1469,"private":0,"password":null}