{"id":"gen8godlygift-1681219232","p1":"Quantum Tesseract","p2":"Unviabriel","format":"gen8godlygift","log":"|j|\u2606Quantum Tesseract\n|j|\u2606Unviabriel\n|t:|1665283203\n|gametype|singles\n|player|p1|Quantum Tesseract|#omplxtempertyrantrums|\n|player|p2|Unviabriel|shauntal|\n|teamsize|p1|6\n|teamsize|p2|6\n|gen|8\n|tier|[Gen 8] Godly Gift\n|rule|Species Clause: Limit one of each Pok\u00e9mon\n|rule|OHKO Clause: OHKO moves are banned\n|rule|Evasion Moves Clause: Evasion moves are banned\n|rule|Endless Battle Clause: Forcing endless battles is banned\n|rule|Dynamax Clause: You cannot dynamax\n|rule|HP Percentage Mod: HP is shown in percentages\n|rule|Sleep Clause: Sleep-inducing moves are banned\n|clearpoke\n|poke|p1|Landorus-Therian, M|\n|poke|p1|Mewtwo|\n|poke|p1|Nihilego|\n|poke|p1|Celesteela|\n|poke|p1|Urshifu-*, M|\n|poke|p1|Togekiss, M|\n|poke|p2|Rotom-Wash|\n|poke|p2|Victini|\n|poke|p2|Persian-Alola, F|\n|poke|p2|Groudon|\n|poke|p2|Rillaboom, M|\n|poke|p2|Heatran, F|\n|teampreview\n|c|\u2606Unviabriel|glhf\n|c|\u2606Quantum Tesseract|Gl hf\n|\n|t:|1665283300\n|start\n|switch|p1a: Landorus|Landorus-Therian, M|100\/100\n|switch|p2a: Persian|Persian-Alola, F|100\/100\n|-ability|p1a: Landorus|Intimidate|boost\n|-unboost|p2a: Persian|atk|1\n|turn|1\n|\n|t:|1665283383\n|switch|p1a: Urshifu|Urshifu-Rapid-Strike, M|100\/100\n|move|p2a: Persian|Taunt|p1a: Urshifu\n|-start|p1a: Urshifu|move: Taunt\n|\n|upkeep\n|turn|2\n|\n|t:|1665283396\n|switch|p2a: Rotom|Rotom-Wash|100\/100\n|move|p1a: Urshifu|U-turn|p2a: Rotom\n|-damage|p2a: Rotom|79\/100\n|\n|t:|1665283401\n|switch|p1a: Nihilego|Nihilego|100\/100|[from]move: U-turn\n|\n|upkeep\n|turn|3\n|\n|t:|1665283485\n|switch|p2a: Groudon|Groudon|100\/100\n|-weather|SunnyDay|[from] ability: Drought|[of] p2a: Groudon\n|move|p1a: Nihilego|Meteor Beam||[still]\n|-prepare|p1a: Nihilego|Meteor Beam\n|-boost|p1a: Nihilego|spa|1\n|-enditem|p1a: Nihilego|Power Herb\n|-anim|p1a: Nihilego|Meteor Beam|p2a: Groudon\n|-resisted|p2a: Groudon\n|-damage|p2a: Groudon|50\/100\n|\n|-weather|SunnyDay|[upkeep]\n|upkeep\n|turn|4\n|\n|t:|1665283519\n|switch|p2a: Heatran|Heatran, F|100\/100\n|-item|p2a: Heatran|Air Balloon\n|move|p1a: Nihilego|Grass Knot|p2a: Heatran\n|-resisted|p2a: Heatran\n|-damage|p2a: Heatran|89\/100\n|-enditem|p2a: Heatran|Air Balloon\n|\n|-weather|SunnyDay|[upkeep]\n|upkeep\n|turn|5\n|\n|t:|1665283552\n|move|p1a: Nihilego|Meteor Beam||[still]\n|-prepare|p1a: Nihilego|Meteor Beam\n|-boost|p1a: Nihilego|spa|1\n|move|p2a: Heatran|Earth Power|p1a: Nihilego\n|-supereffective|p1a: Nihilego\n|-damage|p1a: Nihilego|19\/100\n|\n|-weather|SunnyDay|[upkeep]\n|upkeep\n|turn|6\n|\n|t:|1665283567\n|switch|p2a: Groudon|Groudon|50\/100\n|move|p1a: Nihilego|Meteor Beam|p2a: Groudon|[from]lockedmove\n|-resisted|p2a: Groudon\n|-damage|p2a: Groudon|0 fnt\n|faint|p2a: Groudon\n|-ability|p1a: Nihilego|Beast Boost|boost\n|-boost|p1a: Nihilego|spa|1\n|\n|-weather|SunnyDay|[upkeep]\n|upkeep\n|\n|t:|1665283621\n|switch|p2a: Rillaboom|Rillaboom, M|100\/100\n|-fieldstart|move: Grassy Terrain|[from] ability: Grassy Surge|[of] p2a: Rillaboom\n|turn|7\n|\n|t:|1665283626\n|move|p2a: Rillaboom|Grassy Glide|p1a: Nihilego\n|-damage|p1a: Nihilego|0 fnt\n|faint|p1a: Nihilego\n|\n|-weather|none\n|upkeep\n|\n|t:|1665283627\n|switch|p1a: Celesteela|Celesteela|100\/100\n|turn|8\n|inactive|Battle timer is ON: inactive players will automatically lose when time's up. (requested by Quantum Tesseract)\n|\n|t:|1665283740\n|switch|p2a: Persian|Persian-Alola, F|100\/100\n|move|p1a: Celesteela|Meteor Beam||[still]\n|-prepare|p1a: Celesteela|Meteor Beam\n|-boost|p1a: Celesteela|spa|1\n|-enditem|p1a: Celesteela|Power Herb\n|-anim|p1a: Celesteela|Meteor Beam|p2a: Persian\n|-damage|p2a: Persian|0 fnt\n|faint|p2a: Persian\n|-ability|p1a: Celesteela|Beast Boost|boost\n|-boost|p1a: Celesteela|spa|1\n|\n|upkeep\n|inactive|Unviabriel has 270 seconds left.\n|\n|t:|1665283772\n|switch|p2a: Heatran|Heatran, F|89\/100\n|turn|9\n|\n|t:|1665283778\n|move|p2a: Heatran|Magma Storm|p1a: Celesteela\n|-supereffective|p1a: Celesteela\n|-damage|p1a: Celesteela|4\/100\n|-activate|p1a: Celesteela|move: Magma Storm|[of] p2a: Heatran\n|move|p1a: Celesteela|Autotomize|p1a: Celesteela\n|-boost|p1a: Celesteela|spe|2\n|-start|p1a: Celesteela|Autotomize\n|\n|-heal|p2a: Heatran|95\/100|[from] Grassy Terrain\n|-damage|p1a: Celesteela|0 fnt|[from] move: Magma Storm|[partiallytrapped]\n|faint|p1a: Celesteela\n|upkeep\n|\n|t:|1665283782\n|switch|p1a: Landorus|Landorus-Therian, M|100\/100\n|-ability|p1a: Landorus|Intimidate|boost\n|-unboost|p2a: Heatran|atk|1\n|turn|10\n|inactive|Unviabriel has 270 seconds left.\n|inactive|Unviabriel has 240 seconds left.\n|\n|t:|1665283852\n|move|p1a: Landorus|Stealth Rock|p2a: Heatran\n|-sidestart|p2: Unviabriel|move: Stealth Rock\n|move|p2a: Heatran|Magma Storm|p1a: Landorus\n|-damage|p1a: Landorus|50\/100\n|-activate|p1a: Landorus|move: Magma Storm|[of] p2a: Heatran\n|\n|-heal|p2a: Heatran|100\/100|[from] Grassy Terrain\n|-damage|p1a: Landorus|38\/100|[from] move: Magma Storm|[partiallytrapped]\n|upkeep\n|turn|11\n|\n|t:|1665283870\n|switch|p2a: Rotom|Rotom-Wash|79\/100\n|-damage|p2a: Rotom|67\/100|[from] Stealth Rock\n|move|p1a: Landorus|Earthquake|p2a: Rotom\n|-immune|p2a: Rotom|[from] ability: Levitate\n|\n|-end|p1a: Landorus|Magma Storm|[partiallytrapped]|[silent]\n|-fieldend|move: Grassy Terrain\n|upkeep\n|turn|12\n|\n|t:|1665283888\n|move|p2a: Rotom|Hydro Pump|p1a: Landorus|[miss]\n|-miss|p2a: Rotom|p1a: Landorus\n|move|p1a: Landorus|Explosion|p2a: Rotom\n|-damage|p2a: Rotom|0 fnt\n|faint|p1a: Landorus\n|faint|p2a: Rotom\n|\n|upkeep\n|\n|t:|1665283900\n|switch|p1a: Togekiss|Togekiss, M|100\/100\n|switch|p2a: Rillaboom|Rillaboom, M|100\/100\n|-damage|p2a: Rillaboom|88\/100|[from] Stealth Rock\n|-fieldstart|move: Grassy Terrain|[from] ability: Grassy Surge|[of] p2a: Rillaboom\n|turn|13\n|inactive|Unviabriel has 210 seconds left.\n|inactive|Unviabriel has 180 seconds left.\n|\n|t:|1665283960\n|switch|p2a: Heatran|Heatran, F|100\/100\n|-damage|p2a: Heatran|88\/100|[from] Stealth Rock\n|move|p1a: Togekiss|Nasty Plot|p1a: Togekiss\n|-boost|p1a: Togekiss|spa|2\n|\n|-heal|p2a: Heatran|94\/100|[from] Grassy Terrain\n|upkeep\n|turn|14\n|j| logodao\n|l| logodao\n|\n|t:|1665283982\n|move|p1a: Togekiss|Air Slash|p2a: Heatran\n|-resisted|p2a: Heatran\n|-crit|p2a: Heatran\n|-damage|p2a: Heatran|51\/100\n|cant|p2a: Heatran|flinch\n|\n|-heal|p2a: Heatran|58\/100|[from] Grassy Terrain\n|upkeep\n|turn|15\n|\n|t:|1665283992\n|move|p1a: Togekiss|Air Slash|p2a: Heatran\n|-resisted|p2a: Heatran\n|-damage|p2a: Heatran|29\/100\n|cant|p2a: Heatran|flinch\n|\n|-heal|p2a: Heatran|35\/100|[from] Grassy Terrain\n|upkeep\n|turn|16\n|\n|t:|1665283998\n|move|p1a: Togekiss|Air Slash|p2a: Heatran\n|-resisted|p2a: Heatran\n|-damage|p2a: Heatran|6\/100\n|move|p2a: Heatran|Magma Storm|p1a: Togekiss|[miss]\n|-miss|p2a: Heatran|p1a: Togekiss\n|\n|-heal|p2a: Heatran|12\/100|[from] Grassy Terrain\n|upkeep\n|turn|17\n|c|\u2606Unviabriel|man fuck off\n|\n|t:|1665284009\n|move|p1a: Togekiss|Air Slash|p2a: Heatran\n|-resisted|p2a: Heatran\n|-crit|p2a: Heatran\n|-damage|p2a: Heatran|0 fnt\n|faint|p2a: Heatran\n|\n|-fieldend|move: Grassy Terrain\n|upkeep\n|\n|t:|1665284020\n|switch|p2a: Victini|Victini|100\/100\n|turn|18\n|\n|t:|1665284023\n|move|p1a: Togekiss|Air Slash|p2a: Victini\n|-damage|p2a: Victini|25\/100\n|move|p2a: Victini|Bolt Strike|p1a: Togekiss\n|-supereffective|p1a: Togekiss\n|-damage|p1a: Togekiss|0 fnt\n|faint|p1a: Togekiss\n|\n|upkeep\n|\n|t:|1665284037\n|switch|p1a: Urshifu|Urshifu-Rapid-Strike, M|100\/100\n|turn|19\n|inactive|Unviabriel has 180 seconds left.\n|inactive|Quantum Tesseract has 270 seconds left.\n|inactive|Unviabriel has 150 seconds left.\n|inactive|Unviabriel has 120 seconds left.\n|inactive|Unviabriel has 90 seconds left.\n|inactive|Unviabriel has 60 seconds left.\n|\n|t:|1665284173\n|move|p1a: Urshifu|Surging Strikes|p2a: Victini\n|-supereffective|p2a: Victini\n|-crit|p2a: Victini\n|-damage|p2a: Victini|0 fnt\n|faint|p2a: Victini\n|-hitcount|p2: Victini|1\n|\n|upkeep\n|c|\u2606Unviabriel|goddamn it\n|\n|t:|1665284186\n|switch|p2a: Rillaboom|Rillaboom, M|88\/100\n|-damage|p2a: Rillaboom|76\/100|[from] Stealth Rock\n|-fieldstart|move: Grassy Terrain|[from] ability: Grassy Surge|[of] p2a: Rillaboom\n|turn|20\n|inactive|Quantum Tesseract has 270 seconds left.\n|\n|t:|1665284200\n|move|p2a: Rillaboom|Grassy Glide|p1a: Urshifu\n|-supereffective|p1a: Urshifu\n|-damage|p1a: Urshifu|0 fnt\n|faint|p1a: Urshifu\n|\n|-heal|p2a: Rillaboom|82\/100|[from] Grassy Terrain\n|upkeep\n|\n|t:|1665284221\n|switch|p1a: Mewtwo|Mewtwo|100\/100\n|-ability|p1a: Mewtwo|Pressure\n|turn|21\n|\n|t:|1665284224\n|move|p2a: Rillaboom|Grassy Glide|p1a: Mewtwo\n|-damage|p1a: Mewtwo|23\/100\n|move|p1a: Mewtwo|Ice Beam|p2a: Rillaboom\n|-supereffective|p2a: Rillaboom\n|-damage|p2a: Rillaboom|0 fnt\n|faint|p2a: Rillaboom\n|-damage|p1a: Mewtwo|13\/100|[from] item: Life Orb\n|\n|win|Quantum Tesseract\n|l|\u2606Unviabriel\n|c|\u2606Quantum Tesseract|Ggs\n","uploadtime":1665284235,"views":33,"p1id":"quantumtesseract","p2id":"unviabriel","formatid":"gen8godlygift","rating":0,"private":0,"password":null}