{"id":"gen8ou-1330593164","p1":"early_human","p2":"pretty vile","format":"gen8ou","log":"|j|\u2606early_human\n|j|\u2606pretty vile\n|t:|1619650299\n|gametype|singles\n|player|p1|early_human|dancer|1834\n|player|p2|pretty vile|102|1720\n|teamsize|p1|6\n|teamsize|p2|6\n|gen|8\n|tier|[Gen 8] OU\n|rated|\n|clearpoke\n|poke|p1|Moltres-Galar|\n|poke|p1|Aegislash, F|\n|poke|p1|Buzzwole|\n|poke|p1|Latios, M|\n|poke|p1|Landorus-Therian, M|\n|poke|p1|Bisharp, M|\n|poke|p2|Corviknight, M|\n|poke|p2|Blissey, F|\n|poke|p2|Dragapult, F|\n|poke|p2|Dracozolt|\n|poke|p2|Urshifu-*, F|\n|poke|p2|Hippowdon, M|\n|rule|Sleep Clause Mod: Limit one foe put to sleep\n|rule|Species Clause: Limit one of each Pok\u00e9mon\n|rule|OHKO Clause: OHKO moves are banned\n|rule|Evasion Moves Clause: Evasion moves are banned\n|rule|Endless Battle Clause: Forcing endless battles is banned\n|rule|HP Percentage Mod: HP is shown in percentages\n|rule|Dynamax Clause: You cannot dynamax\n|teampreview\n|\n|t:|1619650307\n|start\n|switch|p1a: Aegislash|Aegislash, F|100\/100\n|switch|p2a: Hippowdon|Hippowdon, M|100\/100\n|-weather|Sandstorm|[from] ability: Sand Stream|[of] p2a: Hippowdon\n|turn|1\n|\n|t:|1619650310\n|switch|p1a: Buzzwole|Buzzwole|100\/100\n|move|p2a: Hippowdon|Earthquake|p1a: Buzzwole\n|-resisted|p1a: Buzzwole\n|-damage|p1a: Buzzwole|88\/100\n|\n|-weather|Sandstorm|[upkeep]\n|-damage|p1a: Buzzwole|82\/100|[from] Sandstorm\n|upkeep\n|turn|2\n|\n|t:|1619650312\n|move|p1a: Buzzwole|Close Combat|p2a: Hippowdon\n|-damage|p2a: Hippowdon|32\/100\n|-unboost|p1a: Buzzwole|def|1\n|-unboost|p1a: Buzzwole|spd|1\n|-damage|p1a: Buzzwole|65\/100|[from] item: Rocky Helmet|[of] p2a: Hippowdon\n|move|p2a: Hippowdon|Toxic|p1a: Buzzwole\n|-status|p1a: Buzzwole|tox\n|\n|-weather|Sandstorm|[upkeep]\n|-damage|p1a: Buzzwole|59\/100 tox|[from] Sandstorm\n|-damage|p1a: Buzzwole|53\/100 tox|[from] psn\n|upkeep\n|turn|3\n|j| pikatchouk\n|j| OUTK Dorito\n|\n|t:|1619650317\n|switch|p1a: Bisharp|Bisharp, M|100\/100\n|switch|p2a: Dragapult|Dragapult, F|100\/100\n|\n|-weather|Sandstorm|[upkeep]\n|-damage|p2a: Dragapult|95\/100|[from] Sandstorm\n|upkeep\n|turn|4\n|\n|t:|1619650319\n|move|p2a: Dragapult|Will-O-Wisp|p1a: Bisharp\n|-status|p1a: Bisharp|brn\n|move|p1a: Bisharp|Knock Off|p2a: Dragapult\n|-supereffective|p2a: Dragapult\n|-damage|p2a: Dragapult|15\/100\n|-enditem|p2a: Dragapult|Heavy-Duty Boots|[from] move: Knock Off|[of] p1a: Bisharp\n|\n|-weather|Sandstorm|[upkeep]\n|-damage|p2a: Dragapult|9\/100|[from] Sandstorm\n|-damage|p1a: Bisharp|94\/100 brn|[from] brn\n|upkeep\n|turn|5\n|\n|t:|1619650325\n|move|p2a: Dragapult|U-turn|p1a: Bisharp\n|-damage|p1a: Bisharp|69\/100 brn\n|\n|t:|1619650330\n|switch|p2a: Urshifu|Urshifu-Rapid-Strike, F|100\/100|[from]move: U-turn\n|move|p1a: Bisharp|Knock Off|p2a: Urshifu\n|-resisted|p2a: Urshifu\n|-damage|p2a: Urshifu|87\/100\n|-enditem|p2a: Urshifu|Choice Band|[from] move: Knock Off|[of] p1a: Bisharp\n|\n|-weather|none\n|-damage|p1a: Bisharp|63\/100 brn|[from] brn\n|upkeep\n|turn|6\n|\n|t:|1619650337\n|move|p1a: Bisharp|Sucker Punch|p2a: Urshifu\n|-resisted|p2a: Urshifu\n|-damage|p2a: Urshifu|77\/100\n|move|p2a: Urshifu|Surging Strikes|p1a: Bisharp\n|-crit|p1a: Bisharp\n|-damage|p1a: Bisharp|37\/100 brn\n|-crit|p1a: Bisharp\n|-damage|p1a: Bisharp|12\/100 brn\n|-crit|p1a: Bisharp\n|-damage|p1a: Bisharp|0 fnt\n|-hitcount|p1a: Bisharp|3\n|faint|p1a: Bisharp\n|\n|upkeep\n|\n|t:|1619650339\n|switch|p1a: Latios|Latios, M|100\/100\n|turn|7\n|\n|t:|1619650343\n|switch|p2a: Corviknight|Corviknight, M|100\/100\n|-ability|p2a: Corviknight|Pressure\n|move|p1a: Latios|Future Sight|p2a: Corviknight\n|-start|p1a: Latios|move: Future Sight\n|\n|upkeep\n|turn|8\n|\n|t:|1619650352\n|switch|p1a: Aegislash|Aegislash, F|100\/100\n|move|p2a: Corviknight|U-turn|p1a: Aegislash\n|-resisted|p1a: Aegislash\n|-damage|p1a: Aegislash|98\/100\n|\n|t:|1619650358\n|switch|p2a: Hippowdon|Hippowdon, M|32\/100|[from]move: U-turn\n|-weather|Sandstorm|[from] ability: Sand Stream|[of] p2a: Hippowdon\n|\n|-weather|Sandstorm|[upkeep]\n|upkeep\n|turn|9\n|\n|t:|1619650363\n|switch|p2a: Dragapult|Dragapult, F|9\/100\n|-formechange|p1a: Aegislash|Aegislash-Blade||[from] ability: Stance Change\n|move|p1a: Aegislash|Shadow Ball|p2a: Dragapult\n|-supereffective|p2a: Dragapult\n|-damage|p2a: Dragapult|0 fnt\n|faint|p2a: Dragapult\n|\n|-weather|Sandstorm|[upkeep]\n|-hint|Future Sight did not hit because the target is fainted.\n|upkeep\n|\n|t:|1619650369\n|switch|p2a: Dracozolt|Dracozolt|100\/100\n|turn|10\n|\n|t:|1619650373\n|-formechange|p1a: Aegislash|Aegislash||[from] ability: Stance Change\n|move|p1a: Aegislash|King's Shield|p1a: Aegislash\n|-singleturn|p1a: Aegislash|Protect\n|move|p2a: Dracozolt|Substitute|p2a: Dracozolt\n|-start|p2a: Dracozolt|Substitute\n|-damage|p2a: Dracozolt|76\/100\n|\n|-weather|Sandstorm|[upkeep]\n|-heal|p2a: Dracozolt|82\/100|[from] item: Leftovers\n|upkeep\n|turn|11\n|\n|t:|1619650376\n|move|p2a: Dracozolt|Fire Spin|p1a: Aegislash\n|-supereffective|p1a: Aegislash\n|-crit|p1a: Aegislash\n|-damage|p1a: Aegislash|78\/100\n|-activate|p1a: Aegislash|move: Fire Spin|[of] p2a: Dracozolt\n|-enditem|p1a: Aegislash|Weakness Policy\n|-boost|p1a: Aegislash|atk|2|[from] item: Weakness Policy\n|-boost|p1a: Aegislash|spa|2|[from] item: Weakness Policy\n|-formechange|p1a: Aegislash|Aegislash-Blade||[from] ability: Stance Change\n|move|p1a: Aegislash|Shadow Ball|p2a: Dracozolt\n|-end|p2a: Dracozolt|Substitute\n|\n|-weather|Sandstorm|[upkeep]\n|-heal|p2a: Dracozolt|88\/100|[from] item: Leftovers\n|-damage|p1a: Aegislash|65\/100|[from] move: Fire Spin|[partiallytrapped]\n|upkeep\n|turn|12\n|\n|t:|1619650380\n|move|p1a: Aegislash|Shadow Sneak|p2a: Dracozolt\n|-damage|p2a: Dracozolt|43\/100\n|move|p2a: Dracozolt|Substitute|p2a: Dracozolt\n|-start|p2a: Dracozolt|Substitute\n|-damage|p2a: Dracozolt|18\/100\n|\n|-weather|none\n|-heal|p2a: Dracozolt|24\/100|[from] item: Leftovers\n|-damage|p1a: Aegislash|53\/100|[from] move: Fire Spin|[partiallytrapped]\n|upkeep\n|turn|13\n|\n|t:|1619650385\n|-formechange|p1a: Aegislash|Aegislash||[from] ability: Stance Change\n|move|p1a: Aegislash|King's Shield|p1a: Aegislash\n|-singleturn|p1a: Aegislash|Protect\n|move|p2a: Dracozolt|Bolt Beak|p1a: Aegislash\n|-activate|p1a: Aegislash|move: Protect\n|-unboost|p2a: Dracozolt|atk|1\n|\n|-heal|p2a: Dracozolt|31\/100|[from] item: Leftovers\n|-damage|p1a: Aegislash|41\/100|[from] move: Fire Spin|[partiallytrapped]\n|upkeep\n|turn|14\n|\n|t:|1619650391\n|switch|p1a: Landorus|Landorus-Therian, M|100\/100\n|-ability|p1a: Landorus|Intimidate|boost\n|-immune|p2a: Dracozolt\n|move|p2a: Dracozolt|Bolt Beak|p1a: Landorus\n|-immune|p1a: Landorus\n|\n|-heal|p2a: Dracozolt|37\/100|[from] item: Leftovers\n|upkeep\n|turn|15\n|\n|t:|1619650394\n|move|p1a: Landorus|Earthquake|p2a: Dracozolt\n|-supereffective|p2a: Dracozolt\n|-end|p2a: Dracozolt|Substitute\n|move|p2a: Dracozolt|Fire Spin|p1a: Landorus\n|-damage|p1a: Landorus|90\/100\n|-activate|p1a: Landorus|move: Fire Spin|[of] p2a: Dracozolt\n|\n|-heal|p2a: Dracozolt|43\/100|[from] item: Leftovers\n|-damage|p1a: Landorus|78\/100|[from] move: Fire Spin|[partiallytrapped]\n|upkeep\n|turn|16\n|\n|t:|1619650396\n|switch|p2a: Corviknight|Corviknight, M|100\/100\n|-ability|p2a: Corviknight|Pressure\n|move|p1a: Landorus|Stealth Rock|p2a: Corviknight\n|-sidestart|p2: pretty vile|move: Stealth Rock\n|\n|-end|p1a: Landorus|Fire Spin|[partiallytrapped]|[silent]\n|upkeep\n|turn|17\n|\n|t:|1619650404\n|switch|p1a: Moltres|Moltres-Galar|100\/100\n|move|p2a: Corviknight|Defog|p1a: Moltres\n|-unboost|p1a: Moltres|evasion|1\n|-sideend|p2: pretty vile|Stealth Rock|[from] move: Defog|[of] p2a: Corviknight\n|\n|upkeep\n|turn|18\n|\n|t:|1619650408\n|move|p1a: Moltres|Fiery Wrath|p2a: Corviknight\n|-damage|p2a: Corviknight|65\/100\n|move|p2a: Corviknight|U-turn|p1a: Moltres\n|-damage|p1a: Moltres|85\/100\n|\n|t:|1619650413\n|switch|p2a: Blissey|Blissey, F|100\/100|[from]move: U-turn\n|\n|upkeep\n|turn|19\n|\n|t:|1619650418\n|switch|p1a: Buzzwole|Buzzwole|53\/100 tox\n|move|p2a: Blissey|Substitute|p2a: Blissey\n|-start|p2a: Blissey|Substitute\n|-damage|p2a: Blissey|76\/100\n|\n|-heal|p2a: Blissey|82\/100|[from] item: Leftovers\n|-damage|p1a: Buzzwole|46\/100 tox|[from] psn\n|upkeep\n|turn|20\n|\n|t:|1619650421\n|move|p1a: Buzzwole|Leech Life|p2a: Blissey\n|-end|p2a: Blissey|Substitute\n|-heal|p1a: Buzzwole|70\/100 tox|[from] drain|[of] p2a: Blissey\n|move|p2a: Blissey|Flamethrower|p1a: Buzzwole\n|-supereffective|p1a: Buzzwole\n|-damage|p1a: Buzzwole|6\/100 tox\n|\n|-heal|p2a: Blissey|88\/100|[from] item: Leftovers\n|-damage|p1a: Buzzwole|0 fnt|[from] psn\n|faint|p1a: Buzzwole\n|upkeep\n|\n|t:|1619650430\n|switch|p1a: Landorus|Landorus-Therian, M|78\/100\n|-ability|p1a: Landorus|Intimidate|boost\n|-unboost|p2a: Blissey|atk|1\n|turn|21\n|\n|t:|1619650434\n|switch|p2a: Corviknight|Corviknight, M|65\/100\n|-ability|p2a: Corviknight|Pressure\n|move|p1a: Landorus|Stealth Rock|p2a: Corviknight\n|-sidestart|p2: pretty vile|move: Stealth Rock\n|\n|upkeep\n|turn|22\n|\n|t:|1619650440\n|switch|p1a: Aegislash|Aegislash, F|41\/100\n|move|p2a: Corviknight|Defog|p1a: Aegislash\n|-unboost|p1a: Aegislash|evasion|1\n|-sideend|p2: pretty vile|Stealth Rock|[from] move: Defog|[of] p2a: Corviknight\n|\n|upkeep\n|turn|23\n|\n|t:|1619650444\n|move|p2a: Corviknight|U-turn|p1a: Aegislash\n|-resisted|p1a: Aegislash\n|-damage|p1a: Aegislash|38\/100\n|\n|t:|1619650447\n|switch|p2a: Hippowdon|Hippowdon, M|32\/100|[from]move: U-turn\n|-weather|Sandstorm|[from] ability: Sand Stream|[of] p2a: Hippowdon\n|-formechange|p1a: Aegislash|Aegislash-Blade||[from] ability: Stance Change\n|move|p1a: Aegislash|Close Combat|p2a: Hippowdon\n|-damage|p2a: Hippowdon|10\/100\n|-unboost|p1a: Aegislash|def|1\n|-unboost|p1a: Aegislash|spd|1\n|-damage|p1a: Aegislash|21\/100|[from] item: Rocky Helmet|[of] p2a: Hippowdon\n|\n|-weather|Sandstorm|[upkeep]\n|upkeep\n|turn|24\n|\n|t:|1619650450\n|move|p2a: Hippowdon|Slack Off|p2a: Hippowdon\n|-heal|p2a: Hippowdon|60\/100\n|move|p1a: Aegislash|Shadow Ball|p2a: Hippowdon\n|-damage|p2a: Hippowdon|23\/100\n|-unboost|p2a: Hippowdon|spd|1\n|\n|-weather|Sandstorm|[upkeep]\n|upkeep\n|turn|25\n|\n|t:|1619650462\n|switch|p1a: Latios|Latios, M|100\/100\n|move|p2a: Hippowdon|Earthquake|p1a: Latios\n|-immune|p1a: Latios|[from] ability: Levitate\n|\n|-weather|Sandstorm|[upkeep]\n|-damage|p1a: Latios|95\/100|[from] Sandstorm\n|upkeep\n|turn|26\n|\n|t:|1619650467\n|switch|p2a: Corviknight|Corviknight, M|65\/100\n|-ability|p2a: Corviknight|Pressure\n|move|p1a: Latios|Future Sight|p2a: Corviknight\n|-start|p1a: Latios|move: Future Sight\n|\n|-weather|Sandstorm|[upkeep]\n|-damage|p1a: Latios|89\/100|[from] Sandstorm\n|upkeep\n|turn|27\n|\n|t:|1619650469\n|move|p1a: Latios|Mystical Fire|p2a: Corviknight\n|-supereffective|p2a: Corviknight\n|-damage|p2a: Corviknight|24\/100\n|-unboost|p2a: Corviknight|spa|1\n|move|p2a: Corviknight|U-turn|p1a: Latios\n|-supereffective|p1a: Latios\n|-damage|p1a: Latios|51\/100\n|\n|t:|1619650474\n|switch|p2a: Blissey|Blissey, F|88\/100|[from]move: U-turn\n|\n|-weather|none\n|-heal|p2a: Blissey|94\/100|[from] item: Leftovers\n|upkeep\n|turn|28\n|\n|t:|1619650481\n|switch|p1a: Landorus|Landorus-Therian, M|78\/100\n|-ability|p1a: Landorus|Intimidate|boost\n|-unboost|p2a: Blissey|atk|1\n|move|p2a: Blissey|Substitute|p2a: Blissey\n|-start|p2a: Blissey|Substitute\n|-damage|p2a: Blissey|69\/100\n|\n|-end|p2a: Blissey|move: Future Sight\n|-end|p2a: Blissey|Substitute\n|-heal|p2a: Blissey|75\/100|[from] item: Leftovers\n|upkeep\n|turn|29\n|\n|t:|1619650491\n|switch|p2a: Hippowdon|Hippowdon, M|23\/100\n|-weather|Sandstorm|[from] ability: Sand Stream|[of] p2a: Hippowdon\n|move|p1a: Landorus|Rock Tomb|p2a: Hippowdon|[miss]\n|-miss|p1a: Landorus|p2a: Hippowdon\n|\n|-weather|Sandstorm|[upkeep]\n|upkeep\n|turn|30\n|\n|t:|1619650498\n|switch|p2a: Urshifu|Urshifu-Rapid-Strike, F|77\/100\n|move|p1a: Landorus|Stealth Rock|p2a: Urshifu\n|-sidestart|p2: pretty vile|move: Stealth Rock\n|\n|-weather|Sandstorm|[upkeep]\n|-damage|p2a: Urshifu|71\/100|[from] Sandstorm\n|upkeep\n|turn|31\n|\n|t:|1619650505\n|switch|p1a: Aegislash|Aegislash, F|21\/100\n|move|p2a: Urshifu|U-turn|p1a: Aegislash\n|-resisted|p1a: Aegislash\n|-damage|p1a: Aegislash|17\/100\n|\n|t:|1619650510\n|switch|p2a: Blissey|Blissey, F|75\/100|[from]move: U-turn\n|-damage|p2a: Blissey|63\/100|[from] Stealth Rock\n|\n|-weather|Sandstorm|[upkeep]\n|-damage|p2a: Blissey|57\/100|[from] Sandstorm\n|-heal|p2a: Blissey|63\/100|[from] item: Leftovers\n|upkeep\n|turn|32\n|\n|t:|1619650513\n|move|p2a: Blissey|Flamethrower|p1a: Aegislash\n|-supereffective|p1a: Aegislash\n|-damage|p1a: Aegislash|0 fnt\n|faint|p1a: Aegislash\n|\n|-weather|Sandstorm|[upkeep]\n|-damage|p2a: Blissey|57\/100|[from] Sandstorm\n|-heal|p2a: Blissey|63\/100|[from] item: Leftovers\n|upkeep\n|\n|t:|1619650520\n|switch|p1a: Moltres|Moltres-Galar|85\/100\n|turn|33\n|\n|t:|1619650522\n|move|p1a: Moltres|Agility|p1a: Moltres\n|-boost|p1a: Moltres|spe|2\n|move|p2a: Blissey|Substitute|p2a: Blissey\n|-start|p2a: Blissey|Substitute\n|-damage|p2a: Blissey|38\/100\n|\n|-weather|none\n|-heal|p2a: Blissey|44\/100|[from] item: Leftovers\n|upkeep\n|turn|34\n|j| illusion23\n|\n|t:|1619650525\n|move|p1a: Moltres|Nasty Plot|p1a: Moltres\n|-boost|p1a: Moltres|spa|2\n|move|p2a: Blissey|Calm Mind|p2a: Blissey\n|-boost|p2a: Blissey|spa|1\n|-boost|p2a: Blissey|spd|1\n|\n|-heal|p2a: Blissey|50\/100|[from] item: Leftovers\n|upkeep\n|turn|35\n|\n|t:|1619650527\n|move|p1a: Moltres|Nasty Plot|p1a: Moltres\n|-boost|p1a: Moltres|spa|2\n|move|p2a: Blissey|Calm Mind|p2a: Blissey\n|-boost|p2a: Blissey|spa|1\n|-boost|p2a: Blissey|spd|1\n|\n|-heal|p2a: Blissey|56\/100|[from] item: Leftovers\n|upkeep\n|turn|36\n|\n|t:|1619650530\n|move|p1a: Moltres|Fiery Wrath|p2a: Blissey\n|-activate|p2a: Blissey|move: Substitute|[damage]\n|move|p2a: Blissey|Thunder|p1a: Moltres|[miss]\n|-miss|p2a: Blissey|p1a: Moltres\n|\n|-heal|p2a: Blissey|62\/100|[from] item: Leftovers\n|upkeep\n|turn|37\n|\n|t:|1619650532\n|move|p1a: Moltres|Fiery Wrath|p2a: Blissey\n|-end|p2a: Blissey|Substitute\n|move|p2a: Blissey|Thunder|p1a: Moltres\n|-supereffective|p1a: Moltres\n|-damage|p1a: Moltres|0 fnt\n|faint|p1a: Moltres\n|\n|-heal|p2a: Blissey|68\/100|[from] item: Leftovers\n|upkeep\n|\n|t:|1619650535\n|switch|p1a: Landorus|Landorus-Therian, M|78\/100\n|-ability|p1a: Landorus|Intimidate|boost\n|-unboost|p2a: Blissey|atk|1\n|turn|38\n|\n|t:|1619650538\n|switch|p2a: Urshifu|Urshifu-Rapid-Strike, F|71\/100\n|-damage|p2a: Urshifu|64\/100|[from] Stealth Rock\n|move|p1a: Landorus|Earthquake|p2a: Urshifu\n|-damage|p2a: Urshifu|6\/100\n|\n|upkeep\n|turn|39\n|\n|t:|1619650542\n|switch|p1a: Latios|Latios, M|51\/100\n|move|p2a: Urshifu|Surging Strikes|p1a: Latios\n|-resisted|p1a: Latios\n|-crit|p1a: Latios\n|-damage|p1a: Latios|36\/100\n|-resisted|p1a: Latios\n|-crit|p1a: Latios\n|-damage|p1a: Latios|23\/100\n|-resisted|p1a: Latios\n|-crit|p1a: Latios\n|-damage|p1a: Latios|11\/100\n|-hitcount|p1a: Latios|3\n|\n|upkeep\n|turn|40\n|j| firebelly\n|\n|t:|1619650551\n|move|p2a: Urshifu|Aqua Jet|p1a: Latios\n|-resisted|p1a: Latios\n|-damage|p1a: Latios|0 fnt\n|faint|p1a: Latios\n|\n|upkeep\n|\n|t:|1619650555\n|switch|p1a: Landorus|Landorus-Therian, M|78\/100\n|-ability|p1a: Landorus|Intimidate|boost\n|-unboost|p2a: Urshifu|atk|1\n|turn|41\n|\n|t:|1619650557\n|move|p2a: Urshifu|Surging Strikes|p1a: Landorus\n|-supereffective|p1a: Landorus\n|-crit|p1a: Landorus\n|-damage|p1a: Landorus|35\/100\n|-supereffective|p1a: Landorus\n|-crit|p1a: Landorus\n|-damage|p1a: Landorus|0 fnt\n|-hitcount|p1a: Landorus|2\n|faint|p1a: Landorus\n|\n|win|pretty vile\n|raw|early_human's rating: 1834 &rarr; <strong>1808<\/strong><br \/>(-26 for losing)\n|raw|pretty vile's rating: 1720 &rarr; <strong>1746<\/strong><br \/>(+26 for winning)\n|l|\u2606early_human\n|c|\u2606pretty vile|gg\n|l|\u2606pretty vile\n||Ladder isn't responding, score probably updated but might not have (Request timeout).\n","uploadtime":1619650646,"views":31,"p1id":"earlyhuman","p2id":"prettyvile","formatid":"gen8ou","rating":1746,"private":0,"password":null}