{"id":"gen8ou-1554853316","p1":"jennifer fang","p2":"SKIP THE DRIP","format":"gen8ou","log":"|j|\u2606jennifer fang\n|j|\u2606SKIP THE DRIP\n|t:|1650136979\n|gametype|singles\n|player|p1|jennifer fang|265|1725\n|player|p2|SKIP THE DRIP|wally|1685\n|teamsize|p1|6\n|teamsize|p2|6\n|gen|8\n|tier|[Gen 8] OU\n|rated|\n|rule|Sleep Clause Mod: Limit one foe put to sleep\n|rule|Species Clause: Limit one of each Pok\u00e9mon\n|rule|OHKO Clause: OHKO moves are banned\n|rule|Evasion Moves Clause: Evasion moves are banned\n|rule|Endless Battle Clause: Forcing endless battles is banned\n|rule|HP Percentage Mod: HP is shown in percentages\n|rule|Dynamax Clause: You cannot dynamax\n|clearpoke\n|poke|p1|Bisharp, M|\n|poke|p1|Polteageist-Antique|\n|poke|p1|Landorus-Therian, M|\n|poke|p1|Reuniclus, F|\n|poke|p1|Kommo-o, F|\n|poke|p1|Latios, M|\n|poke|p2|Tyrantrum, F|\n|poke|p2|Rotom-Wash|\n|poke|p2|Weavile, F|\n|poke|p2|Landorus-Therian, M|\n|poke|p2|Tapu Lele|\n|poke|p2|Heatran, F|\n|teampreview\n|inactive|Battle timer is ON: inactive players will automatically lose when time's up. (requested by SKIP THE DRIP)\n|\n|t:|1650136990\n|start\n|switch|p1a: Landorus|Landorus-Therian, M|100\/100\n|switch|p2a: Rotom|Rotom-Wash|100\/100\n|-ability|p1a: Landorus|Intimidate|boost\n|-unboost|p2a: Rotom|atk|1\n|turn|1\n|\n|t:|1650136994\n|move|p1a: Landorus|Stealth Rock|p2a: Rotom\n|-sidestart|p2: SKIP THE DRIP|move: Stealth Rock\n|move|p2a: Rotom|Will-O-Wisp|p1a: Landorus\n|-status|p1a: Landorus|brn\n|\n|-damage|p1a: Landorus|95\/100 brn|[from] brn\n|upkeep\n|turn|2\n|\n|t:|1650137000\n|switch|p1a: Latios|Latios, M|100\/100\n|switch|p2a: Heatran|Heatran, F|100\/100\n|-damage|p2a: Heatran|88\/100|[from] Stealth Rock\n|\n|-heal|p2a: Heatran|94\/100|[from] item: Leftovers\n|upkeep\n|turn|3\n|\n|t:|1650137006\n|move|p1a: Latios|Light Screen|p1a: Latios\n|-sidestart|p1: jennifer fang|move: Light Screen\n|move|p2a: Heatran|Toxic|p1a: Latios\n|-status|p1a: Latios|tox\n|\n|-heal|p2a: Heatran|100\/100|[from] item: Leftovers\n|-damage|p1a: Latios|94\/100 tox|[from] psn\n|upkeep\n|turn|4\n|\n|t:|1650137010\n|move|p1a: Latios|Reflect|p1a: Latios\n|-sidestart|p1: jennifer fang|Reflect\n|move|p2a: Heatran|Stealth Rock|p1a: Latios\n|-sidestart|p1: jennifer fang|move: Stealth Rock\n|\n|-damage|p1a: Latios|82\/100 tox|[from] psn\n|upkeep\n|turn|5\n|\n|t:|1650137015\n|switch|p2a: Tapu Lele|Tapu Lele|100\/100\n|-damage|p2a: Tapu Lele|88\/100|[from] Stealth Rock\n|-fieldstart|move: Psychic Terrain|[from] ability: Psychic Surge|[of] p2a: Tapu Lele\n|move|p1a: Latios|Memento|p2a: Tapu Lele\n|-unboost|p2a: Tapu Lele|atk|2\n|-unboost|p2a: Tapu Lele|spa|2\n|faint|p1a: Latios\n|\n|upkeep\n|\n|t:|1650137024\n|switch|p1a: Polteageist|Polteageist-Antique|100\/100\n|-damage|p1a: Polteageist|88\/100|[from] Stealth Rock\n|turn|6\n|\n|t:|1650137035\n|switch|p2a: Heatran|Heatran, F|100\/100\n|-damage|p2a: Heatran|88\/100|[from] Stealth Rock\n|switch|p1a: Kommo-o|Kommo-o, F|100\/100\n|-damage|p1a: Kommo-o|94\/100|[from] Stealth Rock\n|\n|-heal|p2a: Heatran|94\/100|[from] item: Leftovers\n|upkeep\n|turn|7\n|\n|t:|1650137044\n|switch|p2a: Tapu Lele|Tapu Lele|88\/100\n|-damage|p2a: Tapu Lele|76\/100|[from] Stealth Rock\n|move|p1a: Kommo-o|Substitute|p1a: Kommo-o\n|-start|p1a: Kommo-o|Substitute\n|-damage|p1a: Kommo-o|69\/100\n|\n|upkeep\n|turn|8\n|\n|t:|1650137046\n|move|p2a: Tapu Lele|Moonblast|p1a: Kommo-o\n|-supereffective|p1a: Kommo-o\n|-end|p1a: Kommo-o|Substitute\n|move|p1a: Kommo-o|Belly Drum|p1a: Kommo-o\n|-damage|p1a: Kommo-o|19\/100\n|-setboost|p1a: Kommo-o|atk|6|[from] move: Belly Drum\n|-enditem|p1a: Kommo-o|Salac Berry|[eat]\n|-boost|p1a: Kommo-o|spe|1|[from] item: Salac Berry\n|\n|upkeep\n|turn|9\n|\n|t:|1650137050\n|move|p2a: Tapu Lele|Moonblast|p1a: Kommo-o\n|-supereffective|p1a: Kommo-o\n|-damage|p1a: Kommo-o|0 fnt\n|faint|p1a: Kommo-o\n|\n|-fieldend|move: Psychic Terrain\n|upkeep\n|\n|t:|1650137060\n|switch|p1a: Polteageist|Polteageist-Antique|88\/100\n|-damage|p1a: Polteageist|76\/100|[from] Stealth Rock\n|turn|10\n|\n|t:|1650137063\n|switch|p2a: Weavile|Weavile, F|100\/100\n|-ability|p2a: Weavile|Pressure\n|move|p1a: Polteageist|Shell Smash|p1a: Polteageist\n|-unboost|p1a: Polteageist|def|1\n|-unboost|p1a: Polteageist|spd|1\n|-boost|p1a: Polteageist|atk|2\n|-boost|p1a: Polteageist|spa|2\n|-boost|p1a: Polteageist|spe|2\n|\n|-sideend|p1: jennifer fang|move: Light Screen\n|upkeep\n|turn|11\n|\n|t:|1650137068\n|move|p1a: Polteageist|Shadow Ball|p2a: Weavile\n|-resisted|p2a: Weavile\n|-damage|p2a: Weavile|31\/100\n|-unboost|p2a: Weavile|spd|1\n|move|p2a: Weavile|Knock Off|p1a: Polteageist\n|-supereffective|p1a: Polteageist\n|-damage|p1a: Polteageist|0 fnt\n|-enditem|p1a: Polteageist|Focus Sash|[from] move: Knock Off|[of] p2a: Weavile\n|faint|p1a: Polteageist\n|\n|-sideend|p1: jennifer fang|Reflect\n|upkeep\n|\n|t:|1650137072\n|switch|p1a: Bisharp|Bisharp, M|100\/100\n|-damage|p1a: Bisharp|95\/100|[from] Stealth Rock\n|turn|12\n|\n|t:|1650137078\n|switch|p2a: Tapu Lele|Tapu Lele|76\/100\n|-damage|p2a: Tapu Lele|63\/100|[from] Stealth Rock\n|-fieldstart|move: Psychic Terrain|[from] ability: Psychic Surge|[of] p2a: Tapu Lele\n|move|p1a: Bisharp|Swords Dance|p1a: Bisharp\n|-boost|p1a: Bisharp|atk|2\n|\n|upkeep\n|turn|13\n|\n|t:|1650137090\n|move|p2a: Tapu Lele|Moonblast|p1a: Bisharp\n|-damage|p1a: Bisharp|7\/100\n|-unboost|p1a: Bisharp|spa|1\n|-ability|p1a: Bisharp|Defiant\n|-boost|p1a: Bisharp|atk|2\n|move|p1a: Bisharp|Iron Head|p2a: Tapu Lele\n|-supereffective|p2a: Tapu Lele\n|-damage|p2a: Tapu Lele|0 fnt\n|faint|p2a: Tapu Lele\n|\n|upkeep\n|\n|t:|1650137095\n|switch|p2a: Weavile|Weavile, F|31\/100\n|-ability|p2a: Weavile|Pressure\n|turn|14\n|\n|t:|1650137101\n|move|p2a: Weavile|Knock Off|p1a: Bisharp\n|-resisted|p1a: Bisharp\n|-crit|p1a: Bisharp\n|-damage|p1a: Bisharp|0 fnt\n|-enditem|p1a: Bisharp|Black Glasses|[from] move: Knock Off|[of] p2a: Weavile\n|faint|p1a: Bisharp\n|\n|upkeep\n|\n|t:|1650137103\n|switch|p1a: Landorus|Landorus-Therian, M|95\/100 brn\n|-damage|p1a: Landorus|82\/100 brn|[from] Stealth Rock\n|-ability|p1a: Landorus|Intimidate|boost\n|-unboost|p2a: Weavile|atk|1\n|turn|15\n|\n|t:|1650137106\n|move|p1a: Landorus|U-turn|p2a: Weavile\n|-supereffective|p2a: Weavile\n|-damage|p2a: Weavile|0 fnt\n|faint|p2a: Weavile\n|\n|t:|1650137109\n|switch|p1a: Reuniclus|Reuniclus, F|100\/100|[from]move: U-turn\n|\n|upkeep\n|\n|t:|1650137113\n|switch|p2a: MURDA MURDA MAN|Tyrantrum, F, shiny|100\/100\n|-damage|p2a: MURDA MURDA MAN|88\/100|[from] Stealth Rock\n|turn|16\n|\n|t:|1650137116\n|switch|p1a: Landorus|Landorus-Therian, M|82\/100 brn\n|-damage|p1a: Landorus|70\/100 brn|[from] Stealth Rock\n|-ability|p1a: Landorus|Intimidate|boost\n|-unboost|p2a: MURDA MURDA MAN|atk|1\n|move|p2a: MURDA MURDA MAN|Head Smash|p1a: Landorus\n|-damage|p1a: Landorus|0 fnt\n|faint|p1a: Landorus\n|\n|-fieldend|move: Psychic Terrain\n|upkeep\n|j| rainspam101\n|\n|t:|1650137118\n|switch|p1a: Reuniclus|Reuniclus, F|100\/100\n|turn|17\n|\n|t:|1650137120\n|switch|p2a: Landorus|Landorus-Therian, M|100\/100\n|-damage|p2a: Landorus|88\/100|[from] Stealth Rock\n|-ability|p2a: Landorus|Intimidate|boost\n|-unboost|p1a: Reuniclus|atk|1\n|move|p1a: Reuniclus|Acid Armor|p1a: Reuniclus\n|-boost|p1a: Reuniclus|def|2\n|\n|-heal|p2a: Landorus|94\/100|[from] item: Leftovers\n|upkeep\n|turn|18\n|\n|t:|1650137124\n|move|p2a: Landorus|U-turn|p1a: Reuniclus\n|-supereffective|p1a: Reuniclus\n|-damage|p1a: Reuniclus|77\/100\n|\n|t:|1650137125\n|switch|p2a: MURDA MURDA MAN|Tyrantrum, F, shiny|88\/100|[from]move: U-turn\n|-damage|p2a: MURDA MURDA MAN|76\/100|[from] Stealth Rock\n|move|p1a: Reuniclus|Acid Armor|p1a: Reuniclus\n|-boost|p1a: Reuniclus|def|2\n|\n|-heal|p1a: Reuniclus|83\/100|[from] item: Leftovers\n|upkeep\n|turn|19\n|\n|t:|1650137133\n|move|p2a: MURDA MURDA MAN|Head Smash|p1a: Reuniclus\n|-damage|p1a: Reuniclus|45\/100\n|move|p1a: Reuniclus|Recover|p1a: Reuniclus\n|-heal|p1a: Reuniclus|95\/100\n|\n|-heal|p1a: Reuniclus|100\/100|[from] item: Leftovers\n|upkeep\n|turn|20\n|\n|t:|1650137137\n|move|p2a: MURDA MURDA MAN|Head Smash|p1a: Reuniclus\n|-damage|p1a: Reuniclus|66\/100\n|move|p1a: Reuniclus|Calm Mind|p1a: Reuniclus\n|-boost|p1a: Reuniclus|spa|1\n|-boost|p1a: Reuniclus|spd|1\n|\n|-heal|p1a: Reuniclus|72\/100|[from] item: Leftovers\n|upkeep\n|turn|21\n|\n|t:|1650137139\n|move|p2a: MURDA MURDA MAN|Head Smash|p1a: Reuniclus\n|-damage|p1a: Reuniclus|37\/100\n|move|p1a: Reuniclus|Recover|p1a: Reuniclus\n|-heal|p1a: Reuniclus|87\/100\n|\n|-heal|p1a: Reuniclus|93\/100|[from] item: Leftovers\n|upkeep\n|turn|22\n|\n|t:|1650137142\n|move|p2a: MURDA MURDA MAN|Head Smash|p1a: Reuniclus\n|-damage|p1a: Reuniclus|55\/100\n|move|p1a: Reuniclus|Acid Armor|p1a: Reuniclus\n|-boost|p1a: Reuniclus|def|2\n|\n|-heal|p1a: Reuniclus|61\/100|[from] item: Leftovers\n|upkeep\n|turn|23\n|\n|t:|1650137146\n|move|p2a: MURDA MURDA MAN|Head Smash|p1a: Reuniclus\n|-damage|p1a: Reuniclus|34\/100\n|move|p1a: Reuniclus|Recover|p1a: Reuniclus\n|-heal|p1a: Reuniclus|84\/100\n|\n|-heal|p1a: Reuniclus|90\/100|[from] item: Leftovers\n|upkeep\n|turn|24\n|\n|t:|1650137148\n|move|p2a: MURDA MURDA MAN|Head Smash|p1a: Reuniclus\n|-damage|p1a: Reuniclus|60\/100\n|move|p1a: Reuniclus|Calm Mind|p1a: Reuniclus\n|-boost|p1a: Reuniclus|spa|1\n|-boost|p1a: Reuniclus|spd|1\n|\n|-heal|p1a: Reuniclus|66\/100|[from] item: Leftovers\n|upkeep\n|turn|25\n|\n|t:|1650137151\n|move|p2a: MURDA MURDA MAN|Head Smash|p1a: Reuniclus\n|-damage|p1a: Reuniclus|38\/100\n|move|p1a: Reuniclus|Recover|p1a: Reuniclus\n|-heal|p1a: Reuniclus|88\/100\n|\n|-heal|p1a: Reuniclus|94\/100|[from] item: Leftovers\n|upkeep\n|turn|26\n|\n|t:|1650137154\n|switch|p2a: Heatran|Heatran, F|94\/100\n|-damage|p2a: Heatran|82\/100|[from] Stealth Rock\n|move|p1a: Reuniclus|Calm Mind|p1a: Reuniclus\n|-boost|p1a: Reuniclus|spa|1\n|-boost|p1a: Reuniclus|spd|1\n|\n|-heal|p2a: Heatran|88\/100|[from] item: Leftovers\n|-heal|p1a: Reuniclus|99\/100|[from] item: Leftovers\n|upkeep\n|turn|27\n|-message|SKIP THE DRIP forfeited.\n|\n|win|jennifer fang\n|raw|jennifer fang's rating: 1725 &rarr; <strong>1743<\/strong><br \/>(+18 for winning)\n|raw|SKIP THE DRIP's rating: 1685 &rarr; <strong>1667<\/strong><br \/>(-18 for losing)\n|l|\u2606SKIP THE DRIP\n||Ladder isn't responding, score probably updated but might not have (Request timeout).\n","uploadtime":1650137163,"views":50,"p1id":"jenniferfang","p2id":"skipthedrip","formatid":"gen8ou","rating":1667,"private":0,"password":null}