{"id":"gen8bdspnu-1508984460","p1":"meri berry\u2767","p2":"Ill Leave","format":"gen8bdspnu","log":"|j|\u2606meri berry\u2767\n|j|\u2606Ill Leave\n|inactive|Battle timer is ON: inactive players will automatically lose when time's up.\n|t:|1644605727\n|gametype|singles\n|player|p1|meri berry\u2767|#scl1platoon|\n|player|p2|Ill Leave|janine|\n|teamsize|p1|6\n|teamsize|p2|6\n|gen|8\n|tier|[Gen 8 BDSP] NU\n|rated|Tournament battle\n|rule|Sleep Clause Mod: Limit one foe put to sleep\n|rule|Species Clause: Limit one of each Pok\u00e9mon\n|rule|OHKO Clause: OHKO moves are banned\n|rule|Evasion Moves Clause: Evasion moves are banned\n|rule|Endless Battle Clause: Forcing endless battles is banned\n|rule|HP Percentage Mod: HP is shown in percentages\n|clearpoke\n|poke|p1|Exeggutor, M|\n|poke|p1|Sandslash, M|\n|poke|p1|Corsola, M|\n|poke|p1|Rotom-Frost|\n|poke|p1|Skuntank, M|\n|poke|p1|Mr. Mime, F|\n|poke|p2|Smeargle, M|\n|poke|p2|Ursaring, M|\n|poke|p2|Zangoose, M|\n|poke|p2|Tauros, M|\n|poke|p2|Kangaskhan, F|\n|poke|p2|Weezing, F|\n|teampreview\n|\n|t:|1644605750\n|start\n|switch|p1a: Exeggutor|Exeggutor, M|100\/100\n|switch|p2a: Kangaskhan|Kangaskhan, F|100\/100\n|turn|1\n|\n|t:|1644605753\n|switch|p1a: Corsola|Corsola, M|100\/100\n|move|p2a: Kangaskhan|Fake Out|p1a: Corsola\n|-resisted|p1a: Corsola\n|-damage|p1a: Corsola|92\/100\n|\n|-heal|p1a: Corsola|98\/100|[from] item: Leftovers\n|upkeep\n|turn|2\n|\n|t:|1644605758\n|move|p2a: Kangaskhan|Drain Punch|p1a: Corsola\n|-supereffective|p1a: Corsola\n|-damage|p1a: Corsola|62\/100\n|move|p1a: Corsola|Scald|p2a: Kangaskhan\n|-damage|p2a: Kangaskhan|77\/100\n|\n|-heal|p1a: Corsola|68\/100|[from] item: Leftovers\n|upkeep\n|turn|3\n|\n|t:|1644605765\n|move|p2a: Kangaskhan|Drain Punch|p1a: Corsola\n|-supereffective|p1a: Corsola\n|-damage|p1a: Corsola|34\/100\n|-heal|p2a: Kangaskhan|93\/100|[from] drain|[of] p1a: Corsola\n|move|p1a: Corsola|Recover|p1a: Corsola\n|-heal|p1a: Corsola|84\/100\n|\n|-heal|p1a: Corsola|90\/100|[from] item: Leftovers\n|upkeep\n|turn|4\n|\n|t:|1644605771\n|switch|p2a: Ursaring|Ursaring, M|100\/100\n|move|p1a: Corsola|Scald|p2a: Ursaring\n|-damage|p2a: Ursaring|72\/100\n|-status|p2a: Ursaring|brn\n|\n|-heal|p1a: Corsola|96\/100|[from] item: Leftovers\n|-damage|p2a: Ursaring|65\/100 brn|[from] brn\n|upkeep\n|turn|5\n|\n|t:|1644605782\n|move|p2a: Ursaring|Facade|p1a: Corsola\n|-resisted|p1a: Corsola\n|-damage|p1a: Corsola|54\/100\n|move|p1a: Corsola|Recover|p1a: Corsola\n|-heal|p1a: Corsola|100\/100\n|\n|-damage|p2a: Ursaring|59\/100 brn|[from] brn\n|upkeep\n|turn|6\n|\n|t:|1644605786\n|move|p2a: Ursaring|Swords Dance|p2a: Ursaring\n|-boost|p2a: Ursaring|atk|2\n|move|p1a: Corsola|Recover||[still]\n|-fail|p1a: Corsola|heal\n|\n|-damage|p2a: Ursaring|53\/100 brn|[from] brn\n|upkeep\n|turn|7\n|\n|t:|1644605807\n|switch|p1a: Sandslash|Sandslash, M|100\/100\n|move|p2a: Ursaring|Facade|p1a: Sandslash\n|-damage|p1a: Sandslash|0 fnt\n|faint|p1a: Sandslash\n|\n|-damage|p2a: Ursaring|47\/100 brn|[from] brn\n|upkeep\n|\n|t:|1644605812\n|switch|p1a: Mr. Mime|Mr. Mime, F|100\/100\n|turn|8\n|\n|t:|1644605818\n|move|p1a: Mr. Mime|Psychic|p2a: Ursaring\n|-damage|p2a: Ursaring|0 fnt\n|faint|p2a: Ursaring\n|\n|upkeep\n|\n|t:|1644605831\n|switch|p2a: Smeargle|Smeargle, M|100\/100\n|turn|9\n|\n|t:|1644605835\n|move|p1a: Mr. Mime|Psychic|p2a: Smeargle\n|-damage|p2a: Smeargle|24\/100\n|move|p2a: Smeargle|Spore|p1a: Mr. Mime\n|-status|p1a: Mr. Mime|slp|[from] move: Spore\n|\n|upkeep\n|turn|10\n|\n|t:|1644605841\n|cant|p1a: Mr. Mime|slp\n|move|p2a: Smeargle|Sticky Web|p1a: Mr. Mime\n|-sidestart|p1: meri berry\u2767|move: Sticky Web\n|\n|upkeep\n|turn|11\n|\n|t:|1644605847\n|switch|p2a: Kangaskhan|Kangaskhan, F|93\/100\n|cant|p1a: Mr. Mime|slp\n|\n|upkeep\n|turn|12\n|\n|t:|1644605853\n|switch|p1a: Corsola|Corsola, M|100\/100\n|-activate|p1a: Corsola|move: Sticky Web\n|-unboost|p1a: Corsola|spe|1\n|move|p2a: Kangaskhan|Double-Edge|p1a: Corsola\n|-resisted|p1a: Corsola\n|-damage|p1a: Corsola|74\/100\n|-damage|p2a: Kangaskhan|85\/100|[from] Recoil\n|\n|-heal|p1a: Corsola|80\/100|[from] item: Leftovers\n|upkeep\n|turn|13\n|j| hipsterpotas\n|\n|t:|1644605861\n|switch|p2a: Smeargle|Smeargle, M|24\/100\n|move|p1a: Corsola|Recover|p1a: Corsola\n|-heal|p1a: Corsola|100\/100\n|\n|upkeep\n|turn|14\n|\n|t:|1644605867\n|move|p2a: Smeargle|Toxic Spikes|p1a: Corsola\n|-sidestart|p1: meri berry\u2767|move: Toxic Spikes\n|move|p1a: Corsola|Power Gem|p2a: Smeargle\n|-damage|p2a: Smeargle|0 fnt\n|faint|p2a: Smeargle\n|\n|upkeep\n|\n|t:|1644605876\n|switch|p2a: Zangoose|Zangoose, M|100\/100\n|turn|15\n|\n|t:|1644605883\n|move|p2a: Zangoose|Facade|p1a: Corsola\n|-resisted|p1a: Corsola\n|-damage|p1a: Corsola|86\/100\n|move|p1a: Corsola|Scald|p2a: Zangoose\n|-damage|p2a: Zangoose|67\/100\n|\n|-heal|p1a: Corsola|92\/100|[from] item: Leftovers\n|-status|p2a: Zangoose|tox|[from] item: Toxic Orb\n|upkeep\n|turn|16\n|\n|t:|1644605893\n|move|p2a: Zangoose|Close Combat|p1a: Corsola\n|-supereffective|p1a: Corsola\n|-damage|p1a: Corsola|2\/100\n|-unboost|p2a: Zangoose|def|1\n|-unboost|p2a: Zangoose|spd|1\n|move|p1a: Corsola|Recover|p1a: Corsola\n|-heal|p1a: Corsola|52\/100\n|\n|-heal|p1a: Corsola|58\/100|[from] item: Leftovers\n|-damage|p2a: Zangoose|61\/100 tox|[from] psn\n|upkeep\n|turn|17\n|\n|t:|1644605901\n|switch|p1a: Skuntank|Skuntank, M|100\/100\n|-activate|p1a: Skuntank|move: Sticky Web\n|-unboost|p1a: Skuntank|spe|1\n|-sideend|p1: meri berry\u2767|move: Toxic Spikes|[of] p1a: Skuntank\n|move|p2a: Zangoose|Close Combat|p1a: Skuntank\n|-damage|p1a: Skuntank|11\/100\n|-unboost|p2a: Zangoose|def|1\n|-unboost|p2a: Zangoose|spd|1\n|\n|-heal|p1a: Skuntank|17\/100|[from] item: Leftovers\n|-damage|p2a: Zangoose|49\/100 tox|[from] psn\n|upkeep\n|turn|18\n|\n|t:|1644605907\n|switch|p2a: Weezing|Weezing, F|100\/100\n|-ability|p2a: Weezing|Neutralizing Gas\n|move|p1a: Skuntank|Sucker Punch||[still]\n|-fail|p1a: Skuntank\n|\n|-heal|p1a: Skuntank|23\/100|[from] item: Leftovers\n|upkeep\n|turn|19\n|\n|t:|1644605915\n|switch|p1a: Exeggutor|Exeggutor, M|100\/100\n|-activate|p1a: Exeggutor|move: Sticky Web\n|-unboost|p1a: Exeggutor|spe|1\n|move|p2a: Weezing|Flamethrower|p1a: Exeggutor\n|-supereffective|p1a: Exeggutor\n|-damage|p1a: Exeggutor|49\/100\n|-enditem|p1a: Exeggutor|Sitrus Berry|[eat]\n|-heal|p1a: Exeggutor|74\/100|[from] item: Sitrus Berry\n|\n|upkeep\n|turn|20\n|\n|t:|1644605920\n|move|p2a: Weezing|Sludge Bomb|p1a: Exeggutor\n|-supereffective|p1a: Exeggutor\n|-damage|p1a: Exeggutor|4\/100\n|-status|p1a: Exeggutor|psn\n|move|p1a: Exeggutor|Sleep Powder|p2a: Weezing\n|-status|p2a: Weezing|slp|[from] move: Sleep Powder\n|\n|-damage|p1a: Exeggutor|0 fnt|[from] psn\n|faint|p1a: Exeggutor\n|upkeep\n|\n|t:|1644605941\n|switch|p1a: Rotom|Rotom-Frost|100\/100\n|-activate|p1a: Rotom|move: Sticky Web\n|-unboost|p1a: Rotom|spe|1\n|turn|21\n|j|%Toy Time King\n|\n|t:|1644605957\n|move|p1a: Rotom|Blizzard|p2a: Weezing\n|-damage|p2a: Weezing|31\/100 slp\n|cant|p2a: Weezing|slp\n|\n|-heal|p2a: Weezing|37\/100 slp|[from] item: Black Sludge\n|upkeep\n|turn|22\n|\n|t:|1644605968\n|move|p1a: Rotom|Blizzard|p2a: Weezing\n|-damage|p2a: Weezing|0 fnt\n|faint|p2a: Weezing\n|-end|p2a: Weezing|ability: Neutralizing Gas\n|\n|upkeep\n|\n|t:|1644605975\n|switch|p2a: Zangoose|Zangoose, M|49\/100 tox\n|turn|23\n|\n|t:|1644605982\n|move|p2a: Zangoose|Facade|p1a: Rotom\n|-damage|p1a: Rotom|0 fnt\n|faint|p1a: Rotom\n|\n|-damage|p2a: Zangoose|43\/100 tox|[from] psn\n|upkeep\n|\n|t:|1644605985\n|switch|p1a: Skuntank|Skuntank, M|23\/100\n|-activate|p1a: Skuntank|move: Sticky Web\n|-unboost|p1a: Skuntank|spe|1\n|turn|24\n|j| Cosplay Furret\n|\n|t:|1644605990\n|move|p2a: Zangoose|Quick Attack|p1a: Skuntank\n|-damage|p1a: Skuntank|0 fnt\n|-damage|p2a: Zangoose|18\/100 tox|[from] ability: Aftermath|[of] p1a: Skuntank\n|faint|p1a: Skuntank\n|\n|-damage|p2a: Zangoose|6\/100 tox|[from] psn\n|upkeep\n|\n|t:|1644605994\n|switch|p1a: Mr. Mime|Mr. Mime, F|100\/100 slp\n|-activate|p1a: Mr. Mime|move: Sticky Web\n|-unboost|p1a: Mr. Mime|spe|1\n|turn|25\n|\n|t:|1644606006\n|switch|p2a: Kangaskhan|Kangaskhan, F|85\/100\n|cant|p1a: Mr. Mime|slp\n|\n|upkeep\n|turn|26\n|\n|t:|1644606010\n|switch|p1a: Corsola|Corsola, M|91\/100\n|-activate|p1a: Corsola|move: Sticky Web\n|-unboost|p1a: Corsola|spe|1\n|move|p2a: Kangaskhan|Double-Edge|p1a: Corsola\n|-resisted|p1a: Corsola\n|-damage|p1a: Corsola|67\/100\n|-damage|p2a: Kangaskhan|77\/100|[from] Recoil\n|\n|-heal|p1a: Corsola|73\/100|[from] item: Leftovers\n|upkeep\n|turn|27\n|j| White Gehenna\n|c|%Toy Time King|Ill Leave your team is very threatening\n|c| Cosplay Furret|webs normal spam\n|c| Cosplay Furret|actually epic\n|c|\u2606Ill Leave|ttk ty\n|\n|t:|1644606027\n|move|p2a: Kangaskhan|Drain Punch|p1a: Corsola\n|-supereffective|p1a: Corsola\n|-damage|p1a: Corsola|39\/100\n|-heal|p2a: Kangaskhan|93\/100|[from] drain|[of] p1a: Corsola\n|move|p1a: Corsola|Stealth Rock|p2a: Kangaskhan\n|-sidestart|p2: Ill Leave|move: Stealth Rock\n|\n|-heal|p1a: Corsola|45\/100|[from] item: Leftovers\n|upkeep\n|turn|28\n|\n|t:|1644606032\n|move|p2a: Kangaskhan|Drain Punch|p1a: Corsola\n|-supereffective|p1a: Corsola\n|-crit|p1a: Corsola\n|-damage|p1a: Corsola|0 fnt\n|-heal|p2a: Kangaskhan|100\/100|[from] drain|[of] p1a: Corsola\n|faint|p1a: Corsola\n|\n|upkeep\n|\n|t:|1644606038\n|switch|p1a: Mr. Mime|Mr. Mime, F|100\/100 slp\n|-activate|p1a: Mr. Mime|move: Sticky Web\n|-unboost|p1a: Mr. Mime|spe|1\n|turn|29\n|c|\u2606Ill Leave|oops\n|c|%Toy Time King|5 normals and a floating blob\n|c|\u2606meri berry\u2767|w\/e gg\n|c|\u2606Ill Leave|doesnt flot\n|c|%Toy Time King|true\n|c|\u2606Ill Leave|gg\n|\n|t:|1644606067\n|-curestatus|p1a: Mr. Mime|slp|[msg]\n|move|p1a: Mr. Mime|Focus Blast|p2a: Kangaskhan\n|-supereffective|p2a: Kangaskhan\n|-damage|p2a: Kangaskhan|14\/100\n|move|p2a: Kangaskhan|Double-Edge|p1a: Mr. Mime\n|-damage|p1a: Mr. Mime|0 fnt\n|faint|p1a: Mr. Mime\n|-damage|p2a: Kangaskhan|0 fnt|[from] Recoil\n|faint|p2a: Kangaskhan\n|\n|win|Ill Leave\n|n|\u2606meri berry\u2767|meriberry\n|n|\u2606Ill Leave|illleave\n|n| hipsterpotas|hipsterpotas\n|n| Toy Time King|toytimeking\n|n| Cosplay Furret|cosplayfurret\n|n| White Gehenna|whitegehenna\n|l| Toy Time King\n|l| Cosplay Furret\n|l|\u2606Ill Leave\n|l| White Gehenna\n","uploadtime":1644606102,"views":23,"p1id":"meriberry","p2id":"illleave","formatid":"gen8bdspnu","rating":0,"private":0,"password":null}