{"id":"gen8ou-1141996968","p1":"Burnt Bright","p2":"rownd172","format":"gen8ou","log":"|j|\u2606Burnt Bright\n|j|\u2606rownd172\n|player|p1|Burnt Bright|1|1664\n|player|p2|rownd172|byron|1557\n|teamsize|p1|6\n|teamsize|p2|6\n|gametype|singles\n|gen|8\n|tier|[Gen 8] OU\n|rated|\n|clearpoke\n|poke|p1|Mandibuzz, F|\n|poke|p1|Magearna|\n|poke|p1|Marowak-Alola, M|\n|poke|p1|Terrakion|\n|poke|p1|Dragapult, F|\n|poke|p1|Clefable, F|\n|poke|p2|Cinderace, F|\n|poke|p2|Urshifu-*, F|\n|poke|p2|Kommo-o, M|\n|poke|p2|Magearna|\n|poke|p2|Corviknight, M|\n|poke|p2|Rillaboom, F|\n|rule|Sleep Clause Mod: Limit one foe put to sleep\n|rule|Species Clause: Limit one of each Pok\u00e9mon\n|rule|OHKO Clause: OHKO moves are banned\n|rule|Evasion Moves Clause: Evasion moves are banned\n|rule|Endless Battle Clause: Forcing endless battles is banned\n|rule|HP Percentage Mod: HP is shown in percentages\n|rule|Dynamax Clause: You cannot dynamax\n|teampreview\n|inactive|Battle timer is ON: inactive players will automatically lose when time's up. (requested by rownd172)\n|\n|start\n|switch|p1a: Dragapult|Dragapult, F|100\/100\n|switch|p2a: Kommo-o|Kommo-o, M|100\/100\n|turn|1\n|\n|switch|p2a: Corviknight|Corviknight, M|100\/100\n|-ability|p2a: Corviknight|Pressure\n|move|p1a: Dragapult|Draco Meteor|p2a: Corviknight\n|-resisted|p2a: Corviknight\n|-damage|p2a: Corviknight|69\/100\n|-unboost|p1a: Dragapult|spa|2\n|\n|-heal|p2a: Corviknight|75\/100|[from] item: Leftovers\n|upkeep\n|turn|2\n|\n|switch|p1a: Clefable|Clefable, F|100\/100\n|move|p2a: Corviknight|U-turn|p1a: Clefable\n|-resisted|p1a: Clefable\n|-damage|p1a: Clefable|95\/100\n|\n|switch|p2a: Urshifu|Urshifu-Rapid-Strike, F|100\/100|[from]move: U-turn\n|\n|upkeep\n|turn|3\n|\n|move|p2a: Urshifu|U-turn|p1a: Clefable\n|-resisted|p1a: Clefable\n|-damage|p1a: Clefable|85\/100\n|\n|switch|p2a: Corviknight|Corviknight, M|75\/100|[from]move: U-turn\n|-ability|p2a: Corviknight|Pressure\n|move|p1a: Clefable|Moonblast|p2a: Corviknight\n|-resisted|p2a: Corviknight\n|-damage|p2a: Corviknight|61\/100\n|\n|-heal|p2a: Corviknight|67\/100|[from] item: Leftovers\n|upkeep\n|turn|4\n|\n|move|p2a: Corviknight|Iron Head|p1a: Clefable\n|-supereffective|p1a: Clefable\n|-crit|p1a: Clefable\n|-damage|p1a: Clefable|27\/100\n|cant|p1a: Clefable|flinch\n|\n|-heal|p2a: Corviknight|73\/100|[from] item: Leftovers\n|upkeep\n|turn|5\n|j| Aloopuriza\n|\n|move|p2a: Corviknight|U-turn|p1a: Clefable\n|-resisted|p1a: Clefable\n|-damage|p1a: Clefable|22\/100\n|\n|switch|p2a: Rillaboom|Rillaboom, F|100\/100|[from]move: U-turn\n|-fieldstart|move: Grassy Terrain|[from] ability: Grassy Surge|[of] p2a: Rillaboom\n|move|p1a: Clefable|Soft-Boiled|p1a: Clefable\n|-heal|p1a: Clefable|72\/100\n|\n|-heal|p1a: Clefable|78\/100|[from] Grassy Terrain\n|upkeep\n|turn|6\n|\n|switch|p1a: Mandibuzz|Mandibuzz, F|100\/100\n|move|p2a: Rillaboom|U-turn|p1a: Mandibuzz\n|-damage|p1a: Mandibuzz|72\/100\n|\n|switch|p2a: Kommo-o|Kommo-o, M|100\/100|[from]move: U-turn\n|\n|upkeep\n|turn|7\n|\n|switch|p1a: Clefable|Clefable, F|78\/100\n|move|p2a: Kommo-o|Stealth Rock|p1a: Clefable\n|-sidestart|p1: Burnt Bright|move: Stealth Rock\n|\n|-heal|p1a: Clefable|84\/100|[from] Grassy Terrain\n|upkeep\n|turn|8\n|\n|switch|p2a: Corviknight|Corviknight, M|73\/100\n|-ability|p2a: Corviknight|Pressure\n|move|p1a: Clefable|Thunderbolt|p2a: Corviknight\n|-supereffective|p2a: Corviknight\n|-damage|p2a: Corviknight|40\/100\n|\n|-heal|p2a: Corviknight|46\/100|[from] item: Leftovers\n|-heal|p1a: Clefable|90\/100|[from] Grassy Terrain\n|upkeep\n|turn|9\n|\n|switch|p1a: Marowak|Marowak-Alola, M|100\/100\n|-damage|p1a: Marowak|76\/100|[from] Stealth Rock\n|move|p2a: Corviknight|Roost|p2a: Corviknight\n|-heal|p2a: Corviknight|96\/100\n|-singleturn|p2a: Corviknight|move: Roost\n|\n|-heal|p2a: Corviknight|100\/100|[from] item: Leftovers\n|-heal|p1a: Marowak|82\/100|[from] Grassy Terrain\n|-fieldend|move: Grassy Terrain\n|upkeep\n|turn|10\n|\n|switch|p2a: Kommo-o|Kommo-o, M|100\/100\n|move|p1a: Marowak|Stealth Rock|p2a: Kommo-o\n|-sidestart|p2: rownd172|move: Stealth Rock\n|\n|upkeep\n|turn|11\n|\n|switch|p1a: Clefable|Clefable, F|90\/100\n|move|p2a: Kommo-o|Earthquake|p1a: Clefable\n|-damage|p1a: Clefable|72\/100\n|\n|upkeep\n|turn|12\n|\n|switch|p2a: Corviknight|Corviknight, M|100\/100\n|-damage|p2a: Corviknight|88\/100|[from] Stealth Rock\n|-ability|p2a: Corviknight|Pressure\n|move|p1a: Clefable|Moonblast|p2a: Corviknight\n|-resisted|p2a: Corviknight\n|-damage|p2a: Corviknight|75\/100\n|\n|-heal|p2a: Corviknight|81\/100|[from] item: Leftovers\n|upkeep\n|turn|13\n|\n|move|p2a: Corviknight|U-turn|p1a: Clefable\n|-resisted|p1a: Clefable\n|-damage|p1a: Clefable|67\/100\n|\n|switch|p2a: Magearna|Magearna|100\/100|[from]move: U-turn\n|-damage|p2a: Magearna|94\/100|[from] Stealth Rock\n|move|p1a: Clefable|Thunderbolt|p2a: Magearna\n|-damage|p2a: Magearna|72\/100\n|\n|upkeep\n|turn|14\n|\n|switch|p2a: Corviknight|Corviknight, M|81\/100\n|-damage|p2a: Corviknight|69\/100|[from] Stealth Rock\n|-ability|p2a: Corviknight|Pressure\n|switch|p1a: Marowak|Marowak-Alola, M|82\/100\n|-damage|p1a: Marowak|57\/100|[from] Stealth Rock\n|\n|-heal|p2a: Corviknight|75\/100|[from] item: Leftovers\n|upkeep\n|turn|15\n|\n|move|p2a: Corviknight|U-turn|p1a: Marowak\n|-resisted|p1a: Marowak\n|-damage|p1a: Marowak|53\/100\n|\n|switch|p2a: Kommo-o|Kommo-o, M|100\/100|[from]move: U-turn\n|-damage|p2a: Kommo-o|94\/100|[from] Stealth Rock\n|move|p1a: Marowak|Shadow Bone|p2a: Kommo-o\n|-damage|p2a: Kommo-o|51\/100\n|\n|upkeep\n|turn|16\n|\n|switch|p1a: Clefable|Clefable, F|67\/100\n|move|p2a: Kommo-o|Earthquake|p1a: Clefable\n|-damage|p1a: Clefable|49\/100\n|\n|upkeep\n|turn|17\n|\n|switch|p2a: Corviknight|Corviknight, M|75\/100\n|-damage|p2a: Corviknight|63\/100|[from] Stealth Rock\n|-ability|p2a: Corviknight|Pressure\n|move|p1a: Clefable|Soft-Boiled|p1a: Clefable\n|-heal|p1a: Clefable|99\/100\n|\n|-heal|p2a: Corviknight|69\/100|[from] item: Leftovers\n|upkeep\n|turn|18\n|\n|move|p2a: Corviknight|Iron Head|p1a: Clefable\n|-supereffective|p1a: Clefable\n|-damage|p1a: Clefable|62\/100\n|move|p1a: Clefable|Thunderbolt|p2a: Corviknight\n|-supereffective|p2a: Corviknight\n|-damage|p2a: Corviknight|33\/100\n|\n|-heal|p2a: Corviknight|39\/100|[from] item: Leftovers\n|upkeep\n|turn|19\n|\n|move|p2a: Corviknight|Roost|p2a: Corviknight\n|-heal|p2a: Corviknight|89\/100\n|-singleturn|p2a: Corviknight|move: Roost\n|move|p1a: Clefable|Soft-Boiled|p1a: Clefable\n|-heal|p1a: Clefable|100\/100\n|\n|-heal|p2a: Corviknight|95\/100|[from] item: Leftovers\n|upkeep\n|turn|20\n|\n|switch|p1a: Mandibuzz|Mandibuzz, F|72\/100\n|move|p2a: Corviknight|Iron Head|p1a: Mandibuzz\n|-damage|p1a: Mandibuzz|53\/100\n|\n|-heal|p2a: Corviknight|100\/100|[from] item: Leftovers\n|upkeep\n|turn|21\n|\n|move|p1a: Mandibuzz|Roost|p1a: Mandibuzz\n|-heal|p1a: Mandibuzz|100\/100\n|-singleturn|p1a: Mandibuzz|move: Roost\n|move|p2a: Corviknight|U-turn|p1a: Mandibuzz\n|-supereffective|p1a: Mandibuzz\n|-crit|p1a: Mandibuzz\n|-damage|p1a: Mandibuzz|66\/100\n|\n|switch|p2a: Rillaboom|Rillaboom, F|100\/100|[from]move: U-turn\n|-damage|p2a: Rillaboom|88\/100|[from] Stealth Rock\n|-fieldstart|move: Grassy Terrain|[from] ability: Grassy Surge|[of] p2a: Rillaboom\n|\n|-heal|p2a: Rillaboom|94\/100|[from] Grassy Terrain\n|-heal|p1a: Mandibuzz|73\/100|[from] Grassy Terrain\n|upkeep\n|turn|22\n|\n|move|p2a: Rillaboom|Knock Off|p1a: Mandibuzz\n|-resisted|p1a: Mandibuzz\n|-damage|p1a: Mandibuzz|54\/100\n|-enditem|p1a: Mandibuzz|Heavy-Duty Boots|[from] move: Knock Off|[of] p2a: Rillaboom\n|move|p1a: Mandibuzz|Foul Play|p2a: Rillaboom\n|-damage|p2a: Rillaboom|41\/100\n|\n|-heal|p2a: Rillaboom|47\/100|[from] Grassy Terrain\n|upkeep\n|turn|23\n|\n|switch|p2a: Kommo-o|Kommo-o, M|51\/100\n|-damage|p2a: Kommo-o|45\/100|[from] Stealth Rock\n|move|p1a: Mandibuzz|U-turn|p2a: Kommo-o\n|-resisted|p2a: Kommo-o\n|-damage|p2a: Kommo-o|41\/100\n|-damage|p1a: Mandibuzz|37\/100|[from] item: Rocky Helmet|[of] p2a: Kommo-o\n|\n|switch|p1a: Clefable|Clefable, F|100\/100|[from]move: U-turn\n|\n|-heal|p2a: Kommo-o|48\/100|[from] Grassy Terrain\n|upkeep\n|turn|24\n|\n|switch|p2a: Corviknight|Corviknight, M|100\/100\n|-damage|p2a: Corviknight|88\/100|[from] Stealth Rock\n|-ability|p2a: Corviknight|Pressure\n|move|p1a: Clefable|Thunderbolt|p2a: Corviknight\n|-supereffective|p2a: Corviknight\n|-damage|p2a: Corviknight|52\/100\n|-status|p2a: Corviknight|par\n|\n|-heal|p2a: Corviknight|58\/100 par|[from] item: Leftovers\n|upkeep\n|turn|25\n|\n|move|p1a: Clefable|Calm Mind|p1a: Clefable\n|-boost|p1a: Clefable|spa|1\n|-boost|p1a: Clefable|spd|1\n|move|p2a: Corviknight|Roost|p2a: Corviknight\n|-heal|p2a: Corviknight|100\/100 par\n|-singleturn|p2a: Corviknight|move: Roost\n|\n|-fieldend|move: Grassy Terrain\n|upkeep\n|turn|26\n|\n|move|p1a: Clefable|Thunderbolt|p2a: Corviknight\n|-supereffective|p2a: Corviknight\n|-damage|p2a: Corviknight|49\/100 par\n|move|p2a: Corviknight|Iron Head|p1a: Clefable\n|-supereffective|p1a: Clefable\n|-damage|p1a: Clefable|62\/100\n|\n|-heal|p2a: Corviknight|55\/100 par|[from] item: Leftovers\n|upkeep\n|turn|27\n|\n|move|p1a: Clefable|Calm Mind|p1a: Clefable\n|-boost|p1a: Clefable|spa|1\n|-boost|p1a: Clefable|spd|1\n|move|p2a: Corviknight|Iron Head|p1a: Clefable\n|-supereffective|p1a: Clefable\n|-damage|p1a: Clefable|27\/100\n|\n|-heal|p2a: Corviknight|61\/100 par|[from] item: Leftovers\n|upkeep\n|turn|28\n|\n|move|p1a: Clefable|Soft-Boiled|p1a: Clefable\n|-heal|p1a: Clefable|77\/100\n|cant|p2a: Corviknight|par\n|\n|-heal|p2a: Corviknight|67\/100 par|[from] item: Leftovers\n|upkeep\n|turn|29\n|\n|move|p1a: Clefable|Thunderbolt|p2a: Corviknight\n|-supereffective|p2a: Corviknight\n|-damage|p2a: Corviknight|0 fnt\n|faint|p2a: Corviknight\n|\n|upkeep\n|\n|switch|p2a: Rillaboom|Rillaboom, F|47\/100\n|-damage|p2a: Rillaboom|35\/100|[from] Stealth Rock\n|-fieldstart|move: Grassy Terrain|[from] ability: Grassy Surge|[of] p2a: Rillaboom\n|turn|30\n|\n|switch|p1a: Mandibuzz|Mandibuzz, F|37\/100\n|-damage|p1a: Mandibuzz|12\/100|[from] Stealth Rock\n|move|p2a: Rillaboom|Grassy Glide|p1a: Mandibuzz\n|-resisted|p1a: Mandibuzz\n|-damage|p1a: Mandibuzz|0 fnt\n|faint|p1a: Mandibuzz\n|\n|-heal|p2a: Rillaboom|41\/100|[from] Grassy Terrain\n|upkeep\n|\n|switch|p1a: Magearna|Magearna|100\/100\n|-damage|p1a: Magearna|94\/100|[from] Stealth Rock\n|turn|31\n|\n|switch|p2a: Cinderace|Cinderace, F|100\/100\n|move|p1a: Magearna|Flash Cannon|p2a: Cinderace\n|-resisted|p2a: Cinderace\n|-damage|p2a: Cinderace|69\/100\n|-unboost|p2a: Cinderace|spd|1\n|\n|-heal|p2a: Cinderace|75\/100|[from] Grassy Terrain\n|-heal|p1a: Magearna|100\/100|[from] item: Leftovers\n|upkeep\n|turn|32\n|\n|switch|p1a: Terrakion|Terrakion|100\/100\n|-damage|p1a: Terrakion|94\/100|[from] Stealth Rock\n|move|p2a: Cinderace|Pyro Ball|p1a: Terrakion\n|-resisted|p1a: Terrakion\n|-damage|p1a: Terrakion|60\/100\n|-status|p1a: Terrakion|brn\n|\n|-heal|p1a: Terrakion|66\/100 brn|[from] Grassy Terrain\n|-heal|p2a: Cinderace|81\/100|[from] Grassy Terrain\n|-damage|p1a: Terrakion|60\/100 brn|[from] brn\n|upkeep\n|turn|33\n|\n|switch|p2a: Kommo-o|Kommo-o, M|48\/100\n|-damage|p2a: Kommo-o|41\/100|[from] Stealth Rock\n|move|p1a: Terrakion|Close Combat|p2a: Kommo-o\n|-damage|p2a: Kommo-o|24\/100\n|-unboost|p1a: Terrakion|def|1\n|-unboost|p1a: Terrakion|spd|1\n|-damage|p1a: Terrakion|44\/100 brn|[from] item: Rocky Helmet|[of] p2a: Kommo-o\n|\n|-heal|p1a: Terrakion|50\/100 brn|[from] Grassy Terrain\n|-heal|p2a: Kommo-o|30\/100|[from] Grassy Terrain\n|-damage|p1a: Terrakion|44\/100 brn|[from] brn\n|upkeep\n|turn|34\n|\n|switch|p2a: Magearna|Magearna|72\/100\n|-damage|p2a: Magearna|66\/100|[from] Stealth Rock\n|move|p1a: Terrakion|Close Combat|p2a: Magearna\n|-damage|p2a: Magearna|39\/100\n|-unboost|p1a: Terrakion|def|1\n|-unboost|p1a: Terrakion|spd|1\n|\n|-heal|p1a: Terrakion|50\/100 brn|[from] Grassy Terrain\n|-heal|p2a: Magearna|45\/100|[from] Grassy Terrain\n|-fieldend|move: Grassy Terrain\n|-damage|p1a: Terrakion|44\/100 brn|[from] brn\n|upkeep\n|turn|35\n|\n|move|p1a: Terrakion|Close Combat|p2a: Magearna\n|-damage|p2a: Magearna|15\/100\n|-unboost|p1a: Terrakion|def|1\n|-unboost|p1a: Terrakion|spd|1\n|move|p2a: Magearna|Shift Gear|p2a: Magearna\n|-boost|p2a: Magearna|spe|2\n|-boost|p2a: Magearna|atk|1\n|\n|-damage|p1a: Terrakion|37\/100 brn|[from] brn\n|upkeep\n|turn|36\n|\n|move|p1a: Terrakion|Close Combat|p2a: Magearna\n|-damage|p2a: Magearna|0 fnt\n|-unboost|p1a: Terrakion|def|1\n|-unboost|p1a: Terrakion|spd|1\n|faint|p2a: Magearna\n|\n|-damage|p1a: Terrakion|31\/100 brn|[from] brn\n|upkeep\n|\n|switch|p2a: Urshifu|Urshifu-Rapid-Strike, F|100\/100\n|-damage|p2a: Urshifu|94\/100|[from] Stealth Rock\n|turn|37\n|\n|move|p1a: Terrakion|Close Combat|p2a: Urshifu\n|-damage|p2a: Urshifu|62\/100\n|-unboost|p1a: Terrakion|def|1\n|-unboost|p1a: Terrakion|spd|1\n|move|p2a: Urshifu|Surging Strikes|p1a: Terrakion\n|-supereffective|p1a: Terrakion\n|-crit|p1a: Terrakion\n|-damage|p1a: Terrakion|0 fnt\n|-hitcount|p1a: Terrakion|1\n|faint|p1a: Terrakion\n|\n|upkeep\n|\n|switch|p1a: Dragapult|Dragapult, F|100\/100\n|-damage|p1a: Dragapult|88\/100|[from] Stealth Rock\n|turn|38\n|\n|switch|p2a: Kommo-o|Kommo-o, M|30\/100\n|-damage|p2a: Kommo-o|24\/100|[from] Stealth Rock\n|move|p1a: Dragapult|Thunderbolt|p2a: Kommo-o\n|-resisted|p2a: Kommo-o\n|-damage|p2a: Kommo-o|6\/100\n|\n|upkeep\n|turn|39\n|\n|move|p1a: Dragapult|Thunderbolt|p2a: Kommo-o\n|-resisted|p2a: Kommo-o\n|-damage|p2a: Kommo-o|0 fnt\n|faint|p2a: Kommo-o\n|\n|upkeep\n|\n|switch|p2a: Cinderace|Cinderace, F|81\/100\n|turn|40\n|\n|switch|p1a: Marowak|Marowak-Alola, M|53\/100\n|-damage|p1a: Marowak|28\/100|[from] Stealth Rock\n|move|p2a: Cinderace|Pyro Ball|p1a: Marowak|[miss]\n|-miss|p2a: Cinderace|p1a: Marowak\n|\n|upkeep\n|turn|41\n|\n|move|p2a: Cinderace|Zen Headbutt|p1a: Marowak\n|-start|p2a: Cinderace|typechange|Psychic|[from] ability: Libero\n|-damage|p1a: Marowak|0 fnt\n|faint|p1a: Marowak\n|\n|upkeep\n|\n|switch|p1a: Clefable|Clefable, F|77\/100\n|turn|42\n|\n|move|p2a: Cinderace|Pyro Ball|p1a: Clefable\n|-start|p2a: Cinderace|typechange|Fire|[from] ability: Libero\n|-damage|p1a: Clefable|36\/100\n|move|p1a: Clefable|Soft-Boiled|p1a: Clefable\n|-heal|p1a: Clefable|86\/100\n|\n|upkeep\n|turn|43\n|\n|move|p2a: Cinderace|U-turn|p1a: Clefable\n|-start|p2a: Cinderace|typechange|Bug|[from] ability: Libero\n|-resisted|p1a: Clefable\n|-damage|p1a: Clefable|72\/100\n|\n|switch|p2a: Rillaboom|Rillaboom, F|41\/100|[from]move: U-turn\n|-damage|p2a: Rillaboom|28\/100|[from] Stealth Rock\n|-fieldstart|move: Grassy Terrain|[from] ability: Grassy Surge|[of] p2a: Rillaboom\n|move|p1a: Clefable|Soft-Boiled|p1a: Clefable\n|-heal|p1a: Clefable|100\/100\n|\n|-heal|p2a: Rillaboom|35\/100|[from] Grassy Terrain\n|upkeep\n|turn|44\n|\n|switch|p1a: Magearna|Magearna|100\/100\n|-damage|p1a: Magearna|94\/100|[from] Stealth Rock\n|move|p2a: Rillaboom|Grassy Glide|p1a: Magearna\n|-resisted|p1a: Magearna\n|-crit|p1a: Magearna\n|-damage|p1a: Magearna|55\/100\n|\n|-heal|p2a: Rillaboom|41\/100|[from] Grassy Terrain\n|-heal|p1a: Magearna|61\/100|[from] item: Leftovers\n|-heal|p1a: Magearna|67\/100|[from] Grassy Terrain\n|upkeep\n|turn|45\n|\n|switch|p2a: Cinderace|Cinderace, F|81\/100\n|move|p1a: Magearna|Flash Cannon|p2a: Cinderace\n|-resisted|p2a: Cinderace\n|-damage|p2a: Cinderace|51\/100\n|\n|-heal|p2a: Cinderace|57\/100|[from] Grassy Terrain\n|-heal|p1a: Magearna|73\/100|[from] item: Leftovers\n|-heal|p1a: Magearna|79\/100|[from] Grassy Terrain\n|upkeep\n|turn|46\n|\n|move|p2a: Cinderace|Pyro Ball|p1a: Magearna\n|-supereffective|p1a: Magearna\n|-damage|p1a: Magearna|0 fnt\n|faint|p1a: Magearna\n|\n|-heal|p2a: Cinderace|63\/100|[from] Grassy Terrain\n|upkeep\n|\n|switch|p1a: Clefable|Clefable, F|100\/100\n|turn|47\n|\n|move|p2a: Cinderace|Pyro Ball|p1a: Clefable\n|-damage|p1a: Clefable|58\/100\n|move|p1a: Clefable|Thunderbolt|p2a: Cinderace\n|-damage|p2a: Cinderace|28\/100\n|\n|-heal|p2a: Cinderace|34\/100|[from] Grassy Terrain\n|-heal|p1a: Clefable|64\/100|[from] Grassy Terrain\n|-fieldend|move: Grassy Terrain\n|upkeep\n|turn|48\n|\n|move|p2a: Cinderace|Pyro Ball|p1a: Clefable\n|-damage|p1a: Clefable|21\/100\n|move|p1a: Clefable|Soft-Boiled|p1a: Clefable\n|-heal|p1a: Clefable|71\/100\n|\n|upkeep\n|turn|49\n|\n|move|p2a: Cinderace|U-turn|p1a: Clefable\n|-start|p2a: Cinderace|typechange|Bug|[from] ability: Libero\n|-resisted|p1a: Clefable\n|-damage|p1a: Clefable|57\/100\n|\n|switch|p2a: Rillaboom|Rillaboom, F|41\/100|[from]move: U-turn\n|-damage|p2a: Rillaboom|28\/100|[from] Stealth Rock\n|-fieldstart|move: Grassy Terrain|[from] ability: Grassy Surge|[of] p2a: Rillaboom\n|move|p1a: Clefable|Soft-Boiled|p1a: Clefable\n|-heal|p1a: Clefable|100\/100\n|\n|-heal|p2a: Rillaboom|35\/100|[from] Grassy Terrain\n|upkeep\n|turn|50\n|\n|move|p2a: Rillaboom|Grassy Glide|p1a: Clefable\n|-damage|p1a: Clefable|50\/100\n|move|p1a: Clefable|Moonblast|p2a: Rillaboom\n|-damage|p2a: Rillaboom|0 fnt\n|faint|p2a: Rillaboom\n|\n|-heal|p1a: Clefable|56\/100|[from] Grassy Terrain\n|upkeep\n|\n|switch|p2a: Urshifu|Urshifu-Rapid-Strike, F|62\/100\n|-damage|p2a: Urshifu|56\/100|[from] Stealth Rock\n|turn|51\n|\n|switch|p1a: Dragapult|Dragapult, F|88\/100\n|-damage|p1a: Dragapult|76\/100|[from] Stealth Rock\n|move|p2a: Urshifu|Surging Strikes|p1a: Dragapult\n|-resisted|p1a: Dragapult\n|-crit|p1a: Dragapult\n|-damage|p1a: Dragapult|60\/100\n|-resisted|p1a: Dragapult\n|-crit|p1a: Dragapult\n|-damage|p1a: Dragapult|44\/100\n|-resisted|p1a: Dragapult\n|-crit|p1a: Dragapult\n|-damage|p1a: Dragapult|28\/100\n|-hitcount|p1a: Dragapult|3\n|\n|-heal|p2a: Urshifu|62\/100|[from] Grassy Terrain\n|-heal|p1a: Dragapult|34\/100|[from] Grassy Terrain\n|upkeep\n|turn|52\n|\n|move|p2a: Urshifu|Surging Strikes|p1a: Dragapult\n|-resisted|p1a: Dragapult\n|-crit|p1a: Dragapult\n|-damage|p1a: Dragapult|19\/100\n|-resisted|p1a: Dragapult\n|-crit|p1a: Dragapult\n|-damage|p1a: Dragapult|5\/100\n|-resisted|p1a: Dragapult\n|-crit|p1a: Dragapult\n|-damage|p1a: Dragapult|0 fnt\n|-hitcount|p1a: Dragapult|3\n|faint|p1a: Dragapult\n|\n|-heal|p2a: Urshifu|69\/100|[from] Grassy Terrain\n|upkeep\n|\n|switch|p1a: Clefable|Clefable, F|56\/100\n|turn|53\n|\n|move|p2a: Urshifu|Surging Strikes|p1a: Clefable\n|-crit|p1a: Clefable\n|-damage|p1a: Clefable|41\/100\n|-crit|p1a: Clefable\n|-damage|p1a: Clefable|24\/100\n|-crit|p1a: Clefable\n|-damage|p1a: Clefable|7\/100\n|-hitcount|p1a: Clefable|3\n|move|p1a: Clefable|Soft-Boiled|p1a: Clefable\n|-heal|p1a: Clefable|57\/100\n|\n|-heal|p2a: Urshifu|75\/100|[from] Grassy Terrain\n|-heal|p1a: Clefable|63\/100|[from] Grassy Terrain\n|-fieldend|move: Grassy Terrain\n|upkeep\n|turn|54\n|\n|move|p2a: Urshifu|Surging Strikes|p1a: Clefable\n|-crit|p1a: Clefable\n|-damage|p1a: Clefable|46\/100\n|-crit|p1a: Clefable\n|-damage|p1a: Clefable|29\/100\n|-crit|p1a: Clefable\n|-damage|p1a: Clefable|11\/100\n|-hitcount|p1a: Clefable|3\n|move|p1a: Clefable|Soft-Boiled|p1a: Clefable\n|-heal|p1a: Clefable|61\/100\n|\n|upkeep\n|turn|55\n|l| Aloopuriza\n|\n|move|p2a: Urshifu|Surging Strikes|p1a: Clefable\n|-crit|p1a: Clefable\n|-damage|p1a: Clefable|44\/100\n|-crit|p1a: Clefable\n|-damage|p1a: Clefable|28\/100\n|-crit|p1a: Clefable\n|-damage|p1a: Clefable|10\/100\n|-hitcount|p1a: Clefable|3\n|move|p1a: Clefable|Soft-Boiled|p1a: Clefable\n|-heal|p1a: Clefable|60\/100\n|\n|upkeep\n|turn|56\n|\n|move|p2a: Urshifu|Surging Strikes|p1a: Clefable\n|-crit|p1a: Clefable\n|-damage|p1a: Clefable|43\/100\n|-crit|p1a: Clefable\n|-damage|p1a: Clefable|28\/100\n|-crit|p1a: Clefable\n|-damage|p1a: Clefable|11\/100\n|-hitcount|p1a: Clefable|3\n|move|p1a: Clefable|Soft-Boiled|p1a: Clefable\n|-heal|p1a: Clefable|61\/100\n|\n|upkeep\n|turn|57\n|\n|move|p2a: Urshifu|Surging Strikes|p1a: Clefable\n|-crit|p1a: Clefable\n|-damage|p1a: Clefable|45\/100\n|-crit|p1a: Clefable\n|-damage|p1a: Clefable|28\/100\n|-crit|p1a: Clefable\n|-damage|p1a: Clefable|12\/100\n|-hitcount|p1a: Clefable|3\n|move|p1a: Clefable|Soft-Boiled|p1a: Clefable\n|-heal|p1a: Clefable|62\/100\n|\n|upkeep\n|turn|58\n|\n|switch|p2a: Cinderace|Cinderace, F|34\/100\n|move|p1a: Clefable|Soft-Boiled|p1a: Clefable\n|-heal|p1a: Clefable|100\/100\n|\n|upkeep\n|turn|59\n|\n|move|p2a: Cinderace|Zen Headbutt|p1a: Clefable\n|-start|p2a: Cinderace|typechange|Psychic|[from] ability: Libero\n|-damage|p1a: Clefable|72\/100\n|move|p1a: Clefable|Thunderbolt|p2a: Cinderace\n|-damage|p2a: Cinderace|0 fnt\n|faint|p2a: Cinderace\n|\n|upkeep\n|\n|switch|p2a: Urshifu|Urshifu-Rapid-Strike, F|75\/100\n|-damage|p2a: Urshifu|69\/100|[from] Stealth Rock\n|turn|60\n|\n|move|p2a: Urshifu|Thunder Punch|p1a: Clefable\n|-damage|p1a: Clefable|52\/100\n|move|p1a: Clefable|Moonblast|p2a: Urshifu\n|-supereffective|p2a: Urshifu\n|-damage|p2a: Urshifu|0 fnt\n|faint|p2a: Urshifu\n|\n|win|Burnt Bright\n|l|\u2606rownd172\n|l|\u2606Burnt Bright\n||Ladder (probably) updated, but score could not be retrieved (Request timeout).\n|j| Aloopuriza\n","uploadtime":1593449154,"views":17,"p1id":"burntbright","p2id":"rownd172","formatid":"gen8ou","rating":0,"private":0,"password":null}