{"id":"gen8ou-1564484562","p1":"fishy8995","p2":"Kwaga","format":"gen8ou","log":"|j|\u2606fishy8995\n|j|\u2606Kwaga\n|t:|1651295487\n|gametype|singles\n|player|p1|fishy8995|1|1659\n|player|p2|Kwaga|erika-gen1rb|1617\n|teamsize|p1|6\n|teamsize|p2|6\n|gen|8\n|tier|[Gen 8] OU\n|rated|\n|rule|Sleep Clause Mod: Limit one foe put to sleep\n|rule|Species Clause: Limit one of each Pok\u00e9mon\n|rule|OHKO Clause: OHKO moves are banned\n|rule|Evasion Moves Clause: Evasion moves are banned\n|rule|Endless Battle Clause: Forcing endless battles is banned\n|rule|HP Percentage Mod: HP is shown in percentages\n|rule|Dynamax Clause: You cannot dynamax\n|clearpoke\n|poke|p1|Hippowdon, M|\n|poke|p1|Tyranitar, F|\n|poke|p1|Excadrill, M|\n|poke|p1|Kartana|\n|poke|p1|Toxapex, F|\n|poke|p1|Dracozolt|\n|poke|p2|Jirachi|\n|poke|p2|Rotom-Wash|\n|poke|p2|Zapdos|\n|poke|p2|Garchomp, M|\n|poke|p2|Clefable, F|\n|poke|p2|Heatran, M|\n|teampreview\n|\n|t:|1651295496\n|start\n|switch|p1a: Kartana|Kartana|100\/100\n|switch|p2a: Clefable|Clefable, F, shiny|100\/100\n|turn|1\n|\n|t:|1651295504\n|switch|p2a: Zapdos|Zapdos, shiny|100\/100\n|move|p1a: Kartana|Substitute|p1a: Kartana\n|-start|p1a: Kartana|Substitute\n|-damage|p1a: Kartana|75\/100\n|\n|upkeep\n|turn|2\n|j| Toon Cards\n|\n|t:|1651295511\n|move|p1a: Kartana|Leaf Blade|p2a: Zapdos\n|-resisted|p2a: Zapdos\n|-damage|p2a: Zapdos|80\/100\n|-status|p1a: Kartana|par|[from] ability: Static|[of] p2a: Zapdos\n|move|p2a: Zapdos|Heat Wave|p1a: Kartana\n|-supereffective|p1a: Kartana\n|-end|p1a: Kartana|Substitute\n|\n|upkeep\n|turn|3\n|\n|t:|1651295521\n|switch|p1a: Toxapex|Toxapex, F|100\/100\n|move|p2a: Zapdos|Roost|p2a: Zapdos\n|-heal|p2a: Zapdos|100\/100\n|-singleturn|p2a: Zapdos|move: Roost\n|\n|upkeep\n|turn|4\n|\n|t:|1651295524\n|move|p2a: Zapdos|Volt Switch|p1a: Toxapex\n|-supereffective|p1a: Toxapex\n|-damage|p1a: Toxapex|61\/100\n|\n|t:|1651295527\n|switch|p2a: Clefable|Clefable, F, shiny|100\/100|[from]move: Volt Switch\n|move|p1a: Toxapex|Stockpile|p1a: Toxapex\n|-start|p1a: Toxapex|stockpile1\n|-boost|p1a: Toxapex|def|1\n|-boost|p1a: Toxapex|spd|1\n|\n|-heal|p1a: Toxapex|67\/100|[from] item: Black Sludge\n|upkeep\n|turn|5\n|\n|t:|1651295531\n|move|p2a: Clefable|Thunder Wave|p1a: Toxapex\n|-status|p1a: Toxapex|par\n|move|p1a: Toxapex|Toxic|p2a: Clefable\n|-status|p2a: Clefable|tox\n|\n|-heal|p1a: Toxapex|74\/100 par|[from] item: Black Sludge\n|upkeep\n|turn|6\n|\n|t:|1651295536\n|switch|p1a: Hippowdon|Hippowdon, M|100\/100\n|-weather|Sandstorm|[from] ability: Sand Stream|[of] p1a: Hippowdon\n|move|p2a: Clefable|Knock Off|p1a: Hippowdon\n|-damage|p1a: Hippowdon|93\/100\n|-enditem|p1a: Hippowdon|Smooth Rock|[from] move: Knock Off|[of] p2a: Clefable\n|\n|-weather|Sandstorm|[upkeep]\n|upkeep\n|turn|7\n|\n|t:|1651295547\n|switch|p2a: Garchomp|Garchomp, M, shiny|100\/100\n|move|p1a: Hippowdon|Stealth Rock|p2a: Garchomp\n|-sidestart|p2: Kwaga|move: Stealth Rock\n|\n|-weather|Sandstorm|[upkeep]\n|upkeep\n|turn|8\n|\n|t:|1651295551\n|move|p2a: Garchomp|Toxic|p1a: Hippowdon\n|-status|p1a: Hippowdon|tox\n|move|p1a: Hippowdon|Toxic|p2a: Garchomp\n|-status|p2a: Garchomp|tox\n|\n|-weather|Sandstorm|[upkeep]\n|-damage|p2a: Garchomp|94\/100 tox|[from] psn\n|-damage|p1a: Hippowdon|87\/100 tox|[from] psn\n|upkeep\n|turn|9\n|\n|t:|1651295553\n|move|p2a: Garchomp|Stealth Rock|p1a: Hippowdon\n|-sidestart|p1: fishy8995|move: Stealth Rock\n|move|p1a: Hippowdon|Roar|p2a: Garchomp\n|drag|p2a: Clefable|Clefable, F, shiny|100\/100 tox\n|\n|-weather|Sandstorm|[upkeep]\n|-damage|p1a: Hippowdon|74\/100 tox|[from] psn\n|upkeep\n|turn|10\n|\n|t:|1651295558\n|switch|p1a: Kartana|Kartana|75\/100 par\n|-damage|p1a: Kartana|69\/100 par|[from] Stealth Rock\n|move|p2a: Clefable|Moonblast|p1a: Kartana\n|-resisted|p1a: Kartana\n|-damage|p1a: Kartana|16\/100 par\n|-unboost|p1a: Kartana|spa|1\n|\n|-weather|Sandstorm|[upkeep]\n|upkeep\n|turn|11\n|\n|t:|1651295562\n|switch|p2a: Zapdos|Zapdos, shiny|100\/100\n|cant|p1a: Kartana|par\n|\n|-weather|Sandstorm|[upkeep]\n|-damage|p2a: Zapdos|94\/100|[from] Sandstorm\n|upkeep\n|turn|12\n|j| Bill CipherX\n|\n|t:|1651295568\n|move|p2a: Zapdos|Heat Wave|p1a: Kartana\n|-supereffective|p1a: Kartana\n|-damage|p1a: Kartana|0 fnt\n|faint|p1a: Kartana\n|\n|-weather|Sandstorm|[upkeep]\n|-damage|p2a: Zapdos|88\/100|[from] Sandstorm\n|upkeep\n|\n|t:|1651295571\n|switch|p1a: Dracozolt|Dracozolt|100\/100\n|-damage|p1a: Dracozolt|88\/100|[from] Stealth Rock\n|turn|13\n|\n|t:|1651295595\n|switch|p2a: Clefable|Clefable, F, shiny|100\/100 tox\n|move|p1a: Dracozolt|Draco Meteor|p2a: Clefable\n|-immune|p2a: Clefable\n|\n|-weather|none\n|upkeep\n|turn|14\n|\n|t:|1651295600\n|switch|p1a: Hippowdon|Hippowdon, M|74\/100 tox\n|-damage|p1a: Hippowdon|68\/100 tox|[from] Stealth Rock\n|-weather|Sandstorm|[from] ability: Sand Stream|[of] p1a: Hippowdon\n|move|p2a: Clefable|Knock Off|p1a: Hippowdon\n|-damage|p1a: Hippowdon|62\/100 tox\n|\n|-weather|Sandstorm|[upkeep]\n|-damage|p1a: Hippowdon|56\/100 tox|[from] psn\n|upkeep\n|turn|15\n|\n|t:|1651295604\n|move|p2a: Clefable|Moonblast|p1a: Hippowdon\n|-damage|p1a: Hippowdon|21\/100 tox\n|-unboost|p1a: Hippowdon|spa|1\n|move|p1a: Hippowdon|Slack Off|p1a: Hippowdon\n|-heal|p1a: Hippowdon|71\/100 tox\n|\n|-weather|Sandstorm|[upkeep]\n|-damage|p1a: Hippowdon|59\/100 tox|[from] psn\n|upkeep\n|turn|16\n|\n|t:|1651295610\n|switch|p1a: Excadrill|Excadrill, M|100\/100\n|-damage|p1a: Excadrill|97\/100|[from] Stealth Rock\n|move|p2a: Clefable|Moonblast|p1a: Excadrill\n|-resisted|p1a: Excadrill\n|-damage|p1a: Excadrill|75\/100\n|\n|-weather|Sandstorm|[upkeep]\n|upkeep\n|turn|17\n|\n|t:|1651295614\n|switch|p2a: Zapdos|Zapdos, shiny|88\/100\n|move|p1a: Excadrill|Swords Dance|p1a: Excadrill\n|-boost|p1a: Excadrill|atk|2\n|\n|-weather|Sandstorm|[upkeep]\n|-damage|p2a: Zapdos|82\/100|[from] Sandstorm\n|upkeep\n|turn|18\n|\n|t:|1651295619\n|move|p1a: Excadrill|Rock Slide|p2a: Zapdos\n|-supereffective|p2a: Zapdos\n|-damage|p2a: Zapdos|0 fnt\n|faint|p2a: Zapdos\n|\n|-weather|none\n|upkeep\n|\n|t:|1651295626\n|switch|p2a: Garchomp|Garchomp, M, shiny|94\/100 tox\n|-damage|p2a: Garchomp|88\/100 tox|[from] Stealth Rock\n|turn|19\n|\n|t:|1651295644\n|switch|p1a: Hippowdon|Hippowdon, M|59\/100 tox\n|-damage|p1a: Hippowdon|53\/100 tox|[from] Stealth Rock\n|-weather|Sandstorm|[from] ability: Sand Stream|[of] p1a: Hippowdon\n|move|p2a: Garchomp|Earthquake|p1a: Hippowdon\n|-damage|p1a: Hippowdon|30\/100 tox\n|\n|-weather|Sandstorm|[upkeep]\n|-heal|p2a: Garchomp|94\/100 tox|[from] item: Leftovers\n|-damage|p2a: Garchomp|88\/100 tox|[from] psn\n|-damage|p1a: Hippowdon|24\/100 tox|[from] psn\n|upkeep\n|turn|20\n|\n|t:|1651295647\n|move|p2a: Garchomp|Earthquake|p1a: Hippowdon\n|-damage|p1a: Hippowdon|1\/100 tox\n|move|p1a: Hippowdon|Slack Off|p1a: Hippowdon\n|-heal|p1a: Hippowdon|51\/100 tox\n|\n|-weather|Sandstorm|[upkeep]\n|-heal|p2a: Garchomp|94\/100 tox|[from] item: Leftovers\n|-damage|p2a: Garchomp|82\/100 tox|[from] psn\n|-damage|p1a: Hippowdon|39\/100 tox|[from] psn\n|upkeep\n|turn|21\n|j| BabyPigsAreLaughin\n|\n|t:|1651295664\n|switch|p2a: Clefable|Clefable, F, shiny|100\/100 tox\n|move|p1a: Hippowdon|Slack Off|p1a: Hippowdon\n|-heal|p1a: Hippowdon|89\/100 tox\n|\n|-weather|Sandstorm|[upkeep]\n|-damage|p1a: Hippowdon|70\/100 tox|[from] psn\n|upkeep\n|turn|22\n|\n|t:|1651295668\n|switch|p1a: Excadrill|Excadrill, M|75\/100\n|-damage|p1a: Excadrill|72\/100|[from] Stealth Rock\n|move|p2a: Clefable|Knock Off|p1a: Excadrill\n|-damage|p1a: Excadrill|50\/100\n|-enditem|p1a: Excadrill|Focus Sash|[from] move: Knock Off|[of] p2a: Clefable\n|\n|-weather|Sandstorm|[upkeep]\n|upkeep\n|turn|23\n|\n|t:|1651295684\n|switch|p2a: Rotom|Rotom-Wash, shiny|100\/100\n|-damage|p2a: Rotom|88\/100|[from] Stealth Rock\n|move|p1a: Excadrill|Rock Slide|p2a: Rotom\n|-crit|p2a: Rotom\n|-damage|p2a: Rotom|51\/100\n|\n|-weather|none\n|upkeep\n|turn|24\n|\n|t:|1651295695\n|switch|p1a: Hippowdon|Hippowdon, M|70\/100 tox\n|-damage|p1a: Hippowdon|64\/100 tox|[from] Stealth Rock\n|-weather|Sandstorm|[from] ability: Sand Stream|[of] p1a: Hippowdon\n|move|p2a: Rotom|Volt Switch|p1a: Hippowdon\n|-immune|p1a: Hippowdon\n|\n|-weather|Sandstorm|[upkeep]\n|-damage|p2a: Rotom|45\/100|[from] Sandstorm\n|-damage|p1a: Hippowdon|58\/100 tox|[from] psn\n|upkeep\n|turn|25\n|\n|t:|1651295703\n|move|p2a: Rotom|Hydro Pump|p1a: Hippowdon\n|-supereffective|p1a: Hippowdon\n|-crit|p1a: Hippowdon\n|-damage|p1a: Hippowdon|0 fnt\n|faint|p1a: Hippowdon\n|\n|-weather|Sandstorm|[upkeep]\n|-damage|p2a: Rotom|39\/100|[from] Sandstorm\n|upkeep\n|\n|t:|1651295707\n|switch|p1a: Dracozolt|Dracozolt|88\/100\n|-damage|p1a: Dracozolt|76\/100|[from] Stealth Rock\n|turn|26\n|\n|t:|1651295749\n|switch|p2a: Clefable|Clefable, F, shiny|100\/100 tox\n|move|p1a: Dracozolt|Bolt Beak|p2a: Clefable\n|-damage|p2a: Clefable|15\/100 tox\n|-damage|p1a: Dracozolt|59\/100|[from] item: Rocky Helmet|[of] p2a: Clefable\n|-damage|p1a: Dracozolt|49\/100|[from] item: Life Orb\n|\n|-weather|Sandstorm|[upkeep]\n|upkeep\n|turn|27\n|\n|t:|1651295759\n|move|p1a: Dracozolt|Earthquake|p2a: Clefable\n|-damage|p2a: Clefable|0 fnt\n|faint|p2a: Clefable\n|-damage|p1a: Dracozolt|39\/100|[from] item: Life Orb\n|\n|-weather|Sandstorm|[upkeep]\n|upkeep\n|\n|t:|1651295778\n|switch|p2a: Heatran|Heatran, M, shiny|100\/100\n|-damage|p2a: Heatran|88\/100|[from] Stealth Rock\n|turn|28\n|j| amln\n|\n|t:|1651295786\n|move|p1a: Dracozolt|Bolt Beak|p2a: Heatran\n|-damage|p2a: Heatran|5\/100\n|-damage|p1a: Dracozolt|29\/100|[from] item: Life Orb\n|move|p2a: Heatran|Earth Power|p1a: Dracozolt\n|-supereffective|p1a: Dracozolt\n|-damage|p1a: Dracozolt|0 fnt\n|faint|p1a: Dracozolt\n|\n|-weather|none\n|-heal|p2a: Heatran|11\/100|[from] item: Leftovers\n|upkeep\n|\n|t:|1651295792\n|switch|p1a: Toxapex|Toxapex, F|100\/100 par\n|-damage|p1a: Toxapex|88\/100 par|[from] Stealth Rock\n|turn|29\n|\n|t:|1651295802\n|move|p2a: Heatran|Earth Power|p1a: Toxapex\n|-supereffective|p1a: Toxapex\n|-damage|p1a: Toxapex|57\/100 par\n|move|p1a: Toxapex|Stockpile|p1a: Toxapex\n|-start|p1a: Toxapex|stockpile1\n|-boost|p1a: Toxapex|def|1\n|-boost|p1a: Toxapex|spd|1\n|\n|-heal|p2a: Heatran|17\/100|[from] item: Leftovers\n|-heal|p1a: Toxapex|63\/100 par|[from] item: Black Sludge\n|upkeep\n|turn|30\n|\n|t:|1651295806\n|move|p2a: Heatran|Taunt|p1a: Toxapex\n|-start|p1a: Toxapex|move: Taunt\n|move|p1a: Toxapex|Scald|p2a: Heatran\n|-supereffective|p2a: Heatran\n|-damage|p2a: Heatran|0 fnt\n|faint|p2a: Heatran\n|\n|-heal|p1a: Toxapex|70\/100 par|[from] item: Black Sludge\n|upkeep\n|j| call the crew\n|\n|t:|1651295810\n|switch|p2a: Jirachi|Jirachi, shiny|100\/100\n|-damage|p2a: Jirachi|94\/100|[from] Stealth Rock\n|turn|31\n|\n|t:|1651295812\n|move|p2a: Jirachi|Ancient Power|p1a: Toxapex\n|-damage|p1a: Toxapex|64\/100 par\n|move|p1a: Toxapex|Scald|p2a: Jirachi\n|-damage|p2a: Jirachi|76\/100\n|\n|-heal|p1a: Toxapex|70\/100 par|[from] item: Black Sludge\n|upkeep\n|turn|32\n|\n|t:|1651295815\n|move|p2a: Jirachi|Ancient Power|p1a: Toxapex\n|-damage|p1a: Toxapex|65\/100 par\n|move|p1a: Toxapex|Scald|p2a: Jirachi\n|-damage|p2a: Jirachi|59\/100\n|\n|-heal|p1a: Toxapex|71\/100 par|[from] item: Black Sludge\n|-end|p1a: Toxapex|move: Taunt\n|upkeep\n|turn|33\n|\n|t:|1651295819\n|move|p2a: Jirachi|Ancient Power|p1a: Toxapex\n|-damage|p1a: Toxapex|66\/100 par\n|move|p1a: Toxapex|Stockpile|p1a: Toxapex\n|-start|p1a: Toxapex|stockpile2\n|-boost|p1a: Toxapex|def|1\n|-boost|p1a: Toxapex|spd|1\n|\n|-heal|p1a: Toxapex|72\/100 par|[from] item: Black Sludge\n|upkeep\n|turn|34\n|\n|t:|1651295822\n|move|p2a: Jirachi|Ancient Power|p1a: Toxapex\n|-damage|p1a: Toxapex|68\/100 par\n|cant|p1a: Toxapex|par\n|\n|-heal|p1a: Toxapex|74\/100 par|[from] item: Black Sludge\n|upkeep\n|turn|35\n|\n|t:|1651295824\n|move|p2a: Jirachi|Ancient Power|p1a: Toxapex\n|-damage|p1a: Toxapex|70\/100 par\n|-boost|p2a: Jirachi|atk|1\n|-boost|p2a: Jirachi|def|1\n|-boost|p2a: Jirachi|spa|1\n|-boost|p2a: Jirachi|spd|1\n|-boost|p2a: Jirachi|spe|1\n|cant|p1a: Toxapex|par\n|\n|-heal|p1a: Toxapex|76\/100 par|[from] item: Black Sludge\n|upkeep\n|turn|36\n|\n|t:|1651295830\n|switch|p1a: Tyranitar|Tyranitar, F|100\/100\n|-damage|p1a: Tyranitar|88\/100|[from] Stealth Rock\n|-weather|Sandstorm|[from] ability: Sand Stream|[of] p1a: Tyranitar\n|move|p2a: Jirachi|Stored Power|p1a: Tyranitar\n|-immune|p1a: Tyranitar\n|\n|-weather|Sandstorm|[upkeep]\n|upkeep\n|turn|37\n|\n|t:|1651295836\n|move|p2a: Jirachi|Drain Punch|p1a: Tyranitar\n|-supereffective|p1a: Tyranitar\n|-damage|p1a: Tyranitar|0 fnt\n|-heal|p2a: Jirachi|100\/100|[from] drain|[of] p1a: Tyranitar\n|faint|p1a: Tyranitar\n|\n|-weather|Sandstorm|[upkeep]\n|upkeep\n|\n|t:|1651295841\n|switch|p1a: Excadrill|Excadrill, M|50\/100\n|-damage|p1a: Excadrill|47\/100|[from] Stealth Rock\n|turn|38\n|\n|t:|1651295844\n|move|p1a: Excadrill|Earthquake|p2a: Jirachi\n|-supereffective|p2a: Jirachi\n|-damage|p2a: Jirachi|27\/100\n|move|p2a: Jirachi|Drain Punch|p1a: Excadrill\n|-supereffective|p1a: Excadrill\n|-damage|p1a: Excadrill|0 fnt\n|-heal|p2a: Jirachi|51\/100|[from] drain|[of] p1a: Excadrill\n|faint|p1a: Excadrill\n|\n|-weather|Sandstorm|[upkeep]\n|upkeep\n|\n|t:|1651295846\n|switch|p1a: Toxapex|Toxapex, F|100\/100 par\n|-damage|p1a: Toxapex|88\/100 par|[from] Stealth Rock\n|turn|39\n|\n|t:|1651295850\n|move|p2a: Jirachi|Stored Power|p1a: Toxapex\n|-supereffective|p1a: Toxapex\n|-damage|p1a: Toxapex|12\/100 par\n|move|p1a: Toxapex|Stockpile|p1a: Toxapex\n|-start|p1a: Toxapex|stockpile1\n|-boost|p1a: Toxapex|def|1\n|-boost|p1a: Toxapex|spd|1\n|\n|-weather|Sandstorm|[upkeep]\n|-damage|p1a: Toxapex|6\/100 par|[from] Sandstorm\n|-heal|p1a: Toxapex|12\/100 par|[from] item: Black Sludge\n|upkeep\n|turn|40\n|\n|t:|1651295853\n|move|p2a: Jirachi|Stored Power|p1a: Toxapex\n|-supereffective|p1a: Toxapex\n|-damage|p1a: Toxapex|0 fnt\n|faint|p1a: Toxapex\n|\n|win|Kwaga\n|raw|fishy8995's rating: 1659 &rarr; <strong>1637<\/strong><br \/>(-22 for losing)\n|raw|Kwaga's rating: 1617 &rarr; <strong>1639<\/strong><br \/>(+22 for winning)\n","uploadtime":1651295857,"views":22,"p1id":"fishy8995","p2id":"kwaga","formatid":"gen8ou","rating":1637,"private":0,"password":null}