{"id":"gen8ou-1485511584","p1":"tester113","p2":"pick of the litter","format":"gen8ou","log":"|j|\u2606tester113\n|j|\u2606pick of the litter\n|t:|1641343427\n|gametype|singles\n|player|p1|tester113|unknown|1704\n|player|p2|pick of the litter|palmer|1752\n|teamsize|p1|6\n|teamsize|p2|6\n|gen|8\n|tier|[Gen 8] OU\n|rated|\n|rule|Sleep Clause Mod: Limit one foe put to sleep\n|rule|Species Clause: Limit one of each Pok\u00e9mon\n|rule|OHKO Clause: OHKO moves are banned\n|rule|Evasion Moves Clause: Evasion moves are banned\n|rule|Endless Battle Clause: Forcing endless battles is banned\n|rule|HP Percentage Mod: HP is shown in percentages\n|rule|Dynamax Clause: You cannot dynamax\n|clearpoke\n|poke|p1|Zeraora|\n|poke|p1|Dragapult, M|\n|poke|p1|Heatran, M|\n|poke|p1|Rillaboom, M|\n|poke|p1|Clefable, F|\n|poke|p1|Mandibuzz, F|\n|poke|p2|Thundurus-Therian, M|\n|poke|p2|Urshifu-*, F|\n|poke|p2|Scizor, M|\n|poke|p2|Garchomp, M|\n|poke|p2|Mandibuzz, F|\n|poke|p2|Kartana|\n|teampreview\n|inactive|Battle timer is ON: inactive players will automatically lose when time's up. (requested by pick of the litter)\n|\n|t:|1641343450\n|start\n|switch|p1a: Dragapult|Dragapult, M, shiny|100\/100\n|switch|p2a: Kartana|Kartana|100\/100\n|turn|1\n|\n|t:|1641343465\n|switch|p1a: Mandibuzz|Mandibuzz, F|100\/100\n|move|p2a: Kartana|Knock Off|p1a: Mandibuzz\n|-resisted|p1a: Mandibuzz\n|-damage|p1a: Mandibuzz|86\/100\n|-enditem|p1a: Mandibuzz|Heavy-Duty Boots|[from] move: Knock Off|[of] p2a: Kartana\n|\n|upkeep\n|turn|2\n|\n|t:|1641343473\n|switch|p2a: Garchomp|Garchomp, M|100\/100\n|move|p1a: Mandibuzz|U-turn|p2a: Garchomp\n|-damage|p2a: Garchomp|93\/100\n|-damage|p1a: Mandibuzz|74\/100|[from] ability: Rough Skin|[of] p2a: Garchomp\n|j| DerMulti\n|\n|t:|1641343485\n|switch|p1a: Dragapult|Dragapult, M, shiny|100\/100|[from]move: U-turn\n|\n|-heal|p2a: Garchomp|99\/100|[from] item: Leftovers\n|upkeep\n|turn|3\n|\n|t:|1641343489\n|move|p2a: Garchomp|Protect|p2a: Garchomp\n|-singleturn|p2a: Garchomp|Protect\n|move|p1a: Dragapult|Draco Meteor|p2a: Garchomp\n|-activate|p2a: Garchomp|move: Protect\n|\n|-heal|p2a: Garchomp|100\/100|[from] item: Leftovers\n|upkeep\n|turn|4\n|\n|t:|1641343496\n|switch|p2a: Scizor|Scizor, M|100\/100\n|move|p1a: Dragapult|Draco Meteor|p2a: Scizor|[miss]\n|-miss|p1a: Dragapult|p2a: Scizor\n|\n|upkeep\n|turn|5\n|\n|t:|1641343507\n|switch|p1a: Heatran|Heatran, M|100\/100\n|move|p2a: Scizor|U-turn|p1a: Heatran\n|-resisted|p1a: Heatran\n|-damage|p1a: Heatran|93\/100\n|\n|t:|1641343509\n|switch|p2a: Garchomp|Garchomp, M|100\/100|[from]move: U-turn\n|\n|-heal|p1a: Heatran|99\/100|[from] item: Leftovers\n|upkeep\n|turn|6\n|\n|t:|1641343516\n|move|p2a: Garchomp|Stealth Rock|p1a: Heatran\n|-sidestart|p1: tester113|move: Stealth Rock\n|move|p1a: Heatran|Toxic|p2a: Garchomp\n|-status|p2a: Garchomp|tox\n|\n|-heal|p1a: Heatran|100\/100|[from] item: Leftovers\n|-damage|p2a: Garchomp|94\/100 tox|[from] psn\n|upkeep\n|turn|7\n|\n|t:|1641343524\n|switch|p1a: Mandibuzz|Mandibuzz, F|74\/100\n|-damage|p1a: Mandibuzz|49\/100|[from] Stealth Rock\n|move|p2a: Garchomp|Toxic|p1a: Mandibuzz\n|-status|p1a: Mandibuzz|tox\n|\n|-heal|p2a: Garchomp|100\/100 tox|[from] item: Leftovers\n|-damage|p2a: Garchomp|88\/100 tox|[from] psn\n|-damage|p1a: Mandibuzz|43\/100 tox|[from] psn\n|upkeep\n|turn|8\n|\n|t:|1641343533\n|switch|p2a: Thundurus|Thundurus-Therian, M|100\/100\n|move|p1a: Mandibuzz|Roost|p1a: Mandibuzz\n|-heal|p1a: Mandibuzz|93\/100 tox\n|-singleturn|p1a: Mandibuzz|move: Roost\n|\n|-damage|p1a: Mandibuzz|80\/100 tox|[from] psn\n|upkeep\n|turn|9\n|\n|t:|1641343541\n|move|p2a: Thundurus|Thunderbolt|p1a: Mandibuzz\n|-supereffective|p1a: Mandibuzz\n|-damage|p1a: Mandibuzz|0 fnt\n|faint|p1a: Mandibuzz\n|\n|upkeep\n|\n|t:|1641343546\n|switch|p1a: Dragapult|Dragapult, M, shiny|100\/100\n|-damage|p1a: Dragapult|88\/100|[from] Stealth Rock\n|turn|10\n|\n|t:|1641343550\n|switch|p2a: Mandibuzz|Mandibuzz, F|100\/100\n|move|p1a: Dragapult|Draco Meteor|p2a: Mandibuzz\n|-damage|p2a: Mandibuzz|34\/100\n|-unboost|p1a: Dragapult|spa|2\n|\n|upkeep\n|turn|11\n|\n|t:|1641343558\n|switch|p1a: Heatran|Heatran, M|100\/100\n|-damage|p1a: Heatran|88\/100|[from] Stealth Rock\n|switch|p2a: Scizor|Scizor, M|100\/100\n|\n|-heal|p1a: Heatran|94\/100|[from] item: Leftovers\n|upkeep\n|turn|12\n|\n|t:|1641343565\n|switch|p2a: Urshifu|Urshifu-Rapid-Strike, F|100\/100\n|move|p1a: Heatran|Magma Storm|p2a: Urshifu\n|-resisted|p2a: Urshifu\n|-damage|p2a: Urshifu|56\/100\n|-activate|p2a: Urshifu|move: Magma Storm|[of] p1a: Heatran\n|\n|-heal|p1a: Heatran|100\/100|[from] item: Leftovers\n|-damage|p2a: Urshifu|43\/100|[from] move: Magma Storm|[partiallytrapped]\n|upkeep\n|turn|13\n|\n|t:|1641343575\n|switch|p1a: Rillaboom|Rillaboom, M|100\/100\n|-damage|p1a: Rillaboom|88\/100|[from] Stealth Rock\n|-fieldstart|move: Grassy Terrain|[from] ability: Grassy Surge|[of] p1a: Rillaboom\n|move|p2a: Urshifu|Surging Strikes|p1a: Rillaboom\n|-resisted|p1a: Rillaboom\n|-crit|p1a: Rillaboom\n|-damage|p1a: Rillaboom|71\/100\n|-resisted|p1a: Rillaboom\n|-crit|p1a: Rillaboom\n|-damage|p1a: Rillaboom|56\/100\n|-resisted|p1a: Rillaboom\n|-crit|p1a: Rillaboom\n|-damage|p1a: Rillaboom|40\/100\n|-hitcount|p1a: Rillaboom|3\n|\n|-heal|p2a: Urshifu|49\/100|[from] Grassy Terrain\n|-heal|p1a: Rillaboom|46\/100|[from] Grassy Terrain\n|-end|p2a: Urshifu|Magma Storm|[partiallytrapped]|[silent]\n|upkeep\n|turn|14\n|\n|t:|1641343589\n|move|p2a: Urshifu|Surging Strikes|p1a: Rillaboom\n|-resisted|p1a: Rillaboom\n|-crit|p1a: Rillaboom\n|-damage|p1a: Rillaboom|30\/100\n|-resisted|p1a: Rillaboom\n|-crit|p1a: Rillaboom\n|-damage|p1a: Rillaboom|15\/100\n|-resisted|p1a: Rillaboom\n|-crit|p1a: Rillaboom\n|-damage|p1a: Rillaboom|0 fnt\n|faint|p1a: Rillaboom\n|-hitcount|p1: Rillaboom|3\n|\n|-heal|p2a: Urshifu|56\/100|[from] Grassy Terrain\n|upkeep\n|\n|t:|1641343600\n|switch|p1a: Dragapult|Dragapult, M, shiny|88\/100\n|-damage|p1a: Dragapult|76\/100|[from] Stealth Rock\n|turn|15\n|\n|t:|1641343606\n|switch|p2a: Mandibuzz|Mandibuzz, F|34\/100\n|move|p1a: Dragapult|Draco Meteor|p2a: Mandibuzz\n|-damage|p2a: Mandibuzz|0 fnt\n|-unboost|p1a: Dragapult|spa|2\n|faint|p2a: Mandibuzz\n|\n|-heal|p1a: Dragapult|82\/100|[from] Grassy Terrain\n|upkeep\n|\n|t:|1641343615\n|switch|p2a: Kartana|Kartana|100\/100\n|turn|16\n|\n|t:|1641343621\n|switch|p1a: Heatran|Heatran, M|100\/100\n|-damage|p1a: Heatran|88\/100|[from] Stealth Rock\n|move|p2a: Kartana|Smart Strike|p1a: Heatran\n|-resisted|p1a: Heatran\n|-crit|p1a: Heatran\n|-damage|p1a: Heatran|71\/100\n|\n|-heal|p1a: Heatran|78\/100|[from] Grassy Terrain\n|-heal|p1a: Heatran|84\/100|[from] item: Leftovers\n|upkeep\n|turn|17\n|\n|t:|1641343632\n|switch|p2a: Garchomp|Garchomp, M|88\/100 tox\n|move|p1a: Heatran|Magma Storm|p2a: Garchomp\n|-resisted|p2a: Garchomp\n|-damage|p2a: Garchomp|64\/100 tox\n|-activate|p2a: Garchomp|move: Magma Storm|[of] p1a: Heatran\n|\n|-heal|p2a: Garchomp|70\/100 tox|[from] Grassy Terrain\n|-heal|p2a: Garchomp|76\/100 tox|[from] item: Leftovers\n|-heal|p1a: Heatran|90\/100|[from] Grassy Terrain\n|-heal|p1a: Heatran|96\/100|[from] item: Leftovers\n|-damage|p2a: Garchomp|70\/100 tox|[from] psn\n|-damage|p2a: Garchomp|58\/100 tox|[from] move: Magma Storm|[partiallytrapped]\n|-fieldend|move: Grassy Terrain\n|upkeep\n|turn|18\n|j| iWatchU\u2299_\u2299\n|\n|t:|1641343646\n|switch|p1a: Clefable|Clefable, F|100\/100\n|move|p2a: Garchomp|Earthquake|p1a: Clefable\n|-crit|p1a: Clefable\n|-damage|p1a: Clefable|52\/100\n|\n|-heal|p2a: Garchomp|64\/100 tox|[from] item: Leftovers\n|-heal|p1a: Clefable|58\/100|[from] item: Leftovers\n|-damage|p2a: Garchomp|51\/100 tox|[from] psn\n|-end|p2a: Garchomp|Magma Storm|[partiallytrapped]|[silent]\n|upkeep\n|turn|19\n|\n|t:|1641343658\n|switch|p2a: Scizor|Scizor, M|100\/100\n|move|p1a: Clefable|Wish|p1a: Clefable\n|\n|-heal|p1a: Clefable|64\/100|[from] item: Leftovers\n|upkeep\n|turn|20\n|\n|t:|1641343663\n|move|p1a: Clefable|Stealth Rock|p2a: Scizor\n|-sidestart|p2: pick of the litter|move: Stealth Rock\n|move|p2a: Scizor|U-turn|p1a: Clefable\n|-resisted|p1a: Clefable\n|-damage|p1a: Clefable|52\/100\n|\n|t:|1641343668\n|switch|p2a: Kartana|Kartana|100\/100|[from]move: U-turn\n|-damage|p2a: Kartana|94\/100|[from] Stealth Rock\n|\n|-heal|p1a: Clefable|100\/100|[from] move: Wish|[wisher] Clefable\n|upkeep\n|turn|21\n|j| Filefate\n|\n|t:|1641343674\n|move|p1a: Clefable|Protect|p1a: Clefable\n|-singleturn|p1a: Clefable|Protect\n|move|p2a: Kartana|Knock Off|p1a: Clefable\n|-activate|p1a: Clefable|move: Protect\n|\n|upkeep\n|turn|22\n|\n|t:|1641343680\n|move|p2a: Kartana|Knock Off|p1a: Clefable\n|-resisted|p1a: Clefable\n|-damage|p1a: Clefable|85\/100\n|-enditem|p1a: Clefable|Leftovers|[from] move: Knock Off|[of] p2a: Kartana\n|move|p1a: Clefable|Wish|p1a: Clefable\n|\n|upkeep\n|turn|23\n|\n|t:|1641343687\n|move|p2a: Kartana|Knock Off|p1a: Clefable\n|-resisted|p1a: Clefable\n|-damage|p1a: Clefable|73\/100\n|move|p1a: Clefable|Moonblast|p2a: Kartana\n|-resisted|p2a: Kartana\n|-damage|p2a: Kartana|49\/100\n|\n|-heal|p1a: Clefable|100\/100|[from] move: Wish|[wisher] Clefable\n|upkeep\n|turn|24\n|\n|t:|1641343695\n|switch|p2a: Scizor|Scizor, M|100\/100\n|move|p1a: Clefable|Moonblast|p2a: Scizor\n|-resisted|p2a: Scizor\n|-damage|p2a: Scizor|87\/100\n|\n|upkeep\n|turn|25\n|\n|t:|1641343703\n|move|p1a: Clefable|Wish|p1a: Clefable\n|move|p2a: Scizor|Knock Off|p1a: Clefable\n|-resisted|p1a: Clefable\n|-damage|p1a: Clefable|93\/100\n|\n|upkeep\n|turn|26\n|\n|t:|1641343708\n|switch|p1a: Heatran|Heatran, M|96\/100\n|-damage|p1a: Heatran|84\/100|[from] Stealth Rock\n|move|p2a: Scizor|U-turn|p1a: Heatran\n|-resisted|p1a: Heatran\n|-damage|p1a: Heatran|76\/100\n|\n|t:|1641343709\n|switch|p2a: Urshifu|Urshifu-Rapid-Strike, F|56\/100|[from]move: U-turn\n|-damage|p2a: Urshifu|49\/100|[from] Stealth Rock\n|\n|-heal|p1a: Heatran|100\/100|[from] move: Wish|[wisher] Clefable\n|upkeep\n|turn|27\n|\n|t:|1641343725\n|switch|p1a: Zeraora|Zeraora|100\/100\n|-damage|p1a: Zeraora|88\/100|[from] Stealth Rock\n|move|p2a: Urshifu|Surging Strikes|p1a: Zeraora\n|-crit|p1a: Zeraora\n|-damage|p1a: Zeraora|45\/100\n|-crit|p1a: Zeraora\n|-damage|p1a: Zeraora|2\/100\n|-crit|p1a: Zeraora\n|-damage|p1a: Zeraora|0 fnt\n|faint|p1a: Zeraora\n|-hitcount|p1: Zeraora|3\n|\n|upkeep\n|\n|t:|1641343736\n|switch|p1a: Dragapult|Dragapult, M, shiny|82\/100\n|-damage|p1a: Dragapult|70\/100|[from] Stealth Rock\n|turn|28\n|j| large owl\n|\n|t:|1641343755\n|switch|p2a: Garchomp|Garchomp, M|51\/100 tox\n|-damage|p2a: Garchomp|45\/100 tox|[from] Stealth Rock\n|move|p1a: Dragapult|Shadow Ball|p2a: Garchomp\n|-damage|p2a: Garchomp|0 fnt\n|faint|p2a: Garchomp\n|\n|upkeep\n|\n|t:|1641343762\n|switch|p2a: Scizor|Scizor, M|87\/100\n|turn|29\n|\n|t:|1641343766\n|switch|p1a: Heatran|Heatran, M|100\/100\n|-damage|p1a: Heatran|88\/100|[from] Stealth Rock\n|move|p2a: Scizor|Knock Off|p1a: Heatran\n|-damage|p1a: Heatran|60\/100\n|-enditem|p1a: Heatran|Leftovers|[from] move: Knock Off|[of] p2a: Scizor\n|\n|upkeep\n|turn|30\n|\n|t:|1641343779\n|switch|p1a: Dragapult|Dragapult, M, shiny|70\/100\n|-damage|p1a: Dragapult|57\/100|[from] Stealth Rock\n|move|p2a: Scizor|U-turn|p1a: Dragapult\n|-resisted|p1a: Dragapult\n|-damage|p1a: Dragapult|35\/100\n|\n|t:|1641343782\n|switch|p2a: Kartana|Kartana|49\/100|[from]move: U-turn\n|-damage|p2a: Kartana|43\/100|[from] Stealth Rock\n|\n|upkeep\n|turn|31\n|\n|t:|1641343789\n|switch|p1a: Clefable|Clefable, F|93\/100\n|move|p2a: Kartana|Knock Off|p1a: Clefable\n|-resisted|p1a: Clefable\n|-damage|p1a: Clefable|82\/100\n|\n|upkeep\n|turn|32\n|\n|t:|1641343796\n|switch|p2a: Thundurus|Thundurus-Therian, M|100\/100\n|-damage|p2a: Thundurus|76\/100|[from] Stealth Rock\n|switch|p1a: Dragapult|Dragapult, M, shiny|35\/100\n|-damage|p1a: Dragapult|23\/100|[from] Stealth Rock\n|\n|upkeep\n|turn|33\n|\n|t:|1641343803\n|switch|p2a: Scizor|Scizor, M|87\/100\n|move|p1a: Dragapult|Draco Meteor|p2a: Scizor\n|-resisted|p2a: Scizor\n|-damage|p2a: Scizor|45\/100\n|-unboost|p1a: Dragapult|spa|2\n|\n|upkeep\n|turn|34\n|\n|t:|1641343812\n|switch|p1a: Clefable|Clefable, F|82\/100\n|move|p2a: Scizor|U-turn|p1a: Clefable\n|-resisted|p1a: Clefable\n|-damage|p1a: Clefable|71\/100\n|l| large owl\n|\n|t:|1641343818\n|switch|p2a: Thundurus|Thundurus-Therian, M|76\/100|[from]move: U-turn\n|-damage|p2a: Thundurus|51\/100|[from] Stealth Rock\n|\n|upkeep\n|turn|35\n|\n|t:|1641343822\n|move|p2a: Thundurus|Thunderbolt|p1a: Clefable\n|-damage|p1a: Clefable|1\/100\n|move|p1a: Clefable|Moonblast|p2a: Thundurus\n|-crit|p2a: Thundurus\n|-damage|p2a: Thundurus|0 fnt\n|faint|p2a: Thundurus\n|\n|upkeep\n|\n|t:|1641343828\n|switch|p2a: Urshifu|Urshifu-Rapid-Strike, F|49\/100\n|-damage|p2a: Urshifu|43\/100|[from] Stealth Rock\n|turn|36\n|\n|t:|1641343833\n|move|p2a: Urshifu|Surging Strikes|p1a: Clefable\n|-crit|p1a: Clefable\n|-damage|p1a: Clefable|0 fnt\n|faint|p1a: Clefable\n|-hitcount|p1: Clefable|1\n|\n|upkeep\n|c|\u2606tester113|gg\n|c|\u2606pick of the litter|Gg\n|c|\u2606tester113|man i played bad\n|-message|tester113 forfeited.\n|\n|win|pick of the litter\n|raw|tester113's rating: 1704 &rarr; <strong>1687<\/strong><br \/>(-17 for losing)\n|raw|pick of the litter's rating: 1752 &rarr; <strong>1769<\/strong><br \/>(+17 for winning)\n|l|\u2606tester113\n|player|p2|pick of the litter|palmer\n|inactive|Battle timer is ON: inactive players will automatically lose when time's up. (requested by pick of the litter)\n","uploadtime":1641343865,"views":81,"p1id":"tester113","p2id":"pickofthelitter","formatid":"gen8ou","rating":1687,"private":0,"password":null}