{"id":"gen8randombattle-1704177740","p1":"LoSconosciuto","p2":"Sir GrandMaster","format":"gen8randombattle","log":"|j|\u2606LoSconosciuto\n|j|\u2606Sir GrandMaster\n|t:|1667751410\n|gametype|singles\n|player|p1|LoSconosciuto|#teamgapdos|\n|player|p2|Sir GrandMaster|ghetsis|\n|teamsize|p1|6\n|teamsize|p2|6\n|gen|8\n|tier|[Gen 8] Random Battle\n|rule|Species Clause: Limit one of each Pok\u00e9mon\n|rule|HP Percentage Mod: HP is shown in percentages\n|rule|Sleep Clause Mod: Limit one foe put to sleep\n|\n|t:|1667751410\n|start\n|switch|p1a: Landorus|Landorus, L76, M|260\/260\n|switch|p2a: Bisharp|Bisharp, L80, F|235\/235\n|turn|1\n|inactive|Battle timer is ON: inactive players will automatically lose when time's up. (requested by LoSconosciuto)\n|c|\u2606Sir GrandMaster|hfgl\n|c|\u2606LoSconosciuto|hf\n|j|+heroictobias\n|j| Tarrembelle\n|inactive|LoSconosciuto has 270 seconds left.\n|j|+piaa\n|\n|t:|1667751466\n|switch|p2a: Palkia|Palkia, L74|255\/255\n|-ability|p2a: Palkia|Pressure\n|move|p1a: Landorus|Earth Power|p2a: Palkia\n|-damage|p2a: Palkia|115\/255\n|\n|upkeep\n|turn|2\n|j| Javitu\n|inactive|LoSconosciuto has 270 seconds left.\n|\n|t:|1667751500\n|switch|p2a: Rotom|Rotom-Frost, L84|221\/221\n|move|p1a: Landorus|Earth Power|p2a: Rotom\n|-immune|p2a: Rotom|[from] ability: Levitate\n|\n|upkeep\n|turn|3\n|inactive|LoSconosciuto has 270 seconds left.\n|\n|t:|1667751519\n|switch|p1a: Heatran|Heatran, L78, F|270\/270\n|move|p2a: Rotom|Blizzard|p1a: Heatran\n|-resisted|p1a: Heatran\n|-damage|p1a: Heatran|240\/270\n|-status|p1a: Heatran|frz\n|\n|-heal|p1a: Heatran|256\/270 frz|[from] item: Leftovers\n|upkeep\n|turn|4\n|inactive|LoSconosciuto has 270 seconds left.\n|\n|t:|1667751532\n|switch|p2a: Goodra|Goodra, L82, F|282\/282\n|switch|p1a: Mienshao|Mienshao, L82, M|241\/241\n|\n|upkeep\n|turn|5\n|inactive|LoSconosciuto has 270 seconds left.\n|\n|t:|1667751561\n|-start|p2a: Goodra|Dynamax|\n|-heal|p2a: Goodra|564\/564|[silent]\n|move|p1a: Mienshao|Swords Dance|p1a: Mienshao\n|-boost|p1a: Mienshao|atk|2\n|move|p2a: Goodra|Max Wyrmwind|p1a: Mienshao\n|-damage|p1a: Mienshao|19\/241\n|-unboost|p1a: Mienshao|atk|1\n|\n|upkeep\n|turn|6\n|\n|t:|1667751574\n|switch|p1a: Heatran|Heatran, L78, F|256\/270 frz\n|move|p2a: Goodra|Max Wyrmwind|p1a: Heatran\n|-resisted|p1a: Heatran\n|-damage|p1a: Heatran|186\/270 frz\n|-unboost|p1a: Heatran|atk|1\n|\n|-heal|p1a: Heatran|202\/270 frz|[from] item: Leftovers\n|upkeep\n|turn|7\n|\n|t:|1667751596\n|switch|p1a: Landorus|Landorus, L76, M|260\/260\n|move|p2a: Goodra|Max Quake|p1a: Landorus\n|-immune|p1a: Landorus\n|\n|upkeep\n|-end|p2a: Goodra|Dynamax\n|-heal|p2a: Goodra|282\/282|[silent]\n|turn|8\n|inactive|Sir GrandMaster has 270 seconds left.\n|\n|t:|1667751643\n|switch|p1a: Carbink|Carbink, L86|226\/226\n|move|p2a: Goodra|Draco Meteor|p1a: Carbink\n|-immune|p1a: Carbink\n|\n|upkeep\n|turn|9\n|\n|t:|1667751661\n|move|p2a: Goodra|Earthquake|p1a: Carbink\n|-supereffective|p1a: Carbink\n|-damage|p1a: Carbink|138\/226\n|move|p1a: Carbink|Stealth Rock|p2a: Goodra\n|-sidestart|p2: Sir GrandMaster|move: Stealth Rock\n|\n|upkeep\n|turn|10\n|\n|t:|1667751673\n|move|p2a: Goodra|Earthquake|p1a: Carbink\n|-supereffective|p1a: Carbink\n|-damage|p1a: Carbink|42\/226\n|move|p1a: Carbink|Reflect|p1a: Carbink\n|-sidestart|p1: LoSconosciuto|Reflect\n|\n|upkeep\n|turn|11\n|\n|t:|1667751694\n|move|p2a: Goodra|Earthquake|p1a: Carbink\n|-supereffective|p1a: Carbink\n|-damage|p1a: Carbink|0 fnt\n|faint|p1a: Carbink\n|\n|upkeep\n|\n|t:|1667751701\n|switch|p1a: Mienshao|Mienshao, L82, M|99\/241\n|turn|12\n|inactive|Sir GrandMaster has 270 seconds left.\n|j| Ciro napoli\n|inactive|Sir GrandMaster has 240 seconds left.\n|\n|t:|1667751740\n|switch|p1a: Heatran|Heatran, L78, F|202\/270 frz\n|move|p2a: Goodra|Draco Meteor|p1a: Heatran\n|-resisted|p1a: Heatran\n|-damage|p1a: Heatran|141\/270 frz\n|-unboost|p2a: Goodra|spa|2\n|\n|-heal|p1a: Heatran|157\/270 frz|[from] item: Leftovers\n|upkeep\n|turn|13\n|\n|t:|1667751749\n|switch|p1a: Mienshao|Mienshao, L82, M|179\/241\n|move|p2a: Goodra|Earthquake|p1a: Mienshao\n|-damage|p1a: Mienshao|132\/241\n|\n|upkeep\n|turn|14\n|inactive|Sir GrandMaster has 240 seconds left.\n|\n|t:|1667751764\n|switch|p2a: Audino|Audino, L91, M|335\/335\n|-damage|p2a: Audino|294\/335|[from] Stealth Rock\n|move|p1a: Mienshao|Swords Dance|p1a: Mienshao\n|-boost|p1a: Mienshao|atk|2\n|\n|-heal|p2a: Audino|314\/335|[from] item: Leftovers\n|upkeep\n|turn|15\n|j|+pokeblade\u2606101\n|inactive|Sir GrandMaster has 240 seconds left.\n|\n|t:|1667751781\n|move|p2a: Audino|Protect|p2a: Audino\n|-singleturn|p2a: Audino|Protect\n|move|p1a: Mienshao|Close Combat|p2a: Audino\n|-activate|p2a: Audino|move: Protect\n|\n|-heal|p2a: Audino|334\/335|[from] item: Leftovers\n|upkeep\n|turn|16\n|j| Trefleuh\n|inactive|Sir GrandMaster has 240 seconds left.\n|j| Teres BAHJi\n|\n|t:|1667751805\n|move|p1a: Mienshao|Close Combat|p2a: Audino\n|-supereffective|p2a: Audino\n|-damage|p2a: Audino|0 fnt\n|-unboost|p1a: Mienshao|def|1\n|-unboost|p1a: Mienshao|spd|1\n|faint|p2a: Audino\n|-damage|p1a: Mienshao|108\/241|[from] item: Life Orb\n|\n|upkeep\n|\n|t:|1667751823\n|switch|p2a: Glaceon|Glaceon, L88, M|258\/258\n|-damage|p2a: Glaceon|194\/258|[from] Stealth Rock\n|turn|17\n|inactive|LoSconosciuto has 270 seconds left.\n|\n|t:|1667751861\n|move|p2a: Glaceon|Protect|p2a: Glaceon\n|-singleturn|p2a: Glaceon|Protect\n|move|p1a: Mienshao|Close Combat|p2a: Glaceon\n|-activate|p2a: Glaceon|move: Protect\n|\n|-heal|p2a: Glaceon|210\/258|[from] item: Leftovers\n|-sideend|p1: LoSconosciuto|Reflect\n|upkeep\n|turn|18\n|\n|t:|1667751867\n|move|p1a: Mienshao|Close Combat|p2a: Glaceon\n|-supereffective|p2a: Glaceon\n|-damage|p2a: Glaceon|0 fnt\n|-unboost|p1a: Mienshao|def|1\n|-unboost|p1a: Mienshao|spd|1\n|faint|p2a: Glaceon\n|-damage|p1a: Mienshao|84\/241|[from] item: Life Orb\n|\n|upkeep\n|\n|t:|1667751870\n|switch|p2a: Bisharp|Bisharp, L80, F|235\/235\n|-damage|p2a: Bisharp|221\/235|[from] Stealth Rock\n|turn|19\n|\n|t:|1667751877\n|switch|p1a: Landorus|Landorus, L76, M|260\/260\n|move|p2a: Bisharp|Sucker Punch||[still]\n|-fail|p2a: Bisharp\n|\n|upkeep\n|turn|20\n|\n|t:|1667751881\n|switch|p2a: Rotom|Rotom-Frost, L84|221\/221\n|move|p1a: Landorus|Earth Power|p2a: Rotom\n|-immune|p2a: Rotom|[from] ability: Levitate\n|\n|upkeep\n|turn|21\n|\n|t:|1667751899\n|move|p1a: Landorus|Rock Slide|p2a: Rotom\n|-supereffective|p2a: Rotom\n|-damage|p2a: Rotom|65\/221\n|move|p2a: Rotom|Nasty Plot|p2a: Rotom\n|-boost|p2a: Rotom|spa|2\n|\n|upkeep\n|turn|22\n|\n|t:|1667751903\n|move|p1a: Landorus|Rock Slide|p2a: Rotom\n|-supereffective|p2a: Rotom\n|-damage|p2a: Rotom|0 fnt\n|faint|p2a: Rotom\n|\n|upkeep\n|c|\u2606LoSconosciuto|unfort mu\n|\n|t:|1667751908\n|switch|p2a: Goodra|Goodra, L82, F|282\/282\n|-damage|p2a: Goodra|247\/282|[from] Stealth Rock\n|turn|23\n|\n|t:|1667751918\n|move|p1a: Landorus|Rock Slide|p2a: Goodra\n|-damage|p2a: Goodra|130\/282\n|move|p2a: Goodra|Draco Meteor|p1a: Landorus\n|-damage|p1a: Landorus|95\/260\n|-unboost|p2a: Goodra|spa|2\n|\n|upkeep\n|turn|24\n|inactive|Sir GrandMaster has 270 seconds left.\n|\n|t:|1667751925\n|move|p1a: Landorus|Rock Slide|p2a: Goodra\n|-damage|p2a: Goodra|27\/282\n|move|p2a: Goodra|Draco Meteor|p1a: Landorus\n|-crit|p1a: Landorus\n|-damage|p1a: Landorus|0 fnt\n|-unboost|p2a: Goodra|spa|2\n|faint|p1a: Landorus\n|\n|upkeep\n|\n|t:|1667751932\n|switch|p1a: Tauros|Tauros, L82, M|257\/257\n|turn|25\n|\n|t:|1667751935\n|-start|p1a: Tauros|Dynamax|\n|-heal|p1a: Tauros|514\/514|[silent]\n|move|p1a: Tauros|Max Knuckle|p2a: Goodra\n|-crit|p2a: Goodra\n|-damage|p2a: Goodra|0 fnt\n|-boost|p1a: Tauros|atk|1\n|faint|p2a: Goodra\n|-damage|p1a: Tauros|489\/514|[from] item: Life Orb\n|\n|upkeep\n|\n|t:|1667751939\n|switch|p2a: Palkia|Palkia, L74|115\/255\n|-damage|p2a: Palkia|84\/255|[from] Stealth Rock\n|-ability|p2a: Palkia|Pressure\n|turn|26\n|c|\u2606LoSconosciuto|gg\n|c|\u2606Sir GrandMaster|gg\n|\n|t:|1667751943\n|move|p1a: Tauros|Max Knuckle|p2a: Palkia\n|-damage|p2a: Palkia|0 fnt\n|-boost|p1a: Tauros|atk|1\n|faint|p2a: Palkia\n|-damage|p1a: Tauros|464\/514|[from] item: Life Orb\n|\n|upkeep\n|\n|t:|1667751946\n|switch|p2a: Bisharp|Bisharp, L80, F|221\/235\n|-damage|p2a: Bisharp|207\/235|[from] Stealth Rock\n|turn|27\n|\n|t:|1667751948\n|move|p2a: Bisharp|Sucker Punch|p1a: Tauros\n|-damage|p1a: Tauros|361\/514\n|-damage|p2a: Bisharp|184\/235|[from] item: Life Orb\n|move|p1a: Tauros|Max Knuckle|p2a: Bisharp\n|-supereffective|p2a: Bisharp\n|-crit|p2a: Bisharp\n|-damage|p2a: Bisharp|0 fnt\n|-boost|p1a: Tauros|atk|1\n|faint|p2a: Bisharp\n|-damage|p1a: Tauros|336\/514|[from] item: Life Orb\n|\n|win|LoSconosciuto\n|l|+heroictobias\n|l| Teres BAHJi\n|l|+pokeblade\u2606101\n|l| Tarrembelle\n|l|\u2606Sir GrandMaster\n|j| Teres BAHJi\n|l| Teres BAHJi\n","inputlog":">version 64bd7780963bb8912946b73c4d69c4a2054e31b7\n>start {\"formatid\":\"gen8randombattle\",\"seed\":[39093,47721,53419,51259]}\n>player p1 {\"name\":\"LoSconosciuto\",\"avatar\":\"#teamgapdos\",\"rating\":0,\"seed\":[20422,19279,35238,54486]}\n>player p2 {\"name\":\"Sir GrandMaster\",\"avatar\":\"ghetsis\",\"rating\":0,\"seed\":[35919,63898,40735,62417]}\n>chat \u2606Sir GrandMaster|hfgl\n>chat \u2606LoSconosciuto|hf\n>p1 move earthpower\n>p2 switch 3\n>p1 move earthpower\n>p2 switch 4\n>p1 switch 5\n>p2 move blizzard\n>p1 switch 4\n>p2 switch 6\n>p1 move swordsdance\n>p2 move dracometeor dynamax\n>p1 switch 4\n>p2 move dracometeor dynamax\n>p1 switch 5\n>p2 move earthquake dynamax\n>p1 switch 2\n>p2 move dracometeor\n>p1 move stealthrock\n>p2 move earthquake\n>p1 move reflect\n>p2 move earthquake\n>p1 move lightscreen\n>p2 move earthquake\n>p1 switch 4\n>p1 switch 5\n>p2 move dracometeor\n>p1 switch 5\n>p2 move earthquake\n>p1 move swordsdance\n>p2 switch 5\n>p1 move closecombat\n>p2 move protect\n>p1 move closecombat\n>p2 move toxic\n>p2 switch 2\n>p1 move closecombat\n>p2 move protect\n>p1 move closecombat\n>p2 move freezedry\n>p2 switch 3\n>p1 switch 2\n>p2 move suckerpunch\n>p1 move earthpower\n>p2 switch 6\n>p1 move rockslide\n>p2 move nastyplot\n>p1 move rockslide\n>p2 move blizzard\n>chat \u2606LoSconosciuto|unfort mu\n>p2 switch 5\n>p1 move rockslide\n>p2 move dracometeor\n>p1 move rockslide\n>p2 move dracometeor\n>p1 switch 3\n>p1 move closecombat dynamax\n>p2 move earthquake\n>p2 switch 4\n>chat \u2606LoSconosciuto|gg\n>chat \u2606Sir GrandMaster|gg\n>p1 move closecombat dynamax\n>p2 move dracometeor\n>p2 switch 6\n>p1 move closecombat dynamax\n>p2 move suckerpunch","uploadtime":1667751952,"views":29,"p1id":"losconosciuto","p2id":"sirgrandmaster","formatid":"gen8randombattle","rating":0,"private":0,"password":null}