{"id":"gen8monotype-1573541119","p1":"Redemption","p2":"MLT8Z2 Rinda","format":"gen8monotype","log":"|raw|<div class=\"broadcast-blue\"><strong>This battle is required to be public due to a player having a name starting with 'mlt8z2'.<\/div>\n|j|\u2606Redemption\n|j|\u2606MLT8Z2 Rinda\n|t:|1652390269\n|gametype|singles\n|player|p1|Redemption|#redemption|1601\n|player|p2|MLT8Z2 Rinda|madame-gen4dp|1714\n|teamsize|p1|6\n|teamsize|p2|6\n|gen|8\n|tier|[Gen 8] Monotype\n|rated|\n|rule|Same Type Clause: Pok\u00e9mon in a team must share a type\n|rule|Sleep Clause Mod: Limit one foe put to sleep\n|rule|Species Clause: Limit one of each Pok\u00e9mon\n|rule|OHKO Clause: OHKO moves are banned\n|rule|Evasion Moves Clause: Evasion moves are banned\n|rule|Endless Battle Clause: Forcing endless battles is banned\n|rule|HP Percentage Mod: HP is shown in percentages\n|rule|Dynamax Clause: You cannot dynamax\n|clearpoke\n|poke|p1|Pelipper, F|\n|poke|p1|Zapdos|\n|poke|p1|Tornadus, M|\n|poke|p1|Thundurus-Therian, M|\n|poke|p1|Moltres-Galar|\n|poke|p1|Mantine, M|\n|poke|p2|Thundurus-Therian, M|\n|poke|p2|Landorus-Therian, M|\n|poke|p2|Celesteela|\n|poke|p2|Dragonite, F|\n|poke|p2|Moltres-Galar|\n|poke|p2|Zapdos-Galar|\n|teampreview\n|inactive|Battle timer is ON: inactive players will automatically lose when time's up. (requested by Redemption)\n|\n|t:|1652390305\n|start\n|switch|p1a: Zapdos|Zapdos|100\/100\n|switch|p2a: Thundurus|Thundurus-Therian, M|100\/100\n|turn|1\n|j| MLT8Z2 Showl\n|\n|t:|1652390332\n|move|p2a: Thundurus|Volt Switch|p1a: Zapdos\n|-crit|p1a: Zapdos\n|-damage|p1a: Zapdos|31\/100\n|j| cielau origine \u266b\n|inactive|MLT8Z2 Rinda has 120 seconds left.\n|\n|t:|1652390364\n|switch|p2a: Celesteela|Celesteela|100\/100|[from]move: Volt Switch\n|move|p1a: Zapdos|Weather Ball|p2a: Celesteela\n|-resisted|p2a: Celesteela\n|-damage|p2a: Celesteela|92\/100\n|\n|-heal|p2a: Celesteela|98\/100|[from] item: Leftovers\n|upkeep\n|turn|2\n|inactive|MLT8Z2 Rinda has 120 seconds left.\n|\n|t:|1652390396\n|switch|p1a: Pelipper|Pelipper, F|100\/100\n|-weather|RainDance|[from] ability: Drizzle|[of] p1a: Pelipper\n|switch|p2a: Thundurus|Thundurus-Therian, M|100\/100\n|\n|-weather|RainDance|[upkeep]\n|upkeep\n|turn|3\n|inactive|Redemption has 120 seconds left.\n|inactive|MLT8Z2 Rinda has 90 seconds left.\n|\n|t:|1652390427\n|switch|p1a: Thundurus|Thundurus-Therian, M|100\/100\n|move|p2a: Thundurus|Sludge Bomb|p1a: Thundurus\n|-damage|p1a: Thundurus|51\/100\n|-status|p1a: Thundurus|psn\n|\n|-weather|RainDance|[upkeep]\n|-damage|p1a: Thundurus|39\/100 psn|[from] psn\n|upkeep\n|turn|4\n|inactive|Redemption has 120 seconds left.\n|\n|t:|1652390444\n|move|p1a: Thundurus|Weather Ball|p2a: Thundurus\n|-damage|p2a: Thundurus|0 fnt\n|faint|p2a: Thundurus\n|\n|-weather|RainDance|[upkeep]\n|-damage|p1a: Thundurus|27\/100 psn|[from] psn\n|upkeep\n|\n|t:|1652390454\n|switch|p2a: Dragonite|Dragonite, F|100\/100\n|turn|5\n|\n|t:|1652390466\n|move|p1a: Thundurus|Weather Ball|p2a: Dragonite\n|-resisted|p2a: Dragonite\n|-damage|p2a: Dragonite|79\/100\n|move|p2a: Dragonite|Dragon Claw|p1a: Thundurus\n|-damage|p1a: Thundurus|0 fnt\n|faint|p1a: Thundurus\n|\n|-weather|RainDance|[upkeep]\n|upkeep\n|\n|t:|1652390476\n|switch|p1a: Mantine|Mantine, M|100\/100\n|turn|6\n|\n|t:|1652390485\n|switch|p2a: Celesteela|Celesteela|98\/100\n|move|p1a: Mantine|Ice Beam|p2a: Celesteela\n|-damage|p2a: Celesteela|77\/100\n|-status|p2a: Celesteela|frz\n|\n|-weather|none\n|-heal|p2a: Celesteela|83\/100 frz|[from] item: Leftovers\n|upkeep\n|turn|7\n|inactive|MLT8Z2 Rinda has 90 seconds left.\n|\n|t:|1652390494\n|switch|p1a: Pelipper|Pelipper, F|100\/100\n|-weather|RainDance|[from] ability: Drizzle|[of] p1a: Pelipper\n|cant|p2a: Celesteela|frz\n|\n|-weather|RainDance|[upkeep]\n|-heal|p2a: Celesteela|89\/100 frz|[from] item: Leftovers\n|upkeep\n|turn|8\n|\n|t:|1652390502\n|move|p1a: Pelipper|Hydro Pump|p2a: Celesteela\n|-damage|p2a: Celesteela|22\/100 frz\n|cant|p2a: Celesteela|frz\n|\n|-weather|RainDance|[upkeep]\n|-heal|p2a: Celesteela|28\/100 frz|[from] item: Leftovers\n|upkeep\n|turn|9\n|\n|t:|1652390508\n|cant|p2a: Celesteela|frz\n|move|p1a: Pelipper|Hydro Pump|p2a: Celesteela\n|-damage|p2a: Celesteela|0 fnt\n|faint|p2a: Celesteela\n|\n|-weather|RainDance|[upkeep]\n|upkeep\n|\n|t:|1652390515\n|switch|p2a: Dragonite|Dragonite, F|79\/100\n|turn|10\n|\n|t:|1652390519\n|switch|p1a: Zapdos|Zapdos|31\/100\n|move|p2a: Dragonite|Roost|p2a: Dragonite\n|-heal|p2a: Dragonite|100\/100\n|-singleturn|p2a: Dragonite|move: Roost\n|\n|-weather|RainDance|[upkeep]\n|upkeep\n|turn|11\n|\n|t:|1652390525\n|move|p1a: Zapdos|Thunder|p2a: Dragonite\n|-damage|p2a: Dragonite|60\/100\n|move|p2a: Dragonite|Dragon Dance|p2a: Dragonite\n|-boost|p2a: Dragonite|atk|1\n|-boost|p2a: Dragonite|spe|1\n|\n|-weather|none\n|upkeep\n|turn|12\n|inactive|MLT8Z2 Rinda has 120 seconds left.\n|\n|t:|1652390537\n|switch|p1a: Pelipper|Pelipper, F|100\/100\n|-weather|RainDance|[from] ability: Drizzle|[of] p1a: Pelipper\n|move|p2a: Dragonite|Roost|p2a: Dragonite\n|-heal|p2a: Dragonite|100\/100\n|-singleturn|p2a: Dragonite|move: Roost\n|\n|-weather|RainDance|[upkeep]\n|upkeep\n|turn|13\n|inactive|MLT8Z2 Rinda has 120 seconds left.\n|inactive|MLT8Z2 Rinda has 90 seconds left.\n|\n|t:|1652390573\n|move|p2a: Dragonite|Dragon Dance|p2a: Dragonite\n|-boost|p2a: Dragonite|atk|1\n|-boost|p2a: Dragonite|spe|1\n|move|p1a: Pelipper|Ice Beam|p2a: Dragonite\n|-supereffective|p2a: Dragonite\n|-damage|p2a: Dragonite|20\/100\n|\n|-weather|RainDance|[upkeep]\n|upkeep\n|turn|14\n|inactive|MLT8Z2 Rinda has 90 seconds left.\n|\n|t:|1652390584\n|move|p2a: Dragonite|Dragon Claw|p1a: Pelipper\n|-damage|p1a: Pelipper|19\/100\n|move|p1a: Pelipper|Ice Beam|p2a: Dragonite\n|-supereffective|p2a: Dragonite\n|-damage|p2a: Dragonite|0 fnt\n|faint|p2a: Dragonite\n|\n|-weather|RainDance|[upkeep]\n|upkeep\n|\n|t:|1652390589\n|switch|p2a: Zapdos|Zapdos-Galar|100\/100\n|turn|15\n|\n|t:|1652390608\n|switch|p1a: Zapdos|Zapdos|31\/100\n|move|p2a: Zapdos|Brave Bird|p1a: Zapdos\n|-resisted|p1a: Zapdos\n|-damage|p1a: Zapdos|0 fnt\n|-status|p2a: Zapdos|par|[from] ability: Static|[of] p1a: Zapdos\n|faint|p1a: Zapdos\n|-damage|p2a: Zapdos|90\/100 par|[from] Recoil\n|\n|-weather|RainDance|[upkeep]\n|upkeep\n|\n|t:|1652390616\n|switch|p1a: Tornadus|Tornadus, M|100\/100\n|turn|16\n|\n|t:|1652390625\n|move|p1a: Tornadus|Hurricane|p2a: Zapdos\n|-supereffective|p2a: Zapdos\n|-damage|p2a: Zapdos|0 fnt\n|faint|p2a: Zapdos\n|-damage|p1a: Tornadus|91\/100|[from] item: Life Orb\n|\n|-weather|none\n|upkeep\n|\n|t:|1652390627\n|switch|p2a: Moltres|Moltres-Galar|100\/100\n|turn|17\n|j| Vodoom\n|\n|t:|1652390648\n|move|p1a: Tornadus|Rain Dance|p1a: Tornadus\n|-weather|RainDance\n|move|p2a: Moltres|Nasty Plot|p2a: Moltres\n|-boost|p2a: Moltres|spa|2\n|\n|-weather|RainDance|[upkeep]\n|upkeep\n|turn|18\n|\n|t:|1652390661\n|move|p1a: Tornadus|Hurricane|p2a: Moltres\n|-damage|p2a: Moltres|53\/100\n|-start|p2a: Moltres|confusion\n|-damage|p1a: Tornadus|81\/100|[from] item: Life Orb\n|-activate|p2a: Moltres|confusion\n|move|p2a: Moltres|Fiery Wrath|p1a: Tornadus\n|-damage|p1a: Tornadus|0 fnt\n|faint|p1a: Tornadus\n|\n|-weather|RainDance|[upkeep]\n|upkeep\n|\n|t:|1652390670\n|switch|p1a: Mantine|Mantine, M|100\/100\n|turn|19\n|\n|t:|1652390680\n|move|p1a: Mantine|Ice Beam|p2a: Moltres\n|-supereffective|p2a: Moltres\n|-damage|p2a: Moltres|4\/100\n|-ability|p2a: Moltres|Berserk|boost\n|-boost|p2a: Moltres|spa|1\n|-activate|p2a: Moltres|confusion\n|move|p2a: Moltres|Fiery Wrath|p1a: Mantine\n|-damage|p1a: Mantine|29\/100\n|\n|-weather|RainDance|[upkeep]\n|upkeep\n|turn|20\n|\n|t:|1652390694\n|move|p1a: Mantine|Ice Beam|p2a: Moltres\n|-supereffective|p2a: Moltres\n|-damage|p2a: Moltres|0 fnt\n|faint|p2a: Moltres\n|\n|-weather|RainDance|[upkeep]\n|upkeep\n|\n|t:|1652390696\n|switch|p2a: Landorus|Landorus-Therian, M|100\/100\n|-ability|p2a: Landorus|Intimidate|boost\n|-unboost|p1a: Mantine|atk|1\n|turn|21\n|\n|t:|1652390701\n|move|p1a: Mantine|Ice Beam|p2a: Landorus\n|-supereffective|p2a: Landorus\n|-damage|p2a: Landorus|0 fnt\n|faint|p2a: Landorus\n|\n|win|Redemption\n|raw|Redemption's rating: 1601 &rarr; <strong>1627<\/strong><br \/>(+26 for winning)\n|raw|MLT8Z2 Rinda's rating: 1714 &rarr; <strong>1688<\/strong><br \/>(-26 for losing)\n|l| Vodoom\n|l| cielau origine \u266b\n||Ladder isn't responding, score probably updated but might not have (Request timeout).\n|l|\u2606Redemption\n|l| MLT8Z2 Showl\n|j| Dieu Amphibien\n","uploadtime":1652391119,"views":76,"p1id":"redemption","p2id":"mlt8z2rinda","formatid":"gen8monotype","rating":1627,"private":0,"password":null}