{"id":"gen8ou-1667002981","p1":"RggV_YT","p2":"yhvgc","format":"gen8ou","log":"|j|\u2606RggV_YT\n|j|\u2606yhvgc\n|t:|1663467911\n|gametype|singles\n|player|p1|RggV_YT|scientist-gen4|1869\n|player|p2|yhvgc|dawn-gen4pt|1724\n|teamsize|p1|6\n|teamsize|p2|6\n|gen|8\n|tier|[Gen 8] OU\n|rated|\n|rule|Sleep Clause Mod: Limit one foe put to sleep\n|rule|Species Clause: Limit one of each Pok\u00e9mon\n|rule|OHKO Clause: OHKO moves are banned\n|rule|Evasion Items Clause: Evasion items are banned\n|rule|Evasion Moves Clause: Evasion moves are banned\n|rule|Endless Battle Clause: Forcing endless battles is banned\n|rule|HP Percentage Mod: HP is shown in percentages\n|rule|Dynamax Clause: You cannot dynamax\n|clearpoke\n|poke|p1|Sudowoodo, F|\n|poke|p1|Slowbro, M|\n|poke|p1|Hatterene, F|\n|poke|p1|Porygon2|\n|poke|p1|Snorlax, M|\n|poke|p1|Marowak-Alola, M|\n|poke|p2|Rillaboom, F|\n|poke|p2|Dragonite, F|\n|poke|p2|Weavile, M|\n|poke|p2|Heatran, M|\n|poke|p2|Nidoking, M|\n|poke|p2|Crawdaunt, F|\n|teampreview\n|inactive|Battle timer is ON: inactive players will automatically lose when time's up. (requested by yhvgc)\n|inactive|RggV_YT also wants the timer to be on.\n|inactive|yhvgc has 120 seconds left.\n|\n|t:|1663467953\n|start\n|switch|p1a: Hatterene|Hatterene, F|100\/100\n|switch|p2a: Heatran|Heatran, M|100\/100\n|-item|p2a: Heatran|Air Balloon\n|turn|1\n|inactive|RggV_YT has 120 seconds left.\n|\n|t:|1663467986\n|move|p2a: Heatran|Magma Storm|p1a: Hatterene|[miss]\n|-miss|p2a: Heatran|p1a: Hatterene\n|move|p1a: Hatterene|Trick Room|p1a: Hatterene\n|-fieldstart|move: Trick Room|[of] p1a: Hatterene\n|\n|upkeep\n|turn|2\n|\n|t:|1663467991\n|switch|p1a: Snorlax|Snorlax, M|100\/100\n|move|p2a: Heatran|Magma Storm|p1a: Snorlax\n|-damage|p1a: Snorlax|89\/100\n|-activate|p1a: Snorlax|move: Magma Storm|[of] p2a: Heatran\n|\n|-damage|p1a: Snorlax|77\/100|[from] move: Magma Storm|[partiallytrapped]\n|upkeep\n|turn|3\n|\n|t:|1663467996\n|move|p1a: Snorlax|Body Slam|p2a: Heatran\n|-resisted|p2a: Heatran\n|-damage|p2a: Heatran|85\/100\n|-enditem|p2a: Heatran|Air Balloon\n|move|p2a: Heatran|Taunt|p1a: Snorlax\n|-start|p1a: Snorlax|move: Taunt\n|\n|-damage|p1a: Snorlax|64\/100|[from] move: Magma Storm|[partiallytrapped]\n|upkeep\n|turn|4\n|\n|t:|1663468003\n|move|p1a: Snorlax|Earthquake|p2a: Heatran\n|-supereffective|p2a: Heatran\n|-damage|p2a: Heatran|0 fnt\n|faint|p2a: Heatran\n|\n|-end|p1a: Snorlax|Magma Storm|[partiallytrapped]|[silent]\n|upkeep\n|\n|t:|1663468013\n|switch|p2a: Crawdaunt|Crawdaunt, F|100\/100\n|turn|5\n|\n|t:|1663468019\n|move|p1a: Snorlax|Body Slam|p2a: Crawdaunt\n|-damage|p2a: Crawdaunt|37\/100\n|move|p2a: Crawdaunt|Swords Dance|p2a: Crawdaunt\n|-boost|p2a: Crawdaunt|atk|2\n|\n|-fieldend|move: Trick Room\n|upkeep\n|turn|6\n|\n|t:|1663468027\n|move|p2a: Crawdaunt|Knock Off|p1a: Snorlax\n|-damage|p1a: Snorlax|0 fnt\n|-enditem|p1a: Snorlax|Custap Berry|[from] move: Knock Off|[of] p2a: Crawdaunt\n|faint|p1a: Snorlax\n|\n|upkeep\n|\n|t:|1663468029\n|switch|p1a: Hatterene|Hatterene, F|100\/100\n|turn|7\n|\n|t:|1663468033\n|move|p2a: Crawdaunt|Knock Off|p1a: Hatterene\n|-enditem|p1a: Hatterene|Focus Sash\n|-damage|p1a: Hatterene|1\/100\n|move|p1a: Hatterene|Trick Room|p1a: Hatterene\n|-fieldstart|move: Trick Room|[of] p1a: Hatterene\n|\n|upkeep\n|turn|8\n|\n|t:|1663468037\n|move|p2a: Crawdaunt|Aqua Jet|p1a: Hatterene\n|-damage|p1a: Hatterene|0 fnt\n|faint|p1a: Hatterene\n|\n|upkeep\n|\n|t:|1663468039\n|switch|p1a: Slowbro|Slowbro, M|100\/100\n|turn|9\n|\n|t:|1663468050\n|move|p1a: Slowbro|Body Press|p2a: Crawdaunt\n|-supereffective|p2a: Crawdaunt\n|-damage|p2a: Crawdaunt|0 fnt\n|faint|p2a: Crawdaunt\n|\n|upkeep\n|\n|t:|1663468056\n|switch|p2a: Rillaboom|Rillaboom, F|100\/100\n|-fieldstart|move: Grassy Terrain|[from] ability: Grassy Surge|[of] p2a: Rillaboom\n|turn|10\n|\n|t:|1663468059\n|move|p2a: Rillaboom|Grassy Glide|p1a: Slowbro\n|-supereffective|p1a: Slowbro\n|-crit|p1a: Slowbro\n|-damage|p1a: Slowbro|0 fnt\n|-damage|p2a: Rillaboom|84\/100|[from] item: Rocky Helmet|[of] p1a: Slowbro\n|faint|p1a: Slowbro\n|-damage|p2a: Rillaboom|74\/100|[from] item: Life Orb\n|\n|-heal|p2a: Rillaboom|80\/100|[from] Grassy Terrain\n|upkeep\n|c|\u2606yhvgc|mb\n|\n|t:|1663468066\n|switch|p1a: Marowak|Marowak-Alola, M|100\/100\n|turn|11\n|\n|t:|1663468074\n|switch|p2a: Dragonite|Dragonite, F|100\/100\n|move|p1a: Marowak|Poltergeist|p2a: Dragonite\n|-activate|p2a: Dragonite|move: Poltergeist|Heavy-Duty Boots\n|-damage|p2a: Dragonite|53\/100\n|\n|-fieldend|move: Trick Room\n|upkeep\n|turn|12\n|\n|t:|1663468078\n|move|p2a: Dragonite|Dragon Dance|p2a: Dragonite\n|-boost|p2a: Dragonite|atk|1\n|-boost|p2a: Dragonite|spe|1\n|move|p1a: Marowak|Poltergeist|p2a: Dragonite\n|-activate|p2a: Dragonite|move: Poltergeist|Heavy-Duty Boots\n|-crit|p2a: Dragonite\n|-damage|p2a: Dragonite|0 fnt\n|faint|p2a: Dragonite\n|\n|upkeep\n|\n|t:|1663468082\n|switch|p2a: Weavile|Weavile, M|100\/100\n|-ability|p2a: Weavile|Pressure\n|turn|13\n|\n|t:|1663468086\n|switch|p1a: Porygon2|Porygon2|100\/100\n|-ability|p1a: Porygon2|Pressure|[from] ability: Trace|[of] p2a: Weavile\n|-ability|p1a: Porygon2|Pressure\n|move|p2a: Weavile|Knock Off|p1a: Porygon2\n|-damage|p1a: Porygon2|70\/100\n|-enditem|p1a: Porygon2|Eviolite|[from] move: Knock Off|[of] p2a: Weavile\n|\n|-heal|p1a: Porygon2|76\/100|[from] Grassy Terrain\n|upkeep\n|turn|14\n|\n|t:|1663468089\n|move|p2a: Weavile|Triple Axel|p1a: Porygon2\n|-crit|p1a: Porygon2\n|-damage|p1a: Porygon2|62\/100\n|-damage|p1a: Porygon2|41\/100\n|-damage|p1a: Porygon2|15\/100\n|-hitcount|p1a: Porygon2|3\n|move|p1a: Porygon2|Trick Room|p1a: Porygon2\n|-fieldstart|move: Trick Room|[of] p1a: Porygon2\n|\n|-heal|p1a: Porygon2|21\/100|[from] Grassy Terrain\n|-fieldend|move: Grassy Terrain\n|upkeep\n|turn|15\n|\n|t:|1663468102\n|move|p2a: Weavile|Triple Axel|p1a: Porygon2\n|-damage|p1a: Porygon2|11\/100\n|-damage|p1a: Porygon2|0 fnt\n|faint|p1a: Porygon2\n|-hitcount|p1: Porygon2|2\n|\n|upkeep\n|\n|t:|1663468103\n|switch|p1a: Marowak|Marowak-Alola, M|100\/100\n|turn|16\n|\n|t:|1663468108\n|switch|p2a: Nidoking|Nidoking, M|100\/100\n|move|p1a: Marowak|Flare Blitz|p2a: Nidoking\n|-damage|p2a: Nidoking|0 fnt\n|faint|p2a: Nidoking\n|-damage|p1a: Marowak|70\/100|[from] Recoil\n|\n|upkeep\n|\n|t:|1663468114\n|switch|p2a: Weavile|Weavile, M|100\/100\n|-ability|p2a: Weavile|Pressure\n|turn|17\n|inactive|RggV_YT has 120 seconds left.\n|inactive|RggV_YT has 90 seconds left.\n|\n|t:|1663468196\n|move|p2a: Weavile|Ice Shard|p1a: Marowak\n|-resisted|p1a: Marowak\n|-damage|p1a: Marowak|61\/100\n|move|p1a: Marowak|Flare Blitz|p2a: Weavile\n|-supereffective|p2a: Weavile\n|-damage|p2a: Weavile|0 fnt\n|faint|p2a: Weavile\n|-damage|p1a: Marowak|32\/100|[from] Recoil\n|\n|upkeep\n|\n|t:|1663468202\n|switch|p2a: Rillaboom|Rillaboom, F|80\/100\n|-fieldstart|move: Grassy Terrain|[from] ability: Grassy Surge|[of] p2a: Rillaboom\n|turn|18\n|\n|t:|1663468204\n|move|p2a: Rillaboom|Grassy Glide|p1a: Marowak\n|-resisted|p1a: Marowak\n|-damage|p1a: Marowak|0 fnt\n|faint|p1a: Marowak\n|-damage|p2a: Rillaboom|70\/100|[from] item: Life Orb\n|\n|-heal|p2a: Rillaboom|76\/100|[from] Grassy Terrain\n|-fieldend|move: Trick Room\n|upkeep\n|\n|t:|1663468206\n|switch|p1a: Sudowoodo|Sudowoodo, F|100\/100\n|turn|19\n|\n|t:|1663468216\n|move|p2a: Rillaboom|Grassy Glide|p1a: Sudowoodo\n|-supereffective|p1a: Sudowoodo\n|-damage|p1a: Sudowoodo|0 fnt\n|faint|p1a: Sudowoodo\n|-damage|p2a: Rillaboom|66\/100|[from] item: Life Orb\n|\n|win|yhvgc\n|raw|RggV_YT's rating: 1869 &rarr; <strong>1841<\/strong><br \/>(-28 for losing)\n|raw|yhvgc's rating: 1724 &rarr; <strong>1752<\/strong><br \/>(+28 for winning)\n|l|\u2606RggV_YT\n","uploadtime":1663468223,"views":41,"p1id":"rggvyt","p2id":"yhvgc","formatid":"gen8ou","rating":1752,"private":0,"password":null}