{"id":"gen8nationaldex-1454010130","p1":"theodoreJkaczynski","p2":"Hikari-miyako","format":"gen8nationaldex","log":"|j|\u2606theodoreJkaczynski\n|j|\u2606Hikari-miyako\n|t:|1636753718\n|gametype|singles\n|player|p1|theodoreJkaczynski|unknown|1744\n|player|p2|Hikari-miyako|ariana|1741\n|teamsize|p1|6\n|teamsize|p2|6\n|gen|8\n|tier|[Gen 8] National Dex\n|rated|\n|rule|HP Percentage Mod: HP is shown in percentages\n|rule|Endless Battle Clause: Forcing endless battles is banned\n|rule|OHKO Clause: OHKO moves are banned\n|rule|Evasion Moves Clause: Evasion moves are banned\n|rule|Species Clause: Limit one of each Pok\u00e9mon\n|rule|Dynamax Clause: You cannot dynamax\n|rule|Sleep Clause Mod: Limit one foe put to sleep\n|clearpoke\n|poke|p1|Magnezone|\n|poke|p1|Scizor, F|\n|poke|p1|Dragonite, M|\n|poke|p1|Kommo-o, F|\n|poke|p1|Garchomp, F|\n|poke|p1|Kyurem|\n|poke|p2|Aegislash, M|\n|poke|p2|Diancie|\n|poke|p2|Thundurus, M|\n|poke|p2|Greninja, M|\n|poke|p2|Bisharp, F|\n|poke|p2|Serperior, F|\n|teampreview\n|c|\u2606theodoreJkaczynski|hf\n|j| El inutil2\n|c|\u2606Hikari-miyako|you too\n|\n|t:|1636753728\n|start\n|switch|p1a: Dragonite|Dragonite, M|100\/100\n|switch|p2a: Bisharp|Bisharp, F|100\/100\n|turn|1\n|inactive|Battle timer is ON: inactive players will automatically lose when time's up. (requested by Hikari-miyako)\n|\n|t:|1636753732\n|move|p1a: Dragonite|Earthquake|p2a: Bisharp\n|-supereffective|p2a: Bisharp\n|-damage|p2a: Bisharp|26\/100\n|move|p2a: Bisharp|Iron Head|p1a: Dragonite\n|-damage|p1a: Dragonite|75\/100\n|\n|upkeep\n|turn|2\n|\n|t:|1636753740\n|switch|p2a: Aegislash|Aegislash, M|100\/100\n|move|p1a: Dragonite|Earthquake|p2a: Aegislash\n|-supereffective|p2a: Aegislash\n|-damage|p2a: Aegislash|43\/100\n|-enditem|p2a: Aegislash|Weakness Policy\n|-boost|p2a: Aegislash|atk|2|[from] item: Weakness Policy\n|-boost|p2a: Aegislash|spa|2|[from] item: Weakness Policy\n|\n|upkeep\n|turn|3\n|\n|t:|1636753748\n|-formechange|p2a: Aegislash|Aegislash-Blade||[from] ability: Stance Change\n|move|p2a: Aegislash|Shadow Sneak|p1a: Dragonite\n|-damage|p1a: Dragonite|37\/100\n|move|p1a: Dragonite|Earthquake|p2a: Aegislash\n|-supereffective|p2a: Aegislash\n|-damage|p2a: Aegislash|0 fnt\n|faint|p2a: Aegislash\n|\n|upkeep\n|\n|t:|1636753750\n|switch|p2a: Diancie|Diancie|100\/100\n|turn|4\n|\n|t:|1636753757\n|detailschange|p2a: Diancie|Diancie-Mega\n|-mega|p2a: Diancie|Diancie|Diancite\n|move|p1a: Dragonite|Extreme Speed|p2a: Diancie\n|-resisted|p2a: Diancie\n|-damage|p2a: Diancie|76\/100\n|move|p2a: Diancie|Diamond Storm|p1a: Dragonite\n|-supereffective|p1a: Dragonite\n|-damage|p1a: Dragonite|0 fnt\n|faint|p1a: Dragonite\n|\n|upkeep\n|\n|t:|1636753762\n|switch|p1a: Kyurem|Kyurem|100\/100\n|-ability|p1a: Kyurem|Pressure\n|turn|5\n|\n|t:|1636753767\n|switch|p2a: Thundurus|Thundurus, M|100\/100\n|move|p1a: Kyurem|Earth Power|p2a: Thundurus\n|-immune|p2a: Thundurus\n|\n|upkeep\n|turn|6\n|\n|t:|1636753772\n|switch|p1a: Kommo-o|Kommo-o, F|100\/100\n|move|p2a: Thundurus|Thunderbolt|p1a: Kommo-o\n|-resisted|p1a: Kommo-o\n|-damage|p1a: Kommo-o|67\/100\n|-damage|p2a: Thundurus|91\/100|[from] item: Life Orb\n|\n|upkeep\n|turn|7\n|\n|t:|1636753793\n|move|p2a: Thundurus|Thunder Wave|p1a: Kommo-o\n|-status|p1a: Kommo-o|par\n|move|p1a: Kommo-o|Close Combat|p2a: Thundurus\n|-resisted|p2a: Thundurus\n|-damage|p2a: Thundurus|50\/100\n|-unboost|p1a: Kommo-o|def|1\n|-unboost|p1a: Kommo-o|spd|1\n|\n|upkeep\n|turn|8\n|j| bjhvmiu\n|\n|t:|1636753797\n|switch|p2a: Serperior|Serperior, F|100\/100\n|move|p1a: Kommo-o|Poison Jab|p2a: Serperior\n|-supereffective|p2a: Serperior\n|-damage|p2a: Serperior|39\/100\n|-status|p2a: Serperior|psn\n|\n|-damage|p2a: Serperior|26\/100 psn|[from] psn\n|upkeep\n|turn|9\n|\n|t:|1636753802\n|move|p2a: Serperior|Leaf Storm|p1a: Kommo-o\n|-resisted|p1a: Kommo-o\n|-damage|p1a: Kommo-o|23\/100 par\n|-boost|p2a: Serperior|spa|2\n|cant|p1a: Kommo-o|par\n|\n|-damage|p2a: Serperior|14\/100 psn|[from] psn\n|upkeep\n|turn|10\n|\n|t:|1636753822\n|move|p2a: Serperior|Leaf Storm|p1a: Kommo-o\n|-resisted|p1a: Kommo-o\n|-damage|p1a: Kommo-o|0 fnt\n|-boost|p2a: Serperior|spa|2\n|faint|p1a: Kommo-o\n|\n|-damage|p2a: Serperior|2\/100 psn|[from] psn\n|upkeep\n|\n|t:|1636753833\n|switch|p1a: Scizor|Scizor, F|100\/100\n|turn|11\n|\n|t:|1636753835\n|detailschange|p1a: Scizor|Scizor-Mega, F\n|-mega|p1a: Scizor|Scizor|Scizorite\n|move|p1a: Scizor|Bullet Punch|p2a: Serperior\n|-damage|p2a: Serperior|0 fnt\n|faint|p2a: Serperior\n|\n|upkeep\n|\n|t:|1636753838\n|switch|p2a: Thundurus|Thundurus, M|50\/100\n|turn|12\n|l| El inutil2\n|\n|t:|1636753868\n|switch|p1a: Magnezone|Magnezone|100\/100\n|move|p2a: Thundurus|Thunderbolt|p1a: Magnezone\n|-resisted|p1a: Magnezone\n|-damage|p1a: Magnezone|65\/100\n|-damage|p2a: Thundurus|40\/100|[from] item: Life Orb\n|\n|upkeep\n|turn|13\n|\n|t:|1636753873\n|move|p2a: Thundurus|Thunderbolt|p1a: Magnezone\n|-resisted|p1a: Magnezone\n|-damage|p1a: Magnezone|25\/100\n|-damage|p2a: Thundurus|30\/100|[from] item: Life Orb\n|move|p1a: Magnezone|Volt Switch|p2a: Thundurus\n|-damage|p2a: Thundurus|0 fnt\n|faint|p2a: Thundurus\n|j| sille rovert\n|\n|t:|1636753883\n|switch|p1a: Kyurem|Kyurem|100\/100|[from]move: Volt Switch\n|-ability|p1a: Kyurem|Pressure\n|\n|upkeep\n|\n|t:|1636753887\n|switch|p2a: Bisharp|Bisharp, F|26\/100\n|turn|14\n|\n|t:|1636753905\n|move|p2a: Bisharp|Sucker Punch|p1a: Kyurem\n|-damage|p1a: Kyurem|61\/100\n|move|p1a: Kyurem|Earth Power|p2a: Bisharp\n|-supereffective|p2a: Bisharp\n|-damage|p2a: Bisharp|0 fnt\n|faint|p2a: Bisharp\n|\n|upkeep\n|\n|t:|1636753908\n|switch|p2a: Greninja|Greninja, M|100\/100\n|turn|15\n|\n|t:|1636753916\n|switch|p1a: Magnezone|Magnezone|25\/100\n|move|p2a: Greninja|Dark Pulse|p1a: Magnezone\n|-damage|p1a: Magnezone|0 fnt\n|faint|p1a: Magnezone\n|-activate|p2a: Greninja|ability: Battle Bond\n|detailschange|p2a: Greninja|Greninja-Ash, M\n|\n|upkeep\n|\n|t:|1636753921\n|switch|p1a: Scizor|Scizor-Mega, F|100\/100\n|turn|16\n|\n|t:|1636753923\n|move|p2a: Greninja|Dark Pulse|p1a: Scizor\n|-damage|p1a: Scizor|40\/100\n|move|p1a: Scizor|U-turn|p2a: Greninja\n|-supereffective|p2a: Greninja\n|-damage|p2a: Greninja|0 fnt\n|faint|p2a: Greninja\n|\n|t:|1636753927\n|switch|p1a: Kyurem|Kyurem|61\/100|[from]move: U-turn\n|-ability|p1a: Kyurem|Pressure\n|\n|upkeep\n|-message|Hikari-miyako forfeited.\n|\n|win|theodoreJkaczynski\n|raw|theodoreJkaczynski's rating: 1744 &rarr; <strong>1764<\/strong><br \/>(+20 for winning)\n|raw|Hikari-miyako's rating: 1741 &rarr; <strong>1721<\/strong><br \/>(-20 for losing)\n|l|\u2606Hikari-miyako\n|l|\u2606theodoreJkaczynski\n","uploadtime":1636753938,"views":27,"p1id":"theodorejkaczynski","p2id":"hikarimiyako","formatid":"gen8nationaldex","rating":1721,"private":0,"password":null}