{"id":"gen8doublesou-1571022084","p1":"xSkelly34","p2":"sowshinn","format":"gen8doublesou","log":"|j|\u2606xSkelly34\n|j|\u2606sowshinn\n|inactive|Battle timer is ON: inactive players will automatically lose when time's up.\n|t:|1652109284\n|gametype|doubles\n|player|p1|xSkelly34|bugsy|\n|player|p2|sowshinn|2|\n|teamsize|p1|6\n|teamsize|p2|6\n|gen|8\n|tier|[Gen 8] Doubles OU\n|rated|Tournament battle\n|rule|Species Clause: Limit one of each Pok\u00e9mon\n|rule|OHKO Clause: OHKO moves are banned\n|rule|Evasion Moves Clause: Evasion moves are banned\n|rule|Gravity Sleep Clause: The combination of sleep-inducing moves with imperfect accuracy and Gravity or Gigantamax Orbeetle are banned\n|rule|Endless Battle Clause: Forcing endless battles is banned\n|rule|HP Percentage Mod: HP is shown in percentages\n|rule|Dynamax Clause: You cannot dynamax\n|rule|Swagger Clause: Swagger is banned\n|clearpoke\n|poke|p1|Zapdos-Galar|\n|poke|p1|Zygarde|\n|poke|p1|Mew|\n|poke|p1|Tsareena, F|\n|poke|p1|Tapu Fini|\n|poke|p1|Genesect|\n|poke|p2|Exeggutor, M|\n|poke|p2|Regigigas|\n|poke|p2|Weezing-Galar, F|\n|poke|p2|Genesect|\n|poke|p2|Indeedee-F, F|\n|poke|p2|Hitmontop, M|\n|teampreview\n|j|*Lady Monita \u273f\n|j| BB-8-NU\n|j| Terror Fang\u30c4\n|j| Dddddsf\n|j| SeenThroughCracks\n|j|@daki\n|l| Dddddsf\n|j| Taco Bell Cook\n|l| SeenThroughCracks\n|j| vndsivh\n|c|\u2606sowshinn|glhf\n|j| Dumb Dude\n|\n|t:|1652109311\n|start\n|switch|p1a: Zygarde|Zygarde|100\/100\n|switch|p1b: Genesect|Genesect|100\/100\n|switch|p2a: Exeggutor|Exeggutor, M|100\/100\n|switch|p2b: Indeedee|Indeedee-F, F|100\/100\n|-ability|p1b: Genesect|Download|boost\n|-boost|p1b: Genesect|atk|1\n|-ability|p1a: Zygarde|Aura Break\n|-fieldstart|move: Psychic Terrain|[from] ability: Psychic Surge|[of] p2b: Indeedee\n|turn|1\n|j| ghdorah\n|j| SeenThroughCracks\n|\n|t:|1652109325\n|move|p2b: Indeedee|Follow Me|p2b: Indeedee\n|-singleturn|p2b: Indeedee|move: Follow Me\n|move|p1b: Genesect|U-turn|p2b: Indeedee\n|-supereffective|p2b: Indeedee\n|-damage|p2b: Indeedee|0 fnt\n|faint|p2b: Indeedee\n|l| ghdorah\n|l| SeenThroughCracks\n|j| JeviJevi\n|j| meap123\n|\n|t:|1652109332\n|switch|p1b: Tsareena|Tsareena, F|100\/100|[from]move: U-turn\n|move|p1a: Zygarde|Thousand Arrows|p2a: Exeggutor\n|-resisted|p2a: Exeggutor\n|-damage|p2a: Exeggutor|78\/100\n|move|p2a: Exeggutor|Trick Room|p2a: Exeggutor\n|-fieldstart|move: Trick Room|[of] p2a: Exeggutor\n|\n|-heal|p2a: Exeggutor|84\/100|[from] item: Leftovers\n|upkeep\n|l| JeviJevi\n|\n|t:|1652109347\n|switch|p2b: Regigigas|Regigigas|100\/100\n|-start|p2b: Regigigas|ability: Slow Start\n|turn|2\n|\n|t:|1652109363\n|move|p2b: Regigigas|Power-Up Punch|p1b: Tsareena\n|-damage|p1b: Tsareena|91\/100\n|-boost|p2b: Regigigas|atk|1\n|move|p2a: Exeggutor|Skill Swap|p2b: Regigigas\n|-activate|p2a: Exeggutor|move: Skill Swap|||[of] p2b: Regigigas\n|-end|p2b: Regigigas|Slow Start|[silent]\n|-start|p2a: Exeggutor|ability: Slow Start\n|move|p1b: Tsareena|U-turn|p2a: Exeggutor\n|-supereffective|p2a: Exeggutor\n|-damage|p2a: Exeggutor|21\/100\n|j| Rodion rr\n|\n|t:|1652109378\n|switch|p1b: Mew|Mew|100\/100|[from]move: U-turn\n|move|p1a: Zygarde|Thousand Arrows|p2b: Regigigas|[spread] p2a,p2b\n|-resisted|p2a: Exeggutor\n|-damage|p2a: Exeggutor|3\/100\n|-damage|p2b: Regigigas|63\/100\n|\n|-heal|p2a: Exeggutor|9\/100|[from] item: Leftovers\n|upkeep\n|turn|3\n|\n|t:|1652109404\n|switch|p1a: Tapu Fini|Tapu Fini|100\/100\n|-fieldstart|move: Misty Terrain|[from] ability: Misty Surge|[of] p1a: Tapu Fini\n|move|p1b: Mew|Fake Out|p2b: Regigigas\n|-damage|p2b: Regigigas|57\/100\n|move|p2a: Exeggutor|Skill Swap|p1a: Tapu Fini\n|-activate|p2a: Exeggutor|move: Skill Swap|Misty Surge|Slow Start|[of] p1a: Tapu Fini\n|-end|p2a: Exeggutor|Slow Start|[silent]\n|-start|p1a: Tapu Fini|ability: Slow Start\n|cant|p2b: Regigigas|flinch\n|\n|-heal|p2a: Exeggutor|15\/100|[from] item: Leftovers\n|upkeep\n|turn|4\n|j| Royal Cinccino\n|\n|t:|1652109433\n|move|p1a: Tapu Fini|Moonblast|p2b: Regigigas\n|-damage|p2b: Regigigas|25\/100\n|-enditem|p2b: Regigigas|Sitrus Berry|[eat]\n|-heal|p2b: Regigigas|49\/100|[from] item: Sitrus Berry\n|move|p2a: Exeggutor|Giga Drain|p1a: Tapu Fini\n|-supereffective|p1a: Tapu Fini\n|-damage|p1a: Tapu Fini|53\/100\n|-heal|p2a: Exeggutor|36\/100|[from] drain|[of] p1a: Tapu Fini\n|move|p2b: Regigigas|Darkest Lariat|p1b: Mew\n|-supereffective|p1b: Mew\n|-damage|p1b: Mew|0 fnt\n|faint|p1b: Mew\n|\n|-heal|p1a: Tapu Fini|60\/100|[from] item: Leftovers\n|-heal|p2a: Exeggutor|42\/100|[from] item: Leftovers\n|upkeep\n|inactive|xSkelly34 has 120 seconds left.\n|\n|t:|1652109446\n|switch|p1b: Tsareena|Tsareena, F|91\/100\n|turn|5\n|j| bobasaur05\n|l| bobasaur05\n|j| SeenThroughCracks\n|inactive|sowshinn has 120 seconds left.\n|l| SeenThroughCracks\n|\n|t:|1652109481\n|move|p1a: Tapu Fini|Protect|p1a: Tapu Fini\n|-singleturn|p1a: Tapu Fini|Protect\n|move|p2a: Exeggutor|Giga Drain|p1a: Tapu Fini\n|-activate|p1a: Tapu Fini|move: Protect\n|move|p1b: Tsareena|U-turn|p2a: Exeggutor\n|-supereffective|p2a: Exeggutor\n|-crit|p2a: Exeggutor\n|-damage|p2a: Exeggutor|0 fnt\n|faint|p2a: Exeggutor\n|\n|t:|1652109494\n|switch|p1b: Genesect|Genesect|100\/100|[from]move: U-turn\n|-ability|p1b: Genesect|Download|boost\n|-boost|p1b: Genesect|atk|1\n|move|p2b: Regigigas|Facade|p1b: Genesect\n|-resisted|p1b: Genesect\n|-damage|p1b: Genesect|55\/100\n|\n|-heal|p1a: Tapu Fini|66\/100|[from] item: Leftovers\n|-fieldend|move: Trick Room\n|upkeep\n|j| envi kevin\n|inactive|sowshinn has 120 seconds left.\n|\n|t:|1652109504\n|switch|p2a: Hitmontop|Hitmontop, M|100\/100\n|-ability|p2a: Hitmontop|Intimidate|boost\n|-unboost|p1a: Tapu Fini|atk|1\n|-unboost|p1b: Genesect|atk|1\n|turn|6\n|\n|t:|1652109515\n|-end|p1a: Tapu Fini|Slow Start|[silent]\n|switch|p1a: Tsareena|Tsareena, F|91\/100\n|move|p2a: Hitmontop|Fake Out||[still]\n|cant|p1a: Tsareena|ability: Queenly Majesty|Fake Out|[of] p2a: Hitmontop\n|move|p1b: Genesect|Iron Head|p2b: Regigigas\n|-damage|p2b: Regigigas|19\/100\n|cant|p2b: Regigigas|flinch\n|\n|-item|p2b: Regigigas|Sitrus Berry|[from] ability: Harvest\n|upkeep\n|-enditem|p2b: Regigigas|Sitrus Berry|[eat]\n|-heal|p2b: Regigigas|44\/100|[from] item: Sitrus Berry\n|turn|7\n|j| SeenThroughCracks\n|\n|t:|1652109537\n|move|p1b: Genesect|Iron Head|p2b: Regigigas\n|-damage|p2b: Regigigas|14\/100\n|move|p2b: Regigigas|Facade|p1a: Tsareena\n|-damage|p1a: Tsareena|18\/100\n|move|p1a: Tsareena|Power Whip|p2b: Regigigas\n|-damage|p2b: Regigigas|0 fnt\n|faint|p2b: Regigigas\n|move|p2a: Hitmontop|Coaching|p2: Regigigas|[notarget]\n|-fail|p2a: Hitmontop\n|\n|-fieldend|Misty Terrain\n|upkeep\n|l| Taco Bell Cook\n|\n|t:|1652109549\n|switch|p2b: Genesect|Genesect, shiny|100\/100\n|-ability|p2b: Genesect|Download|boost\n|-boost|p2b: Genesect|atk|1\n|turn|8\n|\n|t:|1652109566\n|switch|p1b: Tapu Fini|Tapu Fini|66\/100\n|-fieldstart|move: Misty Terrain|[from] ability: Misty Surge|[of] p1b: Tapu Fini\n|move|p2b: Genesect|Shift Gear|p2b: Genesect\n|-boost|p2b: Genesect|spe|2\n|-boost|p2b: Genesect|atk|1\n|move|p1a: Tsareena|Taunt|p2a: Hitmontop\n|-start|p2a: Hitmontop|move: Taunt\n|cant|p2a: Hitmontop|move: Taunt|Coaching\n|\n|-heal|p1b: Tapu Fini|72\/100|[from] item: Leftovers\n|upkeep\n|turn|9\n|\n|t:|1652109588\n|switch|p2a: Weezing|Weezing-Galar, F|100\/100\n|-ability|p2a: Weezing|Neutralizing Gas\n|move|p2b: Genesect|Leech Life|p1b: Tapu Fini\n|-resisted|p1b: Tapu Fini\n|-damage|p1b: Tapu Fini|36\/100\n|move|p1a: Tsareena|U-turn|p2b: Genesect\n|-resisted|p2b: Genesect\n|-damage|p2b: Genesect|84\/100\n|\n|t:|1652109595\n|switch|p1a: Genesect|Genesect|55\/100|[from]move: U-turn\n|move|p1b: Tapu Fini|Muddy Water|p2b: Genesect|[spread] p2b\n|-miss|p1b: Tapu Fini|p2a: Weezing\n|-damage|p2b: Genesect|51\/100\n|-unboost|p2b: Genesect|accuracy|1\n|\n|-heal|p1b: Tapu Fini|42\/100|[from] item: Leftovers\n|upkeep\n|turn|10\n|\n|t:|1652109607\n|switch|p1b: Tsareena|Tsareena, F|18\/100\n|-end|p2a: Weezing|ability: Neutralizing Gas\n|-ability|p2b: Genesect|Download|boost\n|-boost|p2b: Genesect|atk|1\n|-ability|p1a: Genesect|Download|boost\n|-boost|p1a: Genesect|atk|1\n|switch|p2a: Hitmontop|Hitmontop, M|100\/100\n|-ability|p2a: Hitmontop|Intimidate|boost\n|-unboost|p1a: Genesect|atk|1\n|-unboost|p1b: Tsareena|atk|1\n|move|p2b: Genesect|Leech Life|p1b: Tsareena\n|-supereffective|p1b: Tsareena\n|-damage|p1b: Tsareena|0 fnt\n|-heal|p2b: Genesect|62\/100|[from] drain|[of] p1b: Tsareena\n|faint|p1b: Tsareena\n|move|p1a: Genesect|Flamethrower|p2b: Genesect\n|-supereffective|p2b: Genesect\n|-damage|p2b: Genesect|0 fnt\n|faint|p2b: Genesect\n|\n|upkeep\n|\n|t:|1652109629\n|switch|p2b: Weezing|Weezing-Galar, F|100\/100\n|switch|p1b: Tapu Fini|Tapu Fini|42\/100\n|-ability|p2b: Weezing|Neutralizing Gas\n|turn|11\n|\n|t:|1652109642\n|switch|p1a: Zapdos|Zapdos-Galar|100\/100\n|move|p2a: Hitmontop|Fake Out|p1b: Tapu Fini\n|-damage|p1b: Tapu Fini|35\/100\n|cant|p1b: Tapu Fini|flinch\n|move|p2b: Weezing|Strange Steam|p1b: Tapu Fini\n|-damage|p1b: Tapu Fini|14\/100\n|\n|-heal|p1b: Tapu Fini|21\/100|[from] item: Leftovers\n|upkeep\n|turn|12\n|l| SeenThroughCracks\n|\n|t:|1652109657\n|move|p1a: Zapdos|Brave Bird|p2a: Hitmontop\n|-supereffective|p2a: Hitmontop\n|-damage|p2a: Hitmontop|0 fnt\n|faint|p2a: Hitmontop\n|-damage|p1a: Zapdos|69\/100|[from] Recoil\n|move|p1b: Tapu Fini|Muddy Water|p2b: Weezing|[miss]\n|-miss|p1b: Tapu Fini|p2b: Weezing\n|move|p2b: Weezing|Strange Steam|p1a: Zapdos\n|-supereffective|p1a: Zapdos\n|-damage|p1a: Zapdos|3\/100\n|-enditem|p1a: Zapdos|Sitrus Berry|[eat]\n|-heal|p1a: Zapdos|28\/100|[from] item: Sitrus Berry\n|\n|-heal|p1b: Tapu Fini|27\/100|[from] item: Leftovers\n|-fieldend|Misty Terrain\n|upkeep\n|turn|13\n|l| Dumb Dude\n|\n|t:|1652109674\n|move|p1a: Zapdos|Brave Bird|p2b: Weezing\n|-damage|p2b: Weezing|48\/100\n|-damage|p1a: Zapdos|10\/100|[from] Recoil\n|move|p1b: Tapu Fini|Moonblast|p2b: Weezing\n|-resisted|p2b: Weezing\n|-damage|p2b: Weezing|31\/100\n|move|p2b: Weezing|Strange Steam|p1b: Tapu Fini\n|-damage|p1b: Tapu Fini|7\/100\n|\n|-heal|p1b: Tapu Fini|13\/100|[from] item: Leftovers\n|-heal|p2b: Weezing|37\/100|[from] item: Black Sludge\n|upkeep\n|turn|14\n|c|\u2606sowshinn|gg\n|c|\u2606xSkelly34|gg\n|\n|t:|1652109688\n|move|p1a: Zapdos|Brave Bird|p2b: Weezing\n|-damage|p2b: Weezing|0 fnt\n|faint|p2b: Weezing\n|-end|p2b: Weezing|ability: Neutralizing Gas\n|-fieldstart|move: Misty Terrain|[from] ability: Misty Surge|[of] p1b: Tapu Fini\n|-damage|p1a: Zapdos|0 fnt|[from] Recoil\n|faint|p1a: Zapdos\n|\n|win|xSkelly34\n|n|\u2606xSkelly34|xskelly34\n|n|\u2606sowshinn|sowshinn\n|n|*Lady Monita \u273f|ladymonita\n|n| BB-8-NU|bb8nu\n|n| Terror Fang\u30c4|terrorfang\n|n|+daki|daki\n|n| vndsivh|vndsivh\n|n| meap123|meap123\n|n| Rodion rr|rodionrr\n|n| Royal Cinccino|royalcinccino\n|n| envi kevin|envikevin\n","uploadtime":1652109689,"views":10,"p1id":"xskelly34","p2id":"sowshinn","formatid":"gen8doublesou","rating":0,"private":0,"password":null}