{"id":"gen8ou-1625432407","p1":"LaDoudou'sPatate","p2":"andrewm0n","format":"gen8ou","log":"|j|\u2606LaDoudou'sPatate\n|j|\u2606andrewm0n\n|t:|1658817366\n|gametype|singles\n|player|p1|LaDoudou'sPatate|265|1735\n|player|p2|andrewm0n|266|1724\n|teamsize|p1|6\n|teamsize|p2|6\n|gen|8\n|tier|[Gen 8] OU\n|rated|\n|rule|Sleep Clause Mod: Limit one foe put to sleep\n|rule|Species Clause: Limit one of each Pok\u00e9mon\n|rule|OHKO Clause: OHKO moves are banned\n|rule|Evasion Moves Clause: Evasion moves are banned\n|rule|Endless Battle Clause: Forcing endless battles is banned\n|rule|HP Percentage Mod: HP is shown in percentages\n|rule|Dynamax Clause: You cannot dynamax\n|clearpoke\n|poke|p1|Clefable, F|\n|poke|p1|Landorus-Therian, M|\n|poke|p1|Rillaboom, F|\n|poke|p1|Hawlucha, F|\n|poke|p1|Latias, F|\n|poke|p1|Melmetal|\n|poke|p2|Corviknight, M|\n|poke|p2|Clefable, M|\n|poke|p2|Seismitoad, M|\n|poke|p2|Slowbro-Galar, M|\n|poke|p2|Indeedee, M|\n|poke|p2|Blaziken, M|\n|teampreview\n|\n|t:|1658817381\n|start\n|switch|p1a: Rillaboom|Rillaboom, F|100\/100\n|switch|p2a: Slowbro|Slowbro-Galar, M|100\/100\n|-fieldstart|move: Grassy Terrain|[from] ability: Grassy Surge|[of] p1a: Rillaboom\n|turn|1\n|\n|t:|1658817389\n|switch|p2a: Corviknight|Corviknight, M|100\/100\n|move|p1a: Rillaboom|Knock Off|p2a: Corviknight\n|-damage|p2a: Corviknight|63\/100\n|-damage|p1a: Rillaboom|84\/100|[from] item: Rocky Helmet|[of] p2a: Corviknight\n|-enditem|p2a: Corviknight|Rocky Helmet|[from] move: Knock Off|[of] p1a: Rillaboom\n|\n|-heal|p1a: Rillaboom|90\/100|[from] Grassy Terrain\n|upkeep\n|turn|2\n|inactive|Battle timer is ON: inactive players will automatically lose when time's up. (requested by andrewm0n)\n|\n|t:|1658817401\n|switch|p1a: Landorus|Landorus-Therian, M|100\/100\n|-ability|p1a: Landorus|Intimidate|boost\n|-ability|p2a: Corviknight|Mirror Armor\n|-unboost|p1a: Landorus|atk|1\n|move|p2a: Corviknight|U-turn|p1a: Landorus\n|-resisted|p1a: Landorus\n|-damage|p1a: Landorus|93\/100\n|\n|t:|1658817409\n|switch|p2a: Seismitoad|Seismitoad, M|100\/100|[from]move: U-turn\n|\n|-heal|p1a: Landorus|99\/100|[from] item: Leftovers\n|upkeep\n|turn|3\n|j| bybvdn\n|\n|t:|1658817415\n|move|p1a: Landorus|Stealth Rock|p2a: Seismitoad\n|-sidestart|p2: andrewm0n|move: Stealth Rock\n|move|p2a: Seismitoad|Toxic|p1a: Landorus\n|-status|p1a: Landorus|tox\n|\n|-heal|p1a: Landorus|100\/100 tox|[from] item: Leftovers\n|-damage|p1a: Landorus|94\/100 tox|[from] psn\n|upkeep\n|turn|4\n|\n|t:|1658817425\n|move|p1a: Landorus|Swords Dance|p1a: Landorus\n|-boost|p1a: Landorus|atk|2\n|move|p2a: Seismitoad|Stealth Rock|p1a: Landorus\n|-sidestart|p1: LaDoudou'sPatate|move: Stealth Rock\n|\n|-heal|p1a: Landorus|100\/100 tox|[from] item: Leftovers\n|-damage|p1a: Landorus|88\/100 tox|[from] psn\n|upkeep\n|turn|5\n|\n|t:|1658817433\n|switch|p2a: Clefable|Clefable, M|100\/100\n|-damage|p2a: Clefable|88\/100|[from] Stealth Rock\n|move|p1a: Landorus|Explosion|p2a: Clefable\n|-damage|p2a: Clefable|23\/100\n|faint|p1a: Landorus\n|\n|-heal|p2a: Clefable|29\/100|[from] Grassy Terrain\n|-heal|p2a: Clefable|35\/100|[from] item: Leftovers\n|-fieldend|move: Grassy Terrain\n|upkeep\n|\n|t:|1658817455\n|switch|p1a: Clefable|Clefable, F|100\/100\n|turn|6\n|\n|t:|1658817458\n|move|p2a: Clefable|Protect|p2a: Clefable\n|-singleturn|p2a: Clefable|Protect\n|move|p1a: Clefable|Moonblast|p2a: Clefable\n|-activate|p2a: Clefable|move: Protect\n|\n|-heal|p2a: Clefable|41\/100|[from] item: Leftovers\n|upkeep\n|turn|7\n|j| Lost Temple\n|\n|t:|1658817467\n|move|p2a: Clefable|Wish|p2a: Clefable\n|move|p1a: Clefable|Moonblast|p2a: Clefable\n|-damage|p2a: Clefable|0 fnt\n|faint|p2a: Clefable\n|\n|upkeep\n|j| 50 at max\n|\n|t:|1658817475\n|switch|p2a: Corviknight|Corviknight, M|63\/100\n|-damage|p2a: Corviknight|50\/100|[from] Stealth Rock\n|turn|8\n|\n|t:|1658817480\n|move|p1a: Clefable|Flamethrower|p2a: Corviknight\n|-supereffective|p2a: Corviknight\n|-damage|p2a: Corviknight|0 fnt\n|faint|p2a: Corviknight\n|\n|upkeep\n|\n|t:|1658817484\n|switch|p2a: Slowbro|Slowbro-Galar, M|100\/100\n|-damage|p2a: Slowbro|88\/100|[from] Stealth Rock\n|turn|9\n|\n|t:|1658817494\n|switch|p1a: Melmetal|Melmetal|100\/100\n|-damage|p1a: Melmetal|94\/100|[from] Stealth Rock\n|move|p2a: Slowbro|Shell Side Arm|p1a: Melmetal|[anim] Shell Side Arm Special\n|-immune|p1a: Melmetal\n|\n|upkeep\n|turn|10\n|\n|t:|1658817502\n|switch|p2a: Seismitoad|Seismitoad, M|100\/100\n|-damage|p2a: Seismitoad|94\/100|[from] Stealth Rock\n|move|p1a: Melmetal|Earthquake|p2a: Seismitoad\n|-damage|p2a: Seismitoad|63\/100\n|\n|-heal|p2a: Seismitoad|69\/100|[from] item: Leftovers\n|upkeep\n|turn|11\n|\n|t:|1658817512\n|move|p2a: Seismitoad|Knock Off|p1a: Melmetal\n|-damage|p1a: Melmetal|83\/100\n|-enditem|p1a: Melmetal|Assault Vest|[from] move: Knock Off|[of] p2a: Seismitoad\n|move|p1a: Melmetal|Double Iron Bash|p2a: Seismitoad\n|-resisted|p2a: Seismitoad\n|-damage|p2a: Seismitoad|51\/100\n|-resisted|p2a: Seismitoad\n|-damage|p2a: Seismitoad|32\/100\n|-hitcount|p2a: Seismitoad|2\n|\n|-heal|p2a: Seismitoad|38\/100|[from] item: Leftovers\n|upkeep\n|turn|12\n|\n|t:|1658817522\n|move|p2a: Seismitoad|Earth Power|p1a: Melmetal\n|-supereffective|p1a: Melmetal\n|-damage|p1a: Melmetal|25\/100\n|move|p1a: Melmetal|Earthquake|p2a: Seismitoad\n|-damage|p2a: Seismitoad|4\/100\n|\n|-heal|p2a: Seismitoad|10\/100|[from] item: Leftovers\n|upkeep\n|turn|13\n|\n|t:|1658817534\n|switch|p1a: Rillaboom|Rillaboom, F|90\/100\n|-damage|p1a: Rillaboom|78\/100|[from] Stealth Rock\n|-fieldstart|move: Grassy Terrain|[from] ability: Grassy Surge|[of] p1a: Rillaboom\n|move|p2a: Seismitoad|Knock Off|p1a: Rillaboom\n|-damage|p1a: Rillaboom|57\/100\n|-enditem|p1a: Rillaboom|Choice Band|[from] move: Knock Off|[of] p2a: Seismitoad\n|\n|-heal|p1a: Rillaboom|63\/100|[from] Grassy Terrain\n|-heal|p2a: Seismitoad|16\/100|[from] Grassy Terrain\n|-heal|p2a: Seismitoad|22\/100|[from] item: Leftovers\n|upkeep\n|turn|14\n|\n|t:|1658817549\n|move|p1a: Rillaboom|Wood Hammer|p2a: Seismitoad\n|-supereffective|p2a: Seismitoad\n|-crit|p2a: Seismitoad\n|-damage|p2a: Seismitoad|0 fnt\n|faint|p2a: Seismitoad\n|-damage|p1a: Rillaboom|54\/100|[from] Recoil\n|\n|-heal|p1a: Rillaboom|60\/100|[from] Grassy Terrain\n|upkeep\n|\n|t:|1658817552\n|switch|p2a: Indeedee|Indeedee, M|100\/100\n|-damage|p2a: Indeedee|88\/100|[from] Stealth Rock\n|-fieldstart|move: Psychic Terrain|[from] ability: Psychic Surge|[of] p2a: Indeedee\n|turn|15\n|\n|t:|1658817567\n|switch|p1a: Latias|Latias, F|100\/100\n|-damage|p1a: Latias|88\/100|[from] Stealth Rock\n|move|p2a: Indeedee|Trick|p1a: Latias\n|-activate|p2a: Indeedee|move: Trick|[of] p1a: Latias\n|-item|p1a: Latias|Choice Scarf|[from] move: Trick\n|-item|p2a: Indeedee|Choice Scarf|[from] move: Trick\n|\n|upkeep\n|turn|16\n|\n|t:|1658817579\n|move|p1a: Latias|Draco Meteor|p2a: Indeedee\n|-damage|p2a: Indeedee|0 fnt\n|-unboost|p1a: Latias|spa|2\n|faint|p2a: Indeedee\n|\n|upkeep\n|\n|t:|1658817584\n|switch|p2a: Blaziken|Blaziken, M|100\/100\n|-damage|p2a: Blaziken|88\/100|[from] Stealth Rock\n|turn|17\n|\n|t:|1658817591\n|move|p1a: Latias|Draco Meteor|p2a: Blaziken|[miss]\n|-miss|p1a: Latias|p2a: Blaziken\n|move|p2a: Blaziken|Swords Dance|p2a: Blaziken\n|-boost|p2a: Blaziken|atk|2\n|\n|-heal|p2a: Blaziken|94\/100|[from] item: Leftovers\n|-ability|p2a: Blaziken|Speed Boost|boost\n|-boost|p2a: Blaziken|spe|1\n|upkeep\n|turn|18\n|\n|t:|1658817601\n|move|p2a: Blaziken|Protect|p2a: Blaziken\n|-singleturn|p2a: Blaziken|Protect\n|move|p1a: Latias|Draco Meteor|p2a: Blaziken\n|-activate|p2a: Blaziken|move: Protect\n|\n|-heal|p2a: Blaziken|99\/100|[from] item: Leftovers\n|-ability|p2a: Blaziken|Speed Boost|boost\n|-boost|p2a: Blaziken|spe|1\n|upkeep\n|turn|19\n|\n|t:|1658817610\n|move|p1a: Latias|Draco Meteor|p2a: Blaziken\n|-damage|p2a: Blaziken|53\/100\n|-unboost|p1a: Latias|spa|2\n|move|p2a: Blaziken|Swords Dance|p2a: Blaziken\n|-boost|p2a: Blaziken|atk|2\n|\n|-heal|p2a: Blaziken|59\/100|[from] item: Leftovers\n|-fieldend|move: Psychic Terrain\n|-ability|p2a: Blaziken|Speed Boost|boost\n|-boost|p2a: Blaziken|spe|1\n|upkeep\n|turn|20\n|\n|t:|1658817625\n|switch|p1a: Clefable|Clefable, F|100\/100\n|move|p2a: Blaziken|Protect||[still]\n|-fail|p2a: Blaziken\n|\n|-heal|p2a: Blaziken|65\/100|[from] item: Leftovers\n|-ability|p2a: Blaziken|Speed Boost|boost\n|-boost|p2a: Blaziken|spe|1\n|upkeep\n|turn|21\n|l| bybvdn\n|l| Lost Temple\n|\n|t:|1658817640\n|switch|p1a: Hawlucha|Hawlucha, F|100\/100\n|-damage|p1a: Hawlucha|88\/100|[from] Stealth Rock\n|move|p2a: Blaziken|Protect||[still]\n|-fail|p2a: Blaziken\n|\n|-heal|p2a: Blaziken|71\/100|[from] item: Leftovers\n|-ability|p2a: Blaziken|Speed Boost|boost\n|-boost|p2a: Blaziken|spe|1\n|upkeep\n|turn|22\n|\n|t:|1658817649\n|move|p2a: Blaziken|Flare Blitz|p1a: Hawlucha\n|-damage|p1a: Hawlucha|0 fnt\n|faint|p1a: Hawlucha\n|-damage|p2a: Blaziken|43\/100|[from] Recoil\n|\n|-heal|p2a: Blaziken|49\/100|[from] item: Leftovers\n|-ability|p2a: Blaziken|Speed Boost|boost\n|-boost|p2a: Blaziken|spe|1\n|upkeep\n|\n|t:|1658817658\n|switch|p1a: Rillaboom|Rillaboom, F|60\/100\n|-damage|p1a: Rillaboom|48\/100|[from] Stealth Rock\n|-fieldstart|move: Grassy Terrain|[from] ability: Grassy Surge|[of] p1a: Rillaboom\n|turn|23\n|\n|t:|1658817664\n|move|p2a: Blaziken|Protect|p2a: Blaziken\n|-singleturn|p2a: Blaziken|Protect\n|move|p1a: Rillaboom|Grassy Glide|p2a: Blaziken\n|-activate|p2a: Blaziken|move: Protect\n|\n|-heal|p2a: Blaziken|55\/100|[from] Grassy Terrain\n|-heal|p2a: Blaziken|61\/100|[from] item: Leftovers\n|-heal|p1a: Rillaboom|54\/100|[from] Grassy Terrain\n|upkeep\n|turn|24\n|\n|t:|1658817675\n|switch|p1a: Clefable|Clefable, F|100\/100\n|move|p2a: Blaziken|Close Combat|p1a: Clefable\n|-resisted|p1a: Clefable\n|-damage|p1a: Clefable|0 fnt\n|-unboost|p2a: Blaziken|def|1\n|-unboost|p2a: Blaziken|spd|1\n|faint|p1a: Clefable\n|\n|-heal|p2a: Blaziken|67\/100|[from] Grassy Terrain\n|-heal|p2a: Blaziken|73\/100|[from] item: Leftovers\n|upkeep\n|\n|t:|1658817691\n|switch|p1a: Latias|Latias, F|88\/100\n|-damage|p1a: Latias|76\/100|[from] Stealth Rock\n|turn|25\n|\n|t:|1658817707\n|move|p2a: Blaziken|Protect|p2a: Blaziken\n|-singleturn|p2a: Blaziken|Protect\n|move|p1a: Latias|Draco Meteor|p2a: Blaziken\n|-activate|p2a: Blaziken|move: Protect\n|\n|-heal|p2a: Blaziken|79\/100|[from] Grassy Terrain\n|-heal|p2a: Blaziken|85\/100|[from] item: Leftovers\n|upkeep\n|turn|26\n|\n|t:|1658817731\n|move|p2a: Blaziken|Close Combat|p1a: Latias\n|-resisted|p1a: Latias\n|-damage|p1a: Latias|0 fnt\n|-unboost|p2a: Blaziken|def|1\n|-unboost|p2a: Blaziken|spd|1\n|faint|p1a: Latias\n|\n|-heal|p2a: Blaziken|91\/100|[from] Grassy Terrain\n|-heal|p2a: Blaziken|97\/100|[from] item: Leftovers\n|upkeep\n|\n|t:|1658817743\n|switch|p1a: Melmetal|Melmetal|25\/100\n|-damage|p1a: Melmetal|19\/100|[from] Stealth Rock\n|turn|27\n|\n|t:|1658817747\n|move|p2a: Blaziken|Flare Blitz|p1a: Melmetal\n|-supereffective|p1a: Melmetal\n|-damage|p1a: Melmetal|0 fnt\n|faint|p1a: Melmetal\n|-damage|p2a: Blaziken|87\/100|[from] Recoil\n|\n|-heal|p2a: Blaziken|93\/100|[from] Grassy Terrain\n|-heal|p2a: Blaziken|99\/100|[from] item: Leftovers\n|-fieldend|move: Grassy Terrain\n|upkeep\n|\n|t:|1658817757\n|switch|p1a: Rillaboom|Rillaboom, F|54\/100\n|-damage|p1a: Rillaboom|42\/100|[from] Stealth Rock\n|-fieldstart|move: Grassy Terrain|[from] ability: Grassy Surge|[of] p1a: Rillaboom\n|turn|28\n|\n|t:|1658817762\n|move|p2a: Blaziken|Protect|p2a: Blaziken\n|-singleturn|p2a: Blaziken|Protect\n|move|p1a: Rillaboom|Grassy Glide|p2a: Blaziken\n|-activate|p2a: Blaziken|move: Protect\n|\n|-heal|p2a: Blaziken|100\/100|[from] Grassy Terrain\n|-heal|p1a: Rillaboom|48\/100|[from] Grassy Terrain\n|upkeep\n|turn|29\n|\n|t:|1658817771\n|move|p1a: Rillaboom|Grassy Glide|p2a: Blaziken\n|-resisted|p2a: Blaziken\n|-damage|p2a: Blaziken|33\/100\n|move|p2a: Blaziken|Close Combat|p1a: Rillaboom\n|-damage|p1a: Rillaboom|0 fnt\n|-unboost|p2a: Blaziken|def|1\n|-unboost|p2a: Blaziken|spd|1\n|faint|p1a: Rillaboom\n|\n|win|andrewm0n\n|raw|LaDoudou&apos;sPatate's rating: 1735 &rarr; <strong>1714<\/strong><br \/>(-21 for losing)\n|raw|andrewm0n's rating: 1724 &rarr; <strong>1745<\/strong><br \/>(+21 for winning)\n|l|\u2606LaDoudou'sPatate\n","uploadtime":1658817778,"views":36,"p1id":"ladoudouspatate","p2id":"andrewm0n","formatid":"gen8ou","rating":1714,"private":0,"password":null}