{"id":"gen8spikemuthcup-1706962276","p1":"septicjewel67","p2":"Chowdah","format":"gen8spikemuthcup","log":"|j|\u2606septicjewel67\n|j|\u2606Chowdah\n|t:|1668036724\n|gametype|doubles\n|player|p1|septicjewel67|265|\n|player|p2|Chowdah|rancher|\n|teamsize|p1|6\n|teamsize|p2|6\n|gen|8\n|tier|[Gen 8] Spikemuth Cup\n|rule|Species Clause: Limit one of each Pok\u00e9mon\n|rule|Item Clause: Limit one of each item\n|rule|Dynamax Clause: You cannot dynamax\n|clearpoke\n|poke|p1|Ninetales-Alola, L50, M|\n|poke|p1|Incineroar, L50, M|\n|poke|p1|Regieleki, L50|\n|poke|p1|Tsareena, L50, F|\n|poke|p1|Urshifu-*, L50, M|\n|poke|p1|Clefairy, L50, F|\n|poke|p2|Gyarados, L50, M|\n|poke|p2|Crobat, L50, M|\n|poke|p2|Togedemaru, L50, M|\n|poke|p2|Weezing-Galar, L50, M|\n|poke|p2|Excadrill, L50, F|\n|poke|p2|Tapu Lele, L50|\n|teampreview|4\n|j| DoctorCaliente\n|\n|t:|1668036855\n|start\n|switch|p1a: Ninetales|Ninetales-Alola, L50, M|100\/100\n|switch|p1b: Regieleki|Regieleki, L50|100\/100\n|switch|p2a: Very Hot Soup|Excadrill, L50, F|100\/100\n|switch|p2b: ELLO GOV|Weezing-Galar, L50, M|100\/100\n|-ability|p2b: ELLO GOV|Neutralizing Gas\n|-item|p2b: ELLO GOV|Air Balloon\n|turn|1\n|\n|t:|1668036926\n|move|p2b: ELLO GOV|Protect|p2b: ELLO GOV\n|-singleturn|p2b: ELLO GOV|Protect\n|move|p2a: Very Hot Soup|Iron Head|p1a: Ninetales\n|-supereffective|p1a: Ninetales\n|-damage|p1a: Ninetales|0 fnt\n|faint|p1a: Ninetales\n|move|p1b: Regieleki|Volt Switch|p2b: ELLO GOV\n|-activate|p2b: ELLO GOV|move: Protect\n|\n|upkeep\n|\n|t:|1668036935\n|switch|p1a: Urshifu|Urshifu-Rapid-Strike, L50, M|100\/100\n|turn|2\n|\n|t:|1668036960\n|switch|p2a: Lil Fella|Togedemaru, L50, M|100\/100\n|move|p1b: Regieleki|Thunderbolt|p2b: ELLO GOV\n|-damage|p2b: ELLO GOV|43\/100\n|-enditem|p2b: ELLO GOV|Air Balloon\n|move|p1a: Urshifu|Surging Strikes|p2a: Lil Fella\n|-crit|p2a: Lil Fella\n|-damage|p2a: Lil Fella|69\/100\n|-crit|p2a: Lil Fella\n|-damage|p2a: Lil Fella|37\/100\n|-crit|p2a: Lil Fella\n|-damage|p2a: Lil Fella|2\/100\n|-hitcount|p2a: Lil Fella|3\n|move|p2b: ELLO GOV|Strange Steam|p1a: Urshifu\n|-supereffective|p1a: Urshifu\n|-damage|p1a: Urshifu|18\/100\n|\n|upkeep\n|turn|3\n|\n|t:|1668037014\n|-end|p2b: ELLO GOV|ability: Neutralizing Gas\n|switch|p2b: Very Hot Soup|Excadrill, L50, F|100\/100\n|-ability|p2b: Very Hot Soup|Mold Breaker\n|move|p2a: Lil Fella|Fake Out|p1a: Urshifu\n|-damage|p1a: Urshifu|7\/100\n|move|p1b: Regieleki|Thunderbolt|p2a: Lil Fella\n|-ability|p2a: Lil Fella|Lightning Rod|boost\n|-boost|p2a: Lil Fella|spa|1\n|cant|p1a: Urshifu|flinch\n|\n|upkeep\n|turn|4\n|\n|t:|1668037040\n|move|p1b: Regieleki|Protect|p1b: Regieleki\n|-singleturn|p1b: Regieleki|Protect\n|move|p2a: Lil Fella|Spiky Shield|p2a: Lil Fella\n|-singleturn|p2a: Lil Fella|move: Protect\n|move|p2b: Very Hot Soup|Earthquake|p1b: Regieleki|[spread] p1a\n|-activate|p2a: Lil Fella|move: Protect\n|-activate|p1b: Regieleki|move: Protect\n|-damage|p1a: Urshifu|0 fnt\n|faint|p1a: Urshifu\n|\n|upkeep\n|\n|t:|1668037050\n|switch|p1a: Incineroar|Incineroar, L50, M|100\/100\n|-ability|p1a: Incineroar|Intimidate|boost\n|-unboost|p2a: Lil Fella|atk|1\n|-unboost|p2b: Very Hot Soup|atk|1\n|turn|5\n|\n|t:|1668037111\n|move|p1a: Incineroar|Fake Out|p2a: Lil Fella\n|-resisted|p2a: Lil Fella\n|-damage|p2a: Lil Fella|0 fnt\n|faint|p2a: Lil Fella\n|move|p2b: Very Hot Soup|Earthquake|p1b: Regieleki|[spread] p1a,p1b\n|-supereffective|p1a: Incineroar\n|-supereffective|p1b: Regieleki\n|-damage|p1a: Incineroar|50\/100\n|-damage|p1b: Regieleki|18\/100\n|-enditem|p1a: Incineroar|Sitrus Berry|[eat]\n|-heal|p1a: Incineroar|75\/100|[from] item: Sitrus Berry\n|move|p1b: Regieleki|Electroweb|p2b: Very Hot Soup\n|-immune|p2b: Very Hot Soup\n|\n|upkeep\n|\n|t:|1668037122\n|switch|p2a: He's Alright|Crobat, L50, M|100\/100\n|turn|6\n|\n|t:|1668037136\n|move|p1b: Regieleki|Protect|p1b: Regieleki\n|-singleturn|p1b: Regieleki|Protect\n|move|p2b: Very Hot Soup|Earthquake|p1b: Regieleki|[spread] p1a\n|-activate|p1b: Regieleki|move: Protect\n|-immune|p2a: He's Alright\n|-supereffective|p1a: Incineroar\n|-damage|p1a: Incineroar|26\/100\n|move|p2a: He's Alright|Tailwind|p2a: He's Alright\n|-sidestart|p2: Chowdah|move: Tailwind\n|move|p1a: Incineroar|Flare Blitz|p2b: Very Hot Soup\n|-supereffective|p2b: Very Hot Soup\n|-damage|p2b: Very Hot Soup|0 fnt\n|faint|p2b: Very Hot Soup\n|-damage|p1a: Incineroar|0 fnt|[from] Recoil\n|faint|p1a: Incineroar\n|\n|upkeep\n|\n|t:|1668037150\n|switch|p2b: ELLO GOV|Weezing-Galar, L50, M|43\/100\n|-ability|p2b: ELLO GOV|Neutralizing Gas\n|turn|7\n|\n|t:|1668037156\n|move|p2a: He's Alright|Cross Poison|p1b: Regieleki\n|-damage|p1b: Regieleki|0 fnt\n|faint|p1b: Regieleki\n|\n|win|Chowdah\n|l|\u2606septicjewel67\n","uploadtime":1668037163,"views":3,"p1id":"septicjewel67","p2id":"chowdah","formatid":"gen8spikemuthcup","rating":0,"private":0,"password":null}