{"id":"gen8ou-1687011412","p1":"BugCatcherWeevil","p2":"arnavgupta","format":"gen8ou","log":"|html|<div class=\"broadcast-blue\"><strong>[Gen 8] OU is currently suspecting Melmetal! For information on how to participate check out the <a href=\"https:\/\/www.smogon.com\/forums\/threads\/np-ss-ou-suspect-process-round-12-monster-mash.3709234\/\">suspect thread<\/a>.<\/strong><\/div>\n|j|\u2606BugCatcherWeevil\n|j|\u2606arnavgupta\n|t:|1665915005\n|gametype|singles\n|player|p1|BugCatcherWeevil|102|1670\n|player|p2|arnavgupta|drayden|1711\n|teamsize|p1|6\n|teamsize|p2|6\n|gen|8\n|tier|[Gen 8] OU\n|rated|\n|rule|Sleep Clause Mod: Limit one foe put to sleep\n|rule|Species Clause: Limit one of each Pok\u00e9mon\n|rule|OHKO Clause: OHKO moves are banned\n|rule|Evasion Items Clause: Evasion items are banned\n|rule|Evasion Moves Clause: Evasion moves are banned\n|rule|Endless Battle Clause: Forcing endless battles is banned\n|rule|HP Percentage Mod: HP is shown in percentages\n|rule|Dynamax Clause: You cannot dynamax\n|clearpoke\n|poke|p1|Hatterene, F|\n|poke|p1|Tornadus-Therian, M|\n|poke|p1|Vanilluxe, F|\n|poke|p1|Heatran, F|\n|poke|p1|Arctozolt|\n|poke|p1|Landorus-Therian, M|\n|poke|p2|Rillaboom, M|\n|poke|p2|Blaziken, F|\n|poke|p2|Zapdos|\n|poke|p2|Heatran, M|\n|poke|p2|Clefable, M|\n|poke|p2|Gastrodon, M|\n|teampreview\n|j| Aitana y Zoilo\n|j| Wotomei\n|inactive|Battle timer is ON: inactive players will automatically lose when time's up. (requested by arnavgupta)\n|l| Wotomei\n|inactive|BugCatcherWeevil has 120 seconds left.\n|\n|t:|1665915089\n|start\n|switch|p1a: Vanilluxe|Vanilluxe, F|100\/100\n|switch|p2a: Rillaboom|Rillaboom, M, shiny|100\/100\n|-fieldstart|move: Grassy Terrain|[from] ability: Grassy Surge|[of] p2a: Rillaboom\n|-weather|Hail|[from] ability: Snow Warning|[of] p1a: Vanilluxe\n|turn|1\n|j| boomvn\n|\n|t:|1665915094\n|switch|p2a: Heatran|Heatran, M, shiny|100\/100\n|switch|p1a: Tornadus|Tornadus-Therian, M|100\/100\n|\n|-weather|Hail|[upkeep]\n|-damage|p1a: Tornadus|94\/100|[from] Hail\n|-damage|p2a: Heatran|94\/100|[from] Hail\n|-heal|p2a: Heatran|100\/100|[from] Grassy Terrain\n|upkeep\n|turn|2\n|\n|t:|1665915098\n|move|p1a: Tornadus|Knock Off|p2a: Heatran\n|-damage|p2a: Heatran|84\/100\n|-enditem|p2a: Heatran|Leftovers|[from] move: Knock Off|[of] p1a: Tornadus\n|move|p2a: Heatran|Magma Storm|p1a: Tornadus\n|-damage|p1a: Tornadus|67\/100\n|-activate|p1a: Tornadus|move: Magma Storm|[of] p2a: Heatran\n|\n|-weather|Hail|[upkeep]\n|-damage|p1a: Tornadus|61\/100|[from] Hail\n|-damage|p2a: Heatran|78\/100|[from] Hail\n|-heal|p2a: Heatran|84\/100|[from] Grassy Terrain\n|-damage|p1a: Tornadus|48\/100|[from] move: Magma Storm|[partiallytrapped]\n|upkeep\n|turn|3\n|j| lmfdsd\n|\n|t:|1665915103\n|move|p1a: Tornadus|U-turn|p2a: Heatran\n|-resisted|p2a: Heatran\n|-damage|p2a: Heatran|81\/100\n|-status|p1a: Tornadus|brn|[from] ability: Flame Body|[of] p2a: Heatran\n|\n|t:|1665915107\n|switch|p1a: Landorus|Landorus-Therian, M|100\/100|[from]move: U-turn\n|-ability|p1a: Landorus|Intimidate|boost\n|-unboost|p2a: Heatran|atk|1\n|move|p2a: Heatran|Magma Storm|p1a: Landorus\n|-damage|p1a: Landorus|68\/100\n|-activate|p1a: Landorus|move: Magma Storm|[of] p2a: Heatran\n|\n|-weather|Hail|[upkeep]\n|-damage|p1a: Landorus|62\/100|[from] Hail\n|-damage|p2a: Heatran|75\/100|[from] Hail\n|-heal|p1a: Landorus|68\/100|[from] item: Leftovers\n|-heal|p2a: Heatran|81\/100|[from] Grassy Terrain\n|-damage|p1a: Landorus|56\/100|[from] move: Magma Storm|[partiallytrapped]\n|upkeep\n|turn|4\n|\n|t:|1665915113\n|move|p1a: Landorus|Earthquake|p2a: Heatran\n|-supereffective|p2a: Heatran\n|-damage|p2a: Heatran|0 fnt\n|faint|p2a: Heatran\n|\n|-weather|Hail|[upkeep]\n|-damage|p1a: Landorus|50\/100|[from] Hail\n|-heal|p1a: Landorus|56\/100|[from] item: Leftovers\n|-end|p1a: Landorus|Magma Storm|[partiallytrapped]|[silent]\n|upkeep\n|\n|t:|1665915120\n|switch|p2a: Rillaboom|Rillaboom, M, shiny|100\/100\n|turn|5\n|\n|t:|1665915124\n|switch|p1a: Heatran|Heatran, F|100\/100\n|move|p2a: Rillaboom|Wood Hammer|p1a: Heatran\n|-resisted|p1a: Heatran\n|-crit|p1a: Heatran\n|-damage|p1a: Heatran|64\/100\n|-damage|p2a: Rillaboom|87\/100|[from] Recoil\n|\n|-weather|none\n|-heal|p2a: Rillaboom|93\/100|[from] Grassy Terrain\n|-heal|p1a: Heatran|70\/100|[from] Grassy Terrain\n|-heal|p1a: Heatran|76\/100|[from] item: Leftovers\n|-fieldend|move: Grassy Terrain\n|upkeep\n|turn|6\n|\n|t:|1665915133\n|switch|p2a: Gastrodon|Gastrodon, M, shiny|100\/100\n|move|p1a: Heatran|Stealth Rock|p2a: Gastrodon\n|-sidestart|p2: arnavgupta|move: Stealth Rock\n|\n|-heal|p1a: Heatran|82\/100|[from] item: Leftovers\n|upkeep\n|turn|7\n|\n|t:|1665915139\n|switch|p1a: Tornadus|Tornadus-Therian, M|82\/100 brn\n|move|p2a: Gastrodon|Earth Power|p1a: Tornadus\n|-immune|p1a: Tornadus\n|\n|-damage|p1a: Tornadus|76\/100 brn|[from] brn\n|upkeep\n|turn|8\n|\n|t:|1665915149\n|move|p1a: Tornadus|Knock Off|p2a: Gastrodon\n|-damage|p2a: Gastrodon|90\/100\n|-enditem|p2a: Gastrodon|Leftovers|[from] move: Knock Off|[of] p1a: Tornadus\n|move|p2a: Gastrodon|Scald|p1a: Tornadus\n|-damage|p1a: Tornadus|56\/100 brn\n|\n|-damage|p1a: Tornadus|50\/100 brn|[from] brn\n|upkeep\n|turn|9\n|\n|t:|1665915158\n|switch|p2a: Rillaboom|Rillaboom, M, shiny|93\/100\n|-damage|p2a: Rillaboom|81\/100|[from] Stealth Rock\n|-fieldstart|move: Grassy Terrain|[from] ability: Grassy Surge|[of] p2a: Rillaboom\n|move|p1a: Tornadus|U-turn|p2a: Rillaboom\n|-supereffective|p2a: Rillaboom\n|-damage|p2a: Rillaboom|64\/100\n|\n|t:|1665915162\n|switch|p1a: Heatran|Heatran, F|82\/100|[from]move: U-turn\n|\n|-heal|p2a: Rillaboom|71\/100|[from] Grassy Terrain\n|-heal|p1a: Heatran|89\/100|[from] Grassy Terrain\n|-heal|p1a: Heatran|95\/100|[from] item: Leftovers\n|upkeep\n|turn|10\n|\n|t:|1665915166\n|switch|p1a: Tornadus|Tornadus-Therian, M|84\/100 brn\n|move|p2a: Rillaboom|Knock Off|p1a: Tornadus\n|-damage|p1a: Tornadus|24\/100 brn\n|-enditem|p1a: Tornadus|Assault Vest|[from] move: Knock Off|[of] p2a: Rillaboom\n|\n|-heal|p2a: Rillaboom|77\/100|[from] Grassy Terrain\n|-damage|p1a: Tornadus|18\/100 brn|[from] brn\n|upkeep\n|turn|11\n|\n|t:|1665915173\n|switch|p2a: Gastrodon|Gastrodon, M, shiny|90\/100\n|-damage|p2a: Gastrodon|84\/100|[from] Stealth Rock\n|move|p1a: Tornadus|U-turn|p2a: Gastrodon\n|-damage|p2a: Gastrodon|76\/100\n|\n|t:|1665915176\n|switch|p1a: Vanilluxe|Vanilluxe, F|100\/100|[from]move: U-turn\n|-weather|Hail|[from] ability: Snow Warning|[of] p1a: Vanilluxe\n|\n|-weather|Hail|[upkeep]\n|-damage|p2a: Gastrodon|70\/100|[from] Hail\n|-heal|p2a: Gastrodon|76\/100|[from] Grassy Terrain\n|upkeep\n|turn|12\n|\n|t:|1665915179\n|switch|p2a: Clefable|Clefable, M, shiny|100\/100\n|move|p1a: Vanilluxe|Freeze-Dry|p2a: Clefable\n|-damage|p2a: Clefable|68\/100\n|\n|-weather|Hail|[upkeep]\n|-heal|p2a: Clefable|74\/100|[from] Grassy Terrain\n|-heal|p2a: Clefable|80\/100|[from] item: Leftovers\n|upkeep\n|turn|13\n|\n|t:|1665915189\n|move|p1a: Vanilluxe|Taunt|p2a: Clefable\n|-start|p2a: Clefable|move: Taunt\n|move|p2a: Clefable|Flamethrower|p1a: Vanilluxe\n|-supereffective|p1a: Vanilluxe\n|-damage|p1a: Vanilluxe|54\/100\n|\n|-weather|Hail|[upkeep]\n|-heal|p1a: Vanilluxe|60\/100|[from] Grassy Terrain\n|-heal|p2a: Clefable|86\/100|[from] Grassy Terrain\n|-heal|p2a: Clefable|92\/100|[from] item: Leftovers\n|-fieldend|move: Grassy Terrain\n|upkeep\n|turn|14\n|\n|t:|1665915193\n|switch|p1a: Heatran|Heatran, F|95\/100\n|move|p2a: Clefable|Flamethrower|p1a: Heatran\n|-damage|p1a: Heatran|82\/100\n|\n|-weather|Hail|[upkeep]\n|-damage|p1a: Heatran|76\/100|[from] Hail\n|-heal|p1a: Heatran|82\/100|[from] item: Leftovers\n|-heal|p2a: Clefable|98\/100|[from] item: Leftovers\n|upkeep\n|turn|15\n|\n|t:|1665915203\n|switch|p1a: Tornadus|Tornadus-Therian, M|51\/100 brn\n|switch|p2a: Gastrodon|Gastrodon, M, shiny|76\/100\n|-damage|p2a: Gastrodon|70\/100|[from] Stealth Rock\n|\n|-weather|none\n|-damage|p1a: Tornadus|45\/100 brn|[from] brn\n|upkeep\n|turn|16\n|\n|t:|1665915213\n|move|p1a: Tornadus|U-turn|p2a: Gastrodon\n|-damage|p2a: Gastrodon|63\/100\n|\n|t:|1665915216\n|switch|p1a: Vanilluxe|Vanilluxe, F|60\/100|[from]move: U-turn\n|-weather|Hail|[from] ability: Snow Warning|[of] p1a: Vanilluxe\n|move|p2a: Gastrodon|Scald|p1a: Vanilluxe\n|-damage|p1a: Vanilluxe|27\/100\n|-status|p1a: Vanilluxe|brn\n|\n|-weather|Hail|[upkeep]\n|-damage|p2a: Gastrodon|57\/100|[from] Hail\n|-damage|p1a: Vanilluxe|21\/100 brn|[from] brn\n|upkeep\n|turn|17\n|\n|t:|1665915220\n|switch|p2a: Clefable|Clefable, M, shiny|98\/100\n|move|p1a: Vanilluxe|Blizzard|p2a: Clefable\n|-damage|p2a: Clefable|51\/100\n|\n|-weather|Hail|[upkeep]\n|-heal|p2a: Clefable|57\/100|[from] item: Leftovers\n|-damage|p1a: Vanilluxe|15\/100 brn|[from] brn\n|upkeep\n|turn|18\n|\n|t:|1665915231\n|switch|p1a: Heatran|Heatran, F|82\/100\n|move|p2a: Clefable|Moonblast|p1a: Heatran\n|-resisted|p1a: Heatran\n|-damage|p1a: Heatran|76\/100\n|-unboost|p1a: Heatran|spa|1\n|\n|-weather|Hail|[upkeep]\n|-damage|p1a: Heatran|70\/100|[from] Hail\n|-heal|p1a: Heatran|76\/100|[from] item: Leftovers\n|-heal|p2a: Clefable|63\/100|[from] item: Leftovers\n|upkeep\n|turn|19\n|\n|t:|1665915236\n|move|p1a: Heatran|Heavy Slam|p2a: Clefable\n|-supereffective|p2a: Clefable\n|-damage|p2a: Clefable|0 fnt\n|faint|p2a: Clefable\n|\n|-weather|Hail|[upkeep]\n|-damage|p1a: Heatran|70\/100|[from] Hail\n|-heal|p1a: Heatran|76\/100|[from] item: Leftovers\n|upkeep\n|\n|t:|1665915239\n|switch|p2a: Blaziken|Blaziken, F, shiny|100\/100\n|-damage|p2a: Blaziken|88\/100|[from] Stealth Rock\n|turn|20\n|\n|t:|1665915244\n|switch|p1a: Landorus|Landorus-Therian, M|56\/100\n|-ability|p1a: Landorus|Intimidate|boost\n|-unboost|p2a: Blaziken|atk|1\n|move|p2a: Blaziken|Swords Dance|p2a: Blaziken\n|-boost|p2a: Blaziken|atk|2\n|\n|-weather|none\n|-heal|p2a: Blaziken|94\/100|[from] item: Leftovers\n|-heal|p1a: Landorus|62\/100|[from] item: Leftovers\n|-ability|p2a: Blaziken|Speed Boost|boost\n|-boost|p2a: Blaziken|spe|1\n|upkeep\n|turn|21\n|\n|t:|1665915248\n|switch|p1a: Heatran|Heatran, F|76\/100\n|move|p2a: Blaziken|Flare Blitz|p1a: Heatran\n|-damage|p1a: Heatran|6\/100\n|-damage|p2a: Blaziken|65\/100|[from] Recoil\n|\n|-heal|p2a: Blaziken|71\/100|[from] item: Leftovers\n|-heal|p1a: Heatran|12\/100|[from] item: Leftovers\n|-ability|p2a: Blaziken|Speed Boost|boost\n|-boost|p2a: Blaziken|spe|1\n|upkeep\n|turn|22\n|\n|t:|1665915256\n|switch|p1a: Landorus|Landorus-Therian, M|62\/100\n|-ability|p1a: Landorus|Intimidate|boost\n|-unboost|p2a: Blaziken|atk|1\n|move|p2a: Blaziken|Swords Dance|p2a: Blaziken\n|-boost|p2a: Blaziken|atk|2\n|\n|-heal|p2a: Blaziken|77\/100|[from] item: Leftovers\n|-heal|p1a: Landorus|68\/100|[from] item: Leftovers\n|-ability|p2a: Blaziken|Speed Boost|boost\n|-boost|p2a: Blaziken|spe|1\n|upkeep\n|turn|23\n|\n|t:|1665915260\n|switch|p1a: Heatran|Heatran, F|12\/100\n|move|p2a: Blaziken|Flare Blitz|p1a: Heatran\n|-damage|p1a: Heatran|0 fnt\n|faint|p1a: Heatran\n|-damage|p2a: Blaziken|72\/100|[from] Recoil\n|\n|-heal|p2a: Blaziken|78\/100|[from] item: Leftovers\n|-ability|p2a: Blaziken|Speed Boost|boost\n|-boost|p2a: Blaziken|spe|1\n|upkeep\n|\n|t:|1665915262\n|switch|p1a: Landorus|Landorus-Therian, M|68\/100\n|-ability|p1a: Landorus|Intimidate|boost\n|-unboost|p2a: Blaziken|atk|1\n|turn|24\n|\n|t:|1665915279\n|move|p2a: Blaziken|Flare Blitz|p1a: Landorus\n|-damage|p1a: Landorus|0 fnt\n|faint|p1a: Landorus\n|-damage|p2a: Blaziken|50\/100|[from] Recoil\n|\n|-heal|p2a: Blaziken|56\/100|[from] item: Leftovers\n|-ability|p2a: Blaziken|Speed Boost|boost\n|-boost|p2a: Blaziken|spe|1\n|upkeep\n|\n|t:|1665915281\n|switch|p1a: Hatterene|Hatterene, F|100\/100\n|turn|25\n|\n|t:|1665915288\n|move|p2a: Blaziken|Flare Blitz|p1a: Hatterene\n|-damage|p1a: Hatterene|18\/100\n|-damage|p2a: Blaziken|27\/100|[from] Recoil\n|move|p1a: Hatterene|Draining Kiss|p2a: Blaziken\n|-damage|p2a: Blaziken|0 fnt\n|-heal|p1a: Hatterene|37\/100|[from] drain|[of] p2a: Blaziken\n|faint|p2a: Blaziken\n|\n|-heal|p1a: Hatterene|43\/100|[from] item: Leftovers\n|upkeep\n|\n|t:|1665915294\n|switch|p2a: Rillaboom|Rillaboom, M, shiny|77\/100\n|-damage|p2a: Rillaboom|64\/100|[from] Stealth Rock\n|-fieldstart|move: Grassy Terrain|[from] ability: Grassy Surge|[of] p2a: Rillaboom\n|turn|26\n|\n|t:|1665915307\n|move|p2a: Rillaboom|Grassy Glide|p1a: Hatterene\n|-damage|p1a: Hatterene|0 fnt\n|faint|p1a: Hatterene\n|\n|-heal|p2a: Rillaboom|71\/100|[from] Grassy Terrain\n|upkeep\n|\n|t:|1665915310\n|switch|p1a: Tornadus|Tornadus-Therian, M|78\/100 brn\n|turn|27\n|\n|t:|1665915314\n|move|p2a: Rillaboom|Grassy Glide|p1a: Tornadus\n|-resisted|p1a: Tornadus\n|-damage|p1a: Tornadus|40\/100 brn\n|move|p1a: Tornadus|U-turn|p2a: Rillaboom\n|-supereffective|p2a: Rillaboom\n|-damage|p2a: Rillaboom|56\/100\n|\n|t:|1665915318\n|switch|p1a: Vanilluxe|Vanilluxe, F|15\/100 brn|[from]move: U-turn\n|-weather|Hail|[from] ability: Snow Warning|[of] p1a: Vanilluxe\n|\n|-weather|Hail|[upkeep]\n|-damage|p2a: Rillaboom|50\/100|[from] Hail\n|-heal|p2a: Rillaboom|56\/100|[from] Grassy Terrain\n|-heal|p1a: Vanilluxe|21\/100 brn|[from] Grassy Terrain\n|-damage|p1a: Vanilluxe|15\/100 brn|[from] brn\n|upkeep\n|turn|28\n|\n|t:|1665915321\n|switch|p1a: Tornadus|Tornadus-Therian, M|73\/100 brn\n|move|p2a: Rillaboom|Grassy Glide|p1a: Tornadus\n|-resisted|p1a: Tornadus\n|-damage|p1a: Tornadus|32\/100 brn\n|\n|-weather|Hail|[upkeep]\n|-damage|p1a: Tornadus|25\/100 brn|[from] Hail\n|-damage|p2a: Rillaboom|50\/100|[from] Hail\n|-heal|p2a: Rillaboom|56\/100|[from] Grassy Terrain\n|-damage|p1a: Tornadus|19\/100 brn|[from] brn\n|upkeep\n|turn|29\n|\n|t:|1665915328\n|move|p2a: Rillaboom|Grassy Glide|p1a: Tornadus\n|-resisted|p1a: Tornadus\n|-damage|p1a: Tornadus|0 fnt\n|faint|p1a: Tornadus\n|\n|-weather|Hail|[upkeep]\n|-damage|p2a: Rillaboom|50\/100|[from] Hail\n|-heal|p2a: Rillaboom|56\/100|[from] Grassy Terrain\n|upkeep\n|\n|t:|1665915330\n|switch|p1a: Arctozolt|Arctozolt|100\/100\n|turn|30\n|\n|t:|1665915334\n|move|p2a: Rillaboom|Grassy Glide|p1a: Arctozolt\n|-damage|p1a: Arctozolt|5\/100\n|move|p1a: Arctozolt|Freeze-Dry|p2a: Rillaboom\n|-supereffective|p2a: Rillaboom\n|-damage|p2a: Rillaboom|0 fnt\n|faint|p2a: Rillaboom\n|\n|-weather|Hail|[upkeep]\n|-heal|p1a: Arctozolt|11\/100|[from] Grassy Terrain\n|-fieldend|move: Grassy Terrain\n|upkeep\n|\n|t:|1665915352\n|switch|p2a: Gastrodon|Gastrodon, M, shiny|57\/100\n|-damage|p2a: Gastrodon|51\/100|[from] Stealth Rock\n|turn|31\n|\n|t:|1665915357\n|move|p1a: Arctozolt|Freeze-Dry|p2a: Gastrodon\n|-supereffective|p2a: Gastrodon\n|-crit|p2a: Gastrodon\n|-damage|p2a: Gastrodon|0 fnt\n|faint|p2a: Gastrodon\n|\n|-weather|none\n|upkeep\n|\n|t:|1665915360\n|switch|p2a: Zapdos|Zapdos, shiny|100\/100\n|turn|32\n|\n|t:|1665915363\n|switch|p1a: Vanilluxe|Vanilluxe, F|15\/100 brn\n|-weather|Hail|[from] ability: Snow Warning|[of] p1a: Vanilluxe\n|move|p2a: Zapdos|Volt Switch|p1a: Vanilluxe\n|-damage|p1a: Vanilluxe|0 fnt\n|faint|p1a: Vanilluxe\n|\n|-weather|Hail|[upkeep]\n|-damage|p2a: Zapdos|94\/100|[from] Hail\n|upkeep\n|\n|t:|1665915365\n|switch|p1a: Arctozolt|Arctozolt|11\/100\n|turn|33\n|\n|t:|1665915368\n|move|p1a: Arctozolt|Blizzard|p2a: Zapdos\n|-supereffective|p2a: Zapdos\n|-damage|p2a: Zapdos|19\/100\n|move|p2a: Zapdos|Volt Switch|p1a: Arctozolt\n|-resisted|p1a: Arctozolt\n|-damage|p1a: Arctozolt|0 fnt\n|faint|p1a: Arctozolt\n|\n|win|arnavgupta\n|raw|BugCatcherWeevil's rating: 1670 &rarr; <strong>1652<\/strong><br \/>(-18 for losing)\n|raw|arnavgupta's rating: 1711 &rarr; <strong>1729<\/strong><br \/>(+18 for winning)\n","uploadtime":1665915377,"views":35,"p1id":"bugcatcherweevil","p2id":"arnavgupta","formatid":"gen8ou","rating":1652,"private":0,"password":null}