{"id":"gen8vgc2021-1228917439","p1":"bhkg","p2":"raldlee69","format":"gen8vgc2021","log":"|j|\u2606bhkg\n|j|\u2606raldlee69\n|t:|1606036105\n|player|p1|bhkg|170|1538\n|player|p2|raldlee69|karen|1546\n|teamsize|p1|6\n|teamsize|p2|6\n|gametype|doubles\n|gen|8\n|tier|[Gen 8] VGC 2021\n|rated|\n|clearpoke\n|poke|p1|Dracozolt, L50|\n|poke|p1|Tapu Fini, L50|\n|poke|p1|Zapdos-Galar, L50|\n|poke|p1|Gigalith, L50, F|\n|poke|p1|Reuniclus, L50, F|\n|poke|p1|Volcarona, L50, M|\n|poke|p2|Urshifu-*, L50, M|\n|poke|p2|Thundurus, L50, M|\n|poke|p2|Incineroar, L50, F|\n|poke|p2|Tapu Fini, L50|\n|poke|p2|Dusclops, L50, F|\n|poke|p2|Glastrier, L50|\n|rule|Species Clause: Limit one of each Pok\u00e9mon\n|rule|Item Clause: Limit one of each item\n|teampreview|4\n|inactive|Battle timer is ON: inactive players will automatically lose when time's up. (requested by raldlee69)\n|\n|t:|1606036139\n|start\n|switch|p1a: Gigalith|Gigalith, L50, F|48\/48\n|switch|p1b: Dracozolt|Dracozolt, L50|48\/48\n|switch|p2a: Glastrier|Glastrier, L50|48\/48\n|switch|p2b: Dusclops|Dusclops, L50, F|48\/48\n|-weather|Sandstorm|[from] ability: Sand Stream|[of] p1a: Gigalith\n|-item|p1a: Gigalith|Assault Vest|[from] ability: Frisk|[of] p2b: Dusclops|[identify]\n|-item|p1b: Dracozolt|Life Orb|[from] ability: Frisk|[of] p2b: Dusclops|[identify]\n|turn|1\n|j| DittoTang\n|\n|t:|1606036152\n|switch|p1b: Tapu Fini|Tapu Fini, L50|48\/48\n|-fieldstart|move: Misty Terrain|[from] ability: Misty Surge|[of] p1b: Tapu Fini\n|switch|p2a: Incineroar|Incineroar, L50, F|48\/48\n|-ability|p2a: Incineroar|Intimidate|boost\n|-unboost|p1a: Gigalith|atk|1\n|-unboost|p1b: Tapu Fini|atk|1\n|-start|p1a: Gigalith|Dynamax\n|-heal|p1a: Gigalith|48\/48|[silent]\n|move|p2b: Dusclops|Will-O-Wisp|p1b: Tapu Fini\n|-activate|p1b: Tapu Fini|move: Misty Terrain\n|move|p1a: Gigalith|Max Steelspike|p2b: Dusclops\n|-damage|p2b: Dusclops|38\/48\n|-boost|p1a: Gigalith|def|1\n|-boost|p1b: Tapu Fini|def|1\n|\n|-weather|Sandstorm|[upkeep]\n|-damage|p1b: Tapu Fini|45\/48|[from] Sandstorm\n|-damage|p2a: Incineroar|45\/48|[from] Sandstorm\n|-damage|p2b: Dusclops|35\/48|[from] Sandstorm\n|upkeep\n|turn|2\n|j| misouri\n|\n|t:|1606036170\n|move|p1b: Tapu Fini|Muddy Water|p2b: Dusclops|[spread] p2a,p2b\n|-supereffective|p2a: Incineroar\n|-damage|p2a: Incineroar|27\/48\n|-damage|p2b: Dusclops|29\/48\n|move|p2a: Incineroar|Parting Shot|p1a: Gigalith\n|-unboost|p1a: Gigalith|atk|1\n|-unboost|p1a: Gigalith|spa|1\n|\n|t:|1606036184\n|switch|p2a: Tapu Fini|Tapu Fini, L50, shiny|48\/48|[from]move: Parting Shot\n|move|p1a: Gigalith|Max Steelspike|p2b: Dusclops\n|-damage|p2b: Dusclops|22\/48\n|-boost|p1a: Gigalith|def|1\n|-boost|p1b: Tapu Fini|def|1\n|move|p2b: Dusclops|Pain Split|p1b: Tapu Fini\n|-sethp|p1b: Tapu Fini|31\/48|[from] move: Pain Split|[silent]\n|-sethp|p2b: Dusclops|38\/48|[from] move: Pain Split\n|\n|-weather|Sandstorm|[upkeep]\n|-damage|p2a: Tapu Fini|45\/48|[from] Sandstorm\n|-damage|p1b: Tapu Fini|28\/48|[from] Sandstorm\n|-damage|p2b: Dusclops|35\/48|[from] Sandstorm\n|upkeep\n|turn|3\n|\n|t:|1606036198\n|switch|p1b: Dracozolt|Dracozolt, L50|48\/48\n|move|p2a: Tapu Fini|Moonblast|p1b: Dracozolt\n|-supereffective|p1b: Dracozolt\n|-damage|p1b: Dracozolt|0 fnt\n|faint|p1b: Dracozolt\n|move|p2b: Dusclops|Night Shade|p1a: Gigalith\n|-damage|p1a: Gigalith|41\/48\n|move|p1a: Gigalith|Max Quake|p2b: Dusclops\n|-damage|p2b: Dusclops|28\/48\n|-boost|p1a: Gigalith|spd|1\n|\n|-weather|Sandstorm|[upkeep]\n|-damage|p2a: Tapu Fini|42\/48|[from] Sandstorm\n|-damage|p2b: Dusclops|25\/48|[from] Sandstorm\n|-end|p1a: Gigalith|Dynamax\n|-heal|p1a: Gigalith|41\/48|[silent]\n|upkeep\n|\n|t:|1606036204\n|switch|p1b: Tapu Fini|Tapu Fini, L50|28\/48\n|turn|4\n|\n|t:|1606036215\n|move|p2a: Tapu Fini|Calm Mind|p2a: Tapu Fini\n|-boost|p2a: Tapu Fini|spa|1\n|-boost|p2a: Tapu Fini|spd|1\n|move|p1b: Tapu Fini|Muddy Water|p2b: Dusclops|[spread] p2a,p2b\n|-resisted|p2a: Tapu Fini\n|-damage|p2a: Tapu Fini|39\/48\n|-damage|p2b: Dusclops|19\/48\n|move|p1a: Gigalith|Stomping Tantrum|p2a: Tapu Fini\n|-damage|p2a: Tapu Fini|32\/48\n|move|p2b: Dusclops|Pain Split|p1a: Gigalith\n|-sethp|p1a: Gigalith|28\/48|[from] move: Pain Split|[silent]\n|-sethp|p2b: Dusclops|37\/48|[from] move: Pain Split\n|\n|-weather|Sandstorm|[upkeep]\n|-damage|p2a: Tapu Fini|29\/48|[from] Sandstorm\n|-damage|p1b: Tapu Fini|25\/48|[from] Sandstorm\n|-damage|p2b: Dusclops|34\/48|[from] Sandstorm\n|upkeep\n|turn|5\n|\n|t:|1606036234\n|move|p2a: Tapu Fini|Moonblast|p1b: Tapu Fini\n|-damage|p1b: Tapu Fini|1\/48\n|-enditem|p1b: Tapu Fini|Mago Berry|[eat]\n|-heal|p1b: Tapu Fini|16\/48|[from] item: Mago Berry\n|move|p1b: Tapu Fini|Moonblast|p2a: Tapu Fini\n|-damage|p2a: Tapu Fini|20\/48\n|-enditem|p2a: Tapu Fini|Sitrus Berry|[eat]\n|-heal|p2a: Tapu Fini|32\/48|[from] item: Sitrus Berry\n|move|p1a: Gigalith|Stone Edge|p2a: Tapu Fini\n|-damage|p2a: Tapu Fini|20\/48\n|move|p2b: Dusclops|Night Shade|p1b: Tapu Fini\n|-damage|p1b: Tapu Fini|2\/48\n|\n|-weather|none\n|-fieldend|Misty Terrain\n|upkeep\n|turn|6\n|\n|t:|1606036252\n|move|p2a: Tapu Fini|Muddy Water|p1b: Tapu Fini|[spread] p1a\n|-miss|p2a: Tapu Fini|p1b: Tapu Fini\n|-supereffective|p1a: Gigalith\n|-damage|p1a: Gigalith|7\/48\n|-unboost|p1a: Gigalith|accuracy|1\n|move|p1b: Tapu Fini|Moonblast|p2a: Tapu Fini\n|-damage|p2a: Tapu Fini|12\/48\n|move|p1a: Gigalith|Stone Edge|p2a: Tapu Fini\n|-damage|p2a: Tapu Fini|1\/48\n|move|p2b: Dusclops|Night Shade|p1a: Gigalith\n|-damage|p1a: Gigalith|0 fnt\n|faint|p1a: Gigalith\n|\n|upkeep\n|\n|t:|1606036256\n|switch|p1a: Zapdos|Zapdos-Galar, L50|48\/48\n|turn|7\n|-message|bhkg forfeited.\n|\n|win|raldlee69\n|l|\u2606bhkg\n|l| DittoTang\n|raw|bhkg's rating: 1521 &rarr; <strong>1501<\/strong><br \/>(-20 for losing)\n|raw|raldlee69's rating: 1521 &rarr; <strong>1541<\/strong><br \/>(+20 for winning)\n|l| misouri\n","uploadtime":1606036293,"views":6,"p1id":"bhkg","p2id":"raldlee69","formatid":"gen8vgc2021","rating":1501,"private":0,"password":null}