{"id":"gen8ubers-1606572626","p1":"Ope1ucid","p2":"Turn 2","format":"gen8ubers","log":"|j|\u2606Ope1ucid\n|j|\u2606Turn 2\n|t:|1656492115\n|gametype|singles\n|player|p1|Ope1ucid|ghetsis|1380\n|player|p2|Turn 2|roxie|1192\n|teamsize|p1|6\n|teamsize|p2|6\n|gen|8\n|tier|[Gen 8] Ubers\n|rated|\n|rule|Sleep Clause Mod: Limit one foe put to sleep\n|rule|Species Clause: Limit one of each Pok\u00e9mon\n|rule|OHKO Clause: OHKO moves are banned\n|rule|Evasion Moves Clause: Evasion moves are banned\n|rule|Endless Battle Clause: Forcing endless battles is banned\n|rule|HP Percentage Mod: HP is shown in percentages\n|rule|Dynamax Clause: You cannot dynamax\n|clearpoke\n|poke|p1|Eternatus|\n|poke|p1|Groudon|\n|poke|p1|Xerneas-*|\n|poke|p1|Yveltal|\n|poke|p1|Necrozma-Dusk-Mane|\n|poke|p1|Calyrex-Shadow|\n|poke|p2|Landorus-Therian, M|\n|poke|p2|Tapu Lele|\n|poke|p2|Alakazam, M|\n|poke|p2|Ferrothorn, M|\n|poke|p2|Moltres-Galar|\n|poke|p2|Toxapex, M|\n|teampreview\n|inactive|Battle timer is ON: inactive players will automatically lose when time's up. (requested by Ope1ucid)\n|c|\u2606Ope1ucid|hf\n|\n|t:|1656492123\n|start\n|switch|p1a: Groudon|Groudon|100\/100\n|switch|p2a: Temple|Ferrothorn, M, shiny|100\/100\n|-weather|SunnyDay|[from] ability: Drought|[of] p1a: Groudon\n|turn|1\n|\n|t:|1656492130\n|move|p1a: Groudon|Thunder Wave|p2a: Temple\n|-status|p2a: Temple|par\n|move|p2a: Temple|Leech Seed|p1a: Groudon\n|-start|p1a: Groudon|move: Leech Seed\n|\n|-weather|SunnyDay|[upkeep]\n|-damage|p1a: Groudon|88\/100|[from] Leech Seed|[of] p2a: Temple\n|upkeep\n|turn|2\n|\n|t:|1656492139\n|switch|p1a: Eternatus|Eternatus|100\/100\n|-ability|p1a: Eternatus|Pressure\n|switch|p2a: Serpentine|Toxapex, M, shiny|100\/100\n|\n|-weather|SunnyDay|[upkeep]\n|upkeep\n|turn|3\n|\n|t:|1656492149\n|move|p1a: Eternatus|Toxic Spikes|p2a: Serpentine\n|-sidestart|p2: Turn 2|move: Toxic Spikes\n|move|p2a: Serpentine|Light Screen|p2a: Serpentine\n|-sidestart|p2: Turn 2|move: Light Screen\n|\n|-weather|SunnyDay|[upkeep]\n|upkeep\n|turn|4\n|\n|t:|1656492156\n|switch|p2a: Prophet|Alakazam, M, shiny|100\/100\n|-status|p2a: Prophet|psn\n|move|p1a: Eternatus|Dragon Tail|p2a: Prophet\n|-damage|p2a: Prophet|62\/100 psn\n|drag|p2a: Enten|Landorus-Therian, M, shiny|100\/100\n|-ability|p2a: Enten|Intimidate|boost\n|-unboost|p1a: Eternatus|atk|1\n|\n|-weather|SunnyDay|[upkeep]\n|upkeep\n|turn|5\n|\n|t:|1656492171\n|switch|p1a: Xerneas|Xerneas|100\/100\n|-ability|p1a: Xerneas|Fairy Aura\n|switch|p2a: Serpentine|Toxapex, M, shiny|100\/100\n|-sideend|p2: Turn 2|move: Toxic Spikes|[of] p2a: Serpentine\n|\n|-weather|none\n|upkeep\n|turn|6\n|\n|t:|1656492186\n|switch|p1a: Groudon|Groudon|88\/100\n|-weather|SunnyDay|[from] ability: Drought|[of] p1a: Groudon\n|move|p2a: Serpentine|Haze|p2a: Serpentine\n|-clearallboost\n|\n|-weather|SunnyDay|[upkeep]\n|-heal|p1a: Groudon|94\/100|[from] item: Leftovers\n|upkeep\n|turn|7\n|\n|t:|1656492197\n|move|p1a: Groudon|Swords Dance|p1a: Groudon\n|-boost|p1a: Groudon|atk|2\n|move|p2a: Serpentine|Scald|p1a: Groudon\n|-supereffective|p1a: Groudon\n|-damage|p1a: Groudon|79\/100\n|-status|p1a: Groudon|brn\n|\n|-weather|SunnyDay|[upkeep]\n|-heal|p1a: Groudon|86\/100 brn|[from] item: Leftovers\n|-damage|p1a: Groudon|79\/100 brn|[from] brn\n|-sideend|p2: Turn 2|move: Light Screen\n|upkeep\n|turn|8\n|\n|t:|1656492210\n|switch|p2a: Enten|Landorus-Therian, M, shiny|100\/100\n|-ability|p2a: Enten|Intimidate|boost\n|-unboost|p1a: Groudon|atk|1\n|move|p1a: Groudon|Earthquake|p2a: Enten\n|-immune|p2a: Enten\n|\n|-weather|SunnyDay|[upkeep]\n|-heal|p1a: Groudon|86\/100 brn|[from] item: Leftovers\n|-damage|p1a: Groudon|79\/100 brn|[from] brn\n|upkeep\n|turn|9\n|\n|t:|1656492223\n|switch|p1a: Xerneas|Xerneas|100\/100\n|-ability|p1a: Xerneas|Fairy Aura\n|move|p2a: Enten|U-turn|p1a: Xerneas\n|-resisted|p1a: Xerneas\n|-damage|p1a: Xerneas|94\/100\n|\n|t:|1656492231\n|switch|p2a: Serpentine|Toxapex, M, shiny|100\/100|[from]move: U-turn\n|\n|-weather|SunnyDay|[upkeep]\n|-heal|p1a: Xerneas|100\/100|[from] item: Leftovers\n|upkeep\n|turn|10\n|\n|t:|1656492238\n|move|p1a: Xerneas|Aromatherapy|p1a: Xerneas\n|-activate|p1a: Xerneas|move: Aromatherapy\n|-curestatus|p1: Groudon|brn|[msg]\n|move|p2a: Serpentine|Haze|p2a: Serpentine\n|-clearallboost\n|\n|-weather|none\n|upkeep\n|turn|11\n|\n|t:|1656492246\n|switch|p1a: Groudon|Groudon|79\/100\n|-weather|SunnyDay|[from] ability: Drought|[of] p1a: Groudon\n|move|p2a: Serpentine|Scald|p1a: Groudon\n|-supereffective|p1a: Groudon\n|-crit|p1a: Groudon\n|-damage|p1a: Groudon|56\/100\n|\n|-weather|SunnyDay|[upkeep]\n|-heal|p1a: Groudon|62\/100|[from] item: Leftovers\n|upkeep\n|turn|12\n|\n|t:|1656492257\n|move|p1a: Groudon|Thunder Wave|p2a: Serpentine\n|-status|p2a: Serpentine|par\n|move|p2a: Serpentine|Scald|p1a: Groudon\n|-supereffective|p1a: Groudon\n|-damage|p1a: Groudon|48\/100\n|\n|-weather|SunnyDay|[upkeep]\n|-heal|p1a: Groudon|54\/100|[from] item: Leftovers\n|upkeep\n|turn|13\n|\n|t:|1656492267\n|move|p1a: Groudon|Rock Slide|p2a: Serpentine\n|-crit|p2a: Serpentine\n|-damage|p2a: Serpentine|79\/100 par\n|-enditem|p2a: Serpentine|Eject Button\n|\n|t:|1656492272\n|switch|p2a: Enten|Landorus-Therian, M, shiny|100\/100\n|-ability|p2a: Enten|Intimidate|boost\n|-unboost|p1a: Groudon|atk|1\n|\n|-weather|SunnyDay|[upkeep]\n|-heal|p1a: Groudon|60\/100|[from] item: Leftovers\n|upkeep\n|turn|14\n|\n|t:|1656492283\n|switch|p1a: Xerneas|Xerneas|100\/100\n|-ability|p1a: Xerneas|Fairy Aura\n|move|p2a: Enten|Earthquake|p1a: Xerneas\n|-damage|p1a: Xerneas|75\/100\n|\n|-weather|SunnyDay|[upkeep]\n|-heal|p1a: Xerneas|82\/100|[from] item: Leftovers\n|upkeep\n|turn|15\n|\n|t:|1656492293\n|switch|p2a: Serpentine|Toxapex, M, shiny|100\/100 par\n|move|p1a: Xerneas|Moonblast|p2a: Serpentine\n|-resisted|p2a: Serpentine\n|-damage|p2a: Serpentine|78\/100 par\n|-unboost|p2a: Serpentine|spa|1\n|\n|-weather|none\n|-heal|p1a: Xerneas|88\/100|[from] item: Leftovers\n|upkeep\n|turn|16\n|\n|t:|1656492309\n|switch|p1a: Yveltal|Yveltal|100\/100\n|-ability|p1a: Yveltal|Dark Aura\n|move|p2a: Serpentine|Haze|p2a: Serpentine\n|-clearallboost\n|\n|upkeep\n|turn|17\n|\n|t:|1656492317\n|move|p1a: Yveltal|Snarl|p2a: Serpentine\n|-damage|p2a: Serpentine|51\/100 par\n|-unboost|p2a: Serpentine|spa|1\n|move|p2a: Serpentine|Scald|p1a: Yveltal\n|-damage|p1a: Yveltal|92\/100\n|-status|p1a: Yveltal|brn\n|\n|-damage|p1a: Yveltal|86\/100 brn|[from] brn\n|upkeep\n|turn|18\n|\n|t:|1656492330\n|switch|p2a: Dark Blood|Moltres-Galar|100\/100\n|move|p1a: Yveltal|Snarl|p2a: Dark Blood\n|-resisted|p2a: Dark Blood\n|-damage|p2a: Dark Blood|87\/100\n|-unboost|p2a: Dark Blood|spa|1\n|\n|-damage|p1a: Yveltal|80\/100 brn|[from] brn\n|upkeep\n|turn|19\n|inactive|Ope1ucid has 120 seconds left.\n|\n|t:|1656492387\n|move|p1a: Yveltal|Snarl|p2a: Dark Blood\n|-resisted|p2a: Dark Blood\n|-damage|p2a: Dark Blood|76\/100\n|-unboost|p2a: Dark Blood|spa|1\n|move|p2a: Dark Blood|Nasty Plot|p2a: Dark Blood\n|-boost|p2a: Dark Blood|spa|2\n|\n|-damage|p1a: Yveltal|74\/100 brn|[from] brn\n|upkeep\n|turn|20\n|\n|t:|1656492397\n|switch|p1a: Xerneas|Xerneas|88\/100\n|-ability|p1a: Xerneas|Fairy Aura\n|move|p2a: Dark Blood|Nasty Plot|p2a: Dark Blood\n|-boost|p2a: Dark Blood|spa|2\n|\n|-heal|p1a: Xerneas|94\/100|[from] item: Leftovers\n|upkeep\n|turn|21\n|\n|t:|1656492407\n|move|p2a: Dark Blood|Hurricane|p1a: Xerneas|[miss]\n|-miss|p2a: Dark Blood|p1a: Xerneas\n|move|p1a: Xerneas|Moonblast|p2a: Dark Blood\n|-supereffective|p2a: Dark Blood\n|-damage|p2a: Dark Blood|0 fnt\n|faint|p2a: Dark Blood\n|\n|-heal|p1a: Xerneas|99\/100|[from] item: Leftovers\n|upkeep\n|\n|t:|1656492417\n|switch|p2a: Unicron|Tapu Lele, shiny|100\/100\n|-fieldstart|move: Psychic Terrain|[from] ability: Psychic Surge|[of] p2a: Unicron\n|turn|22\n|\n|t:|1656492425\n|move|p2a: Unicron|Psychic|p1a: Xerneas\n|-damage|p1a: Xerneas|28\/100\n|move|p1a: Xerneas|Aromatherapy|p1a: Xerneas\n|-activate|p1a: Xerneas|move: Aromatherapy\n|-curestatus|p1: Yveltal|brn|[msg]\n|\n|-heal|p1a: Xerneas|34\/100|[from] item: Leftovers\n|upkeep\n|turn|23\n|\n|t:|1656492434\n|switch|p1a: Necrozma|Necrozma-Dusk-Mane|100\/100\n|move|p2a: Unicron|Psychic|p1a: Necrozma\n|-resisted|p1a: Necrozma\n|-damage|p1a: Necrozma|82\/100\n|\n|upkeep\n|turn|24\n|\n|t:|1656492441\n|switch|p2a: Enten|Landorus-Therian, M, shiny|100\/100\n|-ability|p2a: Enten|Intimidate|boost\n|-unboost|p1a: Necrozma|atk|1\n|move|p1a: Necrozma|Stealth Rock|p2a: Enten\n|-sidestart|p2: Turn 2|move: Stealth Rock\n|\n|upkeep\n|turn|25\n|\n|t:|1656492448\n|switch|p1a: Xerneas|Xerneas|34\/100\n|-ability|p1a: Xerneas|Fairy Aura\n|move|p2a: Enten|Earthquake|p1a: Xerneas\n|-damage|p1a: Xerneas|9\/100\n|\n|-heal|p1a: Xerneas|15\/100|[from] item: Leftovers\n|upkeep\n|turn|26\n|\n|t:|1656492460\n|move|p1a: Xerneas|Rest|p1a: Xerneas\n|-status|p1a: Xerneas|slp|[from] move: Rest\n|-heal|p1a: Xerneas|100\/100 slp|[silent]\n|move|p2a: Enten|Earthquake|p1a: Xerneas\n|-damage|p1a: Xerneas|75\/100 slp\n|\n|-heal|p1a: Xerneas|82\/100 slp|[from] item: Leftovers\n|-fieldend|move: Psychic Terrain\n|upkeep\n|turn|27\n|\n|t:|1656492470\n|cant|p1a: Xerneas|slp\n|move|p1a: Xerneas|Sleep Talk|p1a: Xerneas\n|move|p1a: Xerneas|Moonblast|p2a: Enten|[from]move: Sleep Talk\n|-damage|p2a: Enten|59\/100\n|-unboost|p2a: Enten|spa|1\n|move|p2a: Enten|Defog|p1a: Xerneas\n|-unboost|p1a: Xerneas|evasion|1\n|-sideend|p2: Turn 2|Stealth Rock|[from] move: Defog|[of] p2a: Enten\n|\n|-heal|p1a: Xerneas|88\/100 slp|[from] item: Leftovers\n|-heal|p2a: Enten|65\/100|[from] item: Leftovers\n|upkeep\n|turn|28\n|\n|t:|1656492485\n|switch|p2a: Temple|Ferrothorn, M, shiny|100\/100 par\n|cant|p1a: Xerneas|slp\n|move|p1a: Xerneas|Sleep Talk|p1a: Xerneas\n|move|p1a: Xerneas|Aromatherapy|p1a: Xerneas|[from]move: Sleep Talk\n|-activate|p1a: Xerneas|move: Aromatherapy\n|-curestatus|p1a: Xerneas|slp|[msg]\n|\n|-heal|p1a: Xerneas|94\/100|[from] item: Leftovers\n|upkeep\n|turn|29\n|\n|t:|1656492498\n|switch|p1a: Eternatus|Eternatus|100\/100\n|-ability|p1a: Eternatus|Pressure\n|move|p2a: Temple|Leech Seed|p1a: Eternatus\n|-start|p1a: Eternatus|move: Leech Seed\n|\n|-damage|p1a: Eternatus|88\/100|[from] Leech Seed|[of] p2a: Temple\n|upkeep\n|turn|30\n|\n|t:|1656492508\n|move|p1a: Eternatus|Mystical Fire|p2a: Temple\n|-supereffective|p2a: Temple\n|-damage|p2a: Temple|45\/100 par\n|-unboost|p2a: Temple|spa|1\n|move|p2a: Temple|Stealth Rock|p1a: Eternatus\n|-sidestart|p1: Ope1ucid|move: Stealth Rock\n|\n|-heal|p1a: Eternatus|94\/100|[from] item: Black Sludge\n|-heal|p2a: Temple|51\/100 par|[from] item: Leftovers\n|-damage|p1a: Eternatus|82\/100|[from] Leech Seed|[of] p2a: Temple\n|-heal|p2a: Temple|68\/100 par|[silent]\n|upkeep\n|turn|31\n|\n|t:|1656492520\n|switch|p2a: Serpentine|Toxapex, M, shiny|85\/100 par\n|move|p1a: Eternatus|Dragon Tail|p2a: Serpentine\n|-damage|p2a: Serpentine|75\/100 par\n|drag|p2a: Enten|Landorus-Therian, M, shiny|65\/100\n|-ability|p2a: Enten|Intimidate|boost\n|-unboost|p1a: Eternatus|atk|1\n|\n|-heal|p1a: Eternatus|88\/100|[from] item: Black Sludge\n|-heal|p2a: Enten|71\/100|[from] item: Leftovers\n|-damage|p1a: Eternatus|76\/100|[from] Leech Seed|[of] p2a: Enten\n|-heal|p2a: Enten|87\/100|[silent]\n|upkeep\n|turn|32\n|\n|t:|1656492534\n|switch|p1a: Yveltal|Yveltal|74\/100\n|-ability|p1a: Yveltal|Dark Aura\n|move|p2a: Enten|Earthquake|p1a: Yveltal\n|-immune|p1a: Yveltal\n|\n|-heal|p2a: Enten|93\/100|[from] item: Leftovers\n|upkeep\n|turn|33\n|\n|t:|1656492545\n|move|p1a: Yveltal|Foul Play|p2a: Enten\n|-damage|p2a: Enten|40\/100\n|move|p2a: Enten|Toxic|p1a: Yveltal\n|-status|p1a: Yveltal|tox\n|\n|-heal|p2a: Enten|46\/100|[from] item: Leftovers\n|-damage|p1a: Yveltal|68\/100 tox|[from] psn\n|upkeep\n|turn|34\n|\n|t:|1656492555\n|switch|p2a: Serpentine|Toxapex, M, shiny|100\/100 par\n|move|p1a: Yveltal|Defog|p2a: Serpentine\n|-unboost|p2a: Serpentine|evasion|1\n|-sideend|p1: Ope1ucid|Stealth Rock|[from] move: Defog|[of] p1a: Yveltal\n|\n|-damage|p1a: Yveltal|56\/100 tox|[from] psn\n|upkeep\n|turn|35\n|\n|t:|1656492565\n|switch|p1a: Xerneas|Xerneas|94\/100\n|-ability|p1a: Xerneas|Fairy Aura\n|move|p2a: Serpentine|Scald|p1a: Xerneas\n|-damage|p1a: Xerneas|82\/100\n|\n|-heal|p1a: Xerneas|89\/100|[from] item: Leftovers\n|upkeep\n|turn|36\n|\n|t:|1656492575\n|switch|p2a: Temple|Ferrothorn, M, shiny|68\/100 par\n|move|p1a: Xerneas|Aromatherapy|p1a: Xerneas\n|-activate|p1a: Xerneas|move: Aromatherapy\n|-curestatus|p1: Yveltal|tox|[msg]\n|\n|-heal|p1a: Xerneas|95\/100|[from] item: Leftovers\n|-heal|p2a: Temple|74\/100 par|[from] item: Leftovers\n|upkeep\n|turn|37\n|inactive|Ope1ucid has 120 seconds left.\n|\n|t:|1656492614\n|switch|p1a: Eternatus|Eternatus|76\/100\n|-ability|p1a: Eternatus|Pressure\n|move|p2a: Temple|Leech Seed|p1a: Eternatus\n|-start|p1a: Eternatus|move: Leech Seed\n|\n|-heal|p1a: Eternatus|82\/100|[from] item: Black Sludge\n|-heal|p2a: Temple|80\/100 par|[from] item: Leftovers\n|-damage|p1a: Eternatus|70\/100|[from] Leech Seed|[of] p2a: Temple\n|-heal|p2a: Temple|97\/100 par|[silent]\n|upkeep\n|turn|38\n|inactive|Ope1ucid has 120 seconds left.\n|\n|t:|1656492626\n|move|p1a: Eternatus|Recover|p1a: Eternatus\n|-heal|p1a: Eternatus|100\/100\n|move|p2a: Temple|Stealth Rock|p1a: Eternatus\n|-sidestart|p1: Ope1ucid|move: Stealth Rock\n|\n|-heal|p2a: Temple|100\/100 par|[from] item: Leftovers\n|-damage|p1a: Eternatus|88\/100|[from] Leech Seed|[of] p2a: Temple\n|upkeep\n|turn|39\n|\n|t:|1656492636\n|move|p1a: Eternatus|Mystical Fire|p2a: Temple\n|-supereffective|p2a: Temple\n|-damage|p2a: Temple|37\/100 par\n|-unboost|p2a: Temple|spa|1\n|move|p2a: Temple|Knock Off|p1a: Eternatus\n|-damage|p1a: Eternatus|73\/100\n|-enditem|p1a: Eternatus|Black Sludge|[from] move: Knock Off|[of] p2a: Temple\n|\n|-heal|p2a: Temple|43\/100 par|[from] item: Leftovers\n|-damage|p1a: Eternatus|60\/100|[from] Leech Seed|[of] p2a: Temple\n|-heal|p2a: Temple|60\/100 par|[silent]\n|upkeep\n|turn|40\n|\n|t:|1656492649\n|switch|p2a: Enten|Landorus-Therian, M, shiny|46\/100\n|-ability|p2a: Enten|Intimidate|boost\n|-unboost|p1a: Eternatus|atk|1\n|move|p1a: Eternatus|Recover|p1a: Eternatus\n|-heal|p1a: Eternatus|100\/100\n|\n|-heal|p2a: Enten|52\/100|[from] item: Leftovers\n|-damage|p1a: Eternatus|88\/100|[from] Leech Seed|[of] p2a: Enten\n|-heal|p2a: Enten|67\/100|[silent]\n|upkeep\n|turn|41\n|\n|t:|1656492660\n|switch|p1a: Xerneas|Xerneas|95\/100\n|-damage|p1a: Xerneas|82\/100|[from] Stealth Rock\n|-ability|p1a: Xerneas|Fairy Aura\n|move|p2a: Enten|Toxic|p1a: Xerneas|[miss]\n|-miss|p2a: Enten|p1a: Xerneas\n|\n|-heal|p1a: Xerneas|89\/100|[from] item: Leftovers\n|-heal|p2a: Enten|73\/100|[from] item: Leftovers\n|upkeep\n|turn|42\n|\n|t:|1656492672\n|switch|p1a: Yveltal|Yveltal|56\/100\n|-ability|p1a: Yveltal|Dark Aura\n|move|p2a: Enten|U-turn|p1a: Yveltal\n|-damage|p1a: Yveltal|36\/100\n|\n|t:|1656492679\n|switch|p2a: Unicron|Tapu Lele, shiny|100\/100|[from]move: U-turn\n|-fieldstart|move: Psychic Terrain|[from] ability: Psychic Surge|[of] p2a: Unicron\n|\n|upkeep\n|turn|43\n|\n|t:|1656492685\n|switch|p1a: Necrozma|Necrozma-Dusk-Mane|82\/100\n|-damage|p1a: Necrozma|76\/100|[from] Stealth Rock\n|move|p2a: Unicron|Moonblast|p1a: Necrozma\n|-resisted|p1a: Necrozma\n|-damage|p1a: Necrozma|45\/100\n|\n|upkeep\n|turn|44\n|\n|t:|1656492694\n|move|p2a: Unicron|Moonblast|p1a: Necrozma\n|-resisted|p1a: Necrozma\n|-damage|p1a: Necrozma|17\/100\n|-unboost|p1a: Necrozma|spa|1\n|move|p1a: Necrozma|Morning Sun|p1a: Necrozma\n|-heal|p1a: Necrozma|67\/100\n|\n|upkeep\n|turn|45\n|\n|t:|1656492703\n|switch|p2a: Enten|Landorus-Therian, M, shiny|73\/100\n|-ability|p2a: Enten|Intimidate|boost\n|-unboost|p1a: Necrozma|atk|1\n|move|p1a: Necrozma|Thunder Wave|p2a: Enten\n|-immune|p2a: Enten\n|\n|-heal|p2a: Enten|80\/100|[from] item: Leftovers\n|upkeep\n|turn|46\n|\n|t:|1656492713\n|switch|p1a: Yveltal|Yveltal|36\/100\n|-ability|p1a: Yveltal|Dark Aura\n|move|p2a: Enten|Toxic|p1a: Yveltal|[miss]\n|-miss|p2a: Enten|p1a: Yveltal\n|\n|-heal|p2a: Enten|86\/100|[from] item: Leftovers\n|-fieldend|move: Psychic Terrain\n|upkeep\n|turn|47\n|\n|t:|1656492723\n|move|p1a: Yveltal|Roost|p1a: Yveltal\n|-heal|p1a: Yveltal|86\/100\n|-singleturn|p1a: Yveltal|move: Roost\n|move|p2a: Enten|Toxic|p1a: Yveltal\n|-status|p1a: Yveltal|tox\n|\n|-heal|p2a: Enten|92\/100|[from] item: Leftovers\n|-damage|p1a: Yveltal|80\/100 tox|[from] psn\n|upkeep\n|turn|48\n|\n|t:|1656492741\n|move|p1a: Yveltal|Defog|p2a: Enten\n|-unboost|p2a: Enten|evasion|1\n|-sideend|p1: Ope1ucid|Stealth Rock|[from] move: Defog|[of] p1a: Yveltal\n|move|p2a: Enten|U-turn|p1a: Yveltal\n|-damage|p1a: Yveltal|60\/100 tox\n|\n|t:|1656492747\n|switch|p2a: Unicron|Tapu Lele, shiny|100\/100|[from]move: U-turn\n|-fieldstart|move: Psychic Terrain|[from] ability: Psychic Surge|[of] p2a: Unicron\n|\n|-damage|p1a: Yveltal|48\/100 tox|[from] psn\n|upkeep\n|turn|49\n|\n|t:|1656492758\n|switch|p1a: Xerneas|Xerneas|89\/100\n|-ability|p1a: Xerneas|Fairy Aura\n|move|p2a: Unicron|Moonblast|p1a: Xerneas\n|-damage|p1a: Xerneas|16\/100\n|-unboost|p1a: Xerneas|spa|1\n|\n|-heal|p1a: Xerneas|22\/100|[from] item: Leftovers\n|upkeep\n|turn|50\n|\n|t:|1656492768\n|switch|p1a: Necrozma|Necrozma-Dusk-Mane|67\/100\n|move|p2a: Unicron|Moonblast|p1a: Necrozma\n|-resisted|p1a: Necrozma\n|-damage|p1a: Necrozma|40\/100\n|\n|upkeep\n|turn|51\n|\n|t:|1656492776\n|switch|p2a: Enten|Landorus-Therian, M, shiny|92\/100\n|-ability|p2a: Enten|Intimidate|boost\n|-unboost|p1a: Necrozma|atk|1\n|move|p1a: Necrozma|Morning Sun|p1a: Necrozma\n|-heal|p1a: Necrozma|90\/100\n|\n|-heal|p2a: Enten|98\/100|[from] item: Leftovers\n|upkeep\n|turn|52\n|\n|t:|1656492786\n|move|p1a: Necrozma|Stealth Rock|p2a: Enten\n|-sidestart|p2: Turn 2|move: Stealth Rock\n|move|p2a: Enten|Earthquake|p1a: Necrozma\n|-supereffective|p1a: Necrozma\n|-damage|p1a: Necrozma|51\/100\n|\n|-heal|p2a: Enten|100\/100|[from] item: Leftovers\n|-fieldend|move: Psychic Terrain\n|upkeep\n|turn|53\n|\n|t:|1656492796\n|move|p1a: Necrozma|Morning Sun|p1a: Necrozma\n|-heal|p1a: Necrozma|100\/100\n|move|p2a: Enten|Earthquake|p1a: Necrozma\n|-supereffective|p1a: Necrozma\n|-damage|p1a: Necrozma|60\/100\n|\n|upkeep\n|turn|54\n|\n|t:|1656492813\n|switch|p1a: Yveltal|Yveltal|48\/100 tox\n|-ability|p1a: Yveltal|Dark Aura\n|move|p2a: Enten|Earthquake|p1a: Yveltal\n|-immune|p1a: Yveltal\n|\n|-damage|p1a: Yveltal|42\/100 tox|[from] psn\n|upkeep\n|turn|55\n|\n|t:|1656492823\n|move|p1a: Yveltal|Roost|p1a: Yveltal\n|-heal|p1a: Yveltal|92\/100 tox\n|-singleturn|p1a: Yveltal|move: Roost\n|move|p2a: Enten|Defog|p1a: Yveltal\n|-unboost|p1a: Yveltal|evasion|1\n|-sideend|p2: Turn 2|Stealth Rock|[from] move: Defog|[of] p2a: Enten\n|\n|-damage|p1a: Yveltal|80\/100 tox|[from] psn\n|upkeep\n|turn|56\n|\n|t:|1656492833\n|move|p1a: Yveltal|Foul Play|p2a: Enten\n|-damage|p2a: Enten|52\/100\n|move|p2a: Enten|U-turn|p1a: Yveltal\n|-damage|p1a: Yveltal|62\/100 tox\n|\n|t:|1656492840\n|switch|p2a: Unicron|Tapu Lele, shiny|100\/100|[from]move: U-turn\n|-fieldstart|move: Psychic Terrain|[from] ability: Psychic Surge|[of] p2a: Unicron\n|\n|-damage|p1a: Yveltal|44\/100 tox|[from] psn\n|upkeep\n|turn|57\n|\n|t:|1656492853\n|switch|p1a: Necrozma|Necrozma-Dusk-Mane|60\/100\n|move|p2a: Unicron|Thunderbolt|p1a: Necrozma\n|-damage|p1a: Necrozma|25\/100\n|-status|p1a: Necrozma|par\n|\n|upkeep\n|turn|58\n|\n|t:|1656492860\n|switch|p1a: Eternatus|Eternatus|88\/100\n|-ability|p1a: Eternatus|Pressure\n|move|p2a: Unicron|Thunderbolt|p1a: Eternatus\n|-resisted|p1a: Eternatus\n|-damage|p1a: Eternatus|73\/100\n|\n|upkeep\n|turn|59\n|\n|t:|1656492878\n|switch|p1a: Groudon|Groudon|60\/100\n|-weather|SunnyDay|[from] ability: Drought|[of] p1a: Groudon\n|switch|p2a: Enten|Landorus-Therian, M, shiny|52\/100\n|-ability|p2a: Enten|Intimidate|boost\n|-unboost|p1a: Groudon|atk|1\n|\n|-weather|SunnyDay|[upkeep]\n|-heal|p1a: Groudon|67\/100|[from] item: Leftovers\n|-heal|p2a: Enten|59\/100|[from] item: Leftovers\n|upkeep\n|turn|60\n|\n|t:|1656492891\n|move|p1a: Groudon|Rock Slide|p2a: Enten\n|-damage|p2a: Enten|44\/100\n|cant|p2a: Enten|flinch\n|\n|-weather|SunnyDay|[upkeep]\n|-heal|p1a: Groudon|73\/100|[from] item: Leftovers\n|-heal|p2a: Enten|50\/100|[from] item: Leftovers\n|-fieldend|move: Psychic Terrain\n|upkeep\n|turn|61\n|\n|t:|1656492902\n|switch|p2a: Temple|Ferrothorn, M, shiny|60\/100 par\n|move|p1a: Groudon|Rock Slide|p2a: Temple\n|-resisted|p2a: Temple\n|-damage|p2a: Temple|54\/100 par\n|\n|-weather|SunnyDay|[upkeep]\n|-heal|p1a: Groudon|79\/100|[from] item: Leftovers\n|-heal|p2a: Temple|60\/100 par|[from] item: Leftovers\n|upkeep\n|turn|62\n|\n|t:|1656492930\n|switch|p1a: Xerneas|Xerneas|22\/100\n|-ability|p1a: Xerneas|Fairy Aura\n|move|p2a: Temple|Leech Seed|p1a: Xerneas\n|-start|p1a: Xerneas|move: Leech Seed\n|\n|-weather|SunnyDay|[upkeep]\n|-heal|p1a: Xerneas|28\/100|[from] item: Leftovers\n|-heal|p2a: Temple|66\/100 par|[from] item: Leftovers\n|-damage|p1a: Xerneas|16\/100|[from] Leech Seed|[of] p2a: Temple\n|-heal|p2a: Temple|82\/100 par|[silent]\n|upkeep\n|turn|63\n|\n|t:|1656492942\n|move|p1a: Xerneas|Rest|p1a: Xerneas\n|-status|p1a: Xerneas|slp|[from] move: Rest\n|-heal|p1a: Xerneas|100\/100 slp|[silent]\n|move|p2a: Temple|Iron Head|p1a: Xerneas\n|-supereffective|p1a: Xerneas\n|-damage|p1a: Xerneas|71\/100 slp\n|\n|-weather|none\n|-heal|p1a: Xerneas|78\/100 slp|[from] item: Leftovers\n|-heal|p2a: Temple|88\/100 par|[from] item: Leftovers\n|-damage|p1a: Xerneas|65\/100 slp|[from] Leech Seed|[of] p2a: Temple\n|-heal|p2a: Temple|100\/100 par|[silent]\n|upkeep\n|turn|64\n|\n|t:|1656492954\n|switch|p1a: Necrozma|Necrozma-Dusk-Mane|25\/100 par\n|move|p2a: Temple|Knock Off|p1a: Necrozma\n|-supereffective|p1a: Necrozma\n|-damage|p1a: Necrozma|9\/100 par\n|-damage|p2a: Temple|84\/100 par|[from] item: Rocky Helmet|[of] p1a: Necrozma\n|-enditem|p1a: Necrozma|Rocky Helmet|[from] move: Knock Off|[of] p2a: Temple\n|\n|-heal|p2a: Temple|90\/100 par|[from] item: Leftovers\n|upkeep\n|turn|65\n|\n|t:|1656492966\n|move|p1a: Necrozma|Morning Sun|p1a: Necrozma\n|-heal|p1a: Necrozma|59\/100 par\n|cant|p2a: Temple|par\n|\n|-heal|p2a: Temple|96\/100 par|[from] item: Leftovers\n|upkeep\n|turn|66\n|\n|t:|1656492974\n|move|p1a: Necrozma|Stealth Rock|p2a: Temple\n|-sidestart|p2: Turn 2|move: Stealth Rock\n|move|p2a: Temple|Stealth Rock|p1a: Necrozma\n|-sidestart|p1: Ope1ucid|move: Stealth Rock\n|\n|-heal|p2a: Temple|100\/100 par|[from] item: Leftovers\n|upkeep\n|turn|67\n|\n|t:|1656492981\n|switch|p1a: Eternatus|Eternatus|73\/100\n|-damage|p1a: Eternatus|61\/100|[from] Stealth Rock\n|-ability|p1a: Eternatus|Pressure\n|move|p2a: Temple|Leech Seed|p1a: Eternatus\n|-start|p1a: Eternatus|move: Leech Seed\n|\n|-damage|p1a: Eternatus|49\/100|[from] Leech Seed|[of] p2a: Temple\n|upkeep\n|turn|68\n|\n|t:|1656492992\n|move|p1a: Eternatus|Recover|p1a: Eternatus\n|-heal|p1a: Eternatus|99\/100\n|cant|p2a: Temple|par\n|\n|-damage|p1a: Eternatus|86\/100|[from] Leech Seed|[of] p2a: Temple\n|upkeep\n|turn|69\n|\n|t:|1656493001\n|switch|p2a: Serpentine|Toxapex, M, shiny|100\/100 par\n|-damage|p2a: Serpentine|88\/100 par|[from] Stealth Rock\n|move|p1a: Eternatus|Mystical Fire|p2a: Serpentine\n|-resisted|p2a: Serpentine\n|-damage|p2a: Serpentine|79\/100 par\n|-unboost|p2a: Serpentine|spa|1\n|\n|-damage|p1a: Eternatus|74\/100|[from] Leech Seed|[of] p2a: Serpentine\n|-heal|p2a: Serpentine|99\/100 par|[silent]\n|upkeep\n|turn|70\n|\n|t:|1656493018\n|switch|p1a: Xerneas|Xerneas|65\/100 slp\n|-damage|p1a: Xerneas|53\/100 slp|[from] Stealth Rock\n|-ability|p1a: Xerneas|Fairy Aura\n|move|p2a: Serpentine|Scald|p1a: Xerneas\n|-damage|p1a: Xerneas|45\/100 slp\n|\n|-heal|p1a: Xerneas|51\/100 slp|[from] item: Leftovers\n|upkeep\n|turn|71\n|\n|t:|1656493029\n|switch|p2a: Unicron|Tapu Lele, shiny|100\/100\n|-damage|p2a: Unicron|88\/100|[from] Stealth Rock\n|-fieldstart|move: Psychic Terrain|[from] ability: Psychic Surge|[of] p2a: Unicron\n|cant|p1a: Xerneas|slp\n|move|p1a: Xerneas|Sleep Talk|p1a: Xerneas\n|move|p1a: Xerneas|Moonblast|p2a: Unicron|[from]move: Sleep Talk\n|-damage|p2a: Unicron|29\/100\n|\n|-heal|p1a: Xerneas|57\/100 slp|[from] item: Leftovers\n|upkeep\n|turn|72\n|\n|t:|1656493045\n|switch|p1a: Necrozma|Necrozma-Dusk-Mane|59\/100 par\n|-damage|p1a: Necrozma|53\/100 par|[from] Stealth Rock\n|move|p2a: Unicron|Moonblast|p1a: Necrozma\n|-resisted|p1a: Necrozma\n|-damage|p1a: Necrozma|26\/100 par\n|\n|upkeep\n|turn|73\n|\n|t:|1656493053\n|move|p2a: Unicron|Moonblast|p1a: Necrozma\n|-resisted|p1a: Necrozma\n|-damage|p1a: Necrozma|0 fnt\n|faint|p1a: Necrozma\n|\n|upkeep\n|\n|t:|1656493060\n|switch|p1a: Groudon|Groudon|79\/100\n|-damage|p1a: Groudon|73\/100|[from] Stealth Rock\n|-weather|SunnyDay|[from] ability: Drought|[of] p1a: Groudon\n|turn|74\n|\n|t:|1656493066\n|move|p2a: Unicron|Moonblast|p1a: Groudon\n|-damage|p1a: Groudon|2\/100\n|move|p1a: Groudon|Earthquake|p2a: Unicron\n|-damage|p2a: Unicron|0 fnt\n|faint|p2a: Unicron\n|\n|-weather|SunnyDay|[upkeep]\n|-heal|p1a: Groudon|8\/100|[from] item: Leftovers\n|upkeep\n|\n|t:|1656493078\n|switch|p2a: Prophet|Alakazam, M, shiny|62\/100 psn\n|turn|75\n|\n|t:|1656493085\n|move|p2a: Prophet|Expanding Force|p1a: Groudon\n|-damage|p1a: Groudon|0 fnt\n|faint|p1a: Groudon\n|\n|-weather|SunnyDay|[upkeep]\n|-fieldend|move: Psychic Terrain\n|upkeep\n|\n|t:|1656493088\n|switch|p1a: Xerneas|Xerneas|57\/100 slp\n|-damage|p1a: Xerneas|45\/100 slp|[from] Stealth Rock\n|-ability|p1a: Xerneas|Fairy Aura\n|turn|76\n|\n|t:|1656493097\n|move|p2a: Prophet|Expanding Force|p1a: Xerneas\n|-damage|p1a: Xerneas|14\/100 slp\n|cant|p1a: Xerneas|slp\n|move|p1a: Xerneas|Sleep Talk|p1a: Xerneas\n|move|p1a: Xerneas|Moonblast|p2a: Prophet|[from]move: Sleep Talk\n|-damage|p2a: Prophet|0 fnt\n|faint|p2a: Prophet\n|\n|-weather|SunnyDay|[upkeep]\n|-heal|p1a: Xerneas|20\/100 slp|[from] item: Leftovers\n|upkeep\n|\n|t:|1656493110\n|switch|p2a: Enten|Landorus-Therian, M, shiny|50\/100\n|-damage|p2a: Enten|38\/100|[from] Stealth Rock\n|-ability|p2a: Enten|Intimidate|boost\n|-unboost|p1a: Xerneas|atk|1\n|turn|77\n|inactive|Ope1ucid has 120 seconds left.\n|\n|t:|1656493150\n|-curestatus|p1a: Xerneas|slp|[msg]\n|move|p1a: Xerneas|Sleep Talk||[still]\n|-fail|p1a: Xerneas\n|move|p2a: Enten|Earthquake|p1a: Xerneas\n|-damage|p1a: Xerneas|0 fnt\n|faint|p1a: Xerneas\n|\n|-weather|SunnyDay|[upkeep]\n|-heal|p2a: Enten|44\/100|[from] item: Leftovers\n|upkeep\n|\n|t:|1656493156\n|switch|p1a: Calyrex|Calyrex-Shadow|100\/100\n|-ability|p1a: Calyrex|As One\n|-ability|p1a: Calyrex|Unnerve\n|-damage|p1a: Calyrex|88\/100|[from] Stealth Rock\n|turn|78\n|\n|t:|1656493183\n|switch|p2a: Serpentine|Toxapex, M, shiny|100\/100 par\n|-damage|p2a: Serpentine|88\/100 par|[from] Stealth Rock\n|move|p1a: Calyrex|Astral Barrage|p2a: Serpentine\n|-damage|p2a: Serpentine|0 fnt\n|faint|p2a: Serpentine\n|-ability|p1a: Calyrex|Grim Neigh|boost\n|-boost|p1a: Calyrex|spa|1\n|\n|-weather|none\n|upkeep\n|inactive|Turn 2 has 120 seconds left.\n|c|\u2606Turn 2|Gg\n|\n|t:|1656493196\n|switch|p2a: Temple|Ferrothorn, M, shiny|100\/100 par\n|-damage|p2a: Temple|95\/100 par|[from] Stealth Rock\n|turn|79\n|c|\u2606Ope1ucid|ggwp\n|c|\u2606Ope1ucid|very cool team btw\n|\n|t:|1656493205\n|switch|p1a: Eternatus|Eternatus|74\/100\n|-damage|p1a: Eternatus|61\/100|[from] Stealth Rock\n|-ability|p1a: Eternatus|Pressure\n|cant|p2a: Temple|par\n|\n|-heal|p2a: Temple|100\/100 par|[from] item: Leftovers\n|upkeep\n|turn|80\n|\n|t:|1656493215\n|switch|p2a: Enten|Landorus-Therian, M, shiny|44\/100\n|-damage|p2a: Enten|31\/100|[from] Stealth Rock\n|-ability|p2a: Enten|Intimidate|boost\n|-unboost|p1a: Eternatus|atk|1\n|move|p1a: Eternatus|Recover|p1a: Eternatus\n|-heal|p1a: Eternatus|100\/100\n|\n|-heal|p2a: Enten|38\/100|[from] item: Leftovers\n|upkeep\n|turn|81\n|\n|t:|1656493226\n|move|p2a: Enten|Earthquake|p1a: Eternatus\n|-supereffective|p1a: Eternatus\n|-damage|p1a: Eternatus|36\/100\n|move|p1a: Eternatus|Dragon Tail|p2a: Enten\n|-damage|p2a: Enten|28\/100\n|drag|p2a: Temple|Ferrothorn, M, shiny|100\/100 par\n|-damage|p2a: Temple|95\/100 par|[from] Stealth Rock\n|\n|-heal|p2a: Temple|100\/100 par|[from] item: Leftovers\n|upkeep\n|turn|82\n|\n|t:|1656493239\n|move|p1a: Eternatus|Recover|p1a: Eternatus\n|-heal|p1a: Eternatus|86\/100\n|move|p2a: Temple|Leech Seed|p1a: Eternatus\n|-start|p1a: Eternatus|move: Leech Seed\n|\n|-damage|p1a: Eternatus|73\/100|[from] Leech Seed|[of] p2a: Temple\n|upkeep\n|turn|83\n|inactive|Turn 2 has 120 seconds left.\n|\n|t:|1656493256\n|switch|p2a: Enten|Landorus-Therian, M, shiny|28\/100\n|-damage|p2a: Enten|16\/100|[from] Stealth Rock\n|-ability|p2a: Enten|Intimidate|boost\n|-unboost|p1a: Eternatus|atk|1\n|move|p1a: Eternatus|Mystical Fire|p2a: Enten\n|-damage|p2a: Enten|0 fnt\n|faint|p2a: Enten\n|\n|upkeep\n|inactive|Turn 2 has 120 seconds left.\n|\n|t:|1656493267\n|switch|p2a: Temple|Ferrothorn, M, shiny|100\/100 par\n|-damage|p2a: Temple|95\/100 par|[from] Stealth Rock\n|turn|84\n|inactive|Turn 2 has 120 seconds left.\n|\n|t:|1656493274\n|move|p1a: Eternatus|Mystical Fire|p2a: Temple\n|-supereffective|p2a: Temple\n|-damage|p2a: Temple|39\/100 par\n|-unboost|p2a: Temple|spa|1\n|cant|p2a: Temple|par\n|\n|-heal|p2a: Temple|45\/100 par|[from] item: Leftovers\n|-damage|p1a: Eternatus|61\/100|[from] Leech Seed|[of] p2a: Temple\n|-heal|p2a: Temple|62\/100 par|[silent]\n|upkeep\n|turn|85\n|inactive|Turn 2 has 120 seconds left.\n|\n|t:|1656493288\n|move|p1a: Eternatus|Mystical Fire|p2a: Temple\n|-supereffective|p2a: Temple\n|-damage|p2a: Temple|4\/100 par\n|-unboost|p2a: Temple|spa|1\n|move|p2a: Temple|Iron Head|p1a: Eternatus\n|-damage|p1a: Eternatus|42\/100\n|\n|-heal|p2a: Temple|10\/100 par|[from] item: Leftovers\n|-damage|p1a: Eternatus|30\/100|[from] Leech Seed|[of] p2a: Temple\n|-heal|p2a: Temple|27\/100 par|[silent]\n|upkeep\n|turn|86\n|inactive|Turn 2 has 120 seconds left.\n|\n|t:|1656493299\n|move|p1a: Eternatus|Mystical Fire|p2a: Temple\n|-supereffective|p2a: Temple\n|-damage|p2a: Temple|0 fnt\n|faint|p2a: Temple\n|\n|win|Ope1ucid\n|raw|Ope1ucid's rating: 1380 &rarr; <strong>1390<\/strong><br \/>(+10 for winning)\n|raw|Turn 2's rating: 1192 &rarr; <strong>1179<\/strong><br \/>(-13 for losing)\n|c|\u2606Ope1ucid|ggwp\n|c|\u2606Turn 2|Gg\n|l|\u2606Turn 2\n||Ladder isn't responding, score probably updated but might not have (Request timeout).\n","uploadtime":1656493304,"views":17,"p1id":"ope1ucid","p2id":"turn2","formatid":"gen8ubers","rating":1179,"private":0,"password":null}