{"id":"gen8bdspou-1483090402","p1":"SleepyEmboar","p2":"Buhrito","format":"gen8bdspou","log":"|j|\u2606SleepyEmboar\n|j|\u2606Buhrito\n|t:|1640979797\n|gametype|singles\n|player|p1|SleepyEmboar|wikstrom|1421\n|player|p2|Buhrito|102|1504\n|teamsize|p1|6\n|teamsize|p2|6\n|gen|8\n|tier|[Gen 8 BDSP] OU\n|rated|\n|rule|Sleep Clause Mod: Limit one foe put to sleep\n|rule|Species Clause: Limit one of each Pok\u00e9mon\n|rule|OHKO Clause: OHKO moves are banned\n|rule|Evasion Moves Clause: Evasion moves are banned\n|rule|Endless Battle Clause: Forcing endless battles is banned\n|rule|HP Percentage Mod: HP is shown in percentages\n|clearpoke\n|poke|p1|Ursaring, F|\n|poke|p1|Magnezone|\n|poke|p1|Gliscor, M|\n|poke|p1|Scizor, M|\n|poke|p1|Staraptor, F|\n|poke|p1|Latios, M|\n|poke|p2|Mamoswine, M|\n|poke|p2|Scizor, F|\n|poke|p2|Jirachi|\n|poke|p2|Rotom-Wash|\n|poke|p2|Tyranitar, M|\n|poke|p2|Starmie|\n|teampreview\n|inactive|Battle timer is ON: inactive players will automatically lose when time's up. (requested by Buhrito)\n|\n|t:|1640979833\n|start\n|switch|p1a: Ursaring|Ursaring, F|100\/100\n|switch|p2a: Rotom|Rotom-Wash|100\/100\n|turn|1\n|\n|t:|1640979862\n|switch|p1a: Scizor|Scizor, M|100\/100\n|move|p2a: Rotom|Thunder Wave|p1a: Scizor\n|-status|p1a: Scizor|par\n|\n|upkeep\n|turn|2\n|inactive|Buhrito has 120 seconds left.\n|\n|t:|1640979895\n|move|p2a: Rotom|Hydro Pump|p1a: Scizor\n|-damage|p1a: Scizor|60\/100 par\n|move|p1a: Scizor|U-turn|p2a: Rotom\n|-damage|p2a: Rotom|76\/100\n|inactive|SleepyEmboar has 120 seconds left.\n|\n|t:|1640979915\n|switch|p1a: Latios|Latios, M|100\/100|[from]move: U-turn\n|\n|-heal|p2a: Rotom|82\/100|[from] item: Leftovers\n|upkeep\n|turn|3\n|inactive|Buhrito has 120 seconds left.\n|\n|t:|1640979921\n|switch|p1a: Magnezone|Magnezone|100\/100\n|switch|p2a: Jirachi|Jirachi|100\/100\n|\n|upkeep\n|turn|4\n|\n|t:|1640979935\n|move|p2a: Jirachi|Protect|p2a: Jirachi\n|-singleturn|p2a: Jirachi|Protect\n|move|p1a: Magnezone|Thunderbolt|p2a: Jirachi\n|-activate|p2a: Jirachi|move: Protect\n|\n|upkeep\n|turn|5\n|\n|t:|1640979940\n|move|p2a: Jirachi|U-turn|p1a: Magnezone\n|-resisted|p1a: Magnezone\n|-damage|p1a: Magnezone|92\/100\n|\n|t:|1640979942\n|switch|p2a: Mamoswine|Mamoswine, M|100\/100|[from]move: U-turn\n|move|p1a: Magnezone|Thunderbolt|p2a: Mamoswine\n|-immune|p2a: Mamoswine\n|\n|upkeep\n|turn|6\n|\n|t:|1640979953\n|switch|p1a: Staraptor|Staraptor, F|100\/100\n|move|p2a: Mamoswine|Substitute|p2a: Mamoswine\n|-start|p2a: Mamoswine|Substitute\n|-damage|p2a: Mamoswine|76\/100\n|\n|-heal|p2a: Mamoswine|82\/100|[from] item: Leftovers\n|upkeep\n|turn|7\n|\n|t:|1640979962\n|move|p1a: Staraptor|U-turn|p2a: Mamoswine\n|-end|p2a: Mamoswine|Substitute\n|\n|t:|1640979966\n|switch|p1a: Magnezone|Magnezone|92\/100|[from]move: U-turn\n|move|p2a: Mamoswine|Icicle Crash|p1a: Magnezone\n|-resisted|p1a: Magnezone\n|-damage|p1a: Magnezone|67\/100\n|\n|-heal|p2a: Mamoswine|88\/100|[from] item: Leftovers\n|upkeep\n|turn|8\n|\n|t:|1640979974\n|switch|p1a: Staraptor|Staraptor, F|100\/100\n|move|p2a: Mamoswine|Substitute|p2a: Mamoswine\n|-start|p2a: Mamoswine|Substitute\n|-damage|p2a: Mamoswine|63\/100\n|\n|-heal|p2a: Mamoswine|69\/100|[from] item: Leftovers\n|upkeep\n|turn|9\n|\n|t:|1640979978\n|move|p2a: Mamoswine|Ice Shard|p1a: Staraptor\n|-supereffective|p1a: Staraptor\n|-damage|p1a: Staraptor|35\/100\n|move|p1a: Staraptor|U-turn|p2a: Mamoswine\n|-end|p2a: Mamoswine|Substitute\n|\n|t:|1640979988\n|switch|p1a: Latios|Latios, M|100\/100|[from]move: U-turn\n|\n|-heal|p2a: Mamoswine|75\/100|[from] item: Leftovers\n|upkeep\n|turn|10\n|\n|t:|1640979991\n|switch|p2a: Jirachi|Jirachi|100\/100\n|move|p1a: Latios|Draco Meteor|p2a: Jirachi\n|-resisted|p2a: Jirachi\n|-damage|p2a: Jirachi|67\/100\n|-unboost|p1a: Latios|spa|2\n|\n|-heal|p2a: Jirachi|74\/100|[from] item: Leftovers\n|upkeep\n|turn|11\n|\n|t:|1640980002\n|switch|p1a: Gliscor|Gliscor, M|100\/100\n|move|p2a: Jirachi|U-turn|p1a: Gliscor\n|-resisted|p1a: Gliscor\n|-damage|p1a: Gliscor|95\/100\n|\n|t:|1640980004\n|switch|p2a: Mamoswine|Mamoswine, M|75\/100|[from]move: U-turn\n|\n|-heal|p2a: Mamoswine|81\/100|[from] item: Leftovers\n|-status|p1a: Gliscor|tox|[from] item: Toxic Orb\n|upkeep\n|turn|12\n|\n|t:|1640980009\n|switch|p1a: Scizor|Scizor, M|60\/100 par\n|move|p2a: Mamoswine|Icicle Crash|p1a: Scizor|[miss]\n|-miss|p2a: Mamoswine|p1a: Scizor\n|\n|-heal|p2a: Mamoswine|87\/100|[from] item: Leftovers\n|-heal|p1a: Scizor|66\/100 par|[from] item: Leftovers\n|upkeep\n|turn|13\n|\n|t:|1640980016\n|switch|p2a: Starmie|Starmie|100\/100\n|move|p1a: Scizor|U-turn|p2a: Starmie\n|-supereffective|p2a: Starmie\n|-damage|p2a: Starmie|3\/100\n|\n|t:|1640980024\n|switch|p1a: Staraptor|Staraptor, F|35\/100|[from]move: U-turn\n|\n|upkeep\n|turn|14\n|\n|t:|1640980030\n|switch|p2a: Scizor|Scizor, F|100\/100\n|move|p1a: Staraptor|U-turn|p2a: Scizor\n|-resisted|p2a: Scizor\n|-damage|p2a: Scizor|91\/100\n|\n|t:|1640980042\n|switch|p1a: Magnezone|Magnezone|67\/100|[from]move: U-turn\n|\n|-heal|p2a: Scizor|98\/100|[from] item: Leftovers\n|upkeep\n|turn|15\n|\n|t:|1640980050\n|move|p1a: Magnezone|Thunderbolt|p2a: Scizor\n|-damage|p2a: Scizor|19\/100\n|move|p2a: Scizor|U-turn|p1a: Magnezone\n|-resisted|p1a: Magnezone\n|-damage|p1a: Magnezone|50\/100\n|\n|t:|1640980056\n|switch|p2a: Mamoswine|Mamoswine, M|87\/100|[from]move: U-turn\n|\n|-heal|p2a: Mamoswine|93\/100|[from] item: Leftovers\n|upkeep\n|turn|16\n|\n|t:|1640980065\n|switch|p1a: Staraptor|Staraptor, F|35\/100\n|move|p2a: Mamoswine|Substitute|p2a: Mamoswine\n|-start|p2a: Mamoswine|Substitute\n|-damage|p2a: Mamoswine|68\/100\n|\n|-heal|p2a: Mamoswine|74\/100|[from] item: Leftovers\n|upkeep\n|turn|17\n|\n|t:|1640980068\n|move|p2a: Mamoswine|Ice Shard|p1a: Staraptor\n|-supereffective|p1a: Staraptor\n|-damage|p1a: Staraptor|0 fnt\n|faint|p1a: Staraptor\n|\n|-heal|p2a: Mamoswine|81\/100|[from] item: Leftovers\n|upkeep\n|\n|t:|1640980071\n|switch|p1a: Scizor|Scizor, M|66\/100 par\n|turn|18\n|\n|t:|1640980074\n|move|p1a: Scizor|Bullet Punch|p2a: Mamoswine\n|-supereffective|p2a: Mamoswine\n|-end|p2a: Mamoswine|Substitute\n|move|p2a: Mamoswine|Earthquake|p1a: Scizor\n|-crit|p1a: Scizor\n|-damage|p1a: Scizor|7\/100 par\n|\n|-heal|p2a: Mamoswine|87\/100|[from] item: Leftovers\n|-heal|p1a: Scizor|13\/100 par|[from] item: Leftovers\n|upkeep\n|turn|19\n|\n|t:|1640980097\n|switch|p2a: Rotom|Rotom-Wash|82\/100\n|move|p1a: Scizor|Roost|p1a: Scizor\n|-heal|p1a: Scizor|63\/100 par\n|-singleturn|p1a: Scizor|move: Roost\n|\n|-heal|p2a: Rotom|88\/100|[from] item: Leftovers\n|-heal|p1a: Scizor|69\/100 par|[from] item: Leftovers\n|upkeep\n|turn|20\n|inactive|Buhrito has 120 seconds left.\n|\n|t:|1640980120\n|move|p2a: Rotom|Hydro Pump|p1a: Scizor\n|-damage|p1a: Scizor|31\/100 par\n|move|p1a: Scizor|Roost|p1a: Scizor\n|-heal|p1a: Scizor|81\/100 par\n|-singleturn|p1a: Scizor|move: Roost\n|\n|-heal|p2a: Rotom|95\/100|[from] item: Leftovers\n|-heal|p1a: Scizor|87\/100 par|[from] item: Leftovers\n|upkeep\n|turn|21\n|\n|t:|1640980125\n|move|p2a: Rotom|Nasty Plot|p2a: Rotom\n|-boost|p2a: Rotom|spa|2\n|cant|p1a: Scizor|par\n|\n|-heal|p2a: Rotom|100\/100|[from] item: Leftovers\n|-heal|p1a: Scizor|93\/100 par|[from] item: Leftovers\n|upkeep\n|turn|22\n|\n|t:|1640980129\n|move|p2a: Rotom|Hydro Pump|p1a: Scizor\n|-damage|p1a: Scizor|12\/100 par\n|move|p1a: Scizor|U-turn|p2a: Rotom\n|-damage|p2a: Rotom|78\/100\n|\n|t:|1640980136\n|switch|p1a: Latios|Latios, M|100\/100|[from]move: U-turn\n|\n|-heal|p2a: Rotom|84\/100|[from] item: Leftovers\n|upkeep\n|turn|23\n|\n|t:|1640980139\n|switch|p2a: Jirachi|Jirachi|74\/100\n|move|p1a: Latios|Draco Meteor|p2a: Jirachi\n|-resisted|p2a: Jirachi\n|-crit|p2a: Jirachi\n|-damage|p2a: Jirachi|28\/100\n|-unboost|p1a: Latios|spa|2\n|\n|-heal|p2a: Jirachi|34\/100|[from] item: Leftovers\n|upkeep\n|turn|24\n|\n|t:|1640980156\n|switch|p1a: Gliscor|Gliscor, M|95\/100 tox\n|move|p2a: Jirachi|U-turn|p1a: Gliscor\n|-resisted|p1a: Gliscor\n|-damage|p1a: Gliscor|88\/100 tox\n|\n|t:|1640980158\n|switch|p2a: Mamoswine|Mamoswine, M|87\/100|[from]move: U-turn\n|\n|-heal|p2a: Mamoswine|93\/100|[from] item: Leftovers\n|-heal|p1a: Gliscor|100\/100 tox|[from] ability: Poison Heal\n|upkeep\n|turn|25\n|inactive|SleepyEmboar has 120 seconds left.\n|\n|t:|1640980189\n|switch|p1a: Scizor|Scizor, M|12\/100 par\n|move|p2a: Mamoswine|Icicle Crash|p1a: Scizor\n|-resisted|p1a: Scizor\n|-damage|p1a: Scizor|0 fnt\n|faint|p1a: Scizor\n|\n|-heal|p2a: Mamoswine|99\/100|[from] item: Leftovers\n|upkeep\n|inactive|SleepyEmboar has 120 seconds left.\n|\n|t:|1640980197\n|switch|p1a: Latios|Latios, M|100\/100\n|turn|26\n|\n|t:|1640980203\n|switch|p2a: Jirachi|Jirachi|34\/100\n|move|p1a: Latios|Draco Meteor|p2a: Jirachi\n|-resisted|p2a: Jirachi\n|-damage|p2a: Jirachi|1\/100\n|-unboost|p1a: Latios|spa|2\n|\n|-heal|p2a: Jirachi|8\/100|[from] item: Leftovers\n|upkeep\n|turn|27\n|\n|t:|1640980210\n|move|p1a: Latios|Draco Meteor|p2a: Jirachi\n|-resisted|p2a: Jirachi\n|-damage|p2a: Jirachi|0 fnt\n|-unboost|p1a: Latios|spa|2\n|faint|p2a: Jirachi\n|\n|upkeep\n|\n|t:|1640980213\n|switch|p2a: Tyranitar|Tyranitar, M|100\/100\n|-weather|Sandstorm|[from] ability: Sand Stream|[of] p2a: Tyranitar\n|turn|28\n|\n|t:|1640980220\n|switch|p1a: Gliscor|Gliscor, M|100\/100 tox\n|move|p2a: Tyranitar|Stone Edge|p1a: Gliscor|[miss]\n|-miss|p2a: Tyranitar|p1a: Gliscor\n|\n|-weather|Sandstorm|[upkeep]\n|upkeep\n|turn|29\n|\n|t:|1640980228\n|switch|p2a: Starmie|Starmie|3\/100\n|move|p1a: Gliscor|U-turn|p2a: Starmie\n|-supereffective|p2a: Starmie\n|-damage|p2a: Starmie|0 fnt\n|faint|p2a: Starmie\n|\n|t:|1640980235\n|switch|p1a: Latios|Latios, M|100\/100|[from]move: U-turn\n|\n|-weather|Sandstorm|[upkeep]\n|-damage|p1a: Latios|95\/100|[from] Sandstorm\n|upkeep\n|\n|t:|1640980245\n|switch|p2a: Tyranitar|Tyranitar, M|100\/100\n|turn|30\n|\n|t:|1640980252\n|switch|p1a: Gliscor|Gliscor, M|100\/100 tox\n|move|p2a: Tyranitar|Crunch|p1a: Gliscor\n|-damage|p1a: Gliscor|47\/100 tox\n|\n|-weather|Sandstorm|[upkeep]\n|-heal|p1a: Gliscor|60\/100 tox|[from] ability: Poison Heal\n|upkeep\n|turn|31\n|\n|t:|1640980259\n|move|p1a: Gliscor|Earthquake|p2a: Tyranitar\n|-supereffective|p2a: Tyranitar\n|-damage|p2a: Tyranitar|37\/100\n|move|p2a: Tyranitar|Crunch|p1a: Gliscor\n|-damage|p1a: Gliscor|7\/100 tox\n|\n|-weather|Sandstorm|[upkeep]\n|-heal|p1a: Gliscor|19\/100 tox|[from] ability: Poison Heal\n|upkeep\n|turn|32\n|inactive|Buhrito has 120 seconds left.\n|\n|t:|1640980295\n|switch|p2a: Rotom|Rotom-Wash|84\/100\n|move|p1a: Gliscor|Roost|p1a: Gliscor\n|-heal|p1a: Gliscor|69\/100 tox\n|-singleturn|p1a: Gliscor|move: Roost\n|\n|-weather|none\n|-heal|p2a: Rotom|90\/100|[from] item: Leftovers\n|-heal|p1a: Gliscor|82\/100 tox|[from] ability: Poison Heal\n|upkeep\n|turn|33\n|inactive|Buhrito has 120 seconds left.\n|\n|t:|1640980309\n|move|p1a: Gliscor|U-turn|p2a: Rotom\n|-damage|p2a: Rotom|79\/100\n|\n|t:|1640980315\n|switch|p1a: Magnezone|Magnezone|50\/100|[from]move: U-turn\n|move|p2a: Rotom|Thunder Wave|p1a: Magnezone\n|-immune|p1a: Magnezone\n|\n|-heal|p2a: Rotom|85\/100|[from] item: Leftovers\n|upkeep\n|turn|34\n|\n|t:|1640980324\n|switch|p2a: Tyranitar|Tyranitar, M|37\/100\n|-weather|Sandstorm|[from] ability: Sand Stream|[of] p2a: Tyranitar\n|move|p1a: Magnezone|Flash Cannon|p2a: Tyranitar\n|-supereffective|p2a: Tyranitar\n|-damage|p2a: Tyranitar|0 fnt\n|faint|p2a: Tyranitar\n|\n|-weather|Sandstorm|[upkeep]\n|upkeep\n|\n|t:|1640980331\n|switch|p2a: Mamoswine|Mamoswine, M|99\/100\n|turn|35\n|\n|t:|1640980340\n|move|p2a: Mamoswine|Earthquake|p1a: Magnezone\n|-supereffective|p1a: Magnezone\n|-damage|p1a: Magnezone|0 fnt\n|faint|p1a: Magnezone\n|\n|-weather|Sandstorm|[upkeep]\n|-heal|p2a: Mamoswine|100\/100|[from] item: Leftovers\n|upkeep\n|\n|t:|1640980345\n|switch|p1a: Latios|Latios, M|95\/100\n|turn|36\n|\n|t:|1640980365\n|switch|p2a: Scizor|Scizor, F|19\/100\n|move|p1a: Latios|Draco Meteor|p2a: Scizor\n|-resisted|p2a: Scizor\n|-damage|p2a: Scizor|0 fnt\n|-unboost|p1a: Latios|spa|2\n|faint|p2a: Scizor\n|\n|-weather|Sandstorm|[upkeep]\n|-damage|p1a: Latios|89\/100|[from] Sandstorm\n|upkeep\n|inactive|Buhrito has 120 seconds left.\n|\n|t:|1640980387\n|switch|p2a: Mamoswine|Mamoswine, M|100\/100\n|turn|37\n|\n|t:|1640980396\n|move|p1a: Latios|Draco Meteor|p2a: Mamoswine\n|-damage|p2a: Mamoswine|32\/100\n|-unboost|p1a: Latios|spa|2\n|move|p2a: Mamoswine|Icicle Crash|p1a: Latios\n|-supereffective|p1a: Latios\n|-damage|p1a: Latios|0 fnt\n|faint|p1a: Latios\n|\n|-weather|Sandstorm|[upkeep]\n|-heal|p2a: Mamoswine|38\/100|[from] item: Leftovers\n|upkeep\n|\n|t:|1640980403\n|switch|p1a: Ursaring|Ursaring, F|100\/100\n|turn|38\n|\n|t:|1640980410\n|move|p2a: Mamoswine|Earthquake|p1a: Ursaring\n|-damage|p1a: Ursaring|28\/100\n|move|p1a: Ursaring|Facade|p2a: Mamoswine\n|-damage|p2a: Mamoswine|0 fnt\n|faint|p2a: Mamoswine\n|\n|-weather|none\n|-status|p1a: Ursaring|brn|[from] item: Flame Orb\n|upkeep\n|\n|t:|1640980415\n|switch|p2a: Rotom|Rotom-Wash|85\/100\n|turn|39\n|\n|t:|1640980421\n|move|p1a: Ursaring|Facade|p2a: Rotom\n|-damage|p2a: Rotom|0 fnt\n|faint|p2a: Rotom\n|\n|win|SleepyEmboar\n|raw|SleepyEmboar's rating: 1421 &rarr; <strong>1446<\/strong><br \/>(+25 for winning)\n|raw|Buhrito's rating: 1504 &rarr; <strong>1479<\/strong><br \/>(-25 for losing)\n|l|\u2606Buhrito\n","uploadtime":1640980427,"views":15,"p1id":"sleepyemboar","p2id":"buhrito","formatid":"gen8bdspou","rating":1446,"private":0,"password":null}