{"id":"gen8randombattle-1432158145","p1":"Chaud74","p2":"j54321","format":"gen8randombattle","log":"|j|\u2606Chaud74\n|j|\u2606j54321\n|t:|1633777543\n|gametype|singles\n|player|p1|Chaud74|1|1935\n|player|p2|j54321|2|1972\n|teamsize|p1|6\n|teamsize|p2|6\n|gen|8\n|tier|[Gen 8] Random Battle\n|rated|\n|rule|Species Clause: Limit one of each Pok\u00e9mon\n|rule|HP Percentage Mod: HP is shown in percentages\n|rule|Sleep Clause Mod: Limit one foe put to sleep\n|\n|t:|1633777543\n|start\n|switch|p1a: Sharpedo|Sharpedo, L82, M|249\/249\n|switch|p2a: Regirock|Regirock, L85|275\/275\n|turn|1\n|\n|t:|1633777553\n|move|p1a: Sharpedo|Hydro Pump|p2a: Regirock|[miss]\n|-miss|p1a: Sharpedo|p2a: Regirock\n|move|p2a: Regirock|Body Press|p1a: Sharpedo\n|-supereffective|p1a: Sharpedo\n|-damage|p1a: Sharpedo|0 fnt\n|faint|p1a: Sharpedo\n|\n|upkeep\n|\n|t:|1633777565\n|switch|p1a: Eldegoss|Eldegoss, L90, M|254\/254\n|turn|2\n|\n|t:|1633777570\n|switch|p2a: Yveltal|Yveltal, L69|288\/288\n|-ability|p2a: Yveltal|Dark Aura\n|move|p1a: Eldegoss|Sleep Powder|p2a: Yveltal\n|-status|p2a: Yveltal|slp|[from] move: Sleep Powder\n|\n|upkeep\n|turn|3\n|\n|t:|1633777588\n|switch|p2a: Blacephalon|Blacephalon, L80|216\/216\n|switch|p1a: Grimmsnarl|Grimmsnarl, L82, M|290\/290\n|\n|upkeep\n|turn|4\n|\n|t:|1633777597\n|move|p2a: Blacephalon|Fire Blast|p1a: Grimmsnarl|[miss]\n|-miss|p2a: Blacephalon|p1a: Grimmsnarl\n|move|p1a: Grimmsnarl|Darkest Lariat|p2a: Blacephalon\n|-supereffective|p2a: Blacephalon\n|-damage|p2a: Blacephalon|0 fnt\n|faint|p2a: Blacephalon\n|\n|upkeep\n|\n|t:|1633777604\n|switch|p2a: Regirock|Regirock, L85|275\/275\n|turn|5\n|\n|t:|1633777608\n|switch|p1a: Eldegoss|Eldegoss, L90, M|254\/254\n|move|p2a: Regirock|Curse|p2a: Regirock\n|-unboost|p2a: Regirock|spe|1\n|-boost|p2a: Regirock|atk|1\n|-boost|p2a: Regirock|def|1\n|\n|upkeep\n|turn|6\n|\n|t:|1633777617\n|-start|p2a: Regirock|Dynamax\n|-heal|p2a: Regirock|550\/550|[silent]\n|move|p1a: Eldegoss|Energy Ball|p2a: Regirock\n|-supereffective|p2a: Regirock\n|-crit|p2a: Regirock\n|-damage|p2a: Regirock|310\/550\n|move|p2a: Regirock|Max Rockfall|p1a: Eldegoss\n|-damage|p1a: Eldegoss|40\/254\n|-weather|Sandstorm\n|\n|-weather|Sandstorm|[upkeep]\n|-damage|p1a: Eldegoss|25\/254|[from] Sandstorm\n|-heal|p2a: Regirock|327\/550|[from] item: Leftovers\n|upkeep\n|turn|7\n|\n|t:|1633777632\n|move|p1a: Eldegoss|Energy Ball|p2a: Regirock\n|-supereffective|p2a: Regirock\n|-damage|p2a: Regirock|219\/550\n|move|p2a: Regirock|Max Knuckle|p1a: Eldegoss\n|-damage|p1a: Eldegoss|0 fnt\n|-boost|p2a: Regirock|atk|1\n|faint|p1a: Eldegoss\n|\n|-weather|Sandstorm|[upkeep]\n|-heal|p2a: Regirock|236\/550|[from] item: Leftovers\n|upkeep\n|\n|t:|1633777658\n|switch|p1a: Perrserker|Perrserker, L86, M|261\/261\n|turn|8\n|\n|t:|1633777662\n|move|p1a: Perrserker|Iron Head|p2a: Regirock\n|-supereffective|p2a: Regirock\n|-damage|p2a: Regirock|124\/550\n|-damage|p1a: Perrserker|235\/261|[from] item: Life Orb\n|move|p2a: Regirock|Max Knuckle|p1a: Perrserker\n|-supereffective|p1a: Perrserker\n|-damage|p1a: Perrserker|0 fnt\n|-boost|p2a: Regirock|atk|1\n|faint|p1a: Perrserker\n|\n|-weather|Sandstorm|[upkeep]\n|-heal|p2a: Regirock|141\/550|[from] item: Leftovers\n|-end|p2a: Regirock|Dynamax\n|-heal|p2a: Regirock|71\/275|[silent]\n|upkeep\n|\n|t:|1633777679\n|switch|p1a: Regieleki|Regieleki, L78|253\/253\n|turn|9\n|\n|t:|1633777684\n|move|p1a: Regieleki|Thunderbolt|p2a: Regirock\n|-damage|p2a: Regirock|0 fnt\n|faint|p2a: Regirock\n|\n|-weather|Sandstorm|[upkeep]\n|-damage|p1a: Regieleki|238\/253|[from] Sandstorm\n|upkeep\n|\n|t:|1633777688\n|switch|p2a: Gastrodon|Gastrodon, L84, F|324\/324\n|turn|10\n|\n|t:|1633777701\n|move|p1a: Regieleki|Explosion|p2a: Gastrodon\n|-damage|p2a: Gastrodon|141\/324\n|faint|p1a: Regieleki\n|move|p2a: Gastrodon|Scald|p1: Regieleki|[notarget]\n|-fail|p2a: Gastrodon\n|\n|-weather|none\n|-heal|p2a: Gastrodon|161\/324|[from] item: Leftovers\n|upkeep\n|\n|t:|1633777712\n|switch|p1a: Passimian|Passimian, L82, F|298\/298\n|turn|11\n|\n|t:|1633777718\n|switch|p2a: Yveltal|Yveltal, L69|288\/288 slp\n|-ability|p2a: Yveltal|Dark Aura\n|move|p1a: Passimian|Close Combat|p2a: Yveltal\n|-damage|p2a: Yveltal|120\/288 slp\n|-unboost|p1a: Passimian|def|1\n|-unboost|p1a: Passimian|spd|1\n|\n|upkeep\n|turn|12\n|\n|t:|1633777727\n|move|p1a: Passimian|Close Combat|p2a: Yveltal\n|-damage|p2a: Yveltal|0 fnt\n|-unboost|p1a: Passimian|def|1\n|-unboost|p1a: Passimian|spd|1\n|faint|p2a: Yveltal\n|\n|upkeep\n|\n|t:|1633777731\n|switch|p2a: Gallade|Gallade, L82, M|246\/246\n|turn|13\n|\n|t:|1633777737\n|switch|p1a: Grimmsnarl|Grimmsnarl, L82, M|290\/290\n|move|p2a: Gallade|Close Combat|p1a: Grimmsnarl\n|-damage|p1a: Grimmsnarl|31\/290\n|-unboost|p2a: Gallade|def|1\n|-unboost|p2a: Gallade|spd|1\n|-damage|p2a: Gallade|222\/246|[from] item: Life Orb\n|\n|upkeep\n|turn|14\n|\n|t:|1633777747\n|move|p2a: Gallade|Close Combat|p1a: Grimmsnarl\n|-damage|p1a: Grimmsnarl|0 fnt\n|-unboost|p2a: Gallade|def|1\n|-unboost|p2a: Gallade|spd|1\n|faint|p1a: Grimmsnarl\n|-damage|p2a: Gallade|198\/246|[from] item: Life Orb\n|\n|upkeep\n|\n|t:|1633777755\n|switch|p1a: Passimian|Passimian, L82, F|298\/298\n|turn|15\n|\n|t:|1633777782\n|-start|p1a: Passimian|Dynamax\n|-heal|p1a: Passimian|596\/596|[silent]\n|move|p2a: Gallade|Zen Headbutt|p1a: Passimian\n|-supereffective|p1a: Passimian\n|-damage|p1a: Passimian|323\/596\n|-damage|p2a: Gallade|174\/246|[from] item: Life Orb\n|move|p1a: Passimian|Max Quake|p2a: Gallade\n|-damage|p2a: Gallade|0 fnt\n|-boost|p1a: Passimian|spd|1\n|faint|p2a: Gallade\n|\n|upkeep\n|\n|t:|1633777788\n|switch|p2a: Gastrodon|Gastrodon, L84, F|161\/324\n|turn|16\n|\n|t:|1633777798\n|move|p1a: Passimian|Max Knuckle|p2a: Gastrodon\n|-damage|p2a: Gastrodon|28\/324\n|-boost|p1a: Passimian|atk|1\n|move|p2a: Gastrodon|Scald|p1a: Passimian\n|-damage|p1a: Passimian|254\/596\n|-status|p1a: Passimian|brn\n|\n|-heal|p2a: Gastrodon|48\/324|[from] item: Leftovers\n|-damage|p1a: Passimian|236\/596 brn|[from] brn\n|upkeep\n|turn|17\n|\n|t:|1633777811\n|move|p1a: Passimian|Max Knuckle|p2a: Gastrodon\n|-damage|p2a: Gastrodon|0 fnt\n|-boost|p1a: Passimian|atk|1\n|faint|p2a: Gastrodon\n|\n|-damage|p1a: Passimian|218\/596 brn|[from] brn\n|-end|p1a: Passimian|Dynamax\n|-heal|p1a: Passimian|109\/298 brn|[silent]\n|upkeep\n|\n|t:|1633777813\n|switch|p2a: Mamoswine|Mamoswine, L80, F|307\/307\n|turn|18\n|\n|t:|1633777825\n|move|p1a: Passimian|Close Combat|p2a: Mamoswine\n|-supereffective|p2a: Mamoswine\n|-damage|p2a: Mamoswine|12\/307\n|-unboost|p1a: Passimian|def|1\n|-unboost|p1a: Passimian|spd|1\n|move|p2a: Mamoswine|Earthquake|p1a: Passimian\n|-damage|p1a: Passimian|0 fnt\n|faint|p1a: Passimian\n|\n|win|j54321\n|raw|Chaud74's rating: 1935 &rarr; <strong>1917<\/strong><br \/>(-18 for losing)\n|raw|j54321's rating: 1972 &rarr; <strong>1990<\/strong><br \/>(+18 for winning)\n|l|\u2606Chaud74\n||Ladder isn't responding, score probably updated but might not have (Request timeout).\n","inputlog":">version be5f737037ff6d2d65dcbeabaaea5fd6795c7399\n>start {\"formatid\":\"gen8randombattle\",\"seed\":[12238,29659,58316,14632],\"rated\":\"Rated battle\"}\n>player p1 {\"name\":\"Chaud74\",\"avatar\":\"1\",\"rating\":1935,\"seed\":[12399,60635,3111,10750]}\n>player p2 {\"name\":\"j54321\",\"avatar\":\"2\",\"rating\":1972,\"seed\":[1278,27294,43127,23922]}\n>p1 move hydropump\n>p2 move bodypress\n>p1 switch 6\n>p1 move sleeppowder\n>p2 switch 3\n>p1 switch 3\n>p2 switch 2\n>p1 move darkestlariat\n>p2 move fireblast\n>p2 switch 3\n>p1 switch 3\n>p2 move curse\n>p1 move energyball\n>p2 move rockslide dynamax\n>p1 move energyball\n>p2 move bodypress dynamax\n>p1 switch 4\n>p1 move ironhead\n>p2 move bodypress dynamax\n>p1 switch 5\n>p1 move thunderbolt\n>p2 move earthquake\n>p2 switch 5\n>p1 move explosion\n>p2 move scald\n>p1 switch 2\n>p1 move closecombat\n>p2 switch 2\n>p1 move closecombat\n>p2 move oblivionwing\n>p2 switch 6\n>p1 switch 3\n>p2 move closecombat\n>p1 move playrough\n>p2 move closecombat\n>p1 switch 3\n>p1 move earthquake dynamax\n>p2 move zenheadbutt\n>p2 switch 2\n>p1 move closecombat dynamax\n>p2 move scald\n>p1 move closecombat dynamax\n>p2 move clearsmog\n>p2 switch 4\n>p1 move closecombat\n>p2 move earthquake","uploadtime":1633777829,"views":4,"p1id":"chaud74","p2id":"j54321","formatid":"gen8randombattle","rating":1917,"private":0,"password":null}