{"id":"gen8pu-1323961306","p1":"Diameter\u272fXtreme","p2":"halaman95","format":"gen8pu","log":"|j|\u2606Diameter\u272fXtreme\n|j|\u2606halaman95\n|t:|1618755479\n|gametype|singles\n|player|p1|Diameter\u272fXtreme|jasmine-gen2|\n|player|p2|halaman95|265|\n|teamsize|p1|6\n|teamsize|p2|6\n|gen|8\n|tier|[Gen 8] PU\n|rated|Tournament battle\n|clearpoke\n|poke|p1|Tsareena, F|\n|poke|p1|Aggron, F|\n|poke|p1|Weezing, M|\n|poke|p1|Jolteon, F|\n|poke|p1|Uxie|\n|poke|p1|Aromatisse, F|\n|poke|p2|Omastar, F|\n|poke|p2|Liepard, F|\n|poke|p2|Poliwrath, F|\n|poke|p2|Tsareena, F|\n|poke|p2|Uxie|\n|poke|p2|Frosmoth, M|\n|rule|Sleep Clause Mod: Limit one foe put to sleep\n|rule|Species Clause: Limit one of each Pok\u00e9mon\n|rule|OHKO Clause: OHKO moves are banned\n|rule|Evasion Moves Clause: Evasion moves are banned\n|rule|Endless Battle Clause: Forcing endless battles is banned\n|rule|HP Percentage Mod: HP is shown in percentages\n|rule|Dynamax Clause: You cannot dynamax\n|teampreview\n|j|*Lady Monita\n|inactive|Battle timer is ON: inactive players will automatically lose when time's up. (requested by halaman95)\n|j| ScottOBrian\n|j| toxya\n|j| Janjao123\n|j| Gussy\n|j| Nout\n|j| ihavebestsandteam\n|j| Acsfscs\n|c|\u2606Diameter\u272fXtreme|hf\n|j| Holy rng loser\n|j| Zoaw\n|c|\u2606halaman95|u2\n|\n|t:|1618755494\n|start\n|switch|p1a: Aggron|Aggron, F|100\/100\n|switch|p2a: Uxie|Uxie|100\/100\n|turn|1\n|c| Holy rng loser|go diameter\n|c| toxya|toxya voodoo incoming me thinks.....\n|j| sam jeffrin\n|\n|t:|1618755504\n|move|p2a: Uxie|Stealth Rock|p1a: Aggron\n|-sidestart|p1: Diameter\u272fXtreme|move: Stealth Rock\n|move|p1a: Aggron|Head Smash|p2a: Uxie\n|-damage|p2a: Uxie|6\/100\n|\n|upkeep\n|turn|2\n|j| ItsAmazingH\n|\n|t:|1618755509\n|move|p2a: Uxie|Rain Dance|p2a: Uxie\n|-weather|RainDance\n|move|p1a: Aggron|Head Smash|p2a: Uxie\n|-damage|p2a: Uxie|0 fnt\n|faint|p2a: Uxie\n|\n|-weather|RainDance|[upkeep]\n|upkeep\n|\n|t:|1618755513\n|switch|p2a: Poliwrath|Poliwrath, F|100\/100\n|turn|3\n|\n|t:|1618755518\n|move|p2a: Poliwrath|Belly Drum|p2a: Poliwrath\n|-damage|p2a: Poliwrath|50\/100\n|-setboost|p2a: Poliwrath|atk|6|[from] move: Belly Drum\n|-enditem|p2a: Poliwrath|Sitrus Berry|[eat]\n|-heal|p2a: Poliwrath|75\/100|[from] item: Sitrus Berry\n|move|p1a: Aggron|Head Smash|p2a: Poliwrath\n|-resisted|p2a: Poliwrath\n|-damage|p2a: Poliwrath|14\/100\n|\n|-weather|RainDance|[upkeep]\n|upkeep\n|turn|4\n|j| Lady bug14\n|\n|t:|1618755527\n|switch|p1a: Weezing|Weezing, M|100\/100\n|-damage|p1a: Weezing|88\/100|[from] Stealth Rock\n|move|p2a: Poliwrath|Drain Punch|p1a: Weezing\n|-resisted|p1a: Weezing\n|-damage|p1a: Weezing|41\/100\n|-heal|p2a: Poliwrath|39\/100|[from] drain|[of] p1a: Weezing\n|-damage|p2a: Poliwrath|22\/100|[from] item: Rocky Helmet|[of] p1a: Weezing\n|\n|-weather|RainDance|[upkeep]\n|upkeep\n|turn|5\n|\n|t:|1618755539\n|move|p2a: Poliwrath|Drain Punch|p1a: Weezing\n|-resisted|p1a: Weezing\n|-damage|p1a: Weezing|0 fnt\n|-heal|p2a: Poliwrath|43\/100|[from] drain|[of] p1a: Weezing\n|-damage|p2a: Poliwrath|27\/100|[from] item: Rocky Helmet|[of] p1a: Weezing\n|faint|p1a: Weezing\n|\n|-weather|RainDance|[upkeep]\n|upkeep\n|j| LeavingHope\n|j| venson04\n|j| Glock pop\n|c| Gussy|damn son\n|\n|t:|1618755561\n|switch|p1a: Aromatisse|Aromatisse, F|100\/100\n|-damage|p1a: Aromatisse|88\/100|[from] Stealth Rock\n|turn|6\n|\n|t:|1618755565\n|move|p1a: Aromatisse|Protect|p1a: Aromatisse\n|-singleturn|p1a: Aromatisse|Protect\n|move|p2a: Poliwrath|Liquidation|p1a: Aromatisse\n|-activate|p1a: Aromatisse|move: Protect\n|\n|-weather|RainDance|[upkeep]\n|-heal|p1a: Aromatisse|94\/100|[from] item: Leftovers\n|upkeep\n|turn|7\n|j| Sr.Milanesas\n|inactive|Diameter\u272fXtreme has 120 seconds left.\n|\n|t:|1618755595\n|move|p2a: Poliwrath|Liquidation|p1a: Aromatisse\n|-damage|p1a: Aromatisse|0 fnt\n|faint|p1a: Aromatisse\n|\n|-weather|RainDance|[upkeep]\n|upkeep\n|c| toxya|no i totally predicted all of this yeah\n|inactive|Diameter\u272fXtreme has 120 seconds left.\n|\n|t:|1618755604\n|switch|p1a: Uxie|Uxie|100\/100\n|-damage|p1a: Uxie|88\/100|[from] Stealth Rock\n|turn|8\n|j| Blackout-0\n|c| Acsfscs|Aggrons ability rock head?\n|\n|t:|1618755608\n|move|p2a: Poliwrath|Liquidation|p1a: Uxie\n|-damage|p1a: Uxie|0 fnt\n|faint|p1a: Uxie\n|\n|-weather|RainDance|[upkeep]\n|upkeep\n|\n|t:|1618755613\n|switch|p1a: Jolteon|Jolteon, F|100\/100\n|turn|9\n|c| toxya|no its sturdy\n|\n|t:|1618755617\n|move|p2a: Poliwrath|Drain Punch|p1a: Jolteon\n|-damage|p1a: Jolteon|0 fnt\n|-heal|p2a: Poliwrath|69\/100|[from] drain|[of] p1a: Jolteon\n|faint|p1a: Jolteon\n|\n|-weather|none\n|upkeep\n|\n|t:|1618755619\n|switch|p1a: Tsareena|Tsareena, F|100\/100\n|turn|10\n|\n|t:|1618755625\n|move|p1a: Tsareena|Power Whip|p2a: Poliwrath|[miss]\n|-miss|p1a: Tsareena|p2a: Poliwrath\n|move|p2a: Poliwrath|Drain Punch|p1a: Tsareena\n|-damage|p1a: Tsareena|0 fnt\n|-heal|p2a: Poliwrath|100\/100|[from] drain|[of] p1a: Tsareena\n|faint|p1a: Tsareena\n|\n|upkeep\n|-message|Diameter\u272fXtreme forfeited.\n|\n|win|halaman95\n|n|\u2606Diameter\u272fXtreme|diameterxtreme\n|n|\u2606halaman95|halaman95\n|n|*Lady Monita|ladymonita\n|n| ScottOBrian|scottobrian\n|n| toxya|toxya\n|n| Janjao123|janjao123\n|n| Gussy|gussy\n|n| Nout|nout\n|n| ihavebestsandteam|ihavebestsandteam\n|n| Acsfscs|acsfscs\n|n| Holy rng loser|holyrngloser\n|n| Zoaw|zoaw\n|n| sam jeffrin|samjeffrin\n|n| ItsAmazingH|itsamazingh\n|n| Lady bug14|ladybug14\n|n| LeavingHope|leavinghope\n|n| venson04|venson04\n|n| Glock pop|glockpop\n|n| Sr.Milanesas|srmilanesas\n|n| Blackout-0|blackout0\n","uploadtime":1618755629,"views":16,"p1id":"diameterxtreme","p2id":"halaman95","formatid":"gen8pu","rating":0,"private":0,"password":null}