{"id":"gen8bdsprandombattle-1581994543","p1":"hudsonnelles","p2":"Ill Leave","format":"gen8bdsprandombattle","log":"|j|\u2606hudsonnelles\n|j|\u2606Ill Leave\n|inactive|Battle timer is ON: inactive players will automatically lose when time's up.\n|t:|1653423451\n|gametype|singles\n|player|p1|hudsonnelles|swimmerf|\n|player|p2|Ill Leave|265|\n|teamsize|p1|6\n|teamsize|p2|6\n|gen|8\n|tier|[Gen 8 BDSP] Random Battle\n|rated|Tournament battle\n|rule|Species Clause: Limit one of each Pok\u00e9mon\n|rule|HP Percentage Mod: HP is shown in percentages\n|rule|Sleep Clause Mod: Limit one foe put to sleep\n|\n|t:|1653423451\n|start\n|switch|p1a: Hitmontop|Hitmontop, L84, M|221\/221\n|switch|p2a: Cherrim|Cherrim, L88, M|266\/266\n|-ability|p1a: Hitmontop|Intimidate|boost\n|-unboost|p2a: Cherrim|atk|1\n|turn|1\n|\n|t:|1653423461\n|switch|p1a: Swalot|Swalot, L88, F|319\/319\n|move|p2a: Cherrim|Dazzling Gleam|p1a: Swalot\n|-resisted|p1a: Swalot\n|-damage|p1a: Swalot|288\/319\n|\n|-heal|p1a: Swalot|307\/319|[from] item: Black Sludge\n|upkeep\n|turn|2\n|\n|t:|1653423472\n|switch|p2a: Hippowdon|Hippowdon, L82, M|311\/311\n|-weather|Sandstorm|[from] ability: Sand Stream|[of] p2a: Hippowdon\n|move|p1a: Swalot|Toxic|p2a: Hippowdon\n|-status|p2a: Hippowdon|tox\n|\n|-weather|Sandstorm|[upkeep]\n|-damage|p1a: Swalot|288\/319|[from] Sandstorm\n|-heal|p1a: Swalot|307\/319|[from] item: Black Sludge\n|-damage|p2a: Hippowdon|292\/311 tox|[from] psn\n|upkeep\n|turn|3\n|\n|t:|1653423494\n|switch|p1a: Bibarel|Bibarel, L85, F|273\/273\n|move|p2a: Hippowdon|Earthquake|p1a: Bibarel\n|-damage|p1a: Bibarel|122\/273\n|\n|-weather|Sandstorm|[upkeep]\n|-damage|p1a: Bibarel|105\/273|[from] Sandstorm\n|-heal|p2a: Hippowdon|311\/311 tox|[from] item: Leftovers\n|-damage|p2a: Hippowdon|273\/311 tox|[from] psn\n|upkeep\n|turn|4\n|\n|t:|1653423501\n|move|p1a: Bibarel|Aqua Jet|p2a: Hippowdon\n|-supereffective|p2a: Hippowdon\n|-damage|p2a: Hippowdon|205\/311 tox\n|move|p2a: Hippowdon|Earthquake|p1a: Bibarel\n|-damage|p1a: Bibarel|0 fnt\n|faint|p1a: Bibarel\n|\n|-weather|Sandstorm|[upkeep]\n|-heal|p2a: Hippowdon|224\/311 tox|[from] item: Leftovers\n|-damage|p2a: Hippowdon|167\/311 tox|[from] psn\n|upkeep\n|inactive|hudsonnelles has 120 seconds left.\n|\n|t:|1653423522\n|switch|p1a: Dewgong|Dewgong, L88, M|302\/302\n|turn|5\n|\n|t:|1653423527\n|switch|p2a: Glaceon|Glaceon, L88, M|258\/258\n|move|p1a: Dewgong|Surf|p2a: Glaceon\n|-damage|p2a: Glaceon|176\/258\n|\n|-weather|Sandstorm|[upkeep]\n|-damage|p1a: Dewgong|284\/302|[from] Sandstorm\n|-damage|p2a: Glaceon|160\/258|[from] Sandstorm\n|-heal|p1a: Dewgong|302\/302|[from] item: Leftovers\n|upkeep\n|turn|6\n|\n|t:|1653423536\n|switch|p1a: Hitmontop|Hitmontop, L84, M|221\/221\n|-ability|p1a: Hitmontop|Intimidate|boost\n|-unboost|p2a: Glaceon|atk|1\n|move|p2a: Glaceon|Freeze-Dry|p1a: Hitmontop\n|-damage|p1a: Hitmontop|89\/221\n|\n|-weather|none\n|-heal|p1a: Hitmontop|102\/221|[from] item: Leftovers\n|upkeep\n|turn|7\n|\n|t:|1653423548\n|switch|p2a: Mew|Mew, L82|298\/298\n|move|p1a: Hitmontop|Close Combat|p2a: Mew\n|-resisted|p2a: Mew\n|-damage|p2a: Mew|237\/298\n|-unboost|p1a: Hitmontop|def|1\n|-unboost|p1a: Hitmontop|spd|1\n|\n|-heal|p2a: Mew|255\/298|[from] item: Leftovers\n|-heal|p1a: Hitmontop|115\/221|[from] item: Leftovers\n|upkeep\n|turn|8\n|\n|t:|1653423559\n|switch|p1a: Dewgong|Dewgong, L88, M|302\/302\n|move|p2a: Mew|Psychic|p1a: Dewgong\n|-damage|p1a: Dewgong|224\/302\n|\n|-heal|p2a: Mew|273\/298|[from] item: Leftovers\n|-heal|p1a: Dewgong|242\/302|[from] item: Leftovers\n|upkeep\n|turn|9\n|\n|t:|1653423566\n|switch|p2a: Pikachu|Pikachu, L88, F|205\/205\n|move|p1a: Dewgong|Surf|p2a: Pikachu\n|-damage|p2a: Pikachu|84\/205\n|\n|-heal|p1a: Dewgong|260\/302|[from] item: Leftovers\n|upkeep\n|turn|10\n|\n|t:|1653423578\n|switch|p1a: Swalot|Swalot, L88, F|307\/319\n|move|p2a: Pikachu|Volt Switch|p1a: Swalot\n|-damage|p1a: Swalot|199\/319\n|\n|t:|1653423583\n|switch|p2a: Hippowdon|Hippowdon, L82, M|167\/311 tox\n|-weather|Sandstorm|[from] ability: Sand Stream|[of] p2a: Hippowdon\n|\n|-weather|Sandstorm|[upkeep]\n|-damage|p1a: Swalot|180\/319|[from] Sandstorm\n|-heal|p1a: Swalot|199\/319|[from] item: Black Sludge\n|-heal|p2a: Hippowdon|186\/311 tox|[from] item: Leftovers\n|-damage|p2a: Hippowdon|167\/311 tox|[from] psn\n|upkeep\n|turn|11\n|\n|t:|1653423600\n|switch|p1a: Dewgong|Dewgong, L88, M|260\/302\n|move|p2a: Hippowdon|Slack Off|p2a: Hippowdon\n|-heal|p2a: Hippowdon|311\/311 tox\n|\n|-weather|Sandstorm|[upkeep]\n|-damage|p1a: Dewgong|242\/302|[from] Sandstorm\n|-heal|p1a: Dewgong|260\/302|[from] item: Leftovers\n|-damage|p2a: Hippowdon|273\/311 tox|[from] psn\n|upkeep\n|turn|12\n|\n|t:|1653423615\n|switch|p2a: Cherrim|Cherrim, L88, M|266\/266\n|move|p1a: Dewgong|Ice Beam|p2a: Cherrim\n|-supereffective|p2a: Cherrim\n|-damage|p2a: Cherrim|98\/266\n|\n|-weather|Sandstorm|[upkeep]\n|-damage|p2a: Cherrim|82\/266|[from] Sandstorm\n|-damage|p1a: Dewgong|242\/302|[from] Sandstorm\n|-heal|p1a: Dewgong|260\/302|[from] item: Leftovers\n|upkeep\n|turn|13\n|j| Cosplay Furret\n|\n|t:|1653423621\n|switch|p1a: Swalot|Swalot, L88, F|199\/319\n|move|p2a: Cherrim|Giga Drain|p1a: Swalot\n|-resisted|p1a: Swalot\n|-damage|p1a: Swalot|161\/319\n|-heal|p2a: Cherrim|101\/266|[from] drain|[of] p1a: Swalot\n|\n|-weather|Sandstorm|[upkeep]\n|-damage|p2a: Cherrim|85\/266|[from] Sandstorm\n|-damage|p1a: Swalot|142\/319|[from] Sandstorm\n|-heal|p1a: Swalot|161\/319|[from] item: Black Sludge\n|upkeep\n|turn|14\n|\n|t:|1653423627\n|switch|p2a: Mew|Mew, L82|273\/298\n|move|p1a: Swalot|Toxic|p2a: Mew\n|-status|p2a: Mew|tox\n|-activate|p2a: Mew|ability: Synchronize\n|-immune|p1a: Swalot\n|\n|-weather|none\n|-heal|p2a: Mew|291\/298 tox|[from] item: Leftovers\n|-heal|p1a: Swalot|180\/319|[from] item: Black Sludge\n|-damage|p2a: Mew|273\/298 tox|[from] psn\n|upkeep\n|turn|15\n|\n|t:|1653423633\n|switch|p1a: Mewtwo|Mewtwo, L76|286\/286\n|-ability|p1a: Mewtwo|Unnerve\n|move|p2a: Mew|Psychic|p1a: Mewtwo\n|-resisted|p1a: Mewtwo\n|-damage|p1a: Mewtwo|234\/286\n|\n|-heal|p2a: Mew|291\/298 tox|[from] item: Leftovers\n|-damage|p2a: Mew|255\/298 tox|[from] psn\n|upkeep\n|turn|16\n|\n|t:|1653423637\n|move|p1a: Mewtwo|Shadow Ball|p2a: Mew\n|-supereffective|p2a: Mew\n|-damage|p2a: Mew|81\/298 tox\n|-damage|p1a: Mewtwo|206\/286|[from] item: Life Orb\n|move|p2a: Mew|Shadow Ball|p1a: Mewtwo\n|-supereffective|p1a: Mewtwo\n|-damage|p1a: Mewtwo|92\/286\n|\n|-heal|p2a: Mew|99\/298 tox|[from] item: Leftovers\n|-damage|p2a: Mew|45\/298 tox|[from] psn\n|upkeep\n|turn|17\n|\n|t:|1653423657\n|move|p1a: Mewtwo|Recover|p1a: Mewtwo\n|-heal|p1a: Mewtwo|235\/286\n|move|p2a: Mew|Shadow Ball|p1a: Mewtwo\n|-supereffective|p1a: Mewtwo\n|-damage|p1a: Mewtwo|117\/286\n|\n|-heal|p2a: Mew|63\/298 tox|[from] item: Leftovers\n|-damage|p2a: Mew|0 fnt|[from] psn\n|faint|p2a: Mew\n|upkeep\n|\n|t:|1653423665\n|switch|p2a: Porygon-Z|Porygon-Z, L82|274\/274\n|turn|18\n|\n|t:|1653423676\n|move|p1a: Mewtwo|Aura Sphere|p2a: Porygon-Z\n|-supereffective|p2a: Porygon-Z\n|-damage|p2a: Porygon-Z|82\/274\n|-damage|p1a: Mewtwo|89\/286|[from] item: Life Orb\n|move|p2a: Porygon-Z|Tri Attack|p1a: Mewtwo\n|-damage|p1a: Mewtwo|0 fnt\n|faint|p1a: Mewtwo\n|-damage|p2a: Porygon-Z|55\/274|[from] item: Life Orb\n|\n|upkeep\n|\n|t:|1653423680\n|switch|p1a: Hitmontop|Hitmontop, L84, M|115\/221\n|-ability|p1a: Hitmontop|Intimidate|boost\n|-unboost|p2a: Porygon-Z|atk|1\n|turn|19\n|\n|t:|1653423691\n|switch|p2a: Hippowdon|Hippowdon, L82, M|273\/311 tox\n|-weather|Sandstorm|[from] ability: Sand Stream|[of] p2a: Hippowdon\n|move|p1a: Hitmontop|Mach Punch|p2a: Hippowdon\n|-damage|p2a: Hippowdon|240\/311 tox\n|\n|-weather|Sandstorm|[upkeep]\n|-damage|p1a: Hitmontop|102\/221|[from] Sandstorm\n|-heal|p1a: Hitmontop|115\/221|[from] item: Leftovers\n|-heal|p2a: Hippowdon|259\/311 tox|[from] item: Leftovers\n|-damage|p2a: Hippowdon|240\/311 tox|[from] psn\n|upkeep\n|turn|20\n|\n|t:|1653423696\n|switch|p1a: Dewgong|Dewgong, L88, M|260\/302\n|move|p2a: Hippowdon|Stone Edge|p1a: Dewgong\n|-supereffective|p1a: Dewgong\n|-damage|p1a: Dewgong|114\/302\n|\n|-weather|Sandstorm|[upkeep]\n|-damage|p1a: Dewgong|96\/302|[from] Sandstorm\n|-heal|p1a: Dewgong|114\/302|[from] item: Leftovers\n|-heal|p2a: Hippowdon|259\/311 tox|[from] item: Leftovers\n|-damage|p2a: Hippowdon|221\/311 tox|[from] psn\n|upkeep\n|turn|21\n|\n|t:|1653423719\n|switch|p2a: Porygon-Z|Porygon-Z, L82|55\/274\n|move|p1a: Dewgong|Surf|p2a: Porygon-Z\n|-damage|p2a: Porygon-Z|0 fnt\n|faint|p2a: Porygon-Z\n|\n|-weather|Sandstorm|[upkeep]\n|-damage|p1a: Dewgong|96\/302|[from] Sandstorm\n|-heal|p1a: Dewgong|114\/302|[from] item: Leftovers\n|upkeep\n|\n|t:|1653423722\n|switch|p2a: Pikachu|Pikachu, L88, F|84\/205\n|turn|22\n|\n|t:|1653423728\n|switch|p1a: Swalot|Swalot, L88, F|180\/319\n|move|p2a: Pikachu|Volt Switch|p1a: Swalot\n|-damage|p1a: Swalot|83\/319\n|\n|t:|1653423735\n|switch|p2a: Glaceon|Glaceon, L88, M|160\/258\n|\n|-weather|Sandstorm|[upkeep]\n|-damage|p2a: Glaceon|144\/258|[from] Sandstorm\n|-damage|p1a: Swalot|64\/319|[from] Sandstorm\n|-heal|p1a: Swalot|83\/319|[from] item: Black Sludge\n|upkeep\n|turn|23\n|\n|t:|1653423744\n|move|p2a: Glaceon|Freeze-Dry|p1a: Swalot\n|-damage|p1a: Swalot|0 fnt\n|faint|p1a: Swalot\n|\n|-weather|none\n|upkeep\n|\n|t:|1653423752\n|switch|p1a: Hitmontop|Hitmontop, L84, M|115\/221\n|-ability|p1a: Hitmontop|Intimidate|boost\n|-unboost|p2a: Glaceon|atk|1\n|turn|24\n|\n|t:|1653423757\n|move|p1a: Hitmontop|Close Combat|p2a: Glaceon\n|-supereffective|p2a: Glaceon\n|-damage|p2a: Glaceon|0 fnt\n|-unboost|p1a: Hitmontop|def|1\n|-unboost|p1a: Hitmontop|spd|1\n|faint|p2a: Glaceon\n|\n|-heal|p1a: Hitmontop|128\/221|[from] item: Leftovers\n|upkeep\n|\n|t:|1653423774\n|switch|p2a: Hippowdon|Hippowdon, L82, M|221\/311 tox\n|-weather|Sandstorm|[from] ability: Sand Stream|[of] p2a: Hippowdon\n|turn|25\n|\n|t:|1653423779\n|move|p1a: Hitmontop|Close Combat|p2a: Hippowdon\n|-damage|p2a: Hippowdon|118\/311 tox\n|-unboost|p1a: Hitmontop|def|1\n|-unboost|p1a: Hitmontop|spd|1\n|move|p2a: Hippowdon|Earthquake|p1a: Hitmontop\n|-damage|p1a: Hitmontop|0 fnt\n|faint|p1a: Hitmontop\n|\n|-weather|Sandstorm|[upkeep]\n|-heal|p2a: Hippowdon|137\/311 tox|[from] item: Leftovers\n|-damage|p2a: Hippowdon|118\/311 tox|[from] psn\n|upkeep\n|\n|t:|1653423781\n|switch|p1a: Dewgong|Dewgong, L88, M|114\/302\n|turn|26\n|\n|t:|1653423788\n|move|p1a: Dewgong|Ice Beam|p2a: Hippowdon\n|-supereffective|p2a: Hippowdon\n|-damage|p2a: Hippowdon|0 fnt\n|faint|p2a: Hippowdon\n|\n|-weather|Sandstorm|[upkeep]\n|-damage|p1a: Dewgong|96\/302|[from] Sandstorm\n|-heal|p1a: Dewgong|114\/302|[from] item: Leftovers\n|upkeep\n|\n|t:|1653423791\n|switch|p2a: Pikachu|Pikachu, L88, F|84\/205\n|turn|27\n|\n|t:|1653423794\n|move|p2a: Pikachu|Volt Switch|p1a: Dewgong\n|-supereffective|p1a: Dewgong\n|-crit|p1a: Dewgong\n|-damage|p1a: Dewgong|0 fnt\n|faint|p1a: Dewgong\n|\n|t:|1653423798\n|switch|p2a: Cherrim|Cherrim, L88, M|85\/266\n|\n|-weather|Sandstorm|[upkeep]\n|-damage|p2a: Cherrim|69\/266|[from] Sandstorm\n|upkeep\n|\n|t:|1653423801\n|switch|p1a: Gengar|Gengar, L76, M|216\/216\n|turn|28\n|\n|t:|1653423812\n|move|p2a: Cherrim|Healing Wish|p2a: Cherrim\n|faint|p2a: Cherrim\n|move|p1a: Gengar|Sludge Bomb|p2: Cherrim|[notarget]\n|-fail|p1a: Gengar\n|\n|-weather|Sandstorm|[upkeep]\n|-damage|p1a: Gengar|203\/216|[from] Sandstorm\n|upkeep\n|\n|t:|1653423818\n|switch|p2a: Pikachu|Pikachu, L88, F|84\/205\n|-heal|p2a: Pikachu|205\/205|[from] move: Healing Wish\n|turn|29\n|\n|t:|1653423825\n|move|p1a: Gengar|Sludge Bomb|p2a: Pikachu\n|-damage|p2a: Pikachu|14\/205\n|-damage|p1a: Gengar|182\/216|[from] item: Life Orb\n|move|p2a: Pikachu|Volt Tackle|p1a: Gengar\n|-damage|p1a: Gengar|0 fnt\n|-start|p2a: Pikachu|Disable|Volt Tackle|[from] ability: Cursed Body|[of] p1a: Gengar\n|faint|p1a: Gengar\n|-damage|p2a: Pikachu|0 fnt|[from] Recoil\n|faint|p2a: Pikachu\n|\n|win|Ill Leave\n|n|\u2606hudsonnelles|hudsonnelles\n|n|\u2606Ill Leave|illleave\n|n| Cosplay Furret|cosplayfurret\n","inputlog":">version b341b8323d4a7713b3b6f41909868c7f087e7b7e\n>start {\"formatid\":\"gen8bdsprandombattle\",\"seed\":[21164,32718,47903,16999],\"rated\":\"Tournament battle\"}\n>player p1 {\"name\":\"hudsonnelles\",\"avatar\":\"swimmerf\",\"rating\":0,\"seed\":[1686,2514,57902,46217]}\n>player p2 {\"name\":\"Ill Leave\",\"avatar\":\"265\",\"rating\":0,\"seed\":[55239,60841,37497,24158]}\n>p1 switch 3\n>p2 move dazzlinggleam\n>p1 move toxic\n>p2 switch 6\n>p1 switch 5\n>p2 move earthquake\n>p1 move aquajet\n>p2 move earthquake\n>p1 switch 6\n>p1 move surf\n>p2 switch 3\n>p1 switch 3\n>p2 move freezedry\n>p1 move closecombat\n>p2 switch 4\n>p1 switch 3\n>p2 move psychic\n>p1 move surf\n>p2 switch 5\n>p1 switch 5\n>p2 move voltswitch\n>p2 switch 3\n>p1 switch 5\n>p2 move slackoff\n>p1 move icebeam\n>p2 switch 6\n>p1 switch 5\n>p2 move gigadrain\n>p1 move toxic\n>p2 switch 5\n>p1 switch 2\n>p2 move psychic\n>p1 move shadowball\n>p2 move shadowball\n>p1 move recover\n>p2 move shadowball\n>p2 switch 2\n>p1 move aurasphere\n>p2 move triattack\n>p1 switch 3\n>p1 move machpunch\n>p2 switch 6\n>p1 switch 5\n>p2 move stoneedge\n>p1 move surf\n>p2 switch 6\n>p2 switch 3\n>p1 switch 2\n>p2 move voltswitch\n>p2 switch 4\n>p1 move earthquake\n>p2 move freezedry\n>p1 switch 5\n>p1 move closecombat\n>p2 move freezedry\n>p2 switch 6\n>p1 move closecombat\n>p2 move earthquake\n>p1 switch 2\n>p1 move icebeam\n>p2 move earthquake\n>p2 switch 4\n>p1 move icebeam\n>p2 move voltswitch\n>p2 switch 5\n>p1 switch 4\n>p1 move sludgebomb\n>p2 move healingwish\n>p2 switch 5\n>p1 move sludgebomb\n>p2 move volttackle","uploadtime":1653423826,"views":10,"p1id":"hudsonnelles","p2id":"illleave","formatid":"gen8bdsprandombattle","rating":0,"private":0,"password":null}