{"id":"gen8ou-1694967292","p1":"Despite13TheyDo50","p2":"Kwaga","format":"gen8ou","log":"|html|<div class=\"broadcast-blue\"><strong>[Gen 8] OU is currently suspecting Melmetal! For information on how to participate check out the <a href=\"https:\/\/www.smogon.com\/forums\/threads\/np-ss-ou-suspect-process-round-12-monster-mash.3709234\/\">suspect thread<\/a>.<\/strong><\/div>\n|j|\u203dDespite13TheyDo50\n|j|\u2606Kwaga\n|t:|1666747759\n|gametype|singles\n|player|p1|Despite13TheyDo50|bugcatcher-gen1|1623\n|player|p2|Kwaga|brock-gen1rb|1666\n|teamsize|p1|6\n|teamsize|p2|6\n|gen|8\n|tier|[Gen 8] OU\n|rated|\n|rule|Sleep Clause Mod: Limit one foe put to sleep\n|rule|Species Clause: Limit one of each Pok\u00e9mon\n|rule|OHKO Clause: OHKO moves are banned\n|rule|Evasion Items Clause: Evasion items are banned\n|rule|Evasion Moves Clause: Evasion moves are banned\n|rule|Endless Battle Clause: Forcing endless battles is banned\n|rule|HP Percentage Mod: HP is shown in percentages\n|rule|Dynamax Clause: You cannot dynamax\n|clearpoke\n|poke|p1|Hatterene, F|\n|poke|p1|Cresselia, F|\n|poke|p1|Porygon2|\n|poke|p1|Torkoal, F|\n|poke|p1|Marowak-Alola, M|\n|poke|p1|Stakataka|\n|poke|p2|Tapu Lele|\n|poke|p2|Urshifu-*, M|\n|poke|p2|Zeraora|\n|poke|p2|Slowking, M|\n|poke|p2|Heatran, M|\n|poke|p2|Mandibuzz, F|\n|teampreview\n|\n|t:|1666747780\n|start\n|switch|p1a: Hatterene|Hatterene, F|100\/100\n|switch|p2a: Heatran|Heatran, M|100\/100\n|-item|p2a: Heatran|Air Balloon\n|turn|1\n|inactive|Battle timer is ON: inactive players will automatically lose when time's up. (requested by Kwaga)\n|\n|t:|1666747796\n|move|p2a: Heatran|Magma Storm|p1a: Hatterene\n|-damage|p1a: Hatterene|57\/100\n|-activate|p1a: Hatterene|move: Magma Storm|[of] p2a: Heatran\n|move|p1a: Hatterene|Psyshock|p2a: Heatran\n|-resisted|p2a: Heatran\n|-damage|p2a: Heatran|80\/100\n|-enditem|p2a: Heatran|Air Balloon\n|\n|-damage|p1a: Hatterene|45\/100|[from] move: Magma Storm|[partiallytrapped]\n|upkeep\n|turn|2\n|\n|t:|1666747800\n|move|p2a: Heatran|Magma Storm|p1a: Hatterene\n|-damage|p1a: Hatterene|1\/100\n|move|p1a: Hatterene|Trick Room|p1a: Hatterene\n|-fieldstart|move: Trick Room|[of] p1a: Hatterene\n|\n|-damage|p1a: Hatterene|0 fnt|[from] move: Magma Storm|[partiallytrapped]\n|faint|p1a: Hatterene\n|upkeep\n|\n|t:|1666747808\n|switch|p1a: Stakataka|Stakataka|100\/100\n|turn|3\n|\n|t:|1666747811\n|switch|p2a: Slowking|Slowking, M|100\/100\n|move|p1a: Stakataka|Stone Edge|p2a: Slowking\n|-damage|p2a: Slowking|40\/100\n|-enditem|p2a: Slowking|Eject Button\n|-damage|p1a: Stakataka|91\/100|[from] item: Life Orb\n|\n|t:|1666747814\n|switch|p2a: Urshifu|Urshifu-Rapid-Strike, M|100\/100\n|\n|upkeep\n|turn|4\n|\n|t:|1666747820\n|move|p1a: Stakataka|Gyro Ball|p2a: Urshifu\n|-resisted|p2a: Urshifu\n|-damage|p2a: Urshifu|48\/100\n|-damage|p1a: Stakataka|81\/100|[from] item: Life Orb\n|move|p2a: Urshifu|Close Combat|p1a: Stakataka\n|-supereffective|p1a: Stakataka\n|-damage|p1a: Stakataka|0 fnt\n|-unboost|p2a: Urshifu|def|1\n|-unboost|p2a: Urshifu|spd|1\n|faint|p1a: Stakataka\n|\n|upkeep\n|\n|t:|1666747825\n|switch|p1a: Marowak|Marowak-Alola, M|100\/100\n|turn|5\n|\n|t:|1666747830\n|switch|p2a: Slowking|Slowking, M|73\/100\n|move|p1a: Marowak|Flare Blitz|p2a: Slowking\n|-resisted|p2a: Slowking\n|-damage|p2a: Slowking|31\/100\n|\n|upkeep\n|turn|6\n|\n|t:|1666747834\n|move|p2a: Slowking|Scald|p1a: Marowak\n|-supereffective|p1a: Marowak\n|-damage|p1a: Marowak|31\/100\n|move|p1a: Marowak|Flare Blitz|p2a: Slowking\n|-resisted|p2a: Slowking\n|-damage|p2a: Slowking|0 fnt\n|faint|p2a: Slowking\n|\n|-fieldend|move: Trick Room\n|upkeep\n|\n|t:|1666747837\n|switch|p2a: Urshifu|Urshifu-Rapid-Strike, M|48\/100\n|turn|7\n|\n|t:|1666747842\n|switch|p1a: Porygon2|Porygon2|100\/100\n|-ability|p1a: Porygon2|Unseen Fist|[from] ability: Trace|[of] p2a: Urshifu\n|move|p2a: Urshifu|Surging Strikes|p1a: Porygon2\n|-crit|p1a: Porygon2\n|-damage|p1a: Porygon2|88\/100\n|-crit|p1a: Porygon2\n|-damage|p1a: Porygon2|75\/100\n|-crit|p1a: Porygon2\n|-damage|p1a: Porygon2|63\/100\n|-hitcount|p1a: Porygon2|3\n|\n|upkeep\n|turn|8\n|\n|t:|1666747844\n|move|p2a: Urshifu|Taunt|p1a: Porygon2\n|-start|p1a: Porygon2|move: Taunt\n|cant|p1a: Porygon2|move: Taunt|Trick Room\n|\n|upkeep\n|turn|9\n|-message|Despite13TheyDo50 forfeited.\n|\n|win|Kwaga\n|raw|Despite13TheyDo50's rating: 1595 &rarr; <strong>1579<\/strong><br \/>(-16 for losing)\n|raw|Kwaga's rating: 1666 &rarr; <strong>1682<\/strong><br \/>(+16 for winning)\n|l|\u203dDespite13TheyDo50\n","uploadtime":1666747850,"views":8,"p1id":"despite13theydo50","p2id":"kwaga","formatid":"gen8ou","rating":1579,"private":0,"password":null}