{"id":"gen8bdspou-1469944720","p1":"Bob Barker's Ghost","p2":"VirginJimmy99","format":"gen8bdspou","log":"|html|<div class=\"broadcast-blue\"><strong>[Gen 8 BDSP] OU is currently suspecting Latios! For information on how to participate check out the <a href=\"https:\/\/www.smogon.com\/forums\/threads\/np-bdsp-ou-suspect-process-round-1-mr-blue-sky.3694109\/\">suspect thread<\/a>.<\/strong><\/div>\n|j|\u2606Bob Barker's Ghost\n|j|\u2606VirginJimmy99\n|t:|1639075278\n|gametype|singles\n|player|p1|Bob Barker's Ghost|archer|1405\n|player|p2|VirginJimmy99|rocketgrunt|1496\n|teamsize|p1|6\n|teamsize|p2|6\n|gen|8\n|tier|[Gen 8 BDSP] OU\n|rated|\n|rule|Sleep Clause Mod: Limit one foe put to sleep\n|rule|Species Clause: Limit one of each Pok\u00e9mon\n|rule|OHKO Clause: OHKO moves are banned\n|rule|Evasion Moves Clause: Evasion moves are banned\n|rule|Endless Battle Clause: Forcing endless battles is banned\n|rule|HP Percentage Mod: HP is shown in percentages\n|clearpoke\n|poke|p1|Latias, F|\n|poke|p1|Garchomp, F|\n|poke|p1|Staraptor, M|\n|poke|p1|Rotom-Mow|\n|poke|p1|Heatran, M|\n|poke|p1|Crawdaunt, F|\n|poke|p2|Bastiodon, F|\n|poke|p2|Scizor, M|\n|poke|p2|Weavile, M|\n|poke|p2|Alakazam, F|\n|poke|p2|Rotom-Wash|\n|poke|p2|Breloom, F|\n|teampreview\n|inactive|Battle timer is ON: inactive players will automatically lose when time's up. (requested by Bob Barker's Ghost)\n|\n|t:|1639075298\n|start\n|switch|p1a: Rotom|Rotom-Mow|100\/100\n|switch|p2a: Big Nut 2|Bastiodon, F|100\/100\n|turn|1\n|\n|t:|1639075306\n|move|p1a: Rotom|Trick|p2a: Big Nut 2\n|-activate|p1a: Rotom|move: Trick|[of] p2a: Big Nut 2\n|-item|p2a: Big Nut 2|Choice Scarf|[from] move: Trick\n|-item|p1a: Rotom|Custap Berry|[from] move: Trick\n|move|p2a: Big Nut 2|Stealth Rock|p1a: Rotom\n|-sidestart|p1: Bob Barker's Ghost|move: Stealth Rock\n|\n|upkeep\n|turn|2\n|\n|t:|1639075314\n|move|p1a: Rotom|Volt Switch|p2a: Big Nut 2\n|-damage|p2a: Big Nut 2|70\/100\n|\n|t:|1639075316\n|switch|p1a: Crawdaunt|Crawdaunt, F|100\/100|[from]move: Volt Switch\n|-damage|p1a: Crawdaunt|88\/100|[from] Stealth Rock\n|move|p2a: Big Nut 2|Stealth Rock||[still]\n|-fail|p2a: Big Nut 2\n|\n|upkeep\n|turn|3\n|\n|t:|1639075319\n|move|p1a: Crawdaunt|Crabhammer|p2a: Big Nut 2\n|-supereffective|p2a: Big Nut 2\n|-damage|p2a: Big Nut 2|0 fnt\n|faint|p2a: Big Nut 2\n|\n|upkeep\n|\n|t:|1639075338\n|switch|p2a: Alakazam|Alakazam, F|100\/100\n|turn|4\n|\n|t:|1639075346\n|switch|p1a: Heatran|Heatran, M|100\/100\n|-damage|p1a: Heatran|88\/100|[from] Stealth Rock\n|move|p2a: Alakazam|Focus Blast|p1a: Heatran\n|-supereffective|p1a: Heatran\n|-crit|p1a: Heatran\n|-damage|p1a: Heatran|0 fnt\n|faint|p1a: Heatran\n|\n|upkeep\n|\n|t:|1639075353\n|switch|p1a: Garchomp|Garchomp, F|100\/100\n|-damage|p1a: Garchomp|94\/100|[from] Stealth Rock\n|turn|5\n|\n|t:|1639075357\n|move|p1a: Garchomp|Outrage|p2a: Alakazam\n|-enditem|p2a: Alakazam|Focus Sash\n|-damage|p2a: Alakazam|1\/100\n|move|p2a: Alakazam|Psychic|p1a: Garchomp\n|-damage|p1a: Garchomp|40\/100\n|\n|upkeep\n|turn|6\n|\n|t:|1639075362\n|move|p1a: Garchomp|Outrage|p2a: Alakazam|[from]lockedmove\n|-damage|p2a: Alakazam|0 fnt\n|faint|p2a: Alakazam\n|\n|upkeep\n|\n|t:|1639075370\n|switch|p2a: Weavile|Weavile, M|100\/100\n|-ability|p2a: Weavile|Pressure\n|turn|7\n|\n|t:|1639075372\n|move|p2a: Weavile|Ice Shard|p1a: Garchomp\n|-supereffective|p1a: Garchomp\n|-damage|p1a: Garchomp|0 fnt\n|faint|p1a: Garchomp\n|\n|upkeep\n|\n|t:|1639075380\n|switch|p1a: Crawdaunt|Crawdaunt, F|88\/100\n|-damage|p1a: Crawdaunt|76\/100|[from] Stealth Rock\n|turn|8\n|\n|t:|1639075383\n|switch|p2a: Rotom|Rotom-Wash|100\/100\n|move|p1a: Crawdaunt|Knock Off|p2a: Rotom\n|-damage|p2a: Rotom|18\/100\n|-enditem|p2a: Rotom|Choice Scarf|[from] move: Knock Off|[of] p1a: Crawdaunt\n|\n|upkeep\n|turn|9\n|\n|t:|1639075387\n|move|p1a: Crawdaunt|Knock Off|p2a: Rotom\n|-damage|p2a: Rotom|0 fnt\n|faint|p2a: Rotom\n|\n|upkeep\n|\n|t:|1639075397\n|switch|p2a: Breloom|Breloom, F|100\/100\n|turn|10\n|c|\u2606Bob Barker's Ghost|needed heatran fuck\n|\n|t:|1639075402\n|move|p1a: Crawdaunt|Knock Off|p2a: Breloom\n|-resisted|p2a: Breloom\n|-damage|p2a: Breloom|53\/100\n|-enditem|p2a: Breloom|Life Orb|[from] move: Knock Off|[of] p1a: Crawdaunt\n|move|p2a: Breloom|Swords Dance|p2a: Breloom\n|-boost|p2a: Breloom|atk|2\n|\n|upkeep\n|turn|11\n|\n|t:|1639075410\n|move|p2a: Breloom|Mach Punch|p1a: Crawdaunt\n|-supereffective|p1a: Crawdaunt\n|-damage|p1a: Crawdaunt|0 fnt\n|faint|p1a: Crawdaunt\n|\n|upkeep\n|\n|t:|1639075412\n|switch|p1a: Latias|Latias, F|100\/100\n|-damage|p1a: Latias|88\/100|[from] Stealth Rock\n|turn|12\n|\n|t:|1639075421\n|switch|p2a: Scizor|Scizor, M|100\/100\n|move|p1a: Latias|Ice Beam|p2a: Scizor\n|-resisted|p2a: Scizor\n|-damage|p2a: Scizor|79\/100\n|\n|upkeep\n|turn|13\n|\n|t:|1639075423\n|switch|p1a: Rotom|Rotom-Mow|100\/100\n|-damage|p1a: Rotom|88\/100|[from] Stealth Rock\n|move|p2a: Scizor|Swords Dance|p2a: Scizor\n|-boost|p2a: Scizor|atk|2\n|\n|upkeep\n|turn|14\n|\n|t:|1639075426\n|move|p1a: Rotom|Will-O-Wisp|p2a: Scizor\n|-status|p2a: Scizor|brn\n|move|p2a: Scizor|X-Scissor|p1a: Rotom\n|-supereffective|p1a: Rotom\n|-damage|p1a: Rotom|0 fnt\n|faint|p1a: Rotom\n|-damage|p2a: Scizor|69\/100 brn|[from] item: Life Orb\n|\n|-damage|p2a: Scizor|63\/100 brn|[from] brn\n|upkeep\n|\n|t:|1639075431\n|switch|p1a: Staraptor|Staraptor, M|100\/100\n|-damage|p1a: Staraptor|75\/100|[from] Stealth Rock\n|turn|15\n|\n|t:|1639075435\n|move|p2a: Scizor|Bullet Punch|p1a: Staraptor\n|-damage|p1a: Staraptor|10\/100\n|-damage|p2a: Scizor|53\/100 brn|[from] item: Life Orb\n|move|p1a: Staraptor|Brave Bird|p2a: Scizor\n|-damage|p2a: Scizor|0 fnt\n|faint|p2a: Scizor\n|-damage|p1a: Staraptor|0 fnt|[from] Recoil\n|faint|p1a: Staraptor\n|\n|upkeep\n|\n|t:|1639075439\n|switch|p1a: Latias|Latias, F|88\/100\n|switch|p2a: Weavile|Weavile, M|100\/100\n|-damage|p1a: Latias|76\/100|[from] Stealth Rock\n|-ability|p2a: Weavile|Pressure\n|turn|16\n|\n|t:|1639075444\n|move|p1a: Latias|Draco Meteor|p2a: Weavile\n|-damage|p2a: Weavile|24\/100\n|-unboost|p1a: Latias|spa|2\n|move|p2a: Weavile|Throat Chop|p1a: Latias\n|-supereffective|p1a: Latias\n|-damage|p1a: Latias|0 fnt\n|faint|p1a: Latias\n|\n|win|VirginJimmy99\n|raw|Bob Barker&apos;s Ghost's rating: 1405 &rarr; <strong>1390<\/strong><br \/>(-15 for losing)\n|raw|VirginJimmy99's rating: 1496 &rarr; <strong>1511<\/strong><br \/>(+15 for winning)\n|l|\u2606Bob Barker's Ghost\n","uploadtime":1639075453,"views":13,"p1id":"bobbarkersghost","p2id":"virginjimmy99","formatid":"gen8bdspou","rating":1390,"private":0,"password":null}