{"id":"gen8randombattle-1643060127","p1":"playeraccount","p2":"Spy No.3154","format":"gen8randombattle","log":"|j|\u2606playeraccount\n|j|\u2606Spy No.3154\n|t:|1660896000\n|gametype|singles\n|player|p1|playeraccount|1|1453\n|player|p2|Spy No.3154|skierf|1495\n|teamsize|p1|6\n|teamsize|p2|6\n|gen|8\n|tier|[Gen 8] Random Battle\n|rated|\n|rule|Species Clause: Limit one of each Pok\u00e9mon\n|rule|HP Percentage Mod: HP is shown in percentages\n|rule|Sleep Clause Mod: Limit one foe put to sleep\n|\n|t:|1660896000\n|start\n|switch|p1a: Shuckle|Shuckle, L86, M|175\/175\n|switch|p2a: Kommo-o|Kommo-o, L80, F|251\/251\n|turn|1\n|inactive|Battle timer is ON: inactive players will automatically lose when time's up. (requested by playeraccount)\n|inactive|Spy No.3154 has 120 seconds left.\n|\n|t:|1660896055\n|switch|p2a: Blastoise|Blastoise, L82, M|264\/264\n|move|p1a: Shuckle|Encore||[still]\n|-fail|p1a: Shuckle\n|\n|upkeep\n|turn|2\n|\n|t:|1660896065\n|switch|p1a: Virizion|Virizion, L82|283\/283\n|move|p2a: Blastoise|Scald|p1a: Virizion\n|-resisted|p1a: Virizion\n|-damage|p1a: Virizion|257\/283\n|\n|upkeep\n|turn|3\n|inactive|Spy No.3154 has 120 seconds left.\n|\n|t:|1660896106\n|move|p1a: Virizion|Leaf Blade|p2a: Blastoise\n|-supereffective|p2a: Blastoise\n|-damage|p2a: Blastoise|114\/264\n|move|p2a: Blastoise|Toxic|p1a: Virizion\n|-status|p1a: Virizion|tox\n|-enditem|p1a: Virizion|Lum Berry|[eat]\n|-curestatus|p1a: Virizion|tox|[msg]\n|\n|-heal|p2a: Blastoise|130\/264|[from] item: Leftovers\n|upkeep\n|turn|4\n|\n|t:|1660896118\n|switch|p2a: Rayquaza|Rayquaza, L74|277\/277\n|-ability|p2a: Rayquaza|Air Lock\n|move|p1a: Virizion|Leaf Blade|p2a: Rayquaza\n|-resisted|p2a: Rayquaza\n|-damage|p2a: Rayquaza|253\/277\n|\n|upkeep\n|turn|5\n|\n|t:|1660896134\n|switch|p2a: Kommo-o|Kommo-o, L80, F|251\/251\n|move|p1a: Virizion|Stone Edge|p2a: Kommo-o\n|-resisted|p2a: Kommo-o\n|-damage|p2a: Kommo-o|227\/251\n|\n|upkeep\n|turn|6\n|\n|t:|1660896149\n|switch|p1a: Braviary|Braviary, L82, M|298\/298\n|move|p2a: Kommo-o|Clangorous Soul|p2a: Kommo-o\n|-boost|p2a: Kommo-o|atk|1\n|-boost|p2a: Kommo-o|def|1\n|-boost|p2a: Kommo-o|spa|1\n|-boost|p2a: Kommo-o|spd|1\n|-boost|p2a: Kommo-o|spe|1\n|-damage|p2a: Kommo-o|145\/251\n|-enditem|p2a: Kommo-o|Throat Spray\n|-boost|p2a: Kommo-o|spa|1|[from] item: Throat Spray\n|\n|upkeep\n|turn|7\n|\n|t:|1660896166\n|move|p2a: Kommo-o|Clanging Scales|p1a: Braviary\n|-damage|p1a: Braviary|63\/298\n|-unboost|p2a: Kommo-o|def|1\n|move|p1a: Braviary|Brave Bird|p2a: Kommo-o\n|-supereffective|p2a: Kommo-o\n|-damage|p2a: Kommo-o|0 fnt\n|faint|p2a: Kommo-o\n|-damage|p1a: Braviary|15\/298|[from] Recoil\n|\n|upkeep\n|inactive|Spy No.3154 has 90 seconds left.\n|\n|t:|1660896182\n|switch|p2a: Galvantula|Galvantula, L82, M|249\/249\n|turn|8\n|\n|t:|1660896190\n|switch|p1a: Shuckle|Shuckle, L86, M|175\/175\n|move|p2a: Galvantula|Bug Buzz|p1a: Shuckle\n|-damage|p1a: Shuckle|136\/175\n|\n|upkeep\n|turn|9\n|\n|t:|1660896203\n|move|p2a: Galvantula|Sticky Web|p1a: Shuckle\n|-sidestart|p1: playeraccount|move: Sticky Web\n|move|p1a: Shuckle|Toxic|p2a: Galvantula\n|-status|p2a: Galvantula|tox\n|\n|-damage|p2a: Galvantula|234\/249 tox|[from] psn\n|upkeep\n|turn|10\n|\n|t:|1660896211\n|move|p2a: Galvantula|Volt Switch|p1a: Shuckle\n|-damage|p1a: Shuckle|103\/175\n|\n|t:|1660896217\n|switch|p2a: Blastoise|Blastoise, L82, M|130\/264\n|move|p1a: Shuckle|Sticky Web|p2a: Blastoise\n|-sidestart|p2: Spy No.3154|move: Sticky Web\n|\n|-heal|p2a: Blastoise|146\/264|[from] item: Leftovers\n|upkeep\n|turn|11\n|\n|t:|1660896235\n|switch|p1a: Virizion|Virizion, L82|257\/283\n|-activate|p1a: Virizion|move: Sticky Web\n|-unboost|p1a: Virizion|spe|1\n|move|p2a: Blastoise|Toxic|p1a: Virizion\n|-status|p1a: Virizion|tox\n|\n|-heal|p2a: Blastoise|162\/264|[from] item: Leftovers\n|-damage|p1a: Virizion|240\/283 tox|[from] psn\n|upkeep\n|turn|12\n|\n|t:|1660896247\n|move|p2a: Blastoise|Rapid Spin|p1a: Virizion\n|-damage|p1a: Virizion|203\/283 tox\n|-boost|p2a: Blastoise|spe|1\n|-sideend|p2: Spy No.3154|Sticky Web|[from] move: Rapid Spin|[of] p2a: Blastoise\n|move|p1a: Virizion|Leaf Blade|p2a: Blastoise\n|-supereffective|p2a: Blastoise\n|-damage|p2a: Blastoise|4\/264\n|\n|-heal|p2a: Blastoise|20\/264|[from] item: Leftovers\n|-damage|p1a: Virizion|169\/283 tox|[from] psn\n|upkeep\n|turn|13\n|\n|t:|1660896264\n|move|p2a: Blastoise|Ice Beam|p1a: Virizion\n|-supereffective|p1a: Virizion\n|-damage|p1a: Virizion|87\/283 tox\n|move|p1a: Virizion|Leaf Blade|p2a: Blastoise\n|-supereffective|p2a: Blastoise\n|-damage|p2a: Blastoise|0 fnt\n|faint|p2a: Blastoise\n|\n|-damage|p1a: Virizion|36\/283 tox|[from] psn\n|upkeep\n|inactive|Spy No.3154 has 90 seconds left.\n|\n|t:|1660896286\n|switch|p2a: Galvantula|Galvantula, L82, M|234\/249 tox\n|turn|14\n|inactive|Spy No.3154 has 90 seconds left.\n|\n|t:|1660896294\n|move|p2a: Galvantula|Volt Switch|p1a: Virizion\n|-resisted|p1a: Virizion\n|-damage|p1a: Virizion|10\/283 tox\n|\n|t:|1660896299\n|switch|p2a: Miltank|Miltank, L84, F|297\/297\n|move|p1a: Virizion|Stone Edge|p2a: Miltank\n|-damage|p2a: Miltank|240\/297\n|\n|-heal|p2a: Miltank|258\/297|[from] item: Leftovers\n|-damage|p1a: Virizion|0 fnt|[from] psn\n|faint|p1a: Virizion\n|upkeep\n|\n|t:|1660896306\n|switch|p1a: Shuckle|Shuckle, L86, M|103\/175\n|-activate|p1a: Shuckle|move: Sticky Web\n|-unboost|p1a: Shuckle|spe|1\n|turn|15\n|\n|t:|1660896319\n|move|p2a: Miltank|Stealth Rock|p1a: Shuckle\n|-sidestart|p1: playeraccount|move: Stealth Rock\n|move|p1a: Shuckle|Encore|p2a: Miltank\n|-start|p2a: Miltank|Encore\n|\n|-heal|p2a: Miltank|276\/297|[from] item: Leftovers\n|upkeep\n|turn|16\n|\n|t:|1660896334\n|switch|p2a: Rayquaza|Rayquaza, L74|253\/277\n|-ability|p2a: Rayquaza|Air Lock\n|move|p1a: Shuckle|Sticky Web|p2a: Rayquaza\n|-sidestart|p2: Spy No.3154|move: Sticky Web\n|\n|upkeep\n|turn|17\n|\n|t:|1660896342\n|move|p2a: Rayquaza|Dragon Dance|p2a: Rayquaza\n|-boost|p2a: Rayquaza|atk|1\n|-boost|p2a: Rayquaza|spe|1\n|move|p1a: Shuckle|Stealth Rock|p2a: Rayquaza\n|-sidestart|p2: Spy No.3154|move: Stealth Rock\n|\n|upkeep\n|turn|18\n|\n|t:|1660896348\n|move|p2a: Rayquaza|Dragon Dance|p2a: Rayquaza\n|-boost|p2a: Rayquaza|atk|1\n|-boost|p2a: Rayquaza|spe|1\n|move|p1a: Shuckle|Toxic|p2a: Rayquaza|[miss]\n|-miss|p1a: Shuckle|p2a: Rayquaza\n|\n|upkeep\n|turn|19\n|\n|t:|1660896360\n|-start|p2a: Rayquaza|Dynamax|\n|-heal|p2a: Rayquaza|506\/554|[silent]\n|move|p2a: Rayquaza|Max Airstream|p1a: Shuckle\n|-crit|p1a: Shuckle\n|-damage|p1a: Shuckle|0 fnt\n|-boost|p2a: Rayquaza|spe|1\n|faint|p1a: Shuckle\n|\n|upkeep\n|\n|t:|1660896368\n|switch|p1a: Braviary|Braviary, L82, M|15\/298\n|turn|20\n|\n|t:|1660896374\n|move|p2a: Rayquaza|Max Airstream|p1a: Braviary\n|-damage|p1a: Braviary|0 fnt\n|-boost|p2a: Rayquaza|spe|1\n|faint|p1a: Braviary\n|\n|upkeep\n|\n|t:|1660896379\n|switch|p1a: Metagross|Metagross, L79|256\/256\n|-activate|p1a: Metagross|move: Sticky Web\n|-fail|p1a: Metagross|unboost|[from] ability: Clear Body|[of] p1a: Metagross\n|-damage|p1a: Metagross|240\/256|[from] Stealth Rock\n|turn|21\n|\n|t:|1660896394\n|-start|p1a: Metagross|Dynamax|\n|-heal|p1a: Metagross|480\/512|[silent]\n|move|p2a: Rayquaza|Max Flare|p1a: Metagross\n|-supereffective|p1a: Metagross\n|-damage|p1a: Metagross|144\/512\n|-weather|SunnyDay\n|move|p1a: Metagross|Max Steelspike|p2a: Rayquaza\n|-damage|p2a: Rayquaza|344\/554\n|-boost|p1a: Metagross|def|1\n|\n|-weather|SunnyDay|[upkeep]\n|upkeep\n|-end|p2a: Rayquaza|Dynamax\n|-heal|p2a: Rayquaza|172\/277|[silent]\n|turn|22\n|\n|t:|1660896412\n|move|p2a: Rayquaza|V-create|p1a: Metagross\n|-supereffective|p1a: Metagross\n|-damage|p1a: Metagross|0 fnt\n|-unboost|p2a: Rayquaza|spe|1\n|-unboost|p2a: Rayquaza|def|1\n|-unboost|p2a: Rayquaza|spd|1\n|faint|p1a: Metagross\n|\n|-weather|SunnyDay|[upkeep]\n|upkeep\n|\n|t:|1660896418\n|switch|p1a: Dialga|Dialga, L74|270\/270\n|-activate|p1a: Dialga|move: Sticky Web\n|-unboost|p1a: Dialga|spe|1\n|-damage|p1a: Dialga|254\/270|[from] Stealth Rock\n|-ability|p1a: Dialga|Pressure\n|turn|23\n|\n|t:|1660896426\n|move|p2a: Rayquaza|Earthquake|p1a: Dialga\n|-supereffective|p1a: Dialga\n|-damage|p1a: Dialga|0 fnt\n|faint|p1a: Dialga\n|\n|-weather|SunnyDay|[upkeep]\n|upkeep\n|\n|t:|1660896430\n|switch|p1a: Linoone|Linoone, L84, F|268\/268\n|-activate|p1a: Linoone|move: Sticky Web\n|-unboost|p1a: Linoone|spe|1\n|-damage|p1a: Linoone|235\/268|[from] Stealth Rock\n|turn|24\n|\n|t:|1660896445\n|move|p1a: Linoone|Extreme Speed|p2a: Rayquaza\n|-damage|p2a: Rayquaza|61\/277\n|move|p2a: Rayquaza|Dragon Ascent|p1a: Linoone\n|-damage|p1a: Linoone|0 fnt\n|-unboost|p2a: Rayquaza|def|1\n|-unboost|p2a: Rayquaza|spd|1\n|faint|p1a: Linoone\n|\n|win|Spy No.3154\n|raw|playeraccount's rating: 1453 &rarr; <strong>1435<\/strong><br \/>(-18 for losing)\n|raw|Spy No.3154's rating: 1495 &rarr; <strong>1513<\/strong><br \/>(+18 for winning)\n|l|\u2606playeraccount\n","inputlog":">version ef88ee3894d6c9860cea2e34764b46766628f573\n>start {\"formatid\":\"gen8randombattle\",\"seed\":[48979,25398,34135,65426],\"rated\":\"Rated battle\"}\n>player p1 {\"name\":\"playeraccount\",\"avatar\":\"1\",\"rating\":1453,\"seed\":[62984,52267,30238,52179]}\n>player p2 {\"name\":\"Spy No.3154\",\"avatar\":\"skierf\",\"rating\":1495,\"seed\":[63258,33931,59945,4439]}\n>p1 move encore\n>p2 switch 5\n>p1 switch 2\n>p2 move scald\n>p1 move leafblade\n>p2 move toxic\n>p1 move leafblade\n>p2 switch 2\n>p1 move stoneedge\n>p2 switch 5\n>p1 switch 3\n>p2 move clangoroussoul\n>p1 move bravebird\n>p2 move clangingscales\n>p2 switch 3\n>p1 switch 2\n>p2 move bugbuzz\n>p1 move toxic\n>p2 move stickyweb\n>p1 move stickyweb\n>p2 move voltswitch\n>p2 switch 2\n>p1 switch 3\n>p2 move toxic\n>p1 move leafblade\n>p2 move rapidspin\n>p1 move leafblade\n>p2 move icebeam\n>p2 switch 2\n>p1 move stoneedge\n>p2 move voltswitch\n>p2 switch 4\n>p1 switch 3\n>p1 move encore\n>p2 move stealthrock\n>p1 move stickyweb\n>p2 switch 5\n>p1 move stealthrock\n>p2 move dragondance\n>p1 move toxic\n>p2 move dragondance\n>p1 move encore\n>p2 move dragonascent dynamax\n>p1 switch 2\n>p1 move bravebird\n>p2 move dragonascent dynamax\n>p1 switch 5\n>p1 move meteormash dynamax\n>p2 move vcreate dynamax\n>p1 move explosion dynamax\n>p2 move vcreate\n>p1 switch 6\n>p1 move thunderbolt\n>p2 move earthquake\n>p1 switch 4\n>p1 move extremespeed\n>p2 move dragonascent","uploadtime":1660896526,"views":15,"p1id":"playeraccount","p2id":"spyno3154","formatid":"gen8randombattle","rating":1435,"private":0,"password":null}