{"id":"gen8ru-1693469549","p1":"TrynBuy","p2":"xasahbae","format":"gen8ru","log":"|j|\u2606TrynBuy\n|j|\u2606xasahbae\n|inactive|Battle timer is ON: inactive players will automatically lose when time's up.\n|t:|1666610825\n|gametype|singles\n|player|p1|TrynBuy|265|\n|player|p2|xasahbae|clerkf|\n|teamsize|p1|6\n|teamsize|p2|6\n|gen|8\n|tier|[Gen 8] RU\n|rated|Tournament battle\n|rule|Sleep Clause Mod: Limit one foe put to sleep\n|rule|Species Clause: Limit one of each Pok\u00e9mon\n|rule|OHKO Clause: OHKO moves are banned\n|rule|Evasion Items Clause: Evasion items are banned\n|rule|Evasion Moves Clause: Evasion moves are banned\n|rule|Endless Battle Clause: Forcing endless battles is banned\n|rule|HP Percentage Mod: HP is shown in percentages\n|rule|Dynamax Clause: You cannot dynamax\n|clearpoke\n|poke|p1|Stakataka|\n|poke|p1|Weezing, F|\n|poke|p1|Snorlax, F|\n|poke|p1|Dragalge, F|\n|poke|p1|Sandaconda, F|\n|poke|p1|Rotom-Mow|\n|poke|p2|Aerodactyl, M|\n|poke|p2|Salazzle, F|\n|poke|p2|Lucario, F|\n|poke|p2|Flygon, M|\n|poke|p2|Polteageist|\n|poke|p2|Celebi|\n|teampreview\n|j|*Lady Monita \u263d\n|\n|t:|1666610835\n|start\n|switch|p1a: Rotom|Rotom-Mow|100\/100\n|switch|p2a: Aerodactyl|Aerodactyl, M|100\/100\n|-ability|p2a: Aerodactyl|Pressure\n|turn|1\n|\n|t:|1666610839\n|move|p1a: Rotom|Volt Switch|p2a: Aerodactyl\n|-supereffective|p2a: Aerodactyl\n|-damage|p2a: Aerodactyl|13\/100\n|\n|t:|1666610844\n|switch|p1a: Weezing|Weezing, F|100\/100|[from]move: Volt Switch\n|move|p2a: Aerodactyl|Stealth Rock|p1a: Weezing\n|-sidestart|p1: TrynBuy|move: Stealth Rock\n|\n|upkeep\n|turn|2\n|\n|t:|1666610854\n|move|p2a: Aerodactyl|Taunt|p1a: Weezing\n|-start|p1a: Weezing|move: Taunt\n|move|p1a: Weezing|Sludge Bomb|p2a: Aerodactyl\n|-resisted|p2a: Aerodactyl\n|-damage|p2a: Aerodactyl|0 fnt\n|faint|p2a: Aerodactyl\n|\n|upkeep\n|inactive|xasahbae has 120 seconds left.\n|\n|t:|1666610892\n|switch|p2a: Celebi|Celebi|100\/100\n|turn|3\n|\n|t:|1666610898\n|move|p2a: Celebi|Psychic|p1a: Weezing\n|-supereffective|p1a: Weezing\n|-damage|p1a: Weezing|0 fnt\n|faint|p1a: Weezing\n|\n|upkeep\n|\n|t:|1666610918\n|switch|p1a: Stakataka|Stakataka|100\/100\n|-damage|p1a: Stakataka|94\/100|[from] Stealth Rock\n|turn|4\n|\n|t:|1666610926\n|move|p2a: Celebi|Nasty Plot|p2a: Celebi\n|-boost|p2a: Celebi|spa|2\n|move|p1a: Stakataka|Trick Room|p1a: Stakataka\n|-fieldstart|move: Trick Room|[of] p1a: Stakataka\n|\n|upkeep\n|turn|5\n|\n|t:|1666610932\n|move|p1a: Stakataka|Gyro Ball|p2a: Celebi\n|-damage|p2a: Celebi|0 fnt\n|faint|p2a: Celebi\n|-ability|p1a: Stakataka|Beast Boost|boost\n|-boost|p1a: Stakataka|def|1\n|-damage|p1a: Stakataka|85\/100|[from] item: Life Orb\n|\n|upkeep\n|\n|t:|1666610941\n|switch|p2a: Lucario|Lucario, F|100\/100\n|turn|6\n|\n|t:|1666610944\n|move|p1a: Stakataka|Superpower|p2a: Lucario\n|-supereffective|p2a: Lucario\n|-enditem|p2a: Lucario|Focus Sash\n|-damage|p2a: Lucario|1\/100\n|-unboost|p1a: Stakataka|atk|1\n|-unboost|p1a: Stakataka|def|1\n|-damage|p1a: Stakataka|75\/100|[from] item: Life Orb\n|move|p2a: Lucario|Close Combat|p1a: Stakataka\n|-supereffective|p1a: Stakataka\n|-damage|p1a: Stakataka|0 fnt\n|-unboost|p2a: Lucario|def|1\n|-unboost|p2a: Lucario|spd|1\n|faint|p1a: Stakataka\n|\n|upkeep\n|\n|t:|1666610957\n|switch|p1a: Dragalge|Dragalge, F|100\/100\n|-damage|p1a: Dragalge|88\/100|[from] Stealth Rock\n|turn|7\n|\n|t:|1666610961\n|move|p2a: Lucario|Extreme Speed|p1a: Dragalge\n|-damage|p1a: Dragalge|56\/100\n|move|p1a: Dragalge|Flip Turn|p2a: Lucario\n|-damage|p2a: Lucario|0 fnt\n|faint|p2a: Lucario\n|\n|t:|1666610971\n|switch|p1a: Snorlax|Snorlax, F|100\/100|[from]move: Flip Turn\n|-damage|p1a: Snorlax|88\/100|[from] Stealth Rock\n|\n|upkeep\n|\n|t:|1666610979\n|switch|p2a: Polteageist|Polteageist|100\/100\n|turn|8\n|\n|t:|1666610992\n|move|p1a: Snorlax|Earthquake|p2a: Polteageist\n|-damage|p2a: Polteageist|17\/100\n|move|p2a: Polteageist|Shell Smash|p2a: Polteageist\n|-unboost|p2a: Polteageist|def|1\n|-unboost|p2a: Polteageist|spd|1\n|-boost|p2a: Polteageist|atk|2\n|-boost|p2a: Polteageist|spa|2\n|-boost|p2a: Polteageist|spe|2\n|\n|-fieldend|move: Trick Room\n|upkeep\n|turn|9\n|\n|t:|1666610996\n|move|p2a: Polteageist|Strength Sap|p1a: Snorlax\n|-unboost|p1a: Snorlax|atk|1\n|-heal|p2a: Polteageist|100\/100\n|move|p1a: Snorlax|Earthquake|p2a: Polteageist\n|-damage|p2a: Polteageist|12\/100\n|\n|upkeep\n|turn|10\n|\n|t:|1666611010\n|switch|p1a: Rotom|Rotom-Mow|100\/100\n|-damage|p1a: Rotom|88\/100|[from] Stealth Rock\n|move|p2a: Polteageist|Giga Drain|p1a: Rotom\n|-resisted|p1a: Rotom\n|-damage|p1a: Rotom|51\/100\n|-heal|p2a: Polteageist|28\/100|[from] drain|[of] p1a: Rotom\n|\n|upkeep\n|turn|11\n|\n|t:|1666611022\n|move|p2a: Polteageist|Shadow Ball|p1a: Rotom\n|-damage|p1a: Rotom|0 fnt\n|faint|p1a: Rotom\n|\n|upkeep\n|\n|t:|1666611034\n|switch|p1a: Snorlax|Snorlax, F|88\/100\n|-damage|p1a: Snorlax|76\/100|[from] Stealth Rock\n|turn|12\n|\n|t:|1666611045\n|move|p2a: Polteageist|Strength Sap|p1a: Snorlax\n|-unboost|p1a: Snorlax|atk|1\n|-heal|p2a: Polteageist|100\/100\n|move|p1a: Snorlax|Heat Crash|p2a: Polteageist\n|-damage|p2a: Polteageist|2\/100\n|\n|upkeep\n|turn|13\n|\n|t:|1666611053\n|move|p2a: Polteageist|Giga Drain|p1a: Snorlax\n|-damage|p1a: Snorlax|46\/100\n|-heal|p2a: Polteageist|31\/100|[from] drain|[of] p1a: Snorlax\n|move|p1a: Snorlax|Heat Crash|p2a: Polteageist\n|-damage|p2a: Polteageist|0 fnt\n|-start|p1a: Snorlax|Disable|Heat Crash|[from] ability: Cursed Body|[of] p2a: Polteageist\n|faint|p2a: Polteageist\n|\n|upkeep\n|\n|t:|1666611060\n|switch|p2a: Flygon|Flygon, M|100\/100\n|turn|14\n|\n|t:|1666611065\n|move|p2a: Flygon|Dragon Dance|p2a: Flygon\n|-boost|p2a: Flygon|atk|1\n|-boost|p2a: Flygon|spe|1\n|-activate|p1a: Snorlax|move: Struggle\n|move|p1a: Snorlax|Struggle|p2a: Flygon\n|-damage|p2a: Flygon|78\/100\n|-damage|p1a: Snorlax|21\/100|[from] recoil\n|\n|upkeep\n|turn|15\n|\n|t:|1666611070\n|move|p2a: Flygon|Dragon Dance|p2a: Flygon\n|-boost|p2a: Flygon|atk|1\n|-boost|p2a: Flygon|spe|1\n|-activate|p1a: Snorlax|move: Struggle\n|move|p1a: Snorlax|Struggle|p2a: Flygon\n|-damage|p2a: Flygon|55\/100\n|-damage|p1a: Snorlax|0 fnt|[from] recoil\n|faint|p1a: Snorlax\n|\n|upkeep\n|-message|TrynBuy forfeited.\n|\n|win|xasahbae\n|n|\u2606TrynBuy|trynbuy\n|n|\u2606xasahbae|xasahbae\n|n|*Lady Monita \u263d|ladymonita\n|l|*Lady Monita \u263d\n|l|\u2606TrynBuy\n|c|\u2606xasahbae|gg\n","uploadtime":1666611081,"views":5,"p1id":"trynbuy","p2id":"xasahbae","formatid":"gen8ru","rating":0,"private":0,"password":null}