{"id":"gen8anythinggoes-1677762610","p1":"MurderousMantyke","p2":"fard in deez nuts","format":"gen8anythinggoes","log":"|j|\u2606MurderousMantyke\n|j|\u2606fard in deez nuts\n|t:|1664922263\n|gametype|singles\n|player|p1|MurderousMantyke|#helpstaffxmas|1865\n|player|p2|fard in deez nuts|#omplxtempertyrantrums|1850\n|teamsize|p1|6\n|teamsize|p2|6\n|gen|8\n|tier|[Gen 8] Anything Goes\n|rated|\n|rule|HP Percentage Mod: HP is shown in percentages\n|rule|Endless Battle Clause: Forcing endless battles is banned\n|clearpoke\n|poke|p1|Yveltal|\n|poke|p1|Necrozma-Dusk-Mane|\n|poke|p1|Eternatus|\n|poke|p1|Xerneas-*|\n|poke|p1|Calyrex-Shadow|\n|poke|p1|Groudon|\n|poke|p2|Moltres-Galar|\n|poke|p2|Ho-Oh|\n|poke|p2|Necrozma-Dusk-Mane|\n|poke|p2|Eternatus|\n|poke|p2|Kyogre|\n|poke|p2|Ditto|\n|teampreview\n|inactive|Battle timer is ON: inactive players will automatically lose when time's up. (requested by MurderousMantyke)\n|c|\u2606MurderousMantyke|hf\n|c|\u2606MurderousMantyke|o nah..\n|inactive|fard in deez nuts has 120 seconds left.\n|inactive|fard in deez nuts has 90 seconds left.\n|j| Buck is stallish\n|c| Buck is stallish|Go Murderousmantyke\n|inactive|fard in deez nuts has 60 seconds left.\n|c|\u2606fard in deez nuts|Sup\n|c|\u2606fard in deez nuts|I'm back\n|\n|t:|1664922370\n|start\n|switch|p1a: Yveltal|Yveltal|100\/100\n|switch|p2a: Kyogre|Kyogre|100\/100\n|-ability|p1a: Yveltal|Dark Aura\n|-weather|RainDance|[from] ability: Drizzle|[of] p2a: Kyogre\n|turn|1\n|c|\u2606MurderousMantyke|goat\n|\n|t:|1664922382\n|switch|p2a: Moltres|Moltres-Galar|100\/100\n|move|p1a: Yveltal|Knock Off|p2a: Moltres\n|-resisted|p2a: Moltres\n|-damage|p2a: Moltres|77\/100\n|\n|-weather|RainDance|[upkeep]\n|upkeep\n|turn|2\n|c| Buck is stallish|Don\u2019t think \u00ab im playing vs a a high esteemed player\u00a0\u00bb\n|c|\u2606MurderousMantyke|the itemless gmolt is crazy..\n|\n|t:|1664922397\n|switch|p1a: Eternatus|Eternatus|100\/100\n|-ability|p1a: Eternatus|Pressure\n|move|p2a: Moltres|Substitute|p2a: Moltres\n|-start|p2a: Moltres|Substitute\n|-damage|p2a: Moltres|53\/100\n|\n|-weather|RainDance|[upkeep]\n|upkeep\n|turn|3\n|c| Buck is stallish|js think im playing vs somebody\n|inactive|fard in deez nuts has 120 seconds left.\n|c| Buck is stallish|Huh\n|inactive|fard in deez nuts has 90 seconds left.\n|\n|t:|1664922435\n|move|p1a: Eternatus|Sludge Bomb|p2a: Moltres\n|-end|p2a: Moltres|Substitute\n|move|p2a: Moltres|Nasty Plot|p2a: Moltres\n|-boost|p2a: Moltres|spa|2\n|\n|-weather|RainDance|[upkeep]\n|upkeep\n|turn|4\n|\n|t:|1664922442\n|-start|p2a: Moltres|Dynamax|\n|-heal|p2a: Moltres|53\/100|[silent]\n|move|p1a: Eternatus|Draco Meteor|p2a: Moltres\n|-damage|p2a: Moltres|19\/100\n|-unboost|p1a: Eternatus|spa|2\n|-ability|p2a: Moltres|Berserk|boost\n|-boost|p2a: Moltres|spa|1\n|move|p2a: Moltres|Max Airstream|p1a: Eternatus\n|-damage|p1a: Eternatus|0 fnt\n|-boost|p2a: Moltres|spe|1\n|faint|p1a: Eternatus\n|\n|-weather|RainDance|[upkeep]\n|upkeep\n|\n|t:|1664922456\n|switch|p1a: Yveltal|Yveltal|100\/100\n|-ability|p1a: Yveltal|Dark Aura\n|turn|5\n|inactive|fard in deez nuts has 90 seconds left.\n|\n|t:|1664922503\n|move|p1a: Yveltal|Sucker Punch|p2a: Moltres\n|-resisted|p2a: Moltres\n|-damage|p2a: Moltres|7\/100\n|move|p2a: Moltres|Max Airstream|p1a: Yveltal\n|-damage|p1a: Yveltal|0 fnt\n|-boost|p2a: Moltres|spe|1\n|faint|p1a: Yveltal\n|\n|-weather|none\n|upkeep\n|\n|t:|1664922506\n|switch|p1a: Calyrex|Calyrex-Shadow|100\/100\n|-ability|p1a: Calyrex|As One\n|-ability|p1a: Calyrex|Unnerve\n|turn|6\n|\n|t:|1664922513\n|move|p1a: Calyrex|Astral Barrage|p2a: Moltres\n|-resisted|p2a: Moltres\n|-damage|p2a: Moltres|0 fnt\n|faint|p2a: Moltres\n|-ability|p1a: Calyrex|Grim Neigh|boost\n|-boost|p1a: Calyrex|spa|1\n|\n|upkeep\n|\n|t:|1664922516\n|switch|p2a: Ho-Oh|Ho-Oh|100\/100\n|turn|7\n|inactive|fard in deez nuts has 90 seconds left.\n|\n|t:|1664922521\n|switch|p1a: Necrozma|Necrozma-Dusk-Mane|100\/100\n|move|p2a: Ho-Oh|Sacred Fire|p1a: Necrozma\n|-supereffective|p1a: Necrozma\n|-damage|p1a: Necrozma|66\/100\n|-status|p1a: Necrozma|brn\n|\n|-damage|p1a: Necrozma|60\/100 brn|[from] brn\n|upkeep\n|turn|8\n|\n|t:|1664922526\n|move|p2a: Ho-Oh|Sacred Fire|p1a: Necrozma\n|-supereffective|p1a: Necrozma\n|-damage|p1a: Necrozma|29\/100 brn\n|move|p1a: Necrozma|Toxic|p2a: Ho-Oh\n|-status|p2a: Ho-Oh|tox\n|\n|-damage|p2a: Ho-Oh|94\/100 tox|[from] psn\n|-damage|p1a: Necrozma|23\/100 brn|[from] brn\n|upkeep\n|turn|9\n|\n|t:|1664922529\n|move|p2a: Ho-Oh|Sacred Fire|p1a: Necrozma\n|-supereffective|p1a: Necrozma\n|-damage|p1a: Necrozma|0 fnt\n|faint|p1a: Necrozma\n|\n|-damage|p2a: Ho-Oh|82\/100 tox|[from] psn\n|upkeep\n|\n|t:|1664922532\n|switch|p1a: Groudon|Groudon|100\/100\n|-weather|SunnyDay|[from] ability: Drought|[of] p1a: Groudon\n|turn|10\n|inactive|fard in deez nuts has 120 seconds left.\n|\n|t:|1664922562\n|switch|p2a: Eternatus|Eternatus|100\/100\n|-ability|p2a: Eternatus|Pressure\n|move|p1a: Groudon|Stone Edge|p2a: Eternatus|[miss]\n|-miss|p1a: Groudon|p2a: Eternatus\n|\n|-weather|SunnyDay|[upkeep]\n|upkeep\n|turn|11\n|\n|t:|1664922565\n|move|p2a: Eternatus|Draco Meteor|p1a: Groudon\n|-damage|p1a: Groudon|20\/100\n|-unboost|p2a: Eternatus|spa|2\n|move|p1a: Groudon|Precipice Blades|p2a: Eternatus\n|-supereffective|p2a: Eternatus\n|-damage|p2a: Eternatus|0 fnt\n|faint|p2a: Eternatus\n|\n|-weather|SunnyDay|[upkeep]\n|-heal|p1a: Groudon|26\/100|[from] item: Leftovers\n|upkeep\n|\n|t:|1664922571\n|switch|p2a: Ditto|Ditto|100\/100\n|-transform|p2a: Ditto|p1a: Groudon|[from] ability: Imposter\n|turn|12\n|\n|t:|1664922573\n|move|p2a: Ditto|Precipice Blades|p1a: Groudon|[miss]\n|-miss|p2a: Ditto|p1a: Groudon\n|move|p1a: Groudon|Precipice Blades|p2a: Ditto\n|-damage|p2a: Ditto|41\/100\n|\n|-weather|SunnyDay|[upkeep]\n|-heal|p1a: Groudon|32\/100|[from] item: Leftovers\n|upkeep\n|turn|13\n|\n|t:|1664922576\n|move|p2a: Ditto|Precipice Blades|p1a: Groudon\n|-damage|p1a: Groudon|0 fnt\n|faint|p1a: Groudon\n|\n|-weather|SunnyDay|[upkeep]\n|upkeep\n|\n|t:|1664922587\n|switch|p1a: Xerneas|Xerneas|100\/100\n|-ability|p1a: Xerneas|Fairy Aura\n|turn|14\n|\n|t:|1664922604\n|switch|p2a: Necrozma|Necrozma-Dusk-Mane|100\/100\n|move|p1a: Xerneas|Geomancy||[still]\n|-prepare|p1a: Xerneas|Geomancy\n|-enditem|p1a: Xerneas|Power Herb\n|-anim|p1a: Xerneas|Geomancy|p1a: Xerneas\n|-boost|p1a: Xerneas|spa|2\n|-boost|p1a: Xerneas|spd|2\n|-boost|p1a: Xerneas|spe|2\n|\n|-weather|none\n|upkeep\n|turn|15\n|\n|t:|1664922608\n|-start|p1a: Xerneas|Dynamax|\n|-heal|p1a: Xerneas|100\/100|[silent]\n|move|p1a: Xerneas|Max Lightning|p2a: Necrozma\n|-damage|p2a: Necrozma|17\/100\n|-fieldstart|move: Electric Terrain\n|move|p2a: Necrozma|Sunsteel Strike|p1a: Xerneas\n|-supereffective|p1a: Xerneas\n|-damage|p1a: Xerneas|62\/100\n|\n|upkeep\n|turn|16\n|\n|t:|1664922626\n|switch|p2a: Kyogre|Kyogre|100\/100\n|-weather|RainDance|[from] ability: Drizzle|[of] p2a: Kyogre\n|move|p1a: Xerneas|Max Lightning|p2a: Kyogre\n|-supereffective|p2a: Kyogre\n|-damage|p2a: Kyogre|0 fnt\n|faint|p2a: Kyogre\n|\n|-weather|RainDance|[upkeep]\n|upkeep\n|\n|t:|1664922641\n|switch|p2a: Ho-Oh|Ho-Oh|100\/100 tox\n|turn|17\n|\n|t:|1664922644\n|switch|p2a: Necrozma|Necrozma-Dusk-Mane|17\/100\n|move|p1a: Xerneas|Max Lightning|p2a: Necrozma\n|-damage|p2a: Necrozma|0 fnt\n|faint|p2a: Necrozma\n|\n|-weather|RainDance|[upkeep]\n|upkeep\n|\n|t:|1664922649\n|switch|p2a: Ditto|Ditto|41\/100\n|-transform|p2a: Ditto|p1a: Xerneas|[from] ability: Imposter\n|-ability|p2a: Ditto|Fairy Aura\n|-end|p1a: Xerneas|Dynamax\n|-heal|p1a: Xerneas|62\/100|[silent]\n|turn|18\n|\n|t:|1664922655\n|move|p2a: Ditto|Moonblast|p1a: Xerneas\n|-damage|p1a: Xerneas|0 fnt\n|faint|p1a: Xerneas\n|\n|-weather|RainDance|[upkeep]\n|upkeep\n|\n|t:|1664922658\n|switch|p1a: Calyrex|Calyrex-Shadow|100\/100\n|-ability|p1a: Calyrex|As One\n|-ability|p1a: Calyrex|Unnerve\n|turn|19\n|j| Smokin that pack\n|c| Buck is stallish|Should have kept NDM healthy\n|c|\u2606MurderousMantyke|psure i lose\n|\n|t:|1664922687\n|move|p2a: Ditto|Moonblast|p1a: Calyrex\n|-damage|p1a: Calyrex|0 fnt\n|faint|p1a: Calyrex\n|\n|win|fard in deez nuts\n|raw|MurderousMantyke's rating: 1865 &rarr; <strong>1844<\/strong><br \/>(-21 for losing)\n|raw|fard in deez nuts's rating: 1850 &rarr; <strong>1871<\/strong><br \/>(+21 for winning)\n|c|\u2606fard in deez nuts|Buck\n|c|\u2606fard in deez nuts|u are ass\n|c|\u2606MurderousMantyke|gg\n|c|\u2606fard in deez nuts|stop joining these games and speculating\n|l|\u2606MurderousMantyke\n","uploadtime":1664922700,"views":13,"p1id":"murderousmantyke","p2id":"fardindeeznuts","formatid":"gen8anythinggoes","rating":1844,"private":0,"password":null}