{"id":"gen8nationaldex-1511598367","p1":"tbw(at)gmx(dot)us","p2":"Hikari-miyako","format":"gen8nationaldex","log":"|j|\u2606tbw(at)gmx(dot)us\n|j|\u2606Hikari-miyako\n|t:|1644946157\n|gametype|singles\n|player|p1|tbw(at)gmx(dot)us|scientist-gen2|1699\n|player|p2|Hikari-miyako|ariana|1735\n|teamsize|p1|6\n|teamsize|p2|6\n|gen|8\n|tier|[Gen 8] National Dex\n|rated|\n|rule|HP Percentage Mod: HP is shown in percentages\n|rule|Endless Battle Clause: Forcing endless battles is banned\n|rule|OHKO Clause: OHKO moves are banned\n|rule|Evasion Moves Clause: Evasion moves are banned\n|rule|Species Clause: Limit one of each Pok\u00e9mon\n|rule|Dynamax Clause: You cannot dynamax\n|rule|Sleep Clause Mod: Limit one foe put to sleep\n|clearpoke\n|poke|p1|Toxapex, M|\n|poke|p1|Eldegoss, M|\n|poke|p1|Ditto|\n|poke|p1|Sableye, M|\n|poke|p1|Clefable, M|\n|poke|p1|Deoxys-Defense|\n|poke|p2|Diancie|\n|poke|p2|Magnezone|\n|poke|p2|Landorus-Therian, M|\n|poke|p2|Tapu Lele|\n|poke|p2|Galvantula, M|\n|poke|p2|Azumarill, F|\n|teampreview\n|inactive|Battle timer is ON: inactive players will automatically lose when time's up. (requested by Hikari-miyako)\n|\n|t:|1644946185\n|start\n|switch|p1a: \ud809\udc29\ud809\udc29\ud809\udc29\ud809\udc29\ud809\udc29\ud809\udc29\ud809\udc29\ud809\udc29\ud809\udc29|Ditto, shiny|100\/100\n|switch|p2a: Diancie|Diancie|100\/100\n|-transform|p1a: \ud809\udc29\ud809\udc29\ud809\udc29\ud809\udc29\ud809\udc29\ud809\udc29\ud809\udc29\ud809\udc29\ud809\udc29|p2a: Diancie|[from] ability: Imposter\n|turn|1\n|\n|t:|1644946201\n|switch|p1a: \ud809\udc26\ud809\udc26\ud809\udc26\ud809\udc26\ud809\udc26\ud809\udc26\ud809\udc26\ud809\udc26\ud809\udc26|Deoxys-Defense|100\/100\n|-ability|p1a: \ud809\udc26\ud809\udc26\ud809\udc26\ud809\udc26\ud809\udc26\ud809\udc26\ud809\udc26\ud809\udc26\ud809\udc26|Pressure\n|detailschange|p2a: Diancie|Diancie-Mega\n|-mega|p2a: Diancie|Diancie|Diancite\n|move|p2a: Diancie|Moonblast|p1a: \ud809\udc26\ud809\udc26\ud809\udc26\ud809\udc26\ud809\udc26\ud809\udc26\ud809\udc26\ud809\udc26\ud809\udc26\n|-damage|p1a: \ud809\udc26\ud809\udc26\ud809\udc26\ud809\udc26\ud809\udc26\ud809\udc26\ud809\udc26\ud809\udc26\ud809\udc26|63\/100\n|\n|-heal|p1a: \ud809\udc26\ud809\udc26\ud809\udc26\ud809\udc26\ud809\udc26\ud809\udc26\ud809\udc26\ud809\udc26\ud809\udc26|69\/100|[from] item: Leftovers\n|upkeep\n|turn|2\n|\n|t:|1644946207\n|switch|p2a: Landorus|Landorus-Therian, M|100\/100\n|-ability|p2a: Landorus|Intimidate|boost\n|-unboost|p1a: \ud809\udc26\ud809\udc26\ud809\udc26\ud809\udc26\ud809\udc26\ud809\udc26\ud809\udc26\ud809\udc26\ud809\udc26|atk|1\n|move|p1a: \ud809\udc26\ud809\udc26\ud809\udc26\ud809\udc26\ud809\udc26\ud809\udc26\ud809\udc26\ud809\udc26\ud809\udc26|Recover|p1a: \ud809\udc26\ud809\udc26\ud809\udc26\ud809\udc26\ud809\udc26\ud809\udc26\ud809\udc26\ud809\udc26\ud809\udc26\n|-heal|p1a: \ud809\udc26\ud809\udc26\ud809\udc26\ud809\udc26\ud809\udc26\ud809\udc26\ud809\udc26\ud809\udc26\ud809\udc26|100\/100\n|\n|upkeep\n|turn|3\n|\n|t:|1644946212\n|switch|p1a: \ud809\udc29\ud809\udc29\ud809\udc29\ud809\udc29\ud809\udc29\ud809\udc29\ud809\udc29\ud809\udc29\ud809\udc29|Ditto, shiny|100\/100\n|-transform|p1a: \ud809\udc29\ud809\udc29\ud809\udc29\ud809\udc29\ud809\udc29\ud809\udc29\ud809\udc29\ud809\udc29\ud809\udc29|p2a: Landorus|[from] ability: Imposter\n|-ability|p1a: \ud809\udc29\ud809\udc29\ud809\udc29\ud809\udc29\ud809\udc29\ud809\udc29\ud809\udc29\ud809\udc29\ud809\udc29|Intimidate|boost\n|-unboost|p2a: Landorus|atk|1\n|move|p2a: Landorus|Stealth Rock|p1a: \ud809\udc29\ud809\udc29\ud809\udc29\ud809\udc29\ud809\udc29\ud809\udc29\ud809\udc29\ud809\udc29\ud809\udc29\n|-sidestart|p1: tbw(at)gmx(dot)us|move: Stealth Rock\n|\n|upkeep\n|turn|4\n|\n|t:|1644946221\n|move|p1a: \ud809\udc29\ud809\udc29\ud809\udc29\ud809\udc29\ud809\udc29\ud809\udc29\ud809\udc29\ud809\udc29\ud809\udc29|Defog|p2a: Landorus\n|-unboost|p2a: Landorus|evasion|1\n|-sideend|p1: tbw(at)gmx(dot)us|Stealth Rock|[from] move: Defog|[of] p1a: \ud809\udc29\ud809\udc29\ud809\udc29\ud809\udc29\ud809\udc29\ud809\udc29\ud809\udc29\ud809\udc29\ud809\udc29\n|move|p2a: Landorus|U-turn|p1a: \ud809\udc29\ud809\udc29\ud809\udc29\ud809\udc29\ud809\udc29\ud809\udc29\ud809\udc29\ud809\udc29\ud809\udc29\n|-resisted|p1a: \ud809\udc29\ud809\udc29\ud809\udc29\ud809\udc29\ud809\udc29\ud809\udc29\ud809\udc29\ud809\udc29\ud809\udc29\n|-damage|p1a: \ud809\udc29\ud809\udc29\ud809\udc29\ud809\udc29\ud809\udc29\ud809\udc29\ud809\udc29\ud809\udc29\ud809\udc29|89\/100\n|\n|t:|1644946224\n|switch|p2a: Magnezone|Magnezone|100\/100|[from]move: U-turn\n|\n|upkeep\n|turn|5\n|j| Carlinss\n|\n|t:|1644946227\n|switch|p1a: \ud809\udc2a\ud809\udc2a\ud809\udc2a\ud809\udc2a\ud809\udc2a\ud809\udc2a\ud809\udc2a\ud809\udc2a\ud809\udc2a|Eldegoss, M|100\/100\n|move|p2a: Magnezone|Volt Switch|p1a: \ud809\udc2a\ud809\udc2a\ud809\udc2a\ud809\udc2a\ud809\udc2a\ud809\udc2a\ud809\udc2a\ud809\udc2a\ud809\udc2a\n|-resisted|p1a: \ud809\udc2a\ud809\udc2a\ud809\udc2a\ud809\udc2a\ud809\udc2a\ud809\udc2a\ud809\udc2a\ud809\udc2a\ud809\udc2a\n|-damage|p1a: \ud809\udc2a\ud809\udc2a\ud809\udc2a\ud809\udc2a\ud809\udc2a\ud809\udc2a\ud809\udc2a\ud809\udc2a\ud809\udc2a|82\/100\n|\n|t:|1644946231\n|switch|p2a: Landorus|Landorus-Therian, M|100\/100|[from]move: Volt Switch\n|-ability|p2a: Landorus|Intimidate|boost\n|-unboost|p1a: \ud809\udc2a\ud809\udc2a\ud809\udc2a\ud809\udc2a\ud809\udc2a\ud809\udc2a\ud809\udc2a\ud809\udc2a\ud809\udc2a|atk|1\n|\n|upkeep\n|turn|6\n|\n|t:|1644946237\n|move|p2a: Landorus|Stealth Rock|p1a: \ud809\udc2a\ud809\udc2a\ud809\udc2a\ud809\udc2a\ud809\udc2a\ud809\udc2a\ud809\udc2a\ud809\udc2a\ud809\udc2a\n|-sidestart|p1: tbw(at)gmx(dot)us|move: Stealth Rock\n|move|p1a: \ud809\udc2a\ud809\udc2a\ud809\udc2a\ud809\udc2a\ud809\udc2a\ud809\udc2a\ud809\udc2a\ud809\udc2a\ud809\udc2a|Leech Seed|p2a: Landorus\n|-start|p2a: Landorus|move: Leech Seed\n|\n|-damage|p2a: Landorus|88\/100|[from] Leech Seed|[of] p1a: \ud809\udc2a\ud809\udc2a\ud809\udc2a\ud809\udc2a\ud809\udc2a\ud809\udc2a\ud809\udc2a\ud809\udc2a\ud809\udc2a\n|-heal|p1a: \ud809\udc2a\ud809\udc2a\ud809\udc2a\ud809\udc2a\ud809\udc2a\ud809\udc2a\ud809\udc2a\ud809\udc2a\ud809\udc2a|94\/100|[silent]\n|upkeep\n|turn|7\n|\n|t:|1644946240\n|move|p2a: Landorus|U-turn|p1a: \ud809\udc2a\ud809\udc2a\ud809\udc2a\ud809\udc2a\ud809\udc2a\ud809\udc2a\ud809\udc2a\ud809\udc2a\ud809\udc2a\n|-supereffective|p1a: \ud809\udc2a\ud809\udc2a\ud809\udc2a\ud809\udc2a\ud809\udc2a\ud809\udc2a\ud809\udc2a\ud809\udc2a\ud809\udc2a\n|-damage|p1a: \ud809\udc2a\ud809\udc2a\ud809\udc2a\ud809\udc2a\ud809\udc2a\ud809\udc2a\ud809\udc2a\ud809\udc2a\ud809\udc2a|34\/100\n|\n|t:|1644946244\n|switch|p2a: Diancie|Diancie-Mega|100\/100|[from]move: U-turn\n|move|p1a: \ud809\udc2a\ud809\udc2a\ud809\udc2a\ud809\udc2a\ud809\udc2a\ud809\udc2a\ud809\udc2a\ud809\udc2a\ud809\udc2a|Rapid Spin|p2a: Diancie\n|-resisted|p2a: Diancie\n|-damage|p2a: Diancie|97\/100\n|-boost|p1a: \ud809\udc2a\ud809\udc2a\ud809\udc2a\ud809\udc2a\ud809\udc2a\ud809\udc2a\ud809\udc2a\ud809\udc2a\ud809\udc2a|spe|1\n|-sideend|p1: tbw(at)gmx(dot)us|Stealth Rock|[from] move: Rapid Spin|[of] p1a: \ud809\udc2a\ud809\udc2a\ud809\udc2a\ud809\udc2a\ud809\udc2a\ud809\udc2a\ud809\udc2a\ud809\udc2a\ud809\udc2a\n|\n|upkeep\n|turn|8\n|\n|t:|1644946247\n|switch|p1a: \ud809\udc26\ud809\udc26\ud809\udc26\ud809\udc26\ud809\udc26\ud809\udc26\ud809\udc26\ud809\udc26\ud809\udc26|Deoxys-Defense|100\/100\n|-ability|p1a: \ud809\udc26\ud809\udc26\ud809\udc26\ud809\udc26\ud809\udc26\ud809\udc26\ud809\udc26\ud809\udc26\ud809\udc26|Pressure\n|move|p2a: Diancie|Diamond Storm|p1a: \ud809\udc26\ud809\udc26\ud809\udc26\ud809\udc26\ud809\udc26\ud809\udc26\ud809\udc26\ud809\udc26\ud809\udc26\n|-damage|p1a: \ud809\udc26\ud809\udc26\ud809\udc26\ud809\udc26\ud809\udc26\ud809\udc26\ud809\udc26\ud809\udc26\ud809\udc26|65\/100\n|\n|-heal|p1a: \ud809\udc26\ud809\udc26\ud809\udc26\ud809\udc26\ud809\udc26\ud809\udc26\ud809\udc26\ud809\udc26\ud809\udc26|71\/100|[from] item: Leftovers\n|upkeep\n|turn|9\n|\n|t:|1644946251\n|switch|p2a: Landorus|Landorus-Therian, M|88\/100\n|-ability|p2a: Landorus|Intimidate|boost\n|-unboost|p1a: \ud809\udc26\ud809\udc26\ud809\udc26\ud809\udc26\ud809\udc26\ud809\udc26\ud809\udc26\ud809\udc26\ud809\udc26|atk|1\n|move|p1a: \ud809\udc26\ud809\udc26\ud809\udc26\ud809\udc26\ud809\udc26\ud809\udc26\ud809\udc26\ud809\udc26\ud809\udc26|Teleport|p1a: \ud809\udc26\ud809\udc26\ud809\udc26\ud809\udc26\ud809\udc26\ud809\udc26\ud809\udc26\ud809\udc26\ud809\udc26\n|\n|t:|1644946253\n|switch|p1a: \ud809\udc28\ud809\udc28\ud809\udc28\ud809\udc28\ud809\udc28\ud809\udc28\ud809\udc28\ud809\udc28\ud809\udc28|Sableye, M|100\/100|[from]move: Teleport\n|\n|-heal|p2a: Landorus|94\/100|[from] item: Leftovers\n|upkeep\n|turn|10\n|\n|t:|1644946256\n|switch|p2a: Diancie|Diancie-Mega|97\/100\n|move|p1a: \ud809\udc28\ud809\udc28\ud809\udc28\ud809\udc28\ud809\udc28\ud809\udc28\ud809\udc28\ud809\udc28\ud809\udc28|Will-O-Wisp|p2a: Diancie\n|move|p2a: Diancie|Will-O-Wisp|p1a: \ud809\udc28\ud809\udc28\ud809\udc28\ud809\udc28\ud809\udc28\ud809\udc28\ud809\udc28\ud809\udc28\ud809\udc28|[from]ability: Magic Bounce\n|-status|p1a: \ud809\udc28\ud809\udc28\ud809\udc28\ud809\udc28\ud809\udc28\ud809\udc28\ud809\udc28\ud809\udc28\ud809\udc28|brn\n|\n|-damage|p1a: \ud809\udc28\ud809\udc28\ud809\udc28\ud809\udc28\ud809\udc28\ud809\udc28\ud809\udc28\ud809\udc28\ud809\udc28|94\/100 brn|[from] brn\n|upkeep\n|turn|11\n|\n|t:|1644946262\n|switch|p1a: \ud809\udc2b\ud809\udc2b\ud809\udc2b\ud809\udc2b\ud809\udc2b\ud809\udc2b\ud809\udc2b\ud809\udc2b\ud809\udc2b|Toxapex, M|100\/100\n|move|p2a: Diancie|Moonblast|p1a: \ud809\udc2b\ud809\udc2b\ud809\udc2b\ud809\udc2b\ud809\udc2b\ud809\udc2b\ud809\udc2b\ud809\udc2b\ud809\udc2b\n|-resisted|p1a: \ud809\udc2b\ud809\udc2b\ud809\udc2b\ud809\udc2b\ud809\udc2b\ud809\udc2b\ud809\udc2b\ud809\udc2b\ud809\udc2b\n|-damage|p1a: \ud809\udc2b\ud809\udc2b\ud809\udc2b\ud809\udc2b\ud809\udc2b\ud809\udc2b\ud809\udc2b\ud809\udc2b\ud809\udc2b|81\/100\n|\n|-heal|p1a: \ud809\udc2b\ud809\udc2b\ud809\udc2b\ud809\udc2b\ud809\udc2b\ud809\udc2b\ud809\udc2b\ud809\udc2b\ud809\udc2b|88\/100|[from] item: Black Sludge\n|upkeep\n|turn|12\n|\n|t:|1644946265\n|move|p2a: Diancie|Earth Power|p1a: \ud809\udc2b\ud809\udc2b\ud809\udc2b\ud809\udc2b\ud809\udc2b\ud809\udc2b\ud809\udc2b\ud809\udc2b\ud809\udc2b\n|-supereffective|p1a: \ud809\udc2b\ud809\udc2b\ud809\udc2b\ud809\udc2b\ud809\udc2b\ud809\udc2b\ud809\udc2b\ud809\udc2b\ud809\udc2b\n|-damage|p1a: \ud809\udc2b\ud809\udc2b\ud809\udc2b\ud809\udc2b\ud809\udc2b\ud809\udc2b\ud809\udc2b\ud809\udc2b\ud809\udc2b|34\/100\n|move|p1a: \ud809\udc2b\ud809\udc2b\ud809\udc2b\ud809\udc2b\ud809\udc2b\ud809\udc2b\ud809\udc2b\ud809\udc2b\ud809\udc2b|Scald|p2a: Diancie\n|-supereffective|p2a: Diancie\n|-damage|p2a: Diancie|55\/100\n|-status|p2a: Diancie|brn\n|\n|-heal|p1a: \ud809\udc2b\ud809\udc2b\ud809\udc2b\ud809\udc2b\ud809\udc2b\ud809\udc2b\ud809\udc2b\ud809\udc2b\ud809\udc2b|41\/100|[from] item: Black Sludge\n|-damage|p2a: Diancie|49\/100 brn|[from] brn\n|upkeep\n|turn|13\n|\n|t:|1644946270\n|switch|p1a: \ud809\udc2a\ud809\udc2a\ud809\udc2a\ud809\udc2a\ud809\udc2a\ud809\udc2a\ud809\udc2a\ud809\udc2a\ud809\udc2a|Eldegoss, M|67\/100\n|move|p2a: Diancie|Moonblast|p1a: \ud809\udc2a\ud809\udc2a\ud809\udc2a\ud809\udc2a\ud809\udc2a\ud809\udc2a\ud809\udc2a\ud809\udc2a\ud809\udc2a\n|-damage|p1a: \ud809\udc2a\ud809\udc2a\ud809\udc2a\ud809\udc2a\ud809\udc2a\ud809\udc2a\ud809\udc2a\ud809\udc2a\ud809\udc2a|31\/100\n|\n|-damage|p2a: Diancie|42\/100 brn|[from] brn\n|upkeep\n|turn|14\n|\n|t:|1644946273\n|switch|p1a: \ud809\udc2b\ud809\udc2b\ud809\udc2b\ud809\udc2b\ud809\udc2b\ud809\udc2b\ud809\udc2b\ud809\udc2b\ud809\udc2b|Toxapex, M|74\/100\n|move|p2a: Diancie|Moonblast|p1a: \ud809\udc2b\ud809\udc2b\ud809\udc2b\ud809\udc2b\ud809\udc2b\ud809\udc2b\ud809\udc2b\ud809\udc2b\ud809\udc2b\n|-resisted|p1a: \ud809\udc2b\ud809\udc2b\ud809\udc2b\ud809\udc2b\ud809\udc2b\ud809\udc2b\ud809\udc2b\ud809\udc2b\ud809\udc2b\n|-damage|p1a: \ud809\udc2b\ud809\udc2b\ud809\udc2b\ud809\udc2b\ud809\udc2b\ud809\udc2b\ud809\udc2b\ud809\udc2b\ud809\udc2b|52\/100\n|\n|-heal|p1a: \ud809\udc2b\ud809\udc2b\ud809\udc2b\ud809\udc2b\ud809\udc2b\ud809\udc2b\ud809\udc2b\ud809\udc2b\ud809\udc2b|59\/100|[from] item: Black Sludge\n|-damage|p2a: Diancie|36\/100 brn|[from] brn\n|upkeep\n|turn|15\n|\n|t:|1644946276\n|switch|p1a: \ud809\udc2a\ud809\udc2a\ud809\udc2a\ud809\udc2a\ud809\udc2a\ud809\udc2a\ud809\udc2a\ud809\udc2a\ud809\udc2a|Eldegoss, M|64\/100\n|move|p2a: Diancie|Earth Power|p1a: \ud809\udc2a\ud809\udc2a\ud809\udc2a\ud809\udc2a\ud809\udc2a\ud809\udc2a\ud809\udc2a\ud809\udc2a\ud809\udc2a\n|-resisted|p1a: \ud809\udc2a\ud809\udc2a\ud809\udc2a\ud809\udc2a\ud809\udc2a\ud809\udc2a\ud809\udc2a\ud809\udc2a\ud809\udc2a\n|-damage|p1a: \ud809\udc2a\ud809\udc2a\ud809\udc2a\ud809\udc2a\ud809\udc2a\ud809\udc2a\ud809\udc2a\ud809\udc2a\ud809\udc2a|53\/100\n|\n|-damage|p2a: Diancie|30\/100 brn|[from] brn\n|upkeep\n|turn|16\n|\n|t:|1644946283\n|move|p2a: Diancie|Moonblast|p1a: \ud809\udc2a\ud809\udc2a\ud809\udc2a\ud809\udc2a\ud809\udc2a\ud809\udc2a\ud809\udc2a\ud809\udc2a\ud809\udc2a\n|-damage|p1a: \ud809\udc2a\ud809\udc2a\ud809\udc2a\ud809\udc2a\ud809\udc2a\ud809\udc2a\ud809\udc2a\ud809\udc2a\ud809\udc2a|15\/100\n|-unboost|p1a: \ud809\udc2a\ud809\udc2a\ud809\udc2a\ud809\udc2a\ud809\udc2a\ud809\udc2a\ud809\udc2a\ud809\udc2a\ud809\udc2a|spa|1\n|move|p1a: \ud809\udc2a\ud809\udc2a\ud809\udc2a\ud809\udc2a\ud809\udc2a\ud809\udc2a\ud809\udc2a\ud809\udc2a\ud809\udc2a|Aromatherapy|p1a: \ud809\udc2a\ud809\udc2a\ud809\udc2a\ud809\udc2a\ud809\udc2a\ud809\udc2a\ud809\udc2a\ud809\udc2a\ud809\udc2a\n|-activate|p1a: \ud809\udc2a\ud809\udc2a\ud809\udc2a\ud809\udc2a\ud809\udc2a\ud809\udc2a\ud809\udc2a\ud809\udc2a\ud809\udc2a|move: Aromatherapy\n|-curestatus|p1: \ud809\udc28\ud809\udc28\ud809\udc28\ud809\udc28\ud809\udc28\ud809\udc28\ud809\udc28\ud809\udc28\ud809\udc28|brn|[msg]\n|\n|-damage|p2a: Diancie|24\/100 brn|[from] brn\n|upkeep\n|turn|17\n|\n|t:|1644946291\n|switch|p1a: \ud809\udc26\ud809\udc26\ud809\udc26\ud809\udc26\ud809\udc26\ud809\udc26\ud809\udc26\ud809\udc26\ud809\udc26|Deoxys-Defense|71\/100\n|-ability|p1a: \ud809\udc26\ud809\udc26\ud809\udc26\ud809\udc26\ud809\udc26\ud809\udc26\ud809\udc26\ud809\udc26\ud809\udc26|Pressure\n|move|p2a: Diancie|Earth Power|p1a: \ud809\udc26\ud809\udc26\ud809\udc26\ud809\udc26\ud809\udc26\ud809\udc26\ud809\udc26\ud809\udc26\ud809\udc26\n|-damage|p1a: \ud809\udc26\ud809\udc26\ud809\udc26\ud809\udc26\ud809\udc26\ud809\udc26\ud809\udc26\ud809\udc26\ud809\udc26|47\/100\n|\n|-heal|p1a: \ud809\udc26\ud809\udc26\ud809\udc26\ud809\udc26\ud809\udc26\ud809\udc26\ud809\udc26\ud809\udc26\ud809\udc26|53\/100|[from] item: Leftovers\n|-damage|p2a: Diancie|18\/100 brn|[from] brn\n|upkeep\n|turn|18\n|\n|t:|1644946294\n|move|p2a: Diancie|Moonblast|p1a: \ud809\udc26\ud809\udc26\ud809\udc26\ud809\udc26\ud809\udc26\ud809\udc26\ud809\udc26\ud809\udc26\ud809\udc26\n|-damage|p1a: \ud809\udc26\ud809\udc26\ud809\udc26\ud809\udc26\ud809\udc26\ud809\udc26\ud809\udc26\ud809\udc26\ud809\udc26|11\/100\n|-unboost|p1a: \ud809\udc26\ud809\udc26\ud809\udc26\ud809\udc26\ud809\udc26\ud809\udc26\ud809\udc26\ud809\udc26\ud809\udc26|spa|1\n|move|p1a: \ud809\udc26\ud809\udc26\ud809\udc26\ud809\udc26\ud809\udc26\ud809\udc26\ud809\udc26\ud809\udc26\ud809\udc26|Recover|p1a: \ud809\udc26\ud809\udc26\ud809\udc26\ud809\udc26\ud809\udc26\ud809\udc26\ud809\udc26\ud809\udc26\ud809\udc26\n|-heal|p1a: \ud809\udc26\ud809\udc26\ud809\udc26\ud809\udc26\ud809\udc26\ud809\udc26\ud809\udc26\ud809\udc26\ud809\udc26|61\/100\n|\n|-heal|p1a: \ud809\udc26\ud809\udc26\ud809\udc26\ud809\udc26\ud809\udc26\ud809\udc26\ud809\udc26\ud809\udc26\ud809\udc26|68\/100|[from] item: Leftovers\n|-damage|p2a: Diancie|11\/100 brn|[from] brn\n|upkeep\n|turn|19\n|\n|t:|1644946296\n|move|p2a: Diancie|Moonblast|p1a: \ud809\udc26\ud809\udc26\ud809\udc26\ud809\udc26\ud809\udc26\ud809\udc26\ud809\udc26\ud809\udc26\ud809\udc26\n|-damage|p1a: \ud809\udc26\ud809\udc26\ud809\udc26\ud809\udc26\ud809\udc26\ud809\udc26\ud809\udc26\ud809\udc26\ud809\udc26|28\/100\n|move|p1a: \ud809\udc26\ud809\udc26\ud809\udc26\ud809\udc26\ud809\udc26\ud809\udc26\ud809\udc26\ud809\udc26\ud809\udc26|Recover|p1a: \ud809\udc26\ud809\udc26\ud809\udc26\ud809\udc26\ud809\udc26\ud809\udc26\ud809\udc26\ud809\udc26\ud809\udc26\n|-heal|p1a: \ud809\udc26\ud809\udc26\ud809\udc26\ud809\udc26\ud809\udc26\ud809\udc26\ud809\udc26\ud809\udc26\ud809\udc26|78\/100\n|\n|-heal|p1a: \ud809\udc26\ud809\udc26\ud809\udc26\ud809\udc26\ud809\udc26\ud809\udc26\ud809\udc26\ud809\udc26\ud809\udc26|84\/100|[from] item: Leftovers\n|-damage|p2a: Diancie|5\/100 brn|[from] brn\n|upkeep\n|turn|20\n|\n|t:|1644946300\n|move|p1a: \ud809\udc26\ud809\udc26\ud809\udc26\ud809\udc26\ud809\udc26\ud809\udc26\ud809\udc26\ud809\udc26\ud809\udc26|Protect|p1a: \ud809\udc26\ud809\udc26\ud809\udc26\ud809\udc26\ud809\udc26\ud809\udc26\ud809\udc26\ud809\udc26\ud809\udc26\n|-singleturn|p1a: \ud809\udc26\ud809\udc26\ud809\udc26\ud809\udc26\ud809\udc26\ud809\udc26\ud809\udc26\ud809\udc26\ud809\udc26|Protect\n|move|p2a: Diancie|Moonblast|p1a: \ud809\udc26\ud809\udc26\ud809\udc26\ud809\udc26\ud809\udc26\ud809\udc26\ud809\udc26\ud809\udc26\ud809\udc26\n|-activate|p1a: \ud809\udc26\ud809\udc26\ud809\udc26\ud809\udc26\ud809\udc26\ud809\udc26\ud809\udc26\ud809\udc26\ud809\udc26|move: Protect\n|\n|-heal|p1a: \ud809\udc26\ud809\udc26\ud809\udc26\ud809\udc26\ud809\udc26\ud809\udc26\ud809\udc26\ud809\udc26\ud809\udc26|90\/100|[from] item: Leftovers\n|-damage|p2a: Diancie|0 fnt|[from] brn\n|faint|p2a: Diancie\n|upkeep\n|\n|t:|1644946302\n|switch|p2a: Azumarill|Azumarill, F|100\/100\n|turn|21\n|\n|t:|1644946306\n|switch|p1a: \ud809\udc2b\ud809\udc2b\ud809\udc2b\ud809\udc2b\ud809\udc2b\ud809\udc2b\ud809\udc2b\ud809\udc2b\ud809\udc2b|Toxapex, M|92\/100\n|move|p2a: Azumarill|Knock Off|p1a: \ud809\udc2b\ud809\udc2b\ud809\udc2b\ud809\udc2b\ud809\udc2b\ud809\udc2b\ud809\udc2b\ud809\udc2b\ud809\udc2b\n|-damage|p1a: \ud809\udc2b\ud809\udc2b\ud809\udc2b\ud809\udc2b\ud809\udc2b\ud809\udc2b\ud809\udc2b\ud809\udc2b\ud809\udc2b|50\/100\n|-enditem|p1a: \ud809\udc2b\ud809\udc2b\ud809\udc2b\ud809\udc2b\ud809\udc2b\ud809\udc2b\ud809\udc2b\ud809\udc2b\ud809\udc2b|Black Sludge|[from] move: Knock Off|[of] p2a: Azumarill\n|\n|upkeep\n|turn|22\n|\n|t:|1644946311\n|switch|p2a: Landorus|Landorus-Therian, M|94\/100\n|-ability|p2a: Landorus|Intimidate|boost\n|-unboost|p1a: \ud809\udc2b\ud809\udc2b\ud809\udc2b\ud809\udc2b\ud809\udc2b\ud809\udc2b\ud809\udc2b\ud809\udc2b\ud809\udc2b|atk|1\n|move|p1a: \ud809\udc2b\ud809\udc2b\ud809\udc2b\ud809\udc2b\ud809\udc2b\ud809\udc2b\ud809\udc2b\ud809\udc2b\ud809\udc2b|Recover|p1a: \ud809\udc2b\ud809\udc2b\ud809\udc2b\ud809\udc2b\ud809\udc2b\ud809\udc2b\ud809\udc2b\ud809\udc2b\ud809\udc2b\n|-heal|p1a: \ud809\udc2b\ud809\udc2b\ud809\udc2b\ud809\udc2b\ud809\udc2b\ud809\udc2b\ud809\udc2b\ud809\udc2b\ud809\udc2b|100\/100\n|\n|-heal|p2a: Landorus|99\/100|[from] item: Leftovers\n|upkeep\n|turn|23\n|\n|t:|1644946313\n|move|p2a: Landorus|Stealth Rock|p1a: \ud809\udc2b\ud809\udc2b\ud809\udc2b\ud809\udc2b\ud809\udc2b\ud809\udc2b\ud809\udc2b\ud809\udc2b\ud809\udc2b\n|-sidestart|p1: tbw(at)gmx(dot)us|move: Stealth Rock\n|move|p1a: \ud809\udc2b\ud809\udc2b\ud809\udc2b\ud809\udc2b\ud809\udc2b\ud809\udc2b\ud809\udc2b\ud809\udc2b\ud809\udc2b|Scald|p2a: Landorus\n|-supereffective|p2a: Landorus\n|-damage|p2a: Landorus|55\/100\n|\n|-heal|p2a: Landorus|61\/100|[from] item: Leftovers\n|upkeep\n|turn|24\n|\n|t:|1644946317\n|switch|p1a: \ud809\udc29\ud809\udc29\ud809\udc29\ud809\udc29\ud809\udc29\ud809\udc29\ud809\udc29\ud809\udc29\ud809\udc29|Ditto, shiny|89\/100\n|-damage|p1a: \ud809\udc29\ud809\udc29\ud809\udc29\ud809\udc29\ud809\udc29\ud809\udc29\ud809\udc29\ud809\udc29\ud809\udc29|77\/100|[from] Stealth Rock\n|-transform|p1a: \ud809\udc29\ud809\udc29\ud809\udc29\ud809\udc29\ud809\udc29\ud809\udc29\ud809\udc29\ud809\udc29\ud809\udc29|p2a: Landorus|[from] ability: Imposter\n|-ability|p1a: \ud809\udc29\ud809\udc29\ud809\udc29\ud809\udc29\ud809\udc29\ud809\udc29\ud809\udc29\ud809\udc29\ud809\udc29|Intimidate|boost\n|-unboost|p2a: Landorus|atk|1\n|move|p2a: Landorus|U-turn|p1a: \ud809\udc29\ud809\udc29\ud809\udc29\ud809\udc29\ud809\udc29\ud809\udc29\ud809\udc29\ud809\udc29\ud809\udc29\n|-resisted|p1a: \ud809\udc29\ud809\udc29\ud809\udc29\ud809\udc29\ud809\udc29\ud809\udc29\ud809\udc29\ud809\udc29\ud809\udc29\n|-damage|p1a: \ud809\udc29\ud809\udc29\ud809\udc29\ud809\udc29\ud809\udc29\ud809\udc29\ud809\udc29\ud809\udc29\ud809\udc29|66\/100\n|\n|t:|1644946321\n|switch|p2a: Galvantula|Galvantula, M|100\/100|[from]move: U-turn\n|\n|upkeep\n|turn|25\n|\n|t:|1644946325\n|move|p1a: \ud809\udc29\ud809\udc29\ud809\udc29\ud809\udc29\ud809\udc29\ud809\udc29\ud809\udc29\ud809\udc29\ud809\udc29|U-turn|p2a: Galvantula\n|-damage|p2a: Galvantula|53\/100\n|\n|t:|1644946329\n|switch|p1a: \ud809\udc28\ud809\udc28\ud809\udc28\ud809\udc28\ud809\udc28\ud809\udc28\ud809\udc28\ud809\udc28\ud809\udc28|Sableye, M|94\/100|[from]move: U-turn\n|-damage|p1a: \ud809\udc28\ud809\udc28\ud809\udc28\ud809\udc28\ud809\udc28\ud809\udc28\ud809\udc28\ud809\udc28\ud809\udc28|82\/100|[from] Stealth Rock\n|move|p2a: Galvantula|Hidden Power|p1a: \ud809\udc28\ud809\udc28\ud809\udc28\ud809\udc28\ud809\udc28\ud809\udc28\ud809\udc28\ud809\udc28\ud809\udc28\n|-damage|p1a: \ud809\udc28\ud809\udc28\ud809\udc28\ud809\udc28\ud809\udc28\ud809\udc28\ud809\udc28\ud809\udc28\ud809\udc28|54\/100\n|\n|upkeep\n|turn|26\n|\n|t:|1644946332\n|detailschange|p1a: \ud809\udc28\ud809\udc28\ud809\udc28\ud809\udc28\ud809\udc28\ud809\udc28\ud809\udc28\ud809\udc28\ud809\udc28|Sableye-Mega, M\n|-mega|p1a: \ud809\udc28\ud809\udc28\ud809\udc28\ud809\udc28\ud809\udc28\ud809\udc28\ud809\udc28\ud809\udc28\ud809\udc28|Sableye|Sablenite\n|move|p2a: Galvantula|Thunder|p1a: \ud809\udc28\ud809\udc28\ud809\udc28\ud809\udc28\ud809\udc28\ud809\udc28\ud809\udc28\ud809\udc28\ud809\udc28\n|-damage|p1a: \ud809\udc28\ud809\udc28\ud809\udc28\ud809\udc28\ud809\udc28\ud809\udc28\ud809\udc28\ud809\udc28\ud809\udc28|11\/100\n|-status|p1a: \ud809\udc28\ud809\udc28\ud809\udc28\ud809\udc28\ud809\udc28\ud809\udc28\ud809\udc28\ud809\udc28\ud809\udc28|par\n|move|p1a: \ud809\udc28\ud809\udc28\ud809\udc28\ud809\udc28\ud809\udc28\ud809\udc28\ud809\udc28\ud809\udc28\ud809\udc28|Recover|p1a: \ud809\udc28\ud809\udc28\ud809\udc28\ud809\udc28\ud809\udc28\ud809\udc28\ud809\udc28\ud809\udc28\ud809\udc28\n|-heal|p1a: \ud809\udc28\ud809\udc28\ud809\udc28\ud809\udc28\ud809\udc28\ud809\udc28\ud809\udc28\ud809\udc28\ud809\udc28|61\/100 par\n|\n|upkeep\n|turn|27\n|\n|t:|1644946342\n|switch|p1a: \ud809\udc27\ud809\udc27\ud809\udc27\ud809\udc27\ud809\udc27\ud809\udc27\ud809\udc27\ud809\udc27\ud809\udc27|Clefable, M|100\/100\n|-damage|p1a: \ud809\udc27\ud809\udc27\ud809\udc27\ud809\udc27\ud809\udc27\ud809\udc27\ud809\udc27\ud809\udc27\ud809\udc27|88\/100|[from] Stealth Rock\n|move|p2a: Galvantula|Thunder|p1a: \ud809\udc27\ud809\udc27\ud809\udc27\ud809\udc27\ud809\udc27\ud809\udc27\ud809\udc27\ud809\udc27\ud809\udc27\n|-damage|p1a: \ud809\udc27\ud809\udc27\ud809\udc27\ud809\udc27\ud809\udc27\ud809\udc27\ud809\udc27\ud809\udc27\ud809\udc27|57\/100\n|-status|p1a: \ud809\udc27\ud809\udc27\ud809\udc27\ud809\udc27\ud809\udc27\ud809\udc27\ud809\udc27\ud809\udc27\ud809\udc27|par\n|\n|-heal|p1a: \ud809\udc27\ud809\udc27\ud809\udc27\ud809\udc27\ud809\udc27\ud809\udc27\ud809\udc27\ud809\udc27\ud809\udc27|63\/100 par|[from] item: Leftovers\n|upkeep\n|turn|28\n|\n|t:|1644946345\n|move|p2a: Galvantula|Thunder|p1a: \ud809\udc27\ud809\udc27\ud809\udc27\ud809\udc27\ud809\udc27\ud809\udc27\ud809\udc27\ud809\udc27\ud809\udc27\n|-damage|p1a: \ud809\udc27\ud809\udc27\ud809\udc27\ud809\udc27\ud809\udc27\ud809\udc27\ud809\udc27\ud809\udc27\ud809\udc27|30\/100 par\n|move|p1a: \ud809\udc27\ud809\udc27\ud809\udc27\ud809\udc27\ud809\udc27\ud809\udc27\ud809\udc27\ud809\udc27\ud809\udc27|Wish|p1a: \ud809\udc27\ud809\udc27\ud809\udc27\ud809\udc27\ud809\udc27\ud809\udc27\ud809\udc27\ud809\udc27\ud809\udc27\n|\n|-heal|p1a: \ud809\udc27\ud809\udc27\ud809\udc27\ud809\udc27\ud809\udc27\ud809\udc27\ud809\udc27\ud809\udc27\ud809\udc27|36\/100 par|[from] item: Leftovers\n|upkeep\n|turn|29\n|\n|t:|1644946351\n|switch|p2a: Magnezone|Magnezone|100\/100\n|move|p1a: \ud809\udc27\ud809\udc27\ud809\udc27\ud809\udc27\ud809\udc27\ud809\udc27\ud809\udc27\ud809\udc27\ud809\udc27|Protect||[still]\n|-fail|p1a: \ud809\udc27\ud809\udc27\ud809\udc27\ud809\udc27\ud809\udc27\ud809\udc27\ud809\udc27\ud809\udc27\ud809\udc27\n|\n|-heal|p1a: \ud809\udc27\ud809\udc27\ud809\udc27\ud809\udc27\ud809\udc27\ud809\udc27\ud809\udc27\ud809\udc27\ud809\udc27|86\/100 par|[from] move: Wish|[wisher] \ud809\udc27\ud809\udc27\ud809\udc27\ud809\udc27\ud809\udc27\ud809\udc27\ud809\udc27\ud809\udc27\ud809\udc27\n|-heal|p1a: \ud809\udc27\ud809\udc27\ud809\udc27\ud809\udc27\ud809\udc27\ud809\udc27\ud809\udc27\ud809\udc27\ud809\udc27|92\/100 par|[from] item: Leftovers\n|upkeep\n|turn|30\n|\n|t:|1644946353\n|cant|p1a: \ud809\udc27\ud809\udc27\ud809\udc27\ud809\udc27\ud809\udc27\ud809\udc27\ud809\udc27\ud809\udc27\ud809\udc27|par\n|move|p2a: Magnezone|Volt Switch|p1a: \ud809\udc27\ud809\udc27\ud809\udc27\ud809\udc27\ud809\udc27\ud809\udc27\ud809\udc27\ud809\udc27\ud809\udc27\n|-damage|p1a: \ud809\udc27\ud809\udc27\ud809\udc27\ud809\udc27\ud809\udc27\ud809\udc27\ud809\udc27\ud809\udc27\ud809\udc27|50\/100 par\n|\n|t:|1644946357\n|switch|p2a: Azumarill|Azumarill, F|100\/100|[from]move: Volt Switch\n|\n|-heal|p1a: \ud809\udc27\ud809\udc27\ud809\udc27\ud809\udc27\ud809\udc27\ud809\udc27\ud809\udc27\ud809\udc27\ud809\udc27|57\/100 par|[from] item: Leftovers\n|upkeep\n|turn|31\n|\n|t:|1644946360\n|switch|p1a: \ud809\udc2b\ud809\udc2b\ud809\udc2b\ud809\udc2b\ud809\udc2b\ud809\udc2b\ud809\udc2b\ud809\udc2b\ud809\udc2b|Toxapex, M|100\/100\n|-damage|p1a: \ud809\udc2b\ud809\udc2b\ud809\udc2b\ud809\udc2b\ud809\udc2b\ud809\udc2b\ud809\udc2b\ud809\udc2b\ud809\udc2b|88\/100|[from] Stealth Rock\n|move|p2a: Azumarill|Knock Off|p1a: \ud809\udc2b\ud809\udc2b\ud809\udc2b\ud809\udc2b\ud809\udc2b\ud809\udc2b\ud809\udc2b\ud809\udc2b\ud809\udc2b\n|-damage|p1a: \ud809\udc2b\ud809\udc2b\ud809\udc2b\ud809\udc2b\ud809\udc2b\ud809\udc2b\ud809\udc2b\ud809\udc2b\ud809\udc2b|57\/100\n|\n|upkeep\n|turn|32\n|\n|t:|1644946363\n|switch|p2a: Galvantula|Galvantula, M|53\/100\n|move|p1a: \ud809\udc2b\ud809\udc2b\ud809\udc2b\ud809\udc2b\ud809\udc2b\ud809\udc2b\ud809\udc2b\ud809\udc2b\ud809\udc2b|Scald|p2a: Galvantula\n|-damage|p2a: Galvantula|23\/100\n|\n|upkeep\n|turn|33\n|\n|t:|1644946367\n|switch|p1a: \ud809\udc27\ud809\udc27\ud809\udc27\ud809\udc27\ud809\udc27\ud809\udc27\ud809\udc27\ud809\udc27\ud809\udc27|Clefable, M|57\/100 par\n|-damage|p1a: \ud809\udc27\ud809\udc27\ud809\udc27\ud809\udc27\ud809\udc27\ud809\udc27\ud809\udc27\ud809\udc27\ud809\udc27|44\/100 par|[from] Stealth Rock\n|move|p2a: Galvantula|Thunder|p1a: \ud809\udc27\ud809\udc27\ud809\udc27\ud809\udc27\ud809\udc27\ud809\udc27\ud809\udc27\ud809\udc27\ud809\udc27\n|-damage|p1a: \ud809\udc27\ud809\udc27\ud809\udc27\ud809\udc27\ud809\udc27\ud809\udc27\ud809\udc27\ud809\udc27\ud809\udc27|11\/100 par\n|\n|-heal|p1a: \ud809\udc27\ud809\udc27\ud809\udc27\ud809\udc27\ud809\udc27\ud809\udc27\ud809\udc27\ud809\udc27\ud809\udc27|18\/100 par|[from] item: Leftovers\n|upkeep\n|turn|34\n|\n|t:|1644946370\n|move|p1a: \ud809\udc27\ud809\udc27\ud809\udc27\ud809\udc27\ud809\udc27\ud809\udc27\ud809\udc27\ud809\udc27\ud809\udc27|Protect|p1a: \ud809\udc27\ud809\udc27\ud809\udc27\ud809\udc27\ud809\udc27\ud809\udc27\ud809\udc27\ud809\udc27\ud809\udc27\n|-singleturn|p1a: \ud809\udc27\ud809\udc27\ud809\udc27\ud809\udc27\ud809\udc27\ud809\udc27\ud809\udc27\ud809\udc27\ud809\udc27|Protect\n|move|p2a: Galvantula|Thunder|p1a: \ud809\udc27\ud809\udc27\ud809\udc27\ud809\udc27\ud809\udc27\ud809\udc27\ud809\udc27\ud809\udc27\ud809\udc27\n|-activate|p1a: \ud809\udc27\ud809\udc27\ud809\udc27\ud809\udc27\ud809\udc27\ud809\udc27\ud809\udc27\ud809\udc27\ud809\udc27|move: Protect\n|\n|-heal|p1a: \ud809\udc27\ud809\udc27\ud809\udc27\ud809\udc27\ud809\udc27\ud809\udc27\ud809\udc27\ud809\udc27\ud809\udc27|24\/100 par|[from] item: Leftovers\n|upkeep\n|turn|35\n|\n|t:|1644946374\n|move|p2a: Galvantula|Thunder|p1a: \ud809\udc27\ud809\udc27\ud809\udc27\ud809\udc27\ud809\udc27\ud809\udc27\ud809\udc27\ud809\udc27\ud809\udc27\n|-damage|p1a: \ud809\udc27\ud809\udc27\ud809\udc27\ud809\udc27\ud809\udc27\ud809\udc27\ud809\udc27\ud809\udc27\ud809\udc27|0 fnt\n|faint|p1a: \ud809\udc27\ud809\udc27\ud809\udc27\ud809\udc27\ud809\udc27\ud809\udc27\ud809\udc27\ud809\udc27\ud809\udc27\n|\n|upkeep\n|\n|t:|1644946377\n|switch|p1a: \ud809\udc29\ud809\udc29\ud809\udc29\ud809\udc29\ud809\udc29\ud809\udc29\ud809\udc29\ud809\udc29\ud809\udc29|Ditto, shiny|66\/100\n|-damage|p1a: \ud809\udc29\ud809\udc29\ud809\udc29\ud809\udc29\ud809\udc29\ud809\udc29\ud809\udc29\ud809\udc29\ud809\udc29|54\/100|[from] Stealth Rock\n|-transform|p1a: \ud809\udc29\ud809\udc29\ud809\udc29\ud809\udc29\ud809\udc29\ud809\udc29\ud809\udc29\ud809\udc29\ud809\udc29|p2a: Galvantula|[from] ability: Imposter\n|turn|36\n|\n|t:|1644946382\n|move|p1a: \ud809\udc29\ud809\udc29\ud809\udc29\ud809\udc29\ud809\udc29\ud809\udc29\ud809\udc29\ud809\udc29\ud809\udc29|Thunder|p2a: Galvantula\n|-resisted|p2a: Galvantula\n|-damage|p2a: Galvantula|0 fnt\n|faint|p2a: Galvantula\n|\n|upkeep\n|\n|t:|1644946385\n|switch|p2a: Landorus|Landorus-Therian, M|61\/100\n|-ability|p2a: Landorus|Intimidate|boost\n|-unboost|p1a: \ud809\udc29\ud809\udc29\ud809\udc29\ud809\udc29\ud809\udc29\ud809\udc29\ud809\udc29\ud809\udc29\ud809\udc29|atk|1\n|turn|37\n|\n|t:|1644946390\n|switch|p1a: \ud809\udc26\ud809\udc26\ud809\udc26\ud809\udc26\ud809\udc26\ud809\udc26\ud809\udc26\ud809\udc26\ud809\udc26|Deoxys-Defense|90\/100\n|-damage|p1a: \ud809\udc26\ud809\udc26\ud809\udc26\ud809\udc26\ud809\udc26\ud809\udc26\ud809\udc26\ud809\udc26\ud809\udc26|78\/100|[from] Stealth Rock\n|-ability|p1a: \ud809\udc26\ud809\udc26\ud809\udc26\ud809\udc26\ud809\udc26\ud809\udc26\ud809\udc26\ud809\udc26\ud809\udc26|Pressure\n|move|p2a: Landorus|Earthquake|p1a: \ud809\udc26\ud809\udc26\ud809\udc26\ud809\udc26\ud809\udc26\ud809\udc26\ud809\udc26\ud809\udc26\ud809\udc26\n|-damage|p1a: \ud809\udc26\ud809\udc26\ud809\udc26\ud809\udc26\ud809\udc26\ud809\udc26\ud809\udc26\ud809\udc26\ud809\udc26|40\/100\n|\n|-heal|p2a: Landorus|67\/100|[from] item: Leftovers\n|-heal|p1a: \ud809\udc26\ud809\udc26\ud809\udc26\ud809\udc26\ud809\udc26\ud809\udc26\ud809\udc26\ud809\udc26\ud809\udc26|47\/100|[from] item: Leftovers\n|upkeep\n|turn|38\n|\n|t:|1644946395\n|move|p2a: Landorus|U-turn|p1a: \ud809\udc26\ud809\udc26\ud809\udc26\ud809\udc26\ud809\udc26\ud809\udc26\ud809\udc26\ud809\udc26\ud809\udc26\n|-supereffective|p1a: \ud809\udc26\ud809\udc26\ud809\udc26\ud809\udc26\ud809\udc26\ud809\udc26\ud809\udc26\ud809\udc26\ud809\udc26\n|-damage|p1a: \ud809\udc26\ud809\udc26\ud809\udc26\ud809\udc26\ud809\udc26\ud809\udc26\ud809\udc26\ud809\udc26\ud809\udc26|8\/100\n|\n|t:|1644946399\n|switch|p2a: Magnezone|Magnezone|100\/100|[from]move: U-turn\n|move|p1a: \ud809\udc26\ud809\udc26\ud809\udc26\ud809\udc26\ud809\udc26\ud809\udc26\ud809\udc26\ud809\udc26\ud809\udc26|Recover|p1a: \ud809\udc26\ud809\udc26\ud809\udc26\ud809\udc26\ud809\udc26\ud809\udc26\ud809\udc26\ud809\udc26\ud809\udc26\n|-heal|p1a: \ud809\udc26\ud809\udc26\ud809\udc26\ud809\udc26\ud809\udc26\ud809\udc26\ud809\udc26\ud809\udc26\ud809\udc26|58\/100\n|\n|-heal|p1a: \ud809\udc26\ud809\udc26\ud809\udc26\ud809\udc26\ud809\udc26\ud809\udc26\ud809\udc26\ud809\udc26\ud809\udc26|65\/100|[from] item: Leftovers\n|upkeep\n|turn|39\n|\n|t:|1644946402\n|move|p1a: \ud809\udc26\ud809\udc26\ud809\udc26\ud809\udc26\ud809\udc26\ud809\udc26\ud809\udc26\ud809\udc26\ud809\udc26|Protect|p1a: \ud809\udc26\ud809\udc26\ud809\udc26\ud809\udc26\ud809\udc26\ud809\udc26\ud809\udc26\ud809\udc26\ud809\udc26\n|-singleturn|p1a: \ud809\udc26\ud809\udc26\ud809\udc26\ud809\udc26\ud809\udc26\ud809\udc26\ud809\udc26\ud809\udc26\ud809\udc26|Protect\n|move|p2a: Magnezone|Volt Switch|p1a: \ud809\udc26\ud809\udc26\ud809\udc26\ud809\udc26\ud809\udc26\ud809\udc26\ud809\udc26\ud809\udc26\ud809\udc26\n|-activate|p1a: \ud809\udc26\ud809\udc26\ud809\udc26\ud809\udc26\ud809\udc26\ud809\udc26\ud809\udc26\ud809\udc26\ud809\udc26|move: Protect\n|\n|-heal|p1a: \ud809\udc26\ud809\udc26\ud809\udc26\ud809\udc26\ud809\udc26\ud809\udc26\ud809\udc26\ud809\udc26\ud809\udc26|71\/100|[from] item: Leftovers\n|upkeep\n|turn|40\n|\n|t:|1644946405\n|move|p2a: Magnezone|Volt Switch|p1a: \ud809\udc26\ud809\udc26\ud809\udc26\ud809\udc26\ud809\udc26\ud809\udc26\ud809\udc26\ud809\udc26\ud809\udc26\n|-damage|p1a: \ud809\udc26\ud809\udc26\ud809\udc26\ud809\udc26\ud809\udc26\ud809\udc26\ud809\udc26\ud809\udc26\ud809\udc26|35\/100\n|\n|t:|1644946409\n|switch|p2a: Landorus|Landorus-Therian, M|67\/100|[from]move: Volt Switch\n|-ability|p2a: Landorus|Intimidate|boost\n|-unboost|p1a: \ud809\udc26\ud809\udc26\ud809\udc26\ud809\udc26\ud809\udc26\ud809\udc26\ud809\udc26\ud809\udc26\ud809\udc26|atk|1\n|move|p1a: \ud809\udc26\ud809\udc26\ud809\udc26\ud809\udc26\ud809\udc26\ud809\udc26\ud809\udc26\ud809\udc26\ud809\udc26|Recover|p1a: \ud809\udc26\ud809\udc26\ud809\udc26\ud809\udc26\ud809\udc26\ud809\udc26\ud809\udc26\ud809\udc26\ud809\udc26\n|-heal|p1a: \ud809\udc26\ud809\udc26\ud809\udc26\ud809\udc26\ud809\udc26\ud809\udc26\ud809\udc26\ud809\udc26\ud809\udc26|85\/100\n|\n|-heal|p2a: Landorus|73\/100|[from] item: Leftovers\n|-heal|p1a: \ud809\udc26\ud809\udc26\ud809\udc26\ud809\udc26\ud809\udc26\ud809\udc26\ud809\udc26\ud809\udc26\ud809\udc26|91\/100|[from] item: Leftovers\n|upkeep\n|turn|41\n|\n|t:|1644946413\n|move|p2a: Landorus|U-turn|p1a: \ud809\udc26\ud809\udc26\ud809\udc26\ud809\udc26\ud809\udc26\ud809\udc26\ud809\udc26\ud809\udc26\ud809\udc26\n|-supereffective|p1a: \ud809\udc26\ud809\udc26\ud809\udc26\ud809\udc26\ud809\udc26\ud809\udc26\ud809\udc26\ud809\udc26\ud809\udc26\n|-damage|p1a: \ud809\udc26\ud809\udc26\ud809\udc26\ud809\udc26\ud809\udc26\ud809\udc26\ud809\udc26\ud809\udc26\ud809\udc26|56\/100\n|\n|t:|1644946416\n|switch|p2a: Magnezone|Magnezone|100\/100|[from]move: U-turn\n|move|p1a: \ud809\udc26\ud809\udc26\ud809\udc26\ud809\udc26\ud809\udc26\ud809\udc26\ud809\udc26\ud809\udc26\ud809\udc26|Spikes|p2a: Magnezone\n|-sidestart|p2: Hikari-miyako|Spikes\n|\n|-heal|p1a: \ud809\udc26\ud809\udc26\ud809\udc26\ud809\udc26\ud809\udc26\ud809\udc26\ud809\udc26\ud809\udc26\ud809\udc26|63\/100|[from] item: Leftovers\n|upkeep\n|turn|42\n|\n|t:|1644946418\n|move|p1a: \ud809\udc26\ud809\udc26\ud809\udc26\ud809\udc26\ud809\udc26\ud809\udc26\ud809\udc26\ud809\udc26\ud809\udc26|Protect|p1a: \ud809\udc26\ud809\udc26\ud809\udc26\ud809\udc26\ud809\udc26\ud809\udc26\ud809\udc26\ud809\udc26\ud809\udc26\n|-singleturn|p1a: \ud809\udc26\ud809\udc26\ud809\udc26\ud809\udc26\ud809\udc26\ud809\udc26\ud809\udc26\ud809\udc26\ud809\udc26|Protect\n|move|p2a: Magnezone|Thunderbolt|p1a: \ud809\udc26\ud809\udc26\ud809\udc26\ud809\udc26\ud809\udc26\ud809\udc26\ud809\udc26\ud809\udc26\ud809\udc26\n|-activate|p1a: \ud809\udc26\ud809\udc26\ud809\udc26\ud809\udc26\ud809\udc26\ud809\udc26\ud809\udc26\ud809\udc26\ud809\udc26|move: Protect\n|\n|-heal|p1a: \ud809\udc26\ud809\udc26\ud809\udc26\ud809\udc26\ud809\udc26\ud809\udc26\ud809\udc26\ud809\udc26\ud809\udc26|69\/100|[from] item: Leftovers\n|upkeep\n|turn|43\n|\n|t:|1644946422\n|move|p2a: Magnezone|Thunderbolt|p1a: \ud809\udc26\ud809\udc26\ud809\udc26\ud809\udc26\ud809\udc26\ud809\udc26\ud809\udc26\ud809\udc26\ud809\udc26\n|-damage|p1a: \ud809\udc26\ud809\udc26\ud809\udc26\ud809\udc26\ud809\udc26\ud809\udc26\ud809\udc26\ud809\udc26\ud809\udc26|16\/100\n|move|p1a: \ud809\udc26\ud809\udc26\ud809\udc26\ud809\udc26\ud809\udc26\ud809\udc26\ud809\udc26\ud809\udc26\ud809\udc26|Recover|p1a: \ud809\udc26\ud809\udc26\ud809\udc26\ud809\udc26\ud809\udc26\ud809\udc26\ud809\udc26\ud809\udc26\ud809\udc26\n|-heal|p1a: \ud809\udc26\ud809\udc26\ud809\udc26\ud809\udc26\ud809\udc26\ud809\udc26\ud809\udc26\ud809\udc26\ud809\udc26|66\/100\n|\n|-heal|p1a: \ud809\udc26\ud809\udc26\ud809\udc26\ud809\udc26\ud809\udc26\ud809\udc26\ud809\udc26\ud809\udc26\ud809\udc26|73\/100|[from] item: Leftovers\n|upkeep\n|turn|44\n|\n|t:|1644946425\n|move|p1a: \ud809\udc26\ud809\udc26\ud809\udc26\ud809\udc26\ud809\udc26\ud809\udc26\ud809\udc26\ud809\udc26\ud809\udc26|Protect|p1a: \ud809\udc26\ud809\udc26\ud809\udc26\ud809\udc26\ud809\udc26\ud809\udc26\ud809\udc26\ud809\udc26\ud809\udc26\n|-singleturn|p1a: \ud809\udc26\ud809\udc26\ud809\udc26\ud809\udc26\ud809\udc26\ud809\udc26\ud809\udc26\ud809\udc26\ud809\udc26|Protect\n|move|p2a: Magnezone|Thunderbolt|p1a: \ud809\udc26\ud809\udc26\ud809\udc26\ud809\udc26\ud809\udc26\ud809\udc26\ud809\udc26\ud809\udc26\ud809\udc26\n|-activate|p1a: \ud809\udc26\ud809\udc26\ud809\udc26\ud809\udc26\ud809\udc26\ud809\udc26\ud809\udc26\ud809\udc26\ud809\udc26|move: Protect\n|\n|-heal|p1a: \ud809\udc26\ud809\udc26\ud809\udc26\ud809\udc26\ud809\udc26\ud809\udc26\ud809\udc26\ud809\udc26\ud809\udc26|79\/100|[from] item: Leftovers\n|upkeep\n|turn|45\n|\n|t:|1644946427\n|move|p2a: Magnezone|Thunderbolt|p1a: \ud809\udc26\ud809\udc26\ud809\udc26\ud809\udc26\ud809\udc26\ud809\udc26\ud809\udc26\ud809\udc26\ud809\udc26\n|-damage|p1a: \ud809\udc26\ud809\udc26\ud809\udc26\ud809\udc26\ud809\udc26\ud809\udc26\ud809\udc26\ud809\udc26\ud809\udc26|31\/100\n|move|p1a: \ud809\udc26\ud809\udc26\ud809\udc26\ud809\udc26\ud809\udc26\ud809\udc26\ud809\udc26\ud809\udc26\ud809\udc26|Recover|p1a: \ud809\udc26\ud809\udc26\ud809\udc26\ud809\udc26\ud809\udc26\ud809\udc26\ud809\udc26\ud809\udc26\ud809\udc26\n|-heal|p1a: \ud809\udc26\ud809\udc26\ud809\udc26\ud809\udc26\ud809\udc26\ud809\udc26\ud809\udc26\ud809\udc26\ud809\udc26|81\/100\n|\n|-heal|p1a: \ud809\udc26\ud809\udc26\ud809\udc26\ud809\udc26\ud809\udc26\ud809\udc26\ud809\udc26\ud809\udc26\ud809\udc26|87\/100|[from] item: Leftovers\n|upkeep\n|turn|46\n|\n|t:|1644946430\n|move|p1a: \ud809\udc26\ud809\udc26\ud809\udc26\ud809\udc26\ud809\udc26\ud809\udc26\ud809\udc26\ud809\udc26\ud809\udc26|Protect|p1a: \ud809\udc26\ud809\udc26\ud809\udc26\ud809\udc26\ud809\udc26\ud809\udc26\ud809\udc26\ud809\udc26\ud809\udc26\n|-singleturn|p1a: \ud809\udc26\ud809\udc26\ud809\udc26\ud809\udc26\ud809\udc26\ud809\udc26\ud809\udc26\ud809\udc26\ud809\udc26|Protect\n|move|p2a: Magnezone|Thunderbolt|p1a: \ud809\udc26\ud809\udc26\ud809\udc26\ud809\udc26\ud809\udc26\ud809\udc26\ud809\udc26\ud809\udc26\ud809\udc26\n|-activate|p1a: \ud809\udc26\ud809\udc26\ud809\udc26\ud809\udc26\ud809\udc26\ud809\udc26\ud809\udc26\ud809\udc26\ud809\udc26|move: Protect\n|\n|-heal|p1a: \ud809\udc26\ud809\udc26\ud809\udc26\ud809\udc26\ud809\udc26\ud809\udc26\ud809\udc26\ud809\udc26\ud809\udc26|94\/100|[from] item: Leftovers\n|upkeep\n|turn|47\n|\n|t:|1644946432\n|move|p2a: Magnezone|Thunderbolt|p1a: \ud809\udc26\ud809\udc26\ud809\udc26\ud809\udc26\ud809\udc26\ud809\udc26\ud809\udc26\ud809\udc26\ud809\udc26\n|-damage|p1a: \ud809\udc26\ud809\udc26\ud809\udc26\ud809\udc26\ud809\udc26\ud809\udc26\ud809\udc26\ud809\udc26\ud809\udc26|46\/100\n|move|p1a: \ud809\udc26\ud809\udc26\ud809\udc26\ud809\udc26\ud809\udc26\ud809\udc26\ud809\udc26\ud809\udc26\ud809\udc26|Recover|p1a: \ud809\udc26\ud809\udc26\ud809\udc26\ud809\udc26\ud809\udc26\ud809\udc26\ud809\udc26\ud809\udc26\ud809\udc26\n|-heal|p1a: \ud809\udc26\ud809\udc26\ud809\udc26\ud809\udc26\ud809\udc26\ud809\udc26\ud809\udc26\ud809\udc26\ud809\udc26|96\/100\n|\n|-heal|p1a: \ud809\udc26\ud809\udc26\ud809\udc26\ud809\udc26\ud809\udc26\ud809\udc26\ud809\udc26\ud809\udc26\ud809\udc26|100\/100|[from] item: Leftovers\n|upkeep\n|turn|48\n|\n|t:|1644946439\n|switch|p2a: Landorus|Landorus-Therian, M|73\/100\n|-ability|p2a: Landorus|Intimidate|boost\n|-unboost|p1a: \ud809\udc26\ud809\udc26\ud809\udc26\ud809\udc26\ud809\udc26\ud809\udc26\ud809\udc26\ud809\udc26\ud809\udc26|atk|1\n|move|p1a: \ud809\udc26\ud809\udc26\ud809\udc26\ud809\udc26\ud809\udc26\ud809\udc26\ud809\udc26\ud809\udc26\ud809\udc26|Teleport|p1a: \ud809\udc26\ud809\udc26\ud809\udc26\ud809\udc26\ud809\udc26\ud809\udc26\ud809\udc26\ud809\udc26\ud809\udc26\n|\n|t:|1644946443\n|switch|p1a: \ud809\udc2b\ud809\udc2b\ud809\udc2b\ud809\udc2b\ud809\udc2b\ud809\udc2b\ud809\udc2b\ud809\udc2b\ud809\udc2b|Toxapex, M|90\/100|[from]move: Teleport\n|-damage|p1a: \ud809\udc2b\ud809\udc2b\ud809\udc2b\ud809\udc2b\ud809\udc2b\ud809\udc2b\ud809\udc2b\ud809\udc2b\ud809\udc2b|77\/100|[from] Stealth Rock\n|\n|-heal|p2a: Landorus|79\/100|[from] item: Leftovers\n|upkeep\n|turn|49\n|\n|t:|1644946446\n|move|p1a: \ud809\udc2b\ud809\udc2b\ud809\udc2b\ud809\udc2b\ud809\udc2b\ud809\udc2b\ud809\udc2b\ud809\udc2b\ud809\udc2b|Baneful Bunker|p1a: \ud809\udc2b\ud809\udc2b\ud809\udc2b\ud809\udc2b\ud809\udc2b\ud809\udc2b\ud809\udc2b\ud809\udc2b\ud809\udc2b\n|-singleturn|p1a: \ud809\udc2b\ud809\udc2b\ud809\udc2b\ud809\udc2b\ud809\udc2b\ud809\udc2b\ud809\udc2b\ud809\udc2b\ud809\udc2b|move: Protect\n|move|p2a: Landorus|U-turn|p1a: \ud809\udc2b\ud809\udc2b\ud809\udc2b\ud809\udc2b\ud809\udc2b\ud809\udc2b\ud809\udc2b\ud809\udc2b\ud809\udc2b\n|-activate|p1a: \ud809\udc2b\ud809\udc2b\ud809\udc2b\ud809\udc2b\ud809\udc2b\ud809\udc2b\ud809\udc2b\ud809\udc2b\ud809\udc2b|move: Protect\n|-status|p2a: Landorus|psn\n|\n|-heal|p2a: Landorus|85\/100 psn|[from] item: Leftovers\n|-damage|p2a: Landorus|73\/100 psn|[from] psn\n|upkeep\n|turn|50\n|\n|t:|1644946449\n|move|p2a: Landorus|U-turn|p1a: \ud809\udc2b\ud809\udc2b\ud809\udc2b\ud809\udc2b\ud809\udc2b\ud809\udc2b\ud809\udc2b\ud809\udc2b\ud809\udc2b\n|-resisted|p1a: \ud809\udc2b\ud809\udc2b\ud809\udc2b\ud809\udc2b\ud809\udc2b\ud809\udc2b\ud809\udc2b\ud809\udc2b\ud809\udc2b\n|-damage|p1a: \ud809\udc2b\ud809\udc2b\ud809\udc2b\ud809\udc2b\ud809\udc2b\ud809\udc2b\ud809\udc2b\ud809\udc2b\ud809\udc2b|69\/100\n|\n|t:|1644946452\n|switch|p2a: Magnezone|Magnezone|100\/100|[from]move: U-turn\n|-damage|p2a: Magnezone|88\/100|[from] Spikes\n|move|p1a: \ud809\udc2b\ud809\udc2b\ud809\udc2b\ud809\udc2b\ud809\udc2b\ud809\udc2b\ud809\udc2b\ud809\udc2b\ud809\udc2b|Scald|p2a: Magnezone\n|-damage|p2a: Magnezone|67\/100\n|\n|upkeep\n|turn|51\n|\n|t:|1644946455\n|move|p1a: \ud809\udc2b\ud809\udc2b\ud809\udc2b\ud809\udc2b\ud809\udc2b\ud809\udc2b\ud809\udc2b\ud809\udc2b\ud809\udc2b|Baneful Bunker|p1a: \ud809\udc2b\ud809\udc2b\ud809\udc2b\ud809\udc2b\ud809\udc2b\ud809\udc2b\ud809\udc2b\ud809\udc2b\ud809\udc2b\n|-singleturn|p1a: \ud809\udc2b\ud809\udc2b\ud809\udc2b\ud809\udc2b\ud809\udc2b\ud809\udc2b\ud809\udc2b\ud809\udc2b\ud809\udc2b|move: Protect\n|move|p2a: Magnezone|Volt Switch|p1a: \ud809\udc2b\ud809\udc2b\ud809\udc2b\ud809\udc2b\ud809\udc2b\ud809\udc2b\ud809\udc2b\ud809\udc2b\ud809\udc2b\n|-activate|p1a: \ud809\udc2b\ud809\udc2b\ud809\udc2b\ud809\udc2b\ud809\udc2b\ud809\udc2b\ud809\udc2b\ud809\udc2b\ud809\udc2b|move: Protect\n|\n|upkeep\n|turn|52\n|\n|t:|1644946458\n|switch|p1a: \ud809\udc2a\ud809\udc2a\ud809\udc2a\ud809\udc2a\ud809\udc2a\ud809\udc2a\ud809\udc2a\ud809\udc2a\ud809\udc2a|Eldegoss, M|48\/100\n|move|p2a: Magnezone|Volt Switch|p1a: \ud809\udc2a\ud809\udc2a\ud809\udc2a\ud809\udc2a\ud809\udc2a\ud809\udc2a\ud809\udc2a\ud809\udc2a\ud809\udc2a\n|-resisted|p1a: \ud809\udc2a\ud809\udc2a\ud809\udc2a\ud809\udc2a\ud809\udc2a\ud809\udc2a\ud809\udc2a\ud809\udc2a\ud809\udc2a\n|-damage|p1a: \ud809\udc2a\ud809\udc2a\ud809\udc2a\ud809\udc2a\ud809\udc2a\ud809\udc2a\ud809\udc2a\ud809\udc2a\ud809\udc2a|28\/100\n|\n|t:|1644946461\n|switch|p2a: Landorus|Landorus-Therian, M|73\/100 psn|[from]move: Volt Switch\n|-ability|p2a: Landorus|Intimidate|boost\n|-unboost|p1a: \ud809\udc2a\ud809\udc2a\ud809\udc2a\ud809\udc2a\ud809\udc2a\ud809\udc2a\ud809\udc2a\ud809\udc2a\ud809\udc2a|atk|1\n|\n|-heal|p2a: Landorus|79\/100 psn|[from] item: Leftovers\n|-damage|p2a: Landorus|66\/100 psn|[from] psn\n|upkeep\n|turn|53\n|\n|t:|1644946464\n|switch|p1a: \ud809\udc26\ud809\udc26\ud809\udc26\ud809\udc26\ud809\udc26\ud809\udc26\ud809\udc26\ud809\udc26\ud809\udc26|Deoxys-Defense|100\/100\n|-damage|p1a: \ud809\udc26\ud809\udc26\ud809\udc26\ud809\udc26\ud809\udc26\ud809\udc26\ud809\udc26\ud809\udc26\ud809\udc26|88\/100|[from] Stealth Rock\n|-ability|p1a: \ud809\udc26\ud809\udc26\ud809\udc26\ud809\udc26\ud809\udc26\ud809\udc26\ud809\udc26\ud809\udc26\ud809\udc26|Pressure\n|move|p2a: Landorus|U-turn|p1a: \ud809\udc26\ud809\udc26\ud809\udc26\ud809\udc26\ud809\udc26\ud809\udc26\ud809\udc26\ud809\udc26\ud809\udc26\n|-supereffective|p1a: \ud809\udc26\ud809\udc26\ud809\udc26\ud809\udc26\ud809\udc26\ud809\udc26\ud809\udc26\ud809\udc26\ud809\udc26\n|-damage|p1a: \ud809\udc26\ud809\udc26\ud809\udc26\ud809\udc26\ud809\udc26\ud809\udc26\ud809\udc26\ud809\udc26\ud809\udc26|54\/100\n|\n|t:|1644946467\n|switch|p2a: Azumarill|Azumarill, F|100\/100|[from]move: U-turn\n|-damage|p2a: Azumarill|88\/100|[from] Spikes\n|\n|-heal|p1a: \ud809\udc26\ud809\udc26\ud809\udc26\ud809\udc26\ud809\udc26\ud809\udc26\ud809\udc26\ud809\udc26\ud809\udc26|61\/100|[from] item: Leftovers\n|upkeep\n|turn|54\n|\n|t:|1644946470\n|move|p1a: \ud809\udc26\ud809\udc26\ud809\udc26\ud809\udc26\ud809\udc26\ud809\udc26\ud809\udc26\ud809\udc26\ud809\udc26|Protect|p1a: \ud809\udc26\ud809\udc26\ud809\udc26\ud809\udc26\ud809\udc26\ud809\udc26\ud809\udc26\ud809\udc26\ud809\udc26\n|-singleturn|p1a: \ud809\udc26\ud809\udc26\ud809\udc26\ud809\udc26\ud809\udc26\ud809\udc26\ud809\udc26\ud809\udc26\ud809\udc26|Protect\n|move|p2a: Azumarill|Knock Off|p1a: \ud809\udc26\ud809\udc26\ud809\udc26\ud809\udc26\ud809\udc26\ud809\udc26\ud809\udc26\ud809\udc26\ud809\udc26\n|-activate|p1a: \ud809\udc26\ud809\udc26\ud809\udc26\ud809\udc26\ud809\udc26\ud809\udc26\ud809\udc26\ud809\udc26\ud809\udc26|move: Protect\n|\n|-heal|p1a: \ud809\udc26\ud809\udc26\ud809\udc26\ud809\udc26\ud809\udc26\ud809\udc26\ud809\udc26\ud809\udc26\ud809\udc26|67\/100|[from] item: Leftovers\n|upkeep\n|turn|55\n|\n|t:|1644946473\n|switch|p1a: \ud809\udc2b\ud809\udc2b\ud809\udc2b\ud809\udc2b\ud809\udc2b\ud809\udc2b\ud809\udc2b\ud809\udc2b\ud809\udc2b|Toxapex, M|100\/100\n|-damage|p1a: \ud809\udc2b\ud809\udc2b\ud809\udc2b\ud809\udc2b\ud809\udc2b\ud809\udc2b\ud809\udc2b\ud809\udc2b\ud809\udc2b|88\/100|[from] Stealth Rock\n|move|p2a: Azumarill|Knock Off|p1a: \ud809\udc2b\ud809\udc2b\ud809\udc2b\ud809\udc2b\ud809\udc2b\ud809\udc2b\ud809\udc2b\ud809\udc2b\ud809\udc2b\n|-damage|p1a: \ud809\udc2b\ud809\udc2b\ud809\udc2b\ud809\udc2b\ud809\udc2b\ud809\udc2b\ud809\udc2b\ud809\udc2b\ud809\udc2b|56\/100\n|\n|upkeep\n|turn|56\n|\n|t:|1644946477\n|switch|p2a: Magnezone|Magnezone|67\/100\n|-damage|p2a: Magnezone|55\/100|[from] Spikes\n|move|p1a: \ud809\udc2b\ud809\udc2b\ud809\udc2b\ud809\udc2b\ud809\udc2b\ud809\udc2b\ud809\udc2b\ud809\udc2b\ud809\udc2b|Scald|p2a: Magnezone\n|-damage|p2a: Magnezone|33\/100\n|-status|p2a: Magnezone|brn\n|\n|-damage|p2a: Magnezone|27\/100 brn|[from] brn\n|upkeep\n|turn|57\n|\n|t:|1644946479\n|move|p1a: \ud809\udc2b\ud809\udc2b\ud809\udc2b\ud809\udc2b\ud809\udc2b\ud809\udc2b\ud809\udc2b\ud809\udc2b\ud809\udc2b|Baneful Bunker|p1a: \ud809\udc2b\ud809\udc2b\ud809\udc2b\ud809\udc2b\ud809\udc2b\ud809\udc2b\ud809\udc2b\ud809\udc2b\ud809\udc2b\n|-singleturn|p1a: \ud809\udc2b\ud809\udc2b\ud809\udc2b\ud809\udc2b\ud809\udc2b\ud809\udc2b\ud809\udc2b\ud809\udc2b\ud809\udc2b|move: Protect\n|move|p2a: Magnezone|Volt Switch|p1a: \ud809\udc2b\ud809\udc2b\ud809\udc2b\ud809\udc2b\ud809\udc2b\ud809\udc2b\ud809\udc2b\ud809\udc2b\ud809\udc2b\n|-activate|p1a: \ud809\udc2b\ud809\udc2b\ud809\udc2b\ud809\udc2b\ud809\udc2b\ud809\udc2b\ud809\udc2b\ud809\udc2b\ud809\udc2b|move: Protect\n|\n|-damage|p2a: Magnezone|21\/100 brn|[from] brn\n|upkeep\n|turn|58\n|\n|t:|1644946482\n|switch|p1a: \ud809\udc2a\ud809\udc2a\ud809\udc2a\ud809\udc2a\ud809\udc2a\ud809\udc2a\ud809\udc2a\ud809\udc2a\ud809\udc2a|Eldegoss, M|61\/100\n|move|p2a: Magnezone|Volt Switch|p1a: \ud809\udc2a\ud809\udc2a\ud809\udc2a\ud809\udc2a\ud809\udc2a\ud809\udc2a\ud809\udc2a\ud809\udc2a\ud809\udc2a\n|-resisted|p1a: \ud809\udc2a\ud809\udc2a\ud809\udc2a\ud809\udc2a\ud809\udc2a\ud809\udc2a\ud809\udc2a\ud809\udc2a\ud809\udc2a\n|-damage|p1a: \ud809\udc2a\ud809\udc2a\ud809\udc2a\ud809\udc2a\ud809\udc2a\ud809\udc2a\ud809\udc2a\ud809\udc2a\ud809\udc2a|40\/100\n|-message|Hikari-miyako forfeited.\n|\n|win|tbw(at)gmx(dot)us\n|raw|tbw(at)gmx(dot)us's rating: 1699 &rarr; <strong>1720<\/strong><br \/>(+21 for winning)\n|raw|Hikari-miyako's rating: 1708 &rarr; <strong>1687<\/strong><br \/>(-21 for losing)\n|l|\u2606Hikari-miyako\n","uploadtime":1644946490,"views":20,"p1id":"tbwatgmxdotus","p2id":"hikarimiyako","formatid":"gen8nationaldex","rating":1687,"private":0,"password":null}