{"id":"gen8randombattle-1309112507","p1":"Gurtrant","p2":"atyaw","format":"gen8randombattle","log":"|j|\u2606Gurtrant\n|j|\u2606atyaw\n|t:|1616727857\n|player|p1|Gurtrant|238|1625\n|player|p2|atyaw|170|1706\n|teamsize|p1|6\n|teamsize|p2|6\n|gametype|singles\n|gen|8\n|tier|[Gen 8] Random Battle\n|rated|\n|rule|Species Clause: Limit one of each Pok\u00e9mon\n|rule|HP Percentage Mod: HP is shown in percentages\n|rule|Sleep Clause Mod: Limit one foe put to sleep\n|\n|t:|1616727857\n|start\n|switch|p1a: Terrakion|Terrakion, L78|270\/270\n|switch|p2a: Pikachu|Pikachu-Hoenn, L90, M|209\/209\n|turn|1\n|inactive|Battle timer is ON: inactive players will automatically lose when time's up. (requested by Gurtrant)\n|\n|t:|1616727879\n|switch|p2a: Persian|Persian-Alola, L86, M|252\/252\n|move|p1a: Terrakion|Earthquake|p2a: Persian\n|-damage|p2a: Persian|187\/252\n|-damage|p1a: Terrakion|243\/270|[from] item: Life Orb\n|\n|upkeep\n|turn|2\n|\n|t:|1616727897\n|switch|p2a: Scyther|Scyther, L80, M|243\/243\n|move|p1a: Terrakion|Close Combat|p2a: Scyther\n|-resisted|p2a: Scyther\n|-damage|p2a: Scyther|211\/243\n|-unboost|p1a: Terrakion|def|1\n|-unboost|p1a: Terrakion|spd|1\n|-damage|p1a: Terrakion|216\/270|[from] item: Life Orb\n|\n|upkeep\n|turn|3\n|\n|t:|1616727907\n|switch|p2a: Persian|Persian-Alola, L86, M|187\/252\n|move|p1a: Terrakion|Stone Edge|p2a: Persian\n|-damage|p2a: Persian|96\/252\n|-damage|p1a: Terrakion|189\/270|[from] item: Life Orb\n|\n|upkeep\n|turn|4\n|\n|t:|1616727919\n|switch|p1a: Carbink|Carbink, L86|226\/226\n|move|p2a: Persian|Thunderbolt|p1a: Carbink\n|-damage|p1a: Carbink|183\/226\n|-status|p1a: Carbink|par\n|-damage|p2a: Persian|71\/252|[from] item: Life Orb\n|\n|upkeep\n|turn|5\n|\n|t:|1616727943\n|switch|p2a: Pikachu|Pikachu-Hoenn, L90, M|209\/209\n|move|p1a: Carbink|Light Screen|p1a: Carbink\n|-sidestart|p1: Gurtrant|move: Light Screen\n|\n|upkeep\n|turn|6\n|\n|t:|1616727952\n|move|p2a: Pikachu|Surf|p1a: Carbink\n|-supereffective|p1a: Carbink\n|-damage|p1a: Carbink|129\/226 par\n|move|p1a: Carbink|Reflect|p1a: Carbink\n|-sidestart|p1: Gurtrant|Reflect\n|\n|upkeep\n|turn|7\n|inactive|atyaw has 120 seconds left.\n|\n|t:|1616727989\n|switch|p1a: Magearna|Magearna, L76|247\/247\n|move|p2a: Pikachu|Knock Off|p1a: Magearna\n|-resisted|p1a: Magearna\n|-damage|p1a: Magearna|225\/247\n|-enditem|p1a: Magearna|Leftovers|[from] move: Knock Off|[of] p2a: Pikachu\n|\n|upkeep\n|turn|8\n|\n|t:|1616728004\n|move|p2a: Pikachu|Volt Switch|p1a: Magearna\n|-damage|p1a: Magearna|178\/247\n|\n|t:|1616728013\n|switch|p2a: Nidoking|Nidoking, L82, M|267\/267\n|move|p1a: Magearna|Agility|p1a: Magearna\n|-boost|p1a: Magearna|spe|2\n|\n|upkeep\n|turn|9\n|\n|t:|1616728028\n|move|p1a: Magearna|Calm Mind|p1a: Magearna\n|-boost|p1a: Magearna|spa|1\n|-boost|p1a: Magearna|spd|1\n|move|p2a: Nidoking|Substitute|p2a: Nidoking\n|-start|p2a: Nidoking|Substitute\n|-damage|p2a: Nidoking|201\/267\n|\n|upkeep\n|turn|10\n|inactive|atyaw has 120 seconds left.\n|\n|t:|1616728035\n|move|p1a: Magearna|Calm Mind|p1a: Magearna\n|-boost|p1a: Magearna|spa|1\n|-boost|p1a: Magearna|spd|1\n|move|p2a: Nidoking|Earth Power|p1a: Magearna\n|-supereffective|p1a: Magearna\n|-damage|p1a: Magearna|116\/247\n|\n|upkeep\n|turn|11\n|\n|t:|1616728043\n|move|p1a: Magearna|Flash Cannon|p2a: Nidoking\n|-end|p2a: Nidoking|Substitute\n|move|p2a: Nidoking|Earth Power|p1a: Magearna\n|-supereffective|p1a: Magearna\n|-damage|p1a: Magearna|56\/247\n|\n|upkeep\n|turn|12\n|inactive|atyaw has 120 seconds left.\n|\n|t:|1616728062\n|move|p1a: Magearna|Flash Cannon|p2a: Nidoking\n|-damage|p2a: Nidoking|3\/267\n|-unboost|p2a: Nidoking|spd|1\n|move|p2a: Nidoking|Earth Power|p1a: Magearna\n|-supereffective|p1a: Magearna\n|-damage|p1a: Magearna|0 fnt\n|faint|p1a: Magearna\n|\n|-sideend|p1: Gurtrant|move: Light Screen\n|upkeep\n|\n|t:|1616728076\n|switch|p1a: Moltres|Moltres, L80|275\/275\n|turn|13\n|\n|t:|1616728083\n|move|p1a: Moltres|U-turn|p2a: Nidoking\n|-resisted|p2a: Nidoking\n|-damage|p2a: Nidoking|0 fnt\n|faint|p2a: Nidoking\n|\n|t:|1616728093\n|switch|p1a: Terrakion|Terrakion, L78|189\/270\n|\n|-sideend|p1: Gurtrant|Reflect\n|upkeep\n|\n|t:|1616728107\n|switch|p2a: Kyurem|Kyurem-White, L72|299\/299\n|-ability|p2a: Kyurem|Turboblaze\n|turn|14\n|\n|t:|1616728125\n|move|p2a: Kyurem|Draco Meteor|p1a: Terrakion\n|-damage|p1a: Terrakion|15\/270\n|-unboost|p2a: Kyurem|spa|2\n|move|p1a: Terrakion|Close Combat|p2a: Kyurem\n|-supereffective|p2a: Kyurem\n|-damage|p2a: Kyurem|0 fnt\n|-unboost|p1a: Terrakion|def|1\n|-unboost|p1a: Terrakion|spd|1\n|-damage|p1a: Terrakion|0 fnt|[from] item: Life Orb\n|faint|p2a: Kyurem\n|faint|p1a: Terrakion\n|\n|upkeep\n|\n|t:|1616728144\n|switch|p1a: Heliolisk|Heliolisk, L82, F|236\/236\n|switch|p2a: Pikachu|Pikachu-Hoenn, L90, M|209\/209\n|turn|15\n|\n|t:|1616728153\n|move|p1a: Heliolisk|Glare|p2a: Pikachu\n|-immune|p2a: Pikachu\n|move|p2a: Pikachu|Knock Off|p1a: Heliolisk\n|-damage|p1a: Heliolisk|74\/236\n|-enditem|p1a: Heliolisk|Life Orb|[from] move: Knock Off|[of] p2a: Pikachu\n|\n|upkeep\n|turn|16\n|\n|t:|1616728161\n|move|p1a: Heliolisk|Surf|p2a: Pikachu\n|-damage|p2a: Pikachu|122\/209\n|move|p2a: Pikachu|Knock Off|p1a: Heliolisk\n|-damage|p1a: Heliolisk|0 fnt\n|faint|p1a: Heliolisk\n|\n|upkeep\n|\n|t:|1616728166\n|switch|p1a: Carbink|Carbink, L86|129\/226 par\n|turn|17\n|\n|t:|1616728170\n|move|p2a: Pikachu|Knock Off|p1a: Carbink\n|-resisted|p1a: Carbink\n|-damage|p1a: Carbink|94\/226 par\n|-enditem|p1a: Carbink|Light Clay|[from] move: Knock Off|[of] p2a: Pikachu\n|cant|p1a: Carbink|par\n|\n|upkeep\n|turn|18\n|\n|t:|1616728177\n|move|p2a: Pikachu|Surf|p1a: Carbink\n|-supereffective|p1a: Carbink\n|-damage|p1a: Carbink|0 fnt\n|faint|p1a: Carbink\n|\n|upkeep\n|\n|t:|1616728185\n|switch|p1a: Reuniclus|Reuniclus, L84, F|322\/322\n|turn|19\n|\n|t:|1616728199\n|move|p2a: Pikachu|Volt Switch|p1a: Reuniclus\n|-damage|p1a: Reuniclus|219\/322\n|\n|t:|1616728202\n|switch|p2a: Persian|Persian-Alola, L86, M|71\/252\n|move|p1a: Reuniclus|Psychic|p2a: Persian\n|-immune|p2a: Persian\n|\n|upkeep\n|turn|20\n|\n|t:|1616728210\n|move|p2a: Persian|Dark Pulse|p1a: Reuniclus\n|-supereffective|p1a: Reuniclus\n|-damage|p1a: Reuniclus|14\/322\n|-damage|p2a: Persian|46\/252|[from] item: Life Orb\n|move|p1a: Reuniclus|Focus Blast|p2a: Persian\n|-supereffective|p2a: Persian\n|-damage|p2a: Persian|0 fnt\n|faint|p2a: Persian\n|\n|upkeep\n|\n|t:|1616728222\n|switch|p2a: Pikachu|Pikachu-Hoenn, L90, M|122\/209\n|turn|21\n|\n|t:|1616728226\n|move|p2a: Pikachu|Knock Off|p1a: Reuniclus\n|-supereffective|p1a: Reuniclus\n|-damage|p1a: Reuniclus|0 fnt\n|-enditem|p1a: Reuniclus|Life Orb|[from] move: Knock Off|[of] p2a: Pikachu\n|faint|p1a: Reuniclus\n|\n|upkeep\n|\n|t:|1616728229\n|switch|p1a: Moltres|Moltres, L80|275\/275\n|turn|22\n|\n|t:|1616728242\n|-start|p1a: Moltres|Dynamax\n|-heal|p1a: Moltres|550\/550|[silent]\n|move|p2a: Pikachu|Volt Tackle|p1a: Moltres\n|-supereffective|p1a: Moltres\n|-damage|p1a: Moltres|112\/550\n|-damage|p2a: Pikachu|0 fnt|[from] Recoil\n|faint|p2a: Pikachu\n|move|p1a: Moltres|Max Airstream|p2: Pikachu|[notarget]\n|-fail|p1a: Moltres\n|\n|upkeep\n|\n|t:|1616728258\n|switch|p2a: Entei|Entei, L80|315\/315\n|turn|23\n|\n|t:|1616728264\n|move|p2a: Entei|Stone Edge|p1a: Moltres\n|-supereffective|p1a: Moltres\n|-damage|p1a: Moltres|0 fnt\n|faint|p1a: Moltres\n|\n|win|atyaw\n|raw|Gurtrant's rating: 1625 &rarr; <strong>1610<\/strong><br \/>(-15 for losing)\n|raw|atyaw's rating: 1706 &rarr; <strong>1721<\/strong><br \/>(+15 for winning)\n|l|\u2606Gurtrant\n","inputlog":">version 409d5acfef376205cc491c8711704dbc626d9560\n>start {\"formatid\":\"gen8randombattle\",\"seed\":[26773,4265,44906,26574],\"rated\":\"Rated battle\"}\n>player p1 {\"name\":\"Gurtrant\",\"avatar\":\"238\",\"team\":\"\",\"rating\":1625,\"seed\":[4512,26798,49012,32033]}\n>player p2 {\"name\":\"atyaw\",\"avatar\":\"170\",\"team\":\"\",\"rating\":1706,\"seed\":[25249,6379,32497,5053]}\n>p1 move earthquake\n>p2 switch 2\n>p1 move closecombat\n>p2 switch 6\n>p1 move stoneedge\n>p2 switch 6\n>p1 switch 2\n>p2 move thunderbolt\n>p1 move lightscreen\n>p2 switch 2\n>p1 move reflect\n>p2 move surf\n>p1 switch 4\n>p2 move knockoff\n>p1 move agility\n>p2 move voltswitch\n>p2 switch 4\n>p1 move calmmind\n>p2 move substitute\n>p1 move calmmind\n>p2 move earthpower\n>p1 move flashcannon\n>p2 move earthpower\n>p1 move flashcannon\n>p2 move earthpower\n>p1 switch 3\n>p1 move uturn\n>p2 move sludgewave\n>p1 switch 2\n>p2 switch 5\n>p1 move closecombat\n>p2 move dracometeor\n>p1 switch 6\n>p2 switch 4\n>p1 move glare\n>p2 move knockoff\n>p1 move surf\n>p2 move knockoff\n>p1 switch 4\n>p1 move lightscreen\n>p2 move knockoff\n>p1 move lightscreen\n>p2 move surf\n>p1 switch 5\n>p1 move psychic\n>p2 move voltswitch\n>p2 switch 2\n>p1 move focusblast\n>p2 move darkpulse\n>p2 switch 2\n>p1 move psychic\n>p2 move knockoff\n>p1 switch 2\n>p1 move airslash dynamax\n>p2 move volttackle\n>p2 switch 3\n>p1 move airslash dynamax\n>p2 move stoneedge","uploadtime":1616728272,"views":1,"p1id":"gurtrant","p2id":"atyaw","formatid":"gen8randombattle","rating":1610,"private":0,"password":null}