{"id":"gen8monotype-1569755449","p1":"bakaboure","p2":"LazzarinoCominazzo","format":"gen8monotype","log":"|j|\u2606bakaboure\n|j|\u2606LazzarinoCominazzo\n|t:|1651941669\n|gametype|singles\n|player|p1|bakaboure|bellelba|1489\n|player|p2|LazzarinoCominazzo|grimsley|1382\n|teamsize|p1|6\n|teamsize|p2|6\n|gen|8\n|tier|[Gen 8] Monotype\n|rated|\n|rule|Same Type Clause: Pok\u00e9mon in a team must share a type\n|rule|Sleep Clause Mod: Limit one foe put to sleep\n|rule|Species Clause: Limit one of each Pok\u00e9mon\n|rule|OHKO Clause: OHKO moves are banned\n|rule|Evasion Moves Clause: Evasion moves are banned\n|rule|Endless Battle Clause: Forcing endless battles is banned\n|rule|HP Percentage Mod: HP is shown in percentages\n|rule|Dynamax Clause: You cannot dynamax\n|clearpoke\n|poke|p1|Buzzwole|\n|poke|p1|Cobalion|\n|poke|p1|Zapdos-Galar|\n|poke|p1|Toxicroak, F|\n|poke|p1|Keldeo-Resolute|\n|poke|p1|Terrakion|\n|poke|p2|Tyranitar, M|\n|poke|p2|Archeops, F|\n|poke|p2|Lycanroc, F|\n|poke|p2|Nihilego|\n|poke|p2|Cradily, F|\n|poke|p2|Coalossal, M|\n|teampreview\n|inactive|Battle timer is ON: inactive players will automatically lose when time's up. (requested by bakaboure)\n|inactive|bakaboure has 120 seconds left.\n|\n|t:|1651941700\n|start\n|switch|p1a: Cobalion|Cobalion|100\/100\n|switch|p2a: Cradily|Cradily, F|100\/100\n|turn|1\n|\n|t:|1651941705\n|move|p1a: Cobalion|Taunt|p2a: Cradily\n|-start|p2a: Cradily|move: Taunt\n|cant|p2a: Cradily|move: Taunt|Leech Seed\n|\n|upkeep\n|turn|2\n|\n|t:|1651941711\n|switch|p2a: Tyranitar|Tyranitar, M|100\/100\n|-weather|Sandstorm|[from] ability: Sand Stream|[of] p2a: Tyranitar\n|move|p1a: Cobalion|Thunder Wave|p2a: Tyranitar\n|-status|p2a: Tyranitar|par\n|\n|-weather|Sandstorm|[upkeep]\n|upkeep\n|turn|3\n|\n|t:|1651941719\n|move|p1a: Cobalion|Taunt|p2a: Tyranitar\n|-start|p2a: Tyranitar|move: Taunt\n|cant|p2a: Tyranitar|move: Taunt|Taunt\n|\n|-weather|Sandstorm|[upkeep]\n|upkeep\n|turn|4\n|\n|t:|1651941726\n|move|p1a: Cobalion|Stealth Rock|p2a: Tyranitar\n|-sidestart|p2: LazzarinoCominazzo|move: Stealth Rock\n|move|p2a: Tyranitar|Body Press|p1a: Cobalion\n|-supereffective|p1a: Cobalion\n|-damage|p1a: Cobalion|65\/100\n|\n|-weather|Sandstorm|[upkeep]\n|-heal|p1a: Cobalion|71\/100|[from] item: Leftovers\n|upkeep\n|turn|5\n|\n|t:|1651941733\n|move|p1a: Cobalion|Iron Head|p2a: Tyranitar\n|-supereffective|p2a: Tyranitar\n|-damage|p2a: Tyranitar|72\/100 par\n|move|p2a: Tyranitar|Body Press|p1a: Cobalion\n|-supereffective|p1a: Cobalion\n|-damage|p1a: Cobalion|33\/100\n|\n|-weather|Sandstorm|[upkeep]\n|-heal|p1a: Cobalion|39\/100|[from] item: Leftovers\n|-heal|p2a: Tyranitar|78\/100 par|[from] item: Leftovers\n|-end|p2a: Tyranitar|move: Taunt\n|upkeep\n|turn|6\n|\n|t:|1651941743\n|move|p1a: Cobalion|Taunt|p2a: Tyranitar\n|-start|p2a: Tyranitar|move: Taunt\n|move|p2a: Tyranitar|Body Press|p1a: Cobalion\n|-supereffective|p1a: Cobalion\n|-damage|p1a: Cobalion|0 fnt\n|faint|p1a: Cobalion\n|\n|-weather|none\n|-heal|p2a: Tyranitar|84\/100 par|[from] item: Leftovers\n|upkeep\n|\n|t:|1651941753\n|switch|p1a: Keldeo|Keldeo-Resolute|100\/100\n|turn|7\n|\n|t:|1651941776\n|switch|p2a: Coalossal|Coalossal, M|100\/100\n|-damage|p2a: Coalossal|76\/100|[from] Stealth Rock\n|move|p1a: Keldeo|Secret Sword|p2a: Coalossal\n|-supereffective|p2a: Coalossal\n|-damage|p2a: Coalossal|0 fnt\n|faint|p2a: Coalossal\n|\n|upkeep\n|\n|t:|1651941786\n|switch|p2a: Archeops|Archeops, F|100\/100\n|-damage|p2a: Archeops|76\/100|[from] Stealth Rock\n|turn|8\n|\n|t:|1651941795\n|switch|p1a: Buzzwole|Buzzwole|100\/100\n|move|p2a: Archeops|Dual Wingbeat|p1a: Buzzwole|[miss]\n|-miss|p2a: Archeops|p1a: Buzzwole\n|\n|upkeep\n|turn|9\n|\n|t:|1651941802\n|move|p2a: Archeops|Dual Wingbeat|p1a: Buzzwole\n|-supereffective|p1a: Buzzwole\n|-damage|p1a: Buzzwole|32\/100\n|-supereffective|p1a: Buzzwole\n|-damage|p1a: Buzzwole|0 fnt\n|faint|p1a: Buzzwole\n|-hitcount|p1: Buzzwole|2\n|\n|upkeep\n|\n|t:|1651941808\n|switch|p1a: Terrakion|Terrakion|100\/100\n|turn|10\n|\n|t:|1651941817\n|switch|p2a: Tyranitar|Tyranitar, M|84\/100 par\n|-damage|p2a: Tyranitar|72\/100 par|[from] Stealth Rock\n|-weather|Sandstorm|[from] ability: Sand Stream|[of] p2a: Tyranitar\n|move|p1a: Terrakion|Close Combat|p2a: Tyranitar\n|-supereffective|p2a: Tyranitar\n|-damage|p2a: Tyranitar|0 fnt\n|-unboost|p1a: Terrakion|def|1\n|-unboost|p1a: Terrakion|spd|1\n|faint|p2a: Tyranitar\n|\n|-weather|Sandstorm|[upkeep]\n|upkeep\n|\n|t:|1651941829\n|switch|p2a: Lycanroc|Lycanroc, F|100\/100\n|-damage|p2a: Lycanroc|88\/100|[from] Stealth Rock\n|turn|11\n|\n|t:|1651941835\n|move|p2a: Lycanroc|Play Rough|p1a: Terrakion\n|-supereffective|p1a: Terrakion\n|-damage|p1a: Terrakion|0 fnt\n|faint|p1a: Terrakion\n|\n|-weather|Sandstorm|[upkeep]\n|upkeep\n|\n|t:|1651941843\n|switch|p1a: Keldeo|Keldeo-Resolute|100\/100\n|turn|12\n|\n|t:|1651941847\n|move|p2a: Lycanroc|Play Rough|p1a: Keldeo\n|-supereffective|p1a: Keldeo\n|-damage|p1a: Keldeo|0 fnt\n|faint|p1a: Keldeo\n|\n|-weather|Sandstorm|[upkeep]\n|upkeep\n|\n|t:|1651941852\n|switch|p1a: Toxicroak|Toxicroak, F|100\/100\n|turn|13\n|\n|t:|1651941867\n|switch|p2a: Cradily|Cradily, F|100\/100\n|-damage|p2a: Cradily|88\/100|[from] Stealth Rock\n|move|p1a: Toxicroak|Swords Dance|p1a: Toxicroak\n|-boost|p1a: Toxicroak|atk|2\n|\n|-weather|Sandstorm|[upkeep]\n|-damage|p1a: Toxicroak|94\/100|[from] Sandstorm\n|-heal|p2a: Cradily|94\/100|[from] item: Leftovers\n|upkeep\n|turn|14\n|\n|t:|1651941877\n|move|p1a: Toxicroak|Swords Dance|p1a: Toxicroak\n|-boost|p1a: Toxicroak|atk|2\n|move|p2a: Cradily|Leech Seed|p1a: Toxicroak\n|-start|p1a: Toxicroak|move: Leech Seed\n|\n|-weather|none\n|-heal|p2a: Cradily|100\/100|[from] item: Leftovers\n|-damage|p1a: Toxicroak|82\/100|[from] Leech Seed|[of] p2a: Cradily\n|upkeep\n|turn|15\n|\n|t:|1651941885\n|move|p1a: Toxicroak|Gunk Shot|p2a: Cradily|[miss]\n|-miss|p1a: Toxicroak|p2a: Cradily\n|move|p2a: Cradily|Giga Drain|p1a: Toxicroak\n|-resisted|p1a: Toxicroak\n|-damage|p1a: Toxicroak|66\/100\n|\n|-damage|p1a: Toxicroak|54\/100|[from] Leech Seed|[of] p2a: Cradily\n|upkeep\n|turn|16\n|\n|t:|1651941892\n|move|p1a: Toxicroak|Gunk Shot|p2a: Cradily\n|-damage|p2a: Cradily|0 fnt\n|faint|p2a: Cradily\n|-damage|p1a: Toxicroak|44\/100|[from] item: Life Orb\n|\n|upkeep\n|\n|t:|1651941917\n|switch|p2a: Archeops|Archeops, F|76\/100\n|-damage|p2a: Archeops|51\/100|[from] Stealth Rock\n|turn|17\n|\n|t:|1651941922\n|move|p1a: Toxicroak|Sucker Punch|p2a: Archeops\n|-damage|p2a: Archeops|0 fnt\n|faint|p2a: Archeops\n|-damage|p1a: Toxicroak|34\/100|[from] item: Life Orb\n|\n|upkeep\n|\n|t:|1651941927\n|switch|p2a: Lycanroc|Lycanroc, F|88\/100\n|-damage|p2a: Lycanroc|76\/100|[from] Stealth Rock\n|turn|18\n|\n|t:|1651941931\n|move|p2a: Lycanroc|Accelerock|p1a: Toxicroak\n|-resisted|p1a: Toxicroak\n|-damage|p1a: Toxicroak|10\/100\n|move|p1a: Toxicroak|Sucker Punch||[still]\n|-fail|p1a: Toxicroak\n|\n|-damage|p1a: Toxicroak|0 fnt|[from] Leech Seed|[of] p2a: Lycanroc\n|-heal|p2a: Lycanroc|86\/100|[silent]\n|faint|p1a: Toxicroak\n|upkeep\n|\n|t:|1651941938\n|switch|p1a: Zapdos|Zapdos-Galar|100\/100\n|turn|19\n|\n|t:|1651941957\n|move|p2a: Lycanroc|Accelerock|p1a: Zapdos\n|-damage|p1a: Zapdos|66\/100\n|move|p1a: Zapdos|Brick Break|p2a: Lycanroc\n|-supereffective|p2a: Lycanroc\n|-damage|p2a: Lycanroc|0 fnt\n|faint|p2a: Lycanroc\n|\n|upkeep\n|\n|t:|1651941964\n|switch|p2a: Nihilego|Nihilego|100\/100\n|-damage|p2a: Nihilego|88\/100|[from] Stealth Rock\n|turn|20\n|\n|t:|1651941968\n|move|p2a: Nihilego|Meteor Beam||[still]\n|-prepare|p2a: Nihilego|Meteor Beam\n|-boost|p2a: Nihilego|spa|1\n|-enditem|p2a: Nihilego|Power Herb\n|-anim|p2a: Nihilego|Meteor Beam|p1a: Zapdos\n|-damage|p1a: Zapdos|0 fnt\n|faint|p1a: Zapdos\n|\n|win|LazzarinoCominazzo\n|raw|bakaboure's rating: 1489 &rarr; <strong>1463<\/strong><br \/>(-26 for losing)\n|raw|LazzarinoCominazzo's rating: 1382 &rarr; <strong>1408<\/strong><br \/>(+26 for winning)\n|l|\u2606bakaboure\n|c|\u2606LazzarinoCominazzo|gg\n||Ladder isn't responding, score probably updated but might not have (Request timeout).\n","uploadtime":1651941983,"views":21,"p1id":"bakaboure","p2id":"lazzarinocominazzo","formatid":"gen8monotype","rating":1408,"private":0,"password":null}