{"id":"gen8ou-1602656096","p1":"Highv0ltag3","p2":"Sky0401","format":"gen8ou","log":"|j|\u2606Highv0ltag3\n|j|\u2606Sky0401\n|t:|1656004105\n|gametype|singles\n|player|p1|Highv0ltag3|volo|1854\n|player|p2|Sky0401|101|1732\n|teamsize|p1|6\n|teamsize|p2|6\n|gen|8\n|tier|[Gen 8] OU\n|rated|\n|rule|Sleep Clause Mod: Limit one foe put to sleep\n|rule|Species Clause: Limit one of each Pok\u00e9mon\n|rule|OHKO Clause: OHKO moves are banned\n|rule|Evasion Moves Clause: Evasion moves are banned\n|rule|Endless Battle Clause: Forcing endless battles is banned\n|rule|HP Percentage Mod: HP is shown in percentages\n|rule|Dynamax Clause: You cannot dynamax\n|clearpoke\n|poke|p1|Xatu, M|\n|poke|p1|Corviknight, M|\n|poke|p1|Buzzwole|\n|poke|p1|Chansey, F|\n|poke|p1|Toxapex, F|\n|poke|p1|Hippowdon, M|\n|poke|p2|Tyranitar, F|\n|poke|p2|Excadrill, M|\n|poke|p2|Landorus-Therian, M|\n|poke|p2|Clefable, M|\n|poke|p2|Dragapult, M|\n|poke|p2|Zapdos|\n|teampreview\n|j| Razayforce\n|l| Razayforce\n|\n|t:|1656004132\n|start\n|switch|p1a: Hippowdon|Hippowdon, M|100\/100\n|switch|p2a: Landorus|Landorus-Therian, M|100\/100\n|-ability|p2a: Landorus|Intimidate|boost\n|-unboost|p1a: Hippowdon|atk|1\n|turn|1\n|\n|t:|1656004139\n|switch|p1a: Corviknight|Corviknight, M|100\/100\n|-ability|p1a: Corviknight|Pressure\n|move|p2a: Landorus|Toxic|p1a: Corviknight\n|-immune|p1a: Corviknight\n|\n|upkeep\n|turn|2\n|\n|t:|1656004142\n|switch|p2a: Zapdos|Zapdos|100\/100\n|move|p1a: Corviknight|Iron Defense|p1a: Corviknight\n|-boost|p1a: Corviknight|def|2\n|\n|upkeep\n|turn|3\n|\n|t:|1656004146\n|switch|p1a: Hippowdon|Hippowdon, M|100\/100\n|move|p2a: Zapdos|Heat Wave|p1a: Hippowdon\n|-damage|p1a: Hippowdon|81\/100\n|-status|p1a: Hippowdon|brn\n|\n|-heal|p1a: Hippowdon|87\/100 brn|[from] item: Leftovers\n|-damage|p1a: Hippowdon|81\/100 brn|[from] brn\n|upkeep\n|turn|4\n|\n|t:|1656004158\n|switch|p2a: Clefable|Clefable, M|100\/100\n|switch|p1a: Chansey|Chansey, F|100\/100\n|\n|upkeep\n|turn|5\n|inactive|Battle timer is ON: inactive players will automatically lose when time's up. (requested by Highv0ltag3)\n|\n|t:|1656004161\n|move|p1a: Chansey|Heal Bell|p1a: Chansey\n|-activate|p1a: Chansey|move: Heal Bell\n|-curestatus|p1: Hippowdon|brn|[msg]\n|move|p2a: Clefable|Teleport|p2a: Clefable\n|\n|t:|1656004172\n|switch|p2a: Landorus|Landorus-Therian, M|100\/100|[from]move: Teleport\n|-ability|p2a: Landorus|Intimidate|boost\n|-unboost|p1a: Chansey|atk|1\n|\n|upkeep\n|turn|6\n|\n|t:|1656004175\n|switch|p1a: Corviknight|Corviknight, M|100\/100\n|-ability|p1a: Corviknight|Pressure\n|move|p2a: Landorus|Knock Off|p1a: Corviknight\n|-damage|p1a: Corviknight|82\/100\n|-enditem|p1a: Corviknight|Shed Shell|[from] move: Knock Off|[of] p2a: Landorus\n|\n|upkeep\n|turn|7\n|\n|t:|1656004179\n|move|p2a: Landorus|U-turn|p1a: Corviknight\n|-resisted|p1a: Corviknight\n|-damage|p1a: Corviknight|78\/100\n|j| GROSS SAMPLE TEAM\n|\n|t:|1656004182\n|switch|p2a: Zapdos|Zapdos|100\/100|[from]move: U-turn\n|move|p1a: Corviknight|Roost|p1a: Corviknight\n|-heal|p1a: Corviknight|100\/100\n|-singleturn|p1a: Corviknight|move: Roost\n|\n|upkeep\n|turn|8\n|\n|t:|1656004185\n|switch|p1a: Hippowdon|Hippowdon, M|81\/100\n|move|p2a: Zapdos|Volt Switch|p1a: Hippowdon\n|-immune|p1a: Hippowdon\n|\n|-heal|p1a: Hippowdon|87\/100|[from] item: Leftovers\n|upkeep\n|turn|9\n|\n|t:|1656004188\n|move|p2a: Zapdos|Hurricane|p1a: Hippowdon\n|-damage|p1a: Hippowdon|54\/100\n|move|p1a: Hippowdon|Stealth Rock|p2a: Zapdos\n|-sidestart|p2: Sky0401|move: Stealth Rock\n|\n|-heal|p1a: Hippowdon|60\/100|[from] item: Leftovers\n|upkeep\n|turn|10\n|\n|t:|1656004196\n|switch|p2a: Clefable|Clefable, M|100\/100\n|move|p1a: Hippowdon|Slack Off|p1a: Hippowdon\n|-heal|p1a: Hippowdon|100\/100\n|\n|upkeep\n|turn|11\n|\n|t:|1656004199\n|switch|p1a: Xatu|Xatu, M|100\/100\n|move|p2a: Clefable|Wish|p2a: Clefable\n|\n|upkeep\n|turn|12\n|\n|t:|1656004202\n|move|p1a: Xatu|Thunder Wave|p2a: Clefable\n|-status|p2a: Clefable|par\n|move|p2a: Clefable|Teleport|p2a: Clefable\n|\n|t:|1656004209\n|switch|p2a: Dragapult|Dragapult, M|100\/100|[from]move: Teleport\n|-damage|p2a: Dragapult|88\/100|[from] Stealth Rock\n|\n|-heal|p2a: Dragapult|100\/100|[from] move: Wish|[wisher] Clefable\n|upkeep\n|turn|13\n|\n|t:|1656004219\n|move|p2a: Dragapult|U-turn|p1a: Xatu\n|-damage|p1a: Xatu|77\/100\n|\n|t:|1656004224\n|switch|p2a: Landorus|Landorus-Therian, M|100\/100|[from]move: U-turn\n|-damage|p2a: Landorus|88\/100|[from] Stealth Rock\n|-ability|p2a: Landorus|Intimidate|boost\n|-unboost|p1a: Xatu|atk|1\n|move|p1a: Xatu|Toxic|p2a: Landorus\n|-status|p2a: Landorus|tox\n|\n|-heal|p1a: Xatu|83\/100|[from] item: Leftovers\n|-damage|p2a: Landorus|82\/100 tox|[from] psn\n|upkeep\n|turn|14\n|\n|t:|1656004232\n|switch|p1a: Corviknight|Corviknight, M|100\/100\n|-ability|p1a: Corviknight|Pressure\n|move|p2a: Landorus|U-turn|p1a: Corviknight\n|-resisted|p1a: Corviknight\n|-damage|p1a: Corviknight|97\/100\n|j| Ran Kob\n|\n|t:|1656004242\n|switch|p2a: Zapdos|Zapdos|100\/100|[from]move: U-turn\n|\n|upkeep\n|turn|15\n|\n|t:|1656004246\n|switch|p1a: Hippowdon|Hippowdon, M|100\/100\n|move|p2a: Zapdos|Hurricane|p1a: Hippowdon\n|-damage|p1a: Hippowdon|69\/100\n|\n|-heal|p1a: Hippowdon|75\/100|[from] item: Leftovers\n|upkeep\n|turn|16\n|\n|t:|1656004250\n|move|p2a: Zapdos|Hurricane|p1a: Hippowdon\n|-damage|p1a: Hippowdon|41\/100\n|move|p1a: Hippowdon|Slack Off|p1a: Hippowdon\n|-heal|p1a: Hippowdon|91\/100\n|\n|-heal|p1a: Hippowdon|98\/100|[from] item: Leftovers\n|upkeep\n|turn|17\n|\n|t:|1656004271\n|switch|p2a: Clefable|Clefable, M|100\/100 par\n|move|p1a: Hippowdon|Toxic||[still]\n|-fail|p1a: Hippowdon\n|\n|-heal|p1a: Hippowdon|100\/100|[from] item: Leftovers\n|upkeep\n|turn|18\n|\n|t:|1656004275\n|switch|p1a: Xatu|Xatu, M|83\/100\n|move|p2a: Clefable|Wish|p2a: Clefable\n|\n|-heal|p1a: Xatu|89\/100|[from] item: Leftovers\n|upkeep\n|turn|19\n|\n|t:|1656004279\n|move|p1a: Xatu|Night Shade|p2a: Clefable\n|-damage|p2a: Clefable|75\/100 par\n|move|p2a: Clefable|Teleport|p2a: Clefable\n|\n|t:|1656004284\n|switch|p2a: Excadrill|Excadrill, M|100\/100|[from]move: Teleport\n|-damage|p2a: Excadrill|97\/100|[from] Stealth Rock\n|\n|-heal|p2a: Excadrill|100\/100|[from] move: Wish|[wisher] Clefable\n|-heal|p1a: Xatu|95\/100|[from] item: Leftovers\n|upkeep\n|turn|20\n|\n|t:|1656004292\n|switch|p1a: Corviknight|Corviknight, M|97\/100\n|-ability|p1a: Corviknight|Pressure\n|move|p2a: Excadrill|Rapid Spin|p1a: Corviknight\n|-resisted|p1a: Corviknight\n|-damage|p1a: Corviknight|89\/100\n|-boost|p2a: Excadrill|spe|1\n|-sideend|p2: Sky0401|Stealth Rock|[from] move: Rapid Spin|[of] p2a: Excadrill\n|-damage|p2a: Excadrill|91\/100|[from] item: Life Orb\n|\n|upkeep\n|turn|21\n|\n|t:|1656004303\n|switch|p2a: Zapdos|Zapdos|100\/100\n|move|p1a: Corviknight|Iron Defense|p1a: Corviknight\n|-boost|p1a: Corviknight|def|2\n|\n|upkeep\n|turn|22\n|\n|t:|1656004306\n|switch|p1a: Hippowdon|Hippowdon, M|100\/100\n|move|p2a: Zapdos|Heat Wave|p1a: Hippowdon\n|-damage|p1a: Hippowdon|80\/100\n|\n|-heal|p1a: Hippowdon|86\/100|[from] item: Leftovers\n|upkeep\n|turn|23\n|\n|t:|1656004311\n|move|p2a: Zapdos|Hurricane|p1a: Hippowdon\n|-damage|p1a: Hippowdon|53\/100\n|move|p1a: Hippowdon|Stealth Rock|p2a: Zapdos\n|-sidestart|p2: Sky0401|move: Stealth Rock\n|\n|-heal|p1a: Hippowdon|59\/100|[from] item: Leftovers\n|upkeep\n|turn|24\n|\n|t:|1656004315\n|switch|p2a: Clefable|Clefable, M|75\/100 par\n|move|p1a: Hippowdon|Slack Off|p1a: Hippowdon\n|-heal|p1a: Hippowdon|100\/100\n|\n|-heal|p2a: Clefable|81\/100 par|[from] item: Leftovers\n|upkeep\n|turn|25\n|\n|t:|1656004323\n|switch|p1a: Xatu|Xatu, M|95\/100\n|move|p2a: Clefable|Moonblast|p1a: Xatu\n|-damage|p1a: Xatu|62\/100\n|-unboost|p1a: Xatu|spa|1\n|\n|-heal|p1a: Xatu|68\/100|[from] item: Leftovers\n|-heal|p2a: Clefable|87\/100 par|[from] item: Leftovers\n|upkeep\n|turn|26\n|l| Ran Kob\n|\n|t:|1656004329\n|move|p1a: Xatu|Night Shade|p2a: Clefable\n|-damage|p2a: Clefable|62\/100 par\n|move|p2a: Clefable|Moonblast|p1a: Xatu\n|-damage|p1a: Xatu|34\/100\n|\n|-heal|p1a: Xatu|40\/100|[from] item: Leftovers\n|-heal|p2a: Clefable|68\/100 par|[from] item: Leftovers\n|upkeep\n|turn|27\n|\n|t:|1656004333\n|move|p1a: Xatu|Roost|p1a: Xatu\n|-heal|p1a: Xatu|90\/100\n|-singleturn|p1a: Xatu|move: Roost\n|cant|p2a: Clefable|par\n|\n|-heal|p1a: Xatu|96\/100|[from] item: Leftovers\n|-heal|p2a: Clefable|74\/100 par|[from] item: Leftovers\n|upkeep\n|turn|28\n|\n|t:|1656004336\n|move|p1a: Xatu|Night Shade|p2a: Clefable\n|-damage|p2a: Clefable|49\/100 par\n|move|p2a: Clefable|Wish|p2a: Clefable\n|\n|-heal|p1a: Xatu|100\/100|[from] item: Leftovers\n|-heal|p2a: Clefable|55\/100 par|[from] item: Leftovers\n|upkeep\n|turn|29\n|\n|t:|1656004341\n|switch|p1a: Toxapex|Toxapex, F|100\/100\n|move|p2a: Clefable|Moonblast|p1a: Toxapex\n|-resisted|p1a: Toxapex\n|-damage|p1a: Toxapex|88\/100\n|\n|-heal|p2a: Clefable|100\/100 par|[from] move: Wish|[wisher] Clefable\n|-heal|p1a: Toxapex|94\/100|[from] item: Black Sludge\n|upkeep\n|turn|30\n|\n|t:|1656004346\n|move|p1a: Toxapex|Knock Off|p2a: Clefable\n|-resisted|p2a: Clefable\n|-damage|p2a: Clefable|94\/100 par\n|-enditem|p2a: Clefable|Leftovers|[from] move: Knock Off|[of] p1a: Toxapex\n|cant|p2a: Clefable|par\n|\n|-heal|p1a: Toxapex|100\/100|[from] item: Black Sludge\n|upkeep\n|turn|31\n|\n|t:|1656004353\n|switch|p1a: Xatu|Xatu, M|100\/100\n|cant|p2a: Clefable|par\n|\n|upkeep\n|turn|32\n|\n|t:|1656004359\n|move|p1a: Xatu|Night Shade|p2a: Clefable\n|-damage|p2a: Clefable|69\/100 par\n|cant|p2a: Clefable|par\n|\n|upkeep\n|turn|33\n|\n|t:|1656004363\n|move|p1a: Xatu|Night Shade|p2a: Clefable\n|-damage|p2a: Clefable|44\/100 par\n|cant|p2a: Clefable|par\n|\n|upkeep\n|turn|34\n|\n|t:|1656004368\n|move|p1a: Xatu|Night Shade|p2a: Clefable\n|-damage|p2a: Clefable|18\/100 par\n|cant|p2a: Clefable|par\n|\n|upkeep\n|turn|35\n|\n|t:|1656004375\n|switch|p2a: Tyranitar|Tyranitar, F|100\/100\n|-damage|p2a: Tyranitar|88\/100|[from] Stealth Rock\n|-weather|Sandstorm|[from] ability: Sand Stream|[of] p2a: Tyranitar\n|move|p1a: Xatu|Toxic|p2a: Tyranitar\n|-status|p2a: Tyranitar|tox\n|\n|-weather|Sandstorm|[upkeep]\n|-damage|p1a: Xatu|95\/100|[from] Sandstorm\n|-heal|p1a: Xatu|100\/100|[from] item: Leftovers\n|-heal|p2a: Tyranitar|94\/100 tox|[from] item: Leftovers\n|-damage|p2a: Tyranitar|88\/100 tox|[from] psn\n|upkeep\n|turn|36\n|\n|t:|1656004382\n|switch|p1a: Corviknight|Corviknight, M|89\/100\n|-ability|p1a: Corviknight|Pressure\n|move|p2a: Tyranitar|Stealth Rock|p1a: Corviknight\n|-sidestart|p1: Highv0ltag3|move: Stealth Rock\n|\n|-weather|Sandstorm|[upkeep]\n|-heal|p2a: Tyranitar|94\/100 tox|[from] item: Leftovers\n|-damage|p2a: Tyranitar|82\/100 tox|[from] psn\n|upkeep\n|turn|37\n|\n|t:|1656004385\n|move|p1a: Corviknight|Defog|p2a: Tyranitar\n|-unboost|p2a: Tyranitar|evasion|1\n|-sideend|p2: Sky0401|Stealth Rock|[from] move: Defog|[of] p1a: Corviknight\n|-sideend|p1: Highv0ltag3|Stealth Rock|[from] move: Defog|[of] p1a: Corviknight\n|move|p2a: Tyranitar|Thunder Wave|p1a: Corviknight\n|-status|p1a: Corviknight|par\n|\n|-weather|Sandstorm|[upkeep]\n|-heal|p2a: Tyranitar|88\/100 tox|[from] item: Leftovers\n|-damage|p2a: Tyranitar|70\/100 tox|[from] psn\n|upkeep\n|turn|38\n|\n|t:|1656004393\n|switch|p2a: Clefable|Clefable, M|18\/100 par\n|cant|p1a: Corviknight|par\n|\n|-weather|Sandstorm|[upkeep]\n|upkeep\n|turn|39\n|\n|t:|1656004399\n|switch|p1a: Hippowdon|Hippowdon, M|100\/100\n|move|p2a: Clefable|Wish|p2a: Clefable\n|\n|-weather|none\n|upkeep\n|turn|40\n|\n|t:|1656004408\n|switch|p2a: Landorus|Landorus-Therian, M|82\/100 tox\n|-ability|p2a: Landorus|Intimidate|boost\n|-unboost|p1a: Hippowdon|atk|1\n|move|p1a: Hippowdon|Stealth Rock|p2a: Landorus\n|-sidestart|p2: Sky0401|move: Stealth Rock\n|\n|-heal|p2a: Landorus|100\/100 tox|[from] move: Wish|[wisher] Clefable\n|-damage|p2a: Landorus|94\/100 tox|[from] psn\n|upkeep\n|turn|41\n|\n|t:|1656004416\n|switch|p1a: Corviknight|Corviknight, M|89\/100 par\n|-ability|p1a: Corviknight|Pressure\n|move|p2a: Landorus|U-turn|p1a: Corviknight\n|-resisted|p1a: Corviknight\n|-damage|p1a: Corviknight|86\/100 par\n|\n|t:|1656004423\n|switch|p2a: Clefable|Clefable, M|18\/100 par|[from]move: U-turn\n|\n|upkeep\n|turn|42\n|\n|t:|1656004425\n|move|p1a: Corviknight|Body Press|p2a: Clefable\n|-resisted|p2a: Clefable\n|-damage|p2a: Clefable|8\/100 par\n|cant|p2a: Clefable|par\n|\n|upkeep\n|turn|43\n|c|\u2606Highv0ltag3|Sorry lol\n|c|\u2606Highv0ltag3|This is just a lottery win type moment\n|\n|t:|1656004443\n|switch|p2a: Zapdos|Zapdos|100\/100\n|move|p1a: Corviknight|Body Press|p2a: Zapdos\n|-resisted|p2a: Zapdos\n|-damage|p2a: Zapdos|92\/100\n|\n|upkeep\n|turn|44\n|\n|t:|1656004456\n|switch|p1a: Hippowdon|Hippowdon, M|100\/100\n|move|p2a: Zapdos|Hurricane|p1a: Hippowdon\n|-damage|p1a: Hippowdon|68\/100\n|-start|p1a: Hippowdon|confusion\n|\n|-heal|p1a: Hippowdon|74\/100|[from] item: Leftovers\n|upkeep\n|turn|45\n|\n|t:|1656004461\n|move|p2a: Zapdos|Hurricane|p1a: Hippowdon|[miss]\n|-miss|p2a: Zapdos|p1a: Hippowdon\n|-activate|p1a: Hippowdon|confusion\n|-damage|p1a: Hippowdon|68\/100|[from] confusion\n|\n|-heal|p1a: Hippowdon|74\/100|[from] item: Leftovers\n|upkeep\n|turn|46\n|\n|t:|1656004464\n|move|p2a: Zapdos|Hurricane|p1a: Hippowdon\n|-damage|p1a: Hippowdon|40\/100\n|-activate|p1a: Hippowdon|confusion\n|move|p1a: Hippowdon|Slack Off|p1a: Hippowdon\n|-heal|p1a: Hippowdon|90\/100\n|\n|-heal|p1a: Hippowdon|96\/100|[from] item: Leftovers\n|upkeep\n|turn|47\n|\n|t:|1656004472\n|switch|p2a: Landorus|Landorus-Therian, M|94\/100 tox\n|-damage|p2a: Landorus|82\/100 tox|[from] Stealth Rock\n|-ability|p2a: Landorus|Intimidate|boost\n|-unboost|p1a: Hippowdon|atk|1\n|-activate|p1a: Hippowdon|confusion\n|move|p1a: Hippowdon|Toxic|p2a: Landorus\n|-fail|p2a: Landorus|tox\n|\n|-heal|p1a: Hippowdon|100\/100|[from] item: Leftovers\n|-damage|p2a: Landorus|76\/100 tox|[from] psn\n|upkeep\n|turn|48\n|\n|t:|1656004475\n|switch|p1a: Corviknight|Corviknight, M|86\/100 par\n|-ability|p1a: Corviknight|Pressure\n|move|p2a: Landorus|U-turn|p1a: Corviknight\n|-resisted|p1a: Corviknight\n|-damage|p1a: Corviknight|82\/100 par\n|\n|t:|1656004484\n|switch|p2a: Dragapult|Dragapult, M|100\/100|[from]move: U-turn\n|-damage|p2a: Dragapult|88\/100|[from] Stealth Rock\n|\n|upkeep\n|turn|49\n|\n|t:|1656004487\n|switch|p1a: Chansey|Chansey, F|100\/100\n|move|p2a: Dragapult|U-turn|p1a: Chansey\n|-damage|p1a: Chansey|89\/100\n|\n|t:|1656004493\n|switch|p2a: Excadrill|Excadrill, M|91\/100|[from]move: U-turn\n|-damage|p2a: Excadrill|87\/100|[from] Stealth Rock\n|\n|upkeep\n|turn|50\n|\n|t:|1656004500\n|switch|p1a: Corviknight|Corviknight, M|82\/100 par\n|-ability|p1a: Corviknight|Pressure\n|move|p2a: Excadrill|Rapid Spin|p1a: Corviknight\n|-resisted|p1a: Corviknight\n|-damage|p1a: Corviknight|75\/100 par\n|-boost|p2a: Excadrill|spe|1\n|-sideend|p2: Sky0401|Stealth Rock|[from] move: Rapid Spin|[of] p2a: Excadrill\n|-damage|p2a: Excadrill|78\/100|[from] item: Life Orb\n|\n|upkeep\n|turn|51\n|\n|t:|1656004504\n|switch|p2a: Zapdos|Zapdos|92\/100\n|move|p1a: Corviknight|Roost|p1a: Corviknight\n|-heal|p1a: Corviknight|100\/100 par\n|-singleturn|p1a: Corviknight|move: Roost\n|\n|upkeep\n|turn|52\n|\n|t:|1656004506\n|switch|p1a: Hippowdon|Hippowdon, M|100\/100\n|move|p2a: Zapdos|Heat Wave|p1a: Hippowdon\n|-damage|p1a: Hippowdon|80\/100\n|\n|-heal|p1a: Hippowdon|86\/100|[from] item: Leftovers\n|upkeep\n|turn|53\n|\n|t:|1656004511\n|move|p2a: Zapdos|Hurricane|p1a: Hippowdon\n|-damage|p1a: Hippowdon|54\/100\n|-start|p1a: Hippowdon|confusion\n|-activate|p1a: Hippowdon|confusion\n|move|p1a: Hippowdon|Stealth Rock|p2a: Zapdos\n|-sidestart|p2: Sky0401|move: Stealth Rock\n|\n|-heal|p1a: Hippowdon|60\/100|[from] item: Leftovers\n|upkeep\n|turn|54\n|\n|t:|1656004515\n|move|p2a: Zapdos|Hurricane|p1a: Hippowdon\n|-damage|p1a: Hippowdon|29\/100\n|-activate|p1a: Hippowdon|confusion\n|move|p1a: Hippowdon|Slack Off|p1a: Hippowdon\n|-heal|p1a: Hippowdon|79\/100\n|\n|-heal|p1a: Hippowdon|85\/100|[from] item: Leftovers\n|upkeep\n|turn|55\n|\n|t:|1656004518\n|move|p2a: Zapdos|Hurricane|p1a: Hippowdon\n|-damage|p1a: Hippowdon|51\/100\n|-activate|p1a: Hippowdon|confusion\n|-damage|p1a: Hippowdon|45\/100|[from] confusion\n|\n|-heal|p1a: Hippowdon|51\/100|[from] item: Leftovers\n|upkeep\n|turn|56\n|\n|t:|1656004521\n|move|p2a: Zapdos|Hurricane|p1a: Hippowdon|[miss]\n|-miss|p2a: Zapdos|p1a: Hippowdon\n|-activate|p1a: Hippowdon|confusion\n|move|p1a: Hippowdon|Slack Off|p1a: Hippowdon\n|-heal|p1a: Hippowdon|100\/100\n|\n|upkeep\n|turn|57\n|\n|t:|1656004527\n|switch|p2a: Landorus|Landorus-Therian, M|76\/100 tox\n|-damage|p2a: Landorus|64\/100 tox|[from] Stealth Rock\n|-ability|p2a: Landorus|Intimidate|boost\n|-unboost|p1a: Hippowdon|atk|1\n|-end|p1a: Hippowdon|confusion\n|move|p1a: Hippowdon|Toxic|p2a: Landorus\n|-fail|p2a: Landorus|tox\n|\n|-damage|p2a: Landorus|58\/100 tox|[from] psn\n|upkeep\n|turn|58\n|\n|t:|1656004529\n|switch|p2a: Zapdos|Zapdos|92\/100\n|switch|p1a: Corviknight|Corviknight, M|100\/100 par\n|-ability|p1a: Corviknight|Pressure\n|\n|upkeep\n|turn|59\n|\n|t:|1656004533\n|switch|p1a: Hippowdon|Hippowdon, M|100\/100\n|move|p2a: Zapdos|Heat Wave|p1a: Hippowdon\n|-damage|p1a: Hippowdon|81\/100\n|\n|-heal|p1a: Hippowdon|87\/100|[from] item: Leftovers\n|upkeep\n|turn|60\n|\n|t:|1656004541\n|switch|p2a: Landorus|Landorus-Therian, M|58\/100 tox\n|-damage|p2a: Landorus|45\/100 tox|[from] Stealth Rock\n|-ability|p2a: Landorus|Intimidate|boost\n|-unboost|p1a: Hippowdon|atk|1\n|move|p1a: Hippowdon|Toxic|p2a: Landorus|[miss]\n|-miss|p1a: Hippowdon|p2a: Landorus\n|\n|-heal|p1a: Hippowdon|93\/100|[from] item: Leftovers\n|-damage|p2a: Landorus|39\/100 tox|[from] psn\n|upkeep\n|turn|61\n|\n|t:|1656004545\n|switch|p1a: Corviknight|Corviknight, M|100\/100 par\n|-ability|p1a: Corviknight|Pressure\n|move|p2a: Landorus|U-turn|p1a: Corviknight\n|-resisted|p1a: Corviknight\n|-damage|p1a: Corviknight|97\/100 par\n|\n|t:|1656004548\n|switch|p2a: Clefable|Clefable, M|8\/100 par|[from]move: U-turn\n|\n|upkeep\n|turn|62\n|\n|t:|1656004553\n|move|p1a: Corviknight|Body Press|p2a: Clefable\n|-resisted|p2a: Clefable\n|-damage|p2a: Clefable|0 fnt\n|faint|p2a: Clefable\n|\n|upkeep\n|c|\u2606Highv0ltag3|Bruh\n|\n|t:|1656004563\n|switch|p2a: Zapdos|Zapdos|92\/100\n|turn|63\n|\n|t:|1656004566\n|switch|p1a: Hippowdon|Hippowdon, M|93\/100\n|move|p2a: Zapdos|Heat Wave|p1a: Hippowdon\n|-damage|p1a: Hippowdon|74\/100\n|\n|-heal|p1a: Hippowdon|80\/100|[from] item: Leftovers\n|upkeep\n|turn|64\n|\n|t:|1656004570\n|move|p2a: Zapdos|Hurricane|p1a: Hippowdon|[miss]\n|-miss|p2a: Zapdos|p1a: Hippowdon\n|move|p1a: Hippowdon|Slack Off|p1a: Hippowdon\n|-heal|p1a: Hippowdon|100\/100\n|\n|upkeep\n|turn|65\n|\n|t:|1656004574\n|switch|p2a: Tyranitar|Tyranitar, F|70\/100 tox\n|-damage|p2a: Tyranitar|57\/100 tox|[from] Stealth Rock\n|-weather|Sandstorm|[from] ability: Sand Stream|[of] p2a: Tyranitar\n|move|p1a: Hippowdon|Toxic|p2a: Tyranitar\n|-fail|p2a: Tyranitar|tox\n|\n|-weather|Sandstorm|[upkeep]\n|-heal|p2a: Tyranitar|63\/100 tox|[from] item: Leftovers\n|-damage|p2a: Tyranitar|57\/100 tox|[from] psn\n|upkeep\n|turn|66\n|\n|t:|1656004581\n|switch|p1a: Xatu|Xatu, M|100\/100\n|move|p2a: Tyranitar|Stealth Rock|p1a: Xatu\n|move|p1a: Xatu|Stealth Rock||[from]ability: Magic Bounce|[still]\n|-fail|p1a: Xatu\n|\n|-weather|Sandstorm|[upkeep]\n|-damage|p1a: Xatu|95\/100|[from] Sandstorm\n|-heal|p1a: Xatu|100\/100|[from] item: Leftovers\n|-heal|p2a: Tyranitar|63\/100 tox|[from] item: Leftovers\n|-damage|p2a: Tyranitar|51\/100 tox|[from] psn\n|upkeep\n|turn|67\n|\n|t:|1656004585\n|switch|p1a: Hippowdon|Hippowdon, M|100\/100\n|move|p2a: Tyranitar|Rock Blast|p1a: Hippowdon\n|-resisted|p1a: Hippowdon\n|-damage|p1a: Hippowdon|97\/100\n|-resisted|p1a: Hippowdon\n|-damage|p1a: Hippowdon|93\/100\n|-resisted|p1a: Hippowdon\n|-damage|p1a: Hippowdon|90\/100\n|-hitcount|p1a: Hippowdon|3\n|\n|-weather|Sandstorm|[upkeep]\n|-heal|p2a: Tyranitar|57\/100 tox|[from] item: Leftovers\n|-heal|p1a: Hippowdon|96\/100|[from] item: Leftovers\n|-damage|p2a: Tyranitar|39\/100 tox|[from] psn\n|upkeep\n|turn|68\n|\n|t:|1656004591\n|switch|p1a: Xatu|Xatu, M|100\/100\n|move|p2a: Tyranitar|Stealth Rock|p1a: Xatu\n|move|p1a: Xatu|Stealth Rock||[from]ability: Magic Bounce|[still]\n|-fail|p1a: Xatu\n|\n|-weather|Sandstorm|[upkeep]\n|-damage|p1a: Xatu|95\/100|[from] Sandstorm\n|-heal|p1a: Xatu|100\/100|[from] item: Leftovers\n|-heal|p2a: Tyranitar|45\/100 tox|[from] item: Leftovers\n|-damage|p2a: Tyranitar|20\/100 tox|[from] psn\n|upkeep\n|turn|69\n|-message|Sky0401 forfeited.\n|\n|win|Highv0ltag3\n|raw|Highv0ltag3's rating: 1854 &rarr; <strong>1866<\/strong><br \/>(+12 for winning)\n|raw|Sky0401's rating: 1714 &rarr; <strong>1702<\/strong><br \/>(-12 for losing)\n|l|\u2606Sky0401\n","uploadtime":1656004606,"views":68,"p1id":"highv0ltag3","p2id":"sky0401","formatid":"gen8ou","rating":1702,"private":0,"password":null}