{"id":"gen8nationaldexmonotype-1549387323","p1":"whaud","p2":"Eclipse77","format":"gen8nationaldexmonotype","log":"|j|\u2606whaud\n|j|\u2606Eclipse77\n|t:|1649475619\n|gametype|singles\n|player|p1|whaud|266|1402\n|player|p2|Eclipse77|hilda-wonderlauncher|1608\n|teamsize|p1|6\n|teamsize|p2|6\n|gen|8\n|tier|[Gen 8] National Dex Monotype\n|rated|\n|rule|HP Percentage Mod: HP is shown in percentages\n|rule|Endless Battle Clause: Forcing endless battles is banned\n|rule|Same Type Clause: Pok\u00e9mon in a team must share a type\n|rule|Species Clause: Limit one of each Pok\u00e9mon\n|rule|OHKO Clause: OHKO moves are banned\n|rule|Evasion Moves Clause: Evasion moves are banned\n|rule|Dynamax Clause: You cannot dynamax\n|rule|Sleep Clause Mod: Limit one foe put to sleep\n|clearpoke\n|poke|p1|Bisharp, M|\n|poke|p1|Ferrothorn, F|\n|poke|p1|Scizor, M|\n|poke|p1|Heatran, F|\n|poke|p1|Corviknight, F|\n|poke|p1|Magnezone|\n|poke|p2|Greninja, F|\n|poke|p2|Pelipper, M|\n|poke|p2|Toxapex, F|\n|poke|p2|Urshifu-*, F|\n|poke|p2|Slowking, M|\n|poke|p2|Swampert, F|\n|teampreview\n|inactive|Battle timer is ON: inactive players will automatically lose when time's up. (requested by whaud)\n|\n|t:|1649475629\n|start\n|switch|p1a: Ferrothorn|Ferrothorn, F|100\/100\n|switch|p2a: Pelipper|Pelipper, M|100\/100\n|-weather|RainDance|[from] ability: Drizzle|[of] p2a: Pelipper\n|turn|1\n|\n|t:|1649475631\n|move|p2a: Pelipper|Hurricane|p1a: Ferrothorn\n|-damage|p1a: Ferrothorn|33\/100\n|move|p1a: Ferrothorn|Stealth Rock|p2a: Pelipper\n|-sidestart|p2: Eclipse77|move: Stealth Rock\n|\n|-weather|RainDance|[upkeep]\n|upkeep\n|turn|2\n|\n|t:|1649475638\n|move|p2a: Pelipper|Hurricane|p1a: Ferrothorn\n|-damage|p1a: Ferrothorn|0 fnt\n|faint|p1a: Ferrothorn\n|\n|-weather|RainDance|[upkeep]\n|upkeep\n|\n|t:|1649475639\n|switch|p1a: Magnezone|Magnezone|100\/100\n|-item|p1a: Magnezone|Air Balloon\n|turn|3\n|\n|t:|1649475642\n|switch|p2a: Swampert|Swampert, F|100\/100\n|-damage|p2a: Swampert|94\/100|[from] Stealth Rock\n|move|p1a: Magnezone|Discharge|p2a: Swampert\n|-immune|p2a: Swampert\n|\n|-weather|RainDance|[upkeep]\n|upkeep\n|turn|4\n|\n|t:|1649475647\n|detailschange|p2a: Swampert|Swampert-Mega, F\n|-mega|p2a: Swampert|Swampert|Swampertite\n|move|p2a: Swampert|Waterfall|p1a: Magnezone\n|-damage|p1a: Magnezone|39\/100\n|-enditem|p1a: Magnezone|Air Balloon\n|move|p1a: Magnezone|Signal Beam|p2a: Swampert\n|-damage|p2a: Swampert|67\/100\n|-start|p2a: Swampert|confusion\n|\n|-weather|RainDance|[upkeep]\n|upkeep\n|turn|5\n|inactive|whaud has 120 seconds left.\n|\n|t:|1649475679\n|-activate|p2a: Swampert|confusion\n|-damage|p2a: Swampert|52\/100|[from] confusion\n|move|p1a: Magnezone|Signal Beam|p2a: Swampert\n|-damage|p2a: Swampert|28\/100\n|\n|-weather|none\n|upkeep\n|turn|6\n|\n|t:|1649475686\n|-activate|p2a: Swampert|confusion\n|-damage|p2a: Swampert|13\/100|[from] confusion\n|move|p1a: Magnezone|Flash Cannon|p2a: Swampert\n|-resisted|p2a: Swampert\n|-damage|p2a: Swampert|0 fnt\n|faint|p2a: Swampert\n|\n|upkeep\n|\n|t:|1649475698\n|switch|p2a: Urshifu|Urshifu-Rapid-Strike, F|100\/100\n|-damage|p2a: Urshifu|94\/100|[from] Stealth Rock\n|turn|7\n|\n|t:|1649475703\n|move|p2a: Urshifu|Close Combat|p1a: Magnezone\n|-supereffective|p1a: Magnezone\n|-damage|p1a: Magnezone|0 fnt\n|-unboost|p2a: Urshifu|def|1\n|-unboost|p2a: Urshifu|spd|1\n|faint|p1a: Magnezone\n|\n|upkeep\n|\n|t:|1649475708\n|switch|p1a: Scizor|Scizor, M|100\/100\n|turn|8\n|\n|t:|1649475711\n|switch|p2a: Toxapex|Toxapex, F|100\/100\n|-damage|p2a: Toxapex|88\/100|[from] Stealth Rock\n|detailschange|p1a: Scizor|Scizor-Mega, M\n|-mega|p1a: Scizor|Scizor|Scizorite\n|move|p1a: Scizor|Dual Wingbeat|p2a: Toxapex\n|-crit|p2a: Toxapex\n|-damage|p2a: Toxapex|64\/100\n|-damage|p2a: Toxapex|50\/100\n|-hitcount|p2a: Toxapex|2\n|\n|-heal|p2a: Toxapex|56\/100|[from] item: Black Sludge\n|upkeep\n|turn|9\n|\n|t:|1649475714\n|move|p1a: Scizor|Swords Dance|p1a: Scizor\n|-boost|p1a: Scizor|atk|2\n|move|p2a: Toxapex|Recover|p2a: Toxapex\n|-heal|p2a: Toxapex|100\/100\n|\n|upkeep\n|turn|10\n|\n|t:|1649475716\n|move|p1a: Scizor|Dual Wingbeat|p2a: Toxapex\n|-damage|p2a: Toxapex|71\/100\n|-damage|p2a: Toxapex|43\/100\n|-hitcount|p2a: Toxapex|2\n|move|p2a: Toxapex|Haze|p2a: Toxapex\n|-clearallboost\n|\n|-heal|p2a: Toxapex|50\/100|[from] item: Black Sludge\n|upkeep\n|turn|11\n|\n|t:|1649475725\n|move|p1a: Scizor|Swords Dance|p1a: Scizor\n|-boost|p1a: Scizor|atk|2\n|move|p2a: Toxapex|Recover|p2a: Toxapex\n|-heal|p2a: Toxapex|99\/100\n|\n|-heal|p2a: Toxapex|100\/100|[from] item: Black Sludge\n|upkeep\n|turn|12\n|\n|t:|1649475728\n|move|p1a: Scizor|Dual Wingbeat|p2a: Toxapex\n|-damage|p2a: Toxapex|72\/100\n|-damage|p2a: Toxapex|39\/100\n|-hitcount|p2a: Toxapex|2\n|move|p2a: Toxapex|Haze|p2a: Toxapex\n|-clearallboost\n|\n|-heal|p2a: Toxapex|46\/100|[from] item: Black Sludge\n|upkeep\n|turn|13\n|\n|t:|1649475734\n|switch|p1a: Bisharp|Bisharp, M|100\/100\n|move|p2a: Toxapex|Recover|p2a: Toxapex\n|-heal|p2a: Toxapex|96\/100\n|\n|-heal|p2a: Toxapex|100\/100|[from] item: Black Sludge\n|upkeep\n|turn|14\n|\n|t:|1649475751\n|switch|p2a: Urshifu|Urshifu-Rapid-Strike, F|94\/100\n|-damage|p2a: Urshifu|88\/100|[from] Stealth Rock\n|move|p1a: Bisharp|Swords Dance|p1a: Bisharp\n|-boost|p1a: Bisharp|atk|2\n|\n|upkeep\n|turn|15\n|\n|t:|1649475758\n|switch|p1a: Corviknight|Corviknight, F|100\/100\n|move|p2a: Urshifu|Close Combat|p1a: Corviknight\n|-damage|p1a: Corviknight|45\/100\n|-unboost|p2a: Urshifu|def|1\n|-unboost|p2a: Urshifu|spd|1\n|\n|upkeep\n|turn|16\n|\n|t:|1649475761\n|move|p2a: Urshifu|Close Combat|p1a: Corviknight\n|-damage|p1a: Corviknight|0 fnt\n|-unboost|p2a: Urshifu|def|1\n|-unboost|p2a: Urshifu|spd|1\n|faint|p1a: Corviknight\n|\n|upkeep\n|\n|t:|1649475764\n|switch|p1a: Scizor|Scizor-Mega, M|100\/100\n|turn|17\n|\n|t:|1649475783\n|switch|p2a: Greninja|Greninja, F|100\/100\n|-damage|p2a: Greninja|88\/100|[from] Stealth Rock\n|move|p1a: Scizor|Bullet Punch|p2a: Greninja\n|-resisted|p2a: Greninja\n|-damage|p2a: Greninja|54\/100\n|\n|upkeep\n|turn|18\n|\n|t:|1649475788\n|move|p2a: Greninja|Dark Pulse|p1a: Scizor\n|-start|p2a: Greninja|typechange|Dark|[from] ability: Protean\n|-damage|p1a: Scizor|67\/100\n|move|p1a: Scizor|Bug Bite|p2a: Greninja\n|-supereffective|p2a: Greninja\n|-damage|p2a: Greninja|0 fnt\n|faint|p2a: Greninja\n|\n|upkeep\n|\n|t:|1649475796\n|switch|p2a: Pelipper|Pelipper, M|100\/100\n|-damage|p2a: Pelipper|76\/100|[from] Stealth Rock\n|-weather|RainDance|[from] ability: Drizzle|[of] p2a: Pelipper\n|turn|19\n|\n|t:|1649475799\n|move|p2a: Pelipper|Hydro Pump|p1a: Scizor\n|-damage|p1a: Scizor|0 fnt\n|faint|p1a: Scizor\n|\n|-weather|RainDance|[upkeep]\n|upkeep\n|-message|whaud forfeited.\n|\n|win|Eclipse77\n|raw|whaud's rating: 1402 &rarr; <strong>1393<\/strong><br \/>(-9 for losing)\n|raw|Eclipse77's rating: 1608 &rarr; <strong>1617<\/strong><br \/>(+9 for winning)\n|l|\u2606whaud\n","uploadtime":1649475807,"views":7,"p1id":"whaud","p2id":"eclipse77","formatid":"gen8nationaldexmonotype","rating":1393,"private":0,"password":null}