{"id":"gen8bdspou-1462363282","p1":"Dinonadoop","p2":"Daevank5","format":"gen8bdspou","log":"|html|<div class=\"broadcast-blue\"><strong>[Gen 8 BDSP] OU is currently suspecting Latios! For information on how to participate check out the <a href=\"https:\/\/www.smogon.com\/forums\/threads\/np-bdsp-ou-suspect-process-round-1-mr-blue-sky.3694109\/\">suspect thread<\/a>.<\/strong><\/div>\n|j|\u2606Dinonadoop\n|j|\u2606Daevank5\n|t:|1638074159\n|gametype|singles\n|player|p1|Dinonadoop|sabrina|1401\n|player|p2|Daevank5|workerice|1487\n|teamsize|p1|6\n|teamsize|p2|6\n|gen|8\n|tier|[Gen 8 BDSP] OU\n|rated|\n|rule|Sleep Clause Mod: Limit one foe put to sleep\n|rule|Species Clause: Limit one of each Pok\u00e9mon\n|rule|OHKO Clause: OHKO moves are banned\n|rule|Evasion Moves Clause: Evasion moves are banned\n|rule|Endless Battle Clause: Forcing endless battles is banned\n|rule|HP Percentage Mod: HP is shown in percentages\n|clearpoke\n|poke|p1|Camerupt, F|\n|poke|p1|Cresselia, F|\n|poke|p1|Breloom, M|\n|poke|p1|Dusknoir, M|\n|poke|p1|Abomasnow, F|\n|poke|p1|Crawdaunt, M|\n|poke|p2|Carnivine, M|\n|poke|p2|Magnezone|\n|poke|p2|Gliscor, M|\n|poke|p2|Heatran, F|\n|poke|p2|Clefable, M|\n|poke|p2|Spiritomb, M|\n|teampreview\n|inactive|Battle timer is ON: inactive players will automatically lose when time's up. (requested by Dinonadoop)\n|c|\u2606Daevank5|!dt magma armor\n|raw|<ul class=\"utilichart\"><li class=\"result\"><span class=\"col namecol\"><a href=\"https:\/\/dex.pokemonshowdown.com\/abilities\/magmaarmor\">Magma Armor<\/a><\/span> <span class=\"col abilitydesccol\">This Pokemon cannot be frozen. Gaining this Ability while frozen cures it.<\/span> <\/li><li style=\"clear:both\"><\/li><\/ul>\n|raw|<font size=\"1\"><font color=\"#686868\">Gen:<\/font> 3&nbsp;|&ThickSpace;&#10003; Ignored by Mold Breaker<\/font>\n\n|c|\u2606Daevank5|!dt solid rock\n|raw|<ul class=\"utilichart\"><li class=\"result\"><span class=\"col namecol\"><a href=\"https:\/\/dex.pokemonshowdown.com\/abilities\/solidrock\">Solid Rock<\/a><\/span> <span class=\"col abilitydesccol\">This Pokemon receives 3\/4 damage from supereffective attacks.<\/span> <\/li><li style=\"clear:both\"><\/li><\/ul>\n|raw|<font size=\"1\"><font color=\"#686868\">Gen:<\/font> 4&nbsp;|&ThickSpace;&#10003; Ignored by Mold Breaker<\/font>\n\n|c|\u2606Daevank5|!dt anger point\n|raw|<ul class=\"utilichart\"><li class=\"result\"><span class=\"col namecol\"><a href=\"https:\/\/dex.pokemonshowdown.com\/abilities\/angerpoint\">Anger Point<\/a><\/span> <span class=\"col abilitydesccol\">If this Pokemon (not its substitute) takes a critical hit, its Attack is raised 12 stages.<\/span> <\/li><li style=\"clear:both\"><\/li><\/ul>\n|raw|<font size=\"1\"><font color=\"#686868\">Gen:<\/font> 4<\/font>\n\n|\n|t:|1638074209\n|start\n|switch|p1a: Cresselia|Cresselia, F|100\/100\n|switch|p2a: Clefable|Clefable, M|100\/100\n|turn|1\n|\n|t:|1638074230\n|switch|p2a: Gliscor|Gliscor, M|100\/100\n|switch|p1a: Camerupt|Camerupt, F|100\/100\n|\n|-status|p2a: Gliscor|tox|[from] item: Toxic Orb\n|upkeep\n|turn|2\n|\n|t:|1638074240\n|switch|p1a: Cresselia|Cresselia, F|100\/100\n|move|p2a: Gliscor|Knock Off|p1a: Cresselia\n|-supereffective|p1a: Cresselia\n|-damage|p1a: Cresselia|74\/100\n|-enditem|p1a: Cresselia|Leftovers|[from] move: Knock Off|[of] p2a: Gliscor\n|\n|upkeep\n|turn|3\n|\n|t:|1638074248\n|switch|p2a: Spiritomb|Spiritomb, M|100\/100\n|-ability|p2a: Spiritomb|Pressure\n|move|p1a: Cresselia|Ice Beam|p2a: Spiritomb\n|-damage|p2a: Spiritomb|89\/100\n|\n|-heal|p2a: Spiritomb|95\/100|[from] item: Leftovers\n|upkeep\n|turn|4\n|\n|t:|1638074252\n|switch|p1a: Crawdaunt|Crawdaunt, M|100\/100\n|move|p2a: Spiritomb|Will-O-Wisp|p1a: Crawdaunt\n|-status|p1a: Crawdaunt|brn\n|\n|-heal|p2a: Spiritomb|100\/100|[from] item: Leftovers\n|-damage|p1a: Crawdaunt|94\/100 brn|[from] brn\n|upkeep\n|turn|5\n|\n|t:|1638074268\n|switch|p2a: Carnivine|Carnivine, M|100\/100\n|move|p1a: Crawdaunt|Knock Off|p2a: Carnivine\n|-damage|p2a: Carnivine|41\/100\n|-enditem|p2a: Carnivine|Life Orb|[from] move: Knock Off|[of] p1a: Crawdaunt\n|-damage|p1a: Crawdaunt|84\/100 brn|[from] item: Life Orb\n|\n|-damage|p1a: Crawdaunt|78\/100 brn|[from] brn\n|upkeep\n|turn|6\n|j| OGRhys\n|\n|t:|1638074274\n|switch|p1a: Breloom|Breloom, M|100\/100\n|move|p2a: Carnivine|Synthesis|p2a: Carnivine\n|-heal|p2a: Carnivine|91\/100\n|\n|-status|p1a: Breloom|tox|[from] item: Toxic Orb\n|upkeep\n|turn|7\n|\n|t:|1638074277\n|move|p1a: Breloom|Substitute|p1a: Breloom\n|-start|p1a: Breloom|Substitute\n|-damage|p1a: Breloom|76\/100 tox\n|move|p2a: Carnivine|Worry Seed||[still]\n|-fail|p2a: Carnivine\n|\n|-heal|p1a: Breloom|88\/100 tox|[from] ability: Poison Heal\n|upkeep\n|turn|8\n|\n|t:|1638074291\n|-singleturn|p1a: Breloom|move: Focus Punch\n|switch|p2a: Gliscor|Gliscor, M|100\/100 tox\n|move|p1a: Breloom|Focus Punch|p2a: Gliscor\n|-resisted|p2a: Gliscor\n|-damage|p2a: Gliscor|75\/100 tox\n|\n|-heal|p2a: Gliscor|87\/100 tox|[from] ability: Poison Heal\n|-heal|p1a: Breloom|100\/100 tox|[from] ability: Poison Heal\n|upkeep\n|turn|9\n|\n|t:|1638074301\n|move|p2a: Gliscor|Earthquake|p1a: Breloom\n|-resisted|p1a: Breloom\n|-activate|p1a: Breloom|move: Substitute|[damage]\n|move|p1a: Breloom|Seed Bomb|p2a: Gliscor\n|-damage|p2a: Gliscor|59\/100 tox\n|\n|-heal|p2a: Gliscor|72\/100 tox|[from] ability: Poison Heal\n|upkeep\n|turn|10\n|\n|t:|1638074309\n|move|p2a: Gliscor|Knock Off|p1a: Breloom\n|-resisted|p1a: Breloom\n|-activate|p1a: Breloom|move: Substitute|[damage]\n|move|p1a: Breloom|Seed Bomb|p2a: Gliscor\n|-damage|p2a: Gliscor|42\/100 tox\n|\n|-heal|p2a: Gliscor|54\/100 tox|[from] ability: Poison Heal\n|upkeep\n|turn|11\n|\n|t:|1638074312\n|move|p2a: Gliscor|Roost|p2a: Gliscor\n|-heal|p2a: Gliscor|100\/100 tox\n|-singleturn|p2a: Gliscor|move: Roost\n|move|p1a: Breloom|Seed Bomb|p2a: Gliscor\n|-supereffective|p2a: Gliscor\n|-damage|p2a: Gliscor|44\/100 tox\n|\n|-heal|p2a: Gliscor|56\/100 tox|[from] ability: Poison Heal\n|upkeep\n|turn|12\n|\n|t:|1638074315\n|move|p2a: Gliscor|Earthquake|p1a: Breloom\n|-resisted|p1a: Breloom\n|-end|p1a: Breloom|Substitute\n|move|p1a: Breloom|Seed Bomb|p2a: Gliscor\n|-damage|p2a: Gliscor|27\/100 tox\n|\n|-heal|p2a: Gliscor|39\/100 tox|[from] ability: Poison Heal\n|upkeep\n|turn|13\n|\n|t:|1638074333\n|move|p2a: Gliscor|Roost|p2a: Gliscor\n|-heal|p2a: Gliscor|89\/100 tox\n|-singleturn|p2a: Gliscor|move: Roost\n|move|p1a: Breloom|Seed Bomb|p2a: Gliscor\n|-supereffective|p2a: Gliscor\n|-damage|p2a: Gliscor|28\/100 tox\n|\n|-heal|p2a: Gliscor|41\/100 tox|[from] ability: Poison Heal\n|upkeep\n|turn|14\n|\n|t:|1638074337\n|move|p2a: Gliscor|Roost|p2a: Gliscor\n|-heal|p2a: Gliscor|91\/100 tox\n|-singleturn|p2a: Gliscor|move: Roost\n|move|p1a: Breloom|Seed Bomb|p2a: Gliscor\n|-supereffective|p2a: Gliscor\n|-damage|p2a: Gliscor|39\/100 tox\n|\n|-heal|p2a: Gliscor|51\/100 tox|[from] ability: Poison Heal\n|upkeep\n|turn|15\n|\n|t:|1638074346\n|switch|p2a: Clefable|Clefable, M|100\/100\n|switch|p1a: Crawdaunt|Crawdaunt, M|78\/100 brn\n|\n|-damage|p1a: Crawdaunt|72\/100 brn|[from] brn\n|upkeep\n|turn|16\n|\n|t:|1638074350\n|move|p2a: Clefable|Moonblast|p1a: Crawdaunt\n|-supereffective|p1a: Crawdaunt\n|-damage|p1a: Crawdaunt|0 fnt\n|faint|p1a: Crawdaunt\n|\n|upkeep\n|\n|t:|1638074355\n|switch|p1a: Camerupt|Camerupt, F|100\/100\n|turn|17\n|\n|t:|1638074372\n|switch|p2a: Heatran|Heatran, F|100\/100\n|move|p1a: Camerupt|Eruption|p2a: Heatran\n|-damage|p2a: Heatran|1\/100\n|\n|-heal|p2a: Heatran|7\/100|[from] item: Leftovers\n|upkeep\n|turn|18\n|\n|t:|1638074379\n|switch|p1a: Dusknoir|Dusknoir, M|100\/100\n|-ability|p1a: Dusknoir|Pressure\n|move|p2a: Heatran|Earth Power|p1a: Dusknoir\n|-damage|p1a: Dusknoir|81\/100\n|\n|-heal|p2a: Heatran|13\/100|[from] item: Leftovers\n|upkeep\n|turn|19\n|\n|t:|1638074384\n|switch|p2a: Gliscor|Gliscor, M|51\/100 tox\n|move|p1a: Dusknoir|Earthquake|p2a: Gliscor\n|-immune|p2a: Gliscor\n|\n|-heal|p2a: Gliscor|64\/100 tox|[from] ability: Poison Heal\n|upkeep\n|turn|20\n|\n|t:|1638074390\n|switch|p2a: Clefable|Clefable, M|100\/100\n|move|p1a: Dusknoir|Trick Room|p1a: Dusknoir\n|-fieldstart|move: Trick Room|[of] p1a: Dusknoir\n|\n|upkeep\n|turn|21\n|\n|t:|1638074396\n|switch|p1a: Camerupt|Camerupt, F|100\/100\n|switch|p2a: Spiritomb|Spiritomb, M|100\/100\n|-ability|p2a: Spiritomb|Pressure\n|\n|upkeep\n|turn|22\n|\n|t:|1638074405\n|move|p1a: Camerupt|Eruption|p2a: Spiritomb\n|-crit|p2a: Spiritomb\n|-damage|p2a: Spiritomb|0 fnt\n|faint|p2a: Spiritomb\n|\n|upkeep\n|\n|t:|1638074417\n|switch|p2a: Gliscor|Gliscor, M|64\/100 tox\n|turn|23\n|\n|t:|1638074424\n|switch|p2a: Carnivine|Carnivine, M|91\/100\n|move|p1a: Camerupt|Eruption|p2a: Carnivine\n|-supereffective|p2a: Carnivine\n|-damage|p2a: Carnivine|0 fnt\n|faint|p2a: Carnivine\n|\n|upkeep\n|raw|<div class=\"broadcast-red\"><b>The server is restarting soon.<\/b><br \/>Please finish your battles quickly. No new battles can be started until the server resets in a few minutes.<\/div>\n|inactive|staff also wants the timer to be on.\n|raw|<div class=\"broadcast-red\"><b>Moderated chat was set to +!<\/b><br \/>Only users of rank + and higher can talk.<\/div>\n|\n|t:|1638074439\n|switch|p2a: Gliscor|Gliscor, M|64\/100 tox\n|turn|24\n|\n|t:|1638074441\n|switch|p2a: Magnezone|Magnezone|100\/100\n|move|p1a: Camerupt|Eruption|p2a: Magnezone\n|-supereffective|p2a: Magnezone\n|-damage|p2a: Magnezone|0 fnt\n|faint|p2a: Magnezone\n|\n|-fieldend|move: Trick Room\n|upkeep\n|\n|t:|1638074445\n|switch|p2a: Gliscor|Gliscor, M|64\/100 tox\n|turn|25\n|\n|t:|1638074452\n|switch|p1a: Dusknoir|Dusknoir, M|81\/100\n|-ability|p1a: Dusknoir|Pressure\n|move|p2a: Gliscor|Knock Off|p1a: Dusknoir\n|-supereffective|p1a: Dusknoir\n|-damage|p1a: Dusknoir|44\/100\n|-enditem|p1a: Dusknoir|Mental Herb|[from] move: Knock Off|[of] p2a: Gliscor\n|\n|-heal|p2a: Gliscor|76\/100 tox|[from] ability: Poison Heal\n|upkeep\n|turn|26\n|\n|t:|1638074458\n|switch|p2a: Heatran|Heatran, F|13\/100\n|move|p1a: Dusknoir|Trick Room|p1a: Dusknoir\n|-fieldstart|move: Trick Room|[of] p1a: Dusknoir\n|\n|-heal|p2a: Heatran|19\/100|[from] item: Leftovers\n|upkeep\n|turn|27\n|\n|t:|1638074460\n|switch|p2a: Gliscor|Gliscor, M|76\/100 tox\n|move|p1a: Dusknoir|Earthquake|p2a: Gliscor\n|-immune|p2a: Gliscor\n|\n|-heal|p2a: Gliscor|89\/100 tox|[from] ability: Poison Heal\n|upkeep\n|turn|28\n|\n|t:|1638074468\n|switch|p1a: Abomasnow|Abomasnow, F|100\/100\n|-weather|Hail|[from] ability: Snow Warning|[of] p1a: Abomasnow\n|move|p2a: Gliscor|Roost|p2a: Gliscor\n|-heal|p2a: Gliscor|100\/100 tox\n|-singleturn|p2a: Gliscor|move: Roost\n|\n|-weather|Hail|[upkeep]\n|-damage|p2a: Gliscor|94\/100 tox|[from] Hail\n|-heal|p2a: Gliscor|100\/100 tox|[from] ability: Poison Heal\n|upkeep\n|turn|29\n|\n|t:|1638074473\n|switch|p2a: Heatran|Heatran, F|19\/100\n|move|p1a: Abomasnow|Earthquake|p2a: Heatran\n|-supereffective|p2a: Heatran\n|-damage|p2a: Heatran|0 fnt\n|faint|p2a: Heatran\n|-damage|p1a: Abomasnow|91\/100|[from] item: Life Orb\n|\n|-weather|Hail|[upkeep]\n|upkeep\n|\n|t:|1638074480\n|switch|p2a: Clefable|Clefable, M|100\/100\n|turn|30\n|\n|t:|1638074482\n|switch|p1a: Camerupt|Camerupt, F|100\/100\n|move|p2a: Clefable|Flamethrower|p1a: Camerupt\n|-resisted|p1a: Camerupt\n|-damage|p1a: Camerupt|83\/100\n|\n|-weather|Hail|[upkeep]\n|-damage|p1a: Camerupt|77\/100|[from] Hail\n|-damage|p2a: Clefable|94\/100|[from] Hail\n|-fieldend|move: Trick Room\n|upkeep\n|turn|31\n|\n|t:|1638074485\n|switch|p2a: Gliscor|Gliscor, M|100\/100 tox\n|move|p1a: Camerupt|Flash Cannon|p2a: Gliscor\n|-damage|p2a: Gliscor|67\/100 tox\n|\n|-weather|Hail|[upkeep]\n|-damage|p2a: Gliscor|61\/100 tox|[from] Hail\n|-damage|p1a: Camerupt|71\/100|[from] Hail\n|-heal|p2a: Gliscor|73\/100 tox|[from] ability: Poison Heal\n|upkeep\n|turn|32\n|\n|t:|1638074492\n|switch|p2a: Clefable|Clefable, M|94\/100\n|switch|p1a: Cresselia|Cresselia, F|74\/100\n|\n|-weather|none\n|upkeep\n|turn|33\n|\n|t:|1638074495\n|move|p2a: Clefable|Moonblast|p1a: Cresselia\n|-damage|p1a: Cresselia|55\/100\n|move|p1a: Cresselia|Trick Room|p1a: Cresselia\n|-fieldstart|move: Trick Room|[of] p1a: Cresselia\n|\n|upkeep\n|turn|34\n|\n|t:|1638074503\n|switch|p2a: Gliscor|Gliscor, M|73\/100 tox\n|move|p1a: Cresselia|Lunar Dance|p1a: Cresselia\n|faint|p1a: Cresselia\n|\n|-heal|p2a: Gliscor|86\/100 tox|[from] ability: Poison Heal\n|upkeep\n|\n|t:|1638074505\n|switch|p1a: Camerupt|Camerupt, F|71\/100\n|-heal|p1a: Camerupt|100\/100|[from] move: Lunar Dance\n|turn|35\n|\n|t:|1638074508\n|move|p1a: Camerupt|Eruption|p2a: Gliscor\n|-damage|p2a: Gliscor|0 fnt\n|faint|p2a: Gliscor\n|\n|upkeep\n|-message|Daevank5 forfeited.\n|\n|win|Dinonadoop\n|raw|Dinonadoop's rating: 1401 &rarr; <strong>1426<\/strong><br \/>(+25 for winning)\n|raw|Daevank5's rating: 1487 &rarr; <strong>1462<\/strong><br \/>(-25 for losing)\n|l|\u2606Daevank5\n","uploadtime":1638074516,"views":40,"p1id":"dinonadoop","p2id":"daevank5","formatid":"gen8bdspou","rating":1426,"private":0,"password":null}