{"id":"gen8unratedrandombattle-1645812151","p1":"Karp A Darp","p2":"A3720","format":"gen8unratedrandombattle","log":"|j|\u2606Karp A Darp\n|j|\u2606A3720\n|t:|1661206431\n|gametype|singles\n|player|p1|Karp A Darp|olivia|\n|player|p2|A3720|170|\n|teamsize|p1|6\n|teamsize|p2|6\n|gen|8\n|tier|[Gen 8] Unrated Random Battle\n|rule|Species Clause: Limit one of each Pok\u00e9mon\n|rule|HP Percentage Mod: HP is shown in percentages\n|rule|Sleep Clause Mod: Limit one foe put to sleep\n|\n|t:|1661206431\n|start\n|switch|p1a: Appletun|Appletun, L90, F|344\/344\n|switch|p2a: Pheromosa|Pheromosa, L76|233\/233\n|turn|1\n|inactive|Battle timer is ON: inactive players will automatically lose when time's up. (requested by Karp A Darp)\n|\n|t:|1661206458\n|move|p2a: Pheromosa|Ice Beam|p1a: Appletun\n|-supereffective|p1a: Appletun\n|-damage|p1a: Appletun|208\/344\n|move|p1a: Appletun|Draco Meteor|p2a: Pheromosa|[miss]\n|-miss|p1a: Appletun|p2a: Pheromosa\n|\n|-heal|p1a: Appletun|229\/344|[from] item: Leftovers\n|upkeep\n|turn|2\n|\n|t:|1661206463\n|move|p2a: Pheromosa|U-turn|p1a: Appletun\n|-supereffective|p1a: Appletun\n|-damage|p1a: Appletun|67\/344\n|\n|t:|1661206468\n|switch|p2a: Registeel|Registeel, L83|268\/268\n|move|p1a: Appletun|Draco Meteor|p2a: Registeel\n|-resisted|p2a: Registeel\n|-damage|p2a: Registeel|217\/268\n|-unboost|p1a: Appletun|spa|2\n|\n|-heal|p1a: Appletun|88\/344|[from] item: Leftovers\n|upkeep\n|turn|3\n|\n|t:|1661206473\n|move|p2a: Registeel|Iron Head|p1a: Appletun\n|-damage|p1a: Appletun|13\/344\n|move|p1a: Appletun|Leech Seed|p2a: Registeel\n|-start|p2a: Registeel|move: Leech Seed\n|\n|-heal|p1a: Appletun|34\/344|[from] item: Leftovers\n|-damage|p2a: Registeel|184\/268|[from] Leech Seed|[of] p1a: Appletun\n|-heal|p1a: Appletun|67\/344|[silent]\n|upkeep\n|turn|4\n|\n|t:|1661206481\n|switch|p1a: Ferrothorn|Ferrothorn, L78, F|244\/244\n|move|p2a: Registeel|Iron Head|p1a: Ferrothorn\n|-resisted|p1a: Ferrothorn\n|-damage|p1a: Ferrothorn|217\/244\n|-damage|p2a: Registeel|151\/268|[from] ability: Iron Barbs|[of] p1a: Ferrothorn\n|\n|-heal|p1a: Ferrothorn|232\/244|[from] item: Leftovers\n|-damage|p2a: Registeel|118\/268|[from] Leech Seed|[of] p1a: Ferrothorn\n|-heal|p1a: Ferrothorn|244\/244|[silent]\n|upkeep\n|turn|5\n|\n|t:|1661206494\n|move|p2a: Registeel|Rest|p2a: Registeel\n|-status|p2a: Registeel|slp|[from] move: Rest\n|-heal|p2a: Registeel|268\/268 slp|[silent]\n|-enditem|p2a: Registeel|Chesto Berry|[eat]\n|-curestatus|p2a: Registeel|slp|[msg]\n|move|p1a: Ferrothorn|Gyro Ball|p2a: Registeel\n|-resisted|p2a: Registeel\n|-damage|p2a: Registeel|240\/268\n|\n|-damage|p2a: Registeel|207\/268|[from] Leech Seed|[of] p1a: Ferrothorn\n|upkeep\n|turn|6\n|\n|t:|1661206499\n|switch|p2a: Charizard|Charizard, L82, F|262\/262\n|move|p1a: Ferrothorn|Power Whip|p2a: Charizard\n|-resisted|p2a: Charizard\n|-damage|p2a: Charizard|233\/262\n|\n|upkeep\n|turn|7\n|\n|t:|1661206505\n|switch|p1a: Diancie|Diancie, L82|216\/216\n|move|p2a: Charizard|Fire Blast|p1a: Diancie\n|-resisted|p1a: Diancie\n|-crit|p1a: Diancie\n|-damage|p1a: Diancie|157\/216\n|\n|-heal|p1a: Diancie|170\/216|[from] item: Leftovers\n|upkeep\n|turn|8\n|\n|t:|1661206522\n|move|p2a: Charizard|Earthquake|p1a: Diancie\n|-supereffective|p1a: Diancie\n|-damage|p1a: Diancie|90\/216\n|move|p1a: Diancie|Diamond Storm|p2a: Charizard\n|-supereffective|p2a: Charizard\n|-damage|p2a: Charizard|0 fnt\n|-boost|p1a: Diancie|def|2\n|faint|p2a: Charizard\n|\n|-heal|p1a: Diancie|103\/216|[from] item: Leftovers\n|upkeep\n|\n|t:|1661206536\n|switch|p2a: Rotom|Rotom, L84|221\/221\n|turn|9\n|\n|t:|1661206543\n|move|p2a: Rotom|Shadow Ball|p1a: Diancie\n|-damage|p1a: Diancie|52\/216\n|move|p1a: Diancie|Moonblast|p2a: Rotom\n|-damage|p2a: Rotom|116\/221\n|\n|-heal|p2a: Rotom|129\/221|[from] item: Leftovers\n|-heal|p1a: Diancie|65\/216|[from] item: Leftovers\n|upkeep\n|turn|10\n|\n|t:|1661206549\n|move|p2a: Rotom|Thunderbolt|p1a: Diancie\n|-damage|p1a: Diancie|4\/216\n|move|p1a: Diancie|Diamond Storm|p2a: Rotom\n|-damage|p2a: Rotom|8\/221\n|-boost|p1a: Diancie|def|2\n|\n|-heal|p2a: Rotom|21\/221|[from] item: Leftovers\n|-heal|p1a: Diancie|17\/216|[from] item: Leftovers\n|upkeep\n|turn|11\n|\n|t:|1661206562\n|switch|p1a: Drampa|Drampa, L86, F|274\/274\n|move|p2a: Rotom|Shadow Ball|p1a: Drampa\n|-immune|p1a: Drampa\n|\n|-heal|p2a: Rotom|34\/221|[from] item: Leftovers\n|upkeep\n|turn|12\n|\n|t:|1661206569\n|switch|p2a: Registeel|Registeel, L83|207\/268\n|move|p1a: Drampa|Fire Blast|p2a: Registeel\n|-supereffective|p2a: Registeel\n|-crit|p2a: Registeel\n|-damage|p2a: Registeel|0 fnt\n|faint|p2a: Registeel\n|\n|upkeep\n|\n|t:|1661206576\n|switch|p2a: Pheromosa|Pheromosa, L76|233\/233\n|turn|13\n|\n|t:|1661206579\n|move|p2a: Pheromosa|Close Combat|p1a: Drampa\n|-supereffective|p1a: Drampa\n|-damage|p1a: Drampa|4\/274\n|-unboost|p2a: Pheromosa|def|1\n|-unboost|p2a: Pheromosa|spd|1\n|-ability|p1a: Drampa|Berserk|boost\n|-boost|p1a: Drampa|spa|1\n|move|p1a: Drampa|Hyper Voice|p2a: Pheromosa\n|-enditem|p2a: Pheromosa|Focus Sash\n|-damage|p2a: Pheromosa|1\/233\n|\n|-heal|p1a: Drampa|21\/274|[from] item: Leftovers\n|upkeep\n|turn|14\n|\n|t:|1661206585\n|move|p2a: Pheromosa|Ice Beam|p1a: Drampa\n|-supereffective|p1a: Drampa\n|-damage|p1a: Drampa|0 fnt\n|faint|p1a: Drampa\n|-ability|p2a: Pheromosa|Beast Boost|boost\n|-boost|p2a: Pheromosa|spe|1\n|\n|upkeep\n|\n|t:|1661206591\n|switch|p1a: Nidoqueen|Nidoqueen, L84, F|288\/288\n|turn|15\n|\n|t:|1661206600\n|switch|p2a: Mantine|Mantine, L86, M|286\/286\n|move|p1a: Nidoqueen|Ice Beam|p2a: Mantine\n|-damage|p2a: Mantine|226\/286\n|\n|upkeep\n|turn|16\n|\n|t:|1661206613\n|move|p1a: Nidoqueen|Toxic Spikes|p2a: Mantine\n|-sidestart|p2: A3720|move: Toxic Spikes\n|move|p2a: Mantine|Scald|p1a: Nidoqueen\n|-supereffective|p1a: Nidoqueen\n|-damage|p1a: Nidoqueen|136\/288\n|\n|upkeep\n|turn|17\n|inactive|A3720 has 120 seconds left.\n|\n|t:|1661206645\n|move|p1a: Nidoqueen|Sludge Wave|p2a: Mantine\n|-damage|p2a: Mantine|129\/286\n|move|p2a: Mantine|Defog|p1a: Nidoqueen\n|-unboost|p1a: Nidoqueen|evasion|1\n|-sideend|p2: A3720|Toxic Spikes|[from] move: Defog|[of] p2a: Mantine\n|\n|upkeep\n|turn|18\n|\n|t:|1661206655\n|move|p1a: Nidoqueen|Sludge Wave|p2a: Mantine\n|-damage|p2a: Mantine|38\/286\n|move|p2a: Mantine|Roost|p2a: Mantine\n|-heal|p2a: Mantine|181\/286\n|-singleturn|p2a: Mantine|move: Roost\n|\n|upkeep\n|turn|19\n|\n|t:|1661206660\n|move|p1a: Nidoqueen|Toxic Spikes|p2a: Mantine\n|-sidestart|p2: A3720|move: Toxic Spikes\n|move|p2a: Mantine|Roost|p2a: Mantine\n|-heal|p2a: Mantine|286\/286\n|-singleturn|p2a: Mantine|move: Roost\n|\n|upkeep\n|turn|20\n|\n|t:|1661206664\n|move|p1a: Nidoqueen|Sludge Wave|p2a: Mantine\n|-damage|p2a: Mantine|196\/286\n|move|p2a: Mantine|Defog|p1a: Nidoqueen\n|-unboost|p1a: Nidoqueen|evasion|1\n|-sideend|p2: A3720|Toxic Spikes|[from] move: Defog|[of] p2a: Mantine\n|\n|upkeep\n|turn|21\n|\n|t:|1661206671\n|move|p1a: Nidoqueen|Sludge Wave|p2a: Mantine\n|-damage|p2a: Mantine|109\/286\n|move|p2a: Mantine|Scald|p1a: Nidoqueen\n|-supereffective|p1a: Nidoqueen\n|-damage|p1a: Nidoqueen|0 fnt\n|faint|p1a: Nidoqueen\n|\n|upkeep\n|\n|t:|1661206674\n|switch|p1a: Swoobat|Swoobat, L86, F|255\/255\n|turn|22\n|\n|t:|1661206687\n|switch|p2a: Nihilego|Nihilego, L79|302\/302\n|move|p1a: Swoobat|Calm Mind|p1a: Swoobat\n|-boost|p1a: Swoobat|spa|2\n|-boost|p1a: Swoobat|spd|2\n|\n|upkeep\n|turn|23\n|\n|t:|1661206693\n|move|p2a: Nihilego|Power Gem|p1a: Swoobat\n|-supereffective|p1a: Swoobat\n|-damage|p1a: Swoobat|127\/255\n|move|p1a: Swoobat|Calm Mind|p1a: Swoobat\n|-boost|p1a: Swoobat|spa|2\n|-boost|p1a: Swoobat|spd|2\n|\n|upkeep\n|turn|24\n|\n|t:|1661206698\n|move|p2a: Nihilego|Power Gem|p1a: Swoobat\n|-supereffective|p1a: Swoobat\n|-damage|p1a: Swoobat|43\/255\n|move|p1a: Swoobat|Stored Power|p2a: Nihilego\n|-supereffective|p2a: Nihilego\n|-damage|p2a: Nihilego|0 fnt\n|faint|p2a: Nihilego\n|\n|upkeep\n|\n|t:|1661206704\n|switch|p2a: Pheromosa|Pheromosa, L76|1\/233\n|turn|25\n|\n|t:|1661206713\n|switch|p1a: Ferrothorn|Ferrothorn, L78, F|244\/244\n|move|p2a: Pheromosa|U-turn|p1a: Ferrothorn\n|-damage|p1a: Ferrothorn|180\/244\n|-damage|p2a: Pheromosa|0 fnt|[from] ability: Iron Barbs|[of] p1a: Ferrothorn\n|faint|p2a: Pheromosa\n|\n|-heal|p1a: Ferrothorn|195\/244|[from] item: Leftovers\n|upkeep\n|\n|t:|1661206721\n|switch|p2a: Mantine|Mantine, L86, M|109\/286\n|turn|26\n|\n|t:|1661206724\n|move|p2a: Mantine|Scald|p1a: Ferrothorn\n|-resisted|p1a: Ferrothorn\n|-damage|p1a: Ferrothorn|160\/244\n|move|p1a: Ferrothorn|Power Whip|p2a: Mantine\n|-damage|p2a: Mantine|0 fnt\n|faint|p2a: Mantine\n|\n|-heal|p1a: Ferrothorn|175\/244|[from] item: Leftovers\n|upkeep\n|\n|t:|1661206728\n|switch|p2a: Rotom|Rotom, L84|34\/221\n|turn|27\n|\n|t:|1661206733\n|move|p2a: Rotom|Will-O-Wisp|p1a: Ferrothorn\n|-status|p1a: Ferrothorn|brn\n|move|p1a: Ferrothorn|Gyro Ball|p2a: Rotom\n|-resisted|p2a: Rotom\n|-damage|p2a: Rotom|0 fnt\n|faint|p2a: Rotom\n|\n|win|Karp A Darp\n|l|\u2606A3720\n","inputlog":">version 73883db4a613adaed2a9388dee826c74ecc75249\n>start {\"formatid\":\"gen8unratedrandombattle\",\"seed\":[43484,38936,36919,27401]}\n>player p1 {\"name\":\"Karp A Darp\",\"avatar\":\"olivia\",\"rating\":0,\"seed\":[12538,60799,36144,3924]}\n>player p2 {\"name\":\"A3720\",\"avatar\":\"170\",\"rating\":0,\"seed\":[60501,10654,57626,596]}\n>p1 move dracometeor\n>p2 move icebeam\n>p1 move dracometeor\n>p2 move uturn\n>p2 switch 6\n>p1 move leechseed\n>p2 move ironhead\n>p1 switch 6\n>p2 move ironhead\n>p1 move gyroball\n>p2 move rest\n>p1 move powerwhip\n>p2 switch 5\n>p1 switch 3\n>p2 move fireblast\n>p1 move diamondstorm\n>p2 move earthquake\n>p2 switch 2\n>p1 move moonblast\n>p2 move shadowball\n>p1 move diamondstorm\n>p2 move thunderbolt\n>p1 switch 5\n>p2 move shadowball\n>p1 move fireblast\n>p2 switch 5\n>p2 switch 6\n>p1 move hypervoice\n>p2 move closecombat\n>p1 move hypervoice\n>p2 move icebeam\n>p1 switch 2\n>p1 move icebeam\n>p2 switch 4\n>p1 move toxicspikes\n>p2 move scald\n>p1 move sludgewave\n>p2 move defog\n>p1 move sludgewave\n>p2 move roost\n>p1 move toxicspikes\n>p2 move roost\n>p1 move sludgewave\n>p2 move defog\n>p1 move sludgewave\n>p2 move scald\n>p1 switch 4\n>p1 move calmmind\n>p2 switch 3\n>p1 move calmmind\n>p2 move powergem\n>p1 move storedpower\n>p2 move powergem\n>p2 switch 4\n>p1 switch 3\n>p2 move uturn\n>p2 switch 3\n>p1 move powerwhip\n>p2 move scald\n>p2 switch 5\n>p1 move gyroball\n>p2 move willowisp","uploadtime":1661206737,"views":4,"p1id":"karpadarp","p2id":"a3720","formatid":"gen8unratedrandombattle","rating":0,"private":0,"password":null}