{"id":"gen8ubers-1142457042","p1":"Blue chen","p2":"quicknessnecrozma","format":"gen8ubers","log":"|j|\u2606Blue chen\n|j|\u2606quicknessnecrozma\n|player|p1|Blue chen|karen|1714\n|player|p2|quicknessnecrozma|101|1528\n|teamsize|p1|6\n|teamsize|p2|6\n|gametype|singles\n|gen|8\n|tier|[Gen 8] Ubers\n|rated|\n|clearpoke\n|poke|p1|Pelipper, M|\n|poke|p1|Drednaw, M|\n|poke|p1|Eternatus|\n|poke|p1|Urshifu-*, M|\n|poke|p1|Necrozma-Dusk-Mane|\n|poke|p1|Zacian-Crowned|\n|poke|p2|Urshifu-*, M|\n|poke|p2|Eternatus|\n|poke|p2|Zacian-Crowned|\n|poke|p2|Dragapult, F|\n|poke|p2|Mewtwo|\n|poke|p2|Dracovish|\n|rule|Sleep Clause Mod: Limit one foe put to sleep\n|rule|Species Clause: Limit one of each Pok\u00e9mon\n|rule|OHKO Clause: OHKO moves are banned\n|rule|Evasion Moves Clause: Evasion moves are banned\n|rule|Endless Battle Clause: Forcing endless battles is banned\n|rule|HP Percentage Mod: HP is shown in percentages\n|html|Ubers Dynamax Clause: Pok\u00e9mon on the <a href=\"https:\/\/www.smogon.com\/dex\/ss\/formats\/uber\/\">Ubers Dynamax Banlist<\/a> cannot Dynamax.\n|teampreview\n|\n|start\n|switch|p1a: Pelipper|Pelipper, M|100\/100\n|switch|p2a: Mewtwo|Mewtwo|100\/100\n|-ability|p2a: Mewtwo|Pressure\n|-weather|RainDance|[from] ability: Drizzle|[of] p1a: Pelipper\n|turn|1\n|\n|move|p2a: Mewtwo|Thunder|p1a: Pelipper\n|-supereffective|p1a: Pelipper\n|-damage|p1a: Pelipper|0 fnt\n|faint|p1a: Pelipper\n|\n|-weather|RainDance|[upkeep]\n|upkeep\n|\n|switch|p1a: Drednaw|Drednaw, M|100\/100\n|turn|2\n|\n|-start|p1a: Drednaw|Dynamax\n|-formechange|p1a: Drednaw|Drednaw-Gmax\n|-heal|p1a: Drednaw|100\/100|[silent]\n|move|p1a: Drednaw|G-Max Stonesurge|p2a: Mewtwo\n|-damage|p2a: Mewtwo|0 fnt\n|-sidestart|p2: quicknessnecrozma|move: Stealth Rock\n|-damage|p1a: Drednaw|96\/100|[from] item: Life Orb\n|faint|p2a: Mewtwo\n|\n|-weather|RainDance|[upkeep]\n|upkeep\n|\n|switch|p2a: Urshifu|Urshifu-Rapid-Strike, M|100\/100\n|-damage|p2a: Urshifu|94\/100|[from] Stealth Rock\n|turn|3\n|\n|-start|p2a: Urshifu|Dynamax\n|-formechange|p2a: Urshifu|Urshifu-Rapid-Strike-Gmax\n|-heal|p2a: Urshifu|94\/100|[silent]\n|move|p1a: Drednaw|Max Wyrmwind|p2a: Urshifu\n|-damage|p2a: Urshifu|72\/100\n|-unboost|p2a: Urshifu|atk|1\n|-damage|p1a: Drednaw|91\/100|[from] item: Life Orb\n|move|p2a: Urshifu|Max Knuckle|p1a: Drednaw\n|-supereffective|p1a: Drednaw\n|-damage|p1a: Drednaw|51\/100\n|-boost|p2a: Urshifu|atk|1\n|\n|-weather|RainDance|[upkeep]\n|upkeep\n|turn|4\n|\n|move|p1a: Drednaw|Max Wyrmwind|p2a: Urshifu\n|-damage|p2a: Urshifu|48\/100\n|-unboost|p2a: Urshifu|atk|1\n|-damage|p1a: Drednaw|46\/100|[from] item: Life Orb\n|move|p2a: Urshifu|G-Max Rapid Flow|p1a: Drednaw\n|-damage|p1a: Drednaw|7\/100\n|\n|-weather|RainDance|[upkeep]\n|-end|p1a: Drednaw|Dynamax\n|-formechange|p1a: Drednaw|Drednaw\n|-heal|p1a: Drednaw|7\/100|[silent]\n|upkeep\n|turn|5\n|\n|move|p1a: Drednaw|Superpower|p2a: Urshifu\n|-damage|p2a: Urshifu|25\/100\n|-unboost|p1a: Drednaw|atk|1\n|-unboost|p1a: Drednaw|def|1\n|-damage|p1a: Drednaw|0 fnt|[from] item: Life Orb\n|faint|p1a: Drednaw\n|move|p2a: Urshifu|Max Knuckle|p1: Drednaw|[notarget]\n|-fail|p2a: Urshifu\n|\n|-weather|RainDance|[upkeep]\n|-end|p2a: Urshifu|Dynamax\n|-formechange|p2a: Urshifu|Urshifu-Rapid-Strike\n|-heal|p2a: Urshifu|25\/100|[silent]\n|upkeep\n|\n|switch|p1a: Eternatus|Eternatus|100\/100\n|-ability|p1a: Eternatus|Pressure\n|turn|6\n|\n|move|p1a: Eternatus|Substitute|p1a: Eternatus\n|-start|p1a: Eternatus|Substitute\n|-damage|p1a: Eternatus|76\/100\n|move|p2a: Urshifu|Iron Head|p1a: Eternatus\n|-activate|p1a: Eternatus|move: Substitute|[damage]\n|\n|-weather|RainDance|[upkeep]\n|-heal|p1a: Eternatus|82\/100|[from] item: Black Sludge\n|upkeep\n|turn|7\n|\n|move|p1a: Eternatus|Toxic Spikes|p2a: Urshifu\n|-sidestart|p2: quicknessnecrozma|move: Toxic Spikes\n|move|p2a: Urshifu|Surging Strikes|p1a: Eternatus\n|-resisted|p1a: Eternatus\n|-crit|p1a: Eternatus\n|-end|p1a: Eternatus|Substitute\n|-resisted|p1a: Eternatus\n|-crit|p1a: Eternatus\n|-damage|p1a: Eternatus|69\/100\n|-resisted|p1a: Eternatus\n|-crit|p1a: Eternatus\n|-damage|p1a: Eternatus|57\/100\n|-hitcount|p1a: Eternatus|3\n|\n|-weather|RainDance|[upkeep]\n|-heal|p1a: Eternatus|64\/100|[from] item: Black Sludge\n|upkeep\n|turn|8\n|\n|move|p1a: Eternatus|Dynamax Cannon|p2a: Urshifu\n|-damage|p2a: Urshifu|0 fnt\n|faint|p2a: Urshifu\n|\n|-weather|none\n|-heal|p1a: Eternatus|70\/100|[from] item: Black Sludge\n|upkeep\n|\n|switch|p2a: Eternatus|Eternatus|100\/100\n|-damage|p2a: Eternatus|88\/100|[from] Stealth Rock\n|-sideend|p2: quicknessnecrozma|move: Toxic Spikes|[of] p2a: Eternatus\n|-ability|p2a: Eternatus|Pressure\n|turn|9\n|\n|switch|p1a: Necrozma|Necrozma-Dusk-Mane|100\/100\n|move|p2a: Eternatus|Dynamax Cannon|p1a: Necrozma\n|-resisted|p1a: Necrozma\n|-damage|p1a: Necrozma|78\/100\n|\n|-heal|p1a: Necrozma|84\/100|[from] item: Leftovers\n|upkeep\n|turn|10\n|\n|move|p2a: Eternatus|Flamethrower|p1a: Necrozma\n|-supereffective|p1a: Necrozma\n|-damage|p1a: Necrozma|46\/100\n|move|p1a: Necrozma|Thunder Wave|p2a: Eternatus|[miss]\n|-miss|p1a: Necrozma|p2a: Eternatus\n|\n|-heal|p1a: Necrozma|52\/100|[from] item: Leftovers\n|upkeep\n|turn|11\n|\n|switch|p2a: Zacian|Zacian-Crowned|100\/100\n|-damage|p2a: Zacian|94\/100|[from] Stealth Rock\n|-ability|p2a: Zacian|Intrepid Sword|boost\n|-boost|p2a: Zacian|atk|1\n|move|p1a: Necrozma|Moonlight|p1a: Necrozma\n|-heal|p1a: Necrozma|100\/100\n|\n|upkeep\n|turn|12\n|\n|move|p2a: Zacian|Close Combat|p1a: Necrozma\n|-damage|p1a: Necrozma|59\/100\n|-unboost|p2a: Zacian|def|1\n|-unboost|p2a: Zacian|spd|1\n|move|p1a: Necrozma|Thunder Wave|p2a: Zacian\n|-status|p2a: Zacian|par\n|\n|-heal|p1a: Necrozma|65\/100|[from] item: Leftovers\n|upkeep\n|turn|13\n|j| RayTheHoennSaviour\n|\n|switch|p2a: Dracovish|Dracovish|100\/100\n|-damage|p2a: Dracovish|88\/100|[from] Stealth Rock\n|move|p1a: Necrozma|Moonlight|p1a: Necrozma\n|-heal|p1a: Necrozma|100\/100\n|\n|upkeep\n|turn|14\n|\n|move|p2a: Dracovish|Fishious Rend|p1a: Necrozma\n|-damage|p1a: Necrozma|45\/100\n|move|p1a: Necrozma|Thunder Wave|p2a: Dracovish\n|-status|p2a: Dracovish|par\n|\n|-heal|p1a: Necrozma|52\/100|[from] item: Leftovers\n|upkeep\n|turn|15\n|\n|move|p2a: Dracovish|Fishious Rend|p1a: Necrozma\n|-damage|p1a: Necrozma|0 fnt\n|faint|p1a: Necrozma\n|\n|upkeep\n|\n|switch|p1a: Eternatus|Eternatus|70\/100\n|-ability|p1a: Eternatus|Pressure\n|turn|16\n|\n|move|p1a: Eternatus|Substitute|p1a: Eternatus\n|-start|p1a: Eternatus|Substitute\n|-damage|p1a: Eternatus|45\/100\n|move|p2a: Dracovish|Fishious Rend|p1a: Eternatus\n|-resisted|p1a: Eternatus\n|-crit|p1a: Eternatus\n|-end|p1a: Eternatus|Substitute\n|\n|-heal|p1a: Eternatus|51\/100|[from] item: Black Sludge\n|upkeep\n|turn|17\n|\n|move|p1a: Eternatus|Substitute|p1a: Eternatus\n|-start|p1a: Eternatus|Substitute\n|-damage|p1a: Eternatus|26\/100\n|move|p2a: Dracovish|Fishious Rend|p1a: Eternatus\n|-resisted|p1a: Eternatus\n|-activate|p1a: Eternatus|move: Substitute|[damage]\n|\n|-heal|p1a: Eternatus|32\/100|[from] item: Black Sludge\n|upkeep\n|turn|18\n|\n|move|p1a: Eternatus|Toxic Spikes|p2a: Dracovish\n|-sidestart|p2: quicknessnecrozma|move: Toxic Spikes\n|cant|p2a: Dracovish|par\n|\n|-heal|p1a: Eternatus|38\/100|[from] item: Black Sludge\n|upkeep\n|turn|19\n|\n|move|p1a: Eternatus|Dynamax Cannon|p2a: Dracovish\n|-supereffective|p2a: Dracovish\n|-damage|p2a: Dracovish|0 fnt\n|faint|p2a: Dracovish\n|\n|-heal|p1a: Eternatus|45\/100|[from] item: Black Sludge\n|upkeep\n|\n|switch|p2a: Zacian|Zacian-Crowned|94\/100 par\n|-damage|p2a: Zacian|88\/100 par|[from] Stealth Rock\n|-ability|p2a: Zacian|Intrepid Sword|boost\n|-boost|p2a: Zacian|atk|1\n|turn|20\n|\n|move|p1a: Eternatus|Flamethrower|p2a: Zacian\n|-supereffective|p2a: Zacian\n|-damage|p2a: Zacian|29\/100 par\n|move|p2a: Zacian|Behemoth Blade|p1a: Eternatus\n|-end|p1a: Eternatus|Substitute\n|\n|-heal|p1a: Eternatus|51\/100|[from] item: Black Sludge\n|upkeep\n|turn|21\n|\n|move|p1a: Eternatus|Substitute|p1a: Eternatus\n|-start|p1a: Eternatus|Substitute\n|-damage|p1a: Eternatus|26\/100\n|cant|p2a: Zacian|par\n|\n|-heal|p1a: Eternatus|32\/100|[from] item: Black Sludge\n|upkeep\n|turn|22\n|\n|move|p1a: Eternatus|Flamethrower|p2a: Zacian\n|-supereffective|p2a: Zacian\n|-damage|p2a: Zacian|0 fnt\n|faint|p2a: Zacian\n|\n|-heal|p1a: Eternatus|38\/100|[from] item: Black Sludge\n|upkeep\n|\n|switch|p2a: Eternatus|Eternatus|88\/100\n|-sideend|p2: quicknessnecrozma|move: Toxic Spikes|[of] p2a: Eternatus\n|-damage|p2a: Eternatus|76\/100|[from] Stealth Rock\n|-ability|p2a: Eternatus|Pressure\n|turn|23\n|\n|move|p1a: Eternatus|Dynamax Cannon|p2a: Eternatus\n|-supereffective|p2a: Eternatus\n|-damage|p2a: Eternatus|0 fnt\n|faint|p2a: Eternatus\n|\n|-heal|p1a: Eternatus|44\/100|[from] item: Black Sludge\n|upkeep\n|\n|switch|p2a: Dragapult|Dragapult, F|100\/100\n|-damage|p2a: Dragapult|88\/100|[from] Stealth Rock\n|turn|24\n|\n|move|p1a: Eternatus|Dynamax Cannon|p2a: Dragapult\n|-supereffective|p2a: Dragapult\n|-damage|p2a: Dragapult|0 fnt\n|-start|p1a: Eternatus|Disable|Dynamax Cannon|[from] ability: Cursed Body|[of] p2a: Dragapult\n|faint|p2a: Dragapult\n|\n|win|Blue chen\n|l|\u2606quicknessnecrozma\n|raw|Blue chen's rating: 1714 &rarr; <strong>1724<\/strong><br \/>(+10 for winning)\n|raw|quicknessnecrozma's rating: 1529 &rarr; <strong>1519<\/strong><br \/>(-10 for losing)\n","uploadtime":1593511070,"views":24,"p1id":"bluechen","p2id":"quicknessnecrozma","formatid":"gen8ubers","rating":1519,"private":0,"password":null}