{"id":"gen8ou-1692221431","p1":"A2MJC","p2":"Kwaga","format":"gen8ou","log":"|html|<div class=\"broadcast-blue\"><strong>[Gen 8] OU is currently suspecting Melmetal! For information on how to participate check out the <a href=\"https:\/\/www.smogon.com\/forums\/threads\/np-ss-ou-suspect-process-round-12-monster-mash.3709234\/\">suspect thread<\/a>.<\/strong><\/div>\n|j|\u2606A2MJC\n|j|\u2606Kwaga\n|t:|1666463276\n|gametype|singles\n|player|p1|A2MJC|lance|1594\n|player|p2|Kwaga|brock-gen1rb|1640\n|teamsize|p1|6\n|teamsize|p2|6\n|gen|8\n|tier|[Gen 8] OU\n|rated|\n|rule|Sleep Clause Mod: Limit one foe put to sleep\n|rule|Species Clause: Limit one of each Pok\u00e9mon\n|rule|OHKO Clause: OHKO moves are banned\n|rule|Evasion Items Clause: Evasion items are banned\n|rule|Evasion Moves Clause: Evasion moves are banned\n|rule|Endless Battle Clause: Forcing endless battles is banned\n|rule|HP Percentage Mod: HP is shown in percentages\n|rule|Dynamax Clause: You cannot dynamax\n|clearpoke\n|poke|p1|Regieleki|\n|poke|p1|Kommo-o, M|\n|poke|p1|Melmetal|\n|poke|p1|Moltres-Galar|\n|poke|p1|Kartana|\n|poke|p1|Volcarona, F|\n|poke|p2|Tapu Lele|\n|poke|p2|Alakazam, M|\n|poke|p2|Moltres-Galar|\n|poke|p2|Toxapex, M|\n|poke|p2|Ferrothorn, M|\n|poke|p2|Landorus-Therian, M|\n|teampreview\n|\n|t:|1666463293\n|start\n|switch|p1a: Melmetal|Melmetal|100\/100\n|switch|p2a: Landorus|Landorus-Therian, M|100\/100\n|-ability|p2a: Landorus|Intimidate|boost\n|-unboost|p1a: Melmetal|atk|1\n|turn|1\n|\n|t:|1666463300\n|move|p2a: Landorus|U-turn|p1a: Melmetal\n|-resisted|p1a: Melmetal\n|-damage|p1a: Melmetal|95\/100\n|\n|t:|1666463306\n|switch|p2a: Toxapex|Toxapex, M|100\/100|[from]move: U-turn\n|move|p1a: Melmetal|Ice Punch|p2a: Toxapex\n|-resisted|p2a: Toxapex\n|-damage|p2a: Toxapex|94\/100\n|-enditem|p2a: Toxapex|Eject Button\n|\n|t:|1666463308\n|switch|p2a: Landorus|Landorus-Therian, M|100\/100\n|-ability|p2a: Landorus|Intimidate|boost\n|-unboost|p1a: Melmetal|atk|1\n|\n|upkeep\n|turn|2\n|\n|t:|1666463319\n|move|p2a: Landorus|U-turn|p1a: Melmetal\n|-resisted|p1a: Melmetal\n|-damage|p1a: Melmetal|90\/100\n|\n|t:|1666463320\n|switch|p2a: Ferrothorn|Ferrothorn, M|100\/100|[from]move: U-turn\n|move|p1a: Melmetal|Ice Punch|p2a: Ferrothorn\n|-damage|p2a: Ferrothorn|87\/100\n|-damage|p1a: Melmetal|77\/100|[from] ability: Iron Barbs|[of] p2a: Ferrothorn\n|\n|-heal|p2a: Ferrothorn|93\/100|[from] item: Leftovers\n|upkeep\n|turn|3\n|\n|t:|1666463325\n|switch|p1a: Regieleki|Regieleki|100\/100\n|move|p2a: Ferrothorn|Stealth Rock|p1a: Regieleki\n|-sidestart|p1: A2MJC|move: Stealth Rock\n|\n|-heal|p2a: Ferrothorn|99\/100|[from] item: Leftovers\n|upkeep\n|turn|4\n|\n|t:|1666463329\n|move|p1a: Regieleki|Reflect|p1a: Regieleki\n|-sidestart|p1: A2MJC|Reflect\n|move|p2a: Ferrothorn|Knock Off|p1a: Regieleki\n|-damage|p1a: Regieleki|83\/100\n|-enditem|p1a: Regieleki|Light Clay|[from] move: Knock Off|[of] p2a: Ferrothorn\n|\n|-heal|p2a: Ferrothorn|100\/100|[from] item: Leftovers\n|upkeep\n|turn|5\n|\n|t:|1666463336\n|switch|p2a: Landorus|Landorus-Therian, M|100\/100\n|-ability|p2a: Landorus|Intimidate|boost\n|-unboost|p1a: Regieleki|atk|1\n|move|p1a: Regieleki|Light Screen|p1a: Regieleki\n|-sidestart|p1: A2MJC|move: Light Screen\n|\n|upkeep\n|turn|6\n|\n|t:|1666463338\n|switch|p2a: Ferrothorn|Ferrothorn, M|100\/100\n|move|p1a: Regieleki|Rapid Spin|p2a: Ferrothorn\n|-resisted|p2a: Ferrothorn\n|-damage|p2a: Ferrothorn|98\/100\n|-boost|p1a: Regieleki|spe|1\n|-damage|p1a: Regieleki|70\/100|[from] ability: Iron Barbs|[of] p2a: Ferrothorn\n|-sideend|p1: A2MJC|Stealth Rock|[from] move: Rapid Spin|[of] p1a: Regieleki\n|\n|-heal|p2a: Ferrothorn|100\/100|[from] item: Leftovers\n|upkeep\n|turn|7\n|\n|t:|1666463342\n|switch|p1a: Moltres|Moltres-Galar|100\/100\n|move|p2a: Ferrothorn|Stealth Rock|p1a: Moltres\n|-sidestart|p1: A2MJC|move: Stealth Rock\n|\n|upkeep\n|turn|8\n|j| gen8agtrol1\n|\n|t:|1666463349\n|move|p1a: Moltres|Nasty Plot|p1a: Moltres\n|-boost|p1a: Moltres|spa|2\n|move|p2a: Ferrothorn|Leech Seed|p1a: Moltres\n|-start|p1a: Moltres|move: Leech Seed\n|\n|-damage|p1a: Moltres|88\/100|[from] Leech Seed|[of] p2a: Ferrothorn\n|upkeep\n|turn|9\n|\n|t:|1666463358\n|switch|p2a: Toxapex|Toxapex, M|100\/100\n|move|p1a: Moltres|Nasty Plot|p1a: Moltres\n|-boost|p1a: Moltres|spa|2\n|\n|-damage|p1a: Moltres|76\/100|[from] Leech Seed|[of] p2a: Toxapex\n|-sideend|p1: A2MJC|move: Light Screen\n|upkeep\n|turn|10\n|\n|t:|1666463362\n|move|p1a: Moltres|Air Slash|p2a: Toxapex\n|-damage|p2a: Toxapex|15\/100\n|move|p2a: Toxapex|Haze|p2a: Toxapex\n|-clearallboost\n|\n|-damage|p1a: Moltres|63\/100|[from] Leech Seed|[of] p2a: Toxapex\n|-heal|p2a: Toxapex|29\/100|[silent]\n|upkeep\n|turn|11\n|\n|t:|1666463374\n|move|p1a: Moltres|Air Slash|p2a: Toxapex\n|-damage|p2a: Toxapex|0 fnt\n|faint|p2a: Toxapex\n|\n|-sideend|p1: A2MJC|Reflect\n|upkeep\n|j| JoeDirtt\n|\n|t:|1666463398\n|switch|p2a: Moltres|Moltres-Galar|100\/100\n|turn|12\n|\n|t:|1666463404\n|move|p1a: Moltres|Nasty Plot|p1a: Moltres\n|-boost|p1a: Moltres|spa|2\n|move|p2a: Moltres|Agility|p2a: Moltres\n|-boost|p2a: Moltres|spe|2\n|\n|-damage|p1a: Moltres|51\/100|[from] Leech Seed|[of] p2a: Moltres\n|upkeep\n|turn|13\n|\n|t:|1666463408\n|move|p2a: Moltres|Nasty Plot|p2a: Moltres\n|-boost|p2a: Moltres|spa|2\n|move|p1a: Moltres|Agility|p1a: Moltres\n|-boost|p1a: Moltres|spe|2\n|\n|-damage|p1a: Moltres|38\/100|[from] Leech Seed|[of] p2a: Moltres\n|upkeep\n|turn|14\n|\n|t:|1666463413\n|move|p1a: Moltres|Air Slash|p2a: Moltres\n|-damage|p2a: Moltres|45\/100\n|-ability|p2a: Moltres|Berserk|boost\n|-boost|p2a: Moltres|spa|1\n|move|p2a: Moltres|Fiery Wrath|p1a: Moltres\n|-resisted|p1a: Moltres\n|-damage|p1a: Moltres|0 fnt\n|faint|p1a: Moltres\n|\n|upkeep\n|\n|t:|1666463423\n|switch|p1a: Melmetal|Melmetal|77\/100\n|-damage|p1a: Melmetal|71\/100|[from] Stealth Rock\n|turn|15\n|\n|t:|1666463427\n|move|p2a: Moltres|Fiery Wrath|p1a: Melmetal\n|-damage|p1a: Melmetal|0 fnt\n|faint|p1a: Melmetal\n|\n|upkeep\n|\n|t:|1666463442\n|switch|p1a: Volcarona|Volcarona, F|100\/100\n|turn|16\n|j| Gilgamesh wannabe\n|\n|t:|1666463453\n|move|p2a: Moltres|Fiery Wrath|p1a: Volcarona\n|-damage|p1a: Volcarona|0 fnt\n|faint|p1a: Volcarona\n|\n|upkeep\n|l| Gilgamesh wannabe\n|\n|t:|1666463472\n|switch|p1a: Regieleki|Regieleki|70\/100\n|-damage|p1a: Regieleki|58\/100|[from] Stealth Rock\n|turn|17\n|\n|t:|1666463481\n|move|p1a: Regieleki|Volt Switch|p2a: Moltres\n|-supereffective|p2a: Moltres\n|-damage|p2a: Moltres|0 fnt\n|faint|p2a: Moltres\n|\n|t:|1666463492\n|switch|p1a: Kartana|Kartana|100\/100|[from]move: Volt Switch\n|-damage|p1a: Kartana|94\/100|[from] Stealth Rock\n|\n|upkeep\n|\n|t:|1666463509\n|switch|p2a: Alakazam|Alakazam, M|100\/100\n|turn|18\n|\n|t:|1666463513\n|move|p1a: Kartana|Knock Off|p2a: Alakazam\n|-supereffective|p2a: Alakazam\n|-enditem|p2a: Alakazam|Focus Sash\n|-damage|p2a: Alakazam|1\/100\n|move|p2a: Alakazam|Expanding Force|p1a: Kartana\n|-resisted|p1a: Kartana\n|-damage|p1a: Kartana|26\/100\n|\n|upkeep\n|turn|19\n|\n|t:|1666463519\n|switch|p2a: Ferrothorn|Ferrothorn, M|100\/100\n|move|p1a: Kartana|Knock Off|p2a: Ferrothorn\n|-crit|p2a: Ferrothorn\n|-damage|p2a: Ferrothorn|50\/100\n|-damage|p1a: Kartana|14\/100|[from] ability: Iron Barbs|[of] p2a: Ferrothorn\n|-enditem|p2a: Ferrothorn|Leftovers|[from] move: Knock Off|[of] p1a: Kartana\n|\n|upkeep\n|turn|20\n|\n|t:|1666463538\n|switch|p1a: Regieleki|Regieleki|58\/100\n|-damage|p1a: Regieleki|46\/100|[from] Stealth Rock\n|switch|p2a: Landorus|Landorus-Therian, M|100\/100\n|-ability|p2a: Landorus|Intimidate|boost\n|-unboost|p1a: Regieleki|atk|1\n|\n|upkeep\n|turn|21\n|\n|t:|1666463542\n|move|p1a: Regieleki|Reflect|p1a: Regieleki\n|-sidestart|p1: A2MJC|Reflect\n|move|p2a: Landorus|Earthquake|p1a: Regieleki\n|-supereffective|p1a: Regieleki\n|-damage|p1a: Regieleki|0 fnt\n|faint|p1a: Regieleki\n|\n|upkeep\n|\n|t:|1666463553\n|switch|p1a: Kommo-o|Kommo-o, M|100\/100\n|-damage|p1a: Kommo-o|94\/100|[from] Stealth Rock\n|turn|22\n|\n|t:|1666463559\n|move|p1a: Kommo-o|Belly Drum|p1a: Kommo-o\n|-damage|p1a: Kommo-o|44\/100\n|-setboost|p1a: Kommo-o|atk|6|[from] move: Belly Drum\n|-enditem|p1a: Kommo-o|Sitrus Berry|[eat]\n|-heal|p1a: Kommo-o|69\/100|[from] item: Sitrus Berry\n|move|p2a: Landorus|U-turn|p1a: Kommo-o\n|-resisted|p1a: Kommo-o\n|-damage|p1a: Kommo-o|64\/100\n|\n|t:|1666463562\n|switch|p2a: Alakazam|Alakazam, M|1\/100|[from]move: U-turn\n|\n|upkeep\n|turn|23\n|j| Ran Kob\n|\n|t:|1666463568\n|move|p2a: Alakazam|Expanding Force|p1a: Kommo-o\n|-supereffective|p1a: Kommo-o\n|-damage|p1a: Kommo-o|0 fnt\n|faint|p1a: Kommo-o\n|\n|upkeep\n|\n|t:|1666463574\n|switch|p1a: Kartana|Kartana|14\/100\n|-damage|p1a: Kartana|8\/100|[from] Stealth Rock\n|turn|24\n|\n|t:|1666463580\n|switch|p2a: Ferrothorn|Ferrothorn, M|50\/100\n|move|p1a: Kartana|Sacred Sword|p2a: Ferrothorn\n|-supereffective|p2a: Ferrothorn\n|-damage|p2a: Ferrothorn|0 fnt\n|-damage|p1a: Kartana|0 fnt|[from] ability: Iron Barbs|[of] p2a: Ferrothorn\n|faint|p2a: Ferrothorn\n|faint|p1a: Kartana\n|\n|win|Kwaga\n|raw|A2MJC's rating: 1594 &rarr; <strong>1577<\/strong><br \/>(-17 for losing)\n|raw|Kwaga's rating: 1640 &rarr; <strong>1657<\/strong><br \/>(+17 for winning)\n","uploadtime":1666463585,"views":4,"p1id":"a2mjc","p2id":"kwaga","formatid":"gen8ou","rating":1577,"private":0,"password":null}