{"id":"gen8ou-1706973260","p1":"torrain","p2":"HarmonyHatterene37","format":"gen8ou","log":"|j|\u2606torrain\n|j|\u2606HarmonyHatterene37\n|t:|1668037816\n|gametype|singles\n|player|p1|torrain|clay|1511\n|player|p2|HarmonyHatterene37|265|1521\n|teamsize|p1|6\n|teamsize|p2|6\n|gen|8\n|tier|[Gen 8] OU\n|rated|\n|rule|Sleep Clause Mod: Limit one foe put to sleep\n|rule|Species Clause: Limit one of each Pok\u00e9mon\n|rule|OHKO Clause: OHKO moves are banned\n|rule|Evasion Items Clause: Evasion items are banned\n|rule|Evasion Moves Clause: Evasion moves are banned\n|rule|Endless Battle Clause: Forcing endless battles is banned\n|rule|HP Percentage Mod: HP is shown in percentages\n|rule|Dynamax Clause: You cannot dynamax\n|clearpoke\n|poke|p1|Rillaboom, F|\n|poke|p1|Landorus-Therian, M|\n|poke|p1|Kartana|\n|poke|p1|Hawlucha, M|\n|poke|p1|Heatran, F|\n|poke|p1|Weavile, M|\n|poke|p2|Hatterene, F|\n|poke|p2|Melmetal|\n|poke|p2|Crawdaunt, M|\n|poke|p2|Marowak-Alola, M|\n|poke|p2|Porygon2|\n|poke|p2|Cresselia, F|\n|teampreview\n|inactive|Battle timer is ON: inactive players will automatically lose when time's up. (requested by torrain)\n|j| Thisteamisasscheek\n|\n|t:|1668037829\n|start\n|switch|p1a: Kartana|Kartana, shiny|100\/100\n|switch|p2a: Harmony|Hatterene, F|100\/100\n|turn|1\n|\n|t:|1668037836\n|move|p1a: Kartana|Smart Strike|p2a: Harmony\n|-supereffective|p2a: Harmony\n|-enditem|p2a: Harmony|Focus Sash\n|-damage|p2a: Harmony|1\/100\n|move|p2a: Harmony|Trick Room|p2a: Harmony\n|-fieldstart|move: Trick Room|[of] p2a: Harmony\n|\n|upkeep\n|turn|2\n|\n|t:|1668037845\n|switch|p1a: Heatran|Heatran, F|100\/100\n|move|p2a: Harmony|Mystical Fire|p1a: Heatran\n|-start|p1a: Heatran|ability: Flash Fire\n|\n|upkeep\n|turn|3\n|\n|t:|1668037849\n|move|p1a: Heatran|Protect|p1a: Heatran\n|-singleturn|p1a: Heatran|Protect\n|move|p2a: Harmony|Misty Explosion|p1a: Heatran\n|-activate|p1a: Heatran|move: Protect\n|faint|p2a: Harmony\n|\n|upkeep\n|\n|t:|1668037862\n|switch|p2a: Mr Krabs|Crawdaunt, M|100\/100\n|turn|4\n|\n|t:|1668037873\n|-end|p1a: Heatran|ability: Flash Fire|[silent]\n|switch|p1a: Rillaboom|Rillaboom, F|100\/100\n|-fieldstart|move: Grassy Terrain|[from] ability: Grassy Surge|[of] p1a: Rillaboom\n|move|p2a: Mr Krabs|Knock Off|p1a: Rillaboom\n|-damage|p1a: Rillaboom|0 fnt\n|-enditem|p1a: Rillaboom|Life Orb|[from] move: Knock Off|[of] p2a: Mr Krabs\n|faint|p1a: Rillaboom\n|\n|upkeep\n|\n|t:|1668037885\n|switch|p1a: Heatran|Heatran, F|100\/100\n|turn|5\n|\n|t:|1668037890\n|switch|p2a: Windows XP|Porygon2|100\/100\n|-ability|p2a: Windows XP|Flash Fire|[from] ability: Trace|[of] p1a: Heatran\n|move|p1a: Heatran|Protect||[still]\n|-fail|p1a: Heatran\n|\n|-fieldend|move: Trick Room\n|upkeep\n|turn|6\n|\n|t:|1668037896\n|move|p1a: Heatran|Toxic|p2a: Windows XP\n|-status|p2a: Windows XP|tox\n|move|p2a: Windows XP|Trick Room|p2a: Windows XP\n|-fieldstart|move: Trick Room|[of] p2a: Windows XP\n|\n|-damage|p2a: Windows XP|94\/100 tox|[from] psn\n|upkeep\n|turn|7\n|\n|t:|1668037902\n|move|p1a: Heatran|Protect|p1a: Heatran\n|-singleturn|p1a: Heatran|Protect\n|move|p2a: Windows XP|Teleport|p2a: Windows XP\n|\n|t:|1668037908\n|switch|p2a: Sans|Marowak-Alola, M|100\/100|[from]move: Teleport\n|\n|upkeep\n|turn|8\n|\n|t:|1668037912\n|move|p2a: Sans|Swords Dance|p2a: Sans\n|-boost|p2a: Sans|atk|2\n|move|p1a: Heatran|Earth Power|p2a: Sans\n|-supereffective|p2a: Sans\n|-damage|p2a: Sans|38\/100\n|\n|-heal|p2a: Sans|44\/100|[from] Grassy Terrain\n|-fieldend|move: Grassy Terrain\n|upkeep\n|turn|9\n|\n|t:|1668037917\n|move|p1a: Heatran|Protect|p1a: Heatran\n|-singleturn|p1a: Heatran|Protect\n|move|p2a: Sans|Poltergeist|p1a: Heatran\n|-activate|p1a: Heatran|move: Protect\n|\n|upkeep\n|turn|10\n|\n|t:|1668037931\n|switch|p1a: Landorus|Landorus-Therian, M|100\/100\n|-ability|p1a: Landorus|Intimidate|boost\n|-unboost|p2a: Sans|atk|1\n|move|p2a: Sans|Earthquake|p1a: Landorus\n|-immune|p1a: Landorus\n|\n|-fieldend|move: Trick Room\n|upkeep\n|turn|11\n|\n|t:|1668037941\n|switch|p2a: Cress|Cresselia, F|100\/100\n|move|p1a: Landorus|Earthquake|p2a: Cress\n|-immune|p2a: Cress|[from] ability: Levitate\n|\n|upkeep\n|turn|12\n|\n|t:|1668037947\n|move|p1a: Landorus|U-turn|p2a: Cress\n|-supereffective|p2a: Cress\n|-damage|p2a: Cress|79\/100\n|-damage|p1a: Landorus|84\/100|[from] item: Rocky Helmet|[of] p2a: Cress\n|\n|t:|1668037951\n|switch|p1a: Weavile|Weavile, M|100\/100|[from]move: U-turn\n|move|p2a: Cress|Trick Room|p2a: Cress\n|-fieldstart|move: Trick Room|[of] p2a: Cress\n|\n|upkeep\n|turn|13\n|\n|t:|1668037956\n|move|p2a: Cress|Toxic|p1a: Weavile\n|-status|p1a: Weavile|tox\n|move|p1a: Weavile|Knock Off|p2a: Cress\n|-supereffective|p2a: Cress\n|-damage|p2a: Cress|34\/100\n|-damage|p1a: Weavile|84\/100 tox|[from] item: Rocky Helmet|[of] p2a: Cress\n|-enditem|p2a: Cress|Rocky Helmet|[from] move: Knock Off|[of] p1a: Weavile\n|\n|-damage|p1a: Weavile|78\/100 tox|[from] psn\n|upkeep\n|turn|14\n|\n|t:|1668037964\n|move|p2a: Cress|Moonlight|p2a: Cress\n|-heal|p2a: Cress|84\/100\n|move|p1a: Weavile|Knock Off|p2a: Cress\n|-supereffective|p2a: Cress\n|-damage|p2a: Cress|55\/100\n|\n|-damage|p1a: Weavile|66\/100 tox|[from] psn\n|upkeep\n|turn|15\n|\n|t:|1668037976\n|switch|p1a: Landorus|Landorus-Therian, M|84\/100\n|-ability|p1a: Landorus|Intimidate|boost\n|-unboost|p2a: Cress|atk|1\n|move|p2a: Cress|Moonblast|p1a: Landorus\n|-damage|p1a: Landorus|64\/100\n|-unboost|p1a: Landorus|spa|1\n|\n|upkeep\n|turn|16\n|\n|t:|1668037985\n|move|p2a: Cress|Moonlight|p2a: Cress\n|-heal|p2a: Cress|100\/100\n|move|p1a: Landorus|U-turn|p2a: Cress\n|-supereffective|p2a: Cress\n|-damage|p2a: Cress|80\/100\n|\n|t:|1668037991\n|switch|p1a: Heatran|Heatran, F|100\/100|[from]move: U-turn\n|\n|-fieldend|move: Trick Room\n|upkeep\n|turn|17\n|\n|t:|1668037994\n|move|p1a: Heatran|Magma Storm|p2a: Cress\n|-damage|p2a: Cress|55\/100\n|-activate|p2a: Cress|move: Magma Storm|[of] p1a: Heatran\n|move|p2a: Cress|Trick Room|p2a: Cress\n|-fieldstart|move: Trick Room|[of] p2a: Cress\n|\n|-damage|p2a: Cress|43\/100|[from] move: Magma Storm|[partiallytrapped]\n|upkeep\n|turn|18\n|\n|t:|1668037999\n|move|p2a: Cress|Moonlight|p2a: Cress\n|-heal|p2a: Cress|93\/100\n|move|p1a: Heatran|Toxic|p2a: Cress\n|-status|p2a: Cress|tox\n|\n|-damage|p2a: Cress|87\/100 tox|[from] psn\n|-damage|p2a: Cress|74\/100 tox|[from] move: Magma Storm|[partiallytrapped]\n|upkeep\n|turn|19\n|\n|t:|1668038007\n|move|p1a: Heatran|Protect|p1a: Heatran\n|-singleturn|p1a: Heatran|Protect\n|move|p2a: Cress|Moonblast|p1a: Heatran\n|-activate|p1a: Heatran|move: Protect\n|\n|-damage|p2a: Cress|62\/100 tox|[from] psn\n|-damage|p2a: Cress|50\/100 tox|[from] move: Magma Storm|[partiallytrapped]\n|upkeep\n|turn|20\n|\n|t:|1668038016\n|move|p2a: Cress|Moonlight|p2a: Cress\n|-heal|p2a: Cress|99\/100 tox\n|move|p1a: Heatran|Magma Storm|p2a: Cress|[miss]\n|-miss|p1a: Heatran|p2a: Cress\n|\n|-damage|p2a: Cress|82\/100 tox|[from] psn\n|-damage|p2a: Cress|69\/100 tox|[from] move: Magma Storm|[partiallytrapped]\n|upkeep\n|turn|21\n|\n|t:|1668038025\n|move|p2a: Cress|Moonlight|p2a: Cress\n|-heal|p2a: Cress|100\/100 tox\n|move|p1a: Heatran|Magma Storm|p2a: Cress\n|-damage|p2a: Cress|74\/100 tox\n|\n|-damage|p2a: Cress|50\/100 tox|[from] psn\n|-damage|p2a: Cress|37\/100 tox|[from] move: Magma Storm|[partiallytrapped]\n|-fieldend|move: Trick Room\n|upkeep\n|turn|22\n|\n|t:|1668038035\n|move|p1a: Heatran|Magma Storm|p2a: Cress\n|-damage|p2a: Cress|12\/100 tox\n|move|p2a: Cress|Moonlight|p2a: Cress\n|-heal|p2a: Cress|62\/100 tox\n|\n|-damage|p2a: Cress|32\/100 tox|[from] psn\n|-end|p2a: Cress|Magma Storm|[partiallytrapped]\n|upkeep\n|turn|23\n|\n|t:|1668038047\n|move|p1a: Heatran|Magma Storm|p2a: Cress\n|-damage|p2a: Cress|6\/100 tox\n|-activate|p2a: Cress|move: Magma Storm|[of] p1a: Heatran\n|move|p2a: Cress|Trick Room|p2a: Cress\n|-fieldstart|move: Trick Room|[of] p2a: Cress\n|\n|-damage|p2a: Cress|0 fnt|[from] psn\n|faint|p2a: Cress\n|upkeep\n|\n|t:|1668038061\n|switch|p2a: Melmetal|Melmetal|100\/100\n|turn|24\n|\n|t:|1668038066\n|move|p1a: Heatran|Protect|p1a: Heatran\n|-singleturn|p1a: Heatran|Protect\n|move|p2a: Melmetal|Double Iron Bash|p1a: Heatran\n|-activate|p1a: Heatran|move: Protect\n|\n|upkeep\n|turn|25\n|\n|t:|1668038071\n|switch|p1a: Landorus|Landorus-Therian, M|64\/100\n|-ability|p1a: Landorus|Intimidate|boost\n|-unboost|p2a: Melmetal|atk|1\n|move|p2a: Melmetal|Double Iron Bash|p1a: Landorus\n|-damage|p1a: Landorus|44\/100\n|-damage|p2a: Melmetal|84\/100|[from] item: Rocky Helmet|[of] p1a: Landorus\n|-damage|p1a: Landorus|22\/100\n|-damage|p2a: Melmetal|67\/100|[from] item: Rocky Helmet|[of] p1a: Landorus\n|-hitcount|p1a: Landorus|2\n|\n|upkeep\n|turn|26\n|\n|t:|1668038080\n|switch|p1a: Heatran|Heatran, F|100\/100\n|move|p2a: Melmetal|Double Iron Bash|p1a: Heatran\n|-resisted|p1a: Heatran\n|-damage|p1a: Heatran|95\/100\n|-resisted|p1a: Heatran\n|-damage|p1a: Heatran|89\/100\n|-hitcount|p1a: Heatran|2\n|\n|-heal|p1a: Heatran|95\/100|[from] item: Leftovers\n|upkeep\n|turn|27\n|\n|t:|1668038087\n|switch|p2a: Windows XP|Porygon2|94\/100 tox\n|-ability|p2a: Windows XP|Flash Fire|[from] ability: Trace|[of] p1a: Heatran\n|move|p1a: Heatran|Protect||[still]\n|-fail|p1a: Heatran\n|\n|-heal|p1a: Heatran|100\/100|[from] item: Leftovers\n|-damage|p2a: Windows XP|88\/100 tox|[from] psn\n|-fieldend|move: Trick Room\n|upkeep\n|turn|28\n|\n|t:|1668038092\n|move|p1a: Heatran|Magma Storm|p2a: Windows XP\n|-start|p2a: Windows XP|ability: Flash Fire\n|move|p2a: Windows XP|Trick Room|p2a: Windows XP\n|-fieldstart|move: Trick Room|[of] p2a: Windows XP\n|\n|-damage|p2a: Windows XP|76\/100 tox|[from] psn\n|upkeep\n|turn|29\n|c|\u2606torrain|oof\n|\n|t:|1668038102\n|move|p1a: Heatran|Earth Power|p2a: Windows XP\n|-damage|p2a: Windows XP|60\/100 tox\n|move|p2a: Windows XP|Teleport|p2a: Windows XP\n|c|\u2606HarmonyHatterene37|lol\n|\n|t:|1668038111\n|-end|p2a: Windows XP|ability: Flash Fire|[silent]\n|switch|p2a: Melmetal|Melmetal|67\/100|[from]move: Teleport\n|\n|upkeep\n|turn|30\n|\n|t:|1668038115\n|move|p1a: Heatran|Protect|p1a: Heatran\n|-singleturn|p1a: Heatran|Protect\n|move|p2a: Melmetal|Earthquake|p1a: Heatran\n|-activate|p1a: Heatran|move: Protect\n|\n|upkeep\n|turn|31\n|\n|t:|1668038126\n|switch|p1a: Hawlucha|Hawlucha, M, shiny|100\/100\n|move|p2a: Melmetal|Earthquake|p1a: Hawlucha\n|-immune|p1a: Hawlucha\n|\n|upkeep\n|turn|32\n|\n|t:|1668038131\n|move|p2a: Melmetal|Double Iron Bash|p1a: Hawlucha\n|-damage|p1a: Hawlucha|40\/100\n|-damage|p1a: Hawlucha|0 fnt\n|faint|p1a: Hawlucha\n|-hitcount|p1: Hawlucha|2\n|\n|-fieldend|move: Trick Room\n|upkeep\n|\n|t:|1668038142\n|switch|p1a: Kartana|Kartana, shiny|100\/100\n|turn|33\n|\n|t:|1668038152\n|switch|p2a: Sans|Marowak-Alola, M|44\/100\n|move|p1a: Kartana|Sacred Sword|p2a: Sans\n|-immune|p2a: Sans\n|\n|upkeep\n|turn|34\n|\n|t:|1668038172\n|switch|p1a: Heatran|Heatran, F|100\/100\n|move|p2a: Sans|Earthquake|p1a: Heatran\n|-supereffective|p1a: Heatran\n|-damage|p1a: Heatran|0 fnt\n|faint|p1a: Heatran\n|\n|upkeep\n|\n|t:|1668038178\n|switch|p1a: Landorus|Landorus-Therian, M|22\/100\n|-ability|p1a: Landorus|Intimidate|boost\n|-unboost|p2a: Sans|atk|1\n|turn|35\n|\n|t:|1668038191\n|move|p1a: Landorus|Earthquake|p2a: Sans\n|-supereffective|p2a: Sans\n|-damage|p2a: Sans|0 fnt\n|faint|p2a: Sans\n|\n|upkeep\n|\n|t:|1668038193\n|switch|p2a: Windows XP|Porygon2|60\/100 tox\n|-ability|p2a: Windows XP|Intimidate|[from] ability: Trace|[of] p1a: Landorus\n|-ability|p2a: Windows XP|Intimidate|boost\n|-unboost|p1a: Landorus|atk|1\n|turn|36\n|\n|t:|1668038204\n|move|p1a: Landorus|Earthquake|p2a: Windows XP\n|-damage|p2a: Windows XP|39\/100 tox\n|move|p2a: Windows XP|Trick Room|p2a: Windows XP\n|-fieldstart|move: Trick Room|[of] p2a: Windows XP\n|\n|-damage|p2a: Windows XP|33\/100 tox|[from] psn\n|upkeep\n|turn|37\n|\n|t:|1668038210\n|move|p2a: Windows XP|Ice Beam|p1a: Landorus\n|-supereffective|p1a: Landorus\n|-damage|p1a: Landorus|0 fnt\n|faint|p1a: Landorus\n|\n|-damage|p2a: Windows XP|21\/100 tox|[from] psn\n|upkeep\n|\n|t:|1668038215\n|switch|p1a: Kartana|Kartana, shiny|100\/100\n|turn|38\n|\n|t:|1668038218\n|move|p2a: Windows XP|Ice Beam|p1a: Kartana\n|-damage|p1a: Kartana|10\/100\n|move|p1a: Kartana|Sacred Sword|p2a: Windows XP\n|-supereffective|p2a: Windows XP\n|-damage|p2a: Windows XP|0 fnt\n|faint|p2a: Windows XP\n|-ability|p1a: Kartana|Beast Boost|boost\n|-boost|p1a: Kartana|atk|1\n|\n|upkeep\n|\n|t:|1668038225\n|switch|p2a: Mr Krabs|Crawdaunt, M|100\/100\n|turn|39\n|\n|t:|1668038228\n|move|p2a: Mr Krabs|Close Combat|p1a: Kartana\n|-supereffective|p1a: Kartana\n|-damage|p1a: Kartana|0 fnt\n|-unboost|p2a: Mr Krabs|def|1\n|-unboost|p2a: Mr Krabs|spd|1\n|faint|p1a: Kartana\n|\n|upkeep\n|l|\u2606torrain\n|inactive|torrain disconnected and has a minute to reconnect!\n|player|p1|\n|l| Thisteamisasscheek\n|inactive|torrain has 30 seconds to reconnect!\n|inactive|torrain has 20 seconds to reconnect!\n|inactive|torrain has 15 seconds to reconnect!\n|inactive|torrain has 10 seconds to reconnect!\n|inactive|torrain has 5 seconds to reconnect!\n|-message|torrain lost due to inactivity.\n|\n|win|HarmonyHatterene37\n|raw|torrain's rating: 1511 &rarr; <strong>1492<\/strong><br \/>(-19 for losing)\n|raw|HarmonyHatterene37's rating: 1521 &rarr; <strong>1540<\/strong><br \/>(+19 for winning)\n||Ladder isn't responding, score probably updated but might not have (Request timeout).\n","uploadtime":1668038353,"views":3,"p1id":"torrain","p2id":"harmonyhatterene37","formatid":"gen8ou","rating":1492,"private":0,"password":null}