{"id":"gen8ou-1125343540","p1":"ranitidine","p2":"ADXw34ef","format":"gen8ou","log":"|j|\u2606ranitidine\n|j|\u2606ADXw34ef\n|player|p1|ranitidine|acetrainer-gen4dp|1000\n|player|p2|ADXw34ef|101|1000\n|teamsize|p1|6\n|teamsize|p2|6\n|gametype|singles\n|gen|8\n|tier|[Gen 8] OU\n|rated|\n|clearpoke\n|poke|p1|Ninetales-Alola, F|\n|poke|p1|Bisharp, M|\n|poke|p1|Terrakion|\n|poke|p1|Dragapult, F|\n|poke|p1|Cloyster, F|\n|poke|p1|Toxtricity, F|\n|poke|p2|Mamoswine, F|\n|poke|p2|Bisharp, F|\n|poke|p2|Blastoise, M|\n|poke|p2|Dragapult, F|\n|poke|p2|Togekiss, F|\n|poke|p2|Toxicroak, M|\n|rule|Sleep Clause Mod: Limit one foe put to sleep\n|rule|Species Clause: Limit one of each Pok\u00e9mon\n|rule|OHKO Clause: OHKO moves are banned\n|rule|Evasion Moves Clause: Evasion moves are banned\n|rule|Endless Battle Clause: Forcing endless battles is banned\n|rule|HP Percentage Mod: HP is shown in percentages\n|rule|Dynamax Clause: You cannot dynamax\n|teampreview\n|\n|start\n|switch|p1a: Terrakion|Terrakion|100\/100\n|switch|p2a: Mamoswine|Mamoswine, F|100\/100\n|turn|1\n|\n|move|p1a: Terrakion|Taunt|p2a: Mamoswine\n|-immune|p2a: Mamoswine|[from] ability: Oblivious\n|move|p2a: Mamoswine|Stealth Rock|p1a: Terrakion\n|-sidestart|p1: ranitidine|move: Stealth Rock\n|\n|upkeep\n|turn|2\n|\n|move|p1a: Terrakion|Stealth Rock|p2a: Mamoswine\n|-sidestart|p2: ADXw34ef|move: Stealth Rock\n|move|p2a: Mamoswine|Earthquake|p1a: Terrakion\n|-supereffective|p1a: Terrakion\n|-enditem|p1a: Terrakion|Focus Sash\n|-damage|p1a: Terrakion|1\/100\n|\n|upkeep\n|turn|3\n|\n|move|p2a: Mamoswine|Ice Shard|p1a: Terrakion\n|-damage|p1a: Terrakion|0 fnt\n|faint|p1a: Terrakion\n|\n|upkeep\n|\n|switch|p1a: Ninetales|Ninetales-Alola, F, shiny|100\/100\n|-damage|p1a: Ninetales|76\/100|[from] Stealth Rock\n|-weather|Hail|[from] ability: Snow Warning|[of] p1a: Ninetales\n|turn|4\n|\n|move|p1a: Ninetales|Aurora Veil|p1a: Ninetales\n|-sidestart|p1: ranitidine|move: Aurora Veil\n|move|p2a: Mamoswine|Earthquake|p1a: Ninetales\n|-damage|p1a: Ninetales|34\/100\n|\n|-weather|Hail|[upkeep]\n|upkeep\n|turn|5\n|\n|move|p1a: Ninetales|Hypnosis|p2a: Mamoswine\n|-status|p2a: Mamoswine|slp|[from] move: Hypnosis\n|cant|p2a: Mamoswine|slp\n|\n|-weather|Hail|[upkeep]\n|upkeep\n|turn|6\n|\n|switch|p1a: Dragapult|Dragapult, F, shiny|100\/100\n|-damage|p1a: Dragapult|88\/100|[from] Stealth Rock\n|switch|p2a: Dragapult|Dragapult, F|100\/100\n|-damage|p2a: Dragapult|88\/100|[from] Stealth Rock\n|\n|-weather|Hail|[upkeep]\n|-damage|p1a: Dragapult|82\/100|[from] Hail\n|-damage|p2a: Dragapult|82\/100|[from] Hail\n|upkeep\n|turn|7\n|\n|move|p1a: Dragapult|Dragon Darts|p2a: Dragapult\n|-supereffective|p2a: Dragapult\n|-damage|p2a: Dragapult|0 fnt\n|-damage|p1a: Dragapult|72\/100|[from] item: Life Orb\n|faint|p2a: Dragapult\n|\n|-weather|Hail|[upkeep]\n|-damage|p1a: Dragapult|66\/100|[from] Hail\n|upkeep\n|\n|switch|p2a: Togekiss|Togekiss, F|100\/100\n|-damage|p2a: Togekiss|76\/100|[from] Stealth Rock\n|turn|8\n|\n|move|p2a: Togekiss|Air Slash|p1a: Dragapult\n|-damage|p1a: Dragapult|39\/100\n|cant|p1a: Dragapult|flinch\n|\n|-weather|none\n|upkeep\n|turn|9\n|\n|move|p2a: Togekiss|Air Slash|p1a: Dragapult\n|-damage|p1a: Dragapult|8\/100\n|move|p1a: Dragapult|Dragon Dance|p1a: Dragapult\n|-boost|p1a: Dragapult|atk|1\n|-boost|p1a: Dragapult|spe|1\n|\n|upkeep\n|turn|10\n|\n|move|p1a: Dragapult|Steel Wing|p2a: Togekiss\n|-supereffective|p2a: Togekiss\n|-damage|p2a: Togekiss|0 fnt\n|-damage|p1a: Dragapult|0 fnt|[from] item: Life Orb\n|faint|p2a: Togekiss\n|faint|p1a: Dragapult\n|\n|upkeep\n|\n|switch|p1a: Cloyster|Cloyster, F|100\/100\n|switch|p2a: Blastoise|Blastoise, M|100\/100\n|-damage|p2a: Blastoise|88\/100|[from] Stealth Rock\n|-damage|p1a: Cloyster|76\/100|[from] Stealth Rock\n|turn|11\n|\n|move|p2a: Blastoise|Shell Smash|p2a: Blastoise\n|-unboost|p2a: Blastoise|def|1\n|-unboost|p2a: Blastoise|spd|1\n|-boost|p2a: Blastoise|atk|2\n|-boost|p2a: Blastoise|spa|2\n|-boost|p2a: Blastoise|spe|2\n|-enditem|p2a: Blastoise|White Herb\n|-clearnegativeboost|p2a: Blastoise|[silent]\n|move|p1a: Cloyster|Shell Smash|p1a: Cloyster\n|-unboost|p1a: Cloyster|def|1\n|-unboost|p1a: Cloyster|spd|1\n|-boost|p1a: Cloyster|atk|2\n|-boost|p1a: Cloyster|spa|2\n|-boost|p1a: Cloyster|spe|2\n|\n|-sideend|p1: ranitidine|move: Aurora Veil\n|upkeep\n|turn|12\n|\n|move|p2a: Blastoise|Dark Pulse|p1a: Cloyster\n|-damage|p1a: Cloyster|0 fnt\n|faint|p1a: Cloyster\n|\n|upkeep\n|\n|switch|p1a: Bisharp|Bisharp, M|100\/100\n|-damage|p1a: Bisharp|95\/100|[from] Stealth Rock\n|turn|13\n|\n|move|p2a: Blastoise|Surf|p1a: Bisharp\n|-damage|p1a: Bisharp|0 fnt\n|faint|p1a: Bisharp\n|\n|upkeep\n|\n|switch|p1a: Ninetales|Ninetales-Alola, F, shiny|34\/100\n|-damage|p1a: Ninetales|9\/100|[from] Stealth Rock\n|-weather|Hail|[from] ability: Snow Warning|[of] p1a: Ninetales\n|turn|14\n|\n|move|p2a: Blastoise|Surf|p1a: Ninetales\n|-damage|p1a: Ninetales|0 fnt\n|faint|p1a: Ninetales\n|\n|-weather|Hail|[upkeep]\n|-damage|p2a: Blastoise|82\/100|[from] Hail\n|upkeep\n|\n|switch|p1a: Toxtricity|Toxtricity, F, shiny|100\/100\n|-damage|p1a: Toxtricity|88\/100|[from] Stealth Rock\n|turn|15\n|\n|move|p2a: Blastoise|Surf|p1a: Toxtricity\n|-damage|p1a: Toxtricity|0 fnt\n|faint|p1a: Toxtricity\n|\n|win|ADXw34ef\n|l|\u2606ranitidine\n","uploadtime":1591095184,"views":3,"p1id":"ranitidine","p2id":"adxw34ef","formatid":"gen8ou","rating":0,"private":0,"password":null}