{"id":"gen8nationaldex-1566769615","p1":"cump10","p2":"not tick","format":"gen8nationaldex","log":"|j|\u2606cump10\n|j|\u2606not tick\n|t:|1651590489\n|gametype|singles\n|player|p1|cump10|265|1559\n|player|p2|not tick|blaine|1599\n|teamsize|p1|6\n|teamsize|p2|6\n|gen|8\n|tier|[Gen 8] National Dex\n|rated|\n|rule|HP Percentage Mod: HP is shown in percentages\n|rule|Endless Battle Clause: Forcing endless battles is banned\n|rule|OHKO Clause: OHKO moves are banned\n|rule|Evasion Moves Clause: Evasion moves are banned\n|rule|Species Clause: Limit one of each Pok\u00e9mon\n|rule|Dynamax Clause: You cannot dynamax\n|rule|Sleep Clause Mod: Limit one foe put to sleep\n|clearpoke\n|poke|p1|Sableye, M|\n|poke|p1|Chansey, F|\n|poke|p1|Toxapex, M|\n|poke|p1|Quagsire, M|\n|poke|p1|Corviknight, F|\n|poke|p1|Clefable, F|\n|poke|p2|Cryogonal|\n|poke|p2|Gliscor, F|\n|poke|p2|Tyranitar, M|\n|poke|p2|Tapu Fini|\n|poke|p2|Charizard, F|\n|poke|p2|Kartana|\n|teampreview\n|\n|t:|1651590505\n|start\n|switch|p1a: Sableye|Sableye, M|100\/100\n|switch|p2a: Charizard|Charizard, F|100\/100\n|turn|1\n|\n|t:|1651590510\n|detailschange|p2a: Charizard|Charizard-Mega-Y, F\n|-mega|p2a: Charizard|Charizard|Charizardite Y\n|-weather|SunnyDay|[from] ability: Drought|[of] p2a: Charizard\n|detailschange|p1a: Sableye|Sableye-Mega, M\n|-mega|p1a: Sableye|Sableye|Sablenite\n|move|p1a: Sableye|Protect|p1a: Sableye\n|-singleturn|p1a: Sableye|Protect\n|move|p2a: Charizard|Fire Blast|p1a: Sableye\n|-activate|p1a: Sableye|move: Protect\n|\n|-weather|SunnyDay|[upkeep]\n|upkeep\n|turn|2\n|\n|t:|1651590518\n|switch|p1a: Chansey|Chansey, F|100\/100\n|move|p2a: Charizard|Fire Blast|p1a: Chansey\n|-damage|p1a: Chansey|68\/100\n|\n|-weather|SunnyDay|[upkeep]\n|upkeep\n|turn|3\n|\n|t:|1651590528\n|switch|p2a: Gliscor|Gliscor, F|100\/100\n|move|p1a: Chansey|Soft-Boiled|p1a: Chansey\n|-heal|p1a: Chansey|100\/100\n|\n|-weather|SunnyDay|[upkeep]\n|-status|p2a: Gliscor|tox|[from] item: Toxic Orb\n|upkeep\n|turn|4\n|\n|t:|1651590535\n|switch|p1a: Corviknight|Corviknight, F, shiny|100\/100\n|-ability|p1a: Corviknight|Pressure\n|move|p2a: Gliscor|Swords Dance|p2a: Gliscor\n|-boost|p2a: Gliscor|atk|2\n|\n|-weather|SunnyDay|[upkeep]\n|upkeep\n|turn|5\n|\n|t:|1651590549\n|move|p2a: Gliscor|Swords Dance|p2a: Gliscor\n|-boost|p2a: Gliscor|atk|2\n|move|p1a: Corviknight|Brave Bird|p2a: Gliscor\n|-damage|p2a: Gliscor|75\/100 tox\n|-damage|p1a: Corviknight|93\/100|[from] Recoil\n|\n|-weather|none\n|-heal|p2a: Gliscor|87\/100 tox|[from] ability: Poison Heal\n|upkeep\n|turn|6\n|\n|t:|1651590553\n|switch|p1a: Quagsire|Quagsire, M|100\/100\n|move|p2a: Gliscor|Facade|p1a: Quagsire\n|-damage|p1a: Quagsire|79\/100\n|\n|-heal|p1a: Quagsire|85\/100|[from] item: Leftovers\n|-heal|p2a: Gliscor|99\/100 tox|[from] ability: Poison Heal\n|upkeep\n|turn|7\n|\n|t:|1651590558\n|switch|p2a: Kartana|Kartana|100\/100\n|move|p1a: Quagsire|Scald|p2a: Kartana\n|-resisted|p2a: Kartana\n|-damage|p2a: Kartana|69\/100\n|-status|p2a: Kartana|brn\n|\n|-heal|p1a: Quagsire|91\/100|[from] item: Leftovers\n|-damage|p2a: Kartana|63\/100 brn|[from] brn\n|upkeep\n|turn|8\n|\n|t:|1651590564\n|switch|p1a: Sableye|Sableye-Mega, M|100\/100\n|move|p2a: Kartana|Knock Off|p1a: Sableye\n|-damage|p1a: Sableye|89\/100\n|\n|-damage|p2a: Kartana|56\/100 brn|[from] brn\n|upkeep\n|turn|9\n|\n|t:|1651590567\n|move|p2a: Kartana|Knock Off|p1a: Sableye\n|-damage|p1a: Sableye|76\/100\n|move|p1a: Sableye|Knock Off|p2a: Kartana\n|-damage|p2a: Kartana|26\/100 brn\n|-enditem|p2a: Kartana|Choice Scarf|[from] move: Knock Off|[of] p1a: Sableye\n|\n|-damage|p2a: Kartana|20\/100 brn|[from] brn\n|upkeep\n|turn|10\n|\n|t:|1651590570\n|move|p2a: Kartana|Knock Off|p1a: Sableye\n|-damage|p1a: Sableye|64\/100\n|move|p1a: Sableye|Recover|p1a: Sableye\n|-heal|p1a: Sableye|100\/100\n|\n|-damage|p2a: Kartana|14\/100 brn|[from] brn\n|upkeep\n|turn|11\n|\n|t:|1651590572\n|move|p1a: Sableye|Protect|p1a: Sableye\n|-singleturn|p1a: Sableye|Protect\n|move|p2a: Kartana|Knock Off|p1a: Sableye\n|-activate|p1a: Sableye|move: Protect\n|\n|-damage|p2a: Kartana|7\/100 brn|[from] brn\n|upkeep\n|turn|12\n|\n|t:|1651590577\n|move|p2a: Kartana|Leaf Blade|p1a: Sableye\n|-damage|p1a: Sableye|74\/100\n|move|p1a: Sableye|Recover|p1a: Sableye\n|-heal|p1a: Sableye|100\/100\n|\n|-damage|p2a: Kartana|1\/100 brn|[from] brn\n|upkeep\n|turn|13\n|\n|t:|1651590580\n|move|p1a: Sableye|Protect|p1a: Sableye\n|-singleturn|p1a: Sableye|Protect\n|move|p2a: Kartana|Knock Off|p1a: Sableye\n|-activate|p1a: Sableye|move: Protect\n|\n|-damage|p2a: Kartana|0 fnt|[from] brn\n|faint|p2a: Kartana\n|upkeep\n|\n|t:|1651590591\n|switch|p2a: Charizard|Charizard-Mega-Y, F|100\/100\n|-weather|SunnyDay|[from] ability: Drought|[of] p2a: Charizard\n|turn|14\n|\n|t:|1651590597\n|switch|p2a: Tyranitar|Tyranitar, M|100\/100\n|-weather|Sandstorm|[from] ability: Sand Stream|[of] p2a: Tyranitar\n|switch|p1a: Chansey|Chansey, F|100\/100\n|\n|-weather|Sandstorm|[upkeep]\n|-damage|p1a: Chansey|94\/100|[from] Sandstorm\n|upkeep\n|turn|15\n|\n|t:|1651590604\n|switch|p1a: Corviknight|Corviknight, F, shiny|93\/100\n|-ability|p1a: Corviknight|Pressure\n|move|p2a: Tyranitar|Crunch|p1a: Corviknight\n|-damage|p1a: Corviknight|54\/100\n|\n|-weather|Sandstorm|[upkeep]\n|upkeep\n|turn|16\n|\n|t:|1651590610\n|switch|p2a: Charizard|Charizard-Mega-Y, F|100\/100\n|-weather|SunnyDay|[from] ability: Drought|[of] p2a: Charizard\n|move|p1a: Corviknight|Roost|p1a: Corviknight\n|-heal|p1a: Corviknight|100\/100\n|-singleturn|p1a: Corviknight|move: Roost\n|\n|-weather|SunnyDay|[upkeep]\n|upkeep\n|turn|17\n|\n|t:|1651590617\n|switch|p1a: Chansey|Chansey, F|94\/100\n|move|p2a: Charizard|Fire Blast|p1a: Chansey\n|-damage|p1a: Chansey|61\/100\n|\n|-weather|SunnyDay|[upkeep]\n|upkeep\n|turn|18\n|\n|t:|1651590622\n|switch|p2a: Tyranitar|Tyranitar, M|100\/100\n|-weather|Sandstorm|[from] ability: Sand Stream|[of] p2a: Tyranitar\n|move|p1a: Chansey|Soft-Boiled|p1a: Chansey\n|-heal|p1a: Chansey|100\/100\n|\n|-weather|Sandstorm|[upkeep]\n|-damage|p1a: Chansey|94\/100|[from] Sandstorm\n|upkeep\n|turn|19\n|\n|t:|1651590626\n|switch|p1a: Corviknight|Corviknight, F, shiny|100\/100\n|-ability|p1a: Corviknight|Pressure\n|move|p2a: Tyranitar|Stealth Rock|p1a: Corviknight\n|-sidestart|p1: cump10|move: Stealth Rock\n|\n|-weather|Sandstorm|[upkeep]\n|upkeep\n|turn|20\n|\n|t:|1651590633\n|switch|p2a: Charizard|Charizard-Mega-Y, F|100\/100\n|-weather|SunnyDay|[from] ability: Drought|[of] p2a: Charizard\n|move|p1a: Corviknight|Defog|p2a: Charizard\n|-unboost|p2a: Charizard|evasion|1\n|-sideend|p1: cump10|Stealth Rock|[from] move: Defog|[of] p1a: Corviknight\n|\n|-weather|SunnyDay|[upkeep]\n|upkeep\n|turn|21\n|\n|t:|1651590641\n|switch|p1a: Chansey|Chansey, F|94\/100\n|move|p2a: Charizard|Fire Blast|p1a: Chansey\n|-damage|p1a: Chansey|63\/100\n|\n|-weather|SunnyDay|[upkeep]\n|upkeep\n|turn|22\n|\n|t:|1651590647\n|switch|p2a: Tyranitar|Tyranitar, M|100\/100\n|-weather|Sandstorm|[from] ability: Sand Stream|[of] p2a: Tyranitar\n|move|p1a: Chansey|Soft-Boiled|p1a: Chansey\n|-heal|p1a: Chansey|100\/100\n|\n|-weather|Sandstorm|[upkeep]\n|-damage|p1a: Chansey|94\/100|[from] Sandstorm\n|upkeep\n|turn|23\n|\n|t:|1651590651\n|move|p2a: Tyranitar|Stone Edge|p1a: Chansey\n|-damage|p1a: Chansey|36\/100\n|move|p1a: Chansey|Toxic|p2a: Tyranitar\n|-status|p2a: Tyranitar|tox\n|\n|-weather|Sandstorm|[upkeep]\n|-damage|p1a: Chansey|30\/100|[from] Sandstorm\n|-damage|p2a: Tyranitar|94\/100 tox|[from] psn\n|upkeep\n|turn|24\n|\n|t:|1651590655\n|switch|p2a: Charizard|Charizard-Mega-Y, F|100\/100\n|-weather|SunnyDay|[from] ability: Drought|[of] p2a: Charizard\n|switch|p1a: Corviknight|Corviknight, F, shiny|100\/100\n|-ability|p1a: Corviknight|Pressure\n|\n|-weather|SunnyDay|[upkeep]\n|upkeep\n|turn|25\n|\n|t:|1651590670\n|switch|p1a: Toxapex|Toxapex, M, shiny|100\/100\n|move|p2a: Charizard|Fire Blast|p1a: Toxapex\n|-resisted|p1a: Toxapex\n|-damage|p1a: Toxapex|57\/100\n|\n|-weather|SunnyDay|[upkeep]\n|upkeep\n|turn|26\n|\n|t:|1651590676\n|switch|p1a: Corviknight|Corviknight, F, shiny|100\/100\n|-ability|p1a: Corviknight|Pressure\n|move|p2a: Charizard|Scorching Sands|p1a: Corviknight\n|-immune|p1a: Corviknight\n|\n|-weather|SunnyDay|[upkeep]\n|upkeep\n|turn|27\n|\n|t:|1651590680\n|switch|p1a: Toxapex|Toxapex, M, shiny|91\/100\n|move|p2a: Charizard|Fire Blast|p1a: Toxapex\n|-resisted|p1a: Toxapex\n|-crit|p1a: Toxapex\n|-damage|p1a: Toxapex|20\/100\n|\n|-weather|SunnyDay|[upkeep]\n|upkeep\n|turn|28\n|\n|t:|1651590690\n|switch|p1a: Clefable|Clefable, F|100\/100\n|move|p2a: Charizard|Solar Beam||[still]\n|-prepare|p2a: Charizard|Solar Beam\n|-anim|p2a: Charizard|Solar Beam|p1a: Clefable\n|-damage|p1a: Clefable|64\/100\n|\n|-weather|none\n|upkeep\n|turn|29\n|\n|t:|1651590704\n|switch|p2a: Tyranitar|Tyranitar, M|94\/100 tox\n|-weather|Sandstorm|[from] ability: Sand Stream|[of] p2a: Tyranitar\n|move|p1a: Clefable|Soft-Boiled|p1a: Clefable\n|-heal|p1a: Clefable|100\/100\n|\n|-weather|Sandstorm|[upkeep]\n|-damage|p1a: Clefable|94\/100|[from] Sandstorm\n|-damage|p2a: Tyranitar|88\/100 tox|[from] psn\n|upkeep\n|turn|30\n|\n|t:|1651590712\n|switch|p1a: Toxapex|Toxapex, M, shiny|53\/100\n|move|p2a: Tyranitar|Stone Edge|p1a: Toxapex\n|-damage|p1a: Toxapex|0 fnt\n|faint|p1a: Toxapex\n|\n|-weather|Sandstorm|[upkeep]\n|-damage|p2a: Tyranitar|76\/100 tox|[from] psn\n|upkeep\n|\n|t:|1651590721\n|switch|p1a: Quagsire|Quagsire, M|91\/100\n|turn|31\n|\n|t:|1651590725\n|switch|p2a: Tapu Fini|Tapu Fini|100\/100\n|-fieldstart|move: Misty Terrain|[from] ability: Misty Surge|[of] p2a: Tapu Fini\n|move|p1a: Quagsire|Toxic|p2a: Tapu Fini\n|-activate|p2a: Tapu Fini|move: Misty Terrain\n|\n|-weather|Sandstorm|[upkeep]\n|-damage|p2a: Tapu Fini|94\/100|[from] Sandstorm\n|-heal|p2a: Tapu Fini|100\/100|[from] item: Leftovers\n|-heal|p1a: Quagsire|97\/100|[from] item: Leftovers\n|upkeep\n|turn|32\n|\n|t:|1651590738\n|move|p2a: Tapu Fini|Moonblast|p1a: Quagsire\n|-damage|p1a: Quagsire|58\/100\n|move|p1a: Quagsire|Earthquake|p2a: Tapu Fini\n|-damage|p2a: Tapu Fini|74\/100\n|\n|-weather|Sandstorm|[upkeep]\n|-damage|p2a: Tapu Fini|68\/100|[from] Sandstorm\n|-heal|p2a: Tapu Fini|74\/100|[from] item: Leftovers\n|-heal|p1a: Quagsire|64\/100|[from] item: Leftovers\n|upkeep\n|turn|33\n|\n|t:|1651590742\n|switch|p1a: Sableye|Sableye-Mega, M|100\/100\n|move|p2a: Tapu Fini|Taunt|p1a: Sableye\n|move|p1a: Sableye|Taunt|p2a: Tapu Fini|[from]ability: Magic Bounce\n|-start|p2a: Tapu Fini|move: Taunt\n|\n|-weather|none\n|-heal|p2a: Tapu Fini|80\/100|[from] item: Leftovers\n|upkeep\n|turn|34\n|\n|t:|1651590748\n|switch|p2a: Tyranitar|Tyranitar, M|76\/100 tox\n|-weather|Sandstorm|[from] ability: Sand Stream|[of] p2a: Tyranitar\n|switch|p1a: Chansey|Chansey, F|30\/100\n|\n|-weather|Sandstorm|[upkeep]\n|-damage|p1a: Chansey|24\/100|[from] Sandstorm\n|-damage|p2a: Tyranitar|70\/100 tox|[from] psn\n|upkeep\n|turn|35\n|\n|t:|1651590755\n|-activate|p1a: Chansey|move: Pursuit\n|move|p2a: Tyranitar|Pursuit|p1a: Chansey|[from]Pursuit\n|-damage|p1a: Chansey|0 fnt\n|faint|p1a: Chansey\n|-hint|A Pokemon can't switch between when it runs out of HP and when it faints\n|\n|-weather|Sandstorm|[upkeep]\n|-damage|p2a: Tyranitar|58\/100 tox|[from] psn\n|-fieldend|Misty Terrain\n|upkeep\n|\n|t:|1651590758\n|switch|p1a: Corviknight|Corviknight, F, shiny|100\/100\n|-ability|p1a: Corviknight|Pressure\n|turn|36\n|\n|t:|1651590762\n|switch|p2a: Charizard|Charizard-Mega-Y, F|100\/100\n|-weather|SunnyDay|[from] ability: Drought|[of] p2a: Charizard\n|move|p1a: Corviknight|Brave Bird|p2a: Charizard\n|-damage|p2a: Charizard|44\/100\n|-damage|p1a: Corviknight|87\/100|[from] Recoil\n|\n|-weather|SunnyDay|[upkeep]\n|upkeep\n|turn|37\n|\n|t:|1651590767\n|switch|p1a: Quagsire|Quagsire, M|64\/100\n|move|p2a: Charizard|Fire Blast|p1a: Quagsire\n|-resisted|p1a: Quagsire\n|-damage|p1a: Quagsire|0 fnt\n|faint|p1a: Quagsire\n|\n|-weather|SunnyDay|[upkeep]\n|upkeep\n|\n|t:|1651590770\n|switch|p1a: Clefable|Clefable, F|94\/100\n|turn|38\n|\n|t:|1651590785\n|move|p2a: Charizard|Fire Blast|p1a: Clefable\n|-damage|p1a: Clefable|14\/100\n|move|p1a: Clefable|Soft-Boiled|p1a: Clefable\n|-heal|p1a: Clefable|64\/100\n|\n|-weather|SunnyDay|[upkeep]\n|upkeep\n|turn|39\n|\n|t:|1651590795\n|switch|p2a: Tapu Fini|Tapu Fini|80\/100\n|-fieldstart|move: Misty Terrain|[from] ability: Misty Surge|[of] p2a: Tapu Fini\n|move|p1a: Clefable|Soft-Boiled|p1a: Clefable\n|-heal|p1a: Clefable|100\/100\n|\n|-weather|SunnyDay|[upkeep]\n|-heal|p2a: Tapu Fini|86\/100|[from] item: Leftovers\n|upkeep\n|turn|40\n|\n|t:|1651590802\n|move|p2a: Tapu Fini|Moonblast|p1a: Clefable\n|-damage|p1a: Clefable|79\/100\n|move|p1a: Clefable|Soft-Boiled|p1a: Clefable\n|-heal|p1a: Clefable|100\/100\n|\n|-weather|none\n|-heal|p2a: Tapu Fini|92\/100|[from] item: Leftovers\n|upkeep\n|turn|41\n|\n|t:|1651590805\n|move|p2a: Tapu Fini|Taunt|p1a: Clefable\n|-start|p1a: Clefable|move: Taunt\n|move|p1a: Clefable|Moonblast|p2a: Tapu Fini\n|-damage|p2a: Tapu Fini|70\/100\n|\n|-heal|p2a: Tapu Fini|77\/100|[from] item: Leftovers\n|upkeep\n|turn|42\n|\n|t:|1651590808\n|move|p2a: Tapu Fini|Moonblast|p1a: Clefable\n|-damage|p1a: Clefable|79\/100\n|move|p1a: Clefable|Moonblast|p2a: Tapu Fini\n|-damage|p2a: Tapu Fini|53\/100\n|\n|-heal|p2a: Tapu Fini|59\/100|[from] item: Leftovers\n|upkeep\n|turn|43\n|\n|t:|1651590818\n|switch|p2a: Gliscor|Gliscor, F|99\/100 tox\n|move|p1a: Clefable|Moonblast|p2a: Gliscor\n|-damage|p2a: Gliscor|66\/100 tox\n|\n|-heal|p2a: Gliscor|79\/100 tox|[from] ability: Poison Heal\n|-end|p1a: Clefable|move: Taunt\n|-fieldend|Misty Terrain\n|upkeep\n|turn|44\n|\n|t:|1651590823\n|move|p2a: Gliscor|Swords Dance|p2a: Gliscor\n|-boost|p2a: Gliscor|atk|2\n|move|p1a: Clefable|Calm Mind|p1a: Clefable\n|-boost|p1a: Clefable|spa|1\n|-boost|p1a: Clefable|spd|1\n|\n|-heal|p2a: Gliscor|91\/100 tox|[from] ability: Poison Heal\n|upkeep\n|turn|45\n|\n|t:|1651590829\n|move|p2a: Gliscor|Earthquake|p1a: Clefable\n|-damage|p1a: Clefable|41\/100\n|move|p1a: Clefable|Soft-Boiled|p1a: Clefable\n|-heal|p1a: Clefable|91\/100\n|\n|-heal|p2a: Gliscor|100\/100 tox|[from] ability: Poison Heal\n|upkeep\n|turn|46\n|\n|t:|1651590844\n|move|p2a: Gliscor|Earthquake|p1a: Clefable\n|-damage|p1a: Clefable|52\/100\n|move|p1a: Clefable|Moonblast|p2a: Gliscor\n|-damage|p2a: Gliscor|54\/100 tox\n|\n|-heal|p2a: Gliscor|66\/100 tox|[from] ability: Poison Heal\n|upkeep\n|turn|47\n|\n|t:|1651590847\n|switch|p2a: Tapu Fini|Tapu Fini|59\/100\n|-fieldstart|move: Misty Terrain|[from] ability: Misty Surge|[of] p2a: Tapu Fini\n|move|p1a: Clefable|Soft-Boiled|p1a: Clefable\n|-heal|p1a: Clefable|100\/100\n|\n|-heal|p2a: Tapu Fini|65\/100|[from] item: Leftovers\n|upkeep\n|turn|48\n|\n|t:|1651590850\n|move|p2a: Tapu Fini|Taunt|p1a: Clefable\n|-start|p1a: Clefable|move: Taunt\n|move|p1a: Clefable|Moonblast|p2a: Tapu Fini\n|-damage|p2a: Tapu Fini|31\/100\n|-unboost|p2a: Tapu Fini|spa|1\n|\n|-heal|p2a: Tapu Fini|38\/100|[from] item: Leftovers\n|upkeep\n|turn|49\n|\n|t:|1651590863\n|move|p2a: Tapu Fini|Moonblast|p1a: Clefable\n|-crit|p1a: Clefable\n|-damage|p1a: Clefable|70\/100\n|move|p1a: Clefable|Moonblast|p2a: Tapu Fini\n|-damage|p2a: Tapu Fini|7\/100\n|-unboost|p2a: Tapu Fini|spa|1\n|\n|-heal|p2a: Tapu Fini|13\/100|[from] item: Leftovers\n|upkeep\n|turn|50\n|\n|t:|1651590866\n|move|p2a: Tapu Fini|Moonblast|p1a: Clefable\n|-damage|p1a: Clefable|56\/100\n|-unboost|p1a: Clefable|spa|1\n|move|p1a: Clefable|Moonblast|p2a: Tapu Fini\n|-damage|p2a: Tapu Fini|0 fnt\n|faint|p2a: Tapu Fini\n|\n|-end|p1a: Clefable|move: Taunt\n|upkeep\n|\n|t:|1651590870\n|switch|p2a: Tyranitar|Tyranitar, M|58\/100 tox\n|-weather|Sandstorm|[from] ability: Sand Stream|[of] p2a: Tyranitar\n|turn|51\n|\n|t:|1651590874\n|switch|p1a: Corviknight|Corviknight, F, shiny|87\/100\n|-ability|p1a: Corviknight|Pressure\n|move|p2a: Tyranitar|Stone Edge|p1a: Corviknight|[miss]\n|-miss|p2a: Tyranitar|p1a: Corviknight\n|\n|-weather|Sandstorm|[upkeep]\n|-damage|p2a: Tyranitar|52\/100 tox|[from] psn\n|-fieldend|Misty Terrain\n|upkeep\n|turn|52\n|\n|t:|1651590887\n|switch|p2a: Gliscor|Gliscor, F|66\/100 tox\n|move|p1a: Corviknight|Brave Bird|p2a: Gliscor\n|-crit|p2a: Gliscor\n|-damage|p2a: Gliscor|24\/100 tox\n|-damage|p1a: Corviknight|74\/100|[from] Recoil\n|\n|-weather|Sandstorm|[upkeep]\n|-heal|p2a: Gliscor|37\/100 tox|[from] ability: Poison Heal\n|upkeep\n|turn|53\n|\n|t:|1651590897\n|switch|p1a: Clefable|Clefable, F|56\/100\n|move|p2a: Gliscor|Facade|p1a: Clefable\n|-damage|p1a: Clefable|23\/100\n|\n|-weather|Sandstorm|[upkeep]\n|-damage|p1a: Clefable|16\/100|[from] Sandstorm\n|-heal|p2a: Gliscor|49\/100 tox|[from] ability: Poison Heal\n|upkeep\n|turn|54\n|\n|t:|1651590907\n|switch|p1a: Corviknight|Corviknight, F, shiny|74\/100\n|-ability|p1a: Corviknight|Pressure\n|move|p2a: Gliscor|Facade|p1a: Corviknight\n|-resisted|p1a: Corviknight\n|-damage|p1a: Corviknight|65\/100\n|\n|-weather|Sandstorm|[upkeep]\n|-heal|p2a: Gliscor|62\/100 tox|[from] ability: Poison Heal\n|upkeep\n|turn|55\n|\n|t:|1651590913\n|move|p2a: Gliscor|Swords Dance|p2a: Gliscor\n|-boost|p2a: Gliscor|atk|2\n|move|p1a: Corviknight|Roost|p1a: Corviknight\n|-heal|p1a: Corviknight|100\/100\n|-singleturn|p1a: Corviknight|move: Roost\n|\n|-weather|none\n|-heal|p2a: Gliscor|74\/100 tox|[from] ability: Poison Heal\n|upkeep\n|turn|56\n|\n|t:|1651590920\n|move|p2a: Gliscor|Swords Dance|p2a: Gliscor\n|-boost|p2a: Gliscor|atk|2\n|move|p1a: Corviknight|Brave Bird|p2a: Gliscor\n|-damage|p2a: Gliscor|46\/100 tox\n|-damage|p1a: Corviknight|92\/100|[from] Recoil\n|\n|-heal|p2a: Gliscor|58\/100 tox|[from] ability: Poison Heal\n|upkeep\n|turn|57\n|\n|t:|1651590923\n|move|p2a: Gliscor|Roost|p2a: Gliscor\n|-heal|p2a: Gliscor|100\/100 tox\n|-singleturn|p2a: Gliscor|move: Roost\n|move|p1a: Corviknight|Brave Bird|p2a: Gliscor\n|-damage|p2a: Gliscor|75\/100 tox\n|-damage|p1a: Corviknight|85\/100|[from] Recoil\n|\n|-heal|p2a: Gliscor|87\/100 tox|[from] ability: Poison Heal\n|upkeep\n|turn|58\n|\n|t:|1651590927\n|move|p2a: Gliscor|Swords Dance|p2a: Gliscor\n|-boost|p2a: Gliscor|atk|2\n|move|p1a: Corviknight|Defog|p2a: Gliscor\n|-unboost|p2a: Gliscor|evasion|1\n|\n|-heal|p2a: Gliscor|99\/100 tox|[from] ability: Poison Heal\n|upkeep\n|turn|59\n|\n|t:|1651590930\n|move|p2a: Gliscor|Facade|p1a: Corviknight\n|-resisted|p1a: Corviknight\n|-damage|p1a: Corviknight|50\/100\n|move|p1a: Corviknight|Roost|p1a: Corviknight\n|-heal|p1a: Corviknight|100\/100\n|-singleturn|p1a: Corviknight|move: Roost\n|\n|-heal|p2a: Gliscor|100\/100 tox|[from] ability: Poison Heal\n|upkeep\n|turn|60\n|\n|t:|1651590937\n|move|p2a: Gliscor|Facade|p1a: Corviknight\n|-resisted|p1a: Corviknight\n|-damage|p1a: Corviknight|63\/100\n|move|p1a: Corviknight|Body Press|p2a: Gliscor\n|-resisted|p2a: Gliscor\n|-damage|p2a: Gliscor|91\/100 tox\n|\n|-heal|p2a: Gliscor|100\/100 tox|[from] ability: Poison Heal\n|upkeep\n|turn|61\n|\n|t:|1651590943\n|move|p2a: Gliscor|Facade|p1a: Corviknight\n|-resisted|p1a: Corviknight\n|-damage|p1a: Corviknight|27\/100\n|move|p1a: Corviknight|Roost|p1a: Corviknight\n|-heal|p1a: Corviknight|77\/100\n|-singleturn|p1a: Corviknight|move: Roost\n|\n|upkeep\n|turn|62\n|\n|t:|1651590948\n|move|p2a: Gliscor|Facade|p1a: Corviknight\n|-resisted|p1a: Corviknight\n|-crit|p1a: Corviknight\n|-damage|p1a: Corviknight|20\/100\n|move|p1a: Corviknight|Brave Bird|p2a: Gliscor\n|-damage|p2a: Gliscor|72\/100 tox\n|-damage|p1a: Corviknight|11\/100|[from] Recoil\n|\n|-heal|p2a: Gliscor|85\/100 tox|[from] ability: Poison Heal\n|upkeep\n|turn|63\n|\n|t:|1651590955\n|switch|p1a: Sableye|Sableye-Mega, M|100\/100\n|move|p2a: Gliscor|Facade|p1a: Sableye\n|-immune|p1a: Sableye\n|\n|-heal|p2a: Gliscor|97\/100 tox|[from] ability: Poison Heal\n|upkeep\n|turn|64\n|\n|t:|1651590959\n|move|p1a: Sableye|Protect|p1a: Sableye\n|-singleturn|p1a: Sableye|Protect\n|move|p2a: Gliscor|Earthquake|p1a: Sableye\n|-activate|p1a: Sableye|move: Protect\n|\n|-heal|p2a: Gliscor|100\/100 tox|[from] ability: Poison Heal\n|upkeep\n|turn|65\n|\n|t:|1651590962\n|switch|p1a: Corviknight|Corviknight, F, shiny|11\/100\n|-ability|p1a: Corviknight|Pressure\n|move|p2a: Gliscor|Facade|p1a: Corviknight\n|-resisted|p1a: Corviknight\n|-damage|p1a: Corviknight|0 fnt\n|faint|p1a: Corviknight\n|\n|upkeep\n|c|\u2606cump10|gg\n|-message|cump10 forfeited.\n|\n|win|not tick\n|raw|cump10's rating: 1559 &rarr; <strong>1541<\/strong><br \/>(-18 for losing)\n|raw|not tick's rating: 1599 &rarr; <strong>1617<\/strong><br \/>(+18 for winning)\n|l|\u2606cump10\n","uploadtime":1651590973,"views":11,"p1id":"cump10","p2id":"nottick","formatid":"gen8nationaldex","rating":1541,"private":0,"password":null}