{"id":"gen8ou-1362648696","p1":"Sombra Diurna","p2":"tenkeuyoueuh","format":"gen8ou","log":"|j|\u2606Sombra Diurna\n|j|\u2606tenkeuyoueuh\n|t:|1624282074\n|gametype|singles\n|player|p1|Sombra Diurna|blue|1727\n|player|p2|tenkeuyoueuh|schoolkid|1702\n|teamsize|p1|6\n|teamsize|p2|6\n|gen|8\n|tier|[Gen 8] OU\n|rated|\n|rule|Sleep Clause Mod: Limit one foe put to sleep\n|rule|Species Clause: Limit one of each Pok\u00e9mon\n|rule|OHKO Clause: OHKO moves are banned\n|rule|Evasion Moves Clause: Evasion moves are banned\n|rule|Endless Battle Clause: Forcing endless battles is banned\n|rule|HP Percentage Mod: HP is shown in percentages\n|rule|Dynamax Clause: You cannot dynamax\n|clearpoke\n|poke|p1|Slowbro, F|\n|poke|p1|Hatterene, F|\n|poke|p1|Marowak-Alola, M|\n|poke|p1|Ferrothorn, F|\n|poke|p1|Garchomp, F|\n|poke|p1|Drampa, M|\n|poke|p2|Dragapult, M|\n|poke|p2|Ferrothorn, M|\n|poke|p2|Heatran, M|\n|poke|p2|Nidoking, M|\n|poke|p2|Tapu Lele|\n|poke|p2|Landorus-Therian, M|\n|teampreview\n|inactive|Battle timer is ON: inactive players will automatically lose when time's up. (requested by tenkeuyoueuh)\n|\n|t:|1624282082\n|start\n|switch|p1a: Sonso|Slowbro, F|100\/100\n|switch|p2a: Ferrothorn|Ferrothorn, M|100\/100\n|turn|1\n|\n|t:|1624282089\n|move|p2a: Ferrothorn|Knock Off|p1a: Sonso\n|-supereffective|p1a: Sonso\n|-enditem|p1a: Sonso|Colbur Berry|[eat]\n|-enditem|p1a: Sonso|Colbur Berry|[weaken]\n|-damage|p1a: Sonso|89\/100\n|move|p1a: Sonso|Body Press|p2a: Ferrothorn\n|-supereffective|p2a: Ferrothorn\n|-damage|p2a: Ferrothorn|70\/100\n|-damage|p1a: Sonso|76\/100|[from] ability: Iron Barbs|[of] p2a: Ferrothorn\n|\n|-heal|p2a: Ferrothorn|77\/100|[from] item: Leftovers\n|upkeep\n|turn|2\n|\n|t:|1624282099\n|switch|p1a: Hatterene|Hatterene, F|100\/100\n|move|p2a: Ferrothorn|Knock Off|p1a: Hatterene\n|-damage|p1a: Hatterene|78\/100\n|-enditem|p1a: Hatterene|Kasib Berry|[from] move: Knock Off|[of] p2a: Ferrothorn\n|\n|-heal|p2a: Ferrothorn|83\/100|[from] item: Leftovers\n|upkeep\n|turn|3\n|\n|t:|1624282106\n|switch|p2a: Heatran|Heatran, M|100\/100\n|-item|p2a: Heatran|Air Balloon\n|move|p1a: Hatterene|Trick Room|p1a: Hatterene\n|-fieldstart|move: Trick Room|[of] p1a: Hatterene\n|\n|upkeep\n|turn|4\n|\n|t:|1624282113\n|switch|p1a: Falko|Drampa, M|100\/100\n|move|p2a: Heatran|Magma Storm|p1a: Falko\n|-resisted|p1a: Falko\n|-damage|p1a: Falko|80\/100\n|-activate|p1a: Falko|move: Magma Storm|[of] p2a: Heatran\n|\n|-damage|p1a: Falko|67\/100|[from] move: Magma Storm|[partiallytrapped]\n|upkeep\n|turn|5\n|\n|t:|1624282121\n|move|p1a: Falko|Focus Blast|p2a: Heatran\n|-supereffective|p2a: Heatran\n|-damage|p2a: Heatran|22\/100\n|-enditem|p2a: Heatran|Air Balloon\n|-damage|p1a: Falko|58\/100|[from] item: Life Orb\n|move|p2a: Heatran|Stealth Rock|p1a: Falko\n|-sidestart|p1: Sombra Diurna|move: Stealth Rock\n|\n|-damage|p1a: Falko|45\/100|[from] move: Magma Storm|[partiallytrapped]\n|upkeep\n|turn|6\n|j| prof darkness\n|\n|t:|1624282135\n|move|p1a: Falko|Hyper Voice|p2a: Heatran\n|-resisted|p2a: Heatran\n|-damage|p2a: Heatran|0 fnt\n|faint|p2a: Heatran\n|-damage|p1a: Falko|36\/100|[from] item: Life Orb\n|\n|-end|p1a: Falko|Magma Storm|[partiallytrapped]|[silent]\n|upkeep\n|j| forestcave\n|j| Whammy696969\n|\n|t:|1624282160\n|switch|p2a: Ferrothorn|Ferrothorn, M|83\/100\n|turn|7\n|\n|t:|1624282165\n|switch|p2a: Dragapult|Dragapult, M|100\/100\n|move|p1a: Falko|Roost|p1a: Falko\n|-heal|p1a: Falko|86\/100\n|-singleturn|p1a: Falko|move: Roost\n|\n|-fieldend|move: Trick Room\n|upkeep\n|turn|8\n|\n|t:|1624282172\n|switch|p1a: Thorns|Ferrothorn, F|100\/100\n|-damage|p1a: Thorns|94\/100|[from] Stealth Rock\n|move|p2a: Dragapult|Dragon Dance|p2a: Dragapult\n|-boost|p2a: Dragapult|atk|1\n|-boost|p2a: Dragapult|spe|1\n|\n|-heal|p1a: Thorns|100\/100|[from] item: Leftovers\n|upkeep\n|turn|9\n|\n|t:|1624282182\n|move|p2a: Dragapult|Fire Blast|p1a: Thorns\n|-supereffective|p1a: Thorns\n|-damage|p1a: Thorns|10\/100\n|-damage|p2a: Dragapult|91\/100|[from] item: Life Orb\n|move|p1a: Thorns|Stealth Rock|p2a: Dragapult\n|-sidestart|p2: tenkeuyoueuh|move: Stealth Rock\n|\n|-heal|p1a: Thorns|17\/100|[from] item: Leftovers\n|upkeep\n|turn|10\n|\n|t:|1624282190\n|switch|p1a: Sonso|Slowbro, F|100\/100\n|-damage|p1a: Sonso|88\/100|[from] Stealth Rock\n|move|p2a: Dragapult|Dragon Darts|p1a: Sonso\n|-damage|p1a: Sonso|59\/100\n|-anim|p2a: Dragapult|Dragon Darts|p1a: Sonso\n|-damage|p1a: Sonso|27\/100\n|-damage|p2a: Dragapult|81\/100|[from] item: Life Orb\n|\n|upkeep\n|turn|11\n|\n|t:|1624282201\n|switch|p1a: Hatterene|Hatterene, F|78\/100\n|-damage|p1a: Hatterene|66\/100|[from] Stealth Rock\n|move|p2a: Dragapult|Phantom Force||[still]\n|-prepare|p2a: Dragapult|Phantom Force\n|\n|upkeep\n|turn|12\n|\n|t:|1624282208\n|switch|p1a: Falko|Drampa, M|86\/100\n|-damage|p1a: Falko|73\/100|[from] Stealth Rock\n|move|p2a: Dragapult|Phantom Force|p1a: Falko|[from]lockedmove\n|-immune|p1a: Falko\n|\n|upkeep\n|turn|13\n|\n|t:|1624282215\n|switch|p1a: Hatterene|Hatterene, F|66\/100\n|-damage|p1a: Hatterene|53\/100|[from] Stealth Rock\n|move|p2a: Dragapult|Dragon Darts|p1a: Hatterene\n|-immune|p1a: Hatterene\n|\n|upkeep\n|turn|14\n|j| GoudonRockpolish\n|\n|t:|1624282242\n|switch|p2a: Tapu Lele|Tapu Lele|100\/100\n|-damage|p2a: Tapu Lele|88\/100|[from] Stealth Rock\n|-fieldstart|move: Psychic Terrain|[from] ability: Psychic Surge|[of] p2a: Tapu Lele\n|move|p1a: Hatterene|Trick Room|p1a: Hatterene\n|-fieldstart|move: Trick Room|[of] p1a: Hatterene\n|\n|upkeep\n|turn|15\n|\n|t:|1624282249\n|switch|p1a: Thorns|Ferrothorn, F|17\/100\n|-damage|p1a: Thorns|10\/100|[from] Stealth Rock\n|move|p2a: Tapu Lele|Psychic|p1a: Thorns\n|-resisted|p1a: Thorns\n|-damage|p1a: Thorns|0 fnt\n|faint|p1a: Thorns\n|\n|upkeep\n|\n|t:|1624282259\n|switch|p1a: Billy B.|Marowak-Alola, M|100\/100\n|-damage|p1a: Billy B.|76\/100|[from] Stealth Rock\n|turn|16\n|\n|t:|1624282263\n|switch|p2a: Landorus|Landorus-Therian, M|100\/100\n|-damage|p2a: Landorus|88\/100|[from] Stealth Rock\n|-ability|p2a: Landorus|Intimidate|boost\n|-unboost|p1a: Billy B.|atk|1\n|move|p1a: Billy B.|Flare Blitz|p2a: Landorus\n|-damage|p2a: Landorus|37\/100\n|-damage|p1a: Billy B.|59\/100|[from] item: Rocky Helmet|[of] p2a: Landorus\n|\n|upkeep\n|turn|17\n|\n|t:|1624282281\n|move|p1a: Billy B.|Flare Blitz|p2a: Landorus\n|-damage|p2a: Landorus|0 fnt\n|-damage|p1a: Billy B.|43\/100|[from] item: Rocky Helmet|[of] p2a: Landorus\n|faint|p2a: Landorus\n|\n|upkeep\n|\n|t:|1624282291\n|switch|p2a: Dragapult|Dragapult, M|81\/100\n|-damage|p2a: Dragapult|69\/100|[from] Stealth Rock\n|turn|18\n|l| forestcave\n|\n|t:|1624282299\n|move|p1a: Billy B.|Poltergeist|p2a: Dragapult\n|-activate|p2a: Dragapult|move: Poltergeist|Life Orb\n|-supereffective|p2a: Dragapult\n|-damage|p2a: Dragapult|0 fnt\n|faint|p2a: Dragapult\n|\n|-fieldend|move: Trick Room\n|-fieldend|move: Psychic Terrain\n|upkeep\n|\n|t:|1624282302\n|switch|p2a: Tapu Lele|Tapu Lele|88\/100\n|-damage|p2a: Tapu Lele|76\/100|[from] Stealth Rock\n|-fieldstart|move: Psychic Terrain|[from] ability: Psychic Surge|[of] p2a: Tapu Lele\n|turn|19\n|j| i gonna die young\n|\n|t:|1624282325\n|move|p2a: Tapu Lele|Psychic|p1a: Billy B.\n|-damage|p1a: Billy B.|0 fnt\n|faint|p1a: Billy B.\n|\n|upkeep\n|\n|t:|1624282340\n|switch|p1a: Hatterene|Hatterene, F|53\/100\n|-damage|p1a: Hatterene|41\/100|[from] Stealth Rock\n|turn|20\n|\n|t:|1624282344\n|move|p2a: Tapu Lele|Psychic|p1a: Hatterene\n|-resisted|p1a: Hatterene\n|-damage|p1a: Hatterene|9\/100\n|move|p1a: Hatterene|Trick Room|p1a: Hatterene\n|-fieldstart|move: Trick Room|[of] p1a: Hatterene\n|\n|upkeep\n|turn|21\n|\n|t:|1624282353\n|switch|p2a: Ferrothorn|Ferrothorn, M|83\/100\n|-damage|p2a: Ferrothorn|77\/100|[from] Stealth Rock\n|move|p1a: Hatterene|Mystical Fire|p2a: Ferrothorn\n|-supereffective|p2a: Ferrothorn\n|-damage|p2a: Ferrothorn|6\/100\n|-unboost|p2a: Ferrothorn|spa|1\n|\n|-heal|p2a: Ferrothorn|12\/100|[from] item: Leftovers\n|upkeep\n|turn|22\n|\n|t:|1624282364\n|move|p2a: Ferrothorn|Protect|p2a: Ferrothorn\n|-singleturn|p2a: Ferrothorn|Protect\n|move|p1a: Hatterene|Healing Wish|p1a: Hatterene\n|faint|p1a: Hatterene\n|\n|-heal|p2a: Ferrothorn|19\/100|[from] item: Leftovers\n|upkeep\n|\n|t:|1624282370\n|switch|p1a: Falko|Drampa, M|73\/100\n|-heal|p1a: Falko|100\/100|[from] move: Healing Wish\n|-damage|p1a: Falko|88\/100|[from] Stealth Rock\n|turn|23\n|\n|t:|1624282379\n|move|p1a: Falko|Hyper Voice|p2a: Ferrothorn\n|-resisted|p2a: Ferrothorn\n|-damage|p2a: Ferrothorn|0 fnt\n|faint|p2a: Ferrothorn\n|-damage|p1a: Falko|78\/100|[from] item: Life Orb\n|\n|-fieldend|move: Psychic Terrain\n|upkeep\n|\n|t:|1624282386\n|switch|p2a: Nidoking|Nidoking, M|100\/100\n|-damage|p2a: Nidoking|95\/100|[from] Stealth Rock\n|turn|24\n|\n|t:|1624282393\n|move|p1a: Falko|Hyper Voice|p2a: Nidoking\n|-damage|p2a: Nidoking|0 fnt\n|faint|p2a: Nidoking\n|-damage|p1a: Falko|69\/100|[from] item: Life Orb\n|\n|-fieldend|move: Trick Room\n|upkeep\n|\n|t:|1624282395\n|switch|p2a: Tapu Lele|Tapu Lele|76\/100\n|-damage|p2a: Tapu Lele|63\/100|[from] Stealth Rock\n|-fieldstart|move: Psychic Terrain|[from] ability: Psychic Surge|[of] p2a: Tapu Lele\n|turn|25\n|\n|t:|1624282403\n|move|p2a: Tapu Lele|Moonblast|p1a: Falko\n|-supereffective|p1a: Falko\n|-crit|p1a: Falko\n|-damage|p1a: Falko|0 fnt\n|faint|p1a: Falko\n|\n|upkeep\n|\n|t:|1624282410\n|switch|p1a: Sharpo|Garchomp, F|100\/100\n|-damage|p1a: Sharpo|94\/100|[from] Stealth Rock\n|turn|26\n|l| i gonna die young\n|l| Whammy696969\n|\n|t:|1624282413\n|move|p1a: Sharpo|Earthquake|p2a: Tapu Lele\n|-damage|p2a: Tapu Lele|0 fnt\n|faint|p2a: Tapu Lele\n|\n|win|Sombra Diurna\n|raw|Sombra Diurna's rating: 1727 &rarr; <strong>1746<\/strong><br \/>(+19 for winning)\n|raw|tenkeuyoueuh's rating: 1702 &rarr; <strong>1683<\/strong><br \/>(-19 for losing)\n|l|\u2606tenkeuyoueuh\n|l| prof darkness\n","uploadtime":1624282422,"views":10,"p1id":"sombradiurna","p2id":"tenkeuyoueuh","formatid":"gen8ou","rating":1683,"private":0,"password":null}