{"id":"gen8nationaldex-1621622027","p1":"doorowner","p2":"BeastyJ157","format":"gen8nationaldex","log":"|j|\u2606doorowner\n|j|\u2606BeastyJ157\n|inactive|Battle timer is ON: inactive players will automatically lose when time's up.\n|t:|1658350284\n|gametype|singles\n|player|p1|doorowner|blackbelt|\n|player|p2|BeastyJ157|cynthia-gen4|\n|teamsize|p1|6\n|teamsize|p2|6\n|gen|8\n|tier|[Gen 8] National Dex\n|rated|Tournament battle\n|rule|HP Percentage Mod: HP is shown in percentages\n|rule|Endless Battle Clause: Forcing endless battles is banned\n|rule|OHKO Clause: OHKO moves are banned\n|rule|Evasion Moves Clause: Evasion moves are banned\n|rule|Species Clause: Limit one of each Pok\u00e9mon\n|rule|Dynamax Clause: You cannot dynamax\n|rule|Sleep Clause Mod: Limit one foe put to sleep\n|clearpoke\n|poke|p1|Armaldo, F|\n|poke|p1|Klink|\n|poke|p1|Poliwag, M|\n|poke|p1|Rockruff, M|\n|poke|p1|Stunfisk-Galar, M|\n|poke|p1|Tapu Fini|\n|poke|p2|Klink|\n|poke|p2|Poliwag, M|\n|poke|p2|Rockruff, M|\n|poke|p2|Armaldo, F|\n|poke|p2|Stunfisk-Galar, M|\n|poke|p2|Tapu Fini|\n|teampreview\n|inactive|doorowner also wants the timer to be on.\n|inactive|BeastyJ157 also wants the timer to be on.\n|\n|t:|1658350298\n|start\n|switch|p1a: i believe|Rockruff, M|100\/100\n|switch|p2a: Tapu Fini|Tapu Fini|100\/100\n|-fieldstart|move: Misty Terrain|[from] ability: Misty Surge|[of] p2a: Tapu Fini\n|turn|1\n|\n|t:|1658350304\n|move|p2a: Tapu Fini|Taunt|p1a: i believe\n|-start|p1a: i believe|move: Taunt\n|move|p1a: i believe|Stone Edge|p2a: Tapu Fini|[miss]\n|-miss|p1a: i believe|p2a: Tapu Fini\n|\n|upkeep\n|turn|2\n|\n|t:|1658350308\n|move|p2a: Tapu Fini|Calm Mind|p2a: Tapu Fini\n|-boost|p2a: Tapu Fini|spa|1\n|-boost|p2a: Tapu Fini|spd|1\n|move|p1a: i believe|Stone Edge|p2a: Tapu Fini\n|-damage|p2a: Tapu Fini|66\/100\n|-damage|p1a: i believe|91\/100|[from] item: Life Orb\n|\n|-heal|p2a: Tapu Fini|73\/100|[from] item: Leftovers\n|upkeep\n|turn|3\n|c|\u2606doorowner|just kill it\n|\n|t:|1658350313\n|move|p2a: Tapu Fini|Calm Mind|p2a: Tapu Fini\n|-boost|p2a: Tapu Fini|spa|1\n|-boost|p2a: Tapu Fini|spd|1\n|move|p1a: i believe|Stone Edge|p2a: Tapu Fini|[miss]\n|-miss|p1a: i believe|p2a: Tapu Fini\n|\n|-heal|p2a: Tapu Fini|79\/100|[from] item: Leftovers\n|-end|p1a: i believe|move: Taunt\n|upkeep\n|turn|4\n|c|\u2606BeastyJ157|ill pass\n|\n|t:|1658350317\n|move|p2a: Tapu Fini|Calm Mind|p2a: Tapu Fini\n|-boost|p2a: Tapu Fini|spa|1\n|-boost|p2a: Tapu Fini|spd|1\n|move|p1a: i believe|Stone Edge|p2a: Tapu Fini|[miss]\n|-miss|p1a: i believe|p2a: Tapu Fini\n|\n|-heal|p2a: Tapu Fini|85\/100|[from] item: Leftovers\n|upkeep\n|turn|5\n|n|!doorowner|doorowner\n|\n|t:|1658350326\n|move|p2a: Tapu Fini|Calm Mind|p2a: Tapu Fini\n|-boost|p2a: Tapu Fini|spa|1\n|-boost|p2a: Tapu Fini|spd|1\n|move|p1a: i believe|Stone Edge|p2a: Tapu Fini\n|-damage|p2a: Tapu Fini|50\/100\n|-damage|p1a: i believe|81\/100|[from] item: Life Orb\n|\n|-heal|p2a: Tapu Fini|56\/100|[from] item: Leftovers\n|-fieldend|Misty Terrain\n|upkeep\n|turn|6\n|\n|t:|1658350330\n|move|p2a: Tapu Fini|Draining Kiss|p1a: i believe\n|-damage|p1a: i believe|0 fnt\n|-heal|p2a: Tapu Fini|96\/100|[from] drain|[of] p1a: i believe\n|faint|p1a: i believe\n|\n|-heal|p2a: Tapu Fini|100\/100|[from] item: Leftovers\n|upkeep\n|c|\u2606BeastyJ157|now i kill\n|\n|t:|1658350335\n|switch|p1a: Klink|Klink|100\/100\n|turn|7\n|\n|t:|1658350344\n|move|p2a: Tapu Fini|Scald|p1a: Klink\n|-damage|p1a: Klink|0 fnt\n|faint|p1a: Klink\n|\n|upkeep\n|\n|t:|1658350347\n|switch|p1a: Tapu Fini|Tapu Fini|100\/100\n|-fieldstart|move: Misty Terrain|[from] ability: Misty Surge|[of] p1a: Tapu Fini\n|turn|8\n|\n|t:|1658350354\n|move|p2a: Tapu Fini|Taunt|p1a: Tapu Fini\n|-start|p1a: Tapu Fini|move: Taunt\n|cant|p1a: Tapu Fini|move: Taunt|Substitute\n|\n|upkeep\n|turn|9\n|\n|t:|1658350357\n|move|p2a: Tapu Fini|Draining Kiss|p1a: Tapu Fini\n|-damage|p1a: Tapu Fini|61\/100\n|move|p1a: Tapu Fini|Scald|p2a: Tapu Fini\n|-resisted|p2a: Tapu Fini\n|-damage|p2a: Tapu Fini|97\/100\n|\n|-heal|p2a: Tapu Fini|100\/100|[from] item: Leftovers\n|-heal|p1a: Tapu Fini|67\/100|[from] item: Leftovers\n|upkeep\n|turn|10\n|c|\u2606BeastyJ157|is this game already lol\n|-message|doorowner forfeited.\n|\n|win|BeastyJ157\n","uploadtime":1658350322,"views":3,"p1id":"doorowner","p2id":"beastyj157","formatid":"gen8nationaldex","rating":0,"private":0,"password":null}