{"id":"gen8nationaldex-1129333146","p1":"Agumon626","p2":"Ban Lando t guy jk","format":"gen8nationaldex","log":"|j|\u2606Agumon626\n|j|\u2606Ban Lando t guy jk\n|player|p1|Agumon626|swimmerf-gen4dp|1393\n|player|p2|Ban Lando t guy jk|164|1297\n|teamsize|p1|6\n|teamsize|p2|6\n|gametype|singles\n|gen|8\n|tier|[Gen 8] National Dex\n|rated|\n|clearpoke\n|poke|p1|Mew|\n|poke|p1|Porygon2|\n|poke|p1|Victini|\n|poke|p1|Exploud, F|\n|poke|p1|Cresselia, F|\n|poke|p1|Dracovish|\n|poke|p2|Hawlucha, M|\n|poke|p2|Ferrothorn, F|\n|poke|p2|Pelipper, F|\n|poke|p2|Tapu Koko|\n|poke|p2|Swampert, M|\n|poke|p2|Kartana|\n|rule|HP Percentage Mod: HP is shown in percentages\n|rule|Endless Battle Clause: Forcing endless battles is banned\n|rule|OHKO Clause: OHKO moves are banned\n|rule|Evasion Moves Clause: Evasion moves are banned\n|rule|Species Clause: Limit one of each Pok\u00e9mon\n|rule|Dynamax Clause: You cannot dynamax\n|rule|Sleep Clause Mod: Limit one foe put to sleep\n|teampreview\n|c|\u2606Agumon626|hf\n|inactive|Battle timer is ON: inactive players will automatically lose when time's up. (requested by Ban Lando t guy jk)\n|\n|start\n|switch|p1a: Mew|Mew|100\/100\n|switch|p2a: Speed OD|Tapu Koko|100\/100\n|-fieldstart|move: Electric Terrain|[from] ability: Electric Surge|[of] p2a: Speed OD\n|turn|1\n|\n|move|p2a: Speed OD|Taunt|p1a: Mew\n|-start|p1a: Mew|move: Taunt\n|-enditem|p1a: Mew|Mental Herb\n|-end|p1a: Mew|move: Taunt\n|move|p1a: Mew|Trick Room|p1a: Mew\n|-fieldstart|move: Trick Room|[of] p1a: Mew\n|\n|upkeep\n|turn|2\n|\n|switch|p1a: Victini|Victini|100\/100\n|move|p2a: Speed OD|Nature's Madness|p1a: Victini\n|-damage|p1a: Victini|51\/100\n|\n|upkeep\n|turn|3\n|\n|move|p1a: Victini|V-create|p2a: Speed OD\n|-damage|p2a: Speed OD|0 fnt\n|-unboost|p1a: Victini|spe|1\n|-unboost|p1a: Victini|def|1\n|-unboost|p1a: Victini|spd|1\n|-damage|p1a: Victini|41\/100|[from] item: Life Orb\n|faint|p2a: Speed OD\n|\n|upkeep\n|\n|switch|p2a: Nappy is trash|Pelipper, F|100\/100\n|-weather|RainDance|[from] ability: Drizzle|[of] p2a: Nappy is trash\n|turn|4\n|\n|move|p1a: Victini|Bolt Strike|p2a: Nappy is trash\n|-supereffective|p2a: Nappy is trash\n|-damage|p2a: Nappy is trash|0 fnt\n|-damage|p1a: Victini|31\/100|[from] item: Life Orb\n|faint|p2a: Nappy is trash\n|\n|-weather|RainDance|[upkeep]\n|upkeep\n|\n|switch|p2a: Copypaste|Hawlucha, M|100\/100\n|-enditem|p2a: Copypaste|Electric Seed\n|-boost|p2a: Copypaste|def|1|[from] item: Electric Seed\n|turn|5\n|\n|move|p1a: Victini|Bolt Strike|p2a: Copypaste\n|-supereffective|p2a: Copypaste\n|-damage|p2a: Copypaste|0 fnt\n|-damage|p1a: Victini|21\/100|[from] item: Life Orb\n|faint|p2a: Copypaste\n|\n|-weather|RainDance|[upkeep]\n|-fieldend|move: Electric Terrain\n|-fieldend|move: Trick Room\n|upkeep\n|\n|switch|p2a: Swamp Thing|Swampert, M|100\/100\n|turn|6\n|\n|switch|p1a: Mew|Mew|100\/100\n|detailschange|p2a: Swamp Thing|Swampert-Mega, M\n|-mega|p2a: Swamp Thing|Swampert|Swampertite\n|move|p2a: Swamp Thing|Power-Up Punch|p1a: Mew\n|-resisted|p1a: Mew\n|-damage|p1a: Mew|94\/100\n|-boost|p2a: Swamp Thing|atk|1\n|\n|-weather|RainDance|[upkeep]\n|upkeep\n|turn|7\n|\n|move|p2a: Swamp Thing|Waterfall|p1a: Mew\n|-damage|p1a: Mew|1\/100\n|cant|p1a: Mew|flinch\n|\n|-weather|RainDance|[upkeep]\n|upkeep\n|turn|8\n|\n|move|p2a: Swamp Thing|Power-Up Punch|p1a: Mew\n|-resisted|p1a: Mew\n|-crit|p1a: Mew\n|-damage|p1a: Mew|0 fnt\n|-boost|p2a: Swamp Thing|atk|1\n|faint|p1a: Mew\n|\n|-weather|RainDance|[upkeep]\n|upkeep\n|\n|switch|p1a: Cresselia|Cresselia, F|100\/100\n|turn|9\n|\n|move|p2a: Swamp Thing|Waterfall|p1a: Cresselia\n|-damage|p1a: Cresselia|22\/100\n|cant|p1a: Cresselia|flinch\n|\n|-weather|RainDance|[upkeep]\n|-heal|p1a: Cresselia|28\/100|[from] item: Leftovers\n|upkeep\n|turn|10\n|\n|move|p2a: Swamp Thing|Waterfall|p1a: Cresselia\n|-damage|p1a: Cresselia|0 fnt\n|faint|p1a: Cresselia\n|\n|-weather|RainDance|[upkeep]\n|upkeep\n|\n|switch|p1a: Victini|Victini|21\/100\n|turn|11\n|\n|move|p2a: Swamp Thing|Waterfall|p1a: Victini\n|-supereffective|p1a: Victini\n|-damage|p1a: Victini|0 fnt\n|faint|p1a: Victini\n|\n|-weather|none\n|upkeep\n|\n|switch|p1a: Porygon2|Porygon2|100\/100\n|-ability|p1a: Porygon2|Swift Swim|[from] ability: Trace|[of] p2a: Swamp Thing\n|turn|12\n|\n|move|p2a: Swamp Thing|Earthquake|p1a: Porygon2\n|-damage|p1a: Porygon2|36\/100\n|move|p1a: Porygon2|Trick Room|p1a: Porygon2\n|-fieldstart|move: Trick Room|[of] p1a: Porygon2\n|\n|upkeep\n|turn|13\n|\n|switch|p2a: Hate rain :(|Ferrothorn, F|100\/100\n|move|p1a: Porygon2|Ice Beam|p2a: Hate rain :(\n|-damage|p2a: Hate rain :(|85\/100\n|\n|-heal|p2a: Hate rain :(|92\/100|[from] item: Leftovers\n|upkeep\n|turn|14\n|\n|move|p2a: Hate rain :(|Stealth Rock|p1a: Porygon2\n|-sidestart|p1: Agumon626|move: Stealth Rock\n|move|p1a: Porygon2|Ice Beam|p2a: Hate rain :(\n|-damage|p2a: Hate rain :(|75\/100\n|\n|-heal|p2a: Hate rain :(|81\/100|[from] item: Leftovers\n|upkeep\n|turn|15\n|\n|move|p2a: Hate rain :(|Knock Off|p1a: Porygon2\n|-damage|p1a: Porygon2|26\/100\n|-enditem|p1a: Porygon2|Eviolite|[from] move: Knock Off|[of] p2a: Hate rain :(\n|move|p1a: Porygon2|Recover|p1a: Porygon2\n|-heal|p1a: Porygon2|76\/100\n|\n|-heal|p2a: Hate rain :(|87\/100|[from] item: Leftovers\n|upkeep\n|turn|16\n|\n|move|p2a: Hate rain :(|Spikes|p1a: Porygon2\n|-sidestart|p1: Agumon626|Spikes\n|move|p1a: Porygon2|Ice Beam|p2a: Hate rain :(\n|-damage|p2a: Hate rain :(|71\/100\n|\n|-heal|p2a: Hate rain :(|77\/100|[from] item: Leftovers\n|-fieldend|move: Trick Room\n|upkeep\n|turn|17\n|\n|move|p1a: Porygon2|Ice Beam|p2a: Hate rain :(\n|-damage|p2a: Hate rain :(|62\/100\n|move|p2a: Hate rain :(|Gyro Ball|p1a: Porygon2\n|-damage|p1a: Porygon2|57\/100\n|\n|-heal|p2a: Hate rain :(|68\/100|[from] item: Leftovers\n|upkeep\n|turn|18\n|\n|move|p1a: Porygon2|Recover|p1a: Porygon2\n|-heal|p1a: Porygon2|100\/100\n|move|p2a: Hate rain :(|Spikes|p1a: Porygon2\n|-sidestart|p1: Agumon626|Spikes\n|\n|-heal|p2a: Hate rain :(|74\/100|[from] item: Leftovers\n|upkeep\n|turn|19\n|\n|move|p1a: Porygon2|Ice Beam|p2a: Hate rain :(\n|-damage|p2a: Hate rain :(|59\/100\n|move|p2a: Hate rain :(|Knock Off|p1a: Porygon2\n|-damage|p1a: Porygon2|90\/100\n|\n|-heal|p2a: Hate rain :(|65\/100|[from] item: Leftovers\n|upkeep\n|turn|20\n|\n|move|p1a: Porygon2|Ice Beam|p2a: Hate rain :(\n|-damage|p2a: Hate rain :(|50\/100\n|move|p2a: Hate rain :(|Spikes|p1a: Porygon2\n|-sidestart|p1: Agumon626|Spikes\n|\n|-heal|p2a: Hate rain :(|56\/100|[from] item: Leftovers\n|upkeep\n|turn|21\n|\n|switch|p2a: Wolverine|Kartana|100\/100\n|move|p1a: Porygon2|Ice Beam|p2a: Wolverine\n|-damage|p2a: Wolverine|30\/100\n|\n|upkeep\n|turn|22\n|\n|move|p2a: Wolverine|Sacred Sword|p1a: Porygon2\n|-supereffective|p1a: Porygon2\n|-damage|p1a: Porygon2|34\/100\n|move|p1a: Porygon2|Trick Room|p1a: Porygon2\n|-fieldstart|move: Trick Room|[of] p1a: Porygon2\n|\n|upkeep\n|turn|23\n|\n|switch|p2a: Hate rain :(|Ferrothorn, F|56\/100\n|move|p1a: Porygon2|Ice Beam|p2a: Hate rain :(\n|-damage|p2a: Hate rain :(|39\/100\n|\n|-heal|p2a: Hate rain :(|45\/100|[from] item: Leftovers\n|upkeep\n|turn|24\n|\n|move|p2a: Hate rain :(|Gyro Ball|p1a: Porygon2\n|-damage|p1a: Porygon2|15\/100\n|move|p1a: Porygon2|Recover|p1a: Porygon2\n|-heal|p1a: Porygon2|65\/100\n|\n|-heal|p2a: Hate rain :(|51\/100|[from] item: Leftovers\n|upkeep\n|turn|25\n|\n|move|p2a: Hate rain :(|Gyro Ball|p1a: Porygon2\n|-damage|p1a: Porygon2|47\/100\n|move|p1a: Porygon2|Ice Beam|p2a: Hate rain :(\n|-damage|p2a: Hate rain :(|35\/100\n|\n|-heal|p2a: Hate rain :(|41\/100|[from] item: Leftovers\n|upkeep\n|turn|26\n|\n|move|p2a: Hate rain :(|Gyro Ball|p1a: Porygon2\n|-damage|p1a: Porygon2|28\/100\n|move|p1a: Porygon2|Recover|p1a: Porygon2\n|-heal|p1a: Porygon2|78\/100\n|\n|-heal|p2a: Hate rain :(|47\/100|[from] item: Leftovers\n|-fieldend|move: Trick Room\n|upkeep\n|turn|27\n|\n|move|p1a: Porygon2|Ice Beam|p2a: Hate rain :(\n|-damage|p2a: Hate rain :(|31\/100\n|move|p2a: Hate rain :(|Knock Off|p1a: Porygon2\n|-damage|p1a: Porygon2|67\/100\n|\n|-heal|p2a: Hate rain :(|37\/100|[from] item: Leftovers\n|upkeep\n|turn|28\n|\n|switch|p2a: Swamp Thing|Swampert-Mega, M|100\/100\n|move|p1a: Porygon2|Recover|p1a: Porygon2\n|-heal|p1a: Porygon2|100\/100\n|\n|upkeep\n|turn|29\n|\n|move|p2a: Swamp Thing|Power-Up Punch|p1a: Porygon2\n|-supereffective|p1a: Porygon2\n|-damage|p1a: Porygon2|76\/100\n|-boost|p2a: Swamp Thing|atk|1\n|move|p1a: Porygon2|Trick Room|p1a: Porygon2\n|-fieldstart|move: Trick Room|[of] p1a: Porygon2\n|\n|upkeep\n|turn|30\n|\n|switch|p1a: Exploud|Exploud, F|100\/100\n|-damage|p1a: Exploud|88\/100|[from] Stealth Rock\n|-damage|p1a: Exploud|63\/100|[from] Spikes\n|move|p2a: Swamp Thing|Earthquake|p1a: Exploud\n|-damage|p1a: Exploud|0 fnt\n|faint|p1a: Exploud\n|\n|upkeep\n|\n|switch|p1a: Dracovish|Dracovish|100\/100\n|-damage|p1a: Dracovish|88\/100|[from] Stealth Rock\n|-damage|p1a: Dracovish|63\/100|[from] Spikes\n|turn|31\n|\n|move|p1a: Dracovish|Fishious Rend|p2a: Swamp Thing\n|-damage|p2a: Swamp Thing|0 fnt\n|faint|p2a: Swamp Thing\n|\n|upkeep\n|\n|switch|p2a: Hate rain :(|Ferrothorn, F|37\/100\n|turn|32\n|\n|move|p2a: Hate rain :(|Gyro Ball|p1a: Dracovish\n|-resisted|p1a: Dracovish\n|-damage|p1a: Dracovish|51\/100\n|move|p1a: Dracovish|Fishious Rend|p2a: Hate rain :(\n|-resisted|p2a: Hate rain :(\n|-damage|p2a: Hate rain :(|13\/100\n|-damage|p1a: Dracovish|39\/100|[from] ability: Iron Barbs|[of] p2a: Hate rain :(\n|\n|-heal|p2a: Hate rain :(|19\/100|[from] item: Leftovers\n|upkeep\n|turn|33\n|\n|switch|p1a: Porygon2|Porygon2|76\/100\n|-damage|p1a: Porygon2|64\/100|[from] Stealth Rock\n|-damage|p1a: Porygon2|39\/100|[from] Spikes\n|-ability|p1a: Porygon2|Iron Barbs|[from] ability: Trace|[of] p2a: Hate rain :(\n|move|p2a: Hate rain :(|Gyro Ball|p1a: Porygon2\n|-damage|p1a: Porygon2|22\/100\n|-damage|p2a: Hate rain :(|6\/100|[from] ability: Iron Barbs|[of] p1a: Porygon2\n|\n|-heal|p2a: Hate rain :(|13\/100|[from] item: Leftovers\n|-fieldend|move: Trick Room\n|upkeep\n|turn|34\n|\n|switch|p2a: Wolverine|Kartana|30\/100\n|move|p1a: Porygon2|Recover|p1a: Porygon2\n|-heal|p1a: Porygon2|72\/100\n|\n|upkeep\n|turn|35\n|\n|move|p2a: Wolverine|Sacred Sword|p1a: Porygon2\n|-supereffective|p1a: Porygon2\n|-damage|p1a: Porygon2|11\/100\n|-damage|p2a: Wolverine|17\/100|[from] ability: Iron Barbs|[of] p1a: Porygon2\n|move|p1a: Porygon2|Ice Beam|p2a: Wolverine\n|-damage|p2a: Wolverine|0 fnt\n|faint|p2a: Wolverine\n|\n|upkeep\n|\n|switch|p2a: Hate rain :(|Ferrothorn, F|13\/100\n|turn|36\n|\n|move|p1a: Porygon2|Recover|p1a: Porygon2\n|-heal|p1a: Porygon2|61\/100\n|move|p2a: Hate rain :(|Gyro Ball|p1a: Porygon2\n|-damage|p1a: Porygon2|44\/100\n|-damage|p2a: Hate rain :(|0 fnt|[from] ability: Iron Barbs|[of] p1a: Porygon2\n|faint|p2a: Hate rain :(\n|\n|win|Agumon626\n|l|\u2606Ban Lando t guy jk\n||Ladder (probably) updated, but score could not be retrieved (Response not received).\n","uploadtime":1591656386,"views":2,"p1id":"agumon626","p2id":"banlandotguyjk","formatid":"gen8nationaldex","rating":0,"private":0,"password":null}