{"id":"gen8randombattle-1633755002","p1":"aqw bot","p2":"Arcangel666","format":"gen8randombattle","log":"|j|\u2606aqw bot\n|j|\u2606Arcangel666\n|t:|1659815649\n|gametype|singles\n|player|p1|aqw bot|ethan|2038\n|player|p2|Arcangel666|piers|2017\n|teamsize|p1|6\n|teamsize|p2|6\n|gen|8\n|tier|[Gen 8] Random Battle\n|rated|\n|rule|Species Clause: Limit one of each Pok\u00e9mon\n|rule|HP Percentage Mod: HP is shown in percentages\n|rule|Sleep Clause Mod: Limit one foe put to sleep\n|\n|t:|1659815649\n|start\n|switch|p1a: Primarina|Primarina, L82, F|265\/265\n|switch|p2a: Tornadus|Tornadus-Therian, L78, M|251\/251\n|turn|1\n|\n|t:|1659815660\n|move|p2a: Tornadus|Knock Off|p1a: Primarina\n|-resisted|p1a: Primarina\n|-damage|p1a: Primarina|231\/265\n|-enditem|p1a: Primarina|Choice Scarf|[from] move: Knock Off|[of] p2a: Tornadus\n|move|p1a: Primarina|Hydro Pump|p2a: Tornadus\n|-damage|p2a: Tornadus|113\/251\n|\n|upkeep\n|turn|2\n|\n|t:|1659815668\n|move|p2a: Tornadus|U-turn|p1a: Primarina\n|-resisted|p1a: Primarina\n|-damage|p1a: Primarina|208\/265\n|\n|t:|1659815671\n|switch|p2a: Klinklang|Klinklang, L84|238\/238\n|move|p1a: Primarina|Hydro Pump|p2a: Klinklang\n|-damage|p2a: Klinklang|108\/238\n|\n|-heal|p2a: Klinklang|122\/238|[from] item: Leftovers\n|upkeep\n|turn|3\n|\n|t:|1659815679\n|move|p2a: Klinklang|Wild Charge|p1a: Primarina\n|-supereffective|p1a: Primarina\n|-damage|p1a: Primarina|70\/265\n|-damage|p2a: Klinklang|87\/238|[from] Recoil\n|move|p1a: Primarina|Hydro Pump|p2a: Klinklang\n|-damage|p2a: Klinklang|0 fnt\n|faint|p2a: Klinklang\n|\n|upkeep\n|\n|t:|1659815683\n|switch|p2a: Ribombee|Ribombee, L82, M|233\/233\n|turn|4\n|\n|t:|1659815690\n|move|p2a: Ribombee|Sticky Web|p1a: Primarina\n|-sidestart|p1: aqw bot|move: Sticky Web\n|move|p1a: Primarina|Hydro Pump|p2a: Ribombee\n|-damage|p2a: Ribombee|4\/233\n|\n|-heal|p2a: Ribombee|18\/233|[from] item: Leftovers\n|upkeep\n|turn|5\n|\n|t:|1659815696\n|move|p2a: Ribombee|Moonblast|p1a: Primarina\n|-crit|p1a: Primarina\n|-damage|p1a: Primarina|0 fnt\n|faint|p1a: Primarina\n|\n|-heal|p2a: Ribombee|32\/233|[from] item: Leftovers\n|upkeep\n|\n|t:|1659815708\n|switch|p1a: Steelix|Steelix, L84, M|263\/263\n|-activate|p1a: Steelix|move: Sticky Web\n|-unboost|p1a: Steelix|spe|1\n|turn|6\n|\n|t:|1659815712\n|move|p2a: Ribombee|Stun Spore|p1a: Steelix\n|-status|p1a: Steelix|par\n|cant|p1a: Steelix|par\n|\n|-heal|p2a: Ribombee|46\/233|[from] item: Leftovers\n|upkeep\n|turn|7\n|\n|t:|1659815719\n|move|p2a: Ribombee|Moonblast|p1a: Steelix\n|-resisted|p1a: Steelix\n|-damage|p1a: Steelix|209\/263 par\n|move|p1a: Steelix|Heavy Slam|p2a: Ribombee\n|-supereffective|p2a: Ribombee\n|-damage|p2a: Ribombee|0 fnt\n|faint|p2a: Ribombee\n|\n|-heal|p1a: Steelix|225\/263 par|[from] item: Leftovers\n|upkeep\n|\n|t:|1659815722\n|switch|p2a: Pelipper|Pelipper, L86, M|243\/243\n|-weather|RainDance|[from] ability: Drizzle|[of] p2a: Pelipper\n|turn|8\n|\n|t:|1659815731\n|switch|p1a: Ninetales|Ninetales-Alola, L79, M|245\/245\n|-weather|Hail|[from] ability: Snow Warning|[of] p1a: Ninetales\n|move|p2a: Pelipper|U-turn|p1a: Ninetales\n|-resisted|p1a: Ninetales\n|-crit|p1a: Ninetales\n|-damage|p1a: Ninetales|214\/245\n|\n|t:|1659815737\n|switch|p2a: Zacian|Zacian, L68|238\/238\n|-ability|p2a: Zacian|Intrepid Sword|boost\n|-boost|p2a: Zacian|atk|1\n|\n|-weather|Hail|[upkeep]\n|-damage|p2a: Zacian|224\/238|[from] Hail\n|upkeep\n|turn|9\n|\n|t:|1659815747\n|switch|p1a: Salazzle|Salazzle, L82, F|246\/246\n|-activate|p1a: Salazzle|move: Sticky Web\n|-unboost|p1a: Salazzle|spe|1\n|move|p2a: Zacian|Swords Dance|p2a: Zacian\n|-boost|p2a: Zacian|atk|2\n|\n|-weather|Hail|[upkeep]\n|-damage|p2a: Zacian|210\/238|[from] Hail\n|-damage|p1a: Salazzle|231\/246|[from] Hail\n|-heal|p1a: Salazzle|246\/246|[from] item: Black Sludge\n|upkeep\n|turn|10\n|\n|t:|1659815754\n|move|p1a: Salazzle|Protect|p1a: Salazzle\n|-singleturn|p1a: Salazzle|Protect\n|move|p2a: Zacian|Psychic Fangs|p1a: Salazzle\n|-activate|p1a: Salazzle|move: Protect\n|\n|-weather|Hail|[upkeep]\n|-damage|p2a: Zacian|196\/238|[from] Hail\n|-damage|p1a: Salazzle|231\/246|[from] Hail\n|-heal|p1a: Salazzle|246\/246|[from] item: Black Sludge\n|upkeep\n|turn|11\n|\n|t:|1659815758\n|switch|p1a: Steelix|Steelix, L84, M|225\/263 par\n|-activate|p1a: Steelix|move: Sticky Web\n|-unboost|p1a: Steelix|spe|1\n|move|p2a: Zacian|Crunch|p1a: Steelix\n|-damage|p1a: Steelix|164\/263 par\n|-unboost|p1a: Steelix|def|1\n|\n|-weather|Hail|[upkeep]\n|-damage|p2a: Zacian|182\/238|[from] Hail\n|-damage|p1a: Steelix|148\/263 par|[from] Hail\n|-heal|p1a: Steelix|164\/263 par|[from] item: Leftovers\n|upkeep\n|turn|12\n|\n|t:|1659815766\n|move|p2a: Zacian|Crunch|p1a: Steelix\n|-damage|p1a: Steelix|70\/263 par\n|move|p1a: Steelix|Heavy Slam|p2a: Zacian\n|-supereffective|p2a: Zacian\n|-damage|p2a: Zacian|38\/238\n|\n|-weather|none\n|-heal|p1a: Steelix|86\/263 par|[from] item: Leftovers\n|upkeep\n|turn|13\n|\n|t:|1659815778\n|move|p2a: Zacian|Crunch|p1a: Steelix\n|-damage|p1a: Steelix|0 fnt\n|faint|p1a: Steelix\n|\n|upkeep\n|\n|t:|1659815792\n|switch|p1a: Ninetales|Ninetales-Alola, L79, M|214\/245\n|-weather|Hail|[from] ability: Snow Warning|[of] p1a: Ninetales\n|turn|14\n|\n|t:|1659815800\n|move|p2a: Zacian|Play Rough|p1a: Ninetales\n|-damage|p1a: Ninetales|0 fnt\n|faint|p1a: Ninetales\n|\n|-weather|Hail|[upkeep]\n|-damage|p2a: Zacian|24\/238|[from] Hail\n|upkeep\n|\n|t:|1659815806\n|switch|p1a: Salazzle|Salazzle, L82, F|246\/246\n|-activate|p1a: Salazzle|move: Sticky Web\n|-unboost|p1a: Salazzle|spe|1\n|turn|15\n|\n|t:|1659815810\n|move|p1a: Salazzle|Protect|p1a: Salazzle\n|-singleturn|p1a: Salazzle|Protect\n|move|p2a: Zacian|Psychic Fangs|p1a: Salazzle\n|-activate|p1a: Salazzle|move: Protect\n|\n|-weather|Hail|[upkeep]\n|-damage|p2a: Zacian|10\/238|[from] Hail\n|-damage|p1a: Salazzle|231\/246|[from] Hail\n|-heal|p1a: Salazzle|246\/246|[from] item: Black Sludge\n|upkeep\n|turn|16\n|\n|t:|1659815815\n|switch|p1a: Morpeko|Morpeko, L86, M|240\/240\n|-activate|p1a: Morpeko|move: Sticky Web\n|-unboost|p1a: Morpeko|spe|1\n|move|p2a: Zacian|Psychic Fangs|p1a: Morpeko\n|-immune|p1a: Morpeko\n|\n|-weather|Hail|[upkeep]\n|-damage|p2a: Zacian|0 fnt|[from] Hail\n|-damage|p1a: Morpeko|225\/240|[from] Hail\n|faint|p2a: Zacian\n|-heal|p1a: Morpeko|240\/240|[from] item: Leftovers\n|-formechange|p1a: Morpeko|Morpeko-Hangry||[from] ability: Hunger Switch\n|upkeep\n|\n|t:|1659815820\n|switch|p2a: Raikou|Raikou, L80|275\/275\n|-ability|p2a: Raikou|Pressure\n|turn|17\n|\n|t:|1659815830\n|move|p2a: Raikou|Calm Mind|p2a: Raikou\n|-boost|p2a: Raikou|spa|1\n|-boost|p2a: Raikou|spd|1\n|move|p1a: Morpeko|Rapid Spin|p2a: Raikou\n|-damage|p2a: Raikou|231\/275\n|-boost|p1a: Morpeko|spe|1\n|-sideend|p1: aqw bot|Sticky Web|[from] move: Rapid Spin|[of] p1a: Morpeko\n|\n|-weather|Hail|[upkeep]\n|-damage|p2a: Raikou|214\/275|[from] Hail\n|-damage|p1a: Morpeko|225\/240|[from] Hail\n|-heal|p1a: Morpeko|240\/240|[from] item: Leftovers\n|-formechange|p1a: Morpeko|Morpeko||[from] ability: Hunger Switch\n|upkeep\n|turn|18\n|\n|t:|1659815845\n|move|p2a: Raikou|Aura Sphere|p1a: Morpeko\n|-supereffective|p1a: Morpeko\n|-damage|p1a: Morpeko|0 fnt\n|faint|p1a: Morpeko\n|-damage|p2a: Raikou|187\/275|[from] item: Life Orb\n|\n|-weather|none\n|upkeep\n|\n|t:|1659815853\n|switch|p1a: Cinccino|Cinccino, L84, M|263\/263\n|turn|19\n|\n|t:|1659815871\n|-start|p1a: Cinccino|Dynamax|\n|-heal|p1a: Cinccino|526\/526|[silent]\n|-start|p2a: Raikou|Dynamax|\n|-heal|p2a: Raikou|374\/550|[silent]\n|move|p1a: Cinccino|Max Strike|p2a: Raikou\n|-damage|p2a: Raikou|224\/550\n|-unboost|p2a: Raikou|spe|1\n|move|p2a: Raikou|Max Knuckle|p1a: Cinccino\n|-supereffective|p1a: Cinccino\n|-damage|p1a: Cinccino|204\/526\n|-boost|p2a: Raikou|atk|1\n|-damage|p2a: Raikou|197\/550|[from] item: Life Orb\n|\n|upkeep\n|turn|20\n|\n|t:|1659815886\n|move|p1a: Cinccino|Max Flutterby|p2a: Raikou\n|-damage|p2a: Raikou|105\/550\n|-unboost|p2a: Raikou|spa|1\n|move|p2a: Raikou|Max Knuckle|p1a: Cinccino\n|-supereffective|p1a: Cinccino\n|-damage|p1a: Cinccino|0 fnt\n|-boost|p2a: Raikou|atk|1\n|faint|p1a: Cinccino\n|-damage|p2a: Raikou|78\/550|[from] item: Life Orb\n|\n|upkeep\n|\n|t:|1659815897\n|switch|p1a: Salazzle|Salazzle, L82, F|246\/246\n|turn|21\n|\n|t:|1659815902\n|-end|p2a: Raikou|Dynamax\n|-heal|p2a: Raikou|39\/275|[silent]\n|switch|p2a: Pelipper|Pelipper, L86, M|243\/243\n|-weather|RainDance|[from] ability: Drizzle|[of] p2a: Pelipper\n|move|p1a: Salazzle|Substitute|p1a: Salazzle\n|-start|p1a: Salazzle|Substitute\n|-damage|p1a: Salazzle|185\/246\n|\n|-weather|RainDance|[upkeep]\n|-heal|p1a: Salazzle|200\/246|[from] item: Black Sludge\n|upkeep\n|turn|22\n|\n|t:|1659815916\n|move|p1a: Salazzle|Protect|p1a: Salazzle\n|-singleturn|p1a: Salazzle|Protect\n|move|p2a: Pelipper|Scald|p1a: Salazzle\n|-activate|p1a: Salazzle|move: Protect\n|\n|-weather|RainDance|[upkeep]\n|-heal|p1a: Salazzle|215\/246|[from] item: Black Sludge\n|upkeep\n|turn|23\n|\n|t:|1659815923\n|move|p1a: Salazzle|Toxic|p2a: Pelipper\n|-status|p2a: Pelipper|tox\n|move|p2a: Pelipper|Scald|p1a: Salazzle\n|-supereffective|p1a: Salazzle\n|-end|p1a: Salazzle|Substitute\n|\n|-weather|RainDance|[upkeep]\n|-heal|p1a: Salazzle|230\/246|[from] item: Black Sludge\n|-damage|p2a: Pelipper|228\/243 tox|[from] psn\n|upkeep\n|turn|24\n|\n|t:|1659815932\n|switch|p2a: Tornadus|Tornadus-Therian, L78, M|196\/251\n|move|p1a: Salazzle|Substitute|p1a: Salazzle\n|-start|p1a: Salazzle|Substitute\n|-damage|p1a: Salazzle|169\/246\n|\n|-weather|RainDance|[upkeep]\n|-heal|p1a: Salazzle|184\/246|[from] item: Black Sludge\n|upkeep\n|turn|25\n|\n|t:|1659815941\n|move|p1a: Salazzle|Toxic|p2a: Tornadus\n|-status|p2a: Tornadus|tox\n|move|p2a: Tornadus|Knock Off|p1a: Salazzle\n|-end|p1a: Salazzle|Substitute\n|\n|-weather|none\n|-heal|p1a: Salazzle|199\/246|[from] item: Black Sludge\n|-damage|p2a: Tornadus|181\/251 tox|[from] psn\n|upkeep\n|turn|26\n|\n|t:|1659815951\n|move|p1a: Salazzle|Substitute|p1a: Salazzle\n|-start|p1a: Salazzle|Substitute\n|-damage|p1a: Salazzle|138\/246\n|move|p2a: Tornadus|U-turn|p1a: Salazzle\n|-resisted|p1a: Salazzle\n|-activate|p1a: Salazzle|move: Substitute|[damage]\n|\n|t:|1659815954\n|switch|p2a: Pelipper|Pelipper, L86, M|228\/243 tox\n|-weather|RainDance|[from] ability: Drizzle|[of] p2a: Pelipper\n|\n|-weather|RainDance|[upkeep]\n|-heal|p1a: Salazzle|153\/246|[from] item: Black Sludge\n|-damage|p2a: Pelipper|213\/243 tox|[from] psn\n|upkeep\n|turn|27\n|\n|t:|1659815963\n|move|p1a: Salazzle|Protect|p1a: Salazzle\n|-singleturn|p1a: Salazzle|Protect\n|move|p2a: Pelipper|U-turn|p1a: Salazzle\n|-activate|p1a: Salazzle|move: Protect\n|\n|-weather|RainDance|[upkeep]\n|-heal|p1a: Salazzle|168\/246|[from] item: Black Sludge\n|-damage|p2a: Pelipper|183\/243 tox|[from] psn\n|upkeep\n|turn|28\n|\n|t:|1659815972\n|move|p1a: Salazzle|Flamethrower|p2a: Pelipper\n|-resisted|p2a: Pelipper\n|-damage|p2a: Pelipper|153\/243 tox\n|move|p2a: Pelipper|U-turn|p1a: Salazzle\n|-resisted|p1a: Salazzle\n|-crit|p1a: Salazzle\n|-activate|p1a: Salazzle|move: Substitute|[damage]\n|\n|t:|1659815975\n|switch|p2a: Tornadus|Tornadus-Therian, L78, M|251\/251 tox\n|\n|-weather|RainDance|[upkeep]\n|-heal|p1a: Salazzle|183\/246|[from] item: Black Sludge\n|-damage|p2a: Tornadus|236\/251 tox|[from] psn\n|upkeep\n|turn|29\n|\n|t:|1659815983\n|move|p1a: Salazzle|Protect|p1a: Salazzle\n|-singleturn|p1a: Salazzle|Protect\n|move|p2a: Tornadus|U-turn|p1a: Salazzle\n|-activate|p1a: Salazzle|move: Protect\n|\n|-weather|RainDance|[upkeep]\n|-heal|p1a: Salazzle|198\/246|[from] item: Black Sludge\n|-damage|p2a: Tornadus|206\/251 tox|[from] psn\n|upkeep\n|turn|30\n|\n|t:|1659815994\n|move|p1a: Salazzle|Flamethrower|p2a: Tornadus\n|-damage|p2a: Tornadus|154\/251 tox\n|move|p2a: Tornadus|U-turn|p1a: Salazzle\n|-resisted|p1a: Salazzle\n|-activate|p1a: Salazzle|move: Substitute|[damage]\n|\n|t:|1659815997\n|switch|p2a: Pelipper|Pelipper, L86, M|153\/243 tox\n|\n|-weather|none\n|-heal|p1a: Salazzle|213\/246|[from] item: Black Sludge\n|-damage|p2a: Pelipper|138\/243 tox|[from] psn\n|upkeep\n|turn|31\n|\n|t:|1659816005\n|switch|p2a: Tornadus|Tornadus-Therian, L78, M|237\/251 tox\n|move|p1a: Salazzle|Flamethrower|p2a: Tornadus\n|-damage|p2a: Tornadus|132\/251 tox\n|\n|-heal|p1a: Salazzle|228\/246|[from] item: Black Sludge\n|-damage|p2a: Tornadus|117\/251 tox|[from] psn\n|upkeep\n|turn|32\n|\n|t:|1659816014\n|switch|p2a: Pelipper|Pelipper, L86, M|138\/243 tox\n|-weather|RainDance|[from] ability: Drizzle|[of] p2a: Pelipper\n|move|p1a: Salazzle|Protect||[still]\n|-fail|p1a: Salazzle\n|\n|-weather|RainDance|[upkeep]\n|-heal|p1a: Salazzle|243\/246|[from] item: Black Sludge\n|-damage|p2a: Pelipper|123\/243 tox|[from] psn\n|upkeep\n|turn|33\n|\n|t:|1659816026\n|switch|p2a: Tornadus|Tornadus-Therian, L78, M|200\/251 tox\n|move|p1a: Salazzle|Flamethrower|p2a: Tornadus\n|-damage|p2a: Tornadus|145\/251 tox\n|\n|-weather|RainDance|[upkeep]\n|-heal|p1a: Salazzle|246\/246|[from] item: Black Sludge\n|-damage|p2a: Tornadus|130\/251 tox|[from] psn\n|upkeep\n|turn|34\n|\n|t:|1659816037\n|switch|p2a: Pelipper|Pelipper, L86, M|123\/243 tox\n|move|p1a: Salazzle|Flamethrower|p2a: Pelipper\n|-resisted|p2a: Pelipper\n|-damage|p2a: Pelipper|96\/243 tox\n|\n|-weather|RainDance|[upkeep]\n|-damage|p2a: Pelipper|81\/243 tox|[from] psn\n|upkeep\n|turn|35\n|\n|t:|1659816047\n|switch|p2a: Tornadus|Tornadus-Therian, L78, M|213\/251 tox\n|move|p1a: Salazzle|Protect||[still]\n|-fail|p1a: Salazzle\n|\n|-weather|RainDance|[upkeep]\n|-damage|p2a: Tornadus|198\/251 tox|[from] psn\n|upkeep\n|turn|36\n|\n|t:|1659816056\n|move|p1a: Salazzle|Toxic|p2a: Tornadus\n|-fail|p2a: Tornadus|tox\n|move|p2a: Tornadus|U-turn|p1a: Salazzle\n|-resisted|p1a: Salazzle\n|-activate|p1a: Salazzle|move: Substitute|[damage]\n|\n|t:|1659816059\n|switch|p2a: Raikou|Raikou, L80|39\/275\n|-ability|p2a: Raikou|Pressure\n|\n|-weather|none\n|upkeep\n|turn|37\n|\n|t:|1659816066\n|switch|p2a: Pelipper|Pelipper, L86, M|81\/243 tox\n|-weather|RainDance|[from] ability: Drizzle|[of] p2a: Pelipper\n|move|p1a: Salazzle|Flamethrower|p2a: Pelipper\n|-resisted|p2a: Pelipper\n|-damage|p2a: Pelipper|52\/243 tox\n|\n|-weather|RainDance|[upkeep]\n|-damage|p2a: Pelipper|37\/243 tox|[from] psn\n|upkeep\n|turn|38\n|\n|t:|1659816076\n|switch|p2a: Tornadus|Tornadus-Therian, L78, M|251\/251 tox\n|move|p1a: Salazzle|Flamethrower|p2a: Tornadus\n|-damage|p2a: Tornadus|203\/251 tox\n|\n|-weather|RainDance|[upkeep]\n|-damage|p2a: Tornadus|188\/251 tox|[from] psn\n|upkeep\n|turn|39\n|\n|t:|1659816085\n|move|p1a: Salazzle|Toxic|p2a: Tornadus\n|-fail|p2a: Tornadus|tox\n|move|p2a: Tornadus|Knock Off|p1a: Salazzle\n|-end|p1a: Salazzle|Substitute\n|\n|-weather|RainDance|[upkeep]\n|-damage|p2a: Tornadus|158\/251 tox|[from] psn\n|upkeep\n|turn|40\n|\n|t:|1659816092\n|switch|p2a: Raikou|Raikou, L80|39\/275\n|-ability|p2a: Raikou|Pressure\n|move|p1a: Salazzle|Substitute|p1a: Salazzle\n|-start|p1a: Salazzle|Substitute\n|-damage|p1a: Salazzle|185\/246\n|\n|-weather|RainDance|[upkeep]\n|-heal|p1a: Salazzle|200\/246|[from] item: Black Sludge\n|upkeep\n|turn|41\n|\n|t:|1659816101\n|switch|p2a: Tornadus|Tornadus-Therian, L78, M|241\/251 tox\n|move|p1a: Salazzle|Flamethrower|p2a: Tornadus\n|-damage|p2a: Tornadus|192\/251 tox\n|\n|-weather|none\n|-heal|p1a: Salazzle|215\/246|[from] item: Black Sludge\n|-damage|p2a: Tornadus|177\/251 tox|[from] psn\n|upkeep\n|turn|42\n|\n|t:|1659816112\n|switch|p2a: Pelipper|Pelipper, L86, M|37\/243 tox\n|-weather|RainDance|[from] ability: Drizzle|[of] p2a: Pelipper\n|move|p1a: Salazzle|Flamethrower|p2a: Pelipper\n|-resisted|p2a: Pelipper\n|-damage|p2a: Pelipper|9\/243 tox\n|\n|-weather|RainDance|[upkeep]\n|-heal|p1a: Salazzle|230\/246|[from] item: Black Sludge\n|-damage|p2a: Pelipper|0 fnt|[from] psn\n|faint|p2a: Pelipper\n|upkeep\n|\n|t:|1659816115\n|switch|p2a: Tornadus|Tornadus-Therian, L78, M|251\/251 tox\n|turn|43\n|\n|t:|1659816129\n|move|p1a: Salazzle|Protect|p1a: Salazzle\n|-singleturn|p1a: Salazzle|Protect\n|move|p2a: Tornadus|Hurricane|p1a: Salazzle\n|-activate|p1a: Salazzle|move: Protect\n|\n|-weather|RainDance|[upkeep]\n|-heal|p1a: Salazzle|245\/246|[from] item: Black Sludge\n|-damage|p2a: Tornadus|236\/251 tox|[from] psn\n|upkeep\n|turn|44\n|\n|t:|1659816138\n|move|p1a: Salazzle|Flamethrower|p2a: Tornadus\n|-damage|p2a: Tornadus|188\/251 tox\n|move|p2a: Tornadus|Hurricane|p1a: Salazzle\n|-end|p1a: Salazzle|Substitute\n|\n|-weather|RainDance|[upkeep]\n|-heal|p1a: Salazzle|246\/246|[from] item: Black Sludge\n|-damage|p2a: Tornadus|158\/251 tox|[from] psn\n|upkeep\n|turn|45\n|\n|t:|1659816147\n|switch|p2a: Raikou|Raikou, L80|39\/275\n|-ability|p2a: Raikou|Pressure\n|move|p1a: Salazzle|Substitute|p1a: Salazzle\n|-start|p1a: Salazzle|Substitute\n|-damage|p1a: Salazzle|185\/246\n|\n|-weather|RainDance|[upkeep]\n|-heal|p1a: Salazzle|200\/246|[from] item: Black Sludge\n|upkeep\n|turn|46\n|\n|t:|1659816156\n|switch|p2a: Tornadus|Tornadus-Therian, L78, M|241\/251 tox\n|move|p1a: Salazzle|Flamethrower|p2a: Tornadus\n|-damage|p2a: Tornadus|193\/251 tox\n|\n|-weather|none\n|-heal|p1a: Salazzle|215\/246|[from] item: Black Sludge\n|-damage|p2a: Tornadus|178\/251 tox|[from] psn\n|upkeep\n|turn|47\n|\n|t:|1659816166\n|move|p1a: Salazzle|Flamethrower|p2a: Tornadus\n|-damage|p2a: Tornadus|69\/251 tox\n|move|p2a: Tornadus|U-turn|p1a: Salazzle\n|-resisted|p1a: Salazzle\n|-activate|p1a: Salazzle|move: Substitute|[damage]\n|\n|t:|1659816169\n|switch|p2a: Raikou|Raikou, L80|39\/275\n|-ability|p2a: Raikou|Pressure\n|\n|-heal|p1a: Salazzle|230\/246|[from] item: Black Sludge\n|upkeep\n|turn|48\n|\n|t:|1659816177\n|move|p1a: Salazzle|Flamethrower|p2a: Raikou\n|-damage|p2a: Raikou|0 fnt\n|faint|p2a: Raikou\n|\n|-heal|p1a: Salazzle|245\/246|[from] item: Black Sludge\n|upkeep\n|-message|Arcangel666 forfeited.\n|\n|win|aqw bot\n|raw|aqw bot's rating: 2038 &rarr; <strong>2057<\/strong><br \/>(+19 for winning)\n|raw|Arcangel666's rating: 2017 &rarr; <strong>1998<\/strong><br \/>(-19 for losing)\n|l|\u2606Arcangel666\n","inputlog":">version 0d1bbd7a1d1392198beecd38968d4bbdb7a66532\n>start {\"formatid\":\"gen8randombattle\",\"seed\":[33124,7626,42003,32577],\"rated\":\"Rated battle\"}\n>player p1 {\"name\":\"aqw bot\",\"avatar\":\"ethan\",\"rating\":2038,\"seed\":[52124,4434,6519,12423]}\n>player p2 {\"name\":\"Arcangel666\",\"avatar\":\"piers\",\"rating\":2017,\"seed\":[48875,26857,33640,39286]}\n>p1 move hydropump\n>p2 move knockoff\n>p1 move hydropump\n>p2 move uturn\n>p2 switch 2\n>p1 move hydropump\n>p2 move wildcharge\n>p2 switch 3\n>p1 move hydropump\n>p2 move stickyweb\n>p1 move moonblast\n>p2 move moonblast\n>p1 switch 6\n>p1 move heavyslam\n>p2 move stunspore\n>p1 move heavyslam\n>p2 move moonblast\n>p2 switch 4\n>p1 switch 2\n>p2 move uturn\n>p2 switch 6\n>p1 switch 3\n>p2 move swordsdance\n>p1 move protect\n>p2 move psychicfangs\n>p1 switch 2\n>p2 move crunch\n>p1 move heavyslam\n>p2 move crunch\n>p1 move heavyslam\n>p2 move crunch\n>p1 switch 3\n>p1 move freezedry\n>p2 move playrough\n>p1 switch 2\n>p1 move protect\n>p2 move psychicfangs\n>p1 switch 4\n>p2 move psychicfangs\n>p2 switch 5\n>p1 move rapidspin\n>p2 move calmmind\n>p1 move partingshot\n>p2 move aurasphere\n>p1 switch 5\n>p1 move tailslap dynamax\n>p2 move aurasphere dynamax\n>p1 move uturn dynamax\n>p2 move aurasphere dynamax\n>p1 switch 4\n>p1 move substitute\n>p2 switch 6\n>p1 move protect\n>p2 move scald\n>p1 move toxic\n>p2 move scald\n>p1 move substitute\n>p2 switch 2\n>p1 move toxic\n>p2 move knockoff\n>p1 move substitute\n>p2 move uturn\n>p2 switch 2\n>p1 move protect\n>p2 move uturn\n>p1 move flamethrower\n>p2 move uturn\n>p2 switch 2\n>p1 move protect\n>p2 move uturn\n>p1 move flamethrower\n>p2 move uturn\n>p2 switch 2\n>p1 move flamethrower\n>p2 switch 2\n>p1 move protect\n>p2 switch 2\n>p1 move flamethrower\n>p2 switch 2\n>p1 move flamethrower\n>p2 switch 2\n>p1 move protect\n>p2 switch 2\n>p1 move toxic\n>p2 move uturn\n>p2 switch 6\n>p1 move flamethrower\n>p2 switch 2\n>p1 move flamethrower\n>p2 switch 6\n>p1 move toxic\n>p2 move knockoff\n>p1 move substitute\n>p2 switch 2\n>p1 move flamethrower\n>p2 switch 2\n>p1 move flamethrower\n>p2 switch 6\n>p2 switch 6\n>p1 move protect\n>p2 move hurricane\n>p1 move flamethrower\n>p2 move hurricane\n>p1 move substitute\n>p2 switch 2\n>p1 move flamethrower\n>p2 switch 2\n>p1 move flamethrower\n>p2 move uturn\n>p2 switch 2\n>p1 move flamethrower\n>p2 move scald\n>forcelose p2","uploadtime":1659816184,"views":4,"p1id":"aqwbot","p2id":"arcangel666","formatid":"gen8randombattle","rating":1998,"private":0,"password":null}