{"id":"gen8nationaldex-1497193300","p1":"Weaselfie \u263e","p2":"Ayante","format":"gen8nationaldex","log":"|j|\u2606Weaselfie \u263e\n|j|\u2606Ayante\n|inactive|Battle timer is ON: inactive players will automatically lose when time's up.\n|t:|1642986880\n|gametype|singles\n|player|p1|Weaselfie \u263e|rosa|\n|player|p2|Ayante|brawly|\n|teamsize|p1|6\n|teamsize|p2|6\n|gen|8\n|tier|[Gen 8] National Dex\n|rated|Tournament battle\n|rule|HP Percentage Mod: HP is shown in percentages\n|rule|Endless Battle Clause: Forcing endless battles is banned\n|rule|OHKO Clause: OHKO moves are banned\n|rule|Evasion Moves Clause: Evasion moves are banned\n|rule|Species Clause: Limit one of each Pok\u00e9mon\n|rule|Dynamax Clause: You cannot dynamax\n|rule|Sleep Clause Mod: Limit one foe put to sleep\n|clearpoke\n|poke|p1|Scizor, F|\n|poke|p1|Mew|\n|poke|p1|Heatran, M|\n|poke|p1|Landorus-Therian, M|\n|poke|p1|Tangrowth, M|\n|poke|p1|Greninja, M|\n|poke|p2|Heatran, M|\n|poke|p2|Kyurem|\n|poke|p2|Landorus-Therian, M|\n|poke|p2|Tapu Fini|\n|poke|p2|Scizor, F|\n|poke|p2|Greninja, F|\n|teampreview\n|inactive|Ayante also wants the timer to be on.\n|j| joey milktank\n|j| SetsuStsna\n|j| thesandmeanies\n|j| Yungster_Testboi\n|j| Cabarlo\n|j| ChaosDraco95\n|j| You'veGotCrabs\n|\n|t:|1642986899\n|start\n|switch|p1a: Landorus|Landorus-Therian, M|100\/100\n|switch|p2a: Greninja|Greninja, F|100\/100\n|-ability|p1a: Landorus|Intimidate|boost\n|-unboost|p2a: Greninja|atk|1\n|turn|1\n|j| turtledoggo1\n|\n|t:|1642986906\n|move|p1a: Landorus|U-turn|p2a: Greninja\n|-supereffective|p2a: Greninja\n|-damage|p2a: Greninja|4\/100\n|\n|t:|1642986909\n|switch|p1a: Greninja|Greninja, M|100\/100|[from]move: U-turn\n|move|p2a: Greninja|Spikes|p1a: Greninja\n|-start|p2a: Greninja|typechange|Ground|[from] ability: Protean\n|-sidestart|p1: Weaselfie \u263e|Spikes\n|\n|upkeep\n|turn|2\n|j| White Gehenna\n|\n|t:|1642986917\n|switch|p2a: Tapu Fini|Tapu Fini|100\/100\n|-fieldstart|move: Misty Terrain|[from] ability: Misty Surge|[of] p2a: Tapu Fini\n|move|p1a: Greninja|Spikes|p2a: Tapu Fini\n|-sidestart|p2: Ayante|Spikes\n|\n|upkeep\n|turn|3\n|j| UnzipsCrogre\n|j| Serp IV\n|j| Nambuu\n|\n|t:|1642986927\n|switch|p1a: Scizor|Scizor, F|100\/100\n|-damage|p1a: Scizor|88\/100|[from] Spikes\n|move|p2a: Tapu Fini|Surf|p1a: Scizor\n|-damage|p1a: Scizor|55\/100\n|\n|upkeep\n|turn|4\n|l| You'veGotCrabs\n|\n|t:|1642986931\n|detailschange|p1a: Scizor|Scizor-Mega, F\n|-mega|p1a: Scizor|Scizor|Scizorite\n|move|p2a: Tapu Fini|Taunt|p1a: Scizor\n|-start|p1a: Scizor|move: Taunt\n|cant|p1a: Scizor|move: Taunt|Roost\n|\n|upkeep\n|turn|5\n|\n|t:|1642986935\n|switch|p1a: Tangrowth|Tangrowth, M|100\/100\n|-damage|p1a: Tangrowth|88\/100|[from] Spikes\n|move|p2a: Tapu Fini|Surf|p1a: Tangrowth\n|-resisted|p1a: Tangrowth\n|-damage|p1a: Tangrowth|66\/100\n|\n|upkeep\n|turn|6\n|\n|t:|1642986949\n|switch|p2a: Scizor|Scizor, F|100\/100\n|-damage|p2a: Scizor|88\/100|[from] Spikes\n|move|p1a: Tangrowth|Knock Off|p2a: Scizor\n|-damage|p2a: Scizor|74\/100\n|\n|-fieldend|Misty Terrain\n|upkeep\n|turn|7\n|j| Banned by week 1\n|l| turtledoggo1\n|\n|t:|1642986957\n|switch|p1a: Landorus|Landorus-Therian, M|100\/100\n|-ability|p1a: Landorus|Intimidate|boost\n|-unboost|p2a: Scizor|atk|1\n|detailschange|p2a: Scizor|Scizor-Mega, F\n|-mega|p2a: Scizor|Scizor|Scizorite\n|move|p2a: Scizor|U-turn|p1a: Landorus\n|-resisted|p1a: Landorus\n|-damage|p1a: Landorus|88\/100\n|\n|t:|1642986962\n|switch|p2a: Landorus|Landorus-Therian, M|100\/100|[from]move: U-turn\n|-ability|p2a: Landorus|Intimidate|boost\n|-unboost|p1a: Landorus|atk|1\n|\n|upkeep\n|turn|8\n|\n|t:|1642986966\n|switch|p1a: Tangrowth|Tangrowth, M|99\/100\n|-damage|p1a: Tangrowth|87\/100|[from] Spikes\n|move|p2a: Landorus|U-turn|p1a: Tangrowth\n|-supereffective|p1a: Tangrowth\n|-damage|p1a: Tangrowth|65\/100\n|-damage|p2a: Landorus|84\/100|[from] item: Rocky Helmet|[of] p1a: Tangrowth\n|j| kinda average\n|c| Banned by week 1|show 3a kyu\n|c| Banned by week 1|rn\n|\n|t:|1642986988\n|switch|p2a: Scizor|Scizor-Mega, F|74\/100|[from]move: U-turn\n|-damage|p2a: Scizor|62\/100|[from] Spikes\n|\n|upkeep\n|turn|9\n|c| kinda average|you got it ayante\n|\n|t:|1642986994\n|move|p2a: Scizor|U-turn|p1a: Tangrowth\n|-supereffective|p1a: Tangrowth\n|-damage|p1a: Tangrowth|28\/100\n|-damage|p2a: Scizor|45\/100|[from] item: Rocky Helmet|[of] p1a: Tangrowth\n|l| Serp IV\n|j|%R8 \u267b\n|\n|t:|1642987001\n|switch|p2a: Landorus|Landorus-Therian, M|84\/100|[from]move: U-turn\n|-ability|p2a: Landorus|Intimidate|boost\n|-unboost|p1a: Tangrowth|atk|1\n|move|p1a: Tangrowth|Sleep Powder|p2a: Landorus\n|-status|p2a: Landorus|slp|[from] move: Sleep Powder\n|\n|-heal|p2a: Landorus|90\/100 slp|[from] item: Leftovers\n|upkeep\n|turn|10\n|j| Luckpup\n|j| Serp IV\n|\n|t:|1642987007\n|switch|p2a: Tapu Fini|Tapu Fini|100\/100\n|-damage|p2a: Tapu Fini|88\/100|[from] Spikes\n|-fieldstart|move: Misty Terrain|[from] ability: Misty Surge|[of] p2a: Tapu Fini\n|switch|p1a: Heatran|Heatran, M|100\/100\n|-damage|p1a: Heatran|88\/100|[from] Spikes\n|\n|-heal|p2a: Tapu Fini|94\/100|[from] item: Leftovers\n|-heal|p1a: Heatran|94\/100|[from] item: Leftovers\n|upkeep\n|turn|11\n|\n|t:|1642987013\n|move|p2a: Tapu Fini|Surf|p1a: Heatran\n|-supereffective|p1a: Heatran\n|-damage|p1a: Heatran|54\/100\n|move|p1a: Heatran|Earth Power|p2a: Tapu Fini\n|-damage|p2a: Tapu Fini|71\/100\n|\n|-heal|p2a: Tapu Fini|77\/100|[from] item: Leftovers\n|-heal|p1a: Heatran|60\/100|[from] item: Leftovers\n|upkeep\n|turn|12\n|\n|t:|1642987017\n|move|p2a: Tapu Fini|Surf|p1a: Heatran\n|-supereffective|p1a: Heatran\n|-damage|p1a: Heatran|21\/100\n|move|p1a: Heatran|Stealth Rock|p2a: Tapu Fini\n|-sidestart|p2: Ayante|move: Stealth Rock\n|\n|-heal|p2a: Tapu Fini|83\/100|[from] item: Leftovers\n|-heal|p1a: Heatran|27\/100|[from] item: Leftovers\n|upkeep\n|turn|13\n|\n|t:|1642987021\n|move|p2a: Tapu Fini|Surf|p1a: Heatran\n|-supereffective|p1a: Heatran\n|-crit|p1a: Heatran\n|-damage|p1a: Heatran|0 fnt\n|faint|p1a: Heatran\n|\n|-heal|p2a: Tapu Fini|89\/100|[from] item: Leftovers\n|upkeep\n|\n|t:|1642987022\n|switch|p1a: Mew|Mew|100\/100\n|-damage|p1a: Mew|88\/100|[from] Spikes\n|turn|14\n|\n|t:|1642987026\n|move|p1a: Mew|Nasty Plot|p1a: Mew\n|-boost|p1a: Mew|spa|2\n|move|p2a: Tapu Fini|Moonblast|p1a: Mew\n|-damage|p1a: Mew|57\/100\n|-unboost|p1a: Mew|spa|1\n|\n|-heal|p2a: Tapu Fini|96\/100|[from] item: Leftovers\n|-fieldend|Misty Terrain\n|upkeep\n|turn|15\n|\n|t:|1642987028\n|-zpower|p1a: Mew\n|move|p1a: Mew|Genesis Supernova|p2a: Tapu Fini|[zeffect]\n|-damage|p2a: Tapu Fini|5\/100\n|-fieldstart|move: Psychic Terrain\n|move|p2a: Tapu Fini|Haze|p2a: Tapu Fini\n|-clearallboost\n|\n|-heal|p2a: Tapu Fini|11\/100|[from] item: Leftovers\n|upkeep\n|turn|16\n|\n|t:|1642987033\n|move|p1a: Mew|Fire Blast|p2a: Tapu Fini\n|-resisted|p2a: Tapu Fini\n|-damage|p2a: Tapu Fini|0 fnt\n|faint|p2a: Tapu Fini\n|\n|upkeep\n|\n|t:|1642987046\n|switch|p2a: Greninja|Greninja, F|4\/100\n|turn|17\n|l| Nambuu\n|\n|t:|1642987062\n|move|p2a: Greninja|Gunk Shot|p1a: Mew|[miss]\n|-start|p2a: Greninja|typechange|Poison|[from] ability: Protean\n|-miss|p2a: Greninja|p1a: Mew\n|move|p1a: Mew|Fire Blast|p2a: Greninja|[miss]\n|-miss|p1a: Mew|p2a: Greninja\n|\n|upkeep\n|turn|18\n|\n|t:|1642987067\n|move|p2a: Greninja|U-turn|p1a: Mew\n|-start|p2a: Greninja|typechange|Bug|[from] ability: Protean\n|-supereffective|p1a: Mew\n|-damage|p1a: Mew|0 fnt\n|faint|p1a: Mew\n|c|%R8 \u267b|lol\n|\n|t:|1642987088\n|switch|p2a: Heatran|Heatran, M|100\/100|[from]move: U-turn\n|-damage|p2a: Heatran|88\/100|[from] Stealth Rock\n|-damage|p2a: Heatran|76\/100|[from] Spikes\n|\n|-heal|p2a: Heatran|82\/100|[from] item: Leftovers\n|upkeep\n|\n|t:|1642987090\n|switch|p1a: Greninja|Greninja, M|100\/100\n|-damage|p1a: Greninja|88\/100|[from] Spikes\n|turn|19\n|inactive|Ayante has 120 seconds left.\n|\n|t:|1642987130\n|switch|p2a: Scizor|Scizor-Mega, F|45\/100\n|-damage|p2a: Scizor|32\/100|[from] Spikes\n|-damage|p2a: Scizor|20\/100|[from] Stealth Rock\n|move|p1a: Greninja|Hydro Pump|p2a: Scizor|[miss]\n|-miss|p1a: Greninja|p2a: Scizor\n|\n|-fieldend|move: Psychic Terrain\n|upkeep\n|turn|20\n|\n|t:|1642987156\n|move|p2a: Scizor|Bullet Punch|p1a: Greninja\n|-resisted|p1a: Greninja\n|-damage|p1a: Greninja|63\/100\n|move|p1a: Greninja|Hydro Pump|p2a: Scizor|[miss]\n|-miss|p1a: Greninja|p2a: Scizor\n|\n|upkeep\n|turn|21\n|\n|t:|1642987164\n|move|p2a: Scizor|Bullet Punch|p1a: Greninja\n|-resisted|p1a: Greninja\n|-damage|p1a: Greninja|40\/100\n|move|p1a: Greninja|Hydro Pump|p2a: Scizor|[miss]\n|-miss|p1a: Greninja|p2a: Scizor\n|\n|upkeep\n|turn|22\n|c|%R8 \u267b|rough\n|c| kinda average|goat\n|\n|t:|1642987178\n|move|p2a: Scizor|Bullet Punch|p1a: Greninja\n|-resisted|p1a: Greninja\n|-damage|p1a: Greninja|17\/100\n|move|p1a: Greninja|Hydro Pump|p2a: Scizor\n|-damage|p2a: Scizor|0 fnt\n|faint|p2a: Scizor\n|-activate|p1a: Greninja|ability: Battle Bond\n|detailschange|p1a: Greninja|Greninja-Ash, M\n|\n|upkeep\n|\n|t:|1642987181\n|switch|p2a: Greninja|Greninja, F|4\/100\n|turn|23\n|c| Serp IV|Someone get this frog some glasses.\n|c|%R8 \u267b|it alredy has specs\n|c|%R8 \u267b|probably\n|\n|t:|1642987196\n|move|p2a: Greninja|Water Shuriken|p1a: Greninja\n|-start|p2a: Greninja|typechange|Water|[from] ability: Protean\n|-resisted|p1a: Greninja\n|-damage|p1a: Greninja|12\/100\n|-resisted|p1a: Greninja\n|-damage|p1a: Greninja|8\/100\n|-resisted|p1a: Greninja\n|-damage|p1a: Greninja|4\/100\n|-hitcount|p1a: Greninja|3\n|move|p1a: Greninja|Hydro Pump|p2a: Greninja\n|-resisted|p2a: Greninja\n|-damage|p2a: Greninja|0 fnt\n|faint|p2a: Greninja\n|\n|upkeep\n|\n|t:|1642987203\n|switch|p2a: Kyurem|Kyurem|100\/100\n|-damage|p2a: Kyurem|76\/100|[from] Stealth Rock\n|-damage|p2a: Kyurem|63\/100|[from] Spikes\n|-ability|p2a: Kyurem|Pressure\n|turn|24\n|\n|t:|1642987209\n|switch|p1a: Scizor|Scizor-Mega, F|55\/100\n|-damage|p1a: Scizor|42\/100|[from] Spikes\n|move|p2a: Kyurem|Earth Power|p1a: Scizor\n|-damage|p1a: Scizor|16\/100\n|\n|upkeep\n|turn|25\n|\n|t:|1642987216\n|switch|p2a: Heatran|Heatran, M|82\/100\n|-damage|p2a: Heatran|69\/100|[from] Spikes\n|-damage|p2a: Heatran|57\/100|[from] Stealth Rock\n|move|p1a: Scizor|Roost|p1a: Scizor\n|-heal|p1a: Scizor|66\/100\n|-singleturn|p1a: Scizor|move: Roost\n|\n|-heal|p2a: Heatran|63\/100|[from] item: Leftovers\n|upkeep\n|turn|26\n|\n|t:|1642987225\n|switch|p1a: Landorus|Landorus-Therian, M|88\/100\n|-ability|p1a: Landorus|Intimidate|boost\n|-unboost|p2a: Heatran|atk|1\n|move|p2a: Heatran|Magma Storm|p1a: Landorus|[miss]\n|-miss|p2a: Heatran|p1a: Landorus\n|\n|-heal|p2a: Heatran|69\/100|[from] item: Leftovers\n|upkeep\n|turn|27\n|\n|t:|1642987231\n|move|p1a: Landorus|Defog|p2a: Heatran\n|-unboost|p2a: Heatran|evasion|1\n|-sideend|p2: Ayante|Spikes|[from] move: Defog|[of] p1a: Landorus\n|-sideend|p2: Ayante|Stealth Rock|[from] move: Defog|[of] p1a: Landorus\n|-sideend|p1: Weaselfie \u263e|Spikes|[from] move: Defog|[of] p1a: Landorus\n|move|p2a: Heatran|Magma Storm|p1a: Landorus\n|-damage|p1a: Landorus|29\/100\n|-activate|p1a: Landorus|move: Magma Storm|[of] p2a: Heatran\n|\n|-heal|p2a: Heatran|76\/100|[from] item: Leftovers\n|-damage|p1a: Landorus|17\/100|[from] move: Magma Storm|[partiallytrapped]\n|upkeep\n|turn|28\n|\n|t:|1642987239\n|move|p1a: Landorus|Defog|p2a: Heatran\n|-unboost|p2a: Heatran|evasion|1\n|move|p2a: Heatran|Magma Storm|p1a: Landorus\n|-damage|p1a: Landorus|0 fnt\n|faint|p1a: Landorus\n|\n|-heal|p2a: Heatran|82\/100|[from] item: Leftovers\n|upkeep\n|\n|t:|1642987241\n|switch|p1a: Greninja|Greninja-Ash, M|4\/100\n|turn|29\n|\n|t:|1642987264\n|switch|p2a: Landorus|Landorus-Therian, M|90\/100 slp\n|-ability|p2a: Landorus|Intimidate|boost\n|-unboost|p1a: Greninja|atk|1\n|move|p1a: Greninja|Hydro Pump|p2a: Landorus|[miss]\n|-miss|p1a: Greninja|p2a: Landorus\n|\n|-heal|p2a: Landorus|96\/100 slp|[from] item: Leftovers\n|upkeep\n|turn|30\n|inactive|Ayante has 120 seconds left.\n|\n|t:|1642987283\n|switch|p2a: Kyurem|Kyurem|63\/100\n|-ability|p2a: Kyurem|Pressure\n|move|p1a: Greninja|Hydro Pump|p2a: Kyurem\n|-resisted|p2a: Kyurem\n|-damage|p2a: Kyurem|20\/100\n|\n|upkeep\n|turn|31\n|c| kinda average|wow\n|inactive|Ayante has 120 seconds left.\n|\n|t:|1642987303\n|switch|p1a: Scizor|Scizor-Mega, F|66\/100\n|move|p2a: Kyurem|Roost|p2a: Kyurem\n|-heal|p2a: Kyurem|70\/100\n|-singleturn|p2a: Kyurem|move: Roost\n|\n|upkeep\n|turn|32\n|\n|t:|1642987306\n|switch|p2a: Heatran|Heatran, M|82\/100\n|move|p1a: Scizor|U-turn|p2a: Heatran\n|-resisted|p2a: Heatran\n|-damage|p2a: Heatran|75\/100\n|\n|t:|1642987309\n|switch|p1a: Greninja|Greninja-Ash, M|4\/100|[from]move: U-turn\n|\n|-heal|p2a: Heatran|81\/100|[from] item: Leftovers\n|upkeep\n|turn|33\n|c|%R8 \u267b|:(\n|inactive|Ayante has 120 seconds left.\n|\n|t:|1642987333\n|switch|p2a: Landorus|Landorus-Therian, M|96\/100 slp\n|-ability|p2a: Landorus|Intimidate|boost\n|-unboost|p1a: Greninja|atk|1\n|move|p1a: Greninja|Water Shuriken|p2a: Landorus\n|-supereffective|p2a: Landorus\n|-damage|p2a: Landorus|70\/100 slp\n|-supereffective|p2a: Landorus\n|-damage|p2a: Landorus|43\/100 slp\n|-supereffective|p2a: Landorus\n|-damage|p2a: Landorus|14\/100 slp\n|-hitcount|p2a: Landorus|3\n|\n|-heal|p2a: Landorus|20\/100 slp|[from] item: Leftovers\n|upkeep\n|turn|34\n|inactive|Ayante has 120 seconds left.\n|j| RedDiamond1024\n|\n|t:|1642987347\n|switch|p2a: Kyurem|Kyurem|70\/100\n|-ability|p2a: Kyurem|Pressure\n|move|p1a: Greninja|Water Shuriken|p2a: Kyurem\n|-resisted|p2a: Kyurem\n|-damage|p2a: Kyurem|62\/100\n|-resisted|p2a: Kyurem\n|-damage|p2a: Kyurem|54\/100\n|-resisted|p2a: Kyurem\n|-damage|p2a: Kyurem|46\/100\n|-hitcount|p2a: Kyurem|3\n|\n|upkeep\n|turn|35\n|\n|t:|1642987350\n|switch|p1a: Scizor|Scizor-Mega, F|66\/100\n|move|p2a: Kyurem|Roost|p2a: Kyurem\n|-heal|p2a: Kyurem|96\/100\n|-singleturn|p2a: Kyurem|move: Roost\n|\n|upkeep\n|turn|36\n|\n|t:|1642987354\n|switch|p2a: Heatran|Heatran, M|81\/100\n|move|p1a: Scizor|U-turn|p2a: Heatran\n|-resisted|p2a: Heatran\n|-damage|p2a: Heatran|74\/100\n|\n|t:|1642987356\n|switch|p1a: Greninja|Greninja-Ash, M|4\/100|[from]move: U-turn\n|\n|-heal|p2a: Heatran|80\/100|[from] item: Leftovers\n|upkeep\n|turn|37\n|\n|t:|1642987380\n|move|p1a: Greninja|Water Shuriken|p2a: Heatran\n|-supereffective|p2a: Heatran\n|-crit|p2a: Heatran\n|-damage|p2a: Heatran|45\/100\n|-supereffective|p2a: Heatran\n|-damage|p2a: Heatran|22\/100\n|-supereffective|p2a: Heatran\n|-damage|p2a: Heatran|0 fnt\n|faint|p2a: Heatran\n|-hitcount|p2: Heatran|3\n|\n|upkeep\n|-message|Ayante forfeited.\n|\n|win|Weaselfie \u263e\n|n|\u2606Weaselfie \u263e|weaselfie\n|n|\u2606Ayante|ayante\n|n| joey milktank|joeymilktank\n|n| SetsuStsna|setsustsna\n|n| thesandmeanies|thesandmeanies\n|n| Yungster_Testboi|yungstertestboi\n|n| Cabarlo|cabarlo\n|n| ChaosDraco95|chaosdraco95\n|n| White Gehenna|whitegehenna\n|n| UnzipsCrogre|unzipscrogre\n|n| Banned by week 1|bannedbyweek1\n|n| kinda average|kindaaverage\n|n|+R8 \u267b|r8\n|n| Luckpup|luckpup\n|n| Serp IV|serpiv\n|n| RedDiamond1024|reddiamond1024\n","uploadtime":1642987387,"views":43,"p1id":"weaselfie","p2id":"ayante","formatid":"gen8nationaldex","rating":0,"private":0,"password":null}