{"id":"gen8randombattle-1502138406","p1":"AlphaTherai","p2":"dasonicgaming","format":"gen8randombattle","log":"|j|\u2606AlphaTherai\n|j|\u2606dasonicgaming\n|t:|1643682811\n|gametype|singles\n|player|p1|AlphaTherai|rocketgrunt|\n|player|p2|dasonicgaming|1|\n|teamsize|p1|6\n|teamsize|p2|6\n|gen|8\n|tier|[Gen 8] Random Battle\n|rule|Species Clause: Limit one of each Pok\u00e9mon\n|rule|HP Percentage Mod: HP is shown in percentages\n|rule|Sleep Clause Mod: Limit one foe put to sleep\n|\n|t:|1643682811\n|start\n|switch|p1a: Eiscue|Eiscue, L82, F|256\/256\n|switch|p2a: Corsola|Corsola-Galar, L84, F|238\/238\n|turn|1\n|\n|t:|1643682832\n|move|p1a: Eiscue|Icicle Crash|p2a: Corsola\n|-damage|p2a: Corsola|192\/238\n|cant|p2a: Corsola|flinch\n|\n|upkeep\n|turn|2\n|c|\u2606AlphaTherai|YES\n|c|\u2606dasonicgaming|damn u\n|\n|t:|1643682852\n|move|p1a: Eiscue|Substitute|p1a: Eiscue\n|-start|p1a: Eiscue|Substitute\n|-damage|p1a: Eiscue|192\/256\n|move|p2a: Corsola|Night Shade|p1a: Eiscue\n|-end|p1a: Eiscue|Substitute\n|\n|upkeep\n|turn|3\n|c|\u2606dasonicgaming|of course\n|\n|t:|1643682863\n|move|p1a: Eiscue|Liquidation|p2a: Corsola\n|-damage|p2a: Corsola|164\/238\n|-start|p1a: Eiscue|Disable|Liquidation|[from] ability: Cursed Body|[of] p2a: Corsola\n|move|p2a: Corsola|Night Shade|p1a: Eiscue\n|-damage|p1a: Eiscue|108\/256\n|\n|upkeep\n|turn|4\n|c|\u2606dasonicgaming|disabl;ed\n|\n|t:|1643682893\n|move|p1a: Eiscue|Icicle Crash|p2a: Corsola\n|-crit|p2a: Corsola\n|-damage|p2a: Corsola|97\/238\n|cant|p2a: Corsola|flinch\n|\n|upkeep\n|turn|5\n|c|\u2606dasonicgaming|ur actually\n|c|\u2606dasonicgaming|fucking\n|c|\u2606dasonicgaming|kidding me\n|c|\u2606AlphaTherai|flinch again???\n|\n|t:|1643682909\n|move|p1a: Eiscue|Icicle Crash|p2a: Corsola\n|-damage|p2a: Corsola|51\/238\n|cant|p2a: Corsola|flinch\n|\n|upkeep\n|turn|6\n|c|\u2606AlphaTherai|come les go\n|c|\u2606AlphaTherai|less go\n|c|\u2606dasonicgaming|BRO\n|c|\u2606AlphaTherai|LETS GOOOOO\n|\n|t:|1643682920\n|move|p1a: Eiscue|Icicle Crash|p2a: Corsola|[miss]\n|-miss|p1a: Eiscue|p2a: Corsola\n|move|p2a: Corsola|Night Shade|p1a: Eiscue\n|-damage|p1a: Eiscue|24\/256\n|-enditem|p1a: Eiscue|Salac Berry|[eat]\n|-boost|p1a: Eiscue|spe|1|[from] item: Salac Berry\n|\n|-end|p1a: Eiscue|Disable\n|upkeep\n|turn|7\n|c|\u2606dasonicgaming|ITS DISABLED\n|c|\u2606AlphaTherai|FUCK\n|c|\u2606dasonicgaming|HOW\n|\n|t:|1643682929\n|move|p1a: Eiscue|Icicle Crash|p2a: Corsola\n|-damage|p2a: Corsola|6\/238\n|-start|p1a: Eiscue|Disable|Icicle Crash|[from] ability: Cursed Body|[of] p2a: Corsola\n|move|p2a: Corsola|Night Shade|p1a: Eiscue\n|-damage|p1a: Eiscue|0 fnt\n|faint|p1a: Eiscue\n|\n|upkeep\n|\n|t:|1643682937\n|switch|p1a: Umbreon|Umbreon, L82, F|290\/290\n|turn|8\n|c|\u2606dasonicgaming|YES\n|c|\u2606dasonicgaming|IT LIVED\n|c|\u2606AlphaTherai|its ok\n|c|\u2606AlphaTherai|i have my boi\n|\n|t:|1643682949\n|move|p1a: Umbreon|Foul Play|p2a: Corsola\n|-supereffective|p2a: Corsola\n|-damage|p2a: Corsola|0 fnt\n|-start|p1a: Umbreon|Disable|Foul Play|[from] ability: Cursed Body|[of] p2a: Corsola\n|faint|p2a: Corsola\n|\n|upkeep\n|c|\u2606dasonicgaming|oh fk\n|\n|t:|1643682955\n|switch|p2a: Wishiwashi|Wishiwashi, L84, M|213\/213\n|-formechange|p2a: Wishiwashi|Wishiwashi-School||[from] ability: Schooling\n|turn|9\n|c|\u2606dasonicgaming|GO ISDA\n|\n|t:|1643682962\n|move|p1a: Umbreon|Protect|p1a: Umbreon\n|-singleturn|p1a: Umbreon|Protect\n|move|p2a: Wishiwashi|Earthquake|p1a: Umbreon\n|-activate|p1a: Umbreon|move: Protect\n|\n|upkeep\n|turn|10\n|c|\u2606dasonicgaming|SHIT\n|\n|t:|1643682973\n|move|p1a: Umbreon|Toxic|p2a: Wishiwashi\n|-status|p2a: Wishiwashi|tox\n|move|p2a: Wishiwashi|Hydro Pump|p1a: Umbreon\n|-damage|p1a: Umbreon|170\/290\n|\n|-heal|p1a: Umbreon|188\/290|[from] item: Leftovers\n|-damage|p2a: Wishiwashi|200\/213 tox|[from] psn\n|upkeep\n|turn|11\n|\n|t:|1643682983\n|move|p1a: Umbreon|Wish|p1a: Umbreon\n|move|p2a: Wishiwashi|Scald||[still]\n|-damage|p1a: Umbreon|103\/290\n|-status|p1a: Umbreon|brn\n|-activate|p1a: Umbreon|ability: Synchronize\n|-fail|p1a: Umbreon\n|\n|-heal|p1a: Umbreon|121\/290 brn|[from] item: Leftovers\n|-damage|p2a: Wishiwashi|174\/213 tox|[from] psn\n|-damage|p1a: Umbreon|103\/290 brn|[from] brn\n|-end|p1a: Umbreon|Disable\n|upkeep\n|turn|12\n|\n|t:|1643682996\n|move|p1a: Umbreon|Protect|p1a: Umbreon\n|-singleturn|p1a: Umbreon|Protect\n|move|p2a: Wishiwashi|Hydro Pump|p1a: Umbreon\n|-activate|p1a: Umbreon|move: Protect\n|\n|-heal|p1a: Umbreon|248\/290 brn|[from] move: Wish|[wisher] Umbreon\n|-heal|p1a: Umbreon|266\/290 brn|[from] item: Leftovers\n|-damage|p2a: Wishiwashi|135\/213 tox|[from] psn\n|-damage|p1a: Umbreon|248\/290 brn|[from] brn\n|upkeep\n|turn|13\n|c|\u2606dasonicgaming|bruh\n|\n|t:|1643683008\n|move|p1a: Umbreon|Foul Play|p2a: Wishiwashi\n|-crit|p2a: Wishiwashi\n|-damage|p2a: Wishiwashi|63\/213 tox\n|move|p2a: Wishiwashi|Earthquake|p1a: Umbreon\n|-damage|p1a: Umbreon|160\/290 brn\n|\n|-heal|p1a: Umbreon|178\/290 brn|[from] item: Leftovers\n|-damage|p2a: Wishiwashi|11\/213 tox|[from] psn\n|-damage|p1a: Umbreon|160\/290 brn|[from] brn\n|-formechange|p2a: Wishiwashi|Wishiwashi||[from] ability: Schooling\n|upkeep\n|turn|14\n|\n|t:|1643683022\n|move|p1a: Umbreon|Wish|p1a: Umbreon\n|move|p2a: Wishiwashi|Scald|p1a: Umbreon\n|-damage|p1a: Umbreon|130\/290 brn\n|\n|-heal|p1a: Umbreon|148\/290 brn|[from] item: Leftovers\n|-damage|p2a: Wishiwashi|0 fnt|[from] psn\n|faint|p2a: Wishiwashi\n|-damage|p1a: Umbreon|130\/290 brn|[from] brn\n|upkeep\n|c|\u2606dasonicgaming|alr then\n|\n|t:|1643683033\n|switch|p2a: Dugtrio|Dugtrio-Alola, L82, F|192\/192\n|turn|15\n|\n|t:|1643683038\n|move|p1a: Umbreon|Protect|p1a: Umbreon\n|-singleturn|p1a: Umbreon|Protect\n|move|p2a: Dugtrio|Stone Edge|p1a: Umbreon\n|-activate|p1a: Umbreon|move: Protect\n|\n|-heal|p1a: Umbreon|275\/290 brn|[from] move: Wish|[wisher] Umbreon\n|-heal|p1a: Umbreon|290\/290 brn|[from] item: Leftovers\n|-damage|p1a: Umbreon|272\/290 brn|[from] brn\n|upkeep\n|turn|16\n|c|\u2606AlphaTherai|we do a little trolling\n|\n|t:|1643683054\n|move|p2a: Dugtrio|Stone Edge|p1a: Umbreon\n|-damage|p1a: Umbreon|190\/290 brn\n|move|p1a: Umbreon|Foul Play|p2a: Dugtrio\n|-damage|p2a: Dugtrio|131\/192\n|-ability|p2a: Dugtrio|Tangling Hair\n|-unboost|p1a: Umbreon|spe|1\n|\n|-heal|p1a: Umbreon|208\/290 brn|[from] item: Leftovers\n|-damage|p1a: Umbreon|190\/290 brn|[from] brn\n|upkeep\n|turn|17\n|\n|t:|1643683078\n|move|p2a: Dugtrio|Stone Edge|p1a: Umbreon\n|-damage|p1a: Umbreon|96\/290 brn\n|move|p1a: Umbreon|Wish|p1a: Umbreon\n|\n|-heal|p1a: Umbreon|114\/290 brn|[from] item: Leftovers\n|-damage|p1a: Umbreon|96\/290 brn|[from] brn\n|upkeep\n|turn|18\n|\n|t:|1643683086\n|move|p1a: Umbreon|Protect|p1a: Umbreon\n|-singleturn|p1a: Umbreon|Protect\n|move|p2a: Dugtrio|Stone Edge|p1a: Umbreon\n|-activate|p1a: Umbreon|move: Protect\n|\n|-heal|p1a: Umbreon|241\/290 brn|[from] move: Wish|[wisher] Umbreon\n|-heal|p1a: Umbreon|259\/290 brn|[from] item: Leftovers\n|-damage|p1a: Umbreon|241\/290 brn|[from] brn\n|upkeep\n|turn|19\n|c|\u2606dasonicgaming|bruh i cant use other\n|c|\u2606dasonicgaming|moves\n|c|\u2606dasonicgaming|wtf is this\n|\n|t:|1643683102\n|move|p2a: Dugtrio|Stone Edge|p1a: Umbreon\n|-damage|p1a: Umbreon|149\/290 brn\n|move|p1a: Umbreon|Toxic|p2a: Dugtrio\n|-immune|p2a: Dugtrio\n|\n|-heal|p1a: Umbreon|167\/290 brn|[from] item: Leftovers\n|-damage|p1a: Umbreon|149\/290 brn|[from] brn\n|upkeep\n|turn|20\n|c|\u2606AlphaTherai|umbreon is the best\n|c|\u2606AlphaTherai|FUCk\n|c|\u2606AlphaTherai|i forgor\n|\n|t:|1643683111\n|move|p2a: Dugtrio|Stone Edge|p1a: Umbreon\n|-damage|p1a: Umbreon|55\/290 brn\n|move|p1a: Umbreon|Wish|p1a: Umbreon\n|\n|-heal|p1a: Umbreon|73\/290 brn|[from] item: Leftovers\n|-damage|p1a: Umbreon|55\/290 brn|[from] brn\n|upkeep\n|turn|21\n|\n|t:|1643683118\n|move|p1a: Umbreon|Protect|p1a: Umbreon\n|-singleturn|p1a: Umbreon|Protect\n|move|p2a: Dugtrio|Stone Edge|p1a: Umbreon\n|-activate|p1a: Umbreon|move: Protect\n|\n|-heal|p1a: Umbreon|200\/290 brn|[from] move: Wish|[wisher] Umbreon\n|-heal|p1a: Umbreon|218\/290 brn|[from] item: Leftovers\n|-damage|p1a: Umbreon|200\/290 brn|[from] brn\n|upkeep\n|turn|22\n|\n|t:|1643683159\n|move|p2a: Dugtrio|Stone Edge|p1a: Umbreon|[miss]\n|-miss|p2a: Dugtrio|p1a: Umbreon\n|move|p1a: Umbreon|Foul Play|p2a: Dugtrio\n|-damage|p2a: Dugtrio|62\/192\n|-ability|p2a: Dugtrio|Tangling Hair\n|-unboost|p1a: Umbreon|spe|1\n|\n|-heal|p1a: Umbreon|218\/290 brn|[from] item: Leftovers\n|-damage|p1a: Umbreon|200\/290 brn|[from] brn\n|upkeep\n|turn|23\n|\n|t:|1643683175\n|switch|p2a: Cinderace|Cinderace, L74, F|240\/240\n|move|p1a: Umbreon|Protect||[still]\n|-fail|p1a: Umbreon\n|\n|-heal|p1a: Umbreon|218\/290 brn|[from] item: Leftovers\n|-damage|p1a: Umbreon|200\/290 brn|[from] brn\n|upkeep\n|turn|24\n|c|\u2606AlphaTherai|awww you switched\n|\n|t:|1643683184\n|switch|p1a: Slowbro|Slowbro, L84, M|297\/297\n|move|p2a: Cinderace|High Jump Kick|p1a: Slowbro\n|-start|p2a: Cinderace|typechange|Fighting|[from] ability: Libero\n|-resisted|p1a: Slowbro\n|-damage|p1a: Slowbro|240\/297\n|\n|-heal|p1a: Slowbro|258\/297|[from] item: Leftovers\n|upkeep\n|turn|25\n|c|\u2606dasonicgaming|oh fk\n|\n|t:|1643683204\n|move|p2a: Cinderace|Gunk Shot|p1a: Slowbro|[miss]\n|-start|p2a: Cinderace|typechange|Poison|[from] ability: Libero\n|-miss|p2a: Cinderace|p1a: Slowbro\n|move|p1a: Slowbro|Future Sight|p2a: Cinderace\n|-start|p1a: Slowbro|move: Future Sight\n|\n|-heal|p1a: Slowbro|276\/297|[from] item: Leftovers\n|upkeep\n|turn|26\n|c|\u2606dasonicgaming|how\n|\n|t:|1643683216\n|move|p2a: Cinderace|High Jump Kick|p1a: Slowbro\n|-start|p2a: Cinderace|typechange|Fighting|[from] ability: Libero\n|-resisted|p1a: Slowbro\n|-damage|p1a: Slowbro|228\/297\n|move|p1a: Slowbro|Scald|p2a: Cinderace\n|-damage|p2a: Cinderace|137\/240\n|\n|-heal|p1a: Slowbro|246\/297|[from] item: Leftovers\n|upkeep\n|turn|27\n|c|\u2606dasonicgaming|im gonna die to future sight\n|\n|t:|1643683235\n|move|p2a: Cinderace|Pyro Ball|p1a: Slowbro\n|-start|p2a: Cinderace|typechange|Fire|[from] ability: Libero\n|-resisted|p1a: Slowbro\n|-damage|p1a: Slowbro|198\/297\n|move|p1a: Slowbro|Slack Off|p1a: Slowbro\n|-heal|p1a: Slowbro|297\/297\n|\n|-end|p2a: Cinderace|move: Future Sight\n|-damage|p2a: Cinderace|0 fnt\n|faint|p2a: Cinderace\n|upkeep\n|c|\u2606dasonicgaming|see\n|c|\u2606AlphaTherai|LMAO\n|\n|t:|1643683253\n|switch|p2a: Dugtrio|Dugtrio-Alola, L82, F|62\/192\n|turn|28\n|c|\u2606AlphaTherai|i just have a big brain man\n|\n|t:|1643683261\n|move|p2a: Dugtrio|Earthquake|p1a: Slowbro\n|-damage|p1a: Slowbro|161\/297\n|move|p1a: Slowbro|Scald|p2a: Dugtrio\n|-supereffective|p2a: Dugtrio\n|-damage|p2a: Dugtrio|0 fnt\n|faint|p2a: Dugtrio\n|\n|-heal|p1a: Slowbro|179\/297|[from] item: Leftovers\n|upkeep\n|c|\u2606dasonicgaming|damn\n|\n|t:|1643683271\n|switch|p2a: Raikou|Raikou, L80|275\/275\n|-ability|p2a: Raikou|Pressure\n|turn|29\n|\n|t:|1643683284\n|move|p2a: Raikou|Aura Sphere|p1a: Slowbro\n|-resisted|p1a: Slowbro\n|-damage|p1a: Slowbro|139\/297\n|-damage|p2a: Raikou|248\/275|[from] item: Life Orb\n|move|p1a: Slowbro|Future Sight|p2a: Raikou\n|-start|p1a: Slowbro|move: Future Sight\n|\n|-heal|p1a: Slowbro|157\/297|[from] item: Leftovers\n|upkeep\n|turn|30\n|\n|t:|1643683300\n|move|p2a: Raikou|Scald|p1a: Slowbro\n|-resisted|p1a: Slowbro\n|-damage|p1a: Slowbro|117\/297\n|-damage|p2a: Raikou|221\/275|[from] item: Life Orb\n|move|p1a: Slowbro|Slack Off|p1a: Slowbro\n|-heal|p1a: Slowbro|266\/297\n|\n|-heal|p1a: Slowbro|284\/297|[from] item: Leftovers\n|upkeep\n|turn|31\n|c|\u2606AlphaTherai|lets get that legendary outta here\n|c|\u2606dasonicgaming|gg\n|\n|t:|1643683318\n|move|p2a: Raikou|Thunderbolt|p1a: Slowbro\n|-supereffective|p1a: Slowbro\n|-damage|p1a: Slowbro|1\/297\n|-status|p1a: Slowbro|par\n|-damage|p2a: Raikou|194\/275|[from] item: Life Orb\n|move|p1a: Slowbro|Teleport|p1a: Slowbro\n|c|\u2606dasonicgaming|wtf\n|c|\u2606AlphaTherai|SHEESH\n|\n|t:|1643683328\n|switch|p1a: Umbreon|Umbreon, L82, F|200\/290 brn\n|\n|-end|p2a: Raikou|move: Future Sight\n|-damage|p2a: Raikou|62\/275\n|-heal|p1a: Umbreon|218\/290 brn|[from] item: Leftovers\n|-damage|p1a: Umbreon|200\/290 brn|[from] brn\n|upkeep\n|turn|32\n|c|\u2606dasonicgaming|HOW\n|\n|t:|1643683341\n|-start|p1a: Umbreon|Dynamax\n|-heal|p1a: Umbreon|400\/580 brn|[silent]\n|move|p2a: Raikou|Thunderbolt|p1a: Umbreon\n|-crit|p1a: Umbreon\n|-damage|p1a: Umbreon|262\/580 brn\n|-damage|p2a: Raikou|35\/275|[from] item: Life Orb\n|move|p1a: Umbreon|Max Darkness|p2a: Raikou\n|-damage|p2a: Raikou|0 fnt\n|faint|p2a: Raikou\n|\n|-heal|p1a: Umbreon|280\/580 brn|[from] item: Leftovers\n|-damage|p1a: Umbreon|262\/580 brn|[from] brn\n|upkeep\n|c|\u2606dasonicgaming|BR\n|c|\u2606AlphaTherai|lets just end it all\n|c|\u2606dasonicgaming|im gonna perish\n|\n|t:|1643683355\n|switch|p2a: Moltres|Moltres, L80|275\/275\n|turn|33\n|c|\u2606AlphaTherai|sanaol moltres\n|\n|t:|1643683366\n|move|p1a: Umbreon|Max Guard|p1a: Umbreon\n|-singleturn|p1a: Umbreon|Max Guard\n|move|p2a: Moltres|Air Slash|p1a: Umbreon\n|-activate|p1a: Umbreon|move: Max Guard\n|\n|-heal|p1a: Umbreon|280\/580 brn|[from] item: Leftovers\n|-damage|p1a: Umbreon|262\/580 brn|[from] brn\n|upkeep\n|turn|34\n|c|\u2606dasonicgaming|BRO HOW MUCH FUCKING DEFENSE MOVES DOI U HAVE\n|\n|t:|1643683387\n|move|p2a: Moltres|Fire Blast|p1a: Umbreon\n|-crit|p1a: Umbreon\n|-damage|p1a: Umbreon|111\/580 brn\n|move|p1a: Umbreon|Max Darkness|p2a: Moltres\n|-damage|p2a: Moltres|225\/275\n|-unboost|p2a: Moltres|spd|1\n|\n|-heal|p1a: Umbreon|129\/580 brn|[from] item: Leftovers\n|-damage|p1a: Umbreon|111\/580 brn|[from] brn\n|-end|p1a: Umbreon|Dynamax\n|-heal|p1a: Umbreon|56\/290 brn|[silent]\n|upkeep\n|turn|35\n|c|\u2606AlphaTherai|umbreon is the best\n|c|\u2606AlphaTherai|ok lets get this out of the way\n|\n|t:|1643683407\n|switch|p1a: Slowbro|Slowbro, L84, M|100\/297 par\n|move|p2a: Moltres|Fire Blast|p1a: Slowbro\n|-resisted|p1a: Slowbro\n|-damage|p1a: Slowbro|32\/297 par\n|\n|-heal|p1a: Slowbro|50\/297 par|[from] item: Leftovers\n|upkeep\n|turn|36\n|c|\u2606dasonicgaming|ur kidding\n|\n|t:|1643683422\n|move|p2a: Moltres|Air Slash|p1a: Slowbro\n|-damage|p1a: Slowbro|0 fnt\n|faint|p1a: Slowbro\n|\n|upkeep\n|\n|t:|1643683429\n|switch|p1a: Garbodor|Garbodor, L87, F|281\/281\n|turn|37\n|\n|t:|1643683433\n|move|p2a: Moltres|Fire Blast|p1a: Garbodor\n|-damage|p1a: Garbodor|157\/281\n|move|p1a: Garbodor|Explosion|p2a: Moltres\n|-damage|p2a: Moltres|0 fnt\n|faint|p1a: Garbodor\n|faint|p2a: Moltres\n|\n|win|AlphaTherai\n|c|\u2606AlphaTherai|gg\n","inputlog":">version cb43c1ab58e752febb755dca84ab3bac5a63f0c2\n>version-origin a6209c153a1fe212580da00ea6580b52480918c5\n>start {\"formatid\":\"gen8randombattle\",\"seed\":[46223,5078,47342,47387]}\n>player p1 {\"name\":\"AlphaTherai\",\"avatar\":\"rocketgrunt\",\"rating\":0,\"seed\":[45329,41548,32368,55992]}\n>player p2 {\"name\":\"dasonicgaming\",\"avatar\":\"1\",\"rating\":0,\"seed\":[8571,33259,1016,56866]}\n>p1 move iciclecrash\n>p2 move haze\n>chat \u2606AlphaTherai|YES\n>chat \u2606dasonicgaming|damn u\n>p1 move substitute\n>p2 move nightshade\n>chat \u2606dasonicgaming|of course\n>p1 move liquidation\n>p2 move nightshade\n>chat \u2606dasonicgaming|disabl;ed\n>p1 move iciclecrash\n>p2 move strengthsap\n>chat \u2606dasonicgaming|ur actually\n>chat \u2606dasonicgaming|fucking\n>chat \u2606dasonicgaming|kidding me\n>chat \u2606AlphaTherai|flinch again???\n>p1 move iciclecrash\n>p2 move haze\n>chat \u2606AlphaTherai|come les go\n>chat \u2606AlphaTherai|less go \n>chat \u2606dasonicgaming|BRO\n>chat \u2606AlphaTherai|LETS GOOOOO\n>p1 move iciclecrash\n>p2 move nightshade\n>chat \u2606dasonicgaming|ITS DISABLED\n>chat \u2606AlphaTherai|FUCK\n>chat \u2606dasonicgaming|HOW\n>p1 move iciclecrash\n>p2 move nightshade\n>p1 switch 5\n>chat \u2606dasonicgaming|YES\n>chat \u2606dasonicgaming|IT LIVED\n>chat \u2606AlphaTherai|its ok\n>chat \u2606AlphaTherai|i have my boi\n>p1 move foulplay\n>p2 move nightshade\n>chat \u2606dasonicgaming|oh fk\n>p2 switch 4\n>chat \u2606dasonicgaming|GO ISDA\n>p1 move protect\n>p2 move earthquake\n>chat \u2606dasonicgaming|SHIT\n>p1 move toxic\n>p2 move hydropump\n>p1 move wish\n>p2 move scald\n>p1 move protect\n>p2 move hydropump\n>chat \u2606dasonicgaming|bruh\n>p1 move foulplay\n>p2 move earthquake\n>p1 move wish\n>p2 move scald\n>chat \u2606dasonicgaming|alr then\n>p2 switch 3\n>p1 move protect\n>p2 move stoneedge\n>chat \u2606AlphaTherai|we do a little trolling\n>p1 move foulplay\n>p2 move stoneedge\n>p1 move wish\n>p2 move stoneedge\n>p1 move protect\n>p2 move stoneedge\n>chat \u2606dasonicgaming|bruh i cant use other\n>chat \u2606dasonicgaming|moves\n>chat \u2606dasonicgaming|wtf is this\n>p1 move toxic\n>p2 move stoneedge\n>chat \u2606AlphaTherai|umbreon is the best\n>chat \u2606AlphaTherai|FUCk\n>chat \u2606AlphaTherai|i forgor\n>p1 move wish\n>p2 move stoneedge\n>p1 move protect\n>p2 move stoneedge\n>p1 move foulplay\n>p2 move stoneedge\n>p1 move protect\n>p2 switch 2\n>chat \u2606AlphaTherai|awww you switched\n>p1 switch 6\n>p2 move highjumpkick\n>chat \u2606dasonicgaming|oh fk\n>p1 move futuresight\n>p2 move gunkshot\n>chat \u2606dasonicgaming|how\n>p1 move scald\n>p2 move highjumpkick\n>chat \u2606dasonicgaming|im gonna die to future sight\n>p1 move slackoff\n>p2 move pyroball\n>chat \u2606dasonicgaming|see\n>chat \u2606AlphaTherai|LMAO\n>p2 switch 2\n>chat \u2606AlphaTherai|i just have a big brain man\n>p1 move scald\n>p2 move earthquake\n>chat \u2606dasonicgaming|damn\n>p2 switch 6\n>p1 move futuresight\n>p2 move aurasphere\n>p1 move slackoff\n>p2 move scald\n>chat \u2606AlphaTherai|lets get that legendary outta here\n>chat \u2606dasonicgaming|gg\n>p1 move teleport\n>p2 move thunderbolt\n>chat \u2606dasonicgaming|wtf\n>chat \u2606AlphaTherai|SHEESH\n>p1 switch 6\n>chat \u2606dasonicgaming|HOW\n>p1 move foulplay dynamax\n>p2 move thunderbolt\n>chat \u2606dasonicgaming|BR\n>chat \u2606AlphaTherai|lets just end it all\n>chat \u2606dasonicgaming|im gonna perish\n>p2 switch 5\n>chat \u2606AlphaTherai|sanaol moltres\n>p1 move toxic dynamax\n>p2 move airslash\n>chat \u2606dasonicgaming|BRO HOW MUCH FUCKING DEFENSE MOVES DOI U HAVE\n>p1 move foulplay dynamax\n>p2 move fireblast\n>chat \u2606AlphaTherai|umbreon is the best\n>chat \u2606AlphaTherai|ok lets get this out of the way\n>p1 switch 6\n>p2 move fireblast\n>chat \u2606dasonicgaming|ur kidding\n>p1 move slackoff\n>p2 move airslash\n>p1 switch 3\n>p1 move explosion\n>p2 move fireblast","uploadtime":1643683442,"views":8,"p1id":"alphatherai","p2id":"dasonicgaming","formatid":"gen8randombattle","rating":0,"private":0,"password":null}