{"id":"gen8ou-1675670117","p1":"Destructoid69","p2":"VivaHonduras","format":"gen8ou","log":"|j|\u2606Destructoid69\n|j|\u2606VivaHonduras\n|t:|1664710428\n|gametype|singles\n|player|p1|Destructoid69|roughneck|1467\n|player|p2|VivaHonduras|scientist-gen4|1551\n|teamsize|p1|6\n|teamsize|p2|6\n|gen|8\n|tier|[Gen 8] OU\n|rated|\n|rule|Sleep Clause Mod: Limit one foe put to sleep\n|rule|Species Clause: Limit one of each Pok\u00e9mon\n|rule|OHKO Clause: OHKO moves are banned\n|rule|Evasion Items Clause: Evasion items are banned\n|rule|Evasion Moves Clause: Evasion moves are banned\n|rule|Endless Battle Clause: Forcing endless battles is banned\n|rule|HP Percentage Mod: HP is shown in percentages\n|rule|Dynamax Clause: You cannot dynamax\n|clearpoke\n|poke|p1|Dragonite, M|\n|poke|p1|Rotom-Heat|\n|poke|p1|Ferrothorn, M|\n|poke|p1|Tapu Fini|\n|poke|p1|Zeraora|\n|poke|p1|Zapdos-Galar|\n|poke|p2|Rapidash-Galar, M|\n|poke|p2|Magnezone|\n|poke|p2|Araquanid, F|\n|poke|p2|Tyranitar, M|\n|poke|p2|Landorus-Therian, M|\n|poke|p2|Kartana|\n|teampreview\n|inactive|Battle timer is ON: inactive players will automatically lose when time's up. (requested by VivaHonduras)\n|inactive|VivaHonduras has 120 seconds left.\n|\n|t:|1664710469\n|start\n|switch|p1a: Rotom|Rotom-Heat|100\/100\n|switch|p2a: Tyranitar|Tyranitar, M|100\/100\n|-weather|Sandstorm|[from] ability: Sand Stream|[of] p2a: Tyranitar\n|turn|1\n|inactive|Destructoid69 has 120 seconds left.\n|\n|t:|1664710510\n|move|p1a: Rotom|Toxic|p2a: Tyranitar\n|-status|p2a: Tyranitar|tox\n|move|p2a: Tyranitar|Dragon Dance|p2a: Tyranitar\n|-boost|p2a: Tyranitar|atk|1\n|-boost|p2a: Tyranitar|spe|1\n|\n|-weather|Sandstorm|[upkeep]\n|-damage|p1a: Rotom|94\/100|[from] Sandstorm\n|-damage|p2a: Tyranitar|94\/100 tox|[from] psn\n|upkeep\n|turn|2\n|\n|t:|1664710515\n|move|p2a: Tyranitar|Fire Punch|p1a: Rotom\n|-resisted|p1a: Rotom\n|-damage|p1a: Rotom|71\/100\n|move|p1a: Rotom|Volt Switch|p2a: Tyranitar\n|-damage|p2a: Tyranitar|77\/100 tox\n|inactive|Destructoid69 has 120 seconds left.\n|\n|t:|1664710528\n|switch|p1a: Tapu Fini|Tapu Fini|100\/100|[from]move: Volt Switch\n|-fieldstart|move: Misty Terrain|[from] ability: Misty Surge|[of] p1a: Tapu Fini\n|\n|-weather|Sandstorm|[upkeep]\n|-damage|p1a: Tapu Fini|94\/100|[from] Sandstorm\n|-heal|p1a: Tapu Fini|100\/100|[from] item: Leftovers\n|-damage|p2a: Tyranitar|65\/100 tox|[from] psn\n|upkeep\n|turn|3\n|inactive|Destructoid69 has 120 seconds left.\n|\n|t:|1664710534\n|switch|p2a: Araquanid|Araquanid, F|100\/100\n|move|p1a: Tapu Fini|Moonblast|p2a: Araquanid\n|-damage|p2a: Araquanid|83\/100\n|-unboost|p2a: Araquanid|spa|1\n|\n|-weather|Sandstorm|[upkeep]\n|-damage|p1a: Tapu Fini|94\/100|[from] Sandstorm\n|-damage|p2a: Araquanid|76\/100|[from] Sandstorm\n|-heal|p1a: Tapu Fini|100\/100|[from] item: Leftovers\n|upkeep\n|turn|4\n|\n|t:|1664710537\n|move|p1a: Tapu Fini|Whirlpool|p2a: Araquanid\n|-heal|p2a: Araquanid|100\/100|[from] ability: Water Absorb|[of] p1a: Tapu Fini\n|move|p2a: Araquanid|Sticky Web|p1a: Tapu Fini\n|-sidestart|p1: Destructoid69|move: Sticky Web\n|\n|-weather|Sandstorm|[upkeep]\n|-damage|p1a: Tapu Fini|94\/100|[from] Sandstorm\n|-damage|p2a: Araquanid|94\/100|[from] Sandstorm\n|-heal|p1a: Tapu Fini|100\/100|[from] item: Leftovers\n|upkeep\n|turn|5\n|\n|t:|1664710548\n|switch|p2a: Magnezone|Magnezone|100\/100\n|move|p1a: Tapu Fini|Nature's Madness|p2a: Magnezone\n|-damage|p2a: Magnezone|51\/100\n|\n|-weather|none\n|upkeep\n|turn|6\n|\n|t:|1664710559\n|switch|p2a: Landorus|Landorus-Therian, M|100\/100\n|-ability|p2a: Landorus|Intimidate|boost\n|-unboost|p1a: Tapu Fini|atk|1\n|switch|p1a: Rotom|Rotom-Heat|71\/100\n|\n|-fieldend|Misty Terrain\n|upkeep\n|turn|7\n|\n|t:|1664710577\n|move|p2a: Landorus|Substitute|p2a: Landorus\n|-start|p2a: Landorus|Substitute\n|-damage|p2a: Landorus|76\/100\n|move|p1a: Rotom|Defog|p2a: Landorus\n|-sideend|p1: Destructoid69|Sticky Web|[from] move: Defog|[of] p1a: Rotom\n|\n|-heal|p2a: Landorus|82\/100|[from] item: Leftovers\n|upkeep\n|turn|8\n|\n|t:|1664710581\n|move|p2a: Landorus|Swords Dance|p2a: Landorus\n|-boost|p2a: Landorus|atk|2\n|move|p1a: Rotom|Overheat|p2a: Landorus\n|-end|p2a: Landorus|Substitute\n|-unboost|p1a: Rotom|spa|2\n|\n|-heal|p2a: Landorus|88\/100|[from] item: Leftovers\n|upkeep\n|turn|9\n|\n|t:|1664710607\n|switch|p1a: Dragonite|Dragonite, M|100\/100\n|move|p2a: Landorus|Gravity|p2a: Landorus\n|-fieldstart|move: Gravity\n|\n|-heal|p2a: Landorus|94\/100|[from] item: Leftovers\n|upkeep\n|turn|10\n|c|\u2606Destructoid69|impressive\n|\n|t:|1664710620\n|move|p2a: Landorus|Earthquake|p1a: Dragonite\n|-damage|p1a: Dragonite|36\/100\n|move|p1a: Dragonite|Ice Punch|p2a: Landorus\n|-supereffective|p2a: Landorus\n|-damage|p2a: Landorus|0 fnt\n|faint|p2a: Landorus\n|\n|upkeep\n|\n|t:|1664710624\n|switch|p2a: Kartana|Kartana|100\/100\n|turn|11\n|\n|t:|1664710635\n|switch|p1a: Ferrothorn|Ferrothorn, M|100\/100\n|move|p2a: Kartana|Swords Dance|p2a: Kartana\n|-boost|p2a: Kartana|atk|2\n|\n|upkeep\n|turn|12\n|\n|t:|1664710638\n|move|p2a: Kartana|Swords Dance|p2a: Kartana\n|-boost|p2a: Kartana|atk|2\n|move|p1a: Ferrothorn|Knock Off|p2a: Kartana\n|-damage|p2a: Kartana|78\/100\n|-enditem|p2a: Kartana|Life Orb|[from] move: Knock Off|[of] p1a: Ferrothorn\n|\n|upkeep\n|turn|13\n|\n|t:|1664710652\n|move|p2a: Kartana|Knock Off|p1a: Ferrothorn\n|-damage|p1a: Ferrothorn|24\/100\n|-damage|p2a: Kartana|66\/100|[from] ability: Iron Barbs|[of] p1a: Ferrothorn\n|-enditem|p1a: Ferrothorn|Leftovers|[from] move: Knock Off|[of] p2a: Kartana\n|move|p1a: Ferrothorn|Spikes|p2a: Kartana\n|-sidestart|p2: VivaHonduras|Spikes\n|\n|-fieldend|move: Gravity\n|upkeep\n|turn|14\n|\n|t:|1664710657\n|move|p2a: Kartana|Knock Off|p1a: Ferrothorn\n|-damage|p1a: Ferrothorn|0 fnt\n|-damage|p2a: Kartana|54\/100|[from] ability: Iron Barbs|[of] p1a: Ferrothorn\n|faint|p1a: Ferrothorn\n|-ability|p2a: Kartana|Beast Boost|boost\n|-boost|p2a: Kartana|atk|1\n|\n|upkeep\n|\n|t:|1664710665\n|switch|p1a: Zeraora|Zeraora|100\/100\n|turn|15\n|\n|t:|1664710673\n|switch|p2a: Tyranitar|Tyranitar, M|65\/100 tox\n|-damage|p2a: Tyranitar|53\/100 tox|[from] Spikes\n|-weather|Sandstorm|[from] ability: Sand Stream|[of] p2a: Tyranitar\n|move|p1a: Zeraora|Volt Switch|p2a: Tyranitar\n|-damage|p2a: Tyranitar|38\/100 tox\n|\n|t:|1664710680\n|switch|p1a: Dragonite|Dragonite, M|36\/100|[from]move: Volt Switch\n|\n|-weather|Sandstorm|[upkeep]\n|-damage|p1a: Dragonite|30\/100|[from] Sandstorm\n|-damage|p2a: Tyranitar|32\/100 tox|[from] psn\n|upkeep\n|turn|16\n|inactive|VivaHonduras has 120 seconds left.\n|\n|t:|1664710739\n|move|p1a: Dragonite|Earthquake|p2a: Tyranitar\n|-supereffective|p2a: Tyranitar\n|-damage|p2a: Tyranitar|0 fnt\n|faint|p2a: Tyranitar\n|\n|-weather|Sandstorm|[upkeep]\n|-damage|p1a: Dragonite|23\/100|[from] Sandstorm\n|upkeep\n|c|\u2606Destructoid69|wouldn't smack down be better on Landorus ?\n|\n|t:|1664710744\n|switch|p2a: Araquanid|Araquanid, F|94\/100\n|turn|17\n|\n|t:|1664710747\n|move|p1a: Dragonite|Dual Wingbeat|p2a: Araquanid\n|-supereffective|p2a: Araquanid\n|-damage|p2a: Araquanid|52\/100\n|-supereffective|p2a: Araquanid\n|-damage|p2a: Araquanid|9\/100\n|-hitcount|p2a: Araquanid|2\n|move|p2a: Araquanid|Sticky Web|p1a: Dragonite\n|-sidestart|p1: Destructoid69|move: Sticky Web\n|\n|-weather|Sandstorm|[upkeep]\n|-damage|p1a: Dragonite|17\/100|[from] Sandstorm\n|-damage|p2a: Araquanid|3\/100|[from] Sandstorm\n|upkeep\n|turn|18\n|\n|t:|1664710756\n|move|p1a: Dragonite|Earthquake|p2a: Araquanid\n|-resisted|p2a: Araquanid\n|-damage|p2a: Araquanid|0 fnt\n|faint|p2a: Araquanid\n|\n|-weather|Sandstorm|[upkeep]\n|-damage|p1a: Dragonite|11\/100|[from] Sandstorm\n|upkeep\n|\n|t:|1664710759\n|switch|p2a: Kartana|Kartana|54\/100\n|-damage|p2a: Kartana|41\/100|[from] Spikes\n|turn|19\n|\n|t:|1664710770\n|move|p2a: Kartana|Knock Off|p1a: Dragonite\n|-damage|p1a: Dragonite|0 fnt\n|-enditem|p1a: Dragonite|Heavy-Duty Boots|[from] move: Knock Off|[of] p2a: Kartana\n|faint|p1a: Dragonite\n|-ability|p2a: Kartana|Beast Boost|boost\n|-boost|p2a: Kartana|atk|1\n|\n|-weather|none\n|upkeep\n|\n|t:|1664710773\n|switch|p1a: Rotom|Rotom-Heat|71\/100\n|turn|20\n|\n|t:|1664710776\n|move|p2a: Kartana|Knock Off|p1a: Rotom\n|-damage|p1a: Rotom|6\/100\n|-enditem|p1a: Rotom|Heavy-Duty Boots|[from] move: Knock Off|[of] p2a: Kartana\n|move|p1a: Rotom|Defog|p2a: Kartana\n|-unboost|p2a: Kartana|evasion|1\n|-sideend|p2: VivaHonduras|Spikes|[from] move: Defog|[of] p1a: Rotom\n|-sideend|p1: Destructoid69|Sticky Web|[from] move: Defog|[of] p1a: Rotom\n|\n|upkeep\n|turn|21\n|\n|t:|1664710782\n|move|p2a: Kartana|Knock Off|p1a: Rotom\n|-damage|p1a: Rotom|0 fnt\n|faint|p1a: Rotom\n|-ability|p2a: Kartana|Beast Boost|boost\n|-boost|p2a: Kartana|atk|1\n|\n|upkeep\n|\n|t:|1664710785\n|switch|p1a: Zeraora|Zeraora|100\/100\n|turn|22\n|c|\u2606VivaHonduras|Destructoid, probably and even stone edge\n|c|\u2606VivaHonduras|Just wanted to try gravity out\n|inactive|VivaHonduras has 120 seconds left.\n|\n|t:|1664710820\n|move|p1a: Zeraora|Close Combat|p2a: Kartana\n|-supereffective|p2a: Kartana\n|-damage|p2a: Kartana|0 fnt\n|-unboost|p1a: Zeraora|def|1\n|-unboost|p1a: Zeraora|spd|1\n|faint|p2a: Kartana\n|\n|upkeep\n|\n|t:|1664710823\n|switch|p2a: Magnezone|Magnezone|51\/100\n|turn|23\n|\n|t:|1664710832\n|move|p1a: Zeraora|Close Combat|p2a: Magnezone\n|-supereffective|p2a: Magnezone\n|-enditem|p2a: Magnezone|Chople Berry|[eat]\n|-enditem|p2a: Magnezone|Chople Berry|[weaken]\n|-damage|p2a: Magnezone|0 fnt\n|-unboost|p1a: Zeraora|def|1\n|-unboost|p1a: Zeraora|spd|1\n|faint|p2a: Magnezone\n|\n|upkeep\n|\n|t:|1664710837\n|switch|p2a: Rapidash|Rapidash-Galar, M|100\/100\n|turn|24\n|\n|t:|1664710842\n|switch|p1a: Tapu Fini|Tapu Fini|100\/100\n|-fieldstart|move: Misty Terrain|[from] ability: Misty Surge|[of] p1a: Tapu Fini\n|move|p2a: Rapidash|Swords Dance|p2a: Rapidash\n|-boost|p2a: Rapidash|atk|2\n|\n|upkeep\n|turn|25\n|\n|t:|1664710847\n|move|p2a: Rapidash|Swords Dance|p2a: Rapidash\n|-boost|p2a: Rapidash|atk|2\n|move|p1a: Tapu Fini|Nature's Madness|p2a: Rapidash\n|-damage|p2a: Rapidash|51\/100\n|\n|upkeep\n|turn|26\n|c|\u2606VivaHonduras|Gg\n|\n|t:|1664710855\n|move|p2a: Rapidash|Play Rough|p1a: Tapu Fini|[miss]\n|-miss|p2a: Rapidash|p1a: Tapu Fini\n|move|p1a: Tapu Fini|Moonblast|p2a: Rapidash\n|-damage|p2a: Rapidash|4\/100\n|\n|upkeep\n|turn|27\n|\n|t:|1664710858\n|move|p2a: Rapidash|Play Rough|p1a: Tapu Fini\n|-damage|p1a: Tapu Fini|0 fnt\n|faint|p1a: Tapu Fini\n|-damage|p2a: Rapidash|0 fnt|[from] item: Life Orb\n|faint|p2a: Rapidash\n|\n|win|Destructoid69\n|raw|Destructoid69's rating: 1467 &rarr; <strong>1492<\/strong><br \/>(+25 for winning)\n|raw|VivaHonduras's rating: 1551 &rarr; <strong>1526<\/strong><br \/>(-25 for losing)\n|l|\u2606VivaHonduras\n|c|\u2606Destructoid69|gg\n","uploadtime":1664710871,"views":16,"p1id":"destructoid69","p2id":"vivahonduras","formatid":"gen8ou","rating":1492,"private":0,"password":null}