{"id":"gen8unratedrandombattle-1706967360","p1":"momomut","p2":"Karp A Darp","format":"gen8unratedrandombattle","log":"|j|\u2606momomut\n|j|\u2606Karp A Darp\n|t:|1668037229\n|gametype|singles\n|player|p1|momomut|grimsley|\n|player|p2|Karp A Darp|olivia|\n|teamsize|p1|6\n|teamsize|p2|6\n|gen|8\n|tier|[Gen 8] Unrated Random Battle\n|rule|Species Clause: Limit one of each Pok\u00e9mon\n|rule|HP Percentage Mod: HP is shown in percentages\n|rule|Sleep Clause Mod: Limit one foe put to sleep\n|\n|t:|1668037229\n|start\n|switch|p1a: Volcarona|Volcarona, L76, M|254\/254\n|switch|p2a: Froslass|Froslass, L84, F|255\/255\n|turn|1\n|inactive|Battle timer is ON: inactive players will automatically lose when time's up. (requested by Karp A Darp)\n|\n|t:|1668037238\n|move|p2a: Froslass|Taunt|p1a: Volcarona\n|-start|p1a: Volcarona|move: Taunt\n|cant|p1a: Volcarona|move: Taunt|Quiver Dance\n|\n|upkeep\n|turn|2\n|\n|t:|1668037244\n|move|p2a: Froslass|Destiny Bond|p2a: Froslass\n|-singlemove|p2a: Froslass|Destiny Bond\n|move|p1a: Volcarona|Fire Blast|p2a: Froslass\n|-supereffective|p2a: Froslass\n|-damage|p2a: Froslass|0 fnt\n|faint|p2a: Froslass\n|-activate|p2a: Froslass|move: Destiny Bond\n|faint|p1a: Volcarona\n|\n|upkeep\n|\n|t:|1668037255\n|switch|p2a: Seismitoad|Seismitoad, L84, F|314\/314\n|switch|p1a: Genesect|Genesect, L74|227\/227\n|-ability|p1a: Genesect|Download|boost\n|-boost|p1a: Genesect|spa|1\n|turn|3\n|\n|t:|1668037282\n|switch|p1a: Cresselia|Cresselia, L80, F|323\/323\n|move|p2a: Seismitoad|Earthquake|p1a: Cresselia\n|-immune|p1a: Cresselia|[from] ability: Levitate\n|\n|upkeep\n|turn|4\n|\n|t:|1668037292\n|move|p1a: Cresselia|Moonblast|p2a: Seismitoad\n|-crit|p2a: Seismitoad\n|-damage|p2a: Seismitoad|224\/314\n|move|p2a: Seismitoad|Stealth Rock|p1a: Cresselia\n|-sidestart|p1: momomut|move: Stealth Rock\n|\n|upkeep\n|turn|5\n|\n|t:|1668037301\n|move|p1a: Cresselia|Moonblast|p2a: Seismitoad\n|-damage|p2a: Seismitoad|163\/314\n|-unboost|p2a: Seismitoad|spa|1\n|move|p2a: Seismitoad|Rain Dance|p2a: Seismitoad\n|-weather|RainDance\n|\n|-weather|RainDance|[upkeep]\n|upkeep\n|turn|6\n|\n|t:|1668037314\n|move|p2a: Seismitoad|Liquidation|p1a: Cresselia\n|-damage|p1a: Cresselia|174\/323\n|-damage|p2a: Seismitoad|132\/314|[from] item: Life Orb\n|move|p1a: Cresselia|Moonblast|p2a: Seismitoad\n|-damage|p2a: Seismitoad|70\/314\n|\n|-weather|RainDance|[upkeep]\n|-heal|p1a: Cresselia|194\/323|[from] item: Leftovers\n|upkeep\n|turn|7\n|\n|t:|1668037325\n|move|p2a: Seismitoad|Liquidation|p1a: Cresselia\n|-damage|p1a: Cresselia|38\/323\n|-unboost|p1a: Cresselia|def|1\n|-damage|p2a: Seismitoad|39\/314|[from] item: Life Orb\n|move|p1a: Cresselia|Moonlight|p1a: Cresselia\n|-heal|p1a: Cresselia|119\/323\n|\n|-weather|RainDance|[upkeep]\n|-heal|p1a: Cresselia|139\/323|[from] item: Leftovers\n|upkeep\n|turn|8\n|inactive|momomut has 120 seconds left.\n|\n|t:|1668037345\n|switch|p1a: Genesect|Genesect, L74|227\/227\n|-damage|p1a: Genesect|199\/227|[from] Stealth Rock\n|-ability|p1a: Genesect|Download|boost\n|-boost|p1a: Genesect|spa|1\n|move|p2a: Seismitoad|Liquidation|p1a: Genesect\n|-damage|p1a: Genesect|24\/227\n|-damage|p2a: Seismitoad|8\/314|[from] item: Life Orb\n|\n|-weather|RainDance|[upkeep]\n|upkeep\n|turn|9\n|inactive|momomut has 120 seconds left.\n|\n|t:|1668037359\n|move|p1a: Genesect|Extreme Speed|p2a: Seismitoad\n|-damage|p2a: Seismitoad|0 fnt\n|faint|p2a: Seismitoad\n|\n|-weather|none\n|upkeep\n|\n|t:|1668037367\n|switch|p2a: Virizion|Virizion, L82|283\/283\n|turn|10\n|\n|t:|1668037375\n|switch|p1a: Cresselia|Cresselia, L80, F|139\/323\n|-damage|p1a: Cresselia|99\/323|[from] Stealth Rock\n|move|p2a: Virizion|Close Combat|p1a: Cresselia\n|-resisted|p1a: Cresselia\n|-damage|p1a: Cresselia|51\/323\n|-unboost|p2a: Virizion|def|1\n|-unboost|p2a: Virizion|spd|1\n|\n|-heal|p1a: Cresselia|71\/323|[from] item: Leftovers\n|upkeep\n|turn|11\n|\n|t:|1668037386\n|move|p2a: Virizion|Leaf Blade|p1a: Cresselia\n|-damage|p1a: Cresselia|0 fnt\n|faint|p1a: Cresselia\n|\n|upkeep\n|inactive|momomut has 120 seconds left.\n|\n|t:|1668037402\n|switch|p1a: Heatmor|Heatmor, L90, F|299\/299\n|turn|12\n|\n|t:|1668037417\n|move|p2a: Virizion|Stone Edge|p1a: Heatmor|[miss]\n|-miss|p2a: Virizion|p1a: Heatmor\n|move|p1a: Heatmor|Fire Lash|p2a: Virizion\n|-supereffective|p2a: Virizion\n|-damage|p2a: Virizion|0 fnt\n|faint|p2a: Virizion\n|\n|upkeep\n|\n|t:|1668037421\n|switch|p2a: Blaziken|Blaziken, L76, F|247\/247\n|turn|13\n|inactive|momomut has 120 seconds left.\n|\n|t:|1668037447\n|move|p1a: Heatmor|Fire Lash|p2a: Blaziken\n|-resisted|p2a: Blaziken\n|-damage|p2a: Blaziken|188\/247\n|-unboost|p2a: Blaziken|def|1\n|move|p2a: Blaziken|Swords Dance|p2a: Blaziken\n|-boost|p2a: Blaziken|atk|2\n|\n|-ability|p2a: Blaziken|Speed Boost|boost\n|-boost|p2a: Blaziken|spe|1\n|upkeep\n|turn|14\n|inactive|momomut has 120 seconds left.\n|\n|t:|1668037459\n|move|p2a: Blaziken|Close Combat|p1a: Heatmor\n|-damage|p1a: Heatmor|0 fnt\n|-unboost|p2a: Blaziken|def|1\n|-unboost|p2a: Blaziken|spd|1\n|faint|p1a: Heatmor\n|-damage|p2a: Blaziken|164\/247|[from] item: Life Orb\n|\n|-ability|p2a: Blaziken|Speed Boost|boost\n|-boost|p2a: Blaziken|spe|1\n|upkeep\n|inactive|momomut has 120 seconds left.\n|\n|t:|1668037477\n|switch|p1a: Mandibuzz|Mandibuzz, L82, F|315\/315\n|turn|15\n|\n|t:|1668037483\n|-start|p1a: Mandibuzz|Dynamax|\n|-heal|p1a: Mandibuzz|630\/630|[silent]\n|move|p2a: Blaziken|Close Combat|p1a: Mandibuzz\n|-damage|p1a: Mandibuzz|318\/630\n|-unboost|p2a: Blaziken|def|1\n|-unboost|p2a: Blaziken|spd|1\n|-damage|p2a: Blaziken|140\/247|[from] item: Life Orb\n|move|p1a: Mandibuzz|Max Airstream|p2a: Blaziken\n|-supereffective|p2a: Blaziken\n|-damage|p2a: Blaziken|0 fnt\n|-boost|p1a: Mandibuzz|spe|1\n|faint|p2a: Blaziken\n|\n|upkeep\n|\n|t:|1668037493\n|switch|p2a: Corviknight|Corviknight, L78, F|281\/281\n|-ability|p2a: Corviknight|Pressure\n|turn|16\n|inactive|momomut has 120 seconds left.\n|\n|t:|1668037505\n|-start|p2a: Corviknight|Dynamax|\n|-heal|p2a: Corviknight|562\/562|[silent]\n|move|p1a: Mandibuzz|Max Darkness|p2a: Corviknight\n|-damage|p2a: Corviknight|463\/562\n|-unboost|p2a: Corviknight|spd|1\n|move|p2a: Corviknight|Max Airstream|p1a: Mandibuzz\n|-damage|p1a: Mandibuzz|213\/630\n|-boost|p2a: Corviknight|spe|1\n|\n|-heal|p2a: Corviknight|480\/562|[from] item: Leftovers\n|upkeep\n|turn|17\n|inactive|momomut has 120 seconds left.\n|\n|t:|1668037521\n|move|p1a: Mandibuzz|Max Guard|p1a: Mandibuzz\n|-singleturn|p1a: Mandibuzz|Max Guard\n|move|p2a: Corviknight|Max Knuckle|p1a: Mandibuzz\n|-activate|p1a: Mandibuzz|move: Max Guard\n|\n|-heal|p2a: Corviknight|497\/562|[from] item: Leftovers\n|upkeep\n|-end|p1a: Mandibuzz|Dynamax\n|-heal|p1a: Mandibuzz|107\/315|[silent]\n|turn|18\n|inactive|momomut has 120 seconds left.\n|\n|t:|1668037534\n|move|p1a: Mandibuzz|Roost|p1a: Mandibuzz\n|-heal|p1a: Mandibuzz|265\/315\n|-singleturn|p1a: Mandibuzz|move: Roost\n|move|p2a: Corviknight|Max Knuckle|p1a: Mandibuzz\n|-supereffective|p1a: Mandibuzz\n|-damage|p1a: Mandibuzz|169\/315\n|-boost|p2a: Corviknight|atk|1\n|\n|-heal|p2a: Corviknight|514\/562|[from] item: Leftovers\n|upkeep\n|-end|p2a: Corviknight|Dynamax\n|-heal|p2a: Corviknight|257\/281|[silent]\n|turn|19\n|inactive|momomut has 120 seconds left.\n|\n|t:|1668037552\n|move|p1a: Mandibuzz|Foul Play|p2a: Corviknight\n|-damage|p2a: Corviknight|134\/281\n|move|p2a: Corviknight|Brave Bird|p1a: Mandibuzz\n|-damage|p1a: Mandibuzz|24\/315\n|-damage|p2a: Corviknight|86\/281|[from] Recoil\n|\n|-heal|p2a: Corviknight|103\/281|[from] item: Leftovers\n|upkeep\n|turn|20\n|\n|t:|1668037564\n|move|p1a: Mandibuzz|Foul Play|p2a: Corviknight\n|-damage|p2a: Corviknight|0 fnt\n|faint|p2a: Corviknight\n|\n|upkeep\n|\n|t:|1668037567\n|switch|p2a: Kyurem|Kyurem-White, L74|307\/307\n|-ability|p2a: Kyurem|Turboblaze\n|turn|21\n|inactive|momomut has 120 seconds left.\n|\n|t:|1668037574\n|move|p1a: Mandibuzz|Toxic|p2a: Kyurem\n|-status|p2a: Kyurem|tox\n|move|p2a: Kyurem|Ice Beam|p1a: Mandibuzz\n|-supereffective|p1a: Mandibuzz\n|-damage|p1a: Mandibuzz|0 fnt\n|faint|p1a: Mandibuzz\n|\n|-damage|p2a: Kyurem|288\/307 tox|[from] psn\n|upkeep\n|inactive|momomut has 120 seconds left.\n|\n|t:|1668037585\n|switch|p1a: Genesect|Genesect, L74|24\/227\n|-damage|p1a: Genesect|0 fnt|[from] Stealth Rock\n|faint|p1a: Genesect\n|\n|t:|1668037591\n|switch|p1a: Vanilluxe|Vanilluxe, L82, F|251\/251\n|-damage|p1a: Vanilluxe|189\/251|[from] Stealth Rock\n|-weather|Hail|[from] ability: Snow Warning|[of] p1a: Vanilluxe\n|turn|22\n|inactive|momomut has 120 seconds left.\n|\n|t:|1668037602\n|move|p2a: Kyurem|Fusion Flare|p1a: Vanilluxe\n|-supereffective|p1a: Vanilluxe\n|-damage|p1a: Vanilluxe|77\/251\n|move|p1a: Vanilluxe|Blizzard|p2a: Kyurem\n|-damage|p2a: Kyurem|162\/307 tox\n|\n|-weather|Hail|[upkeep]\n|-heal|p2a: Kyurem|181\/307 tox|[from] item: Leftovers\n|-damage|p2a: Kyurem|143\/307 tox|[from] psn\n|upkeep\n|turn|23\n|inactive|momomut has 120 seconds left.\n|\n|t:|1668037617\n|move|p2a: Kyurem|Fusion Flare|p1a: Vanilluxe\n|-supereffective|p1a: Vanilluxe\n|-damage|p1a: Vanilluxe|0 fnt\n|faint|p1a: Vanilluxe\n|\n|win|Karp A Darp\n","inputlog":">version 453a3ad56483cc6a5c08448f6577d394b68621b7\n>start {\"formatid\":\"gen8unratedrandombattle\",\"seed\":[8475,1934,57624,47265]}\n>player p1 {\"name\":\"momomut\",\"avatar\":\"grimsley\",\"rating\":0,\"seed\":[11942,64573,30031,21862]}\n>player p2 {\"name\":\"Karp A Darp\",\"avatar\":\"olivia\",\"rating\":0,\"seed\":[2938,48386,46964,16594]}\n>p1 move quiverdance\n>p2 move taunt\n>p1 move fireblast\n>p2 move destinybond\n>p1 switch 5\n>p2 switch 6\n>p1 switch 3\n>p2 move earthquake\n>p1 move moonblast\n>p2 move stealthrock\n>p1 move moonblast\n>p2 move raindance\n>p1 move moonblast\n>p2 move liquidation\n>p1 move moonlight\n>p2 move liquidation\n>p1 switch 3\n>p2 move liquidation\n>p1 move extremespeed\n>p2 move liquidation\n>p2 switch 3\n>p1 switch 3\n>p2 move closecombat\n>p1 move moonlight\n>p2 move leafblade\n>p1 switch 4\n>p1 move firelash\n>p2 move stoneedge\n>p2 switch 4\n>p1 move firelash\n>p2 move swordsdance\n>p1 move firelash\n>p2 move closecombat\n>p1 switch 6\n>p1 move bravebird dynamax\n>p2 move closecombat\n>p2 switch 2\n>p1 move foulplay dynamax\n>p2 move bravebird dynamax\n>p1 move toxic dynamax\n>p2 move bodypress dynamax\n>p1 move roost\n>p2 move bodypress dynamax\n>p1 move foulplay\n>p2 move bravebird\n>p1 move foulplay\n>p2 move bravebird\n>p2 switch 5\n>p1 move toxic\n>p2 move icebeam\n>p1 switch 3\n>p1 switch 2\n>p1 move blizzard\n>p2 move fusionflare\n>p1 move blizzard\n>p2 move fusionflare","uploadtime":1668037621,"views":3,"p1id":"momomut","p2id":"karpadarp","formatid":"gen8unratedrandombattle","rating":0,"private":0,"password":null}