{"id":"gen8ou-1603245218","p1":"Down$hift","p2":"Sww-Suwa","format":"gen8ou","log":"|j|\u2606Down$hift\n|j|\u2606Sww-Suwa\n|inactive|Battle timer is ON: inactive players will automatically lose when time's up.\n|t:|1656078536\n|gametype|singles\n|player|p1|Down$hift|teamrocket|\n|player|p2|Sww-Suwa|lisia|\n|teamsize|p1|6\n|teamsize|p2|6\n|gen|8\n|tier|[Gen 8] OU\n|rated|Tournament battle\n|rule|Sleep Clause Mod: Limit one foe put to sleep\n|rule|Species Clause: Limit one of each Pok\u00e9mon\n|rule|OHKO Clause: OHKO moves are banned\n|rule|Evasion Moves Clause: Evasion moves are banned\n|rule|Endless Battle Clause: Forcing endless battles is banned\n|rule|HP Percentage Mod: HP is shown in percentages\n|rule|Dynamax Clause: You cannot dynamax\n|clearpoke\n|poke|p1|Magnezone|\n|poke|p1|Volcarona, M|\n|poke|p1|Clefable, F|\n|poke|p1|Tornadus-Therian, M|\n|poke|p1|Toxapex, F|\n|poke|p1|Landorus-Therian, M|\n|poke|p2|Zoroark, M|\n|poke|p2|Buzzwole|\n|poke|p2|Kartana|\n|poke|p2|Nihilego|\n|poke|p2|Landorus-Therian, M|\n|poke|p2|Weavile, M|\n|teampreview\n|c|\u2606Sww-Suwa|hf\n|c|\u2606Down$hift|lets do this\n|c|\u2606Down$hift|hf\n|inactive|Sww-Suwa has 120 seconds left.\n|j| AlIoutdragadarts\n|\n|t:|1656078577\n|start\n|switch|p1a: Torn Anus|Tornadus-Therian, M|100\/100\n|switch|p2a: Weavile|Weavile, M|100\/100\n|turn|1\n|\n|t:|1656078584\n|switch|p1a: Pink Menace|Clefable, F|100\/100\n|move|p2a: Weavile|Swords Dance|p2a: Weavile\n|-boost|p2a: Weavile|atk|2\n|\n|upkeep\n|turn|2\n|j| lahhfqeif\n|\n|t:|1656078590\n|move|p2a: Weavile|Triple Axel|p1a: Pink Menace\n|-damage|p1a: Pink Menace|83\/100\n|-damage|p2a: Weavile|84\/100|[from] item: Rocky Helmet|[of] p1a: Pink Menace\n|-damage|p1a: Pink Menace|49\/100\n|-damage|p2a: Weavile|68\/100|[from] item: Rocky Helmet|[of] p1a: Pink Menace\n|-damage|p1a: Pink Menace|2\/100\n|-damage|p2a: Weavile|51\/100|[from] item: Rocky Helmet|[of] p1a: Pink Menace\n|-hitcount|p1a: Pink Menace|3\n|move|p1a: Pink Menace|Moonblast|p2a: Weavile\n|-supereffective|p2a: Weavile\n|-crit|p2a: Weavile\n|-damage|p2a: Weavile|0 fnt\n|faint|p2a: Weavile\n|\n|upkeep\n|\n|t:|1656078596\n|switch|p2a: Nihilego|Nihilego|100\/100\n|turn|3\n|\n|t:|1656078605\n|switch|p1a: $wagnezone|Magnezone|100\/100\n|move|p2a: Nihilego|Dark Pulse|p1a: $wagnezone\n|-damage|p1a: $wagnezone|59\/100\n|\n|upkeep\n|turn|4\n|\n|t:|1656078618\n|move|p2a: Nihilego|Dark Pulse|p1a: $wagnezone\n|-damage|p1a: $wagnezone|21\/100\n|cant|p1a: $wagnezone|flinch\n|\n|upkeep\n|turn|5\n|c|\u2606Sww-Suwa|myb\n|c|\u2606Down$hift|man\n|\n|t:|1656078627\n|switch|p1a: Pr\u00e9dast\u00e9rie|Toxapex, F|100\/100\n|move|p2a: Nihilego|Dark Pulse|p1a: Pr\u00e9dast\u00e9rie\n|-damage|p1a: Pr\u00e9dast\u00e9rie|65\/100\n|-enditem|p1a: Pr\u00e9dast\u00e9rie|Eject Button\n|\n|t:|1656078630\n|switch|p1a: LandOUrus-T|Landorus-Therian, M|100\/100\n|-ability|p1a: LandOUrus-T|Intimidate|boost\n|-unboost|p2a: Nihilego|atk|1\n|\n|upkeep\n|turn|6\n|\n|t:|1656078633\n|move|p1a: LandOUrus-T|U-turn|p2a: Nihilego\n|-supereffective|p2a: Nihilego\n|-damage|p2a: Nihilego|0 fnt\n|replace|p2a: Zoroark|Zoroark, M\n|-end|p2a: Zoroark|Illusion\n|faint|p2a: Zoroark\n|c|\u2606Sww-Suwa|tf\n|\n|t:|1656078647\n|switch|p1a: Torn Anus|Tornadus-Therian, M|100\/100|[from]move: U-turn\n|\n|upkeep\n|\n|t:|1656078655\n|switch|p2a: Nihilego|Nihilego|100\/100\n|turn|7\n|\n|t:|1656078663\n|switch|p1a: Pr\u00e9dast\u00e9rie|Toxapex, F|98\/100\n|move|p2a: Nihilego|Stealth Rock|p1a: Pr\u00e9dast\u00e9rie\n|-sidestart|p1: Down$hift|move: Stealth Rock\n|\n|upkeep\n|turn|8\n|c|\u2606Down$hift|wait\n|c|\u2606Down$hift|i have\n|c|\u2606Down$hift|the wrong fucking move\n|c|\u2606Down$hift|FUCK\n|\n|t:|1656078682\n|move|p2a: Nihilego|Meteor Beam||[still]\n|-prepare|p2a: Nihilego|Meteor Beam\n|-boost|p2a: Nihilego|spa|1\n|-enditem|p2a: Nihilego|Power Herb\n|-anim|p2a: Nihilego|Meteor Beam|p1a: Pr\u00e9dast\u00e9rie\n|-damage|p1a: Pr\u00e9dast\u00e9rie|40\/100\n|move|p1a: Pr\u00e9dast\u00e9rie|Light Screen|p1a: Pr\u00e9dast\u00e9rie\n|-sidestart|p1: Down$hift|move: Light Screen\n|\n|upkeep\n|turn|9\n|\n|t:|1656078688\n|move|p2a: Nihilego|Meteor Beam||[still]\n|-prepare|p2a: Nihilego|Meteor Beam\n|-boost|p2a: Nihilego|spa|1\n|move|p1a: Pr\u00e9dast\u00e9rie|Haze|p1a: Pr\u00e9dast\u00e9rie\n|-clearallboost\n|\n|upkeep\n|turn|10\n|\n|t:|1656078694\n|switch|p1a: Pink Menace|Clefable, F|2\/100\n|move|p2a: Nihilego|Meteor Beam|p1a: Pink Menace|[from]lockedmove\n|-damage|p1a: Pink Menace|0 fnt\n|faint|p1a: Pink Menace\n|-ability|p2a: Nihilego|Beast Boost|boost\n|-boost|p2a: Nihilego|spe|1\n|\n|upkeep\n|\n|t:|1656078708\n|switch|p1a: $wagnezone|Magnezone|21\/100\n|-damage|p1a: $wagnezone|15\/100|[from] Stealth Rock\n|turn|11\n|inactive|Sww-Suwa has 120 seconds left.\n|\n|t:|1656078764\n|switch|p2a: Kartana|Kartana, shiny|100\/100\n|move|p1a: $wagnezone|Flash Cannon|p2a: Kartana\n|-resisted|p2a: Kartana\n|-damage|p2a: Kartana|37\/100\n|\n|upkeep\n|turn|12\n|\n|t:|1656078783\n|switch|p1a: Pr\u00e9dast\u00e9rie|Toxapex, F|73\/100\n|-damage|p1a: Pr\u00e9dast\u00e9rie|60\/100|[from] Stealth Rock\n|move|p2a: Kartana|Leaf Blade|p1a: Pr\u00e9dast\u00e9rie\n|-damage|p1a: Pr\u00e9dast\u00e9rie|18\/100\n|\n|-sideend|p1: Down$hift|move: Light Screen\n|upkeep\n|turn|13\n|\n|t:|1656078797\n|switch|p2a: Nihilego|Nihilego|100\/100\n|switch|p1a: Torn Anus|Tornadus-Therian, M|100\/100\n|\n|upkeep\n|turn|14\n|\n|t:|1656078805\n|switch|p1a: Pr\u00e9dast\u00e9rie|Toxapex, F|51\/100\n|-damage|p1a: Pr\u00e9dast\u00e9rie|38\/100|[from] Stealth Rock\n|move|p2a: Nihilego|Power Gem|p1a: Pr\u00e9dast\u00e9rie\n|-damage|p1a: Pr\u00e9dast\u00e9rie|14\/100\n|\n|upkeep\n|turn|15\n|\n|t:|1656078809\n|switch|p1a: $wagnezone|Magnezone|15\/100\n|-damage|p1a: $wagnezone|9\/100|[from] Stealth Rock\n|move|p2a: Nihilego|Power Gem|p1a: $wagnezone\n|-resisted|p1a: $wagnezone\n|-damage|p1a: $wagnezone|0 fnt\n|faint|p1a: $wagnezone\n|-ability|p2a: Nihilego|Beast Boost|boost\n|-boost|p2a: Nihilego|spe|1\n|\n|upkeep\n|\n|t:|1656078813\n|switch|p1a: LandOUrus-T|Landorus-Therian, M|100\/100\n|-damage|p1a: LandOUrus-T|88\/100|[from] Stealth Rock\n|-ability|p1a: LandOUrus-T|Intimidate|boost\n|-unboost|p2a: Nihilego|atk|1\n|turn|16\n|\n|t:|1656078824\n|switch|p2a: Buzzwole|Buzzwole|100\/100\n|move|p1a: LandOUrus-T|Defog|p2a: Buzzwole\n|-unboost|p2a: Buzzwole|evasion|1\n|-sideend|p1: Down$hift|Stealth Rock|[from] move: Defog|[of] p1a: LandOUrus-T\n|\n|upkeep\n|turn|17\n|\n|t:|1656078832\n|switch|p1a: Pr\u00e9dast\u00e9rie|Toxapex, F|48\/100\n|switch|p2a: Nihilego|Nihilego|100\/100\n|\n|upkeep\n|turn|18\n|\n|t:|1656078837\n|switch|p1a: LandOUrus-T|Landorus-Therian, M|88\/100\n|-ability|p1a: LandOUrus-T|Intimidate|boost\n|-unboost|p2a: Nihilego|atk|1\n|move|p2a: Nihilego|Stealth Rock|p1a: LandOUrus-T\n|-sidestart|p1: Down$hift|move: Stealth Rock\n|\n|upkeep\n|turn|19\n|\n|t:|1656078847\n|switch|p2a: Buzzwole|Buzzwole|100\/100\n|move|p1a: LandOUrus-T|U-turn|p2a: Buzzwole\n|-resisted|p2a: Buzzwole\n|-damage|p2a: Buzzwole|92\/100\n|\n|t:|1656078850\n|switch|p1a: Pandemic|Volcarona, M|100\/100|[from]move: U-turn\n|\n|upkeep\n|turn|20\n|\n|t:|1656078854\n|switch|p2a: Nihilego|Nihilego|100\/100\n|move|p1a: Pandemic|Quiver Dance|p1a: Pandemic\n|-boost|p1a: Pandemic|spa|1\n|-boost|p1a: Pandemic|spd|1\n|-boost|p1a: Pandemic|spe|1\n|\n|upkeep\n|turn|21\n|\n|t:|1656078858\n|move|p1a: Pandemic|Psychic|p2a: Nihilego\n|-supereffective|p2a: Nihilego\n|-damage|p2a: Nihilego|42\/100\n|move|p2a: Nihilego|Power Gem|p1a: Pandemic\n|-supereffective|p1a: Pandemic\n|-damage|p1a: Pandemic|4\/100\n|\n|upkeep\n|turn|22\n|\n|t:|1656078861\n|move|p1a: Pandemic|Psychic|p2a: Nihilego\n|-supereffective|p2a: Nihilego\n|-damage|p2a: Nihilego|0 fnt\n|faint|p2a: Nihilego\n|\n|upkeep\n|\n|t:|1656078863\n|switch|p2a: Kartana|Kartana, shiny|37\/100\n|turn|23\n|c|\u2606Down$hift|damn i fucking lived\n|\n|t:|1656078876\n|switch|p1a: Pr\u00e9dast\u00e9rie|Toxapex, F|81\/100\n|-damage|p1a: Pr\u00e9dast\u00e9rie|68\/100|[from] Stealth Rock\n|move|p2a: Kartana|Knock Off|p1a: Pr\u00e9dast\u00e9rie\n|-damage|p1a: Pr\u00e9dast\u00e9rie|45\/100\n|\n|upkeep\n|turn|24\n|\n|t:|1656078883\n|switch|p2a: Landorus|Landorus-Therian, M|100\/100\n|-ability|p2a: Landorus|Intimidate|boost\n|-unboost|p1a: Pr\u00e9dast\u00e9rie|atk|1\n|switch|p1a: LandOUrus-T|Landorus-Therian, M|88\/100\n|-damage|p1a: LandOUrus-T|76\/100|[from] Stealth Rock\n|-ability|p1a: LandOUrus-T|Intimidate|boost\n|-unboost|p2a: Landorus|atk|1\n|-enditem|p2a: Landorus|Adrenaline Orb\n|-boost|p2a: Landorus|spe|1|[from] item: Adrenaline Orb\n|\n|upkeep\n|turn|25\n|c|\u2606Down$hift|oh no\n|\n|t:|1656078894\n|move|p1a: LandOUrus-T|Stone Edge|p2a: Landorus\n|-damage|p2a: Landorus|62\/100\n|move|p2a: Landorus|Substitute|p2a: Landorus\n|-start|p2a: Landorus|Substitute\n|-damage|p2a: Landorus|37\/100\n|\n|upkeep\n|turn|26\n|\n|t:|1656078897\n|move|p1a: LandOUrus-T|Stone Edge|p2a: Landorus\n|-end|p2a: Landorus|Substitute\n|move|p2a: Landorus|Swords Dance|p2a: Landorus\n|-boost|p2a: Landorus|atk|2\n|\n|upkeep\n|turn|27\n|\n|t:|1656078901\n|move|p1a: LandOUrus-T|Stone Edge|p2a: Landorus\n|-damage|p2a: Landorus|0 fnt\n|faint|p2a: Landorus\n|\n|upkeep\n|c|\u2606Sww-Suwa|bro\n|c|\u2606Down$hift|hell yea\n|c|\u2606Sww-Suwa|how you won\n|c|\u2606Sww-Suwa|3 speed ties\n|c|\u2606Down$hift|!showset toxapex\n|c| Down$hift|\/raw <div class=\"infobox\">Pr\u00e9dast\u00e9rie (Toxapex) @ Eject Button  <br \/>Ability: Regenerator  <br \/>EVs: 252 HP &#x2f; 2 Atk &#x2f; 68 Def &#x2f; 188 SpD  <br \/>Sassy Nature  <br \/>IVs: 19 Spe  <br \/>- Light Screen  <br \/>- Toxic  <br \/>- Knock Off  <br \/>- Haze  <br \/><br \/><\/div>\n|c|\u2606Down$hift|i misclicked\n|c|\u2606Down$hift|light screen\n|\n|t:|1656078918\n|switch|p2a: Buzzwole|Buzzwole|92\/100\n|turn|28\n|c|\u2606Down$hift|over recover\n|c|\u2606Sww-Suwa|okay but\n|c|\u2606Sww-Suwa|how did you win 3 speed ties LOL\n|c|\u2606Down$hift|good question\n|c|\u2606Down$hift|tbf\n|c|\u2606Down$hift|only 1 mattered\n|inactive|Down$hift has 120 seconds left.\n|\n|t:|1656078956\n|switch|p1a: Pr\u00e9dast\u00e9rie|Toxapex, F|78\/100\n|-damage|p1a: Pr\u00e9dast\u00e9rie|65\/100|[from] Stealth Rock\n|move|p2a: Buzzwole|Earthquake|p1a: Pr\u00e9dast\u00e9rie\n|-supereffective|p1a: Pr\u00e9dast\u00e9rie\n|-damage|p1a: Pr\u00e9dast\u00e9rie|0 fnt\n|faint|p1a: Pr\u00e9dast\u00e9rie\n|-ability|p2a: Buzzwole|Beast Boost|boost\n|-boost|p2a: Buzzwole|atk|1\n|\n|upkeep\n|\n|t:|1656078960\n|switch|p1a: Torn Anus|Tornadus-Therian, M|100\/100\n|turn|29\n|inactive|Down$hift has 120 seconds left.\n|\n|t:|1656078975\n|switch|p2a: Kartana|Kartana, shiny|37\/100\n|move|p1a: Torn Anus|Heat Wave|p2a: Kartana\n|-supereffective|p2a: Kartana\n|-damage|p2a: Kartana|0 fnt\n|faint|p2a: Kartana\n|\n|upkeep\n|\n|t:|1656078977\n|switch|p2a: Buzzwole|Buzzwole|92\/100\n|turn|30\n|\n|t:|1656078982\n|move|p1a: Torn Anus|Heat Wave|p2a: Buzzwole\n|-supereffective|p2a: Buzzwole\n|-damage|p2a: Buzzwole|10\/100\n|move|p2a: Buzzwole|Ice Punch|p1a: Torn Anus\n|-supereffective|p1a: Torn Anus\n|-damage|p1a: Torn Anus|11\/100\n|\n|upkeep\n|turn|31\n|\n|t:|1656078986\n|move|p1a: Torn Anus|Heat Wave|p2a: Buzzwole\n|-supereffective|p2a: Buzzwole\n|-damage|p2a: Buzzwole|0 fnt\n|faint|p2a: Buzzwole\n|\n|win|Down$hift\n|n|\u2606Down$hift|downhift\n|n|\u2606Sww-Suwa|swwsuwa\n|n| AlIoutdragadarts|alioutdragadarts\n|n| lahhfqeif|lahhfqeif\n|c|\u2606Sww-Suwa|rip\n|c|\u2606Sww-Suwa|gg\n|l|\u2606Sww-Suwa\n|c|\u2606Down$hift|gg\n","uploadtime":1656079000,"views":103,"p1id":"downhift","p2id":"swwsuwa","formatid":"gen8ou","rating":0,"private":0,"password":null}