{"id":"gen8balancedhackmons-1619635533","p1":"Sriram738","p2":"Redflix","format":"gen8balancedhackmons","log":"|j|\u2606Sriram738\n|j|\u2606Redflix\n|t:|1658115735\n|gametype|singles\n|player|p1|Sriram738|265|1434\n|player|p2|Redflix|erika|1663\n|teamsize|p1|6\n|teamsize|p2|6\n|gen|8\n|tier|[Gen 8] Balanced Hackmons\n|rated|\n|rule|OHKO Clause: OHKO moves are banned\n|rule|Evasion Moves Clause: Evasion moves are banned\n|rule|Forme Clause: Limit one of each forme of a Pok\u00e9mon\n|rule|HP Percentage Mod: HP is shown in percentages\n|rule|Dynamax Clause: You cannot dynamax\n|rule|Sleep Clause: Sleep-inducing moves are banned\n|rule|Endless Battle Clause: Forcing endless battles is banned\n|clearpoke\n|poke|p1|Shuckle, F|\n|poke|p1|Giratina|\n|poke|p1|Regigigas|\n|poke|p1|Xerneas-*|\n|poke|p1|Palkia|\n|poke|p1|Zamazenta-Crowned|\n|poke|p2|Xerneas-*|\n|poke|p2|Regigigas|\n|poke|p2|Lunala|\n|poke|p2|Eternatus|\n|poke|p2|Melmetal|\n|poke|p2|Ho-Oh|\n|teampreview\n|inactive|Battle timer is ON: inactive players will automatically lose when time's up. (requested by Sriram738)\n|inactive|Redflix has 120 seconds left.\n|inactive|Redflix has 90 seconds left.\n|\n|t:|1658115822\n|start\n|switch|p1a: Palkia|Palkia|100\/100\n|switch|p2a: Melmetal|Melmetal|100\/100\n|-weather|PrimordialSea|[from] ability: Primordial Sea|[of] p1a: Palkia\n|turn|1\n|\n|t:|1658115831\n|move|p2a: Melmetal|Parting Shot|p1a: Palkia\n|-unboost|p1a: Palkia|atk|1\n|-unboost|p1a: Palkia|spa|1\n|\n|t:|1658115835\n|switch|p2a: Ho-Oh|Ho-Oh|100\/100|[from]move: Parting Shot\n|-weather|DesolateLand|[from] ability: Desolate Land|[of] p2a: Ho-Oh\n|move|p1a: Palkia|Water Spout||[still]\n|-fail|p1a: Palkia|Water Spout|[from] Desolate Land\n|\n|-weather|DesolateLand|[upkeep]\n|upkeep\n|turn|2\n|j| tzpwe\n|\n|t:|1658115849\n|move|p1a: Palkia|Dragon Energy|p2a: Ho-Oh\n|-damage|p2a: Ho-Oh|70\/100\n|move|p2a: Ho-Oh|Spikes|p1a: Palkia\n|-sidestart|p1: Sriram738|Spikes\n|\n|-weather|DesolateLand|[upkeep]\n|upkeep\n|turn|3\n|inactive|Redflix has 120 seconds left.\n|\n|t:|1658115884\n|switch|p1a: Shuckle|Shuckle, F, shiny|100\/100\n|-damage|p1a: Shuckle|88\/100|[from] Spikes\n|move|p2a: Ho-Oh|Nuzzle|p1a: Shuckle\n|-damage|p1a: Shuckle|84\/100\n|-status|p1a: Shuckle|par\n|-damage|p2a: Ho-Oh|54\/100|[from] item: Rocky Helmet|[of] p1a: Shuckle\n|\n|-weather|DesolateLand|[upkeep]\n|upkeep\n|turn|4\n|\n|t:|1658115892\n|move|p2a: Ho-Oh|Shore Up|p2a: Ho-Oh\n|-heal|p2a: Ho-Oh|100\/100\n|cant|p1a: Shuckle|par\n|\n|-weather|DesolateLand|[upkeep]\n|upkeep\n|turn|5\n|inactive|Redflix has 120 seconds left.\n|\n|t:|1658115922\n|move|p2a: Ho-Oh|V-create|p1a: Shuckle\n|-damage|p1a: Shuckle|0 fnt\n|-unboost|p2a: Ho-Oh|spe|1\n|-unboost|p2a: Ho-Oh|def|1\n|-unboost|p2a: Ho-Oh|spd|1\n|-damage|p2a: Ho-Oh|84\/100|[from] item: Rocky Helmet|[of] p1a: Shuckle\n|faint|p1a: Shuckle\n|\n|-weather|DesolateLand|[upkeep]\n|upkeep\n|\n|t:|1658115928\n|switch|p1a: Palkia|Palkia|100\/100\n|-damage|p1a: Palkia|88\/100|[from] Spikes\n|-weather|PrimordialSea|[from] ability: Primordial Sea|[of] p1a: Palkia\n|turn|6\n|j| AIRedzone\n|\n|t:|1658115957\n|switch|p2a: Eternatus|Eternatus|100\/100\n|move|p1a: Palkia|Water Spout|p2a: Eternatus\n|-resisted|p2a: Eternatus\n|-damage|p2a: Eternatus|66\/100\n|\n|-weather|PrimordialSea|[upkeep]\n|-heal|p2a: Eternatus|73\/100|[from] item: Black Sludge\n|upkeep\n|turn|7\n|\n|t:|1658115968\n|switch|p2a: Ho-Oh|Ho-Oh|84\/100\n|-weather|DesolateLand|[from] ability: Desolate Land|[of] p2a: Ho-Oh\n|move|p1a: Palkia|Dragon Energy|p2a: Ho-Oh\n|-damage|p2a: Ho-Oh|41\/100\n|\n|-weather|DesolateLand|[upkeep]\n|upkeep\n|turn|8\n|\n|t:|1658115979\n|-weather|none\n|switch|p2a: Xerneas|Xerneas|100\/100\n|move|p1a: Palkia|Dragon Energy|p2a: Xerneas\n|-immune|p2a: Xerneas\n|\n|upkeep\n|turn|9\n|\n|t:|1658115984\n|move|p1a: Palkia|Flip Turn|p2a: Xerneas\n|-damage|p2a: Xerneas|80\/100\n|\n|t:|1658115996\n|switch|p1a: Regigigas|Regigigas|100\/100|[from]move: Flip Turn\n|-damage|p1a: Regigigas|88\/100|[from] Spikes\n|move|p2a: Xerneas|Boomburst|p1a: Regigigas\n|-damage|p1a: Regigigas|19\/100\n|\n|-status|p1a: Regigigas|tox|[from] item: Toxic Orb\n|upkeep\n|turn|10\n|inactive|Redflix has 120 seconds left.\n|\n|t:|1658116007\n|move|p1a: Regigigas|Facade|p2a: Xerneas\n|-damage|p2a: Xerneas|23\/100\n|move|p2a: Xerneas|Boomburst|p1a: Regigigas\n|-damage|p1a: Regigigas|0 fnt\n|faint|p1a: Regigigas\n|\n|upkeep\n|\n|t:|1658116014\n|switch|p1a: Zamazenta|Zamazenta-Crowned|100\/100\n|-damage|p1a: Zamazenta|88\/100|[from] Spikes\n|turn|11\n|\n|t:|1658116017\n|switch|p2a: Lunala|Lunala|100\/100\n|move|p1a: Zamazenta|Anchor Shot|p2a: Lunala\n|-damage|p2a: Lunala|89\/100\n|-damage|p1a: Zamazenta|72\/100|[from] item: Rocky Helmet|[of] p2a: Lunala\n|\n|-heal|p1a: Zamazenta|78\/100|[from] item: Leftovers\n|upkeep\n|turn|12\n|\n|t:|1658116021\n|move|p1a: Zamazenta|Infestation|p2a: Lunala\n|-damage|p2a: Lunala|86\/100\n|-activate|p2a: Lunala|move: Infestation|[of] p1a: Zamazenta\n|-damage|p1a: Zamazenta|61\/100|[from] item: Rocky Helmet|[of] p2a: Lunala\n|move|p2a: Lunala|Nuzzle|p1a: Zamazenta\n|-damage|p1a: Zamazenta|58\/100\n|-status|p1a: Zamazenta|par\n|\n|-heal|p1a: Zamazenta|65\/100 par|[from] item: Leftovers\n|-damage|p2a: Lunala|74\/100|[from] move: Infestation|[partiallytrapped]\n|upkeep\n|turn|13\n|\n|t:|1658116028\n|move|p2a: Lunala|Roost|p2a: Lunala\n|-heal|p2a: Lunala|100\/100\n|-singleturn|p2a: Lunala|move: Roost\n|move|p1a: Zamazenta|Leech Seed|p2a: Lunala\n|-start|p2a: Lunala|move: Leech Seed\n|\n|-heal|p1a: Zamazenta|71\/100 par|[from] item: Leftovers\n|-damage|p2a: Lunala|88\/100|[from] Leech Seed|[of] p1a: Zamazenta\n|-heal|p1a: Zamazenta|86\/100 par|[silent]\n|-damage|p2a: Lunala|76\/100|[from] move: Infestation|[partiallytrapped]\n|upkeep\n|turn|14\n|\n|t:|1658116034\n|switch|p2a: Ho-Oh|Ho-Oh|41\/100\n|-weather|DesolateLand|[from] ability: Desolate Land|[of] p2a: Ho-Oh\n|move|p1a: Zamazenta|Anchor Shot|p2a: Ho-Oh\n|-resisted|p2a: Ho-Oh\n|-damage|p2a: Ho-Oh|25\/100\n|-activate|p2a: Ho-Oh|trapped\n|\n|-weather|DesolateLand|[upkeep]\n|-heal|p1a: Zamazenta|92\/100 par|[from] item: Leftovers\n|upkeep\n|turn|15\n|\n|t:|1658116039\n|switch|p1a: Giratina|Giratina|100\/100\n|-damage|p1a: Giratina|88\/100|[from] Spikes\n|move|p2a: Ho-Oh|Shore Up|p2a: Ho-Oh\n|-heal|p2a: Ho-Oh|75\/100\n|\n|-weather|DesolateLand|[upkeep]\n|-heal|p1a: Giratina|94\/100|[from] item: Leftovers\n|upkeep\n|turn|16\n|\n|t:|1658116044\n|-weather|none\n|switch|p2a: Xerneas|Xerneas|23\/100\n|move|p1a: Giratina|Anchor Shot|p2a: Xerneas\n|-damage|p2a: Xerneas|5\/100\n|-activate|p2a: Xerneas|trapped\n|\n|-heal|p1a: Giratina|99\/100|[from] item: Leftovers\n|upkeep\n|turn|17\n|\n|t:|1658116057\n|move|p2a: Xerneas|Strength Sap|p1a: Giratina\n|-unboost|p1a: Giratina|atk|1\n|-heal|p2a: Xerneas|71\/100\n|move|p1a: Giratina|Anchor Shot|p2a: Xerneas\n|-damage|p2a: Xerneas|59\/100\n|\n|-heal|p1a: Giratina|100\/100|[from] item: Leftovers\n|upkeep\n|turn|18\n|\n|t:|1658116061\n|move|p2a: Xerneas|Boomburst|p1a: Giratina\n|-supereffective|p1a: Giratina\n|-damage|p1a: Giratina|0 fnt\n|faint|p1a: Giratina\n|\n|upkeep\n|\n|t:|1658116068\n|switch|p1a: Palkia|Palkia|88\/100\n|-damage|p1a: Palkia|75\/100|[from] Spikes\n|-weather|PrimordialSea|[from] ability: Primordial Sea|[of] p1a: Palkia\n|turn|19\n|\n|t:|1658116075\n|switch|p2a: Melmetal|Melmetal|100\/100\n|move|p1a: Palkia|Shore Up|p1a: Palkia\n|-heal|p1a: Palkia|100\/100\n|\n|-weather|PrimordialSea|[upkeep]\n|upkeep\n|turn|20\n|\n|t:|1658116078\n|move|p2a: Melmetal|Parting Shot|p1a: Palkia\n|-unboost|p1a: Palkia|atk|1\n|-unboost|p1a: Palkia|spa|1\n|\n|t:|1658116081\n|switch|p2a: Ho-Oh|Ho-Oh|75\/100|[from]move: Parting Shot\n|-weather|DesolateLand|[from] ability: Desolate Land|[of] p2a: Ho-Oh\n|move|p1a: Palkia|Water Spout||[still]\n|-fail|p1a: Palkia|Water Spout|[from] Desolate Land\n|\n|-weather|DesolateLand|[upkeep]\n|upkeep\n|turn|21\n|\n|t:|1658116089\n|switch|p1a: Zamazenta|Zamazenta-Crowned|92\/100 par\n|-damage|p1a: Zamazenta|80\/100 par|[from] Spikes\n|move|p2a: Ho-Oh|Nuzzle|p1a: Zamazenta\n|-damage|p1a: Zamazenta|75\/100 par\n|\n|-weather|DesolateLand|[upkeep]\n|-heal|p1a: Zamazenta|81\/100 par|[from] item: Leftovers\n|upkeep\n|turn|22\n|\n|t:|1658116094\n|-weather|none\n|switch|p2a: Lunala|Lunala|76\/100\n|switch|p1a: Palkia|Palkia|100\/100\n|-damage|p1a: Palkia|88\/100|[from] Spikes\n|-weather|PrimordialSea|[from] ability: Primordial Sea|[of] p1a: Palkia\n|\n|-weather|PrimordialSea|[upkeep]\n|upkeep\n|turn|23\n|\n|t:|1658116100\n|move|p1a: Palkia|Dragon Energy|p2a: Lunala\n|-damage|p2a: Lunala|27\/100\n|move|p2a: Lunala|Nuzzle|p1a: Palkia\n|-damage|p1a: Palkia|84\/100\n|-status|p1a: Palkia|par\n|\n|-weather|PrimordialSea|[upkeep]\n|upkeep\n|turn|24\n|\n|t:|1658116112\n|switch|p2a: Ho-Oh|Ho-Oh|75\/100\n|-weather|DesolateLand|[from] ability: Desolate Land|[of] p2a: Ho-Oh\n|switch|p1a: Zamazenta|Zamazenta-Crowned|81\/100 par\n|-damage|p1a: Zamazenta|69\/100 par|[from] Spikes\n|\n|-weather|DesolateLand|[upkeep]\n|-heal|p1a: Zamazenta|75\/100 par|[from] item: Leftovers\n|upkeep\n|turn|25\n|\n|t:|1658116118\n|switch|p1a: Palkia|Palkia|84\/100 par\n|-damage|p1a: Palkia|72\/100 par|[from] Spikes\n|-weather|PrimordialSea|[from] ability: Primordial Sea|[of] p1a: Palkia\n|move|p2a: Ho-Oh|Spikes|p1a: Palkia\n|-sidestart|p1: Sriram738|Spikes\n|\n|-weather|PrimordialSea|[upkeep]\n|upkeep\n|turn|26\n|\n|t:|1658116125\n|switch|p2a: Lunala|Lunala|27\/100\n|cant|p1a: Palkia|par\n|\n|-weather|PrimordialSea|[upkeep]\n|upkeep\n|turn|27\n|\n|t:|1658116129\n|move|p2a: Lunala|Core Enforcer|p1a: Palkia\n|-supereffective|p1a: Palkia\n|-damage|p1a: Palkia|23\/100 par\n|move|p1a: Palkia|Water Spout|p2a: Lunala\n|-damage|p2a: Lunala|7\/100\n|\n|-weather|PrimordialSea|[upkeep]\n|upkeep\n|turn|28\n|\n|t:|1658116131\n|move|p2a: Lunala|Core Enforcer|p1a: Palkia\n|-supereffective|p1a: Palkia\n|-damage|p1a: Palkia|0 fnt\n|faint|p1a: Palkia\n|-weather|none\n|\n|upkeep\n|\n|t:|1658116134\n|switch|p1a: Xerneas|Xerneas|100\/100\n|-damage|p1a: Xerneas|84\/100|[from] Spikes\n|turn|29\n|\n|t:|1658116141\n|switch|p2a: Melmetal|Melmetal|100\/100\n|move|p1a: Xerneas|Boomburst|p2a: Melmetal\n|-resisted|p2a: Melmetal\n|-damage|p2a: Melmetal|61\/100\n|\n|-heal|p2a: Melmetal|67\/100|[from] item: Leftovers\n|upkeep\n|turn|30\n|\n|t:|1658116153\n|move|p2a: Melmetal|Parting Shot|p1a: Xerneas\n|-unboost|p1a: Xerneas|atk|1\n|-unboost|p1a: Xerneas|spa|1\n|\n|t:|1658116155\n|switch|p2a: Ho-Oh|Ho-Oh|75\/100|[from]move: Parting Shot\n|-weather|DesolateLand|[from] ability: Desolate Land|[of] p2a: Ho-Oh\n|move|p1a: Xerneas|Quiver Dance|p1a: Xerneas\n|-boost|p1a: Xerneas|spa|1\n|-boost|p1a: Xerneas|spd|1\n|-boost|p1a: Xerneas|spe|1\n|\n|-weather|DesolateLand|[upkeep]\n|upkeep\n|turn|31\n|\n|t:|1658116160\n|move|p1a: Xerneas|Nuzzle|p2a: Ho-Oh\n|-supereffective|p2a: Ho-Oh\n|-damage|p2a: Ho-Oh|69\/100\n|-status|p2a: Ho-Oh|par\n|move|p2a: Ho-Oh|V-create|p1a: Xerneas\n|-crit|p1a: Xerneas\n|-damage|p1a: Xerneas|0 fnt\n|-unboost|p2a: Ho-Oh|spe|1\n|-unboost|p2a: Ho-Oh|def|1\n|-unboost|p2a: Ho-Oh|spd|1\n|faint|p1a: Xerneas\n|\n|-weather|DesolateLand|[upkeep]\n|upkeep\n|-message|Sriram738 forfeited.\n|\n|win|Redflix\n|raw|Sriram738's rating: 1434 &rarr; <strong>1426<\/strong><br \/>(-8 for losing)\n|raw|Redflix's rating: 1663 &rarr; <strong>1671<\/strong><br \/>(+8 for winning)\n|l|\u2606Sriram738\n|l|\u2606Redflix\n|l| AIRedzone\n|l| tzpwe\n||Ladder isn't responding, score probably updated but might not have (Request timeout).\n|j| tzpwe\n","uploadtime":1658116284,"views":22,"p1id":"sriram738","p2id":"redflix","formatid":"gen8balancedhackmons","rating":1426,"private":0,"password":null}