{"id":"gen8ou-1676894976","p1":"Guest 5890168","p2":"LT94JE Allistair","format":"gen8ou","log":"|j|\u203dGuest 5890168\n|j|\u2606LT94JE Allistair\n|t:|1664832872\n|gametype|singles\n|player|p1|Guest 5890168|170|1572\n|player|p2|LT94JE Allistair|265|1599\n|teamsize|p1|6\n|teamsize|p2|6\n|gen|8\n|tier|[Gen 8] OU\n|rated|\n|rule|Sleep Clause Mod: Limit one foe put to sleep\n|rule|Species Clause: Limit one of each Pok\u00e9mon\n|rule|OHKO Clause: OHKO moves are banned\n|rule|Evasion Items Clause: Evasion items are banned\n|rule|Evasion Moves Clause: Evasion moves are banned\n|rule|Endless Battle Clause: Forcing endless battles is banned\n|rule|HP Percentage Mod: HP is shown in percentages\n|rule|Dynamax Clause: You cannot dynamax\n|clearpoke\n|poke|p1|Rotom-Wash|\n|poke|p1|Weavile, M|\n|poke|p1|Landorus-Therian, M|\n|poke|p1|Heatran, M|\n|poke|p1|Tangrowth, M|\n|poke|p1|Melmetal|\n|poke|p2|Mew|\n|poke|p2|Slurpuff, M|\n|poke|p2|Vanilluxe, M|\n|poke|p2|Weavile, F|\n|poke|p2|Hatterene, F|\n|poke|p2|Jirachi|\n|teampreview\n|inactive|Battle timer is ON: inactive players will automatically lose when time's up. (requested by Guest 5890168)\n|\n|t:|1664832879\n|start\n|switch|p1a: Melmetal|Melmetal|100\/100\n|switch|p2a: Slurpuff|Slurpuff, M|100\/100\n|turn|1\n|\n|t:|1664832881\n|move|p2a: Slurpuff|Sticky Web|p1a: Melmetal\n|-sidestart|p1: Guest 5890168|move: Sticky Web\n|move|p1a: Melmetal|Double Iron Bash|p2a: Slurpuff\n|-supereffective|p2a: Slurpuff\n|-damage|p2a: Slurpuff|15\/100\n|-supereffective|p2a: Slurpuff\n|-damage|p2a: Slurpuff|0 fnt\n|faint|p2a: Slurpuff\n|-hitcount|p2: Slurpuff|2\n|\n|upkeep\n|\n|t:|1664832885\n|switch|p2a: Vanilluxe|Vanilluxe, M|100\/100\n|-weather|Hail|[from] ability: Snow Warning|[of] p2a: Vanilluxe\n|turn|2\n|\n|t:|1664832890\n|move|p2a: Vanilluxe|Aurora Veil|p2a: Vanilluxe\n|-sidestart|p2: LT94JE Allistair|move: Aurora Veil\n|move|p1a: Melmetal|Double Iron Bash|p2a: Vanilluxe\n|-supereffective|p2a: Vanilluxe\n|-damage|p2a: Vanilluxe|41\/100\n|-supereffective|p2a: Vanilluxe\n|-damage|p2a: Vanilluxe|0 fnt\n|faint|p2a: Vanilluxe\n|-hitcount|p2: Vanilluxe|2\n|\n|-weather|Hail|[upkeep]\n|-damage|p1a: Melmetal|94\/100|[from] Hail\n|upkeep\n|\n|t:|1664832895\n|switch|p2a: Jirachi|Jirachi|100\/100\n|turn|3\n|\n|t:|1664832897\n|move|p2a: Jirachi|Cosmic Power|p2a: Jirachi\n|-boost|p2a: Jirachi|def|1\n|-boost|p2a: Jirachi|spd|1\n|move|p1a: Melmetal|Ice Punch|p2a: Jirachi\n|-resisted|p2a: Jirachi\n|-damage|p2a: Jirachi|96\/100\n|\n|-weather|Hail|[upkeep]\n|-damage|p2a: Jirachi|90\/100|[from] Hail\n|-damage|p1a: Melmetal|88\/100|[from] Hail\n|upkeep\n|turn|4\n|\n|t:|1664832900\n|switch|p1a: Landorus|Landorus-Therian, M|100\/100\n|-ability|p1a: Landorus|Intimidate|boost\n|-unboost|p2a: Jirachi|atk|1\n|move|p2a: Jirachi|Cosmic Power|p2a: Jirachi\n|-boost|p2a: Jirachi|def|1\n|-boost|p2a: Jirachi|spd|1\n|\n|-weather|Hail|[upkeep]\n|-damage|p2a: Jirachi|83\/100|[from] Hail\n|-damage|p1a: Landorus|94\/100|[from] Hail\n|-heal|p1a: Landorus|100\/100|[from] item: Leftovers\n|upkeep\n|turn|5\n|\n|t:|1664832902\n|move|p2a: Jirachi|Cosmic Power|p2a: Jirachi\n|-boost|p2a: Jirachi|def|1\n|-boost|p2a: Jirachi|spd|1\n|move|p1a: Landorus|Defog|p2a: Jirachi\n|-unboost|p2a: Jirachi|evasion|1\n|-sideend|p2: LT94JE Allistair|move: Aurora Veil\n|-sideend|p1: Guest 5890168|Sticky Web|[from] move: Defog|[of] p1a: Landorus\n|\n|-weather|Hail|[upkeep]\n|-damage|p2a: Jirachi|77\/100|[from] Hail\n|-damage|p1a: Landorus|94\/100|[from] Hail\n|-heal|p1a: Landorus|100\/100|[from] item: Leftovers\n|upkeep\n|turn|6\n|\n|t:|1664832907\n|switch|p1a: Heatran|Heatran, M|100\/100\n|-item|p1a: Heatran|Air Balloon\n|move|p2a: Jirachi|Wish|p2a: Jirachi\n|\n|-weather|none\n|upkeep\n|turn|7\n|\n|t:|1664832909\n|move|p2a: Jirachi|Cosmic Power|p2a: Jirachi\n|-boost|p2a: Jirachi|def|1\n|-boost|p2a: Jirachi|spd|1\n|move|p1a: Heatran|Stealth Rock|p2a: Jirachi\n|-sidestart|p2: LT94JE Allistair|move: Stealth Rock\n|\n|-heal|p2a: Jirachi|100\/100|[from] move: Wish|[wisher] Jirachi\n|upkeep\n|turn|8\n|\n|t:|1664832913\n|switch|p1a: Rotom|Rotom-Wash|100\/100\n|move|p2a: Jirachi|Wish|p2a: Jirachi\n|\n|upkeep\n|turn|9\n|\n|t:|1664832916\n|move|p2a: Jirachi|Cosmic Power|p2a: Jirachi\n|-boost|p2a: Jirachi|def|1\n|-boost|p2a: Jirachi|spd|1\n|move|p1a: Rotom|Nasty Plot|p1a: Rotom\n|-boost|p1a: Rotom|spa|2\n|\n|upkeep\n|turn|10\n|\n|t:|1664832919\n|move|p2a: Jirachi|Stored Power|p1a: Rotom\n|-damage|p1a: Rotom|3\/100\n|move|p1a: Rotom|Pain Split|p2a: Jirachi\n|-sethp|p2a: Jirachi|52\/100|[from] move: Pain Split|[silent]\n|-sethp|p1a: Rotom|58\/100|[from] move: Pain Split\n|\n|-heal|p1a: Rotom|64\/100|[from] item: Leftovers\n|upkeep\n|turn|11\n|\n|t:|1664832923\n|switch|p1a: Melmetal|Melmetal|88\/100\n|move|p2a: Jirachi|Stored Power|p1a: Melmetal\n|-resisted|p1a: Melmetal\n|-damage|p1a: Melmetal|64\/100\n|\n|upkeep\n|turn|12\n|\n|t:|1664832926\n|move|p2a: Jirachi|Wish|p2a: Jirachi\n|move|p1a: Melmetal|Thunder Punch|p2a: Jirachi\n|-damage|p2a: Jirachi|43\/100\n|\n|upkeep\n|turn|13\n|\n|t:|1664832930\n|move|p2a: Jirachi|Cosmic Power|p2a: Jirachi\n|-boost|p2a: Jirachi|def|1\n|-boost|p2a: Jirachi|spd|1\n|move|p1a: Melmetal|Thunder Punch|p2a: Jirachi\n|-damage|p2a: Jirachi|36\/100\n|-status|p2a: Jirachi|par\n|\n|-heal|p2a: Jirachi|86\/100 par|[from] move: Wish|[wisher] Jirachi\n|upkeep\n|turn|14\n|\n|t:|1664832938\n|move|p2a: Jirachi|Wish|p2a: Jirachi\n|move|p1a: Melmetal|Double Iron Bash|p2a: Jirachi\n|-resisted|p2a: Jirachi\n|-damage|p2a: Jirachi|82\/100 par\n|-resisted|p2a: Jirachi\n|-damage|p2a: Jirachi|78\/100 par\n|-hitcount|p2a: Jirachi|2\n|\n|upkeep\n|turn|15\n|\n|t:|1664832943\n|move|p2a: Jirachi|Aura Sphere|p1a: Melmetal\n|-supereffective|p1a: Melmetal\n|-crit|p1a: Melmetal\n|-damage|p1a: Melmetal|33\/100\n|move|p1a: Melmetal|Double Iron Bash|p2a: Jirachi\n|-resisted|p2a: Jirachi\n|-damage|p2a: Jirachi|73\/100 par\n|-resisted|p2a: Jirachi\n|-damage|p2a: Jirachi|69\/100 par\n|-hitcount|p2a: Jirachi|2\n|\n|-heal|p2a: Jirachi|100\/100 par|[from] move: Wish|[wisher] Jirachi\n|upkeep\n|turn|16\n|\n|t:|1664832947\n|move|p2a: Jirachi|Aura Sphere|p1a: Melmetal\n|-supereffective|p1a: Melmetal\n|-damage|p1a: Melmetal|9\/100\n|move|p1a: Melmetal|Double Iron Bash|p2a: Jirachi\n|-resisted|p2a: Jirachi\n|-damage|p2a: Jirachi|96\/100 par\n|-resisted|p2a: Jirachi\n|-damage|p2a: Jirachi|92\/100 par\n|-hitcount|p2a: Jirachi|2\n|\n|upkeep\n|turn|17\n|\n|t:|1664832951\n|switch|p1a: Landorus|Landorus-Therian, M|100\/100\n|-ability|p1a: Landorus|Intimidate|boost\n|-unboost|p2a: Jirachi|atk|1\n|cant|p2a: Jirachi|par\n|\n|upkeep\n|turn|18\n|\n|t:|1664832955\n|move|p1a: Landorus|U-turn|p2a: Jirachi\n|-damage|p2a: Jirachi|87\/100 par\n|\n|t:|1664832955\n|switch|p1a: Heatran|Heatran, M|100\/100|[from]move: U-turn\n|-item|p1a: Heatran|Air Balloon\n|move|p2a: Jirachi|Wish|p2a: Jirachi\n|\n|upkeep\n|turn|19\n|\n|t:|1664832959\n|switch|p1a: Landorus|Landorus-Therian, M|100\/100\n|-ability|p1a: Landorus|Intimidate|boost\n|-unboost|p2a: Jirachi|atk|1\n|move|p2a: Jirachi|Aura Sphere|p1a: Landorus\n|-resisted|p1a: Landorus\n|-damage|p1a: Landorus|93\/100\n|\n|-heal|p2a: Jirachi|100\/100 par|[from] move: Wish|[wisher] Jirachi\n|-heal|p1a: Landorus|99\/100|[from] item: Leftovers\n|upkeep\n|turn|20\n|\n|t:|1664832961\n|move|p1a: Landorus|U-turn|p2a: Jirachi\n|-damage|p2a: Jirachi|96\/100 par\n|\n|t:|1664832962\n|switch|p1a: Heatran|Heatran, M|100\/100|[from]move: U-turn\n|-item|p1a: Heatran|Air Balloon\n|move|p2a: Jirachi|Stored Power|p1a: Heatran\n|-resisted|p1a: Heatran\n|-damage|p1a: Heatran|53\/100\n|-enditem|p1a: Heatran|Air Balloon\n|\n|upkeep\n|turn|21\n|\n|t:|1664832969\n|switch|p1a: Landorus|Landorus-Therian, M|99\/100\n|-ability|p1a: Landorus|Intimidate|boost\n|-unboost|p2a: Jirachi|atk|1\n|cant|p2a: Jirachi|par\n|\n|-heal|p1a: Landorus|100\/100|[from] item: Leftovers\n|upkeep\n|turn|22\n|j| podtastic1\n|\n|t:|1664832974\n|switch|p1a: Rotom|Rotom-Wash|64\/100\n|cant|p2a: Jirachi|par\n|\n|-heal|p1a: Rotom|70\/100|[from] item: Leftovers\n|upkeep\n|turn|23\n|\n|t:|1664832976\n|move|p1a: Rotom|Nasty Plot|p1a: Rotom\n|-boost|p1a: Rotom|spa|2\n|move|p2a: Jirachi|Stored Power|p1a: Rotom\n|-damage|p1a: Rotom|0 fnt\n|faint|p1a: Rotom\n|\n|upkeep\n|\n|t:|1664832976\n|switch|p1a: Heatran|Heatran, M|53\/100\n|turn|24\n|j| Turbochimp\n|\n|t:|1664832979\n|move|p1a: Heatran|Earth Power|p2a: Jirachi\n|-supereffective|p2a: Jirachi\n|-damage|p2a: Jirachi|79\/100 par\n|-enditem|p2a: Jirachi|Weakness Policy\n|-boost|p2a: Jirachi|atk|2|[from] item: Weakness Policy\n|-boost|p2a: Jirachi|spa|2|[from] item: Weakness Policy\n|move|p2a: Jirachi|Aura Sphere|p1a: Heatran\n|-supereffective|p1a: Heatran\n|-damage|p1a: Heatran|0 fnt\n|faint|p1a: Heatran\n|\n|upkeep\n|\n|t:|1664832980\n|switch|p1a: Landorus|Landorus-Therian, M|100\/100\n|-ability|p1a: Landorus|Intimidate|boost\n|-unboost|p2a: Jirachi|atk|1\n|turn|25\n|\n|t:|1664832993\n|move|p1a: Landorus|U-turn|p2a: Jirachi\n|-damage|p2a: Jirachi|74\/100 par\n|\n|t:|1664832993\n|switch|p1a: Melmetal|Melmetal|9\/100|[from]move: U-turn\n|move|p2a: Jirachi|Stored Power|p1a: Melmetal\n|-resisted|p1a: Melmetal\n|-damage|p1a: Melmetal|0 fnt\n|faint|p1a: Melmetal\n|\n|upkeep\n|\n|t:|1664832994\n|switch|p1a: Landorus|Landorus-Therian, M|100\/100\n|-ability|p1a: Landorus|Intimidate|boost\n|-unboost|p2a: Jirachi|atk|1\n|turn|26\n|\n|t:|1664832997\n|move|p1a: Landorus|U-turn|p2a: Jirachi\n|-damage|p2a: Jirachi|69\/100 par\n|\n|t:|1664832997\n|switch|p1a: Weavile|Weavile, M|100\/100|[from]move: U-turn\n|-ability|p1a: Weavile|Pressure\n|move|p2a: Jirachi|Stored Power|p1a: Weavile\n|-immune|p1a: Weavile\n|\n|upkeep\n|turn|27\n|\n|t:|1664833001\n|switch|p1a: Landorus|Landorus-Therian, M|100\/100\n|-ability|p1a: Landorus|Intimidate|boost\n|-unboost|p2a: Jirachi|atk|1\n|move|p2a: Jirachi|Aura Sphere|p1a: Landorus\n|-resisted|p1a: Landorus\n|-damage|p1a: Landorus|85\/100\n|\n|-heal|p1a: Landorus|91\/100|[from] item: Leftovers\n|upkeep\n|turn|28\n|\n|t:|1664833003\n|move|p1a: Landorus|U-turn|p2a: Jirachi\n|-damage|p2a: Jirachi|64\/100 par\n|\n|t:|1664833004\n|switch|p1a: Weavile|Weavile, M|100\/100|[from]move: U-turn\n|-ability|p1a: Weavile|Pressure\n|move|p2a: Jirachi|Wish|p2a: Jirachi\n|\n|upkeep\n|turn|29\n|\n|t:|1664833007\n|switch|p1a: Landorus|Landorus-Therian, M|91\/100\n|-ability|p1a: Landorus|Intimidate|boost\n|-unboost|p2a: Jirachi|atk|1\n|cant|p2a: Jirachi|par\n|\n|-heal|p2a: Jirachi|100\/100 par|[from] move: Wish|[wisher] Jirachi\n|-heal|p1a: Landorus|97\/100|[from] item: Leftovers\n|upkeep\n|turn|30\n|\n|t:|1664833011\n|move|p1a: Landorus|U-turn|p2a: Jirachi\n|-damage|p2a: Jirachi|96\/100 par\n|\n|t:|1664833011\n|switch|p1a: Weavile|Weavile, M|100\/100|[from]move: U-turn\n|-ability|p1a: Weavile|Pressure\n|move|p2a: Jirachi|Aura Sphere|p1a: Weavile\n|-supereffective|p1a: Weavile\n|-damage|p1a: Weavile|0 fnt\n|faint|p1a: Weavile\n|\n|upkeep\n|\n|t:|1664833012\n|switch|p1a: Landorus|Landorus-Therian, M|97\/100\n|-ability|p1a: Landorus|Intimidate|boost\n|-unboost|p2a: Jirachi|atk|0\n|turn|31\n|\n|t:|1664833022\n|move|p1a: Landorus|Earthquake|p2a: Jirachi\n|-supereffective|p2a: Jirachi\n|-damage|p2a: Jirachi|76\/100 par\n|move|p2a: Jirachi|Stored Power|p1a: Landorus\n|-damage|p1a: Landorus|0 fnt\n|faint|p1a: Landorus\n|\n|upkeep\n|\n|t:|1664833022\n|switch|p1a: Tangrowth|Tangrowth, M|100\/100\n|turn|32\n|\n|t:|1664833030\n|move|p2a: Jirachi|Stored Power|p1a: Tangrowth\n|-damage|p1a: Tangrowth|0 fnt\n|faint|p1a: Tangrowth\n|\n|win|LT94JE Allistair\n|raw|Guest 5890168's rating: 1572 &rarr; <strong>1554<\/strong><br \/>(-18 for losing)\n|raw|LT94JE Allistair's rating: 1599 &rarr; <strong>1617<\/strong><br \/>(+18 for winning)\n","uploadtime":1664833032,"views":14,"p1id":"guest5890168","p2id":"lt94jeallistair","formatid":"gen8ou","rating":1554,"private":0,"password":null}