{"id":"gen8ou-1610918648","p1":"bizarman","p2":"Chokst du","format":"gen8ou","log":"|j|\u2606bizarman\n|j|\u2606Chokst du\n|t:|1657043172\n|gametype|singles\n|player|p1|bizarman|scientist-gen4|1793\n|player|p2|Chokst du|169|1864\n|teamsize|p1|6\n|teamsize|p2|6\n|gen|8\n|tier|[Gen 8] OU\n|rated|\n|rule|Sleep Clause Mod: Limit one foe put to sleep\n|rule|Species Clause: Limit one of each Pok\u00e9mon\n|rule|OHKO Clause: OHKO moves are banned\n|rule|Evasion Moves Clause: Evasion moves are banned\n|rule|Endless Battle Clause: Forcing endless battles is banned\n|rule|HP Percentage Mod: HP is shown in percentages\n|rule|Dynamax Clause: You cannot dynamax\n|clearpoke\n|poke|p1|Tapu Koko|\n|poke|p1|Hawlucha, F|\n|poke|p1|Moltres-Galar|\n|poke|p1|Garchomp, F|\n|poke|p1|Dragapult, M|\n|poke|p1|Melmetal|\n|poke|p2|Toxapex, M|\n|poke|p2|Ferrothorn, F|\n|poke|p2|Tapu Lele|\n|poke|p2|Tyranitar, F|\n|poke|p2|Landorus-Therian, M|\n|poke|p2|Tornadus-Therian, M|\n|teampreview\n|inactive|Battle timer is ON: inactive players will automatically lose when time's up. (requested by bizarman)\n|\n|t:|1657043197\n|start\n|switch|p1a: Tapu Koko|Tapu Koko|100\/100\n|switch|p2a: Landorus|Landorus-Therian, M|100\/100\n|-fieldstart|move: Electric Terrain|[from] ability: Electric Surge|[of] p1a: Tapu Koko\n|-ability|p2a: Landorus|Intimidate|boost\n|-unboost|p1a: Tapu Koko|atk|1\n|turn|1\n|j| Majaco\n|j| diotti\n|\n|t:|1657043207\n|move|p1a: Tapu Koko|Reflect|p1a: Tapu Koko\n|-sidestart|p1: bizarman|Reflect\n|move|p2a: Landorus|Stealth Rock|p1a: Tapu Koko\n|-sidestart|p1: bizarman|move: Stealth Rock\n|\n|upkeep\n|turn|2\n|\n|t:|1657043214\n|move|p1a: Tapu Koko|Light Screen|p1a: Tapu Koko\n|-sidestart|p1: bizarman|move: Light Screen\n|move|p2a: Landorus|Earthquake|p1a: Tapu Koko\n|-supereffective|p1a: Tapu Koko\n|-damage|p1a: Tapu Koko|40\/100\n|\n|upkeep\n|turn|3\n|\n|t:|1657043222\n|move|p1a: Tapu Koko|U-turn|p2a: Landorus\n|-resisted|p2a: Landorus\n|-damage|p2a: Landorus|94\/100\n|\n|t:|1657043228\n|switch|p1a: Garchomp|Garchomp, F|100\/100|[from]move: U-turn\n|-damage|p1a: Garchomp|94\/100|[from] Stealth Rock\n|move|p2a: Landorus|Earthquake|p1a: Garchomp\n|-damage|p1a: Garchomp|65\/100\n|\n|-heal|p1a: Garchomp|71\/100|[from] item: Leftovers\n|-heal|p2a: Landorus|99\/100|[from] item: Leftovers\n|upkeep\n|turn|4\n|\n|t:|1657043254\n|switch|p2a: Ferrothorn|Ferrothorn, F|100\/100\n|move|p1a: Garchomp|Swords Dance|p1a: Garchomp\n|-boost|p1a: Garchomp|atk|2\n|\n|-heal|p1a: Garchomp|77\/100|[from] item: Leftovers\n|upkeep\n|turn|5\n|\n|t:|1657043260\n|move|p1a: Garchomp|Fire Fang|p2a: Ferrothorn\n|-supereffective|p2a: Ferrothorn\n|-damage|p2a: Ferrothorn|0 fnt\n|-damage|p1a: Garchomp|65\/100|[from] ability: Iron Barbs|[of] p2a: Ferrothorn\n|faint|p2a: Ferrothorn\n|\n|-heal|p1a: Garchomp|71\/100|[from] item: Leftovers\n|-fieldend|move: Electric Terrain\n|upkeep\n|\n|t:|1657043274\n|switch|p2a: Landorus|Landorus-Therian, M|99\/100\n|-ability|p2a: Landorus|Intimidate|boost\n|-unboost|p1a: Garchomp|atk|1\n|turn|6\n|\n|t:|1657043279\n|move|p1a: Garchomp|Scale Shot|p2a: Landorus\n|-damage|p2a: Landorus|78\/100\n|-damage|p2a: Landorus|54\/100\n|-hitcount|p2a: Landorus|2\n|-unboost|p1a: Garchomp|def|1\n|-boost|p1a: Garchomp|spe|1\n|move|p2a: Landorus|Earthquake|p1a: Garchomp\n|-damage|p1a: Garchomp|26\/100\n|\n|-heal|p1a: Garchomp|32\/100|[from] item: Leftovers\n|-heal|p2a: Landorus|60\/100|[from] item: Leftovers\n|upkeep\n|turn|7\n|\n|t:|1657043290\n|move|p1a: Garchomp|Scale Shot|p2a: Landorus|[miss]\n|-miss|p1a: Garchomp|p2a: Landorus\n|move|p2a: Landorus|Earthquake|p1a: Garchomp\n|-damage|p1a: Garchomp|0 fnt\n|faint|p1a: Garchomp\n|\n|-heal|p2a: Landorus|66\/100|[from] item: Leftovers\n|upkeep\n|\n|t:|1657043310\n|switch|p1a: Dragapult|Dragapult, M|100\/100\n|-damage|p1a: Dragapult|88\/100|[from] Stealth Rock\n|turn|8\n|\n|t:|1657043327\n|switch|p2a: Tyranitar|Tyranitar, F|100\/100\n|-weather|Sandstorm|[from] ability: Sand Stream|[of] p2a: Tyranitar\n|move|p1a: Dragapult|Dragon Dance|p1a: Dragapult\n|-boost|p1a: Dragapult|atk|1\n|-boost|p1a: Dragapult|spe|1\n|\n|-weather|Sandstorm|[upkeep]\n|-damage|p1a: Dragapult|82\/100|[from] Sandstorm\n|-sideend|p1: bizarman|Reflect\n|upkeep\n|turn|9\n|\n|t:|1657043335\n|move|p1a: Dragapult|Dragon Darts|p2a: Tyranitar\n|-damage|p2a: Tyranitar|55\/100\n|-anim|p1a: Dragapult|Dragon Darts|p2a: Tyranitar\n|-damage|p2a: Tyranitar|9\/100\n|-damage|p1a: Dragapult|72\/100|[from] item: Life Orb\n|move|p2a: Tyranitar|Crunch|p1a: Dragapult\n|-supereffective|p1a: Dragapult\n|-damage|p1a: Dragapult|0 fnt\n|faint|p1a: Dragapult\n|\n|-weather|Sandstorm|[upkeep]\n|-sideend|p1: bizarman|move: Light Screen\n|upkeep\n|\n|t:|1657043346\n|switch|p1a: Tapu Koko|Tapu Koko|40\/100\n|-damage|p1a: Tapu Koko|28\/100|[from] Stealth Rock\n|-fieldstart|move: Electric Terrain|[from] ability: Electric Surge|[of] p1a: Tapu Koko\n|turn|10\n|\n|t:|1657043357\n|move|p1a: Tapu Koko|Reflect|p1a: Tapu Koko\n|-sidestart|p1: bizarman|Reflect\n|move|p2a: Tyranitar|Crunch|p1a: Tapu Koko\n|-resisted|p1a: Tapu Koko\n|-damage|p1a: Tapu Koko|6\/100\n|\n|-weather|Sandstorm|[upkeep]\n|-damage|p1a: Tapu Koko|0 fnt|[from] Sandstorm\n|faint|p1a: Tapu Koko\n|upkeep\n|\n|t:|1657043364\n|switch|p1a: Hawlucha|Hawlucha, F, shiny|100\/100\n|-damage|p1a: Hawlucha|88\/100|[from] Stealth Rock\n|-enditem|p1a: Hawlucha|Electric Seed\n|-boost|p1a: Hawlucha|def|1|[from] item: Electric Seed\n|turn|11\n|\n|t:|1657043370\n|switch|p2a: Toxapex|Toxapex, M|100\/100\n|move|p1a: Hawlucha|Swords Dance|p1a: Hawlucha\n|-boost|p1a: Hawlucha|atk|2\n|\n|-weather|Sandstorm|[upkeep]\n|-damage|p1a: Hawlucha|82\/100|[from] Sandstorm\n|-damage|p2a: Toxapex|94\/100|[from] Sandstorm\n|upkeep\n|turn|12\n|\n|t:|1657043379\n|move|p1a: Hawlucha|Taunt|p2a: Toxapex\n|-start|p2a: Toxapex|move: Taunt\n|cant|p2a: Toxapex|move: Taunt|Haze\n|\n|-weather|none\n|upkeep\n|turn|13\n|\n|t:|1657043384\n|move|p1a: Hawlucha|Swords Dance|p1a: Hawlucha\n|-boost|p1a: Hawlucha|atk|2\n|move|p2a: Toxapex|Scald|p1a: Hawlucha\n|-damage|p1a: Hawlucha|60\/100\n|-status|p1a: Hawlucha|brn\n|\n|-damage|p1a: Hawlucha|54\/100 brn|[from] brn\n|upkeep\n|turn|14\n|c|\u2606bizarman|ofc\n|\n|t:|1657043395\n|move|p1a: Hawlucha|Swords Dance|p1a: Hawlucha\n|-boost|p1a: Hawlucha|atk|2\n|move|p2a: Toxapex|Scald|p1a: Hawlucha\n|-damage|p1a: Hawlucha|30\/100 brn\n|\n|-damage|p1a: Hawlucha|24\/100 brn|[from] brn\n|-end|p2a: Toxapex|move: Taunt\n|-fieldend|move: Electric Terrain\n|upkeep\n|turn|15\n|c|\u2606Chokst du|ez\n|c|\u2606Chokst du|sry bro\n|\n|t:|1657043408\n|switch|p2a: Tyranitar|Tyranitar, F|9\/100\n|-weather|Sandstorm|[from] ability: Sand Stream|[of] p2a: Tyranitar\n|move|p1a: Hawlucha|Acrobatics|p2a: Tyranitar\n|-resisted|p2a: Tyranitar\n|-damage|p2a: Tyranitar|0 fnt\n|faint|p2a: Tyranitar\n|\n|-weather|Sandstorm|[upkeep]\n|-damage|p1a: Hawlucha|18\/100 brn|[from] Sandstorm\n|-damage|p1a: Hawlucha|12\/100 brn|[from] brn\n|upkeep\n|\n|t:|1657043417\n|switch|p2a: Landorus|Landorus-Therian, M|66\/100\n|-ability|p2a: Landorus|Intimidate|boost\n|-unboost|p1a: Hawlucha|atk|1\n|turn|16\n|\n|t:|1657043421\n|switch|p2a: Toxapex|Toxapex, M|100\/100\n|move|p1a: Hawlucha|Acrobatics|p2a: Toxapex\n|-damage|p2a: Toxapex|39\/100\n|\n|-weather|Sandstorm|[upkeep]\n|-damage|p1a: Hawlucha|6\/100 brn|[from] Sandstorm\n|-damage|p2a: Toxapex|33\/100|[from] Sandstorm\n|-damage|p1a: Hawlucha|0 fnt|[from] brn\n|faint|p1a: Hawlucha\n|upkeep\n|\n|t:|1657043430\n|switch|p1a: Moltres|Moltres-Galar|100\/100\n|-damage|p1a: Moltres|76\/100|[from] Stealth Rock\n|turn|17\n|\n|t:|1657043439\n|switch|p2a: Tapu Lele|Tapu Lele|100\/100\n|-fieldstart|move: Psychic Terrain|[from] ability: Psychic Surge|[of] p2a: Tapu Lele\n|move|p1a: Moltres|Agility|p1a: Moltres\n|-boost|p1a: Moltres|spe|2\n|\n|-weather|Sandstorm|[upkeep]\n|-damage|p1a: Moltres|69\/100|[from] Sandstorm\n|-damage|p2a: Tapu Lele|94\/100|[from] Sandstorm\n|-sideend|p1: bizarman|Reflect\n|upkeep\n|turn|18\n|\n|t:|1657043450\n|move|p1a: Moltres|Fiery Wrath|p2a: Tapu Lele\n|-damage|p2a: Tapu Lele|45\/100\n|move|p2a: Tapu Lele|Moonblast|p1a: Moltres\n|-supereffective|p1a: Moltres\n|-damage|p1a: Moltres|0 fnt\n|faint|p1a: Moltres\n|\n|-weather|Sandstorm|[upkeep]\n|-damage|p2a: Tapu Lele|39\/100|[from] Sandstorm\n|upkeep\n|-message|bizarman forfeited.\n|\n|win|Chokst du\n|raw|bizarman's rating: 1793 &rarr; <strong>1777<\/strong><br \/>(-16 for losing)\n|raw|Chokst du's rating: 1864 &rarr; <strong>1880<\/strong><br \/>(+16 for winning)\n|l|\u2606bizarman\n|l| diotti\n||Ladder isn't responding, score probably updated but might not have (Request timeout).\n","uploadtime":1657043497,"views":47,"p1id":"bizarman","p2id":"chokstdu","formatid":"gen8ou","rating":1777,"private":0,"password":null}