{"id":"gen8ou-1049349874","p1":"Vodyne","p2":"Jdjjjsjs","format":"gen8ou","log":"|j|\u2606Vodyne\n|j|\u2606Jdjjjsjs\n|player|p1|Vodyne|169|1054\n|player|p2|Jdjjjsjs|266|1000\n|teamsize|p1|6\n|teamsize|p2|6\n|gametype|singles\n|gen|8\n|tier|[Gen 8] OU\n|rated|\n|clearpoke\n|poke|p1|Milotic, F|\n|poke|p1|Weezing-Galar, F|\n|poke|p1|Rotom-Heat|\n|poke|p1|Bronzong|\n|poke|p1|Snorlax, F|\n|poke|p1|Eldegoss, M|\n|poke|p2|Corviknight, F|\n|poke|p2|Toxapex, M|\n|poke|p2|Sylveon, F|\n|poke|p2|Rotom-Heat|\n|poke|p2|Gastrodon, M|\n|poke|p2|Xatu, F|\n|rule|Sleep Clause Mod: Limit one foe put to sleep\n|rule|Species Clause: Limit one of each Pok\u00e9mon\n|rule|OHKO Clause: OHKO moves are banned\n|rule|Evasion Moves Clause: Evasion moves are banned\n|rule|Endless Battle Clause: Forcing endless battles is banned\n|rule|HP Percentage Mod: HP is shown in percentages\n|rule|Dynamax Clause: You cannot dynamax\n|teampreview\n|inactive|Battle timer is ON: inactive players will automatically lose when time's up. (requested by Jdjjjsjs)\n|\n|start\n|switch|p1a: Rotom|Rotom-Heat|100\/100\n|switch|p2a: Xatu|Xatu, F|100\/100\n|turn|1\n|\n|switch|p2a: Gastrodon|Gastrodon, M|100\/100\n|move|p1a: Rotom|Will-O-Wisp|p2a: Gastrodon\n|-status|p2a: Gastrodon|brn\n|\n|-damage|p2a: Gastrodon|94\/100 brn|[from] brn\n|upkeep\n|turn|2\n|\n|switch|p1a: Eldegoss|Eldegoss, M|100\/100\n|move|p2a: Gastrodon|Scald|p1a: Eldegoss\n|-resisted|p1a: Eldegoss\n|-damage|p1a: Eldegoss|89\/100\n|-ability|p1a: Eldegoss|Cotton Down\n|-unboost|p2a: Gastrodon|spe|1\n|\n|-heal|p1a: Eldegoss|95\/100|[from] item: Leftovers\n|-heal|p2a: Gastrodon|100\/100 brn|[from] item: Leftovers\n|-damage|p2a: Gastrodon|94\/100 brn|[from] brn\n|upkeep\n|turn|3\n|\n|switch|p2a: Xatu|Xatu, F|100\/100\n|move|p1a: Eldegoss|Leech Seed|p2a: Xatu\n|move|p2a: Xatu|Leech Seed|p1a: Eldegoss|[from]Magic Bounce\n|-immune|p1a: Eldegoss\n|\n|-heal|p1a: Eldegoss|100\/100|[from] item: Leftovers\n|upkeep\n|turn|4\n|\n|switch|p1a: Bronzong|Bronzong|100\/100\n|move|p2a: Xatu|Teleport|p2a: Xatu\n|\n|switch|p2a: Corviknight|Corviknight, F|100\/100|[from]move: Teleport\n|-ability|p2a: Corviknight|Pressure\n|\n|upkeep\n|turn|5\n|\n|switch|p1a: Rotom|Rotom-Heat|100\/100\n|move|p2a: Corviknight|Taunt|p1a: Rotom\n|-start|p1a: Rotom|move: Taunt\n|\n|upkeep\n|turn|6\n|\n|switch|p2a: Gastrodon|Gastrodon, M|94\/100 brn\n|move|p1a: Rotom|Overheat|p2a: Gastrodon|[miss]\n|-miss|p1a: Rotom|p2a: Gastrodon\n|\n|-heal|p2a: Gastrodon|100\/100 brn|[from] item: Leftovers\n|-damage|p2a: Gastrodon|94\/100 brn|[from] brn\n|upkeep\n|turn|7\n|\n|switch|p1a: Eldegoss|Eldegoss, M|100\/100\n|move|p2a: Gastrodon|Scald|p1a: Eldegoss\n|-resisted|p1a: Eldegoss\n|-damage|p1a: Eldegoss|88\/100\n|-ability|p1a: Eldegoss|Cotton Down\n|-unboost|p2a: Gastrodon|spe|1\n|\n|-heal|p1a: Eldegoss|94\/100|[from] item: Leftovers\n|-heal|p2a: Gastrodon|100\/100 brn|[from] item: Leftovers\n|-damage|p2a: Gastrodon|94\/100 brn|[from] brn\n|upkeep\n|turn|8\n|\n|switch|p2a: Xatu|Xatu, F|100\/100\n|move|p1a: Eldegoss|Giga Drain|p2a: Xatu\n|-resisted|p2a: Xatu\n|-damage|p2a: Xatu|85\/100\n|-heal|p1a: Eldegoss|100\/100|[from] drain|[of] p2a: Xatu\n|\n|-heal|p2a: Xatu|91\/100|[from] item: Leftovers\n|upkeep\n|turn|9\n|inactive|Vodyne has 120 seconds left.\n|\n|move|p2a: Xatu|Psychic|p1a: Eldegoss\n|-damage|p1a: Eldegoss|74\/100\n|-ability|p1a: Eldegoss|Cotton Down\n|-unboost|p2a: Xatu|spe|1\n|move|p1a: Eldegoss|Leech Seed|p2a: Xatu\n|move|p2a: Xatu|Leech Seed|p1a: Eldegoss|[from]Magic Bounce\n|-immune|p1a: Eldegoss\n|\n|-heal|p1a: Eldegoss|81\/100|[from] item: Leftovers\n|-heal|p2a: Xatu|97\/100|[from] item: Leftovers\n|upkeep\n|turn|10\n|inactive|Vodyne has 120 seconds left.\n|inactive|Vodyne has 90 seconds left.\n|\n|move|p1a: Eldegoss|Leech Seed|p2a: Xatu\n|move|p2a: Xatu|Leech Seed|p1a: Eldegoss|[from]Magic Bounce\n|-immune|p1a: Eldegoss\n|move|p2a: Xatu|Teleport|p2a: Xatu\n|\n|switch|p2a: Sylveon|Sylveon, F|100\/100|[from]move: Teleport\n|\n|-heal|p1a: Eldegoss|87\/100|[from] item: Leftovers\n|upkeep\n|turn|11\n|inactive|Vodyne has 90 seconds left.\n|\n|switch|p1a: Rotom|Rotom-Heat|100\/100\n|switch|p2a: Xatu|Xatu, F|97\/100\n|\n|-heal|p2a: Xatu|100\/100|[from] item: Leftovers\n|upkeep\n|turn|12\n|\n|switch|p2a: Gastrodon|Gastrodon, M|94\/100 brn\n|move|p1a: Rotom|Nasty Plot|p1a: Rotom\n|-boost|p1a: Rotom|spa|2\n|\n|-heal|p2a: Gastrodon|100\/100 brn|[from] item: Leftovers\n|-damage|p2a: Gastrodon|94\/100 brn|[from] brn\n|upkeep\n|turn|13\n|\n|move|p1a: Rotom|Overheat|p2a: Gastrodon\n|-resisted|p2a: Gastrodon\n|-damage|p2a: Gastrodon|65\/100 brn\n|-unboost|p1a: Rotom|spa|2\n|move|p2a: Gastrodon|Clear Smog|p1a: Rotom\n|-crit|p1a: Rotom\n|-damage|p1a: Rotom|84\/100\n|-clearboost|p1a: Rotom\n|\n|-heal|p2a: Gastrodon|71\/100 brn|[from] item: Leftovers\n|-damage|p2a: Gastrodon|65\/100 brn|[from] brn\n|upkeep\n|turn|14\n|inactive|Vodyne has 90 seconds left.\n|c|\u2606Jdjjjsjs|Hurry\n|\n|switch|p1a: Milotic|Milotic, F|100\/100\n|move|p2a: Gastrodon|Recover|p2a: Gastrodon\n|-heal|p2a: Gastrodon|100\/100 brn\n|\n|-damage|p2a: Gastrodon|94\/100 brn|[from] brn\n|upkeep\n|turn|15\n|\n|switch|p2a: Toxapex|Toxapex, M|100\/100\n|move|p1a: Milotic|Ice Beam|p2a: Toxapex\n|-resisted|p2a: Toxapex\n|-damage|p2a: Toxapex|93\/100\n|\n|upkeep\n|turn|16\n|\n|switch|p1a: Snorlax|Snorlax, F|100\/100\n|move|p2a: Toxapex|Toxic|p1a: Snorlax\n|-status|p1a: Snorlax|tox\n|\n|-damage|p1a: Snorlax|94\/100 tox|[from] psn\n|upkeep\n|turn|17\n|\n|switch|p2a: Corviknight|Corviknight, F|100\/100\n|-ability|p2a: Corviknight|Pressure\n|move|p1a: Snorlax|Curse|p1a: Snorlax\n|-unboost|p1a: Snorlax|spe|1\n|-boost|p1a: Snorlax|atk|1\n|-boost|p1a: Snorlax|def|1\n|\n|-heal|p1a: Snorlax|100\/100 tox|[from] item: Leftovers\n|-damage|p1a: Snorlax|88\/100 tox|[from] psn\n|upkeep\n|turn|18\n|\n|switch|p1a: Rotom|Rotom-Heat|84\/100\n|move|p2a: Corviknight|Taunt|p1a: Rotom\n|-start|p1a: Rotom|move: Taunt\n|\n|upkeep\n|turn|19\n|inactive|Vodyne has 90 seconds left.\n|\n|switch|p1a: Weezing|Weezing-Galar, F|100\/100\n|switch|p2a: Gastrodon|Gastrodon, M|94\/100 brn\n|\n|-heal|p2a: Gastrodon|100\/100 brn|[from] item: Leftovers\n|-damage|p2a: Gastrodon|94\/100 brn|[from] brn\n|upkeep\n|turn|20\n|inactive|Vodyne has 90 seconds left.\n|\n|switch|p2a: Toxapex|Toxapex, M|100\/100\n|move|p1a: Weezing|Strange Steam|p2a: Toxapex\n|-resisted|p2a: Toxapex\n|-damage|p2a: Toxapex|89\/100\n|\n|upkeep\n|turn|21\n|inactive|Vodyne has 90 seconds left.\n|\n|switch|p1a: Snorlax|Snorlax, F|88\/100 tox\n|move|p2a: Toxapex|Scald|p1a: Snorlax\n|-damage|p1a: Snorlax|81\/100 tox\n|\n|-heal|p1a: Snorlax|87\/100 tox|[from] item: Leftovers\n|-damage|p1a: Snorlax|81\/100 tox|[from] psn\n|upkeep\n|turn|22\n|\n|switch|p2a: Corviknight|Corviknight, F|100\/100\n|-ability|p2a: Corviknight|Pressure\n|switch|p1a: Rotom|Rotom-Heat|84\/100\n|\n|upkeep\n|turn|23\n|\n|switch|p2a: Gastrodon|Gastrodon, M|94\/100 brn\n|move|p1a: Rotom|Will-O-Wisp|p2a: Gastrodon\n|-fail|p2a: Gastrodon|brn\n|\n|-heal|p2a: Gastrodon|100\/100 brn|[from] item: Leftovers\n|-damage|p2a: Gastrodon|94\/100 brn|[from] brn\n|upkeep\n|turn|24\n|inactive|Vodyne has 90 seconds left.\n|\n|switch|p1a: Eldegoss|Eldegoss, M|87\/100\n|move|p2a: Gastrodon|Clear Smog|p1a: Eldegoss\n|-supereffective|p1a: Eldegoss\n|-damage|p1a: Eldegoss|66\/100\n|-ability|p1a: Eldegoss|Cotton Down\n|-unboost|p2a: Gastrodon|spe|1\n|-clearboost|p1a: Eldegoss\n|\n|-heal|p1a: Eldegoss|73\/100|[from] item: Leftovers\n|-heal|p2a: Gastrodon|100\/100 brn|[from] item: Leftovers\n|-damage|p2a: Gastrodon|94\/100 brn|[from] brn\n|upkeep\n|turn|25\n|\n|switch|p2a: Xatu|Xatu, F|100\/100\n|move|p1a: Eldegoss|Giga Drain|p2a: Xatu\n|-resisted|p2a: Xatu\n|-damage|p2a: Xatu|86\/100\n|-heal|p1a: Eldegoss|80\/100|[from] drain|[of] p2a: Xatu\n|\n|-heal|p2a: Xatu|92\/100|[from] item: Leftovers\n|-heal|p1a: Eldegoss|86\/100|[from] item: Leftovers\n|upkeep\n|turn|26\n|inactive|Vodyne has 90 seconds left.\n|\n|move|p1a: Eldegoss|Leech Seed|p2a: Xatu\n|move|p2a: Xatu|Leech Seed|p1a: Eldegoss|[from]Magic Bounce\n|-immune|p1a: Eldegoss\n|move|p2a: Xatu|Teleport|p2a: Xatu\n|\n|switch|p2a: Gastrodon|Gastrodon, M|94\/100 brn|[from]move: Teleport\n|\n|-heal|p1a: Eldegoss|92\/100|[from] item: Leftovers\n|-heal|p2a: Gastrodon|100\/100 brn|[from] item: Leftovers\n|-damage|p2a: Gastrodon|94\/100 brn|[from] brn\n|upkeep\n|turn|27\n|\n|switch|p2a: Xatu|Xatu, F|92\/100\n|move|p1a: Eldegoss|Giga Drain|p2a: Xatu\n|-resisted|p2a: Xatu\n|-damage|p2a: Xatu|76\/100\n|-heal|p1a: Eldegoss|100\/100|[from] drain|[of] p2a: Xatu\n|\n|-heal|p2a: Xatu|82\/100|[from] item: Leftovers\n|upkeep\n|turn|28\n|\n|switch|p1a: Bronzong|Bronzong|100\/100\n|move|p2a: Xatu|Heat Wave|p1a: Bronzong|[miss]\n|-miss|p2a: Xatu|p1a: Bronzong\n|\n|-heal|p2a: Xatu|88\/100|[from] item: Leftovers\n|upkeep\n|turn|29\n|c|\u2606Vodyne|oh gosh\n|\n|move|p2a: Xatu|Heat Wave|p1a: Bronzong\n|-supereffective|p1a: Bronzong\n|-damage|p1a: Bronzong|89\/100\n|-status|p1a: Bronzong|brn\n|move|p1a: Bronzong|Iron Head|p2a: Xatu\n|-damage|p2a: Xatu|73\/100\n|\n|-heal|p2a: Xatu|79\/100|[from] item: Leftovers\n|-damage|p1a: Bronzong|86\/100 brn|[from] brn\n|upkeep\n|turn|30\n|\n|switch|p1a: Milotic|Milotic, F|100\/100\n|move|p2a: Xatu|Teleport|p2a: Xatu\n|\n|switch|p2a: Toxapex|Toxapex, M|100\/100|[from]move: Teleport\n|\n|upkeep\n|turn|31\n|\n|switch|p1a: Bronzong|Bronzong|86\/100 brn\n|move|p2a: Toxapex|Toxic||[still]\n|-fail|p2a: Toxapex\n|\n|-damage|p1a: Bronzong|83\/100 brn|[from] brn\n|upkeep\n|turn|32\n|\n|switch|p2a: Xatu|Xatu, F|79\/100\n|move|p1a: Bronzong|Earthquake|p2a: Xatu\n|-immune|p2a: Xatu\n|\n|-heal|p2a: Xatu|85\/100|[from] item: Leftovers\n|-damage|p1a: Bronzong|80\/100 brn|[from] brn\n|upkeep\n|turn|33\n|\n|move|p1a: Bronzong|Zen Headbutt|p2a: Xatu\n|-resisted|p2a: Xatu\n|-crit|p2a: Xatu\n|-damage|p2a: Xatu|74\/100\n|cant|p2a: Xatu|flinch\n|\n|-heal|p2a: Xatu|80\/100|[from] item: Leftovers\n|-damage|p1a: Bronzong|77\/100 brn|[from] brn\n|upkeep\n|turn|34\n|\n|switch|p1a: Snorlax|Snorlax, F|81\/100 tox\n|move|p2a: Xatu|Psychic|p1a: Snorlax\n|-damage|p1a: Snorlax|68\/100 tox\n|\n|-heal|p2a: Xatu|86\/100|[from] item: Leftovers\n|-heal|p1a: Snorlax|74\/100 tox|[from] item: Leftovers\n|-damage|p1a: Snorlax|68\/100 tox|[from] psn\n|upkeep\n|turn|35\n|\n|switch|p2a: Corviknight|Corviknight, F|100\/100\n|-ability|p2a: Corviknight|Pressure\n|move|p1a: Snorlax|Rest|p1a: Snorlax\n|-status|p1a: Snorlax|slp|[from] move: Rest\n|-heal|p1a: Snorlax|100\/100 slp|[silent]\n|\n|upkeep\n|turn|36\n|\n|switch|p1a: Weezing|Weezing-Galar, F|100\/100\n|move|p2a: Corviknight|Body Press|p1a: Weezing\n|-resisted|p1a: Weezing\n|-damage|p1a: Weezing|96\/100\n|-damage|p2a: Corviknight|84\/100|[from] item: Rocky Helmet|[of] p1a: Weezing\n|\n|-heal|p2a: Corviknight|90\/100|[from] item: Leftovers\n|upkeep\n|turn|37\n|\n|switch|p2a: Toxapex|Toxapex, M|100\/100\n|move|p1a: Weezing|Flamethrower|p2a: Toxapex\n|-resisted|p2a: Toxapex\n|-damage|p2a: Toxapex|93\/100\n|\n|upkeep\n|turn|38\n|\n|switch|p1a: Snorlax|Snorlax, F|100\/100 slp\n|move|p2a: Toxapex|Scald|p1a: Snorlax\n|-damage|p1a: Snorlax|92\/100 slp\n|\n|-heal|p1a: Snorlax|99\/100 slp|[from] item: Leftovers\n|upkeep\n|turn|39\n|inactive|Vodyne has 120 seconds left.\n|\n|switch|p2a: Corviknight|Corviknight, F|90\/100\n|-ability|p2a: Corviknight|Pressure\n|cant|p1a: Snorlax|slp\n|\n|-heal|p2a: Corviknight|96\/100|[from] item: Leftovers\n|-heal|p1a: Snorlax|100\/100 slp|[from] item: Leftovers\n|upkeep\n|turn|40\n|\n|switch|p2a: Gastrodon|Gastrodon, M|94\/100 brn\n|switch|p1a: Rotom|Rotom-Heat|84\/100\n|\n|-heal|p2a: Gastrodon|100\/100 brn|[from] item: Leftovers\n|-damage|p2a: Gastrodon|94\/100 brn|[from] brn\n|upkeep\n|turn|41\n|\n|switch|p1a: Milotic|Milotic, F|100\/100\n|move|p2a: Gastrodon|Earth Power|p1a: Milotic\n|-damage|p1a: Milotic|77\/100\n|\n|-heal|p1a: Milotic|83\/100|[from] item: Leftovers\n|-heal|p2a: Gastrodon|100\/100 brn|[from] item: Leftovers\n|-damage|p2a: Gastrodon|94\/100 brn|[from] brn\n|upkeep\n|turn|42\n|\n|switch|p2a: Toxapex|Toxapex, M|100\/100\n|move|p1a: Milotic|Ice Beam|p2a: Toxapex\n|-resisted|p2a: Toxapex\n|-damage|p2a: Toxapex|93\/100\n|\n|-heal|p1a: Milotic|89\/100|[from] item: Leftovers\n|upkeep\n|turn|43\n|\n|switch|p1a: Snorlax|Snorlax, F|100\/100 slp\n|switch|p2a: Corviknight|Corviknight, F|96\/100\n|-ability|p2a: Corviknight|Pressure\n|\n|-heal|p2a: Corviknight|100\/100|[from] item: Leftovers\n|upkeep\n|turn|44\n|inactive|Vodyne has 120 seconds left.\n|\n|switch|p1a: Weezing|Weezing-Galar, F|96\/100\n|move|p2a: Corviknight|Taunt|p1a: Weezing\n|-start|p1a: Weezing|move: Taunt\n|\n|upkeep\n|turn|45\n|\n|switch|p2a: Toxapex|Toxapex, M|100\/100\n|move|p1a: Weezing|Strange Steam|p2a: Toxapex\n|-resisted|p2a: Toxapex\n|-damage|p2a: Toxapex|90\/100\n|\n|upkeep\n|turn|46\n|\n|switch|p1a: Snorlax|Snorlax, F|100\/100 slp\n|switch|p2a: Rotom|Rotom-Heat|100\/100\n|\n|upkeep\n|turn|47\n|inactive|Vodyne has 120 seconds left.\n|\n|move|p2a: Rotom|Nasty Plot|p2a: Rotom\n|-boost|p2a: Rotom|spa|2\n|cant|p1a: Snorlax|slp\n|\n|upkeep\n|turn|48\n|\n|move|p2a: Rotom|Nasty Plot|p2a: Rotom\n|-boost|p2a: Rotom|spa|2\n|-curestatus|p1a: Snorlax|slp|[msg]\n|move|p1a: Snorlax|Body Slam|p2a: Rotom\n|-damage|p2a: Rotom|73\/100\n|\n|-heal|p2a: Rotom|79\/100|[from] item: Leftovers\n|upkeep\n|turn|49\n|inactive|Vodyne has 120 seconds left.\n|\n|move|p2a: Rotom|Discharge|p1a: Snorlax\n|-damage|p1a: Snorlax|65\/100\n|move|p1a: Snorlax|Body Slam|p2a: Rotom\n|-damage|p2a: Rotom|54\/100\n|\n|-heal|p2a: Rotom|60\/100|[from] item: Leftovers\n|-heal|p1a: Snorlax|71\/100|[from] item: Leftovers\n|upkeep\n|turn|50\n|\n|move|p2a: Rotom|Discharge|p1a: Snorlax\n|-damage|p1a: Snorlax|31\/100\n|move|p1a: Snorlax|Body Slam|p2a: Rotom\n|-damage|p2a: Rotom|34\/100\n|\n|-heal|p2a: Rotom|40\/100|[from] item: Leftovers\n|-heal|p1a: Snorlax|38\/100|[from] item: Leftovers\n|upkeep\n|turn|51\n|\n|switch|p1a: Bronzong|Bronzong|77\/100 brn\n|move|p2a: Rotom|Discharge|p1a: Bronzong\n|-damage|p1a: Bronzong|31\/100 brn\n|\n|-heal|p2a: Rotom|46\/100|[from] item: Leftovers\n|-damage|p1a: Bronzong|28\/100 brn|[from] brn\n|upkeep\n|turn|52\n|\n|move|p2a: Rotom|Discharge|p1a: Bronzong\n|-damage|p1a: Bronzong|0 fnt\n|faint|p1a: Bronzong\n|\n|-heal|p2a: Rotom|52\/100|[from] item: Leftovers\n|upkeep\n|\n|switch|p1a: Eldegoss|Eldegoss, M|100\/100\n|turn|53\n|\n|switch|p1a: Snorlax|Snorlax, F|38\/100\n|move|p2a: Rotom|Overheat|p1a: Snorlax\n|-damage|p1a: Snorlax|6\/100\n|-unboost|p2a: Rotom|spa|2\n|\n|-heal|p2a: Rotom|58\/100|[from] item: Leftovers\n|-heal|p1a: Snorlax|12\/100|[from] item: Leftovers\n|upkeep\n|turn|54\n|\n|switch|p1a: Rotom|Rotom-Heat|84\/100\n|move|p2a: Rotom|Discharge|p1a: Rotom\n|-resisted|p1a: Rotom\n|-damage|p1a: Rotom|56\/100\n|\n|-heal|p2a: Rotom|64\/100|[from] item: Leftovers\n|upkeep\n|turn|55\n|\n|switch|p2a: Gastrodon|Gastrodon, M|94\/100 brn\n|move|p1a: Rotom|Nasty Plot|p1a: Rotom\n|-boost|p1a: Rotom|spa|2\n|\n|-heal|p2a: Gastrodon|100\/100 brn|[from] item: Leftovers\n|-damage|p2a: Gastrodon|94\/100 brn|[from] brn\n|upkeep\n|turn|56\n|\n|switch|p1a: Milotic|Milotic, F|89\/100\n|move|p2a: Gastrodon|Clear Smog|p1a: Milotic\n|-damage|p1a: Milotic|82\/100\n|-clearboost|p1a: Milotic\n|\n|-heal|p1a: Milotic|88\/100|[from] item: Leftovers\n|-heal|p2a: Gastrodon|100\/100 brn|[from] item: Leftovers\n|-damage|p2a: Gastrodon|94\/100 brn|[from] brn\n|upkeep\n|turn|57\n|\n|switch|p1a: Snorlax|Snorlax, F|12\/100\n|switch|p2a: Toxapex|Toxapex, M|100\/100\n|\n|-heal|p1a: Snorlax|18\/100|[from] item: Leftovers\n|upkeep\n|turn|58\n|\n|switch|p2a: Rotom|Rotom-Heat|64\/100\n|move|p1a: Snorlax|Rest|p1a: Snorlax\n|-status|p1a: Snorlax|slp|[from] move: Rest\n|-heal|p1a: Snorlax|100\/100 slp|[silent]\n|\n|-heal|p2a: Rotom|70\/100|[from] item: Leftovers\n|upkeep\n|turn|59\n|\n|switch|p1a: Rotom|Rotom-Heat|56\/100\n|move|p2a: Rotom|Nasty Plot|p2a: Rotom\n|-boost|p2a: Rotom|spa|2\n|\n|-heal|p2a: Rotom|76\/100|[from] item: Leftovers\n|upkeep\n|turn|60\n|\n|switch|p2a: Gastrodon|Gastrodon, M|94\/100 brn\n|move|p1a: Rotom|Nasty Plot|p1a: Rotom\n|-boost|p1a: Rotom|spa|2\n|\n|-heal|p2a: Gastrodon|100\/100 brn|[from] item: Leftovers\n|-damage|p2a: Gastrodon|94\/100 brn|[from] brn\n|upkeep\n|turn|61\n|\n|switch|p1a: Milotic|Milotic, F|88\/100\n|move|p2a: Gastrodon|Clear Smog|p1a: Milotic\n|-damage|p1a: Milotic|80\/100\n|-clearboost|p1a: Milotic\n|\n|-heal|p1a: Milotic|86\/100|[from] item: Leftovers\n|-heal|p2a: Gastrodon|100\/100 brn|[from] item: Leftovers\n|-damage|p2a: Gastrodon|94\/100 brn|[from] brn\n|upkeep\n|turn|62\n|\n|switch|p2a: Toxapex|Toxapex, M|100\/100\n|move|p1a: Milotic|Ice Beam|p2a: Toxapex\n|-resisted|p2a: Toxapex\n|-damage|p2a: Toxapex|92\/100\n|\n|-heal|p1a: Milotic|92\/100|[from] item: Leftovers\n|upkeep\n|turn|63\n|\n|switch|p1a: Snorlax|Snorlax, F|100\/100 slp\n|move|p2a: Toxapex|Toxic||[still]\n|-fail|p2a: Toxapex\n|\n|upkeep\n|turn|64\n|\n|switch|p2a: Corviknight|Corviknight, F|100\/100\n|-ability|p2a: Corviknight|Pressure\n|switch|p1a: Weezing|Weezing-Galar, F|96\/100\n|\n|upkeep\n|turn|65\n|\n|switch|p2a: Toxapex|Toxapex, M|100\/100\n|move|p1a: Weezing|Flamethrower|p2a: Toxapex\n|-resisted|p2a: Toxapex\n|-damage|p2a: Toxapex|93\/100\n|\n|upkeep\n|turn|66\n|\n|switch|p1a: Snorlax|Snorlax, F|100\/100 slp\n|move|p2a: Toxapex|Scald|p1a: Snorlax\n|-damage|p1a: Snorlax|93\/100 slp\n|\n|-heal|p1a: Snorlax|99\/100 slp|[from] item: Leftovers\n|upkeep\n|turn|67\n|inactive|Vodyne has 120 seconds left.\n|\n|switch|p2a: Rotom|Rotom-Heat|76\/100\n|cant|p1a: Snorlax|slp\n|\n|-heal|p2a: Rotom|82\/100|[from] item: Leftovers\n|-heal|p1a: Snorlax|100\/100 slp|[from] item: Leftovers\n|upkeep\n|turn|68\n|\n|switch|p2a: Corviknight|Corviknight, F|100\/100\n|-ability|p2a: Corviknight|Pressure\n|switch|p1a: Milotic|Milotic, F|92\/100\n|\n|-heal|p1a: Milotic|98\/100|[from] item: Leftovers\n|upkeep\n|turn|69\n|\n|switch|p2a: Toxapex|Toxapex, M|100\/100\n|move|p1a: Milotic|Scald|p2a: Toxapex\n|-resisted|p2a: Toxapex\n|-damage|p2a: Toxapex|88\/100\n|-status|p2a: Toxapex|brn\n|\n|-heal|p1a: Milotic|100\/100|[from] item: Leftovers\n|-damage|p2a: Toxapex|82\/100 brn|[from] brn\n|upkeep\n|turn|70\n|\n|switch|p1a: Snorlax|Snorlax, F|100\/100 slp\n|move|p2a: Toxapex|Scald|p1a: Snorlax\n|-damage|p1a: Snorlax|93\/100 slp\n|\n|-heal|p1a: Snorlax|99\/100 slp|[from] item: Leftovers\n|-damage|p2a: Toxapex|75\/100 brn|[from] brn\n|upkeep\n|turn|71\n|inactive|Vodyne has 120 seconds left.\n|\n|switch|p2a: Gastrodon|Gastrodon, M|94\/100 brn\n|cant|p1a: Snorlax|slp\n|\n|-heal|p2a: Gastrodon|100\/100 brn|[from] item: Leftovers\n|-heal|p1a: Snorlax|100\/100 slp|[from] item: Leftovers\n|-damage|p2a: Gastrodon|94\/100 brn|[from] brn\n|upkeep\n|turn|72\n|\n|move|p2a: Gastrodon|Clear Smog|p1a: Snorlax\n|-damage|p1a: Snorlax|95\/100 slp\n|-clearboost|p1a: Snorlax\n|-curestatus|p1a: Snorlax|slp|[msg]\n|move|p1a: Snorlax|Body Slam|p2a: Gastrodon\n|-damage|p2a: Gastrodon|56\/100 brn\n|\n|-heal|p2a: Gastrodon|62\/100 brn|[from] item: Leftovers\n|-heal|p1a: Snorlax|100\/100|[from] item: Leftovers\n|-damage|p2a: Gastrodon|56\/100 brn|[from] brn\n|upkeep\n|turn|73\n|\n|move|p2a: Gastrodon|Recover|p2a: Gastrodon\n|-heal|p2a: Gastrodon|100\/100 brn\n|move|p1a: Snorlax|Curse|p1a: Snorlax\n|-unboost|p1a: Snorlax|spe|1\n|-boost|p1a: Snorlax|atk|1\n|-boost|p1a: Snorlax|def|1\n|\n|-damage|p2a: Gastrodon|94\/100 brn|[from] brn\n|upkeep\n|turn|74\n|\n|move|p2a: Gastrodon|Clear Smog|p1a: Snorlax\n|-damage|p1a: Snorlax|95\/100\n|-clearboost|p1a: Snorlax\n|move|p1a: Snorlax|Body Slam|p2a: Gastrodon\n|-damage|p2a: Gastrodon|61\/100 brn\n|\n|-heal|p2a: Gastrodon|67\/100 brn|[from] item: Leftovers\n|-heal|p1a: Snorlax|100\/100|[from] item: Leftovers\n|-damage|p2a: Gastrodon|61\/100 brn|[from] brn\n|upkeep\n|turn|75\n|\n|move|p2a: Gastrodon|Clear Smog|p1a: Snorlax\n|-damage|p1a: Snorlax|96\/100\n|-clearboost|p1a: Snorlax\n|move|p1a: Snorlax|Body Slam|p2a: Gastrodon\n|-damage|p2a: Gastrodon|24\/100 brn\n|\n|-heal|p2a: Gastrodon|30\/100 brn|[from] item: Leftovers\n|-heal|p1a: Snorlax|100\/100|[from] item: Leftovers\n|-damage|p2a: Gastrodon|24\/100 brn|[from] brn\n|upkeep\n|turn|76\n|\n|move|p2a: Gastrodon|Recover|p2a: Gastrodon\n|-heal|p2a: Gastrodon|74\/100 brn\n|move|p1a: Snorlax|Body Slam|p2a: Gastrodon\n|-damage|p2a: Gastrodon|37\/100 brn\n|\n|-heal|p2a: Gastrodon|43\/100 brn|[from] item: Leftovers\n|-damage|p2a: Gastrodon|37\/100 brn|[from] brn\n|upkeep\n|turn|77\n|\n|move|p2a: Gastrodon|Recover|p2a: Gastrodon\n|-heal|p2a: Gastrodon|87\/100 brn\n|move|p1a: Snorlax|Body Slam|p2a: Gastrodon\n|-damage|p2a: Gastrodon|50\/100 brn\n|\n|-heal|p2a: Gastrodon|57\/100 brn|[from] item: Leftovers\n|-damage|p2a: Gastrodon|50\/100 brn|[from] brn\n|upkeep\n|turn|78\n|\n|move|p2a: Gastrodon|Recover|p2a: Gastrodon\n|-heal|p2a: Gastrodon|100\/100 brn\n|move|p1a: Snorlax|Curse|p1a: Snorlax\n|-unboost|p1a: Snorlax|spe|1\n|-boost|p1a: Snorlax|atk|1\n|-boost|p1a: Snorlax|def|1\n|\n|-damage|p2a: Gastrodon|94\/100 brn|[from] brn\n|upkeep\n|turn|79\n|inactive|Vodyne has 120 seconds left.\n|\n|move|p2a: Gastrodon|Clear Smog|p1a: Snorlax\n|-crit|p1a: Snorlax\n|-damage|p1a: Snorlax|93\/100\n|-clearboost|p1a: Snorlax\n|move|p1a: Snorlax|Body Slam|p2a: Gastrodon\n|-damage|p2a: Gastrodon|58\/100 brn\n|\n|-heal|p2a: Gastrodon|65\/100 brn|[from] item: Leftovers\n|-heal|p1a: Snorlax|99\/100|[from] item: Leftovers\n|-damage|p2a: Gastrodon|58\/100 brn|[from] brn\n|upkeep\n|turn|80\n|\n|move|p2a: Gastrodon|Clear Smog|p1a: Snorlax\n|-damage|p1a: Snorlax|95\/100\n|-clearboost|p1a: Snorlax\n|move|p1a: Snorlax|Darkest Lariat|p2a: Gastrodon\n|-damage|p2a: Gastrodon|34\/100 brn\n|\n|-heal|p2a: Gastrodon|40\/100 brn|[from] item: Leftovers\n|-heal|p1a: Snorlax|100\/100|[from] item: Leftovers\n|-damage|p2a: Gastrodon|34\/100 brn|[from] brn\n|upkeep\n|turn|81\n|\n|move|p2a: Gastrodon|Recover|p2a: Gastrodon\n|-heal|p2a: Gastrodon|84\/100 brn\n|move|p1a: Snorlax|Darkest Lariat|p2a: Gastrodon\n|-damage|p2a: Gastrodon|61\/100 brn\n|\n|-heal|p2a: Gastrodon|67\/100 brn|[from] item: Leftovers\n|-damage|p2a: Gastrodon|61\/100 brn|[from] brn\n|upkeep\n|turn|82\n|\n|switch|p2a: Toxapex|Toxapex, M|100\/100 brn\n|move|p1a: Snorlax|Darkest Lariat|p2a: Toxapex\n|-damage|p2a: Toxapex|89\/100 brn\n|\n|-damage|p2a: Toxapex|82\/100 brn|[from] brn\n|upkeep\n|turn|83\n|\n|move|p2a: Toxapex|Toxic|p1a: Snorlax\n|-status|p1a: Snorlax|tox\n|move|p1a: Snorlax|Curse|p1a: Snorlax\n|-unboost|p1a: Snorlax|spe|1\n|-boost|p1a: Snorlax|atk|1\n|-boost|p1a: Snorlax|def|1\n|\n|-damage|p2a: Toxapex|76\/100 brn|[from] brn\n|-damage|p1a: Snorlax|94\/100 tox|[from] psn\n|upkeep\n|turn|84\n|\n|move|p2a: Toxapex|Baneful Bunker|p2a: Toxapex\n|-singleturn|p2a: Toxapex|move: Protect\n|move|p1a: Snorlax|Darkest Lariat|p2a: Toxapex\n|-activate|p2a: Toxapex|move: Protect\n|\n|-heal|p1a: Snorlax|100\/100 tox|[from] item: Leftovers\n|-damage|p2a: Toxapex|70\/100 brn|[from] brn\n|-damage|p1a: Snorlax|88\/100 tox|[from] psn\n|upkeep\n|turn|85\n|\n|move|p2a: Toxapex|Recover|p2a: Toxapex\n|-heal|p2a: Toxapex|100\/100 brn\n|move|p1a: Snorlax|Curse|p1a: Snorlax\n|-unboost|p1a: Snorlax|spe|1\n|-boost|p1a: Snorlax|atk|1\n|-boost|p1a: Snorlax|def|1\n|\n|-heal|p1a: Snorlax|94\/100 tox|[from] item: Leftovers\n|-damage|p2a: Toxapex|94\/100 brn|[from] brn\n|-damage|p1a: Snorlax|76\/100 tox|[from] psn\n|upkeep\n|turn|86\n|\n|move|p2a: Toxapex|Baneful Bunker|p2a: Toxapex\n|-singleturn|p2a: Toxapex|move: Protect\n|move|p1a: Snorlax|Curse|p1a: Snorlax\n|-unboost|p1a: Snorlax|spe|1\n|-boost|p1a: Snorlax|atk|1\n|-boost|p1a: Snorlax|def|1\n|\n|-heal|p1a: Snorlax|82\/100 tox|[from] item: Leftovers\n|-damage|p2a: Toxapex|88\/100 brn|[from] brn\n|-damage|p1a: Snorlax|58\/100 tox|[from] psn\n|upkeep\n|turn|87\n|\n|move|p2a: Toxapex|Scald|p1a: Snorlax\n|-damage|p1a: Snorlax|50\/100 tox\n|move|p1a: Snorlax|Darkest Lariat|p2a: Toxapex\n|-damage|p2a: Toxapex|55\/100 brn\n|\n|-heal|p1a: Snorlax|56\/100 tox|[from] item: Leftovers\n|-damage|p2a: Toxapex|49\/100 brn|[from] brn\n|-damage|p1a: Snorlax|26\/100 tox|[from] psn\n|upkeep\n|turn|88\n|\n|move|p2a: Toxapex|Recover|p2a: Toxapex\n|-heal|p2a: Toxapex|99\/100 brn\n|move|p1a: Snorlax|Rest|p1a: Snorlax\n|-status|p1a: Snorlax|slp|[from] move: Rest\n|-heal|p1a: Snorlax|100\/100 slp|[silent]\n|\n|-damage|p2a: Toxapex|93\/100 brn|[from] brn\n|upkeep\n|turn|89\n|\n|switch|p2a: Gastrodon|Gastrodon, M|61\/100 brn\n|cant|p1a: Snorlax|slp\n|\n|-heal|p2a: Gastrodon|67\/100 brn|[from] item: Leftovers\n|-damage|p2a: Gastrodon|61\/100 brn|[from] brn\n|upkeep\n|turn|90\n|\n|move|p2a: Gastrodon|Clear Smog|p1a: Snorlax\n|-damage|p1a: Snorlax|95\/100 slp\n|-clearboost|p1a: Snorlax\n|cant|p1a: Snorlax|slp\n|\n|-heal|p2a: Gastrodon|67\/100 brn|[from] item: Leftovers\n|-heal|p1a: Snorlax|100\/100 slp|[from] item: Leftovers\n|-damage|p2a: Gastrodon|61\/100 brn|[from] brn\n|upkeep\n|turn|91\n|\n|switch|p2a: Toxapex|Toxapex, M|100\/100 brn\n|switch|p1a: Rotom|Rotom-Heat|56\/100\n|\n|-damage|p2a: Toxapex|94\/100 brn|[from] brn\n|upkeep\n|turn|92\n|\n|switch|p2a: Gastrodon|Gastrodon, M|61\/100 brn\n|move|p1a: Rotom|Volt Switch|p2a: Gastrodon\n|-immune|p2a: Gastrodon\n|\n|-heal|p2a: Gastrodon|67\/100 brn|[from] item: Leftovers\n|-damage|p2a: Gastrodon|61\/100 brn|[from] brn\n|upkeep\n|turn|93\n|\n|switch|p1a: Eldegoss|Eldegoss, M|100\/100\n|move|p2a: Gastrodon|Recover|p2a: Gastrodon\n|-heal|p2a: Gastrodon|100\/100 brn\n|\n|-damage|p2a: Gastrodon|94\/100 brn|[from] brn\n|upkeep\n|turn|94\n|\n|switch|p1a: Milotic|Milotic, F|100\/100\n|switch|p2a: Xatu|Xatu, F|86\/100\n|\n|-heal|p2a: Xatu|92\/100|[from] item: Leftovers\n|upkeep\n|turn|95\n|\n|switch|p2a: Toxapex|Toxapex, M|100\/100 brn\n|move|p1a: Milotic|Ice Beam|p2a: Toxapex\n|-resisted|p2a: Toxapex\n|-damage|p2a: Toxapex|92\/100 brn\n|\n|-damage|p2a: Toxapex|86\/100 brn|[from] brn\n|upkeep\n|turn|96\n|\n|switch|p1a: Snorlax|Snorlax, F|100\/100 slp\n|move|p2a: Toxapex|Baneful Bunker||[still]\n|-fail|p2a: Toxapex\n|\n|-damage|p2a: Toxapex|80\/100 brn|[from] brn\n|upkeep\n|turn|97\n|\n|switch|p1a: Milotic|Milotic, F|100\/100\n|move|p2a: Toxapex|Scald|p1a: Milotic\n|-resisted|p1a: Milotic\n|-damage|p1a: Milotic|94\/100\n|\n|-heal|p1a: Milotic|99\/100|[from] item: Leftovers\n|-damage|p2a: Toxapex|74\/100 brn|[from] brn\n|upkeep\n|turn|98\n|\n|switch|p1a: Weezing|Weezing-Galar, F|96\/100\n|move|p2a: Toxapex|Toxic|p1a: Weezing\n|-immune|p1a: Weezing\n|\n|-damage|p2a: Toxapex|67\/100 brn|[from] brn\n|upkeep\n|turn|99\n|\n|switch|p1a: Snorlax|Snorlax, F|100\/100 slp\n|move|p2a: Toxapex|Scald|p1a: Snorlax\n|-crit|p1a: Snorlax\n|-damage|p1a: Snorlax|90\/100 slp\n|\n|-heal|p1a: Snorlax|96\/100 slp|[from] item: Leftovers\n|-damage|p2a: Toxapex|61\/100 brn|[from] brn\n|upkeep\n|turn|100\n|\n|switch|p1a: Weezing|Weezing-Galar, F|96\/100\n|move|p2a: Toxapex|Toxic|p1a: Weezing\n|-immune|p1a: Weezing\n|\n|-damage|p2a: Toxapex|55\/100 brn|[from] brn\n|upkeep\n|turn|101\n|\n|switch|p1a: Snorlax|Snorlax, F|96\/100 slp\n|move|p2a: Toxapex|Scald|p1a: Snorlax\n|-damage|p1a: Snorlax|89\/100 slp\n|\n|-heal|p1a: Snorlax|95\/100 slp|[from] item: Leftovers\n|-damage|p2a: Toxapex|49\/100 brn|[from] brn\n|upkeep\n|turn|102\n|\n|switch|p2a: Gastrodon|Gastrodon, M|94\/100 brn\n|switch|p1a: Milotic|Milotic, F|99\/100\n|\n|-heal|p1a: Milotic|100\/100|[from] item: Leftovers\n|-heal|p2a: Gastrodon|100\/100 brn|[from] item: Leftovers\n|-damage|p2a: Gastrodon|94\/100 brn|[from] brn\n|upkeep\n|turn|103\n|\n|switch|p1a: Snorlax|Snorlax, F|95\/100 slp\n|switch|p2a: Toxapex|Toxapex, M|82\/100 brn\n|\n|-heal|p1a: Snorlax|100\/100 slp|[from] item: Leftovers\n|-damage|p2a: Toxapex|75\/100 brn|[from] brn\n|upkeep\n|turn|104\n|\n|switch|p2a: Gastrodon|Gastrodon, M|94\/100 brn\n|-curestatus|p1a: Snorlax|slp|[msg]\n|move|p1a: Snorlax|Curse|p1a: Snorlax\n|-unboost|p1a: Snorlax|spe|1\n|-boost|p1a: Snorlax|atk|1\n|-boost|p1a: Snorlax|def|1\n|\n|-heal|p2a: Gastrodon|100\/100 brn|[from] item: Leftovers\n|-damage|p2a: Gastrodon|94\/100 brn|[from] brn\n|upkeep\n|turn|105\n|\n|move|p2a: Gastrodon|Clear Smog|p1a: Snorlax\n|-damage|p1a: Snorlax|95\/100\n|-clearboost|p1a: Snorlax\n|move|p1a: Snorlax|Darkest Lariat|p2a: Gastrodon\n|-damage|p2a: Gastrodon|71\/100 brn\n|\n|-heal|p2a: Gastrodon|77\/100 brn|[from] item: Leftovers\n|-heal|p1a: Snorlax|100\/100|[from] item: Leftovers\n|-damage|p2a: Gastrodon|71\/100 brn|[from] brn\n|upkeep\n|turn|106\n|\n|move|p2a: Gastrodon|Scald|p1a: Snorlax\n|-damage|p1a: Snorlax|89\/100\n|move|p1a: Snorlax|Darkest Lariat|p2a: Gastrodon\n|-damage|p2a: Gastrodon|49\/100 brn\n|\n|-heal|p2a: Gastrodon|55\/100 brn|[from] item: Leftovers\n|-heal|p1a: Snorlax|96\/100|[from] item: Leftovers\n|-damage|p2a: Gastrodon|49\/100 brn|[from] brn\n|upkeep\n|turn|107\n|\n|switch|p1a: Milotic|Milotic, F|100\/100\n|move|p2a: Gastrodon|Recover|p2a: Gastrodon\n|-heal|p2a: Gastrodon|99\/100 brn\n|\n|-heal|p2a: Gastrodon|100\/100 brn|[from] item: Leftovers\n|-damage|p2a: Gastrodon|94\/100 brn|[from] brn\n|upkeep\n|turn|108\n|\n|switch|p1a: Eldegoss|Eldegoss, M|100\/100\n|switch|p2a: Toxapex|Toxapex, M|100\/100 brn\n|\n|-damage|p2a: Toxapex|94\/100 brn|[from] brn\n|upkeep\n|turn|109\n|\n|switch|p2a: Xatu|Xatu, F|92\/100\n|move|p1a: Eldegoss|Leech Seed|p2a: Xatu\n|move|p2a: Xatu|Leech Seed|p1a: Eldegoss|[from]Magic Bounce\n|-immune|p1a: Eldegoss\n|\n|-heal|p2a: Xatu|98\/100|[from] item: Leftovers\n|upkeep\n|turn|110\n|\n|switch|p2a: Corviknight|Corviknight, F|100\/100\n|-ability|p2a: Corviknight|Pressure\n|switch|p1a: Snorlax|Snorlax, F|96\/100\n|\n|-heal|p1a: Snorlax|100\/100|[from] item: Leftovers\n|upkeep\n|turn|111\n|inactive|Vodyne has 120 seconds left.\n|\n|switch|p1a: Weezing|Weezing-Galar, F|96\/100\n|move|p2a: Corviknight|Body Press|p1a: Weezing\n|-resisted|p1a: Weezing\n|-damage|p1a: Weezing|92\/100\n|-damage|p2a: Corviknight|84\/100|[from] item: Rocky Helmet|[of] p1a: Weezing\n|\n|-heal|p2a: Corviknight|90\/100|[from] item: Leftovers\n|upkeep\n|turn|112\n|inactive|Vodyne has 120 seconds left.\n|\n|switch|p2a: Toxapex|Toxapex, M|100\/100 brn\n|move|p1a: Weezing|Flamethrower|p2a: Toxapex\n|-resisted|p2a: Toxapex\n|-damage|p2a: Toxapex|93\/100 brn\n|\n|-damage|p2a: Toxapex|87\/100 brn|[from] brn\n|upkeep\n|turn|113\n|inactive|Vodyne has 120 seconds left.\n|\n|switch|p1a: Snorlax|Snorlax, F|100\/100\n|switch|p2a: Rotom|Rotom-Heat|82\/100\n|\n|-heal|p2a: Rotom|88\/100|[from] item: Leftovers\n|upkeep\n|turn|114\n|\n|switch|p2a: Toxapex|Toxapex, M|100\/100 brn\n|switch|p1a: Milotic|Milotic, F|100\/100\n|\n|-damage|p2a: Toxapex|94\/100 brn|[from] brn\n|upkeep\n|turn|115\n|\n|switch|p1a: Weezing|Weezing-Galar, F|92\/100\n|switch|p2a: Gastrodon|Gastrodon, M|94\/100 brn\n|\n|-heal|p2a: Gastrodon|100\/100 brn|[from] item: Leftovers\n|-damage|p2a: Gastrodon|94\/100 brn|[from] brn\n|upkeep\n|turn|116\n|\n|switch|p1a: Milotic|Milotic, F|100\/100\n|move|p2a: Gastrodon|Earth Power|p1a: Milotic\n|-damage|p1a: Milotic|78\/100\n|\n|-heal|p1a: Milotic|84\/100|[from] item: Leftovers\n|-heal|p2a: Gastrodon|100\/100 brn|[from] item: Leftovers\n|-damage|p2a: Gastrodon|94\/100 brn|[from] brn\n|upkeep\n|turn|117\n|\n|switch|p1a: Snorlax|Snorlax, F|100\/100\n|switch|p2a: Toxapex|Toxapex, M|100\/100 brn\n|\n|-damage|p2a: Toxapex|94\/100 brn|[from] brn\n|upkeep\n|turn|118\n|\n|switch|p1a: Weezing|Weezing-Galar, F|92\/100\n|move|p2a: Toxapex|Toxic|p1a: Weezing\n|-immune|p1a: Weezing\n|\n|-damage|p2a: Toxapex|88\/100 brn|[from] brn\n|upkeep\n|turn|119\n|\n|switch|p1a: Snorlax|Snorlax, F|100\/100\n|move|p2a: Toxapex|Scald|p1a: Snorlax\n|-damage|p1a: Snorlax|94\/100\n|\n|-heal|p1a: Snorlax|99\/100|[from] item: Leftovers\n|-damage|p2a: Toxapex|82\/100 brn|[from] brn\n|upkeep\n|turn|120\n|inactive|Vodyne has 90 seconds left.\n|\n|switch|p1a: Weezing|Weezing-Galar, F|92\/100\n|move|p2a: Toxapex|Scald|p1a: Weezing\n|-damage|p1a: Weezing|68\/100\n|\n|-damage|p2a: Toxapex|75\/100 brn|[from] brn\n|upkeep\n|turn|121\n|\n|switch|p1a: Snorlax|Snorlax, F|99\/100\n|move|p2a: Toxapex|Scald|p1a: Snorlax\n|-damage|p1a: Snorlax|93\/100\n|\n|-heal|p1a: Snorlax|99\/100|[from] item: Leftovers\n|-damage|p2a: Toxapex|69\/100 brn|[from] brn\n|upkeep\n|turn|122\n|\n|switch|p1a: Eldegoss|Eldegoss, M|100\/100\n|move|p2a: Toxapex|Scald|p1a: Eldegoss\n|-resisted|p1a: Eldegoss\n|-damage|p1a: Eldegoss|94\/100\n|-ability|p1a: Eldegoss|Cotton Down\n|-unboost|p2a: Toxapex|spe|1\n|\n|-heal|p1a: Eldegoss|99\/100|[from] item: Leftovers\n|-damage|p2a: Toxapex|63\/100 brn|[from] brn\n|upkeep\n|turn|123\n|\n|switch|p1a: Snorlax|Snorlax, F|99\/100\n|switch|p2a: Xatu|Xatu, F|98\/100\n|\n|-heal|p2a: Xatu|100\/100|[from] item: Leftovers\n|-heal|p1a: Snorlax|100\/100|[from] item: Leftovers\n|upkeep\n|turn|124\n|inactive|Vodyne has 60 seconds left.\n|\n|switch|p2a: Corviknight|Corviknight, F|90\/100\n|-ability|p2a: Corviknight|Pressure\n|switch|p1a: Eldegoss|Eldegoss, M|99\/100\n|\n|-heal|p1a: Eldegoss|100\/100|[from] item: Leftovers\n|-heal|p2a: Corviknight|96\/100|[from] item: Leftovers\n|upkeep\n|turn|125\n|\n|switch|p1a: Weezing|Weezing-Galar, F|68\/100\n|switch|p2a: Xatu|Xatu, F|100\/100\n|\n|upkeep\n|turn|126\n|\n|switch|p1a: Snorlax|Snorlax, F|100\/100\n|move|p2a: Xatu|Psychic|p1a: Snorlax\n|-damage|p1a: Snorlax|87\/100\n|\n|-heal|p1a: Snorlax|93\/100|[from] item: Leftovers\n|upkeep\n|turn|127\n|inactive|Vodyne has 60 seconds left.\n|\n|switch|p2a: Toxapex|Toxapex, M|96\/100 brn\n|switch|p1a: Milotic|Milotic, F|84\/100\n|\n|-heal|p1a: Milotic|90\/100|[from] item: Leftovers\n|-damage|p2a: Toxapex|90\/100 brn|[from] brn\n|upkeep\n|turn|128\n|inactive|Vodyne has 60 seconds left.\n|\n|switch|p1a: Snorlax|Snorlax, F|93\/100\n|move|p2a: Toxapex|Scald|p1a: Snorlax\n|-damage|p1a: Snorlax|85\/100\n|\n|-heal|p1a: Snorlax|91\/100|[from] item: Leftovers\n|-damage|p2a: Toxapex|84\/100 brn|[from] brn\n|upkeep\n|turn|129\n|inactive|Vodyne has 60 seconds left.\n|\n|switch|p2a: Rotom|Rotom-Heat|88\/100\n|switch|p1a: Eldegoss|Eldegoss, M|100\/100\n|\n|-heal|p2a: Rotom|94\/100|[from] item: Leftovers\n|upkeep\n|turn|130\n|inactive|Vodyne has 60 seconds left.\n|\n|switch|p2a: Xatu|Xatu, F|100\/100\n|switch|p1a: Rotom|Rotom-Heat|56\/100\n|\n|upkeep\n|turn|131\n|inactive|Vodyne has 60 seconds left.\n|\n|switch|p2a: Gastrodon|Gastrodon, M|94\/100 brn\n|move|p1a: Rotom|Volt Switch|p2a: Gastrodon\n|-immune|p2a: Gastrodon\n|\n|-heal|p2a: Gastrodon|100\/100 brn|[from] item: Leftovers\n|-damage|p2a: Gastrodon|94\/100 brn|[from] brn\n|upkeep\n|turn|132\n|inactive|Vodyne has 60 seconds left.\n|inactive|Jdjjjsjs has 120 seconds left.\n|\n|switch|p1a: Milotic|Milotic, F|90\/100\n|switch|p2a: Rotom|Rotom-Heat|94\/100\n|\n|-heal|p1a: Milotic|97\/100|[from] item: Leftovers\n|-heal|p2a: Rotom|99\/100|[from] item: Leftovers\n|upkeep\n|turn|133\n|inactive|Jdjjjsjs has 120 seconds left.\n|\n|move|p2a: Rotom|Nasty Plot|p2a: Rotom\n|-boost|p2a: Rotom|spa|2\n|move|p1a: Milotic|Mirror Coat||[still]\n|-fail|p1a: Milotic\n|\n|-heal|p1a: Milotic|100\/100|[from] item: Leftovers\n|-heal|p2a: Rotom|100\/100|[from] item: Leftovers\n|upkeep\n|turn|134\n|inactive|Jdjjjsjs has 120 seconds left.\n|\n|move|p1a: Milotic|Scald|p2a: Rotom\n|-supereffective|p2a: Rotom\n|-damage|p2a: Rotom|48\/100\n|move|p2a: Rotom|Nasty Plot|p2a: Rotom\n|-boost|p2a: Rotom|spa|2\n|\n|-heal|p2a: Rotom|54\/100|[from] item: Leftovers\n|upkeep\n|turn|135\n|inactive|Jdjjjsjs has 120 seconds left.\n|\n|switch|p1a: Eldegoss|Eldegoss, M|100\/100\n|move|p2a: Rotom|Discharge|p1a: Eldegoss\n|-resisted|p1a: Eldegoss\n|-damage|p1a: Eldegoss|62\/100\n|-ability|p1a: Eldegoss|Cotton Down\n|-unboost|p2a: Rotom|spe|1\n|\n|-heal|p1a: Eldegoss|68\/100|[from] item: Leftovers\n|-heal|p2a: Rotom|60\/100|[from] item: Leftovers\n|upkeep\n|turn|136\n|inactive|Jdjjjsjs has 120 seconds left.\n|\n|switch|p1a: Snorlax|Snorlax, F|91\/100\n|move|p2a: Rotom|Overheat|p1a: Snorlax\n|-damage|p1a: Snorlax|61\/100\n|-unboost|p2a: Rotom|spa|2\n|\n|-heal|p2a: Rotom|66\/100|[from] item: Leftovers\n|-heal|p1a: Snorlax|67\/100|[from] item: Leftovers\n|upkeep\n|turn|137\n|\n|move|p2a: Rotom|Nasty Plot|p2a: Rotom\n|-boost|p2a: Rotom|spa|2\n|move|p1a: Snorlax|Body Slam|p2a: Rotom\n|-crit|p2a: Rotom\n|-damage|p2a: Rotom|22\/100\n|\n|-heal|p2a: Rotom|28\/100|[from] item: Leftovers\n|-heal|p1a: Snorlax|74\/100|[from] item: Leftovers\n|upkeep\n|turn|138\n|\n|switch|p2a: Toxapex|Toxapex, M|100\/100 brn\n|switch|p1a: Rotom|Rotom-Heat|56\/100\n|\n|-damage|p2a: Toxapex|94\/100 brn|[from] brn\n|upkeep\n|turn|139\n|inactive|Jdjjjsjs has 120 seconds left.\n|\n|switch|p1a: Eldegoss|Eldegoss, M|68\/100\n|switch|p2a: Gastrodon|Gastrodon, M|94\/100 brn\n|\n|-heal|p1a: Eldegoss|74\/100|[from] item: Leftovers\n|-heal|p2a: Gastrodon|100\/100 brn|[from] item: Leftovers\n|-damage|p2a: Gastrodon|94\/100 brn|[from] brn\n|upkeep\n|turn|140\n|\n|switch|p1a: Milotic|Milotic, F|100\/100\n|switch|p2a: Xatu|Xatu, F|100\/100\n|\n|upkeep\n|turn|141\n|\n|switch|p2a: Toxapex|Toxapex, M|100\/100 brn\n|move|p1a: Milotic|Ice Beam|p2a: Toxapex\n|-resisted|p2a: Toxapex\n|-damage|p2a: Toxapex|92\/100 brn\n|\n|-damage|p2a: Toxapex|86\/100 brn|[from] brn\n|upkeep\n|turn|142\n|\n|switch|p1a: Snorlax|Snorlax, F|74\/100\n|switch|p2a: Rotom|Rotom-Heat|28\/100\n|\n|-heal|p2a: Rotom|34\/100|[from] item: Leftovers\n|-heal|p1a: Snorlax|80\/100|[from] item: Leftovers\n|upkeep\n|turn|143\n|\n|switch|p2a: Corviknight|Corviknight, F|96\/100\n|-ability|p2a: Corviknight|Pressure\n|move|p1a: Snorlax|Body Slam|p2a: Corviknight\n|-resisted|p2a: Corviknight\n|-damage|p2a: Corviknight|86\/100\n|-status|p2a: Corviknight|par\n|\n|-heal|p1a: Snorlax|86\/100|[from] item: Leftovers\n|-heal|p2a: Corviknight|93\/100 par|[from] item: Leftovers\n|upkeep\n|turn|144\n|\n|switch|p1a: Weezing|Weezing-Galar, F|68\/100\n|cant|p2a: Corviknight|par\n|\n|-heal|p2a: Corviknight|99\/100 par|[from] item: Leftovers\n|upkeep\n|turn|145\n|\n|switch|p1a: Milotic|Milotic, F|100\/100\n|switch|p2a: Toxapex|Toxapex, M|100\/100 brn\n|\n|-damage|p2a: Toxapex|94\/100 brn|[from] brn\n|upkeep\n|turn|146\n|\n|switch|p1a: Snorlax|Snorlax, F|86\/100\n|switch|p2a: Gastrodon|Gastrodon, M|94\/100 brn\n|\n|-heal|p2a: Gastrodon|100\/100 brn|[from] item: Leftovers\n|-heal|p1a: Snorlax|92\/100|[from] item: Leftovers\n|-damage|p2a: Gastrodon|94\/100 brn|[from] brn\n|upkeep\n|turn|147\n|\n|switch|p2a: Corviknight|Corviknight, F|99\/100 par\n|-ability|p2a: Corviknight|Pressure\n|switch|p1a: Milotic|Milotic, F|100\/100\n|\n|-heal|p2a: Corviknight|100\/100 par|[from] item: Leftovers\n|upkeep\n|turn|148\n|inactive|Vodyne has 30 seconds left.\n|\n|switch|p1a: Eldegoss|Eldegoss, M|74\/100\n|switch|p2a: Toxapex|Toxapex, M|100\/100 brn\n|\n|-heal|p1a: Eldegoss|81\/100|[from] item: Leftovers\n|-damage|p2a: Toxapex|94\/100 brn|[from] brn\n|upkeep\n|turn|149\n|inactive|Vodyne has 30 seconds left this turn.\n|inactive|Vodyne has 20 seconds left.\n|\n|switch|p1a: Rotom|Rotom-Heat|56\/100\n|switch|p2a: Rotom|Rotom-Heat|34\/100\n|\n|-heal|p2a: Rotom|40\/100|[from] item: Leftovers\n|upkeep\n|turn|150\n|inactive|Vodyne has 25 seconds left this turn.\n|inactive|Vodyne has 20 seconds left.\n|\n|switch|p2a: Gastrodon|Gastrodon, M|94\/100 brn\n|move|p1a: Rotom|Nasty Plot|p1a: Rotom\n|-boost|p1a: Rotom|spa|2\n|\n|-heal|p2a: Gastrodon|100\/100 brn|[from] item: Leftovers\n|-damage|p2a: Gastrodon|94\/100 brn|[from] brn\n|upkeep\n|turn|151\n|inactive|Vodyne has 25 seconds left this turn.\n|inactive|Vodyne has 20 seconds left.\n|\n|switch|p1a: Snorlax|Snorlax, F|92\/100\n|move|p2a: Gastrodon|Clear Smog|p1a: Snorlax\n|-damage|p1a: Snorlax|87\/100\n|-clearboost|p1a: Snorlax\n|\n|-heal|p2a: Gastrodon|100\/100 brn|[from] item: Leftovers\n|-heal|p1a: Snorlax|93\/100|[from] item: Leftovers\n|-damage|p2a: Gastrodon|94\/100 brn|[from] brn\n|upkeep\n|turn|152\n|inactive|Vodyne has 25 seconds left this turn.\n|inactive|Vodyne has 20 seconds left.\n|\n|switch|p2a: Corviknight|Corviknight, F|100\/100 par\n|-ability|p2a: Corviknight|Pressure\n|switch|p1a: Eldegoss|Eldegoss, M|81\/100\n|\n|-heal|p1a: Eldegoss|87\/100|[from] item: Leftovers\n|upkeep\n|turn|153\n|inactive|Vodyne has 25 seconds left this turn.\n|inactive|Vodyne has 20 seconds left.\n|\n|switch|p1a: Weezing|Weezing-Galar, F|68\/100\n|switch|p2a: Xatu|Xatu, F|100\/100\n|\n|upkeep\n|turn|154\n|inactive|Vodyne has 25 seconds left this turn.\n|inactive|Vodyne has 20 seconds left.\n|\n|switch|p2a: Sylveon|Sylveon, F|100\/100\n|switch|p1a: Snorlax|Snorlax, F|93\/100\n|\n|-heal|p1a: Snorlax|99\/100|[from] item: Leftovers\n|upkeep\n|turn|155\n|inactive|Vodyne has 25 seconds left this turn.\n|inactive|Vodyne has 20 seconds left.\n|inactive|Vodyne has 15 seconds left.\n|\n|switch|p2a: Corviknight|Corviknight, F|100\/100 par\n|-ability|p2a: Corviknight|Pressure\n|move|p1a: Snorlax|Curse|p1a: Snorlax\n|-unboost|p1a: Snorlax|spe|1\n|-boost|p1a: Snorlax|atk|1\n|-boost|p1a: Snorlax|def|1\n|\n|-heal|p1a: Snorlax|100\/100|[from] item: Leftovers\n|upkeep\n|turn|156\n|inactive|Vodyne has 20 seconds left this turn.\n|inactive|Vodyne has 15 seconds left.\n|\n|switch|p2a: Gastrodon|Gastrodon, M|94\/100 brn\n|move|p1a: Snorlax|Darkest Lariat|p2a: Gastrodon\n|-damage|p2a: Gastrodon|62\/100 brn\n|\n|-heal|p2a: Gastrodon|68\/100 brn|[from] item: Leftovers\n|-damage|p2a: Gastrodon|62\/100 brn|[from] brn\n|upkeep\n|turn|157\n|inactive|Vodyne has 20 seconds left this turn.\n|\n|switch|p1a: Milotic|Milotic, F|100\/100\n|move|p2a: Gastrodon|Clear Smog|p1a: Milotic\n|-damage|p1a: Milotic|92\/100\n|-clearboost|p1a: Milotic\n|\n|-heal|p1a: Milotic|98\/100|[from] item: Leftovers\n|-heal|p2a: Gastrodon|68\/100 brn|[from] item: Leftovers\n|-damage|p2a: Gastrodon|62\/100 brn|[from] brn\n|upkeep\n|turn|158\n|inactive|Vodyne has 25 seconds left this turn.\n|inactive|Vodyne has 20 seconds left.\n|\n|switch|p1a: Snorlax|Snorlax, F|100\/100\n|move|p2a: Gastrodon|Recover|p2a: Gastrodon\n|-heal|p2a: Gastrodon|100\/100 brn\n|\n|-damage|p2a: Gastrodon|94\/100 brn|[from] brn\n|upkeep\n|turn|159\n|inactive|Vodyne has 25 seconds left this turn.\n|\n|switch|p2a: Corviknight|Corviknight, F|100\/100 par\n|-ability|p2a: Corviknight|Pressure\n|switch|p1a: Milotic|Milotic, F|98\/100\n|\n|-heal|p1a: Milotic|100\/100|[from] item: Leftovers\n|upkeep\n|turn|160\n|inactive|Vodyne has 30 seconds left this turn.\n|\n|switch|p1a: Rotom|Rotom-Heat|56\/100\n|switch|p2a: Toxapex|Toxapex, M|100\/100 brn\n|\n|-damage|p2a: Toxapex|94\/100 brn|[from] brn\n|upkeep\n|turn|161\n|inactive|Vodyne has 30 seconds left this turn.\n|inactive|Vodyne has 20 seconds left.\n|\n|switch|p1a: Snorlax|Snorlax, F|100\/100\n|switch|p2a: Gastrodon|Gastrodon, M|94\/100 brn\n|\n|-heal|p2a: Gastrodon|100\/100 brn|[from] item: Leftovers\n|-damage|p2a: Gastrodon|94\/100 brn|[from] brn\n|upkeep\n|turn|162\n|inactive|Vodyne has 25 seconds left this turn.\n|\n|switch|p2a: Toxapex|Toxapex, M|100\/100 brn\n|switch|p1a: Milotic|Milotic, F|100\/100\n|\n|-damage|p2a: Toxapex|94\/100 brn|[from] brn\n|upkeep\n|turn|163\n|inactive|Vodyne has 30 seconds left this turn.\n|\n|switch|p1a: Snorlax|Snorlax, F|100\/100\n|switch|p2a: Gastrodon|Gastrodon, M|94\/100 brn\n|\n|-heal|p2a: Gastrodon|100\/100 brn|[from] item: Leftovers\n|-damage|p2a: Gastrodon|94\/100 brn|[from] brn\n|upkeep\n|turn|164\n|\n|switch|p2a: Toxapex|Toxapex, M|100\/100 brn\n|switch|p1a: Milotic|Milotic, F|100\/100\n|\n|-damage|p2a: Toxapex|94\/100 brn|[from] brn\n|upkeep\n|turn|165\n|\n|switch|p1a: Snorlax|Snorlax, F|100\/100\n|move|p2a: Toxapex|Toxic|p1a: Snorlax\n|-status|p1a: Snorlax|tox\n|\n|-damage|p2a: Toxapex|88\/100 brn|[from] brn\n|-damage|p1a: Snorlax|94\/100 tox|[from] psn\n|upkeep\n|turn|166\n|\n|switch|p2a: Corviknight|Corviknight, F|100\/100 par\n|-ability|p2a: Corviknight|Pressure\n|move|p1a: Snorlax|Rest|p1a: Snorlax\n|-status|p1a: Snorlax|slp|[from] move: Rest\n|-heal|p1a: Snorlax|100\/100 slp|[silent]\n|\n|upkeep\n|turn|167\n|\n|switch|p1a: Rotom|Rotom-Heat|56\/100\n|switch|p2a: Rotom|Rotom-Heat|40\/100\n|\n|-heal|p2a: Rotom|46\/100|[from] item: Leftovers\n|upkeep\n|turn|168\n|\n|switch|p1a: Snorlax|Snorlax, F|100\/100 slp\n|switch|p2a: Gastrodon|Gastrodon, M|94\/100 brn\n|\n|-heal|p2a: Gastrodon|100\/100 brn|[from] item: Leftovers\n|-damage|p2a: Gastrodon|94\/100 brn|[from] brn\n|upkeep\n|turn|169\n|\n|switch|p2a: Rotom|Rotom-Heat|46\/100\n|switch|p1a: Eldegoss|Eldegoss, M|87\/100\n|\n|-heal|p2a: Rotom|52\/100|[from] item: Leftovers\n|-heal|p1a: Eldegoss|93\/100|[from] item: Leftovers\n|upkeep\n|turn|170\n|\n|move|p2a: Rotom|Nasty Plot|p2a: Rotom\n|-boost|p2a: Rotom|spa|2\n|move|p1a: Eldegoss|Leech Seed|p2a: Rotom\n|-start|p2a: Rotom|move: Leech Seed\n|\n|-heal|p2a: Rotom|58\/100|[from] item: Leftovers\n|-heal|p1a: Eldegoss|99\/100|[from] item: Leftovers\n|-damage|p2a: Rotom|46\/100|[from] Leech Seed|[of] p1a: Eldegoss\n|-heal|p1a: Eldegoss|100\/100|[silent]\n|upkeep\n|turn|171\n|\n|switch|p2a: Xatu|Xatu, F|100\/100\n|switch|p1a: Snorlax|Snorlax, F|100\/100 slp\n|\n|upkeep\n|turn|172\n|\n|switch|p1a: Eldegoss|Eldegoss, M|100\/100\n|move|p2a: Xatu|Teleport|p2a: Xatu\n|\n|switch|p2a: Rotom|Rotom-Heat|46\/100|[from]move: Teleport\n|\n|-heal|p2a: Rotom|52\/100|[from] item: Leftovers\n|upkeep\n|turn|173\n|\n|switch|p2a: Xatu|Xatu, F|100\/100\n|switch|p1a: Snorlax|Snorlax, F|100\/100 slp\n|\n|upkeep\n|turn|174\n|\n|switch|p2a: Corviknight|Corviknight, F|100\/100 par\n|-ability|p2a: Corviknight|Pressure\n|switch|p1a: Milotic|Milotic, F|100\/100\n|\n|upkeep\n|turn|175\n|\n|switch|p1a: Eldegoss|Eldegoss, M|100\/100\n|switch|p2a: Gastrodon|Gastrodon, M|94\/100 brn\n|\n|-heal|p2a: Gastrodon|100\/100 brn|[from] item: Leftovers\n|-damage|p2a: Gastrodon|94\/100 brn|[from] brn\n|upkeep\n|turn|176\n|\n|switch|p1a: Milotic|Milotic, F|100\/100\n|switch|p2a: Xatu|Xatu, F|100\/100\n|\n|upkeep\n|turn|177\n|\n|switch|p2a: Toxapex|Toxapex, M|100\/100 brn\n|switch|p1a: Rotom|Rotom-Heat|56\/100\n|\n|-damage|p2a: Toxapex|94\/100 brn|[from] brn\n|upkeep\n|turn|178\n|\n|move|p1a: Rotom|Volt Switch|p2a: Toxapex\n|-supereffective|p2a: Toxapex\n|-damage|p2a: Toxapex|50\/100 brn\n|\n|switch|p1a: Snorlax|Snorlax, F|100\/100 slp|[from]move: Volt Switch\n|move|p2a: Toxapex|Toxic||[still]\n|-fail|p2a: Toxapex\n|\n|-damage|p2a: Toxapex|44\/100 brn|[from] brn\n|upkeep\n|turn|179\n|\n|switch|p2a: Corviknight|Corviknight, F|100\/100 par\n|-ability|p2a: Corviknight|Pressure\n|switch|p1a: Weezing|Weezing-Galar, F|68\/100\n|\n|upkeep\n|turn|180\n|\n|switch|p2a: Toxapex|Toxapex, M|77\/100 brn\n|move|p1a: Weezing|Flamethrower|p2a: Toxapex\n|-resisted|p2a: Toxapex\n|-damage|p2a: Toxapex|70\/100 brn\n|\n|-damage|p2a: Toxapex|64\/100 brn|[from] brn\n|upkeep\n|turn|181\n|\n|switch|p1a: Snorlax|Snorlax, F|100\/100 slp\n|switch|p2a: Gastrodon|Gastrodon, M|94\/100 brn\n|\n|-heal|p2a: Gastrodon|100\/100 brn|[from] item: Leftovers\n|-damage|p2a: Gastrodon|94\/100 brn|[from] brn\n|upkeep\n|turn|182\n|\n|switch|p2a: Corviknight|Corviknight, F|100\/100 par\n|-ability|p2a: Corviknight|Pressure\n|switch|p1a: Milotic|Milotic, F|100\/100\n|\n|upkeep\n|turn|183\n|\n|switch|p1a: Eldegoss|Eldegoss, M|100\/100\n|switch|p2a: Toxapex|Toxapex, M|97\/100 brn\n|\n|-damage|p2a: Toxapex|91\/100 brn|[from] brn\n|upkeep\n|turn|184\n|\n|switch|p1a: Milotic|Milotic, F|100\/100\n|switch|p2a: Corviknight|Corviknight, F|100\/100 par\n|-ability|p2a: Corviknight|Pressure\n|\n|upkeep\n|turn|185\n|\n|switch|p1a: Eldegoss|Eldegoss, M|100\/100\n|switch|p2a: Gastrodon|Gastrodon, M|94\/100 brn\n|\n|-heal|p2a: Gastrodon|100\/100 brn|[from] item: Leftovers\n|-damage|p2a: Gastrodon|94\/100 brn|[from] brn\n|upkeep\n|turn|186\n|\n|switch|p1a: Milotic|Milotic, F|100\/100\n|switch|p2a: Xatu|Xatu, F|100\/100\n|\n|upkeep\n|turn|187\n|\n|switch|p2a: Gastrodon|Gastrodon, M|94\/100 brn\n|move|p1a: Milotic|Ice Beam|p2a: Gastrodon\n|-damage|p2a: Gastrodon|80\/100 brn\n|\n|-heal|p2a: Gastrodon|86\/100 brn|[from] item: Leftovers\n|-damage|p2a: Gastrodon|80\/100 brn|[from] brn\n|upkeep\n|turn|188\n|\n|switch|p2a: Rotom|Rotom-Heat|52\/100\n|move|p1a: Milotic|Mirror Coat||[still]\n|-fail|p1a: Milotic\n|\n|-heal|p2a: Rotom|58\/100|[from] item: Leftovers\n|upkeep\n|turn|189\n|\n|switch|p2a: Gastrodon|Gastrodon, M|80\/100 brn\n|move|p1a: Milotic|Scald|p2a: Gastrodon\n|-ability|p2a: Gastrodon|Storm Drain|boost\n|-boost|p2a: Gastrodon|spa|1\n|\n|-heal|p2a: Gastrodon|86\/100 brn|[from] item: Leftovers\n|-damage|p2a: Gastrodon|80\/100 brn|[from] brn\n|upkeep\n|turn|190\n|\n|switch|p2a: Toxapex|Toxapex, M|100\/100 brn\n|move|p1a: Milotic|Mirror Coat||[still]\n|-fail|p1a: Milotic\n|\n|-damage|p2a: Toxapex|94\/100 brn|[from] brn\n|upkeep\n|turn|191\n|\n|switch|p1a: Snorlax|Snorlax, F|100\/100 slp\n|switch|p2a: Corviknight|Corviknight, F|100\/100 par\n|-ability|p2a: Corviknight|Pressure\n|\n|upkeep\n|turn|192\n|\n|switch|p1a: Milotic|Milotic, F|100\/100\n|switch|p2a: Rotom|Rotom-Heat|58\/100\n|\n|-heal|p2a: Rotom|64\/100|[from] item: Leftovers\n|upkeep\n|turn|193\n|\n|switch|p2a: Toxapex|Toxapex, M|100\/100 brn\n|move|p1a: Milotic|Mirror Coat||[still]\n|-fail|p1a: Milotic\n|\n|-damage|p2a: Toxapex|94\/100 brn|[from] brn\n|upkeep\n|turn|194\n|\n|switch|p1a: Weezing|Weezing-Galar, F|68\/100\n|move|p2a: Toxapex|Toxic|p1a: Weezing\n|-immune|p1a: Weezing\n|\n|-damage|p2a: Toxapex|88\/100 brn|[from] brn\n|upkeep\n|turn|195\n|\n|switch|p1a: Snorlax|Snorlax, F|100\/100 slp\n|move|p2a: Toxapex|Scald|p1a: Snorlax\n|-damage|p1a: Snorlax|93\/100 slp\n|\n|-heal|p1a: Snorlax|99\/100 slp|[from] item: Leftovers\n|-damage|p2a: Toxapex|82\/100 brn|[from] brn\n|upkeep\n|turn|196\n|\n|switch|p2a: Rotom|Rotom-Heat|64\/100\n|switch|p1a: Weezing|Weezing-Galar, F|68\/100\n|\n|-heal|p2a: Rotom|69\/100|[from] item: Leftovers\n|upkeep\n|turn|197\n|\n|move|p2a: Rotom|Discharge|p1a: Weezing\n|-damage|p1a: Weezing|28\/100\n|move|p1a: Weezing|Toxic|p2a: Rotom\n|-status|p2a: Rotom|tox\n|\n|-heal|p2a: Rotom|75\/100 tox|[from] item: Leftovers\n|-damage|p2a: Rotom|69\/100 tox|[from] psn\n|upkeep\n|turn|198\n|\n|switch|p1a: Snorlax|Snorlax, F|99\/100 slp\n|move|p2a: Rotom|Discharge|p1a: Snorlax\n|-damage|p1a: Snorlax|87\/100 slp\n|\n|-heal|p2a: Rotom|75\/100 tox|[from] item: Leftovers\n|-heal|p1a: Snorlax|93\/100 slp|[from] item: Leftovers\n|-damage|p2a: Rotom|64\/100 tox|[from] psn\n|upkeep\n|turn|199\n|\n|move|p2a: Rotom|Rest|p2a: Rotom\n|-status|p2a: Rotom|slp|[from] move: Rest\n|-heal|p2a: Rotom|100\/100 slp|[silent]\n|cant|p1a: Snorlax|slp\n|\n|-heal|p1a: Snorlax|99\/100 slp|[from] item: Leftovers\n|upkeep\n|turn|200\n|\n|cant|p2a: Rotom|slp\n|cant|p1a: Snorlax|slp\n|\n|-heal|p1a: Snorlax|100\/100 slp|[from] item: Leftovers\n|upkeep\n|turn|201\n|inactive|Vodyne has 60 seconds left.\n|\n|switch|p2a: Gastrodon|Gastrodon, M|80\/100 brn\n|switch|p1a: Rotom|Rotom-Heat|56\/100\n|\n|-heal|p2a: Gastrodon|86\/100 brn|[from] item: Leftovers\n|-damage|p2a: Gastrodon|80\/100 brn|[from] brn\n|upkeep\n|turn|202\n|\n|switch|p1a: Milotic|Milotic, F|100\/100\n|move|p2a: Gastrodon|Scald|p1a: Milotic\n|-resisted|p1a: Milotic\n|-damage|p1a: Milotic|91\/100\n|\n|-heal|p1a: Milotic|97\/100|[from] item: Leftovers\n|-heal|p2a: Gastrodon|86\/100 brn|[from] item: Leftovers\n|-damage|p2a: Gastrodon|80\/100 brn|[from] brn\n|upkeep\n|turn|203\n|inactive|Vodyne has 60 seconds left.\n|\n|switch|p1a: Eldegoss|Eldegoss, M|100\/100\n|move|p2a: Gastrodon|Scald|p1a: Eldegoss\n|-resisted|p1a: Eldegoss\n|-damage|p1a: Eldegoss|89\/100\n|-ability|p1a: Eldegoss|Cotton Down\n|-unboost|p2a: Gastrodon|spe|1\n|\n|-heal|p1a: Eldegoss|95\/100|[from] item: Leftovers\n|-heal|p2a: Gastrodon|86\/100 brn|[from] item: Leftovers\n|-damage|p2a: Gastrodon|80\/100 brn|[from] brn\n|upkeep\n|turn|204\n|\n|switch|p2a: Xatu|Xatu, F|100\/100\n|move|p1a: Eldegoss|Giga Drain|p2a: Xatu\n|-resisted|p2a: Xatu\n|-damage|p2a: Xatu|86\/100\n|-heal|p1a: Eldegoss|100\/100|[from] drain|[of] p2a: Xatu\n|\n|-heal|p2a: Xatu|92\/100|[from] item: Leftovers\n|upkeep\n|turn|205\n|\n|switch|p1a: Milotic|Milotic, F|97\/100\n|move|p2a: Xatu|Teleport|p2a: Xatu\n|\n|switch|p2a: Rotom|Rotom-Heat|100\/100 slp|[from]move: Teleport\n|\n|-heal|p1a: Milotic|100\/100|[from] item: Leftovers\n|upkeep\n|turn|206\n|\n|switch|p2a: Gastrodon|Gastrodon, M|80\/100 brn\n|move|p1a: Milotic|Scald|p2a: Gastrodon\n|-ability|p2a: Gastrodon|Storm Drain|boost\n|-boost|p2a: Gastrodon|spa|1\n|\n|-heal|p2a: Gastrodon|86\/100 brn|[from] item: Leftovers\n|-damage|p2a: Gastrodon|80\/100 brn|[from] brn\n|upkeep\n|turn|207\n|\n|switch|p2a: Corviknight|Corviknight, F|100\/100 par\n|-ability|p2a: Corviknight|Pressure\n|move|p1a: Milotic|Mirror Coat||[still]\n|-fail|p1a: Milotic\n|\n|upkeep\n|turn|208\n|\n|switch|p1a: Rotom|Rotom-Heat|56\/100\n|switch|p2a: Toxapex|Toxapex, M|100\/100 brn\n|\n|-damage|p2a: Toxapex|94\/100 brn|[from] brn\n|upkeep\n|turn|209\n|\n|switch|p2a: Gastrodon|Gastrodon, M|80\/100 brn\n|move|p1a: Rotom|Volt Switch|p2a: Gastrodon\n|-immune|p2a: Gastrodon\n|\n|-heal|p2a: Gastrodon|86\/100 brn|[from] item: Leftovers\n|-damage|p2a: Gastrodon|80\/100 brn|[from] brn\n|upkeep\n|turn|210\n|\n|switch|p1a: Milotic|Milotic, F|100\/100\n|move|p2a: Gastrodon|Scald|p1a: Milotic\n|-resisted|p1a: Milotic\n|-damage|p1a: Milotic|90\/100\n|-status|p1a: Milotic|brn\n|\n|-heal|p1a: Milotic|97\/100 brn|[from] item: Leftovers\n|-heal|p2a: Gastrodon|86\/100 brn|[from] item: Leftovers\n|-damage|p1a: Milotic|90\/100 brn|[from] brn\n|-damage|p2a: Gastrodon|80\/100 brn|[from] brn\n|upkeep\n|turn|211\n|\n|switch|p1a: Eldegoss|Eldegoss, M|100\/100\n|switch|p2a: Toxapex|Toxapex, M|100\/100 brn\n|\n|-damage|p2a: Toxapex|94\/100 brn|[from] brn\n|upkeep\n|turn|212\n|inactive|Jdjjjsjs has 120 seconds left.\n|\n|switch|p1a: Milotic|Milotic, F|90\/100 brn\n|switch|p2a: Corviknight|Corviknight, F|100\/100 par\n|-ability|p2a: Corviknight|Pressure\n|\n|-heal|p1a: Milotic|97\/100 brn|[from] item: Leftovers\n|-damage|p1a: Milotic|90\/100 brn|[from] brn\n|upkeep\n|turn|213\n|inactive|Jdjjjsjs has 120 seconds left.\n|\n|switch|p1a: Weezing|Weezing-Galar, F|28\/100\n|move|p2a: Corviknight|Taunt|p1a: Weezing\n|-start|p1a: Weezing|move: Taunt\n|\n|upkeep\n|turn|214\n|inactive|Vodyne has 30 seconds left.\n|\n|switch|p1a: Eldegoss|Eldegoss, M|100\/100\n|switch|p2a: Rotom|Rotom-Heat|100\/100 slp\n|\n|upkeep\n|turn|215\n|inactive|Vodyne has 30 seconds left.\n|inactive|Jdjjjsjs has 120 seconds left.\n|\n|cant|p2a: Rotom|slp\n|move|p1a: Eldegoss|Leech Seed|p2a: Rotom\n|-start|p2a: Rotom|move: Leech Seed\n|\n|-damage|p2a: Rotom|88\/100 slp|[from] Leech Seed|[of] p1a: Eldegoss\n|upkeep\n|turn|216\n|inactive|Vodyne has 30 seconds left this turn.\n|\n|switch|p2a: Xatu|Xatu, F|92\/100\n|switch|p1a: Snorlax|Snorlax, F|100\/100 slp\n|\n|-heal|p2a: Xatu|98\/100|[from] item: Leftovers\n|upkeep\n|turn|217\n|inactive|Vodyne has 30 seconds left this turn.\n|\n|switch|p2a: Toxapex|Toxapex, M|100\/100 brn\n|switch|p1a: Eldegoss|Eldegoss, M|100\/100\n|\n|-damage|p2a: Toxapex|94\/100 brn|[from] brn\n|upkeep\n|turn|218\n|inactive|Vodyne has 25 seconds left this turn.\n|\n|switch|p1a: Milotic|Milotic, F|90\/100 brn\n|switch|p2a: Corviknight|Corviknight, F|100\/100 par\n|-ability|p2a: Corviknight|Pressure\n|\n|-heal|p1a: Milotic|97\/100 brn|[from] item: Leftovers\n|-damage|p1a: Milotic|90\/100 brn|[from] brn\n|upkeep\n|turn|219\n|inactive|Vodyne has 30 seconds left this turn.\n|\n|switch|p1a: Eldegoss|Eldegoss, M|100\/100\n|cant|p2a: Corviknight|par\n|\n|upkeep\n|turn|220\n|inactive|Vodyne has 25 seconds left this turn.\n|inactive|Vodyne has 20 seconds left.\n|\n|switch|p1a: Milotic|Milotic, F|90\/100 brn\n|move|p2a: Corviknight|Taunt|p1a: Milotic\n|-start|p1a: Milotic|move: Taunt\n|\n|-heal|p1a: Milotic|97\/100 brn|[from] item: Leftovers\n|-damage|p1a: Milotic|90\/100 brn|[from] brn\n|upkeep\n|turn|221\n|inactive|Vodyne has 25 seconds left this turn.\n|inactive|Vodyne has 20 seconds left.\n|\n|switch|p1a: Eldegoss|Eldegoss, M|100\/100\n|move|p2a: Corviknight|Body Press|p1a: Eldegoss\n|-damage|p1a: Eldegoss|79\/100\n|-ability|p1a: Eldegoss|Cotton Down\n|-unboost|p2a: Corviknight|spe|1\n|\n|-heal|p1a: Eldegoss|85\/100|[from] item: Leftovers\n|upkeep\n|turn|222\n|inactive|Vodyne has 20 seconds left this turn.\n|\n|switch|p1a: Milotic|Milotic, F|90\/100 brn\n|move|p2a: Corviknight|Body Press|p1a: Milotic\n|-damage|p1a: Milotic|68\/100 brn\n|\n|-heal|p1a: Milotic|74\/100 brn|[from] item: Leftovers\n|-damage|p1a: Milotic|68\/100 brn|[from] brn\n|upkeep\n|turn|223\n|inactive|Vodyne has 25 seconds left this turn.\n|inactive|Vodyne has 20 seconds left.\n|\n|switch|p1a: Weezing|Weezing-Galar, F|28\/100\n|move|p2a: Corviknight|Taunt|p1a: Weezing\n|-start|p1a: Weezing|move: Taunt\n|\n|upkeep\n|turn|224\n|inactive|Vodyne has 20 seconds left this turn.\n|inactive|Jdjjjsjs has 90 seconds left.\n|\n|switch|p1a: Eldegoss|Eldegoss, M|85\/100\n|switch|p2a: Toxapex|Toxapex, M|100\/100 brn\n|\n|-heal|p1a: Eldegoss|91\/100|[from] item: Leftovers\n|-damage|p2a: Toxapex|94\/100 brn|[from] brn\n|upkeep\n|turn|225\n|inactive|Vodyne has 25 seconds left this turn.\n|\n|switch|p1a: Milotic|Milotic, F|68\/100 brn\n|switch|p2a: Xatu|Xatu, F|98\/100\n|\n|-heal|p2a: Xatu|100\/100|[from] item: Leftovers\n|-heal|p1a: Milotic|74\/100 brn|[from] item: Leftovers\n|-damage|p1a: Milotic|68\/100 brn|[from] brn\n|upkeep\n|turn|226\n|inactive|Vodyne has 25 seconds left this turn.\n|inactive|Vodyne has 20 seconds left.\n|inactive|Jdjjjsjs has 90 seconds left.\n|\n|switch|p2a: Corviknight|Corviknight, F|100\/100 par\n|-ability|p2a: Corviknight|Pressure\n|switch|p1a: Snorlax|Snorlax, F|100\/100 slp\n|\n|upkeep\n|turn|227\n|inactive|Vodyne has 25 seconds left this turn.\n|inactive|Jdjjjsjs has 90 seconds left.\n|\n|switch|p1a: Milotic|Milotic, F|68\/100 brn\n|switch|p2a: Gastrodon|Gastrodon, M|80\/100 brn\n|\n|-heal|p1a: Milotic|74\/100 brn|[from] item: Leftovers\n|-heal|p2a: Gastrodon|86\/100 brn|[from] item: Leftovers\n|-damage|p1a: Milotic|68\/100 brn|[from] brn\n|-damage|p2a: Gastrodon|80\/100 brn|[from] brn\n|upkeep\n|turn|228\n|inactive|Vodyne has 25 seconds left this turn.\n|\n|switch|p1a: Eldegoss|Eldegoss, M|91\/100\n|switch|p2a: Toxapex|Toxapex, M|100\/100 brn\n|\n|-heal|p1a: Eldegoss|97\/100|[from] item: Leftovers\n|-damage|p2a: Toxapex|94\/100 brn|[from] brn\n|upkeep\n|turn|229\n|inactive|Vodyne has 30 seconds left this turn.\n|\n|switch|p1a: Milotic|Milotic, F|68\/100 brn\n|switch|p2a: Xatu|Xatu, F|100\/100\n|\n|-heal|p1a: Milotic|74\/100 brn|[from] item: Leftovers\n|-damage|p1a: Milotic|68\/100 brn|[from] brn\n|upkeep\n|turn|230\n|inactive|Vodyne has 30 seconds left this turn.\n|\n|switch|p2a: Sylveon|Sylveon, F|100\/100\n|switch|p1a: Eldegoss|Eldegoss, M|97\/100\n|\n|-heal|p1a: Eldegoss|100\/100|[from] item: Leftovers\n|upkeep\n|turn|231\n|inactive|Vodyne has 30 seconds left this turn.\n|\n|switch|p1a: Snorlax|Snorlax, F|100\/100 slp\n|move|p2a: Sylveon|Protect||[still]\n|-fail|p2a: Sylveon\n|\n|upkeep\n|turn|232\n|inactive|Vodyne has 30 seconds left this turn.\n|\n|switch|p2a: Gastrodon|Gastrodon, M|80\/100 brn\n|switch|p1a: Eldegoss|Eldegoss, M|100\/100\n|\n|-heal|p2a: Gastrodon|86\/100 brn|[from] item: Leftovers\n|-damage|p2a: Gastrodon|80\/100 brn|[from] brn\n|upkeep\n|turn|233\n|\n|switch|p1a: Snorlax|Snorlax, F|100\/100 slp\n|switch|p2a: Xatu|Xatu, F|100\/100\n|\n|upkeep\n|turn|234\n|\n|switch|p1a: Eldegoss|Eldegoss, M|100\/100\n|move|p2a: Xatu|Teleport|p2a: Xatu\n|\n|switch|p2a: Sylveon|Sylveon, F|100\/100|[from]move: Teleport\n|\n|upkeep\n|turn|235\n|\n|switch|p2a: Corviknight|Corviknight, F|100\/100 par\n|-ability|p2a: Corviknight|Pressure\n|move|p1a: Eldegoss|Leech Seed|p2a: Corviknight\n|-start|p2a: Corviknight|move: Leech Seed\n|\n|-damage|p2a: Corviknight|88\/100 par|[from] Leech Seed|[of] p1a: Eldegoss\n|upkeep\n|turn|236\n|\n|switch|p1a: Weezing|Weezing-Galar, F|28\/100\n|switch|p2a: Xatu|Xatu, F|100\/100\n|\n|upkeep\n|turn|237\n|\n|switch|p1a: Milotic|Milotic, F|68\/100 brn\n|move|p2a: Xatu|Psychic|p1a: Milotic\n|-damage|p1a: Milotic|47\/100 brn\n|\n|-heal|p1a: Milotic|53\/100 brn|[from] item: Leftovers\n|-damage|p1a: Milotic|47\/100 brn|[from] brn\n|upkeep\n|turn|238\n|\n|switch|p2a: Toxapex|Toxapex, M|100\/100 brn\n|move|p1a: Milotic|Recover|p1a: Milotic\n|-heal|p1a: Milotic|97\/100 brn\n|\n|-heal|p1a: Milotic|100\/100 brn|[from] item: Leftovers\n|-damage|p1a: Milotic|94\/100 brn|[from] brn\n|-damage|p2a: Toxapex|94\/100 brn|[from] brn\n|upkeep\n|turn|239\n|\n|switch|p1a: Snorlax|Snorlax, F|100\/100 slp\n|switch|p2a: Gastrodon|Gastrodon, M|80\/100 brn\n|\n|-heal|p2a: Gastrodon|86\/100 brn|[from] item: Leftovers\n|-damage|p2a: Gastrodon|80\/100 brn|[from] brn\n|upkeep\n|turn|240\n|\n|switch|p1a: Eldegoss|Eldegoss, M|100\/100\n|move|p2a: Gastrodon|Earth Power|p1a: Eldegoss\n|-resisted|p1a: Eldegoss\n|-damage|p1a: Eldegoss|87\/100\n|-ability|p1a: Eldegoss|Cotton Down\n|-unboost|p2a: Gastrodon|spe|1\n|\n|-heal|p1a: Eldegoss|93\/100|[from] item: Leftovers\n|-heal|p2a: Gastrodon|86\/100 brn|[from] item: Leftovers\n|-damage|p2a: Gastrodon|80\/100 brn|[from] brn\n|upkeep\n|turn|241\n|\n|switch|p2a: Xatu|Xatu, F|100\/100\n|move|p1a: Eldegoss|Giga Drain|p2a: Xatu\n|-resisted|p2a: Xatu\n|-damage|p2a: Xatu|86\/100\n|-heal|p1a: Eldegoss|99\/100|[from] drain|[of] p2a: Xatu\n|\n|-heal|p2a: Xatu|92\/100|[from] item: Leftovers\n|-heal|p1a: Eldegoss|100\/100|[from] item: Leftovers\n|upkeep\n|turn|242\n|\n|switch|p1a: Snorlax|Snorlax, F|100\/100 slp\n|move|p2a: Xatu|Teleport|p2a: Xatu\n|inactive|Jdjjjsjs has 60 seconds left.\n|\n|switch|p2a: Rotom|Rotom-Heat|88\/100 slp|[from]move: Teleport\n|\n|-heal|p2a: Rotom|94\/100 slp|[from] item: Leftovers\n|upkeep\n|turn|243\n|\n|switch|p1a: Rotom|Rotom-Heat|56\/100\n|-curestatus|p2a: Rotom|slp|[msg]\n|move|p2a: Rotom|Nasty Plot|p2a: Rotom\n|-boost|p2a: Rotom|spa|2\n|\n|-heal|p2a: Rotom|99\/100|[from] item: Leftovers\n|upkeep\n|turn|244\n|\n|move|p1a: Rotom|Nasty Plot|p1a: Rotom\n|-boost|p1a: Rotom|spa|2\n|move|p2a: Rotom|Discharge|p1a: Rotom\n|-resisted|p1a: Rotom\n|-damage|p1a: Rotom|24\/100\n|\n|-heal|p2a: Rotom|100\/100|[from] item: Leftovers\n|upkeep\n|turn|245\n|\n|move|p1a: Rotom|Overheat|p2a: Rotom\n|-resisted|p2a: Rotom\n|-damage|p2a: Rotom|55\/100\n|-unboost|p1a: Rotom|spa|2\n|move|p2a: Rotom|Discharge|p1a: Rotom\n|-resisted|p1a: Rotom\n|-damage|p1a: Rotom|0 fnt\n|faint|p1a: Rotom\n|\n|-heal|p2a: Rotom|61\/100|[from] item: Leftovers\n|upkeep\n|\n|switch|p1a: Milotic|Milotic, F|94\/100 brn\n|turn|246\n|\n|switch|p2a: Toxapex|Toxapex, M|100\/100 brn\n|move|p1a: Milotic|Scald|p2a: Toxapex\n|-resisted|p2a: Toxapex\n|-damage|p2a: Toxapex|90\/100 brn\n|\n|-heal|p1a: Milotic|100\/100 brn|[from] item: Leftovers\n|-damage|p1a: Milotic|94\/100 brn|[from] brn\n|-damage|p2a: Toxapex|83\/100 brn|[from] brn\n|upkeep\n|turn|247\n|\n|switch|p1a: Snorlax|Snorlax, F|100\/100 slp\n|switch|p2a: Gastrodon|Gastrodon, M|80\/100 brn\n|\n|-heal|p2a: Gastrodon|86\/100 brn|[from] item: Leftovers\n|-damage|p2a: Gastrodon|80\/100 brn|[from] brn\n|upkeep\n|turn|248\n|\n|switch|p2a: Corviknight|Corviknight, F|88\/100 par\n|-ability|p2a: Corviknight|Pressure\n|switch|p1a: Milotic|Milotic, F|94\/100 brn\n|\n|-heal|p1a: Milotic|100\/100 brn|[from] item: Leftovers\n|-heal|p2a: Corviknight|94\/100 par|[from] item: Leftovers\n|-damage|p1a: Milotic|94\/100 brn|[from] brn\n|upkeep\n|turn|249\n|\n|switch|p1a: Snorlax|Snorlax, F|100\/100 slp\n|move|p2a: Corviknight|Taunt|p1a: Snorlax\n|-start|p1a: Snorlax|move: Taunt\n|\n|-heal|p2a: Corviknight|100\/100 par|[from] item: Leftovers\n|upkeep\n|turn|250\n|\n|switch|p1a: Milotic|Milotic, F|94\/100 brn\n|switch|p2a: Rotom|Rotom-Heat|61\/100\n|\n|-heal|p1a: Milotic|100\/100 brn|[from] item: Leftovers\n|-heal|p2a: Rotom|67\/100|[from] item: Leftovers\n|-damage|p1a: Milotic|94\/100 brn|[from] brn\n|upkeep\n|turn|251\n|\n|move|p1a: Milotic|Scald|p2a: Rotom\n|-supereffective|p2a: Rotom\n|-damage|p2a: Rotom|9\/100\n|move|p2a: Rotom|Discharge|p1a: Milotic\n|-supereffective|p1a: Milotic\n|-damage|p1a: Milotic|54\/100 brn\n|\n|-heal|p1a: Milotic|60\/100 brn|[from] item: Leftovers\n|-heal|p2a: Rotom|15\/100|[from] item: Leftovers\n|-damage|p1a: Milotic|54\/100 brn|[from] brn\n|upkeep\n|turn|252\n|\n|switch|p2a: Gastrodon|Gastrodon, M|80\/100 brn\n|move|p1a: Milotic|Scald|p2a: Gastrodon\n|-ability|p2a: Gastrodon|Storm Drain|boost\n|-boost|p2a: Gastrodon|spa|1\n|\n|-heal|p1a: Milotic|60\/100 brn|[from] item: Leftovers\n|-heal|p2a: Gastrodon|86\/100 brn|[from] item: Leftovers\n|-damage|p1a: Milotic|54\/100 brn|[from] brn\n|-damage|p2a: Gastrodon|80\/100 brn|[from] brn\n|upkeep\n|turn|253\n|\n|switch|p1a: Eldegoss|Eldegoss, M|100\/100\n|switch|p2a: Rotom|Rotom-Heat|15\/100\n|\n|-heal|p2a: Rotom|21\/100|[from] item: Leftovers\n|upkeep\n|turn|254\n|\n|switch|p1a: Snorlax|Snorlax, F|100\/100 slp\n|move|p2a: Rotom|Rest|p2a: Rotom\n|-status|p2a: Rotom|slp|[from] move: Rest\n|-heal|p2a: Rotom|100\/100 slp|[silent]\n|\n|upkeep\n|turn|255\n|inactive|Jdjjjsjs has 30 seconds left.\n|\n|switch|p2a: Gastrodon|Gastrodon, M|80\/100 brn\n|switch|p1a: Milotic|Milotic, F|54\/100 brn\n|\n|-heal|p1a: Milotic|60\/100 brn|[from] item: Leftovers\n|-heal|p2a: Gastrodon|86\/100 brn|[from] item: Leftovers\n|-damage|p1a: Milotic|54\/100 brn|[from] brn\n|-damage|p2a: Gastrodon|80\/100 brn|[from] brn\n|upkeep\n|turn|256\n|inactive|Jdjjjsjs has 30 seconds left.\n|\n|switch|p1a: Eldegoss|Eldegoss, M|100\/100\n|switch|p2a: Sylveon|Sylveon, F|100\/100\n|\n|upkeep\n|turn|257\n|inactive|Jdjjjsjs has 25 seconds left this turn.\n|inactive|Jdjjjsjs has 20 seconds left.\n|\n|switch|p1a: Snorlax|Snorlax, F|100\/100 slp\n|switch|p2a: Rotom|Rotom-Heat|100\/100 slp\n|\n|upkeep\n|turn|258\n|inactive|Jdjjjsjs has 25 seconds left this turn.\n|\n|cant|p2a: Rotom|slp\n|-curestatus|p1a: Snorlax|slp|[msg]\n|move|p1a: Snorlax|Curse|p1a: Snorlax\n|-unboost|p1a: Snorlax|spe|1\n|-boost|p1a: Snorlax|atk|1\n|-boost|p1a: Snorlax|def|1\n|\n|upkeep\n|turn|259\n|inactive|Jdjjjsjs has 25 seconds left this turn.\n|inactive|Jdjjjsjs has 20 seconds left.\n|inactive|Jdjjjsjs has 15 seconds left.\n|\n|switch|p2a: Toxapex|Toxapex, M|100\/100 brn\n|move|p1a: Snorlax|Body Slam|p2a: Toxapex\n|-damage|p2a: Toxapex|70\/100 brn\n|\n|-damage|p2a: Toxapex|64\/100 brn|[from] brn\n|upkeep\n|turn|260\n|inactive|Jdjjjsjs has 20 seconds left this turn.\n|inactive|Jdjjjsjs has 15 seconds left.\n|\n|move|p2a: Toxapex|Toxic|p1a: Snorlax\n|-status|p1a: Snorlax|tox\n|move|p1a: Snorlax|Body Slam|p2a: Toxapex\n|-damage|p2a: Toxapex|37\/100 brn\n|\n|-damage|p2a: Toxapex|31\/100 brn|[from] brn\n|-damage|p1a: Snorlax|94\/100 tox|[from] psn\n|upkeep\n|turn|261\n|inactive|Jdjjjsjs has 15 seconds left this turn.\n|inactive|Jdjjjsjs has 10 seconds left.\n|\n|move|p2a: Toxapex|Recover|p2a: Toxapex\n|-heal|p2a: Toxapex|81\/100 brn\n|move|p1a: Snorlax|Body Slam|p2a: Toxapex\n|-damage|p2a: Toxapex|53\/100 brn\n|\n|-heal|p1a: Snorlax|100\/100 tox|[from] item: Leftovers\n|-damage|p2a: Toxapex|47\/100 brn|[from] brn\n|-damage|p1a: Snorlax|88\/100 tox|[from] psn\n|upkeep\n|turn|262\n|inactive|Jdjjjsjs has 15 seconds left this turn.\n|\n|move|p2a: Toxapex|Recover|p2a: Toxapex\n|-heal|p2a: Toxapex|97\/100 brn\n|move|p1a: Snorlax|Body Slam|p2a: Toxapex\n|-damage|p2a: Toxapex|69\/100 brn\n|\n|-heal|p1a: Snorlax|94\/100 tox|[from] item: Leftovers\n|-damage|p2a: Toxapex|63\/100 brn|[from] brn\n|-damage|p1a: Snorlax|76\/100 tox|[from] psn\n|upkeep\n|turn|263\n|inactive|Jdjjjsjs has 15 seconds left this turn.\n|\n|switch|p2a: Corviknight|Corviknight, F|100\/100 par\n|-ability|p2a: Corviknight|Pressure\n|move|p1a: Snorlax|Rest|p1a: Snorlax\n|-status|p1a: Snorlax|slp|[from] move: Rest\n|-heal|p1a: Snorlax|100\/100 slp|[silent]\n|\n|upkeep\n|turn|264\n|inactive|Jdjjjsjs has 20 seconds left this turn.\n|inactive|Jdjjjsjs has 15 seconds left.\n|\n|cant|p1a: Snorlax|slp\n|move|p2a: Corviknight|Roost||[still]\n|-fail|p2a: Corviknight|heal\n|\n|upkeep\n|turn|265\n|inactive|Jdjjjsjs has 15 seconds left this turn.\n|\n|switch|p2a: Gastrodon|Gastrodon, M|80\/100 brn\n|cant|p1a: Snorlax|slp\n|\n|-heal|p2a: Gastrodon|86\/100 brn|[from] item: Leftovers\n|-damage|p2a: Gastrodon|80\/100 brn|[from] brn\n|upkeep\n|turn|266\n|inactive|Jdjjjsjs has 20 seconds left this turn.\n|\n|move|p2a: Gastrodon|Clear Smog|p1a: Snorlax\n|-damage|p1a: Snorlax|96\/100 slp\n|-clearboost|p1a: Snorlax\n|-curestatus|p1a: Snorlax|slp|[msg]\n|move|p1a: Snorlax|Body Slam|p2a: Gastrodon\n|-damage|p2a: Gastrodon|45\/100 brn\n|\n|-heal|p2a: Gastrodon|51\/100 brn|[from] item: Leftovers\n|-heal|p1a: Snorlax|100\/100|[from] item: Leftovers\n|-damage|p2a: Gastrodon|45\/100 brn|[from] brn\n|upkeep\n|turn|267\n|inactive|Jdjjjsjs has 20 seconds left this turn.\n|inactive|Jdjjjsjs has 15 seconds left.\n|\n|move|p2a: Gastrodon|Recover|p2a: Gastrodon\n|-heal|p2a: Gastrodon|95\/100 brn\n|move|p1a: Snorlax|Body Slam|p2a: Gastrodon\n|-damage|p2a: Gastrodon|62\/100 brn\n|\n|-heal|p2a: Gastrodon|68\/100 brn|[from] item: Leftovers\n|-damage|p2a: Gastrodon|62\/100 brn|[from] brn\n|upkeep\n|turn|268\n|inactive|Jdjjjsjs has 20 seconds left this turn.\n|inactive|Jdjjjsjs has 15 seconds left.\n|\n|switch|p2a: Toxapex|Toxapex, M|96\/100 brn\n|move|p1a: Snorlax|Darkest Lariat|p2a: Toxapex\n|-damage|p2a: Toxapex|84\/100 brn\n|\n|-damage|p2a: Toxapex|78\/100 brn|[from] brn\n|upkeep\n|turn|269\n|inactive|Jdjjjsjs has 15 seconds left this turn.\n|\n|switch|p1a: Eldegoss|Eldegoss, M|100\/100\n|move|p2a: Toxapex|Toxic|p1a: Eldegoss\n|-status|p1a: Eldegoss|tox\n|\n|-damage|p1a: Eldegoss|94\/100 tox|[from] psn\n|-damage|p2a: Toxapex|72\/100 brn|[from] brn\n|upkeep\n|turn|270\n|inactive|Jdjjjsjs has 20 seconds left this turn.\n|\n|switch|p1a: Milotic|Milotic, F|54\/100 brn\n|switch|p2a: Xatu|Xatu, F|92\/100\n|\n|-heal|p2a: Xatu|98\/100|[from] item: Leftovers\n|-heal|p1a: Milotic|60\/100 brn|[from] item: Leftovers\n|-damage|p1a: Milotic|54\/100 brn|[from] brn\n|upkeep\n|turn|271\n|inactive|Jdjjjsjs has 20 seconds left this turn.\n|inactive|Jdjjjsjs has 15 seconds left.\n|\n|switch|p2a: Sylveon|Sylveon, F|100\/100\n|switch|p1a: Snorlax|Snorlax, F|100\/100\n|\n|upkeep\n|turn|272\n|inactive|Jdjjjsjs has 20 seconds left this turn.\n|inactive|Jdjjjsjs has 15 seconds left.\n|\n|switch|p2a: Toxapex|Toxapex, M|100\/100 brn\n|switch|p1a: Milotic|Milotic, F|54\/100 brn\n|\n|-heal|p1a: Milotic|60\/100 brn|[from] item: Leftovers\n|-damage|p1a: Milotic|54\/100 brn|[from] brn\n|-damage|p2a: Toxapex|94\/100 brn|[from] brn\n|upkeep\n|turn|273\n|inactive|Jdjjjsjs has 15 seconds left this turn.\n|\n|switch|p2a: Gastrodon|Gastrodon, M|62\/100 brn\n|move|p1a: Milotic|Recover|p1a: Milotic\n|-heal|p1a: Milotic|100\/100 brn\n|\n|-heal|p2a: Gastrodon|68\/100 brn|[from] item: Leftovers\n|-damage|p1a: Milotic|94\/100 brn|[from] brn\n|-damage|p2a: Gastrodon|62\/100 brn|[from] brn\n|upkeep\n|turn|274\n|inactive|Jdjjjsjs has 20 seconds left this turn.\n|\n|switch|p1a: Snorlax|Snorlax, F|100\/100\n|move|p2a: Gastrodon|Recover|p2a: Gastrodon\n|-heal|p2a: Gastrodon|100\/100 brn\n|\n|-damage|p2a: Gastrodon|94\/100 brn|[from] brn\n|upkeep\n|turn|275\n|inactive|Jdjjjsjs has 20 seconds left this turn.\n|\n|switch|p2a: Corviknight|Corviknight, F|100\/100 par\n|-ability|p2a: Corviknight|Pressure\n|switch|p1a: Eldegoss|Eldegoss, M|94\/100 tox\n|\n|-heal|p1a: Eldegoss|100\/100 tox|[from] item: Leftovers\n|-damage|p1a: Eldegoss|94\/100 tox|[from] psn\n|upkeep\n|turn|276\n|inactive|Jdjjjsjs has 25 seconds left this turn.\n|\n|switch|p1a: Milotic|Milotic, F|94\/100 brn\n|switch|p2a: Xatu|Xatu, F|98\/100\n|\n|-heal|p2a: Xatu|100\/100|[from] item: Leftovers\n|-heal|p1a: Milotic|100\/100 brn|[from] item: Leftovers\n|-damage|p1a: Milotic|94\/100 brn|[from] brn\n|upkeep\n|turn|277\n|inactive|Jdjjjsjs has 25 seconds left this turn.\n|\n|switch|p2a: Toxapex|Toxapex, M|100\/100 brn\n|switch|p1a: Snorlax|Snorlax, F|100\/100\n|\n|-damage|p2a: Toxapex|94\/100 brn|[from] brn\n|upkeep\n|turn|278\n|inactive|Jdjjjsjs has 30 seconds left this turn.\n|\n|switch|p1a: Eldegoss|Eldegoss, M|94\/100 tox\n|move|p2a: Toxapex|Scald|p1a: Eldegoss\n|-resisted|p1a: Eldegoss\n|-crit|p1a: Eldegoss\n|-damage|p1a: Eldegoss|83\/100 tox\n|-ability|p1a: Eldegoss|Cotton Down\n|-unboost|p2a: Toxapex|spe|1\n|\n|-heal|p1a: Eldegoss|89\/100 tox|[from] item: Leftovers\n|-damage|p1a: Eldegoss|83\/100 tox|[from] psn\n|-damage|p2a: Toxapex|88\/100 brn|[from] brn\n|upkeep\n|turn|279\n|inactive|Jdjjjsjs has 25 seconds left this turn.\n|\n|switch|p1a: Snorlax|Snorlax, F|100\/100\n|switch|p2a: Xatu|Xatu, F|100\/100\n|\n|upkeep\n|turn|280\n|inactive|Jdjjjsjs has 30 seconds left this turn.\n|\n|switch|p2a: Gastrodon|Gastrodon, M|94\/100 brn\n|switch|p1a: Milotic|Milotic, F|94\/100 brn\n|\n|-heal|p1a: Milotic|100\/100 brn|[from] item: Leftovers\n|-heal|p2a: Gastrodon|100\/100 brn|[from] item: Leftovers\n|-damage|p1a: Milotic|94\/100 brn|[from] brn\n|-damage|p2a: Gastrodon|94\/100 brn|[from] brn\n|upkeep\n|turn|281\n|inactive|Jdjjjsjs has 25 seconds left this turn.\n|inactive|Jdjjjsjs has 20 seconds left.\n|\n|switch|p1a: Eldegoss|Eldegoss, M|83\/100 tox\n|switch|p2a: Corviknight|Corviknight, F|100\/100 par\n|-ability|p2a: Corviknight|Pressure\n|\n|-heal|p1a: Eldegoss|89\/100 tox|[from] item: Leftovers\n|-damage|p1a: Eldegoss|83\/100 tox|[from] psn\n|upkeep\n|turn|282\n|inactive|Jdjjjsjs has 25 seconds left this turn.\n|\n|switch|p1a: Snorlax|Snorlax, F|100\/100\n|move|p2a: Corviknight|Taunt|p1a: Snorlax\n|-start|p1a: Snorlax|move: Taunt\n|\n|upkeep\n|turn|283\n|inactive|Jdjjjsjs has 25 seconds left this turn.\n|\n|switch|p1a: Weezing|Weezing-Galar, F|28\/100\n|cant|p2a: Corviknight|par\n|\n|upkeep\n|turn|284\n|inactive|Jdjjjsjs has 30 seconds left this turn.\n|\n|switch|p1a: Snorlax|Snorlax, F|100\/100\n|switch|p2a: Toxapex|Toxapex, M|100\/100 brn\n|\n|-damage|p2a: Toxapex|94\/100 brn|[from] brn\n|upkeep\n|turn|285\n|inactive|Jdjjjsjs has 25 seconds left this turn.\n|\n|switch|p2a: Corviknight|Corviknight, F|100\/100 par\n|-ability|p2a: Corviknight|Pressure\n|switch|p1a: Eldegoss|Eldegoss, M|83\/100 tox\n|\n|-heal|p1a: Eldegoss|89\/100 tox|[from] item: Leftovers\n|-damage|p1a: Eldegoss|83\/100 tox|[from] psn\n|upkeep\n|turn|286\n|inactive|Jdjjjsjs has 30 seconds left this turn.\n|\n|switch|p1a: Weezing|Weezing-Galar, F|28\/100\n|switch|p2a: Xatu|Xatu, F|100\/100\n|\n|upkeep\n|turn|287\n|inactive|Jdjjjsjs has 30 seconds left this turn.\n|\n|switch|p1a: Snorlax|Snorlax, F|100\/100\n|move|p2a: Xatu|Teleport|p2a: Xatu\n|inactive|Jdjjjsjs has 30 seconds left.\n|\n|switch|p2a: Toxapex|Toxapex, M|100\/100 brn|[from]move: Teleport\n|\n|-damage|p2a: Toxapex|94\/100 brn|[from] brn\n|upkeep\n|turn|288\n|inactive|Jdjjjsjs has 30 seconds left this turn.\n|\n|switch|p1a: Milotic|Milotic, F|94\/100 brn\n|move|p2a: Toxapex|Scald|p1a: Milotic\n|-resisted|p1a: Milotic\n|-damage|p1a: Milotic|88\/100 brn\n|\n|-heal|p1a: Milotic|94\/100 brn|[from] item: Leftovers\n|-damage|p1a: Milotic|88\/100 brn|[from] brn\n|-damage|p2a: Toxapex|88\/100 brn|[from] brn\n|upkeep\n|turn|289\n|inactive|Jdjjjsjs has 30 seconds left this turn.\n|\n|switch|p1a: Eldegoss|Eldegoss, M|83\/100 tox\n|switch|p2a: Corviknight|Corviknight, F|100\/100 par\n|-ability|p2a: Corviknight|Pressure\n|\n|-heal|p1a: Eldegoss|89\/100 tox|[from] item: Leftovers\n|-damage|p1a: Eldegoss|83\/100 tox|[from] psn\n|upkeep\n|turn|290\n|inactive|Jdjjjsjs has 30 seconds left this turn.\n|\n|switch|p1a: Milotic|Milotic, F|88\/100 brn\n|switch|p2a: Xatu|Xatu, F|100\/100\n|\n|-heal|p1a: Milotic|94\/100 brn|[from] item: Leftovers\n|-damage|p1a: Milotic|88\/100 brn|[from] brn\n|upkeep\n|turn|291\n|inactive|Jdjjjsjs has 30 seconds left this turn.\n|\n|switch|p1a: Snorlax|Snorlax, F|100\/100\n|move|p2a: Xatu|Psychic|p1a: Snorlax\n|-damage|p1a: Snorlax|88\/100\n|\n|-heal|p1a: Snorlax|94\/100|[from] item: Leftovers\n|upkeep\n|turn|292\n|inactive|Jdjjjsjs has 30 seconds left this turn.\n|inactive|Vodyne has 60 seconds left.\n|\n|switch|p2a: Corviknight|Corviknight, F|100\/100 par\n|-ability|p2a: Corviknight|Pressure\n|switch|p1a: Milotic|Milotic, F|88\/100 brn\n|\n|-heal|p1a: Milotic|94\/100 brn|[from] item: Leftovers\n|-damage|p1a: Milotic|88\/100 brn|[from] brn\n|upkeep\n|turn|293\n|inactive|Vodyne has 60 seconds left.\n|inactive|Jdjjjsjs has 30 seconds left.\n|\n|switch|p1a: Snorlax|Snorlax, F|94\/100\n|switch|p2a: Sylveon|Sylveon, F|100\/100\n|\n|-heal|p1a: Snorlax|99\/100|[from] item: Leftovers\n|upkeep\n|turn|294\n|inactive|Jdjjjsjs has 30 seconds left this turn.\n|\n|switch|p1a: Milotic|Milotic, F|88\/100 brn\n|move|p2a: Sylveon|Calm Mind|p2a: Sylveon\n|-boost|p2a: Sylveon|spa|1\n|-boost|p2a: Sylveon|spd|1\n|\n|-heal|p1a: Milotic|94\/100 brn|[from] item: Leftovers\n|-damage|p1a: Milotic|88\/100 brn|[from] brn\n|upkeep\n|turn|295\n|inactive|Jdjjjsjs has 30 seconds left this turn.\n|\n|switch|p1a: Weezing|Weezing-Galar, F|28\/100\n|move|p2a: Sylveon|Calm Mind|p2a: Sylveon\n|-boost|p2a: Sylveon|spa|1\n|-boost|p2a: Sylveon|spd|1\n|\n|upkeep\n|turn|296\n|inactive|Jdjjjsjs has 30 seconds left this turn.\n|\n|move|p1a: Weezing|Strange Steam|p2a: Sylveon\n|-damage|p2a: Sylveon|93\/100\n|move|p2a: Sylveon|Hyper Voice|p1a: Weezing\n|-resisted|p1a: Weezing\n|-damage|p1a: Weezing|0 fnt\n|faint|p1a: Weezing\n|\n|-heal|p2a: Sylveon|99\/100|[from] item: Leftovers\n|upkeep\n|c|\u2606Vodyne|misclick lol\n|\n|switch|p1a: Snorlax|Snorlax, F|99\/100\n|turn|297\n|inactive|Jdjjjsjs has 30 seconds left.\n|c|\u2606Jdjjjsjs|300 turns, bound to happen lol\n|inactive|Jdjjjsjs has 20 seconds left.\n|\n|switch|p1a: Milotic|Milotic, F|88\/100 brn\n|move|p2a: Sylveon|Hyper Voice|p1a: Milotic\n|-damage|p1a: Milotic|27\/100 brn\n|\n|-heal|p1a: Milotic|33\/100 brn|[from] item: Leftovers\n|-heal|p2a: Sylveon|100\/100|[from] item: Leftovers\n|-damage|p1a: Milotic|27\/100 brn|[from] brn\n|upkeep\n|turn|298\n|inactive|Jdjjjsjs has 25 seconds left this turn.\n|inactive|Jdjjjsjs has 20 seconds left.\n|\n|switch|p1a: Snorlax|Snorlax, F|99\/100\n|move|p2a: Sylveon|Hyper Voice|p1a: Snorlax\n|-damage|p1a: Snorlax|67\/100\n|\n|-heal|p1a: Snorlax|73\/100|[from] item: Leftovers\n|upkeep\n|turn|299\n|inactive|Jdjjjsjs has 20 seconds left this turn.\n|c|\u2606Vodyne|yeah lol\n|inactive|Vodyne has 30 seconds left.\n|inactive|Jdjjjsjs has 15 seconds left.\n|inactive|Vodyne has 20 seconds left.\n|inactive|Vodyne has 15 seconds left.\n|\n|switch|p2a: Gastrodon|Gastrodon, M|94\/100 brn\n|switch|p1a: Milotic|Milotic, F|27\/100 brn\n|\n|-heal|p1a: Milotic|33\/100 brn|[from] item: Leftovers\n|-heal|p2a: Gastrodon|100\/100 brn|[from] item: Leftovers\n|-damage|p1a: Milotic|27\/100 brn|[from] brn\n|-damage|p2a: Gastrodon|94\/100 brn|[from] brn\n|upkeep\n|turn|300\n|inactive|Vodyne has 20 seconds left this turn.\n|inactive|Jdjjjsjs has 20 seconds left this turn.\n|inactive|Vodyne has 15 seconds left.\n|inactive|Jdjjjsjs has 15 seconds left.\n|inactive|Vodyne has 10 seconds left.\n|c|\u2606Vodyne|i was testing out this eldegoss set anyway\n|\n|switch|p2a: Toxapex|Toxapex, M|100\/100 brn\n|move|p1a: Milotic|Recover|p1a: Milotic\n|-heal|p1a: Milotic|77\/100 brn\n|\n|-heal|p1a: Milotic|83\/100 brn|[from] item: Leftovers\n|-damage|p1a: Milotic|77\/100 brn|[from] brn\n|-damage|p2a: Toxapex|94\/100 brn|[from] brn\n|upkeep\n|turn|301\n|inactive|Vodyne has 10 seconds left this turn.\n|inactive|Jdjjjsjs has 15 seconds left this turn.\n|c|\u2606Vodyne|so valuable info\n|inactive|Vodyne has 5 seconds left.\n|inactive|Jdjjjsjs has 10 seconds left.\n|\n|move|p1a: Milotic|Ice Beam|p2a: Toxapex\n|-resisted|p2a: Toxapex\n|-damage|p2a: Toxapex|86\/100 brn\n|move|p2a: Toxapex|Toxic||[still]\n|-fail|p2a: Toxapex\n|\n|-heal|p1a: Milotic|83\/100 brn|[from] item: Leftovers\n|-damage|p1a: Milotic|77\/100 brn|[from] brn\n|-damage|p2a: Toxapex|80\/100 brn|[from] brn\n|upkeep\n|turn|302\n|inactive|Vodyne has 10 seconds left this turn.\n|inactive|Jdjjjsjs has 15 seconds left this turn.\n|\n|switch|p1a: Eldegoss|Eldegoss, M|83\/100 tox\n|switch|p2a: Gastrodon|Gastrodon, M|94\/100 brn\n|\n|-heal|p1a: Eldegoss|89\/100 tox|[from] item: Leftovers\n|-heal|p2a: Gastrodon|100\/100 brn|[from] item: Leftovers\n|-damage|p1a: Eldegoss|83\/100 tox|[from] psn\n|-damage|p2a: Gastrodon|94\/100 brn|[from] brn\n|upkeep\n|turn|303\n|inactive|Vodyne has 10 seconds left this turn.\n|inactive|Jdjjjsjs has 15 seconds left this turn.\n|\n|switch|p1a: Milotic|Milotic, F|77\/100 brn\n|switch|p2a: Xatu|Xatu, F|100\/100\n|\n|-heal|p1a: Milotic|83\/100 brn|[from] item: Leftovers\n|-damage|p1a: Milotic|77\/100 brn|[from] brn\n|upkeep\n|turn|304\n|inactive|Vodyne has 15 seconds left this turn.\n|inactive|Jdjjjsjs has 20 seconds left this turn.\n|\n|switch|p1a: Eldegoss|Eldegoss, M|83\/100 tox\n|move|p2a: Xatu|Psychic|p1a: Eldegoss\n|-damage|p1a: Eldegoss|58\/100 tox\n|-ability|p1a: Eldegoss|Cotton Down\n|-unboost|p2a: Xatu|spe|1\n|\n|-heal|p1a: Eldegoss|64\/100 tox|[from] item: Leftovers\n|-damage|p1a: Eldegoss|58\/100 tox|[from] psn\n|upkeep\n|turn|305\n|inactive|Vodyne has 15 seconds left this turn.\n|inactive|Jdjjjsjs has 20 seconds left this turn.\n|\n|move|p1a: Eldegoss|Synthesis|p1a: Eldegoss\n|-heal|p1a: Eldegoss|100\/100 tox\n|move|p2a: Xatu|Teleport|p2a: Xatu\n|inactive|Vodyne has 20 seconds left this turn.\n|inactive|Jdjjjsjs has 25 seconds left this turn.\n|\n|switch|p2a: Rotom|Rotom-Heat|100\/100 slp|[from]move: Teleport\n|\n|-damage|p1a: Eldegoss|88\/100 tox|[from] psn\n|upkeep\n|turn|306\n|inactive|Vodyne has 20 seconds left this turn.\n|inactive|Jdjjjsjs has 25 seconds left this turn.\n|inactive|Vodyne has 15 seconds left.\n|\n|cant|p2a: Rotom|slp\n|move|p1a: Eldegoss|Leech Seed|p2a: Rotom\n|-start|p2a: Rotom|move: Leech Seed\n|\n|-heal|p1a: Eldegoss|94\/100 tox|[from] item: Leftovers\n|-damage|p2a: Rotom|88\/100 slp|[from] Leech Seed|[of] p1a: Eldegoss\n|-heal|p1a: Eldegoss|100\/100 tox|[silent]\n|-damage|p1a: Eldegoss|82\/100 tox|[from] psn\n|upkeep\n|turn|307\n|inactive|Vodyne has 20 seconds left this turn.\n|inactive|Jdjjjsjs has 30 seconds left this turn.\n|inactive|Vodyne has 15 seconds left.\n|inactive|Vodyne has 10 seconds left.\n|inactive|Vodyne has 5 seconds left.\n|-message|Vodyne lost due to inactivity.\n|\n|win|Jdjjjsjs\n|c|\u2606Vodyne|should stick with maractus\n|raw|Vodyne's rating: 1054 &rarr; <strong>1035<\/strong><br \/>(-19 for losing)\n|raw|Jdjjjsjs's rating: 1045 &rarr; <strong>1079<\/strong><br \/>(+34 for winning)\n|c|\u2606Jdjjjsjs|GG\n|c|\u2606Vodyne|gg\n","uploadtime":1579482866,"views":517,"p1id":"vodyne","p2id":"jdjjjsjs","formatid":"gen8ou","rating":1035,"private":0,"password":null}