{"id":"gen8randombattle-1538347099","p1":"Allelaja","p2":"exfir","format":"gen8randombattle","log":"|j|\u2606Allelaja\n|j|\u2606exfir\n|t:|1648200797\n|gametype|singles\n|player|p1|Allelaja|169|1885\n|player|p2|exfir|170|1862\n|teamsize|p1|6\n|teamsize|p2|6\n|gen|8\n|tier|[Gen 8] Random Battle\n|rated|\n|rule|Species Clause: Limit one of each Pok\u00e9mon\n|rule|HP Percentage Mod: HP is shown in percentages\n|rule|Sleep Clause Mod: Limit one foe put to sleep\n|\n|t:|1648200797\n|start\n|switch|p1a: Silvally|Silvally-Ice, L84|297\/297\n|switch|p2a: Melmetal|Melmetal, L74|322\/322\n|turn|1\n|inactive|Battle timer is ON: inactive players will automatically lose when time's up. (requested by Allelaja)\n|\n|t:|1648200809\n|switch|p1a: Starmie|Starmie, L84|238\/238\n|move|p2a: Melmetal|Thunder Wave|p1a: Starmie\n|-status|p1a: Starmie|par\n|\n|upkeep\n|turn|2\n|\n|t:|1648200814\n|move|p1a: Starmie|Scald|p2a: Melmetal\n|-damage|p2a: Melmetal|210\/322\n|move|p2a: Melmetal|Thunder Punch|p1a: Starmie\n|-supereffective|p1a: Starmie\n|-crit|p1a: Starmie\n|-damage|p1a: Starmie|16\/238 par\n|\n|-heal|p2a: Melmetal|230\/322|[from] item: Leftovers\n|upkeep\n|turn|3\n|\n|t:|1648200822\n|move|p1a: Starmie|Scald|p2a: Melmetal\n|-damage|p2a: Melmetal|104\/322\n|move|p2a: Melmetal|Thunder Punch|p1a: Starmie\n|-supereffective|p1a: Starmie\n|-damage|p1a: Starmie|0 fnt\n|faint|p1a: Starmie\n|\n|-heal|p2a: Melmetal|124\/322|[from] item: Leftovers\n|upkeep\n|\n|t:|1648200829\n|switch|p1a: Urshifu|Urshifu, L76, F|277\/277\n|turn|4\n|\n|t:|1648200832\n|move|p1a: Urshifu|Wicked Blow|p2a: Melmetal\n|-crit|p2a: Melmetal\n|-damage|p2a: Melmetal|0 fnt\n|faint|p2a: Melmetal\n|\n|upkeep\n|\n|t:|1648200837\n|switch|p2a: Cloyster|Cloyster, L80, M|211\/211\n|turn|5\n|\n|t:|1648200841\n|move|p1a: Urshifu|Wicked Blow|p2a: Cloyster\n|-crit|p2a: Cloyster\n|-damage|p2a: Cloyster|100\/211\n|move|p2a: Cloyster|Shell Smash|p2a: Cloyster\n|-unboost|p2a: Cloyster|def|1\n|-unboost|p2a: Cloyster|spd|1\n|-boost|p2a: Cloyster|atk|2\n|-boost|p2a: Cloyster|spa|2\n|-boost|p2a: Cloyster|spe|2\n|-enditem|p2a: Cloyster|White Herb\n|-clearnegativeboost|p2a: Cloyster|[silent]\n|\n|upkeep\n|turn|6\n|\n|t:|1648200851\n|switch|p1a: Silvally|Silvally-Ice, L84|297\/297\n|move|p2a: Cloyster|Hydro Pump|p1a: Silvally\n|-damage|p1a: Silvally|114\/297\n|\n|upkeep\n|turn|7\n|\n|t:|1648200858\n|move|p2a: Cloyster|Rock Blast|p1a: Silvally\n|-supereffective|p1a: Silvally\n|-damage|p1a: Silvally|48\/297\n|-supereffective|p1a: Silvally\n|-damage|p1a: Silvally|0 fnt\n|faint|p1a: Silvally\n|-hitcount|p1: Silvally|2\n|\n|upkeep\n|\n|t:|1648200864\n|switch|p1a: Crawdaunt|Crawdaunt, L84, F|243\/243\n|turn|8\n|\n|t:|1648200877\n|-start|p2a: Cloyster|Dynamax\n|-heal|p2a: Cloyster|200\/422|[silent]\n|move|p2a: Cloyster|Max Geyser|p1a: Crawdaunt\n|-resisted|p1a: Crawdaunt\n|-damage|p1a: Crawdaunt|77\/243\n|-weather|RainDance\n|move|p1a: Crawdaunt|Close Combat|p2a: Cloyster\n|-supereffective|p2a: Cloyster\n|-damage|p2a: Cloyster|34\/422\n|-unboost|p1a: Crawdaunt|def|1\n|-unboost|p1a: Crawdaunt|spd|1\n|-damage|p1a: Crawdaunt|53\/243|[from] item: Life Orb\n|\n|-weather|RainDance|[upkeep]\n|upkeep\n|turn|9\n|\n|t:|1648200889\n|move|p2a: Cloyster|Max Geyser|p1a: Crawdaunt\n|-resisted|p1a: Crawdaunt\n|-damage|p1a: Crawdaunt|0 fnt\n|faint|p1a: Crawdaunt\n|\n|-weather|RainDance|[upkeep]\n|upkeep\n|\n|t:|1648200894\n|switch|p1a: Urshifu|Urshifu, L76, F|277\/277\n|turn|10\n|\n|t:|1648200897\n|move|p2a: Cloyster|Max Guard|p2a: Cloyster\n|-singleturn|p2a: Cloyster|Max Guard\n|move|p1a: Urshifu|Sucker Punch||[still]\n|-fail|p1a: Urshifu\n|\n|-weather|RainDance|[upkeep]\n|-end|p2a: Cloyster|Dynamax\n|-heal|p2a: Cloyster|17\/211|[silent]\n|upkeep\n|turn|11\n|\n|t:|1648200904\n|move|p1a: Urshifu|Sucker Punch||[still]\n|-fail|p1a: Urshifu\n|move|p2a: Cloyster|Shell Smash|p2a: Cloyster\n|-unboost|p2a: Cloyster|def|1\n|-unboost|p2a: Cloyster|spd|1\n|-boost|p2a: Cloyster|atk|2\n|-boost|p2a: Cloyster|spa|2\n|-boost|p2a: Cloyster|spe|2\n|\n|-weather|RainDance|[upkeep]\n|upkeep\n|turn|12\n|\n|t:|1648200911\n|move|p1a: Urshifu|Sucker Punch||[still]\n|-fail|p1a: Urshifu\n|move|p2a: Cloyster|Shell Smash|p2a: Cloyster\n|-unboost|p2a: Cloyster|def|1\n|-unboost|p2a: Cloyster|spd|1\n|-boost|p2a: Cloyster|atk|2\n|-boost|p2a: Cloyster|spa|2\n|-boost|p2a: Cloyster|spe|2\n|\n|-weather|none\n|upkeep\n|turn|13\n|\n|t:|1648200919\n|move|p1a: Urshifu|Sucker Punch||[still]\n|-fail|p1a: Urshifu\n|move|p2a: Cloyster|Shell Smash|p2a: Cloyster\n|-unboost|p2a: Cloyster|def|1\n|-unboost|p2a: Cloyster|spd|1\n|-boost|p2a: Cloyster|atk|0\n|-boost|p2a: Cloyster|spa|0\n|-boost|p2a: Cloyster|spe|0\n|\n|upkeep\n|turn|14\n|\n|t:|1648200925\n|move|p1a: Urshifu|Sucker Punch||[still]\n|-fail|p1a: Urshifu\n|move|p2a: Cloyster|Shell Smash|p2a: Cloyster\n|-unboost|p2a: Cloyster|def|1\n|-unboost|p2a: Cloyster|spd|1\n|-boost|p2a: Cloyster|atk|0\n|-boost|p2a: Cloyster|spa|0\n|-boost|p2a: Cloyster|spe|0\n|\n|upkeep\n|turn|15\n|\n|t:|1648200932\n|switch|p1a: Entei|Entei, L78|307\/307\n|move|p2a: Cloyster|Shell Smash|p2a: Cloyster\n|-unboost|p2a: Cloyster|def|1\n|-unboost|p2a: Cloyster|spd|1\n|-boost|p2a: Cloyster|atk|0\n|-boost|p2a: Cloyster|spa|0\n|-boost|p2a: Cloyster|spe|0\n|\n|upkeep\n|turn|16\n|\n|t:|1648200940\n|switch|p2a: Gengar|Gengar, L80, M|227\/227\n|move|p1a: Entei|Extreme Speed|p2a: Gengar\n|-immune|p2a: Gengar\n|\n|upkeep\n|turn|17\n|\n|t:|1648200949\n|-start|p1a: Entei|Dynamax\n|-heal|p1a: Entei|614\/614|[silent]\n|move|p2a: Gengar|Focus Blast|p1a: Entei\n|-damage|p1a: Entei|450\/614\n|move|p1a: Entei|Max Flare|p2a: Gengar\n|-damage|p2a: Gengar|53\/227\n|-weather|SunnyDay\n|\n|-weather|SunnyDay|[upkeep]\n|upkeep\n|turn|18\n|\n|t:|1648200960\n|switch|p2a: Cloyster|Cloyster, L80, M|17\/211\n|move|p1a: Entei|Max Quake|p2a: Cloyster\n|-damage|p2a: Cloyster|0 fnt\n|-boost|p1a: Entei|spd|1\n|faint|p2a: Cloyster\n|\n|-weather|SunnyDay|[upkeep]\n|upkeep\n|\n|t:|1648200969\n|switch|p2a: Aromatisse|Aromatisse, L88, M|321\/321\n|turn|19\n|\n|t:|1648200973\n|move|p2a: Aromatisse|Protect|p2a: Aromatisse\n|-singleturn|p2a: Aromatisse|Protect\n|move|p1a: Entei|Max Flare|p2a: Aromatisse\n|-zbroken|p2a: Aromatisse\n|-damage|p2a: Aromatisse|263\/321\n|\n|-weather|SunnyDay|[upkeep]\n|-heal|p2a: Aromatisse|283\/321|[from] item: Leftovers\n|-end|p1a: Entei|Dynamax\n|-heal|p1a: Entei|225\/307|[silent]\n|upkeep\n|turn|20\n|\n|t:|1648200984\n|switch|p1a: Urshifu|Urshifu, L76, F|277\/277\n|move|p2a: Aromatisse|Moonblast|p1a: Urshifu\n|-supereffective|p1a: Urshifu\n|-damage|p1a: Urshifu|0 fnt\n|faint|p1a: Urshifu\n|\n|-weather|SunnyDay|[upkeep]\n|-heal|p2a: Aromatisse|303\/321|[from] item: Leftovers\n|upkeep\n|\n|t:|1648200990\n|switch|p1a: Entei|Entei, L78|225\/307\n|turn|21\n|\n|t:|1648200994\n|move|p2a: Aromatisse|Protect|p2a: Aromatisse\n|-singleturn|p2a: Aromatisse|Protect\n|move|p1a: Entei|Sacred Fire|p2a: Aromatisse\n|-activate|p2a: Aromatisse|move: Protect\n|\n|-weather|none\n|-heal|p2a: Aromatisse|321\/321|[from] item: Leftovers\n|upkeep\n|turn|22\n|\n|t:|1648201004\n|move|p1a: Entei|Sacred Fire|p2a: Aromatisse\n|-damage|p2a: Aromatisse|156\/321\n|-status|p2a: Aromatisse|brn\n|move|p2a: Aromatisse|Moonblast|p1a: Entei\n|-resisted|p1a: Entei\n|-crit|p1a: Entei\n|-damage|p1a: Entei|123\/307\n|\n|-heal|p2a: Aromatisse|176\/321 brn|[from] item: Leftovers\n|-damage|p2a: Aromatisse|156\/321 brn|[from] brn\n|upkeep\n|turn|23\n|\n|t:|1648201014\n|move|p1a: Entei|Sacred Fire|p2a: Aromatisse\n|-damage|p2a: Aromatisse|0 fnt\n|faint|p2a: Aromatisse\n|\n|upkeep\n|\n|t:|1648201018\n|switch|p2a: Gengar|Gengar, L80, M|53\/227\n|turn|24\n|\n|t:|1648201021\n|move|p2a: Gengar|Sludge Wave|p1a: Entei\n|-damage|p1a: Entei|0 fnt\n|faint|p1a: Entei\n|\n|upkeep\n|\n|t:|1648201023\n|switch|p1a: Lilligant|Lilligant, L84, F|255\/255\n|turn|25\n|\n|t:|1648201026\n|move|p2a: Gengar|Sludge Wave|p1a: Lilligant\n|-supereffective|p1a: Lilligant\n|-damage|p1a: Lilligant|0 fnt\n|faint|p1a: Lilligant\n|\n|win|exfir\n|raw|Allelaja's rating: 1885 &rarr; <strong>1864<\/strong><br \/>(-21 for losing)\n|raw|exfir's rating: 1862 &rarr; <strong>1883<\/strong><br \/>(+21 for winning)\n|l|\u2606Allelaja\n","inputlog":">version 3e3f7f95ced453fb6569d65c347856b0466abcfd\n>start {\"formatid\":\"gen8randombattle\",\"seed\":[305,47637,62549,5633],\"rated\":\"Rated battle\"}\n>player p1 {\"name\":\"Allelaja\",\"avatar\":\"169\",\"rating\":1885,\"seed\":[46298,46843,53915,53484]}\n>player p2 {\"name\":\"exfir\",\"avatar\":\"170\",\"rating\":1862,\"seed\":[15641,62388,3028,25033]}\n>p1 switch 4\n>p2 move thunderwave\n>p1 move scald\n>p2 move thunderpunch\n>p1 move scald\n>p2 move thunderpunch\n>p1 switch 2\n>p1 move wickedblow\n>p2 move doubleironbash\n>p2 switch 3\n>p1 move wickedblow\n>p2 move shellsmash\n>p1 switch 4\n>p2 move hydropump\n>p1 move flamecharge\n>p2 move rockblast\n>p1 switch 6\n>p1 move closecombat\n>p2 move hydropump dynamax\n>p1 move closecombat\n>p2 move hydropump dynamax\n>p1 switch 4\n>p1 move suckerpunch\n>p2 move shellsmash dynamax\n>p1 move suckerpunch\n>p2 move shellsmash\n>p1 move suckerpunch\n>p2 move shellsmash\n>p1 move suckerpunch\n>p2 move shellsmash\n>p1 move suckerpunch\n>p2 move shellsmash\n>p1 switch 5\n>p2 move shellsmash\n>p1 move extremespeed\n>p2 switch 5\n>p1 move sacredfire dynamax\n>p2 move focusblast\n>p1 move stompingtantrum dynamax\n>p2 switch 5\n>p2 switch 2\n>p1 move sacredfire dynamax\n>p2 move protect\n>p1 switch 5\n>p2 move moonblast\n>p1 switch 5\n>p1 move sacredfire\n>p2 move protect\n>p1 move sacredfire\n>p2 move moonblast\n>p1 move sacredfire\n>p2 move moonblast\n>p2 switch 5\n>p1 move sacredfire\n>p2 move sludgewave\n>p1 switch 3\n>p1 move quiverdance\n>p2 move sludgewave","uploadtime":1648201031,"views":7,"p1id":"allelaja","p2id":"exfir","formatid":"gen8randombattle","rating":1864,"private":0,"password":null}