{"id":"gen8nationaldex-1396390147","p1":"RTSG tests","p2":"NDLT2UTI Bachira","format":"gen8nationaldex","log":"|raw|<div class=\"broadcast-blue\"><strong>This battle is required to be public due to a player having a name starting with 'ndlt2uti'.<\/div>\n|j|\u2606RTSG tests\n|j|\u2606NDLT2UTI Bachira\n|t:|1628941932\n|gametype|singles\n|player|p1|RTSG tests|birdkeeper|1621\n|player|p2|NDLT2UTI Bachira|grimsley|1734\n|teamsize|p1|6\n|teamsize|p2|6\n|gen|8\n|tier|[Gen 8] National Dex\n|rated|\n|rule|HP Percentage Mod: HP is shown in percentages\n|rule|Endless Battle Clause: Forcing endless battles is banned\n|rule|OHKO Clause: OHKO moves are banned\n|rule|Evasion Moves Clause: Evasion moves are banned\n|rule|Species Clause: Limit one of each Pok\u00e9mon\n|rule|Dynamax Clause: You cannot dynamax\n|rule|Sleep Clause Mod: Limit one foe put to sleep\n|clearpoke\n|poke|p1|Sceptile, M|\n|poke|p1|Feraligatr, M|\n|poke|p1|Infernape, M|\n|poke|p1|Latios, M|\n|poke|p1|Thundurus-Therian, M|\n|poke|p1|Copperajah, F|\n|poke|p2|Pelipper, M|\n|poke|p2|Swampert, M|\n|poke|p2|Ferrothorn, F|\n|poke|p2|Manaphy|\n|poke|p2|Greninja, M|\n|poke|p2|Zapdos|\n|teampreview\n|inactive|Battle timer is ON: inactive players will automatically lose when time's up. (requested by NDLT2UTI Bachira)\n|j| ZeraGen5\n|inactive|NDLT2UTI Bachira has 120 seconds left.\n|\n|t:|1628941970\n|start\n|switch|p1a: Thierry|Thundurus-Therian, M|100\/100\n|switch|p2a: Pelipper|Pelipper, M|100\/100\n|-weather|RainDance|[from] ability: Drizzle|[of] p2a: Pelipper\n|turn|1\n|\n|t:|1628941975\n|switch|p2a: Ferrothorn|Ferrothorn, F|100\/100\n|-zpower|p1a: Thierry\n|move|p1a: Thierry|All-Out Pummeling|p2a: Ferrothorn|[zeffect]\n|-supereffective|p2a: Ferrothorn\n|-damage|p2a: Ferrothorn|3\/100\n|\n|-weather|RainDance|[upkeep]\n|-heal|p2a: Ferrothorn|9\/100|[from] item: Leftovers\n|upkeep\n|turn|2\n|\n|t:|1628941979\n|switch|p2a: Swampert|Swampert, M|100\/100\n|move|p1a: Thierry|Hidden Power|p2a: Swampert\n|-damage|p2a: Swampert|78\/100\n|\n|-weather|RainDance|[upkeep]\n|upkeep\n|turn|3\n|j| NDLT2UTI Netherite\n|\n|t:|1628941988\n|switch|p1a: Metall Elefant|Copperajah, F|100\/100\n|detailschange|p2a: Swampert|Swampert-Mega, M\n|-mega|p2a: Swampert|Swampert|Swampertite\n|move|p2a: Swampert|Flip Turn|p1a: Metall Elefant\n|-damage|p1a: Metall Elefant|47\/100\n|\n|t:|1628941990\n|switch|p2a: Greninja|Greninja, M|100\/100|[from]move: Flip Turn\n|\n|-weather|RainDance|[upkeep]\n|upkeep\n|turn|4\n|\n|t:|1628941995\n|move|p2a: Greninja|Surf|p1a: Metall Elefant\n|-damage|p1a: Metall Elefant|0 fnt\n|faint|p1a: Metall Elefant\n|-activate|p2a: Greninja|ability: Battle Bond\n|detailschange|p2a: Greninja|Greninja-Ash, M\n|\n|-weather|RainDance|[upkeep]\n|upkeep\n|c| NDLT2UTI Netherite|noooo ryuji did u tilt\n|\n|t:|1628941999\n|switch|p1a: Schnell als Robben|Sceptile, M|100\/100\n|turn|5\n|c|\u2606NDLT2UTI Bachira|got haxxed twice\n|c| NDLT2UTI Netherite|F\n|c|\u2606NDLT2UTI Bachira|and mued also\n|c|\u2606NDLT2UTI Bachira|kek\n|\n|t:|1628942011\n|switch|p2a: Ferrothorn|Ferrothorn, F|9\/100\n|detailschange|p1a: Schnell als Robben|Sceptile-Mega, M\n|-mega|p1a: Schnell als Robben|Sceptile|Sceptilite\n|move|p1a: Schnell als Robben|Dragon Pulse|p2a: Ferrothorn\n|-resisted|p2a: Ferrothorn\n|-damage|p2a: Ferrothorn|0 fnt\n|faint|p2a: Ferrothorn\n|\n|-weather|RainDance|[upkeep]\n|upkeep\n|c| NDLT2UTI Netherite|kek\n|\n|t:|1628942015\n|switch|p2a: Zapdos|Zapdos|100\/100\n|turn|6\n|\n|t:|1628942021\n|switch|p1a: Thierry|Thundurus-Therian, M|100\/100\n|move|p2a: Zapdos|Hurricane|p1a: Thierry\n|-resisted|p1a: Thierry\n|-damage|p1a: Thierry|63\/100\n|\n|-weather|RainDance|[upkeep]\n|upkeep\n|turn|7\n|\n|t:|1628942026\n|switch|p2a: Swampert|Swampert-Mega, M|78\/100\n|move|p1a: Thierry|Thunderbolt|p2a: Swampert\n|-immune|p2a: Swampert\n|\n|-weather|RainDance|[upkeep]\n|upkeep\n|turn|8\n|\n|t:|1628942032\n|switch|p1a: Per|Feraligatr, M|100\/100\n|move|p2a: Swampert|Stealth Rock|p1a: Per\n|-sidestart|p1: RTSG tests|move: Stealth Rock\n|\n|-weather|none\n|upkeep\n|turn|9\n|\n|t:|1628942037\n|move|p2a: Swampert|Flip Turn|p1a: Per\n|-resisted|p1a: Per\n|-damage|p1a: Per|82\/100\n|\n|t:|1628942039\n|switch|p2a: Zapdos|Zapdos|100\/100|[from]move: Flip Turn\n|move|p1a: Per|Liquidation|p2a: Zapdos\n|-damage|p2a: Zapdos|36\/100\n|\n|upkeep\n|turn|10\n|\n|t:|1628942051\n|switch|p1a: Thierry|Thundurus-Therian, M|63\/100\n|-damage|p1a: Thierry|39\/100|[from] Stealth Rock\n|move|p2a: Zapdos|Hurricane|p1a: Thierry|[miss]\n|-miss|p2a: Zapdos|p1a: Thierry\n|\n|upkeep\n|turn|11\n|\n|t:|1628942058\n|switch|p2a: Swampert|Swampert-Mega, M|78\/100\n|move|p1a: Thierry|Hidden Power|p2a: Swampert\n|-damage|p2a: Swampert|58\/100\n|\n|upkeep\n|turn|12\n|\n|t:|1628942067\n|switch|p1a: Per|Feraligatr, M|82\/100\n|-damage|p1a: Per|70\/100|[from] Stealth Rock\n|move|p2a: Swampert|Flip Turn|p1a: Per\n|-resisted|p1a: Per\n|-damage|p1a: Per|52\/100\n|\n|t:|1628942070\n|switch|p2a: Zapdos|Zapdos|36\/100|[from]move: Flip Turn\n|\n|upkeep\n|turn|13\n|\n|t:|1628942090\n|move|p2a: Zapdos|Roost|p2a: Zapdos\n|-heal|p2a: Zapdos|86\/100\n|-singleturn|p2a: Zapdos|move: Roost\n|move|p1a: Per|Liquidation|p2a: Zapdos\n|-damage|p2a: Zapdos|19\/100\n|\n|upkeep\n|turn|14\n|inactive|NDLT2UTI Bachira has 120 seconds left.\n|\n|t:|1628942126\n|move|p1a: Per|Aqua Jet|p2a: Zapdos\n|-damage|p2a: Zapdos|0 fnt\n|faint|p2a: Zapdos\n|-damage|p1a: Per|42\/100|[from] item: Life Orb\n|\n|upkeep\n|\n|t:|1628942130\n|switch|p2a: Greninja|Greninja-Ash, M|100\/100\n|turn|15\n|\n|t:|1628942133\n|switch|p1a: Santi|Infernape, M|100\/100\n|-damage|p1a: Santi|88\/100|[from] Stealth Rock\n|move|p2a: Greninja|Dark Pulse|p1a: Santi\n|-resisted|p1a: Santi\n|-damage|p1a: Santi|35\/100\n|\n|upkeep\n|turn|16\n|\n|t:|1628942137\n|switch|p2a: Pelipper|Pelipper, M|100\/100\n|-weather|RainDance|[from] ability: Drizzle|[of] p2a: Pelipper\n|move|p1a: Santi|Mach Punch|p2a: Pelipper\n|-resisted|p2a: Pelipper\n|-damage|p2a: Pelipper|88\/100\n|-damage|p1a: Santi|25\/100|[from] item: Life Orb\n|\n|-weather|RainDance|[upkeep]\n|upkeep\n|turn|17\n|\n|t:|1628942141\n|move|p1a: Santi|Close Combat|p2a: Pelipper\n|-resisted|p2a: Pelipper\n|-damage|p2a: Pelipper|59\/100\n|-unboost|p1a: Santi|def|1\n|-unboost|p1a: Santi|spd|1\n|-damage|p1a: Santi|15\/100|[from] item: Life Orb\n|move|p2a: Pelipper|U-turn|p1a: Santi\n|-resisted|p1a: Santi\n|-damage|p1a: Santi|10\/100\n|\n|t:|1628942145\n|switch|p2a: Swampert|Swampert-Mega, M|58\/100|[from]move: U-turn\n|\n|-weather|RainDance|[upkeep]\n|upkeep\n|turn|18\n|\n|t:|1628942149\n|move|p1a: Santi|Mach Punch|p2a: Swampert\n|-damage|p2a: Swampert|33\/100\n|-damage|p1a: Santi|0 fnt|[from] item: Life Orb\n|faint|p1a: Santi\n|move|p2a: Swampert|Earthquake|p1: Santi|[notarget]\n|-fail|p2a: Swampert\n|\n|-weather|RainDance|[upkeep]\n|upkeep\n|\n|t:|1628942152\n|switch|p1a: Schlau Pires|Latios, M|100\/100\n|-damage|p1a: Schlau Pires|88\/100|[from] Stealth Rock\n|turn|19\n|\n|t:|1628942159\n|move|p1a: Schlau Pires|Energy Ball|p2a: Swampert\n|-supereffective|p2a: Swampert\n|-damage|p2a: Swampert|0 fnt\n|faint|p2a: Swampert\n|\n|-weather|RainDance|[upkeep]\n|upkeep\n|\n|t:|1628942167\n|switch|p2a: Manaphy|Manaphy|100\/100\n|turn|20\n|l| ZeraGen5\n|\n|t:|1628942176\n|move|p1a: Schlau Pires|Energy Ball|p2a: Manaphy\n|-supereffective|p2a: Manaphy\n|-damage|p2a: Manaphy|38\/100\n|-unboost|p2a: Manaphy|spd|1\n|-zpower|p2a: Manaphy\n|move|p2a: Manaphy|Hydro Vortex|p1a: Schlau Pires|[zeffect]\n|-resisted|p1a: Schlau Pires\n|-damage|p1a: Schlau Pires|26\/100\n|\n|-weather|RainDance|[upkeep]\n|upkeep\n|turn|21\n|\n|t:|1628942180\n|move|p1a: Schlau Pires|Energy Ball|p2a: Manaphy\n|-supereffective|p2a: Manaphy\n|-damage|p2a: Manaphy|0 fnt\n|faint|p2a: Manaphy\n|\n|-weather|RainDance|[upkeep]\n|upkeep\n|\n|t:|1628942181\n|switch|p2a: Greninja|Greninja-Ash, M|100\/100\n|turn|22\n|\n|t:|1628942184\n|move|p2a: Greninja|Water Shuriken|p1a: Schlau Pires\n|-resisted|p1a: Schlau Pires\n|-damage|p1a: Schlau Pires|13\/100\n|-resisted|p1a: Schlau Pires\n|-damage|p1a: Schlau Pires|0 fnt\n|faint|p1a: Schlau Pires\n|-hitcount|p1: Schlau Pires|2\n|\n|-weather|RainDance|[upkeep]\n|upkeep\n|\n|t:|1628942188\n|switch|p1a: Schnell als Robben|Sceptile-Mega, M|100\/100\n|-damage|p1a: Schnell als Robben|88\/100|[from] Stealth Rock\n|turn|23\n|\n|t:|1628942191\n|switch|p2a: Pelipper|Pelipper, M|59\/100\n|move|p1a: Schnell als Robben|Energy Ball|p2a: Pelipper\n|-damage|p2a: Pelipper|0 fnt\n|faint|p2a: Pelipper\n|\n|-weather|none\n|upkeep\n|\n|t:|1628942194\n|switch|p2a: Greninja|Greninja-Ash, M|100\/100\n|turn|24\n|\n|t:|1628942195\n|move|p1a: Schnell als Robben|Energy Ball|p2a: Greninja\n|-supereffective|p2a: Greninja\n|-damage|p2a: Greninja|0 fnt\n|faint|p2a: Greninja\n|\n|win|RTSG tests\n|raw|RTSG tests's rating: 1621 &rarr; <strong>1647<\/strong><br \/>(+26 for winning)\n|raw|NDLT2UTI Bachira's rating: 1734 &rarr; <strong>1708<\/strong><br \/>(-26 for losing)\n|c|\u2606NDLT2UTI Bachira|bg\n|l|\u2606NDLT2UTI Bachira\n|c|\u2606RTSG tests|what?\n|j| player 4691\n|l| player 4691\n|j| Oculars\u2655\n|l|\u2606RTSG tests\n|j|\u2606RTSG tests\n|player|p1|RTSG tests|birdkeeper\n|l|\u2606RTSG tests\n|player|p1|\n|j| Doshy134\n|j| SShaRp\n|c| SShaRp|huh\n|l| SShaRp\n|l| Oculars\u2655\n|j|\u2606RTSG tests\n|player|p1|RTSG tests|birdkeeper\n|l|\u2606RTSG tests\n|player|p1|\n|j|\u2606RTSG tests\n|player|p1|RTSG tests|birdkeeper\n|l|\u2606RTSG tests\n|player|p1|\n|j| arianas grande\n|l| arianas grande\n|l| NDLT2UTI Netherite\n|j| arianas grande\n|l| arianas grande\n|j| arianas grande\n|l| arianas grande\n|j|\u2606RTSG tests\n|player|p1|RTSG tests|birdkeeper\n","uploadtime":1628942304,"views":97,"p1id":"rtsgtests","p2id":"ndlt2utibachira","formatid":"gen8nationaldex","rating":1647,"private":0,"password":null}