{"id":"gen8ou-1689191393","p1":"Surdish","p2":"Kwaga","format":"gen8ou","log":"|html|<div class=\"broadcast-blue\"><strong>[Gen 8] OU is currently suspecting Melmetal! For information on how to participate check out the <a href=\"https:\/\/www.smogon.com\/forums\/threads\/np-ss-ou-suspect-process-round-12-monster-mash.3709234\/\">suspect thread<\/a>.<\/strong><\/div>\n|j|\u2606Surdish\n|j|\u2606Kwaga\n|t:|1666140882\n|gametype|singles\n|player|p1|Surdish|red|1639\n|player|p2|Kwaga|koga-gen1|1684\n|teamsize|p1|6\n|teamsize|p2|6\n|gen|8\n|tier|[Gen 8] OU\n|rated|\n|rule|Sleep Clause Mod: Limit one foe put to sleep\n|rule|Species Clause: Limit one of each Pok\u00e9mon\n|rule|OHKO Clause: OHKO moves are banned\n|rule|Evasion Items Clause: Evasion items are banned\n|rule|Evasion Moves Clause: Evasion moves are banned\n|rule|Endless Battle Clause: Forcing endless battles is banned\n|rule|HP Percentage Mod: HP is shown in percentages\n|rule|Dynamax Clause: You cannot dynamax\n|clearpoke\n|poke|p1|Tyranitar, M|\n|poke|p1|Buzzwole|\n|poke|p1|Slowking, M|\n|poke|p1|Landorus-Therian, M|\n|poke|p1|Ferrothorn, F|\n|poke|p1|Dracozolt|\n|poke|p2|Tyranitar, M|\n|poke|p2|Excadrill, M|\n|poke|p2|Urshifu-*, M|\n|poke|p2|Tapu Lele|\n|poke|p2|Ferrothorn, M|\n|poke|p2|Zapdos|\n|teampreview\n|inactive|Battle timer is ON: inactive players will automatically lose when time's up. (requested by Kwaga)\n|\n|t:|1666140894\n|start\n|switch|p1a: Tyranitar|Tyranitar, M|100\/100\n|switch|p2a: Urshifu|Urshifu-Rapid-Strike, M|100\/100\n|-weather|Sandstorm|[from] ability: Sand Stream|[of] p1a: Tyranitar\n|turn|1\n|\n|t:|1666140901\n|switch|p1a: Slowking|Slowking, M|100\/100\n|move|p2a: Urshifu|U-turn|p1a: Slowking\n|-supereffective|p1a: Slowking\n|-damage|p1a: Slowking|51\/100\n|\n|t:|1666140904\n|switch|p2a: Tyranitar|Tyranitar, M, shiny|100\/100|[from]move: U-turn\n|\n|-weather|Sandstorm|[upkeep]\n|-damage|p1a: Slowking|45\/100|[from] Sandstorm\n|upkeep\n|turn|2\n|\n|t:|1666140911\n|switch|p1a: Buzzwole|Buzzwole|100\/100\n|move|p2a: Tyranitar|Stone Edge|p1a: Buzzwole\n|-damage|p1a: Buzzwole|42\/100\n|\n|-weather|Sandstorm|[upkeep]\n|-damage|p1a: Buzzwole|36\/100|[from] Sandstorm\n|upkeep\n|turn|3\n|\n|t:|1666140916\n|switch|p2a: Zapdos|Zapdos, shiny|100\/100\n|move|p1a: Buzzwole|Roost|p1a: Buzzwole\n|-heal|p1a: Buzzwole|86\/100\n|-singleturn|p1a: Buzzwole|move: Roost\n|\n|-weather|Sandstorm|[upkeep]\n|-damage|p2a: Zapdos|94\/100|[from] Sandstorm\n|-damage|p1a: Buzzwole|80\/100|[from] Sandstorm\n|upkeep\n|turn|4\n|j| PurpleJWK\n|j| sithred8\n|\n|t:|1666140931\n|switch|p1a: Tyranitar|Tyranitar, M|100\/100\n|move|p2a: Zapdos|Volt Switch|p1a: Tyranitar\n|-damage|p1a: Tyranitar|80\/100\n|\n|t:|1666140951\n|switch|p2a: Urshifu|Urshifu-Rapid-Strike, M|100\/100|[from]move: Volt Switch\n|\n|-weather|Sandstorm|[upkeep]\n|-damage|p2a: Urshifu|94\/100|[from] Sandstorm\n|upkeep\n|turn|5\n|\n|t:|1666140955\n|switch|p1a: Slowking|Slowking, M|78\/100\n|move|p2a: Urshifu|Surging Strikes|p1a: Slowking\n|-resisted|p1a: Slowking\n|-crit|p1a: Slowking\n|-damage|p1a: Slowking|68\/100\n|-resisted|p1a: Slowking\n|-crit|p1a: Slowking\n|-damage|p1a: Slowking|58\/100\n|-resisted|p1a: Slowking\n|-crit|p1a: Slowking\n|-damage|p1a: Slowking|48\/100\n|-hitcount|p1a: Slowking|3\n|\n|-weather|none\n|upkeep\n|turn|6\n|\n|t:|1666140959\n|move|p2a: Urshifu|Taunt|p1a: Slowking\n|-start|p1a: Slowking|move: Taunt\n|cant|p1a: Slowking|move: Taunt|Teleport\n|\n|upkeep\n|turn|7\n|j| Jongruenwald\n|\n|t:|1666140963\n|move|p2a: Urshifu|U-turn|p1a: Slowking\n|-supereffective|p1a: Slowking\n|-damage|p1a: Slowking|0 fnt\n|faint|p1a: Slowking\n|\n|t:|1666140971\n|switch|p2a: Tapu Lele|Tapu Lele, shiny|100\/100|[from]move: U-turn\n|-fieldstart|move: Psychic Terrain|[from] ability: Psychic Surge|[of] p2a: Tapu Lele\n|\n|upkeep\n|j| Testificate1992\n|\n|t:|1666140974\n|switch|p1a: Ferrothorn|Ferrothorn, F|100\/100\n|turn|8\n|j| FZuvd\n|inactive|Kwaga has 120 seconds left.\n|\n|t:|1666141010\n|switch|p2a: Zapdos|Zapdos, shiny|94\/100\n|move|p1a: Ferrothorn|Leech Seed|p2a: Zapdos\n|-start|p2a: Zapdos|move: Leech Seed\n|\n|-damage|p2a: Zapdos|82\/100|[from] Leech Seed|[of] p1a: Ferrothorn\n|upkeep\n|turn|9\n|\n|t:|1666141015\n|switch|p1a: Landorus|Landorus-Therian, M|100\/100\n|-ability|p1a: Landorus|Intimidate|boost\n|-unboost|p2a: Zapdos|atk|1\n|move|p2a: Zapdos|Heat Wave|p1a: Landorus\n|-damage|p1a: Landorus|70\/100\n|-status|p1a: Landorus|brn\n|\n|-heal|p1a: Landorus|76\/100 brn|[from] item: Leftovers\n|-damage|p2a: Zapdos|70\/100|[from] Leech Seed|[of] p1a: Landorus\n|-heal|p1a: Landorus|88\/100 brn|[silent]\n|-damage|p1a: Landorus|82\/100 brn|[from] brn\n|upkeep\n|turn|10\n|\n|t:|1666141017\n|switch|p2a: Ferrothorn|Ferrothorn, M, shiny|100\/100\n|move|p1a: Landorus|Stealth Rock|p2a: Ferrothorn\n|-sidestart|p2: Kwaga|move: Stealth Rock\n|\n|-heal|p1a: Landorus|88\/100 brn|[from] item: Leftovers\n|-damage|p1a: Landorus|82\/100 brn|[from] brn\n|upkeep\n|turn|11\n|\n|t:|1666141021\n|switch|p1a: Ferrothorn|Ferrothorn, F|100\/100\n|move|p2a: Ferrothorn|Stealth Rock|p1a: Ferrothorn\n|-sidestart|p1: Surdish|move: Stealth Rock\n|\n|-fieldend|move: Psychic Terrain\n|upkeep\n|turn|12\n|\n|t:|1666141025\n|move|p2a: Ferrothorn|Body Press|p1a: Ferrothorn\n|-supereffective|p1a: Ferrothorn\n|-damage|p1a: Ferrothorn|71\/100\n|-damage|p2a: Ferrothorn|88\/100|[from] ability: Iron Barbs|[of] p1a: Ferrothorn\n|move|p1a: Ferrothorn|Spikes|p2a: Ferrothorn\n|-sidestart|p2: Kwaga|Spikes\n|\n|-heal|p2a: Ferrothorn|94\/100|[from] item: Leftovers\n|-heal|p1a: Ferrothorn|77\/100|[from] item: Leftovers\n|upkeep\n|turn|13\n|\n|t:|1666141030\n|move|p2a: Ferrothorn|Knock Off|p1a: Ferrothorn\n|-damage|p1a: Ferrothorn|64\/100\n|-damage|p2a: Ferrothorn|82\/100|[from] ability: Iron Barbs|[of] p1a: Ferrothorn\n|-enditem|p1a: Ferrothorn|Leftovers|[from] move: Knock Off|[of] p2a: Ferrothorn\n|move|p1a: Ferrothorn|Body Press|p2a: Ferrothorn\n|-supereffective|p2a: Ferrothorn\n|-damage|p2a: Ferrothorn|35\/100\n|-damage|p1a: Ferrothorn|52\/100|[from] ability: Iron Barbs|[of] p2a: Ferrothorn\n|\n|-heal|p2a: Ferrothorn|41\/100|[from] item: Leftovers\n|upkeep\n|turn|14\n|\n|t:|1666141033\n|move|p2a: Ferrothorn|Body Press|p1a: Ferrothorn\n|-supereffective|p1a: Ferrothorn\n|-damage|p1a: Ferrothorn|24\/100\n|-damage|p2a: Ferrothorn|29\/100|[from] ability: Iron Barbs|[of] p1a: Ferrothorn\n|move|p1a: Ferrothorn|Leech Seed|p2a: Ferrothorn\n|-immune|p2a: Ferrothorn\n|\n|-heal|p2a: Ferrothorn|35\/100|[from] item: Leftovers\n|upkeep\n|turn|15\n|\n|t:|1666141038\n|switch|p1a: Buzzwole|Buzzwole|80\/100\n|-damage|p1a: Buzzwole|68\/100|[from] Stealth Rock\n|move|p2a: Ferrothorn|Body Press|p1a: Buzzwole\n|-resisted|p1a: Buzzwole\n|-damage|p1a: Buzzwole|60\/100\n|-damage|p2a: Ferrothorn|18\/100|[from] item: Rocky Helmet|[of] p1a: Buzzwole\n|\n|-heal|p2a: Ferrothorn|24\/100|[from] item: Leftovers\n|upkeep\n|turn|16\n|\n|t:|1666141045\n|move|p1a: Buzzwole|Ice Punch|p2a: Ferrothorn\n|-damage|p2a: Ferrothorn|4\/100\n|-damage|p1a: Buzzwole|47\/100|[from] ability: Iron Barbs|[of] p2a: Ferrothorn\n|move|p2a: Ferrothorn|Leech Seed|p1a: Buzzwole\n|-start|p1a: Buzzwole|move: Leech Seed\n|\n|-heal|p2a: Ferrothorn|10\/100|[from] item: Leftovers\n|-damage|p1a: Buzzwole|35\/100|[from] Leech Seed|[of] p2a: Ferrothorn\n|-heal|p2a: Ferrothorn|24\/100|[silent]\n|upkeep\n|turn|17\n|\n|t:|1666141048\n|switch|p2a: Zapdos|Zapdos, shiny|70\/100\n|move|p1a: Buzzwole|Roost|p1a: Buzzwole\n|-heal|p1a: Buzzwole|85\/100\n|-singleturn|p1a: Buzzwole|move: Roost\n|\n|-damage|p1a: Buzzwole|72\/100|[from] Leech Seed|[of] p2a: Zapdos\n|-heal|p2a: Zapdos|83\/100|[silent]\n|upkeep\n|turn|18\n|\n|t:|1666141051\n|switch|p1a: Tyranitar|Tyranitar, M|80\/100\n|-damage|p1a: Tyranitar|68\/100|[from] Stealth Rock\n|-weather|Sandstorm|[from] ability: Sand Stream|[of] p1a: Tyranitar\n|move|p2a: Zapdos|Hurricane|p1a: Tyranitar\n|-resisted|p1a: Tyranitar\n|-damage|p1a: Tyranitar|53\/100\n|-start|p1a: Tyranitar|confusion\n|\n|-weather|Sandstorm|[upkeep]\n|-damage|p2a: Zapdos|77\/100|[from] Sandstorm\n|upkeep\n|turn|19\n|\n|t:|1666141054\n|move|p2a: Zapdos|Volt Switch|p1a: Tyranitar\n|-damage|p1a: Tyranitar|33\/100\n|\n|t:|1666141057\n|switch|p2a: Ferrothorn|Ferrothorn, M, shiny|24\/100|[from]move: Volt Switch\n|-damage|p2a: Ferrothorn|18\/100|[from] Stealth Rock\n|-damage|p2a: Ferrothorn|6\/100|[from] Spikes\n|-activate|p1a: Tyranitar|confusion\n|move|p1a: Tyranitar|Stone Edge|p2a: Ferrothorn\n|-resisted|p2a: Ferrothorn\n|-damage|p2a: Ferrothorn|0 fnt\n|faint|p2a: Ferrothorn\n|\n|-weather|Sandstorm|[upkeep]\n|upkeep\n|\n|t:|1666141066\n|switch|p2a: Urshifu|Urshifu-Rapid-Strike, M|94\/100\n|-damage|p2a: Urshifu|88\/100|[from] Stealth Rock\n|-damage|p2a: Urshifu|76\/100|[from] Spikes\n|turn|20\n|\n|t:|1666141071\n|switch|p1a: Ferrothorn|Ferrothorn, F|24\/100\n|-damage|p1a: Ferrothorn|18\/100|[from] Stealth Rock\n|move|p2a: Urshifu|Surging Strikes|p1a: Ferrothorn\n|-resisted|p1a: Ferrothorn\n|-crit|p1a: Ferrothorn\n|-damage|p1a: Ferrothorn|12\/100\n|-activate|p1a: Ferrothorn|ability: Iron Barbs\n|-activate|p2a: Urshifu|item: Protective Pads\n|-resisted|p1a: Ferrothorn\n|-crit|p1a: Ferrothorn\n|-damage|p1a: Ferrothorn|6\/100\n|-activate|p1a: Ferrothorn|ability: Iron Barbs\n|-activate|p2a: Urshifu|item: Protective Pads\n|-resisted|p1a: Ferrothorn\n|-crit|p1a: Ferrothorn\n|-damage|p1a: Ferrothorn|0 fnt\n|-activate|p1a: Ferrothorn|ability: Iron Barbs\n|-activate|p2a: Urshifu|item: Protective Pads\n|faint|p1a: Ferrothorn\n|-hitcount|p1: Ferrothorn|3\n|\n|-weather|Sandstorm|[upkeep]\n|-damage|p2a: Urshifu|70\/100|[from] Sandstorm\n|upkeep\n|\n|t:|1666141073\n|switch|p1a: Dracozolt|Dracozolt|100\/100\n|-damage|p1a: Dracozolt|88\/100|[from] Stealth Rock\n|turn|21\n|\n|t:|1666141098\n|switch|p2a: Zapdos|Zapdos, shiny|77\/100\n|move|p1a: Dracozolt|Earthquake|p2a: Zapdos\n|-immune|p2a: Zapdos\n|\n|-weather|Sandstorm|[upkeep]\n|-damage|p2a: Zapdos|71\/100|[from] Sandstorm\n|upkeep\n|turn|22\n|\n|t:|1666141103\n|move|p1a: Dracozolt|Bolt Beak|p2a: Zapdos\n|-damage|p2a: Zapdos|0 fnt\n|faint|p2a: Zapdos\n|-damage|p1a: Dracozolt|78\/100|[from] item: Life Orb\n|\n|-weather|none\n|upkeep\n|\n|t:|1666141112\n|switch|p2a: Tapu Lele|Tapu Lele, shiny|100\/100\n|-damage|p2a: Tapu Lele|88\/100|[from] Stealth Rock\n|-damage|p2a: Tapu Lele|76\/100|[from] Spikes\n|-fieldstart|move: Psychic Terrain|[from] ability: Psychic Surge|[of] p2a: Tapu Lele\n|turn|23\n|\n|t:|1666141131\n|switch|p1a: Tyranitar|Tyranitar, M|33\/100\n|-damage|p1a: Tyranitar|21\/100|[from] Stealth Rock\n|-weather|Sandstorm|[from] ability: Sand Stream|[of] p1a: Tyranitar\n|move|p2a: Tapu Lele|Moonblast|p1a: Tyranitar\n|-supereffective|p1a: Tyranitar\n|-damage|p1a: Tyranitar|0 fnt\n|faint|p1a: Tyranitar\n|\n|-weather|Sandstorm|[upkeep]\n|-damage|p2a: Tapu Lele|70\/100|[from] Sandstorm\n|upkeep\n|\n|t:|1666141137\n|switch|p1a: Dracozolt|Dracozolt|78\/100\n|-damage|p1a: Dracozolt|66\/100|[from] Stealth Rock\n|turn|24\n|\n|t:|1666141158\n|switch|p2a: Urshifu|Urshifu-Rapid-Strike, M|70\/100\n|-damage|p2a: Urshifu|64\/100|[from] Stealth Rock\n|-damage|p2a: Urshifu|51\/100|[from] Spikes\n|move|p1a: Dracozolt|Bolt Beak|p2a: Urshifu\n|-supereffective|p2a: Urshifu\n|-crit|p2a: Urshifu\n|-damage|p2a: Urshifu|0 fnt\n|faint|p2a: Urshifu\n|-damage|p1a: Dracozolt|56\/100|[from] item: Life Orb\n|\n|-weather|Sandstorm|[upkeep]\n|upkeep\n|\n|t:|1666141159\n|switch|p2a: Excadrill|Excadrill, M, shiny|100\/100\n|-damage|p2a: Excadrill|97\/100|[from] Stealth Rock\n|-damage|p2a: Excadrill|85\/100|[from] Spikes\n|turn|25\n|\n|t:|1666141167\n|switch|p1a: Landorus|Landorus-Therian, M|82\/100 brn\n|-damage|p1a: Landorus|70\/100 brn|[from] Stealth Rock\n|-ability|p1a: Landorus|Intimidate|boost\n|-unboost|p2a: Excadrill|atk|1\n|move|p2a: Excadrill|Iron Head|p1a: Landorus\n|-damage|p1a: Landorus|33\/100 brn\n|\n|-weather|Sandstorm|[upkeep]\n|-heal|p1a: Landorus|39\/100 brn|[from] item: Leftovers\n|-damage|p1a: Landorus|33\/100 brn|[from] brn\n|upkeep\n|turn|26\n|\n|t:|1666141170\n|move|p2a: Excadrill|Iron Head|p1a: Landorus\n|-damage|p1a: Landorus|0 fnt\n|faint|p1a: Landorus\n|\n|-weather|Sandstorm|[upkeep]\n|upkeep\n|\n|t:|1666141171\n|switch|p1a: Buzzwole|Buzzwole|72\/100\n|-damage|p1a: Buzzwole|60\/100|[from] Stealth Rock\n|turn|27\n|\n|t:|1666141178\n|switch|p2a: Tyranitar|Tyranitar, M, shiny|100\/100\n|-damage|p2a: Tyranitar|88\/100|[from] Stealth Rock\n|-damage|p2a: Tyranitar|76\/100|[from] Spikes\n|move|p1a: Buzzwole|Roost|p1a: Buzzwole\n|-heal|p1a: Buzzwole|100\/100\n|-singleturn|p1a: Buzzwole|move: Roost\n|\n|-weather|none\n|-fieldend|move: Psychic Terrain\n|upkeep\n|turn|28\n|\n|t:|1666141180\n|move|p1a: Buzzwole|Close Combat|p2a: Tyranitar\n|-supereffective|p2a: Tyranitar\n|-damage|p2a: Tyranitar|0 fnt\n|-unboost|p1a: Buzzwole|def|1\n|-unboost|p1a: Buzzwole|spd|1\n|faint|p2a: Tyranitar\n|-ability|p1a: Buzzwole|Beast Boost|boost\n|-boost|p1a: Buzzwole|atk|1\n|\n|upkeep\n|\n|t:|1666141182\n|switch|p2a: Tapu Lele|Tapu Lele, shiny|70\/100\n|-damage|p2a: Tapu Lele|57\/100|[from] Stealth Rock\n|-damage|p2a: Tapu Lele|45\/100|[from] Spikes\n|-fieldstart|move: Psychic Terrain|[from] ability: Psychic Surge|[of] p2a: Tapu Lele\n|turn|29\n|\n|t:|1666141188\n|move|p2a: Tapu Lele|Moonblast|p1a: Buzzwole\n|-supereffective|p1a: Buzzwole\n|-damage|p1a: Buzzwole|0 fnt\n|faint|p1a: Buzzwole\n|\n|upkeep\n|\n|t:|1666141190\n|switch|p1a: Dracozolt|Dracozolt|56\/100\n|-damage|p1a: Dracozolt|43\/100|[from] Stealth Rock\n|turn|30\n|c|\u2606Surdish|gg\n|\n|t:|1666141195\n|move|p2a: Tapu Lele|Moonblast|p1a: Dracozolt\n|-supereffective|p1a: Dracozolt\n|-damage|p1a: Dracozolt|0 fnt\n|faint|p1a: Dracozolt\n|\n|win|Kwaga\n|raw|Surdish's rating: 1639 &rarr; <strong>1623<\/strong><br \/>(-16 for losing)\n|raw|Kwaga's rating: 1707 &rarr; <strong>1723<\/strong><br \/>(+16 for winning)\n","uploadtime":1666141196,"views":5,"p1id":"surdish","p2id":"kwaga","formatid":"gen8ou","rating":1623,"private":0,"password":null}