{"id":"gen8nationaldexag-1661581754","p1":"Fraises des boas","p2":"Meracx","format":"gen8nationaldexag","log":"|j|\u2606Fraises des boas\n|j|\u2606Meracx\n|t:|1662903489\n|gametype|singles\n|player|p1|Fraises des boas|lucian|\n|player|p2|Meracx|thorton|\n|teamsize|p1|6\n|teamsize|p2|6\n|gen|8\n|tier|[Gen 8] National Dex AG\n|rule|HP Percentage Mod: HP is shown in percentages\n|rule|Endless Battle Clause: Forcing endless battles is banned\n|clearpoke\n|poke|p1|Necrozma|\n|poke|p1|Manectric, M|\n|poke|p1|Aromatisse, M|\n|poke|p1|Corviknight, F|\n|poke|p1|Centiskorch, M|\n|poke|p1|Charjabug, M|\n|poke|p2|Manaphy|\n|poke|p2|Vikavolt, M|\n|poke|p2|Sceptile, F|\n|poke|p2|Emboar, M|\n|poke|p2|Nidoqueen, F|\n|poke|p2|Sigilyph, F|\n|teampreview\n|c|\u2606Meracx|hf\n|c|\u2606Fraises des boas|hf\n|j| Butterchoke\n|j| Just-Silverr\n|j| Kyussey\n|\n|t:|1662903560\n|start\n|switch|p1a: Negrozma|Necrozma|100\/100\n|switch|p2a: Feldspath|Vikavolt, M|100\/100\n|turn|1\n|\n|t:|1662903573\n|move|p1a: Negrozma|Autotomize|p1a: Negrozma\n|-boost|p1a: Negrozma|spe|2\n|-start|p1a: Negrozma|Autotomize\n|move|p2a: Feldspath|Sticky Web|p1a: Negrozma\n|-sidestart|p1: Fraises des boas|move: Sticky Web\n|\n|upkeep\n|turn|2\n|\n|t:|1662903581\n|move|p1a: Negrozma|Heat Wave|p2a: Feldspath|[miss]\n|-miss|p1a: Negrozma|p2a: Feldspath\n|move|p2a: Feldspath|Thunder Wave|p1a: Negrozma\n|-status|p1a: Negrozma|par\n|\n|upkeep\n|turn|3\n|\n|t:|1662903587\n|move|p1a: Negrozma|Autotomize|p1a: Negrozma\n|-boost|p1a: Negrozma|spe|2\n|-start|p1a: Negrozma|Autotomize\n|move|p2a: Feldspath|Bug Buzz|p1a: Negrozma\n|-supereffective|p1a: Negrozma\n|-damage|p1a: Negrozma|13\/100 par\n|-enditem|p1a: Negrozma|Weakness Policy\n|-boost|p1a: Negrozma|atk|2|[from] item: Weakness Policy\n|-boost|p1a: Negrozma|spa|2|[from] item: Weakness Policy\n|\n|upkeep\n|turn|4\n|\n|t:|1662903595\n|cant|p1a: Negrozma|par\n|move|p2a: Feldspath|Bug Buzz|p1a: Negrozma\n|-supereffective|p1a: Negrozma\n|-damage|p1a: Negrozma|0 fnt\n|faint|p1a: Negrozma\n|\n|upkeep\n|c|\u2606Fraises des boas|jeu de merde\n|c|\u2606Meracx|D\u00e9so :messi:\n|c|\u2606Fraises des boas|gg\n|c|\u2606Fraises des boas|imagine dire deso\n|c|\u2606Fraises des boas|puis messi\n|\n|t:|1662903615\n|switch|p1a: Charjabug|Charjabug, M|100\/100\n|-activate|p1a: Charjabug|move: Sticky Web\n|-unboost|p1a: Charjabug|spe|1\n|turn|5\n|\n|t:|1662903620\n|switch|p2a: Esker|Nidoqueen, F|100\/100\n|move|p1a: Charjabug|Sticky Web|p2a: Esker\n|-sidestart|p2: Meracx|move: Sticky Web\n|\n|upkeep\n|turn|6\n|\n|t:|1662903627\n|switch|p1a: Corvanus2edunom|Corviknight, F|100\/100\n|-ability|p1a: Corvanus2edunom|Pressure\n|move|p2a: Esker|Rock Slide|p1a: Corvanus2edunom\n|-damage|p1a: Corvanus2edunom|84\/100\n|\n|-heal|p1a: Corvanus2edunom|90\/100|[from] item: Leftovers\n|upkeep\n|turn|7\n|\n|t:|1662903632\n|move|p2a: Esker|Thunderbolt|p1a: Corvanus2edunom\n|-supereffective|p1a: Corvanus2edunom\n|-damage|p1a: Corvanus2edunom|12\/100\n|move|p1a: Corvanus2edunom|Drill Peck|p2a: Esker\n|-damage|p2a: Esker|71\/100\n|\n|-heal|p1a: Corvanus2edunom|19\/100|[from] item: Leftovers\n|upkeep\n|turn|8\n|\n|t:|1662903637\n|move|p2a: Esker|Thunderbolt|p1a: Corvanus2edunom\n|-supereffective|p1a: Corvanus2edunom\n|-damage|p1a: Corvanus2edunom|0 fnt\n|faint|p1a: Corvanus2edunom\n|\n|upkeep\n|\n|t:|1662903643\n|switch|p1a: \u00e9clair\u00e0lavanille|Manectric, M|100\/100\n|-activate|p1a: \u00e9clair\u00e0lavanille|move: Sticky Web\n|-unboost|p1a: \u00e9clair\u00e0lavanille|spe|1\n|turn|9\n|\n|t:|1662903645\n|detailschange|p1a: \u00e9clair\u00e0lavanille|Manectric-Mega, M\n|-mega|p1a: \u00e9clair\u00e0lavanille|Manectric|Manectite\n|-ability|p1a: \u00e9clair\u00e0lavanille|Intimidate|boost\n|-unboost|p2a: Esker|atk|1\n|move|p2a: Esker|Earth Power|p1a: \u00e9clair\u00e0lavanille\n|-supereffective|p1a: \u00e9clair\u00e0lavanille\n|-damage|p1a: \u00e9clair\u00e0lavanille|0 fnt\n|faint|p1a: \u00e9clair\u00e0lavanille\n|\n|upkeep\n|c|\u2606Fraises des boas|jeu de merde jai lose sur ca\n|\n|t:|1662903670\n|switch|p1a: Centiskorch|Centiskorch, M|100\/100\n|turn|10\n|\n|t:|1662903675\n|move|p2a: Esker|Rock Slide|p1a: Centiskorch|[miss]\n|-miss|p2a: Esker|p1a: Centiskorch\n|move|p1a: Centiskorch|Coil|p1a: Centiskorch\n|-boost|p1a: Centiskorch|atk|1\n|-boost|p1a: Centiskorch|def|1\n|-boost|p1a: Centiskorch|accuracy|1\n|\n|upkeep\n|turn|11\n|\n|t:|1662903679\n|move|p2a: Esker|Rock Slide|p1a: Centiskorch\n|-supereffective|p1a: Centiskorch\n|-damage|p1a: Centiskorch|30\/100\n|move|p1a: Centiskorch|Fire Lash|p2a: Esker\n|-damage|p2a: Esker|0 fnt\n|faint|p2a: Esker\n|\n|upkeep\n|\n|t:|1662903690\n|switch|p2a: Feldspath|Vikavolt, M|100\/100\n|turn|12\n|\n|t:|1662903694\n|move|p1a: Centiskorch|Fire Lash|p2a: Feldspath\n|-supereffective|p2a: Feldspath\n|-enditem|p2a: Feldspath|Focus Sash\n|-damage|p2a: Feldspath|1\/100\n|-unboost|p2a: Feldspath|def|1\n|move|p2a: Feldspath|Thunderbolt|p1a: Centiskorch\n|-damage|p1a: Centiskorch|0 fnt\n|faint|p1a: Centiskorch\n|\n|upkeep\n|\n|t:|1662903697\n|switch|p1a: Aromatisse|Aromatisse, M|100\/100\n|-activate|p1a: Aromatisse|move: Sticky Web\n|-unboost|p1a: Aromatisse|spe|1\n|turn|13\n|\n|t:|1662903708\n|move|p2a: Feldspath|Thunderbolt|p1a: Aromatisse\n|-damage|p1a: Aromatisse|64\/100\n|move|p1a: Aromatisse|Moonblast|p2a: Feldspath\n|-damage|p2a: Feldspath|0 fnt\n|faint|p2a: Feldspath\n|\n|-heal|p1a: Aromatisse|70\/100|[from] item: Leftovers\n|upkeep\n|\n|t:|1662903715\n|switch|p2a: Riebbeck|Emboar, M|100\/100\n|-activate|p2a: Riebbeck|move: Sticky Web\n|-unboost|p2a: Riebbeck|spe|1\n|turn|14\n|\n|t:|1662903717\n|move|p1a: Aromatisse|Protect|p1a: Aromatisse\n|-singleturn|p1a: Aromatisse|Protect\n|move|p2a: Riebbeck|Flare Blitz|p1a: Aromatisse\n|-activate|p1a: Aromatisse|move: Protect\n|\n|-heal|p1a: Aromatisse|77\/100|[from] item: Leftovers\n|upkeep\n|turn|15\n|\n|t:|1662903720\n|move|p2a: Riebbeck|Bulk Up|p2a: Riebbeck\n|-boost|p2a: Riebbeck|atk|1\n|-boost|p2a: Riebbeck|def|1\n|move|p1a: Aromatisse|Wish|p1a: Aromatisse\n|\n|-heal|p1a: Aromatisse|83\/100|[from] item: Leftovers\n|upkeep\n|turn|16\n|\n|t:|1662903723\n|move|p2a: Riebbeck|Flare Blitz|p1a: Aromatisse\n|-damage|p1a: Aromatisse|0 fnt\n|faint|p1a: Aromatisse\n|-damage|p2a: Riebbeck|70\/100|[from] Recoil\n|\n|upkeep\n|\n|t:|1662903725\n|switch|p1a: Charjabug|Charjabug, M|100\/100\n|-activate|p1a: Charjabug|move: Sticky Web\n|-unboost|p1a: Charjabug|spe|1\n|turn|17\n|\n|t:|1662903726\n|move|p2a: Riebbeck|Flare Blitz|p1a: Charjabug\n|-supereffective|p1a: Charjabug\n|-damage|p1a: Charjabug|0 fnt\n|faint|p1a: Charjabug\n|-damage|p2a: Riebbeck|41\/100|[from] Recoil\n|\n|win|Meracx\n|l|\u2606Fraises des boas\n|l| Butterchoke\n|l| Just-Silverr\n|j|\u2606Fraises des boas\n|player|p1|Fraises des boas|lucian\n|l|\u2606Fraises des boas\n|player|p1|\n|l| Kyussey\n|j| Just-Silverr\n|l| Just-Silverr\n|j| rom1x\n","uploadtime":1662903733,"views":26,"p1id":"fraisesdesboas","p2id":"meracx","formatid":"gen8nationaldexag","rating":0,"private":0,"password":null}