{"id":"gen8nationaldex-1391661568","p1":"Benjamin Gilbert","p2":"Sir Wissam","format":"gen8nationaldex","log":"|j|\u2606Benjamin Gilbert\n|j|\u2606Sir Wissam\n|inactive|Battle timer is ON: inactive players will automatically lose when time's up.\n|t:|1628289248\n|gametype|singles\n|player|p1|Benjamin Gilbert|265|\n|player|p2|Sir Wissam|skyla|\n|teamsize|p1|6\n|teamsize|p2|6\n|gen|8\n|tier|[Gen 8] National Dex\n|rated|Tournament battle\n|rule|HP Percentage Mod: HP is shown in percentages\n|rule|Endless Battle Clause: Forcing endless battles is banned\n|rule|OHKO Clause: OHKO moves are banned\n|rule|Evasion Moves Clause: Evasion moves are banned\n|rule|Species Clause: Limit one of each Pok\u00e9mon\n|rule|Dynamax Clause: You cannot dynamax\n|rule|Sleep Clause Mod: Limit one foe put to sleep\n|clearpoke\n|poke|p1|Buzzwole|\n|poke|p1|Tapu Fini|\n|poke|p1|Aegislash, F|\n|poke|p1|Moltres|\n|poke|p1|Lopunny, M|\n|poke|p1|Garchomp, M|\n|poke|p2|Shuckle, F|\n|poke|p2|Thundurus-Therian, M|\n|poke|p2|Serperior, F|\n|poke|p2|Bisharp, F|\n|poke|p2|Scizor, F|\n|poke|p2|Kommo-o, F|\n|teampreview\n|j| ElevatedGodlyness\n|j| groudon09\n|j| redrazirahc\n|c|\u2606Sir Wissam|hf\n|c|\u2606Benjamin Gilbert|hf\n|j| NDLT2XLT Dark\n|inactive|Benjamin Gilbert has 120 seconds left.\n|c|\u2606Benjamin Gilbert|didnt u destroy me on ladder\n|\n|t:|1628289280\n|start\n|switch|p1a: Aegislash|Aegislash, F, shiny|100\/100\n|switch|p2a: Shuckle|Shuckle, F|100\/100\n|turn|1\n|c|\u2606Sir Wissam|hehe\n|c|\u2606Benjamin Gilbert|lol\n|c|\u2606Sir Wissam|maybe\n|c|\u2606Sir Wissam|jajaj\n|j| Natatronic\n|c|\u2606Benjamin Gilbert|this team gets smashed by webs\n|inactive|Sir Wissam has 120 seconds left.\n|\n|t:|1628289311\n|-formechange|p1a: Aegislash|Aegislash-Blade||[from] ability: Stance Change\n|move|p1a: Aegislash|Flash Cannon|p2a: Shuckle\n|-supereffective|p2a: Shuckle\n|-damage|p2a: Shuckle|38\/100\n|move|p2a: Shuckle|Sticky Web|p1a: Aegislash\n|-sidestart|p1: Benjamin Gilbert|move: Sticky Web\n|\n|upkeep\n|turn|2\n|\n|t:|1628289322\n|move|p1a: Aegislash|Flash Cannon|p2a: Shuckle\n|-supereffective|p2a: Shuckle\n|-damage|p2a: Shuckle|0 fnt\n|faint|p2a: Shuckle\n|\n|upkeep\n|j| SpeedyMat42\n|\n|t:|1628289327\n|switch|p2a: Kommo-o|Kommo-o, F|100\/100\n|turn|3\n|\n|t:|1628289331\n|switch|p1a: Tapu Fini|Tapu Fini, shiny|100\/100\n|-activate|p1a: Tapu Fini|move: Sticky Web\n|-unboost|p1a: Tapu Fini|spe|1\n|-fieldstart|move: Misty Terrain|[from] ability: Misty Surge|[of] p1a: Tapu Fini\n|move|p2a: Kommo-o|Substitute|p2a: Kommo-o\n|-start|p2a: Kommo-o|Substitute\n|-damage|p2a: Kommo-o|75\/100\n|\n|upkeep\n|turn|4\n|l| SpeedyMat42\n|\n|t:|1628289337\n|move|p2a: Kommo-o|Belly Drum|p2a: Kommo-o\n|-damage|p2a: Kommo-o|25\/100\n|-setboost|p2a: Kommo-o|atk|6|[from] move: Belly Drum\n|-enditem|p2a: Kommo-o|Salac Berry|[eat]\n|-boost|p2a: Kommo-o|spe|1|[from] item: Salac Berry\n|move|p1a: Tapu Fini|Draining Kiss|p2a: Kommo-o\n|-supereffective|p2a: Kommo-o\n|-end|p2a: Kommo-o|Substitute\n|\n|upkeep\n|turn|5\n|\n|t:|1628289340\n|move|p2a: Kommo-o|Thunder Punch|p1a: Tapu Fini\n|-supereffective|p1a: Tapu Fini\n|-damage|p1a: Tapu Fini|0 fnt\n|faint|p1a: Tapu Fini\n|\n|upkeep\n|\n|t:|1628289352\n|switch|p1a: Lopunny|Lopunny, M|100\/100\n|-activate|p1a: Lopunny|move: Sticky Web\n|-unboost|p1a: Lopunny|spe|1\n|turn|6\n|\n|t:|1628289366\n|detailschange|p1a: Lopunny|Lopunny-Mega, M\n|-mega|p1a: Lopunny|Lopunny|Lopunnite\n|move|p1a: Lopunny|Fake Out|p2a: Kommo-o\n|-damage|p2a: Kommo-o|5\/100\n|cant|p2a: Kommo-o|flinch\n|\n|upkeep\n|turn|7\n|j| Frozen sou\n|c|\u2606Benjamin Gilbert|fuck\n|c|\u2606Sir Wissam|pfff\n|l| Frozen sou\n|\n|t:|1628289385\n|switch|p1a: Moltres|Moltres|100\/100\n|move|p2a: Kommo-o|Drain Punch|p1a: Moltres\n|-resisted|p1a: Moltres\n|-damage|p1a: Moltres|39\/100\n|-heal|p2a: Kommo-o|46\/100|[from] drain|[of] p1a: Moltres\n|\n|-fieldend|Misty Terrain\n|upkeep\n|turn|8\n|\n|t:|1628289391\n|move|p2a: Kommo-o|Thunder Punch|p1a: Moltres\n|-supereffective|p1a: Moltres\n|-damage|p1a: Moltres|0 fnt\n|faint|p1a: Moltres\n|\n|upkeep\n|c| redrazirahc|o no\n|\n|t:|1628289404\n|switch|p1a: Aegislash|Aegislash, F, shiny|100\/100\n|-activate|p1a: Aegislash|move: Sticky Web\n|-unboost|p1a: Aegislash|spe|1\n|turn|9\n|c|\u2606Benjamin Gilbert|gg\n|\n|t:|1628289408\n|move|p1a: Aegislash|King's Shield|p1a: Aegislash\n|-singleturn|p1a: Aegislash|Protect\n|move|p2a: Kommo-o|Thunder Punch|p1a: Aegislash\n|-activate|p1a: Aegislash|move: Protect\n|-unboost|p2a: Kommo-o|atk|1\n|\n|upkeep\n|turn|10\n|\n|t:|1628289416\n|move|p2a: Kommo-o|Thunder Punch|p1a: Aegislash\n|-damage|p1a: Aegislash|37\/100\n|-status|p1a: Aegislash|par\n|-formechange|p1a: Aegislash|Aegislash-Blade||[from] ability: Stance Change\n|move|p1a: Aegislash|Flash Cannon|p2a: Kommo-o\n|-damage|p2a: Kommo-o|0 fnt\n|faint|p2a: Kommo-o\n|\n|-heal|p1a: Aegislash|44\/100 par|[from] item: Leftovers\n|upkeep\n|\n|t:|1628289425\n|switch|p2a: Scizor|Scizor, F|100\/100\n|turn|11\n|c|\u2606Benjamin Gilbert|idk why i sacked moltres\n|\n|t:|1628289440\n|detailschange|p2a: Scizor|Scizor-Mega, F\n|-mega|p2a: Scizor|Scizor|Scizorite\n|move|p2a: Scizor|Swords Dance|p2a: Scizor\n|-boost|p2a: Scizor|atk|2\n|cant|p1a: Aegislash|par\n|\n|-heal|p1a: Aegislash|50\/100 par|[from] item: Leftovers\n|upkeep\n|turn|12\n|\n|t:|1628289444\n|-formechange|p1a: Aegislash|Aegislash||[from] ability: Stance Change\n|move|p1a: Aegislash|King's Shield|p1a: Aegislash\n|-singleturn|p1a: Aegislash|Protect\n|move|p2a: Scizor|Swords Dance|p2a: Scizor\n|-boost|p2a: Scizor|atk|2\n|\n|-heal|p1a: Aegislash|56\/100 par|[from] item: Leftovers\n|upkeep\n|turn|13\n|\n|t:|1628289447\n|move|p2a: Scizor|Knock Off|p1a: Aegislash\n|-supereffective|p1a: Aegislash\n|-damage|p1a: Aegislash|0 fnt\n|-enditem|p1a: Aegislash|Leftovers|[from] move: Knock Off|[of] p2a: Scizor\n|faint|p1a: Aegislash\n|\n|upkeep\n|\n|t:|1628289454\n|switch|p1a: Arnold|Buzzwole|100\/100\n|-activate|p1a: Arnold|move: Sticky Web\n|-unboost|p1a: Arnold|spe|1\n|turn|14\n|\n|t:|1628289462\n|move|p2a: Scizor|Bullet Punch|p1a: Arnold\n|-damage|p1a: Arnold|28\/100\n|move|p1a: Arnold|Earthquake|p2a: Scizor\n|-damage|p2a: Scizor|69\/100\n|\n|upkeep\n|turn|15\n|\n|t:|1628289465\n|move|p2a: Scizor|Bullet Punch|p1a: Arnold\n|-damage|p1a: Arnold|0 fnt\n|faint|p1a: Arnold\n|\n|upkeep\n|\n|t:|1628289467\n|switch|p1a: Garchomp|Garchomp, M|100\/100\n|-activate|p1a: Garchomp|move: Sticky Web\n|-unboost|p1a: Garchomp|spe|1\n|turn|16\n|\n|t:|1628289471\n|move|p2a: Scizor|Bullet Punch|p1a: Garchomp\n|-damage|p1a: Garchomp|0 fnt\n|-damage|p2a: Scizor|57\/100|[from] ability: Rough Skin|[of] p1a: Garchomp\n|faint|p1a: Garchomp\n|\n|upkeep\n|\n|t:|1628289473\n|switch|p1a: Lopunny|Lopunny-Mega, M|100\/100\n|-activate|p1a: Lopunny|move: Sticky Web\n|-unboost|p1a: Lopunny|spe|1\n|turn|17\n|\n|t:|1628289475\n|move|p2a: Scizor|Bullet Punch|p1a: Lopunny\n|-damage|p1a: Lopunny|0 fnt\n|faint|p1a: Lopunny\n|\n|win|Sir Wissam\n|n|\u2606Benjamin Gilbert|benjamingilbert\n|n|\u2606Sir Wissam|sirwissam\n|n| ElevatedGodlyness|elevatedgodlyness\n|n| groudon09|groudon09\n|n| redrazirahc|redrazirahc\n|n| NDLT2XLT Dark|ndlt2xltdark\n|n| Natatronic|natatronic\n","uploadtime":1628289476,"views":11,"p1id":"benjamingilbert","p2id":"sirwissam","formatid":"gen8nationaldex","rating":0,"private":0,"password":null}