{"id":"gen8ou-1231005864","p1":"Yuuri_Albine","p2":"glaed13","format":"gen8ou","log":"|j|\u2606Yuuri_Albine\n|j|\u2606glaed13\n|t:|1606290783\n|player|p1|Yuuri_Albine|swimmerf|1697\n|player|p2|glaed13|cheren-gen5bw2|1798\n|teamsize|p1|6\n|teamsize|p2|6\n|gametype|singles\n|gen|8\n|tier|[Gen 8] OU\n|rated|\n|clearpoke\n|poke|p1|Corviknight, M|\n|poke|p1|Moltres|\n|poke|p1|Blissey, F|\n|poke|p1|Ditto|\n|poke|p1|Clefable, M|\n|poke|p1|Ferrothorn, F|\n|poke|p2|Blaziken, M|\n|poke|p2|Klefki, F|\n|poke|p2|Ninetales, M|\n|poke|p2|Zapdos-Galar|\n|poke|p2|Cinderace, F|\n|poke|p2|Garchomp, F|\n|rule|Sleep Clause Mod: Limit one foe put to sleep\n|rule|Species Clause: Limit one of each Pok\u00e9mon\n|rule|OHKO Clause: OHKO moves are banned\n|rule|Evasion Moves Clause: Evasion moves are banned\n|rule|Endless Battle Clause: Forcing endless battles is banned\n|rule|HP Percentage Mod: HP is shown in percentages\n|rule|Dynamax Clause: You cannot dynamax\n|teampreview\n|inactive|Battle timer is ON: inactive players will automatically lose when time's up. (requested by glaed13)\n|\n|t:|1606290796\n|start\n|switch|p1a: Moltres|Moltres|100\/100\n|switch|p2a: Klefki|Klefki, F, shiny|100\/100\n|-ability|p1a: Moltres|Pressure\n|turn|1\n|inactive|Yuuri_Albine has 120 seconds left.\n|\n|t:|1606290826\n|move|p2a: Klefki|Light Screen|p2a: Klefki\n|-sidestart|p2: glaed13|move: Light Screen\n|move|p1a: Moltres|Mystical Fire|p2a: Klefki\n|-supereffective|p2a: Klefki\n|-damage|p2a: Klefki|70\/100\n|-unboost|p2a: Klefki|spa|1\n|\n|upkeep\n|turn|2\n|inactive|Yuuri_Albine has 120 seconds left.\n|\n|t:|1606290840\n|switch|p1a: Corviknight|Corviknight, M|100\/100\n|-ability|p1a: Corviknight|Pressure\n|switch|p2a: Zapdos|Zapdos-Galar|100\/100\n|\n|upkeep\n|turn|3\n|\n|t:|1606290849\n|move|p2a: Zapdos|Thunderous Kick|p1a: Corviknight\n|-damage|p1a: Corviknight|63\/100\n|-unboost|p1a: Corviknight|def|1\n|move|p1a: Corviknight|Reflect|p1a: Corviknight\n|-sidestart|p1: Yuuri_Albine|Reflect\n|\n|-heal|p1a: Corviknight|70\/100|[from] item: Leftovers\n|upkeep\n|turn|4\n|\n|t:|1606290859\n|switch|p2a: Klefki|Klefki, F, shiny|70\/100\n|move|p1a: Corviknight|U-turn|p2a: Klefki\n|-resisted|p2a: Klefki\n|-damage|p2a: Klefki|67\/100\n|inactive|Yuuri_Albine has 120 seconds left.\n|\n|t:|1606290876\n|switch|p1a: Ferrothorn|Ferrothorn, F|100\/100|[from]move: U-turn\n|\n|upkeep\n|turn|5\n|\n|t:|1606290883\n|move|p2a: Klefki|Reflect|p2a: Klefki\n|-sidestart|p2: glaed13|Reflect\n|move|p1a: Ferrothorn|Stealth Rock|p2a: Klefki\n|-sidestart|p2: glaed13|move: Stealth Rock\n|\n|upkeep\n|turn|6\n|inactive|Yuuri_Albine has 120 seconds left.\n|\n|t:|1606290900\n|move|p2a: Klefki|Defog|p1a: Ferrothorn\n|-unboost|p1a: Ferrothorn|evasion|1\n|-sideend|p1: Yuuri_Albine|Reflect\n|-sideend|p2: glaed13|Stealth Rock|[from] move: Defog|[of] p2a: Klefki\n|move|p1a: Ferrothorn|Leech Seed|p2a: Klefki|[miss]\n|-miss|p1a: Ferrothorn|p2a: Klefki\n|\n|upkeep\n|turn|7\n|inactive|Yuuri_Albine has 120 seconds left.\n|\n|t:|1606290916\n|switch|p2a: Ninetales|Ninetales, M, shiny|100\/100\n|-weather|SunnyDay|[from] ability: Drought|[of] p2a: Ninetales\n|move|p1a: Ferrothorn|Leech Seed|p2a: Ninetales\n|-start|p2a: Ninetales|move: Leech Seed\n|\n|-weather|SunnyDay|[upkeep]\n|-damage|p2a: Ninetales|88\/100|[from] Leech Seed|[of] p1a: Ferrothorn\n|upkeep\n|turn|8\n|inactive|Yuuri_Albine has 120 seconds left.\n|\n|t:|1606290926\n|switch|p1a: Moltres|Moltres|100\/100\n|-ability|p1a: Moltres|Pressure\n|move|p2a: Ninetales|Flamethrower|p1a: Moltres\n|-resisted|p1a: Moltres\n|-damage|p1a: Moltres|81\/100\n|\n|-weather|SunnyDay|[upkeep]\n|-damage|p2a: Ninetales|76\/100|[from] Leech Seed|[of] p1a: Moltres\n|-heal|p1a: Moltres|90\/100|[silent]\n|-sideend|p2: glaed13|move: Light Screen\n|upkeep\n|turn|9\n|\n|t:|1606290949\n|switch|p2a: Garchomp|Garchomp, F|100\/100\n|move|p1a: Moltres|Toxic|p2a: Garchomp\n|-status|p2a: Garchomp|tox\n|-enditem|p2a: Garchomp|Lum Berry|[eat]\n|-curestatus|p2a: Garchomp|tox|[msg]\n|\n|-weather|SunnyDay|[upkeep]\n|upkeep\n|turn|10\n|inactive|Yuuri_Albine has 120 seconds left.\n|\n|t:|1606290971\n|switch|p2a: Klefki|Klefki, F, shiny|67\/100\n|switch|p1a: Clefable|Clefable, M|100\/100\n|\n|-weather|SunnyDay|[upkeep]\n|upkeep\n|turn|11\n|inactive|Yuuri_Albine has 120 seconds left.\n|\n|t:|1606290982\n|switch|p1a: Corviknight|Corviknight, M|70\/100\n|-ability|p1a: Corviknight|Pressure\n|move|p2a: Klefki|Light Screen|p2a: Klefki\n|-sidestart|p2: glaed13|move: Light Screen\n|\n|-weather|none\n|-heal|p1a: Corviknight|76\/100|[from] item: Leftovers\n|upkeep\n|turn|12\n|inactive|Yuuri_Albine has 120 seconds left.\n|\n|t:|1606290998\n|move|p2a: Klefki|Thunder Wave|p1a: Corviknight\n|-status|p1a: Corviknight|par\n|move|p1a: Corviknight|Reflect|p1a: Corviknight\n|-sidestart|p1: Yuuri_Albine|Reflect\n|\n|-heal|p1a: Corviknight|82\/100 par|[from] item: Leftovers\n|-sideend|p2: glaed13|Reflect\n|upkeep\n|turn|13\n|\n|t:|1606291016\n|move|p2a: Klefki|Reflect|p2a: Klefki\n|-sidestart|p2: glaed13|Reflect\n|move|p1a: Corviknight|Defog|p2a: Klefki\n|-unboost|p2a: Klefki|evasion|1\n|-sideend|p2: glaed13|Reflect\n|-sideend|p2: glaed13|move: Light Screen\n|\n|-heal|p1a: Corviknight|88\/100 par|[from] item: Leftovers\n|upkeep\n|turn|14\n|\n|t:|1606291023\n|move|p2a: Klefki|Light Screen|p2a: Klefki\n|-sidestart|p2: glaed13|move: Light Screen\n|move|p1a: Corviknight|U-turn|p2a: Klefki\n|-resisted|p2a: Klefki\n|-damage|p2a: Klefki|63\/100\n|\n|t:|1606291029\n|switch|p1a: Ferrothorn|Ferrothorn, F|100\/100|[from]move: U-turn\n|\n|upkeep\n|turn|15\n|\n|t:|1606291036\n|move|p2a: Klefki|Reflect|p2a: Klefki\n|-sidestart|p2: glaed13|Reflect\n|move|p1a: Ferrothorn|Knock Off|p2a: Klefki\n|-resisted|p2a: Klefki\n|-damage|p2a: Klefki|58\/100\n|-enditem|p2a: Klefki|Light Clay|[from] move: Knock Off|[of] p1a: Ferrothorn\n|\n|upkeep\n|turn|16\n|\n|t:|1606291045\n|move|p2a: Klefki|Defog|p1a: Ferrothorn\n|-unboost|p1a: Ferrothorn|evasion|1\n|-sideend|p1: Yuuri_Albine|Reflect\n|move|p1a: Ferrothorn|Stealth Rock|p2a: Klefki\n|-sidestart|p2: glaed13|move: Stealth Rock\n|\n|upkeep\n|turn|17\n|\n|t:|1606291051\n|move|p2a: Klefki|Defog|p1a: Ferrothorn\n|-unboost|p1a: Ferrothorn|evasion|1\n|-sideend|p2: glaed13|Stealth Rock|[from] move: Defog|[of] p2a: Klefki\n|move|p1a: Ferrothorn|Knock Off|p2a: Klefki\n|-resisted|p2a: Klefki\n|-damage|p2a: Klefki|54\/100\n|\n|upkeep\n|turn|18\n|\n|t:|1606291059\n|move|p2a: Klefki|Thunder Wave|p1a: Ferrothorn\n|-status|p1a: Ferrothorn|par\n|move|p1a: Ferrothorn|Stealth Rock|p2a: Klefki\n|-sidestart|p2: glaed13|move: Stealth Rock\n|\n|upkeep\n|turn|19\n|\n|t:|1606291066\n|move|p2a: Klefki|Defog|p1a: Ferrothorn\n|-unboost|p1a: Ferrothorn|evasion|1\n|-sideend|p2: glaed13|Stealth Rock|[from] move: Defog|[of] p2a: Klefki\n|move|p1a: Ferrothorn|Stealth Rock|p2a: Klefki\n|-sidestart|p2: glaed13|move: Stealth Rock\n|\n|upkeep\n|turn|20\n|\n|t:|1606291075\n|move|p2a: Klefki|Defog|p1a: Ferrothorn\n|-unboost|p1a: Ferrothorn|evasion|1\n|-sideend|p2: glaed13|Stealth Rock|[from] move: Defog|[of] p2a: Klefki\n|move|p1a: Ferrothorn|Knock Off|p2a: Klefki\n|-resisted|p2a: Klefki\n|-damage|p2a: Klefki|51\/100\n|\n|upkeep\n|turn|21\n|\n|t:|1606291079\n|switch|p2a: Cinderace|Cinderace, F|100\/100\n|move|p1a: Ferrothorn|Knock Off|p2a: Cinderace\n|-damage|p2a: Cinderace|84\/100\n|-enditem|p2a: Cinderace|Wide Lens|[from] move: Knock Off|[of] p1a: Ferrothorn\n|\n|-sideend|p2: glaed13|move: Light Screen\n|upkeep\n|turn|22\n|\n|t:|1606291091\n|switch|p1a: Moltres|Moltres|90\/100\n|-ability|p1a: Moltres|Pressure\n|move|p2a: Cinderace|Pyro Ball|p1a: Moltres\n|-resisted|p1a: Moltres\n|-damage|p1a: Moltres|58\/100\n|\n|-sideend|p2: glaed13|Reflect\n|upkeep\n|turn|23\n|\n|t:|1606291101\n|switch|p2a: Klefki|Klefki, F, shiny|51\/100\n|switch|p1a: Corviknight|Corviknight, M|88\/100 par\n|-ability|p1a: Corviknight|Pressure\n|\n|-heal|p1a: Corviknight|95\/100 par|[from] item: Leftovers\n|upkeep\n|turn|24\n|\n|t:|1606291118\n|move|p2a: Klefki|Reflect|p2a: Klefki\n|-sidestart|p2: glaed13|Reflect\n|move|p1a: Corviknight|Reflect|p1a: Corviknight\n|-sidestart|p1: Yuuri_Albine|Reflect\n|\n|-heal|p1a: Corviknight|100\/100 par|[from] item: Leftovers\n|upkeep\n|turn|25\n|\n|t:|1606291126\n|move|p2a: Klefki|Defog|p1a: Corviknight\n|-unboost|p1a: Corviknight|evasion|1\n|-sideend|p1: Yuuri_Albine|Reflect\n|cant|p1a: Corviknight|par\n|\n|upkeep\n|turn|26\n|\n|t:|1606291134\n|move|p2a: Klefki|Light Screen|p2a: Klefki\n|-sidestart|p2: glaed13|move: Light Screen\n|cant|p1a: Corviknight|par\n|\n|upkeep\n|turn|27\n|\n|t:|1606291142\n|switch|p2a: Cinderace|Cinderace, F|84\/100\n|cant|p1a: Corviknight|par\n|\n|upkeep\n|turn|28\n|\n|t:|1606291148\n|switch|p1a: Clefable|Clefable, M|100\/100\n|move|p2a: Cinderace|Pyro Ball|p1a: Clefable\n|-damage|p1a: Clefable|53\/100\n|\n|-heal|p1a: Clefable|59\/100|[from] item: Leftovers\n|-sideend|p2: glaed13|Reflect\n|upkeep\n|turn|29\n|\n|t:|1606291163\n|move|p1a: Clefable|Protect|p1a: Clefable\n|-singleturn|p1a: Clefable|Protect\n|move|p2a: Cinderace|Pyro Ball|p1a: Clefable\n|-activate|p1a: Clefable|move: Protect\n|\n|-heal|p1a: Clefable|65\/100|[from] item: Leftovers\n|upkeep\n|turn|30\n|\n|t:|1606291175\n|switch|p2a: Klefki|Klefki, F, shiny|51\/100\n|move|p1a: Clefable|Wish|p1a: Clefable\n|\n|-heal|p1a: Clefable|71\/100|[from] item: Leftovers\n|-sideend|p2: glaed13|move: Light Screen\n|upkeep\n|turn|31\n|\n|t:|1606291192\n|switch|p1a: Blissey|Blissey, F|100\/100\n|move|p2a: Klefki|Light Screen|p2a: Klefki\n|-sidestart|p2: glaed13|move: Light Screen\n|\n|upkeep\n|turn|32\n|\n|t:|1606291222\n|move|p2a: Klefki|Thunder Wave|p1a: Blissey\n|-status|p1a: Blissey|par\n|move|p1a: Blissey|Seismic Toss|p2a: Klefki\n|-damage|p2a: Klefki|16\/100\n|\n|upkeep\n|turn|33\n|\n|t:|1606291235\n|switch|p2a: Garchomp|Garchomp, F|100\/100\n|move|p1a: Blissey|Teleport|p1a: Blissey\n|\n|t:|1606291253\n|switch|p1a: Ditto|Ditto|100\/100|[from]move: Teleport\n|-transform|p1a: Ditto|p2a: Garchomp|[from] ability: Imposter\n|\n|upkeep\n|turn|34\n|\n|t:|1606291267\n|switch|p2a: Klefki|Klefki, F, shiny|16\/100\n|move|p1a: Ditto|Scale Shot|p2a: Klefki\n|-immune|p2a: Klefki\n|\n|upkeep\n|turn|35\n|\n|t:|1606291272\n|switch|p1a: Corviknight|Corviknight, M|100\/100 par\n|-ability|p1a: Corviknight|Pressure\n|move|p2a: Klefki|Reflect|p2a: Klefki\n|-sidestart|p2: glaed13|Reflect\n|\n|-sideend|p2: glaed13|move: Light Screen\n|upkeep\n|turn|36\n|\n|t:|1606291286\n|move|p2a: Klefki|Light Screen|p2a: Klefki\n|-sidestart|p2: glaed13|move: Light Screen\n|cant|p1a: Corviknight|par\n|\n|upkeep\n|turn|37\n|\n|t:|1606291291\n|switch|p2a: Cinderace|Cinderace, F|84\/100\n|move|p1a: Corviknight|Defog|p2a: Cinderace\n|-unboost|p2a: Cinderace|evasion|1\n|-sideend|p2: glaed13|Reflect\n|-sideend|p2: glaed13|move: Light Screen\n|\n|upkeep\n|turn|38\n|inactive|Yuuri_Albine has 120 seconds left.\n|\n|t:|1606291333\n|move|p2a: Cinderace|Pyro Ball|p1a: Corviknight\n|-supereffective|p1a: Corviknight\n|-damage|p1a: Corviknight|8\/100 par\n|move|p1a: Corviknight|Roost|p1a: Corviknight\n|-heal|p1a: Corviknight|57\/100 par\n|-singleturn|p1a: Corviknight|move: Roost\n|\n|-heal|p1a: Corviknight|64\/100 par|[from] item: Leftovers\n|upkeep\n|turn|39\n|\n|t:|1606291348\n|switch|p1a: Moltres|Moltres|58\/100\n|-ability|p1a: Moltres|Pressure\n|move|p2a: Cinderace|Pyro Ball|p1a: Moltres\n|-resisted|p1a: Moltres\n|-damage|p1a: Moltres|27\/100\n|\n|upkeep\n|turn|40\n|inactive|Yuuri_Albine has 120 seconds left.\n|\n|t:|1606291360\n|move|p2a: Cinderace|High Jump Kick|p1a: Moltres\n|-start|p2a: Cinderace|typechange|Fighting|[from] ability: Libero\n|-resisted|p1a: Moltres\n|-damage|p1a: Moltres|0 fnt\n|faint|p1a: Moltres\n|\n|upkeep\n|inactive|Yuuri_Albine has 120 seconds left.\n|\n|t:|1606291368\n|switch|p1a: Clefable|Clefable, M|71\/100\n|turn|41\n|inactive|Yuuri_Albine has 120 seconds left.\n|\n|t:|1606291394\n|switch|p2a: Ninetales|Ninetales, M, shiny|76\/100\n|-weather|SunnyDay|[from] ability: Drought|[of] p2a: Ninetales\n|move|p1a: Clefable|Wish|p1a: Clefable\n|\n|-weather|SunnyDay|[upkeep]\n|-heal|p1a: Clefable|77\/100|[from] item: Leftovers\n|upkeep\n|turn|42\n|inactive|Yuuri_Albine has 120 seconds left.\n|\n|t:|1606291407\n|switch|p1a: Blissey|Blissey, F|100\/100\n|move|p2a: Ninetales|Flamethrower|p1a: Blissey\n|-damage|p1a: Blissey|81\/100\n|\n|-weather|SunnyDay|[upkeep]\n|-heal|p1a: Blissey|100\/100|[from] move: Wish|[wisher] Clefable\n|upkeep\n|turn|43\n|inactive|Yuuri_Albine has 120 seconds left.\n|\n|t:|1606291418\n|switch|p2a: Klefki|Klefki, F, shiny|16\/100\n|move|p1a: Blissey|Toxic|p2a: Klefki\n|-immune|p2a: Klefki\n|\n|-weather|SunnyDay|[upkeep]\n|upkeep\n|turn|44\n|inactive|Yuuri_Albine has 120 seconds left.\n|\n|t:|1606291425\n|switch|p2a: Cinderace|Cinderace, F|84\/100\n|move|p1a: Blissey|Seismic Toss|p2a: Cinderace\n|-damage|p2a: Cinderace|51\/100\n|\n|-weather|SunnyDay|[upkeep]\n|upkeep\n|turn|45\n|\n|t:|1606291433\n|switch|p1a: Clefable|Clefable, M|77\/100\n|move|p2a: Cinderace|High Jump Kick|p1a: Clefable|[miss]\n|-start|p2a: Cinderace|typechange|Fighting|[from] ability: Libero\n|-miss|p2a: Cinderace|p1a: Clefable\n|-damage|p2a: Cinderace|1\/100|[from] highjumpkick\n|\n|-weather|none\n|-heal|p1a: Clefable|83\/100|[from] item: Leftovers\n|upkeep\n|turn|46\n|\n|t:|1606291468\n|switch|p2a: Ninetales|Ninetales, M, shiny|76\/100\n|-weather|SunnyDay|[from] ability: Drought|[of] p2a: Ninetales\n|move|p1a: Clefable|Teleport|p1a: Clefable\n|\n|t:|1606291471\n|switch|p1a: Blissey|Blissey, F|100\/100|[from]move: Teleport\n|\n|-weather|SunnyDay|[upkeep]\n|upkeep\n|turn|47\n|\n|t:|1606291481\n|switch|p2a: Klefki|Klefki, F, shiny|16\/100\n|move|p1a: Blissey|Toxic|p2a: Klefki\n|-immune|p2a: Klefki\n|\n|-weather|SunnyDay|[upkeep]\n|upkeep\n|turn|48\n|\n|t:|1606291489\n|move|p2a: Klefki|Thunder Wave|p1a: Blissey\n|-status|p1a: Blissey|par\n|move|p1a: Blissey|Seismic Toss|p2a: Klefki\n|-damage|p2a: Klefki|0 fnt\n|faint|p2a: Klefki\n|\n|-weather|SunnyDay|[upkeep]\n|upkeep\n|\n|t:|1606291508\n|switch|p2a: Zapdos|Zapdos-Galar|100\/100\n|turn|49\n|inactive|Yuuri_Albine has 120 seconds left.\n|inactive|Yuuri_Albine has 90 seconds left.\n|\n|t:|1606291589\n|-curestatus|p1a: Blissey|par|[from] ability: Natural Cure\n|switch|p1a: Corviknight|Corviknight, M|64\/100 par\n|-ability|p1a: Corviknight|Pressure\n|move|p2a: Zapdos|Thunderous Kick|p1a: Corviknight\n|-damage|p1a: Corviknight|24\/100 par\n|-unboost|p1a: Corviknight|def|1\n|\n|-weather|SunnyDay|[upkeep]\n|-heal|p1a: Corviknight|30\/100 par|[from] item: Leftovers\n|upkeep\n|turn|50\n|\n|t:|1606291607\n|switch|p1a: Ditto|Ditto|100\/100\n|-transform|p1a: Ditto|p2a: Zapdos|[from] ability: Imposter\n|move|p2a: Zapdos|Thunderous Kick|p1a: Ditto\n|-resisted|p1a: Ditto\n|-damage|p1a: Ditto|72\/100\n|-unboost|p1a: Ditto|def|1\n|-ability|p1a: Ditto|Defiant\n|-boost|p1a: Ditto|atk|2\n|\n|-weather|none\n|upkeep\n|turn|51\n|inactive|Yuuri_Albine has 60 seconds left.\n|\n|t:|1606291647\n|switch|p2a: Cinderace|Cinderace, F|1\/100\n|move|p1a: Ditto|Thunderous Kick|p2a: Cinderace\n|-damage|p2a: Cinderace|0 fnt\n|faint|p2a: Cinderace\n|\n|upkeep\n|\n|t:|1606291659\n|switch|p2a: Zapdos|Zapdos-Galar|100\/100\n|turn|52\n|\n|t:|1606291671\n|switch|p1a: Corviknight|Corviknight, M|30\/100 par\n|-ability|p1a: Corviknight|Pressure\n|move|p2a: Zapdos|Acrobatics|p1a: Corviknight\n|-resisted|p1a: Corviknight\n|-damage|p1a: Corviknight|9\/100 par\n|\n|-heal|p1a: Corviknight|15\/100 par|[from] item: Leftovers\n|upkeep\n|turn|53\n|\n|t:|1606291682\n|switch|p1a: Ferrothorn|Ferrothorn, F|100\/100 par\n|move|p2a: Zapdos|Thunderous Kick|p1a: Ferrothorn\n|-supereffective|p1a: Ferrothorn\n|-damage|p1a: Ferrothorn|47\/100 par\n|-unboost|p1a: Ferrothorn|def|1\n|-damage|p2a: Zapdos|88\/100|[from] ability: Iron Barbs|[of] p1a: Ferrothorn\n|\n|-heal|p1a: Ferrothorn|53\/100 par|[from] item: Leftovers\n|upkeep\n|turn|54\n|\n|t:|1606291694\n|switch|p1a: Corviknight|Corviknight, M|15\/100 par\n|-ability|p1a: Corviknight|Pressure\n|move|p2a: Zapdos|Thunderous Kick|p1a: Corviknight\n|-damage|p1a: Corviknight|0 fnt\n|faint|p1a: Corviknight\n|\n|upkeep\n|\n|t:|1606291706\n|switch|p1a: Clefable|Clefable, M|83\/100\n|turn|55\n|\n|t:|1606291726\n|switch|p2a: Blaziken|Blaziken, M|100\/100\n|move|p1a: Clefable|Wish|p1a: Clefable\n|\n|-heal|p1a: Clefable|89\/100|[from] item: Leftovers\n|upkeep\n|turn|56\n|\n|t:|1606291745\n|move|p2a: Blaziken|Blaze Kick|p1a: Clefable\n|-damage|p1a: Clefable|51\/100\n|move|p1a: Clefable|Moonblast|p2a: Blaziken\n|-damage|p2a: Blaziken|51\/100\n|-unboost|p2a: Blaziken|spa|1\n|\n|-heal|p1a: Clefable|100\/100|[from] move: Wish|[wisher] Clefable\n|-ability|p2a: Blaziken|Speed Boost|boost\n|-boost|p2a: Blaziken|spe|1\n|upkeep\n|turn|57\n|\n|t:|1606291761\n|move|p2a: Blaziken|Blaze Kick|p1a: Clefable\n|-damage|p1a: Clefable|62\/100\n|move|p1a: Clefable|Wish|p1a: Clefable\n|\n|-heal|p1a: Clefable|69\/100|[from] item: Leftovers\n|-ability|p2a: Blaziken|Speed Boost|boost\n|-boost|p2a: Blaziken|spe|1\n|upkeep\n|turn|58\n|inactive|glaed13 has 120 seconds left.\n|\n|t:|1606291782\n|switch|p2a: Ninetales|Ninetales, M, shiny|76\/100\n|-weather|SunnyDay|[from] ability: Drought|[of] p2a: Ninetales\n|move|p1a: Clefable|Teleport|p1a: Clefable\n|\n|t:|1606291788\n|switch|p1a: Blissey|Blissey, F|100\/100|[from]move: Teleport\n|\n|-weather|SunnyDay|[upkeep]\n|upkeep\n|turn|59\n|\n|t:|1606291803\n|switch|p2a: Blaziken|Blaziken, M|51\/100\n|move|p1a: Blissey|Toxic|p2a: Blaziken\n|-status|p2a: Blaziken|tox\n|\n|-weather|SunnyDay|[upkeep]\n|-damage|p2a: Blaziken|45\/100 tox|[from] psn\n|upkeep\n|turn|60\n|\n|t:|1606291818\n|switch|p1a: Clefable|Clefable, M|69\/100\n|move|p2a: Blaziken|High Jump Kick|p1a: Clefable\n|-resisted|p1a: Clefable\n|-damage|p1a: Clefable|40\/100\n|\n|-weather|SunnyDay|[upkeep]\n|-heal|p1a: Clefable|46\/100|[from] item: Leftovers\n|-damage|p2a: Blaziken|33\/100 tox|[from] psn\n|-ability|p2a: Blaziken|Speed Boost|boost\n|-boost|p2a: Blaziken|spe|1\n|upkeep\n|turn|61\n|\n|t:|1606291834\n|switch|p2a: Garchomp|Garchomp, F|100\/100\n|switch|p1a: Ditto|Ditto|72\/100\n|-transform|p1a: Ditto|p2a: Garchomp|[from] ability: Imposter\n|\n|-weather|SunnyDay|[upkeep]\n|upkeep\n|turn|62\n|\n|t:|1606291846\n|move|p1a: Ditto|Scale Shot|p2a: Garchomp\n|-supereffective|p2a: Garchomp\n|-damage|p2a: Garchomp|70\/100\n|-supereffective|p2a: Garchomp\n|-crit|p2a: Garchomp\n|-damage|p2a: Garchomp|26\/100\n|-supereffective|p2a: Garchomp\n|-damage|p2a: Garchomp|0 fnt\n|-hitcount|p2a: Garchomp|3\n|-unboost|p1a: Ditto|def|1\n|-boost|p1a: Ditto|spe|1\n|faint|p2a: Garchomp\n|\n|-weather|none\n|upkeep\n|inactive|glaed13 has 120 seconds left.\n|\n|t:|1606291872\n|switch|p2a: Zapdos|Zapdos-Galar|88\/100\n|turn|63\n|\n|t:|1606291890\n|switch|p1a: Ferrothorn|Ferrothorn, F|53\/100 par\n|move|p2a: Zapdos|Acrobatics|p1a: Ferrothorn\n|-damage|p1a: Ferrothorn|22\/100 par\n|-damage|p2a: Zapdos|76\/100|[from] ability: Iron Barbs|[of] p1a: Ferrothorn\n|\n|-heal|p1a: Ferrothorn|28\/100 par|[from] item: Leftovers\n|upkeep\n|turn|64\n|inactive|glaed13 has 120 seconds left.\n|\n|t:|1606291903\n|move|p2a: Zapdos|Acrobatics|p1a: Ferrothorn\n|-damage|p1a: Ferrothorn|0 fnt\n|-damage|p2a: Zapdos|63\/100|[from] ability: Iron Barbs|[of] p1a: Ferrothorn\n|faint|p1a: Ferrothorn\n|\n|upkeep\n|\n|t:|1606291906\n|switch|p1a: Ditto|Ditto|72\/100\n|-transform|p1a: Ditto|p2a: Zapdos|[from] ability: Imposter\n|turn|65\n|\n|t:|1606291916\n|move|p1a: Ditto|Acrobatics|p2a: Zapdos\n|-supereffective|p2a: Zapdos\n|-damage|p2a: Zapdos|0 fnt\n|faint|p2a: Zapdos\n|\n|upkeep\n|inactive|glaed13 has 120 seconds left.\n|\n|t:|1606291934\n|switch|p2a: Ninetales|Ninetales, M, shiny|76\/100\n|-weather|SunnyDay|[from] ability: Drought|[of] p2a: Ninetales\n|turn|66\n|\n|t:|1606291939\n|switch|p1a: Blissey|Blissey, F|100\/100\n|switch|p2a: Blaziken|Blaziken, M|33\/100 tox\n|\n|-weather|SunnyDay|[upkeep]\n|-damage|p2a: Blaziken|27\/100 tox|[from] psn\n|upkeep\n|turn|67\n|\n|t:|1606291949\n|switch|p1a: Clefable|Clefable, M|46\/100\n|move|p2a: Blaziken|Blaze Kick|p1a: Clefable\n|-damage|p1a: Clefable|0 fnt\n|faint|p1a: Clefable\n|\n|-weather|SunnyDay|[upkeep]\n|-damage|p2a: Blaziken|15\/100 tox|[from] psn\n|-ability|p2a: Blaziken|Speed Boost|boost\n|-boost|p2a: Blaziken|spe|1\n|upkeep\n|\n|t:|1606291956\n|switch|p1a: Ditto|Ditto|72\/100\n|-transform|p1a: Ditto|p2a: Blaziken|[from] ability: Imposter\n|turn|68\n|\n|t:|1606291965\n|move|p1a: Ditto|Earthquake|p2a: Blaziken\n|-supereffective|p2a: Blaziken\n|-damage|p2a: Blaziken|0 fnt\n|faint|p2a: Blaziken\n|\n|-weather|SunnyDay|[upkeep]\n|-ability|p1a: Ditto|Speed Boost|boost\n|-boost|p1a: Ditto|spe|1\n|upkeep\n|\n|t:|1606291967\n|switch|p2a: Ninetales|Ninetales, M, shiny|76\/100\n|turn|69\n|\n|t:|1606291972\n|move|p1a: Ditto|Earthquake|p2a: Ninetales\n|-supereffective|p2a: Ninetales\n|-damage|p2a: Ninetales|0 fnt\n|faint|p2a: Ninetales\n|\n|win|Yuuri_Albine\n|raw|Yuuri_Albine's rating: 1697 &rarr; <strong>1722<\/strong><br \/>(+25 for winning)\n|raw|glaed13's rating: 1798 &rarr; <strong>1773<\/strong><br \/>(-25 for losing)\n","uploadtime":1606291984,"views":18,"p1id":"yuurialbine","p2id":"glaed13","formatid":"gen8ou","rating":1722,"private":0,"password":null}