{"id":"gen8bdspou-1458219125","p1":"Buhrito","p2":"wellhell","format":"gen8bdspou","log":"|j|\u2606Buhrito\n|j|\u2606wellhell\n|t:|1637489836\n|gametype|singles\n|player|p1|Buhrito|blackbelt-gen4dp|1229\n|player|p2|wellhell|waiter|1260\n|teamsize|p1|6\n|teamsize|p2|6\n|gen|8\n|tier|[Gen 8 BDSP] OU\n|rated|\n|rule|Sleep Clause Mod: Limit one foe put to sleep\n|rule|Species Clause: Limit one of each Pok\u00e9mon\n|rule|OHKO Clause: OHKO moves are banned\n|rule|Evasion Moves Clause: Evasion moves are banned\n|rule|Endless Battle Clause: Forcing endless battles is banned\n|rule|HP Percentage Mod: HP is shown in percentages\n|clearpoke\n|poke|p1|Gliscor, M|\n|poke|p1|Clefable, F|\n|poke|p1|Garchomp, M|\n|poke|p1|Rotom-Wash|\n|poke|p1|Latios, M|\n|poke|p1|Blissey, F|\n|poke|p2|Heracross, F|\n|poke|p2|Gengar, M|\n|poke|p2|Latios, M|\n|poke|p2|Blissey, F|\n|poke|p2|Skarmory, M|\n|poke|p2|Gliscor, M|\n|teampreview\n|\n|t:|1637489862\n|start\n|switch|p1a: Garchomp|Garchomp, M|100\/100\n|switch|p2a: Latios|Latios, M|100\/100\n|turn|1\n|\n|t:|1637489864\n|switch|p1a: Blissey|Blissey, F|100\/100\n|move|p2a: Latios|Ice Beam|p1a: Blissey\n|-damage|p1a: Blissey|89\/100\n|\n|-heal|p1a: Blissey|95\/100|[from] item: Leftovers\n|upkeep\n|turn|2\n|\n|t:|1637489869\n|switch|p2a: Blissey|Blissey, F|100\/100\n|move|p1a: Blissey|Stealth Rock|p2a: Blissey\n|-sidestart|p2: wellhell|move: Stealth Rock\n|\n|-heal|p1a: Blissey|100\/100|[from] item: Leftovers\n|upkeep\n|turn|3\n|\n|t:|1637489876\n|switch|p1a: Garchomp|Garchomp, M|100\/100\n|move|p2a: Blissey|Stealth Rock|p1a: Garchomp\n|-sidestart|p1: Buhrito|move: Stealth Rock\n|\n|upkeep\n|turn|4\n|\n|t:|1637489886\n|switch|p2a: Skarmory|Skarmory, M|100\/100\n|-damage|p2a: Skarmory|88\/100|[from] Stealth Rock\n|move|p1a: Garchomp|Swords Dance|p1a: Garchomp\n|-boost|p1a: Garchomp|atk|2\n|\n|upkeep\n|turn|5\n|\n|t:|1637489890\n|move|p1a: Garchomp|Fire Blast|p2a: Skarmory\n|-supereffective|p2a: Skarmory\n|-damage|p2a: Skarmory|21\/100\n|-damage|p1a: Garchomp|91\/100|[from] item: Life Orb\n|move|p2a: Skarmory|Whirlwind|p1a: Garchomp\n|drag|p1a: Latios|Latios, M|100\/100\n|-damage|p1a: Latios|88\/100|[from] Stealth Rock\n|\n|upkeep\n|turn|6\n|\n|t:|1637489903\n|switch|p2a: Blissey|Blissey, F|100\/100\n|-damage|p2a: Blissey|88\/100|[from] Stealth Rock\n|move|p1a: Latios|Thunderbolt|p2a: Blissey\n|-damage|p2a: Blissey|75\/100\n|\n|-heal|p2a: Blissey|81\/100|[from] item: Leftovers\n|upkeep\n|turn|7\n|\n|t:|1637489911\n|switch|p1a: Gliscor|Gliscor, M|100\/100\n|-damage|p1a: Gliscor|88\/100|[from] Stealth Rock\n|switch|p2a: Latios|Latios, M|100\/100\n|-damage|p2a: Latios|88\/100|[from] Stealth Rock\n|\n|-status|p1a: Gliscor|tox|[from] item: Toxic Orb\n|upkeep\n|turn|8\n|\n|t:|1637489917\n|switch|p2a: Heracross|Heracross, F|100\/100\n|-damage|p2a: Heracross|88\/100|[from] Stealth Rock\n|move|p1a: Gliscor|Protect||[still]\n|-fail|p1a: Gliscor\n|\n|-heal|p1a: Gliscor|100\/100 tox|[from] ability: Poison Heal\n|-status|p2a: Heracross|brn|[from] item: Flame Orb\n|upkeep\n|turn|9\n|\n|t:|1637489932\n|move|p1a: Gliscor|Protect|p1a: Gliscor\n|-singleturn|p1a: Gliscor|Protect\n|move|p2a: Heracross|Swords Dance|p2a: Heracross\n|-boost|p2a: Heracross|atk|2\n|\n|-damage|p2a: Heracross|82\/100 brn|[from] brn\n|upkeep\n|turn|10\n|\n|t:|1637489980\n|move|p2a: Heracross|Facade|p1a: Gliscor\n|-damage|p1a: Gliscor|11\/100 tox\n|move|p1a: Gliscor|U-turn|p2a: Heracross\n|-resisted|p2a: Heracross\n|-damage|p2a: Heracross|72\/100 brn\n|\n|t:|1637489986\n|switch|p1a: Latios|Latios, M|88\/100|[from]move: U-turn\n|-damage|p1a: Latios|76\/100|[from] Stealth Rock\n|\n|-damage|p2a: Heracross|66\/100 brn|[from] brn\n|upkeep\n|turn|11\n|\n|t:|1637489993\n|switch|p2a: Blissey|Blissey, F|81\/100\n|-damage|p2a: Blissey|69\/100|[from] Stealth Rock\n|move|p1a: Latios|Psychic|p2a: Blissey\n|-damage|p2a: Blissey|50\/100\n|\n|-heal|p2a: Blissey|57\/100|[from] item: Leftovers\n|upkeep\n|turn|12\n|\n|t:|1637490013\n|switch|p1a: Garchomp|Garchomp, M|91\/100\n|-damage|p1a: Garchomp|85\/100|[from] Stealth Rock\n|move|p2a: Blissey|Soft-Boiled|p2a: Blissey\n|-heal|p2a: Blissey|100\/100\n|\n|upkeep\n|turn|13\n|\n|t:|1637490024\n|switch|p2a: Latios|Latios, M|88\/100\n|-damage|p2a: Latios|76\/100|[from] Stealth Rock\n|move|p1a: Garchomp|Earthquake|p2a: Latios\n|-immune|p2a: Latios|[from] ability: Levitate\n|\n|upkeep\n|turn|14\n|\n|t:|1637490030\n|switch|p1a: Blissey|Blissey, F|100\/100\n|-damage|p1a: Blissey|88\/100|[from] Stealth Rock\n|move|p2a: Latios|Draco Meteor|p1a: Blissey|[miss]\n|-miss|p2a: Latios|p1a: Blissey\n|\n|-heal|p1a: Blissey|94\/100|[from] item: Leftovers\n|upkeep\n|turn|15\n|\n|t:|1637490044\n|move|p2a: Latios|Psychic|p1a: Blissey\n|-damage|p1a: Blissey|74\/100\n|move|p1a: Blissey|Seismic Toss|p2a: Latios\n|-damage|p2a: Latios|43\/100\n|\n|-heal|p1a: Blissey|80\/100|[from] item: Leftovers\n|upkeep\n|turn|16\n|\n|t:|1637490052\n|switch|p2a: Heracross|Heracross, F|66\/100 brn\n|-damage|p2a: Heracross|54\/100 brn|[from] Stealth Rock\n|move|p1a: Blissey|Seismic Toss|p2a: Heracross\n|-damage|p2a: Heracross|20\/100 brn\n|\n|-heal|p1a: Blissey|87\/100|[from] item: Leftovers\n|-damage|p2a: Heracross|14\/100 brn|[from] brn\n|upkeep\n|turn|17\n|\n|t:|1637490065\n|switch|p1a: Gliscor|Gliscor, M|11\/100 tox\n|-damage|p1a: Gliscor|0 fnt|[from] Stealth Rock\n|faint|p1a: Gliscor\n|move|p2a: Heracross|Close Combat|p1: Gliscor|[notarget]\n|-fail|p2a: Heracross\n|\n|-damage|p2a: Heracross|8\/100 brn|[from] brn\n|upkeep\n|\n|t:|1637490073\n|switch|p1a: Latios|Latios, M|76\/100\n|-damage|p1a: Latios|64\/100|[from] Stealth Rock\n|turn|18\n|\n|t:|1637490084\n|move|p1a: Latios|Psychic|p2a: Heracross\n|-supereffective|p2a: Heracross\n|-damage|p2a: Heracross|0 fnt\n|faint|p2a: Heracross\n|\n|upkeep\n|\n|t:|1637490088\n|switch|p2a: Blissey|Blissey, F|100\/100\n|-damage|p2a: Blissey|88\/100|[from] Stealth Rock\n|turn|19\n|\n|t:|1637490097\n|switch|p1a: Clefable|Clefable, F|100\/100\n|-damage|p1a: Clefable|88\/100|[from] Stealth Rock\n|move|p2a: Blissey|Seismic Toss|p1a: Clefable\n|-damage|p1a: Clefable|63\/100\n|\n|-heal|p1a: Clefable|69\/100|[from] item: Leftovers\n|-heal|p2a: Blissey|94\/100|[from] item: Leftovers\n|upkeep\n|turn|20\n|\n|t:|1637490106\n|move|p1a: Clefable|Wish|p1a: Clefable\n|move|p2a: Blissey|Thunder Wave|p1a: Clefable|[miss]\n|-miss|p2a: Blissey|p1a: Clefable\n|\n|-heal|p1a: Clefable|75\/100|[from] item: Leftovers\n|-heal|p2a: Blissey|99\/100|[from] item: Leftovers\n|upkeep\n|turn|21\n|\n|t:|1637490114\n|switch|p1a: Garchomp|Garchomp, M|85\/100\n|-damage|p1a: Garchomp|78\/100|[from] Stealth Rock\n|switch|p2a: Latios|Latios, M|43\/100\n|-damage|p2a: Latios|30\/100|[from] Stealth Rock\n|\n|-heal|p1a: Garchomp|100\/100|[from] move: Wish|[wisher] Clefable\n|upkeep\n|turn|22\n|\n|t:|1637490120\n|switch|p1a: Blissey|Blissey, F|87\/100\n|-damage|p1a: Blissey|74\/100|[from] Stealth Rock\n|move|p2a: Latios|Draco Meteor|p1a: Blissey\n|-damage|p1a: Blissey|44\/100\n|-unboost|p2a: Latios|spa|2\n|\n|-heal|p1a: Blissey|50\/100|[from] item: Leftovers\n|upkeep\n|turn|23\n|\n|t:|1637490126\n|switch|p2a: Skarmory|Skarmory, M|21\/100\n|-damage|p2a: Skarmory|8\/100|[from] Stealth Rock\n|move|p1a: Blissey|Soft-Boiled|p1a: Blissey\n|-heal|p1a: Blissey|100\/100\n|\n|upkeep\n|turn|24\n|\n|t:|1637490132\n|switch|p1a: Rotom|Rotom-Wash|100\/100\n|-damage|p1a: Rotom|88\/100|[from] Stealth Rock\n|move|p2a: Skarmory|Roost|p2a: Skarmory\n|-heal|p2a: Skarmory|58\/100\n|-singleturn|p2a: Skarmory|move: Roost\n|\n|-heal|p1a: Rotom|94\/100|[from] item: Leftovers\n|upkeep\n|turn|25\n|\n|t:|1637490137\n|switch|p2a: Gliscor|Gliscor, M|100\/100\n|-damage|p2a: Gliscor|88\/100|[from] Stealth Rock\n|move|p1a: Rotom|Volt Switch|p2a: Gliscor\n|-immune|p2a: Gliscor\n|\n|-heal|p1a: Rotom|100\/100|[from] item: Leftovers\n|-status|p2a: Gliscor|tox|[from] item: Toxic Orb\n|upkeep\n|turn|26\n|\n|t:|1637490140\n|switch|p2a: Blissey|Blissey, F|99\/100\n|-damage|p2a: Blissey|88\/100|[from] Stealth Rock\n|move|p1a: Rotom|Hydro Pump|p2a: Blissey|[miss]\n|-miss|p1a: Rotom|p2a: Blissey\n|\n|-heal|p2a: Blissey|94\/100|[from] item: Leftovers\n|upkeep\n|turn|27\n|\n|t:|1637490146\n|move|p1a: Rotom|Volt Switch|p2a: Blissey\n|-damage|p2a: Blissey|85\/100\n|\n|t:|1637490149\n|switch|p1a: Garchomp|Garchomp, M|100\/100|[from]move: Volt Switch\n|-damage|p1a: Garchomp|94\/100|[from] Stealth Rock\n|move|p2a: Blissey|Seismic Toss|p1a: Garchomp\n|-damage|p1a: Garchomp|66\/100\n|-damage|p2a: Blissey|73\/100|[from] ability: Rough Skin|[of] p1a: Garchomp\n|\n|-heal|p2a: Blissey|79\/100|[from] item: Leftovers\n|upkeep\n|turn|28\n|\n|t:|1637490156\n|switch|p2a: Gliscor|Gliscor, M|88\/100 tox\n|-damage|p2a: Gliscor|76\/100 tox|[from] Stealth Rock\n|move|p1a: Garchomp|Earthquake|p2a: Gliscor\n|-immune|p2a: Gliscor\n|\n|-heal|p2a: Gliscor|88\/100 tox|[from] ability: Poison Heal\n|upkeep\n|turn|29\n|\n|t:|1637490160\n|move|p1a: Garchomp|Swords Dance|p1a: Garchomp\n|-boost|p1a: Garchomp|atk|2\n|move|p2a: Gliscor|Earthquake|p1a: Garchomp\n|-damage|p1a: Garchomp|34\/100\n|\n|-heal|p2a: Gliscor|100\/100 tox|[from] ability: Poison Heal\n|upkeep\n|turn|30\n|\n|t:|1637490168\n|move|p1a: Garchomp|Fire Blast|p2a: Gliscor\n|-damage|p2a: Gliscor|68\/100 tox\n|-damage|p1a: Garchomp|25\/100|[from] item: Life Orb\n|move|p2a: Gliscor|Earthquake|p1a: Garchomp\n|-damage|p1a: Garchomp|0 fnt\n|faint|p1a: Garchomp\n|\n|-heal|p2a: Gliscor|81\/100 tox|[from] ability: Poison Heal\n|upkeep\n|\n|t:|1637490206\n|switch|p1a: Rotom|Rotom-Wash|100\/100\n|-damage|p1a: Rotom|88\/100|[from] Stealth Rock\n|turn|31\n|\n|t:|1637490212\n|switch|p2a: Blissey|Blissey, F|79\/100\n|-damage|p2a: Blissey|66\/100|[from] Stealth Rock\n|move|p1a: Rotom|Volt Switch|p2a: Blissey\n|-damage|p2a: Blissey|57\/100\n|\n|t:|1637490242\n|switch|p1a: Clefable|Clefable, F|75\/100|[from]move: Volt Switch\n|-damage|p1a: Clefable|62\/100|[from] Stealth Rock\n|\n|-heal|p1a: Clefable|69\/100|[from] item: Leftovers\n|-heal|p2a: Blissey|64\/100|[from] item: Leftovers\n|upkeep\n|turn|32\n|\n|t:|1637490248\n|move|p1a: Clefable|Wish|p1a: Clefable\n|move|p2a: Blissey|Thunder Wave|p1a: Clefable\n|-status|p1a: Clefable|par\n|\n|-heal|p2a: Blissey|70\/100|[from] item: Leftovers\n|-heal|p1a: Clefable|75\/100 par|[from] item: Leftovers\n|upkeep\n|turn|33\n|\n|t:|1637490264\n|switch|p1a: Rotom|Rotom-Wash|88\/100\n|-damage|p1a: Rotom|75\/100|[from] Stealth Rock\n|move|p2a: Blissey|Thunder Wave|p1a: Rotom\n|-immune|p1a: Rotom\n|\n|-heal|p1a: Rotom|100\/100|[from] move: Wish|[wisher] Clefable\n|-heal|p2a: Blissey|76\/100|[from] item: Leftovers\n|upkeep\n|turn|34\n|\n|t:|1637490270\n|move|p1a: Rotom|Volt Switch|p2a: Blissey\n|-damage|p2a: Blissey|67\/100\n|\n|t:|1637490273\n|switch|p1a: Clefable|Clefable, F|75\/100 par|[from]move: Volt Switch\n|-damage|p1a: Clefable|62\/100 par|[from] Stealth Rock\n|move|p2a: Blissey|Soft-Boiled|p2a: Blissey\n|-heal|p2a: Blissey|100\/100\n|\n|-heal|p1a: Clefable|68\/100 par|[from] item: Leftovers\n|upkeep\n|turn|35\n|\n|t:|1637490281\n|switch|p2a: Skarmory|Skarmory, M|58\/100\n|-damage|p2a: Skarmory|46\/100|[from] Stealth Rock\n|move|p1a: Clefable|Moonlight|p1a: Clefable\n|-heal|p1a: Clefable|100\/100 par\n|\n|upkeep\n|turn|36\n|\n|t:|1637490289\n|move|p2a: Skarmory|Spikes|p1a: Clefable\n|-sidestart|p1: Buhrito|Spikes\n|cant|p1a: Clefable|par\n|\n|upkeep\n|turn|37\n|-message|Buhrito forfeited.\n|\n|win|wellhell\n|raw|Buhrito's rating: 1229 &rarr; <strong>1206<\/strong><br \/>(-23 for losing)\n|raw|wellhell's rating: 1260 &rarr; <strong>1283<\/strong><br \/>(+23 for winning)\n|l|\u2606Buhrito\n","uploadtime":1637490299,"views":22,"p1id":"buhrito","p2id":"wellhell","formatid":"gen8bdspou","rating":1206,"private":0,"password":null}