{"id":"gen8ubers-1340902386","p1":"ULT8RQ spitfire","p2":"Bannedbyweek2","format":"gen8ubers","log":"|raw|<div class=\"broadcast-blue\"><strong>This battle is required to be public due to a player having a name starting with 'ULT8RQ'.<\/div>\n|j|\u2606ULT8RQ spitfire\n|j|\u2606Bannedbyweek2\n|t:|1621065271\n|gametype|singles\n|player|p1|ULT8RQ spitfire|hilda|1612\n|player|p2|Bannedbyweek2|170|1506\n|teamsize|p1|6\n|teamsize|p2|6\n|gen|8\n|tier|[Gen 8] Ubers\n|rated|\n|rule|Sleep Clause Mod: Limit one foe put to sleep\n|rule|Species Clause: Limit one of each Pok\u00e9mon\n|rule|OHKO Clause: OHKO moves are banned\n|rule|Evasion Moves Clause: Evasion moves are banned\n|rule|Endless Battle Clause: Forcing endless battles is banned\n|rule|HP Percentage Mod: HP is shown in percentages\n|rule|Dynamax Clause: You cannot dynamax\n|clearpoke\n|poke|p1|Excadrill, M|\n|poke|p1|Grimmsnarl, M|\n|poke|p1|Zekrom|\n|poke|p1|Xerneas-*|\n|poke|p1|Zygarde|\n|poke|p1|Necrozma-Dusk-Mane|\n|poke|p2|Calyrex-Ice|\n|poke|p2|Yveltal|\n|poke|p2|Xerneas-*|\n|poke|p2|Magnezone|\n|poke|p2|Ditto|\n|poke|p2|Zekrom|\n|teampreview\n|inactive|Battle timer is ON: inactive players will automatically lose when time's up. (requested by Bannedbyweek2)\n|inactive|ULT8RQ spitfire also wants the timer to be on.\n|\n|t:|1621065285\n|start\n|switch|p1a: Excadrill|Excadrill, M|100\/100\n|switch|p2a: Yveltal|Yveltal, shiny|100\/100\n|-ability|p2a: Yveltal|Dark Aura\n|-ability|p1a: Excadrill|Mold Breaker\n|turn|1\n|\n|t:|1621065296\n|move|p2a: Yveltal|Knock Off|p1a: Excadrill\n|-damage|p1a: Excadrill|20\/100\n|-enditem|p1a: Excadrill|Focus Sash|[from] move: Knock Off|[of] p2a: Yveltal\n|move|p1a: Excadrill|Stealth Rock|p2a: Yveltal\n|-sidestart|p2: Bannedbyweek2|move: Stealth Rock\n|\n|upkeep\n|turn|2\n|\n|t:|1621065302\n|move|p2a: Yveltal|Knock Off|p1a: Excadrill\n|-damage|p1a: Excadrill|0 fnt\n|faint|p1a: Excadrill\n|\n|upkeep\n|\n|t:|1621065307\n|switch|p1a: Xerneas|Xerneas|100\/100\n|-ability|p1a: Xerneas|Fairy Aura\n|turn|3\n|\n|t:|1621065317\n|move|p2a: Yveltal|Knock Off|p1a: Xerneas\n|-resisted|p1a: Xerneas\n|-damage|p1a: Xerneas|75\/100\n|-enditem|p1a: Xerneas|Power Herb|[from] move: Knock Off|[of] p2a: Yveltal\n|move|p1a: Xerneas|Geomancy||[still]\n|-prepare|p1a: Xerneas|Geomancy\n|\n|upkeep\n|turn|4\n|\n|t:|1621065322\n|move|p2a: Yveltal|Disable|p1a: Xerneas\n|-start|p1a: Xerneas|Disable|Geomancy\n|cant|p1a: Xerneas|Disable|Geomancy\n|\n|upkeep\n|turn|5\n|\n|t:|1621065340\n|move|p2a: Yveltal|Knock Off|p1a: Xerneas\n|-resisted|p1a: Xerneas\n|-damage|p1a: Xerneas|59\/100\n|move|p1a: Xerneas|Moonblast|p2a: Yveltal\n|-supereffective|p2a: Yveltal\n|-damage|p2a: Yveltal|4\/100\n|-unboost|p2a: Yveltal|spa|1\n|\n|upkeep\n|turn|6\n|\n|t:|1621065352\n|move|p2a: Yveltal|Knock Off|p1a: Xerneas\n|-resisted|p1a: Xerneas\n|-damage|p1a: Xerneas|40\/100\n|move|p1a: Xerneas|Moonblast|p2a: Yveltal\n|-supereffective|p2a: Yveltal\n|-damage|p2a: Yveltal|0 fnt\n|faint|p2a: Yveltal\n|\n|upkeep\n|j|+Aberforth\n|inactive|Bannedbyweek2 has 120 seconds left.\n|\n|t:|1621065378\n|switch|p2a: Xerneas|Xerneas|100\/100\n|-damage|p2a: Xerneas|88\/100|[from] Stealth Rock\n|-ability|p2a: Xerneas|Fairy Aura\n|turn|7\n|inactive|ULT8RQ spitfire has 120 seconds left.\n|\n|t:|1621065425\n|move|p1a: Xerneas|Moonblast|p2a: Xerneas\n|-damage|p2a: Xerneas|27\/100\n|-unboost|p2a: Xerneas|spa|1\n|move|p2a: Xerneas|Geomancy||[still]\n|-prepare|p2a: Xerneas|Geomancy\n|-enditem|p2a: Xerneas|Power Herb\n|-anim|p2a: Xerneas|Geomancy|p2a: Xerneas\n|-boost|p2a: Xerneas|spa|2\n|-boost|p2a: Xerneas|spd|2\n|-boost|p2a: Xerneas|spe|2\n|\n|-end|p1a: Xerneas|Disable\n|upkeep\n|turn|8\n|\n|t:|1621065430\n|move|p2a: Xerneas|Moonblast|p1a: Xerneas\n|-damage|p1a: Xerneas|0 fnt\n|faint|p1a: Xerneas\n|\n|upkeep\n|\n|t:|1621065433\n|switch|p1a: Necrozma|Necrozma-Dusk-Mane|100\/100\n|turn|9\n|\n|t:|1621065436\n|move|p2a: Xerneas|Thunder|p1a: Necrozma|[miss]\n|-miss|p2a: Xerneas|p1a: Necrozma\n|move|p1a: Necrozma|Trick Room|p1a: Necrozma\n|-fieldstart|move: Trick Room|[of] p1a: Necrozma\n|\n|upkeep\n|turn|10\n|\n|t:|1621065442\n|move|p1a: Necrozma|Sunsteel Strike|p2a: Xerneas\n|-supereffective|p2a: Xerneas\n|-damage|p2a: Xerneas|0 fnt\n|faint|p2a: Xerneas\n|\n|upkeep\n|\n|t:|1621065450\n|switch|p2a: Magnezone|Magnezone|100\/100\n|-damage|p2a: Magnezone|94\/100|[from] Stealth Rock\n|-item|p2a: Magnezone|Air Balloon\n|turn|11\n|\n|t:|1621065454\n|move|p2a: Magnezone|Thunder Wave|p1a: Necrozma\n|-status|p1a: Necrozma|par\n|move|p1a: Necrozma|Stone Edge|p2a: Magnezone|[miss]\n|-miss|p1a: Necrozma|p2a: Magnezone\n|\n|upkeep\n|turn|12\n|\n|t:|1621065459\n|move|p1a: Necrozma|Sunsteel Strike|p2a: Magnezone\n|-resisted|p2a: Magnezone\n|-damage|p2a: Magnezone|83\/100\n|-enditem|p2a: Magnezone|Air Balloon\n|move|p2a: Magnezone|Iron Defense|p2a: Magnezone\n|-boost|p2a: Magnezone|def|2\n|\n|upkeep\n|turn|13\n|\n|t:|1621065465\n|cant|p1a: Necrozma|par\n|move|p2a: Magnezone|Iron Defense|p2a: Magnezone\n|-boost|p2a: Magnezone|def|2\n|\n|-fieldend|move: Trick Room\n|upkeep\n|turn|14\n|\n|t:|1621065469\n|move|p2a: Magnezone|Body Press|p1a: Necrozma\n|-damage|p1a: Necrozma|45\/100 par\n|cant|p1a: Necrozma|par\n|\n|upkeep\n|turn|15\n|\n|t:|1621065474\n|move|p2a: Magnezone|Body Press|p1a: Necrozma\n|-damage|p1a: Necrozma|0 fnt\n|faint|p1a: Necrozma\n|\n|upkeep\n|\n|t:|1621065482\n|switch|p1a: Zekrom|Zekrom|100\/100\n|-ability|p1a: Zekrom|Teravolt\n|turn|16\n|\n|t:|1621065487\n|move|p1a: Zekrom|Draco Meteor|p2a: Magnezone\n|-resisted|p2a: Magnezone\n|-damage|p2a: Magnezone|51\/100\n|-unboost|p1a: Zekrom|spa|2\n|-damage|p1a: Zekrom|91\/100|[from] item: Life Orb\n|move|p2a: Magnezone|Iron Defense|p2a: Magnezone\n|-boost|p2a: Magnezone|def|2\n|\n|upkeep\n|turn|17\n|\n|t:|1621065500\n|switch|p1a: Grimmsnarl|Grimmsnarl, M|100\/100\n|move|p2a: Magnezone|Body Press|p1a: Grimmsnarl\n|-damage|p1a: Grimmsnarl|0 fnt\n|faint|p1a: Grimmsnarl\n|\n|upkeep\n|\n|t:|1621065502\n|switch|p1a: Zekrom|Zekrom|91\/100\n|-ability|p1a: Zekrom|Teravolt\n|turn|18\n|\n|t:|1621065505\n|move|p1a: Zekrom|Draco Meteor|p2a: Magnezone\n|-resisted|p2a: Magnezone\n|-damage|p2a: Magnezone|20\/100\n|-unboost|p1a: Zekrom|spa|2\n|-damage|p1a: Zekrom|81\/100|[from] item: Life Orb\n|move|p2a: Magnezone|Body Press|p1a: Zekrom\n|-damage|p1a: Zekrom|0 fnt\n|faint|p1a: Zekrom\n|\n|upkeep\n|\n|t:|1621065514\n|switch|p1a: Zygarde|Zygarde|100\/100\n|turn|19\n|\n|t:|1621065519\n|move|p1a: Zygarde|Thousand Arrows|p2a: Magnezone\n|-supereffective|p2a: Magnezone\n|-damage|p2a: Magnezone|0 fnt\n|faint|p2a: Magnezone\n|\n|upkeep\n|\n|t:|1621065521\n|switch|p2a: Calyrex|Calyrex-Ice|100\/100\n|-ability|p2a: Calyrex|As One\n|-ability|p2a: Calyrex|Unnerve\n|-damage|p2a: Calyrex|76\/100|[from] Stealth Rock\n|turn|20\n|\n|t:|1621065527\n|move|p1a: Zygarde|Substitute|p1a: Zygarde\n|-start|p1a: Zygarde|Substitute\n|-damage|p1a: Zygarde|76\/100\n|move|p2a: Calyrex|Glacial Lance|p1a: Zygarde\n|-supereffective|p1a: Zygarde\n|-end|p1a: Zygarde|Substitute\n|\n|-heal|p1a: Zygarde|82\/100|[from] item: Leftovers\n|upkeep\n|turn|21\n|\n|t:|1621065530\n|move|p1a: Zygarde|Substitute|p1a: Zygarde\n|-start|p1a: Zygarde|Substitute\n|-damage|p1a: Zygarde|57\/100\n|move|p2a: Calyrex|Glacial Lance|p1a: Zygarde\n|-supereffective|p1a: Zygarde\n|-end|p1a: Zygarde|Substitute\n|\n|-heal|p1a: Zygarde|63\/100|[from] item: Leftovers\n|upkeep\n|turn|22\n|\n|t:|1621065533\n|move|p1a: Zygarde|Substitute|p1a: Zygarde\n|-start|p1a: Zygarde|Substitute\n|-damage|p1a: Zygarde|38\/100\n|move|p2a: Calyrex|Glacial Lance|p1a: Zygarde\n|-supereffective|p1a: Zygarde\n|-end|p1a: Zygarde|Substitute\n|\n|-heal|p1a: Zygarde|44\/100|[from] item: Leftovers\n|-activate|p1a: Zygarde|ability: Power Construct\n|detailschange|p1a: Zygarde|Zygarde-Complete\n|-heal|p1a: Zygarde|65\/100|[silent]\n|upkeep\n|turn|23\n|\n|t:|1621065537\n|move|p1a: Zygarde|Substitute|p1a: Zygarde\n|-start|p1a: Zygarde|Substitute\n|-damage|p1a: Zygarde|40\/100\n|move|p2a: Calyrex|Glacial Lance|p1a: Zygarde\n|-supereffective|p1a: Zygarde\n|-end|p1a: Zygarde|Substitute\n|\n|-heal|p1a: Zygarde|47\/100|[from] item: Leftovers\n|upkeep\n|turn|24\n|\n|t:|1621065539\n|move|p1a: Zygarde|Substitute|p1a: Zygarde\n|-start|p1a: Zygarde|Substitute\n|-damage|p1a: Zygarde|22\/100\n|move|p2a: Calyrex|Glacial Lance|p1a: Zygarde\n|-supereffective|p1a: Zygarde\n|-end|p1a: Zygarde|Substitute\n|\n|-heal|p1a: Zygarde|28\/100|[from] item: Leftovers\n|upkeep\n|turn|25\n|\n|t:|1621065544\n|move|p1a: Zygarde|Substitute|p1a: Zygarde\n|-start|p1a: Zygarde|Substitute\n|-damage|p1a: Zygarde|3\/100\n|move|p2a: Calyrex|Glacial Lance|p1a: Zygarde\n|-supereffective|p1a: Zygarde\n|-end|p1a: Zygarde|Substitute\n|\n|-heal|p1a: Zygarde|9\/100|[from] item: Leftovers\n|upkeep\n|turn|26\n|c|\u2606Bannedbyweek2|GG\n|\n|t:|1621065548\n|move|p1a: Zygarde|Glare|p2a: Calyrex\n|-status|p2a: Calyrex|par\n|cant|p2a: Calyrex|par\n|\n|-heal|p1a: Zygarde|15\/100|[from] item: Leftovers\n|upkeep\n|turn|27\n|\n|t:|1621065552\n|move|p1a: Zygarde|Thousand Arrows|p2a: Calyrex\n|-damage|p2a: Calyrex|51\/100 par\n|move|p2a: Calyrex|Glacial Lance|p1a: Zygarde\n|-supereffective|p1a: Zygarde\n|-damage|p1a: Zygarde|0 fnt\n|faint|p1a: Zygarde\n|\n|win|Bannedbyweek2\n|raw|ULT8RQ spitfire's rating: 1612 &rarr; <strong>1586<\/strong><br \/>(-26 for losing)\n|raw|Bannedbyweek2's rating: 1506 &rarr; <strong>1532<\/strong><br \/>(+26 for winning)\n|l|\u2606ULT8RQ spitfire\n","uploadtime":1621065561,"views":127,"p1id":"ult8rqspitfire","p2id":"bannedbyweek2","formatid":"gen8ubers","rating":1532,"private":0,"password":null}