{"id":"gen8nationaldex-1184470314","p1":"kura94","p2":"Commando 55","format":"gen8nationaldex","log":"|j|\u2606kura94\n|j|\u2606Commando 55\n|t:|1599742596\n|player|p1|kura94|lucas|1813\n|player|p2|Commando 55|iris-gen5bw2|1548\n|teamsize|p1|6\n|teamsize|p2|6\n|gametype|singles\n|gen|8\n|tier|[Gen 8] National Dex\n|rated|\n|clearpoke\n|poke|p1|Pelipper, M|\n|poke|p1|Kingdra, F|\n|poke|p1|Manaphy|\n|poke|p1|Scizor, F|\n|poke|p1|Zeraora|\n|poke|p1|Landorus-Therian, M|\n|poke|p2|Zeraora|\n|poke|p2|Charizard, F|\n|poke|p2|Vaporeon, F|\n|poke|p2|Mandibuzz, F|\n|poke|p2|Heatran, M|\n|poke|p2|Landorus-Therian, M|\n|rule|HP Percentage Mod: HP is shown in percentages\n|rule|Endless Battle Clause: Forcing endless battles is banned\n|rule|OHKO Clause: OHKO moves are banned\n|rule|Evasion Moves Clause: Evasion moves are banned\n|rule|Species Clause: Limit one of each Pok\u00e9mon\n|rule|Dynamax Clause: You cannot dynamax\n|rule|Sleep Clause Mod: Limit one foe put to sleep\n|teampreview\n|inactive|Battle timer is ON: inactive players will automatically lose when time's up. (requested by Commando 55)\n|\n|t:|1599742633\n|start\n|switch|p1a: Zeraora|Zeraora|100\/100\n|switch|p2a: Charizard|Charizard, F|100\/100\n|turn|1\n|\n|t:|1599742645\n|switch|p2a: Zeraora|Zeraora|100\/100\n|move|p1a: Zeraora|Knock Off|p2a: Zeraora\n|-damage|p2a: Zeraora|66\/100\n|-enditem|p2a: Zeraora|Life Orb|[from] move: Knock Off|[of] p1a: Zeraora\n|\n|upkeep\n|turn|2\n|\n|t:|1599742656\n|switch|p1a: Landorus|Landorus-Therian, M|100\/100\n|-ability|p1a: Landorus|Intimidate|boost\n|-unboost|p2a: Zeraora|atk|1\n|move|p2a: Zeraora|Close Combat|p1a: Landorus\n|-resisted|p1a: Landorus\n|-damage|p1a: Landorus|92\/100\n|-unboost|p2a: Zeraora|def|1\n|-unboost|p2a: Zeraora|spd|1\n|-damage|p2a: Zeraora|50\/100|[from] item: Rocky Helmet|[of] p1a: Landorus\n|\n|upkeep\n|turn|3\n|\n|t:|1599742663\n|switch|p1a: Pelipper|Pelipper, M|100\/100\n|-weather|RainDance|[from] ability: Drizzle|[of] p1a: Pelipper\n|move|p2a: Zeraora|Hidden Power|p1a: Pelipper\n|-crit|p1a: Pelipper\n|-damage|p1a: Pelipper|77\/100\n|\n|-weather|RainDance|[upkeep]\n|upkeep\n|turn|4\n|\n|t:|1599742675\n|switch|p1a: Scizor|Scizor, F|100\/100\n|move|p2a: Zeraora|Hidden Power|p1a: Scizor\n|-resisted|p1a: Scizor\n|-damage|p1a: Scizor|94\/100\n|\n|-weather|RainDance|[upkeep]\n|upkeep\n|turn|5\n|\n|t:|1599742679\n|switch|p2a: Landorus|Landorus-Therian, M|100\/100\n|-ability|p2a: Landorus|Intimidate|boost\n|-unboost|p1a: Scizor|atk|1\n|detailschange|p1a: Scizor|Scizor-Mega, F\n|-mega|p1a: Scizor|Scizor|Scizorite\n|move|p1a: Scizor|U-turn|p2a: Landorus\n|-resisted|p2a: Landorus\n|-damage|p2a: Landorus|89\/100\n|\n|t:|1599742700\n|switch|p1a: Landorus|Landorus-Therian, M|92\/100|[from]move: U-turn\n|-ability|p1a: Landorus|Intimidate|boost\n|-unboost|p2a: Landorus|atk|1\n|\n|-weather|RainDance|[upkeep]\n|upkeep\n|turn|6\n|\n|t:|1599742710\n|switch|p2a: Vaporeon|Vaporeon, F|100\/100\n|move|p1a: Landorus|Stealth Rock|p2a: Vaporeon\n|-sidestart|p2: Commando 55|move: Stealth Rock\n|\n|-weather|RainDance|[upkeep]\n|upkeep\n|turn|7\n|\n|t:|1599742717\n|move|p1a: Landorus|U-turn|p2a: Vaporeon\n|-damage|p2a: Vaporeon|83\/100\n|\n|t:|1599742720\n|switch|p1a: Manaphy|Manaphy|100\/100|[from]move: U-turn\n|move|p2a: Vaporeon|Scald|p1a: Manaphy\n|-resisted|p1a: Manaphy\n|-damage|p1a: Manaphy|83\/100\n|\n|-weather|RainDance|[upkeep]\n|-heal|p2a: Vaporeon|89\/100|[from] item: Leftovers\n|upkeep\n|turn|8\n|\n|t:|1599742728\n|move|p1a: Manaphy|Tail Glow|p1a: Manaphy\n|-boost|p1a: Manaphy|spa|3\n|move|p2a: Vaporeon|Wish|p2a: Vaporeon\n|\n|-weather|RainDance|[upkeep]\n|-heal|p2a: Vaporeon|96\/100|[from] item: Leftovers\n|upkeep\n|turn|9\n|\n|t:|1599742733\n|move|p1a: Manaphy|Surf|p2a: Vaporeon\n|-heal|p2a: Vaporeon|100\/100|[from] ability: Water Absorb|[of] p1a: Manaphy\n|move|p2a: Vaporeon|Flip Turn|p1a: Manaphy\n|-resisted|p1a: Manaphy\n|-damage|p1a: Manaphy|74\/100\n|\n|t:|1599742736\n|switch|p2a: Zeraora|Zeraora|50\/100|[from]move: Flip Turn\n|-damage|p2a: Zeraora|38\/100|[from] Stealth Rock\n|\n|-weather|RainDance|[upkeep]\n|-heal|p2a: Zeraora|100\/100|[from] move: Wish|[wisher] Vaporeon\n|upkeep\n|turn|10\n|\n|t:|1599742746\n|switch|p1a: Scizor|Scizor-Mega, F|94\/100\n|move|p2a: Zeraora|Work Up|p2a: Zeraora\n|-boost|p2a: Zeraora|atk|1\n|-boost|p2a: Zeraora|spa|1\n|\n|-weather|none\n|upkeep\n|turn|11\n|\n|t:|1599742752\n|move|p2a: Zeraora|Plasma Fists|p1a: Scizor\n|-damage|p1a: Scizor|47\/100\n|-fieldactivate|move: Ion Deluge\n|move|p1a: Scizor|U-turn|p2a: Zeraora\n|-damage|p2a: Zeraora|50\/100\n|\n|t:|1599742762\n|switch|p1a: Pelipper|Pelipper, M|77\/100|[from]move: U-turn\n|-weather|RainDance|[from] ability: Drizzle|[of] p1a: Pelipper\n|\n|-weather|RainDance|[upkeep]\n|upkeep\n|turn|12\n|\n|t:|1599742772\n|switch|p1a: Scizor|Scizor-Mega, F|47\/100\n|move|p2a: Zeraora|Close Combat|p1a: Scizor\n|-damage|p1a: Scizor|9\/100\n|-unboost|p2a: Zeraora|def|1\n|-unboost|p2a: Zeraora|spd|1\n|\n|-weather|RainDance|[upkeep]\n|upkeep\n|turn|13\n|\n|t:|1599742780\n|move|p1a: Scizor|Bullet Punch|p2a: Zeraora\n|-resisted|p2a: Zeraora\n|-damage|p2a: Zeraora|15\/100\n|move|p2a: Zeraora|Close Combat|p1a: Scizor\n|-damage|p1a: Scizor|0 fnt\n|-unboost|p2a: Zeraora|def|1\n|-unboost|p2a: Zeraora|spd|1\n|faint|p1a: Scizor\n|\n|-weather|RainDance|[upkeep]\n|upkeep\n|\n|t:|1599742789\n|switch|p1a: Zeraora|Zeraora|100\/100\n|turn|14\n|\n|t:|1599742799\n|move|p1a: Zeraora|Knock Off|p2a: Zeraora\n|-damage|p2a: Zeraora|0 fnt\n|faint|p2a: Zeraora\n|\n|-weather|RainDance|[upkeep]\n|upkeep\n|\n|t:|1599742817\n|switch|p2a: Landorus|Landorus-Therian, M|89\/100\n|-damage|p2a: Landorus|76\/100|[from] Stealth Rock\n|-ability|p2a: Landorus|Intimidate|boost\n|-unboost|p1a: Zeraora|atk|1\n|turn|15\n|j| Babyshark974\n|\n|t:|1599742822\n|switch|p1a: Landorus|Landorus-Therian, M|92\/100\n|-ability|p1a: Landorus|Intimidate|boost\n|-unboost|p2a: Landorus|atk|1\n|switch|p2a: Heatran|Heatran, M|100\/100\n|-damage|p2a: Heatran|88\/100|[from] Stealth Rock\n|\n|-weather|RainDance|[upkeep]\n|-heal|p2a: Heatran|94\/100|[from] item: Leftovers\n|upkeep\n|turn|16\n|\n|t:|1599742832\n|switch|p2a: Vaporeon|Vaporeon, F|100\/100\n|-damage|p2a: Vaporeon|88\/100|[from] Stealth Rock\n|move|p1a: Landorus|Earthquake|p2a: Vaporeon\n|-damage|p2a: Vaporeon|50\/100\n|\n|-weather|RainDance|[upkeep]\n|-heal|p2a: Vaporeon|57\/100|[from] item: Leftovers\n|upkeep\n|turn|17\n|\n|t:|1599742835\n|move|p1a: Landorus|U-turn|p2a: Vaporeon\n|-damage|p2a: Vaporeon|41\/100\n|\n|t:|1599742841\n|switch|p1a: Zeraora|Zeraora|100\/100|[from]move: U-turn\n|move|p2a: Vaporeon|Wish|p2a: Vaporeon\n|\n|-weather|RainDance|[upkeep]\n|-heal|p2a: Vaporeon|47\/100|[from] item: Leftovers\n|upkeep\n|turn|18\n|\n|t:|1599742845\n|move|p2a: Vaporeon|Protect|p2a: Vaporeon\n|-singleturn|p2a: Vaporeon|Protect\n|move|p1a: Zeraora|Knock Off|p2a: Vaporeon\n|-activate|p2a: Vaporeon|move: Protect\n|\n|-weather|none\n|-heal|p2a: Vaporeon|97\/100|[from] move: Wish|[wisher] Vaporeon\n|-heal|p2a: Vaporeon|100\/100|[from] item: Leftovers\n|upkeep\n|turn|19\n|\n|t:|1599742852\n|move|p1a: Zeraora|Volt Switch|p2a: Vaporeon\n|-supereffective|p2a: Vaporeon\n|-damage|p2a: Vaporeon|52\/100\n|\n|t:|1599742856\n|switch|p1a: Pelipper|Pelipper, M|77\/100|[from]move: Volt Switch\n|-weather|RainDance|[from] ability: Drizzle|[of] p1a: Pelipper\n|move|p2a: Vaporeon|Wish|p2a: Vaporeon\n|\n|-weather|RainDance|[upkeep]\n|-heal|p2a: Vaporeon|58\/100|[from] item: Leftovers\n|upkeep\n|turn|20\n|\n|t:|1599742867\n|move|p2a: Vaporeon|Scald|p1a: Pelipper\n|-resisted|p1a: Pelipper\n|-damage|p1a: Pelipper|52\/100\n|move|p1a: Pelipper|U-turn|p2a: Vaporeon\n|-damage|p2a: Vaporeon|52\/100\n|\n|t:|1599742877\n|switch|p1a: Zeraora|Zeraora|100\/100|[from]move: U-turn\n|\n|-weather|RainDance|[upkeep]\n|-heal|p2a: Vaporeon|100\/100|[from] move: Wish|[wisher] Vaporeon\n|upkeep\n|turn|21\n|\n|t:|1599742880\n|move|p2a: Vaporeon|Protect|p2a: Vaporeon\n|-singleturn|p2a: Vaporeon|Protect\n|move|p1a: Zeraora|Knock Off|p2a: Vaporeon\n|-activate|p2a: Vaporeon|move: Protect\n|\n|-weather|RainDance|[upkeep]\n|upkeep\n|turn|22\n|\n|t:|1599742894\n|switch|p2a: Mandibuzz|Mandibuzz, F|100\/100\n|move|p1a: Zeraora|Knock Off|p2a: Mandibuzz\n|-resisted|p2a: Mandibuzz\n|-damage|p2a: Mandibuzz|95\/100\n|-enditem|p2a: Mandibuzz|Heavy-Duty Boots|[from] move: Knock Off|[of] p1a: Zeraora\n|\n|-weather|RainDance|[upkeep]\n|upkeep\n|turn|23\n|\n|t:|1599742901\n|move|p1a: Zeraora|Thunder|p2a: Mandibuzz\n|-supereffective|p2a: Mandibuzz\n|-damage|p2a: Mandibuzz|20\/100\n|-status|p2a: Mandibuzz|par\n|cant|p2a: Mandibuzz|par\n|\n|-weather|RainDance|[upkeep]\n|upkeep\n|turn|24\n|\n|t:|1599742922\n|move|p1a: Zeraora|Thunder|p2a: Mandibuzz\n|-supereffective|p2a: Mandibuzz\n|-damage|p2a: Mandibuzz|0 fnt\n|faint|p2a: Mandibuzz\n|\n|-weather|RainDance|[upkeep]\n|upkeep\n|\n|t:|1599742923\n|switch|p2a: Heatran|Heatran, M|94\/100\n|-damage|p2a: Heatran|82\/100|[from] Stealth Rock\n|turn|25\n|\n|t:|1599742928\n|move|p1a: Zeraora|Volt Switch|p2a: Heatran\n|-damage|p2a: Heatran|61\/100\n|\n|t:|1599742933\n|switch|p1a: Kingdra|Kingdra, F|100\/100|[from]move: Volt Switch\n|move|p2a: Heatran|Toxic|p1a: Kingdra\n|-status|p1a: Kingdra|tox\n|\n|-weather|RainDance|[upkeep]\n|-heal|p2a: Heatran|67\/100|[from] item: Leftovers\n|-damage|p1a: Kingdra|94\/100 tox|[from] psn\n|upkeep\n|turn|26\n|\n|t:|1599742947\n|move|p1a: Kingdra|Surf|p2a: Heatran\n|-supereffective|p2a: Heatran\n|-damage|p2a: Heatran|0 fnt\n|faint|p2a: Heatran\n|\n|-weather|none\n|-damage|p1a: Kingdra|82\/100 tox|[from] psn\n|upkeep\n|\n|t:|1599742953\n|switch|p2a: Charizard|Charizard, F|100\/100\n|-damage|p2a: Charizard|51\/100|[from] Stealth Rock\n|turn|27\n|inactive|kura94 has 120 seconds left.\n|inactive|kura94 has 90 seconds left.\n|\n|t:|1599743014\n|switch|p1a: Zeraora|Zeraora|100\/100\n|detailschange|p2a: Charizard|Charizard-Mega-Y, F\n|-mega|p2a: Charizard|Charizard|Charizardite Y\n|-weather|SunnyDay|[from] ability: Drought|[of] p2a: Charizard\n|move|p2a: Charizard|Roost|p2a: Charizard\n|-heal|p2a: Charizard|100\/100\n|-singleturn|p2a: Charizard|move: Roost\n|\n|-weather|SunnyDay|[upkeep]\n|upkeep\n|turn|28\n|\n|t:|1599743021\n|switch|p2a: Vaporeon|Vaporeon, F|100\/100\n|-damage|p2a: Vaporeon|88\/100|[from] Stealth Rock\n|move|p1a: Zeraora|Volt Switch|p2a: Vaporeon\n|-supereffective|p2a: Vaporeon\n|-damage|p2a: Vaporeon|41\/100\n|\n|t:|1599743028\n|switch|p1a: Pelipper|Pelipper, M|52\/100|[from]move: Volt Switch\n|-weather|RainDance|[from] ability: Drizzle|[of] p1a: Pelipper\n|\n|-weather|RainDance|[upkeep]\n|-heal|p2a: Vaporeon|48\/100|[from] item: Leftovers\n|upkeep\n|turn|29\n|\n|t:|1599743031\n|move|p2a: Vaporeon|Wish|p2a: Vaporeon\n|move|p1a: Pelipper|U-turn|p2a: Vaporeon\n|-damage|p2a: Vaporeon|41\/100\n|\n|t:|1599743044\n|switch|p1a: Zeraora|Zeraora|100\/100|[from]move: U-turn\n|\n|-weather|RainDance|[upkeep]\n|-heal|p2a: Vaporeon|48\/100|[from] item: Leftovers\n|upkeep\n|turn|30\n|\n|t:|1599743051\n|switch|p2a: Landorus|Landorus-Therian, M|76\/100\n|-damage|p2a: Landorus|64\/100|[from] Stealth Rock\n|-ability|p2a: Landorus|Intimidate|boost\n|-unboost|p1a: Zeraora|atk|1\n|move|p1a: Zeraora|Thunder|p2a: Landorus\n|-immune|p2a: Landorus\n|\n|-weather|RainDance|[upkeep]\n|-heal|p2a: Landorus|100\/100|[from] move: Wish|[wisher] Vaporeon\n|upkeep\n|turn|31\n|\n|t:|1599743062\n|switch|p1a: Landorus|Landorus-Therian, M|92\/100\n|-ability|p1a: Landorus|Intimidate|boost\n|-unboost|p2a: Landorus|atk|1\n|move|p2a: Landorus|Knock Off|p1a: Landorus\n|-damage|p1a: Landorus|64\/100\n|-damage|p2a: Landorus|84\/100|[from] item: Rocky Helmet|[of] p1a: Landorus\n|-enditem|p1a: Landorus|Rocky Helmet|[from] move: Knock Off|[of] p2a: Landorus\n|\n|-weather|RainDance|[upkeep]\n|upkeep\n|turn|32\n|inactive|kura94 has 120 seconds left.\n|inactive|kura94 has 90 seconds left.\n|\n|t:|1599743114\n|switch|p2a: Vaporeon|Vaporeon, F|48\/100\n|-damage|p2a: Vaporeon|35\/100|[from] Stealth Rock\n|move|p1a: Landorus|U-turn|p2a: Vaporeon\n|-damage|p2a: Vaporeon|20\/100\n|\n|t:|1599743117\n|switch|p1a: Zeraora|Zeraora|100\/100|[from]move: U-turn\n|\n|-weather|RainDance|[upkeep]\n|-heal|p2a: Vaporeon|27\/100|[from] item: Leftovers\n|upkeep\n|turn|33\n|\n|t:|1599743139\n|move|p2a: Vaporeon|Protect|p2a: Vaporeon\n|-singleturn|p2a: Vaporeon|Protect\n|move|p1a: Zeraora|Thunder|p2a: Vaporeon\n|-activate|p2a: Vaporeon|move: Protect\n|\n|-weather|RainDance|[upkeep]\n|-heal|p2a: Vaporeon|33\/100|[from] item: Leftovers\n|upkeep\n|turn|34\n|\n|t:|1599743146\n|switch|p2a: Landorus|Landorus-Therian, M|84\/100\n|-damage|p2a: Landorus|72\/100|[from] Stealth Rock\n|-ability|p2a: Landorus|Intimidate|boost\n|-unboost|p1a: Zeraora|atk|1\n|move|p1a: Zeraora|Thunder|p2a: Landorus\n|-immune|p2a: Landorus\n|\n|-weather|RainDance|[upkeep]\n|upkeep\n|turn|35\n|\n|t:|1599743152\n|switch|p1a: Landorus|Landorus-Therian, M|64\/100\n|-ability|p1a: Landorus|Intimidate|boost\n|-unboost|p2a: Landorus|atk|1\n|move|p2a: Landorus|U-turn|p1a: Landorus\n|-resisted|p1a: Landorus\n|-damage|p1a: Landorus|54\/100\n|\n|t:|1599743154\n|switch|p2a: Charizard|Charizard-Mega-Y, F|100\/100|[from]move: U-turn\n|-damage|p2a: Charizard|51\/100|[from] Stealth Rock\n|-weather|SunnyDay|[from] ability: Drought|[of] p2a: Charizard\n|\n|-weather|SunnyDay|[upkeep]\n|upkeep\n|turn|36\n|-message|Commando 55 forfeited.\n|\n|win|kura94\n|l|\u2606Commando 55\n|raw|kura94's rating: 1822 &rarr; <strong>1829<\/strong><br \/>(+7 for winning)\n|raw|Commando 55's rating: 1536 &rarr; <strong>1530<\/strong><br \/>(-6 for losing)\n|l| Babyshark974\n","uploadtime":1599743184,"views":18,"p1id":"kura94","p2id":"commando55","formatid":"gen8nationaldex","rating":1530,"private":0,"password":null}