{"id":"gen8ou-1242320254","p1":"Vodyne","p2":"thebigbadwulf1","format":"gen8ou","log":"|j|\u2606Vodyne\n|j|\u2606thebigbadwulf1\n|t:|1607793136\n|player|p1|Vodyne|dawn|1294\n|player|p2|thebigbadwulf1|dragontamer|1255\n|teamsize|p1|6\n|teamsize|p2|6\n|gametype|singles\n|gen|8\n|tier|[Gen 8] OU\n|rated|\n|clearpoke\n|poke|p1|Victini|\n|poke|p1|Rillaboom, F|\n|poke|p1|Suicune|\n|poke|p1|Diancie|\n|poke|p1|Celesteela|\n|poke|p1|Snorlax, F|\n|poke|p2|Magearna|\n|poke|p2|Slowbro, M|\n|poke|p2|Clefable, M|\n|poke|p2|Heatran, F|\n|poke|p2|Pheromosa|\n|poke|p2|Urshifu-*, M|\n|rule|Sleep Clause Mod: Limit one foe put to sleep\n|rule|Species Clause: Limit one of each Pok\u00e9mon\n|rule|OHKO Clause: OHKO moves are banned\n|rule|Evasion Moves Clause: Evasion moves are banned\n|rule|Endless Battle Clause: Forcing endless battles is banned\n|rule|HP Percentage Mod: HP is shown in percentages\n|rule|Dynamax Clause: You cannot dynamax\n|teampreview\n|inactive|Battle timer is ON: inactive players will automatically lose when time's up. (requested by thebigbadwulf1)\n|\n|t:|1607793170\n|start\n|switch|p1a: Suicune|Suicune|100\/100\n|switch|p2a: Clefable|Clefable, M, shiny|100\/100\n|-ability|p1a: Suicune|Pressure\n|turn|1\n|\n|t:|1607793180\n|switch|p1a: Victini|Victini|100\/100\n|move|p2a: Clefable|Stealth Rock|p1a: Victini\n|-sidestart|p1: Vodyne|move: Stealth Rock\n|\n|upkeep\n|turn|2\n|\n|t:|1607793185\n|move|p1a: Victini|Future Sight|p2a: Clefable\n|-start|p1a: Victini|move: Future Sight\n|move|p2a: Clefable|Knock Off|p1a: Victini\n|-supereffective|p1a: Victini\n|-damage|p1a: Victini|66\/100\n|-enditem|p1a: Victini|Assault Vest|[from] move: Knock Off|[of] p2a: Clefable\n|\n|upkeep\n|turn|3\n|\n|t:|1607793193\n|switch|p2a: Heatran|Heatran, F, shiny|100\/100\n|move|p1a: Victini|V-create|p2a: Heatran\n|-start|p2a: Heatran|ability: Flash Fire\n|\n|upkeep\n|turn|4\n|\n|t:|1607793204\n|switch|p1a: Snorlax|Snorlax, F|100\/100\n|-damage|p1a: Snorlax|88\/100|[from] Stealth Rock\n|move|p2a: Heatran|Magma Storm|p1a: Snorlax|[miss]\n|-miss|p2a: Heatran|p1a: Snorlax\n|\n|-end|p2a: Heatran|move: Future Sight\n|-resisted|p2a: Heatran\n|-damage|p2a: Heatran|87\/100\n|-heal|p2a: Heatran|94\/100|[from] item: Leftovers\n|-heal|p1a: Snorlax|94\/100|[from] item: Leftovers\n|upkeep\n|turn|5\n|\n|t:|1607793217\n|move|p2a: Heatran|Taunt|p1a: Snorlax\n|-start|p1a: Snorlax|move: Taunt\n|move|p1a: Snorlax|Body Slam|p2a: Heatran\n|-resisted|p2a: Heatran\n|-damage|p2a: Heatran|80\/100\n|-status|p2a: Heatran|par\n|\n|-heal|p2a: Heatran|87\/100 par|[from] item: Leftovers\n|-heal|p1a: Snorlax|99\/100|[from] item: Leftovers\n|upkeep\n|turn|6\n|\n|t:|1607793224\n|move|p2a: Heatran|Magma Storm|p1a: Snorlax|[miss]\n|-miss|p2a: Heatran|p1a: Snorlax\n|move|p1a: Snorlax|Darkest Lariat|p2a: Heatran\n|-crit|p2a: Heatran\n|-damage|p2a: Heatran|61\/100 par\n|\n|-heal|p2a: Heatran|67\/100 par|[from] item: Leftovers\n|-heal|p1a: Snorlax|100\/100|[from] item: Leftovers\n|upkeep\n|turn|7\n|\n|t:|1607793233\n|move|p2a: Heatran|Magma Storm|p1a: Snorlax\n|-damage|p1a: Snorlax|86\/100\n|-activate|p1a: Snorlax|move: Magma Storm|[of] p2a: Heatran\n|move|p1a: Snorlax|Body Slam|p2a: Heatran\n|-resisted|p2a: Heatran\n|-damage|p2a: Heatran|53\/100 par\n|\n|-heal|p2a: Heatran|60\/100 par|[from] item: Leftovers\n|-heal|p1a: Snorlax|92\/100|[from] item: Leftovers\n|-damage|p1a: Snorlax|80\/100|[from] move: Magma Storm|[partiallytrapped]\n|-end|p1a: Snorlax|move: Taunt\n|upkeep\n|turn|8\n|\n|t:|1607793240\n|cant|p2a: Heatran|par\n|move|p1a: Snorlax|Darkest Lariat|p2a: Heatran\n|-damage|p2a: Heatran|43\/100 par\n|\n|-heal|p2a: Heatran|49\/100 par|[from] item: Leftovers\n|-heal|p1a: Snorlax|86\/100|[from] item: Leftovers\n|-damage|p1a: Snorlax|73\/100|[from] move: Magma Storm|[partiallytrapped]\n|upkeep\n|turn|9\n|\n|t:|1607793255\n|-end|p2a: Heatran|ability: Flash Fire|[silent]\n|switch|p2a: Clefable|Clefable, M, shiny|100\/100\n|move|p1a: Snorlax|Curse|p1a: Snorlax\n|-unboost|p1a: Snorlax|spe|1\n|-boost|p1a: Snorlax|atk|1\n|-boost|p1a: Snorlax|def|1\n|\n|-heal|p1a: Snorlax|80\/100|[from] item: Leftovers\n|-end|p1a: Snorlax|Magma Storm|[partiallytrapped]|[silent]\n|upkeep\n|turn|10\n|\n|t:|1607793265\n|move|p2a: Clefable|Knock Off|p1a: Snorlax\n|-damage|p1a: Snorlax|71\/100\n|-enditem|p1a: Snorlax|Leftovers|[from] move: Knock Off|[of] p2a: Clefable\n|move|p1a: Snorlax|Body Slam|p2a: Clefable\n|-damage|p2a: Clefable|64\/100\n|\n|-heal|p2a: Clefable|70\/100|[from] item: Leftovers\n|upkeep\n|turn|11\n|\n|t:|1607793281\n|switch|p2a: Heatran|Heatran, F, shiny|49\/100 par\n|move|p1a: Snorlax|Body Slam|p2a: Heatran\n|-resisted|p2a: Heatran\n|-damage|p2a: Heatran|30\/100 par\n|\n|-heal|p2a: Heatran|37\/100 par|[from] item: Leftovers\n|upkeep\n|turn|12\n|\n|t:|1607793287\n|move|p2a: Heatran|Magma Storm|p1a: Snorlax|[miss]\n|-miss|p2a: Heatran|p1a: Snorlax\n|move|p1a: Snorlax|Darkest Lariat|p2a: Heatran\n|-damage|p2a: Heatran|9\/100 par\n|\n|-heal|p2a: Heatran|15\/100 par|[from] item: Leftovers\n|upkeep\n|turn|13\n|\n|t:|1607793291\n|move|p2a: Heatran|Magma Storm|p1a: Snorlax\n|-damage|p1a: Snorlax|62\/100\n|-activate|p1a: Snorlax|move: Magma Storm|[of] p2a: Heatran\n|move|p1a: Snorlax|Curse|p1a: Snorlax\n|-unboost|p1a: Snorlax|spe|1\n|-boost|p1a: Snorlax|atk|1\n|-boost|p1a: Snorlax|def|1\n|\n|-heal|p2a: Heatran|21\/100 par|[from] item: Leftovers\n|-damage|p1a: Snorlax|49\/100|[from] move: Magma Storm|[partiallytrapped]\n|upkeep\n|turn|14\n|\n|t:|1607793295\n|move|p2a: Heatran|Taunt|p1a: Snorlax\n|-start|p1a: Snorlax|move: Taunt\n|move|p1a: Snorlax|Body Slam|p2a: Heatran\n|-resisted|p2a: Heatran\n|-damage|p2a: Heatran|0 fnt\n|faint|p2a: Heatran\n|\n|-end|p1a: Snorlax|Magma Storm|[partiallytrapped]|[silent]\n|upkeep\n|\n|t:|1607793303\n|switch|p2a: Pheromosa|Pheromosa, shiny|100\/100\n|turn|15\n|\n|t:|1607793306\n|move|p2a: Pheromosa|Focus Blast|p1a: Snorlax\n|-supereffective|p1a: Snorlax\n|-damage|p1a: Snorlax|0 fnt\n|-damage|p2a: Pheromosa|91\/100|[from] item: Life Orb\n|faint|p1a: Snorlax\n|-ability|p2a: Pheromosa|Beast Boost|boost\n|-boost|p2a: Pheromosa|spa|1\n|\n|upkeep\n|\n|t:|1607793315\n|switch|p1a: Diancie|Diancie|100\/100\n|-damage|p1a: Diancie|88\/100|[from] Stealth Rock\n|turn|16\n|\n|t:|1607793329\n|move|p2a: Pheromosa|Ice Beam|p1a: Diancie\n|-damage|p1a: Diancie|49\/100\n|-damage|p2a: Pheromosa|81\/100|[from] item: Life Orb\n|move|p1a: Diancie|Play Rough|p2a: Pheromosa\n|-supereffective|p2a: Pheromosa\n|-damage|p2a: Pheromosa|0 fnt\n|faint|p2a: Pheromosa\n|\n|upkeep\n|\n|t:|1607793337\n|switch|p2a: Slowbro|Slowbro, M, shiny|100\/100\n|turn|17\n|\n|t:|1607793342\n|switch|p1a: Rillaboom|Rillaboom, F|100\/100\n|-damage|p1a: Rillaboom|88\/100|[from] Stealth Rock\n|-fieldstart|move: Grassy Terrain|[from] ability: Grassy Surge|[of] p1a: Rillaboom\n|move|p2a: Slowbro|Future Sight|p1a: Rillaboom\n|-start|p2a: Slowbro|move: Future Sight\n|\n|-heal|p1a: Rillaboom|94\/100|[from] Grassy Terrain\n|upkeep\n|turn|18\n|\n|t:|1607793351\n|switch|p2a: Magearna|Magearna|100\/100\n|move|p1a: Rillaboom|Knock Off|p2a: Magearna\n|-resisted|p2a: Magearna\n|-damage|p2a: Magearna|74\/100\n|-enditem|p2a: Magearna|Choice Specs|[from] move: Knock Off|[of] p1a: Rillaboom\n|\n|-heal|p1a: Rillaboom|100\/100|[from] Grassy Terrain\n|-heal|p2a: Magearna|80\/100|[from] Grassy Terrain\n|upkeep\n|turn|19\n|\n|t:|1607793358\n|switch|p1a: Victini|Victini|66\/100\n|-damage|p1a: Victini|42\/100|[from] Stealth Rock\n|move|p2a: Magearna|Flash Cannon|p1a: Victini\n|-resisted|p1a: Victini\n|-damage|p1a: Victini|17\/100\n|\n|-end|p1a: Victini|move: Future Sight\n|-resisted|p1a: Victini\n|-damage|p1a: Victini|0 fnt\n|-heal|p2a: Magearna|86\/100|[from] Grassy Terrain\n|faint|p1a: Victini\n|-ability|p2a: Magearna|Soul-Heart|boost\n|-boost|p2a: Magearna|spa|1\n|upkeep\n|\n|t:|1607793380\n|switch|p1a: Rillaboom|Rillaboom, F|100\/100\n|-damage|p1a: Rillaboom|88\/100|[from] Stealth Rock\n|turn|20\n|\n|t:|1607793385\n|move|p1a: Rillaboom|High Horsepower|p2a: Magearna\n|-supereffective|p2a: Magearna\n|-damage|p2a: Magearna|0 fnt\n|faint|p2a: Magearna\n|\n|-heal|p1a: Rillaboom|94\/100|[from] Grassy Terrain\n|upkeep\n|\n|t:|1607793392\n|switch|p2a: Urshifu|Urshifu, M, shiny|100\/100\n|turn|21\n|\n|t:|1607793400\n|switch|p1a: Celesteela|Celesteela|100\/100\n|-damage|p1a: Celesteela|88\/100|[from] Stealth Rock\n|move|p2a: Urshifu|Wicked Blow|p1a: Celesteela\n|-crit|p1a: Celesteela\n|-damage|p1a: Celesteela|22\/100\n|\n|-fieldend|move: Grassy Terrain\n|upkeep\n|turn|22\n|\n|t:|1607793406\n|move|p2a: Urshifu|Wicked Blow|p1a: Celesteela\n|-crit|p1a: Celesteela\n|-damage|p1a: Celesteela|0 fnt\n|faint|p1a: Celesteela\n|\n|upkeep\n|\n|t:|1607793408\n|switch|p1a: Diancie|Diancie|49\/100\n|-damage|p1a: Diancie|37\/100|[from] Stealth Rock\n|turn|23\n|\n|t:|1607793411\n|move|p2a: Urshifu|Wicked Blow|p1a: Diancie\n|-resisted|p1a: Diancie\n|-crit|p1a: Diancie\n|-damage|p1a: Diancie|3\/100\n|move|p1a: Diancie|Play Rough|p2a: Urshifu\n|-supereffective|p2a: Urshifu\n|-damage|p2a: Urshifu|0 fnt\n|faint|p2a: Urshifu\n|\n|upkeep\n|\n|t:|1607793415\n|switch|p2a: Clefable|Clefable, M, shiny|70\/100\n|turn|24\n|\n|t:|1607793418\n|move|p2a: Clefable|Soft-Boiled|p2a: Clefable\n|-heal|p2a: Clefable|100\/100\n|move|p1a: Diancie|Diamond Storm|p2a: Clefable\n|-damage|p2a: Clefable|63\/100\n|\n|-heal|p2a: Clefable|69\/100|[from] item: Leftovers\n|upkeep\n|turn|25\n|\n|t:|1607793421\n|move|p2a: Clefable|Moonblast|p1a: Diancie\n|-crit|p1a: Diancie\n|-damage|p1a: Diancie|0 fnt\n|faint|p1a: Diancie\n|\n|-heal|p2a: Clefable|75\/100|[from] item: Leftovers\n|upkeep\n|\n|t:|1607793423\n|switch|p1a: Suicune|Suicune|100\/100\n|-damage|p1a: Suicune|88\/100|[from] Stealth Rock\n|-ability|p1a: Suicune|Pressure\n|turn|26\n|\n|t:|1607793428\n|move|p1a: Suicune|Calm Mind|p1a: Suicune\n|-boost|p1a: Suicune|spa|1\n|-boost|p1a: Suicune|spd|1\n|move|p2a: Clefable|Knock Off|p1a: Suicune\n|-damage|p1a: Suicune|79\/100\n|-enditem|p1a: Suicune|Leftovers|[from] move: Knock Off|[of] p2a: Clefable\n|\n|-heal|p2a: Clefable|81\/100|[from] item: Leftovers\n|upkeep\n|turn|27\n|\n|t:|1607793431\n|move|p1a: Suicune|Calm Mind|p1a: Suicune\n|-boost|p1a: Suicune|spa|1\n|-boost|p1a: Suicune|spd|1\n|move|p2a: Clefable|Soft-Boiled|p2a: Clefable\n|-heal|p2a: Clefable|100\/100\n|\n|upkeep\n|turn|28\n|\n|t:|1607793442\n|switch|p2a: Slowbro|Slowbro, M, shiny|100\/100\n|move|p1a: Suicune|Calm Mind|p1a: Suicune\n|-boost|p1a: Suicune|spa|1\n|-boost|p1a: Suicune|spd|1\n|\n|upkeep\n|turn|29\n|\n|t:|1607793448\n|move|p1a: Suicune|Calm Mind|p1a: Suicune\n|-boost|p1a: Suicune|spa|1\n|-boost|p1a: Suicune|spd|1\n|move|p2a: Slowbro|Scald|p1a: Suicune\n|-resisted|p1a: Suicune\n|-damage|p1a: Suicune|75\/100\n|\n|upkeep\n|turn|30\n|\n|t:|1607793451\n|move|p1a: Suicune|Calm Mind|p1a: Suicune\n|-boost|p1a: Suicune|spa|1\n|-boost|p1a: Suicune|spd|1\n|move|p2a: Slowbro|Scald|p1a: Suicune\n|-resisted|p1a: Suicune\n|-damage|p1a: Suicune|72\/100\n|\n|upkeep\n|turn|31\n|\n|t:|1607793452\n|move|p1a: Suicune|Calm Mind|p1a: Suicune\n|-boost|p1a: Suicune|spa|1\n|-boost|p1a: Suicune|spd|1\n|move|p2a: Slowbro|Scald|p1a: Suicune\n|-resisted|p1a: Suicune\n|-damage|p1a: Suicune|70\/100\n|\n|upkeep\n|turn|32\n|\n|t:|1607793454\n|move|p1a: Suicune|Scald|p2a: Slowbro\n|-resisted|p2a: Slowbro\n|-damage|p2a: Slowbro|45\/100\n|move|p2a: Slowbro|Scald|p1a: Suicune\n|-resisted|p1a: Suicune\n|-damage|p1a: Suicune|67\/100\n|\n|upkeep\n|turn|33\n|\n|t:|1607793459\n|move|p1a: Suicune|Scald|p2a: Slowbro\n|-resisted|p2a: Slowbro\n|-damage|p2a: Slowbro|0 fnt\n|faint|p2a: Slowbro\n|\n|upkeep\n|c|\u2606thebigbadwulf1|F uck you\n|c|\u2606Vodyne|fuck u\n|inactive|thebigbadwulf1 has 120 seconds left.\n|c|\u2606thebigbadwulf1|Enjoy your ban loser\n|c|\u2606Vodyne|sure\n|c|\u2606thebigbadwulf1|Eat a dck\n|inactive|thebigbadwulf1 has 90 seconds left.\n|\n|t:|1607793523\n|switch|p2a: Clefable|Clefable, M, shiny|100\/100\n|turn|34\n|-message|thebigbadwulf1 forfeited.\n|\n|win|Vodyne\n|l|\u2606thebigbadwulf1\n|c|\u2606Vodyne|gg\n|raw|Vodyne's rating: 1270 &rarr; <strong>1295<\/strong><br \/>(+25 for winning)\n|raw|thebigbadwulf1's rating: 1274 &rarr; <strong>1249<\/strong><br \/>(-25 for losing)\n","uploadtime":1607793538,"views":11,"p1id":"vodyne","p2id":"thebigbadwulf1","formatid":"gen8ou","rating":1249,"private":0,"password":null}