{"id":"gen8ou-1701511688","p1":"Quarantine Vibe","p2":"machugen","format":"gen8ou","log":"|j|\u2606Quarantine Vibe\n|j|\u2606machugen\n|t:|1667453086\n|gametype|singles\n|player|p1|Quarantine Vibe|infielder|1610\n|player|p2|machugen|brock-gen1rb|1732\n|teamsize|p1|6\n|teamsize|p2|6\n|gen|8\n|tier|[Gen 8] OU\n|rated|\n|rule|Sleep Clause Mod: Limit one foe put to sleep\n|rule|Species Clause: Limit one of each Pok\u00e9mon\n|rule|OHKO Clause: OHKO moves are banned\n|rule|Evasion Items Clause: Evasion items are banned\n|rule|Evasion Moves Clause: Evasion moves are banned\n|rule|Endless Battle Clause: Forcing endless battles is banned\n|rule|HP Percentage Mod: HP is shown in percentages\n|rule|Dynamax Clause: You cannot dynamax\n|clearpoke\n|poke|p1|Azelf|\n|poke|p1|Ninetales-Alola, F|\n|poke|p1|Moltres-Galar|\n|poke|p1|Zeraora|\n|poke|p1|Landorus-Therian, M|\n|poke|p1|Inteleon, M|\n|poke|p2|Urshifu-*, M|\n|poke|p2|Tapu Koko|\n|poke|p2|Slowking-Galar, M|\n|poke|p2|Ferrothorn, M|\n|poke|p2|Landorus-Therian, M|\n|poke|p2|Mandibuzz, F|\n|teampreview\n|\n|t:|1667453098\n|start\n|switch|p1a: Azelf|Azelf, shiny|100\/100\n|switch|p2a: Tapu Koko|Tapu Koko, shiny|100\/100\n|-fieldstart|move: Electric Terrain|[from] ability: Electric Surge|[of] p2a: Tapu Koko\n|turn|1\n|\n|t:|1667453101\n|move|p2a: Tapu Koko|Thunderbolt|p1a: Azelf\n|-damage|p1a: Azelf|19\/100\n|-status|p1a: Azelf|par\n|move|p1a: Azelf|Explosion|p2a: Tapu Koko\n|-damage|p2a: Tapu Koko|0 fnt\n|faint|p1a: Azelf\n|faint|p2a: Tapu Koko\n|\n|upkeep\n|\n|t:|1667453114\n|switch|p2a: Urshifu|Urshifu-Rapid-Strike, M|100\/100\n|switch|p1a: Ninetales|Ninetales-Alola, F|100\/100\n|-weather|Hail|[from] ability: Snow Warning|[of] p1a: Ninetales\n|turn|2\n|\n|t:|1667453118\n|move|p1a: Ninetales|Aurora Veil|p1a: Ninetales\n|-sidestart|p1: Quarantine Vibe|move: Aurora Veil\n|move|p2a: Urshifu|Surging Strikes|p1a: Ninetales\n|-crit|p1a: Ninetales\n|-damage|p1a: Ninetales|63\/100\n|-crit|p1a: Ninetales\n|-damage|p1a: Ninetales|29\/100\n|-crit|p1a: Ninetales\n|-damage|p1a: Ninetales|0 fnt\n|faint|p1a: Ninetales\n|-hitcount|p1: Ninetales|3\n|\n|-weather|Hail|[upkeep]\n|-damage|p2a: Urshifu|94\/100|[from] Hail\n|upkeep\n|\n|t:|1667453122\n|switch|p1a: Zeraora|Zeraora|100\/100\n|turn|3\n|\n|t:|1667453128\n|switch|p1a: Inteleon|Inteleon, M, shiny|100\/100\n|switch|p2a: Landorus|Landorus-Therian, M|100\/100\n|-ability|p2a: Landorus|Intimidate|boost\n|-unboost|p1a: Inteleon|atk|1\n|\n|-weather|Hail|[upkeep]\n|-damage|p1a: Inteleon|94\/100|[from] Hail\n|-damage|p2a: Landorus|94\/100|[from] Hail\n|-heal|p2a: Landorus|100\/100|[from] item: Leftovers\n|upkeep\n|turn|4\n|j| cypherstest\n|\n|t:|1667453131\n|switch|p2a: Slowking|Slowking-Galar, M|100\/100\n|move|p1a: Inteleon|Focus Energy|p1a: Inteleon\n|-start|p1a: Inteleon|move: Focus Energy\n|\n|-weather|Hail|[upkeep]\n|-damage|p1a: Inteleon|88\/100|[from] Hail\n|-damage|p2a: Slowking|94\/100|[from] Hail\n|upkeep\n|turn|5\n|\n|t:|1667453134\n|move|p1a: Inteleon|Dark Pulse|p2a: Slowking\n|-supereffective|p2a: Slowking\n|-crit|p2a: Slowking\n|-damage|p2a: Slowking|23\/100\n|move|p2a: Slowking|Future Sight|p1a: Inteleon\n|-start|p2a: Slowking|move: Future Sight\n|\n|-weather|Hail|[upkeep]\n|-damage|p1a: Inteleon|82\/100|[from] Hail\n|-damage|p2a: Slowking|17\/100|[from] Hail\n|-fieldend|move: Electric Terrain\n|upkeep\n|turn|6\n|\n|t:|1667453142\n|switch|p2a: Mandibuzz|Mandibuzz, F|100\/100\n|move|p1a: Inteleon|Snipe Shot|p2a: Mandibuzz\n|-crit|p2a: Mandibuzz\n|-damage|p2a: Mandibuzz|30\/100\n|\n|-weather|none\n|upkeep\n|turn|7\n|\n|t:|1667453145\n|move|p1a: Inteleon|Ice Beam|p2a: Mandibuzz\n|-supereffective|p2a: Mandibuzz\n|-crit|p2a: Mandibuzz\n|-damage|p2a: Mandibuzz|0 fnt\n|faint|p2a: Mandibuzz\n|\n|-end|p1a: Inteleon|move: Future Sight\n|-damage|p1a: Inteleon|32\/100\n|upkeep\n|j| Rem!x\n|\n|t:|1667453170\n|switch|p2a: Slowking|Slowking-Galar, M|51\/100\n|turn|8\n|\n|t:|1667453175\n|switch|p2a: Ferrothorn|Ferrothorn, M|100\/100\n|move|p1a: Inteleon|Dark Pulse|p2a: Ferrothorn\n|-crit|p2a: Ferrothorn\n|-damage|p2a: Ferrothorn|49\/100\n|\n|-heal|p2a: Ferrothorn|55\/100|[from] item: Leftovers\n|upkeep\n|turn|9\n|\n|t:|1667453185\n|move|p1a: Inteleon|Ice Beam|p2a: Ferrothorn\n|-crit|p2a: Ferrothorn\n|-damage|p2a: Ferrothorn|2\/100\n|move|p2a: Ferrothorn|Knock Off|p1a: Inteleon\n|-damage|p1a: Inteleon|15\/100\n|-enditem|p1a: Inteleon|Scope Lens|[from] move: Knock Off|[of] p2a: Ferrothorn\n|\n|-heal|p2a: Ferrothorn|8\/100|[from] item: Leftovers\n|-sideend|p1: Quarantine Vibe|move: Aurora Veil\n|upkeep\n|turn|10\n|\n|t:|1667453190\n|move|p1a: Inteleon|Snipe Shot|p2a: Ferrothorn\n|-resisted|p2a: Ferrothorn\n|-crit|p2a: Ferrothorn\n|-damage|p2a: Ferrothorn|0 fnt\n|faint|p2a: Ferrothorn\n|\n|upkeep\n|\n|t:|1667453193\n|switch|p2a: Urshifu|Urshifu-Rapid-Strike, M|94\/100\n|turn|11\n|\n|t:|1667453195\n|move|p2a: Urshifu|Aqua Jet|p1a: Inteleon\n|-resisted|p1a: Inteleon\n|-damage|p1a: Inteleon|0 fnt\n|faint|p1a: Inteleon\n|\n|upkeep\n|\n|t:|1667453203\n|switch|p1a: Moltres|Moltres-Galar|100\/100\n|turn|12\n|\n|t:|1667453206\n|switch|p2a: Landorus|Landorus-Therian, M|100\/100\n|-ability|p2a: Landorus|Intimidate|boost\n|-unboost|p1a: Moltres|atk|1\n|move|p1a: Moltres|Nasty Plot|p1a: Moltres\n|-boost|p1a: Moltres|spa|2\n|\n|upkeep\n|turn|13\n|\n|t:|1667453211\n|move|p2a: Landorus|Toxic|p1a: Moltres\n|-status|p1a: Moltres|tox\n|move|p1a: Moltres|Agility|p1a: Moltres\n|-boost|p1a: Moltres|spe|2\n|\n|-damage|p1a: Moltres|94\/100 tox|[from] psn\n|upkeep\n|turn|14\n|\n|t:|1667453216\n|switch|p2a: Slowking|Slowking-Galar, M|84\/100\n|move|p1a: Moltres|Hurricane|p2a: Slowking\n|-damage|p2a: Slowking|26\/100\n|\n|-damage|p1a: Moltres|82\/100 tox|[from] psn\n|upkeep\n|turn|15\n|\n|t:|1667453218\n|move|p1a: Moltres|Fiery Wrath|p2a: Slowking\n|-supereffective|p2a: Slowking\n|-damage|p2a: Slowking|0 fnt\n|faint|p2a: Slowking\n|\n|-damage|p1a: Moltres|63\/100 tox|[from] psn\n|upkeep\n|\n|t:|1667453226\n|switch|p2a: Urshifu|Urshifu-Rapid-Strike, M|94\/100\n|turn|16\n|\n|t:|1667453229\n|move|p1a: Moltres|Hurricane|p2a: Urshifu|[miss]\n|-miss|p1a: Moltres|p2a: Urshifu\n|move|p2a: Urshifu|Surging Strikes|p1a: Moltres\n|-crit|p1a: Moltres\n|-damage|p1a: Moltres|29\/100 tox\n|-crit|p1a: Moltres\n|-damage|p1a: Moltres|0 fnt\n|faint|p1a: Moltres\n|-hitcount|p1: Moltres|2\n|\n|upkeep\n|\n|t:|1667453231\n|switch|p1a: Zeraora|Zeraora|100\/100\n|turn|17\n|\n|t:|1667453236\n|switch|p1a: Landorus|Landorus-Therian, M|100\/100\n|-ability|p1a: Landorus|Intimidate|boost\n|-unboost|p2a: Urshifu|atk|1\n|switch|p2a: Landorus|Landorus-Therian, M|100\/100\n|-ability|p2a: Landorus|Intimidate|boost\n|-unboost|p1a: Landorus|atk|1\n|\n|upkeep\n|turn|18\n|\n|t:|1667453239\n|move|p2a: Landorus|U-turn|p1a: Landorus\n|-resisted|p1a: Landorus\n|-damage|p1a: Landorus|88\/100\n|\n|t:|1667453240\n|switch|p2a: Urshifu|Urshifu-Rapid-Strike, M|94\/100|[from]move: U-turn\n|move|p1a: Landorus|Swords Dance|p1a: Landorus\n|-boost|p1a: Landorus|atk|2\n|\n|upkeep\n|turn|19\n|\n|t:|1667453243\n|move|p2a: Urshifu|Surging Strikes|p1a: Landorus\n|-supereffective|p1a: Landorus\n|-crit|p1a: Landorus\n|-damage|p1a: Landorus|24\/100\n|-supereffective|p1a: Landorus\n|-crit|p1a: Landorus\n|-damage|p1a: Landorus|0 fnt\n|faint|p1a: Landorus\n|-hitcount|p1: Landorus|2\n|\n|upkeep\n|\n|t:|1667453244\n|switch|p1a: Zeraora|Zeraora|100\/100\n|turn|20\n|\n|t:|1667453245\n|move|p1a: Zeraora|Bulk Up|p1a: Zeraora\n|-boost|p1a: Zeraora|atk|1\n|-boost|p1a: Zeraora|def|1\n|move|p2a: Urshifu|Surging Strikes|p1a: Zeraora\n|-crit|p1a: Zeraora\n|-damage|p1a: Zeraora|63\/100\n|-crit|p1a: Zeraora\n|-damage|p1a: Zeraora|19\/100\n|-crit|p1a: Zeraora\n|-damage|p1a: Zeraora|0 fnt\n|faint|p1a: Zeraora\n|-hitcount|p1: Zeraora|3\n|\n|win|machugen\n|raw|Quarantine Vibe's rating: 1610 &rarr; <strong>1597<\/strong><br \/>(-13 for losing)\n|raw|machugen's rating: 1732 &rarr; <strong>1745<\/strong><br \/>(+13 for winning)\n|l|\u2606Quarantine Vibe\n","uploadtime":1667453248,"views":7,"p1id":"quarantinevibe","p2id":"machugen","formatid":"gen8ou","rating":1597,"private":0,"password":null}