{"id":"gen8ubers-1652067306","p1":"SiTuM.","p2":"Raph369","format":"gen8ubers","log":"|j|\u2606SiTuM.\n|j|\u2606Raph369\n|t:|1661884534\n|gametype|singles\n|player|p1|SiTuM.|bugcatcher-gen4dp|\n|player|p2|Raph369|rocketgrunt|\n|teamsize|p1|6\n|teamsize|p2|6\n|gen|8\n|tier|[Gen 8] Ubers\n|rated|Tournament battle\n|rule|Sleep Clause Mod: Limit one foe put to sleep\n|rule|Species Clause: Limit one of each Pok\u00e9mon\n|rule|OHKO Clause: OHKO moves are banned\n|rule|Evasion Items Clause: Evasion items are banned\n|rule|Evasion Moves Clause: Evasion moves are banned\n|rule|Endless Battle Clause: Forcing endless battles is banned\n|rule|HP Percentage Mod: HP is shown in percentages\n|rule|Dynamax Clause: You cannot dynamax\n|clearpoke\n|poke|p1|Groudon|\n|poke|p1|Venusaur, M|\n|poke|p1|Shiftry, M|\n|poke|p1|Entei|\n|poke|p1|Xatu, M|\n|poke|p1|Blissey, F|\n|poke|p2|Rayquaza|\n|poke|p2|Groudon|\n|poke|p2|Yveltal|\n|poke|p2|Necrozma-Dusk-Mane|\n|poke|p2|Ferrothorn, F|\n|poke|p2|Xerneas-*|\n|teampreview\n|j| ILoveMashing\u2764\n|c|\u2606Raph369|j'aurais d\u00fb prendre\n|c|\u2606Raph369|bliss scarf\n|c|\u2606Raph369|hf\n|c|\u2606SiTuM.|o_o\n|c|\u2606SiTuM.|hfent\n|\n|t:|1661884558\n|start\n|switch|p1a: Groudon|Groudon|100\/100\n|switch|p2a: Rayquaza|Rayquaza|100\/100\n|-ability|p2a: Rayquaza|Air Lock\n|-weather|SunnyDay|[from] ability: Drought|[of] p1a: Groudon\n|turn|1\n|\n|t:|1661884564\n|switch|p2a: Groudon|Groudon|100\/100\n|move|p1a: Groudon|Toxic|p2a: Groudon\n|-status|p2a: Groudon|tox\n|\n|-weather|SunnyDay|[upkeep]\n|-damage|p2a: Groudon|94\/100 tox|[from] psn\n|upkeep\n|turn|2\n|\n|t:|1661884575\n|move|p1a: Groudon|Stealth Rock|p2a: Groudon\n|-sidestart|p2: Raph369|move: Stealth Rock\n|move|p2a: Groudon|Toxic|p1a: Groudon\n|-status|p1a: Groudon|tox\n|\n|-weather|SunnyDay|[upkeep]\n|-heal|p2a: Groudon|100\/100 tox|[from] item: Leftovers\n|-damage|p1a: Groudon|94\/100 tox|[from] psn\n|-damage|p2a: Groudon|88\/100 tox|[from] psn\n|upkeep\n|turn|3\n|\n|t:|1661884581\n|switch|p1a: Xatu|Xatu, M|100\/100\n|move|p2a: Groudon|Stealth Rock|p1a: Xatu\n|move|p1a: Xatu|Stealth Rock||[from]ability: Magic Bounce|[still]\n|-fail|p1a: Xatu\n|\n|-weather|SunnyDay|[upkeep]\n|-heal|p2a: Groudon|94\/100 tox|[from] item: Leftovers\n|-damage|p2a: Groudon|76\/100 tox|[from] psn\n|upkeep\n|turn|4\n|\n|t:|1661884585\n|switch|p2a: Ferrothorn|Ferrothorn, F|100\/100\n|-damage|p2a: Ferrothorn|94\/100|[from] Stealth Rock\n|move|p1a: Xatu|Teleport|p1a: Xatu\n|\n|t:|1661884593\n|switch|p1a: Entei|Entei|100\/100|[from]move: Teleport\n|-ability|p1a: Entei|Pressure\n|\n|-weather|SunnyDay|[upkeep]\n|-heal|p2a: Ferrothorn|100\/100|[from] item: Leftovers\n|upkeep\n|turn|5\n|\n|t:|1661884609\n|move|p1a: Entei|Sacred Fire|p2a: Ferrothorn\n|-supereffective|p2a: Ferrothorn\n|-damage|p2a: Ferrothorn|0 fnt\n|faint|p2a: Ferrothorn\n|\n|-weather|SunnyDay|[upkeep]\n|upkeep\n|\n|t:|1661884619\n|switch|p2a: Rayquaza|Rayquaza|100\/100\n|-damage|p2a: Rayquaza|76\/100|[from] Stealth Rock\n|-ability|p2a: Rayquaza|Air Lock\n|turn|6\n|\n|t:|1661884625\n|move|p1a: Entei|Sacred Fire|p2a: Rayquaza\n|-resisted|p2a: Rayquaza\n|-damage|p2a: Rayquaza|30\/100\n|-status|p2a: Rayquaza|brn\n|move|p2a: Rayquaza|Draco Meteor|p1a: Entei\n|-damage|p1a: Entei|25\/100\n|-unboost|p2a: Rayquaza|spa|2\n|\n|-weather|SunnyDay|[upkeep]\n|-damage|p2a: Rayquaza|24\/100 brn|[from] brn\n|upkeep\n|turn|7\n|\n|t:|1661884635\n|move|p1a: Entei|Sacred Fire|p2a: Rayquaza\n|-resisted|p2a: Rayquaza\n|-crit|p2a: Rayquaza\n|-damage|p2a: Rayquaza|0 fnt\n|faint|p2a: Rayquaza\n|\n|-weather|SunnyDay|[upkeep]\n|upkeep\n|\n|t:|1661884639\n|switch|p2a: Yveltal|Yveltal|100\/100\n|-ability|p2a: Yveltal|Dark Aura\n|turn|8\n|j|+Perry\n|\n|t:|1661884643\n|move|p2a: Yveltal|Sucker Punch|p1a: Entei\n|-damage|p1a: Entei|0 fnt\n|faint|p1a: Entei\n|\n|-weather|none\n|upkeep\n|\n|t:|1661884647\n|switch|p1a: Groudon|Groudon|94\/100 tox\n|-weather|SunnyDay|[from] ability: Drought|[of] p1a: Groudon\n|turn|9\n|\n|t:|1661884665\n|move|p2a: Yveltal|Oblivion Wing|p1a: Groudon\n|-crit|p1a: Groudon\n|-damage|p1a: Groudon|48\/100 tox\n|move|p1a: Groudon|Toxic|p2a: Yveltal\n|-status|p2a: Yveltal|tox\n|\n|-weather|SunnyDay|[upkeep]\n|-damage|p2a: Yveltal|94\/100 tox|[from] psn\n|-damage|p1a: Groudon|41\/100 tox|[from] psn\n|upkeep\n|turn|10\n|\n|t:|1661884669\n|switch|p2a: Xerneas|Xerneas|100\/100\n|-damage|p2a: Xerneas|88\/100|[from] Stealth Rock\n|-ability|p2a: Xerneas|Fairy Aura\n|move|p1a: Groudon|Rest|p1a: Groudon\n|-status|p1a: Groudon|slp|[from] move: Rest\n|-heal|p1a: Groudon|100\/100 slp|[silent]\n|\n|-weather|SunnyDay|[upkeep]\n|-heal|p2a: Xerneas|94\/100|[from] item: Leftovers\n|upkeep\n|turn|11\n|\n|t:|1661884673\n|switch|p1a: Venusaur|Venusaur, M|100\/100\n|move|p2a: Xerneas|Aromatherapy|p2a: Xerneas\n|-activate|p2a: Xerneas|move: Aromatherapy\n|-curestatus|p2: Groudon|tox|[msg]\n|-curestatus|p2: Yveltal|tox|[msg]\n|\n|-weather|SunnyDay|[upkeep]\n|-heal|p2a: Xerneas|99\/100|[from] item: Leftovers\n|upkeep\n|turn|12\n|\n|t:|1661884681\n|switch|p2a: Necrozma|Necrozma-Dusk-Mane|100\/100\n|-damage|p2a: Necrozma|94\/100|[from] Stealth Rock\n|move|p1a: Venusaur|Growth|p1a: Venusaur\n|-boost|p1a: Venusaur|atk|2\n|-boost|p1a: Venusaur|spa|2\n|\n|-weather|SunnyDay|[upkeep]\n|-heal|p2a: Necrozma|100\/100|[from] item: Leftovers\n|upkeep\n|turn|13\n|\n|t:|1661884691\n|switch|p2a: Xerneas|Xerneas|99\/100\n|-damage|p2a: Xerneas|88\/100|[from] Stealth Rock\n|-ability|p2a: Xerneas|Fairy Aura\n|move|p1a: Venusaur|Weather Ball|p2a: Xerneas\n|-damage|p2a: Xerneas|0 fnt\n|faint|p2a: Xerneas\n|-damage|p1a: Venusaur|91\/100|[from] item: Life Orb\n|\n|-weather|SunnyDay|[upkeep]\n|upkeep\n|j| Ciao Belle\n|c|\u2606Raph369|rah oe\n|\n|t:|1661884698\n|switch|p2a: Yveltal|Yveltal|94\/100\n|-ability|p2a: Yveltal|Dark Aura\n|turn|14\n|\n|t:|1661884701\n|move|p1a: Venusaur|Weather Ball|p2a: Yveltal\n|-damage|p2a: Yveltal|0 fnt\n|faint|p2a: Yveltal\n|-damage|p1a: Venusaur|81\/100|[from] item: Life Orb\n|\n|-weather|SunnyDay|[upkeep]\n|upkeep\n|\n|t:|1661884703\n|switch|p2a: Necrozma|Necrozma-Dusk-Mane|100\/100\n|-damage|p2a: Necrozma|94\/100|[from] Stealth Rock\n|turn|15\n|c|\u2606SiTuM.|ptdrrrrrrrr\n|\n|t:|1661884707\n|move|p1a: Venusaur|Weather Ball|p2a: Necrozma\n|-supereffective|p2a: Necrozma\n|-damage|p2a: Necrozma|0 fnt\n|faint|p2a: Necrozma\n|-damage|p1a: Venusaur|71\/100|[from] item: Life Orb\n|\n|-weather|SunnyDay|[upkeep]\n|upkeep\n|c|\u2606SiTuM.|ggent\n|c|\u2606Raph369|gg\n|\n|t:|1661884715\n|switch|p2a: Groudon|Groudon|76\/100\n|-damage|p2a: Groudon|70\/100|[from] Stealth Rock\n|turn|16\n|\n|t:|1661884718\n|move|p1a: Venusaur|Solar Beam||[still]\n|-prepare|p1a: Venusaur|Solar Beam\n|-anim|p1a: Venusaur|Solar Beam|p2a: Groudon\n|-supereffective|p2a: Groudon\n|-damage|p2a: Groudon|0 fnt\n|faint|p2a: Groudon\n|-damage|p1a: Venusaur|61\/100|[from] item: Life Orb\n|\n|win|SiTuM.\n|n|\u2606SiTuM.|situm\n|n|\u2606Raph369|raph369\n|n| ILoveMashing\u2764|ilovemashing\n|n|+Perry|perry\n|n| Ciao Belle|ciaobelle\n","uploadtime":1661884726,"views":39,"p1id":"situm","p2id":"raph369","formatid":"gen8ubers","rating":0,"private":0,"password":null}