{"id":"gen8nationaldex-1331315645","p1":"electroscampi","p2":"kazt 5","format":"gen8nationaldex","log":"|j|\u2606electroscampi\n|j|\u2606kazt 5\n|inactive|Battle timer is ON: inactive players will automatically lose when time's up.\n|t:|1619740439\n|gametype|singles\n|player|p1|electroscampi|janitor|\n|player|p2|kazt 5|dawn|\n|teamsize|p1|6\n|teamsize|p2|6\n|gen|8\n|tier|[Gen 8] National Dex\n|rated|Tournament battle\n|clearpoke\n|poke|p1|Pidgeot, F|\n|poke|p1|Keldeo-Resolute|\n|poke|p1|Slowking-Galar, M|\n|poke|p1|Ferrothorn, M|\n|poke|p1|Dragonite, F|\n|poke|p1|Excadrill, F|\n|poke|p2|Medicham, F|\n|poke|p2|Garchomp, F|\n|poke|p2|Tangrowth, M|\n|poke|p2|Corviknight, M|\n|poke|p2|Tapu Koko|\n|poke|p2|Tyranitar, M|\n|rule|HP Percentage Mod: HP is shown in percentages\n|rule|Endless Battle Clause: Forcing endless battles is banned\n|rule|OHKO Clause: OHKO moves are banned\n|rule|Evasion Moves Clause: Evasion moves are banned\n|rule|Species Clause: Limit one of each Pok\u00e9mon\n|rule|Dynamax Clause: You cannot dynamax\n|rule|Sleep Clause Mod: Limit one foe put to sleep\n|teampreview\n|j| Liongamer777\n|j| CSS TwentyThree\n|j| rilysuullivan\n|c|\u2606electroscampi|glhf\n|j| Fire\u00a7Fern\n|c|\u2606kazt 5|hf!\n|\n|t:|1619740455\n|start\n|switch|p1a: Slippery People|Keldeo-Resolute|100\/100\n|switch|p2a: Medicham|Medicham, F|100\/100\n|turn|1\n|\n|t:|1619740462\n|detailschange|p2a: Medicham|Medicham-Mega, F\n|-mega|p2a: Medicham|Medicham|Medichamite\n|move|p2a: Medicham|Fake Out|p1a: Slippery People\n|-damage|p1a: Slippery People|75\/100\n|cant|p1a: Slippery People|flinch\n|\n|upkeep\n|turn|2\n|\n|t:|1619740468\n|switch|p2a: Tangrowth|Tangrowth, M|100\/100\n|move|p1a: Slippery People|Flip Turn|p2a: Tangrowth\n|-resisted|p2a: Tangrowth\n|-damage|p2a: Tangrowth|96\/100\n|\n|t:|1619740472\n|switch|p1a: Wild Gravity|Pidgeot, F|100\/100|[from]move: Flip Turn\n|\n|upkeep\n|turn|3\n|j| MonkEZmoothie\n|\n|t:|1619740500\n|switch|p1a: Strange Overtones|Excadrill, F|100\/100\n|-ability|p1a: Strange Overtones|Mold Breaker\n|switch|p2a: Tyranitar|Tyranitar, M|100\/100\n|-weather|Sandstorm|[from] ability: Sand Stream|[of] p2a: Tyranitar\n|\n|-weather|Sandstorm|[upkeep]\n|upkeep\n|turn|4\n|\n|t:|1619740507\n|move|p1a: Strange Overtones|Stealth Rock|p2a: Tyranitar\n|-sidestart|p2: kazt 5|move: Stealth Rock\n|move|p2a: Tyranitar|Superpower|p1a: Strange Overtones\n|-supereffective|p1a: Strange Overtones\n|-enditem|p1a: Strange Overtones|Focus Sash\n|-damage|p1a: Strange Overtones|1\/100\n|-unboost|p2a: Tyranitar|atk|1\n|-unboost|p2a: Tyranitar|def|1\n|\n|-weather|Sandstorm|[upkeep]\n|upkeep\n|turn|5\n|\n|t:|1619740514\n|switch|p2a: Corviknight|Corviknight, M|100\/100\n|-damage|p2a: Corviknight|88\/100|[from] Stealth Rock\n|-ability|p2a: Corviknight|Pressure\n|move|p1a: Strange Overtones|Iron Head|p2a: Corviknight\n|-resisted|p2a: Corviknight\n|-damage|p2a: Corviknight|74\/100\n|\n|-weather|Sandstorm|[upkeep]\n|-heal|p2a: Corviknight|80\/100|[from] item: Leftovers\n|upkeep\n|turn|6\n|\n|t:|1619740520\n|switch|p1a: Stop Making Sense|Slowking-Galar, M, shiny|100\/100\n|move|p2a: Corviknight|U-turn|p1a: Stop Making Sense\n|-damage|p1a: Stop Making Sense|86\/100\n|\n|t:|1619740526\n|switch|p2a: Garchomp|Garchomp, F|100\/100|[from]move: U-turn\n|-damage|p2a: Garchomp|94\/100|[from] Stealth Rock\n|\n|-weather|Sandstorm|[upkeep]\n|-damage|p1a: Stop Making Sense|80\/100|[from] Sandstorm\n|upkeep\n|turn|7\n|j| natdex garbodr 2\n|\n|t:|1619740530\n|switch|p1a: Born Under Punches|Ferrothorn, M|100\/100\n|move|p2a: Garchomp|Earthquake|p1a: Born Under Punches\n|-damage|p1a: Born Under Punches|69\/100\n|\n|-weather|none\n|-heal|p1a: Born Under Punches|75\/100|[from] item: Leftovers\n|upkeep\n|turn|8\n|\n|t:|1619740537\n|switch|p2a: Tangrowth|Tangrowth, M|100\/100\n|-damage|p2a: Tangrowth|88\/100|[from] Stealth Rock\n|move|p1a: Born Under Punches|Leech Seed|p2a: Tangrowth\n|-immune|p2a: Tangrowth\n|\n|-heal|p1a: Born Under Punches|81\/100|[from] item: Leftovers\n|upkeep\n|turn|9\n|\n|t:|1619740542\n|switch|p1a: Wild Gravity|Pidgeot, F|100\/100\n|move|p2a: Tangrowth|Knock Off|p1a: Wild Gravity\n|-damage|p1a: Wild Gravity|79\/100\n|\n|upkeep\n|turn|10\n|\n|t:|1619740548\n|switch|p2a: Tyranitar|Tyranitar, M|100\/100\n|-damage|p2a: Tyranitar|88\/100|[from] Stealth Rock\n|-weather|Sandstorm|[from] ability: Sand Stream|[of] p2a: Tyranitar\n|detailschange|p1a: Wild Gravity|Pidgeot-Mega, F\n|-mega|p1a: Wild Gravity|Pidgeot|Pidgeotite\n|move|p1a: Wild Gravity|Hurricane|p2a: Tyranitar\n|-resisted|p2a: Tyranitar\n|-damage|p2a: Tyranitar|71\/100\n|\n|-weather|Sandstorm|[upkeep]\n|-damage|p1a: Wild Gravity|73\/100|[from] Sandstorm\n|upkeep\n|turn|11\n|j| HermanPlayZ\n|\n|t:|1619740551\n|-activate|p1a: Wild Gravity|move: Pursuit\n|move|p2a: Tyranitar|Pursuit|p1a: Wild Gravity|[from]Pursuit\n|-damage|p1a: Wild Gravity|0 fnt\n|-hint|A Pokemon can't switch between when it runs out of HP and when it faints\n|faint|p1a: Wild Gravity\n|\n|-weather|Sandstorm|[upkeep]\n|upkeep\n|\n|t:|1619740559\n|switch|p1a: Slippery People|Keldeo-Resolute|75\/100\n|turn|12\n|\n|t:|1619740563\n|switch|p2a: Tangrowth|Tangrowth, M|100\/100\n|-damage|p2a: Tangrowth|88\/100|[from] Stealth Rock\n|move|p1a: Slippery People|Air Slash|p2a: Tangrowth\n|-supereffective|p2a: Tangrowth\n|-damage|p2a: Tangrowth|57\/100\n|\n|-weather|Sandstorm|[upkeep]\n|-damage|p1a: Slippery People|69\/100|[from] Sandstorm\n|-damage|p2a: Tangrowth|51\/100|[from] Sandstorm\n|upkeep\n|turn|13\n|\n|t:|1619740571\n|switch|p1a: Strange Overtones|Excadrill, F|1\/100\n|-ability|p1a: Strange Overtones|Mold Breaker\n|switch|p2a: Corviknight|Corviknight, M|80\/100\n|-damage|p2a: Corviknight|67\/100|[from] Stealth Rock\n|-ability|p2a: Corviknight|Pressure\n|\n|-weather|Sandstorm|[upkeep]\n|-heal|p2a: Corviknight|74\/100|[from] item: Leftovers\n|upkeep\n|turn|14\n|\n|t:|1619740577\n|switch|p1a: Stop Making Sense|Slowking-Galar, M, shiny|100\/100\n|move|p2a: Corviknight|Roost|p2a: Corviknight\n|-heal|p2a: Corviknight|100\/100\n|-singleturn|p2a: Corviknight|move: Roost\n|\n|-weather|none\n|upkeep\n|turn|15\n|\n|t:|1619740583\n|move|p2a: Corviknight|Defog|p1a: Stop Making Sense\n|-unboost|p1a: Stop Making Sense|evasion|1\n|-sideend|p2: kazt 5|Stealth Rock|[from] move: Defog|[of] p2a: Corviknight\n|move|p1a: Stop Making Sense|Scald|p2a: Corviknight\n|-damage|p2a: Corviknight|75\/100\n|\n|-heal|p2a: Corviknight|81\/100|[from] item: Leftovers\n|upkeep\n|turn|16\n|\n|t:|1619740586\n|move|p2a: Corviknight|U-turn|p1a: Stop Making Sense\n|-damage|p1a: Stop Making Sense|85\/100\n|j| CartiWins\n|\n|t:|1619740594\n|switch|p2a: Tyranitar|Tyranitar, M|71\/100|[from]move: U-turn\n|-weather|Sandstorm|[from] ability: Sand Stream|[of] p2a: Tyranitar\n|move|p1a: Stop Making Sense|Scald|p2a: Tyranitar\n|-supereffective|p2a: Tyranitar\n|-crit|p2a: Tyranitar\n|-damage|p2a: Tyranitar|26\/100\n|\n|-weather|Sandstorm|[upkeep]\n|-damage|p1a: Stop Making Sense|79\/100|[from] Sandstorm\n|upkeep\n|turn|17\n|\n|t:|1619740600\n|move|p2a: Tyranitar|Stealth Rock|p1a: Stop Making Sense\n|-sidestart|p1: electroscampi|move: Stealth Rock\n|move|p1a: Stop Making Sense|Scald|p2a: Tyranitar\n|-supereffective|p2a: Tyranitar\n|-crit|p2a: Tyranitar\n|-damage|p2a: Tyranitar|0 fnt\n|faint|p2a: Tyranitar\n|\n|-weather|Sandstorm|[upkeep]\n|-damage|p1a: Stop Making Sense|73\/100|[from] Sandstorm\n|upkeep\n|\n|t:|1619740603\n|switch|p2a: Garchomp|Garchomp, F|94\/100\n|turn|18\n|\n|t:|1619740612\n|switch|p1a: Born Under Punches|Ferrothorn, M|81\/100\n|-damage|p1a: Born Under Punches|75\/100|[from] Stealth Rock\n|move|p2a: Garchomp|Swords Dance|p2a: Garchomp\n|-boost|p2a: Garchomp|atk|2\n|\n|-weather|Sandstorm|[upkeep]\n|-heal|p1a: Born Under Punches|81\/100|[from] item: Leftovers\n|upkeep\n|turn|19\n|\n|t:|1619740615\n|move|p2a: Garchomp|Earthquake|p1a: Born Under Punches\n|-damage|p1a: Born Under Punches|13\/100\n|move|p1a: Born Under Punches|Gyro Ball|p2a: Garchomp|[miss]\n|-miss|p1a: Born Under Punches|p2a: Garchomp\n|\n|-weather|Sandstorm|[upkeep]\n|-heal|p1a: Born Under Punches|20\/100|[from] item: Leftovers\n|upkeep\n|turn|20\n|j|+peapo dc\n|c|\u2606electroscampi|ohno\n|c|\u2606electroscampi|lmao\n|c| HermanPlayZ|oof\n|\n|t:|1619740629\n|move|p2a: Garchomp|Earthquake|p1a: Born Under Punches\n|-damage|p1a: Born Under Punches|0 fnt\n|faint|p1a: Born Under Punches\n|\n|-weather|none\n|upkeep\n|\n|t:|1619740635\n|switch|p1a: Slippery People|Keldeo-Resolute|69\/100\n|-damage|p1a: Slippery People|63\/100|[from] Stealth Rock\n|turn|21\n|c|\u2606kazt 5|that thing never works but when it does its so funny\n|\n|t:|1619740649\n|switch|p2a: Tangrowth|Tangrowth, M|84\/100\n|move|p1a: Slippery People|Hydro Pump|p2a: Tangrowth\n|-resisted|p2a: Tangrowth\n|-damage|p2a: Tangrowth|67\/100\n|\n|upkeep\n|turn|22\n|c|\u2606electroscampi|ive been bamboozled\n|\n|t:|1619740660\n|switch|p1a: Strange Overtones|Excadrill, F|1\/100\n|-damage|p1a: Strange Overtones|0 fnt|[from] Stealth Rock\n|faint|p1a: Strange Overtones\n|switch|p2a: Corviknight|Corviknight, M|81\/100\n|-ability|p2a: Corviknight|Pressure\n|\n|-heal|p2a: Corviknight|87\/100|[from] item: Leftovers\n|upkeep\n|\n|t:|1619740663\n|switch|p1a: I Zimbra|Dragonite, F|100\/100\n|-damage|p1a: I Zimbra|76\/100|[from] Stealth Rock\n|turn|23\n|\n|t:|1619740668\n|move|p1a: I Zimbra|Dragon Dance|p1a: I Zimbra\n|-boost|p1a: I Zimbra|atk|1\n|-boost|p1a: I Zimbra|spe|1\n|move|p2a: Corviknight|U-turn|p1a: I Zimbra\n|-resisted|p1a: I Zimbra\n|-damage|p1a: I Zimbra|68\/100\n|\n|t:|1619740670\n|switch|p2a: Garchomp|Garchomp, F|94\/100|[from]move: U-turn\n|\n|upkeep\n|turn|24\n|l| HermanPlayZ\n|\n|t:|1619740680\n|move|p1a: I Zimbra|Dual Wingbeat|p2a: Garchomp\n|-damage|p2a: Garchomp|62\/100\n|-damage|p2a: Garchomp|29\/100\n|-hitcount|p2a: Garchomp|2\n|-zpower|p2a: Garchomp\n|move|p2a: Garchomp|Continental Crush|p1a: I Zimbra|[zeffect]\n|-supereffective|p1a: I Zimbra\n|-damage|p1a: I Zimbra|0 fnt\n|faint|p1a: I Zimbra\n|\n|upkeep\n|\n|t:|1619740684\n|switch|p1a: Slippery People|Keldeo-Resolute|63\/100\n|-damage|p1a: Slippery People|57\/100|[from] Stealth Rock\n|turn|25\n|\n|t:|1619740688\n|switch|p2a: Tangrowth|Tangrowth, M|99\/100\n|move|p1a: Slippery People|Flip Turn|p2a: Tangrowth\n|-resisted|p2a: Tangrowth\n|-damage|p2a: Tangrowth|96\/100\n|\n|t:|1619740690\n|switch|p1a: Stop Making Sense|Slowking-Galar, M, shiny|100\/100|[from]move: Flip Turn\n|-damage|p1a: Stop Making Sense|88\/100|[from] Stealth Rock\n|\n|upkeep\n|turn|26\n|\n|t:|1619740693\n|move|p2a: Tangrowth|Knock Off|p1a: Stop Making Sense\n|-supereffective|p1a: Stop Making Sense\n|-damage|p1a: Stop Making Sense|40\/100\n|-enditem|p1a: Stop Making Sense|Assault Vest|[from] move: Knock Off|[of] p2a: Tangrowth\n|move|p1a: Stop Making Sense|Future Sight|p2a: Tangrowth\n|-start|p1a: Stop Making Sense|move: Future Sight\n|\n|upkeep\n|turn|27\n|l|+peapo dc\n|\n|t:|1619740699\n|switch|p2a: Tapu Koko|Tapu Koko|100\/100\n|-fieldstart|move: Electric Terrain|[from] ability: Electric Surge|[of] p2a: Tapu Koko\n|move|p1a: Stop Making Sense|Fire Blast|p2a: Tapu Koko\n|-damage|p2a: Tapu Koko|45\/100\n|-status|p2a: Tapu Koko|brn\n|\n|-damage|p2a: Tapu Koko|39\/100 brn|[from] brn\n|upkeep\n|turn|28\n|\n|t:|1619740706\n|move|p2a: Tapu Koko|U-turn|p1a: Stop Making Sense\n|-crit|p1a: Stop Making Sense\n|-damage|p1a: Stop Making Sense|29\/100\n|\n|t:|1619740708\n|switch|p2a: Corviknight|Corviknight, M|87\/100|[from]move: U-turn\n|-ability|p2a: Corviknight|Pressure\n|move|p1a: Stop Making Sense|Scald|p2a: Corviknight\n|-damage|p2a: Corviknight|63\/100\n|\n|-end|p2a: Corviknight|move: Future Sight\n|-resisted|p2a: Corviknight\n|-damage|p2a: Corviknight|38\/100\n|-heal|p2a: Corviknight|44\/100|[from] item: Leftovers\n|upkeep\n|turn|29\n|\n|t:|1619740711\n|move|p2a: Corviknight|Brave Bird|p1a: Stop Making Sense\n|-crit|p1a: Stop Making Sense\n|-damage|p1a: Stop Making Sense|0 fnt\n|-damage|p2a: Corviknight|35\/100|[from] Recoil\n|faint|p1a: Stop Making Sense\n|\n|-heal|p2a: Corviknight|41\/100|[from] item: Leftovers\n|upkeep\n|\n|t:|1619740714\n|switch|p1a: Slippery People|Keldeo-Resolute|57\/100\n|-damage|p1a: Slippery People|50\/100|[from] Stealth Rock\n|turn|30\n|c|\u2606electroscampi|gg\n|\n|t:|1619740719\n|move|p1a: Slippery People|Hydro Pump|p2a: Corviknight\n|-damage|p2a: Corviknight|0 fnt\n|faint|p2a: Corviknight\n|\n|upkeep\n|c|\u2606kazt 5|ggs\n|\n|t:|1619740724\n|switch|p2a: Tapu Koko|Tapu Koko|39\/100 brn\n|turn|31\n|\n|t:|1619740731\n|move|p1a: Slippery People|Hydro Pump|p2a: Tapu Koko\n|-damage|p2a: Tapu Koko|0 fnt\n|faint|p2a: Tapu Koko\n|\n|-fieldend|move: Electric Terrain\n|upkeep\n|\n|t:|1619740734\n|switch|p2a: Tangrowth|Tangrowth, M|100\/100\n|turn|32\n|\n|t:|1619740737\n|move|p1a: Slippery People|Hydro Pump|p2a: Tangrowth\n|-resisted|p2a: Tangrowth\n|-damage|p2a: Tangrowth|84\/100\n|move|p2a: Tangrowth|Giga Drain|p1a: Slippery People\n|-supereffective|p1a: Slippery People\n|-damage|p1a: Slippery People|0 fnt\n|-heal|p2a: Tangrowth|100\/100|[from] drain|[of] p1a: Slippery People\n|faint|p1a: Slippery People\n|\n|win|kazt 5\n|n|\u2606electroscampi|electroscampi\n|n|\u2606kazt 5|kazt5\n|n| Liongamer777|liongamer777\n|n| CSS TwentyThree|csstwentythree\n|n| rilysuullivan|rilysuullivan\n|n| Fire\u00a7Fern|firefern\n|n| MonkEZmoothie|monkezmoothie\n|n| natdex garbodr 2|natdexgarbodr2\n|n| CartiWins|cartiwins\n","uploadtime":1619740738,"views":26,"p1id":"electroscampi","p2id":"kazt5","formatid":"gen8nationaldex","rating":0,"private":0,"password":null}