{"id":"gen8nationaldexag-1681629578","p1":"Meracx","p2":"dryzi","format":"gen8nationaldexag","log":"|j|\u2606Meracx\n|j|\u2606dryzi\n|t:|1665337244\n|gametype|singles\n|player|p1|Meracx|thorton|\n|player|p2|dryzi|az|\n|teamsize|p1|6\n|teamsize|p2|6\n|gen|8\n|tier|[Gen 8] National Dex AG\n|rule|HP Percentage Mod: HP is shown in percentages\n|rule|Endless Battle Clause: Forcing endless battles is banned\n|clearpoke\n|poke|p1|Sceptile, M|\n|poke|p1|Archeops, M|\n|poke|p1|Manaphy|\n|poke|p1|Vikavolt, M|\n|poke|p1|Nidoqueen, F|\n|poke|p1|Sylveon, M|\n|poke|p2|Nidoking, M|\n|poke|p2|Buzzwole|\n|poke|p2|Primarina, F|\n|poke|p2|Klefki, F|\n|poke|p2|Regieleki|\n|poke|p2|Flygon, M|\n|teampreview\n|c|\u2606Meracx|hf\n|c|\u2606dryzi|u2\n|j| Endives au jambon\n|\n|t:|1665337340\n|start\n|switch|p1a: Timide|Manaphy|100\/100\n|switch|p2a: Nidoking|Nidoking, M|100\/100\n|turn|1\n|j| Eriinyx\n|\n|t:|1665337360\n|switch|p2a: Primarina|Primarina, F|100\/100\n|move|p1a: Timide|Scald|p2a: Primarina\n|-resisted|p2a: Primarina\n|-damage|p2a: Primarina|89\/100\n|\n|-heal|p2a: Primarina|95\/100|[from] item: Leftovers\n|upkeep\n|turn|2\n|\n|t:|1665337398\n|move|p1a: Timide|Energy Ball|p2a: Primarina\n|-supereffective|p2a: Primarina\n|-damage|p2a: Primarina|61\/100\n|move|p2a: Primarina|Calm Mind|p2a: Primarina\n|-boost|p2a: Primarina|spa|1\n|-boost|p2a: Primarina|spd|1\n|\n|-heal|p2a: Primarina|67\/100|[from] item: Leftovers\n|upkeep\n|turn|3\n|\n|t:|1665337404\n|move|p1a: Timide|Energy Ball|p2a: Primarina\n|-supereffective|p2a: Primarina\n|-damage|p2a: Primarina|44\/100\n|move|p2a: Primarina|Moonblast|p1a: Timide\n|-damage|p1a: Timide|59\/100\n|-unboost|p1a: Timide|spa|1\n|\n|-heal|p2a: Primarina|50\/100|[from] item: Leftovers\n|upkeep\n|turn|4\n|\n|t:|1665337428\n|move|p1a: Timide|Energy Ball|p2a: Primarina\n|-supereffective|p2a: Primarina\n|-damage|p2a: Primarina|34\/100\n|move|p2a: Primarina|Moonblast|p1a: Timide\n|-damage|p1a: Timide|21\/100\n|-unboost|p1a: Timide|spa|1\n|\n|-heal|p2a: Primarina|40\/100|[from] item: Leftovers\n|upkeep\n|turn|5\n|\n|t:|1665337449\n|move|p1a: Timide|Energy Ball|p2a: Primarina\n|-supereffective|p2a: Primarina\n|-damage|p2a: Primarina|28\/100\n|move|p2a: Primarina|Moonblast|p1a: Timide\n|-damage|p1a: Timide|0 fnt\n|faint|p1a: Timide\n|\n|-heal|p2a: Primarina|34\/100|[from] item: Leftovers\n|upkeep\n|\n|t:|1665337474\n|switch|p1a: Prof|Nidoqueen, F|100\/100\n|turn|6\n|\n|t:|1665337517\n|move|p1a: Prof|Sludge Wave|p2a: Primarina\n|-supereffective|p2a: Primarina\n|-crit|p2a: Primarina\n|-damage|p2a: Primarina|0 fnt\n|faint|p2a: Primarina\n|\n|upkeep\n|\n|t:|1665337528\n|switch|p2a: Nidoking|Nidoking, M|100\/100\n|turn|7\n|\n|t:|1665337558\n|move|p2a: Nidoking|Earthquake|p1a: Prof\n|-supereffective|p1a: Prof\n|-enditem|p1a: Prof|Shuca Berry|[eat]\n|-enditem|p1a: Prof|Shuca Berry|[weaken]\n|-damage|p1a: Prof|40\/100\n|-damage|p2a: Nidoking|91\/100|[from] item: Life Orb\n|move|p1a: Prof|Earth Power|p2a: Nidoking\n|-supereffective|p2a: Nidoking\n|-damage|p2a: Nidoking|0 fnt\n|faint|p2a: Nidoking\n|\n|upkeep\n|\n|t:|1665337572\n|switch|p2a: Flygon|Flygon, M|100\/100\n|turn|8\n|\n|t:|1665337578\n|switch|p1a: Grincheux|Sylveon, M|100\/100\n|move|p2a: Flygon|Earthquake|p1a: Grincheux\n|-damage|p1a: Grincheux|69\/100\n|\n|upkeep\n|turn|9\n|\n|t:|1665337585\n|switch|p2a: Klefki|Klefki, F|100\/100\n|move|p1a: Grincheux|Hyper Voice|p2a: Klefki\n|-resisted|p2a: Klefki\n|-damage|p2a: Klefki|84\/100\n|\n|upkeep\n|turn|10\n|\n|t:|1665337590\n|switch|p1a: Simplet|Vikavolt, M|100\/100\n|move|p2a: Klefki|Light Screen|p2a: Klefki\n|-sidestart|p2: dryzi|move: Light Screen\n|\n|upkeep\n|turn|11\n|\n|t:|1665337598\n|move|p2a: Klefki|Play Rough|p1a: Simplet\n|-damage|p1a: Simplet|81\/100\n|move|p1a: Simplet|Sticky Web|p2a: Klefki\n|-sidestart|p2: dryzi|move: Sticky Web\n|\n|upkeep\n|turn|12\n|\n|t:|1665337604\n|move|p2a: Klefki|Play Rough|p1a: Simplet\n|-damage|p1a: Simplet|63\/100\n|move|p1a: Simplet|Volt Switch|p2a: Klefki\n|-damage|p2a: Klefki|70\/100\n|\n|t:|1665337611\n|switch|p1a: Prof|Nidoqueen, F|40\/100|[from]move: Volt Switch\n|\n|upkeep\n|turn|13\n|\n|t:|1665337616\n|switch|p1a: Simplet|Vikavolt, M|63\/100\n|move|p2a: Klefki|Reflect|p2a: Klefki\n|-sidestart|p2: dryzi|Reflect\n|\n|upkeep\n|turn|14\n|\n|t:|1665337620\n|move|p2a: Klefki|Play Rough|p1a: Simplet\n|-damage|p1a: Simplet|45\/100\n|move|p1a: Simplet|Volt Switch|p2a: Klefki\n|-damage|p2a: Klefki|57\/100\n|\n|t:|1665337629\n|switch|p1a: Prof|Nidoqueen, F|40\/100|[from]move: Volt Switch\n|\n|upkeep\n|turn|15\n|\n|t:|1665337644\n|switch|p2a: Flygon|Flygon, M|100\/100\n|move|p1a: Prof|Stealth Rock|p2a: Flygon\n|-sidestart|p2: dryzi|move: Stealth Rock\n|\n|upkeep\n|turn|16\n|\n|t:|1665337650\n|move|p2a: Flygon|Dragon Dance|p2a: Flygon\n|-boost|p2a: Flygon|atk|1\n|-boost|p2a: Flygon|spe|1\n|move|p1a: Prof|Ice Beam|p2a: Flygon\n|-supereffective|p2a: Flygon\n|-damage|p2a: Flygon|30\/100\n|-enditem|p2a: Flygon|Weakness Policy\n|-boost|p2a: Flygon|atk|2|[from] item: Weakness Policy\n|-boost|p2a: Flygon|spa|2|[from] item: Weakness Policy\n|\n|upkeep\n|turn|17\n|l| Endives au jambon\n|\n|t:|1665337696\n|move|p2a: Flygon|Earthquake|p1a: Prof\n|-supereffective|p1a: Prof\n|-damage|p1a: Prof|0 fnt\n|faint|p1a: Prof\n|\n|-sideend|p2: dryzi|move: Light Screen\n|upkeep\n|\n|t:|1665337698\n|switch|p1a: Atchoum|Archeops, M|100\/100\n|turn|18\n|\n|t:|1665337706\n|move|p1a: Atchoum|Outrage|p2a: Flygon\n|-supereffective|p2a: Flygon\n|-damage|p2a: Flygon|0 fnt\n|faint|p2a: Flygon\n|\n|upkeep\n|\n|t:|1665337710\n|switch|p2a: Regieleki|Regieleki|100\/100\n|-activate|p2a: Regieleki|move: Sticky Web\n|-unboost|p2a: Regieleki|spe|1\n|-damage|p2a: Regieleki|88\/100|[from] Stealth Rock\n|turn|19\n|\n|t:|1665337722\n|move|p1a: Atchoum|Outrage|p2a: Regieleki|[from]lockedmove\n|-damage|p2a: Regieleki|41\/100\n|move|p2a: Regieleki|Thunderbolt|p1a: Atchoum\n|-supereffective|p1a: Atchoum\n|-damage|p1a: Atchoum|0 fnt\n|faint|p1a: Atchoum\n|\n|upkeep\n|\n|t:|1665337736\n|switch|p1a: Joyeux|Sceptile, M|100\/100\n|turn|20\n|\n|t:|1665337748\n|switch|p2a: Buzzwole|Buzzwole|100\/100\n|-activate|p2a: Buzzwole|move: Sticky Web\n|-unboost|p2a: Buzzwole|spe|1\n|-damage|p2a: Buzzwole|88\/100|[from] Stealth Rock\n|detailschange|p1a: Joyeux|Sceptile-Mega, M\n|-mega|p1a: Joyeux|Sceptile|Sceptilite\n|move|p1a: Joyeux|Giga Drain|p2a: Buzzwole\n|-resisted|p2a: Buzzwole\n|-damage|p2a: Buzzwole|56\/100\n|\n|-sideend|p2: dryzi|Reflect\n|upkeep\n|turn|21\n|\n|t:|1665337760\n|move|p1a: Joyeux|Dragon Pulse|p2a: Buzzwole\n|-damage|p2a: Buzzwole|0 fnt\n|faint|p2a: Buzzwole\n|\n|upkeep\n|\n|t:|1665337763\n|switch|p2a: Klefki|Klefki, F|57\/100\n|-activate|p2a: Klefki|move: Sticky Web\n|-unboost|p2a: Klefki|spe|1\n|-damage|p2a: Klefki|51\/100|[from] Stealth Rock\n|turn|22\n|\n|t:|1665337773\n|switch|p1a: Simplet|Vikavolt, M|45\/100\n|move|p2a: Klefki|Light Screen|p2a: Klefki\n|-sidestart|p2: dryzi|move: Light Screen\n|\n|upkeep\n|turn|23\n|\n|t:|1665337781\n|move|p2a: Klefki|Play Rough|p1a: Simplet\n|-damage|p1a: Simplet|27\/100\n|move|p1a: Simplet|Roost|p1a: Simplet\n|-heal|p1a: Simplet|77\/100\n|-singleturn|p1a: Simplet|move: Roost\n|\n|upkeep\n|turn|24\n|\n|t:|1665337789\n|switch|p2a: Regieleki|Regieleki|41\/100\n|-activate|p2a: Regieleki|move: Sticky Web\n|-unboost|p2a: Regieleki|spe|1\n|-damage|p2a: Regieleki|29\/100|[from] Stealth Rock\n|move|p1a: Simplet|Hidden Power|p2a: Regieleki\n|-damage|p2a: Regieleki|11\/100\n|\n|upkeep\n|turn|25\n|\n|t:|1665337799\n|-zpower|p2a: Regieleki\n|move|p2a: Regieleki|Breakneck Blitz|p1a: Simplet|[zeffect]\n|-damage|p1a: Simplet|6\/100\n|move|p1a: Simplet|Hidden Power|p2a: Regieleki\n|-damage|p2a: Regieleki|0 fnt\n|faint|p2a: Regieleki\n|\n|upkeep\n|\n|t:|1665337801\n|switch|p2a: Klefki|Klefki, F|51\/100\n|-activate|p2a: Klefki|move: Sticky Web\n|-unboost|p2a: Klefki|spe|1\n|-damage|p2a: Klefki|45\/100|[from] Stealth Rock\n|turn|26\n|\n|t:|1665337819\n|move|p2a: Klefki|Play Rough|p1a: Simplet\n|-damage|p1a: Simplet|0 fnt\n|faint|p1a: Simplet\n|\n|upkeep\n|\n|t:|1665337829\n|switch|p1a: Joyeux|Sceptile-Mega, M|100\/100\n|turn|27\n|\n|t:|1665337831\n|move|p1a: Joyeux|Earthquake|p2a: Klefki\n|-supereffective|p2a: Klefki\n|-damage|p2a: Klefki|0 fnt\n|faint|p2a: Klefki\n|\n|win|Meracx\n|l|\u2606dryzi\n","uploadtime":1665337842,"views":17,"p1id":"meracx","p2id":"dryzi","formatid":"gen8nationaldexag","rating":0,"private":0,"password":null}