{"id":"gen8lc-1509536582","p1":"Max Natsume","p2":"Xasah\u2764\ufe0eBae","format":"gen8lc","log":"|j|\u2606Max Natsume\n|j|\u2606Xasah\u2764\ufe0eBae\n|inactive|Battle timer is ON: inactive players will automatically lose when time's up.\n|t:|1644682639\n|gametype|singles\n|player|p1|Max Natsume|psychic-gen4|\n|player|p2|Xasah\u2764\ufe0eBae|beauty-gen7|\n|teamsize|p1|6\n|teamsize|p2|6\n|gen|8\n|tier|[Gen 8] LC\n|rated|Tournament battle\n|rule|Sleep Clause Mod: Limit one foe put to sleep\n|rule|Species Clause: Limit one of each Pok\u00e9mon\n|rule|OHKO Clause: OHKO moves are banned\n|rule|Evasion Moves Clause: Evasion moves are banned\n|rule|Endless Battle Clause: Forcing endless battles is banned\n|rule|HP Percentage Mod: HP is shown in percentages\n|rule|Dynamax Clause: You cannot dynamax\n|clearpoke\n|poke|p1|Gible, L5, F|\n|poke|p1|Ferroseed, L5, M|\n|poke|p1|Staryu, L5|\n|poke|p1|Timburr, L5, M|\n|poke|p1|Grookey, L5, F|\n|poke|p1|Larvesta, L5, F|\n|poke|p2|Ponyta, L5, F|\n|poke|p2|Onix, L5, M|\n|poke|p2|Grookey, L5, M|\n|poke|p2|Pawniard, L5, M|\n|poke|p2|Tyrunt, L5, M|\n|poke|p2|Koffing, L5, F|\n|teampreview\n|j| BB-8-NU\n|j|*Lady Monita \u2744\n|j| hy is garbage\n|j| David YPepe\n|j| Ash4346\n|j| ajnkadsad\n|j| Eviolite Poliwhirl\n|j| Manticoretheking\n|j| BananaJoJoJoJo\n|\n|t:|1644682658\n|start\n|switch|p1a: Griknot|Gible, L5, F, shiny|100\/100\n|switch|p2a: Kumicho Dragon|Koffing, L5, F, shiny|100\/100\n|-ability|p2a: Kumicho Dragon|Neutralizing Gas\n|turn|1\n|j| KinohanaRiza\n|j| letss gooo\n|j| KKENDRICK\n|\n|t:|1644682674\n|-end|p2a: Kumicho Dragon|ability: Neutralizing Gas\n|switch|p2a: Jungle|Grookey, L5, M|100\/100\n|-fieldstart|move: Grassy Terrain|[from] ability: Grassy Surge|[of] p2a: Jungle\n|move|p1a: Griknot|Stealth Rock|p2a: Jungle\n|-sidestart|p2: Xasah\u2764\ufe0eBae|move: Stealth Rock\n|\n|upkeep\n|turn|2\n|j| Damm u captcha\n|j| Coco_Bats\n|\n|t:|1644682682\n|move|p2a: Jungle|U-turn|p1a: Griknot\n|-damage|p1a: Griknot|70\/100\n|-damage|p2a: Jungle|91\/100|[from] ability: Rough Skin|[of] p1a: Griknot\n|j| TpOi2006\n|j| Enhydra 0\n|\n|t:|1644682694\n|switch|p2a: Blaze|Ponyta, L5, F|100\/100|[from]move: U-turn\n|-damage|p2a: Blaze|77\/100|[from] Stealth Rock\n|move|p1a: Griknot|Fire Blast|p2a: Blaze\n|-resisted|p2a: Blaze\n|-damage|p2a: Blaze|62\/100\n|\n|-heal|p2a: Blaze|67\/100|[from] Grassy Terrain\n|-heal|p1a: Griknot|74\/100|[from] Grassy Terrain\n|upkeep\n|turn|3\n|j| Ironspiderinfinity\n|j| KingCs1\n|\n|t:|1644682704\n|move|p2a: Blaze|Will-O-Wisp|p1a: Griknot\n|-status|p1a: Griknot|brn\n|move|p1a: Griknot|Earth Power|p2a: Blaze\n|-supereffective|p2a: Blaze\n|-damage|p2a: Blaze|0 fnt\n|faint|p2a: Blaze\n|\n|-heal|p1a: Griknot|79\/100 brn|[from] Grassy Terrain\n|-damage|p1a: Griknot|74\/100 brn|[from] brn\n|upkeep\n|j| CaptainChaotic55\n|\n|t:|1644682724\n|switch|p2a: Kumicho Dragon|Koffing, L5, F, shiny|100\/100\n|-ability|p2a: Kumicho Dragon|Neutralizing Gas\n|-damage|p2a: Kumicho Dragon|91\/100|[from] Stealth Rock\n|turn|4\n|\n|t:|1644682729\n|move|p2a: Kumicho Dragon|Sludge Bomb|p1a: Griknot\n|-resisted|p1a: Griknot\n|-damage|p1a: Griknot|48\/100 brn\n|-enditem|p1a: Griknot|Berry Juice\n|-heal|p1a: Griknot|100\/100 brn|[from] item: Berry Juice\n|move|p1a: Griknot|Earth Power|p2a: Kumicho Dragon\n|-supereffective|p2a: Kumicho Dragon\n|-damage|p2a: Kumicho Dragon|5\/100\n|\n|-heal|p2a: Kumicho Dragon|10\/100|[from] Grassy Terrain\n|-damage|p1a: Griknot|96\/100 brn|[from] brn\n|upkeep\n|turn|5\n|j| Adam Snell\n|j| Palafito\n|j| NemesisOP69\n|\n|t:|1644682739\n|move|p2a: Kumicho Dragon|Pain Split|p1a: Griknot\n|-sethp|p1a: Griknot|53\/100 brn|[from] move: Pain Split|[silent]\n|-sethp|p2a: Kumicho Dragon|58\/100|[from] move: Pain Split\n|move|p1a: Griknot|Earth Power|p2a: Kumicho Dragon\n|-supereffective|p2a: Kumicho Dragon\n|-damage|p2a: Kumicho Dragon|0 fnt\n|faint|p2a: Kumicho Dragon\n|-end|p2a: Kumicho Dragon|ability: Neutralizing Gas\n|\n|-heal|p1a: Griknot|57\/100 brn|[from] Grassy Terrain\n|-damage|p1a: Griknot|53\/100 brn|[from] brn\n|-fieldend|move: Grassy Terrain\n|upkeep\n|\n|t:|1644682750\n|switch|p2a: Jungle|Grookey, L5, M|91\/100\n|-damage|p2a: Jungle|82\/100|[from] Stealth Rock\n|-fieldstart|move: Grassy Terrain|[from] ability: Grassy Surge|[of] p2a: Jungle\n|turn|6\n|l| Palafito\n|\n|t:|1644682756\n|move|p2a: Jungle|Grassy Glide|p1a: Griknot\n|-damage|p1a: Griknot|0 fnt\n|-damage|p2a: Jungle|73\/100|[from] ability: Rough Skin|[of] p1a: Griknot\n|faint|p1a: Griknot\n|\n|-heal|p2a: Jungle|78\/100|[from] Grassy Terrain\n|upkeep\n|\n|t:|1644682768\n|switch|p1a: Grindur|Ferroseed, L5, M|100\/100\n|turn|7\n|\n|t:|1644682773\n|move|p2a: Jungle|Knock Off|p1a: Grindur\n|-damage|p1a: Grindur|78\/100\n|-damage|p2a: Jungle|69\/100|[from] ability: Iron Barbs|[of] p1a: Grindur\n|-enditem|p1a: Grindur|Eviolite|[from] move: Knock Off|[of] p2a: Jungle\n|move|p1a: Grindur|Knock Off|p2a: Jungle\n|-damage|p2a: Jungle|46\/100\n|-enditem|p2a: Jungle|Eviolite|[from] move: Knock Off|[of] p1a: Grindur\n|\n|-heal|p2a: Jungle|50\/100|[from] Grassy Terrain\n|-heal|p1a: Grindur|82\/100|[from] Grassy Terrain\n|upkeep\n|turn|8\n|j| Vitoran \u2642\n|\n|t:|1644682784\n|move|p2a: Jungle|Drain Punch|p1a: Grindur\n|-supereffective|p1a: Grindur\n|-damage|p1a: Grindur|28\/100\n|-heal|p2a: Jungle|78\/100|[from] drain|[of] p1a: Grindur\n|-damage|p2a: Jungle|69\/100|[from] ability: Iron Barbs|[of] p1a: Grindur\n|move|p1a: Grindur|Thunder Wave|p2a: Jungle|[miss]\n|-miss|p1a: Grindur|p2a: Jungle\n|\n|-heal|p2a: Jungle|73\/100|[from] Grassy Terrain\n|-heal|p1a: Grindur|32\/100|[from] Grassy Terrain\n|upkeep\n|turn|9\n|j| TheNewBrends11@!\n|\n|t:|1644682800\n|switch|p1a: Pyronille|Larvesta, L5, F, shiny|100\/100\n|move|p2a: Jungle|Drain Punch|p1a: Pyronille\n|-resisted|p1a: Pyronille\n|-damage|p1a: Pyronille|83\/100\n|-heal|p2a: Jungle|82\/100|[from] drain|[of] p1a: Pyronille\n|\n|-heal|p1a: Pyronille|87\/100|[from] Grassy Terrain\n|-heal|p2a: Jungle|87\/100|[from] Grassy Terrain\n|upkeep\n|turn|10\n|l| TpOi2006\n|j| Pokesav VGC\n|\n|t:|1644682815\n|switch|p2a: Graphite|Onix, L5, M|100\/100\n|-damage|p2a: Graphite|95\/100|[from] Stealth Rock\n|move|p1a: Pyronille|Leech Life|p2a: Graphite\n|-damage|p2a: Graphite|65\/100\n|-heal|p1a: Pyronille|100\/100|[from] drain|[of] p2a: Graphite\n|\n|-heal|p2a: Graphite|70\/100|[from] Grassy Terrain\n|-fieldend|move: Grassy Terrain\n|upkeep\n|turn|11\n|j| J.P.G1337\n|j| Rogan858\n|\n|t:|1644682830\n|switch|p1a: Grindur|Ferroseed, L5, M|32\/100\n|move|p2a: Graphite|Dragon Dance|p2a: Graphite\n|-boost|p2a: Graphite|atk|1\n|-boost|p2a: Graphite|spe|1\n|\n|upkeep\n|turn|12\n|j| ewshivang\n|\n|t:|1644682836\n|move|p2a: Graphite|High Horsepower|p1a: Grindur\n|-damage|p1a: Grindur|0 fnt\n|-damage|p2a: Graphite|60\/100|[from] ability: Iron Barbs|[of] p1a: Grindur\n|faint|p1a: Grindur\n|\n|upkeep\n|\n|t:|1644682842\n|switch|p1a: Stari|Staryu, L5|100\/100\n|turn|13\n|\n|t:|1644682845\n|move|p2a: Graphite|Head Smash|p1a: Stari\n|-damage|p1a: Stari|0 fnt\n|faint|p1a: Stari\n|\n|upkeep\n|\n|t:|1644682851\n|switch|p1a: Charpenti|Timburr, L5, M|100\/100\n|turn|14\n|\n|t:|1644682880\n|move|p1a: Charpenti|Mach Punch|p2a: Graphite\n|-supereffective|p2a: Graphite\n|-damage|p2a: Graphite|20\/100\n|move|p2a: Graphite|High Horsepower|p1a: Charpenti\n|-damage|p1a: Charpenti|52\/100\n|\n|upkeep\n|turn|15\n|j| qdhwefdw\n|\n|t:|1644682887\n|move|p1a: Charpenti|Mach Punch|p2a: Graphite\n|-supereffective|p2a: Graphite\n|-damage|p2a: Graphite|0 fnt\n|faint|p2a: Graphite\n|\n|upkeep\n|l| qdhwefdw\n|inactive|Xasah\u2764\ufe0eBae has 120 seconds left.\n|l| letss gooo\n|\n|t:|1644682913\n|switch|p2a: Jungle|Grookey, L5, M|87\/100\n|-damage|p2a: Jungle|78\/100|[from] Stealth Rock\n|-fieldstart|move: Grassy Terrain|[from] ability: Grassy Surge|[of] p2a: Jungle\n|turn|16\n|j| qdhwefdw\n|inactive|Xasah\u2764\ufe0eBae has 120 seconds left.\n|\n|t:|1644682926\n|switch|p1a: Pyronille|Larvesta, L5, F, shiny|100\/100\n|move|p2a: Jungle|Knock Off|p1a: Pyronille\n|-damage|p1a: Pyronille|57\/100\n|-status|p2a: Jungle|brn|[from] ability: Flame Body|[of] p1a: Pyronille\n|-enditem|p1a: Pyronille|Choice Scarf|[from] move: Knock Off|[of] p2a: Jungle\n|\n|-heal|p1a: Pyronille|61\/100|[from] Grassy Terrain\n|-heal|p2a: Jungle|82\/100 brn|[from] Grassy Terrain\n|-damage|p2a: Jungle|78\/100 brn|[from] brn\n|upkeep\n|turn|17\n|l| J.P.G1337\n|\n|t:|1644682941\n|switch|p2a: Blue Laminate|Tyrunt, L5, M, shiny|100\/100\n|-damage|p2a: Blue Laminate|91\/100|[from] Stealth Rock\n|move|p1a: Pyronille|Leech Life|p2a: Blue Laminate\n|-damage|p2a: Blue Laminate|50\/100\n|-heal|p1a: Pyronille|83\/100|[from] drain|[of] p2a: Blue Laminate\n|\n|-heal|p1a: Pyronille|87\/100|[from] Grassy Terrain\n|-heal|p2a: Blue Laminate|55\/100|[from] Grassy Terrain\n|upkeep\n|turn|18\n|\n|t:|1644682955\n|move|p1a: Pyronille|U-turn|p2a: Blue Laminate\n|-damage|p2a: Blue Laminate|23\/100\n|\n|t:|1644682964\n|switch|p1a: Charpenti|Timburr, L5, M|52\/100|[from]move: U-turn\n|move|p2a: Blue Laminate|Rock Blast|p1a: Charpenti\n|-resisted|p1a: Charpenti\n|-damage|p1a: Charpenti|48\/100\n|-resisted|p1a: Charpenti\n|-damage|p1a: Charpenti|44\/100\n|-resisted|p1a: Charpenti\n|-damage|p1a: Charpenti|40\/100\n|-hitcount|p1a: Charpenti|3\n|\n|-heal|p2a: Blue Laminate|28\/100|[from] Grassy Terrain\n|-heal|p1a: Charpenti|44\/100|[from] Grassy Terrain\n|upkeep\n|turn|19\n|c|\u2606Xasah\u2764\ufe0eBae|gg\n|\n|t:|1644682975\n|move|p1a: Charpenti|Mach Punch|p2a: Blue Laminate\n|-supereffective|p2a: Blue Laminate\n|-damage|p2a: Blue Laminate|0 fnt\n|faint|p2a: Blue Laminate\n|\n|-heal|p1a: Charpenti|48\/100|[from] Grassy Terrain\n|upkeep\n|-message|Xasah\u2764\ufe0eBae forfeited.\n|\n|win|Max Natsume\n|n|\u2606Max Natsume|maxnatsume\n|n|\u2606Xasah\u2764\ufe0eBae|xasahbae\n|n| BB-8-NU|bb8nu\n|n|*Lady Monita \u2744|ladymonita\n|n| hy is garbage|hyisgarbage\n|n| h-313|h313\n|n| David YPepe|davidypepe\n|n| Ash4346|ash4346\n|n| ajnkadsad|ajnkadsad\n|n| Eviolite Poliwhirl|eviolitepoliwhirl\n|n| Manticoretheking|manticoretheking\n|n| BananaJoJoJoJo|bananajojojojo\n|n| KinohanaRiza|kinohanariza\n|n| KKENDRICK|kkendrick\n|n| Damm u captcha|dammucaptcha\n|n| Coco_Bats|cocobats\n|n| Enhydra 0|enhydra0\n|n| Ironspiderinfinity|ironspiderinfinity\n|n| KingCs1|kingcs1\n|n| CaptainChaotic55|captainchaotic55\n|n| Adam Snell|adamsnell\n|n| NemesisOP69|nemesisop69\n|n| Vitoran \u2642|vitoran\n|n| TheNewBrends11@!|thenewbrends11\n|n| Pokesav VGC|pokesavvgc\n|n| Rogan858|rogan858\n|n| ewshivang|ewshivang\n|n| qdhwefdw|qdhwefdw\n|l|*Lady Monita \u2744\n|c|\u2606Max Natsume|gg\n|l| BB-8-NU\n|l| ajnkadsad\n|l|\u2606Xasah\u2764\ufe0eBae\n|l| Eviolite Poliwhirl\n|l| qdhwefdw\n|l| hy is garbage\n|l| Adam Snell\n|l| Pokesav VGC\n|l| Enhydra 0\n|l| KinohanaRiza\n|l| Damm u captcha\n|l| ewshivang\n|l| Manticoretheking\n|l| KKENDRICK\n|l|\u2606Max Natsume\n|l| KingCs1\n|l| Vitoran \u2642\n|j|\u2606Xasah\u2764\ufe0eBae\n|player|p2|Xasah\u2764\ufe0eBae|beauty-gen7\n|l|\u2606Xasah\u2764\ufe0eBae\n|player|p2|\n|l| h-313\n|l| Ironspiderinfinity\n|l| BananaJoJoJoJo\n|l| Rogan858\n|l| NemesisOP69\n","uploadtime":1644683620,"views":6,"p1id":"maxnatsume","p2id":"xasahbae","formatid":"gen8lc","rating":0,"private":0,"password":null}