{"id":"gen8uu-1585048885","p1":"Anacoresis","p2":"Batataplays","format":"gen8uu","log":"|j|\u2606Anacoresis\n|j|\u2606Batataplays\n|t:|1653797290\n|gametype|singles\n|player|p1|Anacoresis|pokekid|1262\n|player|p2|Batataplays|sonia|1489\n|teamsize|p1|6\n|teamsize|p2|6\n|gen|8\n|tier|[Gen 8] UU\n|rated|\n|rule|Sleep Clause Mod: Limit one foe put to sleep\n|rule|Species Clause: Limit one of each Pok\u00e9mon\n|rule|OHKO Clause: OHKO moves are banned\n|rule|Evasion Moves Clause: Evasion moves are banned\n|rule|Endless Battle Clause: Forcing endless battles is banned\n|rule|HP Percentage Mod: HP is shown in percentages\n|rule|Dynamax Clause: You cannot dynamax\n|clearpoke\n|poke|p1|Crobat, F|\n|poke|p1|Lycanroc-Dusk, F|\n|poke|p1|Hatterene, F|\n|poke|p1|Conkeldurr, F|\n|poke|p1|Bronzong|\n|poke|p1|Azelf|\n|poke|p2|Torkoal, M|\n|poke|p2|Darmanitan, M|\n|poke|p2|Venusaur, F|\n|poke|p2|Mandibuzz, F|\n|poke|p2|Keldeo-Resolute|\n|poke|p2|Aegislash, F|\n|teampreview\n|inactive|Battle timer is ON: inactive players will automatically lose when time's up. (requested by Anacoresis)\n|\n|t:|1653797329\n|start\n|switch|p1a: Azelf|Azelf|100\/100\n|switch|p2a: Torkoal|Torkoal, M|100\/100\n|-weather|SunnyDay|[from] ability: Drought|[of] p2a: Torkoal\n|turn|1\n|\n|t:|1653797344\n|move|p1a: Azelf|Psychic|p2a: Torkoal\n|-damage|p2a: Torkoal|29\/100\n|-unboost|p2a: Torkoal|spd|1\n|move|p2a: Torkoal|Lava Plume|p1a: Azelf\n|-damage|p1a: Azelf|37\/100\n|\n|-weather|SunnyDay|[upkeep]\n|upkeep\n|turn|2\n|\n|t:|1653797354\n|switch|p2a: Darmanitan|Darmanitan, M|100\/100\n|move|p1a: Azelf|Psychic|p2a: Darmanitan\n|-damage|p2a: Darmanitan|21\/100\n|\n|-weather|SunnyDay|[upkeep]\n|upkeep\n|turn|3\n|\n|t:|1653797376\n|move|p1a: Azelf|Psychic|p2a: Darmanitan\n|-damage|p2a: Darmanitan|0 fnt\n|faint|p2a: Darmanitan\n|\n|-weather|SunnyDay|[upkeep]\n|upkeep\n|\n|t:|1653797380\n|switch|p2a: Mandibuzz|Mandibuzz, F|100\/100\n|turn|4\n|\n|t:|1653797395\n|switch|p1a: Bronzong|Bronzong|100\/100\n|move|p2a: Mandibuzz|U-turn|p1a: Bronzong\n|-damage|p1a: Bronzong|93\/100\n|\n|t:|1653797408\n|switch|p2a: Keldeo|Keldeo-Resolute|100\/100|[from]move: U-turn\n|\n|-weather|SunnyDay|[upkeep]\n|upkeep\n|turn|5\n|\n|t:|1653797415\n|switch|p1a: Hatterene|Hatterene, F|100\/100\n|move|p2a: Keldeo|Substitute|p2a: Keldeo\n|-start|p2a: Keldeo|Substitute\n|-damage|p2a: Keldeo|76\/100\n|\n|-weather|SunnyDay|[upkeep]\n|-heal|p2a: Keldeo|82\/100|[from] item: Leftovers\n|upkeep\n|turn|6\n|\n|t:|1653797425\n|move|p2a: Keldeo|Scald|p1a: Hatterene\n|-damage|p1a: Hatterene|84\/100\n|move|p1a: Hatterene|Dazzling Gleam|p2a: Keldeo\n|-supereffective|p2a: Keldeo\n|-end|p2a: Keldeo|Substitute\n|\n|-weather|SunnyDay|[upkeep]\n|-heal|p2a: Keldeo|88\/100|[from] item: Leftovers\n|-heal|p1a: Hatterene|90\/100|[from] item: Leftovers\n|upkeep\n|turn|7\n|\n|t:|1653797436\n|switch|p2a: Aegislash|Aegislash, F|100\/100\n|move|p1a: Hatterene|Dazzling Gleam|p2a: Aegislash\n|-resisted|p2a: Aegislash\n|-damage|p2a: Aegislash|90\/100\n|\n|-weather|SunnyDay|[upkeep]\n|-heal|p2a: Aegislash|96\/100|[from] item: Leftovers\n|-heal|p1a: Hatterene|96\/100|[from] item: Leftovers\n|upkeep\n|turn|8\n|\n|t:|1653797446\n|move|p2a: Aegislash|Substitute|p2a: Aegislash\n|-start|p2a: Aegislash|Substitute\n|-damage|p2a: Aegislash|71\/100\n|move|p1a: Hatterene|Mystical Fire|p2a: Aegislash\n|-supereffective|p2a: Aegislash\n|-end|p2a: Aegislash|Substitute\n|\n|-weather|none\n|-heal|p2a: Aegislash|78\/100|[from] item: Leftovers\n|-heal|p1a: Hatterene|100\/100|[from] item: Leftovers\n|upkeep\n|turn|9\n|\n|t:|1653797471\n|switch|p2a: Mandibuzz|Mandibuzz, F|100\/100\n|move|p1a: Hatterene|Mystical Fire|p2a: Mandibuzz\n|-damage|p2a: Mandibuzz|86\/100\n|-unboost|p2a: Mandibuzz|spa|1\n|\n|upkeep\n|turn|10\n|\n|t:|1653797484\n|switch|p1a: Bronzong|Bronzong|93\/100\n|move|p2a: Mandibuzz|Foul Play|p1a: Bronzong\n|-supereffective|p1a: Bronzong\n|-damage|p1a: Bronzong|50\/100\n|\n|upkeep\n|turn|11\n|\n|t:|1653797492\n|move|p2a: Mandibuzz|Foul Play|p1a: Bronzong\n|-supereffective|p1a: Bronzong\n|-damage|p1a: Bronzong|12\/100\n|move|p1a: Bronzong|Stealth Rock|p2a: Mandibuzz\n|-sidestart|p2: Batataplays|move: Stealth Rock\n|\n|upkeep\n|turn|12\n|\n|t:|1653797498\n|move|p2a: Mandibuzz|Defog|p1a: Bronzong\n|-unboost|p1a: Bronzong|evasion|1\n|-sideend|p2: Batataplays|Stealth Rock|[from] move: Defog|[of] p2a: Mandibuzz\n|move|p1a: Bronzong|Toxic|p2a: Mandibuzz\n|-status|p2a: Mandibuzz|tox\n|\n|-damage|p2a: Mandibuzz|80\/100 tox|[from] psn\n|upkeep\n|turn|13\n|\n|t:|1653797526\n|switch|p1a: Crobat|Crobat, F, shiny|100\/100\n|move|p2a: Mandibuzz|U-turn|p1a: Crobat\n|-resisted|p1a: Crobat\n|-damage|p1a: Crobat|97\/100\n|\n|t:|1653797535\n|switch|p2a: Aegislash|Aegislash, F|78\/100|[from]move: U-turn\n|\n|-heal|p1a: Crobat|100\/100|[from] item: Black Sludge\n|-heal|p2a: Aegislash|84\/100|[from] item: Leftovers\n|upkeep\n|turn|14\n|\n|t:|1653797543\n|move|p1a: Crobat|Nasty Plot|p1a: Crobat\n|-boost|p1a: Crobat|spa|2\n|move|p2a: Aegislash|Substitute|p2a: Aegislash\n|-start|p2a: Aegislash|Substitute\n|-damage|p2a: Aegislash|59\/100\n|\n|-heal|p2a: Aegislash|65\/100|[from] item: Leftovers\n|upkeep\n|turn|15\n|\n|t:|1653797552\n|move|p1a: Crobat|Heat Wave|p2a: Aegislash\n|-supereffective|p2a: Aegislash\n|-damage|p2a: Aegislash|8\/100\n|-formechange|p2a: Aegislash|Aegislash-Blade||[from] ability: Stance Change\n|move|p2a: Aegislash|Shadow Ball|p1a: Crobat\n|-crit|p1a: Crobat\n|-damage|p1a: Crobat|29\/100\n|\n|-heal|p1a: Crobat|35\/100|[from] item: Black Sludge\n|-heal|p2a: Aegislash|14\/100|[from] item: Leftovers\n|upkeep\n|turn|16\n|\n|t:|1653797566\n|-formechange|p2a: Aegislash|Aegislash||[from] ability: Stance Change\n|move|p2a: Aegislash|King's Shield|p2a: Aegislash\n|-singleturn|p2a: Aegislash|Protect\n|move|p1a: Crobat|Air Slash|p2a: Aegislash\n|-activate|p2a: Aegislash|move: Protect\n|\n|-heal|p1a: Crobat|41\/100|[from] item: Black Sludge\n|-heal|p2a: Aegislash|21\/100|[from] item: Leftovers\n|upkeep\n|turn|17\n|\n|t:|1653797578\n|switch|p2a: Torkoal|Torkoal, M|29\/100\n|-weather|SunnyDay|[from] ability: Drought|[of] p2a: Torkoal\n|move|p1a: Crobat|Heat Wave|p2a: Torkoal\n|-resisted|p2a: Torkoal\n|-damage|p2a: Torkoal|0 fnt\n|faint|p2a: Torkoal\n|\n|-weather|SunnyDay|[upkeep]\n|-heal|p1a: Crobat|47\/100|[from] item: Black Sludge\n|upkeep\n|\n|t:|1653797589\n|switch|p2a: Venusaur|Venusaur, F|100\/100\n|turn|18\n|\n|t:|1653797598\n|switch|p1a: Bronzong|Bronzong|12\/100\n|move|p2a: Venusaur|Weather Ball|p1a: Bronzong\n|-supereffective|p1a: Bronzong\n|-damage|p1a: Bronzong|0 fnt\n|faint|p1a: Bronzong\n|-damage|p2a: Venusaur|91\/100|[from] item: Life Orb\n|\n|-weather|SunnyDay|[upkeep]\n|upkeep\n|\n|t:|1653797609\n|switch|p1a: Lycanroc|Lycanroc-Dusk, F|100\/100\n|turn|19\n|\n|t:|1653797618\n|move|p2a: Venusaur|Giga Drain|p1a: Lycanroc\n|-supereffective|p1a: Lycanroc\n|-enditem|p1a: Lycanroc|Focus Sash\n|-damage|p1a: Lycanroc|1\/100\n|-heal|p2a: Venusaur|100\/100|[from] drain|[of] p1a: Lycanroc\n|-damage|p2a: Venusaur|91\/100|[from] item: Life Orb\n|move|p1a: Lycanroc|Fire Fang|p2a: Venusaur\n|-supereffective|p2a: Venusaur\n|-damage|p2a: Venusaur|0 fnt\n|faint|p2a: Venusaur\n|\n|-weather|SunnyDay|[upkeep]\n|upkeep\n|\n|t:|1653797628\n|switch|p2a: Aegislash|Aegislash, F|21\/100\n|turn|20\n|\n|t:|1653797637\n|move|p2a: Aegislash|King's Shield|p2a: Aegislash\n|-singleturn|p2a: Aegislash|Protect\n|move|p1a: Lycanroc|Drill Run|p2a: Aegislash\n|-activate|p2a: Aegislash|move: Protect\n|-unboost|p1a: Lycanroc|atk|1\n|\n|-weather|SunnyDay|[upkeep]\n|-heal|p2a: Aegislash|27\/100|[from] item: Leftovers\n|upkeep\n|turn|21\n|\n|t:|1653797648\n|switch|p2a: Mandibuzz|Mandibuzz, F|80\/100 tox\n|move|p1a: Lycanroc|Fire Fang|p2a: Mandibuzz\n|-damage|p2a: Mandibuzz|59\/100 tox\n|\n|-weather|SunnyDay|[upkeep]\n|-damage|p2a: Mandibuzz|53\/100 tox|[from] psn\n|upkeep\n|turn|22\n|\n|t:|1653797667\n|switch|p2a: Keldeo|Keldeo-Resolute|88\/100\n|move|p1a: Lycanroc|Swords Dance|p1a: Lycanroc\n|-boost|p1a: Lycanroc|atk|2\n|\n|-weather|SunnyDay|[upkeep]\n|-heal|p2a: Keldeo|94\/100|[from] item: Leftovers\n|upkeep\n|turn|23\n|\n|t:|1653797678\n|move|p1a: Lycanroc|Accelerock|p2a: Keldeo\n|-resisted|p2a: Keldeo\n|-damage|p2a: Keldeo|72\/100\n|move|p2a: Keldeo|Scald|p1a: Lycanroc\n|-supereffective|p1a: Lycanroc\n|-damage|p1a: Lycanroc|0 fnt\n|faint|p1a: Lycanroc\n|\n|-weather|SunnyDay|[upkeep]\n|-heal|p2a: Keldeo|78\/100|[from] item: Leftovers\n|upkeep\n|\n|t:|1653797689\n|switch|p1a: Hatterene|Hatterene, F|100\/100\n|turn|24\n|\n|t:|1653797696\n|switch|p2a: Mandibuzz|Mandibuzz, F|53\/100 tox\n|move|p1a: Hatterene|Nuzzle|p2a: Mandibuzz\n|-supereffective|p2a: Mandibuzz\n|-damage|p2a: Mandibuzz|46\/100 tox\n|\n|-weather|none\n|-damage|p2a: Mandibuzz|40\/100 tox|[from] psn\n|upkeep\n|turn|25\n|\n|t:|1653797706\n|move|p2a: Mandibuzz|Foul Play|p1a: Hatterene\n|-damage|p1a: Hatterene|72\/100\n|move|p1a: Hatterene|Dazzling Gleam|p2a: Mandibuzz\n|-supereffective|p2a: Mandibuzz\n|-damage|p2a: Mandibuzz|0 fnt\n|faint|p2a: Mandibuzz\n|\n|-heal|p1a: Hatterene|78\/100|[from] item: Leftovers\n|upkeep\n|\n|t:|1653797709\n|switch|p2a: Aegislash|Aegislash, F|27\/100\n|turn|26\n|\n|t:|1653797720\n|-formechange|p2a: Aegislash|Aegislash-Blade||[from] ability: Stance Change\n|move|p2a: Aegislash|Shadow Ball|p1a: Hatterene\n|-supereffective|p1a: Hatterene\n|-damage|p1a: Hatterene|18\/100\n|move|p1a: Hatterene|Mystical Fire|p2a: Aegislash\n|-supereffective|p2a: Aegislash\n|-damage|p2a: Aegislash|0 fnt\n|faint|p2a: Aegislash\n|\n|-heal|p1a: Hatterene|24\/100|[from] item: Leftovers\n|upkeep\n|\n|t:|1653797736\n|switch|p2a: Keldeo|Keldeo-Resolute|78\/100\n|turn|27\n|\n|t:|1653797740\n|move|p2a: Keldeo|Scald|p1a: Hatterene\n|-damage|p1a: Hatterene|0 fnt\n|faint|p1a: Hatterene\n|\n|-heal|p2a: Keldeo|84\/100|[from] item: Leftovers\n|upkeep\n|\n|t:|1653797748\n|switch|p1a: Conkeldurr|Conkeldurr, F|100\/100\n|turn|28\n|\n|t:|1653797753\n|move|p2a: Keldeo|Substitute|p2a: Keldeo\n|-start|p2a: Keldeo|Substitute\n|-damage|p2a: Keldeo|59\/100\n|move|p1a: Conkeldurr|Knock Off|p2a: Keldeo\n|-resisted|p2a: Keldeo\n|-activate|p2a: Keldeo|move: Substitute|[damage]\n|\n|-heal|p2a: Keldeo|66\/100|[from] item: Leftovers\n|upkeep\n|turn|29\n|\n|t:|1653797762\n|move|p1a: Conkeldurr|Mach Punch|p2a: Keldeo\n|-end|p2a: Keldeo|Substitute\n|move|p2a: Keldeo|Calm Mind|p2a: Keldeo\n|-boost|p2a: Keldeo|spa|1\n|-boost|p2a: Keldeo|spd|1\n|\n|-heal|p2a: Keldeo|72\/100|[from] item: Leftovers\n|upkeep\n|turn|30\n|\n|t:|1653797771\n|move|p2a: Keldeo|Scald|p1a: Conkeldurr\n|-damage|p1a: Conkeldurr|52\/100\n|move|p1a: Conkeldurr|Drain Punch|p2a: Keldeo\n|-damage|p2a: Keldeo|19\/100\n|-heal|p1a: Conkeldurr|72\/100|[from] drain|[of] p2a: Keldeo\n|\n|-heal|p2a: Keldeo|26\/100|[from] item: Leftovers\n|upkeep\n|turn|31\n|\n|t:|1653797781\n|move|p1a: Conkeldurr|Mach Punch|p2a: Keldeo\n|-damage|p2a: Keldeo|0 fnt\n|faint|p2a: Keldeo\n|\n|win|Anacoresis\n|raw|Anacoresis's rating: 1262 &rarr; <strong>1301<\/strong><br \/>(+39 for winning)\n|raw|Batataplays's rating: 1489 &rarr; <strong>1458<\/strong><br \/>(-31 for losing)\n","uploadtime":1653797795,"views":8,"p1id":"anacoresis","p2id":"batataplays","formatid":"gen8uu","rating":1301,"private":0,"password":null}