{"id":"gen8anythinggoes-1221894055","p1":"glaed13","p2":"bihan223","format":"gen8anythinggoes","log":"|j|\u2606glaed13\n|j|\u2606bihan223\n|t:|1605159347\n|player|p1|glaed13|cheren-gen5bw2|1321\n|player|p2|bihan223|red|1215\n|teamsize|p1|6\n|teamsize|p2|6\n|gametype|singles\n|gen|8\n|tier|[Gen 8] Anything Goes\n|rated|\n|clearpoke\n|poke|p1|Galvantula, M|\n|poke|p1|Umbreon, F|\n|poke|p1|Naganadel|\n|poke|p1|Cinderace, M|\n|poke|p1|Mandibuzz, F|\n|poke|p1|Lopunny, F|\n|poke|p2|Zacian-Crowned|\n|poke|p2|Orbeetle, M|\n|poke|p2|Kyurem-White|\n|poke|p2|Lugia|\n|poke|p2|Necrozma-Dawn-Wings|\n|poke|p2|Eternatus|\n|rule|HP Percentage Mod: HP is shown in percentages\n|rule|Endless Battle Clause: Forcing endless battles is banned\n|teampreview\n|inactive|Battle timer is ON: inactive players will automatically lose when time's up. (requested by glaed13)\n|\n|t:|1605159354\n|start\n|switch|p1a: Galvantula|Galvantula, M, shiny|100\/100\n|switch|p2a: Zacian|Zacian-Crowned|100\/100\n|-ability|p2a: Zacian|Intrepid Sword|boost\n|-boost|p2a: Zacian|atk|1\n|turn|1\n|\n|t:|1605159364\n|move|p2a: Zacian|Swords Dance|p2a: Zacian\n|-boost|p2a: Zacian|atk|2\n|move|p1a: Galvantula|Thunder Wave|p2a: Zacian\n|-status|p2a: Zacian|par\n|\n|upkeep\n|turn|2\n|\n|t:|1605159372\n|move|p1a: Galvantula|Sticky Web|p2a: Zacian\n|-sidestart|p2: bihan223|move: Sticky Web\n|cant|p2a: Zacian|par\n|\n|upkeep\n|turn|3\n|\n|t:|1605159378\n|move|p1a: Galvantula|Thunder|p2a: Zacian\n|-damage|p2a: Zacian|54\/100 par\n|move|p2a: Zacian|Swords Dance|p2a: Zacian\n|-boost|p2a: Zacian|atk|2\n|\n|upkeep\n|turn|4\n|\n|t:|1605159387\n|move|p1a: Galvantula|Thunder|p2a: Zacian\n|-damage|p2a: Zacian|7\/100 par\n|move|p2a: Zacian|Behemoth Blade|p1a: Galvantula\n|-resisted|p1a: Galvantula\n|-enditem|p1a: Galvantula|Focus Sash\n|-damage|p1a: Galvantula|1\/100\n|\n|upkeep\n|turn|5\n|\n|t:|1605159396\n|move|p1a: Galvantula|Bug Buzz|p2a: Zacian\n|-resisted|p2a: Zacian\n|-damage|p2a: Zacian|0 fnt\n|faint|p2a: Zacian\n|\n|upkeep\n|\n|t:|1605159405\n|switch|p2a: Lugia|Lugia|100\/100\n|turn|6\n|\n|t:|1605159410\n|move|p2a: Lugia|Calm Mind|p2a: Lugia\n|-boost|p2a: Lugia|spa|1\n|-boost|p2a: Lugia|spd|1\n|move|p1a: Galvantula|Thunder|p2a: Lugia\n|-supereffective|p2a: Lugia\n|-damage|p2a: Lugia|79\/100\n|\n|upkeep\n|turn|7\n|\n|t:|1605159419\n|move|p2a: Lugia|Aeroblast|p1a: Galvantula\n|-damage|p1a: Galvantula|0 fnt\n|-damage|p2a: Lugia|69\/100|[from] item: Life Orb\n|faint|p1a: Galvantula\n|\n|upkeep\n|\n|t:|1605159432\n|switch|p1a: Lopunny|Lopunny, F|100\/100\n|turn|8\n|\n|t:|1605159454\n|move|p2a: Lugia|Aeroblast|p1a: Lopunny\n|-damage|p1a: Lopunny|0 fnt\n|-damage|p2a: Lugia|59\/100|[from] item: Life Orb\n|faint|p1a: Lopunny\n|\n|upkeep\n|\n|t:|1605159464\n|switch|p1a: Cinderace|Cinderace, M|100\/100\n|turn|9\n|\n|t:|1605159481\n|move|p2a: Lugia|Hydro Pump|p1a: Cinderace\n|-supereffective|p1a: Cinderace\n|-damage|p1a: Cinderace|0 fnt\n|-damage|p2a: Lugia|49\/100|[from] item: Life Orb\n|faint|p1a: Cinderace\n|\n|upkeep\n|\n|t:|1605159492\n|switch|p1a: Naganadel|Naganadel|100\/100\n|turn|10\n|\n|t:|1605159501\n|move|p1a: Naganadel|Nasty Plot|p1a: Naganadel\n|-boost|p1a: Naganadel|spa|2\n|move|p2a: Lugia|Roost|p2a: Lugia\n|-heal|p2a: Lugia|99\/100\n|-singleturn|p2a: Lugia|move: Roost\n|\n|upkeep\n|turn|11\n|\n|t:|1605159517\n|move|p1a: Naganadel|Nasty Plot|p1a: Naganadel\n|-boost|p1a: Naganadel|spa|2\n|move|p2a: Lugia|Aeroblast|p1a: Naganadel\n|-enditem|p1a: Naganadel|Focus Sash\n|-damage|p1a: Naganadel|1\/100\n|-damage|p2a: Lugia|89\/100|[from] item: Life Orb\n|\n|upkeep\n|turn|12\n|\n|t:|1605159532\n|-start|p1a: Naganadel|Dynamax\n|-heal|p1a: Naganadel|1\/100|[silent]\n|move|p1a: Naganadel|Max Wyrmwind|p2a: Lugia\n|-damage|p2a: Lugia|4\/100\n|-unboost|p2a: Lugia|atk|1\n|move|p2a: Lugia|Aeroblast|p1a: Naganadel\n|-damage|p1a: Naganadel|0 fnt\n|-damage|p2a: Lugia|0 fnt|[from] item: Life Orb\n|faint|p1a: Naganadel\n|faint|p2a: Lugia\n|\n|upkeep\n|\n|t:|1605159551\n|switch|p1a: Mandibuzz|Mandibuzz, F|100\/100\n|switch|p2a: Orbeetle|Orbeetle, M|100\/100\n|-activate|p2a: Orbeetle|move: Sticky Web\n|-unboost|p2a: Orbeetle|spe|1\n|turn|13\n|\n|t:|1605159563\n|-start|p2a: Orbeetle|Dynamax\n|-formechange|p2a: Orbeetle|Orbeetle-Gmax\n|-heal|p2a: Orbeetle|100\/100|[silent]\n|move|p2a: Orbeetle|Max Flutterby|p1a: Mandibuzz\n|-damage|p1a: Mandibuzz|67\/100\n|-unboost|p1a: Mandibuzz|spa|1\n|move|p1a: Mandibuzz|Foul Play|p2a: Orbeetle\n|-supereffective|p2a: Orbeetle\n|-damage|p2a: Orbeetle|87\/100\n|-enditem|p2a: Orbeetle|Weakness Policy\n|-boost|p2a: Orbeetle|atk|2|[from] item: Weakness Policy\n|-boost|p2a: Orbeetle|spa|2|[from] item: Weakness Policy\n|\n|upkeep\n|turn|14\n|\n|t:|1605159580\n|move|p2a: Orbeetle|Max Flutterby|p1a: Mandibuzz\n|-damage|p1a: Mandibuzz|2\/100\n|-unboost|p1a: Mandibuzz|spa|1\n|move|p1a: Mandibuzz|Roost|p1a: Mandibuzz\n|-heal|p1a: Mandibuzz|52\/100\n|-singleturn|p1a: Mandibuzz|move: Roost\n|\n|upkeep\n|turn|15\n|-message|glaed13 forfeited.\n|\n|win|bihan223\n|l|\u2606glaed13\n|raw|glaed13's rating: 1322 &rarr; <strong>1296<\/strong><br \/>(-26 for losing)\n|raw|bihan223's rating: 1215 &rarr; <strong>1247<\/strong><br \/>(+32 for winning)\n","uploadtime":1605159594,"views":6,"p1id":"glaed13","p2id":"bihan223","formatid":"gen8anythinggoes","rating":1247,"private":0,"password":null}