{"id":"gen8vgc2021-1252792473","p1":"Brunchy","p2":"ArcanineSquad","format":"gen8vgc2021","log":"|j|\u2606Brunchy\n|j|\u2606ArcanineSquad\n|t:|1609329130\n|player|p1|Brunchy|102|1125\n|player|p2|ArcanineSquad|cynthia-gen4|1230\n|teamsize|p1|6\n|teamsize|p2|6\n|gametype|doubles\n|gen|8\n|tier|[Gen 8] VGC 2021\n|rated|\n|clearpoke\n|poke|p1|Incineroar, L50, M|\n|poke|p1|Garchomp, L50, M|\n|poke|p1|Zapdos, L50|\n|poke|p1|Tapu Fini, L50|\n|poke|p1|Celesteela, L50|\n|poke|p1|Amoonguss, L50, M|\n|poke|p2|Landorus-Therian, L50, M|\n|poke|p2|Regieleki, L50|\n|poke|p2|Lapras, L50, F|\n|poke|p2|Urshifu-*, L50, M|\n|poke|p2|Whimsicott, L50, M|\n|poke|p2|Amoonguss, L50, M|\n|rule|Species Clause: Limit one of each Pok\u00e9mon\n|rule|Item Clause: Limit one of each item\n|teampreview|4\n|inactive|Battle timer is ON: inactive players will automatically lose when time's up. (requested by ArcanineSquad)\n|\n|t:|1609329176\n|start\n|switch|p1a: Amoongadeus|Amoonguss, L50, M|48\/48\n|switch|p1b: Caqui|Garchomp, L50, M, shiny|48\/48\n|switch|p2a: Whimsicott|Whimsicott, L50, M|48\/48\n|switch|p2b: Lapras|Lapras, L50, F|48\/48\n|turn|1\n|\n|t:|1609329198\n|-start|p2b: Lapras|Dynamax\n|-formechange|p2b: Lapras|Lapras-Gmax\n|-heal|p2b: Lapras|48\/48|[silent]\n|move|p1b: Caqui|Protect|p1b: Caqui\n|-singleturn|p1b: Caqui|Protect\n|move|p2a: Whimsicott|Tailwind|p2a: Whimsicott\n|-sidestart|p2: ArcanineSquad|move: Tailwind\n|move|p2b: Lapras|G-Max Resonance|p1a: Amoongadeus\n|-supereffective|p1a: Amoongadeus\n|-enditem|p1a: Amoongadeus|Focus Sash\n|-damage|p1a: Amoongadeus|1\/48\n|-sidestart|p2: ArcanineSquad|move: Aurora Veil\n|-damage|p2b: Lapras|45\/48|[from] item: Life Orb\n|move|p1a: Amoongadeus|Spore|p2b: Lapras\n|-status|p2b: Lapras|slp|[from] move: Spore\n|\n|upkeep\n|turn|2\n|inactive|Brunchy has 30 seconds left.\n|\n|t:|1609329226\n|move|p2a: Whimsicott|Moonblast|p1a: Amoongadeus\n|-resisted|p1a: Amoongadeus\n|-damage|p1a: Amoongadeus|0 fnt\n|faint|p1a: Amoongadeus\n|cant|p2b: Lapras|slp\n|move|p1b: Caqui|Swords Dance|p1b: Caqui\n|-boost|p1b: Caqui|atk|2\n|\n|upkeep\n|\n|t:|1609329238\n|switch|p1a: Zappy|Zapdos, L50, shiny|48\/48\n|turn|3\n|\n|t:|1609329246\n|-start|p1b: Caqui|Dynamax\n|-heal|p1b: Caqui|48\/48|[silent]\n|move|p2a: Whimsicott|Moonblast|p1b: Caqui\n|-supereffective|p1b: Caqui\n|-damage|p1b: Caqui|33\/48\n|cant|p2b: Lapras|slp\n|move|p1b: Caqui|Max Rockfall|p2b: Lapras\n|-supereffective|p2b: Lapras\n|-damage|p2b: Lapras|11\/48 slp\n|-weather|Sandstorm\n|-damage|p1b: Caqui|31\/48|[from] item: Life Orb\n|move|p1a: Zappy|Thunderbolt|p2b: Lapras\n|-supereffective|p2b: Lapras\n|-damage|p2b: Lapras|0 fnt\n|faint|p2b: Lapras\n|\n|-weather|Sandstorm|[upkeep]\n|-damage|p2a: Whimsicott|45\/48|[from] Sandstorm\n|upkeep\n|\n|t:|1609329263\n|switch|p2b: Urshifu|Urshifu, L50, M|48\/48\n|turn|4\n|\n|t:|1609329288\n|move|p2a: Whimsicott|Moonblast|p1b: Caqui\n|-supereffective|p1b: Caqui\n|-damage|p1b: Caqui|18\/48\n|move|p2b: Urshifu|Wicked Blow|p1b: Caqui\n|-crit|p1b: Caqui\n|-damage|p1b: Caqui|0 fnt\n|-damage|p2b: Urshifu|42\/48|[from] ability: Rough Skin|[of] p1b: Caqui\n|faint|p1b: Caqui\n|move|p1a: Zappy|Hurricane|p2b: Urshifu\n|-supereffective|p2b: Urshifu\n|-damage|p2b: Urshifu|0 fnt\n|faint|p2b: Urshifu\n|\n|-weather|Sandstorm|[upkeep]\n|-damage|p2a: Whimsicott|42\/48|[from] Sandstorm\n|-sideend|p2: ArcanineSquad|move: Tailwind\n|upkeep\n|\n|t:|1609329302\n|switch|p1b: Mr.Ulina|Incineroar, L50, M|48\/48\n|switch|p2b: Regieleki|Regieleki, L50|48\/48\n|-ability|p1b: Mr.Ulina|Intimidate|boost\n|-unboost|p2a: Whimsicott|atk|1\n|-unboost|p2b: Regieleki|atk|1\n|turn|5\n|\n|t:|1609329318\n|move|p1b: Mr.Ulina|Fake Out|p2b: Regieleki\n|-damage|p2b: Regieleki|40\/48\n|move|p2a: Whimsicott|Fake Tears|p1b: Mr.Ulina\n|-hint|Since gen 7, Dark is immune to Prankster moves.\n|-immune|p1b: Mr.Ulina\n|cant|p2b: Regieleki|flinch\n|move|p1a: Zappy|Hurricane|p2a: Whimsicott|[miss]\n|-miss|p1a: Zappy|p2a: Whimsicott\n|\n|-weather|Sandstorm|[upkeep]\n|-damage|p2b: Regieleki|38\/48|[from] Sandstorm\n|-damage|p2a: Whimsicott|39\/48|[from] Sandstorm\n|-damage|p1b: Mr.Ulina|45\/48|[from] Sandstorm\n|-sideend|p2: ArcanineSquad|move: Aurora Veil\n|upkeep\n|turn|6\n|\n|t:|1609329336\n|move|p1a: Zappy|Detect|p1a: Zappy\n|-singleturn|p1a: Zappy|Protect\n|move|p2b: Regieleki|Thunderbolt|p1b: Mr.Ulina\n|-damage|p1b: Mr.Ulina|7\/48\n|-enditem|p1b: Mr.Ulina|Iapapa Berry|[eat]\n|-heal|p1b: Mr.Ulina|22\/48|[from] item: Iapapa Berry\n|move|p2a: Whimsicott|Moonblast|p1b: Mr.Ulina\n|-damage|p1b: Mr.Ulina|14\/48\n|move|p1b: Mr.Ulina|Taunt|p2a: Whimsicott\n|-start|p2a: Whimsicott|move: Taunt\n|\n|-weather|Sandstorm|[upkeep]\n|-damage|p2b: Regieleki|35\/48|[from] Sandstorm\n|-damage|p2a: Whimsicott|36\/48|[from] Sandstorm\n|-damage|p1b: Mr.Ulina|11\/48|[from] Sandstorm\n|upkeep\n|turn|7\n|\n|t:|1609329360\n|move|p2b: Regieleki|Thunderbolt|p1b: Mr.Ulina\n|-damage|p1b: Mr.Ulina|0 fnt\n|faint|p1b: Mr.Ulina\n|move|p2a: Whimsicott|Moonblast|p1a: Zappy\n|-damage|p1a: Zappy|34\/48\n|move|p1a: Zappy|Hurricane|p2b: Regieleki\n|-resisted|p2b: Regieleki\n|-damage|p2b: Regieleki|10\/48\n|-start|p2b: Regieleki|confusion\n|\n|-weather|none\n|upkeep\n|turn|8\n|\n|t:|1609329385\n|-activate|p2b: Regieleki|confusion\n|-damage|p2b: Regieleki|5\/48|[from] confusion\n|move|p2a: Whimsicott|Moonblast|p1a: Zappy\n|-damage|p1a: Zappy|19\/48\n|move|p1a: Zappy|Heat Wave|p2a: Whimsicott|[spread] p2a,p2b\n|-supereffective|p2a: Whimsicott\n|-damage|p2a: Whimsicott|10\/48\n|-damage|p2b: Regieleki|0 fnt\n|faint|p2b: Regieleki\n|\n|upkeep\n|turn|9\n|\n|t:|1609329398\n|move|p2a: Whimsicott|Moonblast|p1a: Zappy\n|-damage|p1a: Zappy|5\/48\n|move|p1a: Zappy|Heat Wave|p2a: Whimsicott\n|-supereffective|p2a: Whimsicott\n|-damage|p2a: Whimsicott|0 fnt\n|faint|p2a: Whimsicott\n|\n|win|Brunchy\n|raw|Brunchy's rating: 1125 &rarr; <strong>1157<\/strong><br \/>(+32 for winning)\n|raw|ArcanineSquad's rating: 1230 &rarr; <strong>1198<\/strong><br \/>(-32 for losing)\n|c|\u2606ArcanineSquad|Come on\n|c|\u2606ArcanineSquad|Wtf\n|c|\u2606ArcanineSquad|30%\n|c|\u2606ArcanineSquad|Ridiculus\n|l|\u2606ArcanineSquad\n|c|\u2606Brunchy|thats how mafia works\n","uploadtime":1609329616,"views":19,"p1id":"brunchy","p2id":"arcaninesquad","formatid":"gen8vgc2021","rating":1157,"private":0,"password":null}