{"id":"gen8randombattle-1088422949","p1":"Elgino \u266b","p2":"comp233","format":"gen8randombattle","log":"|j|\u2606Elgino \u266b\n|j|\u2606comp233\n|player|p1|Elgino \u266b|acerola|1946\n|player|p2|comp233|115|1988\n|teamsize|p1|6\n|teamsize|p2|6\n|gametype|singles\n|gen|8\n|tier|[Gen 8] Random Battle\n|rated|\n|rule|Species Clause: Limit one of each Pok\u00e9mon\n|rule|HP Percentage Mod: HP is shown in percentages\n|rule|Sleep Clause Mod: Limit one foe put to sleep\n|\n|start\n|switch|p1a: Charizard|Charizard, L84, M|267\/267\n|switch|p2a: Snorlax|Snorlax, L84, M|406\/406\n|turn|1\n|\n|switch|p1a: Zamazenta|Zamazenta, L72|251\/251\n|-ability|p1a: Zamazenta|Dauntless Shield|boost\n|-boost|p1a: Zamazenta|def|1\n|move|p2a: Snorlax|Body Slam|p1a: Zamazenta\n|-damage|p1a: Zamazenta|154\/251\n|\n|upkeep\n|turn|2\n|\n|switch|p2a: Chandelure|Chandelure, L82, F|233\/233\n|move|p1a: Zamazenta|Close Combat|p2a: Chandelure\n|-immune|p2a: Chandelure\n|\n|upkeep\n|turn|3\n|\n|switch|p1a: Kyogre|Kyogre, L72|263\/263\n|-weather|RainDance|[from] ability: Drizzle|[of] p1a: Kyogre\n|switch|p2a: Drapion|Drapion, L82, M|249\/249\n|\n|-weather|RainDance|[upkeep]\n|upkeep\n|turn|4\n|\n|move|p2a: Drapion|Knock Off|p1a: Kyogre\n|-damage|p1a: Kyogre|160\/263\n|-enditem|p1a: Kyogre|Leftovers|[from] move: Knock Off|[of] p2a: Drapion\n|move|p1a: Kyogre|Surf|p2a: Drapion\n|-damage|p2a: Drapion|69\/249\n|\n|-weather|RainDance|[upkeep]\n|-heal|p2a: Drapion|84\/249|[from] item: Black Sludge\n|upkeep\n|turn|5\n|\n|move|p2a: Drapion|Toxic Spikes|p1a: Kyogre\n|-sidestart|p1: Elgino \u266b|move: Toxic Spikes\n|move|p1a: Kyogre|Surf|p2a: Drapion\n|-damage|p2a: Drapion|0 fnt\n|faint|p2a: Drapion\n|\n|-weather|RainDance|[upkeep]\n|upkeep\n|\n|switch|p2a: Snorlax|Snorlax, L84, M|406\/406\n|turn|6\n|\n|move|p1a: Kyogre|Surf|p2a: Snorlax\n|-damage|p2a: Snorlax|270\/406\n|move|p2a: Snorlax|Body Slam|p1a: Kyogre\n|-damage|p1a: Kyogre|6\/263\n|\n|-weather|RainDance|[upkeep]\n|upkeep\n|turn|7\n|\n|move|p1a: Kyogre|Surf|p2a: Snorlax\n|-damage|p2a: Snorlax|134\/406\n|move|p2a: Snorlax|Body Slam|p1a: Kyogre\n|-damage|p1a: Kyogre|0 fnt\n|faint|p1a: Kyogre\n|\n|-weather|none\n|upkeep\n|\n|switch|p1a: Roserade|Roserade, L82, F|233\/233\n|-sideend|p1: Elgino \u266b|move: Toxic Spikes|[of] p1a: Roserade\n|turn|8\n|\n|switch|p2a: Vileplume|Vileplume, L84, M|263\/263\n|move|p1a: Roserade|Leaf Storm|p2a: Vileplume|[miss]\n|-miss|p1a: Roserade|p2a: Vileplume\n|\n|upkeep\n|turn|9\n|\n|move|p1a: Roserade|Spikes|p2a: Vileplume\n|-sidestart|p2: comp233|Spikes\n|move|p2a: Vileplume|Sludge Bomb|p1a: Roserade\n|-damage|p1a: Roserade|143\/233\n|\n|-heal|p1a: Roserade|157\/233|[from] item: Black Sludge\n|upkeep\n|turn|10\n|\n|move|p1a: Roserade|Spikes|p2a: Vileplume\n|-sidestart|p2: comp233|Spikes\n|move|p2a: Vileplume|Sludge Bomb|p1a: Roserade\n|-damage|p1a: Roserade|69\/233\n|\n|-heal|p1a: Roserade|83\/233|[from] item: Black Sludge\n|upkeep\n|turn|11\n|\n|switch|p2a: Chandelure|Chandelure, L82, F|233\/233\n|-damage|p2a: Chandelure|195\/233|[from] Spikes\n|move|p1a: Roserade|Synthesis|p1a: Roserade\n|-heal|p1a: Roserade|199\/233\n|\n|-heal|p1a: Roserade|213\/233|[from] item: Black Sludge\n|-heal|p2a: Chandelure|209\/233|[from] item: Leftovers\n|upkeep\n|turn|12\n|\n|switch|p1a: Charizard|Charizard, L84, M|267\/267\n|move|p2a: Chandelure|Fire Blast|p1a: Charizard\n|-resisted|p1a: Charizard\n|-damage|p1a: Charizard|184\/267\n|\n|-heal|p2a: Chandelure|223\/233|[from] item: Leftovers\n|upkeep\n|turn|13\n|\n|move|p1a: Charizard|Air Slash|p2a: Chandelure\n|-damage|p2a: Chandelure|138\/233\n|cant|p2a: Chandelure|flinch\n|\n|-heal|p2a: Chandelure|152\/233|[from] item: Leftovers\n|upkeep\n|turn|14\n|\n|move|p1a: Charizard|Air Slash|p2a: Chandelure\n|-damage|p2a: Chandelure|58\/233\n|move|p2a: Chandelure|Calm Mind|p2a: Chandelure\n|-boost|p2a: Chandelure|spa|1\n|-boost|p2a: Chandelure|spd|1\n|\n|-heal|p2a: Chandelure|72\/233|[from] item: Leftovers\n|upkeep\n|turn|15\n|\n|move|p1a: Charizard|Air Slash|p2a: Chandelure\n|-damage|p2a: Chandelure|18\/233\n|move|p2a: Chandelure|Shadow Ball|p1a: Charizard\n|-damage|p1a: Charizard|0 fnt\n|faint|p1a: Charizard\n|\n|-heal|p2a: Chandelure|32\/233|[from] item: Leftovers\n|upkeep\n|\n|switch|p1a: Dugtrio|Dugtrio, L80, M|187\/187\n|turn|16\n|\n|switch|p2a: Yveltal|Yveltal, L72|299\/299\n|-ability|p2a: Yveltal|Dark Aura\n|move|p1a: Dugtrio|Earthquake|p2a: Yveltal\n|-immune|p2a: Yveltal\n|\n|upkeep\n|turn|17\n|\n|-start|p2a: Yveltal|Dynamax\n|-heal|p2a: Yveltal|598\/598|[silent]\n|move|p1a: Dugtrio|Substitute|p1a: Dugtrio\n|-start|p1a: Dugtrio|Substitute\n|-damage|p1a: Dugtrio|141\/187\n|move|p2a: Yveltal|Max Airstream|p1a: Dugtrio\n|-end|p1a: Dugtrio|Substitute\n|-boost|p2a: Yveltal|spe|1\n|\n|upkeep\n|turn|18\n|\n|move|p2a: Yveltal|Max Airstream|p1a: Dugtrio\n|-damage|p1a: Dugtrio|0 fnt\n|-boost|p2a: Yveltal|spe|1\n|faint|p1a: Dugtrio\n|\n|upkeep\n|\n|switch|p1a: Roserade|Roserade, L82, F|213\/233\n|turn|19\n|\n|move|p2a: Yveltal|Max Airstream|p1a: Roserade\n|-supereffective|p1a: Roserade\n|-damage|p1a: Roserade|0 fnt\n|-boost|p2a: Yveltal|spe|1\n|faint|p1a: Roserade\n|\n|-end|p2a: Yveltal|Dynamax\n|-heal|p2a: Yveltal|299\/299|[silent]\n|upkeep\n|\n|switch|p1a: Oranguru|Oranguru, L88, F|302\/302\n|turn|20\n|\n|move|p2a: Yveltal|Sucker Punch||[still]\n|-fail|p2a: Yveltal\n|move|p1a: Oranguru|Trick Room|p1a: Oranguru\n|-fieldstart|move: Trick Room|[of] p1a: Oranguru\n|\n|upkeep\n|turn|21\n|\n|move|p2a: Yveltal|Sucker Punch||[still]\n|-fail|p2a: Yveltal\n|move|p1a: Oranguru|Nasty Plot|p1a: Oranguru\n|-boost|p1a: Oranguru|spa|2\n|\n|upkeep\n|turn|22\n|\n|-start|p1a: Oranguru|Dynamax\n|-heal|p1a: Oranguru|604\/604|[silent]\n|move|p2a: Yveltal|Sucker Punch|p1a: Oranguru\n|-supereffective|p1a: Oranguru\n|-damage|p1a: Oranguru|406\/604\n|move|p1a: Oranguru|Max Lightning|p2a: Yveltal\n|-supereffective|p2a: Yveltal\n|-damage|p2a: Yveltal|0 fnt\n|-fieldstart|move: Electric Terrain\n|faint|p2a: Yveltal\n|\n|-heal|p1a: Oranguru|424\/604|[from] item: Leftovers\n|upkeep\n|\n|switch|p2a: Snorlax|Snorlax, L84, M|134\/406\n|-damage|p2a: Snorlax|67\/406|[from] Spikes\n|turn|23\n|\n|move|p2a: Snorlax|Darkest Lariat|p1a: Oranguru\n|-supereffective|p1a: Oranguru\n|-damage|p1a: Oranguru|234\/604\n|move|p1a: Oranguru|Max Mindstorm|p2a: Snorlax\n|-damage|p2a: Snorlax|0 fnt\n|-fieldstart|move: Psychic Terrain\n|faint|p2a: Snorlax\n|\n|-heal|p1a: Oranguru|252\/604|[from] item: Leftovers\n|upkeep\n|\n|switch|p2a: Cherrim|Cherrim, L88, M|266\/266\n|-damage|p2a: Cherrim|222\/266|[from] Spikes\n|turn|24\n|\n|move|p1a: Oranguru|Max Mindstorm|p2a: Cherrim\n|-damage|p2a: Cherrim|0 fnt\n|faint|p2a: Cherrim\n|\n|-heal|p1a: Oranguru|270\/604|[from] item: Leftovers\n|-fieldend|move: Trick Room\n|-end|p1a: Oranguru|Dynamax\n|-heal|p1a: Oranguru|135\/302|[silent]\n|upkeep\n|\n|switch|p2a: Vileplume|Vileplume, L84, M|263\/263\n|-damage|p2a: Vileplume|220\/263|[from] Spikes\n|turn|25\n|\n|move|p2a: Vileplume|Sleep Powder|p1a: Oranguru\n|-status|p1a: Oranguru|slp|[from] move: Sleep Powder\n|cant|p1a: Oranguru|slp\n|\n|-heal|p2a: Vileplume|236\/263|[from] item: Black Sludge\n|-heal|p1a: Oranguru|153\/302 slp|[from] item: Leftovers\n|upkeep\n|turn|26\n|\n|move|p2a: Vileplume|Sludge Bomb|p1a: Oranguru\n|-damage|p1a: Oranguru|74\/302 slp\n|cant|p1a: Oranguru|slp\n|\n|-heal|p2a: Vileplume|252\/263|[from] item: Black Sludge\n|-heal|p1a: Oranguru|92\/302 slp|[from] item: Leftovers\n|upkeep\n|turn|27\n|\n|move|p2a: Vileplume|Sludge Bomb|p1a: Oranguru\n|-damage|p1a: Oranguru|5\/302 slp\n|cant|p1a: Oranguru|slp\n|\n|-heal|p2a: Vileplume|263\/263|[from] item: Black Sludge\n|-heal|p1a: Oranguru|23\/302 slp|[from] item: Leftovers\n|-fieldend|move: Psychic Terrain\n|upkeep\n|turn|28\n|\n|move|p2a: Vileplume|Sludge Bomb|p1a: Oranguru\n|-damage|p1a: Oranguru|0 fnt\n|faint|p1a: Oranguru\n|\n|upkeep\n|\n|switch|p1a: Zamazenta|Zamazenta, L72|154\/251\n|-ability|p1a: Zamazenta|Dauntless Shield|boost\n|-boost|p1a: Zamazenta|def|1\n|turn|29\n|\n|move|p1a: Zamazenta|Psychic Fangs|p2a: Vileplume\n|-supereffective|p2a: Vileplume\n|-damage|p2a: Vileplume|93\/263\n|move|p2a: Vileplume|Sludge Bomb|p1a: Zamazenta\n|-damage|p1a: Zamazenta|63\/251\n|-status|p1a: Zamazenta|psn\n|\n|-heal|p2a: Vileplume|109\/263|[from] item: Black Sludge\n|-damage|p1a: Zamazenta|32\/251 psn|[from] psn\n|upkeep\n|turn|30\n|\n|switch|p2a: Chandelure|Chandelure, L82, F|32\/233\n|-damage|p2a: Chandelure|0 fnt|[from] Spikes\n|faint|p2a: Chandelure\n|move|p1a: Zamazenta|Psychic Fangs|p2: Chandelure|[notarget]\n|-fail|p1a: Zamazenta\n|\n|-damage|p1a: Zamazenta|1\/251 psn|[from] psn\n|upkeep\n|\n|switch|p2a: Vileplume|Vileplume, L84, M|109\/263\n|-damage|p2a: Vileplume|66\/263|[from] Spikes\n|turn|31\n|\n|move|p1a: Zamazenta|Psychic Fangs|p2a: Vileplume\n|-supereffective|p2a: Vileplume\n|-damage|p2a: Vileplume|0 fnt\n|faint|p2a: Vileplume\n|\n|win|Elgino \u266b\n|l|\u2606comp233\n|raw|Elgino \u266b's rating: 1925 &rarr; <strong>1948<\/strong><br \/>(+23 for winning)\n|raw|comp233's rating: 1988 &rarr; <strong>1964<\/strong><br \/>(-24 for losing)\n","inputlog":">version f72f37d704d3ccde32ae808c19624d39ee7630b0\n>start {\"formatid\":\"gen8randombattle\",\"seed\":[60199,4385,56393,31323],\"rated\":\"Rated battle\"}\n>player p1 {\"name\":\"Elgino \u266b\",\"avatar\":\"acerola\",\"team\":\"\",\"rating\":1946,\"seed\":[49506,50809,27953,27577]}\n>player p2 {\"name\":\"comp233\",\"avatar\":\"115\",\"team\":\"\",\"rating\":1988,\"seed\":[24152,9967,35632,48420]}\n>p1 switch 6\n>p2 move bodyslam\n>p1 move closecombat\n>p2 switch 6\n>p1 switch 3\n>p2 switch 2\n>p1 move surf\n>p2 move knockoff\n>p1 move surf\n>p2 move toxicspikes\n>p2 switch 6\n>p1 move surf\n>p2 move bodyslam\n>p1 move surf\n>p2 move bodyslam\n>p1 switch 4\n>p1 move leafstorm\n>p2 switch 4\n>p1 move spikes\n>p2 move sludgebomb\n>p1 move spikes\n>p2 move sludgebomb\n>p1 move synthesis\n>p2 switch 2\n>p1 switch 6\n>p2 move fireblast\n>p1 move airslash\n>p2 move calmmind\n>p1 move airslash\n>p2 move calmmind\n>p1 move airslash\n>p2 move shadowball\n>p1 switch 2\n>p1 move earthquake\n>p2 switch 5\n>p1 move substitute\n>p2 move hurricane dynamax\n>p1 move substitute\n>p2 move hurricane dynamax\n>p1 switch 6\n>p1 move sludgebomb\n>p2 move hurricane dynamax\n>p1 switch 5\n>p1 move trickroom\n>p2 move suckerpunch\n>p1 move nastyplot\n>p2 move suckerpunch\n>p1 move thunderbolt dynamax\n>p2 move suckerpunch\n>p2 switch 4\n>p1 move psychic dynamax\n>p2 move darkestlariat\n>p2 switch 3\n>p1 move psychic dynamax\n>p2 move weatherball\n>p2 switch 2\n>p1 move psychic\n>p2 move sleeppowder\n>p1 move psychic\n>p2 move sludgebomb\n>p1 move psychic\n>p2 move sludgebomb\n>p1 move psychic\n>p2 move sludgebomb\n>p1 switch 3\n>p1 move psychicfangs\n>p2 move sludgebomb\n>p1 move psychicfangs\n>p2 switch 5\n>p2 switch 5\n>p1 move psychicfangs\n>p2 move sludgebomb","uploadtime":1585646458,"views":21,"p1id":"elgino","p2id":"comp233","formatid":"gen8randombattle","rating":1948,"private":0,"password":null}