{"id":"gen8ou-1668374172","p1":"bigtestsofbig","p2":"drop a baby","format":"gen8ou","log":"|j|\u2606bigtestsofbig\n|j|\u2606drop a baby\n|t:|1663619254\n|gametype|singles\n|player|p1|bigtestsofbig|medium|1605\n|player|p2|drop a baby|chase|1688\n|teamsize|p1|6\n|teamsize|p2|6\n|gen|8\n|tier|[Gen 8] OU\n|rated|\n|rule|Sleep Clause Mod: Limit one foe put to sleep\n|rule|Species Clause: Limit one of each Pok\u00e9mon\n|rule|OHKO Clause: OHKO moves are banned\n|rule|Evasion Items Clause: Evasion items are banned\n|rule|Evasion Moves Clause: Evasion moves are banned\n|rule|Endless Battle Clause: Forcing endless battles is banned\n|rule|HP Percentage Mod: HP is shown in percentages\n|rule|Dynamax Clause: You cannot dynamax\n|clearpoke\n|poke|p1|Urshifu-*, F|\n|poke|p1|Tyranitar, M|\n|poke|p1|Excadrill, F|\n|poke|p1|Zapdos|\n|poke|p1|Ferrothorn, F|\n|poke|p1|Tapu Lele|\n|poke|p2|Terrakion|\n|poke|p2|Landorus-Therian, M|\n|poke|p2|Dragapult, M|\n|poke|p2|Umbreon, M|\n|poke|p2|Heatran, M|\n|poke|p2|Slowbro, M|\n|teampreview\n|inactive|Battle timer is ON: inactive players will automatically lose when time's up. (requested by drop a baby)\n|\n|t:|1663619287\n|start\n|switch|p1a: Urshifu|Urshifu-Rapid-Strike, F|100\/100\n|switch|p2a: Heatran|Heatran, M|100\/100\n|turn|1\n|\n|t:|1663619295\n|move|p1a: Urshifu|Surging Strikes|p2a: Heatran\n|-supereffective|p2a: Heatran\n|-crit|p2a: Heatran\n|-damage|p2a: Heatran|73\/100\n|-supereffective|p2a: Heatran\n|-crit|p2a: Heatran\n|-damage|p2a: Heatran|47\/100\n|-supereffective|p2a: Heatran\n|-crit|p2a: Heatran\n|-damage|p2a: Heatran|22\/100\n|-hitcount|p2a: Heatran|3\n|move|p2a: Heatran|Stealth Rock|p1a: Urshifu\n|-sidestart|p1: bigtestsofbig|move: Stealth Rock\n|\n|-heal|p2a: Heatran|28\/100|[from] item: Leftovers\n|upkeep\n|turn|2\n|\n|t:|1663619308\n|switch|p2a: Slowbro|Slowbro, M|100\/100\n|move|p1a: Urshifu|Surging Strikes|p2a: Slowbro\n|-resisted|p2a: Slowbro\n|-crit|p2a: Slowbro\n|-damage|p2a: Slowbro|93\/100\n|-resisted|p2a: Slowbro\n|-crit|p2a: Slowbro\n|-damage|p2a: Slowbro|85\/100\n|-resisted|p2a: Slowbro\n|-crit|p2a: Slowbro\n|-damage|p2a: Slowbro|78\/100\n|-hitcount|p2a: Slowbro|3\n|\n|upkeep\n|turn|3\n|\n|t:|1663619321\n|move|p1a: Urshifu|Taunt|p2a: Slowbro\n|-start|p2a: Slowbro|move: Taunt\n|cant|p2a: Slowbro|move: Taunt|Teleport\n|\n|upkeep\n|turn|4\n|\n|t:|1663619327\n|switch|p2a: Heatran|Heatran, M|28\/100\n|move|p1a: Urshifu|U-turn|p2a: Heatran\n|-resisted|p2a: Heatran\n|-damage|p2a: Heatran|25\/100\n|\n|t:|1663619342\n|switch|p1a: Zapdos|Zapdos|100\/100|[from]move: U-turn\n|\n|-heal|p2a: Heatran|31\/100|[from] item: Leftovers\n|upkeep\n|turn|5\n|\n|t:|1663619347\n|move|p2a: Heatran|Protect|p2a: Heatran\n|-singleturn|p2a: Heatran|Protect\n|move|p1a: Zapdos|Volt Switch|p2a: Heatran\n|-activate|p2a: Heatran|move: Protect\n|\n|-heal|p2a: Heatran|37\/100|[from] item: Leftovers\n|upkeep\n|turn|6\n|\n|t:|1663619354\n|switch|p2a: Landorus|Landorus-Therian, M|100\/100\n|-ability|p2a: Landorus|Intimidate|boost\n|-unboost|p1a: Zapdos|atk|1\n|move|p1a: Zapdos|Hurricane|p2a: Landorus\n|-damage|p2a: Landorus|67\/100\n|\n|-heal|p2a: Landorus|73\/100|[from] item: Leftovers\n|upkeep\n|turn|7\n|\n|t:|1663619364\n|move|p1a: Zapdos|Hurricane|p2a: Landorus|[miss]\n|-miss|p1a: Zapdos|p2a: Landorus\n|move|p2a: Landorus|U-turn|p1a: Zapdos\n|-resisted|p1a: Zapdos\n|-damage|p1a: Zapdos|93\/100\n|-status|p2a: Landorus|par|[from] ability: Static|[of] p1a: Zapdos\n|\n|t:|1663619367\n|switch|p2a: Dragapult|Dragapult, M|100\/100|[from]move: U-turn\n|\n|upkeep\n|turn|8\n|\n|t:|1663619376\n|switch|p1a: Ferrothorn|Ferrothorn, F|100\/100\n|-damage|p1a: Ferrothorn|95\/100|[from] Stealth Rock\n|move|p2a: Dragapult|U-turn|p1a: Ferrothorn\n|-damage|p1a: Ferrothorn|83\/100\n|-damage|p2a: Dragapult|88\/100|[from] ability: Iron Barbs|[of] p1a: Ferrothorn\n|\n|t:|1663619379\n|switch|p2a: Terrakion|Terrakion|100\/100|[from]move: U-turn\n|\n|-heal|p1a: Ferrothorn|89\/100|[from] item: Leftovers\n|upkeep\n|turn|9\n|\n|t:|1663619405\n|move|p2a: Terrakion|Close Combat|p1a: Ferrothorn\n|-supereffective|p1a: Ferrothorn\n|-damage|p1a: Ferrothorn|0 fnt\n|-unboost|p2a: Terrakion|def|1\n|-unboost|p2a: Terrakion|spd|1\n|-damage|p2a: Terrakion|88\/100|[from] ability: Iron Barbs|[of] p1a: Ferrothorn\n|faint|p1a: Ferrothorn\n|-damage|p2a: Terrakion|78\/100|[from] item: Life Orb\n|\n|upkeep\n|\n|t:|1663619413\n|switch|p1a: Tapu Lele|Tapu Lele|100\/100\n|-damage|p1a: Tapu Lele|88\/100|[from] Stealth Rock\n|-fieldstart|move: Psychic Terrain|[from] ability: Psychic Surge|[of] p1a: Tapu Lele\n|turn|10\n|\n|t:|1663619418\n|switch|p2a: Slowbro|Slowbro, M|100\/100\n|move|p1a: Tapu Lele|Focus Blast|p2a: Slowbro\n|-resisted|p2a: Slowbro\n|-damage|p2a: Slowbro|86\/100\n|\n|upkeep\n|turn|11\n|\n|t:|1663619427\n|switch|p1a: Tyranitar|Tyranitar, M|100\/100\n|-damage|p1a: Tyranitar|88\/100|[from] Stealth Rock\n|-weather|Sandstorm|[from] ability: Sand Stream|[of] p1a: Tyranitar\n|move|p2a: Slowbro|Teleport|p2a: Slowbro\n|\n|t:|1663619430\n|switch|p2a: Terrakion|Terrakion|78\/100|[from]move: Teleport\n|\n|-weather|Sandstorm|[upkeep]\n|upkeep\n|turn|12\n|\n|t:|1663619449\n|move|p2a: Terrakion|Close Combat|p1a: Tyranitar\n|-supereffective|p1a: Tyranitar\n|-damage|p1a: Tyranitar|0 fnt\n|-unboost|p2a: Terrakion|def|1\n|-unboost|p2a: Terrakion|spd|1\n|faint|p1a: Tyranitar\n|-damage|p2a: Terrakion|68\/100|[from] item: Life Orb\n|\n|-weather|Sandstorm|[upkeep]\n|upkeep\n|\n|t:|1663619454\n|switch|p1a: Excadrill|Excadrill, F|100\/100\n|-damage|p1a: Excadrill|97\/100|[from] Stealth Rock\n|turn|13\n|\n|t:|1663619466\n|switch|p2a: Umbreon|Umbreon, M|100\/100\n|move|p1a: Excadrill|Iron Head|p2a: Umbreon\n|-damage|p2a: Umbreon|62\/100\n|\n|-weather|Sandstorm|[upkeep]\n|-damage|p2a: Umbreon|55\/100|[from] Sandstorm\n|-heal|p2a: Umbreon|62\/100|[from] item: Leftovers\n|upkeep\n|turn|14\n|\n|t:|1663619475\n|move|p1a: Excadrill|Iron Head|p2a: Umbreon\n|-damage|p2a: Umbreon|17\/100\n|cant|p2a: Umbreon|flinch\n|\n|-weather|Sandstorm|[upkeep]\n|-damage|p2a: Umbreon|11\/100|[from] Sandstorm\n|-heal|p2a: Umbreon|17\/100|[from] item: Leftovers\n|-fieldend|move: Psychic Terrain\n|upkeep\n|turn|15\n|\n|t:|1663619485\n|switch|p1a: Zapdos|Zapdos|93\/100\n|switch|p2a: Heatran|Heatran, M|37\/100\n|\n|-weather|none\n|-heal|p2a: Heatran|43\/100|[from] item: Leftovers\n|upkeep\n|turn|16\n|\n|t:|1663619494\n|switch|p1a: Urshifu|Urshifu-Rapid-Strike, F|100\/100\n|-damage|p1a: Urshifu|94\/100|[from] Stealth Rock\n|move|p2a: Heatran|Protect||[still]\n|-fail|p2a: Heatran\n|\n|-heal|p2a: Heatran|50\/100|[from] item: Leftovers\n|upkeep\n|turn|17\n|\n|t:|1663619502\n|switch|p2a: Slowbro|Slowbro, M|100\/100\n|move|p1a: Urshifu|U-turn|p2a: Slowbro\n|-supereffective|p2a: Slowbro\n|-damage|p2a: Slowbro|62\/100\n|\n|t:|1663619527\n|switch|p1a: Excadrill|Excadrill, F|97\/100|[from]move: U-turn\n|-damage|p1a: Excadrill|94\/100|[from] Stealth Rock\n|\n|upkeep\n|turn|18\n|\n|t:|1663619532\n|switch|p2a: Landorus|Landorus-Therian, M|73\/100 par\n|-ability|p2a: Landorus|Intimidate|boost\n|-unboost|p1a: Excadrill|atk|1\n|move|p1a: Excadrill|Earthquake|p2a: Landorus\n|-immune|p2a: Landorus\n|\n|-heal|p2a: Landorus|79\/100 par|[from] item: Leftovers\n|upkeep\n|turn|19\n|j| Hedon\n|\n|t:|1663619540\n|switch|p1a: Urshifu|Urshifu-Rapid-Strike, F|94\/100\n|-damage|p1a: Urshifu|88\/100|[from] Stealth Rock\n|move|p2a: Landorus|U-turn|p1a: Urshifu\n|-resisted|p1a: Urshifu\n|-damage|p1a: Urshifu|77\/100\n|\n|t:|1663619547\n|switch|p2a: Dragapult|Dragapult, M|88\/100|[from]move: U-turn\n|\n|upkeep\n|turn|20\n|\n|t:|1663619557\n|move|p2a: Dragapult|Draco Meteor|p1a: Urshifu\n|-damage|p1a: Urshifu|0 fnt\n|-unboost|p2a: Dragapult|spa|2\n|faint|p1a: Urshifu\n|\n|upkeep\n|\n|t:|1663619565\n|switch|p1a: Tapu Lele|Tapu Lele|88\/100\n|-damage|p1a: Tapu Lele|76\/100|[from] Stealth Rock\n|-fieldstart|move: Psychic Terrain|[from] ability: Psychic Surge|[of] p1a: Tapu Lele\n|turn|21\n|\n|t:|1663619574\n|switch|p2a: Heatran|Heatran, M|50\/100\n|move|p1a: Tapu Lele|Thunderbolt|p2a: Heatran\n|-damage|p2a: Heatran|25\/100\n|\n|-heal|p2a: Heatran|31\/100|[from] item: Leftovers\n|upkeep\n|turn|22\n|\n|t:|1663619585\n|switch|p1a: Zapdos|Zapdos|93\/100\n|move|p2a: Heatran|Toxic|p1a: Zapdos|[miss]\n|-miss|p2a: Heatran|p1a: Zapdos\n|\n|-heal|p2a: Heatran|37\/100|[from] item: Leftovers\n|upkeep\n|turn|23\n|\n|t:|1663619593\n|switch|p1a: Excadrill|Excadrill, F|94\/100\n|-damage|p1a: Excadrill|91\/100|[from] Stealth Rock\n|move|p2a: Heatran|Protect||[still]\n|-fail|p2a: Heatran\n|\n|-heal|p2a: Heatran|44\/100|[from] item: Leftovers\n|upkeep\n|turn|24\n|\n|t:|1663619599\n|move|p2a: Heatran|Protect|p2a: Heatran\n|-singleturn|p2a: Heatran|Protect\n|move|p1a: Excadrill|Rock Slide|p2a: Heatran\n|-activate|p2a: Heatran|move: Protect\n|\n|-heal|p2a: Heatran|50\/100|[from] item: Leftovers\n|upkeep\n|turn|25\n|\n|t:|1663619605\n|switch|p2a: Terrakion|Terrakion|68\/100\n|move|p1a: Excadrill|Rock Slide|p2a: Terrakion|[miss]\n|-miss|p1a: Excadrill|p2a: Terrakion\n|\n|-fieldend|move: Psychic Terrain\n|upkeep\n|turn|26\n|\n|t:|1663619613\n|switch|p1a: Zapdos|Zapdos|93\/100\n|move|p2a: Terrakion|Earthquake|p1a: Zapdos\n|-immune|p1a: Zapdos\n|\n|upkeep\n|turn|27\n|\n|t:|1663619623\n|switch|p1a: Excadrill|Excadrill, F|91\/100\n|-damage|p1a: Excadrill|88\/100|[from] Stealth Rock\n|move|p2a: Terrakion|Stone Edge|p1a: Excadrill\n|-resisted|p1a: Excadrill\n|-damage|p1a: Excadrill|61\/100\n|-damage|p2a: Terrakion|58\/100|[from] item: Life Orb\n|\n|upkeep\n|turn|28\n|\n|t:|1663619632\n|switch|p1a: Zapdos|Zapdos|93\/100\n|move|p2a: Terrakion|Earthquake|p1a: Zapdos\n|-immune|p1a: Zapdos\n|\n|upkeep\n|turn|29\n|\n|t:|1663619642\n|switch|p1a: Excadrill|Excadrill, F|61\/100\n|-damage|p1a: Excadrill|58\/100|[from] Stealth Rock\n|move|p2a: Terrakion|Stone Edge|p1a: Excadrill\n|-resisted|p1a: Excadrill\n|-damage|p1a: Excadrill|30\/100\n|-damage|p2a: Terrakion|48\/100|[from] item: Life Orb\n|\n|upkeep\n|turn|30\n|\n|t:|1663619654\n|move|p2a: Terrakion|Earthquake|p1a: Excadrill\n|-supereffective|p1a: Excadrill\n|-damage|p1a: Excadrill|0 fnt\n|faint|p1a: Excadrill\n|-damage|p2a: Terrakion|39\/100|[from] item: Life Orb\n|\n|upkeep\n|c|\u2606bigtestsofbig|gg\n|-message|bigtestsofbig forfeited.\n|\n|win|drop a baby\n|raw|bigtestsofbig's rating: 1605 &rarr; <strong>1590<\/strong><br \/>(-15 for losing)\n|raw|drop a baby's rating: 1688 &rarr; <strong>1703<\/strong><br \/>(+15 for winning)\n","uploadtime":1663619671,"views":56,"p1id":"bigtestsofbig","p2id":"dropababy","formatid":"gen8ou","rating":1590,"private":0,"password":null}