{"id":"gen8bdspou-1484435267","p1":"Alu9204","p2":"hanging triangle","format":"gen8bdspou","log":"|j|\u2606Alu9204\n|j|\u203dhanging triangle\n|t:|1641193923\n|gametype|singles\n|player|p1|Alu9204|burglar|1484\n|player|p2|hanging triangle|lance-gen2|1565\n|teamsize|p1|6\n|teamsize|p2|6\n|gen|8\n|tier|[Gen 8 BDSP] OU\n|rated|\n|rule|Sleep Clause Mod: Limit one foe put to sleep\n|rule|Species Clause: Limit one of each Pok\u00e9mon\n|rule|OHKO Clause: OHKO moves are banned\n|rule|Evasion Moves Clause: Evasion moves are banned\n|rule|Endless Battle Clause: Forcing endless battles is banned\n|rule|HP Percentage Mod: HP is shown in percentages\n|clearpoke\n|poke|p1|Breloom, F|\n|poke|p1|Latios, M|\n|poke|p1|Rotom-Wash|\n|poke|p1|Scizor, M|\n|poke|p1|Feraligatr, M|\n|poke|p1|Gengar, F|\n|poke|p2|Gliscor, F|\n|poke|p2|Tangrowth, M|\n|poke|p2|Heatran, F|\n|poke|p2|Clefable, F|\n|poke|p2|Starmie|\n|poke|p2|Crawdaunt, M|\n|teampreview\n|inactive|Battle timer is ON: inactive players will automatically lose when time's up. (requested by Alu9204)\n|\n|t:|1641193938\n|start\n|switch|p1a: Latios|Latios, M|100\/100\n|switch|p2a: Tangrowth|Tangrowth, M, shiny|100\/100\n|turn|1\n|\n|t:|1641193946\n|switch|p2a: Heatran|Heatran, F|100\/100\n|move|p1a: Latios|Reflect|p1a: Latios\n|-sidestart|p1: Alu9204|Reflect\n|\n|upkeep\n|turn|2\n|\n|t:|1641193949\n|move|p1a: Latios|Light Screen|p1a: Latios\n|-sidestart|p1: Alu9204|move: Light Screen\n|move|p2a: Heatran|Stealth Rock|p1a: Latios\n|-sidestart|p1: Alu9204|move: Stealth Rock\n|\n|upkeep\n|turn|3\n|\n|t:|1641193955\n|switch|p1a: Rotom|Rotom-Wash|100\/100\n|-damage|p1a: Rotom|88\/100|[from] Stealth Rock\n|move|p2a: Heatran|Lava Plume|p1a: Rotom\n|-resisted|p1a: Rotom\n|-damage|p1a: Rotom|78\/100\n|\n|-heal|p1a: Rotom|84\/100|[from] item: Leftovers\n|upkeep\n|turn|4\n|\n|t:|1641193967\n|move|p2a: Heatran|Protect|p2a: Heatran\n|-singleturn|p2a: Heatran|Protect\n|move|p1a: Rotom|Volt Switch|p2a: Heatran\n|-activate|p2a: Heatran|move: Protect\n|\n|-heal|p1a: Rotom|91\/100|[from] item: Leftovers\n|upkeep\n|turn|5\n|\n|t:|1641193973\n|move|p1a: Rotom|Hydro Pump|p2a: Heatran\n|-supereffective|p2a: Heatran\n|-damage|p2a: Heatran|49\/100\n|move|p2a: Heatran|Lava Plume|p1a: Rotom\n|-resisted|p1a: Rotom\n|-damage|p1a: Rotom|82\/100\n|\n|-heal|p1a: Rotom|89\/100|[from] item: Leftovers\n|-heal|p2a: Heatran|55\/100|[from] item: Leftovers\n|upkeep\n|turn|6\n|\n|t:|1641193981\n|move|p2a: Heatran|Protect|p2a: Heatran\n|-singleturn|p2a: Heatran|Protect\n|move|p1a: Rotom|Volt Switch|p2a: Heatran\n|-activate|p2a: Heatran|move: Protect\n|\n|-heal|p1a: Rotom|95\/100|[from] item: Leftovers\n|-heal|p2a: Heatran|61\/100|[from] item: Leftovers\n|upkeep\n|turn|7\n|\n|t:|1641193986\n|move|p1a: Rotom|Hydro Pump|p2a: Heatran\n|-supereffective|p2a: Heatran\n|-damage|p2a: Heatran|11\/100\n|move|p2a: Heatran|Lava Plume|p1a: Rotom\n|-resisted|p1a: Rotom\n|-damage|p1a: Rotom|86\/100\n|\n|-heal|p1a: Rotom|92\/100|[from] item: Leftovers\n|-heal|p2a: Heatran|17\/100|[from] item: Leftovers\n|upkeep\n|turn|8\n|\n|t:|1641193996\n|move|p2a: Heatran|Protect|p2a: Heatran\n|-singleturn|p2a: Heatran|Protect\n|move|p1a: Rotom|Volt Switch|p2a: Heatran\n|-activate|p2a: Heatran|move: Protect\n|\n|-heal|p1a: Rotom|99\/100|[from] item: Leftovers\n|-heal|p2a: Heatran|23\/100|[from] item: Leftovers\n|-sideend|p1: Alu9204|Reflect\n|upkeep\n|turn|9\n|\n|t:|1641194006\n|switch|p2a: Tangrowth|Tangrowth, M, shiny|100\/100\n|move|p1a: Rotom|Thunderbolt|p2a: Tangrowth\n|-resisted|p2a: Tangrowth\n|-damage|p2a: Tangrowth|76\/100\n|\n|-heal|p1a: Rotom|100\/100|[from] item: Leftovers\n|-heal|p2a: Tangrowth|82\/100|[from] item: Leftovers\n|-sideend|p1: Alu9204|move: Light Screen\n|upkeep\n|turn|10\n|\n|t:|1641194012\n|move|p1a: Rotom|Will-O-Wisp|p2a: Tangrowth\n|-status|p2a: Tangrowth|brn\n|move|p2a: Tangrowth|Knock Off|p1a: Rotom\n|-damage|p1a: Rotom|90\/100\n|-enditem|p1a: Rotom|Leftovers|[from] move: Knock Off|[of] p2a: Tangrowth\n|\n|-heal|p2a: Tangrowth|88\/100 brn|[from] item: Leftovers\n|-damage|p2a: Tangrowth|82\/100 brn|[from] brn\n|upkeep\n|turn|11\n|\n|t:|1641194022\n|move|p1a: Rotom|Volt Switch|p2a: Tangrowth\n|-resisted|p2a: Tangrowth\n|-damage|p2a: Tangrowth|63\/100 brn\n|\n|t:|1641194026\n|switch|p1a: Gengar|Gengar, F|100\/100|[from]move: Volt Switch\n|-damage|p1a: Gengar|88\/100|[from] Stealth Rock\n|move|p2a: Tangrowth|Knock Off|p1a: Gengar\n|-supereffective|p1a: Gengar\n|-damage|p1a: Gengar|43\/100\n|-enditem|p1a: Gengar|Spell Tag|[from] move: Knock Off|[of] p2a: Tangrowth\n|\n|-heal|p2a: Tangrowth|69\/100 brn|[from] item: Leftovers\n|-damage|p2a: Tangrowth|63\/100 brn|[from] brn\n|upkeep\n|turn|12\n|\n|t:|1641194038\n|switch|p2a: Gliscor|Gliscor, F|100\/100\n|move|p1a: Gengar|Sludge Bomb|p2a: Gliscor\n|-resisted|p2a: Gliscor\n|-damage|p2a: Gliscor|81\/100\n|\n|-status|p2a: Gliscor|tox|[from] item: Toxic Orb\n|upkeep\n|turn|13\n|\n|t:|1641194045\n|switch|p1a: Latios|Latios, M|100\/100\n|-damage|p1a: Latios|88\/100|[from] Stealth Rock\n|move|p2a: Gliscor|U-turn|p1a: Latios\n|-supereffective|p1a: Latios\n|-damage|p1a: Latios|51\/100\n|\n|t:|1641194050\n|switch|p2a: Starmie|Starmie, shiny|100\/100|[from]move: U-turn\n|\n|upkeep\n|turn|14\n|\n|t:|1641194066\n|move|p2a: Starmie|Ice Beam|p1a: Latios\n|-supereffective|p1a: Latios\n|-damage|p1a: Latios|0 fnt\n|faint|p1a: Latios\n|\n|upkeep\n|\n|t:|1641194074\n|switch|p1a: Rotom|Rotom-Wash|90\/100\n|-damage|p1a: Rotom|77\/100|[from] Stealth Rock\n|turn|15\n|\n|t:|1641194083\n|switch|p2a: Heatran|Heatran, F|23\/100\n|move|p1a: Rotom|Thunderbolt|p2a: Heatran\n|-damage|p2a: Heatran|2\/100\n|-status|p2a: Heatran|par\n|\n|-heal|p2a: Heatran|8\/100 par|[from] item: Leftovers\n|upkeep\n|turn|16\n|\n|t:|1641194087\n|move|p1a: Rotom|Thunderbolt|p2a: Heatran\n|-damage|p2a: Heatran|0 fnt\n|faint|p2a: Heatran\n|\n|upkeep\n|\n|t:|1641194095\n|switch|p2a: Tangrowth|Tangrowth, M, shiny|96\/100 brn\n|turn|17\n|\n|t:|1641194102\n|move|p1a: Rotom|Volt Switch|p2a: Tangrowth\n|-resisted|p2a: Tangrowth\n|-damage|p2a: Tangrowth|76\/100 brn\n|\n|t:|1641194105\n|switch|p1a: Gengar|Gengar, F|43\/100|[from]move: Volt Switch\n|-damage|p1a: Gengar|31\/100|[from] Stealth Rock\n|move|p2a: Tangrowth|Knock Off|p1a: Gengar\n|-supereffective|p1a: Gengar\n|-damage|p1a: Gengar|4\/100\n|\n|-heal|p2a: Tangrowth|83\/100 brn|[from] item: Leftovers\n|-damage|p2a: Tangrowth|76\/100 brn|[from] brn\n|upkeep\n|turn|18\n|\n|t:|1641194114\n|switch|p2a: Crawdaunt|Crawdaunt, M|100\/100\n|move|p1a: Gengar|Shadow Ball|p2a: Crawdaunt\n|-resisted|p2a: Crawdaunt\n|-damage|p2a: Crawdaunt|59\/100\n|\n|upkeep\n|turn|19\n|\n|t:|1641194119\n|move|p2a: Crawdaunt|Aqua Jet|p1a: Gengar\n|-damage|p1a: Gengar|0 fnt\n|faint|p1a: Gengar\n|-damage|p2a: Crawdaunt|49\/100|[from] item: Life Orb\n|\n|upkeep\n|\n|t:|1641194123\n|switch|p1a: Rotom|Rotom-Wash|77\/100\n|-damage|p1a: Rotom|65\/100|[from] Stealth Rock\n|turn|20\n|\n|t:|1641194130\n|switch|p2a: Tangrowth|Tangrowth, M, shiny|100\/100 brn\n|move|p1a: Rotom|Volt Switch|p2a: Tangrowth\n|-resisted|p2a: Tangrowth\n|-damage|p2a: Tangrowth|81\/100 brn\n|\n|t:|1641194150\n|switch|p1a: Scizor|Scizor, M|100\/100|[from]move: Volt Switch\n|-damage|p1a: Scizor|88\/100|[from] Stealth Rock\n|\n|-heal|p2a: Tangrowth|87\/100 brn|[from] item: Leftovers\n|-damage|p2a: Tangrowth|81\/100 brn|[from] brn\n|upkeep\n|turn|21\n|\n|t:|1641194159\n|move|p1a: Scizor|Swords Dance|p1a: Scizor\n|-boost|p1a: Scizor|atk|2\n|move|p2a: Tangrowth|Giga Drain|p1a: Scizor\n|-resisted|p1a: Scizor\n|-damage|p1a: Scizor|77\/100\n|-heal|p2a: Tangrowth|85\/100 brn|[from] drain|[of] p1a: Scizor\n|\n|-heal|p2a: Tangrowth|91\/100 brn|[from] item: Leftovers\n|-damage|p2a: Tangrowth|85\/100 brn|[from] brn\n|upkeep\n|turn|22\n|j| Espeon Tails\n|\n|t:|1641194166\n|switch|p2a: Gliscor|Gliscor, F|81\/100 tox\n|move|p1a: Scizor|Swords Dance|p1a: Scizor\n|-boost|p1a: Scizor|atk|2\n|\n|-heal|p2a: Gliscor|93\/100 tox|[from] ability: Poison Heal\n|upkeep\n|turn|23\n|\n|t:|1641194175\n|move|p1a: Scizor|Bullet Punch|p2a: Gliscor\n|-damage|p2a: Gliscor|0 fnt\n|faint|p2a: Gliscor\n|-damage|p1a: Scizor|67\/100|[from] item: Life Orb\n|\n|upkeep\n|\n|t:|1641194180\n|switch|p2a: Clefable|Clefable, F, shiny|100\/100\n|turn|24\n|\n|t:|1641194183\n|move|p1a: Scizor|Bullet Punch|p2a: Clefable\n|-supereffective|p2a: Clefable\n|-damage|p2a: Clefable|27\/100\n|-damage|p1a: Scizor|57\/100|[from] item: Life Orb\n|move|p2a: Clefable|Flamethrower|p1a: Scizor\n|-supereffective|p1a: Scizor\n|-damage|p1a: Scizor|0 fnt\n|faint|p1a: Scizor\n|\n|-heal|p2a: Clefable|33\/100|[from] item: Leftovers\n|upkeep\n|\n|t:|1641194186\n|switch|p1a: Feraligatr|Feraligatr, M|100\/100\n|-damage|p1a: Feraligatr|88\/100|[from] Stealth Rock\n|turn|25\n|\n|t:|1641194192\n|move|p1a: Feraligatr|Dragon Dance|p1a: Feraligatr\n|-boost|p1a: Feraligatr|atk|1\n|-boost|p1a: Feraligatr|spe|1\n|move|p2a: Clefable|Moonblast|p1a: Feraligatr\n|-damage|p1a: Feraligatr|48\/100\n|-unboost|p1a: Feraligatr|spa|1\n|\n|-heal|p2a: Clefable|39\/100|[from] item: Leftovers\n|upkeep\n|turn|26\n|\n|t:|1641194200\n|move|p1a: Feraligatr|Waterfall|p2a: Clefable\n|-damage|p2a: Clefable|0 fnt\n|faint|p2a: Clefable\n|\n|upkeep\n|\n|t:|1641194202\n|switch|p2a: Tangrowth|Tangrowth, M, shiny|100\/100 brn\n|turn|27\n|\n|t:|1641194207\n|move|p1a: Feraligatr|Ice Punch|p2a: Tangrowth\n|-supereffective|p2a: Tangrowth\n|-damage|p2a: Tangrowth|37\/100 brn\n|move|p2a: Tangrowth|Giga Drain|p1a: Feraligatr\n|-supereffective|p1a: Feraligatr\n|-damage|p1a: Feraligatr|0 fnt\n|-heal|p2a: Tangrowth|56\/100 brn|[from] drain|[of] p1a: Feraligatr\n|faint|p1a: Feraligatr\n|\n|-heal|p2a: Tangrowth|62\/100 brn|[from] item: Leftovers\n|-damage|p2a: Tangrowth|56\/100 brn|[from] brn\n|upkeep\n|c|\u2606Alu9204|Gg\n|-message|Alu9204 forfeited.\n|\n|win|hanging triangle\n|raw|Alu9204's rating: 1484 &rarr; <strong>1469<\/strong><br \/>(-15 for losing)\n|raw|hanging triangle's rating: 1565 &rarr; <strong>1580<\/strong><br \/>(+15 for winning)\n|l|\u2606Alu9204\n|l| Espeon Tails\n","uploadtime":1641194257,"views":10,"p1id":"alu9204","p2id":"hangingtriangle","formatid":"gen8bdspou","rating":1469,"private":0,"password":null}