{"id":"gen8uu-1085674786","p1":"Complex UU","p2":"TryHonesty","format":"gen8uu","log":"|j|\u2606Complex UU\n|j|\u2606TryHonesty\n|player|p1|Complex UU|acetrainer-gen4|1551\n|player|p2|TryHonesty|1|1455\n|teamsize|p1|6\n|teamsize|p2|6\n|gametype|singles\n|gen|8\n|tier|[Gen 8] UU\n|rated|\n|html|<div class=\"broadcast-red\"><strong>UU is currently suspecting Mamoswine! For information on how to participate check out the <a href=\"https:\/\/www.smogon.com\/forums\/threads\/3661513\/\">suspect thread<\/a>.<\/strong><\/div>\n|clearpoke\n|poke|p1|Tsareena, F|\n|poke|p1|Golisopod, M|\n|poke|p1|Haxorus, F|\n|poke|p1|Aromatisse, M|\n|poke|p1|Bronzong|\n|poke|p1|Passimian, M|\n|poke|p2|Coalossal, F|\n|poke|p2|Rotom-Mow|\n|poke|p2|Doublade, F|\n|poke|p2|Frosmoth, F|\n|poke|p2|Mamoswine, M|\n|poke|p2|Gardevoir, M|\n|rule|Sleep Clause Mod: Limit one foe put to sleep\n|rule|Species Clause: Limit one of each Pok\u00e9mon\n|rule|OHKO Clause: OHKO moves are banned\n|rule|Evasion Moves Clause: Evasion moves are banned\n|rule|Endless Battle Clause: Forcing endless battles is banned\n|rule|HP Percentage Mod: HP is shown in percentages\n|rule|Dynamax Clause: You cannot dynamax\n|teampreview\n|inactive|Battle timer is ON: inactive players will automatically lose when time's up. (requested by TryHonesty)\n|\n|start\n|switch|p1a: Haxorus|Haxorus, F|100\/100\n|switch|p2a: Mamoswine|Mamoswine, M|100\/100\n|-ability|p1a: Haxorus|Mold Breaker\n|turn|1\n|\n|switch|p1a: Golisopod|Golisopod, M|100\/100\n|switch|p2a: Gardevoir|Gardevoir, M|100\/100\n|-ability|p2a: Gardevoir|Emergency Exit|[from] ability: Trace|[of] p1a: Golisopod\n|\n|upkeep\n|turn|2\n|\n|move|p1a: Golisopod|First Impression|p2a: Gardevoir\n|-damage|p2a: Gardevoir|10\/100\n|-activate|p2a: Gardevoir|ability: Emergency Exit\n|\n|switch|p2a: Rotom|Rotom-Mow|100\/100\n|\n|upkeep\n|turn|3\n|\n|switch|p1a: Bronzong|Bronzong|100\/100\n|move|p2a: Rotom|Nasty Plot|p2a: Rotom\n|-boost|p2a: Rotom|spa|2\n|\n|upkeep\n|turn|4\n|\n|switch|p2a: Coalossal|Coalossal, F|100\/100\n|move|p1a: Bronzong|Toxic|p2a: Coalossal\n|-status|p2a: Coalossal|tox\n|\n|-damage|p2a: Coalossal|94\/100 tox|[from] psn\n|upkeep\n|turn|5\n|\n|move|p1a: Bronzong|Stealth Rock|p2a: Coalossal\n|-sidestart|p2: TryHonesty|move: Stealth Rock\n|move|p2a: Coalossal|Stealth Rock|p1a: Bronzong\n|-sidestart|p1: Complex UU|move: Stealth Rock\n|\n|-heal|p2a: Coalossal|100\/100 tox|[from] item: Leftovers\n|-damage|p2a: Coalossal|88\/100 tox|[from] psn\n|upkeep\n|turn|6\n|\n|move|p1a: Bronzong|Protect|p1a: Bronzong\n|-singleturn|p1a: Bronzong|Protect\n|move|p2a: Coalossal|Rapid Spin|p1a: Bronzong\n|-activate|p1a: Bronzong|move: Protect\n|\n|-heal|p2a: Coalossal|94\/100 tox|[from] item: Leftovers\n|-damage|p2a: Coalossal|76\/100 tox|[from] psn\n|upkeep\n|turn|7\n|\n|move|p1a: Bronzong|Psychic|p2a: Coalossal\n|-damage|p2a: Coalossal|52\/100 tox\n|move|p2a: Coalossal|Rapid Spin|p1a: Bronzong\n|-resisted|p1a: Bronzong\n|-damage|p1a: Bronzong|97\/100\n|-boost|p2a: Coalossal|spe|1\n|-sideend|p2: TryHonesty|Stealth Rock|[from] move: Rapid Spin|[of] p2a: Coalossal\n|\n|-heal|p2a: Coalossal|58\/100 tox|[from] item: Leftovers\n|-heal|p1a: Bronzong|100\/100|[from] item: Leftovers\n|-damage|p2a: Coalossal|33\/100 tox|[from] psn\n|upkeep\n|turn|8\n|\n|move|p2a: Coalossal|Spikes|p1a: Bronzong\n|-sidestart|p1: Complex UU|Spikes\n|move|p1a: Bronzong|Stealth Rock|p2a: Coalossal\n|-sidestart|p2: TryHonesty|move: Stealth Rock\n|\n|-heal|p2a: Coalossal|39\/100 tox|[from] item: Leftovers\n|-damage|p2a: Coalossal|9\/100 tox|[from] psn\n|upkeep\n|turn|9\n|\n|move|p1a: Bronzong|Protect|p1a: Bronzong\n|-singleturn|p1a: Bronzong|Protect\n|move|p2a: Coalossal|Spikes|p1a: Bronzong\n|-sidestart|p1: Complex UU|Spikes\n|\n|-heal|p2a: Coalossal|15\/100 tox|[from] item: Leftovers\n|-damage|p2a: Coalossal|0 fnt|[from] psn\n|faint|p2a: Coalossal\n|upkeep\n|\n|switch|p2a: Rotom|Rotom-Mow|100\/100\n|-damage|p2a: Rotom|88\/100|[from] Stealth Rock\n|turn|10\n|\n|move|p2a: Rotom|Nasty Plot|p2a: Rotom\n|-boost|p2a: Rotom|spa|2\n|move|p1a: Bronzong|Toxic|p2a: Rotom\n|-status|p2a: Rotom|tox\n|\n|-damage|p2a: Rotom|82\/100 tox|[from] psn\n|upkeep\n|turn|11\n|\n|move|p2a: Rotom|Nasty Plot|p2a: Rotom\n|-boost|p2a: Rotom|spa|2\n|move|p1a: Bronzong|Psychic|p2a: Rotom\n|-damage|p2a: Rotom|50\/100 tox\n|\n|-damage|p2a: Rotom|38\/100 tox|[from] psn\n|upkeep\n|turn|12\n|\n|move|p1a: Bronzong|Protect|p1a: Bronzong\n|-singleturn|p1a: Bronzong|Protect\n|move|p2a: Rotom|Thunderbolt|p1a: Bronzong\n|-activate|p1a: Bronzong|move: Protect\n|\n|-damage|p2a: Rotom|19\/100 tox|[from] psn\n|upkeep\n|turn|13\n|\n|move|p1a: Bronzong|Protect||[still]\n|-fail|p1a: Bronzong\n|move|p2a: Rotom|Thunderbolt|p1a: Bronzong\n|-damage|p1a: Bronzong|3\/100\n|-damage|p2a: Rotom|9\/100 tox|[from] item: Life Orb\n|\n|-heal|p1a: Bronzong|9\/100|[from] item: Leftovers\n|-damage|p2a: Rotom|0 fnt|[from] psn\n|faint|p2a: Rotom\n|upkeep\n|\n|switch|p2a: Mamoswine|Mamoswine, M|100\/100\n|-damage|p2a: Mamoswine|88\/100|[from] Stealth Rock\n|turn|14\n|\n|move|p2a: Mamoswine|Knock Off|p1a: Bronzong\n|-supereffective|p1a: Bronzong\n|-damage|p1a: Bronzong|0 fnt\n|-enditem|p1a: Bronzong|Leftovers|[from] move: Knock Off|[of] p2a: Mamoswine\n|-damage|p2a: Mamoswine|78\/100|[from] item: Life Orb\n|faint|p1a: Bronzong\n|\n|upkeep\n|\n|switch|p1a: Golisopod|Golisopod, M|100\/100\n|turn|15\n|\n|switch|p2a: Gardevoir|Gardevoir, M|10\/100\n|-damage|p2a: Gardevoir|0 fnt|[from] Stealth Rock\n|faint|p2a: Gardevoir\n|move|p1a: Golisopod|Liquidation|p2: Gardevoir|[notarget]\n|-fail|p1a: Golisopod\n|\n|upkeep\n|\n|switch|p2a: Doublade|Doublade, F|100\/100\n|-damage|p2a: Doublade|94\/100|[from] Stealth Rock\n|turn|16\n|\n|move|p1a: Golisopod|Knock Off|p2a: Doublade\n|-supereffective|p2a: Doublade\n|-damage|p2a: Doublade|56\/100\n|-enditem|p2a: Doublade|Eviolite|[from] move: Knock Off|[of] p1a: Golisopod\n|move|p2a: Doublade|Swords Dance|p2a: Doublade\n|-boost|p2a: Doublade|atk|2\n|\n|upkeep\n|turn|17\n|\n|move|p2a: Doublade|Shadow Sneak|p1a: Golisopod\n|-damage|p1a: Golisopod|68\/100\n|move|p1a: Golisopod|Liquidation|p2a: Doublade\n|-damage|p2a: Doublade|23\/100\n|-unboost|p2a: Doublade|def|1\n|\n|upkeep\n|turn|18\n|\n|move|p2a: Doublade|Shadow Sneak|p1a: Golisopod\n|-damage|p1a: Golisopod|37\/100\n|-activate|p1a: Golisopod|ability: Emergency Exit\n|\n|switch|p1a: Tsareena|Tsareena, F|100\/100\n|\n|upkeep\n|turn|19\n|\n|move|p1a: Tsareena|Knock Off|p2a: Doublade\n|-supereffective|p2a: Doublade\n|-damage|p2a: Doublade|0 fnt\n|faint|p2a: Doublade\n|\n|upkeep\n|\n|switch|p2a: Mamoswine|Mamoswine, M|78\/100\n|-damage|p2a: Mamoswine|66\/100|[from] Stealth Rock\n|turn|20\n|\n|move|p1a: Tsareena|Rapid Spin|p2a: Mamoswine\n|-damage|p2a: Mamoswine|47\/100\n|-boost|p1a: Tsareena|spe|1\n|-sideend|p1: Complex UU|Spikes|[from] move: Rapid Spin|[of] p1a: Tsareena\n|-sideend|p1: Complex UU|Stealth Rock|[from] move: Rapid Spin|[of] p1a: Tsareena\n|move|p2a: Mamoswine|Knock Off|p1a: Tsareena\n|-damage|p1a: Tsareena|40\/100\n|-enditem|p1a: Tsareena|Heavy-Duty Boots|[from] move: Knock Off|[of] p2a: Mamoswine\n|-damage|p2a: Mamoswine|37\/100|[from] item: Life Orb\n|\n|upkeep\n|turn|21\n|\n|move|p1a: Tsareena|Knock Off|p2a: Mamoswine\n|-damage|p2a: Mamoswine|0 fnt\n|-enditem|p2a: Mamoswine|Life Orb|[from] move: Knock Off|[of] p1a: Tsareena\n|faint|p2a: Mamoswine\n|\n|upkeep\n|-message|TryHonesty forfeited.\n|\n|win|Complex UU\n|l|\u2606TryHonesty\n","uploadtime":1585233422,"views":5,"p1id":"complexuu","p2id":"tryhonesty","formatid":"gen8uu","rating":0,"private":0,"password":null}