{"id":"gen8ou-1652447364","p1":"RggV_YT","p2":"pedallo","format":"gen8ou","log":"|j|\u2606RggV_YT\n|j|\u2606pedallo\n|t:|1661921244\n|gametype|singles\n|player|p1|RggV_YT|scientist-gen4|1562\n|player|p2|pedallo|grimsley|1534\n|teamsize|p1|6\n|teamsize|p2|6\n|gen|8\n|tier|[Gen 8] OU\n|rated|\n|rule|Sleep Clause Mod: Limit one foe put to sleep\n|rule|Species Clause: Limit one of each Pok\u00e9mon\n|rule|OHKO Clause: OHKO moves are banned\n|rule|Evasion Items Clause: Evasion items are banned\n|rule|Evasion Moves Clause: Evasion moves are banned\n|rule|Endless Battle Clause: Forcing endless battles is banned\n|rule|HP Percentage Mod: HP is shown in percentages\n|rule|Dynamax Clause: You cannot dynamax\n|clearpoke\n|poke|p1|Rotom-Wash|\n|poke|p1|Cobalion|\n|poke|p1|Hitmonlee, M|\n|poke|p1|Landorus-Therian, M|\n|poke|p1|Volcarona, M|\n|poke|p1|Dragapult, F|\n|poke|p2|Blacephalon|\n|poke|p2|Landorus-Therian, M|\n|poke|p2|Magnezone|\n|poke|p2|Tyranitar, F|\n|poke|p2|Tapu Lele|\n|poke|p2|Buzzwole|\n|teampreview\n|inactive|Battle timer is ON: inactive players will automatically lose when time's up. (requested by RggV_YT)\n|\n|t:|1661921266\n|start\n|switch|p1a: Dragapult|Dragapult, F|100\/100\n|switch|p2a: Tapu Lele|Tapu Lele|100\/100\n|-fieldstart|move: Psychic Terrain|[from] ability: Psychic Surge|[of] p2a: Tapu Lele\n|turn|1\n|\n|t:|1661921277\n|switch|p1a: Volcarona|Volcarona, M|100\/100\n|switch|p2a: Tyranitar|Tyranitar, F|100\/100\n|-weather|Sandstorm|[from] ability: Sand Stream|[of] p2a: Tyranitar\n|\n|-weather|Sandstorm|[upkeep]\n|-damage|p1a: Volcarona|94\/100|[from] Sandstorm\n|upkeep\n|turn|2\n|\n|t:|1661921294\n|switch|p1a: Cobalion|Cobalion|100\/100\n|move|p2a: Tyranitar|Rock Blast|p1a: Cobalion\n|-resisted|p1a: Cobalion\n|-damage|p1a: Cobalion|98\/100\n|-resisted|p1a: Cobalion\n|-crit|p1a: Cobalion\n|-damage|p1a: Cobalion|95\/100\n|-hitcount|p1a: Cobalion|2\n|\n|-weather|Sandstorm|[upkeep]\n|upkeep\n|turn|3\n|\n|t:|1661921304\n|switch|p2a: Buzzwole|Buzzwole|100\/100\n|move|p1a: Cobalion|Stealth Rock|p2a: Buzzwole\n|-sidestart|p2: pedallo|move: Stealth Rock\n|\n|-weather|Sandstorm|[upkeep]\n|-damage|p2a: Buzzwole|94\/100|[from] Sandstorm\n|upkeep\n|turn|4\n|\n|t:|1661921311\n|move|p1a: Cobalion|Volt Switch|p2a: Buzzwole\n|-damage|p2a: Buzzwole|75\/100\n|\n|t:|1661921314\n|switch|p1a: Volcarona|Volcarona, M|94\/100|[from]move: Volt Switch\n|move|p2a: Buzzwole|Close Combat|p1a: Volcarona\n|-resisted|p1a: Volcarona\n|-damage|p1a: Volcarona|56\/100\n|-unboost|p2a: Buzzwole|def|1\n|-unboost|p2a: Buzzwole|spd|1\n|\n|-weather|Sandstorm|[upkeep]\n|-damage|p1a: Volcarona|50\/100|[from] Sandstorm\n|-damage|p2a: Buzzwole|69\/100|[from] Sandstorm\n|upkeep\n|turn|5\n|\n|t:|1661921324\n|switch|p2a: Tyranitar|Tyranitar, F|100\/100\n|-damage|p2a: Tyranitar|88\/100|[from] Stealth Rock\n|move|p1a: Volcarona|Roost|p1a: Volcarona\n|-heal|p1a: Volcarona|99\/100\n|-singleturn|p1a: Volcarona|move: Roost\n|\n|-weather|none\n|-heal|p2a: Tyranitar|94\/100|[from] item: Leftovers\n|-fieldend|move: Psychic Terrain\n|upkeep\n|turn|6\n|\n|t:|1661921333\n|switch|p1a: Cobalion|Cobalion|95\/100\n|move|p2a: Tyranitar|Stealth Rock|p1a: Cobalion\n|-sidestart|p1: RggV_YT|move: Stealth Rock\n|\n|-heal|p2a: Tyranitar|100\/100|[from] item: Leftovers\n|upkeep\n|turn|7\n|\n|t:|1661921340\n|switch|p2a: Landorus|Landorus-Therian, M|100\/100\n|-damage|p2a: Landorus|88\/100|[from] Stealth Rock\n|-ability|p2a: Landorus|Intimidate|boost\n|-unboost|p1a: Cobalion|atk|1\n|move|p1a: Cobalion|Iron Head|p2a: Landorus\n|-damage|p2a: Landorus|66\/100\n|\n|-heal|p2a: Landorus|72\/100|[from] item: Leftovers\n|upkeep\n|turn|8\n|\n|t:|1661921351\n|move|p1a: Cobalion|Iron Head|p2a: Landorus\n|-damage|p2a: Landorus|52\/100\n|move|p2a: Landorus|U-turn|p1a: Cobalion\n|-resisted|p1a: Cobalion\n|-damage|p1a: Cobalion|91\/100\n|-damage|p2a: Landorus|36\/100|[from] item: Rocky Helmet|[of] p1a: Cobalion\n|\n|t:|1661921359\n|switch|p2a: Blacephalon|Blacephalon|100\/100|[from]move: U-turn\n|-damage|p2a: Blacephalon|76\/100|[from] Stealth Rock\n|\n|upkeep\n|turn|9\n|inactive|RggV_YT has 120 seconds left.\n|\n|t:|1661921394\n|switch|p1a: Rotom|Rotom-Wash|100\/100\n|-damage|p1a: Rotom|88\/100|[from] Stealth Rock\n|move|p2a: Blacephalon|Overheat|p1a: Rotom\n|-resisted|p1a: Rotom\n|-damage|p1a: Rotom|58\/100\n|-unboost|p2a: Blacephalon|spa|2\n|\n|-heal|p1a: Rotom|65\/100|[from] item: Leftovers\n|upkeep\n|turn|10\n|inactive|RggV_YT has 120 seconds left.\n|\n|t:|1661921405\n|switch|p2a: Tyranitar|Tyranitar, F|100\/100\n|-damage|p2a: Tyranitar|88\/100|[from] Stealth Rock\n|-weather|Sandstorm|[from] ability: Sand Stream|[of] p2a: Tyranitar\n|move|p1a: Rotom|Hydro Pump|p2a: Tyranitar\n|-supereffective|p2a: Tyranitar\n|-damage|p2a: Tyranitar|55\/100\n|\n|-weather|Sandstorm|[upkeep]\n|-damage|p1a: Rotom|58\/100|[from] Sandstorm\n|-heal|p1a: Rotom|65\/100|[from] item: Leftovers\n|-heal|p2a: Tyranitar|61\/100|[from] item: Leftovers\n|upkeep\n|turn|11\n|inactive|RggV_YT has 120 seconds left.\n|inactive|RggV_YT has 90 seconds left.\n|\n|t:|1661921447\n|move|p1a: Rotom|Volt Switch|p2a: Tyranitar\n|-damage|p2a: Tyranitar|50\/100\n|\n|t:|1661921449\n|switch|p1a: Cobalion|Cobalion|91\/100|[from]move: Volt Switch\n|-damage|p1a: Cobalion|88\/100|[from] Stealth Rock\n|move|p2a: Tyranitar|Earthquake|p1a: Cobalion\n|-supereffective|p1a: Cobalion\n|-damage|p1a: Cobalion|37\/100\n|\n|-weather|Sandstorm|[upkeep]\n|-heal|p2a: Tyranitar|56\/100|[from] item: Leftovers\n|upkeep\n|turn|12\n|\n|t:|1661921459\n|switch|p2a: Landorus|Landorus-Therian, M|36\/100\n|-damage|p2a: Landorus|24\/100|[from] Stealth Rock\n|-ability|p2a: Landorus|Intimidate|boost\n|-unboost|p1a: Cobalion|atk|1\n|move|p1a: Cobalion|Volt Switch|p2a: Landorus\n|-immune|p2a: Landorus\n|\n|-weather|Sandstorm|[upkeep]\n|-heal|p2a: Landorus|30\/100|[from] item: Leftovers\n|upkeep\n|turn|13\n|\n|t:|1661921469\n|switch|p1a: Rotom|Rotom-Wash|65\/100\n|-damage|p1a: Rotom|52\/100|[from] Stealth Rock\n|move|p2a: Landorus|Earthquake|p1a: Rotom\n|-immune|p1a: Rotom|[from] ability: Levitate\n|\n|-weather|Sandstorm|[upkeep]\n|-damage|p1a: Rotom|46\/100|[from] Sandstorm\n|-heal|p1a: Rotom|52\/100|[from] item: Leftovers\n|-heal|p2a: Landorus|36\/100|[from] item: Leftovers\n|upkeep\n|turn|14\n|\n|t:|1661921480\n|move|p1a: Rotom|Hydro Pump|p2a: Landorus\n|-supereffective|p2a: Landorus\n|-damage|p2a: Landorus|0 fnt\n|faint|p2a: Landorus\n|\n|-weather|none\n|-heal|p1a: Rotom|58\/100|[from] item: Leftovers\n|upkeep\n|\n|t:|1661921487\n|switch|p2a: Tapu Lele|Tapu Lele|100\/100\n|-damage|p2a: Tapu Lele|88\/100|[from] Stealth Rock\n|-fieldstart|move: Psychic Terrain|[from] ability: Psychic Surge|[of] p2a: Tapu Lele\n|turn|15\n|\n|t:|1661921495\n|switch|p1a: Cobalion|Cobalion|37\/100\n|-damage|p1a: Cobalion|34\/100|[from] Stealth Rock\n|move|p2a: Tapu Lele|Psychic|p1a: Cobalion\n|-damage|p1a: Cobalion|0 fnt\n|faint|p1a: Cobalion\n|\n|upkeep\n|inactive|RggV_YT has 120 seconds left.\n|\n|t:|1661921516\n|switch|p1a: Landorus|Landorus-Therian, M|100\/100\n|-damage|p1a: Landorus|88\/100|[from] Stealth Rock\n|-ability|p1a: Landorus|Intimidate|boost\n|-unboost|p2a: Tapu Lele|atk|1\n|turn|16\n|\n|t:|1661921520\n|move|p1a: Landorus|Earthquake|p2a: Tapu Lele\n|-damage|p2a: Tapu Lele|0 fnt\n|faint|p2a: Tapu Lele\n|\n|upkeep\n|\n|t:|1661921530\n|switch|p2a: Magnezone|Magnezone|100\/100\n|-damage|p2a: Magnezone|94\/100|[from] Stealth Rock\n|-item|p2a: Magnezone|Air Balloon\n|turn|17\n|\n|t:|1661921537\n|switch|p1a: Volcarona|Volcarona, M|99\/100\n|move|p2a: Magnezone|Magnet Rise|p2a: Magnezone\n|-start|p2a: Magnezone|Magnet Rise\n|\n|upkeep\n|turn|18\n|\n|t:|1661921543\n|switch|p2a: Tyranitar|Tyranitar, F|56\/100\n|-damage|p2a: Tyranitar|44\/100|[from] Stealth Rock\n|-weather|Sandstorm|[from] ability: Sand Stream|[of] p2a: Tyranitar\n|move|p1a: Volcarona|Flamethrower|p2a: Tyranitar\n|-resisted|p2a: Tyranitar\n|-damage|p2a: Tyranitar|36\/100\n|\n|-weather|Sandstorm|[upkeep]\n|-damage|p1a: Volcarona|94\/100|[from] Sandstorm\n|-heal|p2a: Tyranitar|42\/100|[from] item: Leftovers\n|upkeep\n|turn|19\n|\n|t:|1661921558\n|switch|p1a: Landorus|Landorus-Therian, M|88\/100\n|-damage|p1a: Landorus|76\/100|[from] Stealth Rock\n|-ability|p1a: Landorus|Intimidate|boost\n|-unboost|p2a: Tyranitar|atk|1\n|move|p2a: Tyranitar|Rock Blast|p1a: Landorus\n|-damage|p1a: Landorus|67\/100\n|-damage|p1a: Landorus|58\/100\n|-damage|p1a: Landorus|50\/100\n|-damage|p1a: Landorus|41\/100\n|-damage|p1a: Landorus|32\/100\n|-hitcount|p1a: Landorus|5\n|\n|-weather|Sandstorm|[upkeep]\n|-heal|p2a: Tyranitar|48\/100|[from] item: Leftovers\n|-fieldend|move: Psychic Terrain\n|upkeep\n|turn|20\n|\n|t:|1661921573\n|switch|p2a: Magnezone|Magnezone|94\/100\n|-damage|p2a: Magnezone|88\/100|[from] Stealth Rock\n|-item|p2a: Magnezone|Air Balloon\n|move|p1a: Landorus|U-turn|p2a: Magnezone\n|-resisted|p2a: Magnezone\n|-damage|p2a: Magnezone|76\/100\n|-enditem|p2a: Magnezone|Air Balloon\n|\n|t:|1661921575\n|switch|p1a: Hitmonlee|Hitmonlee, M|100\/100|[from]move: U-turn\n|-damage|p1a: Hitmonlee|94\/100|[from] Stealth Rock\n|\n|-weather|Sandstorm|[upkeep]\n|-damage|p1a: Hitmonlee|88\/100|[from] Sandstorm\n|upkeep\n|turn|21\n|\n|t:|1661921587\n|switch|p2a: Buzzwole|Buzzwole|69\/100\n|-damage|p2a: Buzzwole|56\/100|[from] Stealth Rock\n|move|p1a: Hitmonlee|Earthquake|p2a: Buzzwole\n|-resisted|p2a: Buzzwole\n|-damage|p2a: Buzzwole|45\/100\n|\n|-weather|Sandstorm|[upkeep]\n|-damage|p1a: Hitmonlee|82\/100|[from] Sandstorm\n|-damage|p2a: Buzzwole|38\/100|[from] Sandstorm\n|upkeep\n|turn|22\n|j| Naviah\n|\n|t:|1661921597\n|move|p1a: Hitmonlee|Bounce||[still]\n|-prepare|p1a: Hitmonlee|Bounce\n|-enditem|p1a: Hitmonlee|Power Herb\n|-anim|p1a: Hitmonlee|Bounce|p2a: Buzzwole\n|-supereffective|p2a: Buzzwole\n|-damage|p2a: Buzzwole|0 fnt\n|-damage|p1a: Hitmonlee|65\/100|[from] item: Rocky Helmet|[of] p2a: Buzzwole\n|faint|p2a: Buzzwole\n|\n|-weather|none\n|upkeep\n|\n|t:|1661921605\n|switch|p2a: Blacephalon|Blacephalon|76\/100\n|-damage|p2a: Blacephalon|51\/100|[from] Stealth Rock\n|turn|23\n|\n|t:|1661921609\n|move|p1a: Hitmonlee|Earthquake|p2a: Blacephalon\n|-supereffective|p2a: Blacephalon\n|-damage|p2a: Blacephalon|0 fnt\n|faint|p2a: Blacephalon\n|\n|upkeep\n|c|\u2606RggV_YT|Gg\n|-message|pedallo forfeited.\n|\n|win|RggV_YT\n|raw|RggV_YT's rating: 1562 &rarr; <strong>1580<\/strong><br \/>(+18 for winning)\n|raw|pedallo's rating: 1534 &rarr; <strong>1516<\/strong><br \/>(-18 for losing)\n|l|\u2606pedallo\n","uploadtime":1661921634,"views":43,"p1id":"rggvyt","p2id":"pedallo","formatid":"gen8ou","rating":1516,"private":0,"password":null}