{"id":"gen8monotype-1697198579","p1":"Hyena Agenda","p2":"tesla roadster","format":"gen8monotype","log":"|j|\u2606Hyena Agenda\n|j|\u2606tesla roadster\n|t:|1666974771\n|gametype|singles\n|player|p1|Hyena Agenda|proton|1623\n|player|p2|tesla roadster|265|1733\n|teamsize|p1|6\n|teamsize|p2|6\n|gen|8\n|tier|[Gen 8] Monotype\n|rated|\n|rule|Same Type Clause: Pok\u00e9mon in a team must share a type\n|rule|Sleep Clause Mod: Limit one foe put to sleep\n|rule|Species Clause: Limit one of each Pok\u00e9mon\n|rule|OHKO Clause: OHKO moves are banned\n|rule|Evasion Items Clause: Evasion items are banned\n|rule|Evasion Moves Clause: Evasion moves are banned\n|rule|Endless Battle Clause: Forcing endless battles is banned\n|rule|HP Percentage Mod: HP is shown in percentages\n|rule|Dynamax Clause: You cannot dynamax\n|clearpoke\n|poke|p1|Appletun, F|\n|poke|p1|Rillaboom, F|\n|poke|p1|Zarude-Dada|\n|poke|p1|Cradily, M|\n|poke|p1|Ferrothorn, F|\n|poke|p1|Whimsicott, M|\n|poke|p2|Froslass, F|\n|poke|p2|Spectrier|\n|poke|p2|Mimikyu, M|\n|poke|p2|Aegislash, M|\n|poke|p2|Blacephalon|\n|poke|p2|Dragapult, M|\n|teampreview\n|\n|t:|1666974782\n|start\n|switch|p1a: Cradily|Cradily, M|100\/100\n|switch|p2a: Froslass|Froslass, F|100\/100\n|turn|1\n|\n|t:|1666974787\n|move|p2a: Froslass|Triple Axel|p1a: Cradily\n|-supereffective|p1a: Cradily\n|-damage|p1a: Cradily|86\/100\n|-supereffective|p1a: Cradily\n|-damage|p1a: Cradily|60\/100\n|-supereffective|p1a: Cradily\n|-damage|p1a: Cradily|18\/100\n|-hitcount|p1a: Cradily|3\n|move|p1a: Cradily|Rock Blast|p2a: Froslass|[miss]\n|-miss|p1a: Cradily|p2a: Froslass\n|\n|-heal|p1a: Cradily|24\/100|[from] item: Leftovers\n|upkeep\n|turn|2\n|j| UnderTheWinfluence\n|\n|t:|1666974805\n|switch|p1a: Ferrothorn|Ferrothorn, F|100\/100\n|move|p2a: Froslass|Triple Axel|p1a: Ferrothorn|[miss]\n|-miss|p2a: Froslass|p1a: Ferrothorn\n|\n|upkeep\n|turn|3\n|\n|t:|1666974809\n|move|p2a: Froslass|Taunt|p1a: Ferrothorn\n|-start|p1a: Ferrothorn|move: Taunt\n|move|p1a: Ferrothorn|Iron Head|p2a: Froslass\n|-supereffective|p2a: Froslass\n|-damage|p2a: Froslass|15\/100\n|-start|p1a: Ferrothorn|Disable|Iron Head|[from] ability: Cursed Body|[of] p2a: Froslass\n|\n|upkeep\n|turn|4\n|\n|t:|1666974828\n|switch|p1a: Whimsicott|Whimsicott, M|100\/100\n|move|p2a: Froslass|Spikes|p1a: Whimsicott\n|-sidestart|p1: Hyena Agenda|Spikes\n|\n|upkeep\n|turn|5\n|\n|t:|1666974834\n|move|p1a: Whimsicott|Moonblast|p2a: Froslass\n|-damage|p2a: Froslass|0 fnt\n|faint|p2a: Froslass\n|\n|upkeep\n|\n|t:|1666974848\n|switch|p2a: Blacephalon|Blacephalon|100\/100\n|turn|6\n|\n|t:|1666974857\n|move|p1a: Whimsicott|Substitute|p1a: Whimsicott\n|-start|p1a: Whimsicott|Substitute\n|-damage|p1a: Whimsicott|76\/100\n|move|p2a: Blacephalon|Flamethrower|p1a: Whimsicott\n|-supereffective|p1a: Whimsicott\n|-crit|p1a: Whimsicott\n|-end|p1a: Whimsicott|Substitute\n|\n|upkeep\n|turn|7\n|\n|t:|1666974867\n|switch|p1a: Cradily|Cradily, M|24\/100\n|-damage|p1a: Cradily|12\/100|[from] Spikes\n|move|p2a: Blacephalon|Flamethrower|p1a: Cradily\n|-damage|p1a: Cradily|0 fnt\n|faint|p1a: Cradily\n|-ability|p2a: Blacephalon|Beast Boost|boost\n|-boost|p2a: Blacephalon|spa|1\n|\n|upkeep\n|\n|t:|1666974870\n|switch|p1a: Appletun|Appletun, F|100\/100\n|turn|8\n|\n|t:|1666974878\n|switch|p2a: Mimikyu|Mimikyu, M|100\/100\n|move|p1a: Appletun|High Horsepower|p2a: Mimikyu\n|-activate|p2a: Mimikyu|ability: Disguise\n|-damage|p2a: Mimikyu|100\/100\n|detailschange|p2a: Mimikyu|Mimikyu-Busted, M\n|-damage|p2a: Mimikyu|88\/100|[from] pokemon: Mimikyu-Busted\n|\n|upkeep\n|turn|9\n|\n|t:|1666974885\n|switch|p1a: Ferrothorn|Ferrothorn, F|100\/100\n|-damage|p1a: Ferrothorn|88\/100|[from] Spikes\n|move|p2a: Mimikyu|Swords Dance|p2a: Mimikyu\n|-boost|p2a: Mimikyu|atk|2\n|\n|-heal|p1a: Ferrothorn|94\/100|[from] item: Leftovers\n|upkeep\n|turn|10\n|\n|t:|1666974888\n|move|p2a: Mimikyu|Drain Punch|p1a: Ferrothorn\n|-supereffective|p1a: Ferrothorn\n|-damage|p1a: Ferrothorn|33\/100\n|-heal|p2a: Mimikyu|100\/100|[from] drain|[of] p1a: Ferrothorn\n|-damage|p2a: Mimikyu|88\/100|[from] ability: Iron Barbs|[of] p1a: Ferrothorn\n|-damage|p2a: Mimikyu|78\/100|[from] item: Life Orb\n|move|p1a: Ferrothorn|Leech Seed|p2a: Mimikyu\n|-start|p2a: Mimikyu|move: Leech Seed\n|\n|-heal|p1a: Ferrothorn|39\/100|[from] item: Leftovers\n|-damage|p2a: Mimikyu|66\/100|[from] Leech Seed|[of] p1a: Ferrothorn\n|-heal|p1a: Ferrothorn|48\/100|[silent]\n|upkeep\n|turn|11\n|\n|t:|1666974892\n|move|p2a: Mimikyu|Drain Punch|p1a: Ferrothorn\n|-supereffective|p1a: Ferrothorn\n|-damage|p1a: Ferrothorn|0 fnt\n|-heal|p2a: Mimikyu|99\/100|[from] drain|[of] p1a: Ferrothorn\n|-damage|p2a: Mimikyu|87\/100|[from] ability: Iron Barbs|[of] p1a: Ferrothorn\n|faint|p1a: Ferrothorn\n|-damage|p2a: Mimikyu|77\/100|[from] item: Life Orb\n|\n|upkeep\n|j| try010\n|\n|t:|1666974901\n|switch|p1a: Zarude|Zarude-Dada|100\/100\n|turn|12\n|\n|t:|1666974906\n|move|p2a: Mimikyu|Shadow Sneak|p1a: Zarude\n|-resisted|p1a: Zarude\n|-damage|p1a: Zarude|82\/100\n|-damage|p2a: Mimikyu|67\/100|[from] item: Life Orb\n|move|p1a: Zarude|Darkest Lariat|p2a: Mimikyu\n|-damage|p2a: Mimikyu|0 fnt\n|faint|p2a: Mimikyu\n|\n|upkeep\n|\n|t:|1666974910\n|switch|p2a: Blacephalon|Blacephalon|100\/100\n|turn|13\n|\n|t:|1666974912\n|switch|p1a: Appletun|Appletun, F|100\/100\n|move|p2a: Blacephalon|Flamethrower|p1a: Appletun\n|-damage|p1a: Appletun|73\/100\n|\n|upkeep\n|turn|14\n|\n|t:|1666974918\n|switch|p2a: Aegislash|Aegislash, M|100\/100\n|-item|p2a: Aegislash|Air Balloon\n|move|p1a: Appletun|Leech Seed|p2a: Aegislash\n|-start|p2a: Aegislash|move: Leech Seed\n|\n|-damage|p2a: Aegislash|88\/100|[from] Leech Seed|[of] p1a: Appletun\n|-heal|p1a: Appletun|82\/100|[silent]\n|upkeep\n|turn|15\n|\n|t:|1666974925\n|-formechange|p2a: Aegislash|Aegislash-Blade||[from] ability: Stance Change\n|move|p2a: Aegislash|Iron Head|p1a: Appletun\n|-damage|p1a: Appletun|48\/100\n|move|p1a: Appletun|Apple Acid|p2a: Aegislash\n|-resisted|p2a: Aegislash\n|-damage|p2a: Aegislash|64\/100\n|-unboost|p2a: Aegislash|spd|1\n|-enditem|p2a: Aegislash|Air Balloon\n|\n|-damage|p2a: Aegislash|51\/100|[from] Leech Seed|[of] p1a: Appletun\n|-heal|p1a: Appletun|58\/100|[silent]\n|upkeep\n|turn|16\n|\n|t:|1666974937\n|move|p2a: Aegislash|Swords Dance|p2a: Aegislash\n|-boost|p2a: Aegislash|atk|2\n|move|p1a: Appletun|Recover|p1a: Appletun\n|-heal|p1a: Appletun|100\/100\n|\n|-damage|p2a: Aegislash|39\/100|[from] Leech Seed|[of] p1a: Appletun\n|upkeep\n|turn|17\n|j| paolode99\n|\n|t:|1666974943\n|move|p2a: Aegislash|Iron Head|p1a: Appletun\n|-damage|p1a: Appletun|38\/100\n|move|p1a: Appletun|High Horsepower|p2a: Aegislash\n|-supereffective|p2a: Aegislash\n|-damage|p2a: Aegislash|0 fnt\n|faint|p2a: Aegislash\n|\n|upkeep\n|\n|t:|1666974949\n|switch|p2a: Dragapult|Dragapult, M|100\/100\n|turn|18\n|\n|t:|1666974951\n|switch|p1a: Whimsicott|Whimsicott, M|76\/100\n|move|p2a: Dragapult|Dragon Darts|p1a: Whimsicott\n|-immune|p1a: Whimsicott\n|\n|upkeep\n|turn|19\n|\n|t:|1666974955\n|switch|p2a: Blacephalon|Blacephalon|100\/100\n|move|p1a: Whimsicott|Leech Seed|p2a: Blacephalon\n|-start|p2a: Blacephalon|move: Leech Seed\n|\n|-damage|p2a: Blacephalon|88\/100|[from] Leech Seed|[of] p1a: Whimsicott\n|-heal|p1a: Whimsicott|87\/100|[silent]\n|upkeep\n|turn|20\n|\n|t:|1666974958\n|move|p1a: Whimsicott|Substitute|p1a: Whimsicott\n|-start|p1a: Whimsicott|Substitute\n|-damage|p1a: Whimsicott|62\/100\n|move|p2a: Blacephalon|Flamethrower|p1a: Whimsicott\n|-supereffective|p1a: Whimsicott\n|-end|p1a: Whimsicott|Substitute\n|\n|-damage|p2a: Blacephalon|76\/100|[from] Leech Seed|[of] p1a: Whimsicott\n|-heal|p1a: Whimsicott|74\/100|[silent]\n|upkeep\n|turn|21\n|\n|t:|1666974960\n|move|p1a: Whimsicott|Substitute|p1a: Whimsicott\n|-start|p1a: Whimsicott|Substitute\n|-damage|p1a: Whimsicott|49\/100\n|move|p2a: Blacephalon|Flamethrower|p1a: Whimsicott\n|-supereffective|p1a: Whimsicott\n|-end|p1a: Whimsicott|Substitute\n|\n|-damage|p2a: Blacephalon|64\/100|[from] Leech Seed|[of] p1a: Whimsicott\n|-heal|p1a: Whimsicott|60\/100|[silent]\n|upkeep\n|turn|22\n|\n|t:|1666974964\n|move|p1a: Whimsicott|Substitute|p1a: Whimsicott\n|-start|p1a: Whimsicott|Substitute\n|-damage|p1a: Whimsicott|36\/100\n|move|p2a: Blacephalon|Flamethrower|p1a: Whimsicott\n|-supereffective|p1a: Whimsicott\n|-end|p1a: Whimsicott|Substitute\n|\n|-damage|p2a: Blacephalon|52\/100|[from] Leech Seed|[of] p1a: Whimsicott\n|-heal|p1a: Whimsicott|47\/100|[silent]\n|upkeep\n|turn|23\n|\n|t:|1666974974\n|switch|p1a: Appletun|Appletun, F|38\/100\n|move|p2a: Blacephalon|Flamethrower|p1a: Appletun\n|-damage|p1a: Appletun|11\/100\n|\n|-damage|p2a: Blacephalon|40\/100|[from] Leech Seed|[of] p1a: Appletun\n|-heal|p1a: Appletun|18\/100|[silent]\n|upkeep\n|turn|24\n|\n|t:|1666974985\n|switch|p2a: Spectrier|Spectrier|100\/100\n|move|p1a: Appletun|Recover|p1a: Appletun\n|-heal|p1a: Appletun|68\/100\n|\n|upkeep\n|turn|25\n|\n|t:|1666974999\n|switch|p2a: Blacephalon|Blacephalon|40\/100\n|switch|p1a: Whimsicott|Whimsicott, M|47\/100\n|\n|upkeep\n|turn|26\n|\n|t:|1666975002\n|switch|p1a: Appletun|Appletun, F|68\/100\n|move|p2a: Blacephalon|Flamethrower|p1a: Appletun\n|-damage|p1a: Appletun|44\/100\n|\n|upkeep\n|turn|27\n|\n|t:|1666975007\n|switch|p2a: Spectrier|Spectrier|100\/100\n|move|p1a: Appletun|Recover|p1a: Appletun\n|-heal|p1a: Appletun|94\/100\n|\n|upkeep\n|turn|28\n|\n|t:|1666975014\n|switch|p1a: Zarude|Zarude-Dada|82\/100\n|move|p2a: Spectrier|Shadow Ball|p1a: Zarude\n|-resisted|p1a: Zarude\n|-damage|p1a: Zarude|61\/100\n|\n|upkeep\n|turn|29\n|\n|t:|1666975019\n|move|p2a: Spectrier|Substitute|p2a: Spectrier\n|-start|p2a: Spectrier|Substitute\n|-damage|p2a: Spectrier|75\/100\n|move|p1a: Zarude|Darkest Lariat|p2a: Spectrier\n|-supereffective|p2a: Spectrier\n|-end|p2a: Spectrier|Substitute\n|\n|upkeep\n|turn|30\n|\n|t:|1666975024\n|move|p2a: Spectrier|Shadow Ball|p1a: Zarude\n|-resisted|p1a: Zarude\n|-damage|p1a: Zarude|37\/100\n|move|p1a: Zarude|Darkest Lariat|p2a: Spectrier\n|-supereffective|p2a: Spectrier\n|-damage|p2a: Spectrier|0 fnt\n|faint|p2a: Spectrier\n|\n|upkeep\n|\n|t:|1666975036\n|switch|p2a: Blacephalon|Blacephalon|40\/100\n|turn|31\n|\n|t:|1666975047\n|switch|p1a: Appletun|Appletun, F|94\/100\n|move|p2a: Blacephalon|Flamethrower|p1a: Appletun\n|-damage|p1a: Appletun|68\/100\n|\n|upkeep\n|turn|32\n|\n|t:|1666975050\n|switch|p2a: Dragapult|Dragapult, M|100\/100\n|move|p1a: Appletun|Leech Seed|p2a: Dragapult|[miss]\n|-miss|p1a: Appletun|p2a: Dragapult\n|\n|upkeep\n|turn|33\n|\n|t:|1666975058\n|switch|p1a: Whimsicott|Whimsicott, M|47\/100\n|move|p2a: Dragapult|Substitute|p2a: Dragapult\n|-start|p2a: Dragapult|Substitute\n|-damage|p2a: Dragapult|76\/100\n|\n|-heal|p2a: Dragapult|82\/100|[from] item: Leftovers\n|upkeep\n|turn|34\n|\n|t:|1666975061\n|move|p1a: Whimsicott|Encore|p2a: Dragapult\n|-start|p2a: Dragapult|Encore\n|move|p2a: Dragapult|Substitute|p2a: Dragapult\n|-fail|p2a: Dragapult|move: Substitute\n|\n|-heal|p2a: Dragapult|88\/100|[from] item: Leftovers\n|upkeep\n|turn|35\n|-message|tesla roadster forfeited.\n|\n|win|Hyena Agenda\n|raw|Hyena Agenda's rating: 1623 &rarr; <strong>1649<\/strong><br \/>(+26 for winning)\n|raw|tesla roadster's rating: 1733 &rarr; <strong>1707<\/strong><br \/>(-26 for losing)\n|l|\u2606tesla roadster\n|l| paolode99\n||Ladder isn't responding, score probably updated but might not have (Request timeout).\n","uploadtime":1666975118,"views":20,"p1id":"hyenaagenda","p2id":"teslaroadster","formatid":"gen8monotype","rating":1649,"private":0,"password":null}