{"id":"gen8nationaldexag-1702139075","p1":"5pamHam","p2":"Rediyu","format":"gen8nationaldexag","log":"|j|\u26065pamHam\n|j|\u2606Rediyu\n|t:|1667514813\n|gametype|singles\n|player|p1|5pamHam|n|\n|player|p2|Rediyu|guitarist|\n|teamsize|p1|6\n|teamsize|p2|6\n|gen|8\n|tier|[Gen 8] National Dex AG\n|rule|HP Percentage Mod: HP is shown in percentages\n|rule|Endless Battle Clause: Forcing endless battles is banned\n|clearpoke\n|poke|p1|Tapu Fini|\n|poke|p1|Infernape, M|\n|poke|p1|Runerigus, M|\n|poke|p1|Scizor, M|\n|poke|p1|Slowking-Galar, M|\n|poke|p1|Meloetta|\n|poke|p2|Lopunny, F|\n|poke|p2|Garchomp, F|\n|poke|p2|Empoleon, M|\n|poke|p2|Togekiss, M|\n|poke|p2|Rotom-Mow|\n|poke|p2|Venomoth, F|\n|teampreview\n|j| Cpt Impact\n|j| MitchemMusic\n|c|\u26065pamHam|glhf\n|j| Xernyl\n|c| Xernyl|redi\n|c| Cpt Impact|Rediyu once again going to hardcarry DTD\n|c| Xernyl|lose on purpose and i shit my pants\n|c|\u2606Rediyu|u2 buddy\n|j| derpyboi\n|\n|t:|1667514884\n|start\n|switch|p1a: Law|Slowking-Galar, M, shiny|100\/100\n|switch|p2a: Knakrack|Garchomp, F|100\/100\n|turn|1\n|\n|t:|1667514890\n|move|p2a: Knakrack|Earthquake|p1a: Law\n|-supereffective|p1a: Law\n|-enditem|p1a: Law|Shuca Berry|[eat]\n|-enditem|p1a: Law|Shuca Berry|[weaken]\n|-damage|p1a: Law|56\/100\n|move|p1a: Law|Ice Beam|p2a: Knakrack\n|-supereffective|p2a: Knakrack\n|-damage|p2a: Knakrack|1\/100\n|\n|upkeep\n|turn|2\n|c|\u26065pamHam|yeah\n|c|\u26065pamHam|ok\n|c|\u26065pamHam|fair enough\n|c|\u2606Rediyu|calced\n|c|\u2606Rediyu|:^)\n|c| derpyboi|lmfao\n|\n|t:|1667514915\n|switch|p1a: Brook|Runerigus, M, shiny|100\/100\n|move|p2a: Knakrack|Earthquake|p1a: Brook\n|-damage|p1a: Brook|51\/100\n|\n|upkeep\n|turn|3\n|\n|t:|1667514924\n|move|p2a: Knakrack|Earthquake|p1a: Brook\n|-damage|p1a: Brook|6\/100\n|move|p1a: Brook|Will-O-Wisp|p2a: Knakrack\n|-status|p2a: Knakrack|brn\n|\n|-damage|p2a: Knakrack|0 fnt|[from] brn\n|faint|p2a: Knakrack\n|upkeep\n|\n|t:|1667514947\n|switch|p2a: Impoleon|Empoleon, M|100\/100\n|turn|4\n|l| derpyboi\n|\n|t:|1667514954\n|move|p2a: Impoleon|Surf|p1a: Brook\n|-supereffective|p1a: Brook\n|-damage|p1a: Brook|0 fnt\n|faint|p1a: Brook\n|\n|upkeep\n|\n|t:|1667514985\n|switch|p1a: Punk|Scizor, M|100\/100\n|turn|5\n|\n|t:|1667514998\n|detailschange|p1a: Punk|Scizor-Mega, M\n|-mega|p1a: Punk|Scizor|Scizorite\n|move|p1a: Punk|Swords Dance|p1a: Punk\n|-boost|p1a: Punk|atk|2\n|move|p2a: Impoleon|Surf|p1a: Punk\n|-damage|p1a: Punk|66\/100\n|\n|upkeep\n|turn|6\n|j| derpyboi\n|j| Krusty_K\n|\n|t:|1667515020\n|switch|p2a: Togekiss|Togekiss, M|100\/100\n|move|p1a: Punk|Roost|p1a: Punk\n|-heal|p1a: Punk|100\/100\n|-singleturn|p1a: Punk|move: Roost\n|\n|upkeep\n|turn|7\n|\n|t:|1667515039\n|move|p1a: Punk|Bullet Punch|p2a: Togekiss\n|-supereffective|p2a: Togekiss\n|-enditem|p2a: Togekiss|Babiri Berry|[eat]\n|-enditem|p2a: Togekiss|Babiri Berry|[weaken]\n|-damage|p2a: Togekiss|59\/100\n|move|p2a: Togekiss|Flamethrower|p1a: Punk\n|-supereffective|p1a: Punk\n|-damage|p1a: Punk|26\/100\n|-status|p1a: Punk|brn\n|\n|-damage|p1a: Punk|20\/100 brn|[from] brn\n|upkeep\n|turn|8\n|c| derpyboi|who burns\n|\n|t:|1667515058\n|move|p1a: Punk|Bullet Punch|p2a: Togekiss\n|-supereffective|p2a: Togekiss\n|-damage|p2a: Togekiss|19\/100\n|move|p2a: Togekiss|Roost|p2a: Togekiss\n|-heal|p2a: Togekiss|69\/100\n|-singleturn|p2a: Togekiss|move: Roost\n|\n|-damage|p1a: Punk|14\/100 brn|[from] brn\n|upkeep\n|turn|9\n|\n|t:|1667515064\n|move|p2a: Togekiss|Roost|p2a: Togekiss\n|-heal|p2a: Togekiss|100\/100\n|-singleturn|p2a: Togekiss|move: Roost\n|move|p1a: Punk|Roost|p1a: Punk\n|-heal|p1a: Punk|64\/100 brn\n|-singleturn|p1a: Punk|move: Roost\n|\n|-damage|p1a: Punk|58\/100 brn|[from] brn\n|upkeep\n|turn|10\n|c| Krusty_K|that yoinky sploinky\n|\n|t:|1667515075\n|switch|p1a: Nami|Tapu Fini, shiny|100\/100\n|-fieldstart|move: Misty Terrain|[from] ability: Misty Surge|[of] p1a: Nami\n|move|p2a: Togekiss|Flamethrower|p1a: Nami\n|-resisted|p1a: Nami\n|-damage|p1a: Nami|95\/100\n|\n|upkeep\n|turn|11\n|\n|t:|1667515082\n|switch|p2a: Omot|Venomoth, F|100\/100\n|move|p1a: Nami|Nature's Madness|p2a: Omot\n|-damage|p2a: Omot|51\/100\n|\n|upkeep\n|turn|12\n|c| Cpt Impact|me getting no flinches at 60%, meanwhile Rediyu 1 Flamethrower instant burn\n|\n|t:|1667515091\n|switch|p1a: Punk|Scizor-Mega, M|58\/100 brn\n|move|p2a: Omot|Bug Buzz|p1a: Punk\n|-resisted|p1a: Punk\n|-damage|p1a: Punk|14\/100 brn\n|\n|-damage|p1a: Punk|8\/100 brn|[from] brn\n|upkeep\n|turn|13\n|\n|t:|1667515100\n|move|p2a: Omot|Bug Buzz|p1a: Punk\n|-resisted|p1a: Punk\n|-damage|p1a: Punk|0 fnt\n|faint|p1a: Punk\n|\n|upkeep\n|\n|t:|1667515110\n|switch|p1a: Luffy|Infernape, M|100\/100\n|turn|14\n|c| Krusty_K|that's mons for ya\n|l| derpyboi\n|c|\u26065pamHam|yep...\n|c|\u26065pamHam|:')\n|j| derpyboi\n|\n|t:|1667515173\n|switch|p2a: Togekiss|Togekiss, M|100\/100\n|move|p1a: Luffy|Flare Blitz|p2a: Togekiss\n|-damage|p2a: Togekiss|65\/100\n|-status|p2a: Togekiss|brn\n|-damage|p1a: Luffy|85\/100|[from] Recoil\n|\n|-damage|p2a: Togekiss|59\/100 brn|[from] brn\n|-fieldend|Misty Terrain\n|upkeep\n|turn|15\n|c| Krusty_K|lmao\n|c| derpyboi|LOL\n|\n|t:|1667515189\n|switch|p1a: Law|Slowking-Galar, M, shiny|90\/100\n|move|p2a: Togekiss|Roost|p2a: Togekiss\n|-heal|p2a: Togekiss|100\/100 brn\n|-singleturn|p2a: Togekiss|move: Roost\n|\n|-damage|p2a: Togekiss|94\/100 brn|[from] brn\n|upkeep\n|turn|16\n|c|\u2606Rediyu|burn baby burn\n|c|\u26065pamHam|ez game not even close\n|\n|t:|1667515198\n|move|p2a: Togekiss|Air Slash|p1a: Law|[miss]\n|-miss|p2a: Togekiss|p1a: Law\n|move|p1a: Law|Sludge Wave|p2a: Togekiss\n|-supereffective|p2a: Togekiss\n|-damage|p2a: Togekiss|35\/100 brn\n|\n|-damage|p2a: Togekiss|29\/100 brn|[from] brn\n|upkeep\n|turn|17\n|\n|t:|1667515203\n|move|p2a: Togekiss|Roost|p2a: Togekiss\n|-heal|p2a: Togekiss|79\/100 brn\n|-singleturn|p2a: Togekiss|move: Roost\n|move|p1a: Law|Sludge Wave|p2a: Togekiss\n|-supereffective|p2a: Togekiss\n|-damage|p2a: Togekiss|25\/100 brn\n|\n|-damage|p2a: Togekiss|19\/100 brn|[from] brn\n|upkeep\n|turn|18\n|c|\u26065pamHam|and remember, no johns :D\n|\n|t:|1667515220\n|move|p2a: Togekiss|Air Slash|p1a: Law\n|-damage|p1a: Law|64\/100\n|move|p1a: Law|Sludge Wave|p2a: Togekiss\n|-supereffective|p2a: Togekiss\n|-damage|p2a: Togekiss|0 fnt\n|faint|p2a: Togekiss\n|\n|upkeep\n|c| Cpt Impact|This Togekiss is broken\n|c| Cpt Impact|can we get another one\n|c| Xernyl|https:\/\/www.youtube.com\/watch?v=3TEf29tIDzY\n|\n|t:|1667515247\n|switch|p2a: Omot|Venomoth, F|51\/100\n|turn|19\n|c| Xernyl|no johns\n|l| MitchemMusic\n|\n|t:|1667515277\n|move|p2a: Omot|Bug Buzz|p1a: Law\n|-damage|p1a: Law|22\/100\n|move|p1a: Law|Psyshock|p2a: Omot\n|-supereffective|p2a: Omot\n|-damage|p2a: Omot|0 fnt\n|faint|p2a: Omot\n|\n|upkeep\n|l| derpyboi\n|\n|t:|1667515281\n|switch|p2a: Schlapor|Lopunny, F|100\/100\n|turn|20\n|\n|t:|1667515287\n|switch|p1a: Robin|Meloetta|100\/100\n|detailschange|p2a: Schlapor|Lopunny-Mega, F\n|-mega|p2a: Schlapor|Lopunny|Lopunnite\n|move|p2a: Schlapor|Return|p1a: Robin\n|-damage|p1a: Robin|39\/100\n|\n|upkeep\n|turn|21\n|\n|t:|1667515291\n|move|p2a: Schlapor|Return|p1a: Robin\n|-damage|p1a: Robin|0 fnt\n|faint|p1a: Robin\n|\n|upkeep\n|\n|t:|1667515298\n|switch|p1a: Luffy|Infernape, M|85\/100\n|turn|22\n|\n|t:|1667515309\n|switch|p2a: Rotom-Schneid|Rotom-Mow|100\/100\n|move|p1a: Luffy|Close Combat|p2a: Rotom-Schneid\n|-damage|p2a: Rotom-Schneid|24\/100\n|-unboost|p1a: Luffy|def|1\n|-unboost|p1a: Luffy|spd|1\n|\n|upkeep\n|turn|23\n|c| Xernyl|we cock\n|\n|t:|1667515311\n|move|p1a: Luffy|Close Combat|p2a: Rotom-Schneid\n|-damage|p2a: Rotom-Schneid|0 fnt\n|-unboost|p1a: Luffy|def|1\n|-unboost|p1a: Luffy|spd|1\n|faint|p2a: Rotom-Schneid\n|\n|upkeep\n|c| Xernyl|dick\n|c| Xernyl|balling\n|\n|t:|1667515313\n|switch|p2a: Impoleon|Empoleon, M|100\/100\n|turn|24\n|\n|t:|1667515331\n|switch|p1a: Law|Slowking-Galar, M, shiny|55\/100\n|move|p2a: Impoleon|Flash Cannon|p1a: Law\n|-damage|p1a: Law|24\/100\n|\n|upkeep\n|turn|25\n|\n|t:|1667515337\n|switch|p1a: Nami|Tapu Fini, shiny|95\/100\n|-fieldstart|move: Misty Terrain|[from] ability: Misty Surge|[of] p1a: Nami\n|move|p2a: Impoleon|Flash Cannon|p1a: Nami\n|-damage|p1a: Nami|74\/100\n|\n|upkeep\n|turn|26\n|\n|t:|1667515347\n|switch|p2a: Schlapor|Lopunny-Mega, F|100\/100\n|move|p1a: Nami|Nature's Madness|p2a: Schlapor|[miss]\n|-miss|p1a: Nami|p2a: Schlapor\n|\n|upkeep\n|turn|27\n|c|\u26065pamHam|...\n|\n|t:|1667515353\n|move|p2a: Schlapor|Return|p1a: Nami\n|-damage|p1a: Nami|25\/100\n|move|p1a: Nami|Moonblast|p2a: Schlapor\n|-supereffective|p2a: Schlapor\n|-damage|p2a: Schlapor|0 fnt\n|faint|p2a: Schlapor\n|\n|upkeep\n|\n|t:|1667515355\n|switch|p2a: Impoleon|Empoleon, M|100\/100\n|turn|28\n|\n|t:|1667515359\n|move|p1a: Nami|Nature's Madness|p2a: Impoleon\n|-damage|p2a: Impoleon|51\/100\n|move|p2a: Impoleon|Flash Cannon|p1a: Nami\n|-crit|p1a: Nami\n|-damage|p1a: Nami|0 fnt\n|faint|p1a: Nami\n|\n|upkeep\n|\n|t:|1667515363\n|switch|p1a: Law|Slowking-Galar, M, shiny|58\/100\n|turn|29\n|\n|t:|1667515365\n|move|p2a: Impoleon|Flash Cannon|p1a: Law\n|-damage|p1a: Law|25\/100\n|-unboost|p1a: Law|spd|1\n|move|p1a: Law|Thunder Wave|p2a: Impoleon|[miss]\n|-miss|p1a: Law|p2a: Impoleon\n|\n|-fieldend|Misty Terrain\n|upkeep\n|turn|30\n|c|\u26065pamHam|BRO\n|c|\u26065pamHam|THERES NO WAY\n|\n|t:|1667515372\n|move|p2a: Impoleon|Surf|p1a: Law\n|-damage|p1a: Law|0 fnt\n|faint|p1a: Law\n|\n|upkeep\n|\n|t:|1667515374\n|switch|p1a: Luffy|Infernape, M|85\/100\n|turn|31\n|c| Xernyl|misty terrain\n|\n|t:|1667515376\n|move|p1a: Luffy|Close Combat|p2a: Impoleon\n|-supereffective|p2a: Impoleon\n|-enditem|p2a: Impoleon|Chople Berry|[eat]\n|-enditem|p2a: Impoleon|Chople Berry|[weaken]\n|-damage|p2a: Impoleon|0 fnt\n|-unboost|p1a: Luffy|def|1\n|-unboost|p1a: Luffy|spd|1\n|faint|p2a: Impoleon\n|\n|win|5pamHam\n|c| Xernyl|lol\n|c| Xernyl|didnt matter\n|c|\u2606Rediyu|f\n|c| Krusty_K|xD\n|c| Xernyl|OMG\n|c| Xernyl|SPAMMM\n|c| Xernyl|LETS GO SPAMMUEL\n|c|\u26065pamHam|theres no way\n|l| Krusty_K\n|c| Xernyl|SPAMMMMMMUELLLLLLL\n|c| Xernyl|FBA PROTAG\n|l| Cpt Impact\n|c| Xernyl|GIVING REDI HIS FIRST L\n","uploadtime":1667515410,"views":31,"p1id":"5pamham","p2id":"rediyu","formatid":"gen8nationaldexag","rating":0,"private":0,"password":null}