{"id":"gen8ou-1699760779","p1":"RggV_YT","p2":"Kwaga","format":"gen8ou","log":"|j|\u2606RggV_YT\n|j|\u2606Kwaga\n|t:|1667265651\n|gametype|singles\n|player|p1|RggV_YT|scientist-gen4|1659\n|player|p2|Kwaga|brock-gen1rb|1715\n|teamsize|p1|6\n|teamsize|p2|6\n|gen|8\n|tier|[Gen 8] OU\n|rated|\n|rule|Sleep Clause Mod: Limit one foe put to sleep\n|rule|Species Clause: Limit one of each Pok\u00e9mon\n|rule|OHKO Clause: OHKO moves are banned\n|rule|Evasion Items Clause: Evasion items are banned\n|rule|Evasion Moves Clause: Evasion moves are banned\n|rule|Endless Battle Clause: Forcing endless battles is banned\n|rule|HP Percentage Mod: HP is shown in percentages\n|rule|Dynamax Clause: You cannot dynamax\n|clearpoke\n|poke|p1|Dragapult, M|\n|poke|p1|Rotom-Wash|\n|poke|p1|Landorus-Therian, M|\n|poke|p1|Melmetal|\n|poke|p1|Weavile, M|\n|poke|p1|Kartana|\n|poke|p2|Weavile, M|\n|poke|p2|Melmetal|\n|poke|p2|Volcanion|\n|poke|p2|Kartana|\n|poke|p2|Zapdos|\n|poke|p2|Landorus-Therian, M|\n|teampreview\n|inactive|Battle timer is ON: inactive players will automatically lose when time's up. (requested by RggV_YT)\n|c|\u2606Kwaga|yoo\n|c|\u2606Kwaga|hf\n|inactive|RggV_YT has 120 seconds left.\n|j| Tegalik\n|inactive|RggV_YT has 90 seconds left.\n|c|\u2606RggV_YT|Yooo\n|c|\u2606RggV_YT|Hf bro\n|\n|t:|1667265732\n|start\n|switch|p1a: Bandit|Weavile, M, shiny|100\/100\n|switch|p2a: Kartana|Kartana, shiny|100\/100\n|-ability|p1a: Bandit|Pressure\n|turn|1\n|\n|t:|1667265740\n|switch|p1a: Enten|Landorus-Therian, M, shiny|100\/100\n|-ability|p1a: Enten|Intimidate|boost\n|-unboost|p2a: Kartana|atk|1\n|move|p2a: Kartana|Knock Off|p1a: Enten\n|-damage|p1a: Enten|77\/100\n|-enditem|p1a: Enten|Leftovers|[from] move: Knock Off|[of] p2a: Kartana\n|\n|upkeep\n|turn|2\n|\n|t:|1667265747\n|switch|p2a: Landorus|Landorus-Therian, M|100\/100\n|-ability|p2a: Landorus|Intimidate|boost\n|-unboost|p1a: Enten|atk|1\n|move|p1a: Enten|Stealth Rock|p2a: Landorus\n|-sidestart|p2: Kwaga|move: Stealth Rock\n|\n|upkeep\n|turn|3\n|\n|t:|1667265750\n|move|p2a: Landorus|Defog|p1a: Enten\n|-unboost|p1a: Enten|evasion|1\n|-sideend|p2: Kwaga|Stealth Rock|[from] move: Defog|[of] p2a: Landorus\n|move|p1a: Enten|U-turn|p2a: Landorus\n|-resisted|p2a: Landorus\n|-damage|p2a: Landorus|93\/100\n|j| izuminite\n|\n|t:|1667265756\n|switch|p1a: Phantom|Rotom-Wash, shiny|100\/100|[from]move: U-turn\n|\n|-heal|p2a: Landorus|99\/100|[from] item: Leftovers\n|upkeep\n|turn|4\n|\n|t:|1667265760\n|move|p1a: Phantom|Hydro Pump|p2a: Landorus\n|-supereffective|p2a: Landorus\n|-damage|p2a: Landorus|26\/100\n|move|p2a: Landorus|U-turn|p1a: Phantom\n|-damage|p1a: Phantom|69\/100\n|\n|t:|1667265763\n|switch|p2a: Kartana|Kartana, shiny|100\/100|[from]move: U-turn\n|\n|-heal|p1a: Phantom|76\/100|[from] item: Leftovers\n|upkeep\n|turn|5\n|\n|t:|1667265767\n|switch|p1a: Fate|Melmetal, shiny|100\/100\n|move|p2a: Kartana|Knock Off|p1a: Fate\n|-damage|p1a: Fate|79\/100\n|-enditem|p1a: Fate|Choice Band|[from] move: Knock Off|[of] p2a: Kartana\n|\n|upkeep\n|turn|6\n|\n|t:|1667265775\n|switch|p2a: Volcanion|Volcanion|100\/100\n|move|p1a: Fate|Ice Punch|p2a: Volcanion\n|-resisted|p2a: Volcanion\n|-damage|p2a: Volcanion|91\/100\n|\n|upkeep\n|turn|7\n|\n|t:|1667265780\n|switch|p2a: Weavile|Weavile, M|100\/100\n|-ability|p2a: Weavile|Pressure\n|switch|p1a: Phantom|Rotom-Wash, shiny|76\/100\n|\n|-heal|p1a: Phantom|82\/100|[from] item: Leftovers\n|upkeep\n|turn|8\n|\n|t:|1667265783\n|switch|p1a: Fate|Melmetal, shiny|79\/100\n|move|p2a: Weavile|Beat Up|p1a: Fate\n|-damage|p1a: Fate|71\/100\n|-damage|p1a: Fate|63\/100\n|-damage|p1a: Fate|52\/100\n|-damage|p1a: Fate|44\/100\n|-damage|p1a: Fate|38\/100\n|-damage|p1a: Fate|30\/100\n|-hitcount|p1a: Fate|6\n|\n|upkeep\n|turn|9\n|\n|t:|1667265790\n|move|p2a: Weavile|Beat Up|p1a: Fate\n|-damage|p1a: Fate|22\/100\n|-damage|p1a: Fate|14\/100\n|-damage|p1a: Fate|4\/100\n|-damage|p1a: Fate|0 fnt\n|faint|p1a: Fate\n|-hitcount|p1: Fate|4\n|\n|upkeep\n|\n|t:|1667265798\n|switch|p1a: Leviathan|Dragapult, M, shiny|100\/100\n|turn|10\n|\n|t:|1667265811\n|switch|p2a: Landorus|Landorus-Therian, M|26\/100\n|-ability|p2a: Landorus|Intimidate|boost\n|-unboost|p1a: Leviathan|atk|1\n|move|p1a: Leviathan|Flamethrower|p2a: Landorus\n|-damage|p2a: Landorus|0 fnt\n|faint|p2a: Landorus\n|\n|upkeep\n|inactive|Kwaga has 120 seconds left.\n|\n|t:|1667265837\n|switch|p2a: Kartana|Kartana, shiny|100\/100\n|turn|11\n|\n|t:|1667265846\n|switch|p2a: Weavile|Weavile, M|100\/100\n|-ability|p2a: Weavile|Pressure\n|switch|p1a: Phantom|Rotom-Wash, shiny|82\/100\n|\n|-heal|p1a: Phantom|88\/100|[from] item: Leftovers\n|upkeep\n|turn|12\n|\n|t:|1667265851\n|switch|p1a: Bandit|Weavile, M, shiny|100\/100\n|-ability|p1a: Bandit|Pressure\n|move|p2a: Weavile|Knock Off|p1a: Bandit\n|-resisted|p1a: Bandit\n|-damage|p1a: Bandit|27\/100\n|-enditem|p1a: Bandit|Choice Band|[from] move: Knock Off|[of] p2a: Weavile\n|\n|upkeep\n|turn|13\n|\n|t:|1667265858\n|switch|p2a: Melmetal|Melmetal|100\/100\n|move|p1a: Bandit|Knock Off|p2a: Melmetal\n|-damage|p2a: Melmetal|72\/100\n|-enditem|p2a: Melmetal|Choice Band|[from] move: Knock Off|[of] p1a: Bandit\n|\n|upkeep\n|turn|14\n|\n|t:|1667265864\n|switch|p1a: Phantom|Rotom-Wash, shiny|88\/100\n|move|p2a: Melmetal|Double Iron Bash|p1a: Phantom\n|-resisted|p1a: Phantom\n|-crit|p1a: Phantom\n|-damage|p1a: Phantom|67\/100\n|-resisted|p1a: Phantom\n|-damage|p1a: Phantom|54\/100\n|-hitcount|p1a: Phantom|2\n|\n|-heal|p1a: Phantom|60\/100|[from] item: Leftovers\n|upkeep\n|turn|15\n|\n|t:|1667265871\n|move|p1a: Phantom|Hydro Pump|p2a: Melmetal\n|-damage|p2a: Melmetal|10\/100\n|move|p2a: Melmetal|Superpower|p1a: Phantom\n|-damage|p1a: Phantom|0 fnt\n|-unboost|p2a: Melmetal|atk|1\n|-unboost|p2a: Melmetal|def|1\n|faint|p1a: Phantom\n|\n|upkeep\n|\n|t:|1667265883\n|switch|p1a: Deathstroke|Kartana, shiny|100\/100\n|turn|16\n|\n|t:|1667265888\n|switch|p2a: Zapdos|Zapdos|100\/100\n|move|p1a: Deathstroke|Knock Off|p2a: Zapdos\n|-damage|p2a: Zapdos|43\/100\n|-status|p1a: Deathstroke|par|[from] ability: Static|[of] p2a: Zapdos\n|-enditem|p2a: Zapdos|Heavy-Duty Boots|[from] move: Knock Off|[of] p1a: Deathstroke\n|\n|upkeep\n|turn|17\n|\n|t:|1667265896\n|switch|p1a: Enten|Landorus-Therian, M, shiny|77\/100\n|-ability|p1a: Enten|Intimidate|boost\n|-unboost|p2a: Zapdos|atk|1\n|move|p2a: Zapdos|Roost|p2a: Zapdos\n|-heal|p2a: Zapdos|94\/100\n|-singleturn|p2a: Zapdos|move: Roost\n|\n|upkeep\n|turn|18\n|\n|t:|1667265898\n|move|p2a: Zapdos|Hurricane|p1a: Enten\n|-damage|p1a: Enten|32\/100\n|move|p1a: Enten|Stealth Rock|p2a: Zapdos\n|-sidestart|p2: Kwaga|move: Stealth Rock\n|\n|upkeep\n|turn|19\n|\n|t:|1667265902\n|switch|p1a: Leviathan|Dragapult, M, shiny|100\/100\n|move|p2a: Zapdos|Hurricane|p1a: Leviathan|[miss]\n|-miss|p2a: Zapdos|p1a: Leviathan\n|\n|upkeep\n|turn|20\n|\n|t:|1667265915\n|switch|p2a: Melmetal|Melmetal|10\/100\n|-damage|p2a: Melmetal|3\/100|[from] Stealth Rock\n|move|p1a: Leviathan|Draco Meteor|p2a: Melmetal\n|-resisted|p2a: Melmetal\n|-damage|p2a: Melmetal|0 fnt\n|-unboost|p1a: Leviathan|spa|2\n|faint|p2a: Melmetal\n|\n|upkeep\n|\n|t:|1667265917\n|switch|p2a: Kartana|Kartana, shiny|100\/100\n|-damage|p2a: Kartana|94\/100|[from] Stealth Rock\n|turn|21\n|\n|t:|1667265920\n|switch|p1a: Enten|Landorus-Therian, M, shiny|32\/100\n|-ability|p1a: Enten|Intimidate|boost\n|-unboost|p2a: Kartana|atk|1\n|move|p2a: Kartana|Knock Off|p1a: Enten\n|-damage|p1a: Enten|15\/100\n|\n|upkeep\n|turn|22\n|\n|t:|1667265929\n|switch|p1a: Bandit|Weavile, M, shiny|27\/100\n|-ability|p1a: Bandit|Pressure\n|move|p2a: Kartana|Knock Off|p1a: Bandit\n|-resisted|p1a: Bandit\n|-damage|p1a: Bandit|10\/100\n|\n|upkeep\n|turn|23\n|\n|t:|1667265936\n|move|p2a: Kartana|Knock Off|p1a: Bandit\n|-resisted|p1a: Bandit\n|-damage|p1a: Bandit|0 fnt\n|faint|p1a: Bandit\n|-ability|p2a: Kartana|Beast Boost|boost\n|-boost|p2a: Kartana|atk|1\n|\n|upkeep\n|\n|t:|1667265937\n|switch|p1a: Deathstroke|Kartana, shiny|100\/100 par\n|turn|24\n|\n|t:|1667265943\n|switch|p2a: Volcanion|Volcanion|91\/100\n|-damage|p2a: Volcanion|66\/100|[from] Stealth Rock\n|switch|p1a: Leviathan|Dragapult, M, shiny|100\/100\n|\n|upkeep\n|turn|25\n|\n|t:|1667265953\n|move|p1a: Leviathan|Draco Meteor|p2a: Volcanion\n|-crit|p2a: Volcanion\n|-damage|p2a: Volcanion|0 fnt\n|-unboost|p1a: Leviathan|spa|2\n|faint|p2a: Volcanion\n|\n|upkeep\n|\n|t:|1667265955\n|switch|p2a: Kartana|Kartana, shiny|94\/100\n|-damage|p2a: Kartana|88\/100|[from] Stealth Rock\n|turn|26\n|\n|t:|1667265958\n|switch|p1a: Deathstroke|Kartana, shiny|100\/100 par\n|move|p2a: Kartana|Knock Off|p1a: Deathstroke\n|-damage|p1a: Deathstroke|56\/100 par\n|-enditem|p1a: Deathstroke|Choice Scarf|[from] move: Knock Off|[of] p2a: Kartana\n|\n|upkeep\n|turn|27\n|\n|t:|1667265964\n|switch|p2a: Zapdos|Zapdos|94\/100\n|-damage|p2a: Zapdos|69\/100|[from] Stealth Rock\n|switch|p1a: Leviathan|Dragapult, M, shiny|100\/100\n|\n|upkeep\n|turn|28\n|j| tSpooky\n|\n|t:|1667265967\n|move|p1a: Leviathan|Draco Meteor|p2a: Zapdos|[miss]\n|-miss|p1a: Leviathan|p2a: Zapdos\n|move|p2a: Zapdos|Volt Switch|p1a: Leviathan\n|-resisted|p1a: Leviathan\n|-damage|p1a: Leviathan|77\/100\n|\n|t:|1667265970\n|switch|p2a: Weavile|Weavile, M|100\/100|[from]move: Volt Switch\n|-damage|p2a: Weavile|76\/100|[from] Stealth Rock\n|-ability|p2a: Weavile|Pressure\n|\n|upkeep\n|turn|29\n|c|\u2606Kwaga|mb\n|\n|t:|1667265975\n|switch|p1a: Deathstroke|Kartana, shiny|56\/100 par\n|move|p2a: Weavile|Ice Shard|p1a: Deathstroke\n|-damage|p1a: Deathstroke|19\/100 par\n|\n|upkeep\n|turn|30\n|c|\u2606RggV_YT|Gg\n|c|\u2606Kwaga|gg\n|c|\u2606RggV_YT|No, haxer\n|c|\u2606RggV_YT|Kek\n|c|\u2606Kwaga|lol\n|c|\u2606RggV_YT|LOL\n|c|\u2606RggV_YT|Gg bro, cya around\n|c|\u2606Kwaga|fsho later man pce!\n|-message|RggV_YT forfeited.\n|\n|win|Kwaga\n|raw|RggV_YT's rating: 1659 &rarr; <strong>1642<\/strong><br \/>(-17 for losing)\n|raw|Kwaga's rating: 1715 &rarr; <strong>1732<\/strong><br \/>(+17 for winning)\n|l|\u2606RggV_YT\n","uploadtime":1667266007,"views":17,"p1id":"rggvyt","p2id":"kwaga","formatid":"gen8ou","rating":1642,"private":0,"password":null}