{"id":"gen8freeforallrandombattle-1315627744","p1":"Filhote de jegue","p2":"DiameterXtreme","format":"gen8freeforallrandombattle","log":"|j|\u2606Filhote de jegue\n|j|\u2606DiameterXtreme\n|j|\u2606horacetheman\n|j|\u2606Jam1234567890\n|t:|1617640703\n|gametype|freeforall\n|player|p1|Filhote de jegue|170|\n|player|p2|DiameterXtreme|jasmine-gen2|\n|player|p3|horacetheman|fantina|\n|player|p4|Jam1234567890|n|\n|teamsize|p1|6\n|teamsize|p2|6\n|teamsize|p3|6\n|teamsize|p4|6\n|gen|8\n|tier|[Gen 8] Free-For-All Random Battle\n|rule|Species Clause: Limit one of each Pok\u00e9mon\n|rule|HP Percentage Mod: HP is shown in percentages\n|rule|Sleep Clause Mod: Limit one foe put to sleep\n|\n|t:|1617640703\n|start\n|switch|p1a: Ludicolo|Ludicolo, L86, F|278\/278\n|switch|p2a: Toxtricity|Toxtricity-Low-Key, L84, M|263\/263\n|switch|p3b: Leafeon|Leafeon, L86, F|252\/252\n|switch|p4b: Bewear|Bewear, L88, F|354\/354\n|turn|1\n|inactive|Battle timer is ON: inactive players will automatically lose when time's up. (requested by Jam1234567890)\n|inactive|Jam1234567890 has 120 seconds left.\n|\n|t:|1617640736\n|move|p3b: Leafeon|Protect|p3b: Leafeon\n|-singleturn|p3b: Leafeon|Protect\n|move|p1a: Ludicolo|Fake Out|p2a: Toxtricity\n|-damage|p2a: Toxtricity|235\/263\n|cant|p2a: Toxtricity|flinch\n|move|p4b: Bewear|Drain Punch|p1a: Ludicolo\n|-damage|p1a: Ludicolo|130\/278\n|-damage|p4b: Bewear|319\/354|[from] item: Life Orb\n|\n|upkeep\n|turn|2\n|inactive|Filhote de jegue has 120 seconds left.\n|inactive|horacetheman has 120 seconds left.\n|\n|t:|1617640777\n|switch|p1a: Slowking|Slowking-Galar, L86, F|304\/304\n|move|p3b: Leafeon|Leaf Blade|p4b: Bewear\n|-damage|p4b: Bewear|241\/354\n|-damage|p3b: Leafeon|227\/252|[from] item: Life Orb\n|move|p2a: Toxtricity|Boomburst|p3b: Leafeon|[spread] p1a,p3b,p4b\n|-damage|p1a: Slowking|241\/304\n|-damage|p3b: Leafeon|142\/252\n|-damage|p4b: Bewear|147\/354\n|move|p4b: Bewear|Drain Punch|p1a: Slowking\n|-resisted|p1a: Slowking\n|-damage|p1a: Slowking|202\/304\n|-heal|p4b: Bewear|167\/354|[from] drain|[of] p1a: Slowking\n|-damage|p4b: Bewear|132\/354|[from] item: Life Orb\n|\n|upkeep\n|turn|3\n|\n|t:|1617640797\n|move|p3b: Leafeon|Protect|p3b: Leafeon\n|-singleturn|p3b: Leafeon|Protect\n|move|p4b: Bewear|Protect|p4b: Bewear\n|-singleturn|p4b: Bewear|Protect\n|move|p1a: Slowking|Protect|p1a: Slowking\n|-singleturn|p1a: Slowking|Protect\n|move|p2a: Toxtricity|Boomburst|p3b: Leafeon|[spread] \n|-activate|p1a: Slowking|move: Protect\n|-activate|p3b: Leafeon|move: Protect\n|-activate|p4b: Bewear|move: Protect\n|\n|upkeep\n|turn|4\n|c|\u2606DiameterXtreme|lol\n|c|\u2606Jam1234567890|XD\n|\n|t:|1617640818\n|switch|p3b: Palossand|Palossand, L88, M|293\/293\n|move|p4b: Bewear|Protect||[still]\n|-fail|p4b: Bewear\n|move|p2a: Toxtricity|Boomburst|p4b: Bewear|[spread] p1a,p4b\n|-immune|p3b: Palossand\n|-damage|p1a: Slowking|143\/304\n|-damage|p4b: Bewear|38\/354\n|-enditem|p1a: Slowking|Sitrus Berry|[eat]\n|-heal|p1a: Slowking|219\/304|[from] item: Sitrus Berry\n|move|p1a: Slowking|Eerie Spell|p2a: Toxtricity\n|-supereffective|p2a: Toxtricity\n|-damage|p2a: Toxtricity|120\/263\n|-activate|p2a: Toxtricity|move: Eerie Spell|Boomburst|3\n|-enditem|p2a: Toxtricity|Sitrus Berry|[eat]\n|-heal|p2a: Toxtricity|185\/263|[from] item: Sitrus Berry\n|\n|upkeep\n|turn|5\n|\n|t:|1617640846\n|switch|p2a: Lapras|Lapras, L84, M|355\/355\n|move|p1a: Slowking|Protect|p1a: Slowking\n|-singleturn|p1a: Slowking|Protect\n|move|p4b: Bewear|High Horsepower|p1a: Slowking\n|-activate|p1a: Slowking|move: Protect\n|move|p3b: Palossand|Scorching Sands|p1a: Slowking\n|-activate|p1a: Slowking|move: Protect\n|\n|upkeep\n|turn|6\n|\n|t:|1617640871\n|switch|p3b: Ferrothorn|Ferrothorn, L81, F|253\/253\n|move|p4b: Bewear|High Horsepower|p1a: Slowking\n|-supereffective|p1a: Slowking\n|-damage|p1a: Slowking|0 fnt\n|-damage|p4b: Bewear|3\/354|[from] item: Life Orb\n|faint|p1a: Slowking\n|move|p2a: Lapras|Icy Wind|p4b: Bewear|[spread] p4b\n|-miss|p2a: Lapras|p3b: Ferrothorn\n|-damage|p4b: Bewear|0 fnt\n|faint|p4b: Bewear\n|\n|upkeep\n|inactive|Filhote de jegue has 120 seconds left.\n|inactive|Jam1234567890 has 120 seconds left.\n|\n|t:|1617640911\n|switch|p4b: Ribombee|Ribombee, L84, M|238\/238\n|switch|p1a: Hitmonlee|Hitmonlee, L86, M|226\/226\n|turn|7\n|inactive|Jam1234567890 has 120 seconds left.\n|inactive|Filhote de jegue has 120 seconds left.\n|\n|t:|1617640932\n|switch|p2a: Toxtricity|Toxtricity-Low-Key, L84, M|185\/263\n|move|p4b: Ribombee|Moonblast|p1a: Hitmonlee\n|-supereffective|p1a: Hitmonlee\n|-damage|p1a: Hitmonlee|62\/226\n|-unboost|p1a: Hitmonlee|spa|1\n|-enditem|p1a: Hitmonlee|White Herb\n|-clearnegativeboost|p1a: Hitmonlee|[silent]\n|move|p1a: Hitmonlee|Close Combat|p2a: Toxtricity\n|-resisted|p2a: Toxtricity\n|-damage|p2a: Toxtricity|95\/263\n|-unboost|p1a: Hitmonlee|def|1\n|-unboost|p1a: Hitmonlee|spd|1\n|move|p3b: Ferrothorn|Leech Seed|p2a: Toxtricity\n|-start|p2a: Toxtricity|move: Leech Seed\n|\n|-damage|p2a: Toxtricity|63\/263|[from] Leech Seed|[of] p3b: Ferrothorn\n|upkeep\n|turn|8\n|inactive|Jam1234567890 has 120 seconds left.\n|\n|t:|1617640958\n|move|p1a: Hitmonlee|Protect|p1a: Hitmonlee\n|-singleturn|p1a: Hitmonlee|Protect\n|move|p4b: Ribombee|Pollen Puff|p2a: Toxtricity\n|-resisted|p2a: Toxtricity\n|-damage|p2a: Toxtricity|12\/263\n|move|p2a: Toxtricity|Overdrive|p4b: Ribombee|[spread] p3b,p4b\n|-activate|p1a: Hitmonlee|move: Protect\n|-resisted|p3b: Ferrothorn\n|-damage|p3b: Ferrothorn|228\/253\n|-damage|p4b: Ribombee|163\/238\n|move|p3b: Ferrothorn|Leech Seed|p4b: Ribombee\n|-start|p4b: Ribombee|move: Leech Seed\n|\n|-damage|p4b: Ribombee|134\/238|[from] Leech Seed|[of] p3b: Ferrothorn\n|-heal|p3b: Ferrothorn|253\/253|[silent]\n|-damage|p2a: Toxtricity|0 fnt|[from] Leech Seed|[of] p3b: Ferrothorn\n|faint|p2a: Toxtricity\n|upkeep\n|\n|t:|1617640967\n|switch|p2a: Malamar|Malamar, L84, F|282\/282\n|turn|9\n|\n|t:|1617640989\n|move|p1a: Hitmonlee|Close Combat|p2a: Malamar\n|-damage|p2a: Malamar|128\/282\n|-unboost|p1a: Hitmonlee|def|1\n|-unboost|p1a: Hitmonlee|spd|1\n|move|p4b: Ribombee|Moonblast|p1a: Hitmonlee\n|-supereffective|p1a: Hitmonlee\n|-damage|p1a: Hitmonlee|0 fnt\n|faint|p1a: Hitmonlee\n|move|p2a: Malamar|Superpower|p3b: Ferrothorn\n|-supereffective|p3b: Ferrothorn\n|-damage|p3b: Ferrothorn|137\/253\n|-boost|p2a: Malamar|atk|1\n|-boost|p2a: Malamar|def|1\n|-damage|p2a: Malamar|93\/282|[from] ability: Iron Barbs|[of] p3b: Ferrothorn\n|move|p3b: Ferrothorn|Leech Seed|p2a: Malamar\n|-start|p2a: Malamar|move: Leech Seed\n|\n|-damage|p4b: Ribombee|105\/238|[from] Leech Seed|[of] p3b: Ferrothorn\n|-heal|p3b: Ferrothorn|166\/253|[silent]\n|-damage|p2a: Malamar|58\/282|[from] Leech Seed|[of] p3b: Ferrothorn\n|-heal|p3b: Ferrothorn|201\/253|[silent]\n|upkeep\n|-enditem|p4b: Ribombee|Sitrus Berry|[eat]\n|-heal|p4b: Ribombee|164\/238|[from] item: Sitrus Berry\n|c|\u2606DiameterXtreme|-_-\n|inactive|Filhote de jegue has 120 seconds left.\n|\n|t:|1617641018\n|switch|p1a: Araquanid|Araquanid, L84, F|251\/251\n|turn|10\n|inactive|Jam1234567890 has 120 seconds left.\n|\n|t:|1617641052\n|switch|p4b: Tapu Bulu|Tapu Bulu, L80|243\/243\n|-fieldstart|move: Grassy Terrain|[from] ability: Grassy Surge|[of] p4b: Tapu Bulu\n|move|p2a: Malamar|Rest|p2a: Malamar\n|-status|p2a: Malamar|slp|[from] move: Rest\n|-heal|p2a: Malamar|282\/282 slp|[silent]\n|-enditem|p2a: Malamar|Chesto Berry|[eat]\n|-curestatus|p2a: Malamar|slp|[msg]\n|move|p1a: Araquanid|Sticky Web|p3b: Ferrothorn\n|-sidestart|p2: DiameterXtreme|move: Sticky Web\n|-sidestart|p3: horacetheman|move: Sticky Web\n|-sidestart|p4: Jam1234567890|move: Sticky Web\n|move|p3b: Ferrothorn|Leech Seed|p1a: Araquanid\n|-start|p1a: Araquanid|move: Leech Seed\n|\n|-heal|p3b: Ferrothorn|216\/253|[from] Grassy Terrain\n|-damage|p2a: Malamar|247\/282|[from] Leech Seed|[of] p3b: Ferrothorn\n|-heal|p3b: Ferrothorn|251\/253|[silent]\n|-damage|p1a: Araquanid|220\/251|[from] Leech Seed|[of] p3b: Ferrothorn\n|-heal|p3b: Ferrothorn|253\/253|[silent]\n|upkeep\n|turn|11\n|inactive|Filhote de jegue has 120 seconds left.\n|\n|t:|1617641084\n|move|p2a: Malamar|Superpower|p3b: Ferrothorn\n|-supereffective|p3b: Ferrothorn\n|-damage|p3b: Ferrothorn|71\/253\n|-boost|p2a: Malamar|atk|1\n|-boost|p2a: Malamar|def|1\n|-damage|p2a: Malamar|212\/282|[from] ability: Iron Barbs|[of] p3b: Ferrothorn\n|-enditem|p3b: Ferrothorn|Sitrus Berry|[eat]\n|-heal|p3b: Ferrothorn|134\/253|[from] item: Sitrus Berry\n|move|p4b: Tapu Bulu|Swords Dance|p4b: Tapu Bulu\n|-boost|p4b: Tapu Bulu|atk|2\n|move|p1a: Araquanid|Lunge|p2a: Malamar\n|-supereffective|p2a: Malamar\n|-damage|p2a: Malamar|80\/282\n|-boost|p2a: Malamar|atk|1\n|move|p3b: Ferrothorn|Gyro Ball|p4b: Tapu Bulu\n|-supereffective|p4b: Tapu Bulu\n|-damage|p4b: Tapu Bulu|67\/243\n|-enditem|p4b: Tapu Bulu|Sitrus Berry|[eat]\n|-heal|p4b: Tapu Bulu|127\/243|[from] item: Sitrus Berry\n|\n|-heal|p2a: Malamar|97\/282|[from] Grassy Terrain\n|-heal|p4b: Tapu Bulu|142\/243|[from] Grassy Terrain\n|-heal|p1a: Araquanid|235\/251|[from] Grassy Terrain\n|-heal|p3b: Ferrothorn|149\/253|[from] Grassy Terrain\n|-damage|p2a: Malamar|62\/282|[from] Leech Seed|[of] p3b: Ferrothorn\n|-heal|p3b: Ferrothorn|184\/253|[silent]\n|-damage|p1a: Araquanid|204\/251|[from] Leech Seed|[of] p3b: Ferrothorn\n|-heal|p3b: Ferrothorn|215\/253|[silent]\n|upkeep\n|turn|12\n|inactive|Filhote de jegue has 120 seconds left.\n|inactive|horacetheman has 120 seconds left.\n|inactive|Jam1234567890 has 120 seconds left.\n|\n|t:|1617641119\n|switch|p3b: Palossand|Palossand, L88, M|293\/293\n|-activate|p3b: Palossand|move: Sticky Web\n|-unboost|p3b: Palossand|spe|1\n|move|p2a: Malamar|Rest|p2a: Malamar\n|-status|p2a: Malamar|slp|[from] move: Rest\n|-heal|p2a: Malamar|282\/282 slp|[silent]\n|move|p4b: Tapu Bulu|High Horsepower|p3b: Palossand\n|-damage|p3b: Palossand|163\/293\n|move|p1a: Araquanid|Lunge|p2a: Malamar\n|-supereffective|p2a: Malamar\n|-damage|p2a: Malamar|146\/282 slp\n|-boost|p2a: Malamar|atk|1\n|\n|-heal|p2a: Malamar|163\/282 slp|[from] Grassy Terrain\n|-heal|p4b: Tapu Bulu|157\/243|[from] Grassy Terrain\n|-heal|p1a: Araquanid|219\/251|[from] Grassy Terrain\n|-heal|p3b: Palossand|181\/293|[from] Grassy Terrain\n|-damage|p2a: Malamar|128\/282 slp|[from] Leech Seed|[of] p3b: Palossand\n|-heal|p3b: Palossand|216\/293|[silent]\n|-damage|p1a: Araquanid|188\/251|[from] Leech Seed|[of] p3b: Palossand\n|-heal|p3b: Palossand|247\/293|[silent]\n|upkeep\n|turn|13\n|inactive|Filhote de jegue has 120 seconds left.\n|inactive|horacetheman has 120 seconds left.\n|inactive|Jam1234567890 has 120 seconds left.\n|\n|t:|1617641159\n|cant|p2a: Malamar|slp\n|move|p4b: Tapu Bulu|Swords Dance|p4b: Tapu Bulu\n|-boost|p4b: Tapu Bulu|atk|2\n|move|p1a: Araquanid|Lunge|p2a: Malamar\n|-supereffective|p2a: Malamar\n|-damage|p2a: Malamar|4\/282 slp\n|-boost|p2a: Malamar|atk|1\n|move|p3b: Palossand|Hypnosis|p4b: Tapu Bulu|[miss]\n|-miss|p3b: Palossand|p4b: Tapu Bulu\n|\n|-heal|p2a: Malamar|21\/282 slp|[from] Grassy Terrain\n|-heal|p4b: Tapu Bulu|172\/243|[from] Grassy Terrain\n|-heal|p1a: Araquanid|203\/251|[from] Grassy Terrain\n|-heal|p3b: Palossand|265\/293|[from] Grassy Terrain\n|-damage|p2a: Malamar|0 fnt|[from] Leech Seed|[of] p3b: Palossand\n|-heal|p3b: Palossand|286\/293|[silent]\n|faint|p2a: Malamar\n|-damage|p1a: Araquanid|172\/251|[from] Leech Seed|[of] p3b: Palossand\n|-heal|p3b: Palossand|293\/293|[silent]\n|upkeep\n|\n|t:|1617641170\n|switch|p2a: Glastrier|Glastrier, L84|305\/305\n|-activate|p2a: Glastrier|move: Sticky Web\n|-unboost|p2a: Glastrier|spe|1\n|turn|14\n|\n|t:|1617641186\n|move|p3b: Palossand|Protect|p3b: Palossand\n|-singleturn|p3b: Palossand|Protect\n|move|p2a: Glastrier|Protect|p2a: Glastrier\n|-singleturn|p2a: Glastrier|Protect\n|move|p4b: Tapu Bulu|Horn Leech|p3b: Palossand\n|-activate|p3b: Palossand|move: Protect\n|move|p1a: Araquanid|Liquidation|p3b: Palossand\n|-activate|p3b: Palossand|move: Protect\n|\n|-heal|p4b: Tapu Bulu|187\/243|[from] Grassy Terrain\n|-heal|p1a: Araquanid|187\/251|[from] Grassy Terrain\n|-fieldend|move: Grassy Terrain\n|-damage|p1a: Araquanid|156\/251|[from] Leech Seed|[of] p3b: Palossand\n|upkeep\n|turn|15\n|\n|t:|1617641207\n|switch|p1a: Ludicolo|Ludicolo, L86, F|130\/278\n|switch|p3b: Leafeon|Leafeon, L86, F|142\/252\n|-activate|p3b: Leafeon|move: Sticky Web\n|-unboost|p3b: Leafeon|spe|1\n|move|p4b: Tapu Bulu|Horn Leech|p3b: Leafeon\n|-resisted|p3b: Leafeon\n|-crit|p3b: Leafeon\n|-damage|p3b: Leafeon|0 fnt\n|-heal|p4b: Tapu Bulu|243\/243|[from] drain|[of] p3b: Leafeon\n|faint|p3b: Leafeon\n|move|p2a: Glastrier|Icicle Crash|p3: Leafeon|[notarget]\n|-fail|p2a: Glastrier\n|\n|upkeep\n|\n|t:|1617641222\n|switch|p3b: Darmanitan|Darmanitan-Galar, L80, F|299\/299\n|-activate|p3b: Darmanitan|move: Sticky Web\n|-unboost|p3b: Darmanitan|spe|1\n|turn|16\n|\n|t:|1617641235\n|move|p2a: Glastrier|Protect|p2a: Glastrier\n|-singleturn|p2a: Glastrier|Protect\n|move|p1a: Ludicolo|Fake Out|p4b: Tapu Bulu\n|-damage|p4b: Tapu Bulu|222\/243\n|move|p3b: Darmanitan|Icicle Crash|p4b: Tapu Bulu|[miss]\n|-miss|p3b: Darmanitan|p4b: Tapu Bulu\n|cant|p4b: Tapu Bulu|flinch\n|\n|upkeep\n|turn|17\n|c|\u2606Jam1234567890|???\n|\n|t:|1617641262\n|-start|p2a: Glastrier|Dynamax\n|-heal|p2a: Glastrier|610\/610|[silent]\n|move|p3b: Darmanitan|Icicle Crash|p4b: Tapu Bulu\n|-supereffective|p4b: Tapu Bulu\n|-damage|p4b: Tapu Bulu|0 fnt\n|faint|p4b: Tapu Bulu\n|move|p1a: Ludicolo|Ice Beam|p4: Tapu Bulu|[notarget]\n|-fail|p1a: Ludicolo\n|move|p2a: Glastrier|Max Knuckle|p3b: Darmanitan\n|-supereffective|p3b: Darmanitan\n|-damage|p3b: Darmanitan|13\/299\n|-boost|p2a: Glastrier|atk|1\n|\n|upkeep\n|c|\u2606horacetheman|you're 3x attack\n|c|\u2606horacetheman|wtf you mean ???\n|inactive|Jam1234567890 has 120 seconds left.\n|\n|t:|1617641294\n|switch|p4b: Cinderace|Cinderace, L80, F|259\/259\n|-activate|p4b: Cinderace|move: Sticky Web\n|-unboost|p4b: Cinderace|spe|1\n|turn|18\n|inactive|Jam1234567890 has 120 seconds left.\n|\n|t:|1617641313\n|move|p3b: Darmanitan|Icicle Crash|p1a: Ludicolo\n|-damage|p1a: Ludicolo|0 fnt\n|faint|p1a: Ludicolo\n|move|p4b: Cinderace|Pyro Ball|p3b: Darmanitan\n|-supereffective|p3b: Darmanitan\n|-crit|p3b: Darmanitan\n|-damage|p3b: Darmanitan|0 fnt\n|-damage|p4b: Cinderace|234\/259|[from] item: Life Orb\n|faint|p3b: Darmanitan\n|move|p2a: Glastrier|Max Knuckle|p1: Ludicolo|[notarget]\n|-fail|p2a: Glastrier\n|\n|upkeep\n|\n|t:|1617641328\n|switch|p3b: Palossand|Palossand, L88, M|293\/293\n|switch|p1a: Araquanid|Araquanid, L84, F|156\/251\n|-activate|p3b: Palossand|move: Sticky Web\n|-unboost|p3b: Palossand|spe|1\n|turn|19\n|inactive|Jam1234567890 has 120 seconds left.\n|\n|t:|1617641363\n|move|p3b: Palossand|Protect|p3b: Palossand\n|-singleturn|p3b: Palossand|Protect\n|move|p4b: Cinderace|Pyro Ball|p1a: Araquanid\n|-crit|p1a: Araquanid\n|-damage|p1a: Araquanid|23\/251\n|-enditem|p1a: Araquanid|Sitrus Berry|[eat]\n|-heal|p1a: Araquanid|85\/251|[from] item: Sitrus Berry\n|-damage|p4b: Cinderace|209\/259|[from] item: Life Orb\n|move|p1a: Araquanid|Liquidation|p4b: Cinderace\n|-supereffective|p4b: Cinderace\n|-damage|p4b: Cinderace|0 fnt\n|faint|p4b: Cinderace\n|move|p2a: Glastrier|Max Quake|p4: Cinderace|[notarget]\n|-fail|p2a: Glastrier\n|\n|-end|p2a: Glastrier|Dynamax\n|-heal|p2a: Glastrier|305\/305|[silent]\n|upkeep\n|\n|t:|1617641386\n|switch|p4b: Exploud|Exploud, L88, F|326\/326\n|-activate|p4b: Exploud|move: Sticky Web\n|-unboost|p4b: Exploud|spe|1\n|turn|20\n|\n|t:|1617641397\n|move|p1a: Araquanid|Liquidation|p3b: Palossand\n|-supereffective|p3b: Palossand\n|-damage|p3b: Palossand|51\/293\n|-ability|p3b: Palossand|Water Compaction|boost\n|-boost|p3b: Palossand|def|2\n|-enditem|p3b: Palossand|Sitrus Berry|[eat]\n|-heal|p3b: Palossand|124\/293|[from] item: Sitrus Berry\n|move|p4b: Exploud|Boomburst|p2a: Glastrier|[spread] p1a,p2a,p3b\n|-damage|p1a: Araquanid|19\/251\n|-damage|p2a: Glastrier|223\/305\n|-damage|p3b: Palossand|23\/293\n|-damage|p4b: Exploud|294\/326|[from] item: Life Orb\n|move|p3b: Palossand|Hypnosis|p2a: Glastrier|[miss]\n|-miss|p3b: Palossand|p2a: Glastrier\n|move|p2a: Glastrier|Icicle Crash|p3b: Palossand\n|-supereffective|p3b: Palossand\n|-damage|p3b: Palossand|0 fnt\n|faint|p3b: Palossand\n|-ability|p2a: Glastrier|Chilling Neigh|boost\n|-boost|p2a: Glastrier|atk|1\n|\n|upkeep\n|\n|t:|1617641418\n|switch|p3b: Sandslash|Sandslash, L88, F|275\/275\n|-activate|p3b: Sandslash|move: Sticky Web\n|-unboost|p3b: Sandslash|spe|1\n|turn|21\n|\n|t:|1617641431\n|move|p3b: Sandslash|Protect|p3b: Sandslash\n|-singleturn|p3b: Sandslash|Protect\n|move|p2a: Glastrier|Protect|p2a: Glastrier\n|-singleturn|p2a: Glastrier|Protect\n|move|p1a: Araquanid|Liquidation|p4b: Exploud\n|-damage|p4b: Exploud|122\/326\n|move|p4b: Exploud|Boomburst|p1a: Araquanid|[spread] p1a\n|-activate|p2a: Glastrier|move: Protect\n|-activate|p3b: Sandslash|move: Protect\n|-damage|p1a: Araquanid|0 fnt\n|-damage|p4b: Exploud|90\/326|[from] item: Life Orb\n|faint|p1a: Araquanid\n|\n|upkeep\n|\n|t:|1617641452\n|switch|p1a: Arctozolt|Arctozolt, L88|302\/302\n|turn|22\n|\n|t:|1617641464\n|move|p1a: Arctozolt|Blizzard|p3b: Sandslash|[spread] p2a,p4b\n|-miss|p1a: Arctozolt|p3b: Sandslash\n|-enditem|p1a: Arctozolt|Blunder Policy\n|-boost|p1a: Arctozolt|spe|2\n|-resisted|p2a: Glastrier\n|-damage|p2a: Glastrier|199\/305\n|-damage|p4b: Exploud|20\/326\n|-status|p4b: Exploud|frz\n|cant|p4b: Exploud|frz\n|move|p3b: Sandslash|Drill Run|p1a: Arctozolt\n|-supereffective|p1a: Arctozolt\n|-damage|p1a: Arctozolt|132\/302\n|move|p2a: Glastrier|Icicle Crash|p3b: Sandslash\n|-supereffective|p3b: Sandslash\n|-damage|p3b: Sandslash|0 fnt\n|faint|p3b: Sandslash\n|-ability|p2a: Glastrier|Chilling Neigh|boost\n|-boost|p2a: Glastrier|atk|1\n|\n|upkeep\n|\n|t:|1617641482\n|switch|p3b: Diancie|Diancie, L80|211\/211\n|-activate|p3b: Diancie|move: Sticky Web\n|-fail|p3b: Diancie|unboost|[from] ability: Clear Body|[of] p3b: Diancie\n|turn|23\n|\n|t:|1617641505\n|move|p2a: Glastrier|Protect|p2a: Glastrier\n|-singleturn|p2a: Glastrier|Protect\n|move|p1a: Arctozolt|Bolt Beak|p3b: Diancie\n|-damage|p3b: Diancie|75\/211\n|move|p3b: Diancie|Diamond Storm|p2a: Glastrier|[spread] p1a,p4b\n|-activate|p2a: Glastrier|move: Protect\n|-supereffective|p1a: Arctozolt\n|-damage|p1a: Arctozolt|42\/302\n|-damage|p4b: Exploud|0 fnt\n|faint|p4b: Exploud\n|\n|upkeep\n|\n|t:|1617641528\n|switch|p4b: Alakazam|Alakazam, L80, F|219\/219\n|-activate|p4b: Alakazam|move: Sticky Web\n|-unboost|p4b: Alakazam|spe|1\n|turn|24\n|c|\u2606horacetheman|look at this noob not targeting the guy with 4 mons left and 2.5x\n|c|\u2606horacetheman|gg\n|-message|horacetheman forfeited.\n|faint|p3b: Diancie\n|l|\u2606horacetheman\n|c|\u2606Jam1234567890|:\/\n|c|\u2606DiameterXtreme|:\\\n|inactive|Jam1234567890 has 120 seconds left.\n|\n|t:|1617641566\n|move|p1a: Arctozolt|Bolt Beak|p4b: Alakazam\n|-damage|p4b: Alakazam|0 fnt\n|faint|p4b: Alakazam\n|move|p2a: Glastrier|Icicle Crash|p4: Alakazam|[notarget]\n|-fail|p2a: Glastrier\n|\n|upkeep\n|inactive|Jam1234567890 has 120 seconds left.\n|\n|t:|1617641573\n|switch|p4b: Ribombee|Ribombee, L84, M|164\/238\n|-activate|p4b: Ribombee|move: Sticky Web\n|-unboost|p4b: Ribombee|spe|1\n|turn|25\n|\n|t:|1617641591\n|-start|p4b: Ribombee|Dynamax\n|-heal|p4b: Ribombee|328\/476|[silent]\n|move|p1a: Arctozolt|Bolt Beak|p2a: Glastrier\n|-damage|p2a: Glastrier|45\/305\n|-enditem|p2a: Glastrier|Sitrus Berry|[eat]\n|-heal|p2a: Glastrier|121\/305|[from] item: Sitrus Berry\n|move|p4b: Ribombee|Max Starfall|p1a: Arctozolt\n|-damage|p1a: Arctozolt|0 fnt\n|-fieldstart|move: Misty Terrain\n|faint|p1a: Arctozolt\n|move|p2a: Glastrier|Icicle Crash|p4b: Ribombee\n|-damage|p4b: Ribombee|0 fnt\n|faint|p4b: Ribombee\n|-ability|p2a: Glastrier|Chilling Neigh|boost\n|-boost|p2a: Glastrier|atk|1\n|\n|upkeep\n|\n|t:|1617641610\n|switch|p1a: Buzzwole|Buzzwole, L80|302\/302\n|turn|26\n|\n|t:|1617641622\n|-start|p1a: Buzzwole|Dynamax\n|-heal|p1a: Buzzwole|604\/604|[silent]\n|move|p1a: Buzzwole|Max Knuckle|p2a: Glastrier\n|-supereffective|p2a: Glastrier\n|-damage|p2a: Glastrier|0 fnt\n|-boost|p1a: Buzzwole|atk|1\n|faint|p2a: Glastrier\n|-ability|p1a: Buzzwole|Beast Boost|boost\n|-boost|p1a: Buzzwole|atk|1\n|\n|upkeep\n|\n|t:|1617641631\n|switch|p2a: Klefki|Klefki, L84, M|233\/233\n|-activate|p2a: Klefki|move: Sticky Web\n|-unboost|p2a: Klefki|spe|1\n|turn|27\n|\n|t:|1617641645\n|move|p2a: Klefki|Thunder Wave|p1a: Buzzwole\n|-activate|p1a: Buzzwole|move: Misty Terrain\n|move|p1a: Buzzwole|Max Knuckle|p2a: Klefki\n|-damage|p2a: Klefki|0 fnt\n|-boost|p1a: Buzzwole|atk|1\n|faint|p2a: Klefki\n|-ability|p1a: Buzzwole|Beast Boost|boost\n|-boost|p1a: Buzzwole|atk|1\n|\n|upkeep\n|\n|t:|1617641650\n|switch|p2a: Lapras|Lapras, L84, M|355\/355\n|-activate|p2a: Lapras|move: Sticky Web\n|-unboost|p2a: Lapras|spe|1\n|turn|28\n|\n|t:|1617641661\n|move|p1a: Buzzwole|Max Knuckle|p2a: Lapras\n|-supereffective|p2a: Lapras\n|-damage|p2a: Lapras|0 fnt\n|-boost|p1a: Buzzwole|atk|1\n|faint|p2a: Lapras\n|-ability|p1a: Buzzwole|Beast Boost|boost\n|-boost|p1a: Buzzwole|atk|1\n|\n|-end|p1a: Buzzwole|Dynamax\n|-heal|p1a: Buzzwole|302\/302|[silent]\n|upkeep\n|\n|t:|1617641664\n|switch|p2a: Poliwrath|Poliwrath, L88, F|302\/302\n|-activate|p2a: Poliwrath|move: Sticky Web\n|-unboost|p2a: Poliwrath|spe|1\n|turn|29\n|c|\u2606DiameterXtreme|gg:\n|-message|DiameterXtreme forfeited.\n|faint|p2a: Poliwrath\n|\n|win|Filhote de jegue\n|l|\u2606DiameterXtreme\n|c|\u2606Jam1234567890|Gg\n|l|\u2606Filhote de jegue\n","inputlog":">version 817addfd62953a56828f03bf9628e483ddfaab4d\n>start {\"formatid\":\"gen8freeforallrandombattle\",\"seed\":[34421,19547,20272,31421]}\n>player p1 {\"name\":\"Filhote de jegue\",\"avatar\":\"170\",\"rating\":0,\"seed\":[41847,2559,15263,58884]}\n>player p2 {\"name\":\"DiameterXtreme\",\"avatar\":\"jasmine-gen2\",\"rating\":0,\"seed\":[20750,63720,53952,3487]}\n>player p3 {\"name\":\"horacetheman\",\"avatar\":\"fantina\",\"rating\":0,\"seed\":[55611,7120,48762,16339]}\n>player p4 {\"name\":\"Jam1234567890\",\"avatar\":\"n\",\"rating\":0,\"seed\":[38368,28521,54127,54742]}\n>p1 move fakeout\n>p2 move boomburst\n>p3 move protect\n>p4 move drainpunch\n>p1 switch 4\n>p2 move boomburst\n>p3 move leafblade\n>p4 move drainpunch\n>p1 move protect\n>p2 move boomburst\n>p3 move protect\n>p4 move protect\n>chat \u2606DiameterXtreme|lol\n>chat \u2606Jam1234567890|XD\n>p1 move eeriespell\n>p2 move boomburst\n>p3 switch 2\n>p4 move protect\n>p1 move protect\n>p2 switch 3\n>p3 move scorchingsands\n>p4 move highhorsepower\n>p1 move eeriespell\n>p2 move icywind\n>p3 switch 6\n>p4 move highhorsepower\n>p1 switch 5\n>p4 switch 6\n>p1 move closecombat\n>p2 switch 3\n>p3 move leechseed\n>p4 move moonblast\n>p1 move protect\n>p2 move overdrive\n>p3 move leechseed\n>p4 move pollenpuff\n>p2 switch 4\n>p1 move closecombat\n>p2 move superpower\n>p3 move leechseed\n>p4 move moonblast\n>chat \u2606DiameterXtreme|-_-\n>p1 switch 2\n>p1 move stickyweb\n>p2 move rest\n>p3 move leechseed\n>p4 switch 3\n>p1 move lunge\n>p2 move superpower\n>p3 move gyroball\n>p4 move swordsdance\n>p1 move lunge\n>p2 move rest\n>p3 switch 6\n>p4 move highhorsepower\n>p1 move lunge\n>p2 move knockoff\n>p3 move hypnosis\n>p4 move swordsdance\n>p2 switch 5\n>p1 move liquidation\n>p2 move protect\n>p3 move protect\n>p4 move hornleech\n>p1 switch 4\n>p2 move iciclecrash\n>p3 switch 2\n>p4 move hornleech\n>p3 switch 5\n>p1 move fakeout\n>p2 move protect\n>p3 move iciclecrash\n>p4 move hornleech\n>chat \u2606Jam1234567890|???\n>p1 move icebeam\n>p2 move closecombat dynamax\n>p3 move iciclecrash\n>p4 move hornleech\n>chat \u2606horacetheman|you're 3x attack\n>chat \u2606horacetheman|wtf you mean ???\n>p4 switch 5\n>p1 move hydropump\n>p2 move closecombat dynamax\n>p3 move iciclecrash\n>p4 move pyroball\n>p1 switch 4\n>p3 switch 2\n>p1 move liquidation\n>p2 move highhorsepower dynamax\n>p3 move protect\n>p4 move pyroball\n>p4 switch 4\n>p1 move liquidation\n>p2 move iciclecrash\n>p3 move hypnosis\n>p4 move boomburst\n>p3 switch 3\n>p1 move liquidation\n>p2 move protect\n>p3 move protect\n>p4 move boomburst\n>p1 switch 6\n>p1 move blizzard\n>p2 move iciclecrash\n>p3 move drillrun\n>p4 move focusblast\n>p3 switch 4\n>p1 move boltbeak\n>p2 move protect\n>p3 move diamondstorm\n>p4 move focusblast\n>p4 switch 2\n>chat \u2606horacetheman|look at this noob not targeting the guy with 4 mons left and 2.5x\n>chat \u2606horacetheman|gg\n>forcelose p3\n>chat \u2606Jam1234567890|:\/\n>chat \u2606DiameterXtreme|:\\\n>p1 move boltbeak\n>p2 move iciclecrash\n>p4 move psychic\n>p4 switch 3\n>p1 move boltbeak\n>p2 move iciclecrash\n>p4 move moonblast dynamax\n>p1 switch 3\n>p1 move closecombat dynamax\n>p2 move iciclecrash\n>p2 switch 6\n>p1 move closecombat dynamax\n>p2 move thunderwave\n>p2 switch 3\n>p1 move closecombat dynamax\n>p2 move hydropump\n>p2 switch 2\n>chat \u2606DiameterXtreme|gg:\n>forcelose p2","uploadtime":1617641703,"views":7,"p1id":"filhotedejegue","p2id":"diameterxtreme","formatid":"gen8freeforallrandombattle","rating":0,"private":0,"password":null}