{"id":"gen8bdspou-1460711896","p1":"yarzo","p2":"ferromolybdenum","format":"gen8bdspou","log":"|j|\u2606yarzo\n|j|\u2606ferromolybdenum\n|t:|1637835288\n|gametype|singles\n|player|p1|yarzo|giovanni|1365\n|player|p2|ferromolybdenum|170|1540\n|teamsize|p1|6\n|teamsize|p2|6\n|gen|8\n|tier|[Gen 8 BDSP] OU\n|rated|\n|rule|Sleep Clause Mod: Limit one foe put to sleep\n|rule|Species Clause: Limit one of each Pok\u00e9mon\n|rule|OHKO Clause: OHKO moves are banned\n|rule|Evasion Moves Clause: Evasion moves are banned\n|rule|Endless Battle Clause: Forcing endless battles is banned\n|rule|HP Percentage Mod: HP is shown in percentages\n|clearpoke\n|poke|p1|Infernape, M|\n|poke|p1|Lucario, M|\n|poke|p1|Gengar, M|\n|poke|p1|Bronzong|\n|poke|p1|Azumarill, F|\n|poke|p1|Latios, M|\n|poke|p2|Shedinja|\n|poke|p2|Xatu, F|\n|poke|p2|Clefable, M|\n|poke|p2|Blissey, F|\n|poke|p2|Slowbro, F|\n|poke|p2|Gliscor, F|\n|teampreview\n|\n|t:|1637835310\n|start\n|switch|p1a: Infernape|Infernape, M|100\/100\n|switch|p2a: Blissey|Blissey, F|100\/100\n|turn|1\n|inactive|Battle timer is ON: inactive players will automatically lose when time's up. (requested by ferromolybdenum)\n|\n|t:|1637835319\n|switch|p2a: Slowbro|Slowbro, F|100\/100\n|move|p1a: Infernape|Stealth Rock|p2a: Slowbro\n|-sidestart|p2: ferromolybdenum|move: Stealth Rock\n|\n|upkeep\n|turn|2\n|\n|t:|1637835330\n|switch|p1a: Latios|Latios, M|100\/100\n|move|p2a: Slowbro|Scald|p1a: Latios\n|-resisted|p1a: Latios\n|-damage|p1a: Latios|86\/100\n|-status|p1a: Latios|brn\n|\n|-damage|p1a: Latios|80\/100 brn|[from] brn\n|upkeep\n|turn|3\n|\n|t:|1637835346\n|switch|p2a: Blissey|Blissey, F|100\/100\n|-damage|p2a: Blissey|88\/100|[from] Stealth Rock\n|move|p1a: Latios|Draco Meteor|p2a: Blissey\n|-damage|p2a: Blissey|62\/100\n|-unboost|p1a: Latios|spa|2\n|\n|-heal|p2a: Blissey|69\/100|[from] item: Leftovers\n|-damage|p1a: Latios|74\/100 brn|[from] brn\n|upkeep\n|turn|4\n|\n|t:|1637835359\n|switch|p1a: Lucario|Lucario, M|100\/100\n|move|p2a: Blissey|Stealth Rock|p1a: Lucario\n|-sidestart|p1: yarzo|move: Stealth Rock\n|\n|-heal|p2a: Blissey|75\/100|[from] item: Leftovers\n|upkeep\n|turn|5\n|\n|t:|1637835366\n|switch|p2a: Gliscor|Gliscor, F|100\/100\n|-damage|p2a: Gliscor|88\/100|[from] Stealth Rock\n|move|p1a: Lucario|Swords Dance|p1a: Lucario\n|-boost|p1a: Lucario|atk|2\n|\n|-status|p2a: Gliscor|tox|[from] item: Toxic Orb\n|upkeep\n|turn|6\n|\n|t:|1637835376\n|move|p1a: Lucario|Meteor Mash|p2a: Gliscor\n|-crit|p2a: Gliscor\n|-damage|p2a: Gliscor|0 fnt\n|faint|p2a: Gliscor\n|-damage|p1a: Lucario|91\/100|[from] item: Life Orb\n|\n|upkeep\n|\n|t:|1637835381\n|switch|p2a: Slowbro|Slowbro, F|100\/100\n|-damage|p2a: Slowbro|88\/100|[from] Stealth Rock\n|turn|7\n|\n|t:|1637835393\n|move|p1a: Lucario|Swords Dance|p1a: Lucario\n|-boost|p1a: Lucario|atk|2\n|move|p2a: Slowbro|Yawn|p1a: Lucario\n|-start|p1a: Lucario|move: Yawn|[of] p2a: Slowbro\n|\n|-heal|p2a: Slowbro|94\/100|[from] item: Leftovers\n|upkeep\n|turn|8\n|\n|t:|1637835403\n|move|p1a: Lucario|Extreme Speed|p2a: Slowbro\n|-damage|p2a: Slowbro|42\/100\n|-damage|p1a: Lucario|81\/100|[from] item: Life Orb\n|move|p2a: Slowbro|Slack Off|p2a: Slowbro\n|-heal|p2a: Slowbro|92\/100\n|\n|-heal|p2a: Slowbro|98\/100|[from] item: Leftovers\n|-end|p1a: Lucario|move: Yawn|[silent]\n|-status|p1a: Lucario|slp\n|upkeep\n|turn|9\n|\n|t:|1637835414\n|cant|p1a: Lucario|slp\n|move|p2a: Slowbro|Scald|p1a: Lucario\n|-damage|p1a: Lucario|34\/100 slp\n|\n|-heal|p2a: Slowbro|100\/100|[from] item: Leftovers\n|upkeep\n|turn|10\n|\n|t:|1637835423\n|-curestatus|p1a: Lucario|slp|[msg]\n|move|p1a: Lucario|Extreme Speed|p2a: Slowbro\n|-damage|p2a: Slowbro|46\/100\n|-damage|p1a: Lucario|24\/100|[from] item: Life Orb\n|move|p2a: Slowbro|Scald|p1a: Lucario\n|-damage|p1a: Lucario|0 fnt\n|faint|p1a: Lucario\n|\n|-heal|p2a: Slowbro|53\/100|[from] item: Leftovers\n|upkeep\n|\n|t:|1637835444\n|switch|p1a: Azumarill|Azumarill, F|100\/100\n|-damage|p1a: Azumarill|88\/100|[from] Stealth Rock\n|turn|11\n|\n|t:|1637835454\n|switch|p2a: Shedinja|Shedinja|100\/100\n|-damage|p2a: Shedinja|0 fnt|[from] Stealth Rock\n|faint|p2a: Shedinja\n|move|p1a: Azumarill|Play Rough|p2: Shedinja|[notarget]\n|-fail|p1a: Azumarill\n|\n|upkeep\n|\n|t:|1637835457\n|switch|p2a: Slowbro|Slowbro, F|86\/100\n|-damage|p2a: Slowbro|73\/100|[from] Stealth Rock\n|turn|12\n|\n|t:|1637835465\n|move|p1a: Azumarill|Play Rough|p2a: Slowbro\n|-damage|p2a: Slowbro|19\/100\n|move|p2a: Slowbro|Slack Off|p2a: Slowbro\n|-heal|p2a: Slowbro|69\/100\n|\n|-heal|p2a: Slowbro|75\/100|[from] item: Leftovers\n|upkeep\n|turn|13\n|\n|t:|1637835485\n|switch|p1a: Latios|Latios, M|74\/100 brn\n|-damage|p1a: Latios|61\/100 brn|[from] Stealth Rock\n|move|p2a: Slowbro|Slack Off|p2a: Slowbro\n|-heal|p2a: Slowbro|100\/100\n|\n|-damage|p1a: Latios|55\/100 brn|[from] brn\n|upkeep\n|turn|14\n|\n|t:|1637835495\n|switch|p2a: Blissey|Blissey, F|75\/100\n|-damage|p2a: Blissey|62\/100|[from] Stealth Rock\n|move|p1a: Latios|Thunderbolt|p2a: Blissey\n|-damage|p2a: Blissey|51\/100\n|\n|-heal|p2a: Blissey|58\/100|[from] item: Leftovers\n|-damage|p1a: Latios|49\/100 brn|[from] brn\n|upkeep\n|turn|15\n|\n|t:|1637835512\n|switch|p1a: Azumarill|Azumarill, F|88\/100\n|-damage|p1a: Azumarill|76\/100|[from] Stealth Rock\n|move|p2a: Blissey|Soft-Boiled|p2a: Blissey\n|-heal|p2a: Blissey|100\/100\n|\n|upkeep\n|turn|16\n|\n|t:|1637835519\n|switch|p2a: Slowbro|Slowbro, F|100\/100\n|-damage|p2a: Slowbro|88\/100|[from] Stealth Rock\n|move|p1a: Azumarill|Play Rough|p2a: Slowbro\n|-damage|p2a: Slowbro|36\/100\n|\n|-heal|p2a: Slowbro|42\/100|[from] item: Leftovers\n|upkeep\n|turn|17\n|\n|t:|1637835529\n|switch|p2a: Xatu|Xatu, F|100\/100\n|-damage|p2a: Xatu|76\/100|[from] Stealth Rock\n|move|p1a: Azumarill|Play Rough|p2a: Xatu\n|-damage|p2a: Xatu|0 fnt\n|faint|p2a: Xatu\n|\n|upkeep\n|\n|t:|1637835533\n|switch|p2a: Slowbro|Slowbro, F|75\/100\n|-damage|p2a: Slowbro|63\/100|[from] Stealth Rock\n|turn|18\n|\n|t:|1637835544\n|switch|p1a: Latios|Latios, M|49\/100 brn\n|-damage|p1a: Latios|37\/100 brn|[from] Stealth Rock\n|move|p2a: Slowbro|Slack Off|p2a: Slowbro\n|-heal|p2a: Slowbro|100\/100\n|\n|-damage|p1a: Latios|31\/100 brn|[from] brn\n|upkeep\n|turn|19\n|\n|t:|1637835554\n|switch|p2a: Blissey|Blissey, F|100\/100\n|-damage|p2a: Blissey|88\/100|[from] Stealth Rock\n|move|p1a: Latios|Thunderbolt|p2a: Blissey\n|-damage|p2a: Blissey|76\/100\n|\n|-heal|p2a: Blissey|83\/100|[from] item: Leftovers\n|-damage|p1a: Latios|25\/100 brn|[from] brn\n|upkeep\n|turn|20\n|\n|t:|1637835565\n|move|p1a: Latios|Thunderbolt|p2a: Blissey\n|-damage|p2a: Blissey|72\/100\n|-status|p2a: Blissey|par\n|move|p2a: Blissey|Seismic Toss|p1a: Latios\n|-damage|p1a: Latios|0 fnt\n|faint|p1a: Latios\n|\n|-heal|p2a: Blissey|78\/100 par|[from] item: Leftovers\n|upkeep\n|\n|t:|1637835577\n|switch|p1a: Azumarill|Azumarill, F|76\/100\n|-damage|p1a: Azumarill|63\/100|[from] Stealth Rock\n|turn|21\n|\n|t:|1637835581\n|-curestatus|p2a: Blissey|par|[from] ability: Natural Cure\n|switch|p2a: Slowbro|Slowbro, F|100\/100\n|-damage|p2a: Slowbro|88\/100|[from] Stealth Rock\n|move|p1a: Azumarill|Play Rough|p2a: Slowbro\n|-damage|p2a: Slowbro|36\/100\n|\n|-heal|p2a: Slowbro|42\/100|[from] item: Leftovers\n|upkeep\n|turn|22\n|\n|t:|1637835592\n|switch|p2a: Clefable|Clefable, M|100\/100\n|-damage|p2a: Clefable|88\/100|[from] Stealth Rock\n|move|p1a: Azumarill|Play Rough|p2a: Clefable|[miss]\n|-miss|p1a: Azumarill|p2a: Clefable\n|\n|-heal|p2a: Clefable|94\/100|[from] item: Leftovers\n|upkeep\n|turn|23\n|j| sakotasjld\n|\n|t:|1637835602\n|switch|p1a: Bronzong|Bronzong|100\/100\n|-damage|p1a: Bronzong|94\/100|[from] Stealth Rock\n|move|p2a: Clefable|Wish|p2a: Clefable\n|\n|-heal|p2a: Clefable|99\/100|[from] item: Leftovers\n|-heal|p1a: Bronzong|100\/100|[from] item: Leftovers\n|upkeep\n|turn|24\n|\n|t:|1637835614\n|switch|p2a: Slowbro|Slowbro, F|75\/100\n|-damage|p2a: Slowbro|63\/100|[from] Stealth Rock\n|switch|p1a: Gengar|Gengar, M, shiny|100\/100\n|-damage|p1a: Gengar|88\/100|[from] Stealth Rock\n|\n|-heal|p2a: Slowbro|100\/100|[from] move: Wish|[wisher] Clefable\n|upkeep\n|turn|25\n|\n|t:|1637835631\n|switch|p2a: Blissey|Blissey, F|78\/100\n|-damage|p2a: Blissey|65\/100|[from] Stealth Rock\n|move|p1a: Gengar|Energy Ball|p2a: Blissey\n|-crit|p2a: Blissey\n|-damage|p2a: Blissey|39\/100\n|-unboost|p2a: Blissey|spd|1\n|\n|-heal|p2a: Blissey|45\/100|[from] item: Leftovers\n|upkeep\n|turn|26\n|\n|t:|1637835644\n|switch|p1a: Azumarill|Azumarill, F|63\/100\n|-damage|p1a: Azumarill|51\/100|[from] Stealth Rock\n|move|p2a: Blissey|Soft-Boiled|p2a: Blissey\n|-heal|p2a: Blissey|95\/100\n|\n|-heal|p2a: Blissey|100\/100|[from] item: Leftovers\n|upkeep\n|turn|27\n|j| klq\n|\n|t:|1637835654\n|switch|p2a: Clefable|Clefable, M|99\/100\n|-damage|p2a: Clefable|88\/100|[from] Stealth Rock\n|move|p1a: Azumarill|Play Rough|p2a: Clefable\n|-damage|p2a: Clefable|18\/100\n|\n|-heal|p2a: Clefable|24\/100|[from] item: Leftovers\n|upkeep\n|turn|28\n|j| Litvyak\n|\n|t:|1637835666\n|move|p2a: Clefable|Protect|p2a: Clefable\n|-singleturn|p2a: Clefable|Protect\n|move|p1a: Azumarill|Play Rough|p2a: Clefable\n|-activate|p2a: Clefable|move: Protect\n|\n|-heal|p2a: Clefable|30\/100|[from] item: Leftovers\n|upkeep\n|turn|29\n|\n|t:|1637835674\n|move|p2a: Clefable|Protect|p2a: Clefable\n|-singleturn|p2a: Clefable|Protect\n|move|p1a: Azumarill|Play Rough|p2a: Clefable\n|-activate|p2a: Clefable|move: Protect\n|\n|-heal|p2a: Clefable|37\/100|[from] item: Leftovers\n|upkeep\n|turn|30\n|\n|t:|1637835683\n|move|p2a: Clefable|Wish|p2a: Clefable\n|move|p1a: Azumarill|Play Rough|p2a: Clefable\n|-damage|p2a: Clefable|0 fnt\n|faint|p2a: Clefable\n|\n|upkeep\n|\n|t:|1637835686\n|switch|p2a: Slowbro|Slowbro, F|100\/100\n|-damage|p2a: Slowbro|88\/100|[from] Stealth Rock\n|turn|31\n|\n|t:|1637835703\n|move|p1a: Azumarill|Play Rough|p2a: Slowbro\n|-damage|p2a: Slowbro|35\/100\n|move|p2a: Slowbro|Scald|p1a: Azumarill\n|-resisted|p1a: Azumarill\n|-damage|p1a: Azumarill|36\/100\n|\n|-heal|p2a: Slowbro|85\/100|[from] move: Wish|[wisher] Clefable\n|-heal|p2a: Slowbro|91\/100|[from] item: Leftovers\n|upkeep\n|turn|32\n|\n|t:|1637835715\n|switch|p1a: Gengar|Gengar, M, shiny|88\/100\n|-damage|p1a: Gengar|76\/100|[from] Stealth Rock\n|move|p2a: Slowbro|Slack Off|p2a: Slowbro\n|-heal|p2a: Slowbro|100\/100\n|\n|upkeep\n|turn|33\n|\n|t:|1637835724\n|switch|p2a: Blissey|Blissey, F|100\/100\n|-damage|p2a: Blissey|88\/100|[from] Stealth Rock\n|move|p1a: Gengar|Energy Ball|p2a: Blissey\n|-damage|p2a: Blissey|70\/100\n|\n|-heal|p2a: Blissey|76\/100|[from] item: Leftovers\n|upkeep\n|turn|34\n|\n|t:|1637835735\n|switch|p1a: Infernape|Infernape, M|100\/100\n|-damage|p1a: Infernape|88\/100|[from] Stealth Rock\n|switch|p2a: Slowbro|Slowbro, F|100\/100\n|-damage|p2a: Slowbro|88\/100|[from] Stealth Rock\n|\n|-heal|p2a: Slowbro|94\/100|[from] item: Leftovers\n|upkeep\n|turn|35\n|\n|t:|1637835745\n|move|p1a: Infernape|Thunder Punch|p2a: Slowbro\n|-supereffective|p2a: Slowbro\n|-damage|p2a: Slowbro|64\/100\n|move|p2a: Slowbro|Scald|p1a: Infernape\n|-supereffective|p1a: Infernape\n|-damage|p1a: Infernape|0 fnt\n|faint|p1a: Infernape\n|\n|-heal|p2a: Slowbro|70\/100|[from] item: Leftovers\n|upkeep\n|\n|t:|1637835769\n|switch|p1a: Gengar|Gengar, M, shiny|76\/100\n|-damage|p1a: Gengar|64\/100|[from] Stealth Rock\n|turn|36\n|\n|t:|1637835776\n|switch|p1a: Azumarill|Azumarill, F|36\/100\n|-damage|p1a: Azumarill|24\/100|[from] Stealth Rock\n|move|p2a: Slowbro|Scald|p1a: Azumarill\n|-resisted|p1a: Azumarill\n|-damage|p1a: Azumarill|9\/100\n|\n|-heal|p2a: Slowbro|76\/100|[from] item: Leftovers\n|upkeep\n|turn|37\n|\n|t:|1637835789\n|move|p1a: Azumarill|Play Rough|p2a: Slowbro\n|-damage|p2a: Slowbro|28\/100\n|-unboost|p2a: Slowbro|atk|1\n|move|p2a: Slowbro|Scald|p1a: Azumarill\n|-resisted|p1a: Azumarill\n|-damage|p1a: Azumarill|0 fnt\n|faint|p1a: Azumarill\n|\n|-heal|p2a: Slowbro|35\/100|[from] item: Leftovers\n|upkeep\n|l| klq\n|\n|t:|1637835801\n|switch|p1a: Gengar|Gengar, M, shiny|64\/100\n|-damage|p1a: Gengar|51\/100|[from] Stealth Rock\n|turn|38\n|\n|t:|1637835815\n|switch|p1a: Bronzong|Bronzong|100\/100\n|-damage|p1a: Bronzong|94\/100|[from] Stealth Rock\n|switch|p2a: Blissey|Blissey, F|76\/100\n|-damage|p2a: Blissey|64\/100|[from] Stealth Rock\n|\n|-heal|p2a: Blissey|70\/100|[from] item: Leftovers\n|-heal|p1a: Bronzong|100\/100|[from] item: Leftovers\n|upkeep\n|turn|39\n|\n|t:|1637835827\n|move|p2a: Blissey|Soft-Boiled|p2a: Blissey\n|-heal|p2a: Blissey|100\/100\n|move|p1a: Bronzong|Earthquake|p2a: Blissey\n|-damage|p2a: Blissey|74\/100\n|\n|-heal|p2a: Blissey|81\/100|[from] item: Leftovers\n|upkeep\n|turn|40\n|\n|t:|1637835840\n|switch|p2a: Slowbro|Slowbro, F|68\/100\n|-damage|p2a: Slowbro|55\/100|[from] Stealth Rock\n|move|p1a: Bronzong|Gyro Ball|p2a: Slowbro\n|-resisted|p2a: Slowbro\n|-crit|p2a: Slowbro\n|-damage|p2a: Slowbro|47\/100\n|\n|-heal|p2a: Slowbro|53\/100|[from] item: Leftovers\n|upkeep\n|turn|41\n|\n|t:|1637835854\n|move|p2a: Slowbro|Slack Off|p2a: Slowbro\n|-heal|p2a: Slowbro|100\/100\n|move|p1a: Bronzong|Explosion|p2a: Slowbro\n|-damage|p2a: Slowbro|58\/100\n|faint|p1a: Bronzong\n|\n|-heal|p2a: Slowbro|64\/100|[from] item: Leftovers\n|upkeep\n|\n|t:|1637835863\n|switch|p1a: Gengar|Gengar, M, shiny|51\/100\n|-damage|p1a: Gengar|39\/100|[from] Stealth Rock\n|turn|42\n|\n|t:|1637835869\n|switch|p2a: Blissey|Blissey, F|81\/100\n|-damage|p2a: Blissey|68\/100|[from] Stealth Rock\n|move|p1a: Gengar|Shadow Ball|p2a: Blissey\n|-immune|p2a: Blissey\n|\n|-heal|p2a: Blissey|74\/100|[from] item: Leftovers\n|upkeep\n|turn|43\n|-message|yarzo forfeited.\n|\n|win|ferromolybdenum\n|raw|yarzo's rating: 1365 &rarr; <strong>1354<\/strong><br \/>(-11 for losing)\n|raw|ferromolybdenum's rating: 1540 &rarr; <strong>1551<\/strong><br \/>(+11 for winning)\n|l| Litvyak\n|l|\u2606yarzo\n","uploadtime":1637835888,"views":14,"p1id":"yarzo","p2id":"ferromolybdenum","formatid":"gen8bdspou","rating":1354,"private":0,"password":null}