{"id":"gen8pu-1296624441","p1":"PedroGreg","p2":"Uberfiend","format":"gen8pu","log":"|j|\u2606PedroGreg\n|j|\u2606Uberfiend\n|t:|1615159380\n|player|p1|PedroGreg|elesa|1349\n|player|p2|Uberfiend|pokefan-gen4|1292\n|teamsize|p1|6\n|teamsize|p2|6\n|gametype|singles\n|gen|8\n|tier|[Gen 8] PU\n|rated|\n|clearpoke\n|poke|p1|Mesprit|\n|poke|p1|Arctovish|\n|poke|p1|Exeggutor-Alola, F|\n|poke|p1|Throh, M|\n|poke|p1|Whimsicott, M|\n|poke|p1|Gourgeist-*, M|\n|poke|p2|Whimsicott, F|\n|poke|p2|Hitmontop, M|\n|poke|p2|Braviary, M|\n|poke|p2|Silvally-*|\n|poke|p2|Druddigon, M|\n|poke|p2|Gourgeist-*, M|\n|rule|Sleep Clause Mod: Limit one foe put to sleep\n|rule|Species Clause: Limit one of each Pok\u00e9mon\n|rule|OHKO Clause: OHKO moves are banned\n|rule|Evasion Moves Clause: Evasion moves are banned\n|rule|Endless Battle Clause: Forcing endless battles is banned\n|rule|HP Percentage Mod: HP is shown in percentages\n|rule|Dynamax Clause: You cannot dynamax\n|teampreview\n|\n|t:|1615159397\n|start\n|switch|p1a: Mesprit|Mesprit|100\/100\n|switch|p2a: Gourgeist|Gourgeist-Small, M|100\/100\n|-item|p1a: Mesprit|Colbur Berry|[from] ability: Frisk|[of] p2a: Gourgeist|[identify]\n|turn|1\n|\n|t:|1615159421\n|switch|p1a: Whimsicott|Whimsicott, M|100\/100\n|move|p2a: Gourgeist|Poltergeist|p1a: Whimsicott\n|-activate|p1a: Whimsicott|move: Poltergeist|Heavy-Duty Boots\n|-damage|p1a: Whimsicott|40\/100\n|\n|upkeep\n|turn|2\n|\n|t:|1615159429\n|move|p1a: Whimsicott|Memento|p2a: Gourgeist\n|-unboost|p2a: Gourgeist|atk|2\n|-unboost|p2a: Gourgeist|spa|2\n|faint|p1a: Whimsicott\n|move|p2a: Gourgeist|Poltergeist|p1: Whimsicott|[notarget]\n|-fail|p2a: Gourgeist\n|\n|upkeep\n|\n|t:|1615159435\n|switch|p1a: Gourgeist|Gourgeist-Super, M|100\/100\n|-item|p2a: Gourgeist|Choice Scarf|[from] ability: Frisk|[of] p1a: Gourgeist|[identify]\n|turn|3\n|\n|t:|1615159442\n|switch|p2a: Braviary|Braviary, M|100\/100\n|move|p1a: Gourgeist|Poltergeist|p2a: Braviary\n|-immune|p2a: Braviary\n|\n|upkeep\n|turn|4\n|\n|t:|1615159444\n|move|p2a: Braviary|Brave Bird|p1a: Gourgeist\n|-supereffective|p1a: Gourgeist\n|-damage|p1a: Gourgeist|0 fnt\n|-damage|p2a: Braviary|70\/100|[from] Recoil\n|-damage|p2a: Braviary|60\/100|[from] item: Life Orb\n|faint|p1a: Gourgeist\n|\n|upkeep\n|\n|t:|1615159449\n|switch|p1a: Mesprit|Mesprit|100\/100\n|turn|5\n|\n|t:|1615159452\n|move|p2a: Braviary|Brave Bird|p1a: Mesprit\n|-damage|p1a: Mesprit|47\/100\n|-damage|p2a: Braviary|44\/100|[from] Recoil\n|-damage|p2a: Braviary|34\/100|[from] item: Life Orb\n|move|p1a: Mesprit|Stealth Rock|p2a: Braviary\n|-sidestart|p2: Uberfiend|move: Stealth Rock\n|\n|upkeep\n|turn|6\n|\n|t:|1615159456\n|move|p2a: Braviary|Roost|p2a: Braviary\n|-heal|p2a: Braviary|84\/100\n|-singleturn|p2a: Braviary|move: Roost\n|move|p1a: Mesprit|Trick Room|p1a: Mesprit\n|-fieldstart|move: Trick Room|[of] p1a: Mesprit\n|\n|upkeep\n|turn|7\n|\n|t:|1615159461\n|move|p2a: Braviary|Defog|p1a: Mesprit\n|-unboost|p1a: Mesprit|evasion|1\n|-sideend|p2: Uberfiend|Stealth Rock|[from] move: Defog|[of] p2a: Braviary\n|move|p1a: Mesprit|Psychic|p2a: Braviary\n|-damage|p2a: Braviary|47\/100\n|\n|upkeep\n|turn|8\n|\n|t:|1615159467\n|move|p2a: Braviary|Roost|p2a: Braviary\n|-heal|p2a: Braviary|97\/100\n|-singleturn|p2a: Braviary|move: Roost\n|move|p1a: Mesprit|U-turn|p2a: Braviary\n|-damage|p2a: Braviary|82\/100\n|\n|t:|1615159469\n|switch|p1a: Throh|Throh, M|100\/100|[from]move: U-turn\n|\n|-status|p1a: Throh|brn|[from] item: Flame Orb\n|upkeep\n|turn|9\n|\n|t:|1615159473\n|move|p1a: Throh|Superpower|p2a: Braviary\n|-damage|p2a: Braviary|0 fnt\n|-unboost|p1a: Throh|atk|1\n|-unboost|p1a: Throh|def|1\n|faint|p2a: Braviary\n|\n|-damage|p1a: Throh|94\/100 brn|[from] brn\n|upkeep\n|\n|t:|1615159477\n|switch|p2a: Druddigon|Druddigon, M|100\/100\n|-ability|p2a: Druddigon|Mold Breaker\n|turn|10\n|\n|t:|1615159481\n|switch|p1a: Mesprit|Mesprit|47\/100\n|move|p2a: Druddigon|Dragon Tail|p1a: Mesprit\n|-damage|p1a: Mesprit|28\/100\n|drag|p1a: Exeggutor|Exeggutor-Alola, F|100\/100\n|-item|p2a: Druddigon|Mental Herb|[from] ability: Frisk|[of] p1a: Exeggutor|[identify]\n|\n|-fieldend|move: Trick Room\n|upkeep\n|turn|11\n|\n|t:|1615159493\n|move|p2a: Druddigon|Glare|p1a: Exeggutor\n|-status|p1a: Exeggutor|par\n|move|p1a: Exeggutor|Trick Room|p1a: Exeggutor\n|-fieldstart|move: Trick Room|[of] p1a: Exeggutor\n|\n|upkeep\n|turn|12\n|\n|t:|1615159501\n|switch|p1a: Mesprit|Mesprit|28\/100\n|move|p2a: Druddigon|Dragon Tail|p1a: Mesprit\n|-damage|p1a: Mesprit|10\/100\n|drag|p1a: Arctovish|Arctovish|100\/100\n|\n|upkeep\n|turn|13\n|\n|t:|1615159510\n|move|p1a: Arctovish|Icicle Crash|p2a: Druddigon\n|-supereffective|p2a: Druddigon\n|-damage|p2a: Druddigon|0 fnt\n|faint|p2a: Druddigon\n|\n|upkeep\n|\n|t:|1615159516\n|switch|p2a: Silvally\u2013Flying|Silvally-Steel|100\/100\n|turn|14\n|\n|t:|1615159523\n|switch|p1a: Throh|Throh, M|94\/100 brn\n|move|p2a: Silvally\u2013Flying|Psychic Fangs|p1a: Throh\n|-supereffective|p1a: Throh\n|-damage|p1a: Throh|48\/100 brn\n|\n|-damage|p1a: Throh|42\/100 brn|[from] brn\n|upkeep\n|turn|15\n|\n|t:|1615159529\n|switch|p2a: Gourgeist|Gourgeist-Small, M|100\/100\n|-item|p1a: Throh|Flame Orb|[from] ability: Frisk|[of] p2a: Gourgeist|[identify]\n|move|p1a: Throh|Knock Off|p2a: Gourgeist\n|-supereffective|p2a: Gourgeist\n|-damage|p2a: Gourgeist|0 fnt\n|-enditem|p2a: Gourgeist|Choice Scarf|[from] move: Knock Off|[of] p1a: Throh\n|faint|p2a: Gourgeist\n|\n|-damage|p1a: Throh|36\/100 brn|[from] brn\n|-fieldend|move: Trick Room\n|upkeep\n|\n|t:|1615159534\n|switch|p2a: Whimsicott|Whimsicott, F|100\/100\n|turn|16\n|\n|t:|1615159540\n|move|p2a: Whimsicott|Moonblast|p1a: Throh\n|-supereffective|p1a: Throh\n|-damage|p1a: Throh|0 fnt\n|faint|p1a: Throh\n|\n|upkeep\n|\n|t:|1615159544\n|switch|p1a: Arctovish|Arctovish|100\/100\n|turn|17\n|\n|t:|1615159549\n|switch|p1a: Exeggutor|Exeggutor-Alola, F|100\/100 par\n|-item|p2a: Whimsicott|Pixie Plate|[from] ability: Frisk|[of] p1a: Exeggutor|[identify]\n|move|p2a: Whimsicott|Moonblast|p1a: Exeggutor\n|-supereffective|p1a: Exeggutor\n|-damage|p1a: Exeggutor|3\/100 par\n|\n|upkeep\n|turn|18\n|-message|PedroGreg forfeited.\n|\n|win|Uberfiend\n|l|\u2606PedroGreg\n||Ladder (probably) updated, but score could not be retrieved (Request timeout).\n","uploadtime":1615159560,"views":43,"p1id":"pedrogreg","p2id":"uberfiend","formatid":"gen8pu","rating":0,"private":0,"password":null}