{"id":"gen8ou-1700863036","p1":"Shinjou Akane","p2":"Aleexq","format":"gen8ou","log":"|j|\u2606Shinjou Akane\n|j|\u2606Aleexq\n|t:|1667394172\n|gametype|singles\n|player|p1|Shinjou Akane|nurse|1620\n|player|p2|Aleexq|169|1589\n|teamsize|p1|6\n|teamsize|p2|6\n|gen|8\n|tier|[Gen 8] OU\n|rated|\n|rule|Sleep Clause Mod: Limit one foe put to sleep\n|rule|Species Clause: Limit one of each Pok\u00e9mon\n|rule|OHKO Clause: OHKO moves are banned\n|rule|Evasion Items Clause: Evasion items are banned\n|rule|Evasion Moves Clause: Evasion moves are banned\n|rule|Endless Battle Clause: Forcing endless battles is banned\n|rule|HP Percentage Mod: HP is shown in percentages\n|rule|Dynamax Clause: You cannot dynamax\n|clearpoke\n|poke|p1|Tapu Lele|\n|poke|p1|Blacephalon|\n|poke|p1|Tyranitar, F|\n|poke|p1|Landorus-Therian, M|\n|poke|p1|Corviknight, M|\n|poke|p1|Toxapex, M|\n|poke|p2|Pelipper, F|\n|poke|p2|Araquanid, M|\n|poke|p2|Barraskewda, M|\n|poke|p2|Kingdra, M|\n|poke|p2|Golbat, F|\n|poke|p2|Victini|\n|teampreview\n|\n|t:|1667394180\n|start\n|switch|p1a: Tyranitar|Tyranitar, F|100\/100\n|switch|p2a: Victini|Victini|100\/100\n|-weather|Sandstorm|[from] ability: Sand Stream|[of] p1a: Tyranitar\n|turn|1\n|\n|t:|1667394190\n|switch|p1a: Corviknight|Corviknight, M|100\/100\n|-ability|p1a: Corviknight|Pressure\n|move|p2a: Victini|Blue Flare|p1a: Corviknight\n|-supereffective|p1a: Corviknight\n|-damage|p1a: Corviknight|0 fnt\n|faint|p1a: Corviknight\n|\n|-weather|Sandstorm|[upkeep]\n|-damage|p2a: Victini|94\/100|[from] Sandstorm\n|-heal|p2a: Victini|100\/100|[from] item: Leftovers\n|upkeep\n|\n|t:|1667394198\n|switch|p1a: Blacephalon|Blacephalon|100\/100\n|turn|2\n|\n|t:|1667394202\n|switch|p2a: Golbat|Golbat, F|100\/100\n|move|p1a: Blacephalon|Shadow Ball|p2a: Golbat\n|-damage|p2a: Golbat|42\/100\n|\n|-weather|Sandstorm|[upkeep]\n|-damage|p1a: Blacephalon|94\/100|[from] Sandstorm\n|-damage|p2a: Golbat|36\/100|[from] Sandstorm\n|upkeep\n|turn|3\n|\n|t:|1667394211\n|move|p1a: Blacephalon|Shadow Ball|p2a: Golbat\n|-damage|p2a: Golbat|0 fnt\n|faint|p2a: Golbat\n|-ability|p1a: Blacephalon|Beast Boost|boost\n|-boost|p1a: Blacephalon|spa|1\n|\n|-weather|Sandstorm|[upkeep]\n|-damage|p1a: Blacephalon|88\/100|[from] Sandstorm\n|upkeep\n|\n|t:|1667394213\n|switch|p2a: Barraskewda|Barraskewda, M|100\/100\n|turn|4\n|\n|t:|1667394221\n|switch|p1a: Toxapex|Toxapex, M|100\/100\n|move|p2a: Barraskewda|Flip Turn|p1a: Toxapex\n|-resisted|p1a: Toxapex\n|-damage|p1a: Toxapex|88\/100\n|-damage|p2a: Barraskewda|84\/100|[from] item: Rocky Helmet|[of] p1a: Toxapex\n|-damage|p2a: Barraskewda|74\/100|[from] item: Life Orb\n|\n|t:|1667394225\n|switch|p2a: Victini|Victini|100\/100|[from]move: Flip Turn\n|\n|-weather|Sandstorm|[upkeep]\n|-damage|p2a: Victini|94\/100|[from] Sandstorm\n|-damage|p1a: Toxapex|82\/100|[from] Sandstorm\n|-heal|p2a: Victini|100\/100|[from] item: Leftovers\n|upkeep\n|turn|5\n|\n|t:|1667394228\n|move|p2a: Victini|Substitute|p2a: Victini\n|-start|p2a: Victini|Substitute\n|-damage|p2a: Victini|76\/100\n|move|p1a: Toxapex|Knock Off|p2a: Victini\n|-supereffective|p2a: Victini\n|-end|p2a: Victini|Substitute\n|\n|-weather|none\n|-heal|p2a: Victini|82\/100|[from] item: Leftovers\n|upkeep\n|turn|6\n|\n|t:|1667394230\n|move|p2a: Victini|Psychic|p1a: Toxapex\n|-supereffective|p1a: Toxapex\n|-damage|p1a: Toxapex|10\/100\n|-unboost|p1a: Toxapex|spd|1\n|move|p1a: Toxapex|Knock Off|p2a: Victini\n|-supereffective|p2a: Victini\n|-damage|p2a: Victini|54\/100\n|-enditem|p2a: Victini|Leftovers|[from] move: Knock Off|[of] p1a: Toxapex\n|\n|upkeep\n|turn|7\n|\n|t:|1667394240\n|switch|p1a: Tyranitar|Tyranitar, F|100\/100\n|-weather|Sandstorm|[from] ability: Sand Stream|[of] p1a: Tyranitar\n|move|p2a: Victini|Blue Flare|p1a: Tyranitar|[miss]\n|-miss|p2a: Victini|p1a: Tyranitar\n|\n|-weather|Sandstorm|[upkeep]\n|-damage|p2a: Victini|48\/100|[from] Sandstorm\n|upkeep\n|turn|8\n|\n|t:|1667394242\n|move|p2a: Victini|Blue Flare|p1a: Tyranitar\n|-resisted|p1a: Tyranitar\n|-damage|p1a: Tyranitar|80\/100\n|move|p1a: Tyranitar|Crunch|p2a: Victini\n|-supereffective|p2a: Victini\n|-damage|p2a: Victini|0 fnt\n|faint|p2a: Victini\n|\n|-weather|Sandstorm|[upkeep]\n|upkeep\n|\n|t:|1667394247\n|switch|p2a: Barraskewda|Barraskewda, M|74\/100\n|turn|9\n|\n|t:|1667394252\n|switch|p1a: Toxapex|Toxapex, M|43\/100\n|move|p2a: Barraskewda|Flip Turn|p1a: Toxapex\n|-resisted|p1a: Toxapex\n|-damage|p1a: Toxapex|29\/100\n|-damage|p2a: Barraskewda|58\/100|[from] item: Rocky Helmet|[of] p1a: Toxapex\n|-damage|p2a: Barraskewda|48\/100|[from] item: Life Orb\n|\n|t:|1667394257\n|switch|p2a: Araquanid|Araquanid, M|100\/100|[from]move: Flip Turn\n|\n|-weather|Sandstorm|[upkeep]\n|-damage|p2a: Araquanid|94\/100|[from] Sandstorm\n|-damage|p1a: Toxapex|23\/100|[from] Sandstorm\n|upkeep\n|turn|10\n|\n|t:|1667394267\n|switch|p1a: Landorus|Landorus-Therian, M|100\/100\n|-ability|p1a: Landorus|Intimidate|boost\n|-unboost|p2a: Araquanid|atk|1\n|move|p2a: Araquanid|Liquidation|p1a: Landorus\n|-supereffective|p1a: Landorus\n|-damage|p1a: Landorus|0 fnt\n|faint|p1a: Landorus\n|\n|-weather|Sandstorm|[upkeep]\n|-damage|p2a: Araquanid|88\/100|[from] Sandstorm\n|upkeep\n|\n|t:|1667394277\n|switch|p1a: Tapu Lele|Tapu Lele|100\/100\n|-fieldstart|move: Psychic Terrain|[from] ability: Psychic Surge|[of] p1a: Tapu Lele\n|turn|11\n|\n|t:|1667394280\n|move|p1a: Tapu Lele|Psychic|p2a: Araquanid\n|-damage|p2a: Araquanid|19\/100\n|move|p2a: Araquanid|Liquidation|p1a: Tapu Lele\n|-damage|p1a: Tapu Lele|7\/100\n|\n|-weather|none\n|upkeep\n|turn|12\n|\n|t:|1667394286\n|switch|p2a: Pelipper|Pelipper, F|100\/100\n|-weather|RainDance|[from] ability: Drizzle|[of] p2a: Pelipper\n|move|p1a: Tapu Lele|Psychic|p2a: Pelipper\n|-damage|p2a: Pelipper|0 fnt\n|faint|p2a: Pelipper\n|\n|-weather|RainDance|[upkeep]\n|upkeep\n|\n|t:|1667394290\n|switch|p2a: Kingdra|Kingdra, M|100\/100\n|turn|13\n|\n|t:|1667394295\n|switch|p1a: Tyranitar|Tyranitar, F|80\/100\n|-weather|Sandstorm|[from] ability: Sand Stream|[of] p1a: Tyranitar\n|move|p2a: Kingdra|Hurricane|p1a: Tyranitar\n|-resisted|p1a: Tyranitar\n|-damage|p1a: Tyranitar|70\/100\n|\n|-weather|Sandstorm|[upkeep]\n|-damage|p2a: Kingdra|94\/100|[from] Sandstorm\n|upkeep\n|turn|14\n|\n|t:|1667394300\n|move|p2a: Kingdra|Surf|p1a: Tyranitar\n|-supereffective|p1a: Tyranitar\n|-damage|p1a: Tyranitar|15\/100\n|move|p1a: Tyranitar|Crunch|p2a: Kingdra\n|-damage|p2a: Kingdra|10\/100\n|\n|-weather|Sandstorm|[upkeep]\n|-damage|p2a: Kingdra|4\/100|[from] Sandstorm\n|upkeep\n|turn|15\n|\n|t:|1667394306\n|move|p2a: Kingdra|Draco Meteor|p1a: Tyranitar\n|-damage|p1a: Tyranitar|0 fnt\n|-unboost|p2a: Kingdra|spa|2\n|faint|p1a: Tyranitar\n|\n|-weather|Sandstorm|[upkeep]\n|-damage|p2a: Kingdra|0 fnt|[from] Sandstorm\n|faint|p2a: Kingdra\n|-fieldend|move: Psychic Terrain\n|upkeep\n|\n|t:|1667394311\n|switch|p2a: Barraskewda|Barraskewda, M|48\/100\n|switch|p1a: Tapu Lele|Tapu Lele|7\/100\n|-fieldstart|move: Psychic Terrain|[from] ability: Psychic Surge|[of] p1a: Tapu Lele\n|turn|16\n|\n|t:|1667394313\n|move|p1a: Tapu Lele|Moonblast|p2a: Barraskewda\n|-damage|p2a: Barraskewda|0 fnt\n|faint|p2a: Barraskewda\n|\n|-weather|Sandstorm|[upkeep]\n|-damage|p1a: Tapu Lele|1\/100|[from] Sandstorm\n|upkeep\n|-message|Aleexq forfeited.\n|\n|win|Shinjou Akane\n|raw|Shinjou Akane's rating: 1620 &rarr; <strong>1638<\/strong><br \/>(+18 for winning)\n|raw|Aleexq's rating: 1589 &rarr; <strong>1571<\/strong><br \/>(-18 for losing)\n|l|\u2606Aleexq\n","uploadtime":1667394318,"views":10,"p1id":"shinjouakane","p2id":"aleexq","formatid":"gen8ou","rating":1571,"private":0,"password":null}