{"id":"gen8ou-1140888666","p1":"kyuloa","p2":"SpookyHard","format":"gen8ou","log":"|j|\u2606kyuloa\n|j|\u2606SpookyHard\n|player|p1|kyuloa|steven|1645\n|player|p2|SpookyHard|101|1664\n|teamsize|p1|6\n|teamsize|p2|6\n|gametype|singles\n|gen|8\n|tier|[Gen 8] OU\n|rated|\n|clearpoke\n|poke|p1|Marowak-Alola, M|\n|poke|p1|Hatterene, F|\n|poke|p1|Crawdaunt, F|\n|poke|p1|Magearna|\n|poke|p1|Bronzong|\n|poke|p1|Mimikyu, F|\n|poke|p2|Rillaboom, F|\n|poke|p2|Hawlucha, M|\n|poke|p2|Volcarona, F|\n|poke|p2|Terrakion|\n|poke|p2|Azumarill, M|\n|poke|p2|Magearna|\n|rule|Sleep Clause Mod: Limit one foe put to sleep\n|rule|Species Clause: Limit one of each Pok\u00e9mon\n|rule|OHKO Clause: OHKO moves are banned\n|rule|Evasion Moves Clause: Evasion moves are banned\n|rule|Endless Battle Clause: Forcing endless battles is banned\n|rule|HP Percentage Mod: HP is shown in percentages\n|rule|Dynamax Clause: You cannot dynamax\n|teampreview\n|inactive|Battle timer is ON: inactive players will automatically lose when time's up. (requested by SpookyHard)\n|\n|start\n|switch|p1a: Bronzong|Bronzong|100\/100\n|switch|p2a: Rillaboom|Rillaboom, F|100\/100\n|-fieldstart|move: Grassy Terrain|[from] ability: Grassy Surge|[of] p2a: Rillaboom\n|turn|1\n|\n|move|p2a: Rillaboom|Knock Off|p1a: Bronzong\n|-supereffective|p1a: Bronzong\n|-damage|p1a: Bronzong|11\/100\n|-enditem|p1a: Bronzong|Mental Herb|[from] move: Knock Off|[of] p2a: Rillaboom\n|move|p1a: Bronzong|Trick Room|p1a: Bronzong\n|-fieldstart|move: Trick Room|[of] p1a: Bronzong\n|\n|-heal|p1a: Bronzong|17\/100|[from] Grassy Terrain\n|upkeep\n|turn|2\n|\n|move|p1a: Bronzong|Stealth Rock|p2a: Rillaboom\n|-sidestart|p2: SpookyHard|move: Stealth Rock\n|move|p2a: Rillaboom|Knock Off|p1a: Bronzong\n|-supereffective|p1a: Bronzong\n|-damage|p1a: Bronzong|0 fnt\n|faint|p1a: Bronzong\n|\n|upkeep\n|\n|switch|p1a: Marowak|Marowak-Alola, M|100\/100\n|turn|3\n|\n|switch|p2a: Azumarill|Azumarill, M|100\/100\n|-damage|p2a: Azumarill|88\/100|[from] Stealth Rock\n|move|p1a: Marowak|Flare Blitz|p2a: Azumarill\n|-resisted|p2a: Azumarill\n|-damage|p2a: Azumarill|32\/100\n|-enditem|p2a: Azumarill|Sitrus Berry|[eat]\n|-heal|p2a: Azumarill|57\/100|[from] item: Sitrus Berry\n|\n|-heal|p2a: Azumarill|63\/100|[from] Grassy Terrain\n|upkeep\n|turn|4\n|\n|switch|p1a: Magearna|Magearna|100\/100\n|move|p2a: Azumarill|Knock Off|p1a: Magearna\n|-resisted|p1a: Magearna\n|-damage|p1a: Magearna|84\/100\n|-enditem|p1a: Magearna|Life Orb|[from] move: Knock Off|[of] p2a: Azumarill\n|\n|-heal|p1a: Magearna|90\/100|[from] Grassy Terrain\n|-heal|p2a: Azumarill|69\/100|[from] Grassy Terrain\n|upkeep\n|turn|5\n|\n|move|p2a: Azumarill|Aqua Jet|p1a: Magearna\n|-damage|p1a: Magearna|68\/100\n|move|p1a: Magearna|Thunderbolt|p2a: Azumarill\n|-supereffective|p2a: Azumarill\n|-damage|p2a: Azumarill|0 fnt\n|faint|p2a: Azumarill\n|-ability|p1a: Magearna|Soul-Heart|boost\n|-boost|p1a: Magearna|spa|1\n|\n|-heal|p1a: Magearna|74\/100|[from] Grassy Terrain\n|-fieldend|move: Grassy Terrain\n|-fieldend|move: Trick Room\n|upkeep\n|\n|switch|p2a: Volcarona|Volcarona, F|100\/100\n|turn|6\n|\n|move|p2a: Volcarona|Fiery Dance|p1a: Magearna\n|-supereffective|p1a: Magearna\n|-damage|p1a: Magearna|0 fnt\n|-boost|p2a: Volcarona|spa|1\n|faint|p1a: Magearna\n|\n|upkeep\n|\n|switch|p1a: Mimikyu|Mimikyu, F|100\/100\n|turn|7\n|\n|move|p2a: Volcarona|Fiery Dance|p1a: Mimikyu\n|-activate|p1a: Mimikyu|ability: Disguise\n|-damage|p1a: Mimikyu|100\/100\n|detailschange|p1a: Mimikyu|Mimikyu-Busted, F\n|-damage|p1a: Mimikyu|88\/100|[from] pokemon: Mimikyu-Busted\n|-enditem|p1a: Mimikyu|Red Card|[of] p2a: Volcarona\n|drag|p2a: Hawlucha|Hawlucha, M|100\/100\n|-damage|p2a: Hawlucha|88\/100|[from] Stealth Rock\n|move|p1a: Mimikyu|Trick Room|p1a: Mimikyu\n|-fieldstart|move: Trick Room|[of] p1a: Mimikyu\n|\n|upkeep\n|turn|8\n|\n|switch|p2a: Magearna|Magearna|100\/100\n|-damage|p2a: Magearna|94\/100|[from] Stealth Rock\n|move|p1a: Mimikyu|Swords Dance|p1a: Mimikyu\n|-boost|p1a: Mimikyu|atk|2\n|\n|-heal|p2a: Magearna|100\/100|[from] item: Leftovers\n|upkeep\n|turn|9\n|\n|move|p2a: Magearna|Thunderbolt|p1a: Mimikyu\n|-damage|p1a: Mimikyu|44\/100\n|move|p1a: Mimikyu|Play Rough|p2a: Magearna\n|-resisted|p2a: Magearna\n|-damage|p2a: Magearna|72\/100\n|\n|-heal|p2a: Magearna|78\/100|[from] item: Leftovers\n|upkeep\n|turn|10\n|\n|move|p1a: Mimikyu|Shadow Sneak|p2a: Magearna\n|-damage|p2a: Magearna|51\/100\n|move|p2a: Magearna|Thunderbolt|p1a: Mimikyu\n|-damage|p1a: Mimikyu|0 fnt\n|faint|p1a: Mimikyu\n|-ability|p2a: Magearna|Soul-Heart|boost\n|-boost|p2a: Magearna|spa|1\n|\n|-heal|p2a: Magearna|57\/100|[from] item: Leftovers\n|upkeep\n|\n|switch|p1a: Marowak|Marowak-Alola, M|100\/100\n|turn|11\n|\n|switch|p2a: Volcarona|Volcarona, F|100\/100\n|move|p1a: Marowak|Poltergeist|p2a: Volcarona\n|-activate|p2a: Volcarona|move: Poltergeist|Heavy-Duty Boots\n|-damage|p2a: Volcarona|0 fnt\n|faint|p2a: Volcarona\n|\n|-fieldend|move: Trick Room\n|upkeep\n|\n|switch|p2a: Terrakion|Terrakion|100\/100\n|-damage|p2a: Terrakion|94\/100|[from] Stealth Rock\n|turn|12\n|\n|switch|p1a: Crawdaunt|Crawdaunt, F|100\/100\n|move|p2a: Terrakion|Stone Edge|p1a: Crawdaunt|[miss]\n|-miss|p2a: Terrakion|p1a: Crawdaunt\n|\n|upkeep\n|turn|13\n|j| HeavenStar\n|\n|switch|p2a: Rillaboom|Rillaboom, F|100\/100\n|-damage|p2a: Rillaboom|88\/100|[from] Stealth Rock\n|-fieldstart|move: Grassy Terrain|[from] ability: Grassy Surge|[of] p2a: Rillaboom\n|switch|p1a: Hatterene|Hatterene, F|100\/100\n|\n|-heal|p2a: Rillaboom|94\/100|[from] Grassy Terrain\n|upkeep\n|turn|14\n|\n|move|p2a: Rillaboom|Knock Off|p1a: Hatterene\n|-damage|p1a: Hatterene|50\/100\n|-enditem|p1a: Hatterene|Life Orb|[from] move: Knock Off|[of] p2a: Rillaboom\n|move|p1a: Hatterene|Trick Room|p1a: Hatterene\n|-fieldstart|move: Trick Room|[of] p1a: Hatterene\n|\n|-heal|p1a: Hatterene|56\/100|[from] Grassy Terrain\n|-heal|p2a: Rillaboom|100\/100|[from] Grassy Terrain\n|upkeep\n|turn|15\n|\n|switch|p2a: Magearna|Magearna|57\/100\n|-damage|p2a: Magearna|51\/100|[from] Stealth Rock\n|move|p1a: Hatterene|Misty Explosion|p2a: Magearna\n|-resisted|p2a: Magearna\n|-damage|p2a: Magearna|25\/100\n|faint|p1a: Hatterene\n|-ability|p2a: Magearna|Soul-Heart|boost\n|-boost|p2a: Magearna|spa|1\n|\n|-heal|p2a: Magearna|32\/100|[from] item: Leftovers\n|-heal|p2a: Magearna|38\/100|[from] Grassy Terrain\n|upkeep\n|\n|switch|p1a: Marowak|Marowak-Alola, M|100\/100\n|turn|16\n|\n|move|p1a: Marowak|Flare Blitz|p2a: Magearna\n|-supereffective|p2a: Magearna\n|-damage|p2a: Magearna|0 fnt\n|faint|p2a: Magearna\n|\n|upkeep\n|\n|switch|p2a: Hawlucha|Hawlucha, M|88\/100\n|-damage|p2a: Hawlucha|76\/100|[from] Stealth Rock\n|-enditem|p2a: Hawlucha|Grassy Seed\n|-boost|p2a: Hawlucha|def|1|[from] item: Grassy Seed\n|turn|17\n|\n|move|p1a: Marowak|Flare Blitz|p2a: Hawlucha\n|-damage|p2a: Hawlucha|0 fnt\n|faint|p2a: Hawlucha\n|\n|-fieldend|move: Grassy Terrain\n|upkeep\n|\n|switch|p2a: Terrakion|Terrakion|94\/100\n|-damage|p2a: Terrakion|88\/100|[from] Stealth Rock\n|turn|18\n|\n|move|p1a: Marowak|Earthquake|p2a: Terrakion\n|-supereffective|p2a: Terrakion\n|-damage|p2a: Terrakion|0 fnt\n|faint|p2a: Terrakion\n|\n|-fieldend|move: Trick Room\n|upkeep\n|\n|switch|p2a: Rillaboom|Rillaboom, F|100\/100\n|-damage|p2a: Rillaboom|88\/100|[from] Stealth Rock\n|-fieldstart|move: Grassy Terrain|[from] ability: Grassy Surge|[of] p2a: Rillaboom\n|turn|19\n|\n|move|p2a: Rillaboom|Grassy Glide|p1a: Marowak\n|-resisted|p1a: Marowak\n|-damage|p1a: Marowak|66\/100\n|move|p1a: Marowak|Flare Blitz|p2a: Rillaboom\n|-supereffective|p2a: Rillaboom\n|-damage|p2a: Rillaboom|0 fnt\n|faint|p2a: Rillaboom\n|\n|win|kyuloa\n|l|\u2606SpookyHard\n|l|\u2606kyuloa\n","uploadtime":1593289494,"views":8,"p1id":"kyuloa","p2id":"spookyhard","formatid":"gen8ou","rating":0,"private":0,"password":null}