{"id":"gen8uu-1541509565","p1":"MR. MEZA","p2":"Traviswayne","format":"gen8uu","log":"|j|\u2606MR. MEZA\n|j|\u2606Traviswayne\n|t:|1648576134\n|gametype|singles\n|player|p1|MR. MEZA|n|1350\n|player|p2|Traviswayne|265|1193\n|teamsize|p1|6\n|teamsize|p2|6\n|gen|8\n|tier|[Gen 8] UU\n|rated|\n|rule|Sleep Clause Mod: Limit one foe put to sleep\n|rule|Species Clause: Limit one of each Pok\u00e9mon\n|rule|OHKO Clause: OHKO moves are banned\n|rule|Evasion Moves Clause: Evasion moves are banned\n|rule|Endless Battle Clause: Forcing endless battles is banned\n|rule|HP Percentage Mod: HP is shown in percentages\n|rule|Dynamax Clause: You cannot dynamax\n|clearpoke\n|poke|p1|Nihilego|\n|poke|p1|Azelf|\n|poke|p1|Mamoswine, F|\n|poke|p1|Aegislash, M|\n|poke|p1|Volcanion|\n|poke|p1|Zarude|\n|poke|p2|Flygon, F|\n|poke|p2|Skarmory, M|\n|poke|p2|Chandelure, F|\n|poke|p2|Zarude|\n|poke|p2|Tentacruel, M|\n|poke|p2|Sylveon, F|\n|teampreview\n|inactive|Battle timer is ON: inactive players will automatically lose when time's up. (requested by MR. MEZA)\n|\n|t:|1648576149\n|start\n|switch|p1a: Mamoswine|Mamoswine, F|100\/100\n|switch|p2a: Skarmory|Skarmory, M|100\/100\n|turn|1\n|inactive|MR. MEZA has 120 seconds left.\n|\n|t:|1648576181\n|switch|p1a: Azelf|Azelf|100\/100\n|move|p2a: Skarmory|Toxic|p1a: Azelf\n|-status|p1a: Azelf|tox\n|\n|-damage|p1a: Azelf|94\/100 tox|[from] psn\n|upkeep\n|turn|2\n|\n|t:|1648576199\n|switch|p2a: Tentacruel|Tentacruel, M|100\/100\n|move|p1a: Azelf|Flamethrower|p2a: Tentacruel\n|-resisted|p2a: Tentacruel\n|-damage|p2a: Tentacruel|86\/100\n|\n|-heal|p2a: Tentacruel|92\/100|[from] item: Black Sludge\n|-damage|p1a: Azelf|82\/100 tox|[from] psn\n|upkeep\n|turn|3\n|\n|t:|1648576221\n|switch|p2a: Zarude|Zarude|100\/100\n|move|p1a: Azelf|Psychic|p2a: Zarude\n|-immune|p2a: Zarude\n|\n|-damage|p1a: Azelf|63\/100 tox|[from] psn\n|upkeep\n|turn|4\n|\n|t:|1648576230\n|switch|p1a: Volcanion|Volcanion|100\/100\n|move|p2a: Zarude|U-turn|p1a: Volcanion\n|-resisted|p1a: Volcanion\n|-damage|p1a: Volcanion|93\/100\n|\n|t:|1648576242\n|switch|p2a: Flygon|Flygon, F|100\/100|[from]move: U-turn\n|\n|upkeep\n|turn|5\n|inactive|Traviswayne has 120 seconds left.\n|\n|t:|1648576265\n|switch|p1a: Zarude|Zarude|100\/100\n|move|p2a: Flygon|Dragon Dance|p2a: Flygon\n|-boost|p2a: Flygon|atk|1\n|-boost|p2a: Flygon|spe|1\n|\n|upkeep\n|turn|6\n|inactive|Traviswayne has 120 seconds left.\n|\n|t:|1648576275\n|move|p2a: Flygon|Dragon Claw|p1a: Zarude\n|-damage|p1a: Zarude|35\/100\n|-damage|p2a: Flygon|91\/100|[from] item: Life Orb\n|move|p1a: Zarude|U-turn|p2a: Flygon\n|-damage|p2a: Flygon|57\/100\n|\n|t:|1648576277\n|switch|p1a: Mamoswine|Mamoswine, F|100\/100|[from]move: U-turn\n|\n|upkeep\n|turn|7\n|inactive|Traviswayne has 120 seconds left.\n|\n|t:|1648576319\n|switch|p2a: Skarmory|Skarmory, M|100\/100\n|switch|p1a: Nihilego|Nihilego|100\/100\n|\n|upkeep\n|turn|8\n|\n|t:|1648576327\n|move|p1a: Nihilego|Stealth Rock|p2a: Skarmory\n|-sidestart|p2: Traviswayne|move: Stealth Rock\n|move|p2a: Skarmory|Stealth Rock|p1a: Nihilego\n|-sidestart|p1: MR. MEZA|move: Stealth Rock\n|\n|upkeep\n|turn|9\n|inactive|Traviswayne has 90 seconds left.\n|\n|t:|1648576351\n|move|p1a: Nihilego|Power Gem|p2a: Skarmory\n|-damage|p2a: Skarmory|48\/100\n|move|p2a: Skarmory|Body Press|p1a: Nihilego\n|-damage|p1a: Nihilego|48\/100\n|\n|-heal|p1a: Nihilego|54\/100|[from] item: Black Sludge\n|-heal|p2a: Skarmory|54\/100|[from] item: Leftovers\n|upkeep\n|turn|10\n|inactive|Traviswayne has 90 seconds left.\n|c|\u2606Traviswayne|same\n|\n|t:|1648576376\n|move|p1a: Nihilego|Power Gem|p2a: Skarmory\n|-damage|p2a: Skarmory|5\/100\n|move|p2a: Skarmory|Body Press|p1a: Nihilego\n|-damage|p1a: Nihilego|1\/100\n|\n|-heal|p1a: Nihilego|7\/100|[from] item: Black Sludge\n|-heal|p2a: Skarmory|11\/100|[from] item: Leftovers\n|upkeep\n|turn|11\n|inactive|Traviswayne has 60 seconds left.\n|\n|t:|1648576406\n|move|p1a: Nihilego|Power Gem|p2a: Skarmory\n|-damage|p2a: Skarmory|0 fnt\n|faint|p2a: Skarmory\n|-ability|p1a: Nihilego|Beast Boost|boost\n|-boost|p1a: Nihilego|spe|1\n|\n|-heal|p1a: Nihilego|13\/100|[from] item: Black Sludge\n|upkeep\n|inactive|Traviswayne has 60 seconds left.\n|\n|t:|1648576424\n|switch|p2a: Tentacruel|Tentacruel, M|92\/100\n|-damage|p2a: Tentacruel|80\/100|[from] Stealth Rock\n|turn|12\n|\n|t:|1648576441\n|move|p1a: Nihilego|Knock Off|p2a: Tentacruel\n|-damage|p2a: Tentacruel|59\/100\n|-enditem|p2a: Tentacruel|Black Sludge|[from] move: Knock Off|[of] p1a: Nihilego\n|move|p2a: Tentacruel|Rapid Spin|p1a: Nihilego\n|-resisted|p1a: Nihilego\n|-damage|p1a: Nihilego|7\/100\n|-boost|p2a: Tentacruel|spe|1\n|-sideend|p2: Traviswayne|Stealth Rock|[from] move: Rapid Spin|[of] p2a: Tentacruel\n|\n|-heal|p1a: Nihilego|13\/100|[from] item: Black Sludge\n|upkeep\n|turn|13\n|inactive|Traviswayne has 60 seconds left.\n|\n|t:|1648576454\n|move|p1a: Nihilego|Power Gem|p2a: Tentacruel\n|-damage|p2a: Tentacruel|20\/100\n|move|p2a: Tentacruel|Rapid Spin|p1a: Nihilego\n|-resisted|p1a: Nihilego\n|-damage|p1a: Nihilego|6\/100\n|-boost|p2a: Tentacruel|spe|1\n|\n|-heal|p1a: Nihilego|12\/100|[from] item: Black Sludge\n|upkeep\n|turn|14\n|inactive|Traviswayne has 60 seconds left.\n|\n|t:|1648576464\n|switch|p1a: Aegislash|Aegislash, M|100\/100\n|-damage|p1a: Aegislash|94\/100|[from] Stealth Rock\n|move|p2a: Tentacruel|Hydro Pump|p1a: Aegislash\n|-crit|p1a: Aegislash\n|-damage|p1a: Aegislash|45\/100\n|\n|-heal|p1a: Aegislash|51\/100|[from] item: Leftovers\n|upkeep\n|turn|15\n|inactive|Traviswayne has 60 seconds left.\n|\n|t:|1648576486\n|move|p2a: Tentacruel|Hydro Pump|p1a: Aegislash|[miss]\n|-miss|p2a: Tentacruel|p1a: Aegislash\n|-formechange|p1a: Aegislash|Aegislash-Blade||[from] ability: Stance Change\n|move|p1a: Aegislash|Shadow Ball|p2a: Tentacruel\n|-damage|p2a: Tentacruel|0 fnt\n|faint|p2a: Tentacruel\n|\n|-heal|p1a: Aegislash|58\/100|[from] item: Leftovers\n|upkeep\n|\n|t:|1648576498\n|switch|p2a: Zarude|Zarude|100\/100\n|turn|16\n|\n|t:|1648576506\n|-formechange|p1a: Aegislash|Aegislash||[from] ability: Stance Change\n|move|p1a: Aegislash|King's Shield|p1a: Aegislash\n|-singleturn|p1a: Aegislash|Protect\n|move|p2a: Zarude|Dark Pulse|p1a: Aegislash\n|-activate|p1a: Aegislash|move: Protect\n|\n|-heal|p1a: Aegislash|64\/100|[from] item: Leftovers\n|upkeep\n|turn|17\n|\n|t:|1648576521\n|switch|p1a: Nihilego|Nihilego|12\/100\n|-damage|p1a: Nihilego|0 fnt|[from] Stealth Rock\n|faint|p1a: Nihilego\n|move|p2a: Zarude|Hyper Voice|p1: Nihilego|[notarget]\n|-fail|p2a: Zarude\n|\n|upkeep\n|\n|t:|1648576534\n|switch|p1a: Azelf|Azelf|63\/100 tox\n|-damage|p1a: Azelf|51\/100 tox|[from] Stealth Rock\n|turn|18\n|inactive|Traviswayne has 60 seconds left.\n|\n|t:|1648576543\n|move|p1a: Azelf|U-turn|p2a: Zarude\n|-supereffective|p2a: Zarude\n|-damage|p2a: Zarude|34\/100\n|\n|t:|1648576558\n|switch|p1a: Zarude|Zarude|35\/100|[from]move: U-turn\n|move|p2a: Zarude|U-turn|p1a: Zarude\n|-supereffective|p1a: Zarude\n|-damage|p1a: Zarude|0 fnt\n|faint|p1a: Zarude\n|inactive|Traviswayne has 60 seconds left.\n|\n|t:|1648576576\n|switch|p2a: Sylveon|Sylveon, F|100\/100|[from]move: U-turn\n|\n|upkeep\n|\n|t:|1648576599\n|switch|p1a: Aegislash|Aegislash, M|64\/100\n|-damage|p1a: Aegislash|58\/100|[from] Stealth Rock\n|turn|19\n|inactive|Traviswayne has 60 seconds left.\n|\n|t:|1648576630\n|move|p1a: Aegislash|Toxic|p2a: Sylveon\n|-status|p2a: Sylveon|tox\n|move|p2a: Sylveon|Mystical Fire|p1a: Aegislash\n|-supereffective|p1a: Aegislash\n|-damage|p1a: Aegislash|25\/100\n|-unboost|p1a: Aegislash|spa|1\n|\n|-heal|p1a: Aegislash|32\/100|[from] item: Leftovers\n|-damage|p2a: Sylveon|94\/100 tox|[from] psn\n|upkeep\n|turn|20\n|\n|t:|1648576642\n|switch|p1a: Volcanion|Volcanion|93\/100\n|move|p2a: Sylveon|Calm Mind|p2a: Sylveon\n|-boost|p2a: Sylveon|spa|1\n|-boost|p2a: Sylveon|spd|1\n|\n|-heal|p2a: Sylveon|100\/100 tox|[from] item: Leftovers\n|-damage|p2a: Sylveon|88\/100 tox|[from] psn\n|upkeep\n|turn|21\n|\n|t:|1648576654\n|move|p1a: Volcanion|Sludge Bomb|p2a: Sylveon\n|-supereffective|p2a: Sylveon\n|-damage|p2a: Sylveon|66\/100 tox\n|move|p2a: Sylveon|Wish|p2a: Sylveon\n|\n|-heal|p2a: Sylveon|73\/100 tox|[from] item: Leftovers\n|-damage|p2a: Sylveon|54\/100 tox|[from] psn\n|upkeep\n|turn|22\n|\n|t:|1648576664\n|switch|p2a: Flygon|Flygon, F|57\/100\n|move|p1a: Volcanion|Sludge Bomb|p2a: Flygon\n|-resisted|p2a: Flygon\n|-damage|p2a: Flygon|36\/100\n|\n|-heal|p2a: Flygon|100\/100|[from] move: Wish|[wisher] Sylveon\n|upkeep\n|turn|23\n|\n|t:|1648576680\n|switch|p1a: Aegislash|Aegislash, M|32\/100\n|-damage|p1a: Aegislash|25\/100|[from] Stealth Rock\n|move|p2a: Flygon|Dragon Dance|p2a: Flygon\n|-boost|p2a: Flygon|atk|1\n|-boost|p2a: Flygon|spe|1\n|\n|-heal|p1a: Aegislash|32\/100|[from] item: Leftovers\n|upkeep\n|turn|24\n|\n|t:|1648576688\n|move|p2a: Flygon|Earthquake|p1a: Aegislash\n|-supereffective|p1a: Aegislash\n|-damage|p1a: Aegislash|0 fnt\n|faint|p1a: Aegislash\n|-damage|p2a: Flygon|91\/100|[from] item: Life Orb\n|\n|upkeep\n|\n|t:|1648576690\n|switch|p1a: Mamoswine|Mamoswine, F|100\/100\n|-damage|p1a: Mamoswine|88\/100|[from] Stealth Rock\n|turn|25\n|\n|t:|1648576711\n|move|p1a: Mamoswine|Ice Shard|p2a: Flygon\n|-supereffective|p2a: Flygon\n|-damage|p2a: Flygon|0 fnt\n|faint|p2a: Flygon\n|\n|upkeep\n|inactive|Traviswayne has 30 seconds left.\n|c|\u2606Traviswayne|i saw it coming and still did nothing smh\n|\n|t:|1648576726\n|switch|p2a: Chandelure|Chandelure, F|100\/100\n|turn|26\n|inactive|Traviswayne has 30 seconds left.\n|inactive|Traviswayne has 20 seconds left.\n|\n|t:|1648576742\n|switch|p1a: Azelf|Azelf|51\/100 tox\n|-damage|p1a: Azelf|39\/100 tox|[from] Stealth Rock\n|move|p2a: Chandelure|Shadow Ball|p1a: Azelf\n|-supereffective|p1a: Azelf\n|-damage|p1a: Azelf|0 fnt\n|faint|p1a: Azelf\n|\n|upkeep\n|inactive|Traviswayne has 25 seconds left this turn.\n|\n|t:|1648576744\n|switch|p1a: Volcanion|Volcanion|93\/100\n|turn|27\n|inactive|Traviswayne has 30 seconds left.\n|\n|t:|1648576756\n|move|p2a: Chandelure|Shadow Ball|p1a: Volcanion\n|-crit|p1a: Volcanion\n|-damage|p1a: Volcanion|0 fnt\n|faint|p1a: Volcanion\n|\n|upkeep\n|inactive|Traviswayne has 30 seconds left this turn.\n|\n|t:|1648576760\n|switch|p1a: Mamoswine|Mamoswine, F|88\/100\n|-damage|p1a: Mamoswine|76\/100|[from] Stealth Rock\n|turn|28\n|inactive|Traviswayne has 30 seconds left.\n|\n|t:|1648576772\n|switch|p2a: Zarude|Zarude|34\/100\n|move|p1a: Mamoswine|Earthquake|p2a: Zarude\n|-resisted|p2a: Zarude\n|-damage|p2a: Zarude|13\/100\n|\n|upkeep\n|turn|29\n|\n|t:|1648576778\n|move|p1a: Mamoswine|Ice Shard|p2a: Zarude\n|-supereffective|p2a: Zarude\n|-damage|p2a: Zarude|0 fnt\n|faint|p2a: Zarude\n|\n|upkeep\n|inactive|Traviswayne has 30 seconds left.\n|c|\u2606Traviswayne|i thought it was banded smfh\n|inactive|Traviswayne has 20 seconds left.\n|\n|t:|1648576801\n|switch|p2a: Chandelure|Chandelure, F|100\/100\n|turn|30\n|inactive|Traviswayne has 30 seconds left this turn.\n|\n|t:|1648576805\n|move|p2a: Chandelure|Energy Ball|p1a: Mamoswine\n|-supereffective|p1a: Mamoswine\n|-damage|p1a: Mamoswine|0 fnt\n|faint|p1a: Mamoswine\n|\n|win|Traviswayne\n|raw|MR. MEZA's rating: 1350 &rarr; <strong>1322<\/strong><br \/>(-28 for losing)\n|raw|Traviswayne's rating: 1193 &rarr; <strong>1229<\/strong><br \/>(+36 for winning)\n|l|\u2606MR. MEZA\n","uploadtime":1648576814,"views":7,"p1id":"mrmeza","p2id":"traviswayne","formatid":"gen8uu","rating":1229,"private":0,"password":null}