{"id":"gen8ou-1577031400","p1":"SuperTheoryBros","p2":"Fergie-6","format":"gen8ou","log":"|j|\u2606SuperTheoryBros\n|j|\u2606Fergie-6\n|t:|1652819088\n|gametype|singles\n|player|p1|SuperTheoryBros|101|1542\n|player|p2|Fergie-6|265|1557\n|teamsize|p1|6\n|teamsize|p2|6\n|gen|8\n|tier|[Gen 8] OU\n|rated|\n|rule|Sleep Clause Mod: Limit one foe put to sleep\n|rule|Species Clause: Limit one of each Pok\u00e9mon\n|rule|OHKO Clause: OHKO moves are banned\n|rule|Evasion Moves Clause: Evasion moves are banned\n|rule|Endless Battle Clause: Forcing endless battles is banned\n|rule|HP Percentage Mod: HP is shown in percentages\n|rule|Dynamax Clause: You cannot dynamax\n|clearpoke\n|poke|p1|Garchomp, M|\n|poke|p1|Torkoal, M|\n|poke|p1|Heatran, M|\n|poke|p1|Venusaur, M|\n|poke|p1|Tapu Koko|\n|poke|p1|Moltres-Galar|\n|poke|p2|Tangrowth, M|\n|poke|p2|Chansey, F|\n|poke|p2|Corviknight, M|\n|poke|p2|Pelipper, M|\n|poke|p2|Clefable, F|\n|poke|p2|Slowking-Galar, F|\n|teampreview\n|inactive|Battle timer is ON: inactive players will automatically lose when time's up. (requested by Fergie-6)\n|\n|t:|1652819109\n|start\n|switch|p1a: Tapu Koko|Tapu Koko|100\/100\n|switch|p2a: Slowking|Slowking-Galar, F|100\/100\n|-fieldstart|move: Electric Terrain|[from] ability: Electric Surge|[of] p1a: Tapu Koko\n|turn|1\n|\n|t:|1652819127\n|switch|p1a: Heatran|Heatran, M|100\/100\n|-item|p1a: Heatran|Air Balloon\n|move|p2a: Slowking|Future Sight|p1a: Heatran\n|-start|p2a: Slowking|move: Future Sight\n|\n|upkeep\n|turn|2\n|\n|t:|1652819149\n|switch|p2a: Pelipper|Pelipper, M|100\/100\n|-weather|RainDance|[from] ability: Drizzle|[of] p2a: Pelipper\n|move|p1a: Heatran|Magma Storm|p2a: Pelipper\n|-resisted|p2a: Pelipper\n|-damage|p2a: Pelipper|74\/100\n|-activate|p2a: Pelipper|move: Magma Storm|[of] p1a: Heatran\n|\n|-weather|RainDance|[upkeep]\n|-damage|p2a: Pelipper|62\/100|[from] move: Magma Storm|[partiallytrapped]\n|upkeep\n|turn|3\n|\n|t:|1652819157\n|move|p2a: Pelipper|Weather Ball|p1a: Heatran\n|-supereffective|p1a: Heatran\n|-damage|p1a: Heatran|0 fnt\n|-enditem|p1a: Heatran|Air Balloon\n|faint|p1a: Heatran\n|\n|-weather|RainDance|[upkeep]\n|-hint|Future Sight did not hit because the target is fainted.\n|-end|p2a: Pelipper|Magma Storm|[partiallytrapped]|[silent]\n|upkeep\n|c|\u2606SuperTheoryBros|timid?\n|\n|t:|1652819176\n|switch|p1a: Tapu Koko|Tapu Koko|100\/100\n|turn|4\n|\n|t:|1652819183\n|switch|p2a: Slowking|Slowking-Galar, F|100\/100\n|move|p1a: Tapu Koko|Nature's Madness|p2a: Slowking\n|-damage|p2a: Slowking|50\/100\n|\n|-weather|RainDance|[upkeep]\n|upkeep\n|turn|5\n|\n|t:|1652819189\n|move|p1a: Tapu Koko|Wild Charge|p2a: Slowking\n|-damage|p2a: Slowking|0 fnt\n|faint|p2a: Slowking\n|-damage|p1a: Tapu Koko|83\/100|[from] Recoil\n|\n|-weather|RainDance|[upkeep]\n|-fieldend|move: Electric Terrain\n|upkeep\n|\n|t:|1652819193\n|switch|p2a: Tangrowth|Tangrowth, M|100\/100\n|turn|6\n|inactive|SuperTheoryBros has 120 seconds left.\n|\n|t:|1652819231\n|switch|p1a: Torkoal|Torkoal, M, shiny|100\/100\n|-weather|SunnyDay|[from] ability: Drought|[of] p1a: Torkoal\n|move|p2a: Tangrowth|Knock Off|p1a: Torkoal\n|-damage|p1a: Torkoal|89\/100\n|-enditem|p1a: Torkoal|Heat Rock|[from] move: Knock Off|[of] p2a: Tangrowth\n|\n|-weather|SunnyDay|[upkeep]\n|upkeep\n|turn|7\n|inactive|SuperTheoryBros has 120 seconds left.\n|\n|t:|1652819253\n|switch|p2a: Chansey|Chansey, F, shiny|100\/100\n|move|p1a: Torkoal|Stealth Rock|p2a: Chansey\n|-sidestart|p2: Fergie-6|move: Stealth Rock\n|\n|-weather|SunnyDay|[upkeep]\n|upkeep\n|turn|8\n|\n|t:|1652819272\n|switch|p1a: Venusaur|Venusaur, M|100\/100\n|move|p2a: Chansey|Stealth Rock|p1a: Venusaur\n|-sidestart|p1: SuperTheoryBros|move: Stealth Rock\n|\n|-weather|SunnyDay|[upkeep]\n|upkeep\n|turn|9\n|\n|t:|1652819280\n|move|p1a: Venusaur|Growth|p1a: Venusaur\n|-boost|p1a: Venusaur|atk|2\n|-boost|p1a: Venusaur|spa|2\n|move|p2a: Chansey|Seismic Toss|p1a: Venusaur\n|-damage|p1a: Venusaur|67\/100\n|\n|-weather|SunnyDay|[upkeep]\n|upkeep\n|turn|10\n|\n|t:|1652819291\n|move|p1a: Venusaur|Growth|p1a: Venusaur\n|-boost|p1a: Venusaur|atk|2\n|-boost|p1a: Venusaur|spa|2\n|move|p2a: Chansey|Seismic Toss|p1a: Venusaur\n|-damage|p1a: Venusaur|34\/100\n|\n|-weather|SunnyDay|[upkeep]\n|upkeep\n|turn|11\n|inactive|Fergie-6 has 120 seconds left.\n|\n|t:|1652819346\n|switch|p2a: Pelipper|Pelipper, M|62\/100\n|-damage|p2a: Pelipper|37\/100|[from] Stealth Rock\n|-weather|RainDance|[from] ability: Drizzle|[of] p2a: Pelipper\n|move|p1a: Venusaur|Giga Drain|p2a: Pelipper\n|-damage|p2a: Pelipper|0 fnt\n|-heal|p1a: Venusaur|50\/100|[from] drain|[of] p2a: Pelipper\n|faint|p2a: Pelipper\n|-damage|p1a: Venusaur|40\/100|[from] item: Life Orb\n|\n|-weather|RainDance|[upkeep]\n|upkeep\n|\n|t:|1652819355\n|switch|p2a: Clefable|Clefable, F|100\/100\n|-damage|p2a: Clefable|88\/100|[from] Stealth Rock\n|turn|12\n|\n|t:|1652819360\n|move|p1a: Venusaur|Sludge Bomb|p2a: Clefable\n|-supereffective|p2a: Clefable\n|-damage|p2a: Clefable|0 fnt\n|faint|p2a: Clefable\n|-damage|p1a: Venusaur|30\/100|[from] item: Life Orb\n|\n|-weather|RainDance|[upkeep]\n|upkeep\n|-message|Fergie-6 forfeited.\n|\n|win|SuperTheoryBros\n|raw|SuperTheoryBros's rating: 1542 &rarr; <strong>1563<\/strong><br \/>(+21 for winning)\n|raw|Fergie-6's rating: 1557 &rarr; <strong>1536<\/strong><br \/>(-21 for losing)\n|l|\u2606Fergie-6\n||Ladder isn't responding, score probably updated but might not have (Request timeout).\n","uploadtime":1652819422,"views":8,"p1id":"supertheorybros","p2id":"fergie6","formatid":"gen8ou","rating":1536,"private":0,"password":null}