{"id":"gen8ou-1626097851","p1":"Metrona","p2":"LECH24","format":"gen8ou","log":"|j|\u2606Metrona\n|j|\u2606LECH24\n|t:|1658891771\n|gametype|singles\n|player|p1|Metrona|170|1577\n|player|p2|LECH24|2|1682\n|teamsize|p1|6\n|teamsize|p2|6\n|gen|8\n|tier|[Gen 8] OU\n|rated|\n|rule|Sleep Clause Mod: Limit one foe put to sleep\n|rule|Species Clause: Limit one of each Pok\u00e9mon\n|rule|OHKO Clause: OHKO moves are banned\n|rule|Evasion Moves Clause: Evasion moves are banned\n|rule|Endless Battle Clause: Forcing endless battles is banned\n|rule|HP Percentage Mod: HP is shown in percentages\n|rule|Dynamax Clause: You cannot dynamax\n|clearpoke\n|poke|p1|Pelipper, M|\n|poke|p1|Barraskewda, M|\n|poke|p1|Frosmoth, F|\n|poke|p1|Weezing-Galar, M|\n|poke|p1|Ferrothorn, F|\n|poke|p1|Heliolisk, F|\n|poke|p2|Blacephalon|\n|poke|p2|Volcarona, F|\n|poke|p2|Tyranitar, M|\n|poke|p2|Excadrill, M|\n|poke|p2|Seismitoad, M|\n|poke|p2|Tornadus-Therian, M|\n|teampreview\n|\n|t:|1658891784\n|start\n|switch|p1a: Lightshow|Heliolisk, F|100\/100\n|switch|p2a: Tornadus|Tornadus-Therian, M|100\/100\n|turn|1\n|\n|t:|1658891791\n|switch|p2a: Tyranitar|Tyranitar, M|100\/100\n|-weather|Sandstorm|[from] ability: Sand Stream|[of] p2a: Tyranitar\n|move|p1a: Lightshow|Surf|p2a: Tyranitar\n|-supereffective|p2a: Tyranitar\n|-damage|p2a: Tyranitar|50\/100\n|-damage|p1a: Lightshow|91\/100|[from] item: Life Orb\n|\n|-weather|Sandstorm|[upkeep]\n|-damage|p1a: Lightshow|85\/100|[from] Sandstorm\n|upkeep\n|turn|2\n|\n|t:|1658891799\n|switch|p2a: Seismitoad|Seismitoad, M|100\/100\n|move|p1a: Lightshow|Surf|p2a: Seismitoad\n|-immune|p2a: Seismitoad|[from] ability: Water Absorb\n|\n|-weather|Sandstorm|[upkeep]\n|-damage|p1a: Lightshow|79\/100|[from] Sandstorm\n|upkeep\n|turn|3\n|\n|t:|1658891803\n|switch|p1a: Rainmaker|Pelipper, M|100\/100\n|-weather|RainDance|[from] ability: Drizzle|[of] p1a: Rainmaker\n|switch|p2a: Excadrill|Excadrill, M|100\/100\n|\n|-weather|RainDance|[upkeep]\n|upkeep\n|turn|4\n|\n|t:|1658891812\n|switch|p2a: Tornadus|Tornadus-Therian, M|100\/100\n|move|p1a: Rainmaker|Scald|p2a: Tornadus\n|-damage|p2a: Tornadus|52\/100\n|\n|-weather|RainDance|[upkeep]\n|upkeep\n|turn|5\n|\n|t:|1658891819\n|switch|p1a: Lightshow|Heliolisk, F|79\/100\n|move|p2a: Tornadus|Knock Off|p1a: Lightshow\n|-damage|p1a: Lightshow|31\/100\n|-enditem|p1a: Lightshow|Life Orb|[from] move: Knock Off|[of] p2a: Tornadus\n|\n|-weather|RainDance|[upkeep]\n|-heal|p1a: Lightshow|43\/100|[from] ability: Dry Skin\n|upkeep\n|turn|6\n|\n|t:|1658891828\n|switch|p2a: Tyranitar|Tyranitar, M|50\/100\n|-weather|Sandstorm|[from] ability: Sand Stream|[of] p2a: Tyranitar\n|move|p1a: Lightshow|Focus Blast|p2a: Tyranitar\n|-supereffective|p2a: Tyranitar\n|-damage|p2a: Tyranitar|0 fnt\n|faint|p2a: Tyranitar\n|\n|-weather|Sandstorm|[upkeep]\n|-damage|p1a: Lightshow|37\/100|[from] Sandstorm\n|upkeep\n|\n|t:|1658891840\n|switch|p2a: Excadrill|Excadrill, M|100\/100\n|turn|7\n|\n|t:|1658891843\n|switch|p2a: Blacephalon|Blacephalon|100\/100\n|switch|p1a: Rainmaker|Pelipper, M|100\/100\n|-weather|RainDance|[from] ability: Drizzle|[of] p1a: Rainmaker\n|\n|-weather|RainDance|[upkeep]\n|upkeep\n|turn|8\n|\n|t:|1658891847\n|switch|p1a: Lightshow|Heliolisk, F|37\/100\n|move|p2a: Blacephalon|Overheat|p1a: Lightshow\n|-damage|p1a: Lightshow|0 fnt\n|-unboost|p2a: Blacephalon|spa|2\n|faint|p1a: Lightshow\n|-ability|p2a: Blacephalon|Beast Boost|boost\n|-boost|p2a: Blacephalon|spa|1\n|\n|-weather|RainDance|[upkeep]\n|upkeep\n|\n|t:|1658891856\n|switch|p1a: Floof|Frosmoth, F|100\/100\n|turn|9\n|\n|t:|1658891861\n|switch|p2a: Volcarona|Volcarona, F|100\/100\n|move|p1a: Floof|Quiver Dance|p1a: Floof\n|-boost|p1a: Floof|spa|1\n|-boost|p1a: Floof|spd|1\n|-boost|p1a: Floof|spe|1\n|\n|-weather|RainDance|[upkeep]\n|upkeep\n|turn|10\n|\n|t:|1658891863\n|move|p1a: Floof|Weather Ball|p2a: Volcarona\n|-supereffective|p2a: Volcarona\n|-damage|p2a: Volcarona|0 fnt\n|faint|p2a: Volcarona\n|\n|-weather|RainDance|[upkeep]\n|upkeep\n|\n|t:|1658891870\n|switch|p2a: Seismitoad|Seismitoad, M|100\/100\n|turn|11\n|\n|t:|1658891875\n|move|p1a: Floof|Giga Drain|p2a: Seismitoad\n|-supereffective|p2a: Seismitoad\n|-damage|p2a: Seismitoad|0 fnt\n|faint|p2a: Seismitoad\n|\n|-weather|RainDance|[upkeep]\n|upkeep\n|\n|t:|1658891884\n|switch|p2a: Tornadus|Tornadus-Therian, M|86\/100\n|turn|12\n|\n|t:|1658891887\n|move|p1a: Floof|Ice Beam|p2a: Tornadus\n|-supereffective|p2a: Tornadus\n|-damage|p2a: Tornadus|0 fnt\n|faint|p2a: Tornadus\n|\n|-weather|RainDance|[upkeep]\n|upkeep\n|\n|t:|1658891892\n|switch|p2a: Excadrill|Excadrill, M|100\/100\n|turn|13\n|\n|t:|1658891899\n|switch|p2a: Blacephalon|Blacephalon|100\/100\n|move|p1a: Floof|Weather Ball|p2a: Blacephalon\n|-supereffective|p2a: Blacephalon\n|-damage|p2a: Blacephalon|0 fnt\n|faint|p2a: Blacephalon\n|\n|-weather|RainDance|[upkeep]\n|upkeep\n|\n|t:|1658891901\n|switch|p2a: Excadrill|Excadrill, M|100\/100\n|turn|14\n|\n|t:|1658891903\n|move|p1a: Floof|Weather Ball|p2a: Excadrill\n|-supereffective|p2a: Excadrill\n|-damage|p2a: Excadrill|0 fnt\n|faint|p2a: Excadrill\n|\n|win|Metrona\n|raw|Metrona's rating: 1577 &rarr; <strong>1603<\/strong><br \/>(+26 for winning)\n|raw|LECH24's rating: 1682 &rarr; <strong>1656<\/strong><br \/>(-26 for losing)\n","uploadtime":1658891913,"views":28,"p1id":"metrona","p2id":"lech24","formatid":"gen8ou","rating":1603,"private":0,"password":null}