{"id":"gen8randombattle-1259411174","p1":"TehranTyphlosions","p2":"exfir","format":"gen8randombattle","log":"|j|\u2606TehranTyphlosions\n|j|\u2606exfir\n|t:|1610272326\n|player|p1|TehranTyphlosions|clair|1837\n|player|p2|exfir|169|1889\n|teamsize|p1|6\n|teamsize|p2|6\n|gametype|singles\n|gen|8\n|tier|[Gen 8] Random Battle\n|rated|\n|rule|Species Clause: Limit one of each Pok\u00e9mon\n|rule|HP Percentage Mod: HP is shown in percentages\n|rule|Sleep Clause Mod: Limit one foe put to sleep\n|\n|t:|1610272326\n|start\n|switch|p1a: Whimsicott|Whimsicott, L86, M|243\/243\n|switch|p2a: Toxicroak|Toxicroak, L86, M|283\/283\n|turn|1\n|inactive|Battle timer is ON: inactive players will automatically lose when time's up. (requested by exfir)\n|\n|t:|1610272335\n|switch|p1a: Marowak|Marowak, L88, F|249\/249\n|move|p2a: Toxicroak|Gunk Shot|p1a: Marowak\n|-resisted|p1a: Marowak\n|-damage|p1a: Marowak|194\/249\n|-status|p1a: Marowak|psn\n|\n|-damage|p1a: Marowak|163\/249 psn|[from] psn\n|upkeep\n|turn|2\n|\n|t:|1610272351\n|switch|p2a: Moltres|Moltres-Galar, L80|275\/275\n|move|p1a: Marowak|Bonemerang|p2a: Moltres\n|-immune|p2a: Moltres\n|\n|-damage|p1a: Marowak|132\/249 psn|[from] psn\n|upkeep\n|turn|3\n|\n|t:|1610272372\n|switch|p1a: Whimsicott|Whimsicott, L86, M|243\/243\n|move|p2a: Moltres|Hurricane|p1a: Whimsicott\n|-supereffective|p1a: Whimsicott\n|-enditem|p1a: Whimsicott|Focus Sash\n|-damage|p1a: Whimsicott|1\/243\n|\n|upkeep\n|turn|4\n|\n|t:|1610272382\n|move|p1a: Whimsicott|Moonblast|p2a: Moltres\n|-supereffective|p2a: Moltres\n|-damage|p2a: Moltres|129\/275\n|-ability|p2a: Moltres|Berserk|boost\n|-boost|p2a: Moltres|spa|1\n|move|p2a: Moltres|Nasty Plot|p2a: Moltres\n|-boost|p2a: Moltres|spa|2\n|\n|upkeep\n|turn|5\n|\n|t:|1610272392\n|-start|p2a: Moltres|Dynamax\n|-heal|p2a: Moltres|258\/550|[silent]\n|move|p1a: Whimsicott|Moonblast|p2a: Moltres\n|-supereffective|p2a: Moltres\n|-damage|p2a: Moltres|112\/550\n|move|p2a: Moltres|Max Airstream|p1a: Whimsicott\n|-supereffective|p1a: Whimsicott\n|-damage|p1a: Whimsicott|0 fnt\n|-boost|p2a: Moltres|spe|1\n|faint|p1a: Whimsicott\n|\n|upkeep\n|\n|t:|1610272413\n|switch|p1a: Talonflame|Talonflame, L82, F|262\/262\n|turn|6\n|\n|t:|1610272417\n|move|p1a: Talonflame|Brave Bird|p2a: Moltres\n|-damage|p2a: Moltres|10\/550\n|-damage|p1a: Talonflame|228\/262|[from] Recoil\n|move|p2a: Moltres|Max Airstream|p1a: Talonflame\n|-damage|p1a: Talonflame|0 fnt\n|-boost|p2a: Moltres|spe|1\n|faint|p1a: Talonflame\n|\n|upkeep\n|\n|t:|1610272434\n|switch|p1a: Bouffalant|Bouffalant, L88, M|310\/310\n|turn|7\n|\n|t:|1610272445\n|-start|p1a: Bouffalant|Dynamax\n|-heal|p1a: Bouffalant|620\/620|[silent]\n|move|p2a: Moltres|Max Guard|p2a: Moltres\n|-singleturn|p2a: Moltres|Max Guard\n|move|p1a: Bouffalant|Max Strike|p2a: Moltres\n|-activate|p2a: Moltres|move: Max Guard\n|\n|-end|p2a: Moltres|Dynamax\n|-heal|p2a: Moltres|5\/275|[silent]\n|upkeep\n|turn|8\n|\n|t:|1610272455\n|move|p2a: Moltres|Rest|p2a: Moltres\n|-status|p2a: Moltres|slp|[from] move: Rest\n|-heal|p2a: Moltres|275\/275 slp|[silent]\n|-enditem|p2a: Moltres|Chesto Berry|[eat]\n|-curestatus|p2a: Moltres|slp|[msg]\n|move|p1a: Bouffalant|Max Strike|p2a: Moltres\n|-damage|p2a: Moltres|98\/275\n|-unboost|p2a: Moltres|spe|1\n|-ability|p2a: Moltres|Berserk|boost\n|-boost|p2a: Moltres|spa|1\n|\n|upkeep\n|turn|9\n|\n|t:|1610272468\n|move|p2a: Moltres|Fiery Wrath|p1a: Bouffalant\n|-damage|p1a: Bouffalant|370\/620\n|move|p1a: Bouffalant|Max Strike|p2a: Moltres\n|-crit|p2a: Moltres\n|-damage|p2a: Moltres|0 fnt\n|faint|p2a: Moltres\n|\n|-heal|p1a: Bouffalant|389\/620|[from] item: Leftovers\n|-end|p1a: Bouffalant|Dynamax\n|-heal|p1a: Bouffalant|195\/310|[silent]\n|upkeep\n|\n|t:|1610272477\n|switch|p2a: Toxicroak|Toxicroak, L86, M|283\/283\n|turn|10\n|\n|t:|1610272484\n|switch|p1a: Dragapult|Dragapult, L80, M|272\/272\n|move|p2a: Toxicroak|Swords Dance|p2a: Toxicroak\n|-boost|p2a: Toxicroak|atk|2\n|\n|upkeep\n|turn|11\n|\n|t:|1610272490\n|switch|p1a: Noivern|Noivern, L84, M|280\/280\n|move|p2a: Toxicroak|Drain Punch|p1a: Noivern\n|-resisted|p1a: Noivern\n|-damage|p1a: Noivern|184\/280\n|\n|upkeep\n|turn|12\n|\n|t:|1610272496\n|move|p1a: Noivern|Hurricane|p2a: Toxicroak|[miss]\n|-miss|p1a: Noivern|p2a: Toxicroak\n|move|p2a: Toxicroak|Ice Punch|p1a: Noivern\n|-supereffective|p1a: Noivern\n|-damage|p1a: Noivern|0 fnt\n|faint|p1a: Noivern\n|\n|upkeep\n|\n|t:|1610272500\n|switch|p1a: Dragapult|Dragapult, L80, M|272\/272\n|turn|13\n|inactive|TehranTyphlosions has 120 seconds left.\n|\n|t:|1610272545\n|move|p1a: Dragapult|Draco Meteor|p2a: Toxicroak\n|-damage|p2a: Toxicroak|40\/283\n|-unboost|p1a: Dragapult|spa|2\n|move|p2a: Toxicroak|Ice Punch|p1a: Dragapult\n|-supereffective|p1a: Dragapult\n|-damage|p1a: Dragapult|0 fnt\n|faint|p1a: Dragapult\n|\n|upkeep\n|-message|TehranTyphlosions forfeited.\n|\n|win|exfir\n|l|\u2606TehranTyphlosions\n|raw|TehranTyphlosions's rating: 1837 &rarr; <strong>1820<\/strong><br \/>(-17 for losing)\n|raw|exfir's rating: 1889 &rarr; <strong>1906<\/strong><br \/>(+17 for winning)\n","inputlog":">version 2c65de1a16786c39bbde0463304e483476311fc9\n>start {\"formatid\":\"gen8randombattle\",\"seed\":[13461,26446,65266,59914],\"rated\":\"Rated battle\"}\n>player p1 {\"name\":\"TehranTyphlosions\",\"avatar\":\"clair\",\"team\":\"\",\"rating\":1837,\"seed\":[64680,49530,56534,57177]}\n>player p2 {\"name\":\"exfir\",\"avatar\":\"169\",\"team\":\"\",\"rating\":1889,\"seed\":[50314,61527,36067,56921]}\n>p1 switch 5\n>p2 move gunkshot\n>p1 move bonemerang\n>p2 switch 5\n>p1 switch 5\n>p2 move hurricane\n>p1 move moonblast\n>p2 move nastyplot\n>p1 move moonblast\n>p2 move hurricane dynamax\n>p1 switch 4\n>p1 move bravebird\n>p2 move hurricane dynamax\n>p1 switch 2\n>p1 move headcharge dynamax\n>p2 move nastyplot dynamax\n>p1 move headcharge dynamax\n>p2 move rest\n>p1 move headcharge dynamax\n>p2 move fierywrath\n>p2 switch 5\n>p1 switch 6\n>p2 move swordsdance\n>p1 switch 3\n>p2 move drainpunch\n>p1 move hurricane\n>p2 move icepunch\n>p1 switch 3\n>p1 move dracometeor\n>p2 move icepunch","uploadtime":1610272557,"views":4,"p1id":"tehrantyphlosions","p2id":"exfir","formatid":"gen8randombattle","rating":1820,"private":0,"password":null}