{"id":"gen8ou-1372909808","p1":"Ban lando t guy jk","p2":"LT81YL arundrago","format":"gen8ou","log":"|raw|<div class=\"broadcast-blue\"><strong>This battle is required to be public due to a player having a name starting with 'lt81yl'.<\/div>\n|j|\u2606Ban lando t guy jk\n|j|\u2606LT81YL arundrago\n|t:|1625751961\n|gametype|singles\n|player|p1|Ban lando t guy jk|silver|1626\n|player|p2|LT81YL arundrago|ash-kalos|1678\n|teamsize|p1|6\n|teamsize|p2|6\n|gen|8\n|tier|[Gen 8] OU\n|rated|\n|rule|Sleep Clause Mod: Limit one foe put to sleep\n|rule|Species Clause: Limit one of each Pok\u00e9mon\n|rule|OHKO Clause: OHKO moves are banned\n|rule|Evasion Moves Clause: Evasion moves are banned\n|rule|Endless Battle Clause: Forcing endless battles is banned\n|rule|HP Percentage Mod: HP is shown in percentages\n|rule|Dynamax Clause: You cannot dynamax\n|clearpoke\n|poke|p1|Pelipper, F|\n|poke|p1|Barraskewda, F|\n|poke|p1|Ferrothorn, M|\n|poke|p1|Seismitoad, F|\n|poke|p1|Tapu Koko|\n|poke|p1|Tornadus-Therian, M|\n|poke|p2|Whimsicott, F|\n|poke|p2|Mew|\n|poke|p2|Jirachi|\n|poke|p2|Xurkitree|\n|poke|p2|Tornadus, M|\n|poke|p2|Tapu Lele|\n|teampreview\n|inactive|Battle timer is ON: inactive players will automatically lose when time's up. (requested by Ban lando t guy jk)\n|\n|t:|1625751980\n|start\n|switch|p1a: Speed Overdose|Tapu Koko|100\/100\n|switch|p2a: Tapu Lele|Tapu Lele|100\/100\n|-fieldstart|move: Electric Terrain|[from] ability: Electric Surge|[of] p1a: Speed Overdose\n|-fieldstart|move: Psychic Terrain|[from] ability: Psychic Surge|[of] p2a: Tapu Lele\n|turn|1\n|\n|t:|1625751987\n|move|p1a: Speed Overdose|Volt Switch|p2a: Tapu Lele\n|-damage|p2a: Tapu Lele|57\/100\n|\n|t:|1625751990\n|switch|p1a: Hates rain|Ferrothorn, M|100\/100|[from]move: Volt Switch\n|move|p2a: Tapu Lele|Psychic|p1a: Hates rain\n|-resisted|p1a: Hates rain\n|-damage|p1a: Hates rain|55\/100\n|\n|-heal|p1a: Hates rain|62\/100|[from] item: Leftovers\n|upkeep\n|turn|2\n|\n|t:|1625751997\n|switch|p2a: Tornadus|Tornadus, M|100\/100\n|move|p1a: Hates rain|Gyro Ball|p2a: Tornadus\n|-damage|p2a: Tornadus|46\/100\n|\n|-heal|p1a: Hates rain|68\/100|[from] item: Leftovers\n|upkeep\n|turn|3\n|\n|t:|1625752005\n|move|p2a: Tornadus|Taunt|p1a: Hates rain\n|-activate|p1a: Hates rain|move: Psychic Terrain\n|move|p1a: Hates rain|Gyro Ball|p2a: Tornadus\n|-damage|p2a: Tornadus|0 fnt\n|faint|p2a: Tornadus\n|\n|-heal|p1a: Hates rain|74\/100|[from] item: Leftovers\n|upkeep\n|\n|t:|1625752014\n|switch|p2a: Mew|Mew|100\/100\n|turn|4\n|\n|t:|1625752029\n|move|p2a: Mew|Taunt|p1a: Hates rain\n|-start|p1a: Hates rain|move: Taunt\n|move|p1a: Hates rain|Knock Off|p2a: Mew\n|-supereffective|p2a: Mew\n|-damage|p2a: Mew|65\/100\n|-enditem|p2a: Mew|Weakness Policy\n|-boost|p2a: Mew|atk|2|[from] item: Weakness Policy\n|-boost|p2a: Mew|spa|2|[from] item: Weakness Policy\n|\n|-heal|p1a: Hates rain|80\/100|[from] item: Leftovers\n|upkeep\n|turn|5\n|\n|t:|1625752039\n|switch|p1a: Big Gulp sponsor|Pelipper, F|100\/100\n|-weather|RainDance|[from] ability: Drizzle|[of] p1a: Big Gulp sponsor\n|move|p2a: Mew|Cosmic Power|p2a: Mew\n|-boost|p2a: Mew|def|1\n|-boost|p2a: Mew|spd|1\n|\n|-weather|RainDance|[upkeep]\n|-fieldend|move: Psychic Terrain\n|upkeep\n|turn|6\n|\n|t:|1625752047\n|move|p2a: Mew|Stored Power|p1a: Big Gulp sponsor\n|-damage|p1a: Big Gulp sponsor|0 fnt\n|faint|p1a: Big Gulp sponsor\n|\n|-weather|RainDance|[upkeep]\n|upkeep\n|\n|t:|1625752051\n|switch|p1a: One fish two fish|Barraskewda, F|100\/100\n|turn|7\n|\n|t:|1625752056\n|move|p1a: One fish two fish|Crunch|p2a: Mew\n|-supereffective|p2a: Mew\n|-damage|p2a: Mew|13\/100\n|move|p2a: Mew|Stored Power|p1a: One fish two fish\n|-damage|p1a: One fish two fish|0 fnt\n|faint|p1a: One fish two fish\n|\n|-weather|RainDance|[upkeep]\n|upkeep\n|\n|t:|1625752061\n|switch|p1a: Speed Overdose|Tapu Koko|100\/100\n|-fieldstart|move: Electric Terrain|[from] ability: Electric Surge|[of] p1a: Speed Overdose\n|turn|8\n|\n|t:|1625752068\n|move|p1a: Speed Overdose|Volt Switch|p2a: Mew\n|-damage|p2a: Mew|0 fnt\n|faint|p2a: Mew\n|\n|t:|1625752075\n|switch|p1a: Agent \u00a5|Seismitoad, F|100\/100|[from]move: Volt Switch\n|\n|-weather|RainDance|[upkeep]\n|upkeep\n|\n|t:|1625752085\n|switch|p2a: Whimsicott|Whimsicott, F|100\/100\n|turn|9\n|\n|t:|1625752088\n|move|p2a: Whimsicott|Tailwind|p2a: Whimsicott\n|-sidestart|p2: LT81YL arundrago|move: Tailwind\n|move|p1a: Agent \u00a5|Sludge Wave|p2a: Whimsicott\n|-supereffective|p2a: Whimsicott\n|-damage|p2a: Whimsicott|0 fnt\n|faint|p2a: Whimsicott\n|-damage|p1a: Agent \u00a5|91\/100|[from] item: Life Orb\n|\n|-weather|RainDance|[upkeep]\n|upkeep\n|inactive|LT81YL arundrago has 120 seconds left.\n|\n|t:|1625752125\n|switch|p2a: Jirachi|Jirachi, shiny|100\/100\n|turn|10\n|\n|t:|1625752129\n|move|p2a: Jirachi|Calm Mind|p2a: Jirachi\n|-boost|p2a: Jirachi|spa|1\n|-boost|p2a: Jirachi|spd|1\n|move|p1a: Agent \u00a5|Earth Power|p2a: Jirachi\n|-supereffective|p2a: Jirachi\n|-crit|p2a: Jirachi\n|-damage|p2a: Jirachi|0 fnt\n|faint|p2a: Jirachi\n|-damage|p1a: Agent \u00a5|81\/100|[from] item: Life Orb\n|\n|-weather|RainDance|[upkeep]\n|upkeep\n|inactive|LT81YL arundrago has 120 seconds left.\n|c|\u2606LT81YL arundrago|ugh\n|\n|t:|1625752145\n|switch|p2a: Tapu Lele|Tapu Lele|57\/100\n|-fieldstart|move: Psychic Terrain|[from] ability: Psychic Surge|[of] p2a: Tapu Lele\n|turn|11\n|inactive|LT81YL arundrago has 120 seconds left.\n|\n|t:|1625752150\n|switch|p1a: Tornadus|Tornadus-Therian, M|100\/100\n|move|p2a: Tapu Lele|Focus Blast|p1a: Tornadus|[miss]\n|-miss|p2a: Tapu Lele|p1a: Tornadus\n|\n|-weather|RainDance|[upkeep]\n|upkeep\n|turn|12\n|\n|t:|1625752158\n|move|p2a: Tapu Lele|Focus Blast|p1a: Tornadus\n|-resisted|p1a: Tornadus\n|-damage|p1a: Tornadus|61\/100\n|move|p1a: Tornadus|Knock Off|p2a: Tapu Lele\n|-damage|p2a: Tapu Lele|24\/100\n|-enditem|p2a: Tapu Lele|Choice Specs|[from] move: Knock Off|[of] p1a: Tornadus\n|\n|-weather|none\n|-sideend|p2: LT81YL arundrago|move: Tailwind\n|upkeep\n|turn|13\n|\n|t:|1625752169\n|move|p1a: Tornadus|U-turn|p2a: Tapu Lele\n|-damage|p2a: Tapu Lele|3\/100\n|\n|t:|1625752176\n|switch|p1a: Agent \u00a5|Seismitoad, F|81\/100|[from]move: U-turn\n|move|p2a: Tapu Lele|Moonblast|p1a: Agent \u00a5\n|-damage|p1a: Agent \u00a5|18\/100\n|\n|upkeep\n|turn|14\n|inactive|LT81YL arundrago has 120 seconds left.\n|l|\u2606LT81YL arundrago\n|inactive|LT81YL arundrago disconnected and has a minute to reconnect!\n|player|p2|\n|inactive|LT81YL arundrago has 30 seconds to reconnect!\n|inactive|LT81YL arundrago has 20 seconds to reconnect!\n|inactive|LT81YL arundrago has 15 seconds to reconnect!\n|inactive|LT81YL arundrago has 10 seconds to reconnect!\n|inactive|LT81YL arundrago has 5 seconds to reconnect!\n|-message|LT81YL arundrago lost due to inactivity.\n|\n|win|Ban lando t guy jk\n|raw|Ban lando t guy jk's rating: 1626 &rarr; <strong>1649<\/strong><br \/>(+23 for winning)\n|raw|LT81YL arundrago's rating: 1678 &rarr; <strong>1655<\/strong><br \/>(-23 for losing)\n||Ladder isn't responding, score probably updated but might not have (Request timeout).\n","uploadtime":1625752282,"views":17,"p1id":"banlandotguyjk","p2id":"lt81ylarundrago","formatid":"gen8ou","rating":1649,"private":0,"password":null}