{"id":"gen8nationaldex-1683158832","p1":"sbujunlee3","p2":"MurderousMantyke","format":"gen8nationaldex","log":"|j|\u2606sbujunlee3\n|j|\u2606MurderousMantyke\n|t:|1665502700\n|gametype|singles\n|player|p1|sbujunlee3|170|1654\n|player|p2|MurderousMantyke|#helpstaffxmas|1718\n|teamsize|p1|6\n|teamsize|p2|6\n|gen|8\n|tier|[Gen 8] National Dex\n|rated|\n|rule|HP Percentage Mod: HP is shown in percentages\n|rule|Endless Battle Clause: Forcing endless battles is banned\n|rule|OHKO Clause: OHKO moves are banned\n|rule|Evasion Moves Clause: Evasion moves are banned\n|rule|Species Clause: Limit one of each Pok\u00e9mon\n|rule|Dynamax Clause: You cannot dynamax\n|rule|Sleep Clause Mod: Limit one foe put to sleep\n|clearpoke\n|poke|p1|Charizard, F|\n|poke|p1|Clefable, M|\n|poke|p1|Rotom-Wash|\n|poke|p1|Greninja, F|\n|poke|p1|Landorus-Therian, M|\n|poke|p1|Ferrothorn, M|\n|poke|p2|Kartana|\n|poke|p2|Rotom-Wash|\n|poke|p2|Nihilego|\n|poke|p2|Bisharp, M|\n|poke|p2|Landorus-Therian, M|\n|poke|p2|Volcarona, F|\n|teampreview\n|c|\u2606MurderousMantyke|hf\n|\n|t:|1665502721\n|start\n|switch|p1a: Greninja|Greninja, F|100\/100\n|switch|p2a: Rotom|Rotom-Wash|100\/100\n|turn|1\n|\n|t:|1665502727\n|switch|p1a: Ferrothorn|Ferrothorn, M|100\/100\n|move|p2a: Rotom|Hydro Pump|p1a: Ferrothorn\n|-resisted|p1a: Ferrothorn\n|-damage|p1a: Ferrothorn|88\/100\n|\n|-heal|p1a: Ferrothorn|94\/100|[from] item: Leftovers\n|upkeep\n|turn|2\n|\n|t:|1665502729\n|move|p2a: Rotom|Volt Switch|p1a: Ferrothorn\n|-resisted|p1a: Ferrothorn\n|-damage|p1a: Ferrothorn|86\/100\n|j| Moonlightprayer\n|\n|t:|1665502737\n|switch|p2a: Landorus|Landorus-Therian, M|100\/100|[from]move: Volt Switch\n|-ability|p2a: Landorus|Intimidate|boost\n|-unboost|p1a: Ferrothorn|atk|1\n|move|p1a: Ferrothorn|Stealth Rock|p2a: Landorus\n|-sidestart|p2: MurderousMantyke|move: Stealth Rock\n|\n|-heal|p1a: Ferrothorn|92\/100|[from] item: Leftovers\n|upkeep\n|turn|3\n|l| Moonlightprayer\n|\n|t:|1665502744\n|move|p2a: Landorus|Stealth Rock|p1a: Ferrothorn\n|-sidestart|p1: sbujunlee3|move: Stealth Rock\n|move|p1a: Ferrothorn|Leech Seed|p2a: Landorus\n|-start|p2a: Landorus|move: Leech Seed\n|\n|-heal|p1a: Ferrothorn|98\/100|[from] item: Leftovers\n|-damage|p2a: Landorus|88\/100|[from] Leech Seed|[of] p1a: Ferrothorn\n|-heal|p1a: Ferrothorn|100\/100|[silent]\n|upkeep\n|turn|4\n|\n|t:|1665502748\n|move|p2a: Landorus|U-turn|p1a: Ferrothorn\n|-damage|p1a: Ferrothorn|85\/100\n|-damage|p2a: Landorus|76\/100|[from] ability: Iron Barbs|[of] p1a: Ferrothorn\n|\n|t:|1665502751\n|switch|p2a: Volcarona|Volcarona, F|100\/100|[from]move: U-turn\n|move|p1a: Ferrothorn|Leech Seed|p2a: Volcarona\n|-start|p2a: Volcarona|move: Leech Seed\n|\n|-heal|p1a: Ferrothorn|91\/100|[from] item: Leftovers\n|-damage|p2a: Volcarona|88\/100|[from] Leech Seed|[of] p1a: Ferrothorn\n|-heal|p1a: Ferrothorn|100\/100|[silent]\n|upkeep\n|turn|5\n|\n|t:|1665502756\n|switch|p1a: Rotom|Rotom-Wash|100\/100\n|-damage|p1a: Rotom|88\/100|[from] Stealth Rock\n|move|p2a: Volcarona|Flamethrower|p1a: Rotom\n|-resisted|p1a: Rotom\n|-damage|p1a: Rotom|61\/100\n|\n|-heal|p1a: Rotom|68\/100|[from] item: Leftovers\n|-damage|p2a: Volcarona|76\/100|[from] Leech Seed|[of] p1a: Rotom\n|-heal|p1a: Rotom|80\/100|[silent]\n|upkeep\n|turn|6\n|\n|t:|1665502761\n|switch|p2a: Landorus|Landorus-Therian, M|76\/100\n|-damage|p2a: Landorus|64\/100|[from] Stealth Rock\n|-ability|p2a: Landorus|Intimidate|boost\n|-unboost|p1a: Rotom|atk|1\n|move|p1a: Rotom|Hydro Pump|p2a: Landorus\n|-supereffective|p2a: Landorus\n|-damage|p2a: Landorus|0 fnt\n|faint|p2a: Landorus\n|\n|-heal|p1a: Rotom|86\/100|[from] item: Leftovers\n|upkeep\n|\n|t:|1665502768\n|switch|p2a: Nihilego|Nihilego|100\/100\n|-damage|p2a: Nihilego|88\/100|[from] Stealth Rock\n|turn|7\n|\n|t:|1665502773\n|move|p2a: Nihilego|Meteor Beam||[still]\n|-prepare|p2a: Nihilego|Meteor Beam\n|-boost|p2a: Nihilego|spa|1\n|-enditem|p2a: Nihilego|Power Herb\n|-anim|p2a: Nihilego|Meteor Beam|p1a: Rotom\n|-damage|p1a: Rotom|0 fnt\n|faint|p1a: Rotom\n|-ability|p2a: Nihilego|Beast Boost|boost\n|-boost|p2a: Nihilego|spe|1\n|\n|upkeep\n|\n|t:|1665502783\n|switch|p1a: Ferrothorn|Ferrothorn, M|100\/100\n|-damage|p1a: Ferrothorn|95\/100|[from] Stealth Rock\n|turn|8\n|\n|t:|1665502785\n|move|p2a: Nihilego|Hidden Power|p1a: Ferrothorn\n|-supereffective|p1a: Ferrothorn\n|-damage|p1a: Ferrothorn|24\/100\n|move|p1a: Ferrothorn|Iron Head|p2a: Nihilego\n|-supereffective|p2a: Nihilego\n|-damage|p2a: Nihilego|12\/100\n|\n|-heal|p1a: Ferrothorn|30\/100|[from] item: Leftovers\n|upkeep\n|turn|9\n|\n|t:|1665502797\n|switch|p1a: Landorus|Landorus-Therian, M|100\/100\n|-damage|p1a: Landorus|88\/100|[from] Stealth Rock\n|-ability|p1a: Landorus|Intimidate|boost\n|-unboost|p2a: Nihilego|atk|1\n|move|p2a: Nihilego|Power Gem|p1a: Landorus\n|-damage|p1a: Landorus|28\/100\n|\n|upkeep\n|turn|10\n|\n|t:|1665502800\n|move|p2a: Nihilego|Power Gem|p1a: Landorus\n|-damage|p1a: Landorus|0 fnt\n|faint|p1a: Landorus\n|-ability|p2a: Nihilego|Beast Boost|boost\n|-boost|p2a: Nihilego|spe|1\n|\n|upkeep\n|\n|t:|1665502818\n|switch|p1a: Greninja|Greninja, F|100\/100\n|-damage|p1a: Greninja|88\/100|[from] Stealth Rock\n|turn|11\n|\n|t:|1665502827\n|move|p2a: Nihilego|Power Gem|p1a: Greninja\n|-damage|p1a: Greninja|0 fnt\n|faint|p1a: Greninja\n|-ability|p2a: Nihilego|Beast Boost|boost\n|-boost|p2a: Nihilego|spe|1\n|\n|upkeep\n|\n|t:|1665502831\n|switch|p1a: Clefable|Clefable, M|100\/100\n|turn|12\n|\n|t:|1665502833\n|move|p2a: Nihilego|Pain Split|p1a: Clefable\n|-sethp|p1a: Clefable|56\/100|[from] move: Pain Split|[silent]\n|-sethp|p2a: Nihilego|61\/100|[from] move: Pain Split\n|move|p1a: Clefable|Moonblast|p2a: Nihilego\n|-resisted|p2a: Nihilego\n|-damage|p2a: Nihilego|48\/100\n|\n|upkeep\n|turn|13\n|\n|t:|1665502837\n|move|p2a: Nihilego|Meteor Beam||[still]\n|-prepare|p2a: Nihilego|Meteor Beam\n|-boost|p2a: Nihilego|spa|1\n|move|p1a: Clefable|Thunder Wave|p2a: Nihilego\n|-status|p2a: Nihilego|par\n|\n|upkeep\n|turn|14\n|\n|t:|1665502839\n|move|p2a: Nihilego|Meteor Beam|p1a: Clefable|[from]lockedmove\n|-damage|p1a: Clefable|0 fnt\n|faint|p1a: Clefable\n|-ability|p2a: Nihilego|Beast Boost|boost\n|-boost|p2a: Nihilego|spe|1\n|\n|upkeep\n|\n|t:|1665502842\n|switch|p1a: Charizard|Charizard, F|100\/100\n|-damage|p1a: Charizard|51\/100|[from] Stealth Rock\n|turn|15\n|\n|t:|1665502846\n|detailschange|p1a: Charizard|Charizard-Mega-X, F\n|-mega|p1a: Charizard|Charizard|Charizardite X\n|move|p2a: Nihilego|Power Gem|p1a: Charizard\n|-supereffective|p1a: Charizard\n|-damage|p1a: Charizard|0 fnt\n|faint|p1a: Charizard\n|-ability|p2a: Nihilego|Beast Boost|boost\n|-boost|p2a: Nihilego|spe|1\n|\n|upkeep\n|\n|t:|1665502849\n|switch|p1a: Ferrothorn|Ferrothorn, M|30\/100\n|-damage|p1a: Ferrothorn|24\/100|[from] Stealth Rock\n|turn|16\n|-message|sbujunlee3 forfeited.\n|\n|win|MurderousMantyke\n|raw|sbujunlee3's rating: 1666 &rarr; <strong>1649<\/strong><br \/>(-17 for losing)\n|raw|MurderousMantyke's rating: 1718 &rarr; <strong>1735<\/strong><br \/>(+17 for winning)\n|l|\u2606sbujunlee3\n|c|\u2606MurderousMantyke|gg\n||Ladder isn't responding, score probably updated but might not have (Request timeout).\n|j| Daellio\n|l| Daellio\n","uploadtime":1665502855,"views":16,"p1id":"sbujunlee3","p2id":"murderousmantyke","formatid":"gen8nationaldex","rating":1649,"private":0,"password":null}