{"id":"gen8randombattle-1363459766","p1":"Bunny Girl Mai","p2":"not mb","format":"gen8randombattle","log":"|j|\u2606Bunny Girl Mai\n|j|\u203dnot mb\n|t:|1624389922\n|gametype|singles\n|player|p1|Bunny Girl Mai|169|\n|player|p2|not mb|#wcop2020uswest|\n|teamsize|p1|6\n|teamsize|p2|6\n|gen|8\n|tier|[Gen 8] Random Battle\n|rule|Species Clause: Limit one of each Pok\u00e9mon\n|rule|HP Percentage Mod: HP is shown in percentages\n|rule|Sleep Clause Mod: Limit one foe put to sleep\n|\n|t:|1624389922\n|start\n|switch|p1a: Weezing|Weezing-Galar, L86, F|252\/252\n|switch|p2a: Inteleon|Inteleon, L80, F|243\/243\n|-ability|p1a: Weezing|Neutralizing Gas\n|turn|1\n|j| I hate shadow ball\n|inactive|Battle timer is ON: inactive players will automatically lose when time's up. (requested by not mb)\n|\n|t:|1624389947\n|-end|p1a: Weezing|ability: Neutralizing Gas\n|switch|p1a: Suicune|Suicune, L80|291\/291\n|-ability|p1a: Suicune|Pressure\n|move|p2a: Inteleon|Hydro Pump|p1a: Suicune\n|-resisted|p1a: Suicune\n|-damage|p1a: Suicune|208\/291\n|\n|-heal|p1a: Suicune|226\/291|[from] item: Leftovers\n|upkeep\n|turn|2\n|\n|t:|1624389961\n|switch|p2a: Mewtwo|Mewtwo, L72|272\/272\n|-ability|p2a: Mewtwo|Unnerve\n|move|p1a: Suicune|Calm Mind|p1a: Suicune\n|-boost|p1a: Suicune|spa|1\n|-boost|p1a: Suicune|spd|1\n|\n|-heal|p1a: Suicune|244\/291|[from] item: Leftovers\n|upkeep\n|turn|3\n|inactive|Bunny Girl Mai has 270 seconds left.\n|l|\u2606Bunny Girl Mai\n|inactive|Bunny Girl Mai disconnected and has 300 seconds to reconnect!\n|player|p1|\n|j|\u2606Bunny Girl Mai\n|inactive|Bunny Girl Mai reconnected and has 255 seconds left.\n|player|p1|Bunny Girl Mai|169\n|\n|t:|1624390039\n|switch|p1a: Tyranitar|Tyranitar, L78, M|284\/284\n|-weather|Sandstorm|[from] ability: Sand Stream|[of] p1a: Tyranitar\n|move|p2a: Mewtwo|Nasty Plot|p2a: Mewtwo\n|-boost|p2a: Mewtwo|spa|2\n|\n|-weather|Sandstorm|[upkeep]\n|-damage|p2a: Mewtwo|255\/272|[from] Sandstorm\n|-heal|p2a: Mewtwo|272\/272|[from] item: Leftovers\n|upkeep\n|turn|4\n|c|\u2606Bunny Girl Mai|LOL!!!!!!\n|inactive|Bunny Girl Mai has 240 seconds left.\n|\n|t:|1624390060\n|switch|p2a: Diggersby|Diggersby, L80, F|267\/267\n|move|p1a: Tyranitar|Crunch|p2a: Diggersby\n|-crit|p2a: Diggersby\n|-damage|p2a: Diggersby|99\/267\n|\n|-weather|Sandstorm|[upkeep]\n|upkeep\n|turn|5\n|inactive|Bunny Girl Mai has 240 seconds left.\n|\n|t:|1624390073\n|move|p2a: Diggersby|Knock Off|p1a: Tyranitar\n|-resisted|p1a: Tyranitar\n|-damage|p1a: Tyranitar|236\/284\n|-enditem|p1a: Tyranitar|Lum Berry|[from] move: Knock Off|[of] p2a: Diggersby\n|-damage|p2a: Diggersby|73\/267|[from] item: Life Orb\n|move|p1a: Tyranitar|Crunch|p2a: Diggersby\n|-damage|p2a: Diggersby|0 fnt\n|faint|p2a: Diggersby\n|\n|-weather|Sandstorm|[upkeep]\n|upkeep\n|c|\u2606Bunny Girl Mai|Good job!\n|\n|t:|1624390084\n|switch|p2a: Perrserker|Perrserker, L86, F|261\/261\n|turn|6\n|c| I hate shadow ball|hes u turning\n|inactive|Bunny Girl Mai has 240 seconds left.\n|c| I hate shadow ball|just crunch again\n|inactive|Bunny Girl Mai has 210 seconds left.\n|\n|t:|1624390128\n|switch|p1a: Suicune|Suicune, L80|244\/291\n|-ability|p1a: Suicune|Pressure\n|move|p2a: Perrserker|U-turn|p1a: Suicune\n|-damage|p1a: Suicune|168\/291\n|\n|t:|1624390134\n|switch|p2a: Magmortar|Magmortar, L86, F|269\/269\n|\n|-weather|Sandstorm|[upkeep]\n|-damage|p2a: Magmortar|253\/269|[from] Sandstorm\n|-damage|p1a: Suicune|150\/291|[from] Sandstorm\n|-heal|p1a: Suicune|168\/291|[from] item: Leftovers\n|upkeep\n|turn|7\n|inactive|Bunny Girl Mai has 210 seconds left.\n|\n|t:|1624390155\n|switch|p1a: Bellossom|Bellossom, L82, F|257\/257\n|move|p2a: Magmortar|Thunderbolt|p1a: Bellossom\n|-resisted|p1a: Bellossom\n|-damage|p1a: Bellossom|222\/257\n|-status|p1a: Bellossom|par\n|\n|-weather|none\n|-heal|p1a: Bellossom|238\/257 par|[from] item: Leftovers\n|upkeep\n|turn|8\n|inactive|Bunny Girl Mai has 210 seconds left.\n|\n|t:|1624390173\n|switch|p1a: Rayquaza|Rayquaza, L74|277\/277\n|-ability|p1a: Rayquaza|Air Lock\n|move|p2a: Magmortar|Fire Blast|p1a: Rayquaza\n|-resisted|p1a: Rayquaza\n|-damage|p1a: Rayquaza|198\/277\n|\n|upkeep\n|turn|9\n|inactive|Bunny Girl Mai has 210 seconds left.\n|\n|t:|1624390187\n|switch|p2a: Aggron|Aggron, L84, F|255\/255\n|-item|p2a: Aggron|Air Balloon\n|move|p1a: Rayquaza|Swords Dance|p1a: Rayquaza\n|-boost|p1a: Rayquaza|atk|2\n|\n|upkeep\n|turn|10\n|inactive|Bunny Girl Mai has 210 seconds left.\n|l|\u2606Bunny Girl Mai\n|inactive|Bunny Girl Mai disconnected and has 280 seconds to reconnect!\n|player|p1|\n|inactive|Bunny Girl Mai has 270 seconds to reconnect!\n|inactive|not mb has 270 seconds left.\n|inactive|Bunny Girl Mai has 240 seconds to reconnect!\n|j|\u2606Bunny Girl Mai\n|inactive|Bunny Girl Mai reconnected and has 200 seconds left.\n|player|p1|Bunny Girl Mai|169\n|inactive|Bunny Girl Mai has 180 seconds left.\n|\n|t:|1624390279\n|move|p1a: Rayquaza|V-create|p2a: Aggron\n|-damage|p2a: Aggron|101\/255\n|-unboost|p1a: Rayquaza|spe|1\n|-unboost|p1a: Rayquaza|def|1\n|-unboost|p1a: Rayquaza|spd|1\n|-enditem|p2a: Aggron|Air Balloon\n|move|p2a: Aggron|Head Smash|p1a: Rayquaza\n|-supereffective|p1a: Rayquaza\n|-damage|p1a: Rayquaza|0 fnt\n|faint|p1a: Rayquaza\n|\n|upkeep\n|inactive|Bunny Girl Mai has 180 seconds left.\n|\n|t:|1624390293\n|switch|p1a: Exploud|Exploud, L84, M|312\/312\n|turn|11\n|inactive|not mb has 270 seconds left.\n|\n|t:|1624390306\n|move|p1a: Exploud|Surf|p2a: Aggron\n|-supereffective|p2a: Aggron\n|-damage|p2a: Aggron|0 fnt\n|faint|p2a: Aggron\n|\n|upkeep\n|inactive|not mb has 270 seconds left.\n|\n|t:|1624390336\n|switch|p2a: Perrserker|Perrserker, L86, F|261\/261\n|turn|12\n|\n|t:|1624390344\n|move|p1a: Exploud|Surf|p2a: Perrserker\n|-damage|p2a: Perrserker|151\/261\n|move|p2a: Perrserker|Iron Head|p1a: Exploud\n|-damage|p1a: Exploud|20\/312\n|\n|upkeep\n|turn|13\n|\n|t:|1624390352\n|switch|p2a: Inteleon|Inteleon, L80, F|243\/243\n|move|p1a: Exploud|Surf|p2a: Inteleon\n|-resisted|p2a: Inteleon\n|-damage|p2a: Inteleon|188\/243\n|\n|upkeep\n|turn|14\n|\n|t:|1624390358\n|move|p2a: Inteleon|U-turn|p1a: Exploud\n|-damage|p1a: Exploud|0 fnt\n|faint|p1a: Exploud\n|inactive|not mb has 270 seconds left.\n|\n|t:|1624390372\n|switch|p2a: Magmortar|Magmortar, L86, F|253\/269\n|\n|upkeep\n|\n|t:|1624390377\n|switch|p1a: Tyranitar|Tyranitar, L78, M|236\/284\n|-weather|Sandstorm|[from] ability: Sand Stream|[of] p1a: Tyranitar\n|turn|15\n|\n|t:|1624390384\n|switch|p1a: Weezing|Weezing-Galar, L86, F|252\/252\n|-ability|p1a: Weezing|Neutralizing Gas\n|move|p2a: Magmortar|Earthquake|p1a: Weezing\n|-supereffective|p1a: Weezing\n|-damage|p1a: Weezing|132\/252\n|\n|-weather|Sandstorm|[upkeep]\n|-damage|p2a: Magmortar|237\/269|[from] Sandstorm\n|-damage|p1a: Weezing|117\/252|[from] Sandstorm\n|-heal|p1a: Weezing|132\/252|[from] item: Black Sludge\n|upkeep\n|turn|16\n|\n|t:|1624390397\n|-end|p1a: Weezing|ability: Neutralizing Gas\n|switch|p1a: Bellossom|Bellossom, L82, F|238\/257 par\n|move|p2a: Magmortar|Fire Blast|p1a: Bellossom\n|-supereffective|p1a: Bellossom\n|-damage|p1a: Bellossom|0 fnt\n|faint|p1a: Bellossom\n|\n|-weather|Sandstorm|[upkeep]\n|-damage|p2a: Magmortar|221\/269|[from] Sandstorm\n|upkeep\n|\n|t:|1624390401\n|switch|p1a: Tyranitar|Tyranitar, L78, M|236\/284\n|turn|17\n|\n|t:|1624390415\n|move|p2a: Magmortar|Earthquake|p1a: Tyranitar\n|-supereffective|p1a: Tyranitar\n|-damage|p1a: Tyranitar|106\/284\n|move|p1a: Tyranitar|Dragon Dance|p1a: Tyranitar\n|-boost|p1a: Tyranitar|atk|1\n|-boost|p1a: Tyranitar|spe|1\n|\n|-weather|Sandstorm|[upkeep]\n|-damage|p2a: Magmortar|205\/269|[from] Sandstorm\n|upkeep\n|turn|18\n|\n|t:|1624390422\n|move|p1a: Tyranitar|Stone Edge|p2a: Magmortar\n|-supereffective|p2a: Magmortar\n|-damage|p2a: Magmortar|0 fnt\n|faint|p2a: Magmortar\n|\n|-weather|Sandstorm|[upkeep]\n|upkeep\n|\n|t:|1624390440\n|switch|p2a: Inteleon|Inteleon, L80, F|188\/243\n|turn|19\n|inactive|not mb has 270 seconds left.\n|\n|t:|1624390470\n|move|p2a: Inteleon|Hydro Pump|p1a: Tyranitar\n|-supereffective|p1a: Tyranitar\n|-damage|p1a: Tyranitar|0 fnt\n|faint|p1a: Tyranitar\n|\n|-weather|none\n|upkeep\n|c|\u2606Bunny Girl Mai|Yea sure\n|inactive|Bunny Girl Mai has 240 seconds left.\n|\n|t:|1624390482\n|switch|p1a: Suicune|Suicune, L80|168\/291\n|-ability|p1a: Suicune|Pressure\n|turn|20\n|\n|t:|1624390485\n|switch|p2a: Mewtwo|Mewtwo, L72|272\/272\n|-ability|p2a: Mewtwo|Unnerve\n|move|p1a: Suicune|Calm Mind|p1a: Suicune\n|-boost|p1a: Suicune|spa|1\n|-boost|p1a: Suicune|spd|1\n|\n|-heal|p1a: Suicune|186\/291|[from] item: Leftovers\n|upkeep\n|turn|21\n|c| I hate shadow ball|dynamax time\n|\n|t:|1624390497\n|-start|p2a: Mewtwo|Dynamax\n|-heal|p2a: Mewtwo|544\/544|[silent]\n|move|p2a: Mewtwo|Max Mindstorm|p1a: Suicune\n|-damage|p1a: Suicune|98\/291\n|-fieldstart|move: Psychic Terrain\n|move|p1a: Suicune|Ice Beam|p2a: Mewtwo\n|-damage|p2a: Mewtwo|450\/544\n|\n|-heal|p2a: Mewtwo|467\/544|[from] item: Leftovers\n|-heal|p1a: Suicune|116\/291|[from] item: Leftovers\n|upkeep\n|turn|22\n|c| I hate shadow ball|ok pal\n|\n|t:|1624390514\n|move|p2a: Mewtwo|Max Flare|p1a: Suicune\n|-resisted|p1a: Suicune\n|-damage|p1a: Suicune|85\/291\n|-weather|SunnyDay\n|move|p1a: Suicune|Ice Beam|p2a: Mewtwo\n|-damage|p2a: Mewtwo|379\/544\n|\n|-weather|SunnyDay|[upkeep]\n|-heal|p2a: Mewtwo|396\/544|[from] item: Leftovers\n|-heal|p1a: Suicune|103\/291|[from] item: Leftovers\n|upkeep\n|turn|23\n|c| I hate shadow ball|outstanding\n|\n|t:|1624390535\n|-start|p1a: Suicune|Dynamax\n|-heal|p1a: Suicune|206\/582|[silent]\n|move|p1a: Suicune|Max Guard|p1a: Suicune\n|-singleturn|p1a: Suicune|Max Guard\n|move|p2a: Mewtwo|Max Mindstorm|p1a: Suicune\n|-activate|p1a: Suicune|move: Max Guard\n|\n|-weather|SunnyDay|[upkeep]\n|-heal|p2a: Mewtwo|413\/544|[from] item: Leftovers\n|-heal|p1a: Suicune|224\/582|[from] item: Leftovers\n|-end|p2a: Mewtwo|Dynamax\n|-heal|p2a: Mewtwo|207\/272|[silent]\n|upkeep\n|turn|24\n|\n|t:|1624390547\n|move|p2a: Mewtwo|Psystrike|p1a: Suicune\n|-damage|p1a: Suicune|91\/582\n|move|p1a: Suicune|Max Airstream|p2a: Mewtwo\n|-damage|p2a: Mewtwo|70\/272\n|-boost|p1a: Suicune|spe|1\n|\n|-weather|SunnyDay|[upkeep]\n|-heal|p1a: Suicune|109\/582|[from] item: Leftovers\n|-heal|p2a: Mewtwo|87\/272|[from] item: Leftovers\n|upkeep\n|turn|25\n|inactive|Bunny Girl Mai has 240 seconds left.\n|inactive|not mb has 270 seconds left.\n|\n|t:|1624390591\n|move|p1a: Suicune|Max Geyser|p2a: Mewtwo\n|-damage|p2a: Mewtwo|0 fnt\n|-weather|RainDance\n|faint|p2a: Mewtwo\n|\n|-weather|RainDance|[upkeep]\n|-heal|p1a: Suicune|127\/582|[from] item: Leftovers\n|-fieldend|move: Psychic Terrain\n|-end|p1a: Suicune|Dynamax\n|-heal|p1a: Suicune|64\/291|[silent]\n|upkeep\n|\n|t:|1624390596\n|switch|p2a: Inteleon|Inteleon, L80, F|188\/243\n|turn|26\n|inactive|not mb has 270 seconds left.\n|inactive|Bunny Girl Mai has 210 seconds left.\n|j| pal1122\n|c| I hate shadow ball|idt hydro kills pal\n|inactive|Bunny Girl Mai has 180 seconds left.\n|\n|t:|1624390651\n|move|p1a: Suicune|Calm Mind|p1a: Suicune\n|-boost|p1a: Suicune|spa|1\n|-boost|p1a: Suicune|spd|1\n|move|p2a: Inteleon|Hydro Pump|p1a: Suicune\n|-resisted|p1a: Suicune\n|-damage|p1a: Suicune|0 fnt\n|faint|p1a: Suicune\n|\n|-weather|RainDance|[upkeep]\n|upkeep\n|inactive|Bunny Girl Mai has 180 seconds left.\n|c| I hate shadow ball|lol\n|\n|t:|1624390664\n|switch|p1a: Weezing|Weezing-Galar, L86, F|132\/252\n|-ability|p1a: Weezing|Neutralizing Gas\n|turn|27\n|inactive|Bunny Girl Mai has 180 seconds left.\n|inactive|not mb has 240 seconds left.\n|-message|Bunny Girl Mai forfeited.\n|\n|win|not mb\n|l|\u2606Bunny Girl Mai\n","inputlog":">version 9c7781480f615ad0055a6810a329a1a8f6af9e1b\n>start {\"formatid\":\"gen8randombattle\",\"seed\":[54301,35253,2261,24046]}\n>player p1 {\"name\":\"Bunny Girl Mai\",\"avatar\":\"169\",\"rating\":0,\"seed\":[58968,33108,41616,54155]}\n>player p2 {\"name\":\"not mb\",\"avatar\":\"#wcop2020uswest\",\"rating\":0,\"seed\":[35291,37919,42155,60033]}\n>p1 switch 2\n>p2 move hydropump\n>p1 move calmmind\n>p2 switch 6\n>p1 switch 4\n>p2 move nastyplot\n>chat \u2606Bunny Girl Mai|LOL!!!!!!\n>p1 move crunch\n>p2 switch 5\n>p1 move crunch\n>p2 move knockoff\n>chat \u2606Bunny Girl Mai|Good job!\n>p2 switch 3\n>chat  I hate shadow ball|hes u turning\n>chat  I hate shadow ball|just crunch again\n>p1 switch 4\n>p2 move uturn\n>p2 switch 4\n>p1 switch 3\n>p2 move thunderbolt\n>p1 switch 6\n>p2 move fireblast\n>p1 move swordsdance\n>p2 switch 2\n>chat \u2606Bunny Girl Mai|.\n>p1 move vcreate\n>p2 move headsmash\n>p1 switch 5\n>p1 move surf\n>p2 move headsmash\n>p2 switch 4\n>p1 move surf\n>p2 move ironhead\n>p1 move surf\n>p2 switch 6\n>p1 move surf\n>p2 move uturn\n>p2 switch 2\n>p1 switch 4\n>p1 switch 2\n>p2 move earthquake\n>p1 switch 6\n>p2 move fireblast\n>p1 switch 2\n>p1 move dragondance\n>p2 move earthquake\n>p1 move stoneedge\n>p2 move earthquake\n>p2 switch 2\n>p1 move dragondance\n>p2 move hydropump\n>chat \u2606Bunny Girl Mai|Yea sure\n>p1 switch 3\n>p1 move calmmind\n>p2 switch 5\n>chat  I hate shadow ball|dynamax time\n>p1 move icebeam\n>p2 move psystrike dynamax\n>chat  I hate shadow ball|ok pal\n>p1 move icebeam\n>p2 move fireblast dynamax\n>chat  I hate shadow ball|outstanding\n>p1 move calmmind dynamax\n>p2 move psystrike dynamax\n>p1 move airslash dynamax\n>p2 move psystrike\n>p1 move scald dynamax\n>p2 move psystrike\n>p2 switch 5\n>chat  I hate shadow ball|idt hydro kills pal\n>p1 move calmmind\n>p2 move hydropump\n>chat  I hate shadow ball|lol\n>p1 switch 6\n>forcelose p1","uploadtime":1624390689,"views":26,"p1id":"bunnygirlmai","p2id":"notmb","formatid":"gen8randombattle","rating":0,"private":0,"password":null}