{"id":"gen8ou-1640389262","p1":"LT93OQ ouille","p2":"Goootzinho","format":"gen8ou","log":"|raw|<div class=\"broadcast-blue\"><strong>This battle is required to be public due to a player having a name starting with 'lt93oq'.<\/div>\n|j|\u2606LT93OQ ouille\n|j|\u2606Goootzinho\n|t:|1660588300\n|gametype|singles\n|player|p1|LT93OQ ouille|zinnia|1829\n|player|p2|Goootzinho|karen-gen2|1781\n|teamsize|p1|6\n|teamsize|p2|6\n|gen|8\n|tier|[Gen 8] OU\n|rated|\n|rule|Sleep Clause Mod: Limit one foe put to sleep\n|rule|Species Clause: Limit one of each Pok\u00e9mon\n|rule|OHKO Clause: OHKO moves are banned\n|rule|Evasion Items Clause: Evasion items are banned\n|rule|Evasion Moves Clause: Evasion moves are banned\n|rule|Endless Battle Clause: Forcing endless battles is banned\n|rule|HP Percentage Mod: HP is shown in percentages\n|rule|Dynamax Clause: You cannot dynamax\n|clearpoke\n|poke|p1|Venusaur, F|\n|poke|p1|Heatran, M|\n|poke|p1|Weavile, F|\n|poke|p1|Torkoal, M|\n|poke|p1|Blaziken, M|\n|poke|p1|Rillaboom, M|\n|poke|p2|Dragapult, F|\n|poke|p2|Tapu Lele|\n|poke|p2|Heatran, M|\n|poke|p2|Landorus-Therian, M|\n|poke|p2|Rotom-Wash|\n|poke|p2|Buzzwole|\n|teampreview\n|j| Santiago Bernabeu\n|\n|t:|1660588334\n|start\n|switch|p1a: Torkoal|Torkoal, M|100\/100\n|switch|p2a: Rotom|Rotom-Wash|100\/100\n|-weather|SunnyDay|[from] ability: Drought|[of] p1a: Torkoal\n|turn|1\n|j| LT93OQ Empo\n|l| LT93OQ Empo\n|\n|t:|1660588350\n|move|p2a: Rotom|Thunder Wave|p1a: Torkoal\n|-status|p1a: Torkoal|par\n|cant|p1a: Torkoal|par\n|\n|-weather|SunnyDay|[upkeep]\n|upkeep\n|turn|2\n|j| WildWave\n|\n|t:|1660588361\n|move|p2a: Rotom|Volt Switch|p1a: Torkoal\n|-damage|p1a: Torkoal|73\/100 par\n|\n|t:|1660588375\n|switch|p2a: Tapu Lele|Tapu Lele|100\/100|[from]move: Volt Switch\n|-fieldstart|move: Psychic Terrain|[from] ability: Psychic Surge|[of] p2a: Tapu Lele\n|move|p1a: Torkoal|Stealth Rock|p2a: Tapu Lele\n|-sidestart|p2: Goootzinho|move: Stealth Rock\n|\n|-weather|SunnyDay|[upkeep]\n|upkeep\n|turn|3\n|j| Menacce17\n|inactive|Battle timer is ON: inactive players will automatically lose when time's up. (requested by LT93OQ ouille)\n|\n|t:|1660588387\n|switch|p2a: Landorus|Landorus-Therian, M|100\/100\n|-damage|p2a: Landorus|88\/100|[from] Stealth Rock\n|-ability|p2a: Landorus|Intimidate|boost\n|-unboost|p1a: Torkoal|atk|1\n|switch|p1a: Rillaboom|Rillaboom, M|100\/100\n|-fieldstart|move: Grassy Terrain|[from] ability: Grassy Surge|[of] p1a: Rillaboom\n|\n|-weather|SunnyDay|[upkeep]\n|-heal|p2a: Landorus|94\/100|[from] item: Leftovers\n|upkeep\n|turn|4\n|c| Menacce17|Salut LT93OQ ouille\n|\n|t:|1660588393\n|move|p1a: Rillaboom|Grassy Glide|p2a: Landorus\n|-damage|p2a: Landorus|56\/100\n|move|p2a: Landorus|Defog|p1a: Rillaboom\n|-unboost|p1a: Rillaboom|evasion|1\n|-sideend|p2: Goootzinho|Stealth Rock|[from] move: Defog|[of] p2a: Landorus\n|-fieldend|move: Grassy Terrain\n|\n|-weather|SunnyDay|[upkeep]\n|-heal|p2a: Landorus|62\/100|[from] item: Leftovers\n|upkeep\n|turn|5\n|c|\u2606LT93OQ ouille|yop\n|j| LT93OQ T\n|\n|t:|1660588423\n|switch|p2a: Buzzwole|Buzzwole|100\/100\n|switch|p1a: Blaziken|Blaziken, M|100\/100\n|\n|-weather|SunnyDay|[upkeep]\n|upkeep\n|turn|6\n|l| LT93OQ T\n|inactive|LT93OQ ouille has 120 seconds left.\n|\n|t:|1660588440\n|move|p1a: Blaziken|Flare Blitz|p2a: Buzzwole\n|-supereffective|p2a: Buzzwole\n|-damage|p2a: Buzzwole|6\/100\n|-damage|p1a: Blaziken|84\/100|[from] item: Rocky Helmet|[of] p2a: Buzzwole\n|-damage|p1a: Blaziken|41\/100|[from] Recoil\n|move|p2a: Buzzwole|Close Combat|p1a: Blaziken\n|-damage|p1a: Blaziken|0 fnt\n|-unboost|p2a: Buzzwole|def|1\n|-unboost|p2a: Buzzwole|spd|1\n|faint|p1a: Blaziken\n|-ability|p2a: Buzzwole|Beast Boost|boost\n|-boost|p2a: Buzzwole|def|1\n|\n|-weather|SunnyDay|[upkeep]\n|upkeep\n|inactive|LT93OQ ouille has 120 seconds left.\n|inactive|LT93OQ ouille has 90 seconds left.\n|\n|t:|1660588492\n|switch|p1a: Weavile|Weavile, F|100\/100\n|turn|7\n|inactive|Goootzinho has 120 seconds left.\n|\n|t:|1660588519\n|move|p1a: Weavile|Knock Off|p2a: Buzzwole\n|-resisted|p2a: Buzzwole\n|-damage|p2a: Buzzwole|0 fnt\n|-damage|p1a: Weavile|84\/100|[from] item: Rocky Helmet|[of] p2a: Buzzwole\n|-enditem|p2a: Buzzwole|Rocky Helmet|[from] move: Knock Off|[of] p1a: Weavile\n|faint|p2a: Buzzwole\n|\n|-weather|SunnyDay|[upkeep]\n|upkeep\n|inactive|Goootzinho has 90 seconds left.\n|\n|t:|1660588560\n|switch|p2a: Rotom|Rotom-Wash|100\/100\n|turn|8\n|inactive|LT93OQ ouille has 90 seconds left.\n|\n|t:|1660588593\n|switch|p1a: Rillaboom|Rillaboom, M|100\/100\n|-fieldstart|move: Grassy Terrain|[from] ability: Grassy Surge|[of] p1a: Rillaboom\n|move|p2a: Rotom|Volt Switch|p1a: Rillaboom\n|-resisted|p1a: Rillaboom\n|-damage|p1a: Rillaboom|89\/100\n|-enditem|p1a: Rillaboom|Eject Button\n|inactive|LT93OQ ouille has 60 seconds left.\n|\n|t:|1660588627\n|switch|p1a: Venusaur|Venusaur, F, shiny|100\/100\n|\n|-weather|none\n|upkeep\n|turn|9\n|inactive|LT93OQ ouille has 60 seconds left.\n|\n|t:|1660588647\n|switch|p2a: Dragapult|Dragapult, F|100\/100\n|move|p1a: Venusaur|Sleep Powder|p2a: Dragapult\n|-status|p2a: Dragapult|slp|[from] move: Sleep Powder\n|\n|upkeep\n|turn|10\n|inactive|LT93OQ ouille has 60 seconds left.\n|inactive|Goootzinho has 60 seconds left.\n|j| PLZ Don't Machoke\n|\n|t:|1660588677\n|switch|p2a: Heatran|Heatran, M|100\/100\n|switch|p1a: Weavile|Weavile, F|84\/100\n|\n|-heal|p1a: Weavile|90\/100|[from] Grassy Terrain\n|upkeep\n|turn|11\n|\n|t:|1660588686\n|move|p1a: Weavile|Low Kick|p2a: Heatran\n|-supereffective|p2a: Heatran\n|-damage|p2a: Heatran|0 fnt\n|faint|p2a: Heatran\n|\n|-heal|p1a: Weavile|96\/100|[from] Grassy Terrain\n|upkeep\n|\n|t:|1660588691\n|switch|p2a: Tapu Lele|Tapu Lele|100\/100\n|-fieldstart|move: Psychic Terrain|[from] ability: Psychic Surge|[of] p2a: Tapu Lele\n|turn|12\n|inactive|Goootzinho has 60 seconds left.\n|inactive|LT93OQ ouille has 60 seconds left.\n|\n|t:|1660588717\n|switch|p1a: Rillaboom|Rillaboom, M|89\/100\n|-fieldstart|move: Grassy Terrain|[from] ability: Grassy Surge|[of] p1a: Rillaboom\n|move|p2a: Tapu Lele|Focus Blast|p1a: Rillaboom\n|-damage|p1a: Rillaboom|22\/100\n|\n|-heal|p1a: Rillaboom|28\/100|[from] Grassy Terrain\n|upkeep\n|turn|13\n|inactive|Goootzinho has 60 seconds left.\n|\n|t:|1660588741\n|move|p1a: Rillaboom|Grassy Glide|p2a: Tapu Lele\n|-damage|p2a: Tapu Lele|46\/100\n|move|p2a: Tapu Lele|Focus Blast|p1a: Rillaboom\n|-damage|p1a: Rillaboom|0 fnt\n|faint|p1a: Rillaboom\n|\n|-heal|p2a: Tapu Lele|52\/100|[from] Grassy Terrain\n|upkeep\n|inactive|LT93OQ ouille has 30 seconds left.\n|inactive|LT93OQ ouille has 20 seconds left.\n|inactive|LT93OQ ouille has 15 seconds left.\n|inactive|LT93OQ ouille has 10 seconds left.\n|\n|t:|1660588788\n|switch|p1a: Weavile|Weavile, F|96\/100\n|turn|14\n|inactive|LT93OQ ouille has 20 seconds left this turn.\n|c|\u2606LT93OQ ouille|fiou\n|\n|t:|1660588817\n|switch|p2a: Landorus|Landorus-Therian, M|62\/100\n|-ability|p2a: Landorus|Intimidate|boost\n|-unboost|p1a: Weavile|atk|1\n|move|p1a: Weavile|Knock Off|p2a: Landorus\n|-damage|p2a: Landorus|14\/100\n|-enditem|p2a: Landorus|Leftovers|[from] move: Knock Off|[of] p1a: Weavile\n|\n|-heal|p1a: Weavile|100\/100|[from] Grassy Terrain\n|upkeep\n|turn|15\n|inactive|LT93OQ ouille has 30 seconds left this turn.\n|inactive|LT93OQ ouille has 20 seconds left.\n|inactive|LT93OQ ouille has 15 seconds left.\n|inactive|Goootzinho has 30 seconds left.\n|\n|t:|1660588840\n|switch|p2a: Rotom|Rotom-Wash|100\/100\n|move|p1a: Weavile|Knock Off|p2a: Rotom\n|-damage|p2a: Rotom|46\/100\n|-enditem|p2a: Rotom|Leftovers|[from] move: Knock Off|[of] p1a: Weavile\n|\n|upkeep\n|turn|16\n|inactive|LT93OQ ouille has 25 seconds left this turn.\n|inactive|LT93OQ ouille has 20 seconds left.\n|inactive|Goootzinho has 30 seconds left.\n|inactive|LT93OQ ouille has 15 seconds left.\n|inactive|Goootzinho has 20 seconds left.\n|inactiveoff|Battle timer is now OFF.\n|\n|t:|1660588862\n|switch|p1a: Torkoal|Torkoal, M|73\/100 par\n|-weather|SunnyDay|[from] ability: Drought|[of] p1a: Torkoal\n|move|p2a: Rotom|Pain Split|p1a: Torkoal\n|-sethp|p1a: Torkoal|57\/100 par|[from] move: Pain Split|[silent]\n|-sethp|p2a: Rotom|65\/100|[from] move: Pain Split\n|\n|-weather|SunnyDay|[upkeep]\n|-heal|p1a: Torkoal|63\/100 par|[from] Grassy Terrain\n|-fieldend|move: Grassy Terrain\n|upkeep\n|turn|17\n|inactive|Battle timer is ON: inactive players will automatically lose when time's up. (requested by LT93OQ ouille)\n|inactive|LT93OQ ouille has 20 seconds left this turn.\n|inactive|Goootzinho has 25 seconds left this turn.\n|\n|t:|1660588882\n|move|p2a: Rotom|Volt Switch|p1a: Torkoal\n|-damage|p1a: Torkoal|40\/100 par\n|inactive|LT93OQ ouille has 25 seconds left this turn.\n|inactive|Goootzinho has 30 seconds left this turn.\n|\n|t:|1660588886\n|switch|p2a: Dragapult|Dragapult, F|100\/100 slp|[from]move: Volt Switch\n|cant|p1a: Torkoal|par\n|\n|-weather|SunnyDay|[upkeep]\n|upkeep\n|turn|18\n|inactive|LT93OQ ouille has 30 seconds left.\n|\n|t:|1660588896\n|switch|p1a: Heatran|Heatran, M|100\/100\n|-item|p1a: Heatran|Air Balloon\n|cant|p2a: Dragapult|slp\n|\n|-weather|SunnyDay|[upkeep]\n|upkeep\n|turn|19\n|inactive|LT93OQ ouille has 30 seconds left.\n|j| dfsger\n|inactive|Goootzinho has 30 seconds left.\n|\n|t:|1660588913\n|cant|p2a: Dragapult|slp\n|move|p1a: Heatran|Dragon Pulse|p2a: Dragapult\n|-supereffective|p2a: Dragapult\n|-damage|p2a: Dragapult|16\/100 slp\n|\n|-weather|SunnyDay|[upkeep]\n|upkeep\n|turn|20\n|\n|t:|1660588918\n|-curestatus|p2a: Dragapult|slp|[msg]\n|move|p2a: Dragapult|Shadow Ball|p1a: Heatran\n|-damage|p1a: Heatran|52\/100\n|-unboost|p1a: Heatran|spd|1\n|-enditem|p1a: Heatran|Air Balloon\n|move|p1a: Heatran|Eruption|p2a: Dragapult\n|-resisted|p2a: Dragapult\n|-damage|p2a: Dragapult|0 fnt\n|faint|p2a: Dragapult\n|\n|-weather|SunnyDay|[upkeep]\n|upkeep\n|inactive|Goootzinho has 30 seconds left.\n|\n|t:|1660588929\n|switch|p2a: Landorus|Landorus-Therian, M|14\/100\n|-ability|p2a: Landorus|Intimidate|boost\n|-unboost|p1a: Heatran|atk|1\n|turn|21\n|\n|t:|1660588936\n|move|p2a: Landorus|Earthquake|p1a: Heatran\n|-supereffective|p1a: Heatran\n|-damage|p1a: Heatran|0 fnt\n|faint|p1a: Heatran\n|\n|-weather|SunnyDay|[upkeep]\n|upkeep\n|\n|t:|1660588944\n|switch|p1a: Weavile|Weavile, F|100\/100\n|turn|22\n|\n|t:|1660588953\n|move|p1a: Weavile|Knock Off|p2a: Landorus\n|-damage|p2a: Landorus|0 fnt\n|faint|p2a: Landorus\n|\n|-weather|SunnyDay|[upkeep]\n|upkeep\n|\n|t:|1660588956\n|switch|p2a: Rotom|Rotom-Wash|65\/100\n|turn|23\n|inactive|Goootzinho has 60 seconds left.\n|\n|t:|1660588982\n|move|p1a: Weavile|Knock Off|p2a: Rotom\n|-damage|p2a: Rotom|6\/100\n|move|p2a: Rotom|Thunder Wave|p1a: Weavile\n|-status|p1a: Weavile|par\n|\n|-weather|none\n|upkeep\n|turn|24\n|inactive|Goootzinho has 30 seconds left.\n|\n|t:|1660589004\n|switch|p1a: Torkoal|Torkoal, M|40\/100 par\n|-weather|SunnyDay|[from] ability: Drought|[of] p1a: Torkoal\n|move|p2a: Rotom|Pain Split|p1a: Torkoal\n|-sethp|p1a: Torkoal|23\/100 par|[from] move: Pain Split|[silent]\n|-sethp|p2a: Rotom|26\/100|[from] move: Pain Split\n|\n|-weather|SunnyDay|[upkeep]\n|upkeep\n|turn|25\n|inactive|Goootzinho has 30 seconds left.\n|\n|t:|1660589018\n|switch|p1a: Weavile|Weavile, F|100\/100 par\n|move|p2a: Rotom|Volt Switch|p1a: Weavile\n|-damage|p1a: Weavile|67\/100 par\n|\n|t:|1660589021\n|switch|p2a: Tapu Lele|Tapu Lele|52\/100|[from]move: Volt Switch\n|-fieldstart|move: Psychic Terrain|[from] ability: Psychic Surge|[of] p2a: Tapu Lele\n|\n|-weather|SunnyDay|[upkeep]\n|upkeep\n|turn|26\n|j| gare23limit\n|inactive|Goootzinho has 30 seconds left.\n|\n|t:|1660589039\n|switch|p2a: Rotom|Rotom-Wash|26\/100\n|move|p1a: Weavile|Knock Off|p2a: Rotom\n|-damage|p2a: Rotom|0 fnt\n|faint|p2a: Rotom\n|\n|-weather|SunnyDay|[upkeep]\n|upkeep\n|\n|t:|1660589042\n|switch|p2a: Tapu Lele|Tapu Lele|52\/100\n|turn|27\n|c|\u2606LT93OQ ouille|gg\n|\n|t:|1660589048\n|move|p2a: Tapu Lele|Moonblast|p1a: Weavile\n|-supereffective|p1a: Weavile\n|-damage|p1a: Weavile|0 fnt\n|faint|p1a: Weavile\n|\n|-weather|SunnyDay|[upkeep]\n|upkeep\n|\n|t:|1660589051\n|switch|p1a: Venusaur|Venusaur, F, shiny|100\/100\n|turn|28\n|\n|t:|1660589055\n|move|p1a: Venusaur|Solar Beam||[still]\n|-prepare|p1a: Venusaur|Solar Beam\n|-anim|p1a: Venusaur|Solar Beam|p2a: Tapu Lele\n|-damage|p2a: Tapu Lele|0 fnt\n|faint|p2a: Tapu Lele\n|-damage|p1a: Venusaur|91\/100|[from] item: Life Orb\n|\n|win|LT93OQ ouille\n|raw|LT93OQ ouille's rating: 1829 &rarr; <strong>1846<\/strong><br \/>(+17 for winning)\n|raw|Goootzinho's rating: 1781 &rarr; <strong>1764<\/strong><br \/>(-17 for losing)\n|l|\u2606Goootzinho\n|l| dfsger\n|l|\u2606LT93OQ ouille\n||Ladder isn't responding, score probably updated but might not have (Request timeout).\n|l| gare23limit\n|l| Menacce17\n","uploadtime":1660589297,"views":42,"p1id":"lt93oqouille","p2id":"goootzinho","formatid":"gen8ou","rating":1764,"private":0,"password":null}