{"id":"gen8randombattle-1364172682","p1":"bachunator","p2":"Chaud74","format":"gen8randombattle","log":"|j|\u2606bachunator\n|j|\u2606Chaud74\n|t:|1624490204\n|gametype|singles\n|player|p1|bachunator|102|1786\n|player|p2|Chaud74|170|1819\n|teamsize|p1|6\n|teamsize|p2|6\n|gen|8\n|tier|[Gen 8] Random Battle\n|rated|\n|rule|Species Clause: Limit one of each Pok\u00e9mon\n|rule|HP Percentage Mod: HP is shown in percentages\n|rule|Sleep Clause Mod: Limit one foe put to sleep\n|\n|t:|1624490204\n|start\n|switch|p1a: Appletun|Appletun, L90, F|344\/344\n|switch|p2a: Tornadus|Tornadus-Therian, L78, M|251\/251\n|turn|1\n|\n|t:|1624490211\n|switch|p1a: Regirock|Regirock, L84|272\/272\n|move|p2a: Tornadus|Hurricane|p1a: Regirock\n|-resisted|p1a: Regirock\n|-crit|p1a: Regirock\n|-damage|p1a: Regirock|201\/272\n|\n|upkeep\n|turn|2\n|inactive|Battle timer is ON: inactive players will automatically lose when time's up. (requested by Chaud74)\n|\n|t:|1624490229\n|switch|p2a: Shiinotic|Shiinotic, L86, F|243\/243\n|move|p1a: Regirock|Stone Edge|p2a: Shiinotic\n|-damage|p2a: Shiinotic|74\/243\n|\n|-heal|p2a: Shiinotic|89\/243|[from] item: Leftovers\n|upkeep\n|turn|3\n|\n|t:|1624490249\n|switch|p2a: Seismitoad|Seismitoad, L84, M|314\/314\n|move|p1a: Regirock|Stone Edge|p2a: Seismitoad\n|-resisted|p2a: Seismitoad\n|-damage|p2a: Seismitoad|227\/314\n|\n|upkeep\n|turn|4\n|\n|t:|1624490255\n|switch|p1a: Appletun|Appletun, L90, F|344\/344\n|move|p2a: Seismitoad|Stealth Rock|p1a: Appletun\n|-sidestart|p1: bachunator|move: Stealth Rock\n|\n|upkeep\n|turn|5\n|\n|t:|1624490264\n|switch|p2a: Tornadus|Tornadus-Therian, L78, M|251\/251\n|move|p1a: Appletun|Apple Acid|p2a: Tornadus\n|-resisted|p2a: Tornadus\n|-damage|p2a: Tornadus|200\/251\n|-unboost|p2a: Tornadus|spd|1\n|\n|upkeep\n|turn|6\n|\n|t:|1624490271\n|switch|p1a: Regirock|Regirock, L84|201\/272\n|-damage|p1a: Regirock|167\/272|[from] Stealth Rock\n|move|p2a: Tornadus|Hurricane|p1a: Regirock\n|-resisted|p1a: Regirock\n|-damage|p1a: Regirock|112\/272\n|\n|upkeep\n|turn|7\n|\n|t:|1624490280\n|switch|p2a: Seismitoad|Seismitoad, L84, M|227\/314\n|move|p1a: Regirock|Stone Edge|p2a: Seismitoad\n|-resisted|p2a: Seismitoad\n|-damage|p2a: Seismitoad|137\/314\n|\n|upkeep\n|turn|8\n|\n|t:|1624490298\n|move|p2a: Seismitoad|Earthquake|p1a: Regirock\n|-supereffective|p1a: Regirock\n|-damage|p1a: Regirock|0 fnt\n|faint|p1a: Regirock\n|-damage|p2a: Seismitoad|106\/314|[from] item: Life Orb\n|\n|upkeep\n|\n|t:|1624490316\n|switch|p1a: Appletun|Appletun, L90, F|344\/344\n|-damage|p1a: Appletun|301\/344|[from] Stealth Rock\n|turn|9\n|\n|t:|1624490325\n|switch|p2a: Tornadus|Tornadus-Therian, L78, M|251\/251\n|move|p1a: Appletun|Apple Acid|p2a: Tornadus\n|-resisted|p2a: Tornadus\n|-damage|p2a: Tornadus|197\/251\n|-unboost|p2a: Tornadus|spd|1\n|\n|-heal|p1a: Appletun|322\/344|[from] item: Leftovers\n|upkeep\n|turn|10\n|\n|t:|1624490337\n|switch|p1a: Primarina|Primarina, L82, M|265\/265\n|-damage|p1a: Primarina|232\/265|[from] Stealth Rock\n|move|p2a: Tornadus|Hurricane|p1a: Primarina|[miss]\n|-miss|p2a: Tornadus|p1a: Primarina\n|\n|upkeep\n|turn|11\n|\n|t:|1624490345\n|switch|p2a: Shiinotic|Shiinotic, L86, F|89\/243\n|move|p1a: Primarina|Moonblast|p2a: Shiinotic\n|-damage|p2a: Shiinotic|0 fnt\n|faint|p2a: Shiinotic\n|\n|upkeep\n|\n|t:|1624490361\n|switch|p2a: Hatterene|Hatterene, L86, F|238\/238\n|turn|12\n|\n|t:|1624490369\n|switch|p1a: Solgaleo|Solgaleo, L73|320\/320\n|-damage|p1a: Solgaleo|300\/320|[from] Stealth Rock\n|move|p2a: Hatterene|Trick Room|p2a: Hatterene\n|-fieldstart|move: Trick Room|[of] p2a: Hatterene\n|\n|upkeep\n|turn|13\n|\n|t:|1624490375\n|switch|p2a: Seismitoad|Seismitoad, L84, M|106\/314\n|move|p1a: Solgaleo|Sunsteel Strike|p2a: Seismitoad\n|-resisted|p2a: Seismitoad\n|-damage|p2a: Seismitoad|46\/314\n|\n|upkeep\n|turn|14\n|\n|t:|1624490383\n|switch|p1a: Pangoro|Pangoro, L84, F|297\/297\n|-damage|p1a: Pangoro|279\/297|[from] Stealth Rock\n|move|p2a: Seismitoad|Sludge Bomb|p1a: Pangoro\n|-damage|p1a: Pangoro|183\/297\n|-damage|p2a: Seismitoad|15\/314|[from] item: Life Orb\n|\n|upkeep\n|turn|15\n|\n|t:|1624490395\n|move|p1a: Pangoro|Gunk Shot|p2a: Seismitoad|[miss]\n|-miss|p1a: Pangoro|p2a: Seismitoad\n|move|p2a: Seismitoad|Sludge Bomb|p1a: Pangoro\n|-damage|p1a: Pangoro|100\/297\n|-status|p1a: Pangoro|psn\n|-damage|p2a: Seismitoad|0 fnt|[from] item: Life Orb\n|faint|p2a: Seismitoad\n|\n|-damage|p1a: Pangoro|63\/297 psn|[from] psn\n|upkeep\n|\n|t:|1624490405\n|switch|p2a: Hatterene|Hatterene, L86, F|238\/238\n|turn|16\n|\n|t:|1624490409\n|move|p2a: Hatterene|Mystical Fire|p1a: Pangoro\n|-damage|p1a: Pangoro|0 fnt\n|faint|p1a: Pangoro\n|-damage|p2a: Hatterene|215\/238|[from] item: Life Orb\n|\n|-fieldend|move: Trick Room\n|upkeep\n|\n|t:|1624490413\n|switch|p1a: Primarina|Primarina, L82, M|232\/265\n|-damage|p1a: Primarina|199\/265|[from] Stealth Rock\n|turn|17\n|\n|t:|1624490420\n|move|p1a: Primarina|Sparkling Aria|p2a: Hatterene\n|-damage|p2a: Hatterene|80\/238\n|move|p2a: Hatterene|Trick Room|p2a: Hatterene\n|-fieldstart|move: Trick Room|[of] p2a: Hatterene\n|\n|upkeep\n|turn|18\n|\n|t:|1624490427\n|move|p2a: Hatterene|Psychic|p1a: Primarina\n|-damage|p1a: Primarina|53\/265\n|-damage|p2a: Hatterene|57\/238|[from] item: Life Orb\n|move|p1a: Primarina|Sparkling Aria|p2a: Hatterene\n|-damage|p2a: Hatterene|0 fnt\n|faint|p2a: Hatterene\n|\n|upkeep\n|\n|t:|1624490453\n|switch|p2a: Tornadus|Tornadus-Therian, L78, M|251\/251\n|turn|19\n|inactive|bachunator has 120 seconds left.\n|inactive|bachunator has 90 seconds left.\n|inactive|bachunator has 60 seconds left.\n|\n|t:|1624490544\n|move|p1a: Primarina|Sparkling Aria|p2a: Tornadus\n|-damage|p2a: Tornadus|0 fnt\n|faint|p2a: Tornadus\n|\n|upkeep\n|\n|t:|1624490549\n|switch|p2a: Silvally|Silvally, L84|297\/297\n|turn|20\n|\n|t:|1624490556\n|move|p1a: Primarina|Sparkling Aria|p2a: Silvally\n|-damage|p2a: Silvally|56\/297\n|move|p2a: Silvally|Multi-Attack|p1a: Primarina\n|-damage|p1a: Primarina|0 fnt\n|faint|p1a: Primarina\n|-damage|p2a: Silvally|27\/297|[from] item: Life Orb\n|\n|upkeep\n|\n|t:|1624490563\n|switch|p1a: Appletun|Appletun, L90, F|322\/344\n|-damage|p1a: Appletun|279\/344|[from] Stealth Rock\n|turn|21\n|\n|t:|1624490570\n|switch|p2a: Xatu|Xatu, L88, F|258\/258\n|move|p1a: Appletun|Apple Acid|p2a: Xatu\n|-resisted|p2a: Xatu\n|-damage|p2a: Xatu|200\/258\n|-unboost|p2a: Xatu|spd|1\n|\n|-heal|p1a: Appletun|300\/344|[from] item: Leftovers\n|-heal|p2a: Xatu|216\/258|[from] item: Leftovers\n|-fieldend|move: Trick Room\n|upkeep\n|turn|22\n|inactive|bachunator has 90 seconds left.\n|\n|t:|1624490590\n|switch|p1a: Reuniclus|Reuniclus, L84, F|322\/322\n|move|p2a: Xatu|Thunder Wave|p1a: Reuniclus\n|-status|p1a: Reuniclus|par\n|\n|-heal|p2a: Xatu|232\/258|[from] item: Leftovers\n|upkeep\n|turn|23\n|-message|Chaud74 forfeited.\n|\n|win|bachunator\n|raw|bachunator's rating: 1786 &rarr; <strong>1809<\/strong><br \/>(+23 for winning)\n|raw|Chaud74's rating: 1839 &rarr; <strong>1816<\/strong><br \/>(-23 for losing)\n|l|\u2606Chaud74\n","inputlog":">version 9c7781480f615ad0055a6810a329a1a8f6af9e1b\n>start {\"formatid\":\"gen8randombattle\",\"seed\":[32245,48505,4334,8484],\"rated\":\"Rated battle\"}\n>player p1 {\"name\":\"bachunator\",\"avatar\":\"102\",\"rating\":1786,\"seed\":[13151,52127,15917,64763]}\n>player p2 {\"name\":\"Chaud74\",\"avatar\":\"170\",\"rating\":1819,\"seed\":[2147,9676,56863,2868]}\n>p1 switch 2\n>p2 move hurricane\n>p1 move stoneedge\n>p2 switch 2\n>p1 move stoneedge\n>p2 switch 4\n>p1 switch 2\n>p2 move stealthrock\n>p1 move appleacid\n>p2 switch 2\n>p1 switch 2\n>p2 move hurricane\n>p1 move stoneedge\n>p2 switch 2\n>p1 move stoneedge\n>p2 move earthquake\n>p1 switch 2\n>p1 move appleacid\n>p2 switch 2\n>p1 switch 6\n>p2 move hurricane\n>p1 move moonblast\n>p2 switch 4\n>p2 switch 5\n>p1 switch 3\n>p2 move trickroom\n>p1 move sunsteelstrike\n>p2 switch 2\n>p1 switch 5\n>p2 move sludgebomb\n>p1 move gunkshot\n>p2 move sludgebomb\n>p2 switch 2\n>p1 move gunkshot\n>p2 move mysticalfire\n>p1 switch 3\n>p1 move sparklingaria\n>p2 move trickroom\n>p1 move sparklingaria\n>p2 move psychic\n>p2 switch 4\n>p1 move sparklingaria\n>p2 move hurricane\n>p2 switch 6\n>p1 move sparklingaria\n>p2 move multiattack\n>p1 switch 6\n>p1 move appleacid\n>p2 switch 3\n>p1 switch 4\n>p2 move thunderwave\n>forcelose p2","uploadtime":1624490607,"views":8,"p1id":"bachunator","p2id":"chaud74","formatid":"gen8randombattle","rating":1809,"private":0,"password":null}