{"id":"gen8nationaldex-1405815231","p1":"mongwong","p2":"Lucario0000","format":"gen8nationaldex","log":"|j|\u2606mongwong\n|j|\u2606Lucario0000\n|t:|1630193772\n|gametype|singles\n|player|p1|mongwong|169|1501\n|player|p2|Lucario0000|korrina|1531\n|teamsize|p1|6\n|teamsize|p2|6\n|gen|8\n|tier|[Gen 8] National Dex\n|rated|\n|rule|HP Percentage Mod: HP is shown in percentages\n|rule|Endless Battle Clause: Forcing endless battles is banned\n|rule|OHKO Clause: OHKO moves are banned\n|rule|Evasion Moves Clause: Evasion moves are banned\n|rule|Species Clause: Limit one of each Pok\u00e9mon\n|rule|Dynamax Clause: You cannot dynamax\n|rule|Sleep Clause Mod: Limit one foe put to sleep\n|clearpoke\n|poke|p1|Gyarados, M|\n|poke|p1|Togekiss, M|\n|poke|p1|Magnezone|\n|poke|p1|Rillaboom, M|\n|poke|p1|Scizor, M|\n|poke|p1|Swellow, F|\n|poke|p2|Shedinja|\n|poke|p2|Chansey, F|\n|poke|p2|Zapdos|\n|poke|p2|Toxapex, M|\n|poke|p2|Clefable, F|\n|poke|p2|Sableye, F|\n|teampreview\n|\n|t:|1630193780\n|start\n|switch|p1a: Swellow|Swellow, F|100\/100\n|switch|p2a: Sableye|Sableye, F|100\/100\n|turn|1\n|\n|t:|1630193784\n|detailschange|p2a: Sableye|Sableye-Mega, F\n|-mega|p2a: Sableye|Sableye|Sablenite\n|move|p1a: Swellow|U-turn|p2a: Sableye\n|-damage|p2a: Sableye|84\/100\n|\n|t:|1630193791\n|switch|p1a: Togekiss|Togekiss, M|100\/100|[from]move: U-turn\n|move|p2a: Sableye|Knock Off|p1a: Togekiss\n|-resisted|p1a: Togekiss\n|-damage|p1a: Togekiss|84\/100\n|-enditem|p1a: Togekiss|Choice Scarf|[from] move: Knock Off|[of] p2a: Sableye\n|\n|upkeep\n|turn|2\n|\n|t:|1630193798\n|switch|p1a: Swellow|Swellow, F|100\/100\n|switch|p2a: Chansey|Chansey, F|100\/100\n|\n|-status|p1a: Swellow|brn|[from] item: Flame Orb\n|upkeep\n|turn|3\n|\n|t:|1630193806\n|switch|p2a: Toxapex|Toxapex, M|100\/100\n|move|p1a: Swellow|Facade|p2a: Toxapex\n|-damage|p2a: Toxapex|48\/100\n|-damage|p1a: Swellow|84\/100 brn|[from] item: Rocky Helmet|[of] p2a: Toxapex\n|\n|-damage|p1a: Swellow|78\/100 brn|[from] brn\n|upkeep\n|turn|4\n|\n|t:|1630193839\n|switch|p2a: Shedinja|Shedinja|100\/100\n|move|p1a: Swellow|U-turn|p2a: Shedinja\n|-immune|p2a: Shedinja|[from] ability: Wonder Guard\n|\n|-damage|p1a: Swellow|72\/100 brn|[from] brn\n|upkeep\n|turn|5\n|\n|t:|1630193849\n|switch|p2a: Zapdos|Zapdos|100\/100\n|-ability|p2a: Zapdos|Pressure\n|move|p1a: Swellow|Brave Bird|p2a: Zapdos\n|-resisted|p2a: Zapdos\n|-damage|p2a: Zapdos|70\/100\n|-damage|p1a: Swellow|57\/100 brn|[from] Recoil\n|\n|-damage|p1a: Swellow|51\/100 brn|[from] brn\n|upkeep\n|turn|6\n|\n|t:|1630193864\n|move|p1a: Swellow|Facade|p2a: Zapdos\n|-damage|p2a: Zapdos|0 fnt\n|faint|p2a: Zapdos\n|\n|-damage|p1a: Swellow|45\/100 brn|[from] brn\n|upkeep\n|\n|t:|1630193874\n|switch|p2a: Toxapex|Toxapex, M|81\/100\n|turn|7\n|\n|t:|1630193879\n|move|p1a: Swellow|Roost|p1a: Swellow\n|-heal|p1a: Swellow|95\/100 brn\n|-singleturn|p1a: Swellow|move: Roost\n|move|p2a: Toxapex|Recover|p2a: Toxapex\n|-heal|p2a: Toxapex|100\/100\n|\n|-damage|p1a: Swellow|89\/100 brn|[from] brn\n|upkeep\n|turn|8\n|\n|t:|1630193885\n|move|p1a: Swellow|Facade|p2a: Toxapex\n|-damage|p2a: Toxapex|49\/100\n|-damage|p1a: Swellow|73\/100 brn|[from] item: Rocky Helmet|[of] p2a: Toxapex\n|move|p2a: Toxapex|Scald|p1a: Swellow\n|-damage|p1a: Swellow|32\/100 brn\n|\n|-damage|p1a: Swellow|26\/100 brn|[from] brn\n|upkeep\n|turn|9\n|\n|t:|1630193895\n|move|p1a: Swellow|Roost|p1a: Swellow\n|-heal|p1a: Swellow|76\/100 brn\n|-singleturn|p1a: Swellow|move: Roost\n|move|p2a: Toxapex|Recover|p2a: Toxapex\n|-heal|p2a: Toxapex|99\/100\n|\n|-damage|p1a: Swellow|70\/100 brn|[from] brn\n|upkeep\n|turn|10\n|\n|t:|1630193908\n|switch|p1a: Magnezone|Magnezone|100\/100\n|move|p2a: Toxapex|Scald|p1a: Magnezone\n|-damage|p1a: Magnezone|83\/100\n|-status|p1a: Magnezone|brn\n|\n|-damage|p1a: Magnezone|77\/100 brn|[from] brn\n|upkeep\n|turn|11\n|\n|t:|1630193918\n|switch|p2a: Chansey|Chansey, F|100\/100\n|move|p1a: Magnezone|Volt Switch|p2a: Chansey\n|-damage|p2a: Chansey|81\/100\n|\n|t:|1630193923\n|switch|p1a: Swellow|Swellow, F|70\/100 brn|[from]move: Volt Switch\n|\n|-damage|p1a: Swellow|64\/100 brn|[from] brn\n|upkeep\n|turn|12\n|\n|t:|1630193932\n|move|p1a: Swellow|Roost|p1a: Swellow\n|-heal|p1a: Swellow|100\/100 brn\n|-singleturn|p1a: Swellow|move: Roost\n|move|p2a: Chansey|Stealth Rock|p1a: Swellow\n|-sidestart|p1: mongwong|move: Stealth Rock\n|\n|-damage|p1a: Swellow|94\/100 brn|[from] brn\n|upkeep\n|turn|13\n|\n|t:|1630193937\n|move|p1a: Swellow|Facade|p2a: Chansey\n|-damage|p2a: Chansey|32\/100\n|move|p2a: Chansey|Seismic Toss|p1a: Swellow\n|-damage|p1a: Swellow|56\/100 brn\n|\n|-damage|p1a: Swellow|50\/100 brn|[from] brn\n|upkeep\n|turn|14\n|\n|t:|1630193944\n|move|p1a: Swellow|Brave Bird|p2a: Chansey\n|-damage|p2a: Chansey|0 fnt\n|faint|p2a: Chansey\n|-damage|p1a: Swellow|22\/100 brn|[from] Recoil\n|\n|-damage|p1a: Swellow|16\/100 brn|[from] brn\n|upkeep\n|\n|t:|1630193966\n|switch|p2a: Sableye|Sableye-Mega, F|84\/100\n|turn|15\n|\n|t:|1630193970\n|move|p1a: Swellow|Roost|p1a: Swellow\n|-heal|p1a: Swellow|66\/100 brn\n|-singleturn|p1a: Swellow|move: Roost\n|move|p2a: Sableye|Knock Off|p1a: Swellow\n|-damage|p1a: Swellow|11\/100 brn\n|-enditem|p1a: Swellow|Flame Orb|[from] move: Knock Off|[of] p2a: Sableye\n|\n|-damage|p1a: Swellow|5\/100 brn|[from] brn\n|upkeep\n|turn|16\n|\n|t:|1630193980\n|move|p1a: Swellow|Roost|p1a: Swellow\n|-heal|p1a: Swellow|55\/100 brn\n|-singleturn|p1a: Swellow|move: Roost\n|move|p2a: Sableye|Knock Off|p1a: Swellow\n|-damage|p1a: Swellow|14\/100 brn\n|\n|-damage|p1a: Swellow|8\/100 brn|[from] brn\n|upkeep\n|turn|17\n|\n|t:|1630193987\n|move|p1a: Swellow|Roost|p1a: Swellow\n|-heal|p1a: Swellow|58\/100 brn\n|-singleturn|p1a: Swellow|move: Roost\n|move|p2a: Sableye|Knock Off|p1a: Swellow\n|-damage|p1a: Swellow|22\/100 brn\n|\n|-damage|p1a: Swellow|16\/100 brn|[from] brn\n|upkeep\n|turn|18\n|\n|t:|1630193997\n|move|p1a: Swellow|Roost|p1a: Swellow\n|-heal|p1a: Swellow|66\/100 brn\n|-singleturn|p1a: Swellow|move: Roost\n|move|p2a: Sableye|Knock Off|p1a: Swellow\n|-damage|p1a: Swellow|25\/100 brn\n|\n|-damage|p1a: Swellow|19\/100 brn|[from] brn\n|upkeep\n|turn|19\n|\n|t:|1630194006\n|move|p1a: Swellow|Brave Bird|p2a: Sableye\n|-crit|p2a: Sableye\n|-damage|p2a: Sableye|0 fnt\n|faint|p2a: Sableye\n|-damage|p1a: Swellow|0 fnt|[from] Recoil\n|faint|p1a: Swellow\n|\n|upkeep\n|\n|t:|1630194017\n|switch|p1a: Magnezone|Magnezone|77\/100 brn\n|switch|p2a: Toxapex|Toxapex, M|100\/100\n|-damage|p1a: Magnezone|71\/100 brn|[from] Stealth Rock\n|turn|20\n|\n|t:|1630194032\n|switch|p2a: Shedinja|Shedinja|100\/100\n|move|p1a: Magnezone|Volt Switch|p2a: Shedinja\n|-immune|p2a: Shedinja|[from] ability: Wonder Guard\n|\n|-damage|p1a: Magnezone|65\/100 brn|[from] brn\n|upkeep\n|turn|21\n|\n|t:|1630194042\n|switch|p1a: Scizor|Scizor, M|100\/100\n|-damage|p1a: Scizor|88\/100|[from] Stealth Rock\n|move|p2a: Shedinja|Shadow Sneak|p1a: Scizor\n|-damage|p1a: Scizor|71\/100\n|\n|-heal|p1a: Scizor|77\/100|[from] item: Leftovers\n|upkeep\n|turn|22\n|\n|t:|1630194048\n|switch|p2a: Toxapex|Toxapex, M|100\/100\n|move|p1a: Scizor|Swords Dance|p1a: Scizor\n|-boost|p1a: Scizor|atk|2\n|\n|-heal|p1a: Scizor|83\/100|[from] item: Leftovers\n|upkeep\n|turn|23\n|\n|t:|1630194052\n|move|p1a: Scizor|Psycho Cut|p2a: Toxapex\n|-supereffective|p2a: Toxapex\n|-damage|p2a: Toxapex|37\/100\n|move|p2a: Toxapex|Haze|p2a: Toxapex\n|-clearallboost\n|\n|-heal|p1a: Scizor|89\/100|[from] item: Leftovers\n|upkeep\n|turn|24\n|\n|t:|1630194058\n|switch|p2a: Shedinja|Shedinja|100\/100\n|move|p1a: Scizor|Psycho Cut|p2a: Shedinja\n|-immune|p2a: Shedinja|[from] ability: Wonder Guard\n|\n|-heal|p1a: Scizor|95\/100|[from] item: Leftovers\n|upkeep\n|turn|25\n|\n|t:|1630194065\n|move|p2a: Shedinja|Will-O-Wisp|p1a: Scizor\n|-status|p1a: Scizor|brn\n|move|p1a: Scizor|Swords Dance|p1a: Scizor\n|-boost|p1a: Scizor|atk|2\n|\n|-heal|p1a: Scizor|100\/100 brn|[from] item: Leftovers\n|-damage|p1a: Scizor|94\/100 brn|[from] brn\n|upkeep\n|turn|26\n|\n|t:|1630194072\n|move|p2a: Shedinja|Poltergeist|p1a: Scizor\n|-activate|p1a: Scizor|move: Poltergeist|Leftovers\n|-damage|p1a: Scizor|43\/100 brn\n|move|p1a: Scizor|Swords Dance|p1a: Scizor\n|-boost|p1a: Scizor|atk|2\n|\n|-heal|p1a: Scizor|49\/100 brn|[from] item: Leftovers\n|-damage|p1a: Scizor|43\/100 brn|[from] brn\n|upkeep\n|turn|27\n|\n|t:|1630194083\n|move|p2a: Shedinja|Poltergeist|p1a: Scizor|[miss]\n|-miss|p2a: Shedinja|p1a: Scizor\n|move|p1a: Scizor|U-turn|p2a: Shedinja\n|-immune|p2a: Shedinja|[from] ability: Wonder Guard\n|\n|-heal|p1a: Scizor|49\/100 brn|[from] item: Leftovers\n|-damage|p1a: Scizor|43\/100 brn|[from] brn\n|upkeep\n|turn|28\n|\n|t:|1630194090\n|move|p2a: Shedinja|Poltergeist|p1a: Scizor\n|-activate|p1a: Scizor|move: Poltergeist|Leftovers\n|-damage|p1a: Scizor|0 fnt\n|faint|p1a: Scizor\n|\n|upkeep\n|\n|t:|1630194094\n|switch|p1a: Gyarados|Gyarados, M|100\/100\n|-damage|p1a: Gyarados|76\/100|[from] Stealth Rock\n|-ability|p1a: Gyarados|Intimidate|boost\n|-unboost|p2a: Shedinja|atk|1\n|turn|29\n|\n|t:|1630194102\n|switch|p2a: Clefable|Clefable, F|100\/100\n|detailschange|p1a: Gyarados|Gyarados-Mega, M\n|-mega|p1a: Gyarados|Gyarados|Gyaradosite\n|-ability|p1a: Gyarados|Mold Breaker\n|move|p1a: Gyarados|Crunch|p2a: Clefable\n|-resisted|p2a: Clefable\n|-damage|p2a: Clefable|79\/100\n|\n|-heal|p2a: Clefable|85\/100|[from] item: Leftovers\n|upkeep\n|turn|30\n|\n|t:|1630194109\n|switch|p1a: Magnezone|Magnezone|65\/100 brn\n|-damage|p1a: Magnezone|59\/100 brn|[from] Stealth Rock\n|move|p2a: Clefable|Calm Mind|p2a: Clefable\n|-boost|p2a: Clefable|spa|1\n|-boost|p2a: Clefable|spd|1\n|\n|-heal|p2a: Clefable|91\/100|[from] item: Leftovers\n|-damage|p1a: Magnezone|52\/100 brn|[from] brn\n|upkeep\n|turn|31\n|\n|t:|1630194126\n|move|p1a: Magnezone|Flash Cannon|p2a: Clefable\n|-supereffective|p2a: Clefable\n|-damage|p2a: Clefable|10\/100\n|move|p2a: Clefable|Calm Mind|p2a: Clefable\n|-boost|p2a: Clefable|spa|1\n|-boost|p2a: Clefable|spd|1\n|\n|-heal|p2a: Clefable|16\/100|[from] item: Leftovers\n|-damage|p1a: Magnezone|46\/100 brn|[from] brn\n|upkeep\n|turn|32\n|\n|t:|1630194133\n|switch|p1a: Gyarados|Gyarados-Mega, M|76\/100\n|-damage|p1a: Gyarados|63\/100|[from] Stealth Rock\n|-ability|p1a: Gyarados|Mold Breaker\n|move|p2a: Clefable|Moonblast|p1a: Gyarados\n|-supereffective|p1a: Gyarados\n|-damage|p1a: Gyarados|0 fnt\n|faint|p1a: Gyarados\n|\n|-heal|p2a: Clefable|22\/100|[from] item: Leftovers\n|upkeep\n|\n|t:|1630194142\n|switch|p1a: Rillaboom|Rillaboom, M|100\/100\n|-damage|p1a: Rillaboom|88\/100|[from] Stealth Rock\n|-fieldstart|move: Grassy Terrain|[from] ability: Grassy Surge|[of] p1a: Rillaboom\n|turn|33\n|\n|t:|1630194149\n|move|p1a: Rillaboom|Grassy Glide|p2a: Clefable\n|-damage|p2a: Clefable|0 fnt\n|faint|p2a: Clefable\n|\n|-heal|p1a: Rillaboom|94\/100|[from] Grassy Terrain\n|upkeep\n|\n|t:|1630194156\n|switch|p2a: Shedinja|Shedinja|100\/100\n|turn|34\n|\n|t:|1630194162\n|switch|p1a: Togekiss|Togekiss, M|84\/100\n|-damage|p1a: Togekiss|59\/100|[from] Stealth Rock\n|move|p2a: Shedinja|Poltergeist||[still]\n|-fail|p2a: Shedinja\n|\n|upkeep\n|turn|35\n|\n|t:|1630194170\n|switch|p2a: Toxapex|Toxapex, M|70\/100\n|move|p1a: Togekiss|Air Slash|p2a: Toxapex\n|-damage|p2a: Toxapex|44\/100\n|\n|-heal|p2a: Toxapex|50\/100|[from] Grassy Terrain\n|upkeep\n|turn|36\n|\n|t:|1630194174\n|move|p1a: Togekiss|Air Slash|p2a: Toxapex\n|-damage|p2a: Toxapex|23\/100\n|move|p2a: Toxapex|Recover|p2a: Toxapex\n|-heal|p2a: Toxapex|73\/100\n|\n|-heal|p2a: Toxapex|79\/100|[from] Grassy Terrain\n|upkeep\n|turn|37\n|\n|t:|1630194181\n|move|p1a: Togekiss|Air Slash|p2a: Toxapex\n|-damage|p2a: Toxapex|52\/100\n|cant|p2a: Toxapex|flinch\n|\n|-heal|p2a: Toxapex|58\/100|[from] Grassy Terrain\n|-fieldend|move: Grassy Terrain\n|upkeep\n|turn|38\n|\n|t:|1630194185\n|move|p1a: Togekiss|Air Slash|p2a: Toxapex\n|-damage|p2a: Toxapex|32\/100\n|cant|p2a: Toxapex|flinch\n|\n|upkeep\n|turn|39\n|\n|t:|1630194198\n|move|p1a: Togekiss|Psyshock|p2a: Toxapex\n|-supereffective|p2a: Toxapex\n|-damage|p2a: Toxapex|0 fnt\n|faint|p2a: Toxapex\n|\n|upkeep\n|\n|t:|1630194204\n|switch|p2a: Shedinja|Shedinja|100\/100\n|turn|40\n|\n|t:|1630194215\n|move|p2a: Shedinja|Shadow Sneak|p1a: Togekiss\n|-damage|p1a: Togekiss|40\/100\n|move|p1a: Togekiss|Flamethrower|p2a: Shedinja\n|-supereffective|p2a: Shedinja\n|-damage|p2a: Shedinja|0 fnt\n|faint|p2a: Shedinja\n|\n|win|mongwong\n|raw|mongwong's rating: 1501 &rarr; <strong>1523<\/strong><br \/>(+22 for winning)\n|raw|Lucario0000's rating: 1531 &rarr; <strong>1509<\/strong><br \/>(-22 for losing)\n|l|\u2606mongwong\n","uploadtime":1630194229,"views":15,"p1id":"mongwong","p2id":"lucario0000","formatid":"gen8nationaldex","rating":1509,"private":0,"password":null}