{"id":"gen8nationaldex-1600409815","p1":"SirFresh","p2":"NDLT3EXR Bayb","format":"gen8nationaldex","log":"|raw|<div class=\"broadcast-blue\"><strong>This battle is required to be public due to a player having a name starting with 'ndlt3exr'.<\/div>\n|j|\u2606SirFresh\n|j|\u2606NDLT3EXR Bayb\n|t:|1655740636\n|gametype|singles\n|player|p1|SirFresh|palmer|1674\n|player|p2|NDLT3EXR Bayb|acetrainer|1544\n|teamsize|p1|6\n|teamsize|p2|6\n|gen|8\n|tier|[Gen 8] National Dex\n|rated|\n|rule|HP Percentage Mod: HP is shown in percentages\n|rule|Endless Battle Clause: Forcing endless battles is banned\n|rule|OHKO Clause: OHKO moves are banned\n|rule|Evasion Moves Clause: Evasion moves are banned\n|rule|Species Clause: Limit one of each Pok\u00e9mon\n|rule|Dynamax Clause: You cannot dynamax\n|rule|Sleep Clause Mod: Limit one foe put to sleep\n|clearpoke\n|poke|p1|Umbreon, M|\n|poke|p1|Corviknight, M|\n|poke|p1|Tapu Lele|\n|poke|p1|Blaziken, M|\n|poke|p1|Gardevoir, F|\n|poke|p1|Gliscor, M|\n|poke|p2|Heracross, M|\n|poke|p2|Serperior, F|\n|poke|p2|Slowking, M|\n|poke|p2|Steelix, M|\n|poke|p2|Corviknight, M|\n|poke|p2|Hawlucha, F|\n|teampreview\n|inactive|Battle timer is ON: inactive players will automatically lose when time's up. (requested by NDLT3EXR Bayb)\n|\n|t:|1655740648\n|start\n|switch|p1a: Gliscor|Gliscor, M|100\/100\n|switch|p2a: Slowking|Slowking, M|100\/100\n|turn|1\n|\n|t:|1655740653\n|move|p1a: Gliscor|Toxic|p2a: Slowking\n|-status|p2a: Slowking|tox\n|move|p2a: Slowking|Scald|p1a: Gliscor\n|-supereffective|p1a: Gliscor\n|-damage|p1a: Gliscor|10\/100\n|-status|p1a: Gliscor|brn\n|\n|-damage|p2a: Slowking|94\/100 tox|[from] psn\n|-damage|p1a: Gliscor|4\/100 brn|[from] brn\n|upkeep\n|turn|2\n|\n|t:|1655740666\n|move|p1a: Gliscor|Stealth Rock|p2a: Slowking\n|-sidestart|p2: NDLT3EXR Bayb|move: Stealth Rock\n|move|p2a: Slowking|Scald|p1a: Gliscor\n|-supereffective|p1a: Gliscor\n|-damage|p1a: Gliscor|0 fnt\n|faint|p1a: Gliscor\n|\n|-damage|p2a: Slowking|82\/100 tox|[from] psn\n|upkeep\n|\n|t:|1655740683\n|switch|p1a: Gardevoir|Gardevoir, F|100\/100\n|-ability|p1a: Gardevoir|Regenerator|[from] ability: Trace|[of] p2a: Slowking\n|turn|3\n|\n|t:|1655740695\n|detailschange|p1a: Gardevoir|Gardevoir-Mega, F\n|-mega|p1a: Gardevoir|Gardevoir|Gardevoirite\n|move|p1a: Gardevoir|Calm Mind|p1a: Gardevoir\n|-boost|p1a: Gardevoir|spa|1\n|-boost|p1a: Gardevoir|spd|1\n|move|p2a: Slowking|Scald|p1a: Gardevoir\n|-damage|p1a: Gardevoir|76\/100\n|\n|-damage|p2a: Slowking|64\/100 tox|[from] psn\n|upkeep\n|turn|4\n|j| NDLT SLAYER\n|\n|t:|1655740702\n|switch|p2a: Heracross|Heracross, M|100\/100\n|-damage|p2a: Heracross|88\/100|[from] Stealth Rock\n|move|p1a: Gardevoir|Hyper Voice|p2a: Heracross\n|-supereffective|p2a: Heracross\n|-damage|p2a: Heracross|0 fnt\n|faint|p2a: Heracross\n|\n|upkeep\n|\n|t:|1655740705\n|switch|p2a: Serperior|Serperior, F|100\/100\n|-damage|p2a: Serperior|88\/100|[from] Stealth Rock\n|turn|5\n|\n|t:|1655740709\n|move|p2a: Serperior|Glare|p1a: Gardevoir\n|-status|p1a: Gardevoir|par\n|move|p1a: Gardevoir|Hyper Voice|p2a: Serperior\n|-damage|p2a: Serperior|0 fnt\n|faint|p2a: Serperior\n|\n|upkeep\n|\n|t:|1655740716\n|switch|p2a: Steelix|Steelix, M|100\/100\n|-damage|p2a: Steelix|97\/100|[from] Stealth Rock\n|turn|6\n|\n|t:|1655740721\n|switch|p1a: Umbreon|Umbreon, M|100\/100\n|detailschange|p2a: Steelix|Steelix-Mega, M\n|-mega|p2a: Steelix|Steelix|Steelixite\n|move|p2a: Steelix|Heavy Slam|p1a: Umbreon\n|-damage|p1a: Umbreon|62\/100\n|\n|-heal|p1a: Umbreon|68\/100|[from] item: Leftovers\n|upkeep\n|turn|7\n|\n|t:|1655740727\n|move|p1a: Umbreon|Heal Bell|p1a: Umbreon\n|-activate|p1a: Umbreon|move: Heal Bell\n|-curestatus|p1: Gardevoir|par|[msg]\n|move|p2a: Steelix|Stealth Rock|p1a: Umbreon\n|-sidestart|p1: SirFresh|move: Stealth Rock\n|\n|-heal|p1a: Umbreon|74\/100|[from] item: Leftovers\n|upkeep\n|turn|8\n|\n|t:|1655740732\n|move|p1a: Umbreon|Wish|p1a: Umbreon\n|move|p2a: Steelix|Heavy Slam|p1a: Umbreon\n|-damage|p1a: Umbreon|34\/100\n|\n|-heal|p1a: Umbreon|40\/100|[from] item: Leftovers\n|upkeep\n|turn|9\n|\n|t:|1655740738\n|move|p1a: Umbreon|Foul Play|p2a: Steelix\n|-damage|p2a: Steelix|81\/100\n|move|p2a: Steelix|Roar|p1a: Umbreon\n|drag|p1a: Corviknight|Corviknight, M|100\/100\n|-damage|p1a: Corviknight|88\/100|[from] Stealth Rock\n|-ability|p1a: Corviknight|Pressure\n|\n|-heal|p1a: Corviknight|100\/100|[from] move: Wish|[wisher] Umbreon\n|upkeep\n|turn|10\n|\n|t:|1655740746\n|switch|p2a: Corviknight|Corviknight, M|100\/100\n|-damage|p2a: Corviknight|88\/100|[from] Stealth Rock\n|-ability|p2a: Corviknight|Pressure\n|move|p1a: Corviknight|Brave Bird|p2a: Corviknight\n|-resisted|p2a: Corviknight\n|-damage|p2a: Corviknight|74\/100\n|-damage|p1a: Corviknight|96\/100|[from] Recoil\n|\n|-heal|p2a: Corviknight|80\/100|[from] item: Leftovers\n|upkeep\n|turn|11\n|\n|t:|1655740750\n|move|p1a: Corviknight|U-turn|p2a: Corviknight\n|-resisted|p2a: Corviknight\n|-damage|p2a: Corviknight|77\/100\n|\n|t:|1655740753\n|switch|p1a: Blaziken|Blaziken, M|100\/100|[from]move: U-turn\n|-damage|p1a: Blaziken|88\/100|[from] Stealth Rock\n|move|p2a: Corviknight|Substitute|p2a: Corviknight\n|-start|p2a: Corviknight|Substitute\n|-damage|p2a: Corviknight|52\/100\n|\n|-heal|p2a: Corviknight|58\/100|[from] item: Leftovers\n|upkeep\n|turn|12\n|\n|t:|1655740760\n|move|p1a: Blaziken|Thunder Punch|p2a: Corviknight\n|-supereffective|p2a: Corviknight\n|-end|p2a: Corviknight|Substitute\n|move|p2a: Corviknight|Brave Bird|p1a: Blaziken\n|-supereffective|p1a: Blaziken\n|-damage|p1a: Blaziken|0 fnt\n|faint|p1a: Blaziken\n|-damage|p2a: Corviknight|37\/100|[from] Recoil\n|\n|-heal|p2a: Corviknight|43\/100|[from] item: Leftovers\n|upkeep\n|\n|t:|1655740773\n|switch|p1a: Gardevoir|Gardevoir-Mega, F|76\/100\n|-damage|p1a: Gardevoir|64\/100|[from] Stealth Rock\n|turn|13\n|\n|t:|1655740779\n|move|p1a: Gardevoir|Calm Mind|p1a: Gardevoir\n|-boost|p1a: Gardevoir|spa|1\n|-boost|p1a: Gardevoir|spd|1\n|move|p2a: Corviknight|Roost|p2a: Corviknight\n|-heal|p2a: Corviknight|93\/100\n|-singleturn|p2a: Corviknight|move: Roost\n|\n|-heal|p2a: Corviknight|99\/100|[from] item: Leftovers\n|upkeep\n|turn|14\n|\n|t:|1655740785\n|move|p1a: Gardevoir|Mystical Fire|p2a: Corviknight\n|-supereffective|p2a: Corviknight\n|-damage|p2a: Corviknight|32\/100\n|-unboost|p2a: Corviknight|spa|1\n|move|p2a: Corviknight|Brave Bird|p1a: Gardevoir\n|-damage|p1a: Gardevoir|0 fnt\n|faint|p1a: Gardevoir\n|-damage|p2a: Corviknight|18\/100|[from] Recoil\n|\n|-heal|p2a: Corviknight|24\/100|[from] item: Leftovers\n|upkeep\n|\n|t:|1655740794\n|switch|p1a: Tapu Lele|Tapu Lele|100\/100\n|-damage|p1a: Tapu Lele|88\/100|[from] Stealth Rock\n|-fieldstart|move: Psychic Terrain|[from] ability: Psychic Surge|[of] p1a: Tapu Lele\n|turn|15\n|\n|t:|1655740802\n|switch|p2a: Steelix|Steelix-Mega, M|81\/100\n|-damage|p2a: Steelix|78\/100|[from] Stealth Rock\n|move|p1a: Tapu Lele|Thunderbolt|p2a: Steelix\n|-immune|p2a: Steelix\n|\n|upkeep\n|turn|16\n|\n|t:|1655740812\n|switch|p1a: Corviknight|Corviknight, M|96\/100\n|-damage|p1a: Corviknight|84\/100|[from] Stealth Rock\n|-ability|p1a: Corviknight|Pressure\n|move|p2a: Steelix|Heavy Slam|p1a: Corviknight\n|-resisted|p1a: Corviknight\n|-damage|p1a: Corviknight|67\/100\n|-damage|p2a: Steelix|61\/100|[from] item: Rocky Helmet|[of] p1a: Corviknight\n|\n|upkeep\n|turn|17\n|\n|t:|1655740818\n|switch|p2a: Corviknight|Corviknight, M|24\/100\n|-damage|p2a: Corviknight|11\/100|[from] Stealth Rock\n|-ability|p2a: Corviknight|Pressure\n|move|p1a: Corviknight|U-turn|p2a: Corviknight\n|-resisted|p2a: Corviknight\n|-damage|p2a: Corviknight|9\/100\n|\n|t:|1655740826\n|switch|p1a: Tapu Lele|Tapu Lele|88\/100|[from]move: U-turn\n|-damage|p1a: Tapu Lele|76\/100|[from] Stealth Rock\n|\n|-heal|p2a: Corviknight|15\/100|[from] item: Leftovers\n|upkeep\n|turn|18\n|\n|t:|1655740831\n|move|p1a: Tapu Lele|Moonblast|p2a: Corviknight\n|-resisted|p2a: Corviknight\n|-damage|p2a: Corviknight|0 fnt\n|faint|p2a: Corviknight\n|\n|upkeep\n|\n|t:|1655740835\n|switch|p2a: Slowking|Slowking, M|97\/100 tox\n|-damage|p2a: Slowking|85\/100 tox|[from] Stealth Rock\n|turn|19\n|\n|t:|1655740839\n|switch|p1a: Umbreon|Umbreon, M|40\/100\n|-damage|p1a: Umbreon|27\/100|[from] Stealth Rock\n|move|p2a: Slowking|Scald||[still]\n|-damage|p1a: Umbreon|10\/100\n|-status|p1a: Umbreon|brn\n|-activate|p1a: Umbreon|ability: Synchronize\n|-fail|p1a: Umbreon\n|\n|-heal|p1a: Umbreon|16\/100 brn|[from] item: Leftovers\n|-damage|p2a: Slowking|79\/100 tox|[from] psn\n|-damage|p1a: Umbreon|10\/100 brn|[from] brn\n|-fieldend|move: Psychic Terrain\n|upkeep\n|turn|20\n|\n|t:|1655740855\n|switch|p2a: Hawlucha|Hawlucha, F|100\/100\n|-damage|p2a: Hawlucha|88\/100|[from] Stealth Rock\n|move|p1a: Umbreon|Wish|p1a: Umbreon\n|\n|-heal|p1a: Umbreon|16\/100 brn|[from] item: Leftovers\n|-damage|p1a: Umbreon|10\/100 brn|[from] brn\n|upkeep\n|turn|21\n|\n|t:|1655740863\n|switch|p1a: Corviknight|Corviknight, M|67\/100\n|-damage|p1a: Corviknight|55\/100|[from] Stealth Rock\n|-ability|p1a: Corviknight|Pressure\n|move|p2a: Hawlucha|Substitute|p2a: Hawlucha\n|-start|p2a: Hawlucha|Substitute\n|-damage|p2a: Hawlucha|63\/100\n|\n|-heal|p1a: Corviknight|100\/100|[from] move: Wish|[wisher] Umbreon\n|upkeep\n|turn|22\n|\n|t:|1655740866\n|move|p2a: Hawlucha|Swords Dance|p2a: Hawlucha\n|-boost|p2a: Hawlucha|atk|2\n|move|p1a: Corviknight|Brave Bird|p2a: Hawlucha\n|-supereffective|p2a: Hawlucha\n|-crit|p2a: Hawlucha\n|-end|p2a: Hawlucha|Substitute\n|-damage|p1a: Corviknight|94\/100|[from] Recoil|[of] p2a: Hawlucha\n|\n|upkeep\n|turn|23\n|\n|t:|1655740871\n|move|p2a: Hawlucha|Substitute|p2a: Hawlucha\n|-start|p2a: Hawlucha|Substitute\n|-damage|p2a: Hawlucha|38\/100\n|-enditem|p2a: Hawlucha|Sitrus Berry|[eat]\n|-heal|p2a: Hawlucha|63\/100|[from] item: Sitrus Berry\n|move|p1a: Corviknight|Brave Bird|p2a: Hawlucha\n|-supereffective|p2a: Hawlucha\n|-end|p2a: Hawlucha|Substitute\n|-damage|p1a: Corviknight|88\/100|[from] Recoil|[of] p2a: Hawlucha\n|\n|upkeep\n|turn|24\n|\n|t:|1655740875\n|move|p2a: Hawlucha|Substitute|p2a: Hawlucha\n|-start|p2a: Hawlucha|Substitute\n|-damage|p2a: Hawlucha|38\/100\n|move|p1a: Corviknight|Brave Bird|p2a: Hawlucha\n|-supereffective|p2a: Hawlucha\n|-crit|p2a: Hawlucha\n|-end|p2a: Hawlucha|Substitute\n|-damage|p1a: Corviknight|82\/100|[from] Recoil|[of] p2a: Hawlucha\n|\n|upkeep\n|turn|25\n|\n|t:|1655740878\n|move|p2a: Hawlucha|Close Combat|p1a: Corviknight\n|-damage|p1a: Corviknight|21\/100\n|-unboost|p2a: Hawlucha|def|1\n|-unboost|p2a: Hawlucha|spd|1\n|-damage|p2a: Hawlucha|22\/100|[from] item: Rocky Helmet|[of] p1a: Corviknight\n|move|p1a: Corviknight|Brave Bird|p2a: Hawlucha\n|-supereffective|p2a: Hawlucha\n|-damage|p2a: Hawlucha|0 fnt\n|faint|p2a: Hawlucha\n|-damage|p1a: Corviknight|16\/100|[from] Recoil\n|\n|upkeep\n|j| TNPCHOU\n|\n|t:|1655740882\n|switch|p2a: Slowking|Slowking, M|100\/100 tox\n|-damage|p2a: Slowking|88\/100 tox|[from] Stealth Rock\n|turn|26\n|\n|t:|1655740888\n|move|p1a: Corviknight|Roost|p1a: Corviknight\n|-heal|p1a: Corviknight|66\/100\n|-singleturn|p1a: Corviknight|move: Roost\n|move|p2a: Slowking|Fire Blast|p1a: Corviknight|[miss]\n|-miss|p2a: Slowking|p1a: Corviknight\n|\n|-damage|p2a: Slowking|82\/100 tox|[from] psn\n|upkeep\n|turn|27\n|\n|t:|1655740895\n|move|p1a: Corviknight|U-turn|p2a: Slowking\n|-supereffective|p2a: Slowking\n|-damage|p2a: Slowking|50\/100 tox\n|\n|t:|1655740898\n|switch|p1a: Umbreon|Umbreon, M|10\/100 brn|[from]move: U-turn\n|-damage|p1a: Umbreon|0 fnt|[from] Stealth Rock\n|faint|p1a: Umbreon\n|move|p2a: Slowking|Fire Blast|p1: Umbreon|[notarget]\n|-fail|p2a: Slowking\n|\n|-damage|p2a: Slowking|38\/100 tox|[from] psn\n|upkeep\n|\n|t:|1655740904\n|switch|p1a: Tapu Lele|Tapu Lele|76\/100\n|-damage|p1a: Tapu Lele|63\/100|[from] Stealth Rock\n|-fieldstart|move: Psychic Terrain|[from] ability: Psychic Surge|[of] p1a: Tapu Lele\n|turn|28\n|\n|t:|1655740911\n|switch|p2a: Steelix|Steelix-Mega, M|61\/100\n|-damage|p2a: Steelix|58\/100|[from] Stealth Rock\n|move|p1a: Tapu Lele|Moonblast|p2a: Steelix\n|-resisted|p2a: Steelix\n|-damage|p2a: Steelix|33\/100\n|\n|upkeep\n|turn|29\n|\n|t:|1655740916\n|switch|p1a: Corviknight|Corviknight, M|66\/100\n|-damage|p1a: Corviknight|53\/100|[from] Stealth Rock\n|-ability|p1a: Corviknight|Pressure\n|switch|p2a: Slowking|Slowking, M|71\/100 tox\n|-damage|p2a: Slowking|59\/100 tox|[from] Stealth Rock\n|\n|-damage|p2a: Slowking|53\/100 tox|[from] psn\n|upkeep\n|turn|30\n|\n|t:|1655740923\n|move|p1a: Corviknight|Roost|p1a: Corviknight\n|-heal|p1a: Corviknight|100\/100\n|-singleturn|p1a: Corviknight|move: Roost\n|move|p2a: Slowking|Scald|p1a: Corviknight\n|-damage|p1a: Corviknight|66\/100\n|-status|p1a: Corviknight|brn\n|\n|-damage|p2a: Slowking|40\/100 tox|[from] psn\n|-damage|p1a: Corviknight|60\/100 brn|[from] brn\n|upkeep\n|turn|31\n|\n|t:|1655740934\n|switch|p2a: Steelix|Steelix-Mega, M|33\/100\n|-damage|p2a: Steelix|30\/100|[from] Stealth Rock\n|move|p1a: Corviknight|U-turn|p2a: Steelix\n|-resisted|p2a: Steelix\n|-damage|p2a: Steelix|29\/100\n|\n|t:|1655740938\n|switch|p1a: Tapu Lele|Tapu Lele|63\/100|[from]move: U-turn\n|-damage|p1a: Tapu Lele|51\/100|[from] Stealth Rock\n|\n|upkeep\n|turn|32\n|\n|t:|1655740943\n|move|p1a: Tapu Lele|Focus Blast|p2a: Steelix|[miss]\n|-miss|p1a: Tapu Lele|p2a: Steelix\n|move|p2a: Steelix|Heavy Slam|p1a: Tapu Lele\n|-supereffective|p1a: Tapu Lele\n|-damage|p1a: Tapu Lele|0 fnt\n|faint|p1a: Tapu Lele\n|\n|-fieldend|move: Psychic Terrain\n|upkeep\n|c|\u2606SirFresh|You needed some incredible luck to win this game\n|inactive|SirFresh has 120 seconds left.\n|-message|SirFresh forfeited.\n|\n|win|NDLT3EXR Bayb\n|raw|SirFresh's rating: 1674 &rarr; <strong>1647<\/strong><br \/>(-27 for losing)\n|raw|NDLT3EXR Bayb's rating: 1544 &rarr; <strong>1571<\/strong><br \/>(+27 for winning)\n|l|\u2606SirFresh\n|c|\u2606NDLT3EXR Bayb|salty ?\n||Ladder isn't responding, score probably updated but might not have (Request timeout).\n","uploadtime":1655741018,"views":6,"p1id":"sirfresh","p2id":"ndlt3exrbayb","formatid":"gen8nationaldex","rating":1571,"private":0,"password":null}