{"id":"gen8ubers-1273182278","p1":"LolzMachine","p2":"Diameter\u272fXtreme","format":"gen8ubers","log":"|j|\u2606LolzMachine\n|j|\u2606Diameter\u272fXtreme\n|t:|1612107484\n|player|p1|LolzMachine|294|1558\n|player|p2|Diameter\u272fXtreme|jasmine-gen2|1466\n|teamsize|p1|6\n|teamsize|p2|6\n|gametype|singles\n|gen|8\n|tier|[Gen 8] Ubers\n|rated|\n|clearpoke\n|poke|p1|Necrozma-Dawn-Wings|\n|poke|p1|Calyrex-Shadow|\n|poke|p1|Groudon|\n|poke|p1|Kyogre|\n|poke|p1|Regieleki|\n|poke|p1|Yveltal|\n|poke|p2|Necrozma-Dusk-Mane|\n|poke|p2|Calyrex-Shadow|\n|poke|p2|Yveltal|\n|poke|p2|Eternatus|\n|poke|p2|Zacian|\n|poke|p2|Lunala|\n|rule|Sleep Clause Mod: Limit one foe put to sleep\n|rule|Species Clause: Limit one of each Pok\u00e9mon\n|rule|OHKO Clause: OHKO moves are banned\n|rule|Evasion Moves Clause: Evasion moves are banned\n|rule|Endless Battle Clause: Forcing endless battles is banned\n|rule|HP Percentage Mod: HP is shown in percentages\n|rule|Dynamax Clause: You cannot dynamax\n|teampreview\n|\n|t:|1612107496\n|start\n|switch|p1a: Regieleki|Regieleki|100\/100\n|switch|p2a: Calyrex|Calyrex-Shadow|100\/100\n|-ability|p2a: Calyrex|As One\n|-ability|p2a: Calyrex|Unnerve|p1: LolzMachine\n|turn|1\n|j| ND Alone\n|\n|t:|1612107501\n|switch|p1a: Yveltal|Yveltal|100\/100\n|-ability|p1a: Yveltal|Dark Aura\n|move|p2a: Calyrex|Astral Barrage|p1a: Yveltal\n|-resisted|p1a: Yveltal\n|-damage|p1a: Yveltal|65\/100\n|\n|upkeep\n|turn|2\n|\n|t:|1612107506\n|switch|p2a: Eternatus|Eternatus|100\/100\n|-ability|p2a: Eternatus|Pressure\n|move|p1a: Yveltal|Oblivion Wing|p2a: Eternatus\n|-damage|p2a: Eternatus|75\/100\n|-heal|p1a: Yveltal|88\/100|[from] drain|[of] p2a: Eternatus\n|\n|upkeep\n|turn|3\n|\n|t:|1612107509\n|move|p2a: Eternatus|Toxic|p1a: Yveltal\n|-status|p1a: Yveltal|tox\n|move|p1a: Yveltal|Taunt|p2a: Eternatus\n|-start|p2a: Eternatus|move: Taunt\n|\n|-damage|p1a: Yveltal|82\/100 tox|[from] psn\n|upkeep\n|turn|4\n|\n|t:|1612107516\n|switch|p2a: Zacian|Zacian|100\/100\n|-ability|p2a: Zacian|Intrepid Sword|boost\n|-boost|p2a: Zacian|atk|1\n|move|p1a: Yveltal|Oblivion Wing|p2a: Zacian\n|-damage|p2a: Zacian|59\/100\n|-heal|p1a: Yveltal|100\/100 tox|[from] drain|[of] p2a: Zacian\n|\n|-damage|p1a: Yveltal|88\/100 tox|[from] psn\n|upkeep\n|turn|5\n|\n|t:|1612107524\n|switch|p1a: Groudon|Groudon|100\/100\n|-weather|SunnyDay|[from] ability: Drought|[of] p1a: Groudon\n|move|p2a: Zacian|Play Rough|p1a: Groudon\n|-damage|p1a: Groudon|54\/100\n|-damage|p2a: Zacian|49\/100|[from] item: Life Orb\n|\n|-weather|SunnyDay|[upkeep]\n|upkeep\n|turn|6\n|\n|t:|1612107532\n|switch|p2a: Lunala|Lunala, shiny|100\/100\n|move|p1a: Groudon|Heat Crash|p2a: Lunala\n|-damage|p2a: Lunala|76\/100\n|\n|-weather|SunnyDay|[upkeep]\n|upkeep\n|turn|7\n|\n|t:|1612107535\n|move|p2a: Lunala|Roost|p2a: Lunala\n|-heal|p2a: Lunala|100\/100\n|-singleturn|p2a: Lunala|move: Roost\n|move|p1a: Groudon|Stealth Rock|p2a: Lunala\n|-sidestart|p2: Diameter\u272fXtreme|move: Stealth Rock\n|\n|-weather|SunnyDay|[upkeep]\n|upkeep\n|turn|8\n|\n|t:|1612107538\n|move|p2a: Lunala|Will-O-Wisp|p1a: Groudon\n|-status|p1a: Groudon|brn\n|-enditem|p1a: Groudon|Lum Berry|[eat]\n|-curestatus|p1a: Groudon|brn|[msg]\n|move|p1a: Groudon|Earthquake|p2a: Lunala\n|-damage|p2a: Lunala|80\/100\n|\n|-weather|SunnyDay|[upkeep]\n|upkeep\n|turn|9\n|\n|t:|1612107545\n|switch|p1a: Regieleki|Regieleki|100\/100\n|move|p2a: Lunala|Roost|p2a: Lunala\n|-heal|p2a: Lunala|100\/100\n|-singleturn|p2a: Lunala|move: Roost\n|\n|-weather|none\n|upkeep\n|turn|10\n|\n|t:|1612107551\n|move|p1a: Regieleki|Volt Switch|p2a: Lunala\n|-damage|p2a: Lunala|79\/100\n|\n|t:|1612107553\n|switch|p1a: Yveltal|Yveltal|88\/100 tox|[from]move: Volt Switch\n|-ability|p1a: Yveltal|Dark Aura\n|move|p2a: Lunala|Roost|p2a: Lunala\n|-heal|p2a: Lunala|100\/100\n|-singleturn|p2a: Lunala|move: Roost\n|\n|-damage|p1a: Yveltal|82\/100 tox|[from] psn\n|upkeep\n|turn|11\n|\n|t:|1612107557\n|switch|p2a: Eternatus|Eternatus|75\/100\n|-ability|p2a: Eternatus|Pressure\n|move|p1a: Yveltal|Oblivion Wing|p2a: Eternatus\n|-damage|p2a: Eternatus|52\/100\n|-heal|p1a: Yveltal|100\/100 tox|[from] drain|[of] p2a: Eternatus\n|\n|-damage|p1a: Yveltal|88\/100 tox|[from] psn\n|upkeep\n|turn|12\n|\n|t:|1612107562\n|switch|p1a: Groudon|Groudon|54\/100\n|-weather|SunnyDay|[from] ability: Drought|[of] p1a: Groudon\n|move|p2a: Eternatus|Recover|p2a: Eternatus\n|-heal|p2a: Eternatus|100\/100\n|\n|-weather|SunnyDay|[upkeep]\n|upkeep\n|turn|13\n|\n|t:|1612107565\n|switch|p2a: Lunala|Lunala, shiny|100\/100\n|move|p1a: Groudon|Earthquake|p2a: Lunala\n|-damage|p2a: Lunala|81\/100\n|\n|-weather|SunnyDay|[upkeep]\n|upkeep\n|turn|14\n|\n|t:|1612107574\n|switch|p1a: Yveltal|Yveltal|88\/100 tox\n|-ability|p1a: Yveltal|Dark Aura\n|move|p2a: Lunala|Will-O-Wisp||[still]\n|-fail|p2a: Lunala\n|\n|-weather|SunnyDay|[upkeep]\n|-damage|p1a: Yveltal|82\/100 tox|[from] psn\n|upkeep\n|turn|15\n|\n|t:|1612107578\n|switch|p2a: Eternatus|Eternatus|100\/100\n|-ability|p2a: Eternatus|Pressure\n|move|p1a: Yveltal|Oblivion Wing|p2a: Eternatus\n|-damage|p2a: Eternatus|76\/100\n|-heal|p1a: Yveltal|100\/100 tox|[from] drain|[of] p2a: Eternatus\n|\n|-weather|SunnyDay|[upkeep]\n|-damage|p1a: Yveltal|88\/100 tox|[from] psn\n|upkeep\n|turn|16\n|\n|t:|1612107582\n|switch|p1a: Groudon|Groudon|54\/100\n|move|p2a: Eternatus|Dynamax Cannon|p1a: Groudon\n|-damage|p1a: Groudon|5\/100\n|\n|-weather|none\n|upkeep\n|turn|17\n|\n|t:|1612107584\n|move|p2a: Eternatus|Dynamax Cannon|p1a: Groudon\n|-damage|p1a: Groudon|0 fnt\n|faint|p1a: Groudon\n|\n|upkeep\n|\n|t:|1612107586\n|switch|p1a: Necrozma|Necrozma-Dawn-Wings|100\/100\n|turn|18\n|\n|t:|1612107591\n|switch|p2a: Yvy|Yveltal, shiny|100\/100\n|-ability|p2a: Yvy|Dark Aura\n|move|p1a: Necrozma|Substitute|p1a: Necrozma\n|-start|p1a: Necrozma|Substitute\n|-damage|p1a: Necrozma|76\/100\n|\n|upkeep\n|turn|19\n|\n|t:|1612107594\n|move|p1a: Necrozma|Meteor Beam||[still]\n|-prepare|p1a: Necrozma|Meteor Beam\n|-boost|p1a: Necrozma|spa|1\n|-enditem|p1a: Necrozma|Power Herb\n|-anim|p1a: Necrozma|Meteor Beam|p2a: Yvy\n|-supereffective|p2a: Yvy\n|-damage|p2a: Yvy|14\/100\n|move|p2a: Yvy|Knock Off|p1a: Necrozma\n|-supereffective|p1a: Necrozma\n|-end|p1a: Necrozma|Substitute\n|\n|upkeep\n|turn|20\n|\n|t:|1612107597\n|move|p2a: Yvy|Sucker Punch|p1a: Necrozma\n|-supereffective|p1a: Necrozma\n|-damage|p1a: Necrozma|0 fnt\n|faint|p1a: Necrozma\n|\n|upkeep\n|\n|t:|1612107603\n|switch|p1a: Regieleki|Regieleki|100\/100\n|turn|21\n|\n|t:|1612107606\n|switch|p2a: Eternatus|Eternatus|76\/100\n|-ability|p2a: Eternatus|Pressure\n|move|p1a: Regieleki|Volt Switch|p2a: Eternatus\n|-resisted|p2a: Eternatus\n|-crit|p2a: Eternatus\n|-damage|p2a: Eternatus|43\/100\n|\n|t:|1612107609\n|switch|p1a: Calyrex|Calyrex-Shadow|100\/100|[from]move: Volt Switch\n|-ability|p1a: Calyrex|As One\n|-ability|p1a: Calyrex|Unnerve|p2: Diameter\u272fXtreme\n|\n|upkeep\n|turn|22\n|\n|t:|1612107618\n|switch|p2a: Zacian|Zacian|49\/100\n|-damage|p2a: Zacian|37\/100|[from] Stealth Rock\n|-ability|p2a: Zacian|Intrepid Sword|boost\n|-boost|p2a: Zacian|atk|1\n|move|p1a: Calyrex|Psyshock|p2a: Zacian\n|-damage|p2a: Zacian|0 fnt\n|faint|p2a: Zacian\n|-ability|p1a: Calyrex|Grim Neigh|boost\n|-boost|p1a: Calyrex|spa|1\n|\n|upkeep\n|\n|t:|1612107620\n|switch|p2a: Yvy|Yveltal, shiny|14\/100\n|-ability|p2a: Yvy|Dark Aura\n|turn|23\n|\n|t:|1612107625\n|switch|p1a: Regieleki|Regieleki|100\/100\n|move|p2a: Yvy|Roost|p2a: Yvy\n|-heal|p2a: Yvy|64\/100\n|-singleturn|p2a: Yvy|move: Roost\n|\n|upkeep\n|turn|24\n|\n|t:|1612107630\n|move|p2a: Yvy|Sucker Punch|p1a: Regieleki\n|-damage|p1a: Regieleki|14\/100\n|move|p1a: Regieleki|Volt Switch|p2a: Yvy\n|-supereffective|p2a: Yvy\n|-damage|p2a: Yvy|0 fnt\n|faint|p2a: Yvy\n|\n|t:|1612107640\n|switch|p1a: Calyrex|Calyrex-Shadow|100\/100|[from]move: Volt Switch\n|-ability|p1a: Calyrex|As One\n|-ability|p1a: Calyrex|Unnerve|p2: Diameter\u272fXtreme\n|\n|upkeep\n|\n|t:|1612107643\n|switch|p2a: Calyrex|Calyrex-Shadow|100\/100\n|-ability|p2a: Calyrex|As One\n|-ability|p2a: Calyrex|Unnerve|p1: LolzMachine\n|-damage|p2a: Calyrex|88\/100|[from] Stealth Rock\n|turn|25\n|\n|t:|1612107648\n|switch|p2a: Eternatus|Eternatus|43\/100\n|-ability|p2a: Eternatus|Pressure\n|move|p1a: Calyrex|Astral Barrage|p2a: Eternatus\n|-damage|p2a: Eternatus|0 fnt\n|faint|p2a: Eternatus\n|-ability|p1a: Calyrex|Grim Neigh|boost\n|-boost|p1a: Calyrex|spa|1\n|\n|upkeep\n|\n|t:|1612107649\n|switch|p2a: Calyrex|Calyrex-Shadow|88\/100\n|-ability|p2a: Calyrex|As One\n|-ability|p2a: Calyrex|Unnerve|p1: LolzMachine\n|-damage|p2a: Calyrex|76\/100|[from] Stealth Rock\n|turn|26\n|\n|t:|1612107652\n|move|p2a: Calyrex|Astral Barrage|p1a: Calyrex\n|-supereffective|p1a: Calyrex\n|-enditem|p1a: Calyrex|Focus Sash\n|-damage|p1a: Calyrex|1\/100\n|move|p1a: Calyrex|Astral Barrage|p2a: Calyrex\n|-supereffective|p2a: Calyrex\n|-damage|p2a: Calyrex|0 fnt\n|faint|p2a: Calyrex\n|-ability|p1a: Calyrex|Grim Neigh|boost\n|-boost|p1a: Calyrex|spa|1\n|\n|upkeep\n|-message|Diameter\u272fXtreme forfeited.\n|\n|win|LolzMachine\n|l|\u2606Diameter\u272fXtreme\n|c|\u2606LolzMachine|gg\n|raw|LolzMachine's rating: 1558 &rarr; <strong>1573<\/strong><br \/>(+15 for winning)\n|raw|Diameter\u272fXtreme's rating: 1467 &rarr; <strong>1452<\/strong><br \/>(-15 for losing)\n|l| ND Alone\n","uploadtime":1612107710,"views":19,"p1id":"lolzmachine","p2id":"diameterxtreme","formatid":"gen8ubers","rating":1452,"private":0,"password":null}