{"id":"gen8randombattle-1510669262","p1":"jerquindal","p2":"Allelaja","format":"gen8randombattle","log":"|j|\u2606jerquindal\n|j|\u2606Allelaja\n|t:|1644836859\n|gametype|singles\n|player|p1|jerquindal|gladion-stance|2015\n|player|p2|Allelaja|2|1989\n|teamsize|p1|6\n|teamsize|p2|6\n|gen|8\n|tier|[Gen 8] Random Battle\n|rated|\n|rule|Species Clause: Limit one of each Pok\u00e9mon\n|rule|HP Percentage Mod: HP is shown in percentages\n|rule|Sleep Clause Mod: Limit one foe put to sleep\n|\n|t:|1644836859\n|start\n|switch|p1a: Blaziken|Blaziken, L76, F|247\/247\n|switch|p2a: Manectric|Manectric, L86, F|261\/261\n|turn|1\n|inactive|Battle timer is ON: inactive players will automatically lose when time's up. (requested by Allelaja)\n|inactive|jerquindal also wants the timer to be on.\n|\n|t:|1644836867\n|switch|p1a: Seismitoad|Seismitoad, L84, F|314\/314\n|move|p2a: Manectric|Switcheroo|p1a: Seismitoad\n|-activate|p2a: Manectric|move: Trick|[of] p1a: Seismitoad\n|-item|p1a: Seismitoad|Choice Scarf|[from] move: Switcheroo\n|-item|p2a: Manectric|Life Orb|[from] move: Switcheroo\n|\n|upkeep\n|turn|2\n|j| cosxsinx\n|l| cosxsinx\n|\n|t:|1644836872\n|switch|p2a: Blastoise|Blastoise, L82, F|264\/264\n|move|p1a: Seismitoad|Earthquake|p2a: Blastoise\n|-damage|p2a: Blastoise|170\/264\n|\n|upkeep\n|turn|3\n|\n|t:|1644836878\n|move|p1a: Seismitoad|Earthquake|p2a: Blastoise\n|-damage|p2a: Blastoise|79\/264\n|move|p2a: Blastoise|Shell Smash|p2a: Blastoise\n|-unboost|p2a: Blastoise|def|1\n|-unboost|p2a: Blastoise|spd|1\n|-boost|p2a: Blastoise|atk|2\n|-boost|p2a: Blastoise|spa|2\n|-boost|p2a: Blastoise|spe|2\n|-enditem|p2a: Blastoise|White Herb\n|-clearnegativeboost|p2a: Blastoise|[silent]\n|\n|upkeep\n|turn|4\n|\n|t:|1644836882\n|move|p2a: Blastoise|Hydro Pump|p1a: Seismitoad\n|-damage|p1a: Seismitoad|0 fnt\n|faint|p1a: Seismitoad\n|\n|upkeep\n|\n|t:|1644836889\n|switch|p1a: Ludicolo|Ludicolo, L86, M|278\/278\n|turn|5\n|\n|t:|1644836892\n|move|p2a: Blastoise|Ice Beam|p1a: Ludicolo\n|-damage|p1a: Ludicolo|188\/278\n|move|p1a: Ludicolo|Giga Drain|p2a: Blastoise\n|-supereffective|p2a: Blastoise\n|-damage|p2a: Blastoise|0 fnt\n|-heal|p1a: Ludicolo|228\/278|[from] drain|[of] p2a: Blastoise\n|faint|p2a: Blastoise\n|-damage|p1a: Ludicolo|201\/278|[from] item: Life Orb\n|\n|upkeep\n|\n|t:|1644836901\n|switch|p2a: Chansey|Chansey, L84, F|557\/557\n|turn|6\n|\n|t:|1644836911\n|switch|p1a: Appletun|Appletun, L90, F|344\/344\n|move|p2a: Chansey|Toxic|p1a: Appletun\n|-status|p1a: Appletun|tox\n|\n|-damage|p1a: Appletun|323\/344 tox|[from] psn\n|upkeep\n|turn|7\n|\n|t:|1644836918\n|switch|p1a: Blaziken|Blaziken, L76, F|247\/247\n|move|p2a: Chansey|Seismic Toss|p1a: Blaziken\n|-damage|p1a: Blaziken|163\/247\n|\n|upkeep\n|turn|8\n|\n|t:|1644836924\n|move|p1a: Blaziken|Swords Dance|p1a: Blaziken\n|-boost|p1a: Blaziken|atk|2\n|move|p2a: Chansey|Toxic|p1a: Blaziken|[miss]\n|-miss|p2a: Chansey|p1a: Blaziken\n|\n|-ability|p1a: Blaziken|Speed Boost|boost\n|-boost|p1a: Blaziken|spe|1\n|upkeep\n|turn|9\n|\n|t:|1644836933\n|switch|p2a: Manectric|Manectric, L86, F|261\/261\n|-start|p1a: Blaziken|Dynamax\n|-heal|p1a: Blaziken|326\/494|[silent]\n|move|p1a: Blaziken|Max Knuckle|p2a: Manectric\n|-damage|p2a: Manectric|0 fnt\n|-boost|p1a: Blaziken|atk|1\n|faint|p2a: Manectric\n|-damage|p1a: Blaziken|302\/494|[from] item: Life Orb\n|\n|-ability|p1a: Blaziken|Speed Boost|boost\n|-boost|p1a: Blaziken|spe|1\n|upkeep\n|\n|t:|1644836946\n|switch|p2a: Cloyster|Cloyster, L80, F|211\/211\n|turn|10\n|\n|t:|1644836949\n|-start|p2a: Cloyster|Dynamax\n|-heal|p2a: Cloyster|422\/422|[silent]\n|move|p1a: Blaziken|Max Knuckle|p2a: Cloyster\n|-supereffective|p2a: Cloyster\n|-crit|p2a: Cloyster\n|-damage|p2a: Cloyster|0 fnt\n|-boost|p1a: Blaziken|atk|1\n|faint|p2a: Cloyster\n|-damage|p1a: Blaziken|278\/494|[from] item: Life Orb\n|\n|-ability|p1a: Blaziken|Speed Boost|boost\n|-boost|p1a: Blaziken|spe|1\n|upkeep\n|\n|t:|1644836952\n|switch|p2a: Sigilyph|Sigilyph, L83, M|255\/255\n|turn|11\n|\n|t:|1644836955\n|move|p1a: Blaziken|Max Flare|p2a: Sigilyph\n|-damage|p2a: Sigilyph|0 fnt\n|-weather|SunnyDay\n|faint|p2a: Sigilyph\n|-damage|p1a: Blaziken|254\/494|[from] item: Life Orb\n|\n|-weather|SunnyDay|[upkeep]\n|-ability|p1a: Blaziken|Speed Boost|boost\n|-boost|p1a: Blaziken|spe|1\n|-end|p1a: Blaziken|Dynamax\n|-heal|p1a: Blaziken|127\/247|[silent]\n|upkeep\n|\n|t:|1644836958\n|switch|p2a: Flareon|Flareon, L86, F|251\/251\n|turn|12\n|\n|t:|1644836970\n|move|p1a: Blaziken|Close Combat|p2a: Flareon\n|-damage|p2a: Flareon|0 fnt\n|-unboost|p1a: Blaziken|def|1\n|-unboost|p1a: Blaziken|spd|1\n|faint|p2a: Flareon\n|-damage|p1a: Blaziken|103\/247|[from] item: Life Orb\n|\n|-weather|SunnyDay|[upkeep]\n|-ability|p1a: Blaziken|Speed Boost|boost\n|-boost|p1a: Blaziken|spe|1\n|upkeep\n|c|\u2606Allelaja|Losing on a toxic miss is such a blast\n|c|\u2606Allelaja|Gg man\n|c|\u2606jerquindal|gg\n|-message|Allelaja forfeited.\n|\n|win|jerquindal\n|raw|jerquindal's rating: 2015 &rarr; <strong>2034<\/strong><br \/>(+19 for winning)\n|raw|Allelaja's rating: 1989 &rarr; <strong>1970<\/strong><br \/>(-19 for losing)\n|l|\u2606Allelaja\n","inputlog":">version 1ebaf62c062034a7ea2319676b73ede32533b032\n>start {\"formatid\":\"gen8randombattle\",\"seed\":[34708,47799,49864,24525],\"rated\":\"Rated battle\"}\n>player p1 {\"name\":\"jerquindal\",\"avatar\":\"gladion-stance\",\"rating\":2015,\"seed\":[49196,19189,43779,8967]}\n>player p2 {\"name\":\"Allelaja\",\"avatar\":\"2\",\"rating\":1989,\"seed\":[42116,35957,48033,35955]}\n>p1 switch 3\n>p2 move switcheroo\n>p1 move earthquake\n>p2 switch 2\n>p1 move earthquake\n>p2 move shellsmash\n>p1 move earthquake\n>p2 move hydropump\n>p1 switch 6\n>p1 move gigadrain\n>p2 move icebeam\n>p2 switch 6\n>p1 switch 2\n>p2 move toxic\n>p1 switch 3\n>p2 move seismictoss\n>p1 move swordsdance\n>p2 move toxic\n>p1 move closecombat dynamax\n>p2 switch 2\n>p2 switch 3\n>p1 move closecombat dynamax\n>p2 move hydropump dynamax\n>p2 switch 4\n>p1 move flareblitz dynamax\n>p2 move airslash\n>p2 switch 5\n>p1 move closecombat\n>p2 move facade\n>chat \u2606Allelaja|Losing on a toxic miss is such a blast\n>chat \u2606Allelaja|Gg man\n>chat \u2606jerquindal|gg\n>forcelose p2","uploadtime":1644836981,"views":10,"p1id":"jerquindal","p2id":"allelaja","formatid":"gen8randombattle","rating":1970,"private":0,"password":null}