{"id":"gen8nu-1689995693","p1":"Ho3nConfirm3d","p2":"MurderousMantyke","format":"gen8nu","log":"|j|\u2606Ho3nConfirm3d\n|j|\u2606MurderousMantyke\n|t:|1666222993\n|gametype|singles\n|player|p1|Ho3nConfirm3d|#scl2foxes|\n|player|p2|MurderousMantyke|#helpstaffxmas|\n|teamsize|p1|6\n|teamsize|p2|6\n|gen|8\n|tier|[Gen 8] NU\n|rated|Tournament battle\n|rule|Sleep Clause Mod: Limit one foe put to sleep\n|rule|Species Clause: Limit one of each Pok\u00e9mon\n|rule|OHKO Clause: OHKO moves are banned\n|rule|Evasion Items Clause: Evasion items are banned\n|rule|Evasion Moves Clause: Evasion moves are banned\n|rule|Endless Battle Clause: Forcing endless battles is banned\n|rule|HP Percentage Mod: HP is shown in percentages\n|rule|Dynamax Clause: You cannot dynamax\n|clearpoke\n|poke|p1|Gallade, M|\n|poke|p1|Vileplume, F|\n|poke|p1|Gastrodon, F|\n|poke|p1|Guzzlord|\n|poke|p1|Talonflame, M|\n|poke|p1|Stakataka|\n|poke|p2|Salazzle, F|\n|poke|p2|Exeggutor-Alola, M|\n|poke|p2|Stakataka|\n|poke|p2|Gastrodon-East, M|\n|poke|p2|Sylveon, M|\n|poke|p2|Rotom-Mow|\n|teampreview\n|j|*BB-8-NU\n|c|\u2606MurderousMantyke|hf\n|j|@Oathkeeper\n|c|\u2606Ho3nConfirm3d|u2\n|\n|t:|1666223013\n|start\n|switch|p1a: Gallade|Gallade, M|100\/100\n|switch|p2a: Exeggutor|Exeggutor-Alola, M|100\/100\n|turn|1\n|\n|t:|1666223019\n|switch|p2a: Sylveon|Sylveon, M|100\/100\n|move|p1a: Gallade|Knock Off|p2a: Sylveon\n|-resisted|p2a: Sylveon\n|-damage|p2a: Sylveon|87\/100\n|-enditem|p2a: Sylveon|Leftovers|[from] move: Knock Off|[of] p1a: Gallade\n|\n|upkeep\n|turn|2\n|\n|t:|1666223025\n|switch|p1a: Vileplume|Vileplume, F|100\/100\n|move|p2a: Sylveon|Hyper Voice|p1a: Vileplume\n|-resisted|p1a: Vileplume\n|-damage|p1a: Vileplume|80\/100\n|\n|-heal|p1a: Vileplume|86\/100|[from] item: Black Sludge\n|upkeep\n|turn|3\n|\n|t:|1666223029\n|switch|p2a: Stakataka|Stakataka|100\/100\n|switch|p1a: Gallade|Gallade, M|100\/100\n|\n|upkeep\n|turn|4\n|\n|t:|1666223032\n|move|p1a: Gallade|Close Combat|p2a: Stakataka\n|-supereffective|p2a: Stakataka\n|-damage|p2a: Stakataka|0 fnt\n|-unboost|p1a: Gallade|def|1\n|-unboost|p1a: Gallade|spd|1\n|faint|p2a: Stakataka\n|\n|upkeep\n|\n|t:|1666223036\n|switch|p2a: Salazzle|Salazzle, F|100\/100\n|turn|5\n|\n|t:|1666223040\n|switch|p2a: Exeggutor|Exeggutor-Alola, M|100\/100\n|switch|p1a: Gastrodon|Gastrodon, F|100\/100\n|\n|upkeep\n|turn|6\n|j| Zangoose360\n|\n|t:|1666223047\n|switch|p1a: Stakataka|Stakataka|100\/100\n|move|p2a: Exeggutor|Flamethrower|p1a: Stakataka\n|-damage|p1a: Stakataka|77\/100\n|\n|-heal|p1a: Stakataka|83\/100|[from] item: Leftovers\n|upkeep\n|turn|7\n|j| Jelly cookie\n|\n|t:|1666223051\n|move|p2a: Exeggutor|Giga Drain|p1a: Stakataka\n|-damage|p1a: Stakataka|52\/100\n|move|p1a: Stakataka|Stealth Rock|p2a: Exeggutor\n|-sidestart|p2: MurderousMantyke|move: Stealth Rock\n|\n|-heal|p1a: Stakataka|58\/100|[from] item: Leftovers\n|upkeep\n|turn|8\n|\n|t:|1666223054\n|move|p2a: Exeggutor|Giga Drain|p1a: Stakataka\n|-damage|p1a: Stakataka|24\/100\n|move|p1a: Stakataka|Gyro Ball|p2a: Exeggutor\n|-damage|p2a: Exeggutor|28\/100\n|-enditem|p2a: Exeggutor|Sitrus Berry|[eat]\n|-heal|p2a: Exeggutor|52\/100|[from] item: Sitrus Berry\n|\n|-heal|p1a: Stakataka|31\/100|[from] item: Leftovers\n|-item|p2a: Exeggutor|Sitrus Berry|[from] ability: Harvest\n|upkeep\n|turn|9\n|\n|t:|1666223059\n|switch|p1a: Vileplume|Vileplume, F|86\/100\n|move|p2a: Exeggutor|Draco Meteor|p1a: Vileplume\n|-damage|p1a: Vileplume|11\/100\n|-unboost|p2a: Exeggutor|spa|2\n|\n|-heal|p1a: Vileplume|17\/100|[from] item: Black Sludge\n|upkeep\n|turn|10\n|\n|t:|1666223065\n|move|p2a: Exeggutor|Flamethrower|p1a: Vileplume\n|-supereffective|p1a: Vileplume\n|-damage|p1a: Vileplume|0 fnt\n|faint|p1a: Vileplume\n|\n|upkeep\n|\n|t:|1666223068\n|switch|p1a: Gallade|Gallade, M|100\/100\n|turn|11\n|\n|t:|1666223070\n|switch|p2a: Sylveon|Sylveon, M|87\/100\n|-damage|p2a: Sylveon|74\/100|[from] Stealth Rock\n|move|p1a: Gallade|Psycho Cut|p2a: Sylveon\n|-crit|p2a: Sylveon\n|-damage|p2a: Sylveon|25\/100\n|\n|upkeep\n|turn|12\n|\n|t:|1666223073\n|move|p2a: Sylveon|Protect|p2a: Sylveon\n|-singleturn|p2a: Sylveon|Protect\n|move|p1a: Gallade|Psycho Cut|p2a: Sylveon\n|-activate|p2a: Sylveon|move: Protect\n|\n|upkeep\n|turn|13\n|\n|t:|1666223075\n|move|p1a: Gallade|Psycho Cut|p2a: Sylveon\n|-damage|p2a: Sylveon|0 fnt\n|faint|p2a: Sylveon\n|\n|upkeep\n|\n|t:|1666223078\n|switch|p2a: Exeggutor|Exeggutor-Alola, M|52\/100\n|-damage|p2a: Exeggutor|40\/100|[from] Stealth Rock\n|-enditem|p2a: Exeggutor|Sitrus Berry|[eat]\n|-heal|p2a: Exeggutor|65\/100|[from] item: Sitrus Berry\n|turn|14\n|c|\u2606Ho3nConfirm3d|scope lens btw\n|c|\u2606MurderousMantyke|oo\n|\n|t:|1666223085\n|move|p1a: Gallade|Close Combat|p2a: Exeggutor\n|-damage|p2a: Exeggutor|0 fnt\n|-unboost|p1a: Gallade|def|1\n|-unboost|p1a: Gallade|spd|1\n|faint|p2a: Exeggutor\n|\n|upkeep\n|\n|t:|1666223092\n|switch|p2a: Rotom|Rotom-Mow|100\/100\n|-damage|p2a: Rotom|88\/100|[from] Stealth Rock\n|turn|15\n|\n|t:|1666223100\n|switch|p1a: Gastrodon|Gastrodon, F|100\/100\n|move|p2a: Rotom|Volt Switch|p1a: Gastrodon\n|-immune|p1a: Gastrodon\n|\n|upkeep\n|turn|16\n|\n|t:|1666223104\n|move|p2a: Rotom|Volt Switch|p1a: Gastrodon\n|-immune|p1a: Gastrodon\n|move|p1a: Gastrodon|Ice Beam|p2a: Rotom\n|-supereffective|p2a: Rotom\n|-damage|p2a: Rotom|32\/100\n|\n|upkeep\n|turn|17\n|-message|MurderousMantyke forfeited.\n|\n|win|Ho3nConfirm3d\n|n|\u2606Ho3nConfirm3d|ho3nconfirm3d\n|n|\u2606MurderousMantyke|murderousmantyke\n|n| BB-8-NU|bb8nu\n|n|+Oathkeeper|oathkeeper\n|n| Zangoose360|zangoose360\n|n| Jelly cookie|jellycookie\n","uploadtime":1666223114,"views":19,"p1id":"ho3nconfirm3d","p2id":"murderousmantyke","formatid":"gen8nu","rating":0,"private":0,"password":null}