{"id":"gen8randombattle-1128576005","p1":"KuuKazzu","p2":"BaddyGames","format":"gen8randombattle","log":"|j|\u2606KuuKazzu\n|j|\u2606BaddyGames\n|player|p1|KuuKazzu|102|\n|player|p2|BaddyGames|275|\n|teamsize|p1|6\n|teamsize|p2|6\n|gametype|singles\n|gen|8\n|tier|[Gen 8] Random Battle\n|rule|Species Clause: Limit one of each Pok\u00e9mon\n|rule|HP Percentage Mod: HP is shown in percentages\n|rule|Sleep Clause Mod: Limit one foe put to sleep\n|\n|start\n|switch|p1a: Palkia|Palkia, L72|249\/249\n|switch|p2a: Silvally|Silvally-Grass, L88|310\/310\n|-ability|p1a: Palkia|Pressure\n|turn|1\n|c|\u2606BaddyGames|hf\n|\n|move|p2a: Silvally|Parting Shot|p1a: Palkia\n|-unboost|p1a: Palkia|atk|1\n|-unboost|p1a: Palkia|spa|1\n|j| NintendoLabz\n|\n|switch|p2a: Azumarill|Azumarill, L82, F|298\/298\n|move|p1a: Palkia|Fire Blast|p2a: Azumarill\n|-resisted|p2a: Azumarill\n|-crit|p2a: Azumarill\n|-damage|p2a: Azumarill|230\/298\n|\n|upkeep\n|turn|2\n|c|\u2606KuuKazzu|Gl!\n|\n|move|p1a: Palkia|Thunder Wave|p2a: Azumarill\n|-status|p2a: Azumarill|par\n|move|p2a: Azumarill|Toxic|p1a: Palkia\n|-status|p1a: Palkia|tox\n|\n|-damage|p1a: Palkia|234\/249 tox|[from] psn\n|upkeep\n|turn|3\n|c| NintendoLabz|wait this is gen 8\n|\n|switch|p1a: Trevenant|Trevenant, L88, M|293\/293\n|move|p2a: Azumarill|Whirlpool|p1a: Trevenant\n|-resisted|p1a: Trevenant\n|-damage|p1a: Trevenant|281\/293\n|-activate|p1a: Trevenant|move: Whirlpool|[of] p2a: Azumarill\n|\n|-damage|p1a: Trevenant|245\/293|[from] move: Whirlpool|[partiallytrapped]\n|upkeep\n|turn|4\n|c|\u2606KuuKazzu|yep\n|c|\u2606KuuKazzu|gen 8 random\n|\n|move|p1a: Trevenant|Wood Hammer|p2a: Azumarill\n|-ability|p2a: Azumarill|Sap Sipper|boost\n|-boost|p2a: Azumarill|atk|1\n|move|p2a: Azumarill|Toxic|p1a: Trevenant\n|-status|p1a: Trevenant|tox\n|\n|-damage|p1a: Trevenant|227\/293 tox|[from] psn\n|-damage|p1a: Trevenant|191\/293 tox|[from] move: Whirlpool|[partiallytrapped]\n|upkeep\n|turn|5\n|\n|move|p2a: Azumarill|Protect|p2a: Azumarill\n|-singleturn|p2a: Azumarill|Protect\n|move|p1a: Trevenant|Wood Hammer|p2a: Azumarill\n|-activate|p2a: Azumarill|move: Protect\n|\n|-damage|p1a: Trevenant|155\/293 tox|[from] psn\n|-damage|p1a: Trevenant|119\/293 tox|[from] move: Whirlpool|[partiallytrapped]\n|upkeep\n|turn|6\n|\n|move|p1a: Trevenant|Wood Hammer|p2a: Azumarill\n|-ability|p2a: Azumarill|Sap Sipper|boost\n|-boost|p2a: Azumarill|atk|1\n|move|p2a: Azumarill|Whirlpool|p1a: Trevenant|[miss]\n|-miss|p2a: Azumarill|p1a: Trevenant\n|\n|-damage|p1a: Trevenant|65\/293 tox|[from] psn\n|-damage|p1a: Trevenant|29\/293 tox|[from] move: Whirlpool|[partiallytrapped]\n|upkeep\n|turn|7\n|c|\u2606KuuKazzu|oh shoot, forgot\n|\n|move|p1a: Trevenant|Shadow Claw|p2a: Azumarill\n|-damage|p2a: Azumarill|105\/298 par\n|-damage|p1a: Trevenant|0 fnt|[from] item: Life Orb\n|faint|p1a: Trevenant\n|move|p2a: Azumarill|Whirlpool|p1: Trevenant|[notarget]\n|-fail|p2a: Azumarill\n|\n|upkeep\n|\n|switch|p1a: Arctozolt|Arctozolt, L88|302\/302\n|turn|8\n|\n|switch|p2a: Excadrill|Excadrill, L80, M|307\/307\n|-ability|p2a: Excadrill|Mold Breaker\n|move|p1a: Arctozolt|Bolt Beak|p2a: Excadrill\n|-immune|p2a: Excadrill\n|\n|upkeep\n|turn|9\n|\n|move|p2a: Excadrill|Rock Slide|p1a: Arctozolt\n|-supereffective|p1a: Arctozolt\n|-damage|p1a: Arctozolt|143\/302\n|-damage|p2a: Excadrill|277\/307|[from] item: Life Orb\n|move|p1a: Arctozolt|Low Kick|p2a: Excadrill\n|-supereffective|p2a: Excadrill\n|-damage|p2a: Excadrill|153\/307\n|\n|upkeep\n|turn|10\n|\n|move|p2a: Excadrill|Earthquake|p1a: Arctozolt\n|-supereffective|p1a: Arctozolt\n|-damage|p1a: Arctozolt|0 fnt\n|-damage|p2a: Excadrill|123\/307|[from] item: Life Orb\n|faint|p1a: Arctozolt\n|\n|upkeep\n|\n|switch|p1a: Corviknight|Corviknight, L80, M|288\/288\n|turn|11\n|\n|move|p2a: Excadrill|Rock Slide|p1a: Corviknight\n|-damage|p1a: Corviknight|210\/288\n|-damage|p2a: Excadrill|93\/307|[from] item: Life Orb\n|move|p1a: Corviknight|Body Press|p2a: Excadrill\n|-supereffective|p2a: Excadrill\n|-damage|p2a: Excadrill|0 fnt\n|faint|p2a: Excadrill\n|\n|-heal|p1a: Corviknight|228\/288|[from] item: Leftovers\n|upkeep\n|\n|switch|p2a: Musharna|Musharna, L88, F|347\/347\n|turn|12\n|\n|switch|p1a: Ninjask|Ninjask, L86, F|245\/245\n|move|p2a: Musharna|Thunder Wave|p1a: Ninjask\n|-status|p1a: Ninjask|par\n|\n|upkeep\n|turn|13\n|c| NintendoLabz|ok im bored\n|l| NintendoLabz\n|\n|move|p1a: Ninjask|Night Slash|p2a: Musharna\n|-supereffective|p2a: Musharna\n|-damage|p2a: Musharna|249\/347\n|move|p2a: Musharna|Psychic|p1a: Ninjask\n|-damage|p1a: Ninjask|85\/245 par\n|\n|-heal|p2a: Musharna|270\/347|[from] item: Leftovers\n|upkeep\n|turn|14\n|\n|cant|p1a: Ninjask|par\n|move|p2a: Musharna|Psychic|p1a: Ninjask\n|-damage|p1a: Ninjask|0 fnt\n|faint|p1a: Ninjask\n|\n|-heal|p2a: Musharna|291\/347|[from] item: Leftovers\n|upkeep\n|\n|switch|p1a: Celebi|Celebi, L82|298\/298\n|turn|15\n|\n|move|p1a: Celebi|Stealth Rock|p2a: Musharna\n|-sidestart|p2: BaddyGames|move: Stealth Rock\n|move|p2a: Musharna|Moonblast|p1a: Celebi\n|-damage|p1a: Celebi|219\/298\n|\n|-heal|p1a: Celebi|237\/298|[from] item: Leftovers\n|-heal|p2a: Musharna|312\/347|[from] item: Leftovers\n|upkeep\n|turn|16\n|\n|move|p1a: Celebi|Recover|p1a: Celebi\n|-heal|p1a: Celebi|298\/298\n|move|p2a: Musharna|Moonblast|p1a: Celebi\n|-damage|p1a: Celebi|225\/298\n|-unboost|p1a: Celebi|spa|1\n|\n|-heal|p1a: Celebi|243\/298|[from] item: Leftovers\n|-heal|p2a: Musharna|333\/347|[from] item: Leftovers\n|upkeep\n|turn|17\n|\n|move|p1a: Celebi|Psychic|p2a: Musharna\n|-resisted|p2a: Musharna\n|-damage|p2a: Musharna|304\/347\n|move|p2a: Musharna|Moonblast|p1a: Celebi\n|-crit|p1a: Celebi\n|-damage|p1a: Celebi|133\/298\n|\n|-heal|p1a: Celebi|151\/298|[from] item: Leftovers\n|-heal|p2a: Musharna|325\/347|[from] item: Leftovers\n|upkeep\n|turn|18\n|\n|move|p1a: Celebi|Giga Drain|p2a: Musharna\n|-crit|p2a: Musharna\n|-damage|p2a: Musharna|211\/347\n|-heal|p1a: Celebi|208\/298|[from] drain|[of] p2a: Musharna\n|move|p2a: Musharna|Moonblast|p1a: Celebi\n|-damage|p1a: Celebi|133\/298\n|\n|-heal|p1a: Celebi|151\/298|[from] item: Leftovers\n|-heal|p2a: Musharna|232\/347|[from] item: Leftovers\n|upkeep\n|turn|19\n|\n|switch|p2a: Silvally|Silvally-Grass, L88|310\/310\n|-damage|p2a: Silvally|272\/310|[from] Stealth Rock\n|move|p1a: Celebi|Giga Drain|p2a: Silvally\n|-resisted|p2a: Silvally\n|-damage|p2a: Silvally|247\/310\n|-heal|p1a: Celebi|164\/298|[from] drain|[of] p2a: Silvally\n|\n|-heal|p1a: Celebi|182\/298|[from] item: Leftovers\n|upkeep\n|turn|20\n|\n|move|p2a: Silvally|Ice Beam|p1a: Celebi\n|-supereffective|p1a: Celebi\n|-damage|p1a: Celebi|44\/298\n|move|p1a: Celebi|Psychic|p2a: Silvally\n|-crit|p2a: Silvally\n|-damage|p2a: Silvally|126\/310\n|\n|-heal|p1a: Celebi|62\/298|[from] item: Leftovers\n|upkeep\n|turn|21\n|\n|move|p2a: Silvally|Ice Beam|p1a: Celebi\n|-supereffective|p1a: Celebi\n|-damage|p1a: Celebi|0 fnt\n|faint|p1a: Celebi\n|\n|upkeep\n|\n|switch|p1a: Palkia|Palkia, L72|234\/249 tox\n|-ability|p1a: Palkia|Pressure\n|turn|22\n|\n|move|p2a: Silvally|Parting Shot|p1a: Palkia\n|-unboost|p1a: Palkia|atk|1\n|-unboost|p1a: Palkia|spa|1\n|\n|switch|p2a: Azumarill|Azumarill, L82, F|105\/298 par\n|-damage|p2a: Azumarill|68\/298 par|[from] Stealth Rock\n|move|p1a: Palkia|Fire Blast|p2a: Azumarill|[miss]\n|-miss|p1a: Palkia|p2a: Azumarill\n|\n|-heal|p1a: Palkia|249\/249 tox|[from] item: Leftovers\n|-damage|p1a: Palkia|234\/249 tox|[from] psn\n|upkeep\n|turn|23\n|\n|move|p1a: Palkia|Thunder Wave|p2a: Azumarill\n|-fail|p2a: Azumarill|par\n|move|p2a: Azumarill|Rest|p2a: Azumarill\n|-status|p2a: Azumarill|slp|[from] move: Rest\n|-heal|p2a: Azumarill|298\/298 slp|[silent]\n|-enditem|p2a: Azumarill|Chesto Berry|[eat]\n|-curestatus|p2a: Azumarill|slp|[msg]\n|\n|-heal|p1a: Palkia|249\/249 tox|[from] item: Leftovers\n|-damage|p1a: Palkia|219\/249 tox|[from] psn\n|upkeep\n|turn|24\n|\n|move|p1a: Palkia|Draco Meteor|p2a: Azumarill\n|-immune|p2a: Azumarill\n|move|p2a: Azumarill|Whirlpool|p1a: Palkia\n|-resisted|p1a: Palkia\n|-damage|p1a: Palkia|213\/249 tox\n|-activate|p1a: Palkia|move: Whirlpool|[of] p2a: Azumarill\n|\n|-heal|p1a: Palkia|228\/249 tox|[from] item: Leftovers\n|-damage|p1a: Palkia|183\/249 tox|[from] psn\n|-damage|p1a: Palkia|152\/249 tox|[from] move: Whirlpool|[partiallytrapped]\n|upkeep\n|turn|25\n|\n|move|p2a: Azumarill|Protect|p2a: Azumarill\n|-singleturn|p2a: Azumarill|Protect\n|move|p1a: Palkia|Hydro Pump|p2a: Azumarill\n|-activate|p2a: Azumarill|move: Protect\n|\n|-heal|p1a: Palkia|167\/249 tox|[from] item: Leftovers\n|-damage|p1a: Palkia|107\/249 tox|[from] psn\n|-damage|p1a: Palkia|76\/249 tox|[from] move: Whirlpool|[partiallytrapped]\n|upkeep\n|turn|26\n|\n|move|p1a: Palkia|Hydro Pump|p2a: Azumarill\n|-resisted|p2a: Azumarill\n|-damage|p2a: Azumarill|251\/298\n|move|p2a: Azumarill|Whirlpool|p1a: Palkia\n|-resisted|p1a: Palkia\n|-damage|p1a: Palkia|70\/249 tox\n|\n|-heal|p1a: Palkia|85\/249 tox|[from] item: Leftovers\n|-damage|p1a: Palkia|10\/249 tox|[from] psn\n|-damage|p1a: Palkia|0 fnt|[from] move: Whirlpool|[partiallytrapped]\n|faint|p1a: Palkia\n|upkeep\n|\n|switch|p1a: Corviknight|Corviknight, L80, M|228\/288\n|turn|27\n|\n|move|p1a: Corviknight|Bulk Up|p1a: Corviknight\n|-boost|p1a: Corviknight|atk|1\n|-boost|p1a: Corviknight|def|1\n|move|p2a: Azumarill|Whirlpool|p1a: Corviknight\n|-damage|p1a: Corviknight|201\/288\n|-activate|p1a: Corviknight|move: Whirlpool|[of] p2a: Azumarill\n|\n|-heal|p1a: Corviknight|219\/288|[from] item: Leftovers\n|-damage|p1a: Corviknight|183\/288|[from] move: Whirlpool|[partiallytrapped]\n|upkeep\n|turn|28\n|\n|move|p1a: Corviknight|Body Press|p2a: Azumarill\n|-resisted|p2a: Azumarill\n|-damage|p2a: Azumarill|205\/298\n|move|p2a: Azumarill|Whirlpool|p1a: Corviknight|[miss]\n|-miss|p2a: Azumarill|p1a: Corviknight\n|\n|-heal|p1a: Corviknight|201\/288|[from] item: Leftovers\n|-damage|p1a: Corviknight|165\/288|[from] move: Whirlpool|[partiallytrapped]\n|upkeep\n|turn|29\n|\n|move|p1a: Corviknight|Brave Bird|p2a: Azumarill\n|-damage|p2a: Azumarill|37\/298\n|-damage|p1a: Corviknight|110\/288|[from] Recoil\n|move|p2a: Azumarill|Whirlpool|p1a: Corviknight\n|-damage|p1a: Corviknight|80\/288\n|\n|-heal|p1a: Corviknight|98\/288|[from] item: Leftovers\n|-damage|p1a: Corviknight|62\/288|[from] move: Whirlpool|[partiallytrapped]\n|upkeep\n|turn|30\n|\n|move|p2a: Azumarill|Protect|p2a: Azumarill\n|-singleturn|p2a: Azumarill|Protect\n|move|p1a: Corviknight|Brave Bird|p2a: Azumarill\n|-activate|p2a: Azumarill|move: Protect\n|\n|-heal|p1a: Corviknight|80\/288|[from] item: Leftovers\n|-damage|p1a: Corviknight|44\/288|[from] move: Whirlpool|[partiallytrapped]\n|upkeep\n|turn|31\n|\n|move|p1a: Corviknight|Roost|p1a: Corviknight\n|-heal|p1a: Corviknight|188\/288\n|-singleturn|p1a: Corviknight|move: Roost\n|move|p2a: Azumarill|Whirlpool|p1a: Corviknight\n|-damage|p1a: Corviknight|160\/288\n|\n|-heal|p1a: Corviknight|178\/288|[from] item: Leftovers\n|-damage|p1a: Corviknight|142\/288|[from] move: Whirlpool|[partiallytrapped]\n|upkeep\n|turn|32\n|\n|move|p1a: Corviknight|Brave Bird|p2a: Azumarill\n|-damage|p2a: Azumarill|0 fnt\n|-damage|p1a: Corviknight|130\/288|[from] Recoil\n|faint|p2a: Azumarill\n|\n|-heal|p1a: Corviknight|148\/288|[from] item: Leftovers\n|-end|p1a: Corviknight|Whirlpool|[partiallytrapped]\n|upkeep\n|\n|switch|p2a: Silvally|Silvally-Grass, L88|126\/310\n|-damage|p2a: Silvally|88\/310|[from] Stealth Rock\n|turn|33\n|\n|move|p2a: Silvally|Flamethrower|p1a: Corviknight\n|-supereffective|p1a: Corviknight\n|-damage|p1a: Corviknight|12\/288\n|move|p1a: Corviknight|Brave Bird|p2a: Silvally\n|-supereffective|p2a: Silvally\n|-damage|p2a: Silvally|0 fnt\n|-damage|p1a: Corviknight|0 fnt|[from] Recoil\n|faint|p2a: Silvally\n|faint|p1a: Corviknight\n|\n|win|BaddyGames\n|c|\u2606KuuKazzu|Told ya, Ez\n|c|\u2606BaddyGames|gg\n|c|\u2606KuuKazzu|gg pal\n|l|\u2606BaddyGames\n","inputlog":">version c9c7f6a747c4fa4bb90ab0817471f3f1098ea029\n>start {\"formatid\":\"gen8randombattle\",\"seed\":[4642,2879,57646,37355]}\n>player p1 {\"name\":\"KuuKazzu\",\"avatar\":\"102\",\"team\":\"\",\"rating\":0,\"seed\":[51218,62259,57058,5162]}\n>player p2 {\"name\":\"BaddyGames\",\"avatar\":\"275\",\"team\":\"\",\"rating\":0,\"seed\":[62385,34699,8158,9210]}\n>p1 move fireblast\n>p2 move partingshot\n>p2 switch 5\n>p1 move thunderwave\n>p2 move toxic\n>p1 switch 2\n>p2 move whirlpool\n>p1 move woodhammer\n>p2 move toxic\n>p1 move woodhammer\n>p2 move protect\n>p1 move woodhammer\n>p2 move whirlpool\n>p1 move shadowclaw\n>p2 move whirlpool\n>p1 switch 4\n>p1 move boltbeak\n>p2 switch 4\n>p1 move lowkick\n>p2 move rockslide\n>p1 move lowkick\n>p2 move earthquake\n>p1 switch 5\n>p1 move bodypress\n>p2 move rockslide\n>p2 switch 6\n>p1 switch 6\n>p2 move thunderwave\n>p1 move nightslash\n>p2 move psychic\n>p1 move swordsdance\n>p2 move psychic\n>p1 switch 3\n>p1 move stealthrock\n>p2 move moonblast\n>p1 move recover\n>p2 move moonblast\n>p1 move psychic\n>p2 move moonblast\n>p1 move gigadrain\n>p2 move moonblast\n>p1 move gigadrain\n>p2 switch 5\n>p1 move psychic\n>p2 move icebeam\n>p1 move psychic\n>p2 move icebeam\n>p1 switch 2\n>p1 move fireblast\n>p2 move partingshot\n>p2 switch 4\n>p1 move thunderwave\n>p2 move rest\n>p1 move dracometeor\n>p2 move whirlpool\n>p1 move hydropump\n>p2 move protect\n>p1 move hydropump\n>p2 move whirlpool\n>p1 switch 6\n>p1 move bulkup\n>p2 move whirlpool\n>p1 move bodypress\n>p2 move whirlpool\n>p1 move bravebird\n>p2 move whirlpool\n>p1 move bravebird\n>p2 move protect\n>p1 move roost\n>p2 move whirlpool\n>p1 move bravebird\n>p2 move rest\n>p2 switch 4\n>p1 move bravebird\n>p2 move flamethrower","uploadtime":1591553827,"views":4,"p1id":"kuukazzu","p2id":"baddygames","formatid":"gen8randombattle","rating":0,"private":0,"password":null}