{"id":"gen8ou-1691829813","p1":"superrouchuan","p2":"shnhg","format":"gen8ou","log":"|html|<div class=\"broadcast-blue\"><strong>[Gen 8] OU is currently suspecting Melmetal! For information on how to participate check out the <a href=\"https:\/\/www.smogon.com\/forums\/threads\/np-ss-ou-suspect-process-round-12-monster-mash.3709234\/\">suspect thread<\/a>.<\/strong><\/div>\n|j|\u2606superrouchuan\n|j|\u2606shnhg\n|t:|1666412799\n|gametype|singles\n|player|p1|superrouchuan|clown|1620\n|player|p2|shnhg|265|1587\n|teamsize|p1|6\n|teamsize|p2|6\n|gen|8\n|tier|[Gen 8] OU\n|rated|\n|rule|Sleep Clause Mod: Limit one foe put to sleep\n|rule|Species Clause: Limit one of each Pok\u00e9mon\n|rule|OHKO Clause: OHKO moves are banned\n|rule|Evasion Items Clause: Evasion items are banned\n|rule|Evasion Moves Clause: Evasion moves are banned\n|rule|Endless Battle Clause: Forcing endless battles is banned\n|rule|HP Percentage Mod: HP is shown in percentages\n|rule|Dynamax Clause: You cannot dynamax\n|clearpoke\n|poke|p1|Snorlax, M|\n|poke|p1|Tapu Lele|\n|poke|p1|Tyranitar, F|\n|poke|p1|Zapdos|\n|poke|p1|Garchomp, M|\n|poke|p1|Buzzwole|\n|poke|p2|Ninetales-Alola, F|\n|poke|p2|Dragapult, F|\n|poke|p2|Tapu Fini|\n|poke|p2|Landorus-Therian, M|\n|poke|p2|Kartana|\n|poke|p2|Blacephalon|\n|teampreview\n|\n|t:|1666412809\n|start\n|switch|p1a: \u868a\u5927\u7237|Buzzwole|100\/100\n|switch|p2a: \u6700\u5f3a\u306e\u866b|Landorus-Therian, M|100\/100\n|-ability|p2a: \u6700\u5f3a\u306e\u866b|Intimidate|boost\n|-unboost|p1a: \u868a\u5927\u7237|atk|1\n|turn|1\n|\n|t:|1666412817\n|move|p1a: \u868a\u5927\u7237|Ice Punch|p2a: \u6700\u5f3a\u306e\u866b\n|-supereffective|p2a: \u6700\u5f3a\u306e\u866b\n|-enditem|p2a: \u6700\u5f3a\u306e\u866b|Focus Sash\n|-damage|p2a: \u6700\u5f3a\u306e\u866b|1\/100\n|move|p2a: \u6700\u5f3a\u306e\u866b|Stealth Rock|p1a: \u868a\u5927\u7237\n|-sidestart|p1: superrouchuan|move: Stealth Rock\n|\n|upkeep\n|turn|2\n|c|\u2606shnhg|\u8089\u4e32\u54e5\uff1f\n|\n|t:|1666412831\n|switch|p2a: \u51b0\u51bb\u6765\u4e00\u4e2a|Ninetales-Alola, F|100\/100\n|-weather|Hail|[from] ability: Snow Warning|[of] p2a: \u51b0\u51bb\u6765\u4e00\u4e2a\n|move|p1a: \u868a\u5927\u7237|Ice Punch|p2a: \u51b0\u51bb\u6765\u4e00\u4e2a\n|-resisted|p2a: \u51b0\u51bb\u6765\u4e00\u4e2a\n|-damage|p2a: \u51b0\u51bb\u6765\u4e00\u4e2a|81\/100\n|\n|-weather|Hail|[upkeep]\n|-damage|p1a: \u868a\u5927\u7237|94\/100|[from] Hail\n|upkeep\n|turn|3\n|\n|t:|1666412841\n|switch|p1a: \u8001\u73ed|Tyranitar, F, shiny|100\/100\n|-damage|p1a: \u8001\u73ed|88\/100|[from] Stealth Rock\n|-weather|Sandstorm|[from] ability: Sand Stream|[of] p1a: \u8001\u73ed\n|move|p2a: \u51b0\u51bb\u6765\u4e00\u4e2a|Moonblast|p1a: \u8001\u73ed\n|-supereffective|p1a: \u8001\u73ed\n|-damage|p1a: \u8001\u73ed|47\/100\n|\n|-weather|Sandstorm|[upkeep]\n|-damage|p2a: \u51b0\u51bb\u6765\u4e00\u4e2a|75\/100|[from] Sandstorm\n|-heal|p1a: \u8001\u73ed|53\/100|[from] item: Leftovers\n|upkeep\n|turn|4\n|\n|t:|1666412867\n|switch|p2a: Blacephalon|Blacephalon|100\/100\n|move|p1a: \u8001\u73ed|Stealth Rock|p2a: Blacephalon\n|-sidestart|p2: shnhg|move: Stealth Rock\n|\n|-weather|Sandstorm|[upkeep]\n|-damage|p2a: Blacephalon|94\/100|[from] Sandstorm\n|-heal|p1a: \u8001\u73ed|59\/100|[from] item: Leftovers\n|upkeep\n|turn|5\n|\n|t:|1666412876\n|move|p2a: Blacephalon|Mind Blown|p1a: \u8001\u73ed\n|-resisted|p1a: \u8001\u73ed\n|-damage|p1a: \u8001\u73ed|21\/100\n|-damage|p2a: Blacephalon|44\/100|[from] mindblown\n|move|p1a: \u8001\u73ed|Earthquake|p2a: Blacephalon\n|-supereffective|p2a: Blacephalon\n|-damage|p2a: Blacephalon|0 fnt\n|faint|p2a: Blacephalon\n|\n|-weather|Sandstorm|[upkeep]\n|-heal|p1a: \u8001\u73ed|27\/100|[from] item: Leftovers\n|upkeep\n|c|\u2606superrouchuan|\u96be\u5d29\n|\n|t:|1666412889\n|switch|p2a: \u51b0\u51bb\u6765\u4e00\u4e2a|Ninetales-Alola, F|75\/100\n|-damage|p2a: \u51b0\u51bb\u6765\u4e00\u4e2a|50\/100|[from] Stealth Rock\n|-weather|Hail|[from] ability: Snow Warning|[of] p2a: \u51b0\u51bb\u6765\u4e00\u4e2a\n|turn|6\n|\n|t:|1666412896\n|move|p2a: \u51b0\u51bb\u6765\u4e00\u4e2a|Aurora Veil|p2a: \u51b0\u51bb\u6765\u4e00\u4e2a\n|-sidestart|p2: shnhg|move: Aurora Veil\n|move|p1a: \u8001\u73ed|Fire Blast|p2a: \u51b0\u51bb\u6765\u4e00\u4e2a\n|-supereffective|p2a: \u51b0\u51bb\u6765\u4e00\u4e2a\n|-damage|p2a: \u51b0\u51bb\u6765\u4e00\u4e2a|13\/100\n|\n|-weather|Hail|[upkeep]\n|-damage|p1a: \u8001\u73ed|21\/100|[from] Hail\n|-heal|p1a: \u8001\u73ed|27\/100|[from] item: Leftovers\n|upkeep\n|turn|7\n|\n|t:|1666412907\n|move|p2a: \u51b0\u51bb\u6765\u4e00\u4e2a|Blizzard|p1a: \u8001\u73ed\n|-damage|p1a: \u8001\u73ed|0 fnt\n|faint|p1a: \u8001\u73ed\n|\n|-weather|Hail|[upkeep]\n|upkeep\n|\n|t:|1666412913\n|switch|p1a: \u8776\u795e|Tapu Lele|100\/100\n|-damage|p1a: \u8776\u795e|88\/100|[from] Stealth Rock\n|-fieldstart|move: Psychic Terrain|[from] ability: Psychic Surge|[of] p1a: \u8776\u795e\n|turn|8\n|\n|t:|1666412920\n|move|p1a: \u8776\u795e|Psychic|p2a: \u51b0\u51bb\u6765\u4e00\u4e2a\n|-damage|p2a: \u51b0\u51bb\u6765\u4e00\u4e2a|0 fnt\n|faint|p2a: \u51b0\u51bb\u6765\u4e00\u4e2a\n|\n|-weather|Hail|[upkeep]\n|-damage|p1a: \u8776\u795e|82\/100|[from] Hail\n|upkeep\n|\n|t:|1666412927\n|switch|p2a: \u5403\u5269\u996d|Tapu Fini|100\/100\n|-damage|p2a: \u5403\u5269\u996d|88\/100|[from] Stealth Rock\n|-fieldstart|move: Misty Terrain|[from] ability: Misty Surge|[of] p2a: \u5403\u5269\u996d\n|turn|9\n|\n|t:|1666412937\n|switch|p1a: \u9e1f\u54e5|Zapdos, shiny|100\/100\n|-damage|p1a: \u9e1f\u54e5|75\/100|[from] Stealth Rock\n|move|p2a: \u5403\u5269\u996d|Calm Mind|p2a: \u5403\u5269\u996d\n|-boost|p2a: \u5403\u5269\u996d|spa|1\n|-boost|p2a: \u5403\u5269\u996d|spd|1\n|\n|-weather|Hail|[upkeep]\n|-damage|p1a: \u9e1f\u54e5|69\/100|[from] Hail\n|-damage|p2a: \u5403\u5269\u996d|82\/100|[from] Hail\n|-heal|p2a: \u5403\u5269\u996d|88\/100|[from] item: Leftovers\n|upkeep\n|turn|10\n|\n|t:|1666412948\n|move|p1a: \u9e1f\u54e5|Roost|p1a: \u9e1f\u54e5\n|-heal|p1a: \u9e1f\u54e5|100\/100\n|-singleturn|p1a: \u9e1f\u54e5|move: Roost\n|move|p2a: \u5403\u5269\u996d|Calm Mind|p2a: \u5403\u5269\u996d\n|-boost|p2a: \u5403\u5269\u996d|spa|1\n|-boost|p2a: \u5403\u5269\u996d|spd|1\n|\n|-weather|none\n|-heal|p2a: \u5403\u5269\u996d|94\/100|[from] item: Leftovers\n|upkeep\n|turn|11\n|\n|t:|1666412958\n|move|p1a: \u9e1f\u54e5|Discharge|p2a: \u5403\u5269\u996d\n|-supereffective|p2a: \u5403\u5269\u996d\n|-damage|p2a: \u5403\u5269\u996d|80\/100\n|move|p2a: \u5403\u5269\u996d|Calm Mind|p2a: \u5403\u5269\u996d\n|-boost|p2a: \u5403\u5269\u996d|spa|1\n|-boost|p2a: \u5403\u5269\u996d|spd|1\n|\n|-heal|p2a: \u5403\u5269\u996d|86\/100|[from] item: Leftovers\n|upkeep\n|turn|12\n|\n|t:|1666412967\n|move|p1a: \u9e1f\u54e5|Discharge|p2a: \u5403\u5269\u996d\n|-supereffective|p2a: \u5403\u5269\u996d\n|-damage|p2a: \u5403\u5269\u996d|75\/100\n|move|p2a: \u5403\u5269\u996d|Calm Mind|p2a: \u5403\u5269\u996d\n|-boost|p2a: \u5403\u5269\u996d|spa|1\n|-boost|p2a: \u5403\u5269\u996d|spd|1\n|\n|-heal|p2a: \u5403\u5269\u996d|81\/100|[from] item: Leftovers\n|upkeep\n|turn|13\n|\n|t:|1666412978\n|switch|p1a: \u9f99\u7237\uff08\u867d\u7136\u8fd8\u662f\u4e0d\u4f1a\u9f99\u821e\uff09|Garchomp, M|100\/100\n|-damage|p1a: \u9f99\u7237\uff08\u867d\u7136\u8fd8\u662f\u4e0d\u4f1a\u9f99\u821e\uff09|94\/100|[from] Stealth Rock\n|move|p2a: \u5403\u5269\u996d|Draining Kiss|p1a: \u9f99\u7237\uff08\u867d\u7136\u8fd8\u662f\u4e0d\u4f1a\u9f99\u821e\uff09\n|-supereffective|p1a: \u9f99\u7237\uff08\u867d\u7136\u8fd8\u662f\u4e0d\u4f1a\u9f99\u821e\uff09\n|-damage|p1a: \u9f99\u7237\uff08\u867d\u7136\u8fd8\u662f\u4e0d\u4f1a\u9f99\u821e\uff09|0 fnt\n|-heal|p2a: \u5403\u5269\u996d|100\/100|[from] drain|[of] p1a: \u9f99\u7237\uff08\u867d\u7136\u8fd8\u662f\u4e0d\u4f1a\u9f99\u821e\uff09\n|-damage|p2a: \u5403\u5269\u996d|88\/100|[from] ability: Rough Skin|[of] p1a: \u9f99\u7237\uff08\u867d\u7136\u8fd8\u662f\u4e0d\u4f1a\u9f99\u821e\uff09\n|faint|p1a: \u9f99\u7237\uff08\u867d\u7136\u8fd8\u662f\u4e0d\u4f1a\u9f99\u821e\uff09\n|\n|-heal|p2a: \u5403\u5269\u996d|94\/100|[from] item: Leftovers\n|-sideend|p2: shnhg|move: Aurora Veil\n|-fieldend|Misty Terrain\n|upkeep\n|\n|t:|1666412992\n|switch|p1a: \u5361\u5723\u522b\u6f14\u6211|Snorlax, M, shiny|100\/100\n|-damage|p1a: \u5361\u5723\u522b\u6f14\u6211|88\/100|[from] Stealth Rock\n|turn|14\n|\n|t:|1666412997\n|move|p2a: \u5403\u5269\u996d|Surf|p1a: \u5361\u5723\u522b\u6f14\u6211\n|-damage|p1a: \u5361\u5723\u522b\u6f14\u6211|29\/100\n|move|p1a: \u5361\u5723\u522b\u6f14\u6211|Self-Destruct|p2a: \u5403\u5269\u996d\n|-enditem|p1a: \u5361\u5723\u522b\u6f14\u6211|Normal Gem|[from] gem\n|-damage|p2a: \u5403\u5269\u996d|8\/100\n|faint|p1a: \u5361\u5723\u522b\u6f14\u6211\n|\n|-heal|p2a: \u5403\u5269\u996d|14\/100|[from] item: Leftovers\n|upkeep\n|c|\u2606superrouchuan|\uff1f\n|c|\u2606superrouchuan|\u90a3\u4e48\u8089\n|\n|t:|1666413010\n|switch|p1a: \u868a\u5927\u7237|Buzzwole|94\/100\n|-damage|p1a: \u868a\u5927\u7237|82\/100|[from] Stealth Rock\n|turn|15\n|\n|t:|1666413015\n|move|p1a: \u868a\u5927\u7237|Earthquake|p2a: \u5403\u5269\u996d\n|-damage|p2a: \u5403\u5269\u996d|0 fnt\n|faint|p2a: \u5403\u5269\u996d\n|-ability|p1a: \u868a\u5927\u7237|Beast Boost|boost\n|-boost|p1a: \u868a\u5927\u7237|atk|1\n|\n|upkeep\n|c|\u2606superrouchuan|\u5bc4\n|\n|t:|1666413024\n|switch|p2a: Kartana|Kartana|100\/100\n|-damage|p2a: Kartana|94\/100|[from] Stealth Rock\n|turn|16\n|\n|t:|1666413030\n|move|p2a: Kartana|Knock Off|p1a: \u868a\u5927\u7237\n|-resisted|p1a: \u868a\u5927\u7237\n|-damage|p1a: \u868a\u5927\u7237|70\/100\n|-enditem|p1a: \u868a\u5927\u7237|Choice Band|[from] move: Knock Off|[of] p2a: Kartana\n|move|p1a: \u868a\u5927\u7237|Earthquake|p2a: Kartana\n|-damage|p2a: Kartana|48\/100\n|\n|upkeep\n|turn|17\n|\n|t:|1666413039\n|move|p2a: Kartana|Sacred Sword|p1a: \u868a\u5927\u7237\n|-resisted|p1a: \u868a\u5927\u7237\n|-damage|p1a: \u868a\u5927\u7237|60\/100\n|move|p1a: \u868a\u5927\u7237|Ice Punch|p2a: Kartana\n|-damage|p2a: Kartana|11\/100\n|-status|p2a: Kartana|frz\n|\n|upkeep\n|turn|18\n|c|\u2606shnhg|\u5bc4\n|\n|t:|1666413048\n|switch|p1a: \u9e1f\u54e5|Zapdos, shiny|100\/100\n|-damage|p1a: \u9e1f\u54e5|75\/100|[from] Stealth Rock\n|cant|p2a: Kartana|frz\n|\n|upkeep\n|turn|19\n|\n|t:|1666413056\n|cant|p2a: Kartana|frz\n|move|p1a: \u9e1f\u54e5|Roost|p1a: \u9e1f\u54e5\n|-heal|p1a: \u9e1f\u54e5|100\/100\n|-singleturn|p1a: \u9e1f\u54e5|move: Roost\n|\n|upkeep\n|turn|20\n|\n|t:|1666413063\n|-curestatus|p2a: Kartana|frz|[msg]\n|move|p2a: Kartana|Knock Off|p1a: \u9e1f\u54e5\n|-damage|p1a: \u9e1f\u54e5|79\/100\n|-damage|p2a: Kartana|0 fnt|[from] item: Rocky Helmet|[of] p1a: \u9e1f\u54e5\n|faint|p2a: Kartana\n|move|p1a: \u9e1f\u54e5|Roost|p1a: \u9e1f\u54e5\n|-heal|p1a: \u9e1f\u54e5|100\/100\n|-singleturn|p1a: \u9e1f\u54e5|move: Roost\n|\n|upkeep\n|\n|t:|1666413073\n|switch|p2a: \u731c\u731c\u6211\u662f\u5565\u914d\u7f6e|Dragapult, F|100\/100\n|-damage|p2a: \u731c\u731c\u6211\u662f\u5565\u914d\u7f6e|88\/100|[from] Stealth Rock\n|turn|21\n|\n|t:|1666413077\n|move|p2a: \u731c\u731c\u6211\u662f\u5565\u914d\u7f6e|Dragon Dance|p2a: \u731c\u731c\u6211\u662f\u5565\u914d\u7f6e\n|-boost|p2a: \u731c\u731c\u6211\u662f\u5565\u914d\u7f6e|atk|1\n|-boost|p2a: \u731c\u731c\u6211\u662f\u5565\u914d\u7f6e|spe|1\n|move|p1a: \u9e1f\u54e5|Hurricane|p2a: \u731c\u731c\u6211\u662f\u5565\u914d\u7f6e\n|-damage|p2a: \u731c\u731c\u6211\u662f\u5565\u914d\u7f6e|24\/100\n|\n|upkeep\n|turn|22\n|\n|t:|1666413084\n|move|p2a: \u731c\u731c\u6211\u662f\u5565\u914d\u7f6e|Dragon Darts|p1a: \u9e1f\u54e5\n|-damage|p1a: \u9e1f\u54e5|70\/100\n|-anim|p2a: \u731c\u731c\u6211\u662f\u5565\u914d\u7f6e|Dragon Darts|p1a: \u9e1f\u54e5\n|-crit|p1a: \u9e1f\u54e5\n|-damage|p1a: \u9e1f\u54e5|26\/100\n|move|p1a: \u9e1f\u54e5|Hurricane|p2a: \u731c\u731c\u6211\u662f\u5565\u914d\u7f6e\n|-damage|p2a: \u731c\u731c\u6211\u662f\u5565\u914d\u7f6e|0 fnt\n|faint|p2a: \u731c\u731c\u6211\u662f\u5565\u914d\u7f6e\n|\n|upkeep\n|c|\u2606shnhg|\u9e1f\u54e5\u592a\u8089\u4e86\n|\n|t:|1666413094\n|switch|p2a: \u6700\u5f3a\u306e\u866b|Landorus-Therian, M|1\/100\n|-damage|p2a: \u6700\u5f3a\u306e\u866b|0 fnt|[from] Stealth Rock\n|faint|p2a: \u6700\u5f3a\u306e\u866b\n|\n|win|superrouchuan\n|raw|superrouchuan's rating: 1620 &rarr; <strong>1638<\/strong><br \/>(+18 for winning)\n|raw|shnhg's rating: 1587 &rarr; <strong>1569<\/strong><br \/>(-18 for losing)\n|c|\u2606superrouchuan|\u6781\u9650\u7269\u8010\n|c|\u2606superrouchuan|\u5f00\u73a9\u7b11\u7684\uff1f\n|c|\u2606shnhg|\u56fa\u6267\u9f99\u5251\u90fd\u4e0d\u5f97\u884c\n|c|\u2606shnhg|\u5361\u5723tql\n|l|\u2606superrouchuan\n","uploadtime":1666413145,"views":15,"p1id":"superrouchuan","p2id":"shnhg","formatid":"gen8ou","rating":1569,"private":0,"password":null}