{"id":"gen8randombattle-1332820165","p1":"Brifye","p2":"BrnzDllr","format":"gen8randombattle","log":"|j|\u2606Brifye\n|j|\u2606BrnzDllr\n|t:|1619965173\n|gametype|singles\n|player|p1|Brifye|gentleman|1461\n|player|p2|BrnzDllr|artist-gen4|1432\n|teamsize|p1|6\n|teamsize|p2|6\n|gen|8\n|tier|[Gen 8] Random Battle\n|rated|\n|rule|Species Clause: Limit one of each Pok\u00e9mon\n|rule|HP Percentage Mod: HP is shown in percentages\n|rule|Sleep Clause Mod: Limit one foe put to sleep\n|\n|t:|1619965173\n|start\n|switch|p1a: Weezing|Weezing, L86, F|252\/252\n|switch|p2a: Bewear|Bewear, L82, M|331\/331\n|turn|1\n|inactive|Battle timer is ON: inactive players will automatically lose when time's up. (requested by Brifye)\n|\n|t:|1619965257\n|move|p1a: Weezing|Will-O-Wisp|p2a: Bewear\n|-status|p2a: Bewear|brn\n|move|p2a: Bewear|Swords Dance|p2a: Bewear\n|-boost|p2a: Bewear|atk|2\n|\n|-damage|p2a: Bewear|311\/331 brn|[from] brn\n|upkeep\n|turn|2\n|\n|t:|1619965267\n|move|p1a: Weezing|Sludge Bomb|p2a: Bewear\n|-damage|p2a: Bewear|200\/331 brn\n|move|p2a: Bewear|Double-Edge|p1a: Weezing\n|-damage|p1a: Weezing|100\/252\n|-damage|p2a: Bewear|150\/331 brn|[from] Recoil\n|-damage|p2a: Bewear|117\/331 brn|[from] item: Life Orb\n|\n|-heal|p1a: Weezing|115\/252|[from] item: Black Sludge\n|-damage|p2a: Bewear|97\/331 brn|[from] brn\n|upkeep\n|turn|3\n|\n|t:|1619965278\n|move|p1a: Weezing|Sludge Bomb|p2a: Bewear\n|-damage|p2a: Bewear|0 fnt\n|faint|p2a: Bewear\n|\n|-heal|p1a: Weezing|130\/252|[from] item: Black Sludge\n|upkeep\n|\n|t:|1619965288\n|switch|p2a: Skarmory|Skarmory, L80, M|235\/235\n|turn|4\n|\n|t:|1619965295\n|move|p2a: Skarmory|Stealth Rock|p1a: Weezing\n|-sidestart|p1: Brifye|move: Stealth Rock\n|move|p1a: Weezing|Will-O-Wisp|p2a: Skarmory\n|-status|p2a: Skarmory|brn\n|\n|-heal|p1a: Weezing|145\/252|[from] item: Black Sludge\n|-damage|p2a: Skarmory|221\/235 brn|[from] brn\n|upkeep\n|turn|5\n|inactive|BrnzDllr has 120 seconds left.\n|inactive|BrnzDllr has 90 seconds left.\n|inactive|BrnzDllr has 60 seconds left.\n|\n|t:|1619965395\n|move|p2a: Skarmory|Roost|p2a: Skarmory\n|-heal|p2a: Skarmory|235\/235 brn\n|-singleturn|p2a: Skarmory|move: Roost\n|move|p1a: Weezing|Toxic Spikes|p2a: Skarmory\n|-sidestart|p2: BrnzDllr|move: Toxic Spikes\n|\n|-heal|p1a: Weezing|160\/252|[from] item: Black Sludge\n|-damage|p2a: Skarmory|221\/235 brn|[from] brn\n|upkeep\n|turn|6\n|\n|t:|1619965405\n|switch|p2a: Roserade|Roserade, L84, M|238\/238\n|-sideend|p2: BrnzDllr|move: Toxic Spikes|[of] p2a: Roserade\n|move|p1a: Weezing|Toxic Spikes|p2a: Roserade\n|-sidestart|p2: BrnzDllr|move: Toxic Spikes\n|\n|-heal|p1a: Weezing|175\/252|[from] item: Black Sludge\n|upkeep\n|turn|7\n|\n|t:|1619965413\n|move|p2a: Roserade|Toxic Spikes|p1a: Weezing\n|-sidestart|p1: Brifye|move: Toxic Spikes\n|move|p1a: Weezing|Fire Blast|p2a: Roserade\n|-supereffective|p2a: Roserade\n|-damage|p2a: Roserade|102\/238\n|\n|-heal|p2a: Roserade|116\/238|[from] item: Black Sludge\n|-heal|p1a: Weezing|190\/252|[from] item: Black Sludge\n|upkeep\n|turn|8\n|\n|t:|1619965424\n|move|p2a: Roserade|Sleep Powder|p1a: Weezing\n|-status|p1a: Weezing|slp|[from] move: Sleep Powder\n|cant|p1a: Weezing|slp\n|\n|-heal|p2a: Roserade|130\/238|[from] item: Black Sludge\n|-heal|p1a: Weezing|205\/252 slp|[from] item: Black Sludge\n|upkeep\n|turn|9\n|\n|t:|1619965439\n|switch|p1a: Hatterene|Hatterene, L86, F|238\/238\n|-status|p1a: Hatterene|psn\n|-damage|p1a: Hatterene|209\/238 psn|[from] Stealth Rock\n|move|p2a: Roserade|Toxic Spikes|p1a: Hatterene\n|move|p1a: Hatterene|Toxic Spikes|p2a: Roserade|[from]ability: Magic Bounce\n|-sidestart|p2: BrnzDllr|move: Toxic Spikes\n|\n|-heal|p2a: Roserade|144\/238|[from] item: Black Sludge\n|-damage|p1a: Hatterene|180\/238 psn|[from] psn\n|upkeep\n|turn|10\n|\n|t:|1619965455\n|move|p2a: Roserade|Sludge Bomb|p1a: Hatterene\n|-supereffective|p1a: Hatterene\n|-damage|p1a: Hatterene|0 fnt\n|faint|p1a: Hatterene\n|\n|-heal|p2a: Roserade|158\/238|[from] item: Black Sludge\n|upkeep\n|inactive|Brifye has 120 seconds left.\n|\n|t:|1619965471\n|switch|p1a: Heracross|Heracross, L82, F|265\/265\n|-status|p1a: Heracross|psn\n|-damage|p1a: Heracross|232\/265 psn|[from] Stealth Rock\n|turn|11\n|inactive|BrnzDllr has 90 seconds left.\n|\n|t:|1619965477\n|switch|p2a: Skarmory|Skarmory, L80, M|221\/235 brn\n|move|p1a: Heracross|Facade|p2a: Skarmory\n|-resisted|p2a: Skarmory\n|-damage|p2a: Skarmory|163\/235 brn\n|\n|-heal|p2a: Skarmory|177\/235 brn|[from] item: Leftovers\n|-damage|p1a: Heracross|199\/265 psn|[from] psn\n|-damage|p2a: Skarmory|163\/235 brn|[from] brn\n|upkeep\n|turn|12\n|\n|t:|1619965487\n|move|p1a: Heracross|Knock Off|p2a: Skarmory\n|-damage|p2a: Skarmory|71\/235 brn\n|-enditem|p2a: Skarmory|Leftovers|[from] move: Knock Off|[of] p1a: Heracross\n|move|p2a: Skarmory|Brave Bird|p1a: Heracross\n|-supereffective|p1a: Heracross\n|-damage|p1a: Heracross|0 fnt\n|faint|p1a: Heracross\n|-damage|p2a: Skarmory|5\/235 brn|[from] Recoil\n|\n|-damage|p2a: Skarmory|0 fnt|[from] brn\n|faint|p2a: Skarmory\n|upkeep\n|inactive|Brifye has 120 seconds left.\n|\n|t:|1619965506\n|switch|p1a: Vikavolt|Vikavolt, L82, M|260\/260\n|switch|p2a: Roserade|Roserade, L84, M|158\/238\n|-sideend|p2: BrnzDllr|move: Toxic Spikes|[of] p2a: Roserade\n|turn|13\n|\n|t:|1619965513\n|move|p2a: Roserade|Toxic Spikes|p1a: Vikavolt\n|-sidestart|p1: Brifye|move: Toxic Spikes\n|move|p1a: Vikavolt|Bug Buzz|p2a: Roserade\n|-damage|p2a: Roserade|46\/238\n|\n|-heal|p2a: Roserade|60\/238|[from] item: Black Sludge\n|upkeep\n|turn|14\n|\n|t:|1619965520\n|move|p2a: Roserade|Sludge Bomb|p1a: Vikavolt\n|-damage|p1a: Vikavolt|125\/260\n|move|p1a: Vikavolt|Bug Buzz|p2a: Roserade\n|-damage|p2a: Roserade|0 fnt\n|faint|p2a: Roserade\n|\n|upkeep\n|inactive|BrnzDllr has 120 seconds left.\n|\n|t:|1619965536\n|switch|p2a: Conkeldurr|Conkeldurr, L80, F|299\/299\n|turn|15\n|\n|t:|1619965541\n|-start|p2a: Conkeldurr|Dynamax\n|-heal|p2a: Conkeldurr|598\/598|[silent]\n|move|p2a: Conkeldurr|Max Strike|p1a: Vikavolt\n|-damage|p1a: Vikavolt|13\/260\n|-unboost|p1a: Vikavolt|spe|1\n|move|p1a: Vikavolt|Thunderbolt|p2a: Conkeldurr\n|-damage|p2a: Conkeldurr|436\/598\n|\n|-status|p2a: Conkeldurr|brn|[from] item: Flame Orb\n|upkeep\n|turn|16\n|\n|t:|1619965551\n|move|p2a: Conkeldurr|Max Knuckle|p1a: Vikavolt\n|-resisted|p1a: Vikavolt\n|-damage|p1a: Vikavolt|0 fnt\n|-boost|p2a: Conkeldurr|atk|1\n|faint|p1a: Vikavolt\n|\n|-damage|p2a: Conkeldurr|418\/598 brn|[from] brn\n|upkeep\n|\n|t:|1619965568\n|switch|p1a: Weezing|Weezing, L86, F|205\/252 slp\n|-damage|p1a: Weezing|174\/252 slp|[from] Stealth Rock\n|turn|17\n|\n|t:|1619965582\n|-curestatus|p1a: Weezing|slp|[msg]\n|move|p1a: Weezing|Toxic Spikes|p2a: Conkeldurr\n|-sidestart|p2: BrnzDllr|move: Toxic Spikes\n|move|p2a: Conkeldurr|Max Strike|p1a: Weezing\n|-damage|p1a: Weezing|0 fnt\n|faint|p1a: Weezing\n|\n|-damage|p2a: Conkeldurr|400\/598 brn|[from] brn\n|-end|p2a: Conkeldurr|Dynamax\n|-heal|p2a: Conkeldurr|200\/299 brn|[silent]\n|upkeep\n|\n|t:|1619965596\n|switch|p1a: Kingler|Kingler, L84, F|230\/230\n|-status|p1a: Kingler|tox\n|-damage|p1a: Kingler|202\/230 tox|[from] Stealth Rock\n|turn|18\n|\n|t:|1619965605\n|-start|p1a: Kingler|Dynamax\n|-heal|p1a: Kingler|404\/460 tox|[silent]\n|move|p1a: Kingler|Max Geyser|p2a: Conkeldurr\n|-damage|p2a: Conkeldurr|0 fnt\n|-weather|RainDance\n|faint|p2a: Conkeldurr\n|-damage|p1a: Kingler|381\/460 tox|[from] item: Life Orb\n|\n|-weather|RainDance|[upkeep]\n|-damage|p1a: Kingler|367\/460 tox|[from] psn\n|upkeep\n|inactive|BrnzDllr has 120 seconds left.\n|\n|t:|1619965657\n|switch|p2a: Meowstic|Meowstic, L84, M|262\/262\n|-status|p2a: Meowstic|psn\n|turn|19\n|\n|t:|1619965665\n|move|p2a: Meowstic|Reflect|p2a: Meowstic\n|-sidestart|p2: BrnzDllr|Reflect\n|move|p1a: Kingler|Max Geyser|p2a: Meowstic\n|-damage|p2a: Meowstic|61\/262 psn\n|-damage|p1a: Kingler|344\/460 tox|[from] item: Life Orb\n|\n|-weather|RainDance|[upkeep]\n|-damage|p2a: Meowstic|29\/262 psn|[from] psn\n|-damage|p1a: Kingler|316\/460 tox|[from] psn\n|upkeep\n|turn|20\n|\n|t:|1619965676\n|move|p2a: Meowstic|Psychic|p1a: Kingler\n|-damage|p1a: Kingler|190\/460 tox\n|move|p1a: Kingler|Max Knuckle|p2a: Meowstic\n|-resisted|p2a: Meowstic\n|-damage|p2a: Meowstic|0 fnt\n|-boost|p1a: Kingler|atk|1\n|faint|p2a: Meowstic\n|-damage|p1a: Kingler|167\/460 tox|[from] item: Life Orb\n|\n|-weather|RainDance|[upkeep]\n|-damage|p1a: Kingler|125\/460 tox|[from] psn\n|-end|p1a: Kingler|Dynamax\n|-heal|p1a: Kingler|63\/230 tox|[silent]\n|upkeep\n|\n|t:|1619965681\n|switch|p2a: Aromatisse|Aromatisse, L88, M|321\/321\n|-status|p2a: Aromatisse|psn\n|turn|21\n|\n|t:|1619965693\n|move|p1a: Kingler|Liquidation|p2a: Aromatisse\n|-damage|p2a: Aromatisse|89\/321 psn\n|move|p2a: Aromatisse|Wish|p2a: Aromatisse\n|\n|-weather|RainDance|[upkeep]\n|-heal|p2a: Aromatisse|109\/321 psn|[from] item: Leftovers\n|-damage|p1a: Kingler|7\/230 tox|[from] psn\n|-damage|p2a: Aromatisse|69\/321 psn|[from] psn\n|upkeep\n|turn|22\n|\n|t:|1619965701\n|move|p2a: Aromatisse|Protect|p2a: Aromatisse\n|-singleturn|p2a: Aromatisse|Protect\n|move|p1a: Kingler|Liquidation|p2a: Aromatisse\n|-activate|p2a: Aromatisse|move: Protect\n|\n|-weather|none\n|-heal|p2a: Aromatisse|229\/321 psn|[from] move: Wish|[wisher] Aromatisse\n|-heal|p2a: Aromatisse|249\/321 psn|[from] item: Leftovers\n|-damage|p1a: Kingler|0 fnt|[from] psn\n|faint|p1a: Kingler\n|-damage|p2a: Aromatisse|209\/321 psn|[from] psn\n|upkeep\n|\n|t:|1619965713\n|switch|p1a: Slowbro|Slowbro, L84, M|297\/297\n|-damage|p1a: Slowbro|260\/297|[from] Stealth Rock\n|-status|p1a: Slowbro|tox\n|turn|23\n|\n|t:|1619965722\n|move|p2a: Aromatisse|Wish|p2a: Aromatisse\n|move|p1a: Slowbro|Future Sight|p2a: Aromatisse\n|-start|p1a: Slowbro|move: Future Sight\n|\n|-heal|p2a: Aromatisse|229\/321 psn|[from] item: Leftovers\n|-heal|p1a: Slowbro|278\/297 tox|[from] item: Leftovers\n|-damage|p2a: Aromatisse|189\/321 psn|[from] psn\n|-damage|p1a: Slowbro|260\/297 tox|[from] psn\n|upkeep\n|turn|24\n|\n|t:|1619965728\n|move|p2a: Aromatisse|Moonblast|p1a: Slowbro\n|-damage|p1a: Slowbro|149\/297 tox\n|move|p1a: Slowbro|Scald|p2a: Aromatisse\n|-damage|p2a: Aromatisse|113\/321 psn\n|\n|-heal|p2a: Aromatisse|273\/321 psn|[from] move: Wish|[wisher] Aromatisse\n|-heal|p2a: Aromatisse|293\/321 psn|[from] item: Leftovers\n|-heal|p1a: Slowbro|167\/297 tox|[from] item: Leftovers\n|-damage|p2a: Aromatisse|253\/321 psn|[from] psn\n|-damage|p1a: Slowbro|131\/297 tox|[from] psn\n|upkeep\n|turn|25\n|\n|t:|1619965740\n|move|p2a: Aromatisse|Moonblast|p1a: Slowbro\n|-damage|p1a: Slowbro|17\/297 tox\n|-unboost|p1a: Slowbro|spa|1\n|move|p1a: Slowbro|Slack Off|p1a: Slowbro\n|-heal|p1a: Slowbro|166\/297 tox\n|\n|-end|p2a: Aromatisse|move: Future Sight\n|-damage|p2a: Aromatisse|171\/321 psn\n|-heal|p2a: Aromatisse|191\/321 psn|[from] item: Leftovers\n|-heal|p1a: Slowbro|184\/297 tox|[from] item: Leftovers\n|-damage|p2a: Aromatisse|151\/321 psn|[from] psn\n|-damage|p1a: Slowbro|130\/297 tox|[from] psn\n|upkeep\n|turn|26\n|c|\u2606Brifye|gg\n|-message|Brifye forfeited.\n|\n|win|BrnzDllr\n|raw|Brifye's rating: 1461 &rarr; <strong>1439<\/strong><br \/>(-22 for losing)\n|raw|BrnzDllr's rating: 1432 &rarr; <strong>1454<\/strong><br \/>(+22 for winning)\n|l|\u2606Brifye\n|l|\u2606BrnzDllr\n|j|\u2606BrnzDllr\n|player|p2|BrnzDllr|artist-gen4\n","inputlog":">version 99cb226a4bc7cc8a3ceab9029cb16c6844755e1d\n>start {\"formatid\":\"gen8randombattle\",\"seed\":[4365,61108,53637,17527],\"rated\":\"Rated battle\"}\n>player p1 {\"name\":\"Brifye\",\"avatar\":\"gentleman\",\"rating\":1461,\"seed\":[18182,55594,10096,28356]}\n>player p2 {\"name\":\"BrnzDllr\",\"avatar\":\"artist-gen4\",\"rating\":1432,\"seed\":[6872,57454,31457,65512]}\n>p1 move willowisp\n>p2 move swordsdance\n>p1 move sludgebomb\n>p2 move doubleedge\n>p1 move sludgebomb\n>p2 move doubleedge\n>p2 switch 2\n>p1 move willowisp\n>p2 move stealthrock\n>p1 move toxicspikes\n>p2 move roost\n>p1 move toxicspikes\n>p2 switch 6\n>p1 move fireblast\n>p2 move toxicspikes\n>p1 move fireblast\n>p2 move sleeppowder\n>p1 switch 3\n>p2 move toxicspikes\n>p1 move trickroom\n>p2 move sludgebomb\n>p1 switch 2\n>p1 move facade\n>p2 switch 6\n>p1 move knockoff\n>p2 move bravebird\n>p1 switch 6\n>p2 switch 6\n>p1 move bugbuzz\n>p2 move toxicspikes\n>p1 move bugbuzz\n>p2 move sludgebomb\n>p2 switch 5\n>p1 move thunderbolt\n>p2 move facade dynamax\n>p1 move thunderbolt\n>p2 move closecombat dynamax\n>p1 switch 3\n>p1 move toxicspikes\n>p2 move facade dynamax\n>p1 switch 4\n>p1 move liquidation dynamax\n>p2 move facade\n>p2 switch 3\n>p1 move liquidation dynamax\n>p2 move reflect\n>p1 move superpower dynamax\n>p2 move psychic\n>p2 switch 4\n>p1 move liquidation\n>p2 move wish\n>p1 move liquidation\n>p2 move protect\n>p1 switch 5\n>p1 move futuresight\n>p2 move wish\n>p1 move scald\n>p2 move moonblast\n>p1 move slackoff\n>p2 move moonblast\n>chat \u2606Brifye|gg\n>forcelose p1","uploadtime":1619965956,"views":21,"p1id":"brifye","p2id":"brnzdllr","formatid":"gen8randombattle","rating":1439,"private":0,"password":null}