{"id":"gen8mixandmega-1675028190","p1":"Clastia","p2":"Unviabriel","format":"gen8mixandmega","log":"|j|\u2606Clastia\n|j|\u2606Unviabriel\n|t:|1664636663\n|gametype|singles\n|player|p1|Clastia|n-masters|\n|player|p2|Unviabriel|shauntal|\n|teamsize|p1|6\n|teamsize|p2|6\n|gen|8\n|tier|[Gen 8] Mix and Mega\n|rule|Species Clause: Limit one of each Pok\u00e9mon\n|rule|OHKO Clause: OHKO moves are banned\n|rule|Evasion Moves Clause: Evasion moves are banned\n|rule|Endless Battle Clause: Forcing endless battles is banned\n|rule|Dynamax Clause: You cannot dynamax\n|rule|HP Percentage Mod: HP is shown in percentages\n|rule|Sleep Clause Mod: Limit one foe put to sleep\n|clearpoke\n|poke|p1|Noivern, F|\n|poke|p1|Rotom-Wash|\n|poke|p1|Skarmory, M|\n|poke|p1|Hippowdon, M|\n|poke|p1|Solgaleo|\n|poke|p1|Regieleki|\n|poke|p2|Nihilego|\n|poke|p2|Ho-Oh|\n|poke|p2|Blissey, F|\n|poke|p2|Zygarde|\n|poke|p2|Skarmory, M|\n|poke|p2|Slowbro, M|\n|teampreview\n|c|\u2606Unviabriel|glhf\n|c|\u2606Clastia|glhf\n|j| Faygos\n|j|+Greybaum\n|j| GreatsooCow\n|j| MagikarpIsAG\n|c| MagikarpIsAG|gl to both\n|j| PandaDoux\u2665\u2661\u32db\u2605\u2729\n|c| Faygos|nihilego is cool\n|j| armin@!\n|j|+felines\n|j|@isaiaH\n|c| MagikarpIsAG|nihilego is cool\n|c|\u2606Clastia|nihilego is cool\n|j|+iapT\n|j| willdbeast\n|j| I like forum posts\n|j| oal gowned\n|l| oal gowned\n|j| Beka \u2764\n|l| I like forum posts\n|\n|t:|1664636811\n|start\n|switch|p1a: Rotom|Rotom-Wash|100\/100\n|switch|p2a: Ho-Oh|Ho-Oh|100\/100\n|turn|1\n|l| Beka \u2764\n|j| xavgb\n|j| Beka \u2764\n|l|+iapT\n|l| armin\n|\n|t:|1664636891\n|detailschange|p1a: Rotom|Rotom-Wash\n|-mega|p1a: Rotom|Rotom|Manectite\n|-ability|p1a: Rotom|Intimidate|boost\n|-unboost|p2a: Ho-Oh|atk|1\n|-start|p1a: Rotom|Manectite|[silent]\n|move|p1a: Rotom|Volt Switch|p2a: Ho-Oh\n|-supereffective|p2a: Ho-Oh\n|-damage|p2a: Ho-Oh|64\/100\n|\n|t:|1664636896\n|-end|p1a: Rotom|Manectite|[silent]\n|switch|p1a: Noivern|Noivern, F|100\/100|[from]move: Volt Switch\n|-item|p2a: Ho-Oh|Heavy-Duty Boots|[from] ability: Frisk|[of] p1a: Noivern|[identify]\n|move|p2a: Ho-Oh|Whirlwind|p1a: Noivern\n|drag|p1a: Hippowdon|Hippowdon, M|100\/100\n|-weather|Sandstorm|[from] ability: Sand Stream|[of] p1a: Hippowdon\n|\n|-weather|Sandstorm|[upkeep]\n|-damage|p2a: Ho-Oh|58\/100|[from] Sandstorm\n|upkeep\n|turn|2\n|j| Redflix\n|\n|t:|1664636930\n|switch|p2a: Skarmory|Skarmory, M|100\/100\n|detailschange|p1a: Hippowdon|Hippowdon, M\n|-mega|p1a: Hippowdon|Hippowdon|Sablenite\n|-start|p1a: Hippowdon|Sablenite|[silent]\n|move|p1a: Hippowdon|Stealth Rock|p2a: Skarmory\n|-sidestart|p2: Unviabriel|move: Stealth Rock\n|\n|-weather|Sandstorm|[upkeep]\n|upkeep\n|turn|3\n|j| beauts\n|j| I like forum posts\n|l| I like forum posts\n|\n|t:|1664636983\n|-end|p1a: Hippowdon|Sablenite|[silent]\n|switch|p1a: Regieleki|Regieleki|100\/100\n|move|p2a: Skarmory|Body Press|p1a: Regieleki\n|-damage|p1a: Regieleki|50\/100\n|\n|-weather|Sandstorm|[upkeep]\n|-damage|p1a: Regieleki|44\/100|[from] Sandstorm\n|upkeep\n|turn|4\n|j|+iapT\n|j| z-Jars\n|\n|t:|1664637025\n|switch|p2a: Zygarde|Zygarde|100\/100\n|-damage|p2a: Zygarde|94\/100|[from] Stealth Rock\n|detailschange|p1a: Regieleki|Regieleki\n|-mega|p1a: Regieleki|Regieleki|Altarianite\n|-start|p1a: Regieleki|Altarianite|[silent]\n|-start|p1a: Regieleki|typechange|Electric\/Fairy|[silent]\n|move|p1a: Regieleki|Volt Switch|p2a: Zygarde\n|-immune|p2a: Zygarde\n|\n|-weather|Sandstorm|[upkeep]\n|-damage|p1a: Regieleki|38\/100|[from] Sandstorm\n|-heal|p2a: Zygarde|100\/100|[from] item: Leftovers\n|upkeep\n|turn|5\n|\n|t:|1664637049\n|-end|p1a: Regieleki|Altarianite|[silent]\n|switch|p1a: Hippowdon|Hippowdon, M|100\/100\n|-start|p1a: Hippowdon|Sablenite|[silent]\n|switch|p2a: Ho-Oh|Ho-Oh|91\/100\n|\n|-weather|none\n|upkeep\n|turn|6\n|j| I like forum posts\n|l| I like forum posts\n|j| kennukem\n|c| kennukem|Go Clastia!\n|c|\u2606Clastia|kenn play ur rev game first please LOL\n|\n|t:|1664637149\n|move|p2a: Ho-Oh|Defog|p1a: Hippowdon\n|move|p1a: Hippowdon|Defog|p2a: Ho-Oh|[from]ability: Magic Bounce\n|-unboost|p2a: Ho-Oh|evasion|1\n|-sideend|p2: Unviabriel|Stealth Rock|[from] move: Defog|[of] p1a: Hippowdon\n|move|p1a: Hippowdon|Whirlwind|p2a: Ho-Oh\n|drag|p2a: Nihilego|Nihilego|100\/100\n|\n|upkeep\n|turn|7\n|c| beauts|no kenn, distract clastia\n|c|\u2606Clastia|im paying attention dw\n|c|\u2606Clastia|didnt do that in testing and got rolled\n|\n|t:|1664637195\n|switch|p2a: Skarmory|Skarmory, M|100\/100\n|move|p1a: Hippowdon|Stealth Rock|p2a: Skarmory\n|-sidestart|p2: Unviabriel|move: Stealth Rock\n|\n|upkeep\n|turn|8\n|j| Sagisolar\n|l| Sagisolar\n|\n|t:|1664637218\n|-end|p1a: Hippowdon|Sablenite|[silent]\n|switch|p1a: Solgaleo|Solgaleo, shiny|100\/100\n|detailschange|p2a: Skarmory|Skarmory, M\n|-mega|p2a: Skarmory|Skarmory|Ampharosite\n|-ability|p2a: Skarmory|Mold Breaker\n|-start|p2a: Skarmory|Ampharosite|[silent]\n|-start|p2a: Skarmory|typechange|Steel\/Dragon|[silent]\n|move|p2a: Skarmory|Toxic|p1a: Solgaleo\n|-immune|p1a: Solgaleo\n|\n|upkeep\n|turn|9\n|\n|t:|1664637255\n|-end|p2a: Skarmory|Ampharosite|[silent]\n|switch|p2a: Zygarde|Zygarde|100\/100\n|-damage|p2a: Zygarde|94\/100|[from] Stealth Rock\n|move|p1a: Solgaleo|Calm Mind|p1a: Solgaleo\n|-boost|p1a: Solgaleo|spa|1\n|-boost|p1a: Solgaleo|spd|1\n|\n|-heal|p2a: Zygarde|100\/100|[from] item: Leftovers\n|upkeep\n|turn|10\n|\n|t:|1664637286\n|detailschange|p1a: Solgaleo|Solgaleo, shiny\n|-mega|p1a: Solgaleo|Solgaleo|Cameruptite\n|-start|p1a: Solgaleo|Cameruptite|[silent]\n|move|p1a: Solgaleo|Flash Cannon|p2a: Zygarde\n|-damage|p2a: Zygarde|12\/100\n|move|p2a: Zygarde|Dragon Tail|p1a: Solgaleo\n|-resisted|p1a: Solgaleo\n|-damage|p1a: Solgaleo|94\/100\n|-end|p1a: Solgaleo|Cameruptite|[silent]\n|drag|p1a: Noivern|Noivern, F|100\/100\n|-item|p2a: Zygarde|Leftovers|[from] ability: Frisk|[of] p1a: Noivern|[identify]\n|\n|-heal|p2a: Zygarde|19\/100|[from] item: Leftovers\n|-activate|p2a: Zygarde|ability: Power Construct\n|detailschange|p2a: Zygarde|Zygarde-Complete\n|-heal|p2a: Zygarde|47\/100|[silent]\n|upkeep\n|turn|11\n|l| xavgb\n|\n|t:|1664637327\n|switch|p2a: Ho-Oh|Ho-Oh|100\/100\n|detailschange|p1a: Noivern|Noivern, F\n|-mega|p1a: Noivern|Noivern|Salamencite\n|-start|p1a: Noivern|Salamencite|[silent]\n|move|p1a: Noivern|Taunt|p2a: Ho-Oh\n|-start|p2a: Ho-Oh|move: Taunt\n|\n|upkeep\n|turn|12\n|j| I like forum posts\n|l| I like forum posts\n|j| I like forum posts\n|\n|t:|1664637381\n|move|p1a: Noivern|Super Fang|p2a: Ho-Oh\n|-damage|p2a: Ho-Oh|51\/100\n|move|p2a: Ho-Oh|Sacred Fire|p1a: Noivern\n|-resisted|p1a: Noivern\n|-damage|p1a: Noivern|85\/100\n|-status|p1a: Noivern|brn\n|\n|-damage|p1a: Noivern|79\/100 brn|[from] brn\n|upkeep\n|turn|13\n|j| streshs son\n|l|+iapT\n|l| I like forum posts\n|j|+iapT\n|n| streshs son|streshsson\n|j| I like forum posts\n|j| Photon Maidens\n|c| kennukem|Clastia I did play my Rev game tho :(\n|c| streshs son|i heart forum posts\n|c| kennukem|I just haven't left lmao\n|c|\u2606Clastia|oh nice\n|c|\u2606Clastia|did u win\n|c| z-Jars|got swept\n|j| Siamato\n|c| z-Jars|unfort\n|l| Photon Maidens\n|c| kennukem|Lmao\n|c| kennukem|I won\n|c|\u2606Clastia|nice\n|l|+iapT\n|c| kennukem|It was dicey there for a sec tho\n|c|\u2606Clastia|send me the replay, ill watch it after this game\n|l| streshs son\n|j| Itchy \u2664 ~~\n|c| z-Jars|clastia focus ;_;\n|c|\u2606Clastia|i am dw\n|l| I like forum posts\n|c|\u2606Clastia|ur gonna get me banned for unintentional ghosting LOLL\n|\n|t:|1664637530\n|move|p1a: Noivern|Super Fang|p2a: Ho-Oh\n|-damage|p2a: Ho-Oh|26\/100\n|move|p2a: Ho-Oh|Sacred Fire|p1a: Noivern\n|-resisted|p1a: Noivern\n|-damage|p1a: Noivern|63\/100 brn\n|\n|-damage|p1a: Noivern|57\/100 brn|[from] brn\n|-end|p2a: Ho-Oh|move: Taunt\n|upkeep\n|turn|14\n|c| z-Jars|oh\n|c| z-Jars|my  b\n|j|+iapT\n|\n|t:|1664637549\n|switch|p2a: Nihilego|Nihilego|100\/100\n|-damage|p2a: Nihilego|88\/100|[from] Stealth Rock\n|move|p1a: Noivern|Boomburst|p2a: Nihilego\n|-resisted|p2a: Nihilego\n|-crit|p2a: Nihilego\n|-damage|p2a: Nihilego|62\/100\n|\n|-damage|p1a: Noivern|51\/100 brn|[from] brn\n|upkeep\n|turn|15\n|c|\u2606Clastia|nah i was joking lol just be aware of it\n|j| I like forum posts\n|\n|t:|1664637570\n|-end|p1a: Noivern|Salamencite|[silent]\n|switch|p1a: Rotom|Rotom-Wash|100\/100\n|-start|p1a: Rotom|Manectite|[silent]\n|-ability|p1a: Rotom|Intimidate|boost\n|-unboost|p2a: Nihilego|atk|1\n|switch|p2a: Ho-Oh|Ho-Oh|59\/100\n|\n|upkeep\n|turn|16\n|l| I like forum posts\n|j| Tea Guzzler\n|j| I like forum posts\n|j| GSAAA ime\n|j| armin@!\n|\n|t:|1664637664\n|switch|p2a: Zygarde|Zygarde-Complete|47\/100\n|-damage|p2a: Zygarde|41\/100|[from] Stealth Rock\n|move|p1a: Rotom|Hydro Pump|p2a: Zygarde\n|-damage|p2a: Zygarde|11\/100\n|\n|-heal|p2a: Zygarde|17\/100|[from] item: Leftovers\n|upkeep\n|turn|17\n|l| I like forum posts\n|\n|t:|1664637684\n|switch|p2a: Skarmory|Skarmory, M|100\/100\n|-start|p2a: Skarmory|Ampharosite|[silent]\n|-start|p2a: Skarmory|typechange|Steel\/Dragon|[silent]\n|-damage|p2a: Skarmory|95\/100|[from] Stealth Rock\n|-ability|p2a: Skarmory|Mold Breaker\n|move|p1a: Rotom|Hydro Pump|p2a: Skarmory|[miss]\n|-miss|p1a: Rotom|p2a: Skarmory\n|\n|upkeep\n|turn|18\n|l| GSAAA ime\n|\n|t:|1664637710\n|move|p1a: Rotom|Volt Switch|p2a: Skarmory\n|-resisted|p2a: Skarmory\n|-damage|p2a: Skarmory|79\/100\n|\n|t:|1664637715\n|-end|p1a: Rotom|Manectite|[silent]\n|switch|p1a: Solgaleo|Solgaleo, shiny|94\/100|[from]move: Volt Switch\n|-start|p1a: Solgaleo|Cameruptite|[silent]\n|move|p2a: Skarmory|Spikes|p1a: Solgaleo\n|-sidestart|p1: Clastia|Spikes\n|\n|upkeep\n|turn|19\n|j| I like forum posts\n|l| I like forum posts\n|\n|t:|1664637740\n|-end|p2a: Skarmory|Ampharosite|[silent]\n|switch|p2a: Ho-Oh|Ho-Oh|92\/100\n|move|p1a: Solgaleo|Calm Mind|p1a: Solgaleo\n|-boost|p1a: Solgaleo|spa|1\n|-boost|p1a: Solgaleo|spd|1\n|\n|upkeep\n|turn|20\n|\n|t:|1664637751\n|move|p1a: Solgaleo|Thunderbolt|p2a: Ho-Oh\n|-supereffective|p2a: Ho-Oh\n|-damage|p2a: Ho-Oh|14\/100\n|move|p2a: Ho-Oh|Whirlwind|p1a: Solgaleo\n|-end|p1a: Solgaleo|Cameruptite|[silent]\n|drag|p1a: Regieleki|Regieleki|38\/100\n|-start|p1a: Regieleki|Altarianite|[silent]\n|-start|p1a: Regieleki|typechange|Electric\/Fairy|[silent]\n|-damage|p1a: Regieleki|25\/100|[from] Spikes\n|\n|upkeep\n|turn|21\n|l|+felines\n|l| PandaDoux\u2665\u2661\u32db\u2605\u2729\n|\n|t:|1664637803\n|switch|p2a: Skarmory|Skarmory, M|79\/100\n|-start|p2a: Skarmory|Ampharosite|[silent]\n|-start|p2a: Skarmory|typechange|Steel\/Dragon|[silent]\n|-damage|p2a: Skarmory|73\/100|[from] Stealth Rock\n|-ability|p2a: Skarmory|Mold Breaker\n|move|p1a: Regieleki|Rapid Spin|p2a: Skarmory\n|-damage|p2a: Skarmory|53\/100\n|-boost|p1a: Regieleki|spe|1\n|-sideend|p1: Clastia|Spikes|[from] move: Rapid Spin|[of] p1a: Regieleki\n|\n|upkeep\n|turn|22\n|\n|t:|1664637852\n|-end|p2a: Skarmory|Ampharosite|[silent]\n|switch|p2a: Ho-Oh|Ho-Oh|47\/100\n|move|p1a: Regieleki|Volt Switch|p2a: Ho-Oh\n|-supereffective|p2a: Ho-Oh\n|-damage|p2a: Ho-Oh|11\/100\n|\n|t:|1664637857\n|-end|p1a: Regieleki|Altarianite|[silent]\n|switch|p1a: Solgaleo|Solgaleo, shiny|94\/100|[from]move: Volt Switch\n|-start|p1a: Solgaleo|Cameruptite|[silent]\n|\n|upkeep\n|turn|23\n|j| I like forum posts\n|l| I like forum posts\n|j| PandaDoux\u2665\u2661\u32db\u2605\u2729\n|l| armin\n|j| armin@!\n|\n|t:|1664637925\n|move|p1a: Solgaleo|Flash Cannon|p2a: Ho-Oh\n|-resisted|p2a: Ho-Oh\n|-damage|p2a: Ho-Oh|0 fnt\n|faint|p2a: Ho-Oh\n|\n|upkeep\n|c|\u2606Clastia|thats game?\n|c| beauts|girl\n|c| beauts|shut up\n|c|\u2606Clastia|dont want to call it early lol\n|j| BoingK\n|j| xavgb\n|c| beauts|then dont say anything\n|c|\u2606Clastia|sry lol\n|c|\u2606Unviabriel|yes\n|j| I like forum posts\n|c|\u2606Clastia|its rather that only zyg can touch this\n|-message|Unviabriel forfeited.\n|\n|win|Clastia\n|c|\u2606Clastia|ggwp\n|l|\u2606Unviabriel\n|l|@isaiaH\n","uploadtime":1664637969,"views":101,"p1id":"clastia","p2id":"unviabriel","formatid":"gen8mixandmega","rating":0,"private":0,"password":null}