{"id":"gen8ou-1234172910","p1":"Vodyne","p2":"SenatoroTogekiss","format":"gen8ou","log":"|j|\u203dVodyne\n|j|\u2606SenatoroTogekiss\n|inactive|Battle timer is ON: inactive players will automatically lose when time's up.\n|t:|1606729946\n|player|p1|Vodyne|dawn|\n|player|p2|SenatoroTogekiss|gentleman-gen4|\n|teamsize|p1|6\n|teamsize|p2|6\n|gametype|singles\n|gen|8\n|tier|[Gen 8] OU\n|rated|Tournament battle\n|clearpoke\n|poke|p1|Snorlax, F|\n|poke|p1|Urshifu-*, M|\n|poke|p1|Victini|\n|poke|p1|Runerigus, M|\n|poke|p1|Zapdos|\n|poke|p1|Suicune|\n|poke|p2|Shedinja|\n|poke|p2|Chansey, F|\n|poke|p2|Rillaboom, F|\n|poke|p2|Pheromosa|\n|poke|p2|Bisharp, F|\n|poke|p2|Zapdos|\n|rule|Sleep Clause Mod: Limit one foe put to sleep\n|rule|Species Clause: Limit one of each Pok\u00e9mon\n|rule|OHKO Clause: OHKO moves are banned\n|rule|Evasion Moves Clause: Evasion moves are banned\n|rule|Endless Battle Clause: Forcing endless battles is banned\n|rule|HP Percentage Mod: HP is shown in percentages\n|rule|Dynamax Clause: You cannot dynamax\n|teampreview\n|j| Mynism 4000\n|inactive|SenatoroTogekiss has 120 seconds left.\n|l| Mynism 4000\n|inactive|SenatoroTogekiss has 90 seconds left.\n|inactive|SenatoroTogekiss has 60 seconds left.\n|inactive|SenatoroTogekiss has 30 seconds left.\n|\n|t:|1606730068\n|start\n|switch|p1a: Zapdos|Zapdos|100\/100\n|switch|p2a: Chansey|Chansey, F|100\/100\n|turn|1\n|\n|t:|1606730076\n|switch|p1a: Victini|Victini|100\/100\n|move|p2a: Chansey|Stealth Rock|p1a: Victini\n|-sidestart|p1: Vodyne|move: Stealth Rock\n|\n|upkeep\n|turn|2\n|inactive|SenatoroTogekiss has 90 seconds left.\n|\n|t:|1606730098\n|move|p1a: Victini|V-create|p2a: Chansey\n|-damage|p2a: Chansey|53\/100\n|-unboost|p1a: Victini|spe|1\n|-unboost|p1a: Victini|def|1\n|-unboost|p1a: Victini|spd|1\n|move|p2a: Chansey|Soft-Boiled|p2a: Chansey\n|-heal|p2a: Chansey|100\/100\n|\n|upkeep\n|turn|3\n|c|\u2606SenatoroTogekiss|wow\n|c|\u2606SenatoroTogekiss|that is weak\n|\n|t:|1606730107\n|move|p1a: Victini|Future Sight|p2a: Chansey\n|-start|p1a: Victini|move: Future Sight\n|move|p2a: Chansey|Toxic|p1a: Victini\n|-status|p1a: Victini|tox\n|\n|-damage|p1a: Victini|94\/100 tox|[from] psn\n|upkeep\n|turn|4\n|c|\u2606SenatoroTogekiss|weak mon\n|c|\u2606SenatoroTogekiss|tbh\n|\n|t:|1606730115\n|switch|p1a: Urshifu|Urshifu, M|100\/100\n|-damage|p1a: Urshifu|94\/100|[from] Stealth Rock\n|move|p2a: Chansey|Seismic Toss|p1a: Urshifu\n|-damage|p1a: Urshifu|65\/100\n|\n|-heal|p1a: Urshifu|71\/100|[from] item: Leftovers\n|upkeep\n|turn|5\n|inactive|SenatoroTogekiss has 90 seconds left.\n|\n|t:|1606730136\n|switch|p2a: Shedinja|Shedinja|100\/100\n|move|p1a: Urshifu|Substitute|p1a: Urshifu\n|-start|p1a: Urshifu|Substitute\n|-damage|p1a: Urshifu|46\/100\n|\n|-end|p2a: Shedinja|move: Future Sight\n|-immune|p2a: Shedinja|[from] ability: Wonder Guard\n|-heal|p1a: Urshifu|53\/100|[from] item: Leftovers\n|upkeep\n|turn|6\n|inactive|SenatoroTogekiss has 90 seconds left.\n|\n|t:|1606730172\n|move|p1a: Urshifu|Bulk Up|p1a: Urshifu\n|-boost|p1a: Urshifu|atk|1\n|-boost|p1a: Urshifu|def|1\n|move|p2a: Shedinja|Poltergeist|p1a: Urshifu\n|-activate|p1a: Urshifu|move: Poltergeist|Leftovers\n|-resisted|p1a: Urshifu\n|-activate|p1a: Urshifu|move: Substitute|[damage]\n|\n|-heal|p1a: Urshifu|59\/100|[from] item: Leftovers\n|upkeep\n|turn|7\n|\n|t:|1606730186\n|switch|p2a: Zapdos|Zapdos|100\/100\n|-ability|p2a: Zapdos|Pressure\n|move|p1a: Urshifu|Bulk Up|p1a: Urshifu\n|-boost|p1a: Urshifu|atk|1\n|-boost|p1a: Urshifu|def|1\n|\n|-heal|p1a: Urshifu|65\/100|[from] item: Leftovers\n|upkeep\n|turn|8\n|\n|t:|1606730194\n|move|p2a: Zapdos|Thunderbolt|p1a: Urshifu\n|-end|p1a: Urshifu|Substitute\n|move|p1a: Urshifu|Wicked Blow|p2a: Zapdos\n|-crit|p2a: Zapdos\n|-damage|p2a: Zapdos|0 fnt\n|faint|p2a: Zapdos\n|\n|-heal|p1a: Urshifu|71\/100|[from] item: Leftovers\n|upkeep\n|\n|t:|1606730196\n|switch|p2a: Pheromosa|Pheromosa|100\/100\n|turn|9\n|\n|t:|1606730203\n|move|p2a: Pheromosa|Focus Blast|p1a: Urshifu|[miss]\n|-miss|p2a: Pheromosa|p1a: Urshifu\n|move|p1a: Urshifu|Wicked Blow|p2a: Pheromosa\n|-resisted|p2a: Pheromosa\n|-crit|p2a: Pheromosa\n|-damage|p2a: Pheromosa|0 fnt\n|faint|p2a: Pheromosa\n|\n|-heal|p1a: Urshifu|77\/100|[from] item: Leftovers\n|upkeep\n|inactive|SenatoroTogekiss has 90 seconds left.\n|inactive|SenatoroTogekiss has 60 seconds left.\n|\n|t:|1606730250\n|switch|p2a: Bisharp|Bisharp, F|100\/100\n|turn|10\n|\n|t:|1606730258\n|move|p1a: Urshifu|Wicked Blow|p2a: Bisharp\n|-resisted|p2a: Bisharp\n|-crit|p2a: Bisharp\n|-damage|p2a: Bisharp|24\/100\n|move|p2a: Bisharp|Iron Head|p1a: Urshifu\n|-damage|p1a: Urshifu|56\/100\n|\n|-heal|p1a: Urshifu|62\/100|[from] item: Leftovers\n|upkeep\n|turn|11\n|inactive|SenatoroTogekiss has 60 seconds left.\n|\n|t:|1606730268\n|switch|p2a: Shedinja|Shedinja|100\/100\n|move|p1a: Urshifu|Substitute|p1a: Urshifu\n|-start|p1a: Urshifu|Substitute\n|-damage|p1a: Urshifu|37\/100\n|\n|-heal|p1a: Urshifu|43\/100|[from] item: Leftovers\n|upkeep\n|turn|12\n|\n|t:|1606730271\n|move|p1a: Urshifu|Bulk Up|p1a: Urshifu\n|-boost|p1a: Urshifu|atk|1\n|-boost|p1a: Urshifu|def|1\n|move|p2a: Shedinja|Poltergeist|p1a: Urshifu\n|-activate|p1a: Urshifu|move: Poltergeist|Leftovers\n|-resisted|p1a: Urshifu\n|-crit|p1a: Urshifu\n|-end|p1a: Urshifu|Substitute\n|\n|-heal|p1a: Urshifu|50\/100|[from] item: Leftovers\n|upkeep\n|turn|13\n|\n|t:|1606730281\n|switch|p2a: Chansey|Chansey, F|100\/100\n|move|p1a: Urshifu|Substitute|p1a: Urshifu\n|-start|p1a: Urshifu|Substitute\n|-damage|p1a: Urshifu|25\/100\n|\n|-heal|p1a: Urshifu|31\/100|[from] item: Leftovers\n|upkeep\n|turn|14\n|\n|t:|1606730284\n|move|p1a: Urshifu|Wicked Blow|p2a: Chansey\n|-crit|p2a: Chansey\n|-damage|p2a: Chansey|0 fnt\n|faint|p2a: Chansey\n|\n|-heal|p1a: Urshifu|37\/100|[from] item: Leftovers\n|upkeep\n|\n|t:|1606730285\n|switch|p2a: Rillaboom|Rillaboom, F|100\/100\n|-fieldstart|move: Grassy Terrain|[from] ability: Grassy Surge|[of] p2a: Rillaboom\n|turn|15\n|\n|t:|1606730288\n|move|p2a: Rillaboom|Grassy Glide|p1a: Urshifu\n|-end|p1a: Urshifu|Substitute\n|move|p1a: Urshifu|Wicked Blow|p2a: Rillaboom\n|-crit|p2a: Rillaboom\n|-damage|p2a: Rillaboom|0 fnt\n|faint|p2a: Rillaboom\n|\n|-heal|p1a: Urshifu|43\/100|[from] item: Leftovers\n|-heal|p1a: Urshifu|49\/100|[from] Grassy Terrain\n|upkeep\n|\n|t:|1606730296\n|switch|p2a: Bisharp|Bisharp, F|24\/100\n|turn|16\n|\n|t:|1606730307\n|move|p1a: Urshifu|Wicked Blow|p2a: Bisharp\n|-resisted|p2a: Bisharp\n|-crit|p2a: Bisharp\n|-damage|p2a: Bisharp|0 fnt\n|faint|p2a: Bisharp\n|\n|-heal|p1a: Urshifu|55\/100|[from] item: Leftovers\n|-heal|p1a: Urshifu|62\/100|[from] Grassy Terrain\n|upkeep\n|\n|t:|1606730308\n|switch|p2a: Shedinja|Shedinja|100\/100\n|turn|17\n|\n|t:|1606730312\n|move|p1a: Urshifu|Wicked Blow|p2a: Shedinja\n|-supereffective|p2a: Shedinja\n|-crit|p2a: Shedinja\n|-damage|p2a: Shedinja|0 fnt\n|faint|p2a: Shedinja\n|\n|win|Vodyne\n|l|\u203dVodyne\n","uploadtime":1606730904,"views":16,"p1id":"vodyne","p2id":"senatorotogekiss","formatid":"gen8ou","rating":0,"private":0,"password":null}