{"id":"gen8ou-1210986601","p1":"FloatngShoppingLst","p2":"Del chef","format":"gen8ou","log":"|j|\u2606FloatngShoppingLst\n|j|\u2606Del chef\n|t:|1603835716\n|player|p1|FloatngShoppingLst|tate|1727\n|player|p2|Del chef|rancher|1684\n|teamsize|p1|6\n|teamsize|p2|6\n|gametype|singles\n|gen|8\n|tier|[Gen 8] OU\n|rated|\n|clearpoke\n|poke|p1|Zygarde|\n|poke|p1|Heatran, M|\n|poke|p1|Tornadus-Therian, M|\n|poke|p1|Kyurem-Black|\n|poke|p1|Toxapex, M|\n|poke|p1|Zapdos|\n|poke|p2|Genesect|\n|poke|p2|Tapu Fini|\n|poke|p2|Landorus, M|\n|poke|p2|Aegislash, M|\n|poke|p2|Toxapex, M|\n|poke|p2|Blissey, F|\n|rule|Sleep Clause Mod: Limit one foe put to sleep\n|rule|Species Clause: Limit one of each Pok\u00e9mon\n|rule|OHKO Clause: OHKO moves are banned\n|rule|Evasion Moves Clause: Evasion moves are banned\n|rule|Endless Battle Clause: Forcing endless battles is banned\n|rule|HP Percentage Mod: HP is shown in percentages\n|rule|Dynamax Clause: You cannot dynamax\n|teampreview\n|inactive|Battle timer is ON: inactive players will automatically lose when time's up. (requested by Del chef)\n|\n|t:|1603835748\n|start\n|switch|p1a: Heatran|Heatran, M|100\/100\n|switch|p2a: Genesect|Genesect, shiny|100\/100\n|-ability|p2a: Genesect|Download|boost\n|-boost|p2a: Genesect|atk|1\n|turn|1\n|\n|t:|1603835759\n|move|p2a: Genesect|U-turn|p1a: Heatran\n|-resisted|p1a: Heatran\n|-damage|p1a: Heatran|85\/100\n|\n|t:|1603835763\n|switch|p2a: Blissey|Blissey, F|100\/100|[from]move: U-turn\n|move|p1a: Heatran|Stealth Rock|p2a: Blissey\n|-sidestart|p2: Del chef|move: Stealth Rock\n|\n|-heal|p1a: Heatran|92\/100|[from] item: Leftovers\n|upkeep\n|turn|2\n|\n|t:|1603835776\n|move|p1a: Heatran|Taunt|p2a: Blissey\n|-start|p2a: Blissey|move: Taunt\n|cant|p2a: Blissey|move: Taunt|Stealth Rock\n|\n|-heal|p1a: Heatran|98\/100|[from] item: Leftovers\n|upkeep\n|turn|3\n|j| funlife234\n|\n|t:|1603835790\n|switch|p1a: Kyurem|Kyurem-Black|100\/100\n|-ability|p1a: Kyurem|Teravolt\n|switch|p2a: Tapu Fini|Tapu Fini|100\/100\n|-damage|p2a: Tapu Fini|88\/100|[from] Stealth Rock\n|-fieldstart|move: Misty Terrain|[from] ability: Misty Surge|[of] p2a: Tapu Fini\n|\n|-heal|p2a: Tapu Fini|94\/100|[from] item: Leftovers\n|upkeep\n|turn|4\n|\n|t:|1603835801\n|move|p1a: Kyurem|Fusion Bolt|p2a: Tapu Fini\n|-supereffective|p2a: Tapu Fini\n|-damage|p2a: Tapu Fini|6\/100\n|-damage|p1a: Kyurem|91\/100|[from] item: Life Orb\n|move|p2a: Tapu Fini|Draining Kiss|p1a: Kyurem\n|-supereffective|p1a: Kyurem\n|-damage|p1a: Kyurem|54\/100\n|-heal|p2a: Tapu Fini|38\/100|[from] drain|[of] p1a: Kyurem\n|\n|-heal|p2a: Tapu Fini|44\/100|[from] item: Leftovers\n|upkeep\n|turn|5\n|\n|t:|1603835812\n|switch|p2a: Landorus|Landorus, M|100\/100\n|-damage|p2a: Landorus|88\/100|[from] Stealth Rock\n|move|p1a: Kyurem|Roost|p1a: Kyurem\n|-heal|p1a: Kyurem|100\/100\n|-singleturn|p1a: Kyurem|move: Roost\n|\n|upkeep\n|turn|6\n|\n|t:|1603835819\n|switch|p1a: Tornadus|Tornadus-Therian, M|100\/100\n|move|p2a: Landorus|Rock Slide|p1a: Tornadus\n|-supereffective|p1a: Tornadus\n|-damage|p1a: Tornadus|0 fnt\n|faint|p1a: Tornadus\n|\n|upkeep\n|\n|t:|1603835827\n|switch|p1a: Zygarde|Zygarde|100\/100\n|-ability|p1a: Zygarde|Aura Break\n|turn|7\n|\n|t:|1603835834\n|move|p2a: Landorus|Earth Power|p1a: Zygarde\n|-damage|p1a: Zygarde|49\/100\n|move|p1a: Zygarde|Glare|p2a: Landorus\n|-status|p2a: Landorus|par\n|\n|-heal|p1a: Zygarde|55\/100|[from] item: Leftovers\n|-fieldend|Misty Terrain\n|upkeep\n|turn|8\n|\n|t:|1603835847\n|move|p1a: Zygarde|Thousand Arrows|p2a: Landorus\n|-damage|p2a: Landorus|51\/100 par\n|-start|p2a: Landorus|Smack Down\n|cant|p2a: Landorus|par\n|\n|-heal|p1a: Zygarde|61\/100|[from] item: Leftovers\n|upkeep\n|turn|9\n|\n|t:|1603835853\n|move|p1a: Zygarde|Thousand Arrows|p2a: Landorus\n|-damage|p2a: Landorus|9\/100 par\n|cant|p2a: Landorus|par\n|\n|-heal|p1a: Zygarde|67\/100|[from] item: Leftovers\n|upkeep\n|turn|10\n|\n|t:|1603835858\n|move|p1a: Zygarde|Thousand Arrows|p2a: Landorus\n|-crit|p2a: Landorus\n|-damage|p2a: Landorus|0 fnt\n|faint|p2a: Landorus\n|\n|-heal|p1a: Zygarde|73\/100|[from] item: Leftovers\n|upkeep\n|\n|t:|1603835862\n|switch|p2a: Blissey|Blissey, F|100\/100\n|turn|11\n|\n|t:|1603835886\n|move|p1a: Zygarde|Substitute|p1a: Zygarde\n|-start|p1a: Zygarde|Substitute\n|-damage|p1a: Zygarde|48\/100\n|move|p2a: Blissey|Seismic Toss|p1a: Zygarde\n|-activate|p1a: Zygarde|move: Substitute|[damage]\n|\n|-heal|p1a: Zygarde|55\/100|[from] item: Leftovers\n|upkeep\n|turn|12\n|\n|t:|1603835892\n|move|p1a: Zygarde|Glare|p2a: Blissey\n|-status|p2a: Blissey|par\n|move|p2a: Blissey|Seismic Toss|p1a: Zygarde\n|-end|p1a: Zygarde|Substitute\n|\n|-heal|p1a: Zygarde|61\/100|[from] item: Leftovers\n|upkeep\n|turn|13\n|\n|t:|1603835899\n|switch|p2a: Tapu Fini|Tapu Fini|44\/100\n|-damage|p2a: Tapu Fini|31\/100|[from] Stealth Rock\n|-fieldstart|move: Misty Terrain|[from] ability: Misty Surge|[of] p2a: Tapu Fini\n|move|p1a: Zygarde|Coil|p1a: Zygarde\n|-boost|p1a: Zygarde|atk|1\n|-boost|p1a: Zygarde|def|1\n|-boost|p1a: Zygarde|accuracy|1\n|\n|-heal|p1a: Zygarde|67\/100|[from] item: Leftovers\n|-heal|p2a: Tapu Fini|37\/100|[from] item: Leftovers\n|upkeep\n|turn|14\n|\n|t:|1603835903\n|move|p1a: Zygarde|Thousand Arrows|p2a: Tapu Fini\n|-damage|p2a: Tapu Fini|0 fnt\n|faint|p2a: Tapu Fini\n|\n|-heal|p1a: Zygarde|73\/100|[from] item: Leftovers\n|upkeep\n|\n|t:|1603835913\n|switch|p2a: Toxapex|Toxapex, M|100\/100\n|-damage|p2a: Toxapex|88\/100|[from] Stealth Rock\n|turn|15\n|\n|t:|1603835918\n|move|p1a: Zygarde|Substitute|p1a: Zygarde\n|-start|p1a: Zygarde|Substitute\n|-damage|p1a: Zygarde|48\/100\n|move|p2a: Toxapex|Knock Off|p1a: Zygarde\n|-activate|p1a: Zygarde|move: Substitute|[damage]\n|\n|-heal|p1a: Zygarde|54\/100|[from] item: Leftovers\n|upkeep\n|turn|16\n|-message|Del chef forfeited.\n|\n|win|FloatngShoppingLst\n|l|\u2606Del chef\n","uploadtime":1603835927,"views":61,"p1id":"floatngshoppinglst","p2id":"delchef","formatid":"gen8ou","rating":0,"private":0,"password":null}