{"id":"gen8ou-1292209757","p1":"Brifye","p2":"MrMonk123","format":"gen8ou","log":"|j|\u2606Brifye\n|j|\u2606MrMonk123\n|t:|1614613628\n|player|p1|Brifye|blackbelt-gen4dp|1560\n|player|p2|MrMonk123|lucas|1635\n|teamsize|p1|6\n|teamsize|p2|6\n|gametype|singles\n|gen|8\n|tier|[Gen 8] OU\n|rated|\n|clearpoke\n|poke|p1|Kyurem|\n|poke|p1|Azumarill, M|\n|poke|p1|Moltres|\n|poke|p1|Landorus-Therian, M|\n|poke|p1|Excadrill, F|\n|poke|p1|Ferrothorn, F|\n|poke|p2|Dracozolt|\n|poke|p2|Excadrill, F|\n|poke|p2|Corviknight, F|\n|poke|p2|Tyranitar, F|\n|poke|p2|Clefable, M|\n|poke|p2|Weavile, F|\n|rule|Sleep Clause Mod: Limit one foe put to sleep\n|rule|Species Clause: Limit one of each Pok\u00e9mon\n|rule|OHKO Clause: OHKO moves are banned\n|rule|Evasion Moves Clause: Evasion moves are banned\n|rule|Endless Battle Clause: Forcing endless battles is banned\n|rule|HP Percentage Mod: HP is shown in percentages\n|rule|Dynamax Clause: You cannot dynamax\n|teampreview\n|inactive|Battle timer is ON: inactive players will automatically lose when time's up. (requested by MrMonk123)\n|\n|t:|1614613654\n|start\n|switch|p1a: Azumarill|Azumarill, M|100\/100\n|switch|p2a: Tyranitar|Tyranitar, F|100\/100\n|-weather|Sandstorm|[from] ability: Sand Stream|[of] p2a: Tyranitar\n|turn|1\n|\n|t:|1614613664\n|switch|p2a: Dracozolt|Dracozolt, shiny|100\/100\n|move|p1a: Azumarill|Belly Drum|p1a: Azumarill\n|-damage|p1a: Azumarill|50\/100\n|-setboost|p1a: Azumarill|atk|6|[from] move: Belly Drum\n|-enditem|p1a: Azumarill|Sitrus Berry|[eat]\n|-heal|p1a: Azumarill|75\/100|[from] item: Sitrus Berry\n|\n|-weather|Sandstorm|[upkeep]\n|-damage|p1a: Azumarill|69\/100|[from] Sandstorm\n|upkeep\n|turn|2\n|\n|t:|1614613674\n|move|p1a: Azumarill|Aqua Jet|p2a: Dracozolt\n|-resisted|p2a: Dracozolt\n|-damage|p2a: Dracozolt|35\/100\n|move|p2a: Dracozolt|Bolt Beak|p1a: Azumarill\n|-supereffective|p1a: Azumarill\n|-damage|p1a: Azumarill|0 fnt\n|-damage|p2a: Dracozolt|25\/100|[from] item: Life Orb\n|faint|p1a: Azumarill\n|\n|-weather|Sandstorm|[upkeep]\n|upkeep\n|\n|t:|1614613686\n|switch|p1a: Kyurem|Kyurem|100\/100\n|-ability|p1a: Kyurem|Pressure\n|turn|3\n|\n|t:|1614613691\n|switch|p1a: Ferrothorn|Ferrothorn, F|100\/100\n|move|p2a: Dracozolt|Draco Meteor|p1a: Ferrothorn\n|-resisted|p1a: Ferrothorn\n|-damage|p1a: Ferrothorn|82\/100\n|-unboost|p2a: Dracozolt|spa|2\n|-damage|p2a: Dracozolt|15\/100|[from] item: Life Orb\n|\n|-weather|Sandstorm|[upkeep]\n|upkeep\n|turn|4\n|\n|t:|1614613704\n|switch|p2a: Clefable|Clefable, M|100\/100\n|move|p1a: Ferrothorn|Leech Seed|p2a: Clefable\n|-start|p2a: Clefable|move: Leech Seed\n|\n|-weather|Sandstorm|[upkeep]\n|upkeep\n|turn|5\n|\n|t:|1614613710\n|move|p2a: Clefable|Wish|p2a: Clefable\n|move|p1a: Ferrothorn|Gyro Ball|p2a: Clefable\n|-supereffective|p2a: Clefable\n|-damage|p2a: Clefable|58\/100\n|\n|-weather|Sandstorm|[upkeep]\n|-heal|p2a: Clefable|64\/100|[from] item: Leftovers\n|upkeep\n|turn|6\n|\n|t:|1614613716\n|move|p1a: Ferrothorn|Gyro Ball|p2a: Clefable\n|-supereffective|p2a: Clefable\n|-damage|p2a: Clefable|22\/100\n|move|p2a: Clefable|Teleport|p2a: Clefable\n|\n|t:|1614613719\n|switch|p2a: Dracozolt|Dracozolt, shiny|15\/100|[from]move: Teleport\n|\n|-weather|Sandstorm|[upkeep]\n|-heal|p2a: Dracozolt|77\/100|[from] move: Wish|[wisher] Clefable\n|upkeep\n|turn|7\n|\n|t:|1614613730\n|switch|p1a: Landorus|Landorus-Therian, M|100\/100\n|-ability|p1a: Landorus|Intimidate|boost\n|-unboost|p2a: Dracozolt|atk|1\n|move|p2a: Dracozolt|Fire Blast|p1a: Landorus\n|-damage|p1a: Landorus|69\/100\n|-damage|p2a: Dracozolt|67\/100|[from] item: Life Orb\n|\n|-weather|Sandstorm|[upkeep]\n|-heal|p1a: Landorus|75\/100|[from] item: Leftovers\n|upkeep\n|turn|8\n|\n|t:|1614613747\n|switch|p2a: Clefable|Clefable, M|22\/100\n|move|p1a: Landorus|Earthquake|p2a: Clefable\n|-damage|p2a: Clefable|0 fnt\n|faint|p2a: Clefable\n|\n|-weather|none\n|-heal|p1a: Landorus|81\/100|[from] item: Leftovers\n|upkeep\n|\n|t:|1614613753\n|switch|p2a: Weavile|Weavile, F|100\/100\n|-ability|p2a: Weavile|Pressure\n|turn|9\n|\n|t:|1614613766\n|switch|p1a: Moltres|Moltres|100\/100\n|move|p2a: Weavile|Knock Off|p1a: Moltres\n|-damage|p1a: Moltres|42\/100\n|-enditem|p1a: Moltres|Heavy-Duty Boots|[from] move: Knock Off|[of] p2a: Weavile\n|\n|upkeep\n|turn|10\n|\n|t:|1614613777\n|switch|p2a: Tyranitar|Tyranitar, F|100\/100\n|-weather|Sandstorm|[from] ability: Sand Stream|[of] p2a: Tyranitar\n|move|p1a: Moltres|Scorching Sands|p2a: Tyranitar\n|-supereffective|p2a: Tyranitar\n|-damage|p2a: Tyranitar|83\/100\n|\n|-weather|Sandstorm|[upkeep]\n|-damage|p1a: Moltres|36\/100|[from] Sandstorm\n|upkeep\n|turn|11\n|\n|t:|1614613786\n|move|p1a: Moltres|Scorching Sands|p2a: Tyranitar\n|-supereffective|p2a: Tyranitar\n|-damage|p2a: Tyranitar|66\/100\n|move|p2a: Tyranitar|Stealth Rock|p1a: Moltres\n|-sidestart|p1: Brifye|move: Stealth Rock\n|\n|-weather|Sandstorm|[upkeep]\n|-damage|p1a: Moltres|30\/100|[from] Sandstorm\n|upkeep\n|turn|12\n|\n|t:|1614613794\n|move|p1a: Moltres|Scorching Sands|p2a: Tyranitar\n|-supereffective|p2a: Tyranitar\n|-damage|p2a: Tyranitar|50\/100\n|-status|p2a: Tyranitar|brn\n|move|p2a: Tyranitar|Rock Blast|p1a: Moltres\n|-supereffective|p1a: Moltres\n|-damage|p1a: Moltres|11\/100\n|-supereffective|p1a: Moltres\n|-damage|p1a: Moltres|0 fnt\n|-hitcount|p1a: Moltres|2\n|faint|p1a: Moltres\n|\n|-weather|Sandstorm|[upkeep]\n|-damage|p2a: Tyranitar|43\/100 brn|[from] brn\n|upkeep\n|\n|t:|1614613806\n|switch|p1a: Excadrill|Excadrill, F|100\/100\n|-ability|p1a: Excadrill|Mold Breaker\n|turn|13\n|\n|t:|1614613817\n|switch|p2a: Corviknight|Corviknight, F|100\/100\n|-ability|p2a: Corviknight|Pressure\n|move|p1a: Excadrill|Rapid Spin|p2a: Corviknight\n|-resisted|p2a: Corviknight\n|-damage|p2a: Corviknight|96\/100\n|-boost|p1a: Excadrill|spe|1\n|-sideend|p1: Brifye|Stealth Rock|[from] move: Rapid Spin|[of] p1a: Excadrill\n|\n|-weather|Sandstorm|[upkeep]\n|-heal|p2a: Corviknight|100\/100|[from] item: Leftovers\n|upkeep\n|turn|14\n|\n|t:|1614613826\n|move|p1a: Excadrill|Swords Dance|p1a: Excadrill\n|-boost|p1a: Excadrill|atk|2\n|move|p2a: Corviknight|U-turn|p1a: Excadrill\n|-resisted|p1a: Excadrill\n|-damage|p1a: Excadrill|90\/100\n|\n|t:|1614613830\n|switch|p2a: Excadrill|Excadrill, F|100\/100|[from]move: U-turn\n|-item|p2a: Excadrill|Air Balloon\n|\n|-weather|Sandstorm|[upkeep]\n|upkeep\n|turn|15\n|\n|t:|1614613843\n|switch|p1a: Landorus|Landorus-Therian, M|81\/100\n|-ability|p1a: Landorus|Intimidate|boost\n|-unboost|p2a: Excadrill|atk|1\n|move|p2a: Excadrill|Earthquake|p1a: Landorus\n|-immune|p1a: Landorus\n|\n|-weather|Sandstorm|[upkeep]\n|-heal|p1a: Landorus|87\/100|[from] item: Leftovers\n|upkeep\n|turn|16\n|\n|t:|1614613854\n|switch|p2a: Corviknight|Corviknight, F|100\/100\n|-ability|p2a: Corviknight|Pressure\n|move|p1a: Landorus|Stealth Rock|p2a: Corviknight\n|-sidestart|p2: MrMonk123|move: Stealth Rock\n|\n|-weather|Sandstorm|[upkeep]\n|-heal|p1a: Landorus|93\/100|[from] item: Leftovers\n|upkeep\n|turn|17\n|\n|t:|1614613863\n|move|p1a: Landorus|Stone Edge|p2a: Corviknight\n|-damage|p2a: Corviknight|80\/100\n|move|p2a: Corviknight|U-turn|p1a: Landorus\n|-resisted|p1a: Landorus\n|-damage|p1a: Landorus|87\/100\n|\n|t:|1614613874\n|switch|p2a: Weavile|Weavile, F|100\/100|[from]move: U-turn\n|-damage|p2a: Weavile|76\/100|[from] Stealth Rock\n|-ability|p2a: Weavile|Pressure\n|\n|-weather|none\n|-heal|p1a: Landorus|93\/100|[from] item: Leftovers\n|upkeep\n|turn|18\n|\n|t:|1614613883\n|move|p2a: Weavile|Triple Axel|p1a: Landorus\n|-supereffective|p1a: Landorus\n|-damage|p1a: Landorus|49\/100\n|-supereffective|p1a: Landorus\n|-damage|p1a: Landorus|0 fnt\n|-hitcount|p1a: Landorus|2\n|faint|p1a: Landorus\n|\n|upkeep\n|\n|t:|1614613900\n|switch|p1a: Kyurem|Kyurem|100\/100\n|-ability|p1a: Kyurem|Pressure\n|turn|19\n|\n|t:|1614613904\n|switch|p2a: Tyranitar|Tyranitar, F|43\/100 brn\n|-damage|p2a: Tyranitar|31\/100 brn|[from] Stealth Rock\n|-weather|Sandstorm|[from] ability: Sand Stream|[of] p2a: Tyranitar\n|move|p1a: Kyurem|Earth Power|p2a: Tyranitar\n|-supereffective|p2a: Tyranitar\n|-damage|p2a: Tyranitar|2\/100 brn\n|\n|-weather|Sandstorm|[upkeep]\n|-damage|p1a: Kyurem|94\/100|[from] Sandstorm\n|-damage|p2a: Tyranitar|0 fnt|[from] brn\n|faint|p2a: Tyranitar\n|upkeep\n|j| OU make me yawn\n|j| Ryu-Mad trainer\n|j| Devilex\n|\n|t:|1614613925\n|switch|p2a: Excadrill|Excadrill, F|100\/100\n|-damage|p2a: Excadrill|97\/100|[from] Stealth Rock\n|-item|p2a: Excadrill|Air Balloon\n|turn|20\n|j| Gab's team\n|\n|t:|1614613932\n|switch|p1a: Ferrothorn|Ferrothorn, F|82\/100\n|move|p2a: Excadrill|Iron Head|p1a: Ferrothorn\n|-resisted|p1a: Ferrothorn\n|-damage|p1a: Ferrothorn|67\/100\n|-damage|p2a: Excadrill|85\/100|[from] ability: Iron Barbs|[of] p1a: Ferrothorn\n|-damage|p2a: Excadrill|68\/100|[from] item: Rocky Helmet|[of] p1a: Ferrothorn\n|\n|-weather|Sandstorm|[upkeep]\n|upkeep\n|turn|21\n|\n|t:|1614613942\n|move|p2a: Excadrill|Swords Dance|p2a: Excadrill\n|-boost|p2a: Excadrill|atk|2\n|move|p1a: Ferrothorn|Gyro Ball|p2a: Excadrill\n|-resisted|p2a: Excadrill\n|-damage|p2a: Excadrill|34\/100\n|-enditem|p2a: Excadrill|Air Balloon\n|\n|-weather|Sandstorm|[upkeep]\n|upkeep\n|turn|22\n|\n|t:|1614613950\n|move|p2a: Excadrill|Earthquake|p1a: Ferrothorn\n|-damage|p1a: Ferrothorn|0 fnt\n|faint|p1a: Ferrothorn\n|\n|-weather|Sandstorm|[upkeep]\n|upkeep\n|\n|t:|1614613957\n|switch|p1a: Kyurem|Kyurem|94\/100\n|-ability|p1a: Kyurem|Pressure\n|turn|23\n|\n|t:|1614613961\n|move|p2a: Excadrill|Iron Head|p1a: Kyurem\n|-supereffective|p1a: Kyurem\n|-damage|p1a: Kyurem|0 fnt\n|faint|p1a: Kyurem\n|\n|-weather|Sandstorm|[upkeep]\n|upkeep\n|\n|t:|1614613966\n|switch|p1a: Excadrill|Excadrill, F|90\/100\n|-ability|p1a: Excadrill|Mold Breaker\n|turn|24\n|l| Gab's team\n|\n|t:|1614613971\n|move|p2a: Excadrill|Earthquake|p1a: Excadrill\n|-supereffective|p1a: Excadrill\n|-damage|p1a: Excadrill|0 fnt\n|faint|p1a: Excadrill\n|\n|win|MrMonk123\n|c|\u2606MrMonk123|gg\n|l|\u2606Brifye\n||Ladder (probably) updated, but score could not be retrieved (Request timeout).\n","uploadtime":1614613985,"views":13,"p1id":"brifye","p2id":"mrmonk123","formatid":"gen8ou","rating":0,"private":0,"password":null}