{"id":"gen8ou-1076291063","p1":"Jakkkkkka","p2":"Charmalane","format":"gen8ou","log":"|j|\u2606Jakkkkkka\n|j|\u2606Charmalane\n|player|p1|Jakkkkkka|169|1410\n|player|p2|Charmalane|92|1457\n|teamsize|p1|6\n|teamsize|p2|6\n|gametype|singles\n|gen|8\n|tier|[Gen 8] OU\n|rated|\n|clearpoke\n|poke|p1|Conkeldurr, M|\n|poke|p1|Kyurem|\n|poke|p1|Zeraora|\n|poke|p1|Celebi|\n|poke|p1|Tyranitar, F|\n|poke|p1|Keldeo-Resolute|\n|poke|p2|Bisharp, F|\n|poke|p2|Dracovish|\n|poke|p2|Mew|\n|poke|p2|Seismitoad, M|\n|poke|p2|Dragapult, M|\n|poke|p2|Excadrill, M|\n|rule|Sleep Clause Mod: Limit one foe put to sleep\n|rule|Species Clause: Limit one of each Pok\u00e9mon\n|rule|OHKO Clause: OHKO moves are banned\n|rule|Evasion Moves Clause: Evasion moves are banned\n|rule|Endless Battle Clause: Forcing endless battles is banned\n|rule|HP Percentage Mod: HP is shown in percentages\n|rule|Dynamax Clause: You cannot dynamax\n|teampreview\n|\n|start\n|switch|p1a: Celebi|Celebi|100\/100\n|switch|p2a: Catalyst|Mew|100\/100\n|turn|1\n|\n|move|p2a: Catalyst|Thunder Wave|p1a: Celebi\n|-status|p1a: Celebi|par\n|move|p1a: Celebi|Toxic||[still]\n|-status|p2a: Catalyst|tox\n|-activate|p2a: Catalyst|ability: Synchronize\n|-fail|p2a: Catalyst\n|\n|-damage|p2a: Catalyst|94\/100 tox|[from] psn\n|upkeep\n|turn|2\n|\n|move|p2a: Catalyst|Taunt|p1a: Celebi\n|-start|p1a: Celebi|move: Taunt\n|move|p1a: Celebi|U-turn|p2a: Catalyst\n|-supereffective|p2a: Catalyst\n|-damage|p2a: Catalyst|69\/100 tox\n|\n|switch|p1a: Zeraora|Zeraora|100\/100|[from]move: U-turn\n|\n|-heal|p2a: Catalyst|75\/100 tox|[from] item: Leftovers\n|-damage|p2a: Catalyst|63\/100 tox|[from] psn\n|upkeep\n|turn|3\n|\n|move|p1a: Zeraora|Knock Off|p2a: Catalyst\n|-supereffective|p2a: Catalyst\n|-damage|p2a: Catalyst|0 fnt\n|-enditem|p2a: Catalyst|Leftovers|[from] move: Knock Off|[of] p1a: Zeraora\n|-damage|p1a: Zeraora|91\/100|[from] item: Life Orb\n|faint|p2a: Catalyst\n|\n|upkeep\n|\n|switch|p2a: Boss|Excadrill, M|100\/100\n|-ability|p2a: Boss|Mold Breaker\n|-item|p2a: Boss|Air Balloon\n|turn|4\n|\n|switch|p2a: Disk|Dragapult, M|100\/100\n|move|p1a: Zeraora|Close Combat|p2a: Disk\n|-immune|p2a: Disk\n|\n|upkeep\n|turn|5\n|\n|switch|p2a: Slippy|Seismitoad, M|100\/100\n|move|p1a: Zeraora|Knock Off|p2a: Slippy\n|-damage|p2a: Slippy|71\/100\n|-enditem|p2a: Slippy|Leftovers|[from] move: Knock Off|[of] p1a: Zeraora\n|-damage|p1a: Zeraora|81\/100|[from] item: Life Orb\n|\n|upkeep\n|turn|6\n|\n|switch|p1a: Keldeo|Keldeo-Resolute|100\/100\n|move|p2a: Slippy|Stealth Rock|p1a: Keldeo\n|-sidestart|p1: Jakkkkkka|move: Stealth Rock\n|\n|upkeep\n|turn|7\n|\n|switch|p2a: Disk|Dragapult, M|100\/100\n|move|p1a: Keldeo|Taunt|p2a: Disk\n|-start|p2a: Disk|move: Taunt\n|\n|upkeep\n|turn|8\n|\n|move|p2a: Disk|U-turn|p1a: Keldeo\n|-resisted|p1a: Keldeo\n|-damage|p1a: Keldeo|90\/100\n|\n|switch|p2a: Slippy|Seismitoad, M|71\/100|[from]move: U-turn\n|move|p1a: Keldeo|Calm Mind|p1a: Keldeo\n|-boost|p1a: Keldeo|spa|1\n|-boost|p1a: Keldeo|spd|1\n|\n|-heal|p1a: Keldeo|96\/100|[from] item: Leftovers\n|upkeep\n|turn|9\n|\n|switch|p2a: Disk|Dragapult, M|100\/100\n|move|p1a: Keldeo|Taunt|p2a: Disk\n|-start|p2a: Disk|move: Taunt\n|\n|-heal|p1a: Keldeo|100\/100|[from] item: Leftovers\n|upkeep\n|turn|10\n|\n|move|p2a: Disk|Thunderbolt|p1a: Keldeo\n|-supereffective|p1a: Keldeo\n|-damage|p1a: Keldeo|39\/100\n|move|p1a: Keldeo|Calm Mind|p1a: Keldeo\n|-boost|p1a: Keldeo|spa|1\n|-boost|p1a: Keldeo|spd|1\n|\n|-heal|p1a: Keldeo|45\/100|[from] item: Leftovers\n|upkeep\n|turn|11\n|\n|switch|p1a: Tyranitar|Tyranitar, F|100\/100\n|-damage|p1a: Tyranitar|88\/100|[from] Stealth Rock\n|-weather|Sandstorm|[from] ability: Sand Stream|[of] p1a: Tyranitar\n|move|p2a: Disk|Thunderbolt|p1a: Tyranitar\n|-damage|p1a: Tyranitar|69\/100\n|\n|-weather|Sandstorm|[upkeep]\n|-damage|p2a: Disk|95\/100|[from] Sandstorm\n|-heal|p1a: Tyranitar|76\/100|[from] item: Leftovers\n|-end|p2a: Disk|move: Taunt\n|upkeep\n|turn|12\n|inactive|Battle timer is ON: inactive players will automatically lose when time's up. (requested by Jakkkkkka)\n|\n|switch|p2a: Cambrian|Dracovish|100\/100\n|move|p1a: Tyranitar|Stealth Rock|p2a: Cambrian\n|-sidestart|p2: Charmalane|move: Stealth Rock\n|\n|-weather|Sandstorm|[upkeep]\n|-damage|p2a: Cambrian|94\/100|[from] Sandstorm\n|-heal|p1a: Tyranitar|82\/100|[from] item: Leftovers\n|upkeep\n|turn|13\n|\n|move|p2a: Cambrian|Fishious Rend|p1a: Tyranitar\n|-supereffective|p1a: Tyranitar\n|-damage|p1a: Tyranitar|0 fnt\n|faint|p1a: Tyranitar\n|\n|-weather|Sandstorm|[upkeep]\n|-damage|p2a: Cambrian|88\/100|[from] Sandstorm\n|upkeep\n|\n|switch|p1a: Kyurem|Kyurem|100\/100\n|-damage|p1a: Kyurem|76\/100|[from] Stealth Rock\n|-ability|p1a: Kyurem|Pressure\n|turn|14\n|\n|switch|p2a: Boss|Excadrill, M|100\/100\n|-damage|p2a: Boss|97\/100|[from] Stealth Rock\n|-ability|p2a: Boss|Mold Breaker\n|-item|p2a: Boss|Air Balloon\n|move|p1a: Kyurem|Ice Beam|p2a: Boss\n|-damage|p2a: Boss|0 fnt\n|-enditem|p2a: Boss|Air Balloon\n|faint|p2a: Boss\n|\n|-weather|Sandstorm|[upkeep]\n|-damage|p1a: Kyurem|70\/100|[from] Sandstorm\n|upkeep\n|\n|switch|p2a: Disk|Dragapult, M|95\/100\n|-damage|p2a: Disk|82\/100|[from] Stealth Rock\n|turn|15\n|\n|switch|p1a: Celebi|Celebi|100\/100\n|-damage|p1a: Celebi|88\/100|[from] Stealth Rock\n|move|p2a: Disk|Draco Meteor|p1a: Celebi\n|-damage|p1a: Celebi|22\/100\n|-unboost|p2a: Disk|spa|2\n|\n|-weather|none\n|-heal|p1a: Celebi|28\/100|[from] item: Leftovers\n|upkeep\n|turn|16\n|\n|switch|p1a: Keldeo|Keldeo-Resolute|45\/100\n|-damage|p1a: Keldeo|39\/100|[from] Stealth Rock\n|move|p2a: Disk|Draco Meteor|p1a: Keldeo\n|-damage|p1a: Keldeo|0 fnt\n|-unboost|p2a: Disk|spa|2\n|faint|p1a: Keldeo\n|\n|upkeep\n|\n|switch|p1a: Celebi|Celebi|28\/100\n|-damage|p1a: Celebi|16\/100|[from] Stealth Rock\n|turn|17\n|\n|move|p2a: Disk|Draco Meteor|p1a: Celebi\n|-damage|p1a: Celebi|0 fnt\n|-unboost|p2a: Disk|spa|2\n|faint|p1a: Celebi\n|\n|upkeep\n|\n|switch|p1a: Conkeldurr|Conkeldurr, M|100\/100\n|-damage|p1a: Conkeldurr|94\/100|[from] Stealth Rock\n|turn|18\n|\n|switch|p2a: Slippy|Seismitoad, M|71\/100\n|-damage|p2a: Slippy|65\/100|[from] Stealth Rock\n|move|p1a: Conkeldurr|Drain Punch|p2a: Slippy\n|-damage|p2a: Slippy|32\/100\n|-heal|p1a: Conkeldurr|100\/100|[from] drain|[of] p2a: Slippy\n|\n|-status|p1a: Conkeldurr|brn|[from] item: Flame Orb\n|upkeep\n|turn|19\n|\n|move|p2a: Slippy|Earth Power|p1a: Conkeldurr\n|-damage|p1a: Conkeldurr|67\/100 brn\n|-unboost|p1a: Conkeldurr|spd|1\n|move|p1a: Conkeldurr|Drain Punch|p2a: Slippy\n|-damage|p2a: Slippy|0 fnt\n|-heal|p1a: Conkeldurr|83\/100 brn|[from] drain|[of] p2a: Slippy\n|faint|p2a: Slippy\n|\n|-damage|p1a: Conkeldurr|77\/100 brn|[from] brn\n|upkeep\n|\n|switch|p2a: Cambrian|Dracovish|88\/100\n|-damage|p2a: Cambrian|76\/100|[from] Stealth Rock\n|turn|20\n|\n|switch|p1a: Kyurem|Kyurem|70\/100\n|-damage|p1a: Kyurem|45\/100|[from] Stealth Rock\n|-ability|p1a: Kyurem|Pressure\n|move|p2a: Cambrian|Fishious Rend|p1a: Kyurem\n|-resisted|p1a: Kyurem\n|-damage|p1a: Kyurem|0 fnt\n|faint|p1a: Kyurem\n|\n|upkeep\n|\n|switch|p1a: Zeraora|Zeraora|81\/100\n|-damage|p1a: Zeraora|69\/100|[from] Stealth Rock\n|turn|21\n|inactive|Charmalane has 120 seconds left.\n|\n|move|p1a: Zeraora|Plasma Fists|p2a: Cambrian\n|-damage|p2a: Cambrian|5\/100\n|-fieldactivate|move: Ion Deluge\n|-damage|p1a: Zeraora|59\/100|[from] item: Life Orb\n|move|p2a: Cambrian|Fishious Rend|p1a: Zeraora\n|-damage|p1a: Zeraora|0 fnt\n|faint|p1a: Zeraora\n|\n|upkeep\n|\n|switch|p1a: Conkeldurr|Conkeldurr, M|77\/100 brn\n|-damage|p1a: Conkeldurr|71\/100 brn|[from] Stealth Rock\n|turn|22\n|\n|move|p1a: Conkeldurr|Mach Punch|p2a: Cambrian\n|-damage|p2a: Cambrian|0 fnt\n|faint|p2a: Cambrian\n|\n|-damage|p1a: Conkeldurr|65\/100 brn|[from] brn\n|upkeep\n|\n|switch|p2a: Disk|Dragapult, M|82\/100\n|-damage|p2a: Disk|70\/100|[from] Stealth Rock\n|turn|23\n|\n|move|p2a: Disk|Draco Meteor|p1a: Conkeldurr\n|-damage|p1a: Conkeldurr|0 fnt\n|-unboost|p2a: Disk|spa|2\n|faint|p1a: Conkeldurr\n|\n|win|Charmalane\n|c|\u2606Charmalane|gg\n|l|\u2606Jakkkkkka\n","uploadtime":1583788987,"views":18,"p1id":"jakkkkkka","p2id":"charmalane","formatid":"gen8ou","rating":0,"private":0,"password":null}