{"id":"gen8ou-1418232062","p1":"Infernoss","p2":"ChiefGreenLeaf3","format":"gen8ou","log":"|j|\u2606Infernoss\n|j|\u2606ChiefGreenLeaf3\n|t:|1631832907\n|gametype|singles\n|player|p1|Infernoss|chili|1842\n|player|p2|ChiefGreenLeaf3|2|1804\n|teamsize|p1|6\n|teamsize|p2|6\n|gen|8\n|tier|[Gen 8] OU\n|rated|\n|rule|Sleep Clause Mod: Limit one foe put to sleep\n|rule|Species Clause: Limit one of each Pok\u00e9mon\n|rule|OHKO Clause: OHKO moves are banned\n|rule|Evasion Moves Clause: Evasion moves are banned\n|rule|Endless Battle Clause: Forcing endless battles is banned\n|rule|HP Percentage Mod: HP is shown in percentages\n|rule|Dynamax Clause: You cannot dynamax\n|clearpoke\n|poke|p1|Slowbro, M|\n|poke|p1|Hatterene, F|\n|poke|p1|Marowak-Alola, M|\n|poke|p1|Ferrothorn, M|\n|poke|p1|Garchomp, M|\n|poke|p1|Drampa, F|\n|poke|p2|Volcanion|\n|poke|p2|Ninetales-Alola, F|\n|poke|p2|Corviknight, F|\n|poke|p2|Arctozolt|\n|poke|p2|Landorus-Therian, M|\n|poke|p2|Tornadus-Therian, M|\n|teampreview\n|j| Zombini62\n|j| fluffy cow9\n|j| GalarianN00b\n|\n|t:|1631832940\n|start\n|switch|p1a: Thorns|Ferrothorn, M|100\/100\n|switch|p2a: Volcanion|Volcanion|100\/100\n|turn|1\n|\n|t:|1631832946\n|switch|p1a: Sonso|Slowbro, M|100\/100\n|move|p2a: Volcanion|Flamethrower|p1a: Sonso\n|-resisted|p1a: Sonso\n|-damage|p1a: Sonso|62\/100\n|\n|upkeep\n|turn|2\n|\n|t:|1631832955\n|move|p2a: Volcanion|Flamethrower|p1a: Sonso\n|-resisted|p1a: Sonso\n|-damage|p1a: Sonso|25\/100\n|move|p1a: Sonso|Trick Room|p1a: Sonso\n|-fieldstart|move: Trick Room|[of] p1a: Sonso\n|\n|upkeep\n|turn|3\n|\n|t:|1631832959\n|switch|p1a: Falko|Drampa, F|100\/100\n|move|p2a: Volcanion|Flamethrower|p1a: Falko\n|-resisted|p1a: Falko\n|-damage|p1a: Falko|64\/100\n|\n|upkeep\n|turn|4\n|\n|t:|1631832968\n|switch|p2a: Tornadus|Tornadus-Therian, M|100\/100\n|move|p1a: Falko|Thunderbolt|p2a: Tornadus\n|-supereffective|p2a: Tornadus\n|-damage|p2a: Tornadus|37\/100\n|-damage|p1a: Falko|55\/100|[from] item: Life Orb\n|\n|upkeep\n|turn|5\n|\n|t:|1631832977\n|switch|p2a: Ninetales|Ninetales-Alola, F|100\/100\n|-weather|Hail|[from] ability: Snow Warning|[of] p2a: Ninetales\n|move|p1a: Falko|Hyper Voice|p2a: Ninetales\n|-damage|p2a: Ninetales|31\/100\n|-damage|p1a: Falko|45\/100|[from] item: Life Orb\n|\n|-weather|Hail|[upkeep]\n|-damage|p1a: Falko|39\/100|[from] Hail\n|upkeep\n|turn|6\n|\n|t:|1631832988\n|switch|p2a: Volcanion|Volcanion|100\/100\n|move|p1a: Falko|Roost|p1a: Falko\n|-heal|p1a: Falko|89\/100\n|-singleturn|p1a: Falko|move: Roost\n|\n|-weather|Hail|[upkeep]\n|-damage|p1a: Falko|83\/100|[from] Hail\n|-damage|p2a: Volcanion|95\/100|[from] Hail\n|-fieldend|move: Trick Room\n|upkeep\n|turn|7\n|\n|t:|1631832997\n|move|p2a: Volcanion|Steam Eruption|p1a: Falko\n|-resisted|p1a: Falko\n|-damage|p1a: Falko|38\/100\n|-status|p1a: Falko|brn\n|-ability|p1a: Falko|Berserk|boost\n|-boost|p1a: Falko|spa|1\n|move|p1a: Falko|Thunderbolt|p2a: Volcanion\n|-supereffective|p2a: Volcanion\n|-damage|p2a: Volcanion|0 fnt\n|faint|p2a: Volcanion\n|-damage|p1a: Falko|28\/100 brn|[from] item: Life Orb\n|\n|-weather|Hail|[upkeep]\n|-damage|p1a: Falko|22\/100 brn|[from] Hail\n|-damage|p1a: Falko|16\/100 brn|[from] brn\n|upkeep\n|\n|t:|1631833010\n|switch|p2a: Tornadus|Tornadus-Therian, M|70\/100\n|turn|8\n|\n|t:|1631833018\n|switch|p1a: Hatterene|Hatterene, F|100\/100\n|move|p2a: Tornadus|Knock Off|p1a: Hatterene\n|-damage|p1a: Hatterene|78\/100\n|-enditem|p1a: Hatterene|Kasib Berry|[from] move: Knock Off|[of] p2a: Tornadus\n|\n|-weather|Hail|[upkeep]\n|-damage|p2a: Tornadus|64\/100|[from] Hail\n|-damage|p1a: Hatterene|73\/100|[from] Hail\n|upkeep\n|turn|9\n|\n|t:|1631833028\n|move|p2a: Tornadus|U-turn|p1a: Hatterene\n|-damage|p1a: Hatterene|57\/100\n|\n|t:|1631833038\n|switch|p2a: Corviknight|Corviknight, F|100\/100|[from]move: U-turn\n|-ability|p2a: Corviknight|Pressure\n|move|p1a: Hatterene|Trick Room|p1a: Hatterene\n|-fieldstart|move: Trick Room|[of] p1a: Hatterene\n|\n|-weather|Hail|[upkeep]\n|-damage|p1a: Hatterene|51\/100|[from] Hail\n|-damage|p2a: Corviknight|94\/100|[from] Hail\n|upkeep\n|turn|10\n|\n|t:|1631833047\n|move|p1a: Hatterene|Healing Wish|p1a: Hatterene\n|faint|p1a: Hatterene\n|move|p2a: Corviknight|U-turn|p1: Hatterene|[notarget]\n|-fail|p2a: Corviknight\n|\n|-weather|Hail|[upkeep]\n|-damage|p2a: Corviknight|88\/100|[from] Hail\n|upkeep\n|\n|t:|1631833053\n|switch|p1a: Billy B.|Marowak-Alola, M|100\/100\n|turn|11\n|\n|t:|1631833066\n|move|p1a: Billy B.|Swords Dance|p1a: Billy B.\n|-boost|p1a: Billy B.|atk|2\n|move|p2a: Corviknight|Roost|p2a: Corviknight\n|-heal|p2a: Corviknight|100\/100\n|-singleturn|p2a: Corviknight|move: Roost\n|\n|-weather|Hail|[upkeep]\n|-damage|p1a: Billy B.|94\/100|[from] Hail\n|-damage|p2a: Corviknight|94\/100|[from] Hail\n|upkeep\n|turn|12\n|j| vepp\n|\n|t:|1631833079\n|move|p1a: Billy B.|Flare Blitz|p2a: Corviknight\n|-supereffective|p2a: Corviknight\n|-damage|p2a: Corviknight|0 fnt\n|-damage|p1a: Billy B.|78\/100|[from] item: Rocky Helmet|[of] p2a: Corviknight\n|faint|p2a: Corviknight\n|\n|-weather|none\n|upkeep\n|\n|t:|1631833097\n|switch|p2a: Landorus|Landorus-Therian, M|100\/100\n|-ability|p2a: Landorus|Intimidate|boost\n|-unboost|p1a: Billy B.|atk|1\n|turn|13\n|\n|t:|1631833101\n|move|p1a: Billy B.|Flare Blitz|p2a: Landorus\n|-crit|p2a: Landorus\n|-damage|p2a: Landorus|0 fnt\n|faint|p2a: Landorus\n|\n|-fieldend|move: Trick Room\n|upkeep\n|\n|t:|1631833106\n|switch|p2a: Tornadus|Tornadus-Therian, M|97\/100\n|turn|14\n|\n|t:|1631833123\n|switch|p1a: Thorns|Ferrothorn, M|100\/100\n|move|p2a: Tornadus|Knock Off|p1a: Thorns\n|-damage|p1a: Thorns|85\/100\n|-damage|p2a: Tornadus|84\/100|[from] ability: Iron Barbs|[of] p1a: Thorns\n|-enditem|p1a: Thorns|Leftovers|[from] move: Knock Off|[of] p2a: Tornadus\n|\n|upkeep\n|turn|15\n|\n|t:|1631833131\n|move|p2a: Tornadus|Heat Wave|p1a: Thorns\n|-supereffective|p1a: Thorns\n|-damage|p1a: Thorns|27\/100\n|move|p1a: Thorns|Gyro Ball|p2a: Tornadus\n|-damage|p2a: Tornadus|35\/100\n|\n|upkeep\n|turn|16\n|\n|t:|1631833142\n|switch|p2a: Ninetales|Ninetales-Alola, F|31\/100\n|-weather|Hail|[from] ability: Snow Warning|[of] p2a: Ninetales\n|move|p1a: Thorns|Gyro Ball|p2a: Ninetales\n|-supereffective|p2a: Ninetales\n|-crit|p2a: Ninetales\n|-damage|p2a: Ninetales|0 fnt\n|faint|p2a: Ninetales\n|\n|-weather|Hail|[upkeep]\n|-damage|p1a: Thorns|21\/100|[from] Hail\n|upkeep\n|\n|t:|1631833144\n|switch|p2a: Arctozolt|Arctozolt, shiny|100\/100\n|turn|17\n|\n|t:|1631833153\n|move|p2a: Arctozolt|Blizzard|p1a: Thorns\n|-damage|p1a: Thorns|0 fnt\n|faint|p1a: Thorns\n|\n|-weather|Hail|[upkeep]\n|upkeep\n|j| fammari\n|j| letmeusebothbros\n|\n|t:|1631833185\n|switch|p1a: Falko|Drampa, F|16\/100 brn\n|-heal|p1a: Falko|100\/100|[from] move: Healing Wish\n|turn|18\n|j| MiniLarry\n|\n|t:|1631833197\n|move|p2a: Arctozolt|Blizzard|p1a: Falko\n|-supereffective|p1a: Falko\n|-damage|p1a: Falko|25\/100\n|-ability|p1a: Falko|Berserk|boost\n|-boost|p1a: Falko|spa|1\n|move|p1a: Falko|Hyper Voice|p2a: Arctozolt\n|-damage|p2a: Arctozolt|0 fnt\n|faint|p2a: Arctozolt\n|-damage|p1a: Falko|16\/100|[from] item: Life Orb\n|\n|-weather|Hail|[upkeep]\n|-damage|p1a: Falko|9\/100|[from] Hail\n|upkeep\n|\n|t:|1631833201\n|switch|p2a: Tornadus|Tornadus-Therian, M|68\/100\n|turn|19\n|\n|t:|1631833210\n|move|p2a: Tornadus|Knock Off|p1a: Falko\n|-damage|p1a: Falko|0 fnt\n|-enditem|p1a: Falko|Life Orb|[from] move: Knock Off|[of] p2a: Tornadus\n|faint|p1a: Falko\n|\n|-weather|Hail|[upkeep]\n|-damage|p2a: Tornadus|62\/100|[from] Hail\n|upkeep\n|j| Justindrag\n|\n|t:|1631833217\n|switch|p1a: Sonso|Slowbro, M|59\/100\n|turn|20\n|\n|t:|1631833219\n|move|p2a: Tornadus|Knock Off|p1a: Sonso\n|-supereffective|p1a: Sonso\n|-enditem|p1a: Sonso|Colbur Berry|[eat]\n|-enditem|p1a: Sonso|Colbur Berry|[weaken]\n|-damage|p1a: Sonso|48\/100\n|move|p1a: Sonso|Trick Room|p1a: Sonso\n|-fieldstart|move: Trick Room|[of] p1a: Sonso\n|\n|-weather|Hail|[upkeep]\n|-damage|p1a: Sonso|42\/100|[from] Hail\n|-damage|p2a: Tornadus|56\/100|[from] Hail\n|upkeep\n|turn|21\n|j| Collywobble\n|c|\u2606ChiefGreenLeaf3|h wish kinda goofy move ngl\n|j| tgbqwemnb\n|\n|t:|1631833258\n|move|p1a: Sonso|Scald|p2a: Tornadus\n|-damage|p2a: Tornadus|36\/100\n|move|p2a: Tornadus|Knock Off|p1a: Sonso\n|-supereffective|p1a: Sonso\n|-damage|p1a: Sonso|25\/100\n|\n|-weather|Hail|[upkeep]\n|-damage|p1a: Sonso|19\/100|[from] Hail\n|-damage|p2a: Tornadus|30\/100|[from] Hail\n|upkeep\n|turn|22\n|c|\u2606Infernoss|what?\n|\n|t:|1631833267\n|move|p1a: Sonso|Scald|p2a: Tornadus\n|-crit|p2a: Tornadus\n|-damage|p2a: Tornadus|4\/100\n|move|p2a: Tornadus|Heat Wave|p1a: Sonso|[miss]\n|-miss|p2a: Tornadus|p1a: Sonso\n|\n|-weather|Hail|[upkeep]\n|-damage|p1a: Sonso|13\/100|[from] Hail\n|-damage|p2a: Tornadus|0 fnt|[from] Hail\n|faint|p2a: Tornadus\n|\n|win|Infernoss\n|upkeep\n|c|\u2606ChiefGreenLeaf3|healing wish\n|raw|Infernoss's rating: 1842 &rarr; <strong>1860<\/strong><br \/>(+18 for winning)\n|raw|ChiefGreenLeaf3's rating: 1804 &rarr; <strong>1786<\/strong><br \/>(-18 for losing)\n|l| MiniLarry\n|c|\u2606ChiefGreenLeaf3|the mechic is kinda goofy\n|c|\u2606Infernoss|ah\n|l| fluffy cow9\n|c|\u2606Infernoss|well, is buff\n|c|\u2606ChiefGreenLeaf3|needs a nerf\n|c|\u2606ChiefGreenLeaf3|idk why a mon gets full healed 12 turns later lol\n|c|\u2606Infernoss|its not recover the move PP\n|l| Justindrag\n|l|\u2606ChiefGreenLeaf3\n|l| letmeusebothbros\n|l| fammari\n|l| tgbqwemnb\n|l| GalarianN00b\n|l| vepp\n|l| Zombini62\n|l| Collywobble\n","uploadtime":1631836768,"views":52,"p1id":"infernoss","p2id":"chiefgreenleaf3","formatid":"gen8ou","rating":1786,"private":0,"password":null}