{"id":"gen8ou-1400679978","p1":"Not Sarcasm","p2":"2013 idm room","format":"gen8ou","log":"|j|\u2606Not Sarcasm\n|j|\u26062013 idm room\n|t:|1629512584\n|gametype|singles\n|player|p1|Not Sarcasm|2|1616\n|player|p2|2013 idm room|pokemonbreeder-gen4|1597\n|teamsize|p1|6\n|teamsize|p2|6\n|gen|8\n|tier|[Gen 8] OU\n|rated|\n|rule|Sleep Clause Mod: Limit one foe put to sleep\n|rule|Species Clause: Limit one of each Pok\u00e9mon\n|rule|OHKO Clause: OHKO moves are banned\n|rule|Evasion Moves Clause: Evasion moves are banned\n|rule|Endless Battle Clause: Forcing endless battles is banned\n|rule|HP Percentage Mod: HP is shown in percentages\n|rule|Dynamax Clause: You cannot dynamax\n|clearpoke\n|poke|p1|Weavile, M|\n|poke|p1|Primarina, M|\n|poke|p1|Melmetal|\n|poke|p1|Landorus-Therian, M|\n|poke|p1|Heatran, M|\n|poke|p1|Dragapult, F|\n|poke|p2|Clefable, F|\n|poke|p2|Tapu Koko|\n|poke|p2|Kyurem|\n|poke|p2|Garchomp, F|\n|poke|p2|Landorus-Therian, M|\n|poke|p2|Volcarona, F|\n|teampreview\n|inactive|Battle timer is ON: inactive players will automatically lose when time's up. (requested by 2013 idm room)\n|inactive|Not Sarcasm also wants the timer to be on.\n|inactive|2013 idm room has 120 seconds left.\n|\n|t:|1629512633\n|start\n|switch|p1a: Dragapult|Dragapult, F|100\/100\n|switch|p2a: Landorus|Landorus-Therian, M|100\/100\n|-ability|p2a: Landorus|Intimidate|boost\n|-unboost|p1a: Dragapult|atk|1\n|turn|1\n|\n|t:|1629512641\n|switch|p1a: Enten|Landorus-Therian, M, shiny|100\/100\n|-ability|p1a: Enten|Intimidate|boost\n|-unboost|p2a: Landorus|atk|1\n|move|p2a: Landorus|Earthquake|p1a: Enten\n|-immune|p1a: Enten\n|\n|upkeep\n|turn|2\n|\n|t:|1629512647\n|move|p1a: Enten|Stealth Rock|p2a: Landorus\n|-sidestart|p2: 2013 idm room|move: Stealth Rock\n|move|p2a: Landorus|Substitute|p2a: Landorus\n|-start|p2a: Landorus|Substitute\n|-damage|p2a: Landorus|76\/100\n|\n|-heal|p2a: Landorus|82\/100|[from] item: Leftovers\n|upkeep\n|turn|3\n|\n|t:|1629512654\n|switch|p1a: Weavile|Weavile, M|100\/100\n|-ability|p1a: Weavile|Pressure\n|move|p2a: Landorus|Bulk Up|p2a: Landorus\n|-boost|p2a: Landorus|atk|1\n|-boost|p2a: Landorus|def|1\n|\n|-heal|p2a: Landorus|88\/100|[from] item: Leftovers\n|upkeep\n|turn|4\n|\n|t:|1629512663\n|move|p1a: Weavile|Triple Axel|p2a: Landorus|[miss]\n|-miss|p1a: Weavile|p2a: Landorus\n|move|p2a: Landorus|Earthquake|p1a: Weavile\n|-crit|p1a: Weavile\n|-damage|p1a: Weavile|0 fnt\n|faint|p1a: Weavile\n|\n|-heal|p2a: Landorus|94\/100|[from] item: Leftovers\n|upkeep\n|c|\u2606Not Sarcasm|lol\n|c|\u2606Not Sarcasm|and kid ceits\n|c|\u2606Not Sarcasm|crits\n|\n|t:|1629512680\n|switch|p1a: Dragapult|Dragapult, F|100\/100\n|turn|5\n|c|\u26062013 idm room|Shut up\n|\n|t:|1629512682\n|move|p1a: Dragapult|Draco Meteor|p2a: Landorus\n|-damage|p2a: Landorus|19\/100\n|-unboost|p1a: Dragapult|spa|2\n|move|p2a: Landorus|Earthquake|p1a: Dragapult\n|-damage|p1a: Dragapult|33\/100\n|\n|-heal|p2a: Landorus|25\/100|[from] item: Leftovers\n|upkeep\n|turn|6\n|\n|t:|1629512691\n|switch|p2a: Clefable|Clefable, F|100\/100\n|move|p1a: Dragapult|Draco Meteor|p2a: Clefable\n|-immune|p2a: Clefable\n|\n|upkeep\n|turn|7\n|\n|t:|1629512698\n|switch|p1a: Melmetal|Melmetal|100\/100\n|move|p2a: Clefable|Trick|p1a: Melmetal\n|-activate|p2a: Clefable|move: Trick|[of] p1a: Melmetal\n|-item|p1a: Melmetal|Sticky Barb|[from] move: Trick\n|-item|p2a: Clefable|Choice Band|[from] move: Trick\n|\n|-damage|p1a: Melmetal|88\/100|[from] item: Sticky Barb\n|upkeep\n|turn|8\n|c|\u2606Not Sarcasm|uh ok\n|\n|t:|1629512710\n|switch|p1a: Calamity|Primarina, M|100\/100\n|move|p2a: Clefable|Stealth Rock|p1a: Calamity\n|-sidestart|p1: Not Sarcasm|move: Stealth Rock\n|\n|upkeep\n|turn|9\n|\n|t:|1629512715\n|switch|p2a: Landorus|Landorus-Therian, M|25\/100\n|-damage|p2a: Landorus|13\/100|[from] Stealth Rock\n|-ability|p2a: Landorus|Intimidate|boost\n|-unboost|p1a: Calamity|atk|1\n|move|p1a: Calamity|Surf|p2a: Landorus\n|-supereffective|p2a: Landorus\n|-damage|p2a: Landorus|0 fnt\n|faint|p2a: Landorus\n|\n|upkeep\n|\n|t:|1629512720\n|switch|p2a: Tapu Koko|Tapu Koko|100\/100\n|-fieldstart|move: Electric Terrain|[from] ability: Electric Surge|[of] p2a: Tapu Koko\n|turn|10\n|\n|t:|1629512732\n|move|p2a: Tapu Koko|Thunderbolt|p1a: Calamity\n|-supereffective|p1a: Calamity\n|-damage|p1a: Calamity|9\/100\n|move|p1a: Calamity|Surf|p2a: Tapu Koko\n|-damage|p2a: Tapu Koko|0 fnt\n|faint|p2a: Tapu Koko\n|\n|upkeep\n|\n|t:|1629512740\n|switch|p2a: Garchomp|Garchomp, F|100\/100\n|-damage|p2a: Garchomp|94\/100|[from] Stealth Rock\n|turn|11\n|\n|t:|1629512744\n|move|p2a: Garchomp|Earthquake|p1a: Calamity\n|-damage|p1a: Calamity|0 fnt\n|faint|p1a: Calamity\n|-damage|p2a: Garchomp|85\/100|[from] item: Life Orb\n|\n|upkeep\n|\n|t:|1629512749\n|switch|p1a: Enten|Landorus-Therian, M, shiny|100\/100\n|-damage|p1a: Enten|88\/100|[from] Stealth Rock\n|-ability|p1a: Enten|Intimidate|boost\n|-unboost|p2a: Garchomp|atk|1\n|turn|12\n|\n|t:|1629512754\n|switch|p2a: Clefable|Clefable, F|100\/100\n|move|p1a: Enten|Earthquake|p2a: Clefable\n|-damage|p2a: Clefable|58\/100\n|\n|upkeep\n|turn|13\n|\n|t:|1629512759\n|move|p1a: Enten|Earthquake|p2a: Clefable\n|-damage|p2a: Clefable|14\/100\n|move|p2a: Clefable|Healing Wish|p2a: Clefable\n|faint|p2a: Clefable\n|\n|upkeep\n|\n|t:|1629512764\n|switch|p2a: Kyurem|Kyurem|100\/100\n|-damage|p2a: Kyurem|76\/100|[from] Stealth Rock\n|-ability|p2a: Kyurem|Pressure\n|-enditem|p2a: Kyurem|Electric Seed\n|-boost|p2a: Kyurem|def|1|[from] item: Electric Seed\n|turn|14\n|\n|t:|1629512772\n|move|p1a: Enten|Earthquake|p2a: Kyurem\n|-damage|p2a: Kyurem|47\/100\n|move|p2a: Kyurem|Icicle Spear|p1a: Enten\n|-supereffective|p1a: Enten\n|-damage|p1a: Enten|34\/100\n|-supereffective|p1a: Enten\n|-damage|p1a: Enten|0 fnt\n|faint|p1a: Enten\n|-hitcount|p1: Enten|2\n|\n|-fieldend|move: Electric Terrain\n|upkeep\n|\n|t:|1629512781\n|switch|p1a: Dragapult|Dragapult, F|33\/100\n|-damage|p1a: Dragapult|21\/100|[from] Stealth Rock\n|turn|15\n|\n|t:|1629512785\n|move|p1a: Dragapult|Shadow Ball|p2a: Kyurem\n|-damage|p2a: Kyurem|14\/100\n|move|p2a: Kyurem|Icicle Spear|p1a: Dragapult\n|-supereffective|p1a: Dragapult\n|-damage|p1a: Dragapult|0 fnt\n|faint|p1a: Dragapult\n|-hitcount|p1: Dragapult|1\n|\n|upkeep\n|c|\u26062013 idm room|Gg\n|c|\u2606Not Sarcasm|\"gg\"\n|c|\u2606Not Sarcasm|ok\n|inactive|Not Sarcasm has 120 seconds left.\n|-message|Not Sarcasm forfeited.\n|\n|win|2013 idm room\n|raw|Not Sarcasm's rating: 1616 &rarr; <strong>1595<\/strong><br \/>(-21 for losing)\n|raw|2013 idm room's rating: 1597 &rarr; <strong>1618<\/strong><br \/>(+21 for winning)\n|l|\u2606Not Sarcasm\n|c|\u26062013 idm room|2044-1940\n|c|\u26062013 idm room|dogshit\n","uploadtime":1629512829,"views":52,"p1id":"notsarcasm","p2id":"2013idmroom","formatid":"gen8ou","rating":1595,"private":0,"password":null}