{"id":"gen8ou-1667960493","p1":"broked on bricks","p2":"GXE Chaser","format":"gen8ou","log":"|j|\u2606broked on bricks\n|j|\u2606GXE Chaser\n|t:|1663584222\n|gametype|singles\n|player|p1|broked on bricks|lance-masters|1738\n|player|p2|GXE Chaser|266|1721\n|teamsize|p1|6\n|teamsize|p2|6\n|gen|8\n|tier|[Gen 8] OU\n|rated|\n|rule|Sleep Clause Mod: Limit one foe put to sleep\n|rule|Species Clause: Limit one of each Pok\u00e9mon\n|rule|OHKO Clause: OHKO moves are banned\n|rule|Evasion Items Clause: Evasion items are banned\n|rule|Evasion Moves Clause: Evasion moves are banned\n|rule|Endless Battle Clause: Forcing endless battles is banned\n|rule|HP Percentage Mod: HP is shown in percentages\n|rule|Dynamax Clause: You cannot dynamax\n|clearpoke\n|poke|p1|Pelipper, F|\n|poke|p1|Keldeo-Resolute|\n|poke|p1|Dragapult, F|\n|poke|p1|Tapu Lele|\n|poke|p1|Melmetal|\n|poke|p1|Landorus-Therian, M|\n|poke|p2|Tapu Koko|\n|poke|p2|Hawlucha, M|\n|poke|p2|Volcanion|\n|poke|p2|Mew|\n|poke|p2|Rillaboom, F|\n|poke|p2|Kingdra, M|\n|teampreview\n|c|\u2606broked on bricks|glhf\n|c|\u2606GXE Chaser|u2\n|\n|t:|1663584232\n|start\n|switch|p1a: Lele Wulong|Tapu Lele|100\/100\n|switch|p2a: Mew|Mew|100\/100\n|-fieldstart|move: Psychic Terrain|[from] ability: Psychic Surge|[of] p1a: Lele Wulong\n|turn|1\n|j| Arnaud senju vgc\n|\n|t:|1663584236\n|move|p1a: Lele Wulong|Moonblast|p2a: Mew\n|-damage|p2a: Mew|56\/100\n|-unboost|p2a: Mew|spa|1\n|-enditem|p2a: Mew|Red Card|[of] p1a: Lele Wulong\n|drag|p1a: SWAG LIKE OHIO|Landorus-Therian, M|100\/100\n|-ability|p1a: SWAG LIKE OHIO|Intimidate|boost\n|-unboost|p2a: Mew|atk|1\n|move|p2a: Mew|Thunder Wave|p1a: SWAG LIKE OHIO\n|-immune|p1a: SWAG LIKE OHIO\n|\n|upkeep\n|turn|2\n|inactive|Battle timer is ON: inactive players will automatically lose when time's up. (requested by GXE Chaser)\n|\n|t:|1663584244\n|move|p2a: Mew|Stealth Rock|p1a: SWAG LIKE OHIO\n|-sidestart|p1: broked on bricks|move: Stealth Rock\n|move|p1a: SWAG LIKE OHIO|Defog|p2a: Mew\n|-unboost|p2a: Mew|evasion|1\n|-sideend|p1: broked on bricks|Stealth Rock|[from] move: Defog|[of] p1a: SWAG LIKE OHIO\n|-fieldend|move: Psychic Terrain\n|\n|upkeep\n|turn|3\n|\n|t:|1663584248\n|move|p2a: Mew|Stealth Rock|p1a: SWAG LIKE OHIO\n|-sidestart|p1: broked on bricks|move: Stealth Rock\n|move|p1a: SWAG LIKE OHIO|Knock Off|p2a: Mew\n|-supereffective|p2a: Mew\n|-damage|p2a: Mew|24\/100\n|\n|upkeep\n|turn|4\n|\n|t:|1663584250\n|move|p2a: Mew|Taunt|p1a: SWAG LIKE OHIO\n|-start|p1a: SWAG LIKE OHIO|move: Taunt\n|cant|p1a: SWAG LIKE OHIO|move: Taunt|Defog\n|\n|upkeep\n|turn|5\n|\n|t:|1663584254\n|move|p2a: Mew|Spikes|p1a: SWAG LIKE OHIO\n|-sidestart|p1: broked on bricks|Spikes\n|move|p1a: SWAG LIKE OHIO|U-turn|p2a: Mew\n|-supereffective|p2a: Mew\n|-damage|p2a: Mew|0 fnt\n|faint|p2a: Mew\n|\n|t:|1663584263\n|switch|p1a: Dragopult|Dragapult, F|100\/100|[from]move: U-turn\n|-damage|p1a: Dragopult|88\/100|[from] Stealth Rock\n|-damage|p1a: Dragopult|76\/100|[from] Spikes\n|\n|upkeep\n|j| Eragonhero\n|\n|t:|1663584280\n|switch|p2a: Rillaboom|Rillaboom, F|100\/100\n|-fieldstart|move: Grassy Terrain|[from] ability: Grassy Surge|[of] p2a: Rillaboom\n|turn|6\n|j| Distorted Records\n|\n|t:|1663584293\n|move|p1a: Dragopult|Thunder|p2a: Rillaboom\n|-resisted|p2a: Rillaboom\n|-damage|p2a: Rillaboom|84\/100\n|move|p2a: Rillaboom|Swords Dance|p2a: Rillaboom\n|-boost|p2a: Rillaboom|atk|2\n|\n|-heal|p1a: Dragopult|82\/100|[from] Grassy Terrain\n|-heal|p2a: Rillaboom|90\/100|[from] Grassy Terrain\n|-heal|p2a: Rillaboom|96\/100|[from] item: Leftovers\n|upkeep\n|turn|7\n|\n|t:|1663584297\n|switch|p1a: These Bolts|Melmetal|100\/100\n|-damage|p1a: These Bolts|94\/100|[from] Stealth Rock\n|-damage|p1a: These Bolts|82\/100|[from] Spikes\n|move|p2a: Rillaboom|Swords Dance|p2a: Rillaboom\n|-boost|p2a: Rillaboom|atk|2\n|\n|-heal|p2a: Rillaboom|100\/100|[from] Grassy Terrain\n|-heal|p1a: These Bolts|88\/100|[from] Grassy Terrain\n|-heal|p1a: These Bolts|94\/100|[from] item: Leftovers\n|upkeep\n|turn|8\n|\n|t:|1663584301\n|move|p1a: These Bolts|Protect|p1a: These Bolts\n|-singleturn|p1a: These Bolts|Protect\n|move|p2a: Rillaboom|Superpower|p1a: These Bolts\n|-activate|p1a: These Bolts|move: Protect\n|\n|-heal|p1a: These Bolts|99\/100|[from] Grassy Terrain\n|-heal|p1a: These Bolts|100\/100|[from] item: Leftovers\n|upkeep\n|turn|9\n|\n|t:|1663584307\n|switch|p1a: PENTADACTYL LIMB|Pelipper, F|100\/100\n|-damage|p1a: PENTADACTYL LIMB|76\/100|[from] Stealth Rock\n|-weather|RainDance|[from] ability: Drizzle|[of] p1a: PENTADACTYL LIMB\n|move|p2a: Rillaboom|Knock Off|p1a: PENTADACTYL LIMB\n|-damage|p1a: PENTADACTYL LIMB|0 fnt\n|-enditem|p1a: PENTADACTYL LIMB|Choice Specs|[from] move: Knock Off|[of] p2a: Rillaboom\n|faint|p1a: PENTADACTYL LIMB\n|\n|-weather|RainDance|[upkeep]\n|upkeep\n|\n|t:|1663584309\n|switch|p1a: Lele Wulong|Tapu Lele|100\/100\n|-damage|p1a: Lele Wulong|88\/100|[from] Stealth Rock\n|-damage|p1a: Lele Wulong|76\/100|[from] Spikes\n|-fieldstart|move: Psychic Terrain|[from] ability: Psychic Surge|[of] p1a: Lele Wulong\n|turn|10\n|\n|t:|1663584313\n|move|p1a: Lele Wulong|Psychic|p2a: Rillaboom\n|-damage|p2a: Rillaboom|47\/100\n|move|p2a: Rillaboom|Grassy Glide|p1a: Lele Wulong\n|-damage|p1a: Lele Wulong|0 fnt\n|faint|p1a: Lele Wulong\n|\n|-weather|RainDance|[upkeep]\n|-heal|p2a: Rillaboom|53\/100|[from] item: Leftovers\n|upkeep\n|\n|t:|1663584326\n|switch|p1a: OC Horse|Keldeo-Resolute|100\/100\n|-damage|p1a: OC Horse|94\/100|[from] Stealth Rock\n|-damage|p1a: OC Horse|82\/100|[from] Spikes\n|turn|11\n|\n|t:|1663584335\n|switch|p1a: Dragopult|Dragapult, F|82\/100\n|-damage|p1a: Dragopult|70\/100|[from] Stealth Rock\n|-damage|p1a: Dragopult|57\/100|[from] Spikes\n|move|p2a: Rillaboom|Grassy Glide|p1a: Dragopult\n|-resisted|p1a: Dragopult\n|-damage|p1a: Dragopult|0 fnt\n|faint|p1a: Dragopult\n|\n|-weather|RainDance|[upkeep]\n|-heal|p2a: Rillaboom|59\/100|[from] item: Leftovers\n|upkeep\n|c|\u2606broked on bricks|lmao wp\n|c|\u2606broked on bricks|this thing is insanely fat\n|c|\u2606broked on bricks|cool set\n|\n|t:|1663584348\n|switch|p1a: OC Horse|Keldeo-Resolute|82\/100\n|-damage|p1a: OC Horse|76\/100|[from] Stealth Rock\n|-damage|p1a: OC Horse|63\/100|[from] Spikes\n|turn|12\n|c|\u2606GXE Chaser|yea\n|c|\u2606GXE Chaser|it withstands hurricane\n|c|\u2606broked on bricks|what's the spread\n|\n|t:|1663584356\n|move|p1a: OC Horse|Secret Sword|p2a: Rillaboom\n|-damage|p2a: Rillaboom|2\/100\n|move|p2a: Rillaboom|Grassy Glide|p1a: OC Horse\n|-supereffective|p1a: OC Horse\n|-damage|p1a: OC Horse|0 fnt\n|faint|p1a: OC Horse\n|\n|-weather|RainDance|[upkeep]\n|-heal|p2a: Rillaboom|8\/100|[from] item: Leftovers\n|upkeep\n|c|\u2606broked on bricks|jesus christ\n|c|\u2606GXE Chaser|max spdef max hp\n|c|\u2606broked on bricks|counter teamed\n|c|\u2606broked on bricks|jokes\n|c|\u2606GXE Chaser|nothing special ;p\n|c|\u2606broked on bricks|wp\n|l| Arnaud senju vgc\n|c|\u2606broked on bricks|cooks my 3 specs mons\n|c|\u2606broked on bricks|lol\n|c|\u2606broked on bricks|gg\n|-message|broked on bricks forfeited.\n|\n|win|GXE Chaser\n|raw|broked on bricks's rating: 1738 &rarr; <strong>1717<\/strong><br \/>(-21 for losing)\n|raw|GXE Chaser's rating: 1721 &rarr; <strong>1742<\/strong><br \/>(+21 for winning)\n|l|\u2606broked on bricks\n|c|\u2606GXE Chaser|yea rain hates it\n|l|\u2606GXE Chaser\n|l| Distorted Records\n||Ladder isn't responding, score probably updated but might not have (Request timeout).\n","uploadtime":1663584428,"views":26,"p1id":"brokedonbricks","p2id":"gxechaser","formatid":"gen8ou","rating":1717,"private":0,"password":null}