{"id":"gen8ou-1669168302","p1":"Af Lele.Tomas","p2":"LT94JE Allistair","format":"gen8ou","log":"|j|\u2606Af Lele.Tomas\n|j|\u2606LT94JE Allistair\n|t:|1664025880\n|gametype|singles\n|player|p1|Af Lele.Tomas|nate|1719\n|player|p2|LT94JE Allistair|101|1798\n|teamsize|p1|6\n|teamsize|p2|6\n|gen|8\n|tier|[Gen 8] OU\n|rated|\n|rule|Sleep Clause Mod: Limit one foe put to sleep\n|rule|Species Clause: Limit one of each Pok\u00e9mon\n|rule|OHKO Clause: OHKO moves are banned\n|rule|Evasion Items Clause: Evasion items are banned\n|rule|Evasion Moves Clause: Evasion moves are banned\n|rule|Endless Battle Clause: Forcing endless battles is banned\n|rule|HP Percentage Mod: HP is shown in percentages\n|rule|Dynamax Clause: You cannot dynamax\n|clearpoke\n|poke|p1|Tyranitar, M|\n|poke|p1|Corviknight, M|\n|poke|p1|Slowbro, M|\n|poke|p1|Clefable, M|\n|poke|p1|Garchomp, M|\n|poke|p1|Volcarona, M|\n|poke|p2|Mew|\n|poke|p2|Slurpuff, F|\n|poke|p2|Jirachi|\n|poke|p2|Zeraora|\n|poke|p2|Vanilluxe, F|\n|poke|p2|Espeon, M|\n|teampreview\n|j| pipoutine\n|l| pipoutine\n|\n|t:|1664025935\n|start\n|switch|p1a: Slowbro|Slowbro, M|100\/100\n|switch|p2a: Slurpuff|Slurpuff, F|100\/100\n|turn|1\n|j| wistwind\n|\n|t:|1664025946\n|move|p2a: Slurpuff|Sticky Web|p1a: Slowbro\n|-sidestart|p1: Af Lele.Tomas|move: Sticky Web\n|move|p1a: Slowbro|Toxic|p2a: Slurpuff\n|-status|p2a: Slurpuff|tox\n|\n|-damage|p2a: Slurpuff|94\/100 tox|[from] psn\n|upkeep\n|turn|2\n|\n|t:|1664025951\n|move|p2a: Slurpuff|Misty Explosion|p1a: Slowbro\n|-damage|p1a: Slowbro|69\/100\n|faint|p2a: Slurpuff\n|move|p1a: Slowbro|Future Sight|p2: Slurpuff\n|-start|p1a: Slowbro|move: Future Sight\n|\n|upkeep\n|\n|t:|1664025955\n|switch|p2a: Vanilluxe|Vanilluxe, F|100\/100\n|-weather|Hail|[from] ability: Snow Warning|[of] p2a: Vanilluxe\n|turn|3\n|\n|t:|1664025959\n|switch|p1a: Tyranitar|Tyranitar, M|100\/100\n|-activate|p1a: Tyranitar|move: Sticky Web\n|-unboost|p1a: Tyranitar|spe|1\n|-weather|Sandstorm|[from] ability: Sand Stream|[of] p1a: Tyranitar\n|move|p2a: Vanilluxe|Aurora Veil||[still]\n|-fail|p2a: Vanilluxe\n|\n|-weather|Sandstorm|[upkeep]\n|-damage|p2a: Vanilluxe|94\/100|[from] Sandstorm\n|upkeep\n|turn|4\n|\n|t:|1664025966\n|move|p2a: Vanilluxe|Hail|p2a: Vanilluxe\n|-weather|Hail\n|move|p1a: Tyranitar|Flamethrower|p2a: Vanilluxe\n|-supereffective|p2a: Vanilluxe\n|-damage|p2a: Vanilluxe|44\/100\n|\n|-weather|Hail|[upkeep]\n|-damage|p1a: Tyranitar|94\/100|[from] Hail\n|-end|p2a: Vanilluxe|move: Future Sight\n|-damage|p2a: Vanilluxe|0 fnt\n|faint|p2a: Vanilluxe\n|-heal|p1a: Tyranitar|100\/100|[from] item: Leftovers\n|upkeep\n|\n|t:|1664025987\n|switch|p2a: Zeraora|Zeraora|100\/100\n|turn|5\n|j| born with smaids\n|\n|t:|1664025996\n|switch|p1a: Slowbro|Slowbro, M|100\/100\n|-activate|p1a: Slowbro|move: Sticky Web\n|-unboost|p1a: Slowbro|spe|1\n|move|p2a: Zeraora|Knock Off|p1a: Slowbro\n|-supereffective|p1a: Slowbro\n|-damage|p1a: Slowbro|63\/100\n|-damage|p2a: Zeraora|84\/100|[from] item: Rocky Helmet|[of] p1a: Slowbro\n|-enditem|p1a: Slowbro|Rocky Helmet|[from] move: Knock Off|[of] p2a: Zeraora\n|\n|-weather|Hail|[upkeep]\n|-damage|p2a: Zeraora|78\/100|[from] Hail\n|-damage|p1a: Slowbro|57\/100|[from] Hail\n|upkeep\n|turn|6\n|j| ghvjhjvbkkjg\n|\n|t:|1664026004\n|switch|p2a: Espeon|Espeon, M|100\/100\n|switch|p1a: Garchomp|Garchomp, M|100\/100\n|-activate|p1a: Garchomp|move: Sticky Web\n|-unboost|p1a: Garchomp|spe|1\n|\n|-weather|Hail|[upkeep]\n|-damage|p2a: Espeon|94\/100|[from] Hail\n|-damage|p1a: Garchomp|94\/100|[from] Hail\n|-heal|p2a: Espeon|100\/100|[from] item: Leftovers\n|-heal|p1a: Garchomp|100\/100|[from] item: Leftovers\n|upkeep\n|turn|7\n|\n|t:|1664026011\n|switch|p1a: Tyranitar|Tyranitar, M|100\/100\n|-activate|p1a: Tyranitar|move: Sticky Web\n|-unboost|p1a: Tyranitar|spe|1\n|-weather|Sandstorm|[from] ability: Sand Stream|[of] p1a: Tyranitar\n|move|p2a: Espeon|Calm Mind|p2a: Espeon\n|-boost|p2a: Espeon|spa|1\n|-boost|p2a: Espeon|spd|1\n|\n|-weather|Sandstorm|[upkeep]\n|-damage|p2a: Espeon|94\/100|[from] Sandstorm\n|-heal|p2a: Espeon|100\/100|[from] item: Leftovers\n|upkeep\n|turn|8\n|\n|t:|1664026020\n|move|p2a: Espeon|Calm Mind|p2a: Espeon\n|-boost|p2a: Espeon|spa|1\n|-boost|p2a: Espeon|spd|1\n|move|p1a: Tyranitar|Rock Blast|p2a: Espeon\n|-damage|p2a: Espeon|85\/100\n|-damage|p2a: Espeon|69\/100\n|-damage|p2a: Espeon|53\/100\n|-hitcount|p2a: Espeon|3\n|\n|-weather|Sandstorm|[upkeep]\n|-damage|p2a: Espeon|47\/100|[from] Sandstorm\n|-heal|p2a: Espeon|53\/100|[from] item: Leftovers\n|upkeep\n|turn|9\n|\n|t:|1664026037\n|switch|p1a: Clefable|Clefable, M|100\/100\n|-activate|p1a: Clefable|move: Sticky Web\n|-unboost|p1a: Clefable|spe|1\n|move|p2a: Espeon|Morning Sun|p2a: Espeon\n|-heal|p2a: Espeon|78\/100\n|\n|-weather|Sandstorm|[upkeep]\n|-damage|p2a: Espeon|72\/100|[from] Sandstorm\n|-damage|p1a: Clefable|94\/100|[from] Sandstorm\n|-heal|p2a: Espeon|78\/100|[from] item: Leftovers\n|-heal|p1a: Clefable|100\/100|[from] item: Leftovers\n|upkeep\n|turn|10\n|\n|t:|1664026042\n|move|p2a: Espeon|Calm Mind|p2a: Espeon\n|-boost|p2a: Espeon|spa|1\n|-boost|p2a: Espeon|spd|1\n|move|p1a: Clefable|Moonblast|p2a: Espeon\n|-damage|p2a: Espeon|39\/100\n|\n|-weather|Sandstorm|[upkeep]\n|-damage|p2a: Espeon|32\/100|[from] Sandstorm\n|-damage|p1a: Clefable|94\/100|[from] Sandstorm\n|-heal|p2a: Espeon|39\/100|[from] item: Leftovers\n|-heal|p1a: Clefable|100\/100|[from] item: Leftovers\n|upkeep\n|turn|11\n|c| born with smaids|bro, trust me, go with electric seed espeon\n|\n|t:|1664026062\n|move|p2a: Espeon|Morning Sun|p2a: Espeon\n|-heal|p2a: Espeon|64\/100\n|move|p1a: Clefable|Moonblast|p2a: Espeon\n|-damage|p2a: Espeon|24\/100\n|\n|-weather|none\n|-heal|p2a: Espeon|30\/100|[from] item: Leftovers\n|upkeep\n|turn|12\n|l| ghvjhjvbkkjg\n|c| born with smaids|change zeraora with koko\n|c| born with smaids|or vanilux with koko\n|\n|t:|1664026088\n|move|p2a: Espeon|Morning Sun|p2a: Espeon\n|-heal|p2a: Espeon|80\/100\n|move|p1a: Clefable|Moonblast|p2a: Espeon\n|-damage|p2a: Espeon|35\/100\n|\n|-heal|p2a: Espeon|41\/100|[from] item: Leftovers\n|upkeep\n|turn|13\n|l| wistwind\n|\n|t:|1664026112\n|move|p2a: Espeon|Morning Sun|p2a: Espeon\n|-heal|p2a: Espeon|91\/100\n|move|p1a: Clefable|Moonblast|p2a: Espeon\n|-damage|p2a: Espeon|51\/100\n|-unboost|p2a: Espeon|spa|1\n|\n|-heal|p2a: Espeon|57\/100|[from] item: Leftovers\n|upkeep\n|turn|14\n|\n|t:|1664026122\n|switch|p1a: Tyranitar|Tyranitar, M|100\/100\n|-activate|p1a: Tyranitar|move: Sticky Web\n|-unboost|p1a: Tyranitar|spe|1\n|-weather|Sandstorm|[from] ability: Sand Stream|[of] p1a: Tyranitar\n|move|p2a: Espeon|Stored Power|p1a: Tyranitar\n|-immune|p1a: Tyranitar\n|\n|-weather|Sandstorm|[upkeep]\n|-damage|p2a: Espeon|51\/100|[from] Sandstorm\n|-heal|p2a: Espeon|57\/100|[from] item: Leftovers\n|upkeep\n|turn|15\n|\n|t:|1664026125\n|move|p2a: Espeon|Dazzling Gleam|p1a: Tyranitar\n|-supereffective|p1a: Tyranitar\n|-damage|p1a: Tyranitar|66\/100\n|move|p1a: Tyranitar|Rock Blast|p2a: Espeon|[miss]\n|-miss|p1a: Tyranitar|p2a: Espeon\n|\n|-weather|Sandstorm|[upkeep]\n|-damage|p2a: Espeon|51\/100|[from] Sandstorm\n|-heal|p2a: Espeon|57\/100|[from] item: Leftovers\n|-heal|p1a: Tyranitar|72\/100|[from] item: Leftovers\n|upkeep\n|turn|16\n|\n|t:|1664026134\n|move|p2a: Espeon|Dazzling Gleam|p1a: Tyranitar\n|-supereffective|p1a: Tyranitar\n|-damage|p1a: Tyranitar|34\/100\n|move|p1a: Tyranitar|Rock Blast|p2a: Espeon\n|-damage|p2a: Espeon|43\/100\n|-damage|p2a: Espeon|28\/100\n|-damage|p2a: Espeon|14\/100\n|-damage|p2a: Espeon|0 fnt\n|faint|p2a: Espeon\n|-hitcount|p2: Espeon|4\n|\n|-weather|Sandstorm|[upkeep]\n|-heal|p1a: Tyranitar|40\/100|[from] item: Leftovers\n|upkeep\n|inactive|Battle timer is ON: inactive players will automatically lose when time's up. (requested by Af Lele.Tomas)\n|\n|t:|1664026153\n|switch|p2a: Mew|Mew|100\/100\n|turn|17\n|\n|t:|1664026158\n|move|p2a: Mew|Cosmic Power|p2a: Mew\n|-boost|p2a: Mew|def|1\n|-boost|p2a: Mew|spd|1\n|move|p1a: Tyranitar|Rock Blast|p2a: Mew\n|-damage|p2a: Mew|94\/100\n|-damage|p2a: Mew|87\/100\n|-damage|p2a: Mew|81\/100\n|-hitcount|p2a: Mew|3\n|\n|-weather|Sandstorm|[upkeep]\n|-damage|p2a: Mew|74\/100|[from] Sandstorm\n|-heal|p1a: Tyranitar|46\/100|[from] item: Leftovers\n|upkeep\n|turn|18\n|\n|t:|1664026163\n|switch|p1a: Slowbro|Slowbro, M|90\/100\n|-activate|p1a: Slowbro|move: Sticky Web\n|-unboost|p1a: Slowbro|spe|1\n|move|p2a: Mew|Taunt|p1a: Slowbro\n|-start|p1a: Slowbro|move: Taunt\n|\n|-weather|none\n|upkeep\n|turn|19\n|\n|t:|1664026176\n|switch|p1a: Tyranitar|Tyranitar, M|46\/100\n|-activate|p1a: Tyranitar|move: Sticky Web\n|-unboost|p1a: Tyranitar|spe|1\n|-weather|Sandstorm|[from] ability: Sand Stream|[of] p1a: Tyranitar\n|move|p2a: Mew|Cosmic Power|p2a: Mew\n|-boost|p2a: Mew|def|1\n|-boost|p2a: Mew|spd|1\n|\n|-weather|Sandstorm|[upkeep]\n|-damage|p2a: Mew|68\/100|[from] Sandstorm\n|-heal|p1a: Tyranitar|52\/100|[from] item: Leftovers\n|upkeep\n|turn|20\n|\n|t:|1664026181\n|move|p2a: Mew|Taunt|p1a: Tyranitar\n|-start|p1a: Tyranitar|move: Taunt\n|move|p1a: Tyranitar|Rock Blast|p2a: Mew\n|-damage|p2a: Mew|64\/100\n|-damage|p2a: Mew|59\/100\n|-damage|p2a: Mew|54\/100\n|-damage|p2a: Mew|48\/100\n|-damage|p2a: Mew|44\/100\n|-hitcount|p2a: Mew|5\n|\n|-weather|Sandstorm|[upkeep]\n|-damage|p2a: Mew|37\/100|[from] Sandstorm\n|-heal|p1a: Tyranitar|59\/100|[from] item: Leftovers\n|upkeep\n|turn|21\n|\n|t:|1664026192\n|move|p2a: Mew|Roost|p2a: Mew\n|-heal|p2a: Mew|88\/100\n|-singleturn|p2a: Mew|move: Roost\n|move|p1a: Tyranitar|Rock Blast|p2a: Mew\n|-damage|p2a: Mew|83\/100\n|-damage|p2a: Mew|78\/100\n|-hitcount|p2a: Mew|2\n|\n|-weather|Sandstorm|[upkeep]\n|-damage|p2a: Mew|72\/100|[from] Sandstorm\n|-heal|p1a: Tyranitar|65\/100|[from] item: Leftovers\n|upkeep\n|turn|22\n|\n|t:|1664026197\n|move|p2a: Mew|Cosmic Power|p2a: Mew\n|-boost|p2a: Mew|def|1\n|-boost|p2a: Mew|spd|1\n|move|p1a: Tyranitar|Flamethrower|p2a: Mew\n|-damage|p2a: Mew|66\/100\n|\n|-weather|Sandstorm|[upkeep]\n|-damage|p2a: Mew|59\/100|[from] Sandstorm\n|-heal|p1a: Tyranitar|71\/100|[from] item: Leftovers\n|-end|p1a: Tyranitar|move: Taunt\n|upkeep\n|turn|23\n|\n|t:|1664026205\n|move|p2a: Mew|Taunt|p1a: Tyranitar\n|-start|p1a: Tyranitar|move: Taunt\n|cant|p1a: Tyranitar|move: Taunt|Stealth Rock\n|\n|-weather|none\n|-heal|p1a: Tyranitar|77\/100|[from] item: Leftovers\n|upkeep\n|turn|24\n|\n|t:|1664026208\n|move|p2a: Mew|Roost|p2a: Mew\n|-heal|p2a: Mew|100\/100\n|-singleturn|p2a: Mew|move: Roost\n|move|p1a: Tyranitar|Earthquake|p2a: Mew\n|-damage|p2a: Mew|90\/100\n|\n|-heal|p1a: Tyranitar|83\/100|[from] item: Leftovers\n|upkeep\n|turn|25\n|\n|t:|1664026211\n|switch|p1a: Corviknight|Corviknight, M|100\/100\n|-ability|p1a: Corviknight|Pressure\n|move|p2a: Mew|Cosmic Power|p2a: Mew\n|-boost|p2a: Mew|def|1\n|-boost|p2a: Mew|spd|1\n|\n|upkeep\n|turn|26\n|\n|t:|1664026213\n|switch|p1a: Tyranitar|Tyranitar, M|83\/100\n|-activate|p1a: Tyranitar|move: Sticky Web\n|-unboost|p1a: Tyranitar|spe|1\n|-weather|Sandstorm|[from] ability: Sand Stream|[of] p1a: Tyranitar\n|move|p2a: Mew|Taunt|p1a: Tyranitar\n|-start|p1a: Tyranitar|move: Taunt\n|\n|-weather|Sandstorm|[upkeep]\n|-damage|p2a: Mew|84\/100|[from] Sandstorm\n|-heal|p1a: Tyranitar|90\/100|[from] item: Leftovers\n|upkeep\n|turn|27\n|\n|t:|1664026216\n|switch|p1a: Corviknight|Corviknight, M|100\/100\n|-ability|p1a: Corviknight|Pressure\n|move|p2a: Mew|Cosmic Power|p2a: Mew\n|-boost|p2a: Mew|def|1\n|-boost|p2a: Mew|spd|1\n|\n|-weather|Sandstorm|[upkeep]\n|-damage|p2a: Mew|78\/100|[from] Sandstorm\n|upkeep\n|turn|28\n|\n|t:|1664026220\n|switch|p1a: Tyranitar|Tyranitar, M|90\/100\n|-activate|p1a: Tyranitar|move: Sticky Web\n|-unboost|p1a: Tyranitar|spe|1\n|move|p2a: Mew|Taunt|p1a: Tyranitar\n|-start|p1a: Tyranitar|move: Taunt\n|\n|-weather|Sandstorm|[upkeep]\n|-damage|p2a: Mew|72\/100|[from] Sandstorm\n|-heal|p1a: Tyranitar|96\/100|[from] item: Leftovers\n|upkeep\n|turn|29\n|\n|t:|1664026223\n|switch|p1a: Corviknight|Corviknight, M|100\/100\n|-ability|p1a: Corviknight|Pressure\n|move|p2a: Mew|Cosmic Power|p2a: Mew\n|-boost|p2a: Mew|def|1\n|-boost|p2a: Mew|spd|1\n|\n|-weather|Sandstorm|[upkeep]\n|-damage|p2a: Mew|66\/100|[from] Sandstorm\n|upkeep\n|turn|30\n|\n|t:|1664026228\n|switch|p1a: Tyranitar|Tyranitar, M|96\/100\n|-activate|p1a: Tyranitar|move: Sticky Web\n|-unboost|p1a: Tyranitar|spe|1\n|move|p2a: Mew|Roost|p2a: Mew\n|-heal|p2a: Mew|100\/100\n|-singleturn|p2a: Mew|move: Roost\n|\n|-weather|none\n|-heal|p1a: Tyranitar|100\/100|[from] item: Leftovers\n|upkeep\n|turn|31\n|\n|t:|1664026234\n|move|p2a: Mew|Stored Power|p1a: Tyranitar\n|-immune|p1a: Tyranitar\n|move|p1a: Tyranitar|Earthquake|p2a: Mew\n|-damage|p2a: Mew|93\/100\n|\n|upkeep\n|turn|32\n|\n|t:|1664026240\n|move|p2a: Mew|Taunt|p1a: Tyranitar\n|-start|p1a: Tyranitar|move: Taunt\n|cant|p1a: Tyranitar|move: Taunt|Stealth Rock\n|\n|upkeep\n|turn|33\n|\n|t:|1664026243\n|move|p2a: Mew|Stored Power|p1a: Tyranitar\n|-immune|p1a: Tyranitar\n|move|p1a: Tyranitar|Earthquake|p2a: Mew\n|-damage|p2a: Mew|87\/100\n|\n|upkeep\n|turn|34\n|\n|t:|1664026246\n|switch|p1a: Corviknight|Corviknight, M|100\/100\n|-ability|p1a: Corviknight|Pressure\n|move|p2a: Mew|Cosmic Power|p2a: Mew\n|-boost|p2a: Mew|def|0\n|-boost|p2a: Mew|spd|0\n|\n|upkeep\n|turn|35\n|\n|t:|1664026249\n|switch|p1a: Tyranitar|Tyranitar, M|100\/100\n|-activate|p1a: Tyranitar|move: Sticky Web\n|-unboost|p1a: Tyranitar|spe|1\n|-weather|Sandstorm|[from] ability: Sand Stream|[of] p1a: Tyranitar\n|move|p2a: Mew|Cosmic Power|p2a: Mew\n|-boost|p2a: Mew|def|0\n|-boost|p2a: Mew|spd|0\n|\n|-weather|Sandstorm|[upkeep]\n|-damage|p2a: Mew|81\/100|[from] Sandstorm\n|upkeep\n|turn|36\n|\n|t:|1664026255\n|move|p2a: Mew|Taunt|p1a: Tyranitar\n|-start|p1a: Tyranitar|move: Taunt\n|move|p1a: Tyranitar|Earthquake|p2a: Mew\n|-damage|p2a: Mew|74\/100\n|\n|-weather|Sandstorm|[upkeep]\n|-damage|p2a: Mew|68\/100|[from] Sandstorm\n|upkeep\n|turn|37\n|\n|t:|1664026258\n|switch|p1a: Corviknight|Corviknight, M|100\/100\n|-ability|p1a: Corviknight|Pressure\n|move|p2a: Mew|Cosmic Power|p2a: Mew\n|-boost|p2a: Mew|def|0\n|-boost|p2a: Mew|spd|0\n|\n|-weather|Sandstorm|[upkeep]\n|-damage|p2a: Mew|61\/100|[from] Sandstorm\n|upkeep\n|turn|38\n|\n|t:|1664026261\n|move|p2a: Mew|Roost|p2a: Mew\n|-heal|p2a: Mew|100\/100\n|-singleturn|p2a: Mew|move: Roost\n|move|p1a: Corviknight|U-turn|p2a: Mew\n|-supereffective|p2a: Mew\n|-damage|p2a: Mew|94\/100\n|-enditem|p2a: Mew|Weakness Policy\n|-boost|p2a: Mew|atk|2|[from] item: Weakness Policy\n|-boost|p2a: Mew|spa|2|[from] item: Weakness Policy\n|\n|t:|1664026265\n|switch|p1a: Tyranitar|Tyranitar, M|100\/100|[from]move: U-turn\n|-activate|p1a: Tyranitar|move: Sticky Web\n|-unboost|p1a: Tyranitar|spe|1\n|\n|-weather|Sandstorm|[upkeep]\n|-damage|p2a: Mew|88\/100|[from] Sandstorm\n|upkeep\n|turn|39\n|\n|t:|1664026283\n|move|p2a: Mew|Taunt|p1a: Tyranitar\n|-start|p1a: Tyranitar|move: Taunt\n|move|p1a: Tyranitar|Rock Blast|p2a: Mew\n|-damage|p2a: Mew|85\/100\n|-damage|p2a: Mew|83\/100\n|-hitcount|p2a: Mew|2\n|\n|-weather|none\n|upkeep\n|turn|40\n|\n|t:|1664026299\n|move|p2a: Mew|Stored Power|p1a: Tyranitar\n|-immune|p1a: Tyranitar\n|move|p1a: Tyranitar|Earthquake|p2a: Mew\n|-damage|p2a: Mew|75\/100\n|\n|upkeep\n|turn|41\n|\n|t:|1664026302\n|move|p2a: Mew|Cosmic Power|p2a: Mew\n|-boost|p2a: Mew|def|0\n|-boost|p2a: Mew|spd|0\n|move|p1a: Tyranitar|Earthquake|p2a: Mew\n|-damage|p2a: Mew|69\/100\n|\n|-end|p1a: Tyranitar|move: Taunt\n|upkeep\n|turn|42\n|\n|t:|1664026304\n|move|p2a: Mew|Stored Power|p1a: Tyranitar\n|-immune|p1a: Tyranitar\n|move|p1a: Tyranitar|Stealth Rock|p2a: Mew\n|-sidestart|p2: LT94JE Allistair|move: Stealth Rock\n|\n|upkeep\n|turn|43\n|\n|t:|1664026307\n|move|p2a: Mew|Cosmic Power|p2a: Mew\n|-boost|p2a: Mew|def|0\n|-boost|p2a: Mew|spd|0\n|move|p1a: Tyranitar|Stealth Rock||[still]\n|-fail|p1a: Tyranitar\n|\n|upkeep\n|turn|44\n|\n|t:|1664026311\n|move|p2a: Mew|Taunt|p1a: Tyranitar\n|-start|p1a: Tyranitar|move: Taunt\n|cant|p1a: Tyranitar|move: Taunt|Stealth Rock\n|\n|upkeep\n|turn|45\n|\n|t:|1664026318\n|switch|p1a: Corviknight|Corviknight, M|100\/100\n|-ability|p1a: Corviknight|Pressure\n|move|p2a: Mew|Stored Power|p1a: Corviknight\n|-resisted|p1a: Corviknight\n|-damage|p1a: Corviknight|0 fnt\n|faint|p1a: Corviknight\n|\n|upkeep\n|\n|t:|1664026320\n|switch|p1a: Slowbro|Slowbro, M|100\/100\n|-activate|p1a: Slowbro|move: Sticky Web\n|-unboost|p1a: Slowbro|spe|1\n|turn|46\n|\n|t:|1664026323\n|move|p2a: Mew|Taunt|p1a: Slowbro\n|-start|p1a: Slowbro|move: Taunt\n|cant|p1a: Slowbro|move: Taunt|Toxic\n|\n|upkeep\n|turn|47\n|c| born with smaids|l\n|\n|t:|1664026332\n|switch|p1a: Tyranitar|Tyranitar, M|100\/100\n|-activate|p1a: Tyranitar|move: Sticky Web\n|-unboost|p1a: Tyranitar|spe|1\n|-weather|Sandstorm|[from] ability: Sand Stream|[of] p1a: Tyranitar\n|move|p2a: Mew|Taunt|p1a: Tyranitar\n|-start|p1a: Tyranitar|move: Taunt\n|\n|-weather|Sandstorm|[upkeep]\n|-damage|p2a: Mew|63\/100|[from] Sandstorm\n|upkeep\n|turn|48\n|\n|t:|1664026339\n|move|p2a: Mew|Roost|p2a: Mew\n|-heal|p2a: Mew|100\/100\n|-singleturn|p2a: Mew|move: Roost\n|move|p1a: Tyranitar|Rock Blast|p2a: Mew\n|-damage|p2a: Mew|98\/100\n|-damage|p2a: Mew|95\/100\n|-damage|p2a: Mew|93\/100\n|-hitcount|p2a: Mew|3\n|\n|-weather|Sandstorm|[upkeep]\n|-damage|p2a: Mew|86\/100|[from] Sandstorm\n|upkeep\n|turn|49\n|\n|t:|1664026351\n|move|p2a: Mew|Cosmic Power|p2a: Mew\n|-boost|p2a: Mew|def|0\n|-boost|p2a: Mew|spd|0\n|move|p1a: Tyranitar|Earthquake|p2a: Mew\n|-damage|p2a: Mew|80\/100\n|\n|-weather|Sandstorm|[upkeep]\n|-damage|p2a: Mew|74\/100|[from] Sandstorm\n|-end|p1a: Tyranitar|move: Taunt\n|upkeep\n|turn|50\n|\n|t:|1664026355\n|move|p2a: Mew|Taunt|p1a: Tyranitar\n|-start|p1a: Tyranitar|move: Taunt\n|move|p1a: Tyranitar|Earthquake|p2a: Mew\n|-damage|p2a: Mew|67\/100\n|\n|-weather|Sandstorm|[upkeep]\n|-damage|p2a: Mew|61\/100|[from] Sandstorm\n|upkeep\n|turn|51\n|\n|t:|1664026358\n|move|p2a: Mew|Roost|p2a: Mew\n|-heal|p2a: Mew|100\/100\n|-singleturn|p2a: Mew|move: Roost\n|move|p1a: Tyranitar|Earthquake|p2a: Mew\n|-damage|p2a: Mew|94\/100\n|\n|-weather|none\n|upkeep\n|turn|52\n|\n|t:|1664026360\n|move|p2a: Mew|Cosmic Power|p2a: Mew\n|-boost|p2a: Mew|def|0\n|-boost|p2a: Mew|spd|0\n|move|p1a: Tyranitar|Rock Blast|p2a: Mew\n|-damage|p2a: Mew|91\/100\n|-damage|p2a: Mew|88\/100\n|-damage|p2a: Mew|86\/100\n|-damage|p2a: Mew|83\/100\n|-damage|p2a: Mew|81\/100\n|-hitcount|p2a: Mew|5\n|\n|-end|p1a: Tyranitar|move: Taunt\n|upkeep\n|turn|53\n|\n|t:|1664026364\n|move|p2a: Mew|Taunt|p1a: Tyranitar\n|-start|p1a: Tyranitar|move: Taunt\n|cant|p1a: Tyranitar|move: Taunt|Stealth Rock\n|\n|upkeep\n|turn|54\n|c| born with smaids|bye\n|c|\u2606LT94JE Allistair|ye\n|c|\u2606LT94JE Allistair|cool suggestions\n|c|\u2606LT94JE Allistair|idk\n|\n|t:|1664026382\n|move|p2a: Mew|Stored Power|p1a: Tyranitar\n|-immune|p1a: Tyranitar\n|move|p1a: Tyranitar|Earthquake|p2a: Mew\n|-damage|p2a: Mew|74\/100\n|\n|upkeep\n|turn|55\n|\n|t:|1664026386\n|move|p2a: Mew|Cosmic Power|p2a: Mew\n|-boost|p2a: Mew|def|0\n|-boost|p2a: Mew|spd|0\n|move|p1a: Tyranitar|Earthquake|p2a: Mew\n|-damage|p2a: Mew|67\/100\n|\n|-end|p1a: Tyranitar|move: Taunt\n|upkeep\n|turn|56\n|c| born with smaids|oh wtf, i was way behind\n|\n|t:|1664026391\n|move|p2a: Mew|Taunt|p1a: Tyranitar\n|-start|p1a: Tyranitar|move: Taunt\n|cant|p1a: Tyranitar|move: Taunt|Stealth Rock\n|\n|upkeep\n|turn|57\n|c| born with smaids|just saw corviknight go down\n|\n|t:|1664026402\n|move|p2a: Mew|Roost|p2a: Mew\n|-heal|p2a: Mew|100\/100\n|-singleturn|p2a: Mew|move: Roost\n|move|p1a: Tyranitar|Earthquake|p2a: Mew\n|-damage|p2a: Mew|93\/100\n|\n|upkeep\n|turn|58\n|inactive|Af Lele.Tomas has 120 seconds left.\n|\n|t:|1664026458\n|move|p2a: Mew|Cosmic Power|p2a: Mew\n|-boost|p2a: Mew|def|0\n|-boost|p2a: Mew|spd|0\n|move|p1a: Tyranitar|Earthquake|p2a: Mew\n|-damage|p2a: Mew|86\/100\n|\n|-end|p1a: Tyranitar|move: Taunt\n|upkeep\n|turn|59\n|c| born with smaids|i have suicune on the team, sub protect. also does amazing work\n|inactive|LT94JE Allistair has 120 seconds left.\n|\n|t:|1664026494\n|move|p2a: Mew|Taunt|p1a: Tyranitar\n|-start|p1a: Tyranitar|move: Taunt\n|cant|p1a: Tyranitar|move: Taunt|Stealth Rock\n|\n|upkeep\n|turn|60\n|\n|t:|1664026504\n|move|p2a: Mew|Cosmic Power|p2a: Mew\n|-boost|p2a: Mew|def|0\n|-boost|p2a: Mew|spd|0\n|move|p1a: Tyranitar|Flamethrower|p2a: Mew\n|-damage|p2a: Mew|82\/100\n|\n|upkeep\n|turn|61\n|\n|t:|1664026514\n|move|p2a: Mew|Cosmic Power|p2a: Mew\n|-boost|p2a: Mew|def|0\n|-boost|p2a: Mew|spd|0\n|move|p1a: Tyranitar|Flamethrower|p2a: Mew\n|-damage|p2a: Mew|77\/100\n|\n|-end|p1a: Tyranitar|move: Taunt\n|upkeep\n|turn|62\n|\n|t:|1664026520\n|move|p2a: Mew|Taunt|p1a: Tyranitar\n|-start|p1a: Tyranitar|move: Taunt\n|move|p1a: Tyranitar|Flamethrower|p2a: Mew\n|-damage|p2a: Mew|72\/100\n|\n|upkeep\n|turn|63\n|\n|t:|1664026523\n|move|p2a: Mew|Cosmic Power|p2a: Mew\n|-boost|p2a: Mew|def|0\n|-boost|p2a: Mew|spd|0\n|move|p1a: Tyranitar|Flamethrower|p2a: Mew\n|-damage|p2a: Mew|67\/100\n|\n|upkeep\n|turn|64\n|\n|t:|1664026526\n|move|p2a: Mew|Cosmic Power|p2a: Mew\n|-boost|p2a: Mew|def|0\n|-boost|p2a: Mew|spd|0\n|move|p1a: Tyranitar|Rock Blast|p2a: Mew\n|-damage|p2a: Mew|64\/100\n|-damage|p2a: Mew|62\/100\n|-hitcount|p2a: Mew|2\n|\n|-end|p1a: Tyranitar|move: Taunt\n|upkeep\n|turn|65\n|\n|t:|1664026533\n|move|p2a: Mew|Taunt|p1a: Tyranitar\n|-start|p1a: Tyranitar|move: Taunt\n|cant|p1a: Tyranitar|move: Taunt|Stealth Rock\n|\n|upkeep\n|turn|66\n|\n|t:|1664026538\n|move|p2a: Mew|Roost|p2a: Mew\n|-heal|p2a: Mew|100\/100\n|-singleturn|p2a: Mew|move: Roost\n|move|p1a: Tyranitar|Flamethrower|p2a: Mew\n|-damage|p2a: Mew|96\/100\n|\n|upkeep\n|turn|67\n|\n|t:|1664026541\n|move|p2a: Mew|Cosmic Power|p2a: Mew\n|-boost|p2a: Mew|def|0\n|-boost|p2a: Mew|spd|0\n|move|p1a: Tyranitar|Flamethrower|p2a: Mew\n|-damage|p2a: Mew|90\/100\n|\n|-end|p1a: Tyranitar|move: Taunt\n|upkeep\n|turn|68\n|\n|t:|1664026544\n|move|p2a: Mew|Taunt|p1a: Tyranitar\n|-start|p1a: Tyranitar|move: Taunt\n|cant|p1a: Tyranitar|move: Taunt|Stealth Rock\n|\n|upkeep\n|turn|69\n|j| NDHB\n|\n|t:|1664026562\n|move|p2a: Mew|Cosmic Power|p2a: Mew\n|-boost|p2a: Mew|def|0\n|-boost|p2a: Mew|spd|0\n|move|p1a: Tyranitar|Flamethrower|p2a: Mew\n|-damage|p2a: Mew|86\/100\n|\n|upkeep\n|turn|70\n|\n|t:|1664026567\n|move|p2a: Mew|Cosmic Power|p2a: Mew\n|-boost|p2a: Mew|def|0\n|-boost|p2a: Mew|spd|0\n|move|p1a: Tyranitar|Flamethrower|p2a: Mew\n|-damage|p2a: Mew|81\/100\n|-status|p2a: Mew|brn\n|-activate|p2a: Mew|ability: Synchronize\n|-status|p1a: Tyranitar|brn\n|\n|-damage|p2a: Mew|74\/100 brn|[from] brn\n|-damage|p1a: Tyranitar|94\/100 brn|[from] brn\n|-end|p1a: Tyranitar|move: Taunt\n|upkeep\n|turn|71\n|\n|t:|1664026576\n|move|p2a: Mew|Taunt|p1a: Tyranitar\n|-start|p1a: Tyranitar|move: Taunt\n|cant|p1a: Tyranitar|move: Taunt|Stealth Rock\n|\n|-heal|p1a: Tyranitar|100\/100 brn|[from] item: Leftovers\n|-damage|p2a: Mew|68\/100 brn|[from] brn\n|-damage|p1a: Tyranitar|94\/100 brn|[from] brn\n|upkeep\n|turn|72\n|\n|t:|1664026582\n|move|p2a: Mew|Cosmic Power|p2a: Mew\n|-boost|p2a: Mew|def|0\n|-boost|p2a: Mew|spd|0\n|move|p1a: Tyranitar|Rock Blast|p2a: Mew\n|-damage|p2a: Mew|67\/100 brn\n|-damage|p2a: Mew|66\/100 brn\n|-crit|p2a: Mew\n|-damage|p2a: Mew|58\/100 brn\n|-hitcount|p2a: Mew|3\n|\n|-heal|p1a: Tyranitar|100\/100 brn|[from] item: Leftovers\n|-damage|p2a: Mew|52\/100 brn|[from] brn\n|-damage|p1a: Tyranitar|94\/100 brn|[from] brn\n|upkeep\n|turn|73\n|\n|t:|1664026600\n|move|p2a: Mew|Stored Power|p1a: Tyranitar\n|-immune|p1a: Tyranitar\n|move|p1a: Tyranitar|Rock Blast|p2a: Mew\n|-damage|p2a: Mew|51\/100 brn\n|-damage|p2a: Mew|50\/100 brn\n|-damage|p2a: Mew|49\/100 brn\n|-hitcount|p2a: Mew|3\n|\n|-heal|p1a: Tyranitar|100\/100 brn|[from] item: Leftovers\n|-damage|p2a: Mew|42\/100 brn|[from] brn\n|-damage|p1a: Tyranitar|94\/100 brn|[from] brn\n|-end|p1a: Tyranitar|move: Taunt\n|upkeep\n|turn|74\n|\n|t:|1664026606\n|move|p2a: Mew|Roost|p2a: Mew\n|-heal|p2a: Mew|93\/100 brn\n|-singleturn|p2a: Mew|move: Roost\n|move|p1a: Tyranitar|Rock Blast|p2a: Mew\n|-damage|p2a: Mew|91\/100 brn\n|-damage|p2a: Mew|90\/100 brn\n|-damage|p2a: Mew|89\/100 brn\n|-hitcount|p2a: Mew|3\n|\n|-heal|p1a: Tyranitar|100\/100 brn|[from] item: Leftovers\n|-damage|p2a: Mew|83\/100 brn|[from] brn\n|-damage|p1a: Tyranitar|94\/100 brn|[from] brn\n|upkeep\n|turn|75\n|\n|t:|1664026609\n|move|p2a: Mew|Taunt|p1a: Tyranitar\n|-start|p1a: Tyranitar|move: Taunt\n|move|p1a: Tyranitar|Flamethrower|p2a: Mew\n|-damage|p2a: Mew|78\/100 brn\n|\n|-heal|p1a: Tyranitar|100\/100 brn|[from] item: Leftovers\n|-damage|p2a: Mew|72\/100 brn|[from] brn\n|-damage|p1a: Tyranitar|94\/100 brn|[from] brn\n|upkeep\n|turn|76\n|c| born with smaids|ttar is being transformed into a noodle\n|\n|t:|1664026623\n|move|p2a: Mew|Cosmic Power|p2a: Mew\n|-boost|p2a: Mew|def|0\n|-boost|p2a: Mew|spd|0\n|move|p1a: Tyranitar|Rock Blast|p2a: Mew\n|-damage|p2a: Mew|71\/100 brn\n|-damage|p2a: Mew|69\/100 brn\n|-damage|p2a: Mew|68\/100 brn\n|-damage|p2a: Mew|67\/100 brn\n|-hitcount|p2a: Mew|4\n|\n|-heal|p1a: Tyranitar|100\/100 brn|[from] item: Leftovers\n|-damage|p2a: Mew|61\/100 brn|[from] brn\n|-damage|p1a: Tyranitar|94\/100 brn|[from] brn\n|upkeep\n|turn|77\n|\n|t:|1664026636\n|move|p2a: Mew|Roost|p2a: Mew\n|-heal|p2a: Mew|100\/100 brn\n|-singleturn|p2a: Mew|move: Roost\n|move|p1a: Tyranitar|Flamethrower|p2a: Mew\n|-damage|p2a: Mew|96\/100 brn\n|\n|-heal|p1a: Tyranitar|100\/100 brn|[from] item: Leftovers\n|-damage|p2a: Mew|90\/100 brn|[from] brn\n|-damage|p1a: Tyranitar|94\/100 brn|[from] brn\n|-end|p1a: Tyranitar|move: Taunt\n|upkeep\n|turn|78\n|\n|t:|1664026640\n|move|p2a: Mew|Taunt|p1a: Tyranitar\n|-start|p1a: Tyranitar|move: Taunt\n|cant|p1a: Tyranitar|move: Taunt|Stealth Rock\n|\n|-heal|p1a: Tyranitar|100\/100 brn|[from] item: Leftovers\n|-damage|p2a: Mew|83\/100 brn|[from] brn\n|-damage|p1a: Tyranitar|94\/100 brn|[from] brn\n|upkeep\n|turn|79\n|\n|t:|1664026643\n|move|p2a: Mew|Cosmic Power|p2a: Mew\n|-boost|p2a: Mew|def|0\n|-boost|p2a: Mew|spd|0\n|move|p1a: Tyranitar|Flamethrower|p2a: Mew\n|-damage|p2a: Mew|79\/100 brn\n|\n|-heal|p1a: Tyranitar|100\/100 brn|[from] item: Leftovers\n|-damage|p2a: Mew|73\/100 brn|[from] brn\n|-damage|p1a: Tyranitar|94\/100 brn|[from] brn\n|upkeep\n|turn|80\n|\n|t:|1664026650\n|move|p2a: Mew|Cosmic Power|p2a: Mew\n|-boost|p2a: Mew|def|0\n|-boost|p2a: Mew|spd|0\n|move|p1a: Tyranitar|Flamethrower|p2a: Mew\n|-damage|p2a: Mew|68\/100 brn\n|\n|-heal|p1a: Tyranitar|100\/100 brn|[from] item: Leftovers\n|-damage|p2a: Mew|62\/100 brn|[from] brn\n|-damage|p1a: Tyranitar|94\/100 brn|[from] brn\n|-end|p1a: Tyranitar|move: Taunt\n|upkeep\n|turn|81\n|\n|t:|1664026654\n|switch|p1a: Clefable|Clefable, M|100\/100\n|-activate|p1a: Clefable|move: Sticky Web\n|-unboost|p1a: Clefable|spe|1\n|move|p2a: Mew|Taunt|p1a: Clefable\n|-start|p1a: Clefable|move: Taunt\n|\n|-damage|p2a: Mew|56\/100 brn|[from] brn\n|upkeep\n|turn|82\n|\n|t:|1664026658\n|switch|p1a: Tyranitar|Tyranitar, M|94\/100 brn\n|-activate|p1a: Tyranitar|move: Sticky Web\n|-unboost|p1a: Tyranitar|spe|1\n|-weather|Sandstorm|[from] ability: Sand Stream|[of] p1a: Tyranitar\n|move|p2a: Mew|Roost|p2a: Mew\n|-heal|p2a: Mew|100\/100 brn\n|-singleturn|p2a: Mew|move: Roost\n|\n|-weather|Sandstorm|[upkeep]\n|-damage|p2a: Mew|94\/100 brn|[from] Sandstorm\n|-heal|p1a: Tyranitar|100\/100 brn|[from] item: Leftovers\n|-damage|p2a: Mew|88\/100 brn|[from] brn\n|-damage|p1a: Tyranitar|94\/100 brn|[from] brn\n|upkeep\n|turn|83\n|\n|t:|1664026666\n|move|p2a: Mew|Taunt|p1a: Tyranitar\n|-start|p1a: Tyranitar|move: Taunt\n|cant|p1a: Tyranitar|move: Taunt|Stealth Rock\n|\n|-weather|Sandstorm|[upkeep]\n|-damage|p2a: Mew|82\/100 brn|[from] Sandstorm\n|-heal|p1a: Tyranitar|100\/100 brn|[from] item: Leftovers\n|-damage|p2a: Mew|76\/100 brn|[from] brn\n|-damage|p1a: Tyranitar|94\/100 brn|[from] brn\n|upkeep\n|turn|84\n|\n|t:|1664026669\n|switch|p1a: Clefable|Clefable, M|100\/100\n|-activate|p1a: Clefable|move: Sticky Web\n|-unboost|p1a: Clefable|spe|1\n|move|p2a: Mew|Cosmic Power|p2a: Mew\n|-boost|p2a: Mew|def|0\n|-boost|p2a: Mew|spd|0\n|\n|-weather|Sandstorm|[upkeep]\n|-damage|p2a: Mew|70\/100 brn|[from] Sandstorm\n|-damage|p1a: Clefable|94\/100|[from] Sandstorm\n|-heal|p1a: Clefable|100\/100|[from] item: Leftovers\n|-damage|p2a: Mew|64\/100 brn|[from] brn\n|upkeep\n|turn|85\n|\n|t:|1664026674\n|switch|p1a: Tyranitar|Tyranitar, M|94\/100 brn\n|-activate|p1a: Tyranitar|move: Sticky Web\n|-unboost|p1a: Tyranitar|spe|1\n|move|p2a: Mew|Taunt|p1a: Tyranitar\n|-start|p1a: Tyranitar|move: Taunt\n|\n|-weather|Sandstorm|[upkeep]\n|-damage|p2a: Mew|57\/100 brn|[from] Sandstorm\n|-heal|p1a: Tyranitar|100\/100 brn|[from] item: Leftovers\n|-damage|p2a: Mew|51\/100 brn|[from] brn\n|-damage|p1a: Tyranitar|94\/100 brn|[from] brn\n|upkeep\n|turn|86\n|\n|t:|1664026681\n|move|p2a: Mew|Stored Power|p1a: Tyranitar\n|-immune|p1a: Tyranitar\n|move|p1a: Tyranitar|Flamethrower|p2a: Mew\n|-damage|p2a: Mew|47\/100 brn\n|\n|-weather|none\n|-heal|p1a: Tyranitar|100\/100 brn|[from] item: Leftovers\n|-damage|p2a: Mew|40\/100 brn|[from] brn\n|-damage|p1a: Tyranitar|94\/100 brn|[from] brn\n|upkeep\n|turn|87\n|\n|t:|1664026686\n|move|p2a: Mew|Stored Power|p1a: Tyranitar\n|-immune|p1a: Tyranitar\n|move|p1a: Tyranitar|Flamethrower|p2a: Mew\n|-damage|p2a: Mew|35\/100 brn\n|\n|-heal|p1a: Tyranitar|100\/100 brn|[from] item: Leftovers\n|-damage|p2a: Mew|29\/100 brn|[from] brn\n|-damage|p1a: Tyranitar|94\/100 brn|[from] brn\n|-end|p1a: Tyranitar|move: Taunt\n|upkeep\n|turn|88\n|\n|t:|1664026689\n|switch|p1a: Clefable|Clefable, M|100\/100\n|-activate|p1a: Clefable|move: Sticky Web\n|-unboost|p1a: Clefable|spe|1\n|move|p2a: Mew|Roost|p2a: Mew\n|-heal|p2a: Mew|79\/100 brn\n|-singleturn|p2a: Mew|move: Roost\n|\n|-damage|p2a: Mew|73\/100 brn|[from] brn\n|upkeep\n|turn|89\n|\n|t:|1664026695\n|move|p1a: Clefable|Protect|p1a: Clefable\n|-singleturn|p1a: Clefable|Protect\n|move|p2a: Mew|Taunt|p1a: Clefable\n|-activate|p1a: Clefable|move: Protect\n|\n|-damage|p2a: Mew|67\/100 brn|[from] brn\n|upkeep\n|turn|90\n|\n|t:|1664026699\n|switch|p1a: Tyranitar|Tyranitar, M|94\/100 brn\n|-activate|p1a: Tyranitar|move: Sticky Web\n|-unboost|p1a: Tyranitar|spe|1\n|-weather|Sandstorm|[from] ability: Sand Stream|[of] p1a: Tyranitar\n|move|p2a: Mew|Taunt|p1a: Tyranitar\n|-start|p1a: Tyranitar|move: Taunt\n|\n|-weather|Sandstorm|[upkeep]\n|-damage|p2a: Mew|61\/100 brn|[from] Sandstorm\n|-heal|p1a: Tyranitar|100\/100 brn|[from] item: Leftovers\n|-damage|p2a: Mew|55\/100 brn|[from] brn\n|-damage|p1a: Tyranitar|94\/100 brn|[from] brn\n|upkeep\n|turn|91\n|\n|t:|1664026705\n|move|p2a: Mew|Roost|p2a: Mew\n|-heal|p2a: Mew|100\/100 brn\n|-singleturn|p2a: Mew|move: Roost\n|move|p1a: Tyranitar|Flamethrower|p2a: Mew\n|-damage|p2a: Mew|96\/100 brn\n|\n|-weather|Sandstorm|[upkeep]\n|-damage|p2a: Mew|90\/100 brn|[from] Sandstorm\n|-heal|p1a: Tyranitar|100\/100 brn|[from] item: Leftovers\n|-damage|p2a: Mew|84\/100 brn|[from] brn\n|-damage|p1a: Tyranitar|94\/100 brn|[from] brn\n|upkeep\n|turn|92\n|\n|t:|1664026735\n|move|p2a: Mew|Cosmic Power|p2a: Mew\n|-boost|p2a: Mew|def|0\n|-boost|p2a: Mew|spd|0\n|move|p1a: Tyranitar|Flamethrower|p2a: Mew\n|-damage|p2a: Mew|79\/100 brn\n|\n|-weather|Sandstorm|[upkeep]\n|-damage|p2a: Mew|72\/100 brn|[from] Sandstorm\n|-heal|p1a: Tyranitar|100\/100 brn|[from] item: Leftovers\n|-damage|p2a: Mew|66\/100 brn|[from] brn\n|-damage|p1a: Tyranitar|94\/100 brn|[from] brn\n|-end|p1a: Tyranitar|move: Taunt\n|upkeep\n|turn|93\n|\n|t:|1664026757\n|move|p2a: Mew|Stored Power|p1a: Tyranitar\n|-immune|p1a: Tyranitar\n|move|p1a: Tyranitar|Stealth Rock||[still]\n|-fail|p1a: Tyranitar\n|\n|-weather|Sandstorm|[upkeep]\n|-damage|p2a: Mew|60\/100 brn|[from] Sandstorm\n|-heal|p1a: Tyranitar|100\/100 brn|[from] item: Leftovers\n|-damage|p2a: Mew|54\/100 brn|[from] brn\n|-damage|p1a: Tyranitar|94\/100 brn|[from] brn\n|upkeep\n|turn|94\n|\n|t:|1664026763\n|move|p2a: Mew|Roost|p2a: Mew\n|-heal|p2a: Mew|100\/100 brn\n|-singleturn|p2a: Mew|move: Roost\n|move|p1a: Tyranitar|Stealth Rock||[still]\n|-fail|p1a: Tyranitar\n|\n|-weather|none\n|-heal|p1a: Tyranitar|100\/100 brn|[from] item: Leftovers\n|-damage|p2a: Mew|94\/100 brn|[from] brn\n|-damage|p1a: Tyranitar|94\/100 brn|[from] brn\n|upkeep\n|turn|95\n|\n|t:|1664026766\n|move|p2a: Mew|Taunt|p1a: Tyranitar\n|-start|p1a: Tyranitar|move: Taunt\n|cant|p1a: Tyranitar|move: Taunt|Stealth Rock\n|\n|-heal|p1a: Tyranitar|100\/100 brn|[from] item: Leftovers\n|-damage|p2a: Mew|88\/100 brn|[from] brn\n|-damage|p1a: Tyranitar|94\/100 brn|[from] brn\n|upkeep\n|turn|96\n|\n|t:|1664026771\n|move|p2a: Mew|Cosmic Power|p2a: Mew\n|-boost|p2a: Mew|def|0\n|-boost|p2a: Mew|spd|0\n|move|p1a: Tyranitar|Flamethrower|p2a: Mew\n|-damage|p2a: Mew|83\/100 brn\n|\n|-heal|p1a: Tyranitar|100\/100 brn|[from] item: Leftovers\n|-damage|p2a: Mew|77\/100 brn|[from] brn\n|-damage|p1a: Tyranitar|94\/100 brn|[from] brn\n|upkeep\n|turn|97\n|\n|t:|1664026773\n|switch|p1a: Clefable|Clefable, M|100\/100\n|-activate|p1a: Clefable|move: Sticky Web\n|-unboost|p1a: Clefable|spe|1\n|move|p2a: Mew|Stored Power|p1a: Clefable\n|-damage|p1a: Clefable|0 fnt\n|faint|p1a: Clefable\n|\n|-damage|p2a: Mew|71\/100 brn|[from] brn\n|upkeep\n|\n|t:|1664026782\n|switch|p1a: Volcarona|Volcarona, M|100\/100\n|turn|98\n|j| KappaHalo\n|\n|t:|1664026785\n|switch|p1a: Tyranitar|Tyranitar, M|94\/100 brn\n|-activate|p1a: Tyranitar|move: Sticky Web\n|-unboost|p1a: Tyranitar|spe|1\n|-weather|Sandstorm|[from] ability: Sand Stream|[of] p1a: Tyranitar\n|move|p2a: Mew|Taunt|p1a: Tyranitar\n|-start|p1a: Tyranitar|move: Taunt\n|\n|-weather|Sandstorm|[upkeep]\n|-damage|p2a: Mew|65\/100 brn|[from] Sandstorm\n|-heal|p1a: Tyranitar|100\/100 brn|[from] item: Leftovers\n|-damage|p2a: Mew|59\/100 brn|[from] brn\n|-damage|p1a: Tyranitar|94\/100 brn|[from] brn\n|upkeep\n|turn|99\n|\n|t:|1664026805\n|move|p2a: Mew|Cosmic Power|p2a: Mew\n|-boost|p2a: Mew|def|0\n|-boost|p2a: Mew|spd|0\n|move|p1a: Tyranitar|Flamethrower|p2a: Mew\n|-damage|p2a: Mew|54\/100 brn\n|\n|-weather|Sandstorm|[upkeep]\n|-damage|p2a: Mew|48\/100 brn|[from] Sandstorm\n|-heal|p1a: Tyranitar|100\/100 brn|[from] item: Leftovers\n|-damage|p2a: Mew|42\/100 brn|[from] brn\n|-damage|p1a: Tyranitar|94\/100 brn|[from] brn\n|upkeep\n|turn|100\n|\n|t:|1664026811\n|move|p2a: Mew|Stored Power|p1a: Tyranitar\n|-immune|p1a: Tyranitar\n|move|p1a: Tyranitar|Rock Blast|p2a: Mew\n|-damage|p2a: Mew|40\/100 brn\n|-damage|p2a: Mew|39\/100 brn\n|-crit|p2a: Mew\n|-damage|p2a: Mew|32\/100 brn\n|-hitcount|p2a: Mew|3\n|\n|-weather|Sandstorm|[upkeep]\n|-damage|p2a: Mew|26\/100 brn|[from] Sandstorm\n|-heal|p1a: Tyranitar|100\/100 brn|[from] item: Leftovers\n|-damage|p2a: Mew|20\/100 brn|[from] brn\n|-damage|p1a: Tyranitar|94\/100 brn|[from] brn\n|-end|p1a: Tyranitar|move: Taunt\n|upkeep\n|turn|101\n|\n|t:|1664026817\n|move|p2a: Mew|Stored Power|p1a: Tyranitar\n|-immune|p1a: Tyranitar\n|move|p1a: Tyranitar|Stealth Rock||[still]\n|-fail|p1a: Tyranitar\n|\n|-weather|Sandstorm|[upkeep]\n|-damage|p2a: Mew|14\/100 brn|[from] Sandstorm\n|-heal|p1a: Tyranitar|100\/100 brn|[from] item: Leftovers\n|-damage|p2a: Mew|8\/100 brn|[from] brn\n|-damage|p1a: Tyranitar|94\/100 brn|[from] brn\n|upkeep\n|turn|102\n|\n|t:|1664026821\n|move|p2a: Mew|Roost|p2a: Mew\n|-heal|p2a: Mew|58\/100 brn\n|-singleturn|p2a: Mew|move: Roost\n|move|p1a: Tyranitar|Rock Blast|p2a: Mew\n|-damage|p2a: Mew|57\/100 brn\n|-damage|p2a: Mew|55\/100 brn\n|-hitcount|p2a: Mew|2\n|\n|-weather|none\n|-heal|p1a: Tyranitar|100\/100 brn|[from] item: Leftovers\n|-damage|p2a: Mew|49\/100 brn|[from] brn\n|-damage|p1a: Tyranitar|94\/100 brn|[from] brn\n|upkeep\n|turn|103\n|\n|t:|1664026825\n|move|p2a: Mew|Taunt|p1a: Tyranitar\n|-start|p1a: Tyranitar|move: Taunt\n|cant|p1a: Tyranitar|move: Taunt|Stealth Rock\n|\n|-heal|p1a: Tyranitar|100\/100 brn|[from] item: Leftovers\n|-damage|p2a: Mew|43\/100 brn|[from] brn\n|-damage|p1a: Tyranitar|94\/100 brn|[from] brn\n|upkeep\n|turn|104\n|\n|t:|1664026837\n|move|p2a: Mew|Roost|p2a: Mew\n|-heal|p2a: Mew|93\/100 brn\n|-singleturn|p2a: Mew|move: Roost\n|move|p1a: Tyranitar|Flamethrower|p2a: Mew\n|-damage|p2a: Mew|88\/100 brn\n|\n|-heal|p1a: Tyranitar|100\/100 brn|[from] item: Leftovers\n|-damage|p2a: Mew|82\/100 brn|[from] brn\n|-damage|p1a: Tyranitar|94\/100 brn|[from] brn\n|upkeep\n|turn|105\n|\n|t:|1664026846\n|move|p2a: Mew|Cosmic Power|p2a: Mew\n|-boost|p2a: Mew|def|0\n|-boost|p2a: Mew|spd|0\n|move|p1a: Tyranitar|Flamethrower|p2a: Mew\n|-damage|p2a: Mew|77\/100 brn\n|\n|-heal|p1a: Tyranitar|100\/100 brn|[from] item: Leftovers\n|-damage|p2a: Mew|71\/100 brn|[from] brn\n|-damage|p1a: Tyranitar|94\/100 brn|[from] brn\n|-end|p1a: Tyranitar|move: Taunt\n|upkeep\n|turn|106\n|\n|t:|1664026852\n|move|p2a: Mew|Taunt|p1a: Tyranitar\n|-start|p1a: Tyranitar|move: Taunt\n|cant|p1a: Tyranitar|move: Taunt|Stealth Rock\n|\n|-heal|p1a: Tyranitar|100\/100 brn|[from] item: Leftovers\n|-damage|p2a: Mew|65\/100 brn|[from] brn\n|-damage|p1a: Tyranitar|94\/100 brn|[from] brn\n|upkeep\n|turn|107\n|\n|t:|1664026860\n|move|p2a: Mew|Cosmic Power|p2a: Mew\n|-boost|p2a: Mew|def|0\n|-boost|p2a: Mew|spd|0\n|move|p1a: Tyranitar|Earthquake|p2a: Mew\n|-damage|p2a: Mew|62\/100 brn\n|\n|-heal|p1a: Tyranitar|100\/100 brn|[from] item: Leftovers\n|-damage|p2a: Mew|56\/100 brn|[from] brn\n|-damage|p1a: Tyranitar|94\/100 brn|[from] brn\n|upkeep\n|turn|108\n|\n|t:|1664026870\n|move|p2a: Mew|Stored Power|p1a: Tyranitar\n|-immune|p1a: Tyranitar\n|move|p1a: Tyranitar|Flamethrower|p2a: Mew\n|-damage|p2a: Mew|51\/100 brn\n|\n|-heal|p1a: Tyranitar|100\/100 brn|[from] item: Leftovers\n|-damage|p2a: Mew|45\/100 brn|[from] brn\n|-damage|p1a: Tyranitar|94\/100 brn|[from] brn\n|-end|p1a: Tyranitar|move: Taunt\n|upkeep\n|turn|109\n|\n|t:|1664026874\n|move|p2a: Mew|Taunt|p1a: Tyranitar\n|-start|p1a: Tyranitar|move: Taunt\n|move|p1a: Tyranitar|Earthquake|p2a: Mew\n|-damage|p2a: Mew|41\/100 brn\n|\n|-heal|p1a: Tyranitar|100\/100 brn|[from] item: Leftovers\n|-damage|p2a: Mew|35\/100 brn|[from] brn\n|-damage|p1a: Tyranitar|94\/100 brn|[from] brn\n|upkeep\n|turn|110\n|\n|t:|1664026898\n|switch|p2a: Jirachi|Jirachi|100\/100\n|-damage|p2a: Jirachi|94\/100|[from] Stealth Rock\n|move|p1a: Tyranitar|Earthquake|p2a: Jirachi\n|-supereffective|p2a: Jirachi\n|-damage|p2a: Jirachi|69\/100\n|-enditem|p2a: Jirachi|Weakness Policy\n|-boost|p2a: Jirachi|atk|2|[from] item: Weakness Policy\n|-boost|p2a: Jirachi|spa|2|[from] item: Weakness Policy\n|\n|-heal|p1a: Tyranitar|100\/100 brn|[from] item: Leftovers\n|-damage|p1a: Tyranitar|94\/100 brn|[from] brn\n|upkeep\n|turn|111\n|\n|t:|1664026912\n|switch|p1a: Volcarona|Volcarona, M|100\/100\n|move|p2a: Jirachi|Cosmic Power|p2a: Jirachi\n|-boost|p2a: Jirachi|def|1\n|-boost|p2a: Jirachi|spd|1\n|\n|upkeep\n|turn|112\n|\n|t:|1664026916\n|move|p2a: Jirachi|Stored Power|p1a: Volcarona\n|-damage|p1a: Volcarona|0 fnt\n|faint|p1a: Volcarona\n|\n|upkeep\n|\n|t:|1664026920\n|switch|p1a: Tyranitar|Tyranitar, M|94\/100 brn\n|-activate|p1a: Tyranitar|move: Sticky Web\n|-unboost|p1a: Tyranitar|spe|1\n|-weather|Sandstorm|[from] ability: Sand Stream|[of] p1a: Tyranitar\n|turn|113\n|\n|t:|1664026927\n|move|p2a: Jirachi|Wish|p2a: Jirachi\n|move|p1a: Tyranitar|Flamethrower|p2a: Jirachi\n|-supereffective|p2a: Jirachi\n|-damage|p2a: Jirachi|44\/100\n|\n|-weather|Sandstorm|[upkeep]\n|-heal|p1a: Tyranitar|100\/100 brn|[from] item: Leftovers\n|-damage|p1a: Tyranitar|94\/100 brn|[from] brn\n|upkeep\n|turn|114\n|\n|t:|1664026935\n|switch|p1a: Slowbro|Slowbro, M|100\/100\n|-activate|p1a: Slowbro|move: Sticky Web\n|-unboost|p1a: Slowbro|spe|1\n|move|p2a: Jirachi|Cosmic Power|p2a: Jirachi\n|-boost|p2a: Jirachi|def|1\n|-boost|p2a: Jirachi|spd|1\n|\n|-weather|Sandstorm|[upkeep]\n|-damage|p1a: Slowbro|94\/100|[from] Sandstorm\n|-heal|p2a: Jirachi|93\/100|[from] move: Wish|[wisher] Jirachi\n|upkeep\n|turn|115\n|\n|t:|1664026940\n|move|p2a: Jirachi|Cosmic Power|p2a: Jirachi\n|-boost|p2a: Jirachi|def|1\n|-boost|p2a: Jirachi|spd|1\n|move|p1a: Slowbro|Flamethrower|p2a: Jirachi\n|-supereffective|p2a: Jirachi\n|-damage|p2a: Jirachi|77\/100\n|\n|-weather|Sandstorm|[upkeep]\n|-damage|p1a: Slowbro|88\/100|[from] Sandstorm\n|upkeep\n|turn|116\n|\n|t:|1664026942\n|move|p2a: Jirachi|Cosmic Power|p2a: Jirachi\n|-boost|p2a: Jirachi|def|1\n|-boost|p2a: Jirachi|spd|1\n|move|p1a: Slowbro|Flamethrower|p2a: Jirachi\n|-supereffective|p2a: Jirachi\n|-damage|p2a: Jirachi|64\/100\n|\n|-weather|Sandstorm|[upkeep]\n|-damage|p1a: Slowbro|82\/100|[from] Sandstorm\n|upkeep\n|turn|117\n|\n|t:|1664026944\n|move|p2a: Jirachi|Wish|p2a: Jirachi\n|move|p1a: Slowbro|Flamethrower|p2a: Jirachi\n|-supereffective|p2a: Jirachi\n|-damage|p2a: Jirachi|48\/100\n|\n|-weather|none\n|upkeep\n|turn|118\n|\n|t:|1664026946\n|move|p2a: Jirachi|Cosmic Power|p2a: Jirachi\n|-boost|p2a: Jirachi|def|1\n|-boost|p2a: Jirachi|spd|1\n|move|p1a: Slowbro|Flamethrower|p2a: Jirachi\n|-supereffective|p2a: Jirachi\n|-damage|p2a: Jirachi|35\/100\n|\n|-heal|p2a: Jirachi|85\/100|[from] move: Wish|[wisher] Jirachi\n|upkeep\n|turn|119\n|\n|t:|1664026948\n|move|p2a: Jirachi|Stored Power|p1a: Slowbro\n|-resisted|p1a: Slowbro\n|-damage|p1a: Slowbro|0 fnt\n|faint|p1a: Slowbro\n|\n|upkeep\n|\n|t:|1664026950\n|switch|p1a: Garchomp|Garchomp, M|100\/100\n|-activate|p1a: Garchomp|move: Sticky Web\n|-unboost|p1a: Garchomp|spe|1\n|turn|120\n|-message|Af Lele.Tomas forfeited.\n|\n|win|LT94JE Allistair\n|raw|Af Lele.Tomas's rating: 1719 &rarr; <strong>1703<\/strong><br \/>(-16 for losing)\n|raw|LT94JE Allistair's rating: 1798 &rarr; <strong>1814<\/strong><br \/>(+16 for winning)\n|j| Aitana y Zoilo\n|l|\u2606Af Lele.Tomas\n|l|\u2606LT94JE Allistair\n||Ladder isn't responding, score probably updated but might not have (Request timeout).\n","uploadtime":1664026998,"views":19,"p1id":"afleletomas","p2id":"lt94jeallistair","formatid":"gen8ou","rating":1703,"private":0,"password":null}