{"id":"gen8anythinggoes-1688435839","p1":"MrYeet12345","p2":"jushu114514","format":"gen8anythinggoes","log":"|j|\u2606MrYeet12345\n|j|\u2606jushu114514\n|t:|1666065620\n|gametype|singles\n|player|p1|MrYeet12345|volo|1464\n|player|p2|jushu114514|1|1720\n|teamsize|p1|6\n|teamsize|p2|6\n|gen|8\n|tier|[Gen 8] Anything Goes\n|rated|\n|rule|HP Percentage Mod: HP is shown in percentages\n|rule|Endless Battle Clause: Forcing endless battles is banned\n|clearpoke\n|poke|p1|Zeraora|\n|poke|p1|Moltres-Galar|\n|poke|p1|Shedinja|\n|poke|p1|Cloyster, F|\n|poke|p1|Espeon, M|\n|poke|p1|Volcarona, M|\n|poke|p2|Groudon|\n|poke|p2|Grimmsnarl, M|\n|poke|p2|Yveltal|\n|poke|p2|Zacian-*|\n|poke|p2|Zekrom|\n|poke|p2|Calyrex-Ice|\n|teampreview\n|inactive|Battle timer is ON: inactive players will automatically lose when time's up. (requested by MrYeet12345)\n|\n|t:|1666065622\n|start\n|switch|p1a: Weed cat|Espeon, M, shiny|100\/100\n|switch|p2a: Groudon|Groudon|100\/100\n|-weather|SunnyDay|[from] ability: Drought|[of] p2a: Groudon\n|turn|1\n|\n|t:|1666065628\n|move|p1a: Weed cat|Reflect|p1a: Weed cat\n|-sidestart|p1: MrYeet12345|Reflect\n|move|p2a: Groudon|Precipice Blades|p1a: Weed cat\n|-damage|p1a: Weed cat|48\/100\n|\n|-weather|SunnyDay|[upkeep]\n|upkeep\n|turn|2\n|\n|t:|1666065631\n|move|p1a: Weed cat|Yawn|p2a: Groudon\n|-start|p2a: Groudon|move: Yawn|[of] p1a: Weed cat\n|move|p2a: Groudon|Precipice Blades|p1a: Weed cat\n|-damage|p1a: Weed cat|0 fnt\n|faint|p1a: Weed cat\n|\n|-weather|SunnyDay|[upkeep]\n|upkeep\n|\n|t:|1666065638\n|switch|p1a: Leanlord|Cloyster, F|100\/100\n|turn|3\n|j| NATALlE\n|\n|t:|1666065652\n|move|p1a: Leanlord|Shell Smash|p1a: Leanlord\n|-unboost|p1a: Leanlord|def|1\n|-unboost|p1a: Leanlord|spd|1\n|-boost|p1a: Leanlord|atk|2\n|-boost|p1a: Leanlord|spa|2\n|-boost|p1a: Leanlord|spe|2\n|move|p2a: Groudon|Roar|p1a: Leanlord\n|drag|p1a: Bolt|Zeraora, shiny|100\/100\n|\n|-weather|SunnyDay|[upkeep]\n|-end|p2a: Groudon|move: Yawn|[silent]\n|-status|p2a: Groudon|slp\n|upkeep\n|turn|4\n|\n|t:|1666065663\n|switch|p1a: Leanlord|Cloyster, F|100\/100\n|cant|p2a: Groudon|slp\n|\n|-weather|SunnyDay|[upkeep]\n|upkeep\n|turn|5\n|\n|t:|1666065669\n|cant|p2a: Groudon|slp\n|move|p1a: Leanlord|Shell Smash|p1a: Leanlord\n|-unboost|p1a: Leanlord|def|1\n|-unboost|p1a: Leanlord|spd|1\n|-boost|p1a: Leanlord|atk|2\n|-boost|p1a: Leanlord|spa|2\n|-boost|p1a: Leanlord|spe|2\n|\n|-weather|none\n|upkeep\n|turn|6\n|inactive|jushu114514 has 120 seconds left.\n|\n|t:|1666065703\n|switch|p2a: Calyrex|Calyrex-Ice|100\/100\n|-ability|p2a: Calyrex|As One\n|-ability|p2a: Calyrex|Unnerve\n|move|p1a: Leanlord|Icicle Spear|p2a: Calyrex\n|-resisted|p2a: Calyrex\n|-damage|p2a: Calyrex|94\/100\n|-resisted|p2a: Calyrex\n|-damage|p2a: Calyrex|87\/100\n|-resisted|p2a: Calyrex\n|-damage|p2a: Calyrex|81\/100\n|-resisted|p2a: Calyrex\n|-damage|p2a: Calyrex|73\/100\n|-resisted|p2a: Calyrex\n|-damage|p2a: Calyrex|67\/100\n|-hitcount|p2a: Calyrex|5\n|\n|upkeep\n|turn|7\n|\n|t:|1666065711\n|move|p1a: Leanlord|Rock Blast|p2a: Calyrex\n|-supereffective|p2a: Calyrex\n|-damage|p2a: Calyrex|47\/100\n|-supereffective|p2a: Calyrex\n|-damage|p2a: Calyrex|30\/100\n|-supereffective|p2a: Calyrex\n|-damage|p2a: Calyrex|12\/100\n|-supereffective|p2a: Calyrex\n|-damage|p2a: Calyrex|0 fnt\n|faint|p2a: Calyrex\n|-hitcount|p2: Calyrex|4\n|\n|upkeep\n|\n|t:|1666065714\n|switch|p2a: Grimmsnarl|Grimmsnarl, M|100\/100\n|turn|8\n|\n|t:|1666065718\n|move|p2a: Grimmsnarl|Reflect|p2a: Grimmsnarl\n|-sidestart|p2: jushu114514|Reflect\n|move|p1a: Leanlord|Icicle Spear|p2a: Grimmsnarl\n|-damage|p2a: Grimmsnarl|87\/100\n|-damage|p2a: Grimmsnarl|72\/100\n|-damage|p2a: Grimmsnarl|58\/100\n|-damage|p2a: Grimmsnarl|43\/100\n|-damage|p2a: Grimmsnarl|28\/100\n|-hitcount|p2a: Grimmsnarl|5\n|\n|-sideend|p1: MrYeet12345|Reflect\n|upkeep\n|turn|9\n|\n|t:|1666065724\n|move|p2a: Grimmsnarl|Taunt|p1a: Leanlord\n|-start|p1a: Leanlord|move: Taunt\n|move|p1a: Leanlord|Icicle Spear|p2a: Grimmsnarl\n|-damage|p2a: Grimmsnarl|14\/100\n|-damage|p2a: Grimmsnarl|0 fnt\n|faint|p2a: Grimmsnarl\n|-hitcount|p2: Grimmsnarl|2\n|\n|upkeep\n|\n|t:|1666065729\n|switch|p2a: Zacian|Zacian-Crowned|100\/100\n|-ability|p2a: Zacian|Intrepid Sword|boost\n|-boost|p2a: Zacian|atk|1\n|turn|10\n|\n|t:|1666065736\n|-start|p1a: Leanlord|Dynamax|\n|-heal|p1a: Leanlord|100\/100|[silent]\n|move|p1a: Leanlord|Max Geyser|p2a: Zacian\n|-damage|p2a: Zacian|55\/100\n|-weather|RainDance\n|move|p2a: Zacian|Behemoth Blade|p1a: Leanlord\n|-enditem|p1a: Leanlord|Focus Sash\n|-damage|p1a: Leanlord|1\/100\n|\n|-weather|RainDance|[upkeep]\n|upkeep\n|turn|11\n|\n|t:|1666065752\n|switch|p2a: Zekrom|Zekrom|100\/100\n|-ability|p2a: Zekrom|Teravolt\n|move|p1a: Leanlord|Max Geyser|p2a: Zekrom\n|-resisted|p2a: Zekrom\n|-damage|p2a: Zekrom|64\/100\n|\n|-weather|RainDance|[upkeep]\n|-heal|p2a: Zekrom|70\/100|[from] item: Leftovers\n|-end|p1a: Leanlord|move: Taunt\n|upkeep\n|turn|12\n|\n|t:|1666065759\n|switch|p2a: Yveltal|Yveltal|100\/100\n|-ability|p2a: Yveltal|Dark Aura\n|move|p1a: Leanlord|Max Hailstorm|p2a: Yveltal\n|-supereffective|p2a: Yveltal\n|-damage|p2a: Yveltal|0 fnt\n|-weather|Hail\n|faint|p2a: Yveltal\n|\n|-weather|Hail|[upkeep]\n|upkeep\n|\n|t:|1666065761\n|switch|p2a: Zacian|Zacian-Crowned|55\/100\n|-ability|p2a: Zacian|Intrepid Sword|boost\n|-boost|p2a: Zacian|atk|1\n|-end|p1a: Leanlord|Dynamax\n|-heal|p1a: Leanlord|1\/100|[silent]\n|turn|13\n|\n|t:|1666065767\n|move|p1a: Leanlord|Liquidation|p2a: Zacian\n|-damage|p2a: Zacian|24\/100\n|move|p2a: Zacian|Behemoth Blade|p1a: Leanlord\n|-damage|p1a: Leanlord|0 fnt\n|faint|p1a: Leanlord\n|\n|-weather|Hail|[upkeep]\n|-damage|p2a: Zacian|18\/100|[from] Hail\n|upkeep\n|\n|t:|1666065782\n|switch|p1a: Mooth|Volcarona, M|100\/100\n|turn|14\n|\n|t:|1666065785\n|move|p2a: Zacian|Wild Charge|p1a: Mooth\n|-damage|p1a: Mooth|44\/100\n|-status|p2a: Zacian|brn|[from] ability: Flame Body|[of] p1a: Mooth\n|-damage|p2a: Zacian|5\/100 brn|[from] Recoil\n|move|p1a: Mooth|Quiver Dance|p1a: Mooth\n|-boost|p1a: Mooth|spa|1\n|-boost|p1a: Mooth|spd|1\n|-boost|p1a: Mooth|spe|1\n|\n|-weather|Hail|[upkeep]\n|-damage|p1a: Mooth|38\/100|[from] Hail\n|-damage|p2a: Zacian|0 fnt|[from] Hail\n|faint|p2a: Zacian\n|upkeep\n|\n|t:|1666065797\n|switch|p2a: Zekrom|Zekrom|70\/100\n|-ability|p2a: Zekrom|Teravolt\n|turn|15\n|\n|t:|1666065801\n|move|p1a: Mooth|Bug Buzz|p2a: Zekrom\n|-damage|p2a: Zekrom|4\/100\n|-unboost|p2a: Zekrom|spd|1\n|move|p2a: Zekrom|Dragon Dance|p2a: Zekrom\n|-boost|p2a: Zekrom|atk|1\n|-boost|p2a: Zekrom|spe|1\n|\n|-weather|Hail|[upkeep]\n|-damage|p2a: Zekrom|0 fnt|[from] Hail\n|-damage|p1a: Mooth|32\/100|[from] Hail\n|faint|p2a: Zekrom\n|-sideend|p2: jushu114514|Reflect\n|upkeep\n|\n|t:|1666065803\n|switch|p2a: Groudon|Groudon|100\/100 slp\n|-weather|SunnyDay|[from] ability: Drought|[of] p2a: Groudon\n|turn|16\n|\n|t:|1666065811\n|move|p1a: Mooth|Fiery Dance|p2a: Groudon\n|-damage|p2a: Groudon|7\/100 slp\n|-curestatus|p2a: Groudon|slp|[msg]\n|move|p2a: Groudon|Precipice Blades|p1a: Mooth\n|-damage|p1a: Mooth|0 fnt\n|faint|p1a: Mooth\n|\n|-weather|SunnyDay|[upkeep]\n|upkeep\n|\n|t:|1666065819\n|switch|p1a: lol|Shedinja, shiny|100\/100\n|turn|17\n|\n|t:|1666065827\n|move|p2a: Groudon|Rock Tomb|p1a: lol\n|-supereffective|p1a: lol\n|-enditem|p1a: lol|Focus Sash\n|-damage|p1a: lol|100\/100\n|-unboost|p1a: lol|spe|1\n|move|p1a: lol|Toxic|p2a: Groudon\n|-status|p2a: Groudon|tox\n|\n|-weather|SunnyDay|[upkeep]\n|-damage|p2a: Groudon|1\/100 tox|[from] psn\n|upkeep\n|turn|18\n|-message|jushu114514 forfeited.\n|\n|win|MrYeet12345\n|raw|MrYeet12345's rating: 1464 &rarr; <strong>1497<\/strong><br \/>(+33 for winning)\n|raw|jushu114514's rating: 1729 &rarr; <strong>1696<\/strong><br \/>(-33 for losing)\n|l|\u2606jushu114514\n|l| NATALlE\n||Ladder isn't responding, score probably updated but might not have (Request timeout).\n","uploadtime":1666065856,"views":5,"p1id":"mryeet12345","p2id":"jushu114514","formatid":"gen8anythinggoes","rating":1497,"private":0,"password":null}