{"id":"gen8nationaldex-1482995810","p1":"Kaptain zur See","p2":"Blacksponge","format":"gen8nationaldex","log":"|j|\u2606Kaptain zur See\n|j|\u2606Blacksponge\n|t:|1640966525\n|gametype|singles\n|player|p1|Kaptain zur See|youngn|1611\n|player|p2|Blacksponge|169|1604\n|teamsize|p1|6\n|teamsize|p2|6\n|gen|8\n|tier|[Gen 8] National Dex\n|rated|\n|rule|HP Percentage Mod: HP is shown in percentages\n|rule|Endless Battle Clause: Forcing endless battles is banned\n|rule|OHKO Clause: OHKO moves are banned\n|rule|Evasion Moves Clause: Evasion moves are banned\n|rule|Species Clause: Limit one of each Pok\u00e9mon\n|rule|Dynamax Clause: You cannot dynamax\n|rule|Sleep Clause Mod: Limit one foe put to sleep\n|clearpoke\n|poke|p1|Zapdos|\n|poke|p1|Greninja, F|\n|poke|p1|Toxapex, F|\n|poke|p1|Scizor, M|\n|poke|p1|Gliscor, M|\n|poke|p1|Slowking-Galar, M|\n|poke|p2|Pelipper, M|\n|poke|p2|Swampert, M|\n|poke|p2|Greninja, M|\n|poke|p2|Manaphy|\n|poke|p2|Zapdos|\n|poke|p2|Ferrothorn, M|\n|teampreview\n|inactive|Battle timer is ON: inactive players will automatically lose when time's up. (requested by Kaptain zur See)\n|\n|t:|1640966532\n|start\n|switch|p1a: Zapdos|Zapdos|100\/100\n|switch|p2a: Pelipper|Pelipper, M|100\/100\n|-ability|p1a: Zapdos|Pressure\n|-weather|RainDance|[from] ability: Drizzle|[of] p2a: Pelipper\n|turn|1\n|\n|t:|1640966537\n|switch|p2a: Ferrothorn|Ferrothorn, M|100\/100\n|move|p1a: Zapdos|Hurricane|p2a: Ferrothorn\n|-damage|p2a: Ferrothorn|66\/100\n|\n|-weather|RainDance|[upkeep]\n|upkeep\n|turn|2\n|\n|t:|1640966543\n|move|p1a: Zapdos|Substitute|p1a: Zapdos\n|-start|p1a: Zapdos|Substitute\n|-damage|p1a: Zapdos|76\/100\n|move|p2a: Ferrothorn|Stealth Rock|p1a: Zapdos\n|-sidestart|p1: Kaptain zur See|move: Stealth Rock\n|\n|-weather|RainDance|[upkeep]\n|upkeep\n|turn|3\n|\n|t:|1640966549\n|switch|p2a: Zapdos|Zapdos|100\/100\n|move|p1a: Zapdos|Hurricane|p2a: Zapdos\n|-resisted|p2a: Zapdos\n|-damage|p2a: Zapdos|75\/100\n|\n|-weather|RainDance|[upkeep]\n|upkeep\n|turn|4\n|\n|t:|1640966552\n|move|p1a: Zapdos|Thunderbolt|p2a: Zapdos\n|-damage|p2a: Zapdos|30\/100\n|move|p2a: Zapdos|Roost|p2a: Zapdos\n|-heal|p2a: Zapdos|80\/100\n|-singleturn|p2a: Zapdos|move: Roost\n|\n|-weather|RainDance|[upkeep]\n|upkeep\n|turn|5\n|\n|t:|1640966555\n|move|p1a: Zapdos|Thunderbolt|p2a: Zapdos\n|-damage|p2a: Zapdos|32\/100\n|move|p2a: Zapdos|Roost|p2a: Zapdos\n|-heal|p2a: Zapdos|82\/100\n|-singleturn|p2a: Zapdos|move: Roost\n|\n|-weather|RainDance|[upkeep]\n|upkeep\n|turn|6\n|\n|t:|1640966565\n|move|p1a: Zapdos|Thunderbolt|p2a: Zapdos\n|-crit|p2a: Zapdos\n|-damage|p2a: Zapdos|15\/100\n|move|p2a: Zapdos|Roost|p2a: Zapdos\n|-heal|p2a: Zapdos|65\/100\n|-singleturn|p2a: Zapdos|move: Roost\n|\n|-weather|RainDance|[upkeep]\n|upkeep\n|turn|7\n|\n|t:|1640966569\n|switch|p2a: Swampert|Swampert, M|100\/100\n|move|p1a: Zapdos|Thunderbolt|p2a: Swampert\n|-immune|p2a: Swampert\n|\n|-weather|RainDance|[upkeep]\n|upkeep\n|turn|8\n|\n|t:|1640966571\n|detailschange|p2a: Swampert|Swampert-Mega, M\n|-mega|p2a: Swampert|Swampert|Swampertite\n|move|p2a: Swampert|Flip Turn|p1a: Zapdos\n|-end|p1a: Zapdos|Substitute\n|\n|t:|1640966575\n|switch|p2a: Zapdos|Zapdos|65\/100|[from]move: Flip Turn\n|move|p1a: Zapdos|Hurricane|p2a: Zapdos\n|-resisted|p2a: Zapdos\n|-damage|p2a: Zapdos|37\/100\n|-start|p2a: Zapdos|confusion\n|\n|-weather|none\n|upkeep\n|turn|9\n|\n|t:|1640966580\n|switch|p2a: Pelipper|Pelipper, M|100\/100\n|-weather|RainDance|[from] ability: Drizzle|[of] p2a: Pelipper\n|move|p1a: Zapdos|Thunderbolt|p2a: Pelipper\n|-supereffective|p2a: Pelipper\n|-damage|p2a: Pelipper|0 fnt\n|faint|p2a: Pelipper\n|\n|-weather|RainDance|[upkeep]\n|upkeep\n|\n|t:|1640966583\n|switch|p2a: Greninja|Greninja, M|100\/100\n|turn|10\n|\n|t:|1640966590\n|switch|p1a: Toxapex|Toxapex, F|100\/100\n|-damage|p1a: Toxapex|88\/100|[from] Stealth Rock\n|move|p2a: Greninja|Surf|p1a: Toxapex\n|-resisted|p1a: Toxapex\n|-damage|p1a: Toxapex|61\/100\n|\n|-weather|RainDance|[upkeep]\n|upkeep\n|turn|11\n|inactive|Kaptain zur See has 120 seconds left.\n|\n|t:|1640966620\n|switch|p2a: Manaphy|Manaphy|100\/100\n|move|p1a: Toxapex|Toxic|p2a: Manaphy\n|-status|p2a: Manaphy|tox\n|\n|-weather|RainDance|[upkeep]\n|-activate|p2a: Manaphy|ability: Hydration\n|-curestatus|p2a: Manaphy|tox|[msg]\n|upkeep\n|turn|12\n|\n|t:|1640966624\n|move|p2a: Manaphy|Tail Glow|p2a: Manaphy\n|-boost|p2a: Manaphy|spa|3\n|move|p1a: Toxapex|Haze|p1a: Toxapex\n|-clearallboost\n|\n|-weather|RainDance|[upkeep]\n|upkeep\n|turn|13\n|\n|t:|1640966630\n|move|p2a: Manaphy|Tail Glow|p2a: Manaphy\n|-boost|p2a: Manaphy|spa|3\n|move|p1a: Toxapex|Haze|p1a: Toxapex\n|-clearallboost\n|\n|-weather|RainDance|[upkeep]\n|upkeep\n|turn|14\n|\n|t:|1640966633\n|move|p2a: Manaphy|Energy Ball|p1a: Toxapex\n|-damage|p1a: Toxapex|43\/100\n|move|p1a: Toxapex|Haze|p1a: Toxapex\n|-clearallboost\n|\n|-weather|RainDance|[upkeep]\n|upkeep\n|turn|15\n|\n|t:|1640966636\n|move|p2a: Manaphy|Tail Glow|p2a: Manaphy\n|-boost|p2a: Manaphy|spa|3\n|move|p1a: Toxapex|Recover|p1a: Toxapex\n|-heal|p1a: Toxapex|94\/100\n|\n|-weather|RainDance|[upkeep]\n|upkeep\n|turn|16\n|\n|t:|1640966642\n|-zpower|p2a: Manaphy\n|move|p2a: Manaphy|Hydro Vortex|p1a: Toxapex|[zeffect]\n|-resisted|p1a: Toxapex\n|-damage|p1a: Toxapex|0 fnt\n|faint|p1a: Toxapex\n|\n|-weather|none\n|upkeep\n|\n|t:|1640966651\n|switch|p1a: Zapdos|Zapdos|76\/100\n|-ability|p1a: Zapdos|Pressure\n|turn|17\n|\n|t:|1640966654\n|move|p1a: Zapdos|Thunderbolt|p2a: Manaphy\n|-supereffective|p2a: Manaphy\n|-damage|p2a: Manaphy|20\/100\n|move|p2a: Manaphy|Surf|p1a: Zapdos\n|-damage|p1a: Zapdos|0 fnt\n|faint|p1a: Zapdos\n|\n|upkeep\n|\n|t:|1640966658\n|switch|p1a: Greninja|Greninja, F|100\/100\n|-damage|p1a: Greninja|88\/100|[from] Stealth Rock\n|turn|18\n|\n|t:|1640966664\n|switch|p2a: Ferrothorn|Ferrothorn, M|66\/100\n|-zpower|p1a: Greninja\n|move|p1a: Greninja|All-Out Pummeling|p2a: Ferrothorn|[zeffect]\n|-start|p1a: Greninja|typechange|Fighting|[from] ability: Protean\n|-supereffective|p2a: Ferrothorn\n|-enditem|p2a: Ferrothorn|Chople Berry|[eat]\n|-enditem|p2a: Ferrothorn|Chople Berry|[weaken]\n|-damage|p2a: Ferrothorn|16\/100\n|\n|upkeep\n|turn|19\n|\n|t:|1640966671\n|move|p1a: Greninja|Ice Beam|p2a: Ferrothorn\n|-start|p1a: Greninja|typechange|Ice|[from] ability: Protean\n|-damage|p2a: Ferrothorn|0 fnt\n|faint|p2a: Ferrothorn\n|\n|upkeep\n|\n|t:|1640966676\n|switch|p2a: Greninja|Greninja, M|100\/100\n|turn|20\n|\n|t:|1640966679\n|move|p1a: Greninja|Low Kick|p2a: Greninja\n|-start|p1a: Greninja|typechange|Fighting|[from] ability: Protean\n|-supereffective|p2a: Greninja\n|-damage|p2a: Greninja|23\/100\n|move|p2a: Greninja|Dark Pulse|p1a: Greninja\n|-resisted|p1a: Greninja\n|-damage|p1a: Greninja|50\/100\n|\n|upkeep\n|turn|21\n|\n|t:|1640966687\n|switch|p2a: Zapdos|Zapdos|37\/100\n|move|p1a: Greninja|Low Kick|p2a: Zapdos\n|-resisted|p2a: Zapdos\n|-damage|p2a: Zapdos|20\/100\n|\n|upkeep\n|turn|22\n|\n|t:|1640966697\n|switch|p2a: Manaphy|Manaphy|20\/100\n|move|p1a: Greninja|Ice Beam|p2a: Manaphy\n|-start|p1a: Greninja|typechange|Ice|[from] ability: Protean\n|-resisted|p2a: Manaphy\n|-crit|p2a: Manaphy\n|-damage|p2a: Manaphy|0 fnt\n|faint|p2a: Manaphy\n|\n|upkeep\n|\n|t:|1640966702\n|switch|p2a: Swampert|Swampert-Mega, M|100\/100\n|turn|23\n|\n|t:|1640966707\n|switch|p1a: Gliscor|Gliscor, M|100\/100\n|-damage|p1a: Gliscor|88\/100|[from] Stealth Rock\n|move|p2a: Swampert|Waterfall|p1a: Gliscor\n|-supereffective|p1a: Gliscor\n|-damage|p1a: Gliscor|27\/100\n|\n|-status|p1a: Gliscor|tox|[from] item: Toxic Orb\n|upkeep\n|turn|24\n|\n|t:|1640966712\n|move|p2a: Swampert|Waterfall|p1a: Gliscor\n|-supereffective|p1a: Gliscor\n|-damage|p1a: Gliscor|0 fnt\n|faint|p1a: Gliscor\n|\n|upkeep\n|\n|t:|1640966714\n|switch|p1a: Scizor|Scizor, M|100\/100\n|-damage|p1a: Scizor|88\/100|[from] Stealth Rock\n|turn|25\n|\n|t:|1640966718\n|detailschange|p1a: Scizor|Scizor-Mega, M\n|-mega|p1a: Scizor|Scizor|Scizorite\n|move|p2a: Swampert|Earthquake|p1a: Scizor\n|-damage|p1a: Scizor|49\/100\n|move|p1a: Scizor|Swords Dance|p1a: Scizor\n|-boost|p1a: Scizor|atk|2\n|\n|upkeep\n|turn|26\n|\n|t:|1640966723\n|move|p2a: Swampert|Waterfall|p1a: Scizor\n|-damage|p1a: Scizor|16\/100\n|move|p1a: Scizor|Roost|p1a: Scizor\n|-heal|p1a: Scizor|66\/100\n|-singleturn|p1a: Scizor|move: Roost\n|\n|upkeep\n|turn|27\n|\n|t:|1640966727\n|move|p2a: Swampert|Waterfall|p1a: Scizor\n|-damage|p1a: Scizor|33\/100\n|move|p1a: Scizor|Roost|p1a: Scizor\n|-heal|p1a: Scizor|83\/100\n|-singleturn|p1a: Scizor|move: Roost\n|\n|upkeep\n|turn|28\n|\n|t:|1640966731\n|move|p2a: Swampert|Waterfall|p1a: Scizor\n|-damage|p1a: Scizor|52\/100\n|move|p1a: Scizor|U-turn|p2a: Swampert\n|-damage|p2a: Swampert|39\/100\n|\n|t:|1640966735\n|switch|p1a: Slowking|Slowking-Galar, M|100\/100|[from]move: U-turn\n|-damage|p1a: Slowking|88\/100|[from] Stealth Rock\n|\n|upkeep\n|turn|29\n|\n|t:|1640966739\n|move|p2a: Swampert|Earthquake|p1a: Slowking\n|-supereffective|p1a: Slowking\n|-damage|p1a: Slowking|0 fnt\n|faint|p1a: Slowking\n|\n|upkeep\n|\n|t:|1640966747\n|switch|p1a: Greninja|Greninja, F|50\/100\n|-damage|p1a: Greninja|37\/100|[from] Stealth Rock\n|turn|30\n|\n|t:|1640966751\n|switch|p2a: Zapdos|Zapdos|20\/100\n|move|p1a: Greninja|Low Kick|p2a: Zapdos\n|-start|p1a: Greninja|typechange|Fighting|[from] ability: Protean\n|-resisted|p2a: Zapdos\n|-crit|p2a: Zapdos\n|-damage|p2a: Zapdos|0 fnt\n|faint|p2a: Zapdos\n|\n|upkeep\n|\n|t:|1640966758\n|switch|p2a: Greninja|Greninja, M|23\/100\n|turn|31\n|\n|t:|1640966763\n|move|p2a: Greninja|Surf|p1a: Greninja\n|-damage|p1a: Greninja|0 fnt\n|faint|p1a: Greninja\n|-activate|p2a: Greninja|ability: Battle Bond\n|detailschange|p2a: Greninja|Greninja-Ash, M\n|\n|upkeep\n|\n|t:|1640966764\n|switch|p1a: Scizor|Scizor-Mega, M|52\/100\n|-damage|p1a: Scizor|40\/100|[from] Stealth Rock\n|turn|32\n|\n|t:|1640966766\n|move|p1a: Scizor|Bullet Punch|p2a: Greninja\n|-resisted|p2a: Greninja\n|-damage|p2a: Greninja|0 fnt\n|faint|p2a: Greninja\n|\n|upkeep\n|\n|t:|1640966770\n|switch|p2a: Swampert|Swampert-Mega, M|39\/100\n|turn|33\n|\n|t:|1640966772\n|move|p2a: Swampert|Earthquake|p1a: Scizor\n|-damage|p1a: Scizor|0 fnt\n|faint|p1a: Scizor\n|\n|win|Blacksponge\n|raw|Kaptain zur See's rating: 1611 &rarr; <strong>1591<\/strong><br \/>(-20 for losing)\n|raw|Blacksponge's rating: 1604 &rarr; <strong>1624<\/strong><br \/>(+20 for winning)\n|l|\u2606Kaptain zur See\n","uploadtime":1640966794,"views":16,"p1id":"kaptainzursee","p2id":"blacksponge","formatid":"gen8nationaldex","rating":1591,"private":0,"password":null}