{"id":"gen8randombattle-1574451214","p1":"xSkelly34","p2":"UnzipsCrogre","format":"gen8randombattle","log":"|j|\u2606xSkelly34\n|j|\u2606UnzipsCrogre\n|inactive|Battle timer is ON: inactive players will automatically lose when time's up.\n|t:|1652496998\n|gametype|singles\n|player|p1|xSkelly34|bugsy|\n|player|p2|UnzipsCrogre|lucas|\n|teamsize|p1|6\n|teamsize|p2|6\n|gen|8\n|tier|[Gen 8] Random Battle\n|rated|Tournament battle\n|rule|Species Clause: Limit one of each Pok\u00e9mon\n|rule|HP Percentage Mod: HP is shown in percentages\n|rule|Sleep Clause Mod: Limit one foe put to sleep\n|\n|t:|1652496998\n|start\n|switch|p1a: Cinccino|Cinccino, L84, F|263\/263\n|switch|p2a: Whimsicott|Whimsicott, L84, M|238\/238\n|turn|1\n|j|*Lady Monita \u273f\n|inactive|UnzipsCrogre also wants the timer to be on.\n|\n|t:|1652497011\n|move|p2a: Whimsicott|Moonblast|p1a: Cinccino\n|-crit|p1a: Cinccino\n|-damage|p1a: Cinccino|106\/263\n|move|p1a: Cinccino|Tail Slap|p2a: Whimsicott\n|-damage|p2a: Whimsicott|198\/238\n|-damage|p2a: Whimsicott|156\/238\n|-damage|p2a: Whimsicott|117\/238\n|-damage|p2a: Whimsicott|78\/238\n|-damage|p2a: Whimsicott|41\/238\n|-hitcount|p2a: Whimsicott|5\n|\n|-heal|p2a: Whimsicott|55\/238|[from] item: Leftovers\n|upkeep\n|turn|2\n|inactive|xSkelly34 has 120 seconds left.\n|\n|t:|1652497044\n|switch|p1a: Registeel|Registeel, L83|268\/268\n|move|p2a: Whimsicott|Moonblast|p1a: Registeel\n|-resisted|p1a: Registeel\n|-damage|p1a: Registeel|241\/268\n|\n|-heal|p2a: Whimsicott|69\/238|[from] item: Leftovers\n|-heal|p1a: Registeel|257\/268|[from] item: Leftovers\n|upkeep\n|turn|3\n|inactive|xSkelly34 has 120 seconds left.\n|\n|t:|1652497063\n|move|p2a: Whimsicott|Taunt|p1a: Registeel\n|-start|p1a: Registeel|move: Taunt\n|move|p1a: Registeel|Iron Head|p2a: Whimsicott\n|-supereffective|p2a: Whimsicott\n|-damage|p2a: Whimsicott|0 fnt\n|faint|p2a: Whimsicott\n|\n|-heal|p1a: Registeel|268\/268|[from] item: Leftovers\n|upkeep\n|\n|t:|1652497080\n|switch|p2a: Passimian|Passimian, L82, M|298\/298\n|turn|4\n|\n|t:|1652497084\n|switch|p1a: Meowstic|Meowstic-F, L86, F|268\/268\n|move|p2a: Passimian|Close Combat|p1a: Meowstic\n|-resisted|p1a: Meowstic\n|-damage|p1a: Meowstic|146\/268\n|-unboost|p2a: Passimian|def|1\n|-unboost|p2a: Passimian|spd|1\n|\n|upkeep\n|turn|5\n|\n|t:|1652497093\n|switch|p2a: Octillery|Octillery, L86, M|269\/269\n|move|p1a: Meowstic|Nasty Plot|p1a: Meowstic\n|-boost|p1a: Meowstic|spa|2\n|\n|-ability|p2a: Octillery|Moody|boost\n|-boost|p2a: Octillery|spa|2\n|-unboost|p2a: Octillery|spd|1\n|upkeep\n|turn|6\n|\n|t:|1652497099\n|move|p2a: Octillery|Protect|p2a: Octillery\n|-singleturn|p2a: Octillery|Protect\n|move|p1a: Meowstic|Thunderbolt|p2a: Octillery\n|-activate|p2a: Octillery|move: Protect\n|\n|-ability|p2a: Octillery|Moody|boost\n|-boost|p2a: Octillery|def|2\n|-unboost|p2a: Octillery|atk|1\n|upkeep\n|turn|7\n|\n|t:|1652497109\n|-start|p2a: Octillery|Dynamax|\n|-heal|p2a: Octillery|538\/538|[silent]\n|move|p1a: Meowstic|Psychic|p2a: Octillery\n|-damage|p2a: Octillery|155\/538\n|-unboost|p2a: Octillery|spd|1\n|-damage|p1a: Meowstic|120\/268|[from] item: Life Orb\n|move|p2a: Octillery|Max Geyser|p1a: Meowstic\n|-crit|p1a: Meowstic\n|-damage|p1a: Meowstic|0 fnt\n|-weather|RainDance\n|faint|p1a: Meowstic\n|\n|-weather|RainDance|[upkeep]\n|-heal|p2a: Octillery|171\/538|[from] item: Leftovers\n|-ability|p2a: Octillery|Moody|boost\n|-boost|p2a: Octillery|spd|2\n|-unboost|p2a: Octillery|def|1\n|upkeep\n|\n|t:|1652497123\n|switch|p1a: Cinccino|Cinccino, L84, F|106\/263\n|turn|8\n|\n|t:|1652497127\n|move|p1a: Cinccino|Tail Slap|p2a: Octillery\n|-damage|p2a: Octillery|138\/538\n|-damage|p2a: Octillery|107\/538\n|-damage|p2a: Octillery|77\/538\n|-damage|p2a: Octillery|47\/538\n|-damage|p2a: Octillery|17\/538\n|-hitcount|p2a: Octillery|5\n|move|p2a: Octillery|Max Overgrowth|p1a: Cinccino\n|-damage|p1a: Cinccino|0 fnt\n|-fieldstart|move: Grassy Terrain\n|faint|p1a: Cinccino\n|\n|-weather|RainDance|[upkeep]\n|-heal|p2a: Octillery|33\/538|[from] Grassy Terrain\n|-heal|p2a: Octillery|49\/538|[from] item: Leftovers\n|-ability|p2a: Octillery|Moody|boost\n|-boost|p2a: Octillery|spe|2\n|-unboost|p2a: Octillery|def|1\n|upkeep\n|\n|t:|1652497152\n|switch|p1a: Mimikyu|Mimikyu, L76, F|209\/209\n|turn|9\n|\n|t:|1652497158\n|move|p2a: Octillery|Max Geyser|p1a: Mimikyu\n|-activate|p1a: Mimikyu|ability: Disguise\n|-damage|p1a: Mimikyu|209\/209\n|detailschange|p1a: Mimikyu|Mimikyu-Busted, L76, F\n|-damage|p1a: Mimikyu|183\/209|[from] pokemon: Mimikyu-Busted\n|move|p1a: Mimikyu|Shadow Claw|p2a: Octillery\n|-damage|p2a: Octillery|0 fnt\n|faint|p2a: Octillery\n|-damage|p1a: Mimikyu|163\/209|[from] item: Life Orb\n|\n|-weather|RainDance|[upkeep]\n|-heal|p1a: Mimikyu|176\/209|[from] Grassy Terrain\n|upkeep\n|\n|t:|1652497167\n|switch|p2a: Cramorant|Cramorant, L84, F|255\/255\n|turn|10\n|\n|t:|1652497171\n|move|p2a: Cramorant|Surf|p1a: Mimikyu\n|-formechange|p2a: Cramorant|Cramorant-Gulping|\n|-damage|p1a: Mimikyu|15\/209\n|-damage|p2a: Cramorant|230\/255|[from] item: Life Orb\n|move|p1a: Mimikyu|Play Rough|p2a: Cramorant\n|-damage|p2a: Cramorant|100\/255\n|-damage|p1a: Mimikyu|0 fnt|[from] ability: Gulp Missile|[of] p2a: Cramorant\n|-formechange|p2a: Cramorant|Cramorant|\n|faint|p1a: Mimikyu\n|\n|-weather|RainDance|[upkeep]\n|upkeep\n|\n|t:|1652497182\n|switch|p1a: Politoed|Politoed, L86, M|295\/295\n|turn|11\n|\n|t:|1652497185\n|move|p2a: Cramorant|Brave Bird|p1a: Politoed\n|-damage|p1a: Politoed|138\/295\n|-damage|p2a: Cramorant|48\/255|[from] Recoil\n|-damage|p2a: Cramorant|23\/255|[from] item: Life Orb\n|move|p1a: Politoed|Ice Beam|p2a: Cramorant\n|-damage|p2a: Cramorant|0 fnt\n|faint|p2a: Cramorant\n|\n|-weather|none\n|-heal|p1a: Politoed|156\/295|[from] Grassy Terrain\n|upkeep\n|\n|t:|1652497191\n|switch|p2a: Tapu Koko|Tapu Koko, L78|237\/237\n|-fieldstart|move: Electric Terrain|[from] ability: Electric Surge|[of] p2a: Tapu Koko\n|turn|12\n|\n|t:|1652497197\n|switch|p1a: Registeel|Registeel, L83|268\/268\n|move|p2a: Tapu Koko|Volt Switch|p1a: Registeel\n|-damage|p1a: Registeel|190\/268\n|\n|t:|1652497199\n|switch|p2a: Passimian|Passimian, L82, M|298\/298\n|\n|-heal|p1a: Registeel|206\/268|[from] item: Leftovers\n|upkeep\n|turn|13\n|\n|t:|1652497208\n|switch|p1a: Politoed|Politoed, L86, M|156\/295\n|-weather|RainDance|[from] ability: Drizzle|[of] p1a: Politoed\n|move|p2a: Passimian|Close Combat|p1a: Politoed\n|-damage|p1a: Politoed|0 fnt\n|-unboost|p2a: Passimian|def|1\n|-unboost|p2a: Passimian|spd|1\n|faint|p1a: Politoed\n|\n|-weather|RainDance|[upkeep]\n|upkeep\n|\n|t:|1652497210\n|switch|p1a: Garchomp|Garchomp, L74, M|282\/282\n|turn|14\n|\n|t:|1652497215\n|move|p1a: Garchomp|Earthquake|p2a: Passimian\n|-damage|p2a: Passimian|130\/298\n|move|p2a: Passimian|Close Combat|p1a: Garchomp\n|-damage|p1a: Garchomp|71\/282\n|-unboost|p2a: Passimian|def|1\n|-unboost|p2a: Passimian|spd|1\n|-damage|p2a: Passimian|93\/298|[from] ability: Rough Skin|[of] p1a: Garchomp\n|-damage|p2a: Passimian|44\/298|[from] item: Rocky Helmet|[of] p1a: Garchomp\n|\n|-weather|RainDance|[upkeep]\n|upkeep\n|turn|15\n|\n|t:|1652497225\n|switch|p2a: Rotom|Rotom-Heat, L82|215\/215\n|move|p1a: Garchomp|Earthquake|p2a: Rotom\n|-immune|p2a: Rotom|[from] ability: Levitate\n|\n|-weather|RainDance|[upkeep]\n|upkeep\n|turn|16\n|\n|t:|1652497230\n|-start|p1a: Garchomp|Dynamax|\n|-heal|p1a: Garchomp|142\/564|[silent]\n|move|p1a: Garchomp|Max Wyrmwind|p2a: Rotom\n|-damage|p2a: Rotom|92\/215\n|-unboost|p2a: Rotom|atk|1\n|move|p2a: Rotom|Will-O-Wisp|p1a: Garchomp\n|-status|p1a: Garchomp|brn\n|\n|-weather|RainDance|[upkeep]\n|-heal|p2a: Rotom|105\/215|[from] item: Leftovers\n|-damage|p1a: Garchomp|125\/564 brn|[from] brn\n|-fieldend|move: Electric Terrain\n|upkeep\n|turn|17\n|\n|t:|1652497241\n|move|p1a: Garchomp|Max Wyrmwind|p2a: Rotom\n|-damage|p2a: Rotom|46\/215\n|-unboost|p2a: Rotom|atk|1\n|move|p2a: Rotom|Overheat|p1a: Garchomp\n|-resisted|p1a: Garchomp\n|-damage|p1a: Garchomp|85\/564 brn\n|-unboost|p2a: Rotom|spa|2\n|\n|-weather|none\n|-heal|p2a: Rotom|59\/215|[from] item: Leftovers\n|-damage|p1a: Garchomp|68\/564 brn|[from] brn\n|upkeep\n|turn|18\n|\n|t:|1652497248\n|-end|p1a: Garchomp|Dynamax\n|-heal|p1a: Garchomp|34\/282 brn|[silent]\n|switch|p1a: Registeel|Registeel, L83|206\/268\n|move|p2a: Rotom|Nasty Plot|p2a: Rotom\n|-boost|p2a: Rotom|spa|2\n|\n|-heal|p2a: Rotom|72\/215|[from] item: Leftovers\n|-heal|p1a: Registeel|222\/268|[from] item: Leftovers\n|upkeep\n|turn|19\n|\n|t:|1652497254\n|move|p2a: Rotom|Nasty Plot|p2a: Rotom\n|-boost|p2a: Rotom|spa|2\n|move|p1a: Registeel|Body Press|p2a: Rotom\n|-damage|p2a: Rotom|4\/215\n|\n|-heal|p2a: Rotom|17\/215|[from] item: Leftovers\n|-heal|p1a: Registeel|238\/268|[from] item: Leftovers\n|upkeep\n|turn|20\n|\n|t:|1652497260\n|switch|p1a: Garchomp|Garchomp, L74, M|34\/282 brn\n|move|p2a: Rotom|Overheat|p1a: Garchomp\n|-resisted|p1a: Garchomp\n|-damage|p1a: Garchomp|0 fnt\n|-unboost|p2a: Rotom|spa|2\n|faint|p1a: Garchomp\n|\n|-heal|p2a: Rotom|30\/215|[from] item: Leftovers\n|upkeep\n|\n|t:|1652497262\n|switch|p1a: Registeel|Registeel, L83|238\/268\n|turn|21\n|\n|t:|1652497264\n|move|p2a: Rotom|Overheat|p1a: Registeel\n|-supereffective|p1a: Registeel\n|-damage|p1a: Registeel|58\/268\n|-unboost|p2a: Rotom|spa|2\n|move|p1a: Registeel|Body Press|p2a: Rotom\n|-damage|p2a: Rotom|0 fnt\n|faint|p2a: Rotom\n|\n|-heal|p1a: Registeel|74\/268|[from] item: Leftovers\n|upkeep\n|\n|t:|1652497267\n|switch|p2a: Passimian|Passimian, L82, M|44\/298\n|turn|22\n|\n|t:|1652497268\n|move|p2a: Passimian|Close Combat|p1a: Registeel\n|-supereffective|p1a: Registeel\n|-damage|p1a: Registeel|0 fnt\n|-unboost|p2a: Passimian|def|1\n|-unboost|p2a: Passimian|spd|1\n|faint|p1a: Registeel\n|\n|win|UnzipsCrogre\n|n|\u2606xSkelly34|xskelly34\n|n|\u2606UnzipsCrogre|unzipscrogre\n|n|*Lady Monita \u273f|ladymonita\n|l|*Lady Monita \u273f\n|l|\u2606xSkelly34\n","inputlog":">version 531b2bb4d145e24dce8d55480c78bcd528fa7770\n>start {\"formatid\":\"gen8randombattle\",\"seed\":[20653,59408,15910,37157],\"rated\":\"Tournament battle\"}\n>player p1 {\"name\":\"xSkelly34\",\"avatar\":\"bugsy\",\"rating\":0,\"seed\":[38441,61164,44674,55138]}\n>player p2 {\"name\":\"UnzipsCrogre\",\"avatar\":\"lucas\",\"rating\":0,\"seed\":[18580,60423,47136,44154]}\n>p1 move tailslap\n>p2 move moonblast\n>p1 switch 3\n>p2 move moonblast\n>p1 move ironhead\n>p2 move taunt\n>p2 switch 5\n>p1 switch 2\n>p2 move closecombat\n>p1 move nastyplot\n>p2 switch 2\n>p1 move thunderbolt\n>p2 move protect\n>p1 move psychic\n>p2 move hydropump dynamax\n>p1 switch 3\n>p1 move tailslap\n>p2 move energyball dynamax\n>p1 switch 6\n>p1 move shadowclaw\n>p2 move hydropump dynamax\n>p2 switch 4\n>p1 move playrough\n>p2 move surf\n>p1 switch 4\n>p1 move icebeam\n>p2 move bravebird\n>p2 switch 6\n>p1 switch 2\n>p2 move voltswitch\n>p2 switch 2\n>p1 switch 2\n>p2 move closecombat\n>p1 switch 5\n>p1 move earthquake\n>p2 move closecombat\n>p1 move earthquake\n>p2 switch 3\n>p1 move outrage dynamax\n>p2 move willowisp\n>p1 move outrage dynamax\n>p2 move overheat\n>p1 switch 2\n>p2 move nastyplot\n>p1 move bodypress\n>p2 move nastyplot\n>p1 switch 2\n>p2 move overheat\n>p1 switch 2\n>p1 move bodypress\n>p2 move overheat\n>p2 switch 3\n>p1 move bodypress\n>p2 move closecombat","uploadtime":1652497273,"views":7,"p1id":"xskelly34","p2id":"unzipscrogre","formatid":"gen8randombattle","rating":0,"private":0,"password":null}