{"id":"gen8ou-1670901346","p1":"birdspamneverdies","p2":"jeandonis02","format":"gen8ou","log":"|j|\u2606birdspamneverdies\n|j|\u2606jeandonis02\n|t:|1663876900\n|gametype|singles\n|player|p1|birdspamneverdies|xerosic|1720\n|player|p2|jeandonis02|lucas|1772\n|teamsize|p1|6\n|teamsize|p2|6\n|gen|8\n|tier|[Gen 8] OU\n|rated|\n|rule|Sleep Clause Mod: Limit one foe put to sleep\n|rule|Species Clause: Limit one of each Pok\u00e9mon\n|rule|OHKO Clause: OHKO moves are banned\n|rule|Evasion Items Clause: Evasion items are banned\n|rule|Evasion Moves Clause: Evasion moves are banned\n|rule|Endless Battle Clause: Forcing endless battles is banned\n|rule|HP Percentage Mod: HP is shown in percentages\n|rule|Dynamax Clause: You cannot dynamax\n|clearpoke\n|poke|p1|Urshifu-*, F|\n|poke|p1|Heatran, F|\n|poke|p1|Landorus-Therian, M|\n|poke|p1|Rotom-Wash|\n|poke|p1|Tangrowth, M|\n|poke|p1|Latios, M|\n|poke|p2|Zeraora|\n|poke|p2|Toxapex, M|\n|poke|p2|Garchomp, M|\n|poke|p2|Rotom-Wash|\n|poke|p2|Ferrothorn, F|\n|poke|p2|Charizard, M|\n|teampreview\n|inactive|Battle timer is ON: inactive players will automatically lose when time's up. (requested by birdspamneverdies)\n|\n|t:|1663876912\n|start\n|switch|p1a: Rotom|Rotom-Wash|100\/100\n|switch|p2a: Garchomp|Garchomp, M|100\/100\n|turn|1\n|\n|t:|1663876918\n|switch|p2a: Rotom|Rotom-Wash|100\/100\n|move|p1a: Rotom|Hydro Pump|p2a: Rotom\n|-resisted|p2a: Rotom\n|-damage|p2a: Rotom|83\/100\n|\n|-heal|p2a: Rotom|89\/100|[from] item: Leftovers\n|upkeep\n|turn|2\n|\n|t:|1663876923\n|move|p1a: Rotom|Volt Switch|p2a: Rotom\n|-damage|p2a: Rotom|65\/100\n|\n|t:|1663876926\n|switch|p1a: Tangrowth|Tangrowth, M|100\/100|[from]move: Volt Switch\n|move|p2a: Rotom|Volt Switch|p1a: Tangrowth\n|-resisted|p1a: Tangrowth\n|-damage|p1a: Tangrowth|82\/100\n|\n|t:|1663876930\n|switch|p2a: Charizard|Charizard, M|100\/100|[from]move: Volt Switch\n|\n|upkeep\n|turn|3\n|\n|t:|1663876938\n|switch|p1a: Latios|Latios, M|100\/100\n|move|p2a: Charizard|Belly Drum|p2a: Charizard\n|-damage|p2a: Charizard|50\/100\n|-setboost|p2a: Charizard|atk|6|[from] move: Belly Drum\n|-enditem|p2a: Charizard|Sitrus Berry|[eat]\n|-heal|p2a: Charizard|75\/100|[from] item: Sitrus Berry\n|\n|upkeep\n|turn|4\n|\n|t:|1663876944\n|move|p1a: Latios|Draco Meteor|p2a: Charizard\n|-damage|p2a: Charizard|0 fnt\n|-unboost|p1a: Latios|spa|2\n|faint|p2a: Charizard\n|\n|upkeep\n|j| NDHB\n|\n|t:|1663876948\n|switch|p2a: Zeraora|Zeraora|100\/100\n|turn|5\n|j| KappaHalo\n|\n|t:|1663876956\n|switch|p1a: Landorus|Landorus-Therian, M|100\/100\n|-ability|p1a: Landorus|Intimidate|boost\n|-unboost|p2a: Zeraora|atk|1\n|move|p2a: Zeraora|Knock Off|p1a: Landorus\n|-damage|p1a: Landorus|80\/100\n|-enditem|p1a: Landorus|Leftovers|[from] move: Knock Off|[of] p2a: Zeraora\n|\n|upkeep\n|turn|6\n|\n|t:|1663876958\n|switch|p2a: Ferrothorn|Ferrothorn, F|100\/100\n|move|p1a: Landorus|Stealth Rock|p2a: Ferrothorn\n|-sidestart|p2: jeandonis02|move: Stealth Rock\n|\n|upkeep\n|turn|7\n|\n|t:|1663876963\n|switch|p1a: Heatran|Heatran, F|100\/100\n|move|p2a: Ferrothorn|Leech Seed|p1a: Heatran\n|-start|p1a: Heatran|move: Leech Seed\n|\n|-damage|p1a: Heatran|88\/100|[from] Leech Seed|[of] p2a: Ferrothorn\n|upkeep\n|turn|8\n|\n|t:|1663876966\n|switch|p2a: Rotom|Rotom-Wash|65\/100\n|-damage|p2a: Rotom|53\/100|[from] Stealth Rock\n|move|p1a: Heatran|Magma Storm|p2a: Rotom\n|-resisted|p2a: Rotom\n|-damage|p2a: Rotom|28\/100\n|-activate|p2a: Rotom|move: Magma Storm|[of] p1a: Heatran\n|\n|-heal|p1a: Heatran|94\/100|[from] item: Leftovers\n|-heal|p2a: Rotom|34\/100|[from] item: Leftovers\n|-damage|p1a: Heatran|82\/100|[from] Leech Seed|[of] p2a: Rotom\n|-heal|p2a: Rotom|47\/100|[silent]\n|-damage|p2a: Rotom|35\/100|[from] move: Magma Storm|[partiallytrapped]\n|upkeep\n|turn|9\n|\n|t:|1663876976\n|switch|p1a: Tangrowth|Tangrowth, M|100\/100\n|move|p2a: Rotom|Defog|p1a: Tangrowth\n|-unboost|p1a: Tangrowth|evasion|1\n|-sideend|p2: jeandonis02|Stealth Rock|[from] move: Defog|[of] p2a: Rotom\n|\n|-heal|p2a: Rotom|41\/100|[from] item: Leftovers\n|-end|p2a: Rotom|Magma Storm|[partiallytrapped]|[silent]\n|upkeep\n|turn|10\n|\n|t:|1663876981\n|switch|p2a: Ferrothorn|Ferrothorn, F|100\/100\n|move|p1a: Tangrowth|Giga Drain|p2a: Ferrothorn\n|-resisted|p2a: Ferrothorn\n|-damage|p2a: Ferrothorn|94\/100\n|\n|upkeep\n|turn|11\n|\n|t:|1663876986\n|move|p1a: Tangrowth|Knock Off|p2a: Ferrothorn\n|-damage|p2a: Ferrothorn|80\/100\n|-damage|p1a: Tangrowth|88\/100|[from] ability: Iron Barbs|[of] p2a: Ferrothorn\n|-damage|p1a: Tangrowth|72\/100|[from] item: Rocky Helmet|[of] p2a: Ferrothorn\n|-enditem|p2a: Ferrothorn|Rocky Helmet|[from] move: Knock Off|[of] p1a: Tangrowth\n|move|p2a: Ferrothorn|Stealth Rock|p1a: Tangrowth\n|-sidestart|p1: birdspamneverdies|move: Stealth Rock\n|\n|upkeep\n|turn|12\n|\n|t:|1663876996\n|move|p1a: Tangrowth|Focus Blast|p2a: Ferrothorn\n|-supereffective|p2a: Ferrothorn\n|-damage|p2a: Ferrothorn|31\/100\n|-unboost|p2a: Ferrothorn|spd|1\n|move|p2a: Ferrothorn|Thunder Wave|p1a: Tangrowth\n|-status|p1a: Tangrowth|par\n|\n|upkeep\n|turn|13\n|j| a1212\n|\n|t:|1663877004\n|switch|p1a: Rotom|Rotom-Wash|100\/100\n|-damage|p1a: Rotom|88\/100|[from] Stealth Rock\n|move|p2a: Ferrothorn|Gyro Ball|p1a: Rotom\n|-resisted|p1a: Rotom\n|-damage|p1a: Rotom|79\/100\n|\n|-heal|p1a: Rotom|85\/100|[from] item: Leftovers\n|upkeep\n|turn|14\n|j| Alexlch\n|\n|t:|1663877006\n|move|p1a: Rotom|Defog|p2a: Ferrothorn\n|-unboost|p2a: Ferrothorn|evasion|1\n|-sideend|p1: birdspamneverdies|Stealth Rock|[from] move: Defog|[of] p1a: Rotom\n|move|p2a: Ferrothorn|Leech Seed|p1a: Rotom\n|-start|p1a: Rotom|move: Leech Seed\n|\n|-heal|p1a: Rotom|91\/100|[from] item: Leftovers\n|-damage|p1a: Rotom|79\/100|[from] Leech Seed|[of] p2a: Ferrothorn\n|-heal|p2a: Ferrothorn|41\/100|[silent]\n|upkeep\n|turn|15\n|\n|t:|1663877012\n|move|p1a: Rotom|Volt Switch|p2a: Ferrothorn\n|-resisted|p2a: Ferrothorn\n|-damage|p2a: Ferrothorn|26\/100\n|\n|t:|1663877016\n|switch|p1a: Heatran|Heatran, F|82\/100|[from]move: Volt Switch\n|move|p2a: Ferrothorn|Stealth Rock|p1a: Heatran\n|-sidestart|p1: birdspamneverdies|move: Stealth Rock\n|\n|-heal|p1a: Heatran|88\/100|[from] item: Leftovers\n|upkeep\n|turn|16\n|\n|t:|1663877020\n|move|p1a: Heatran|Magma Storm|p2a: Ferrothorn\n|-supereffective|p2a: Ferrothorn\n|-damage|p2a: Ferrothorn|0 fnt\n|faint|p2a: Ferrothorn\n|\n|-heal|p1a: Heatran|94\/100|[from] item: Leftovers\n|upkeep\n|\n|t:|1663877023\n|switch|p2a: Garchomp|Garchomp, M|100\/100\n|turn|17\n|\n|t:|1663877026\n|move|p2a: Garchomp|Outrage|p1a: Heatran\n|-resisted|p1a: Heatran\n|-damage|p1a: Heatran|51\/100\n|move|p1a: Heatran|Toxic|p2a: Garchomp\n|-status|p2a: Garchomp|tox\n|\n|-heal|p1a: Heatran|57\/100|[from] item: Leftovers\n|-damage|p2a: Garchomp|94\/100 tox|[from] psn\n|upkeep\n|turn|18\n|\n|t:|1663877038\n|move|p2a: Garchomp|Outrage|p1a: Heatran|[from]lockedmove\n|-resisted|p1a: Heatran\n|-damage|p1a: Heatran|14\/100\n|move|p1a: Heatran|Earth Power|p2a: Garchomp\n|-damage|p2a: Garchomp|63\/100 tox\n|-unboost|p2a: Garchomp|spd|1\n|\n|-heal|p1a: Heatran|20\/100|[from] item: Leftovers\n|-damage|p2a: Garchomp|50\/100 tox|[from] psn\n|upkeep\n|turn|19\n|\n|t:|1663877048\n|move|p2a: Garchomp|Outrage|p1a: Heatran|[from]lockedmove\n|-resisted|p1a: Heatran\n|-damage|p1a: Heatran|0 fnt\n|faint|p1a: Heatran\n|-start|p2a: Garchomp|confusion|[fatigue]\n|\n|-damage|p2a: Garchomp|32\/100 tox|[from] psn\n|upkeep\n|j| tapu moxo\n|\n|t:|1663877054\n|switch|p1a: Rotom|Rotom-Wash|79\/100\n|-damage|p1a: Rotom|66\/100|[from] Stealth Rock\n|turn|20\n|\n|t:|1663877058\n|switch|p2a: Toxapex|Toxapex, M|100\/100\n|move|p1a: Rotom|Defog|p2a: Toxapex\n|-unboost|p2a: Toxapex|evasion|1\n|-sideend|p1: birdspamneverdies|Stealth Rock|[from] move: Defog|[of] p1a: Rotom\n|\n|-heal|p1a: Rotom|73\/100|[from] item: Leftovers\n|upkeep\n|turn|21\n|j| Abcdefp\n|\n|t:|1663877063\n|move|p1a: Rotom|Volt Switch|p2a: Toxapex\n|-supereffective|p2a: Toxapex\n|-damage|p2a: Toxapex|70\/100\n|\n|t:|1663877067\n|switch|p1a: Landorus|Landorus-Therian, M|80\/100|[from]move: Volt Switch\n|-ability|p1a: Landorus|Intimidate|boost\n|-unboost|p2a: Toxapex|atk|1\n|move|p2a: Toxapex|Toxic|p1a: Landorus\n|-status|p1a: Landorus|tox\n|\n|-heal|p2a: Toxapex|76\/100|[from] item: Black Sludge\n|-damage|p1a: Landorus|74\/100 tox|[from] psn\n|upkeep\n|turn|22\n|\n|t:|1663877071\n|switch|p2a: Rotom|Rotom-Wash|41\/100\n|move|p1a: Landorus|Stealth Rock|p2a: Rotom\n|-sidestart|p2: jeandonis02|move: Stealth Rock\n|\n|-heal|p2a: Rotom|47\/100|[from] item: Leftovers\n|-damage|p1a: Landorus|62\/100 tox|[from] psn\n|upkeep\n|turn|23\n|\n|t:|1663877073\n|move|p1a: Landorus|Toxic|p2a: Rotom\n|-status|p2a: Rotom|tox\n|move|p2a: Rotom|Defog|p1a: Landorus\n|-unboost|p1a: Landorus|evasion|1\n|-sideend|p2: jeandonis02|Stealth Rock|[from] move: Defog|[of] p2a: Rotom\n|\n|-heal|p2a: Rotom|53\/100 tox|[from] item: Leftovers\n|-damage|p1a: Landorus|44\/100 tox|[from] psn\n|-damage|p2a: Rotom|47\/100 tox|[from] psn\n|upkeep\n|turn|24\n|\n|t:|1663877075\n|move|p1a: Landorus|Stealth Rock|p2a: Rotom\n|-sidestart|p2: jeandonis02|move: Stealth Rock\n|move|p2a: Rotom|Defog|p1a: Landorus\n|-unboost|p1a: Landorus|evasion|1\n|-sideend|p2: jeandonis02|Stealth Rock|[from] move: Defog|[of] p2a: Rotom\n|\n|-heal|p2a: Rotom|53\/100 tox|[from] item: Leftovers\n|-damage|p1a: Landorus|20\/100 tox|[from] psn\n|-damage|p2a: Rotom|41\/100 tox|[from] psn\n|upkeep\n|turn|25\n|\n|t:|1663877081\n|move|p1a: Landorus|U-turn|p2a: Rotom\n|-damage|p2a: Rotom|22\/100 tox\n|\n|t:|1663877085\n|switch|p1a: Latios|Latios, M|100\/100|[from]move: U-turn\n|move|p2a: Rotom|Defog|p1a: Latios\n|-unboost|p1a: Latios|evasion|1\n|\n|-heal|p2a: Rotom|28\/100 tox|[from] item: Leftovers\n|-damage|p2a: Rotom|10\/100 tox|[from] psn\n|upkeep\n|turn|26\n|\n|t:|1663877090\n|move|p1a: Latios|Psychic|p2a: Rotom\n|-damage|p2a: Rotom|0 fnt\n|faint|p2a: Rotom\n|\n|upkeep\n|\n|t:|1663877093\n|switch|p2a: Zeraora|Zeraora|100\/100\n|turn|27\n|j| Jongruenwald\n|\n|t:|1663877096\n|switch|p1a: Landorus|Landorus-Therian, M|20\/100 tox\n|-ability|p1a: Landorus|Intimidate|boost\n|-unboost|p2a: Zeraora|atk|1\n|move|p2a: Zeraora|Knock Off|p1a: Landorus\n|-damage|p1a: Landorus|7\/100 tox\n|\n|-damage|p1a: Landorus|0 fnt|[from] psn\n|faint|p1a: Landorus\n|upkeep\n|\n|t:|1663877110\n|switch|p1a: Tangrowth|Tangrowth, M|100\/100 par\n|turn|28\n|\n|t:|1663877114\n|switch|p2a: Toxapex|Toxapex, M|100\/100\n|switch|p1a: Latios|Latios, M|100\/100\n|\n|upkeep\n|turn|29\n|\n|t:|1663877117\n|move|p1a: Latios|Psychic|p2a: Toxapex\n|-supereffective|p2a: Toxapex\n|-damage|p2a: Toxapex|39\/100\n|move|p2a: Toxapex|Toxic|p1a: Latios\n|-status|p1a: Latios|tox\n|\n|-heal|p2a: Toxapex|46\/100|[from] item: Black Sludge\n|-damage|p1a: Latios|95\/100 tox|[from] psn\n|upkeep\n|turn|30\n|\n|t:|1663877121\n|move|p2a: Toxapex|Baneful Bunker|p2a: Toxapex\n|-singleturn|p2a: Toxapex|move: Protect\n|move|p1a: Latios|Psychic|p2a: Toxapex\n|-activate|p2a: Toxapex|move: Protect\n|\n|-heal|p2a: Toxapex|52\/100|[from] item: Black Sludge\n|-damage|p1a: Latios|83\/100 tox|[from] psn\n|upkeep\n|turn|31\n|j| Yeet935\n|\n|t:|1663877125\n|switch|p2a: Zeraora|Zeraora|100\/100\n|move|p1a: Latios|Psychic|p2a: Zeraora\n|-damage|p2a: Zeraora|40\/100\n|\n|-damage|p1a: Latios|65\/100 tox|[from] psn\n|upkeep\n|turn|32\n|l| Yeet935\n|\n|t:|1663877129\n|switch|p2a: Garchomp|Garchomp, M|32\/100 tox\n|move|p1a: Latios|Psychic|p2a: Garchomp\n|-damage|p2a: Garchomp|0 fnt\n|faint|p2a: Garchomp\n|\n|-damage|p1a: Latios|41\/100 tox|[from] psn\n|upkeep\n|-message|jeandonis02 forfeited.\n|\n|win|birdspamneverdies\n|raw|birdspamneverdies's rating: 1720 &rarr; <strong>1743<\/strong><br \/>(+23 for winning)\n|raw|jeandonis02's rating: 1772 &rarr; <strong>1749<\/strong><br \/>(-23 for losing)\n|l|\u2606jeandonis02\n|l|\u2606birdspamneverdies\n|l| Jongruenwald\n|l| tapu moxo\n|l| KappaHalo\n","uploadtime":1663877182,"views":32,"p1id":"birdspamneverdies","p2id":"jeandonis02","formatid":"gen8ou","rating":1743,"private":0,"password":null}