{"id":"gen8randombattle-1690471460","p1":"LoSconosciuto","p2":"trace","format":"gen8randombattle","log":"|j|\u2606LoSconosciuto\n|j|\u2606trace\n|t:|1666278961\n|gametype|singles\n|player|p1|LoSconosciuto|#teamgapdos|\n|player|p2|trace|#trace|\n|teamsize|p1|6\n|teamsize|p2|6\n|gen|8\n|tier|[Gen 8] Random Battle\n|rule|Species Clause: Limit one of each Pok\u00e9mon\n|rule|HP Percentage Mod: HP is shown in percentages\n|rule|Sleep Clause Mod: Limit one foe put to sleep\n|\n|t:|1666278961\n|start\n|switch|p1a: Audino|Audino, L91, M|335\/335\n|switch|p2a: Comfey|Comfey, L86, M|228\/228\n|turn|1\n|inactive|Battle timer is ON: inactive players will automatically lose when time's up. (requested by LoSconosciuto)\n|c|\u2606LoSconosciuto|hf\n|c|\u2606trace|hf\n|\n|t:|1666278976\n|switch|p2a: Corviknight|Corviknight, L78, M|281\/281\n|move|p1a: Audino|Knock Off|p2a: Corviknight\n|-damage|p2a: Corviknight|224\/281\n|-enditem|p2a: Corviknight|Leftovers|[from] move: Knock Off|[of] p1a: Audino\n|\n|upkeep\n|turn|2\n|\n|t:|1666278985\n|switch|p1a: Pikachu|Pikachu-World, L92, M|214\/214\n|move|p2a: Corviknight|Roost|p2a: Corviknight\n|-heal|p2a: Corviknight|281\/281\n|-singleturn|p2a: Corviknight|move: Roost\n|\n|upkeep\n|turn|3\n|\n|t:|1666278992\n|switch|p2a: Virizion|Virizion, L82|283\/283\n|move|p1a: Pikachu|Knock Off|p2a: Virizion\n|-resisted|p2a: Virizion\n|-damage|p2a: Virizion|224\/283\n|-ability|p2a: Virizion|Justified|boost\n|-boost|p2a: Virizion|atk|1\n|-enditem|p2a: Virizion|Lum Berry|[from] move: Knock Off|[of] p1a: Pikachu\n|\n|upkeep\n|turn|4\n|inactive|LoSconosciuto has 270 seconds left.\n|\n|t:|1666279049\n|switch|p1a: Beheeyem|Beheeyem, L86, M|269\/269\n|move|p2a: Virizion|Leaf Blade|p1a: Beheeyem\n|-damage|p1a: Beheeyem|137\/269\n|\n|upkeep\n|turn|5\n|\n|t:|1666279063\n|move|p2a: Virizion|Leaf Blade|p1a: Beheeyem\n|-damage|p1a: Beheeyem|0 fnt\n|faint|p1a: Beheeyem\n|\n|upkeep\n|\n|t:|1666279068\n|switch|p1a: Drapion|Drapion, L82, F|249\/249\n|turn|6\n|\n|t:|1666279080\n|switch|p2a: Corviknight|Corviknight, L78, M|281\/281\n|move|p1a: Drapion|Poison Jab|p2a: Corviknight\n|-immune|p2a: Corviknight\n|\n|upkeep\n|turn|7\n|\n|t:|1666279087\n|switch|p1a: Pikachu|Pikachu-World, L92, M|214\/214\n|move|p2a: Corviknight|Brave Bird|p1a: Pikachu\n|-resisted|p1a: Pikachu\n|-damage|p1a: Pikachu|136\/214\n|-damage|p2a: Corviknight|255\/281|[from] Recoil\n|\n|upkeep\n|turn|8\n|\n|t:|1666279098\n|switch|p2a: Diggersby|Diggersby, L80, F|267\/267\n|move|p1a: Pikachu|Volt Tackle|p2a: Diggersby\n|-immune|p2a: Diggersby\n|\n|upkeep\n|turn|9\n|\n|t:|1666279105\n|switch|p1a: Tapu Bulu|Tapu Bulu, L82|249\/249\n|-fieldstart|move: Grassy Terrain|[from] ability: Grassy Surge|[of] p1a: Tapu Bulu\n|switch|p2a: Virizion|Virizion, L82|224\/283\n|\n|-heal|p2a: Virizion|241\/283|[from] Grassy Terrain\n|upkeep\n|turn|10\n|\n|t:|1666279113\n|move|p1a: Tapu Bulu|Close Combat|p2a: Virizion\n|-damage|p2a: Virizion|115\/283\n|-unboost|p1a: Tapu Bulu|def|1\n|-unboost|p1a: Tapu Bulu|spd|1\n|move|p2a: Virizion|Swords Dance|p2a: Virizion\n|-boost|p2a: Virizion|atk|2\n|\n|-heal|p2a: Virizion|132\/283|[from] Grassy Terrain\n|upkeep\n|turn|11\n|\n|t:|1666279121\n|move|p1a: Tapu Bulu|Close Combat|p2a: Virizion\n|-damage|p2a: Virizion|14\/283\n|-unboost|p1a: Tapu Bulu|def|1\n|-unboost|p1a: Tapu Bulu|spd|1\n|move|p2a: Virizion|Leaf Blade|p1a: Tapu Bulu\n|-resisted|p1a: Tapu Bulu\n|-damage|p1a: Tapu Bulu|66\/249\n|\n|-heal|p1a: Tapu Bulu|81\/249|[from] Grassy Terrain\n|-heal|p2a: Virizion|31\/283|[from] Grassy Terrain\n|upkeep\n|turn|12\n|\n|t:|1666279129\n|move|p1a: Tapu Bulu|Close Combat|p2a: Virizion\n|-damage|p2a: Virizion|0 fnt\n|-unboost|p1a: Tapu Bulu|def|1\n|-unboost|p1a: Tapu Bulu|spd|1\n|faint|p2a: Virizion\n|\n|-heal|p1a: Tapu Bulu|96\/249|[from] Grassy Terrain\n|upkeep\n|\n|t:|1666279130\n|switch|p2a: Comfey|Comfey, L86, M|228\/228\n|turn|13\n|\n|t:|1666279137\n|switch|p1a: Drapion|Drapion, L82, F|249\/249\n|move|p2a: Comfey|Draining Kiss|p1a: Drapion\n|-damage|p1a: Drapion|178\/249\n|-damage|p2a: Comfey|206\/228|[from] item: Life Orb\n|\n|-heal|p2a: Comfey|220\/228|[from] Grassy Terrain\n|-heal|p1a: Drapion|193\/249|[from] Grassy Terrain\n|-fieldend|move: Grassy Terrain\n|upkeep\n|turn|14\n|\n|t:|1666279146\n|switch|p2a: Corviknight|Corviknight, L78, M|255\/281\n|move|p1a: Drapion|Knock Off|p2a: Corviknight\n|-damage|p2a: Corviknight|180\/281\n|-damage|p1a: Drapion|169\/249|[from] item: Life Orb\n|\n|upkeep\n|turn|15\n|\n|t:|1666279149\n|switch|p1a: Pikachu|Pikachu-World, L92, M|136\/214\n|move|p2a: Corviknight|Brave Bird|p1a: Pikachu\n|-resisted|p1a: Pikachu\n|-damage|p1a: Pikachu|55\/214\n|-damage|p2a: Corviknight|153\/281|[from] Recoil\n|\n|upkeep\n|turn|16\n|\n|t:|1666279157\n|switch|p2a: Silvally|Silvally-Dark, L84|297\/297\n|move|p1a: Pikachu|Volt Tackle|p2a: Silvally\n|-damage|p2a: Silvally|113\/297\n|-damage|p1a: Pikachu|0 fnt|[from] Recoil\n|faint|p1a: Pikachu\n|\n|upkeep\n|inactive|LoSconosciuto has 270 seconds left.\n|\n|t:|1666279194\n|switch|p1a: Volcarona|Volcarona, L76, M|254\/254\n|turn|17\n|\n|t:|1666279210\n|move|p2a: Silvally|Parting Shot|p1a: Volcarona\n|-unboost|p1a: Volcarona|atk|1\n|-unboost|p1a: Volcarona|spa|1\n|\n|t:|1666279211\n|switch|p2a: Diggersby|Diggersby, L80, F|267\/267\n|move|p1a: Volcarona|Quiver Dance|p1a: Volcarona\n|-boost|p1a: Volcarona|spa|1\n|-boost|p1a: Volcarona|spd|1\n|-boost|p1a: Volcarona|spe|1\n|\n|upkeep\n|turn|18\n|inactive|LoSconosciuto has 270 seconds left.\n|\n|t:|1666279252\n|-start|p1a: Volcarona|Dynamax|\n|-heal|p1a: Volcarona|508\/508|[silent]\n|-start|p2a: Diggersby|Dynamax|\n|-heal|p2a: Diggersby|534\/534|[silent]\n|move|p1a: Volcarona|Max Overgrowth|p2a: Diggersby\n|-supereffective|p2a: Diggersby\n|-damage|p2a: Diggersby|306\/534\n|-fieldstart|move: Grassy Terrain\n|move|p2a: Diggersby|Max Quake|p1a: Volcarona\n|-damage|p1a: Volcarona|204\/508\n|-boost|p2a: Diggersby|spd|1\n|-damage|p2a: Diggersby|280\/534|[from] item: Life Orb\n|\n|-heal|p1a: Volcarona|219\/508|[from] Grassy Terrain\n|-heal|p2a: Diggersby|296\/534|[from] Grassy Terrain\n|upkeep\n|turn|19\n|\n|t:|1666279259\n|move|p1a: Volcarona|Max Guard|p1a: Volcarona\n|-singleturn|p1a: Volcarona|Max Guard\n|move|p2a: Diggersby|Max Strike|p1a: Volcarona\n|-activate|p1a: Volcarona|move: Max Guard\n|\n|-heal|p1a: Volcarona|234\/508|[from] Grassy Terrain\n|-heal|p2a: Diggersby|312\/534|[from] Grassy Terrain\n|upkeep\n|turn|20\n|inactive|LoSconosciuto has 240 seconds left.\n|\n|t:|1666279314\n|-end|p1a: Volcarona|Dynamax\n|-heal|p1a: Volcarona|117\/254|[silent]\n|switch|p1a: Audino|Audino, L91, M|335\/335\n|move|p2a: Diggersby|Max Strike|p1a: Audino\n|-damage|p1a: Audino|127\/335\n|-unboost|p1a: Audino|spe|1\n|-damage|p2a: Diggersby|286\/534|[from] item: Life Orb\n|\n|-heal|p2a: Diggersby|302\/534|[from] Grassy Terrain\n|-heal|p1a: Audino|147\/335|[from] Grassy Terrain\n|-heal|p1a: Audino|167\/335|[from] item: Leftovers\n|upkeep\n|-end|p2a: Diggersby|Dynamax\n|-heal|p2a: Diggersby|151\/267|[silent]\n|turn|21\n|\n|t:|1666279327\n|switch|p2a: Urshifu|Urshifu, L76, F|277\/277\n|move|p1a: Audino|Knock Off|p2a: Urshifu\n|-resisted|p2a: Urshifu\n|-damage|p2a: Urshifu|263\/277\n|-enditem|p2a: Urshifu|Leftovers|[from] move: Knock Off|[of] p1a: Audino\n|\n|-heal|p2a: Urshifu|277\/277|[from] Grassy Terrain\n|-heal|p1a: Audino|187\/335|[from] Grassy Terrain\n|-heal|p1a: Audino|207\/335|[from] item: Leftovers\n|upkeep\n|turn|22\n|\n|t:|1666279340\n|move|p2a: Urshifu|Substitute|p2a: Urshifu\n|-start|p2a: Urshifu|Substitute\n|-damage|p2a: Urshifu|208\/277\n|move|p1a: Audino|Wish|p1a: Audino\n|\n|-heal|p2a: Urshifu|225\/277|[from] Grassy Terrain\n|-heal|p1a: Audino|227\/335|[from] Grassy Terrain\n|-heal|p1a: Audino|247\/335|[from] item: Leftovers\n|-fieldend|move: Grassy Terrain\n|upkeep\n|turn|23\n|\n|t:|1666279354\n|switch|p1a: Tapu Bulu|Tapu Bulu, L82|96\/249\n|-fieldstart|move: Grassy Terrain|[from] ability: Grassy Surge|[of] p1a: Tapu Bulu\n|move|p2a: Urshifu|Bulk Up|p2a: Urshifu\n|-boost|p2a: Urshifu|atk|1\n|-boost|p2a: Urshifu|def|1\n|\n|-heal|p1a: Tapu Bulu|249\/249|[from] move: Wish|[wisher] Audino\n|-heal|p2a: Urshifu|242\/277|[from] Grassy Terrain\n|upkeep\n|turn|24\n|\n|t:|1666279361\n|move|p1a: Tapu Bulu|Wood Hammer|p2a: Urshifu\n|-end|p2a: Urshifu|Substitute\n|-damage|p1a: Tapu Bulu|226\/249|[from] Recoil|[of] p2a: Urshifu\n|move|p2a: Urshifu|Bulk Up|p2a: Urshifu\n|-boost|p2a: Urshifu|atk|1\n|-boost|p2a: Urshifu|def|1\n|\n|-heal|p1a: Tapu Bulu|241\/249|[from] Grassy Terrain\n|-heal|p2a: Urshifu|259\/277|[from] Grassy Terrain\n|upkeep\n|turn|25\n|\n|t:|1666279375\n|move|p1a: Tapu Bulu|Wood Hammer|p2a: Urshifu\n|-damage|p2a: Urshifu|154\/277\n|-damage|p1a: Tapu Bulu|206\/249|[from] Recoil\n|move|p2a: Urshifu|Substitute|p2a: Urshifu\n|-start|p2a: Urshifu|Substitute\n|-damage|p2a: Urshifu|85\/277\n|\n|-heal|p1a: Tapu Bulu|221\/249|[from] Grassy Terrain\n|-heal|p2a: Urshifu|102\/277|[from] Grassy Terrain\n|upkeep\n|turn|26\n|\n|t:|1666279379\n|move|p1a: Tapu Bulu|Wood Hammer|p2a: Urshifu\n|-crit|p2a: Urshifu\n|-end|p2a: Urshifu|Substitute\n|-damage|p1a: Tapu Bulu|198\/249|[from] Recoil|[of] p2a: Urshifu\n|move|p2a: Urshifu|Drain Punch|p1a: Tapu Bulu\n|-resisted|p1a: Tapu Bulu\n|-damage|p1a: Tapu Bulu|127\/249\n|-heal|p2a: Urshifu|138\/277|[from] drain|[of] p1a: Tapu Bulu\n|\n|-heal|p1a: Tapu Bulu|142\/249|[from] Grassy Terrain\n|-heal|p2a: Urshifu|155\/277|[from] Grassy Terrain\n|upkeep\n|turn|27\n|\n|t:|1666279388\n|move|p1a: Tapu Bulu|Wood Hammer|p2a: Urshifu\n|-damage|p2a: Urshifu|59\/277\n|-damage|p1a: Tapu Bulu|110\/249|[from] Recoil\n|move|p2a: Urshifu|Drain Punch|p1a: Tapu Bulu\n|-resisted|p1a: Tapu Bulu\n|-damage|p1a: Tapu Bulu|42\/249\n|-heal|p2a: Urshifu|93\/277|[from] drain|[of] p1a: Tapu Bulu\n|\n|-heal|p1a: Tapu Bulu|57\/249|[from] Grassy Terrain\n|-heal|p2a: Urshifu|110\/277|[from] Grassy Terrain\n|-fieldend|move: Grassy Terrain\n|upkeep\n|turn|28\n|\n|t:|1666279405\n|move|p1a: Tapu Bulu|Wood Hammer|p2a: Urshifu\n|-damage|p2a: Urshifu|38\/277\n|-damage|p1a: Tapu Bulu|33\/249|[from] Recoil\n|move|p2a: Urshifu|Drain Punch|p1a: Tapu Bulu\n|-resisted|p1a: Tapu Bulu\n|-damage|p1a: Tapu Bulu|0 fnt\n|-heal|p2a: Urshifu|55\/277|[from] drain|[of] p1a: Tapu Bulu\n|faint|p1a: Tapu Bulu\n|\n|upkeep\n|\n|t:|1666279413\n|switch|p1a: Volcarona|Volcarona, L76, M|117\/254\n|turn|29\n|\n|t:|1666279417\n|move|p1a: Volcarona|Giga Drain|p2a: Urshifu\n|-damage|p2a: Urshifu|0 fnt\n|-heal|p1a: Volcarona|145\/254|[from] drain|[of] p2a: Urshifu\n|faint|p2a: Urshifu\n|\n|upkeep\n|\n|t:|1666279421\n|switch|p2a: Comfey|Comfey, L86, M|220\/228\n|turn|30\n|\n|t:|1666279426\n|move|p2a: Comfey|Calm Mind|p2a: Comfey\n|-boost|p2a: Comfey|spa|1\n|-boost|p2a: Comfey|spd|1\n|move|p1a: Volcarona|Quiver Dance|p1a: Volcarona\n|-boost|p1a: Volcarona|spa|1\n|-boost|p1a: Volcarona|spd|1\n|-boost|p1a: Volcarona|spe|1\n|\n|upkeep\n|turn|31\n|inactive|LoSconosciuto has 270 seconds left.\n|\n|t:|1666279469\n|move|p1a: Volcarona|Fire Blast|p2a: Comfey\n|-damage|p2a: Comfey|114\/228\n|move|p2a: Comfey|Calm Mind|p2a: Comfey\n|-boost|p2a: Comfey|spa|1\n|-boost|p2a: Comfey|spd|1\n|\n|upkeep\n|turn|32\n|\n|t:|1666279476\n|move|p1a: Volcarona|Quiver Dance|p1a: Volcarona\n|-boost|p1a: Volcarona|spa|1\n|-boost|p1a: Volcarona|spd|1\n|-boost|p1a: Volcarona|spe|1\n|move|p2a: Comfey|Stored Power|p1a: Volcarona\n|-damage|p1a: Volcarona|68\/254\n|-damage|p2a: Comfey|92\/228|[from] item: Life Orb\n|\n|upkeep\n|turn|33\n|\n|t:|1666279483\n|move|p2a: Comfey|Draining Kiss|p1a: Volcarona\n|-resisted|p1a: Volcarona\n|-damage|p1a: Volcarona|36\/254\n|-heal|p2a: Comfey|116\/228|[from] drain|[of] p1a: Volcarona\n|-status|p2a: Comfey|brn|[from] ability: Flame Body|[of] p1a: Volcarona\n|-damage|p2a: Comfey|94\/228 brn|[from] item: Life Orb\n|move|p1a: Volcarona|Roost|p1a: Volcarona\n|-heal|p1a: Volcarona|163\/254\n|-singleturn|p1a: Volcarona|move: Roost\n|\n|-damage|p2a: Comfey|80\/228 brn|[from] brn\n|upkeep\n|turn|34\n|c|\u2606trace|ggs\n|-message|trace forfeited.\n|\n|win|LoSconosciuto\n|c|\u2606LoSconosciuto|ggs\n","inputlog":">version 9c5d654b898167f5ae9ca6e9cc2965040adf185e\n>start {\"formatid\":\"gen8randombattle\",\"seed\":[39913,408,63344,36308]}\n>player p1 {\"name\":\"LoSconosciuto\",\"avatar\":\"#teamgapdos\",\"rating\":0,\"seed\":[44122,55317,55638,21589]}\n>player p2 {\"name\":\"trace\",\"avatar\":\"#trace\",\"rating\":0,\"seed\":[26637,28777,56462,50545]}\n>chat \u2606LoSconosciuto|hf\n>chat \u2606trace|hf\n>p1 move knockoff\n>p2 switch 4\n>p1 switch 5\n>p2 move roost\n>p1 move knockoff\n>p2 switch 3\n>p1 switch 2\n>p2 move leafblade\n>p1 move psychic\n>p2 move leafblade\n>p1 switch 6\n>p1 move poisonjab\n>p2 switch 3\n>p1 switch 2\n>p2 move bravebird\n>p1 move volttackle\n>p2 switch 6\n>p1 switch 3\n>p2 switch 3\n>p1 move closecombat\n>p2 move swordsdance\n>p1 move closecombat\n>p2 move leafblade\n>p1 move closecombat\n>p2 move leafblade\n>p2 switch 4\n>p1 switch 2\n>p2 move drainingkiss\n>p1 move knockoff\n>p2 switch 6\n>p1 switch 3\n>p2 move bravebird\n>p1 move volttackle\n>p2 switch 2\n>p1 switch 4\n>p1 move quiverdance\n>p2 move partingshot\n>p2 switch 3\n>p1 move gigadrain dynamax\n>p2 move earthquake dynamax\n>p1 move quiverdance dynamax\n>p2 move bodyslam dynamax\n>p1 switch 5\n>p2 move bodyslam dynamax\n>p1 move knockoff\n>p2 switch 5\n>p1 move wish\n>p2 move substitute\n>p1 switch 2\n>p2 move bulkup\n>p1 move woodhammer\n>p2 move bulkup\n>p1 move woodhammer\n>p2 move substitute\n>p1 move woodhammer\n>p2 move drainpunch\n>p1 move woodhammer\n>p2 move drainpunch\n>p1 move woodhammer\n>p2 move drainpunch\n>p1 switch 5\n>p1 move gigadrain\n>p2 move wickedblow\n>p2 switch 6\n>p1 move quiverdance\n>p2 move calmmind\n>p1 move fireblast\n>p2 move calmmind\n>p1 move quiverdance\n>p2 move storedpower\n>p1 move roost\n>p2 move drainingkiss\n>chat \u2606trace|ggs\n>forcelose p2","uploadtime":1666279497,"views":112,"p1id":"losconosciuto","p2id":"trace","formatid":"gen8randombattle","rating":0,"private":0,"password":null}