{"id":"gen8ou-1657358415","p1":"SoarApollo","p2":"broked on bricks","format":"gen8ou","log":"|j|\u2606SoarApollo\n|j|\u2606broked on bricks\n|t:|1662455784\n|gametype|singles\n|player|p1|SoarApollo|lucas|1561\n|player|p2|broked on bricks|psychic-gen2|1505\n|teamsize|p1|6\n|teamsize|p2|6\n|gen|8\n|tier|[Gen 8] OU\n|rated|\n|rule|Sleep Clause Mod: Limit one foe put to sleep\n|rule|Species Clause: Limit one of each Pok\u00e9mon\n|rule|OHKO Clause: OHKO moves are banned\n|rule|Evasion Items Clause: Evasion items are banned\n|rule|Evasion Moves Clause: Evasion moves are banned\n|rule|Endless Battle Clause: Forcing endless battles is banned\n|rule|HP Percentage Mod: HP is shown in percentages\n|rule|Dynamax Clause: You cannot dynamax\n|clearpoke\n|poke|p1|Slowking-Galar, M|\n|poke|p1|Tornadus-Therian, M|\n|poke|p1|Weavile, F|\n|poke|p1|Blacephalon|\n|poke|p1|Excadrill, M|\n|poke|p1|Tangrowth, F|\n|poke|p2|Heracross, M|\n|poke|p2|Rillaboom, M|\n|poke|p2|Heatran, M|\n|poke|p2|Tapu Koko|\n|poke|p2|Landorus-Therian, M|\n|poke|p2|Mandibuzz, F|\n|teampreview\n|c|\u2606broked on bricks|glhf\n|c|\u2606SoarApollo|gl\n|inactive|Battle timer is ON: inactive players will automatically lose when time's up. (requested by SoarApollo)\n|\n|t:|1662455806\n|start\n|switch|p1a: Excadrill|Excadrill, M|100\/100\n|switch|p2a: Tapu Koko|Tapu Koko|100\/100\n|-fieldstart|move: Electric Terrain|[from] ability: Electric Surge|[of] p2a: Tapu Koko\n|-ability|p1a: Excadrill|Mold Breaker\n|turn|1\n|\n|t:|1662455815\n|move|p2a: Tapu Koko|U-turn|p1a: Excadrill\n|-resisted|p1a: Excadrill\n|-damage|p1a: Excadrill|89\/100\n|\n|t:|1662455838\n|switch|p2a: Heracross|Heracross, M|100\/100|[from]move: U-turn\n|move|p1a: Excadrill|Earthquake|p2a: Heracross\n|-resisted|p2a: Heracross\n|-damage|p2a: Heracross|67\/100\n|\n|-heal|p1a: Excadrill|95\/100|[from] item: Leftovers\n|-status|p2a: Heracross|brn|[from] item: Flame Orb\n|upkeep\n|turn|2\n|\n|t:|1662455853\n|switch|p1a: Tornadus|Tornadus-Therian, M|100\/100\n|move|p2a: Heracross|Knock Off|p1a: Tornadus\n|-damage|p1a: Tornadus|42\/100\n|-enditem|p1a: Tornadus|Heavy-Duty Boots|[from] move: Knock Off|[of] p2a: Heracross\n|\n|-damage|p2a: Heracross|61\/100 brn|[from] brn\n|upkeep\n|turn|3\n|inactive|broked on bricks has 120 seconds left.\n|\n|t:|1662455871\n|switch|p2a: Heatran|Heatran, M|100\/100\n|move|p1a: Tornadus|U-turn|p2a: Heatran\n|-resisted|p2a: Heatran\n|-damage|p2a: Heatran|98\/100\n|\n|t:|1662455892\n|switch|p1a: Excadrill|Excadrill, M|95\/100|[from]move: U-turn\n|-ability|p1a: Excadrill|Mold Breaker\n|\n|-heal|p1a: Excadrill|100\/100|[from] item: Leftovers\n|-heal|p2a: Heatran|100\/100|[from] item: Leftovers\n|upkeep\n|turn|4\n|\n|t:|1662455904\n|switch|p2a: Landorus|Landorus-Therian, M|100\/100\n|-ability|p2a: Landorus|Intimidate|boost\n|-unboost|p1a: Excadrill|atk|1\n|move|p1a: Excadrill|Stealth Rock|p2a: Landorus\n|-sidestart|p2: broked on bricks|move: Stealth Rock\n|\n|upkeep\n|turn|5\n|\n|t:|1662455914\n|switch|p1a: Tornadus|Tornadus-Therian, M|75\/100\n|move|p2a: Landorus|U-turn|p1a: Tornadus\n|-resisted|p1a: Tornadus\n|-damage|p1a: Tornadus|63\/100\n|inactive|broked on bricks has 120 seconds left.\n|\n|t:|1662455930\n|switch|p2a: Heatran|Heatran, M|100\/100|[from]move: U-turn\n|-damage|p2a: Heatran|88\/100|[from] Stealth Rock\n|\n|-heal|p2a: Heatran|94\/100|[from] item: Leftovers\n|-fieldend|move: Electric Terrain\n|upkeep\n|turn|6\n|\n|t:|1662455939\n|move|p1a: Tornadus|Knock Off|p2a: Heatran\n|-damage|p2a: Heatran|78\/100\n|-enditem|p2a: Heatran|Leftovers|[from] move: Knock Off|[of] p1a: Tornadus\n|move|p2a: Heatran|Magma Storm|p1a: Tornadus\n|-damage|p1a: Tornadus|21\/100\n|-activate|p1a: Tornadus|move: Magma Storm|[of] p2a: Heatran\n|\n|-damage|p1a: Tornadus|9\/100|[from] move: Magma Storm|[partiallytrapped]\n|upkeep\n|turn|7\n|\n|t:|1662455949\n|move|p1a: Tornadus|U-turn|p2a: Heatran\n|-resisted|p2a: Heatran\n|-damage|p2a: Heatran|75\/100\n|\n|t:|1662455954\n|switch|p1a: Excadrill|Excadrill, M|100\/100|[from]move: U-turn\n|-ability|p1a: Excadrill|Mold Breaker\n|move|p2a: Heatran|Earth Power|p1a: Excadrill\n|-supereffective|p1a: Excadrill\n|-damage|p1a: Excadrill|51\/100\n|\n|-heal|p1a: Excadrill|57\/100|[from] item: Leftovers\n|upkeep\n|turn|8\n|\n|t:|1662455967\n|switch|p2a: Landorus|Landorus-Therian, M|100\/100\n|-damage|p2a: Landorus|88\/100|[from] Stealth Rock\n|-ability|p2a: Landorus|Intimidate|boost\n|-unboost|p1a: Excadrill|atk|1\n|move|p1a: Excadrill|Toxic|p2a: Landorus\n|-status|p2a: Landorus|tox\n|\n|-heal|p1a: Excadrill|63\/100|[from] item: Leftovers\n|-heal|p2a: Landorus|94\/100 tox|[from] item: Leftovers\n|-damage|p2a: Landorus|88\/100 tox|[from] psn\n|upkeep\n|turn|9\n|\n|t:|1662455978\n|switch|p1a: Tornadus|Tornadus-Therian, M|42\/100\n|move|p2a: Landorus|Stealth Rock|p1a: Tornadus\n|-sidestart|p1: SoarApollo|move: Stealth Rock\n|\n|-heal|p2a: Landorus|94\/100 tox|[from] item: Leftovers\n|-damage|p2a: Landorus|82\/100 tox|[from] psn\n|upkeep\n|turn|10\n|\n|t:|1662455990\n|move|p1a: Tornadus|Knock Off|p2a: Landorus\n|-damage|p2a: Landorus|62\/100 tox\n|-enditem|p2a: Landorus|Leftovers|[from] move: Knock Off|[of] p1a: Tornadus\n|move|p2a: Landorus|Toxic|p1a: Tornadus\n|-status|p1a: Tornadus|tox\n|\n|-damage|p1a: Tornadus|36\/100 tox|[from] psn\n|-damage|p2a: Landorus|44\/100 tox|[from] psn\n|upkeep\n|turn|11\n|l|\u2606SoarApollo\n|inactive|SoarApollo disconnected and has a minute to reconnect!\n|player|p1|\n|inactive|SoarApollo has 30 seconds to reconnect!\n|inactive|SoarApollo has 20 seconds to reconnect!\n|j|\u2606SoarApollo\n|inactive|SoarApollo reconnected and has 95 seconds left.\n|player|p1|SoarApollo|lucas\n|\n|t:|1662456049\n|move|p1a: Tornadus|U-turn|p2a: Landorus\n|-resisted|p2a: Landorus\n|-damage|p2a: Landorus|37\/100 tox\n|\n|t:|1662456051\n|switch|p1a: Tangrowth|Tangrowth, F|100\/100|[from]move: U-turn\n|-damage|p1a: Tangrowth|88\/100|[from] Stealth Rock\n|move|p2a: Landorus|U-turn|p1a: Tangrowth\n|-supereffective|p1a: Tangrowth\n|-damage|p1a: Tangrowth|64\/100\n|-damage|p2a: Landorus|20\/100 tox|[from] item: Rocky Helmet|[of] p1a: Tangrowth\n|inactive|broked on bricks has 120 seconds left.\n|\n|t:|1662456079\n|switch|p2a: Heatran|Heatran, M|75\/100|[from]move: U-turn\n|-damage|p2a: Heatran|62\/100|[from] Stealth Rock\n|\n|upkeep\n|turn|12\n|\n|t:|1662456090\n|switch|p1a: Slowking|Slowking-Galar, M|100\/100\n|-damage|p1a: Slowking|88\/100|[from] Stealth Rock\n|move|p2a: Heatran|Magma Storm|p1a: Slowking|[miss]\n|-miss|p2a: Heatran|p1a: Slowking\n|\n|-heal|p1a: Slowking|94\/100|[from] item: Black Sludge\n|upkeep\n|turn|13\n|inactive|broked on bricks has 120 seconds left.\n|\n|t:|1662456101\n|move|p2a: Heatran|Taunt|p1a: Slowking\n|-start|p1a: Slowking|move: Taunt\n|cant|p1a: Slowking|move: Taunt|Nasty Plot\n|\n|-heal|p1a: Slowking|100\/100|[from] item: Black Sludge\n|upkeep\n|turn|14\n|inactive|broked on bricks has 120 seconds left.\n|\n|t:|1662456108\n|move|p2a: Heatran|Magma Storm|p1a: Slowking\n|-damage|p1a: Slowking|67\/100\n|-activate|p1a: Slowking|move: Magma Storm|[of] p2a: Heatran\n|move|p1a: Slowking|Psyshock|p2a: Heatran\n|-resisted|p2a: Heatran\n|-damage|p2a: Heatran|45\/100\n|\n|-heal|p1a: Slowking|73\/100|[from] item: Black Sludge\n|-damage|p1a: Slowking|61\/100|[from] move: Magma Storm|[partiallytrapped]\n|upkeep\n|turn|15\n|\n|t:|1662456116\n|move|p2a: Heatran|Earth Power|p1a: Slowking\n|-supereffective|p1a: Slowking\n|-damage|p1a: Slowking|18\/100\n|move|p1a: Slowking|Psyshock|p2a: Heatran\n|-resisted|p2a: Heatran\n|-damage|p2a: Heatran|28\/100\n|\n|-heal|p1a: Slowking|24\/100|[from] item: Black Sludge\n|-damage|p1a: Slowking|12\/100|[from] move: Magma Storm|[partiallytrapped]\n|-end|p1a: Slowking|move: Taunt\n|upkeep\n|turn|16\n|\n|t:|1662456122\n|move|p2a: Heatran|Earth Power|p1a: Slowking\n|-supereffective|p1a: Slowking\n|-damage|p1a: Slowking|0 fnt\n|faint|p1a: Slowking\n|\n|upkeep\n|\n|t:|1662456126\n|switch|p1a: Weavile|Weavile, F|100\/100\n|-ability|p1a: Weavile|Pressure\n|turn|17\n|\n|t:|1662456141\n|move|p1a: Weavile|Knock Off|p2a: Heatran\n|-damage|p2a: Heatran|0 fnt\n|faint|p2a: Heatran\n|\n|upkeep\n|inactive|broked on bricks has 120 seconds left.\n|\n|t:|1662456165\n|switch|p2a: Rillaboom|Rillaboom, M|100\/100\n|-damage|p2a: Rillaboom|88\/100|[from] Stealth Rock\n|-fieldstart|move: Grassy Terrain|[from] ability: Grassy Surge|[of] p2a: Rillaboom\n|turn|18\n|inactive|broked on bricks has 120 seconds left.\n|\n|t:|1662456175\n|switch|p1a: Tangrowth|Tangrowth, F|97\/100\n|-damage|p1a: Tangrowth|85\/100|[from] Stealth Rock\n|move|p2a: Rillaboom|Grassy Glide|p1a: Tangrowth\n|-resisted|p1a: Tangrowth\n|-damage|p1a: Tangrowth|66\/100\n|-damage|p2a: Rillaboom|72\/100|[from] item: Rocky Helmet|[of] p1a: Tangrowth\n|\n|-heal|p2a: Rillaboom|78\/100|[from] Grassy Terrain\n|-heal|p1a: Tangrowth|73\/100|[from] Grassy Terrain\n|upkeep\n|turn|19\n|inactive|broked on bricks has 120 seconds left.\n|\n|t:|1662456187\n|switch|p2a: Heracross|Heracross, M|61\/100 brn\n|-damage|p2a: Heracross|49\/100 brn|[from] Stealth Rock\n|move|p1a: Tangrowth|Knock Off|p2a: Heracross\n|-resisted|p2a: Heracross\n|-damage|p2a: Heracross|32\/100 brn\n|-enditem|p2a: Heracross|Flame Orb|[from] move: Knock Off|[of] p1a: Tangrowth\n|\n|-heal|p2a: Heracross|38\/100 brn|[from] Grassy Terrain\n|-heal|p1a: Tangrowth|79\/100|[from] Grassy Terrain\n|-damage|p2a: Heracross|32\/100 brn|[from] brn\n|upkeep\n|turn|20\n|inactive|broked on bricks has 120 seconds left.\n|\n|t:|1662456198\n|move|p2a: Heracross|Swords Dance|p2a: Heracross\n|-boost|p2a: Heracross|atk|2\n|move|p1a: Tangrowth|Focus Blast|p2a: Heracross\n|-resisted|p2a: Heracross\n|-damage|p2a: Heracross|15\/100 brn\n|\n|-heal|p2a: Heracross|21\/100 brn|[from] Grassy Terrain\n|-heal|p1a: Tangrowth|85\/100|[from] Grassy Terrain\n|-damage|p2a: Heracross|15\/100 brn|[from] brn\n|upkeep\n|turn|21\n|inactive|broked on bricks has 120 seconds left.\n|\n|t:|1662456227\n|switch|p1a: Tornadus|Tornadus-Therian, M|69\/100 tox\n|-damage|p1a: Tornadus|44\/100 tox|[from] Stealth Rock\n|move|p2a: Heracross|Close Combat|p1a: Tornadus\n|-resisted|p1a: Tornadus\n|-damage|p1a: Tornadus|0 fnt\n|-unboost|p2a: Heracross|def|1\n|-unboost|p2a: Heracross|spd|1\n|faint|p1a: Tornadus\n|\n|-heal|p2a: Heracross|21\/100 brn|[from] Grassy Terrain\n|-damage|p2a: Heracross|15\/100 brn|[from] brn\n|upkeep\n|\n|t:|1662456238\n|switch|p1a: Weavile|Weavile, F|100\/100\n|-ability|p1a: Weavile|Pressure\n|turn|22\n|\n|t:|1662456246\n|move|p1a: Weavile|Ice Shard|p2a: Heracross\n|-damage|p2a: Heracross|0 fnt\n|faint|p2a: Heracross\n|\n|-fieldend|move: Grassy Terrain\n|upkeep\n|\n|t:|1662456252\n|switch|p2a: Tapu Koko|Tapu Koko|100\/100\n|-damage|p2a: Tapu Koko|88\/100|[from] Stealth Rock\n|-fieldstart|move: Electric Terrain|[from] ability: Electric Surge|[of] p2a: Tapu Koko\n|turn|23\n|inactive|broked on bricks has 120 seconds left.\n|\n|t:|1662456260\n|switch|p1a: Excadrill|Excadrill, M|63\/100\n|-damage|p1a: Excadrill|60\/100|[from] Stealth Rock\n|-ability|p1a: Excadrill|Mold Breaker\n|move|p2a: Tapu Koko|Dazzling Gleam|p1a: Excadrill\n|-resisted|p1a: Excadrill\n|-damage|p1a: Excadrill|36\/100\n|\n|-heal|p1a: Excadrill|42\/100|[from] item: Leftovers\n|upkeep\n|turn|24\n|\n|t:|1662456265\n|switch|p2a: Landorus|Landorus-Therian, M|20\/100 tox\n|-damage|p2a: Landorus|8\/100 tox|[from] Stealth Rock\n|-ability|p2a: Landorus|Intimidate|boost\n|-unboost|p1a: Excadrill|atk|1\n|move|p1a: Excadrill|Iron Head|p2a: Landorus\n|-damage|p2a: Landorus|0 fnt\n|faint|p2a: Landorus\n|\n|-heal|p1a: Excadrill|48\/100|[from] item: Leftovers\n|upkeep\n|inactive|broked on bricks has 120 seconds left.\n|inactive|broked on bricks has 90 seconds left.\n|\n|t:|1662456311\n|switch|p2a: Rillaboom|Rillaboom, M|78\/100\n|-damage|p2a: Rillaboom|66\/100|[from] Stealth Rock\n|-fieldstart|move: Grassy Terrain|[from] ability: Grassy Surge|[of] p2a: Rillaboom\n|turn|25\n|\n|t:|1662456317\n|switch|p1a: Tangrowth|Tangrowth, F|100\/100\n|-damage|p1a: Tangrowth|88\/100|[from] Stealth Rock\n|move|p2a: Rillaboom|U-turn|p1a: Tangrowth\n|-supereffective|p1a: Tangrowth\n|-damage|p1a: Tangrowth|44\/100\n|-damage|p2a: Rillaboom|49\/100|[from] item: Rocky Helmet|[of] p1a: Tangrowth\n|inactive|broked on bricks has 90 seconds left.\n|\n|t:|1662456338\n|switch|p2a: Tapu Koko|Tapu Koko|88\/100|[from]move: U-turn\n|-damage|p2a: Tapu Koko|76\/100|[from] Stealth Rock\n|-fieldstart|move: Electric Terrain|[from] ability: Electric Surge|[of] p2a: Tapu Koko\n|\n|upkeep\n|turn|26\n|\n|t:|1662456349\n|switch|p1a: Excadrill|Excadrill, M|48\/100\n|-damage|p1a: Excadrill|45\/100|[from] Stealth Rock\n|-ability|p1a: Excadrill|Mold Breaker\n|move|p2a: Tapu Koko|Dazzling Gleam|p1a: Excadrill\n|-resisted|p1a: Excadrill\n|-damage|p1a: Excadrill|23\/100\n|\n|-heal|p1a: Excadrill|29\/100|[from] item: Leftovers\n|upkeep\n|turn|27\n|\n|t:|1662456358\n|switch|p2a: Mandibuzz|Mandibuzz, F|100\/100\n|move|p1a: Excadrill|Iron Head|p2a: Mandibuzz\n|-damage|p2a: Mandibuzz|79\/100\n|\n|-heal|p1a: Excadrill|35\/100|[from] item: Leftovers\n|upkeep\n|turn|28\n|inactive|broked on bricks has 90 seconds left.\n|\n|t:|1662456366\n|switch|p1a: Weavile|Weavile, F|100\/100\n|-ability|p1a: Weavile|Pressure\n|move|p2a: Mandibuzz|U-turn|p1a: Weavile\n|-supereffective|p1a: Weavile\n|-damage|p1a: Weavile|58\/100\n|inactive|broked on bricks has 90 seconds left.\n|\n|t:|1662456372\n|switch|p2a: Tapu Koko|Tapu Koko|76\/100|[from]move: U-turn\n|-damage|p2a: Tapu Koko|63\/100|[from] Stealth Rock\n|\n|upkeep\n|turn|29\n|\n|t:|1662456376\n|switch|p1a: Excadrill|Excadrill, M|35\/100\n|-damage|p1a: Excadrill|32\/100|[from] Stealth Rock\n|-ability|p1a: Excadrill|Mold Breaker\n|move|p2a: Tapu Koko|Dazzling Gleam|p1a: Excadrill\n|-resisted|p1a: Excadrill\n|-damage|p1a: Excadrill|8\/100\n|\n|-heal|p1a: Excadrill|14\/100|[from] item: Leftovers\n|-fieldend|move: Electric Terrain\n|upkeep\n|turn|30\n|\n|t:|1662456383\n|move|p2a: Tapu Koko|Dazzling Gleam|p1a: Excadrill\n|-resisted|p1a: Excadrill\n|-damage|p1a: Excadrill|0 fnt\n|faint|p1a: Excadrill\n|\n|upkeep\n|\n|t:|1662456385\n|switch|p1a: Blacephalon|Blacephalon|100\/100\n|-damage|p1a: Blacephalon|76\/100|[from] Stealth Rock\n|turn|31\n|inactive|broked on bricks has 120 seconds left.\n|\n|t:|1662456409\n|switch|p2a: Mandibuzz|Mandibuzz, F|79\/100\n|move|p1a: Blacephalon|Flamethrower|p2a: Mandibuzz\n|-damage|p2a: Mandibuzz|39\/100\n|\n|upkeep\n|turn|32\n|\n|t:|1662456424\n|move|p1a: Blacephalon|Flamethrower|p2a: Mandibuzz\n|-damage|p2a: Mandibuzz|0 fnt\n|faint|p2a: Mandibuzz\n|-ability|p1a: Blacephalon|Beast Boost|boost\n|-boost|p1a: Blacephalon|spa|1\n|\n|upkeep\n|\n|t:|1662456437\n|switch|p2a: Rillaboom|Rillaboom, M|49\/100\n|-damage|p2a: Rillaboom|37\/100|[from] Stealth Rock\n|-fieldstart|move: Grassy Terrain|[from] ability: Grassy Surge|[of] p2a: Rillaboom\n|turn|33\n|\n|t:|1662456441\n|move|p2a: Rillaboom|Grassy Glide|p1a: Blacephalon\n|-resisted|p1a: Blacephalon\n|-damage|p1a: Blacephalon|0 fnt\n|faint|p1a: Blacephalon\n|\n|-heal|p2a: Rillaboom|43\/100|[from] Grassy Terrain\n|upkeep\n|\n|t:|1662456452\n|switch|p1a: Weavile|Weavile, F|58\/100\n|-ability|p1a: Weavile|Pressure\n|turn|34\n|inactive|broked on bricks has 120 seconds left.\n|\n|t:|1662456459\n|move|p1a: Weavile|Ice Shard|p2a: Rillaboom\n|-supereffective|p2a: Rillaboom\n|-damage|p2a: Rillaboom|1\/100\n|move|p2a: Rillaboom|Grassy Glide|p1a: Weavile\n|-damage|p1a: Weavile|0 fnt\n|faint|p1a: Weavile\n|\n|-heal|p2a: Rillaboom|7\/100|[from] Grassy Terrain\n|upkeep\n|\n|t:|1662456461\n|switch|p1a: Tangrowth|Tangrowth, F|77\/100\n|-damage|p1a: Tangrowth|65\/100|[from] Stealth Rock\n|turn|35\n|\n|t:|1662456473\n|move|p2a: Rillaboom|Grassy Glide|p1a: Tangrowth\n|-resisted|p1a: Tangrowth\n|-damage|p1a: Tangrowth|43\/100\n|-damage|p2a: Rillaboom|0 fnt|[from] item: Rocky Helmet|[of] p1a: Tangrowth\n|faint|p2a: Rillaboom\n|move|p1a: Tangrowth|Giga Drain|p2: Rillaboom|[notarget]\n|-fail|p1a: Tangrowth\n|\n|-heal|p1a: Tangrowth|50\/100|[from] Grassy Terrain\n|upkeep\n|c|\u2606SoarApollo|i think i choked\n|c|\u2606broked on bricks|gg\n|\n|t:|1662456479\n|switch|p2a: Tapu Koko|Tapu Koko|63\/100\n|-damage|p2a: Tapu Koko|51\/100|[from] Stealth Rock\n|-fieldstart|move: Electric Terrain|[from] ability: Electric Surge|[of] p2a: Tapu Koko\n|turn|36\n|c|\u2606broked on bricks|you had to make a call on going tang or not turn 33\n|\n|t:|1662456499\n|move|p2a: Tapu Koko|Dazzling Gleam|p1a: Tangrowth\n|-damage|p1a: Tangrowth|0 fnt\n|faint|p1a: Tangrowth\n|\n|win|broked on bricks\n|raw|SoarApollo's rating: 1561 &rarr; <strong>1538<\/strong><br \/>(-23 for losing)\n|raw|broked on bricks's rating: 1505 &rarr; <strong>1528<\/strong><br \/>(+23 for winning)\n|c|\u2606broked on bricks|gg\n|c|\u2606SoarApollo|gg\n|l|\u2606SoarApollo\n||Ladder isn't responding, score probably updated but might not have (Request timeout).\n","uploadtime":1662456506,"views":22,"p1id":"soarapollo","p2id":"brokedonbricks","formatid":"gen8ou","rating":1528,"private":0,"password":null}