{"id":"gen8randombattle-1062473264","p1":"miggyo0o","p2":"comp233","format":"gen8randombattle","log":"|j|\u2606miggyo0o\n|j|\u2606comp233\n|player|p1|miggyo0o|steven|1898\n|player|p2|comp233|115|1955\n|teamsize|p1|6\n|teamsize|p2|6\n|gametype|singles\n|gen|8\n|tier|[Gen 8] Random Battle\n|rated|\n|rule|Species Clause: Limit one of each Pok\u00e9mon\n|rule|HP Percentage Mod: HP is shown in percentages\n|rule|Sleep Clause Mod: Limit one foe put to sleep\n|\n|start\n|switch|p1a: Flapple|Flapple, L84, M|255\/255\n|switch|p2a: Linoone|Linoone, L80, F|256\/256\n|turn|1\n|inactive|Battle timer is ON: inactive players will automatically lose when time's up. (requested by miggyo0o)\n|\n|switch|p2a: Bronzong|Bronzong, L82|244\/244\n|switch|p1a: Marshadow|Marshadow, L75|259\/259\n|\n|upkeep\n|turn|2\n|\n|move|p1a: Marshadow|Bulk Up|p1a: Marshadow\n|-boost|p1a: Marshadow|atk|1\n|-boost|p1a: Marshadow|def|1\n|move|p2a: Bronzong|Reflect|p2a: Bronzong\n|-sidestart|p2: comp233|Reflect\n|\n|upkeep\n|turn|3\n|\n|switch|p2a: Noctowl|Noctowl, L86, F|311\/311\n|move|p1a: Marshadow|Bulk Up|p1a: Marshadow\n|-boost|p1a: Marshadow|atk|1\n|-boost|p1a: Marshadow|def|1\n|\n|upkeep\n|turn|4\n|\n|move|p1a: Marshadow|Ice Punch|p2a: Noctowl\n|-supereffective|p2a: Noctowl\n|-damage|p2a: Noctowl|108\/311\n|-damage|p1a: Marshadow|234\/259|[from] item: Life Orb\n|move|p2a: Noctowl|Nasty Plot|p2a: Noctowl\n|-boost|p2a: Noctowl|spa|2\n|\n|-heal|p2a: Noctowl|127\/311|[from] item: Leftovers\n|upkeep\n|turn|5\n|\n|-start|p2a: Noctowl|Dynamax\n|-heal|p2a: Noctowl|254\/622|[silent]\n|move|p1a: Marshadow|Ice Punch|p2a: Noctowl\n|-supereffective|p2a: Noctowl\n|-damage|p2a: Noctowl|64\/622\n|-damage|p1a: Marshadow|209\/259|[from] item: Life Orb\n|move|p2a: Noctowl|Max Airstream|p1a: Marshadow\n|-supereffective|p1a: Marshadow\n|-damage|p1a: Marshadow|0 fnt\n|-boost|p2a: Noctowl|spe|1\n|faint|p1a: Marshadow\n|\n|-heal|p2a: Noctowl|83\/622|[from] item: Leftovers\n|upkeep\n|\n|switch|p1a: Stunfisk|Stunfisk, L80, M|306\/306\n|turn|6\n|\n|move|p2a: Noctowl|Max Flare|p1a: Stunfisk\n|-damage|p1a: Stunfisk|140\/306\n|-weather|SunnyDay\n|move|p1a: Stunfisk|Discharge|p2a: Noctowl\n|-supereffective|p2a: Noctowl\n|-damage|p2a: Noctowl|0 fnt\n|faint|p2a: Noctowl\n|\n|-weather|SunnyDay|[upkeep]\n|-heal|p1a: Stunfisk|159\/306|[from] item: Leftovers\n|upkeep\n|inactive|comp233 has 120 seconds left.\n|\n|switch|p2a: Vileplume|Vileplume, L84, M|263\/263\n|turn|7\n|\n|move|p2a: Vileplume|Giga Drain|p1a: Stunfisk\n|-supereffective|p1a: Stunfisk\n|-damage|p1a: Stunfisk|0 fnt\n|faint|p1a: Stunfisk\n|\n|-weather|SunnyDay|[upkeep]\n|upkeep\n|inactive|miggyo0o has 120 seconds left.\n|\n|switch|p1a: Steelix|Steelix, L84, M|263\/263\n|turn|8\n|\n|move|p2a: Vileplume|Sleep Powder|p1a: Steelix\n|-status|p1a: Steelix|slp|[from] move: Sleep Powder\n|cant|p1a: Steelix|slp\n|\n|-weather|SunnyDay|[upkeep]\n|upkeep\n|turn|9\n|\n|switch|p2a: Ludicolo|Ludicolo, L86, F|278\/278\n|cant|p1a: Steelix|slp\n|\n|-weather|SunnyDay|[upkeep]\n|-sideend|p2: comp233|Reflect\n|upkeep\n|turn|10\n|\n|switch|p1a: Trevenant|Trevenant, L86, F|286\/286\n|move|p2a: Ludicolo|Rain Dance|p2a: Ludicolo\n|-weather|RainDance\n|\n|-weather|RainDance|[upkeep]\n|upkeep\n|turn|11\n|\n|move|p2a: Ludicolo|Ice Beam|p1a: Trevenant\n|-supereffective|p1a: Trevenant\n|-damage|p1a: Trevenant|114\/286\n|-damage|p2a: Ludicolo|251\/278|[from] item: Life Orb\n|move|p1a: Trevenant|Horn Leech|p2a: Ludicolo\n|-damage|p2a: Ludicolo|94\/278\n|-heal|p1a: Trevenant|193\/286|[from] drain|[of] p2a: Ludicolo\n|\n|-weather|RainDance|[upkeep]\n|upkeep\n|turn|12\n|\n|switch|p2a: Vileplume|Vileplume, L84, M|263\/263\n|move|p1a: Trevenant|Horn Leech|p2a: Vileplume\n|-resisted|p2a: Vileplume\n|-damage|p2a: Vileplume|230\/263\n|-heal|p1a: Trevenant|210\/286|[from] drain|[of] p2a: Vileplume\n|\n|-weather|RainDance|[upkeep]\n|-heal|p2a: Vileplume|246\/263|[from] item: Black Sludge\n|upkeep\n|turn|13\n|\n|-start|p1a: Trevenant|Dynamax\n|-heal|p1a: Trevenant|420\/572|[silent]\n|move|p1a: Trevenant|Max Phantasm|p2a: Vileplume\n|-damage|p2a: Vileplume|92\/263\n|-unboost|p2a: Vileplume|def|1\n|move|p2a: Vileplume|Sludge Bomb|p1a: Trevenant\n|-damage|p1a: Trevenant|315\/572\n|\n|-weather|RainDance|[upkeep]\n|-heal|p2a: Vileplume|108\/263|[from] item: Black Sludge\n|upkeep\n|turn|14\n|\n|switch|p2a: Linoone|Linoone, L80, F|256\/256\n|move|p1a: Trevenant|Max Rockfall|p2a: Linoone\n|-damage|p2a: Linoone|124\/256\n|-weather|Sandstorm\n|-enditem|p2a: Linoone|Figy Berry|[eat]\n|-heal|p2a: Linoone|208\/256|[from] item: Figy Berry\n|\n|-weather|Sandstorm|[upkeep]\n|-damage|p2a: Linoone|192\/256|[from] Sandstorm\n|-damage|p1a: Trevenant|298\/572|[from] Sandstorm\n|upkeep\n|turn|15\n|inactive|comp233 has 120 seconds left.\n|\n|move|p2a: Linoone|Throat Chop|p1a: Trevenant\n|-supereffective|p1a: Trevenant\n|-damage|p1a: Trevenant|202\/572\n|-start|p1a: Trevenant|Throat Chop|[silent]\n|move|p1a: Trevenant|Max Overgrowth|p2a: Linoone\n|-damage|p2a: Linoone|0 fnt\n|-fieldstart|move: Grassy Terrain\n|faint|p2a: Linoone\n|\n|-weather|Sandstorm|[upkeep]\n|-damage|p1a: Trevenant|185\/572|[from] Sandstorm\n|-heal|p1a: Trevenant|202\/572|[from] Grassy Terrain\n|-end|p1a: Trevenant|Dynamax\n|-heal|p1a: Trevenant|101\/286|[silent]\n|upkeep\n|inactive|comp233 has 120 seconds left.\n|\n|switch|p2a: Ludicolo|Ludicolo, L86, F|94\/278\n|turn|16\n|\n|move|p2a: Ludicolo|Ice Beam|p1a: Trevenant\n|-supereffective|p1a: Trevenant\n|-damage|p1a: Trevenant|0 fnt\n|-damage|p2a: Ludicolo|67\/278|[from] item: Life Orb\n|faint|p1a: Trevenant\n|\n|-weather|Sandstorm|[upkeep]\n|-damage|p2a: Ludicolo|50\/278|[from] Sandstorm\n|-heal|p2a: Ludicolo|67\/278|[from] Grassy Terrain\n|upkeep\n|\n|switch|p1a: Mawile|Mawile, L86, F|226\/226\n|turn|17\n|\n|move|p1a: Mawile|Sucker Punch|p2a: Ludicolo\n|-damage|p2a: Ludicolo|0 fnt\n|-damage|p1a: Mawile|204\/226|[from] item: Life Orb\n|faint|p2a: Ludicolo\n|\n|-weather|Sandstorm|[upkeep]\n|-heal|p1a: Mawile|218\/226|[from] Grassy Terrain\n|upkeep\n|inactive|comp233 has 120 seconds left.\n|\n|switch|p2a: Mew|Mew, L80|291\/291\n|turn|18\n|\n|move|p2a: Mew|Swords Dance|p2a: Mew\n|-boost|p2a: Mew|atk|2\n|move|p1a: Mawile|Swords Dance|p1a: Mawile\n|-boost|p1a: Mawile|atk|2\n|\n|-weather|none\n|-heal|p1a: Mawile|226\/226|[from] Grassy Terrain\n|upkeep\n|turn|19\n|\n|move|p2a: Mew|Power Whip|p1a: Mawile|[miss]\n|-miss|p2a: Mew|p1a: Mawile\n|move|p1a: Mawile|Play Rough|p2a: Mew\n|-damage|p2a: Mew|10\/291\n|\n|-heal|p2a: Mew|28\/291|[from] item: Leftovers\n|-heal|p2a: Mew|46\/291|[from] Grassy Terrain\n|-fieldend|move: Grassy Terrain\n|upkeep\n|turn|20\n|\n|move|p2a: Mew|Psychic Fangs|p1a: Mawile\n|-resisted|p1a: Mawile\n|-damage|p1a: Mawile|139\/226\n|move|p1a: Mawile|Iron Head|p2a: Mew\n|-damage|p2a: Mew|0 fnt\n|faint|p2a: Mew\n|\n|upkeep\n|\n|switch|p2a: Bronzong|Bronzong, L82|244\/244\n|turn|21\n|\n|move|p1a: Mawile|Swords Dance|p1a: Mawile\n|-boost|p1a: Mawile|atk|2\n|move|p2a: Bronzong|Reflect|p2a: Bronzong\n|-sidestart|p2: comp233|Reflect\n|\n|upkeep\n|turn|22\n|\n|move|p1a: Mawile|Swords Dance|p1a: Mawile\n|-boost|p1a: Mawile|atk|2\n|move|p2a: Bronzong|Gyro Ball|p1a: Mawile\n|-damage|p1a: Mawile|79\/226\n|\n|upkeep\n|turn|23\n|\n|move|p1a: Mawile|Sucker Punch|p2a: Bronzong\n|-supereffective|p2a: Bronzong\n|-crit|p2a: Bronzong\n|-damage|p2a: Bronzong|0 fnt\n|-damage|p1a: Mawile|57\/226|[from] item: Life Orb\n|faint|p2a: Bronzong\n|\n|upkeep\n|-message|comp233 forfeited.\n|\n|win|miggyo0o\n|l|\u2606comp233\n|raw|miggyo0o's rating: 1898 &rarr; <strong>1921<\/strong><br \/>(+23 for winning)\n|raw|comp233's rating: 1955 &rarr; <strong>1932<\/strong><br \/>(-23 for losing)\n","inputlog":">version 239b7cdf1362a37c98475ea4cbf69cff0db636d1\n>start {\"formatid\":\"gen8randombattle\",\"seed\":[57393,25966,13217,34548],\"rated\":\"Rated battle\"}\n>player p1 {\"name\":\"miggyo0o\",\"avatar\":\"steven\",\"team\":\"\",\"rating\":1898,\"seed\":[42055,60317,39125,11749]}\n>player p2 {\"name\":\"comp233\",\"avatar\":\"115\",\"team\":\"\",\"rating\":1955,\"seed\":[64335,47513,5777,60754]}\n>p1 switch 5\n>p2 switch 5\n>p1 move bulkup\n>p2 move reflect\n>p1 move bulkup\n>p2 switch 4\n>p1 move icepunch\n>p2 move nastyplot\n>p1 move icepunch\n>p2 move airslash dynamax\n>p1 switch 3\n>p1 move discharge\n>p2 move heatwave dynamax\n>p2 switch 3\n>p1 move stealthrock\n>p2 move gigadrain\n>p1 switch 4\n>p1 move dragondance\n>p2 move sleeppowder\n>p1 move dragondance\n>p2 switch 2\n>p1 switch 2\n>p2 move raindance\n>p1 move hornleech\n>p2 move icebeam\n>p1 move hornleech\n>p2 switch 2\n>p1 move shadowclaw dynamax\n>p2 move sludgebomb\n>p1 move rockslide dynamax\n>p2 switch 5\n>p1 move hornleech dynamax\n>p2 move throatchop\n>p2 switch 2\n>p1 move hornleech\n>p2 move icebeam\n>p1 switch 6\n>p1 move suckerpunch\n>p2 move scald\n>p2 switch 6\n>p1 move swordsdance\n>p2 move swordsdance\n>p1 move playrough\n>p2 move powerwhip\n>p1 move ironhead\n>p2 move psychicfangs\n>p2 switch 4\n>p1 move swordsdance\n>p2 move reflect\n>p1 move swordsdance\n>p2 move gyroball\n>p1 move suckerpunch\n>p2 move gyroball","uploadtime":1581579657,"views":8,"p1id":"miggyo0o","p2id":"comp233","formatid":"gen8randombattle","rating":1921,"private":0,"password":null}