{"id":"gen8ou-1180554858","p1":"isheavydead","p2":"LT74PF ES","format":"gen8ou","log":"|raw|<div class=\"broadcast-blue\"><strong>This battle is required to be public due to a player having a name starting with 'LT74PF'.<\/div>\n|j|\u2606isheavydead\n|j|\u2606LT74PF ES\n|t:|1599148437\n|player|p1|isheavydead|266|1921\n|player|p2|LT74PF ES|tate|1818\n|teamsize|p1|6\n|teamsize|p2|6\n|gametype|singles\n|gen|8\n|tier|[Gen 8] OU\n|rated|\n|clearpoke\n|poke|p1|Haxorus, M|\n|poke|p1|Volcarona, F|\n|poke|p1|Ninetales-Alola, M|\n|poke|p1|Excadrill, M|\n|poke|p1|Urshifu-*, F|\n|poke|p1|Azumarill, M|\n|poke|p2|Clefable, M|\n|poke|p2|Dragapult, M|\n|poke|p2|Excadrill, F|\n|poke|p2|Hippowdon, F|\n|poke|p2|Keldeo-Resolute|\n|poke|p2|Mandibuzz, F|\n|rule|Sleep Clause Mod: Limit one foe put to sleep\n|rule|Species Clause: Limit one of each Pok\u00e9mon\n|rule|OHKO Clause: OHKO moves are banned\n|rule|Evasion Moves Clause: Evasion moves are banned\n|rule|Endless Battle Clause: Forcing endless battles is banned\n|rule|HP Percentage Mod: HP is shown in percentages\n|rule|Dynamax Clause: You cannot dynamax\n|teampreview\n|j| LT74PF Ayk\n|j| egalvanc\n|inactive|Battle timer is ON: inactive players will automatically lose when time's up. (requested by LT74PF ES)\n|\n|t:|1599148446\n|start\n|switch|p1a: Excadrill|Excadrill, M, shiny|100\/100\n|switch|p2a: SPARTACUS|Excadrill, F|100\/100\n|-ability|p1a: Excadrill|Mold Breaker\n|turn|1\n|j| ojr\n|j| Lt74pf ch\n|l| LT74PF Ayk\n|\n|t:|1599148459\n|move|p1a: Excadrill|Earthquake|p2a: SPARTACUS\n|-supereffective|p2a: SPARTACUS\n|-damage|p2a: SPARTACUS|0 fnt\n|faint|p2a: SPARTACUS\n|\n|upkeep\n|j| lt74pf pj\n|\n|t:|1599148461\n|switch|p2a: SHION|Keldeo-Resolute|100\/100\n|turn|2\n|c| Lt74pf ch|Apparently u care very mich\n|\n|t:|1599148470\n|move|p2a: SHION|Scald|p1a: Excadrill\n|-supereffective|p1a: Excadrill\n|-enditem|p1a: Excadrill|Focus Sash\n|-damage|p1a: Excadrill|1\/100\n|-status|p1a: Excadrill|brn\n|move|p1a: Excadrill|Earthquake|p2a: SHION\n|-damage|p2a: SHION|70\/100\n|\n|-heal|p2a: SHION|77\/100|[from] item: Leftovers\n|-damage|p1a: Excadrill|0 fnt|[from] brn\n|faint|p1a: Excadrill\n|upkeep\n|c|\u2606isheavydead|sight\n|c|\u2606isheavydead|sigh\n|\n|t:|1599148480\n|switch|p1a: Azumarill|Azumarill, M|100\/100\n|turn|3\n|c|\u2606LT74PF ES|Do i LOL\n|j| kruscal\n|inactive|LT74PF ES has 120 seconds left.\n|\n|t:|1599148522\n|switch|p2a: STARK|Hippowdon, F|100\/100\n|-weather|Sandstorm|[from] ability: Sand Stream|[of] p2a: STARK\n|move|p1a: Azumarill|Play Rough|p2a: STARK\n|-damage|p2a: STARK|64\/100\n|\n|-weather|Sandstorm|[upkeep]\n|-damage|p1a: Azumarill|94\/100|[from] Sandstorm\n|-heal|p2a: STARK|71\/100|[from] item: Leftovers\n|upkeep\n|turn|4\n|j| Swamprattata\n|inactive|LT74PF ES has 120 seconds left.\n|\n|t:|1599148530\n|switch|p1a: Ninetales|Ninetales-Alola, M, shiny|100\/100\n|-weather|Hail|[from] ability: Snow Warning|[of] p1a: Ninetales\n|switch|p2a: CRUELLA CRUEL|Mandibuzz, F|100\/100\n|\n|-weather|Hail|[upkeep]\n|upkeep\n|turn|5\n|\n|t:|1599148535\n|move|p1a: Ninetales|Moonblast|p2a: CRUELLA CRUEL\n|-supereffective|p2a: CRUELLA CRUEL\n|-damage|p2a: CRUELLA CRUEL|64\/100\n|move|p2a: CRUELLA CRUEL|Toxic|p1a: Ninetales\n|-status|p1a: Ninetales|tox\n|\n|-weather|Hail|[upkeep]\n|-damage|p1a: Ninetales|94\/100 tox|[from] psn\n|upkeep\n|turn|6\n|\n|t:|1599148542\n|switch|p1a: Haxorus|Haxorus, M, shiny|100\/100\n|-ability|p1a: Haxorus|Mold Breaker\n|move|p2a: CRUELLA CRUEL|Roost|p2a: CRUELLA CRUEL\n|-heal|p2a: CRUELLA CRUEL|100\/100\n|-singleturn|p2a: CRUELLA CRUEL|move: Roost\n|\n|-weather|Hail|[upkeep]\n|-damage|p1a: Haxorus|94\/100|[from] Hail\n|upkeep\n|turn|7\n|\n|t:|1599148547\n|switch|p1a: Ninetales|Ninetales-Alola, M, shiny|94\/100 tox\n|move|p2a: CRUELLA CRUEL|Foul Play|p1a: Ninetales\n|-resisted|p1a: Ninetales\n|-damage|p1a: Ninetales|84\/100 tox\n|\n|-weather|Hail|[upkeep]\n|-damage|p1a: Ninetales|78\/100 tox|[from] psn\n|upkeep\n|turn|8\n|\n|t:|1599148554\n|switch|p2a: STARK|Hippowdon, F|71\/100\n|-weather|Sandstorm|[from] ability: Sand Stream|[of] p2a: STARK\n|move|p1a: Ninetales|Aurora Veil||[still]\n|-fail|p1a: Ninetales\n|\n|-weather|Sandstorm|[upkeep]\n|-damage|p1a: Ninetales|72\/100 tox|[from] Sandstorm\n|-heal|p2a: STARK|77\/100|[from] item: Leftovers\n|-damage|p1a: Ninetales|60\/100 tox|[from] psn\n|upkeep\n|turn|9\n|\n|t:|1599148561\n|switch|p1a: Haxorus|Haxorus, M, shiny|94\/100\n|-ability|p1a: Haxorus|Mold Breaker\n|move|p2a: STARK|Stealth Rock|p1a: Haxorus\n|-sidestart|p1: isheavydead|move: Stealth Rock\n|\n|-weather|Sandstorm|[upkeep]\n|-damage|p1a: Haxorus|88\/100|[from] Sandstorm\n|-heal|p2a: STARK|83\/100|[from] item: Leftovers\n|upkeep\n|turn|10\n|j| Hockey1\n|\n|t:|1599148573\n|move|p1a: Haxorus|Swords Dance|p1a: Haxorus\n|-boost|p1a: Haxorus|atk|2\n|move|p2a: STARK|Earthquake|p1a: Haxorus\n|-damage|p1a: Haxorus|36\/100\n|\n|-weather|Sandstorm|[upkeep]\n|-damage|p1a: Haxorus|30\/100|[from] Sandstorm\n|-heal|p2a: STARK|89\/100|[from] item: Leftovers\n|upkeep\n|turn|11\n|\n|t:|1599148584\n|switch|p2a: STARDUST|Clefable, M|100\/100\n|move|p1a: Haxorus|Scale Shot|p2a: STARDUST\n|-immune|p2a: STARDUST\n|\n|-weather|Sandstorm|[upkeep]\n|-damage|p1a: Haxorus|23\/100|[from] Sandstorm\n|upkeep\n|turn|12\n|\n|t:|1599148589\n|switch|p2a: NIGHTMARE|Dragapult, M|100\/100\n|move|p1a: Haxorus|Poison Jab|p2a: NIGHTMARE\n|-resisted|p2a: NIGHTMARE\n|-damage|p2a: NIGHTMARE|54\/100\n|\n|-weather|none\n|-heal|p2a: NIGHTMARE|60\/100|[from] item: Leftovers\n|upkeep\n|turn|13\n|j| dirt universe\n|\n|t:|1599148594\n|move|p2a: NIGHTMARE|Hex|p1a: Haxorus\n|-damage|p1a: Haxorus|0 fnt\n|faint|p1a: Haxorus\n|\n|-heal|p2a: NIGHTMARE|66\/100|[from] item: Leftovers\n|upkeep\n|\n|t:|1599148601\n|switch|p1a: Urshifu|Urshifu, F|100\/100\n|-damage|p1a: Urshifu|94\/100|[from] Stealth Rock\n|turn|14\n|j| showdownmodsrpussy\n|\n|t:|1599148603\n|move|p2a: NIGHTMARE|Will-O-Wisp|p1a: Urshifu\n|-status|p1a: Urshifu|brn\n|move|p1a: Urshifu|Wicked Blow|p2a: NIGHTMARE\n|-supereffective|p2a: NIGHTMARE\n|-crit|p2a: NIGHTMARE\n|-damage|p2a: NIGHTMARE|0 fnt\n|faint|p2a: NIGHTMARE\n|\n|-damage|p1a: Urshifu|88\/100 brn|[from] brn\n|upkeep\n|j| myjava\n|\n|t:|1599148620\n|switch|p2a: STARDUST|Clefable, M|100\/100\n|turn|15\n|\n|t:|1599148623\n|move|p1a: Urshifu|Wicked Blow|p2a: STARDUST\n|-resisted|p2a: STARDUST\n|-crit|p2a: STARDUST\n|-damage|p2a: STARDUST|86\/100\n|move|p2a: STARDUST|Trick|p1a: Urshifu\n|-activate|p2a: STARDUST|move: Trick|[of] p1a: Urshifu\n|-item|p1a: Urshifu|Choice Scarf|[from] move: Trick\n|-item|p2a: STARDUST|Black Glasses|[from] move: Trick\n|\n|-damage|p1a: Urshifu|82\/100 brn|[from] brn\n|upkeep\n|turn|16\n|j| IPF\n|\n|t:|1599148636\n|move|p1a: Urshifu|Wicked Blow|p2a: STARDUST\n|-resisted|p2a: STARDUST\n|-crit|p2a: STARDUST\n|-damage|p2a: STARDUST|74\/100\n|move|p2a: STARDUST|Calm Mind|p2a: STARDUST\n|-boost|p2a: STARDUST|spa|1\n|-boost|p2a: STARDUST|spd|1\n|\n|-damage|p1a: Urshifu|76\/100 brn|[from] brn\n|upkeep\n|turn|17\n|j| odin77\n|\n|t:|1599148646\n|switch|p1a: Ninetales|Ninetales-Alola, M, shiny|60\/100 tox\n|-damage|p1a: Ninetales|35\/100 tox|[from] Stealth Rock\n|-weather|Hail|[from] ability: Snow Warning|[of] p1a: Ninetales\n|move|p2a: STARDUST|Soft-Boiled|p2a: STARDUST\n|-heal|p2a: STARDUST|100\/100\n|\n|-weather|Hail|[upkeep]\n|-damage|p1a: Ninetales|29\/100 tox|[from] psn\n|upkeep\n|turn|18\n|j| cellerino\n|\n|t:|1599148648\n|switch|p2a: STARK|Hippowdon, F|89\/100\n|-weather|Sandstorm|[from] ability: Sand Stream|[of] p2a: STARK\n|move|p1a: Ninetales|Encore||[still]\n|-fail|p1a: Ninetales\n|\n|-weather|Sandstorm|[upkeep]\n|-damage|p1a: Ninetales|23\/100 tox|[from] Sandstorm\n|-heal|p2a: STARK|95\/100|[from] item: Leftovers\n|-damage|p1a: Ninetales|11\/100 tox|[from] psn\n|upkeep\n|turn|19\n|l| cellerino\n|\n|t:|1599148663\n|move|p1a: Ninetales|Freeze-Dry|p2a: STARK\n|-supereffective|p2a: STARK\n|-damage|p2a: STARK|61\/100\n|-status|p2a: STARK|frz\n|cant|p2a: STARK|frz\n|\n|-weather|Sandstorm|[upkeep]\n|-damage|p1a: Ninetales|5\/100 tox|[from] Sandstorm\n|-heal|p2a: STARK|67\/100 frz|[from] item: Leftovers\n|-damage|p1a: Ninetales|0 fnt|[from] psn\n|faint|p1a: Ninetales\n|upkeep\n|\n|t:|1599148666\n|switch|p1a: Volcarona|Volcarona, F|100\/100\n|turn|20\n|\n|t:|1599148675\n|switch|p2a: CRUELLA CRUEL|Mandibuzz, F|100\/100\n|move|p1a: Volcarona|Quiver Dance|p1a: Volcarona\n|-boost|p1a: Volcarona|spa|1\n|-boost|p1a: Volcarona|spd|1\n|-boost|p1a: Volcarona|spe|1\n|\n|-weather|Sandstorm|[upkeep]\n|-damage|p1a: Volcarona|94\/100|[from] Sandstorm\n|upkeep\n|turn|21\n|\n|t:|1599148677\n|move|p1a: Volcarona|Fiery Dance|p2a: CRUELLA CRUEL\n|-damage|p2a: CRUELLA CRUEL|60\/100\n|-boost|p1a: Volcarona|spa|1\n|move|p2a: CRUELLA CRUEL|Toxic|p1a: Volcarona\n|-status|p1a: Volcarona|tox\n|\n|-weather|Sandstorm|[upkeep]\n|-damage|p1a: Volcarona|88\/100 tox|[from] Sandstorm\n|-damage|p1a: Volcarona|82\/100 tox|[from] psn\n|upkeep\n|turn|22\n|j| lt74pf 999\n|\n|t:|1599148684\n|move|p1a: Volcarona|Bug Buzz|p2a: CRUELLA CRUEL\n|-damage|p2a: CRUELLA CRUEL|0 fnt\n|faint|p2a: CRUELLA CRUEL\n|\n|-weather|none\n|-damage|p1a: Volcarona|70\/100 tox|[from] psn\n|upkeep\n|j| LT74PF QuilavaBest\n|\n|t:|1599148700\n|switch|p2a: STARDUST|Clefable, M|100\/100\n|turn|23\n|\n|t:|1599148703\n|move|p1a: Volcarona|Fiery Dance|p2a: STARDUST\n|-damage|p2a: STARDUST|32\/100\n|-boost|p1a: Volcarona|spa|1\n|move|p2a: STARDUST|Soft-Boiled|p2a: STARDUST\n|-heal|p2a: STARDUST|82\/100\n|\n|-damage|p1a: Volcarona|52\/100 tox|[from] psn\n|upkeep\n|turn|24\n|j| LT74PF Miku\n|l| LT74PF QuilavaBest\n|l| Swamprattata\n|l| Lt74pf ch\n|j| Uncool_loser\n|\n|t:|1599148724\n|switch|p2a: SHION|Keldeo-Resolute|77\/100\n|move|p1a: Volcarona|Fiery Dance|p2a: SHION\n|-resisted|p2a: SHION\n|-damage|p2a: SHION|21\/100\n|\n|-heal|p2a: SHION|27\/100|[from] item: Leftovers\n|-damage|p1a: Volcarona|28\/100 tox|[from] psn\n|upkeep\n|turn|25\n|j| abd1710\n|l| abd1710\n|\n|t:|1599148733\n|switch|p2a: STARK|Hippowdon, F|67\/100 frz\n|-weather|Sandstorm|[from] ability: Sand Stream|[of] p2a: STARK\n|move|p1a: Volcarona|Fiery Dance|p2a: STARK\n|-damage|p2a: STARK|0 fnt\n|-boost|p1a: Volcarona|spa|1\n|faint|p2a: STARK\n|\n|-weather|Sandstorm|[upkeep]\n|-damage|p1a: Volcarona|22\/100 tox|[from] Sandstorm\n|-damage|p1a: Volcarona|0 fnt|[from] psn\n|faint|p1a: Volcarona\n|upkeep\n|l| LT74PF Miku\n|\n|t:|1599148745\n|switch|p1a: Azumarill|Azumarill, M|94\/100\n|switch|p2a: SHION|Keldeo-Resolute|27\/100\n|-damage|p1a: Azumarill|82\/100|[from] Stealth Rock\n|turn|26\n|\n|t:|1599148749\n|move|p2a: SHION|Scald|p1a: Azumarill\n|-resisted|p1a: Azumarill\n|-damage|p1a: Azumarill|57\/100\n|move|p1a: Azumarill|Belly Drum|p1a: Azumarill\n|-damage|p1a: Azumarill|6\/100\n|-setboost|p1a: Azumarill|atk|6|[from] move: Belly Drum\n|-enditem|p1a: Azumarill|Sitrus Berry|[eat]\n|-heal|p1a: Azumarill|31\/100|[from] item: Sitrus Berry\n|\n|-weather|Sandstorm|[upkeep]\n|-damage|p2a: SHION|21\/100|[from] Sandstorm\n|-damage|p1a: Azumarill|25\/100|[from] Sandstorm\n|-heal|p2a: SHION|27\/100|[from] item: Leftovers\n|upkeep\n|turn|27\n|c|\u2606LT74PF ES|Pathetic\n|-message|LT74PF ES forfeited.\n|\n|win|isheavydead\n|l|\u2606LT74PF ES\n|l| myjava\n|l| IPF\n|l| Hockey1\n|l| lt74pf 999\n|l| lt74pf pj\n|l| ojr\n|c|\u2606isheavydead|thats what u get for making the shittiest fucking plays in the world\n|l|\u2606isheavydead\n||Ladder (probably) updated, but score could not be retrieved (Request timeout).\n|j| Narmer04\n|l| dirt universe\n|j| lax\n|j| Pierrick22\n|l| Narmer04\n|j| LT74PF croo\n|j| Bbeeaa\n|l| Pierrick22\n|l| LT74PF croo\n|j| tripleaxew\n|j| stfu itz a cartoon\n|l| stfu itz a cartoon\n|l| Bbeeaa\n|l| lax\n|l| Uncool_loser\n|j| zacians brother\n|j|+Perry\n|j| HiroZ\n|l| HiroZ\n|l| odin77\n|l|+Perry\n|j| yeetium\n|j| horadobos\n|j| Swamprattata@!\n|l| Swamprattata\n|l| tripleaxew\n|j| lt74pf leo\n|l| showdownmodsrpussy\n|l| horadobos\n","uploadtime":1599149237,"views":125,"p1id":"isheavydead","p2id":"lt74pfes","formatid":"gen8ou","rating":0,"private":0,"password":null}