{"id":"gen8randombattle-1630987261","p1":"ILoveWookies","p2":"Arcangel666","format":"gen8randombattle","log":"|j|\u2606ILoveWookies\n|j|\u2606Arcangel666\n|t:|1659484605\n|gametype|singles\n|player|p1|ILoveWookies|medium|1893\n|player|p2|Arcangel666|piers|1907\n|teamsize|p1|6\n|teamsize|p2|6\n|gen|8\n|tier|[Gen 8] Random Battle\n|rated|\n|rule|Species Clause: Limit one of each Pok\u00e9mon\n|rule|HP Percentage Mod: HP is shown in percentages\n|rule|Sleep Clause Mod: Limit one foe put to sleep\n|\n|t:|1659484605\n|start\n|switch|p1a: Silvally|Silvally-Fighting, L84|297\/297\n|switch|p2a: Omastar|Omastar, L82, F|249\/249\n|turn|1\n|inactive|Battle timer is ON: inactive players will automatically lose when time's up. (requested by ILoveWookies)\n|\n|t:|1659484612\n|switch|p2a: Pyukumuku|Pyukumuku, L84, M|230\/230\n|move|p1a: Silvally|Swords Dance|p1a: Silvally\n|-boost|p1a: Silvally|atk|2\n|\n|upkeep\n|turn|2\n|\n|t:|1659484619\n|switch|p1a: Sandslash|Sandslash-Alola, L86, M|269\/269\n|move|p2a: Pyukumuku|Counter||[still]\n|-fail|p2a: Pyukumuku\n|\n|upkeep\n|turn|3\n|\n|t:|1659484629\n|switch|p1a: Ribombee|Ribombee, L82, F|233\/233\n|move|p2a: Pyukumuku|Counter||[still]\n|-fail|p2a: Pyukumuku\n|\n|upkeep\n|turn|4\n|\n|t:|1659484638\n|move|p1a: Ribombee|Sticky Web|p2a: Pyukumuku\n|-sidestart|p2: Arcangel666|move: Sticky Web\n|move|p2a: Pyukumuku|Toxic|p1a: Ribombee\n|-status|p1a: Ribombee|tox\n|\n|-damage|p1a: Ribombee|219\/233 tox|[from] psn\n|upkeep\n|turn|5\n|\n|t:|1659484646\n|move|p1a: Ribombee|U-turn|p2a: Pyukumuku\n|-damage|p2a: Pyukumuku|197\/230\n|\n|t:|1659484655\n|switch|p1a: Guzzlord|Guzzlord, L84|512\/512\n|move|p2a: Pyukumuku|Mirror Coat||[still]\n|-fail|p2a: Pyukumuku\n|\n|-heal|p2a: Pyukumuku|211\/230|[from] item: Leftovers\n|upkeep\n|turn|6\n|\n|t:|1659484663\n|switch|p2a: Aromatisse|Aromatisse, L88, F|321\/321\n|-activate|p2a: Aromatisse|move: Sticky Web\n|-unboost|p2a: Aromatisse|spe|1\n|move|p1a: Guzzlord|Draco Meteor|p2a: Aromatisse\n|-immune|p2a: Aromatisse\n|\n|upkeep\n|turn|7\n|\n|t:|1659484674\n|switch|p1a: Sandslash|Sandslash-Alola, L86, M|269\/269\n|move|p2a: Aromatisse|Wish|p2a: Aromatisse\n|\n|upkeep\n|turn|8\n|\n|t:|1659484682\n|switch|p1a: Guzzlord|Guzzlord, L84|512\/512\n|switch|p2a: Pyukumuku|Pyukumuku, L84, M|211\/230\n|-activate|p2a: Pyukumuku|move: Sticky Web\n|-unboost|p2a: Pyukumuku|spe|1\n|\n|-heal|p2a: Pyukumuku|230\/230|[from] move: Wish|[wisher] Aromatisse\n|upkeep\n|turn|9\n|\n|t:|1659484687\n|move|p1a: Guzzlord|Sludge Bomb|p2a: Pyukumuku\n|-damage|p2a: Pyukumuku|161\/230\n|move|p2a: Pyukumuku|Mirror Coat|p1a: Guzzlord\n|-immune|p1a: Guzzlord\n|\n|-heal|p2a: Pyukumuku|175\/230|[from] item: Leftovers\n|upkeep\n|turn|10\n|\n|t:|1659484696\n|switch|p2a: Marowak|Marowak-Alola, L84, F|238\/238\n|-activate|p2a: Marowak|move: Sticky Web\n|-unboost|p2a: Marowak|spe|1\n|move|p1a: Guzzlord|Sludge Bomb|p2a: Marowak\n|-resisted|p2a: Marowak\n|-damage|p2a: Marowak|187\/238\n|-status|p2a: Marowak|psn\n|\n|-damage|p2a: Marowak|158\/238 psn|[from] psn\n|upkeep\n|turn|11\n|\n|t:|1659484712\n|switch|p1a: Silvally|Silvally-Fighting, L84|297\/297\n|move|p2a: Marowak|Flame Charge|p1a: Silvally\n|-damage|p1a: Silvally|212\/297\n|-boost|p2a: Marowak|spe|1\n|\n|-damage|p2a: Marowak|129\/238 psn|[from] psn\n|upkeep\n|turn|12\n|\n|t:|1659484719\n|move|p1a: Silvally|Crunch|p2a: Marowak\n|-supereffective|p2a: Marowak\n|-damage|p2a: Marowak|37\/238 psn\n|move|p2a: Marowak|Flare Blitz|p1a: Silvally\n|-damage|p1a: Silvally|20\/297\n|-status|p1a: Silvally|brn\n|-damage|p2a: Marowak|0 fnt|[from] Recoil\n|faint|p2a: Marowak\n|\n|-damage|p1a: Silvally|2\/297 brn|[from] brn\n|upkeep\n|\n|t:|1659484722\n|switch|p2a: Braviary|Braviary, L82, M|298\/298\n|turn|13\n|\n|t:|1659484731\n|move|p1a: Silvally|Iron Head|p2a: Braviary\n|-damage|p2a: Braviary|265\/298\n|cant|p2a: Braviary|flinch\n|\n|-damage|p1a: Silvally|0 fnt|[from] brn\n|faint|p1a: Silvally\n|upkeep\n|\n|t:|1659484739\n|switch|p1a: Rotom|Rotom-Heat, L82|216\/216\n|turn|14\n|\n|t:|1659484744\n|switch|p2a: Aromatisse|Aromatisse, L88, F|321\/321\n|-activate|p2a: Aromatisse|move: Sticky Web\n|-unboost|p2a: Aromatisse|spe|1\n|move|p1a: Rotom|Thunderbolt|p2a: Aromatisse\n|-damage|p2a: Aromatisse|237\/321\n|\n|-heal|p2a: Aromatisse|257\/321|[from] item: Leftovers\n|upkeep\n|turn|15\n|\n|t:|1659484751\n|move|p1a: Rotom|Nasty Plot|p1a: Rotom\n|-boost|p1a: Rotom|spa|2\n|move|p2a: Aromatisse|Calm Mind|p2a: Aromatisse\n|-boost|p2a: Aromatisse|spa|1\n|-boost|p2a: Aromatisse|spd|1\n|\n|-heal|p2a: Aromatisse|277\/321|[from] item: Leftovers\n|upkeep\n|turn|16\n|\n|t:|1659484756\n|move|p1a: Rotom|Nasty Plot|p1a: Rotom\n|-boost|p1a: Rotom|spa|2\n|move|p2a: Aromatisse|Calm Mind|p2a: Aromatisse\n|-boost|p2a: Aromatisse|spa|1\n|-boost|p2a: Aromatisse|spd|1\n|\n|-heal|p2a: Aromatisse|297\/321|[from] item: Leftovers\n|upkeep\n|turn|17\n|\n|t:|1659484759\n|move|p1a: Rotom|Nasty Plot|p1a: Rotom\n|-boost|p1a: Rotom|spa|2\n|move|p2a: Aromatisse|Calm Mind|p2a: Aromatisse\n|-boost|p2a: Aromatisse|spa|1\n|-boost|p2a: Aromatisse|spd|1\n|\n|-heal|p2a: Aromatisse|317\/321|[from] item: Leftovers\n|upkeep\n|turn|18\n|\n|t:|1659484761\n|move|p1a: Rotom|Thunderbolt|p2a: Aromatisse\n|-damage|p2a: Aromatisse|164\/321\n|-status|p2a: Aromatisse|par\n|cant|p2a: Aromatisse|par\n|\n|-heal|p2a: Aromatisse|184\/321 par|[from] item: Leftovers\n|upkeep\n|turn|19\n|\n|t:|1659484764\n|move|p1a: Rotom|Thunderbolt|p2a: Aromatisse\n|-damage|p2a: Aromatisse|31\/321 par\n|cant|p2a: Aromatisse|par\n|\n|-heal|p2a: Aromatisse|51\/321 par|[from] item: Leftovers\n|upkeep\n|turn|20\n|\n|t:|1659484768\n|move|p1a: Rotom|Thunderbolt|p2a: Aromatisse\n|-damage|p2a: Aromatisse|0 fnt\n|faint|p2a: Aromatisse\n|\n|upkeep\n|\n|t:|1659484772\n|switch|p2a: Pyukumuku|Pyukumuku, L84, M|175\/230\n|-activate|p2a: Pyukumuku|move: Sticky Web\n|-unboost|p2a: Pyukumuku|spe|1\n|turn|21\n|\n|t:|1659484776\n|move|p1a: Rotom|Will-O-Wisp|p2a: Pyukumuku\n|-status|p2a: Pyukumuku|brn\n|move|p2a: Pyukumuku|Mirror Coat||[still]\n|-fail|p2a: Pyukumuku\n|\n|-heal|p2a: Pyukumuku|189\/230 brn|[from] item: Leftovers\n|-damage|p2a: Pyukumuku|175\/230 brn|[from] brn\n|upkeep\n|turn|22\n|\n|t:|1659484784\n|move|p1a: Rotom|Nasty Plot|p1a: Rotom\n|-boost|p1a: Rotom|spa|0\n|move|p2a: Pyukumuku|Mirror Coat||[still]\n|-fail|p2a: Pyukumuku\n|\n|-heal|p2a: Pyukumuku|189\/230 brn|[from] item: Leftovers\n|-damage|p2a: Pyukumuku|175\/230 brn|[from] brn\n|upkeep\n|turn|23\n|\n|t:|1659484788\n|move|p1a: Rotom|Thunderbolt|p2a: Pyukumuku\n|-supereffective|p2a: Pyukumuku\n|-damage|p2a: Pyukumuku|35\/230 brn\n|move|p2a: Pyukumuku|Toxic|p1a: Rotom|[miss]\n|-miss|p2a: Pyukumuku|p1a: Rotom\n|\n|-heal|p2a: Pyukumuku|49\/230 brn|[from] item: Leftovers\n|-damage|p2a: Pyukumuku|35\/230 brn|[from] brn\n|upkeep\n|turn|24\n|\n|t:|1659484793\n|move|p1a: Rotom|Thunderbolt|p2a: Pyukumuku\n|-supereffective|p2a: Pyukumuku\n|-damage|p2a: Pyukumuku|0 fnt\n|faint|p2a: Pyukumuku\n|\n|upkeep\n|-message|Arcangel666 forfeited.\n|\n|win|ILoveWookies\n|raw|ILoveWookies's rating: 1893 &rarr; <strong>1914<\/strong><br \/>(+21 for winning)\n|raw|Arcangel666's rating: 1907 &rarr; <strong>1886<\/strong><br \/>(-21 for losing)\n|c|\u2606ILoveWookies|This game is fucking easy\n|l|\u2606Arcangel666\n","inputlog":">version 982d75eaa703b632a30dca381ab50d6ad4461e86\n>start {\"formatid\":\"gen8randombattle\",\"seed\":[52993,50477,20666,32520],\"rated\":\"Rated battle\"}\n>player p1 {\"name\":\"ILoveWookies\",\"avatar\":\"medium\",\"rating\":1893,\"seed\":[11033,17676,45199,40761]}\n>player p2 {\"name\":\"Arcangel666\",\"avatar\":\"piers\",\"rating\":1907,\"seed\":[39764,4187,6039,3927]}\n>p1 move swordsdance\n>p2 switch 2\n>p1 switch 4\n>p2 move counter\n>p1 switch 3\n>p2 move counter\n>p1 move stickyweb\n>p2 move toxic\n>p1 move uturn\n>p2 move mirrorcoat\n>p1 switch 5\n>p1 move dracometeor\n>p2 switch 3\n>p1 switch 3\n>p2 move wish\n>p1 switch 3\n>p2 switch 3\n>p1 move sludgebomb\n>p2 move mirrorcoat\n>p1 move sludgebomb\n>p2 switch 6\n>p1 switch 4\n>p2 move flamecharge\n>p1 move crunch\n>p2 move flareblitz\n>p2 switch 4\n>p1 move ironhead\n>p2 move bulkup\n>p1 switch 2\n>p1 move thunderbolt\n>p2 switch 3\n>p1 move nastyplot\n>p2 move calmmind\n>p1 move nastyplot\n>p2 move calmmind\n>p1 move nastyplot\n>p2 move calmmind\n>p1 move thunderbolt\n>p2 move calmmind\n>p1 move thunderbolt\n>p2 move wish\n>p1 move thunderbolt\n>p2 move wish\n>p2 switch 6\n>p1 move willowisp\n>p2 move mirrorcoat\n>p1 move nastyplot\n>p2 move mirrorcoat\n>p1 move thunderbolt\n>p2 move toxic\n>p1 move thunderbolt\n>p2 move toxic\n>forcelose p2","uploadtime":1659484804,"views":9,"p1id":"ilovewookies","p2id":"arcangel666","formatid":"gen8randombattle","rating":1886,"private":0,"password":null}