{"id":"gen8nationaldexag-1706961092","p1":"VengeanceIncarnate","p2":"Un0g0d","format":"gen8nationaldexag","log":"|j|\u2606VengeanceIncarnate\n|j|\u2606Un0g0d\n|t:|1668036607\n|gametype|singles\n|player|p1|VengeanceIncarnate|169|1318\n|player|p2|Un0g0d|red|1375\n|teamsize|p1|6\n|teamsize|p2|6\n|gen|8\n|tier|[Gen 8] National Dex AG\n|rated|\n|rule|HP Percentage Mod: HP is shown in percentages\n|rule|Endless Battle Clause: Forcing endless battles is banned\n|clearpoke\n|poke|p1|Ferrothorn, M|\n|poke|p1|Cradily, M|\n|poke|p1|Venusaur, F|\n|poke|p1|Shaymin-Sky|\n|poke|p1|Kartana|\n|poke|p1|Breloom, M|\n|poke|p2|Sceptile, M|\n|poke|p2|Melmetal|\n|poke|p2|Goodra, M|\n|poke|p2|Lucario, M|\n|poke|p2|Tapu Koko|\n|poke|p2|Hawlucha, F|\n|teampreview\n|inactive|Battle timer is ON: inactive players will automatically lose when time's up. (requested by Un0g0d)\n|l|\u2606Un0g0d\n|inactive|Un0g0d disconnected and has a minute to reconnect!\n|player|p2|\n|j|\u2606Un0g0d\n|inactive|Un0g0d reconnected and has 145 seconds left.\n|player|p2|Un0g0d|red\n|c|\u2606VengeanceIncarnate|glhf\n|\n|t:|1668036627\n|start\n|switch|p1a: Life Metal|Ferrothorn, M|100\/100\n|switch|p2a: Kiyomaro|Tapu Koko|100\/100\n|-fieldstart|move: Electric Terrain|[from] ability: Electric Surge|[of] p2a: Kiyomaro\n|turn|1\n|\n|t:|1668036636\n|move|p2a: Kiyomaro|Reflect|p2a: Kiyomaro\n|-sidestart|p2: Un0g0d|Reflect\n|move|p1a: Life Metal|Leech Seed|p2a: Kiyomaro\n|-start|p2a: Kiyomaro|move: Leech Seed\n|\n|-damage|p2a: Kiyomaro|88\/100|[from] Leech Seed|[of] p1a: Life Metal\n|upkeep\n|turn|2\n|\n|t:|1668036642\n|move|p2a: Kiyomaro|Light Screen|p2a: Kiyomaro\n|-sidestart|p2: Un0g0d|move: Light Screen\n|move|p1a: Life Metal|Spikes|p2a: Kiyomaro\n|-sidestart|p2: Un0g0d|Spikes\n|\n|-damage|p2a: Kiyomaro|76\/100|[from] Leech Seed|[of] p1a: Life Metal\n|upkeep\n|turn|3\n|\n|t:|1668036647\n|move|p2a: Kiyomaro|Volt Switch|p1a: Life Metal\n|-resisted|p1a: Life Metal\n|-damage|p1a: Life Metal|90\/100\n|\n|t:|1668036657\n|switch|p2a: Star Platinum|Lucario, M|100\/100|[from]move: Volt Switch\n|-damage|p2a: Star Platinum|88\/100|[from] Spikes\n|move|p1a: Life Metal|Spikes|p2a: Star Platinum\n|-sidestart|p2: Un0g0d|Spikes\n|\n|-heal|p1a: Life Metal|96\/100|[from] item: Leftovers\n|upkeep\n|turn|4\n|\n|t:|1668036677\n|detailschange|p2a: Star Platinum|Lucario-Mega, M\n|-mega|p2a: Star Platinum|Lucario|Lucarionite\n|move|p2a: Star Platinum|Swords Dance|p2a: Star Platinum\n|-boost|p2a: Star Platinum|atk|2\n|move|p1a: Life Metal|Leech Seed|p2a: Star Platinum\n|-start|p2a: Star Platinum|move: Leech Seed\n|\n|-heal|p1a: Life Metal|100\/100|[from] item: Leftovers\n|-damage|p2a: Star Platinum|76\/100|[from] Leech Seed|[of] p1a: Life Metal\n|upkeep\n|turn|5\n|\n|t:|1668036691\n|move|p2a: Star Platinum|Close Combat|p1a: Life Metal\n|-supereffective|p1a: Life Metal\n|-damage|p1a: Life Metal|0 fnt\n|-unboost|p2a: Star Platinum|def|1\n|-unboost|p2a: Star Platinum|spd|1\n|-damage|p2a: Star Platinum|63\/100|[from] ability: Iron Barbs|[of] p1a: Life Metal\n|faint|p1a: Life Metal\n|\n|-fieldend|move: Electric Terrain\n|upkeep\n|\n|t:|1668036701\n|switch|p1a: Mario|Breloom, M, shiny|100\/100\n|turn|6\n|\n|t:|1668036705\n|move|p2a: Star Platinum|Close Combat|p1a: Mario\n|-enditem|p1a: Mario|Focus Sash\n|-damage|p1a: Mario|1\/100\n|-unboost|p2a: Star Platinum|def|1\n|-unboost|p2a: Star Platinum|spd|1\n|move|p1a: Mario|Spore|p2a: Star Platinum\n|-status|p2a: Star Platinum|slp|[from] move: Spore\n|\n|-damage|p2a: Star Platinum|51\/100 slp|[from] Leech Seed|[of] p1a: Mario\n|-heal|p1a: Mario|14\/100|[silent]\n|upkeep\n|turn|7\n|\n|t:|1668036718\n|cant|p2a: Star Platinum|slp\n|move|p1a: Mario|Mach Punch|p2a: Star Platinum\n|-supereffective|p2a: Star Platinum\n|-damage|p2a: Star Platinum|0 fnt\n|faint|p2a: Star Platinum\n|\n|upkeep\n|\n|t:|1668036733\n|switch|p2a: Zoro|Sceptile, M|100\/100\n|-damage|p2a: Zoro|84\/100|[from] Spikes\n|turn|8\n|\n|t:|1668036752\n|move|p1a: Mario|Mach Punch|p2a: Zoro\n|-damage|p2a: Zoro|55\/100\n|move|p2a: Zoro|Swords Dance|p2a: Zoro\n|-boost|p2a: Zoro|atk|2\n|\n|-sideend|p2: Un0g0d|Reflect\n|upkeep\n|turn|9\n|\n|t:|1668036762\n|move|p2a: Zoro|Acrobatics|p1a: Mario\n|-supereffective|p1a: Mario\n|-damage|p1a: Mario|0 fnt\n|faint|p1a: Mario\n|\n|-sideend|p2: Un0g0d|move: Light Screen\n|upkeep\n|\n|t:|1668036768\n|switch|p1a: Gravitropism|Shaymin-Sky|100\/100\n|turn|10\n|\n|t:|1668036773\n|move|p1a: Gravitropism|Air Slash|p2a: Zoro\n|-supereffective|p2a: Zoro\n|-damage|p2a: Zoro|0 fnt\n|faint|p2a: Zoro\n|-damage|p1a: Gravitropism|91\/100|[from] item: Life Orb\n|\n|upkeep\n|\n|t:|1668036781\n|switch|p2a: Kiyomaro|Tapu Koko|76\/100\n|-damage|p2a: Kiyomaro|59\/100|[from] Spikes\n|-fieldstart|move: Electric Terrain|[from] ability: Electric Surge|[of] p2a: Kiyomaro\n|turn|11\n|\n|t:|1668036791\n|move|p2a: Kiyomaro|Light Screen|p2a: Kiyomaro\n|-sidestart|p2: Un0g0d|move: Light Screen\n|move|p1a: Gravitropism|Earth Power|p2a: Kiyomaro\n|-supereffective|p2a: Kiyomaro\n|-damage|p2a: Kiyomaro|11\/100\n|-damage|p1a: Gravitropism|81\/100|[from] item: Life Orb\n|\n|upkeep\n|turn|12\n|\n|t:|1668036803\n|-start|p1a: Gravitropism|Dynamax|\n|-heal|p1a: Gravitropism|81\/100|[silent]\n|move|p2a: Kiyomaro|Reflect|p2a: Kiyomaro\n|-sidestart|p2: Un0g0d|Reflect\n|move|p1a: Gravitropism|Max Airstream|p2a: Kiyomaro\n|-resisted|p2a: Kiyomaro\n|-damage|p2a: Kiyomaro|0 fnt\n|-boost|p1a: Gravitropism|spe|1\n|faint|p2a: Kiyomaro\n|-damage|p1a: Gravitropism|76\/100|[from] item: Life Orb\n|\n|upkeep\n|\n|t:|1668036816\n|switch|p2a: Ricochet|Hawlucha, F|100\/100\n|-enditem|p2a: Ricochet|Electric Seed\n|-boost|p2a: Ricochet|def|1|[from] item: Electric Seed\n|turn|13\n|\n|t:|1668036828\n|-start|p2a: Ricochet|Dynamax|\n|-heal|p2a: Ricochet|100\/100|[silent]\n|move|p2a: Ricochet|Max Airstream|p1a: Gravitropism\n|-supereffective|p1a: Gravitropism\n|-damage|p1a: Gravitropism|10\/100\n|-boost|p2a: Ricochet|spe|1\n|move|p1a: Gravitropism|Max Starfall|p2a: Ricochet\n|-supereffective|p2a: Ricochet\n|-damage|p2a: Ricochet|55\/100\n|-fieldstart|move: Misty Terrain\n|-damage|p1a: Gravitropism|5\/100|[from] item: Life Orb\n|\n|upkeep\n|turn|14\n|\n|t:|1668036857\n|move|p2a: Ricochet|Max Knuckle|p1a: Gravitropism\n|-resisted|p1a: Gravitropism\n|-damage|p1a: Gravitropism|0 fnt\n|-boost|p2a: Ricochet|atk|1\n|faint|p1a: Gravitropism\n|\n|upkeep\n|\n|t:|1668036866\n|switch|p1a: This is fine|Venusaur, F|100\/100\n|turn|15\n|\n|t:|1668036873\n|detailschange|p1a: This is fine|Venusaur-Mega, F\n|-mega|p1a: This is fine|Venusaur|Venusaurite\n|move|p2a: Ricochet|Max Airstream|p1a: This is fine\n|-supereffective|p1a: This is fine\n|-damage|p1a: This is fine|2\/100\n|-boost|p2a: Ricochet|spe|1\n|move|p1a: This is fine|Sludge Bomb|p2a: Ricochet\n|-damage|p2a: Ricochet|40\/100\n|\n|upkeep\n|-end|p2a: Ricochet|Dynamax\n|-heal|p2a: Ricochet|40\/100|[silent]\n|turn|16\n|\n|t:|1668036887\n|move|p2a: Ricochet|Drain Punch|p1a: This is fine\n|-resisted|p1a: This is fine\n|-damage|p1a: This is fine|0 fnt\n|-heal|p2a: Ricochet|41\/100|[from] drain|[of] p1a: This is fine\n|faint|p1a: This is fine\n|\n|upkeep\n|inactive|VengeanceIncarnate has 120 seconds left.\n|\n|t:|1668036903\n|switch|p1a: Venus Facetrap|Cradily, M|100\/100\n|turn|17\n|\n|t:|1668036910\n|move|p2a: Ricochet|Drain Punch|p1a: Venus Facetrap\n|-supereffective|p1a: Venus Facetrap\n|-damage|p1a: Venus Facetrap|0 fnt\n|-heal|p2a: Ricochet|100\/100|[from] drain|[of] p1a: Venus Facetrap\n|faint|p1a: Venus Facetrap\n|\n|-fieldend|Misty Terrain\n|upkeep\n|\n|t:|1668036917\n|switch|p1a: Paper Cut|Kartana, shiny|100\/100\n|turn|18\n|\n|t:|1668036920\n|move|p2a: Ricochet|Drain Punch|p1a: Paper Cut\n|-supereffective|p1a: Paper Cut\n|-damage|p1a: Paper Cut|0 fnt\n|faint|p1a: Paper Cut\n|\n|win|Un0g0d\n|raw|VengeanceIncarnate's rating: 1318 &rarr; <strong>1301<\/strong><br \/>(-17 for losing)\n|raw|Un0g0d's rating: 1375 &rarr; <strong>1392<\/strong><br \/>(+17 for winning)\n|c|\u2606VengeanceIncarnate|gg\n","uploadtime":1668036924,"views":4,"p1id":"vengeanceincarnate","p2id":"un0g0d","formatid":"gen8nationaldexag","rating":1301,"private":0,"password":null}