{"id":"gen8nationaldexag-1687338648","p1":"0oof","p2":"Rediyu","format":"gen8nationaldexag","log":"|j|\u26060oof\n|j|\u2606Rediyu\n|t:|1665950577\n|gametype|singles\n|player|p1|0oof|grimsley-gen7|\n|player|p2|Rediyu|guitarist|\n|teamsize|p1|6\n|teamsize|p2|6\n|gen|8\n|tier|[Gen 8] National Dex AG\n|rule|HP Percentage Mod: HP is shown in percentages\n|rule|Endless Battle Clause: Forcing endless battles is banned\n|clearpoke\n|poke|p1|Alakazam, M|\n|poke|p1|Rillaboom, M|\n|poke|p1|Rotom-Wash|\n|poke|p1|Klefki, F|\n|poke|p1|Incineroar, F|\n|poke|p1|Hariyama, M|\n|poke|p2|Rotom-Mow|\n|poke|p2|Togekiss, F|\n|poke|p2|Weavile, F|\n|poke|p2|Lopunny, F|\n|poke|p2|Venomoth, F|\n|poke|p2|Mesprit|\n|teampreview\n|c|\u2606Rediyu|glhf\n|c|\u26060oof|u2\n|j| Cpt Impact\n|j| Hoiden Mooris\n|j| Xernyl\n|j| MitchemMusic\n|l| MitchemMusic\n|c| Xernyl|this battle\n|\n|t:|1665950623\n|start\n|switch|p1a: Botez Gambit|Hariyama, M|100\/100\n|switch|p2a: Rotom-Schneid|Rotom-Mow|100\/100\n|turn|1\n|c| Xernyl|is gonna truly be\n|c| Xernyl|a battle of all time\n|\n|t:|1665950634\n|move|p1a: Botez Gambit|Fake Out|p2a: Rotom-Schneid\n|-damage|p2a: Rotom-Schneid|85\/100\n|cant|p2a: Rotom-Schneid|flinch\n|\n|-heal|p2a: Rotom-Schneid|91\/100|[from] item: Leftovers\n|-status|p1a: Botez Gambit|brn|[from] item: Flame Orb\n|upkeep\n|turn|2\n|c|\u26060oof|Hopefully I don\u2019t have to calc this game\n|c|\u26060oof|cuz mobile lol\n|\n|t:|1665950654\n|move|p2a: Rotom-Schneid|Volt Switch|p1a: Botez Gambit\n|-damage|p1a: Botez Gambit|70\/100 brn\n|l| Hoiden Mooris\n|\n|t:|1665950682\n|switch|p2a: Togekiss|Togekiss, F|100\/100|[from]move: Volt Switch\n|move|p1a: Botez Gambit|Facade|p2a: Togekiss\n|-damage|p2a: Togekiss|41\/100\n|\n|-heal|p2a: Togekiss|47\/100|[from] item: Leftovers\n|-damage|p1a: Botez Gambit|64\/100 brn|[from] brn\n|upkeep\n|turn|3\n|\n|t:|1665950688\n|switch|p1a: Sicilian|Rotom-Wash|100\/100\n|move|p2a: Togekiss|Roost|p2a: Togekiss\n|-heal|p2a: Togekiss|97\/100\n|-singleturn|p2a: Togekiss|move: Roost\n|\n|-heal|p2a: Togekiss|100\/100|[from] item: Leftovers\n|upkeep\n|turn|4\n|\n|t:|1665950696\n|switch|p2a: Rotom-Schneid|Rotom-Mow|91\/100\n|move|p1a: Sicilian|Volt Switch|p2a: Rotom-Schneid\n|-resisted|p2a: Rotom-Schneid\n|-damage|p2a: Rotom-Schneid|85\/100\n|\n|t:|1665950712\n|switch|p1a: 4 Knight\u2019s Game|Incineroar, F|100\/100|[from]move: Volt Switch\n|-ability|p1a: 4 Knight\u2019s Game|Intimidate|boost\n|-unboost|p2a: Rotom-Schneid|atk|1\n|\n|-heal|p2a: Rotom-Schneid|91\/100|[from] item: Leftovers\n|upkeep\n|turn|5\n|\n|t:|1665950725\n|switch|p2a: Togekiss|Togekiss, F|100\/100\n|move|p1a: 4 Knight\u2019s Game|Knock Off|p2a: Togekiss\n|-resisted|p2a: Togekiss\n|-damage|p2a: Togekiss|85\/100\n|-enditem|p2a: Togekiss|Leftovers|[from] move: Knock Off|[of] p1a: 4 Knight\u2019s Game\n|\n|upkeep\n|turn|6\n|\n|t:|1665950734\n|move|p2a: Togekiss|Baton Pass|p2a: Togekiss\n|\n|t:|1665950743\n|switch|p2a: Vesprit|Mesprit|100\/100|[from]move: Baton Pass\n|move|p1a: 4 Knight\u2019s Game|U-turn|p2a: Vesprit\n|-supereffective|p2a: Vesprit\n|-damage|p2a: Vesprit|66\/100\n|\n|t:|1665950759\n|switch|p1a: Old Benoni|Klefki, F|100\/100|[from]move: U-turn\n|\n|upkeep\n|turn|7\n|\n|t:|1665950767\n|move|p1a: Old Benoni|Calm Mind|p1a: Old Benoni\n|-boost|p1a: Old Benoni|spa|1\n|-boost|p1a: Old Benoni|spd|1\n|move|p2a: Vesprit|Stealth Rock|p1a: Old Benoni\n|-sidestart|p1: 0oof|move: Stealth Rock\n|\n|upkeep\n|turn|8\n|\n|t:|1665950778\n|move|p1a: Old Benoni|Iron Defense|p1a: Old Benoni\n|-boost|p1a: Old Benoni|def|2\n|move|p2a: Vesprit|U-turn|p1a: Old Benoni\n|-resisted|p1a: Old Benoni\n|-damage|p1a: Old Benoni|99\/100\n|\n|t:|1665950790\n|switch|p2a: Omot|Venomoth, F|100\/100|[from]move: U-turn\n|\n|upkeep\n|turn|9\n|\n|t:|1665950793\n|move|p2a: Omot|Sleep Powder|p1a: Old Benoni|[miss]\n|-miss|p2a: Omot|p1a: Old Benoni\n|move|p1a: Old Benoni|Stored Power|p2a: Omot\n|-supereffective|p2a: Omot\n|-damage|p2a: Omot|9\/100\n|\n|upkeep\n|turn|10\n|\n|t:|1665950800\n|move|p2a: Omot|Sleep Powder|p1a: Old Benoni\n|-status|p1a: Old Benoni|slp|[from] move: Sleep Powder\n|cant|p1a: Old Benoni|slp\n|\n|upkeep\n|turn|11\n|\n|t:|1665950816\n|move|p2a: Omot|Quiver Dance|p2a: Omot\n|-boost|p2a: Omot|spa|1\n|-boost|p2a: Omot|spd|1\n|-boost|p2a: Omot|spe|1\n|cant|p1a: Old Benoni|slp\n|\n|upkeep\n|turn|12\n|\n|t:|1665950818\n|move|p2a: Omot|Bug Buzz|p1a: Old Benoni\n|-resisted|p1a: Old Benoni\n|-damage|p1a: Old Benoni|76\/100 slp\n|-unboost|p1a: Old Benoni|spd|1\n|cant|p1a: Old Benoni|slp\n|\n|upkeep\n|turn|13\n|\n|t:|1665950823\n|move|p2a: Omot|Bug Buzz|p1a: Old Benoni\n|-resisted|p1a: Old Benoni\n|-damage|p1a: Old Benoni|43\/100 slp\n|-curestatus|p1a: Old Benoni|slp|[msg]\n|move|p1a: Old Benoni|Stored Power|p2a: Omot\n|-supereffective|p2a: Omot\n|-damage|p2a: Omot|0 fnt\n|faint|p2a: Omot\n|\n|upkeep\n|\n|t:|1665950833\n|switch|p2a: Rotom-Schneid|Rotom-Mow|91\/100\n|turn|14\n|\n|t:|1665950840\n|move|p2a: Rotom-Schneid|Nasty Plot|p2a: Rotom-Schneid\n|-boost|p2a: Rotom-Schneid|spa|2\n|move|p1a: Old Benoni|Draining Kiss|p2a: Rotom-Schneid\n|-damage|p2a: Rotom-Schneid|67\/100\n|-heal|p1a: Old Benoni|60\/100|[from] drain|[of] p2a: Rotom-Schneid\n|\n|-heal|p2a: Rotom-Schneid|73\/100|[from] item: Leftovers\n|upkeep\n|turn|15\n|\n|t:|1665950851\n|move|p2a: Rotom-Schneid|Nasty Plot|p2a: Rotom-Schneid\n|-boost|p2a: Rotom-Schneid|spa|2\n|move|p1a: Old Benoni|Stored Power|p2a: Rotom-Schneid\n|-damage|p2a: Rotom-Schneid|46\/100\n|\n|-heal|p2a: Rotom-Schneid|52\/100|[from] item: Leftovers\n|upkeep\n|turn|16\n|\n|t:|1665950859\n|move|p2a: Rotom-Schneid|Volt Switch|p1a: Old Benoni\n|-damage|p1a: Old Benoni|0 fnt\n|faint|p1a: Old Benoni\n|j| Hoiden Mooris\n|\n|t:|1665950869\n|switch|p2a: Vesprit|Mesprit|66\/100|[from]move: Volt Switch\n|\n|upkeep\n|\n|t:|1665950896\n|switch|p1a: Sicilian|Rotom-Wash|100\/100\n|-damage|p1a: Sicilian|88\/100|[from] Stealth Rock\n|turn|17\n|\n|t:|1665950907\n|move|p2a: Vesprit|U-turn|p1a: Sicilian\n|-damage|p1a: Sicilian|76\/100\n|\n|t:|1665950909\n|switch|p2a: Rotom-Schneid|Rotom-Mow|52\/100|[from]move: U-turn\n|move|p1a: Sicilian|Defog|p2a: Rotom-Schneid\n|-unboost|p2a: Rotom-Schneid|evasion|1\n|-sideend|p1: 0oof|Stealth Rock|[from] move: Defog|[of] p1a: Sicilian\n|\n|-heal|p2a: Rotom-Schneid|58\/100|[from] item: Leftovers\n|-heal|p1a: Sicilian|82\/100|[from] item: Leftovers\n|upkeep\n|turn|18\n|\n|t:|1665950924\n|switch|p1a: 4 Knight\u2019s Game|Incineroar, F|100\/100\n|-ability|p1a: 4 Knight\u2019s Game|Intimidate|boost\n|-unboost|p2a: Rotom-Schneid|atk|1\n|move|p2a: Rotom-Schneid|Leaf Storm|p1a: 4 Knight\u2019s Game\n|-resisted|p1a: 4 Knight\u2019s Game\n|-damage|p1a: 4 Knight\u2019s Game|85\/100\n|-unboost|p2a: Rotom-Schneid|spa|2\n|\n|-heal|p2a: Rotom-Schneid|64\/100|[from] item: Leftovers\n|upkeep\n|turn|19\n|\n|t:|1665950931\n|move|p2a: Rotom-Schneid|Volt Switch|p1a: 4 Knight\u2019s Game\n|-damage|p1a: 4 Knight\u2019s Game|78\/100\n|\n|t:|1665950933\n|switch|p2a: Togekiss|Togekiss, F|85\/100|[from]move: Volt Switch\n|move|p1a: 4 Knight\u2019s Game|U-turn|p2a: Togekiss\n|-resisted|p2a: Togekiss\n|-damage|p2a: Togekiss|82\/100\n|j| memomiguel\n|\n|t:|1665950945\n|switch|p1a: Sicilian|Rotom-Wash|82\/100|[from]move: U-turn\n|\n|-heal|p1a: Sicilian|88\/100|[from] item: Leftovers\n|upkeep\n|turn|20\n|\n|t:|1665950947\n|switch|p2a: Rotom-Schneid|Rotom-Mow|64\/100\n|move|p1a: Sicilian|Volt Switch|p2a: Rotom-Schneid\n|-resisted|p2a: Rotom-Schneid\n|-damage|p2a: Rotom-Schneid|58\/100\n|\n|t:|1665950952\n|switch|p1a: Botez Gambit|Hariyama, M|64\/100 brn|[from]move: Volt Switch\n|\n|-heal|p2a: Rotom-Schneid|64\/100|[from] item: Leftovers\n|-damage|p1a: Botez Gambit|58\/100 brn|[from] brn\n|upkeep\n|turn|21\n|\n|t:|1665951027\n|move|p2a: Rotom-Schneid|Volt Switch|p1a: Botez Gambit\n|-damage|p1a: Botez Gambit|25\/100 brn\n|\n|t:|1665951032\n|switch|p2a: Togekiss|Togekiss, F|82\/100|[from]move: Volt Switch\n|move|p1a: Botez Gambit|Facade|p2a: Togekiss\n|-damage|p2a: Togekiss|25\/100\n|\n|-damage|p1a: Botez Gambit|19\/100 brn|[from] brn\n|upkeep\n|turn|22\n|\n|t:|1665951039\n|switch|p2a: Rotom-Schneid|Rotom-Mow|64\/100\n|move|p1a: Botez Gambit|Heavy Slam|p2a: Rotom-Schneid\n|-resisted|p2a: Rotom-Schneid\n|-damage|p2a: Rotom-Schneid|30\/100\n|\n|-heal|p2a: Rotom-Schneid|36\/100|[from] item: Leftovers\n|-damage|p1a: Botez Gambit|13\/100 brn|[from] brn\n|upkeep\n|turn|23\n|\n|t:|1665951050\n|switch|p1a: 4 Knight\u2019s Game|Incineroar, F|78\/100\n|-ability|p1a: 4 Knight\u2019s Game|Intimidate|boost\n|-unboost|p2a: Rotom-Schneid|atk|1\n|move|p2a: Rotom-Schneid|Volt Switch|p1a: 4 Knight\u2019s Game\n|-damage|p1a: 4 Knight\u2019s Game|63\/100\n|\n|t:|1665951053\n|switch|p2a: Togekiss|Togekiss, F|25\/100|[from]move: Volt Switch\n|\n|upkeep\n|turn|24\n|\n|t:|1665951059\n|move|p2a: Togekiss|Roost|p2a: Togekiss\n|-heal|p2a: Togekiss|75\/100\n|-singleturn|p2a: Togekiss|move: Roost\n|move|p1a: 4 Knight\u2019s Game|U-turn|p2a: Togekiss\n|-resisted|p2a: Togekiss\n|-damage|p2a: Togekiss|68\/100\n|\n|t:|1665951062\n|switch|p1a: Bongcloud|Alakazam, M|100\/100|[from]move: U-turn\n|\n|upkeep\n|turn|25\n|\n|t:|1665951068\n|switch|p2a: Vesprit|Mesprit|66\/100\n|detailschange|p1a: Bongcloud|Alakazam-Mega, M\n|-mega|p1a: Bongcloud|Alakazam|Alakazite\n|-ability|p1a: Bongcloud|Levitate|[from] ability: Trace|[of] p2a: Vesprit\n|move|p1a: Bongcloud|Psychic|p2a: Vesprit\n|-resisted|p2a: Vesprit\n|-damage|p2a: Vesprit|48\/100\n|\n|upkeep\n|turn|26\n|\n|t:|1665951082\n|switch|p1a: Sicilian|Rotom-Wash|88\/100\n|move|p2a: Vesprit|U-turn|p1a: Sicilian\n|-damage|p1a: Sicilian|77\/100\n|\n|t:|1665951087\n|switch|p2a: Rotom-Schneid|Rotom-Mow|36\/100|[from]move: U-turn\n|\n|-heal|p2a: Rotom-Schneid|42\/100|[from] item: Leftovers\n|-heal|p1a: Sicilian|84\/100|[from] item: Leftovers\n|upkeep\n|turn|27\n|\n|t:|1665951094\n|switch|p1a: Botez Gambit|Hariyama, M|13\/100 brn\n|move|p2a: Rotom-Schneid|Leaf Storm|p1a: Botez Gambit\n|-damage|p1a: Botez Gambit|0 fnt\n|-unboost|p2a: Rotom-Schneid|spa|2\n|faint|p1a: Botez Gambit\n|\n|-heal|p2a: Rotom-Schneid|48\/100|[from] item: Leftovers\n|upkeep\n|\n|t:|1665951099\n|switch|p1a: Bongcloud|Alakazam-Mega, M|100\/100\n|-ability|p1a: Bongcloud|Levitate|[from] ability: Trace|[of] p2a: Rotom-Schneid\n|turn|28\n|\n|t:|1665951104\n|switch|p2a: Snibunna|Weavile, F|100\/100\n|-ability|p2a: Snibunna|Pressure\n|move|p1a: Bongcloud|Dazzling Gleam|p2a: Snibunna\n|-supereffective|p2a: Snibunna\n|-damage|p2a: Snibunna|17\/100\n|\n|upkeep\n|turn|29\n|\n|t:|1665951115\n|move|p2a: Snibunna|Knock Off|p1a: Bongcloud\n|-supereffective|p1a: Bongcloud\n|-damage|p1a: Bongcloud|7\/100\n|move|p1a: Bongcloud|Dazzling Gleam|p2a: Snibunna\n|-supereffective|p2a: Snibunna\n|-damage|p2a: Snibunna|0 fnt\n|faint|p2a: Snibunna\n|\n|upkeep\n|c| Xernyl|coc\n|\n|t:|1665951160\n|switch|p2a: Schlapor|Lopunny, F|100\/100\n|turn|30\n|\n|t:|1665951173\n|move|p1a: Bongcloud|Protect|p1a: Bongcloud\n|-singleturn|p1a: Bongcloud|Protect\n|move|p2a: Schlapor|U-turn|p1a: Bongcloud\n|-activate|p1a: Bongcloud|move: Protect\n|\n|upkeep\n|turn|31\n|\n|t:|1665951181\n|detailschange|p2a: Schlapor|Lopunny-Mega, F\n|-mega|p2a: Schlapor|Lopunny|Lopunnite\n|move|p2a: Schlapor|Quick Attack|p1a: Bongcloud\n|-damage|p1a: Bongcloud|0 fnt\n|faint|p1a: Bongcloud\n|\n|upkeep\n|c| Xernyl|:0\n|c|\u26060oof|sadge\n|\n|t:|1665951195\n|switch|p1a: Caro Kann|Rillaboom, M|100\/100\n|-fieldstart|move: Grassy Terrain|[from] ability: Grassy Surge|[of] p1a: Caro Kann\n|turn|32\n|\n|t:|1665951203\n|move|p2a: Schlapor|U-turn|p1a: Caro Kann\n|-supereffective|p1a: Caro Kann\n|-damage|p1a: Caro Kann|67\/100\n|\n|t:|1665951206\n|switch|p2a: Togekiss|Togekiss, F|68\/100|[from]move: U-turn\n|move|p1a: Caro Kann|Drum Beating|p2a: Togekiss\n|-resisted|p2a: Togekiss\n|-damage|p2a: Togekiss|52\/100\n|-unboost|p2a: Togekiss|spe|1\n|\n|-heal|p1a: Caro Kann|73\/100|[from] Grassy Terrain\n|-heal|p1a: Caro Kann|79\/100|[from] item: Leftovers\n|upkeep\n|turn|33\n|\n|t:|1665951214\n|move|p1a: Caro Kann|U-turn|p2a: Togekiss\n|-resisted|p2a: Togekiss\n|-damage|p2a: Togekiss|48\/100\n|\n|t:|1665951220\n|switch|p1a: Sicilian|Rotom-Wash|84\/100|[from]move: U-turn\n|move|p2a: Togekiss|Roost|p2a: Togekiss\n|-heal|p2a: Togekiss|98\/100\n|-singleturn|p2a: Togekiss|move: Roost\n|\n|-heal|p1a: Sicilian|90\/100|[from] item: Leftovers\n|-heal|p2a: Togekiss|100\/100|[from] Grassy Terrain\n|upkeep\n|turn|34\n|l| Hoiden Mooris\n|\n|t:|1665951226\n|switch|p2a: Rotom-Schneid|Rotom-Mow|48\/100\n|move|p1a: Sicilian|Will-O-Wisp|p2a: Rotom-Schneid\n|-status|p2a: Rotom-Schneid|brn\n|\n|-heal|p2a: Rotom-Schneid|54\/100 brn|[from] item: Leftovers\n|-heal|p1a: Sicilian|96\/100|[from] item: Leftovers\n|-damage|p2a: Rotom-Schneid|48\/100 brn|[from] brn\n|upkeep\n|turn|35\n|j| Hoiden Mooris\n|\n|t:|1665951231\n|switch|p1a: 4 Knight\u2019s Game|Incineroar, F|63\/100\n|-ability|p1a: 4 Knight\u2019s Game|Intimidate|boost\n|-unboost|p2a: Rotom-Schneid|atk|1\n|move|p2a: Rotom-Schneid|Leaf Storm|p1a: 4 Knight\u2019s Game|[miss]\n|-miss|p2a: Rotom-Schneid|p1a: 4 Knight\u2019s Game\n|\n|-heal|p2a: Rotom-Schneid|54\/100 brn|[from] item: Leftovers\n|-heal|p1a: 4 Knight\u2019s Game|69\/100|[from] Grassy Terrain\n|-damage|p2a: Rotom-Schneid|48\/100 brn|[from] brn\n|upkeep\n|turn|36\n|\n|t:|1665951240\n|move|p2a: Rotom-Schneid|Volt Switch|p1a: 4 Knight\u2019s Game\n|-damage|p1a: 4 Knight\u2019s Game|52\/100\n|\n|t:|1665951244\n|switch|p2a: Togekiss|Togekiss, F|100\/100|[from]move: Volt Switch\n|move|p1a: 4 Knight\u2019s Game|U-turn|p2a: Togekiss\n|-resisted|p2a: Togekiss\n|-damage|p2a: Togekiss|97\/100\n|\n|t:|1665951248\n|switch|p1a: Sicilian|Rotom-Wash|96\/100|[from]move: U-turn\n|\n|-heal|p1a: Sicilian|100\/100|[from] item: Leftovers\n|-fieldend|move: Grassy Terrain\n|upkeep\n|turn|37\n|\n|t:|1665951250\n|switch|p2a: Rotom-Schneid|Rotom-Mow|48\/100 brn\n|move|p1a: Sicilian|Volt Switch|p2a: Rotom-Schneid\n|-resisted|p2a: Rotom-Schneid\n|-damage|p2a: Rotom-Schneid|42\/100 brn\n|\n|t:|1665951267\n|switch|p1a: Caro Kann|Rillaboom, M|79\/100|[from]move: Volt Switch\n|-fieldstart|move: Grassy Terrain|[from] ability: Grassy Surge|[of] p1a: Caro Kann\n|\n|-heal|p2a: Rotom-Schneid|48\/100 brn|[from] item: Leftovers\n|-heal|p1a: Caro Kann|85\/100|[from] Grassy Terrain\n|-heal|p1a: Caro Kann|92\/100|[from] item: Leftovers\n|-damage|p2a: Rotom-Schneid|42\/100 brn|[from] brn\n|upkeep\n|turn|38\n|\n|t:|1665951270\n|switch|p2a: Togekiss|Togekiss, F|97\/100\n|move|p1a: Caro Kann|U-turn|p2a: Togekiss\n|-resisted|p2a: Togekiss\n|-damage|p2a: Togekiss|94\/100\n|\n|t:|1665951273\n|switch|p1a: Sicilian|Rotom-Wash|100\/100|[from]move: U-turn\n|\n|upkeep\n|turn|39\n|\n|t:|1665951287\n|move|p2a: Togekiss|Roost|p2a: Togekiss\n|-heal|p2a: Togekiss|100\/100\n|-singleturn|p2a: Togekiss|move: Roost\n|move|p1a: Sicilian|Volt Switch|p2a: Togekiss\n|-damage|p2a: Togekiss|81\/100\n|\n|t:|1665951290\n|switch|p1a: 4 Knight\u2019s Game|Incineroar, F|52\/100|[from]move: Volt Switch\n|-ability|p1a: 4 Knight\u2019s Game|Intimidate|boost\n|-unboost|p2a: Togekiss|atk|1\n|\n|-heal|p2a: Togekiss|87\/100|[from] Grassy Terrain\n|-heal|p1a: 4 Knight\u2019s Game|58\/100|[from] Grassy Terrain\n|upkeep\n|turn|40\n|\n|t:|1665951300\n|switch|p1a: Sicilian|Rotom-Wash|100\/100\n|move|p2a: Togekiss|Air Slash|p1a: Sicilian\n|-resisted|p1a: Sicilian\n|-damage|p1a: Sicilian|83\/100\n|\n|-heal|p1a: Sicilian|90\/100|[from] item: Leftovers\n|upkeep\n|turn|41\n|\n|t:|1665951305\n|switch|p2a: Rotom-Schneid|Rotom-Mow|42\/100 brn\n|move|p1a: Sicilian|Hydro Pump|p2a: Rotom-Schneid|[miss]\n|-miss|p1a: Sicilian|p2a: Rotom-Schneid\n|\n|-heal|p2a: Rotom-Schneid|48\/100 brn|[from] item: Leftovers\n|-heal|p1a: Sicilian|96\/100|[from] item: Leftovers\n|-damage|p2a: Rotom-Schneid|42\/100 brn|[from] brn\n|-fieldend|move: Grassy Terrain\n|upkeep\n|turn|42\n|\n|t:|1665951328\n|switch|p1a: 4 Knight\u2019s Game|Incineroar, F|58\/100\n|-ability|p1a: 4 Knight\u2019s Game|Intimidate|boost\n|-unboost|p2a: Rotom-Schneid|atk|1\n|move|p2a: Rotom-Schneid|Leaf Storm|p1a: 4 Knight\u2019s Game\n|-resisted|p1a: 4 Knight\u2019s Game\n|-damage|p1a: 4 Knight\u2019s Game|45\/100\n|-unboost|p2a: Rotom-Schneid|spa|2\n|\n|-heal|p2a: Rotom-Schneid|48\/100 brn|[from] item: Leftovers\n|-damage|p2a: Rotom-Schneid|42\/100 brn|[from] brn\n|upkeep\n|turn|43\n|\n|t:|1665951336\n|move|p2a: Rotom-Schneid|Volt Switch|p1a: 4 Knight\u2019s Game\n|-damage|p1a: 4 Knight\u2019s Game|37\/100\n|\n|t:|1665951338\n|switch|p2a: Togekiss|Togekiss, F|87\/100|[from]move: Volt Switch\n|move|p1a: 4 Knight\u2019s Game|U-turn|p2a: Togekiss\n|-resisted|p2a: Togekiss\n|-damage|p2a: Togekiss|84\/100\n|\n|t:|1665951341\n|switch|p1a: Sicilian|Rotom-Wash|96\/100|[from]move: U-turn\n|\n|-heal|p1a: Sicilian|100\/100|[from] item: Leftovers\n|upkeep\n|turn|44\n|\n|t:|1665951344\n|move|p2a: Togekiss|Roost|p2a: Togekiss\n|-heal|p2a: Togekiss|100\/100\n|-singleturn|p2a: Togekiss|move: Roost\n|move|p1a: Sicilian|Hydro Pump|p2a: Togekiss\n|-crit|p2a: Togekiss\n|-damage|p2a: Togekiss|53\/100\n|\n|upkeep\n|turn|45\n|\n|t:|1665951346\n|move|p2a: Togekiss|Roost|p2a: Togekiss\n|-heal|p2a: Togekiss|100\/100\n|-singleturn|p2a: Togekiss|move: Roost\n|move|p1a: Sicilian|Will-O-Wisp|p2a: Togekiss\n|-status|p2a: Togekiss|brn\n|\n|-damage|p2a: Togekiss|94\/100 brn|[from] brn\n|upkeep\n|turn|46\n|\n|t:|1665951353\n|switch|p2a: Rotom-Schneid|Rotom-Mow|42\/100 brn\n|move|p1a: Sicilian|Hydro Pump|p2a: Rotom-Schneid\n|-resisted|p2a: Rotom-Schneid\n|-damage|p2a: Rotom-Schneid|23\/100 brn\n|\n|-heal|p2a: Rotom-Schneid|29\/100 brn|[from] item: Leftovers\n|-damage|p2a: Rotom-Schneid|23\/100 brn|[from] brn\n|upkeep\n|turn|47\n|\n|t:|1665951374\n|switch|p1a: 4 Knight\u2019s Game|Incineroar, F|37\/100\n|-ability|p1a: 4 Knight\u2019s Game|Intimidate|boost\n|-unboost|p2a: Rotom-Schneid|atk|1\n|move|p2a: Rotom-Schneid|Leaf Storm|p1a: 4 Knight\u2019s Game\n|-resisted|p1a: 4 Knight\u2019s Game\n|-damage|p1a: 4 Knight\u2019s Game|24\/100\n|-unboost|p2a: Rotom-Schneid|spa|2\n|\n|-heal|p2a: Rotom-Schneid|29\/100 brn|[from] item: Leftovers\n|-damage|p2a: Rotom-Schneid|23\/100 brn|[from] brn\n|upkeep\n|turn|48\n|\n|t:|1665951380\n|move|p2a: Rotom-Schneid|Volt Switch|p1a: 4 Knight\u2019s Game\n|-damage|p1a: 4 Knight\u2019s Game|16\/100\n|\n|t:|1665951385\n|switch|p2a: Togekiss|Togekiss, F|94\/100 brn|[from]move: Volt Switch\n|move|p1a: 4 Knight\u2019s Game|U-turn|p2a: Togekiss\n|-resisted|p2a: Togekiss\n|-damage|p2a: Togekiss|91\/100 brn\n|\n|t:|1665951388\n|switch|p1a: Sicilian|Rotom-Wash|100\/100|[from]move: U-turn\n|\n|-damage|p2a: Togekiss|85\/100 brn|[from] brn\n|upkeep\n|turn|49\n|\n|t:|1665951393\n|move|p2a: Togekiss|Roost|p2a: Togekiss\n|-heal|p2a: Togekiss|100\/100 brn\n|-singleturn|p2a: Togekiss|move: Roost\n|move|p1a: Sicilian|Hydro Pump|p2a: Togekiss\n|-damage|p2a: Togekiss|68\/100 brn\n|\n|-damage|p2a: Togekiss|62\/100 brn|[from] brn\n|upkeep\n|turn|50\n|\n|t:|1665951396\n|move|p2a: Togekiss|Roost|p2a: Togekiss\n|-heal|p2a: Togekiss|100\/100 brn\n|-singleturn|p2a: Togekiss|move: Roost\n|move|p1a: Sicilian|Volt Switch|p2a: Togekiss\n|-damage|p2a: Togekiss|81\/100 brn\n|\n|t:|1665951405\n|switch|p1a: Caro Kann|Rillaboom, M|92\/100|[from]move: Volt Switch\n|-fieldstart|move: Grassy Terrain|[from] ability: Grassy Surge|[of] p1a: Caro Kann\n|\n|-heal|p2a: Togekiss|87\/100 brn|[from] Grassy Terrain\n|-heal|p1a: Caro Kann|98\/100|[from] Grassy Terrain\n|-heal|p1a: Caro Kann|100\/100|[from] item: Leftovers\n|-damage|p2a: Togekiss|81\/100 brn|[from] brn\n|upkeep\n|turn|51\n|\n|t:|1665951413\n|move|p2a: Togekiss|Air Slash|p1a: Caro Kann\n|-supereffective|p1a: Caro Kann\n|-damage|p1a: Caro Kann|33\/100\n|move|p1a: Caro Kann|U-turn|p2a: Togekiss\n|-resisted|p2a: Togekiss\n|-damage|p2a: Togekiss|78\/100 brn\n|\n|t:|1665951422\n|switch|p1a: 4 Knight\u2019s Game|Incineroar, F|16\/100|[from]move: U-turn\n|-ability|p1a: 4 Knight\u2019s Game|Intimidate|boost\n|-unboost|p2a: Togekiss|atk|1\n|\n|-heal|p1a: 4 Knight\u2019s Game|22\/100|[from] Grassy Terrain\n|-damage|p2a: Togekiss|72\/100 brn|[from] brn\n|upkeep\n|turn|52\n|\n|t:|1665951425\n|switch|p1a: Sicilian|Rotom-Wash|100\/100\n|move|p2a: Togekiss|Air Slash|p1a: Sicilian\n|-resisted|p1a: Sicilian\n|-damage|p1a: Sicilian|85\/100\n|\n|-heal|p1a: Sicilian|92\/100|[from] item: Leftovers\n|-damage|p2a: Togekiss|66\/100 brn|[from] brn\n|upkeep\n|turn|53\n|\n|t:|1665951428\n|move|p2a: Togekiss|Roost|p2a: Togekiss\n|-heal|p2a: Togekiss|100\/100 brn\n|-singleturn|p2a: Togekiss|move: Roost\n|move|p1a: Sicilian|Volt Switch|p2a: Togekiss\n|-damage|p2a: Togekiss|80\/100 brn\n|\n|t:|1665951430\n|switch|p1a: Caro Kann|Rillaboom, M|33\/100|[from]move: Volt Switch\n|\n|-heal|p2a: Togekiss|87\/100 brn|[from] Grassy Terrain\n|-heal|p1a: Caro Kann|39\/100|[from] Grassy Terrain\n|-heal|p1a: Caro Kann|46\/100|[from] item: Leftovers\n|-damage|p2a: Togekiss|80\/100 brn|[from] brn\n|upkeep\n|turn|54\n|\n|t:|1665951434\n|switch|p1a: Sicilian|Rotom-Wash|92\/100\n|move|p2a: Togekiss|Baton Pass|p2a: Togekiss\n|\n|t:|1665951436\n|switch|p2a: Vesprit|Mesprit|48\/100|[from]move: Baton Pass\n|\n|-heal|p1a: Sicilian|98\/100|[from] item: Leftovers\n|-fieldend|move: Grassy Terrain\n|upkeep\n|turn|55\n|\n|t:|1665951443\n|move|p2a: Vesprit|Stealth Rock|p1a: Sicilian\n|-sidestart|p1: 0oof|move: Stealth Rock\n|move|p1a: Sicilian|Will-O-Wisp|p2a: Vesprit\n|-status|p2a: Vesprit|brn\n|\n|-heal|p1a: Sicilian|100\/100|[from] item: Leftovers\n|-damage|p2a: Vesprit|42\/100 brn|[from] brn\n|upkeep\n|turn|56\n|\n|t:|1665951446\n|move|p2a: Vesprit|Healing Wish|p2a: Vesprit\n|faint|p2a: Vesprit\n|move|p1a: Sicilian|Defog|p2: Vesprit|[notarget]\n|-fail|p1a: Sicilian\n|\n|upkeep\n|\n|t:|1665951448\n|switch|p2a: Rotom-Schneid|Rotom-Mow|23\/100 brn\n|-heal|p2a: Rotom-Schneid|100\/100|[from] move: Healing Wish\n|turn|57\n|\n|t:|1665951460\n|move|p2a: Rotom-Schneid|Nasty Plot|p2a: Rotom-Schneid\n|-boost|p2a: Rotom-Schneid|spa|2\n|move|p1a: Sicilian|Defog|p2a: Rotom-Schneid\n|-unboost|p2a: Rotom-Schneid|evasion|1\n|-sideend|p1: 0oof|Stealth Rock|[from] move: Defog|[of] p1a: Sicilian\n|\n|upkeep\n|turn|58\n|\n|t:|1665951485\n|switch|p1a: Caro Kann|Rillaboom, M|46\/100\n|-fieldstart|move: Grassy Terrain|[from] ability: Grassy Surge|[of] p1a: Caro Kann\n|move|p2a: Rotom-Schneid|Volt Switch|p1a: Caro Kann\n|-resisted|p1a: Caro Kann\n|-damage|p1a: Caro Kann|6\/100\n|\n|t:|1665951491\n|switch|p2a: Schlapor|Lopunny-Mega, F|100\/100|[from]move: Volt Switch\n|\n|-heal|p1a: Caro Kann|12\/100|[from] Grassy Terrain\n|-heal|p1a: Caro Kann|18\/100|[from] item: Leftovers\n|upkeep\n|turn|59\n|\n|t:|1665951505\n|switch|p1a: Sicilian|Rotom-Wash|100\/100\n|move|p2a: Schlapor|Close Combat|p1a: Sicilian\n|-damage|p1a: Sicilian|43\/100\n|-unboost|p2a: Schlapor|def|1\n|-unboost|p2a: Schlapor|spd|1\n|\n|-heal|p1a: Sicilian|49\/100|[from] item: Leftovers\n|upkeep\n|turn|60\n|\n|t:|1665951519\n|move|p2a: Schlapor|Close Combat|p1a: Sicilian\n|-damage|p1a: Sicilian|0 fnt\n|-unboost|p2a: Schlapor|def|1\n|-unboost|p2a: Schlapor|spd|1\n|faint|p1a: Sicilian\n|\n|upkeep\n|c|\u26060oof|gg\n|\n|t:|1665951530\n|switch|p1a: Caro Kann|Rillaboom, M|18\/100\n|turn|61\n|\n|t:|1665951540\n|switch|p2a: Togekiss|Togekiss, F|80\/100 brn\n|move|p1a: Caro Kann|Leech Seed|p2a: Togekiss\n|-start|p2a: Togekiss|move: Leech Seed\n|\n|-heal|p1a: Caro Kann|25\/100|[from] Grassy Terrain\n|-heal|p1a: Caro Kann|31\/100|[from] item: Leftovers\n|-damage|p2a: Togekiss|68\/100 brn|[from] Leech Seed|[of] p1a: Caro Kann\n|-heal|p1a: Caro Kann|42\/100|[silent]\n|-damage|p2a: Togekiss|62\/100 brn|[from] brn\n|upkeep\n|turn|62\n|c|\u2606Rediyu|gg\n|\n|t:|1665951553\n|move|p2a: Togekiss|Air Slash|p1a: Caro Kann\n|-supereffective|p1a: Caro Kann\n|-damage|p1a: Caro Kann|0 fnt\n|faint|p1a: Caro Kann\n|\n|-damage|p2a: Togekiss|56\/100 brn|[from] brn\n|-fieldend|move: Grassy Terrain\n|upkeep\n|\n|t:|1665951554\n|switch|p1a: 4 Knight\u2019s Game|Incineroar, F|22\/100\n|-ability|p1a: 4 Knight\u2019s Game|Intimidate|boost\n|-unboost|p2a: Togekiss|atk|1\n|turn|63\n|\n|t:|1665951558\n|move|p2a: Togekiss|Air Slash|p1a: 4 Knight\u2019s Game\n|-damage|p1a: 4 Knight\u2019s Game|8\/100\n|cant|p1a: 4 Knight\u2019s Game|flinch\n|\n|-damage|p2a: Togekiss|43\/100 brn|[from] Leech Seed|[of] p1a: 4 Knight\u2019s Game\n|-heal|p1a: 4 Knight\u2019s Game|20\/100|[silent]\n|-damage|p2a: Togekiss|37\/100 brn|[from] brn\n|upkeep\n|turn|64\n|\n|t:|1665951563\n|switch|p2a: Schlapor|Lopunny-Mega, F|100\/100\n|move|p1a: 4 Knight\u2019s Game|Flare Blitz|p2a: Schlapor\n|-damage|p2a: Schlapor|41\/100\n|-damage|p1a: 4 Knight\u2019s Game|5\/100|[from] Recoil\n|\n|upkeep\n|turn|65\n|\n|t:|1665951566\n|move|p2a: Schlapor|Close Combat|p1a: 4 Knight\u2019s Game\n|-supereffective|p1a: 4 Knight\u2019s Game\n|-damage|p1a: 4 Knight\u2019s Game|0 fnt\n|-unboost|p2a: Schlapor|def|1\n|-unboost|p2a: Schlapor|spd|1\n|faint|p1a: 4 Knight\u2019s Game\n|\n|win|Rediyu\n|c| Xernyl|giving to lop lol\n|c| Xernyl|crazy match\n|c| Xernyl|camel and redi\n|l|\u26060oof\n|c| Xernyl|feel free to send sets to me\n|l| Hoiden Mooris\n|c| Xernyl|bruh\n|c|\u2606Rediyu|kk\n|l| Xernyl\n","uploadtime":1665951570,"views":26,"p1id":"0oof","p2id":"rediyu","formatid":"gen8nationaldexag","rating":0,"private":0,"password":null}