{"id":"gen8ou-1502491963","p1":"Igotthegat","p2":"Maclura","format":"gen8ou","log":"|j|\u2606Igotthegat\n|j|\u2606Maclura\n|t:|1643736847\n|gametype|singles\n|player|p1|Igotthegat|hilda|1388\n|player|p2|Maclura|cowgirl|1355\n|teamsize|p1|6\n|teamsize|p2|6\n|gen|8\n|tier|[Gen 8] OU\n|rated|\n|rule|Sleep Clause Mod: Limit one foe put to sleep\n|rule|Species Clause: Limit one of each Pok\u00e9mon\n|rule|OHKO Clause: OHKO moves are banned\n|rule|Evasion Moves Clause: Evasion moves are banned\n|rule|Endless Battle Clause: Forcing endless battles is banned\n|rule|HP Percentage Mod: HP is shown in percentages\n|rule|Dynamax Clause: You cannot dynamax\n|clearpoke\n|poke|p1|Landorus-Therian, M|\n|poke|p1|Slowking, M|\n|poke|p1|Volcarona, M|\n|poke|p1|Bisharp, F|\n|poke|p1|Kartana|\n|poke|p1|Rotom-Wash|\n|poke|p2|Blissey, F|\n|poke|p2|Pelipper, M|\n|poke|p2|Tangrowth, F|\n|poke|p2|Urshifu-*, F|\n|poke|p2|Hatterene, F|\n|poke|p2|Jolteon, M|\n|teampreview\n|inactive|Battle timer is ON: inactive players will automatically lose when time's up. (requested by Igotthegat)\n|\n|t:|1643736852\n|start\n|switch|p1a: Rotom|Rotom-Wash|100\/100\n|switch|p2a: Urshifu|Urshifu-Rapid-Strike, F|100\/100\n|turn|1\n|\n|t:|1643736858\n|move|p1a: Rotom|Volt Switch|p2a: Urshifu\n|-supereffective|p2a: Urshifu\n|-damage|p2a: Urshifu|21\/100\n|\n|t:|1643736862\n|switch|p1a: Landorus|Landorus-Therian, M|100\/100|[from]move: Volt Switch\n|-ability|p1a: Landorus|Intimidate|boost\n|-unboost|p2a: Urshifu|atk|1\n|move|p2a: Urshifu|U-turn|p1a: Landorus\n|-resisted|p1a: Landorus\n|-damage|p1a: Landorus|91\/100\n|\n|t:|1643736869\n|switch|p2a: Pelipper|Pelipper, M|100\/100|[from]move: U-turn\n|-weather|RainDance|[from] ability: Drizzle|[of] p2a: Pelipper\n|\n|-weather|RainDance|[upkeep]\n|-heal|p1a: Landorus|97\/100|[from] item: Leftovers\n|upkeep\n|turn|2\n|\n|t:|1643736877\n|move|p1a: Landorus|Stealth Rock|p2a: Pelipper\n|-sidestart|p2: Maclura|move: Stealth Rock\n|move|p2a: Pelipper|Weather Ball|p1a: Landorus\n|-supereffective|p1a: Landorus\n|-damage|p1a: Landorus|0 fnt\n|faint|p1a: Landorus\n|\n|-weather|RainDance|[upkeep]\n|upkeep\n|\n|t:|1643736887\n|switch|p1a: Rotom|Rotom-Wash|100\/100\n|turn|3\n|\n|t:|1643736892\n|switch|p2a: Blissey|Blissey, F|100\/100\n|-damage|p2a: Blissey|88\/100|[from] Stealth Rock\n|move|p1a: Rotom|Hydro Pump|p2a: Blissey\n|-damage|p2a: Blissey|67\/100\n|\n|-weather|RainDance|[upkeep]\n|-heal|p2a: Blissey|73\/100|[from] item: Leftovers\n|upkeep\n|turn|4\n|\n|t:|1643736903\n|switch|p1a: Kartana|Kartana|100\/100\n|move|p2a: Blissey|Thunder|p1a: Kartana\n|-resisted|p1a: Kartana\n|-damage|p1a: Kartana|59\/100\n|-status|p1a: Kartana|par\n|\n|-weather|RainDance|[upkeep]\n|-heal|p2a: Blissey|79\/100|[from] item: Leftovers\n|upkeep\n|turn|5\n|\n|t:|1643736913\n|switch|p2a: Tangrowth|Tangrowth, F|100\/100\n|-damage|p2a: Tangrowth|88\/100|[from] Stealth Rock\n|cant|p1a: Kartana|par\n|\n|-weather|RainDance|[upkeep]\n|upkeep\n|turn|6\n|\n|t:|1643736920\n|cant|p1a: Kartana|par\n|move|p2a: Tangrowth|Knock Off|p1a: Kartana\n|-damage|p1a: Kartana|33\/100 par\n|-enditem|p1a: Kartana|Choice Scarf|[from] move: Knock Off|[of] p2a: Tangrowth\n|\n|-weather|RainDance|[upkeep]\n|upkeep\n|turn|7\n|\n|t:|1643736928\n|cant|p1a: Kartana|par\n|move|p2a: Tangrowth|Knock Off|p1a: Kartana\n|-damage|p1a: Kartana|18\/100 par\n|\n|-weather|RainDance|[upkeep]\n|upkeep\n|turn|8\n|\n|t:|1643736934\n|cant|p1a: Kartana|par\n|move|p2a: Tangrowth|Knock Off|p1a: Kartana\n|-damage|p1a: Kartana|3\/100 par\n|\n|-weather|none\n|upkeep\n|turn|9\n|\n|t:|1643736940\n|cant|p1a: Kartana|par\n|move|p2a: Tangrowth|Knock Off|p1a: Kartana\n|-damage|p1a: Kartana|0 fnt\n|faint|p1a: Kartana\n|\n|upkeep\n|c|\u2606Maclura|yikes\n|c|\u2606Maclura|there goes all my luck for the next week\n|c|\u2606Igotthegat|what are the odds lmfao\n|\n|t:|1643736959\n|switch|p1a: Volcarona|Volcarona, M|100\/100\n|turn|10\n|\n|t:|1643736966\n|switch|p2a: Pelipper|Pelipper, M|100\/100\n|-damage|p2a: Pelipper|76\/100|[from] Stealth Rock\n|-weather|RainDance|[from] ability: Drizzle|[of] p2a: Pelipper\n|move|p1a: Volcarona|Quiver Dance|p1a: Volcarona\n|-boost|p1a: Volcarona|spa|1\n|-boost|p1a: Volcarona|spd|1\n|-boost|p1a: Volcarona|spe|1\n|\n|-weather|RainDance|[upkeep]\n|upkeep\n|turn|11\n|\n|t:|1643736976\n|move|p1a: Volcarona|Quiver Dance|p1a: Volcarona\n|-boost|p1a: Volcarona|spa|1\n|-boost|p1a: Volcarona|spd|1\n|-boost|p1a: Volcarona|spe|1\n|move|p2a: Pelipper|Weather Ball|p1a: Volcarona\n|-supereffective|p1a: Volcarona\n|-damage|p1a: Volcarona|25\/100\n|\n|-weather|RainDance|[upkeep]\n|upkeep\n|turn|12\n|\n|t:|1643736985\n|move|p1a: Volcarona|Psychic|p2a: Pelipper\n|-damage|p2a: Pelipper|0 fnt\n|faint|p2a: Pelipper\n|\n|-weather|RainDance|[upkeep]\n|upkeep\n|-message|Maclura forfeited.\n|\n|win|Igotthegat\n|raw|Igotthegat's rating: 1388 &rarr; <strong>1406<\/strong><br \/>(+18 for winning)\n|raw|Maclura's rating: 1355 &rarr; <strong>1337<\/strong><br \/>(-18 for losing)\n|l|\u2606Maclura\n","uploadtime":1643737009,"views":14,"p1id":"igotthegat","p2id":"maclura","formatid":"gen8ou","rating":1337,"private":0,"password":null}