{"id":"gen8monotype-1698307470","p1":"LuciferSam","p2":"Arcangel666","format":"gen8monotype","log":"|j|\u2606LuciferSam\n|j|\u2606Arcangel666\n|t:|1667099243\n|gametype|singles\n|player|p1|LuciferSam|lance-gen3|1292\n|player|p2|Arcangel666|ghetsis|1398\n|teamsize|p1|6\n|teamsize|p2|6\n|gen|8\n|tier|[Gen 8] Monotype\n|rated|\n|rule|Same Type Clause: Pok\u00e9mon in a team must share a type\n|rule|Sleep Clause Mod: Limit one foe put to sleep\n|rule|Species Clause: Limit one of each Pok\u00e9mon\n|rule|OHKO Clause: OHKO moves are banned\n|rule|Evasion Items Clause: Evasion items are banned\n|rule|Evasion Moves Clause: Evasion moves are banned\n|rule|Endless Battle Clause: Forcing endless battles is banned\n|rule|HP Percentage Mod: HP is shown in percentages\n|rule|Dynamax Clause: You cannot dynamax\n|clearpoke\n|poke|p1|Kommo-o, F|\n|poke|p1|Hawlucha, F|\n|poke|p1|Keldeo-Resolute|\n|poke|p1|Pangoro, F|\n|poke|p1|Urshifu-*, F|\n|poke|p1|Cobalion|\n|poke|p2|Tyranitar, M|\n|poke|p2|Bisharp, M|\n|poke|p2|Moltres-Galar|\n|poke|p2|Hydreigon, M|\n|poke|p2|Grimmsnarl, M|\n|poke|p2|Sableye, M|\n|teampreview\n|\n|t:|1667099247\n|start\n|switch|p1a: Cobalion|Cobalion|100\/100\n|switch|p2a: Grimmsnarl|Grimmsnarl, M, shiny|100\/100\n|turn|1\n|inactive|Battle timer is ON: inactive players will automatically lose when time's up. (requested by LuciferSam)\n|\n|t:|1667099252\n|move|p2a: Grimmsnarl|Reflect|p2a: Grimmsnarl\n|-sidestart|p2: Arcangel666|Reflect\n|move|p1a: Cobalion|Thunder Wave|p2a: Grimmsnarl\n|-status|p2a: Grimmsnarl|par\n|\n|upkeep\n|turn|2\n|\n|t:|1667099264\n|switch|p2a: Tyranitar|Tyranitar, M, shiny|100\/100\n|-weather|Sandstorm|[from] ability: Sand Stream|[of] p2a: Tyranitar\n|move|p1a: Cobalion|Stealth Rock|p2a: Tyranitar\n|-sidestart|p2: Arcangel666|move: Stealth Rock\n|\n|-weather|Sandstorm|[upkeep]\n|upkeep\n|turn|3\n|j| Flying trainee\n|l| Flying trainee\n|\n|t:|1667099277\n|move|p1a: Cobalion|Thunder Wave|p2a: Tyranitar\n|-status|p2a: Tyranitar|par\n|move|p2a: Tyranitar|Dragon Dance|p2a: Tyranitar\n|-boost|p2a: Tyranitar|atk|1\n|-boost|p2a: Tyranitar|spe|1\n|\n|-weather|Sandstorm|[upkeep]\n|upkeep\n|turn|4\n|\n|t:|1667099281\n|move|p1a: Cobalion|Sacred Sword|p2a: Tyranitar\n|-supereffective|p2a: Tyranitar\n|-damage|p2a: Tyranitar|27\/100 par\n|-enditem|p2a: Tyranitar|Weakness Policy\n|-boost|p2a: Tyranitar|atk|2|[from] item: Weakness Policy\n|-boost|p2a: Tyranitar|spa|2|[from] item: Weakness Policy\n|cant|p2a: Tyranitar|par\n|\n|-weather|Sandstorm|[upkeep]\n|upkeep\n|turn|5\n|inactive|LuciferSam has 120 seconds left.\n|\n|t:|1667099322\n|move|p1a: Cobalion|Sacred Sword|p2a: Tyranitar\n|-supereffective|p2a: Tyranitar\n|-damage|p2a: Tyranitar|0 fnt\n|faint|p2a: Tyranitar\n|\n|-weather|Sandstorm|[upkeep]\n|upkeep\n|\n|t:|1667099326\n|switch|p2a: Sableye|Sableye, M|100\/100\n|-damage|p2a: Sableye|88\/100|[from] Stealth Rock\n|turn|6\n|\n|t:|1667099329\n|switch|p1a: Pangoro|Pangoro, F|100\/100\n|move|p2a: Sableye|Taunt|p1a: Pangoro\n|-hint|Since gen 7, Dark is immune to Prankster moves.\n|-immune|p1a: Pangoro\n|\n|-weather|none\n|upkeep\n|turn|7\n|\n|t:|1667099335\n|move|p1a: Pangoro|Close Combat|p2a: Sableye\n|-supereffective|p2a: Sableye\n|-damage|p2a: Sableye|2\/100\n|-unboost|p1a: Pangoro|def|1\n|-unboost|p1a: Pangoro|spd|1\n|-enditem|p2a: Sableye|Sitrus Berry|[eat]\n|-heal|p2a: Sableye|27\/100|[from] item: Sitrus Berry\n|move|p2a: Sableye|Foul Play|p1a: Pangoro\n|-resisted|p1a: Pangoro\n|-damage|p1a: Pangoro|77\/100\n|\n|upkeep\n|turn|8\n|\n|t:|1667099342\n|move|p2a: Sableye|Recover|p2a: Sableye\n|-heal|p2a: Sableye|77\/100\n|move|p1a: Pangoro|Close Combat|p2a: Sableye\n|-supereffective|p2a: Sableye\n|-damage|p2a: Sableye|0 fnt\n|-unboost|p1a: Pangoro|def|1\n|-unboost|p1a: Pangoro|spd|1\n|faint|p2a: Sableye\n|\n|-sideend|p2: Arcangel666|Reflect\n|upkeep\n|\n|t:|1667099344\n|switch|p2a: Grimmsnarl|Grimmsnarl, M, shiny|100\/100 par\n|-damage|p2a: Grimmsnarl|88\/100 par|[from] Stealth Rock\n|turn|9\n|\n|t:|1667099347\n|switch|p1a: Cobalion|Cobalion|100\/100\n|move|p2a: Grimmsnarl|Reflect|p2a: Grimmsnarl\n|-sidestart|p2: Arcangel666|Reflect\n|\n|upkeep\n|turn|10\n|\n|t:|1667099351\n|move|p1a: Cobalion|Iron Head|p2a: Grimmsnarl\n|-supereffective|p2a: Grimmsnarl\n|-damage|p2a: Grimmsnarl|45\/100 par\n|cant|p2a: Grimmsnarl|flinch\n|\n|upkeep\n|turn|11\n|\n|t:|1667099355\n|move|p2a: Grimmsnarl|Light Screen|p2a: Grimmsnarl\n|-sidestart|p2: Arcangel666|move: Light Screen\n|move|p1a: Cobalion|Iron Head|p2a: Grimmsnarl\n|-supereffective|p2a: Grimmsnarl\n|-damage|p2a: Grimmsnarl|3\/100 par\n|\n|upkeep\n|turn|12\n|\n|t:|1667099365\n|move|p1a: Cobalion|Iron Head|p2a: Grimmsnarl\n|-supereffective|p2a: Grimmsnarl\n|-damage|p2a: Grimmsnarl|0 fnt\n|faint|p2a: Grimmsnarl\n|\n|upkeep\n|\n|t:|1667099367\n|switch|p2a: Moltres|Moltres-Galar|100\/100\n|-damage|p2a: Moltres|76\/100|[from] Stealth Rock\n|turn|13\n|\n|t:|1667099370\n|move|p1a: Cobalion|Thunder Wave|p2a: Moltres|[miss]\n|-miss|p1a: Cobalion|p2a: Moltres\n|move|p2a: Moltres|Agility|p2a: Moltres\n|-boost|p2a: Moltres|spe|2\n|\n|upkeep\n|turn|14\n|\n|t:|1667099376\n|move|p2a: Moltres|Nasty Plot|p2a: Moltres\n|-boost|p2a: Moltres|spa|2\n|move|p1a: Cobalion|Thunder Wave|p2a: Moltres\n|-status|p2a: Moltres|par\n|\n|upkeep\n|turn|15\n|\n|t:|1667099382\n|move|p1a: Cobalion|Iron Head|p2a: Moltres\n|-damage|p2a: Moltres|57\/100 par\n|cant|p2a: Moltres|flinch\n|\n|upkeep\n|turn|16\n|\n|t:|1667099385\n|move|p1a: Cobalion|Iron Head|p2a: Moltres\n|-damage|p2a: Moltres|37\/100 par\n|-ability|p2a: Moltres|Berserk|boost\n|-boost|p2a: Moltres|spa|1\n|move|p2a: Moltres|Agility|p2a: Moltres\n|-boost|p2a: Moltres|spe|2\n|\n|-sideend|p2: Arcangel666|Reflect\n|upkeep\n|turn|17\n|\n|t:|1667099393\n|move|p2a: Moltres|Air Slash|p1a: Cobalion\n|-enditem|p1a: Cobalion|Focus Sash\n|-damage|p1a: Cobalion|1\/100\n|move|p1a: Cobalion|Iron Head|p2a: Moltres\n|-damage|p2a: Moltres|1\/100 par\n|\n|upkeep\n|turn|18\n|\n|t:|1667099400\n|move|p2a: Moltres|Fiery Wrath|p1a: Cobalion\n|-resisted|p1a: Cobalion\n|-damage|p1a: Cobalion|0 fnt\n|faint|p1a: Cobalion\n|\n|-sideend|p2: Arcangel666|move: Light Screen\n|upkeep\n|\n|t:|1667099403\n|switch|p1a: Keldeo|Keldeo-Resolute|100\/100\n|turn|19\n|\n|t:|1667099406\n|cant|p2a: Moltres|par\n|move|p1a: Keldeo|Scald|p2a: Moltres\n|-damage|p2a: Moltres|0 fnt\n|faint|p2a: Moltres\n|\n|upkeep\n|-message|Arcangel666 forfeited.\n|\n|win|LuciferSam\n|raw|LuciferSam's rating: 1297 &rarr; <strong>1329<\/strong><br \/>(+32 for winning)\n|raw|Arcangel666's rating: 1398 &rarr; <strong>1372<\/strong><br \/>(-26 for losing)\n|l|\u2606Arcangel666\n","uploadtime":1667099414,"views":3,"p1id":"lucifersam","p2id":"arcangel666","formatid":"gen8monotype","rating":1329,"private":0,"password":null}