{"id":"gen8ou-1021408860","p1":"OGamer289","p2":"BillaRoomm","format":"gen8ou","log":"|j|\u2606OGamer289\n|j|\u2606BillaRoomm\n|player|p1|OGamer289|153|1190\n|player|p2|BillaRoomm|bertha|1191\n|teamsize|p1|6\n|teamsize|p2|6\n|gametype|singles\n|gen|8\n|tier|[Gen 8] OU\n|rated|\n|rule|Sleep Clause Mod: Limit one foe put to sleep\n|rule|Species Clause: Limit one of each Pok\u00e9mon\n|rule|OHKO Clause: OHKO moves are banned\n|rule|Evasion Moves Clause: Evasion moves are banned\n|rule|Endless Battle Clause: Forcing endless battles is banned\n|rule|HP Percentage Mod: HP is shown in percentages\n|clearpoke\n|poke|p1|Barraskewda, F|\n|poke|p1|Dracozolt|\n|poke|p1|Copperajah, F|\n|poke|p1|Cinderace, M|\n|poke|p1|Rillaboom, F|\n|poke|p1|Corviknight, M|\n|poke|p2|Abomasnow, F|\n|poke|p2|Arctozolt|\n|poke|p2|Rotom|\n|poke|p2|Araquanid, M|\n|poke|p2|Sandaconda, M|\n|poke|p2|Type: Null|\n|teampreview\n|\n|start\n|switch|p1a: Copperajah|Copperajah, F|100\/100\n|switch|p2a: Araquanid|Araquanid, M|100\/100\n|turn|1\n|\n|move|p2a: Araquanid|Sticky Web|p1a: Copperajah\n|-sidestart|p1: OGamer289|move: Sticky Web\n|move|p1a: Copperajah|Stealth Rock|p2a: Araquanid\n|-sidestart|p2: BillaRoomm|move: Stealth Rock\n|\n|upkeep\n|turn|2\n|\n|switch|p2a: Rotom|Rotom|100\/100\n|-damage|p2a: Rotom|88\/100|[from] Stealth Rock\n|move|p1a: Copperajah|Play Rough|p2a: Rotom\n|-damage|p2a: Rotom|44\/100\n|\n|-heal|p2a: Rotom|50\/100|[from] item: Leftovers\n|upkeep\n|turn|3\n|\n|move|p2a: Rotom|Will-O-Wisp|p1a: Copperajah\n|-status|p1a: Copperajah|brn\n|move|p1a: Copperajah|Iron Head|p2a: Rotom\n|-resisted|p2a: Rotom\n|-crit|p2a: Rotom\n|-damage|p2a: Rotom|26\/100\n|\n|-heal|p2a: Rotom|32\/100|[from] item: Leftovers\n|-damage|p1a: Copperajah|94\/100 brn|[from] brn\n|upkeep\n|turn|4\n|\n|switch|p1a: Rillaboom|Rillaboom, F|100\/100\n|-activate|p1a: Rillaboom|move: Sticky Web\n|-unboost|p1a: Rillaboom|spe|1\n|move|p2a: Rotom|Hex|p1a: Rillaboom\n|-damage|p1a: Rillaboom|82\/100\n|\n|-heal|p2a: Rotom|39\/100|[from] item: Leftovers\n|upkeep\n|turn|5\n|\n|move|p2a: Rotom|Will-O-Wisp|p1a: Rillaboom\n|-status|p1a: Rillaboom|brn\n|move|p1a: Rillaboom|Drum Beating|p2a: Rotom\n|-damage|p2a: Rotom|6\/100\n|-unboost|p2a: Rotom|spe|1\n|\n|-heal|p2a: Rotom|13\/100|[from] item: Leftovers\n|-damage|p1a: Rillaboom|76\/100 brn|[from] brn\n|upkeep\n|turn|6\n|\n|switch|p2a: Abomasnow|Abomasnow, F|100\/100\n|-damage|p2a: Abomasnow|76\/100|[from] Stealth Rock\n|-weather|Hail|[from] ability: Snow Warning|[of] p2a: Abomasnow\n|move|p1a: Rillaboom|U-turn|p2a: Abomasnow\n|-supereffective|p2a: Abomasnow\n|-damage|p2a: Abomasnow|48\/100\n|\n|switch|p1a: Corviknight|Corviknight, M|100\/100|[from]move: U-turn\n|-ability|p1a: Corviknight|Pressure\n|\n|-weather|Hail|[upkeep]\n|-damage|p1a: Corviknight|94\/100|[from] Hail\n|-heal|p1a: Corviknight|100\/100|[from] item: Leftovers\n|upkeep\n|turn|7\n|\n|move|p1a: Corviknight|Defog|p2a: Abomasnow\n|-unboost|p2a: Abomasnow|evasion|1\n|-sideend|p2: BillaRoomm|Stealth Rock|[from] move: Defog|[of] p1a: Corviknight\n|-sideend|p1: OGamer289|Sticky Web|[from] move: Defog|[of] p1a: Corviknight\n|move|p2a: Abomasnow|Blizzard|p1a: Corviknight\n|-damage|p1a: Corviknight|68\/100\n|-status|p1a: Corviknight|frz\n|\n|-weather|Hail|[upkeep]\n|-damage|p1a: Corviknight|62\/100 frz|[from] Hail\n|-heal|p1a: Corviknight|68\/100 frz|[from] item: Leftovers\n|upkeep\n|turn|8\n|\n|cant|p1a: Corviknight|frz\n|move|p2a: Abomasnow|Leech Seed|p1a: Corviknight\n|-start|p1a: Corviknight|move: Leech Seed\n|\n|-weather|Hail|[upkeep]\n|-damage|p1a: Corviknight|62\/100 frz|[from] Hail\n|-heal|p1a: Corviknight|68\/100 frz|[from] item: Leftovers\n|-damage|p1a: Corviknight|56\/100 frz|[from] Leech Seed|[of] p2a: Abomasnow\n|-heal|p2a: Abomasnow|61\/100|[silent]\n|upkeep\n|turn|9\n|\n|switch|p2a: Araquanid|Araquanid, M|100\/100\n|-curestatus|p1a: Corviknight|frz|[msg]\n|move|p1a: Corviknight|Roost|p1a: Corviknight\n|-heal|p1a: Corviknight|100\/100\n|-singleturn|p1a: Corviknight|move: Roost\n|\n|-weather|Hail|[upkeep]\n|-damage|p1a: Corviknight|94\/100|[from] Hail\n|-damage|p2a: Araquanid|94\/100|[from] Hail\n|-heal|p1a: Corviknight|100\/100|[from] item: Leftovers\n|-damage|p1a: Corviknight|88\/100|[from] Leech Seed|[of] p2a: Araquanid\n|-heal|p2a: Araquanid|100\/100|[silent]\n|upkeep\n|turn|10\n|\n|move|p1a: Corviknight|Brave Bird|p2a: Araquanid\n|-supereffective|p2a: Araquanid\n|-damage|p2a: Araquanid|24\/100\n|-damage|p1a: Corviknight|67\/100|[from] Recoil\n|move|p2a: Araquanid|Liquidation|p1a: Corviknight\n|-crit|p1a: Corviknight\n|-damage|p1a: Corviknight|10\/100\n|\n|-weather|none\n|-heal|p1a: Corviknight|16\/100|[from] item: Leftovers\n|-damage|p1a: Corviknight|4\/100|[from] Leech Seed|[of] p2a: Araquanid\n|-heal|p2a: Araquanid|39\/100|[silent]\n|upkeep\n|turn|11\n|\n|move|p1a: Corviknight|Roost|p1a: Corviknight\n|-heal|p1a: Corviknight|54\/100\n|-singleturn|p1a: Corviknight|move: Roost\n|move|p2a: Araquanid|Sticky Web|p1a: Corviknight\n|-sidestart|p1: OGamer289|move: Sticky Web\n|\n|-heal|p1a: Corviknight|60\/100|[from] item: Leftovers\n|-damage|p1a: Corviknight|48\/100|[from] Leech Seed|[of] p2a: Araquanid\n|-heal|p2a: Araquanid|54\/100|[silent]\n|upkeep\n|turn|12\n|\n|move|p1a: Corviknight|Defog|p2a: Araquanid\n|-unboost|p2a: Araquanid|evasion|1\n|-sideend|p1: OGamer289|Sticky Web|[from] move: Defog|[of] p1a: Corviknight\n|move|p2a: Araquanid|Liquidation|p1a: Corviknight\n|-damage|p1a: Corviknight|10\/100\n|-unboost|p1a: Corviknight|def|1\n|\n|-heal|p1a: Corviknight|16\/100|[from] item: Leftovers\n|-damage|p1a: Corviknight|4\/100|[from] Leech Seed|[of] p2a: Araquanid\n|-heal|p2a: Araquanid|69\/100|[silent]\n|upkeep\n|turn|13\n|\n|move|p1a: Corviknight|Roost|p1a: Corviknight\n|-heal|p1a: Corviknight|54\/100\n|-singleturn|p1a: Corviknight|move: Roost\n|move|p2a: Araquanid|Sticky Web|p1a: Corviknight\n|-sidestart|p1: OGamer289|move: Sticky Web\n|\n|-heal|p1a: Corviknight|60\/100|[from] item: Leftovers\n|-damage|p1a: Corviknight|47\/100|[from] Leech Seed|[of] p2a: Araquanid\n|-heal|p2a: Araquanid|83\/100|[silent]\n|upkeep\n|turn|14\n|\n|move|p1a: Corviknight|Roost|p1a: Corviknight\n|-heal|p1a: Corviknight|97\/100\n|-singleturn|p1a: Corviknight|move: Roost\n|move|p2a: Araquanid|Icy Wind|p1a: Corviknight\n|-resisted|p1a: Corviknight\n|-crit|p1a: Corviknight\n|-damage|p1a: Corviknight|92\/100\n|-unboost|p1a: Corviknight|spe|1\n|\n|-heal|p1a: Corviknight|99\/100|[from] item: Leftovers\n|-damage|p1a: Corviknight|86\/100|[from] Leech Seed|[of] p2a: Araquanid\n|-heal|p2a: Araquanid|98\/100|[silent]\n|upkeep\n|turn|15\n|\n|move|p1a: Corviknight|Defog|p2a: Araquanid\n|-unboost|p2a: Araquanid|evasion|1\n|-sideend|p1: OGamer289|Sticky Web|[from] move: Defog|[of] p1a: Corviknight\n|move|p2a: Araquanid|Liquidation|p1a: Corviknight\n|-damage|p1a: Corviknight|31\/100\n|\n|-heal|p1a: Corviknight|38\/100|[from] item: Leftovers\n|-damage|p1a: Corviknight|25\/100|[from] Leech Seed|[of] p2a: Araquanid\n|-heal|p2a: Araquanid|100\/100|[silent]\n|upkeep\n|turn|16\n|\n|switch|p1a: KomischerDr|Dracozolt|100\/100\n|move|p2a: Araquanid|Sticky Web|p1a: KomischerDr\n|-sidestart|p1: OGamer289|move: Sticky Web\n|\n|upkeep\n|turn|17\n|\n|switch|p1a: Corviknight|Corviknight, M|25\/100\n|-ability|p1a: Corviknight|Pressure\n|move|p2a: Araquanid|Lunge|p1a: Corviknight\n|-resisted|p1a: Corviknight\n|-damage|p1a: Corviknight|21\/100\n|-unboost|p1a: Corviknight|atk|1\n|\n|-heal|p1a: Corviknight|27\/100|[from] item: Leftovers\n|upkeep\n|turn|18\n|\n|move|p1a: Corviknight|Roost|p1a: Corviknight\n|-heal|p1a: Corviknight|77\/100\n|-singleturn|p1a: Corviknight|move: Roost\n|move|p2a: Araquanid|Sticky Web||[still]\n|-fail|p2a: Araquanid\n|\n|-heal|p1a: Corviknight|83\/100|[from] item: Leftovers\n|upkeep\n|turn|19\n|\n|move|p1a: Corviknight|Defog|p2a: Araquanid\n|-unboost|p2a: Araquanid|evasion|1\n|-sideend|p1: OGamer289|Sticky Web|[from] move: Defog|[of] p1a: Corviknight\n|move|p2a: Araquanid|Liquidation|p1a: Corviknight\n|-damage|p1a: Corviknight|47\/100\n|\n|-heal|p1a: Corviknight|53\/100|[from] item: Leftovers\n|upkeep\n|turn|20\n|\n|move|p1a: Corviknight|Roost|p1a: Corviknight\n|-heal|p1a: Corviknight|100\/100\n|-singleturn|p1a: Corviknight|move: Roost\n|move|p2a: Araquanid|Liquidation|p1a: Corviknight\n|-damage|p1a: Corviknight|64\/100\n|-unboost|p1a: Corviknight|def|1\n|\n|-heal|p1a: Corviknight|70\/100|[from] item: Leftovers\n|upkeep\n|turn|21\n|\n|switch|p1a: KomischerDr|Dracozolt|100\/100\n|move|p2a: Araquanid|Sticky Web|p1a: KomischerDr\n|-sidestart|p1: OGamer289|move: Sticky Web\n|\n|upkeep\n|turn|22\n|\n|move|p1a: KomischerDr|Bolt Beak|p2a: Araquanid\n|-supereffective|p2a: Araquanid\n|-enditem|p2a: Araquanid|Focus Sash\n|-damage|p2a: Araquanid|1\/100\n|move|p2a: Araquanid|Liquidation|p1a: KomischerDr\n|-resisted|p1a: KomischerDr\n|-damage|p1a: KomischerDr|61\/100\n|\n|upkeep\n|turn|23\n|\n|switch|p1a: Corviknight|Corviknight, M|70\/100\n|-ability|p1a: Corviknight|Pressure\n|move|p2a: Araquanid|Icy Wind|p1a: Corviknight\n|-damage|p1a: Corviknight|62\/100\n|-unboost|p1a: Corviknight|spe|1\n|\n|-heal|p1a: Corviknight|69\/100|[from] item: Leftovers\n|upkeep\n|turn|24\n|\n|move|p1a: Corviknight|Iron Head|p2a: Araquanid\n|-resisted|p2a: Araquanid\n|-damage|p2a: Araquanid|0 fnt\n|faint|p2a: Araquanid\n|\n|-heal|p1a: Corviknight|75\/100|[from] item: Leftovers\n|upkeep\n|\n|switch|p2a: Type: Null|Type: Null|100\/100\n|turn|25\n|\n|move|p2a: Type: Null|Thunder Wave|p1a: Corviknight\n|-status|p1a: Corviknight|par\n|move|p1a: Corviknight|Defog|p2a: Type: Null\n|-unboost|p2a: Type: Null|evasion|1\n|-sideend|p1: OGamer289|Sticky Web|[from] move: Defog|[of] p1a: Corviknight\n|\n|-heal|p1a: Corviknight|81\/100 par|[from] item: Leftovers\n|upkeep\n|turn|26\n|\n|switch|p2a: Rotom|Rotom|13\/100\n|switch|p1a: Copperajah|Copperajah, F|94\/100 brn\n|\n|-heal|p2a: Rotom|19\/100|[from] item: Leftovers\n|-heal|p1a: Copperajah|100\/100 brn|[from] item: Leftovers\n|-damage|p1a: Copperajah|94\/100 brn|[from] brn\n|upkeep\n|turn|27\n|\n|move|p2a: Rotom|Hex|p1a: Copperajah\n|-damage|p1a: Copperajah|65\/100 brn\n|move|p1a: Copperajah|Play Rough|p2a: Rotom\n|-damage|p2a: Rotom|0 fnt\n|faint|p2a: Rotom\n|\n|-heal|p1a: Copperajah|72\/100 brn|[from] item: Leftovers\n|-damage|p1a: Copperajah|65\/100 brn|[from] brn\n|upkeep\n|\n|switch|p2a: Abomasnow|Abomasnow, F|61\/100\n|-weather|Hail|[from] ability: Snow Warning|[of] p2a: Abomasnow\n|turn|28\n|\n|move|p2a: Abomasnow|Aurora Veil|p2a: Abomasnow\n|-sidestart|p2: BillaRoomm|move: Aurora Veil\n|move|p1a: Copperajah|Iron Head|p2a: Abomasnow\n|-supereffective|p2a: Abomasnow\n|-damage|p2a: Abomasnow|38\/100\n|\n|-weather|Hail|[upkeep]\n|-damage|p1a: Copperajah|59\/100 brn|[from] Hail\n|-heal|p1a: Copperajah|65\/100 brn|[from] item: Leftovers\n|-damage|p1a: Copperajah|59\/100 brn|[from] brn\n|upkeep\n|turn|29\n|\n|move|p2a: Abomasnow|Leech Seed|p1a: Copperajah\n|-start|p1a: Copperajah|move: Leech Seed\n|move|p1a: Copperajah|Stealth Rock|p2a: Abomasnow\n|-sidestart|p2: BillaRoomm|move: Stealth Rock\n|\n|-weather|Hail|[upkeep]\n|-damage|p1a: Copperajah|53\/100 brn|[from] Hail\n|-heal|p1a: Copperajah|59\/100 brn|[from] item: Leftovers\n|-damage|p1a: Copperajah|47\/100 brn|[from] Leech Seed|[of] p2a: Abomasnow\n|-heal|p2a: Abomasnow|53\/100|[silent]\n|-damage|p1a: Copperajah|40\/100 brn|[from] brn\n|upkeep\n|turn|30\n|\n|move|p2a: Abomasnow|Seed Bomb|p1a: Copperajah\n|-resisted|p1a: Copperajah\n|-damage|p1a: Copperajah|27\/100 brn\n|move|p1a: Copperajah|Iron Head|p2a: Abomasnow\n|-supereffective|p2a: Abomasnow\n|-damage|p2a: Abomasnow|29\/100\n|\n|-weather|Hail|[upkeep]\n|-damage|p1a: Copperajah|21\/100 brn|[from] Hail\n|-heal|p1a: Copperajah|27\/100 brn|[from] item: Leftovers\n|-damage|p1a: Copperajah|14\/100 brn|[from] Leech Seed|[of] p2a: Abomasnow\n|-heal|p2a: Abomasnow|44\/100|[silent]\n|-damage|p1a: Copperajah|8\/100 brn|[from] brn\n|upkeep\n|turn|31\n|\n|move|p2a: Abomasnow|Blizzard|p1a: Copperajah\n|-resisted|p1a: Copperajah\n|-damage|p1a: Copperajah|0 fnt\n|faint|p1a: Copperajah\n|\n|-weather|Hail|[upkeep]\n|upkeep\n|\n|switch|p1a: Cinderace|Cinderace, M|100\/100\n|turn|32\n|\n|move|p1a: Cinderace|Pyro Ball|p2a: Abomasnow\n|-supereffective|p2a: Abomasnow\n|-damage|p2a: Abomasnow|0 fnt\n|-damage|p1a: Cinderace|91\/100|[from] item: Life Orb\n|faint|p2a: Abomasnow\n|\n|-weather|none\n|upkeep\n|\n|switch|p2a: Sandaconda|Sandaconda, M|100\/100\n|-damage|p2a: Sandaconda|94\/100|[from] Stealth Rock\n|turn|33\n|\n|move|p1a: Cinderace|Pyro Ball|p2a: Sandaconda\n|-damage|p2a: Sandaconda|63\/100\n|-damage|p1a: Cinderace|81\/100|[from] item: Life Orb\n|move|p2a: Sandaconda|Rock Tomb|p1a: Cinderace\n|-supereffective|p1a: Cinderace\n|-damage|p1a: Cinderace|28\/100\n|-unboost|p1a: Cinderace|spe|1\n|\n|-heal|p2a: Sandaconda|69\/100|[from] item: Leftovers\n|upkeep\n|turn|34\n|\n|switch|p1a: Rillaboom|Rillaboom, F|76\/100 brn\n|move|p2a: Sandaconda|Coil|p2a: Sandaconda\n|-boost|p2a: Sandaconda|atk|1\n|-boost|p2a: Sandaconda|def|1\n|-boost|p2a: Sandaconda|accuracy|1\n|\n|-heal|p2a: Sandaconda|75\/100|[from] item: Leftovers\n|-damage|p1a: Rillaboom|70\/100 brn|[from] brn\n|upkeep\n|turn|35\n|\n|move|p1a: Rillaboom|Drum Beating|p2a: Sandaconda\n|-supereffective|p2a: Sandaconda\n|-damage|p2a: Sandaconda|64\/100\n|-unboost|p2a: Sandaconda|spe|1\n|move|p2a: Sandaconda|Rock Tomb|p1a: Rillaboom\n|-damage|p1a: Rillaboom|36\/100 brn\n|-unboost|p1a: Rillaboom|spe|1\n|\n|-heal|p2a: Sandaconda|70\/100|[from] item: Leftovers\n|-damage|p1a: Rillaboom|30\/100 brn|[from] brn\n|-sideend|p2: BillaRoomm|move: Aurora Veil\n|upkeep\n|turn|36\n|\n|move|p1a: Rillaboom|U-turn|p2a: Sandaconda\n|-damage|p2a: Sandaconda|63\/100\n|\n|switch|p1a: Fisch|Barraskewda, F|100\/100|[from]move: U-turn\n|move|p2a: Sandaconda|Earthquake|p1a: Fisch\n|-damage|p1a: Fisch|0 fnt\n|faint|p1a: Fisch\n|\n|-heal|p2a: Sandaconda|69\/100|[from] item: Leftovers\n|upkeep\n|\n|switch|p1a: Corviknight|Corviknight, M|81\/100 par\n|-ability|p1a: Corviknight|Pressure\n|turn|37\n|\n|move|p2a: Sandaconda|Coil|p2a: Sandaconda\n|-boost|p2a: Sandaconda|atk|1\n|-boost|p2a: Sandaconda|def|1\n|-boost|p2a: Sandaconda|accuracy|1\n|move|p1a: Corviknight|Brave Bird|p2a: Sandaconda\n|-damage|p2a: Sandaconda|53\/100\n|-damage|p1a: Corviknight|77\/100 par|[from] Recoil\n|\n|-heal|p2a: Sandaconda|59\/100|[from] item: Leftovers\n|-heal|p1a: Corviknight|83\/100 par|[from] item: Leftovers\n|upkeep\n|turn|38\n|-message|OGamer289 forfeited.\n|\n|win|BillaRoomm\n|l|\u2606OGamer289\n||Ladder (probably) updated, but score could not be retrieved (Response not received).\n|error|Unexpected response null from ladder server.\n","uploadtime":1575312907,"views":4,"p1id":"ogamer289","p2id":"billaroomm","formatid":"gen8ou","rating":0,"private":0,"password":null}