{"id":"gen8uu-1513631124","p1":"ninjadouche","p2":"Ivyon","format":"gen8uu","log":"|j|\u2606ninjadouche\n|j|\u2606Ivyon\n|t:|1645186074\n|gametype|singles\n|player|p1|ninjadouche|burglar|1423\n|player|p2|Ivyon|blue|1406\n|teamsize|p1|6\n|teamsize|p2|6\n|gen|8\n|tier|[Gen 8] UU\n|rated|\n|rule|Sleep Clause Mod: Limit one foe put to sleep\n|rule|Species Clause: Limit one of each Pok\u00e9mon\n|rule|OHKO Clause: OHKO moves are banned\n|rule|Evasion Moves Clause: Evasion moves are banned\n|rule|Endless Battle Clause: Forcing endless battles is banned\n|rule|HP Percentage Mod: HP is shown in percentages\n|rule|Dynamax Clause: You cannot dynamax\n|clearpoke\n|poke|p1|Marowak-Alola, F|\n|poke|p1|Ninetales, M|\n|poke|p1|Rotom-Wash|\n|poke|p1|Gigalith, M|\n|poke|p1|Conkeldurr, F|\n|poke|p1|Aggron, M|\n|poke|p2|Cloyster, M|\n|poke|p2|Darmanitan, M|\n|poke|p2|Rotom-Wash|\n|poke|p2|Celesteela|\n|poke|p2|Conkeldurr, F|\n|poke|p2|Haxorus, M|\n|teampreview\n|\n|t:|1645186088\n|start\n|switch|p1a: Rotom|Rotom-Wash|100\/100\n|switch|p2a: Conkeldurr|Conkeldurr, F|100\/100\n|turn|1\n|inactive|Battle timer is ON: inactive players will automatically lose when time's up. (requested by ninjadouche)\n|\n|t:|1645186101\n|move|p1a: Rotom|Hydro Pump|p2a: Conkeldurr\n|-damage|p2a: Conkeldurr|57\/100\n|move|p2a: Conkeldurr|Drain Punch|p1a: Rotom\n|-damage|p1a: Rotom|64\/100\n|-heal|p2a: Conkeldurr|70\/100|[from] drain|[of] p1a: Rotom\n|\n|-heal|p1a: Rotom|70\/100|[from] item: Leftovers\n|-status|p2a: Conkeldurr|brn|[from] item: Flame Orb\n|upkeep\n|turn|2\n|\n|t:|1645186112\n|move|p1a: Rotom|Volt Switch|p2a: Conkeldurr\n|-damage|p2a: Conkeldurr|38\/100 brn\n|\n|t:|1645186116\n|switch|p1a: Marowak|Marowak-Alola, F|100\/100|[from]move: Volt Switch\n|move|p2a: Conkeldurr|Drain Punch|p1a: Marowak\n|-immune|p1a: Marowak\n|\n|-damage|p2a: Conkeldurr|32\/100 brn|[from] brn\n|upkeep\n|turn|3\n|\n|t:|1645186135\n|switch|p1a: Conkeldurr|Conkeldurr, F|100\/100\n|switch|p2a: Rotom|Rotom-Wash, shiny|100\/100\n|\n|upkeep\n|turn|4\n|\n|t:|1645186145\n|switch|p1a: Ninetales|Ninetales, M, shiny|100\/100\n|-weather|SunnyDay|[from] ability: Drought|[of] p1a: Ninetales\n|move|p2a: Rotom|Hydro Pump|p1a: Ninetales|[miss]\n|-miss|p2a: Rotom|p1a: Ninetales\n|\n|-weather|SunnyDay|[upkeep]\n|upkeep\n|turn|5\n|\n|t:|1645186155\n|switch|p2a: Darmanitan|Darmanitan, M, shiny|100\/100\n|move|p1a: Ninetales|Solar Beam||[still]\n|-prepare|p1a: Ninetales|Solar Beam\n|-anim|p1a: Ninetales|Solar Beam|p2a: Darmanitan\n|-resisted|p2a: Darmanitan\n|-damage|p2a: Darmanitan|63\/100\n|\n|-weather|SunnyDay|[upkeep]\n|upkeep\n|turn|6\n|\n|t:|1645186167\n|switch|p1a: Gigalith|Gigalith, M|100\/100\n|move|p2a: Darmanitan|Flare Blitz|p1a: Gigalith\n|-resisted|p1a: Gigalith\n|-damage|p1a: Gigalith|50\/100\n|-damage|p2a: Darmanitan|49\/100|[from] Recoil\n|\n|-weather|SunnyDay|[upkeep]\n|upkeep\n|turn|7\n|\n|t:|1645186190\n|switch|p1a: Rotom|Rotom-Wash|70\/100\n|move|p2a: Darmanitan|Flare Blitz|p1a: Rotom\n|-resisted|p1a: Rotom\n|-damage|p1a: Rotom|17\/100\n|-damage|p2a: Darmanitan|34\/100|[from] Recoil\n|\n|-weather|SunnyDay|[upkeep]\n|-heal|p1a: Rotom|23\/100|[from] item: Leftovers\n|upkeep\n|turn|8\n|inactive|ninjadouche has 120 seconds left.\n|\n|t:|1645186212\n|move|p2a: Darmanitan|Flare Blitz|p1a: Rotom\n|-resisted|p1a: Rotom\n|-damage|p1a: Rotom|0 fnt\n|faint|p1a: Rotom\n|-damage|p2a: Darmanitan|27\/100|[from] Recoil\n|\n|-weather|none\n|upkeep\n|inactive|ninjadouche has 120 seconds left.\n|\n|t:|1645186225\n|switch|p1a: Conkeldurr|Conkeldurr, F|100\/100\n|turn|9\n|\n|t:|1645186229\n|switch|p2a: Celesteela|Celesteela|100\/100\n|move|p1a: Conkeldurr|Mach Punch|p2a: Celesteela\n|-crit|p2a: Celesteela\n|-damage|p2a: Celesteela|50\/100\n|\n|upkeep\n|turn|10\n|inactive|ninjadouche has 120 seconds left.\n|\n|t:|1645186248\n|switch|p1a: Gigalith|Gigalith, M|50\/100\n|move|p2a: Celesteela|Air Slash|p1a: Gigalith|[miss]\n|-miss|p2a: Celesteela|p1a: Gigalith\n|\n|upkeep\n|turn|11\n|\n|t:|1645186255\n|move|p2a: Celesteela|Giga Drain|p1a: Gigalith\n|-supereffective|p1a: Gigalith\n|-damage|p1a: Gigalith|0 fnt\n|-heal|p2a: Celesteela|73\/100|[from] drain|[of] p1a: Gigalith\n|faint|p1a: Gigalith\n|-ability|p2a: Celesteela|Beast Boost|boost\n|-boost|p2a: Celesteela|spa|1\n|\n|upkeep\n|\n|t:|1645186258\n|switch|p1a: Ninetales|Ninetales, M, shiny|100\/100\n|-weather|SunnyDay|[from] ability: Drought|[of] p1a: Ninetales\n|turn|12\n|\n|t:|1645186270\n|switch|p2a: Rotom|Rotom-Wash, shiny|100\/100\n|move|p1a: Ninetales|Overheat|p2a: Rotom\n|-resisted|p2a: Rotom\n|-damage|p2a: Rotom|48\/100\n|-unboost|p1a: Ninetales|spa|2\n|\n|-weather|SunnyDay|[upkeep]\n|-heal|p2a: Rotom|54\/100|[from] item: Leftovers\n|upkeep\n|turn|13\n|\n|t:|1645186279\n|switch|p1a: Marowak|Marowak-Alola, F|100\/100\n|move|p2a: Rotom|Hydro Pump|p1a: Marowak\n|-supereffective|p1a: Marowak\n|-damage|p1a: Marowak|30\/100\n|\n|-weather|SunnyDay|[upkeep]\n|-heal|p2a: Rotom|60\/100|[from] item: Leftovers\n|upkeep\n|turn|14\n|\n|t:|1645186284\n|move|p2a: Rotom|Hydro Pump|p1a: Marowak|[miss]\n|-miss|p2a: Rotom|p1a: Marowak\n|move|p1a: Marowak|Poltergeist|p2a: Rotom\n|-activate|p2a: Rotom|move: Poltergeist|Leftovers\n|-damage|p2a: Rotom|0 fnt\n|faint|p2a: Rotom\n|\n|-weather|SunnyDay|[upkeep]\n|upkeep\n|\n|t:|1645186300\n|switch|p2a: Darmanitan|Darmanitan, M, shiny|27\/100\n|turn|15\n|\n|t:|1645186302\n|move|p2a: Darmanitan|Flare Blitz|p1a: Marowak\n|-resisted|p1a: Marowak\n|-damage|p1a: Marowak|0 fnt\n|faint|p1a: Marowak\n|-damage|p2a: Darmanitan|19\/100|[from] Recoil\n|\n|-weather|SunnyDay|[upkeep]\n|upkeep\n|\n|t:|1645186306\n|switch|p1a: Conkeldurr|Conkeldurr, F|100\/100\n|turn|16\n|\n|t:|1645186312\n|move|p1a: Conkeldurr|Mach Punch|p2a: Darmanitan\n|-damage|p2a: Darmanitan|0 fnt\n|faint|p2a: Darmanitan\n|\n|-weather|none\n|upkeep\n|\n|t:|1645186315\n|switch|p2a: Celesteela|Celesteela|73\/100\n|turn|17\n|\n|t:|1645186326\n|switch|p1a: Ninetales|Ninetales, M, shiny|100\/100\n|-weather|SunnyDay|[from] ability: Drought|[of] p1a: Ninetales\n|move|p2a: Celesteela|Air Slash|p1a: Ninetales\n|-damage|p1a: Ninetales|54\/100\n|\n|-weather|SunnyDay|[upkeep]\n|upkeep\n|turn|18\n|\n|t:|1645186333\n|move|p1a: Ninetales|Overheat|p2a: Celesteela\n|-supereffective|p2a: Celesteela\n|-damage|p2a: Celesteela|0 fnt\n|-unboost|p1a: Ninetales|spa|2\n|faint|p2a: Celesteela\n|\n|-weather|SunnyDay|[upkeep]\n|upkeep\n|\n|t:|1645186340\n|switch|p2a: Conkeldurr|Conkeldurr, F|32\/100 brn\n|turn|19\n|\n|t:|1645186346\n|move|p1a: Ninetales|Overheat|p2a: Conkeldurr\n|-damage|p2a: Conkeldurr|0 fnt\n|-unboost|p1a: Ninetales|spa|2\n|faint|p2a: Conkeldurr\n|\n|-weather|SunnyDay|[upkeep]\n|upkeep\n|\n|t:|1645186353\n|switch|p2a: Cloyster|Cloyster, M|100\/100\n|turn|20\n|\n|t:|1645186358\n|move|p1a: Ninetales|Overheat|p2a: Cloyster\n|-enditem|p2a: Cloyster|Focus Sash\n|-damage|p2a: Cloyster|1\/100\n|-unboost|p1a: Ninetales|spa|2\n|move|p2a: Cloyster|Shell Smash|p2a: Cloyster\n|-unboost|p2a: Cloyster|def|1\n|-unboost|p2a: Cloyster|spd|1\n|-boost|p2a: Cloyster|atk|2\n|-boost|p2a: Cloyster|spa|2\n|-boost|p2a: Cloyster|spe|2\n|\n|-weather|SunnyDay|[upkeep]\n|upkeep\n|turn|21\n|\n|t:|1645186366\n|move|p2a: Cloyster|Liquidation|p1a: Ninetales\n|-supereffective|p1a: Ninetales\n|-damage|p1a: Ninetales|0 fnt\n|faint|p1a: Ninetales\n|\n|-weather|none\n|upkeep\n|\n|t:|1645186368\n|switch|p1a: Conkeldurr|Conkeldurr, F|100\/100\n|turn|22\n|\n|t:|1645186370\n|move|p1a: Conkeldurr|Mach Punch|p2a: Cloyster\n|-supereffective|p2a: Cloyster\n|-damage|p2a: Cloyster|0 fnt\n|faint|p2a: Cloyster\n|\n|upkeep\n|\n|t:|1645186372\n|switch|p2a: Haxorus|Haxorus, M, shiny|100\/100\n|-ability|p2a: Haxorus|Mold Breaker\n|turn|23\n|\n|t:|1645186379\n|move|p2a: Haxorus|Scale Shot|p1a: Conkeldurr\n|-damage|p1a: Conkeldurr|87\/100\n|-damage|p1a: Conkeldurr|72\/100\n|-damage|p1a: Conkeldurr|57\/100\n|-hitcount|p1a: Conkeldurr|3\n|-unboost|p2a: Haxorus|def|1\n|-boost|p2a: Haxorus|spe|1\n|move|p1a: Conkeldurr|Ice Punch|p2a: Haxorus\n|-supereffective|p2a: Haxorus\n|-enditem|p2a: Haxorus|Focus Sash\n|-damage|p2a: Haxorus|1\/100\n|\n|upkeep\n|turn|24\n|c|\u2606ninjadouche|gg\n|-message|Ivyon forfeited.\n|\n|win|ninjadouche\n|raw|ninjadouche's rating: 1423 &rarr; <strong>1442<\/strong><br \/>(+19 for winning)\n|raw|Ivyon's rating: 1406 &rarr; <strong>1387<\/strong><br \/>(-19 for losing)\n|l|\u2606Ivyon\n","uploadtime":1645186395,"views":14,"p1id":"ninjadouche","p2id":"ivyon","formatid":"gen8uu","rating":1387,"private":0,"password":null}