{"id":"gen8nationaldexag-1124574266","p1":"Heavy is dead","p2":"Neonkyojin","format":"gen8nationaldexag","log":"|j|\u2606Heavy is dead\n|j|\u2606Neonkyojin\n|player|p1|Heavy is dead|plasmagrunt|1223\n|player|p2|Neonkyojin|acetrainer|1123\n|teamsize|p1|6\n|teamsize|p2|6\n|gametype|singles\n|gen|8\n|tier|[Gen 8] National Dex AG\n|rated|\n|clearpoke\n|poke|p1|Blaziken, M|\n|poke|p1|Swampert, F|\n|poke|p1|Genesect-*|\n|poke|p1|Mimikyu, F|\n|poke|p1|Groudon|\n|poke|p1|Crobat, F|\n|poke|p2|Smeargle, M|\n|poke|p2|Smeargle, F|\n|poke|p2|Smeargle, F|\n|poke|p2|Jirachi|\n|poke|p2|Shaymin-Sky|\n|poke|p2|Arceus-*|\n|rule|HP Percentage Mod: HP is shown in percentages\n|rule|Endless Battle Clause: Forcing endless battles is banned\n|teampreview\n|inactive|Battle timer is ON: inactive players will automatically lose when time's up. (requested by Neonkyojin)\n|\n|start\n|switch|p1a: Crobat|Crobat, F|100\/100\n|switch|p2a: Smeargle|Smeargle, M|100\/100\n|turn|1\n|\n|move|p1a: Crobat|Taunt|p2a: Smeargle\n|-start|p2a: Smeargle|move: Taunt\n|cant|p2a: Smeargle|move: Taunt|Shell Smash\n|\n|upkeep\n|turn|2\n|\n|switch|p2a: Jirachi|Jirachi|100\/100\n|move|p1a: Crobat|Toxic|p2a: Jirachi\n|-immune|p2a: Jirachi\n|\n|upkeep\n|turn|3\n|\n|switch|p1a: Genesect|Genesect-Douse, shiny|100\/100\n|-ability|p1a: Genesect|Download|boost\n|-boost|p1a: Genesect|spa|1\n|move|p2a: Jirachi|Ancient Power|p1a: Genesect\n|-damage|p1a: Genesect|83\/100\n|-boost|p2a: Jirachi|atk|1\n|-boost|p2a: Jirachi|def|1\n|-boost|p2a: Jirachi|spa|1\n|-boost|p2a: Jirachi|spd|1\n|-boost|p2a: Jirachi|spe|1\n|\n|upkeep\n|turn|4\n|\n|-start|p1a: Genesect|Dynamax\n|-heal|p1a: Genesect|83\/100|[silent]\n|move|p2a: Jirachi|Fire Punch|p1a: Genesect\n|-supereffective|p1a: Genesect\n|-damage|p1a: Genesect|0 fnt\n|faint|p1a: Genesect\n|\n|upkeep\n|\n|switch|p1a: Groudon|Groudon, shiny|100\/100\n|detailschange|p1a: Groudon|Groudon-Primal, shiny\n|-primal|p1a: Groudon\n|-weather|DesolateLand|[from] ability: Desolate Land|[of] p1a: Groudon\n|turn|5\n|\n|move|p2a: Jirachi|Zen Headbutt|p1a: Groudon\n|-crit|p1a: Groudon\n|-damage|p1a: Groudon|57\/100\n|cant|p1a: Groudon|flinch\n|\n|-weather|DesolateLand|[upkeep]\n|upkeep\n|turn|6\n|\n|move|p2a: Jirachi|Zen Headbutt|p1a: Groudon\n|-damage|p1a: Groudon|30\/100\n|move|p1a: Groudon|Fire Punch|p2a: Jirachi\n|-supereffective|p2a: Jirachi\n|-damage|p2a: Jirachi|0 fnt\n|faint|p2a: Jirachi\n|\n|-weather|DesolateLand|[upkeep]\n|upkeep\n|\n|switch|p2a: Smeargle|Smeargle, F|100\/100\n|turn|7\n|\n|move|p2a: Smeargle|Magic Coat|p2a: Smeargle\n|-singleturn|p2a: Smeargle|move: Magic Coat\n|move|p1a: Groudon|Precipice Blades|p2a: Smeargle\n|-enditem|p2a: Smeargle|Focus Sash\n|-damage|p2a: Smeargle|1\/100\n|\n|-weather|DesolateLand|[upkeep]\n|upkeep\n|turn|8\n|\n|move|p2a: Smeargle|Spore|p1a: Groudon\n|-status|p1a: Groudon|slp|[from] move: Spore\n|cant|p1a: Groudon|slp\n|\n|-weather|DesolateLand|[upkeep]\n|upkeep\n|turn|9\n|\n|-weather|none\n|switch|p1a: Crobat|Crobat, F|100\/100\n|move|p2a: Smeargle|Shell Smash|p2a: Smeargle\n|-unboost|p2a: Smeargle|def|1\n|-unboost|p2a: Smeargle|spd|1\n|-boost|p2a: Smeargle|atk|2\n|-boost|p2a: Smeargle|spa|2\n|-boost|p2a: Smeargle|spe|2\n|\n|upkeep\n|turn|10\n|\n|move|p1a: Crobat|Protect|p1a: Crobat\n|-singleturn|p1a: Crobat|Protect\n|move|p2a: Smeargle|Spore|p1a: Crobat\n|-activate|p1a: Crobat|move: Protect\n|\n|upkeep\n|turn|11\n|-message|Heavy is dead forfeited.\n|\n|win|Neonkyojin\n|l|\u2606Heavy is dead\n|raw|Heavy is dead's rating: 1202 &rarr; <strong>1172<\/strong><br \/>(-30 for losing)\n|raw|Neonkyojin's rating: 1123 &rarr; <strong>1153<\/strong><br \/>(+30 for winning)\n","uploadtime":1590970444,"views":0,"p1id":"heavyisdead","p2id":"neonkyojin","formatid":"gen8nationaldexag","rating":1153,"private":0,"password":null}