{"id":"gen8ou-1675888188","p1":"Kwaga","p2":"Diameter\u272fXtreme","format":"gen8ou","log":"|j|\u2606Kwaga\n|j|\u2606Diameter\u272fXtreme\n|t:|1664733072\n|gametype|singles\n|player|p1|Kwaga|elesa|1711\n|player|p2|Diameter\u272fXtreme|jasmine-gen2|1707\n|teamsize|p1|6\n|teamsize|p2|6\n|gen|8\n|tier|[Gen 8] OU\n|rated|\n|rule|Sleep Clause Mod: Limit one foe put to sleep\n|rule|Species Clause: Limit one of each Pok\u00e9mon\n|rule|OHKO Clause: OHKO moves are banned\n|rule|Evasion Items Clause: Evasion items are banned\n|rule|Evasion Moves Clause: Evasion moves are banned\n|rule|Endless Battle Clause: Forcing endless battles is banned\n|rule|HP Percentage Mod: HP is shown in percentages\n|rule|Dynamax Clause: You cannot dynamax\n|clearpoke\n|poke|p1|Rillaboom, M|\n|poke|p1|Kartana|\n|poke|p1|Melmetal|\n|poke|p1|Heatran, F|\n|poke|p1|Gastrodon-East, F|\n|poke|p1|Zapdos|\n|poke|p2|Melmetal|\n|poke|p2|Volcanion|\n|poke|p2|Sandaconda, M|\n|poke|p2|Zapdos|\n|poke|p2|Heatran, M|\n|poke|p2|Buzzwole|\n|teampreview\n|inactive|Battle timer is ON: inactive players will automatically lose when time's up. (requested by Diameter\u272fXtreme)\n|c|\u2606Diameter\u272fXtreme|hf\n|\n|t:|1664733080\n|start\n|switch|p1a: Gastrodon|Gastrodon-East, F|100\/100\n|switch|p2a: Sandaconda|Sandaconda, M|100\/100\n|turn|1\n|c|\u2606Kwaga|u2\n|\n|t:|1664733084\n|move|p2a: Sandaconda|Glare|p1a: Gastrodon\n|-status|p1a: Gastrodon|par\n|move|p1a: Gastrodon|Toxic|p2a: Sandaconda\n|-status|p2a: Sandaconda|tox\n|\n|-activate|p2a: Sandaconda|ability: Shed Skin\n|-curestatus|p2a: Sandaconda|tox|[msg]\n|upkeep\n|turn|2\n|j| Nylez\n|\n|t:|1664733092\n|move|p2a: Sandaconda|Stealth Rock|p1a: Gastrodon\n|-sidestart|p1: Kwaga|move: Stealth Rock\n|cant|p1a: Gastrodon|par\n|\n|upkeep\n|turn|3\n|\n|t:|1664733096\n|switch|p2a: Volcanion|Volcanion|100\/100\n|move|p1a: Gastrodon|Scald|p2a: Volcanion\n|-immune|p2a: Volcanion|[from] ability: Water Absorb\n|\n|upkeep\n|turn|4\n|\n|t:|1664733104\n|switch|p2a: Buzzwole|Buzzwole|100\/100\n|move|p1a: Gastrodon|Earth Power|p2a: Buzzwole\n|-resisted|p2a: Buzzwole\n|-damage|p2a: Buzzwole|78\/100\n|\n|upkeep\n|turn|5\n|\n|t:|1664733114\n|move|p2a: Buzzwole|Ice Punch|p1a: Gastrodon\n|-damage|p1a: Gastrodon|67\/100 par\n|move|p1a: Gastrodon|Toxic|p2a: Buzzwole|[miss]\n|-miss|p1a: Gastrodon|p2a: Buzzwole\n|\n|-heal|p1a: Gastrodon|73\/100 par|[from] item: Leftovers\n|upkeep\n|turn|6\n|c|\u2606Kwaga|bro\n|c|\u2606Kwaga|plz\n|c|\u2606Diameter\u272fXtreme|i-\n|\n|t:|1664733129\n|switch|p2a: Sandaconda|Sandaconda, M|100\/100\n|switch|p1a: Zapdos|Zapdos|100\/100\n|\n|upkeep\n|turn|7\n|\n|t:|1664733132\n|switch|p1a: Gastrodon|Gastrodon-East, F|73\/100 par\n|-damage|p1a: Gastrodon|67\/100 par|[from] Stealth Rock\n|move|p2a: Sandaconda|Stealth Rock||[still]\n|-fail|p2a: Sandaconda\n|\n|-heal|p1a: Gastrodon|73\/100 par|[from] item: Leftovers\n|upkeep\n|turn|8\n|\n|t:|1664733137\n|move|p2a: Sandaconda|Earthquake|p1a: Gastrodon\n|-damage|p1a: Gastrodon|36\/100 par\n|move|p1a: Gastrodon|Recover|p1a: Gastrodon\n|-heal|p1a: Gastrodon|86\/100 par\n|\n|-heal|p1a: Gastrodon|92\/100 par|[from] item: Leftovers\n|upkeep\n|turn|9\n|\n|t:|1664733142\n|switch|p1a: Rillaboom|Rillaboom, M|100\/100\n|-damage|p1a: Rillaboom|88\/100|[from] Stealth Rock\n|-fieldstart|move: Grassy Terrain|[from] ability: Grassy Surge|[of] p1a: Rillaboom\n|move|p2a: Sandaconda|Earthquake|p1a: Rillaboom\n|-resisted|p1a: Rillaboom\n|-damage|p1a: Rillaboom|79\/100\n|\n|-heal|p1a: Rillaboom|85\/100|[from] Grassy Terrain\n|-heal|p1a: Rillaboom|91\/100|[from] item: Leftovers\n|upkeep\n|turn|10\n|\n|t:|1664733146\n|move|p1a: Rillaboom|Knock Off|p2a: Sandaconda\n|-damage|p2a: Sandaconda|71\/100\n|-enditem|p2a: Sandaconda|Leftovers|[from] move: Knock Off|[of] p1a: Rillaboom\n|move|p2a: Sandaconda|Glare|p1a: Rillaboom\n|-status|p1a: Rillaboom|par\n|\n|-heal|p2a: Sandaconda|77\/100|[from] Grassy Terrain\n|-heal|p1a: Rillaboom|98\/100 par|[from] Grassy Terrain\n|-heal|p1a: Rillaboom|100\/100 par|[from] item: Leftovers\n|upkeep\n|turn|11\n|\n|t:|1664733151\n|switch|p2a: Zapdos|Zapdos|100\/100\n|move|p1a: Rillaboom|Knock Off|p2a: Zapdos\n|-damage|p2a: Zapdos|69\/100\n|-enditem|p2a: Zapdos|Heavy-Duty Boots|[from] move: Knock Off|[of] p1a: Rillaboom\n|\n|upkeep\n|turn|12\n|\n|t:|1664733154\n|switch|p1a: Gastrodon|Gastrodon-East, F|92\/100 par\n|-damage|p1a: Gastrodon|86\/100 par|[from] Stealth Rock\n|move|p2a: Zapdos|Roost|p2a: Zapdos\n|-heal|p2a: Zapdos|100\/100\n|-singleturn|p2a: Zapdos|move: Roost\n|\n|-heal|p1a: Gastrodon|92\/100 par|[from] Grassy Terrain\n|-heal|p1a: Gastrodon|99\/100 par|[from] item: Leftovers\n|upkeep\n|turn|13\n|\n|t:|1664733157\n|switch|p1a: Heatran|Heatran, F|100\/100\n|-damage|p1a: Heatran|88\/100|[from] Stealth Rock\n|move|p2a: Zapdos|Hurricane|p1a: Heatran|[miss]\n|-miss|p2a: Zapdos|p1a: Heatran\n|\n|-heal|p1a: Heatran|94\/100|[from] Grassy Terrain\n|-heal|p1a: Heatran|100\/100|[from] item: Leftovers\n|-fieldend|move: Grassy Terrain\n|upkeep\n|turn|14\n|\n|t:|1664733159\n|move|p1a: Heatran|Stealth Rock|p2a: Zapdos\n|-sidestart|p2: Diameter\u272fXtreme|move: Stealth Rock\n|move|p2a: Zapdos|Discharge|p1a: Heatran\n|-damage|p1a: Heatran|64\/100\n|\n|-heal|p1a: Heatran|70\/100|[from] item: Leftovers\n|upkeep\n|turn|15\n|\n|t:|1664733161\n|move|p1a: Heatran|Magma Storm|p2a: Zapdos\n|-damage|p2a: Zapdos|52\/100\n|-activate|p2a: Zapdos|move: Magma Storm|[of] p1a: Heatran\n|move|p2a: Zapdos|Discharge|p1a: Heatran\n|-damage|p1a: Heatran|36\/100\n|\n|-heal|p1a: Heatran|42\/100|[from] item: Leftovers\n|-damage|p2a: Zapdos|39\/100|[from] move: Magma Storm|[partiallytrapped]\n|upkeep\n|turn|16\n|\n|t:|1664733165\n|move|p1a: Heatran|Magma Storm|p2a: Zapdos|[miss]\n|-miss|p1a: Heatran|p2a: Zapdos\n|move|p2a: Zapdos|Roost|p2a: Zapdos\n|-heal|p2a: Zapdos|90\/100\n|-singleturn|p2a: Zapdos|move: Roost\n|\n|-heal|p1a: Heatran|48\/100|[from] item: Leftovers\n|-damage|p2a: Zapdos|77\/100|[from] move: Magma Storm|[partiallytrapped]\n|upkeep\n|turn|17\n|\n|t:|1664733167\n|move|p1a: Heatran|Magma Storm|p2a: Zapdos|[miss]\n|-miss|p1a: Heatran|p2a: Zapdos\n|move|p2a: Zapdos|Discharge|p1a: Heatran\n|-damage|p1a: Heatran|18\/100\n|\n|-heal|p1a: Heatran|24\/100|[from] item: Leftovers\n|-damage|p2a: Zapdos|65\/100|[from] move: Magma Storm|[partiallytrapped]\n|upkeep\n|turn|18\n|\n|t:|1664733169\n|move|p1a: Heatran|Magma Storm|p2a: Zapdos\n|-damage|p2a: Zapdos|17\/100\n|move|p2a: Zapdos|Discharge|p1a: Heatran\n|-damage|p1a: Heatran|0 fnt\n|faint|p1a: Heatran\n|\n|-end|p2a: Zapdos|Magma Storm|[partiallytrapped]|[silent]\n|upkeep\n|\n|t:|1664733176\n|switch|p1a: Kartana|Kartana|100\/100\n|-damage|p1a: Kartana|94\/100|[from] Stealth Rock\n|turn|19\n|\n|t:|1664733178\n|switch|p2a: Buzzwole|Buzzwole|78\/100\n|-damage|p2a: Buzzwole|65\/100|[from] Stealth Rock\n|move|p1a: Kartana|Knock Off|p2a: Buzzwole\n|-resisted|p2a: Buzzwole\n|-damage|p2a: Buzzwole|51\/100\n|-enditem|p2a: Buzzwole|Rocky Helmet|[from] move: Knock Off|[of] p1a: Kartana\n|\n|upkeep\n|turn|20\n|\n|t:|1664733182\n|switch|p1a: Zapdos|Zapdos|100\/100\n|move|p2a: Buzzwole|Roost|p2a: Buzzwole\n|-heal|p2a: Buzzwole|100\/100\n|-singleturn|p2a: Buzzwole|move: Roost\n|\n|upkeep\n|turn|21\n|\n|t:|1664733187\n|switch|p2a: Sandaconda|Sandaconda, M|77\/100\n|-damage|p2a: Sandaconda|71\/100|[from] Stealth Rock\n|move|p1a: Zapdos|Volt Switch|p2a: Sandaconda\n|-immune|p2a: Sandaconda\n|\n|upkeep\n|turn|22\n|\n|t:|1664733189\n|switch|p1a: Rillaboom|Rillaboom, M|100\/100 par\n|-damage|p1a: Rillaboom|88\/100 par|[from] Stealth Rock\n|-fieldstart|move: Grassy Terrain|[from] ability: Grassy Surge|[of] p1a: Rillaboom\n|move|p2a: Sandaconda|Stealth Rock||[still]\n|-fail|p2a: Sandaconda\n|\n|-heal|p2a: Sandaconda|77\/100|[from] Grassy Terrain\n|-heal|p1a: Rillaboom|94\/100 par|[from] Grassy Terrain\n|-heal|p1a: Rillaboom|100\/100 par|[from] item: Leftovers\n|upkeep\n|turn|23\n|\n|t:|1664733195\n|switch|p2a: Buzzwole|Buzzwole|100\/100\n|-damage|p2a: Buzzwole|88\/100|[from] Stealth Rock\n|switch|p1a: Zapdos|Zapdos|100\/100\n|\n|-heal|p2a: Buzzwole|94\/100|[from] Grassy Terrain\n|upkeep\n|turn|24\n|\n|t:|1664733201\n|switch|p2a: Heatran|Heatran, M|100\/100\n|-damage|p2a: Heatran|88\/100|[from] Stealth Rock\n|move|p1a: Zapdos|Volt Switch|p2a: Heatran\n|-damage|p2a: Heatran|69\/100\n|\n|t:|1664733205\n|switch|p1a: Gastrodon|Gastrodon-East, F|99\/100 par|[from]move: Volt Switch\n|-damage|p1a: Gastrodon|92\/100 par|[from] Stealth Rock\n|\n|-heal|p2a: Heatran|75\/100|[from] Grassy Terrain\n|-heal|p2a: Heatran|81\/100|[from] item: Leftovers\n|-heal|p1a: Gastrodon|99\/100 par|[from] Grassy Terrain\n|-heal|p1a: Gastrodon|100\/100 par|[from] item: Leftovers\n|upkeep\n|turn|25\n|\n|t:|1664733211\n|switch|p2a: Buzzwole|Buzzwole|94\/100\n|-damage|p2a: Buzzwole|82\/100|[from] Stealth Rock\n|cant|p1a: Gastrodon|par\n|\n|-heal|p2a: Buzzwole|88\/100|[from] Grassy Terrain\n|upkeep\n|turn|26\n|\n|t:|1664733214\n|move|p2a: Buzzwole|Close Combat|p1a: Gastrodon\n|-damage|p1a: Gastrodon|24\/100 par\n|-unboost|p2a: Buzzwole|def|1\n|-unboost|p2a: Buzzwole|spd|1\n|cant|p1a: Gastrodon|par\n|\n|-heal|p2a: Buzzwole|94\/100|[from] Grassy Terrain\n|-heal|p1a: Gastrodon|30\/100 par|[from] Grassy Terrain\n|-heal|p1a: Gastrodon|36\/100 par|[from] item: Leftovers\n|-fieldend|move: Grassy Terrain\n|upkeep\n|turn|27\n|c|\u2606Diameter\u272fXtreme|:|\n|c|\u2606Kwaga|this game sucks\n|\n|t:|1664733224\n|switch|p2a: Melmetal|Melmetal|100\/100\n|-damage|p2a: Melmetal|94\/100|[from] Stealth Rock\n|move|p1a: Gastrodon|Recover|p1a: Gastrodon\n|-heal|p1a: Gastrodon|86\/100 par\n|\n|-heal|p1a: Gastrodon|92\/100 par|[from] item: Leftovers\n|upkeep\n|turn|28\n|\n|t:|1664733227\n|switch|p1a: Zapdos|Zapdos|100\/100\n|move|p2a: Melmetal|Double Iron Bash|p1a: Zapdos\n|-resisted|p1a: Zapdos\n|-damage|p1a: Zapdos|78\/100\n|-resisted|p1a: Zapdos\n|-damage|p1a: Zapdos|56\/100\n|-status|p2a: Melmetal|par|[from] ability: Static|[of] p1a: Zapdos\n|-hitcount|p1a: Zapdos|2\n|\n|upkeep\n|turn|29\n|\n|t:|1664733233\n|switch|p2a: Heatran|Heatran, M|81\/100\n|-damage|p2a: Heatran|69\/100|[from] Stealth Rock\n|move|p1a: Zapdos|Roost|p1a: Zapdos\n|-heal|p1a: Zapdos|100\/100\n|-singleturn|p1a: Zapdos|move: Roost\n|\n|-heal|p2a: Heatran|75\/100|[from] item: Leftovers\n|upkeep\n|turn|30\n|\n|t:|1664733237\n|move|p1a: Zapdos|Volt Switch|p2a: Heatran\n|-damage|p2a: Heatran|57\/100\n|\n|t:|1664733239\n|switch|p1a: Gastrodon|Gastrodon-East, F|92\/100 par|[from]move: Volt Switch\n|-damage|p1a: Gastrodon|86\/100 par|[from] Stealth Rock\n|move|p2a: Heatran|Magma Storm|p1a: Gastrodon\n|-resisted|p1a: Gastrodon\n|-damage|p1a: Gastrodon|70\/100 par\n|-activate|p1a: Gastrodon|move: Magma Storm|[of] p2a: Heatran\n|\n|-heal|p2a: Heatran|63\/100|[from] item: Leftovers\n|-heal|p1a: Gastrodon|76\/100 par|[from] item: Leftovers\n|-damage|p1a: Gastrodon|64\/100 par|[from] move: Magma Storm|[partiallytrapped]\n|upkeep\n|turn|31\n|\n|t:|1664733245\n|switch|p2a: Buzzwole|Buzzwole|94\/100\n|-damage|p2a: Buzzwole|81\/100|[from] Stealth Rock\n|cant|p1a: Gastrodon|par\n|\n|-heal|p1a: Gastrodon|70\/100 par|[from] item: Leftovers\n|-end|p1a: Gastrodon|Magma Storm|[partiallytrapped]|[silent]\n|upkeep\n|turn|32\n|\n|t:|1664733250\n|switch|p2a: Melmetal|Melmetal|94\/100 par\n|-damage|p2a: Melmetal|88\/100 par|[from] Stealth Rock\n|switch|p1a: Zapdos|Zapdos|100\/100\n|\n|upkeep\n|turn|33\n|\n|t:|1664733252\n|move|p1a: Zapdos|Volt Switch|p2a: Melmetal\n|-damage|p2a: Melmetal|57\/100 par\n|\n|t:|1664733255\n|switch|p1a: Gastrodon|Gastrodon-East, F|70\/100 par|[from]move: Volt Switch\n|-damage|p1a: Gastrodon|64\/100 par|[from] Stealth Rock\n|move|p2a: Melmetal|Toxic|p1a: Gastrodon|[miss]\n|-miss|p2a: Melmetal|p1a: Gastrodon\n|\n|-heal|p1a: Gastrodon|70\/100 par|[from] item: Leftovers\n|upkeep\n|turn|34\n|\n|t:|1664733260\n|switch|p2a: Sandaconda|Sandaconda, M|77\/100\n|-damage|p2a: Sandaconda|71\/100|[from] Stealth Rock\n|move|p1a: Gastrodon|Earth Power|p2a: Sandaconda\n|-damage|p2a: Sandaconda|47\/100\n|\n|-heal|p1a: Gastrodon|76\/100 par|[from] item: Leftovers\n|upkeep\n|turn|35\n|\n|t:|1664733264\n|move|p2a: Sandaconda|Rest|p2a: Sandaconda\n|-status|p2a: Sandaconda|slp|[from] move: Rest\n|-heal|p2a: Sandaconda|100\/100 slp|[silent]\n|move|p1a: Gastrodon|Recover|p1a: Gastrodon\n|-heal|p1a: Gastrodon|100\/100 par\n|\n|upkeep\n|turn|36\n|\n|t:|1664733267\n|cant|p2a: Sandaconda|slp\n|cant|p1a: Gastrodon|par\n|\n|upkeep\n|turn|37\n|\n|t:|1664733269\n|cant|p2a: Sandaconda|slp\n|move|p1a: Gastrodon|Scald|p2a: Sandaconda\n|-supereffective|p2a: Sandaconda\n|-damage|p2a: Sandaconda|52\/100 slp\n|\n|-activate|p2a: Sandaconda|ability: Shed Skin\n|-curestatus|p2a: Sandaconda|slp|[msg]\n|upkeep\n|turn|38\n|\n|t:|1664733272\n|move|p2a: Sandaconda|Earthquake|p1a: Gastrodon\n|-damage|p1a: Gastrodon|62\/100 par\n|move|p1a: Gastrodon|Earth Power|p2a: Sandaconda\n|-damage|p2a: Sandaconda|24\/100\n|\n|-heal|p1a: Gastrodon|68\/100 par|[from] item: Leftovers\n|upkeep\n|turn|39\n|\n|t:|1664733274\n|move|p2a: Sandaconda|Rest|p2a: Sandaconda\n|-status|p2a: Sandaconda|slp|[from] move: Rest\n|-heal|p2a: Sandaconda|100\/100 slp|[silent]\n|move|p1a: Gastrodon|Recover|p1a: Gastrodon\n|-heal|p1a: Gastrodon|100\/100 par\n|\n|-activate|p2a: Sandaconda|ability: Shed Skin\n|-curestatus|p2a: Sandaconda|slp|[msg]\n|upkeep\n|turn|40\n|j| Brenik\n|j| Pokeemon noob\n|\n|t:|1664733282\n|switch|p1a: Rillaboom|Rillaboom, M|100\/100 par\n|-damage|p1a: Rillaboom|88\/100 par|[from] Stealth Rock\n|-fieldstart|move: Grassy Terrain|[from] ability: Grassy Surge|[of] p1a: Rillaboom\n|move|p2a: Sandaconda|Glare|p1a: Rillaboom\n|-fail|p1a: Rillaboom|par\n|\n|-heal|p1a: Rillaboom|94\/100 par|[from] Grassy Terrain\n|-heal|p1a: Rillaboom|100\/100 par|[from] item: Leftovers\n|upkeep\n|turn|41\n|\n|t:|1664733287\n|switch|p2a: Buzzwole|Buzzwole|81\/100\n|-damage|p2a: Buzzwole|69\/100|[from] Stealth Rock\n|switch|p1a: Zapdos|Zapdos|100\/100\n|\n|-heal|p2a: Buzzwole|75\/100|[from] Grassy Terrain\n|upkeep\n|turn|42\n|j| Copoy\n|\n|t:|1664733289\n|move|p1a: Zapdos|Hurricane|p2a: Buzzwole\n|-supereffective|p2a: Buzzwole\n|-damage|p2a: Buzzwole|0 fnt\n|faint|p2a: Buzzwole\n|\n|upkeep\n|c|\u2606Diameter\u272fXtreme|gg\n|c|\u2606Kwaga|gg\n|-message|Diameter\u272fXtreme forfeited.\n|\n|win|Kwaga\n|raw|Kwaga's rating: 1711 &rarr; <strong>1731<\/strong><br \/>(+20 for winning)\n|raw|Diameter\u272fXtreme's rating: 1707 &rarr; <strong>1687<\/strong><br \/>(-20 for losing)\n","uploadtime":1664733299,"views":15,"p1id":"kwaga","p2id":"diameterxtreme","formatid":"gen8ou","rating":1687,"private":0,"password":null}