{"id":"gen8ou-1637301031","p1":"reionatro","p2":"LT92PF Zokuru","format":"gen8ou","log":"|raw|<div class=\"broadcast-blue\"><strong>This battle is required to be public due to a player having a name starting with 'lt92pf'.<\/div>\n|j|\u2606reionatro\n|j|\u2606LT92PF Zokuru\n|t:|1660225910\n|gametype|singles\n|player|p1|reionatro|170|1730\n|player|p2|LT92PF Zokuru|gentleman-gen4dp|1757\n|teamsize|p1|6\n|teamsize|p2|6\n|gen|8\n|tier|[Gen 8] OU\n|rated|\n|rule|Sleep Clause Mod: Limit one foe put to sleep\n|rule|Species Clause: Limit one of each Pok\u00e9mon\n|rule|OHKO Clause: OHKO moves are banned\n|rule|Evasion Items Clause: Evasion items are banned\n|rule|Evasion Moves Clause: Evasion moves are banned\n|rule|Endless Battle Clause: Forcing endless battles is banned\n|rule|HP Percentage Mod: HP is shown in percentages\n|rule|Dynamax Clause: You cannot dynamax\n|clearpoke\n|poke|p1|Nihilego|\n|poke|p1|Zapdos-Galar|\n|poke|p1|Kartana|\n|poke|p1|Celesteela|\n|poke|p1|Garchomp, F|\n|poke|p1|Tapu Fini|\n|poke|p2|Blacephalon|\n|poke|p2|Dragapult, M|\n|poke|p2|Heatran, M|\n|poke|p2|Landorus-Therian, M|\n|poke|p2|Ferrothorn, M|\n|poke|p2|Toxapex, F|\n|teampreview\n|c|\u2606reionatro|hf\n|j|@ironwater\n|j| LT92PF Po\n|j| tytyui\u21bb\n|\n|t:|1660225952\n|start\n|switch|p1a: Kartana|Kartana|100\/100\n|switch|p2a: Toxapex|Toxapex, F|100\/100\n|turn|1\n|inactive|Battle timer is ON: inactive players will automatically lose when time's up. (requested by LT92PF Zokuru)\n|\n|t:|1660225978\n|switch|p1a: Garchomp|Garchomp, F|100\/100\n|move|p2a: Toxapex|Knock Off|p1a: Garchomp\n|-damage|p1a: Garchomp|87\/100\n|-damage|p2a: Toxapex|88\/100|[from] ability: Rough Skin|[of] p1a: Garchomp\n|-damage|p2a: Toxapex|72\/100|[from] item: Rocky Helmet|[of] p1a: Garchomp\n|-enditem|p1a: Garchomp|Rocky Helmet|[from] move: Knock Off|[of] p2a: Toxapex\n|\n|upkeep\n|turn|2\n|\n|t:|1660225987\n|move|p1a: Garchomp|Stealth Rock|p2a: Toxapex\n|-sidestart|p2: LT92PF Zokuru|move: Stealth Rock\n|move|p2a: Toxapex|Toxic|p1a: Garchomp\n|-status|p1a: Garchomp|tox\n|\n|-damage|p1a: Garchomp|81\/100 tox|[from] psn\n|upkeep\n|turn|3\n|\n|t:|1660226008\n|switch|p2a: Landorus|Landorus-Therian, M|100\/100\n|-damage|p2a: Landorus|88\/100|[from] Stealth Rock\n|-ability|p2a: Landorus|Intimidate|boost\n|-unboost|p1a: Garchomp|atk|1\n|move|p1a: Garchomp|Earthquake|p2a: Landorus\n|-immune|p2a: Landorus\n|\n|-heal|p2a: Landorus|94\/100|[from] item: Leftovers\n|-damage|p1a: Garchomp|68\/100 tox|[from] psn\n|upkeep\n|turn|4\n|\n|t:|1660226012\n|move|p1a: Garchomp|Toxic|p2a: Landorus\n|-status|p2a: Landorus|tox\n|move|p2a: Landorus|Defog|p1a: Garchomp\n|-unboost|p1a: Garchomp|evasion|1\n|-sideend|p2: LT92PF Zokuru|Stealth Rock|[from] move: Defog|[of] p2a: Landorus\n|\n|-heal|p2a: Landorus|99\/100 tox|[from] item: Leftovers\n|-damage|p1a: Garchomp|50\/100 tox|[from] psn\n|-damage|p2a: Landorus|94\/100 tox|[from] psn\n|upkeep\n|turn|5\n|\n|t:|1660226022\n|switch|p1a: Zapdos|Zapdos-Galar|100\/100\n|move|p2a: Landorus|Defog|p1a: Zapdos\n|-unboost|p1a: Zapdos|evasion|1\n|-ability|p1a: Zapdos|Defiant\n|-boost|p1a: Zapdos|atk|2\n|\n|-heal|p2a: Landorus|99\/100 tox|[from] item: Leftovers\n|-damage|p2a: Landorus|88\/100 tox|[from] psn\n|upkeep\n|turn|6\n|\n|t:|1660226042\n|switch|p2a: Dragapult|Dragapult, M|100\/100\n|move|p1a: Zapdos|Brave Bird|p2a: Dragapult\n|-damage|p2a: Dragapult|0 fnt\n|faint|p2a: Dragapult\n|-damage|p1a: Zapdos|68\/100|[from] Recoil\n|\n|upkeep\n|\n|t:|1660226052\n|switch|p2a: Heatran|Heatran, M|100\/100\n|turn|7\n|\n|t:|1660226055\n|move|p1a: Zapdos|Brave Bird|p2a: Heatran\n|-resisted|p2a: Heatran\n|-damage|p2a: Heatran|24\/100\n|-damage|p1a: Zapdos|38\/100|[from] Recoil\n|move|p2a: Heatran|Magma Storm|p1a: Zapdos\n|-damage|p1a: Zapdos|0 fnt\n|faint|p1a: Zapdos\n|\n|-heal|p2a: Heatran|30\/100|[from] item: Leftovers\n|upkeep\n|inactive|reionatro has 120 seconds left.\n|\n|t:|1660226107\n|switch|p1a: Tapu Fini|Tapu Fini|100\/100\n|-fieldstart|move: Misty Terrain|[from] ability: Misty Surge|[of] p1a: Tapu Fini\n|turn|8\n|\n|t:|1660226112\n|switch|p2a: Ferrothorn|Ferrothorn, M|100\/100\n|move|p1a: Tapu Fini|Scald|p2a: Ferrothorn\n|-resisted|p2a: Ferrothorn\n|-damage|p2a: Ferrothorn|88\/100\n|\n|-heal|p2a: Ferrothorn|94\/100|[from] item: Leftovers\n|upkeep\n|turn|9\n|\n|t:|1660226117\n|move|p1a: Tapu Fini|Taunt|p2a: Ferrothorn\n|-start|p2a: Ferrothorn|move: Taunt\n|cant|p2a: Ferrothorn|move: Taunt|Stealth Rock\n|\n|-heal|p2a: Ferrothorn|99\/100|[from] item: Leftovers\n|upkeep\n|turn|10\n|inactive|reionatro has 120 seconds left.\n|\n|t:|1660226130\n|switch|p1a: Garchomp|Garchomp, F|50\/100 tox\n|switch|p2a: Blacephalon|Blacephalon|100\/100\n|\n|-damage|p1a: Garchomp|43\/100 tox|[from] psn\n|upkeep\n|turn|11\n|inactive|reionatro has 120 seconds left.\n|\n|t:|1660226153\n|switch|p1a: Nihilego|Nihilego|100\/100\n|move|p2a: Blacephalon|Shadow Ball|p1a: Nihilego\n|-damage|p1a: Nihilego|65\/100\n|\n|upkeep\n|turn|12\n|inactive|reionatro has 90 seconds left.\n|\n|t:|1660226185\n|switch|p2a: Ferrothorn|Ferrothorn, M|99\/100\n|move|p1a: Nihilego|Power Gem|p2a: Ferrothorn\n|-resisted|p2a: Ferrothorn\n|-damage|p2a: Ferrothorn|84\/100\n|\n|-heal|p2a: Ferrothorn|90\/100|[from] item: Leftovers\n|-fieldend|Misty Terrain\n|upkeep\n|turn|13\n|inactive|reionatro has 90 seconds left.\n|\n|t:|1660226195\n|switch|p1a: Garchomp|Garchomp, F|43\/100 tox\n|move|p2a: Ferrothorn|Stealth Rock|p1a: Garchomp\n|-sidestart|p1: reionatro|move: Stealth Rock\n|\n|-heal|p2a: Ferrothorn|96\/100|[from] item: Leftovers\n|-damage|p1a: Garchomp|37\/100 tox|[from] psn\n|upkeep\n|turn|14\n|\n|t:|1660226199\n|move|p1a: Garchomp|Stealth Rock|p2a: Ferrothorn\n|-sidestart|p2: LT92PF Zokuru|move: Stealth Rock\n|move|p2a: Ferrothorn|Body Press|p1a: Garchomp\n|-damage|p1a: Garchomp|10\/100 tox\n|-damage|p2a: Ferrothorn|84\/100|[from] ability: Rough Skin|[of] p1a: Garchomp\n|\n|-heal|p2a: Ferrothorn|90\/100|[from] item: Leftovers\n|-damage|p1a: Garchomp|0 fnt|[from] psn\n|faint|p1a: Garchomp\n|upkeep\n|inactive|reionatro has 90 seconds left.\n|\n|t:|1660226222\n|switch|p1a: Celesteela|Celesteela|100\/100\n|-damage|p1a: Celesteela|88\/100|[from] Stealth Rock\n|turn|15\n|\n|t:|1660226249\n|switch|p2a: Toxapex|Toxapex, F|100\/100\n|-damage|p2a: Toxapex|88\/100|[from] Stealth Rock\n|move|p1a: Celesteela|Flamethrower|p2a: Toxapex\n|-resisted|p2a: Toxapex\n|-damage|p2a: Toxapex|76\/100\n|\n|upkeep\n|turn|16\n|n| Overseer Eye|tytyui\n|\n|t:|1660226269\n|switch|p1a: Tapu Fini|Tapu Fini|100\/100\n|-damage|p1a: Tapu Fini|88\/100|[from] Stealth Rock\n|-fieldstart|move: Misty Terrain|[from] ability: Misty Surge|[of] p1a: Tapu Fini\n|move|p2a: Toxapex|Recover|p2a: Toxapex\n|-heal|p2a: Toxapex|100\/100\n|\n|-heal|p1a: Tapu Fini|94\/100|[from] item: Leftovers\n|upkeep\n|turn|17\n|\n|t:|1660226280\n|move|p1a: Tapu Fini|Calm Mind|p1a: Tapu Fini\n|-boost|p1a: Tapu Fini|spa|1\n|-boost|p1a: Tapu Fini|spd|1\n|move|p2a: Toxapex|Knock Off|p1a: Tapu Fini\n|-resisted|p1a: Tapu Fini\n|-damage|p1a: Tapu Fini|88\/100\n|-enditem|p1a: Tapu Fini|Leftovers|[from] move: Knock Off|[of] p2a: Toxapex\n|\n|upkeep\n|turn|18\n|\n|t:|1660226291\n|switch|p2a: Ferrothorn|Ferrothorn, M|90\/100\n|-damage|p2a: Ferrothorn|84\/100|[from] Stealth Rock\n|move|p1a: Tapu Fini|Taunt|p2a: Ferrothorn\n|-start|p2a: Ferrothorn|move: Taunt\n|\n|-heal|p2a: Ferrothorn|90\/100|[from] item: Leftovers\n|upkeep\n|turn|19\n|\n|t:|1660226296\n|move|p1a: Tapu Fini|Calm Mind|p1a: Tapu Fini\n|-boost|p1a: Tapu Fini|spa|1\n|-boost|p1a: Tapu Fini|spd|1\n|move|p2a: Ferrothorn|Body Press|p1a: Tapu Fini\n|-resisted|p1a: Tapu Fini\n|-damage|p1a: Tapu Fini|76\/100\n|\n|-heal|p2a: Ferrothorn|96\/100|[from] item: Leftovers\n|upkeep\n|turn|20\n|inactive|reionatro has 60 seconds left.\n|\n|t:|1660226335\n|move|p1a: Tapu Fini|Calm Mind|p1a: Tapu Fini\n|-boost|p1a: Tapu Fini|spa|1\n|-boost|p1a: Tapu Fini|spd|1\n|move|p2a: Ferrothorn|Body Press|p1a: Tapu Fini\n|-resisted|p1a: Tapu Fini\n|-damage|p1a: Tapu Fini|65\/100\n|\n|-heal|p2a: Ferrothorn|100\/100|[from] item: Leftovers\n|-end|p2a: Ferrothorn|move: Taunt\n|-fieldend|Misty Terrain\n|upkeep\n|turn|21\n|inactive|reionatro has 60 seconds left.\n|\n|t:|1660226344\n|move|p1a: Tapu Fini|Scald|p2a: Ferrothorn\n|-resisted|p2a: Ferrothorn\n|-damage|p2a: Ferrothorn|69\/100\n|move|p2a: Ferrothorn|Body Press|p1a: Tapu Fini\n|-resisted|p1a: Tapu Fini\n|-damage|p1a: Tapu Fini|54\/100\n|\n|-heal|p2a: Ferrothorn|75\/100|[from] item: Leftovers\n|upkeep\n|turn|22\n|inactive|reionatro has 60 seconds left.\n|\n|t:|1660226368\n|move|p1a: Tapu Fini|Taunt|p2a: Ferrothorn\n|-start|p2a: Ferrothorn|move: Taunt\n|cant|p2a: Ferrothorn|move: Taunt|Leech Seed\n|\n|-heal|p2a: Ferrothorn|81\/100|[from] item: Leftovers\n|upkeep\n|turn|23\n|\n|t:|1660226384\n|switch|p2a: Heatran|Heatran, M|30\/100\n|-damage|p2a: Heatran|18\/100|[from] Stealth Rock\n|move|p1a: Tapu Fini|Scald|p2a: Heatran\n|-supereffective|p2a: Heatran\n|-damage|p2a: Heatran|0 fnt\n|faint|p2a: Heatran\n|\n|upkeep\n|\n|t:|1660226387\n|switch|p2a: Blacephalon|Blacephalon|100\/100\n|-damage|p2a: Blacephalon|76\/100|[from] Stealth Rock\n|turn|24\n|\n|t:|1660226402\n|move|p2a: Blacephalon|Trick|p1a: Tapu Fini\n|-activate|p2a: Blacephalon|move: Trick|[of] p1a: Tapu Fini\n|-item|p1a: Tapu Fini|Choice Scarf|[from] move: Trick\n|-enditem|p2a: Blacephalon|Choice Scarf|[silent]|[from] move: Trick\n|move|p1a: Tapu Fini|Scald|p2a: Blacephalon\n|-supereffective|p2a: Blacephalon\n|-damage|p2a: Blacephalon|0 fnt\n|faint|p2a: Blacephalon\n|\n|upkeep\n|\n|t:|1660226408\n|switch|p2a: Toxapex|Toxapex, F|100\/100\n|-damage|p2a: Toxapex|88\/100|[from] Stealth Rock\n|turn|25\n|inactive|reionatro has 30 seconds left.\n|\n|t:|1660226447\n|switch|p1a: Kartana|Kartana|100\/100\n|-damage|p1a: Kartana|94\/100|[from] Stealth Rock\n|move|p2a: Toxapex|Haze|p2a: Toxapex\n|-clearallboost\n|\n|upkeep\n|turn|26\n|inactive|reionatro has 30 seconds left.\n|inactive|reionatro has 20 seconds left.\n|\n|t:|1660226464\n|move|p1a: Kartana|Knock Off|p2a: Toxapex\n|-damage|p2a: Toxapex|64\/100\n|-damage|p1a: Kartana|78\/100|[from] item: Rocky Helmet|[of] p2a: Toxapex\n|-enditem|p2a: Toxapex|Rocky Helmet|[from] move: Knock Off|[of] p1a: Kartana\n|move|p2a: Toxapex|Knock Off|p1a: Kartana\n|-damage|p1a: Kartana|60\/100\n|-enditem|p1a: Kartana|Choice Scarf|[from] move: Knock Off|[of] p2a: Toxapex\n|\n|upkeep\n|turn|27\n|inactive|reionatro has 30 seconds left this turn.\n|inactive|reionatro has 20 seconds left.\n|inactive|reionatro has 15 seconds left.\n|\n|t:|1660226483\n|move|p1a: Kartana|Leaf Blade|p2a: Toxapex\n|-damage|p2a: Toxapex|28\/100\n|move|p2a: Toxapex|Recover|p2a: Toxapex\n|-heal|p2a: Toxapex|78\/100\n|\n|upkeep\n|turn|28\n|inactive|reionatro has 25 seconds left this turn.\n|inactive|reionatro has 20 seconds left.\n|\n|t:|1660226489\n|move|p1a: Kartana|Leaf Blade|p2a: Toxapex\n|-damage|p2a: Toxapex|42\/100\n|move|p2a: Toxapex|Recover|p2a: Toxapex\n|-heal|p2a: Toxapex|92\/100\n|\n|upkeep\n|turn|29\n|inactive|reionatro has 30 seconds left this turn.\n|\n|t:|1660226492\n|move|p1a: Kartana|Leaf Blade|p2a: Toxapex\n|-crit|p2a: Toxapex\n|-damage|p2a: Toxapex|40\/100\n|move|p2a: Toxapex|Knock Off|p1a: Kartana\n|-damage|p1a: Kartana|48\/100\n|\n|upkeep\n|turn|30\n|\n|t:|1660226497\n|move|p1a: Kartana|Leaf Blade|p2a: Toxapex\n|-damage|p2a: Toxapex|5\/100\n|move|p2a: Toxapex|Recover|p2a: Toxapex\n|-heal|p2a: Toxapex|56\/100\n|\n|upkeep\n|turn|31\n|n| jollypom|overseereye\n|\n|t:|1660226502\n|move|p1a: Kartana|Leaf Blade|p2a: Toxapex\n|-damage|p2a: Toxapex|17\/100\n|move|p2a: Toxapex|Recover|p2a: Toxapex\n|-heal|p2a: Toxapex|67\/100\n|\n|upkeep\n|turn|32\n|\n|t:|1660226507\n|switch|p2a: Ferrothorn|Ferrothorn, M|81\/100\n|-damage|p2a: Ferrothorn|75\/100|[from] Stealth Rock\n|move|p1a: Kartana|Leaf Blade|p2a: Ferrothorn\n|-resisted|p2a: Ferrothorn\n|-damage|p2a: Ferrothorn|67\/100\n|-damage|p1a: Kartana|36\/100|[from] ability: Iron Barbs|[of] p2a: Ferrothorn\n|\n|-heal|p2a: Ferrothorn|73\/100|[from] item: Leftovers\n|upkeep\n|turn|33\n|j| Divine flower\n|l| Divine flower\n|inactive|reionatro has 60 seconds left.\n|inactive|reionatro has 30 seconds left.\n|\n|t:|1660226556\n|switch|p2a: Toxapex|Toxapex, F|99\/100\n|-damage|p2a: Toxapex|88\/100|[from] Stealth Rock\n|move|p1a: Kartana|Sacred Sword|p2a: Toxapex\n|-resisted|p2a: Toxapex\n|-damage|p2a: Toxapex|75\/100\n|\n|upkeep\n|turn|34\n|j| lt92pf mj\n|inactive|reionatro has 30 seconds left.\n|\n|t:|1660226564\n|move|p1a: Kartana|Sacred Sword|p2a: Toxapex\n|-resisted|p2a: Toxapex\n|-damage|p2a: Toxapex|63\/100\n|move|p2a: Toxapex|Recover|p2a: Toxapex\n|-heal|p2a: Toxapex|100\/100\n|\n|upkeep\n|turn|35\n|\n|t:|1660226567\n|move|p1a: Kartana|Leaf Blade|p2a: Toxapex\n|-damage|p2a: Toxapex|63\/100\n|move|p2a: Toxapex|Knock Off|p1a: Kartana\n|-damage|p1a: Kartana|26\/100\n|\n|upkeep\n|turn|36\n|\n|t:|1660226572\n|move|p1a: Kartana|Leaf Blade|p2a: Toxapex\n|-crit|p2a: Toxapex\n|-damage|p2a: Toxapex|6\/100\n|move|p2a: Toxapex|Recover|p2a: Toxapex\n|-heal|p2a: Toxapex|56\/100\n|\n|upkeep\n|turn|37\n|\n|t:|1660226576\n|move|p1a: Kartana|Leaf Blade|p2a: Toxapex\n|-damage|p2a: Toxapex|17\/100\n|move|p2a: Toxapex|Recover|p2a: Toxapex\n|-heal|p2a: Toxapex|67\/100\n|\n|upkeep\n|turn|38\n|\n|t:|1660226579\n|switch|p2a: Ferrothorn|Ferrothorn, M|73\/100\n|-damage|p2a: Ferrothorn|67\/100|[from] Stealth Rock\n|move|p1a: Kartana|Leaf Blade|p2a: Ferrothorn\n|-resisted|p2a: Ferrothorn\n|-damage|p2a: Ferrothorn|59\/100\n|-damage|p1a: Kartana|13\/100|[from] ability: Iron Barbs|[of] p2a: Ferrothorn\n|\n|-heal|p2a: Ferrothorn|65\/100|[from] item: Leftovers\n|upkeep\n|turn|39\n|\n|t:|1660226584\n|switch|p2a: Toxapex|Toxapex, F|100\/100\n|-damage|p2a: Toxapex|88\/100|[from] Stealth Rock\n|move|p1a: Kartana|Leaf Blade|p2a: Toxapex\n|-damage|p2a: Toxapex|52\/100\n|\n|upkeep\n|turn|40\n|\n|t:|1660226588\n|move|p1a: Kartana|Sacred Sword|p2a: Toxapex\n|-resisted|p2a: Toxapex\n|-damage|p2a: Toxapex|40\/100\n|move|p2a: Toxapex|Recover|p2a: Toxapex\n|-heal|p2a: Toxapex|90\/100\n|\n|upkeep\n|turn|41\n|\n|t:|1660226591\n|move|p1a: Kartana|Leaf Blade|p2a: Toxapex\n|-crit|p2a: Toxapex\n|-damage|p2a: Toxapex|38\/100\n|move|p2a: Toxapex|Knock Off|p1a: Kartana\n|-damage|p1a: Kartana|2\/100\n|\n|upkeep\n|turn|42\n|\n|t:|1660226605\n|switch|p2a: Landorus|Landorus-Therian, M|88\/100 tox\n|-damage|p2a: Landorus|76\/100 tox|[from] Stealth Rock\n|-ability|p2a: Landorus|Intimidate|boost\n|-unboost|p1a: Kartana|atk|1\n|move|p1a: Kartana|Sacred Sword|p2a: Landorus\n|-resisted|p2a: Landorus\n|-damage|p2a: Landorus|63\/100 tox\n|\n|-heal|p2a: Landorus|69\/100 tox|[from] item: Leftovers\n|-damage|p2a: Landorus|63\/100 tox|[from] psn\n|upkeep\n|turn|43\n|\n|t:|1660226609\n|switch|p2a: Toxapex|Toxapex, F|72\/100\n|-damage|p2a: Toxapex|60\/100|[from] Stealth Rock\n|move|p1a: Kartana|Leaf Blade|p2a: Toxapex\n|-damage|p2a: Toxapex|37\/100\n|\n|upkeep\n|turn|44\n|\n|t:|1660226614\n|switch|p2a: Ferrothorn|Ferrothorn, M|65\/100\n|-damage|p2a: Ferrothorn|59\/100|[from] Stealth Rock\n|move|p1a: Kartana|Leaf Blade|p2a: Ferrothorn\n|-resisted|p2a: Ferrothorn\n|-damage|p2a: Ferrothorn|53\/100\n|-damage|p1a: Kartana|0 fnt|[from] ability: Iron Barbs|[of] p2a: Ferrothorn\n|faint|p1a: Kartana\n|\n|-heal|p2a: Ferrothorn|59\/100|[from] item: Leftovers\n|upkeep\n|n| tytyui\u21bb|jollypom\n|\n|t:|1660226635\n|switch|p1a: Celesteela|Celesteela|88\/100\n|-damage|p1a: Celesteela|76\/100|[from] Stealth Rock\n|turn|45\n|l| tytyui\u21bb\n|inactive|reionatro has 90 seconds left.\n|inactive|reionatro has 60 seconds left.\n|\n|t:|1660226700\n|switch|p2a: Toxapex|Toxapex, F|70\/100\n|-damage|p2a: Toxapex|58\/100|[from] Stealth Rock\n|move|p1a: Celesteela|Flamethrower|p2a: Toxapex\n|-resisted|p2a: Toxapex\n|-damage|p2a: Toxapex|46\/100\n|-status|p2a: Toxapex|brn\n|\n|-damage|p2a: Toxapex|40\/100 brn|[from] brn\n|upkeep\n|turn|46\n|inactive|reionatro has 60 seconds left.\n|\n|t:|1660226707\n|move|p1a: Celesteela|Meteor Beam||[still]\n|-prepare|p1a: Celesteela|Meteor Beam\n|-boost|p1a: Celesteela|spa|1\n|-enditem|p1a: Celesteela|Power Herb\n|-anim|p1a: Celesteela|Meteor Beam|p2a: Toxapex\n|-damage|p2a: Toxapex|0 fnt\n|faint|p2a: Toxapex\n|-ability|p1a: Celesteela|Beast Boost|boost\n|-boost|p1a: Celesteela|spa|1\n|\n|upkeep\n|-message|LT92PF Zokuru forfeited.\n|\n|win|reionatro\n|raw|reionatro's rating: 1730 &rarr; <strong>1752<\/strong><br \/>(+22 for winning)\n|raw|LT92PF Zokuru's rating: 1757 &rarr; <strong>1735<\/strong><br \/>(-22 for losing)\n|c|\u2606reionatro|gg\n|l|\u2606LT92PF Zokuru\n|l| lt92pf mj\n||Ladder isn't responding, score probably updated but might not have (Request timeout).\n|l|@ironwater\n|l|\u2606reionatro\n|j|\u2606reionatro\n|player|p1|reionatro|170\n","uploadtime":1660226715,"views":58,"p1id":"reionatro","p2id":"lt92pfzokuru","formatid":"gen8ou","rating":1735,"private":0,"password":null}