{"id":"gen8ou-1285870122","p1":"MAVERICK SHOOTERS","p2":"junglezone56","format":"gen8ou","log":"|j|\u2606MAVERICK SHOOTERS\n|j|\u2606junglezone56\n|t:|1613767992\n|player|p1|MAVERICK SHOOTERS|2|\n|player|p2|junglezone56|266|\n|teamsize|p1|6\n|teamsize|p2|6\n|gametype|singles\n|gen|8\n|tier|[Gen 8] OU\n|clearpoke\n|poke|p1|Blacephalon|\n|poke|p1|Tapu Koko|\n|poke|p1|Garchomp, M|\n|poke|p1|Tornadus-Therian, M|\n|poke|p1|Rillaboom, F|\n|poke|p1|Magearna|\n|poke|p2|Sneasel, M|\n|poke|p2|Corviknight, M|\n|poke|p2|Hippowdon, M|\n|poke|p2|Gengar, M|\n|poke|p2|Dracozolt|\n|poke|p2|Keldeo-Resolute|\n|rule|Sleep Clause Mod: Limit one foe put to sleep\n|rule|Species Clause: Limit one of each Pok\u00e9mon\n|rule|OHKO Clause: OHKO moves are banned\n|rule|Evasion Moves Clause: Evasion moves are banned\n|rule|Endless Battle Clause: Forcing endless battles is banned\n|rule|HP Percentage Mod: HP is shown in percentages\n|rule|Dynamax Clause: You cannot dynamax\n|teampreview\n|c|\u2606junglezone56|see\n|c|\u2606junglezone56|same team\n|c|\u2606junglezone56|gl\n|\n|t:|1613768014\n|start\n|switch|p1a: Rillaboom|Rillaboom, F|100\/100\n|switch|p2a: Hippowdon|Hippowdon, M|100\/100\n|-fieldstart|move: Grassy Terrain|[from] ability: Grassy Surge|[of] p1a: Rillaboom\n|-weather|Sandstorm|[from] ability: Sand Stream|[of] p2a: Hippowdon\n|turn|1\n|\n|t:|1613768028\n|switch|p2a: Dracozolt|Dracozolt|100\/100\n|move|p1a: Rillaboom|Knock Off|p2a: Dracozolt\n|-damage|p2a: Dracozolt|33\/100\n|-enditem|p2a: Dracozolt|Life Orb|[from] move: Knock Off|[of] p1a: Rillaboom\n|\n|-weather|Sandstorm|[upkeep]\n|-damage|p1a: Rillaboom|94\/100|[from] Sandstorm\n|-heal|p2a: Dracozolt|39\/100|[from] Grassy Terrain\n|-heal|p1a: Rillaboom|100\/100|[from] Grassy Terrain\n|upkeep\n|turn|2\n|\n|t:|1613768045\n|move|p2a: Dracozolt|Fire Blast|p1a: Rillaboom\n|-supereffective|p1a: Rillaboom\n|-damage|p1a: Rillaboom|39\/100\n|move|p1a: Rillaboom|Knock Off|p2a: Dracozolt\n|-damage|p2a: Dracozolt|0 fnt\n|faint|p2a: Dracozolt\n|\n|-weather|Sandstorm|[upkeep]\n|-damage|p1a: Rillaboom|33\/100|[from] Sandstorm\n|-heal|p1a: Rillaboom|39\/100|[from] Grassy Terrain\n|upkeep\n|\n|t:|1613768065\n|switch|p2a: Sneasel|Sneasel, M|100\/100\n|turn|3\n|\n|t:|1613768079\n|switch|p1a: Magearna|Magearna|100\/100\n|move|p2a: Sneasel|Ice Shard|p1a: Magearna\n|-resisted|p1a: Magearna\n|-damage|p1a: Magearna|94\/100\n|\n|-weather|Sandstorm|[upkeep]\n|-damage|p2a: Sneasel|95\/100|[from] Sandstorm\n|-heal|p2a: Sneasel|100\/100|[from] Grassy Terrain\n|-heal|p1a: Magearna|99\/100|[from] Grassy Terrain\n|upkeep\n|turn|4\n|\n|t:|1613768106\n|switch|p2a: Hippowdon|Hippowdon, M|100\/100\n|move|p1a: Magearna|Volt Switch|p2a: Hippowdon\n|-immune|p2a: Hippowdon\n|\n|-weather|Sandstorm|[upkeep]\n|-heal|p1a: Magearna|100\/100|[from] Grassy Terrain\n|upkeep\n|turn|5\n|\n|t:|1613768116\n|switch|p1a: Garchomp|Garchomp, M|100\/100\n|move|p2a: Hippowdon|Stealth Rock|p1a: Garchomp\n|-sidestart|p1: MAVERICK SHOOTERS|move: Stealth Rock\n|\n|-weather|none\n|-fieldend|move: Grassy Terrain\n|upkeep\n|turn|6\n|\n|t:|1613768122\n|move|p1a: Garchomp|Stealth Rock|p2a: Hippowdon\n|-sidestart|p2: junglezone56|move: Stealth Rock\n|move|p2a: Hippowdon|Toxic|p1a: Garchomp\n|-status|p1a: Garchomp|tox\n|\n|-damage|p1a: Garchomp|94\/100 tox|[from] psn\n|upkeep\n|turn|7\n|\n|t:|1613768136\n|move|p1a: Garchomp|Toxic|p2a: Hippowdon\n|-status|p2a: Hippowdon|tox\n|move|p2a: Hippowdon|Earthquake|p1a: Garchomp\n|-damage|p1a: Garchomp|71\/100 tox\n|\n|-damage|p1a: Garchomp|59\/100 tox|[from] psn\n|-damage|p2a: Hippowdon|94\/100 tox|[from] psn\n|upkeep\n|turn|8\n|\n|t:|1613768148\n|move|p1a: Garchomp|Fire Blast|p2a: Hippowdon\n|-damage|p2a: Hippowdon|75\/100 tox\n|-enditem|p2a: Hippowdon|Red Card|[of] p1a: Garchomp\n|drag|p1a: Tapu Koko|Tapu Koko|100\/100\n|-fieldstart|move: Electric Terrain|[from] ability: Electric Surge|[of] p1a: Tapu Koko\n|move|p2a: Hippowdon|Earthquake|p1a: Tapu Koko\n|-supereffective|p1a: Tapu Koko\n|-damage|p1a: Tapu Koko|0 fnt\n|faint|p1a: Tapu Koko\n|\n|-damage|p2a: Hippowdon|62\/100 tox|[from] psn\n|upkeep\n|c|\u2606junglezone56|GET GOT\n|c|\u2606MAVERICK SHOOTERS|Bruh\n|c|\u2606MAVERICK SHOOTERS|Ur luck lmao\n|\n|t:|1613768194\n|switch|p1a: Rillaboom|Rillaboom, F|39\/100\n|-damage|p1a: Rillaboom|27\/100|[from] Stealth Rock\n|-fieldstart|move: Grassy Terrain|[from] ability: Grassy Surge|[of] p1a: Rillaboom\n|turn|9\n|c|\u2606junglezone56|hmm\n|c|\u2606junglezone56|gotta read this one hard\n|\n|t:|1613768236\n|switch|p2a: Corviknight|Corviknight, M, shiny|100\/100\n|-damage|p2a: Corviknight|88\/100|[from] Stealth Rock\n|-ability|p2a: Corviknight|Pressure\n|move|p1a: Rillaboom|Grassy Glide|p2a: Corviknight\n|-resisted|p2a: Corviknight\n|-damage|p2a: Corviknight|76\/100\n|\n|-heal|p1a: Rillaboom|33\/100|[from] Grassy Terrain\n|-heal|p2a: Corviknight|82\/100|[from] item: Leftovers\n|upkeep\n|turn|10\n|\n|t:|1613768250\n|switch|p1a: Blacephalon|Blacephalon|100\/100\n|-damage|p1a: Blacephalon|76\/100|[from] Stealth Rock\n|move|p2a: Corviknight|Defog|p1a: Blacephalon\n|-unboost|p1a: Blacephalon|evasion|1\n|-sideend|p1: MAVERICK SHOOTERS|Stealth Rock|[from] move: Defog|[of] p2a: Corviknight\n|-sideend|p2: junglezone56|Stealth Rock|[from] move: Defog|[of] p2a: Corviknight\n|-fieldend|move: Grassy Terrain\n|\n|-heal|p2a: Corviknight|88\/100|[from] item: Leftovers\n|upkeep\n|turn|11\n|\n|t:|1613768265\n|switch|p2a: Keldeo|Keldeo-Resolute|100\/100\n|move|p1a: Blacephalon|Shadow Ball|p2a: Keldeo\n|-damage|p2a: Keldeo|26\/100\n|\n|upkeep\n|turn|12\n|\n|t:|1613768277\n|switch|p1a: Magearna|Magearna|100\/100\n|move|p2a: Keldeo|Flip Turn|p1a: Magearna\n|-damage|p1a: Magearna|86\/100\n|\n|t:|1613768285\n|switch|p2a: Gengar|Gengar, M, shiny|100\/100|[from]move: Flip Turn\n|\n|upkeep\n|turn|13\n|\n|t:|1613768295\n|move|p2a: Gengar|Substitute|p2a: Gengar\n|-start|p2a: Gengar|Substitute\n|-damage|p2a: Gengar|76\/100\n|move|p1a: Magearna|Fleur Cannon|p2a: Gengar|[miss]\n|-miss|p1a: Magearna|p2a: Gengar\n|\n|-heal|p2a: Gengar|82\/100|[from] item: Black Sludge\n|upkeep\n|turn|14\n|\n|t:|1613768304\n|move|p2a: Gengar|Nasty Plot|p2a: Gengar\n|-boost|p2a: Gengar|spa|2\n|move|p1a: Magearna|Iron Head|p2a: Gengar\n|-end|p2a: Gengar|Substitute\n|\n|-heal|p2a: Gengar|88\/100|[from] item: Black Sludge\n|upkeep\n|turn|15\n|\n|t:|1613768312\n|move|p2a: Gengar|Substitute|p2a: Gengar\n|-start|p2a: Gengar|Substitute\n|-damage|p2a: Gengar|63\/100\n|move|p1a: Magearna|Iron Head|p2a: Gengar\n|-end|p2a: Gengar|Substitute\n|\n|-heal|p2a: Gengar|69\/100|[from] item: Black Sludge\n|upkeep\n|turn|16\n|\n|t:|1613768322\n|move|p2a: Gengar|Shadow Ball|p1a: Magearna\n|-damage|p1a: Magearna|51\/100\n|move|p1a: Magearna|Volt Switch|p2a: Gengar\n|-damage|p2a: Gengar|37\/100\n|-start|p1a: Magearna|Disable|Volt Switch|[from] ability: Cursed Body|[of] p2a: Gengar\n|\n|t:|1613768335\n|switch|p1a: Tornadus|Tornadus-Therian, M|100\/100|[from]move: Volt Switch\n|\n|-heal|p2a: Gengar|43\/100|[from] item: Black Sludge\n|upkeep\n|turn|17\n|\n|t:|1613768349\n|switch|p2a: Hippowdon|Hippowdon, M|62\/100 tox\n|-weather|Sandstorm|[from] ability: Sand Stream|[of] p2a: Hippowdon\n|move|p1a: Tornadus|Knock Off|p2a: Hippowdon\n|-damage|p2a: Hippowdon|56\/100 tox\n|\n|-weather|Sandstorm|[upkeep]\n|-damage|p1a: Tornadus|94\/100|[from] Sandstorm\n|-damage|p2a: Hippowdon|50\/100 tox|[from] psn\n|upkeep\n|turn|18\n|\n|t:|1613768382\n|move|p1a: Tornadus|Hurricane|p2a: Hippowdon\n|-damage|p2a: Hippowdon|6\/100 tox\n|-start|p2a: Hippowdon|confusion\n|-activate|p2a: Hippowdon|confusion\n|move|p2a: Hippowdon|Slack Off|p2a: Hippowdon\n|-heal|p2a: Hippowdon|56\/100 tox\n|\n|-weather|Sandstorm|[upkeep]\n|-damage|p1a: Tornadus|88\/100|[from] Sandstorm\n|-damage|p2a: Hippowdon|44\/100 tox|[from] psn\n|upkeep\n|turn|19\n|\n|t:|1613768395\n|move|p1a: Tornadus|Hurricane|p2a: Hippowdon\n|-damage|p2a: Hippowdon|2\/100 tox\n|-activate|p2a: Hippowdon|confusion\n|move|p2a: Hippowdon|Stealth Rock|p1a: Tornadus\n|-sidestart|p1: MAVERICK SHOOTERS|move: Stealth Rock\n|\n|-weather|Sandstorm|[upkeep]\n|-damage|p1a: Tornadus|82\/100|[from] Sandstorm\n|-damage|p2a: Hippowdon|0 fnt|[from] psn\n|faint|p2a: Hippowdon\n|upkeep\n|\n|t:|1613768455\n|switch|p2a: Corviknight|Corviknight, M, shiny|88\/100\n|-ability|p2a: Corviknight|Pressure\n|turn|20\n|\n|t:|1613768464\n|move|p1a: Tornadus|Defog|p2a: Corviknight\n|-unboost|p2a: Corviknight|evasion|1\n|-sideend|p1: MAVERICK SHOOTERS|Stealth Rock|[from] move: Defog|[of] p1a: Tornadus\n|move|p2a: Corviknight|Brave Bird|p1a: Tornadus\n|-damage|p1a: Tornadus|40\/100\n|-damage|p2a: Corviknight|76\/100|[from] Recoil\n|\n|-weather|Sandstorm|[upkeep]\n|-damage|p1a: Tornadus|34\/100|[from] Sandstorm\n|-heal|p2a: Corviknight|82\/100|[from] item: Leftovers\n|upkeep\n|turn|21\n|\n|t:|1613768480\n|switch|p1a: Garchomp|Garchomp, M|59\/100 tox\n|move|p2a: Corviknight|Brave Bird|p1a: Garchomp\n|-damage|p1a: Garchomp|36\/100 tox\n|-damage|p2a: Corviknight|69\/100|[from] ability: Rough Skin|[of] p1a: Garchomp\n|-damage|p2a: Corviknight|53\/100|[from] item: Rocky Helmet|[of] p1a: Garchomp\n|-damage|p2a: Corviknight|45\/100|[from] Recoil\n|\n|-weather|none\n|-heal|p2a: Corviknight|51\/100|[from] item: Leftovers\n|-damage|p1a: Garchomp|29\/100 tox|[from] psn\n|upkeep\n|turn|22\n|\n|t:|1613768501\n|switch|p2a: Keldeo|Keldeo-Resolute|26\/100\n|move|p1a: Garchomp|Stealth Rock|p2a: Keldeo\n|-sidestart|p2: junglezone56|move: Stealth Rock\n|\n|-damage|p1a: Garchomp|17\/100 tox|[from] psn\n|upkeep\n|turn|23\n|\n|t:|1613768526\n|move|p2a: Keldeo|Secret Sword|p1a: Garchomp\n|-crit|p1a: Garchomp\n|-damage|p1a: Garchomp|0 fnt\n|faint|p1a: Garchomp\n|\n|upkeep\n|\n|t:|1613768535\n|switch|p1a: Rillaboom|Rillaboom, F|33\/100\n|-fieldstart|move: Grassy Terrain|[from] ability: Grassy Surge|[of] p1a: Rillaboom\n|turn|24\n|\n|t:|1613768565\n|switch|p2a: Corviknight|Corviknight, M, shiny|51\/100\n|-damage|p2a: Corviknight|39\/100|[from] Stealth Rock\n|-ability|p2a: Corviknight|Pressure\n|move|p1a: Rillaboom|Grassy Glide|p2a: Corviknight\n|-resisted|p2a: Corviknight\n|-damage|p2a: Corviknight|28\/100\n|\n|-heal|p1a: Rillaboom|39\/100|[from] Grassy Terrain\n|-heal|p2a: Corviknight|34\/100|[from] item: Leftovers\n|upkeep\n|turn|25\n|\n|t:|1613768578\n|switch|p1a: Blacephalon|Blacephalon|76\/100\n|move|p2a: Corviknight|Roost|p2a: Corviknight\n|-heal|p2a: Corviknight|84\/100\n|-singleturn|p2a: Corviknight|move: Roost\n|\n|-heal|p1a: Blacephalon|82\/100|[from] Grassy Terrain\n|-heal|p2a: Corviknight|90\/100|[from] Grassy Terrain\n|-heal|p2a: Corviknight|96\/100|[from] item: Leftovers\n|upkeep\n|turn|26\n|\n|t:|1613768600\n|move|p1a: Blacephalon|Flamethrower|p2a: Corviknight\n|-supereffective|p2a: Corviknight\n|-damage|p2a: Corviknight|0 fnt\n|faint|p2a: Corviknight\n|-ability|p1a: Blacephalon|Beast Boost|boost\n|-boost|p1a: Blacephalon|spa|1\n|\n|-heal|p1a: Blacephalon|88\/100|[from] Grassy Terrain\n|upkeep\n|\n|t:|1613768616\n|switch|p2a: Gengar|Gengar, M, shiny|43\/100\n|-damage|p2a: Gengar|31\/100|[from] Stealth Rock\n|turn|27\n|\n|t:|1613768623\n|move|p2a: Gengar|Shadow Ball|p1a: Blacephalon\n|-supereffective|p1a: Blacephalon\n|-damage|p1a: Blacephalon|0 fnt\n|faint|p1a: Blacephalon\n|\n|-heal|p2a: Gengar|37\/100|[from] Grassy Terrain\n|-heal|p2a: Gengar|43\/100|[from] item: Black Sludge\n|upkeep\n|\n|t:|1613768630\n|switch|p1a: Rillaboom|Rillaboom, F|39\/100\n|turn|28\n|\n|t:|1613768644\n|move|p1a: Rillaboom|Grassy Glide|p2a: Gengar\n|-resisted|p2a: Gengar\n|-damage|p2a: Gengar|0 fnt\n|faint|p2a: Gengar\n|\n|-heal|p1a: Rillaboom|45\/100|[from] Grassy Terrain\n|-fieldend|move: Grassy Terrain\n|upkeep\n|c|\u2606junglezone56|scarfed i see\n|\n|t:|1613768673\n|switch|p2a: Keldeo|Keldeo-Resolute|26\/100\n|-damage|p2a: Keldeo|20\/100|[from] Stealth Rock\n|turn|29\n|\n|t:|1613768695\n|switch|p1a: Tornadus|Tornadus-Therian, M|67\/100\n|move|p2a: Keldeo|Icy Wind|p1a: Tornadus\n|-supereffective|p1a: Tornadus\n|-damage|p1a: Tornadus|25\/100\n|-unboost|p1a: Tornadus|spe|1\n|\n|upkeep\n|turn|30\n|\n|t:|1613768705\n|switch|p1a: Magearna|Magearna|51\/100\n|move|p2a: Keldeo|Icy Wind|p1a: Magearna\n|-resisted|p1a: Magearna\n|-damage|p1a: Magearna|47\/100\n|-unboost|p1a: Magearna|spe|1\n|\n|upkeep\n|turn|31\n|\n|t:|1613768718\n|move|p2a: Keldeo|Icy Wind|p1a: Magearna\n|-resisted|p1a: Magearna\n|-damage|p1a: Magearna|43\/100\n|-unboost|p1a: Magearna|spe|1\n|move|p1a: Magearna|Volt Switch|p2a: Keldeo\n|-supereffective|p2a: Keldeo\n|-damage|p2a: Keldeo|0 fnt\n|faint|p2a: Keldeo\n|-ability|p1a: Magearna|Soul-Heart|boost\n|-boost|p1a: Magearna|spa|1\n|c|\u2606MAVERICK SHOOTERS|Icy wind, nice tech\n|\n|t:|1613768733\n|switch|p1a: Rillaboom|Rillaboom, F|45\/100|[from]move: Volt Switch\n|-fieldstart|move: Grassy Terrain|[from] ability: Grassy Surge|[of] p1a: Rillaboom\n|\n|-heal|p1a: Rillaboom|51\/100|[from] Grassy Terrain\n|upkeep\n|\n|t:|1613768738\n|switch|p2a: Sneasel|Sneasel, M|100\/100\n|-damage|p2a: Sneasel|76\/100|[from] Stealth Rock\n|turn|32\n|\n|t:|1613768745\n|move|p2a: Sneasel|Ice Shard|p1a: Rillaboom\n|-supereffective|p1a: Rillaboom\n|-damage|p1a: Rillaboom|11\/100\n|move|p1a: Rillaboom|Grassy Glide|p2a: Sneasel\n|-damage|p2a: Sneasel|0 fnt\n|faint|p2a: Sneasel\n|\n|win|MAVERICK SHOOTERS\n|c|\u2606junglezone56|YOU LIVED IT WTF\n","uploadtime":1613768756,"views":16,"p1id":"maverickshooters","p2id":"junglezone56","formatid":"gen8ou","rating":0,"private":0,"password":null}