{"id":"gen8ou-1032933869","p1":"Burnt Bright","p2":"pupfrompo","format":"gen8ou","log":"|j|\u2606Burnt Bright\n|j|\u2606pupfrompo\n|player|p1|Burnt Bright|226|1431\n|player|p2|pupfrompo|170|1462\n|teamsize|p1|6\n|teamsize|p2|6\n|gametype|singles\n|gen|8\n|tier|[Gen 8] OU\n|rated|\n|rule|Sleep Clause Mod: Limit one foe put to sleep\n|rule|Species Clause: Limit one of each Pok\u00e9mon\n|rule|OHKO Clause: OHKO moves are banned\n|rule|Evasion Moves Clause: Evasion moves are banned\n|rule|Endless Battle Clause: Forcing endless battles is banned\n|rule|HP Percentage Mod: HP is shown in percentages\n|clearpoke\n|poke|p1|Toxtricity, M|\n|poke|p1|Cinderace, F|\n|poke|p1|Seismitoad, F|\n|poke|p1|Hydreigon, F|\n|poke|p1|Rotom-Heat|\n|poke|p1|Heliolisk, M|\n|poke|p2|Polteageist|\n|poke|p2|Darmanitan-Galar, M|\n|poke|p2|Dragapult, M|\n|poke|p2|Seismitoad, M|\n|poke|p2|Mandibuzz, F|\n|poke|p2|Bronzong|\n|rule|Dynamax Clause: You cannot dynamax\n|teampreview\n|inactive|Battle timer is ON: inactive players will automatically lose when time's up. (requested by pupfrompo)\n|\n|start\n|switch|p1a: Rotom|Rotom-Heat|100\/100\n|switch|p2a: Seismitoad|Seismitoad, M|100\/100\n|turn|1\n|\n|switch|p1a: Toxtricity|Toxtricity, M|100\/100\n|move|p2a: Seismitoad|Stealth Rock|p1a: Toxtricity\n|-sidestart|p1: Burnt Bright|move: Stealth Rock\n|\n|upkeep\n|turn|2\n|\n|move|p1a: Toxtricity|Boomburst|p2a: Seismitoad\n|-damage|p2a: Seismitoad|0 fnt\n|faint|p2a: Seismitoad\n|\n|upkeep\n|\n|switch|p2a: Dragapult|Dragapult, M|100\/100\n|turn|3\n|\n|switch|p1a: Seismitoad|Seismitoad, F|100\/100\n|-damage|p1a: Seismitoad|94\/100|[from] Stealth Rock\n|move|p2a: Dragapult|Draco Meteor|p1a: Seismitoad\n|-damage|p1a: Seismitoad|29\/100\n|-unboost|p2a: Dragapult|spa|2\n|\n|-heal|p1a: Seismitoad|35\/100|[from] item: Leftovers\n|upkeep\n|turn|4\n|\n|move|p1a: Seismitoad|Protect|p1a: Seismitoad\n|-singleturn|p1a: Seismitoad|Protect\n|move|p2a: Dragapult|Draco Meteor|p1a: Seismitoad\n|-activate|p1a: Seismitoad|move: Protect\n|\n|-heal|p1a: Seismitoad|41\/100|[from] item: Leftovers\n|upkeep\n|turn|5\n|\n|move|p2a: Dragapult|Draco Meteor|p1a: Seismitoad\n|-damage|p1a: Seismitoad|6\/100\n|-unboost|p2a: Dragapult|spa|2\n|move|p1a: Seismitoad|Scald|p2a: Dragapult\n|-resisted|p2a: Dragapult\n|-crit|p2a: Dragapult\n|-damage|p2a: Dragapult|74\/100\n|-status|p2a: Dragapult|brn\n|\n|-heal|p1a: Seismitoad|12\/100|[from] item: Leftovers\n|-damage|p2a: Dragapult|68\/100 brn|[from] brn\n|upkeep\n|turn|6\n|\n|switch|p2a: Mandibuzz|Mandibuzz, F|100\/100\n|move|p1a: Seismitoad|Protect||[still]\n|-fail|p1a: Seismitoad\n|\n|-heal|p1a: Seismitoad|18\/100|[from] item: Leftovers\n|upkeep\n|turn|7\n|\n|move|p1a: Seismitoad|Protect|p1a: Seismitoad\n|-singleturn|p1a: Seismitoad|Protect\n|move|p2a: Mandibuzz|Foul Play|p1a: Seismitoad\n|-activate|p1a: Seismitoad|move: Protect\n|\n|-heal|p1a: Seismitoad|24\/100|[from] item: Leftovers\n|upkeep\n|turn|8\n|\n|switch|p1a: Rotom|Rotom-Heat|100\/100\n|move|p2a: Mandibuzz|Foul Play|p1a: Rotom\n|-damage|p1a: Rotom|87\/100\n|\n|upkeep\n|turn|9\n|\n|switch|p2a: Dragapult|Dragapult, M|68\/100 brn\n|move|p1a: Rotom|Volt Switch|p2a: Dragapult\n|-resisted|p2a: Dragapult\n|-damage|p2a: Dragapult|50\/100 brn\n|\n|switch|p1a: Seismitoad|Seismitoad, F|24\/100|[from]move: Volt Switch\n|-damage|p1a: Seismitoad|18\/100|[from] Stealth Rock\n|\n|-heal|p1a: Seismitoad|24\/100|[from] item: Leftovers\n|-damage|p2a: Dragapult|44\/100 brn|[from] brn\n|upkeep\n|turn|10\n|\n|move|p1a: Seismitoad|Protect|p1a: Seismitoad\n|-singleturn|p1a: Seismitoad|Protect\n|move|p2a: Dragapult|Shadow Ball|p1a: Seismitoad\n|-activate|p1a: Seismitoad|move: Protect\n|\n|-heal|p1a: Seismitoad|30\/100|[from] item: Leftovers\n|-damage|p2a: Dragapult|38\/100 brn|[from] brn\n|upkeep\n|turn|11\n|\n|switch|p2a: Bronzong|Bronzong|100\/100\n|switch|p1a: Heliolisk|Heliolisk, M|100\/100\n|-damage|p1a: Heliolisk|88\/100|[from] Stealth Rock\n|\n|upkeep\n|turn|12\n|\n|move|p1a: Heliolisk|Volt Switch|p2a: Bronzong\n|-damage|p2a: Bronzong|78\/100\n|\n|switch|p1a: Cinderace|Cinderace, F|100\/100|[from]move: Volt Switch\n|move|p2a: Bronzong|Light Screen|p2a: Bronzong\n|-sidestart|p2: pupfrompo|move: Light Screen\n|\n|upkeep\n|turn|13\n|\n|switch|p2a: Mandibuzz|Mandibuzz, F|100\/100\n|move|p1a: Cinderace|Court Change|p1a: Cinderace\n|-sideend|p1: Burnt Bright|Stealth Rock|[from] move: Court Change|[of] p1a: Cinderace\n|-sidestart|p2: pupfrompo|move: Stealth Rock\n|-sideend|p2: pupfrompo|move: Light Screen\n|-sideend|p2: pupfrompo|Light Screen|[from] move: Court Change|[of] p1a: Cinderace\n|-sidestart|p1: Burnt Bright|move: Light Screen\n|\n|upkeep\n|turn|14\n|\n|switch|p1a: Toxtricity|Toxtricity, M|100\/100\n|move|p2a: Mandibuzz|Defog|p1a: Toxtricity\n|-unboost|p1a: Toxtricity|evasion|1\n|-sideend|p1: Burnt Bright|move: Light Screen\n|-sideend|p2: pupfrompo|Stealth Rock|[from] move: Defog|[of] p2a: Mandibuzz\n|\n|upkeep\n|turn|15\n|\n|switch|p2a: Dragapult|Dragapult, M|38\/100 brn\n|move|p1a: Toxtricity|Overdrive|p2a: Dragapult\n|-resisted|p2a: Dragapult\n|-damage|p2a: Dragapult|0 fnt\n|faint|p2a: Dragapult\n|\n|upkeep\n|\n|switch|p2a: Darmanitan|Darmanitan-Galar, M|100\/100\n|turn|16\n|\n|switch|p1a: Rotom|Rotom-Heat|87\/100\n|move|p2a: Darmanitan|U-turn|p1a: Rotom\n|-resisted|p1a: Rotom\n|-damage|p1a: Rotom|71\/100\n|\n|switch|p2a: Polteageist|Polteageist|100\/100|[from]move: U-turn\n|\n|upkeep\n|turn|17\n|\n|move|p2a: Polteageist|Shell Smash|p2a: Polteageist\n|-unboost|p2a: Polteageist|def|1\n|-unboost|p2a: Polteageist|spd|1\n|-boost|p2a: Polteageist|atk|2\n|-boost|p2a: Polteageist|spa|2\n|-boost|p2a: Polteageist|spe|2\n|-enditem|p2a: Polteageist|White Herb\n|-clearnegativeboost|p2a: Polteageist|[silent]\n|move|p1a: Rotom|Shadow Ball|p2a: Polteageist\n|-supereffective|p2a: Polteageist\n|-damage|p2a: Polteageist|58\/100\n|-start|p1a: Rotom|Disable|Shadow Ball|[from] ability: Cursed Body|[of] p2a: Polteageist\n|-unboost|p2a: Polteageist|spd|1\n|\n|upkeep\n|turn|18\n|\n|switch|p1a: Seismitoad|Seismitoad, F|30\/100\n|move|p2a: Polteageist|Shell Smash|p2a: Polteageist\n|-unboost|p2a: Polteageist|def|1\n|-unboost|p2a: Polteageist|spd|1\n|-boost|p2a: Polteageist|atk|2\n|-boost|p2a: Polteageist|spa|2\n|-boost|p2a: Polteageist|spe|2\n|\n|-heal|p1a: Seismitoad|36\/100|[from] item: Leftovers\n|upkeep\n|turn|19\n|\n|move|p2a: Polteageist|Giga Drain|p1a: Seismitoad\n|-supereffective|p1a: Seismitoad\n|-damage|p1a: Seismitoad|0 fnt\n|-heal|p2a: Polteageist|86\/100|[from] drain|[of] p1a: Seismitoad\n|faint|p1a: Seismitoad\n|\n|upkeep\n|\n|switch|p1a: Cinderace|Cinderace, F|100\/100\n|turn|20\n|\n|switch|p2a: Darmanitan|Darmanitan-Galar, M|100\/100\n|move|p1a: Cinderace|Sucker Punch||[still]\n|-fail|p1a: Cinderace\n|\n|upkeep\n|turn|21\n|\n|switch|p1a: Rotom|Rotom-Heat|71\/100\n|move|p2a: Darmanitan|Earthquake|p1a: Rotom\n|-immune|p1a: Rotom|[from] ability: Levitate\n|\n|upkeep\n|turn|22\n|\n|switch|p2a: Bronzong|Bronzong|78\/100\n|move|p1a: Rotom|Volt Switch|p2a: Bronzong\n|-damage|p2a: Bronzong|60\/100\n|\n|switch|p1a: Cinderace|Cinderace, F|100\/100|[from]move: Volt Switch\n|\n|upkeep\n|turn|23\n|c|\u2606pupfrompo|lmao i forgot i was on my main\n|c|\u2606pupfrompo|ive been testing teams on low ladder...\n|inactive|pupfrompo has 120 seconds left.\n|c|\u2606pupfrompo|i was like why tf is this guy so good\n|c|\u2606Burnt Bright|LOL okay\n|\n|switch|p2a: Mandibuzz|Mandibuzz, F|100\/100\n|move|p1a: Cinderace|Pyro Ball|p2a: Mandibuzz\n|-damage|p2a: Mandibuzz|69\/100\n|\n|upkeep\n|turn|24\n|inactive|pupfrompo has 120 seconds left.\n|\n|move|p1a: Cinderace|Pyro Ball|p2a: Mandibuzz\n|-damage|p2a: Mandibuzz|39\/100\n|move|p2a: Mandibuzz|Foul Play|p1a: Cinderace\n|-damage|p1a: Cinderace|29\/100\n|\n|upkeep\n|turn|25\n|\n|move|p1a: Cinderace|Pyro Ball|p2a: Mandibuzz\n|-damage|p2a: Mandibuzz|0 fnt\n|faint|p2a: Mandibuzz\n|\n|upkeep\n|\n|switch|p2a: Darmanitan|Darmanitan-Galar, M|100\/100\n|turn|26\n|c|\u2606Burnt Bright|Give me that blaze lol\n|\n|switch|p1a: Rotom|Rotom-Heat|71\/100\n|move|p2a: Darmanitan|Icicle Crash|p1a: Rotom\n|-resisted|p1a: Rotom\n|-damage|p1a: Rotom|46\/100\n|\n|upkeep\n|turn|27\n|c|\u2606pupfrompo|:\\\n|\n|switch|p2a: Bronzong|Bronzong|60\/100\n|move|p1a: Rotom|Volt Switch|p2a: Bronzong\n|-damage|p2a: Bronzong|43\/100\n|\n|switch|p1a: Hydreigon|Hydreigon, F|100\/100|[from]move: Volt Switch\n|\n|upkeep\n|turn|28\n|\n|move|p1a: Hydreigon|Dark Pulse|p2a: Bronzong\n|-supereffective|p2a: Bronzong\n|-damage|p2a: Bronzong|0 fnt\n|faint|p2a: Bronzong\n|\n|upkeep\n|\n|switch|p2a: Darmanitan|Darmanitan-Galar, M|100\/100\n|turn|29\n|\n|move|p2a: Darmanitan|Icicle Crash|p1a: Hydreigon\n|-supereffective|p1a: Hydreigon\n|-damage|p1a: Hydreigon|0 fnt\n|faint|p1a: Hydreigon\n|\n|upkeep\n|j| RomeXIV\n|\n|switch|p1a: Heliolisk|Heliolisk, M|88\/100\n|turn|30\n|\n|move|p1a: Heliolisk|Volt Switch|p2a: Darmanitan\n|-damage|p2a: Darmanitan|49\/100\n|\n|switch|p1a: Rotom|Rotom-Heat|46\/100|[from]move: Volt Switch\n|move|p2a: Darmanitan|Icicle Crash|p1a: Rotom\n|-resisted|p1a: Rotom\n|-damage|p1a: Rotom|18\/100\n|\n|upkeep\n|turn|31\n|\n|move|p2a: Darmanitan|Icicle Crash|p1a: Rotom|[miss]\n|-miss|p2a: Darmanitan|p1a: Rotom\n|move|p1a: Rotom|Volt Switch|p2a: Darmanitan\n|-damage|p2a: Darmanitan|7\/100\n|\n|switch|p1a: Heliolisk|Heliolisk, M|88\/100|[from]move: Volt Switch\n|\n|upkeep\n|turn|32\n|\n|move|p1a: Heliolisk|Volt Switch|p2a: Darmanitan\n|-damage|p2a: Darmanitan|0 fnt\n|faint|p2a: Darmanitan\n|\n|switch|p1a: Toxtricity|Toxtricity, M|100\/100|[from]move: Volt Switch\n|\n|upkeep\n|\n|switch|p2a: Polteageist|Polteageist|86\/100\n|turn|33\n|\n|move|p2a: Polteageist|Stored Power|p1a: Toxtricity\n|-supereffective|p1a: Toxtricity\n|-damage|p1a: Toxtricity|76\/100\n|move|p1a: Toxtricity|Overdrive|p2a: Polteageist\n|-damage|p2a: Polteageist|0 fnt\n|-start|p1a: Toxtricity|Disable|Overdrive|[from] ability: Cursed Body|[of] p2a: Polteageist\n|faint|p2a: Polteageist\n|\n|win|Burnt Bright\n|l|\u2606pupfrompo\n|c|\u2606Burnt Bright|gg\n|raw|Burnt Bright's rating: 1431 &rarr; <strong>1452<\/strong><br \/>(+21 for winning)\n|raw|pupfrompo's rating: 1462 &rarr; <strong>1441<\/strong><br \/>(-21 for losing)\n","uploadtime":1576887624,"views":21,"p1id":"burntbright","p2id":"pupfrompo","formatid":"gen8ou","rating":1441,"private":0,"password":null}