{"id":"gen8ou-1705637633","p1":"superrouchuan","p2":"aursnes","format":"gen8ou","log":"|j|\u2606superrouchuan\n|j|\u2606aursnes\n|t:|1667907651\n|gametype|singles\n|player|p1|superrouchuan|clown|1700\n|player|p2|aursnes|bugsy|1639\n|teamsize|p1|6\n|teamsize|p2|6\n|gen|8\n|tier|[Gen 8] OU\n|rated|\n|rule|Sleep Clause Mod: Limit one foe put to sleep\n|rule|Species Clause: Limit one of each Pok\u00e9mon\n|rule|OHKO Clause: OHKO moves are banned\n|rule|Evasion Items Clause: Evasion items are banned\n|rule|Evasion Moves Clause: Evasion moves are banned\n|rule|Endless Battle Clause: Forcing endless battles is banned\n|rule|HP Percentage Mod: HP is shown in percentages\n|rule|Dynamax Clause: You cannot dynamax\n|clearpoke\n|poke|p1|Snorlax, M|\n|poke|p1|Tapu Lele|\n|poke|p1|Tyranitar, F|\n|poke|p1|Zapdos|\n|poke|p1|Garchomp, F|\n|poke|p1|Buzzwole|\n|poke|p2|Toxapex, M|\n|poke|p2|Clefable, M|\n|poke|p2|Landorus-Therian, M|\n|poke|p2|Heatran, F|\n|poke|p2|Slowking-Galar, M|\n|poke|p2|Corviknight, M|\n|teampreview\n|\n|t:|1667907655\n|start\n|switch|p1a: \u9f99\u7237\uff08\u867d\u7136\u8fd8\u662f\u4e0d\u4f1a\u9f99\u821e\uff09|Garchomp, F|100\/100\n|switch|p2a: Landorus|Landorus-Therian, M|100\/100\n|-ability|p2a: Landorus|Intimidate|boost\n|-unboost|p1a: \u9f99\u7237\uff08\u867d\u7136\u8fd8\u662f\u4e0d\u4f1a\u9f99\u821e\uff09|atk|1\n|turn|1\n|\n|t:|1667907658\n|switch|p1a: \u868a\u5927\u7237|Buzzwole|100\/100\n|move|p2a: Landorus|Toxic|p1a: \u868a\u5927\u7237|[miss]\n|-miss|p2a: Landorus|p1a: \u868a\u5927\u7237\n|\n|upkeep\n|turn|2\n|\n|t:|1667907662\n|switch|p2a: Toxapex|Toxapex, M|100\/100\n|move|p1a: \u868a\u5927\u7237|Ice Punch|p2a: Toxapex\n|-resisted|p2a: Toxapex\n|-damage|p2a: Toxapex|87\/100\n|\n|-heal|p2a: Toxapex|94\/100|[from] item: Black Sludge\n|upkeep\n|turn|3\n|\n|t:|1667907666\n|switch|p1a: \u8001\u73ed|Tyranitar, F, shiny|100\/100\n|-weather|Sandstorm|[from] ability: Sand Stream|[of] p1a: \u8001\u73ed\n|move|p2a: Toxapex|Toxic|p1a: \u8001\u73ed\n|-status|p1a: \u8001\u73ed|tox\n|\n|-weather|Sandstorm|[upkeep]\n|-damage|p2a: Toxapex|87\/100|[from] Sandstorm\n|-heal|p2a: Toxapex|94\/100|[from] item: Black Sludge\n|-damage|p1a: \u8001\u73ed|94\/100 tox|[from] psn\n|upkeep\n|turn|4\n|\n|t:|1667907672\n|switch|p2a: Corviknight|Corviknight, M|100\/100\n|-ability|p2a: Corviknight|Pressure\n|move|p1a: \u8001\u73ed|Stealth Rock|p2a: Corviknight\n|-sidestart|p2: aursnes|move: Stealth Rock\n|\n|-weather|Sandstorm|[upkeep]\n|-heal|p1a: \u8001\u73ed|100\/100 tox|[from] item: Leftovers\n|-damage|p1a: \u8001\u73ed|88\/100 tox|[from] psn\n|upkeep\n|turn|5\n|\n|t:|1667907678\n|move|p2a: Corviknight|U-turn|p1a: \u8001\u73ed\n|-supereffective|p1a: \u8001\u73ed\n|-damage|p1a: \u8001\u73ed|65\/100 tox\n|\n|t:|1667907680\n|switch|p2a: Toxapex|Toxapex, M|100\/100|[from]move: U-turn\n|-damage|p2a: Toxapex|88\/100|[from] Stealth Rock\n|move|p1a: \u8001\u73ed|Fire Blast|p2a: Toxapex\n|-resisted|p2a: Toxapex\n|-damage|p2a: Toxapex|76\/100\n|\n|-weather|Sandstorm|[upkeep]\n|-damage|p2a: Toxapex|70\/100|[from] Sandstorm\n|-heal|p1a: \u8001\u73ed|71\/100 tox|[from] item: Leftovers\n|-heal|p2a: Toxapex|76\/100|[from] item: Black Sludge\n|-damage|p1a: \u8001\u73ed|52\/100 tox|[from] psn\n|upkeep\n|turn|6\n|\n|t:|1667907683\n|switch|p1a: \u9e1f\u54e5|Zapdos, shiny|100\/100\n|move|p2a: Toxapex|Scald|p1a: \u9e1f\u54e5\n|-damage|p1a: \u9e1f\u54e5|87\/100\n|\n|-weather|Sandstorm|[upkeep]\n|-damage|p1a: \u9e1f\u54e5|81\/100|[from] Sandstorm\n|-damage|p2a: Toxapex|70\/100|[from] Sandstorm\n|-heal|p2a: Toxapex|76\/100|[from] item: Black Sludge\n|upkeep\n|turn|7\n|\n|t:|1667907685\n|move|p1a: \u9e1f\u54e5|Discharge|p2a: Toxapex\n|-supereffective|p2a: Toxapex\n|-damage|p2a: Toxapex|19\/100\n|move|p2a: Toxapex|Toxic|p1a: \u9e1f\u54e5\n|-status|p1a: \u9e1f\u54e5|tox\n|\n|-weather|none\n|-heal|p2a: Toxapex|25\/100|[from] item: Black Sludge\n|-damage|p1a: \u9e1f\u54e5|74\/100 tox|[from] psn\n|upkeep\n|turn|8\n|j| broked on bricks\n|\n|t:|1667907695\n|switch|p1a: \u868a\u5927\u7237|Buzzwole|100\/100\n|switch|p2a: Slowking|Slowking-Galar, M|100\/100\n|-damage|p2a: Slowking|88\/100|[from] Stealth Rock\n|\n|-heal|p2a: Slowking|94\/100|[from] item: Black Sludge\n|upkeep\n|turn|9\n|\n|t:|1667907699\n|switch|p2a: Toxapex|Toxapex, M|58\/100\n|-damage|p2a: Toxapex|46\/100|[from] Stealth Rock\n|move|p1a: \u868a\u5927\u7237|Earthquake|p2a: Toxapex\n|-supereffective|p2a: Toxapex\n|-damage|p2a: Toxapex|0 fnt\n|faint|p2a: Toxapex\n|-ability|p1a: \u868a\u5927\u7237|Beast Boost|boost\n|-boost|p1a: \u868a\u5927\u7237|atk|1\n|\n|upkeep\n|\n|t:|1667907703\n|switch|p2a: Landorus|Landorus-Therian, M|100\/100\n|-damage|p2a: Landorus|88\/100|[from] Stealth Rock\n|-ability|p2a: Landorus|Intimidate|boost\n|-unboost|p1a: \u868a\u5927\u7237|atk|1\n|turn|10\n|j| serendipity119\n|\n|t:|1667907718\n|switch|p1a: \u5361\u5723\u522b\u6f14\u6211|Snorlax, M, shiny|100\/100\n|move|p2a: Landorus|Stealth Rock|p1a: \u5361\u5723\u522b\u6f14\u6211\n|-sidestart|p1: superrouchuan|move: Stealth Rock\n|\n|-heal|p2a: Landorus|94\/100|[from] item: Leftovers\n|upkeep\n|turn|11\n|\n|t:|1667907724\n|move|p2a: Landorus|Toxic|p1a: \u5361\u5723\u522b\u6f14\u6211|[miss]\n|-miss|p2a: Landorus|p1a: \u5361\u5723\u522b\u6f14\u6211\n|move|p1a: \u5361\u5723\u522b\u6f14\u6211|Heat Crash|p2a: Landorus\n|-damage|p2a: Landorus|48\/100\n|\n|-heal|p2a: Landorus|54\/100|[from] item: Leftovers\n|upkeep\n|turn|12\n|\n|t:|1667907726\n|move|p2a: Landorus|U-turn|p1a: \u5361\u5723\u522b\u6f14\u6211\n|-damage|p1a: \u5361\u5723\u522b\u6f14\u6211|76\/100\n|\n|t:|1667907730\n|switch|p2a: Heatran|Heatran, F|100\/100|[from]move: U-turn\n|-damage|p2a: Heatran|88\/100|[from] Stealth Rock\n|move|p1a: \u5361\u5723\u522b\u6f14\u6211|Heat Crash|p2a: Heatran\n|-start|p2a: Heatran|ability: Flash Fire\n|\n|-heal|p2a: Heatran|94\/100|[from] item: Leftovers\n|upkeep\n|turn|13\n|c| serendipity119|\u56fd\u4eba\n|\n|t:|1667907734\n|-end|p2a: Heatran|ability: Flash Fire|[silent]\n|switch|p2a: Landorus|Landorus-Therian, M|54\/100\n|-damage|p2a: Landorus|42\/100|[from] Stealth Rock\n|-ability|p2a: Landorus|Intimidate|boost\n|-unboost|p1a: \u5361\u5723\u522b\u6f14\u6211|atk|1\n|move|p1a: \u5361\u5723\u522b\u6f14\u6211|Yawn|p2a: Landorus\n|-start|p2a: Landorus|move: Yawn|[of] p1a: \u5361\u5723\u522b\u6f14\u6211\n|\n|-heal|p2a: Landorus|48\/100|[from] item: Leftovers\n|upkeep\n|turn|14\n|\n|t:|1667907740\n|switch|p1a: \u9e1f\u54e5|Zapdos, shiny|74\/100 tox\n|-damage|p1a: \u9e1f\u54e5|49\/100 tox|[from] Stealth Rock\n|move|p2a: Landorus|U-turn|p1a: \u9e1f\u54e5\n|-resisted|p1a: \u9e1f\u54e5\n|-damage|p1a: \u9e1f\u54e5|40\/100 tox\n|-damage|p2a: Landorus|32\/100|[from] item: Rocky Helmet|[of] p1a: \u9e1f\u54e5\n|-status|p2a: Landorus|par|[from] ability: Static|[of] p1a: \u9e1f\u54e5\n|\n|t:|1667907743\n|switch|p2a: Slowking|Slowking-Galar, M|100\/100|[from]move: U-turn\n|-damage|p2a: Slowking|88\/100|[from] Stealth Rock\n|\n|-heal|p2a: Slowking|94\/100|[from] item: Black Sludge\n|-damage|p1a: \u9e1f\u54e5|34\/100 tox|[from] psn\n|upkeep\n|turn|15\n|\n|t:|1667907747\n|move|p1a: \u9e1f\u54e5|Defog|p2a: Slowking\n|-unboost|p2a: Slowking|evasion|1\n|-sideend|p2: aursnes|Stealth Rock|[from] move: Defog|[of] p1a: \u9e1f\u54e5\n|-sideend|p1: superrouchuan|Stealth Rock|[from] move: Defog|[of] p1a: \u9e1f\u54e5\n|move|p2a: Slowking|Future Sight|p1a: \u9e1f\u54e5\n|-start|p2a: Slowking|move: Future Sight\n|\n|-heal|p2a: Slowking|99\/100|[from] item: Black Sludge\n|-damage|p1a: \u9e1f\u54e5|22\/100 tox|[from] psn\n|upkeep\n|turn|16\n|\n|t:|1667907753\n|switch|p2a: Landorus|Landorus-Therian, M|32\/100 par\n|-ability|p2a: Landorus|Intimidate|boost\n|-unboost|p1a: \u9e1f\u54e5|atk|1\n|move|p1a: \u9e1f\u54e5|Roost|p1a: \u9e1f\u54e5\n|-heal|p1a: \u9e1f\u54e5|72\/100 tox\n|-singleturn|p1a: \u9e1f\u54e5|move: Roost\n|\n|-heal|p2a: Landorus|37\/100 par|[from] item: Leftovers\n|-damage|p1a: \u9e1f\u54e5|53\/100 tox|[from] psn\n|upkeep\n|turn|17\n|\n|t:|1667907766\n|move|p1a: \u9e1f\u54e5|Roost|p1a: \u9e1f\u54e5\n|-heal|p1a: \u9e1f\u54e5|100\/100 tox\n|-singleturn|p1a: \u9e1f\u54e5|move: Roost\n|move|p2a: Landorus|Stealth Rock|p1a: \u9e1f\u54e5\n|-sidestart|p1: superrouchuan|move: Stealth Rock\n|\n|-end|p1a: \u9e1f\u54e5|move: Future Sight\n|-damage|p1a: \u9e1f\u54e5|54\/100 tox\n|-heal|p2a: Landorus|43\/100 par|[from] item: Leftovers\n|-damage|p1a: \u9e1f\u54e5|29\/100 tox|[from] psn\n|upkeep\n|turn|18\n|\n|t:|1667907770\n|move|p1a: \u9e1f\u54e5|Hurricane|p2a: Landorus\n|-damage|p2a: Landorus|0 fnt\n|faint|p2a: Landorus\n|\n|-damage|p1a: \u9e1f\u54e5|0 fnt|[from] psn\n|faint|p1a: \u9e1f\u54e5\n|upkeep\n|j| shiloue\n|\n|t:|1667907779\n|switch|p2a: Clefable|Clefable, M|100\/100\n|switch|p1a: \u868a\u5927\u7237|Buzzwole|100\/100\n|-damage|p1a: \u868a\u5927\u7237|88\/100|[from] Stealth Rock\n|turn|19\n|\n|t:|1667907782\n|switch|p2a: Corviknight|Corviknight, M|100\/100\n|-ability|p2a: Corviknight|Pressure\n|move|p1a: \u868a\u5927\u7237|Poison Jab|p2a: Corviknight\n|-immune|p2a: Corviknight\n|\n|upkeep\n|turn|20\n|\n|t:|1667907785\n|switch|p1a: \u8001\u73ed|Tyranitar, F, shiny|52\/100 tox\n|-damage|p1a: \u8001\u73ed|40\/100 tox|[from] Stealth Rock\n|-weather|Sandstorm|[from] ability: Sand Stream|[of] p1a: \u8001\u73ed\n|move|p2a: Corviknight|U-turn|p1a: \u8001\u73ed\n|-supereffective|p1a: \u8001\u73ed\n|-damage|p1a: \u8001\u73ed|19\/100 tox\n|\n|t:|1667907789\n|switch|p2a: Slowking|Slowking-Galar, M|100\/100|[from]move: U-turn\n|\n|-weather|Sandstorm|[upkeep]\n|-damage|p2a: Slowking|94\/100|[from] Sandstorm\n|-heal|p1a: \u8001\u73ed|26\/100 tox|[from] item: Leftovers\n|-heal|p2a: Slowking|100\/100|[from] item: Black Sludge\n|-damage|p1a: \u8001\u73ed|19\/100 tox|[from] psn\n|upkeep\n|turn|21\n|\n|t:|1667907794\n|move|p1a: \u8001\u73ed|Earthquake|p2a: Slowking\n|-supereffective|p2a: Slowking\n|-damage|p2a: Slowking|45\/100\n|move|p2a: Slowking|Future Sight|p1a: \u8001\u73ed\n|-start|p2a: Slowking|move: Future Sight\n|\n|-weather|Sandstorm|[upkeep]\n|-damage|p2a: Slowking|39\/100|[from] Sandstorm\n|-heal|p1a: \u8001\u73ed|26\/100 tox|[from] item: Leftovers\n|-heal|p2a: Slowking|45\/100|[from] item: Black Sludge\n|-damage|p1a: \u8001\u73ed|13\/100 tox|[from] psn\n|upkeep\n|turn|22\n|\n|t:|1667907801\n|switch|p1a: \u868a\u5927\u7237|Buzzwole|88\/100\n|-damage|p1a: \u868a\u5927\u7237|76\/100|[from] Stealth Rock\n|switch|p2a: Corviknight|Corviknight, M|100\/100\n|-ability|p2a: Corviknight|Pressure\n|\n|-weather|Sandstorm|[upkeep]\n|-damage|p1a: \u868a\u5927\u7237|70\/100|[from] Sandstorm\n|upkeep\n|turn|23\n|\n|t:|1667907804\n|move|p1a: \u868a\u5927\u7237|Close Combat|p2a: Corviknight\n|-damage|p2a: Corviknight|46\/100\n|-unboost|p1a: \u868a\u5927\u7237|def|1\n|-unboost|p1a: \u868a\u5927\u7237|spd|1\n|-damage|p1a: \u868a\u5927\u7237|53\/100|[from] item: Rocky Helmet|[of] p2a: Corviknight\n|move|p2a: Corviknight|Roost|p2a: Corviknight\n|-heal|p2a: Corviknight|96\/100\n|-singleturn|p2a: Corviknight|move: Roost\n|\n|-weather|Sandstorm|[upkeep]\n|-damage|p1a: \u868a\u5927\u7237|47\/100|[from] Sandstorm\n|-end|p1a: \u868a\u5927\u7237|move: Future Sight\n|-supereffective|p1a: \u868a\u5927\u7237\n|-damage|p1a: \u868a\u5927\u7237|0 fnt\n|faint|p1a: \u868a\u5927\u7237\n|upkeep\n|j| wshmjoo\n|\n|t:|1667907809\n|switch|p1a: \u5361\u5723\u522b\u6f14\u6211|Snorlax, M, shiny|76\/100\n|-damage|p1a: \u5361\u5723\u522b\u6f14\u6211|63\/100|[from] Stealth Rock\n|turn|24\n|\n|t:|1667907817\n|switch|p1a: \u8001\u73ed|Tyranitar, F, shiny|13\/100 tox\n|-damage|p1a: \u8001\u73ed|1\/100 tox|[from] Stealth Rock\n|move|p2a: Corviknight|Body Press|p1a: \u8001\u73ed\n|-supereffective|p1a: \u8001\u73ed\n|-damage|p1a: \u8001\u73ed|0 fnt\n|faint|p1a: \u8001\u73ed\n|\n|-weather|none\n|upkeep\n|\n|t:|1667907821\n|switch|p1a: \u9f99\u7237\uff08\u867d\u7136\u8fd8\u662f\u4e0d\u4f1a\u9f99\u821e\uff09|Garchomp, F|100\/100\n|-damage|p1a: \u9f99\u7237\uff08\u867d\u7136\u8fd8\u662f\u4e0d\u4f1a\u9f99\u821e\uff09|94\/100|[from] Stealth Rock\n|turn|25\n|\n|t:|1667907824\n|move|p1a: \u9f99\u7237\uff08\u867d\u7136\u8fd8\u662f\u4e0d\u4f1a\u9f99\u821e\uff09|Fire Fang|p2a: Corviknight\n|-supereffective|p2a: Corviknight\n|-damage|p2a: Corviknight|49\/100\n|-damage|p1a: \u9f99\u7237\uff08\u867d\u7136\u8fd8\u662f\u4e0d\u4f1a\u9f99\u821e\uff09|78\/100|[from] item: Rocky Helmet|[of] p2a: Corviknight\n|move|p2a: Corviknight|U-turn|p1a: \u9f99\u7237\uff08\u867d\u7136\u8fd8\u662f\u4e0d\u4f1a\u9f99\u821e\uff09\n|-damage|p1a: \u9f99\u7237\uff08\u867d\u7136\u8fd8\u662f\u4e0d\u4f1a\u9f99\u821e\uff09|64\/100\n|-damage|p2a: Corviknight|37\/100|[from] ability: Rough Skin|[of] p1a: \u9f99\u7237\uff08\u867d\u7136\u8fd8\u662f\u4e0d\u4f1a\u9f99\u821e\uff09\n|\n|t:|1667907827\n|switch|p2a: Clefable|Clefable, M|100\/100|[from]move: U-turn\n|\n|upkeep\n|turn|26\n|\n|t:|1667907830\n|switch|p1a: \u5361\u5723\u522b\u6f14\u6211|Snorlax, M, shiny|63\/100\n|-damage|p1a: \u5361\u5723\u522b\u6f14\u6211|51\/100|[from] Stealth Rock\n|move|p2a: Clefable|Toxic|p1a: \u5361\u5723\u522b\u6f14\u6211\n|-immune|p1a: \u5361\u5723\u522b\u6f14\u6211|[from] ability: Immunity\n|\n|upkeep\n|turn|27\n|\n|t:|1667907837\n|move|p2a: Clefable|Trick|p1a: \u5361\u5723\u522b\u6f14\u6211\n|-activate|p2a: Clefable|move: Trick|[of] p1a: \u5361\u5723\u522b\u6f14\u6211\n|-item|p1a: \u5361\u5723\u522b\u6f14\u6211|Sticky Barb|[from] move: Trick\n|-item|p2a: Clefable|Normal Gem|[from] move: Trick\n|move|p1a: \u5361\u5723\u522b\u6f14\u6211|Heavy Slam|p2a: Clefable\n|-supereffective|p2a: Clefable\n|-damage|p2a: Clefable|15\/100\n|\n|-damage|p1a: \u5361\u5723\u522b\u6f14\u6211|38\/100|[from] item: Sticky Barb\n|upkeep\n|turn|28\n|\n|t:|1667907846\n|switch|p2a: Heatran|Heatran, F|94\/100\n|move|p1a: \u5361\u5723\u522b\u6f14\u6211|Heat Crash|p2a: Heatran\n|-start|p2a: Heatran|ability: Flash Fire\n|\n|-heal|p2a: Heatran|100\/100|[from] item: Leftovers\n|-damage|p1a: \u5361\u5723\u522b\u6f14\u6211|26\/100|[from] item: Sticky Barb\n|upkeep\n|turn|29\n|\n|t:|1667907849\n|move|p2a: Heatran|Magma Storm|p1a: \u5361\u5723\u522b\u6f14\u6211\n|-damage|p1a: \u5361\u5723\u522b\u6f14\u6211|0 fnt\n|faint|p1a: \u5361\u5723\u522b\u6f14\u6211\n|\n|upkeep\n|j| gold bottle\n|\n|t:|1667907857\n|switch|p1a: \u9f99\u7237\uff08\u867d\u7136\u8fd8\u662f\u4e0d\u4f1a\u9f99\u821e\uff09|Garchomp, F|64\/100\n|-damage|p1a: \u9f99\u7237\uff08\u867d\u7136\u8fd8\u662f\u4e0d\u4f1a\u9f99\u821e\uff09|58\/100|[from] Stealth Rock\n|turn|30\n|\n|t:|1667907867\n|-end|p2a: Heatran|ability: Flash Fire|[silent]\n|switch|p2a: Corviknight|Corviknight, M|37\/100\n|-ability|p2a: Corviknight|Pressure\n|move|p1a: \u9f99\u7237\uff08\u867d\u7136\u8fd8\u662f\u4e0d\u4f1a\u9f99\u821e\uff09|Fire Fang|p2a: Corviknight\n|-supereffective|p2a: Corviknight\n|-damage|p2a: Corviknight|0 fnt\n|-damage|p1a: \u9f99\u7237\uff08\u867d\u7136\u8fd8\u662f\u4e0d\u4f1a\u9f99\u821e\uff09|42\/100|[from] item: Rocky Helmet|[of] p2a: Corviknight\n|faint|p2a: Corviknight\n|\n|upkeep\n|j| M0rD3uR\u00b0-\u00b0\n|c|\u2606aursnes|why the heck would you do that\n|c|\u2606superrouchuan|gg\n|c|\u2606aursnes|just had the eq my whole team to death\n|\n|t:|1667907885\n|switch|p2a: Slowking|Slowking-Galar, M|78\/100\n|turn|31\n|c|\u2606superrouchuan|\u6211\u7816\u5934\u5730\u9f99\n|c|\u2606superrouchuan|\u4f60\u5168\u961f\u88ab\u6253\u7a7f\u4e86\n|\n|t:|1667907895\n|switch|p1a: \u8776\u795e|Tapu Lele|100\/100\n|-damage|p1a: \u8776\u795e|88\/100|[from] Stealth Rock\n|-fieldstart|move: Psychic Terrain|[from] ability: Psychic Surge|[of] p1a: \u8776\u795e\n|move|p2a: Slowking|Sludge Bomb|p1a: \u8776\u795e\n|-supereffective|p1a: \u8776\u795e\n|-damage|p1a: \u8776\u795e|4\/100\n|\n|-heal|p2a: Slowking|84\/100|[from] item: Black Sludge\n|upkeep\n|turn|32\n|\n|t:|1667907898\n|move|p1a: \u8776\u795e|Psychic|p2a: Slowking\n|-damage|p2a: Slowking|49\/100\n|move|p2a: Slowking|Future Sight|p1a: \u8776\u795e\n|-start|p2a: Slowking|move: Future Sight\n|\n|-heal|p2a: Slowking|55\/100|[from] item: Black Sludge\n|upkeep\n|turn|33\n|\n|t:|1667907905\n|switch|p2a: Heatran|Heatran, F|100\/100\n|move|p1a: \u8776\u795e|Psychic|p2a: Heatran\n|-resisted|p2a: Heatran\n|-damage|p2a: Heatran|82\/100\n|\n|-heal|p2a: Heatran|88\/100|[from] item: Leftovers\n|upkeep\n|turn|34\n|c|\u2606superrouchuan|\u8349\n|c|\u2606superrouchuan|\u5fd8\u4e86\n|\n|t:|1667907915\n|move|p1a: \u8776\u795e|Psychic|p2a: Heatran\n|-resisted|p2a: Heatran\n|-damage|p2a: Heatran|69\/100\n|move|p2a: Heatran|Earth Power|p1a: \u8776\u795e\n|-damage|p1a: \u8776\u795e|0 fnt\n|faint|p1a: \u8776\u795e\n|\n|-hint|Future Sight did not hit because the target is fainted.\n|-heal|p2a: Heatran|75\/100|[from] item: Leftovers\n|upkeep\n|c|\u2606superrouchuan|\u4f60\u5207\u4ec0\u4e48\u706b\u94a2\u554a\uff0c\u803f\u76f4\u6740\u4e86\u6211\u5730\u9f99\u4e0d\u5c31\n|c|\u2606superrouchuan|\u5ff5\u6b7b\u4e86\u5417\n|\n|t:|1667907933\n|switch|p1a: \u9f99\u7237\uff08\u867d\u7136\u8fd8\u662f\u4e0d\u4f1a\u9f99\u821e\uff09|Garchomp, F|42\/100\n|-damage|p1a: \u9f99\u7237\uff08\u867d\u7136\u8fd8\u662f\u4e0d\u4f1a\u9f99\u821e\uff09|35\/100|[from] Stealth Rock\n|turn|35\n|\n|t:|1667907942\n|move|p1a: \u9f99\u7237\uff08\u867d\u7136\u8fd8\u662f\u4e0d\u4f1a\u9f99\u821e\uff09|Earthquake|p2a: Heatran\n|-supereffective|p2a: Heatran\n|-damage|p2a: Heatran|0 fnt\n|faint|p2a: Heatran\n|\n|-fieldend|move: Psychic Terrain\n|upkeep\n|c|\u2606superrouchuan|\u4e92\u76f8\u5582\u996d\n|\n|t:|1667907944\n|switch|p2a: Slowking|Slowking-Galar, M|88\/100\n|turn|36\n|c|\u2606superrouchuan|\u96be\u5d29\u7684\n|c|\u2606superrouchuan|\u597d\u5bb6\u4f19\n|c|\u2606superrouchuan|\u5408\u7740\u8bf4\u8bdd\u7684\u4e0d\u662f\u5bf9\u9762\u672c\u4eba\u662f\u5427\n|c|\u2606superrouchuan|\u767d\u6253\u4e86\n|\n|t:|1667907989\n|move|p1a: \u9f99\u7237\uff08\u867d\u7136\u8fd8\u662f\u4e0d\u4f1a\u9f99\u821e\uff09|Earthquake|p2a: Slowking\n|-supereffective|p2a: Slowking\n|-damage|p2a: Slowking|0 fnt\n|faint|p2a: Slowking\n|\n|upkeep\n|\n|t:|1667907995\n|switch|p2a: Clefable|Clefable, M|15\/100\n|turn|37\n|j| Noob 0_o\n|l| wshmjoo\n|\n|t:|1667908015\n|move|p1a: \u9f99\u7237\uff08\u867d\u7136\u8fd8\u662f\u4e0d\u4f1a\u9f99\u821e\uff09|Earthquake|p2a: Clefable\n|-damage|p2a: Clefable|0 fnt\n|faint|p2a: Clefable\n|\n|win|superrouchuan\n|raw|superrouchuan's rating: 1700 &rarr; <strong>1717<\/strong><br \/>(+17 for winning)\n|raw|aursnes's rating: 1639 &rarr; <strong>1622<\/strong><br \/>(-17 for losing)\n|l|\u2606aursnes\n|j| wshmjoo\n|j| xing-ggggg\n|l|\u2606superrouchuan\n|j| leseyy\n|j| Sun_ever\n|l| xing-ggggg\n","uploadtime":1667908064,"views":7,"p1id":"superrouchuan","p2id":"aursnes","formatid":"gen8ou","rating":1622,"private":0,"password":null}