{"id":"gen8ou-1697771827","p1":"Shinjou Akane","p2":"Versalius","format":"gen8ou","log":"|j|\u2606Shinjou Akane\n|j|\u2606Versalius\n|t:|1667041044\n|gametype|singles\n|player|p1|Shinjou Akane|elesa-gen5bw2|1488\n|player|p2|Versalius|102|1732\n|teamsize|p1|6\n|teamsize|p2|6\n|gen|8\n|tier|[Gen 8] OU\n|rated|\n|rule|Sleep Clause Mod: Limit one foe put to sleep\n|rule|Species Clause: Limit one of each Pok\u00e9mon\n|rule|OHKO Clause: OHKO moves are banned\n|rule|Evasion Items Clause: Evasion items are banned\n|rule|Evasion Moves Clause: Evasion moves are banned\n|rule|Endless Battle Clause: Forcing endless battles is banned\n|rule|HP Percentage Mod: HP is shown in percentages\n|rule|Dynamax Clause: You cannot dynamax\n|clearpoke\n|poke|p1|Klefki, F|\n|poke|p1|Nidoking, M|\n|poke|p1|Urshifu-*, F|\n|poke|p1|Kartana|\n|poke|p1|Tapu Fini|\n|poke|p1|Landorus-Therian, M|\n|poke|p2|Pelipper, M|\n|poke|p2|Barraskewda, M|\n|poke|p2|Zapdos|\n|poke|p2|Ferrothorn, M|\n|poke|p2|Landorus-Therian, M|\n|poke|p2|Volcanion|\n|teampreview\n|inactive|Battle timer is ON: inactive players will automatically lose when time's up. (requested by Versalius)\n|\n|t:|1667041053\n|start\n|switch|p1a: Klefki|Klefki, F|100\/100\n|switch|p2a: Pelipper|Pelipper, M|100\/100\n|-weather|RainDance|[from] ability: Drizzle|[of] p2a: Pelipper\n|turn|1\n|\n|t:|1667041058\n|move|p1a: Klefki|Fairy Lock|p1a: Klefki\n|-fieldactivate|move: Fairy Lock\n|move|p2a: Pelipper|U-turn|p1a: Klefki\n|-resisted|p1a: Klefki\n|-damage|p1a: Klefki|99\/100\n|-enditem|p1a: Klefki|Eject Button\n|\n|t:|1667041065\n|switch|p1a: Nidoking|Nidoking, M|100\/100\n|\n|-weather|RainDance|[upkeep]\n|upkeep\n|turn|2\n|\n|t:|1667041077\n|move|p1a: Nidoking|Sludge Wave|p2a: Pelipper\n|-damage|p2a: Pelipper|0 fnt\n|faint|p2a: Pelipper\n|\n|-weather|RainDance|[upkeep]\n|upkeep\n|\n|t:|1667041081\n|switch|p2a: Barraskewda|Barraskewda, M|100\/100\n|turn|3\n|\n|t:|1667041084\n|switch|p1a: Tapu Fini|Tapu Fini, shiny|100\/100\n|-fieldstart|move: Misty Terrain|[from] ability: Misty Surge|[of] p1a: Tapu Fini\n|move|p2a: Barraskewda|Flip Turn|p1a: Tapu Fini\n|-resisted|p1a: Tapu Fini\n|-damage|p1a: Tapu Fini|63\/100\n|\n|t:|1667041094\n|switch|p2a: Zapdos|Zapdos|100\/100|[from]move: Flip Turn\n|\n|-weather|RainDance|[upkeep]\n|upkeep\n|turn|4\n|\n|t:|1667041099\n|switch|p1a: Landorus|Landorus-Therian, M|100\/100\n|-ability|p1a: Landorus|Intimidate|boost\n|-unboost|p2a: Zapdos|atk|1\n|move|p2a: Zapdos|Hurricane|p1a: Landorus\n|-damage|p1a: Landorus|56\/100\n|\n|-weather|RainDance|[upkeep]\n|upkeep\n|turn|5\n|\n|t:|1667041103\n|move|p2a: Zapdos|Hurricane|p1a: Landorus\n|-damage|p1a: Landorus|7\/100\n|move|p1a: Landorus|Stealth Rock|p2a: Zapdos\n|-sidestart|p2: Versalius|move: Stealth Rock\n|\n|-weather|RainDance|[upkeep]\n|upkeep\n|turn|6\n|\n|t:|1667041108\n|move|p2a: Zapdos|Hurricane|p1a: Landorus\n|-damage|p1a: Landorus|0 fnt\n|faint|p1a: Landorus\n|\n|-weather|RainDance|[upkeep]\n|upkeep\n|\n|t:|1667041112\n|switch|p1a: Nidoking|Nidoking, M|100\/100\n|turn|7\n|\n|t:|1667041117\n|move|p2a: Zapdos|Hurricane|p1a: Nidoking\n|-damage|p1a: Nidoking|9\/100\n|move|p1a: Nidoking|Ice Beam|p2a: Zapdos\n|-supereffective|p2a: Zapdos\n|-damage|p2a: Zapdos|7\/100\n|\n|-weather|RainDance|[upkeep]\n|-fieldend|Misty Terrain\n|upkeep\n|turn|8\n|\n|t:|1667041127\n|move|p2a: Zapdos|Hurricane|p1a: Nidoking\n|-damage|p1a: Nidoking|0 fnt\n|faint|p1a: Nidoking\n|\n|-weather|none\n|upkeep\n|\n|t:|1667041131\n|switch|p1a: Kartana|Kartana|100\/100\n|turn|9\n|\n|t:|1667041136\n|move|p1a: Kartana|Knock Off|p2a: Zapdos\n|-damage|p2a: Zapdos|0 fnt\n|-enditem|p2a: Zapdos|Heavy-Duty Boots|[from] move: Knock Off|[of] p1a: Kartana\n|faint|p2a: Zapdos\n|-ability|p1a: Kartana|Beast Boost|boost\n|-boost|p1a: Kartana|atk|1\n|\n|upkeep\n|\n|t:|1667041147\n|switch|p2a: Landorus|Landorus-Therian, M|100\/100\n|-damage|p2a: Landorus|88\/100|[from] Stealth Rock\n|-ability|p2a: Landorus|Intimidate|boost\n|-unboost|p1a: Kartana|atk|1\n|turn|10\n|\n|t:|1667041152\n|move|p1a: Kartana|Knock Off|p2a: Landorus\n|-damage|p2a: Landorus|49\/100\n|-enditem|p2a: Landorus|Leftovers|[from] move: Knock Off|[of] p1a: Kartana\n|move|p2a: Landorus|Defog|p1a: Kartana\n|-unboost|p1a: Kartana|evasion|1\n|-sideend|p2: Versalius|Stealth Rock|[from] move: Defog|[of] p2a: Landorus\n|\n|upkeep\n|turn|11\n|\n|t:|1667041158\n|switch|p2a: Ferrothorn|Ferrothorn, M|100\/100\n|move|p1a: Kartana|Knock Off|p2a: Ferrothorn\n|-damage|p2a: Ferrothorn|74\/100\n|-damage|p1a: Kartana|88\/100|[from] ability: Iron Barbs|[of] p2a: Ferrothorn\n|-enditem|p2a: Ferrothorn|Leftovers|[from] move: Knock Off|[of] p1a: Kartana\n|\n|upkeep\n|turn|12\n|\n|t:|1667041162\n|switch|p1a: Urshifu|Urshifu-Rapid-Strike, F|100\/100\n|move|p2a: Ferrothorn|Stealth Rock|p1a: Urshifu\n|-sidestart|p1: Shinjou Akane|move: Stealth Rock\n|\n|upkeep\n|turn|13\n|\n|t:|1667041170\n|switch|p2a: Landorus|Landorus-Therian, M|49\/100\n|-ability|p2a: Landorus|Intimidate|boost\n|-unboost|p1a: Urshifu|atk|1\n|move|p1a: Urshifu|Close Combat|p2a: Landorus\n|-resisted|p2a: Landorus\n|-damage|p2a: Landorus|18\/100\n|-unboost|p1a: Urshifu|def|1\n|-unboost|p1a: Urshifu|spd|1\n|\n|upkeep\n|turn|14\n|\n|t:|1667041173\n|move|p1a: Urshifu|Close Combat|p2a: Landorus\n|-resisted|p2a: Landorus\n|-damage|p2a: Landorus|0 fnt\n|-unboost|p1a: Urshifu|def|1\n|-unboost|p1a: Urshifu|spd|1\n|faint|p2a: Landorus\n|\n|upkeep\n|\n|t:|1667041180\n|switch|p2a: Barraskewda|Barraskewda, M|100\/100\n|turn|15\n|\n|t:|1667041183\n|switch|p1a: Tapu Fini|Tapu Fini, shiny|63\/100\n|-damage|p1a: Tapu Fini|51\/100|[from] Stealth Rock\n|-fieldstart|move: Misty Terrain|[from] ability: Misty Surge|[of] p1a: Tapu Fini\n|move|p2a: Barraskewda|Flip Turn|p1a: Tapu Fini\n|-resisted|p1a: Tapu Fini\n|-damage|p1a: Tapu Fini|26\/100\n|\n|t:|1667041187\n|switch|p2a: Volcanion|Volcanion|100\/100|[from]move: Flip Turn\n|\n|upkeep\n|turn|16\n|\n|t:|1667041193\n|move|p1a: Tapu Fini|Defog|p2a: Volcanion\n|-unboost|p2a: Volcanion|evasion|1\n|-sideend|p1: Shinjou Akane|Stealth Rock|[from] move: Defog|[of] p1a: Tapu Fini\n|-fieldend|Misty Terrain\n|move|p2a: Volcanion|Steam Eruption|p1a: Tapu Fini\n|-resisted|p1a: Tapu Fini\n|-damage|p1a: Tapu Fini|0 fnt\n|faint|p1a: Tapu Fini\n|\n|upkeep\n|\n|t:|1667041202\n|switch|p1a: Klefki|Klefki, F|99\/100\n|turn|17\n|\n|t:|1667041206\n|move|p1a: Klefki|Foul Play|p2a: Volcanion\n|-damage|p2a: Volcanion|86\/100\n|move|p2a: Volcanion|Steam Eruption|p1a: Klefki|[miss]\n|-miss|p2a: Volcanion|p1a: Klefki\n|\n|upkeep\n|turn|18\n|\n|t:|1667041212\n|move|p1a: Klefki|Foul Play|p2a: Volcanion\n|-damage|p2a: Volcanion|71\/100\n|move|p2a: Volcanion|Steam Eruption|p1a: Klefki|[miss]\n|-miss|p2a: Volcanion|p1a: Klefki\n|\n|upkeep\n|turn|19\n|\n|t:|1667041216\n|move|p1a: Klefki|Foul Play|p2a: Volcanion\n|-damage|p2a: Volcanion|57\/100\n|move|p2a: Volcanion|Steam Eruption|p1a: Klefki\n|-damage|p1a: Klefki|12\/100\n|-status|p1a: Klefki|brn\n|\n|-damage|p1a: Klefki|6\/100 brn|[from] brn\n|upkeep\n|turn|20\n|\n|t:|1667041222\n|move|p1a: Klefki|Thunder Wave|p2a: Volcanion\n|-status|p2a: Volcanion|par\n|move|p2a: Volcanion|Steam Eruption|p1a: Klefki\n|-damage|p1a: Klefki|0 fnt\n|faint|p1a: Klefki\n|\n|upkeep\n|\n|t:|1667041225\n|switch|p1a: Urshifu|Urshifu-Rapid-Strike, F|100\/100\n|turn|21\n|\n|t:|1667041229\n|move|p1a: Urshifu|Close Combat|p2a: Volcanion\n|-damage|p2a: Volcanion|0 fnt\n|-unboost|p1a: Urshifu|def|1\n|-unboost|p1a: Urshifu|spd|1\n|faint|p2a: Volcanion\n|\n|upkeep\n|\n|t:|1667041235\n|switch|p2a: Barraskewda|Barraskewda, M|100\/100\n|turn|22\n|\n|t:|1667041239\n|switch|p1a: Kartana|Kartana|88\/100\n|move|p2a: Barraskewda|Flip Turn|p1a: Kartana\n|-resisted|p1a: Kartana\n|-damage|p1a: Kartana|62\/100\n|\n|t:|1667041242\n|switch|p2a: Ferrothorn|Ferrothorn, M|74\/100|[from]move: Flip Turn\n|\n|upkeep\n|turn|23\n|\n|t:|1667041246\n|move|p1a: Kartana|Sacred Sword|p2a: Ferrothorn\n|-supereffective|p2a: Ferrothorn\n|-damage|p2a: Ferrothorn|31\/100\n|-damage|p1a: Kartana|50\/100|[from] ability: Iron Barbs|[of] p2a: Ferrothorn\n|move|p2a: Ferrothorn|Knock Off|p1a: Kartana\n|-damage|p1a: Kartana|29\/100\n|-enditem|p1a: Kartana|Choice Scarf|[from] move: Knock Off|[of] p2a: Ferrothorn\n|\n|upkeep\n|turn|24\n|\n|t:|1667041250\n|move|p1a: Kartana|Sacred Sword|p2a: Ferrothorn\n|-supereffective|p2a: Ferrothorn\n|-damage|p2a: Ferrothorn|0 fnt\n|-damage|p1a: Kartana|16\/100|[from] ability: Iron Barbs|[of] p2a: Ferrothorn\n|faint|p2a: Ferrothorn\n|-ability|p1a: Kartana|Beast Boost|boost\n|-boost|p1a: Kartana|atk|1\n|\n|upkeep\n|\n|t:|1667041253\n|switch|p2a: Barraskewda|Barraskewda, M|100\/100\n|turn|25\n|\n|t:|1667041262\n|move|p2a: Barraskewda|Close Combat|p1a: Kartana\n|-supereffective|p1a: Kartana\n|-damage|p1a: Kartana|0 fnt\n|-unboost|p2a: Barraskewda|def|1\n|-unboost|p2a: Barraskewda|spd|1\n|faint|p1a: Kartana\n|\n|upkeep\n|\n|t:|1667041264\n|switch|p1a: Urshifu|Urshifu-Rapid-Strike, F|100\/100\n|turn|26\n|\n|t:|1667041267\n|move|p2a: Barraskewda|Close Combat|p1a: Urshifu\n|-damage|p1a: Urshifu|29\/100\n|-unboost|p2a: Barraskewda|def|1\n|-unboost|p2a: Barraskewda|spd|1\n|move|p1a: Urshifu|Close Combat|p2a: Barraskewda\n|-damage|p2a: Barraskewda|0 fnt\n|-unboost|p1a: Urshifu|def|1\n|-unboost|p1a: Urshifu|spd|1\n|faint|p2a: Barraskewda\n|\n|win|Shinjou Akane\n|raw|Shinjou Akane's rating: 1488 &rarr; <strong>1520<\/strong><br \/>(+32 for winning)\n|raw|Versalius's rating: 1732 &rarr; <strong>1700<\/strong><br \/>(-32 for losing)\n|l|\u2606Versalius\n","uploadtime":1667041296,"views":8,"p1id":"shinjouakane","p2id":"versalius","formatid":"gen8ou","rating":1520,"private":0,"password":null}