{"id":"gen8nationaldexag-1086774244","p1":"Blue chen","p2":"Chloe","format":"gen8nationaldexag","log":"|j|\u2606Blue chen\n|j|\u2606Chloe\n|player|p1|Blue chen|clair|1736\n|player|p2|Chloe|#chloe|1831\n|teamsize|p1|6\n|teamsize|p2|6\n|gametype|singles\n|gen|8\n|tier|[Gen 8] National Dex AG\n|rated|\n|clearpoke\n|poke|p1|Zygarde|\n|poke|p1|Zygarde|\n|poke|p1|Rayquaza|\n|poke|p1|Necrozma-Dusk-Mane|\n|poke|p1|Yveltal|\n|poke|p1|Lugia|\n|poke|p2|Gliscor, F|\n|poke|p2|Arceus-*|\n|poke|p2|Ho-Oh|\n|poke|p2|Necrozma-Dusk-Mane|\n|poke|p2|Chansey, F|\n|poke|p2|Shedinja|\n|rule|HP Percentage Mod: HP is shown in percentages\n|rule|Endless Battle Clause: Forcing endless battles is banned\n|teampreview\n|\n|start\n|switch|p1a: Zygarde|Zygarde|100\/100\n|switch|p2a: Arceus|Arceus-Dark|100\/100\n|turn|1\n|j| thimo\n|\n|switch|p2a: Shedinja|Shedinja|100\/100\n|move|p1a: Zygarde|Glare|p2a: Shedinja\n|-status|p2a: Shedinja|par\n|\n|upkeep\n|turn|2\n|\n|move|p1a: Zygarde|Substitute|p1a: Zygarde\n|-start|p1a: Zygarde|Substitute\n|-damage|p1a: Zygarde|76\/100\n|move|p2a: Shedinja|Baton Pass|p2a: Shedinja\n|\n|switch|p2a: Gliscor|Gliscor, F|100\/100|[from]move: Baton Pass\n|\n|-heal|p1a: Zygarde|82\/100|[from] item: Leftovers\n|-status|p2a: Gliscor|tox|[from] item: Toxic Orb\n|upkeep\n|turn|3\n|\n|switch|p2a: Shedinja|Shedinja|100\/100 par\n|move|p1a: Zygarde|Thousand Arrows|p2a: Shedinja\n|-immune|p2a: Shedinja|[from] ability: Wonder Guard\n|\n|-heal|p1a: Zygarde|88\/100|[from] item: Leftovers\n|upkeep\n|turn|4\n|\n|move|p1a: Zygarde|Glare|p2a: Shedinja\n|-fail|p2a: Shedinja|par\n|move|p2a: Shedinja|Baton Pass|p2a: Shedinja\n|\n|switch|p2a: Necrozma|Necrozma-Dusk-Mane|100\/100|[from]move: Baton Pass\n|\n|-heal|p1a: Zygarde|94\/100|[from] item: Leftovers\n|upkeep\n|turn|5\n|\n|switch|p2a: Gliscor|Gliscor, F|100\/100 tox\n|move|p1a: Zygarde|Glare||[still]\n|-fail|p1a: Zygarde\n|\n|-heal|p1a: Zygarde|100\/100|[from] item: Leftovers\n|upkeep\n|turn|6\n|\n|switch|p2a: Shedinja|Shedinja|100\/100 par\n|move|p1a: Zygarde|Thousand Arrows|p2a: Shedinja\n|-immune|p2a: Shedinja|[from] ability: Wonder Guard\n|\n|upkeep\n|turn|7\n|\n|switch|p2a: Gliscor|Gliscor, F|100\/100 tox\n|move|p1a: Zygarde|Thousand Arrows|p2a: Gliscor\n|-damage|p2a: Gliscor|76\/100 tox\n|-start|p2a: Gliscor|Smack Down\n|\n|-heal|p2a: Gliscor|88\/100 tox|[from] ability: Poison Heal\n|upkeep\n|turn|8\n|j|+pichus\n|\n|switch|p2a: Shedinja|Shedinja|100\/100 par\n|switch|p1a: Yveltal|Yveltal|100\/100\n|-ability|p1a: Yveltal|Dark Aura\n|\n|upkeep\n|turn|9\n|\n|switch|p2a: Ho-Oh|Ho-Oh|100\/100\n|-start|p1a: Yveltal|Dynamax\n|-heal|p1a: Yveltal|100\/100|[silent]\n|move|p1a: Yveltal|Max Darkness|p2a: Ho-Oh\n|-damage|p2a: Ho-Oh|50\/100\n|-unboost|p2a: Ho-Oh|spd|1\n|-damage|p1a: Yveltal|96\/100|[from] item: Life Orb\n|\n|upkeep\n|turn|10\n|\n|move|p2a: Ho-Oh|Protect|p2a: Ho-Oh\n|-singleturn|p2a: Ho-Oh|Protect\n|move|p1a: Yveltal|Max Flare|p2a: Ho-Oh\n|-resisted|p2a: Ho-Oh\n|-zbroken|p2a: Ho-Oh\n|-damage|p2a: Ho-Oh|44\/100\n|-weather|SunnyDay\n|-damage|p1a: Yveltal|91\/100|[from] item: Life Orb\n|\n|-weather|SunnyDay|[upkeep]\n|upkeep\n|turn|11\n|\n|switch|p2a: Chansey|Chansey, F|100\/100\n|move|p1a: Yveltal|Max Airstream|p2a: Chansey\n|-damage|p2a: Chansey|79\/100\n|-boost|p1a: Yveltal|spe|1\n|-damage|p1a: Yveltal|86\/100|[from] item: Life Orb\n|\n|-weather|SunnyDay|[upkeep]\n|-end|p1a: Yveltal|Dynamax\n|-heal|p1a: Yveltal|86\/100|[silent]\n|upkeep\n|turn|12\n|\n|switch|p2a: Ho-Oh|Ho-Oh|77\/100\n|move|p1a: Yveltal|Knock Off|p2a: Ho-Oh\n|-damage|p2a: Ho-Oh|38\/100\n|-enditem|p2a: Ho-Oh|Heavy-Duty Boots|[from] move: Knock Off|[of] p1a: Yveltal\n|-damage|p1a: Yveltal|76\/100|[from] item: Life Orb\n|\n|-weather|SunnyDay|[upkeep]\n|upkeep\n|turn|13\n|j| Ainu Huntu\n|\n|switch|p2a: Chansey|Chansey, F|79\/100\n|move|p1a: Yveltal|Oblivion Wing|p2a: Chansey\n|-damage|p2a: Chansey|65\/100\n|-heal|p1a: Yveltal|93\/100|[from] drain|[of] p2a: Chansey\n|-damage|p1a: Yveltal|83\/100|[from] item: Life Orb\n|\n|-weather|SunnyDay|[upkeep]\n|upkeep\n|turn|14\n|\n|switch|p2a: Ho-Oh|Ho-Oh|72\/100\n|move|p1a: Yveltal|Dark Pulse|p2a: Ho-Oh\n|-damage|p2a: Ho-Oh|28\/100\n|-damage|p1a: Yveltal|73\/100|[from] item: Life Orb\n|\n|-weather|none\n|upkeep\n|turn|15\n|\n|switch|p2a: Arceus|Arceus-Dark|100\/100\n|move|p1a: Yveltal|Knock Off|p2a: Arceus\n|-resisted|p2a: Arceus\n|-damage|p2a: Arceus|91\/100\n|-damage|p1a: Yveltal|63\/100|[from] item: Life Orb\n|\n|upkeep\n|turn|16\n|\n|move|p1a: Yveltal|Heat Wave|p2a: Arceus|[miss]\n|-miss|p1a: Yveltal|p2a: Arceus\n|move|p2a: Arceus|Calm Mind|p2a: Arceus\n|-boost|p2a: Arceus|spa|1\n|-boost|p2a: Arceus|spd|1\n|\n|upkeep\n|turn|17\n|\n|switch|p1a: Zygarde|Zygarde|100\/100\n|move|p2a: Arceus|Calm Mind|p2a: Arceus\n|-boost|p2a: Arceus|spa|1\n|-boost|p2a: Arceus|spd|1\n|\n|upkeep\n|turn|18\n|\n|switch|p2a: Shedinja|Shedinja|100\/100 par\n|move|p1a: Zygarde|Glare|p2a: Shedinja\n|-fail|p2a: Shedinja|par\n|\n|upkeep\n|turn|19\n|\n|switch|p1a: Yveltal|Yveltal|63\/100\n|-ability|p1a: Yveltal|Dark Aura\n|move|p2a: Shedinja|Baton Pass|p2a: Shedinja\n|\n|switch|p2a: Ho-Oh|Ho-Oh|62\/100|[from]move: Baton Pass\n|\n|upkeep\n|turn|20\n|\n|switch|p1a: Zygarde|Zygarde|100\/100\n|move|p2a: Ho-Oh|Toxic|p1a: Zygarde\n|-status|p1a: Zygarde|tox\n|\n|-damage|p1a: Zygarde|94\/100 tox|[from] psn\n|upkeep\n|turn|21\n|\n|switch|p1a: Rayquaza|Rayquaza|100\/100\n|-ability|p1a: Rayquaza|Air Lock\n|switch|p2a: Shedinja|Shedinja|100\/100 par\n|\n|upkeep\n|turn|22\n|\n|switch|p2a: Necrozma|Necrozma-Dusk-Mane|100\/100\n|detailschange|p1a: Rayquaza|Rayquaza-Mega\n|-mega|p1a: Rayquaza|Rayquaza|\n|-weather|DeltaStream|[from] ability: Delta Stream|[of] p1a: Rayquaza\n|move|p1a: Rayquaza|Dragon Dance|p1a: Rayquaza\n|-boost|p1a: Rayquaza|atk|1\n|-boost|p1a: Rayquaza|spe|1\n|\n|-weather|DeltaStream|[upkeep]\n|upkeep\n|turn|23\n|\n|-start|p2a: Necrozma|Dynamax\n|-heal|p2a: Necrozma|100\/100|[silent]\n|move|p1a: Rayquaza|Earthquake|p2a: Necrozma\n|-supereffective|p2a: Necrozma\n|-damage|p2a: Necrozma|69\/100\n|move|p2a: Necrozma|Max Steelspike|p1a: Rayquaza\n|-damage|p1a: Rayquaza|31\/100\n|-boost|p2a: Necrozma|def|1\n|\n|-weather|DeltaStream|[upkeep]\n|upkeep\n|turn|24\n|\n|-weather|none\n|switch|p1a: Lugia|Lugia|100\/100\n|move|p2a: Necrozma|Max Steelspike|p1a: Lugia\n|-damage|p1a: Lugia|85\/100\n|-boost|p2a: Necrozma|def|1\n|\n|upkeep\n|turn|25\n|\n|move|p1a: Lugia|Thunder Wave|p2a: Necrozma\n|-status|p2a: Necrozma|par\n|move|p2a: Necrozma|Max Darkness|p1a: Lugia\n|-supereffective|p1a: Lugia\n|-damage|p1a: Lugia|44\/100\n|-unboost|p1a: Lugia|spd|1\n|\n|-end|p2a: Necrozma|Dynamax\n|-heal|p2a: Necrozma|69\/100 par|[silent]\n|upkeep\n|turn|26\n|l| Ainu Huntu\n|\n|switch|p1a: Yveltal|Yveltal|63\/100\n|-ability|p1a: Yveltal|Dark Aura\n|move|p2a: Necrozma|Knock Off|p1a: Yveltal\n|-resisted|p1a: Yveltal\n|-damage|p1a: Yveltal|44\/100\n|-enditem|p1a: Yveltal|Life Orb|[from] move: Knock Off|[of] p2a: Necrozma\n|\n|upkeep\n|turn|27\n|\n|switch|p2a: Ho-Oh|Ho-Oh|95\/100\n|move|p1a: Yveltal|Oblivion Wing|p2a: Ho-Oh\n|-damage|p2a: Ho-Oh|71\/100\n|-heal|p1a: Yveltal|63\/100|[from] drain|[of] p2a: Ho-Oh\n|\n|upkeep\n|turn|28\n|\n|switch|p1a: Lugia|Lugia|44\/100\n|move|p2a: Ho-Oh|Sacred Fire|p1a: Lugia\n|-damage|p1a: Lugia|23\/100\n|\n|upkeep\n|turn|29\n|\n|switch|p2a: Necrozma|Necrozma-Dusk-Mane|69\/100 par\n|move|p1a: Lugia|Thunder Wave|p2a: Necrozma\n|-fail|p2a: Necrozma|par\n|\n|upkeep\n|turn|30\n|j| Ainu Huntu\n|\n|move|p1a: Lugia|Roost|p1a: Lugia\n|-heal|p1a: Lugia|73\/100\n|-singleturn|p1a: Lugia|move: Roost\n|move|p2a: Necrozma|Stealth Rock|p1a: Lugia\n|-sidestart|p1: Blue chen|move: Stealth Rock\n|\n|upkeep\n|turn|31\n|\n|move|p1a: Lugia|Defog|p2a: Necrozma\n|-unboost|p2a: Necrozma|evasion|1\n|-sideend|p1: Blue chen|Stealth Rock|[from] move: Defog|[of] p1a: Lugia\n|move|p2a: Necrozma|Knock Off|p1a: Lugia\n|-supereffective|p1a: Lugia\n|-damage|p1a: Lugia|41\/100\n|-enditem|p1a: Lugia|Heavy-Duty Boots|[from] move: Knock Off|[of] p2a: Necrozma\n|\n|upkeep\n|turn|32\n|\n|switch|p1a: Rayquaza|Rayquaza-Mega|31\/100\n|-weather|DeltaStream|[from] ability: Delta Stream|[of] p1a: Rayquaza\n|move|p2a: Necrozma|Stealth Rock|p1a: Rayquaza\n|-sidestart|p1: Blue chen|move: Stealth Rock\n|\n|-weather|DeltaStream|[upkeep]\n|upkeep\n|turn|33\n|\n|move|p1a: Rayquaza|Dragon Dance|p1a: Rayquaza\n|-boost|p1a: Rayquaza|atk|1\n|-boost|p1a: Rayquaza|spe|1\n|move|p2a: Necrozma|Sunsteel Strike|p1a: Rayquaza\n|-damage|p1a: Rayquaza|0 fnt\n|faint|p1a: Rayquaza\n|-weather|none\n|\n|upkeep\n|\n|switch|p1a: Yveltal|Yveltal|63\/100\n|-damage|p1a: Yveltal|38\/100|[from] Stealth Rock\n|-ability|p1a: Yveltal|Dark Aura\n|turn|34\n|\n|switch|p2a: Ho-Oh|Ho-Oh|100\/100\n|move|p1a: Yveltal|Dark Pulse|p2a: Ho-Oh\n|-damage|p2a: Ho-Oh|69\/100\n|\n|upkeep\n|turn|35\n|\n|move|p1a: Yveltal|Dark Pulse|p2a: Ho-Oh\n|-damage|p2a: Ho-Oh|35\/100\n|move|p2a: Ho-Oh|Sacred Fire|p1a: Yveltal\n|-damage|p1a: Yveltal|0 fnt\n|faint|p1a: Yveltal\n|\n|upkeep\n|\n|switch|p1a: Zygarde|Zygarde|100\/100\n|-damage|p1a: Zygarde|94\/100|[from] Stealth Rock\n|turn|36\n|\n|switch|p2a: Shedinja|Shedinja|100\/100 par\n|move|p1a: Zygarde|Substitute|p1a: Zygarde\n|-start|p1a: Zygarde|Substitute\n|-damage|p1a: Zygarde|69\/100\n|\n|-heal|p1a: Zygarde|76\/100|[from] item: Leftovers\n|upkeep\n|turn|37\n|\n|move|p1a: Zygarde|Dragon Dance|p1a: Zygarde\n|-boost|p1a: Zygarde|atk|1\n|-boost|p1a: Zygarde|spe|1\n|move|p2a: Shedinja|Baton Pass|p2a: Shedinja\n|\n|switch|p2a: Ho-Oh|Ho-Oh|69\/100|[from]move: Baton Pass\n|\n|-heal|p1a: Zygarde|82\/100|[from] item: Leftovers\n|upkeep\n|turn|38\n|\n|switch|p2a: Shedinja|Shedinja|100\/100 par\n|move|p1a: Zygarde|Dragon Tail|p2a: Shedinja\n|-immune|p2a: Shedinja|[from] ability: Wonder Guard\n|\n|-heal|p1a: Zygarde|88\/100|[from] item: Leftovers\n|upkeep\n|turn|39\n|\n|move|p2a: Shedinja|Baton Pass|p2a: Shedinja\n|\n|switch|p2a: Ho-Oh|Ho-Oh|100\/100|[from]move: Baton Pass\n|move|p1a: Zygarde|Dragon Tail|p2a: Ho-Oh\n|-damage|p2a: Ho-Oh|74\/100\n|drag|p2a: Chansey|Chansey, F|65\/100\n|\n|-heal|p1a: Zygarde|94\/100|[from] item: Leftovers\n|upkeep\n|turn|40\n|\n|switch|p2a: Shedinja|Shedinja|100\/100 par\n|move|p1a: Zygarde|Dragon Dance|p1a: Zygarde\n|-boost|p1a: Zygarde|atk|1\n|-boost|p1a: Zygarde|spe|1\n|\n|-heal|p1a: Zygarde|99\/100|[from] item: Leftovers\n|upkeep\n|turn|41\n|\n|switch|p2a: Ho-Oh|Ho-Oh|100\/100\n|move|p1a: Zygarde|Dragon Tail|p2a: Ho-Oh\n|-damage|p2a: Ho-Oh|67\/100\n|drag|p2a: Necrozma|Necrozma-Dusk-Mane|69\/100 par\n|\n|-heal|p1a: Zygarde|100\/100|[from] item: Leftovers\n|upkeep\n|turn|42\n|\n|switch|p2a: Shedinja|Shedinja|100\/100 par\n|move|p1a: Zygarde|Dragon Dance|p1a: Zygarde\n|-boost|p1a: Zygarde|atk|1\n|-boost|p1a: Zygarde|spe|1\n|\n|upkeep\n|turn|43\n|\n|move|p1a: Zygarde|Dragon Dance|p1a: Zygarde\n|-boost|p1a: Zygarde|atk|1\n|-boost|p1a: Zygarde|spe|1\n|move|p2a: Shedinja|Baton Pass|p2a: Shedinja\n|\n|switch|p2a: Gliscor|Gliscor, F|88\/100 tox|[from]move: Baton Pass\n|\n|-heal|p2a: Gliscor|100\/100 tox|[from] ability: Poison Heal\n|upkeep\n|turn|44\n|\n|switch|p2a: Shedinja|Shedinja|100\/100 par\n|move|p1a: Zygarde|Dragon Tail|p2a: Shedinja\n|-immune|p2a: Shedinja|[from] ability: Wonder Guard\n|\n|upkeep\n|turn|45\n|\n|move|p2a: Shedinja|Baton Pass|p2a: Shedinja\n|\n|switch|p2a: Ho-Oh|Ho-Oh|99\/100|[from]move: Baton Pass\n|move|p1a: Zygarde|Dragon Tail|p2a: Ho-Oh\n|-damage|p2a: Ho-Oh|50\/100\n|drag|p2a: Necrozma|Necrozma-Dusk-Mane|69\/100 par\n|\n|upkeep\n|turn|46\n|\n|switch|p2a: Shedinja|Shedinja|100\/100 par\n|move|p1a: Zygarde|Dragon Dance|p1a: Zygarde\n|-boost|p1a: Zygarde|atk|1\n|-boost|p1a: Zygarde|spe|1\n|\n|upkeep\n|turn|47\n|\n|switch|p2a: Ho-Oh|Ho-Oh|84\/100\n|move|p1a: Zygarde|Dragon Tail|p2a: Ho-Oh\n|-damage|p2a: Ho-Oh|21\/100\n|drag|p2a: Necrozma|Necrozma-Dusk-Mane|69\/100 par\n|\n|upkeep\n|turn|48\n|\n|switch|p2a: Shedinja|Shedinja|100\/100 par\n|move|p1a: Zygarde|Dragon Dance|p1a: Zygarde\n|-boost|p1a: Zygarde|atk|1\n|-boost|p1a: Zygarde|spe|1\n|\n|upkeep\n|turn|49\n|\n|cant|p2a: Shedinja|par\n|move|p1a: Zygarde|Dragon Tail|p2a: Shedinja\n|-immune|p2a: Shedinja|[from] ability: Wonder Guard\n|\n|upkeep\n|turn|50\n|\n|cant|p2a: Shedinja|par\n|move|p1a: Zygarde|Dragon Tail|p2a: Shedinja\n|-immune|p2a: Shedinja|[from] ability: Wonder Guard\n|\n|upkeep\n|turn|51\n|\n|move|p1a: Zygarde|Thousand Arrows|p2a: Shedinja\n|-immune|p2a: Shedinja|[from] ability: Wonder Guard\n|move|p2a: Shedinja|Baton Pass|p2a: Shedinja\n|\n|switch|p2a: Ho-Oh|Ho-Oh|54\/100|[from]move: Baton Pass\n|\n|upkeep\n|turn|52\n|\n|switch|p2a: Shedinja|Shedinja|100\/100 par\n|move|p1a: Zygarde|Dragon Tail|p2a: Shedinja\n|-immune|p2a: Shedinja|[from] ability: Wonder Guard\n|\n|upkeep\n|turn|53\n|\n|move|p2a: Shedinja|Baton Pass|p2a: Shedinja\n|\n|switch|p2a: Necrozma|Necrozma-Dusk-Mane|69\/100 par|[from]move: Baton Pass\n|move|p1a: Zygarde|Dragon Tail|p2a: Necrozma\n|-resisted|p2a: Necrozma\n|-damage|p2a: Necrozma|43\/100 par\n|-damage|p1a: Zygarde|84\/100|[from] item: Rocky Helmet|[of] p2a: Necrozma\n|drag|p2a: Arceus|Arceus-Dark|91\/100\n|\n|-heal|p1a: Zygarde|90\/100|[from] item: Leftovers\n|upkeep\n|turn|54\n|\n|switch|p2a: Shedinja|Shedinja|100\/100 par\n|move|p1a: Zygarde|Dragon Dance|p1a: Zygarde\n|-boost|p1a: Zygarde|atk|0\n|-boost|p1a: Zygarde|spe|0\n|\n|-heal|p1a: Zygarde|96\/100|[from] item: Leftovers\n|upkeep\n|turn|55\n|\n|cant|p2a: Shedinja|par\n|move|p1a: Zygarde|Dragon Tail|p2a: Shedinja\n|-immune|p2a: Shedinja|[from] ability: Wonder Guard\n|\n|-heal|p1a: Zygarde|100\/100|[from] item: Leftovers\n|upkeep\n|turn|56\n|\n|move|p1a: Zygarde|Substitute|p1a: Zygarde\n|-fail|p1a: Zygarde|move: Substitute\n|move|p2a: Shedinja|Will-O-Wisp||[still]\n|-fail|p2a: Shedinja\n|\n|upkeep\n|turn|57\n|\n|move|p1a: Zygarde|Substitute|p1a: Zygarde\n|-fail|p1a: Zygarde|move: Substitute\n|move|p2a: Shedinja|Will-O-Wisp|p1a: Zygarde|[miss]\n|-miss|p2a: Shedinja|p1a: Zygarde\n|\n|upkeep\n|turn|58\n|\n|move|p1a: Zygarde|Substitute|p1a: Zygarde\n|-fail|p1a: Zygarde|move: Substitute\n|move|p2a: Shedinja|Will-O-Wisp||[still]\n|-fail|p2a: Shedinja\n|\n|upkeep\n|turn|59\n|\n|move|p1a: Zygarde|Substitute|p1a: Zygarde\n|-fail|p1a: Zygarde|move: Substitute\n|cant|p2a: Shedinja|par\n|\n|upkeep\n|turn|60\n|\n|move|p1a: Zygarde|Dragon Dance|p1a: Zygarde\n|-boost|p1a: Zygarde|atk|0\n|-boost|p1a: Zygarde|spe|0\n|cant|p2a: Shedinja|par\n|\n|upkeep\n|turn|61\n|\n|move|p2a: Shedinja|Baton Pass|p2a: Shedinja\n|\n|switch|p2a: Ho-Oh|Ho-Oh|87\/100|[from]move: Baton Pass\n|move|p1a: Zygarde|Dragon Tail|p2a: Ho-Oh\n|-damage|p2a: Ho-Oh|22\/100\n|drag|p2a: Shedinja|Shedinja|100\/100 par\n|\n|upkeep\n|turn|62\n|\n|cant|p2a: Shedinja|par\n|move|p1a: Zygarde|Dragon Tail|p2a: Shedinja\n|-immune|p2a: Shedinja|[from] ability: Wonder Guard\n|\n|upkeep\n|turn|63\n|\n|move|p1a: Zygarde|Dragon Dance|p1a: Zygarde\n|-boost|p1a: Zygarde|atk|0\n|-boost|p1a: Zygarde|spe|0\n|move|p2a: Shedinja|Baton Pass|p2a: Shedinja\n|\n|switch|p2a: Ho-Oh|Ho-Oh|55\/100|[from]move: Baton Pass\n|\n|upkeep\n|turn|64\n|\n|move|p2a: Ho-Oh|Protect|p2a: Ho-Oh\n|-singleturn|p2a: Ho-Oh|Protect\n|move|p1a: Zygarde|Thousand Arrows|p2a: Ho-Oh\n|-activate|p2a: Ho-Oh|move: Protect\n|\n|upkeep\n|turn|65\n|\n|switch|p2a: Shedinja|Shedinja|100\/100 par\n|move|p1a: Zygarde|Dragon Dance|p1a: Zygarde\n|-boost|p1a: Zygarde|atk|0\n|-boost|p1a: Zygarde|spe|0\n|\n|upkeep\n|turn|66\n|\n|move|p2a: Shedinja|Will-O-Wisp||[still]\n|-fail|p2a: Shedinja\n|move|p1a: Zygarde|Dragon Tail|p2a: Shedinja\n|-immune|p2a: Shedinja|[from] ability: Wonder Guard\n|\n|upkeep\n|turn|67\n|\n|switch|p1a: Zygarde|Zygarde|94\/100 tox\n|-damage|p1a: Zygarde|88\/100 tox|[from] Stealth Rock\n|move|p2a: Shedinja|Baton Pass|p2a: Shedinja\n|\n|switch|p2a: Necrozma|Necrozma-Dusk-Mane|43\/100 par|[from]move: Baton Pass\n|\n|-heal|p1a: Zygarde|94\/100 tox|[from] item: Leftovers\n|-damage|p1a: Zygarde|88\/100 tox|[from] psn\n|upkeep\n|turn|68\n|\n|move|p1a: Zygarde|Thousand Arrows|p2a: Necrozma\n|-supereffective|p2a: Necrozma\n|-damage|p2a: Necrozma|17\/100 par\n|move|p2a: Necrozma|Morning Sun|p2a: Necrozma\n|-heal|p2a: Necrozma|67\/100 par\n|\n|-heal|p1a: Zygarde|94\/100 tox|[from] item: Leftovers\n|-damage|p1a: Zygarde|82\/100 tox|[from] psn\n|upkeep\n|turn|69\n|\n|switch|p1a: Lugia|Lugia|41\/100\n|-damage|p1a: Lugia|16\/100|[from] Stealth Rock\n|switch|p2a: Shedinja|Shedinja|100\/100 par\n|\n|upkeep\n|turn|70\n|\n|switch|p2a: Gliscor|Gliscor, F|100\/100 tox\n|move|p1a: Lugia|Roost|p1a: Lugia\n|-heal|p1a: Lugia|66\/100\n|-singleturn|p1a: Lugia|move: Roost\n|\n|upkeep\n|turn|71\n|\n|move|p1a: Lugia|Defog|p2a: Gliscor\n|-unboost|p2a: Gliscor|evasion|1\n|-sideend|p1: Blue chen|Stealth Rock|[from] move: Defog|[of] p1a: Lugia\n|move|p2a: Gliscor|Guillotine|p1a: Lugia|[miss]\n|-miss|p2a: Gliscor|p1a: Lugia\n|\n|upkeep\n|turn|72\n|\n|move|p1a: Lugia|Roost|p1a: Lugia\n|-heal|p1a: Lugia|100\/100\n|-singleturn|p1a: Lugia|move: Roost\n|move|p2a: Gliscor|Guillotine|p1a: Lugia\n|-damage|p1a: Lugia|0 fnt\n|-ohko\n|faint|p1a: Lugia\n|\n|upkeep\n|\n|switch|p1a: Zygarde|Zygarde|100\/100\n|turn|73\n|\n|switch|p2a: Shedinja|Shedinja|100\/100 par\n|move|p1a: Zygarde|Substitute|p1a: Zygarde\n|-start|p1a: Zygarde|Substitute\n|-damage|p1a: Zygarde|76\/100\n|\n|-heal|p1a: Zygarde|82\/100|[from] item: Leftovers\n|upkeep\n|turn|74\n|\n|move|p1a: Zygarde|Dragon Dance|p1a: Zygarde\n|-boost|p1a: Zygarde|atk|1\n|-boost|p1a: Zygarde|spe|1\n|move|p2a: Shedinja|Baton Pass|p2a: Shedinja\n|\n|switch|p2a: Ho-Oh|Ho-Oh|89\/100|[from]move: Baton Pass\n|\n|-heal|p1a: Zygarde|88\/100|[from] item: Leftovers\n|upkeep\n|turn|75\n|\n|switch|p2a: Shedinja|Shedinja|100\/100 par\n|move|p1a: Zygarde|Dragon Dance|p1a: Zygarde\n|-boost|p1a: Zygarde|atk|1\n|-boost|p1a: Zygarde|spe|1\n|\n|-heal|p1a: Zygarde|94\/100|[from] item: Leftovers\n|upkeep\n|turn|76\n|\n|switch|p2a: Ho-Oh|Ho-Oh|100\/100\n|move|p1a: Zygarde|Dragon Dance|p1a: Zygarde\n|-boost|p1a: Zygarde|atk|1\n|-boost|p1a: Zygarde|spe|1\n|\n|-heal|p1a: Zygarde|99\/100|[from] item: Leftovers\n|upkeep\n|turn|77\n|\n|switch|p2a: Shedinja|Shedinja|100\/100 par\n|move|p1a: Zygarde|Thousand Arrows|p2a: Shedinja\n|-immune|p2a: Shedinja|[from] ability: Wonder Guard\n|\n|-heal|p1a: Zygarde|100\/100|[from] item: Leftovers\n|upkeep\n|turn|78\n|\n|switch|p1a: Necrozma|Necrozma-Dusk-Mane|100\/100\n|move|p2a: Shedinja|Baton Pass|p2a: Shedinja\n|\n|switch|p2a: Arceus|Arceus-Dark|91\/100|[from]move: Baton Pass\n|\n|upkeep\n|turn|79\n|\n|detailschange|p1a: Necrozma|Necrozma-Ultra\n|-burst|p1a: Necrozma|Necrozma|Ultranecrozium Z\n|move|p1a: Necrozma|Dragon Dance|p1a: Necrozma\n|-boost|p1a: Necrozma|atk|1\n|-boost|p1a: Necrozma|spe|1\n|move|p2a: Arceus|Judgment|p1a: Necrozma\n|-supereffective|p1a: Necrozma\n|-damage|p1a: Necrozma|4\/100\n|\n|upkeep\n|turn|80\n|\n|move|p1a: Necrozma|Earthquake|p2a: Arceus\n|-damage|p2a: Arceus|58\/100\n|move|p2a: Arceus|Judgment|p1a: Necrozma\n|-supereffective|p1a: Necrozma\n|-damage|p1a: Necrozma|0 fnt\n|faint|p1a: Necrozma\n|\n|upkeep\n|-message|Blue chen forfeited.\n|\n|win|Chloe\n|l|\u2606Blue chen\n|raw|Blue chen's rating: 1736 &rarr; <strong>1722<\/strong><br \/>(-14 for losing)\n|raw|Chloe's rating: 1831 &rarr; <strong>1846<\/strong><br \/>(+15 for winning)\n|l|\u2606Chloe\n|l|+pichus\n","uploadtime":1585398597,"views":39,"p1id":"bluechen","p2id":"chloe","formatid":"gen8nationaldexag","rating":1722,"private":0,"password":null}