{"id":"gen8vgc2020-1213707779","p1":"jellybean64","p2":"Trogba Trogba","format":"gen8vgc2020","log":"|j|\u2606jellybean64\n|j|\u2606Trogba Trogba\n|t:|1604163106\n|player|p1|jellybean64|pryce|\n|player|p2|Trogba Trogba|lance|\n|teamsize|p1|6\n|teamsize|p2|6\n|gametype|doubles\n|gen|8\n|tier|[Gen 8] VGC 2020\n|clearpoke\n|poke|p1|Gastrodon, L50, M|\n|poke|p1|Brionne, L50, F|\n|poke|p1|Urshifu-*, L50, M|\n|poke|p1|Amoonguss, L50, F|\n|poke|p1|Ferrothorn, L50, M|\n|poke|p1|Braviary, L50, M|\n|poke|p2|Dracovish, L50|\n|poke|p2|Clefable, L50, F|\n|poke|p2|Cinderace, L50, F|\n|poke|p2|Sigilyph, L50, F|\n|poke|p2|Politoed, L50, M|\n|poke|p2|Ludicolo, L50, F|\n|rule|Species Clause: Limit one of each Pok\u00e9mon\n|rule|Item Clause: Limit one of each item\n|teampreview|4\n|inactive|Battle timer is ON: inactive players will automatically lose when time's up. (requested by jellybean64)\n|\n|t:|1604163174\n|start\n|switch|p1a: Soft & Wet|Urshifu-Rapid-Strike, L50, M|48\/48\n|switch|p1b: Pet Shop|Braviary, L50, M|48\/48\n|switch|p2a: Clefable|Clefable, L50, F|48\/48\n|switch|p2b: Cinderace|Cinderace, L50, F|48\/48\n|turn|1\n|j| Joeshh\n|j| AquaticCarlie\n|inactive|Trogba Trogba has 30 seconds left.\n|inactive|Trogba Trogba has 20 seconds left.\n|inactive|Trogba Trogba has 15 seconds left.\n|\n|t:|1604163219\n|-start|p2b: Cinderace|Dynamax\n|-heal|p2b: Cinderace|48\/48|[silent]\n|-start|p1b: Pet Shop|Dynamax\n|-heal|p1b: Pet Shop|48\/48|[silent]\n|move|p2a: Clefable|Follow Me|p2a: Clefable\n|-singleturn|p2a: Clefable|move: Follow Me\n|move|p2b: Cinderace|Max Airstream|p1b: Pet Shop\n|-start|p2b: Cinderace|typechange|Flying|[from] ability: Libero\n|-crit|p1b: Pet Shop\n|-damage|p1b: Pet Shop|15\/48\n|-boost|p2a: Clefable|spe|1\n|-boost|p2b: Cinderace|spe|1\n|-damage|p2b: Cinderace|45\/48|[from] item: Life Orb\n|move|p1a: Soft & Wet|Coaching|p1b: Pet Shop\n|-boost|p1b: Pet Shop|atk|1\n|-boost|p1b: Pet Shop|def|1\n|move|p1b: Pet Shop|Max Airstream|p2a: Clefable\n|-damage|p2a: Clefable|21\/48\n|-boost|p1a: Soft & Wet|spe|1\n|-boost|p1b: Pet Shop|spe|1\n|-damage|p1b: Pet Shop|13\/48|[from] item: Life Orb\n|\n|upkeep\n|turn|2\n|inactive|jellybean64 has 30 seconds left.\n|inactive|Trogba Trogba has 30 seconds left.\n|inactive|Trogba Trogba has 20 seconds left.\n|inactive|Trogba Trogba has 15 seconds left.\n|inactive|Trogba Trogba has 10 seconds left.\n|\n|t:|1604163265\n|move|p1b: Pet Shop|Max Guard|p1b: Pet Shop\n|-singleturn|p1b: Pet Shop|Max Guard\n|move|p2a: Clefable|Protect|p2a: Clefable\n|-singleturn|p2a: Clefable|Protect\n|move|p2b: Cinderace|Max Airstream|p1b: Pet Shop\n|-activate|p1b: Pet Shop|move: Max Guard\n|move|p1a: Soft & Wet|Coaching|p1b: Pet Shop\n|-boost|p1b: Pet Shop|atk|1\n|-boost|p1b: Pet Shop|def|1\n|\n|upkeep\n|turn|3\n|\n|t:|1604163275\n|move|p2a: Clefable|Follow Me|p2a: Clefable\n|-singleturn|p2a: Clefable|move: Follow Me\n|move|p2b: Cinderace|Max Airstream|p1b: Pet Shop\n|-damage|p1b: Pet Shop|3\/48\n|-boost|p2a: Clefable|spe|1\n|-boost|p2b: Cinderace|spe|1\n|-damage|p2b: Cinderace|43\/48|[from] item: Life Orb\n|move|p1a: Soft & Wet|Surging Strikes|p2a: Clefable\n|-crit|p2a: Clefable\n|-damage|p2a: Clefable|14\/48\n|-crit|p2a: Clefable\n|-damage|p2a: Clefable|5\/48\n|-enditem|p2a: Clefable|Mago Berry|[eat]\n|-heal|p2a: Clefable|21\/48|[from] item: Mago Berry\n|-crit|p2a: Clefable\n|-damage|p2a: Clefable|14\/48\n|-hitcount|p2a: Clefable|3\n|move|p1b: Pet Shop|Max Airstream|p2a: Clefable\n|-crit|p2a: Clefable\n|-damage|p2a: Clefable|0 fnt\n|-boost|p1a: Soft & Wet|spe|1\n|-boost|p1b: Pet Shop|spe|1\n|-damage|p1b: Pet Shop|1\/48|[from] item: Life Orb\n|faint|p2a: Clefable\n|\n|-end|p2b: Cinderace|Dynamax\n|-heal|p2b: Cinderace|43\/48|[silent]\n|-end|p1b: Pet Shop|Dynamax\n|-heal|p1b: Pet Shop|1\/48|[silent]\n|upkeep\n|inactive|Trogba Trogba has 30 seconds left.\n|\n|t:|1604163301\n|switch|p2a: Politoed|Politoed, L50, M|48\/48\n|-weather|RainDance|[from] ability: Drizzle|[of] p2a: Politoed\n|turn|4\n|\n|t:|1604163324\n|move|p2b: Cinderace|Protect|p2b: Cinderace\n|-start|p2b: Cinderace|typechange|Normal|[from] ability: Libero\n|-singleturn|p2b: Cinderace|Protect\n|move|p2a: Politoed|Protect|p2a: Politoed\n|-singleturn|p2a: Politoed|Protect\n|move|p1a: Soft & Wet|Surging Strikes|p2b: Cinderace\n|-crit|p2b: Cinderace\n|-damage|p2b: Cinderace|21\/48\n|-crit|p2b: Cinderace\n|-damage|p2b: Cinderace|0 fnt\n|-hitcount|p2b: Cinderace|2\n|faint|p2b: Cinderace\n|move|p1b: Pet Shop|Brave Bird|p2a: Politoed\n|-activate|p2a: Politoed|move: Protect\n|\n|-weather|RainDance|[upkeep]\n|upkeep\n|\n|t:|1604163340\n|switch|p2b: Ludicolo|Ludicolo, L50, F|48\/48\n|turn|5\n|\n|t:|1604163354\n|move|p1a: Soft & Wet|Detect|p1a: Soft & Wet\n|-singleturn|p1a: Soft & Wet|Protect\n|move|p2b: Ludicolo|Protect|p2b: Ludicolo\n|-singleturn|p2b: Ludicolo|Protect\n|move|p1b: Pet Shop|Brave Bird|p2b: Ludicolo\n|-activate|p2b: Ludicolo|move: Protect\n|move|p2a: Politoed|Icy Wind|p1b: Pet Shop|[spread] p1b\n|-activate|p1a: Soft & Wet|move: Protect\n|-supereffective|p1b: Pet Shop\n|-damage|p1b: Pet Shop|0 fnt\n|faint|p1b: Pet Shop\n|\n|-weather|RainDance|[upkeep]\n|upkeep\n|\n|t:|1604163364\n|switch|p1b: Highway Star|Ferrothorn, L50, M|48\/48\n|turn|6\n|\n|t:|1604163377\n|move|p2a: Politoed|Helping Hand|p2b: Ludicolo\n|-singleturn|p2b: Ludicolo|Helping Hand|[of] p2a: Politoed\n|move|p1a: Soft & Wet|Close Combat|p2b: Ludicolo\n|-damage|p2b: Ludicolo|2\/48\n|-unboost|p1a: Soft & Wet|def|1\n|-unboost|p1a: Soft & Wet|spd|1\n|move|p2b: Ludicolo|Energy Ball|p1a: Soft & Wet\n|-supereffective|p1a: Soft & Wet\n|-enditem|p1a: Soft & Wet|Focus Sash\n|-damage|p1a: Soft & Wet|1\/48\n|move|p1b: Highway Star|Body Press|p2b: Ludicolo\n|-damage|p2b: Ludicolo|0 fnt\n|faint|p2b: Ludicolo\n|\n|-weather|RainDance|[upkeep]\n|upkeep\n|turn|7\n|\n|t:|1604163396\n|move|p1a: Soft & Wet|Close Combat|p2a: Politoed\n|-damage|p2a: Politoed|10\/48\n|-unboost|p1a: Soft & Wet|def|1\n|-unboost|p1a: Soft & Wet|spd|1\n|move|p2a: Politoed|Icy Wind|p1b: Highway Star|[spread] p1a,p1b\n|-resisted|p1a: Soft & Wet\n|-damage|p1a: Soft & Wet|0 fnt\n|-damage|p1b: Highway Star|45\/48\n|-unboost|p1b: Highway Star|spe|1\n|faint|p1a: Soft & Wet\n|move|p1b: Highway Star|Body Press|p2a: Politoed\n|-damage|p2a: Politoed|0 fnt\n|faint|p2a: Politoed\n|\n|win|jellybean64\n|l|\u2606Trogba Trogba\n|l|\u2606jellybean64\n","uploadtime":1604163431,"views":19,"p1id":"jellybean64","p2id":"trogbatrogba","formatid":"gen8vgc2020","rating":0,"private":0,"password":null}