{"id":"gen8nationaldex-1203582329","p1":"TrappoMatto","p2":"Daunzu","format":"gen8nationaldex","log":"|j|\u2606TrappoMatto\n|j|\u2606Daunzu\n|t:|1602770376\n|player|p1|TrappoMatto|ash|1614\n|player|p2|Daunzu|ingo|1615\n|teamsize|p1|6\n|teamsize|p2|6\n|gametype|singles\n|gen|8\n|tier|[Gen 8] National Dex\n|rated|\n|clearpoke\n|poke|p1|Hippowdon, F|\n|poke|p1|Tapu Fini|\n|poke|p1|Excadrill, M|\n|poke|p1|Ferrothorn, M|\n|poke|p1|Magnezone|\n|poke|p1|Latios, M|\n|poke|p2|Landorus-Therian, M|\n|poke|p2|Slowbro, M|\n|poke|p2|Garchomp, M|\n|poke|p2|Heatran, M|\n|poke|p2|Gardevoir, M|\n|poke|p2|Tapu Fini|\n|rule|HP Percentage Mod: HP is shown in percentages\n|rule|Endless Battle Clause: Forcing endless battles is banned\n|rule|OHKO Clause: OHKO moves are banned\n|rule|Evasion Moves Clause: Evasion moves are banned\n|rule|Species Clause: Limit one of each Pok\u00e9mon\n|rule|Dynamax Clause: You cannot dynamax\n|rule|Sleep Clause Mod: Limit one foe put to sleep\n|teampreview\n|inactive|Battle timer is ON: inactive players will automatically lose when time's up. (requested by TrappoMatto)\n|\n|t:|1602770389\n|start\n|switch|p1a: Hippowdon|Hippowdon, F|100\/100\n|switch|p2a: Landorus|Landorus-Therian, M|100\/100\n|-ability|p2a: Landorus|Intimidate|boost\n|-unboost|p1a: Hippowdon|atk|1\n|-weather|Sandstorm|[from] ability: Sand Stream|[of] p1a: Hippowdon\n|turn|1\n|\n|t:|1602770393\n|move|p2a: Landorus|Stealth Rock|p1a: Hippowdon\n|-sidestart|p1: TrappoMatto|move: Stealth Rock\n|move|p1a: Hippowdon|Stealth Rock|p2a: Landorus\n|-sidestart|p2: Daunzu|move: Stealth Rock\n|\n|-weather|Sandstorm|[upkeep]\n|upkeep\n|turn|2\n|\n|t:|1602770395\n|move|p2a: Landorus|Knock Off|p1a: Hippowdon\n|-damage|p1a: Hippowdon|83\/100\n|-enditem|p1a: Hippowdon|Smooth Rock|[from] move: Knock Off|[of] p2a: Landorus\n|move|p1a: Hippowdon|Yawn|p2a: Landorus\n|-start|p2a: Landorus|move: Yawn|[of] p1a: Hippowdon\n|\n|-weather|Sandstorm|[upkeep]\n|upkeep\n|turn|3\n|\n|t:|1602770398\n|switch|p2a: Tapu Fini|Tapu Fini|100\/100\n|-damage|p2a: Tapu Fini|88\/100|[from] Stealth Rock\n|-fieldstart|move: Misty Terrain|[from] ability: Misty Surge|[of] p2a: Tapu Fini\n|move|p1a: Hippowdon|Yawn|p2a: Tapu Fini\n|-start|p2a: Tapu Fini|move: Yawn|[of] p1a: Hippowdon\n|\n|-weather|Sandstorm|[upkeep]\n|-damage|p2a: Tapu Fini|82\/100|[from] Sandstorm\n|-heal|p2a: Tapu Fini|88\/100|[from] item: Leftovers\n|upkeep\n|turn|4\n|\n|t:|1602770401\n|switch|p1a: Magnezone|Magnezone|100\/100\n|-damage|p1a: Magnezone|94\/100|[from] Stealth Rock\n|move|p2a: Tapu Fini|Taunt|p1a: Magnezone\n|-start|p1a: Magnezone|move: Taunt\n|\n|-weather|Sandstorm|[upkeep]\n|-damage|p2a: Tapu Fini|82\/100|[from] Sandstorm\n|-heal|p2a: Tapu Fini|88\/100|[from] item: Leftovers\n|-end|p2a: Tapu Fini|move: Yawn|[silent]\n|-activate|p2a: Tapu Fini|move: Misty Terrain\n|upkeep\n|turn|5\n|\n|t:|1602770410\n|switch|p2a: Heatran|Heatran, M|100\/100\n|-damage|p2a: Heatran|88\/100|[from] Stealth Rock\n|move|p1a: Magnezone|Flash Cannon|p2a: Heatran\n|-resisted|p2a: Heatran\n|-damage|p2a: Heatran|74\/100\n|\n|-weather|Sandstorm|[upkeep]\n|-heal|p2a: Heatran|80\/100|[from] item: Leftovers\n|upkeep\n|turn|6\n|\n|t:|1602770416\n|switch|p1a: Tapu Fini|Tapu Fini|100\/100\n|-damage|p1a: Tapu Fini|88\/100|[from] Stealth Rock\n|move|p2a: Heatran|Lava Plume|p1a: Tapu Fini\n|-resisted|p1a: Tapu Fini\n|-damage|p1a: Tapu Fini|77\/100\n|\n|-weather|Sandstorm|[upkeep]\n|-damage|p1a: Tapu Fini|71\/100|[from] Sandstorm\n|-heal|p1a: Tapu Fini|77\/100|[from] item: Leftovers\n|-heal|p2a: Heatran|86\/100|[from] item: Leftovers\n|upkeep\n|turn|7\n|\n|t:|1602770422\n|switch|p2a: Slowbro|Slowbro, M|100\/100\n|-damage|p2a: Slowbro|88\/100|[from] Stealth Rock\n|move|p1a: Tapu Fini|Surf|p2a: Slowbro\n|-resisted|p2a: Slowbro\n|-damage|p2a: Slowbro|74\/100\n|\n|-weather|Sandstorm|[upkeep]\n|-damage|p1a: Tapu Fini|71\/100|[from] Sandstorm\n|-damage|p2a: Slowbro|68\/100|[from] Sandstorm\n|-heal|p1a: Tapu Fini|77\/100|[from] item: Leftovers\n|-fieldend|Misty Terrain\n|upkeep\n|turn|8\n|\n|t:|1602770425\n|move|p1a: Tapu Fini|Taunt|p2a: Slowbro\n|-start|p2a: Slowbro|move: Taunt\n|cant|p2a: Slowbro|move: Taunt|Teleport\n|\n|-weather|none\n|-heal|p1a: Tapu Fini|83\/100|[from] item: Leftovers\n|upkeep\n|turn|9\n|\n|t:|1602770430\n|switch|p2a: Tapu Fini|Tapu Fini|88\/100\n|-damage|p2a: Tapu Fini|75\/100|[from] Stealth Rock\n|-fieldstart|move: Misty Terrain|[from] ability: Misty Surge|[of] p2a: Tapu Fini\n|move|p1a: Tapu Fini|Moonblast|p2a: Tapu Fini\n|-damage|p2a: Tapu Fini|59\/100\n|-unboost|p2a: Tapu Fini|spa|1\n|\n|-heal|p1a: Tapu Fini|89\/100|[from] item: Leftovers\n|-heal|p2a: Tapu Fini|65\/100|[from] item: Leftovers\n|upkeep\n|turn|10\n|\n|t:|1602770435\n|switch|p2a: Slowbro|Slowbro, M|100\/100\n|-damage|p2a: Slowbro|88\/100|[from] Stealth Rock\n|move|p1a: Tapu Fini|Moonblast|p2a: Slowbro\n|-damage|p2a: Slowbro|57\/100\n|\n|-heal|p1a: Tapu Fini|95\/100|[from] item: Leftovers\n|upkeep\n|turn|11\n|\n|t:|1602770440\n|switch|p2a: Gardevoir|Gardevoir, M|100\/100\n|-damage|p2a: Gardevoir|88\/100|[from] Stealth Rock\n|-ability|p2a: Gardevoir|Misty Surge|[from] ability: Trace|[of] p1a: Tapu Fini\n|move|p1a: Tapu Fini|Moonblast|p2a: Gardevoir\n|-damage|p2a: Gardevoir|52\/100\n|-unboost|p2a: Gardevoir|spa|1\n|\n|-heal|p1a: Tapu Fini|100\/100|[from] item: Leftovers\n|upkeep\n|turn|12\n|\n|t:|1602770442\n|detailschange|p2a: Gardevoir|Gardevoir-Mega, M\n|-mega|p2a: Gardevoir|Gardevoir|Gardevoirite\n|move|p2a: Gardevoir|Hyper Voice|p1a: Tapu Fini\n|-damage|p1a: Tapu Fini|72\/100\n|move|p1a: Tapu Fini|Moonblast|p2a: Gardevoir\n|-damage|p2a: Gardevoir|23\/100\n|-unboost|p2a: Gardevoir|spa|1\n|\n|-heal|p1a: Tapu Fini|78\/100|[from] item: Leftovers\n|upkeep\n|turn|13\n|\n|t:|1602770450\n|move|p2a: Gardevoir|Hyper Voice|p1a: Tapu Fini\n|-damage|p1a: Tapu Fini|56\/100\n|move|p1a: Tapu Fini|Moonblast|p2a: Gardevoir\n|-damage|p2a: Gardevoir|0 fnt\n|faint|p2a: Gardevoir\n|\n|-heal|p1a: Tapu Fini|62\/100|[from] item: Leftovers\n|-fieldend|Misty Terrain\n|upkeep\n|\n|t:|1602770455\n|switch|p2a: Slowbro|Slowbro, M|91\/100\n|-damage|p2a: Slowbro|78\/100|[from] Stealth Rock\n|turn|14\n|\n|t:|1602770459\n|move|p1a: Tapu Fini|Taunt|p2a: Slowbro\n|-start|p2a: Slowbro|move: Taunt\n|cant|p2a: Slowbro|move: Taunt|Teleport\n|\n|-heal|p1a: Tapu Fini|69\/100|[from] item: Leftovers\n|upkeep\n|turn|15\n|l|\u2606Daunzu\n|inactive|Daunzu disconnected and has a minute to reconnect!\n|player|p2|\n|\n|t:|1602770466\n|switch|p1a: Magnezone|Magnezone|94\/100\n|-damage|p1a: Magnezone|88\/100|[from] Stealth Rock\n|switch|p2a: Heatran|Heatran, M|86\/100\n|-damage|p2a: Heatran|74\/100|[from] Stealth Rock\n|\n|-heal|p2a: Heatran|80\/100|[from] item: Leftovers\n|upkeep\n|turn|16\n|inactive|Daunzu has 30 seconds to reconnect!\n|inactive|Daunzu has 20 seconds to reconnect!\n|inactive|Daunzu has 15 seconds to reconnect!\n|inactive|Daunzu has 10 seconds to reconnect!\n|inactive|Daunzu has 5 seconds to reconnect!\n|-message|Daunzu lost due to inactivity.\n|\n|win|TrappoMatto\n|raw|TrappoMatto's rating: 1601 &rarr; <strong>1621<\/strong><br \/>(+20 for winning)\n|raw|Daunzu's rating: 1601 &rarr; <strong>1581<\/strong><br \/>(-20 for losing)\n","uploadtime":1602770536,"views":4,"p1id":"trappomatto","p2id":"daunzu","formatid":"gen8nationaldex","rating":1581,"private":0,"password":null}