{"id":"gen8nationaldex-1597762205","p1":"RTSG tests","p2":"ndlt3rql pinorska","format":"gen8nationaldex","log":"|raw|<div class=\"broadcast-blue\"><strong>This battle is required to be public due to a player having a name starting with 'ndlt3rql'.<\/div>\n|j|\u2606RTSG tests\n|j|\u2606ndlt3rql pinorska\n|t:|1655405902\n|gametype|singles\n|player|p1|RTSG tests|birdkeeper|1599\n|player|p2|ndlt3rql pinorska|jasmine-gen2|1800\n|teamsize|p1|6\n|teamsize|p2|6\n|gen|8\n|tier|[Gen 8] National Dex\n|rated|\n|rule|HP Percentage Mod: HP is shown in percentages\n|rule|Endless Battle Clause: Forcing endless battles is banned\n|rule|OHKO Clause: OHKO moves are banned\n|rule|Evasion Moves Clause: Evasion moves are banned\n|rule|Species Clause: Limit one of each Pok\u00e9mon\n|rule|Dynamax Clause: You cannot dynamax\n|rule|Sleep Clause Mod: Limit one foe put to sleep\n|clearpoke\n|poke|p1|Sceptile, M|\n|poke|p1|Rillaboom, M|\n|poke|p1|Tyranitar, F|\n|poke|p1|Magnezone|\n|poke|p1|Azumarill, F|\n|poke|p1|Landorus-Therian, M|\n|poke|p2|Greninja, M|\n|poke|p2|Mawile, F|\n|poke|p2|Corviknight, F|\n|poke|p2|Slowking-Galar, F|\n|poke|p2|Garchomp, M|\n|poke|p2|Rillaboom, M|\n|teampreview\n|inactive|Battle timer is ON: inactive players will automatically lose when time's up. (requested by ndlt3rql pinorska)\n|inactive|ndlt3rql pinorska has 120 seconds left.\n|\n|t:|1655405948\n|start\n|switch|p1a: Magnezone|Magnezone|100\/100\n|switch|p2a: Greninja|Greninja, M|100\/100\n|turn|1\n|\n|t:|1655405954\n|switch|p2a: Slowking|Slowking-Galar, F|100\/100\n|switch|p1a: Azumarill|Azumarill, F|100\/100\n|\n|upkeep\n|turn|2\n|\n|t:|1655405957\n|move|p1a: Azumarill|Knock Off|p2a: Slowking\n|-supereffective|p2a: Slowking\n|-damage|p2a: Slowking|20\/100\n|-enditem|p2a: Slowking|Assault Vest|[from] move: Knock Off|[of] p1a: Azumarill\n|move|p2a: Slowking|Sludge Bomb|p1a: Azumarill\n|-supereffective|p1a: Azumarill\n|-damage|p1a: Azumarill|24\/100\n|\n|upkeep\n|turn|3\n|\n|t:|1655405970\n|switch|p1a: Magnezone|Magnezone|100\/100\n|move|p2a: Slowking|Sludge Bomb|p1a: Magnezone\n|-immune|p1a: Magnezone\n|\n|upkeep\n|turn|4\n|j| Zygarde is Bae \u2661\n|\n|t:|1655405977\n|move|p1a: Magnezone|Flash Cannon|p2a: Slowking\n|-damage|p2a: Slowking|0 fnt\n|faint|p2a: Slowking\n|\n|upkeep\n|\n|t:|1655405981\n|switch|p2a: Mawile|Mawile, F, shiny|100\/100\n|-ability|p2a: Mawile|Intimidate|boost\n|-unboost|p1a: Magnezone|atk|1\n|turn|5\n|\n|t:|1655405985\n|detailschange|p2a: Mawile|Mawile-Mega, F, shiny\n|-mega|p2a: Mawile|Mawile|Mawilite\n|-zpower|p1a: Magnezone\n|move|p1a: Magnezone|Gigavolt Havoc|p2a: Mawile|[zeffect]\n|-damage|p2a: Mawile|0 fnt\n|faint|p2a: Mawile\n|\n|upkeep\n|c|\u2606ndlt3rql pinorska|hm\n|c|\u2606ndlt3rql pinorska|i miss my mawile\n|\n|t:|1655405996\n|switch|p2a: Rillaboom|Rillaboom, M|100\/100\n|-fieldstart|move: Grassy Terrain|[from] ability: Grassy Surge|[of] p2a: Rillaboom\n|turn|6\n|j| catboys\n|\n|t:|1655406008\n|switch|p1a: Landorus|Landorus-Therian, M|100\/100\n|-ability|p1a: Landorus|Intimidate|boost\n|-unboost|p2a: Rillaboom|atk|1\n|move|p2a: Rillaboom|Superpower|p1a: Landorus\n|-resisted|p1a: Landorus\n|-damage|p1a: Landorus|79\/100\n|-unboost|p2a: Rillaboom|atk|1\n|-unboost|p2a: Rillaboom|def|1\n|\n|upkeep\n|turn|7\n|\n|t:|1655406013\n|switch|p2a: Garchomp|Garchomp, M|100\/100\n|move|p1a: Landorus|U-turn|p2a: Garchomp\n|-damage|p2a: Garchomp|72\/100\n|-damage|p1a: Landorus|67\/100|[from] ability: Rough Skin|[of] p2a: Garchomp\n|\n|t:|1655406018\n|switch|p1a: Sceptile|Sceptile, M|100\/100|[from]move: U-turn\n|\n|-heal|p2a: Garchomp|79\/100|[from] Grassy Terrain\n|upkeep\n|turn|8\n|\n|t:|1655406025\n|switch|p2a: Corviknight|Corviknight, F|100\/100\n|-ability|p2a: Corviknight|Pressure\n|detailschange|p1a: Sceptile|Sceptile-Mega, M\n|-mega|p1a: Sceptile|Sceptile|Sceptilite\n|move|p1a: Sceptile|Dragon Pulse|p2a: Corviknight\n|-resisted|p2a: Corviknight\n|-damage|p2a: Corviknight|79\/100\n|\n|upkeep\n|turn|9\n|\n|t:|1655406033\n|switch|p1a: Azumarill|Azumarill, F|24\/100\n|switch|p2a: Garchomp|Garchomp, M|79\/100\n|\n|-heal|p2a: Garchomp|85\/100|[from] Grassy Terrain\n|-heal|p1a: Azumarill|30\/100|[from] Grassy Terrain\n|upkeep\n|turn|10\n|\n|t:|1655406041\n|switch|p1a: Sceptile|Sceptile-Mega, M|100\/100\n|-zpower|p2a: Garchomp\n|move|p2a: Garchomp|Tectonic Rage|p1a: Sceptile|[zeffect]\n|-resisted|p1a: Sceptile\n|-damage|p1a: Sceptile|26\/100\n|\n|-heal|p1a: Sceptile|33\/100|[from] Grassy Terrain\n|-heal|p2a: Garchomp|91\/100|[from] Grassy Terrain\n|-fieldend|move: Grassy Terrain\n|upkeep\n|turn|11\n|\n|t:|1655406050\n|move|p1a: Sceptile|Dragon Pulse|p2a: Garchomp\n|-supereffective|p2a: Garchomp\n|-damage|p2a: Garchomp|0 fnt\n|faint|p2a: Garchomp\n|\n|upkeep\n|\n|t:|1655406052\n|switch|p2a: Greninja|Greninja, M|100\/100\n|turn|12\n|\n|t:|1655406060\n|switch|p1a: Tyranitar|Tyranitar, F|100\/100\n|-weather|Sandstorm|[from] ability: Sand Stream|[of] p1a: Tyranitar\n|switch|p2a: Corviknight|Corviknight, F|79\/100\n|-ability|p2a: Corviknight|Pressure\n|\n|-weather|Sandstorm|[upkeep]\n|upkeep\n|turn|13\n|\n|t:|1655406065\n|move|p1a: Tyranitar|Fire Punch|p2a: Corviknight\n|-supereffective|p2a: Corviknight\n|-damage|p2a: Corviknight|28\/100\n|-damage|p1a: Tyranitar|84\/100|[from] item: Rocky Helmet|[of] p2a: Corviknight\n|move|p2a: Corviknight|Body Press|p1a: Tyranitar\n|-supereffective|p1a: Tyranitar\n|-damage|p1a: Tyranitar|0 fnt\n|faint|p1a: Tyranitar\n|\n|-weather|Sandstorm|[upkeep]\n|upkeep\n|\n|t:|1655406072\n|switch|p1a: Magnezone|Magnezone|100\/100\n|turn|14\n|\n|t:|1655406075\n|move|p1a: Magnezone|Thunderbolt|p2a: Corviknight\n|-supereffective|p2a: Corviknight\n|-damage|p2a: Corviknight|0 fnt\n|faint|p2a: Corviknight\n|\n|-weather|Sandstorm|[upkeep]\n|upkeep\n|\n|t:|1655406077\n|switch|p2a: Rillaboom|Rillaboom, M|100\/100\n|-fieldstart|move: Grassy Terrain|[from] ability: Grassy Surge|[of] p2a: Rillaboom\n|turn|15\n|\n|t:|1655406081\n|move|p2a: Rillaboom|Grassy Glide|p1a: Magnezone\n|-resisted|p1a: Magnezone\n|-damage|p1a: Magnezone|63\/100\n|move|p1a: Magnezone|Flash Cannon|p2a: Rillaboom\n|-damage|p2a: Rillaboom|35\/100\n|\n|-weather|Sandstorm|[upkeep]\n|-damage|p2a: Rillaboom|29\/100|[from] Sandstorm\n|-heal|p2a: Rillaboom|35\/100|[from] Grassy Terrain\n|-heal|p1a: Magnezone|69\/100|[from] Grassy Terrain\n|upkeep\n|turn|16\n|\n|t:|1655406085\n|switch|p2a: Greninja|Greninja, M|100\/100\n|move|p1a: Magnezone|Flash Cannon|p2a: Greninja\n|-resisted|p2a: Greninja\n|-crit|p2a: Greninja\n|-damage|p2a: Greninja|51\/100\n|\n|-weather|none\n|-heal|p2a: Greninja|57\/100|[from] Grassy Terrain\n|-heal|p1a: Magnezone|75\/100|[from] Grassy Terrain\n|upkeep\n|turn|17\n|\n|t:|1655406093\n|move|p2a: Greninja|Dark Pulse|p1a: Magnezone\n|-damage|p1a: Magnezone|1\/100\n|move|p1a: Magnezone|Thunderbolt|p2a: Greninja\n|-supereffective|p2a: Greninja\n|-damage|p2a: Greninja|0 fnt\n|faint|p2a: Greninja\n|\n|-heal|p1a: Magnezone|7\/100|[from] Grassy Terrain\n|upkeep\n|\n|t:|1655406096\n|switch|p2a: Rillaboom|Rillaboom, M|35\/100\n|turn|18\n|c|\u2606ndlt3rql pinorska|how the mighty have fallen\n|-message|ndlt3rql pinorska forfeited.\n|\n|win|RTSG tests\n|raw|RTSG tests's rating: 1599 &rarr; <strong>1629<\/strong><br \/>(+30 for winning)\n|raw|ndlt3rql pinorska's rating: 1800 &rarr; <strong>1770<\/strong><br \/>(-30 for losing)\n|l|\u2606ndlt3rql pinorska\n","uploadtime":1655406110,"views":6,"p1id":"rtsgtests","p2id":"ndlt3rqlpinorska","formatid":"gen8nationaldex","rating":1629,"private":0,"password":null}