{"id":"gen8pu-1305581355","p1":"Uberfiend","p2":"lebanesestinker","format":"gen8pu","log":"|j|\u2606Uberfiend\n|j|\u2606lebanesestinker\n|t:|1616282790\n|player|p1|Uberfiend|pokefan-gen4|1415\n|player|p2|lebanesestinker|policeman|1368\n|teamsize|p1|6\n|teamsize|p2|6\n|gametype|singles\n|gen|8\n|tier|[Gen 8] PU\n|rated|\n|clearpoke\n|poke|p1|Whimsicott, M|\n|poke|p1|Archeops, F|\n|poke|p1|Hitmontop, M|\n|poke|p1|Braviary, M|\n|poke|p1|Druddigon, M|\n|poke|p1|Accelgor, F|\n|poke|p2|Magmortar, M|\n|poke|p2|Druddigon, M|\n|poke|p2|Cofagrigus, F|\n|poke|p2|Kingler, M|\n|poke|p2|Virizion|\n|poke|p2|Sandslash, M|\n|rule|Sleep Clause Mod: Limit one foe put to sleep\n|rule|Species Clause: Limit one of each Pok\u00e9mon\n|rule|OHKO Clause: OHKO moves are banned\n|rule|Evasion Moves Clause: Evasion moves are banned\n|rule|Endless Battle Clause: Forcing endless battles is banned\n|rule|HP Percentage Mod: HP is shown in percentages\n|rule|Dynamax Clause: You cannot dynamax\n|teampreview\n|inactive|Battle timer is ON: inactive players will automatically lose when time's up. (requested by Uberfiend)\n|\n|t:|1616282826\n|start\n|switch|p1a: Mind over matter|Druddigon, M|100\/100\n|switch|p2a: Druddigon|Druddigon, M|100\/100\n|-ability|p1a: Mind over matter|Mold Breaker\n|turn|1\n|\n|t:|1616282829\n|move|p2a: Druddigon|Glare|p1a: Mind over matter\n|-status|p1a: Mind over matter|par\n|move|p1a: Mind over matter|Glare|p2a: Druddigon\n|-status|p2a: Druddigon|par\n|\n|upkeep\n|turn|2\n|\n|t:|1616282832\n|move|p2a: Druddigon|Stealth Rock|p1a: Mind over matter\n|-sidestart|p1: Uberfiend|move: Stealth Rock\n|move|p1a: Mind over matter|Dragon Tail|p2a: Druddigon\n|-supereffective|p2a: Druddigon\n|-damage|p2a: Druddigon|48\/100 par\n|-damage|p1a: Mind over matter|88\/100 par|[from] ability: Rough Skin|[of] p2a: Druddigon\n|-damage|p1a: Mind over matter|72\/100 par|[from] item: Rocky Helmet|[of] p2a: Druddigon\n|drag|p2a: Cofagrigus|Cofagrigus, F|100\/100\n|\n|upkeep\n|turn|3\n|\n|t:|1616282838\n|move|p2a: Cofagrigus|Toxic Spikes|p1a: Mind over matter\n|-sidestart|p1: Uberfiend|move: Toxic Spikes\n|move|p1a: Mind over matter|Glare|p2a: Cofagrigus\n|-status|p2a: Cofagrigus|par\n|\n|upkeep\n|turn|4\n|\n|t:|1616282840\n|move|p1a: Mind over matter|Stealth Rock|p2a: Cofagrigus\n|-sidestart|p2: lebanesestinker|move: Stealth Rock\n|move|p2a: Cofagrigus|Toxic Spikes|p1a: Mind over matter\n|-sidestart|p1: Uberfiend|move: Toxic Spikes\n|\n|upkeep\n|turn|5\n|\n|t:|1616282851\n|switch|p2a: Druddigon|Druddigon, M|48\/100 par\n|-damage|p2a: Druddigon|36\/100 par|[from] Stealth Rock\n|move|p1a: Mind over matter|Dragon Tail|p2a: Druddigon\n|-supereffective|p2a: Druddigon\n|-damage|p2a: Druddigon|0 fnt\n|-damage|p1a: Mind over matter|59\/100 par|[from] ability: Rough Skin|[of] p2a: Druddigon\n|-damage|p1a: Mind over matter|43\/100 par|[from] item: Rocky Helmet|[of] p2a: Druddigon\n|faint|p2a: Druddigon\n|\n|upkeep\n|\n|t:|1616282861\n|switch|p2a: Sandslash|Sandslash, M|100\/100\n|-damage|p2a: Sandslash|94\/100|[from] Stealth Rock\n|turn|6\n|\n|t:|1616282864\n|move|p2a: Sandslash|Earthquake|p1a: Mind over matter\n|-damage|p1a: Mind over matter|1\/100 par\n|move|p1a: Mind over matter|Glare|p2a: Sandslash\n|-status|p2a: Sandslash|par\n|\n|-heal|p2a: Sandslash|100\/100 par|[from] item: Leftovers\n|upkeep\n|turn|7\n|\n|t:|1616282868\n|move|p2a: Sandslash|Rapid Spin|p1a: Mind over matter\n|-damage|p1a: Mind over matter|0 fnt\n|-boost|p2a: Sandslash|spe|1\n|-sideend|p2: lebanesestinker|Stealth Rock|[from] move: Rapid Spin|[of] p2a: Sandslash\n|faint|p1a: Mind over matter\n|\n|upkeep\n|\n|t:|1616282871\n|switch|p1a: \ud83e\udd85\ud83d\udca5|Braviary, M, shiny|100\/100\n|-damage|p1a: \ud83e\udd85\ud83d\udca5|75\/100|[from] Stealth Rock\n|turn|8\n|\n|t:|1616282879\n|switch|p2a: Magmortar|Magmortar, M|100\/100\n|move|p1a: \ud83e\udd85\ud83d\udca5|Defog|p2a: Magmortar\n|-unboost|p2a: Magmortar|evasion|1\n|-sideend|p1: Uberfiend|Toxic Spikes|[from] move: Defog|[of] p1a: \ud83e\udd85\ud83d\udca5\n|-sideend|p1: Uberfiend|Stealth Rock|[from] move: Defog|[of] p1a: \ud83e\udd85\ud83d\udca5\n|\n|upkeep\n|turn|9\n|\n|t:|1616282881\n|move|p2a: Magmortar|Fire Blast|p1a: \ud83e\udd85\ud83d\udca5\n|-damage|p1a: \ud83e\udd85\ud83d\udca5|8\/100\n|move|p1a: \ud83e\udd85\ud83d\udca5|Brave Bird|p2a: Magmortar\n|-damage|p2a: Magmortar|0 fnt\n|-damage|p1a: \ud83e\udd85\ud83d\udca5|0 fnt|[from] Recoil\n|faint|p2a: Magmortar\n|faint|p1a: \ud83e\udd85\ud83d\udca5\n|\n|upkeep\n|\n|t:|1616282892\n|switch|p2a: Virizion|Virizion|100\/100\n|switch|p1a: Surprise attack!\ud83c\udf89|Whimsicott, M, shiny|100\/100\n|turn|10\n|\n|t:|1616282901\n|switch|p2a: Cofagrigus|Cofagrigus, F|100\/100 par\n|move|p1a: Surprise attack!\ud83c\udf89|Moonblast|p2a: Cofagrigus\n|-damage|p2a: Cofagrigus|69\/100 par\n|-unboost|p2a: Cofagrigus|spa|1\n|\n|upkeep\n|turn|11\n|\n|t:|1616282904\n|move|p1a: Surprise attack!\ud83c\udf89|Moonblast|p2a: Cofagrigus\n|-damage|p2a: Cofagrigus|32\/100 par\n|-unboost|p2a: Cofagrigus|spa|1\n|move|p2a: Cofagrigus|Rest|p2a: Cofagrigus\n|-status|p2a: Cofagrigus|slp|[from] move: Rest\n|-heal|p2a: Cofagrigus|100\/100 slp|[silent]\n|-enditem|p2a: Cofagrigus|Chesto Berry|[eat]\n|-curestatus|p2a: Cofagrigus|slp|[msg]\n|\n|upkeep\n|turn|12\n|\n|t:|1616282909\n|move|p1a: Surprise attack!\ud83c\udf89|Encore|p2a: Cofagrigus\n|-start|p2a: Cofagrigus|Encore\n|move|p2a: Cofagrigus|Rest|p2a: Cofagrigus\n|-fail|p2a: Cofagrigus|heal\n|\n|upkeep\n|turn|13\n|\n|t:|1616282915\n|switch|p2a: Sandslash|Sandslash, M|100\/100 par\n|move|p1a: Surprise attack!\ud83c\udf89|Moonblast|p2a: Sandslash\n|-damage|p2a: Sandslash|12\/100 par\n|\n|-heal|p2a: Sandslash|18\/100 par|[from] item: Leftovers\n|upkeep\n|turn|14\n|\n|t:|1616282930\n|move|p1a: Surprise attack!\ud83c\udf89|Moonblast|p2a: Sandslash\n|-damage|p2a: Sandslash|0 fnt\n|faint|p2a: Sandslash\n|\n|upkeep\n|\n|t:|1616282932\n|switch|p2a: Cofagrigus|Cofagrigus, F|100\/100\n|turn|15\n|\n|t:|1616282940\n|switch|p1a: \ud83e\udd85\ud83d\udca8|Archeops, F, shiny|100\/100\n|move|p2a: Cofagrigus|Toxic Spikes|p1a: \ud83e\udd85\ud83d\udca8\n|-sidestart|p1: Uberfiend|move: Toxic Spikes\n|\n|upkeep\n|turn|16\n|\n|t:|1616282944\n|move|p1a: \ud83e\udd85\ud83d\udca8|Meteor Beam||[still]\n|-prepare|p1a: \ud83e\udd85\ud83d\udca8|Meteor Beam\n|-boost|p1a: \ud83e\udd85\ud83d\udca8|spa|1\n|-enditem|p1a: \ud83e\udd85\ud83d\udca8|Power Herb\n|-anim|p1a: \ud83e\udd85\ud83d\udca8|Meteor Beam|p2a: Cofagrigus\n|-damage|p2a: Cofagrigus|34\/100\n|move|p2a: Cofagrigus|Body Press|p1a: \ud83e\udd85\ud83d\udca8\n|-damage|p1a: \ud83e\udd85\ud83d\udca8|58\/100\n|\n|upkeep\n|turn|17\n|j| pupitar8391\n|\n|t:|1616282954\n|move|p1a: \ud83e\udd85\ud83d\udca8|Air Slash|p2a: Cofagrigus\n|-damage|p2a: Cofagrigus|0 fnt\n|faint|p2a: Cofagrigus\n|\n|upkeep\n|\n|t:|1616282956\n|switch|p2a: Virizion|Virizion|100\/100\n|turn|18\n|l| pupitar8391\n|\n|t:|1616282961\n|move|p2a: Virizion|Leaf Storm|p1a: \ud83e\udd85\ud83d\udca8\n|-damage|p1a: \ud83e\udd85\ud83d\udca8|0 fnt\n|-unboost|p2a: Virizion|spa|2\n|faint|p1a: \ud83e\udd85\ud83d\udca8\n|\n|upkeep\n|\n|t:|1616282968\n|switch|p1a: \ud83e\udd38\u200d\u2642\ufe0f|Hitmontop, M|100\/100\n|-status|p1a: \ud83e\udd38\u200d\u2642\ufe0f|psn\n|turn|19\n|\n|t:|1616282974\n|switch|p2a: Kingler|Kingler, M|100\/100\n|move|p1a: \ud83e\udd38\u200d\u2642\ufe0f|Triple Axel|p2a: Kingler\n|-resisted|p2a: Kingler\n|-crit|p2a: Kingler\n|-damage|p2a: Kingler|91\/100\n|-resisted|p2a: Kingler\n|-damage|p2a: Kingler|81\/100\n|-resisted|p2a: Kingler\n|-damage|p2a: Kingler|65\/100\n|-hitcount|p2a: Kingler|3\n|\n|-damage|p1a: \ud83e\udd38\u200d\u2642\ufe0f|88\/100 psn|[from] psn\n|upkeep\n|turn|20\n|\n|t:|1616282984\n|move|p2a: Kingler|Agility|p2a: Kingler\n|-boost|p2a: Kingler|spe|2\n|move|p1a: \ud83e\udd38\u200d\u2642\ufe0f|Bulldoze|p2a: Kingler\n|-damage|p2a: Kingler|33\/100\n|-unboost|p2a: Kingler|spe|1\n|\n|-damage|p1a: \ud83e\udd38\u200d\u2642\ufe0f|76\/100 psn|[from] psn\n|upkeep\n|turn|21\n|\n|t:|1616282986\n|move|p1a: \ud83e\udd38\u200d\u2642\ufe0f|Mach Punch|p2a: Kingler\n|-damage|p2a: Kingler|0 fnt\n|faint|p2a: Kingler\n|\n|-damage|p1a: \ud83e\udd38\u200d\u2642\ufe0f|64\/100 psn|[from] psn\n|upkeep\n|\n|t:|1616282988\n|switch|p2a: Virizion|Virizion|100\/100\n|turn|22\n|\n|t:|1616282995\n|move|p2a: Virizion|Air Slash|p1a: \ud83e\udd38\u200d\u2642\ufe0f\n|-supereffective|p1a: \ud83e\udd38\u200d\u2642\ufe0f\n|-damage|p1a: \ud83e\udd38\u200d\u2642\ufe0f|34\/100 psn\n|cant|p1a: \ud83e\udd38\u200d\u2642\ufe0f|flinch\n|\n|-damage|p1a: \ud83e\udd38\u200d\u2642\ufe0f|22\/100 psn|[from] psn\n|upkeep\n|turn|23\n|\n|t:|1616282999\n|move|p1a: \ud83e\udd38\u200d\u2642\ufe0f|Mach Punch|p2a: Virizion\n|-damage|p2a: Virizion|57\/100\n|move|p2a: Virizion|Air Slash|p1a: \ud83e\udd38\u200d\u2642\ufe0f\n|-supereffective|p1a: \ud83e\udd38\u200d\u2642\ufe0f\n|-damage|p1a: \ud83e\udd38\u200d\u2642\ufe0f|0 fnt\n|faint|p1a: \ud83e\udd38\u200d\u2642\ufe0f\n|\n|upkeep\n|\n|t:|1616283002\n|switch|p1a: Surprise attack!\ud83c\udf89|Whimsicott, M, shiny|100\/100\n|-status|p1a: Surprise attack!\ud83c\udf89|psn\n|turn|24\n|\n|t:|1616283005\n|move|p2a: Virizion|Air Slash|p1a: Surprise attack!\ud83c\udf89\n|-supereffective|p1a: Surprise attack!\ud83c\udf89\n|-damage|p1a: Surprise attack!\ud83c\udf89|22\/100 psn\n|move|p1a: Surprise attack!\ud83c\udf89|Moonblast|p2a: Virizion\n|-supereffective|p2a: Virizion\n|-damage|p2a: Virizion|0 fnt\n|faint|p2a: Virizion\n|\n|win|Uberfiend\n|raw|Uberfiend's rating: 1415 &rarr; <strong>1432<\/strong><br \/>(+17 for winning)\n|raw|lebanesestinker's rating: 1368 &rarr; <strong>1351<\/strong><br \/>(-17 for losing)\n|l|\u2606lebanesestinker\n|c|\u2606Uberfiend|1 .1\n","uploadtime":1616283028,"views":3,"p1id":"uberfiend","p2id":"lebanesestinker","formatid":"gen8pu","rating":1351,"private":0,"password":null}