{"id":"gen8nationaldex-1200245053","p1":"Dahbee","p2":"yhdrslb","format":"gen8nationaldex","log":"|j|\u2606Dahbee\n|j|\u2606yhdrslb\n|t:|1602210286\n|player|p1|Dahbee|1|1635\n|player|p2|yhdrslb|30|1615\n|teamsize|p1|6\n|teamsize|p2|6\n|gametype|singles\n|gen|8\n|tier|[Gen 8] National Dex\n|rated|\n|clearpoke\n|poke|p1|Reuniclus, M|\n|poke|p1|Toxapex, F|\n|poke|p1|Hippowdon, F|\n|poke|p1|Ferrothorn, F|\n|poke|p1|Blissey, F|\n|poke|p1|Scizor, M|\n|poke|p2|Cinderace, M|\n|poke|p2|Landorus-Therian, M|\n|poke|p2|Rillaboom, M|\n|poke|p2|Beedrill, F|\n|poke|p2|Dracovish|\n|poke|p2|Zeraora|\n|rule|HP Percentage Mod: HP is shown in percentages\n|rule|Endless Battle Clause: Forcing endless battles is banned\n|rule|OHKO Clause: OHKO moves are banned\n|rule|Evasion Moves Clause: Evasion moves are banned\n|rule|Species Clause: Limit one of each Pok\u00e9mon\n|rule|Dynamax Clause: You cannot dynamax\n|rule|Sleep Clause Mod: Limit one foe put to sleep\n|teampreview\n|j| GexkaXXV\n|\n|t:|1602210297\n|start\n|switch|p1a: Hippowdon|Hippowdon, F|100\/100\n|switch|p2a: Zeraora|Zeraora|100\/100\n|-weather|Sandstorm|[from] ability: Sand Stream|[of] p1a: Hippowdon\n|turn|1\n|l| GexkaXXV\n|j| supremegamer\n|\n|t:|1602210304\n|move|p2a: Zeraora|Grass Knot|p1a: Hippowdon\n|-supereffective|p1a: Hippowdon\n|-damage|p1a: Hippowdon|0 fnt\n|faint|p1a: Hippowdon\n|\n|-weather|Sandstorm|[upkeep]\n|-damage|p2a: Zeraora|95\/100|[from] Sandstorm\n|upkeep\n|\n|t:|1602210308\n|switch|p1a: Scizor|Scizor, M|100\/100\n|turn|2\n|\n|t:|1602210312\n|switch|p2a: Beedrill|Beedrill, F|100\/100\n|detailschange|p1a: Scizor|Scizor-Mega, M\n|-mega|p1a: Scizor|Scizor|Scizorite\n|move|p1a: Scizor|U-turn|p2a: Beedrill\n|-resisted|p2a: Beedrill\n|-damage|p2a: Beedrill|57\/100\n|\n|t:|1602210317\n|switch|p1a: Ferrothorn|Ferrothorn, F|100\/100|[from]move: U-turn\n|\n|-weather|Sandstorm|[upkeep]\n|-damage|p2a: Beedrill|51\/100|[from] Sandstorm\n|upkeep\n|turn|3\n|\n|t:|1602210324\n|switch|p2a: Cinderace|Cinderace, M|100\/100\n|move|p1a: Ferrothorn|Spikes|p2a: Cinderace\n|-sidestart|p2: yhdrslb|Spikes\n|\n|-weather|Sandstorm|[upkeep]\n|-damage|p2a: Cinderace|95\/100|[from] Sandstorm\n|upkeep\n|turn|4\n|\n|t:|1602210328\n|switch|p1a: Toxapex|Toxapex, F|100\/100\n|move|p2a: Cinderace|Court Change|p2a: Cinderace\n|-start|p2a: Cinderace|typechange|Normal|[from] ability: Libero\n|-sideend|p2: yhdrslb|Spikes|[silent]\n|-sidestart|p1: Dahbee|Spikes|[silent]\n|-activate|p2a: Cinderace|move: Court Change\n|\n|-weather|Sandstorm|[upkeep]\n|-damage|p2a: Cinderace|89\/100|[from] Sandstorm\n|-damage|p1a: Toxapex|94\/100|[from] Sandstorm\n|-heal|p1a: Toxapex|100\/100|[from] item: Black Sludge\n|upkeep\n|turn|5\n|\n|t:|1602210338\n|switch|p2a: Landorus|Landorus-Therian, M|100\/100\n|-ability|p2a: Landorus|Intimidate|boost\n|-unboost|p1a: Toxapex|atk|1\n|move|p1a: Toxapex|Toxic Spikes|p2a: Landorus\n|-sidestart|p2: yhdrslb|move: Toxic Spikes\n|\n|-weather|none\n|upkeep\n|turn|6\n|\n|t:|1602210346\n|move|p2a: Landorus|Earthquake|p1a: Toxapex\n|-supereffective|p1a: Toxapex\n|-damage|p1a: Toxapex|0 fnt\n|faint|p1a: Toxapex\n|\n|upkeep\n|-message|Dahbee forfeited.\n|\n|win|yhdrslb\n|l|\u2606Dahbee\n|raw|Dahbee's rating: 1635 &rarr; <strong>1614<\/strong><br \/>(-21 for losing)\n|raw|yhdrslb's rating: 1615 &rarr; <strong>1636<\/strong><br \/>(+21 for winning)\n","uploadtime":1602210357,"views":6,"p1id":"dahbee","p2id":"yhdrslb","formatid":"gen8nationaldex","rating":1614,"private":0,"password":null}