{"id":"gen8ou-1619984789","p1":"pepsi","p2":"Jeandonis02","format":"gen8ou","log":"|j|\u2606pepsi\n|j|\u2606Jeandonis02\n|t:|1658163043\n|gametype|singles\n|player|p1|pepsi|morty|1854\n|player|p2|Jeandonis02|lucas|1856\n|teamsize|p1|6\n|teamsize|p2|6\n|gen|8\n|tier|[Gen 8] OU\n|rated|\n|rule|Sleep Clause Mod: Limit one foe put to sleep\n|rule|Species Clause: Limit one of each Pok\u00e9mon\n|rule|OHKO Clause: OHKO moves are banned\n|rule|Evasion Moves Clause: Evasion moves are banned\n|rule|Endless Battle Clause: Forcing endless battles is banned\n|rule|HP Percentage Mod: HP is shown in percentages\n|rule|Dynamax Clause: You cannot dynamax\n|clearpoke\n|poke|p1|Ninetales-Alola, M|\n|poke|p1|Tapu Lele|\n|poke|p1|Volcanion|\n|poke|p1|Corviknight, M|\n|poke|p1|Tornadus-Therian, M|\n|poke|p1|Hippowdon, F|\n|poke|p2|Zeraora|\n|poke|p2|Toxapex, F|\n|poke|p2|Garchomp, F|\n|poke|p2|Rotom-Wash|\n|poke|p2|Ferrothorn, M|\n|poke|p2|Charizard, M|\n|teampreview\n|inactive|Battle timer is ON: inactive players will automatically lose when time's up. (requested by pepsi)\n|\n|t:|1658163061\n|start\n|switch|p1a: Triangle Florian|Tapu Lele|100\/100\n|switch|p2a: Ferrothorn|Ferrothorn, M|100\/100\n|-fieldstart|move: Psychic Terrain|[from] ability: Psychic Surge|[of] p1a: Triangle Florian\n|turn|1\n|\n|t:|1658163074\n|switch|p1a: Pell|Tornadus-Therian, M|100\/100\n|move|p2a: Ferrothorn|Gyro Ball|p1a: Pell\n|-damage|p1a: Pell|46\/100\n|\n|upkeep\n|turn|2\n|j| hilarious \u32db\n|\n|t:|1658163078\n|switch|p1a: Corviknight|Corviknight, M|100\/100\n|-ability|p1a: Corviknight|Pressure\n|switch|p2a: Toxapex|Toxapex, F|100\/100\n|\n|upkeep\n|turn|3\n|\n|t:|1658163082\n|switch|p1a: Pell|Tornadus-Therian, M|79\/100\n|move|p2a: Toxapex|Scald|p1a: Pell\n|-damage|p1a: Pell|60\/100\n|\n|upkeep\n|turn|4\n|\n|t:|1658163085\n|move|p1a: Pell|Knock Off|p2a: Toxapex\n|-damage|p2a: Toxapex|84\/100\n|-enditem|p2a: Toxapex|Black Sludge|[from] move: Knock Off|[of] p1a: Pell\n|move|p2a: Toxapex|Toxic|p1a: Pell\n|-status|p1a: Pell|tox\n|\n|-damage|p1a: Pell|54\/100 tox|[from] psn\n|upkeep\n|turn|5\n|\n|t:|1658163089\n|move|p1a: Pell|Hurricane|p2a: Toxapex\n|-damage|p2a: Toxapex|57\/100\n|-start|p2a: Toxapex|confusion\n|-activate|p2a: Toxapex|confusion\n|move|p2a: Toxapex|Scald|p1a: Pell\n|-damage|p1a: Pell|38\/100 tox\n|\n|-damage|p1a: Pell|26\/100 tox|[from] psn\n|-fieldend|move: Psychic Terrain\n|upkeep\n|turn|6\n|\n|t:|1658163093\n|switch|p2a: Ferrothorn|Ferrothorn, M|100\/100\n|move|p1a: Pell|U-turn|p2a: Ferrothorn\n|-damage|p2a: Ferrothorn|91\/100\n|-damage|p1a: Pell|14\/100 tox|[from] ability: Iron Barbs|[of] p2a: Ferrothorn\n|-damage|p1a: Pell|0 fnt|[from] item: Rocky Helmet|[of] p2a: Ferrothorn\n|faint|p1a: Pell\n|\n|upkeep\n|\n|t:|1658163097\n|switch|p1a: Volcanion|Volcanion|100\/100\n|turn|7\n|\n|t:|1658163102\n|switch|p1a: Triangle Florian|Tapu Lele|100\/100\n|-fieldstart|move: Psychic Terrain|[from] ability: Psychic Surge|[of] p1a: Triangle Florian\n|switch|p2a: Toxapex|Toxapex, F|90\/100\n|\n|upkeep\n|turn|8\n|\n|t:|1658163106\n|move|p2a: Toxapex|Baneful Bunker|p2a: Toxapex\n|-singleturn|p2a: Toxapex|move: Protect\n|move|p1a: Triangle Florian|Focus Blast|p2a: Toxapex\n|-activate|p2a: Toxapex|move: Protect\n|\n|upkeep\n|turn|9\n|j| lukisonic23\n|\n|t:|1658163110\n|switch|p1a: Alubarna|Hippowdon, F|100\/100\n|-weather|Sandstorm|[from] ability: Sand Stream|[of] p1a: Alubarna\n|move|p2a: Toxapex|Toxic|p1a: Alubarna\n|-status|p1a: Alubarna|tox\n|\n|-weather|Sandstorm|[upkeep]\n|-damage|p2a: Toxapex|84\/100|[from] Sandstorm\n|-damage|p1a: Alubarna|94\/100 tox|[from] psn\n|upkeep\n|turn|10\n|\n|t:|1658163113\n|switch|p2a: Rotom|Rotom-Wash|100\/100\n|move|p1a: Alubarna|Stealth Rock|p2a: Rotom\n|-sidestart|p2: Jeandonis02|move: Stealth Rock\n|\n|-weather|Sandstorm|[upkeep]\n|-damage|p2a: Rotom|94\/100|[from] Sandstorm\n|-heal|p2a: Rotom|100\/100|[from] item: Leftovers\n|-heal|p1a: Alubarna|100\/100 tox|[from] item: Leftovers\n|-damage|p1a: Alubarna|88\/100 tox|[from] psn\n|upkeep\n|turn|11\n|\n|t:|1658163117\n|switch|p1a: Triangle Florian|Tapu Lele|100\/100\n|move|p2a: Rotom|Defog|p1a: Triangle Florian\n|-unboost|p1a: Triangle Florian|evasion|1\n|-sideend|p2: Jeandonis02|Stealth Rock|[from] move: Defog|[of] p2a: Rotom\n|-fieldend|move: Psychic Terrain\n|\n|-weather|Sandstorm|[upkeep]\n|-damage|p1a: Triangle Florian|94\/100|[from] Sandstorm\n|-damage|p2a: Rotom|94\/100|[from] Sandstorm\n|-heal|p2a: Rotom|100\/100|[from] item: Leftovers\n|upkeep\n|turn|12\n|\n|t:|1658163124\n|switch|p2a: Toxapex|Toxapex, F|100\/100\n|move|p1a: Triangle Florian|Psychic|p2a: Toxapex\n|-supereffective|p2a: Toxapex\n|-damage|p2a: Toxapex|10\/100\n|-unboost|p2a: Toxapex|spd|1\n|\n|-weather|Sandstorm|[upkeep]\n|-damage|p1a: Triangle Florian|88\/100|[from] Sandstorm\n|-damage|p2a: Toxapex|3\/100|[from] Sandstorm\n|upkeep\n|turn|13\n|\n|t:|1658163128\n|switch|p1a: Volcanion|Volcanion|100\/100\n|switch|p2a: Ferrothorn|Ferrothorn, M|91\/100\n|\n|-weather|none\n|upkeep\n|turn|14\n|\n|t:|1658163132\n|switch|p2a: Rotom|Rotom-Wash|100\/100\n|move|p1a: Volcanion|Steam Eruption|p2a: Rotom\n|-resisted|p2a: Rotom\n|-damage|p2a: Rotom|72\/100\n|-status|p2a: Rotom|brn\n|\n|-heal|p2a: Rotom|78\/100 brn|[from] item: Leftovers\n|-damage|p2a: Rotom|72\/100 brn|[from] brn\n|upkeep\n|turn|15\n|\n|t:|1658163138\n|switch|p1a: Triangle Florian|Tapu Lele|88\/100\n|-fieldstart|move: Psychic Terrain|[from] ability: Psychic Surge|[of] p1a: Triangle Florian\n|move|p2a: Rotom|Volt Switch|p1a: Triangle Florian\n|-damage|p1a: Triangle Florian|62\/100\n|\n|t:|1658163141\n|switch|p2a: Garchomp|Garchomp, F|100\/100|[from]move: Volt Switch\n|\n|upkeep\n|turn|16\n|\n|t:|1658163144\n|switch|p1a: Corviknight|Corviknight, M|100\/100\n|-ability|p1a: Corviknight|Pressure\n|move|p2a: Garchomp|Iron Head|p1a: Corviknight\n|-resisted|p1a: Corviknight\n|-damage|p1a: Corviknight|89\/100\n|-damage|p2a: Garchomp|84\/100|[from] item: Rocky Helmet|[of] p1a: Corviknight\n|\n|upkeep\n|turn|17\n|\n|t:|1658163149\n|switch|p2a: Toxapex|Toxapex, F|37\/100\n|move|p1a: Corviknight|Brave Bird|p2a: Toxapex\n|-damage|p2a: Toxapex|9\/100\n|-damage|p1a: Corviknight|82\/100|[from] Recoil\n|\n|upkeep\n|turn|18\n|j| Tokyo EZ\n|\n|t:|1658163154\n|switch|p2a: Ferrothorn|Ferrothorn, M|91\/100\n|move|p1a: Corviknight|Brave Bird|p2a: Ferrothorn\n|-crit|p2a: Ferrothorn\n|-damage|p2a: Ferrothorn|58\/100\n|-damage|p1a: Corviknight|69\/100|[from] ability: Iron Barbs|[of] p2a: Ferrothorn\n|-damage|p1a: Corviknight|53\/100|[from] item: Rocky Helmet|[of] p2a: Ferrothorn\n|-damage|p1a: Corviknight|43\/100|[from] Recoil\n|\n|upkeep\n|turn|19\n|\n|t:|1658163159\n|move|p1a: Corviknight|Roost|p1a: Corviknight\n|-heal|p1a: Corviknight|93\/100\n|-singleturn|p1a: Corviknight|move: Roost\n|move|p2a: Ferrothorn|Stealth Rock|p1a: Corviknight\n|-sidestart|p1: pepsi|move: Stealth Rock\n|\n|-fieldend|move: Psychic Terrain\n|upkeep\n|turn|20\n|\n|t:|1658163163\n|move|p1a: Corviknight|Defog|p2a: Ferrothorn\n|-unboost|p2a: Ferrothorn|evasion|1\n|-sideend|p1: pepsi|Stealth Rock|[from] move: Defog|[of] p1a: Corviknight\n|move|p2a: Ferrothorn|Leech Seed|p1a: Corviknight\n|-start|p1a: Corviknight|move: Leech Seed\n|\n|-damage|p1a: Corviknight|81\/100|[from] Leech Seed|[of] p2a: Ferrothorn\n|-heal|p2a: Ferrothorn|72\/100|[silent]\n|upkeep\n|turn|21\n|\n|t:|1658163166\n|switch|p1a: Volcanion|Volcanion|100\/100\n|move|p2a: Ferrothorn|Stealth Rock|p1a: Volcanion\n|-sidestart|p1: pepsi|move: Stealth Rock\n|\n|upkeep\n|turn|22\n|j| DrPistrulli\n|\n|t:|1658163172\n|switch|p2a: Rotom|Rotom-Wash|72\/100 brn\n|move|p1a: Volcanion|Flamethrower|p2a: Rotom\n|-resisted|p2a: Rotom\n|-damage|p2a: Rotom|47\/100 brn\n|\n|-heal|p2a: Rotom|53\/100 brn|[from] item: Leftovers\n|-damage|p2a: Rotom|47\/100 brn|[from] brn\n|upkeep\n|turn|23\n|\n|t:|1658163188\n|move|p1a: Volcanion|Steam Eruption|p2a: Rotom|[miss]\n|-miss|p1a: Volcanion|p2a: Rotom\n|move|p2a: Rotom|Volt Switch|p1a: Volcanion\n|-supereffective|p1a: Volcanion\n|-damage|p1a: Volcanion|43\/100\n|\n|t:|1658163194\n|switch|p2a: Garchomp|Garchomp, F|84\/100|[from]move: Volt Switch\n|\n|upkeep\n|turn|24\n|\n|t:|1658163198\n|switch|p1a: Corviknight|Corviknight, M|81\/100\n|-damage|p1a: Corviknight|68\/100|[from] Stealth Rock\n|-ability|p1a: Corviknight|Pressure\n|move|p2a: Garchomp|Fire Fang|p1a: Corviknight\n|-supereffective|p1a: Corviknight\n|-damage|p1a: Corviknight|24\/100\n|-damage|p2a: Garchomp|67\/100|[from] item: Rocky Helmet|[of] p1a: Corviknight\n|\n|upkeep\n|turn|25\n|\n|t:|1658163207\n|switch|p1a: Alubarna|Hippowdon, F|88\/100 tox\n|-damage|p1a: Alubarna|82\/100 tox|[from] Stealth Rock\n|-weather|Sandstorm|[from] ability: Sand Stream|[of] p1a: Alubarna\n|move|p2a: Garchomp|Fire Fang|p1a: Alubarna\n|-damage|p1a: Alubarna|58\/100 tox\n|\n|-weather|Sandstorm|[upkeep]\n|-heal|p1a: Alubarna|64\/100 tox|[from] item: Leftovers\n|-damage|p1a: Alubarna|58\/100 tox|[from] psn\n|upkeep\n|turn|26\n|\n|t:|1658163215\n|switch|p2a: Charizard|Charizard, M|100\/100\n|move|p1a: Alubarna|Slack Off|p1a: Alubarna\n|-heal|p1a: Alubarna|100\/100 tox\n|\n|-weather|Sandstorm|[upkeep]\n|-damage|p2a: Charizard|94\/100|[from] Sandstorm\n|-damage|p1a: Alubarna|88\/100 tox|[from] psn\n|upkeep\n|turn|27\n|\n|t:|1658163228\n|move|p2a: Charizard|Belly Drum|p2a: Charizard\n|-damage|p2a: Charizard|44\/100\n|-setboost|p2a: Charizard|atk|6|[from] move: Belly Drum\n|-enditem|p2a: Charizard|Sitrus Berry|[eat]\n|-heal|p2a: Charizard|69\/100|[from] item: Sitrus Berry\n|move|p1a: Alubarna|Toxic|p2a: Charizard\n|-status|p2a: Charizard|tox\n|\n|-weather|Sandstorm|[upkeep]\n|-damage|p2a: Charizard|63\/100 tox|[from] Sandstorm\n|-heal|p1a: Alubarna|94\/100 tox|[from] item: Leftovers\n|-damage|p2a: Charizard|57\/100 tox|[from] psn\n|-damage|p1a: Alubarna|76\/100 tox|[from] psn\n|upkeep\n|turn|28\n|\n|t:|1658163235\n|switch|p1a: Corviknight|Corviknight, M|24\/100\n|-damage|p1a: Corviknight|12\/100|[from] Stealth Rock\n|-ability|p1a: Corviknight|Pressure\n|move|p2a: Charizard|Acrobatics|p1a: Corviknight\n|-resisted|p1a: Corviknight\n|-damage|p1a: Corviknight|0 fnt\n|-damage|p2a: Charizard|40\/100 tox|[from] item: Rocky Helmet|[of] p1a: Corviknight\n|faint|p1a: Corviknight\n|\n|-weather|Sandstorm|[upkeep]\n|-damage|p2a: Charizard|34\/100 tox|[from] Sandstorm\n|-damage|p2a: Charizard|22\/100 tox|[from] psn\n|upkeep\n|\n|t:|1658163242\n|switch|p1a: Tequila Wolf|Ninetales-Alola, M|100\/100\n|-damage|p1a: Tequila Wolf|76\/100|[from] Stealth Rock\n|-weather|Hail|[from] ability: Snow Warning|[of] p1a: Tequila Wolf\n|turn|29\n|\n|t:|1658163253\n|move|p1a: Tequila Wolf|Blizzard|p2a: Charizard\n|-damage|p2a: Charizard|0 fnt\n|faint|p2a: Charizard\n|\n|-weather|Hail|[upkeep]\n|upkeep\n|\n|t:|1658163260\n|switch|p2a: Zeraora|Zeraora|100\/100\n|turn|30\n|\n|t:|1658163263\n|switch|p1a: Alubarna|Hippowdon, F|76\/100 tox\n|-damage|p1a: Alubarna|70\/100 tox|[from] Stealth Rock\n|-weather|Sandstorm|[from] ability: Sand Stream|[of] p1a: Alubarna\n|move|p2a: Zeraora|Close Combat|p1a: Alubarna\n|-damage|p1a: Alubarna|41\/100 tox\n|-unboost|p2a: Zeraora|def|1\n|-unboost|p2a: Zeraora|spd|1\n|\n|-weather|Sandstorm|[upkeep]\n|-damage|p2a: Zeraora|95\/100|[from] Sandstorm\n|-heal|p1a: Alubarna|48\/100 tox|[from] item: Leftovers\n|-damage|p1a: Alubarna|41\/100 tox|[from] psn\n|upkeep\n|turn|31\n|\n|t:|1658163290\n|switch|p2a: Ferrothorn|Ferrothorn, M|72\/100\n|switch|p1a: Triangle Florian|Tapu Lele|62\/100\n|-damage|p1a: Triangle Florian|50\/100|[from] Stealth Rock\n|-fieldstart|move: Psychic Terrain|[from] ability: Psychic Surge|[of] p1a: Triangle Florian\n|\n|-weather|Sandstorm|[upkeep]\n|-damage|p1a: Triangle Florian|44\/100|[from] Sandstorm\n|upkeep\n|turn|32\n|\n|t:|1658163303\n|switch|p2a: Rotom|Rotom-Wash|47\/100 brn\n|move|p1a: Triangle Florian|Focus Blast|p2a: Rotom|[miss]\n|-miss|p1a: Triangle Florian|p2a: Rotom\n|\n|-weather|Sandstorm|[upkeep]\n|-damage|p1a: Triangle Florian|38\/100|[from] Sandstorm\n|-damage|p2a: Rotom|40\/100 brn|[from] Sandstorm\n|-heal|p2a: Rotom|47\/100 brn|[from] item: Leftovers\n|-damage|p2a: Rotom|40\/100 brn|[from] brn\n|upkeep\n|turn|33\n|\n|t:|1658163308\n|switch|p2a: Toxapex|Toxapex, F|42\/100\n|move|p1a: Triangle Florian|Focus Blast|p2a: Toxapex\n|-resisted|p2a: Toxapex\n|-damage|p2a: Toxapex|24\/100\n|\n|-weather|Sandstorm|[upkeep]\n|-damage|p1a: Triangle Florian|32\/100|[from] Sandstorm\n|-damage|p2a: Toxapex|18\/100|[from] Sandstorm\n|upkeep\n|turn|34\n|\n|t:|1658163313\n|switch|p2a: Rotom|Rotom-Wash|40\/100 brn\n|move|p1a: Triangle Florian|Focus Blast|p2a: Rotom\n|-damage|p2a: Rotom|0 fnt\n|faint|p2a: Rotom\n|\n|-weather|none\n|upkeep\n|\n|t:|1658163316\n|switch|p2a: Garchomp|Garchomp, F|67\/100\n|turn|35\n|\n|t:|1658163335\n|move|p2a: Garchomp|Earthquake|p1a: Triangle Florian\n|-damage|p1a: Triangle Florian|0 fnt\n|faint|p1a: Triangle Florian\n|\n|-fieldend|move: Psychic Terrain\n|upkeep\n|\n|t:|1658163338\n|switch|p1a: Tequila Wolf|Ninetales-Alola, M|76\/100\n|-damage|p1a: Tequila Wolf|51\/100|[from] Stealth Rock\n|-weather|Hail|[from] ability: Snow Warning|[of] p1a: Tequila Wolf\n|turn|36\n|\n|t:|1658163364\n|switch|p2a: Ferrothorn|Ferrothorn, M|72\/100\n|move|p1a: Tequila Wolf|Freeze-Dry|p2a: Ferrothorn\n|-damage|p2a: Ferrothorn|49\/100\n|\n|-weather|Hail|[upkeep]\n|-damage|p2a: Ferrothorn|42\/100|[from] Hail\n|upkeep\n|turn|37\n|\n|t:|1658163370\n|switch|p1a: Volcanion|Volcanion|43\/100\n|move|p2a: Ferrothorn|Leech Seed|p1a: Volcanion\n|-start|p1a: Volcanion|move: Leech Seed\n|\n|-weather|Hail|[upkeep]\n|-damage|p1a: Volcanion|37\/100|[from] Hail\n|-damage|p2a: Ferrothorn|36\/100|[from] Hail\n|-damage|p1a: Volcanion|24\/100|[from] Leech Seed|[of] p2a: Ferrothorn\n|-heal|p2a: Ferrothorn|47\/100|[silent]\n|upkeep\n|turn|38\n|\n|t:|1658163393\n|move|p1a: Volcanion|Steam Eruption|p2a: Ferrothorn\n|-resisted|p2a: Ferrothorn\n|-damage|p2a: Ferrothorn|18\/100\n|move|p2a: Ferrothorn|Thunder Wave|p1a: Volcanion\n|-status|p1a: Volcanion|par\n|\n|-weather|Hail|[upkeep]\n|-damage|p1a: Volcanion|18\/100 par|[from] Hail\n|-damage|p2a: Ferrothorn|12\/100|[from] Hail\n|-damage|p1a: Volcanion|6\/100 par|[from] Leech Seed|[of] p2a: Ferrothorn\n|-heal|p2a: Ferrothorn|22\/100|[silent]\n|upkeep\n|turn|39\n|l| DrPistrulli\n|\n|t:|1658163401\n|switch|p2a: Toxapex|Toxapex, F|51\/100\n|move|p1a: Volcanion|Flamethrower|p2a: Toxapex\n|-resisted|p2a: Toxapex\n|-damage|p2a: Toxapex|33\/100\n|\n|-weather|Hail|[upkeep]\n|-damage|p1a: Volcanion|0 fnt|[from] Hail\n|-damage|p2a: Toxapex|27\/100|[from] Hail\n|faint|p1a: Volcanion\n|upkeep\n|inactive|pepsi has 120 seconds left.\n|\n|t:|1658163420\n|switch|p1a: Alubarna|Hippowdon, F|41\/100 tox\n|-damage|p1a: Alubarna|35\/100 tox|[from] Stealth Rock\n|-weather|Sandstorm|[from] ability: Sand Stream|[of] p1a: Alubarna\n|turn|40\n|\n|t:|1658163424\n|switch|p2a: Garchomp|Garchomp, F|67\/100\n|move|p1a: Alubarna|Slack Off|p1a: Alubarna\n|-heal|p1a: Alubarna|85\/100 tox\n|\n|-weather|Sandstorm|[upkeep]\n|-heal|p1a: Alubarna|91\/100 tox|[from] item: Leftovers\n|-damage|p1a: Alubarna|85\/100 tox|[from] psn\n|upkeep\n|turn|41\n|\n|t:|1658163430\n|move|p2a: Garchomp|Earthquake|p1a: Alubarna\n|-damage|p1a: Alubarna|29\/100 tox\n|move|p1a: Alubarna|Earthquake|p2a: Garchomp\n|-damage|p2a: Garchomp|27\/100\n|\n|-weather|Sandstorm|[upkeep]\n|-heal|p1a: Alubarna|35\/100 tox|[from] item: Leftovers\n|-damage|p1a: Alubarna|23\/100 tox|[from] psn\n|upkeep\n|turn|42\n|\n|t:|1658163439\n|move|p2a: Garchomp|Earthquake|p1a: Alubarna\n|-damage|p1a: Alubarna|0 fnt\n|faint|p1a: Alubarna\n|\n|-weather|Sandstorm|[upkeep]\n|upkeep\n|-message|pepsi forfeited.\n|\n|win|Jeandonis02\n|raw|pepsi's rating: 1854 &rarr; <strong>1834<\/strong><br \/>(-20 for losing)\n|raw|Jeandonis02's rating: 1856 &rarr; <strong>1876<\/strong><br \/>(+20 for winning)\n|l|\u2606pepsi\n|l|\u2606Jeandonis02\n||Ladder isn't responding, score probably updated but might not have (Request timeout).\n|l| Tokyo EZ\n","uploadtime":1658163565,"views":42,"p1id":"pepsi","p2id":"jeandonis02","formatid":"gen8ou","rating":1834,"private":0,"password":null}