{"id":"gen8ou-1686969072","p1":"ProbablyTTT","p2":"CrimsonDaughter","format":"gen8ou","log":"|html|<div class=\"broadcast-blue\"><strong>[Gen 8] OU is currently suspecting Melmetal! For information on how to participate check out the <a href=\"https:\/\/www.smogon.com\/forums\/threads\/np-ss-ou-suspect-process-round-12-monster-mash.3709234\/\">suspect thread<\/a>.<\/strong><\/div>\n|j|\u2606ProbablyTTT\n|j|\u2606CrimsonDaughter\n|t:|1665907652\n|gametype|singles\n|player|p1|ProbablyTTT|ethan|1560\n|player|p2|CrimsonDaughter|170|1546\n|teamsize|p1|6\n|teamsize|p2|6\n|gen|8\n|tier|[Gen 8] OU\n|rated|\n|rule|Sleep Clause Mod: Limit one foe put to sleep\n|rule|Species Clause: Limit one of each Pok\u00e9mon\n|rule|OHKO Clause: OHKO moves are banned\n|rule|Evasion Items Clause: Evasion items are banned\n|rule|Evasion Moves Clause: Evasion moves are banned\n|rule|Endless Battle Clause: Forcing endless battles is banned\n|rule|HP Percentage Mod: HP is shown in percentages\n|rule|Dynamax Clause: You cannot dynamax\n|clearpoke\n|poke|p1|Pelipper, M|\n|poke|p1|Heliolisk, F|\n|poke|p1|Barraskewda, F|\n|poke|p1|Ferrothorn, F|\n|poke|p1|Tornadus-Therian, M|\n|poke|p1|Seismitoad, M|\n|poke|p2|Tyranitar, F|\n|poke|p2|Gastrodon-East, M|\n|poke|p2|Ferrothorn, M|\n|poke|p2|Tornadus-Therian, M|\n|poke|p2|Dragapult, F|\n|poke|p2|Garchomp, F|\n|teampreview\n|inactive|Battle timer is ON: inactive players will automatically lose when time's up. (requested by CrimsonDaughter)\n|\n|t:|1665907671\n|start\n|switch|p1a: Pelipper|Pelipper, M|100\/100\n|switch|p2a: Dragapult|Dragapult, F|100\/100\n|-weather|RainDance|[from] ability: Drizzle|[of] p1a: Pelipper\n|turn|1\n|\n|t:|1665907675\n|switch|p1a: Heliolisk|Heliolisk, F|100\/100\n|move|p2a: Dragapult|Draco Meteor|p1a: Heliolisk\n|-damage|p1a: Heliolisk|0 fnt\n|-unboost|p2a: Dragapult|spa|2\n|faint|p1a: Heliolisk\n|\n|-weather|RainDance|[upkeep]\n|upkeep\n|\n|t:|1665907681\n|switch|p1a: Seismitoad|Seismitoad, M|100\/100\n|turn|2\n|\n|t:|1665907690\n|switch|p2a: Gastrodon|Gastrodon-East, M|100\/100\n|move|p1a: Seismitoad|Earth Power|p2a: Gastrodon\n|-damage|p2a: Gastrodon|62\/100\n|\n|-weather|RainDance|[upkeep]\n|-heal|p2a: Gastrodon|68\/100|[from] item: Leftovers\n|upkeep\n|turn|3\n|\n|t:|1665907712\n|switch|p1a: Tornadus|Tornadus-Therian, M|100\/100\n|switch|p2a: Tornadus|Tornadus-Therian, M|100\/100\n|\n|-weather|RainDance|[upkeep]\n|upkeep\n|turn|4\n|\n|t:|1665907718\n|move|p1a: Tornadus|Hurricane|p2a: Tornadus\n|-damage|p2a: Tornadus|49\/100\n|-start|p2a: Tornadus|confusion\n|-activate|p2a: Tornadus|confusion\n|-damage|p2a: Tornadus|40\/100|[from] confusion\n|\n|-weather|RainDance|[upkeep]\n|upkeep\n|turn|5\n|\n|t:|1665907726\n|switch|p2a: Tyranitar|Tyranitar, F, shiny|100\/100\n|-weather|Sandstorm|[from] ability: Sand Stream|[of] p2a: Tyranitar\n|move|p1a: Tornadus|Hurricane|p2a: Tyranitar|[miss]\n|-miss|p1a: Tornadus|p2a: Tyranitar\n|\n|-weather|Sandstorm|[upkeep]\n|-damage|p1a: Tornadus|95\/100|[from] Sandstorm\n|upkeep\n|turn|6\n|\n|t:|1665907732\n|switch|p1a: Seismitoad|Seismitoad, M|100\/100\n|move|p2a: Tyranitar|Crunch|p1a: Seismitoad\n|-damage|p1a: Seismitoad|18\/100\n|-unboost|p1a: Seismitoad|def|1\n|\n|-weather|Sandstorm|[upkeep]\n|upkeep\n|turn|7\n|\n|t:|1665907738\n|switch|p1a: Ferrothorn|Ferrothorn, F|100\/100\n|switch|p2a: Ferrothorn|Ferrothorn, M, shiny|100\/100\n|\n|-weather|Sandstorm|[upkeep]\n|upkeep\n|turn|8\n|\n|t:|1665907745\n|move|p2a: Ferrothorn|Stealth Rock|p1a: Ferrothorn\n|-sidestart|p1: ProbablyTTT|move: Stealth Rock\n|move|p1a: Ferrothorn|Stealth Rock|p2a: Ferrothorn\n|-sidestart|p2: CrimsonDaughter|move: Stealth Rock\n|\n|-weather|Sandstorm|[upkeep]\n|upkeep\n|turn|9\n|\n|t:|1665907748\n|switch|p1a: Pelipper|Pelipper, M|100\/100\n|-damage|p1a: Pelipper|76\/100|[from] Stealth Rock\n|-weather|RainDance|[from] ability: Drizzle|[of] p1a: Pelipper\n|move|p2a: Ferrothorn|Knock Off|p1a: Pelipper\n|-damage|p1a: Pelipper|52\/100\n|-enditem|p1a: Pelipper|Damp Rock|[from] move: Knock Off|[of] p2a: Ferrothorn\n|\n|-weather|RainDance|[upkeep]\n|upkeep\n|turn|10\n|\n|t:|1665907754\n|switch|p1a: Barraskewda|Barraskewda, F|100\/100\n|-damage|p1a: Barraskewda|88\/100|[from] Stealth Rock\n|move|p2a: Ferrothorn|Leech Seed|p1a: Barraskewda\n|-start|p1a: Barraskewda|move: Leech Seed\n|\n|-weather|RainDance|[upkeep]\n|-damage|p1a: Barraskewda|76\/100|[from] Leech Seed|[of] p2a: Ferrothorn\n|upkeep\n|turn|11\n|j| Mr.CelesteelYaGirl\n|\n|t:|1665907769\n|switch|p2a: Tornadus|Tornadus-Therian, M|73\/100\n|move|p1a: Barraskewda|Close Combat|p2a: Tornadus\n|-resisted|p2a: Tornadus\n|-damage|p2a: Tornadus|37\/100\n|-unboost|p1a: Barraskewda|def|1\n|-unboost|p1a: Barraskewda|spd|1\n|\n|-weather|RainDance|[upkeep]\n|-damage|p1a: Barraskewda|64\/100|[from] Leech Seed|[of] p2a: Tornadus\n|-heal|p2a: Tornadus|45\/100|[silent]\n|upkeep\n|turn|12\n|-message|ProbablyTTT forfeited.\n|\n|win|CrimsonDaughter\n|raw|ProbablyTTT's rating: 1560 &rarr; <strong>1539<\/strong><br \/>(-21 for losing)\n|raw|CrimsonDaughter's rating: 1546 &rarr; <strong>1567<\/strong><br \/>(+21 for winning)\n|l|\u2606ProbablyTTT\n","uploadtime":1665907774,"views":12,"p1id":"probablyttt","p2id":"crimsondaughter","formatid":"gen8ou","rating":1539,"private":0,"password":null}