{"id":"gen8ou-1591242607","p1":"Infernoss","p2":"quetzuma","format":"gen8ou","log":"|j|\u2606Infernoss\n|j|\u2606quetzuma\n|t:|1654621346\n|gametype|singles\n|player|p1|Infernoss|beauty-gen4dp|1656\n|player|p2|quetzuma|proton|1646\n|teamsize|p1|6\n|teamsize|p2|6\n|gen|8\n|tier|[Gen 8] OU\n|rated|\n|rule|Sleep Clause Mod: Limit one foe put to sleep\n|rule|Species Clause: Limit one of each Pok\u00e9mon\n|rule|OHKO Clause: OHKO moves are banned\n|rule|Evasion Moves Clause: Evasion moves are banned\n|rule|Endless Battle Clause: Forcing endless battles is banned\n|rule|HP Percentage Mod: HP is shown in percentages\n|rule|Dynamax Clause: You cannot dynamax\n|clearpoke\n|poke|p1|Slowbro, F|\n|poke|p1|Hatterene, F|\n|poke|p1|Marowak-Alola, M|\n|poke|p1|Ferrothorn, M|\n|poke|p1|Garchomp, F|\n|poke|p1|Drampa, M|\n|poke|p2|Aegislash, M|\n|poke|p2|Slowbro, F|\n|poke|p2|Tapu Koko|\n|poke|p2|Landorus-Therian, M|\n|poke|p2|Buzzwole|\n|poke|p2|Roserade, F|\n|teampreview\n|inactive|Battle timer is ON: inactive players will automatically lose when time's up. (requested by Infernoss)\n|\n|t:|1654621396\n|start\n|switch|p1a: Thorns|Ferrothorn, M|100\/100\n|switch|p2a: Landorus|Landorus-Therian, M|100\/100\n|-ability|p2a: Landorus|Intimidate|boost\n|-unboost|p1a: Thorns|atk|1\n|turn|1\n|inactive|quetzuma has 120 seconds left.\n|\n|t:|1654621430\n|move|p2a: Landorus|Knock Off|p1a: Thorns\n|-damage|p1a: Thorns|71\/100\n|-damage|p2a: Landorus|88\/100|[from] ability: Iron Barbs|[of] p1a: Thorns\n|-enditem|p1a: Thorns|Leftovers|[from] move: Knock Off|[of] p2a: Landorus\n|move|p1a: Thorns|Leech Seed|p2a: Landorus\n|-start|p2a: Landorus|move: Leech Seed\n|\n|-heal|p2a: Landorus|94\/100|[from] item: Leftovers\n|-damage|p2a: Landorus|82\/100|[from] Leech Seed|[of] p1a: Thorns\n|-heal|p1a: Thorns|82\/100|[silent]\n|upkeep\n|turn|2\n|\n|t:|1654621441\n|move|p2a: Landorus|U-turn|p1a: Thorns\n|-damage|p1a: Thorns|60\/100\n|-damage|p2a: Landorus|70\/100|[from] ability: Iron Barbs|[of] p1a: Thorns\n|\n|t:|1654621449\n|switch|p2a: Buzzwole|Buzzwole|100\/100|[from]move: U-turn\n|move|p1a: Thorns|Stealth Rock|p2a: Buzzwole\n|-sidestart|p2: quetzuma|move: Stealth Rock\n|\n|upkeep\n|turn|3\n|\n|t:|1654621457\n|switch|p2a: Aegislash|Aegislash, M|100\/100\n|-damage|p2a: Aegislash|94\/100|[from] Stealth Rock\n|switch|p1a: Sonso|Slowbro, F|100\/100\n|\n|-heal|p2a: Aegislash|100\/100|[from] item: Leftovers\n|upkeep\n|turn|4\n|\n|t:|1654621466\n|switch|p1a: Falko|Drampa, M|100\/100\n|-formechange|p2a: Aegislash|Aegislash-Blade||[from] ability: Stance Change\n|move|p2a: Aegislash|Flash Cannon|p1a: Falko\n|-damage|p1a: Falko|65\/100\n|\n|upkeep\n|turn|5\n|\n|t:|1654621472\n|-formechange|p2a: Aegislash|Aegislash||[from] ability: Stance Change\n|move|p2a: Aegislash|King's Shield|p2a: Aegislash\n|-singleturn|p2a: Aegislash|Protect\n|move|p1a: Falko|Thunderbolt|p2a: Aegislash\n|-activate|p2a: Aegislash|move: Protect\n|\n|upkeep\n|turn|6\n|\n|t:|1654621479\n|-formechange|p2a: Aegislash|Aegislash-Blade||[from] ability: Stance Change\n|move|p2a: Aegislash|Flash Cannon|p1a: Falko\n|-damage|p1a: Falko|29\/100\n|-ability|p1a: Falko|Berserk|boost\n|-boost|p1a: Falko|spa|1\n|move|p1a: Falko|Roost|p1a: Falko\n|-heal|p1a: Falko|79\/100\n|-singleturn|p1a: Falko|move: Roost\n|\n|upkeep\n|turn|7\n|\n|t:|1654621489\n|switch|p2a: Tapu Koko|Tapu Koko|100\/100\n|-damage|p2a: Tapu Koko|88\/100|[from] Stealth Rock\n|-fieldstart|move: Electric Terrain|[from] ability: Electric Surge|[of] p2a: Tapu Koko\n|move|p1a: Falko|Thunderbolt|p2a: Tapu Koko\n|-resisted|p2a: Tapu Koko\n|-damage|p2a: Tapu Koko|36\/100\n|\n|upkeep\n|turn|8\n|\n|t:|1654621499\n|switch|p1a: Thorns|Ferrothorn, M|60\/100\n|move|p2a: Tapu Koko|Dazzling Gleam|p1a: Thorns\n|-resisted|p1a: Thorns\n|-damage|p1a: Thorns|45\/100\n|\n|upkeep\n|turn|9\n|\n|t:|1654621505\n|switch|p2a: Landorus|Landorus-Therian, M|70\/100\n|-damage|p2a: Landorus|58\/100|[from] Stealth Rock\n|-ability|p2a: Landorus|Intimidate|boost\n|-unboost|p1a: Thorns|atk|1\n|move|p1a: Thorns|Gyro Ball|p2a: Landorus\n|-damage|p2a: Landorus|19\/100\n|\n|-heal|p2a: Landorus|25\/100|[from] item: Leftovers\n|upkeep\n|turn|10\n|\n|t:|1654621514\n|move|p2a: Landorus|Earthquake|p1a: Thorns\n|-damage|p1a: Thorns|0 fnt\n|faint|p1a: Thorns\n|\n|-heal|p2a: Landorus|31\/100|[from] item: Leftovers\n|upkeep\n|\n|t:|1654621521\n|switch|p1a: Sonso|Slowbro, F|100\/100\n|turn|11\n|\n|t:|1654621525\n|move|p2a: Landorus|Defog|p1a: Sonso\n|-unboost|p1a: Sonso|evasion|1\n|-sideend|p2: quetzuma|Stealth Rock|[from] move: Defog|[of] p2a: Landorus\n|-fieldend|move: Electric Terrain\n|move|p1a: Sonso|Trick Room|p1a: Sonso\n|-fieldstart|move: Trick Room|[of] p1a: Sonso\n|\n|-heal|p2a: Landorus|37\/100|[from] item: Leftovers\n|upkeep\n|turn|12\n|\n|t:|1654621539\n|switch|p1a: Falko|Drampa, M|79\/100\n|switch|p2a: Slowbro|Slowbro, F|100\/100\n|\n|upkeep\n|turn|13\n|\n|t:|1654621545\n|move|p1a: Falko|Thunderbolt|p2a: Slowbro\n|-supereffective|p2a: Slowbro\n|-damage|p2a: Slowbro|14\/100\n|move|p2a: Slowbro|Future Sight|p1a: Falko\n|-start|p2a: Slowbro|move: Future Sight\n|\n|upkeep\n|turn|14\n|\n|t:|1654621555\n|switch|p2a: Aegislash|Aegislash, M|100\/100\n|move|p1a: Falko|Ice Beam|p2a: Aegislash\n|-resisted|p2a: Aegislash\n|-damage|p2a: Aegislash|91\/100\n|\n|-heal|p2a: Aegislash|97\/100|[from] item: Leftovers\n|upkeep\n|turn|15\n|\n|t:|1654621566\n|move|p1a: Falko|Roost|p1a: Falko\n|-heal|p1a: Falko|100\/100\n|-singleturn|p1a: Falko|move: Roost\n|-formechange|p2a: Aegislash|Aegislash-Blade||[from] ability: Stance Change\n|move|p2a: Aegislash|Close Combat|p1a: Falko\n|-supereffective|p1a: Falko\n|-damage|p1a: Falko|25\/100\n|-unboost|p2a: Aegislash|def|1\n|-unboost|p2a: Aegislash|spd|1\n|-ability|p1a: Falko|Berserk|boost\n|-boost|p1a: Falko|spa|1\n|\n|-end|p1a: Falko|move: Future Sight\n|-damage|p1a: Falko|0 fnt\n|faint|p1a: Falko\n|-heal|p2a: Aegislash|100\/100|[from] item: Leftovers\n|-fieldend|move: Trick Room\n|upkeep\n|\n|t:|1654621580\n|switch|p1a: Sharpo|Garchomp, F|100\/100\n|turn|16\n|\n|t:|1654621585\n|switch|p1a: Sonso|Slowbro, F|100\/100\n|switch|p2a: Buzzwole|Buzzwole|100\/100\n|\n|upkeep\n|turn|17\n|\n|t:|1654621590\n|switch|p2a: Roserade|Roserade, F|100\/100\n|move|p1a: Sonso|Trick Room|p1a: Sonso\n|-fieldstart|move: Trick Room|[of] p1a: Sonso\n|\n|upkeep\n|turn|18\n|\n|t:|1654621595\n|switch|p1a: Billy B.|Marowak-Alola, M|100\/100\n|move|p2a: Roserade|Sludge Bomb|p1a: Billy B.\n|-resisted|p1a: Billy B.\n|-crit|p1a: Billy B.\n|-damage|p1a: Billy B.|57\/100\n|\n|upkeep\n|turn|19\n|\n|t:|1654621609\n|switch|p2a: Buzzwole|Buzzwole|100\/100\n|move|p1a: Billy B.|Flare Blitz|p2a: Buzzwole\n|-supereffective|p2a: Buzzwole\n|-damage|p2a: Buzzwole|0 fnt\n|faint|p2a: Buzzwole\n|\n|upkeep\n|\n|t:|1654621615\n|switch|p2a: Slowbro|Slowbro, F|47\/100\n|turn|20\n|j| potatochip_dd\n|\n|t:|1654621632\n|switch|p1a: Sonso|Slowbro, F|100\/100\n|move|p2a: Slowbro|Scald|p1a: Sonso\n|-resisted|p1a: Sonso\n|-damage|p1a: Sonso|87\/100\n|-status|p1a: Sonso|brn\n|\n|-damage|p1a: Sonso|80\/100 brn|[from] brn\n|upkeep\n|turn|21\n|\n|t:|1654621642\n|switch|p1a: Hatterene|Hatterene, F|100\/100\n|move|p2a: Slowbro|Teleport|p2a: Slowbro\n|\n|t:|1654621647\n|switch|p2a: Aegislash|Aegislash, M|100\/100|[from]move: Teleport\n|\n|-fieldend|move: Trick Room\n|upkeep\n|turn|22\n|\n|t:|1654621656\n|switch|p2a: Landorus|Landorus-Therian, M|37\/100\n|-ability|p2a: Landorus|Intimidate|boost\n|-unboost|p1a: Hatterene|atk|1\n|move|p1a: Hatterene|Mystical Fire|p2a: Landorus\n|-damage|p2a: Landorus|6\/100\n|-unboost|p2a: Landorus|spa|1\n|\n|-heal|p2a: Landorus|12\/100|[from] item: Leftovers\n|upkeep\n|turn|23\n|\n|t:|1654621666\n|move|p2a: Landorus|Earthquake|p1a: Hatterene\n|-damage|p1a: Hatterene|42\/100\n|move|p1a: Hatterene|Trick Room|p1a: Hatterene\n|-fieldstart|move: Trick Room|[of] p1a: Hatterene\n|\n|-heal|p2a: Landorus|18\/100|[from] item: Leftovers\n|upkeep\n|turn|24\n|\n|t:|1654621672\n|switch|p2a: Slowbro|Slowbro, F|80\/100\n|move|p1a: Hatterene|Healing Wish|p1a: Hatterene\n|faint|p1a: Hatterene\n|\n|upkeep\n|\n|t:|1654621677\n|switch|p1a: Billy B.|Marowak-Alola, M|57\/100\n|-heal|p1a: Billy B.|100\/100|[from] move: Healing Wish\n|turn|25\n|\n|t:|1654621682\n|move|p1a: Billy B.|Poltergeist|p2a: Slowbro\n|-activate|p2a: Slowbro|move: Poltergeist|Rocky Helmet\n|-supereffective|p2a: Slowbro\n|-damage|p2a: Slowbro|0 fnt\n|faint|p2a: Slowbro\n|\n|upkeep\n|\n|t:|1654621688\n|switch|p2a: Landorus|Landorus-Therian, M|18\/100\n|-ability|p2a: Landorus|Intimidate|boost\n|-unboost|p1a: Billy B.|atk|1\n|turn|26\n|\n|t:|1654621696\n|move|p1a: Billy B.|Flare Blitz|p2a: Landorus\n|-damage|p2a: Landorus|0 fnt\n|faint|p2a: Landorus\n|\n|upkeep\n|\n|t:|1654621697\n|switch|p2a: Aegislash|Aegislash, M|100\/100\n|turn|27\n|\n|t:|1654621703\n|move|p1a: Billy B.|Substitute|p1a: Billy B.\n|-start|p1a: Billy B.|Substitute\n|-damage|p1a: Billy B.|76\/100\n|-formechange|p2a: Aegislash|Aegislash-Blade||[from] ability: Stance Change\n|move|p2a: Aegislash|Shadow Ball|p1a: Billy B.\n|-supereffective|p1a: Billy B.\n|-end|p1a: Billy B.|Substitute\n|\n|-fieldend|move: Trick Room\n|upkeep\n|turn|28\n|\n|t:|1654621715\n|switch|p1a: Sonso|Slowbro, F|100\/100 brn\n|move|p2a: Aegislash|Shadow Ball|p1a: Sonso\n|-supereffective|p1a: Sonso\n|-damage|p1a: Sonso|21\/100 brn\n|\n|-damage|p1a: Sonso|15\/100 brn|[from] brn\n|upkeep\n|turn|29\n|\n|t:|1654621727\n|move|p2a: Aegislash|Shadow Ball|p1a: Sonso\n|-supereffective|p1a: Sonso\n|-damage|p1a: Sonso|0 fnt\n|faint|p1a: Sonso\n|\n|upkeep\n|\n|t:|1654621732\n|switch|p1a: Sharpo|Garchomp, F|100\/100\n|turn|30\n|\n|t:|1654621735\n|-formechange|p2a: Aegislash|Aegislash||[from] ability: Stance Change\n|move|p2a: Aegislash|King's Shield|p2a: Aegislash\n|-singleturn|p2a: Aegislash|Protect\n|move|p1a: Sharpo|Swords Dance|p1a: Sharpo\n|-boost|p1a: Sharpo|atk|2\n|\n|upkeep\n|turn|31\n|\n|t:|1654621743\n|move|p1a: Sharpo|Earthquake|p2a: Aegislash\n|-supereffective|p2a: Aegislash\n|-damage|p2a: Aegislash|0 fnt\n|faint|p2a: Aegislash\n|\n|upkeep\n|\n|t:|1654621745\n|switch|p2a: Tapu Koko|Tapu Koko|36\/100\n|-fieldstart|move: Electric Terrain|[from] ability: Electric Surge|[of] p2a: Tapu Koko\n|turn|32\n|\n|t:|1654621750\n|move|p2a: Tapu Koko|Dazzling Gleam|p1a: Sharpo\n|-supereffective|p1a: Sharpo\n|-damage|p1a: Sharpo|0 fnt\n|faint|p1a: Sharpo\n|\n|upkeep\n|\n|t:|1654621754\n|switch|p1a: Billy B.|Marowak-Alola, M|76\/100\n|turn|33\n|\n|t:|1654621758\n|switch|p2a: Roserade|Roserade, F|100\/100\n|move|p1a: Billy B.|Substitute|p1a: Billy B.\n|-start|p1a: Billy B.|Substitute\n|-damage|p1a: Billy B.|51\/100\n|\n|upkeep\n|turn|34\n|\n|t:|1654621763\n|move|p2a: Roserade|Giga Drain|p1a: Billy B.\n|-resisted|p1a: Billy B.\n|-activate|p1a: Billy B.|move: Substitute|[damage]\n|move|p1a: Billy B.|Flare Blitz|p2a: Roserade\n|-supereffective|p2a: Roserade\n|-damage|p2a: Roserade|0 fnt\n|faint|p2a: Roserade\n|\n|upkeep\n|\n|t:|1654621767\n|switch|p2a: Tapu Koko|Tapu Koko|36\/100\n|turn|35\n|\n|t:|1654621773\n|move|p2a: Tapu Koko|Thunderbolt|p1a: Billy B.\n|-end|p1a: Billy B.|Substitute\n|move|p1a: Billy B.|Flare Blitz|p2a: Tapu Koko\n|-damage|p2a: Tapu Koko|0 fnt\n|faint|p2a: Tapu Koko\n|\n|win|Infernoss\n|raw|Infernoss's rating: 1656 &rarr; <strong>1675<\/strong><br \/>(+19 for winning)\n|raw|quetzuma's rating: 1646 &rarr; <strong>1627<\/strong><br \/>(-19 for losing)\n|l|\u2606quetzuma\n||Ladder isn't responding, score probably updated but might not have (Request timeout).\n","uploadtime":1654621791,"views":60,"p1id":"infernoss","p2id":"quetzuma","formatid":"gen8ou","rating":1627,"private":0,"password":null}