{"id":"gen8ubers-1095850655","p1":"Blue chen","p2":"New ladder hero","format":"gen8ubers","log":"|j|\u2606Blue chen\n|j|\u2606New ladder hero\n|player|p1|Blue chen|clair|1588\n|player|p2|New ladder hero|twins-gen4dp|1719\n|teamsize|p1|6\n|teamsize|p2|6\n|gametype|singles\n|gen|8\n|tier|[Gen 8] Ubers\n|rated|\n|clearpoke\n|poke|p1|Ferrothorn, M|\n|poke|p1|Eternatus|\n|poke|p1|Lunala|\n|poke|p1|Dragapult, M|\n|poke|p1|Necrozma-Dusk-Mane|\n|poke|p1|Zacian-Crowned|\n|poke|p2|Gyarados, M|\n|poke|p2|Necrozma-Dusk-Mane|\n|poke|p2|Tyranitar, M|\n|poke|p2|Lunala|\n|poke|p2|Reshiram|\n|poke|p2|Darmanitan-Galar, F|\n|rule|Sleep Clause Mod: Limit one foe put to sleep\n|rule|Species Clause: Limit one of each Pok\u00e9mon\n|rule|OHKO Clause: OHKO moves are banned\n|rule|Evasion Moves Clause: Evasion moves are banned\n|rule|Endless Battle Clause: Forcing endless battles is banned\n|rule|HP Percentage Mod: HP is shown in percentages\n|html|Ubers Dynamax Clause: Pok\u00e9mon on the <a href=\"https:\/\/www.smogon.com\/dex\/ss\/formats\/uber\/\">Ubers Dynamax Banlist<\/a> cannot Dynamax.\n|teampreview\n|\n|start\n|switch|p1a: Lunala|Lunala|100\/100\n|switch|p2a: Reshiram|Reshiram|100\/100\n|-ability|p2a: Reshiram|Turboblaze\n|turn|1\n|\n|switch|p2a: Tyranitar|Tyranitar, M|100\/100\n|-weather|Sandstorm|[from] ability: Sand Stream|[of] p2a: Tyranitar\n|move|p1a: Lunala|Thunder Wave|p2a: Tyranitar\n|-status|p2a: Tyranitar|par\n|\n|-weather|Sandstorm|[upkeep]\n|-damage|p1a: Lunala|94\/100|[from] Sandstorm\n|upkeep\n|turn|2\n|\n|switch|p1a: Ferrothorn|Ferrothorn, M|100\/100\n|move|p2a: Tyranitar|Thunder Wave|p1a: Ferrothorn\n|-status|p1a: Ferrothorn|par\n|\n|-weather|Sandstorm|[upkeep]\n|upkeep\n|turn|3\n|\n|move|p2a: Tyranitar|Stealth Rock|p1a: Ferrothorn\n|-sidestart|p1: Blue chen|move: Stealth Rock\n|move|p1a: Ferrothorn|Stealth Rock|p2a: Tyranitar\n|-sidestart|p2: New ladder hero|move: Stealth Rock\n|\n|-weather|Sandstorm|[upkeep]\n|upkeep\n|turn|4\n|\n|switch|p2a: Reshiram|Reshiram|100\/100\n|-damage|p2a: Reshiram|76\/100|[from] Stealth Rock\n|-ability|p2a: Reshiram|Turboblaze\n|move|p1a: Ferrothorn|Knock Off|p2a: Reshiram\n|-damage|p2a: Reshiram|54\/100\n|-enditem|p2a: Reshiram|Haban Berry|[from] move: Knock Off|[of] p1a: Ferrothorn\n|\n|-weather|Sandstorm|[upkeep]\n|-damage|p2a: Reshiram|47\/100|[from] Sandstorm\n|upkeep\n|turn|5\n|j| Dimitri Serafim\n|\n|move|p2a: Reshiram|Draco Meteor|p1a: Ferrothorn\n|-resisted|p1a: Ferrothorn\n|-damage|p1a: Ferrothorn|66\/100 par\n|-unboost|p2a: Reshiram|spa|2\n|move|p1a: Ferrothorn|Spikes|p2a: Reshiram\n|-sidestart|p2: New ladder hero|Spikes\n|\n|-weather|none\n|-heal|p1a: Ferrothorn|73\/100 par|[from] item: Leftovers\n|upkeep\n|turn|6\n|\n|switch|p1a: Lunala|Lunala|94\/100\n|move|p2a: Reshiram|Defog|p1a: Lunala\n|-unboost|p1a: Lunala|evasion|1\n|-sideend|p1: Blue chen|Stealth Rock|[from] move: Defog|[of] p2a: Reshiram\n|-sideend|p2: New ladder hero|Spikes|[from] move: Defog|[of] p2a: Reshiram\n|-sideend|p2: New ladder hero|Stealth Rock|[from] move: Defog|[of] p2a: Reshiram\n|\n|upkeep\n|turn|7\n|\n|switch|p1a: Eternatus|Eternatus|100\/100\n|-ability|p1a: Eternatus|Pressure\n|switch|p2a: Tyranitar|Tyranitar, M|100\/100 par\n|-weather|Sandstorm|[from] ability: Sand Stream|[of] p2a: Tyranitar\n|\n|-weather|Sandstorm|[upkeep]\n|-damage|p1a: Eternatus|94\/100|[from] Sandstorm\n|upkeep\n|turn|8\n|\n|move|p1a: Eternatus|Toxic Spikes|p2a: Tyranitar\n|-sidestart|p2: New ladder hero|move: Toxic Spikes\n|cant|p2a: Tyranitar|par\n|\n|-weather|Sandstorm|[upkeep]\n|-damage|p1a: Eternatus|88\/100|[from] Sandstorm\n|upkeep\n|turn|9\n|\n|switch|p1a: Ferrothorn|Ferrothorn, M|73\/100 par\n|move|p2a: Tyranitar|Earthquake|p1a: Ferrothorn\n|-damage|p1a: Ferrothorn|56\/100 par\n|\n|-weather|Sandstorm|[upkeep]\n|-heal|p1a: Ferrothorn|63\/100 par|[from] item: Leftovers\n|upkeep\n|turn|10\n|\n|switch|p2a: Reshiram|Reshiram|47\/100\n|-status|p2a: Reshiram|psn\n|-ability|p2a: Reshiram|Turboblaze\n|move|p1a: Ferrothorn|Leech Seed|p2a: Reshiram\n|-start|p2a: Reshiram|move: Leech Seed\n|\n|-weather|Sandstorm|[upkeep]\n|-damage|p2a: Reshiram|41\/100 psn|[from] Sandstorm\n|-heal|p1a: Ferrothorn|69\/100 par|[from] item: Leftovers\n|-damage|p2a: Reshiram|29\/100 psn|[from] Leech Seed|[of] p1a: Ferrothorn\n|-heal|p1a: Ferrothorn|81\/100 par|[silent]\n|-damage|p2a: Reshiram|17\/100 psn|[from] psn\n|upkeep\n|turn|11\n|\n|move|p2a: Reshiram|Roost|p2a: Reshiram\n|-heal|p2a: Reshiram|67\/100 psn\n|-singleturn|p2a: Reshiram|move: Roost\n|cant|p1a: Ferrothorn|par\n|\n|-weather|none\n|-heal|p1a: Ferrothorn|87\/100 par|[from] item: Leftovers\n|-damage|p2a: Reshiram|54\/100 psn|[from] Leech Seed|[of] p1a: Ferrothorn\n|-heal|p1a: Ferrothorn|99\/100 par|[silent]\n|-damage|p2a: Reshiram|42\/100 psn|[from] psn\n|upkeep\n|turn|12\n|\n|switch|p1a: Eternatus|Eternatus|88\/100\n|-ability|p1a: Eternatus|Pressure\n|move|p2a: Reshiram|Blue Flare|p1a: Eternatus\n|-resisted|p1a: Eternatus\n|-damage|p1a: Eternatus|59\/100\n|\n|-damage|p2a: Reshiram|30\/100 psn|[from] Leech Seed|[of] p1a: Eternatus\n|-heal|p1a: Eternatus|69\/100|[silent]\n|-damage|p2a: Reshiram|18\/100 psn|[from] psn\n|upkeep\n|turn|13\n|\n|switch|p2a: Tyranitar|Tyranitar, M|100\/100 par\n|-weather|Sandstorm|[from] ability: Sand Stream|[of] p2a: Tyranitar\n|move|p1a: Eternatus|Dynamax Cannon|p2a: Tyranitar\n|-damage|p2a: Tyranitar|78\/100 par\n|\n|-weather|Sandstorm|[upkeep]\n|-damage|p1a: Eternatus|63\/100|[from] Sandstorm\n|-heal|p2a: Tyranitar|84\/100 par|[from] item: Leftovers\n|upkeep\n|turn|14\n|\n|move|p1a: Eternatus|Dynamax Cannon|p2a: Tyranitar\n|-damage|p2a: Tyranitar|55\/100 par\n|move|p2a: Tyranitar|Stealth Rock|p1a: Eternatus\n|-sidestart|p1: Blue chen|move: Stealth Rock\n|\n|-weather|Sandstorm|[upkeep]\n|-damage|p1a: Eternatus|57\/100|[from] Sandstorm\n|-heal|p2a: Tyranitar|62\/100 par|[from] item: Leftovers\n|upkeep\n|turn|15\n|\n|move|p1a: Eternatus|Dynamax Cannon|p2a: Tyranitar\n|-damage|p2a: Tyranitar|31\/100 par\n|cant|p2a: Tyranitar|par\n|\n|-weather|Sandstorm|[upkeep]\n|-damage|p1a: Eternatus|50\/100|[from] Sandstorm\n|-heal|p2a: Tyranitar|37\/100 par|[from] item: Leftovers\n|upkeep\n|turn|16\n|\n|move|p1a: Eternatus|Dynamax Cannon|p2a: Tyranitar\n|-damage|p2a: Tyranitar|0 fnt\n|faint|p2a: Tyranitar\n|\n|-weather|Sandstorm|[upkeep]\n|-damage|p1a: Eternatus|44\/100|[from] Sandstorm\n|upkeep\n|\n|switch|p2a: Darmanitan|Darmanitan-Galar, F|100\/100\n|-status|p2a: Darmanitan|psn\n|turn|17\n|\n|switch|p1a: Ferrothorn|Ferrothorn, M|99\/100 par\n|-damage|p1a: Ferrothorn|93\/100 par|[from] Stealth Rock\n|move|p2a: Darmanitan|Earthquake|p1a: Ferrothorn\n|-damage|p1a: Ferrothorn|62\/100 par\n|\n|-weather|none\n|-heal|p1a: Ferrothorn|68\/100 par|[from] item: Leftovers\n|-damage|p2a: Darmanitan|88\/100 psn|[from] psn\n|upkeep\n|turn|18\n|\n|switch|p2a: Reshiram|Reshiram|18\/100 psn\n|-ability|p2a: Reshiram|Turboblaze\n|move|p1a: Ferrothorn|Knock Off|p2a: Reshiram\n|-damage|p2a: Reshiram|3\/100 psn\n|\n|-heal|p1a: Ferrothorn|74\/100 par|[from] item: Leftovers\n|-damage|p2a: Reshiram|0 fnt|[from] psn\n|faint|p2a: Reshiram\n|upkeep\n|\n|switch|p2a: Darmanitan|Darmanitan-Galar, F|88\/100 psn\n|turn|19\n|\n|switch|p1a: Eternatus|Eternatus|44\/100\n|-damage|p1a: Eternatus|32\/100|[from] Stealth Rock\n|-ability|p1a: Eternatus|Pressure\n|move|p2a: Darmanitan|Flare Blitz|p1a: Eternatus\n|-resisted|p1a: Eternatus\n|-damage|p1a: Eternatus|4\/100\n|-damage|p2a: Darmanitan|77\/100 psn|[from] Recoil\n|\n|-damage|p2a: Darmanitan|65\/100 psn|[from] psn\n|upkeep\n|turn|20\n|\n|move|p2a: Darmanitan|Flare Blitz|p1a: Eternatus\n|-resisted|p1a: Eternatus\n|-damage|p1a: Eternatus|0 fnt\n|-damage|p2a: Darmanitan|64\/100 psn|[from] Recoil\n|faint|p1a: Eternatus\n|\n|-damage|p2a: Darmanitan|51\/100 psn|[from] psn\n|upkeep\n|\n|switch|p1a: Lunala|Lunala|94\/100\n|turn|21\n|\n|switch|p2a: Lunala|Lunala|100\/100\n|move|p1a: Lunala|Hex|p2a: Lunala\n|-supereffective|p2a: Lunala\n|-damage|p2a: Lunala|48\/100\n|\n|upkeep\n|turn|22\n|\n|move|p2a: Lunala|Moongeist Beam|p1a: Lunala\n|-supereffective|p1a: Lunala\n|-damage|p1a: Lunala|0 fnt\n|faint|p1a: Lunala\n|\n|upkeep\n|\n|switch|p1a: Zacian|Zacian-Crowned|100\/100\n|-damage|p1a: Zacian|94\/100|[from] Stealth Rock\n|-ability|p1a: Zacian|Intrepid Sword|boost\n|-boost|p1a: Zacian|atk|1\n|turn|23\n|\n|move|p1a: Zacian|Behemoth Blade|p2a: Lunala\n|-damage|p2a: Lunala|0 fnt\n|faint|p2a: Lunala\n|\n|upkeep\n|\n|switch|p2a: Necrozma|Necrozma-Dusk-Mane|100\/100\n|turn|24\n|\n|switch|p1a: Ferrothorn|Ferrothorn, M|74\/100 par\n|-damage|p1a: Ferrothorn|68\/100 par|[from] Stealth Rock\n|move|p2a: Necrozma|Dragon Dance|p2a: Necrozma\n|-boost|p2a: Necrozma|atk|1\n|-boost|p2a: Necrozma|spe|1\n|\n|-heal|p1a: Ferrothorn|74\/100 par|[from] item: Leftovers\n|upkeep\n|turn|25\n|\n|move|p2a: Necrozma|Dragon Dance|p2a: Necrozma\n|-boost|p2a: Necrozma|atk|1\n|-boost|p2a: Necrozma|spe|1\n|cant|p1a: Ferrothorn|par\n|\n|-heal|p1a: Ferrothorn|81\/100 par|[from] item: Leftovers\n|upkeep\n|turn|26\n|\n|move|p2a: Necrozma|Knock Off|p1a: Ferrothorn\n|-damage|p1a: Ferrothorn|43\/100 par\n|-damage|p2a: Necrozma|88\/100|[from] ability: Iron Barbs|[of] p1a: Ferrothorn\n|-enditem|p1a: Ferrothorn|Leftovers|[from] move: Knock Off|[of] p2a: Necrozma\n|move|p1a: Ferrothorn|Leech Seed|p2a: Necrozma\n|-start|p2a: Necrozma|move: Leech Seed\n|\n|-damage|p2a: Necrozma|76\/100|[from] Leech Seed|[of] p1a: Ferrothorn\n|-heal|p1a: Ferrothorn|57\/100 par|[silent]\n|upkeep\n|turn|27\n|\n|switch|p2a: Darmanitan|Darmanitan-Galar, F|51\/100 psn\n|cant|p1a: Ferrothorn|par\n|\n|-damage|p2a: Darmanitan|39\/100 psn|[from] psn\n|upkeep\n|turn|28\n|\n|move|p2a: Darmanitan|Flare Blitz|p1a: Ferrothorn\n|-supereffective|p1a: Ferrothorn\n|-damage|p1a: Ferrothorn|0 fnt\n|-damage|p2a: Darmanitan|27\/100 psn|[from] ability: Iron Barbs|[of] p1a: Ferrothorn\n|-damage|p2a: Darmanitan|8\/100 psn|[from] Recoil\n|faint|p1a: Ferrothorn\n|\n|-damage|p2a: Darmanitan|0 fnt|[from] psn\n|faint|p2a: Darmanitan\n|upkeep\n|\n|switch|p2a: Necrozma|Necrozma-Dusk-Mane|76\/100\n|switch|p1a: Dragapult|Dragapult, M|100\/100\n|-damage|p1a: Dragapult|88\/100|[from] Stealth Rock\n|turn|29\n|\n|switch|p1a: Necrozma|Necrozma-Dusk-Mane|100\/100\n|-damage|p1a: Necrozma|94\/100|[from] Stealth Rock\n|move|p2a: Necrozma|Knock Off|p1a: Necrozma\n|-supereffective|p1a: Necrozma\n|-damage|p1a: Necrozma|67\/100\n|-enditem|p1a: Necrozma|Leftovers|[from] move: Knock Off|[of] p2a: Necrozma\n|\n|upkeep\n|turn|30\n|\n|move|p2a: Necrozma|Dragon Dance|p2a: Necrozma\n|-boost|p2a: Necrozma|atk|1\n|-boost|p2a: Necrozma|spe|1\n|move|p1a: Necrozma|Thunder Wave|p2a: Necrozma\n|-status|p2a: Necrozma|par\n|\n|upkeep\n|turn|31\n|\n|move|p1a: Necrozma|Moonlight|p1a: Necrozma\n|-heal|p1a: Necrozma|100\/100\n|cant|p2a: Necrozma|par\n|\n|upkeep\n|turn|32\n|\n|switch|p1a: Zacian|Zacian-Crowned|94\/100\n|-damage|p1a: Zacian|88\/100|[from] Stealth Rock\n|-ability|p1a: Zacian|Intrepid Sword|boost\n|-boost|p1a: Zacian|atk|1\n|move|p2a: Necrozma|Dragon Dance|p2a: Necrozma\n|-boost|p2a: Necrozma|atk|1\n|-boost|p2a: Necrozma|spe|1\n|\n|upkeep\n|turn|33\n|\n|move|p1a: Zacian|Close Combat|p2a: Necrozma\n|-damage|p2a: Necrozma|29\/100 par\n|-unboost|p1a: Zacian|def|1\n|-unboost|p1a: Zacian|spd|1\n|cant|p2a: Necrozma|par\n|\n|upkeep\n|turn|34\n|\n|move|p1a: Zacian|Substitute|p1a: Zacian\n|-start|p1a: Zacian|Substitute\n|-damage|p1a: Zacian|63\/100\n|move|p2a: Necrozma|Sunsteel Strike|p1a: Zacian\n|-crit|p1a: Zacian\n|-end|p1a: Zacian|Substitute\n|\n|upkeep\n|turn|35\n|\n|move|p1a: Zacian|Substitute|p1a: Zacian\n|-start|p1a: Zacian|Substitute\n|-damage|p1a: Zacian|38\/100\n|move|p2a: Necrozma|Sunsteel Strike|p1a: Zacian\n|-end|p1a: Zacian|Substitute\n|\n|upkeep\n|turn|36\n|\n|move|p1a: Zacian|Substitute|p1a: Zacian\n|-start|p1a: Zacian|Substitute\n|-damage|p1a: Zacian|13\/100\n|move|p2a: Necrozma|Sunsteel Strike|p1a: Zacian\n|-end|p1a: Zacian|Substitute\n|\n|upkeep\n|turn|37\n|\n|move|p1a: Zacian|Swords Dance|p1a: Zacian\n|-boost|p1a: Zacian|atk|2\n|move|p2a: Necrozma|Morning Sun|p2a: Necrozma\n|-heal|p2a: Necrozma|79\/100 par\n|\n|upkeep\n|turn|38\n|\n|move|p1a: Zacian|Close Combat|p2a: Necrozma\n|-damage|p2a: Necrozma|1\/100 par\n|-unboost|p1a: Zacian|def|1\n|-unboost|p1a: Zacian|spd|1\n|move|p2a: Necrozma|Knock Off|p1a: Zacian\n|-resisted|p1a: Zacian\n|-damage|p1a: Zacian|0 fnt\n|faint|p1a: Zacian\n|\n|upkeep\n|\n|switch|p1a: Dragapult|Dragapult, M|88\/100\n|-damage|p1a: Dragapult|76\/100|[from] Stealth Rock\n|turn|39\n|\n|move|p1a: Dragapult|Substitute|p1a: Dragapult\n|-start|p1a: Dragapult|Substitute\n|-damage|p1a: Dragapult|51\/100\n|move|p2a: Necrozma|Knock Off|p1a: Dragapult\n|-supereffective|p1a: Dragapult\n|-end|p1a: Dragapult|Substitute\n|\n|upkeep\n|turn|40\n|\n|move|p1a: Dragapult|Substitute|p1a: Dragapult\n|-start|p1a: Dragapult|Substitute\n|-damage|p1a: Dragapult|26\/100\n|move|p2a: Necrozma|Knock Off|p1a: Dragapult\n|-supereffective|p1a: Dragapult\n|-end|p1a: Dragapult|Substitute\n|\n|upkeep\n|turn|41\n|\n|move|p1a: Dragapult|Substitute|p1a: Dragapult\n|-start|p1a: Dragapult|Substitute\n|-damage|p1a: Dragapult|1\/100\n|move|p2a: Necrozma|Knock Off|p1a: Dragapult\n|-supereffective|p1a: Dragapult\n|-end|p1a: Dragapult|Substitute\n|\n|upkeep\n|turn|42\n|\n|-start|p1a: Dragapult|Dynamax\n|-heal|p1a: Dragapult|1\/100|[silent]\n|move|p1a: Dragapult|Max Wyrmwind|p2a: Necrozma\n|-resisted|p2a: Necrozma\n|-damage|p2a: Necrozma|0 fnt\n|faint|p2a: Necrozma\n|\n|upkeep\n|\n|switch|p2a: Gyarados|Gyarados, M|100\/100\n|turn|43\n|\n|-start|p2a: Gyarados|Dynamax\n|-heal|p2a: Gyarados|100\/100|[silent]\n|move|p1a: Dragapult|Max Wyrmwind|p2a: Gyarados\n|-damage|p2a: Gyarados|52\/100\n|-unboost|p2a: Gyarados|atk|1\n|move|p2a: Gyarados|Max Geyser|p1a: Dragapult\n|-resisted|p1a: Dragapult\n|-damage|p1a: Dragapult|0 fnt\n|-weather|RainDance\n|faint|p1a: Dragapult\n|-ability|p2a: Gyarados|Moxie|boost\n|-boost|p2a: Gyarados|atk|1\n|\n|-weather|RainDance|[upkeep]\n|upkeep\n|\n|switch|p1a: Necrozma|Necrozma-Dusk-Mane|100\/100\n|-damage|p1a: Necrozma|94\/100|[from] Stealth Rock\n|turn|44\n|\n|move|p2a: Gyarados|Max Geyser|p1a: Necrozma\n|-damage|p1a: Necrozma|43\/100\n|move|p1a: Necrozma|Thunder Wave|p2a: Gyarados\n|-status|p2a: Gyarados|par\n|\n|-weather|RainDance|[upkeep]\n|upkeep\n|turn|45\n|\n|move|p1a: Necrozma|Moonlight|p1a: Necrozma\n|-heal|p1a: Necrozma|68\/100\n|move|p2a: Gyarados|Max Geyser|p1a: Necrozma\n|-damage|p1a: Necrozma|17\/100\n|\n|-weather|RainDance|[upkeep]\n|-end|p2a: Gyarados|Dynamax\n|-heal|p2a: Gyarados|52\/100 par|[silent]\n|upkeep\n|turn|46\n|\n|move|p1a: Necrozma|Moonlight|p1a: Necrozma\n|-heal|p1a: Necrozma|42\/100\n|move|p2a: Gyarados|Dragon Dance|p2a: Gyarados\n|-boost|p2a: Gyarados|atk|1\n|-boost|p2a: Gyarados|spe|1\n|\n|-weather|RainDance|[upkeep]\n|upkeep\n|turn|47\n|\n|move|p2a: Gyarados|Waterfall|p1a: Necrozma\n|-damage|p1a: Necrozma|0 fnt\n|faint|p1a: Necrozma\n|\n|win|New ladder hero\n|raw|Blue chen's rating: 1588 &rarr; <strong>1576<\/strong><br \/>(-12 for losing)\n|raw|New ladder hero's rating: 1734 &rarr; <strong>1747<\/strong><br \/>(+13 for winning)\n|l|\u2606Blue chen\n|c|\u2606New ladder hero|gg\n|l|\u2606New ladder hero\n","uploadtime":1586774576,"views":28,"p1id":"bluechen","p2id":"newladderhero","formatid":"gen8ubers","rating":1576,"private":0,"password":null}