{"id":"gen8ou-1659867629","p1":"andrewm0n","p2":"KeelanLol","format":"gen8ou","log":"|j|\u2606andrewm0n\n|j|\u2606KeelanLol\n|t:|1662717034\n|gametype|singles\n|player|p1|andrewm0n|2|1640\n|player|p2|KeelanLol|shadowtriad|1534\n|teamsize|p1|6\n|teamsize|p2|6\n|gen|8\n|tier|[Gen 8] OU\n|rated|\n|rule|Sleep Clause Mod: Limit one foe put to sleep\n|rule|Species Clause: Limit one of each Pok\u00e9mon\n|rule|OHKO Clause: OHKO moves are banned\n|rule|Evasion Items Clause: Evasion items are banned\n|rule|Evasion Moves Clause: Evasion moves are banned\n|rule|Endless Battle Clause: Forcing endless battles is banned\n|rule|HP Percentage Mod: HP is shown in percentages\n|rule|Dynamax Clause: You cannot dynamax\n|clearpoke\n|poke|p1|Slowbro-Galar, M|\n|poke|p1|Blaziken, M|\n|poke|p1|Clefable, F|\n|poke|p1|Seismitoad, M|\n|poke|p1|Corviknight, M|\n|poke|p1|Tyranitar, M|\n|poke|p2|Mew|\n|poke|p2|Grimmsnarl, M|\n|poke|p2|Jirachi|\n|poke|p2|Corviknight, F|\n|poke|p2|Blacephalon|\n|poke|p2|Gardevoir, M|\n|teampreview\n|inactive|Battle timer is ON: inactive players will automatically lose when time's up. (requested by KeelanLol)\n|\n|t:|1662717057\n|start\n|switch|p1a: Tyranitar|Tyranitar, M|100\/100\n|switch|p2a: dean|Mew|100\/100\n|-weather|Sandstorm|[from] ability: Sand Stream|[of] p1a: Tyranitar\n|turn|1\n|\n|t:|1662717069\n|move|p2a: dean|Thunder Wave|p1a: Tyranitar\n|-status|p1a: Tyranitar|par\n|cant|p1a: Tyranitar|par\n|\n|-weather|Sandstorm|[upkeep]\n|-damage|p2a: dean|94\/100|[from] Sandstorm\n|upkeep\n|turn|2\n|\n|t:|1662717074\n|move|p2a: dean|Stealth Rock|p1a: Tyranitar\n|-sidestart|p1: andrewm0n|move: Stealth Rock\n|move|p1a: Tyranitar|Thunder Wave|p2a: dean\n|-status|p2a: dean|par\n|-activate|p2a: dean|ability: Synchronize\n|-fail|p1a: Tyranitar|par\n|\n|-weather|Sandstorm|[upkeep]\n|-damage|p2a: dean|88\/100 par|[from] Sandstorm\n|upkeep\n|turn|3\n|\n|t:|1662717078\n|switch|p1a: Seismitoad|Seismitoad, M|100\/100\n|-damage|p1a: Seismitoad|94\/100|[from] Stealth Rock\n|move|p2a: dean|Spikes|p1a: Seismitoad\n|-sidestart|p1: andrewm0n|Spikes\n|\n|-weather|Sandstorm|[upkeep]\n|-damage|p2a: dean|82\/100 par|[from] Sandstorm\n|-heal|p1a: Seismitoad|100\/100|[from] item: Leftovers\n|upkeep\n|turn|4\n|\n|t:|1662717082\n|move|p1a: Seismitoad|Knock Off|p2a: dean\n|-supereffective|p2a: dean\n|-enditem|p2a: dean|Colbur Berry|[eat]\n|-enditem|p2a: dean|Colbur Berry|[weaken]\n|-damage|p2a: dean|63\/100 par\n|move|p2a: dean|Taunt|p1a: Seismitoad\n|-start|p1a: Seismitoad|move: Taunt\n|\n|-weather|Sandstorm|[upkeep]\n|-damage|p2a: dean|57\/100 par|[from] Sandstorm\n|upkeep\n|turn|5\n|\n|t:|1662717085\n|move|p1a: Seismitoad|Knock Off|p2a: dean\n|-supereffective|p2a: dean\n|-damage|p2a: dean|33\/100 par\n|move|p2a: dean|Spikes|p1a: Seismitoad\n|-sidestart|p1: andrewm0n|Spikes\n|\n|-weather|none\n|upkeep\n|turn|6\n|\n|t:|1662717088\n|move|p1a: Seismitoad|Knock Off|p2a: dean\n|-supereffective|p2a: dean\n|-damage|p2a: dean|8\/100 par\n|move|p2a: dean|Spikes|p1a: Seismitoad\n|-sidestart|p1: andrewm0n|Spikes\n|\n|upkeep\n|turn|7\n|\n|t:|1662717092\n|move|p1a: Seismitoad|Knock Off|p2a: dean\n|-supereffective|p2a: dean\n|-damage|p2a: dean|0 fnt\n|faint|p2a: dean\n|\n|-end|p1a: Seismitoad|move: Taunt\n|upkeep\n|\n|t:|1662717094\n|switch|p2a: jenkins|Grimmsnarl, M, shiny|100\/100\n|turn|8\n|\n|t:|1662717098\n|switch|p1a: Corviknight|Corviknight, M|100\/100\n|-damage|p1a: Corviknight|88\/100|[from] Stealth Rock\n|move|p2a: jenkins|Reflect|p2a: jenkins\n|-sidestart|p2: KeelanLol|Reflect\n|\n|upkeep\n|turn|9\n|\n|t:|1662717101\n|move|p2a: jenkins|Taunt|p1a: Corviknight\n|-start|p1a: Corviknight|move: Taunt\n|move|p1a: Corviknight|Brave Bird|p2a: jenkins\n|-damage|p2a: jenkins|80\/100\n|-damage|p1a: Corviknight|81\/100|[from] Recoil\n|\n|upkeep\n|turn|10\n|\n|t:|1662717116\n|move|p2a: jenkins|Spirit Break|p1a: Corviknight\n|-resisted|p1a: Corviknight\n|-damage|p1a: Corviknight|69\/100\n|-ability|p1a: Corviknight|Mirror Armor\n|-unboost|p2a: jenkins|spa|1\n|-damage|p2a: jenkins|63\/100|[from] item: Rocky Helmet|[of] p1a: Corviknight\n|move|p1a: Corviknight|U-turn|p2a: jenkins\n|-damage|p2a: jenkins|54\/100\n|\n|t:|1662717119\n|switch|p1a: Slowbro|Slowbro-Galar, M|100\/100|[from]move: U-turn\n|-damage|p1a: Slowbro|88\/100|[from] Stealth Rock\n|-damage|p1a: Slowbro|63\/100|[from] Spikes\n|\n|upkeep\n|turn|11\n|j| Kyurem\n|\n|t:|1662717125\n|move|p2a: jenkins|Light Screen|p2a: jenkins\n|-sidestart|p2: KeelanLol|move: Light Screen\n|move|p1a: Slowbro|Shell Side Arm|p2a: jenkins|[anim] Shell Side Arm Physical\n|-supereffective|p2a: jenkins\n|-damage|p2a: jenkins|12\/100\n|-hint|Physical Shell Side Arm\n|\n|upkeep\n|turn|12\n|\n|t:|1662717127\n|switch|p2a: yahooo|Jirachi|100\/100\n|move|p1a: Slowbro|Earthquake|p2a: yahooo\n|-supereffective|p2a: yahooo\n|-damage|p2a: yahooo|78\/100\n|-enditem|p2a: yahooo|Weakness Policy\n|-boost|p2a: yahooo|atk|2|[from] item: Weakness Policy\n|-boost|p2a: yahooo|spa|2|[from] item: Weakness Policy\n|\n|upkeep\n|turn|13\n|\n|t:|1662717132\n|switch|p1a: Tyranitar|Tyranitar, M|100\/100 par\n|-damage|p1a: Tyranitar|88\/100 par|[from] Stealth Rock\n|-damage|p1a: Tyranitar|63\/100 par|[from] Spikes\n|-weather|Sandstorm|[from] ability: Sand Stream|[of] p1a: Tyranitar\n|move|p2a: yahooo|Cosmic Power|p2a: yahooo\n|-boost|p2a: yahooo|def|1\n|-boost|p2a: yahooo|spd|1\n|\n|-weather|Sandstorm|[upkeep]\n|-heal|p1a: Tyranitar|69\/100 par|[from] item: Leftovers\n|upkeep\n|turn|14\n|\n|t:|1662717135\n|move|p2a: yahooo|Cosmic Power|p2a: yahooo\n|-boost|p2a: yahooo|def|1\n|-boost|p2a: yahooo|spd|1\n|move|p1a: Tyranitar|Thunder Wave|p2a: yahooo\n|-status|p2a: yahooo|par\n|\n|-weather|Sandstorm|[upkeep]\n|-heal|p1a: Tyranitar|75\/100 par|[from] item: Leftovers\n|upkeep\n|turn|15\n|\n|t:|1662717139\n|switch|p1a: Corviknight|Corviknight, M|69\/100\n|-damage|p1a: Corviknight|56\/100|[from] Stealth Rock\n|move|p2a: yahooo|Drain Punch|p1a: Corviknight\n|-damage|p1a: Corviknight|35\/100\n|-heal|p2a: yahooo|88\/100 par|[from] drain|[of] p1a: Corviknight\n|-damage|p2a: yahooo|72\/100 par|[from] item: Rocky Helmet|[of] p1a: Corviknight\n|\n|-weather|Sandstorm|[upkeep]\n|-sideend|p2: KeelanLol|Reflect\n|upkeep\n|turn|16\n|\n|t:|1662717143\n|move|p2a: yahooo|Ancient Power|p1a: Corviknight\n|-damage|p1a: Corviknight|13\/100\n|move|p1a: Corviknight|Defog|p2a: yahooo\n|-unboost|p2a: yahooo|evasion|1\n|-sideend|p2: KeelanLol|move: Light Screen\n|-sideend|p1: andrewm0n|Spikes|[from] move: Defog|[of] p1a: Corviknight\n|-sideend|p1: andrewm0n|Stealth Rock|[from] move: Defog|[of] p1a: Corviknight\n|\n|-weather|Sandstorm|[upkeep]\n|upkeep\n|turn|17\n|\n|t:|1662717157\n|move|p2a: yahooo|Ancient Power|p1a: Corviknight\n|-damage|p1a: Corviknight|0 fnt\n|-boost|p2a: yahooo|atk|1\n|-boost|p2a: yahooo|def|1\n|-boost|p2a: yahooo|spa|1\n|-boost|p2a: yahooo|spd|1\n|-boost|p2a: yahooo|spe|1\n|faint|p1a: Corviknight\n|\n|-weather|none\n|upkeep\n|\n|t:|1662717171\n|switch|p1a: Blaziken|Blaziken, M|100\/100\n|turn|18\n|\n|t:|1662717172\n|move|p1a: Blaziken|Protect|p1a: Blaziken\n|-singleturn|p1a: Blaziken|Protect\n|move|p2a: yahooo|Stored Power|p1a: Blaziken\n|-activate|p1a: Blaziken|move: Protect\n|\n|-ability|p1a: Blaziken|Speed Boost|boost\n|-boost|p1a: Blaziken|spe|1\n|upkeep\n|turn|19\n|\n|t:|1662717175\n|move|p1a: Blaziken|Flare Blitz|p2a: yahooo\n|-supereffective|p2a: yahooo\n|-damage|p2a: yahooo|25\/100 par\n|-damage|p1a: Blaziken|80\/100|[from] Recoil\n|move|p2a: yahooo|Stored Power|p1a: Blaziken\n|-supereffective|p1a: Blaziken\n|-damage|p1a: Blaziken|0 fnt\n|faint|p1a: Blaziken\n|\n|upkeep\n|\n|t:|1662717181\n|switch|p1a: Slowbro|Slowbro-Galar, M|96\/100\n|turn|20\n|\n|t:|1662717185\n|move|p2a: yahooo|Stored Power|p1a: Slowbro\n|-damage|p1a: Slowbro|0 fnt\n|faint|p1a: Slowbro\n|\n|upkeep\n|\n|t:|1662717188\n|switch|p1a: Seismitoad|Seismitoad, M|100\/100\n|turn|21\n|\n|t:|1662717189\n|move|p2a: yahooo|Stored Power|p1a: Seismitoad\n|-damage|p1a: Seismitoad|0 fnt\n|faint|p1a: Seismitoad\n|\n|upkeep\n|-message|andrewm0n forfeited.\n|\n|win|KeelanLol\n|raw|andrewm0n's rating: 1640 &rarr; <strong>1614<\/strong><br \/>(-26 for losing)\n|raw|KeelanLol's rating: 1534 &rarr; <strong>1560<\/strong><br \/>(+26 for winning)\n|l|\u2606andrewm0n\n|l|\u2606KeelanLol\n","uploadtime":1662717247,"views":29,"p1id":"andrewm0n","p2id":"keelanlol","formatid":"gen8ou","rating":1560,"private":0,"password":null}