{"id":"gen81v1-1649880808","p1":"bloccked","p2":"Meracx","format":"gen81v1","log":"|j|\u2606bloccked\n|j|\u2606Meracx\n|inactive|Battle timer is ON: inactive players will automatically lose when time's up.\n|t:|1661644580\n|gametype|singles\n|player|p1|bloccked|266|\n|player|p2|Meracx|thorton|\n|teamsize|p1|1\n|teamsize|p2|1\n|gen|8\n|tier|[Gen 8] 1v1\n|rated|Tournament battle\n|rule|Species Clause: Limit one of each Pok\u00e9mon\n|rule|OHKO Clause: OHKO moves are banned\n|rule|Evasion Moves Clause: Evasion moves are banned\n|rule|Accuracy Moves Clause: Accuracy-lowering moves are banned\n|rule|HP Percentage Mod: HP is shown in percentages\n|rule|Dynamax Clause: You cannot dynamax\n|rule|Endless Battle Clause: Forcing endless battles is banned\n|clearpoke\n|poke|p1|Seaking, M|\n|poke|p2|Seaking, M|\n|teampreview|1\n|j|*Lady Monita\n|j| hunbi\n|c|\u2606Meracx|hf\n|j| Nitrobinet\n|j| Techdb9\n|c|\u2606bloccked|hf\n|\n|t:|1661644587\n|start\n|switch|p1a: Seaking|Seaking, M, shiny|100\/100\n|switch|p2a: Seaking|Seaking, M|100\/100\n|turn|1\n|c| Techdb9|bloccked\n|\n|t:|1661644589\n|move|p1a: Seaking|Curse|p1a: Seaking\n|-unboost|p1a: Seaking|spe|1\n|-boost|p1a: Seaking|atk|1\n|-boost|p1a: Seaking|def|1\n|move|p2a: Seaking|Swords Dance|p2a: Seaking\n|-boost|p2a: Seaking|atk|2\n|\n|upkeep\n|turn|2\n|c| Techdb9|u gort htis\n|j| Consequenctial\n|c| Techdb9|this\n|c|\u2606bloccked|hi\n|j| Bitce\n|\n|t:|1661644595\n|move|p2a: Seaking|Swords Dance|p2a: Seaking\n|-boost|p2a: Seaking|atk|2\n|move|p1a: Seaking|Curse|p1a: Seaking\n|-unboost|p1a: Seaking|spe|1\n|-boost|p1a: Seaking|atk|1\n|-boost|p1a: Seaking|def|1\n|\n|upkeep\n|turn|3\n|\n|t:|1661644601\n|move|p2a: Seaking|Swords Dance|p2a: Seaking\n|-boost|p2a: Seaking|atk|2\n|move|p1a: Seaking|Curse|p1a: Seaking\n|-unboost|p1a: Seaking|spe|1\n|-boost|p1a: Seaking|atk|1\n|-boost|p1a: Seaking|def|1\n|\n|upkeep\n|turn|4\n|\n|t:|1661644602\n|move|p2a: Seaking|Facade|p1a: Seaking\n|-damage|p1a: Seaking|78\/100\n|move|p1a: Seaking|Curse|p1a: Seaking\n|-unboost|p1a: Seaking|spe|1\n|-boost|p1a: Seaking|atk|1\n|-boost|p1a: Seaking|def|1\n|\n|upkeep\n|turn|5\n|\n|t:|1661644606\n|move|p2a: Seaking|Facade|p1a: Seaking\n|-damage|p1a: Seaking|60\/100\n|move|p1a: Seaking|Curse|p1a: Seaking\n|-unboost|p1a: Seaking|spe|1\n|-boost|p1a: Seaking|atk|1\n|-boost|p1a: Seaking|def|1\n|\n|upkeep\n|turn|6\n|\n|t:|1661644610\n|move|p2a: Seaking|Facade|p1a: Seaking\n|-damage|p1a: Seaking|46\/100\n|move|p1a: Seaking|Curse|p1a: Seaking\n|-unboost|p1a: Seaking|spe|1\n|-boost|p1a: Seaking|atk|1\n|-boost|p1a: Seaking|def|1\n|\n|upkeep\n|turn|7\n|j| FlamingDragon02\n|\n|t:|1661644615\n|move|p2a: Seaking|Facade|p1a: Seaking\n|-damage|p1a: Seaking|33\/100\n|move|p1a: Seaking|Rest|p1a: Seaking\n|-status|p1a: Seaking|slp|[from] move: Rest\n|-heal|p1a: Seaking|100\/100 slp|[silent]\n|-enditem|p1a: Seaking|Chesto Berry|[eat]\n|-curestatus|p1a: Seaking|slp|[msg]\n|\n|upkeep\n|turn|8\n|\n|t:|1661644617\n|move|p2a: Seaking|Facade|p1a: Seaking\n|-damage|p1a: Seaking|88\/100\n|move|p1a: Seaking|Poison Jab|p2a: Seaking\n|-damage|p2a: Seaking|41\/100\n|-damage|p1a: Seaking|71\/100|[from] item: Rocky Helmet|[of] p2a: Seaking\n|\n|upkeep\n|turn|9\n|j| RazorrClawww\n|j| funky8787\n|\n|t:|1661644629\n|move|p2a: Seaking|Facade|p1a: Seaking\n|-damage|p1a: Seaking|58\/100\n|move|p1a: Seaking|Poison Jab|p2a: Seaking\n|-damage|p2a: Seaking|0 fnt\n|-damage|p1a: Seaking|41\/100|[from] item: Rocky Helmet|[of] p2a: Seaking\n|faint|p2a: Seaking\n|\n|win|bloccked\n|n|\u2606bloccked|bloccked\n|n|\u2606Meracx|meracx\n|n|*Lady Monita|ladymonita\n|n| hunbi|hunbi\n|n| Nitrobinet|nitrobinet\n|n| Techdb9|techdb9\n|n| Consequenctial|consequenctial\n|n| Bitce|bitce\n|n| FlamingDragon02|flamingdragon02\n|n| RazorrClawww|razorrclawww\n|n| funky8787|funky8787\n|l|*Lady Monita\n|l| hunbi\n|c|\u2606bloccked|gg\n","uploadtime":1661644630,"views":8,"p1id":"bloccked","p2id":"meracx","formatid":"gen81v1","rating":0,"private":0,"password":null}