{"id":"gen8ou-1360995588","p1":"WarioNear","p2":"Infernoss","format":"gen8ou","log":"|j|\u2606WarioNear\n|j|\u2606Infernoss\n|t:|1624027300\n|gametype|singles\n|player|p1|WarioNear|hilbert-dueldisk|1755\n|player|p2|Infernoss|blue|1858\n|teamsize|p1|6\n|teamsize|p2|6\n|gen|8\n|tier|[Gen 8] OU\n|rated|\n|rule|Sleep Clause Mod: Limit one foe put to sleep\n|rule|Species Clause: Limit one of each Pok\u00e9mon\n|rule|OHKO Clause: OHKO moves are banned\n|rule|Evasion Moves Clause: Evasion moves are banned\n|rule|Endless Battle Clause: Forcing endless battles is banned\n|rule|HP Percentage Mod: HP is shown in percentages\n|rule|Dynamax Clause: You cannot dynamax\n|clearpoke\n|poke|p1|Pelipper, M|\n|poke|p1|Zapdos|\n|poke|p1|Ferrothorn, M|\n|poke|p1|Crawdaunt, F|\n|poke|p1|Kingdra, M|\n|poke|p1|Barraskewda, M|\n|poke|p2|Slowbro, F|\n|poke|p2|Hatterene, F|\n|poke|p2|Marowak-Alola, M|\n|poke|p2|Ferrothorn, F|\n|poke|p2|Garchomp, M|\n|poke|p2|Drampa, F|\n|teampreview\n|\n|t:|1624027315\n|start\n|switch|p1a: Grand Gosier|Pelipper, M|100\/100\n|switch|p2a: Sonso|Slowbro, F|100\/100\n|-weather|RainDance|[from] ability: Drizzle|[of] p1a: Grand Gosier\n|turn|1\n|\n|t:|1624027321\n|move|p1a: Grand Gosier|U-turn|p2a: Sonso\n|-supereffective|p2a: Sonso\n|-damage|p2a: Sonso|89\/100\n|\n|t:|1624027326\n|switch|p1a: ElecPAF!|Zapdos, shiny|100\/100|[from]move: U-turn\n|move|p2a: Sonso|Trick Room|p2a: Sonso\n|-fieldstart|move: Trick Room|[of] p2a: Sonso\n|\n|-weather|RainDance|[upkeep]\n|upkeep\n|turn|2\n|\n|t:|1624027339\n|switch|p2a: Falko|Drampa, F|100\/100\n|move|p1a: ElecPAF!|Hurricane|p2a: Falko\n|-damage|p2a: Falko|46\/100\n|-ability|p2a: Falko|Berserk|boost\n|-boost|p2a: Falko|spa|1\n|\n|-weather|RainDance|[upkeep]\n|upkeep\n|turn|3\n|\n|t:|1624027347\n|move|p2a: Falko|Hyper Voice|p1a: ElecPAF!\n|-damage|p1a: ElecPAF!|0 fnt\n|faint|p1a: ElecPAF!\n|-damage|p2a: Falko|36\/100|[from] item: Life Orb\n|\n|-weather|RainDance|[upkeep]\n|upkeep\n|\n|t:|1624027351\n|switch|p1a: Captain|Crawdaunt, F|100\/100\n|turn|4\n|\n|t:|1624027355\n|switch|p2a: Thorns|Ferrothorn, F|100\/100\n|move|p1a: Captain|Aqua Jet|p2a: Thorns\n|-resisted|p2a: Thorns\n|-crit|p2a: Thorns\n|-damage|p2a: Thorns|70\/100\n|-damage|p1a: Captain|88\/100|[from] ability: Iron Barbs|[of] p2a: Thorns\n|-damage|p1a: Captain|78\/100|[from] item: Life Orb\n|\n|-weather|RainDance|[upkeep]\n|-heal|p2a: Thorns|76\/100|[from] item: Leftovers\n|upkeep\n|turn|5\n|\n|t:|1624027371\n|switch|p1a: Durian|Ferrothorn, M|100\/100\n|move|p2a: Thorns|Power Whip|p1a: Durian\n|-resisted|p1a: Durian\n|-damage|p1a: Durian|94\/100\n|-damage|p2a: Thorns|63\/100|[from] ability: Iron Barbs|[of] p1a: Durian\n|\n|-weather|RainDance|[upkeep]\n|-heal|p2a: Thorns|70\/100|[from] item: Leftovers\n|-heal|p1a: Durian|99\/100|[from] item: Leftovers\n|-fieldend|move: Trick Room\n|upkeep\n|turn|6\n|\n|t:|1624027386\n|move|p1a: Durian|Knock Off|p2a: Thorns\n|-damage|p2a: Thorns|52\/100\n|-damage|p1a: Durian|87\/100|[from] ability: Iron Barbs|[of] p2a: Thorns\n|-enditem|p2a: Thorns|Leftovers|[from] move: Knock Off|[of] p1a: Durian\n|move|p2a: Thorns|Stealth Rock|p1a: Durian\n|-sidestart|p1: WarioNear|move: Stealth Rock\n|\n|-weather|RainDance|[upkeep]\n|-heal|p1a: Durian|94\/100|[from] item: Leftovers\n|upkeep\n|turn|7\n|j| Koshun\n|\n|t:|1624027396\n|switch|p2a: Hatterene|Hatterene, F|100\/100\n|move|p1a: Durian|Knock Off|p2a: Hatterene\n|-damage|p2a: Hatterene|75\/100\n|-enditem|p2a: Hatterene|Kasib Berry|[from] move: Knock Off|[of] p1a: Durian\n|\n|-weather|RainDance|[upkeep]\n|-heal|p1a: Durian|99\/100|[from] item: Leftovers\n|upkeep\n|turn|8\n|\n|t:|1624027404\n|move|p2a: Hatterene|Mystical Fire|p1a: Durian\n|-supereffective|p1a: Durian\n|-damage|p1a: Durian|68\/100\n|-unboost|p1a: Durian|spa|1\n|move|p1a: Durian|Iron Head|p2a: Hatterene\n|-supereffective|p2a: Hatterene\n|-damage|p2a: Hatterene|16\/100\n|\n|-weather|none\n|-heal|p1a: Durian|74\/100|[from] item: Leftovers\n|upkeep\n|turn|9\n|\n|t:|1624027419\n|switch|p1a: Grand Gosier|Pelipper, M|100\/100\n|-damage|p1a: Grand Gosier|76\/100|[from] Stealth Rock\n|-weather|RainDance|[from] ability: Drizzle|[of] p1a: Grand Gosier\n|move|p2a: Hatterene|Healing Wish|p2a: Hatterene\n|faint|p2a: Hatterene\n|\n|-weather|RainDance|[upkeep]\n|upkeep\n|\n|t:|1624027434\n|switch|p2a: Sonso|Slowbro, F|100\/100\n|turn|10\n|j| tapu moxo\n|\n|t:|1624027467\n|move|p1a: Grand Gosier|U-turn|p2a: Sonso\n|-supereffective|p2a: Sonso\n|-damage|p2a: Sonso|91\/100\n|\n|t:|1624027472\n|switch|p1a: Captain|Crawdaunt, F|78\/100|[from]move: U-turn\n|-damage|p1a: Captain|66\/100|[from] Stealth Rock\n|move|p2a: Sonso|Trick Room|p2a: Sonso\n|-fieldstart|move: Trick Room|[of] p2a: Sonso\n|\n|-weather|RainDance|[upkeep]\n|upkeep\n|turn|11\n|\n|t:|1624027480\n|move|p2a: Sonso|Body Press|p1a: Captain\n|-supereffective|p1a: Captain\n|-damage|p1a: Captain|0 fnt\n|faint|p1a: Captain\n|\n|-weather|RainDance|[upkeep]\n|upkeep\n|\n|t:|1624027503\n|switch|p1a: Majestou|Kingdra, M|100\/100\n|-damage|p1a: Majestou|88\/100|[from] Stealth Rock\n|turn|12\n|\n|t:|1624027518\n|switch|p2a: Thorns|Ferrothorn, F|52\/100\n|-heal|p2a: Thorns|100\/100|[from] move: Healing Wish\n|move|p1a: Majestou|Hydro Pump|p2a: Thorns\n|-resisted|p2a: Thorns\n|-damage|p2a: Thorns|62\/100\n|\n|-weather|RainDance|[upkeep]\n|upkeep\n|turn|13\n|\n|t:|1624027526\n|move|p2a: Thorns|Leech Seed|p1a: Majestou|[miss]\n|-miss|p2a: Thorns|p1a: Majestou\n|move|p1a: Majestou|Hydro Pump|p2a: Thorns\n|-resisted|p2a: Thorns\n|-damage|p2a: Thorns|29\/100\n|\n|-weather|RainDance|[upkeep]\n|upkeep\n|turn|14\n|j| Mirrorak\n|\n|t:|1624027535\n|move|p2a: Thorns|Leech Seed|p1a: Majestou\n|-start|p1a: Majestou|move: Leech Seed\n|move|p1a: Majestou|Hydro Pump|p2a: Thorns\n|-resisted|p2a: Thorns\n|-damage|p2a: Thorns|0 fnt\n|faint|p2a: Thorns\n|\n|-weather|RainDance|[upkeep]\n|-fieldend|move: Trick Room\n|upkeep\n|j| Tomishare123\n|\n|t:|1624027547\n|switch|p2a: Sonso|Slowbro, F|100\/100\n|turn|15\n|j| wonokoyo\n|j| GoudonRockpolish\n|\n|t:|1624027564\n|switch|p1a: Durian|Ferrothorn, M|74\/100\n|-damage|p1a: Durian|68\/100|[from] Stealth Rock\n|move|p2a: Sonso|Trick Room|p2a: Sonso\n|-fieldstart|move: Trick Room|[of] p2a: Sonso\n|\n|-weather|RainDance|[upkeep]\n|-heal|p1a: Durian|74\/100|[from] item: Leftovers\n|upkeep\n|turn|16\n|\n|t:|1624027572\n|move|p2a: Sonso|Body Press|p1a: Durian\n|-supereffective|p1a: Durian\n|-damage|p1a: Durian|35\/100\n|-damage|p2a: Sonso|88\/100|[from] ability: Iron Barbs|[of] p1a: Durian\n|move|p1a: Durian|Leech Seed|p2a: Sonso\n|-start|p2a: Sonso|move: Leech Seed\n|\n|-weather|none\n|-heal|p1a: Durian|41\/100|[from] item: Leftovers\n|-damage|p2a: Sonso|76\/100|[from] Leech Seed|[of] p1a: Durian\n|-heal|p1a: Durian|55\/100|[silent]\n|upkeep\n|turn|17\n|\n|t:|1624027584\n|move|p2a: Sonso|Body Press|p1a: Durian\n|-supereffective|p1a: Durian\n|-damage|p1a: Durian|14\/100\n|-damage|p2a: Sonso|63\/100|[from] ability: Iron Barbs|[of] p1a: Durian\n|move|p1a: Durian|Knock Off|p2a: Sonso\n|-supereffective|p2a: Sonso\n|-enditem|p2a: Sonso|Colbur Berry|[eat]\n|-enditem|p2a: Sonso|Colbur Berry|[weaken]\n|-damage|p2a: Sonso|51\/100\n|\n|-heal|p1a: Durian|21\/100|[from] item: Leftovers\n|-damage|p2a: Sonso|38\/100|[from] Leech Seed|[of] p1a: Durian\n|-heal|p1a: Durian|35\/100|[silent]\n|upkeep\n|turn|18\n|\n|t:|1624027604\n|switch|p2a: Falko|Drampa, F|36\/100\n|switch|p1a: Grand Gosier|Pelipper, M|76\/100\n|-damage|p1a: Grand Gosier|51\/100|[from] Stealth Rock\n|-weather|RainDance|[from] ability: Drizzle|[of] p1a: Grand Gosier\n|\n|-weather|RainDance|[upkeep]\n|upkeep\n|turn|19\n|j| Ziddi\n|\n|t:|1624027616\n|switch|p1a: Durian|Ferrothorn, M|35\/100\n|-damage|p1a: Durian|28\/100|[from] Stealth Rock\n|move|p2a: Falko|Roost|p2a: Falko\n|-heal|p2a: Falko|87\/100\n|-singleturn|p2a: Falko|move: Roost\n|\n|-weather|RainDance|[upkeep]\n|-heal|p1a: Durian|35\/100|[from] item: Leftovers\n|-fieldend|move: Trick Room\n|upkeep\n|turn|20\n|\n|t:|1624027630\n|move|p1a: Durian|Leech Seed|p2a: Falko\n|-start|p2a: Falko|move: Leech Seed\n|move|p2a: Falko|Focus Blast|p1a: Durian\n|-supereffective|p1a: Durian\n|-damage|p1a: Durian|0 fnt\n|faint|p1a: Durian\n|-damage|p2a: Falko|77\/100|[from] item: Life Orb\n|\n|-weather|RainDance|[upkeep]\n|upkeep\n|\n|t:|1624027634\n|switch|p1a: Majestou|Kingdra, M|88\/100\n|-damage|p1a: Majestou|76\/100|[from] Stealth Rock\n|turn|21\n|\n|t:|1624027641\n|move|p1a: Majestou|Dragon Pulse|p2a: Falko\n|-supereffective|p2a: Falko\n|-damage|p2a: Falko|0 fnt\n|faint|p2a: Falko\n|\n|-weather|RainDance|[upkeep]\n|upkeep\n|\n|t:|1624027653\n|switch|p2a: Billy B.|Marowak-Alola, M|100\/100\n|turn|22\n|\n|t:|1624027658\n|move|p1a: Majestou|Dragon Pulse|p2a: Billy B.\n|-damage|p2a: Billy B.|22\/100\n|move|p2a: Billy B.|Poltergeist|p1a: Majestou\n|-activate|p1a: Majestou|move: Poltergeist|Choice Specs\n|-damage|p1a: Majestou|0 fnt\n|faint|p1a: Majestou\n|\n|-weather|RainDance|[upkeep]\n|upkeep\n|\n|t:|1624027663\n|switch|p1a: Barrakacude|Barraskewda, M|100\/100\n|-damage|p1a: Barrakacude|88\/100|[from] Stealth Rock\n|turn|23\n|\n|t:|1624027673\n|switch|p2a: Sonso|Slowbro, F|72\/100\n|move|p1a: Barrakacude|Flip Turn|p2a: Sonso\n|-resisted|p2a: Sonso\n|-damage|p2a: Sonso|50\/100\n|\n|t:|1624027690\n|switch|p1a: Grand Gosier|Pelipper, M|51\/100|[from]move: Flip Turn\n|-damage|p1a: Grand Gosier|26\/100|[from] Stealth Rock\n|\n|-weather|RainDance|[upkeep]\n|upkeep\n|turn|24\n|\n|t:|1624027697\n|move|p1a: Grand Gosier|Roost|p1a: Grand Gosier\n|-heal|p1a: Grand Gosier|76\/100\n|-singleturn|p1a: Grand Gosier|move: Roost\n|move|p2a: Sonso|Trick Room|p2a: Sonso\n|-fieldstart|move: Trick Room|[of] p2a: Sonso\n|\n|-weather|RainDance|[upkeep]\n|upkeep\n|turn|25\n|j| Weaselfie\n|inactive|Battle timer is ON: inactive players will automatically lose when time's up. (requested by Infernoss)\n|j| piattostax\n|\n|t:|1624027727\n|move|p2a: Sonso|Scald|p1a: Grand Gosier\n|-resisted|p1a: Grand Gosier\n|-damage|p1a: Grand Gosier|50\/100\n|move|p1a: Grand Gosier|Defog|p2a: Sonso\n|-unboost|p2a: Sonso|evasion|1\n|-sideend|p1: WarioNear|Stealth Rock|[from] move: Defog|[of] p1a: Grand Gosier\n|\n|-weather|none\n|upkeep\n|turn|26\n|\n|t:|1624027739\n|move|p2a: Sonso|Scald|p1a: Grand Gosier\n|-resisted|p1a: Grand Gosier\n|-damage|p1a: Grand Gosier|31\/100\n|-status|p1a: Grand Gosier|brn\n|move|p1a: Grand Gosier|Scald|p2a: Sonso\n|-resisted|p2a: Sonso\n|-damage|p2a: Sonso|36\/100\n|-status|p2a: Sonso|brn\n|\n|-damage|p2a: Sonso|30\/100 brn|[from] brn\n|-damage|p1a: Grand Gosier|25\/100 brn|[from] brn\n|upkeep\n|turn|27\n|l| Weaselfie\n|\n|t:|1624027768\n|switch|p2a: Billy B.|Marowak-Alola, M|22\/100\n|move|p1a: Grand Gosier|Roost|p1a: Grand Gosier\n|-heal|p1a: Grand Gosier|75\/100 brn\n|-singleturn|p1a: Grand Gosier|move: Roost\n|\n|-damage|p1a: Grand Gosier|69\/100 brn|[from] brn\n|upkeep\n|turn|28\n|\n|t:|1624027778\n|move|p2a: Billy B.|Poltergeist|p1a: Grand Gosier|[miss]\n|-miss|p2a: Billy B.|p1a: Grand Gosier\n|move|p1a: Grand Gosier|Roost|p1a: Grand Gosier\n|-heal|p1a: Grand Gosier|100\/100 brn\n|-singleturn|p1a: Grand Gosier|move: Roost\n|\n|-damage|p1a: Grand Gosier|94\/100 brn|[from] brn\n|-fieldend|move: Trick Room\n|upkeep\n|turn|29\n|c|\u2606Infernoss|come on!\n|c|\u2606WarioNear|sorry\n|\n|t:|1624027789\n|switch|p2a: Sonso|Slowbro, F|63\/100 brn\n|move|p1a: Grand Gosier|Scald|p2a: Sonso\n|-resisted|p2a: Sonso\n|-damage|p2a: Sonso|49\/100 brn\n|\n|-damage|p1a: Grand Gosier|88\/100 brn|[from] brn\n|-damage|p2a: Sonso|43\/100 brn|[from] brn\n|upkeep\n|turn|30\n|\n|t:|1624027814\n|move|p1a: Grand Gosier|U-turn|p2a: Sonso\n|-supereffective|p2a: Sonso\n|-damage|p2a: Sonso|38\/100 brn\n|\n|t:|1624027816\n|switch|p1a: Barrakacude|Barraskewda, M|88\/100|[from]move: U-turn\n|move|p2a: Sonso|Slack Off|p2a: Sonso\n|-heal|p2a: Sonso|88\/100 brn\n|\n|-damage|p2a: Sonso|82\/100 brn|[from] brn\n|upkeep\n|turn|31\n|\n|t:|1624027825\n|move|p1a: Barrakacude|Flip Turn|p2a: Sonso\n|-resisted|p2a: Sonso\n|-damage|p2a: Sonso|67\/100 brn\n|\n|t:|1624027827\n|switch|p1a: Grand Gosier|Pelipper, M|88\/100 brn|[from]move: Flip Turn\n|-weather|RainDance|[from] ability: Drizzle|[of] p1a: Grand Gosier\n|move|p2a: Sonso|Slack Off|p2a: Sonso\n|-heal|p2a: Sonso|100\/100 brn\n|\n|-weather|RainDance|[upkeep]\n|-damage|p1a: Grand Gosier|82\/100 brn|[from] brn\n|-damage|p2a: Sonso|94\/100 brn|[from] brn\n|upkeep\n|turn|32\n|\n|t:|1624027836\n|move|p1a: Grand Gosier|Scald|p2a: Sonso\n|-resisted|p2a: Sonso\n|-damage|p2a: Sonso|72\/100 brn\n|move|p2a: Sonso|Scald|p1a: Grand Gosier\n|-resisted|p1a: Grand Gosier\n|-damage|p1a: Grand Gosier|53\/100 brn\n|\n|-weather|RainDance|[upkeep]\n|-damage|p1a: Grand Gosier|46\/100 brn|[from] brn\n|-damage|p2a: Sonso|66\/100 brn|[from] brn\n|upkeep\n|turn|33\n|\n|t:|1624027846\n|move|p1a: Grand Gosier|Roost|p1a: Grand Gosier\n|-heal|p1a: Grand Gosier|96\/100 brn\n|-singleturn|p1a: Grand Gosier|move: Roost\n|move|p2a: Sonso|Scald|p1a: Grand Gosier\n|-resisted|p1a: Grand Gosier\n|-damage|p1a: Grand Gosier|66\/100 brn\n|\n|-weather|RainDance|[upkeep]\n|-damage|p1a: Grand Gosier|60\/100 brn|[from] brn\n|-damage|p2a: Sonso|60\/100 brn|[from] brn\n|upkeep\n|turn|34\n|\n|t:|1624027855\n|move|p1a: Grand Gosier|Scald|p2a: Sonso\n|-resisted|p2a: Sonso\n|-damage|p2a: Sonso|39\/100 brn\n|move|p2a: Sonso|Scald|p1a: Grand Gosier\n|-resisted|p1a: Grand Gosier\n|-damage|p1a: Grand Gosier|33\/100 brn\n|\n|-weather|RainDance|[upkeep]\n|-damage|p1a: Grand Gosier|27\/100 brn|[from] brn\n|-damage|p2a: Sonso|33\/100 brn|[from] brn\n|upkeep\n|turn|35\n|\n|t:|1624027866\n|switch|p2a: Sharpo|Garchomp, M|100\/100\n|move|p1a: Grand Gosier|Roost|p1a: Grand Gosier\n|-heal|p1a: Grand Gosier|77\/100 brn\n|-singleturn|p1a: Grand Gosier|move: Roost\n|\n|-weather|RainDance|[upkeep]\n|-damage|p1a: Grand Gosier|71\/100 brn|[from] brn\n|upkeep\n|turn|36\n|\n|t:|1624027875\n|move|p2a: Sharpo|Stone Edge|p1a: Grand Gosier|[miss]\n|-miss|p2a: Sharpo|p1a: Grand Gosier\n|move|p1a: Grand Gosier|Scald|p2a: Sharpo\n|-damage|p2a: Sharpo|56\/100\n|-status|p2a: Sharpo|brn\n|\n|-weather|RainDance|[upkeep]\n|-heal|p2a: Sharpo|62\/100 brn|[from] item: Leftovers\n|-damage|p2a: Sharpo|56\/100 brn|[from] brn\n|-damage|p1a: Grand Gosier|65\/100 brn|[from] brn\n|upkeep\n|turn|37\n|c|\u2606WarioNear|oof\n|\n|t:|1624027886\n|move|p2a: Sharpo|Swords Dance|p2a: Sharpo\n|-boost|p2a: Sharpo|atk|2\n|move|p1a: Grand Gosier|Roost|p1a: Grand Gosier\n|-heal|p1a: Grand Gosier|100\/100 brn\n|-singleturn|p1a: Grand Gosier|move: Roost\n|\n|-weather|RainDance|[upkeep]\n|-heal|p2a: Sharpo|62\/100 brn|[from] item: Leftovers\n|-damage|p2a: Sharpo|56\/100 brn|[from] brn\n|-damage|p1a: Grand Gosier|94\/100 brn|[from] brn\n|upkeep\n|turn|38\n|c|\u2606WarioNear|sorry again\n|\n|t:|1624027896\n|move|p2a: Sharpo|Stone Edge|p1a: Grand Gosier\n|-supereffective|p1a: Grand Gosier\n|-damage|p1a: Grand Gosier|40\/100 brn\n|move|p1a: Grand Gosier|Scald|p2a: Sharpo\n|-damage|p2a: Sharpo|10\/100 brn\n|\n|-weather|none\n|-heal|p2a: Sharpo|16\/100 brn|[from] item: Leftovers\n|-damage|p2a: Sharpo|10\/100 brn|[from] brn\n|-damage|p1a: Grand Gosier|33\/100 brn|[from] brn\n|upkeep\n|turn|39\n|\n|t:|1624027909\n|switch|p1a: Barrakacude|Barraskewda, M|88\/100\n|move|p2a: Sharpo|Scale Shot|p1a: Barrakacude\n|-damage|p1a: Barrakacude|63\/100\n|-damage|p1a: Barrakacude|37\/100\n|-hitcount|p1a: Barrakacude|2\n|-unboost|p2a: Sharpo|def|1\n|-boost|p2a: Sharpo|spe|1\n|\n|-heal|p2a: Sharpo|16\/100 brn|[from] item: Leftovers\n|-damage|p2a: Sharpo|10\/100 brn|[from] brn\n|upkeep\n|turn|40\n|l| tapu moxo\n|\n|t:|1624027922\n|move|p1a: Barrakacude|Aqua Jet|p2a: Sharpo\n|-damage|p2a: Sharpo|0 fnt\n|-damage|p1a: Barrakacude|24\/100|[from] ability: Rough Skin|[of] p2a: Sharpo\n|faint|p2a: Sharpo\n|\n|upkeep\n|l| Ziddi\n|\n|t:|1624027927\n|switch|p2a: Sonso|Slowbro, F|66\/100 brn\n|turn|41\n|l| wonokoyo\n|\n|t:|1624027935\n|move|p1a: Barrakacude|Aqua Jet|p2a: Sonso\n|-resisted|p2a: Sonso\n|-damage|p2a: Sonso|56\/100 brn\n|move|p2a: Sonso|Trick Room|p2a: Sonso\n|-fieldstart|move: Trick Room|[of] p2a: Sonso\n|\n|-damage|p2a: Sonso|50\/100 brn|[from] brn\n|upkeep\n|turn|42\n|\n|t:|1624027942\n|move|p1a: Barrakacude|Aqua Jet|p2a: Sonso\n|-resisted|p2a: Sonso\n|-damage|p2a: Sonso|40\/100 brn\n|move|p2a: Sonso|Scald|p1a: Barrakacude\n|-resisted|p1a: Barrakacude\n|-damage|p1a: Barrakacude|0 fnt\n|faint|p1a: Barrakacude\n|\n|-damage|p2a: Sonso|33\/100 brn|[from] brn\n|upkeep\n|\n|t:|1624027945\n|switch|p1a: Grand Gosier|Pelipper, M|33\/100 brn\n|-weather|RainDance|[from] ability: Drizzle|[of] p1a: Grand Gosier\n|turn|43\n|\n|t:|1624027954\n|move|p2a: Sonso|Scald|p1a: Grand Gosier\n|-resisted|p1a: Grand Gosier\n|-damage|p1a: Grand Gosier|5\/100 brn\n|move|p1a: Grand Gosier|Roost|p1a: Grand Gosier\n|-heal|p1a: Grand Gosier|56\/100 brn\n|-singleturn|p1a: Grand Gosier|move: Roost\n|\n|-weather|RainDance|[upkeep]\n|-damage|p2a: Sonso|27\/100 brn|[from] brn\n|-damage|p1a: Grand Gosier|49\/100 brn|[from] brn\n|upkeep\n|turn|44\n|\n|t:|1624027963\n|move|p2a: Sonso|Slack Off|p2a: Sonso\n|-heal|p2a: Sonso|77\/100 brn\n|move|p1a: Grand Gosier|Roost|p1a: Grand Gosier\n|-heal|p1a: Grand Gosier|99\/100 brn\n|-singleturn|p1a: Grand Gosier|move: Roost\n|\n|-weather|RainDance|[upkeep]\n|-damage|p2a: Sonso|71\/100 brn|[from] brn\n|-damage|p1a: Grand Gosier|93\/100 brn|[from] brn\n|upkeep\n|turn|45\n|l| Tomishare123\n|\n|t:|1624027973\n|move|p2a: Sonso|Scald|p1a: Grand Gosier\n|-resisted|p1a: Grand Gosier\n|-damage|p1a: Grand Gosier|65\/100 brn\n|move|p1a: Grand Gosier|Scald|p2a: Sonso\n|-resisted|p2a: Sonso\n|-damage|p2a: Sonso|51\/100 brn\n|\n|-weather|RainDance|[upkeep]\n|-damage|p2a: Sonso|45\/100 brn|[from] brn\n|-damage|p1a: Grand Gosier|58\/100 brn|[from] brn\n|-fieldend|move: Trick Room\n|upkeep\n|turn|46\n|\n|t:|1624027987\n|move|p1a: Grand Gosier|Scald|p2a: Sonso\n|-resisted|p2a: Sonso\n|-damage|p2a: Sonso|23\/100 brn\n|move|p2a: Sonso|Slack Off|p2a: Sonso\n|-heal|p2a: Sonso|73\/100 brn\n|\n|-weather|RainDance|[upkeep]\n|-damage|p1a: Grand Gosier|52\/100 brn|[from] brn\n|-damage|p2a: Sonso|67\/100 brn|[from] brn\n|upkeep\n|turn|47\n|\n|t:|1624027995\n|move|p1a: Grand Gosier|Scald|p2a: Sonso\n|-resisted|p2a: Sonso\n|-damage|p2a: Sonso|47\/100 brn\n|move|p2a: Sonso|Slack Off|p2a: Sonso\n|-heal|p2a: Sonso|97\/100 brn\n|\n|-weather|RainDance|[upkeep]\n|-damage|p1a: Grand Gosier|46\/100 brn|[from] brn\n|-damage|p2a: Sonso|91\/100 brn|[from] brn\n|upkeep\n|turn|48\n|\n|t:|1624028004\n|move|p1a: Grand Gosier|Roost|p1a: Grand Gosier\n|-heal|p1a: Grand Gosier|96\/100 brn\n|-singleturn|p1a: Grand Gosier|move: Roost\n|move|p2a: Sonso|Scald|p1a: Grand Gosier\n|-resisted|p1a: Grand Gosier\n|-damage|p1a: Grand Gosier|69\/100 brn\n|\n|-weather|RainDance|[upkeep]\n|-damage|p1a: Grand Gosier|63\/100 brn|[from] brn\n|-damage|p2a: Sonso|85\/100 brn|[from] brn\n|upkeep\n|turn|49\n|c|\u2606WarioNear|you win anyway i think\n|c|\u2606Infernoss|yea\n|c|\u2606Infernoss|i got 11 slack off\n|\n|t:|1624028023\n|move|p1a: Grand Gosier|Scald|p2a: Sonso\n|-resisted|p2a: Sonso\n|-damage|p2a: Sonso|64\/100 brn\n|move|p2a: Sonso|Scald|p1a: Grand Gosier\n|-resisted|p1a: Grand Gosier\n|-damage|p1a: Grand Gosier|36\/100 brn\n|\n|-weather|RainDance|[upkeep]\n|-damage|p1a: Grand Gosier|30\/100 brn|[from] brn\n|-damage|p2a: Sonso|58\/100 brn|[from] brn\n|upkeep\n|turn|50\n|c|\u2606WarioNear|yep\n|\n|t:|1624028032\n|move|p1a: Grand Gosier|Scald|p2a: Sonso\n|-resisted|p2a: Sonso\n|-damage|p2a: Sonso|38\/100 brn\n|move|p2a: Sonso|Scald|p1a: Grand Gosier\n|-resisted|p1a: Grand Gosier\n|-damage|p1a: Grand Gosier|0 fnt\n|faint|p1a: Grand Gosier\n|\n|win|Infernoss\n|raw|WarioNear's rating: 1769 &rarr; <strong>1754<\/strong><br \/>(-15 for losing)\n|raw|Infernoss's rating: 1858 &rarr; <strong>1873<\/strong><br \/>(+15 for winning)\n|l|\u2606WarioNear\n|l| Mirrorak\n||Ladder isn't responding, score probably updated but might not have (Request timeout).\n","uploadtime":1624028056,"views":48,"p1id":"warionear","p2id":"infernoss","formatid":"gen8ou","rating":1754,"private":0,"password":null}