{"id":"gen8ou-1664447980","p1":"Toxichica","p2":"himynametay","format":"gen8ou","log":"|j|\u2606Toxichica\n|j|\u203dhimynametay\n|t:|1663194499\n|gametype|singles\n|player|p1|Toxichica|beauty|1474\n|player|p2|himynametay|elesa-masters|1511\n|teamsize|p1|6\n|teamsize|p2|6\n|gen|8\n|tier|[Gen 8] OU\n|rated|\n|rule|Sleep Clause Mod: Limit one foe put to sleep\n|rule|Species Clause: Limit one of each Pok\u00e9mon\n|rule|OHKO Clause: OHKO moves are banned\n|rule|Evasion Items Clause: Evasion items are banned\n|rule|Evasion Moves Clause: Evasion moves are banned\n|rule|Endless Battle Clause: Forcing endless battles is banned\n|rule|HP Percentage Mod: HP is shown in percentages\n|rule|Dynamax Clause: You cannot dynamax\n|clearpoke\n|poke|p1|Hatterene, F|\n|poke|p1|Salazzle, F|\n|poke|p1|Gastrodon, M|\n|poke|p1|Mudsdale, M|\n|poke|p1|Miltank, F|\n|poke|p1|Pyukumuku, M|\n|poke|p2|Slowking-Galar, M|\n|poke|p2|Urshifu-*, F|\n|poke|p2|Garchomp, F|\n|poke|p2|Weavile, F|\n|poke|p2|Corviknight, F|\n|poke|p2|Rillaboom, M|\n|teampreview\n|inactive|Battle timer is ON: inactive players will automatically lose when time's up. (requested by Toxichica)\n|\n|t:|1663194508\n|start\n|switch|p1a: Mama|Miltank, F|100\/100\n|switch|p2a: Urshifu|Urshifu-Rapid-Strike, F|100\/100\n|turn|1\n|\n|t:|1663194513\n|switch|p1a: Personal toy|Pyukumuku, M|100\/100\n|move|p2a: Urshifu|Surging Strikes|p1a: Personal toy\n|-resisted|p1a: Personal toy\n|-crit|p1a: Personal toy\n|-damage|p1a: Personal toy|88\/100\n|-damage|p2a: Urshifu|84\/100|[from] item: Rocky Helmet|[of] p1a: Personal toy\n|-resisted|p1a: Personal toy\n|-crit|p1a: Personal toy\n|-damage|p1a: Personal toy|75\/100\n|-damage|p2a: Urshifu|68\/100|[from] item: Rocky Helmet|[of] p1a: Personal toy\n|-resisted|p1a: Personal toy\n|-crit|p1a: Personal toy\n|-damage|p1a: Personal toy|62\/100\n|-damage|p2a: Urshifu|51\/100|[from] item: Rocky Helmet|[of] p1a: Personal toy\n|-hitcount|p1a: Personal toy|3\n|\n|upkeep\n|turn|2\n|\n|t:|1663194517\n|switch|p2a: Weavile|Weavile, F|100\/100\n|-ability|p2a: Weavile|Pressure\n|move|p1a: Personal toy|Recover|p1a: Personal toy\n|-heal|p1a: Personal toy|100\/100\n|\n|upkeep\n|turn|3\n|\n|t:|1663194519\n|switch|p1a: Mama|Miltank, F|100\/100\n|move|p2a: Weavile|Knock Off|p1a: Mama\n|-damage|p1a: Mama|73\/100\n|-enditem|p1a: Mama|Leftovers|[from] move: Knock Off|[of] p2a: Weavile\n|\n|upkeep\n|turn|4\n|\n|t:|1663194524\n|switch|p2a: Slowking|Slowking-Galar, M|100\/100\n|move|p1a: Mama|Stealth Rock|p2a: Slowking\n|-sidestart|p2: himynametay|move: Stealth Rock\n|\n|upkeep\n|turn|5\n|\n|t:|1663194526\n|switch|p1a: Macho|Mudsdale, M|100\/100\n|move|p2a: Slowking|Future Sight|p1a: Macho\n|-start|p2a: Slowking|move: Future Sight\n|\n|upkeep\n|turn|6\n|\n|t:|1663194529\n|move|p1a: Macho|Earthquake|p2a: Slowking\n|-supereffective|p2a: Slowking\n|-damage|p2a: Slowking|11\/100\n|move|p2a: Slowking|Scald|p1a: Macho\n|-supereffective|p1a: Macho\n|-damage|p1a: Macho|69\/100\n|-ability|p1a: Macho|Stamina|boost\n|-boost|p1a: Macho|def|1\n|\n|-heal|p1a: Macho|75\/100|[from] item: Leftovers\n|upkeep\n|turn|7\n|\n|t:|1663194534\n|switch|p2a: Corviknight|Corviknight, F|100\/100\n|-damage|p2a: Corviknight|88\/100|[from] Stealth Rock\n|-ability|p2a: Corviknight|Pressure\n|move|p1a: Macho|Earthquake|p2a: Corviknight\n|-immune|p2a: Corviknight\n|\n|-end|p1a: Macho|move: Future Sight\n|-damage|p1a: Macho|44\/100\n|-ability|p1a: Macho|Stamina|boost\n|-boost|p1a: Macho|def|1\n|-heal|p1a: Macho|50\/100|[from] item: Leftovers\n|upkeep\n|turn|8\n|\n|t:|1663194536\n|switch|p1a: Chica|Salazzle, F|100\/100\n|move|p2a: Corviknight|Defog|p1a: Chica\n|-unboost|p1a: Chica|evasion|1\n|-sideend|p2: himynametay|Stealth Rock|[from] move: Defog|[of] p2a: Corviknight\n|\n|upkeep\n|turn|9\n|\n|t:|1663194539\n|switch|p2a: Urshifu|Urshifu-Rapid-Strike, F|51\/100\n|move|p1a: Chica|Toxic|p2a: Urshifu\n|-status|p2a: Urshifu|tox\n|\n|-damage|p2a: Urshifu|45\/100 tox|[from] psn\n|upkeep\n|turn|10\n|\n|t:|1663194542\n|switch|p1a: Personal toy|Pyukumuku, M|100\/100\n|switch|p2a: Weavile|Weavile, F|100\/100\n|-ability|p2a: Weavile|Pressure\n|\n|upkeep\n|turn|11\n|\n|t:|1663194545\n|switch|p1a: Mama|Miltank, F|73\/100\n|move|p2a: Weavile|Swords Dance|p2a: Weavile\n|-boost|p2a: Weavile|atk|2\n|\n|upkeep\n|turn|12\n|\n|t:|1663194547\n|move|p2a: Weavile|Knock Off|p1a: Mama\n|-damage|p1a: Mama|37\/100\n|move|p1a: Mama|Stealth Rock|p2a: Weavile\n|-sidestart|p2: himynametay|move: Stealth Rock\n|\n|upkeep\n|turn|13\n|\n|t:|1663194550\n|move|p2a: Weavile|Triple Axel|p1a: Mama|[miss]\n|-miss|p2a: Weavile|p1a: Mama\n|move|p1a: Mama|Milk Drink|p1a: Mama\n|-heal|p1a: Mama|87\/100\n|\n|upkeep\n|turn|14\n|\n|t:|1663194552\n|move|p2a: Weavile|Triple Axel|p1a: Mama\n|-damage|p1a: Mama|80\/100\n|-damage|p1a: Mama|68\/100\n|-damage|p1a: Mama|49\/100\n|-hitcount|p1a: Mama|3\n|move|p1a: Mama|Toxic|p2a: Weavile\n|-status|p2a: Weavile|tox\n|\n|-damage|p2a: Weavile|94\/100 tox|[from] psn\n|upkeep\n|turn|15\n|\n|t:|1663194554\n|move|p2a: Weavile|Swords Dance|p2a: Weavile\n|-boost|p2a: Weavile|atk|2\n|move|p1a: Mama|Milk Drink|p1a: Mama\n|-heal|p1a: Mama|99\/100\n|\n|-damage|p2a: Weavile|82\/100 tox|[from] psn\n|upkeep\n|turn|16\n|\n|t:|1663194557\n|move|p2a: Weavile|Knock Off|p1a: Mama\n|-damage|p1a: Mama|46\/100\n|move|p1a: Mama|Seismic Toss|p2a: Weavile\n|-damage|p2a: Weavile|47\/100 tox\n|\n|-damage|p2a: Weavile|29\/100 tox|[from] psn\n|upkeep\n|turn|17\n|\n|t:|1663194559\n|move|p2a: Weavile|Knock Off|p1a: Mama\n|-damage|p1a: Mama|0 fnt\n|faint|p1a: Mama\n|\n|-damage|p2a: Weavile|4\/100 tox|[from] psn\n|upkeep\n|\n|t:|1663194561\n|switch|p1a: Chica|Salazzle, F|100\/100\n|turn|18\n|\n|t:|1663194567\n|switch|p2a: Garchomp|Garchomp, F|100\/100\n|-damage|p2a: Garchomp|94\/100|[from] Stealth Rock\n|move|p1a: Chica|Protect||[still]\n|-fail|p1a: Chica\n|\n|-heal|p2a: Garchomp|100\/100|[from] item: Leftovers\n|upkeep\n|turn|19\n|\n|t:|1663194573\n|move|p1a: Chica|Toxic|p2a: Garchomp\n|-status|p2a: Garchomp|tox\n|move|p2a: Garchomp|Stealth Rock|p1a: Chica\n|-sidestart|p1: Toxichica|move: Stealth Rock\n|\n|-damage|p2a: Garchomp|94\/100 tox|[from] psn\n|upkeep\n|turn|20\n|\n|t:|1663194577\n|switch|p2a: Slowking|Slowking-Galar, M|45\/100\n|-damage|p2a: Slowking|32\/100|[from] Stealth Rock\n|move|p1a: Chica|Encore||[still]\n|-fail|p1a: Chica\n|\n|upkeep\n|turn|21\n|\n|t:|1663194580\n|switch|p2a: Garchomp|Garchomp, F|94\/100 tox\n|-damage|p2a: Garchomp|88\/100 tox|[from] Stealth Rock\n|move|p1a: Chica|Flamethrower|p2a: Garchomp\n|-resisted|p2a: Garchomp\n|-damage|p2a: Garchomp|76\/100 tox\n|\n|-heal|p2a: Garchomp|83\/100 tox|[from] item: Leftovers\n|-damage|p2a: Garchomp|76\/100 tox|[from] psn\n|upkeep\n|turn|22\n|\n|t:|1663194584\n|move|p1a: Chica|Protect|p1a: Chica\n|-singleturn|p1a: Chica|Protect\n|move|p2a: Garchomp|Dragon Tail|p1a: Chica\n|-activate|p1a: Chica|move: Protect\n|\n|-heal|p2a: Garchomp|83\/100 tox|[from] item: Leftovers\n|-damage|p2a: Garchomp|70\/100 tox|[from] psn\n|upkeep\n|turn|23\n|\n|t:|1663194589\n|switch|p1a: Karen|Hatterene, F|100\/100\n|-damage|p1a: Karen|88\/100|[from] Stealth Rock\n|move|p2a: Garchomp|Earthquake|p1a: Karen\n|-damage|p1a: Karen|42\/100\n|\n|-heal|p2a: Garchomp|76\/100 tox|[from] item: Leftovers\n|-heal|p1a: Karen|48\/100|[from] item: Leftovers\n|-damage|p2a: Garchomp|58\/100 tox|[from] psn\n|upkeep\n|turn|24\n|\n|t:|1663194592\n|move|p1a: Karen|Protect|p1a: Karen\n|-singleturn|p1a: Karen|Protect\n|move|p2a: Garchomp|Earthquake|p1a: Karen\n|-activate|p1a: Karen|move: Protect\n|\n|-heal|p2a: Garchomp|64\/100 tox|[from] item: Leftovers\n|-heal|p1a: Karen|54\/100|[from] item: Leftovers\n|-damage|p2a: Garchomp|39\/100 tox|[from] psn\n|upkeep\n|turn|25\n|\n|t:|1663194596\n|move|p2a: Garchomp|Earthquake|p1a: Karen\n|-damage|p1a: Karen|8\/100\n|move|p1a: Karen|Draining Kiss|p2a: Garchomp\n|-supereffective|p2a: Garchomp\n|-damage|p2a: Garchomp|2\/100 tox\n|-heal|p1a: Karen|45\/100|[from] drain|[of] p2a: Garchomp\n|-damage|p1a: Karen|33\/100|[from] ability: Rough Skin|[of] p2a: Garchomp\n|\n|-heal|p2a: Garchomp|8\/100 tox|[from] item: Leftovers\n|-heal|p1a: Karen|39\/100|[from] item: Leftovers\n|-damage|p2a: Garchomp|0 fnt|[from] psn\n|faint|p2a: Garchomp\n|upkeep\n|\n|t:|1663194599\n|switch|p2a: Rillaboom|Rillaboom, M|100\/100\n|-damage|p2a: Rillaboom|88\/100|[from] Stealth Rock\n|-fieldstart|move: Grassy Terrain|[from] ability: Grassy Surge|[of] p2a: Rillaboom\n|turn|26\n|\n|t:|1663194603\n|move|p1a: Karen|Protect|p1a: Karen\n|-singleturn|p1a: Karen|Protect\n|move|p2a: Rillaboom|Grassy Glide|p1a: Karen\n|-activate|p1a: Karen|move: Protect\n|\n|-heal|p2a: Rillaboom|94\/100|[from] Grassy Terrain\n|-heal|p2a: Rillaboom|99\/100|[from] item: Leftovers\n|-heal|p1a: Karen|45\/100|[from] Grassy Terrain\n|-heal|p1a: Karen|51\/100|[from] item: Leftovers\n|upkeep\n|turn|27\n|\n|t:|1663194608\n|switch|p1a: Personal toy|Pyukumuku, M|100\/100\n|-damage|p1a: Personal toy|88\/100|[from] Stealth Rock\n|move|p2a: Rillaboom|Grassy Glide|p1a: Personal toy\n|-supereffective|p1a: Personal toy\n|-crit|p1a: Personal toy\n|-damage|p1a: Personal toy|0 fnt\n|-damage|p2a: Rillaboom|31\/100|[from] ability: Innards Out|[of] p1a: Personal toy\n|-damage|p2a: Rillaboom|15\/100|[from] item: Rocky Helmet|[of] p1a: Personal toy\n|faint|p1a: Personal toy\n|\n|-heal|p2a: Rillaboom|21\/100|[from] Grassy Terrain\n|-heal|p2a: Rillaboom|27\/100|[from] item: Leftovers\n|upkeep\n|\n|t:|1663194610\n|switch|p1a: Chica|Salazzle, F|100\/100\n|-damage|p1a: Chica|75\/100|[from] Stealth Rock\n|turn|28\n|\n|t:|1663194631\n|switch|p2a: Slowking|Slowking-Galar, M|66\/100\n|-damage|p2a: Slowking|53\/100|[from] Stealth Rock\n|move|p1a: Chica|Flamethrower|p2a: Slowking\n|-damage|p2a: Slowking|38\/100\n|\n|-heal|p1a: Chica|82\/100|[from] Grassy Terrain\n|-heal|p2a: Slowking|45\/100|[from] Grassy Terrain\n|upkeep\n|turn|29\n|\n|t:|1663194639\n|move|p1a: Chica|Toxic|p2a: Slowking\n|-status|p2a: Slowking|tox\n|move|p2a: Slowking|Scald|p1a: Chica\n|-supereffective|p1a: Chica\n|-damage|p1a: Chica|17\/100\n|\n|-heal|p1a: Chica|23\/100|[from] Grassy Terrain\n|-heal|p2a: Slowking|51\/100 tox|[from] Grassy Terrain\n|-damage|p2a: Slowking|45\/100 tox|[from] psn\n|upkeep\n|turn|30\n|\n|t:|1663194644\n|move|p1a: Chica|Protect|p1a: Chica\n|-singleturn|p1a: Chica|Protect\n|move|p2a: Slowking|Scald|p1a: Chica\n|-activate|p1a: Chica|move: Protect\n|\n|-heal|p1a: Chica|29\/100|[from] Grassy Terrain\n|-heal|p2a: Slowking|51\/100 tox|[from] Grassy Terrain\n|-damage|p2a: Slowking|38\/100 tox|[from] psn\n|-fieldend|move: Grassy Terrain\n|upkeep\n|turn|31\n|\n|t:|1663194649\n|switch|p1a: Gastrodon|Gastrodon, M|100\/100\n|-damage|p1a: Gastrodon|94\/100|[from] Stealth Rock\n|move|p2a: Slowking|Scald|p1a: Gastrodon\n|-ability|p1a: Gastrodon|Storm Drain|boost\n|-boost|p1a: Gastrodon|spa|1\n|\n|-damage|p2a: Slowking|20\/100 tox|[from] psn\n|upkeep\n|turn|32\n|\n|t:|1663194653\n|move|p1a: Gastrodon|Infestation|p2a: Slowking\n|-damage|p2a: Slowking|17\/100 tox\n|-activate|p2a: Slowking|move: Infestation|[of] p1a: Gastrodon\n|move|p2a: Slowking|Future Sight|p1a: Gastrodon\n|-start|p2a: Slowking|move: Future Sight\n|\n|-damage|p2a: Slowking|0 fnt|[from] psn\n|faint|p2a: Slowking\n|upkeep\n|\n|t:|1663194656\n|switch|p2a: Rillaboom|Rillaboom, M|27\/100\n|-damage|p2a: Rillaboom|15\/100|[from] Stealth Rock\n|-fieldstart|move: Grassy Terrain|[from] ability: Grassy Surge|[of] p2a: Rillaboom\n|turn|33\n|\n|t:|1663194666\n|move|p2a: Rillaboom|Grassy Glide|p1a: Gastrodon\n|-supereffective|p1a: Gastrodon\n|-damage|p1a: Gastrodon|0 fnt\n|faint|p1a: Gastrodon\n|\n|-heal|p2a: Rillaboom|21\/100|[from] Grassy Terrain\n|-heal|p2a: Rillaboom|27\/100|[from] item: Leftovers\n|upkeep\n|\n|t:|1663194668\n|switch|p1a: Chica|Salazzle, F|29\/100\n|-damage|p1a: Chica|4\/100|[from] Stealth Rock\n|turn|34\n|\n|t:|1663194678\n|move|p1a: Chica|Protect|p1a: Chica\n|-singleturn|p1a: Chica|Protect\n|move|p2a: Rillaboom|Grassy Glide|p1a: Chica\n|-activate|p1a: Chica|move: Protect\n|\n|-end|p1a: Chica|move: Future Sight\n|-supereffective|p1a: Chica\n|-damage|p1a: Chica|0 fnt\n|faint|p1a: Chica\n|-heal|p2a: Rillaboom|33\/100|[from] Grassy Terrain\n|-heal|p2a: Rillaboom|39\/100|[from] item: Leftovers\n|upkeep\n|\n|t:|1663194681\n|switch|p1a: Karen|Hatterene, F|51\/100\n|-damage|p1a: Karen|39\/100|[from] Stealth Rock\n|turn|35\n|\n|t:|1663194683\n|move|p2a: Rillaboom|Grassy Glide|p1a: Karen\n|-damage|p1a: Karen|0 fnt\n|faint|p1a: Karen\n|\n|-heal|p2a: Rillaboom|45\/100|[from] Grassy Terrain\n|-heal|p2a: Rillaboom|51\/100|[from] item: Leftovers\n|upkeep\n|\n|t:|1663194686\n|switch|p1a: Macho|Mudsdale, M|50\/100\n|-damage|p1a: Macho|44\/100|[from] Stealth Rock\n|turn|36\n|\n|t:|1663194687\n|move|p2a: Rillaboom|Grassy Glide|p1a: Macho\n|-supereffective|p1a: Macho\n|-damage|p1a: Macho|0 fnt\n|faint|p1a: Macho\n|\n|win|himynametay\n|raw|Toxichica's rating: 1474 &rarr; <strong>1456<\/strong><br \/>(-18 for losing)\n|raw|himynametay's rating: 1511 &rarr; <strong>1529<\/strong><br \/>(+18 for winning)\n|l|\u2606Toxichica\n","uploadtime":1663194691,"views":19,"p1id":"toxichica","p2id":"himynametay","formatid":"gen8ou","rating":1456,"private":0,"password":null}