{"id":"gen8monotype-1528078126","p1":"DreamPrince","p2":"Arcangel666","format":"gen8monotype","log":"|j|\u2606DreamPrince\n|j|\u2606Arcangel666\n|t:|1646957282\n|gametype|singles\n|player|p1|DreamPrince|falkner|1631\n|player|p2|Arcangel666|grimsley|1485\n|teamsize|p1|6\n|teamsize|p2|6\n|gen|8\n|tier|[Gen 8] Monotype\n|rated|\n|rule|Same Type Clause: Pok\u00e9mon in a team must share a type\n|rule|Sleep Clause Mod: Limit one foe put to sleep\n|rule|Species Clause: Limit one of each Pok\u00e9mon\n|rule|OHKO Clause: OHKO moves are banned\n|rule|Evasion Moves Clause: Evasion moves are banned\n|rule|Endless Battle Clause: Forcing endless battles is banned\n|rule|HP Percentage Mod: HP is shown in percentages\n|rule|Dynamax Clause: You cannot dynamax\n|clearpoke\n|poke|p1|Froslass, F|\n|poke|p1|Runerigus, M|\n|poke|p1|Mimikyu, M|\n|poke|p1|Spectrier|\n|poke|p1|Dragapult, F|\n|poke|p1|Gengar, M|\n|poke|p2|Bisharp, M|\n|poke|p2|Grimmsnarl, M|\n|poke|p2|Hydreigon, M|\n|poke|p2|Scrafty, M|\n|poke|p2|Sableye, M|\n|poke|p2|Moltres-Galar|\n|teampreview\n|\n|t:|1646957307\n|start\n|switch|p1a: Gengar|Gengar, M|100\/100\n|switch|p2a: Sableye|Sableye, M|100\/100\n|turn|1\n|\n|t:|1646957315\n|switch|p2a: Scrafty|Scrafty, M|100\/100\n|move|p1a: Gengar|Shadow Ball|p2a: Scrafty\n|-resisted|p2a: Scrafty\n|-damage|p2a: Scrafty|83\/100\n|-unboost|p2a: Scrafty|spd|1\n|-damage|p1a: Gengar|91\/100|[from] item: Life Orb\n|\n|-heal|p2a: Scrafty|89\/100|[from] item: Leftovers\n|upkeep\n|turn|2\n|inactive|Battle timer is ON: inactive players will automatically lose when time's up. (requested by Arcangel666)\n|inactive|DreamPrince has 120 seconds left.\n|\n|t:|1646957410\n|move|p1a: Gengar|Focus Blast|p2a: Scrafty\n|-supereffective|p2a: Scrafty\n|-damage|p2a: Scrafty|0 fnt\n|faint|p2a: Scrafty\n|-damage|p1a: Gengar|81\/100|[from] item: Life Orb\n|\n|upkeep\n|\n|t:|1646957416\n|switch|p2a: Grimmsnarl|Grimmsnarl, M, shiny|100\/100\n|turn|3\n|\n|t:|1646957419\n|move|p2a: Grimmsnarl|Light Screen|p2a: Grimmsnarl\n|-sidestart|p2: Arcangel666|move: Light Screen\n|move|p1a: Gengar|Sludge Wave|p2a: Grimmsnarl\n|-supereffective|p2a: Grimmsnarl\n|-damage|p2a: Grimmsnarl|26\/100\n|-damage|p1a: Gengar|71\/100|[from] item: Life Orb\n|\n|upkeep\n|turn|4\n|\n|t:|1646957423\n|move|p2a: Grimmsnarl|Sucker Punch|p1a: Gengar\n|-supereffective|p1a: Gengar\n|-damage|p1a: Gengar|0 fnt\n|faint|p1a: Gengar\n|\n|upkeep\n|\n|t:|1646957428\n|switch|p1a: Runerigus|Runerigus, M|100\/100\n|turn|5\n|\n|t:|1646957435\n|move|p2a: Grimmsnarl|Reflect|p2a: Grimmsnarl\n|-sidestart|p2: Arcangel666|Reflect\n|move|p1a: Runerigus|Stealth Rock|p2a: Grimmsnarl\n|-sidestart|p2: Arcangel666|move: Stealth Rock\n|\n|upkeep\n|turn|6\n|inactive|DreamPrince has 120 seconds left.\n|\n|t:|1646957481\n|switch|p2a: Hydreigon|Hydreigon, M, shiny|100\/100\n|-damage|p2a: Hydreigon|88\/100|[from] Stealth Rock\n|move|p1a: Runerigus|Will-O-Wisp|p2a: Hydreigon\n|-status|p2a: Hydreigon|brn\n|\n|-heal|p2a: Hydreigon|94\/100 brn|[from] item: Leftovers\n|-damage|p2a: Hydreigon|88\/100 brn|[from] brn\n|upkeep\n|turn|7\n|\n|t:|1646957486\n|switch|p1a: Froslass|Froslass, F|100\/100\n|move|p2a: Hydreigon|Substitute|p2a: Hydreigon\n|-start|p2a: Hydreigon|Substitute\n|-damage|p2a: Hydreigon|63\/100 brn\n|\n|-heal|p2a: Hydreigon|69\/100 brn|[from] item: Leftovers\n|-damage|p2a: Hydreigon|63\/100 brn|[from] brn\n|upkeep\n|turn|8\n|\n|t:|1646957490\n|move|p1a: Froslass|Taunt|p2a: Hydreigon\n|-start|p2a: Hydreigon|move: Taunt\n|move|p2a: Hydreigon|Flamethrower|p1a: Froslass\n|-supereffective|p1a: Froslass\n|-damage|p1a: Froslass|1\/100\n|\n|-heal|p2a: Hydreigon|69\/100 brn|[from] item: Leftovers\n|-damage|p2a: Hydreigon|63\/100 brn|[from] brn\n|upkeep\n|turn|9\n|\n|t:|1646957493\n|move|p1a: Froslass|Destiny Bond|p1a: Froslass\n|-singlemove|p1a: Froslass|Destiny Bond\n|move|p2a: Hydreigon|Dark Pulse|p1a: Froslass\n|-supereffective|p1a: Froslass\n|-damage|p1a: Froslass|0 fnt\n|faint|p1a: Froslass\n|-activate|p1a: Froslass|move: Destiny Bond\n|faint|p2a: Hydreigon\n|\n|upkeep\n|\n|t:|1646957500\n|switch|p1a: Spectrier|Spectrier|100\/100\n|switch|p2a: Sableye|Sableye, M|100\/100\n|-damage|p2a: Sableye|88\/100|[from] Stealth Rock\n|turn|10\n|\n|t:|1646957504\n|switch|p1a: Runerigus|Runerigus, M|100\/100\n|move|p2a: Sableye|Foul Play|p1a: Runerigus\n|-supereffective|p1a: Runerigus\n|-damage|p1a: Runerigus|60\/100\n|-activate|p1a: Runerigus|ability: Wandering Spirit|Prankster|Wandering Spirit|[of] p2a: Sableye\n|\n|-heal|p1a: Runerigus|67\/100|[from] item: Leftovers\n|-sideend|p2: Arcangel666|move: Light Screen\n|upkeep\n|turn|11\n|\n|t:|1646957515\n|switch|p1a: Mimikyu|Mimikyu, M|100\/100\n|move|p2a: Sableye|Taunt|p1a: Mimikyu\n|-start|p1a: Mimikyu|move: Taunt\n|\n|upkeep\n|turn|12\n|\n|t:|1646957520\n|switch|p2a: Grimmsnarl|Grimmsnarl, M, shiny|26\/100\n|-damage|p2a: Grimmsnarl|14\/100|[from] Stealth Rock\n|move|p1a: Mimikyu|Play Rough|p2a: Grimmsnarl\n|-supereffective|p2a: Grimmsnarl\n|-damage|p2a: Grimmsnarl|0 fnt\n|faint|p2a: Grimmsnarl\n|-damage|p1a: Mimikyu|91\/100|[from] item: Life Orb\n|\n|-sideend|p2: Arcangel666|Reflect\n|upkeep\n|\n|t:|1646957522\n|switch|p2a: Sableye|Sableye, M|88\/100\n|-damage|p2a: Sableye|75\/100|[from] Stealth Rock\n|turn|13\n|\n|t:|1646957527\n|move|p2a: Sableye|Will-O-Wisp|p1a: Mimikyu|[miss]\n|-miss|p2a: Sableye|p1a: Mimikyu\n|move|p1a: Mimikyu|Play Rough|p2a: Sableye|[miss]\n|-miss|p1a: Mimikyu|p2a: Sableye\n|\n|-end|p1a: Mimikyu|move: Taunt\n|upkeep\n|turn|14\n|\n|t:|1646957530\n|move|p2a: Sableye|Will-O-Wisp|p1a: Mimikyu\n|-status|p1a: Mimikyu|brn\n|move|p1a: Mimikyu|Swords Dance|p1a: Mimikyu\n|-boost|p1a: Mimikyu|atk|2\n|\n|-damage|p1a: Mimikyu|85\/100 brn|[from] brn\n|upkeep\n|turn|15\n|\n|t:|1646957533\n|move|p1a: Mimikyu|Play Rough|p2a: Sableye\n|-supereffective|p2a: Sableye\n|-damage|p2a: Sableye|0 fnt\n|faint|p2a: Sableye\n|-damage|p1a: Mimikyu|75\/100 brn|[from] item: Life Orb\n|\n|-damage|p1a: Mimikyu|69\/100 brn|[from] brn\n|upkeep\n|\n|t:|1646957537\n|switch|p2a: Bisharp|Bisharp, M, shiny|100\/100\n|-damage|p2a: Bisharp|95\/100|[from] Stealth Rock\n|turn|16\n|inactive|DreamPrince has 120 seconds left.\n|inactive|DreamPrince has 90 seconds left.\n|\n|t:|1646957603\n|move|p1a: Mimikyu|Play Rough|p2a: Bisharp\n|-damage|p2a: Bisharp|47\/100\n|-damage|p1a: Mimikyu|59\/100 brn|[from] item: Life Orb\n|move|p2a: Bisharp|Knock Off|p1a: Mimikyu\n|-activate|p1a: Mimikyu|ability: Disguise\n|-damage|p1a: Mimikyu|59\/100 brn\n|-enditem|p1a: Mimikyu|Life Orb|[from] move: Knock Off|[of] p2a: Bisharp\n|detailschange|p1a: Mimikyu|Mimikyu-Busted, M\n|-damage|p1a: Mimikyu|46\/100 brn|[from] pokemon: Mimikyu-Busted\n|\n|-damage|p1a: Mimikyu|40\/100 brn|[from] brn\n|upkeep\n|turn|17\n|inactive|DreamPrince has 90 seconds left.\n|\n|t:|1646957613\n|move|p1a: Mimikyu|Play Rough|p2a: Bisharp|[miss]\n|-miss|p1a: Mimikyu|p2a: Bisharp\n|move|p2a: Bisharp|Knock Off|p1a: Mimikyu\n|-damage|p1a: Mimikyu|0 fnt\n|faint|p1a: Mimikyu\n|\n|upkeep\n|\n|t:|1646957616\n|switch|p1a: Dragapult|Dragapult, F|100\/100\n|turn|18\n|\n|t:|1646957620\n|move|p1a: Dragapult|Disable|p2a: Bisharp\n|-start|p2a: Bisharp|Disable|Knock Off\n|cant|p2a: Bisharp|Disable|Knock Off\n|\n|upkeep\n|turn|19\n|\n|t:|1646957625\n|switch|p1a: Runerigus|Runerigus, M|67\/100\n|move|p2a: Bisharp|Iron Head|p1a: Runerigus\n|-damage|p1a: Runerigus|41\/100\n|-activate|p1a: Runerigus|ability: Wandering Spirit|Defiant|Wandering Spirit|[of] p2a: Bisharp\n|\n|-heal|p1a: Runerigus|48\/100|[from] item: Leftovers\n|upkeep\n|turn|20\n|\n|t:|1646957631\n|move|p2a: Bisharp|Iron Head|p1a: Runerigus\n|-damage|p1a: Runerigus|20\/100\n|move|p1a: Runerigus|Will-O-Wisp|p2a: Bisharp\n|-status|p2a: Bisharp|brn\n|\n|-heal|p1a: Runerigus|26\/100|[from] item: Leftovers\n|-damage|p2a: Bisharp|41\/100 brn|[from] brn\n|upkeep\n|turn|21\n|\n|t:|1646957635\n|switch|p2a: Moltres|Moltres-Galar|100\/100\n|-damage|p2a: Moltres|76\/100|[from] Stealth Rock\n|switch|p1a: Dragapult|Dragapult, F|100\/100\n|\n|upkeep\n|turn|22\n|\n|t:|1646957640\n|move|p1a: Dragapult|Substitute|p1a: Dragapult\n|-start|p1a: Dragapult|Substitute\n|-damage|p1a: Dragapult|76\/100\n|move|p2a: Moltres|Agility|p2a: Moltres\n|-boost|p2a: Moltres|spe|2\n|\n|-heal|p1a: Dragapult|82\/100|[from] item: Leftovers\n|upkeep\n|turn|23\n|\n|t:|1646957646\n|move|p2a: Moltres|Air Slash|p1a: Dragapult\n|-end|p1a: Dragapult|Substitute\n|move|p1a: Dragapult|Dragon Dance|p1a: Dragapult\n|-boost|p1a: Dragapult|atk|1\n|-boost|p1a: Dragapult|spe|1\n|\n|-heal|p1a: Dragapult|88\/100|[from] item: Leftovers\n|upkeep\n|turn|24\n|\n|t:|1646957657\n|move|p1a: Dragapult|Dragon Darts|p2a: Moltres\n|-damage|p2a: Moltres|29\/100\n|-anim|p1a: Dragapult|Dragon Darts|p2a: Moltres\n|-damage|p2a: Moltres|0 fnt\n|faint|p2a: Moltres\n|\n|-heal|p1a: Dragapult|94\/100|[from] item: Leftovers\n|upkeep\n|\n|t:|1646957661\n|switch|p2a: Bisharp|Bisharp, M, shiny|41\/100 brn\n|-damage|p2a: Bisharp|35\/100 brn|[from] Stealth Rock\n|turn|25\n|\n|t:|1646957664\n|move|p1a: Dragapult|Substitute|p1a: Dragapult\n|-start|p1a: Dragapult|Substitute\n|-damage|p1a: Dragapult|69\/100\n|move|p2a: Bisharp|Knock Off|p1a: Dragapult\n|-supereffective|p1a: Dragapult\n|-end|p1a: Dragapult|Substitute\n|\n|-heal|p1a: Dragapult|75\/100|[from] item: Leftovers\n|-damage|p2a: Bisharp|29\/100 brn|[from] brn\n|upkeep\n|turn|26\n|\n|t:|1646957666\n|move|p1a: Dragapult|Disable|p2a: Bisharp\n|-start|p2a: Bisharp|Disable|Knock Off\n|cant|p2a: Bisharp|Disable|Knock Off\n|\n|-heal|p1a: Dragapult|81\/100|[from] item: Leftovers\n|-damage|p2a: Bisharp|23\/100 brn|[from] brn\n|upkeep\n|turn|27\n|\n|t:|1646957670\n|move|p2a: Bisharp|Sucker Punch||[still]\n|-fail|p2a: Bisharp\n|move|p1a: Dragapult|Substitute|p1a: Dragapult\n|-start|p1a: Dragapult|Substitute\n|-damage|p1a: Dragapult|56\/100\n|\n|-heal|p1a: Dragapult|62\/100|[from] item: Leftovers\n|-damage|p2a: Bisharp|17\/100 brn|[from] brn\n|upkeep\n|turn|28\n|\n|t:|1646957674\n|move|p1a: Dragapult|Dragon Darts|p2a: Bisharp\n|-resisted|p2a: Bisharp\n|-damage|p2a: Bisharp|0 fnt\n|faint|p2a: Bisharp\n|\n|win|DreamPrince\n|raw|DreamPrince's rating: 1655 &rarr; <strong>1666<\/strong><br \/>(+11 for winning)\n|raw|Arcangel666's rating: 1485 &rarr; <strong>1474<\/strong><br \/>(-11 for losing)\n|l|\u2606Arcangel666\n","uploadtime":1646957679,"views":19,"p1id":"dreamprince","p2id":"arcangel666","formatid":"gen8monotype","rating":1474,"private":0,"password":null}