{"id":"gen8ou-1567937235","p1":"d18l","p2":"andrewm0n","format":"gen8ou","log":"|j|\u2606d18l\n|j|\u2606andrewm0n\n|t:|1651716096\n|gametype|singles\n|player|p1|d18l|backpacker|1694\n|player|p2|andrewm0n|101|1635\n|teamsize|p1|6\n|teamsize|p2|6\n|gen|8\n|tier|[Gen 8] OU\n|rated|\n|rule|Sleep Clause Mod: Limit one foe put to sleep\n|rule|Species Clause: Limit one of each Pok\u00e9mon\n|rule|OHKO Clause: OHKO moves are banned\n|rule|Evasion Moves Clause: Evasion moves are banned\n|rule|Endless Battle Clause: Forcing endless battles is banned\n|rule|HP Percentage Mod: HP is shown in percentages\n|rule|Dynamax Clause: You cannot dynamax\n|clearpoke\n|poke|p1|Tornadus-Therian, M|\n|poke|p1|Slowbro, F|\n|poke|p1|Excadrill, F|\n|poke|p1|Ferrothorn, F|\n|poke|p1|Tyranitar, M|\n|poke|p1|Nidoking, M|\n|poke|p2|Zoroark, M|\n|poke|p2|Seismitoad, M|\n|poke|p2|Slowbro-Galar, M|\n|poke|p2|Clefable, F|\n|poke|p2|Corviknight, M|\n|poke|p2|Blaziken, M|\n|teampreview\n|inactive|Battle timer is ON: inactive players will automatically lose when time's up. (requested by andrewm0n)\n|j| GGeorgie\u25d5\u203f\u25d5\n|j| ecall\n|inactive|d18l has 120 seconds left.\n|j| hyttyt\n|j| UnzipsCrogre\n|j|+Ox the Fox\n|j| guttyexe\n|j| Briks\n|l| Briks\n|j| f65701\n|inactive|d18l has 90 seconds left.\n|\n|t:|1651716157\n|start\n|switch|p1a: Tornadus|Tornadus-Therian, M|100\/100\n|switch|p2a: Blaziken|Blaziken, M|100\/100\n|turn|1\n|c| UnzipsCrogre|yea lead nidoking and sack it to the zoroark.\n|j| Iwatchu\u25c9\u203f\u25c9\n|\n|t:|1651716182\n|switch|p2a: Corviknight|Corviknight, M|100\/100\n|-ability|p2a: Corviknight|Pressure\n|move|p1a: Tornadus|Toxic|p2a: Corviknight|[miss]\n|-miss|p1a: Tornadus|p2a: Corviknight\n|\n|upkeep\n|turn|2\n|\n|t:|1651716188\n|move|p1a: Tornadus|Knock Off|p2a: Corviknight\n|-damage|p2a: Corviknight|86\/100\n|-damage|p1a: Tornadus|84\/100|[from] item: Rocky Helmet|[of] p2a: Corviknight\n|-enditem|p2a: Corviknight|Rocky Helmet|[from] move: Knock Off|[of] p1a: Tornadus\n|move|p2a: Corviknight|U-turn|p1a: Tornadus\n|-resisted|p1a: Tornadus\n|-damage|p1a: Tornadus|76\/100\n|\n|t:|1651716191\n|switch|p2a: Blaziken|Blaziken, M|100\/100|[from]move: U-turn\n|\n|upkeep\n|turn|3\n|\n|t:|1651716203\n|switch|p2a: Corviknight|Corviknight, M|86\/100\n|-ability|p2a: Corviknight|Pressure\n|move|p1a: Tornadus|U-turn|p2a: Corviknight\n|-resisted|p2a: Corviknight\n|-damage|p2a: Corviknight|83\/100\n|j| vitorstormxyz\n|\n|t:|1651716208\n|switch|p1a: Nidoking|Nidoking, M|100\/100|[from]move: U-turn\n|\n|upkeep\n|turn|4\n|\n|t:|1651716210\n|move|p1a: Nidoking|Flamethrower|p2a: Corviknight\n|-supereffective|p2a: Corviknight\n|-damage|p2a: Corviknight|21\/100\n|move|p2a: Corviknight|Brave Bird|p1a: Nidoking\n|-damage|p1a: Nidoking|53\/100\n|-damage|p2a: Corviknight|9\/100|[from] Recoil\n|\n|upkeep\n|turn|5\n|\n|t:|1651716216\n|move|p1a: Nidoking|Flamethrower|p2a: Corviknight\n|-supereffective|p2a: Corviknight\n|-damage|p2a: Corviknight|0 fnt\n|faint|p2a: Corviknight\n|\n|upkeep\n|j| DivineRuinz\n|j| Gvai\n|\n|t:|1651716234\n|switch|p2a: Blaziken|Blaziken, M|100\/100\n|turn|6\n|\n|t:|1651716248\n|switch|p1a: Slowbro|Slowbro, F|100\/100\n|move|p2a: Blaziken|Dark Pulse|p1a: Slowbro\n|-supereffective|p1a: Slowbro\n|-crit|p1a: Slowbro\n|-damage|p1a: Slowbro|0 fnt\n|faint|p1a: Slowbro\n|\n|upkeep\n|j| SmackPackt\n|l| f65701\n|\n|t:|1651716265\n|switch|p1a: Tyranitar|Tyranitar, M|100\/100\n|-weather|Sandstorm|[from] ability: Sand Stream|[of] p1a: Tyranitar\n|turn|7\n|\n|t:|1651716283\n|switch|p2a: Clefable|Clefable, F|100\/100\n|switch|p1a: Tornadus|Tornadus-Therian, M|100\/100\n|\n|-weather|Sandstorm|[upkeep]\n|-damage|p1a: Tornadus|94\/100|[from] Sandstorm\n|-damage|p2a: Clefable|94\/100|[from] Sandstorm\n|-heal|p2a: Clefable|100\/100|[from] item: Leftovers\n|upkeep\n|turn|8\n|inactive|d18l has 120 seconds left.\n|\n|t:|1651716305\n|move|p1a: Tornadus|U-turn|p2a: Clefable\n|-resisted|p2a: Clefable\n|-damage|p2a: Clefable|95\/100\n|\n|t:|1651716306\n|switch|p1a: Excadrill|Excadrill, F|100\/100|[from]move: U-turn\n|move|p2a: Clefable|Moonblast|p1a: Excadrill\n|-resisted|p1a: Excadrill\n|-damage|p1a: Excadrill|80\/100\n|-unboost|p1a: Excadrill|spa|1\n|\n|-weather|Sandstorm|[upkeep]\n|-damage|p2a: Clefable|89\/100|[from] Sandstorm\n|-heal|p1a: Excadrill|86\/100|[from] item: Leftovers\n|-heal|p2a: Clefable|95\/100|[from] item: Leftovers\n|upkeep\n|turn|9\n|\n|t:|1651716315\n|switch|p2a: Seismitoad|Seismitoad, M|100\/100\n|move|p1a: Excadrill|Earthquake|p2a: Seismitoad\n|-damage|p2a: Seismitoad|60\/100\n|\n|-weather|Sandstorm|[upkeep]\n|-heal|p1a: Excadrill|92\/100|[from] item: Leftovers\n|-heal|p2a: Seismitoad|66\/100|[from] item: Leftovers\n|upkeep\n|turn|10\n|\n|t:|1651716321\n|switch|p1a: Ferrothorn|Ferrothorn, F|100\/100\n|move|p2a: Seismitoad|Earth Power|p1a: Ferrothorn\n|-damage|p1a: Ferrothorn|77\/100\n|\n|-weather|Sandstorm|[upkeep]\n|-heal|p2a: Seismitoad|72\/100|[from] item: Leftovers\n|-heal|p1a: Ferrothorn|83\/100|[from] item: Leftovers\n|upkeep\n|turn|11\n|\n|t:|1651716325\n|move|p2a: Seismitoad|Stealth Rock|p1a: Ferrothorn\n|-sidestart|p1: d18l|move: Stealth Rock\n|move|p1a: Ferrothorn|Spikes|p2a: Seismitoad\n|-sidestart|p2: andrewm0n|Spikes\n|\n|-weather|none\n|-heal|p2a: Seismitoad|79\/100|[from] item: Leftovers\n|-heal|p1a: Ferrothorn|89\/100|[from] item: Leftovers\n|upkeep\n|turn|12\n|\n|t:|1651716337\n|switch|p2a: Blaziken|Blaziken, M|100\/100\n|-damage|p2a: Blaziken|88\/100|[from] Spikes\n|move|p1a: Ferrothorn|Spikes|p2a: Blaziken\n|-sidestart|p2: andrewm0n|Spikes\n|\n|-heal|p2a: Blaziken|94\/100|[from] item: Leftovers\n|-heal|p1a: Ferrothorn|95\/100|[from] item: Leftovers\n|upkeep\n|turn|13\n|j| Will0123\n|inactive|d18l has 120 seconds left.\n|j| joey milktank\n|l| Will0123\n|inactive|d18l has 90 seconds left.\n|\n|t:|1651716408\n|switch|p1a: Tyranitar|Tyranitar, M|100\/100\n|-damage|p1a: Tyranitar|88\/100|[from] Stealth Rock\n|-weather|Sandstorm|[from] ability: Sand Stream|[of] p1a: Tyranitar\n|move|p2a: Blaziken|Swords Dance|p2a: Blaziken\n|-boost|p2a: Blaziken|atk|2\n|\n|-weather|Sandstorm|[upkeep]\n|-damage|p2a: Blaziken|88\/100|[from] Sandstorm\n|-heal|p2a: Blaziken|94\/100|[from] item: Leftovers\n|-heal|p1a: Tyranitar|94\/100|[from] item: Leftovers\n|-ability|p2a: Blaziken|Speed Boost|boost\n|-boost|p2a: Blaziken|spe|1\n|upkeep\n|turn|14\n|\n|t:|1651716411\n|move|p2a: Blaziken|Protect|p2a: Blaziken\n|-singleturn|p2a: Blaziken|Protect\n|move|p1a: Tyranitar|Earthquake|p2a: Blaziken\n|-activate|p2a: Blaziken|move: Protect\n|\n|-weather|Sandstorm|[upkeep]\n|-damage|p2a: Blaziken|88\/100|[from] Sandstorm\n|-heal|p2a: Blaziken|94\/100|[from] item: Leftovers\n|-heal|p1a: Tyranitar|100\/100|[from] item: Leftovers\n|-ability|p2a: Blaziken|Speed Boost|boost\n|-boost|p2a: Blaziken|spe|1\n|upkeep\n|turn|15\n|inactive|d18l has 90 seconds left.\n|-message|d18l forfeited.\n|\n|win|andrewm0n\n|raw|d18l's rating: 1694 &rarr; <strong>1671<\/strong><br \/>(-23 for losing)\n|raw|andrewm0n's rating: 1635 &rarr; <strong>1658<\/strong><br \/>(+23 for winning)\n|j| ppev\n","uploadtime":1651716429,"views":44,"p1id":"d18l","p2id":"andrewm0n","formatid":"gen8ou","rating":1658,"private":0,"password":null}