{"id":"gen8balancedhackmons-1090596450","p1":"BaddyGames","p2":"Disposable Alt C-1","format":"gen8balancedhackmons","log":"|j|\u2606BaddyGames\n|j|\u2606Disposable Alt C-1\n|player|p1|BaddyGames|275|1347\n|player|p2|Disposable Alt C-1|cheryl|1183\n|teamsize|p1|6\n|teamsize|p2|6\n|gametype|singles\n|gen|8\n|tier|[Gen 8] Balanced Hackmons\n|rated|\n|rule|OHKO Clause: OHKO moves are banned\n|rule|Evasion Moves Clause: Evasion moves are banned\n|rule|Forme Clause: Limit one of each forme of a Pok\u00e9mon\n|clearpoke\n|poke|p1|Virizion|\n|poke|p1|Kyurem-Black|\n|poke|p1|Dragapult, M|\n|poke|p1|Darmanitan-Galar-Zen, M|\n|poke|p1|Melmetal|\n|poke|p1|Munchlax, M|\n|poke|p2|Zekrom|\n|poke|p2|Melmetal|\n|poke|p2|Reshiram|\n|poke|p2|Eternatus|\n|poke|p2|Umbreon, M|\n|poke|p2|Mandibuzz, F|\n|rule|HP Percentage Mod: HP is shown in percentages\n|rule|Sleep Clause Mod: Limit one foe put to sleep\n|rule|Endless Battle Clause: Forcing endless battles is banned\n|teampreview\n|\n|start\n|switch|p1a: Melmetal|Melmetal|100\/100\n|switch|p2a: makin' my way|Zekrom|100\/100\n|turn|1\n|\n|move|p1a: Melmetal|Substitute|p1a: Melmetal\n|-start|p1a: Melmetal|Substitute\n|-damage|p1a: Melmetal|76\/100\n|move|p2a: makin' my way|Spore||[still]\n|-fail|p2a: makin' my way\n|\n|-heal|p1a: Melmetal|82\/100|[from] item: Leftovers\n|upkeep\n|turn|2\n|inactive|Battle timer is ON: inactive players will automatically lose when time's up. (requested by BaddyGames)\n|\n|move|p1a: Melmetal|Swords Dance|p1a: Melmetal\n|-boost|p1a: Melmetal|atk|2\n|move|p2a: makin' my way|Bolt Beak|p1a: Melmetal\n|-end|p1a: Melmetal|Substitute\n|\n|-heal|p1a: Melmetal|88\/100|[from] item: Leftovers\n|upkeep\n|turn|3\n|\n|switch|p2a: faces pass and|Eternatus|100\/100\n|move|p1a: Melmetal|Substitute|p1a: Melmetal\n|-start|p1a: Melmetal|Substitute\n|-damage|p1a: Melmetal|63\/100\n|\n|-heal|p1a: Melmetal|69\/100|[from] item: Leftovers\n|upkeep\n|turn|4\n|\n|move|p1a: Melmetal|Baton Pass|p1a: Melmetal\n|\n|switch|p1a: Kyurem|Kyurem-Black|100\/100|[from]move: Baton Pass\n|move|p2a: faces pass and|Spectral Thief||[still]\n|-clearpositiveboost|p1a: Kyurem|p2a: faces pass and|move: Spectral Thief\n|-boost|p2a: faces pass and|atk|2\n|-anim|p2a: faces pass and|Spectral Thief|p1a: Kyurem\n|-damage|p1a: Kyurem|80\/100\n|\n|upkeep\n|turn|5\n|\n|move|p1a: Kyurem|Fake Out|p2a: faces pass and\n|-supereffective|p2a: faces pass and\n|-damage|p2a: faces pass and|80\/100\n|cant|p2a: faces pass and|flinch\n|\n|-heal|p2a: faces pass and|86\/100|[from] item: Black Sludge\n|upkeep\n|turn|6\n|\n|switch|p2a: downtown|Melmetal|100\/100\n|move|p1a: Kyurem|Body Slam|p2a: downtown\n|-resisted|p2a: downtown\n|-damage|p2a: downtown|83\/100\n|-status|p2a: downtown|par\n|\n|upkeep\n|turn|7\n|\n|switch|p1a: Melmetal|Melmetal|69\/100\n|move|p2a: downtown|Anchor Shot|p1a: Melmetal\n|-resisted|p1a: Melmetal\n|-damage|p1a: Melmetal|59\/100\n|-activate|p1a: Melmetal|trapped\n|\n|-heal|p1a: Melmetal|65\/100|[from] item: Leftovers\n|upkeep\n|turn|8\n|\n|switch|p2a: faces pass and|Eternatus|86\/100\n|move|p1a: Melmetal|Substitute|p1a: Melmetal\n|-start|p1a: Melmetal|Substitute\n|-damage|p1a: Melmetal|40\/100\n|\n|-heal|p2a: faces pass and|93\/100|[from] item: Black Sludge\n|-heal|p1a: Melmetal|46\/100|[from] item: Leftovers\n|upkeep\n|turn|9\n|\n|move|p1a: Melmetal|Swords Dance|p1a: Melmetal\n|-boost|p1a: Melmetal|atk|2\n|move|p2a: faces pass and|Earth Power|p1a: Melmetal\n|-supereffective|p1a: Melmetal\n|-end|p1a: Melmetal|Substitute\n|\n|-heal|p2a: faces pass and|99\/100|[from] item: Black Sludge\n|-heal|p1a: Melmetal|52\/100|[from] item: Leftovers\n|upkeep\n|turn|10\n|\n|move|p1a: Melmetal|Baton Pass|p1a: Melmetal\n|\n|switch|p1a: Kyurem|Kyurem-Black|80\/100|[from]move: Baton Pass\n|move|p2a: faces pass and|Spectral Thief||[still]\n|-clearpositiveboost|p1a: Kyurem|p2a: faces pass and|move: Spectral Thief\n|-boost|p2a: faces pass and|atk|2\n|-anim|p2a: faces pass and|Spectral Thief|p1a: Kyurem\n|-damage|p1a: Kyurem|61\/100\n|\n|-heal|p2a: faces pass and|100\/100|[from] item: Black Sludge\n|upkeep\n|turn|11\n|\n|switch|p2a: downtown|Melmetal|83\/100 par\n|move|p1a: Kyurem|Fake Out|p2a: downtown\n|-resisted|p2a: downtown\n|-crit|p2a: downtown\n|-damage|p2a: downtown|70\/100 par\n|\n|upkeep\n|turn|12\n|\n|switch|p1a: Virizion|Virizion|100\/100\n|move|p2a: downtown|Stealth Rock|p1a: Virizion\n|-sidestart|p1: BaddyGames|move: Stealth Rock\n|\n|upkeep\n|turn|13\n|\n|switch|p2a: I'm homebound|Umbreon, M|100\/100\n|move|p1a: Virizion|Swords Dance|p1a: Virizion\n|-boost|p1a: Virizion|atk|2\n|\n|upkeep\n|turn|14\n|\n|switch|p2a: faces pass and|Eternatus|100\/100\n|move|p1a: Virizion|Swords Dance|p1a: Virizion\n|-boost|p1a: Virizion|atk|2\n|\n|upkeep\n|turn|15\n|\n|move|p1a: Virizion|Drain Punch|p2a: faces pass and\n|-resisted|p2a: faces pass and\n|-damage|p2a: faces pass and|85\/100\n|-damage|p1a: Virizion|91\/100|[from] item: Life Orb\n|move|p2a: faces pass and|Spectral Thief||[still]\n|-clearpositiveboost|p1a: Virizion|p2a: faces pass and|move: Spectral Thief\n|-boost|p2a: faces pass and|atk|4\n|-anim|p2a: faces pass and|Spectral Thief|p1a: Virizion\n|-damage|p1a: Virizion|51\/100\n|\n|-heal|p2a: faces pass and|91\/100|[from] item: Black Sludge\n|upkeep\n|turn|16\n|\n|move|p2a: faces pass and|Spectral Thief|p1a: Virizion\n|-damage|p1a: Virizion|6\/100\n|move|p1a: Virizion|Swords Dance|p1a: Virizion\n|-boost|p1a: Virizion|atk|2\n|\n|-heal|p2a: faces pass and|98\/100|[from] item: Black Sludge\n|upkeep\n|turn|17\n|\n|move|p1a: Virizion|Drain Punch|p2a: faces pass and\n|-resisted|p2a: faces pass and\n|-damage|p2a: faces pass and|87\/100\n|-heal|p1a: Virizion|13\/100|[from] drain|[of] p2a: faces pass and\n|-damage|p1a: Virizion|3\/100|[from] item: Life Orb\n|move|p2a: faces pass and|Spectral Thief||[still]\n|-clearpositiveboost|p1a: Virizion|p2a: faces pass and|move: Spectral Thief\n|-boost|p2a: faces pass and|atk|2\n|-anim|p2a: faces pass and|Spectral Thief|p1a: Virizion\n|-damage|p1a: Virizion|0 fnt\n|faint|p1a: Virizion\n|\n|-heal|p2a: faces pass and|93\/100|[from] item: Black Sludge\n|upkeep\n|\n|switch|p1a: Munchlax|Munchlax, M|100\/100\n|-damage|p1a: Munchlax|88\/100|[from] Stealth Rock\n|-transform|p1a: Munchlax|p2a: faces pass and|[from] ability: Imposter\n|turn|18\n|\n|move|p1a: Munchlax|Earth Power|p2a: faces pass and\n|-supereffective|p2a: faces pass and\n|-damage|p2a: faces pass and|52\/100\n|move|p2a: faces pass and|Spectral Thief||[still]\n|-clearpositiveboost|p1a: Munchlax|p2a: faces pass and|move: Spectral Thief\n|-boost|p2a: faces pass and|atk|0\n|-anim|p2a: faces pass and|Spectral Thief|p1a: Munchlax\n|-damage|p1a: Munchlax|77\/100\n|\n|-heal|p2a: faces pass and|58\/100|[from] item: Black Sludge\n|upkeep\n|turn|19\n|\n|switch|p2a: I'm homebound|Umbreon, M|100\/100\n|move|p1a: Munchlax|Spectral Thief|p2a: I'm homebound\n|-resisted|p2a: I'm homebound\n|-damage|p2a: I'm homebound|95\/100\n|\n|-heal|p2a: I'm homebound|100\/100|[from] item: Leftovers\n|upkeep\n|turn|20\n|\n|move|p2a: I'm homebound|Nuzzle|p1a: Munchlax\n|-resisted|p1a: Munchlax\n|-damage|p1a: Munchlax|76\/100\n|-status|p1a: Munchlax|par\n|move|p1a: Munchlax|Teleport|p1a: Munchlax\n|\n|switch|p1a: Melmetal|Melmetal|52\/100|[from]move: Teleport\n|-damage|p1a: Melmetal|46\/100|[from] Stealth Rock\n|\n|-heal|p1a: Melmetal|52\/100|[from] item: Leftovers\n|upkeep\n|turn|21\n|\n|switch|p2a: faces pass and|Eternatus|58\/100\n|move|p1a: Melmetal|Substitute|p1a: Melmetal\n|-start|p1a: Melmetal|Substitute\n|-damage|p1a: Melmetal|28\/100\n|\n|-heal|p2a: faces pass and|64\/100|[from] item: Black Sludge\n|-heal|p1a: Melmetal|34\/100|[from] item: Leftovers\n|upkeep\n|turn|22\n|\n|move|p1a: Melmetal|Baton Pass|p1a: Melmetal\n|\n|switch|p1a: Darmanitan-Galar-Z|Darmanitan-Galar-Zen, M|100\/100|[from]move: Baton Pass\n|-damage|p1a: Darmanitan-Galar-Z|50\/100|[from] Stealth Rock\n|move|p2a: faces pass and|Earth Power|p1a: Darmanitan-Galar-Z\n|-supereffective|p1a: Darmanitan-Galar-Z\n|-end|p1a: Darmanitan-Galar-Z|Substitute\n|\n|-heal|p2a: faces pass and|70\/100|[from] item: Black Sludge\n|upkeep\n|turn|23\n|\n|move|p1a: Darmanitan-Galar-Z|Icicle Crash|p2a: faces pass and\n|-supereffective|p2a: faces pass and\n|-damage|p2a: faces pass and|42\/100\n|cant|p2a: faces pass and|flinch\n|\n|-heal|p2a: faces pass and|49\/100|[from] item: Black Sludge\n|upkeep\n|turn|24\n|\n|-start|p1a: Darmanitan-Galar-Z|Dynamax\n|-heal|p1a: Darmanitan-Galar-Z|50\/100|[silent]\n|move|p1a: Darmanitan-Galar-Z|Max Hailstorm|p2a: faces pass and\n|-supereffective|p2a: faces pass and\n|-crit|p2a: faces pass and\n|-damage|p2a: faces pass and|0 fnt\n|-weather|Hail\n|faint|p2a: faces pass and\n|\n|-weather|Hail|[upkeep]\n|upkeep\n|\n|switch|p2a: walkin' fast|Reshiram|100\/100\n|turn|25\n|\n|move|p1a: Darmanitan-Galar-Z|Max Hailstorm|p2a: walkin' fast\n|-damage|p2a: walkin' fast|73\/100\n|move|p2a: walkin' fast|Blue Flare|p1a: Darmanitan-Galar-Z\n|-damage|p1a: Darmanitan-Galar-Z|16\/100\n|\n|-weather|Hail|[upkeep]\n|-damage|p2a: walkin' fast|67\/100|[from] Hail\n|upkeep\n|turn|26\n|\n|move|p1a: Darmanitan-Galar-Z|Max Hailstorm|p2a: walkin' fast\n|-damage|p2a: walkin' fast|39\/100\n|move|p2a: walkin' fast|Dynamax Cannon|p1a: Darmanitan-Galar-Z\n|-damage|p1a: Darmanitan-Galar-Z|0 fnt\n|faint|p1a: Darmanitan-Galar-Z\n|\n|-weather|Hail|[upkeep]\n|-damage|p2a: walkin' fast|33\/100|[from] Hail\n|upkeep\n|\n|switch|p1a: Kyurem|Kyurem-Black|61\/100\n|-damage|p1a: Kyurem|36\/100|[from] Stealth Rock\n|turn|27\n|\n|switch|p2a: downtown|Melmetal|70\/100 par\n|move|p1a: Kyurem|Fake Out|p2a: downtown\n|-resisted|p2a: downtown\n|-damage|p2a: downtown|62\/100 par\n|\n|-weather|Hail|[upkeep]\n|upkeep\n|turn|28\n|\n|move|p1a: Kyurem|Rapid Spin|p2a: downtown\n|-resisted|p2a: downtown\n|-damage|p2a: downtown|52\/100 par\n|-boost|p1a: Kyurem|spe|1\n|-sideend|p1: BaddyGames|Stealth Rock|[from] move: Rapid Spin|[of] p1a: Kyurem\n|move|p2a: downtown|Anchor Shot|p1a: Kyurem\n|-supereffective|p1a: Kyurem\n|-damage|p1a: Kyurem|0 fnt\n|faint|p1a: Kyurem\n|\n|-weather|none\n|upkeep\n|\n|switch|p1a: Melmetal|Melmetal|34\/100\n|turn|29\n|\n|switch|p2a: makin' my way|Zekrom|100\/100\n|move|p1a: Melmetal|Substitute|p1a: Melmetal\n|-start|p1a: Melmetal|Substitute\n|-damage|p1a: Melmetal|9\/100\n|\n|-heal|p1a: Melmetal|15\/100|[from] item: Leftovers\n|upkeep\n|turn|30\n|\n|move|p1a: Melmetal|Baton Pass|p1a: Melmetal\n|\n|switch|p1a: Dragapult|Dragapult, M|100\/100|[from]move: Baton Pass\n|move|p2a: makin' my way|Multi-Attack|p1a: Dragapult\n|-supereffective|p1a: Dragapult\n|-crit|p1a: Dragapult\n|-end|p1a: Dragapult|Substitute\n|\n|upkeep\n|turn|31\n|\n|move|p1a: Dragapult|Entrainment|p2a: makin' my way\n|-endability|p2a: makin' my way|Adaptability|[from] move: Entrainment\n|-ability|p2a: makin' my way|Normalize|[from] move: Entrainment\n|move|p2a: makin' my way|Spore|p1a: Dragapult\n|-status|p1a: Dragapult|slp|[from] move: Spore\n|\n|upkeep\n|turn|32\n|\n|switch|p1a: Munchlax|Munchlax, M|76\/100 par\n|-transform|p1a: Munchlax|p2a: makin' my way|[from] ability: Imposter\n|move|p2a: makin' my way|Multi-Attack|p1a: Munchlax\n|-supereffective|p1a: Munchlax\n|-damage|p1a: Munchlax|29\/100 par\n|\n|upkeep\n|turn|33\n|\n|move|p2a: makin' my way|Multi-Attack|p1a: Munchlax\n|-supereffective|p1a: Munchlax\n|-damage|p1a: Munchlax|0 fnt\n|faint|p1a: Munchlax\n|\n|upkeep\n|\n|switch|p1a: Melmetal|Melmetal|15\/100\n|turn|34\n|inactive|Disposable Alt C-1 has 120 seconds left.\n|\n|move|p1a: Melmetal|Recover|p1a: Melmetal\n|-heal|p1a: Melmetal|65\/100\n|move|p2a: makin' my way|Spore|p1a: Melmetal\n|-message|Sleep Clause Mod activated.\n|\n|-heal|p1a: Melmetal|71\/100|[from] item: Leftovers\n|upkeep\n|turn|35\n|c|\u2606Disposable Alt C-1|oh right\n|\n|move|p1a: Melmetal|Substitute|p1a: Melmetal\n|-start|p1a: Melmetal|Substitute\n|-damage|p1a: Melmetal|46\/100\n|move|p2a: makin' my way|Shell Smash|p2a: makin' my way\n|-unboost|p2a: makin' my way|def|1\n|-unboost|p2a: makin' my way|spd|1\n|-boost|p2a: makin' my way|atk|2\n|-boost|p2a: makin' my way|spa|2\n|-boost|p2a: makin' my way|spe|2\n|\n|-heal|p1a: Melmetal|52\/100|[from] item: Leftovers\n|upkeep\n|turn|36\n|\n|move|p1a: Melmetal|Baton Pass|p1a: Melmetal\n|\n|switch|p1a: Dragapult|Dragapult, M|100\/100 slp|[from]move: Baton Pass\n|move|p2a: makin' my way|Multi-Attack|p1a: Dragapult\n|-supereffective|p1a: Dragapult\n|-end|p1a: Dragapult|Substitute\n|\n|upkeep\n|turn|37\n|\n|move|p2a: makin' my way|Multi-Attack|p1a: Dragapult\n|-supereffective|p1a: Dragapult\n|-damage|p1a: Dragapult|0 fnt\n|faint|p1a: Dragapult\n|\n|upkeep\n|c|\u2606Disposable Alt C-1|gg\n|\n|switch|p1a: Melmetal|Melmetal|52\/100\n|turn|38\n|c|\u2606BaddyGames|gg\n|-message|BaddyGames forfeited.\n|\n|win|Disposable Alt C-1\n|l|\u2606BaddyGames\n|raw|BaddyGames's rating: 1361 &rarr; <strong>1331<\/strong><br \/>(-30 for losing)\n|raw|Disposable Alt C-1's rating: 1170 &rarr; <strong>1208<\/strong><br \/>(+38 for winning)\n","uploadtime":1585961812,"views":6,"p1id":"baddygames","p2id":"disposablealtc1","formatid":"gen8balancedhackmons","rating":1208,"private":0,"password":null}