{"id":"gen8nationaldex-1586810588","p1":"Fastpitchkiller","p2":"TheLostSaint","format":"gen8nationaldex","log":"|j|\u2606Fastpitchkiller\n|j|\u2606TheLostSaint\n|t:|1654049084\n|gametype|singles\n|player|p1|Fastpitchkiller|101|\n|player|p2|TheLostSaint|gambler|\n|teamsize|p1|6\n|teamsize|p2|6\n|gen|8\n|tier|[Gen 8] National Dex\n|rule|HP Percentage Mod: HP is shown in percentages\n|rule|Endless Battle Clause: Forcing endless battles is banned\n|rule|OHKO Clause: OHKO moves are banned\n|rule|Evasion Moves Clause: Evasion moves are banned\n|rule|Species Clause: Limit one of each Pok\u00e9mon\n|rule|Dynamax Clause: You cannot dynamax\n|rule|Sleep Clause Mod: Limit one foe put to sleep\n|clearpoke\n|poke|p1|Greninja, M|\n|poke|p1|Zapdos|\n|poke|p1|Melmetal|\n|poke|p1|Slowbro, F|\n|poke|p1|Tyranitar, M|\n|poke|p1|Kommo-o, F|\n|poke|p2|Charizard, F|\n|poke|p2|Corviknight, M|\n|poke|p2|Victini|\n|poke|p2|Gastrodon, F|\n|poke|p2|Tyranitar, F|\n|poke|p2|Tapu Lele|\n|teampreview\n|\n|t:|1654049103\n|start\n|switch|p1a: Slowgatell|Slowbro, F|100\/100\n|switch|p2a: Charizard|Charizard, F|100\/100\n|turn|1\n|\n|t:|1654049120\n|detailschange|p2a: Charizard|Charizard-Mega-Y, F\n|-mega|p2a: Charizard|Charizard|Charizardite Y\n|-weather|SunnyDay|[from] ability: Drought|[of] p2a: Charizard\n|move|p2a: Charizard|Weather Ball|p1a: Slowgatell\n|-resisted|p1a: Slowgatell\n|-damage|p1a: Slowgatell|53\/100\n|move|p1a: Slowgatell|Toxic|p2a: Charizard\n|-status|p2a: Charizard|tox\n|\n|-weather|SunnyDay|[upkeep]\n|-damage|p2a: Charizard|94\/100 tox|[from] psn\n|upkeep\n|turn|2\n|\n|t:|1654049133\n|switch|p2a: Corviknight|Corviknight, M|100\/100\n|switch|p1a: Tyranitar|Tyranitar, M|100\/100\n|-weather|Sandstorm|[from] ability: Sand Stream|[of] p1a: Tyranitar\n|\n|-weather|Sandstorm|[upkeep]\n|upkeep\n|turn|3\n|\n|t:|1654049141\n|switch|p1a: Zapdos|Zapdos|100\/100\n|move|p2a: Corviknight|U-turn|p1a: Zapdos\n|-resisted|p1a: Zapdos\n|-damage|p1a: Zapdos|95\/100\n|\n|t:|1654049144\n|switch|p2a: Tyranitar|Tyranitar, F|100\/100|[from]move: U-turn\n|\n|-weather|Sandstorm|[upkeep]\n|-damage|p1a: Zapdos|89\/100|[from] Sandstorm\n|upkeep\n|turn|4\n|\n|t:|1654049154\n|-activate|p1a: Zapdos|move: Pursuit\n|move|p2a: Tyranitar|Pursuit|p1a: Zapdos|[from]Pursuit\n|-damage|p1a: Zapdos|51\/100\n|switch|p1a: Johnny Bravo|Melmetal|100\/100\n|\n|-weather|Sandstorm|[upkeep]\n|upkeep\n|turn|5\n|\n|t:|1654049163\n|switch|p2a: Corviknight|Corviknight, M|100\/100\n|move|p1a: Johnny Bravo|Thunder Wave|p2a: Corviknight\n|-status|p2a: Corviknight|par\n|\n|-weather|Sandstorm|[upkeep]\n|upkeep\n|turn|6\n|\n|t:|1654049172\n|move|p1a: Johnny Bravo|Thunder Punch|p2a: Corviknight\n|-supereffective|p2a: Corviknight\n|-damage|p2a: Corviknight|57\/100 par\n|move|p2a: Corviknight|U-turn|p1a: Johnny Bravo\n|-resisted|p1a: Johnny Bravo\n|-damage|p1a: Johnny Bravo|96\/100\n|\n|t:|1654049177\n|switch|p2a: Gastrodon|Gastrodon, F|100\/100|[from]move: U-turn\n|\n|-weather|none\n|upkeep\n|turn|7\n|\n|t:|1654049183\n|move|p1a: Johnny Bravo|Toxic|p2a: Gastrodon\n|-status|p2a: Gastrodon|tox\n|move|p2a: Gastrodon|Scald|p1a: Johnny Bravo\n|-damage|p1a: Johnny Bravo|70\/100\n|-status|p1a: Johnny Bravo|brn\n|\n|-damage|p2a: Gastrodon|94\/100 tox|[from] psn\n|-damage|p1a: Johnny Bravo|63\/100 brn|[from] brn\n|upkeep\n|turn|8\n|\n|t:|1654049194\n|switch|p1a: Slowgatell|Slowbro, F|86\/100\n|move|p2a: Gastrodon|Earth Power|p1a: Slowgatell\n|-damage|p1a: Slowgatell|59\/100\n|\n|-heal|p2a: Gastrodon|100\/100 tox|[from] item: Leftovers\n|-damage|p2a: Gastrodon|88\/100 tox|[from] psn\n|upkeep\n|turn|9\n|\n|t:|1654049204\n|switch|p2a: Corviknight|Corviknight, M|57\/100 par\n|move|p1a: Slowgatell|Future Sight|p2a: Corviknight\n|-start|p1a: Slowgatell|move: Future Sight\n|\n|upkeep\n|turn|10\n|\n|t:|1654049209\n|move|p2a: Corviknight|Roost|p2a: Corviknight\n|-heal|p2a: Corviknight|100\/100 par\n|-singleturn|p2a: Corviknight|move: Roost\n|move|p1a: Slowgatell|Teleport|p1a: Slowgatell\n|\n|t:|1654049219\n|switch|p1a: Greninja|Greninja, M|100\/100|[from]move: Teleport\n|\n|upkeep\n|turn|11\n|\n|t:|1654049228\n|switch|p2a: Tyranitar|Tyranitar, F|100\/100\n|-weather|Sandstorm|[from] ability: Sand Stream|[of] p2a: Tyranitar\n|move|p1a: Greninja|Dark Pulse|p2a: Tyranitar\n|-resisted|p2a: Tyranitar\n|-damage|p2a: Tyranitar|86\/100\n|\n|-weather|Sandstorm|[upkeep]\n|-damage|p1a: Greninja|95\/100|[from] Sandstorm\n|-end|p2a: Tyranitar|move: Future Sight\n|-immune|p2a: Tyranitar\n|upkeep\n|turn|12\n|\n|t:|1654049240\n|switch|p1a: Johnny Bravo|Melmetal|63\/100 brn\n|move|p2a: Tyranitar|Superpower|p1a: Johnny Bravo\n|-supereffective|p1a: Johnny Bravo\n|-damage|p1a: Johnny Bravo|5\/100 brn\n|-unboost|p2a: Tyranitar|atk|1\n|-unboost|p2a: Tyranitar|def|1\n|\n|-weather|Sandstorm|[upkeep]\n|-damage|p1a: Johnny Bravo|0 fnt|[from] brn\n|faint|p1a: Johnny Bravo\n|upkeep\n|\n|t:|1654049251\n|switch|p1a: Kommo-o|Kommo-o, F|100\/100\n|turn|13\n|\n|t:|1654049255\n|switch|p2a: Tapu Lele|Tapu Lele, shiny|100\/100\n|-fieldstart|move: Psychic Terrain|[from] ability: Psychic Surge|[of] p2a: Tapu Lele\n|move|p1a: Kommo-o|Boomburst|p2a: Tapu Lele\n|-damage|p2a: Tapu Lele|59\/100\n|\n|-weather|Sandstorm|[upkeep]\n|-damage|p2a: Tapu Lele|52\/100|[from] Sandstorm\n|-damage|p1a: Kommo-o|94\/100|[from] Sandstorm\n|upkeep\n|turn|14\n|\n|t:|1654049268\n|switch|p1a: Slowgatell|Slowbro, F|92\/100\n|move|p2a: Tapu Lele|Moonblast|p1a: Slowgatell\n|-damage|p1a: Slowgatell|19\/100\n|-unboost|p1a: Slowgatell|spa|1\n|\n|-weather|Sandstorm|[upkeep]\n|-damage|p2a: Tapu Lele|46\/100|[from] Sandstorm\n|-damage|p1a: Slowgatell|13\/100|[from] Sandstorm\n|upkeep\n|turn|15\n|\n|t:|1654049282\n|move|p2a: Tapu Lele|Moonblast|p1a: Slowgatell\n|-damage|p1a: Slowgatell|0 fnt\n|faint|p1a: Slowgatell\n|\n|-weather|none\n|upkeep\n|\n|t:|1654049295\n|switch|p1a: Greninja|Greninja, M|95\/100\n|turn|16\n|\n|t:|1654049298\n|switch|p2a: Corviknight|Corviknight, M|100\/100 par\n|move|p1a: Greninja|Dark Pulse|p2a: Corviknight\n|-damage|p2a: Corviknight|49\/100 par\n|\n|upkeep\n|turn|17\n|\n|t:|1654049306\n|switch|p2a: Tyranitar|Tyranitar, F|86\/100\n|-weather|Sandstorm|[from] ability: Sand Stream|[of] p2a: Tyranitar\n|move|p1a: Greninja|Dark Pulse|p2a: Tyranitar\n|-resisted|p2a: Tyranitar\n|-damage|p2a: Tyranitar|71\/100\n|\n|-weather|Sandstorm|[upkeep]\n|-damage|p1a: Greninja|89\/100|[from] Sandstorm\n|-fieldend|move: Psychic Terrain\n|upkeep\n|turn|18\n|\n|t:|1654049320\n|-activate|p1a: Greninja|move: Pursuit\n|move|p2a: Tyranitar|Pursuit|p1a: Greninja|[from]Pursuit\n|-resisted|p1a: Greninja\n|-damage|p1a: Greninja|44\/100\n|switch|p1a: Zapdos|Zapdos|51\/100\n|\n|-weather|Sandstorm|[upkeep]\n|-damage|p1a: Zapdos|45\/100|[from] Sandstorm\n|upkeep\n|turn|19\n|\n|t:|1654049334\n|switch|p1a: Tyranitar|Tyranitar, M|100\/100\n|move|p2a: Tyranitar|Stone Edge|p1a: Tyranitar\n|-damage|p1a: Tyranitar|46\/100\n|\n|-weather|Sandstorm|[upkeep]\n|-heal|p1a: Tyranitar|52\/100|[from] item: Leftovers\n|upkeep\n|turn|20\n|\n|t:|1654049345\n|move|p2a: Tyranitar|Earthquake|p1a: Tyranitar\n|-supereffective|p1a: Tyranitar\n|-damage|p1a: Tyranitar|0 fnt\n|faint|p1a: Tyranitar\n|\n|-weather|Sandstorm|[upkeep]\n|upkeep\n|\n|t:|1654049351\n|switch|p1a: Kommo-o|Kommo-o, F|94\/100\n|turn|21\n|\n|t:|1654049359\n|switch|p2a: Gastrodon|Gastrodon, F|88\/100 tox\n|move|p1a: Kommo-o|Clangorous Soul|p1a: Kommo-o\n|-boost|p1a: Kommo-o|atk|1\n|-boost|p1a: Kommo-o|def|1\n|-boost|p1a: Kommo-o|spa|1\n|-boost|p1a: Kommo-o|spd|1\n|-boost|p1a: Kommo-o|spe|1\n|-damage|p1a: Kommo-o|61\/100\n|\n|-weather|none\n|-heal|p2a: Gastrodon|94\/100 tox|[from] item: Leftovers\n|-damage|p2a: Gastrodon|88\/100 tox|[from] psn\n|upkeep\n|turn|22\n|\n|t:|1654049373\n|-zpower|p1a: Kommo-o\n|move|p1a: Kommo-o|Clangorous Soulblaze|p2a: Gastrodon|[zeffect]\n|-damage|p2a: Gastrodon|0 fnt\n|faint|p2a: Gastrodon\n|-boost|p1a: Kommo-o|atk|1\n|-boost|p1a: Kommo-o|def|1\n|-boost|p1a: Kommo-o|spa|1\n|-boost|p1a: Kommo-o|spd|1\n|-boost|p1a: Kommo-o|spe|1\n|\n|upkeep\n|\n|t:|1654049413\n|switch|p2a: Victini|Victini|100\/100\n|turn|23\n|\n|t:|1654049416\n|move|p1a: Kommo-o|Clanging Scales|p2a: Victini\n|-damage|p2a: Victini|1\/100\n|-unboost|p1a: Kommo-o|def|1\n|move|p2a: Victini|Zen Headbutt|p1a: Kommo-o\n|-supereffective|p1a: Kommo-o\n|-damage|p1a: Kommo-o|15\/100\n|\n|upkeep\n|turn|24\n|\n|t:|1654049425\n|move|p1a: Kommo-o|Boomburst|p2a: Victini\n|-damage|p2a: Victini|0 fnt\n|faint|p2a: Victini\n|\n|upkeep\n|\n|t:|1654049427\n|switch|p2a: Tyranitar|Tyranitar, F|71\/100\n|-weather|Sandstorm|[from] ability: Sand Stream|[of] p2a: Tyranitar\n|turn|25\n|\n|t:|1654049433\n|switch|p2a: Tapu Lele|Tapu Lele, shiny|46\/100\n|-fieldstart|move: Psychic Terrain|[from] ability: Psychic Surge|[of] p2a: Tapu Lele\n|move|p1a: Kommo-o|Drain Punch|p2a: Tapu Lele\n|-resisted|p2a: Tapu Lele\n|-damage|p2a: Tapu Lele|24\/100\n|-heal|p1a: Kommo-o|26\/100|[from] drain|[of] p2a: Tapu Lele\n|\n|-weather|Sandstorm|[upkeep]\n|-damage|p1a: Kommo-o|20\/100|[from] Sandstorm\n|-damage|p2a: Tapu Lele|18\/100|[from] Sandstorm\n|upkeep\n|turn|26\n|\n|t:|1654049447\n|move|p1a: Kommo-o|Boomburst|p2a: Tapu Lele\n|-damage|p2a: Tapu Lele|0 fnt\n|faint|p2a: Tapu Lele\n|\n|-weather|Sandstorm|[upkeep]\n|-damage|p1a: Kommo-o|14\/100|[from] Sandstorm\n|upkeep\n|\n|t:|1654049453\n|switch|p2a: Corviknight|Corviknight, M|49\/100 par\n|turn|27\n|\n|t:|1654049456\n|move|p1a: Kommo-o|Drain Punch|p2a: Corviknight\n|-damage|p2a: Corviknight|16\/100 par\n|-heal|p1a: Kommo-o|37\/100|[from] drain|[of] p2a: Corviknight\n|-damage|p1a: Kommo-o|20\/100|[from] item: Rocky Helmet|[of] p2a: Corviknight\n|move|p2a: Corviknight|Roost|p2a: Corviknight\n|-heal|p2a: Corviknight|66\/100 par\n|-singleturn|p2a: Corviknight|move: Roost\n|\n|-weather|Sandstorm|[upkeep]\n|-damage|p1a: Kommo-o|14\/100|[from] Sandstorm\n|upkeep\n|turn|28\n|\n|t:|1654049469\n|move|p1a: Kommo-o|Drain Punch|p2a: Corviknight\n|-damage|p2a: Corviknight|33\/100 par\n|-heal|p1a: Kommo-o|37\/100|[from] drain|[of] p2a: Corviknight\n|-damage|p1a: Kommo-o|20\/100|[from] item: Rocky Helmet|[of] p2a: Corviknight\n|move|p2a: Corviknight|Body Press|p1a: Kommo-o\n|-crit|p1a: Kommo-o\n|-damage|p1a: Kommo-o|0 fnt\n|faint|p1a: Kommo-o\n|\n|-weather|Sandstorm|[upkeep]\n|upkeep\n|\n|t:|1654049480\n|switch|p1a: Greninja|Greninja, M|44\/100\n|turn|29\n|\n|t:|1654049485\n|move|p1a: Greninja|Hydro Pump|p2a: Corviknight\n|-damage|p2a: Corviknight|0 fnt\n|faint|p2a: Corviknight\n|-activate|p1a: Greninja|ability: Battle Bond\n|detailschange|p1a: Greninja|Greninja-Ash, M\n|\n|-weather|none\n|-fieldend|move: Psychic Terrain\n|upkeep\n|\n|t:|1654049488\n|switch|p2a: Tyranitar|Tyranitar, F|71\/100\n|-weather|Sandstorm|[from] ability: Sand Stream|[of] p2a: Tyranitar\n|turn|30\n|\n|t:|1654049498\n|move|p1a: Greninja|Hydro Pump|p2a: Tyranitar\n|-supereffective|p2a: Tyranitar\n|-damage|p2a: Tyranitar|0 fnt\n|faint|p2a: Tyranitar\n|\n|-weather|Sandstorm|[upkeep]\n|-damage|p1a: Greninja|38\/100|[from] Sandstorm\n|upkeep\n|\n|t:|1654049500\n|switch|p2a: Charizard|Charizard-Mega-Y, F|94\/100 tox\n|-weather|SunnyDay|[from] ability: Drought|[of] p2a: Charizard\n|turn|31\n|\n|t:|1654049508\n|move|p1a: Greninja|Hydro Pump|p2a: Charizard\n|-supereffective|p2a: Charizard\n|-damage|p2a: Charizard|1\/100 tox\n|move|p2a: Charizard|Weather Ball|p1a: Greninja\n|-resisted|p1a: Greninja\n|-damage|p1a: Greninja|0 fnt\n|faint|p1a: Greninja\n|\n|-weather|SunnyDay|[upkeep]\n|-damage|p2a: Charizard|0 fnt|[from] psn\n|faint|p2a: Charizard\n|\n|win|Fastpitchkiller\n|upkeep\n|l|\u2606TheLostSaint\n","uploadtime":1654049523,"views":11,"p1id":"fastpitchkiller","p2id":"thelostsaint","formatid":"gen8nationaldex","rating":0,"private":0,"password":null}