{"id":"gen8randombattle-1511353715","p1":"SwordsmanN","p2":"badassaug","format":"gen8randombattle","log":"|j|\u2606SwordsmanN\n|j|\u2606badassaug\n|t:|1644919144\n|gametype|singles\n|player|p1|SwordsmanN|170|1758\n|player|p2|badassaug|170|1730\n|teamsize|p1|6\n|teamsize|p2|6\n|gen|8\n|tier|[Gen 8] Random Battle\n|rated|\n|rule|Species Clause: Limit one of each Pok\u00e9mon\n|rule|HP Percentage Mod: HP is shown in percentages\n|rule|Sleep Clause Mod: Limit one foe put to sleep\n|\n|t:|1644919144\n|start\n|switch|p1a: Froslass|Froslass, L84, F|255\/255\n|switch|p2a: Machamp|Machamp, L82, F|282\/282\n|turn|1\n|\n|t:|1644919158\n|move|p1a: Froslass|Triple Axel|p2a: Machamp\n|-damage|p2a: Machamp|260\/282\n|-damage|p2a: Machamp|217\/282\n|-damage|p2a: Machamp|160\/282\n|-hitcount|p2a: Machamp|3\n|move|p2a: Machamp|Knock Off|p1a: Froslass\n|-supereffective|p1a: Froslass\n|-damage|p1a: Froslass|69\/255\n|-enditem|p1a: Froslass|Wide Lens|[from] move: Knock Off|[of] p2a: Machamp\n|\n|-status|p2a: Machamp|brn|[from] item: Flame Orb\n|upkeep\n|turn|2\n|\n|t:|1644919177\n|switch|p1a: Emolga|Emolga, L88, M|240\/240\n|move|p2a: Machamp|Bullet Punch|p1a: Emolga\n|-resisted|p1a: Emolga\n|-damage|p1a: Emolga|210\/240\n|\n|-damage|p2a: Machamp|143\/282 brn|[from] brn\n|upkeep\n|turn|3\n|\n|t:|1644919188\n|switch|p2a: Gigalith|Gigalith, L82, M|274\/274\n|-weather|Sandstorm|[from] ability: Sand Stream|[of] p2a: Gigalith\n|move|p1a: Emolga|Air Slash|p2a: Gigalith\n|-resisted|p2a: Gigalith\n|-damage|p2a: Gigalith|249\/274\n|\n|-weather|Sandstorm|[upkeep]\n|-damage|p1a: Emolga|195\/240|[from] Sandstorm\n|-heal|p2a: Gigalith|266\/274|[from] item: Leftovers\n|upkeep\n|turn|4\n|\n|t:|1644919209\n|switch|p1a: Xatu|Xatu, L89, M|260\/260\n|move|p2a: Gigalith|Stealth Rock|p1a: Xatu\n|move|p1a: Xatu|Stealth Rock|p2a: Gigalith|[from]ability: Magic Bounce\n|-sidestart|p2: badassaug|move: Stealth Rock\n|\n|-weather|Sandstorm|[upkeep]\n|-damage|p1a: Xatu|244\/260|[from] Sandstorm\n|-heal|p2a: Gigalith|274\/274|[from] item: Leftovers\n|upkeep\n|turn|5\n|\n|t:|1644919226\n|switch|p1a: Urshifu|Urshifu, L76, M|277\/277\n|move|p2a: Gigalith|Stealth Rock|p1a: Urshifu\n|-sidestart|p1: SwordsmanN|move: Stealth Rock\n|\n|-weather|Sandstorm|[upkeep]\n|-damage|p1a: Urshifu|260\/277|[from] Sandstorm\n|upkeep\n|turn|6\n|inactive|Battle timer is ON: inactive players will automatically lose when time's up. (requested by badassaug)\n|\n|t:|1644919242\n|switch|p2a: Machamp|Machamp, L82, F|143\/282 brn\n|-damage|p2a: Machamp|126\/282 brn|[from] Stealth Rock\n|move|p1a: Urshifu|Close Combat|p2a: Machamp\n|-damage|p2a: Machamp|0 fnt\n|-unboost|p1a: Urshifu|def|1\n|-unboost|p1a: Urshifu|spd|1\n|faint|p2a: Machamp\n|\n|-weather|Sandstorm|[upkeep]\n|-damage|p1a: Urshifu|243\/277|[from] Sandstorm\n|upkeep\n|\n|t:|1644919255\n|switch|p2a: Hawlucha|Hawlucha, L80, M|256\/256\n|-damage|p2a: Hawlucha|224\/256|[from] Stealth Rock\n|turn|7\n|\n|t:|1644919265\n|switch|p1a: Froslass|Froslass, L84, F|69\/255\n|-damage|p1a: Froslass|6\/255|[from] Stealth Rock\n|move|p2a: Hawlucha|Swords Dance|p2a: Hawlucha\n|-boost|p2a: Hawlucha|atk|2\n|\n|-weather|none\n|upkeep\n|turn|8\n|\n|t:|1644919278\n|move|p2a: Hawlucha|Brave Bird|p1a: Froslass\n|-damage|p1a: Froslass|0 fnt\n|faint|p1a: Froslass\n|-damage|p2a: Hawlucha|222\/256|[from] Recoil\n|\n|upkeep\n|\n|t:|1644919285\n|switch|p1a: Emolga|Emolga, L88, M|195\/240\n|turn|9\n|\n|t:|1644919294\n|switch|p2a: Gigalith|Gigalith, L82, M|274\/274\n|-damage|p2a: Gigalith|240\/274|[from] Stealth Rock\n|-weather|Sandstorm|[from] ability: Sand Stream|[of] p2a: Gigalith\n|move|p1a: Emolga|Thunderbolt|p2a: Gigalith\n|-damage|p2a: Gigalith|180\/274\n|\n|-weather|Sandstorm|[upkeep]\n|-damage|p1a: Emolga|180\/240|[from] Sandstorm\n|-heal|p2a: Gigalith|197\/274|[from] item: Leftovers\n|upkeep\n|turn|10\n|\n|t:|1644919313\n|switch|p1a: Urshifu|Urshifu, L76, M|243\/277\n|-damage|p1a: Urshifu|226\/277|[from] Stealth Rock\n|move|p2a: Gigalith|Earthquake|p1a: Urshifu\n|-damage|p1a: Urshifu|144\/277\n|\n|-weather|Sandstorm|[upkeep]\n|-damage|p1a: Urshifu|127\/277|[from] Sandstorm\n|-heal|p2a: Gigalith|214\/274|[from] item: Leftovers\n|upkeep\n|turn|11\n|\n|t:|1644919323\n|switch|p2a: Hawlucha|Hawlucha, L80, M|222\/256\n|-damage|p2a: Hawlucha|190\/256|[from] Stealth Rock\n|move|p1a: Urshifu|Close Combat|p2a: Hawlucha\n|-resisted|p2a: Hawlucha\n|-damage|p2a: Hawlucha|76\/256\n|-unboost|p1a: Urshifu|def|1\n|-unboost|p1a: Urshifu|spd|1\n|\n|-weather|Sandstorm|[upkeep]\n|-damage|p2a: Hawlucha|60\/256|[from] Sandstorm\n|-damage|p1a: Urshifu|110\/277|[from] Sandstorm\n|upkeep\n|turn|12\n|\n|t:|1644919336\n|switch|p2a: Gigalith|Gigalith, L82, M|214\/274\n|-damage|p2a: Gigalith|180\/274|[from] Stealth Rock\n|switch|p1a: Emolga|Emolga, L88, M|180\/240\n|\n|-weather|Sandstorm|[upkeep]\n|-damage|p1a: Emolga|165\/240|[from] Sandstorm\n|-heal|p2a: Gigalith|197\/274|[from] item: Leftovers\n|upkeep\n|turn|13\n|\n|t:|1644919346\n|switch|p1a: Xatu|Xatu, L89, M|244\/260\n|move|p2a: Gigalith|Stone Edge|p1a: Xatu\n|-supereffective|p1a: Xatu\n|-damage|p1a: Xatu|0 fnt\n|faint|p1a: Xatu\n|\n|-weather|none\n|-heal|p2a: Gigalith|214\/274|[from] item: Leftovers\n|upkeep\n|\n|t:|1644919354\n|switch|p1a: Urshifu|Urshifu, L76, M|110\/277\n|-damage|p1a: Urshifu|93\/277|[from] Stealth Rock\n|turn|14\n|\n|t:|1644919363\n|switch|p2a: Silvally|Silvally-Ghost, L84|297\/297\n|-damage|p2a: Silvally|260\/297|[from] Stealth Rock\n|move|p1a: Urshifu|Close Combat|p2a: Silvally\n|-immune|p2a: Silvally\n|\n|upkeep\n|turn|15\n|\n|t:|1644919373\n|switch|p1a: Gigalith|Gigalith, L82, M|274\/274\n|-damage|p1a: Gigalith|240\/274|[from] Stealth Rock\n|-weather|Sandstorm|[from] ability: Sand Stream|[of] p1a: Gigalith\n|move|p2a: Silvally|X-Scissor|p1a: Gigalith\n|-damage|p1a: Gigalith|197\/274\n|\n|-weather|Sandstorm|[upkeep]\n|-damage|p2a: Silvally|242\/297|[from] Sandstorm\n|-heal|p1a: Gigalith|214\/274|[from] item: Leftovers\n|upkeep\n|turn|16\n|\n|t:|1644919386\n|move|p2a: Silvally|Parting Shot|p1a: Gigalith\n|-unboost|p1a: Gigalith|atk|1\n|-unboost|p1a: Gigalith|spa|1\n|\n|t:|1644919398\n|switch|p2a: Gigalith|Gigalith, L82, M|214\/274\n|-damage|p2a: Gigalith|180\/274|[from] Stealth Rock\n|move|p1a: Gigalith|Stone Edge|p2a: Gigalith\n|-damage|p2a: Gigalith|116\/274\n|\n|-weather|Sandstorm|[upkeep]\n|-heal|p2a: Gigalith|133\/274|[from] item: Leftovers\n|-heal|p1a: Gigalith|231\/274|[from] item: Leftovers\n|upkeep\n|turn|17\n|\n|t:|1644919413\n|move|p1a: Gigalith|Earthquake|p2a: Gigalith\n|-supereffective|p2a: Gigalith\n|-damage|p2a: Gigalith|47\/274\n|move|p2a: Gigalith|Earthquake|p1a: Gigalith\n|-supereffective|p1a: Gigalith\n|-crit|p1a: Gigalith\n|-damage|p1a: Gigalith|39\/274\n|\n|-weather|Sandstorm|[upkeep]\n|-heal|p2a: Gigalith|64\/274|[from] item: Leftovers\n|-heal|p1a: Gigalith|56\/274|[from] item: Leftovers\n|upkeep\n|turn|18\n|\n|t:|1644919425\n|switch|p2a: Hawlucha|Hawlucha, L80, M|60\/256\n|-damage|p2a: Hawlucha|28\/256|[from] Stealth Rock\n|move|p1a: Gigalith|Stone Edge|p2a: Hawlucha\n|-damage|p2a: Hawlucha|0 fnt\n|faint|p2a: Hawlucha\n|\n|-weather|Sandstorm|[upkeep]\n|-heal|p1a: Gigalith|73\/274|[from] item: Leftovers\n|upkeep\n|inactive|badassaug has 120 seconds left.\n|\n|t:|1644919453\n|switch|p2a: Mantine|Mantine, L86, M|286\/286\n|turn|19\n|\n|t:|1644919467\n|move|p2a: Mantine|Scald|p1a: Gigalith\n|-supereffective|p1a: Gigalith\n|-damage|p1a: Gigalith|0 fnt\n|faint|p1a: Gigalith\n|\n|-weather|none\n|upkeep\n|\n|t:|1644919472\n|switch|p1a: Emolga|Emolga, L88, M|165\/240\n|turn|20\n|\n|t:|1644919480\n|switch|p2a: Coalossal|Coalossal, L87, M|333\/333\n|move|p1a: Emolga|Thunderbolt|p2a: Coalossal\n|-damage|p2a: Coalossal|251\/333\n|\n|upkeep\n|turn|21\n|\n|t:|1644919499\n|move|p1a: Emolga|Roost|p1a: Emolga\n|-heal|p1a: Emolga|240\/240\n|-singleturn|p1a: Emolga|move: Roost\n|move|p2a: Coalossal|Stone Edge|p1a: Emolga\n|-damage|p1a: Emolga|120\/240\n|\n|upkeep\n|turn|22\n|\n|t:|1644919514\n|move|p1a: Emolga|Roost|p1a: Emolga\n|-heal|p1a: Emolga|240\/240\n|-singleturn|p1a: Emolga|move: Roost\n|move|p2a: Coalossal|Will-O-Wisp|p1a: Emolga|[miss]\n|-miss|p2a: Coalossal|p1a: Emolga\n|\n|upkeep\n|turn|23\n|\n|t:|1644919533\n|switch|p1a: Urshifu|Urshifu, L76, M|93\/277\n|-damage|p1a: Urshifu|76\/277|[from] Stealth Rock\n|move|p2a: Coalossal|Spikes|p1a: Urshifu\n|-sidestart|p1: SwordsmanN|Spikes\n|\n|upkeep\n|turn|24\n|\n|t:|1644919542\n|switch|p2a: Mantine|Mantine, L86, M|286\/286\n|move|p1a: Urshifu|Close Combat|p2a: Mantine\n|-resisted|p2a: Mantine\n|-damage|p2a: Mantine|174\/286\n|-unboost|p1a: Urshifu|def|1\n|-unboost|p1a: Urshifu|spd|1\n|\n|upkeep\n|turn|25\n|\n|t:|1644919565\n|switch|p1a: Emolga|Emolga, L88, M|240\/240\n|move|p2a: Mantine|Toxic|p1a: Emolga\n|-status|p1a: Emolga|tox\n|\n|-damage|p1a: Emolga|225\/240 tox|[from] psn\n|upkeep\n|turn|26\n|\n|t:|1644919581\n|switch|p2a: Coalossal|Coalossal, L87, M|251\/333\n|move|p1a: Emolga|Thunderbolt|p2a: Coalossal\n|-damage|p2a: Coalossal|175\/333\n|\n|-damage|p1a: Emolga|195\/240 tox|[from] psn\n|upkeep\n|turn|27\n|\n|t:|1644919590\n|switch|p1a: Urshifu|Urshifu, L76, M|76\/277\n|-damage|p1a: Urshifu|59\/277|[from] Stealth Rock\n|-damage|p1a: Urshifu|25\/277|[from] Spikes\n|move|p2a: Coalossal|Stone Edge|p1a: Urshifu\n|-resisted|p1a: Urshifu\n|-damage|p1a: Urshifu|0 fnt\n|faint|p1a: Urshifu\n|\n|upkeep\n|\n|t:|1644919599\n|switch|p1a: Lucario|Lucario, L82, M|249\/249\n|-damage|p1a: Lucario|242\/249|[from] Stealth Rock\n|-damage|p1a: Lucario|211\/249|[from] Spikes\n|turn|28\n|\n|t:|1644919608\n|-start|p1a: Lucario|Dynamax\n|-heal|p1a: Lucario|422\/498|[silent]\n|move|p1a: Lucario|Max Knuckle|p2a: Coalossal\n|-supereffective|p2a: Coalossal\n|-damage|p2a: Coalossal|0 fnt\n|-boost|p1a: Lucario|atk|1\n|faint|p2a: Coalossal\n|-damage|p1a: Lucario|398\/498|[from] item: Life Orb\n|\n|upkeep\n|\n|t:|1644919627\n|switch|p2a: Silvally|Silvally-Ghost, L84|242\/297\n|-damage|p2a: Silvally|205\/297|[from] Stealth Rock\n|turn|29\n|\n|t:|1644919640\n|-start|p2a: Silvally|Dynamax\n|-heal|p2a: Silvally|410\/594|[silent]\n|move|p2a: Silvally|Max Guard|p2a: Silvally\n|-singleturn|p2a: Silvally|Max Guard\n|move|p1a: Lucario|Max Steelspike|p2a: Silvally\n|-activate|p2a: Silvally|move: Max Guard\n|\n|upkeep\n|turn|30\n|\n|t:|1644919648\n|move|p2a: Silvally|Max Phantasm|p1a: Lucario\n|-crit|p1a: Lucario\n|-damage|p1a: Lucario|226\/498\n|-unboost|p1a: Lucario|def|1\n|move|p1a: Lucario|Max Steelspike|p2a: Silvally\n|-damage|p2a: Silvally|145\/594\n|-boost|p1a: Lucario|def|1\n|-damage|p1a: Lucario|202\/498|[from] item: Life Orb\n|\n|-end|p1a: Lucario|Dynamax\n|-heal|p1a: Lucario|101\/249|[silent]\n|upkeep\n|turn|31\n|\n|t:|1644919662\n|move|p2a: Silvally|Max Phantasm|p1a: Lucario\n|-damage|p1a: Lucario|0 fnt\n|faint|p1a: Lucario\n|\n|-end|p2a: Silvally|Dynamax\n|-heal|p2a: Silvally|73\/297|[silent]\n|upkeep\n|\n|t:|1644919670\n|switch|p1a: Emolga|Emolga, L88, M|195\/240 tox\n|turn|32\n|\n|t:|1644919685\n|move|p1a: Emolga|Thunderbolt|p2a: Silvally\n|-damage|p2a: Silvally|0 fnt\n|faint|p2a: Silvally\n|\n|-damage|p1a: Emolga|180\/240 tox|[from] psn\n|upkeep\n|c|\u2606SwordsmanN|gg\n|\n|t:|1644919697\n|switch|p2a: Gigalith|Gigalith, L82, M|64\/274\n|-damage|p2a: Gigalith|30\/274|[from] Stealth Rock\n|-weather|Sandstorm|[from] ability: Sand Stream|[of] p2a: Gigalith\n|turn|33\n|\n|t:|1644919707\n|move|p1a: Emolga|Thunderbolt|p2a: Gigalith\n|-damage|p2a: Gigalith|0 fnt\n|faint|p2a: Gigalith\n|\n|-weather|Sandstorm|[upkeep]\n|-damage|p1a: Emolga|165\/240 tox|[from] Sandstorm\n|-damage|p1a: Emolga|135\/240 tox|[from] psn\n|upkeep\n|\n|t:|1644919714\n|switch|p2a: Mantine|Mantine, L86, M|174\/286\n|turn|34\n|\n|t:|1644919720\n|move|p1a: Emolga|Thunderbolt|p2a: Mantine\n|-supereffective|p2a: Mantine\n|-damage|p2a: Mantine|0 fnt\n|faint|p2a: Mantine\n|\n|win|SwordsmanN\n|raw|SwordsmanN's rating: 1758 &rarr; <strong>1776<\/strong><br \/>(+18 for winning)\n|raw|badassaug's rating: 1730 &rarr; <strong>1712<\/strong><br \/>(-18 for losing)\n","inputlog":">version 530548b76a05c1c57248a451730f0dce37811127\n>start {\"formatid\":\"gen8randombattle\",\"seed\":[482,5762,32828,40974],\"rated\":\"Rated battle\"}\n>player p1 {\"name\":\"SwordsmanN\",\"avatar\":\"170\",\"rating\":1758,\"seed\":[40120,4793,9992,34161]}\n>player p2 {\"name\":\"badassaug\",\"avatar\":\"170\",\"rating\":1730,\"seed\":[10199,1172,56060,31417]}\n>p1 move tripleaxel\n>p2 move knockoff\n>p1 switch 2\n>p2 move bulletpunch\n>p1 move airslash\n>p2 switch 6\n>p1 switch 3\n>p2 move stealthrock\n>p1 switch 5\n>p2 move stealthrock\n>p1 move closecombat\n>p2 switch 6\n>p2 switch 5\n>p1 switch 2\n>p2 move swordsdance\n>p1 move tripleaxel\n>p2 move bravebird\n>p1 switch 3\n>p1 move thunderbolt\n>p2 switch 6\n>p1 switch 2\n>p2 move earthquake\n>p1 move closecombat\n>p2 switch 6\n>p1 switch 2\n>p2 switch 6\n>p1 switch 5\n>p2 move stoneedge\n>p1 switch 2\n>p1 move closecombat\n>p2 switch 4\n>p1 switch 6\n>p2 move xscissor\n>p1 move stoneedge\n>p2 move partingshot\n>p2 switch 4\n>p1 move earthquake\n>p2 move earthquake\n>p1 move stoneedge\n>p2 switch 6\n>p2 switch 3\n>p1 move stoneedge\n>p2 move scald\n>p1 switch 5\n>p1 move thunderbolt\n>p2 switch 2\n>p1 move roost\n>p2 move stoneedge\n>p1 move roost\n>p2 move willowisp\n>p1 switch 6\n>p2 move spikes\n>p1 move closecombat\n>p2 switch 2\n>p1 switch 6\n>p2 move toxic\n>p1 move thunderbolt\n>p2 switch 2\n>p1 switch 6\n>p2 move stoneedge\n>p1 switch 4\n>p1 move closecombat dynamax\n>p2 move willowisp\n>p2 switch 4\n>p1 move meteormash dynamax\n>p2 move partingshot dynamax\n>p1 move meteormash dynamax\n>p2 move multiattack dynamax\n>p1 move meteormash\n>p2 move multiattack dynamax\n>p1 switch 6\n>p1 move thunderbolt\n>p2 move multiattack\n>chat \u2606SwordsmanN|gg\n>p2 switch 6\n>p1 move thunderbolt\n>p2 move explosion\n>p2 switch 2\n>p1 move thunderbolt\n>p2 move roost","uploadtime":1644919726,"views":6,"p1id":"swordsmann","p2id":"badassaug","formatid":"gen8randombattle","rating":1712,"private":0,"password":null}