{"id":"gen8bdspou-1669969512","p1":"FENDINI","p2":"joedapker","format":"gen8bdspou","log":"|j|\u2606FENDINI\n|j|\u2606joedapker\n|t:|1663783984\n|gametype|singles\n|player|p1|FENDINI|ethan-masters|1262\n|player|p2|joedapker|1|1475\n|teamsize|p1|6\n|teamsize|p2|6\n|gen|8\n|tier|[Gen 8 BDSP] OU\n|rated|\n|rule|Sleep Clause Mod: Limit one foe put to sleep\n|rule|Species Clause: Limit one of each Pok\u00e9mon\n|rule|OHKO Clause: OHKO moves are banned\n|rule|Evasion Items Clause: Evasion items are banned\n|rule|Evasion Moves Clause: Evasion moves are banned\n|rule|Endless Battle Clause: Forcing endless battles is banned\n|rule|HP Percentage Mod: HP is shown in percentages\n|clearpoke\n|poke|p1|Slowking, M|\n|poke|p1|Heatran, M|\n|poke|p1|Gliscor, F|\n|poke|p1|Weavile, M|\n|poke|p1|Rotom-Mow|\n|poke|p1|Infernape, F|\n|poke|p2|Dragonite, F|\n|poke|p2|Magnezone|\n|poke|p2|Milotic, F|\n|poke|p2|Garchomp, M|\n|poke|p2|Heatran, F|\n|poke|p2|Latias, F|\n|teampreview\n|inactive|Battle timer is ON: inactive players will automatically lose when time's up. (requested by FENDINI)\n|\n|t:|1663784009\n|start\n|switch|p1a: Rotom|Rotom-Mow|100\/100\n|switch|p2a: Heatran|Heatran, F|100\/100\n|turn|1\n|\n|t:|1663784027\n|switch|p1a: Gliscor|Gliscor, F|100\/100\n|move|p2a: Heatran|Magma Storm|p1a: Gliscor\n|-damage|p1a: Gliscor|50\/100\n|-activate|p1a: Gliscor|move: Magma Storm|[of] p2a: Heatran\n|\n|-damage|p1a: Gliscor|37\/100|[from] move: Magma Storm|[partiallytrapped]\n|-status|p1a: Gliscor|tox|[from] item: Toxic Orb\n|upkeep\n|turn|2\n|\n|t:|1663784040\n|switch|p2a: Latias|Latias, F|100\/100\n|move|p1a: Gliscor|Roost|p1a: Gliscor\n|-heal|p1a: Gliscor|87\/100 tox\n|-singleturn|p1a: Gliscor|move: Roost\n|\n|-heal|p1a: Gliscor|99\/100 tox|[from] ability: Poison Heal\n|-end|p1a: Gliscor|Magma Storm|[partiallytrapped]|[silent]\n|upkeep\n|turn|3\n|\n|t:|1663784052\n|switch|p1a: Heatran|Heatran, M|100\/100\n|move|p2a: Latias|Psychic|p1a: Heatran\n|-resisted|p1a: Heatran\n|-damage|p1a: Heatran|80\/100\n|\n|-heal|p1a: Heatran|87\/100|[from] item: Leftovers\n|upkeep\n|turn|4\n|\n|t:|1663784060\n|switch|p2a: Milotic|Milotic, F|100\/100\n|move|p1a: Heatran|Stealth Rock|p2a: Milotic\n|-sidestart|p2: joedapker|move: Stealth Rock\n|\n|-heal|p1a: Heatran|93\/100|[from] item: Leftovers\n|upkeep\n|turn|5\n|\n|t:|1663784070\n|switch|p1a: Rotom|Rotom-Mow|100\/100\n|move|p2a: Milotic|Scald|p1a: Rotom\n|-resisted|p1a: Rotom\n|-damage|p1a: Rotom|82\/100\n|\n|upkeep\n|turn|6\n|\n|t:|1663784073\n|move|p1a: Rotom|Trick|p2a: Milotic\n|-activate|p1a: Rotom|move: Trick|[of] p2a: Milotic\n|-item|p2a: Milotic|Choice Scarf|[from] move: Trick\n|-item|p1a: Rotom|Leftovers|[from] move: Trick\n|move|p2a: Milotic|Mirror Coat||[still]\n|-fail|p2a: Milotic\n|\n|-heal|p1a: Rotom|88\/100|[from] item: Leftovers\n|upkeep\n|turn|7\n|\n|t:|1663784082\n|switch|p1a: Weavile|Weavile, M|100\/100\n|-ability|p1a: Weavile|Pressure\n|move|p2a: Milotic|Mirror Coat||[still]\n|-fail|p2a: Milotic\n|\n|upkeep\n|turn|8\n|\n|t:|1663784093\n|switch|p2a: Heatran|Heatran, F|100\/100\n|-damage|p2a: Heatran|88\/100|[from] Stealth Rock\n|switch|p1a: Infernape|Infernape, F|100\/100\n|\n|-heal|p2a: Heatran|94\/100|[from] item: Leftovers\n|upkeep\n|turn|9\n|\n|t:|1663784099\n|switch|p2a: Latias|Latias, F|100\/100\n|-damage|p2a: Latias|88\/100|[from] Stealth Rock\n|move|p1a: Infernape|Close Combat|p2a: Latias\n|-resisted|p2a: Latias\n|-damage|p2a: Latias|37\/100\n|-unboost|p1a: Infernape|def|1\n|-unboost|p1a: Infernape|spd|1\n|\n|upkeep\n|turn|10\n|\n|t:|1663784111\n|switch|p1a: Heatran|Heatran, M|93\/100\n|move|p2a: Latias|Defog|p1a: Heatran\n|-unboost|p1a: Heatran|evasion|1\n|-sideend|p2: joedapker|Stealth Rock|[from] move: Defog|[of] p2a: Latias\n|\n|-heal|p1a: Heatran|99\/100|[from] item: Leftovers\n|upkeep\n|turn|11\n|\n|t:|1663784118\n|switch|p2a: Heatran|Heatran, F|94\/100\n|move|p1a: Heatran|Stealth Rock|p2a: Heatran\n|-sidestart|p2: joedapker|move: Stealth Rock\n|\n|-heal|p1a: Heatran|100\/100|[from] item: Leftovers\n|-heal|p2a: Heatran|100\/100|[from] item: Leftovers\n|upkeep\n|turn|12\n|\n|t:|1663784123\n|switch|p1a: Gliscor|Gliscor, F|99\/100 tox\n|move|p2a: Heatran|Earth Power|p1a: Gliscor\n|-immune|p1a: Gliscor\n|\n|-heal|p1a: Gliscor|100\/100 tox|[from] ability: Poison Heal\n|upkeep\n|turn|13\n|l|\u2606joedapker\n|inactive|joedapker disconnected and has a minute to reconnect!\n|player|p2|\n|inactive|FENDINI has 120 seconds left.\n|\n|t:|1663784176\n|move|p1a: Gliscor|U-turn|p2a: Heatran\n|-resisted|p2a: Heatran\n|-damage|p2a: Heatran|98\/100\n|\n|t:|1663784179\n|switch|p1a: Slowking|Slowking, M|100\/100|[from]move: U-turn\n|move|p2a: Heatran|Magma Storm|p1a: Slowking\n|-resisted|p1a: Slowking\n|-damage|p1a: Slowking|87\/100\n|-activate|p1a: Slowking|move: Magma Storm|[of] p2a: Heatran\n|\n|-heal|p2a: Heatran|100\/100|[from] item: Leftovers\n|-damage|p1a: Slowking|75\/100|[from] move: Magma Storm|[partiallytrapped]\n|upkeep\n|turn|14\n|inactive|joedapker has 30 seconds to reconnect!\n|inactive|joedapker has 20 seconds to reconnect!\n|inactive|joedapker has 15 seconds to reconnect!\n|inactive|joedapker has 10 seconds to reconnect!\n|inactive|joedapker has 5 seconds to reconnect!\n|-message|joedapker lost due to inactivity.\n|\n|win|FENDINI\n|raw|FENDINI's rating: 1262 &rarr; <strong>1301<\/strong><br \/>(+39 for winning)\n|raw|joedapker's rating: 1475 &rarr; <strong>1444<\/strong><br \/>(-31 for losing)\n","uploadtime":1663784254,"views":3,"p1id":"fendini","p2id":"joedapker","formatid":"gen8bdspou","rating":1301,"private":0,"password":null}