{"id":"gen8ou-1449839149","p1":"kokoukohiro","p2":"CaptainGuppy","format":"gen8ou","log":"|j|\u2606kokoukohiro\n|j|\u2606CaptainGuppy\n|t:|1636198479\n|gametype|singles\n|player|p1|kokoukohiro|dawn|1485\n|player|p2|CaptainGuppy|veteran|1430\n|teamsize|p1|6\n|teamsize|p2|6\n|gen|8\n|tier|[Gen 8] OU\n|rated|\n|rule|Sleep Clause Mod: Limit one foe put to sleep\n|rule|Species Clause: Limit one of each Pok\u00e9mon\n|rule|OHKO Clause: OHKO moves are banned\n|rule|Evasion Moves Clause: Evasion moves are banned\n|rule|Endless Battle Clause: Forcing endless battles is banned\n|rule|HP Percentage Mod: HP is shown in percentages\n|rule|Dynamax Clause: You cannot dynamax\n|clearpoke\n|poke|p1|Jirachi|\n|poke|p1|Chansey, F|\n|poke|p1|Quagsire, M|\n|poke|p1|Clefable, M|\n|poke|p1|Toxapex, M|\n|poke|p1|Mandibuzz, F|\n|poke|p2|Moltres|\n|poke|p2|Arctozolt|\n|poke|p2|Ninetales-Alola, M|\n|poke|p2|Kyurem|\n|poke|p2|Swampert, M|\n|poke|p2|Buzzwole|\n|teampreview\n|\n|t:|1636198494\n|start\n|switch|p1a: Quagsire|Quagsire, M|100\/100\n|switch|p2a: Swampert|Swampert, M|100\/100\n|turn|1\n|\n|t:|1636198498\n|move|p2a: Swampert|Stealth Rock|p1a: Quagsire\n|-sidestart|p1: kokoukohiro|move: Stealth Rock\n|move|p1a: Quagsire|Toxic|p2a: Swampert|[miss]\n|-miss|p1a: Quagsire|p2a: Swampert\n|\n|upkeep\n|turn|2\n|\n|t:|1636198505\n|move|p2a: Swampert|Flip Turn|p1a: Quagsire\n|-damage|p1a: Quagsire|86\/100\n|\n|t:|1636198508\n|switch|p2a: Ninetales|Ninetales-Alola, M|100\/100|[from]move: Flip Turn\n|-weather|Hail|[from] ability: Snow Warning|[of] p2a: Ninetales\n|move|p1a: Quagsire|Toxic|p2a: Ninetales\n|-status|p2a: Ninetales|tox\n|\n|-weather|Hail|[upkeep]\n|-damage|p1a: Quagsire|80\/100|[from] Hail\n|-heal|p1a: Quagsire|86\/100|[from] item: Leftovers\n|-damage|p2a: Ninetales|94\/100 tox|[from] psn\n|upkeep\n|turn|3\n|\n|t:|1636198515\n|move|p2a: Ninetales|Aurora Veil|p2a: Ninetales\n|-sidestart|p2: CaptainGuppy|move: Aurora Veil\n|move|p1a: Quagsire|Recover|p1a: Quagsire\n|-heal|p1a: Quagsire|100\/100\n|\n|-weather|Hail|[upkeep]\n|-damage|p1a: Quagsire|94\/100|[from] Hail\n|-heal|p1a: Quagsire|100\/100|[from] item: Leftovers\n|-damage|p2a: Ninetales|82\/100 tox|[from] psn\n|upkeep\n|turn|4\n|\n|t:|1636198523\n|switch|p1a: Jirachi|Jirachi|100\/100\n|-damage|p1a: Jirachi|94\/100|[from] Stealth Rock\n|move|p2a: Ninetales|Freeze-Dry|p1a: Jirachi\n|-resisted|p1a: Jirachi\n|-damage|p1a: Jirachi|88\/100\n|\n|-weather|Hail|[upkeep]\n|-damage|p1a: Jirachi|81\/100|[from] Hail\n|-heal|p1a: Jirachi|88\/100|[from] item: Leftovers\n|-damage|p2a: Ninetales|64\/100 tox|[from] psn\n|upkeep\n|turn|5\n|\n|t:|1636198528\n|switch|p2a: Arctozolt|Arctozolt|100\/100\n|move|p1a: Jirachi|Stealth Rock|p2a: Arctozolt\n|-sidestart|p2: CaptainGuppy|move: Stealth Rock\n|\n|-weather|Hail|[upkeep]\n|-damage|p1a: Jirachi|81\/100|[from] Hail\n|-heal|p1a: Jirachi|88\/100|[from] item: Leftovers\n|upkeep\n|turn|6\n|\n|t:|1636198532\n|move|p1a: Jirachi|Protect|p1a: Jirachi\n|-singleturn|p1a: Jirachi|Protect\n|move|p2a: Arctozolt|Meteor Beam||[still]\n|-prepare|p2a: Arctozolt|Meteor Beam\n|-boost|p2a: Arctozolt|spa|1\n|-enditem|p2a: Arctozolt|Power Herb\n|-anim|p2a: Arctozolt|Meteor Beam|p1a: Jirachi\n|-activate|p1a: Jirachi|move: Protect\n|\n|-weather|Hail|[upkeep]\n|-damage|p1a: Jirachi|81\/100|[from] Hail\n|-heal|p1a: Jirachi|88\/100|[from] item: Leftovers\n|upkeep\n|turn|7\n|\n|t:|1636198543\n|move|p2a: Arctozolt|Bolt Beak|p1a: Jirachi\n|-damage|p1a: Jirachi|15\/100\n|move|p1a: Jirachi|Wish|p1a: Jirachi\n|\n|-weather|Hail|[upkeep]\n|-damage|p1a: Jirachi|8\/100|[from] Hail\n|-heal|p1a: Jirachi|15\/100|[from] item: Leftovers\n|-sideend|p2: CaptainGuppy|move: Aurora Veil\n|upkeep\n|turn|8\n|\n|t:|1636198550\n|move|p1a: Jirachi|Protect|p1a: Jirachi\n|-singleturn|p1a: Jirachi|Protect\n|move|p2a: Arctozolt|Meteor Beam||[still]\n|-prepare|p2a: Arctozolt|Meteor Beam\n|-boost|p2a: Arctozolt|spa|1\n|\n|-weather|Hail|[upkeep]\n|-damage|p1a: Jirachi|8\/100|[from] Hail\n|-heal|p1a: Jirachi|58\/100|[from] move: Wish|[wisher] Jirachi\n|-heal|p1a: Jirachi|65\/100|[from] item: Leftovers\n|upkeep\n|turn|9\n|\n|t:|1636198559\n|move|p2a: Arctozolt|Meteor Beam|p1a: Jirachi|[from]lockedmove\n|-resisted|p1a: Jirachi\n|-damage|p1a: Jirachi|50\/100\n|move|p1a: Jirachi|Iron Head|p2a: Arctozolt\n|-damage|p2a: Arctozolt|67\/100\n|\n|-weather|none\n|-heal|p1a: Jirachi|56\/100|[from] item: Leftovers\n|upkeep\n|turn|10\n|\n|t:|1636198569\n|switch|p1a: Quagsire|Quagsire, M|100\/100\n|-damage|p1a: Quagsire|94\/100|[from] Stealth Rock\n|move|p2a: Arctozolt|Bolt Beak|p1a: Quagsire\n|-immune|p1a: Quagsire\n|\n|-heal|p1a: Quagsire|100\/100|[from] item: Leftovers\n|upkeep\n|turn|11\n|\n|t:|1636198577\n|move|p2a: Arctozolt|Freeze-Dry|p1a: Quagsire\n|-supereffective|p1a: Quagsire\n|-damage|p1a: Quagsire|0 fnt\n|faint|p1a: Quagsire\n|\n|upkeep\n|\n|t:|1636198587\n|switch|p1a: Chansey|Chansey, F|100\/100\n|-damage|p1a: Chansey|88\/100|[from] Stealth Rock\n|turn|12\n|\n|t:|1636198590\n|move|p2a: Arctozolt|Bolt Beak|p1a: Chansey\n|-damage|p1a: Chansey|37\/100\n|move|p1a: Chansey|Toxic|p2a: Arctozolt\n|-status|p2a: Arctozolt|tox\n|\n|-damage|p2a: Arctozolt|61\/100 tox|[from] psn\n|upkeep\n|turn|13\n|-message|kokoukohiro forfeited.\n|\n|win|CaptainGuppy\n|raw|kokoukohiro's rating: 1485 &rarr; <strong>1462<\/strong><br \/>(-23 for losing)\n|raw|CaptainGuppy's rating: 1430 &rarr; <strong>1453<\/strong><br \/>(+23 for winning)\n|l|\u2606kokoukohiro\n|c|\u2606CaptainGuppy|yes\n|c|\u2606CaptainGuppy|yes\n|c|\u2606CaptainGuppy|falcon kick\n|c|\u2606CaptainGuppy|yes\n|c|\u2606CaptainGuppy|show me your moves\n|c|\u2606CaptainGuppy|flacon kick\n|c|\u2606CaptainGuppy|falcon kick\n","uploadtime":1636198666,"views":13,"p1id":"kokoukohiro","p2id":"captainguppy","formatid":"gen8ou","rating":1453,"private":0,"password":null}