{"id":"gen8zu-1686492637","p1":"dieghost yuhhi","p2":"ayevon","format":"gen8zu","log":"|j|\u2606dieghost yuhhi\n|j|\u2606ayevon\n|t:|1665853046\n|gametype|singles\n|player|p1|dieghost yuhhi|allister|\n|player|p2|ayevon|101|\n|teamsize|p1|6\n|teamsize|p2|6\n|gen|8\n|tier|[Gen 8] ZU\n|rated|Tournament battle\n|rule|Sleep Clause Mod: Limit one foe put to sleep\n|rule|Species Clause: Limit one of each Pok\u00e9mon\n|rule|OHKO Clause: OHKO moves are banned\n|rule|Evasion Items Clause: Evasion items are banned\n|rule|Evasion Moves Clause: Evasion moves are banned\n|rule|Endless Battle Clause: Forcing endless battles is banned\n|rule|HP Percentage Mod: HP is shown in percentages\n|rule|Dynamax Clause: You cannot dynamax\n|clearpoke\n|poke|p1|Qwilfish, F|\n|poke|p1|Rapidash-Galar, M|\n|poke|p1|Altaria, M|\n|poke|p1|Miltank, F|\n|poke|p1|Stunfisk, M|\n|poke|p1|Gourgeist-*, F|\n|poke|p2|Rhydon, F|\n|poke|p2|Thwackey, M|\n|poke|p2|Qwilfish, M|\n|poke|p2|Perrserker, F|\n|poke|p2|Cofagrigus, M|\n|poke|p2|Skuntank, M|\n|teampreview\n|inactive|Battle timer is ON: inactive players will automatically lose when time's up. (requested by dieghost yuhhi)\n|inactive|ayevon also wants the timer to be on.\n|j|#Tuthur\n|\n|t:|1665853067\n|start\n|switch|p1a: Qwilfish|Qwilfish, F|100\/100\n|switch|p2a: Rhydon|Rhydon, F|100\/100\n|-ability|p1a: Qwilfish|Intimidate|boost\n|-unboost|p2a: Rhydon|atk|1\n|turn|1\n|j| Rogervireop\n|\n|t:|1665853072\n|switch|p2a: Qwilfish|Qwilfish, M|100\/100\n|-ability|p2a: Qwilfish|Intimidate|boost\n|-unboost|p1a: Qwilfish|atk|1\n|move|p1a: Qwilfish|Spikes|p2a: Qwilfish\n|-sidestart|p2: ayevon|Spikes\n|\n|upkeep\n|turn|2\n|\n|t:|1665853075\n|move|p1a: Qwilfish|Taunt|p2a: Qwilfish\n|-start|p2a: Qwilfish|move: Taunt\n|cant|p2a: Qwilfish|move: Taunt|Spikes\n|\n|upkeep\n|turn|3\n|\n|t:|1665853079\n|switch|p2a: Cofagrigus|Cofagrigus, M|100\/100\n|-damage|p2a: Cofagrigus|88\/100|[from] Spikes\n|move|p1a: Qwilfish|Spikes|p2a: Cofagrigus\n|-sidestart|p2: ayevon|Spikes\n|\n|upkeep\n|turn|4\n|j| TomatoZause\n|c| TomatoZause|roger why'd you go afk\n|l| TomatoZause\n|\n|t:|1665853093\n|move|p1a: Qwilfish|Taunt|p2a: Cofagrigus\n|-start|p2a: Cofagrigus|move: Taunt\n|move|p2a: Cofagrigus|Shadow Ball|p1a: Qwilfish\n|-damage|p1a: Qwilfish|54\/100\n|\n|upkeep\n|turn|5\n|\n|t:|1665853103\n|switch|p1a: Miltank|Miltank, F|100\/100\n|move|p2a: Cofagrigus|Shadow Ball|p1a: Miltank\n|-immune|p1a: Miltank\n|\n|upkeep\n|turn|6\n|j| TomatoZause\n|\n|t:|1665853106\n|switch|p1a: Gourgeist|Gourgeist-Super, F|100\/100\n|-item|p2a: Cofagrigus|Colbur Berry|[from] ability: Frisk|[of] p1a: Gourgeist|[identify]\n|move|p2a: Cofagrigus|Body Press|p1a: Gourgeist\n|-immune|p1a: Gourgeist\n|\n|-end|p2a: Cofagrigus|move: Taunt\n|upkeep\n|turn|7\n|\n|t:|1665853114\n|move|p1a: Gourgeist|Poltergeist|p2a: Cofagrigus\n|-activate|p2a: Cofagrigus|move: Poltergeist|Colbur Berry\n|-supereffective|p2a: Cofagrigus\n|-damage|p2a: Cofagrigus|0 fnt\n|faint|p2a: Cofagrigus\n|\n|upkeep\n|\n|t:|1665853125\n|switch|p2a: Qwilfish|Qwilfish, M|100\/100\n|-damage|p2a: Qwilfish|84\/100|[from] Spikes\n|-ability|p2a: Qwilfish|Intimidate|boost\n|-unboost|p1a: Gourgeist|atk|1\n|turn|8\n|\n|t:|1665853129\n|switch|p1a: Qwilfish|Qwilfish, F|54\/100\n|-ability|p1a: Qwilfish|Intimidate|boost\n|-unboost|p2a: Qwilfish|atk|1\n|move|p2a: Qwilfish|Spikes|p1a: Qwilfish\n|-sidestart|p1: dieghost yuhhi|Spikes\n|\n|-heal|p2a: Qwilfish|90\/100|[from] item: Black Sludge\n|upkeep\n|turn|9\n|\n|t:|1665853133\n|switch|p2a: Skuntank|Skuntank, M|100\/100\n|-damage|p2a: Skuntank|84\/100|[from] Spikes\n|move|p1a: Qwilfish|Taunt|p2a: Skuntank\n|-start|p2a: Skuntank|move: Taunt\n|\n|-heal|p2a: Skuntank|90\/100|[from] item: Black Sludge\n|upkeep\n|turn|10\n|\n|t:|1665853140\n|switch|p1a: Stunfisk|Stunfisk, M|100\/100\n|-damage|p1a: Stunfisk|88\/100|[from] Spikes\n|move|p2a: Skuntank|Dark Pulse|p1a: Stunfisk\n|-damage|p1a: Stunfisk|72\/100\n|\n|-heal|p2a: Skuntank|96\/100|[from] item: Black Sludge\n|-heal|p1a: Stunfisk|78\/100|[from] item: Leftovers\n|upkeep\n|turn|11\n|\n|t:|1665853144\n|switch|p2a: Thwackey|Thwackey, M|100\/100\n|-damage|p2a: Thwackey|84\/100|[from] Spikes\n|-fieldstart|move: Grassy Terrain|[from] ability: Grassy Surge|[of] p2a: Thwackey\n|move|p1a: Stunfisk|Stealth Rock|p2a: Thwackey\n|-sidestart|p2: ayevon|move: Stealth Rock\n|\n|-heal|p2a: Thwackey|90\/100|[from] Grassy Terrain\n|-heal|p1a: Stunfisk|84\/100|[from] Grassy Terrain\n|-heal|p1a: Stunfisk|90\/100|[from] item: Leftovers\n|upkeep\n|turn|12\n|\n|t:|1665853153\n|switch|p1a: Altaria|Altaria, M|100\/100\n|move|p2a: Thwackey|Knock Off|p1a: Altaria\n|-damage|p1a: Altaria|67\/100\n|-enditem|p1a: Altaria|Heavy-Duty Boots|[from] move: Knock Off|[of] p2a: Thwackey\n|\n|-heal|p2a: Thwackey|96\/100|[from] Grassy Terrain\n|upkeep\n|turn|13\n|j| Beka \u2764\n|\n|t:|1665853161\n|switch|p2a: Rhydon|Rhydon, F|100\/100\n|-damage|p2a: Rhydon|84\/100|[from] Spikes\n|-damage|p2a: Rhydon|78\/100|[from] Stealth Rock\n|move|p1a: Altaria|Roost|p1a: Altaria\n|-heal|p1a: Altaria|100\/100\n|-singleturn|p1a: Altaria|move: Roost\n|\n|-heal|p2a: Rhydon|84\/100|[from] Grassy Terrain\n|upkeep\n|turn|14\n|\n|t:|1665853168\n|switch|p1a: Gourgeist|Gourgeist-Super, F|100\/100\n|-damage|p1a: Gourgeist|88\/100|[from] Spikes\n|-item|p2a: Rhydon|Eviolite|[from] ability: Frisk|[of] p1a: Gourgeist|[identify]\n|move|p2a: Rhydon|Stealth Rock|p1a: Gourgeist\n|-sidestart|p1: dieghost yuhhi|move: Stealth Rock\n|\n|-heal|p1a: Gourgeist|94\/100|[from] Grassy Terrain\n|-heal|p2a: Rhydon|90\/100|[from] Grassy Terrain\n|upkeep\n|turn|15\n|\n|t:|1665853179\n|switch|p2a: Qwilfish|Qwilfish, M|90\/100\n|-damage|p2a: Qwilfish|74\/100|[from] Spikes\n|-damage|p2a: Qwilfish|61\/100|[from] Stealth Rock\n|-ability|p2a: Qwilfish|Intimidate|boost\n|-unboost|p1a: Gourgeist|atk|1\n|move|p1a: Gourgeist|Poltergeist|p2a: Qwilfish|[miss]\n|-miss|p1a: Gourgeist|p2a: Qwilfish\n|\n|-heal|p2a: Qwilfish|67\/100|[from] Grassy Terrain\n|-heal|p2a: Qwilfish|73\/100|[from] item: Black Sludge\n|-heal|p1a: Gourgeist|100\/100|[from] Grassy Terrain\n|-fieldend|move: Grassy Terrain\n|upkeep\n|turn|16\n|\n|t:|1665853183\n|move|p2a: Qwilfish|Spikes|p1a: Gourgeist\n|-sidestart|p1: dieghost yuhhi|Spikes\n|move|p1a: Gourgeist|Poltergeist|p2a: Qwilfish\n|-activate|p2a: Qwilfish|move: Poltergeist|Black Sludge\n|-damage|p2a: Qwilfish|18\/100\n|\n|-heal|p2a: Qwilfish|24\/100|[from] item: Black Sludge\n|upkeep\n|turn|17\n|\n|t:|1665853189\n|move|p2a: Qwilfish|Pain Split|p1a: Gourgeist\n|-sethp|p1a: Gourgeist|63\/100|[from] move: Pain Split|[silent]\n|-sethp|p2a: Qwilfish|59\/100|[from] move: Pain Split\n|move|p1a: Gourgeist|Poltergeist|p2a: Qwilfish\n|-activate|p2a: Qwilfish|move: Poltergeist|Black Sludge\n|-damage|p2a: Qwilfish|2\/100\n|\n|-heal|p2a: Qwilfish|8\/100|[from] item: Black Sludge\n|upkeep\n|turn|18\n|\n|t:|1665853200\n|switch|p1a: Qwilfish|Qwilfish, F|54\/100\n|-damage|p1a: Qwilfish|38\/100|[from] Spikes\n|-damage|p1a: Qwilfish|26\/100|[from] Stealth Rock\n|-ability|p1a: Qwilfish|Intimidate|boost\n|-unboost|p2a: Qwilfish|atk|1\n|move|p2a: Qwilfish|Spikes|p1a: Qwilfish\n|-sidestart|p1: dieghost yuhhi|Spikes\n|\n|-heal|p2a: Qwilfish|14\/100|[from] item: Black Sludge\n|upkeep\n|turn|19\n|\n|t:|1665853214\n|switch|p2a: Skuntank|Skuntank, M|96\/100\n|-damage|p2a: Skuntank|80\/100|[from] Spikes\n|-damage|p2a: Skuntank|67\/100|[from] Stealth Rock\n|move|p1a: Qwilfish|Spikes|p2a: Skuntank\n|-sidestart|p2: ayevon|Spikes\n|\n|-heal|p2a: Skuntank|73\/100|[from] item: Black Sludge\n|upkeep\n|turn|20\n|\n|t:|1665853217\n|move|p2a: Skuntank|Dark Pulse|p1a: Qwilfish\n|-damage|p1a: Qwilfish|0 fnt\n|faint|p1a: Qwilfish\n|\n|-heal|p2a: Skuntank|79\/100|[from] item: Black Sludge\n|upkeep\n|\n|t:|1665853222\n|switch|p1a: Stunfisk|Stunfisk, M|90\/100\n|-damage|p1a: Stunfisk|65\/100|[from] Spikes\n|-damage|p1a: Stunfisk|59\/100|[from] Stealth Rock\n|turn|21\n|\n|t:|1665853229\n|switch|p2a: Qwilfish|Qwilfish, M|14\/100\n|-damage|p2a: Qwilfish|0 fnt|[from] Spikes\n|faint|p2a: Qwilfish\n|move|p1a: Stunfisk|Foul Play|p2: Qwilfish|[notarget]\n|-fail|p1a: Stunfisk\n|\n|-heal|p1a: Stunfisk|65\/100|[from] item: Leftovers\n|upkeep\n|\n|t:|1665853231\n|switch|p2a: Thwackey|Thwackey, M|96\/100\n|-damage|p2a: Thwackey|71\/100|[from] Spikes\n|-damage|p2a: Thwackey|59\/100|[from] Stealth Rock\n|-fieldstart|move: Grassy Terrain|[from] ability: Grassy Surge|[of] p2a: Thwackey\n|turn|22\n|\n|t:|1665853237\n|move|p2a: Thwackey|U-turn|p1a: Stunfisk\n|-damage|p1a: Stunfisk|38\/100\n|-status|p2a: Thwackey|par|[from] ability: Static|[of] p1a: Stunfisk\n|\n|t:|1665853243\n|switch|p2a: Rhydon|Rhydon, F|90\/100|[from]move: U-turn\n|-damage|p2a: Rhydon|65\/100|[from] Spikes\n|-damage|p2a: Rhydon|59\/100|[from] Stealth Rock\n|move|p1a: Stunfisk|Stealth Rock||[still]\n|-fail|p1a: Stunfisk\n|\n|-heal|p2a: Rhydon|65\/100|[from] Grassy Terrain\n|-heal|p1a: Stunfisk|44\/100|[from] Grassy Terrain\n|-heal|p1a: Stunfisk|50\/100|[from] item: Leftovers\n|upkeep\n|turn|23\n|c|\u2606dieghost yuhhi|NO I MISSCLICKED\n|j| 94260LC\n|c|\u2606dieghost yuhhi|i meant to click earth power ;-(\n|inactive|dieghost yuhhi has 120 seconds left.\n|\n|t:|1665853284\n|move|p2a: Rhydon|High Horsepower|p1a: Stunfisk\n|-supereffective|p1a: Stunfisk\n|-crit|p1a: Stunfisk\n|-damage|p1a: Stunfisk|0 fnt\n|-status|p2a: Rhydon|par|[from] ability: Static|[of] p1a: Stunfisk\n|faint|p1a: Stunfisk\n|\n|-heal|p2a: Rhydon|71\/100 par|[from] Grassy Terrain\n|upkeep\n|j| grapeshot560\n|\n|t:|1665853290\n|switch|p1a: Gourgeist|Gourgeist-Super, F|63\/100\n|-damage|p1a: Gourgeist|38\/100|[from] Spikes\n|-damage|p1a: Gourgeist|26\/100|[from] Stealth Rock\n|-item|p2a: Rhydon|Eviolite|[from] ability: Frisk|[of] p1a: Gourgeist|[identify]\n|turn|24\n|\n|t:|1665853299\n|move|p1a: Gourgeist|Power Whip|p2a: Rhydon\n|-supereffective|p2a: Rhydon\n|-damage|p2a: Rhydon|0 fnt\n|faint|p2a: Rhydon\n|\n|-heal|p1a: Gourgeist|32\/100|[from] Grassy Terrain\n|upkeep\n|\n|t:|1665853305\n|switch|p2a: Skuntank|Skuntank, M|79\/100\n|-damage|p2a: Skuntank|55\/100|[from] Spikes\n|-damage|p2a: Skuntank|42\/100|[from] Stealth Rock\n|turn|25\n|\n|t:|1665853311\n|move|p2a: Skuntank|Sludge Bomb|p1a: Gourgeist\n|-damage|p1a: Gourgeist|0 fnt\n|faint|p1a: Gourgeist\n|\n|-heal|p2a: Skuntank|48\/100|[from] Grassy Terrain\n|-heal|p2a: Skuntank|54\/100|[from] item: Black Sludge\n|upkeep\n|\n|t:|1665853321\n|switch|p1a: Rapidash|Rapidash-Galar, M|100\/100\n|-damage|p1a: Rapidash|76\/100|[from] Spikes\n|-damage|p1a: Rapidash|64\/100|[from] Stealth Rock\n|turn|26\n|\n|t:|1665853346\n|switch|p2a: Thwackey|Thwackey, M|59\/100 par\n|-damage|p2a: Thwackey|34\/100 par|[from] Spikes\n|-damage|p2a: Thwackey|21\/100 par|[from] Stealth Rock\n|move|p1a: Rapidash|High Horsepower|p2a: Thwackey\n|-resisted|p2a: Thwackey\n|-damage|p2a: Thwackey|0 fnt\n|faint|p2a: Thwackey\n|\n|-heal|p1a: Rapidash|70\/100|[from] Grassy Terrain\n|-heal|p1a: Rapidash|75\/100|[from] item: Leftovers\n|-fieldend|move: Grassy Terrain\n|upkeep\n|\n|t:|1665853350\n|switch|p2a: Perrserker|Perrserker, F|100\/100\n|-damage|p2a: Perrserker|75\/100|[from] Spikes\n|-damage|p2a: Perrserker|69\/100|[from] Stealth Rock\n|turn|27\n|\n|t:|1665853363\n|switch|p1a: Altaria|Altaria, M|100\/100\n|-damage|p1a: Altaria|76\/100|[from] Stealth Rock\n|move|p2a: Perrserker|Iron Head|p1a: Altaria\n|-damage|p1a: Altaria|5\/100\n|\n|upkeep\n|turn|28\n|\n|t:|1665853366\n|move|p1a: Altaria|Hurricane|p2a: Perrserker\n|-resisted|p2a: Perrserker\n|-damage|p2a: Perrserker|47\/100\n|-start|p2a: Perrserker|confusion\n|-activate|p2a: Perrserker|confusion\n|-damage|p2a: Perrserker|32\/100|[from] confusion\n|\n|upkeep\n|turn|29\n|\n|t:|1665853374\n|move|p1a: Altaria|Hurricane|p2a: Perrserker|[miss]\n|-miss|p1a: Altaria|p2a: Perrserker\n|-activate|p2a: Perrserker|confusion\n|move|p2a: Perrserker|Iron Head|p1a: Altaria\n|-damage|p1a: Altaria|0 fnt\n|faint|p1a: Altaria\n|\n|upkeep\n|\n|t:|1665853378\n|switch|p1a: Rapidash|Rapidash-Galar, M|75\/100\n|-damage|p1a: Rapidash|51\/100|[from] Spikes\n|-damage|p1a: Rapidash|39\/100|[from] Stealth Rock\n|turn|30\n|\n|t:|1665853380\n|move|p1a: Rapidash|High Horsepower|p2a: Perrserker\n|-supereffective|p2a: Perrserker\n|-damage|p2a: Perrserker|0 fnt\n|faint|p2a: Perrserker\n|\n|-heal|p1a: Rapidash|44\/100|[from] item: Leftovers\n|upkeep\n|-message|ayevon forfeited.\n|\n|win|dieghost yuhhi\n|n|\u2606dieghost yuhhi|dieghostyuhhi\n|n|\u2606ayevon|ayevon\n|n|+Tuthur|tuthur\n|n| Rogervireop|rogervireop\n|n| TomatoZause|tomatozause\n|n| Beka \u2764|beka\n|n| 94260LC|94260lc\n|n| grapeshot560|grapeshot560\n","uploadtime":1665853384,"views":5,"p1id":"dieghostyuhhi","p2id":"ayevon","formatid":"gen8zu","rating":0,"private":0,"password":null}