{"id":"gen8nationaldexag-1082369282","p1":"Guardsweeper","p2":"Blue chen","format":"gen8nationaldexag","log":"|j|\u2606Guardsweeper\n|j|\u2606Blue chen\n|player|p1|Guardsweeper|bellelba|1703\n|player|p2|Blue chen|clair|1697\n|teamsize|p1|6\n|teamsize|p2|6\n|gametype|singles\n|gen|8\n|tier|[Gen 8] National Dex AG\n|rated|\n|clearpoke\n|poke|p1|Zacian-Crowned|\n|poke|p1|Arceus-*|\n|poke|p1|Ferrothorn, M|\n|poke|p1|Ho-Oh|\n|poke|p1|Necrozma-Dusk-Mane|\n|poke|p1|Zygarde|\n|poke|p2|Zygarde|\n|poke|p2|Zygarde|\n|poke|p2|Rayquaza|\n|poke|p2|Necrozma-Dusk-Mane|\n|poke|p2|Yveltal|\n|poke|p2|Lugia|\n|rule|HP Percentage Mod: HP is shown in percentages\n|rule|Endless Battle Clause: Forcing endless battles is banned\n|teampreview\n|\n|start\n|switch|p1a: Zygarde|Zygarde, shiny|100\/100\n|switch|p2a: Zygarde|Zygarde|100\/100\n|turn|1\n|\n|move|p2a: Zygarde|Glare|p1a: Zygarde\n|-status|p1a: Zygarde|par\n|move|p1a: Zygarde|Dragon Tail|p2a: Zygarde\n|-supereffective|p2a: Zygarde\n|-damage|p2a: Zygarde|77\/100\n|drag|p2a: Lugia|Lugia|100\/100\n|\n|upkeep\n|turn|2\n|\n|switch|p2a: Zygarde|Zygarde|77\/100\n|switch|p1a: Ferrothorn|Ferrothorn, M, shiny|100\/100\n|\n|-heal|p2a: Zygarde|83\/100|[from] item: Leftovers\n|upkeep\n|turn|3\n|\n|move|p2a: Zygarde|Substitute|p2a: Zygarde\n|-start|p2a: Zygarde|Substitute\n|-damage|p2a: Zygarde|58\/100\n|move|p1a: Ferrothorn|Spikes|p2a: Zygarde\n|-sidestart|p2: Blue chen|Spikes\n|\n|-heal|p2a: Zygarde|65\/100|[from] item: Leftovers\n|upkeep\n|turn|4\n|\n|switch|p1a: Ho-Oh|Ho-Oh, shiny|100\/100\n|move|p2a: Zygarde|Glare|p1a: Ho-Oh\n|-status|p1a: Ho-Oh|par\n|\n|-heal|p2a: Zygarde|71\/100|[from] item: Leftovers\n|upkeep\n|turn|5\n|\n|move|p2a: Zygarde|Thousand Arrows|p1a: Ho-Oh\n|-damage|p1a: Ho-Oh|80\/100 par\n|-start|p1a: Ho-Oh|Smack Down\n|move|p1a: Ho-Oh|Whirlwind|p2a: Zygarde\n|drag|p2a: Necrozma|Necrozma-Dusk-Mane|100\/100\n|-damage|p2a: Necrozma|88\/100|[from] Spikes\n|\n|upkeep\n|turn|6\n|\n|switch|p2a: Zygarde|Zygarde|71\/100\n|-damage|p2a: Zygarde|58\/100|[from] Spikes\n|switch|p1a: Ferrothorn|Ferrothorn, M, shiny|100\/100\n|\n|-heal|p2a: Zygarde|65\/100|[from] item: Leftovers\n|upkeep\n|turn|7\n|\n|move|p2a: Zygarde|Substitute|p2a: Zygarde\n|-start|p2a: Zygarde|Substitute\n|-damage|p2a: Zygarde|40\/100\n|move|p1a: Ferrothorn|Spikes|p2a: Zygarde\n|-sidestart|p2: Blue chen|Spikes\n|\n|-heal|p2a: Zygarde|46\/100|[from] item: Leftovers\n|-activate|p2a: Zygarde|ability: Power Construct\n|detailschange|p2a: Zygarde|Zygarde-Complete\n|-heal|p2a: Zygarde|65\/100|[silent]\n|upkeep\n|turn|8\n|\n|switch|p1a: Ho-Oh|Ho-Oh, shiny|100\/100 par\n|move|p2a: Zygarde|Thousand Arrows|p1a: Ho-Oh\n|-damage|p1a: Ho-Oh|81\/100 par\n|-start|p1a: Ho-Oh|Smack Down\n|\n|-heal|p2a: Zygarde|71\/100|[from] item: Leftovers\n|upkeep\n|turn|9\n|\n|move|p2a: Zygarde|Thousand Arrows|p1a: Ho-Oh\n|-supereffective|p1a: Ho-Oh\n|-damage|p1a: Ho-Oh|40\/100 par\n|cant|p1a: Ho-Oh|par\n|\n|-heal|p2a: Zygarde|77\/100|[from] item: Leftovers\n|upkeep\n|turn|10\n|inactive|Battle timer is ON: inactive players will automatically lose when time's up. (requested by Guardsweeper)\n|j| wTTo\n|\n|switch|p1a: Zygarde|Zygarde, shiny|100\/100 par\n|move|p2a: Zygarde|Thousand Arrows|p1a: Zygarde\n|-damage|p1a: Zygarde|84\/100 par\n|\n|-heal|p2a: Zygarde|83\/100|[from] item: Leftovers\n|-heal|p1a: Zygarde|90\/100 par|[from] item: Leftovers\n|upkeep\n|turn|11\n|\n|move|p2a: Zygarde|Thousand Arrows|p1a: Zygarde\n|-damage|p1a: Zygarde|74\/100 par\n|move|p1a: Zygarde|Coil|p1a: Zygarde\n|-boost|p1a: Zygarde|atk|1\n|-boost|p1a: Zygarde|def|1\n|-boost|p1a: Zygarde|accuracy|1\n|\n|-heal|p2a: Zygarde|89\/100|[from] item: Leftovers\n|-heal|p1a: Zygarde|80\/100 par|[from] item: Leftovers\n|upkeep\n|turn|12\n|\n|move|p2a: Zygarde|Haze|p2a: Zygarde\n|-clearallboost\n|move|p1a: Zygarde|Dragon Tail|p2a: Zygarde\n|-supereffective|p2a: Zygarde\n|-crit|p2a: Zygarde\n|-end|p2a: Zygarde|Substitute\n|\n|-heal|p2a: Zygarde|95\/100|[from] item: Leftovers\n|-heal|p1a: Zygarde|86\/100 par|[from] item: Leftovers\n|upkeep\n|turn|13\n|l| wTTo\n|\n|switch|p1a: Ho-Oh|Ho-Oh, shiny|74\/100 par\n|move|p2a: Zygarde|Substitute|p2a: Zygarde\n|-start|p2a: Zygarde|Substitute\n|-damage|p2a: Zygarde|70\/100\n|\n|-heal|p2a: Zygarde|77\/100|[from] item: Leftovers\n|upkeep\n|turn|14\n|\n|move|p2a: Zygarde|Thousand Arrows|p1a: Ho-Oh\n|-damage|p1a: Ho-Oh|54\/100 par\n|-start|p1a: Ho-Oh|Smack Down\n|move|p1a: Ho-Oh|Whirlwind|p2a: Zygarde\n|drag|p2a: Lugia|Lugia|100\/100\n|\n|upkeep\n|turn|15\n|\n|move|p2a: Lugia|Defog|p1a: Ho-Oh\n|-unboost|p1a: Ho-Oh|evasion|1\n|-sideend|p2: Blue chen|Spikes|[from] move: Defog|[of] p2a: Lugia\n|move|p1a: Ho-Oh|Sacred Fire|p2a: Lugia\n|-damage|p2a: Lugia|91\/100\n|\n|upkeep\n|turn|16\n|\n|move|p2a: Lugia|Roost|p2a: Lugia\n|-heal|p2a: Lugia|100\/100\n|-singleturn|p2a: Lugia|move: Roost\n|move|p1a: Ho-Oh|Sacred Fire|p2a: Lugia\n|-damage|p2a: Lugia|91\/100\n|\n|upkeep\n|turn|17\n|\n|switch|p2a: Zygarde|Zygarde-Complete|77\/100\n|move|p1a: Ho-Oh|Sacred Fire|p2a: Zygarde\n|-resisted|p2a: Zygarde\n|-damage|p2a: Zygarde|69\/100\n|-status|p2a: Zygarde|brn\n|\n|-heal|p2a: Zygarde|75\/100 brn|[from] item: Leftovers\n|-damage|p2a: Zygarde|69\/100 brn|[from] brn\n|upkeep\n|turn|18\n|j| Laopani\n|\n|switch|p1a: Arceus|Arceus-Ground, shiny|100\/100\n|move|p2a: Zygarde|Thousand Arrows|p1a: Arceus\n|-damage|p1a: Arceus|91\/100\n|\n|-heal|p2a: Zygarde|75\/100 brn|[from] item: Leftovers\n|-damage|p2a: Zygarde|69\/100 brn|[from] brn\n|upkeep\n|turn|19\n|\n|move|p1a: Arceus|Calm Mind|p1a: Arceus\n|-boost|p1a: Arceus|spa|1\n|-boost|p1a: Arceus|spd|1\n|move|p2a: Zygarde|Glare|p1a: Arceus\n|-status|p1a: Arceus|par\n|\n|-heal|p2a: Zygarde|75\/100 brn|[from] item: Leftovers\n|-damage|p2a: Zygarde|69\/100 brn|[from] brn\n|upkeep\n|turn|20\n|\n|move|p2a: Zygarde|Haze|p2a: Zygarde\n|-clearallboost\n|move|p1a: Arceus|Judgment|p2a: Zygarde\n|-damage|p2a: Zygarde|37\/100 brn\n|\n|-heal|p2a: Zygarde|43\/100 brn|[from] item: Leftovers\n|-damage|p2a: Zygarde|37\/100 brn|[from] brn\n|upkeep\n|turn|21\n|\n|switch|p2a: Yveltal|Yveltal|100\/100\n|-ability|p2a: Yveltal|Dark Aura\n|cant|p1a: Arceus|par\n|\n|upkeep\n|turn|22\n|\n|switch|p1a: Ho-Oh|Ho-Oh, shiny|87\/100 par\n|-start|p2a: Yveltal|Dynamax\n|-heal|p2a: Yveltal|100\/100|[silent]\n|move|p2a: Yveltal|Max Airstream|p1a: Ho-Oh\n|-damage|p1a: Ho-Oh|37\/100 par\n|-boost|p2a: Yveltal|spe|1\n|-damage|p2a: Yveltal|96\/100|[from] item: Life Orb\n|\n|upkeep\n|turn|23\n|\n|switch|p1a: Zacian|Zacian-Crowned|100\/100\n|-ability|p1a: Zacian|Intrepid Sword|boost\n|-boost|p1a: Zacian|atk|1\n|move|p2a: Yveltal|Max Darkness|p1a: Zacian\n|-resisted|p1a: Zacian\n|-damage|p1a: Zacian|48\/100\n|-unboost|p1a: Zacian|spd|1\n|-damage|p2a: Yveltal|91\/100|[from] item: Life Orb\n|\n|upkeep\n|turn|24\n|j| awsome pro\n|\n|switch|p1a: Ho-Oh|Ho-Oh, shiny|70\/100 par\n|move|p2a: Yveltal|Max Darkness|p1a: Ho-Oh\n|-damage|p1a: Ho-Oh|8\/100 par\n|-unboost|p1a: Ho-Oh|spd|1\n|-damage|p2a: Yveltal|86\/100|[from] item: Life Orb\n|\n|-end|p2a: Yveltal|Dynamax\n|-heal|p2a: Yveltal|86\/100|[silent]\n|upkeep\n|turn|25\n|\n|switch|p1a: Zygarde|Zygarde, shiny|86\/100 par\n|move|p2a: Yveltal|Oblivion Wing|p1a: Zygarde\n|-damage|p1a: Zygarde|39\/100 par\n|-heal|p2a: Yveltal|100\/100|[from] drain|[of] p1a: Zygarde\n|-damage|p2a: Yveltal|91\/100|[from] item: Life Orb\n|\n|-heal|p1a: Zygarde|45\/100 par|[from] item: Leftovers\n|-activate|p1a: Zygarde|ability: Power Construct\n|detailschange|p1a: Zygarde|Zygarde-Complete, shiny\n|-heal|p1a: Zygarde|64\/100 par|[silent]\n|upkeep\n|turn|26\n|\n|move|p2a: Yveltal|Knock Off|p1a: Zygarde\n|-damage|p1a: Zygarde|41\/100 par\n|-enditem|p1a: Zygarde|Leftovers|[from] move: Knock Off|[of] p2a: Yveltal\n|-damage|p2a: Yveltal|81\/100|[from] item: Life Orb\n|move|p1a: Zygarde|Dragon Tail|p2a: Yveltal\n|-damage|p2a: Yveltal|62\/100\n|drag|p2a: Necrozma|Necrozma-Dusk-Mane|88\/100\n|\n|upkeep\n|turn|27\n|\n|switch|p2a: Yveltal|Yveltal|62\/100\n|-ability|p2a: Yveltal|Dark Aura\n|move|p1a: Zygarde|Coil|p1a: Zygarde\n|-boost|p1a: Zygarde|atk|1\n|-boost|p1a: Zygarde|def|1\n|-boost|p1a: Zygarde|accuracy|1\n|\n|upkeep\n|turn|28\n|\n|switch|p1a: Zacian|Zacian-Crowned|48\/100\n|-ability|p1a: Zacian|Intrepid Sword|boost\n|-boost|p1a: Zacian|atk|1\n|move|p2a: Yveltal|Dark Pulse|p1a: Zacian\n|-resisted|p1a: Zacian\n|-damage|p1a: Zacian|17\/100\n|-damage|p2a: Yveltal|52\/100|[from] item: Life Orb\n|\n|upkeep\n|turn|29\n|\n|switch|p2a: Zygarde|Zygarde-Complete|37\/100 brn\n|move|p1a: Zacian|Close Combat|p2a: Zygarde\n|-damage|p2a: Zygarde|9\/100 brn\n|-unboost|p1a: Zacian|def|1\n|-unboost|p1a: Zacian|spd|1\n|\n|-heal|p2a: Zygarde|15\/100 brn|[from] item: Leftovers\n|-damage|p2a: Zygarde|9\/100 brn|[from] brn\n|upkeep\n|turn|30\n|\n|move|p1a: Zacian|Behemoth Blade|p2a: Zygarde\n|-damage|p2a: Zygarde|0 fnt\n|faint|p2a: Zygarde\n|\n|upkeep\n|\n|switch|p2a: Lugia|Lugia|91\/100\n|turn|31\n|\n|switch|p1a: Zygarde|Zygarde-Complete, shiny|41\/100 par\n|switch|p2a: Yveltal|Yveltal|52\/100\n|-ability|p2a: Yveltal|Dark Aura\n|\n|upkeep\n|turn|32\n|\n|move|p2a: Yveltal|Oblivion Wing|p1a: Zygarde\n|-damage|p1a: Zygarde|11\/100 par\n|-heal|p2a: Yveltal|89\/100|[from] drain|[of] p1a: Zygarde\n|-damage|p2a: Yveltal|79\/100|[from] item: Life Orb\n|move|p1a: Zygarde|Rest|p1a: Zygarde\n|-status|p1a: Zygarde|slp|[from] move: Rest\n|-heal|p1a: Zygarde|100\/100 slp|[silent]\n|\n|upkeep\n|turn|33\n|\n|switch|p1a: Arceus|Arceus-Ground, shiny|91\/100 par\n|move|p2a: Yveltal|Oblivion Wing|p1a: Arceus\n|-damage|p1a: Arceus|55\/100 par\n|-heal|p2a: Yveltal|100\/100|[from] drain|[of] p1a: Arceus\n|-damage|p2a: Yveltal|91\/100|[from] item: Life Orb\n|\n|upkeep\n|turn|34\n|\n|move|p2a: Yveltal|Dark Pulse|p1a: Arceus\n|-damage|p1a: Arceus|9\/100 par\n|-damage|p2a: Yveltal|81\/100|[from] item: Life Orb\n|move|p1a: Arceus|Recover|p1a: Arceus\n|-heal|p1a: Arceus|59\/100 par\n|\n|upkeep\n|turn|35\n|\n|move|p2a: Yveltal|Dark Pulse|p1a: Arceus\n|-damage|p1a: Arceus|11\/100 par\n|-damage|p2a: Yveltal|71\/100|[from] item: Life Orb\n|move|p1a: Arceus|Recover|p1a: Arceus\n|-heal|p1a: Arceus|61\/100 par\n|\n|upkeep\n|turn|36\n|\n|-start|p1a: Arceus|Dynamax\n|-heal|p1a: Arceus|61\/100 par|[silent]\n|move|p2a: Yveltal|Dark Pulse|p1a: Arceus\n|-damage|p1a: Arceus|35\/100 par\n|-damage|p2a: Yveltal|61\/100|[from] item: Life Orb\n|move|p1a: Arceus|Max Rockfall|p2a: Yveltal|[from]Hidden Power\n|-supereffective|p2a: Yveltal\n|-damage|p2a: Yveltal|1\/100\n|-weather|Sandstorm\n|\n|-weather|Sandstorm|[upkeep]\n|-damage|p2a: Yveltal|0 fnt|[from] Sandstorm\n|faint|p2a: Yveltal\n|upkeep\n|\n|switch|p2a: Zygarde|Zygarde|100\/100\n|turn|37\n|\n|move|p2a: Zygarde|Substitute|p2a: Zygarde\n|-start|p2a: Zygarde|Substitute\n|-damage|p2a: Zygarde|76\/100\n|cant|p1a: Arceus|par\n|\n|-weather|Sandstorm|[upkeep]\n|-heal|p2a: Zygarde|82\/100|[from] item: Leftovers\n|upkeep\n|turn|38\n|\n|move|p2a: Zygarde|Dragon Dance|p2a: Zygarde\n|-boost|p2a: Zygarde|atk|1\n|-boost|p2a: Zygarde|spe|1\n|move|p1a: Arceus|Max Quake|p2a: Zygarde|[from]Judgment\n|-end|p2a: Zygarde|Substitute\n|-boost|p1a: Arceus|spd|1\n|\n|-weather|Sandstorm|[upkeep]\n|-heal|p2a: Zygarde|88\/100|[from] item: Leftovers\n|-end|p1a: Arceus|Dynamax\n|-heal|p1a: Arceus|35\/100 par|[silent]\n|upkeep\n|turn|39\n|\n|move|p2a: Zygarde|Substitute|p2a: Zygarde\n|-start|p2a: Zygarde|Substitute\n|-damage|p2a: Zygarde|63\/100\n|move|p1a: Arceus|Recover|p1a: Arceus\n|-heal|p1a: Arceus|85\/100 par\n|\n|-weather|Sandstorm|[upkeep]\n|-heal|p2a: Zygarde|69\/100|[from] item: Leftovers\n|upkeep\n|turn|40\n|\n|move|p2a: Zygarde|Dragon Dance|p2a: Zygarde\n|-boost|p2a: Zygarde|atk|1\n|-boost|p2a: Zygarde|spe|1\n|move|p1a: Arceus|Judgment|p2a: Zygarde\n|-end|p2a: Zygarde|Substitute\n|\n|-weather|none\n|-heal|p2a: Zygarde|75\/100|[from] item: Leftovers\n|upkeep\n|turn|41\n|\n|move|p2a: Zygarde|Thousand Arrows|p1a: Arceus\n|-damage|p1a: Arceus|34\/100 par\n|cant|p1a: Arceus|par\n|\n|-heal|p2a: Zygarde|81\/100|[from] item: Leftovers\n|upkeep\n|turn|42\n|\n|move|p2a: Zygarde|Thousand Arrows|p1a: Arceus\n|-damage|p1a: Arceus|0 fnt\n|faint|p1a: Arceus\n|\n|-heal|p2a: Zygarde|88\/100|[from] item: Leftovers\n|upkeep\n|\n|switch|p1a: Ferrothorn|Ferrothorn, M, shiny|100\/100\n|turn|43\n|\n|move|p2a: Zygarde|Substitute|p2a: Zygarde\n|-start|p2a: Zygarde|Substitute\n|-damage|p2a: Zygarde|63\/100\n|move|p1a: Ferrothorn|Knock Off|p2a: Zygarde\n|-activate|p2a: Zygarde|move: Substitute|[damage]\n|\n|-heal|p2a: Zygarde|69\/100|[from] item: Leftovers\n|upkeep\n|turn|44\n|\n|move|p2a: Zygarde|Dragon Dance|p2a: Zygarde\n|-boost|p2a: Zygarde|atk|1\n|-boost|p2a: Zygarde|spe|1\n|move|p1a: Ferrothorn|Knock Off|p2a: Zygarde\n|-end|p2a: Zygarde|Substitute\n|\n|-heal|p2a: Zygarde|75\/100|[from] item: Leftovers\n|upkeep\n|turn|45\n|\n|switch|p1a: Zygarde|Zygarde-Complete, shiny|100\/100 slp\n|move|p2a: Zygarde|Substitute|p2a: Zygarde\n|-start|p2a: Zygarde|Substitute\n|-damage|p2a: Zygarde|50\/100\n|\n|-heal|p2a: Zygarde|56\/100|[from] item: Leftovers\n|upkeep\n|turn|46\n|\n|move|p2a: Zygarde|Dragon Tail|p1a: Zygarde\n|-supereffective|p1a: Zygarde\n|-damage|p1a: Zygarde|55\/100 slp\n|drag|p1a: Ferrothorn|Ferrothorn, M, shiny|100\/100\n|\n|-heal|p2a: Zygarde|62\/100|[from] item: Leftovers\n|upkeep\n|turn|47\n|\n|switch|p1a: Zygarde|Zygarde-Complete, shiny|55\/100 slp\n|move|p2a: Zygarde|Thousand Arrows|p1a: Zygarde\n|-damage|p1a: Zygarde|20\/100 slp\n|\n|-heal|p2a: Zygarde|69\/100|[from] item: Leftovers\n|upkeep\n|turn|48\n|-message|Guardsweeper forfeited.\n|\n|win|Blue chen\n|l|\u2606Guardsweeper\n|l| Laopani\n||Ladder (probably) updated, but score could not be retrieved (Response not received).\n","uploadtime":1584722259,"views":32,"p1id":"guardsweeper","p2id":"bluechen","formatid":"gen8nationaldexag","rating":0,"private":0,"password":null}