{"id":"gen8unratedrandombattle-1239761085","p1":"Del chef","p2":"jbeowulf","format":"gen8unratedrandombattle","log":"|j|\u2606Del chef\n|j|\u2606jbeowulf\n|t:|1607456735\n|player|p1|Del chef|rancher|\n|player|p2|jbeowulf|pokekid|\n|teamsize|p1|6\n|teamsize|p2|6\n|gametype|singles\n|gen|8\n|tier|[Gen 8] Unrated Random Battle\n|rule|Species Clause: Limit one of each Pok\u00e9mon\n|rule|HP Percentage Mod: HP is shown in percentages\n|rule|Sleep Clause Mod: Limit one foe put to sleep\n|\n|t:|1607456735\n|start\n|switch|p1a: Tapu Bulu|Tapu Bulu, L82|249\/249\n|switch|p2a: Shiftry|Shiftry, L88, F|302\/302\n|-fieldstart|move: Grassy Terrain|[from] ability: Grassy Surge|[of] p1a: Tapu Bulu\n|turn|1\n|\n|t:|1607456758\n|switch|p2a: Nidoking|Nidoking, L82, M|267\/267\n|move|p1a: Tapu Bulu|Swords Dance|p1a: Tapu Bulu\n|-boost|p1a: Tapu Bulu|atk|2\n|\n|upkeep\n|turn|2\n|\n|t:|1607456766\n|switch|p1a: Stoutland|Stoutland, L88, M|293\/293\n|-ability|p1a: Stoutland|Intimidate|boost\n|-unboost|p2a: Nidoking|atk|1\n|move|p2a: Nidoking|Sludge Wave|p1a: Stoutland\n|-damage|p1a: Stoutland|155\/293\n|\n|-heal|p1a: Stoutland|173\/293|[from] Grassy Terrain\n|upkeep\n|turn|3\n|\n|t:|1607456787\n|switch|p2a: Vespiquen|Vespiquen, L88, F|266\/266\n|-ability|p2a: Vespiquen|Pressure\n|move|p1a: Stoutland|Facade|p2a: Vespiquen\n|-damage|p2a: Vespiquen|191\/266\n|\n|-heal|p1a: Stoutland|191\/293|[from] Grassy Terrain\n|upkeep\n|turn|4\n|\n|t:|1607456803\n|switch|p1a: Glastrier|Glastrier, L82|298\/298\n|move|p2a: Vespiquen|U-turn|p1a: Glastrier\n|-damage|p1a: Glastrier|241\/298\n|\n|t:|1607456811\n|switch|p2a: Snorlax|Snorlax, L84, M|406\/406\n|\n|-heal|p1a: Glastrier|259\/298|[from] Grassy Terrain\n|upkeep\n|turn|5\n|\n|t:|1607456824\n|move|p2a: Snorlax|Earthquake|p1a: Glastrier\n|-damage|p1a: Glastrier|218\/298\n|move|p1a: Glastrier|Close Combat|p2a: Snorlax\n|-supereffective|p2a: Snorlax\n|-damage|p2a: Snorlax|146\/406\n|-unboost|p1a: Glastrier|def|1\n|-unboost|p1a: Glastrier|spd|1\n|\n|-heal|p2a: Snorlax|171\/406|[from] Grassy Terrain\n|-heal|p1a: Glastrier|236\/298|[from] Grassy Terrain\n|-fieldend|move: Grassy Terrain\n|upkeep\n|turn|6\n|\n|t:|1607456842\n|switch|p2a: Vespiquen|Vespiquen, L88, F|191\/266\n|-ability|p2a: Vespiquen|Pressure\n|move|p1a: Glastrier|Icicle Crash|p2a: Vespiquen\n|-supereffective|p2a: Vespiquen\n|-damage|p2a: Vespiquen|3\/266\n|\n|upkeep\n|turn|7\n|\n|t:|1607456852\n|move|p2a: Vespiquen|Toxic|p1a: Glastrier\n|-status|p1a: Glastrier|tox\n|move|p1a: Glastrier|Icicle Crash|p2a: Vespiquen\n|-supereffective|p2a: Vespiquen\n|-damage|p2a: Vespiquen|0 fnt\n|faint|p2a: Vespiquen\n|-ability|p1a: Glastrier|Chilling Neigh|boost\n|-boost|p1a: Glastrier|atk|1\n|\n|-damage|p1a: Glastrier|218\/298 tox|[from] psn\n|upkeep\n|\n|t:|1607456873\n|switch|p2a: Lycanroc|Lycanroc, L84, M|263\/263\n|turn|8\n|\n|t:|1607456877\n|switch|p1a: Tapu Bulu|Tapu Bulu, L82|249\/249\n|-fieldstart|move: Grassy Terrain|[from] ability: Grassy Surge|[of] p1a: Tapu Bulu\n|move|p2a: Lycanroc|Stone Edge|p1a: Tapu Bulu\n|-damage|p1a: Tapu Bulu|120\/249\n|-damage|p2a: Lycanroc|237\/263|[from] item: Life Orb\n|\n|-heal|p2a: Lycanroc|253\/263|[from] Grassy Terrain\n|-heal|p1a: Tapu Bulu|135\/249|[from] Grassy Terrain\n|upkeep\n|turn|9\n|\n|t:|1607456890\n|switch|p2a: Nidoking|Nidoking, L82, M|267\/267\n|move|p1a: Tapu Bulu|Wood Hammer|p2a: Nidoking\n|-damage|p2a: Nidoking|26\/267\n|-damage|p1a: Tapu Bulu|55\/249|[from] Recoil\n|\n|-heal|p2a: Nidoking|42\/267|[from] Grassy Terrain\n|-heal|p1a: Tapu Bulu|70\/249|[from] Grassy Terrain\n|upkeep\n|turn|10\n|\n|t:|1607456899\n|move|p2a: Nidoking|Sludge Wave|p1a: Tapu Bulu\n|-supereffective|p1a: Tapu Bulu\n|-damage|p1a: Tapu Bulu|0 fnt\n|faint|p1a: Tapu Bulu\n|\n|-heal|p2a: Nidoking|58\/267|[from] Grassy Terrain\n|upkeep\n|\n|t:|1607456909\n|switch|p1a: Xerneas|Xerneas, L72|300\/300\n|-ability|p1a: Xerneas|Fairy Aura\n|turn|11\n|\n|t:|1607456922\n|move|p2a: Nidoking|Sludge Wave|p1a: Xerneas\n|-supereffective|p1a: Xerneas\n|-damage|p1a: Xerneas|0 fnt\n|faint|p1a: Xerneas\n|\n|-heal|p2a: Nidoking|74\/267|[from] Grassy Terrain\n|upkeep\n|\n|t:|1607456931\n|switch|p1a: Stoutland|Stoutland, L88, M|191\/293\n|-ability|p1a: Stoutland|Intimidate|boost\n|-unboost|p2a: Nidoking|atk|1\n|turn|12\n|\n|t:|1607456940\n|move|p1a: Stoutland|Facade|p2a: Nidoking\n|-damage|p2a: Nidoking|0 fnt\n|faint|p2a: Nidoking\n|\n|-heal|p1a: Stoutland|209\/293|[from] Grassy Terrain\n|-fieldend|move: Grassy Terrain\n|upkeep\n|\n|t:|1607456953\n|switch|p2a: Lycanroc|Lycanroc, L84, M|253\/263\n|turn|13\n|\n|t:|1607456964\n|-start|p1a: Stoutland|Dynamax\n|-heal|p1a: Stoutland|418\/586|[silent]\n|move|p2a: Lycanroc|Swords Dance|p2a: Lycanroc\n|-boost|p2a: Lycanroc|atk|2\n|move|p1a: Stoutland|Max Knuckle|p2a: Lycanroc\n|-supereffective|p2a: Lycanroc\n|-damage|p2a: Lycanroc|61\/263\n|-boost|p1a: Stoutland|atk|1\n|\n|upkeep\n|turn|14\n|\n|t:|1607456976\n|move|p2a: Lycanroc|Stone Edge|p1a: Stoutland\n|-damage|p1a: Stoutland|144\/586\n|-damage|p2a: Lycanroc|35\/263|[from] item: Life Orb\n|move|p1a: Stoutland|Max Knuckle|p2a: Lycanroc\n|-supereffective|p2a: Lycanroc\n|-damage|p2a: Lycanroc|0 fnt\n|-boost|p1a: Stoutland|atk|1\n|faint|p2a: Lycanroc\n|\n|upkeep\n|\n|t:|1607456992\n|switch|p2a: Shiftry|Shiftry, L88, F|302\/302\n|turn|15\n|\n|t:|1607456998\n|-start|p2a: Shiftry|Dynamax\n|-heal|p2a: Shiftry|604\/604|[silent]\n|move|p2a: Shiftry|Max Overgrowth|p1a: Stoutland\n|-damage|p1a: Stoutland|0 fnt\n|-fieldstart|move: Grassy Terrain\n|faint|p1a: Stoutland\n|\n|upkeep\n|\n|t:|1607457006\n|switch|p1a: Machamp|Machamp, L84, M|288\/288\n|turn|16\n|\n|t:|1607457018\n|move|p2a: Shiftry|Max Overgrowth|p1a: Machamp\n|-damage|p1a: Machamp|87\/288\n|move|p1a: Machamp|Close Combat|p2a: Shiftry\n|-supereffective|p2a: Shiftry\n|-damage|p2a: Shiftry|184\/604\n|-unboost|p1a: Machamp|def|1\n|-unboost|p1a: Machamp|spd|1\n|\n|-heal|p2a: Shiftry|202\/604|[from] Grassy Terrain\n|-heal|p1a: Machamp|105\/288|[from] Grassy Terrain\n|-status|p1a: Machamp|brn|[from] item: Flame Orb\n|upkeep\n|turn|17\n|\n|t:|1607457034\n|move|p1a: Machamp|Bullet Punch|p2a: Shiftry\n|-damage|p2a: Shiftry|140\/604\n|move|p2a: Shiftry|Max Overgrowth|p1a: Machamp\n|-damage|p1a: Machamp|0 fnt\n|faint|p1a: Machamp\n|\n|-heal|p2a: Shiftry|158\/604|[from] Grassy Terrain\n|-end|p2a: Shiftry|Dynamax\n|-heal|p2a: Shiftry|79\/302|[silent]\n|upkeep\n|\n|t:|1607457042\n|switch|p1a: Necrozma|Necrozma, L82|293\/293\n|turn|18\n|\n|t:|1607457049\n|move|p2a: Shiftry|Dark Pulse|p1a: Necrozma\n|-supereffective|p1a: Necrozma\n|-damage|p1a: Necrozma|145\/293\n|move|p1a: Necrozma|Heat Wave|p2a: Shiftry\n|-supereffective|p2a: Shiftry\n|-damage|p2a: Shiftry|0 fnt\n|faint|p2a: Shiftry\n|\n|-heal|p1a: Necrozma|163\/293|[from] item: Leftovers\n|-heal|p1a: Necrozma|181\/293|[from] Grassy Terrain\n|upkeep\n|\n|t:|1607457060\n|switch|p2a: Togekiss|Togekiss, L82, F|274\/274\n|turn|19\n|\n|t:|1607457066\n|move|p2a: Togekiss|Air Slash|p1a: Necrozma\n|-damage|p1a: Necrozma|85\/293\n|cant|p1a: Necrozma|flinch\n|\n|-heal|p1a: Necrozma|103\/293|[from] item: Leftovers\n|-heal|p1a: Necrozma|121\/293|[from] Grassy Terrain\n|-fieldend|move: Grassy Terrain\n|upkeep\n|turn|20\n|\n|t:|1607457073\n|move|p2a: Togekiss|Air Slash|p1a: Necrozma\n|-crit|p1a: Necrozma\n|-damage|p1a: Necrozma|0 fnt\n|faint|p1a: Necrozma\n|\n|upkeep\n|\n|t:|1607457076\n|switch|p1a: Glastrier|Glastrier, L82|218\/298 tox\n|turn|21\n|\n|t:|1607457080\n|move|p2a: Togekiss|Aura Sphere|p1a: Glastrier\n|-supereffective|p1a: Glastrier\n|-damage|p1a: Glastrier|114\/298 tox\n|move|p1a: Glastrier|Icicle Crash|p2a: Togekiss\n|-supereffective|p2a: Togekiss\n|-damage|p2a: Togekiss|52\/274\n|\n|-damage|p1a: Glastrier|96\/298 tox|[from] psn\n|upkeep\n|turn|22\n|\n|t:|1607457089\n|move|p2a: Togekiss|Aura Sphere|p1a: Glastrier\n|-supereffective|p1a: Glastrier\n|-damage|p1a: Glastrier|0 fnt\n|faint|p1a: Glastrier\n|\n|win|jbeowulf\n|c|\u2606Del chef|Javi?\n|c|\u2606jbeowulf|?\n","inputlog":">version 0214c306bb4d40a866e5f850d6e33984770a9a90\n>start {\"formatid\":\"gen8unratedrandombattle\",\"seed\":[655,26547,16706,8977]}\n>player p1 {\"name\":\"Del chef\",\"avatar\":\"rancher\",\"team\":\"\",\"rating\":0,\"seed\":[8244,53837,21141,28421]}\n>player p2 {\"name\":\"jbeowulf\",\"avatar\":\"pokekid\",\"team\":\"\",\"rating\":0,\"seed\":[16735,56630,36316,36393]}\n>p1 move swordsdance\n>p2 switch 2\n>p1 switch 5\n>p2 move sludgewave\n>p1 move facade\n>p2 switch 4\n>p1 switch 3\n>p2 move uturn\n>p2 switch 5\n>p1 move closecombat\n>p2 move earthquake\n>p1 move iciclecrash\n>p2 switch 5\n>p1 move iciclecrash\n>p2 move toxic\n>p2 switch 3\n>p1 switch 5\n>p2 move stoneedge\n>p1 move woodhammer\n>p2 switch 4\n>p1 move megahorn\n>p2 move sludgewave\n>p1 switch 2\n>p1 move psyshock\n>p2 move sludgewave\n>p1 switch 3\n>p1 move facade\n>p2 move sludgewave\n>p2 switch 4\n>p1 move superpower dynamax\n>p2 move swordsdance\n>p1 move superpower dynamax\n>p2 move stoneedge\n>p2 switch 2\n>p1 move superpower dynamax\n>p2 move leafstorm dynamax\n>p1 switch 6\n>p1 move closecombat\n>p2 move leafstorm dynamax\n>p1 move bulletpunch\n>p2 move leafstorm dynamax\n>p1 switch 4\n>p1 move heatwave\n>p2 move darkpulse\n>p2 switch 6\n>p1 move calmmind\n>p2 move airslash\n>p1 move moonlight\n>p2 move airslash\n>p1 switch 5\n>p1 move iciclecrash\n>p2 move aurasphere\n>p1 move iciclecrash\n>p2 move aurasphere","uploadtime":1607457118,"views":11,"p1id":"delchef","p2id":"jbeowulf","formatid":"gen8unratedrandombattle","rating":0,"private":0,"password":null}