{"id":"gen8ou-1671530485","p1":"Vecol","p2":"12rrrr12","format":"gen8ou","log":"|j|\u2606Vecol\n|j|\u260612rrrr12\n|t:|1663946556\n|gametype|singles\n|player|p1|Vecol|crasherwake|1420\n|player|p2|12rrrr12|170|1497\n|teamsize|p1|6\n|teamsize|p2|6\n|gen|8\n|tier|[Gen 8] OU\n|rated|\n|rule|Sleep Clause Mod: Limit one foe put to sleep\n|rule|Species Clause: Limit one of each Pok\u00e9mon\n|rule|OHKO Clause: OHKO moves are banned\n|rule|Evasion Items Clause: Evasion items are banned\n|rule|Evasion Moves Clause: Evasion moves are banned\n|rule|Endless Battle Clause: Forcing endless battles is banned\n|rule|HP Percentage Mod: HP is shown in percentages\n|rule|Dynamax Clause: You cannot dynamax\n|clearpoke\n|poke|p1|Slowbro, F|\n|poke|p1|Bisharp, M|\n|poke|p1|Landorus-Therian, M|\n|poke|p1|Blacephalon|\n|poke|p1|Tapu Lele|\n|poke|p1|Mamoswine, M|\n|poke|p2|Hydreigon, F|\n|poke|p2|Corviknight, M|\n|poke|p2|Clefable, F|\n|poke|p2|Excadrill, M|\n|poke|p2|Rotom-Wash|\n|poke|p2|Hippowdon, F|\n|teampreview\n|inactive|Battle timer is ON: inactive players will automatically lose when time's up. (requested by Vecol)\n|\n|t:|1663946564\n|start\n|switch|p1a: Landon deez nuts|Landorus-Therian, M|100\/100\n|switch|p2a: Rotom|Rotom-Wash|100\/100\n|-ability|p1a: Landon deez nuts|Intimidate|boost\n|-unboost|p2a: Rotom|atk|1\n|turn|1\n|\n|t:|1663946580\n|move|p2a: Rotom|Will-O-Wisp|p1a: Landon deez nuts\n|-status|p1a: Landon deez nuts|brn\n|move|p1a: Landon deez nuts|U-turn|p2a: Rotom\n|-damage|p2a: Rotom|84\/100\n|\n|t:|1663946595\n|switch|p1a: Lalu Tepe|Tapu Lele|100\/100|[from]move: U-turn\n|-fieldstart|move: Psychic Terrain|[from] ability: Psychic Surge|[of] p1a: Lalu Tepe\n|\n|upkeep\n|turn|2\n|\n|t:|1663946611\n|switch|p2a: Corviknight|Corviknight, M|100\/100\n|-ability|p2a: Corviknight|Pressure\n|move|p1a: Lalu Tepe|Psyshock|p2a: Corviknight\n|-resisted|p2a: Corviknight\n|-damage|p2a: Corviknight|77\/100\n|\n|-heal|p2a: Corviknight|83\/100|[from] item: Leftovers\n|upkeep\n|turn|3\n|\n|t:|1663946621\n|switch|p1a: Landon deez nuts|Landorus-Therian, M|100\/100 brn\n|-ability|p1a: Landon deez nuts|Intimidate|boost\n|-unboost|p2a: Corviknight|atk|1\n|move|p2a: Corviknight|Substitute|p2a: Corviknight\n|-start|p2a: Corviknight|Substitute\n|-damage|p2a: Corviknight|58\/100\n|\n|-heal|p2a: Corviknight|65\/100|[from] item: Leftovers\n|-damage|p1a: Landon deez nuts|94\/100 brn|[from] brn\n|upkeep\n|turn|4\n|\n|t:|1663946632\n|move|p1a: Landon deez nuts|U-turn|p2a: Corviknight\n|-resisted|p2a: Corviknight\n|-activate|p2a: Corviknight|move: Substitute|[damage]\n|\n|t:|1663946635\n|switch|p1a: a gumball machine|Blacephalon|100\/100|[from]move: U-turn\n|move|p2a: Corviknight|Bulk Up|p2a: Corviknight\n|-boost|p2a: Corviknight|atk|1\n|-boost|p2a: Corviknight|def|1\n|\n|-heal|p2a: Corviknight|71\/100|[from] item: Leftovers\n|upkeep\n|turn|5\n|\n|t:|1663946640\n|move|p1a: a gumball machine|Flamethrower|p2a: Corviknight\n|-supereffective|p2a: Corviknight\n|-end|p2a: Corviknight|Substitute\n|move|p2a: Corviknight|Brave Bird|p1a: a gumball machine\n|-damage|p1a: a gumball machine|9\/100\n|-damage|p2a: Corviknight|52\/100|[from] Recoil\n|\n|-heal|p2a: Corviknight|58\/100|[from] item: Leftovers\n|-fieldend|move: Psychic Terrain\n|upkeep\n|turn|6\n|\n|t:|1663946655\n|switch|p2a: Hydreigon|Hydreigon, F|100\/100\n|move|p1a: a gumball machine|Flamethrower|p2a: Hydreigon\n|-resisted|p2a: Hydreigon\n|-damage|p2a: Hydreigon|69\/100\n|\n|-heal|p2a: Hydreigon|75\/100|[from] item: Leftovers\n|upkeep\n|turn|7\n|\n|t:|1663946668\n|switch|p1a: Landon deez nuts|Landorus-Therian, M|94\/100 brn\n|-ability|p1a: Landon deez nuts|Intimidate|boost\n|-unboost|p2a: Hydreigon|atk|1\n|move|p2a: Hydreigon|Dark Pulse|p1a: Landon deez nuts\n|-damage|p1a: Landon deez nuts|62\/100 brn\n|\n|-heal|p2a: Hydreigon|81\/100|[from] item: Leftovers\n|-heal|p1a: Landon deez nuts|68\/100 brn|[from] item: Leftovers\n|-damage|p1a: Landon deez nuts|62\/100 brn|[from] brn\n|upkeep\n|turn|8\n|\n|t:|1663946678\n|switch|p2a: Corviknight|Corviknight, M|58\/100\n|-ability|p2a: Corviknight|Pressure\n|move|p1a: Landon deez nuts|Stealth Rock|p2a: Corviknight\n|-sidestart|p2: 12rrrr12|move: Stealth Rock\n|\n|-heal|p1a: Landon deez nuts|68\/100 brn|[from] item: Leftovers\n|-heal|p2a: Corviknight|65\/100|[from] item: Leftovers\n|-damage|p1a: Landon deez nuts|62\/100 brn|[from] brn\n|upkeep\n|turn|9\n|\n|t:|1663946685\n|switch|p1a: a gumball machine|Blacephalon|9\/100\n|move|p2a: Corviknight|Substitute|p2a: Corviknight\n|-start|p2a: Corviknight|Substitute\n|-damage|p2a: Corviknight|40\/100\n|\n|-heal|p2a: Corviknight|46\/100|[from] item: Leftovers\n|upkeep\n|turn|10\n|\n|t:|1663946691\n|move|p1a: a gumball machine|Flamethrower|p2a: Corviknight\n|-supereffective|p2a: Corviknight\n|-end|p2a: Corviknight|Substitute\n|move|p2a: Corviknight|Brave Bird|p1a: a gumball machine\n|-crit|p1a: a gumball machine\n|-damage|p1a: a gumball machine|0 fnt\n|faint|p1a: a gumball machine\n|-damage|p2a: Corviknight|44\/100|[from] Recoil\n|\n|-heal|p2a: Corviknight|50\/100|[from] item: Leftovers\n|upkeep\n|\n|t:|1663946694\n|switch|p1a: Lalu Tepe|Tapu Lele|100\/100\n|-fieldstart|move: Psychic Terrain|[from] ability: Psychic Surge|[of] p1a: Lalu Tepe\n|turn|11\n|\n|t:|1663946698\n|move|p1a: Lalu Tepe|Thunderbolt|p2a: Corviknight\n|-supereffective|p2a: Corviknight\n|-damage|p2a: Corviknight|0 fnt\n|faint|p2a: Corviknight\n|\n|upkeep\n|\n|t:|1663946702\n|switch|p2a: Excadrill|Excadrill, M|100\/100\n|-damage|p2a: Excadrill|97\/100|[from] Stealth Rock\n|turn|12\n|\n|t:|1663946714\n|switch|p1a: Landon deez nuts|Landorus-Therian, M|62\/100 brn\n|-ability|p1a: Landon deez nuts|Intimidate|boost\n|-unboost|p2a: Excadrill|atk|1\n|move|p2a: Excadrill|Iron Head|p1a: Landon deez nuts\n|-damage|p1a: Landon deez nuts|25\/100 brn\n|-damage|p2a: Excadrill|87\/100|[from] item: Life Orb\n|\n|-heal|p1a: Landon deez nuts|31\/100 brn|[from] item: Leftovers\n|-damage|p1a: Landon deez nuts|25\/100 brn|[from] brn\n|upkeep\n|turn|13\n|\n|t:|1663946724\n|move|p2a: Excadrill|Iron Head|p1a: Landon deez nuts\n|-damage|p1a: Landon deez nuts|0 fnt\n|faint|p1a: Landon deez nuts\n|-damage|p2a: Excadrill|78\/100|[from] item: Life Orb\n|\n|upkeep\n|\n|t:|1663946729\n|switch|p1a: Fastsis|Slowbro, F|100\/100\n|turn|14\n|\n|t:|1663946741\n|switch|p2a: Clefable|Clefable, F|100\/100\n|move|p1a: Fastsis|Scald|p2a: Clefable\n|-damage|p2a: Clefable|68\/100\n|-status|p2a: Clefable|brn\n|\n|upkeep\n|turn|15\n|\n|t:|1663946749\n|move|p2a: Clefable|Moonblast|p1a: Fastsis\n|-damage|p1a: Fastsis|41\/100\n|move|p1a: Fastsis|Teleport|p1a: Fastsis\n|\n|t:|1663946754\n|switch|p1a: Bisharp|Bisharp, M|100\/100|[from]move: Teleport\n|\n|-fieldend|move: Psychic Terrain\n|upkeep\n|turn|16\n|\n|t:|1663946758\n|switch|p2a: Rotom|Rotom-Wash|84\/100\n|-damage|p2a: Rotom|71\/100|[from] Stealth Rock\n|move|p1a: Bisharp|Iron Head|p2a: Rotom\n|-resisted|p2a: Rotom\n|-damage|p2a: Rotom|56\/100\n|\n|upkeep\n|turn|17\n|\n|t:|1663946764\n|switch|p1a: Lalu Tepe|Tapu Lele|100\/100\n|-fieldstart|move: Psychic Terrain|[from] ability: Psychic Surge|[of] p1a: Lalu Tepe\n|move|p2a: Rotom|Volt Switch|p1a: Lalu Tepe\n|-damage|p1a: Lalu Tepe|68\/100\n|\n|t:|1663946772\n|switch|p2a: Hippowdon|Hippowdon, F|100\/100|[from]move: Volt Switch\n|-damage|p2a: Hippowdon|94\/100|[from] Stealth Rock\n|-weather|Sandstorm|[from] ability: Sand Stream|[of] p2a: Hippowdon\n|\n|-weather|Sandstorm|[upkeep]\n|-damage|p1a: Lalu Tepe|62\/100|[from] Sandstorm\n|-heal|p2a: Hippowdon|100\/100|[from] item: Leftovers\n|upkeep\n|turn|18\n|\n|t:|1663946776\n|move|p1a: Lalu Tepe|Moonblast|p2a: Hippowdon\n|-damage|p2a: Hippowdon|25\/100\n|-unboost|p2a: Hippowdon|spa|1\n|move|p2a: Hippowdon|Earthquake|p1a: Lalu Tepe\n|-damage|p1a: Lalu Tepe|4\/100\n|\n|-weather|Sandstorm|[upkeep]\n|-damage|p1a: Lalu Tepe|0 fnt|[from] Sandstorm\n|faint|p1a: Lalu Tepe\n|-heal|p2a: Hippowdon|32\/100|[from] item: Leftovers\n|upkeep\n|\n|t:|1663946784\n|switch|p1a: Mamorbius|Mamoswine, M|100\/100\n|turn|19\n|\n|t:|1663946790\n|switch|p2a: Rotom|Rotom-Wash|56\/100\n|-damage|p2a: Rotom|43\/100|[from] Stealth Rock\n|move|p1a: Mamorbius|Rock Tomb|p2a: Rotom\n|-damage|p2a: Rotom|9\/100\n|-unboost|p2a: Rotom|spe|1\n|\n|-weather|Sandstorm|[upkeep]\n|-damage|p2a: Rotom|3\/100|[from] Sandstorm\n|upkeep\n|turn|20\n|\n|t:|1663946796\n|move|p2a: Rotom|Hydro Pump|p1a: Mamorbius\n|-supereffective|p1a: Mamorbius\n|-enditem|p1a: Mamorbius|Focus Sash\n|-damage|p1a: Mamorbius|1\/100\n|move|p1a: Mamorbius|Rock Tomb|p2a: Rotom\n|-damage|p2a: Rotom|0 fnt\n|faint|p2a: Rotom\n|\n|-weather|Sandstorm|[upkeep]\n|upkeep\n|\n|t:|1663946809\n|switch|p2a: Excadrill|Excadrill, M|78\/100\n|-damage|p2a: Excadrill|74\/100|[from] Stealth Rock\n|turn|21\n|\n|t:|1663946816\n|switch|p1a: Fastsis|Slowbro, F|74\/100\n|move|p2a: Excadrill|Earthquake|p1a: Fastsis\n|-damage|p1a: Fastsis|26\/100\n|-damage|p2a: Excadrill|64\/100|[from] item: Life Orb\n|\n|-weather|none\n|-fieldend|move: Psychic Terrain\n|upkeep\n|turn|22\n|\n|t:|1663946825\n|move|p2a: Excadrill|Earthquake|p1a: Fastsis\n|-damage|p1a: Fastsis|0 fnt\n|faint|p1a: Fastsis\n|-damage|p2a: Excadrill|55\/100|[from] item: Life Orb\n|\n|upkeep\n|\n|t:|1663946830\n|switch|p1a: Bisharp|Bisharp, M|100\/100\n|turn|23\n|inactive|12rrrr12 has 120 seconds left.\n|\n|t:|1663946871\n|switch|p2a: Clefable|Clefable, F|68\/100 brn\n|move|p1a: Bisharp|Low Kick|p2a: Clefable\n|-resisted|p2a: Clefable\n|-damage|p2a: Clefable|55\/100 brn\n|\n|upkeep\n|turn|24\n|inactive|12rrrr12 has 120 seconds left.\n|\n|t:|1663946877\n|move|p2a: Clefable|Flamethrower|p1a: Bisharp\n|-supereffective|p1a: Bisharp\n|-damage|p1a: Bisharp|38\/100\n|move|p1a: Bisharp|Iron Head|p2a: Clefable\n|-supereffective|p2a: Clefable\n|-damage|p2a: Clefable|0 fnt\n|faint|p2a: Clefable\n|\n|upkeep\n|inactive|12rrrr12 has 120 seconds left.\n|\n|t:|1663946883\n|switch|p2a: Hydreigon|Hydreigon, F|81\/100\n|-damage|p2a: Hydreigon|69\/100|[from] Stealth Rock\n|turn|25\n|\n|t:|1663946889\n|move|p2a: Hydreigon|Dark Pulse|p1a: Bisharp\n|-resisted|p1a: Bisharp\n|-damage|p1a: Bisharp|21\/100\n|move|p1a: Bisharp|Low Kick|p2a: Hydreigon\n|-supereffective|p2a: Hydreigon\n|-damage|p2a: Hydreigon|0 fnt\n|faint|p2a: Hydreigon\n|\n|upkeep\n|\n|t:|1663946896\n|switch|p2a: Hippowdon|Hippowdon, F|32\/100\n|-damage|p2a: Hippowdon|25\/100|[from] Stealth Rock\n|-weather|Sandstorm|[from] ability: Sand Stream|[of] p2a: Hippowdon\n|turn|26\n|\n|t:|1663946901\n|move|p1a: Bisharp|Knock Off|p2a: Hippowdon\n|-damage|p2a: Hippowdon|0 fnt\n|-enditem|p2a: Hippowdon|Leftovers|[from] move: Knock Off|[of] p1a: Bisharp\n|faint|p2a: Hippowdon\n|\n|-weather|Sandstorm|[upkeep]\n|upkeep\n|\n|t:|1663946904\n|switch|p2a: Excadrill|Excadrill, M|55\/100\n|-damage|p2a: Excadrill|51\/100|[from] Stealth Rock\n|turn|27\n|\n|t:|1663946907\n|move|p1a: Bisharp|Sucker Punch||[still]\n|-fail|p1a: Bisharp\n|move|p2a: Excadrill|Swords Dance|p2a: Excadrill\n|-boost|p2a: Excadrill|atk|2\n|\n|-weather|Sandstorm|[upkeep]\n|upkeep\n|turn|28\n|\n|t:|1663946912\n|move|p2a: Excadrill|Swords Dance|p2a: Excadrill\n|-boost|p2a: Excadrill|atk|2\n|move|p1a: Bisharp|Knock Off|p2a: Excadrill\n|-damage|p2a: Excadrill|0 fnt\n|-enditem|p2a: Excadrill|Life Orb|[from] move: Knock Off|[of] p1a: Bisharp\n|faint|p2a: Excadrill\n|\n|win|Vecol\n|raw|Vecol's rating: 1420 &rarr; <strong>1444<\/strong><br \/>(+24 for winning)\n|raw|12rrrr12's rating: 1497 &rarr; <strong>1473<\/strong><br \/>(-24 for losing)\n|c|\u260612rrrr12|gg\n|l|\u260612rrrr12\n|c|\u2606Vecol|ggwp\n||Ladder isn't responding, score probably updated but might not have (Request timeout).\n","uploadtime":1663946926,"views":22,"p1id":"vecol","p2id":"12rrrr12","formatid":"gen8ou","rating":1444,"private":0,"password":null}