{"id":"gen8randombattle-1407707233","p1":"Ja'Von","p2":"bhkg","format":"gen8randombattle","log":"|j|\u2606Ja'Von\n|j|\u2606bhkg\n|t:|1630446047\n|gametype|singles\n|player|p1|Ja'Von|101|1452\n|player|p2|bhkg|102|1467\n|teamsize|p1|6\n|teamsize|p2|6\n|gen|8\n|tier|[Gen 8] Random Battle\n|rated|\n|rule|Species Clause: Limit one of each Pok\u00e9mon\n|rule|HP Percentage Mod: HP is shown in percentages\n|rule|Sleep Clause Mod: Limit one foe put to sleep\n|\n|t:|1630446047\n|start\n|switch|p1a: Slowking|Slowking, L86, F|304\/304\n|switch|p2a: Cryogonal|Cryogonal, L86|278\/278\n|turn|1\n|\n|t:|1630446060\n|switch|p1a: Garbodor|Garbodor, L87, M|281\/281\n|move|p2a: Cryogonal|Toxic|p1a: Garbodor\n|-immune|p1a: Garbodor\n|\n|upkeep\n|turn|2\n|\n|t:|1630446086\n|switch|p2a: Heatmor|Heatmor, L90, M|299\/299\n|switch|p1a: Stakataka|Stakataka, L80|229\/229\n|-item|p1a: Stakataka|Air Balloon\n|\n|upkeep\n|turn|3\n|\n|t:|1630446091\n|move|p2a: Heatmor|Substitute|p2a: Heatmor\n|-start|p2a: Heatmor|Substitute\n|-damage|p2a: Heatmor|225\/299\n|move|p1a: Stakataka|Trick Room|p1a: Stakataka\n|-fieldstart|move: Trick Room|[of] p1a: Stakataka\n|\n|upkeep\n|turn|4\n|\n|t:|1630446095\n|move|p1a: Stakataka|Stone Edge|p2a: Heatmor\n|-supereffective|p2a: Heatmor\n|-end|p2a: Heatmor|Substitute\n|move|p2a: Heatmor|Fire Lash|p1a: Stakataka\n|-damage|p1a: Stakataka|183\/229\n|-unboost|p1a: Stakataka|def|1\n|-enditem|p1a: Stakataka|Air Balloon\n|\n|upkeep\n|turn|5\n|\n|t:|1630446107\n|move|p2a: Heatmor|Sucker Punch|p1a: Stakataka\n|-damage|p1a: Stakataka|138\/229\n|move|p1a: Stakataka|Stone Edge|p2a: Heatmor\n|-supereffective|p2a: Heatmor\n|-damage|p2a: Heatmor|0 fnt\n|faint|p2a: Heatmor\n|-ability|p1a: Stakataka|Beast Boost|boost\n|-boost|p1a: Stakataka|def|1\n|\n|upkeep\n|\n|t:|1630446118\n|switch|p2a: Lugia|Lugia, L74|279\/279\n|turn|6\n|\n|t:|1630446126\n|move|p1a: Stakataka|Stone Edge|p2a: Lugia\n|-supereffective|p2a: Lugia\n|-damage|p2a: Lugia|177\/279\n|move|p2a: Lugia|Earthquake|p1a: Stakataka\n|-supereffective|p1a: Stakataka\n|-damage|p1a: Stakataka|30\/229\n|\n|upkeep\n|turn|7\n|\n|t:|1630446135\n|switch|p2a: Alcremie|Alcremie, L86, F|252\/252\n|move|p1a: Stakataka|Stone Edge|p2a: Alcremie\n|-damage|p2a: Alcremie|123\/252\n|\n|-heal|p2a: Alcremie|138\/252|[from] item: Leftovers\n|-fieldend|move: Trick Room\n|upkeep\n|turn|8\n|\n|t:|1630446139\n|move|p2a: Alcremie|Mystical Fire|p1a: Stakataka\n|-damage|p1a: Stakataka|0 fnt\n|faint|p1a: Stakataka\n|\n|-heal|p2a: Alcremie|153\/252|[from] item: Leftovers\n|upkeep\n|\n|t:|1630446146\n|switch|p1a: Garbodor|Garbodor, L87, M|281\/281\n|turn|9\n|\n|t:|1630446154\n|move|p1a: Garbodor|Gunk Shot|p2a: Alcremie\n|-supereffective|p2a: Alcremie\n|-damage|p2a: Alcremie|0 fnt\n|faint|p2a: Alcremie\n|\n|upkeep\n|\n|t:|1630446160\n|switch|p2a: Kyurem|Kyurem-Black, L74|307\/307\n|-ability|p2a: Kyurem|Teravolt\n|turn|10\n|\n|t:|1630446168\n|switch|p1a: Jellicent|Jellicent, L84, M|305\/305\n|move|p2a: Kyurem|Dragon Dance|p2a: Kyurem\n|-boost|p2a: Kyurem|atk|1\n|-boost|p2a: Kyurem|spe|1\n|\n|upkeep\n|turn|11\n|\n|t:|1630446176\n|move|p2a: Kyurem|Fusion Bolt|p1a: Jellicent\n|-supereffective|p1a: Jellicent\n|-damage|p1a: Jellicent|0 fnt\n|faint|p1a: Jellicent\n|\n|upkeep\n|inactive|Battle timer is ON: inactive players will automatically lose when time's up. (requested by bhkg)\n|\n|t:|1630446207\n|switch|p1a: Meowstic|Meowstic-F, L86, F|268\/268\n|turn|12\n|\n|t:|1630446214\n|move|p2a: Kyurem|Dragon Dance|p2a: Kyurem\n|-boost|p2a: Kyurem|atk|1\n|-boost|p2a: Kyurem|spe|1\n|move|p1a: Meowstic|Nasty Plot|p1a: Meowstic\n|-boost|p1a: Meowstic|spa|2\n|\n|upkeep\n|turn|13\n|\n|t:|1630446222\n|move|p2a: Kyurem|Icicle Spear|p1a: Meowstic\n|-damage|p1a: Meowstic|196\/268\n|-crit|p1a: Meowstic\n|-damage|p1a: Meowstic|96\/268\n|-hitcount|p1a: Meowstic|2\n|move|p1a: Meowstic|Psychic|p2a: Kyurem\n|-damage|p2a: Kyurem|64\/307\n|-damage|p1a: Meowstic|70\/268|[from] item: Life Orb\n|\n|upkeep\n|turn|14\n|\n|t:|1630446231\n|move|p2a: Kyurem|Fusion Bolt|p1a: Meowstic\n|-damage|p1a: Meowstic|0 fnt\n|faint|p1a: Meowstic\n|\n|upkeep\n|\n|t:|1630446234\n|switch|p1a: Garbodor|Garbodor, L87, M|281\/281\n|turn|15\n|\n|t:|1630446242\n|move|p2a: Kyurem|Icicle Spear|p1a: Garbodor\n|-damage|p1a: Garbodor|209\/281\n|-damage|p1a: Garbodor|145\/281\n|-damage|p1a: Garbodor|84\/281\n|-hitcount|p1a: Garbodor|3\n|move|p1a: Garbodor|Gunk Shot|p2a: Kyurem\n|-damage|p2a: Kyurem|0 fnt\n|faint|p2a: Kyurem\n|\n|-heal|p1a: Garbodor|101\/281|[from] item: Black Sludge\n|upkeep\n|\n|t:|1630446258\n|switch|p2a: Lugia|Lugia, L74|177\/279\n|turn|16\n|\n|t:|1630446261\n|move|p2a: Lugia|Earthquake|p1a: Garbodor\n|-supereffective|p1a: Garbodor\n|-damage|p1a: Garbodor|0 fnt\n|faint|p1a: Garbodor\n|\n|upkeep\n|\n|t:|1630446265\n|switch|p1a: Slowking|Slowking, L86, F|304\/304\n|turn|17\n|\n|t:|1630446267\n|move|p2a: Lugia|Toxic|p1a: Slowking\n|-status|p1a: Slowking|tox\n|move|p1a: Slowking|Toxic|p2a: Lugia\n|-status|p2a: Lugia|tox\n|\n|-damage|p2a: Lugia|160\/279 tox|[from] psn\n|-damage|p1a: Slowking|285\/304 tox|[from] psn\n|upkeep\n|turn|18\n|\n|t:|1630446277\n|move|p2a: Lugia|Roost|p2a: Lugia\n|-heal|p2a: Lugia|279\/279 tox\n|-singleturn|p2a: Lugia|move: Roost\n|move|p1a: Slowking|Scald|p2a: Lugia\n|-damage|p2a: Lugia|248\/279 tox\n|\n|-heal|p1a: Slowking|304\/304 tox|[from] item: Leftovers\n|-damage|p2a: Lugia|214\/279 tox|[from] psn\n|-damage|p1a: Slowking|266\/304 tox|[from] psn\n|upkeep\n|turn|19\n|\n|t:|1630446281\n|move|p2a: Lugia|Air Slash|p1a: Slowking\n|-damage|p1a: Slowking|220\/304 tox\n|move|p1a: Slowking|Slack Off|p1a: Slowking\n|-heal|p1a: Slowking|304\/304 tox\n|\n|-damage|p2a: Lugia|163\/279 tox|[from] psn\n|-damage|p1a: Slowking|247\/304 tox|[from] psn\n|upkeep\n|turn|20\n|\n|t:|1630446286\n|move|p2a: Lugia|Air Slash|p1a: Slowking|[miss]\n|-miss|p2a: Lugia|p1a: Slowking\n|move|p1a: Slowking|Slack Off|p1a: Slowking\n|-heal|p1a: Slowking|304\/304 tox\n|\n|-damage|p2a: Lugia|95\/279 tox|[from] psn\n|-damage|p1a: Slowking|228\/304 tox|[from] psn\n|upkeep\n|turn|21\n|\n|t:|1630446292\n|move|p2a: Lugia|Roost|p2a: Lugia\n|-heal|p2a: Lugia|235\/279 tox\n|-singleturn|p2a: Lugia|move: Roost\n|move|p1a: Slowking|Slack Off|p1a: Slowking\n|-heal|p1a: Slowking|304\/304 tox\n|\n|-damage|p2a: Lugia|150\/279 tox|[from] psn\n|-damage|p1a: Slowking|209\/304 tox|[from] psn\n|upkeep\n|turn|22\n|\n|t:|1630446303\n|switch|p2a: Cryogonal|Cryogonal, L86|278\/278\n|move|p1a: Slowking|Psyshock|p2a: Cryogonal\n|-damage|p2a: Cryogonal|151\/278\n|\n|-heal|p2a: Cryogonal|168\/278|[from] item: Leftovers\n|-heal|p1a: Slowking|228\/304 tox|[from] item: Leftovers\n|-damage|p1a: Slowking|114\/304 tox|[from] psn\n|upkeep\n|turn|23\n|\n|t:|1630446309\n|move|p2a: Cryogonal|Freeze-Dry|p1a: Slowking\n|-supereffective|p1a: Slowking\n|-damage|p1a: Slowking|0 fnt\n|faint|p1a: Slowking\n|\n|-heal|p2a: Cryogonal|185\/278|[from] item: Leftovers\n|upkeep\n|\n|t:|1630446312\n|switch|p1a: Blacephalon|Blacephalon, L80|216\/216\n|turn|24\n|\n|t:|1630446318\n|switch|p2a: Rotom|Rotom-Heat, L82|216\/216\n|-start|p1a: Blacephalon|Dynamax\n|-heal|p1a: Blacephalon|432\/432|[silent]\n|move|p1a: Blacephalon|Max Flare|p2a: Rotom\n|-resisted|p2a: Rotom\n|-damage|p2a: Rotom|125\/216\n|-weather|SunnyDay\n|\n|-weather|SunnyDay|[upkeep]\n|upkeep\n|turn|25\n|\n|t:|1630446323\n|-start|p2a: Rotom|Dynamax\n|-heal|p2a: Rotom|250\/432|[silent]\n|move|p2a: Rotom|Max Guard|p2a: Rotom\n|-singleturn|p2a: Rotom|Max Guard\n|move|p1a: Blacephalon|Max Phantasm|p2a: Rotom\n|-activate|p2a: Rotom|move: Max Guard\n|\n|-weather|SunnyDay|[upkeep]\n|upkeep\n|turn|26\n|\n|t:|1630446334\n|move|p1a: Blacephalon|Max Phantasm|p2a: Rotom\n|-damage|p2a: Rotom|91\/432\n|-unboost|p2a: Rotom|def|1\n|move|p2a: Rotom|Max Lightning|p1a: Blacephalon\n|-damage|p1a: Blacephalon|278\/432\n|-fieldstart|move: Electric Terrain\n|\n|-weather|SunnyDay|[upkeep]\n|-end|p1a: Blacephalon|Dynamax\n|-heal|p1a: Blacephalon|139\/216|[silent]\n|upkeep\n|turn|27\n|\n|t:|1630446342\n|move|p1a: Blacephalon|Psyshock|p2a: Rotom\n|-damage|p2a: Rotom|0 fnt\n|faint|p2a: Rotom\n|-ability|p1a: Blacephalon|Beast Boost|boost\n|-boost|p1a: Blacephalon|spa|1\n|\n|-weather|SunnyDay|[upkeep]\n|upkeep\n|\n|t:|1630446347\n|switch|p2a: Lugia|Lugia, L74|150\/279 tox\n|turn|28\n|\n|t:|1630446350\n|move|p1a: Blacephalon|Shadow Ball|p2a: Lugia\n|-supereffective|p2a: Lugia\n|-damage|p2a: Lugia|0 fnt\n|faint|p2a: Lugia\n|-ability|p1a: Blacephalon|Beast Boost|boost\n|-boost|p1a: Blacephalon|spa|1\n|\n|-weather|none\n|upkeep\n|-message|bhkg forfeited.\n|\n|win|Ja'Von\n|raw|Ja&apos;Von's rating: 1452 &rarr; <strong>1473<\/strong><br \/>(+21 for winning)\n|raw|bhkg's rating: 1467 &rarr; <strong>1446<\/strong><br \/>(-21 for losing)\n|c|\u2606Ja'Von|gg\n","inputlog":">version aca4a84452d667ff1bc969bb84bced84940f36fe\n>start {\"formatid\":\"gen8randombattle\",\"seed\":[47250,15849,34991,17614],\"rated\":\"Rated battle\"}\n>player p1 {\"name\":\"Ja'Von\",\"avatar\":\"101\",\"rating\":1452,\"seed\":[27019,9430,56768,25322]}\n>player p2 {\"name\":\"bhkg\",\"avatar\":\"102\",\"rating\":1467,\"seed\":[20839,45935,19238,27963]}\n>p1 switch 2\n>p2 move toxic\n>p1 switch 6\n>p2 switch 5\n>p1 move trickroom\n>p2 move substitute\n>p1 move stoneedge\n>p2 move firelash\n>p1 move stoneedge\n>p2 move suckerpunch\n>p2 switch 6\n>p1 move stoneedge\n>p2 move earthquake\n>p1 move stoneedge\n>p2 switch 3\n>p1 move gyroball\n>p2 move mysticalfire\n>p1 switch 6\n>p1 move gunkshot\n>p2 move mysticalfire\n>p2 switch 4\n>p1 switch 4\n>p2 move dragondance\n>p1 move scald\n>p2 move fusionbolt\n>p1 switch 5\n>p1 move nastyplot\n>p2 move dragondance\n>p1 move psychic\n>p2 move iciclespear\n>p1 move psychic\n>p2 move fusionbolt\n>p1 switch 4\n>p1 move gunkshot\n>p2 move iciclespear\n>p2 switch 3\n>p1 move painsplit\n>p2 move earthquake\n>p1 switch 2\n>p1 move toxic\n>p2 move toxic\n>p1 move scald\n>p2 move roost\n>p1 move slackoff\n>p2 move airslash\n>p1 move slackoff\n>p2 move airslash\n>p1 move slackoff\n>p2 move roost\n>p1 move psyshock\n>p2 switch 5\n>p1 move toxic\n>p2 move freezedry\n>p1 switch 3\n>p1 move fireblast dynamax\n>p2 switch 2\n>p1 move shadowball dynamax\n>p2 move nastyplot dynamax\n>p1 move shadowball dynamax\n>p2 move thunderbolt dynamax\n>p1 move psyshock\n>p2 move thunderbolt dynamax\n>p2 switch 5\n>p1 move shadowball\n>p2 move earthquake\n>forcelose p2","uploadtime":1630446368,"views":10,"p1id":"javon","p2id":"bhkg","formatid":"gen8randombattle","rating":1446,"private":0,"password":null}