{"id":"gen8ou-1613715669","p1":"Gata Dadeira","p2":"TryHonesty","format":"gen8ou","log":"|j|\u2606Gata Dadeira\n|j|\u2606TryHonesty\n|t:|1657384153\n|gametype|singles\n|player|p1|Gata Dadeira|dahlia|1589\n|player|p2|TryHonesty|1|1601\n|teamsize|p1|6\n|teamsize|p2|6\n|gen|8\n|tier|[Gen 8] OU\n|rated|\n|rule|Sleep Clause Mod: Limit one foe put to sleep\n|rule|Species Clause: Limit one of each Pok\u00e9mon\n|rule|OHKO Clause: OHKO moves are banned\n|rule|Evasion Moves Clause: Evasion moves are banned\n|rule|Endless Battle Clause: Forcing endless battles is banned\n|rule|HP Percentage Mod: HP is shown in percentages\n|rule|Dynamax Clause: You cannot dynamax\n|clearpoke\n|poke|p1|Kartana|\n|poke|p1|Marowak-Alola, M|\n|poke|p1|Ditto|\n|poke|p1|Tapu Lele|\n|poke|p1|Victini|\n|poke|p1|Ferrothorn, F|\n|poke|p2|Zapdos|\n|poke|p2|Regieleki|\n|poke|p2|Blacephalon|\n|poke|p2|Urshifu-*, M|\n|poke|p2|Hippowdon, M|\n|poke|p2|Slowking-Galar, M|\n|teampreview\n|inactive|Battle timer is ON: inactive players will automatically lose when time's up. (requested by TryHonesty)\n|inactive|Gata Dadeira has 120 seconds left.\n|j| keltr1ck\n|\n|t:|1657384210\n|start\n|switch|p1a: Tapu Lele|Tapu Lele|100\/100\n|switch|p2a: Regieleki|Regieleki|100\/100\n|-fieldstart|move: Psychic Terrain|[from] ability: Psychic Surge|[of] p1a: Tapu Lele\n|turn|1\n|j| TuereselXokas\n|l| TuereselXokas\n|inactive|Gata Dadeira has 120 seconds left.\n|j| stewpeed\n|\n|t:|1657384266\n|move|p2a: Regieleki|Volt Switch|p1a: Tapu Lele\n|-damage|p1a: Tapu Lele|33\/100\n|\n|t:|1657384271\n|switch|p2a: Slowking|Slowking-Galar, M|100\/100|[from]move: Volt Switch\n|move|p1a: Tapu Lele|Calm Mind|p1a: Tapu Lele\n|-boost|p1a: Tapu Lele|spa|1\n|-boost|p1a: Tapu Lele|spd|1\n|\n|upkeep\n|turn|2\n|j| TuereselXokas\n|\n|t:|1657384278\n|switch|p1a: Marowak|Marowak-Alola, M|100\/100\n|move|p2a: Slowking|Sludge Bomb|p1a: Marowak\n|-resisted|p1a: Marowak\n|-damage|p1a: Marowak|74\/100\n|\n|upkeep\n|turn|3\n|\n|t:|1657384291\n|switch|p2a: Hippowdon|Hippowdon, M|100\/100\n|-weather|Sandstorm|[from] ability: Sand Stream|[of] p2a: Hippowdon\n|move|p1a: Marowak|Flare Blitz|p2a: Hippowdon\n|-damage|p2a: Hippowdon|53\/100\n|-status|p2a: Hippowdon|brn\n|\n|-weather|Sandstorm|[upkeep]\n|-damage|p1a: Marowak|67\/100|[from] Sandstorm\n|-heal|p2a: Hippowdon|59\/100 brn|[from] item: Leftovers\n|-damage|p2a: Hippowdon|53\/100 brn|[from] brn\n|upkeep\n|turn|4\n|\n|t:|1657384305\n|move|p2a: Hippowdon|Stealth Rock|p1a: Marowak\n|-sidestart|p1: Gata Dadeira|move: Stealth Rock\n|move|p1a: Marowak|Flare Blitz|p2a: Hippowdon\n|-damage|p2a: Hippowdon|0 fnt\n|faint|p2a: Hippowdon\n|\n|-weather|Sandstorm|[upkeep]\n|-damage|p1a: Marowak|61\/100|[from] Sandstorm\n|upkeep\n|\n|t:|1657384312\n|switch|p2a: Blacephalon|Blacephalon|100\/100\n|turn|5\n|\n|t:|1657384327\n|switch|p1a: Tapu Lele|Tapu Lele|33\/100\n|-damage|p1a: Tapu Lele|20\/100|[from] Stealth Rock\n|move|p2a: Blacephalon|Shadow Ball|p1a: Tapu Lele\n|-supereffective|p1a: Tapu Lele\n|-damage|p1a: Tapu Lele|0 fnt\n|faint|p1a: Tapu Lele\n|-ability|p2a: Blacephalon|Beast Boost|boost\n|-boost|p2a: Blacephalon|spa|1\n|\n|-weather|Sandstorm|[upkeep]\n|-damage|p2a: Blacephalon|94\/100|[from] Sandstorm\n|-fieldend|move: Psychic Terrain\n|upkeep\n|\n|t:|1657384342\n|switch|p1a: Ditto|Ditto|100\/100\n|-damage|p1a: Ditto|88\/100|[from] Stealth Rock\n|-transform|p1a: Ditto|p2a: Blacephalon|[from] ability: Imposter\n|turn|6\n|\n|t:|1657384349\n|switch|p2a: Slowking|Slowking-Galar, M|100\/100\n|move|p1a: Ditto|Shadow Ball|p2a: Slowking\n|-supereffective|p2a: Slowking\n|-damage|p2a: Slowking|18\/100\n|-unboost|p2a: Slowking|spd|1\n|\n|-weather|Sandstorm|[upkeep]\n|-damage|p1a: Ditto|82\/100|[from] Sandstorm\n|-damage|p2a: Slowking|12\/100|[from] Sandstorm\n|upkeep\n|turn|7\n|\n|t:|1657384360\n|move|p1a: Ditto|Shadow Ball|p2a: Slowking\n|-supereffective|p2a: Slowking\n|-damage|p2a: Slowking|0 fnt\n|faint|p2a: Slowking\n|-ability|p1a: Ditto|Beast Boost|boost\n|-boost|p1a: Ditto|spa|1\n|\n|-weather|none\n|upkeep\n|\n|t:|1657384363\n|switch|p2a: Regieleki|Regieleki|100\/100\n|turn|8\n|\n|t:|1657384375\n|move|p2a: Regieleki|Volt Switch|p1a: Ditto\n|-damage|p1a: Ditto|0 fnt\n|faint|p1a: Ditto\n|\n|t:|1657384392\n|switch|p2a: Zapdos|Zapdos|100\/100|[from]move: Volt Switch\n|\n|upkeep\n|l| TuereselXokas\n|\n|t:|1657384405\n|switch|p1a: Victini|Victini|100\/100\n|turn|9\n|\n|t:|1657384410\n|move|p2a: Zapdos|Volt Switch|p1a: Victini\n|-damage|p1a: Victini|70\/100\n|\n|t:|1657384415\n|switch|p2a: Urshifu|Urshifu-Rapid-Strike, M|100\/100|[from]move: Volt Switch\n|move|p1a: Victini|Trick Room|p1a: Victini\n|-fieldstart|move: Trick Room|[of] p1a: Victini\n|\n|upkeep\n|turn|10\n|\n|t:|1657384427\n|switch|p1a: Ferrothorn|Ferrothorn, F|100\/100\n|-damage|p1a: Ferrothorn|94\/100|[from] Stealth Rock\n|move|p2a: Urshifu|Surging Strikes|p1a: Ferrothorn\n|-resisted|p1a: Ferrothorn\n|-crit|p1a: Ferrothorn\n|-damage|p1a: Ferrothorn|86\/100\n|-damage|p2a: Urshifu|88\/100|[from] ability: Iron Barbs|[of] p1a: Ferrothorn\n|-damage|p2a: Urshifu|72\/100|[from] item: Rocky Helmet|[of] p1a: Ferrothorn\n|-resisted|p1a: Ferrothorn\n|-crit|p1a: Ferrothorn\n|-damage|p1a: Ferrothorn|75\/100\n|-damage|p2a: Urshifu|59\/100|[from] ability: Iron Barbs|[of] p1a: Ferrothorn\n|-damage|p2a: Urshifu|43\/100|[from] item: Rocky Helmet|[of] p1a: Ferrothorn\n|-resisted|p1a: Ferrothorn\n|-crit|p1a: Ferrothorn\n|-damage|p1a: Ferrothorn|66\/100\n|-damage|p2a: Urshifu|31\/100|[from] ability: Iron Barbs|[of] p1a: Ferrothorn\n|-damage|p2a: Urshifu|14\/100|[from] item: Rocky Helmet|[of] p1a: Ferrothorn\n|-hitcount|p1a: Ferrothorn|3\n|\n|upkeep\n|turn|11\n|inactive|Gata Dadeira has 120 seconds left.\n|\n|t:|1657384454\n|move|p1a: Ferrothorn|Knock Off|p2a: Urshifu\n|-resisted|p2a: Urshifu\n|-damage|p2a: Urshifu|4\/100\n|-enditem|p2a: Urshifu|Choice Band|[from] move: Knock Off|[of] p1a: Ferrothorn\n|move|p2a: Urshifu|Surging Strikes|p1a: Ferrothorn\n|-resisted|p1a: Ferrothorn\n|-crit|p1a: Ferrothorn\n|-damage|p1a: Ferrothorn|60\/100\n|-damage|p2a: Urshifu|0 fnt|[from] ability: Iron Barbs|[of] p1a: Ferrothorn\n|faint|p2a: Urshifu\n|-hitcount|p1a: Ferrothorn|1\n|\n|upkeep\n|\n|t:|1657384463\n|switch|p2a: Zapdos|Zapdos|100\/100\n|turn|12\n|inactive|Gata Dadeira has 120 seconds left.\n|\n|t:|1657384486\n|move|p1a: Ferrothorn|Knock Off|p2a: Zapdos\n|-damage|p2a: Zapdos|79\/100\n|-status|p1a: Ferrothorn|par|[from] ability: Static|[of] p2a: Zapdos\n|-enditem|p2a: Zapdos|Heavy-Duty Boots|[from] move: Knock Off|[of] p1a: Ferrothorn\n|move|p2a: Zapdos|Heat Wave|p1a: Ferrothorn|[miss]\n|-miss|p2a: Zapdos|p1a: Ferrothorn\n|\n|upkeep\n|turn|13\n|\n|t:|1657384498\n|cant|p1a: Ferrothorn|par\n|move|p2a: Zapdos|Roost|p2a: Zapdos\n|-heal|p2a: Zapdos|100\/100\n|-singleturn|p2a: Zapdos|move: Roost\n|\n|-fieldend|move: Trick Room\n|upkeep\n|turn|14\n|\n|t:|1657384507\n|move|p2a: Zapdos|Volt Switch|p1a: Ferrothorn\n|-resisted|p1a: Ferrothorn\n|-damage|p1a: Ferrothorn|43\/100 par\n|\n|t:|1657384511\n|switch|p2a: Blacephalon|Blacephalon|94\/100|[from]move: Volt Switch\n|move|p1a: Ferrothorn|Gyro Ball|p2a: Blacephalon\n|-resisted|p2a: Blacephalon\n|-damage|p2a: Blacephalon|37\/100\n|\n|upkeep\n|turn|15\n|inactive|Gata Dadeira has 120 seconds left.\n|\n|t:|1657384529\n|move|p2a: Blacephalon|Shadow Ball|p1a: Ferrothorn\n|-damage|p1a: Ferrothorn|0 fnt\n|faint|p1a: Ferrothorn\n|-ability|p2a: Blacephalon|Beast Boost|boost\n|-boost|p2a: Blacephalon|spa|1\n|\n|upkeep\n|\n|t:|1657384537\n|switch|p1a: Kartana|Kartana|100\/100\n|-damage|p1a: Kartana|94\/100|[from] Stealth Rock\n|turn|16\n|\n|t:|1657384543\n|move|p1a: Kartana|Knock Off|p2a: Blacephalon\n|-supereffective|p2a: Blacephalon\n|-damage|p2a: Blacephalon|0 fnt\n|-enditem|p2a: Blacephalon|Choice Specs|[from] move: Knock Off|[of] p1a: Kartana\n|faint|p2a: Blacephalon\n|-ability|p1a: Kartana|Beast Boost|boost\n|-boost|p1a: Kartana|atk|1\n|\n|upkeep\n|\n|t:|1657384546\n|switch|p2a: Regieleki|Regieleki|100\/100\n|turn|17\n|inactive|Gata Dadeira has 120 seconds left.\n|\n|t:|1657384571\n|move|p2a: Regieleki|Thunderbolt|p1a: Kartana\n|-resisted|p1a: Kartana\n|-damage|p1a: Kartana|0 fnt\n|faint|p1a: Kartana\n|\n|upkeep\n|\n|t:|1657384577\n|switch|p1a: Victini|Victini|70\/100\n|turn|18\n|\n|t:|1657384586\n|move|p2a: Regieleki|Thunderbolt|p1a: Victini\n|-damage|p1a: Victini|0 fnt\n|faint|p1a: Victini\n|\n|upkeep\n|l|\u2606Gata Dadeira\n|inactive|Gata Dadeira disconnected and has a minute to reconnect!\n|player|p1|\n|inactive|Gata Dadeira has 30 seconds to reconnect!\n|l| keltr1ck\n|inactive|Gata Dadeira has 20 seconds to reconnect!\n|inactive|Gata Dadeira has 15 seconds to reconnect!\n|inactive|Gata Dadeira has 10 seconds to reconnect!\n|inactive|Gata Dadeira has 5 seconds to reconnect!\n|-message|Gata Dadeira lost due to inactivity.\n|\n|win|TryHonesty\n|raw|Gata Dadeira's rating: 1589 &rarr; <strong>1570<\/strong><br \/>(-19 for losing)\n|raw|TryHonesty's rating: 1601 &rarr; <strong>1620<\/strong><br \/>(+19 for winning)\n|l|\u2606TryHonesty\n||Ladder isn't responding, score probably updated but might not have (Request timeout).\n|j|\u2606Gata Dadeira\n|player|p1|Gata Dadeira|dahlia\n|l| stewpeed\n","uploadtime":1657385050,"views":6,"p1id":"gatadadeira","p2id":"tryhonesty","formatid":"gen8ou","rating":1570,"private":0,"password":null}