{"id":"gen8scalemons-1073599187","p1":"hailmudkip73","p2":"ferromolybdenum","format":"gen8scalemons","log":"|j|\u2606hailmudkip73\n|j|\u2606ferromolybdenum\n|player|p1|hailmudkip73|70|1077\n|player|p2|ferromolybdenum|lucas|1196\n|teamsize|p1|6\n|teamsize|p2|6\n|gametype|singles\n|gen|8\n|tier|[Gen 8] Scalemons\n|rated|\n|clearpoke\n|poke|p1|Mawile, M|\n|poke|p1|Munchlax, F|\n|poke|p1|Swoobat, M|\n|poke|p1|Hatterene, F|\n|poke|p1|Corviknight, M|\n|poke|p1|Gastrodon-East, F|\n|poke|p2|Glalie, F|\n|poke|p2|Pawniard, M|\n|poke|p2|Gastly, F|\n|poke|p2|Vullaby, F|\n|poke|p2|Timburr, F|\n|poke|p2|Butterfree, M|\n|rule|Sleep Clause Mod: Limit one foe put to sleep\n|rule|Species Clause: Limit one of each Pok\u00e9mon\n|rule|OHKO Clause: OHKO moves are banned\n|rule|Evasion Moves Clause: Evasion moves are banned\n|rule|Endless Battle Clause: Forcing endless battles is banned\n|rule|HP Percentage Mod: HP is shown in percentages\n|rule|Dynamax Clause: You cannot dynamax\n|teampreview\n|inactive|Battle timer is ON: inactive players will automatically lose when time's up. (requested by hailmudkip73)\n|\n|start\n|switch|p1a: Munchlax|Munchlax, F|100\/100\n|switch|p2a: Glalie|Glalie, F|100\/100\n|turn|1\n|j| qwowehio123\n|\n|move|p2a: Glalie|Substitute|p2a: Glalie\n|-start|p2a: Glalie|Substitute\n|-damage|p2a: Glalie|76\/100\n|move|p1a: Munchlax|Curse|p1a: Munchlax\n|-unboost|p1a: Munchlax|spe|1\n|-boost|p1a: Munchlax|atk|1\n|-boost|p1a: Munchlax|def|1\n|\n|-heal|p2a: Glalie|82\/100|[from] item: Leftovers\n|-ability|p2a: Glalie|Moody|boost\n|-boost|p2a: Glalie|spa|2\n|-unboost|p2a: Glalie|spd|1\n|upkeep\n|turn|2\n|\n|move|p2a: Glalie|Freeze-Dry|p1a: Munchlax\n|-damage|p1a: Munchlax|90\/100\n|move|p1a: Munchlax|Fire Punch|p2a: Glalie\n|-supereffective|p2a: Glalie\n|-end|p2a: Glalie|Substitute\n|\n|-heal|p2a: Glalie|88\/100|[from] item: Leftovers\n|-ability|p2a: Glalie|Moody|boost\n|-boost|p2a: Glalie|spe|2\n|-unboost|p2a: Glalie|spd|1\n|upkeep\n|turn|3\n|\n|move|p2a: Glalie|Substitute|p2a: Glalie\n|-start|p2a: Glalie|Substitute\n|-damage|p2a: Glalie|63\/100\n|move|p1a: Munchlax|Fire Punch|p2a: Glalie\n|-supereffective|p2a: Glalie\n|-end|p2a: Glalie|Substitute\n|\n|-heal|p2a: Glalie|69\/100|[from] item: Leftovers\n|-ability|p2a: Glalie|Moody|boost\n|-boost|p2a: Glalie|def|2\n|-unboost|p2a: Glalie|spd|1\n|upkeep\n|turn|4\n|inactive|ferromolybdenum has 120 seconds left.\n|\n|move|p2a: Glalie|Protect|p2a: Glalie\n|-singleturn|p2a: Glalie|Protect\n|move|p1a: Munchlax|Curse|p1a: Munchlax\n|-unboost|p1a: Munchlax|spe|1\n|-boost|p1a: Munchlax|atk|1\n|-boost|p1a: Munchlax|def|1\n|\n|-heal|p2a: Glalie|75\/100|[from] item: Leftovers\n|-ability|p2a: Glalie|Moody|boost\n|-boost|p2a: Glalie|atk|2\n|-unboost|p2a: Glalie|spa|1\n|upkeep\n|turn|5\n|\n|move|p2a: Glalie|Substitute|p2a: Glalie\n|-start|p2a: Glalie|Substitute\n|-damage|p2a: Glalie|50\/100\n|move|p1a: Munchlax|Fire Punch|p2a: Glalie\n|-supereffective|p2a: Glalie\n|-end|p2a: Glalie|Substitute\n|\n|-heal|p2a: Glalie|56\/100|[from] item: Leftovers\n|-ability|p2a: Glalie|Moody|boost\n|-boost|p2a: Glalie|atk|2\n|-unboost|p2a: Glalie|spe|1\n|upkeep\n|turn|6\n|\n|move|p2a: Glalie|Protect|p2a: Glalie\n|-singleturn|p2a: Glalie|Protect\n|move|p1a: Munchlax|Fire Punch|p2a: Glalie\n|-activate|p2a: Glalie|move: Protect\n|\n|-heal|p2a: Glalie|62\/100|[from] item: Leftovers\n|-ability|p2a: Glalie|Moody|boost\n|-boost|p2a: Glalie|atk|2\n|-unboost|p2a: Glalie|spa|1\n|upkeep\n|turn|7\n|inactive|ferromolybdenum has 120 seconds left.\n|\n|move|p2a: Glalie|Substitute|p2a: Glalie\n|-start|p2a: Glalie|Substitute\n|-damage|p2a: Glalie|37\/100\n|move|p1a: Munchlax|Fire Punch|p2a: Glalie\n|-supereffective|p2a: Glalie\n|-end|p2a: Glalie|Substitute\n|\n|-heal|p2a: Glalie|43\/100|[from] item: Leftovers\n|-ability|p2a: Glalie|Moody|boost\n|-boost|p2a: Glalie|spe|2\n|-unboost|p2a: Glalie|atk|1\n|upkeep\n|turn|8\n|inactive|ferromolybdenum has 120 seconds left.\n|\n|move|p2a: Glalie|Protect|p2a: Glalie\n|-singleturn|p2a: Glalie|Protect\n|move|p1a: Munchlax|Curse|p1a: Munchlax\n|-unboost|p1a: Munchlax|spe|1\n|-boost|p1a: Munchlax|atk|1\n|-boost|p1a: Munchlax|def|1\n|\n|-heal|p2a: Glalie|49\/100|[from] item: Leftovers\n|-ability|p2a: Glalie|Moody|boost\n|-boost|p2a: Glalie|spe|2\n|-unboost|p2a: Glalie|spd|1\n|upkeep\n|turn|9\n|\n|move|p2a: Glalie|Substitute|p2a: Glalie\n|-start|p2a: Glalie|Substitute\n|-damage|p2a: Glalie|24\/100\n|move|p1a: Munchlax|Fire Punch|p2a: Glalie\n|-supereffective|p2a: Glalie\n|-end|p2a: Glalie|Substitute\n|\n|-heal|p2a: Glalie|30\/100|[from] item: Leftovers\n|-ability|p2a: Glalie|Moody|boost\n|-boost|p2a: Glalie|spd|2\n|-unboost|p2a: Glalie|def|1\n|upkeep\n|turn|10\n|\n|move|p2a: Glalie|Protect|p2a: Glalie\n|-singleturn|p2a: Glalie|Protect\n|move|p1a: Munchlax|Fire Punch|p2a: Glalie\n|-activate|p2a: Glalie|move: Protect\n|\n|-heal|p2a: Glalie|36\/100|[from] item: Leftovers\n|-ability|p2a: Glalie|Moody|boost\n|-boost|p2a: Glalie|def|2\n|-unboost|p2a: Glalie|atk|1\n|upkeep\n|turn|11\n|\n|move|p2a: Glalie|Freeze-Dry|p1a: Munchlax\n|-damage|p1a: Munchlax|83\/100\n|-status|p1a: Munchlax|frz\n|-curestatus|p1a: Munchlax|frz|[msg]\n|move|p1a: Munchlax|Fire Punch|p2a: Glalie\n|-supereffective|p2a: Glalie\n|-damage|p2a: Glalie|0 fnt\n|faint|p2a: Glalie\n|\n|upkeep\n|\n|switch|p2a: Gastly|Gastly, F|100\/100\n|turn|12\n|\n|move|p2a: Gastly|Sludge Wave|p1a: Munchlax\n|-damage|p1a: Munchlax|58\/100\n|move|p1a: Munchlax|Fire Punch|p2a: Gastly\n|-crit|p2a: Gastly\n|-enditem|p2a: Gastly|Focus Sash\n|-damage|p2a: Gastly|1\/100\n|\n|upkeep\n|turn|13\n|\n|move|p2a: Gastly|Destiny Bond|p2a: Gastly\n|-singlemove|p2a: Gastly|Destiny Bond\n|move|p1a: Munchlax|Rest|p1a: Munchlax\n|-status|p1a: Munchlax|slp|[from] move: Rest\n|-heal|p1a: Munchlax|100\/100 slp|[silent]\n|-enditem|p1a: Munchlax|Chesto Berry|[eat]\n|-curestatus|p1a: Munchlax|slp|[msg]\n|\n|upkeep\n|turn|14\n|-message|ferromolybdenum forfeited.\n|\n|win|hailmudkip73\n|l|\u2606ferromolybdenum\n|raw|hailmudkip73's rating: 1100 &rarr; <strong>1131<\/strong><br \/>(+31 for winning)\n|raw|ferromolybdenum's rating: 1196 &rarr; <strong>1164<\/strong><br \/>(-32 for losing)\n","uploadtime":1583357423,"views":15,"p1id":"hailmudkip73","p2id":"ferromolybdenum","formatid":"gen8scalemons","rating":1131,"private":0,"password":null}