{"id":"gen8ou-1622954244","p1":"biaoges","p2":"jeandonis02","format":"gen8ou","log":"|j|\u203dbiaoges\n|j|\u2606jeandonis02\n|t:|1658511018\n|gametype|singles\n|player|p1|biaoges|169|1729\n|player|p2|jeandonis02|lucas|1839\n|teamsize|p1|6\n|teamsize|p2|6\n|gen|8\n|tier|[Gen 8] OU\n|rated|\n|rule|Sleep Clause Mod: Limit one foe put to sleep\n|rule|Species Clause: Limit one of each Pok\u00e9mon\n|rule|OHKO Clause: OHKO moves are banned\n|rule|Evasion Moves Clause: Evasion moves are banned\n|rule|Endless Battle Clause: Forcing endless battles is banned\n|rule|HP Percentage Mod: HP is shown in percentages\n|rule|Dynamax Clause: You cannot dynamax\n|clearpoke\n|poke|p1|Moltres-Galar|\n|poke|p1|Urshifu-*, F|\n|poke|p1|Landorus-Therian, M|\n|poke|p1|Blaziken, M|\n|poke|p1|Hatterene, F|\n|poke|p1|Nidoking, M|\n|poke|p2|Zeraora|\n|poke|p2|Toxapex, F|\n|poke|p2|Garchomp, F|\n|poke|p2|Rotom-Wash|\n|poke|p2|Ferrothorn, M|\n|poke|p2|Charizard, M|\n|teampreview\n|\n|t:|1658511045\n|start\n|switch|p1a: Landorus|Landorus-Therian, M|100\/100\n|switch|p2a: Rotom|Rotom-Wash|100\/100\n|-ability|p1a: Landorus|Intimidate|boost\n|-unboost|p2a: Rotom|atk|1\n|turn|1\n|\n|t:|1658511049\n|move|p1a: Landorus|Stealth Rock|p2a: Rotom\n|-sidestart|p2: jeandonis02|move: Stealth Rock\n|move|p2a: Rotom|Will-O-Wisp|p1a: Landorus\n|-status|p1a: Landorus|brn\n|\n|-damage|p1a: Landorus|95\/100 brn|[from] brn\n|upkeep\n|turn|2\n|inactive|Battle timer is ON: inactive players will automatically lose when time's up. (requested by jeandonis02)\n|j| 2x4is8Skin\n|\n|t:|1658511051\n|move|p1a: Landorus|Swords Dance|p1a: Landorus\n|-boost|p1a: Landorus|atk|2\n|move|p2a: Rotom|Defog|p1a: Landorus\n|-unboost|p1a: Landorus|evasion|1\n|-sideend|p2: jeandonis02|Stealth Rock|[from] move: Defog|[of] p2a: Rotom\n|\n|-damage|p1a: Landorus|89\/100 brn|[from] brn\n|upkeep\n|turn|3\n|\n|t:|1658511053\n|move|p1a: Landorus|Stealth Rock|p2a: Rotom\n|-sidestart|p2: jeandonis02|move: Stealth Rock\n|move|p2a: Rotom|Hydro Pump|p1a: Landorus\n|-supereffective|p1a: Landorus\n|-damage|p1a: Landorus|0 fnt\n|faint|p1a: Landorus\n|\n|upkeep\n|j| GoldenStateIdiots\n|\n|t:|1658511066\n|switch|p1a: Nidoking|Nidoking, M|100\/100\n|turn|4\n|\n|t:|1658511067\n|move|p1a: Nidoking|Sludge Wave|p2a: Rotom\n|-damage|p2a: Rotom|32\/100\n|move|p2a: Rotom|Defog|p1a: Nidoking\n|-unboost|p1a: Nidoking|evasion|1\n|-sideend|p2: jeandonis02|Stealth Rock|[from] move: Defog|[of] p2a: Rotom\n|\n|-heal|p2a: Rotom|39\/100|[from] item: Leftovers\n|upkeep\n|turn|5\n|\n|t:|1658511073\n|move|p1a: Nidoking|Sludge Wave|p2a: Rotom\n|-damage|p2a: Rotom|0 fnt\n|faint|p2a: Rotom\n|\n|upkeep\n|\n|t:|1658511076\n|switch|p2a: Toxapex|Toxapex, F|100\/100\n|turn|6\n|\n|t:|1658511078\n|move|p1a: Nidoking|Earth Power|p2a: Toxapex\n|-supereffective|p2a: Toxapex\n|-damage|p2a: Toxapex|15\/100\n|move|p2a: Toxapex|Scald|p1a: Nidoking\n|-supereffective|p1a: Nidoking\n|-damage|p1a: Nidoking|56\/100\n|\n|-heal|p2a: Toxapex|21\/100|[from] item: Black Sludge\n|upkeep\n|turn|7\n|\n|t:|1658511085\n|switch|p2a: Ferrothorn|Ferrothorn, M|100\/100\n|move|p1a: Nidoking|Earth Power|p2a: Ferrothorn\n|-damage|p2a: Ferrothorn|42\/100\n|\n|upkeep\n|turn|8\n|\n|t:|1658511088\n|switch|p2a: Garchomp|Garchomp, F|100\/100\n|move|p1a: Nidoking|Earth Power|p2a: Garchomp\n|-damage|p2a: Garchomp|34\/100\n|\n|upkeep\n|turn|9\n|\n|t:|1658511092\n|switch|p1a: Hatterene|Hatterene, F|100\/100\n|move|p2a: Garchomp|Outrage|p1a: Hatterene\n|-immune|p1a: Hatterene\n|\n|upkeep\n|turn|10\n|\n|t:|1658511097\n|switch|p2a: Ferrothorn|Ferrothorn, M|42\/100\n|move|p1a: Hatterene|Calm Mind|p1a: Hatterene\n|-boost|p1a: Hatterene|spa|1\n|-boost|p1a: Hatterene|spd|1\n|\n|upkeep\n|turn|11\n|\n|t:|1658511100\n|move|p1a: Hatterene|Mystical Fire|p2a: Ferrothorn\n|-supereffective|p2a: Ferrothorn\n|-damage|p2a: Ferrothorn|0 fnt\n|faint|p2a: Ferrothorn\n|\n|upkeep\n|\n|t:|1658511102\n|switch|p2a: Garchomp|Garchomp, F|34\/100\n|turn|12\n|\n|t:|1658511104\n|switch|p1a: Moltres|Moltres-Galar|100\/100\n|move|p2a: Garchomp|Iron Head|p1a: Moltres\n|-damage|p1a: Moltres|53\/100\n|\n|-heal|p1a: Moltres|59\/100|[from] item: Leftovers\n|upkeep\n|turn|13\n|\n|t:|1658511113\n|switch|p2a: Zeraora|Zeraora|100\/100\n|move|p1a: Moltres|Fiery Wrath|p2a: Zeraora\n|-damage|p2a: Zeraora|49\/100\n|\n|-heal|p1a: Moltres|65\/100|[from] item: Leftovers\n|upkeep\n|turn|14\n|\n|t:|1658511117\n|move|p2a: Zeraora|Knock Off|p1a: Moltres\n|-resisted|p1a: Moltres\n|-damage|p1a: Moltres|47\/100\n|-enditem|p1a: Moltres|Leftovers|[from] move: Knock Off|[of] p2a: Zeraora\n|-ability|p1a: Moltres|Berserk|boost\n|-boost|p1a: Moltres|spa|1\n|move|p1a: Moltres|Fiery Wrath|p2a: Zeraora\n|-damage|p2a: Zeraora|0 fnt\n|faint|p2a: Zeraora\n|\n|upkeep\n|\n|t:|1658511122\n|switch|p2a: Garchomp|Garchomp, F|34\/100\n|turn|15\n|\n|t:|1658511130\n|move|p2a: Garchomp|Outrage|p1a: Moltres\n|-damage|p1a: Moltres|0 fnt\n|faint|p1a: Moltres\n|\n|upkeep\n|\n|t:|1658511132\n|switch|p1a: Hatterene|Hatterene, F|100\/100\n|turn|16\n|\n|t:|1658511135\n|move|p2a: Garchomp|Outrage|p1a: Hatterene|[from]lockedmove\n|-immune|p1a: Hatterene\n|-start|p2a: Garchomp|confusion|[fatigue]\n|move|p1a: Hatterene|Calm Mind|p1a: Hatterene\n|-boost|p1a: Hatterene|spa|1\n|-boost|p1a: Hatterene|spd|1\n|\n|upkeep\n|turn|17\n|\n|t:|1658511138\n|switch|p2a: Toxapex|Toxapex, F|54\/100\n|move|p1a: Hatterene|Calm Mind|p1a: Hatterene\n|-boost|p1a: Hatterene|spa|1\n|-boost|p1a: Hatterene|spd|1\n|\n|-heal|p2a: Toxapex|61\/100|[from] item: Black Sludge\n|upkeep\n|turn|18\n|\n|t:|1658511141\n|move|p2a: Toxapex|Baneful Bunker|p2a: Toxapex\n|-singleturn|p2a: Toxapex|move: Protect\n|move|p1a: Hatterene|Psyshock|p2a: Toxapex\n|-activate|p2a: Toxapex|move: Protect\n|\n|-heal|p2a: Toxapex|67\/100|[from] item: Black Sludge\n|upkeep\n|turn|19\n|\n|t:|1658511143\n|move|p2a: Toxapex|Haze|p2a: Toxapex\n|-clearallboost\n|move|p1a: Hatterene|Psyshock|p2a: Toxapex\n|-supereffective|p2a: Toxapex\n|-damage|p2a: Toxapex|8\/100\n|\n|-heal|p2a: Toxapex|14\/100|[from] item: Black Sludge\n|upkeep\n|turn|20\n|\n|t:|1658511147\n|move|p2a: Toxapex|Haze|p2a: Toxapex\n|-clearallboost\n|move|p1a: Hatterene|Psyshock|p2a: Toxapex\n|-supereffective|p2a: Toxapex\n|-crit|p2a: Toxapex\n|-damage|p2a: Toxapex|0 fnt\n|faint|p2a: Toxapex\n|\n|upkeep\n|\n|t:|1658511149\n|switch|p2a: Garchomp|Garchomp, F|34\/100\n|turn|21\n|\n|t:|1658511156\n|move|p2a: Garchomp|Earthquake|p1a: Hatterene\n|-damage|p1a: Hatterene|32\/100\n|move|p1a: Hatterene|Draining Kiss|p2a: Garchomp\n|-supereffective|p2a: Garchomp\n|-damage|p2a: Garchomp|0 fnt\n|-heal|p1a: Hatterene|60\/100|[from] drain|[of] p2a: Garchomp\n|-damage|p1a: Hatterene|48\/100|[from] ability: Rough Skin|[of] p2a: Garchomp\n|faint|p2a: Garchomp\n|\n|-heal|p1a: Hatterene|54\/100|[from] item: Leftovers\n|upkeep\n|\n|t:|1658511158\n|switch|p2a: Charizard|Charizard, M|100\/100\n|turn|22\n|\n|t:|1658511160\n|move|p2a: Charizard|Belly Drum|p2a: Charizard\n|-damage|p2a: Charizard|50\/100\n|-setboost|p2a: Charizard|atk|6|[from] move: Belly Drum\n|-enditem|p2a: Charizard|Sitrus Berry|[eat]\n|-heal|p2a: Charizard|75\/100|[from] item: Sitrus Berry\n|move|p1a: Hatterene|Psyshock|p2a: Charizard\n|-damage|p2a: Charizard|26\/100\n|\n|-heal|p1a: Hatterene|60\/100|[from] item: Leftovers\n|upkeep\n|turn|23\n|\n|t:|1658511170\n|move|p2a: Charizard|Roost|p2a: Charizard\n|-heal|p2a: Charizard|76\/100\n|-singleturn|p2a: Charizard|move: Roost\n|move|p1a: Hatterene|Psyshock|p2a: Charizard\n|-damage|p2a: Charizard|28\/100\n|\n|-heal|p1a: Hatterene|66\/100|[from] item: Leftovers\n|upkeep\n|turn|24\n|\n|t:|1658511175\n|move|p2a: Charizard|Roost|p2a: Charizard\n|-heal|p2a: Charizard|78\/100\n|-singleturn|p2a: Charizard|move: Roost\n|move|p1a: Hatterene|Psyshock|p2a: Charizard\n|-damage|p2a: Charizard|32\/100\n|\n|-heal|p1a: Hatterene|72\/100|[from] item: Leftovers\n|upkeep\n|turn|25\n|\n|t:|1658511176\n|move|p2a: Charizard|Roost|p2a: Charizard\n|-heal|p2a: Charizard|82\/100\n|-singleturn|p2a: Charizard|move: Roost\n|move|p1a: Hatterene|Psyshock|p2a: Charizard\n|-damage|p2a: Charizard|39\/100\n|\n|-heal|p1a: Hatterene|78\/100|[from] item: Leftovers\n|upkeep\n|turn|26\n|\n|t:|1658511178\n|move|p2a: Charizard|Roost|p2a: Charizard\n|-heal|p2a: Charizard|89\/100\n|-singleturn|p2a: Charizard|move: Roost\n|move|p1a: Hatterene|Psyshock|p2a: Charizard\n|-damage|p2a: Charizard|47\/100\n|\n|-heal|p1a: Hatterene|84\/100|[from] item: Leftovers\n|upkeep\n|turn|27\n|\n|t:|1658511181\n|move|p2a: Charizard|Roost|p2a: Charizard\n|-heal|p2a: Charizard|97\/100\n|-singleturn|p2a: Charizard|move: Roost\n|move|p1a: Hatterene|Psyshock|p2a: Charizard\n|-damage|p2a: Charizard|54\/100\n|\n|-heal|p1a: Hatterene|90\/100|[from] item: Leftovers\n|upkeep\n|turn|28\n|\n|t:|1658511187\n|move|p2a: Charizard|Roost|p2a: Charizard\n|-heal|p2a: Charizard|100\/100\n|-singleturn|p2a: Charizard|move: Roost\n|move|p1a: Hatterene|Psyshock|p2a: Charizard\n|-damage|p2a: Charizard|54\/100\n|\n|-heal|p1a: Hatterene|96\/100|[from] item: Leftovers\n|upkeep\n|turn|29\n|\n|t:|1658511191\n|move|p2a: Charizard|Acrobatics|p1a: Hatterene\n|-damage|p1a: Hatterene|0 fnt\n|faint|p1a: Hatterene\n|\n|upkeep\n|-message|biaoges forfeited.\n|\n|win|jeandonis02\n|raw|biaoges's rating: 1729 &rarr; <strong>1715<\/strong><br \/>(-14 for losing)\n|raw|jeandonis02's rating: 1839 &rarr; <strong>1853<\/strong><br \/>(+14 for winning)\n|l|\u203dbiaoges\n|l|\u2606jeandonis02\n||Ladder isn't responding, score probably updated but might not have (Request timeout).\n|l| GoldenStateIdiots\n|n| HealthyHaroldIRL|2x4is8skin\n","uploadtime":1658513132,"views":30,"p1id":"biaoges","p2id":"jeandonis02","formatid":"gen8ou","rating":1715,"private":0,"password":null}