{"id":"gen8ou-1666139997","p1":"Comfey Grass","p2":"galarian dragapult","format":"gen8ou","log":"|j|\u2606Comfey Grass\n|j|\u2606galarian dragapult\n|t:|1663369743\n|gametype|singles\n|player|p1|Comfey Grass|pokemaniac|1734\n|player|p2|galarian dragapult|zinzolin|1765\n|teamsize|p1|6\n|teamsize|p2|6\n|gen|8\n|tier|[Gen 8] OU\n|rated|\n|rule|Sleep Clause Mod: Limit one foe put to sleep\n|rule|Species Clause: Limit one of each Pok\u00e9mon\n|rule|OHKO Clause: OHKO moves are banned\n|rule|Evasion Items Clause: Evasion items are banned\n|rule|Evasion Moves Clause: Evasion moves are banned\n|rule|Endless Battle Clause: Forcing endless battles is banned\n|rule|HP Percentage Mod: HP is shown in percentages\n|rule|Dynamax Clause: You cannot dynamax\n|clearpoke\n|poke|p1|Comfey, M|\n|poke|p1|Magnezone|\n|poke|p1|Rillaboom, M|\n|poke|p1|Lycanroc-Dusk, F|\n|poke|p1|Hawlucha, M|\n|poke|p1|Garchomp, F|\n|poke|p2|Tornadus-Therian, M|\n|poke|p2|Toxapex, F|\n|poke|p2|Hippowdon, F|\n|poke|p2|Kartana|\n|poke|p2|Tapu Lele|\n|poke|p2|Umbreon, M|\n|teampreview\n|\n|t:|1663369758\n|start\n|switch|p1a: Lycanroc|Lycanroc-Dusk, F|100\/100\n|switch|p2a: Tornadus|Tornadus-Therian, M|100\/100\n|turn|1\n|\n|t:|1663369762\n|move|p2a: Tornadus|Knock Off|p1a: Lycanroc\n|-damage|p1a: Lycanroc|66\/100\n|-enditem|p1a: Lycanroc|Focus Sash|[from] move: Knock Off|[of] p2a: Tornadus\n|move|p1a: Lycanroc|Stealth Rock|p2a: Tornadus\n|-sidestart|p2: galarian dragapult|move: Stealth Rock\n|\n|upkeep\n|turn|2\n|\n|t:|1663369767\n|move|p2a: Tornadus|U-turn|p1a: Lycanroc\n|-damage|p1a: Lycanroc|40\/100\n|\n|t:|1663369769\n|switch|p2a: Hippowdon|Hippowdon, F, shiny|100\/100|[from]move: U-turn\n|-damage|p2a: Hippowdon|94\/100|[from] Stealth Rock\n|-weather|Sandstorm|[from] ability: Sand Stream|[of] p2a: Hippowdon\n|move|p1a: Lycanroc|Taunt|p2a: Hippowdon\n|-start|p2a: Hippowdon|move: Taunt\n|\n|-weather|Sandstorm|[upkeep]\n|-heal|p2a: Hippowdon|100\/100|[from] item: Leftovers\n|upkeep\n|turn|3\n|\n|t:|1663369774\n|move|p1a: Lycanroc|Endeavor|p2a: Hippowdon\n|-damage|p2a: Hippowdon|28\/100\n|move|p2a: Hippowdon|Earthquake|p1a: Lycanroc\n|-supereffective|p1a: Lycanroc\n|-damage|p1a: Lycanroc|0 fnt\n|faint|p1a: Lycanroc\n|\n|-weather|Sandstorm|[upkeep]\n|-heal|p2a: Hippowdon|34\/100|[from] item: Leftovers\n|upkeep\n|inactive|Battle timer is ON: inactive players will automatically lose when time's up. (requested by galarian dragapult)\n|\n|t:|1663369789\n|switch|p1a: Rillaboom|Rillaboom, M|100\/100\n|-fieldstart|move: Grassy Terrain|[from] ability: Grassy Surge|[of] p1a: Rillaboom\n|turn|4\n|\n|t:|1663369792\n|switch|p2a: Tornadus|Tornadus-Therian, M|100\/100\n|move|p1a: Rillaboom|Swords Dance|p1a: Rillaboom\n|-boost|p1a: Rillaboom|atk|2\n|\n|-weather|Sandstorm|[upkeep]\n|-damage|p2a: Tornadus|94\/100|[from] Sandstorm\n|-damage|p1a: Rillaboom|94\/100|[from] Sandstorm\n|-heal|p1a: Rillaboom|100\/100|[from] Grassy Terrain\n|upkeep\n|turn|5\n|j| UrSheerForce\n|\n|t:|1663369808\n|switch|p2a: Hippowdon|Hippowdon, F, shiny|34\/100\n|-damage|p2a: Hippowdon|28\/100|[from] Stealth Rock\n|move|p1a: Rillaboom|Knock Off|p2a: Hippowdon\n|-damage|p2a: Hippowdon|0 fnt\n|-enditem|p2a: Hippowdon|Leftovers|[from] move: Knock Off|[of] p1a: Rillaboom\n|faint|p2a: Hippowdon\n|-damage|p1a: Rillaboom|91\/100|[from] item: Life Orb\n|\n|-weather|Sandstorm|[upkeep]\n|-damage|p1a: Rillaboom|84\/100|[from] Sandstorm\n|-heal|p1a: Rillaboom|91\/100|[from] Grassy Terrain\n|upkeep\n|\n|t:|1663369810\n|switch|p2a: Tapu Lele|Tapu Lele, shiny|100\/100\n|-damage|p2a: Tapu Lele|88\/100|[from] Stealth Rock\n|-fieldstart|move: Psychic Terrain|[from] ability: Psychic Surge|[of] p2a: Tapu Lele\n|turn|6\n|\n|t:|1663369816\n|switch|p1a: Magnezone|Magnezone|100\/100\n|-item|p1a: Magnezone|Air Balloon\n|move|p2a: Tapu Lele|Psychic|p1a: Magnezone\n|-resisted|p1a: Magnezone\n|-damage|p1a: Magnezone|42\/100\n|-unboost|p1a: Magnezone|spd|1\n|-enditem|p1a: Magnezone|Air Balloon\n|\n|-weather|none\n|upkeep\n|turn|7\n|\n|t:|1663369821\n|move|p2a: Tapu Lele|Psychic|p1a: Magnezone\n|-resisted|p1a: Magnezone\n|-damage|p1a: Magnezone|0 fnt\n|faint|p1a: Magnezone\n|\n|upkeep\n|\n|t:|1663369823\n|switch|p1a: Rillaboom|Rillaboom, M|91\/100\n|-fieldstart|move: Grassy Terrain|[from] ability: Grassy Surge|[of] p1a: Rillaboom\n|turn|8\n|\n|t:|1663369828\n|switch|p2a: Kartana|Kartana, shiny|100\/100\n|-damage|p2a: Kartana|94\/100|[from] Stealth Rock\n|move|p1a: Rillaboom|Knock Off|p2a: Kartana\n|-damage|p2a: Kartana|47\/100\n|-enditem|p2a: Kartana|Choice Band|[from] move: Knock Off|[of] p1a: Rillaboom\n|-damage|p1a: Rillaboom|81\/100|[from] item: Life Orb\n|\n|-heal|p2a: Kartana|53\/100|[from] Grassy Terrain\n|-heal|p1a: Rillaboom|87\/100|[from] Grassy Terrain\n|upkeep\n|turn|9\n|\n|t:|1663369832\n|move|p2a: Kartana|Knock Off|p1a: Rillaboom\n|-damage|p1a: Rillaboom|35\/100\n|-enditem|p1a: Rillaboom|Life Orb|[from] move: Knock Off|[of] p2a: Kartana\n|move|p1a: Rillaboom|Superpower|p2a: Kartana\n|-supereffective|p2a: Kartana\n|-damage|p2a: Kartana|0 fnt\n|-unboost|p1a: Rillaboom|atk|1\n|-unboost|p1a: Rillaboom|def|1\n|faint|p2a: Kartana\n|\n|-heal|p1a: Rillaboom|42\/100|[from] Grassy Terrain\n|upkeep\n|\n|t:|1663369835\n|switch|p2a: Tapu Lele|Tapu Lele, shiny|88\/100\n|-damage|p2a: Tapu Lele|76\/100|[from] Stealth Rock\n|-fieldstart|move: Psychic Terrain|[from] ability: Psychic Surge|[of] p2a: Tapu Lele\n|turn|10\n|\n|t:|1663369843\n|switch|p1a: Comfey|Comfey, M|100\/100\n|move|p2a: Tapu Lele|Psychic|p1a: Comfey\n|-damage|p1a: Comfey|2\/100\n|\n|-heal|p1a: Comfey|9\/100|[from] item: Leftovers\n|upkeep\n|turn|11\n|\n|t:|1663369848\n|move|p2a: Tapu Lele|Psychic|p1a: Comfey\n|-damage|p1a: Comfey|0 fnt\n|faint|p1a: Comfey\n|\n|upkeep\n|\n|t:|1663369851\n|switch|p1a: Rillaboom|Rillaboom, M|42\/100\n|-fieldstart|move: Grassy Terrain|[from] ability: Grassy Surge|[of] p1a: Rillaboom\n|turn|12\n|\n|t:|1663369859\n|switch|p2a: Tornadus|Tornadus-Therian, M|100\/100\n|move|p1a: Rillaboom|Grassy Glide|p2a: Tornadus\n|-resisted|p2a: Tornadus\n|-damage|p2a: Tornadus|73\/100\n|\n|-heal|p1a: Rillaboom|48\/100|[from] Grassy Terrain\n|upkeep\n|turn|13\n|\n|t:|1663369863\n|move|p2a: Tornadus|Defog|p1a: Rillaboom\n|-unboost|p1a: Rillaboom|evasion|1\n|-sideend|p2: galarian dragapult|Stealth Rock|[from] move: Defog|[of] p2a: Tornadus\n|-fieldend|move: Grassy Terrain\n|move|p1a: Rillaboom|Knock Off|p2a: Tornadus\n|-damage|p2a: Tornadus|38\/100\n|-enditem|p2a: Tornadus|Heavy-Duty Boots|[from] move: Knock Off|[of] p1a: Rillaboom\n|\n|upkeep\n|turn|14\n|\n|t:|1663369867\n|switch|p1a: Garchomp|Garchomp, F|100\/100\n|move|p2a: Tornadus|U-turn|p1a: Garchomp\n|-damage|p1a: Garchomp|84\/100\n|-damage|p2a: Tornadus|26\/100|[from] ability: Rough Skin|[of] p1a: Garchomp\n|\n|t:|1663369872\n|switch|p2a: Umbreon|Umbreon, M, shiny|100\/100|[from]move: U-turn\n|\n|upkeep\n|turn|15\n|\n|t:|1663369876\n|switch|p1a: Rillaboom|Rillaboom, M|48\/100\n|-fieldstart|move: Grassy Terrain|[from] ability: Grassy Surge|[of] p1a: Rillaboom\n|move|p2a: Umbreon|Foul Play|p1a: Rillaboom\n|-damage|p1a: Rillaboom|0 fnt\n|faint|p1a: Rillaboom\n|\n|upkeep\n|\n|t:|1663369878\n|switch|p1a: Hawlucha|Hawlucha, M|100\/100\n|-enditem|p1a: Hawlucha|Grassy Seed\n|-boost|p1a: Hawlucha|def|1|[from] item: Grassy Seed\n|turn|16\n|\n|t:|1663369884\n|switch|p2a: Toxapex|Toxapex, F, shiny|100\/100\n|move|p1a: Hawlucha|Swords Dance|p1a: Hawlucha\n|-boost|p1a: Hawlucha|atk|2\n|\n|upkeep\n|turn|17\n|\n|t:|1663369894\n|move|p1a: Hawlucha|Acrobatics|p2a: Toxapex\n|-damage|p2a: Toxapex|45\/100\n|move|p2a: Toxapex|Haze|p2a: Toxapex\n|-clearallboost\n|\n|-heal|p2a: Toxapex|51\/100|[from] Grassy Terrain\n|upkeep\n|turn|18\n|\n|t:|1663369901\n|move|p1a: Hawlucha|Swords Dance|p1a: Hawlucha\n|-boost|p1a: Hawlucha|atk|2\n|move|p2a: Toxapex|Haze|p2a: Toxapex\n|-clearallboost\n|\n|-heal|p2a: Toxapex|57\/100|[from] Grassy Terrain\n|upkeep\n|turn|19\n|\n|t:|1663369904\n|move|p1a: Hawlucha|Swords Dance|p1a: Hawlucha\n|-boost|p1a: Hawlucha|atk|2\n|move|p2a: Toxapex|Recover|p2a: Toxapex\n|-heal|p2a: Toxapex|100\/100\n|\n|-fieldend|move: Grassy Terrain\n|upkeep\n|turn|20\n|\n|t:|1663369907\n|move|p1a: Hawlucha|Acrobatics|p2a: Toxapex\n|-damage|p2a: Toxapex|45\/100\n|move|p2a: Toxapex|Haze|p2a: Toxapex\n|-clearallboost\n|\n|upkeep\n|turn|21\n|j| nanaky3\n|\n|t:|1663369912\n|move|p1a: Hawlucha|Swords Dance|p1a: Hawlucha\n|-boost|p1a: Hawlucha|atk|2\n|move|p2a: Toxapex|Recover|p2a: Toxapex\n|-heal|p2a: Toxapex|95\/100\n|\n|upkeep\n|turn|22\n|\n|t:|1663369914\n|switch|p1a: Garchomp|Garchomp, F|84\/100\n|move|p2a: Toxapex|Haze|p2a: Toxapex\n|-clearallboost\n|\n|upkeep\n|turn|23\n|\n|t:|1663369921\n|switch|p2a: Umbreon|Umbreon, M, shiny|100\/100\n|move|p1a: Garchomp|Earthquake|p2a: Umbreon\n|-damage|p2a: Umbreon|72\/100\n|\n|-heal|p2a: Umbreon|78\/100|[from] item: Leftovers\n|upkeep\n|turn|24\n|\n|t:|1663369926\n|switch|p1a: Hawlucha|Hawlucha, M|100\/100\n|move|p2a: Umbreon|Foul Play|p1a: Hawlucha\n|-resisted|p1a: Hawlucha\n|-damage|p1a: Hawlucha|67\/100\n|\n|-heal|p2a: Umbreon|85\/100|[from] item: Leftovers\n|upkeep\n|turn|25\n|\n|t:|1663369932\n|switch|p1a: Garchomp|Garchomp, F|84\/100\n|switch|p2a: Toxapex|Toxapex, F, shiny|100\/100\n|\n|upkeep\n|turn|26\n|\n|t:|1663369937\n|switch|p2a: Tornadus|Tornadus-Therian, M|59\/100\n|move|p1a: Garchomp|Swords Dance|p1a: Garchomp\n|-boost|p1a: Garchomp|atk|2\n|\n|upkeep\n|turn|27\n|\n|t:|1663369942\n|move|p2a: Tornadus|Hurricane|p1a: Garchomp\n|-damage|p1a: Garchomp|47\/100\n|-start|p1a: Garchomp|confusion\n|-enditem|p1a: Garchomp|Lum Berry|[eat]\n|-end|p1a: Garchomp|confusion\n|move|p1a: Garchomp|Scale Shot|p2a: Tornadus\n|-damage|p2a: Tornadus|32\/100\n|-damage|p2a: Tornadus|7\/100\n|-damage|p2a: Tornadus|0 fnt\n|faint|p2a: Tornadus\n|-hitcount|p2: Tornadus|3\n|-unboost|p1a: Garchomp|def|1\n|-boost|p1a: Garchomp|spe|1\n|\n|upkeep\n|\n|t:|1663369946\n|switch|p2a: Umbreon|Umbreon, M, shiny|85\/100\n|turn|28\n|\n|t:|1663369953\n|switch|p1a: Hawlucha|Hawlucha, M|67\/100\n|move|p2a: Umbreon|Foul Play|p1a: Hawlucha\n|-resisted|p1a: Hawlucha\n|-damage|p1a: Hawlucha|37\/100\n|\n|-heal|p2a: Umbreon|91\/100|[from] item: Leftovers\n|upkeep\n|turn|29\n|\n|t:|1663369961\n|switch|p2a: Toxapex|Toxapex, F, shiny|100\/100\n|move|p1a: Hawlucha|Drain Punch|p2a: Toxapex\n|-resisted|p2a: Toxapex\n|-damage|p2a: Toxapex|90\/100\n|-heal|p1a: Hawlucha|42\/100|[from] drain|[of] p2a: Toxapex\n|\n|upkeep\n|turn|30\n|\n|t:|1663369964\n|move|p1a: Hawlucha|Swords Dance|p1a: Hawlucha\n|-boost|p1a: Hawlucha|atk|2\n|move|p2a: Toxapex|Scald|p1a: Hawlucha\n|-damage|p1a: Hawlucha|22\/100\n|\n|upkeep\n|turn|31\n|\n|t:|1663369971\n|move|p1a: Hawlucha|Acrobatics|p2a: Toxapex\n|-damage|p2a: Toxapex|31\/100\n|move|p2a: Toxapex|Haze|p2a: Toxapex\n|-clearallboost\n|\n|upkeep\n|turn|32\n|\n|t:|1663369976\n|move|p1a: Hawlucha|Acrobatics|p2a: Toxapex\n|-damage|p2a: Toxapex|0 fnt\n|faint|p2a: Toxapex\n|\n|upkeep\n|\n|t:|1663369980\n|switch|p2a: Tapu Lele|Tapu Lele, shiny|76\/100\n|-fieldstart|move: Psychic Terrain|[from] ability: Psychic Surge|[of] p2a: Tapu Lele\n|turn|33\n|\n|t:|1663369992\n|move|p1a: Hawlucha|Acrobatics|p2a: Tapu Lele\n|-damage|p2a: Tapu Lele|0 fnt\n|faint|p2a: Tapu Lele\n|\n|upkeep\n|\n|t:|1663369994\n|switch|p2a: Umbreon|Umbreon, M, shiny|91\/100\n|turn|34\n|\n|t:|1663370002\n|move|p2a: Umbreon|Protect|p2a: Umbreon\n|-singleturn|p2a: Umbreon|Protect\n|move|p1a: Hawlucha|Drain Punch|p2a: Umbreon\n|-activate|p2a: Umbreon|move: Protect\n|\n|-heal|p2a: Umbreon|97\/100|[from] item: Leftovers\n|upkeep\n|turn|35\n|\n|t:|1663370005\n|move|p1a: Hawlucha|Drain Punch|p2a: Umbreon\n|-supereffective|p2a: Umbreon\n|-damage|p2a: Umbreon|57\/100\n|-heal|p1a: Hawlucha|48\/100|[from] drain|[of] p2a: Umbreon\n|move|p2a: Umbreon|Foul Play|p1a: Hawlucha\n|-resisted|p1a: Hawlucha\n|-damage|p1a: Hawlucha|16\/100\n|\n|-heal|p2a: Umbreon|63\/100|[from] item: Leftovers\n|upkeep\n|turn|36\n|\n|t:|1663370014\n|move|p1a: Hawlucha|Drain Punch|p2a: Umbreon\n|-supereffective|p2a: Umbreon\n|-damage|p2a: Umbreon|20\/100\n|-heal|p1a: Hawlucha|45\/100|[from] drain|[of] p2a: Umbreon\n|move|p2a: Umbreon|Foul Play|p1a: Hawlucha\n|-resisted|p1a: Hawlucha\n|-damage|p1a: Hawlucha|13\/100\n|\n|-heal|p2a: Umbreon|26\/100|[from] item: Leftovers\n|upkeep\n|turn|37\n|\n|t:|1663370028\n|move|p1a: Hawlucha|Drain Punch|p2a: Umbreon\n|-supereffective|p2a: Umbreon\n|-damage|p2a: Umbreon|0 fnt\n|-heal|p1a: Hawlucha|30\/100|[from] drain|[of] p2a: Umbreon\n|faint|p2a: Umbreon\n|\n|win|Comfey Grass\n|raw|Comfey Grass's rating: 1734 &rarr; <strong>1756<\/strong><br \/>(+22 for winning)\n|raw|galarian dragapult's rating: 1765 &rarr; <strong>1743<\/strong><br \/>(-22 for losing)\n|l|\u2606galarian dragapult\n|l| nanaky3\n","uploadtime":1663370034,"views":21,"p1id":"comfeygrass","p2id":"galariandragapult","formatid":"gen8ou","rating":1743,"private":0,"password":null}