{"id":"gen8nationaldex-1604299247","p1":"dunkeykim","p2":"fishy8995","format":"gen8nationaldex","log":"|j|\u2606dunkeykim\n|j|\u2606fishy8995\n|t:|1656208214\n|gametype|singles\n|player|p1|dunkeykim|hilda|1465\n|player|p2|fishy8995|101|1568\n|teamsize|p1|6\n|teamsize|p2|6\n|gen|8\n|tier|[Gen 8] National Dex\n|rated|\n|rule|HP Percentage Mod: HP is shown in percentages\n|rule|Endless Battle Clause: Forcing endless battles is banned\n|rule|OHKO Clause: OHKO moves are banned\n|rule|Evasion Moves Clause: Evasion moves are banned\n|rule|Species Clause: Limit one of each Pok\u00e9mon\n|rule|Dynamax Clause: You cannot dynamax\n|rule|Sleep Clause Mod: Limit one foe put to sleep\n|clearpoke\n|poke|p1|Excadrill, F|\n|poke|p1|Tyranitar, M|\n|poke|p1|Skarmory, F|\n|poke|p1|Gastrodon, M|\n|poke|p1|Garchomp, M|\n|poke|p1|Nidoking, M|\n|poke|p2|Hippowdon, F|\n|poke|p2|Tyranitar, F|\n|poke|p2|Excadrill, M|\n|poke|p2|Yanmega, F|\n|poke|p2|Toxapex, M|\n|poke|p2|Dracozolt|\n|teampreview\n|inactive|Battle timer is ON: inactive players will automatically lose when time's up. (requested by dunkeykim)\n|\n|t:|1656208220\n|start\n|switch|p1a: Nidoking|Nidoking, M|100\/100\n|switch|p2a: Hippowdon|Hippowdon, F|100\/100\n|-weather|Sandstorm|[from] ability: Sand Stream|[of] p2a: Hippowdon\n|turn|1\n|\n|t:|1656208233\n|switch|p2a: Tyranitar|Tyranitar, F|100\/100\n|move|p1a: Nidoking|Ice Beam|p2a: Tyranitar\n|-damage|p2a: Tyranitar|74\/100\n|\n|-weather|Sandstorm|[upkeep]\n|upkeep\n|turn|2\n|\n|t:|1656208239\n|detailschange|p2a: Tyranitar|Tyranitar-Mega, F\n|-mega|p2a: Tyranitar|Tyranitar|Tyranitarite\n|move|p1a: Nidoking|Earth Power|p2a: Tyranitar\n|-supereffective|p2a: Tyranitar\n|-damage|p2a: Tyranitar|5\/100\n|move|p2a: Tyranitar|Ice Beam|p1a: Nidoking\n|-supereffective|p1a: Nidoking\n|-damage|p1a: Nidoking|27\/100\n|\n|-weather|Sandstorm|[upkeep]\n|upkeep\n|turn|3\n|\n|t:|1656208246\n|move|p1a: Nidoking|Sludge Wave|p2a: Tyranitar\n|-resisted|p2a: Tyranitar\n|-damage|p2a: Tyranitar|0 fnt\n|faint|p2a: Tyranitar\n|\n|-weather|Sandstorm|[upkeep]\n|upkeep\n|\n|t:|1656208255\n|switch|p2a: Dracozolt|Dracozolt|100\/100\n|turn|4\n|\n|t:|1656208261\n|switch|p1a: Excadrill|Excadrill, F|100\/100\n|move|p2a: Dracozolt|Dragon Claw|p1a: Excadrill\n|-resisted|p1a: Excadrill\n|-damage|p1a: Excadrill|64\/100\n|-damage|p2a: Dracozolt|91\/100|[from] item: Life Orb\n|\n|-weather|Sandstorm|[upkeep]\n|upkeep\n|turn|5\n|\n|t:|1656208266\n|switch|p2a: Hippowdon|Hippowdon, F|100\/100\n|move|p1a: Excadrill|Swords Dance|p1a: Excadrill\n|-boost|p1a: Excadrill|atk|2\n|\n|-weather|Sandstorm|[upkeep]\n|upkeep\n|turn|6\n|\n|t:|1656208270\n|move|p1a: Excadrill|Iron Head|p2a: Hippowdon\n|-damage|p2a: Hippowdon|47\/100\n|-damage|p1a: Excadrill|54\/100|[from] item: Life Orb\n|move|p2a: Hippowdon|Whirlwind|p1a: Excadrill\n|drag|p1a: Tyranitar|Tyranitar, M|100\/100\n|\n|-weather|Sandstorm|[upkeep]\n|upkeep\n|turn|7\n|\n|t:|1656208275\n|move|p1a: Tyranitar|Ice Beam|p2a: Hippowdon\n|-supereffective|p2a: Hippowdon\n|-damage|p2a: Hippowdon|1\/100\n|move|p2a: Hippowdon|Slack Off|p2a: Hippowdon\n|-heal|p2a: Hippowdon|51\/100\n|\n|-weather|Sandstorm|[upkeep]\n|upkeep\n|turn|8\n|\n|t:|1656208279\n|move|p1a: Tyranitar|Ice Beam|p2a: Hippowdon\n|-supereffective|p2a: Hippowdon\n|-damage|p2a: Hippowdon|8\/100\n|move|p2a: Hippowdon|Slack Off|p2a: Hippowdon\n|-heal|p2a: Hippowdon|58\/100\n|\n|-weather|none\n|upkeep\n|turn|9\n|\n|t:|1656208286\n|switch|p1a: Gastrodon|Gastrodon, M|100\/100\n|move|p2a: Hippowdon|Slack Off|p2a: Hippowdon\n|-heal|p2a: Hippowdon|100\/100\n|\n|upkeep\n|turn|10\n|\n|t:|1656208288\n|move|p2a: Hippowdon|Toxic|p1a: Gastrodon\n|-status|p1a: Gastrodon|tox\n|move|p1a: Gastrodon|Scald|p2a: Hippowdon\n|-supereffective|p2a: Hippowdon\n|-damage|p2a: Hippowdon|48\/100\n|\n|-damage|p1a: Gastrodon|94\/100 tox|[from] psn\n|upkeep\n|turn|11\n|\n|t:|1656208293\n|switch|p2a: Toxapex|Toxapex, M|100\/100\n|move|p1a: Gastrodon|Toxic|p2a: Toxapex\n|-immune|p2a: Toxapex\n|\n|-heal|p1a: Gastrodon|100\/100 tox|[from] item: Leftovers\n|-damage|p1a: Gastrodon|88\/100 tox|[from] psn\n|upkeep\n|turn|12\n|\n|t:|1656208296\n|switch|p1a: Nidoking|Nidoking, M|27\/100\n|move|p2a: Toxapex|Stockpile|p2a: Toxapex\n|-start|p2a: Toxapex|stockpile1\n|-boost|p2a: Toxapex|def|1\n|-boost|p2a: Toxapex|spd|1\n|\n|upkeep\n|turn|13\n|\n|t:|1656208300\n|move|p1a: Nidoking|Earth Power|p2a: Toxapex\n|-supereffective|p2a: Toxapex\n|-damage|p2a: Toxapex|33\/100\n|move|p2a: Toxapex|Scald|p1a: Nidoking\n|-supereffective|p1a: Nidoking\n|-damage|p1a: Nidoking|0 fnt\n|faint|p1a: Nidoking\n|\n|-heal|p2a: Toxapex|39\/100|[from] item: Black Sludge\n|upkeep\n|\n|t:|1656208303\n|switch|p1a: Garchomp|Garchomp, M|100\/100\n|turn|14\n|\n|t:|1656208312\n|detailschange|p1a: Garchomp|Garchomp-Mega, M\n|-mega|p1a: Garchomp|Garchomp|Garchompite\n|move|p1a: Garchomp|Scale Shot|p2a: Toxapex\n|-damage|p2a: Toxapex|29\/100\n|-damage|p2a: Toxapex|20\/100\n|-hitcount|p2a: Toxapex|2\n|-unboost|p1a: Garchomp|def|1\n|-boost|p1a: Garchomp|spe|1\n|move|p2a: Toxapex|Toxic|p1a: Garchomp\n|-status|p1a: Garchomp|tox\n|\n|-heal|p2a: Toxapex|27\/100|[from] item: Black Sludge\n|-damage|p1a: Garchomp|94\/100 tox|[from] psn\n|upkeep\n|turn|15\n|\n|t:|1656208321\n|switch|p2a: Yanmega|Yanmega, F|100\/100\n|move|p1a: Garchomp|Swords Dance|p1a: Garchomp\n|-boost|p1a: Garchomp|atk|2\n|\n|-damage|p1a: Garchomp|82\/100 tox|[from] psn\n|upkeep\n|turn|16\n|\n|t:|1656208325\n|move|p2a: Yanmega|Detect|p2a: Yanmega\n|-singleturn|p2a: Yanmega|Protect\n|move|p1a: Garchomp|Scale Shot|p2a: Yanmega\n|-activate|p2a: Yanmega|move: Protect\n|\n|-damage|p1a: Garchomp|64\/100 tox|[from] psn\n|-ability|p2a: Yanmega|Speed Boost|boost\n|-boost|p2a: Yanmega|spe|1\n|upkeep\n|turn|17\n|\n|t:|1656208335\n|move|p1a: Garchomp|Scale Shot|p2a: Yanmega\n|-damage|p2a: Yanmega|61\/100\n|-damage|p2a: Yanmega|19\/100\n|-damage|p2a: Yanmega|0 fnt\n|faint|p2a: Yanmega\n|-hitcount|p2: Yanmega|3\n|-unboost|p1a: Garchomp|def|1\n|-boost|p1a: Garchomp|spe|1\n|\n|-damage|p1a: Garchomp|39\/100 tox|[from] psn\n|upkeep\n|\n|t:|1656208342\n|switch|p2a: Excadrill|Excadrill, M|100\/100\n|turn|18\n|\n|t:|1656208359\n|move|p1a: Garchomp|Earthquake|p2a: Excadrill\n|-supereffective|p2a: Excadrill\n|-enditem|p2a: Excadrill|Focus Sash\n|-damage|p2a: Excadrill|1\/100\n|move|p2a: Excadrill|Earthquake|p1a: Garchomp\n|-damage|p1a: Garchomp|0 fnt\n|faint|p1a: Garchomp\n|\n|upkeep\n|\n|t:|1656208367\n|switch|p1a: Skarmory|Skarmory, F|100\/100\n|turn|19\n|\n|t:|1656208369\n|switch|p2a: Hippowdon|Hippowdon, F|48\/100\n|-weather|Sandstorm|[from] ability: Sand Stream|[of] p2a: Hippowdon\n|move|p1a: Skarmory|Stealth Rock|p2a: Hippowdon\n|-sidestart|p2: fishy8995|move: Stealth Rock\n|\n|-weather|Sandstorm|[upkeep]\n|upkeep\n|turn|20\n|\n|t:|1656208372\n|move|p1a: Skarmory|Toxic|p2a: Hippowdon\n|-status|p2a: Hippowdon|tox\n|move|p2a: Hippowdon|Slack Off|p2a: Hippowdon\n|-heal|p2a: Hippowdon|98\/100 tox\n|\n|-weather|Sandstorm|[upkeep]\n|-damage|p2a: Hippowdon|91\/100 tox|[from] psn\n|upkeep\n|turn|21\n|\n|t:|1656208376\n|move|p1a: Skarmory|Roost||[still]\n|-fail|p1a: Skarmory|heal\n|move|p2a: Hippowdon|Stealth Rock|p1a: Skarmory\n|-sidestart|p1: dunkeykim|move: Stealth Rock\n|\n|-weather|Sandstorm|[upkeep]\n|-damage|p2a: Hippowdon|79\/100 tox|[from] psn\n|upkeep\n|turn|22\n|\n|t:|1656208383\n|switch|p1a: Gastrodon|Gastrodon, M|88\/100 tox\n|-damage|p1a: Gastrodon|82\/100 tox|[from] Stealth Rock\n|switch|p2a: Dracozolt|Dracozolt|91\/100\n|-damage|p2a: Dracozolt|78\/100|[from] Stealth Rock\n|\n|-weather|Sandstorm|[upkeep]\n|-heal|p1a: Gastrodon|88\/100 tox|[from] item: Leftovers\n|-damage|p1a: Gastrodon|82\/100 tox|[from] psn\n|upkeep\n|turn|23\n|\n|t:|1656208389\n|switch|p2a: Excadrill|Excadrill, M|1\/100\n|-damage|p2a: Excadrill|0 fnt|[from] Stealth Rock\n|faint|p2a: Excadrill\n|move|p1a: Gastrodon|Earth Power|p2: Excadrill|[notarget]\n|-fail|p1a: Gastrodon\n|\n|-weather|Sandstorm|[upkeep]\n|-heal|p1a: Gastrodon|88\/100 tox|[from] item: Leftovers\n|-damage|p1a: Gastrodon|76\/100 tox|[from] psn\n|upkeep\n|\n|t:|1656208392\n|switch|p2a: Toxapex|Toxapex, M|60\/100\n|-damage|p2a: Toxapex|47\/100|[from] Stealth Rock\n|turn|24\n|\n|t:|1656208397\n|switch|p2a: Hippowdon|Hippowdon, F|79\/100 tox\n|-damage|p2a: Hippowdon|73\/100 tox|[from] Stealth Rock\n|move|p1a: Gastrodon|Earth Power|p2a: Hippowdon\n|-damage|p2a: Hippowdon|44\/100 tox\n|\n|-weather|Sandstorm|[upkeep]\n|-heal|p1a: Gastrodon|82\/100 tox|[from] item: Leftovers\n|-damage|p2a: Hippowdon|37\/100 tox|[from] psn\n|-damage|p1a: Gastrodon|64\/100 tox|[from] psn\n|upkeep\n|turn|25\n|\n|t:|1656208403\n|move|p2a: Hippowdon|Slack Off|p2a: Hippowdon\n|-heal|p2a: Hippowdon|87\/100 tox\n|move|p1a: Gastrodon|Scald|p2a: Hippowdon\n|-supereffective|p2a: Hippowdon\n|-damage|p2a: Hippowdon|27\/100 tox\n|\n|-weather|Sandstorm|[upkeep]\n|-heal|p1a: Gastrodon|70\/100 tox|[from] item: Leftovers\n|-damage|p2a: Hippowdon|15\/100 tox|[from] psn\n|-damage|p1a: Gastrodon|46\/100 tox|[from] psn\n|upkeep\n|turn|26\n|\n|t:|1656208416\n|switch|p1a: Skarmory|Skarmory, F|100\/100\n|-damage|p1a: Skarmory|88\/100|[from] Stealth Rock\n|move|p2a: Hippowdon|Slack Off|p2a: Hippowdon\n|-heal|p2a: Hippowdon|65\/100 tox\n|\n|-weather|none\n|-damage|p2a: Hippowdon|46\/100 tox|[from] psn\n|upkeep\n|turn|27\n|\n|t:|1656208420\n|switch|p2a: Toxapex|Toxapex, M|80\/100\n|-damage|p2a: Toxapex|68\/100|[from] Stealth Rock\n|move|p1a: Skarmory|Roost|p1a: Skarmory\n|-heal|p1a: Skarmory|100\/100\n|-singleturn|p1a: Skarmory|move: Roost\n|\n|-heal|p2a: Toxapex|74\/100|[from] item: Black Sludge\n|upkeep\n|turn|28\n|\n|t:|1656208425\n|switch|p1a: Gastrodon|Gastrodon, M|46\/100 tox\n|-damage|p1a: Gastrodon|39\/100 tox|[from] Stealth Rock\n|move|p2a: Toxapex|Stockpile|p2a: Toxapex\n|-start|p2a: Toxapex|stockpile1\n|-boost|p2a: Toxapex|def|1\n|-boost|p2a: Toxapex|spd|1\n|\n|-heal|p2a: Toxapex|80\/100|[from] item: Black Sludge\n|-heal|p1a: Gastrodon|46\/100 tox|[from] item: Leftovers\n|-damage|p1a: Gastrodon|39\/100 tox|[from] psn\n|upkeep\n|turn|29\n|\n|t:|1656208429\n|move|p2a: Toxapex|Stockpile|p2a: Toxapex\n|-start|p2a: Toxapex|stockpile2\n|-boost|p2a: Toxapex|def|1\n|-boost|p2a: Toxapex|spd|1\n|move|p1a: Gastrodon|Earth Power|p2a: Toxapex\n|-supereffective|p2a: Toxapex\n|-damage|p2a: Toxapex|57\/100\n|\n|-heal|p2a: Toxapex|63\/100|[from] item: Black Sludge\n|-heal|p1a: Gastrodon|46\/100 tox|[from] item: Leftovers\n|-damage|p1a: Gastrodon|33\/100 tox|[from] psn\n|upkeep\n|turn|30\n|\n|t:|1656208432\n|move|p2a: Toxapex|Recover|p2a: Toxapex\n|-heal|p2a: Toxapex|100\/100\n|move|p1a: Gastrodon|Earth Power|p2a: Toxapex\n|-supereffective|p2a: Toxapex\n|-damage|p2a: Toxapex|78\/100\n|\n|-heal|p2a: Toxapex|84\/100|[from] item: Black Sludge\n|-heal|p1a: Gastrodon|39\/100 tox|[from] item: Leftovers\n|-damage|p1a: Gastrodon|21\/100 tox|[from] psn\n|upkeep\n|turn|31\n|\n|t:|1656208440\n|switch|p1a: Tyranitar|Tyranitar, M|100\/100\n|-damage|p1a: Tyranitar|88\/100|[from] Stealth Rock\n|-weather|Sandstorm|[from] ability: Sand Stream|[of] p1a: Tyranitar\n|move|p2a: Toxapex|Stockpile|p2a: Toxapex\n|-start|p2a: Toxapex|stockpile3\n|-boost|p2a: Toxapex|def|1\n|-boost|p2a: Toxapex|spd|1\n|\n|-weather|Sandstorm|[upkeep]\n|-damage|p2a: Toxapex|78\/100|[from] Sandstorm\n|-heal|p2a: Toxapex|84\/100|[from] item: Black Sludge\n|upkeep\n|turn|32\n|\n|t:|1656208444\n|switch|p1a: Gastrodon|Gastrodon, M|21\/100 tox\n|-damage|p1a: Gastrodon|15\/100 tox|[from] Stealth Rock\n|move|p2a: Toxapex|Recover|p2a: Toxapex\n|-heal|p2a: Toxapex|100\/100\n|\n|-weather|Sandstorm|[upkeep]\n|-damage|p2a: Toxapex|94\/100|[from] Sandstorm\n|-heal|p2a: Toxapex|100\/100|[from] item: Black Sludge\n|-heal|p1a: Gastrodon|21\/100 tox|[from] item: Leftovers\n|-damage|p1a: Gastrodon|15\/100 tox|[from] psn\n|upkeep\n|turn|33\n|\n|t:|1656208448\n|move|p2a: Toxapex|Toxic|p1a: Gastrodon\n|-fail|p1a: Gastrodon|tox\n|move|p1a: Gastrodon|Earth Power|p2a: Toxapex\n|-supereffective|p2a: Toxapex\n|-damage|p2a: Toxapex|82\/100\n|\n|-weather|Sandstorm|[upkeep]\n|-damage|p2a: Toxapex|76\/100|[from] Sandstorm\n|-heal|p2a: Toxapex|82\/100|[from] item: Black Sludge\n|-heal|p1a: Gastrodon|21\/100 tox|[from] item: Leftovers\n|-damage|p1a: Gastrodon|9\/100 tox|[from] psn\n|upkeep\n|turn|34\n|\n|t:|1656208450\n|move|p2a: Toxapex|Recover|p2a: Toxapex\n|-heal|p2a: Toxapex|100\/100\n|move|p1a: Gastrodon|Recover|p1a: Gastrodon\n|-heal|p1a: Gastrodon|59\/100 tox\n|\n|-weather|Sandstorm|[upkeep]\n|-damage|p2a: Toxapex|94\/100|[from] Sandstorm\n|-heal|p2a: Toxapex|100\/100|[from] item: Black Sludge\n|-heal|p1a: Gastrodon|65\/100 tox|[from] item: Leftovers\n|-damage|p1a: Gastrodon|47\/100 tox|[from] psn\n|upkeep\n|turn|35\n|\n|t:|1656208456\n|move|p2a: Toxapex|Toxic|p1a: Gastrodon\n|-fail|p1a: Gastrodon|tox\n|move|p1a: Gastrodon|Recover|p1a: Gastrodon\n|-heal|p1a: Gastrodon|97\/100 tox\n|\n|-weather|Sandstorm|[upkeep]\n|-damage|p2a: Toxapex|94\/100|[from] Sandstorm\n|-heal|p2a: Toxapex|100\/100|[from] item: Black Sludge\n|-heal|p1a: Gastrodon|100\/100 tox|[from] item: Leftovers\n|-damage|p1a: Gastrodon|76\/100 tox|[from] psn\n|upkeep\n|turn|36\n|\n|t:|1656208461\n|move|p2a: Toxapex|Scald|p1a: Gastrodon\n|-ability|p1a: Gastrodon|Storm Drain|boost\n|-boost|p1a: Gastrodon|spa|1\n|move|p1a: Gastrodon|Recover|p1a: Gastrodon\n|-heal|p1a: Gastrodon|100\/100 tox\n|\n|-weather|Sandstorm|[upkeep]\n|-damage|p2a: Toxapex|94\/100|[from] Sandstorm\n|-heal|p2a: Toxapex|100\/100|[from] item: Black Sludge\n|-damage|p1a: Gastrodon|70\/100 tox|[from] psn\n|upkeep\n|turn|37\n|\n|t:|1656208467\n|move|p2a: Toxapex|Toxic|p1a: Gastrodon\n|-fail|p1a: Gastrodon|tox\n|move|p1a: Gastrodon|Earth Power|p2a: Toxapex\n|-supereffective|p2a: Toxapex\n|-damage|p2a: Toxapex|73\/100\n|\n|-weather|Sandstorm|[upkeep]\n|-damage|p2a: Toxapex|67\/100|[from] Sandstorm\n|-heal|p2a: Toxapex|73\/100|[from] item: Black Sludge\n|-heal|p1a: Gastrodon|76\/100 tox|[from] item: Leftovers\n|-damage|p1a: Gastrodon|39\/100 tox|[from] psn\n|upkeep\n|turn|38\n|\n|t:|1656208469\n|move|p2a: Toxapex|Recover|p2a: Toxapex\n|-heal|p2a: Toxapex|100\/100\n|move|p1a: Gastrodon|Earth Power|p2a: Toxapex\n|-supereffective|p2a: Toxapex\n|-damage|p2a: Toxapex|72\/100\n|\n|-weather|none\n|-heal|p2a: Toxapex|79\/100|[from] item: Black Sludge\n|-heal|p1a: Gastrodon|46\/100 tox|[from] item: Leftovers\n|-damage|p1a: Gastrodon|3\/100 tox|[from] psn\n|upkeep\n|turn|39\n|\n|t:|1656208472\n|move|p2a: Toxapex|Recover|p2a: Toxapex\n|-heal|p2a: Toxapex|100\/100\n|move|p1a: Gastrodon|Earth Power|p2a: Toxapex\n|-supereffective|p2a: Toxapex\n|-damage|p2a: Toxapex|75\/100\n|\n|-heal|p2a: Toxapex|81\/100|[from] item: Black Sludge\n|-heal|p1a: Gastrodon|9\/100 tox|[from] item: Leftovers\n|-damage|p1a: Gastrodon|0 fnt|[from] psn\n|faint|p1a: Gastrodon\n|upkeep\n|\n|t:|1656208474\n|switch|p1a: Excadrill|Excadrill, F|54\/100\n|-damage|p1a: Excadrill|51\/100|[from] Stealth Rock\n|turn|40\n|\n|t:|1656208477\n|move|p1a: Excadrill|Swords Dance|p1a: Excadrill\n|-boost|p1a: Excadrill|atk|2\n|move|p2a: Toxapex|Scald|p1a: Excadrill\n|-supereffective|p1a: Excadrill\n|-damage|p1a: Excadrill|10\/100\n|-status|p1a: Excadrill|brn\n|\n|-heal|p2a: Toxapex|87\/100|[from] item: Black Sludge\n|-damage|p1a: Excadrill|4\/100 brn|[from] brn\n|upkeep\n|turn|41\n|\n|t:|1656208482\n|move|p1a: Excadrill|Earthquake|p2a: Toxapex\n|-supereffective|p2a: Toxapex\n|-damage|p2a: Toxapex|44\/100\n|-damage|p1a: Excadrill|0 fnt|[from] item: Life Orb\n|faint|p1a: Excadrill\n|move|p2a: Toxapex|Recover|p2a: Toxapex\n|-heal|p2a: Toxapex|94\/100\n|\n|-heal|p2a: Toxapex|99\/100|[from] item: Black Sludge\n|upkeep\n|-message|dunkeykim forfeited.\n|\n|win|fishy8995\n|raw|dunkeykim's rating: 1465 &rarr; <strong>1451<\/strong><br \/>(-14 for losing)\n|raw|fishy8995's rating: 1568 &rarr; <strong>1582<\/strong><br \/>(+14 for winning)\n|l|\u2606dunkeykim\n","uploadtime":1656208491,"views":6,"p1id":"dunkeykim","p2id":"fishy8995","formatid":"gen8nationaldex","rating":1451,"private":0,"password":null}