{"id":"gen8lc-1542527584","p1":"Laroxyl","p2":"levi","format":"gen8lc","log":"|j|\u2606Laroxyl\n|j|\u2606levi\n|t:|1648684412\n|gametype|singles\n|player|p1|Laroxyl|#scl1spartans|\n|player|p2|levi|mira|\n|teamsize|p1|6\n|teamsize|p2|6\n|gen|8\n|tier|[Gen 8] LC\n|rule|Sleep Clause Mod: Limit one foe put to sleep\n|rule|Species Clause: Limit one of each Pok\u00e9mon\n|rule|OHKO Clause: OHKO moves are banned\n|rule|Evasion Moves Clause: Evasion moves are banned\n|rule|Endless Battle Clause: Forcing endless battles is banned\n|rule|HP Percentage Mod: HP is shown in percentages\n|rule|Dynamax Clause: You cannot dynamax\n|clearpoke\n|poke|p1|Carvanha, L5, M|\n|poke|p1|Mienfoo, L5, F|\n|poke|p1|Koffing, L5, M|\n|poke|p1|Natu, L5, M|\n|poke|p1|Ferroseed, L5, F|\n|poke|p1|Diglett, L5, F|\n|poke|p2|Grookey, L5, M|\n|poke|p2|Mienfoo, L5, M|\n|poke|p2|Pawniard, L5, F|\n|poke|p2|Koffing, L5, M|\n|poke|p2|Abra, L5, M|\n|poke|p2|Porygon, L5|\n|teampreview\n|c|\u2606levi|glhf\n|c|\u2606Laroxyl|glhf\n|j| GreenGolurk\n|l| GreenGolurk\n|j| Daruma\n|\n|t:|1648684497\n|start\n|switch|p1a: Carvanha|Carvanha, L5, M|100\/100\n|switch|p2a: Abra|Abra, L5, M|100\/100\n|turn|1\n|j| RLotus\n|j| innovamania\u2661\n|\n|t:|1648684525\n|move|p2a: Abra|Protect|p2a: Abra\n|-singleturn|p2a: Abra|Protect\n|move|p1a: Carvanha|Flip Turn|p2a: Abra\n|-activate|p2a: Abra|move: Protect\n|\n|-ability|p1a: Carvanha|Speed Boost|boost\n|-boost|p1a: Carvanha|spe|1\n|upkeep\n|turn|2\n|j| zeroouttathere\n|\n|t:|1648684557\n|move|p1a: Carvanha|Flip Turn|p2a: Abra\n|-enditem|p2a: Abra|Focus Sash\n|-damage|p2a: Abra|6\/100\n|-damage|p1a: Carvanha|95\/100|[from] item: Life Orb\n|l| innovamania\u2661\n|\n|t:|1648684603\n|switch|p1a: Diglett|Diglett, L5, F|100\/100|[from]move: Flip Turn\n|move|p2a: Abra|Counter|p1a: Diglett\n|-damage|p1a: Diglett|0 fnt\n|faint|p1a: Diglett\n|\n|upkeep\n|\n|t:|1648684610\n|switch|p1a: Carvanha|Carvanha, L5, M|95\/100\n|turn|3\n|\n|t:|1648684629\n|move|p2a: Abra|Shadow Ball|p1a: Carvanha\n|-resisted|p1a: Carvanha\n|-damage|p1a: Carvanha|64\/100\n|-unboost|p1a: Carvanha|spd|1\n|move|p1a: Carvanha|Crunch|p2a: Abra\n|-supereffective|p2a: Abra\n|-damage|p2a: Abra|0 fnt\n|faint|p2a: Abra\n|-damage|p1a: Carvanha|58\/100|[from] item: Life Orb\n|\n|-ability|p1a: Carvanha|Speed Boost|boost\n|-boost|p1a: Carvanha|spe|1\n|upkeep\n|j| Foukrou\n|j| innovamania\u2661\n|l| zeroouttathere\n|j| dvsaltaccount\n|j| zeroouttathere\n|\n|t:|1648684681\n|switch|p2a: Pawniard|Pawniard, L5, F|100\/100\n|turn|4\n|\n|t:|1648684698\n|move|p1a: Carvanha|Flip Turn|p2a: Pawniard\n|-damage|p2a: Pawniard|39\/100\n|-enditem|p2a: Pawniard|Berry Juice\n|-heal|p2a: Pawniard|100\/100|[from] item: Berry Juice\n|-damage|p1a: Carvanha|53\/100|[from] item: Life Orb\n|\n|t:|1648684716\n|switch|p1a: Natu|Natu, L5, M|100\/100|[from]move: Flip Turn\n|move|p2a: Pawniard|Thunder Wave|p1a: Natu\n|move|p1a: Natu|Thunder Wave|p2a: Pawniard|[from]ability: Magic Bounce\n|-status|p2a: Pawniard|par\n|\n|upkeep\n|turn|5\n|\n|t:|1648684721\n|move|p1a: Natu|U-turn|p2a: Pawniard\n|-damage|p2a: Pawniard|77\/100 par\n|\n|t:|1648684724\n|switch|p1a: Mienfoo|Mienfoo, L5, F|100\/100|[from]move: U-turn\n|move|p2a: Pawniard|Knock Off|p1a: Mienfoo\n|-resisted|p1a: Mienfoo\n|-damage|p1a: Mienfoo|77\/100\n|-enditem|p1a: Mienfoo|Eviolite|[from] move: Knock Off|[of] p2a: Pawniard\n|\n|upkeep\n|turn|6\n|l| innovamania\u2661\n|\n|t:|1648684737\n|switch|p2a: Koffing|Koffing, L5, M|100\/100\n|-ability|p2a: Koffing|Neutralizing Gas\n|move|p1a: Mienfoo|U-turn|p2a: Koffing\n|-resisted|p2a: Koffing\n|-damage|p2a: Koffing|91\/100\n|\n|t:|1648684750\n|switch|p1a: Natu|Natu, L5, M|100\/100|[from]move: U-turn\n|\n|upkeep\n|turn|7\n|\n|t:|1648684765\n|-end|p2a: Koffing|ability: Neutralizing Gas\n|switch|p2a: Pawniard|Pawniard, L5, F|77\/100 par\n|move|p1a: Natu|Psychic|p2a: Pawniard\n|-immune|p2a: Pawniard\n|\n|upkeep\n|turn|8\n|\n|t:|1648684783\n|move|p1a: Natu|Heat Wave|p2a: Pawniard\n|-supereffective|p2a: Pawniard\n|-damage|p2a: Pawniard|0 fnt\n|faint|p2a: Pawniard\n|\n|upkeep\n|j| Stratis\n|\n|t:|1648684788\n|switch|p2a: Porygon|Porygon, L5|100\/100\n|-ability|p2a: Porygon|Download|boost\n|-boost|p2a: Porygon|spa|1\n|turn|9\n|\n|t:|1648684799\n|switch|p1a: Ferroseed|Ferroseed, L5, F|100\/100\n|move|p2a: Porygon|Tri Attack|p1a: Ferroseed\n|-resisted|p1a: Ferroseed\n|-damage|p1a: Ferroseed|73\/100\n|\n|upkeep\n|turn|10\n|\n|t:|1648684824\n|switch|p2a: Grookey|Grookey, L5, M|100\/100\n|-fieldstart|move: Grassy Terrain|[from] ability: Grassy Surge|[of] p2a: Grookey\n|move|p1a: Ferroseed|Thunder Wave|p2a: Grookey\n|-status|p2a: Grookey|par\n|\n|-heal|p1a: Ferroseed|78\/100|[from] Grassy Terrain\n|upkeep\n|turn|11\n|l| zeroouttathere\n|j| zeroouttathere\n|\n|t:|1648684842\n|switch|p1a: Mienfoo|Mienfoo, L5, F|77\/100\n|cant|p2a: Grookey|par\n|\n|-heal|p1a: Mienfoo|81\/100|[from] Grassy Terrain\n|upkeep\n|turn|12\n|\n|t:|1648684874\n|switch|p2a: Koffing|Koffing, L5, M|91\/100\n|-ability|p2a: Koffing|Neutralizing Gas\n|move|p1a: Mienfoo|Fake Out|p2a: Koffing\n|-damage|p2a: Koffing|81\/100\n|\n|-heal|p1a: Mienfoo|86\/100|[from] Grassy Terrain\n|-heal|p2a: Koffing|86\/100|[from] Grassy Terrain\n|upkeep\n|turn|13\n|\n|t:|1648684955\n|move|p1a: Mienfoo|Knock Off|p2a: Koffing\n|-damage|p2a: Koffing|62\/100\n|-enditem|p2a: Koffing|Eviolite|[from] move: Knock Off|[of] p1a: Mienfoo\n|move|p2a: Koffing|Thunderbolt|p1a: Mienfoo\n|-damage|p1a: Mienfoo|39\/100\n|\n|-heal|p1a: Mienfoo|43\/100|[from] Grassy Terrain\n|-heal|p2a: Koffing|67\/100|[from] Grassy Terrain\n|upkeep\n|turn|14\n|\n|t:|1648684986\n|move|p1a: Mienfoo|U-turn|p2a: Koffing\n|-resisted|p2a: Koffing\n|-damage|p2a: Koffing|58\/100\n|\n|t:|1648684989\n|switch|p1a: Natu|Natu, L5, M|100\/100|[from]move: U-turn\n|move|p2a: Koffing|Thunderbolt|p1a: Natu\n|-supereffective|p1a: Natu\n|-damage|p1a: Natu|46\/100\n|\n|-heal|p2a: Koffing|62\/100|[from] Grassy Terrain\n|-fieldend|move: Grassy Terrain\n|upkeep\n|turn|15\n|\n|t:|1648684996\n|-end|p2a: Koffing|ability: Neutralizing Gas\n|switch|p2a: Porygon|Porygon, L5|100\/100\n|-ability|p2a: Porygon|Download|boost\n|-boost|p2a: Porygon|spa|1\n|move|p1a: Natu|Psychic|p2a: Porygon\n|-damage|p2a: Porygon|48\/100\n|\n|upkeep\n|turn|16\n|\n|t:|1648685062\n|switch|p1a: Ferroseed|Ferroseed, L5, F|78\/100\n|move|p2a: Porygon|Ice Beam|p1a: Ferroseed\n|-damage|p1a: Ferroseed|41\/100\n|\n|upkeep\n|turn|17\n|l| zeroouttathere\n|j| zeroouttathere\n|\n|t:|1648685078\n|switch|p2a: Koffing|Koffing, L5, M|62\/100\n|-ability|p2a: Koffing|Neutralizing Gas\n|move|p1a: Ferroseed|Knock Off|p2a: Koffing\n|-damage|p2a: Koffing|43\/100\n|\n|upkeep\n|turn|18\n|\n|t:|1648685137\n|switch|p1a: Mienfoo|Mienfoo, L5, F|43\/100\n|move|p2a: Koffing|Pain Split|p1a: Mienfoo\n|-sethp|p1a: Mienfoo|43\/100|[from] move: Pain Split|[silent]\n|-sethp|p2a: Koffing|43\/100|[from] move: Pain Split\n|\n|upkeep\n|turn|19\n|\n|t:|1648685153\n|move|p1a: Mienfoo|Fake Out|p2a: Koffing\n|-damage|p2a: Koffing|29\/100\n|cant|p2a: Koffing|flinch\n|\n|upkeep\n|turn|20\n|\n|t:|1648685160\n|move|p1a: Mienfoo|High Jump Kick|p2a: Koffing\n|-resisted|p2a: Koffing\n|-crit|p2a: Koffing\n|-damage|p2a: Koffing|0 fnt\n|faint|p2a: Koffing\n|-end|p2a: Koffing|ability: Neutralizing Gas\n|\n|upkeep\n|\n|t:|1648685168\n|switch|p2a: Mienfoo|Mienfoo, L5, M|100\/100\n|turn|21\n|\n|t:|1648685173\n|move|p2a: Mienfoo|High Jump Kick|p1a: Mienfoo\n|-damage|p1a: Mienfoo|0 fnt\n|faint|p1a: Mienfoo\n|\n|upkeep\n|\n|t:|1648685179\n|switch|p1a: Koffing|Koffing, L5, M|100\/100\n|-ability|p1a: Koffing|Neutralizing Gas\n|turn|22\n|\n|t:|1648685190\n|move|p2a: Mienfoo|Knock Off|p1a: Koffing\n|-damage|p1a: Koffing|75\/100\n|-enditem|p1a: Koffing|Eviolite|[from] move: Knock Off|[of] p2a: Mienfoo\n|move|p1a: Koffing|Sludge Bomb|p2a: Mienfoo\n|-damage|p2a: Mienfoo|58\/100\n|\n|upkeep\n|turn|23\n|j| imanalt\n|\n|t:|1648685208\n|move|p2a: Mienfoo|High Jump Kick|p1a: Koffing\n|-resisted|p1a: Koffing\n|-damage|p1a: Koffing|45\/100\n|move|p1a: Koffing|Sludge Bomb|p2a: Mienfoo\n|-damage|p2a: Mienfoo|15\/100\n|-status|p2a: Mienfoo|psn\n|\n|-damage|p2a: Mienfoo|5\/100 psn|[from] psn\n|upkeep\n|turn|24\n|j| tazz\n|\n|t:|1648685309\n|switch|p2a: Grookey|Grookey, L5, M|100\/100 par\n|-end|p1a: Koffing|ability: Neutralizing Gas\n|-fieldstart|move: Grassy Terrain|[from] ability: Grassy Surge|[of] p2a: Grookey\n|switch|p1a: Natu|Natu, L5, M|46\/100\n|\n|upkeep\n|turn|25\n|\n|t:|1648685327\n|move|p1a: Natu|Heat Wave|p2a: Grookey\n|-supereffective|p2a: Grookey\n|-damage|p2a: Grookey|24\/100 par\n|move|p2a: Grookey|Knock Off|p1a: Natu\n|-supereffective|p1a: Natu\n|-damage|p1a: Natu|0 fnt\n|-enditem|p1a: Natu|Eviolite|[from] move: Knock Off|[of] p2a: Grookey\n|faint|p1a: Natu\n|\n|-heal|p2a: Grookey|29\/100 par|[from] Grassy Terrain\n|upkeep\n|\n|t:|1648685334\n|switch|p1a: Koffing|Koffing, L5, M|45\/100\n|-ability|p1a: Koffing|Neutralizing Gas\n|turn|26\n|\n|t:|1648685341\n|switch|p2a: Mienfoo|Mienfoo, L5, M|5\/100 psn\n|move|p1a: Koffing|Sludge Bomb|p2a: Mienfoo\n|-damage|p2a: Mienfoo|0 fnt\n|faint|p2a: Mienfoo\n|\n|-heal|p1a: Koffing|50\/100|[from] Grassy Terrain\n|upkeep\n|\n|t:|1648685343\n|switch|p2a: Porygon|Porygon, L5|48\/100\n|turn|27\n|j| Isza\n|\n|t:|1648685405\n|-end|p1a: Koffing|ability: Neutralizing Gas\n|-ability|p2a: Porygon|Download|boost\n|-boost|p2a: Porygon|spa|1\n|switch|p1a: Ferroseed|Ferroseed, L5, F|41\/100\n|move|p2a: Porygon|Ice Beam|p1a: Ferroseed\n|-damage|p1a: Ferroseed|5\/100\n|\n|-heal|p2a: Porygon|53\/100|[from] Grassy Terrain\n|-heal|p1a: Ferroseed|10\/100|[from] Grassy Terrain\n|upkeep\n|turn|28\n|\n|t:|1648685437\n|move|p2a: Porygon|Ice Beam|p1a: Ferroseed\n|-damage|p1a: Ferroseed|0 fnt\n|faint|p1a: Ferroseed\n|\n|-heal|p2a: Porygon|57\/100|[from] Grassy Terrain\n|-fieldend|move: Grassy Terrain\n|upkeep\n|\n|t:|1648685440\n|switch|p1a: Carvanha|Carvanha, L5, M|53\/100\n|turn|29\n|\n|t:|1648685503\n|switch|p2a: Grookey|Grookey, L5, M|29\/100 par\n|-fieldstart|move: Grassy Terrain|[from] ability: Grassy Surge|[of] p2a: Grookey\n|move|p1a: Carvanha|Protect||[still]\n|-fail|p1a: Carvanha\n|\n|-heal|p1a: Carvanha|58\/100|[from] Grassy Terrain\n|-heal|p2a: Grookey|34\/100 par|[from] Grassy Terrain\n|-ability|p1a: Carvanha|Speed Boost|boost\n|-boost|p1a: Carvanha|spe|1\n|upkeep\n|turn|30\n|\n|t:|1648685520\n|switch|p2a: Porygon|Porygon, L5|57\/100\n|-ability|p2a: Porygon|Download|boost\n|-boost|p2a: Porygon|atk|1\n|move|p1a: Carvanha|Protect||[still]\n|-fail|p1a: Carvanha\n|\n|-heal|p1a: Carvanha|64\/100|[from] Grassy Terrain\n|-heal|p2a: Porygon|61\/100|[from] Grassy Terrain\n|-ability|p1a: Carvanha|Speed Boost|boost\n|-boost|p1a: Carvanha|spe|1\n|upkeep\n|turn|31\n|\n|t:|1648685529\n|move|p1a: Carvanha|Crunch|p2a: Porygon\n|-damage|p2a: Porygon|0 fnt\n|faint|p2a: Porygon\n|-damage|p1a: Carvanha|58\/100|[from] item: Life Orb\n|\n|-heal|p1a: Carvanha|64\/100|[from] Grassy Terrain\n|-ability|p1a: Carvanha|Speed Boost|boost\n|-boost|p1a: Carvanha|spe|1\n|upkeep\n|\n|t:|1648685531\n|switch|p2a: Grookey|Grookey, L5, M|34\/100 par\n|turn|32\n|\n|t:|1648685546\n|move|p1a: Carvanha|Protect|p1a: Carvanha\n|-singleturn|p1a: Carvanha|Protect\n|move|p2a: Grookey|Grassy Glide|p1a: Carvanha\n|-activate|p1a: Carvanha|move: Protect\n|\n|-heal|p1a: Carvanha|69\/100|[from] Grassy Terrain\n|-heal|p2a: Grookey|39\/100 par|[from] Grassy Terrain\n|-ability|p1a: Carvanha|Speed Boost|boost\n|-boost|p1a: Carvanha|spe|1\n|upkeep\n|turn|33\n|\n|t:|1648685552\n|switch|p1a: Koffing|Koffing, L5, M|50\/100\n|-ability|p1a: Koffing|Neutralizing Gas\n|cant|p2a: Grookey|par\n|\n|-heal|p1a: Koffing|56\/100|[from] Grassy Terrain\n|-heal|p2a: Grookey|43\/100 par|[from] Grassy Terrain\n|-fieldend|move: Grassy Terrain\n|upkeep\n|turn|34\n|c|\u2606levi|gg\n|c|\u2606Laroxyl|gg\n|\n|t:|1648685562\n|move|p1a: Koffing|Sludge Bomb|p2a: Grookey\n|-supereffective|p2a: Grookey\n|-damage|p2a: Grookey|0 fnt\n|faint|p2a: Grookey\n|\n|win|Laroxyl\n|l| RLotus\n","uploadtime":1648685568,"views":127,"p1id":"laroxyl","p2id":"levi","formatid":"gen8lc","rating":0,"private":0,"password":null}