{"id":"gen8ubers-1340006229","p1":"Banned by week 2","p2":"ULT8RQ bilelfam","format":"gen8ubers","log":"|raw|<div class=\"broadcast-blue\"><strong>This battle is required to be public due to a player having a name starting with 'ULT8RQ'.<\/div>\n|j|\u2606Banned by week 2\n|j|\u2606ULT8RQ bilelfam\n|t:|1620940976\n|gametype|singles\n|player|p1|Banned by week 2|unknown|1505\n|player|p2|ULT8RQ bilelfam|lucas|1549\n|teamsize|p1|6\n|teamsize|p2|6\n|gen|8\n|tier|[Gen 8] Ubers\n|rated|\n|rule|Sleep Clause Mod: Limit one foe put to sleep\n|rule|Species Clause: Limit one of each Pok\u00e9mon\n|rule|OHKO Clause: OHKO moves are banned\n|rule|Evasion Moves Clause: Evasion moves are banned\n|rule|Endless Battle Clause: Forcing endless battles is banned\n|rule|HP Percentage Mod: HP is shown in percentages\n|rule|Dynamax Clause: You cannot dynamax\n|clearpoke\n|poke|p1|Calyrex-Ice|\n|poke|p1|Yveltal|\n|poke|p1|Magearna|\n|poke|p1|Dugtrio, F|\n|poke|p1|Ditto|\n|poke|p1|Zekrom|\n|poke|p2|Calyrex-Shadow|\n|poke|p2|Clefable, F|\n|poke|p2|Shedinja|\n|poke|p2|Kyogre|\n|poke|p2|Yveltal|\n|poke|p2|Ho-Oh|\n|teampreview\n|inactive|Battle timer is ON: inactive players will automatically lose when time's up. (requested by Banned by week 2)\n|\n|t:|1620940996\n|start\n|switch|p1a: Ditto|Ditto|100\/100\n|switch|p2a: Clefable|Clefable, F|100\/100\n|-transform|p1a: Ditto|p2a: Clefable|[from] ability: Imposter\n|turn|1\n|\n|t:|1620941005\n|move|p1a: Ditto|Trick|p2a: Clefable\n|-activate|p1a: Ditto|move: Trick|[of] p2a: Clefable\n|-item|p2a: Clefable|Choice Scarf|[from] move: Trick\n|-item|p1a: Ditto|Sticky Barb|[from] move: Trick\n|move|p2a: Clefable|Stealth Rock|p1a: Ditto\n|-sidestart|p1: Banned by week 2|move: Stealth Rock\n|\n|upkeep\n|turn|2\n|\n|t:|1620941013\n|move|p2a: Clefable|Stealth Rock||[still]\n|-fail|p2a: Clefable\n|move|p1a: Ditto|Trick|p2a: Clefable\n|-activate|p1a: Ditto|move: Trick|[of] p2a: Clefable\n|-item|p2a: Clefable|Sticky Barb|[from] move: Trick\n|-item|p1a: Ditto|Choice Scarf|[from] move: Trick\n|\n|upkeep\n|turn|3\n|\n|t:|1620941022\n|move|p1a: Ditto|Trick|p2a: Clefable\n|-activate|p1a: Ditto|move: Trick|[of] p2a: Clefable\n|-item|p2a: Clefable|Choice Scarf|[from] move: Trick\n|-item|p1a: Ditto|Sticky Barb|[from] move: Trick\n|move|p2a: Clefable|Trick|p1a: Ditto\n|-activate|p2a: Clefable|move: Trick|[of] p1a: Ditto\n|-item|p1a: Ditto|Choice Scarf|[from] move: Trick\n|-item|p2a: Clefable|Sticky Barb|[from] move: Trick\n|\n|upkeep\n|turn|4\n|\n|t:|1620941029\n|switch|p2a: Ho-Oh|Ho-Oh|100\/100\n|move|p1a: Ditto|Trick|p2a: Ho-Oh\n|-activate|p1a: Ditto|move: Trick|[of] p2a: Ho-Oh\n|-item|p2a: Ho-Oh|Choice Scarf|[from] move: Trick\n|-item|p1a: Ditto|Heavy-Duty Boots|[from] move: Trick\n|\n|upkeep\n|turn|5\n|\n|t:|1620941034\n|move|p2a: Ho-Oh|Sacred Fire|p1a: Ditto\n|-damage|p1a: Ditto|55\/100\n|-status|p1a: Ditto|brn\n|move|p1a: Ditto|Stealth Rock|p2a: Ho-Oh\n|-sidestart|p2: ULT8RQ bilelfam|move: Stealth Rock\n|\n|upkeep\n|turn|6\n|\n|t:|1620941039\n|move|p2a: Ho-Oh|Sacred Fire|p1a: Ditto|[miss]\n|-miss|p2a: Ho-Oh|p1a: Ditto\n|move|p1a: Ditto|Soft-Boiled|p1a: Ditto\n|-heal|p1a: Ditto|100\/100 brn\n|\n|upkeep\n|turn|7\n|\n|t:|1620941042\n|move|p2a: Ho-Oh|Sacred Fire|p1a: Ditto\n|-damage|p1a: Ditto|56\/100 brn\n|move|p1a: Ditto|Soft-Boiled|p1a: Ditto\n|-heal|p1a: Ditto|100\/100 brn\n|\n|upkeep\n|turn|8\n|\n|t:|1620941045\n|switch|p2a: Kyogre|Kyogre|100\/100\n|-damage|p2a: Kyogre|88\/100|[from] Stealth Rock\n|-weather|RainDance|[from] ability: Drizzle|[of] p2a: Kyogre\n|move|p1a: Ditto|Soft-Boiled||[still]\n|-fail|p1a: Ditto|heal\n|\n|-weather|RainDance|[upkeep]\n|-heal|p2a: Kyogre|94\/100|[from] item: Leftovers\n|upkeep\n|turn|9\n|\n|t:|1620941064\n|move|p2a: Kyogre|Substitute|p2a: Kyogre\n|-start|p2a: Kyogre|Substitute\n|-damage|p2a: Kyogre|69\/100\n|move|p1a: Ditto|Moonblast|p2a: Kyogre\n|-activate|p2a: Kyogre|move: Substitute|[damage]\n|\n|-weather|RainDance|[upkeep]\n|-heal|p2a: Kyogre|75\/100|[from] item: Leftovers\n|upkeep\n|turn|10\n|\n|t:|1620941068\n|move|p2a: Kyogre|Calm Mind|p2a: Kyogre\n|-boost|p2a: Kyogre|spa|1\n|-boost|p2a: Kyogre|spd|1\n|move|p1a: Ditto|Moonblast|p2a: Kyogre\n|-end|p2a: Kyogre|Substitute\n|\n|-weather|RainDance|[upkeep]\n|-heal|p2a: Kyogre|82\/100|[from] item: Leftovers\n|upkeep\n|turn|11\n|\n|t:|1620941072\n|switch|p1a: Dugtrio|Dugtrio, F|100\/100\n|-damage|p1a: Dugtrio|94\/100|[from] Stealth Rock\n|move|p2a: Kyogre|Substitute|p2a: Kyogre\n|-start|p2a: Kyogre|Substitute\n|-damage|p2a: Kyogre|57\/100\n|\n|-weather|RainDance|[upkeep]\n|-heal|p2a: Kyogre|63\/100|[from] item: Leftovers\n|upkeep\n|turn|12\n|\n|t:|1620941074\n|move|p1a: Dugtrio|Earthquake|p2a: Kyogre\n|-end|p2a: Kyogre|Substitute\n|move|p2a: Kyogre|Surf|p1a: Dugtrio\n|-supereffective|p1a: Dugtrio\n|-damage|p1a: Dugtrio|0 fnt\n|faint|p1a: Dugtrio\n|\n|-weather|none\n|-heal|p2a: Kyogre|69\/100|[from] item: Leftovers\n|upkeep\n|\n|t:|1620941077\n|switch|p1a: Zekrom|Zekrom|100\/100\n|-damage|p1a: Zekrom|88\/100|[from] Stealth Rock\n|-ability|p1a: Zekrom|Teravolt\n|turn|13\n|\n|t:|1620941081\n|switch|p2a: Clefable|Clefable, F|100\/100\n|move|p1a: Zekrom|Dragon Dance|p1a: Zekrom\n|-boost|p1a: Zekrom|atk|1\n|-boost|p1a: Zekrom|spe|1\n|\n|upkeep\n|turn|14\n|\n|t:|1620941085\n|move|p1a: Zekrom|Bolt Strike|p2a: Clefable\n|-damage|p2a: Clefable|0 fnt\n|faint|p2a: Clefable\n|-damage|p1a: Zekrom|78\/100|[from] item: Life Orb\n|\n|upkeep\n|\n|t:|1620941089\n|switch|p2a: Yveltal|Yveltal|100\/100\n|-ability|p2a: Yveltal|Dark Aura\n|turn|15\n|\n|t:|1620941093\n|move|p1a: Zekrom|Bolt Strike|p2a: Yveltal\n|-supereffective|p2a: Yveltal\n|-damage|p2a: Yveltal|0 fnt\n|faint|p2a: Yveltal\n|-damage|p1a: Zekrom|68\/100|[from] item: Life Orb\n|\n|upkeep\n|\n|t:|1620941098\n|switch|p2a: Ho-Oh|Ho-Oh|100\/100\n|-damage|p2a: Ho-Oh|50\/100|[from] Stealth Rock\n|turn|16\n|\n|t:|1620941101\n|move|p1a: Zekrom|Dragon Claw|p2a: Ho-Oh\n|-damage|p2a: Ho-Oh|0 fnt\n|faint|p2a: Ho-Oh\n|-damage|p1a: Zekrom|58\/100|[from] item: Life Orb\n|\n|upkeep\n|\n|t:|1620941103\n|switch|p2a: Shedinja|Shedinja|100\/100\n|turn|17\n|\n|t:|1620941114\n|move|p1a: Zekrom|Dragon Claw|p2a: Shedinja\n|-damage|p2a: Shedinja|0 fnt\n|faint|p2a: Shedinja\n|-damage|p1a: Zekrom|48\/100|[from] item: Life Orb\n|\n|upkeep\n|-message|ULT8RQ bilelfam forfeited.\n|\n|win|Banned by week 2\n|l|\u2606ULT8RQ bilelfam\n|raw|Banned by week 2's rating: 1504 &rarr; <strong>1527<\/strong><br \/>(+23 for winning)\n|raw|ULT8RQ bilelfam's rating: 1549 &rarr; <strong>1526<\/strong><br \/>(-23 for losing)\n","uploadtime":1620941130,"views":104,"p1id":"bannedbyweek2","p2id":"ult8rqbilelfam","formatid":"gen8ubers","rating":1526,"private":0,"password":null}