{"id":"gen8monotype-1322515912","p1":"Tyninja-1","p2":"cump3","format":"gen8monotype","log":"|j|\u2606Tyninja-1\n|j|\u2606cump3\n|t:|1618545805\n|gametype|singles\n|player|p1|Tyninja-1|policeman-gen4|1286\n|player|p2|cump3|1|1414\n|teamsize|p1|6\n|teamsize|p2|6\n|gen|8\n|tier|[Gen 8] Monotype\n|rated|\n|rule|Same Type Clause: Pok\u00e9mon in a team must share a type\n|clearpoke\n|poke|p1|Regieleki|\n|poke|p1|Zeraora|\n|poke|p1|Tapu Koko|\n|poke|p1|Rotom-Wash|\n|poke|p1|Zapdos|\n|poke|p1|Magnezone|\n|poke|p2|Latias, F|\n|poke|p2|Dragonite, M|\n|poke|p2|Dragapult, M|\n|poke|p2|Hydreigon, M|\n|poke|p2|Salamence, F|\n|poke|p2|Dracovish|\n|rule|Sleep Clause Mod: Limit one foe put to sleep\n|rule|Species Clause: Limit one of each Pok\u00e9mon\n|rule|OHKO Clause: OHKO moves are banned\n|rule|Evasion Moves Clause: Evasion moves are banned\n|rule|Endless Battle Clause: Forcing endless battles is banned\n|rule|HP Percentage Mod: HP is shown in percentages\n|rule|Dynamax Clause: You cannot dynamax\n|teampreview\n|inactive|Battle timer is ON: inactive players will automatically lose when time's up. (requested by Tyninja-1)\n|inactive|cump3 has 120 seconds left.\n|\n|t:|1618545851\n|start\n|switch|p1a: Regieleki|Regieleki|100\/100\n|switch|p2a: Salamence|Salamence, F|100\/100\n|turn|1\n|\n|t:|1618545859\n|move|p1a: Regieleki|Volt Switch|p2a: Salamence\n|-damage|p2a: Salamence|15\/100\n|\n|t:|1618545868\n|switch|p1a: Zapdos|Zapdos|100\/100|[from]move: Volt Switch\n|move|p2a: Salamence|Earthquake|p1a: Zapdos\n|-immune|p1a: Zapdos\n|\n|upkeep\n|turn|2\n|\n|t:|1618545875\n|switch|p2a: Latias|Latias, F|100\/100\n|move|p1a: Zapdos|Volt Switch|p2a: Latias\n|-resisted|p2a: Latias\n|-damage|p2a: Latias|89\/100\n|\n|t:|1618545883\n|switch|p1a: Zeraora|Zeraora|100\/100|[from]move: Volt Switch\n|\n|-heal|p2a: Latias|95\/100|[from] item: Leftovers\n|upkeep\n|turn|3\n|\n|t:|1618545900\n|move|p1a: Zeraora|Knock Off|p2a: Latias\n|-supereffective|p2a: Latias\n|-damage|p2a: Latias|4\/100\n|-enditem|p2a: Latias|Leftovers|[from] move: Knock Off|[of] p1a: Zeraora\n|move|p2a: Latias|Tailwind|p2a: Latias\n|-sidestart|p2: cump3|move: Tailwind\n|\n|upkeep\n|turn|4\n|\n|t:|1618545910\n|move|p2a: Latias|Healing Wish|p2a: Latias\n|faint|p2a: Latias\n|move|p1a: Zeraora|Knock Off|p2: Latias|[notarget]\n|-fail|p1a: Zeraora\n|\n|upkeep\n|\n|t:|1618545922\n|switch|p2a: Hydreigon|Hydreigon, M|100\/100\n|turn|5\n|\n|t:|1618545928\n|switch|p1a: Rotom|Rotom-Wash|100\/100\n|move|p2a: Hydreigon|Earth Power|p1a: Rotom\n|-immune|p1a: Rotom|[from] ability: Levitate\n|\n|upkeep\n|turn|6\n|\n|t:|1618545932\n|move|p2a: Hydreigon|Dark Pulse|p1a: Rotom\n|-damage|p1a: Rotom|46\/100\n|-damage|p2a: Hydreigon|91\/100|[from] item: Life Orb\n|move|p1a: Rotom|Will-O-Wisp|p2a: Hydreigon\n|-status|p2a: Hydreigon|brn\n|\n|-heal|p1a: Rotom|52\/100|[from] item: Leftovers\n|-damage|p2a: Hydreigon|84\/100 brn|[from] brn\n|-sideend|p2: cump3|move: Tailwind\n|upkeep\n|turn|7\n|\n|t:|1618545941\n|move|p2a: Hydreigon|Dark Pulse|p1a: Rotom\n|-damage|p1a: Rotom|0 fnt\n|-damage|p2a: Hydreigon|75\/100 brn|[from] item: Life Orb\n|faint|p1a: Rotom\n|\n|-damage|p2a: Hydreigon|68\/100 brn|[from] brn\n|upkeep\n|\n|t:|1618545952\n|switch|p1a: Zeraora|Zeraora|100\/100\n|turn|8\n|\n|t:|1618545965\n|move|p1a: Zeraora|Play Rough|p2a: Hydreigon\n|-supereffective|p2a: Hydreigon\n|-damage|p2a: Hydreigon|0 fnt\n|faint|p2a: Hydreigon\n|\n|upkeep\n|\n|t:|1618545984\n|switch|p2a: Dragonite|Dragonite, M|100\/100\n|turn|9\n|\n|t:|1618545994\n|switch|p1a: Magnezone|Magnezone|100\/100\n|switch|p2a: Dragapult|Dragapult, M|100\/100\n|\n|upkeep\n|turn|10\n|\n|t:|1618546000\n|move|p2a: Dragapult|Substitute|p2a: Dragapult\n|-start|p2a: Dragapult|Substitute\n|-damage|p2a: Dragapult|76\/100\n|move|p1a: Magnezone|Iron Defense|p1a: Magnezone\n|-boost|p1a: Magnezone|def|2\n|\n|-heal|p2a: Dragapult|82\/100|[from] item: Leftovers\n|upkeep\n|turn|11\n|\n|t:|1618546004\n|move|p2a: Dragapult|Dragon Dance|p2a: Dragapult\n|-boost|p2a: Dragapult|atk|1\n|-boost|p2a: Dragapult|spe|1\n|move|p1a: Magnezone|Flash Cannon|p2a: Dragapult\n|-end|p2a: Dragapult|Substitute\n|\n|-heal|p2a: Dragapult|88\/100|[from] item: Leftovers\n|upkeep\n|turn|12\n|\n|t:|1618546014\n|move|p2a: Dragapult|Phantom Force||[still]\n|-prepare|p2a: Dragapult|Phantom Force\n|move|p1a: Magnezone|Flash Cannon|p2a: Dragapult|[miss]\n|-miss|p1a: Magnezone|p2a: Dragapult\n|\n|-heal|p2a: Dragapult|94\/100|[from] item: Leftovers\n|upkeep\n|turn|13\n|\n|t:|1618546019\n|move|p2a: Dragapult|Phantom Force|p1a: Magnezone|[from]lockedmove\n|-damage|p1a: Magnezone|67\/100\n|move|p1a: Magnezone|Iron Defense|p1a: Magnezone\n|-boost|p1a: Magnezone|def|2\n|\n|-heal|p2a: Dragapult|99\/100|[from] item: Leftovers\n|-heal|p1a: Magnezone|73\/100|[from] item: Leftovers\n|upkeep\n|turn|14\n|\n|t:|1618546027\n|switch|p2a: Dragonite|Dragonite, M|100\/100\n|move|p1a: Magnezone|Iron Defense|p1a: Magnezone\n|-boost|p1a: Magnezone|def|2\n|\n|-heal|p1a: Magnezone|79\/100|[from] item: Leftovers\n|upkeep\n|turn|15\n|\n|t:|1618546032\n|move|p2a: Dragonite|Earthquake|p1a: Magnezone\n|-supereffective|p1a: Magnezone\n|-damage|p1a: Magnezone|50\/100\n|move|p1a: Magnezone|Flash Cannon|p2a: Dragonite\n|-damage|p2a: Dragonite|77\/100\n|\n|-heal|p1a: Magnezone|56\/100|[from] item: Leftovers\n|upkeep\n|turn|16\n|\n|t:|1618546041\n|move|p2a: Dragonite|Dragon Dance|p2a: Dragonite\n|-boost|p2a: Dragonite|atk|1\n|-boost|p2a: Dragonite|spe|1\n|move|p1a: Magnezone|Flash Cannon|p2a: Dragonite\n|-damage|p2a: Dragonite|31\/100\n|\n|-heal|p1a: Magnezone|62\/100|[from] item: Leftovers\n|upkeep\n|turn|17\n|\n|t:|1618546048\n|move|p2a: Dragonite|Earthquake|p1a: Magnezone\n|-supereffective|p1a: Magnezone\n|-damage|p1a: Magnezone|16\/100\n|move|p1a: Magnezone|Body Press|p2a: Dragonite\n|-resisted|p2a: Dragonite\n|-damage|p2a: Dragonite|0 fnt\n|faint|p2a: Dragonite\n|\n|-heal|p1a: Magnezone|22\/100|[from] item: Leftovers\n|upkeep\n|\n|t:|1618546057\n|switch|p2a: Dracovish|Dracovish|100\/100\n|turn|18\n|\n|t:|1618546065\n|move|p2a: Dracovish|Fishious Rend|p1a: Magnezone\n|-damage|p1a: Magnezone|0 fnt\n|faint|p1a: Magnezone\n|\n|upkeep\n|\n|t:|1618546083\n|switch|p1a: Regieleki|Regieleki|100\/100\n|turn|19\n|\n|t:|1618546088\n|move|p1a: Regieleki|Electro Ball|p2a: Dracovish\n|-damage|p2a: Dracovish|9\/100\n|move|p2a: Dracovish|Fishious Rend|p1a: Regieleki\n|-damage|p1a: Regieleki|0 fnt\n|faint|p1a: Regieleki\n|\n|upkeep\n|\n|t:|1618546096\n|switch|p1a: Tapu Koko|Tapu Koko|100\/100\n|-fieldstart|move: Electric Terrain|[from] ability: Electric Surge|[of] p1a: Tapu Koko\n|turn|20\n|\n|t:|1618546101\n|move|p1a: Tapu Koko|U-turn|p2a: Dracovish\n|-damage|p2a: Dracovish|0 fnt\n|faint|p2a: Dracovish\n|\n|t:|1618546104\n|switch|p1a: Zeraora|Zeraora|100\/100|[from]move: U-turn\n|\n|upkeep\n|\n|t:|1618546106\n|switch|p2a: Salamence|Salamence, F|15\/100\n|-heal|p2a: Salamence|100\/100|[from] move: Healing Wish\n|turn|21\n|\n|t:|1618546124\n|move|p2a: Salamence|Stone Edge|p1a: Zeraora\n|-damage|p1a: Zeraora|47\/100\n|move|p1a: Zeraora|Plasma Fists|p2a: Salamence\n|-damage|p2a: Salamence|0 fnt\n|-fieldactivate|move: Ion Deluge\n|faint|p2a: Salamence\n|\n|upkeep\n|\n|t:|1618546135\n|switch|p2a: Dragapult|Dragapult, M|99\/100\n|turn|22\n|\n|t:|1618546144\n|switch|p1a: Zapdos|Zapdos|100\/100\n|move|p2a: Dragapult|Dragon Dance|p2a: Dragapult\n|-boost|p2a: Dragapult|atk|1\n|-boost|p2a: Dragapult|spe|1\n|\n|-heal|p2a: Dragapult|100\/100|[from] item: Leftovers\n|upkeep\n|turn|23\n|\n|t:|1618546153\n|move|p2a: Dragapult|Substitute|p2a: Dragapult\n|-start|p2a: Dragapult|Substitute\n|-damage|p2a: Dragapult|76\/100\n|move|p1a: Zapdos|Heat Wave|p2a: Dragapult\n|-resisted|p2a: Dragapult\n|-activate|p2a: Dragapult|move: Substitute|[damage]\n|\n|-heal|p2a: Dragapult|82\/100|[from] item: Leftovers\n|upkeep\n|turn|24\n|\n|t:|1618546158\n|move|p2a: Dragapult|Dragon Dance|p2a: Dragapult\n|-boost|p2a: Dragapult|atk|1\n|-boost|p2a: Dragapult|spe|1\n|move|p1a: Zapdos|Volt Switch|p2a: Dragapult\n|-resisted|p2a: Dragapult\n|-end|p2a: Dragapult|Substitute\n|\n|t:|1618546163\n|switch|p1a: Tapu Koko|Tapu Koko|100\/100|[from]move: Volt Switch\n|\n|-heal|p2a: Dragapult|88\/100|[from] item: Leftovers\n|-fieldend|move: Electric Terrain\n|upkeep\n|turn|25\n|\n|t:|1618546168\n|move|p2a: Dragapult|Phantom Force||[still]\n|-prepare|p2a: Dragapult|Phantom Force\n|move|p1a: Tapu Koko|Dazzling Gleam|p2a: Dragapult|[miss]\n|-miss|p1a: Tapu Koko|p2a: Dragapult\n|\n|-heal|p2a: Dragapult|94\/100|[from] item: Leftovers\n|upkeep\n|turn|26\n|\n|t:|1618546170\n|switch|p1a: Zapdos|Zapdos|100\/100\n|move|p2a: Dragapult|Phantom Force|p1a: Zapdos|[from]lockedmove\n|-damage|p1a: Zapdos|26\/100\n|-status|p2a: Dragapult|par|[from] ability: Static|[of] p1a: Zapdos\n|\n|-heal|p2a: Dragapult|99\/100 par|[from] item: Leftovers\n|upkeep\n|turn|27\n|\n|t:|1618546175\n|move|p2a: Dragapult|Dragon Dance|p2a: Dragapult\n|-boost|p2a: Dragapult|atk|1\n|-boost|p2a: Dragapult|spe|1\n|move|p1a: Zapdos|Roost|p1a: Zapdos\n|-heal|p1a: Zapdos|76\/100\n|-singleturn|p1a: Zapdos|move: Roost\n|\n|-heal|p2a: Dragapult|100\/100 par|[from] item: Leftovers\n|upkeep\n|turn|28\n|\n|t:|1618546180\n|move|p2a: Dragapult|Dragon Darts|p1a: Zapdos\n|-damage|p1a: Zapdos|28\/100\n|-anim|p2a: Dragapult|Dragon Darts|p1a: Zapdos\n|-damage|p1a: Zapdos|0 fnt\n|faint|p1a: Zapdos\n|\n|upkeep\n|\n|t:|1618546189\n|switch|p1a: Tapu Koko|Tapu Koko|100\/100\n|-fieldstart|move: Electric Terrain|[from] ability: Electric Surge|[of] p1a: Tapu Koko\n|turn|29\n|\n|t:|1618546204\n|move|p2a: Dragapult|Phantom Force||[still]\n|-prepare|p2a: Dragapult|Phantom Force\n|move|p1a: Tapu Koko|U-turn|p2a: Dragapult|[miss]\n|-miss|p1a: Tapu Koko|p2a: Dragapult\n|\n|upkeep\n|turn|30\n|\n|t:|1618546209\n|switch|p1a: Zeraora|Zeraora|47\/100\n|move|p2a: Dragapult|Phantom Force|p1a: Zeraora|[from]lockedmove\n|-damage|p1a: Zeraora|0 fnt\n|faint|p1a: Zeraora\n|\n|upkeep\n|\n|t:|1618546211\n|switch|p1a: Tapu Koko|Tapu Koko|100\/100\n|turn|31\n|c|\u2606Tyninja-1|gg\n|\n|t:|1618546230\n|move|p2a: Dragapult|Phantom Force||[still]\n|-prepare|p2a: Dragapult|Phantom Force\n|move|p1a: Tapu Koko|Dazzling Gleam|p2a: Dragapult|[miss]\n|-miss|p1a: Tapu Koko|p2a: Dragapult\n|\n|upkeep\n|turn|32\n|c|\u2606cump3|gg\n|\n|t:|1618546235\n|cant|p2a: Dragapult|par\n|move|p1a: Tapu Koko|Dazzling Gleam|p2a: Dragapult\n|-supereffective|p2a: Dragapult\n|-damage|p2a: Dragapult|0 fnt\n|faint|p2a: Dragapult\n|\n|win|Tyninja-1\n|raw|Tyninja-1's rating: 1286 &rarr; <strong>1320<\/strong><br \/>(+34 for winning)\n|raw|cump3's rating: 1414 &rarr; <strong>1387<\/strong><br \/>(-27 for losing)\n|c|\u2606cump3|NOOO\n|c|\u2606Tyninja-1|lmao\n|c|\u2606cump3|hahaha\n","uploadtime":1618546256,"views":45,"p1id":"tyninja1","p2id":"cump3","formatid":"gen8monotype","rating":1320,"private":0,"password":null}