{"id":"gen8nationaldex-1665453273","p1":"Retired From ND","p2":"Capital Cruiser","format":"gen8nationaldex","log":"|j|\u2606Retired From ND\n|j|\u203dCapital Cruiser\n|t:|1663297925\n|gametype|singles\n|player|p1|Retired From ND|unknown|1581\n|player|p2|Capital Cruiser|cheren-gen5bw2|1569\n|teamsize|p1|6\n|teamsize|p2|6\n|gen|8\n|tier|[Gen 8] National Dex\n|rated|\n|rule|HP Percentage Mod: HP is shown in percentages\n|rule|Endless Battle Clause: Forcing endless battles is banned\n|rule|OHKO Clause: OHKO moves are banned\n|rule|Evasion Moves Clause: Evasion moves are banned\n|rule|Species Clause: Limit one of each Pok\u00e9mon\n|rule|Dynamax Clause: You cannot dynamax\n|rule|Sleep Clause Mod: Limit one foe put to sleep\n|clearpoke\n|poke|p1|Mew|\n|poke|p1|Grimmsnarl, M|\n|poke|p1|Mawile, F|\n|poke|p1|Necrozma|\n|poke|p1|Moltres-Galar|\n|poke|p1|Latios, M|\n|poke|p2|Chansey, F|\n|poke|p2|Latios, M|\n|poke|p2|Melmetal|\n|poke|p2|Clefable, M|\n|poke|p2|Scizor, F|\n|poke|p2|Garchomp, F|\n|teampreview\n|inactive|Battle timer is ON: inactive players will automatically lose when time's up. (requested by Capital Cruiser)\n|\n|t:|1663297944\n|start\n|switch|p1a: \u2622|Mew, shiny|100\/100\n|switch|p2a: Melmetal|Melmetal, shiny|100\/100\n|turn|1\n|\n|t:|1663297949\n|move|p1a: \u2622|Flamethrower|p2a: Melmetal\n|-supereffective|p2a: Melmetal\n|-damage|p2a: Melmetal|59\/100\n|move|p2a: Melmetal|Double Iron Bash|p1a: \u2622\n|-damage|p1a: \u2622|66\/100\n|-damage|p1a: \u2622|31\/100\n|-hitcount|p1a: \u2622|2\n|\n|upkeep\n|turn|2\n|\n|t:|1663297958\n|switch|p2a: Latios|Latios, M, shiny|100\/100\n|move|p1a: \u2622|Flamethrower|p2a: Latios\n|-resisted|p2a: Latios\n|-damage|p2a: Latios|90\/100\n|\n|upkeep\n|turn|3\n|\n|t:|1663297962\n|move|p2a: Latios|Mystical Fire|p1a: \u2622\n|-damage|p1a: \u2622|0 fnt\n|faint|p1a: \u2622\n|\n|upkeep\n|\n|t:|1663297966\n|switch|p1a: \u2628|Grimmsnarl, M|100\/100\n|turn|4\n|\n|t:|1663297970\n|switch|p2a: Melmetal|Melmetal, shiny|59\/100\n|move|p1a: \u2628|Light Screen|p1a: \u2628\n|-sidestart|p1: Retired From ND|move: Light Screen\n|\n|upkeep\n|turn|5\n|\n|t:|1663297972\n|move|p1a: \u2628|Reflect|p1a: \u2628\n|-sidestart|p1: Retired From ND|Reflect\n|move|p2a: Melmetal|Double Iron Bash|p1a: \u2628\n|-supereffective|p1a: \u2628\n|-damage|p1a: \u2628|59\/100\n|-supereffective|p1a: \u2628\n|-damage|p1a: \u2628|19\/100\n|-hitcount|p1a: \u2628|2\n|\n|upkeep\n|turn|6\n|\n|t:|1663297978\n|move|p1a: \u2628|Foul Play|p2a: Melmetal\n|-damage|p2a: Melmetal|29\/100\n|move|p2a: Melmetal|Double Iron Bash|p1a: \u2628\n|-supereffective|p1a: \u2628\n|-damage|p1a: \u2628|0 fnt\n|faint|p1a: \u2628\n|-hitcount|p1: \u2628|1\n|\n|upkeep\n|\n|t:|1663297983\n|switch|p1a: \ud83d\udde1|Necrozma, shiny|100\/100\n|turn|7\n|\n|t:|1663297986\n|switch|p2a: Chansey|Chansey, F, shiny|100\/100\n|move|p1a: \ud83d\udde1|Dragon Dance|p1a: \ud83d\udde1\n|-boost|p1a: \ud83d\udde1|atk|1\n|-boost|p1a: \ud83d\udde1|spe|1\n|\n|upkeep\n|turn|8\n|\n|t:|1663297990\n|move|p1a: \ud83d\udde1|Dragon Dance|p1a: \ud83d\udde1\n|-boost|p1a: \ud83d\udde1|atk|1\n|-boost|p1a: \ud83d\udde1|spe|1\n|move|p2a: Chansey|Toxic|p1a: \ud83d\udde1\n|-status|p1a: \ud83d\udde1|tox\n|\n|-damage|p1a: \ud83d\udde1|95\/100 tox|[from] psn\n|upkeep\n|turn|9\n|j| il.zulf8y87777\n|\n|t:|1663298007\n|switch|p2a: Melmetal|Melmetal, shiny|29\/100\n|move|p1a: \ud83d\udde1|Photon Geyser|p2a: Melmetal\n|-resisted|p2a: Melmetal\n|-damage|p2a: Melmetal|2\/100\n|\n|-damage|p1a: \ud83d\udde1|83\/100 tox|[from] psn\n|upkeep\n|turn|10\n|\n|t:|1663298012\n|move|p1a: \ud83d\udde1|Photon Geyser|p2a: Melmetal\n|-resisted|p2a: Melmetal\n|-damage|p2a: Melmetal|0 fnt\n|faint|p2a: Melmetal\n|\n|-damage|p1a: \ud83d\udde1|65\/100 tox|[from] psn\n|upkeep\n|\n|t:|1663298020\n|switch|p2a: Scizor|Scizor, F, shiny|100\/100\n|turn|11\n|\n|t:|1663298024\n|switch|p2a: Clefable|Clefable, M, shiny|100\/100\n|move|p1a: \ud83d\udde1|Heat Wave|p2a: Clefable\n|-damage|p2a: Clefable|79\/100\n|\n|-heal|p2a: Clefable|85\/100|[from] item: Leftovers\n|-damage|p1a: \ud83d\udde1|41\/100 tox|[from] psn\n|-sideend|p1: Retired From ND|move: Light Screen\n|upkeep\n|turn|12\n|\n|t:|1663298033\n|move|p1a: \ud83d\udde1|Photon Geyser|p2a: Clefable\n|-damage|p2a: Clefable|14\/100\n|move|p2a: Clefable|Moonblast|p1a: \ud83d\udde1\n|-damage|p1a: \ud83d\udde1|2\/100 tox\n|\n|-heal|p2a: Clefable|20\/100|[from] item: Leftovers\n|-damage|p1a: \ud83d\udde1|0 fnt|[from] psn\n|faint|p1a: \ud83d\udde1\n|-sideend|p1: Retired From ND|Reflect\n|upkeep\n|\n|t:|1663298037\n|switch|p1a: \u269c\ufe0f|Latios, M|100\/100\n|turn|13\n|\n|t:|1663298043\n|move|p1a: \u269c\ufe0f|Calm Mind|p1a: \u269c\ufe0f\n|-boost|p1a: \u269c\ufe0f|spa|1\n|-boost|p1a: \u269c\ufe0f|spd|1\n|move|p2a: Clefable|Moonblast|p1a: \u269c\ufe0f\n|-supereffective|p1a: \u269c\ufe0f\n|-damage|p1a: \u269c\ufe0f|61\/100\n|-enditem|p1a: \u269c\ufe0f|Weakness Policy\n|-boost|p1a: \u269c\ufe0f|atk|2|[from] item: Weakness Policy\n|-boost|p1a: \u269c\ufe0f|spa|2|[from] item: Weakness Policy\n|\n|-heal|p2a: Clefable|26\/100|[from] item: Leftovers\n|upkeep\n|turn|14\n|\n|t:|1663298050\n|move|p1a: \u269c\ufe0f|Stored Power|p2a: Clefable\n|-damage|p2a: Clefable|0 fnt\n|faint|p2a: Clefable\n|\n|upkeep\n|\n|t:|1663298053\n|switch|p2a: Garchomp|Garchomp, F, shiny|100\/100\n|turn|15\n|\n|t:|1663298059\n|move|p2a: Garchomp|Dragon Claw|p1a: \u269c\ufe0f\n|-supereffective|p1a: \u269c\ufe0f\n|-damage|p1a: \u269c\ufe0f|0 fnt\n|faint|p1a: \u269c\ufe0f\n|\n|upkeep\n|\n|t:|1663298061\n|switch|p1a: \u262d|Mawile, F, shiny|100\/100\n|turn|16\n|\n|t:|1663298068\n|switch|p2a: Scizor|Scizor, F, shiny|100\/100\n|detailschange|p1a: \u262d|Mawile-Mega, F, shiny\n|-mega|p1a: \u262d|Mawile|Mawilite\n|move|p1a: \u262d|Sucker Punch||[still]\n|-fail|p1a: \u262d\n|\n|upkeep\n|turn|17\n|\n|t:|1663298072\n|detailschange|p2a: Scizor|Scizor-Mega, F, shiny\n|-mega|p2a: Scizor|Scizor|Scizorite\n|move|p1a: \u262d|Fire Fang|p2a: Scizor\n|-supereffective|p2a: Scizor\n|-damage|p2a: Scizor|0 fnt\n|faint|p2a: Scizor\n|\n|upkeep\n|\n|t:|1663298078\n|switch|p2a: Latios|Latios, M, shiny|90\/100\n|turn|18\n|\n|t:|1663298082\n|move|p1a: \u262d|Sucker Punch|p2a: Latios\n|-supereffective|p2a: Latios\n|-damage|p2a: Latios|0 fnt\n|faint|p2a: Latios\n|\n|upkeep\n|-message|Capital Cruiser forfeited.\n|\n|win|Retired From ND\n|raw|Retired From ND's rating: 1581 &rarr; <strong>1600<\/strong><br \/>(+19 for winning)\n|raw|Capital Cruiser's rating: 1569 &rarr; <strong>1550<\/strong><br \/>(-19 for losing)\n|l|\u203dCapital Cruiser\n","uploadtime":1663298090,"views":9,"p1id":"retiredfromnd","p2id":"capitalcruiser","formatid":"gen8nationaldex","rating":1550,"private":0,"password":null}