{"id":"gen8ou-1702395425","p1":"6bands7bands","p2":"EternalJourney","format":"gen8ou","log":"|j|\u26066bands7bands\n|j|\u2606EternalJourney\n|t:|1667546887\n|gametype|singles\n|player|p1|6bands7bands|cyclist-gen4|1185\n|player|p2|EternalJourney|roughneck|1085\n|teamsize|p1|6\n|teamsize|p2|6\n|gen|8\n|tier|[Gen 8] OU\n|rated|\n|rule|Sleep Clause Mod: Limit one foe put to sleep\n|rule|Species Clause: Limit one of each Pok\u00e9mon\n|rule|OHKO Clause: OHKO moves are banned\n|rule|Evasion Items Clause: Evasion items are banned\n|rule|Evasion Moves Clause: Evasion moves are banned\n|rule|Endless Battle Clause: Forcing endless battles is banned\n|rule|HP Percentage Mod: HP is shown in percentages\n|rule|Dynamax Clause: You cannot dynamax\n|clearpoke\n|poke|p1|Weavile, M|\n|poke|p1|Landorus-Therian, M|\n|poke|p1|Rillaboom, M|\n|poke|p1|Tapu Koko|\n|poke|p1|Volcanion|\n|poke|p1|Kartana|\n|poke|p2|Ferrothorn, M|\n|poke|p2|Toxapex, F|\n|poke|p2|Celesteela|\n|poke|p2|Cloyster, M|\n|poke|p2|Golisopod, F|\n|poke|p2|Blissey, F|\n|teampreview\n|inactive|Battle timer is ON: inactive players will automatically lose when time's up. (requested by EternalJourney)\n|\n|t:|1667546900\n|start\n|switch|p1a: Volcanion|Volcanion|100\/100\n|switch|p2a: Toxapex|Toxapex, F|100\/100\n|turn|1\n|\n|t:|1667546908\n|move|p1a: Volcanion|Earthquake|p2a: Toxapex\n|-supereffective|p2a: Toxapex\n|-damage|p2a: Toxapex|37\/100\n|move|p2a: Toxapex|Toxic Spikes|p1a: Volcanion\n|-sidestart|p1: 6bands7bands|move: Toxic Spikes\n|\n|upkeep\n|turn|2\n|\n|t:|1667546917\n|switch|p1a: Tapu Koko|Tapu Koko|100\/100\n|-status|p1a: Tapu Koko|psn\n|-fieldstart|move: Electric Terrain|[from] ability: Electric Surge|[of] p1a: Tapu Koko\n|switch|p2a: Celesteela|Celesteela|100\/100\n|\n|-damage|p1a: Tapu Koko|88\/100 psn|[from] psn\n|upkeep\n|turn|3\n|\n|t:|1667546931\n|move|p1a: Tapu Koko|Volt Switch|p2a: Celesteela\n|-supereffective|p2a: Celesteela\n|-damage|p2a: Celesteela|64\/100\n|\n|t:|1667546937\n|switch|p1a: Volcanion|Volcanion|100\/100|[from]move: Volt Switch\n|-status|p1a: Volcanion|psn\n|move|p2a: Celesteela|Earthquake|p1a: Volcanion\n|-supereffective|p1a: Volcanion\n|-damage|p1a: Volcanion|65\/100 psn\n|\n|-damage|p1a: Volcanion|53\/100 psn|[from] psn\n|upkeep\n|turn|4\n|\n|t:|1667546949\n|move|p1a: Volcanion|Flare Blitz|p2a: Celesteela\n|-supereffective|p2a: Celesteela\n|-damage|p2a: Celesteela|0 fnt\n|-damage|p1a: Volcanion|36\/100 psn|[from] item: Rocky Helmet|[of] p2a: Celesteela\n|faint|p2a: Celesteela\n|-damage|p1a: Volcanion|14\/100 psn|[from] Recoil\n|\n|-damage|p1a: Volcanion|1\/100 psn|[from] psn\n|upkeep\n|\n|t:|1667546953\n|switch|p2a: Golisopod|Golisopod, F|100\/100\n|turn|5\n|\n|t:|1667546958\n|move|p1a: Volcanion|Flare Blitz|p2a: Golisopod\n|-damage|p2a: Golisopod|48\/100\n|-damage|p1a: Volcanion|0 fnt|[from] item: Rocky Helmet|[of] p2a: Golisopod\n|faint|p1a: Volcanion\n|-activate|p2a: Golisopod|ability: Emergency Exit\n|\n|t:|1667546966\n|switch|p2a: Cloyster|Cloyster, M|100\/100\n|\n|upkeep\n|\n|t:|1667546976\n|switch|p1a: Rillaboom|Rillaboom, M|100\/100\n|-status|p1a: Rillaboom|psn\n|-fieldstart|move: Grassy Terrain|[from] ability: Grassy Surge|[of] p1a: Rillaboom\n|turn|6\n|\n|t:|1667546981\n|move|p1a: Rillaboom|Grassy Glide|p2a: Cloyster\n|-supereffective|p2a: Cloyster\n|-damage|p2a: Cloyster|0 fnt\n|faint|p2a: Cloyster\n|\n|-damage|p1a: Rillaboom|88\/100 psn|[from] psn\n|upkeep\n|\n|t:|1667546985\n|switch|p2a: Ferrothorn|Ferrothorn, M|100\/100\n|turn|7\n|\n|t:|1667546989\n|switch|p1a: Landorus|Landorus-Therian, M|100\/100\n|-ability|p1a: Landorus|Intimidate|boost\n|-unboost|p2a: Ferrothorn|atk|1\n|move|p2a: Ferrothorn|Leech Seed|p1a: Landorus\n|-start|p1a: Landorus|move: Leech Seed\n|\n|-damage|p1a: Landorus|88\/100|[from] Leech Seed|[of] p2a: Ferrothorn\n|upkeep\n|turn|8\n|\n|t:|1667546999\n|move|p1a: Landorus|Earthquake|p2a: Ferrothorn\n|-crit|p2a: Ferrothorn\n|-damage|p2a: Ferrothorn|48\/100\n|move|p2a: Ferrothorn|Spikes|p1a: Landorus\n|-sidestart|p1: 6bands7bands|Spikes\n|\n|-heal|p2a: Ferrothorn|55\/100|[from] Grassy Terrain\n|-damage|p1a: Landorus|75\/100|[from] Leech Seed|[of] p2a: Ferrothorn\n|-heal|p2a: Ferrothorn|68\/100|[silent]\n|upkeep\n|turn|9\n|\n|t:|1667547015\n|switch|p1a: Kartana|Kartana|100\/100\n|-damage|p1a: Kartana|88\/100|[from] Spikes\n|move|p2a: Ferrothorn|Spikes|p1a: Kartana\n|-sidestart|p1: 6bands7bands|Spikes\n|\n|-heal|p1a: Kartana|94\/100|[from] Grassy Terrain\n|-heal|p2a: Ferrothorn|75\/100|[from] Grassy Terrain\n|upkeep\n|turn|10\n|\n|t:|1667547027\n|move|p2a: Ferrothorn|Protect|p2a: Ferrothorn\n|-singleturn|p2a: Ferrothorn|Protect\n|move|p1a: Kartana|Knock Off|p2a: Ferrothorn\n|-activate|p2a: Ferrothorn|move: Protect\n|\n|-heal|p1a: Kartana|100\/100|[from] Grassy Terrain\n|-heal|p2a: Ferrothorn|81\/100|[from] Grassy Terrain\n|-fieldend|move: Grassy Terrain\n|upkeep\n|turn|11\n|\n|t:|1667547037\n|move|p1a: Kartana|Knock Off|p2a: Ferrothorn\n|-damage|p2a: Ferrothorn|27\/100\n|-damage|p1a: Kartana|88\/100|[from] ability: Iron Barbs|[of] p2a: Ferrothorn\n|-damage|p1a: Kartana|72\/100|[from] item: Rocky Helmet|[of] p2a: Ferrothorn\n|-enditem|p2a: Ferrothorn|Rocky Helmet|[from] move: Knock Off|[of] p1a: Kartana\n|move|p2a: Ferrothorn|Leech Seed|p1a: Kartana\n|-immune|p1a: Kartana\n|\n|upkeep\n|turn|12\n|c|\u26066bands7bands|?\n|\n|t:|1667547051\n|switch|p2a: Toxapex|Toxapex, F|71\/100\n|move|p1a: Kartana|Knock Off|p2a: Toxapex\n|-damage|p2a: Toxapex|29\/100\n|-damage|p1a: Kartana|55\/100|[from] item: Rocky Helmet|[of] p2a: Toxapex\n|-enditem|p2a: Toxapex|Rocky Helmet|[from] move: Knock Off|[of] p1a: Kartana\n|\n|upkeep\n|turn|13\n|\n|t:|1667547059\n|move|p2a: Toxapex|Baneful Bunker|p2a: Toxapex\n|-singleturn|p2a: Toxapex|move: Protect\n|move|p1a: Kartana|Knock Off|p2a: Toxapex\n|-activate|p2a: Toxapex|move: Protect\n|\n|upkeep\n|turn|14\n|c|\u26066bands7bands|ok\n|\n|t:|1667547070\n|move|p1a: Kartana|Knock Off|p2a: Toxapex\n|-damage|p2a: Toxapex|2\/100\n|move|p2a: Toxapex|Substitute|p2a: Toxapex\n|-fail|p2a: Toxapex|move: Substitute|[weak]\n|\n|upkeep\n|turn|15\n|\n|t:|1667547081\n|switch|p2a: Blissey|Blissey, F|100\/100\n|move|p1a: Kartana|Knock Off|p2a: Blissey\n|-damage|p2a: Blissey|37\/100\n|-enditem|p2a: Blissey|Leftovers|[from] move: Knock Off|[of] p1a: Kartana\n|\n|upkeep\n|turn|16\n|\n|t:|1667547093\n|move|p1a: Kartana|Knock Off|p2a: Blissey\n|-damage|p2a: Blissey|0 fnt\n|faint|p2a: Blissey\n|-ability|p1a: Kartana|Beast Boost|boost\n|-boost|p1a: Kartana|atk|1\n|\n|upkeep\n|\n|t:|1667547096\n|switch|p2a: Golisopod|Golisopod, F|48\/100\n|turn|17\n|\n|t:|1667547100\n|move|p1a: Kartana|Knock Off|p2a: Golisopod\n|-damage|p2a: Golisopod|0 fnt\n|-damage|p1a: Kartana|39\/100|[from] item: Rocky Helmet|[of] p2a: Golisopod\n|-enditem|p2a: Golisopod|Rocky Helmet|[from] move: Knock Off|[of] p1a: Kartana\n|faint|p2a: Golisopod\n|-ability|p1a: Kartana|Beast Boost|boost\n|-boost|p1a: Kartana|atk|1\n|\n|upkeep\n|c|\u26066bands7bands|bruv\n|c|\u26066bands7bands|im 1383 atk now\n|l|\u2606EternalJourney\n|inactive|EternalJourney disconnected and has a minute to reconnect!\n|player|p2|\n|c|\u26066bands7bands|T_T\n|c|\u26066bands7bands|so sad\n|inactive|EternalJourney has 30 seconds to reconnect!\n|inactive|EternalJourney has 20 seconds to reconnect!\n|inactive|EternalJourney has 15 seconds to reconnect!\n|j|\u2606EternalJourney\n|inactive|EternalJourney reconnected and has 100 seconds left.\n|player|p2|EternalJourney|roughneck\n|\n|t:|1667547159\n|switch|p2a: Toxapex|Toxapex, F|35\/100\n|turn|18\n|\n|t:|1667547165\n|move|p2a: Toxapex|Baneful Bunker|p2a: Toxapex\n|-singleturn|p2a: Toxapex|move: Protect\n|move|p1a: Kartana|Knock Off|p2a: Toxapex\n|-activate|p2a: Toxapex|move: Protect\n|\n|upkeep\n|turn|19\n|\n|t:|1667547175\n|move|p1a: Kartana|Knock Off|p2a: Toxapex\n|-damage|p2a: Toxapex|0 fnt\n|faint|p2a: Toxapex\n|-ability|p1a: Kartana|Beast Boost|boost\n|-boost|p1a: Kartana|atk|1\n|\n|upkeep\n|c|\u26066bands7bands|weeeeeeeeeeeeeeeeeee\n|\n|t:|1667547177\n|switch|p2a: Ferrothorn|Ferrothorn, M|27\/100\n|turn|20\n|c|\u26066bands7bands|protect\n|c|\u26066bands7bands|might save u\n|\n|t:|1667547186\n|move|p2a: Ferrothorn|Protect|p2a: Ferrothorn\n|-singleturn|p2a: Ferrothorn|Protect\n|move|p1a: Kartana|Knock Off|p2a: Ferrothorn\n|-activate|p2a: Ferrothorn|move: Protect\n|\n|upkeep\n|turn|21\n|inactive|EternalJourney has 120 seconds left.\n|c|\u26066bands7bands|protect again\n|\n|t:|1667547194\n|move|p1a: Kartana|Knock Off|p2a: Ferrothorn\n|-damage|p2a: Ferrothorn|0 fnt\n|-damage|p1a: Kartana|26\/100|[from] ability: Iron Barbs|[of] p2a: Ferrothorn\n|faint|p2a: Ferrothorn\n|\n|win|6bands7bands\n|raw|6bands7bands's rating: 1185 &rarr; <strong>1203<\/strong><br \/>(+18 for winning)\n|raw|EternalJourney's rating: 1085 &rarr; <strong>1069<\/strong><br \/>(-16 for losing)\n|l|\u2606EternalJourney\n","uploadtime":1667547201,"views":10,"p1id":"6bands7bands","p2id":"eternaljourney","formatid":"gen8ou","rating":1069,"private":0,"password":null}