{"id":"gen8randombattle-1299703714","p1":"stopthreat","p2":"Seenuft","format":"gen8randombattle","log":"|j|\u2606stopthreat\n|j|\u2606Seenuft\n|t:|1615526169\n|player|p1|stopthreat|scientist-gen4dp|1527\n|player|p2|Seenuft|drayden|1484\n|teamsize|p1|6\n|teamsize|p2|6\n|gametype|singles\n|gen|8\n|tier|[Gen 8] Random Battle\n|rated|\n|rule|Species Clause: Limit one of each Pok\u00e9mon\n|rule|HP Percentage Mod: HP is shown in percentages\n|rule|Sleep Clause Mod: Limit one foe put to sleep\n|\n|t:|1615526169\n|start\n|switch|p1a: Regirock|Regirock, L84|272\/272\n|switch|p2a: Bellossom|Bellossom, L82, F|257\/257\n|turn|1\n|inactive|Battle timer is ON: inactive players will automatically lose when time's up. (requested by stopthreat)\n|\n|t:|1615526200\n|switch|p1a: Hawlucha|Hawlucha, L80, M|256\/256\n|move|p2a: Bellossom|Quiver Dance|p2a: Bellossom\n|-boost|p2a: Bellossom|spa|1\n|-boost|p2a: Bellossom|spd|1\n|-boost|p2a: Bellossom|spe|1\n|\n|upkeep\n|turn|2\n|inactive|Seenuft has 120 seconds left.\n|\n|t:|1615526245\n|switch|p2a: Electivire|Electivire, L82, M|257\/257\n|move|p1a: Hawlucha|Brave Bird|p2a: Electivire\n|-resisted|p2a: Electivire\n|-damage|p2a: Electivire|182\/257\n|-damage|p1a: Hawlucha|231\/256|[from] Recoil\n|\n|upkeep\n|turn|3\n|inactive|stopthreat has 120 seconds left.\n|\n|t:|1615526280\n|switch|p1a: Hatterene|Hatterene, L86, F|238\/238\n|move|p2a: Electivire|Wild Charge|p1a: Hatterene\n|-damage|p1a: Hatterene|144\/238\n|-damage|p2a: Electivire|158\/257|[from] Recoil\n|\n|upkeep\n|turn|4\n|inactive|stopthreat has 120 seconds left.\n|inactive|Seenuft has 90 seconds left.\n|\n|t:|1615526321\n|switch|p2a: Bellossom|Bellossom, L82, F|257\/257\n|move|p1a: Hatterene|Trick Room|p1a: Hatterene\n|-fieldstart|move: Trick Room|[of] p1a: Hatterene\n|\n|upkeep\n|turn|5\n|\n|t:|1615526338\n|move|p1a: Hatterene|Mystical Fire|p2a: Bellossom\n|-supereffective|p2a: Bellossom\n|-damage|p2a: Bellossom|88\/257\n|-unboost|p2a: Bellossom|spa|1\n|-damage|p1a: Hatterene|121\/238|[from] item: Life Orb\n|move|p2a: Bellossom|Giga Drain|p1a: Hatterene\n|-damage|p1a: Hatterene|81\/238\n|-heal|p2a: Bellossom|108\/257|[from] drain|[of] p1a: Hatterene\n|\n|-heal|p2a: Bellossom|124\/257|[from] item: Leftovers\n|upkeep\n|turn|6\n|inactive|stopthreat has 90 seconds left.\n|\n|t:|1615526364\n|switch|p2a: Mantine|Mantine, L86, M|286\/286\n|move|p1a: Hatterene|Mystical Fire|p2a: Mantine\n|-resisted|p2a: Mantine\n|-damage|p2a: Mantine|256\/286\n|-unboost|p2a: Mantine|spa|1\n|-damage|p1a: Hatterene|58\/238|[from] item: Life Orb\n|\n|upkeep\n|turn|7\n|\n|t:|1615526379\n|move|p1a: Hatterene|Psychic|p2a: Mantine\n|-damage|p2a: Mantine|135\/286\n|-damage|p1a: Hatterene|35\/238|[from] item: Life Orb\n|move|p2a: Mantine|Scald|p1a: Hatterene\n|-damage|p1a: Hatterene|0 fnt\n|faint|p1a: Hatterene\n|\n|upkeep\n|inactive|stopthreat has 90 seconds left.\n|\n|t:|1615526394\n|switch|p1a: Octillery|Octillery, L86, M|269\/269\n|turn|8\n|inactive|Seenuft has 60 seconds left.\n|\n|t:|1615526414\n|switch|p2a: Bellossom|Bellossom, L82, F|124\/257\n|move|p1a: Octillery|Gunk Shot|p2a: Bellossom|[miss]\n|-miss|p1a: Octillery|p2a: Bellossom\n|\n|-heal|p2a: Bellossom|140\/257|[from] item: Leftovers\n|-fieldend|move: Trick Room\n|-ability|p1a: Octillery|Moody|boost\n|-boost|p1a: Octillery|spa|2\n|-unboost|p1a: Octillery|atk|1\n|upkeep\n|turn|9\n|inactive|Seenuft has 60 seconds left.\n|inactive|stopthreat has 90 seconds left.\n|\n|t:|1615526431\n|move|p2a: Bellossom|Sleep Powder|p1a: Octillery\n|-status|p1a: Octillery|slp|[from] move: Sleep Powder\n|cant|p1a: Octillery|slp\n|\n|-heal|p2a: Bellossom|156\/257|[from] item: Leftovers\n|-ability|p1a: Octillery|Moody|boost\n|-boost|p1a: Octillery|def|2\n|-unboost|p1a: Octillery|spd|1\n|upkeep\n|turn|10\n|inactive|Seenuft has 60 seconds left.\n|\n|t:|1615526454\n|move|p2a: Bellossom|Quiver Dance|p2a: Bellossom\n|-boost|p2a: Bellossom|spa|1\n|-boost|p2a: Bellossom|spd|1\n|-boost|p2a: Bellossom|spe|1\n|cant|p1a: Octillery|slp\n|\n|-heal|p2a: Bellossom|172\/257|[from] item: Leftovers\n|-ability|p1a: Octillery|Moody|boost\n|-boost|p1a: Octillery|spa|2\n|-unboost|p1a: Octillery|def|1\n|upkeep\n|turn|11\n|\n|t:|1615526472\n|move|p2a: Bellossom|Quiver Dance|p2a: Bellossom\n|-boost|p2a: Bellossom|spa|1\n|-boost|p2a: Bellossom|spd|1\n|-boost|p2a: Bellossom|spe|1\n|cant|p1a: Octillery|slp\n|\n|-heal|p2a: Bellossom|188\/257|[from] item: Leftovers\n|-ability|p1a: Octillery|Moody|boost\n|-boost|p1a: Octillery|def|2\n|-unboost|p1a: Octillery|spd|1\n|upkeep\n|turn|12\n|\n|t:|1615526487\n|move|p2a: Bellossom|Giga Drain|p1a: Octillery\n|-supereffective|p1a: Octillery\n|-damage|p1a: Octillery|0 fnt\n|-heal|p2a: Bellossom|257\/257|[from] drain|[of] p1a: Octillery\n|faint|p1a: Octillery\n|\n|upkeep\n|\n|t:|1615526491\n|switch|p1a: Aerodactyl|Aerodactyl, L82, M|265\/265\n|-ability|p1a: Aerodactyl|Unnerve|p2: Seenuft\n|turn|13\n|\n|t:|1615526508\n|-start|p1a: Aerodactyl|Dynamax\n|-heal|p1a: Aerodactyl|530\/530|[silent]\n|move|p1a: Aerodactyl|Max Airstream|p2a: Bellossom\n|-supereffective|p2a: Bellossom\n|-damage|p2a: Bellossom|3\/257\n|-boost|p1a: Aerodactyl|spe|1\n|move|p2a: Bellossom|Giga Drain|p1a: Aerodactyl\n|-damage|p1a: Aerodactyl|370\/530\n|-heal|p2a: Bellossom|83\/257|[from] drain|[of] p1a: Aerodactyl\n|\n|-heal|p2a: Bellossom|99\/257|[from] item: Leftovers\n|upkeep\n|turn|14\n|inactive|stopthreat has 120 seconds left.\n|inactive|Seenuft has 30 seconds left.\n|inactive|Seenuft has 20 seconds left.\n|inactive|Seenuft has 15 seconds left.\n|inactive|Seenuft has 10 seconds left.\n|\n|t:|1615526552\n|move|p1a: Aerodactyl|Max Airstream|p2a: Bellossom\n|-supereffective|p2a: Bellossom\n|-damage|p2a: Bellossom|0 fnt\n|-boost|p1a: Aerodactyl|spe|1\n|faint|p2a: Bellossom\n|\n|upkeep\n|inactive|Seenuft has 15 seconds left this turn.\n|inactive|Seenuft has 10 seconds left.\n|inactive|Seenuft has 5 seconds left.\n|\n|t:|1615526564\n|switch|p2a: Electivire|Electivire, L82, M|158\/257\n|turn|15\n|inactive|Seenuft has 15 seconds left this turn.\n|inactive|stopthreat has 120 seconds left.\n|inactive|Seenuft has 10 seconds left.\n|\n|t:|1615526571\n|move|p1a: Aerodactyl|Max Rockfall|p2a: Electivire\n|-damage|p2a: Electivire|0 fnt\n|-weather|Sandstorm\n|faint|p2a: Electivire\n|\n|-weather|Sandstorm|[upkeep]\n|-end|p1a: Aerodactyl|Dynamax\n|-heal|p1a: Aerodactyl|185\/265|[silent]\n|upkeep\n|inactive|Seenuft has 15 seconds left this turn.\n|inactive|Seenuft has 10 seconds left.\n|inactive|Seenuft has 5 seconds left.\n|\n|t:|1615526586\n|switch|p2a: Slurpuff|Slurpuff, L80, F|262\/262\n|turn|16\n|inactive|Seenuft has 15 seconds left this turn.\n|inactive|Seenuft has 10 seconds left.\n|inactive|Seenuft has 5 seconds left.\n|inactive|stopthreat has 120 seconds left.\n|\n|t:|1615526605\n|move|p1a: Aerodactyl|Stone Edge|p2a: Slurpuff\n|-damage|p2a: Slurpuff|153\/262\n|move|p2a: Slurpuff|Drain Punch|p1a: Aerodactyl\n|-damage|p1a: Aerodactyl|131\/265\n|-heal|p2a: Slurpuff|180\/262|[from] drain|[of] p1a: Aerodactyl\n|\n|-weather|Sandstorm|[upkeep]\n|-damage|p2a: Slurpuff|164\/262|[from] Sandstorm\n|upkeep\n|turn|17\n|inactive|Seenuft has 15 seconds left this turn.\n|inactive|Seenuft has 10 seconds left.\n|inactive|Seenuft has 5 seconds left.\n|\n|t:|1615526616\n|move|p1a: Aerodactyl|Earthquake|p2a: Slurpuff\n|-damage|p2a: Slurpuff|90\/262\n|move|p2a: Slurpuff|Play Rough|p1a: Aerodactyl\n|-damage|p1a: Aerodactyl|25\/265\n|\n|-weather|Sandstorm|[upkeep]\n|-damage|p2a: Slurpuff|74\/262|[from] Sandstorm\n|upkeep\n|turn|18\n|inactive|Seenuft has 15 seconds left this turn.\n|inactive|Seenuft has 10 seconds left.\n|inactive|Seenuft has 5 seconds left.\n|inactive|stopthreat has 120 seconds left.\n|\n|t:|1615526643\n|move|p1a: Aerodactyl|Stone Edge|p2a: Slurpuff\n|-damage|p2a: Slurpuff|0 fnt\n|faint|p2a: Slurpuff\n|\n|-weather|Sandstorm|[upkeep]\n|upkeep\n|inactive|Seenuft has 10 seconds left this turn.\n|inactive|Seenuft has 5 seconds left.\n|\n|t:|1615526652\n|switch|p2a: Mantine|Mantine, L86, M|135\/286\n|turn|19\n|inactive|Seenuft has 15 seconds left this turn.\n|inactive|stopthreat has 120 seconds left.\n|\n|t:|1615526667\n|move|p1a: Aerodactyl|Stone Edge|p2a: Mantine|[miss]\n|-miss|p1a: Aerodactyl|p2a: Mantine\n|move|p2a: Mantine|Scald|p1a: Aerodactyl\n|-supereffective|p1a: Aerodactyl\n|-damage|p1a: Aerodactyl|0 fnt\n|faint|p1a: Aerodactyl\n|\n|-weather|none\n|upkeep\n|inactive|Seenuft has 20 seconds left this turn.\n|\n|t:|1615526673\n|switch|p1a: Xurkitree|Xurkitree, L76|251\/251\n|turn|20\n|inactive|Seenuft has 30 seconds left this turn.\n|inactive|Seenuft has 20 seconds left.\n|inactive|Seenuft has 15 seconds left.\n|inactive|Seenuft has 10 seconds left.\n|\n|t:|1615526697\n|move|p2a: Mantine|Toxic|p1a: Xurkitree\n|-status|p1a: Xurkitree|tox\n|move|p1a: Xurkitree|Thunderbolt|p2a: Mantine\n|-supereffective|p2a: Mantine\n|-damage|p2a: Mantine|0 fnt\n|faint|p2a: Mantine\n|-ability|p1a: Xurkitree|Beast Boost|boost\n|-boost|p1a: Xurkitree|spa|1\n|\n|-damage|p1a: Xurkitree|236\/251 tox|[from] psn\n|upkeep\n|inactive|Seenuft has 15 seconds left this turn.\n|inactive|Seenuft has 10 seconds left.\n|\n|t:|1615526704\n|switch|p2a: Alakazam|Alakazam, L78, M|214\/214\n|turn|21\n|inactive|Seenuft has 20 seconds left this turn.\n|inactive|Seenuft has 15 seconds left.\n|inactive|Seenuft has 10 seconds left.\n|\n|t:|1615526714\n|-start|p2a: Alakazam|Dynamax\n|-heal|p2a: Alakazam|428\/428|[silent]\n|move|p2a: Alakazam|Max Guard|p2a: Alakazam\n|-singleturn|p2a: Alakazam|Max Guard\n|move|p1a: Xurkitree|Hypnosis|p2a: Alakazam\n|-activate|p2a: Alakazam|move: Max Guard\n|\n|-damage|p1a: Xurkitree|206\/251 tox|[from] psn\n|upkeep\n|turn|22\n|inactive|Seenuft has 20 seconds left this turn.\n|\n|t:|1615526730\n|move|p2a: Alakazam|Max Mindstorm|p1a: Xurkitree\n|-damage|p1a: Xurkitree|0 fnt\n|-fieldstart|move: Psychic Terrain\n|faint|p1a: Xurkitree\n|\n|upkeep\n|inactive|Seenuft has 25 seconds left this turn.\n|\n|t:|1615526733\n|switch|p1a: Regirock|Regirock, L84|272\/272\n|turn|23\n|inactive|Seenuft has 30 seconds left.\n|inactive|Seenuft has 20 seconds left.\n|inactive|Seenuft has 15 seconds left.\n|\n|t:|1615526758\n|-end|p2a: Alakazam|Dynamax\n|-heal|p2a: Alakazam|214\/214|[silent]\n|switch|p2a: Buzzwole|Buzzwole, L78|295\/295\n|move|p1a: Regirock|Rock Slide|p2a: Buzzwole\n|-damage|p2a: Buzzwole|231\/295\n|\n|upkeep\n|turn|24\n|inactive|Seenuft has 25 seconds left this turn.\n|inactive|Seenuft has 20 seconds left.\n|\n|t:|1615526779\n|move|p2a: Buzzwole|Close Combat|p1a: Regirock\n|-supereffective|p1a: Regirock\n|-damage|p1a: Regirock|36\/272\n|-unboost|p2a: Buzzwole|def|1\n|-unboost|p2a: Buzzwole|spd|1\n|move|p1a: Regirock|Rock Slide|p2a: Buzzwole\n|-damage|p2a: Buzzwole|135\/295\n|\n|upkeep\n|turn|25\n|inactive|Seenuft has 30 seconds left this turn.\n|\n|t:|1615526784\n|move|p2a: Buzzwole|Close Combat|p1a: Regirock\n|-supereffective|p1a: Regirock\n|-damage|p1a: Regirock|0 fnt\n|-unboost|p2a: Buzzwole|def|1\n|-unboost|p2a: Buzzwole|spd|1\n|faint|p1a: Regirock\n|-ability|p2a: Buzzwole|Beast Boost|boost\n|-boost|p2a: Buzzwole|atk|1\n|\n|upkeep\n|inactive|Seenuft has 30 seconds left this turn.\n|\n|t:|1615526787\n|switch|p1a: Hawlucha|Hawlucha, L80, M|231\/256\n|turn|26\n|\n|t:|1615526794\n|move|p1a: Hawlucha|Swords Dance|p1a: Hawlucha\n|-boost|p1a: Hawlucha|atk|2\n|move|p2a: Buzzwole|Close Combat|p1a: Hawlucha\n|-resisted|p1a: Hawlucha\n|-damage|p1a: Hawlucha|30\/256\n|-unboost|p2a: Buzzwole|def|1\n|-unboost|p2a: Buzzwole|spd|1\n|\n|-fieldend|move: Psychic Terrain\n|upkeep\n|turn|27\n|\n|t:|1615526799\n|move|p1a: Hawlucha|Brave Bird|p2a: Buzzwole\n|-supereffective|p2a: Buzzwole\n|-damage|p2a: Buzzwole|0 fnt\n|-damage|p1a: Hawlucha|0 fnt|[from] Recoil\n|faint|p2a: Buzzwole\n|faint|p1a: Hawlucha\n|\n|win|Seenuft\n|raw|stopthreat's rating: 1507 &rarr; <strong>1486<\/strong><br \/>(-21 for losing)\n|raw|Seenuft's rating: 1484 &rarr; <strong>1505<\/strong><br \/>(+21 for winning)\n|l|\u2606stopthreat\n|raw|stopthreat's rating: 1507 &rarr; <strong>1486<\/strong><br \/>(-21 for losing)\n|raw|Seenuft's rating: 1484 &rarr; <strong>1506<\/strong><br \/>(+22 for winning)\n","inputlog":">version 04f2e7d588c5542f69313a0aac63770d12fffa24\n>start {\"formatid\":\"gen8randombattle\",\"seed\":[41957,50929,53462,16800],\"rated\":\"Rated battle\"}\n>player p1 {\"name\":\"stopthreat\",\"avatar\":\"scientist-gen4dp\",\"team\":\"\",\"rating\":1527,\"seed\":[33835,21333,24895,64926]}\n>player p2 {\"name\":\"Seenuft\",\"avatar\":\"drayden\",\"team\":\"\",\"rating\":1484,\"seed\":[18322,61458,62876,12014]}\n>p1 switch 6\n>p2 move quiverdance\n>p1 move bravebird\n>p2 switch 3\n>p1 switch 4\n>p2 move wildcharge\n>p1 move trickroom\n>p2 switch 3\n>p1 move mysticalfire\n>p2 move gigadrain\n>p1 move mysticalfire\n>p2 switch 2\n>p1 move psychic\n>p2 move scald\n>p1 switch 3\n>p1 move gunkshot\n>p2 switch 2\n>p1 move gunkshot\n>p2 move sleeppowder\n>p1 move gunkshot\n>p2 move quiverdance\n>p1 move gunkshot\n>p2 move quiverdance\n>p1 move gunkshot\n>p2 move gigadrain\n>p1 switch 2\n>p1 move dualwingbeat dynamax\n>p2 move gigadrain\n>p1 move dualwingbeat dynamax\n>p2 move gigadrain\n>p2 switch 3\n>p1 move stoneedge dynamax\n>p2 move wildcharge\n>p2 switch 6\n>p1 move stoneedge\n>p2 move drainpunch\n>p1 move earthquake\n>p2 move playrough\n>p1 move stoneedge\n>p2 move playrough\n>p2 switch 2\n>p1 move stoneedge\n>p2 move scald\n>p1 switch 5\n>p1 move thunderbolt\n>p2 move toxic\n>p2 switch 5\n>p1 move hypnosis\n>p2 move nastyplot dynamax\n>p1 move thunderbolt\n>p2 move psychic dynamax\n>p1 switch 6\n>p1 move rockslide\n>p2 switch 4\n>p1 move rockslide\n>p2 move closecombat\n>p1 move rockslide\n>p2 move closecombat\n>p1 switch 4\n>p1 move swordsdance\n>p2 move closecombat\n>p1 move bravebird\n>p2 move closecombat","uploadtime":1615526868,"views":35,"p1id":"stopthreat","p2id":"seenuft","formatid":"gen8randombattle","rating":1486,"private":0,"password":null}