{"id":"gen81v1-1655823653","p1":"Meracx","p2":"Sabby60>!!>","format":"gen81v1","log":"|j|\u2606Meracx\n|j|\u2606Sabby60>!!>\n|inactive|Battle timer is ON: inactive players will automatically lose when time's up.\n|t:|1662292387\n|gametype|singles\n|player|p1|Meracx|thorton|\n|player|p2|Sabby60>!!>|hugh|\n|teamsize|p1|1\n|teamsize|p2|1\n|gen|8\n|tier|[Gen 8] 1v1\n|rated|Tournament battle\n|rule|Species Clause: Limit one of each Pok\u00e9mon\n|rule|OHKO Clause: OHKO moves are banned\n|rule|Evasion Moves Clause: Evasion moves are banned\n|rule|Accuracy Moves Clause: Accuracy-lowering moves are banned\n|rule|HP Percentage Mod: HP is shown in percentages\n|rule|Dynamax Clause: You cannot dynamax\n|rule|Endless Battle Clause: Forcing endless battles is banned\n|clearpoke\n|poke|p1|Zeraora|\n|poke|p2|Zeraora|\n|teampreview|1\n|j|*Lady Monita\n|c|\u2606Meracx|hf\n|\n|t:|1662292395\n|start\n|switch|p1a: Zeraora|Zeraora|100\/100\n|switch|p2a: Zeraora|Zeraora|100\/100\n|turn|1\n|j| Undefeated Alt\n|c|\u2606Sabby60>!!>|glhf\n|\n|t:|1662292398\n|move|p1a: Zeraora|Bulk Up|p1a: Zeraora\n|-boost|p1a: Zeraora|atk|1\n|-boost|p1a: Zeraora|def|1\n|move|p2a: Zeraora|Taunt|p1a: Zeraora\n|-start|p1a: Zeraora|move: Taunt\n|\n|upkeep\n|turn|2\n|j| Laperers\n|j| Darkside2906\n|\n|t:|1662292401\n|move|p1a: Zeraora|Drain Punch|p2a: Zeraora\n|-damage|p2a: Zeraora|71\/100\n|move|p2a: Zeraora|Bulk Up|p2a: Zeraora\n|-boost|p2a: Zeraora|atk|1\n|-boost|p2a: Zeraora|def|1\n|\n|upkeep\n|turn|3\n|j| TheSerotoninVibes\u2661\n|\n|t:|1662292405\n|move|p2a: Zeraora|Bulk Up|p2a: Zeraora\n|-boost|p2a: Zeraora|atk|1\n|-boost|p2a: Zeraora|def|1\n|move|p1a: Zeraora|Drain Punch|p2a: Zeraora\n|-damage|p2a: Zeraora|57\/100\n|\n|upkeep\n|turn|4\n|j| Arcanine1929\n|\n|t:|1662292410\n|move|p1a: Zeraora|Drain Punch|p2a: Zeraora\n|-damage|p2a: Zeraora|42\/100\n|move|p2a: Zeraora|Bulk Up|p2a: Zeraora\n|-boost|p2a: Zeraora|atk|1\n|-boost|p2a: Zeraora|def|1\n|\n|-end|p1a: Zeraora|move: Taunt\n|upkeep\n|turn|5\n|j| ETJX\n|\n|t:|1662292414\n|move|p1a: Zeraora|Bulk Up|p1a: Zeraora\n|-boost|p1a: Zeraora|atk|1\n|-boost|p1a: Zeraora|def|1\n|move|p2a: Zeraora|Drain Punch|p1a: Zeraora\n|-damage|p1a: Zeraora|74\/100\n|-heal|p2a: Zeraora|56\/100|[from] drain|[of] p1a: Zeraora\n|-damage|p2a: Zeraora|40\/100|[from] item: Rocky Helmet|[of] p1a: Zeraora\n|\n|upkeep\n|turn|6\n|l| TheSerotoninVibes\u2661\n|\n|t:|1662292417\n|move|p2a: Zeraora|Taunt|p1a: Zeraora\n|-start|p1a: Zeraora|move: Taunt\n|cant|p1a: Zeraora|move: Taunt|Bulk Up\n|\n|upkeep\n|turn|7\n|j| joelsd2005\n|\n|t:|1662292420\n|move|p1a: Zeraora|Drain Punch|p2a: Zeraora\n|-damage|p2a: Zeraora|25\/100\n|-heal|p1a: Zeraora|81\/100|[from] drain|[of] p2a: Zeraora\n|move|p2a: Zeraora|Bulk Up|p2a: Zeraora\n|-boost|p2a: Zeraora|atk|1\n|-boost|p2a: Zeraora|def|1\n|\n|upkeep\n|turn|8\n|\n|t:|1662292424\n|move|p2a: Zeraora|Rest|p2a: Zeraora\n|-status|p2a: Zeraora|slp|[from] move: Rest\n|-heal|p2a: Zeraora|100\/100 slp|[silent]\n|-enditem|p2a: Zeraora|Chesto Berry|[eat]\n|-curestatus|p2a: Zeraora|slp|[msg]\n|move|p1a: Zeraora|Drain Punch|p2a: Zeraora\n|-damage|p2a: Zeraora|88\/100\n|-heal|p1a: Zeraora|87\/100|[from] drain|[of] p2a: Zeraora\n|\n|-end|p1a: Zeraora|move: Taunt\n|upkeep\n|turn|9\n|\n|t:|1662292428\n|move|p1a: Zeraora|Bulk Up|p1a: Zeraora\n|-boost|p1a: Zeraora|atk|1\n|-boost|p1a: Zeraora|def|1\n|move|p2a: Zeraora|Taunt|p1a: Zeraora\n|-start|p1a: Zeraora|move: Taunt\n|\n|upkeep\n|turn|10\n|j| Odin22DeLyx\n|\n|t:|1662292430\n|move|p2a: Zeraora|Bulk Up|p2a: Zeraora\n|-boost|p2a: Zeraora|atk|1\n|-boost|p2a: Zeraora|def|1\n|move|p1a: Zeraora|Drain Punch|p2a: Zeraora\n|-damage|p2a: Zeraora|73\/100\n|-heal|p1a: Zeraora|93\/100|[from] drain|[of] p2a: Zeraora\n|\n|upkeep\n|turn|11\n|\n|t:|1662292432\n|move|p2a: Zeraora|Bulk Up|p2a: Zeraora\n|-boost|p2a: Zeraora|atk|1\n|-boost|p2a: Zeraora|def|1\n|move|p1a: Zeraora|Drain Punch|p2a: Zeraora\n|-damage|p2a: Zeraora|60\/100\n|-heal|p1a: Zeraora|99\/100|[from] drain|[of] p2a: Zeraora\n|\n|upkeep\n|turn|12\n|\n|t:|1662292436\n|move|p1a: Zeraora|Drain Punch|p2a: Zeraora\n|-damage|p2a: Zeraora|49\/100\n|-heal|p1a: Zeraora|100\/100|[from] drain|[of] p2a: Zeraora\n|move|p2a: Zeraora|Drain Punch|p1a: Zeraora\n|-damage|p1a: Zeraora|66\/100\n|-heal|p2a: Zeraora|68\/100|[from] drain|[of] p1a: Zeraora\n|-damage|p2a: Zeraora|51\/100|[from] item: Rocky Helmet|[of] p1a: Zeraora\n|\n|-end|p1a: Zeraora|move: Taunt\n|upkeep\n|turn|13\n|\n|t:|1662292443\n|move|p1a: Zeraora|Bulk Up|p1a: Zeraora\n|-boost|p1a: Zeraora|atk|1\n|-boost|p1a: Zeraora|def|1\n|move|p2a: Zeraora|Taunt|p1a: Zeraora\n|-start|p1a: Zeraora|move: Taunt\n|\n|upkeep\n|turn|14\n|\n|t:|1662292446\n|move|p2a: Zeraora|Drain Punch|p1a: Zeraora\n|-damage|p1a: Zeraora|38\/100\n|-heal|p2a: Zeraora|67\/100|[from] drain|[of] p1a: Zeraora\n|-damage|p2a: Zeraora|50\/100|[from] item: Rocky Helmet|[of] p1a: Zeraora\n|move|p1a: Zeraora|Drain Punch|p2a: Zeraora\n|-damage|p2a: Zeraora|36\/100\n|-heal|p1a: Zeraora|44\/100|[from] drain|[of] p2a: Zeraora\n|\n|upkeep\n|turn|15\n|j| CakeyShowdown\n|j| LE_faux_chien\n|\n|t:|1662292455\n|move|p2a: Zeraora|Drain Punch|p1a: Zeraora\n|-damage|p1a: Zeraora|16\/100\n|-heal|p2a: Zeraora|52\/100|[from] drain|[of] p1a: Zeraora\n|-damage|p2a: Zeraora|35\/100|[from] item: Rocky Helmet|[of] p1a: Zeraora\n|move|p1a: Zeraora|Drain Punch|p2a: Zeraora\n|-damage|p2a: Zeraora|19\/100\n|-heal|p1a: Zeraora|23\/100|[from] drain|[of] p2a: Zeraora\n|\n|upkeep\n|turn|16\n|\n|t:|1662292463\n|move|p1a: Zeraora|Drain Punch|p2a: Zeraora\n|-damage|p2a: Zeraora|4\/100\n|-heal|p1a: Zeraora|30\/100|[from] drain|[of] p2a: Zeraora\n|move|p2a: Zeraora|Drain Punch|p1a: Zeraora\n|-damage|p1a: Zeraora|6\/100\n|-heal|p2a: Zeraora|17\/100|[from] drain|[of] p1a: Zeraora\n|-damage|p2a: Zeraora|1\/100|[from] item: Rocky Helmet|[of] p1a: Zeraora\n|\n|-end|p1a: Zeraora|move: Taunt\n|upkeep\n|turn|17\n|j| Dragon Slayer Ash\n|l| joelsd2005\n|\n|t:|1662292468\n|move|p1a: Zeraora|Drain Punch|p2a: Zeraora\n|-crit|p2a: Zeraora\n|-damage|p2a: Zeraora|0 fnt\n|-heal|p1a: Zeraora|6\/100|[from] drain|[of] p2a: Zeraora\n|faint|p2a: Zeraora\n|\n|win|Meracx\n|n|\u2606Meracx|meracx\n|n|\u2606Sabby60>!!>|sabby60\n|n|*Lady Monita|ladymonita\n|n| Undefeated Alt|undefeatedalt\n|n| Laperers|laperers\n|n| Darkside2906|darkside2906\n|n| Arcanine1929|arcanine1929\n|n| ETJX|etjx\n|n| Odin22DeLyx|odin22delyx\n|n| CakeyShowdown|cakeyshowdown\n|n| LE_faux_chien|lefauxchien\n|n| Dragon Slayer Ash|dragonslayerash\n","uploadtime":1662292469,"views":5,"p1id":"meracx","p2id":"sabby60","formatid":"gen81v1","rating":0,"private":0,"password":null}