{"id":"gen8battlefactory-1667372800","p1":"GeoPongues","p2":"Sww-Suwa","format":"gen8battlefactory","log":"|j|\u2606GeoPongues\n|j|\u2606Sww-Suwa\n|inactive|Battle timer is ON: inactive players will automatically lose when time's up.\n|t:|1663516899\n|gametype|singles\n|player|p1|GeoPongues|palmer|\n|player|p2|Sww-Suwa|mina-lgpe|\n|teamsize|p1|6\n|teamsize|p2|6\n|gen|8\n|tier|[Gen 8] Battle Factory\n|rated|Tournament battle\n|rule|Sleep Clause Mod: Limit one foe put to sleep\n|rule|Species Clause: Limit one of each Pok\u00e9mon\n|rule|OHKO Clause: OHKO moves are banned\n|rule|Evasion Items Clause: Evasion items are banned\n|rule|Evasion Moves Clause: Evasion moves are banned\n|rule|Endless Battle Clause: Forcing endless battles is banned\n|rule|HP Percentage Mod: HP is shown in percentages\n|rule|Dynamax Clause: You cannot dynamax\n|clearpoke\n|poke|p1|Klefki, M|\n|poke|p1|Vaporeon, M|\n|poke|p1|Talonflame, M|\n|poke|p1|Lucario, M|\n|poke|p1|Rotom-Mow|\n|poke|p1|Cloyster, F|\n|poke|p2|Bronzong|\n|poke|p2|Gardevoir, F|\n|poke|p2|Snorlax, F|\n|poke|p2|Tsareena, F|\n|poke|p2|Jellicent, M|\n|poke|p2|Gastrodon, M|\n|teampreview\n|inactive|GeoPongues also wants the timer to be on.\n|c|\u2606Sww-Suwa|hf\n|inactive|Sww-Suwa has 120 seconds left.\n|c|\u2606Sww-Suwa|cloyster is nu?\n|c|\u2606Sww-Suwa|tf\n|j| TheNewBrends11@!\n|inactive|Sww-Suwa has 90 seconds left.\n|j| Grewt\n|\n|t:|1663516971\n|start\n|switch|p1a: Klefki|Klefki, M|318\/318\n|switch|p2a: Bronzong|Bronzong|338\/338\n|turn|1\n|j| Rubiaa\n|\n|t:|1663516984\n|move|p1a: Klefki|Spikes|p2a: Bronzong\n|-sidestart|p2: Sww-Suwa|Spikes\n|move|p2a: Bronzong|Earthquake|p1a: Klefki\n|-supereffective|p1a: Klefki\n|-damage|p1a: Klefki|162\/318\n|\n|-heal|p1a: Klefki|181\/318|[from] item: Leftovers\n|upkeep\n|turn|2\n|\n|t:|1663516990\n|switch|p1a: Rotom|Rotom-Mow|241\/241\n|move|p2a: Bronzong|Stealth Rock|p1a: Rotom\n|-sidestart|p1: GeoPongues|move: Stealth Rock\n|\n|upkeep\n|turn|3\n|j| qxfn143\n|\n|t:|1663516999\n|move|p1a: Rotom|Volt Switch|p2a: Bronzong\n|-damage|p2a: Bronzong|266\/338\n|\n|t:|1663517002\n|switch|p1a: Vaporeon|Vaporeon, M|464\/464\n|-damage|p1a: Vaporeon|406\/464|[from] Stealth Rock\n|move|p2a: Bronzong|Toxic|p1a: Vaporeon\n|-status|p1a: Vaporeon|tox\n|\n|-heal|p1a: Vaporeon|435\/464 tox|[from] item: Leftovers\n|-heal|p2a: Bronzong|287\/338|[from] item: Leftovers\n|-damage|p1a: Vaporeon|406\/464 tox|[from] psn\n|upkeep\n|turn|4\n|l| qxfn143\n|\n|t:|1663517008\n|switch|p2a: Jellicent|Jellicent, M|404\/404\n|-damage|p2a: Jellicent|354\/404|[from] Spikes\n|move|p1a: Vaporeon|Wish|p1a: Vaporeon\n|\n|-heal|p2a: Jellicent|379\/404|[from] item: Leftovers\n|-heal|p1a: Vaporeon|435\/464 tox|[from] item: Leftovers\n|-damage|p1a: Vaporeon|377\/464 tox|[from] psn\n|upkeep\n|turn|5\n|\n|t:|1663517016\n|switch|p1a: Klefki|Klefki, M|181\/318\n|-damage|p1a: Klefki|162\/318|[from] Stealth Rock\n|move|p2a: Jellicent|Taunt|p1a: Klefki\n|-start|p1a: Klefki|move: Taunt\n|\n|-heal|p1a: Klefki|318\/318|[from] move: Wish|[wisher] Vaporeon\n|-heal|p2a: Jellicent|404\/404|[from] item: Leftovers\n|upkeep\n|turn|6\n|\n|t:|1663517023\n|switch|p2a: Tsareena|Tsareena, F|286\/286\n|move|p1a: Klefki|Dazzling Gleam|p2a: Tsareena\n|-damage|p2a: Tsareena|204\/286\n|\n|upkeep\n|turn|7\n|\n|t:|1663517029\n|switch|p1a: Rotom|Rotom-Mow|241\/241\n|-damage|p1a: Rotom|211\/241|[from] Stealth Rock\n|move|p2a: Tsareena|Rapid Spin|p1a: Rotom\n|-damage|p1a: Rotom|162\/241\n|-boost|p2a: Tsareena|spe|1\n|-sideend|p2: Sww-Suwa|Spikes|[from] move: Rapid Spin|[of] p2a: Tsareena\n|\n|upkeep\n|turn|8\n|\n|t:|1663517035\n|move|p1a: Rotom|Volt Switch|p2a: Tsareena\n|-resisted|p2a: Tsareena\n|-damage|p2a: Tsareena|150\/286\n|\n|t:|1663517038\n|switch|p1a: Talonflame|Talonflame, M|301\/301\n|move|p2a: Tsareena|Triple Axel|p1a: Talonflame\n|-damage|p1a: Talonflame|270\/301\n|-damage|p1a: Talonflame|207\/301\n|-damage|p1a: Talonflame|115\/301\n|-hitcount|p1a: Talonflame|3\n|\n|upkeep\n|turn|9\n|\n|t:|1663517056\n|move|p2a: Tsareena|Knock Off|p1a: Talonflame\n|-damage|p1a: Talonflame|0 fnt\n|-status|p2a: Tsareena|brn|[from] ability: Flame Body|[of] p1a: Talonflame\n|-enditem|p1a: Talonflame|Heavy-Duty Boots|[from] move: Knock Off|[of] p2a: Tsareena\n|faint|p1a: Talonflame\n|\n|-damage|p2a: Tsareena|133\/286 brn|[from] brn\n|upkeep\n|\n|t:|1663517059\n|switch|p1a: Lucario|Lucario, M|282\/282\n|-damage|p1a: Lucario|274\/282|[from] Stealth Rock\n|turn|10\n|\n|t:|1663517063\n|switch|p2a: Jellicent|Jellicent, M|404\/404\n|move|p1a: Lucario|Swords Dance|p1a: Lucario\n|-boost|p1a: Lucario|atk|2\n|\n|upkeep\n|turn|11\n|\n|t:|1663517071\n|switch|p1a: Klefki|Klefki, M|318\/318\n|-damage|p1a: Klefki|299\/318|[from] Stealth Rock\n|move|p2a: Jellicent|Will-O-Wisp|p1a: Klefki\n|-status|p1a: Klefki|brn\n|\n|-heal|p1a: Klefki|318\/318 brn|[from] item: Leftovers\n|-damage|p1a: Klefki|299\/318 brn|[from] brn\n|upkeep\n|turn|12\n|\n|t:|1663517077\n|move|p1a: Klefki|Spikes|p2a: Jellicent\n|-sidestart|p2: Sww-Suwa|Spikes\n|move|p2a: Jellicent|Hex|p1a: Klefki\n|-damage|p1a: Klefki|194\/318 brn\n|\n|-heal|p1a: Klefki|213\/318 brn|[from] item: Leftovers\n|-damage|p1a: Klefki|194\/318 brn|[from] brn\n|upkeep\n|turn|13\n|\n|t:|1663517081\n|switch|p2a: Tsareena|Tsareena, F|133\/286 brn\n|move|p1a: Klefki|Toxic||[still]\n|cant|p2a: Tsareena|ability: Queenly Majesty|Toxic|[of] p1a: Klefki\n|\n|-heal|p1a: Klefki|213\/318 brn|[from] item: Leftovers\n|-damage|p2a: Tsareena|116\/286 brn|[from] brn\n|-damage|p1a: Klefki|194\/318 brn|[from] brn\n|upkeep\n|turn|14\n|\n|t:|1663517083\n|move|p2a: Tsareena|Rapid Spin|p1a: Klefki\n|-resisted|p1a: Klefki\n|-damage|p1a: Klefki|180\/318 brn\n|-boost|p2a: Tsareena|spe|1\n|-sideend|p2: Sww-Suwa|Spikes|[from] move: Rapid Spin|[of] p2a: Tsareena\n|move|p1a: Klefki|Dazzling Gleam|p2a: Tsareena\n|-damage|p2a: Tsareena|40\/286 brn\n|\n|-heal|p1a: Klefki|199\/318 brn|[from] item: Leftovers\n|-damage|p2a: Tsareena|23\/286 brn|[from] brn\n|-damage|p1a: Klefki|180\/318 brn|[from] brn\n|upkeep\n|turn|15\n|\n|t:|1663517105\n|switch|p2a: Bronzong|Bronzong|287\/338\n|move|p1a: Klefki|Spikes|p2a: Bronzong\n|-sidestart|p2: Sww-Suwa|Spikes\n|\n|-heal|p1a: Klefki|199\/318 brn|[from] item: Leftovers\n|-heal|p2a: Bronzong|308\/338|[from] item: Leftovers\n|-damage|p1a: Klefki|180\/318 brn|[from] brn\n|upkeep\n|turn|16\n|\n|t:|1663517128\n|switch|p1a: Vaporeon|Vaporeon, M|377\/464 tox\n|-damage|p1a: Vaporeon|319\/464 tox|[from] Stealth Rock\n|move|p2a: Bronzong|Heavy Slam|p1a: Vaporeon\n|-resisted|p1a: Vaporeon\n|-damage|p1a: Vaporeon|252\/464 tox\n|\n|-heal|p1a: Vaporeon|281\/464 tox|[from] item: Leftovers\n|-heal|p2a: Bronzong|329\/338|[from] item: Leftovers\n|-damage|p1a: Vaporeon|252\/464 tox|[from] psn\n|upkeep\n|turn|17\n|\n|t:|1663517136\n|switch|p2a: Gardevoir|Gardevoir, F|278\/278\n|-damage|p2a: Gardevoir|244\/278|[from] Spikes\n|-ability|p2a: Gardevoir|Water Absorb|[from] ability: Trace|[of] p1a: Vaporeon\n|move|p1a: Vaporeon|Heal Bell|p1a: Vaporeon\n|-activate|p1a: Vaporeon|move: Heal Bell\n|-curestatus|p1a: Vaporeon|tox|[msg]\n|-curestatus|p1: Klefki|brn|[msg]\n|\n|-heal|p1a: Vaporeon|281\/464|[from] item: Leftovers\n|upkeep\n|turn|18\n|\n|t:|1663517143\n|move|p1a: Vaporeon|Protect|p1a: Vaporeon\n|-singleturn|p1a: Vaporeon|Protect\n|move|p2a: Gardevoir|Psychic|p1a: Vaporeon\n|-activate|p1a: Vaporeon|move: Protect\n|\n|-heal|p1a: Vaporeon|310\/464|[from] item: Leftovers\n|upkeep\n|turn|19\n|\n|t:|1663517146\n|move|p2a: Gardevoir|Psychic|p1a: Vaporeon\n|-damage|p1a: Vaporeon|69\/464\n|move|p1a: Vaporeon|Wish|p1a: Vaporeon\n|\n|-heal|p1a: Vaporeon|98\/464|[from] item: Leftovers\n|upkeep\n|turn|20\n|\n|t:|1663517150\n|move|p1a: Vaporeon|Protect|p1a: Vaporeon\n|-singleturn|p1a: Vaporeon|Protect\n|move|p2a: Gardevoir|Psychic|p1a: Vaporeon\n|-activate|p1a: Vaporeon|move: Protect\n|\n|-heal|p1a: Vaporeon|330\/464|[from] move: Wish|[wisher] Vaporeon\n|-heal|p1a: Vaporeon|359\/464|[from] item: Leftovers\n|upkeep\n|turn|21\n|\n|t:|1663517152\n|move|p2a: Gardevoir|Psychic|p1a: Vaporeon\n|-damage|p1a: Vaporeon|133\/464\n|move|p1a: Vaporeon|Wish|p1a: Vaporeon\n|\n|-heal|p1a: Vaporeon|162\/464|[from] item: Leftovers\n|upkeep\n|turn|22\n|\n|t:|1663517156\n|move|p1a: Vaporeon|Protect|p1a: Vaporeon\n|-singleturn|p1a: Vaporeon|Protect\n|move|p2a: Gardevoir|Psychic|p1a: Vaporeon\n|-activate|p1a: Vaporeon|move: Protect\n|\n|-heal|p1a: Vaporeon|394\/464|[from] move: Wish|[wisher] Vaporeon\n|-heal|p1a: Vaporeon|423\/464|[from] item: Leftovers\n|upkeep\n|turn|23\n|\n|t:|1663517158\n|move|p2a: Gardevoir|Psychic|p1a: Vaporeon\n|-damage|p1a: Vaporeon|179\/464\n|move|p1a: Vaporeon|Wish|p1a: Vaporeon\n|\n|-heal|p1a: Vaporeon|208\/464|[from] item: Leftovers\n|upkeep\n|turn|24\n|\n|t:|1663517161\n|move|p1a: Vaporeon|Protect|p1a: Vaporeon\n|-singleturn|p1a: Vaporeon|Protect\n|move|p2a: Gardevoir|Psychic|p1a: Vaporeon\n|-activate|p1a: Vaporeon|move: Protect\n|\n|-heal|p1a: Vaporeon|440\/464|[from] move: Wish|[wisher] Vaporeon\n|-heal|p1a: Vaporeon|464\/464|[from] item: Leftovers\n|upkeep\n|turn|25\n|\n|t:|1663517162\n|move|p2a: Gardevoir|Psychic|p1a: Vaporeon\n|-damage|p1a: Vaporeon|224\/464\n|-unboost|p1a: Vaporeon|spd|1\n|move|p1a: Vaporeon|Wish|p1a: Vaporeon\n|\n|-heal|p1a: Vaporeon|253\/464|[from] item: Leftovers\n|upkeep\n|turn|26\n|\n|t:|1663517165\n|switch|p1a: Klefki|Klefki, M|180\/318\n|-damage|p1a: Klefki|161\/318|[from] Stealth Rock\n|move|p2a: Gardevoir|Psychic|p1a: Klefki\n|-resisted|p1a: Klefki\n|-damage|p1a: Klefki|76\/318\n|\n|-heal|p1a: Klefki|308\/318|[from] move: Wish|[wisher] Vaporeon\n|-heal|p1a: Klefki|318\/318|[from] item: Leftovers\n|upkeep\n|turn|27\n|\n|t:|1663517170\n|switch|p2a: Tsareena|Tsareena, F|23\/286 brn\n|move|p1a: Klefki|Spikes|p2a: Tsareena\n|-sidestart|p2: Sww-Suwa|Spikes\n|\n|-damage|p2a: Tsareena|6\/286 brn|[from] brn\n|upkeep\n|turn|28\n|\n|t:|1663517173\n|move|p1a: Klefki|Spikes|p2a: Tsareena\n|-sidestart|p2: Sww-Suwa|Spikes\n|move|p2a: Tsareena|Rapid Spin|p1a: Klefki\n|-resisted|p1a: Klefki\n|-damage|p1a: Klefki|303\/318\n|-boost|p2a: Tsareena|spe|1\n|-sideend|p2: Sww-Suwa|Spikes|[from] move: Rapid Spin|[of] p2a: Tsareena\n|\n|-heal|p1a: Klefki|318\/318|[from] item: Leftovers\n|-damage|p2a: Tsareena|0 fnt|[from] brn\n|faint|p2a: Tsareena\n|upkeep\n|\n|t:|1663517180\n|switch|p2a: Snorlax|Snorlax, F|513\/513\n|turn|29\n|\n|t:|1663517184\n|switch|p1a: Lucario|Lucario, M|274\/282\n|-damage|p1a: Lucario|266\/282|[from] Stealth Rock\n|move|p2a: Snorlax|Curse|p2a: Snorlax\n|-unboost|p2a: Snorlax|spe|1\n|-boost|p2a: Snorlax|atk|1\n|-boost|p2a: Snorlax|def|1\n|\n|upkeep\n|turn|30\n|j| Dr. Red UwU\n|inactive|Sww-Suwa has 120 seconds left.\n|\n|t:|1663517227\n|switch|p1a: Rotom|Rotom-Mow|162\/241\n|-damage|p1a: Rotom|132\/241|[from] Stealth Rock\n|move|p2a: Snorlax|Earthquake|p1a: Rotom\n|-immune|p1a: Rotom|[from] ability: Levitate\n|\n|upkeep\n|turn|31\n|\n|t:|1663517232\n|move|p1a: Rotom|Trick|p2a: Snorlax\n|-activate|p1a: Rotom|move: Trick|[of] p2a: Snorlax\n|-item|p2a: Snorlax|Choice Scarf|[from] move: Trick\n|-item|p1a: Rotom|Leftovers|[from] move: Trick\n|move|p2a: Snorlax|Body Slam|p1a: Rotom\n|-damage|p1a: Rotom|0 fnt\n|faint|p1a: Rotom\n|\n|upkeep\n|\n|t:|1663517236\n|switch|p1a: Lucario|Lucario, M|266\/282\n|-damage|p1a: Lucario|258\/282|[from] Stealth Rock\n|turn|32\n|\n|t:|1663517241\n|switch|p1a: Klefki|Klefki, M|318\/318\n|-damage|p1a: Klefki|299\/318|[from] Stealth Rock\n|move|p2a: Snorlax|Body Slam|p1a: Klefki\n|-resisted|p1a: Klefki\n|-damage|p1a: Klefki|216\/318\n|\n|-heal|p1a: Klefki|235\/318|[from] item: Leftovers\n|upkeep\n|turn|33\n|\n|t:|1663517254\n|switch|p2a: Bronzong|Bronzong|329\/338\n|move|p1a: Klefki|Spikes|p2a: Bronzong\n|-sidestart|p2: Sww-Suwa|Spikes\n|\n|-heal|p1a: Klefki|254\/318|[from] item: Leftovers\n|-heal|p2a: Bronzong|338\/338|[from] item: Leftovers\n|upkeep\n|turn|34\n|\n|t:|1663517256\n|move|p1a: Klefki|Spikes|p2a: Bronzong\n|-sidestart|p2: Sww-Suwa|Spikes\n|move|p2a: Bronzong|Earthquake|p1a: Klefki\n|-supereffective|p1a: Klefki\n|-damage|p1a: Klefki|98\/318\n|\n|-heal|p1a: Klefki|117\/318|[from] item: Leftovers\n|upkeep\n|turn|35\n|\n|t:|1663517265\n|move|p1a: Klefki|Spikes|p2a: Bronzong\n|-sidestart|p2: Sww-Suwa|Spikes\n|move|p2a: Bronzong|Earthquake|p1a: Klefki\n|-supereffective|p1a: Klefki\n|-damage|p1a: Klefki|0 fnt\n|faint|p1a: Klefki\n|\n|upkeep\n|\n|t:|1663517268\n|switch|p1a: Lucario|Lucario, M|258\/282\n|-damage|p1a: Lucario|250\/282|[from] Stealth Rock\n|turn|36\n|\n|t:|1663517275\n|switch|p2a: Snorlax|Snorlax, F|513\/513\n|-damage|p2a: Snorlax|385\/513|[from] Spikes\n|move|p1a: Lucario|Swords Dance|p1a: Lucario\n|-boost|p1a: Lucario|atk|2\n|\n|upkeep\n|turn|37\n|\n|t:|1663517281\n|move|p1a: Lucario|Meteor Mash|p2a: Snorlax\n|-damage|p2a: Snorlax|0 fnt\n|-boost|p1a: Lucario|atk|1\n|faint|p2a: Snorlax\n|-damage|p1a: Lucario|222\/282|[from] item: Life Orb\n|\n|upkeep\n|\n|t:|1663517284\n|switch|p2a: Jellicent|Jellicent, M|404\/404\n|-damage|p2a: Jellicent|303\/404|[from] Spikes\n|turn|38\n|\n|t:|1663517286\n|move|p1a: Lucario|Meteor Mash|p2a: Jellicent\n|-resisted|p2a: Jellicent\n|-damage|p2a: Jellicent|77\/404\n|-damage|p1a: Lucario|194\/282|[from] item: Life Orb\n|move|p2a: Jellicent|Will-O-Wisp|p1a: Lucario\n|-status|p1a: Lucario|brn\n|\n|-heal|p2a: Jellicent|102\/404|[from] item: Leftovers\n|-damage|p1a: Lucario|177\/282 brn|[from] brn\n|upkeep\n|turn|39\n|\n|t:|1663517295\n|move|p1a: Lucario|Meteor Mash|p2a: Jellicent\n|-resisted|p2a: Jellicent\n|-crit|p2a: Jellicent\n|-damage|p2a: Jellicent|0 fnt\n|faint|p2a: Jellicent\n|-damage|p1a: Lucario|149\/282 brn|[from] item: Life Orb\n|\n|-damage|p1a: Lucario|132\/282 brn|[from] brn\n|upkeep\n|\n|t:|1663517305\n|switch|p2a: Bronzong|Bronzong|338\/338\n|turn|40\n|\n|t:|1663517313\n|move|p1a: Lucario|Close Combat|p2a: Bronzong\n|-damage|p2a: Bronzong|66\/338\n|-unboost|p1a: Lucario|def|1\n|-unboost|p1a: Lucario|spd|1\n|-damage|p1a: Lucario|104\/282 brn|[from] item: Life Orb\n|move|p2a: Bronzong|Earthquake|p1a: Lucario\n|-supereffective|p1a: Lucario\n|-damage|p1a: Lucario|0 fnt\n|faint|p1a: Lucario\n|\n|-heal|p2a: Bronzong|87\/338|[from] item: Leftovers\n|upkeep\n|\n|t:|1663517317\n|switch|p1a: Cloyster|Cloyster, F|242\/242\n|-damage|p1a: Cloyster|182\/242|[from] Stealth Rock\n|turn|41\n|\n|t:|1663517325\n|move|p1a: Cloyster|Shell Smash|p1a: Cloyster\n|-unboost|p1a: Cloyster|def|1\n|-unboost|p1a: Cloyster|spd|1\n|-boost|p1a: Cloyster|atk|2\n|-boost|p1a: Cloyster|spa|2\n|-boost|p1a: Cloyster|spe|2\n|move|p2a: Bronzong|Toxic|p1a: Cloyster\n|-status|p1a: Cloyster|tox\n|\n|-heal|p2a: Bronzong|108\/338|[from] item: Leftovers\n|-damage|p1a: Cloyster|167\/242 tox|[from] psn\n|upkeep\n|turn|42\n|\n|t:|1663517331\n|move|p1a: Cloyster|Icicle Spear|p2a: Bronzong\n|-resisted|p2a: Bronzong\n|-damage|p2a: Bronzong|61\/338\n|-resisted|p2a: Bronzong\n|-damage|p2a: Bronzong|17\/338\n|-resisted|p2a: Bronzong\n|-damage|p2a: Bronzong|0 fnt\n|faint|p2a: Bronzong\n|-hitcount|p2: Bronzong|3\n|-damage|p1a: Cloyster|143\/242 tox|[from] item: Life Orb\n|\n|-damage|p1a: Cloyster|113\/242 tox|[from] psn\n|upkeep\n|\n|t:|1663517338\n|switch|p2a: Gastrodon|Gastrodon, M|426\/426\n|-damage|p2a: Gastrodon|320\/426|[from] Spikes\n|turn|43\n|\n|t:|1663517341\n|move|p1a: Cloyster|Icicle Spear|p2a: Gastrodon\n|-damage|p2a: Gastrodon|229\/426\n|-damage|p2a: Gastrodon|135\/426\n|-damage|p2a: Gastrodon|32\/426\n|-damage|p2a: Gastrodon|0 fnt\n|faint|p2a: Gastrodon\n|-hitcount|p2: Gastrodon|4\n|-damage|p1a: Cloyster|89\/242 tox|[from] item: Life Orb\n|\n|-damage|p1a: Cloyster|44\/242 tox|[from] psn\n|upkeep\n|\n|t:|1663517343\n|switch|p2a: Gardevoir|Gardevoir, F|244\/278\n|-damage|p2a: Gardevoir|175\/278|[from] Spikes\n|-ability|p2a: Gardevoir|Skill Link|[from] ability: Trace|[of] p1a: Cloyster\n|turn|44\n|c|\u2606Sww-Suwa|gg\n|c|\u2606GeoPongues|Gg\n|\n|t:|1663517352\n|move|p1a: Cloyster|Icicle Spear|p2a: Gardevoir\n|-damage|p2a: Gardevoir|35\/278\n|-damage|p2a: Gardevoir|0 fnt\n|faint|p2a: Gardevoir\n|-hitcount|p2: Gardevoir|2\n|-damage|p1a: Cloyster|20\/242 tox|[from] item: Life Orb\n|\n|win|GeoPongues\n|n|\u2606GeoPongues|geopongues\n|n|\u2606Sww-Suwa|swwsuwa\n|n| TheNewBrends11@!|thenewbrends11\n|n| Grewt|grewt\n|n| Rubiaa|rubiaa\n|n| Dr. Red UwU|drreduwu\n|l|\u2606Sww-Suwa\n|l|\u2606GeoPongues\n|l| Rubiaa\n","uploadtime":1663517618,"views":9,"p1id":"geopongues","p2id":"swwsuwa","formatid":"gen8battlefactory","rating":0,"private":0,"password":null}