{"id":"gen8nationaldexag-1148523475","p1":"Blue chen","p2":"fighter-noddy","format":"gen8nationaldexag","log":"|j|\u2606Blue chen\n|j|\u2606fighter-noddy\n|player|p1|Blue chen|karen|1769\n|player|p2|fighter-noddy|acetrainersnow|1567\n|teamsize|p1|6\n|teamsize|p2|6\n|gametype|singles\n|gen|8\n|tier|[Gen 8] National Dex AG\n|rated|\n|clearpoke\n|poke|p1|Zygarde|\n|poke|p1|Zygarde|\n|poke|p1|Necrozma-Dusk-Mane|\n|poke|p1|Groudon|\n|poke|p1|Eternatus|\n|poke|p1|Yveltal|\n|poke|p2|Rayquaza|\n|poke|p2|Groudon|\n|poke|p2|Kyogre|\n|poke|p2|Arceus-*|\n|poke|p2|Xerneas|\n|poke|p2|Zekrom|\n|rule|HP Percentage Mod: HP is shown in percentages\n|rule|Endless Battle Clause: Forcing endless battles is banned\n|teampreview\n|inactive|Battle timer is ON: inactive players will automatically lose when time's up. (requested by fighter-noddy)\n|\n|start\n|switch|p1a: Eternatus|Eternatus|100\/100\n|switch|p2a: Phoebe|Kyogre|100\/100\n|-ability|p1a: Eternatus|Pressure\n|detailschange|p2a: Phoebe|Kyogre-Primal\n|-primal|p2a: Phoebe\n|-weather|PrimordialSea|[from] ability: Primordial Sea|[of] p2a: Phoebe\n|turn|1\n|\n|move|p1a: Eternatus|Toxic Spikes|p2a: Phoebe\n|-sidestart|p2: fighter-noddy|move: Toxic Spikes\n|move|p2a: Phoebe|Ice Beam|p1a: Eternatus\n|-supereffective|p1a: Eternatus\n|-damage|p1a: Eternatus|29\/100\n|\n|-weather|PrimordialSea|[upkeep]\n|-heal|p1a: Eternatus|35\/100|[from] item: Black Sludge\n|upkeep\n|turn|2\n|\n|switch|p1a: Groudon|Groudon|100\/100\n|detailschange|p1a: Groudon|Groudon-Primal\n|-primal|p1a: Groudon\n|-weather|DesolateLand|[from] ability: Desolate Land|[of] p1a: Groudon\n|move|p2a: Phoebe|Ice Beam|p1a: Groudon\n|-damage|p1a: Groudon|62\/100\n|\n|-weather|DesolateLand|[upkeep]\n|upkeep\n|turn|3\n|\n|switch|p2a: Monica|Rayquaza|100\/100\n|-ability|p2a: Monica|Air Lock\n|move|p1a: Groudon|Thunder Wave|p2a: Monica\n|-status|p2a: Monica|par\n|\n|-weather|DesolateLand|[upkeep]\n|upkeep\n|turn|4\n|\n|detailschange|p2a: Monica|Rayquaza-Mega\n|-mega|p2a: Monica|Rayquaza|\n|-weather|DeltaStream|[from] ability: Delta Stream|[of] p2a: Monica\n|move|p1a: Groudon|Stealth Rock|p2a: Monica\n|-sidestart|p2: fighter-noddy|move: Stealth Rock\n|move|p2a: Monica|Dragon Ascent|p1a: Groudon\n|-damage|p1a: Groudon|8\/100\n|-unboost|p2a: Monica|def|1\n|-unboost|p2a: Monica|spd|1\n|\n|-weather|DeltaStream|[upkeep]\n|upkeep\n|turn|5\n|\n|cant|p2a: Monica|par\n|move|p1a: Groudon|Roar|p2a: Monica\n|-weather|none\n|drag|p2a: Phoebe|Kyogre-Primal|100\/100\n|-status|p2a: Phoebe|psn\n|-damage|p2a: Phoebe|88\/100 psn|[from] Stealth Rock\n|-weather|PrimordialSea|[from] ability: Primordial Sea|[of] p2a: Phoebe\n|\n|-weather|PrimordialSea|[upkeep]\n|-damage|p2a: Phoebe|76\/100 psn|[from] psn\n|upkeep\n|turn|6\n|\n|move|p2a: Phoebe|Ice Beam|p1a: Groudon\n|-damage|p1a: Groudon|0 fnt\n|faint|p1a: Groudon\n|\n|-weather|PrimordialSea|[upkeep]\n|-damage|p2a: Phoebe|64\/100 psn|[from] psn\n|upkeep\n|\n|switch|p1a: Eternatus|Eternatus|35\/100\n|-ability|p1a: Eternatus|Pressure\n|turn|7\n|\n|move|p1a: Eternatus|Substitute|p1a: Eternatus\n|-start|p1a: Eternatus|Substitute\n|-damage|p1a: Eternatus|10\/100\n|move|p2a: Phoebe|Ice Beam|p1a: Eternatus\n|-supereffective|p1a: Eternatus\n|-end|p1a: Eternatus|Substitute\n|\n|-weather|PrimordialSea|[upkeep]\n|-heal|p1a: Eternatus|16\/100|[from] item: Black Sludge\n|-damage|p2a: Phoebe|51\/100 psn|[from] psn\n|upkeep\n|turn|8\n|\n|move|p1a: Eternatus|Toxic Spikes|p2a: Phoebe\n|-sidestart|p2: fighter-noddy|move: Toxic Spikes\n|move|p2a: Phoebe|Ice Beam|p1a: Eternatus\n|-supereffective|p1a: Eternatus\n|-damage|p1a: Eternatus|0 fnt\n|faint|p1a: Eternatus\n|\n|-weather|PrimordialSea|[upkeep]\n|-damage|p2a: Phoebe|39\/100 psn|[from] psn\n|upkeep\n|\n|switch|p1a: Zygarde|Zygarde|100\/100\n|turn|9\n|\n|move|p1a: Zygarde|Thousand Arrows|p2a: Phoebe\n|-damage|p2a: Phoebe|0 fnt\n|faint|p2a: Phoebe\n|-weather|none\n|\n|upkeep\n|\n|switch|p2a: Rachel|Xerneas|100\/100\n|-status|p2a: Rachel|tox\n|-damage|p2a: Rachel|88\/100 tox|[from] Stealth Rock\n|-ability|p2a: Rachel|Fairy Aura\n|turn|10\n|\n|-start|p1a: Zygarde|Dynamax\n|-heal|p1a: Zygarde|100\/100|[silent]\n|move|p1a: Zygarde|Max Quake|p2a: Rachel\n|-damage|p2a: Rachel|41\/100 tox\n|-boost|p1a: Zygarde|spd|1\n|move|p2a: Rachel|Geomancy||[still]\n|-prepare|p2a: Rachel|Geomancy|p2a: Rachel\n|-enditem|p2a: Rachel|Power Herb\n|-anim|p2a: Rachel|Geomancy|p2a: Rachel\n|-boost|p2a: Rachel|spa|2\n|-boost|p2a: Rachel|spd|2\n|-boost|p2a: Rachel|spe|2\n|\n|-damage|p2a: Rachel|35\/100 tox|[from] psn\n|upkeep\n|turn|11\n|\n|-start|p2a: Rachel|Dynamax\n|-heal|p2a: Rachel|35\/100 tox|[silent]\n|move|p1a: Zygarde|Max Guard|p1a: Zygarde\n|-singleturn|p1a: Zygarde|Max Guard\n|move|p2a: Rachel|Max Starfall|p1a: Zygarde\n|-activate|p1a: Zygarde|move: Max Guard\n|\n|-damage|p2a: Rachel|28\/100 tox|[from] psn\n|upkeep\n|turn|12\n|\n|move|p2a: Rachel|Max Starfall|p1a: Zygarde\n|-supereffective|p1a: Zygarde\n|-damage|p1a: Zygarde|0 fnt\n|-fieldstart|move: Misty Terrain\n|faint|p1a: Zygarde\n|\n|-damage|p2a: Rachel|19\/100 tox|[from] psn\n|upkeep\n|\n|switch|p1a: Necrozma|Necrozma-Dusk-Mane|100\/100\n|turn|13\n|\n|move|p2a: Rachel|Max Flare|p1a: Necrozma\n|-supereffective|p1a: Necrozma\n|-damage|p1a: Necrozma|0 fnt\n|-weather|SunnyDay\n|faint|p1a: Necrozma\n|\n|-weather|SunnyDay|[upkeep]\n|-damage|p2a: Rachel|7\/100 tox|[from] psn\n|-end|p2a: Rachel|Dynamax\n|-heal|p2a: Rachel|7\/100 tox|[silent]\n|upkeep\n|\n|switch|p1a: Yveltal|Yveltal|100\/100\n|-ability|p1a: Yveltal|Dark Aura\n|turn|14\n|\n|move|p2a: Rachel|Moonblast|p1a: Yveltal\n|-supereffective|p1a: Yveltal\n|-damage|p1a: Yveltal|0 fnt\n|faint|p1a: Yveltal\n|\n|-weather|SunnyDay|[upkeep]\n|-damage|p2a: Rachel|0 fnt|[from] psn\n|faint|p2a: Rachel\n|upkeep\n|\n|switch|p1a: Zygarde|Zygarde|100\/100\n|switch|p2a: Joey|Zekrom|100\/100\n|-damage|p2a: Joey|88\/100|[from] Stealth Rock\n|-ability|p2a: Joey|Teravolt\n|turn|15\n|\n|move|p2a: Joey|Outrage|p1a: Zygarde\n|-supereffective|p1a: Zygarde\n|-damage|p1a: Zygarde|65\/100\n|move|p1a: Zygarde|Substitute|p1a: Zygarde\n|-start|p1a: Zygarde|Substitute\n|-damage|p1a: Zygarde|40\/100\n|\n|-weather|SunnyDay|[upkeep]\n|-heal|p1a: Zygarde|46\/100|[from] item: Leftovers\n|-activate|p1a: Zygarde|ability: Power Construct\n|detailschange|p1a: Zygarde|Zygarde-Complete\n|-heal|p1a: Zygarde|65\/100|[silent]\n|upkeep\n|turn|16\n|\n|move|p2a: Joey|Outrage|p1a: Zygarde|[from]lockedmove\n|-supereffective|p1a: Zygarde\n|-end|p1a: Zygarde|Substitute\n|move|p1a: Zygarde|Thousand Arrows|p2a: Joey\n|-supereffective|p2a: Joey\n|-damage|p2a: Joey|30\/100\n|\n|-weather|SunnyDay|[upkeep]\n|-heal|p1a: Zygarde|71\/100|[from] item: Leftovers\n|-fieldend|Misty Terrain\n|upkeep\n|turn|17\n|\n|move|p2a: Joey|Outrage|p1a: Zygarde|[from]lockedmove\n|-supereffective|p1a: Zygarde\n|-damage|p1a: Zygarde|19\/100\n|-start|p2a: Joey|confusion|[fatigue]\n|move|p1a: Zygarde|Thousand Arrows|p2a: Joey\n|-supereffective|p2a: Joey\n|-damage|p2a: Joey|0 fnt\n|faint|p2a: Joey\n|\n|-weather|none\n|-heal|p1a: Zygarde|26\/100|[from] item: Leftovers\n|upkeep\n|\n|switch|p2a: Monica|Rayquaza-Mega|100\/100 par\n|-damage|p2a: Monica|76\/100 par|[from] Stealth Rock\n|-weather|DeltaStream|[from] ability: Delta Stream|[of] p2a: Monica\n|turn|18\n|\n|move|p1a: Zygarde|Thousand Arrows|p2a: Monica\n|-damage|p2a: Monica|44\/100 par\n|-start|p2a: Monica|Smack Down\n|move|p2a: Monica|Outrage|p1a: Zygarde\n|-supereffective|p1a: Zygarde\n|-damage|p1a: Zygarde|0 fnt\n|faint|p1a: Zygarde\n|\n|win|fighter-noddy\n|raw|Blue chen's rating: 1775 &rarr; <strong>1746<\/strong><br \/>(-29 for losing)\n|raw|fighter-noddy's rating: 1590 &rarr; <strong>1620<\/strong><br \/>(+30 for winning)\n|l|\u2606Blue chen\n|c|\u2606fighter-noddy|gg\n|l|\u2606fighter-noddy\n","uploadtime":1594369064,"views":47,"p1id":"bluechen","p2id":"fighternoddy","formatid":"gen8nationaldexag","rating":1620,"private":0,"password":null}