{"id":"gen8bdspou-1476082710","p1":"GreeceLightning","p2":"Foolish Shogun","format":"gen8bdspou","log":"|j|\u2606GreeceLightning\n|j|\u2606Foolish Shogun\n|t:|1639888396\n|gametype|singles\n|player|p1|GreeceLightning|102|1483\n|player|p2|Foolish Shogun|ghetsis-gen5bw|1436\n|teamsize|p1|6\n|teamsize|p2|6\n|gen|8\n|tier|[Gen 8 BDSP] OU\n|rated|\n|rule|Sleep Clause Mod: Limit one foe put to sleep\n|rule|Species Clause: Limit one of each Pok\u00e9mon\n|rule|OHKO Clause: OHKO moves are banned\n|rule|Evasion Moves Clause: Evasion moves are banned\n|rule|Endless Battle Clause: Forcing endless battles is banned\n|rule|HP Percentage Mod: HP is shown in percentages\n|clearpoke\n|poke|p1|Tyranitar, M|\n|poke|p1|Scizor, M|\n|poke|p1|Latias, F|\n|poke|p1|Magnezone|\n|poke|p1|Gliscor, F|\n|poke|p1|Nidoking, M|\n|poke|p2|Lucario, M|\n|poke|p2|Shuckle, F|\n|poke|p2|Latios, M|\n|poke|p2|Magnezone|\n|poke|p2|Scizor, F|\n|poke|p2|Garchomp, F|\n|teampreview\n|inactive|Battle timer is ON: inactive players will automatically lose when time's up. (requested by GreeceLightning)\n|\n|t:|1639888415\n|start\n|switch|p1a: Gliscor|Gliscor, F|100\/100\n|switch|p2a: Shuckle|Shuckle, F|100\/100\n|turn|1\n|\n|t:|1639888418\n|move|p1a: Gliscor|Taunt|p2a: Shuckle\n|-start|p2a: Shuckle|move: Taunt\n|cant|p2a: Shuckle|move: Taunt|Stealth Rock\n|\n|-status|p1a: Gliscor|tox|[from] item: Toxic Orb\n|upkeep\n|turn|2\n|\n|t:|1639888428\n|switch|p1a: Magnezone|Magnezone|100\/100\n|switch|p2a: Latios|Latios, M|100\/100\n|\n|upkeep\n|turn|3\n|\n|t:|1639888442\n|switch|p2a: Garchomp|Garchomp, F|100\/100\n|move|p1a: Magnezone|Flash Cannon|p2a: Garchomp\n|-crit|p2a: Garchomp\n|-damage|p2a: Garchomp|0 fnt\n|faint|p2a: Garchomp\n|\n|upkeep\n|\n|t:|1639888450\n|switch|p2a: Lucario|Lucario, M|100\/100\n|turn|4\n|\n|t:|1639888454\n|switch|p1a: Nidoking|Nidoking, M|100\/100\n|move|p2a: Lucario|Swords Dance|p2a: Lucario\n|-boost|p2a: Lucario|atk|2\n|\n|upkeep\n|turn|5\n|\n|t:|1639888459\n|move|p2a: Lucario|Extreme Speed|p1a: Nidoking\n|-damage|p1a: Nidoking|0 fnt\n|faint|p1a: Nidoking\n|-damage|p2a: Lucario|91\/100|[from] item: Life Orb\n|\n|upkeep\n|inactive|GreeceLightning has 120 seconds left.\n|\n|t:|1639888500\n|switch|p1a: Gliscor|Gliscor, F|100\/100 tox\n|turn|6\n|\n|t:|1639888516\n|move|p1a: Gliscor|Earthquake|p2a: Lucario\n|-supereffective|p2a: Lucario\n|-damage|p2a: Lucario|0 fnt\n|faint|p2a: Lucario\n|\n|upkeep\n|\n|t:|1639888522\n|switch|p2a: Scizor|Scizor, F|100\/100\n|turn|7\n|\n|t:|1639888527\n|switch|p1a: Scizor|Scizor, M|100\/100\n|move|p2a: Scizor|U-turn|p1a: Scizor\n|-resisted|p1a: Scizor\n|-damage|p1a: Scizor|83\/100\n|\n|t:|1639888530\n|switch|p2a: Magnezone|Magnezone|100\/100|[from]move: U-turn\n|\n|upkeep\n|turn|8\n|\n|t:|1639888534\n|move|p2a: Magnezone|Thunderbolt|p1a: Scizor\n|-damage|p1a: Scizor|0 fnt\n|faint|p1a: Scizor\n|\n|upkeep\n|j| Everybody Haaates\n|\n|t:|1639888564\n|switch|p1a: Gliscor|Gliscor, F|100\/100 tox\n|turn|9\n|\n|t:|1639888570\n|switch|p2a: Shuckle|Shuckle, F|100\/100\n|move|p1a: Gliscor|Knock Off|p2a: Shuckle\n|-damage|p2a: Shuckle|89\/100\n|-enditem|p2a: Shuckle|Iapapa Berry|[from] move: Knock Off|[of] p1a: Gliscor\n|\n|upkeep\n|turn|10\n|\n|t:|1639888575\n|move|p1a: Gliscor|Taunt|p2a: Shuckle\n|-start|p2a: Shuckle|move: Taunt\n|move|p2a: Shuckle|Final Gambit|p1a: Gliscor\n|-damage|p1a: Gliscor|39\/100 tox\n|faint|p2a: Shuckle\n|\n|-heal|p1a: Gliscor|51\/100 tox|[from] ability: Poison Heal\n|upkeep\n|\n|t:|1639888580\n|switch|p2a: Latios|Latios, M|100\/100\n|turn|11\n|j| GuBoi\n|j| Trunx\n|\n|t:|1639888601\n|move|p2a: Latios|Draco Meteor|p1a: Gliscor\n|-damage|p1a: Gliscor|0 fnt\n|-unboost|p2a: Latios|spa|2\n|faint|p1a: Gliscor\n|\n|upkeep\n|\n|t:|1639888612\n|switch|p1a: Magnezone|Magnezone|100\/100\n|turn|12\n|\n|t:|1639888617\n|switch|p2a: Magnezone|Magnezone|100\/100\n|move|p1a: Magnezone|Volt Switch|p2a: Magnezone\n|-resisted|p2a: Magnezone\n|-damage|p2a: Magnezone|61\/100\n|inactive|GreeceLightning has 120 seconds left.\n|\n|t:|1639888649\n|switch|p1a: Tyranitar|Tyranitar, M|100\/100|[from]move: Volt Switch\n|-ability|p1a: Tyranitar|Unnerve\n|\n|upkeep\n|turn|13\n|\n|t:|1639888671\n|move|p1a: Tyranitar|Crunch|p2a: Magnezone\n|-damage|p2a: Magnezone|12\/100\n|move|p2a: Magnezone|Flash Cannon|p1a: Tyranitar\n|-supereffective|p1a: Tyranitar\n|-damage|p1a: Tyranitar|0 fnt\n|faint|p1a: Tyranitar\n|\n|upkeep\n|\n|t:|1639888675\n|switch|p1a: Magnezone|Magnezone|100\/100\n|turn|14\n|\n|t:|1639888678\n|move|p2a: Magnezone|Flash Cannon|p1a: Magnezone\n|-resisted|p1a: Magnezone\n|-damage|p1a: Magnezone|83\/100\n|move|p1a: Magnezone|Volt Switch|p2a: Magnezone\n|-resisted|p2a: Magnezone\n|-damage|p2a: Magnezone|0 fnt\n|faint|p2a: Magnezone\n|\n|t:|1639888684\n|switch|p1a: Latias|Latias, F|100\/100|[from]move: Volt Switch\n|\n|upkeep\n|\n|t:|1639888698\n|switch|p2a: Latios|Latios, M|100\/100\n|turn|15\n|\n|t:|1639888702\n|switch|p1a: Magnezone|Magnezone|83\/100\n|move|p2a: Latios|Draco Meteor|p1a: Magnezone\n|-resisted|p1a: Magnezone\n|-damage|p1a: Magnezone|42\/100\n|-unboost|p2a: Latios|spa|2\n|\n|upkeep\n|turn|16\n|\n|t:|1639888710\n|move|p2a: Latios|Draco Meteor|p1a: Magnezone\n|-resisted|p1a: Magnezone\n|-damage|p1a: Magnezone|23\/100\n|-unboost|p2a: Latios|spa|2\n|move|p1a: Magnezone|Volt Switch|p2a: Latios\n|-resisted|p2a: Latios\n|-damage|p2a: Latios|67\/100\n|\n|t:|1639888713\n|switch|p1a: Latias|Latias, F|100\/100|[from]move: Volt Switch\n|\n|upkeep\n|turn|17\n|\n|t:|1639888716\n|switch|p2a: Scizor|Scizor, F|100\/100\n|move|p1a: Latias|Calm Mind|p1a: Latias\n|-boost|p1a: Latias|spa|1\n|-boost|p1a: Latias|spd|1\n|\n|upkeep\n|turn|18\n|\n|t:|1639888719\n|move|p1a: Latias|Substitute|p1a: Latias\n|-start|p1a: Latias|Substitute\n|-damage|p1a: Latias|76\/100\n|move|p2a: Scizor|U-turn|p1a: Latias\n|-supereffective|p1a: Latias\n|-end|p1a: Latias|Substitute\n|l| Trunx\n|\n|t:|1639888722\n|switch|p2a: Latios|Latios, M|67\/100|[from]move: U-turn\n|\n|-heal|p1a: Latias|82\/100|[from] item: Leftovers\n|upkeep\n|turn|19\n|j| Trunx\n|\n|t:|1639888726\n|switch|p2a: Scizor|Scizor, F|100\/100\n|move|p1a: Latias|Substitute|p1a: Latias\n|-start|p1a: Latias|Substitute\n|-damage|p1a: Latias|57\/100\n|\n|-heal|p1a: Latias|63\/100|[from] item: Leftovers\n|upkeep\n|turn|20\n|\n|t:|1639888730\n|move|p1a: Latias|Roost|p1a: Latias\n|-heal|p1a: Latias|100\/100\n|-singleturn|p1a: Latias|move: Roost\n|move|p2a: Scizor|Swords Dance|p2a: Scizor\n|-boost|p2a: Scizor|atk|2\n|\n|upkeep\n|turn|21\n|\n|t:|1639888733\n|move|p2a: Scizor|Bullet Punch|p1a: Latias\n|-end|p1a: Latias|Substitute\n|move|p1a: Latias|Calm Mind|p1a: Latias\n|-boost|p1a: Latias|spa|1\n|-boost|p1a: Latias|spd|1\n|\n|upkeep\n|turn|22\n|\n|t:|1639888735\n|move|p2a: Scizor|Bullet Punch|p1a: Latias\n|-damage|p1a: Latias|49\/100\n|move|p1a: Latias|Stored Power|p2a: Scizor\n|-resisted|p2a: Scizor\n|-damage|p2a: Scizor|64\/100\n|\n|-heal|p1a: Latias|55\/100|[from] item: Leftovers\n|-heal|p2a: Scizor|70\/100|[from] item: Leftovers\n|upkeep\n|turn|23\n|\n|t:|1639888740\n|move|p2a: Scizor|Bullet Punch|p1a: Latias\n|-damage|p1a: Latias|0 fnt\n|faint|p1a: Latias\n|\n|-heal|p2a: Scizor|76\/100|[from] item: Leftovers\n|upkeep\n|-message|GreeceLightning forfeited.\n|\n|win|Foolish Shogun\n|raw|GreeceLightning's rating: 1483 &rarr; <strong>1460<\/strong><br \/>(-23 for losing)\n|raw|Foolish Shogun's rating: 1436 &rarr; <strong>1459<\/strong><br \/>(+23 for winning)\n|l|\u2606GreeceLightning\n|l| Trunx\n|l|\u2606Foolish Shogun\n|l| GuBoi\n","uploadtime":1639889023,"views":4,"p1id":"greecelightning","p2id":"foolishshogun","formatid":"gen8bdspou","rating":1459,"private":0,"password":null}