{"id":"gen8ou-1670483875","p1":"machugen","p2":"albeedu","format":"gen8ou","log":"|j|\u2606machugen\n|j|\u2606albeedu\n|t:|1664167301\n|gametype|singles\n|player|p1|machugen|byron|1574\n|player|p2|albeedu|grimsley|1533\n|teamsize|p1|6\n|teamsize|p2|6\n|gen|8\n|tier|[Gen 8] OU\n|rated|\n|rule|Sleep Clause Mod: Limit one foe put to sleep\n|rule|Species Clause: Limit one of each Pok\u00e9mon\n|rule|OHKO Clause: OHKO moves are banned\n|rule|Evasion Items Clause: Evasion items are banned\n|rule|Evasion Moves Clause: Evasion moves are banned\n|rule|Endless Battle Clause: Forcing endless battles is banned\n|rule|HP Percentage Mod: HP is shown in percentages\n|rule|Dynamax Clause: You cannot dynamax\n|clearpoke\n|poke|p1|Nihilego|\n|poke|p1|Kartana|\n|poke|p1|Magnezone|\n|poke|p1|Slowbro, M|\n|poke|p1|Tornadus-Therian, M|\n|poke|p1|Hippowdon, F|\n|poke|p2|Garchomp, M|\n|poke|p2|Togekiss, M|\n|poke|p2|Gastrodon, F|\n|poke|p2|Melmetal|\n|poke|p2|Victini|\n|poke|p2|Milotic, M|\n|teampreview\n|inactive|Battle timer is ON: inactive players will automatically lose when time's up. (requested by albeedu)\n|\n|t:|1664167311\n|start\n|switch|p1a: Tornadus|Tornadus-Therian, M|100\/100\n|switch|p2a: Gastrodon|Gastrodon, F, shiny|100\/100\n|turn|1\n|\n|t:|1664167318\n|move|p1a: Tornadus|U-turn|p2a: Gastrodon\n|-damage|p2a: Gastrodon|86\/100\n|\n|t:|1664167319\n|switch|p1a: Kartana|Kartana|100\/100|[from]move: U-turn\n|move|p2a: Gastrodon|Ice Beam|p1a: Kartana\n|-damage|p1a: Kartana|12\/100\n|\n|-heal|p2a: Gastrodon|92\/100|[from] item: Leftovers\n|upkeep\n|turn|2\n|\n|t:|1664167330\n|switch|p1a: Slowbro|Slowbro, M|100\/100\n|switch|p2a: Garchomp|Garchomp, M, shiny|100\/100\n|\n|upkeep\n|turn|3\n|\n|t:|1664167338\n|switch|p2a: Togekiss|Togekiss, M|100\/100\n|move|p1a: Slowbro|Ice Beam|p2a: Togekiss\n|-supereffective|p2a: Togekiss\n|-damage|p2a: Togekiss|60\/100\n|\n|upkeep\n|turn|4\n|\n|t:|1664167345\n|switch|p1a: Nihilego|Nihilego|100\/100\n|move|p2a: Togekiss|Air Slash|p1a: Nihilego\n|-resisted|p1a: Nihilego\n|-damage|p1a: Nihilego|87\/100\n|\n|upkeep\n|turn|5\n|\n|t:|1664167355\n|switch|p1a: Tornadus|Tornadus-Therian, M|100\/100\n|switch|p2a: Melmetal|Melmetal|100\/100\n|\n|upkeep\n|turn|6\n|\n|t:|1664167363\n|move|p1a: Tornadus|U-turn|p2a: Melmetal\n|-resisted|p2a: Melmetal\n|-damage|p2a: Melmetal|96\/100\n|\n|t:|1664167364\n|switch|p1a: Magnezone|Magnezone|100\/100|[from]move: U-turn\n|-item|p1a: Magnezone|Air Balloon\n|move|p2a: Melmetal|Double Iron Bash|p1a: Magnezone\n|-resisted|p1a: Magnezone\n|-damage|p1a: Magnezone|93\/100\n|-enditem|p1a: Magnezone|Air Balloon\n|-resisted|p1a: Magnezone\n|-damage|p1a: Magnezone|85\/100\n|-hitcount|p1a: Magnezone|2\n|\n|upkeep\n|turn|7\n|\n|t:|1664167375\n|move|p1a: Magnezone|Magnet Rise|p1a: Magnezone\n|-start|p1a: Magnezone|Magnet Rise\n|move|p2a: Melmetal|Earthquake|p1a: Magnezone\n|-immune|p1a: Magnezone\n|\n|upkeep\n|turn|8\n|\n|t:|1664167383\n|move|p1a: Magnezone|Iron Defense|p1a: Magnezone\n|-boost|p1a: Magnezone|def|2\n|move|p2a: Melmetal|Ice Punch|p1a: Magnezone\n|-resisted|p1a: Magnezone\n|-damage|p1a: Magnezone|79\/100\n|\n|upkeep\n|turn|9\n|\n|t:|1664167389\n|move|p1a: Magnezone|Iron Defense|p1a: Magnezone\n|-boost|p1a: Magnezone|def|2\n|move|p2a: Melmetal|Ice Punch|p1a: Magnezone\n|-resisted|p1a: Magnezone\n|-damage|p1a: Magnezone|74\/100\n|\n|upkeep\n|turn|10\n|\n|t:|1664167396\n|move|p1a: Magnezone|Body Press|p2a: Melmetal\n|-supereffective|p2a: Melmetal\n|-damage|p2a: Melmetal|0 fnt\n|faint|p2a: Melmetal\n|\n|upkeep\n|\n|t:|1664167405\n|switch|p2a: Garchomp|Garchomp, M, shiny|100\/100\n|turn|11\n|\n|t:|1664167409\n|move|p2a: Garchomp|Earthquake|p1a: Magnezone\n|-immune|p1a: Magnezone\n|move|p1a: Magnezone|Body Press|p2a: Garchomp\n|-damage|p2a: Garchomp|13\/100\n|-damage|p1a: Magnezone|62\/100|[from] ability: Rough Skin|[of] p2a: Garchomp\n|-damage|p1a: Magnezone|46\/100|[from] item: Rocky Helmet|[of] p2a: Garchomp\n|\n|-end|p1a: Magnezone|Magnet Rise\n|upkeep\n|turn|12\n|\n|t:|1664167418\n|move|p2a: Garchomp|Earthquake|p1a: Magnezone\n|-supereffective|p1a: Magnezone\n|-damage|p1a: Magnezone|0 fnt\n|faint|p1a: Magnezone\n|\n|upkeep\n|\n|t:|1664167422\n|switch|p1a: Tornadus|Tornadus-Therian, M|100\/100\n|turn|13\n|\n|t:|1664167429\n|switch|p2a: Milotic|Milotic, M|100\/100\n|move|p1a: Tornadus|Knock Off|p2a: Milotic\n|-damage|p2a: Milotic|77\/100\n|-enditem|p2a: Milotic|Weakness Policy|[from] move: Knock Off|[of] p1a: Tornadus\n|\n|upkeep\n|turn|14\n|\n|t:|1664167437\n|move|p1a: Tornadus|Hurricane|p2a: Milotic\n|-damage|p2a: Milotic|46\/100\n|move|p2a: Milotic|Recover|p2a: Milotic\n|-heal|p2a: Milotic|96\/100\n|\n|upkeep\n|turn|15\n|\n|t:|1664167445\n|move|p1a: Tornadus|U-turn|p2a: Milotic\n|-damage|p2a: Milotic|80\/100\n|\n|t:|1664167447\n|switch|p1a: Slowbro|Slowbro, M|100\/100|[from]move: U-turn\n|move|p2a: Milotic|Ice Beam|p1a: Slowbro\n|-resisted|p1a: Slowbro\n|-damage|p1a: Slowbro|87\/100\n|\n|upkeep\n|turn|16\n|\n|t:|1664167460\n|switch|p2a: Gastrodon|Gastrodon, F, shiny|92\/100\n|move|p1a: Slowbro|Teleport|p1a: Slowbro\n|\n|t:|1664167463\n|switch|p1a: Kartana|Kartana|12\/100|[from]move: Teleport\n|\n|-heal|p2a: Gastrodon|98\/100|[from] item: Leftovers\n|upkeep\n|turn|17\n|\n|t:|1664167472\n|switch|p1a: Tornadus|Tornadus-Therian, M|100\/100\n|switch|p2a: Garchomp|Garchomp, M, shiny|13\/100\n|\n|upkeep\n|turn|18\n|\n|t:|1664167484\n|switch|p2a: Victini|Victini|100\/100\n|move|p1a: Tornadus|Hurricane|p2a: Victini\n|-damage|p2a: Victini|71\/100\n|-start|p2a: Victini|confusion\n|\n|upkeep\n|turn|19\n|\n|t:|1664167493\n|switch|p2a: Milotic|Milotic, M|80\/100\n|move|p1a: Tornadus|Knock Off|p2a: Milotic\n|-damage|p2a: Milotic|65\/100\n|\n|upkeep\n|turn|20\n|\n|t:|1664167498\n|move|p1a: Tornadus|Hurricane|p2a: Milotic\n|-damage|p2a: Milotic|32\/100\n|move|p2a: Milotic|Recover|p2a: Milotic\n|-heal|p2a: Milotic|82\/100\n|\n|upkeep\n|turn|21\n|\n|t:|1664167506\n|move|p1a: Tornadus|U-turn|p2a: Milotic\n|-damage|p2a: Milotic|67\/100\n|\n|t:|1664167508\n|switch|p1a: Slowbro|Slowbro, M|100\/100|[from]move: U-turn\n|move|p2a: Milotic|Recover|p2a: Milotic\n|-heal|p2a: Milotic|100\/100\n|\n|upkeep\n|turn|22\n|\n|t:|1664167521\n|move|p2a: Milotic|Ice Beam|p1a: Slowbro\n|-resisted|p1a: Slowbro\n|-damage|p1a: Slowbro|86\/100\n|move|p1a: Slowbro|Teleport|p1a: Slowbro\n|\n|t:|1664167523\n|switch|p1a: Hippowdon|Hippowdon, F|100\/100|[from]move: Teleport\n|-weather|Sandstorm|[from] ability: Sand Stream|[of] p1a: Hippowdon\n|\n|-weather|Sandstorm|[upkeep]\n|-damage|p2a: Milotic|94\/100|[from] Sandstorm\n|upkeep\n|turn|23\n|\n|t:|1664167531\n|move|p2a: Milotic|Surf|p1a: Hippowdon\n|-supereffective|p1a: Hippowdon\n|-damage|p1a: Hippowdon|43\/100\n|move|p1a: Hippowdon|Toxic|p2a: Milotic\n|-status|p2a: Milotic|tox\n|\n|-weather|Sandstorm|[upkeep]\n|-damage|p2a: Milotic|88\/100 tox|[from] Sandstorm\n|-heal|p1a: Hippowdon|49\/100|[from] item: Leftovers\n|-damage|p2a: Milotic|82\/100 tox|[from] psn\n|upkeep\n|turn|24\n|\n|t:|1664167541\n|switch|p1a: Slowbro|Slowbro, M|100\/100\n|move|p2a: Milotic|Surf|p1a: Slowbro\n|-resisted|p1a: Slowbro\n|-damage|p1a: Slowbro|82\/100\n|\n|-weather|Sandstorm|[upkeep]\n|-damage|p2a: Milotic|76\/100 tox|[from] Sandstorm\n|-damage|p1a: Slowbro|76\/100|[from] Sandstorm\n|-damage|p2a: Milotic|64\/100 tox|[from] psn\n|upkeep\n|turn|25\n|\n|t:|1664167553\n|move|p2a: Milotic|Ice Beam|p1a: Slowbro\n|-resisted|p1a: Slowbro\n|-damage|p1a: Slowbro|62\/100\n|move|p1a: Slowbro|Teleport|p1a: Slowbro\n|\n|t:|1664167558\n|switch|p1a: Hippowdon|Hippowdon, F|49\/100|[from]move: Teleport\n|\n|-weather|Sandstorm|[upkeep]\n|-damage|p2a: Milotic|58\/100 tox|[from] Sandstorm\n|-heal|p1a: Hippowdon|55\/100|[from] item: Leftovers\n|-damage|p2a: Milotic|40\/100 tox|[from] psn\n|upkeep\n|turn|26\n|\n|t:|1664167567\n|switch|p2a: Togekiss|Togekiss, M|60\/100\n|switch|p1a: Slowbro|Slowbro, M|95\/100\n|\n|-weather|none\n|upkeep\n|turn|27\n|\n|t:|1664167574\n|switch|p1a: Tornadus|Tornadus-Therian, M|100\/100\n|move|p2a: Togekiss|Air Slash|p1a: Tornadus|[miss]\n|-miss|p2a: Togekiss|p1a: Tornadus\n|\n|upkeep\n|turn|28\n|\n|t:|1664167582\n|move|p1a: Tornadus|Knock Off|p2a: Togekiss\n|-resisted|p2a: Togekiss\n|-damage|p2a: Togekiss|48\/100\n|-enditem|p2a: Togekiss|Heavy-Duty Boots|[from] move: Knock Off|[of] p1a: Tornadus\n|move|p2a: Togekiss|Dazzling Gleam|p1a: Tornadus\n|-damage|p1a: Tornadus|59\/100\n|\n|upkeep\n|turn|29\n|\n|t:|1664167594\n|move|p1a: Tornadus|U-turn|p2a: Togekiss\n|-resisted|p2a: Togekiss\n|-damage|p2a: Togekiss|44\/100\n|\n|t:|1664167595\n|switch|p1a: Nihilego|Nihilego|87\/100|[from]move: U-turn\n|move|p2a: Togekiss|Dazzling Gleam|p1a: Nihilego\n|-resisted|p1a: Nihilego\n|-damage|p1a: Nihilego|72\/100\n|\n|upkeep\n|turn|30\n|\n|t:|1664167605\n|switch|p2a: Gastrodon|Gastrodon, F, shiny|98\/100\n|move|p1a: Nihilego|Meteor Beam||[still]\n|-prepare|p1a: Nihilego|Meteor Beam\n|-boost|p1a: Nihilego|spa|1\n|-enditem|p1a: Nihilego|Power Herb\n|-anim|p1a: Nihilego|Meteor Beam|p2a: Gastrodon\n|-resisted|p2a: Gastrodon\n|-crit|p2a: Gastrodon\n|-damage|p2a: Gastrodon|28\/100\n|\n|-heal|p2a: Gastrodon|34\/100|[from] item: Leftovers\n|upkeep\n|turn|31\n|\n|t:|1664167618\n|move|p1a: Nihilego|Grass Knot|p2a: Gastrodon\n|-supereffective|p2a: Gastrodon\n|-damage|p2a: Gastrodon|0 fnt\n|faint|p2a: Gastrodon\n|-ability|p1a: Nihilego|Beast Boost|boost\n|-boost|p1a: Nihilego|spa|1\n|\n|upkeep\n|\n|t:|1664167626\n|switch|p2a: Garchomp|Garchomp, M, shiny|13\/100\n|turn|32\n|-message|albeedu forfeited.\n|\n|win|machugen\n|raw|machugen's rating: 1574 &rarr; <strong>1592<\/strong><br \/>(+18 for winning)\n|raw|albeedu's rating: 1533 &rarr; <strong>1515<\/strong><br \/>(-18 for losing)\n|l|\u2606albeedu\n","uploadtime":1664167635,"views":24,"p1id":"machugen","p2id":"albeedu","formatid":"gen8ou","rating":1515,"private":0,"password":null}