{"id":"gen8ou-1704563359","p1":"acidosis","p2":"Not Sarcasm","format":"gen8ou","log":"|j|\u2606acidosis\n|j|\u2606Not Sarcasm\n|t:|1667788176\n|gametype|singles\n|player|p1|acidosis|2|1697\n|player|p2|Not Sarcasm|1|1664\n|teamsize|p1|6\n|teamsize|p2|6\n|gen|8\n|tier|[Gen 8] OU\n|rated|\n|rule|Sleep Clause Mod: Limit one foe put to sleep\n|rule|Species Clause: Limit one of each Pok\u00e9mon\n|rule|OHKO Clause: OHKO moves are banned\n|rule|Evasion Items Clause: Evasion items are banned\n|rule|Evasion Moves Clause: Evasion moves are banned\n|rule|Endless Battle Clause: Forcing endless battles is banned\n|rule|HP Percentage Mod: HP is shown in percentages\n|rule|Dynamax Clause: You cannot dynamax\n|clearpoke\n|poke|p1|Zapdos|\n|poke|p1|Garchomp, F|\n|poke|p1|Heatran, M|\n|poke|p1|Clefable, F|\n|poke|p1|Weavile, M|\n|poke|p1|Dragapult, M|\n|poke|p2|Dragapult, M|\n|poke|p2|Blaziken, M|\n|poke|p2|Melmetal|\n|poke|p2|Garchomp, F|\n|poke|p2|Toxapex, M|\n|poke|p2|Landorus-Therian, M|\n|teampreview\n|j| RazorForce21\n|inactive|Battle timer is ON: inactive players will automatically lose when time's up. (requested by Not Sarcasm)\n|j| Cocoon\u2601Evolution\n|inactive|Not Sarcasm has 120 seconds left.\n|inactive|acidosis has 120 seconds left.\n|inactive|Not Sarcasm has 90 seconds left.\n|\n|t:|1667788256\n|start\n|switch|p1a: Dragapult|Dragapult, M|100\/100\n|switch|p2a: Blaziken|Blaziken, M|100\/100\n|turn|1\n|\n|t:|1667788261\n|switch|p2a: Toxapex|Toxapex, M|100\/100\n|move|p1a: Dragapult|Shadow Ball|p2a: Toxapex\n|-damage|p2a: Toxapex|58\/100\n|\n|upkeep\n|turn|2\n|\n|t:|1667788268\n|move|p1a: Dragapult|Shadow Ball|p2a: Toxapex\n|-damage|p2a: Toxapex|16\/100\n|move|p2a: Toxapex|Toxic Spikes|p1a: Dragapult\n|-sidestart|p1: acidosis|move: Toxic Spikes\n|\n|upkeep\n|turn|3\n|\n|t:|1667788274\n|switch|p2a: Landorus|Landorus-Therian, M|100\/100\n|-ability|p2a: Landorus|Intimidate|boost\n|-unboost|p1a: Dragapult|atk|1\n|move|p1a: Dragapult|Shadow Ball|p2a: Landorus\n|-damage|p2a: Landorus|60\/100\n|-unboost|p2a: Landorus|spd|1\n|\n|-heal|p2a: Landorus|66\/100|[from] item: Leftovers\n|upkeep\n|turn|4\n|\n|t:|1667788283\n|move|p1a: Dragapult|Shadow Ball|p2a: Landorus\n|-damage|p2a: Landorus|11\/100\n|-unboost|p2a: Landorus|spd|1\n|move|p2a: Landorus|Knock Off|p1a: Dragapult\n|-supereffective|p1a: Dragapult\n|-damage|p1a: Dragapult|13\/100\n|-enditem|p1a: Dragapult|Choice Specs|[from] move: Knock Off|[of] p2a: Landorus\n|\n|-heal|p2a: Landorus|17\/100|[from] item: Leftovers\n|upkeep\n|turn|5\n|j| BabyPigsAreLaughin\n|\n|t:|1667788297\n|switch|p2a: Toxapex|Toxapex, M|49\/100\n|move|p1a: Dragapult|Shadow Ball|p2a: Toxapex\n|-crit|p2a: Toxapex\n|-damage|p2a: Toxapex|7\/100\n|\n|upkeep\n|turn|6\n|c|\u2606Not Sarcasm|keep haxing me\n|\n|t:|1667788307\n|switch|p2a: Landorus|Landorus-Therian, M|17\/100\n|-ability|p2a: Landorus|Intimidate|boost\n|-unboost|p1a: Dragapult|atk|1\n|move|p1a: Dragapult|Shadow Ball|p2a: Landorus\n|-damage|p2a: Landorus|0 fnt\n|faint|p2a: Landorus\n|\n|upkeep\n|j| Jamarius Dinglenut\n|j| Steelix Fusion\n|\n|t:|1667788317\n|switch|p2a: Garchomp|Garchomp, F|100\/100\n|turn|7\n|\n|t:|1667788320\n|switch|p2a: Melmetal|Melmetal|100\/100\n|move|p1a: Dragapult|Draco Meteor|p2a: Melmetal|[miss]\n|-miss|p1a: Dragapult|p2a: Melmetal\n|\n|upkeep\n|turn|8\n|\n|t:|1667788326\n|switch|p1a: Zapdos|Zapdos|100\/100\n|move|p2a: Melmetal|Earthquake|p1a: Zapdos\n|-immune|p1a: Zapdos\n|\n|upkeep\n|turn|9\n|\n|t:|1667788331\n|move|p1a: Zapdos|Defog|p2a: Melmetal\n|-unboost|p2a: Melmetal|evasion|1\n|-sideend|p1: acidosis|Toxic Spikes|[from] move: Defog|[of] p1a: Zapdos\n|move|p2a: Melmetal|Toxic|p1a: Zapdos\n|-status|p1a: Zapdos|tox\n|\n|-damage|p1a: Zapdos|94\/100 tox|[from] psn\n|upkeep\n|turn|10\n|\n|t:|1667788343\n|switch|p2a: Garchomp|Garchomp, F|100\/100\n|move|p1a: Zapdos|Discharge|p2a: Garchomp\n|-immune|p2a: Garchomp\n|\n|-damage|p1a: Zapdos|82\/100 tox|[from] psn\n|upkeep\n|turn|11\n|\n|t:|1667788350\n|switch|p1a: Dragapult|Dragapult, M|13\/100\n|move|p2a: Garchomp|Stealth Rock|p1a: Dragapult\n|-sidestart|p1: acidosis|move: Stealth Rock\n|\n|upkeep\n|turn|12\n|\n|t:|1667788357\n|switch|p2a: Melmetal|Melmetal|100\/100\n|move|p1a: Dragapult|Shadow Ball|p2a: Melmetal\n|-damage|p2a: Melmetal|65\/100\n|\n|upkeep\n|turn|13\n|\n|t:|1667788363\n|move|p1a: Dragapult|Flamethrower|p2a: Melmetal\n|-supereffective|p2a: Melmetal\n|-damage|p2a: Melmetal|10\/100\n|move|p2a: Melmetal|Earthquake|p1a: Dragapult\n|-damage|p1a: Dragapult|0 fnt\n|faint|p1a: Dragapult\n|\n|upkeep\n|\n|t:|1667788376\n|switch|p1a: Garchomp|Garchomp, F|100\/100\n|-damage|p1a: Garchomp|94\/100|[from] Stealth Rock\n|turn|14\n|\n|t:|1667788380\n|move|p1a: Garchomp|Earthquake|p2a: Melmetal\n|-supereffective|p2a: Melmetal\n|-damage|p2a: Melmetal|0 fnt\n|faint|p2a: Melmetal\n|\n|-heal|p1a: Garchomp|100\/100|[from] item: Leftovers\n|upkeep\n|\n|t:|1667788386\n|switch|p2a: Dragapult|Dragapult, M|100\/100\n|turn|15\n|\n|t:|1667788393\n|switch|p1a: Clefable|Clefable, F|100\/100\n|move|p2a: Dragapult|Shadow Ball|p1a: Clefable\n|-damage|p1a: Clefable|54\/100\n|\n|-heal|p1a: Clefable|60\/100|[from] item: Leftovers\n|upkeep\n|turn|16\n|\n|t:|1667788399\n|move|p2a: Dragapult|Shadow Ball|p1a: Clefable\n|-damage|p1a: Clefable|17\/100\n|-unboost|p1a: Clefable|spd|1\n|move|p1a: Clefable|Soft-Boiled|p1a: Clefable\n|-heal|p1a: Clefable|67\/100\n|\n|-heal|p1a: Clefable|73\/100|[from] item: Leftovers\n|upkeep\n|turn|17\n|c| Jamarius Dinglenut|yo Im thinking about making a petition to gamefreak to give landorus regenerator\n|c| Steelix Fusion|oof\n|c| Jamarius Dinglenut|Anyone wanna sign that shit?\n|c| Steelix Fusion|no\n|j| yyyuas\n|inactive|acidosis has 120 seconds left.\n|\n|t:|1667788443\n|move|p2a: Dragapult|Shadow Ball|p1a: Clefable\n|-damage|p1a: Clefable|7\/100\n|-unboost|p1a: Clefable|spd|1\n|move|p1a: Clefable|Moonblast|p2a: Dragapult\n|-supereffective|p2a: Dragapult\n|-damage|p2a: Dragapult|9\/100\n|\n|-heal|p1a: Clefable|13\/100|[from] item: Leftovers\n|upkeep\n|turn|18\n|\n|t:|1667788462\n|move|p2a: Dragapult|Shadow Ball|p1a: Clefable\n|-damage|p1a: Clefable|0 fnt\n|faint|p1a: Clefable\n|\n|upkeep\n|\n|t:|1667788464\n|switch|p1a: Weavile|Weavile, M|100\/100\n|-damage|p1a: Weavile|76\/100|[from] Stealth Rock\n|-ability|p1a: Weavile|Pressure\n|turn|19\n|\n|t:|1667788483\n|move|p2a: Dragapult|Shadow Ball|p1a: Weavile\n|-resisted|p1a: Weavile\n|-damage|p1a: Weavile|37\/100\n|-unboost|p1a: Weavile|spd|1\n|move|p1a: Weavile|Knock Off|p2a: Dragapult\n|-supereffective|p2a: Dragapult\n|-damage|p2a: Dragapult|0 fnt\n|-enditem|p2a: Dragapult|Choice Specs|[from] move: Knock Off|[of] p1a: Weavile\n|faint|p2a: Dragapult\n|\n|upkeep\n|c| Jamarius Dinglenut|holy spdef drops\n|\n|t:|1667788493\n|switch|p2a: Blaziken|Blaziken, M|100\/100\n|turn|20\n|c| Steelix Fusion|lol\n|\n|t:|1667788499\n|move|p1a: Weavile|Knock Off|p2a: Blaziken\n|-resisted|p2a: Blaziken\n|-damage|p2a: Blaziken|36\/100\n|-enditem|p2a: Blaziken|Life Orb|[from] move: Knock Off|[of] p1a: Weavile\n|move|p2a: Blaziken|Swords Dance|p2a: Blaziken\n|-boost|p2a: Blaziken|atk|2\n|\n|-ability|p2a: Blaziken|Speed Boost|boost\n|-boost|p2a: Blaziken|spe|1\n|upkeep\n|turn|21\n|c| Steelix Fusion|im saying\n|\n|t:|1667788510\n|switch|p1a: Zapdos|Zapdos|82\/100 tox\n|move|p2a: Blaziken|Knock Off|p1a: Zapdos\n|-damage|p1a: Zapdos|33\/100 tox\n|-status|p2a: Blaziken|par|[from] ability: Static|[of] p1a: Zapdos\n|-enditem|p1a: Zapdos|Heavy-Duty Boots|[from] move: Knock Off|[of] p2a: Blaziken\n|\n|-damage|p1a: Zapdos|27\/100 tox|[from] psn\n|-ability|p2a: Blaziken|Speed Boost|boost\n|-boost|p2a: Blaziken|spe|1\n|upkeep\n|turn|22\n|\n|t:|1667788522\n|cant|p2a: Blaziken|par\n|move|p1a: Zapdos|Discharge|p2a: Blaziken\n|-damage|p2a: Blaziken|0 fnt\n|faint|p2a: Blaziken\n|\n|-damage|p1a: Zapdos|15\/100 tox|[from] psn\n|upkeep\n|c| BabyPigsAreLaughin|That Weavile's damage, though.\n|j| Jongruenwald\n|inactive|Not Sarcasm has 120 seconds left.\n|\n|t:|1667788547\n|switch|p2a: Garchomp|Garchomp, F|100\/100\n|turn|23\n|c| Steelix Fusion|too bad\n|c| Steelix Fusion|blazkien sucks\n|\n|t:|1667788552\n|move|p2a: Garchomp|Scale Shot|p1a: Zapdos\n|-damage|p1a: Zapdos|4\/100 tox\n|-damage|p1a: Zapdos|0 fnt\n|faint|p1a: Zapdos\n|-hitcount|p1: Zapdos|2\n|-unboost|p2a: Garchomp|def|1\n|-boost|p2a: Garchomp|spe|1\n|\n|upkeep\n|\n|t:|1667788555\n|switch|p1a: Weavile|Weavile, M|37\/100\n|-damage|p1a: Weavile|12\/100|[from] Stealth Rock\n|-ability|p1a: Weavile|Pressure\n|turn|24\n|\n|t:|1667788564\n|switch|p2a: Toxapex|Toxapex, M|40\/100\n|switch|p1a: Garchomp|Garchomp, F|100\/100\n|-damage|p1a: Garchomp|94\/100|[from] Stealth Rock\n|\n|-heal|p1a: Garchomp|100\/100|[from] item: Leftovers\n|upkeep\n|turn|25\n|c| Jamarius Dinglenut|true\n|\n|t:|1667788575\n|move|p1a: Garchomp|Swords Dance|p1a: Garchomp\n|-boost|p1a: Garchomp|atk|2\n|move|p2a: Toxapex|Knock Off|p1a: Garchomp\n|-damage|p1a: Garchomp|87\/100\n|-damage|p2a: Toxapex|28\/100|[from] ability: Rough Skin|[of] p1a: Garchomp\n|-enditem|p1a: Garchomp|Leftovers|[from] move: Knock Off|[of] p2a: Toxapex\n|\n|upkeep\n|turn|26\n|c| Steelix Fusion|welp\n|c| Steelix Fusion|gg\n|c|\u2606Not Sarcasm|he won due to rng\n|c| Jamarius Dinglenut|scolipede better tbh\n|l|\u2606Not Sarcasm\n|inactive|Not Sarcasm disconnected and has a minute to reconnect!\n|player|p2|\n|c| Steelix Fusion|scolped\n|c| Steelix Fusion|is def better\n|c| BabyPigsAreLaughin|That rage quit, though.\n|l| Cocoon\u2601Evolution\n|c| Steelix Fusion|guy said hax\n|c| Steelix Fusion|when he had like\n|inactive|Not Sarcasm has 30 seconds to reconnect!\n|c| Steelix Fusion|5 spd drops\n|c| Steelix Fusion|lmao\n|c| Jamarius Dinglenut|my guy got 7000 spdef drops\n|c| Jamarius Dinglenut|fr\n|inactive|Not Sarcasm has 20 seconds to reconnect!\n|inactive|Not Sarcasm has 15 seconds to reconnect!\n|inactive|Not Sarcasm has 10 seconds to reconnect!\n|c| Jamarius Dinglenut|Aight gg fellas\n|inactive|Not Sarcasm has 5 seconds to reconnect!\n|c|\u2606acidosis|gg\n|c| Steelix Fusion|next game\n|-message|Not Sarcasm lost due to inactivity.\n|\n|win|acidosis\n|raw|acidosis's rating: 1697 &rarr; <strong>1715<\/strong><br \/>(+18 for winning)\n|raw|Not Sarcasm's rating: 1664 &rarr; <strong>1646<\/strong><br \/>(-18 for losing)\n|c| BabyPigsAreLaughin|Good game.\n|c| BabyPigsAreLaughin|https:\/\/play.pokemonshowdown.com\/battle-gen8ou-1704567605\n|l| RazorForce21\n|l| Steelix Fusion\n||Ladder isn't responding, score probably updated but might not have (Request timeout).\n","uploadtime":1667788675,"views":6,"p1id":"acidosis","p2id":"notsarcasm","formatid":"gen8ou","rating":1646,"private":0,"password":null}