{"id":"gen8randombattle-1313932450","p1":"Vivi Nefertari","p2":"stopthreat","format":"gen8randombattle","log":"|j|\u2606Vivi Nefertari\n|j|\u2606stopthreat\n|t:|1617384303\n|gametype|singles\n|player|p1|Vivi Nefertari|hilda-dueldisk|1721\n|player|p2|stopthreat|101|1743\n|teamsize|p1|6\n|teamsize|p2|6\n|gen|8\n|tier|[Gen 8] Random Battle\n|rated|\n|rule|Species Clause: Limit one of each Pok\u00e9mon\n|rule|HP Percentage Mod: HP is shown in percentages\n|rule|Sleep Clause Mod: Limit one foe put to sleep\n|\n|t:|1617384303\n|start\n|switch|p1a: Miltank|Miltank, L84, F|297\/297\n|switch|p2a: Morpeko|Morpeko, L86, M|240\/240\n|turn|1\n|\n|t:|1617384336\n|move|p2a: Morpeko|Aura Wheel|p1a: Miltank\n|-damage|p1a: Miltank|195\/297\n|-boost|p2a: Morpeko|spe|1\n|move|p1a: Miltank|Earthquake|p2a: Morpeko\n|-supereffective|p2a: Morpeko\n|-damage|p2a: Morpeko|66\/240\n|\n|-heal|p2a: Morpeko|81\/240|[from] item: Leftovers\n|-heal|p1a: Miltank|213\/297|[from] item: Leftovers\n|-formechange|p2a: Morpeko|Morpeko-Hangry||[from] ability: Hunger Switch\n|upkeep\n|turn|2\n|inactive|Battle timer is ON: inactive players will automatically lose when time's up. (requested by stopthreat)\n|\n|t:|1617384347\n|move|p2a: Morpeko|Aura Wheel|p1a: Miltank\n|-damage|p1a: Miltank|107\/297\n|-boost|p2a: Morpeko|spe|1\n|move|p1a: Miltank|Body Slam|p2a: Morpeko\n|-damage|p2a: Morpeko|0 fnt\n|faint|p2a: Morpeko\n|\n|-heal|p1a: Miltank|125\/297|[from] item: Leftovers\n|upkeep\n|\n|t:|1617384366\n|switch|p2a: Thundurus|Thundurus-Therian, L80, M|258\/258\n|turn|3\n|\n|t:|1617384384\n|switch|p1a: Reshiram|Reshiram, L74|270\/270\n|-ability|p1a: Reshiram|Turboblaze\n|move|p2a: Thundurus|Focus Blast|p1a: Reshiram\n|-damage|p1a: Reshiram|170\/270\n|\n|upkeep\n|turn|4\n|\n|t:|1617384395\n|switch|p2a: Corsola|Corsola-Galar, L84, F|238\/238\n|move|p1a: Reshiram|Stone Edge|p2a: Corsola\n|-damage|p2a: Corsola|199\/238\n|\n|upkeep\n|turn|5\n|\n|t:|1617384413\n|move|p1a: Reshiram|Blue Flare|p2a: Corsola\n|-damage|p2a: Corsola|106\/238\n|-status|p2a: Corsola|brn\n|-start|p1a: Reshiram|Disable|Blue Flare|[from] ability: Cursed Body|[of] p2a: Corsola\n|move|p2a: Corsola|Stealth Rock|p1a: Reshiram\n|-sidestart|p1: Vivi Nefertari|move: Stealth Rock\n|\n|-damage|p2a: Corsola|92\/238 brn|[from] brn\n|upkeep\n|turn|6\n|\n|t:|1617384428\n|move|p1a: Reshiram|Dragon Pulse|p2a: Corsola\n|-damage|p2a: Corsola|28\/238 brn\n|move|p2a: Corsola|Night Shade|p1a: Reshiram\n|-damage|p1a: Reshiram|86\/270\n|\n|-damage|p2a: Corsola|14\/238 brn|[from] brn\n|upkeep\n|turn|7\n|\n|t:|1617384439\n|move|p1a: Reshiram|Dragon Pulse|p2a: Corsola\n|-damage|p2a: Corsola|0 fnt\n|faint|p2a: Corsola\n|\n|upkeep\n|\n|t:|1617384445\n|switch|p2a: Sharpedo|Sharpedo, L82, M|249\/249\n|turn|8\n|\n|t:|1617384450\n|move|p2a: Sharpedo|Crunch|p1a: Reshiram\n|-damage|p1a: Reshiram|0 fnt\n|-damage|p2a: Sharpedo|225\/249|[from] item: Life Orb\n|faint|p1a: Reshiram\n|\n|-ability|p2a: Sharpedo|Speed Boost|boost\n|-boost|p2a: Sharpedo|spe|1\n|upkeep\n|\n|t:|1617384464\n|switch|p1a: Virizion|Virizion, L82|283\/283\n|-damage|p1a: Virizion|266\/283|[from] Stealth Rock\n|turn|9\n|\n|t:|1617384477\n|switch|p2a: Thundurus|Thundurus-Therian, L80, M|258\/258\n|move|p1a: Virizion|Leaf Blade|p2a: Thundurus\n|-resisted|p2a: Thundurus\n|-crit|p2a: Thundurus\n|-damage|p2a: Thundurus|183\/258\n|\n|upkeep\n|turn|10\n|\n|t:|1617384494\n|switch|p1a: Umbreon|Umbreon, L82, F|290\/290\n|-damage|p1a: Umbreon|254\/290|[from] Stealth Rock\n|move|p2a: Thundurus|Psychic|p1a: Umbreon\n|-immune|p1a: Umbreon\n|\n|-heal|p1a: Umbreon|272\/290|[from] item: Leftovers\n|upkeep\n|turn|11\n|\n|t:|1617384514\n|switch|p2a: Bronzong|Bronzong, L82|244\/244\n|move|p1a: Umbreon|Toxic|p2a: Bronzong\n|-immune|p2a: Bronzong\n|\n|-heal|p1a: Umbreon|290\/290|[from] item: Leftovers\n|upkeep\n|turn|12\n|\n|t:|1617384524\n|move|p1a: Umbreon|Wish|p1a: Umbreon\n|move|p2a: Bronzong|Toxic|p1a: Umbreon\n|-status|p1a: Umbreon|tox\n|-activate|p1a: Umbreon|ability: Synchronize\n|-immune|p2a: Bronzong\n|\n|-damage|p1a: Umbreon|272\/290 tox|[from] psn\n|upkeep\n|turn|13\n|\n|t:|1617384531\n|move|p1a: Umbreon|Foul Play|p2a: Bronzong\n|-supereffective|p2a: Bronzong\n|-damage|p2a: Bronzong|94\/244\n|move|p2a: Bronzong|Iron Head|p1a: Umbreon\n|-damage|p1a: Umbreon|208\/290 tox\n|\n|-heal|p1a: Umbreon|290\/290 tox|[from] move: Wish|[wisher] Umbreon\n|-heal|p2a: Bronzong|109\/244|[from] item: Leftovers\n|-damage|p1a: Umbreon|254\/290 tox|[from] psn\n|upkeep\n|turn|14\n|\n|t:|1617384538\n|move|p2a: Bronzong|Protect|p2a: Bronzong\n|-singleturn|p2a: Bronzong|Protect\n|move|p1a: Umbreon|Foul Play|p2a: Bronzong\n|-activate|p2a: Bronzong|move: Protect\n|\n|-heal|p1a: Umbreon|272\/290 tox|[from] item: Leftovers\n|-heal|p2a: Bronzong|124\/244|[from] item: Leftovers\n|-damage|p1a: Umbreon|218\/290 tox|[from] psn\n|upkeep\n|turn|15\n|\n|t:|1617384543\n|switch|p2a: Sharpedo|Sharpedo, L82, M|225\/249\n|move|p1a: Umbreon|Foul Play|p2a: Sharpedo\n|-resisted|p2a: Sharpedo\n|-damage|p2a: Sharpedo|132\/249\n|\n|-heal|p1a: Umbreon|236\/290 tox|[from] item: Leftovers\n|-damage|p1a: Umbreon|164\/290 tox|[from] psn\n|upkeep\n|turn|16\n|\n|t:|1617384548\n|move|p2a: Sharpedo|Close Combat|p1a: Umbreon\n|-supereffective|p1a: Umbreon\n|-crit|p1a: Umbreon\n|-damage|p1a: Umbreon|0 fnt\n|-unboost|p2a: Sharpedo|def|1\n|-unboost|p2a: Sharpedo|spd|1\n|-damage|p2a: Sharpedo|108\/249|[from] item: Life Orb\n|faint|p1a: Umbreon\n|\n|-ability|p2a: Sharpedo|Speed Boost|boost\n|-boost|p2a: Sharpedo|spe|1\n|upkeep\n|\n|t:|1617384557\n|switch|p1a: Virizion|Virizion, L82|266\/283\n|-damage|p1a: Virizion|249\/283|[from] Stealth Rock\n|turn|17\n|\n|t:|1617384572\n|move|p2a: Sharpedo|Close Combat|p1a: Virizion\n|-damage|p1a: Virizion|102\/283\n|-unboost|p2a: Sharpedo|def|1\n|-unboost|p2a: Sharpedo|spd|1\n|-damage|p2a: Sharpedo|84\/249|[from] item: Life Orb\n|move|p1a: Virizion|Stone Edge|p2a: Sharpedo\n|-damage|p2a: Sharpedo|0 fnt\n|faint|p2a: Sharpedo\n|\n|upkeep\n|\n|t:|1617384578\n|switch|p2a: Dragonite|Dragonite, L76, F|263\/263\n|turn|18\n|\n|t:|1617384585\n|switch|p1a: Melmetal|Melmetal, L74|322\/322\n|-damage|p1a: Melmetal|302\/322|[from] Stealth Rock\n|move|p2a: Dragonite|Dragon Dance|p2a: Dragonite\n|-boost|p2a: Dragonite|atk|1\n|-boost|p2a: Dragonite|spe|1\n|\n|-heal|p1a: Melmetal|322\/322|[from] item: Leftovers\n|upkeep\n|turn|19\n|\n|t:|1617384595\n|switch|p2a: Bronzong|Bronzong, L82|124\/244\n|-start|p1a: Melmetal|Dynamax\n|-heal|p1a: Melmetal|644\/644|[silent]\n|move|p1a: Melmetal|Max Steelspike|p2a: Bronzong\n|-resisted|p2a: Bronzong\n|-damage|p2a: Bronzong|62\/244\n|-boost|p1a: Melmetal|def|1\n|\n|-heal|p2a: Bronzong|77\/244|[from] item: Leftovers\n|upkeep\n|turn|20\n|\n|t:|1617384605\n|move|p2a: Bronzong|Protect|p2a: Bronzong\n|-singleturn|p2a: Bronzong|Protect\n|move|p1a: Melmetal|Max Knuckle|p2a: Bronzong\n|-zbroken|p2a: Bronzong\n|-damage|p2a: Bronzong|63\/244\n|-boost|p1a: Melmetal|atk|1\n|\n|-heal|p2a: Bronzong|78\/244|[from] item: Leftovers\n|upkeep\n|turn|21\n|\n|t:|1617384614\n|move|p2a: Bronzong|Earthquake|p1a: Melmetal\n|-supereffective|p1a: Melmetal\n|-damage|p1a: Melmetal|578\/644\n|move|p1a: Melmetal|Max Knuckle|p2a: Bronzong\n|-damage|p2a: Bronzong|0 fnt\n|-boost|p1a: Melmetal|atk|1\n|faint|p2a: Bronzong\n|\n|-heal|p1a: Melmetal|598\/644|[from] item: Leftovers\n|-end|p1a: Melmetal|Dynamax\n|-heal|p1a: Melmetal|299\/322|[silent]\n|upkeep\n|\n|t:|1617384617\n|switch|p2a: Thundurus|Thundurus-Therian, L80, M|183\/258\n|turn|22\n|\n|t:|1617384630\n|-start|p2a: Thundurus|Dynamax\n|-heal|p2a: Thundurus|366\/516|[silent]\n|move|p2a: Thundurus|Max Lightning|p1a: Melmetal\n|-damage|p1a: Melmetal|35\/322\n|-fieldstart|move: Electric Terrain\n|move|p1a: Melmetal|Double Iron Bash|p2a: Thundurus\n|-resisted|p2a: Thundurus\n|-damage|p2a: Thundurus|266\/516\n|-resisted|p2a: Thundurus\n|-crit|p2a: Thundurus\n|-damage|p2a: Thundurus|122\/516\n|-hitcount|p2a: Thundurus|2\n|\n|-heal|p1a: Melmetal|55\/322|[from] item: Leftovers\n|upkeep\n|turn|23\n|\n|t:|1617384645\n|move|p2a: Thundurus|Max Lightning|p1a: Melmetal\n|-damage|p1a: Melmetal|0 fnt\n|faint|p1a: Melmetal\n|\n|upkeep\n|\n|t:|1617384651\n|switch|p1a: Miltank|Miltank, L84, F|125\/297\n|-damage|p1a: Miltank|88\/297|[from] Stealth Rock\n|turn|24\n|\n|t:|1617384663\n|move|p1a: Miltank|Body Slam|p2a: Thundurus\n|-damage|p2a: Thundurus|26\/516\n|move|p2a: Thundurus|Max Lightning|p1a: Miltank\n|-damage|p1a: Miltank|0 fnt\n|faint|p1a: Miltank\n|\n|-end|p2a: Thundurus|Dynamax\n|-heal|p2a: Thundurus|13\/258|[silent]\n|upkeep\n|\n|t:|1617384672\n|switch|p1a: Virizion|Virizion, L82|102\/283\n|-damage|p1a: Virizion|85\/283|[from] Stealth Rock\n|turn|25\n|\n|t:|1617384687\n|move|p2a: Thundurus|Psychic|p1a: Virizion\n|-supereffective|p1a: Virizion\n|-damage|p1a: Virizion|0 fnt\n|faint|p1a: Virizion\n|\n|upkeep\n|\n|t:|1617384693\n|switch|p1a: Regirock|Regirock, L84|272\/272\n|-damage|p1a: Regirock|238\/272|[from] Stealth Rock\n|turn|26\n|\n|t:|1617384708\n|move|p2a: Thundurus|Psychic|p1a: Regirock\n|-damage|p1a: Regirock|169\/272\n|move|p1a: Regirock|Rock Slide|p2a: Thundurus\n|-supereffective|p2a: Thundurus\n|-damage|p2a: Thundurus|0 fnt\n|faint|p2a: Thundurus\n|\n|-fieldend|move: Electric Terrain\n|upkeep\n|\n|t:|1617384711\n|switch|p2a: Dragonite|Dragonite, L76, F|263\/263\n|turn|27\n|\n|t:|1617384716\n|move|p2a: Dragonite|Dragon Dance|p2a: Dragonite\n|-boost|p2a: Dragonite|atk|1\n|-boost|p2a: Dragonite|spe|1\n|move|p1a: Regirock|Curse|p1a: Regirock\n|-unboost|p1a: Regirock|spe|1\n|-boost|p1a: Regirock|atk|1\n|-boost|p1a: Regirock|def|1\n|\n|upkeep\n|turn|28\n|inactive|stopthreat has 120 seconds left.\n|\n|t:|1617384769\n|move|p2a: Dragonite|Outrage|p1a: Regirock\n|-crit|p1a: Regirock\n|-damage|p1a: Regirock|16\/272\n|move|p1a: Regirock|Rest|p1a: Regirock\n|-status|p1a: Regirock|slp|[from] move: Rest\n|-heal|p1a: Regirock|272\/272 slp|[silent]\n|-enditem|p1a: Regirock|Chesto Berry|[eat]\n|-curestatus|p1a: Regirock|slp|[msg]\n|\n|upkeep\n|turn|29\n|\n|t:|1617384777\n|move|p2a: Dragonite|Outrage|p1a: Regirock|[from]lockedmove\n|-damage|p1a: Regirock|203\/272\n|move|p1a: Regirock|Rock Slide|p2a: Dragonite\n|-supereffective|p2a: Dragonite\n|-damage|p2a: Dragonite|136\/263\n|\n|upkeep\n|turn|30\n|\n|t:|1617384784\n|move|p2a: Dragonite|Outrage|p1a: Regirock|[from]lockedmove\n|-damage|p1a: Regirock|131\/272\n|-start|p2a: Dragonite|confusion|[fatigue]\n|move|p1a: Regirock|Rock Slide|p2a: Dragonite\n|-supereffective|p2a: Dragonite\n|-damage|p2a: Dragonite|0 fnt\n|faint|p2a: Dragonite\n|\n|win|Vivi Nefertari\n|raw|Vivi Nefertari's rating: 1721 &rarr; <strong>1744<\/strong><br \/>(+23 for winning)\n|raw|stopthreat's rating: 1768 &rarr; <strong>1745<\/strong><br \/>(-23 for losing)\n|c|\u2606Vivi Nefertari|gg\n","inputlog":">version 791ded0aa263c9a38bd3c6d87071aaaf9a5e4744\n>start {\"formatid\":\"gen8randombattle\",\"seed\":[64603,7296,4215,41237],\"rated\":\"Rated battle\"}\n>player p1 {\"name\":\"Vivi Nefertari\",\"avatar\":\"hilda-dueldisk\",\"rating\":1721,\"seed\":[8735,13000,62380,19276]}\n>player p2 {\"name\":\"stopthreat\",\"avatar\":\"101\",\"rating\":1743,\"seed\":[43401,32299,54268,40319]}\n>p1 move earthquake\n>p2 move aurawheel\n>p1 move bodyslam\n>p2 move aurawheel\n>p2 switch 4\n>p1 switch 2\n>p2 move focusblast\n>p1 move stoneedge\n>p2 switch 5\n>p1 move blueflare\n>p2 move stealthrock\n>p1 move dragonpulse\n>p2 move nightshade\n>p1 move dragonpulse\n>p2 move nightshade\n>p2 switch 2\n>p1 move roost\n>p2 move crunch\n>p1 switch 6\n>p1 move leafblade\n>p2 switch 5\n>p1 switch 3\n>p2 move psychic\n>p1 move toxic\n>p2 switch 6\n>p1 move wish\n>p2 move toxic\n>p1 move foulplay\n>p2 move ironhead\n>p1 move foulplay\n>p2 move protect\n>p1 move foulplay\n>p2 switch 5\n>p1 move foulplay\n>p2 move closecombat\n>p1 switch 3\n>p1 move stoneedge\n>p2 move closecombat\n>p2 switch 3\n>p1 switch 5\n>p2 move dragondance\n>p1 move doubleironbash dynamax\n>p2 switch 5\n>p1 move superpower dynamax\n>p2 move protect\n>p1 move superpower dynamax\n>p2 move earthquake\n>p2 switch 6\n>p1 move doubleironbash\n>p2 move thunderbolt dynamax\n>p1 move doubleironbash\n>p2 move thunderbolt dynamax\n>p1 switch 2\n>p1 move bodyslam\n>p2 move thunderbolt dynamax\n>p1 switch 5\n>p1 move leafblade\n>p2 move psychic\n>p1 switch 4\n>p1 move rockslide\n>p2 move psychic\n>p2 switch 5\n>p1 move curse\n>p2 move dragondance\n>p1 move rest\n>p2 move outrage\n>p1 move rockslide\n>p2 move outrage\n>p1 move rockslide\n>p2 move outrage","uploadtime":1617384813,"views":15,"p1id":"vivinefertari","p2id":"stopthreat","formatid":"gen8randombattle","rating":1744,"private":0,"password":null}