{"id":"gen8anythinggoes-1446441554","p1":"ozanax","p2":"anibunnysomoney","format":"gen8anythinggoes","log":"|j|\u2606ozanax\n|j|\u2606anibunnysomoney\n|t:|1635743092\n|gametype|singles\n|player|p1|ozanax|n|\n|player|p2|anibunnysomoney|170|\n|teamsize|p1|6\n|teamsize|p2|6\n|gen|8\n|tier|[Gen 8] Anything Goes\n|rule|HP Percentage Mod: HP is shown in percentages\n|rule|Endless Battle Clause: Forcing endless battles is banned\n|clearpoke\n|poke|p1|Cinderace, M|\n|poke|p1|Zeraora|\n|poke|p1|Chansey, F|\n|poke|p1|Rotom-Wash|\n|poke|p1|Cobalion|\n|poke|p1|Goodra, F|\n|poke|p2|Klefki, M|\n|poke|p2|Jirachi|\n|poke|p2|Kingdra, F|\n|poke|p2|Seismitoad, F|\n|poke|p2|Jolteon, M|\n|poke|p2|Urshifu-*, M|\n|teampreview\n|j| Kingjamesjr\n|c| Kingjamesjr|Gl\n|\n|t:|1635743200\n|start\n|switch|p1a: Cobalion|Cobalion, shiny|100\/100\n|switch|p2a: Seismitoad|Seismitoad, F|100\/100\n|turn|1\n|\n|t:|1635743246\n|move|p1a: Cobalion|Close Combat|p2a: Seismitoad\n|-damage|p2a: Seismitoad|44\/100\n|-unboost|p1a: Cobalion|def|1\n|-unboost|p1a: Cobalion|spd|1\n|move|p2a: Seismitoad|Earthquake|p1a: Cobalion\n|-supereffective|p1a: Cobalion\n|-damage|p1a: Cobalion|0 fnt\n|faint|p1a: Cobalion\n|-damage|p2a: Seismitoad|34\/100|[from] item: Life Orb\n|\n|upkeep\n|\n|t:|1635743262\n|switch|p1a: Goodra|Goodra, F, shiny|100\/100\n|turn|2\n|\n|t:|1635743268\n|move|p2a: Seismitoad|Ice Punch|p1a: Goodra\n|-supereffective|p1a: Goodra\n|-damage|p1a: Goodra|20\/100\n|-damage|p2a: Seismitoad|24\/100|[from] item: Life Orb\n|move|p1a: Goodra|Power Whip|p2a: Seismitoad\n|-supereffective|p2a: Seismitoad\n|-damage|p2a: Seismitoad|0 fnt\n|faint|p2a: Seismitoad\n|\n|upkeep\n|\n|t:|1635743319\n|switch|p2a: Urshifu|Urshifu, M|100\/100\n|turn|3\n|\n|t:|1635743359\n|-start|p2a: Urshifu|Dynamax\n|-formechange|p2a: Urshifu|Urshifu-Gmax\n|-heal|p2a: Urshifu|100\/100|[silent]\n|move|p2a: Urshifu|Max Airstream|p1a: Goodra\n|-damage|p1a: Goodra|0 fnt\n|-boost|p2a: Urshifu|spe|1\n|faint|p1a: Goodra\n|\n|upkeep\n|\n|t:|1635743485\n|switch|p1a: Zeraora|Zeraora, shiny|100\/100\n|turn|4\n|\n|t:|1635743601\n|move|p1a: Zeraora|Close Combat|p2a: Urshifu\n|-supereffective|p2a: Urshifu\n|-damage|p2a: Urshifu|69\/100\n|-unboost|p1a: Zeraora|def|1\n|-unboost|p1a: Zeraora|spd|1\n|move|p2a: Urshifu|Max Knuckle|p1a: Zeraora\n|-damage|p1a: Zeraora|0 fnt\n|-boost|p2a: Urshifu|atk|1\n|faint|p1a: Zeraora\n|\n|upkeep\n|\n|t:|1635743626\n|switch|p1a: Rotom|Rotom-Wash, shiny|100\/100\n|turn|5\n|\n|t:|1635743647\n|move|p1a: Rotom|Will-O-Wisp|p2a: Urshifu\n|-status|p2a: Urshifu|brn\n|move|p2a: Urshifu|G-Max One Blow|p1a: Rotom\n|-damage|p1a: Rotom|30\/100\n|\n|-damage|p2a: Urshifu|66\/100 brn|[from] brn\n|-end|p2a: Urshifu|Dynamax\n|-formechange|p2a: Urshifu|Urshifu\n|-heal|p2a: Urshifu|66\/100 brn|[silent]\n|upkeep\n|turn|6\n|\n|t:|1635743713\n|move|p1a: Rotom|Will-O-Wisp|p2a: Urshifu\n|-fail|p2a: Urshifu|brn\n|move|p2a: Urshifu|Wicked Blow|p1a: Rotom\n|-crit|p1a: Rotom\n|-damage|p1a: Rotom|0 fnt\n|faint|p1a: Rotom\n|\n|-damage|p2a: Urshifu|60\/100 brn|[from] brn\n|upkeep\n|\n|t:|1635743723\n|switch|p1a: Cinderace|Cinderace, M, shiny|100\/100\n|turn|7\n|\n|t:|1635743754\n|-start|p1a: Cinderace|Dynamax\n|-formechange|p1a: Cinderace|Cinderace-Gmax\n|-heal|p1a: Cinderace|100\/100|[silent]\n|move|p1a: Cinderace|Max Knuckle|p2a: Urshifu\n|-start|p1a: Cinderace|typechange|Fighting|[from] ability: Libero\n|-supereffective|p2a: Urshifu\n|-damage|p2a: Urshifu|0 fnt\n|-boost|p1a: Cinderace|atk|1\n|faint|p2a: Urshifu\n|\n|upkeep\n|\n|t:|1635743776\n|switch|p2a: Klefki|Klefki, M|100\/100\n|turn|8\n|\n|t:|1635743789\n|move|p2a: Klefki|Substitute|p2a: Klefki\n|-start|p2a: Klefki|Substitute\n|-damage|p2a: Klefki|76\/100\n|move|p1a: Cinderace|G-Max Fireball|p2a: Klefki\n|-start|p1a: Cinderace|typechange|Fire|[from] ability: Libero\n|-supereffective|p2a: Klefki\n|-end|p2a: Klefki|Substitute\n|\n|upkeep\n|turn|9\n|\n|t:|1635743800\n|move|p2a: Klefki|Substitute|p2a: Klefki\n|-start|p2a: Klefki|Substitute\n|-damage|p2a: Klefki|51\/100\n|move|p1a: Cinderace|G-Max Fireball|p2a: Klefki\n|-supereffective|p2a: Klefki\n|-end|p2a: Klefki|Substitute\n|\n|-end|p1a: Cinderace|Dynamax\n|-formechange|p1a: Cinderace|Cinderace\n|-heal|p1a: Cinderace|100\/100|[silent]\n|upkeep\n|turn|10\n|\n|t:|1635743820\n|move|p2a: Klefki|Substitute|p2a: Klefki\n|-start|p2a: Klefki|Substitute\n|-damage|p2a: Klefki|26\/100\n|move|p1a: Cinderace|U-turn|p2a: Klefki\n|-start|p1a: Cinderace|typechange|Bug|[from] ability: Libero\n|-resisted|p2a: Klefki\n|-activate|p2a: Klefki|move: Substitute|[damage]\n|\n|t:|1635743826\n|switch|p1a: Chansey|Chansey, F, shiny|100\/100|[from]move: U-turn\n|\n|upkeep\n|turn|11\n|\n|t:|1635743848\n|move|p2a: Klefki|Toxic|p1a: Chansey\n|-status|p1a: Chansey|tox\n|move|p1a: Chansey|Seismic Toss|p2a: Klefki\n|-end|p2a: Klefki|Substitute\n|\n|-damage|p1a: Chansey|94\/100 tox|[from] psn\n|upkeep\n|turn|12\n|\n|t:|1635743862\n|move|p2a: Klefki|Substitute|p2a: Klefki\n|-start|p2a: Klefki|Substitute\n|-damage|p2a: Klefki|1\/100\n|move|p1a: Chansey|Stealth Rock|p2a: Klefki\n|-sidestart|p2: anibunnysomoney|move: Stealth Rock\n|\n|-damage|p1a: Chansey|82\/100 tox|[from] psn\n|upkeep\n|turn|13\n|\n|t:|1635743871\n|move|p2a: Klefki|Reflect|p2a: Klefki\n|-sidestart|p2: anibunnysomoney|Reflect\n|move|p1a: Chansey|Seismic Toss|p2a: Klefki\n|-end|p2a: Klefki|Substitute\n|\n|-damage|p1a: Chansey|64\/100 tox|[from] psn\n|upkeep\n|turn|14\n|\n|t:|1635743891\n|move|p2a: Klefki|Reflect||[still]\n|-fail|p2a: Klefki\n|move|p1a: Chansey|Soft-Boiled|p1a: Chansey\n|-heal|p1a: Chansey|100\/100 tox\n|\n|-damage|p1a: Chansey|76\/100 tox|[from] psn\n|upkeep\n|turn|15\n|\n|t:|1635743915\n|switch|p2a: Jirachi|Jirachi|100\/100\n|-damage|p2a: Jirachi|94\/100|[from] Stealth Rock\n|move|p1a: Chansey|Soft-Boiled|p1a: Chansey\n|-heal|p1a: Chansey|100\/100 tox\n|\n|-damage|p1a: Chansey|70\/100 tox|[from] psn\n|upkeep\n|turn|16\n|\n|t:|1635743925\n|move|p2a: Jirachi|Calm Mind|p2a: Jirachi\n|-boost|p2a: Jirachi|spa|1\n|-boost|p2a: Jirachi|spd|1\n|move|p1a: Chansey|Seismic Toss|p2a: Jirachi\n|-damage|p2a: Jirachi|70\/100\n|\n|-damage|p1a: Chansey|33\/100 tox|[from] psn\n|upkeep\n|turn|17\n|\n|t:|1635743935\n|-curestatus|p1a: Chansey|tox|[from] ability: Natural Cure\n|switch|p1a: Cinderace|Cinderace, M, shiny|100\/100\n|move|p2a: Jirachi|Iron Defense|p2a: Jirachi\n|-boost|p2a: Jirachi|def|2\n|\n|-sideend|p2: anibunnysomoney|Reflect\n|upkeep\n|turn|18\n|\n|t:|1635743960\n|move|p1a: Cinderace|Pyro Ball|p2a: Jirachi\n|-supereffective|p2a: Jirachi\n|-damage|p2a: Jirachi|31\/100\n|move|p2a: Jirachi|Baton Pass|p2a: Jirachi\n|\n|t:|1635743965\n|switch|p2a: Jolteon|Jolteon, M|100\/100|[from]move: Baton Pass\n|-damage|p2a: Jolteon|88\/100|[from] Stealth Rock\n|\n|upkeep\n|turn|19\n|\n|t:|1635743992\n|move|p1a: Cinderace|U-turn|p2a: Jolteon\n|-start|p1a: Cinderace|typechange|Bug|[from] ability: Libero\n|-damage|p2a: Jolteon|63\/100\n|\n|t:|1635743995\n|switch|p1a: Chansey|Chansey, F, shiny|33\/100|[from]move: U-turn\n|move|p2a: Jolteon|Rain Dance|p2a: Jolteon\n|-weather|RainDance\n|\n|-weather|RainDance|[upkeep]\n|upkeep\n|turn|20\n|\n|t:|1635744006\n|move|p2a: Jolteon|Baton Pass|p2a: Jolteon\n|\n|t:|1635744009\n|switch|p2a: Kingdra|Kingdra, F|100\/100|[from]move: Baton Pass\n|-damage|p2a: Kingdra|88\/100|[from] Stealth Rock\n|move|p1a: Chansey|Toxic|p2a: Kingdra\n|-status|p2a: Kingdra|tox\n|\n|-weather|RainDance|[upkeep]\n|-damage|p2a: Kingdra|82\/100 tox|[from] psn\n|upkeep\n|turn|21\n|\n|t:|1635744022\n|move|p2a: Kingdra|Surf|p1a: Chansey\n|-damage|p1a: Chansey|0 fnt\n|faint|p1a: Chansey\n|-damage|p2a: Kingdra|72\/100 tox|[from] item: Life Orb\n|\n|-weather|RainDance|[upkeep]\n|-damage|p2a: Kingdra|60\/100 tox|[from] psn\n|upkeep\n|\n|t:|1635744025\n|switch|p1a: Cinderace|Cinderace, M, shiny|100\/100\n|turn|22\n|l| Kingjamesjr\n|\n|t:|1635744038\n|move|p2a: Kingdra|Surf|p1a: Cinderace\n|-supereffective|p1a: Cinderace\n|-damage|p1a: Cinderace|0 fnt\n|faint|p1a: Cinderace\n|-damage|p2a: Kingdra|50\/100 tox|[from] item: Life Orb\n|\n|win|anibunnysomoney\n|l|\u2606ozanax\n","uploadtime":1635744061,"views":22,"p1id":"ozanax","p2id":"anibunnysomoney","formatid":"gen8anythinggoes","rating":0,"private":0,"password":null}