{"id":"gen8nationaldexag-1702679103","p1":"ElyFlyGuy","p2":"Elon Musk Rusk","format":"gen8nationaldexag","log":"|j|\u2606ElyFlyGuy\n|j|\u2606Elon Musk Rusk\n|t:|1667577091\n|gametype|singles\n|player|p1|ElyFlyGuy|silver|\n|player|p2|Elon Musk Rusk|266|\n|teamsize|p1|6\n|teamsize|p2|6\n|gen|8\n|tier|[Gen 8] National Dex AG\n|rule|HP Percentage Mod: HP is shown in percentages\n|rule|Endless Battle Clause: Forcing endless battles is banned\n|clearpoke\n|poke|p1|Flygon, F|\n|poke|p1|Kyurem-Black|\n|poke|p1|Umbreon, M|\n|poke|p1|Weezing, F|\n|poke|p1|Blastoise, F|\n|poke|p1|Tapu Koko|\n|poke|p2|Tapu Fini|\n|poke|p2|Gallade, M|\n|poke|p2|Goodra, M|\n|poke|p2|Mandibuzz, F|\n|poke|p2|Regieleki|\n|poke|p2|Aegislash, M|\n|teampreview\n|\n|t:|1667577158\n|start\n|switch|p1a: Tapu Woahko|Tapu Koko|100\/100\n|switch|p2a: Goodra|Goodra, M|100\/100\n|-fieldstart|move: Electric Terrain|[from] ability: Electric Surge|[of] p1a: Tapu Woahko\n|turn|1\n|\n|t:|1667577196\n|move|p1a: Tapu Woahko|U-turn|p2a: Goodra\n|-damage|p2a: Goodra|84\/100\n|\n|t:|1667577235\n|switch|p1a: Umbreyawn|Umbreon, M|100\/100|[from]move: U-turn\n|move|p2a: Goodra|Body Press|p1a: Umbreyawn\n|-supereffective|p1a: Umbreyawn\n|-damage|p1a: Umbreyawn|77\/100\n|\n|-heal|p1a: Umbreyawn|83\/100|[from] item: Leftovers\n|upkeep\n|turn|2\n|\n|t:|1667577248\n|switch|p2a: Tapu Fini|Tapu Fini|100\/100\n|-fieldstart|move: Misty Terrain|[from] ability: Misty Surge|[of] p2a: Tapu Fini\n|move|p1a: Umbreyawn|Foul Play|p2a: Tapu Fini\n|-resisted|p2a: Tapu Fini\n|-damage|p2a: Tapu Fini|93\/100\n|\n|-heal|p1a: Umbreyawn|89\/100|[from] item: Leftovers\n|upkeep\n|turn|3\n|\n|t:|1667577256\n|move|p1a: Umbreyawn|Protect|p1a: Umbreyawn\n|-singleturn|p1a: Umbreyawn|Protect\n|move|p2a: Tapu Fini|Moonblast|p1a: Umbreyawn\n|-activate|p1a: Umbreyawn|move: Protect\n|\n|-heal|p1a: Umbreyawn|95\/100|[from] item: Leftovers\n|upkeep\n|turn|4\n|c|\u2606Elon Musk Rusk|No bitches is what I just got told\n|c|\u2606Elon Musk Rusk|what do I reoky\n|c|\u2606Elon Musk Rusk|reply\n|\n|t:|1667577324\n|switch|p1a: Gleezing|Weezing, F|100\/100\n|move|p2a: Tapu Fini|Moonblast|p1a: Gleezing\n|-resisted|p1a: Gleezing\n|-damage|p1a: Gleezing|83\/100\n|\n|upkeep\n|turn|5\n|c|\u2606ElyFlyGuy|\"cap\"\n|\n|t:|1667577344\n|switch|p2a: Aegislash|Aegislash, M|100\/100\n|move|p1a: Gleezing|Toxic Spikes|p2a: Aegislash\n|-sidestart|p2: Elon Musk Rusk|move: Toxic Spikes\n|\n|upkeep\n|turn|6\n|\n|t:|1667577357\n|-formechange|p2a: Aegislash|Aegislash-Blade||[from] ability: Stance Change\n|move|p2a: Aegislash|Flash Cannon|p1a: Gleezing\n|-damage|p1a: Gleezing|43\/100\n|move|p1a: Gleezing|Flamethrower|p2a: Aegislash\n|-supereffective|p2a: Aegislash\n|-damage|p2a: Aegislash|46\/100\n|\n|-heal|p2a: Aegislash|52\/100|[from] item: Leftovers\n|-fieldend|Misty Terrain\n|upkeep\n|turn|7\n|\n|t:|1667577377\n|switch|p2a: Mandibuzz|Mandibuzz, F|100\/100\n|switch|p1a: Basteoise|Blastoise, F|100\/100\n|\n|upkeep\n|turn|8\n|\n|t:|1667577385\n|detailschange|p1a: Basteoise|Blastoise-Mega, F\n|-mega|p1a: Basteoise|Blastoise|Blastoisinite\n|move|p1a: Basteoise|Scald|p2a: Mandibuzz\n|-damage|p2a: Mandibuzz|71\/100\n|move|p2a: Mandibuzz|U-turn|p1a: Basteoise\n|-damage|p1a: Basteoise|93\/100\n|c|\u2606Elon Musk Rusk|Yuup I choked\n|c|\u2606Elon Musk Rusk|wrong sets\n|\n|t:|1667577398\n|switch|p2a: Regieleki|Regieleki|100\/100|[from]move: U-turn\n|-status|p2a: Regieleki|psn\n|\n|-damage|p2a: Regieleki|88\/100 psn|[from] psn\n|upkeep\n|turn|9\n|c|\u2606Elon Musk Rusk|so fun.\n|\n|t:|1667577408\n|switch|p1a: Flygone|Flygon, F|100\/100\n|move|p2a: Regieleki|Rapid Spin|p1a: Flygone\n|-damage|p1a: Flygone|87\/100\n|-boost|p2a: Regieleki|spe|1\n|-sideend|p2: Elon Musk Rusk|Toxic Spikes|[from] move: Rapid Spin|[of] p2a: Regieleki\n|\n|-damage|p2a: Regieleki|76\/100 psn|[from] psn\n|upkeep\n|turn|10\n|\n|t:|1667577416\n|switch|p2a: Gallade|Gallade, M|100\/100\n|move|p1a: Flygone|U-turn|p2a: Gallade\n|-damage|p2a: Gallade|45\/100\n|\n|t:|1667577455\n|switch|p1a: Tapu Woahko|Tapu Koko|100\/100|[from]move: U-turn\n|-fieldstart|move: Electric Terrain|[from] ability: Electric Surge|[of] p1a: Tapu Woahko\n|\n|upkeep\n|turn|11\n|\n|t:|1667577462\n|switch|p2a: Goodra|Goodra, M|84\/100\n|move|p1a: Tapu Woahko|Dazzling Gleam|p2a: Goodra\n|-supereffective|p2a: Goodra\n|-damage|p2a: Goodra|63\/100\n|\n|upkeep\n|turn|12\n|\n|t:|1667577469\n|switch|p2a: Gallade|Gallade, M|45\/100\n|move|p1a: Tapu Woahko|U-turn|p2a: Gallade\n|-damage|p2a: Gallade|19\/100\n|\n|t:|1667577475\n|switch|p1a: Flygone|Flygon, F|87\/100|[from]move: U-turn\n|\n|upkeep\n|turn|13\n|\n|t:|1667577536\n|detailschange|p2a: Gallade|Gallade-Mega, M\n|-mega|p2a: Gallade|Gallade|Galladite\n|move|p1a: Flygone|First Impression|p2a: Gallade\n|-damage|p2a: Gallade|0 fnt\n|faint|p2a: Gallade\n|\n|upkeep\n|\n|t:|1667577541\n|switch|p2a: Aegislash|Aegislash, M|52\/100\n|turn|14\n|\n|t:|1667577546\n|switch|p1a: Umbreyawn|Umbreon, M|95\/100\n|move|p2a: Aegislash|Toxic|p1a: Umbreyawn\n|-status|p1a: Umbreyawn|tox\n|-activate|p1a: Umbreyawn|ability: Synchronize\n|-immune|p2a: Aegislash\n|\n|-heal|p1a: Umbreyawn|100\/100 tox|[from] item: Leftovers\n|-heal|p2a: Aegislash|58\/100|[from] item: Leftovers\n|-damage|p1a: Umbreyawn|94\/100 tox|[from] psn\n|-fieldend|move: Electric Terrain\n|upkeep\n|turn|15\n|\n|t:|1667577550\n|switch|p2a: Tapu Fini|Tapu Fini|93\/100\n|-fieldstart|move: Misty Terrain|[from] ability: Misty Surge|[of] p2a: Tapu Fini\n|move|p1a: Umbreyawn|Heal Bell|p1a: Umbreyawn\n|-activate|p1a: Umbreyawn|move: Heal Bell\n|-curestatus|p1a: Umbreyawn|tox|[msg]\n|\n|-heal|p1a: Umbreyawn|100\/100|[from] item: Leftovers\n|upkeep\n|turn|16\n|\n|t:|1667577593\n|switch|p1a: Basteoise|Blastoise-Mega, F|93\/100\n|move|p2a: Tapu Fini|Moonblast|p1a: Basteoise\n|-damage|p1a: Basteoise|64\/100\n|-unboost|p1a: Basteoise|spa|1\n|\n|upkeep\n|turn|17\n|\n|t:|1667577612\n|move|p2a: Tapu Fini|Moonblast|p1a: Basteoise\n|-damage|p1a: Basteoise|37\/100\n|move|p1a: Basteoise|Flip Turn|p2a: Tapu Fini\n|-resisted|p2a: Tapu Fini\n|-damage|p2a: Tapu Fini|85\/100\n|\n|t:|1667577616\n|switch|p1a: Tapu Woahko|Tapu Koko|100\/100|[from]move: Flip Turn\n|-fieldstart|move: Electric Terrain|[from] ability: Electric Surge|[of] p1a: Tapu Woahko\n|\n|upkeep\n|turn|18\n|\n|t:|1667577664\n|move|p2a: Tapu Fini|Moonblast|p1a: Tapu Woahko\n|-damage|p1a: Tapu Woahko|62\/100\n|move|p1a: Tapu Woahko|Thunderbolt|p2a: Tapu Fini\n|-supereffective|p2a: Tapu Fini\n|-damage|p2a: Tapu Fini|23\/100\n|\n|-heal|p1a: Tapu Woahko|68\/100|[from] item: Leftovers\n|upkeep\n|turn|19\n|\n|t:|1667577696\n|switch|p2a: Regieleki|Regieleki|76\/100 psn\n|move|p1a: Tapu Woahko|Thunderbolt|p2a: Regieleki\n|-resisted|p2a: Regieleki\n|-damage|p2a: Regieleki|42\/100 psn\n|\n|-heal|p1a: Tapu Woahko|74\/100|[from] item: Leftovers\n|-damage|p2a: Regieleki|30\/100 psn|[from] psn\n|upkeep\n|turn|20\n|\n|t:|1667577715\n|switch|p2a: Aegislash|Aegislash, M|58\/100\n|switch|p1a: Flygone|Flygon, F|87\/100\n|\n|-heal|p2a: Aegislash|65\/100|[from] item: Leftovers\n|upkeep\n|turn|21\n|\n|t:|1667577722\n|switch|p2a: Mandibuzz|Mandibuzz, F|71\/100\n|move|p1a: Flygone|Earthquake|p2a: Mandibuzz\n|-immune|p2a: Mandibuzz\n|\n|-fieldend|move: Electric Terrain\n|upkeep\n|turn|22\n|\n|t:|1667577728\n|switch|p1a: Umbreyawn|Umbreon, M|100\/100\n|move|p2a: Mandibuzz|Toxic|p1a: Umbreyawn\n|-status|p1a: Umbreyawn|tox\n|-activate|p1a: Umbreyawn|ability: Synchronize\n|-status|p2a: Mandibuzz|tox\n|\n|-damage|p2a: Mandibuzz|65\/100 tox|[from] psn\n|-damage|p1a: Umbreyawn|94\/100 tox|[from] psn\n|upkeep\n|turn|23\n|\n|t:|1667577735\n|move|p2a: Mandibuzz|U-turn|p1a: Umbreyawn\n|-supereffective|p1a: Umbreyawn\n|-damage|p1a: Umbreyawn|80\/100 tox\n|\n|t:|1667577737\n|switch|p2a: Tapu Fini|Tapu Fini|23\/100|[from]move: U-turn\n|-fieldstart|move: Misty Terrain|[from] ability: Misty Surge|[of] p2a: Tapu Fini\n|move|p1a: Umbreyawn|Wish|p1a: Umbreyawn\n|\n|-heal|p1a: Umbreyawn|86\/100 tox|[from] item: Leftovers\n|-damage|p1a: Umbreyawn|74\/100 tox|[from] psn\n|upkeep\n|turn|24\n|\n|t:|1667577744\n|switch|p1a: Tapu Woahko|Tapu Koko|74\/100\n|-fieldstart|move: Electric Terrain|[from] ability: Electric Surge|[of] p1a: Tapu Woahko\n|move|p2a: Tapu Fini|Moonblast|p1a: Tapu Woahko\n|-damage|p1a: Tapu Woahko|36\/100\n|\n|-heal|p1a: Tapu Woahko|93\/100|[from] move: Wish|[wisher] Umbreyawn\n|-heal|p1a: Tapu Woahko|99\/100|[from] item: Leftovers\n|upkeep\n|turn|25\n|\n|t:|1667577749\n|switch|p2a: Goodra|Goodra, M|63\/100\n|move|p1a: Tapu Woahko|Thunderbolt|p2a: Goodra\n|-resisted|p2a: Goodra\n|-damage|p2a: Goodra|57\/100\n|\n|-heal|p1a: Tapu Woahko|100\/100|[from] item: Leftovers\n|upkeep\n|turn|26\n|\n|t:|1667577759\n|move|p1a: Tapu Woahko|U-turn|p2a: Goodra\n|-damage|p2a: Goodra|43\/100\n|\n|t:|1667577765\n|switch|p1a: Basteoise|Blastoise-Mega, F|37\/100|[from]move: U-turn\n|move|p2a: Goodra|Body Press|p1a: Basteoise\n|-damage|p1a: Basteoise|25\/100\n|\n|upkeep\n|turn|27\n|\n|t:|1667577796\n|move|p1a: Basteoise|Dark Pulse|p2a: Goodra\n|-damage|p2a: Goodra|29\/100\n|cant|p2a: Goodra|flinch\n|\n|upkeep\n|turn|28\n|\n|t:|1667577803\n|move|p1a: Basteoise|Dark Pulse|p2a: Goodra\n|-damage|p2a: Goodra|14\/100\n|cant|p2a: Goodra|flinch\n|\n|-fieldend|move: Electric Terrain\n|upkeep\n|turn|29\n|\n|t:|1667577808\n|move|p1a: Basteoise|Dark Pulse|p2a: Goodra\n|-damage|p2a: Goodra|1\/100\n|move|p2a: Goodra|Draco Meteor|p1a: Basteoise\n|-damage|p1a: Basteoise|0 fnt\n|-unboost|p2a: Goodra|spa|2\n|faint|p1a: Basteoise\n|\n|upkeep\n|\n|t:|1667577822\n|switch|p1a: Flygone|Flygon, F|87\/100\n|turn|30\n|\n|t:|1667577825\n|move|p1a: Flygone|U-turn|p2a: Goodra\n|-damage|p2a: Goodra|0 fnt\n|faint|p2a: Goodra\n|\n|t:|1667577827\n|switch|p1a: Tapu Woahko|Tapu Koko|100\/100|[from]move: U-turn\n|-fieldstart|move: Electric Terrain|[from] ability: Electric Surge|[of] p1a: Tapu Woahko\n|\n|upkeep\n|\n|t:|1667577834\n|switch|p2a: Aegislash|Aegislash, M|65\/100\n|turn|31\n|\n|t:|1667577838\n|move|p2a: Aegislash|King's Shield|p2a: Aegislash\n|-singleturn|p2a: Aegislash|Protect\n|move|p1a: Tapu Woahko|U-turn|p2a: Aegislash\n|-activate|p2a: Aegislash|move: Protect\n|-unboost|p1a: Tapu Woahko|atk|1\n|\n|-heal|p2a: Aegislash|71\/100|[from] item: Leftovers\n|upkeep\n|turn|32\n|\n|t:|1667577848\n|move|p1a: Tapu Woahko|U-turn|p2a: Aegislash\n|-resisted|p2a: Aegislash\n|-damage|p2a: Aegislash|69\/100\n|\n|t:|1667577850\n|switch|p1a: Umbreyawn|Umbreon, M|74\/100 tox|[from]move: U-turn\n|-formechange|p2a: Aegislash|Aegislash-Blade||[from] ability: Stance Change\n|move|p2a: Aegislash|Flash Cannon|p1a: Umbreyawn\n|-damage|p1a: Umbreyawn|49\/100 tox\n|\n|-heal|p1a: Umbreyawn|55\/100 tox|[from] item: Leftovers\n|-heal|p2a: Aegislash|75\/100|[from] item: Leftovers\n|-damage|p1a: Umbreyawn|49\/100 tox|[from] psn\n|upkeep\n|turn|33\n|\n|t:|1667577858\n|switch|p1a: Tapu Woahko|Tapu Koko|100\/100\n|move|p2a: Aegislash|Flash Cannon|p1a: Tapu Woahko\n|-damage|p1a: Tapu Woahko|54\/100\n|\n|-heal|p1a: Tapu Woahko|60\/100|[from] item: Leftovers\n|-heal|p2a: Aegislash|81\/100|[from] item: Leftovers\n|upkeep\n|turn|34\n|\n|t:|1667577863\n|switch|p1a: Umbreyawn|Umbreon, M|49\/100 tox\n|-formechange|p2a: Aegislash|Aegislash||[from] ability: Stance Change\n|move|p2a: Aegislash|King's Shield||[still]\n|-fail|p2a: Aegislash\n|\n|-heal|p1a: Umbreyawn|55\/100 tox|[from] item: Leftovers\n|-heal|p2a: Aegislash|87\/100|[from] item: Leftovers\n|-damage|p1a: Umbreyawn|49\/100 tox|[from] psn\n|-fieldend|move: Electric Terrain\n|upkeep\n|turn|35\n|\n|t:|1667577872\n|move|p1a: Umbreyawn|Wish|p1a: Umbreyawn\n|-formechange|p2a: Aegislash|Aegislash-Blade||[from] ability: Stance Change\n|move|p2a: Aegislash|Flash Cannon|p1a: Umbreyawn\n|-damage|p1a: Umbreyawn|24\/100 tox\n|\n|-heal|p1a: Umbreyawn|30\/100 tox|[from] item: Leftovers\n|-heal|p2a: Aegislash|94\/100|[from] item: Leftovers\n|-damage|p1a: Umbreyawn|18\/100 tox|[from] psn\n|upkeep\n|turn|36\n|\n|t:|1667577882\n|move|p1a: Umbreyawn|Protect|p1a: Umbreyawn\n|-singleturn|p1a: Umbreyawn|Protect\n|-formechange|p2a: Aegislash|Aegislash||[from] ability: Stance Change\n|move|p2a: Aegislash|King's Shield||[still]\n|-fail|p2a: Aegislash\n|\n|-heal|p1a: Umbreyawn|68\/100 tox|[from] move: Wish|[wisher] Umbreyawn\n|-heal|p1a: Umbreyawn|74\/100 tox|[from] item: Leftovers\n|-heal|p2a: Aegislash|99\/100|[from] item: Leftovers\n|-damage|p1a: Umbreyawn|56\/100 tox|[from] psn\n|upkeep\n|turn|37\n|\n|t:|1667577888\n|move|p1a: Umbreyawn|Wish|p1a: Umbreyawn\n|-formechange|p2a: Aegislash|Aegislash-Blade||[from] ability: Stance Change\n|move|p2a: Aegislash|Flash Cannon|p1a: Umbreyawn\n|-damage|p1a: Umbreyawn|30\/100 tox\n|\n|-heal|p1a: Umbreyawn|36\/100 tox|[from] item: Leftovers\n|-heal|p2a: Aegislash|100\/100|[from] item: Leftovers\n|-damage|p1a: Umbreyawn|12\/100 tox|[from] psn\n|upkeep\n|turn|38\n|\n|t:|1667577895\n|-formechange|p2a: Aegislash|Aegislash||[from] ability: Stance Change\n|move|p2a: Aegislash|King's Shield|p2a: Aegislash\n|-singleturn|p2a: Aegislash|Protect\n|move|p1a: Umbreyawn|Foul Play|p2a: Aegislash\n|-activate|p2a: Aegislash|move: Protect\n|-unboost|p1a: Umbreyawn|atk|1\n|\n|-heal|p1a: Umbreyawn|62\/100 tox|[from] move: Wish|[wisher] Umbreyawn\n|-heal|p1a: Umbreyawn|68\/100 tox|[from] item: Leftovers\n|-damage|p1a: Umbreyawn|37\/100 tox|[from] psn\n|upkeep\n|turn|39\n|\n|t:|1667577914\n|move|p1a: Umbreyawn|Heal Bell|p1a: Umbreyawn\n|-activate|p1a: Umbreyawn|move: Heal Bell\n|-curestatus|p1a: Umbreyawn|tox|[msg]\n|move|p2a: Aegislash|Toxic|p1a: Umbreyawn\n|-status|p1a: Umbreyawn|tox\n|-activate|p1a: Umbreyawn|ability: Synchronize\n|-immune|p2a: Aegislash\n|\n|-heal|p1a: Umbreyawn|43\/100 tox|[from] item: Leftovers\n|-damage|p1a: Umbreyawn|37\/100 tox|[from] psn\n|upkeep\n|turn|40\n|\n|t:|1667577921\n|move|p1a: Umbreyawn|Heal Bell|p1a: Umbreyawn\n|-activate|p1a: Umbreyawn|move: Heal Bell\n|-curestatus|p1a: Umbreyawn|tox|[msg]\n|-formechange|p2a: Aegislash|Aegislash-Blade||[from] ability: Stance Change\n|move|p2a: Aegislash|Flash Cannon|p1a: Umbreyawn\n|-damage|p1a: Umbreyawn|14\/100\n|\n|-heal|p1a: Umbreyawn|20\/100|[from] item: Leftovers\n|upkeep\n|turn|41\n|\n|t:|1667577930\n|move|p1a: Umbreyawn|Protect|p1a: Umbreyawn\n|-singleturn|p1a: Umbreyawn|Protect\n|-formechange|p2a: Aegislash|Aegislash||[from] ability: Stance Change\n|move|p2a: Aegislash|King's Shield||[still]\n|-fail|p2a: Aegislash\n|\n|-heal|p1a: Umbreyawn|26\/100|[from] item: Leftovers\n|upkeep\n|turn|42\n|\n|t:|1667577939\n|switch|p1a: Flygone|Flygon, F|87\/100\n|move|p2a: Aegislash|Toxic|p1a: Flygone\n|-status|p1a: Flygone|tox\n|\n|-damage|p1a: Flygone|81\/100 tox|[from] psn\n|upkeep\n|turn|43\n|\n|t:|1667577942\n|switch|p1a: Umbreyawn|Umbreon, M|26\/100\n|move|p2a: Aegislash|King's Shield||[still]\n|-fail|p2a: Aegislash\n|\n|-heal|p1a: Umbreyawn|32\/100|[from] item: Leftovers\n|upkeep\n|turn|44\n|\n|t:|1667577954\n|move|p1a: Umbreyawn|Wish|p1a: Umbreyawn\n|move|p2a: Aegislash|Toxic|p1a: Umbreyawn\n|-status|p1a: Umbreyawn|tox\n|-activate|p1a: Umbreyawn|ability: Synchronize\n|-immune|p2a: Aegislash\n|\n|-heal|p1a: Umbreyawn|39\/100 tox|[from] item: Leftovers\n|-damage|p1a: Umbreyawn|32\/100 tox|[from] psn\n|upkeep\n|turn|45\n|\n|t:|1667577960\n|move|p1a: Umbreyawn|Heal Bell|p1a: Umbreyawn\n|-activate|p1a: Umbreyawn|move: Heal Bell\n|-curestatus|p1a: Umbreyawn|tox|[msg]\n|-curestatus|p1: Flygone|tox|[msg]\n|-formechange|p2a: Aegislash|Aegislash-Blade||[from] ability: Stance Change\n|move|p2a: Aegislash|Shadow Ball|p1a: Umbreyawn\n|-resisted|p1a: Umbreyawn\n|-damage|p1a: Umbreyawn|20\/100\n|-unboost|p1a: Umbreyawn|spd|1\n|\n|-heal|p1a: Umbreyawn|70\/100|[from] move: Wish|[wisher] Umbreyawn\n|-heal|p1a: Umbreyawn|76\/100|[from] item: Leftovers\n|upkeep\n|turn|46\n|\n|t:|1667577965\n|-formechange|p2a: Aegislash|Aegislash||[from] ability: Stance Change\n|move|p2a: Aegislash|King's Shield|p2a: Aegislash\n|-singleturn|p2a: Aegislash|Protect\n|move|p1a: Umbreyawn|Foul Play|p2a: Aegislash\n|-activate|p2a: Aegislash|move: Protect\n|-unboost|p1a: Umbreyawn|atk|1\n|\n|-heal|p1a: Umbreyawn|82\/100|[from] item: Leftovers\n|upkeep\n|turn|47\n|\n|t:|1667577968\n|move|p1a: Umbreyawn|Protect|p1a: Umbreyawn\n|-singleturn|p1a: Umbreyawn|Protect\n|move|p2a: Aegislash|Toxic|p1a: Umbreyawn\n|-activate|p1a: Umbreyawn|move: Protect\n|\n|-heal|p1a: Umbreyawn|88\/100|[from] item: Leftovers\n|upkeep\n|turn|48\n|\n|t:|1667577974\n|move|p1a: Umbreyawn|Wish|p1a: Umbreyawn\n|move|p2a: Aegislash|Toxic|p1a: Umbreyawn\n|-status|p1a: Umbreyawn|tox\n|-activate|p1a: Umbreyawn|ability: Synchronize\n|-immune|p2a: Aegislash\n|\n|-heal|p1a: Umbreyawn|94\/100 tox|[from] item: Leftovers\n|-damage|p1a: Umbreyawn|88\/100 tox|[from] psn\n|upkeep\n|turn|49\n|\n|t:|1667577980\n|switch|p1a: Tapu Woahko|Tapu Koko|60\/100\n|-fieldstart|move: Electric Terrain|[from] ability: Electric Surge|[of] p1a: Tapu Woahko\n|-formechange|p2a: Aegislash|Aegislash-Blade||[from] ability: Stance Change\n|move|p2a: Aegislash|Flash Cannon|p1a: Tapu Woahko\n|-damage|p1a: Tapu Woahko|10\/100\n|\n|-heal|p1a: Tapu Woahko|67\/100|[from] move: Wish|[wisher] Umbreyawn\n|-heal|p1a: Tapu Woahko|73\/100|[from] item: Leftovers\n|upkeep\n|turn|50\n|\n|t:|1667577988\n|switch|p1a: Umbreyawn|Umbreon, M|88\/100 tox\n|-formechange|p2a: Aegislash|Aegislash||[from] ability: Stance Change\n|move|p2a: Aegislash|King's Shield||[still]\n|-fail|p2a: Aegislash\n|\n|-heal|p1a: Umbreyawn|94\/100 tox|[from] item: Leftovers\n|-damage|p1a: Umbreyawn|88\/100 tox|[from] psn\n|upkeep\n|turn|51\n|\n|t:|1667577993\n|move|p1a: Umbreyawn|Wish|p1a: Umbreyawn\n|-formechange|p2a: Aegislash|Aegislash-Blade||[from] ability: Stance Change\n|move|p2a: Aegislash|Flash Cannon|p1a: Umbreyawn\n|-damage|p1a: Umbreyawn|64\/100 tox\n|\n|-heal|p1a: Umbreyawn|70\/100 tox|[from] item: Leftovers\n|-damage|p1a: Umbreyawn|58\/100 tox|[from] psn\n|upkeep\n|turn|52\n|\n|t:|1667578002\n|move|p1a: Umbreyawn|Heal Bell|p1a: Umbreyawn\n|-activate|p1a: Umbreyawn|move: Heal Bell\n|-curestatus|p1a: Umbreyawn|tox|[msg]\n|move|p2a: Aegislash|Shadow Ball|p1a: Umbreyawn\n|-resisted|p1a: Umbreyawn\n|-crit|p1a: Umbreyawn\n|-damage|p1a: Umbreyawn|40\/100\n|-unboost|p1a: Umbreyawn|spd|1\n|\n|-heal|p1a: Umbreyawn|90\/100|[from] move: Wish|[wisher] Umbreyawn\n|-heal|p1a: Umbreyawn|96\/100|[from] item: Leftovers\n|upkeep\n|turn|53\n|\n|t:|1667578005\n|move|p1a: Umbreyawn|Protect|p1a: Umbreyawn\n|-singleturn|p1a: Umbreyawn|Protect\n|move|p2a: Aegislash|Toxic|p1a: Umbreyawn\n|-activate|p1a: Umbreyawn|move: Protect\n|\n|-heal|p1a: Umbreyawn|100\/100|[from] item: Leftovers\n|-fieldend|move: Electric Terrain\n|upkeep\n|turn|54\n|\n|t:|1667578010\n|-formechange|p2a: Aegislash|Aegislash||[from] ability: Stance Change\n|move|p2a: Aegislash|King's Shield|p2a: Aegislash\n|-singleturn|p2a: Aegislash|Protect\n|move|p1a: Umbreyawn|Foul Play|p2a: Aegislash\n|-activate|p2a: Aegislash|move: Protect\n|-unboost|p1a: Umbreyawn|atk|1\n|\n|upkeep\n|turn|55\n|\n|t:|1667578014\n|move|p1a: Umbreyawn|Protect|p1a: Umbreyawn\n|-singleturn|p1a: Umbreyawn|Protect\n|move|p2a: Aegislash|Toxic|p1a: Umbreyawn\n|-activate|p1a: Umbreyawn|move: Protect\n|\n|upkeep\n|turn|56\n|\n|t:|1667578032\n|switch|p1a: Gleezing|Weezing, F|43\/100\n|move|p2a: Aegislash|Toxic|p1a: Gleezing\n|-immune|p1a: Gleezing\n|\n|upkeep\n|turn|57\n|\n|t:|1667578040\n|-formechange|p2a: Aegislash|Aegislash-Blade||[from] ability: Stance Change\n|move|p2a: Aegislash|Shadow Ball|p1a: Gleezing\n|-damage|p1a: Gleezing|0 fnt\n|faint|p1a: Gleezing\n|\n|upkeep\n|\n|t:|1667578048\n|switch|p1a: Kyu.rem|Kyurem-Black|100\/100\n|-ability|p1a: Kyu.rem|Teravolt\n|turn|58\n|\n|t:|1667578054\n|move|p1a: Kyu.rem|Fusion Bolt|p2a: Aegislash\n|-damage|p2a: Aegislash|46\/100\n|move|p2a: Aegislash|Flash Cannon|p1a: Kyu.rem\n|-supereffective|p1a: Kyu.rem\n|-damage|p1a: Kyu.rem|44\/100\n|\n|-heal|p2a: Aegislash|53\/100|[from] item: Leftovers\n|upkeep\n|turn|59\n|\n|t:|1667578062\n|-formechange|p2a: Aegislash|Aegislash||[from] ability: Stance Change\n|move|p2a: Aegislash|King's Shield|p2a: Aegislash\n|-singleturn|p2a: Aegislash|Protect\n|move|p1a: Kyu.rem|Roost|p1a: Kyu.rem\n|-heal|p1a: Kyu.rem|94\/100\n|-singleturn|p1a: Kyu.rem|move: Roost\n|\n|-heal|p2a: Aegislash|59\/100|[from] item: Leftovers\n|upkeep\n|turn|60\n|\n|t:|1667578072\n|move|p1a: Kyu.rem|Fusion Bolt|p2a: Aegislash\n|-damage|p2a: Aegislash|28\/100\n|move|p2a: Aegislash|Toxic|p1a: Kyu.rem\n|-status|p1a: Kyu.rem|tox\n|\n|-heal|p2a: Aegislash|34\/100|[from] item: Leftovers\n|-damage|p1a: Kyu.rem|88\/100 tox|[from] psn\n|upkeep\n|turn|61\n|\n|t:|1667578078\n|move|p2a: Aegislash|King's Shield|p2a: Aegislash\n|-singleturn|p2a: Aegislash|Protect\n|move|p1a: Kyu.rem|Hone Claws|p1a: Kyu.rem\n|-boost|p1a: Kyu.rem|atk|1\n|-boost|p1a: Kyu.rem|accuracy|1\n|\n|-heal|p2a: Aegislash|40\/100|[from] item: Leftovers\n|-damage|p1a: Kyu.rem|76\/100 tox|[from] psn\n|upkeep\n|turn|62\n|\n|t:|1667578086\n|move|p1a: Kyu.rem|Fusion Bolt|p2a: Aegislash\n|-damage|p2a: Aegislash|0 fnt\n|faint|p2a: Aegislash\n|\n|-damage|p1a: Kyu.rem|57\/100 tox|[from] psn\n|upkeep\n|\n|t:|1667578089\n|switch|p2a: Tapu Fini|Tapu Fini|23\/100\n|-fieldstart|move: Misty Terrain|[from] ability: Misty Surge|[of] p2a: Tapu Fini\n|turn|63\n|\n|t:|1667578138\n|move|p2a: Tapu Fini|Moonblast|p1a: Kyu.rem\n|-supereffective|p1a: Kyu.rem\n|-damage|p1a: Kyu.rem|0 fnt\n|faint|p1a: Kyu.rem\n|\n|upkeep\n|\n|t:|1667578141\n|switch|p1a: Tapu Woahko|Tapu Koko|73\/100\n|-fieldstart|move: Electric Terrain|[from] ability: Electric Surge|[of] p1a: Tapu Woahko\n|turn|64\n|\n|t:|1667578152\n|switch|p2a: Mandibuzz|Mandibuzz, F|65\/100 tox\n|move|p1a: Tapu Woahko|Roost|p1a: Tapu Woahko\n|-heal|p1a: Tapu Woahko|100\/100\n|-singleturn|p1a: Tapu Woahko|move: Roost\n|\n|-damage|p2a: Mandibuzz|58\/100 tox|[from] psn\n|upkeep\n|turn|65\n|\n|t:|1667578172\n|move|p1a: Tapu Woahko|Thunderbolt|p2a: Mandibuzz\n|-supereffective|p2a: Mandibuzz\n|-damage|p2a: Mandibuzz|0 fnt\n|faint|p2a: Mandibuzz\n|\n|upkeep\n|\n|t:|1667578176\n|switch|p2a: Regieleki|Regieleki|30\/100 psn\n|turn|66\n|\n|t:|1667578186\n|switch|p1a: Umbreyawn|Umbreon, M|100\/100\n|move|p2a: Regieleki|Thunderbolt|p1a: Umbreyawn\n|-damage|p1a: Umbreyawn|25\/100\n|\n|-heal|p1a: Umbreyawn|31\/100|[from] item: Leftovers\n|-damage|p2a: Regieleki|17\/100 psn|[from] psn\n|upkeep\n|turn|67\n|\n|t:|1667578194\n|switch|p2a: Tapu Fini|Tapu Fini|23\/100\n|-fieldstart|move: Misty Terrain|[from] ability: Misty Surge|[of] p2a: Tapu Fini\n|move|p1a: Umbreyawn|Protect||[still]\n|-fail|p1a: Umbreyawn\n|\n|-heal|p1a: Umbreyawn|37\/100|[from] item: Leftovers\n|upkeep\n|turn|68\n|\n|t:|1667578204\n|move|p1a: Umbreyawn|Protect|p1a: Umbreyawn\n|-singleturn|p1a: Umbreyawn|Protect\n|move|p2a: Tapu Fini|Moonblast|p1a: Umbreyawn\n|-activate|p1a: Umbreyawn|move: Protect\n|\n|-heal|p1a: Umbreyawn|43\/100|[from] item: Leftovers\n|upkeep\n|turn|69\n|\n|t:|1667578207\n|move|p2a: Tapu Fini|Moonblast|p1a: Umbreyawn\n|-supereffective|p1a: Umbreyawn\n|-damage|p1a: Umbreyawn|0 fnt\n|faint|p1a: Umbreyawn\n|\n|upkeep\n|\n|t:|1667578209\n|switch|p1a: Tapu Woahko|Tapu Koko|100\/100\n|-fieldstart|move: Electric Terrain|[from] ability: Electric Surge|[of] p1a: Tapu Woahko\n|turn|70\n|\n|t:|1667578218\n|move|p2a: Tapu Fini|Moonblast|p1a: Tapu Woahko\n|-damage|p1a: Tapu Woahko|61\/100\n|move|p1a: Tapu Woahko|Thunderbolt|p2a: Tapu Fini\n|-supereffective|p2a: Tapu Fini\n|-damage|p2a: Tapu Fini|0 fnt\n|faint|p2a: Tapu Fini\n|\n|-heal|p1a: Tapu Woahko|67\/100|[from] item: Leftovers\n|upkeep\n|\n|t:|1667578222\n|switch|p2a: Regieleki|Regieleki|17\/100 psn\n|turn|71\n|\n|t:|1667578225\n|switch|p1a: Flygone|Flygon, F|81\/100\n|move|p2a: Regieleki|Ancient Power|p1a: Flygone\n|-resisted|p1a: Flygone\n|-damage|p1a: Flygone|64\/100\n|\n|-damage|p2a: Regieleki|5\/100 psn|[from] psn\n|upkeep\n|turn|72\n|\n|t:|1667578229\n|-start|p2a: Regieleki|Dynamax|\n|-heal|p2a: Regieleki|5\/100 psn|[silent]\n|move|p1a: Flygone|First Impression|p2a: Regieleki\n|-damage|p2a: Regieleki|0 fnt\n|faint|p2a: Regieleki\n|\n|win|ElyFlyGuy\n|l|\u2606Elon Musk Rusk\n","uploadtime":1667578241,"views":20,"p1id":"elyflyguy","p2id":"elonmuskrusk","formatid":"gen8nationaldexag","rating":0,"private":0,"password":null}