{"id":"gen8randombattle-1626875652","p1":"Alder's Grandson","p2":"AlIoutdragadarts","format":"gen8randombattle","log":"|j|\u2606Alder's Grandson\n|j|\u2606AlIoutdragadarts\n|t:|1658984877\n|gametype|singles\n|player|p1|Alder's Grandson|benga|2159\n|player|p2|AlIoutdragadarts|hilda-masters2|2329\n|teamsize|p1|6\n|teamsize|p2|6\n|gen|8\n|tier|[Gen 8] Random Battle\n|rated|\n|rule|Species Clause: Limit one of each Pok\u00e9mon\n|rule|HP Percentage Mod: HP is shown in percentages\n|rule|Sleep Clause Mod: Limit one foe put to sleep\n|\n|t:|1658984877\n|start\n|switch|p1a: Hydreigon|Hydreigon, L80, F|278\/278\n|switch|p2a: Charizard|Charizard, L82, F|262\/262\n|turn|1\n|inactive|Battle timer is ON: inactive players will automatically lose when time's up. (requested by Alder's Grandson)\n|\n|t:|1658984889\n|move|p2a: Charizard|Focus Blast|p1a: Hydreigon\n|-supereffective|p1a: Hydreigon\n|-damage|p1a: Hydreigon|94\/278\n|move|p1a: Hydreigon|Roost|p1a: Hydreigon\n|-heal|p1a: Hydreigon|233\/278\n|-singleturn|p1a: Hydreigon|move: Roost\n|\n|-heal|p1a: Hydreigon|250\/278|[from] item: Leftovers\n|upkeep\n|turn|2\n|\n|t:|1658984917\n|move|p2a: Charizard|Focus Blast|p1a: Hydreigon|[miss]\n|-miss|p2a: Charizard|p1a: Hydreigon\n|move|p1a: Hydreigon|Roost|p1a: Hydreigon\n|-heal|p1a: Hydreigon|278\/278\n|-singleturn|p1a: Hydreigon|move: Roost\n|\n|upkeep\n|turn|3\n|\n|t:|1658984925\n|switch|p2a: Bewear|Bewear, L82, M|331\/331\n|move|p1a: Hydreigon|Roost||[still]\n|-fail|p1a: Hydreigon|heal\n|\n|upkeep\n|turn|4\n|\n|t:|1658984930\n|switch|p1a: Vileplume|Vileplume, L84, F|263\/263\n|move|p2a: Bewear|Close Combat|p1a: Vileplume\n|-resisted|p1a: Vileplume\n|-damage|p1a: Vileplume|194\/263\n|-unboost|p2a: Bewear|def|1\n|-unboost|p2a: Bewear|spd|1\n|\n|-heal|p1a: Vileplume|210\/263|[from] item: Black Sludge\n|upkeep\n|turn|5\n|\n|t:|1658984950\n|switch|p2a: Mamoswine|Mamoswine, L80, M|307\/307\n|move|p1a: Vileplume|Sleep Powder|p2a: Mamoswine\n|-status|p2a: Mamoswine|slp|[from] move: Sleep Powder\n|\n|-heal|p1a: Vileplume|226\/263|[from] item: Black Sludge\n|upkeep\n|turn|6\n|\n|t:|1658984958\n|switch|p2a: Charizard|Charizard, L82, F|262\/262\n|move|p1a: Vileplume|Sludge Bomb|p2a: Charizard\n|-damage|p2a: Charizard|160\/262\n|-status|p2a: Charizard|psn\n|\n|-heal|p1a: Vileplume|242\/263|[from] item: Black Sludge\n|-damage|p2a: Charizard|128\/262 psn|[from] psn\n|upkeep\n|turn|7\n|\n|t:|1658984965\n|move|p2a: Charizard|Fire Blast|p1a: Vileplume\n|-supereffective|p1a: Vileplume\n|-damage|p1a: Vileplume|0 fnt\n|faint|p1a: Vileplume\n|\n|-damage|p2a: Charizard|96\/262 psn|[from] psn\n|upkeep\n|\n|t:|1658984970\n|switch|p1a: Sigilyph|Sigilyph, L83, M|255\/255\n|turn|8\n|\n|t:|1658984975\n|move|p2a: Charizard|Fire Blast|p1a: Sigilyph\n|-damage|p1a: Sigilyph|131\/255\n|move|p1a: Sigilyph|Psychic|p2a: Charizard\n|-damage|p2a: Charizard|0 fnt\n|faint|p2a: Charizard\n|\n|upkeep\n|\n|t:|1658985000\n|switch|p2a: Diggersby|Diggersby, L80, M|267\/267\n|turn|9\n|\n|t:|1658985004\n|move|p1a: Sigilyph|Energy Ball|p2a: Diggersby\n|-supereffective|p2a: Diggersby\n|-damage|p2a: Diggersby|64\/267\n|-unboost|p2a: Diggersby|spd|1\n|move|p2a: Diggersby|Knock Off|p1a: Sigilyph\n|-supereffective|p1a: Sigilyph\n|-damage|p1a: Sigilyph|0 fnt\n|-enditem|p1a: Sigilyph|Life Orb|[from] move: Knock Off|[of] p2a: Diggersby\n|faint|p1a: Sigilyph\n|\n|upkeep\n|\n|t:|1658985022\n|switch|p1a: Ninetales|Ninetales, L82, M|254\/254\n|-weather|SunnyDay|[from] ability: Drought|[of] p1a: Ninetales\n|turn|10\n|\n|t:|1658985039\n|switch|p2a: Kyogre|Kyogre, L72|263\/263\n|-weather|RainDance|[from] ability: Drizzle|[of] p2a: Kyogre\n|move|p1a: Ninetales|Solar Beam||[still]\n|-prepare|p1a: Ninetales|Solar Beam\n|\n|-weather|RainDance|[upkeep]\n|upkeep\n|turn|11\n|\n|t:|1658985050\n|move|p1a: Ninetales|Solar Beam|p2a: Kyogre|[from]lockedmove\n|-supereffective|p2a: Kyogre\n|-damage|p2a: Kyogre|205\/263\n|move|p2a: Kyogre|Origin Pulse|p1a: Ninetales|[miss]\n|-miss|p2a: Kyogre|p1a: Ninetales\n|\n|-weather|RainDance|[upkeep]\n|-heal|p2a: Kyogre|221\/263|[from] item: Leftovers\n|upkeep\n|turn|12\n|\n|t:|1658985074\n|switch|p1a: Hydreigon|Hydreigon, L80, F|278\/278\n|move|p2a: Kyogre|Calm Mind|p2a: Kyogre\n|-boost|p2a: Kyogre|spa|1\n|-boost|p2a: Kyogre|spd|1\n|\n|-weather|RainDance|[upkeep]\n|-heal|p2a: Kyogre|237\/263|[from] item: Leftovers\n|upkeep\n|turn|13\n|\n|t:|1658985088\n|-start|p1a: Hydreigon|Dynamax|\n|-heal|p1a: Hydreigon|556\/556|[silent]\n|move|p1a: Hydreigon|Max Darkness|p2a: Kyogre\n|-damage|p2a: Kyogre|161\/263\n|-unboost|p2a: Kyogre|spd|1\n|move|p2a: Kyogre|Ice Beam|p1a: Hydreigon\n|-supereffective|p1a: Hydreigon\n|-damage|p1a: Hydreigon|334\/556\n|\n|-weather|RainDance|[upkeep]\n|-heal|p1a: Hydreigon|351\/556|[from] item: Leftovers\n|-heal|p2a: Kyogre|177\/263|[from] item: Leftovers\n|upkeep\n|turn|14\n|\n|t:|1658985100\n|switch|p2a: Mamoswine|Mamoswine, L80, M|307\/307 slp\n|move|p1a: Hydreigon|Max Darkness|p2a: Mamoswine\n|-damage|p2a: Mamoswine|78\/307 slp\n|-unboost|p2a: Mamoswine|spd|1\n|\n|-weather|none\n|-heal|p1a: Hydreigon|368\/556|[from] item: Leftovers\n|upkeep\n|turn|15\n|\n|t:|1658985107\n|move|p1a: Hydreigon|Max Guard|p1a: Hydreigon\n|-singleturn|p1a: Hydreigon|Max Guard\n|cant|p2a: Mamoswine|slp\n|\n|-heal|p1a: Hydreigon|385\/556|[from] item: Leftovers\n|upkeep\n|-end|p1a: Hydreigon|Dynamax\n|-heal|p1a: Hydreigon|193\/278|[silent]\n|turn|16\n|\n|t:|1658985113\n|-curestatus|p2a: Mamoswine|slp|[msg]\n|move|p2a: Mamoswine|Ice Shard|p1a: Hydreigon\n|-supereffective|p1a: Hydreigon\n|-damage|p1a: Hydreigon|49\/278\n|move|p1a: Hydreigon|Dark Pulse|p2a: Mamoswine\n|-damage|p2a: Mamoswine|0 fnt\n|faint|p2a: Mamoswine\n|\n|-heal|p1a: Hydreigon|66\/278|[from] item: Leftovers\n|upkeep\n|\n|t:|1658985127\n|switch|p2a: Bewear|Bewear, L82, M|331\/331\n|turn|17\n|\n|t:|1658985129\n|move|p2a: Bewear|Close Combat|p1a: Hydreigon\n|-supereffective|p1a: Hydreigon\n|-damage|p1a: Hydreigon|0 fnt\n|-unboost|p2a: Bewear|def|1\n|-unboost|p2a: Bewear|spd|1\n|faint|p1a: Hydreigon\n|\n|upkeep\n|\n|t:|1658985137\n|switch|p1a: Landorus|Landorus, L76, M|260\/260\n|turn|18\n|\n|t:|1658985148\n|switch|p2a: Diggersby|Diggersby, L80, M|64\/267\n|move|p1a: Landorus|Earth Power|p2a: Diggersby\n|-damage|p2a: Diggersby|0 fnt\n|faint|p2a: Diggersby\n|\n|upkeep\n|inactive|AlIoutdragadarts has 120 seconds left.\n|\n|t:|1658985198\n|switch|p2a: Kyogre|Kyogre, L72|177\/263\n|-weather|RainDance|[from] ability: Drizzle|[of] p2a: Kyogre\n|turn|19\n|\n|t:|1658985212\n|-start|p2a: Kyogre|Dynamax|\n|-heal|p2a: Kyogre|354\/526|[silent]\n|move|p1a: Landorus|Earth Power|p2a: Kyogre\n|-damage|p2a: Kyogre|240\/526\n|move|p2a: Kyogre|Max Geyser|p1a: Landorus\n|-supereffective|p1a: Landorus\n|-damage|p1a: Landorus|0 fnt\n|faint|p1a: Landorus\n|\n|-weather|RainDance|[upkeep]\n|-heal|p2a: Kyogre|256\/526|[from] item: Leftovers\n|upkeep\n|\n|t:|1658985215\n|switch|p1a: Ninetales|Ninetales, L82, M|254\/254\n|-weather|SunnyDay|[from] ability: Drought|[of] p1a: Ninetales\n|turn|20\n|inactive|AlIoutdragadarts has 120 seconds left.\n|\n|t:|1658985232\n|move|p1a: Ninetales|Nasty Plot|p1a: Ninetales\n|-boost|p1a: Ninetales|spa|2\n|move|p2a: Kyogre|Max Geyser|p1a: Ninetales\n|-supereffective|p1a: Ninetales\n|-damage|p1a: Ninetales|120\/254\n|-weather|RainDance\n|\n|-weather|RainDance|[upkeep]\n|-heal|p2a: Kyogre|272\/526|[from] item: Leftovers\n|upkeep\n|turn|21\n|\n|t:|1658985236\n|move|p1a: Ninetales|Scorching Sands|p2a: Kyogre\n|-damage|p2a: Kyogre|211\/526\n|-status|p2a: Kyogre|brn\n|move|p2a: Kyogre|Max Geyser|p1a: Ninetales\n|-supereffective|p1a: Ninetales\n|-damage|p1a: Ninetales|0 fnt\n|faint|p1a: Ninetales\n|\n|-weather|RainDance|[upkeep]\n|-heal|p2a: Kyogre|227\/526 brn|[from] item: Leftovers\n|-damage|p2a: Kyogre|211\/526 brn|[from] brn\n|upkeep\n|\n|t:|1658985238\n|switch|p1a: Pheromosa|Pheromosa, L76|233\/233\n|-end|p2a: Kyogre|Dynamax\n|-heal|p2a: Kyogre|106\/263 brn|[silent]\n|turn|22\n|\n|t:|1658985241\n|move|p1a: Pheromosa|Close Combat|p2a: Kyogre\n|-damage|p2a: Kyogre|0 fnt\n|-unboost|p1a: Pheromosa|def|1\n|-unboost|p1a: Pheromosa|spd|1\n|faint|p2a: Kyogre\n|-ability|p1a: Pheromosa|Beast Boost|boost\n|-boost|p1a: Pheromosa|spe|1\n|-damage|p1a: Pheromosa|210\/233|[from] item: Life Orb\n|\n|-weather|RainDance|[upkeep]\n|upkeep\n|\n|t:|1658985244\n|switch|p2a: Rotom|Rotom-Fan, L84|221\/221\n|turn|23\n|\n|t:|1658985246\n|move|p1a: Pheromosa|Ice Beam|p2a: Rotom\n|-supereffective|p2a: Rotom\n|-damage|p2a: Rotom|68\/221\n|-damage|p1a: Pheromosa|187\/233|[from] item: Life Orb\n|move|p2a: Rotom|Thunderbolt|p1a: Pheromosa\n|-damage|p1a: Pheromosa|0 fnt\n|faint|p1a: Pheromosa\n|\n|win|AlIoutdragadarts\n|raw|Alder&apos;s Grandson's rating: 2159 &rarr; <strong>2148<\/strong><br \/>(-11 for losing)\n|raw|AlIoutdragadarts's rating: 2329 &rarr; <strong>2340<\/strong><br \/>(+11 for winning)\n|l|\u2606Alder's Grandson\n","inputlog":">version 67fcc14bf4af43a143c13b4d8f8fb05afcbb4e0a\n>start {\"formatid\":\"gen8randombattle\",\"seed\":[47363,53941,41976,19233],\"rated\":\"Rated battle\"}\n>player p1 {\"name\":\"Alder's Grandson\",\"avatar\":\"benga\",\"rating\":2159,\"seed\":[36261,27026,48656,13987]}\n>player p2 {\"name\":\"AlIoutdragadarts\",\"avatar\":\"hilda-masters2\",\"rating\":2329,\"seed\":[38067,60582,59267,50442]}\n>p1 move roost\n>p2 move focusblast\n>p1 move roost\n>p2 move focusblast\n>p1 move roost\n>p2 switch 6\n>p1 switch 6\n>p2 move closecombat\n>p1 move sleeppowder\n>p2 switch 3\n>p1 move sludgebomb\n>p2 switch 6\n>p1 move sludgebomb\n>p2 move fireblast\n>p1 switch 3\n>p1 move psychic\n>p2 move fireblast\n>p2 switch 5\n>p1 move energyball\n>p2 move knockoff\n>p1 switch 2\n>p1 move solarbeam\n>p2 switch 2\n>p1 move solarbeam\n>p2 move originpulse\n>p1 switch 6\n>p2 move calmmind\n>p1 move darkpulse dynamax\n>p2 move icebeam\n>p1 move darkpulse dynamax\n>p2 switch 6\n>p1 move roost dynamax\n>p2 move iceshard\n>p1 move darkpulse\n>p2 move iceshard\n>p2 switch 3\n>p1 move dracometeor\n>p2 move closecombat\n>p1 switch 5\n>p1 move earthpower\n>p2 switch 2\n>p2 switch 6\n>p1 move earthpower\n>p2 move originpulse dynamax\n>p1 switch 6\n>p1 move nastyplot\n>p2 move originpulse dynamax\n>p1 move scorchingsands\n>p2 move originpulse dynamax\n>p1 switch 4\n>p1 move closecombat\n>p2 move originpulse\n>p2 switch 4\n>p1 move icebeam\n>p2 move thunderbolt","uploadtime":1658985253,"views":48,"p1id":"aldersgrandson","p2id":"alioutdragadarts","formatid":"gen8randombattle","rating":2148,"private":0,"password":null}