{"id":"gen8ou-1242646732","p1":"nwopnwop","p2":"Vodyne","format":"gen8ou","log":"|j|\u2606nwopnwop\n|j|\u2606Vodyne\n|t:|1607833012\n|player|p1|nwopnwop|1|1461\n|player|p2|Vodyne|dawn|1409\n|teamsize|p1|6\n|teamsize|p2|6\n|gametype|singles\n|gen|8\n|tier|[Gen 8] OU\n|rated|\n|clearpoke\n|poke|p1|Landorus-Therian, M|\n|poke|p1|Torkoal, M|\n|poke|p1|Heatran, F|\n|poke|p1|Venusaur, F|\n|poke|p1|Clefable, M|\n|poke|p1|Hydreigon, M|\n|poke|p2|Victini|\n|poke|p2|Rillaboom, F|\n|poke|p2|Suicune|\n|poke|p2|Diancie|\n|poke|p2|Zapdos|\n|poke|p2|Snorlax, F|\n|rule|Sleep Clause Mod: Limit one foe put to sleep\n|rule|Species Clause: Limit one of each Pok\u00e9mon\n|rule|OHKO Clause: OHKO moves are banned\n|rule|Evasion Moves Clause: Evasion moves are banned\n|rule|Endless Battle Clause: Forcing endless battles is banned\n|rule|HP Percentage Mod: HP is shown in percentages\n|rule|Dynamax Clause: You cannot dynamax\n|teampreview\n|inactive|Battle timer is ON: inactive players will automatically lose when time's up. (requested by Vodyne)\n|inactive|nwopnwop has 120 seconds left.\n|\n|t:|1607833060\n|start\n|switch|p1a: Turtwigg|Torkoal, M, shiny|100\/100\n|switch|p2a: Suicune|Suicune|100\/100\n|-ability|p2a: Suicune|Pressure\n|-weather|SunnyDay|[from] ability: Drought|[of] p1a: Turtwigg\n|turn|1\n|c|\u2606nwopnwop|glhf\n|c|\u2606Vodyne|u2\n|\n|t:|1607833075\n|switch|p2a: Snorlax|Snorlax, F|100\/100\n|switch|p1a: BaeBae|Venusaur, F, shiny|100\/100\n|\n|-weather|SunnyDay|[upkeep]\n|upkeep\n|turn|2\n|inactive|nwopnwop has 120 seconds left.\n|\n|t:|1607833110\n|switch|p1a: Hestia|Heatran, F|100\/100\n|move|p2a: Snorlax|Body Slam|p1a: Hestia\n|-resisted|p1a: Hestia\n|-damage|p1a: Hestia|85\/100\n|\n|-weather|SunnyDay|[upkeep]\n|upkeep\n|turn|3\n|inactive|nwopnwop has 120 seconds left.\n|\n|t:|1607833119\n|move|p1a: Hestia|Eruption|p2a: Snorlax\n|-damage|p2a: Snorlax|63\/100\n|move|p2a: Snorlax|Body Slam|p1a: Hestia\n|-resisted|p1a: Hestia\n|-damage|p1a: Hestia|68\/100\n|\n|-weather|SunnyDay|[upkeep]\n|-heal|p2a: Snorlax|69\/100|[from] item: Leftovers\n|upkeep\n|turn|4\n|inactive|nwopnwop has 120 seconds left.\n|\n|t:|1607833132\n|switch|p1a: Clef|Clefable, M, shiny|100\/100\n|move|p2a: Snorlax|Darkest Lariat|p1a: Clef\n|-resisted|p1a: Clef\n|-damage|p1a: Clef|92\/100\n|-damage|p2a: Snorlax|53\/100|[from] item: Rocky Helmet|[of] p1a: Clef\n|\n|-weather|SunnyDay|[upkeep]\n|-heal|p2a: Snorlax|59\/100|[from] item: Leftovers\n|upkeep\n|turn|5\n|\n|t:|1607833141\n|move|p1a: Clef|Calm Mind|p1a: Clef\n|-boost|p1a: Clef|spa|1\n|-boost|p1a: Clef|spd|1\n|move|p2a: Snorlax|Body Slam|p1a: Clef\n|-damage|p1a: Clef|68\/100\n|-damage|p2a: Snorlax|42\/100|[from] item: Rocky Helmet|[of] p1a: Clef\n|\n|-weather|SunnyDay|[upkeep]\n|-heal|p2a: Snorlax|48\/100|[from] item: Leftovers\n|upkeep\n|turn|6\n|\n|t:|1607833149\n|move|p1a: Clef|Moonblast|p2a: Snorlax\n|-damage|p2a: Snorlax|26\/100\n|move|p2a: Snorlax|Body Slam|p1a: Clef\n|-damage|p1a: Clef|43\/100\n|-status|p1a: Clef|par\n|-damage|p2a: Snorlax|9\/100|[from] item: Rocky Helmet|[of] p1a: Clef\n|\n|-weather|SunnyDay|[upkeep]\n|-heal|p2a: Snorlax|15\/100|[from] item: Leftovers\n|upkeep\n|turn|7\n|\n|t:|1607833158\n|move|p2a: Snorlax|Rest|p2a: Snorlax\n|-status|p2a: Snorlax|slp|[from] move: Rest\n|-heal|p2a: Snorlax|100\/100 slp|[silent]\n|move|p1a: Clef|Soft-Boiled|p1a: Clef\n|-heal|p1a: Clef|93\/100 par\n|\n|-weather|SunnyDay|[upkeep]\n|upkeep\n|turn|8\n|\n|t:|1607833167\n|switch|p2a: Victini|Victini|100\/100\n|move|p1a: Clef|Knock Off|p2a: Victini\n|-supereffective|p2a: Victini\n|-damage|p2a: Victini|64\/100\n|-enditem|p2a: Victini|Assault Vest|[from] move: Knock Off|[of] p1a: Clef\n|\n|-weather|none\n|upkeep\n|turn|9\n|\n|t:|1607833193\n|move|p2a: Victini|Future Sight|p1a: Clef\n|-start|p2a: Victini|move: Future Sight\n|move|p1a: Clef|Calm Mind|p1a: Clef\n|-boost|p1a: Clef|spa|1\n|-boost|p1a: Clef|spd|1\n|\n|upkeep\n|turn|10\n|\n|t:|1607833198\n|move|p2a: Victini|V-create|p1a: Clef\n|-damage|p1a: Clef|31\/100 par\n|-unboost|p2a: Victini|spe|1\n|-unboost|p2a: Victini|def|1\n|-unboost|p2a: Victini|spd|1\n|-damage|p2a: Victini|48\/100|[from] item: Rocky Helmet|[of] p1a: Clef\n|move|p1a: Clef|Calm Mind|p1a: Clef\n|-boost|p1a: Clef|spa|1\n|-boost|p1a: Clef|spd|1\n|\n|upkeep\n|turn|11\n|inactive|nwopnwop has 120 seconds left.\n|\n|t:|1607833235\n|switch|p1a: Spooker|Hydreigon, M|100\/100\n|move|p2a: Victini|Bolt Strike|p1a: Spooker\n|-resisted|p1a: Spooker\n|-damage|p1a: Spooker|81\/100\n|\n|-end|p1a: Spooker|move: Future Sight\n|-immune|p1a: Spooker\n|-heal|p1a: Spooker|88\/100|[from] item: Leftovers\n|upkeep\n|turn|12\n|\n|t:|1607833249\n|switch|p2a: Diancie|Diancie|100\/100\n|move|p1a: Spooker|Dark Pulse|p2a: Diancie\n|-resisted|p2a: Diancie\n|-damage|p2a: Diancie|91\/100\n|\n|-heal|p1a: Spooker|94\/100|[from] item: Leftovers\n|upkeep\n|turn|13\n|inactive|nwopnwop has 90 seconds left.\n|\n|t:|1607833300\n|switch|p1a: Turtwigg|Torkoal, M, shiny|100\/100\n|-weather|SunnyDay|[from] ability: Drought|[of] p1a: Turtwigg\n|move|p2a: Diancie|Play Rough|p1a: Turtwigg\n|-resisted|p1a: Turtwigg\n|-crit|p1a: Turtwigg\n|-damage|p1a: Turtwigg|81\/100\n|\n|-weather|SunnyDay|[upkeep]\n|upkeep\n|turn|14\n|\n|t:|1607833315\n|move|p2a: Diancie|Diamond Storm|p1a: Turtwigg\n|-supereffective|p1a: Turtwigg\n|-damage|p1a: Turtwigg|25\/100\n|move|p1a: Turtwigg|Stealth Rock|p2a: Diancie\n|-sidestart|p2: Vodyne|move: Stealth Rock\n|\n|-weather|SunnyDay|[upkeep]\n|upkeep\n|turn|15\n|\n|t:|1607833333\n|switch|p1a: Hestia|Heatran, F|68\/100\n|move|p2a: Diancie|Diamond Storm|p1a: Hestia\n|-damage|p1a: Hestia|18\/100\n|\n|-weather|SunnyDay|[upkeep]\n|upkeep\n|turn|16\n|\n|t:|1607833348\n|switch|p2a: Snorlax|Snorlax, F|100\/100 slp\n|-damage|p2a: Snorlax|88\/100 slp|[from] Stealth Rock\n|move|p1a: Hestia|Flash Cannon|p2a: Snorlax\n|-damage|p2a: Snorlax|59\/100 slp\n|-unboost|p2a: Snorlax|spd|1\n|\n|-weather|SunnyDay|[upkeep]\n|-heal|p2a: Snorlax|65\/100 slp|[from] item: Leftovers\n|upkeep\n|turn|17\n|\n|t:|1607833360\n|move|p1a: Hestia|Flash Cannon|p2a: Snorlax\n|-damage|p2a: Snorlax|16\/100 slp\n|cant|p2a: Snorlax|slp\n|\n|-weather|SunnyDay|[upkeep]\n|-heal|p2a: Snorlax|22\/100 slp|[from] item: Leftovers\n|upkeep\n|turn|18\n|\n|t:|1607833367\n|move|p1a: Hestia|Flash Cannon|p2a: Snorlax\n|-damage|p2a: Snorlax|0 fnt\n|faint|p2a: Snorlax\n|\n|-weather|SunnyDay|[upkeep]\n|upkeep\n|\n|t:|1607833396\n|switch|p2a: Victini|Victini|48\/100\n|-damage|p2a: Victini|23\/100|[from] Stealth Rock\n|turn|19\n|\n|t:|1607833404\n|switch|p1a: Stray Cat|Landorus-Therian, M, shiny|100\/100\n|-ability|p1a: Stray Cat|Intimidate|boost\n|-unboost|p2a: Victini|atk|1\n|move|p2a: Victini|Bolt Strike|p1a: Stray Cat\n|-immune|p1a: Stray Cat\n|\n|-weather|SunnyDay|[upkeep]\n|upkeep\n|turn|20\n|inactive|nwopnwop has 90 seconds left.\n|\n|t:|1607833412\n|move|p1a: Stray Cat|U-turn|p2a: Victini\n|-damage|p2a: Victini|0 fnt\n|faint|p2a: Victini\n|inactive|nwopnwop has 90 seconds left.\n|\n|t:|1607833422\n|switch|p1a: Clef|Clefable, M, shiny|31\/100 par|[from]move: U-turn\n|\n|-weather|none\n|upkeep\n|\n|t:|1607833427\n|switch|p2a: Diancie|Diancie|91\/100\n|-damage|p2a: Diancie|79\/100|[from] Stealth Rock\n|turn|21\n|\n|t:|1607833433\n|move|p2a: Diancie|Diamond Storm|p1a: Clef\n|-damage|p1a: Clef|0 fnt\n|-boost|p2a: Diancie|def|2\n|faint|p1a: Clef\n|\n|upkeep\n|\n|t:|1607833439\n|switch|p1a: Turtwigg|Torkoal, M, shiny|25\/100\n|-weather|SunnyDay|[from] ability: Drought|[of] p1a: Turtwigg\n|turn|22\n|inactive|nwopnwop has 90 seconds left.\n|\n|t:|1607833491\n|switch|p1a: BaeBae|Venusaur, F, shiny|100\/100\n|move|p2a: Diancie|Diamond Storm|p1a: BaeBae\n|-damage|p1a: BaeBae|39\/100\n|-boost|p2a: Diancie|def|2\n|\n|-weather|SunnyDay|[upkeep]\n|upkeep\n|turn|23\n|\n|t:|1607833509\n|move|p1a: BaeBae|Solar Beam||[still]\n|-prepare|p1a: BaeBae|Solar Beam\n|-anim|p1a: BaeBae|Solar Beam|p2a: Diancie\n|-supereffective|p2a: Diancie\n|-damage|p2a: Diancie|4\/100\n|-damage|p1a: BaeBae|29\/100|[from] item: Life Orb\n|move|p2a: Diancie|Mystical Fire|p1a: BaeBae\n|-supereffective|p1a: BaeBae\n|-damage|p1a: BaeBae|0 fnt\n|faint|p1a: BaeBae\n|\n|-weather|SunnyDay|[upkeep]\n|upkeep\n|\n|t:|1607833521\n|switch|p1a: Hestia|Heatran, F|18\/100\n|turn|24\n|\n|t:|1607833529\n|move|p1a: Hestia|Flamethrower|p2a: Diancie\n|-resisted|p2a: Diancie\n|-damage|p2a: Diancie|0 fnt\n|faint|p2a: Diancie\n|\n|-weather|SunnyDay|[upkeep]\n|upkeep\n|\n|t:|1607833554\n|switch|p2a: Suicune|Suicune|100\/100\n|-damage|p2a: Suicune|88\/100|[from] Stealth Rock\n|-ability|p2a: Suicune|Pressure\n|turn|25\n|\n|t:|1607833576\n|switch|p1a: Spooker|Hydreigon, M|94\/100\n|move|p2a: Suicune|Scald|p1a: Spooker\n|-resisted|p1a: Spooker\n|-damage|p1a: Spooker|89\/100\n|\n|-weather|SunnyDay|[upkeep]\n|-heal|p1a: Spooker|95\/100|[from] item: Leftovers\n|-heal|p2a: Suicune|94\/100|[from] item: Leftovers\n|upkeep\n|turn|26\n|\n|t:|1607833585\n|move|p1a: Spooker|Dark Pulse|p2a: Suicune\n|-damage|p2a: Suicune|67\/100\n|move|p2a: Suicune|Calm Mind|p2a: Suicune\n|-boost|p2a: Suicune|spa|1\n|-boost|p2a: Suicune|spd|1\n|\n|-weather|SunnyDay|[upkeep]\n|-heal|p1a: Spooker|100\/100|[from] item: Leftovers\n|-heal|p2a: Suicune|73\/100|[from] item: Leftovers\n|upkeep\n|turn|27\n|\n|t:|1607833596\n|move|p1a: Spooker|Dark Pulse|p2a: Suicune\n|-damage|p2a: Suicune|57\/100\n|move|p2a: Suicune|Calm Mind|p2a: Suicune\n|-boost|p2a: Suicune|spa|1\n|-boost|p2a: Suicune|spd|1\n|\n|-weather|SunnyDay|[upkeep]\n|-heal|p2a: Suicune|64\/100|[from] item: Leftovers\n|upkeep\n|turn|28\n|\n|t:|1607833609\n|switch|p1a: Stray Cat|Landorus-Therian, M, shiny|100\/100\n|-ability|p1a: Stray Cat|Intimidate|boost\n|-unboost|p2a: Suicune|atk|1\n|move|p2a: Suicune|Ice Beam|p1a: Stray Cat\n|-supereffective|p1a: Stray Cat\n|-damage|p1a: Stray Cat|0 fnt\n|faint|p1a: Stray Cat\n|\n|-weather|SunnyDay|[upkeep]\n|-heal|p2a: Suicune|70\/100|[from] item: Leftovers\n|upkeep\n|c|\u2606nwopnwop|ggwp\n|c|\u2606Vodyne|thx\n|c|\u2606Vodyne|gg\n|-message|nwopnwop forfeited.\n|\n|win|Vodyne\n|l|\u2606nwopnwop\n|raw|nwopnwop's rating: 1481 &rarr; <strong>1457<\/strong><br \/>(-24 for losing)\n|raw|Vodyne's rating: 1409 &rarr; <strong>1433<\/strong><br \/>(+24 for winning)\n","uploadtime":1607833646,"views":15,"p1id":"nwopnwop","p2id":"vodyne","formatid":"gen8ou","rating":1433,"private":0,"password":null}