{"id":"gen8ubers-1595735440","p1":"isopoddealer","p2":"Eclipse77","format":"gen8ubers","log":"|j|\u2606isopoddealer\n|j|\u2606Eclipse77\n|t:|1655162480\n|gametype|singles\n|player|p1|isopoddealer|biker-gen4|1155\n|player|p2|Eclipse77|kahili|1354\n|teamsize|p1|6\n|teamsize|p2|6\n|gen|8\n|tier|[Gen 8] Ubers\n|rated|\n|rule|Sleep Clause Mod: Limit one foe put to sleep\n|rule|Species Clause: Limit one of each Pok\u00e9mon\n|rule|OHKO Clause: OHKO moves are banned\n|rule|Evasion Moves Clause: Evasion moves are banned\n|rule|Endless Battle Clause: Forcing endless battles is banned\n|rule|HP Percentage Mod: HP is shown in percentages\n|rule|Dynamax Clause: You cannot dynamax\n|clearpoke\n|poke|p1|Yveltal|\n|poke|p1|Necrozma-Dusk-Mane|\n|poke|p1|Eternatus|\n|poke|p1|Zygarde|\n|poke|p1|Ho-Oh|\n|poke|p1|Calyrex-Shadow|\n|poke|p2|Kyogre|\n|poke|p2|Calyrex-Shadow|\n|poke|p2|Eternatus|\n|poke|p2|Necrozma-Dusk-Mane|\n|poke|p2|Zygarde|\n|poke|p2|Yveltal|\n|teampreview\n|\n|t:|1655162501\n|start\n|switch|p1a: Necrozma|Necrozma-Dusk-Mane|100\/100\n|switch|p2a: Kyogre|Kyogre|100\/100\n|-weather|RainDance|[from] ability: Drizzle|[of] p2a: Kyogre\n|turn|1\n|\n|t:|1655162508\n|move|p2a: Kyogre|Thunder Wave|p1a: Necrozma\n|-status|p1a: Necrozma|par\n|move|p1a: Necrozma|Stealth Rock|p2a: Kyogre\n|-sidestart|p2: Eclipse77|move: Stealth Rock\n|\n|-weather|RainDance|[upkeep]\n|upkeep\n|turn|2\n|\n|t:|1655162515\n|switch|p2a: Yveltal|Yveltal, shiny|100\/100\n|-ability|p2a: Yveltal|Dark Aura\n|move|p1a: Necrozma|Toxic|p2a: Yveltal\n|-status|p2a: Yveltal|tox\n|\n|-weather|RainDance|[upkeep]\n|-damage|p2a: Yveltal|94\/100 tox|[from] psn\n|upkeep\n|turn|3\n|\n|t:|1655162525\n|move|p2a: Yveltal|Defog|p1a: Necrozma\n|-unboost|p1a: Necrozma|evasion|1\n|-sideend|p2: Eclipse77|Stealth Rock|[from] move: Defog|[of] p2a: Yveltal\n|cant|p1a: Necrozma|par\n|\n|-weather|RainDance|[upkeep]\n|-damage|p2a: Yveltal|82\/100 tox|[from] psn\n|upkeep\n|turn|4\n|\n|t:|1655162531\n|move|p2a: Yveltal|Knock Off|p1a: Necrozma\n|-supereffective|p1a: Necrozma\n|-crit|p1a: Necrozma\n|-damage|p1a: Necrozma|30\/100 par\n|-enditem|p1a: Necrozma|Leftovers|[from] move: Knock Off|[of] p2a: Yveltal\n|move|p1a: Necrozma|Sunsteel Strike|p2a: Yveltal\n|-damage|p2a: Yveltal|36\/100 tox\n|\n|-weather|RainDance|[upkeep]\n|-damage|p2a: Yveltal|18\/100 tox|[from] psn\n|upkeep\n|turn|5\n|c|\u2606isopoddealer|crit. ouch\n|\n|t:|1655162548\n|move|p2a: Yveltal|Roost|p2a: Yveltal\n|-heal|p2a: Yveltal|68\/100 tox\n|-singleturn|p2a: Yveltal|move: Roost\n|cant|p1a: Necrozma|par\n|\n|-weather|none\n|-damage|p2a: Yveltal|44\/100 tox|[from] psn\n|upkeep\n|turn|6\n|c|\u2606Eclipse77|sorry\n|c|\u2606isopoddealer|no worries\n|c|\u2606isopoddealer|its part of the game\n|\n|t:|1655162565\n|move|p2a: Yveltal|U-turn|p1a: Necrozma\n|-damage|p1a: Necrozma|19\/100 par\n|\n|t:|1655162569\n|switch|p2a: Necrozma|Necrozma-Dusk-Mane|100\/100|[from]move: U-turn\n|cant|p1a: Necrozma|par\n|\n|upkeep\n|turn|7\n|\n|t:|1655162574\n|move|p2a: Necrozma|Stealth Rock|p1a: Necrozma\n|-sidestart|p1: isopoddealer|move: Stealth Rock\n|move|p1a: Necrozma|Stealth Rock|p2a: Necrozma\n|-sidestart|p2: Eclipse77|move: Stealth Rock\n|\n|upkeep\n|turn|8\n|c|\u2606isopoddealer|haha my luck is so bad\n|\n|t:|1655162581\n|move|p2a: Necrozma|Iron Head|p1a: Necrozma\n|-resisted|p1a: Necrozma\n|-damage|p1a: Necrozma|9\/100 par\n|cant|p1a: Necrozma|par\n|\n|upkeep\n|turn|9\n|c|\u2606Eclipse77|it is\n|c|\u2606Eclipse77|like actually awful\n|\n|t:|1655162590\n|move|p2a: Necrozma|Iron Head|p1a: Necrozma\n|-resisted|p1a: Necrozma\n|-damage|p1a: Necrozma|0 fnt\n|faint|p1a: Necrozma\n|\n|upkeep\n|c|\u2606isopoddealer|every turn full para\n|\n|t:|1655162599\n|switch|p1a: Ho-Oh|Ho-Oh|100\/100\n|turn|10\n|c|\u2606Eclipse77|honetsly I was almost ruined by caly there\n|c|\u2606Eclipse77|i got lucky\n|\n|t:|1655162608\n|switch|p2a: Kyogre|Kyogre|100\/100\n|-damage|p2a: Kyogre|88\/100|[from] Stealth Rock\n|-weather|RainDance|[from] ability: Drizzle|[of] p2a: Kyogre\n|move|p1a: Ho-Oh|Sacred Fire|p2a: Kyogre\n|-resisted|p2a: Kyogre\n|-damage|p2a: Kyogre|78\/100\n|\n|-weather|RainDance|[upkeep]\n|-heal|p2a: Kyogre|84\/100|[from] item: Leftovers\n|upkeep\n|turn|11\n|\n|t:|1655162633\n|move|p2a: Kyogre|Thunder Wave|p1a: Ho-Oh\n|-status|p1a: Ho-Oh|par\n|move|p1a: Ho-Oh|Thunder Wave|p2a: Kyogre\n|-status|p2a: Kyogre|par\n|\n|-weather|RainDance|[upkeep]\n|-heal|p2a: Kyogre|90\/100 par|[from] item: Leftovers\n|upkeep\n|turn|12\n|\n|t:|1655162643\n|move|p2a: Kyogre|Surf|p1a: Ho-Oh\n|-supereffective|p1a: Ho-Oh\n|-damage|p1a: Ho-Oh|18\/100 par\n|move|p1a: Ho-Oh|Whirlwind|p2a: Kyogre\n|drag|p2a: Eternatus|Eternatus|100\/100\n|-damage|p2a: Eternatus|88\/100|[from] Stealth Rock\n|-ability|p2a: Eternatus|Pressure\n|\n|-weather|RainDance|[upkeep]\n|upkeep\n|turn|13\n|\n|t:|1655162651\n|move|p2a: Eternatus|Dynamax Cannon|p1a: Ho-Oh\n|-damage|p1a: Ho-Oh|0 fnt\n|faint|p1a: Ho-Oh\n|\n|-weather|RainDance|[upkeep]\n|upkeep\n|\n|t:|1655162668\n|switch|p1a: Eternatus|Eternatus|100\/100\n|-damage|p1a: Eternatus|88\/100|[from] Stealth Rock\n|-ability|p1a: Eternatus|Pressure\n|turn|14\n|\n|t:|1655162675\n|move|p1a: Eternatus|Cosmic Power|p1a: Eternatus\n|-boost|p1a: Eternatus|def|1\n|-boost|p1a: Eternatus|spd|1\n|move|p2a: Eternatus|Dynamax Cannon|p1a: Eternatus\n|-supereffective|p1a: Eternatus\n|-damage|p1a: Eternatus|45\/100\n|\n|-weather|none\n|upkeep\n|turn|15\n|\n|t:|1655162684\n|switch|p2a: Calyrex|Calyrex-Shadow|100\/100\n|-ability|p2a: Calyrex|As One\n|-ability|p2a: Calyrex|Unnerve\n|-damage|p2a: Calyrex|88\/100|[from] Stealth Rock\n|move|p1a: Eternatus|Cosmic Power|p1a: Eternatus\n|-boost|p1a: Eternatus|def|1\n|-boost|p1a: Eternatus|spd|1\n|\n|upkeep\n|turn|16\n|\n|t:|1655162697\n|move|p2a: Calyrex|Psyshock|p1a: Eternatus\n|-supereffective|p1a: Eternatus\n|-damage|p1a: Eternatus|12\/100\n|move|p1a: Eternatus|Recover|p1a: Eternatus\n|-heal|p1a: Eternatus|62\/100\n|\n|upkeep\n|turn|17\n|c|\u2606Eclipse77|wait im so slow\n|c|\u2606isopoddealer|whats goin on?\n|c|\u2606Eclipse77|i thought cosmic power was lick calm mind lmao\n|\n|t:|1655162722\n|switch|p2a: Necrozma|Necrozma-Dusk-Mane|100\/100\n|-damage|p2a: Necrozma|94\/100|[from] Stealth Rock\n|move|p1a: Eternatus|Recover|p1a: Eternatus\n|-heal|p1a: Eternatus|100\/100\n|\n|-heal|p2a: Necrozma|100\/100|[from] item: Leftovers\n|upkeep\n|turn|18\n|\n|t:|1655162732\n|move|p1a: Eternatus|Cosmic Power|p1a: Eternatus\n|-boost|p1a: Eternatus|def|1\n|-boost|p1a: Eternatus|spd|1\n|move|p2a: Necrozma|Thunder Wave|p1a: Eternatus\n|-status|p1a: Eternatus|par\n|\n|upkeep\n|turn|19\n|c|\u2606Eclipse77|so i was like 'psyshock hits defense'\n|\n|t:|1655162751\n|switch|p2a: Calyrex|Calyrex-Shadow|88\/100\n|-ability|p2a: Calyrex|As One\n|-ability|p2a: Calyrex|Unnerve\n|-damage|p2a: Calyrex|76\/100|[from] Stealth Rock\n|move|p1a: Eternatus|Dragon Pulse|p2a: Calyrex\n|-damage|p2a: Calyrex|33\/100\n|\n|upkeep\n|turn|20\n|\n|t:|1655162759\n|move|p2a: Calyrex|Trick|p1a: Eternatus\n|-activate|p2a: Calyrex|move: Trick|[of] p1a: Eternatus\n|-item|p1a: Eternatus|Choice Scarf|[from] move: Trick\n|-enditem|p2a: Calyrex|Choice Scarf|[silent]|[from] move: Trick\n|move|p1a: Eternatus|Dragon Pulse|p2a: Calyrex\n|-damage|p2a: Calyrex|0 fnt\n|faint|p2a: Calyrex\n|\n|upkeep\n|\n|t:|1655162766\n|switch|p2a: Necrozma|Necrozma-Dusk-Mane|100\/100\n|-damage|p2a: Necrozma|94\/100|[from] Stealth Rock\n|turn|21\n|c|\u2606isopoddealer|welp\n|\n|t:|1655162774\n|switch|p2a: Kyogre|Kyogre|90\/100 par\n|-damage|p2a: Kyogre|78\/100 par|[from] Stealth Rock\n|-weather|RainDance|[from] ability: Drizzle|[of] p2a: Kyogre\n|move|p1a: Eternatus|Dragon Pulse|p2a: Kyogre\n|-crit|p2a: Kyogre\n|-damage|p2a: Kyogre|43\/100 par\n|\n|-weather|RainDance|[upkeep]\n|-heal|p2a: Kyogre|49\/100 par|[from] item: Leftovers\n|upkeep\n|turn|22\n|c|\u2606isopoddealer|scarf and parad etern i guess\n|\n|t:|1655162783\n|switch|p2a: Necrozma|Necrozma-Dusk-Mane|94\/100\n|-damage|p2a: Necrozma|88\/100|[from] Stealth Rock\n|move|p1a: Eternatus|Dragon Pulse|p2a: Necrozma\n|-resisted|p2a: Necrozma\n|-damage|p2a: Necrozma|76\/100\n|\n|-weather|RainDance|[upkeep]\n|-heal|p2a: Necrozma|82\/100|[from] item: Leftovers\n|upkeep\n|turn|23\n|c|\u2606isopoddealer|oof\n|\n|t:|1655162792\n|cant|p1a: Eternatus|par\n|move|p2a: Necrozma|Iron Head|p1a: Eternatus\n|-crit|p1a: Eternatus\n|-damage|p1a: Eternatus|55\/100 par\n|\n|-weather|RainDance|[upkeep]\n|-heal|p2a: Necrozma|88\/100|[from] item: Leftovers\n|upkeep\n|turn|24\n|c|\u2606Eclipse77|damn\n|\n|t:|1655162799\n|cant|p1a: Eternatus|par\n|move|p2a: Necrozma|Iron Head|p1a: Eternatus\n|-damage|p1a: Eternatus|43\/100 par\n|\n|-weather|RainDance|[upkeep]\n|-heal|p2a: Necrozma|94\/100|[from] item: Leftovers\n|upkeep\n|turn|25\n|\n|t:|1655162804\n|move|p1a: Eternatus|Dragon Pulse|p2a: Necrozma\n|-resisted|p2a: Necrozma\n|-damage|p2a: Necrozma|81\/100\n|move|p2a: Necrozma|Iron Head|p1a: Eternatus\n|-damage|p1a: Eternatus|33\/100 par\n|\n|-weather|none\n|-heal|p2a: Necrozma|87\/100|[from] item: Leftovers\n|upkeep\n|turn|26\n|c|\u2606isopoddealer|hahahaah\n|c|\u2606isopoddealer|my luck is genuinely awful\n|\n|t:|1655162813\n|move|p1a: Eternatus|Dragon Pulse|p2a: Necrozma\n|-resisted|p2a: Necrozma\n|-damage|p2a: Necrozma|73\/100\n|move|p2a: Necrozma|Iron Head|p1a: Eternatus\n|-damage|p1a: Eternatus|22\/100 par\n|\n|-heal|p2a: Necrozma|79\/100|[from] item: Leftovers\n|upkeep\n|turn|27\n|\n|t:|1655162820\n|cant|p1a: Eternatus|par\n|move|p2a: Necrozma|Iron Head|p1a: Eternatus\n|-damage|p1a: Eternatus|10\/100 par\n|\n|-heal|p2a: Necrozma|85\/100|[from] item: Leftovers\n|upkeep\n|turn|28\n|\n|t:|1655162826\n|move|p1a: Eternatus|Dragon Pulse|p2a: Necrozma\n|-resisted|p2a: Necrozma\n|-damage|p2a: Necrozma|73\/100\n|move|p2a: Necrozma|Iron Head|p1a: Eternatus\n|-damage|p1a: Eternatus|0 fnt\n|faint|p1a: Eternatus\n|\n|-heal|p2a: Necrozma|79\/100|[from] item: Leftovers\n|upkeep\n|\n|t:|1655162835\n|switch|p1a: Zygarde|Zygarde|100\/100\n|-damage|p1a: Zygarde|94\/100|[from] Stealth Rock\n|turn|29\n|\n|t:|1655162840\n|switch|p2a: Zygarde|Zygarde, shiny|100\/100\n|-damage|p2a: Zygarde|94\/100|[from] Stealth Rock\n|move|p1a: Zygarde|Dragon Dance|p1a: Zygarde\n|-boost|p1a: Zygarde|atk|1\n|-boost|p1a: Zygarde|spe|1\n|\n|-heal|p1a: Zygarde|100\/100|[from] item: Leftovers\n|-heal|p2a: Zygarde|100\/100|[from] item: Leftovers\n|upkeep\n|turn|30\n|\n|t:|1655162853\n|move|p1a: Zygarde|Thousand Arrows|p2a: Zygarde\n|-damage|p2a: Zygarde|76\/100\n|move|p2a: Zygarde|Glare|p1a: Zygarde\n|-status|p1a: Zygarde|par\n|\n|-heal|p2a: Zygarde|82\/100|[from] item: Leftovers\n|upkeep\n|turn|31\n|\n|t:|1655162860\n|move|p2a: Zygarde|Coil|p2a: Zygarde\n|-boost|p2a: Zygarde|atk|1\n|-boost|p2a: Zygarde|def|1\n|-boost|p2a: Zygarde|accuracy|1\n|move|p1a: Zygarde|Dragon Tail|p2a: Zygarde\n|-supereffective|p2a: Zygarde\n|-damage|p2a: Zygarde|59\/100\n|drag|p2a: Eternatus|Eternatus|88\/100\n|-damage|p2a: Eternatus|76\/100|[from] Stealth Rock\n|-ability|p2a: Eternatus|Pressure\n|\n|upkeep\n|turn|32\n|\n|t:|1655162874\n|move|p2a: Eternatus|Dynamax Cannon|p1a: Zygarde\n|-supereffective|p1a: Zygarde\n|-damage|p1a: Zygarde|30\/100 par\n|move|p1a: Zygarde|Dragon Dance|p1a: Zygarde\n|-boost|p1a: Zygarde|atk|1\n|-boost|p1a: Zygarde|spe|1\n|\n|-heal|p1a: Zygarde|36\/100 par|[from] item: Leftovers\n|-activate|p1a: Zygarde|ability: Power Construct\n|detailschange|p1a: Zygarde|Zygarde-Complete\n|-heal|p1a: Zygarde|60\/100 par|[silent]\n|upkeep\n|turn|33\n|\n|t:|1655162888\n|move|p2a: Eternatus|Dynamax Cannon|p1a: Zygarde\n|-supereffective|p1a: Zygarde\n|-damage|p1a: Zygarde|12\/100 par\n|move|p1a: Zygarde|Thousand Arrows|p2a: Eternatus\n|-supereffective|p2a: Eternatus\n|-damage|p2a: Eternatus|0 fnt\n|faint|p2a: Eternatus\n|\n|-heal|p1a: Zygarde|18\/100 par|[from] item: Leftovers\n|upkeep\n|c|\u2606isopoddealer|hahaah yesss\n|\n|t:|1655162896\n|switch|p2a: Zygarde|Zygarde, shiny|59\/100\n|-damage|p2a: Zygarde|52\/100|[from] Stealth Rock\n|turn|34\n|c|\u2606isopoddealer|zygarde god\n|\n|t:|1655162901\n|move|p1a: Zygarde|Thousand Arrows|p2a: Zygarde\n|-damage|p2a: Zygarde|21\/100\n|move|p2a: Zygarde|Thousand Arrows|p1a: Zygarde\n|-damage|p1a: Zygarde|6\/100 par\n|\n|-heal|p1a: Zygarde|12\/100 par|[from] item: Leftovers\n|-heal|p2a: Zygarde|27\/100|[from] item: Leftovers\n|-activate|p2a: Zygarde|ability: Power Construct\n|detailschange|p2a: Zygarde|Zygarde-Complete, shiny\n|-heal|p2a: Zygarde|52\/100|[silent]\n|upkeep\n|turn|35\n|\n|t:|1655162911\n|move|p1a: Zygarde|Thousand Arrows|p2a: Zygarde\n|-damage|p2a: Zygarde|32\/100\n|move|p2a: Zygarde|Thousand Arrows|p1a: Zygarde\n|-damage|p1a: Zygarde|0 fnt\n|faint|p1a: Zygarde\n|\n|-heal|p2a: Zygarde|38\/100|[from] item: Leftovers\n|upkeep\n|\n|t:|1655162922\n|switch|p1a: Calyrex|Calyrex-Shadow|100\/100\n|-ability|p1a: Calyrex|As One\n|-ability|p1a: Calyrex|Unnerve\n|-damage|p1a: Calyrex|88\/100|[from] Stealth Rock\n|turn|36\n|\n|t:|1655162947\n|move|p1a: Calyrex|Astral Barrage|p2a: Zygarde\n|-damage|p2a: Zygarde|0 fnt\n|faint|p2a: Zygarde\n|-ability|p1a: Calyrex|Grim Neigh|boost\n|-boost|p1a: Calyrex|spa|1\n|\n|upkeep\n|\n|t:|1655162951\n|switch|p2a: Yveltal|Yveltal, shiny|44\/100 tox\n|-ability|p2a: Yveltal|Dark Aura\n|turn|37\n|\n|t:|1655162955\n|move|p1a: Calyrex|Astral Barrage|p2a: Yveltal\n|-resisted|p2a: Yveltal\n|-damage|p2a: Yveltal|0 fnt\n|faint|p2a: Yveltal\n|-ability|p1a: Calyrex|Grim Neigh|boost\n|-boost|p1a: Calyrex|spa|1\n|\n|upkeep\n|c|\u2606Eclipse77|gg\n|-message|Eclipse77 forfeited.\n|\n|win|isopoddealer\n|raw|isopoddealer's rating: 1155 &rarr; <strong>1193<\/strong><br \/>(+38 for winning)\n|raw|Eclipse77's rating: 1354 &rarr; <strong>1324<\/strong><br \/>(-30 for losing)\n|l|\u2606Eclipse77\n|c|\u2606isopoddealer|geeg\n||Ladder isn't responding, score probably updated but might not have (Request timeout).\n","uploadtime":1655162970,"views":6,"p1id":"isopoddealer","p2id":"eclipse77","formatid":"gen8ubers","rating":1193,"private":0,"password":null}