{"id":"gen8nationaldexmonotype-1617917109","p1":"SuckMyToesies","p2":"SirFresh","format":"gen8nationaldexmonotype","log":"|j|\u2606SuckMyToesies\n|j|\u2606SirFresh\n|t:|1657901319\n|gametype|singles\n|player|p1|SuckMyToesies|265|\n|player|p2|SirFresh|palmer|\n|teamsize|p1|6\n|teamsize|p2|6\n|gen|8\n|tier|[Gen 8] National Dex Monotype\n|rule|HP Percentage Mod: HP is shown in percentages\n|rule|Endless Battle Clause: Forcing endless battles is banned\n|rule|Same Type Clause: Pok\u00e9mon in a team must share a type\n|rule|Species Clause: Limit one of each Pok\u00e9mon\n|rule|OHKO Clause: OHKO moves are banned\n|rule|Evasion Moves Clause: Evasion moves are banned\n|rule|Dynamax Clause: You cannot dynamax\n|rule|Sleep Clause Mod: Limit one foe put to sleep\n|clearpoke\n|poke|p1|Greninja, F|\n|poke|p1|Toxapex, M|\n|poke|p1|Urshifu-*, F|\n|poke|p1|Rotom-Wash|\n|poke|p1|Gyarados, M|\n|poke|p1|Swampert, M|\n|poke|p2|Greninja, M|\n|poke|p2|Crawdaunt, M|\n|poke|p2|Swampert, M|\n|poke|p2|Milotic, F|\n|poke|p2|Manaphy|\n|poke|p2|Lanturn, F|\n|teampreview\n|\n|t:|1657901343\n|start\n|switch|p1a: Schlutt|Greninja, F|100\/100\n|switch|p2a: Lanturn|Lanturn, F|100\/100\n|turn|1\n|\n|t:|1657901350\n|move|p1a: Schlutt|U-turn|p2a: Lanturn\n|-start|p1a: Schlutt|typechange|Bug|[from] ability: Protean\n|-damage|p2a: Lanturn|67\/100\n|-damage|p1a: Schlutt|91\/100|[from] item: Life Orb\n|\n|t:|1657901356\n|switch|p1a: Schlenis|Swampert, M|100\/100|[from]move: U-turn\n|move|p2a: Lanturn|Hidden Power|p1a: Schlenis\n|-supereffective|p1a: Schlenis\n|-damage|p1a: Schlenis|70\/100\n|\n|-heal|p2a: Lanturn|73\/100|[from] item: Leftovers\n|-heal|p1a: Schlenis|76\/100|[from] item: Leftovers\n|upkeep\n|turn|2\n|\n|t:|1657901367\n|switch|p2a: Manaphy|Manaphy|100\/100\n|move|p1a: Schlenis|Yawn|p2a: Manaphy\n|-start|p2a: Manaphy|move: Yawn|[of] p1a: Schlenis\n|\n|-heal|p1a: Schlenis|82\/100|[from] item: Leftovers\n|upkeep\n|turn|3\n|\n|t:|1657901377\n|switch|p2a: Lanturn|Lanturn, F|73\/100\n|move|p1a: Schlenis|Stealth Rock|p2a: Lanturn\n|-sidestart|p2: SirFresh|move: Stealth Rock\n|\n|-heal|p2a: Lanturn|79\/100|[from] item: Leftovers\n|-heal|p1a: Schlenis|88\/100|[from] item: Leftovers\n|upkeep\n|turn|4\n|\n|t:|1657901384\n|move|p2a: Lanturn|Hidden Power|p1a: Schlenis\n|-supereffective|p1a: Schlenis\n|-damage|p1a: Schlenis|56\/100\n|move|p1a: Schlenis|Yawn|p2a: Lanturn\n|-start|p2a: Lanturn|move: Yawn|[of] p1a: Schlenis\n|\n|-heal|p2a: Lanturn|86\/100|[from] item: Leftovers\n|-heal|p1a: Schlenis|62\/100|[from] item: Leftovers\n|upkeep\n|turn|5\n|\n|t:|1657901390\n|move|p2a: Lanturn|Hidden Power|p1a: Schlenis\n|-supereffective|p1a: Schlenis\n|-damage|p1a: Schlenis|33\/100\n|move|p1a: Schlenis|Flip Turn|p2a: Lanturn\n|-heal|p2a: Lanturn|100\/100|[from] ability: Water Absorb|[of] p1a: Schlenis\n|\n|-heal|p1a: Schlenis|39\/100|[from] item: Leftovers\n|-end|p2a: Lanturn|move: Yawn|[silent]\n|-status|p2a: Lanturn|slp\n|upkeep\n|turn|6\n|\n|t:|1657901402\n|switch|p1a: Schloobs|Gyarados, M|100\/100\n|-ability|p1a: Schloobs|Intimidate|boost\n|-unboost|p2a: Lanturn|atk|1\n|cant|p2a: Lanturn|slp\n|\n|upkeep\n|turn|7\n|\n|t:|1657901410\n|move|p1a: Schloobs|Dragon Dance|p1a: Schloobs\n|-boost|p1a: Schloobs|atk|1\n|-boost|p1a: Schloobs|spe|1\n|cant|p2a: Lanturn|slp\n|\n|upkeep\n|turn|8\n|\n|t:|1657901415\n|detailschange|p1a: Schloobs|Gyarados-Mega, M\n|-mega|p1a: Schloobs|Gyarados|Gyaradosite\n|-ability|p1a: Schloobs|Mold Breaker\n|move|p1a: Schloobs|Power Whip|p2a: Lanturn\n|-supereffective|p2a: Lanturn\n|-damage|p2a: Lanturn|0 fnt\n|faint|p2a: Lanturn\n|\n|upkeep\n|\n|t:|1657901425\n|switch|p2a: Milotic|Milotic, F|100\/100\n|-damage|p2a: Milotic|88\/100|[from] Stealth Rock\n|turn|9\n|\n|t:|1657901432\n|move|p1a: Schloobs|Power Whip|p2a: Milotic\n|-supereffective|p2a: Milotic\n|-damage|p2a: Milotic|0 fnt\n|-damage|p1a: Schloobs|84\/100|[from] item: Rocky Helmet|[of] p2a: Milotic\n|faint|p2a: Milotic\n|\n|upkeep\n|\n|t:|1657901438\n|switch|p2a: Manaphy|Manaphy|100\/100\n|-damage|p2a: Manaphy|88\/100|[from] Stealth Rock\n|turn|10\n|\n|t:|1657901444\n|move|p1a: Schloobs|Power Whip|p2a: Manaphy\n|-supereffective|p2a: Manaphy\n|-damage|p2a: Manaphy|0 fnt\n|faint|p2a: Manaphy\n|\n|upkeep\n|c|\u2606SirFresh|Yeah I threw real bad\n|c|\u2606SuckMyToesies|yep\n|c|\u2606SuckMyToesies|probably shouldn't hve let the lanturn fall asleep\n|c|\u2606SuckMyToesies|gg\n|inactive|Battle timer is ON: inactive players will automatically lose when time's up. (requested by SuckMyToesies)\n|-message|SirFresh forfeited.\n|\n|win|SuckMyToesies\n","uploadtime":1657901561,"views":21,"p1id":"suckmytoesies","p2id":"sirfresh","formatid":"gen8nationaldexmonotype","rating":0,"private":0,"password":null}