{"id":"gen8vgc2022-1512733824","p1":"Sp0oNl0rD","p2":"Wat's on VGC","format":"gen8vgc2022","log":"|j|\u2606Sp0oNl0rD\n|j|\u2606Wat's on VGC\n|t:|1645073322\n|gametype|doubles\n|player|p1|Sp0oNl0rD|blackbelt-gen4dp|1342\n|player|p2|Wat's on VGC|fisherman-gen4|1394\n|teamsize|p1|6\n|teamsize|p2|6\n|gen|8\n|tier|[Gen 8] VGC 2022\n|rated|\n|rule|Species Clause: Limit one of each Pok\u00e9mon\n|rule|Item Clause: Limit one of each item\n|clearpoke\n|poke|p1|Zacian-*, L50|\n|poke|p1|Rayquaza, L50|\n|poke|p1|Amoonguss, L50, F|\n|poke|p1|Raichu, L50, M|\n|poke|p1|Incineroar, L50, F|\n|poke|p1|Gastrodon-East, L50, M|\n|poke|p2|Charizard, L50, M|\n|poke|p2|Dialga, L50|\n|poke|p2|Groudon, L50|\n|poke|p2|Gastrodon, L50, F|\n|poke|p2|Grimmsnarl, L50, M|\n|poke|p2|Rillaboom, L50, F|\n|teampreview|4\n|inactive|Battle timer is ON: inactive players will automatically lose when time's up. (requested by Sp0oNl0rD)\n|inactive|Sp0oNl0rD has 60 seconds left.\n|inactive|Wat's on VGC has 60 seconds left.\n|\n|t:|1645073364\n|start\n|switch|p1a: Raichu|Raichu, L50, M|100\/100\n|switch|p1b: Rayquaza|Rayquaza, L50|100\/100\n|switch|p2a: Charizard|Charizard, L50, M, shiny|100\/100\n|switch|p2b: Groudon|Groudon, L50|100\/100\n|-weather|SunnyDay|[from] ability: Drought|[of] p2b: Groudon\n|-ability|p1b: Rayquaza|Air Lock\n|turn|1\n|\n|t:|1645073383\n|-start|p2a: Charizard|Dynamax\n|-formechange|p2a: Charizard|Charizard-Gmax\n|-heal|p2a: Charizard|100\/100|[silent]\n|-start|p1b: Rayquaza|Dynamax\n|-heal|p1b: Rayquaza|100\/100|[silent]\n|move|p2b: Groudon|Rock Slide|p1b: Rayquaza|[spread] p1a,p1b\n|-supereffective|p1b: Rayquaza\n|-damage|p1a: Raichu|58\/100\n|-damage|p1b: Rayquaza|78\/100\n|cant|p1a: Raichu|flinch\n|move|p2a: Charizard|Max Airstream|p1a: Raichu\n|-resisted|p1a: Raichu\n|-damage|p1a: Raichu|8\/100\n|-boost|p2a: Charizard|spe|1\n|-boost|p2b: Groudon|spe|1\n|move|p1b: Rayquaza|Max Wyrmwind|p2b: Groudon\n|-damage|p2b: Groudon|0 fnt\n|-unboost|p2a: Charizard|atk|1\n|faint|p2b: Groudon\n|-damage|p1b: Rayquaza|73\/100|[from] item: Life Orb\n|\n|-weather|SunnyDay|[upkeep]\n|upkeep\n|\n|t:|1645073398\n|switch|p2b: Gastrodon|Gastrodon, L50, F|100\/100\n|turn|2\n|\n|t:|1645073422\n|move|p1a: Raichu|Helping Hand|p1b: Rayquaza\n|-singleturn|p1b: Rayquaza|Helping Hand|[of] p1a: Raichu\n|move|p2a: Charizard|G-Max Wildfire|p1a: Raichu\n|-damage|p1a: Raichu|0 fnt\n|-sidestart|p1: Sp0oNl0rD|G-Max Wildfire\n|faint|p1a: Raichu\n|move|p1b: Rayquaza|Max Airstream|p2b: Gastrodon\n|-damage|p2b: Gastrodon|0 fnt\n|-boost|p1b: Rayquaza|spe|1\n|faint|p2b: Gastrodon\n|-damage|p1b: Rayquaza|68\/100|[from] item: Life Orb\n|\n|-weather|SunnyDay|[upkeep]\n|-damage|p1b: Rayquaza|60\/100|[from] G-Max Wildfire\n|upkeep\n|\n|t:|1645073433\n|switch|p1a: Zacian|Zacian-Crowned, L50|100\/100\n|switch|p2b: Monke|Rillaboom, L50, F|100\/100\n|-ability|p1a: Zacian|Intrepid Sword|boost\n|-boost|p1a: Zacian|atk|1\n|-fieldstart|move: Grassy Terrain|[from] ability: Grassy Surge|[of] p2b: Monke\n|turn|3\n|\n|t:|1645073445\n|move|p1a: Zacian|Protect|p1a: Zacian\n|-singleturn|p1a: Zacian|Protect\n|move|p2b: Monke|Grassy Glide|p1b: Rayquaza\n|-resisted|p1b: Rayquaza\n|-damage|p1b: Rayquaza|53\/100\n|move|p2a: Charizard|Max Airstream|p1b: Rayquaza\n|-damage|p1b: Rayquaza|16\/100\n|-boost|p2a: Charizard|spe|1\n|-boost|p2b: Monke|spe|1\n|move|p1b: Rayquaza|Max Airstream|p2b: Monke\n|-supereffective|p2b: Monke\n|-damage|p2b: Monke|0 fnt\n|-boost|p1a: Zacian|spe|1\n|-boost|p1b: Rayquaza|spe|1\n|faint|p2b: Monke\n|-damage|p1b: Rayquaza|11\/100|[from] item: Life Orb\n|\n|-weather|SunnyDay|[upkeep]\n|-damage|p1b: Rayquaza|2\/100|[from] G-Max Wildfire\n|-damage|p1a: Zacian|84\/100|[from] G-Max Wildfire\n|-heal|p1a: Zacian|90\/100|[from] Grassy Terrain\n|-end|p2a: Charizard|Dynamax\n|-formechange|p2a: Charizard|Charizard\n|-heal|p2a: Charizard|100\/100|[silent]\n|-end|p1b: Rayquaza|Dynamax\n|-heal|p1b: Rayquaza|3\/100|[silent]\n|upkeep\n|turn|4\n|\n|t:|1645073457\n|move|p2a: Charizard|Heat Wave|p1b: Rayquaza|[spread] p1a,p1b\n|-supereffective|p1a: Zacian\n|-resisted|p1b: Rayquaza\n|-damage|p1a: Zacian|34\/100\n|-damage|p1b: Rayquaza|0 fnt\n|faint|p1b: Rayquaza\n|move|p1a: Zacian|Behemoth Blade|p2a: Charizard\n|-resisted|p2a: Charizard\n|-damage|p2a: Charizard|27\/100\n|\n|-weather|SunnyDay|[upkeep]\n|-damage|p2a: Charizard|14\/100|[from] ability: Solar Power|[of] p2a: Charizard\n|-damage|p1a: Zacian|18\/100|[from] G-Max Wildfire\n|-heal|p1a: Zacian|24\/100|[from] Grassy Terrain\n|upkeep\n|\n|t:|1645073460\n|switch|p1b: Amoonguss|Amoonguss, L50, F|100\/100\n|turn|5\n|\n|t:|1645073476\n|move|p1a: Zacian|Protect|p1a: Zacian\n|-singleturn|p1a: Zacian|Protect\n|move|p1b: Amoonguss|Protect|p1b: Amoonguss\n|-singleturn|p1b: Amoonguss|Protect\n|move|p2a: Charizard|Heat Wave|p1b: Amoonguss|[spread] \n|-activate|p1a: Zacian|move: Protect\n|-activate|p1b: Amoonguss|move: Protect\n|\n|-weather|none\n|-damage|p1a: Zacian|7\/100|[from] G-Max Wildfire\n|-heal|p1a: Zacian|13\/100|[from] Grassy Terrain\n|-damage|p1b: Amoonguss|84\/100|[from] G-Max Wildfire\n|-heal|p1b: Amoonguss|90\/100|[from] Grassy Terrain\n|-sideend|p1: Sp0oNl0rD|G-Max Wildfire\n|upkeep\n|turn|6\n|\n|t:|1645073484\n|move|p2a: Charizard|Heat Wave|p1b: Amoonguss|[spread] p1a,p1b\n|-supereffective|p1a: Zacian\n|-supereffective|p1b: Amoonguss\n|-damage|p1a: Zacian|0 fnt\n|-damage|p1b: Amoonguss|32\/100\n|faint|p1a: Zacian\n|move|p1b: Amoonguss|Spore|p2a: Charizard\n|-status|p2a: Charizard|slp|[from] move: Spore\n|-enditem|p2a: Charizard|Lum Berry|[eat]\n|-curestatus|p2a: Charizard|slp|[msg]\n|\n|-heal|p1b: Amoonguss|37\/100|[from] Grassy Terrain\n|upkeep\n|turn|7\n|-message|Sp0oNl0rD forfeited.\n|\n|win|Wat's on VGC\n|raw|Sp0oNl0rD's rating: 1342 &rarr; <strong>1325<\/strong><br \/>(-17 for losing)\n|raw|Wat&apos;s on VGC's rating: 1394 &rarr; <strong>1411<\/strong><br \/>(+17 for winning)\n|l|\u2606Sp0oNl0rD\n|c|\u2606Wat's on VGC|gg\n","uploadtime":1645075266,"views":78,"p1id":"sp0onl0rd","p2id":"watsonvgc","formatid":"gen8vgc2022","rating":1325,"private":0,"password":null}