{"id":"gen8nationaldex-1698686438","p1":"Darkman64","p2":"Ivigaga","format":"gen8nationaldex","log":"|j|\u2606Darkman64\n|j|\u2606Ivigaga\n|t:|1667152174\n|gametype|singles\n|player|p1|Darkman64|juan|\n|player|p2|Ivigaga|blue|\n|teamsize|p1|6\n|teamsize|p2|6\n|gen|8\n|tier|[Gen 8] National Dex\n|rule|HP Percentage Mod: HP is shown in percentages\n|rule|Endless Battle Clause: Forcing endless battles is banned\n|rule|OHKO Clause: OHKO moves are banned\n|rule|Evasion Moves Clause: Evasion moves are banned\n|rule|Species Clause: Limit one of each Pok\u00e9mon\n|rule|Dynamax Clause: You cannot dynamax\n|rule|Sleep Clause Mod: Limit one foe put to sleep\n|clearpoke\n|poke|p1|Sandslash, M|\n|poke|p1|Poliwrath, M|\n|poke|p1|Lycanroc, M|\n|poke|p1|Polteageist|\n|poke|p1|Drapion, M|\n|poke|p1|Machamp, M|\n|poke|p2|Poliwrath, M|\n|poke|p2|Machamp, F|\n|poke|p2|Drapion, M|\n|poke|p2|Lycanroc, F|\n|poke|p2|Polteageist-Antique|\n|poke|p2|Sandslash, F|\n|teampreview\n|inactive|Battle timer is ON: inactive players will automatically lose when time's up. (requested by Ivigaga)\n|\n|t:|1667152181\n|start\n|switch|p1a: Lycanroc|Lycanroc, M|100\/100\n|switch|p2a: Sandslash|Sandslash, F|100\/100\n|turn|1\n|\n|t:|1667152189\n|switch|p1a: Poliwrath|Poliwrath, M|100\/100\n|move|p2a: Sandslash|Earthquake|p1a: Poliwrath\n|-damage|p1a: Poliwrath|49\/100\n|\n|upkeep\n|turn|2\n|\n|t:|1667152194\n|move|p1a: Poliwrath|Liquidation|p2a: Sandslash\n|-supereffective|p2a: Sandslash\n|-damage|p2a: Sandslash|0 fnt\n|faint|p2a: Sandslash\n|-damage|p1a: Poliwrath|39\/100|[from] item: Life Orb\n|\n|upkeep\n|\n|t:|1667152202\n|switch|p2a: Lycanroc|Lycanroc, F|100\/100\n|turn|3\n|\n|t:|1667152211\n|move|p2a: Lycanroc|Psychic Fangs|p1a: Poliwrath\n|-supereffective|p1a: Poliwrath\n|-damage|p1a: Poliwrath|0 fnt\n|faint|p1a: Poliwrath\n|-damage|p2a: Lycanroc|91\/100|[from] item: Life Orb\n|\n|upkeep\n|\n|t:|1667152218\n|switch|p1a: Sandslash|Sandslash, M|100\/100\n|turn|4\n|\n|t:|1667152228\n|move|p2a: Lycanroc|Drill Run|p1a: Sandslash\n|-damage|p1a: Sandslash|78\/100\n|-damage|p2a: Lycanroc|81\/100|[from] item: Life Orb\n|move|p1a: Sandslash|Stealth Rock|p2a: Lycanroc\n|-sidestart|p2: Ivigaga|move: Stealth Rock\n|\n|-heal|p1a: Sandslash|84\/100|[from] item: Leftovers\n|upkeep\n|turn|5\n|\n|t:|1667152251\n|move|p2a: Lycanroc|Drill Run|p1a: Sandslash\n|-damage|p1a: Sandslash|61\/100\n|-damage|p2a: Lycanroc|71\/100|[from] item: Life Orb\n|move|p1a: Sandslash|Earthquake|p2a: Lycanroc\n|-supereffective|p2a: Lycanroc\n|-damage|p2a: Lycanroc|0 fnt\n|faint|p2a: Lycanroc\n|\n|-heal|p1a: Sandslash|67\/100|[from] item: Leftovers\n|upkeep\n|\n|t:|1667152254\n|switch|p2a: Poliwrath|Poliwrath, M|100\/100\n|-damage|p2a: Poliwrath|94\/100|[from] Stealth Rock\n|turn|6\n|\n|t:|1667152275\n|switch|p1a: Machamp|Machamp, M|100\/100\n|-zpower|p2a: Poliwrath\n|move|p2a: Poliwrath|Z-Hypnosis|p1a: Machamp|[anim]Hypnosis\n|-boost|p2a: Poliwrath|spe|1|[zeffect]\n|-status|p1a: Machamp|slp|[from] move: Hypnosis\n|\n|upkeep\n|turn|7\n|\n|t:|1667152281\n|move|p2a: Poliwrath|Belly Drum|p2a: Poliwrath\n|-damage|p2a: Poliwrath|44\/100\n|-setboost|p2a: Poliwrath|atk|6|[from] move: Belly Drum\n|cant|p1a: Machamp|slp\n|\n|upkeep\n|turn|8\n|inactive|Darkman64 has 270 seconds left.\n|\n|t:|1667152311\n|move|p2a: Poliwrath|Drain Punch|p1a: Machamp\n|-crit|p1a: Machamp\n|-damage|p1a: Machamp|0 fnt\n|-heal|p2a: Poliwrath|95\/100|[from] drain|[of] p1a: Machamp\n|faint|p1a: Machamp\n|\n|upkeep\n|inactive|Darkman64 has 270 seconds left.\n|c|\u2606Darkman64|dou\n|c|\u2606Ivigaga|Mata igual cro\n|c|\u2606Ivigaga|Creo*\n|c|\u2606Darkman64|si\n|c|\u2606Darkman64|solo que\n|inactive|Darkman64 has 240 seconds left.\n|c|\u2606Darkman64|dou\n|\n|t:|1667152348\n|switch|p1a: Drapion|Drapion, M|100\/100\n|turn|9\n|\n|t:|1667152354\n|move|p2a: Poliwrath|Liquidation|p1a: Drapion\n|-damage|p1a: Drapion|0 fnt\n|faint|p1a: Drapion\n|\n|upkeep\n|\n|t:|1667152356\n|switch|p1a: Lycanroc|Lycanroc, M|100\/100\n|turn|10\n|\n|t:|1667152362\n|move|p2a: Poliwrath|Liquidation|p1a: Lycanroc\n|-supereffective|p1a: Lycanroc\n|-damage|p1a: Lycanroc|0 fnt\n|faint|p1a: Lycanroc\n|\n|upkeep\n|\n|t:|1667152365\n|switch|p1a: Sandslash|Sandslash, M|67\/100\n|turn|11\n|\n|t:|1667152368\n|move|p2a: Poliwrath|Liquidation|p1a: Sandslash\n|-supereffective|p1a: Sandslash\n|-damage|p1a: Sandslash|0 fnt\n|faint|p1a: Sandslash\n|\n|upkeep\n|\n|t:|1667152369\n|switch|p1a: Polteageist|Polteageist|100\/100\n|turn|12\n|\n|t:|1667152371\n|move|p2a: Poliwrath|Liquidation|p1a: Polteageist\n|-enditem|p1a: Polteageist|Focus Sash\n|-damage|p1a: Polteageist|1\/100\n|-ability|p1a: Polteageist|Weak Armor|boost\n|-unboost|p1a: Polteageist|def|1\n|-boost|p1a: Polteageist|spe|2\n|move|p1a: Polteageist|Shell Smash|p1a: Polteageist\n|-unboost|p1a: Polteageist|def|1\n|-unboost|p1a: Polteageist|spd|1\n|-boost|p1a: Polteageist|atk|2\n|-boost|p1a: Polteageist|spa|2\n|-boost|p1a: Polteageist|spe|2\n|\n|upkeep\n|turn|13\n|\n|t:|1667152378\n|move|p1a: Polteageist|Giga Drain|p2a: Poliwrath\n|-supereffective|p2a: Poliwrath\n|-damage|p2a: Poliwrath|0 fnt\n|-heal|p1a: Polteageist|59\/100|[from] drain|[of] p2a: Poliwrath\n|faint|p2a: Poliwrath\n|\n|upkeep\n|c|\u2606Darkman64|cuando te deja ganr\n|\n|t:|1667152387\n|switch|p2a: Machamp|Machamp, F|100\/100\n|-damage|p2a: Machamp|94\/100|[from] Stealth Rock\n|turn|14\n|\n|t:|1667152392\n|move|p2a: Machamp|Bullet Punch|p1a: Polteageist\n|-damage|p1a: Polteageist|0 fnt\n|faint|p1a: Polteageist\n|\n|win|Ivigaga\n|c|\u2606Darkman64|xd\n|l|\u2606Darkman64\n|c|\u2606Ivigaga|Gg\n","uploadtime":1667152405,"views":9,"p1id":"darkman64","p2id":"ivigaga","formatid":"gen8nationaldex","rating":0,"private":0,"password":null}