{"id":"gen8mixandmega-1661639489","p1":"career ended","p2":"Unviabriel","format":"gen8mixandmega","log":"|j|\u2606career ended\n|j|\u2606Unviabriel\n|t:|1662909345\n|gametype|singles\n|player|p1|career ended|jogger|\n|player|p2|Unviabriel|shauntal|\n|teamsize|p1|6\n|teamsize|p2|6\n|gen|8\n|tier|[Gen 8] Mix and Mega\n|rule|Species Clause: Limit one of each Pok\u00e9mon\n|rule|OHKO Clause: OHKO moves are banned\n|rule|Evasion Moves Clause: Evasion moves are banned\n|rule|Endless Battle Clause: Forcing endless battles is banned\n|rule|Dynamax Clause: You cannot dynamax\n|rule|HP Percentage Mod: HP is shown in percentages\n|rule|Sleep Clause Mod: Limit one foe put to sleep\n|clearpoke\n|poke|p1|Groudon|\n|poke|p1|Heatran, M|\n|poke|p1|Dragonite, F|\n|poke|p1|Xerneas-*|\n|poke|p1|Landorus-Therian, M|\n|poke|p1|Corviknight, M|\n|poke|p2|Kyurem|\n|poke|p2|Ho-Oh|\n|poke|p2|Solgaleo|\n|poke|p2|Regieleki|\n|poke|p2|Landorus-Therian, M|\n|poke|p2|Skarmory, F|\n|teampreview\n|c|\u2606career ended|hf\n|c|\u2606Unviabriel|glhf\n|j| Faygos\n|j| beauts\n|j| SpaceSpeakers\n|l| beauts\n|\n|t:|1662909417\n|start\n|switch|p1a: Corviknight|Corviknight, M|100\/100\n|switch|p2a: Landorus|Landorus-Therian, M|100\/100\n|-ability|p2a: Landorus|Intimidate|boost\n|-unboost|p1a: Corviknight|atk|1\n|-ability|p1a: Corviknight|Pressure\n|turn|1\n|\n|t:|1662909435\n|detailschange|p1a: Corviknight|Corviknight, M\n|-mega|p1a: Corviknight|Corviknight|Venusaurite\n|-start|p1a: Corviknight|Venusaurite|[silent]\n|move|p2a: Landorus|U-turn|p1a: Corviknight\n|-resisted|p1a: Corviknight\n|-damage|p1a: Corviknight|98\/100\n|\n|t:|1662909441\n|switch|p2a: Ho-Oh|Ho-Oh|100\/100|[from]move: U-turn\n|move|p1a: Corviknight|Brave Bird|p2a: Ho-Oh\n|-damage|p2a: Ho-Oh|81\/100\n|-damage|p1a: Corviknight|91\/100|[from] Recoil\n|\n|upkeep\n|turn|2\n|j| mudkipbowl\n|\n|t:|1662909457\n|move|p2a: Ho-Oh|Sacred Fire|p1a: Corviknight\n|-supereffective|p1a: Corviknight\n|-damage|p1a: Corviknight|69\/100\n|move|p1a: Corviknight|U-turn|p2a: Ho-Oh\n|-resisted|p2a: Ho-Oh\n|-damage|p2a: Ho-Oh|80\/100\n|\n|t:|1662909462\n|-end|p1a: Corviknight|Venusaurite|[silent]\n|switch|p1a: Landorus|Landorus-Therian, M|100\/100|[from]move: U-turn\n|-ability|p1a: Landorus|Intimidate|boost\n|-unboost|p2a: Ho-Oh|atk|1\n|\n|upkeep\n|turn|3\n|\n|t:|1662909477\n|switch|p2a: Skarmory|Skarmory, F|100\/100\n|detailschange|p1a: Landorus|Landorus-Therian, M\n|-mega|p1a: Landorus|Landorus|Salamencite\n|-start|p1a: Landorus|Salamencite|[silent]\n|move|p1a: Landorus|Body Slam|p2a: Skarmory\n|-resisted|p2a: Skarmory\n|-damage|p2a: Skarmory|81\/100\n|-status|p2a: Skarmory|par\n|\n|upkeep\n|turn|4\n|j| beauts\n|\n|t:|1662909488\n|-end|p1a: Landorus|Salamencite|[silent]\n|switch|p1a: Corviknight|Corviknight, M|69\/100\n|-start|p1a: Corviknight|Venusaurite|[silent]\n|move|p2a: Skarmory|Toxic|p1a: Corviknight|[miss]\n|-miss|p2a: Skarmory|p1a: Corviknight\n|\n|upkeep\n|turn|5\n|j| opnoob444\n|l| beauts\n|j|+Greybaum\n|j| Itchy \u2664 ~~\n|\n|t:|1662909502\n|move|p1a: Corviknight|Roost|p1a: Corviknight\n|-heal|p1a: Corviknight|100\/100\n|-singleturn|p1a: Corviknight|move: Roost\n|move|p2a: Skarmory|Spikes|p1a: Corviknight\n|-sidestart|p1: career ended|Spikes\n|\n|upkeep\n|turn|6\n|j| Username2344\n|j| TheCoastsOfToast\n|\n|t:|1662909554\n|switch|p2a: Kyurem|Kyurem|100\/100\n|-ability|p2a: Kyurem|Pressure\n|move|p1a: Corviknight|Defog|p2a: Kyurem\n|-unboost|p2a: Kyurem|evasion|1\n|-sideend|p1: career ended|Spikes|[from] move: Defog|[of] p1a: Corviknight\n|\n|upkeep\n|turn|7\n|\n|t:|1662909567\n|switch|p2a: Landorus|Landorus-Therian, M|100\/100\n|-ability|p2a: Landorus|Intimidate|boost\n|-unboost|p1a: Corviknight|atk|1\n|move|p1a: Corviknight|Brave Bird|p2a: Landorus\n|-damage|p2a: Landorus|74\/100\n|-damage|p1a: Corviknight|92\/100|[from] Recoil\n|\n|upkeep\n|turn|8\n|\n|t:|1662909586\n|move|p2a: Landorus|U-turn|p1a: Corviknight\n|-resisted|p1a: Corviknight\n|-damage|p1a: Corviknight|89\/100\n|\n|t:|1662909591\n|switch|p2a: Ho-Oh|Ho-Oh|100\/100|[from]move: U-turn\n|move|p1a: Corviknight|U-turn|p2a: Ho-Oh\n|-resisted|p2a: Ho-Oh\n|-damage|p2a: Ho-Oh|99\/100\n|\n|t:|1662909596\n|-end|p1a: Corviknight|Venusaurite|[silent]\n|switch|p1a: Groudon|Groudon|100\/100|[from]move: U-turn\n|-weather|SunnyDay|[from] ability: Drought|[of] p1a: Groudon\n|\n|-weather|SunnyDay|[upkeep]\n|upkeep\n|turn|9\n|j| tea man testing\n|j| Tea Guzzler\n|\n|t:|1662909620\n|switch|p2a: Landorus|Landorus-Therian, M|74\/100\n|-ability|p2a: Landorus|Intimidate|boost\n|-unboost|p1a: Groudon|atk|1\n|move|p1a: Groudon|Stone Edge|p2a: Landorus\n|-damage|p2a: Landorus|48\/100\n|\n|-weather|SunnyDay|[upkeep]\n|upkeep\n|turn|10\n|l| tea man testing\n|j| MagikarpIsAG\n|j|+Dragonillis\n|\n|t:|1662909670\n|switch|p1a: Corviknight|Corviknight, M|89\/100\n|-start|p1a: Corviknight|Venusaurite|[silent]\n|move|p2a: Landorus|Stealth Rock|p1a: Corviknight\n|-sidestart|p1: career ended|move: Stealth Rock\n|\n|-weather|SunnyDay|[upkeep]\n|upkeep\n|turn|11\n|j| XxSevagxX\n|l| XxSevagxX\n|\n|t:|1662909694\n|move|p2a: Landorus|U-turn|p1a: Corviknight\n|-resisted|p1a: Corviknight\n|-damage|p1a: Corviknight|86\/100\n|j| beauts\n|\n|t:|1662909697\n|switch|p2a: Ho-Oh|Ho-Oh|100\/100|[from]move: U-turn\n|move|p1a: Corviknight|Defog|p2a: Ho-Oh\n|-unboost|p2a: Ho-Oh|evasion|1\n|-sideend|p1: career ended|Stealth Rock|[from] move: Defog|[of] p1a: Corviknight\n|\n|-weather|SunnyDay|[upkeep]\n|upkeep\n|turn|12\n|l| beauts\n|j| Potatochan789\n|\n|t:|1662909784\n|move|p2a: Ho-Oh|Curse|p2a: Ho-Oh\n|-unboost|p2a: Ho-Oh|spe|1\n|-boost|p2a: Ho-Oh|atk|1\n|-boost|p2a: Ho-Oh|def|1\n|move|p1a: Corviknight|Roost|p1a: Corviknight\n|-heal|p1a: Corviknight|100\/100\n|-singleturn|p1a: Corviknight|move: Roost\n|\n|-weather|none\n|upkeep\n|turn|13\n|j|+iapT\n|\n|t:|1662909796\n|move|p1a: Corviknight|U-turn|p2a: Ho-Oh\n|-resisted|p2a: Ho-Oh\n|-damage|p2a: Ho-Oh|99\/100\n|\n|t:|1662909800\n|-end|p1a: Corviknight|Venusaurite|[silent]\n|switch|p1a: Heatran|Heatran, M|100\/100|[from]move: U-turn\n|move|p2a: Ho-Oh|Sacred Fire|p1a: Heatran\n|-start|p1a: Heatran|ability: Flash Fire\n|\n|upkeep\n|turn|14\n|\n|t:|1662909836\n|move|p1a: Heatran|Magma Storm|p2a: Ho-Oh\n|-resisted|p2a: Ho-Oh\n|-damage|p2a: Ho-Oh|77\/100\n|-activate|p2a: Ho-Oh|move: Magma Storm|[of] p1a: Heatran\n|move|p2a: Ho-Oh|Brave Bird|p1a: Heatran\n|-resisted|p1a: Heatran\n|-damage|p1a: Heatran|59\/100\n|-damage|p2a: Ho-Oh|66\/100|[from] Recoil\n|\n|-damage|p2a: Ho-Oh|54\/100|[from] move: Magma Storm|[partiallytrapped]\n|upkeep\n|turn|15\n|j| beauts\n|l| beauts\n|l| Potatochan789\n|j| Potatochan789\n|j| beauts\n|\n|t:|1662909895\n|-end|p1a: Heatran|ability: Flash Fire|[silent]\n|switch|p1a: Groudon|Groudon|100\/100\n|-weather|SunnyDay|[from] ability: Drought|[of] p1a: Groudon\n|move|p2a: Ho-Oh|Brave Bird|p1a: Groudon\n|-damage|p1a: Groudon|45\/100\n|-damage|p2a: Ho-Oh|37\/100|[from] Recoil\n|\n|-weather|SunnyDay|[upkeep]\n|-heal|p1a: Groudon|51\/100|[from] item: Leftovers\n|-end|p2a: Ho-Oh|Magma Storm|[partiallytrapped]|[silent]\n|upkeep\n|turn|16\n|l| beauts\n|j| Orangex733\n|\n|t:|1662909920\n|switch|p2a: Landorus|Landorus-Therian, M|48\/100\n|-ability|p2a: Landorus|Intimidate|boost\n|-unboost|p1a: Groudon|atk|1\n|move|p1a: Groudon|Stone Edge|p2a: Landorus\n|-damage|p2a: Landorus|22\/100\n|\n|-weather|SunnyDay|[upkeep]\n|-heal|p1a: Groudon|57\/100|[from] item: Leftovers\n|upkeep\n|turn|17\n|\n|t:|1662909931\n|switch|p1a: Landorus|Landorus-Therian, M|100\/100\n|-start|p1a: Landorus|Salamencite|[silent]\n|detailschange|p2a: Landorus|Landorus-Therian, M\n|-mega|p2a: Landorus|Landorus|Salamencite\n|-start|p2a: Landorus|Salamencite|[silent]\n|move|p2a: Landorus|Stealth Rock|p1a: Landorus\n|-sidestart|p1: career ended|move: Stealth Rock\n|\n|-weather|SunnyDay|[upkeep]\n|upkeep\n|turn|18\n|\n|t:|1662909938\n|move|p2a: Landorus|Explosion|p1a: Landorus\n|-damage|p1a: Landorus|3\/100\n|faint|p2a: Landorus\n|move|p1a: Landorus|Body Slam|p2: Landorus|[notarget]\n|-fail|p1a: Landorus\n|\n|-weather|SunnyDay|[upkeep]\n|upkeep\n|j| Buck X\n|l| Buck X\n|j| Buck X\n|\n|t:|1662909991\n|switch|p2a: Solgaleo|Solgaleo|100\/100\n|turn|19\n|l| Potatochan789\n|l| Username2344\n|j| TTTech_\n|\n|t:|1662910009\n|detailschange|p2a: Solgaleo|Solgaleo\n|-mega|p2a: Solgaleo|Solgaleo|Aerodactylite\n|-start|p2a: Solgaleo|Aerodactylite|[silent]\n|move|p2a: Solgaleo|Sunsteel Strike|p1a: Landorus\n|-damage|p1a: Landorus|0 fnt\n|faint|p1a: Landorus\n|\n|-weather|none\n|upkeep\n|\n|t:|1662910018\n|switch|p1a: Heatran|Heatran, M|59\/100\n|-damage|p1a: Heatran|46\/100|[from] Stealth Rock\n|turn|20\n|j| Lancer Fr\n|j| Potatochan789\n|l| TTTech_\n|\n|t:|1662910072\n|-end|p2a: Solgaleo|Aerodactylite|[silent]\n|switch|p2a: Ho-Oh|Ho-Oh|70\/100\n|detailschange|p1a: Heatran|Heatran, M\n|-mega|p1a: Heatran|Heatran|Diancite\n|-start|p1a: Heatran|Diancite|[silent]\n|move|p1a: Heatran|Magma Storm|p2a: Ho-Oh|[miss]\n|-miss|p1a: Heatran|p2a: Ho-Oh\n|\n|upkeep\n|turn|21\n|l| Orangex733\n|\n|t:|1662910087\n|move|p1a: Heatran|Magma Storm|p2a: Ho-Oh\n|-resisted|p2a: Ho-Oh\n|-damage|p2a: Ho-Oh|52\/100\n|-activate|p2a: Ho-Oh|move: Magma Storm|[of] p1a: Heatran\n|move|p2a: Ho-Oh|Sacred Fire|p1a: Heatran\n|-damage|p1a: Heatran|0 fnt\n|faint|p1a: Heatran\n|\n|-end|p2a: Ho-Oh|Magma Storm|[partiallytrapped]|[silent]\n|upkeep\n|c|\u2606Unviabriel|oh that's why it was 0 bulk\n|l|+iapT\n|l| Buck X\n|\n|t:|1662910145\n|switch|p1a: Xerneas|Xerneas|100\/100\n|-damage|p1a: Xerneas|88\/100|[from] Stealth Rock\n|-ability|p1a: Xerneas|Fairy Aura\n|turn|22\n|j| glimmeraqua\n|j| beauts\n|\n|t:|1662910258\n|move|p1a: Xerneas|Thunder|p2a: Ho-Oh|[miss]\n|-miss|p1a: Xerneas|p2a: Ho-Oh\n|move|p2a: Ho-Oh|Sacred Fire|p1a: Xerneas\n|-damage|p1a: Xerneas|56\/100\n|\n|upkeep\n|turn|23\n|l| beauts\n|j|+Madara\n|j| beauts\n|inactive|Battle timer is ON: inactive players will automatically lose when time's up. (requested by career ended)\n|\n|t:|1662910346\n|switch|p2a: Solgaleo|Solgaleo|100\/100\n|-start|p2a: Solgaleo|Aerodactylite|[silent]\n|move|p1a: Xerneas|Thunder|p2a: Solgaleo\n|-damage|p2a: Solgaleo|68\/100\n|\n|upkeep\n|turn|24\n|\n|t:|1662910353\n|switch|p1a: Corviknight|Corviknight, M|100\/100\n|-start|p1a: Corviknight|Venusaurite|[silent]\n|-damage|p1a: Corviknight|88\/100|[from] Stealth Rock\n|move|p2a: Solgaleo|Sunsteel Strike|p1a: Corviknight\n|-resisted|p1a: Corviknight\n|-damage|p1a: Corviknight|66\/100\n|\n|upkeep\n|turn|25\n|j| Orangex733\n|\n|t:|1662910368\n|move|p2a: Solgaleo|Wild Charge|p1a: Corviknight\n|-supereffective|p1a: Corviknight\n|-damage|p1a: Corviknight|11\/100\n|-damage|p2a: Solgaleo|54\/100|[from] Recoil\n|move|p1a: Corviknight|Roost|p1a: Corviknight\n|-heal|p1a: Corviknight|61\/100\n|-singleturn|p1a: Corviknight|move: Roost\n|\n|upkeep\n|turn|26\n|l| beauts\n|\n|t:|1662910382\n|move|p2a: Solgaleo|Wild Charge|p1a: Corviknight\n|-supereffective|p1a: Corviknight\n|-damage|p1a: Corviknight|4\/100\n|-damage|p2a: Solgaleo|40\/100|[from] Recoil\n|move|p1a: Corviknight|Roost|p1a: Corviknight\n|-heal|p1a: Corviknight|54\/100\n|-singleturn|p1a: Corviknight|move: Roost\n|\n|upkeep\n|turn|27\n|j|+astralydia\n|\n|t:|1662910390\n|move|p2a: Solgaleo|Wild Charge|p1a: Corviknight\n|-supereffective|p1a: Corviknight\n|-damage|p1a: Corviknight|0 fnt\n|faint|p1a: Corviknight\n|-damage|p2a: Solgaleo|28\/100|[from] Recoil\n|\n|upkeep\n|\n|t:|1662910398\n|switch|p1a: Dragonite|Dragonite, F|100\/100\n|-damage|p1a: Dragonite|76\/100|[from] Stealth Rock\n|turn|28\n|\n|t:|1662910407\n|move|p2a: Solgaleo|Sunsteel Strike|p1a: Dragonite\n|-damage|p1a: Dragonite|0 fnt\n|faint|p1a: Dragonite\n|\n|upkeep\n|\n|t:|1662910412\n|switch|p1a: Groudon|Groudon|57\/100\n|-damage|p1a: Groudon|51\/100|[from] Stealth Rock\n|-weather|SunnyDay|[from] ability: Drought|[of] p1a: Groudon\n|turn|29\n|\n|t:|1662910415\n|move|p2a: Solgaleo|Sunsteel Strike|p1a: Groudon\n|-damage|p1a: Groudon|0 fnt\n|faint|p1a: Groudon\n|\n|-weather|SunnyDay|[upkeep]\n|upkeep\n|c|\u2606career ended|i didnt play well here\n|j| beauts\n|l|+Greybaum\n|c|\u2606career ended|if someone sees zio and frixel tell them to take wins in ssnl\n|l|+Madara\n|c|\u2606career ended|im retiring til circuit\n|inactive|career ended has 270 seconds left.\n|c|\u2606career ended|thx\n|-message|career ended forfeited.\n|\n|win|Unviabriel\n|c|\u2606Unviabriel|ggs\n|l|\u2606career ended\n|l| Orangex733\n|l| Potatochan789\n|l| Tea Guzzler\n|l| glimmeraqua\n|l|\u2606Unviabriel\n|l| Faygos\n|l| TheCoastsOfToast\n|l|+astralydia\n|l| mudkipbowl\n|l| MagikarpIsAG\n","uploadtime":1662910452,"views":105,"p1id":"careerended","p2id":"unviabriel","formatid":"gen8mixandmega","rating":0,"private":0,"password":null}