{"id":"gen8ou-1668633937","p1":"LT94JE Allistair","p2":"Agency the Finale","format":"gen8ou","log":"|j|\u2606LT94JE Allistair\n|j|\u2606Agency the Finale\n|t:|1663961127\n|gametype|singles\n|player|p1|LT94JE Allistair|266|1658\n|player|p2|Agency the Finale|unknown|1702\n|teamsize|p1|6\n|teamsize|p2|6\n|gen|8\n|tier|[Gen 8] OU\n|rated|\n|rule|Sleep Clause Mod: Limit one foe put to sleep\n|rule|Species Clause: Limit one of each Pok\u00e9mon\n|rule|OHKO Clause: OHKO moves are banned\n|rule|Evasion Items Clause: Evasion items are banned\n|rule|Evasion Moves Clause: Evasion moves are banned\n|rule|Endless Battle Clause: Forcing endless battles is banned\n|rule|HP Percentage Mod: HP is shown in percentages\n|rule|Dynamax Clause: You cannot dynamax\n|clearpoke\n|poke|p1|Mew|\n|poke|p1|Slurpuff, F|\n|poke|p1|Jirachi|\n|poke|p1|Vanilluxe, M|\n|poke|p1|Reuniclus, F|\n|poke|p1|Zeraora|\n|poke|p2|Tapu Lele|\n|poke|p2|Umbreon, M|\n|poke|p2|Garchomp, F|\n|poke|p2|Zapdos|\n|poke|p2|Toxapex, M|\n|poke|p2|Ferrothorn, F|\n|teampreview\n|inactive|Battle timer is ON: inactive players will automatically lose when time's up. (requested by Agency the Finale)\n|c|\u2606Agency the Finale|gl hf\n|c|\u2606LT94JE Allistair|hf\n|c|\u2606Agency the Finale|fire team btw\n|c|\u2606LT94JE Allistair|zhanks testing around\n|inactive|LT94JE Allistair has 120 seconds left.\n|c|\u2606Agency the Finale|same :D\n|\n|t:|1663961164\n|start\n|switch|p1a: Vanilluxe|Vanilluxe, M|100\/100\n|switch|p2a: Ferrothorn|Ferrothorn, F|100\/100\n|-weather|Hail|[from] ability: Snow Warning|[of] p1a: Vanilluxe\n|turn|1\n|\n|t:|1663961172\n|move|p1a: Vanilluxe|Aurora Veil|p1a: Vanilluxe\n|-sidestart|p1: LT94JE Allistair|move: Aurora Veil\n|move|p2a: Ferrothorn|Gyro Ball|p1a: Vanilluxe\n|-supereffective|p1a: Vanilluxe\n|-damage|p1a: Vanilluxe|0 fnt\n|faint|p1a: Vanilluxe\n|\n|-weather|Hail|[upkeep]\n|-damage|p2a: Ferrothorn|95\/100|[from] Hail\n|upkeep\n|\n|t:|1663961197\n|switch|p1a: Slurpuff|Slurpuff, F|100\/100\n|turn|2\n|\n|t:|1663961201\n|move|p1a: Slurpuff|Sticky Web|p2a: Ferrothorn\n|-sidestart|p2: Agency the Finale|move: Sticky Web\n|move|p2a: Ferrothorn|Gyro Ball|p1a: Slurpuff\n|-supereffective|p1a: Slurpuff\n|-enditem|p1a: Slurpuff|Focus Sash\n|-damage|p1a: Slurpuff|1\/100\n|\n|-weather|Hail|[upkeep]\n|-damage|p1a: Slurpuff|0 fnt|[from] Hail\n|-damage|p2a: Ferrothorn|89\/100|[from] Hail\n|faint|p1a: Slurpuff\n|upkeep\n|\n|t:|1663961210\n|switch|p1a: Zeraora|Zeraora|100\/100\n|turn|3\n|\n|t:|1663961213\n|switch|p2a: Garchomp|Garchomp, F|100\/100\n|-activate|p2a: Garchomp|move: Sticky Web\n|-unboost|p2a: Garchomp|spe|1\n|move|p1a: Zeraora|Knock Off|p2a: Garchomp\n|-damage|p2a: Garchomp|83\/100\n|-damage|p1a: Zeraora|88\/100|[from] ability: Rough Skin|[of] p2a: Garchomp\n|-damage|p1a: Zeraora|72\/100|[from] item: Rocky Helmet|[of] p2a: Garchomp\n|-enditem|p2a: Garchomp|Rocky Helmet|[from] move: Knock Off|[of] p1a: Zeraora\n|\n|-weather|Hail|[upkeep]\n|-damage|p1a: Zeraora|66\/100|[from] Hail\n|-damage|p2a: Garchomp|77\/100|[from] Hail\n|upkeep\n|turn|4\n|\n|t:|1663961218\n|move|p1a: Zeraora|Taunt|p2a: Garchomp\n|-start|p2a: Garchomp|move: Taunt\n|cant|p2a: Garchomp|move: Taunt|Stealth Rock\n|\n|-weather|Hail|[upkeep]\n|-damage|p1a: Zeraora|60\/100|[from] Hail\n|-damage|p2a: Garchomp|71\/100|[from] Hail\n|upkeep\n|turn|5\n|\n|t:|1663961221\n|move|p1a: Zeraora|Close Combat|p2a: Garchomp\n|-crit|p2a: Garchomp\n|-damage|p2a: Garchomp|38\/100\n|-unboost|p1a: Zeraora|def|1\n|-unboost|p1a: Zeraora|spd|1\n|-damage|p1a: Zeraora|48\/100|[from] ability: Rough Skin|[of] p2a: Garchomp\n|move|p2a: Garchomp|Earthquake|p1a: Zeraora\n|-supereffective|p1a: Zeraora\n|-damage|p1a: Zeraora|0 fnt\n|faint|p1a: Zeraora\n|\n|-weather|none\n|upkeep\n|\n|t:|1663961225\n|switch|p1a: Mew|Mew|100\/100\n|turn|6\n|c|\u2606Agency the Finale|hats crazy\n|c|\u2606LT94JE Allistair|just wanted to sack\n|\n|t:|1663961245\n|switch|p2a: Toxapex|Toxapex, M|100\/100\n|-activate|p2a: Toxapex|move: Sticky Web\n|-unboost|p2a: Toxapex|spe|1\n|move|p1a: Mew|Cosmic Power|p1a: Mew\n|-boost|p1a: Mew|def|1\n|-boost|p1a: Mew|spd|1\n|\n|upkeep\n|turn|7\n|c|\u2606Agency the Finale|now the shit that scares me te most\n|\n|t:|1663961253\n|move|p1a: Mew|Taunt|p2a: Toxapex\n|-start|p2a: Toxapex|move: Taunt\n|cant|p2a: Toxapex|move: Taunt|Haze\n|\n|upkeep\n|turn|8\n|j| SoulDewRegice\n|\n|t:|1663961257\n|switch|p2a: Umbreon|Umbreon, M|100\/100\n|-activate|p2a: Umbreon|move: Sticky Web\n|-unboost|p2a: Umbreon|spe|1\n|move|p1a: Mew|Cosmic Power|p1a: Mew\n|-boost|p1a: Mew|def|1\n|-boost|p1a: Mew|spd|1\n|\n|-sideend|p1: LT94JE Allistair|move: Aurora Veil\n|upkeep\n|turn|9\n|\n|t:|1663961265\n|move|p1a: Mew|Taunt|p2a: Umbreon\n|-start|p2a: Umbreon|move: Taunt\n|cant|p2a: Umbreon|move: Taunt|Wish\n|\n|upkeep\n|turn|10\n|c|\u2606Agency the Finale|if thats cosmic power press roost\n|c|\u2606Agency the Finale|just know u are the bst player of all time\n|\n|t:|1663961281\n|move|p1a: Mew|Cosmic Power|p1a: Mew\n|-boost|p1a: Mew|def|1\n|-boost|p1a: Mew|spd|1\n|move|p2a: Umbreon|Foul Play|p1a: Mew\n|-supereffective|p1a: Mew\n|-damage|p1a: Mew|82\/100\n|\n|-heal|p1a: Mew|88\/100|[from] item: Leftovers\n|upkeep\n|turn|11\n|\n|t:|1663961287\n|switch|p2a: Tapu Lele|Tapu Lele|100\/100\n|-activate|p2a: Tapu Lele|move: Sticky Web\n|-unboost|p2a: Tapu Lele|spe|1\n|-fieldstart|move: Psychic Terrain|[from] ability: Psychic Surge|[of] p2a: Tapu Lele\n|move|p1a: Mew|Cosmic Power|p1a: Mew\n|-boost|p1a: Mew|def|1\n|-boost|p1a: Mew|spd|1\n|\n|-heal|p1a: Mew|95\/100|[from] item: Leftovers\n|upkeep\n|turn|12\n|\n|t:|1663961294\n|move|p1a: Mew|Stored Power|p2a: Tapu Lele\n|-resisted|p2a: Tapu Lele\n|-damage|p2a: Tapu Lele|73\/100\n|move|p2a: Tapu Lele|Moonblast|p1a: Mew\n|-damage|p1a: Mew|79\/100\n|-unboost|p1a: Mew|spa|1\n|\n|-heal|p1a: Mew|85\/100|[from] item: Leftovers\n|upkeep\n|turn|13\n|\n|t:|1663961299\n|switch|p2a: Umbreon|Umbreon, M|100\/100\n|-activate|p2a: Umbreon|move: Sticky Web\n|-unboost|p2a: Umbreon|spe|1\n|move|p1a: Mew|Cosmic Power|p1a: Mew\n|-boost|p1a: Mew|def|1\n|-boost|p1a: Mew|spd|1\n|\n|-heal|p1a: Mew|91\/100|[from] item: Leftovers\n|upkeep\n|turn|14\n|\n|t:|1663961302\n|move|p1a: Mew|Taunt|p2a: Umbreon\n|-start|p2a: Umbreon|move: Taunt\n|cant|p2a: Umbreon|move: Taunt|Wish\n|\n|-heal|p1a: Mew|97\/100|[from] item: Leftovers\n|upkeep\n|turn|15\n|\n|t:|1663961304\n|move|p1a: Mew|Cosmic Power|p1a: Mew\n|-boost|p1a: Mew|def|1\n|-boost|p1a: Mew|spd|1\n|move|p2a: Umbreon|Foul Play|p1a: Mew\n|-supereffective|p1a: Mew\n|-damage|p1a: Mew|87\/100\n|\n|-heal|p1a: Mew|93\/100|[from] item: Leftovers\n|-fieldend|move: Psychic Terrain\n|upkeep\n|turn|16\n|\n|t:|1663961311\n|move|p1a: Mew|Stored Power|p2a: Umbreon\n|-immune|p2a: Umbreon\n|move|p2a: Umbreon|Foul Play|p1a: Mew\n|-supereffective|p1a: Mew\n|-damage|p1a: Mew|82\/100\n|\n|-heal|p1a: Mew|88\/100|[from] item: Leftovers\n|-end|p2a: Umbreon|move: Taunt\n|upkeep\n|turn|17\n|\n|t:|1663961314\n|move|p2a: Umbreon|Protect|p2a: Umbreon\n|-singleturn|p2a: Umbreon|Protect\n|move|p1a: Mew|Taunt|p2a: Umbreon\n|-activate|p2a: Umbreon|move: Protect\n|\n|-heal|p1a: Mew|95\/100|[from] item: Leftovers\n|upkeep\n|turn|18\n|\n|t:|1663961320\n|switch|p2a: Tapu Lele|Tapu Lele|73\/100\n|-activate|p2a: Tapu Lele|move: Sticky Web\n|-unboost|p2a: Tapu Lele|spe|1\n|-fieldstart|move: Psychic Terrain|[from] ability: Psychic Surge|[of] p2a: Tapu Lele\n|move|p1a: Mew|Taunt|p2a: Tapu Lele\n|-start|p2a: Tapu Lele|move: Taunt\n|\n|-heal|p1a: Mew|100\/100|[from] item: Leftovers\n|upkeep\n|turn|19\n|\n|t:|1663961322\n|switch|p2a: Umbreon|Umbreon, M|100\/100\n|-activate|p2a: Umbreon|move: Sticky Web\n|-unboost|p2a: Umbreon|spe|1\n|move|p1a: Mew|Stored Power|p2a: Umbreon\n|-immune|p2a: Umbreon\n|\n|upkeep\n|turn|20\n|\n|t:|1663961326\n|move|p2a: Umbreon|Protect|p2a: Umbreon\n|-singleturn|p2a: Umbreon|Protect\n|move|p1a: Mew|Taunt|p2a: Umbreon\n|-activate|p2a: Umbreon|move: Protect\n|\n|upkeep\n|turn|21\n|\n|t:|1663961340\n|switch|p2a: Tapu Lele|Tapu Lele|73\/100\n|-activate|p2a: Tapu Lele|move: Sticky Web\n|-unboost|p2a: Tapu Lele|spe|1\n|move|p1a: Mew|Taunt|p2a: Tapu Lele\n|-start|p2a: Tapu Lele|move: Taunt\n|\n|upkeep\n|turn|22\n|\n|t:|1663961343\n|switch|p2a: Umbreon|Umbreon, M|100\/100\n|-activate|p2a: Umbreon|move: Sticky Web\n|-unboost|p2a: Umbreon|spe|1\n|move|p1a: Mew|Body Press|p2a: Umbreon\n|-supereffective|p2a: Umbreon\n|-damage|p2a: Umbreon|0 fnt\n|faint|p2a: Umbreon\n|\n|-fieldend|move: Psychic Terrain\n|upkeep\n|c|\u2606Agency the Finale|INSANE\n|\n|t:|1663961358\n|switch|p2a: Tapu Lele|Tapu Lele|73\/100\n|-activate|p2a: Tapu Lele|move: Sticky Web\n|-unboost|p2a: Tapu Lele|spe|1\n|-fieldstart|move: Psychic Terrain|[from] ability: Psychic Surge|[of] p2a: Tapu Lele\n|turn|23\n|c|\u2606LT94JE Allistair|xD\n|\n|t:|1663961364\n|move|p1a: Mew|Stored Power|p2a: Tapu Lele\n|-resisted|p2a: Tapu Lele\n|-damage|p2a: Tapu Lele|48\/100\n|move|p2a: Tapu Lele|Moonblast|p1a: Mew\n|-damage|p1a: Mew|88\/100\n|\n|-heal|p1a: Mew|94\/100|[from] item: Leftovers\n|upkeep\n|turn|24\n|\n|t:|1663961368\n|switch|p2a: Ferrothorn|Ferrothorn, F|89\/100\n|-activate|p2a: Ferrothorn|move: Sticky Web\n|-unboost|p2a: Ferrothorn|spe|1\n|move|p1a: Mew|Stored Power|p2a: Ferrothorn\n|-resisted|p2a: Ferrothorn\n|-damage|p2a: Ferrothorn|54\/100\n|\n|-heal|p1a: Mew|99\/100|[from] item: Leftovers\n|upkeep\n|turn|25\n|\n|t:|1663961372\n|move|p1a: Mew|Body Press|p2a: Ferrothorn\n|-supereffective|p2a: Ferrothorn\n|-damage|p2a: Ferrothorn|0 fnt\n|-damage|p1a: Mew|88\/100|[from] ability: Iron Barbs|[of] p2a: Ferrothorn\n|faint|p2a: Ferrothorn\n|\n|-heal|p1a: Mew|94\/100|[from] item: Leftovers\n|upkeep\n|c|\u2606Agency the Finale|yh  give up the matchups ass\n|c|\u2606Agency the Finale|gg\n|-message|Agency the Finale forfeited.\n|\n|win|LT94JE Allistair\n|raw|LT94JE Allistair's rating: 1658 &rarr; <strong>1681<\/strong><br \/>(+23 for winning)\n|raw|Agency the Finale's rating: 1702 &rarr; <strong>1679<\/strong><br \/>(-23 for losing)\n|l|\u2606Agency the Finale\n|c|\u2606LT94JE Allistair|gg xD\n||Ladder isn't responding, score probably updated but might not have (Request timeout).\n","uploadtime":1663961402,"views":23,"p1id":"lt94jeallistair","p2id":"agencythefinale","formatid":"gen8ou","rating":1679,"private":0,"password":null}