{"id":"gen8randombattle-1670090536","p1":"IntegratorSK","p2":"Draco09876","format":"gen8randombattle","log":"|j|\u2606IntegratorSK\n|j|\u2606Draco09876\n|t:|1663793532\n|gametype|singles\n|player|p1|IntegratorSK|steven|1777\n|player|p2|Draco09876|102|1811\n|teamsize|p1|6\n|teamsize|p2|6\n|gen|8\n|tier|[Gen 8] Random Battle\n|rated|\n|rule|Species Clause: Limit one of each Pok\u00e9mon\n|rule|HP Percentage Mod: HP is shown in percentages\n|rule|Sleep Clause Mod: Limit one foe put to sleep\n|\n|t:|1663793532\n|start\n|switch|p1a: Corsola|Corsola-Galar, L84, M|238\/238\n|switch|p2a: Darmanitan|Darmanitan-Galar, L78, M|292\/292\n|turn|1\n|inactive|Battle timer is ON: inactive players will automatically lose when time's up. (requested by Draco09876)\n|inactive|IntegratorSK has 120 seconds left.\n|\n|t:|1663793588\n|move|p2a: Darmanitan|Substitute|p2a: Darmanitan\n|-start|p2a: Darmanitan|Substitute\n|-damage|p2a: Darmanitan|219\/292\n|move|p1a: Corsola|Strength Sap||[still]\n|-fail|p1a: Corsola\n|\n|upkeep\n|turn|2\n|inactive|Draco09876 has 120 seconds left.\n|\n|t:|1663793632\n|move|p2a: Darmanitan|Belly Drum|p2a: Darmanitan\n|-damage|p2a: Darmanitan|73\/292\n|-setboost|p2a: Darmanitan|atk|6|[from] move: Belly Drum\n|-enditem|p2a: Darmanitan|Salac Berry|[eat]\n|-boost|p2a: Darmanitan|spe|1|[from] item: Salac Berry\n|move|p1a: Corsola|Night Shade|p2a: Darmanitan\n|-end|p2a: Darmanitan|Substitute\n|\n|-formechange|p2a: Darmanitan|Darmanitan-Galar-Zen|\n|upkeep\n|turn|3\n|\n|t:|1663793674\n|switch|p1a: Flapple|Flapple, L84, F|255\/255\n|move|p2a: Darmanitan|Icicle Crash|p1a: Flapple\n|-supereffective|p1a: Flapple\n|-damage|p1a: Flapple|0 fnt\n|faint|p1a: Flapple\n|\n|upkeep\n|inactive|IntegratorSK has 120 seconds left.\n|\n|t:|1663793690\n|switch|p1a: Cinderace|Cinderace, L74, M|240\/240\n|turn|4\n|\n|t:|1663793694\n|move|p1a: Cinderace|Sucker Punch|p2a: Darmanitan\n|-start|p1a: Cinderace|typechange|Dark|[from] ability: Libero\n|-damage|p2a: Darmanitan|0 fnt\n|faint|p2a: Darmanitan\n|\n|upkeep\n|\n|t:|1663793709\n|switch|p2a: Tyrantrum|Tyrantrum, L82, F|269\/269\n|turn|5\n|\n|t:|1663793713\n|switch|p2a: Spiritomb|Spiritomb, L88, M|231\/231\n|move|p1a: Cinderace|High Jump Kick|p2a: Spiritomb\n|-start|p1a: Cinderace|typechange|Fighting|[from] ability: Libero\n|-immune|p2a: Spiritomb\n|-damage|p1a: Cinderace|120\/240|[from] highjumpkick\n|\n|upkeep\n|turn|6\n|\n|t:|1663793728\n|move|p1a: Cinderace|Bulk Up|p1a: Cinderace\n|-boost|p1a: Cinderace|atk|1\n|-boost|p1a: Cinderace|def|1\n|move|p2a: Spiritomb|Poltergeist|p1a: Cinderace\n|-activate|p1a: Cinderace|move: Poltergeist|Heavy-Duty Boots\n|-damage|p1a: Cinderace|0 fnt\n|faint|p1a: Cinderace\n|\n|upkeep\n|\n|t:|1663793740\n|switch|p1a: Golurk|Golurk, L82|280\/280\n|turn|7\n|\n|t:|1663793748\n|move|p1a: Golurk|Poltergeist|p2a: Spiritomb\n|-activate|p2a: Spiritomb|move: Poltergeist|Choice Band\n|-damage|p2a: Spiritomb|83\/231\n|-damage|p1a: Golurk|252\/280|[from] item: Life Orb\n|move|p2a: Spiritomb|Poltergeist|p1a: Golurk\n|-activate|p1a: Golurk|move: Poltergeist|Life Orb\n|-supereffective|p1a: Golurk\n|-damage|p1a: Golurk|0 fnt\n|faint|p1a: Golurk\n|\n|upkeep\n|\n|t:|1663793755\n|switch|p1a: Alakazam|Alakazam, L78, F|214\/214\n|turn|8\n|\n|t:|1663793761\n|switch|p2a: Heatran|Heatran, L78, M|270\/270\n|-item|p2a: Heatran|Air Balloon\n|move|p1a: Alakazam|Shadow Ball|p2a: Heatran\n|-damage|p2a: Heatran|189\/270\n|-unboost|p2a: Heatran|spd|1\n|-enditem|p2a: Heatran|Air Balloon\n|\n|upkeep\n|turn|9\n|inactive|Draco09876 has 120 seconds left.\n|\n|t:|1663793785\n|move|p1a: Alakazam|Focus Blast|p2a: Heatran\n|-supereffective|p2a: Heatran\n|-damage|p2a: Heatran|0 fnt\n|faint|p2a: Heatran\n|\n|upkeep\n|\n|t:|1663793790\n|switch|p2a: Spiritomb|Spiritomb, L88, M|83\/231\n|turn|10\n|\n|t:|1663793796\n|switch|p1a: Corsola|Corsola-Galar, L84, M|238\/238\n|move|p2a: Spiritomb|Shadow Sneak|p1a: Corsola\n|-supereffective|p1a: Corsola\n|-damage|p1a: Corsola|154\/238\n|\n|upkeep\n|turn|11\n|inactive|Draco09876 has 120 seconds left.\n|\n|t:|1663793817\n|switch|p2a: Druddigon|Druddigon, L84, F|267\/267\n|move|p1a: Corsola|Strength Sap|p2a: Druddigon\n|-unboost|p2a: Druddigon|atk|1\n|-heal|p1a: Corsola|238\/238\n|\n|upkeep\n|turn|12\n|inactive|Draco09876 has 120 seconds left.\n|\n|t:|1663793829\n|move|p2a: Druddigon|Gunk Shot|p1a: Corsola\n|-resisted|p1a: Corsola\n|-damage|p1a: Corsola|209\/238\n|move|p1a: Corsola|Will-O-Wisp|p2a: Druddigon\n|-status|p2a: Druddigon|brn\n|\n|-damage|p2a: Druddigon|251\/267 brn|[from] brn\n|upkeep\n|turn|13\n|\n|t:|1663793836\n|switch|p1a: Durant|Durant, L78, M|219\/219\n|move|p2a: Druddigon|Gunk Shot|p1a: Durant\n|-immune|p1a: Durant\n|\n|-damage|p2a: Druddigon|235\/267 brn|[from] brn\n|upkeep\n|turn|14\n|\n|t:|1663793842\n|switch|p2a: Spiritomb|Spiritomb, L88, M|83\/231\n|move|p1a: Durant|Hone Claws|p1a: Durant\n|-boost|p1a: Durant|atk|1\n|-boost|p1a: Durant|accuracy|1\n|\n|upkeep\n|turn|15\n|\n|t:|1663793855\n|-start|p1a: Durant|Dynamax|\n|-heal|p1a: Durant|438\/438|[silent]\n|move|p1a: Durant|Max Steelspike|p2a: Spiritomb\n|-damage|p2a: Spiritomb|0 fnt\n|-boost|p1a: Durant|def|1\n|faint|p2a: Spiritomb\n|-damage|p1a: Durant|417\/438|[from] item: Life Orb\n|\n|upkeep\n|\n|t:|1663793861\n|switch|p2a: Sirfetch\u2019d|Sirfetch\u2019d, L82, F|236\/236\n|turn|16\n|\n|t:|1663793865\n|-start|p2a: Sirfetch\u2019d|Dynamax|\n|-heal|p2a: Sirfetch\u2019d|472\/472|[silent]\n|move|p1a: Durant|Max Steelspike|p2a: Sirfetch\u2019d\n|-damage|p2a: Sirfetch\u2019d|124\/472\n|-boost|p1a: Durant|def|1\n|-damage|p1a: Durant|396\/438|[from] item: Life Orb\n|move|p2a: Sirfetch\u2019d|Max Airstream|p1a: Durant\n|-damage|p1a: Durant|340\/438\n|-boost|p2a: Sirfetch\u2019d|spe|1\n|\n|upkeep\n|turn|17\n|\n|t:|1663793876\n|move|p2a: Sirfetch\u2019d|Max Airstream|p1a: Durant\n|-damage|p1a: Durant|282\/438\n|-boost|p2a: Sirfetch\u2019d|spe|1\n|move|p1a: Durant|Max Steelspike|p2a: Sirfetch\u2019d\n|-damage|p2a: Sirfetch\u2019d|0 fnt\n|-boost|p1a: Durant|def|1\n|faint|p2a: Sirfetch\u2019d\n|-damage|p1a: Durant|261\/438|[from] item: Life Orb\n|\n|upkeep\n|\n|t:|1663793880\n|switch|p2a: Tyrantrum|Tyrantrum, L82, F|269\/269\n|-end|p1a: Durant|Dynamax\n|-heal|p1a: Durant|131\/219|[silent]\n|turn|18\n|-message|Draco09876 forfeited.\n|\n|win|IntegratorSK\n|raw|IntegratorSK's rating: 1777 &rarr; <strong>1799<\/strong><br \/>(+22 for winning)\n|raw|Draco09876's rating: 1811 &rarr; <strong>1789<\/strong><br \/>(-22 for losing)\n|l|\u2606Draco09876\n","inputlog":">version a38bdb738bb7227d0b89007e0f05baabc709fa42\n>start {\"formatid\":\"gen8randombattle\",\"seed\":[17569,32568,27543,19326],\"rated\":\"Rated battle\"}\n>player p1 {\"name\":\"IntegratorSK\",\"avatar\":\"steven\",\"rating\":1777,\"seed\":[58627,38082,46954,32112]}\n>player p2 {\"name\":\"Draco09876\",\"avatar\":\"102\",\"rating\":1811,\"seed\":[34691,5575,37176,58431]}\n>p1 move strengthsap\n>p2 move substitute\n>p1 move nightshade\n>p2 move bellydrum\n>p1 switch 2\n>p2 move iciclecrash\n>p1 switch 4\n>p1 move suckerpunch\n>p2 move earthquake\n>p2 switch 3\n>p1 move highjumpkick\n>p2 switch 5\n>p1 move bulkup\n>p2 move poltergeist\n>p1 switch 5\n>p1 move poltergeist\n>p2 move poltergeist\n>p1 switch 6\n>p1 move shadowball\n>p2 switch 2\n>p1 move focusblast\n>p2 move stealthrock\n>p2 switch 2\n>p1 switch 2\n>p2 move shadowsneak\n>p1 move strengthsap\n>p2 switch 6\n>p1 move willowisp\n>p2 move gunkshot\n>p1 switch 3\n>p2 move gunkshot\n>p1 move honeclaws\n>p2 switch 6\n>p1 move ironhead dynamax\n>p2 move foulplay\n>p2 switch 4\n>p1 move ironhead dynamax\n>p2 move bravebird dynamax\n>p1 move ironhead dynamax\n>p2 move bravebird dynamax\n>p2 switch 5\n>forcelose p2","uploadtime":1663793889,"views":13,"p1id":"integratorsk","p2id":"draco09876","formatid":"gen8randombattle","rating":1789,"private":0,"password":null}