{"id":"gen8pu-1706968824","p1":"Theblobfishman9","p2":"Slayerboy752","format":"gen8pu","log":"|j|\u2606Theblobfishman9\n|j|\u2606Slayerboy752\n|t:|1668037374\n|gametype|singles\n|player|p1|Theblobfishman9|bugsy|1147\n|player|p2|Slayerboy752|petrel|1404\n|teamsize|p1|6\n|teamsize|p2|6\n|gen|8\n|tier|[Gen 8] PU\n|rated|\n|rule|Sleep Clause Mod: Limit one foe put to sleep\n|rule|Species Clause: Limit one of each Pok\u00e9mon\n|rule|OHKO Clause: OHKO moves are banned\n|rule|Evasion Items Clause: Evasion items are banned\n|rule|Evasion Moves Clause: Evasion moves are banned\n|rule|Endless Battle Clause: Forcing endless battles is banned\n|rule|HP Percentage Mod: HP is shown in percentages\n|rule|Dynamax Clause: You cannot dynamax\n|clearpoke\n|poke|p1|Togedemaru, F|\n|poke|p1|Cinccino, M|\n|poke|p1|Scrafty, M|\n|poke|p1|Ditto|\n|poke|p1|Centiskorch, M|\n|poke|p1|Comfey, F|\n|poke|p2|Gigalith, F|\n|poke|p2|Sandslash, M|\n|poke|p2|Frosmoth, F|\n|poke|p2|Jellicent, F|\n|poke|p2|Thwackey, M|\n|poke|p2|Silvally-*|\n|teampreview\n|\n|t:|1668037398\n|start\n|switch|p1a: Ditto|Ditto|100\/100\n|switch|p2a: Gigalith|Gigalith, F|100\/100\n|-transform|p1a: Ditto|p2a: Gigalith|[from] ability: Imposter\n|-weather|Sandstorm|[from] ability: Sand Stream|[of] p1a: Ditto\n|turn|1\n|\n|t:|1668037408\n|move|p1a: Ditto|Stealth Rock|p2a: Gigalith\n|-sidestart|p2: Slayerboy752|move: Stealth Rock\n|move|p2a: Gigalith|Stealth Rock|p1a: Ditto\n|-sidestart|p1: Theblobfishman9|move: Stealth Rock\n|\n|-weather|Sandstorm|[upkeep]\n|upkeep\n|turn|2\n|\n|t:|1668037419\n|switch|p2a: Sandslash|Sandslash, M|100\/100\n|-damage|p2a: Sandslash|94\/100|[from] Stealth Rock\n|switch|p1a: Scrafty|Scrafty, M|100\/100\n|-damage|p1a: Scrafty|94\/100|[from] Stealth Rock\n|\n|-weather|Sandstorm|[upkeep]\n|-damage|p1a: Scrafty|88\/100|[from] Sandstorm\n|-heal|p2a: Sandslash|100\/100|[from] item: Leftovers\n|-heal|p1a: Scrafty|94\/100|[from] item: Leftovers\n|upkeep\n|turn|3\n|\n|t:|1668037432\n|move|p2a: Sandslash|Rapid Spin|p1a: Scrafty\n|-damage|p1a: Scrafty|78\/100\n|-boost|p2a: Sandslash|spe|1\n|-sideend|p2: Slayerboy752|Stealth Rock|[from] move: Rapid Spin|[of] p2a: Sandslash\n|move|p1a: Scrafty|Dragon Dance|p1a: Scrafty\n|-boost|p1a: Scrafty|atk|1\n|-boost|p1a: Scrafty|spe|1\n|\n|-weather|Sandstorm|[upkeep]\n|-damage|p1a: Scrafty|72\/100|[from] Sandstorm\n|-heal|p1a: Scrafty|78\/100|[from] item: Leftovers\n|upkeep\n|turn|4\n|\n|t:|1668037440\n|move|p2a: Sandslash|Earthquake|p1a: Scrafty\n|-damage|p1a: Scrafty|35\/100\n|move|p1a: Scrafty|Knock Off|p2a: Sandslash\n|-damage|p2a: Sandslash|48\/100\n|-enditem|p2a: Sandslash|Leftovers|[from] move: Knock Off|[of] p1a: Scrafty\n|\n|-weather|Sandstorm|[upkeep]\n|-damage|p1a: Scrafty|29\/100|[from] Sandstorm\n|-heal|p1a: Scrafty|35\/100|[from] item: Leftovers\n|upkeep\n|turn|5\n|\n|t:|1668037454\n|switch|p1a: Ditto|Ditto|100\/100\n|-damage|p1a: Ditto|88\/100|[from] Stealth Rock\n|-transform|p1a: Ditto|p2a: Sandslash|[from] ability: Imposter\n|move|p2a: Sandslash|Earthquake|p1a: Ditto\n|-damage|p1a: Ditto|49\/100\n|\n|-weather|none\n|upkeep\n|turn|6\n|\n|t:|1668037464\n|switch|p2a: Thwackey|Thwackey, M|100\/100\n|-fieldstart|move: Grassy Terrain|[from] ability: Grassy Surge|[of] p2a: Thwackey\n|move|p1a: Ditto|Rapid Spin|p2a: Thwackey\n|-damage|p2a: Thwackey|65\/100\n|-boost|p1a: Ditto|spe|1\n|-sideend|p1: Theblobfishman9|Stealth Rock|[from] move: Rapid Spin|[of] p1a: Ditto\n|\n|-heal|p1a: Ditto|55\/100|[from] Grassy Terrain\n|-heal|p2a: Thwackey|71\/100|[from] Grassy Terrain\n|upkeep\n|turn|7\n|\n|t:|1668037476\n|switch|p1a: Centiskorch|Centiskorch, M|100\/100\n|move|p2a: Thwackey|U-turn|p1a: Centiskorch\n|-resisted|p1a: Centiskorch\n|-damage|p1a: Centiskorch|87\/100\n|-damage|p2a: Thwackey|54\/100|[from] item: Rocky Helmet|[of] p1a: Centiskorch\n|\n|t:|1668037489\n|switch|p2a: Gigalith|Gigalith, F|100\/100|[from]move: U-turn\n|-weather|Sandstorm|[from] ability: Sand Stream|[of] p2a: Gigalith\n|\n|-weather|Sandstorm|[upkeep]\n|-damage|p1a: Centiskorch|80\/100|[from] Sandstorm\n|-heal|p1a: Centiskorch|87\/100|[from] Grassy Terrain\n|upkeep\n|turn|8\n|\n|t:|1668037501\n|move|p1a: Centiskorch|Power Whip|p2a: Gigalith\n|-supereffective|p2a: Gigalith\n|-damage|p2a: Gigalith|33\/100\n|move|p2a: Gigalith|Stealth Rock|p1a: Centiskorch\n|-sidestart|p1: Theblobfishman9|move: Stealth Rock\n|\n|-weather|Sandstorm|[upkeep]\n|-damage|p1a: Centiskorch|80\/100|[from] Sandstorm\n|-heal|p1a: Centiskorch|87\/100|[from] Grassy Terrain\n|-heal|p2a: Gigalith|39\/100|[from] Grassy Terrain\n|-heal|p2a: Gigalith|45\/100|[from] item: Leftovers\n|upkeep\n|turn|9\n|\n|t:|1668037510\n|move|p2a: Gigalith|Protect|p2a: Gigalith\n|-singleturn|p2a: Gigalith|Protect\n|move|p1a: Centiskorch|Scorching Sands|p2a: Gigalith\n|-activate|p2a: Gigalith|move: Protect\n|\n|-weather|Sandstorm|[upkeep]\n|-damage|p1a: Centiskorch|80\/100|[from] Sandstorm\n|-heal|p1a: Centiskorch|87\/100|[from] Grassy Terrain\n|-heal|p2a: Gigalith|51\/100|[from] Grassy Terrain\n|-heal|p2a: Gigalith|57\/100|[from] item: Leftovers\n|upkeep\n|turn|10\n|\n|t:|1668037534\n|move|p1a: Centiskorch|Power Whip|p2a: Gigalith\n|-supereffective|p2a: Gigalith\n|-damage|p2a: Gigalith|0 fnt\n|faint|p2a: Gigalith\n|\n|-weather|Sandstorm|[upkeep]\n|-damage|p1a: Centiskorch|80\/100|[from] Sandstorm\n|-heal|p1a: Centiskorch|87\/100|[from] Grassy Terrain\n|-fieldend|move: Grassy Terrain\n|upkeep\n|\n|t:|1668037547\n|switch|p2a: Sandslash|Sandslash, M|48\/100\n|turn|11\n|\n|t:|1668037555\n|switch|p1a: Scrafty|Scrafty, M|35\/100\n|-damage|p1a: Scrafty|29\/100|[from] Stealth Rock\n|move|p2a: Sandslash|Earthquake|p1a: Scrafty\n|-crit|p1a: Scrafty\n|-damage|p1a: Scrafty|0 fnt\n|faint|p1a: Scrafty\n|\n|-weather|none\n|upkeep\n|\n|t:|1668037563\n|switch|p1a: Ditto|Ditto|55\/100\n|-damage|p1a: Ditto|42\/100|[from] Stealth Rock\n|-transform|p1a: Ditto|p2a: Sandslash|[from] ability: Imposter\n|turn|12\n|\n|t:|1668037566\n|switch|p2a: Jellicent|Jellicent, F|100\/100\n|move|p1a: Ditto|Rapid Spin|p2a: Jellicent\n|-immune|p2a: Jellicent\n|\n|upkeep\n|turn|13\n|\n|t:|1668037574\n|switch|p1a: Comfey|Comfey, F|100\/100\n|-damage|p1a: Comfey|88\/100|[from] Stealth Rock\n|move|p2a: Jellicent|Scald|p1a: Comfey\n|-damage|p1a: Comfey|63\/100\n|\n|-status|p1a: Comfey|brn|[from] item: Flame Orb\n|upkeep\n|turn|14\n|\n|t:|1668037582\n|switch|p2a: Silvally|Silvally-Steel|100\/100\n|move|p1a: Comfey|Giga Drain|p2a: Silvally\n|-resisted|p2a: Silvally\n|-damage|p2a: Silvally|90\/100\n|-heal|p1a: Comfey|68\/100 brn|[from] drain|[of] p2a: Silvally\n|\n|-damage|p1a: Comfey|62\/100 brn|[from] brn\n|upkeep\n|turn|15\n|\n|t:|1668037600\n|switch|p1a: Cinccino|Cinccino, M|100\/100\n|-damage|p1a: Cinccino|88\/100|[from] Stealth Rock\n|move|p2a: Silvally|Flamethrower|p1a: Cinccino\n|-damage|p1a: Cinccino|46\/100\n|\n|upkeep\n|turn|16\n|\n|t:|1668037616\n|move|p1a: Cinccino|Tail Slap|p2a: Silvally\n|-resisted|p2a: Silvally\n|-damage|p2a: Silvally|82\/100\n|-resisted|p2a: Silvally\n|-damage|p2a: Silvally|74\/100\n|-resisted|p2a: Silvally\n|-damage|p2a: Silvally|66\/100\n|-resisted|p2a: Silvally\n|-crit|p2a: Silvally\n|-damage|p2a: Silvally|54\/100\n|-resisted|p2a: Silvally\n|-damage|p2a: Silvally|46\/100\n|-hitcount|p2a: Silvally|5\n|-damage|p1a: Cinccino|36\/100|[from] item: Life Orb\n|move|p2a: Silvally|Flamethrower|p1a: Cinccino\n|-damage|p1a: Cinccino|0 fnt\n|faint|p1a: Cinccino\n|\n|upkeep\n|\n|t:|1668037620\n|switch|p1a: Ditto|Ditto|42\/100\n|-damage|p1a: Ditto|30\/100|[from] Stealth Rock\n|-transform|p1a: Ditto|p2a: Silvally|[from] ability: Imposter\n|turn|17\n|\n|t:|1668037635\n|switch|p2a: Jellicent|Jellicent, F|100\/100\n|move|p1a: Ditto|Thunderbolt|p2a: Jellicent\n|-supereffective|p2a: Jellicent\n|-damage|p2a: Jellicent|69\/100\n|-status|p2a: Jellicent|par\n|-start|p1a: Ditto|Disable|Thunderbolt|[from] ability: Cursed Body|[of] p2a: Jellicent\n|\n|upkeep\n|turn|18\n|\n|t:|1668037644\n|switch|p1a: Centiskorch|Centiskorch, M|87\/100\n|-damage|p1a: Centiskorch|37\/100|[from] Stealth Rock\n|cant|p2a: Jellicent|par\n|\n|upkeep\n|turn|19\n|\n|t:|1668037662\n|move|p1a: Centiskorch|Power Whip|p2a: Jellicent\n|-supereffective|p2a: Jellicent\n|-damage|p2a: Jellicent|0 fnt\n|faint|p2a: Jellicent\n|\n|upkeep\n|\n|t:|1668037665\n|switch|p2a: Silvally|Silvally-Steel|46\/100\n|turn|20\n|\n|t:|1668037671\n|move|p2a: Silvally|Flamethrower|p1a: Centiskorch\n|-damage|p1a: Centiskorch|11\/100\n|move|p1a: Centiskorch|Fire Lash|p2a: Silvally\n|-supereffective|p2a: Silvally\n|-damage|p2a: Silvally|0 fnt\n|faint|p2a: Silvally\n|\n|upkeep\n|\n|t:|1668037696\n|switch|p2a: Thwackey|Thwackey, M|54\/100\n|-fieldstart|move: Grassy Terrain|[from] ability: Grassy Surge|[of] p2a: Thwackey\n|turn|21\n|\n|t:|1668037710\n|move|p2a: Thwackey|Knock Off|p1a: Centiskorch\n|-damage|p1a: Centiskorch|0 fnt\n|-damage|p2a: Thwackey|38\/100|[from] item: Rocky Helmet|[of] p1a: Centiskorch\n|-status|p2a: Thwackey|brn|[from] ability: Flame Body|[of] p1a: Centiskorch\n|-enditem|p1a: Centiskorch|Rocky Helmet|[from] move: Knock Off|[of] p2a: Thwackey\n|faint|p1a: Centiskorch\n|\n|-heal|p2a: Thwackey|44\/100 brn|[from] Grassy Terrain\n|-damage|p2a: Thwackey|38\/100 brn|[from] brn\n|upkeep\n|\n|t:|1668037721\n|switch|p1a: Togedemaru|Togedemaru, F|100\/100\n|-damage|p1a: Togedemaru|94\/100|[from] Stealth Rock\n|turn|22\n|\n|t:|1668037736\n|move|p1a: Togedemaru|Fell Stinger|p2a: Thwackey\n|-supereffective|p2a: Thwackey\n|-damage|p2a: Thwackey|0 fnt\n|faint|p2a: Thwackey\n|-boost|p1a: Togedemaru|atk|3\n|\n|-heal|p1a: Togedemaru|100\/100|[from] Grassy Terrain\n|upkeep\n|\n|t:|1668037742\n|switch|p2a: Sandslash|Sandslash, M|48\/100\n|turn|23\n|\n|t:|1668037750\n|move|p1a: Togedemaru|Iron Head|p2a: Sandslash\n|-damage|p2a: Sandslash|0 fnt\n|faint|p2a: Sandslash\n|\n|upkeep\n|-message|Slayerboy752 forfeited.\n|\n|win|Theblobfishman9\n|raw|Theblobfishman9's rating: 1147 &rarr; <strong>1188<\/strong><br \/>(+41 for winning)\n|raw|Slayerboy752's rating: 1404 &rarr; <strong>1371<\/strong><br \/>(-33 for losing)\n|l|\u2606Slayerboy752\n","uploadtime":1668037782,"views":3,"p1id":"theblobfishman9","p2id":"slayerboy752","formatid":"gen8pu","rating":1188,"private":0,"password":null}