{"id":"gen8randombattle-1025730260","p1":"Lunar Neo","p2":"Yaggs","format":"gen8randombattle","log":"|j|\u2606Lunar Neo\n|j|\u2606Yaggs\n|inactive|Battle timer is ON: inactive players will automatically lose when time's up.\n|player|p1|Lunar Neo|248|\n|player|p2|Yaggs|190|\n|teamsize|p1|6\n|teamsize|p2|6\n|gametype|singles\n|gen|8\n|tier|[Gen 8] Random Battle\n|rated|Tournament battle\n|rule|HP Percentage Mod: HP is shown in percentages\n|rule|Sleep Clause Mod: Limit one foe put to sleep\n|\n|start\n|switch|p1a: Perrserker|Perrserker, L82, M|249\/249\n|switch|p2a: Cherrim|Cherrim, L82, F|249\/249\n|turn|1\n|j| Dhdux\n|c|\u2606Yaggs|gl hf!\n|j| DaWolfKid\n|c|\u2606Lunar Neo|u2\n|j| YuYuYuao\n|j| Kanto Queen\n|inactive|Yaggs has 120 seconds left.\n|j| Garpimpboy\n|j| SilentPotato\n|j|\u203danarchy of luck\n|j| 1000 Bitches\n|\n|move|p2a: Cherrim|Sunny Day|p2a: Cherrim\n|-weather|SunnyDay\n|-formechange|p2a: Cherrim|Cherrim-Sunshine|[msg]|[from] ability: Flower Gift\n|move|p1a: Perrserker|Iron Head|p2a: Cherrim\n|-damage|p2a: Cherrim|81\/249\n|\n|-weather|SunnyDay|[upkeep]\n|upkeep\n|turn|2\n|j| Character X\n|l|\u203danarchy of luck\n|\n|switch|p1a: Qwilfish|Qwilfish, L82, M|241\/241\n|-ability|p1a: Qwilfish|Intimidate|boost\n|-unboost|p2a: Cherrim|atk|1\n|move|p2a: Cherrim|Weather Ball|p1a: Qwilfish\n|-resisted|p1a: Qwilfish\n|-damage|p1a: Qwilfish|155\/241\n|-damage|p2a: Cherrim|57\/249|[from] item: Life Orb\n|\n|-weather|SunnyDay|[upkeep]\n|-heal|p1a: Qwilfish|170\/241|[from] item: Black Sludge\n|upkeep\n|turn|3\n|j| Wet Kisser\n|j| KashifsPOV\n|\n|switch|p2a: Lunala|Lunala, L78|342\/342\n|move|p1a: Qwilfish|Spikes|p2a: Lunala\n|-sidestart|p2: Yaggs|Spikes\n|\n|-weather|SunnyDay|[upkeep]\n|-heal|p1a: Qwilfish|185\/241|[from] item: Black Sludge\n|upkeep\n|turn|4\n|\n|move|p2a: Lunala|Psychic|p1a: Qwilfish\n|-supereffective|p1a: Qwilfish\n|-damage|p1a: Qwilfish|0 fnt\n|faint|p1a: Qwilfish\n|\n|-weather|SunnyDay|[upkeep]\n|upkeep\n|\n|switch|p1a: Crawdaunt|Crawdaunt, L82, M|237\/237\n|turn|5\n|\n|switch|p2a: Hitmonlee|Hitmonlee, L82, M|216\/216\n|-damage|p2a: Hitmonlee|189\/216|[from] Spikes\n|move|p1a: Crawdaunt|Dragon Dance|p1a: Crawdaunt\n|-boost|p1a: Crawdaunt|atk|1\n|-boost|p1a: Crawdaunt|spe|1\n|\n|-weather|none\n|upkeep\n|turn|6\n|\n|-start|p1a: Crawdaunt|Dynamax\n|-heal|p1a: Crawdaunt|474\/474|[silent]\n|move|p2a: Hitmonlee|Fake Out|p1a: Crawdaunt\n|-damage|p1a: Crawdaunt|431\/474\n|-damage|p2a: Hitmonlee|168\/216|[from] item: Life Orb\n|move|p1a: Crawdaunt|Max Geyser|p2a: Hitmonlee\n|-damage|p2a: Hitmonlee|0 fnt\n|-weather|RainDance\n|-damage|p1a: Crawdaunt|408\/474|[from] item: Life Orb\n|faint|p2a: Hitmonlee\n|\n|-weather|RainDance|[upkeep]\n|upkeep\n|j| GamingMe9\n|l| GamingMe9\n|c| 1000 Bitches|the plays\n|\n|switch|p2a: Cherrim|Cherrim, L82, F|57\/249\n|-damage|p2a: Cherrim|26\/249|[from] Spikes\n|turn|7\n|c| SilentPotato|dynamax is fun and balanced\n|\n|move|p1a: Crawdaunt|Max Knuckle|p2a: Cherrim\n|-damage|p2a: Cherrim|0 fnt\n|-boost|p1a: Crawdaunt|atk|1\n|-damage|p1a: Crawdaunt|385\/474|[from] item: Life Orb\n|faint|p2a: Cherrim\n|\n|-weather|RainDance|[upkeep]\n|upkeep\n|c| Dhdux|but it is\n|inactive|Yaggs has 120 seconds left.\n|l| KashifsPOV\n|l| Character X\n|\n|switch|p2a: Skuntank|Skuntank, L82, M|303\/303\n|-damage|p2a: Skuntank|266\/303|[from] Spikes\n|turn|8\n|\n|move|p1a: Crawdaunt|Max Geyser|p2a: Skuntank\n|-damage|p2a: Skuntank|0 fnt\n|-damage|p1a: Crawdaunt|362\/474|[from] item: Life Orb\n|faint|p2a: Skuntank\n|\n|-weather|RainDance|[upkeep]\n|-end|p1a: Crawdaunt|Dynamax\n|-heal|p1a: Crawdaunt|181\/237|[silent]\n|upkeep\n|inactive|Yaggs has 90 seconds left.\n|\n|switch|p2a: Hatterene|Hatterene, L80, F|222\/222\n|-damage|p2a: Hatterene|195\/222|[from] Spikes\n|turn|9\n|\n|-start|p2a: Hatterene|Dynamax\n|-formechange|p2a: Hatterene|Hatterene-Gmax|\n|-heal|p2a: Hatterene|390\/444|[silent]\n|move|p1a: Crawdaunt|Crabhammer|p2a: Hatterene\n|-damage|p2a: Hatterene|0 fnt\n|-damage|p1a: Crawdaunt|158\/237|[from] item: Life Orb\n|faint|p2a: Hatterene\n|\n|-weather|RainDance|[upkeep]\n|upkeep\n|c|\u2606Yaggs|gg I think\n|inactive|Yaggs has 90 seconds left.\n|\n|switch|p2a: Lapras|Lapras, L82, F|347\/347\n|-damage|p2a: Lapras|304\/347|[from] Spikes\n|turn|10\n|c| SilentPotato|yikes\n|c| Dhdux|lapras can tank\n|\n|move|p1a: Crawdaunt|Close Combat|p2a: Lapras\n|-supereffective|p2a: Lapras\n|-damage|p2a: Lapras|0 fnt\n|-unboost|p1a: Crawdaunt|def|1\n|-unboost|p1a: Crawdaunt|spd|1\n|-damage|p1a: Crawdaunt|135\/237|[from] item: Life Orb\n|faint|p2a: Lapras\n|\n|-weather|none\n|upkeep\n|c| Dhdux|nvm\n|c| 1000 Bitches|lol\n|c| DaWolfKid|Oof\n|c|\u2606Yaggs|lmao\n|\n|switch|p2a: Lunala|Lunala, L78|342\/342\n|-damage|p2a: Lunala|300\/342|[from] Spikes\n|turn|11\n|c| SilentPotato|couldve tanked better with dmax\n|\n|move|p1a: Crawdaunt|Knock Off|p2a: Lunala\n|-supereffective|p2a: Lunala\n|-damage|p2a: Lunala|0 fnt\n|-enditem|p2a: Lunala|Leftovers|[from] move: Knock Off|[of] p1a: Crawdaunt\n|-damage|p1a: Crawdaunt|112\/237|[from] item: Life Orb\n|faint|p2a: Lunala\n|\n|win|Lunar Neo\n","inputlog":">version a063bc4df3b6614cb75aed6ffdf52b35104e2cec\n>start {\"formatid\":\"gen8randombattle\",\"seed\":[4719,13149,31130,50073],\"rated\":\"Tournament battle\"}\n>player p1 {\"name\":\"Lunar Neo\",\"avatar\":\"248\",\"team\":\"\",\"rating\":0,\"seed\":[52651,12682,65116,14074]}\n>player p2 {\"name\":\"Yaggs\",\"avatar\":\"190\",\"team\":\"\",\"rating\":0,\"seed\":[24003,20256,22763,44098]}\n>p1 move ironhead\n>p2 move sunnyday\n>p1 switch 4\n>p2 move weatherball\n>p1 move spikes\n>p2 switch 6\n>p1 move toxic\n>p2 move psychic\n>p1 switch 3\n>p1 move dragondance\n>p2 switch 4\n>p1 move crabhammer dynamax\n>p2 move fakeout\n>p2 switch 6\n>p1 move closecombat dynamax\n>p2 move playrough\n>p2 switch 2\n>p1 move crabhammer dynamax\n>p2 move toxic\n>p2 switch 3\n>p1 move crabhammer\n>p2 move dazzlinggleam dynamax\n>p2 switch 5\n>p1 move closecombat\n>p2 move thunderbolt\n>p2 switch 4\n>p1 move knockoff\n>p2 move moongeistbeam","uploadtime":1575829761,"views":2,"p1id":"lunarneo","p2id":"yaggs","formatid":"gen8randombattle","rating":0,"private":0,"password":null}