{"id":"gen8ou-1631313761","p1":"LT91BB PDC","p2":"reionatro","format":"gen8ou","log":"|j|\u2606LT91BB PDC\n|j|\u2606reionatro\n|t:|1659529912\n|gametype|singles\n|player|p1|LT91BB PDC|ethan|1874\n|player|p2|reionatro|265|1829\n|teamsize|p1|6\n|teamsize|p2|6\n|gen|8\n|tier|[Gen 8] OU\n|rated|\n|rule|Sleep Clause Mod: Limit one foe put to sleep\n|rule|Species Clause: Limit one of each Pok\u00e9mon\n|rule|OHKO Clause: OHKO moves are banned\n|rule|Evasion Moves Clause: Evasion moves are banned\n|rule|Endless Battle Clause: Forcing endless battles is banned\n|rule|HP Percentage Mod: HP is shown in percentages\n|rule|Dynamax Clause: You cannot dynamax\n|clearpoke\n|poke|p1|Blacephalon|\n|poke|p1|Seismitoad, F|\n|poke|p1|Corviknight, M|\n|poke|p1|Weavile, M|\n|poke|p1|Buzzwole|\n|poke|p1|Kartana|\n|poke|p2|Nihilego|\n|poke|p2|Zapdos-Galar|\n|poke|p2|Kartana|\n|poke|p2|Celesteela|\n|poke|p2|Garchomp, F|\n|poke|p2|Tapu Fini|\n|teampreview\n|c|\u2606reionatro|hf\n|j| I M prad yt\n|inactive|Battle timer is ON: inactive players will automatically lose when time's up. (requested by LT91BB PDC)\n|inactive|reionatro has 120 seconds left.\n|\n|t:|1659529985\n|start\n|switch|p1a: Blacephalon|Blacephalon|100\/100\n|switch|p2a: Kartana|Kartana|100\/100\n|turn|1\n|\n|t:|1659529996\n|switch|p1a: Corviknight|Corviknight, M|100\/100\n|-ability|p1a: Corviknight|Pressure\n|move|p2a: Kartana|Knock Off|p1a: Corviknight\n|-damage|p1a: Corviknight|66\/100\n|-enditem|p1a: Corviknight|Leftovers|[from] move: Knock Off|[of] p2a: Kartana\n|\n|upkeep\n|turn|2\n|j| lt91bbe\n|\n|t:|1659530011\n|switch|p2a: Garchomp|Garchomp, F|100\/100\n|move|p1a: Corviknight|Roost|p1a: Corviknight\n|-heal|p1a: Corviknight|100\/100\n|-singleturn|p1a: Corviknight|move: Roost\n|\n|upkeep\n|turn|3\n|l| lt91bbe\n|\n|t:|1659530017\n|move|p2a: Garchomp|Stealth Rock|p1a: Corviknight\n|-sidestart|p1: LT91BB PDC|move: Stealth Rock\n|move|p1a: Corviknight|Defog|p2a: Garchomp\n|-unboost|p2a: Garchomp|evasion|1\n|-sideend|p1: LT91BB PDC|Stealth Rock|[from] move: Defog|[of] p1a: Corviknight\n|\n|upkeep\n|turn|4\n|\n|t:|1659530025\n|move|p2a: Garchomp|Stealth Rock|p1a: Corviknight\n|-sidestart|p1: LT91BB PDC|move: Stealth Rock\n|move|p1a: Corviknight|Defog|p2a: Garchomp\n|-unboost|p2a: Garchomp|evasion|1\n|-sideend|p1: LT91BB PDC|Stealth Rock|[from] move: Defog|[of] p1a: Corviknight\n|\n|upkeep\n|turn|5\n|\n|t:|1659530029\n|switch|p2a: Zapdos|Zapdos-Galar|100\/100\n|move|p1a: Corviknight|Defog|p2a: Zapdos\n|-unboost|p2a: Zapdos|evasion|1\n|-ability|p2a: Zapdos|Defiant\n|-boost|p2a: Zapdos|atk|2\n|\n|upkeep\n|turn|6\n|\n|t:|1659530045\n|move|p2a: Zapdos|Brave Bird|p1a: Corviknight\n|-resisted|p1a: Corviknight\n|-damage|p1a: Corviknight|35\/100\n|-damage|p2a: Zapdos|74\/100|[from] Recoil\n|move|p1a: Corviknight|U-turn|p2a: Zapdos\n|-resisted|p2a: Zapdos\n|-damage|p2a: Zapdos|70\/100\n|\n|t:|1659530068\n|switch|p1a: Weavile|Weavile, M|100\/100|[from]move: U-turn\n|-ability|p1a: Weavile|Pressure\n|\n|upkeep\n|turn|7\n|\n|t:|1659530073\n|switch|p2a: Tapu Fini|Tapu Fini|100\/100\n|-fieldstart|move: Misty Terrain|[from] ability: Misty Surge|[of] p2a: Tapu Fini\n|move|p1a: Weavile|Triple Axel|p2a: Tapu Fini\n|-resisted|p2a: Tapu Fini\n|-damage|p2a: Tapu Fini|95\/100\n|-resisted|p2a: Tapu Fini\n|-damage|p2a: Tapu Fini|84\/100\n|-resisted|p2a: Tapu Fini\n|-damage|p2a: Tapu Fini|68\/100\n|-hitcount|p2a: Tapu Fini|3\n|\n|-heal|p2a: Tapu Fini|74\/100|[from] item: Leftovers\n|upkeep\n|turn|8\n|\n|t:|1659530082\n|move|p1a: Weavile|Triple Axel|p2a: Tapu Fini\n|-resisted|p2a: Tapu Fini\n|-damage|p2a: Tapu Fini|68\/100\n|-resisted|p2a: Tapu Fini\n|-damage|p2a: Tapu Fini|57\/100\n|-hitcount|p2a: Tapu Fini|2\n|move|p2a: Tapu Fini|Scald|p1a: Weavile\n|-damage|p1a: Weavile|66\/100\n|\n|-heal|p2a: Tapu Fini|63\/100|[from] item: Leftovers\n|upkeep\n|turn|9\n|j| onceonly\n|l| onceonly\n|\n|t:|1659530091\n|switch|p1a: Seismitoad|Seismitoad, F|100\/100\n|move|p2a: Tapu Fini|Draining Kiss|p1a: Seismitoad\n|-damage|p1a: Seismitoad|88\/100\n|-heal|p2a: Tapu Fini|75\/100|[from] drain|[of] p1a: Seismitoad\n|\n|-heal|p2a: Tapu Fini|81\/100|[from] item: Leftovers\n|-heal|p1a: Seismitoad|94\/100|[from] item: Leftovers\n|upkeep\n|turn|10\n|\n|t:|1659530111\n|switch|p2a: Garchomp|Garchomp, F|100\/100\n|move|p1a: Seismitoad|Knock Off|p2a: Garchomp\n|-damage|p2a: Garchomp|83\/100\n|-damage|p1a: Seismitoad|82\/100|[from] ability: Rough Skin|[of] p2a: Garchomp\n|-damage|p1a: Seismitoad|65\/100|[from] item: Rocky Helmet|[of] p2a: Garchomp\n|-enditem|p2a: Garchomp|Rocky Helmet|[from] move: Knock Off|[of] p1a: Seismitoad\n|\n|-heal|p1a: Seismitoad|71\/100|[from] item: Leftovers\n|upkeep\n|turn|11\n|\n|t:|1659530119\n|move|p2a: Garchomp|Stealth Rock|p1a: Seismitoad\n|-sidestart|p1: LT91BB PDC|move: Stealth Rock\n|move|p1a: Seismitoad|Stealth Rock|p2a: Garchomp\n|-sidestart|p2: reionatro|move: Stealth Rock\n|\n|-heal|p1a: Seismitoad|77\/100|[from] item: Leftovers\n|-fieldend|Misty Terrain\n|upkeep\n|turn|12\n|\n|t:|1659530137\n|switch|p2a: Tapu Fini|Tapu Fini|81\/100\n|-damage|p2a: Tapu Fini|68\/100|[from] Stealth Rock\n|-fieldstart|move: Misty Terrain|[from] ability: Misty Surge|[of] p2a: Tapu Fini\n|move|p1a: Seismitoad|Earth Power|p2a: Tapu Fini\n|-damage|p2a: Tapu Fini|49\/100\n|\n|-heal|p2a: Tapu Fini|55\/100|[from] item: Leftovers\n|-heal|p1a: Seismitoad|83\/100|[from] item: Leftovers\n|upkeep\n|turn|13\n|\n|t:|1659530151\n|switch|p1a: Kartana|Kartana|100\/100\n|-damage|p1a: Kartana|94\/100|[from] Stealth Rock\n|move|p2a: Tapu Fini|Draining Kiss|p1a: Kartana\n|-resisted|p1a: Kartana\n|-damage|p1a: Kartana|66\/100\n|-heal|p2a: Tapu Fini|71\/100|[from] drain|[of] p1a: Kartana\n|\n|-heal|p2a: Tapu Fini|77\/100|[from] item: Leftovers\n|upkeep\n|turn|14\n|inactive|reionatro has 120 seconds left.\n|\n|t:|1659530203\n|switch|p2a: Garchomp|Garchomp, F|83\/100\n|-damage|p2a: Garchomp|77\/100|[from] Stealth Rock\n|move|p1a: Kartana|Leaf Blade|p2a: Garchomp\n|-damage|p2a: Garchomp|26\/100\n|-activate|p2a: Garchomp|ability: Rough Skin\n|-activate|p1a: Kartana|item: Protective Pads\n|\n|upkeep\n|turn|15\n|inactive|reionatro has 90 seconds left.\n|inactive|LT91BB PDC has 120 seconds left.\n|\n|t:|1659530234\n|move|p1a: Kartana|Leaf Blade|p2a: Garchomp\n|-crit|p2a: Garchomp\n|-damage|p2a: Garchomp|0 fnt\n|-activate|p2a: Garchomp|ability: Rough Skin\n|-activate|p1a: Kartana|item: Protective Pads\n|faint|p2a: Garchomp\n|-ability|p1a: Kartana|Beast Boost|boost\n|-boost|p1a: Kartana|atk|1\n|\n|upkeep\n|inactive|reionatro has 60 seconds left.\n|inactive|reionatro has 30 seconds left.\n|\n|t:|1659530290\n|switch|p2a: Celesteela|Celesteela|100\/100\n|-damage|p2a: Celesteela|88\/100|[from] Stealth Rock\n|turn|16\n|inactive|reionatro has 30 seconds left.\n|inactive|LT91BB PDC has 120 seconds left.\n|inactive|LT91BB PDC has 90 seconds left.\n|\n|t:|1659530343\n|move|p1a: Kartana|Knock Off|p2a: Celesteela\n|-damage|p2a: Celesteela|28\/100\n|-enditem|p2a: Celesteela|Power Herb|[from] move: Knock Off|[of] p1a: Kartana\n|move|p2a: Celesteela|Autotomize|p2a: Celesteela\n|-boost|p2a: Celesteela|spe|2\n|-start|p2a: Celesteela|Autotomize\n|\n|-fieldend|Misty Terrain\n|upkeep\n|turn|17\n|inactive|LT91BB PDC has 90 seconds left.\n|inactive|reionatro has 30 seconds left.\n|inactive|reionatro has 20 seconds left.\n|\n|t:|1659530360\n|switch|p1a: Corviknight|Corviknight, M|35\/100\n|-damage|p1a: Corviknight|23\/100|[from] Stealth Rock\n|-ability|p1a: Corviknight|Pressure\n|move|p2a: Celesteela|Flamethrower|p1a: Corviknight\n|-supereffective|p1a: Corviknight\n|-damage|p1a: Corviknight|0 fnt\n|faint|p1a: Corviknight\n|-ability|p2a: Celesteela|Beast Boost|boost\n|-boost|p2a: Celesteela|spa|1\n|\n|upkeep\n|inactive|reionatro has 25 seconds left this turn.\n|inactive|LT91BB PDC has 90 seconds left.\n|\n|t:|1659530377\n|switch|p1a: Weavile|Weavile, M|66\/100\n|-damage|p1a: Weavile|41\/100|[from] Stealth Rock\n|-ability|p1a: Weavile|Pressure\n|turn|18\n|inactive|reionatro has 30 seconds left.\n|\n|t:|1659530387\n|move|p1a: Weavile|Ice Shard|p2a: Celesteela\n|-damage|p2a: Celesteela|0 fnt\n|faint|p2a: Celesteela\n|\n|upkeep\n|inactive|reionatro has 30 seconds left this turn.\n|inactive|reionatro has 20 seconds left.\n|inactive|reionatro has 15 seconds left.\n|\n|t:|1659530405\n|switch|p2a: Kartana|Kartana|100\/100\n|-damage|p2a: Kartana|94\/100|[from] Stealth Rock\n|turn|19\n|inactive|reionatro has 25 seconds left this turn.\n|inactive|reionatro has 20 seconds left.\n|\n|t:|1659530415\n|switch|p1a: Buzzwole|Buzzwole|100\/100\n|move|p2a: Kartana|Leaf Blade|p1a: Buzzwole\n|-resisted|p1a: Buzzwole\n|-damage|p1a: Buzzwole|84\/100\n|\n|upkeep\n|turn|20\n|inactive|reionatro has 30 seconds left this turn.\n|\n|t:|1659530419\n|switch|p2a: Tapu Fini|Tapu Fini|77\/100\n|-damage|p2a: Tapu Fini|65\/100|[from] Stealth Rock\n|-fieldstart|move: Misty Terrain|[from] ability: Misty Surge|[of] p2a: Tapu Fini\n|move|p1a: Buzzwole|Close Combat|p2a: Tapu Fini\n|-resisted|p2a: Tapu Fini\n|-damage|p2a: Tapu Fini|43\/100\n|-unboost|p1a: Buzzwole|def|1\n|-unboost|p1a: Buzzwole|spd|1\n|\n|-heal|p2a: Tapu Fini|49\/100|[from] item: Leftovers\n|upkeep\n|turn|21\n|inactive|reionatro has 30 seconds left.\n|\n|t:|1659530432\n|switch|p1a: Kartana|Kartana|66\/100\n|-damage|p1a: Kartana|60\/100|[from] Stealth Rock\n|move|p2a: Tapu Fini|Scald|p1a: Kartana\n|-resisted|p1a: Kartana\n|-damage|p1a: Kartana|17\/100\n|\n|-heal|p2a: Tapu Fini|56\/100|[from] item: Leftovers\n|upkeep\n|turn|22\n|inactive|reionatro has 30 seconds left.\n|\n|t:|1659530448\n|move|p1a: Kartana|Knock Off|p2a: Tapu Fini\n|-resisted|p2a: Tapu Fini\n|-damage|p2a: Tapu Fini|39\/100\n|-enditem|p2a: Tapu Fini|Leftovers|[from] move: Knock Off|[of] p1a: Kartana\n|move|p2a: Tapu Fini|Scald|p1a: Kartana\n|-resisted|p1a: Kartana\n|-damage|p1a: Kartana|0 fnt\n|faint|p1a: Kartana\n|\n|upkeep\n|inactive|reionatro has 30 seconds left this turn.\n|inactive|LT91BB PDC has 120 seconds left.\n|\n|t:|1659530483\n|switch|p1a: Weavile|Weavile, M|41\/100\n|-damage|p1a: Weavile|16\/100|[from] Stealth Rock\n|-ability|p1a: Weavile|Pressure\n|turn|23\n|inactive|reionatro has 30 seconds left.\n|inactive|reionatro has 20 seconds left.\n|inactive|reionatro has 15 seconds left.\n|\n|t:|1659530509\n|move|p1a: Weavile|Triple Axel|p2a: Tapu Fini\n|-resisted|p2a: Tapu Fini\n|-damage|p2a: Tapu Fini|34\/100\n|-resisted|p2a: Tapu Fini\n|-damage|p2a: Tapu Fini|22\/100\n|-resisted|p2a: Tapu Fini\n|-damage|p2a: Tapu Fini|5\/100\n|-hitcount|p2a: Tapu Fini|3\n|move|p2a: Tapu Fini|Draining Kiss|p1a: Weavile\n|-supereffective|p1a: Weavile\n|-damage|p1a: Weavile|0 fnt\n|-heal|p2a: Tapu Fini|15\/100|[from] drain|[of] p1a: Weavile\n|faint|p1a: Weavile\n|\n|upkeep\n|inactive|reionatro has 20 seconds left this turn.\n|inactive|LT91BB PDC has 120 seconds left.\n|\n|t:|1659530517\n|switch|p1a: Blacephalon|Blacephalon|100\/100\n|-damage|p1a: Blacephalon|76\/100|[from] Stealth Rock\n|turn|24\n|inactive|reionatro has 30 seconds left this turn.\n|\n|t:|1659530524\n|move|p1a: Blacephalon|Shadow Ball|p2a: Tapu Fini\n|-damage|p2a: Tapu Fini|0 fnt\n|faint|p2a: Tapu Fini\n|-ability|p1a: Blacephalon|Beast Boost|boost\n|-boost|p1a: Blacephalon|spa|1\n|\n|-fieldend|Misty Terrain\n|upkeep\n|inactive|reionatro has 30 seconds left this turn.\n|j| Tiranito\n|\n|t:|1659530527\n|switch|p2a: Kartana|Kartana|94\/100\n|-damage|p2a: Kartana|88\/100|[from] Stealth Rock\n|turn|25\n|inactive|reionatro has 30 seconds left.\n|\n|t:|1659530538\n|move|p2a: Kartana|Knock Off|p1a: Blacephalon\n|-supereffective|p1a: Blacephalon\n|-damage|p1a: Blacephalon|0 fnt\n|-enditem|p1a: Blacephalon|Choice Scarf|[from] move: Knock Off|[of] p2a: Kartana\n|faint|p1a: Blacephalon\n|-ability|p2a: Kartana|Beast Boost|boost\n|-boost|p2a: Kartana|atk|1\n|\n|upkeep\n|-message|LT91BB PDC forfeited.\n|\n|win|reionatro\n|raw|LT91BB PDC's rating: 1892 &rarr; <strong>1868<\/strong><br \/>(-24 for losing)\n|raw|reionatro's rating: 1829 &rarr; <strong>1853<\/strong><br \/>(+24 for winning)\n|l|\u2606LT91BB PDC\n|c|\u2606reionatro|gg\n||Ladder isn't responding, score probably updated but might not have (Request timeout).\n","uploadtime":1659530550,"views":95,"p1id":"lt91bbpdc","p2id":"reionatro","formatid":"gen8ou","rating":1853,"private":0,"password":null}