{"id":"gen8nationaldexag-1182422699","p1":"BugCatcherWeevil","p2":"Aligax","format":"gen8nationaldexag","log":"|j|\u2606BugCatcherWeevil\n|j|\u2606Aligax\n|t:|1599429630\n|player|p1|BugCatcherWeevil|7|\n|player|p2|Aligax|clown|\n|teamsize|p1|6\n|teamsize|p2|6\n|gametype|singles\n|gen|8\n|tier|[Gen 8] National Dex AG\n|clearpoke\n|poke|p1|Tornadus-Therian, M|\n|poke|p1|Garchomp, F|\n|poke|p1|Primarina, F|\n|poke|p1|Roserade, M|\n|poke|p1|Victini|\n|poke|p1|Magnezone|\n|poke|p2|Slowbro-Galar, F|\n|poke|p2|Accelgor, M|\n|poke|p2|Porygon2|\n|poke|p2|Weezing-Galar, M|\n|poke|p2|Marowak-Alola, F|\n|poke|p2|Mandibuzz, F|\n|rule|HP Percentage Mod: HP is shown in percentages\n|rule|Endless Battle Clause: Forcing endless battles is banned\n|teampreview\n|c|\u2606BugCatcherWeevil|gl hf!\n|c|\u2606Aligax|gl hf !\n|j| The Lucky Luxray's\n|c|\u2606Aligax|My prediction game is 10\/10\n|c|\u2606BugCatcherWeevil|thankfully no kecleon, i didnt have time to look up what it can all do xD\n|c|\u2606Aligax|I predicted I would be exhausted tonight and I am :D\n|c| The Lucky Luxray's|LOL\n|c|\u2606BugCatcherWeevil|i predict a slowbro sweep :(\n|c|\u2606Aligax|Doubtful :3\n|c| The Lucky Luxray's|im suprised showdown STILL doesnt have its sprite on here\n|c|\u2606Aligax|No Silvally-Dark, interestingly-enough =P\n|\n|t:|1599429723\n|start\n|switch|p1a: Tornadus|Tornadus-Therian, M|100\/100\n|switch|p2a: SlowButFast|Slowbro-Galar, F|100\/100\n|turn|1\n|\n|t:|1599429766\n|switch|p2a: *tips fedora*|Weezing-Galar, M|100\/100\n|move|p1a: Tornadus|Knock Off|p2a: *tips fedora*\n|-resisted|p2a: *tips fedora*\n|-damage|p2a: *tips fedora*|94\/100\n|-enditem|p2a: *tips fedora*|Black Sludge|[from] move: Knock Off|[of] p1a: Tornadus\n|\n|upkeep\n|turn|2\n|\n|t:|1599429774\n|move|p1a: Tornadus|Taunt|p2a: *tips fedora*\n|-start|p2a: *tips fedora*|move: Taunt\n|cant|p2a: *tips fedora*|move: Taunt|Will-O-Wisp\n|\n|upkeep\n|turn|3\n|\n|t:|1599429779\n|move|p1a: Tornadus|Hurricane|p2a: *tips fedora*\n|-damage|p2a: *tips fedora*|21\/100\n|move|p2a: *tips fedora*|Strange Steam|p1a: Tornadus\n|-damage|p1a: Tornadus|73\/100\n|\n|upkeep\n|turn|4\n|\n|t:|1599429804\n|switch|p2a: SWITCH|Porygon2|100\/100\n|-ability|p2a: SWITCH|Regenerator|[from] ability: Trace|[of] p1a: Tornadus\n|move|p1a: Tornadus|Hurricane|p2a: SWITCH|[miss]\n|-miss|p1a: Tornadus|p2a: SWITCH\n|\n|upkeep\n|turn|5\n|c| The Lucky Luxray's|miss mattered\n|\n|t:|1599429834\n|move|p1a: Tornadus|U-turn|p2a: SWITCH\n|-damage|p2a: SWITCH|91\/100\n|\n|t:|1599429836\n|switch|p1a: Magnezone|Magnezone|100\/100|[from]move: U-turn\n|move|p2a: SWITCH|Foul Play|p1a: Magnezone\n|-damage|p1a: Magnezone|89\/100\n|\n|upkeep\n|turn|6\n|\n|t:|1599429851\n|move|p1a: Magnezone|Toxic|p2a: SWITCH|[miss]\n|-miss|p1a: Magnezone|p2a: SWITCH\n|move|p2a: SWITCH|Teleport|p2a: SWITCH\n|c|\u2606Aligax|that one sucked\n|\n|t:|1599429861\n|switch|p2a: SlowButFast|Slowbro-Galar, F|100\/100|[from]move: Teleport\n|\n|upkeep\n|turn|7\n|\n|t:|1599429873\n|switch|p1a: Tornadus|Tornadus-Therian, M|100\/100\n|move|p2a: SlowButFast|Earthquake|p1a: Tornadus\n|-immune|p1a: Tornadus\n|\n|upkeep\n|turn|8\n|\n|t:|1599429880\n|switch|p2a: *tips fedora*|Weezing-Galar, M|21\/100\n|move|p1a: Tornadus|Knock Off|p2a: *tips fedora*\n|-resisted|p2a: *tips fedora*\n|-damage|p2a: *tips fedora*|17\/100\n|\n|upkeep\n|turn|9\n|\n|t:|1599429887\n|move|p1a: Tornadus|Taunt|p2a: *tips fedora*\n|-start|p2a: *tips fedora*|move: Taunt\n|cant|p2a: *tips fedora*|move: Taunt|Pain Split\n|\n|upkeep\n|turn|10\n|\n|t:|1599429895\n|switch|p2a: SWITCH|Porygon2|100\/100\n|-ability|p2a: SWITCH|Regenerator|[from] ability: Trace|[of] p1a: Tornadus\n|move|p1a: Tornadus|Hurricane|p2a: SWITCH|[miss]\n|-miss|p1a: Tornadus|p2a: SWITCH\n|\n|upkeep\n|turn|11\n|j| GhostMasterL\n|\n|t:|1599429902\n|move|p1a: Tornadus|Knock Off|p2a: SWITCH\n|-damage|p2a: SWITCH|88\/100\n|-enditem|p2a: SWITCH|Eviolite|[from] move: Knock Off|[of] p1a: Tornadus\n|move|p2a: SWITCH|Teleport|p2a: SWITCH\n|\n|t:|1599429905\n|switch|p2a: Ninja Nudi|Accelgor, M|100\/100|[from]move: Teleport\n|\n|upkeep\n|turn|12\n|\n|t:|1599429929\n|switch|p1a: Magnezone|Magnezone|89\/100\n|move|p2a: Ninja Nudi|U-turn|p1a: Magnezone\n|-resisted|p1a: Magnezone\n|-damage|p1a: Magnezone|79\/100\n|\n|t:|1599429937\n|switch|p2a: WAKA WAKA|Marowak-Alola, F|100\/100|[from]move: U-turn\n|\n|upkeep\n|turn|13\n|\n|t:|1599429941\n|switch|p1a: Garchomp|Garchomp, F|100\/100\n|move|p2a: WAKA WAKA|Shadow Bone|p1a: Garchomp\n|-damage|p1a: Garchomp|55\/100\n|\n|upkeep\n|turn|14\n|\n|t:|1599429949\n|switch|p2a: *tips fedora*|Weezing-Galar, M|17\/100\n|move|p1a: Garchomp|Stealth Rock|p2a: *tips fedora*\n|-sidestart|p2: Aligax|move: Stealth Rock\n|\n|upkeep\n|turn|15\n|\n|t:|1599429978\n|move|p1a: Garchomp|Stone Edge|p2a: *tips fedora*\n|-damage|p2a: *tips fedora*|0 fnt\n|faint|p2a: *tips fedora*\n|\n|upkeep\n|\n|t:|1599429988\n|switch|p2a: Plumeria|Mandibuzz, F, shiny|100\/100\n|turn|16\n|\n|t:|1599430001\n|switch|p1a: Tornadus|Tornadus-Therian, M|100\/100\n|move|p2a: Plumeria|Toxic|p1a: Tornadus\n|-status|p1a: Tornadus|tox\n|\n|-damage|p1a: Tornadus|94\/100 tox|[from] psn\n|upkeep\n|turn|17\n|\n|t:|1599430008\n|move|p1a: Tornadus|Taunt|p2a: Plumeria\n|-start|p2a: Plumeria|move: Taunt\n|move|p2a: Plumeria|Foul Play|p1a: Tornadus\n|-damage|p1a: Tornadus|58\/100 tox\n|\n|-damage|p1a: Tornadus|46\/100 tox|[from] psn\n|upkeep\n|turn|18\n|\n|t:|1599430022\n|switch|p2a: SWITCH|Porygon2|100\/100\n|-damage|p2a: SWITCH|88\/100|[from] Stealth Rock\n|-ability|p2a: SWITCH|Regenerator|[from] ability: Trace|[of] p1a: Tornadus\n|move|p1a: Tornadus|U-turn|p2a: SWITCH\n|-damage|p2a: SWITCH|73\/100\n|j| Reggiemaster24\n|\n|t:|1599430046\n|switch|p1a: Primarina|Primarina, F|100\/100|[from]move: U-turn\n|\n|upkeep\n|turn|19\n|c| The Lucky Luxray's|oh no\n|c| The Lucky Luxray's|its in\n|\n|t:|1599430055\n|move|p1a: Primarina|Hydro Pump|p2a: SWITCH|[miss]\n|-miss|p1a: Primarina|p2a: SWITCH\n|move|p2a: SWITCH|Teleport|p2a: SWITCH\n|c| The Lucky Luxray's|oof\n|\n|t:|1599430064\n|switch|p2a: SlowButFast|Slowbro-Galar, F|100\/100|[from]move: Teleport\n|-damage|p2a: SlowButFast|88\/100|[from] Stealth Rock\n|\n|upkeep\n|turn|20\n|\n|t:|1599430112\n|move|p1a: Primarina|Hydro Pump|p2a: SlowButFast\n|-damage|p2a: SlowButFast|23\/100\n|move|p2a: SlowButFast|Poison Jab|p1a: Primarina\n|-supereffective|p1a: Primarina\n|-damage|p1a: Primarina|14\/100\n|\n|upkeep\n|turn|21\n|\n|t:|1599430119\n|switch|p2a: SWITCH|Porygon2|100\/100\n|-damage|p2a: SWITCH|88\/100|[from] Stealth Rock\n|-ability|p2a: SWITCH|Torrent|[from] ability: Trace|[of] p1a: Primarina\n|move|p1a: Primarina|Hydro Pump|p2a: SWITCH\n|-damage|p2a: SWITCH|0 fnt\n|faint|p2a: SWITCH\n|\n|upkeep\n|c| The Lucky Luxray's|oof\n|\n|t:|1599430150\n|switch|p2a: Plumeria|Mandibuzz, F, shiny|100\/100\n|turn|22\n|\n|t:|1599430158\n|move|p2a: Plumeria|Foul Play|p1a: Primarina\n|-resisted|p1a: Primarina\n|-damage|p1a: Primarina|0 fnt\n|faint|p1a: Primarina\n|\n|upkeep\n|l| Reggiemaster24\n|c|\u2606BugCatcherWeevil|why does that kill lmao\n|c|\u2606Aligax|Does 15% minimum =P\n|c|\u2606Aligax|Prima has a respectable 74 base Attack\n|c|\u2606BugCatcherWeevil|damn primarina you are way too strong in physical atk still\n|\n|t:|1599430225\n|switch|p1a: Tornadus|Tornadus-Therian, M|79\/100 tox\n|turn|23\n|\n|t:|1599430231\n|move|p1a: Tornadus|Taunt|p2a: Plumeria\n|-start|p2a: Plumeria|move: Taunt\n|move|p2a: Plumeria|Foul Play|p1a: Tornadus\n|-damage|p1a: Tornadus|45\/100 tox\n|\n|-damage|p1a: Tornadus|39\/100 tox|[from] psn\n|upkeep\n|turn|24\n|\n|t:|1599430240\n|move|p1a: Tornadus|U-turn|p2a: Plumeria\n|-damage|p2a: Plumeria|90\/100\n|\n|t:|1599430242\n|switch|p1a: Magnezone|Magnezone|79\/100|[from]move: U-turn\n|move|p2a: Plumeria|Foul Play|p1a: Magnezone\n|-damage|p1a: Magnezone|61\/100\n|\n|upkeep\n|turn|25\n|\n|t:|1599430251\n|switch|p2a: WAKA WAKA|Marowak-Alola, F|100\/100\n|-damage|p2a: WAKA WAKA|76\/100|[from] Stealth Rock\n|switch|p1a: Tornadus|Tornadus-Therian, M|72\/100 tox\n|\n|-damage|p1a: Tornadus|66\/100 tox|[from] psn\n|upkeep\n|turn|26\n|c| The Lucky Luxray's|Damn\n|c| The Lucky Luxray's|that was a nice double\n|\n|t:|1599430265\n|move|p2a: WAKA WAKA|Protect|p2a: WAKA WAKA\n|-singleturn|p2a: WAKA WAKA|Protect\n|move|p1a: Tornadus|U-turn|p2a: WAKA WAKA\n|-activate|p2a: WAKA WAKA|move: Protect\n|\n|-damage|p1a: Tornadus|53\/100 tox|[from] psn\n|upkeep\n|turn|27\n|\n|t:|1599430273\n|switch|p2a: Plumeria|Mandibuzz, F, shiny|90\/100\n|move|p1a: Tornadus|U-turn|p2a: Plumeria\n|-damage|p2a: Plumeria|80\/100\n|c| The Lucky Luxray's|NICE CHIP\n|c|\u2606BugCatcherWeevil|lol\n|c|\u2606BugCatcherWeevil|i wonder whether maro is rock head or not\n|c|\u2606Aligax|:3\n|c|\u2606BugCatcherWeevil|btw robin im mad you brought shadow bone\n|c|\u2606BugCatcherWeevil|my tech didnt pay off\n|c|\u2606Aligax|I knew it :D\n|c|\u2606BugCatcherWeevil|lmao\n|\n|t:|1599430344\n|switch|p1a: Magnezone|Magnezone|61\/100|[from]move: U-turn\n|\n|upkeep\n|turn|28\n|c| The Lucky Luxray's|Cant you check to see if items exist\n|\n|t:|1599430353\n|move|p2a: Plumeria|Defog|p1a: Magnezone\n|-unboost|p1a: Magnezone|evasion|1\n|-sideend|p2: Aligax|Stealth Rock|[from] move: Defog|[of] p2a: Plumeria\n|move|p1a: Magnezone|Thunderbolt|p2a: Plumeria\n|-supereffective|p2a: Plumeria\n|-damage|p2a: Plumeria|0 fnt\n|faint|p2a: Plumeria\n|\n|upkeep\n|\n|t:|1599430363\n|switch|p2a: WAKA WAKA|Marowak-Alola, F|76\/100\n|turn|29\n|\n|t:|1599430368\n|switch|p1a: Garchomp|Garchomp, F|55\/100\n|move|p2a: WAKA WAKA|Shadow Bone|p1a: Garchomp\n|-damage|p1a: Garchomp|9\/100\n|\n|upkeep\n|turn|30\n|\n|t:|1599430383\n|switch|p2a: Ninja Nudi|Accelgor, M|100\/100\n|move|p1a: Garchomp|Earthquake|p2a: Ninja Nudi\n|-resisted|p2a: Ninja Nudi\n|-damage|p2a: Ninja Nudi|59\/100\n|\n|upkeep\n|turn|31\n|\n|t:|1599430401\n|switch|p1a: Magnezone|Magnezone|61\/100\n|move|p2a: Ninja Nudi|U-turn|p1a: Magnezone\n|-resisted|p1a: Magnezone\n|-damage|p1a: Magnezone|52\/100\n|\n|t:|1599430404\n|switch|p2a: WAKA WAKA|Marowak-Alola, F|76\/100|[from]move: U-turn\n|\n|upkeep\n|turn|32\n|\n|t:|1599430421\n|move|p1a: Magnezone|Steel Beam|p2a: WAKA WAKA\n|-resisted|p2a: WAKA WAKA\n|-damage|p2a: WAKA WAKA|25\/100\n|-damage|p1a: Magnezone|2\/100|[from] mindblown\n|move|p2a: WAKA WAKA|Shadow Bone|p1a: Magnezone\n|-damage|p1a: Magnezone|0 fnt\n|faint|p1a: Magnezone\n|\n|upkeep\n|c| The Lucky Luxray's|DAMAGE\n|\n|t:|1599430525\n|switch|p1a: Roserade|Roserade, M|100\/100\n|turn|33\n|\n|t:|1599430533\n|switch|p2a: SlowButFast|Slowbro-Galar, F|56\/100\n|move|p1a: Roserade|Hidden Power|p2a: SlowButFast\n|-damage|p2a: SlowButFast|30\/100\n|-damage|p1a: Roserade|91\/100|[from] item: Life Orb\n|\n|upkeep\n|turn|34\n|c| The Lucky Luxray's|What HP is that\n|c|\u2606Aligax|Rock I suppose\n|c|\u2606BugCatcherWeevil|nah its fairy\n|\n|t:|1599430569\n|switch|p1a: Tornadus|Tornadus-Therian, M|86\/100 tox\n|move|p2a: SlowButFast|Ice Punch|p1a: Tornadus\n|-supereffective|p1a: Tornadus\n|-damage|p1a: Tornadus|35\/100 tox\n|\n|-damage|p1a: Tornadus|29\/100 tox|[from] psn\n|upkeep\n|turn|35\n|c| The Lucky Luxray's|Ahhhh\n|c|\u2606Aligax|Ah obvs\n|c| The Lucky Luxray's|makes sense\n|\n|t:|1599430589\n|switch|p2a: WAKA WAKA|Marowak-Alola, F|25\/100\n|move|p1a: Tornadus|U-turn|p2a: WAKA WAKA\n|-resisted|p2a: WAKA WAKA\n|-damage|p2a: WAKA WAKA|22\/100\n|\n|t:|1599430598\n|switch|p1a: Garchomp|Garchomp, F|9\/100|[from]move: U-turn\n|\n|upkeep\n|turn|36\n|\n|t:|1599430603\n|move|p1a: Garchomp|Earthquake|p2a: WAKA WAKA\n|-supereffective|p2a: WAKA WAKA\n|-damage|p2a: WAKA WAKA|0 fnt\n|faint|p2a: WAKA WAKA\n|\n|upkeep\n|\n|t:|1599430605\n|switch|p2a: Ninja Nudi|Accelgor, M|59\/100\n|turn|37\n|\n|t:|1599430635\n|switch|p1a: Roserade|Roserade, M|91\/100\n|move|p2a: Ninja Nudi|U-turn|p1a: Roserade\n|-crit|p1a: Roserade\n|-damage|p1a: Roserade|37\/100\n|\n|t:|1599430639\n|switch|p2a: SlowButFast|Slowbro-Galar, F|63\/100|[from]move: U-turn\n|\n|upkeep\n|turn|38\n|\n|t:|1599430656\n|move|p1a: Roserade|Spikes|p2a: SlowButFast\n|-sidestart|p2: Aligax|Spikes\n|move|p2a: SlowButFast|Earthquake|p1a: Roserade\n|-damage|p1a: Roserade|0 fnt\n|faint|p1a: Roserade\n|\n|upkeep\n|\n|t:|1599430663\n|switch|p1a: Victini|Victini|100\/100\n|turn|39\n|c| The Lucky Luxray's|easy spikes\n|\n|t:|1599430672\n|switch|p2a: Ninja Nudi|Accelgor, M|59\/100\n|move|p1a: Victini|Work Up|p1a: Victini\n|-boost|p1a: Victini|atk|1\n|-boost|p1a: Victini|spa|1\n|\n|upkeep\n|turn|40\n|c| The Lucky Luxray's|Work Up\n|\n|t:|1599430679\n|move|p2a: Ninja Nudi|Encore|p1a: Victini\n|-start|p1a: Victini|Encore\n|move|p1a: Victini|Work Up|p1a: Victini\n|-boost|p1a: Victini|atk|1\n|-boost|p1a: Victini|spa|1\n|\n|upkeep\n|turn|41\n|c| The Lucky Luxray's|what a set\n|c| The Lucky Luxray's|OH NOY\n|c|\u2606BugCatcherWeevil|oh nice\n|c| The Lucky Luxray's|BOY\n|\n|t:|1599430701\n|switch|p1a: Tornadus|Tornadus-Therian, M|62\/100 tox\n|move|p2a: Ninja Nudi|U-turn|p1a: Tornadus\n|-resisted|p1a: Tornadus\n|-damage|p1a: Tornadus|48\/100 tox\n|\n|t:|1599430704\n|switch|p2a: SlowButFast|Slowbro-Galar, F|96\/100|[from]move: U-turn\n|-damage|p2a: SlowButFast|84\/100|[from] Spikes\n|\n|-damage|p1a: Tornadus|42\/100 tox|[from] psn\n|upkeep\n|turn|42\n|\n|t:|1599430714\n|move|p1a: Tornadus|U-turn|p2a: SlowButFast\n|-damage|p2a: SlowButFast|72\/100\n|\n|t:|1599430716\n|switch|p1a: Victini|Victini|100\/100|[from]move: U-turn\n|move|p2a: SlowButFast|Ice Punch|p1a: Victini\n|-resisted|p1a: Victini\n|-damage|p1a: Victini|91\/100\n|\n|upkeep\n|turn|43\n|\n|t:|1599430731\n|move|p1a: Victini|Work Up|p1a: Victini\n|-boost|p1a: Victini|atk|1\n|-boost|p1a: Victini|spa|1\n|move|p2a: SlowButFast|Earthquake|p1a: Victini\n|-supereffective|p1a: Victini\n|-damage|p1a: Victini|33\/100\n|-enditem|p1a: Victini|Weakness Policy\n|-boost|p1a: Victini|atk|2|[from] item: Weakness Policy\n|-boost|p1a: Victini|spa|2|[from] item: Weakness Policy\n|\n|upkeep\n|turn|44\n|\n|t:|1599430741\n|move|p1a: Victini|Stored Power|p2a: SlowButFast\n|-damage|p2a: SlowButFast|0 fnt\n|faint|p2a: SlowButFast\n|\n|upkeep\n|c| The Lucky Luxray's|the stored power strikes back\n|\n|t:|1599430770\n|switch|p2a: Ninja Nudi|Accelgor, M|59\/100\n|turn|45\n|c|\u2606Aligax|gg!\n|\n|t:|1599430777\n|move|p2a: Ninja Nudi|Final Gambit|p1a: Victini\n|-damage|p1a: Victini|0 fnt\n|faint|p2a: Ninja Nudi\n|faint|p1a: Victini\n|\n|win|BugCatcherWeevil\n|c|\u2606BugCatcherWeevil|gg!\n|c| The Lucky Luxray's|What a game\n|l| The Lucky Luxray's\n|c|\u2606Aligax|Cool one !\n|c|\u2606BugCatcherWeevil|yeah was a fun one\n|l| GhostMasterL\n|c|\u2606Aligax|I was actually Rock Head on Wak lmao\n|c|\u2606BugCatcherWeevil|lool\n|c|\u2606BugCatcherWeevil|the plays\n|c|\u2606Aligax|you got the replay ? :)\n|c|\u2606BugCatcherWeevil|i was room service zone btw lamo\n|c|\u2606BugCatcherWeevil|yup\n|c|\u2606Aligax|Nice^^\n","uploadtime":1599430827,"views":45,"p1id":"bugcatcherweevil","p2id":"aligax","formatid":"gen8nationaldexag","rating":0,"private":0,"password":null}