{"id":"gen8ou-1655673057","p1":"broked on bricks","p2":"jonklerxd","format":"gen8ou","log":"|j|\u2606broked on bricks\n|j|\u2606jonklerxd\n|t:|1662268839\n|gametype|singles\n|player|p1|broked on bricks|will-gen2|1382\n|player|p2|jonklerxd|cyclist-gen4|1324\n|teamsize|p1|6\n|teamsize|p2|6\n|gen|8\n|tier|[Gen 8] OU\n|rated|\n|rule|Sleep Clause Mod: Limit one foe put to sleep\n|rule|Species Clause: Limit one of each Pok\u00e9mon\n|rule|OHKO Clause: OHKO moves are banned\n|rule|Evasion Items Clause: Evasion items are banned\n|rule|Evasion Moves Clause: Evasion moves are banned\n|rule|Endless Battle Clause: Forcing endless battles is banned\n|rule|HP Percentage Mod: HP is shown in percentages\n|rule|Dynamax Clause: You cannot dynamax\n|clearpoke\n|poke|p1|Landorus-Therian, M|\n|poke|p1|Zapdos|\n|poke|p1|Mienshao, F|\n|poke|p1|Ferrothorn, F|\n|poke|p1|Obstagoon, F|\n|poke|p1|Slowking, M|\n|poke|p2|Inteleon, M|\n|poke|p2|Slowking, F|\n|poke|p2|Zeraora|\n|poke|p2|Corsola-Galar, M|\n|poke|p2|Mandibuzz, F|\n|poke|p2|Mamoswine, F|\n|teampreview\n|inactive|Battle timer is ON: inactive players will automatically lose when time's up. (requested by jonklerxd)\n|c|\u2606broked on bricks|cool team glhf\n|c|\u2606jonklerxd|ty\n|\n|t:|1662268859\n|start\n|switch|p1a: Mienshao|Mienshao, F|100\/100\n|switch|p2a: Mamoswine|Mamoswine, F|100\/100\n|turn|1\n|\n|t:|1662268865\n|move|p1a: Mienshao|Fake Out|p2a: Mamoswine\n|-damage|p2a: Mamoswine|79\/100\n|-damage|p1a: Mienshao|91\/100|[from] item: Life Orb\n|cant|p2a: Mamoswine|flinch\n|\n|upkeep\n|turn|2\n|\n|t:|1662268873\n|switch|p2a: Corsola|Corsola-Galar, M|100\/100\n|move|p1a: Mienshao|Close Combat|p2a: Corsola\n|-immune|p2a: Corsola\n|\n|upkeep\n|turn|3\n|\n|t:|1662268882\n|move|p1a: Mienshao|U-turn|p2a: Corsola\n|-resisted|p2a: Corsola\n|-damage|p2a: Corsola|92\/100\n|-damage|p1a: Mienshao|81\/100|[from] item: Life Orb\n|\n|t:|1662268884\n|switch|p1a: Obstagoon|Obstagoon, F|100\/100|[from]move: U-turn\n|move|p2a: Corsola|Will-O-Wisp|p1a: Obstagoon\n|-status|p1a: Obstagoon|brn\n|\n|-damage|p1a: Obstagoon|94\/100 brn|[from] brn\n|upkeep\n|turn|4\n|\n|t:|1662268893\n|move|p1a: Obstagoon|Knock Off|p2a: Corsola\n|-supereffective|p2a: Corsola\n|-damage|p2a: Corsola|28\/100\n|-enditem|p2a: Corsola|Eviolite|[from] move: Knock Off|[of] p1a: Obstagoon\n|move|p2a: Corsola|Strength Sap|p1a: Obstagoon\n|-unboost|p1a: Obstagoon|atk|1\n|-heal|p2a: Corsola|100\/100\n|\n|-damage|p1a: Obstagoon|88\/100 brn|[from] brn\n|upkeep\n|turn|5\n|\n|t:|1662268904\n|move|p1a: Obstagoon|Bulk Up|p1a: Obstagoon\n|-boost|p1a: Obstagoon|atk|1\n|-boost|p1a: Obstagoon|def|1\n|move|p2a: Corsola|Strength Sap|p1a: Obstagoon\n|-unboost|p1a: Obstagoon|atk|1\n|\n|-damage|p1a: Obstagoon|82\/100 brn|[from] brn\n|upkeep\n|turn|6\n|\n|t:|1662268915\n|switch|p1a: Zapdos|Zapdos|100\/100\n|move|p2a: Corsola|Strength Sap|p1a: Zapdos\n|-unboost|p1a: Zapdos|atk|1\n|\n|upkeep\n|turn|7\n|\n|t:|1662268922\n|move|p1a: Zapdos|Hurricane|p2a: Corsola\n|-damage|p2a: Corsola|57\/100\n|move|p2a: Corsola|Stealth Rock|p1a: Zapdos\n|-sidestart|p1: broked on bricks|move: Stealth Rock\n|\n|upkeep\n|turn|8\n|\n|t:|1662268928\n|switch|p2a: Mamoswine|Mamoswine, F|79\/100\n|move|p1a: Zapdos|Defog|p2a: Mamoswine\n|-unboost|p2a: Mamoswine|evasion|1\n|-sideend|p1: broked on bricks|Stealth Rock|[from] move: Defog|[of] p1a: Zapdos\n|\n|upkeep\n|turn|9\n|\n|t:|1662268934\n|switch|p1a: Slowking|Slowking, M|100\/100\n|move|p2a: Mamoswine|Ice Shard|p1a: Slowking\n|-resisted|p1a: Slowking\n|-crit|p1a: Slowking\n|-damage|p1a: Slowking|84\/100\n|\n|upkeep\n|turn|10\n|\n|t:|1662268943\n|move|p2a: Mamoswine|Earthquake|p1a: Slowking\n|-damage|p1a: Slowking|29\/100\n|move|p1a: Slowking|Future Sight|p2a: Mamoswine\n|-start|p1a: Slowking|move: Future Sight\n|\n|upkeep\n|turn|11\n|\n|t:|1662268954\n|switch|p1a: Zapdos|Zapdos|100\/100\n|move|p2a: Mamoswine|Earthquake|p1a: Zapdos\n|-immune|p1a: Zapdos\n|\n|upkeep\n|turn|12\n|\n|t:|1662268965\n|move|p2a: Mamoswine|Ice Shard|p1a: Zapdos\n|-supereffective|p1a: Zapdos\n|-damage|p1a: Zapdos|64\/100\n|move|p1a: Zapdos|Hurricane|p2a: Mamoswine\n|-damage|p2a: Mamoswine|19\/100\n|-start|p2a: Mamoswine|confusion\n|\n|-end|p2a: Mamoswine|move: Future Sight\n|-damage|p2a: Mamoswine|0 fnt\n|faint|p2a: Mamoswine\n|upkeep\n|\n|t:|1662268976\n|switch|p2a: Zeraora|Zeraora|100\/100\n|turn|13\n|\n|t:|1662268984\n|switch|p2a: Corsola|Corsola-Galar, M|57\/100\n|switch|p1a: Landorus|Landorus-Therian, M|100\/100\n|-ability|p1a: Landorus|Intimidate|boost\n|-unboost|p2a: Corsola|atk|1\n|\n|upkeep\n|turn|14\n|\n|t:|1662268991\n|move|p1a: Landorus|U-turn|p2a: Corsola\n|-resisted|p2a: Corsola\n|-damage|p2a: Corsola|48\/100\n|\n|t:|1662268992\n|switch|p1a: Obstagoon|Obstagoon, F|82\/100 brn|[from]move: U-turn\n|move|p2a: Corsola|Strength Sap|p1a: Obstagoon\n|-unboost|p1a: Obstagoon|atk|1\n|-heal|p2a: Corsola|100\/100\n|\n|-damage|p1a: Obstagoon|76\/100 brn|[from] brn\n|upkeep\n|turn|15\n|\n|t:|1662269000\n|switch|p1a: Ferrothorn|Ferrothorn, F|100\/100\n|move|p2a: Corsola|Strength Sap|p1a: Ferrothorn\n|-unboost|p1a: Ferrothorn|atk|1\n|\n|upkeep\n|turn|16\n|\n|t:|1662269011\n|move|p2a: Corsola|Will-O-Wisp|p1a: Ferrothorn\n|-status|p1a: Ferrothorn|brn\n|move|p1a: Ferrothorn|Spikes|p2a: Corsola\n|-sidestart|p2: jonklerxd|Spikes\n|\n|-damage|p1a: Ferrothorn|94\/100 brn|[from] brn\n|upkeep\n|turn|17\n|\n|t:|1662269024\n|switch|p2a: Zeraora|Zeraora|100\/100\n|-damage|p2a: Zeraora|88\/100|[from] Spikes\n|move|p1a: Ferrothorn|Leech Seed|p2a: Zeraora\n|-start|p2a: Zeraora|move: Leech Seed\n|\n|-heal|p1a: Ferrothorn|100\/100 brn|[from] item: Leftovers\n|-damage|p2a: Zeraora|76\/100|[from] Leech Seed|[of] p1a: Ferrothorn\n|-damage|p1a: Ferrothorn|94\/100 brn|[from] brn\n|upkeep\n|turn|18\n|\n|t:|1662269033\n|move|p2a: Zeraora|Bulk Up|p2a: Zeraora\n|-boost|p2a: Zeraora|atk|1\n|-boost|p2a: Zeraora|def|1\n|move|p1a: Ferrothorn|Spikes|p2a: Zeraora\n|-sidestart|p2: jonklerxd|Spikes\n|\n|-heal|p1a: Ferrothorn|100\/100 brn|[from] item: Leftovers\n|-damage|p2a: Zeraora|64\/100|[from] Leech Seed|[of] p1a: Ferrothorn\n|-damage|p1a: Ferrothorn|94\/100 brn|[from] brn\n|upkeep\n|turn|19\n|\n|t:|1662269042\n|switch|p1a: Landorus|Landorus-Therian, M|100\/100\n|-ability|p1a: Landorus|Intimidate|boost\n|-unboost|p2a: Zeraora|atk|1\n|move|p2a: Zeraora|Bulk Up|p2a: Zeraora\n|-boost|p2a: Zeraora|atk|1\n|-boost|p2a: Zeraora|def|1\n|\n|-damage|p2a: Zeraora|51\/100|[from] Leech Seed|[of] p1a: Landorus\n|upkeep\n|turn|20\n|\n|t:|1662269052\n|move|p2a: Zeraora|Play Rough|p1a: Landorus\n|-damage|p1a: Landorus|59\/100\n|move|p1a: Landorus|Earthquake|p2a: Zeraora\n|-supereffective|p2a: Zeraora\n|-damage|p2a: Zeraora|0 fnt\n|faint|p2a: Zeraora\n|\n|-heal|p1a: Landorus|65\/100|[from] item: Leftovers\n|upkeep\n|\n|t:|1662269062\n|switch|p2a: Inteleon|Inteleon, M|100\/100\n|-damage|p2a: Inteleon|84\/100|[from] Spikes\n|turn|21\n|\n|t:|1662269071\n|switch|p1a: Slowking|Slowking, M|63\/100\n|move|p2a: Inteleon|Substitute|p2a: Inteleon\n|-start|p2a: Inteleon|Substitute\n|-damage|p2a: Inteleon|59\/100\n|\n|upkeep\n|turn|22\n|\n|t:|1662269078\n|move|p2a: Inteleon|Focus Energy|p2a: Inteleon\n|-start|p2a: Inteleon|move: Focus Energy\n|move|p1a: Slowking|Future Sight|p2a: Inteleon\n|-start|p1a: Slowking|move: Future Sight\n|\n|upkeep\n|turn|23\n|\n|t:|1662269082\n|move|p2a: Inteleon|Shadow Ball|p1a: Slowking\n|-supereffective|p1a: Slowking\n|-crit|p1a: Slowking\n|-damage|p1a: Slowking|0 fnt\n|faint|p1a: Slowking\n|\n|upkeep\n|\n|t:|1662269111\n|switch|p1a: Ferrothorn|Ferrothorn, F|94\/100 brn\n|turn|24\n|\n|t:|1662269117\n|switch|p2a: Mandibuzz|Mandibuzz, F|100\/100\n|move|p1a: Ferrothorn|Gyro Ball|p2a: Mandibuzz\n|-damage|p2a: Mandibuzz|86\/100\n|\n|-end|p2a: Mandibuzz|move: Future Sight\n|-immune|p2a: Mandibuzz\n|-heal|p1a: Ferrothorn|100\/100 brn|[from] item: Leftovers\n|-damage|p1a: Ferrothorn|94\/100 brn|[from] brn\n|upkeep\n|turn|25\n|\n|t:|1662269126\n|move|p2a: Mandibuzz|Defog|p1a: Ferrothorn\n|-unboost|p1a: Ferrothorn|evasion|1\n|-sideend|p2: jonklerxd|Spikes|[from] move: Defog|[of] p2a: Mandibuzz\n|move|p1a: Ferrothorn|Leech Seed|p2a: Mandibuzz\n|-start|p2a: Mandibuzz|move: Leech Seed\n|\n|-heal|p1a: Ferrothorn|100\/100 brn|[from] item: Leftovers\n|-damage|p2a: Mandibuzz|74\/100|[from] Leech Seed|[of] p1a: Ferrothorn\n|-damage|p1a: Ferrothorn|94\/100 brn|[from] brn\n|upkeep\n|turn|26\n|\n|t:|1662269134\n|switch|p2a: Slowking|Slowking, F|100\/100\n|move|p1a: Ferrothorn|Leech Seed|p2a: Slowking\n|-start|p2a: Slowking|move: Leech Seed\n|\n|-heal|p1a: Ferrothorn|100\/100 brn|[from] item: Leftovers\n|-damage|p2a: Slowking|88\/100|[from] Leech Seed|[of] p1a: Ferrothorn\n|-damage|p1a: Ferrothorn|94\/100 brn|[from] brn\n|upkeep\n|turn|27\n|\n|t:|1662269145\n|switch|p1a: Obstagoon|Obstagoon, F|76\/100 brn\n|move|p2a: Slowking|Future Sight|p1a: Obstagoon\n|-start|p2a: Slowking|move: Future Sight\n|\n|-damage|p2a: Slowking|76\/100|[from] Leech Seed|[of] p1a: Obstagoon\n|-heal|p1a: Obstagoon|91\/100 brn|[silent]\n|-damage|p1a: Obstagoon|85\/100 brn|[from] brn\n|upkeep\n|turn|28\n|\n|t:|1662269159\n|switch|p2a: Inteleon|Inteleon, M|59\/100\n|move|p1a: Obstagoon|Bulk Up|p1a: Obstagoon\n|-boost|p1a: Obstagoon|atk|1\n|-boost|p1a: Obstagoon|def|1\n|\n|-damage|p1a: Obstagoon|79\/100 brn|[from] brn\n|upkeep\n|turn|29\n|c|\u2606jonklerxd|misclick\n|c|\u2606jonklerxd|L\n|\n|t:|1662269177\n|move|p2a: Inteleon|Surf|p1a: Obstagoon\n|-damage|p1a: Obstagoon|29\/100 brn\n|move|p1a: Obstagoon|Knock Off|p2a: Inteleon\n|-damage|p2a: Inteleon|0 fnt\n|-enditem|p2a: Inteleon|Scope Lens|[from] move: Knock Off|[of] p1a: Obstagoon\n|faint|p2a: Inteleon\n|\n|-end|p1a: Obstagoon|move: Future Sight\n|-immune|p1a: Obstagoon\n|-damage|p1a: Obstagoon|23\/100 brn|[from] brn\n|upkeep\n|c|\u2606broked on bricks|sorry my drilla\n|c|\u2606jonklerxd|GG\n|-message|jonklerxd forfeited.\n|\n|win|broked on bricks\n|raw|broked on bricks's rating: 1382 &rarr; <strong>1399<\/strong><br \/>(+17 for winning)\n|raw|jonklerxd's rating: 1324 &rarr; <strong>1307<\/strong><br \/>(-17 for losing)\n|c|\u2606broked on bricks|gg\n|l|\u2606jonklerxd\n","uploadtime":1662269192,"views":12,"p1id":"brokedonbricks","p2id":"jonklerxd","formatid":"gen8ou","rating":1307,"private":0,"password":null}