{"id":"gen8ou-1691056374","p1":"Kwaga","p2":"EM3RLD","format":"gen8ou","log":"|html|<div class=\"broadcast-blue\"><strong>[Gen 8] OU is currently suspecting Melmetal! For information on how to participate check out the <a href=\"https:\/\/www.smogon.com\/forums\/threads\/np-ss-ou-suspect-process-round-12-monster-mash.3709234\/\">suspect thread<\/a>.<\/strong><\/div>\n|j|\u2606Kwaga\n|j|\u2606EM3RLD\n|t:|1666337072\n|gametype|singles\n|player|p1|Kwaga|koga-gen1|1654\n|player|p2|EM3RLD|palmer|1644\n|teamsize|p1|6\n|teamsize|p2|6\n|gen|8\n|tier|[Gen 8] OU\n|rated|\n|rule|Sleep Clause Mod: Limit one foe put to sleep\n|rule|Species Clause: Limit one of each Pok\u00e9mon\n|rule|OHKO Clause: OHKO moves are banned\n|rule|Evasion Items Clause: Evasion items are banned\n|rule|Evasion Moves Clause: Evasion moves are banned\n|rule|Endless Battle Clause: Forcing endless battles is banned\n|rule|HP Percentage Mod: HP is shown in percentages\n|rule|Dynamax Clause: You cannot dynamax\n|clearpoke\n|poke|p1|Mew|\n|poke|p1|Weavile, M|\n|poke|p1|Crawdaunt, M|\n|poke|p1|Garchomp, M|\n|poke|p1|Blacephalon|\n|poke|p1|Celesteela|\n|poke|p2|Hawlucha, M|\n|poke|p2|Tapu Koko|\n|poke|p2|Hydreigon, M|\n|poke|p2|Volcarona, M|\n|poke|p2|Mew|\n|poke|p2|Kartana|\n|teampreview\n|inactive|Battle timer is ON: inactive players will automatically lose when time's up. (requested by EM3RLD)\n|\n|t:|1666337077\n|start\n|switch|p1a: Mew|Mew, shiny|100\/100\n|switch|p2a: Mew|Mew|100\/100\n|turn|1\n|\n|t:|1666337080\n|move|p2a: Mew|Taunt|p1a: Mew\n|-start|p1a: Mew|move: Taunt\n|cant|p1a: Mew|move: Taunt|Taunt\n|\n|upkeep\n|turn|2\n|\n|t:|1666337084\n|switch|p1a: Blacephalon|Blacephalon, shiny|100\/100\n|move|p2a: Mew|Stealth Rock|p1a: Blacephalon\n|-sidestart|p1: Kwaga|move: Stealth Rock\n|\n|upkeep\n|turn|3\n|\n|t:|1666337086\n|switch|p2a: Hydreigon|Hydreigon, M|100\/100\n|move|p1a: Blacephalon|Trick|p2a: Hydreigon\n|-activate|p1a: Blacephalon|move: Trick|[of] p2a: Hydreigon\n|-item|p2a: Hydreigon|Choice Scarf|[from] move: Trick\n|-item|p1a: Blacephalon|Leftovers|[from] move: Trick\n|\n|upkeep\n|turn|4\n|\n|t:|1666337100\n|move|p2a: Hydreigon|Earth Power|p1a: Blacephalon\n|-supereffective|p1a: Blacephalon\n|-damage|p1a: Blacephalon|0 fnt\n|faint|p1a: Blacephalon\n|\n|upkeep\n|\n|t:|1666337105\n|switch|p1a: Mew|Mew, shiny|100\/100\n|-damage|p1a: Mew|88\/100|[from] Stealth Rock\n|turn|5\n|\n|t:|1666337109\n|move|p2a: Hydreigon|Earth Power|p1a: Mew\n|-damage|p1a: Mew|61\/100\n|move|p1a: Mew|Stealth Rock|p2a: Hydreigon\n|-sidestart|p2: EM3RLD|move: Stealth Rock\n|\n|upkeep\n|turn|6\n|\n|t:|1666337120\n|switch|p2a: Mew|Mew|100\/100\n|-damage|p2a: Mew|88\/100|[from] Stealth Rock\n|move|p1a: Mew|Spikes|p2a: Mew\n|-sidestart|p2: EM3RLD|Spikes\n|\n|upkeep\n|turn|7\n|\n|t:|1666337124\n|move|p1a: Mew|Taunt|p2a: Mew\n|-start|p2a: Mew|move: Taunt\n|cant|p2a: Mew|move: Taunt|Taunt\n|\n|upkeep\n|turn|8\n|\n|t:|1666337134\n|switch|p2a: Tapu Koko|Tapu Koko|100\/100\n|-damage|p2a: Tapu Koko|88\/100|[from] Stealth Rock\n|-damage|p2a: Tapu Koko|76\/100|[from] Spikes\n|-fieldstart|move: Electric Terrain|[from] ability: Electric Surge|[of] p2a: Tapu Koko\n|move|p1a: Mew|Thunder Wave|p2a: Tapu Koko\n|-immune|p2a: Tapu Koko\n|\n|upkeep\n|turn|9\n|\n|t:|1666337143\n|move|p2a: Tapu Koko|Taunt|p1a: Mew\n|-start|p1a: Mew|move: Taunt\n|cant|p1a: Mew|move: Taunt|Spikes\n|\n|upkeep\n|turn|10\n|\n|t:|1666337149\n|switch|p1a: Garchomp|Garchomp, M, shiny|100\/100\n|-damage|p1a: Garchomp|94\/100|[from] Stealth Rock\n|move|p2a: Tapu Koko|Reflect|p2a: Tapu Koko\n|-sidestart|p2: EM3RLD|Reflect\n|\n|upkeep\n|turn|11\n|\n|t:|1666337152\n|move|p2a: Tapu Koko|Light Screen|p2a: Tapu Koko\n|-sidestart|p2: EM3RLD|move: Light Screen\n|move|p1a: Garchomp|Earthquake|p2a: Tapu Koko\n|-supereffective|p2a: Tapu Koko\n|-damage|p2a: Tapu Koko|11\/100\n|\n|upkeep\n|turn|12\n|\n|t:|1666337159\n|move|p2a: Tapu Koko|Taunt|p1a: Garchomp\n|-start|p1a: Garchomp|move: Taunt\n|cant|p1a: Garchomp|move: Taunt|Swords Dance\n|\n|-fieldend|move: Electric Terrain\n|upkeep\n|turn|13\n|\n|t:|1666337163\n|move|p2a: Tapu Koko|U-turn|p1a: Garchomp\n|-damage|p1a: Garchomp|79\/100\n|-damage|p2a: Tapu Koko|0 fnt|[from] ability: Rough Skin|[of] p1a: Garchomp\n|faint|p2a: Tapu Koko\n|move|p1a: Garchomp|Scale Shot|p2: Tapu Koko|[notarget]\n|-fail|p1a: Garchomp\n|\n|upkeep\n|\n|t:|1666337180\n|switch|p2a: Volcarona|Volcarona, M|100\/100\n|turn|14\n|\n|t:|1666337183\n|move|p1a: Garchomp|Earthquake|p2a: Volcarona\n|-damage|p2a: Volcarona|57\/100\n|move|p2a: Volcarona|Quiver Dance|p2a: Volcarona\n|-boost|p2a: Volcarona|spa|1\n|-boost|p2a: Volcarona|spd|1\n|-boost|p2a: Volcarona|spe|1\n|\n|-end|p1a: Garchomp|move: Taunt\n|upkeep\n|turn|15\n|\n|t:|1666337187\n|move|p2a: Volcarona|Bug Buzz|p1a: Garchomp\n|-damage|p1a: Garchomp|0 fnt\n|faint|p1a: Garchomp\n|\n|upkeep\n|\n|t:|1666337190\n|switch|p1a: Crawdaunt|Crawdaunt, M, shiny|100\/100\n|-damage|p1a: Crawdaunt|88\/100|[from] Stealth Rock\n|turn|16\n|\n|t:|1666337192\n|move|p1a: Crawdaunt|Aqua Jet|p2a: Volcarona\n|-supereffective|p2a: Volcarona\n|-damage|p2a: Volcarona|0 fnt\n|faint|p2a: Volcarona\n|-damage|p1a: Crawdaunt|78\/100|[from] item: Life Orb\n|\n|upkeep\n|\n|t:|1666337201\n|switch|p2a: Hawlucha|Hawlucha, M|100\/100\n|-damage|p2a: Hawlucha|88\/100|[from] Stealth Rock\n|turn|17\n|\n|t:|1666337207\n|switch|p1a: Mew|Mew, shiny|61\/100\n|-damage|p1a: Mew|48\/100|[from] Stealth Rock\n|move|p2a: Hawlucha|Swords Dance|p2a: Hawlucha\n|-boost|p2a: Hawlucha|atk|2\n|\n|-sideend|p2: EM3RLD|Reflect\n|upkeep\n|turn|18\n|\n|t:|1666337211\n|move|p1a: Mew|Thunder Wave|p2a: Hawlucha\n|-status|p2a: Hawlucha|par\n|cant|p2a: Hawlucha|par\n|\n|-sideend|p2: EM3RLD|move: Light Screen\n|upkeep\n|turn|19\n|\n|t:|1666337214\n|move|p1a: Mew|Spikes|p2a: Hawlucha\n|-sidestart|p2: EM3RLD|Spikes\n|cant|p2a: Hawlucha|par\n|\n|upkeep\n|turn|20\n|\n|t:|1666337217\n|move|p1a: Mew|Spikes|p2a: Hawlucha\n|-sidestart|p2: EM3RLD|Spikes\n|move|p2a: Hawlucha|Acrobatics|p1a: Mew\n|-damage|p1a: Mew|9\/100\n|\n|upkeep\n|turn|21\n|\n|t:|1666337221\n|move|p1a: Mew|Taunt|p2a: Hawlucha\n|-start|p2a: Hawlucha|move: Taunt\n|move|p2a: Hawlucha|Acrobatics|p1a: Mew\n|-damage|p1a: Mew|0 fnt\n|faint|p1a: Mew\n|\n|upkeep\n|\n|t:|1666337228\n|switch|p1a: Crawdaunt|Crawdaunt, M, shiny|78\/100\n|-damage|p1a: Crawdaunt|66\/100|[from] Stealth Rock\n|turn|22\n|\n|t:|1666337231\n|switch|p2a: Kartana|Kartana|100\/100\n|-damage|p2a: Kartana|94\/100|[from] Stealth Rock\n|-damage|p2a: Kartana|70\/100|[from] Spikes\n|move|p1a: Crawdaunt|Crabhammer|p2a: Kartana\n|-resisted|p2a: Kartana\n|-damage|p2a: Kartana|23\/100\n|-damage|p1a: Crawdaunt|56\/100|[from] item: Life Orb\n|\n|upkeep\n|turn|23\n|\n|t:|1666337239\n|move|p1a: Crawdaunt|Aqua Jet|p2a: Kartana\n|-resisted|p2a: Kartana\n|-damage|p2a: Kartana|3\/100\n|-damage|p1a: Crawdaunt|47\/100|[from] item: Life Orb\n|move|p2a: Kartana|Leaf Blade|p1a: Crawdaunt\n|-supereffective|p1a: Crawdaunt\n|-damage|p1a: Crawdaunt|0 fnt\n|faint|p1a: Crawdaunt\n|-ability|p2a: Kartana|Beast Boost|boost\n|-boost|p2a: Kartana|atk|1\n|\n|upkeep\n|\n|t:|1666337242\n|switch|p1a: Celesteela|Celesteela, shiny|100\/100\n|-damage|p1a: Celesteela|88\/100|[from] Stealth Rock\n|turn|24\n|\n|t:|1666337246\n|switch|p2a: Mew|Mew|88\/100\n|-damage|p2a: Mew|76\/100|[from] Stealth Rock\n|-damage|p2a: Mew|51\/100|[from] Spikes\n|move|p1a: Celesteela|Autotomize|p1a: Celesteela\n|-boost|p1a: Celesteela|spe|2\n|-start|p1a: Celesteela|Autotomize\n|\n|upkeep\n|turn|25\n|\n|t:|1666337254\n|move|p1a: Celesteela|Autotomize|p1a: Celesteela\n|-boost|p1a: Celesteela|spe|2\n|-start|p1a: Celesteela|Autotomize\n|move|p2a: Mew|Flare Blitz|p1a: Celesteela\n|-supereffective|p1a: Celesteela\n|-damage|p1a: Celesteela|36\/100\n|-damage|p2a: Mew|36\/100|[from] Recoil\n|\n|upkeep\n|turn|26\n|\n|t:|1666337261\n|move|p1a: Celesteela|Meteor Beam||[still]\n|-prepare|p1a: Celesteela|Meteor Beam\n|-boost|p1a: Celesteela|spa|1\n|-enditem|p1a: Celesteela|Power Herb\n|-anim|p1a: Celesteela|Meteor Beam|p2a: Mew\n|-damage|p2a: Mew|0 fnt\n|faint|p2a: Mew\n|-ability|p1a: Celesteela|Beast Boost|boost\n|-boost|p1a: Celesteela|spa|1\n|\n|upkeep\n|\n|t:|1666337274\n|switch|p2a: Hydreigon|Hydreigon, M|100\/100\n|-damage|p2a: Hydreigon|88\/100|[from] Stealth Rock\n|turn|27\n|\n|t:|1666337279\n|move|p1a: Celesteela|Air Slash|p2a: Hydreigon\n|-damage|p2a: Hydreigon|0 fnt\n|faint|p2a: Hydreigon\n|-ability|p1a: Celesteela|Beast Boost|boost\n|-boost|p1a: Celesteela|spa|1\n|\n|upkeep\n|-message|EM3RLD forfeited.\n|\n|win|Kwaga\n|raw|Kwaga's rating: 1654 &rarr; <strong>1673<\/strong><br \/>(+19 for winning)\n|raw|EM3RLD's rating: 1644 &rarr; <strong>1625<\/strong><br \/>(-19 for losing)\n|l|\u2606EM3RLD\n","uploadtime":1666337285,"views":8,"p1id":"kwaga","p2id":"em3rld","formatid":"gen8ou","rating":1625,"private":0,"password":null}