{"id":"gen8randombattle-1096231920","p1":"comp233","p2":"Sir Isaac Mewton","format":"gen8randombattle","log":"|j|\u2606comp233\n|j|\u2606Sir Isaac Mewton\n|player|p1|comp233|115|2123\n|player|p2|Sir Isaac Mewton|267|2126\n|teamsize|p1|6\n|teamsize|p2|6\n|gametype|singles\n|gen|8\n|tier|[Gen 8] Random Battle\n|rated|\n|html|<div class=\"broadcast-red\"><strong>Random Battle is currently suspecting Dynamax! For information on how to participate check out the <a href=\"https:\/\/www.smogon.com\/forums\/threads\/3662006\/\">suspect thread<\/a>.<\/strong><\/div>\n|rule|Species Clause: Limit one of each Pok\u00e9mon\n|rule|HP Percentage Mod: HP is shown in percentages\n|rule|Sleep Clause Mod: Limit one foe put to sleep\n|\n|start\n|switch|p1a: Blissey|Blissey, L80, F|539\/539\n|switch|p2a: Whimsicott|Whimsicott, L84, F|238\/238\n|turn|1\n|inactive|Battle timer is ON: inactive players will automatically lose when time's up. (requested by comp233)\n|\n|switch|p2a: Crawdaunt|Crawdaunt, L82, F|237\/237\n|move|p1a: Blissey|Toxic|p2a: Crawdaunt\n|-status|p2a: Crawdaunt|tox\n|\n|-damage|p2a: Crawdaunt|223\/237 tox|[from] psn\n|upkeep\n|turn|2\n|inactive|comp233 has 120 seconds left.\n|\n|switch|p1a: Wishiwashi|Wishiwashi, L86, M|218\/218\n|-formechange|p1a: Wishiwashi|Wishiwashi-School||[from] ability: Schooling\n|move|p2a: Crawdaunt|Dragon Dance|p2a: Crawdaunt\n|-boost|p2a: Crawdaunt|atk|1\n|-boost|p2a: Crawdaunt|spe|1\n|\n|-damage|p2a: Crawdaunt|195\/237 tox|[from] psn\n|upkeep\n|turn|3\n|inactive|comp233 has 120 seconds left.\n|\n|move|p2a: Crawdaunt|Knock Off|p1a: Wishiwashi\n|-damage|p1a: Wishiwashi|2\/218\n|-enditem|p1a: Wishiwashi|Assault Vest|[from] move: Knock Off|[of] p2a: Crawdaunt\n|-damage|p2a: Crawdaunt|172\/237 tox|[from] item: Life Orb\n|move|p1a: Wishiwashi|U-turn|p2a: Crawdaunt\n|-supereffective|p2a: Crawdaunt\n|-damage|p2a: Crawdaunt|34\/237 tox\n|\n|switch|p1a: Blissey|Blissey, L80, F|539\/539\n|\n|-damage|p2a: Crawdaunt|0 fnt|[from] psn\n|faint|p2a: Crawdaunt\n|upkeep\n|inactive|Sir Isaac Mewton has 120 seconds left.\n|\n|switch|p2a: Roserade|Roserade, L82, F|233\/233\n|turn|4\n|\n|switch|p1a: Uxie|Uxie, L82|257\/257\n|move|p2a: Roserade|Sleep Powder|p1a: Uxie\n|-status|p1a: Uxie|slp|[from] move: Sleep Powder\n|\n|upkeep\n|turn|5\n|inactive|Sir Isaac Mewton has 120 seconds left.\n|\n|switch|p1a: Corviknight|Corviknight, L80, M|288\/288\n|move|p2a: Roserade|Spikes|p1a: Corviknight\n|-sidestart|p1: comp233|Spikes\n|\n|upkeep\n|turn|6\n|\n|switch|p2a: Pelipper|Pelipper, L80, M|227\/227\n|-weather|RainDance|[from] ability: Drizzle|[of] p2a: Pelipper\n|move|p1a: Corviknight|Bulk Up|p1a: Corviknight\n|-boost|p1a: Corviknight|atk|1\n|-boost|p1a: Corviknight|def|1\n|\n|-weather|RainDance|[upkeep]\n|upkeep\n|turn|7\n|\n|-start|p1a: Corviknight|Dynamax\n|-heal|p1a: Corviknight|576\/576|[silent]\n|move|p1a: Corviknight|Max Airstream|p2a: Pelipper\n|-damage|p2a: Pelipper|55\/227\n|-boost|p1a: Corviknight|spe|1\n|move|p2a: Pelipper|Scald|p1a: Corviknight\n|-damage|p1a: Corviknight|444\/576\n|\n|-weather|RainDance|[upkeep]\n|-heal|p1a: Corviknight|462\/576|[from] item: Leftovers\n|upkeep\n|turn|8\n|inactive|comp233 has 120 seconds left.\n|inactive|Sir Isaac Mewton has 90 seconds left.\n|inactive|Sir Isaac Mewton has 60 seconds left.\n|\n|move|p1a: Corviknight|Max Airstream|p2a: Pelipper\n|-damage|p2a: Pelipper|0 fnt\n|-boost|p1a: Corviknight|spe|1\n|faint|p2a: Pelipper\n|\n|-weather|RainDance|[upkeep]\n|-heal|p1a: Corviknight|480\/576|[from] item: Leftovers\n|upkeep\n|\n|switch|p2a: Whimsicott|Whimsicott, L84, F|238\/238\n|turn|9\n|\n|-start|p2a: Whimsicott|Dynamax\n|-heal|p2a: Whimsicott|476\/476|[silent]\n|move|p2a: Whimsicott|Max Guard|p2a: Whimsicott\n|-singleturn|p2a: Whimsicott|Max Guard\n|move|p1a: Corviknight|Max Airstream|p2a: Whimsicott\n|-activate|p2a: Whimsicott|move: Max Guard\n|\n|-weather|RainDance|[upkeep]\n|-heal|p1a: Corviknight|498\/576|[from] item: Leftovers\n|-end|p1a: Corviknight|Dynamax\n|-heal|p1a: Corviknight|249\/288|[silent]\n|upkeep\n|turn|10\n|inactive|Sir Isaac Mewton has 60 seconds left.\n|inactive|comp233 has 120 seconds left.\n|\n|move|p1a: Corviknight|Bulk Up|p1a: Corviknight\n|-boost|p1a: Corviknight|atk|1\n|-boost|p1a: Corviknight|def|1\n|move|p2a: Whimsicott|Max Starfall|p1a: Corviknight\n|-resisted|p1a: Corviknight\n|-damage|p1a: Corviknight|183\/288\n|-fieldstart|move: Misty Terrain\n|\n|-weather|none\n|-heal|p1a: Corviknight|201\/288|[from] item: Leftovers\n|upkeep\n|turn|11\n|\n|move|p1a: Corviknight|Brave Bird|p2a: Whimsicott\n|-supereffective|p2a: Whimsicott\n|-damage|p2a: Whimsicott|66\/476\n|-damage|p1a: Corviknight|66\/288|[from] Recoil\n|move|p2a: Whimsicott|Max Starfall|p1a: Corviknight\n|-resisted|p1a: Corviknight\n|-damage|p1a: Corviknight|3\/288\n|\n|-heal|p1a: Corviknight|21\/288|[from] item: Leftovers\n|-end|p2a: Whimsicott|Dynamax\n|-heal|p2a: Whimsicott|33\/238|[silent]\n|upkeep\n|turn|12\n|\n|move|p2a: Whimsicott|Taunt|p1a: Corviknight\n|-start|p1a: Corviknight|move: Taunt\n|cant|p1a: Corviknight|move: Taunt|Roost\n|\n|-heal|p1a: Corviknight|39\/288|[from] item: Leftovers\n|upkeep\n|turn|13\n|inactive|comp233 has 120 seconds left.\n|inactive|Sir Isaac Mewton has 60 seconds left.\n|\n|switch|p2a: Roserade|Roserade, L82, F|233\/233\n|move|p1a: Corviknight|Brave Bird|p2a: Roserade\n|-supereffective|p2a: Roserade\n|-damage|p2a: Roserade|0 fnt\n|-damage|p1a: Corviknight|0 fnt|[from] Recoil\n|faint|p2a: Roserade\n|faint|p1a: Corviknight\n|\n|upkeep\n|inactive|comp233 has 120 seconds left.\n|inactive|Sir Isaac Mewton has 60 seconds left.\n|\n|switch|p2a: Falinks|Falinks, L86|252\/252\n|switch|p1a: Araquanid|Araquanid, L82, F|246\/246\n|-damage|p1a: Araquanid|216\/246|[from] Spikes\n|turn|14\n|inactive|Sir Isaac Mewton has 60 seconds left.\n|\n|move|p2a: Falinks|Rock Slide|p1a: Araquanid\n|-supereffective|p1a: Araquanid\n|-damage|p1a: Araquanid|98\/246\n|move|p1a: Araquanid|Liquidation|p2a: Falinks\n|-damage|p2a: Falinks|114\/252\n|\n|-fieldend|Misty Terrain\n|upkeep\n|turn|15\n|\n|move|p2a: Falinks|Rock Slide|p1a: Araquanid\n|-supereffective|p1a: Araquanid\n|-damage|p1a: Araquanid|0 fnt\n|faint|p1a: Araquanid\n|\n|upkeep\n|\n|switch|p1a: Runerigus|Runerigus, L84, F|235\/235\n|-damage|p1a: Runerigus|206\/235|[from] Spikes\n|turn|16\n|\n|switch|p2a: Whimsicott|Whimsicott, L84, F|33\/238\n|move|p1a: Runerigus|Earthquake|p2a: Whimsicott\n|-resisted|p2a: Whimsicott\n|-damage|p2a: Whimsicott|0 fnt\n|faint|p2a: Whimsicott\n|\n|-heal|p1a: Runerigus|220\/235|[from] item: Leftovers\n|upkeep\n|\n|switch|p2a: Crobat|Crobat, L80, M|267\/267\n|turn|17\n|inactive|comp233 has 90 seconds left.\n|\n|switch|p1a: Wishiwashi|Wishiwashi, L86, M|2\/218\n|-damage|p1a: Wishiwashi|0 fnt|[from] Spikes\n|faint|p1a: Wishiwashi\n|move|p2a: Crobat|Toxic|p1: Wishiwashi|[notarget]\n|-fail|p2a: Crobat\n|\n|upkeep\n|\n|switch|p1a: Uxie|Uxie, L82|257\/257 slp\n|turn|18\n|inactive|comp233 has 90 seconds left.\n|\n|switch|p2a: Falinks|Falinks, L86|114\/252\n|cant|p1a: Uxie|slp\n|\n|upkeep\n|turn|19\n|\n|switch|p1a: Runerigus|Runerigus, L84, F|220\/235\n|-damage|p1a: Runerigus|191\/235|[from] Spikes\n|move|p2a: Falinks|Throat Chop|p1a: Runerigus\n|-supereffective|p1a: Runerigus\n|-damage|p1a: Runerigus|107\/235\n|-start|p1a: Runerigus|Throat Chop|[silent]\n|-activate|p1a: Runerigus|ability: Wandering Spirit|Defiant|Wandering Spirit|[of] p2a: Falinks\n|\n|-heal|p1a: Runerigus|121\/235|[from] item: Leftovers\n|upkeep\n|turn|20\n|inactive|Sir Isaac Mewton has 90 seconds left.\n|\n|switch|p2a: Crobat|Crobat, L80, M|267\/267\n|move|p1a: Runerigus|Earthquake|p2a: Crobat\n|-immune|p2a: Crobat\n|\n|-heal|p1a: Runerigus|135\/235|[from] item: Leftovers\n|-end|p1a: Runerigus|Throat Chop|[silent]\n|upkeep\n|turn|21\n|inactive|Sir Isaac Mewton has 90 seconds left.\n|\n|switch|p1a: Uxie|Uxie, L82|257\/257 slp\n|move|p2a: Crobat|Brave Bird|p1a: Uxie\n|-damage|p1a: Uxie|181\/257 slp\n|-damage|p2a: Crobat|242\/267|[from] Recoil\n|\n|-heal|p1a: Uxie|197\/257 slp|[from] item: Leftovers\n|upkeep\n|turn|22\n|\n|switch|p2a: Falinks|Falinks, L86|114\/252\n|cant|p1a: Uxie|slp\n|\n|-heal|p1a: Uxie|213\/257 slp|[from] item: Leftovers\n|upkeep\n|turn|23\n|\n|switch|p1a: Blissey|Blissey, L80, F|539\/539\n|-damage|p1a: Blissey|472\/539|[from] Spikes\n|move|p2a: Falinks|Throat Chop|p1a: Blissey\n|-damage|p1a: Blissey|265\/539\n|-start|p1a: Blissey|Throat Chop|[silent]\n|\n|-heal|p1a: Blissey|298\/539|[from] item: Leftovers\n|upkeep\n|turn|24\n|\n|move|p2a: Falinks|Throat Chop|p1a: Blissey\n|-crit|p1a: Blissey\n|-damage|p1a: Blissey|23\/539\n|move|p1a: Blissey|Seismic Toss|p2a: Falinks\n|-damage|p2a: Falinks|34\/252\n|\n|-heal|p1a: Blissey|56\/539|[from] item: Leftovers\n|-end|p1a: Blissey|Throat Chop|[silent]\n|upkeep\n|turn|25\n|\n|move|p2a: Falinks|Throat Chop|p1a: Blissey\n|-damage|p1a: Blissey|0 fnt\n|faint|p1a: Blissey\n|\n|upkeep\n|\n|switch|p1a: Runerigus|Runerigus, L84, F|135\/235\n|-damage|p1a: Runerigus|106\/235|[from] Spikes\n|turn|26\n|\n|move|p2a: Falinks|Throat Chop|p1a: Runerigus\n|-supereffective|p1a: Runerigus\n|-damage|p1a: Runerigus|20\/235\n|-start|p1a: Runerigus|Throat Chop|[silent]\n|-activate|p1a: Runerigus|ability: Wandering Spirit|Defiant|Wandering Spirit|[of] p2a: Falinks\n|move|p1a: Runerigus|Shadow Claw|p2a: Falinks\n|-damage|p2a: Falinks|0 fnt\n|-activate|p2a: Falinks|ability: Wandering Spirit|Defiant|Wandering Spirit|[of] p1a: Runerigus\n|faint|p2a: Falinks\n|\n|-heal|p1a: Runerigus|34\/235|[from] item: Leftovers\n|upkeep\n|\n|switch|p2a: Crobat|Crobat, L80, M|242\/267\n|turn|27\n|\n|move|p2a: Crobat|Brave Bird|p1a: Runerigus\n|-damage|p1a: Runerigus|0 fnt\n|-activate|p1a: Runerigus|ability: Wandering Spirit|Infiltrator|Wandering Spirit|[of] p2a: Crobat\n|-damage|p2a: Crobat|231\/267|[from] Recoil\n|faint|p1a: Runerigus\n|\n|upkeep\n|\n|switch|p1a: Uxie|Uxie, L82|213\/257 slp\n|turn|28\n|\n|move|p2a: Crobat|Brave Bird|p1a: Uxie\n|-damage|p1a: Uxie|128\/257 slp\n|-damage|p2a: Crobat|203\/267|[from] Recoil\n|cant|p1a: Uxie|slp\n|\n|-heal|p1a: Uxie|144\/257 slp|[from] item: Leftovers\n|upkeep\n|turn|29\n|\n|move|p2a: Crobat|Brave Bird|p1a: Uxie\n|-damage|p1a: Uxie|57\/257 slp\n|-damage|p2a: Crobat|174\/267|[from] Recoil\n|-curestatus|p1a: Uxie|slp|[msg]\n|move|p1a: Uxie|Yawn|p2a: Crobat\n|-start|p2a: Crobat|move: Yawn|[of] p1a: Uxie\n|\n|-heal|p1a: Uxie|73\/257|[from] item: Leftovers\n|upkeep\n|turn|30\n|\n|move|p2a: Crobat|Brave Bird|p1a: Uxie\n|-damage|p1a: Uxie|0 fnt\n|-damage|p2a: Crobat|150\/267|[from] Recoil\n|faint|p1a: Uxie\n|\n|win|Sir Isaac Mewton\n|c|\u2606Sir Isaac Mewton|lmfao\n|l|\u2606comp233\n|c|\u2606Sir Isaac Mewton|gg lol\n","inputlog":">version 32e193b2b938e0acc6698e4a01cc2db9a2d592a6\n>start {\"formatid\":\"gen8randombattle\",\"seed\":[6763,56565,40527,23672],\"rated\":\"Rated battle\"}\n>player p1 {\"name\":\"comp233\",\"avatar\":\"115\",\"team\":\"\",\"rating\":2123,\"seed\":[22273,41131,13974,27059]}\n>player p2 {\"name\":\"Sir Isaac Mewton\",\"avatar\":\"267\",\"team\":\"\",\"rating\":2126,\"seed\":[21280,41251,33116,20958]}\n>p1 move toxic\n>p2 switch 5\n>p1 switch 5\n>p2 move dragondance\n>p1 move uturn\n>p2 move knockoff\n>p1 switch 5\n>p2 switch 2\n>p1 switch 3\n>p2 move sleeppowder\n>p1 switch 4\n>p2 move spikes\n>p1 move bulkup\n>p2 switch 3\n>p1 move bravebird dynamax\n>p2 move scald\n>p1 move bravebird dynamax\n>p2 move hurricane\n>p2 switch 5\n>p1 move bravebird dynamax\n>p2 move taunt dynamax\n>p1 move bulkup\n>p2 move moonblast dynamax\n>p1 move bravebird\n>p2 move moonblast dynamax\n>p1 move roost\n>p2 move taunt\n>p1 move bravebird\n>p2 switch 3\n>p1 switch 2\n>p2 switch 4\n>p1 move liquidation\n>p2 move rockslide\n>p1 move liquidation\n>p2 move rockslide\n>p1 switch 6\n>p1 move earthquake\n>p2 switch 3\n>p2 switch 6\n>p1 switch 5\n>p2 move toxic\n>p1 switch 4\n>p1 move psychic\n>p2 switch 3\n>p1 switch 5\n>p2 move throatchop\n>p1 move earthquake\n>p2 switch 3\n>p1 switch 5\n>p2 move bravebird\n>p1 move psychic\n>p2 switch 3\n>p1 switch 3\n>p2 move throatchop\n>p1 move seismictoss\n>p2 move throatchop\n>p1 move seismictoss\n>p2 move throatchop\n>p1 switch 5\n>p1 move shadowclaw\n>p2 move throatchop\n>p2 switch 3\n>p1 move shadowclaw\n>p2 move bravebird\n>p1 switch 3\n>p1 move yawn\n>p2 move bravebird\n>p1 move yawn\n>p2 move bravebird\n>p1 move psychic\n>p2 move bravebird","uploadtime":1586823540,"views":13,"p1id":"comp233","p2id":"sirisaacmewton","formatid":"gen8randombattle","rating":0,"private":0,"password":null}