{"id":"gen8ou-1655622769","p1":"broked on bricks","p2":"magnus barlsen","format":"gen8ou","log":"|j|\u2606broked on bricks\n|j|\u2606magnus barlsen\n|t:|1662262652\n|gametype|singles\n|player|p1|broked on bricks|will-gen2|1380\n|player|p2|magnus barlsen|101|1378\n|teamsize|p1|6\n|teamsize|p2|6\n|gen|8\n|tier|[Gen 8] OU\n|rated|\n|rule|Sleep Clause Mod: Limit one foe put to sleep\n|rule|Species Clause: Limit one of each Pok\u00e9mon\n|rule|OHKO Clause: OHKO moves are banned\n|rule|Evasion Items Clause: Evasion items are banned\n|rule|Evasion Moves Clause: Evasion moves are banned\n|rule|Endless Battle Clause: Forcing endless battles is banned\n|rule|HP Percentage Mod: HP is shown in percentages\n|rule|Dynamax Clause: You cannot dynamax\n|clearpoke\n|poke|p1|Pelipper, F|\n|poke|p1|Keldeo-Resolute|\n|poke|p1|Dragapult, F|\n|poke|p1|Tapu Lele|\n|poke|p1|Melmetal|\n|poke|p1|Landorus-Therian, M|\n|poke|p2|Blacephalon|\n|poke|p2|Dragapult, F|\n|poke|p2|Tapu Fini|\n|poke|p2|Landorus-Therian, M|\n|poke|p2|Zapdos|\n|poke|p2|Conkeldurr, M|\n|teampreview\n|c|\u2606broked on bricks|glhf\n|inactive|Battle timer is ON: inactive players will automatically lose when time's up. (requested by broked on bricks)\n|\n|t:|1662262673\n|start\n|switch|p1a: Tapu Lele|Tapu Lele|100\/100\n|switch|p2a: Tapu Fini|Tapu Fini|100\/100\n|-fieldstart|move: Psychic Terrain|[from] ability: Psychic Surge|[of] p1a: Tapu Lele\n|-fieldstart|move: Misty Terrain|[from] ability: Misty Surge|[of] p2a: Tapu Fini\n|turn|1\n|inactive|magnus barlsen has 120 seconds left.\n|\n|t:|1662262707\n|move|p1a: Tapu Lele|Moonblast|p2a: Tapu Fini\n|-damage|p2a: Tapu Fini|54\/100\n|move|p2a: Tapu Fini|Draining Kiss|p1a: Tapu Lele\n|-damage|p1a: Tapu Lele|83\/100\n|-heal|p2a: Tapu Fini|65\/100|[from] drain|[of] p1a: Tapu Lele\n|\n|-heal|p2a: Tapu Fini|71\/100|[from] item: Leftovers\n|upkeep\n|turn|2\n|l|\u2606magnus barlsen\n|inactive|magnus barlsen disconnected and has a minute to reconnect!\n|player|p2|\n|j|\u2606magnus barlsen\n|inactive|magnus barlsen reconnected and has 110 seconds left.\n|player|p2|magnus barlsen|101\n|l|\u2606magnus barlsen\n|inactive|magnus barlsen disconnected and has a minute to reconnect!\n|player|p2|\n|j|\u2606magnus barlsen\n|inactive|magnus barlsen reconnected and has 95 seconds left.\n|player|p2|magnus barlsen|101\n|inactive|magnus barlsen has 90 seconds left.\n|c|\u2606magnus barlsen|sorry about that\n|c|\u2606broked on bricks|ur all good\n|l|\u2606magnus barlsen\n|inactive|magnus barlsen disconnected and has a minute to reconnect!\n|player|p2|\n|j|\u2606magnus barlsen\n|inactive|magnus barlsen reconnected and has 55 seconds left.\n|player|p2|magnus barlsen|101\n|\n|t:|1662262807\n|move|p1a: Tapu Lele|Moonblast|p2a: Tapu Fini\n|-damage|p2a: Tapu Fini|30\/100\n|move|p2a: Tapu Fini|Calm Mind|p2a: Tapu Fini\n|-boost|p2a: Tapu Fini|spa|1\n|-boost|p2a: Tapu Fini|spd|1\n|\n|-heal|p2a: Tapu Fini|36\/100|[from] item: Leftovers\n|upkeep\n|turn|3\n|\n|t:|1662262818\n|move|p1a: Tapu Lele|Moonblast|p2a: Tapu Fini\n|-damage|p2a: Tapu Fini|9\/100\n|move|p2a: Tapu Fini|Draining Kiss|p1a: Tapu Lele\n|-damage|p1a: Tapu Lele|58\/100\n|-heal|p2a: Tapu Fini|25\/100|[from] drain|[of] p1a: Tapu Lele\n|\n|-heal|p2a: Tapu Fini|31\/100|[from] item: Leftovers\n|upkeep\n|turn|4\n|\n|t:|1662262829\n|switch|p1a: Melmetal|Melmetal|100\/100\n|move|p2a: Tapu Fini|Draining Kiss|p1a: Melmetal\n|-resisted|p1a: Melmetal\n|-damage|p1a: Melmetal|89\/100\n|-heal|p2a: Tapu Fini|41\/100|[from] drain|[of] p1a: Melmetal\n|\n|-heal|p2a: Tapu Fini|47\/100|[from] item: Leftovers\n|-heal|p1a: Melmetal|95\/100|[from] item: Leftovers\n|upkeep\n|turn|5\n|\n|t:|1662262840\n|switch|p2a: Landorus|Landorus-Therian, M|100\/100\n|-ability|p2a: Landorus|Intimidate|boost\n|-unboost|p1a: Melmetal|atk|1\n|move|p1a: Melmetal|Toxic|p2a: Landorus|[miss]\n|-miss|p1a: Melmetal|p2a: Landorus\n|\n|-heal|p1a: Melmetal|100\/100|[from] item: Leftovers\n|-fieldend|Misty Terrain\n|upkeep\n|turn|6\n|\n|t:|1662262851\n|switch|p1a: Landorus|Landorus-Therian, M|100\/100\n|-ability|p1a: Landorus|Intimidate|boost\n|-unboost|p2a: Landorus|atk|1\n|move|p2a: Landorus|Stealth Rock|p1a: Landorus\n|-sidestart|p1: broked on bricks|move: Stealth Rock\n|\n|upkeep\n|turn|7\n|\n|t:|1662262859\n|move|p2a: Landorus|U-turn|p1a: Landorus\n|-resisted|p1a: Landorus\n|-damage|p1a: Landorus|93\/100\n|-enditem|p1a: Landorus|Eject Button\n|\n|t:|1662262873\n|switch|p1a: Pelipper|Pelipper, F|100\/100\n|-damage|p1a: Pelipper|76\/100|[from] Stealth Rock\n|-weather|RainDance|[from] ability: Drizzle|[of] p1a: Pelipper\n|\n|-weather|RainDance|[upkeep]\n|upkeep\n|turn|8\n|\n|t:|1662262896\n|switch|p2a: Tapu Fini|Tapu Fini|47\/100\n|-fieldstart|move: Misty Terrain|[from] ability: Misty Surge|[of] p2a: Tapu Fini\n|move|p1a: Pelipper|Weather Ball|p2a: Tapu Fini\n|-resisted|p2a: Tapu Fini\n|-damage|p2a: Tapu Fini|9\/100\n|\n|-weather|RainDance|[upkeep]\n|-heal|p2a: Tapu Fini|15\/100|[from] item: Leftovers\n|upkeep\n|turn|9\n|inactive|magnus barlsen has 30 seconds left.\n|inactive|magnus barlsen has 20 seconds left.\n|\n|t:|1662262922\n|move|p2a: Tapu Fini|Draining Kiss|p1a: Pelipper\n|-damage|p1a: Pelipper|48\/100\n|-heal|p2a: Tapu Fini|31\/100|[from] drain|[of] p1a: Pelipper\n|move|p1a: Pelipper|Weather Ball|p2a: Tapu Fini\n|-resisted|p2a: Tapu Fini\n|-damage|p2a: Tapu Fini|0 fnt\n|faint|p2a: Tapu Fini\n|\n|-weather|RainDance|[upkeep]\n|upkeep\n|inactive|magnus barlsen has 25 seconds left this turn.\n|inactive|magnus barlsen has 20 seconds left.\n|inactive|magnus barlsen has 15 seconds left.\n|\n|t:|1662262934\n|switch|p2a: Dragapult|Dragapult, F|100\/100\n|turn|10\n|inactive|magnus barlsen has 25 seconds left this turn.\n|inactive|magnus barlsen has 20 seconds left.\n|\n|t:|1662262945\n|switch|p1a: Melmetal|Melmetal|100\/100\n|-damage|p1a: Melmetal|94\/100|[from] Stealth Rock\n|move|p2a: Dragapult|Hydro Pump|p1a: Melmetal\n|-damage|p1a: Melmetal|33\/100\n|\n|-weather|RainDance|[upkeep]\n|-heal|p1a: Melmetal|39\/100|[from] item: Leftovers\n|upkeep\n|turn|11\n|inactive|magnus barlsen has 30 seconds left this turn.\n|\n|t:|1662262958\n|move|p1a: Melmetal|Protect|p1a: Melmetal\n|-singleturn|p1a: Melmetal|Protect\n|move|p2a: Dragapult|Hydro Pump|p1a: Melmetal\n|-activate|p1a: Melmetal|move: Protect\n|\n|-weather|none\n|-heal|p1a: Melmetal|45\/100|[from] item: Leftovers\n|upkeep\n|turn|12\n|inactive|magnus barlsen has 30 seconds left.\n|\n|t:|1662262966\n|switch|p1a: Dragapult|Dragapult, F|100\/100\n|-damage|p1a: Dragapult|88\/100|[from] Stealth Rock\n|move|p2a: Dragapult|Hydro Pump|p1a: Dragapult\n|-resisted|p1a: Dragapult\n|-damage|p1a: Dragapult|56\/100\n|\n|-fieldend|Misty Terrain\n|upkeep\n|turn|13\n|inactive|magnus barlsen has 30 seconds left.\n|\n|t:|1662262984\n|move|p2a: Dragapult|Hydro Pump|p1a: Dragapult|[miss]\n|-miss|p2a: Dragapult|p1a: Dragapult\n|move|p1a: Dragapult|Draco Meteor|p2a: Dragapult\n|-supereffective|p2a: Dragapult\n|-crit|p2a: Dragapult\n|-damage|p2a: Dragapult|0 fnt\n|-unboost|p1a: Dragapult|spa|2\n|faint|p2a: Dragapult\n|\n|upkeep\n|inactive|magnus barlsen has 30 seconds left this turn.\n|\n|t:|1662262993\n|switch|p2a: Blacephalon|Blacephalon|100\/100\n|turn|14\n|inactive|broked on bricks has 120 seconds left.\n|\n|t:|1662263031\n|switch|p1a: Melmetal|Melmetal|45\/100\n|-damage|p1a: Melmetal|39\/100|[from] Stealth Rock\n|move|p2a: Blacephalon|Shadow Ball|p1a: Melmetal\n|-damage|p1a: Melmetal|0 fnt\n|faint|p1a: Melmetal\n|-ability|p2a: Blacephalon|Beast Boost|boost\n|-boost|p2a: Blacephalon|spa|1\n|\n|upkeep\n|\n|t:|1662263033\n|switch|p1a: Keldeo|Keldeo-Resolute|100\/100\n|-damage|p1a: Keldeo|94\/100|[from] Stealth Rock\n|turn|15\n|\n|t:|1662263042\n|move|p2a: Blacephalon|Shadow Ball|p1a: Keldeo\n|-damage|p1a: Keldeo|15\/100\n|move|p1a: Keldeo|Surf|p2a: Blacephalon\n|-supereffective|p2a: Blacephalon\n|-damage|p2a: Blacephalon|0 fnt\n|faint|p2a: Blacephalon\n|\n|upkeep\n|\n|t:|1662263053\n|switch|p2a: Conkeldurr|Conkeldurr, M|100\/100\n|turn|16\n|\n|t:|1662263060\n|switch|p1a: Dragapult|Dragapult, F|56\/100\n|-damage|p1a: Dragapult|43\/100|[from] Stealth Rock\n|move|p2a: Conkeldurr|Mach Punch|p1a: Dragapult\n|-immune|p1a: Dragapult\n|\n|-status|p2a: Conkeldurr|brn|[from] item: Flame Orb\n|upkeep\n|turn|17\n|\n|t:|1662263087\n|move|p1a: Dragapult|Draco Meteor|p2a: Conkeldurr\n|-damage|p2a: Conkeldurr|0 fnt\n|-unboost|p1a: Dragapult|spa|2\n|faint|p2a: Conkeldurr\n|\n|upkeep\n|-message|magnus barlsen forfeited.\n|\n|win|broked on bricks\n|raw|broked on bricks's rating: 1380 &rarr; <strong>1400<\/strong><br \/>(+20 for winning)\n|raw|magnus barlsen's rating: 1378 &rarr; <strong>1358<\/strong><br \/>(-20 for losing)\n|l|\u2606magnus barlsen\n","uploadtime":1662263100,"views":7,"p1id":"brokedonbricks","p2id":"magnusbarlsen","formatid":"gen8ou","rating":1358,"private":0,"password":null}