{"id":"gen8ou-1650828345","p1":"minimax_ai","p2":"andrewm0n","format":"gen8ou","log":"|j|\u2606minimax_ai\n|j|\u2606andrewm0n\n|t:|1661753642\n|gametype|singles\n|player|p1|minimax_ai|lusamine-nihilego|1659\n|player|p2|andrewm0n|265|1692\n|teamsize|p1|6\n|teamsize|p2|6\n|gen|8\n|tier|[Gen 8] OU\n|rated|\n|rule|Sleep Clause Mod: Limit one foe put to sleep\n|rule|Species Clause: Limit one of each Pok\u00e9mon\n|rule|OHKO Clause: OHKO moves are banned\n|rule|Evasion Items Clause: Evasion items are banned\n|rule|Evasion Moves Clause: Evasion moves are banned\n|rule|Endless Battle Clause: Forcing endless battles is banned\n|rule|HP Percentage Mod: HP is shown in percentages\n|rule|Dynamax Clause: You cannot dynamax\n|clearpoke\n|poke|p1|Rotom-Wash|\n|poke|p1|Weavile, F|\n|poke|p1|Landorus-Therian, M|\n|poke|p1|Heatran, M|\n|poke|p1|Tangrowth, F|\n|poke|p1|Melmetal|\n|poke|p2|Slowbro-Galar, M|\n|poke|p2|Blaziken, M|\n|poke|p2|Clefable, F|\n|poke|p2|Seismitoad, M|\n|poke|p2|Corviknight, M|\n|poke|p2|Weavile, M|\n|teampreview\n|c|\u2606minimax_ai|hf\n|inactive|Battle timer is ON: inactive players will automatically lose when time's up. (requested by minimax_ai)\n|\n|t:|1661753652\n|start\n|switch|p1a: landorustherian|Landorus-Therian, M|100\/100\n|switch|p2a: Slowbro|Slowbro-Galar, M|100\/100\n|-ability|p1a: landorustherian|Intimidate|boost\n|-unboost|p2a: Slowbro|atk|1\n|turn|1\n|\n|t:|1661753656\n|move|p1a: landorustherian|Earthquake|p2a: Slowbro\n|-supereffective|p2a: Slowbro\n|-damage|p2a: Slowbro|25\/100\n|move|p2a: Slowbro|Ice Beam|p1a: landorustherian\n|-supereffective|p1a: landorustherian\n|-damage|p1a: landorustherian|38\/100\n|\n|-heal|p1a: landorustherian|44\/100|[from] item: Leftovers\n|upkeep\n|turn|2\n|\n|t:|1661753662\n|switch|p2a: Corviknight|Corviknight, M|100\/100\n|-ability|p2a: Corviknight|Pressure\n|move|p1a: landorustherian|Earthquake|p2a: Corviknight\n|-immune|p2a: Corviknight\n|\n|-heal|p1a: landorustherian|50\/100|[from] item: Leftovers\n|upkeep\n|turn|3\n|\n|t:|1661753669\n|move|p1a: landorustherian|Earthquake|p2a: Corviknight\n|-immune|p2a: Corviknight\n|move|p2a: Corviknight|U-turn|p1a: landorustherian\n|-resisted|p1a: landorustherian\n|-damage|p1a: landorustherian|42\/100\n|\n|t:|1661753673\n|switch|p2a: Weavile|Weavile, M|100\/100|[from]move: U-turn\n|\n|-heal|p1a: landorustherian|49\/100|[from] item: Leftovers\n|upkeep\n|turn|4\n|\n|t:|1661753681\n|switch|p1a: Melmetal|Melmetal|100\/100\n|move|p2a: Weavile|Ice Shard|p1a: Melmetal\n|-resisted|p1a: Melmetal\n|-damage|p1a: Melmetal|94\/100\n|\n|upkeep\n|turn|5\n|\n|t:|1661753688\n|switch|p2a: Seismitoad|Seismitoad, M|100\/100\n|move|p1a: Melmetal|Earthquake|p2a: Seismitoad\n|-damage|p2a: Seismitoad|68\/100\n|\n|-heal|p2a: Seismitoad|74\/100|[from] item: Leftovers\n|upkeep\n|turn|6\n|\n|t:|1661753694\n|switch|p1a: rotomwash|Rotom-Wash|100\/100\n|move|p2a: Seismitoad|Stealth Rock|p1a: rotomwash\n|-sidestart|p1: minimax_ai|move: Stealth Rock\n|\n|-heal|p2a: Seismitoad|80\/100|[from] item: Leftovers\n|upkeep\n|turn|7\n|\n|t:|1661753701\n|switch|p2a: Slowbro|Slowbro-Galar, M|59\/100\n|move|p1a: rotomwash|Nasty Plot|p1a: rotomwash\n|-boost|p1a: rotomwash|spa|2\n|\n|upkeep\n|turn|8\n|\n|t:|1661753706\n|switch|p2a: Seismitoad|Seismitoad, M|80\/100\n|move|p1a: rotomwash|Thunderbolt|p2a: Seismitoad\n|-immune|p2a: Seismitoad\n|\n|-heal|p2a: Seismitoad|86\/100|[from] item: Leftovers\n|upkeep\n|turn|9\n|\n|t:|1661753711\n|move|p1a: rotomwash|Nasty Plot|p1a: rotomwash\n|-boost|p1a: rotomwash|spa|2\n|move|p2a: Seismitoad|Toxic|p1a: rotomwash\n|-status|p1a: rotomwash|tox\n|\n|-heal|p2a: Seismitoad|93\/100|[from] item: Leftovers\n|-damage|p1a: rotomwash|94\/100 tox|[from] psn\n|upkeep\n|turn|10\n|\n|t:|1661753714\n|move|p1a: rotomwash|Hydro Pump|p2a: Seismitoad\n|-heal|p2a: Seismitoad|100\/100|[from] ability: Water Absorb|[of] p1a: rotomwash\n|move|p2a: Seismitoad|Knock Off|p1a: rotomwash\n|-damage|p1a: rotomwash|72\/100 tox\n|-enditem|p1a: rotomwash|Leftovers|[from] move: Knock Off|[of] p2a: Seismitoad\n|\n|-damage|p1a: rotomwash|59\/100 tox|[from] psn\n|upkeep\n|turn|11\n|\n|t:|1661753717\n|move|p1a: rotomwash|Hydro Pump|p2a: Seismitoad\n|-immune|p2a: Seismitoad|[from] ability: Water Absorb\n|move|p2a: Seismitoad|Knock Off|p1a: rotomwash\n|-damage|p1a: rotomwash|43\/100 tox\n|\n|-damage|p1a: rotomwash|25\/100 tox|[from] psn\n|upkeep\n|turn|12\n|\n|t:|1661753720\n|move|p1a: rotomwash|Hydro Pump|p2a: Seismitoad\n|-immune|p2a: Seismitoad|[from] ability: Water Absorb\n|move|p2a: Seismitoad|Knock Off|p1a: rotomwash\n|-damage|p1a: rotomwash|8\/100 tox\n|\n|-damage|p1a: rotomwash|0 fnt|[from] psn\n|faint|p1a: rotomwash\n|upkeep\n|\n|t:|1661753720\n|switch|p1a: landorustherian|Landorus-Therian, M|49\/100\n|-damage|p1a: landorustherian|36\/100|[from] Stealth Rock\n|-ability|p1a: landorustherian|Intimidate|boost\n|-unboost|p2a: Seismitoad|atk|1\n|turn|13\n|\n|t:|1661753724\n|switch|p2a: Corviknight|Corviknight, M|100\/100\n|-ability|p2a: Corviknight|Pressure\n|move|p1a: landorustherian|Earthquake|p2a: Corviknight\n|-immune|p2a: Corviknight\n|\n|-heal|p1a: landorustherian|42\/100|[from] item: Leftovers\n|upkeep\n|turn|14\n|\n|t:|1661753729\n|move|p1a: landorustherian|Earthquake|p2a: Corviknight\n|-immune|p2a: Corviknight\n|move|p2a: Corviknight|Brave Bird|p1a: landorustherian\n|-damage|p1a: landorustherian|6\/100\n|-damage|p2a: Corviknight|89\/100|[from] Recoil\n|\n|-heal|p1a: landorustherian|12\/100|[from] item: Leftovers\n|upkeep\n|turn|15\n|\n|t:|1661753732\n|move|p1a: landorustherian|Defog|p2a: Corviknight\n|-unboost|p2a: Corviknight|evasion|1\n|-sideend|p1: minimax_ai|Stealth Rock|[from] move: Defog|[of] p1a: landorustherian\n|move|p2a: Corviknight|Brave Bird|p1a: landorustherian\n|-damage|p1a: landorustherian|0 fnt\n|faint|p1a: landorustherian\n|-damage|p2a: Corviknight|85\/100|[from] Recoil\n|\n|upkeep\n|\n|t:|1661753732\n|switch|p1a: Heatran|Heatran, M|100\/100\n|-item|p1a: Heatran|Air Balloon\n|turn|16\n|\n|t:|1661753746\n|move|p1a: Heatran|Eruption|p2a: Corviknight\n|-supereffective|p2a: Corviknight\n|-damage|p2a: Corviknight|0 fnt\n|faint|p2a: Corviknight\n|\n|upkeep\n|\n|t:|1661753752\n|switch|p2a: Seismitoad|Seismitoad, M|100\/100\n|turn|17\n|\n|t:|1661753757\n|move|p1a: Heatran|Earth Power|p2a: Seismitoad\n|-damage|p2a: Seismitoad|72\/100\n|move|p2a: Seismitoad|Knock Off|p1a: Heatran\n|-damage|p1a: Heatran|80\/100\n|-enditem|p1a: Heatran|Air Balloon\n|\n|-heal|p2a: Seismitoad|79\/100|[from] item: Leftovers\n|upkeep\n|turn|18\n|\n|t:|1661753761\n|switch|p1a: Tangrowth|Tangrowth, F|100\/100\n|move|p2a: Seismitoad|Earth Power|p1a: Tangrowth\n|-resisted|p1a: Tangrowth\n|-damage|p1a: Tangrowth|82\/100\n|\n|-heal|p2a: Seismitoad|85\/100|[from] item: Leftovers\n|upkeep\n|turn|19\n|\n|t:|1661753765\n|switch|p2a: Slowbro|Slowbro-Galar, M|92\/100\n|move|p1a: Tangrowth|Knock Off|p2a: Slowbro\n|-supereffective|p2a: Slowbro\n|-crit|p2a: Slowbro\n|-damage|p2a: Slowbro|36\/100\n|-enditem|p2a: Slowbro|Assault Vest|[from] move: Knock Off|[of] p1a: Tangrowth\n|\n|upkeep\n|turn|20\n|\n|t:|1661753771\n|move|p1a: Tangrowth|Giga Drain|p2a: Slowbro\n|-resisted|p2a: Slowbro\n|-damage|p2a: Slowbro|20\/100\n|-heal|p1a: Tangrowth|89\/100|[from] drain|[of] p2a: Slowbro\n|move|p2a: Slowbro|Earthquake|p1a: Tangrowth\n|-resisted|p1a: Tangrowth\n|-damage|p1a: Tangrowth|83\/100\n|\n|upkeep\n|turn|21\n|\n|t:|1661753774\n|move|p1a: Tangrowth|Knock Off|p2a: Slowbro\n|-supereffective|p2a: Slowbro\n|-damage|p2a: Slowbro|0 fnt\n|faint|p2a: Slowbro\n|\n|upkeep\n|\n|t:|1661753778\n|switch|p2a: Weavile|Weavile, M|100\/100\n|turn|22\n|\n|t:|1661753780\n|move|p2a: Weavile|Swords Dance|p2a: Weavile\n|-boost|p2a: Weavile|atk|2\n|move|p1a: Tangrowth|Knock Off|p2a: Weavile\n|-resisted|p2a: Weavile\n|-damage|p2a: Weavile|82\/100\n|-enditem|p2a: Weavile|Heavy-Duty Boots|[from] move: Knock Off|[of] p1a: Tangrowth\n|-enditem|p1a: Tangrowth|Rocky Helmet|[silent]|[from] ability: Pickpocket|[of] p1a: Tangrowth\n|-item|p2a: Weavile|Rocky Helmet|[from] ability: Pickpocket|[of] p1a: Tangrowth\n|\n|upkeep\n|turn|23\n|\n|t:|1661753786\n|switch|p1a: Melmetal|Melmetal|94\/100\n|move|p2a: Weavile|Swords Dance|p2a: Weavile\n|-boost|p2a: Weavile|atk|2\n|\n|upkeep\n|turn|24\n|\n|t:|1661753790\n|move|p2a: Weavile|Knock Off|p1a: Melmetal\n|-damage|p1a: Melmetal|19\/100\n|-enditem|p1a: Melmetal|Assault Vest|[from] move: Knock Off|[of] p2a: Weavile\n|move|p1a: Melmetal|Double Iron Bash|p2a: Weavile\n|-supereffective|p2a: Weavile\n|-damage|p2a: Weavile|0 fnt\n|-damage|p1a: Melmetal|2\/100|[from] item: Rocky Helmet|[of] p2a: Weavile\n|faint|p2a: Weavile\n|-hitcount|p2: Weavile|1\n|\n|upkeep\n|\n|t:|1661753796\n|switch|p2a: Blaziken|Blaziken, M|100\/100\n|turn|25\n|\n|t:|1661753801\n|move|p2a: Blaziken|Flare Blitz|p1a: Melmetal\n|-supereffective|p1a: Melmetal\n|-damage|p1a: Melmetal|0 fnt\n|faint|p1a: Melmetal\n|-damage|p2a: Blaziken|99\/100|[from] Recoil\n|\n|-heal|p2a: Blaziken|100\/100|[from] item: Leftovers\n|-ability|p2a: Blaziken|Speed Boost|boost\n|-boost|p2a: Blaziken|spe|1\n|upkeep\n|\n|t:|1661753801\n|switch|p1a: Tangrowth|Tangrowth, F|100\/100\n|turn|26\n|\n|t:|1661753809\n|switch|p2a: Clefable|Clefable, F|100\/100\n|move|p1a: Tangrowth|Sleep Powder|p2a: Clefable\n|-status|p2a: Clefable|slp|[from] move: Sleep Powder\n|\n|upkeep\n|turn|27\n|\n|t:|1661753815\n|cant|p2a: Clefable|slp\n|move|p1a: Tangrowth|Focus Blast|p2a: Clefable\n|-resisted|p2a: Clefable\n|-damage|p2a: Clefable|87\/100 slp\n|\n|-heal|p2a: Clefable|93\/100 slp|[from] item: Leftovers\n|upkeep\n|turn|28\n|\n|t:|1661753826\n|cant|p2a: Clefable|slp\n|move|p1a: Tangrowth|Focus Blast|p2a: Clefable\n|-resisted|p2a: Clefable\n|-damage|p2a: Clefable|80\/100 slp\n|\n|-heal|p2a: Clefable|86\/100 slp|[from] item: Leftovers\n|upkeep\n|turn|29\n|\n|t:|1661753830\n|cant|p2a: Clefable|slp\n|move|p1a: Tangrowth|Focus Blast|p2a: Clefable\n|-resisted|p2a: Clefable\n|-damage|p2a: Clefable|72\/100 slp\n|-unboost|p2a: Clefable|spd|1\n|\n|-heal|p2a: Clefable|78\/100 slp|[from] item: Leftovers\n|upkeep\n|turn|30\n|\n|t:|1661753833\n|-curestatus|p2a: Clefable|slp|[msg]\n|move|p2a: Clefable|Wish|p2a: Clefable\n|move|p1a: Tangrowth|Focus Blast|p2a: Clefable\n|-resisted|p2a: Clefable\n|-damage|p2a: Clefable|58\/100\n|-unboost|p2a: Clefable|spd|1\n|\n|-heal|p2a: Clefable|64\/100|[from] item: Leftovers\n|upkeep\n|turn|31\n|\n|t:|1661753837\n|switch|p2a: Blaziken|Blaziken, M|100\/100\n|move|p1a: Tangrowth|Sleep Powder|p2a: Blaziken\n|-status|p2a: Blaziken|slp|[from] move: Sleep Powder\n|\n|upkeep\n|turn|32\n|\n|t:|1661753842\n|switch|p2a: Clefable|Clefable, F|64\/100\n|move|p1a: Tangrowth|Sleep Powder|p2a: Clefable\n|-message|Sleep Clause Mod activated.\n|\n|-heal|p2a: Clefable|70\/100|[from] item: Leftovers\n|upkeep\n|turn|33\n|\n|t:|1661753845\n|move|p2a: Clefable|Wish|p2a: Clefable\n|move|p1a: Tangrowth|Giga Drain|p2a: Clefable\n|-damage|p2a: Clefable|44\/100\n|\n|-heal|p2a: Clefable|50\/100|[from] item: Leftovers\n|upkeep\n|turn|34\n|\n|t:|1661753847\n|switch|p1a: Heatran|Heatran, M|80\/100\n|move|p2a: Clefable|Moonblast|p1a: Heatran\n|-resisted|p1a: Heatran\n|-damage|p1a: Heatran|72\/100\n|-unboost|p1a: Heatran|spa|1\n|\n|-heal|p2a: Clefable|99\/100|[from] move: Wish|[wisher] Clefable\n|-heal|p2a: Clefable|100\/100|[from] item: Leftovers\n|upkeep\n|turn|35\n|\n|t:|1661753851\n|switch|p2a: Seismitoad|Seismitoad, M|85\/100\n|move|p1a: Heatran|Magma Storm|p2a: Seismitoad\n|-resisted|p2a: Seismitoad\n|-damage|p2a: Seismitoad|69\/100\n|-activate|p2a: Seismitoad|move: Magma Storm|[of] p1a: Heatran\n|\n|-heal|p2a: Seismitoad|75\/100|[from] item: Leftovers\n|-damage|p2a: Seismitoad|63\/100|[from] move: Magma Storm|[partiallytrapped]\n|upkeep\n|turn|36\n|\n|t:|1661753853\n|switch|p1a: Tangrowth|Tangrowth, F|100\/100\n|move|p2a: Seismitoad|Toxic|p1a: Tangrowth\n|-status|p1a: Tangrowth|tox\n|\n|-heal|p2a: Seismitoad|69\/100|[from] item: Leftovers\n|-damage|p1a: Tangrowth|94\/100 tox|[from] psn\n|-end|p2a: Seismitoad|Magma Storm|[partiallytrapped]|[silent]\n|upkeep\n|turn|37\n|\n|t:|1661753857\n|switch|p2a: Clefable|Clefable, F|100\/100\n|move|p1a: Tangrowth|Focus Blast|p2a: Clefable|[miss]\n|-miss|p1a: Tangrowth|p2a: Clefable\n|\n|-damage|p1a: Tangrowth|82\/100 tox|[from] psn\n|upkeep\n|turn|38\n|\n|t:|1661753861\n|switch|p1a: Heatran|Heatran, M|72\/100\n|move|p2a: Clefable|Wish|p2a: Clefable\n|\n|upkeep\n|turn|39\n|\n|t:|1661753864\n|switch|p2a: Seismitoad|Seismitoad, M|69\/100\n|move|p1a: Heatran|Magma Storm|p2a: Seismitoad\n|-resisted|p2a: Seismitoad\n|-damage|p2a: Seismitoad|45\/100\n|-activate|p2a: Seismitoad|move: Magma Storm|[of] p1a: Heatran\n|\n|-heal|p2a: Seismitoad|92\/100|[from] move: Wish|[wisher] Clefable\n|-heal|p2a: Seismitoad|98\/100|[from] item: Leftovers\n|-damage|p2a: Seismitoad|86\/100|[from] move: Magma Storm|[partiallytrapped]\n|upkeep\n|turn|40\n|\n|t:|1661753867\n|switch|p1a: Tangrowth|Tangrowth, F|100\/100 tox\n|move|p2a: Seismitoad|Earth Power|p1a: Tangrowth\n|-resisted|p1a: Tangrowth\n|-damage|p1a: Tangrowth|79\/100 tox\n|\n|-heal|p2a: Seismitoad|92\/100|[from] item: Leftovers\n|-damage|p1a: Tangrowth|73\/100 tox|[from] psn\n|-end|p2a: Seismitoad|Magma Storm|[partiallytrapped]|[silent]\n|upkeep\n|turn|41\n|\n|t:|1661753870\n|switch|p2a: Clefable|Clefable, F|100\/100\n|switch|p1a: Weavile|Weavile, F|100\/100\n|-ability|p1a: Weavile|Pressure\n|\n|upkeep\n|turn|42\n|\n|t:|1661753875\n|move|p2a: Clefable|Protect|p2a: Clefable\n|-singleturn|p2a: Clefable|Protect\n|move|p1a: Weavile|Triple Axel|p2a: Clefable\n|-activate|p2a: Clefable|move: Protect\n|\n|upkeep\n|turn|43\n|\n|t:|1661753881\n|move|p1a: Weavile|Triple Axel|p2a: Clefable\n|-damage|p2a: Clefable|89\/100\n|-damage|p2a: Clefable|65\/100\n|-damage|p2a: Clefable|29\/100\n|-hitcount|p2a: Clefable|3\n|move|p2a: Clefable|Aromatherapy|p2a: Clefable\n|-activate|p2a: Clefable|move: Aromatherapy\n|-curestatus|p2: Blaziken|slp|[msg]\n|\n|-heal|p2a: Clefable|35\/100|[from] item: Leftovers\n|upkeep\n|turn|44\n|\n|t:|1661753884\n|move|p1a: Weavile|Triple Axel|p2a: Clefable\n|-damage|p2a: Clefable|23\/100\n|-damage|p2a: Clefable|3\/100\n|-damage|p2a: Clefable|0 fnt\n|faint|p2a: Clefable\n|-hitcount|p2: Clefable|3\n|\n|upkeep\n|\n|t:|1661753886\n|switch|p2a: Blaziken|Blaziken, M|100\/100\n|turn|45\n|\n|t:|1661753889\n|move|p1a: Weavile|Triple Axel|p2a: Blaziken\n|-resisted|p2a: Blaziken\n|-damage|p2a: Blaziken|90\/100\n|-resisted|p2a: Blaziken\n|-crit|p2a: Blaziken\n|-damage|p2a: Blaziken|54\/100\n|-resisted|p2a: Blaziken\n|-damage|p2a: Blaziken|17\/100\n|-hitcount|p2a: Blaziken|3\n|move|p2a: Blaziken|Swords Dance|p2a: Blaziken\n|-boost|p2a: Blaziken|atk|2\n|\n|-heal|p2a: Blaziken|23\/100|[from] item: Leftovers\n|-ability|p2a: Blaziken|Speed Boost|boost\n|-boost|p2a: Blaziken|spe|1\n|upkeep\n|turn|46\n|\n|t:|1661753893\n|move|p2a: Blaziken|Close Combat|p1a: Weavile\n|-supereffective|p1a: Weavile\n|-damage|p1a: Weavile|0 fnt\n|-unboost|p2a: Blaziken|def|1\n|-unboost|p2a: Blaziken|spd|1\n|faint|p1a: Weavile\n|\n|-heal|p2a: Blaziken|29\/100|[from] item: Leftovers\n|-ability|p2a: Blaziken|Speed Boost|boost\n|-boost|p2a: Blaziken|spe|1\n|upkeep\n|\n|t:|1661753893\n|switch|p1a: Tangrowth|Tangrowth, F|100\/100 tox\n|turn|47\n|\n|t:|1661753902\n|move|p2a: Blaziken|Flare Blitz|p1a: Tangrowth\n|-supereffective|p1a: Tangrowth\n|-damage|p1a: Tangrowth|0 fnt\n|faint|p1a: Tangrowth\n|-damage|p2a: Blaziken|0 fnt|[from] Recoil\n|faint|p2a: Blaziken\n|\n|upkeep\n|\n|t:|1661753905\n|switch|p2a: Seismitoad|Seismitoad, M|92\/100\n|switch|p1a: Heatran|Heatran, M|72\/100\n|turn|48\n|\n|t:|1661753907\n|move|p1a: Heatran|Earth Power|p2a: Seismitoad\n|-damage|p2a: Seismitoad|66\/100\n|move|p2a: Seismitoad|Earth Power|p1a: Heatran\n|-supereffective|p1a: Heatran\n|-damage|p1a: Heatran|0 fnt\n|faint|p1a: Heatran\n|\n|win|andrewm0n\n|raw|minimax_ai's rating: 1659 &rarr; <strong>1641<\/strong><br \/>(-18 for losing)\n|raw|andrewm0n's rating: 1692 &rarr; <strong>1710<\/strong><br \/>(+18 for winning)\n|c|\u2606minimax_ai|gg\n|l|\u2606minimax_ai\n","uploadtime":1661753912,"views":20,"p1id":"minimaxai","p2id":"andrewm0n","formatid":"gen8ou","rating":1641,"private":0,"password":null}