{"id":"gen8anythinggoes-1678165209","p1":"yokobaby","p2":"AGLT5TX jushu","format":"gen8anythinggoes","log":"|raw|<div class=\"broadcast-blue\"><strong>This battle is required to be public due to a player having a name starting with 'aglt5tx'.<\/div>\n|j|\u2606yokobaby\n|j|\u2606AGLT5TX jushu\n|t:|1664970785\n|gametype|singles\n|player|p1|yokobaby|cynthia-masters|1926\n|player|p2|AGLT5TX jushu|170|1827\n|teamsize|p1|6\n|teamsize|p2|6\n|gen|8\n|tier|[Gen 8] Anything Goes\n|rated|\n|rule|HP Percentage Mod: HP is shown in percentages\n|rule|Endless Battle Clause: Forcing endless battles is banned\n|clearpoke\n|poke|p1|Kyogre|\n|poke|p1|Ditto|\n|poke|p1|Eternatus|\n|poke|p1|Zacian-*|\n|poke|p1|Yveltal|\n|poke|p1|Necrozma-Dusk-Mane|\n|poke|p2|Excadrill, F|\n|poke|p2|Necrozma-Dusk-Mane|\n|poke|p2|Yveltal|\n|poke|p2|Xerneas-*|\n|poke|p2|Calyrex-Shadow|\n|poke|p2|Kyogre|\n|teampreview\n|inactive|Battle timer is ON: inactive players will automatically lose when time's up. (requested by AGLT5TX jushu)\n|\n|t:|1664970793\n|start\n|switch|p1a: Yveltal|Yveltal|100\/100\n|switch|p2a: Excadrill|Excadrill, F|100\/100\n|-ability|p2a: Excadrill|Mold Breaker\n|-ability|p1a: Yveltal|Dark Aura\n|turn|1\n|\n|t:|1664970795\n|move|p2a: Excadrill|Stealth Rock|p1a: Yveltal\n|-sidestart|p1: yokobaby|move: Stealth Rock\n|move|p1a: Yveltal|U-turn|p2a: Excadrill\n|-resisted|p2a: Excadrill\n|-damage|p2a: Excadrill|85\/100\n|\n|t:|1664970797\n|switch|p1a: Zacian|Zacian-Crowned|100\/100|[from]move: U-turn\n|-damage|p1a: Zacian|94\/100|[from] Stealth Rock\n|-ability|p1a: Zacian|Intrepid Sword|boost\n|-boost|p1a: Zacian|atk|1\n|\n|upkeep\n|turn|2\n|\n|t:|1664970800\n|move|p1a: Zacian|Close Combat|p2a: Excadrill\n|-supereffective|p2a: Excadrill\n|-damage|p2a: Excadrill|0 fnt\n|-unboost|p1a: Zacian|def|1\n|-unboost|p1a: Zacian|spd|1\n|faint|p2a: Excadrill\n|\n|upkeep\n|\n|t:|1664970806\n|switch|p2a: Kyogre|Kyogre|100\/100\n|-weather|RainDance|[from] ability: Drizzle|[of] p2a: Kyogre\n|turn|3\n|\n|t:|1664970812\n|switch|p1a: Eternatus|Eternatus|100\/100\n|-ability|p1a: Eternatus|Pressure\n|move|p2a: Kyogre|Ice Beam|p1a: Eternatus\n|-supereffective|p1a: Eternatus\n|-damage|p1a: Eternatus|59\/100\n|\n|-weather|RainDance|[upkeep]\n|upkeep\n|turn|4\n|\n|t:|1664970818\n|move|p2a: Kyogre|Ice Beam|p1a: Eternatus\n|-supereffective|p1a: Eternatus\n|-damage|p1a: Eternatus|16\/100\n|move|p1a: Eternatus|Mystical Fire|p2a: Kyogre\n|-resisted|p2a: Kyogre\n|-damage|p2a: Kyogre|96\/100\n|-unboost|p2a: Kyogre|spa|1\n|\n|-weather|RainDance|[upkeep]\n|upkeep\n|turn|5\n|\n|t:|1664970823\n|switch|p2a: Calyrex|Calyrex-Shadow|100\/100\n|-ability|p2a: Calyrex|As One\n|-ability|p2a: Calyrex|Unnerve\n|move|p1a: Eternatus|Recover|p1a: Eternatus\n|-heal|p1a: Eternatus|66\/100\n|\n|-weather|RainDance|[upkeep]\n|upkeep\n|turn|6\n|\n|t:|1664970826\n|switch|p1a: Yveltal|Yveltal|100\/100\n|-ability|p1a: Yveltal|Dark Aura\n|move|p2a: Calyrex|Nasty Plot|p2a: Calyrex\n|-boost|p2a: Calyrex|spa|2\n|\n|-weather|RainDance|[upkeep]\n|upkeep\n|turn|7\n|\n|t:|1664970830\n|move|p2a: Calyrex|Baton Pass|p2a: Calyrex\n|\n|t:|1664970832\n|switch|p2a: Kyogre|Kyogre|96\/100|[from]move: Baton Pass\n|move|p1a: Yveltal|U-turn|p2a: Kyogre\n|-damage|p2a: Kyogre|71\/100\n|\n|t:|1664970834\n|switch|p1a: Ditto|Ditto|100\/100|[from]move: U-turn\n|-damage|p1a: Ditto|88\/100|[from] Stealth Rock\n|-transform|p1a: Ditto|p2a: Kyogre|[from] ability: Imposter\n|\n|-weather|none\n|upkeep\n|turn|8\n|\n|t:|1664970838\n|-start|p1a: Ditto|Dynamax|\n|-heal|p1a: Ditto|88\/100|[silent]\n|move|p2a: Kyogre|Thunder|p1a: Ditto|[miss]\n|-miss|p2a: Kyogre|p1a: Ditto\n|move|p1a: Ditto|Max Lightning|p2a: Kyogre\n|-supereffective|p2a: Kyogre\n|-damage|p2a: Kyogre|0 fnt\n|-fieldstart|move: Electric Terrain\n|faint|p2a: Kyogre\n|\n|upkeep\n|c|\u2606AGLT5TX jushu|6\n|j| AGLT5TX agmmys\n|c| AGLT5TX agmmys|woc\n|c|\u2606yokobaby|\u6211\u4ed6\u5988\n|c|\u2606yokobaby|\u592a\u5e05\u8fa3\n|\n|t:|1664970851\n|switch|p2a: Calyrex|Calyrex-Shadow|100\/100\n|-ability|p2a: Calyrex|As One\n|-ability|p2a: Calyrex|Unnerve\n|turn|9\n|\n|t:|1664970861\n|move|p2a: Calyrex|Nasty Plot|p2a: Calyrex\n|-boost|p2a: Calyrex|spa|2\n|move|p1a: Ditto|Max Geyser|p2a: Calyrex\n|-crit|p2a: Calyrex\n|-enditem|p2a: Calyrex|Focus Sash\n|-damage|p2a: Calyrex|1\/100\n|-weather|RainDance\n|\n|-weather|RainDance|[upkeep]\n|upkeep\n|turn|10\n|\n|t:|1664970871\n|move|p2a: Calyrex|Astral Barrage|p1a: Ditto\n|-damage|p1a: Ditto|27\/100\n|move|p1a: Ditto|Max Geyser|p2a: Calyrex\n|-crit|p2a: Calyrex\n|-damage|p2a: Calyrex|0 fnt\n|faint|p2a: Calyrex\n|\n|-weather|RainDance|[upkeep]\n|upkeep\n|\n|t:|1664970876\n|switch|p2a: Yveltal|Yveltal|100\/100\n|-ability|p2a: Yveltal|Dark Aura\n|-end|p1a: Ditto|Dynamax\n|-heal|p1a: Ditto|28\/100|[silent]\n|turn|11\n|c|\u2606yokobaby|AIGod\n|\n|t:|1664970885\n|switch|p1a: Zacian|Zacian-Crowned|94\/100\n|-damage|p1a: Zacian|88\/100|[from] Stealth Rock\n|-ability|p1a: Zacian|Intrepid Sword|boost\n|-boost|p1a: Zacian|atk|1\n|-start|p2a: Yveltal|Dynamax|\n|-heal|p2a: Yveltal|100\/100|[silent]\n|move|p2a: Yveltal|Max Airstream|p1a: Zacian\n|-resisted|p1a: Zacian\n|-damage|p1a: Zacian|42\/100\n|-boost|p2a: Yveltal|spe|1\n|-damage|p2a: Yveltal|96\/100|[from] item: Life Orb\n|\n|-weather|RainDance|[upkeep]\n|upkeep\n|turn|12\n|\n|t:|1664970901\n|switch|p1a: Eternatus|Eternatus|66\/100\n|-ability|p1a: Eternatus|Pressure\n|move|p2a: Yveltal|Max Darkness|p1a: Eternatus\n|-damage|p1a: Eternatus|0 fnt\n|faint|p1a: Eternatus\n|-damage|p2a: Yveltal|91\/100|[from] item: Life Orb\n|\n|-weather|RainDance|[upkeep]\n|-fieldend|move: Electric Terrain\n|upkeep\n|\n|t:|1664970903\n|switch|p1a: Yveltal|Yveltal|100\/100\n|-ability|p1a: Yveltal|Dark Aura\n|turn|13\n|\n|t:|1664970906\n|move|p2a: Yveltal|Max Airstream|p1a: Yveltal\n|-damage|p1a: Yveltal|44\/100\n|-boost|p2a: Yveltal|spe|1\n|-damage|p2a: Yveltal|86\/100|[from] item: Life Orb\n|move|p1a: Yveltal|Roost|p1a: Yveltal\n|-heal|p1a: Yveltal|94\/100\n|-singleturn|p1a: Yveltal|move: Roost\n|\n|-weather|none\n|upkeep\n|-end|p2a: Yveltal|Dynamax\n|-heal|p2a: Yveltal|86\/100|[silent]\n|turn|14\n|\n|t:|1664970910\n|move|p2a: Yveltal|Dark Pulse|p1a: Yveltal\n|-resisted|p1a: Yveltal\n|-damage|p1a: Yveltal|70\/100\n|-damage|p2a: Yveltal|76\/100|[from] item: Life Orb\n|cant|p1a: Yveltal|flinch\n|\n|upkeep\n|turn|15\n|\n|t:|1664970913\n|move|p2a: Yveltal|Dark Pulse|p1a: Yveltal\n|-resisted|p1a: Yveltal\n|-damage|p1a: Yveltal|48\/100\n|-damage|p2a: Yveltal|66\/100|[from] item: Life Orb\n|cant|p1a: Yveltal|flinch\n|\n|upkeep\n|turn|16\n|j| Buck is stallish\n|\n|t:|1664970916\n|move|p2a: Yveltal|Oblivion Wing|p1a: Yveltal\n|-damage|p1a: Yveltal|13\/100\n|-heal|p2a: Yveltal|96\/100|[from] drain|[of] p1a: Yveltal\n|-damage|p2a: Yveltal|86\/100|[from] item: Life Orb\n|move|p1a: Yveltal|Roost|p1a: Yveltal\n|-heal|p1a: Yveltal|63\/100\n|-singleturn|p1a: Yveltal|move: Roost\n|\n|upkeep\n|turn|17\n|c|\u2606yokobaby|?\n|\n|t:|1664970920\n|move|p2a: Yveltal|Dark Pulse|p1a: Yveltal\n|-resisted|p1a: Yveltal\n|-damage|p1a: Yveltal|40\/100\n|-damage|p2a: Yveltal|76\/100|[from] item: Life Orb\n|move|p1a: Yveltal|Roost|p1a: Yveltal\n|-heal|p1a: Yveltal|90\/100\n|-singleturn|p1a: Yveltal|move: Roost\n|\n|upkeep\n|turn|18\n|\n|t:|1664970922\n|move|p2a: Yveltal|Dark Pulse|p1a: Yveltal\n|-resisted|p1a: Yveltal\n|-damage|p1a: Yveltal|64\/100\n|-damage|p2a: Yveltal|66\/100|[from] item: Life Orb\n|move|p1a: Yveltal|U-turn|p2a: Yveltal\n|-crit|p2a: Yveltal\n|-damage|p2a: Yveltal|31\/100\n|\n|t:|1664970925\n|switch|p1a: Kyogre|Kyogre|100\/100|[from]move: U-turn\n|-damage|p1a: Kyogre|88\/100|[from] Stealth Rock\n|-weather|RainDance|[from] ability: Drizzle|[of] p1a: Kyogre\n|\n|-weather|RainDance|[upkeep]\n|-heal|p1a: Kyogre|94\/100|[from] item: Leftovers\n|upkeep\n|turn|19\n|\n|t:|1664970928\n|move|p2a: Yveltal|Dark Pulse|p1a: Kyogre\n|-damage|p1a: Kyogre|46\/100\n|-damage|p2a: Yveltal|21\/100|[from] item: Life Orb\n|cant|p1a: Kyogre|flinch\n|\n|-weather|RainDance|[upkeep]\n|-heal|p1a: Kyogre|52\/100|[from] item: Leftovers\n|upkeep\n|turn|20\n|c|\u2606yokobaby|??\n|\n|t:|1664970938\n|switch|p1a: Yveltal|Yveltal|64\/100\n|-ability|p1a: Yveltal|Dark Aura\n|move|p2a: Yveltal|Dark Pulse|p1a: Yveltal\n|-resisted|p1a: Yveltal\n|-damage|p1a: Yveltal|41\/100\n|-damage|p2a: Yveltal|11\/100|[from] item: Life Orb\n|\n|-weather|RainDance|[upkeep]\n|upkeep\n|turn|21\n|\n|t:|1664970941\n|move|p2a: Yveltal|Oblivion Wing|p1a: Yveltal\n|-damage|p1a: Yveltal|4\/100\n|-heal|p2a: Yveltal|42\/100|[from] drain|[of] p1a: Yveltal\n|-damage|p2a: Yveltal|32\/100|[from] item: Life Orb\n|move|p1a: Yveltal|Roost|p1a: Yveltal\n|-heal|p1a: Yveltal|54\/100\n|-singleturn|p1a: Yveltal|move: Roost\n|\n|-weather|RainDance|[upkeep]\n|upkeep\n|turn|22\n|\n|t:|1664970946\n|move|p2a: Yveltal|Oblivion Wing|p1a: Yveltal\n|-damage|p1a: Yveltal|15\/100\n|-heal|p2a: Yveltal|66\/100|[from] drain|[of] p1a: Yveltal\n|-damage|p2a: Yveltal|56\/100|[from] item: Life Orb\n|move|p1a: Yveltal|Roost|p1a: Yveltal\n|-heal|p1a: Yveltal|65\/100\n|-singleturn|p1a: Yveltal|move: Roost\n|\n|-weather|none\n|upkeep\n|turn|23\n|\n|t:|1664970951\n|move|p2a: Yveltal|Oblivion Wing|p1a: Yveltal\n|-damage|p1a: Yveltal|27\/100\n|-heal|p2a: Yveltal|88\/100|[from] drain|[of] p1a: Yveltal\n|-damage|p2a: Yveltal|78\/100|[from] item: Life Orb\n|move|p1a: Yveltal|Knock Off|p2a: Yveltal\n|-resisted|p2a: Yveltal\n|-damage|p2a: Yveltal|48\/100\n|-enditem|p2a: Yveltal|Life Orb|[from] move: Knock Off|[of] p1a: Yveltal\n|\n|upkeep\n|turn|24\n|\n|t:|1664970954\n|move|p2a: Yveltal|Oblivion Wing|p1a: Yveltal\n|-damage|p1a: Yveltal|1\/100\n|-heal|p2a: Yveltal|70\/100|[from] drain|[of] p1a: Yveltal\n|move|p1a: Yveltal|Roost|p1a: Yveltal\n|-heal|p1a: Yveltal|51\/100\n|-singleturn|p1a: Yveltal|move: Roost\n|\n|upkeep\n|turn|25\n|\n|t:|1664970956\n|move|p2a: Yveltal|Dark Pulse|p1a: Yveltal\n|-resisted|p1a: Yveltal\n|-damage|p1a: Yveltal|33\/100\n|move|p1a: Yveltal|Roost|p1a: Yveltal\n|-heal|p1a: Yveltal|83\/100\n|-singleturn|p1a: Yveltal|move: Roost\n|\n|upkeep\n|turn|26\n|\n|t:|1664970961\n|move|p2a: Yveltal|Dark Pulse|p1a: Yveltal\n|-resisted|p1a: Yveltal\n|-damage|p1a: Yveltal|65\/100\n|move|p1a: Yveltal|Knock Off|p2a: Yveltal\n|-resisted|p2a: Yveltal\n|-damage|p2a: Yveltal|48\/100\n|\n|upkeep\n|turn|27\n|\n|t:|1664970964\n|move|p2a: Yveltal|Dark Pulse|p1a: Yveltal\n|-resisted|p1a: Yveltal\n|-damage|p1a: Yveltal|47\/100\n|move|p1a: Yveltal|Roost|p1a: Yveltal\n|-heal|p1a: Yveltal|98\/100\n|-singleturn|p1a: Yveltal|move: Roost\n|\n|upkeep\n|turn|28\n|\n|t:|1664970967\n|move|p2a: Yveltal|Dark Pulse|p1a: Yveltal\n|-resisted|p1a: Yveltal\n|-damage|p1a: Yveltal|81\/100\n|move|p1a: Yveltal|U-turn|p2a: Yveltal\n|-damage|p2a: Yveltal|25\/100\n|\n|t:|1664970971\n|switch|p1a: Kyogre|Kyogre|52\/100|[from]move: U-turn\n|-damage|p1a: Kyogre|40\/100|[from] Stealth Rock\n|-weather|RainDance|[from] ability: Drizzle|[of] p1a: Kyogre\n|\n|-weather|RainDance|[upkeep]\n|-heal|p1a: Kyogre|46\/100|[from] item: Leftovers\n|upkeep\n|turn|29\n|\n|t:|1664970973\n|move|p2a: Yveltal|Dark Pulse|p1a: Kyogre\n|-damage|p1a: Kyogre|5\/100\n|move|p1a: Kyogre|Calm Mind|p1a: Kyogre\n|-boost|p1a: Kyogre|spa|1\n|-boost|p1a: Kyogre|spd|1\n|\n|-weather|RainDance|[upkeep]\n|-heal|p1a: Kyogre|12\/100|[from] item: Leftovers\n|upkeep\n|turn|30\n|c|\u2606yokobaby|\u96be\u53d7\u6b7b\u6211\u4e86\n|l| Buck is stallish\n|\n|t:|1664970983\n|move|p2a: Yveltal|Oblivion Wing|p1a: Kyogre\n|-damage|p1a: Kyogre|0 fnt\n|-heal|p2a: Yveltal|34\/100|[from] drain|[of] p1a: Kyogre\n|faint|p1a: Kyogre\n|\n|-weather|RainDance|[upkeep]\n|upkeep\n|j| Aglt5tx Icy Bacon\n|\n|t:|1664970986\n|switch|p1a: Ditto|Ditto|28\/100\n|-damage|p1a: Ditto|15\/100|[from] Stealth Rock\n|-transform|p1a: Ditto|p2a: Yveltal|[from] ability: Imposter\n|-ability|p1a: Ditto|Dark Aura\n|turn|31\n|\n|t:|1664970988\n|move|p1a: Ditto|Oblivion Wing|p2a: Yveltal\n|-damage|p2a: Yveltal|0 fnt\n|-heal|p1a: Ditto|48\/100|[from] drain|[of] p2a: Yveltal\n|faint|p2a: Yveltal\n|\n|-weather|RainDance|[upkeep]\n|upkeep\n|c|\u2606AGLT5TX jushu|\u70b9\u9519\u4e86\n|\n|t:|1664971011\n|switch|p2a: Necrozma|Necrozma-Dusk-Mane|100\/100\n|turn|32\n|\n|t:|1664971015\n|switch|p1a: Zacian|Zacian-Crowned|42\/100\n|-damage|p1a: Zacian|36\/100|[from] Stealth Rock\n|-ability|p1a: Zacian|Intrepid Sword|boost\n|-boost|p1a: Zacian|atk|1\n|move|p2a: Necrozma|Dragon Dance|p2a: Necrozma\n|-boost|p2a: Necrozma|atk|1\n|-boost|p2a: Necrozma|spe|1\n|\n|-weather|none\n|upkeep\n|turn|33\n|\n|t:|1664971017\n|move|p1a: Zacian|Close Combat|p2a: Necrozma\n|-damage|p2a: Necrozma|35\/100\n|-unboost|p1a: Zacian|def|1\n|-unboost|p1a: Zacian|spd|1\n|move|p2a: Necrozma|Sunsteel Strike|p1a: Zacian\n|-damage|p1a: Zacian|0 fnt\n|faint|p1a: Zacian\n|\n|upkeep\n|\n|t:|1664971020\n|switch|p1a: Ditto|Ditto|48\/100\n|-damage|p1a: Ditto|36\/100|[from] Stealth Rock\n|-transform|p1a: Ditto|p2a: Necrozma|[from] ability: Imposter\n|turn|34\n|\n|t:|1664971023\n|move|p1a: Ditto|Earthquake|p2a: Necrozma\n|-supereffective|p2a: Necrozma\n|-damage|p2a: Necrozma|0 fnt\n|faint|p2a: Necrozma\n|\n|upkeep\n|\n|t:|1664971025\n|switch|p2a: Xerneas|Xerneas|100\/100\n|-ability|p2a: Xerneas|Fairy Aura\n|turn|35\n|\n|t:|1664971030\n|move|p1a: Ditto|Earthquake|p2a: Xerneas\n|-damage|p2a: Xerneas|39\/100\n|move|p2a: Xerneas|Geomancy||[still]\n|-prepare|p2a: Xerneas|Geomancy\n|-enditem|p2a: Xerneas|Power Herb\n|-anim|p2a: Xerneas|Geomancy|p2a: Xerneas\n|-boost|p2a: Xerneas|spa|2\n|-boost|p2a: Xerneas|spd|2\n|-boost|p2a: Xerneas|spe|2\n|\n|upkeep\n|turn|36\n|\n|t:|1664971033\n|switch|p1a: Yveltal|Yveltal|81\/100\n|-ability|p1a: Yveltal|Dark Aura\n|move|p2a: Xerneas|Substitute|p2a: Xerneas\n|-start|p2a: Xerneas|Substitute\n|-damage|p2a: Xerneas|14\/100\n|\n|upkeep\n|turn|37\n|\n|t:|1664971035\n|move|p2a: Xerneas|Moonblast|p1a: Yveltal\n|-supereffective|p1a: Yveltal\n|-damage|p1a: Yveltal|0 fnt\n|faint|p1a: Yveltal\n|\n|upkeep\n|\n|t:|1664971037\n|switch|p1a: Necrozma|Necrozma-Dusk-Mane|100\/100\n|-damage|p1a: Necrozma|94\/100|[from] Stealth Rock\n|turn|38\n|\n|t:|1664971040\n|move|p2a: Xerneas|Thunder|p1a: Necrozma\n|-damage|p1a: Necrozma|24\/100\n|move|p1a: Necrozma|Sunsteel Strike|p2a: Xerneas\n|-supereffective|p2a: Xerneas\n|-end|p2a: Xerneas|Substitute\n|\n|upkeep\n|turn|39\n|c|\u2606AGLT5TX jushu|\u54e5\n|c|\u2606yokobaby|gg\n|c|\u2606yokobaby|666\n|c|\u2606AGLT5TX jushu|\u6211\u521a\u624d\u70b9\u9519\u4e86\n|l| Aglt5tx Icy Bacon\n|c|\u2606yokobaby|\u803b\u8fb1\u662f\u4e0d\u662f\n|c|\u2606yokobaby|\u4f60\u521a\u624d\u70b9\u4ec0\u4e48\u4e5f\u6ca1\u7528a\n|c|\u2606yokobaby|\u4f60\u60f3\u70b9\u4ec0\u4e48\u6765\u7740\n|inactive|AGLT5TX jushu has 120 seconds left.\n|c|\u2606AGLT5TX jushu|\u6211\u70b9\u7a81\u88ad\n|c|\u2606AGLT5TX jushu|\u5c31\u8d62\u4e86\n|c|\u2606yokobaby|\u547d\u7389\u6ca1\u4e86\u7a81\u4e0d\u6b7b\u628a\n|c|\u2606AGLT5TX jushu|\u53ef\u4ee5\u6253\u6b7b\n|inactive|AGLT5TX jushu has 90 seconds left.\n|c|\u2606yokobaby|\u6c42\u62118\n|c|\u2606yokobaby|\u6c42\u6211\n|c|\u2606AGLT5TX jushu|\u4f60\u767e\u53d8\u602a\n|c|\u2606yokobaby|\u6c42\u6211\n|c|\u2606AGLT5TX jushu|\u54e5\u54e5\n|inactiveoff|Battle timer is now OFF.\n|c|\u2606AGLT5TX jushu|ai\u597d\u54e5\u54e5\n|c| AGLT5TX agmmys|\u6211\u8fd8\u662f\u89c9\u5f97\u6a58\u9f20\u5f3a\n|c|\u2606yokobaby|\u8ba9\u6211\u60f3\u60f3\u600e\u4e48\u8e42\u8e8f\u4f60\n|c|\u2606yokobaby|\uff1f\uff1f\n|c|\u2606yokobaby|\u4e0d\u9001\u4e86\n|c| AGLT5TX agmmys|\u717d\u98ce\u70b9\u706b\n|c|\u2606yokobaby|\u6025\u6025\u6025\n|c| AGLT5TX agmmys|XD\n|c|\u2606yokobaby|\u5feb\u8bf4\u6211\u5389\u5bb3\n|c|\u2606AGLT5TX jushu|6\n|\n|t:|1664971151\n|move|p2a: Xerneas|Moonblast|p1a: Necrozma\n|-resisted|p1a: Necrozma\n|-damage|p1a: Necrozma|0 fnt\n|faint|p1a: Necrozma\n|\n|upkeep\n|\n|t:|1664971154\n|switch|p1a: Ditto|Ditto|36\/100\n|-damage|p1a: Ditto|23\/100|[from] Stealth Rock\n|-transform|p1a: Ditto|p2a: Xerneas|[from] ability: Imposter\n|-ability|p1a: Ditto|Fairy Aura\n|turn|40\n|c|\u2606yokobaby|\u8fd9\u4e2aagmmys\u662f\u8c01\u554a\n|c| AGLT5TX agmmys|\u5e94\u8be5\u662fpaper\n|c| AGLT5TX agmmys|\u6211\u89c9\u5f97\n|c|\u2606yokobaby|L\n|c|\u2606yokobaby|LL\n|c|\u2606yokobaby|\u6211\u4e09\u6b212kAIGod\n|c|\u2606AGLT5TX jushu|AI\u54e5\u54e5\n|c| AGLT5TX agmmys|ai\u795e\uff01\u4ed6\u662f\u4f60\u7684\u5c0f\u8ff7\u5f1f\uff01\n|c| AGLT5TX agmmys|XD\n|c|\u2606yokobaby|\u6211\u73b0\u5728\u8fd9\u4e2a\u53f7k9\u6765\u7740\n|c|\u2606yokobaby|\u53ef\u80fd\u638930\uff1f\n|c|\u2606yokobaby|\u8981\u4e0d\u70b9\u6253\u96f7\n|c|\u2606yokobaby|\u7a7a\u4e86\u4f60\u7684\u5206\n|c|\u2606yokobaby|\u4e2d\u4e86\u6211\u7684\u5206\n|c|\u2606AGLT5TX jushu|\u597d\n|\n|t:|1664971246\n|move|p1a: Ditto|Thunder|p2a: Xerneas\n|-damage|p2a: Xerneas|0 fnt\n|faint|p2a: Xerneas\n|\n|win|yokobaby\n|raw|yokobaby's rating: 1926 &rarr; <strong>1940<\/strong><br \/>(+14 for winning)\n|raw|AGLT5TX jushu's rating: 1827 &rarr; <strong>1813<\/strong><br \/>(-14 for losing)\n|c|\u2606yokobaby|..\n|c|\u2606AGLT5TX jushu|6\n|c|\u2606yokobaby|\u7b11\u6b7b\u6211\u4e86\n|c|\u2606yokobaby|\u7b11\u6b7b\u6211\u4e86\n|c|\u2606yokobaby|\u7b11\u6b7b\u6211\u4e86\n|c| AGLT5TX agmmys|\u5509\n|c|\u2606yokobaby|\u7b11\u6b7b\u6211\u4e86\n|c|\u2606yokobaby|\u6211\u8fd9\u8f88\u5b50\u7684\u7b11\u70b9\n|c|\u2606yokobaby|\u4f60\u5305\u4e86\n|l| AGLT5TX agmmys\n||Ladder isn't responding, score probably updated but might not have (Request timeout).\n|j| Pok3m0n_123\n|l| Pok3m0n_123\n","uploadtime":1664971272,"views":2,"p1id":"yokobaby","p2id":"aglt5txjushu","formatid":"gen8anythinggoes","rating":1813,"private":0,"password":null}