{"id":"gen8ou-1677939024","p1":"lzhlzhlzh","p2":"RggV_YT","format":"gen8ou","log":"|j|\u2606lzhlzhlzh\n|j|\u2606RggV_YT\n|t:|1664939909\n|gametype|singles\n|player|p1|lzhlzhlzh|2|1699\n|player|p2|RggV_YT|scientist-gen4|1785\n|teamsize|p1|6\n|teamsize|p2|6\n|gen|8\n|tier|[Gen 8] OU\n|rated|\n|rule|Sleep Clause Mod: Limit one foe put to sleep\n|rule|Species Clause: Limit one of each Pok\u00e9mon\n|rule|OHKO Clause: OHKO moves are banned\n|rule|Evasion Items Clause: Evasion items are banned\n|rule|Evasion Moves Clause: Evasion moves are banned\n|rule|Endless Battle Clause: Forcing endless battles is banned\n|rule|HP Percentage Mod: HP is shown in percentages\n|rule|Dynamax Clause: You cannot dynamax\n|clearpoke\n|poke|p1|Melmetal|\n|poke|p1|Weavile, F|\n|poke|p1|Zapdos|\n|poke|p1|Landorus-Therian, M|\n|poke|p1|Volcanion|\n|poke|p1|Kartana|\n|poke|p2|Politoed, M|\n|poke|p2|Heliolisk, M|\n|poke|p2|Kingdra, F|\n|poke|p2|Mudsdale, F|\n|poke|p2|Scizor, M|\n|poke|p2|Victini|\n|teampreview\n|inactive|Battle timer is ON: inactive players will automatically lose when time's up. (requested by RggV_YT)\n|inactive|lzhlzhlzh also wants the timer to be on.\n|\n|t:|1664939928\n|start\n|switch|p1a: Zapdos|Zapdos|100\/100\n|switch|p2a: Politoed|Politoed, M|100\/100\n|-weather|RainDance|[from] ability: Drizzle|[of] p2a: Politoed\n|turn|1\n|j| I'M AT MY LIMIT!\n|\n|t:|1664939935\n|switch|p2a: Heliolisk|Heliolisk, M|100\/100\n|move|p1a: Zapdos|Hurricane|p2a: Heliolisk\n|-resisted|p2a: Heliolisk\n|-damage|p2a: Heliolisk|61\/100\n|\n|-weather|RainDance|[upkeep]\n|-heal|p2a: Heliolisk|74\/100|[from] ability: Dry Skin\n|upkeep\n|turn|2\n|j| Kyurem\n|\n|t:|1664939946\n|move|p2a: Heliolisk|Surf|p1a: Zapdos\n|-crit|p1a: Zapdos\n|-damage|p1a: Zapdos|3\/100\n|-damage|p2a: Heliolisk|64\/100|[from] item: Life Orb\n|move|p1a: Zapdos|Volt Switch|p2a: Heliolisk\n|-resisted|p2a: Heliolisk\n|-damage|p2a: Heliolisk|37\/100\n|\n|t:|1664939954\n|switch|p1a: Weavile|Weavile, F|100\/100|[from]move: Volt Switch\n|-ability|p1a: Weavile|Pressure\n|\n|-weather|RainDance|[upkeep]\n|-heal|p2a: Heliolisk|49\/100|[from] ability: Dry Skin\n|upkeep\n|turn|3\n|\n|t:|1664939964\n|switch|p2a: Mudsdale|Mudsdale, F, shiny|100\/100\n|move|p1a: Weavile|Beat Up|p2a: Mudsdale\n|-damage|p2a: Mudsdale|93\/100\n|-ability|p2a: Mudsdale|Stamina|boost\n|-boost|p2a: Mudsdale|def|1\n|-damage|p2a: Mudsdale|88\/100\n|-ability|p2a: Mudsdale|Stamina|boost\n|-boost|p2a: Mudsdale|def|1\n|-damage|p2a: Mudsdale|84\/100\n|-ability|p2a: Mudsdale|Stamina|boost\n|-boost|p2a: Mudsdale|def|1\n|-damage|p2a: Mudsdale|81\/100\n|-ability|p2a: Mudsdale|Stamina|boost\n|-boost|p2a: Mudsdale|def|1\n|-damage|p2a: Mudsdale|78\/100\n|-ability|p2a: Mudsdale|Stamina|boost\n|-boost|p2a: Mudsdale|def|1\n|-damage|p2a: Mudsdale|75\/100\n|-ability|p2a: Mudsdale|Stamina|boost\n|-boost|p2a: Mudsdale|def|1\n|-hitcount|p2a: Mudsdale|6\n|\n|-weather|RainDance|[upkeep]\n|-heal|p2a: Mudsdale|81\/100|[from] item: Leftovers\n|upkeep\n|turn|4\n|\n|t:|1664939971\n|switch|p1a: Zapdos|Zapdos|3\/100\n|move|p2a: Mudsdale|Stealth Rock|p1a: Zapdos\n|-sidestart|p1: lzhlzhlzh|move: Stealth Rock\n|\n|-weather|RainDance|[upkeep]\n|-heal|p2a: Mudsdale|87\/100|[from] item: Leftovers\n|upkeep\n|turn|5\n|\n|t:|1664939976\n|move|p1a: Zapdos|Hurricane|p2a: Mudsdale\n|-damage|p2a: Mudsdale|26\/100\n|move|p2a: Mudsdale|Body Press|p1a: Zapdos\n|-resisted|p1a: Zapdos\n|-damage|p1a: Zapdos|0 fnt\n|faint|p1a: Zapdos\n|\n|-weather|RainDance|[upkeep]\n|-heal|p2a: Mudsdale|33\/100|[from] item: Leftovers\n|upkeep\n|\n|t:|1664939985\n|switch|p1a: Kartana|Kartana|100\/100\n|-damage|p1a: Kartana|94\/100|[from] Stealth Rock\n|turn|6\n|\n|t:|1664939994\n|move|p1a: Kartana|Leaf Blade|p2a: Mudsdale\n|-supereffective|p2a: Mudsdale\n|-damage|p2a: Mudsdale|14\/100\n|move|p2a: Mudsdale|Body Press|p1a: Kartana\n|-supereffective|p1a: Kartana\n|-damage|p1a: Kartana|0 fnt\n|faint|p1a: Kartana\n|\n|-weather|RainDance|[upkeep]\n|-heal|p2a: Mudsdale|21\/100|[from] item: Leftovers\n|upkeep\n|l| I'M AT MY LIMIT!\n|-message|lzhlzhlzh forfeited.\n|\n|win|RggV_YT\n|raw|lzhlzhlzh's rating: 1699 &rarr; <strong>1684<\/strong><br \/>(-15 for losing)\n|raw|RggV_YT's rating: 1785 &rarr; <strong>1800<\/strong><br \/>(+15 for winning)\n|l|\u2606lzhlzhlzh\n","uploadtime":1664940004,"views":29,"p1id":"lzhlzhlzh","p2id":"rggvyt","formatid":"gen8ou","rating":1684,"private":0,"password":null}