{"id":"gen8nationaldexag-1552681994","p1":"Rediyu","p2":"Lumas Stern","format":"gen8nationaldexag","log":"|j|\u2606Rediyu\n|j|\u2606Lumas Stern\n|t:|1649873615\n|gametype|singles\n|player|p1|Rediyu|guitarist|\n|player|p2|Lumas Stern|giovanni|\n|teamsize|p1|6\n|teamsize|p2|6\n|gen|8\n|tier|[Gen 8] National Dex AG\n|rule|HP Percentage Mod: HP is shown in percentages\n|rule|Endless Battle Clause: Forcing endless battles is banned\n|clearpoke\n|poke|p1|Latias, F|\n|poke|p1|Poliwrath, M|\n|poke|p1|Weavile, F|\n|poke|p1|Crobat, F|\n|poke|p1|Swampert, M|\n|poke|p1|Rotom-Heat|\n|poke|p2|Piloswine, M|\n|poke|p2|Feraligatr, M|\n|poke|p2|Heliolisk, M|\n|poke|p2|Deoxys-Defense|\n|poke|p2|Corviknight, F|\n|poke|p2|Charizard, M|\n|teampreview\n|\n|t:|1649873723\n|start\n|switch|p1a: Hudan|Swampert, M|100\/100\n|switch|p2a: Horikita|Heliolisk, M|100\/100\n|turn|1\n|\n|t:|1649873749\n|switch|p1a: Cyclamen|Latias, F|100\/100\n|move|p2a: Horikita|Grass Knot|p1a: Cyclamen\n|-resisted|p1a: Cyclamen\n|-damage|p1a: Cyclamen|92\/100\n|\n|upkeep\n|turn|2\n|\n|t:|1649873770\n|switch|p2a: Ayanokoji|Deoxys-Defense|100\/100\n|-ability|p2a: Ayanokoji|Pressure\n|detailschange|p1a: Cyclamen|Latias-Mega, F\n|-mega|p1a: Cyclamen|Latias|Latiasite\n|move|p1a: Cyclamen|Draco Meteor|p2a: Ayanokoji\n|-damage|p2a: Ayanokoji|62\/100\n|-unboost|p1a: Cyclamen|spa|2\n|\n|-heal|p2a: Ayanokoji|68\/100|[from] item: Leftovers\n|upkeep\n|turn|3\n|\n|t:|1649873821\n|move|p1a: Cyclamen|Toxic|p2a: Ayanokoji\n|-status|p2a: Ayanokoji|tox\n|move|p2a: Ayanokoji|Toxic|p1a: Cyclamen\n|-status|p1a: Cyclamen|tox\n|\n|-heal|p2a: Ayanokoji|74\/100 tox|[from] item: Leftovers\n|-damage|p1a: Cyclamen|86\/100 tox|[from] psn\n|-damage|p2a: Ayanokoji|68\/100 tox|[from] psn\n|upkeep\n|turn|4\n|\n|t:|1649873859\n|switch|p1a: Snowdrope|Weavile, F|100\/100\n|-ability|p1a: Snowdrope|Pressure\n|move|p2a: Ayanokoji|Teleport|p2a: Ayanokoji\n|\n|t:|1649873952\n|switch|p2a: Ryuen|Charizard, M|100\/100|[from]move: Teleport\n|\n|upkeep\n|turn|5\n|\n|t:|1649874039\n|switch|p1a: Substitoad|Poliwrath, M|100\/100\n|detailschange|p2a: Ryuen|Charizard-Mega-X, M\n|-mega|p2a: Ryuen|Charizard|Charizardite X\n|move|p2a: Ryuen|Dragon Claw|p1a: Substitoad\n|-damage|p1a: Substitoad|64\/100\n|-damage|p2a: Ryuen|84\/100|[from] item: Rocky Helmet|[of] p1a: Substitoad\n|\n|upkeep\n|turn|6\n|\n|t:|1649874135\n|switch|p2a: Sakayanagi|Corviknight, F|100\/100\n|-ability|p2a: Sakayanagi|Pressure\n|move|p1a: Substitoad|Drain Punch|p2a: Sakayanagi\n|-damage|p2a: Sakayanagi|84\/100\n|-heal|p1a: Substitoad|73\/100|[from] drain|[of] p2a: Sakayanagi\n|\n|-heal|p2a: Sakayanagi|90\/100|[from] item: Leftovers\n|upkeep\n|turn|7\n|\n|t:|1649874173\n|switch|p1a: Fire Blossom|Rotom-Heat|100\/100\n|move|p2a: Sakayanagi|Drill Peck|p1a: Fire Blossom\n|-resisted|p1a: Fire Blossom\n|-damage|p1a: Fire Blossom|85\/100\n|\n|-heal|p2a: Sakayanagi|96\/100|[from] item: Leftovers\n|upkeep\n|turn|8\n|\n|t:|1649874202\n|switch|p2a: Ryuen|Charizard-Mega-X, M|84\/100\n|move|p1a: Fire Blossom|Volt Switch|p2a: Ryuen\n|-resisted|p2a: Ryuen\n|-damage|p2a: Ryuen|63\/100\n|\n|t:|1649874235\n|switch|p1a: Hudan|Swampert, M|100\/100|[from]move: Volt Switch\n|\n|upkeep\n|turn|9\n|\n|t:|1649874270\n|move|p2a: Ryuen|Roost|p2a: Ryuen\n|-heal|p2a: Ryuen|100\/100\n|-singleturn|p2a: Ryuen|move: Roost\n|move|p1a: Hudan|Stealth Rock|p2a: Ryuen\n|-sidestart|p2: Lumas Stern|move: Stealth Rock\n|\n|upkeep\n|turn|10\n|\n|t:|1649874290\n|switch|p2a: Sakayanagi|Corviknight, F|96\/100\n|-damage|p2a: Sakayanagi|84\/100|[from] Stealth Rock\n|-ability|p2a: Sakayanagi|Pressure\n|move|p1a: Hudan|Flip Turn|p2a: Sakayanagi\n|-damage|p2a: Sakayanagi|71\/100\n|\n|t:|1649874309\n|switch|p1a: Fire Blossom|Rotom-Heat|85\/100|[from]move: Flip Turn\n|\n|-heal|p2a: Sakayanagi|77\/100|[from] item: Leftovers\n|upkeep\n|turn|11\n|\n|t:|1649874336\n|switch|p2a: Ryuen|Charizard-Mega-X, M|100\/100\n|-damage|p2a: Ryuen|76\/100|[from] Stealth Rock\n|move|p1a: Fire Blossom|Overheat|p2a: Ryuen\n|-resisted|p2a: Ryuen\n|-damage|p2a: Ryuen|57\/100\n|-unboost|p1a: Fire Blossom|spa|2\n|\n|upkeep\n|turn|12\n|\n|t:|1649874406\n|switch|p1a: Substitoad|Poliwrath, M|73\/100\n|move|p2a: Ryuen|Roost|p2a: Ryuen\n|-heal|p2a: Ryuen|100\/100\n|-singleturn|p2a: Ryuen|move: Roost\n|\n|upkeep\n|turn|13\n|\n|t:|1649874417\n|switch|p2a: Sakayanagi|Corviknight, F|77\/100\n|-damage|p2a: Sakayanagi|64\/100|[from] Stealth Rock\n|-ability|p2a: Sakayanagi|Pressure\n|move|p1a: Substitoad|Circle Throw|p2a: Sakayanagi\n|-damage|p2a: Sakayanagi|53\/100\n|drag|p2a: Sudo|Piloswine, M|100\/100\n|-damage|p2a: Sudo|88\/100|[from] Stealth Rock\n|\n|upkeep\n|turn|14\n|\n|t:|1649874429\n|move|p1a: Substitoad|Scald|p2a: Sudo\n|-supereffective|p2a: Sudo\n|-damage|p2a: Sudo|52\/100\n|-status|p2a: Sudo|brn\n|move|p2a: Sudo|Earthquake|p1a: Substitoad\n|-damage|p1a: Substitoad|62\/100\n|\n|-damage|p2a: Sudo|46\/100 brn|[from] brn\n|upkeep\n|turn|15\n|\n|t:|1649874439\n|move|p1a: Substitoad|Drain Punch|p2a: Sudo\n|-supereffective|p2a: Sudo\n|-damage|p2a: Sudo|24\/100 brn\n|-heal|p1a: Substitoad|73\/100|[from] drain|[of] p2a: Sudo\n|move|p2a: Sudo|Rest|p2a: Sudo\n|-status|p2a: Sudo|slp|[from] move: Rest\n|-heal|p2a: Sudo|100\/100 slp|[silent]\n|\n|upkeep\n|turn|16\n|\n|t:|1649874452\n|move|p1a: Substitoad|Scald|p2a: Sudo\n|-supereffective|p2a: Sudo\n|-damage|p2a: Sudo|67\/100 slp\n|cant|p2a: Sudo|slp\n|move|p2a: Sudo|Sleep Talk|p2a: Sudo\n|move|p2a: Sudo|Rest||[from]move: Sleep Talk|[still]\n|-fail|p2a: Sudo\n|\n|upkeep\n|turn|17\n|\n|t:|1649874461\n|switch|p2a: Sakayanagi|Corviknight, F|53\/100\n|-damage|p2a: Sakayanagi|41\/100|[from] Stealth Rock\n|-ability|p2a: Sakayanagi|Pressure\n|move|p1a: Substitoad|Scald|p2a: Sakayanagi\n|-damage|p2a: Sakayanagi|19\/100\n|\n|-heal|p2a: Sakayanagi|25\/100|[from] item: Leftovers\n|upkeep\n|turn|18\n|\n|t:|1649874504\n|switch|p1a: Fire Blossom|Rotom-Heat|85\/100\n|move|p2a: Sakayanagi|Roost|p2a: Sakayanagi\n|-heal|p2a: Sakayanagi|75\/100\n|-singleturn|p2a: Sakayanagi|move: Roost\n|\n|-heal|p2a: Sakayanagi|81\/100|[from] item: Leftovers\n|upkeep\n|turn|19\n|\n|t:|1649874519\n|switch|p2a: Sudo|Piloswine, M|67\/100 slp\n|-damage|p2a: Sudo|55\/100 slp|[from] Stealth Rock\n|move|p1a: Fire Blossom|Volt Switch|p2a: Sudo\n|-immune|p2a: Sudo\n|\n|upkeep\n|turn|20\n|\n|t:|1649874619\n|move|p1a: Fire Blossom|Overheat|p2a: Sudo\n|-supereffective|p2a: Sudo\n|-damage|p2a: Sudo|6\/100 slp\n|-unboost|p1a: Fire Blossom|spa|2\n|cant|p2a: Sudo|slp\n|move|p2a: Sudo|Sleep Talk|p2a: Sudo\n|move|p2a: Sudo|Rest||[from]move: Sleep Talk|[still]\n|-fail|p2a: Sudo\n|\n|upkeep\n|turn|21\n|\n|t:|1649874626\n|move|p1a: Fire Blossom|Overheat|p2a: Sudo\n|-supereffective|p2a: Sudo\n|-damage|p2a: Sudo|0 fnt\n|-unboost|p1a: Fire Blossom|spa|2\n|faint|p2a: Sudo\n|\n|upkeep\n|\n|t:|1649874635\n|switch|p2a: Horikita|Heliolisk, M|100\/100\n|-damage|p2a: Horikita|88\/100|[from] Stealth Rock\n|turn|22\n|\n|t:|1649874685\n|switch|p1a: Cyclamen|Latias-Mega, F|86\/100 tox\n|move|p2a: Horikita|Hyper Voice|p1a: Cyclamen\n|-damage|p1a: Cyclamen|49\/100 tox\n|\n|-damage|p1a: Cyclamen|43\/100 tox|[from] psn\n|upkeep\n|turn|23\n|\n|t:|1649874793\n|move|p2a: Horikita|Hyper Voice|p1a: Cyclamen\n|-damage|p1a: Cyclamen|6\/100 tox\n|move|p1a: Cyclamen|Roost|p1a: Cyclamen\n|-heal|p1a: Cyclamen|56\/100 tox\n|-singleturn|p1a: Cyclamen|move: Roost\n|\n|-damage|p1a: Cyclamen|44\/100 tox|[from] psn\n|upkeep\n|turn|24\n|\n|t:|1649874833\n|switch|p2a: Ayanokoji|Deoxys-Defense|68\/100 tox\n|-damage|p2a: Ayanokoji|56\/100 tox|[from] Stealth Rock\n|-ability|p2a: Ayanokoji|Pressure\n|switch|p1a: Hudan|Swampert, M|100\/100\n|\n|-heal|p2a: Ayanokoji|62\/100 tox|[from] item: Leftovers\n|-damage|p2a: Ayanokoji|56\/100 tox|[from] psn\n|upkeep\n|turn|25\n|\n|t:|1649874849\n|move|p2a: Ayanokoji|Toxic|p1a: Hudan\n|-status|p1a: Hudan|tox\n|move|p1a: Hudan|Flip Turn|p2a: Ayanokoji\n|-damage|p2a: Ayanokoji|37\/100 tox\n|\n|t:|1649874851\n|switch|p1a: Snowdrope|Weavile, F|100\/100|[from]move: Flip Turn\n|-ability|p1a: Snowdrope|Pressure\n|\n|-heal|p2a: Ayanokoji|43\/100 tox|[from] item: Leftovers\n|-damage|p2a: Ayanokoji|31\/100 tox|[from] psn\n|upkeep\n|turn|26\n|\n|t:|1649874880\n|switch|p2a: Sakayanagi|Corviknight, F|81\/100\n|-damage|p2a: Sakayanagi|69\/100|[from] Stealth Rock\n|-ability|p2a: Sakayanagi|Pressure\n|move|p1a: Snowdrope|Knock Off|p2a: Sakayanagi\n|-damage|p2a: Sakayanagi|22\/100\n|-enditem|p2a: Sakayanagi|Leftovers|[from] move: Knock Off|[of] p1a: Snowdrope\n|\n|upkeep\n|turn|27\n|\n|t:|1649874901\n|move|p1a: Snowdrope|Knock Off|p2a: Sakayanagi\n|-damage|p2a: Sakayanagi|0 fnt\n|faint|p2a: Sakayanagi\n|\n|upkeep\n|\n|t:|1649874904\n|switch|p2a: Ryuen|Charizard-Mega-X, M|100\/100\n|-damage|p2a: Ryuen|76\/100|[from] Stealth Rock\n|turn|28\n|\n|t:|1649874936\n|switch|p1a: Hudan|Swampert, M|100\/100 tox\n|move|p2a: Ryuen|Dragon Claw|p1a: Hudan\n|-damage|p1a: Hudan|67\/100 tox\n|\n|-heal|p1a: Hudan|74\/100 tox|[from] item: Leftovers\n|-damage|p1a: Hudan|67\/100 tox|[from] psn\n|upkeep\n|turn|29\n|\n|t:|1649874987\n|switch|p2a: Housen|Feraligatr, M|100\/100\n|-damage|p2a: Housen|88\/100|[from] Stealth Rock\n|move|p1a: Hudan|Earthquake|p2a: Housen\n|-damage|p2a: Housen|49\/100\n|\n|-heal|p1a: Hudan|74\/100 tox|[from] item: Leftovers\n|-damage|p1a: Hudan|61\/100 tox|[from] psn\n|upkeep\n|turn|30\n|\n|t:|1649875046\n|switch|p2a: Horikita|Heliolisk, M|88\/100\n|-damage|p2a: Horikita|76\/100|[from] Stealth Rock\n|move|p1a: Hudan|Flip Turn|p2a: Horikita\n|-heal|p2a: Horikita|100\/100|[from] ability: Dry Skin|[of] p1a: Hudan\n|\n|-heal|p1a: Hudan|67\/100 tox|[from] item: Leftovers\n|-damage|p1a: Hudan|49\/100 tox|[from] psn\n|upkeep\n|turn|31\n|\n|t:|1649875097\n|switch|p1a: Hellebore|Crobat, F|100\/100\n|move|p2a: Horikita|Grass Knot|p1a: Hellebore\n|-resisted|p1a: Hellebore\n|-damage|p1a: Hellebore|95\/100\n|\n|upkeep\n|turn|32\n|\n|t:|1649875125\n|switch|p2a: Housen|Feraligatr, M|49\/100\n|-damage|p2a: Housen|37\/100|[from] Stealth Rock\n|move|p1a: Hellebore|U-turn|p2a: Housen\n|-damage|p2a: Housen|22\/100\n|\n|t:|1649875149\n|switch|p1a: Fire Blossom|Rotom-Heat|85\/100|[from]move: U-turn\n|\n|upkeep\n|turn|33\n|\n|t:|1649875153\n|move|p2a: Housen|Aqua Jet|p1a: Fire Blossom\n|-supereffective|p1a: Fire Blossom\n|-enditem|p1a: Fire Blossom|Passho Berry|[eat]\n|-enditem|p1a: Fire Blossom|Passho Berry|[weaken]\n|-damage|p1a: Fire Blossom|55\/100\n|-damage|p2a: Housen|12\/100|[from] item: Life Orb\n|move|p1a: Fire Blossom|Volt Switch|p2a: Housen\n|-supereffective|p2a: Housen\n|-damage|p2a: Housen|0 fnt\n|faint|p2a: Housen\n|\n|t:|1649875176\n|switch|p1a: Snowdrope|Weavile, F|100\/100|[from]move: Volt Switch\n|-ability|p1a: Snowdrope|Pressure\n|\n|upkeep\n|\n|t:|1649875220\n|switch|p2a: Horikita|Heliolisk, M|100\/100\n|-damage|p2a: Horikita|88\/100|[from] Stealth Rock\n|turn|34\n|\n|t:|1649875250\n|switch|p1a: Hellebore|Crobat, F|95\/100\n|move|p2a: Horikita|Volt Switch|p1a: Hellebore\n|-supereffective|p1a: Hellebore\n|-damage|p1a: Hellebore|32\/100\n|\n|t:|1649875346\n|switch|p2a: Ryuen|Charizard-Mega-X, M|76\/100|[from]move: Volt Switch\n|-damage|p2a: Ryuen|51\/100|[from] Stealth Rock\n|\n|upkeep\n|turn|35\n|\n|t:|1649875357\n|move|p1a: Hellebore|U-turn|p2a: Ryuen\n|-resisted|p2a: Ryuen\n|-damage|p2a: Ryuen|43\/100\n|\n|t:|1649875370\n|switch|p1a: Substitoad|Poliwrath, M|73\/100|[from]move: U-turn\n|move|p2a: Ryuen|Roost|p2a: Ryuen\n|-heal|p2a: Ryuen|93\/100\n|-singleturn|p2a: Ryuen|move: Roost\n|\n|upkeep\n|turn|36\n|\n|t:|1649875404\n|move|p2a: Ryuen|Dragon Claw|p1a: Substitoad\n|-damage|p1a: Substitoad|34\/100\n|-damage|p2a: Ryuen|77\/100|[from] item: Rocky Helmet|[of] p1a: Substitoad\n|move|p1a: Substitoad|Toxic|p2a: Ryuen\n|-status|p2a: Ryuen|tox\n|\n|-damage|p2a: Ryuen|71\/100 tox|[from] psn\n|upkeep\n|turn|37\n|\n|t:|1649875453\n|move|p2a: Ryuen|Dragon Claw|p1a: Substitoad\n|-damage|p1a: Substitoad|1\/100\n|-damage|p2a: Ryuen|54\/100 tox|[from] item: Rocky Helmet|[of] p1a: Substitoad\n|move|p1a: Substitoad|Circle Throw|p2a: Ryuen\n|-damage|p2a: Ryuen|35\/100 tox\n|drag|p2a: Ayanokoji|Deoxys-Defense|31\/100 tox\n|-damage|p2a: Ayanokoji|19\/100 tox|[from] Stealth Rock\n|-ability|p2a: Ayanokoji|Pressure\n|\n|-heal|p2a: Ayanokoji|25\/100 tox|[from] item: Leftovers\n|-damage|p2a: Ayanokoji|19\/100 tox|[from] psn\n|upkeep\n|turn|38\n|c|\u2606Lumas Stern|das ist ein schlechter scherz\n|\n|t:|1649875493\n|switch|p1a: Snowdrope|Weavile, F|100\/100\n|-ability|p1a: Snowdrope|Pressure\n|move|p2a: Ayanokoji|Recover|p2a: Ayanokoji\n|-heal|p2a: Ayanokoji|69\/100 tox\n|\n|-heal|p2a: Ayanokoji|75\/100 tox|[from] item: Leftovers\n|-damage|p2a: Ayanokoji|63\/100 tox|[from] psn\n|upkeep\n|turn|39\n|\n|t:|1649875515\n|switch|p2a: Ryuen|Charizard-Mega-X, M|35\/100 tox\n|-damage|p2a: Ryuen|10\/100 tox|[from] Stealth Rock\n|move|p1a: Snowdrope|Knock Off|p2a: Ryuen\n|-damage|p2a: Ryuen|0 fnt\n|faint|p2a: Ryuen\n|\n|upkeep\n|\n|t:|1649875517\n|switch|p2a: Horikita|Heliolisk, M|88\/100\n|-damage|p2a: Horikita|76\/100|[from] Stealth Rock\n|turn|40\n|\n|t:|1649875561\n|switch|p1a: Hellebore|Crobat, F|32\/100\n|move|p2a: Horikita|Volt Switch|p1a: Hellebore\n|-supereffective|p1a: Hellebore\n|-damage|p1a: Hellebore|0 fnt\n|faint|p1a: Hellebore\n|\n|t:|1649875564\n|switch|p2a: Ayanokoji|Deoxys-Defense|63\/100 tox|[from]move: Volt Switch\n|-damage|p2a: Ayanokoji|51\/100 tox|[from] Stealth Rock\n|-ability|p2a: Ayanokoji|Pressure\n|\n|-heal|p2a: Ayanokoji|57\/100 tox|[from] item: Leftovers\n|-damage|p2a: Ayanokoji|51\/100 tox|[from] psn\n|upkeep\n|\n|t:|1649875568\n|switch|p1a: Snowdrope|Weavile, F|100\/100\n|-ability|p1a: Snowdrope|Pressure\n|turn|41\n|\n|t:|1649875572\n|move|p1a: Snowdrope|Knock Off|p2a: Ayanokoji\n|-supereffective|p2a: Ayanokoji\n|-damage|p2a: Ayanokoji|0 fnt\n|-enditem|p2a: Ayanokoji|Leftovers|[from] move: Knock Off|[of] p1a: Snowdrope\n|faint|p2a: Ayanokoji\n|\n|upkeep\n|\n|t:|1649875574\n|switch|p2a: Horikita|Heliolisk, M|76\/100\n|-damage|p2a: Horikita|64\/100|[from] Stealth Rock\n|turn|42\n|\n|t:|1649875592\n|move|p2a: Horikita|Dark Pulse|p1a: Snowdrope\n|-resisted|p1a: Snowdrope\n|-damage|p1a: Snowdrope|82\/100\n|move|p1a: Snowdrope|Knock Off|p2a: Horikita\n|-damage|p2a: Horikita|0 fnt\n|-enditem|p2a: Horikita|Choice Scarf|[from] move: Knock Off|[of] p1a: Snowdrope\n|faint|p2a: Horikita\n|\n|win|Rediyu\n|c|\u2606Rediyu|gg\n","uploadtime":1649875602,"views":39,"p1id":"rediyu","p2id":"lumasstern","formatid":"gen8nationaldexag","rating":0,"private":0,"password":null}