{"id":"gen8ou-1662119240","p1":"RggV_YT","p2":"jajajj","format":"gen8ou","log":"|j|\u2606RggV_YT\n|j|\u2606jajajj\n|t:|1662954443\n|gametype|singles\n|player|p1|RggV_YT|scientist-gen4|1667\n|player|p2|jajajj|169|1950\n|teamsize|p1|6\n|teamsize|p2|6\n|gen|8\n|tier|[Gen 8] OU\n|rated|\n|rule|Sleep Clause Mod: Limit one foe put to sleep\n|rule|Species Clause: Limit one of each Pok\u00e9mon\n|rule|OHKO Clause: OHKO moves are banned\n|rule|Evasion Items Clause: Evasion items are banned\n|rule|Evasion Moves Clause: Evasion moves are banned\n|rule|Endless Battle Clause: Forcing endless battles is banned\n|rule|HP Percentage Mod: HP is shown in percentages\n|rule|Dynamax Clause: You cannot dynamax\n|clearpoke\n|poke|p1|Politoed, M|\n|poke|p1|Heliolisk, M|\n|poke|p1|Kingdra, F|\n|poke|p1|Mudsdale, M|\n|poke|p1|Scizor, F|\n|poke|p1|Victini|\n|poke|p2|Zapdos|\n|poke|p2|Weavile, F|\n|poke|p2|Kartana|\n|poke|p2|Landorus-Therian, M|\n|poke|p2|Volcanion|\n|poke|p2|Melmetal|\n|teampreview\n|inactive|Battle timer is ON: inactive players will automatically lose when time's up. (requested by RggV_YT)\n|\n|t:|1662954457\n|start\n|switch|p1a: Politoed|Politoed, M|100\/100\n|switch|p2a: Melmetal|Melmetal|100\/100\n|-weather|RainDance|[from] ability: Drizzle|[of] p1a: Politoed\n|turn|1\n|j| NotErasthamus\n|\n|t:|1662954464\n|move|p2a: Melmetal|Double Iron Bash|p1a: Politoed\n|-resisted|p1a: Politoed\n|-damage|p1a: Politoed|74\/100\n|-resisted|p1a: Politoed\n|-damage|p1a: Politoed|49\/100\n|-hitcount|p1a: Politoed|2\n|move|p1a: Politoed|Counter|p2a: Melmetal\n|-damage|p2a: Melmetal|53\/100\n|\n|-weather|RainDance|[upkeep]\n|upkeep\n|turn|2\n|\n|t:|1662954469\n|switch|p1a: Mudsdale|Mudsdale, M, shiny|100\/100\n|move|p2a: Melmetal|Double Iron Bash|p1a: Mudsdale\n|-damage|p1a: Mudsdale|59\/100\n|-ability|p1a: Mudsdale|Stamina|boost\n|-boost|p1a: Mudsdale|def|1\n|-damage|p1a: Mudsdale|32\/100\n|-ability|p1a: Mudsdale|Stamina|boost\n|-boost|p1a: Mudsdale|def|1\n|-hitcount|p1a: Mudsdale|2\n|\n|-weather|RainDance|[upkeep]\n|-heal|p1a: Mudsdale|39\/100|[from] item: Leftovers\n|upkeep\n|turn|3\n|\n|t:|1662954472\n|move|p2a: Melmetal|Double Iron Bash|p1a: Mudsdale\n|-damage|p1a: Mudsdale|20\/100\n|-ability|p1a: Mudsdale|Stamina|boost\n|-boost|p1a: Mudsdale|def|1\n|-damage|p1a: Mudsdale|4\/100\n|-ability|p1a: Mudsdale|Stamina|boost\n|-boost|p1a: Mudsdale|def|1\n|-hitcount|p1a: Mudsdale|2\n|move|p1a: Mudsdale|Stealth Rock|p2a: Melmetal\n|-sidestart|p2: jajajj|move: Stealth Rock\n|\n|-weather|RainDance|[upkeep]\n|-heal|p1a: Mudsdale|10\/100|[from] item: Leftovers\n|upkeep\n|turn|4\n|\n|t:|1662954485\n|move|p2a: Melmetal|Double Iron Bash|p1a: Mudsdale\n|-damage|p1a: Mudsdale|0 fnt\n|faint|p1a: Mudsdale\n|-hitcount|p1: Mudsdale|1\n|\n|-weather|RainDance|[upkeep]\n|upkeep\n|\n|t:|1662954490\n|switch|p1a: Heliolisk|Heliolisk, M|100\/100\n|turn|5\n|\n|t:|1662954493\n|move|p1a: Heliolisk|Thunder|p2a: Melmetal\n|-damage|p2a: Melmetal|0 fnt\n|faint|p2a: Melmetal\n|-damage|p1a: Heliolisk|91\/100|[from] item: Life Orb\n|\n|-weather|RainDance|[upkeep]\n|-heal|p1a: Heliolisk|100\/100|[from] ability: Dry Skin\n|upkeep\n|\n|t:|1662954500\n|switch|p2a: Weavile|Weavile, F|100\/100\n|-damage|p2a: Weavile|76\/100|[from] Stealth Rock\n|-ability|p2a: Weavile|Pressure\n|turn|6\n|\n|t:|1662954505\n|switch|p1a: Scizor|Scizor, F|100\/100\n|move|p2a: Weavile|Knock Off|p1a: Scizor\n|-damage|p1a: Scizor|37\/100\n|-enditem|p1a: Scizor|Leftovers|[from] move: Knock Off|[of] p2a: Weavile\n|\n|-weather|RainDance|[upkeep]\n|upkeep\n|turn|7\n|\n|t:|1662954522\n|switch|p1a: Kingdra|Kingdra, F|100\/100\n|move|p2a: Weavile|Knock Off|p1a: Kingdra\n|-damage|p1a: Kingdra|8\/100\n|-enditem|p1a: Kingdra|Choice Specs|[from] move: Knock Off|[of] p2a: Weavile\n|\n|-weather|RainDance|[upkeep]\n|upkeep\n|turn|8\n|\n|t:|1662954530\n|switch|p2a: Volcanion|Volcanion|100\/100\n|-damage|p2a: Volcanion|76\/100|[from] Stealth Rock\n|move|p1a: Kingdra|Hydro Pump|p2a: Volcanion\n|-heal|p2a: Volcanion|100\/100|[from] ability: Water Absorb|[of] p1a: Kingdra\n|\n|-weather|none\n|upkeep\n|turn|9\n|\n|t:|1662954540\n|switch|p1a: Victini|Victini|100\/100\n|move|p2a: Volcanion|Earth Power|p1a: Victini\n|-supereffective|p1a: Victini\n|-damage|p1a: Victini|0 fnt\n|faint|p1a: Victini\n|\n|upkeep\n|-message|RggV_YT forfeited.\n|\n|win|jajajj\n|raw|RggV_YT's rating: 1667 &rarr; <strong>1660<\/strong><br \/>(-7 for losing)\n|raw|jajajj's rating: 1950 &rarr; <strong>1957<\/strong><br \/>(+7 for winning)\n|l|\u2606RggV_YT\n||Ladder isn't responding, score probably updated but might not have (Request timeout).\n","uploadtime":1662954550,"views":118,"p1id":"rggvyt","p2id":"jajajj","formatid":"gen8ou","rating":1660,"private":0,"password":null}