{"id":"gen8bdspou-1683150636","p1":"MurderousMantyke","p2":"Faranks","format":"gen8bdspou","log":"|j|\u2606MurderousMantyke\n|j|\u2606Faranks\n|t:|1665502102\n|gametype|singles\n|player|p1|MurderousMantyke|#helpstaffxmas|1354\n|player|p2|Faranks|101|1335\n|teamsize|p1|6\n|teamsize|p2|6\n|gen|8\n|tier|[Gen 8 BDSP] OU\n|rated|\n|rule|Sleep Clause Mod: Limit one foe put to sleep\n|rule|Species Clause: Limit one of each Pok\u00e9mon\n|rule|OHKO Clause: OHKO moves are banned\n|rule|Evasion Items Clause: Evasion items are banned\n|rule|Evasion Moves Clause: Evasion moves are banned\n|rule|Endless Battle Clause: Forcing endless battles is banned\n|rule|HP Percentage Mod: HP is shown in percentages\n|clearpoke\n|poke|p1|Celebi|\n|poke|p1|Feraligatr, F|\n|poke|p1|Garchomp, F|\n|poke|p1|Infernape, M|\n|poke|p1|Latias, F|\n|poke|p1|Scizor, F|\n|poke|p2|Skarmory, M|\n|poke|p2|Hippowdon, M|\n|poke|p2|Lucario, M|\n|poke|p2|Infernape, M|\n|poke|p2|Roserade, F|\n|poke|p2|Vaporeon, M|\n|teampreview\n|inactive|Battle timer is ON: inactive players will automatically lose when time's up. (requested by Faranks)\n|c|\u2606MurderousMantyke|hf\n|\n|t:|1665502119\n|start\n|switch|p1a: Garchomp|Garchomp, F|100\/100\n|switch|p2a: Hippowdon|Hippowdon, M|100\/100\n|-weather|Sandstorm|[from] ability: Sand Stream|[of] p2a: Hippowdon\n|turn|1\n|\n|t:|1665502129\n|move|p1a: Garchomp|Stealth Rock|p2a: Hippowdon\n|-sidestart|p2: Faranks|move: Stealth Rock\n|move|p2a: Hippowdon|Stealth Rock|p1a: Garchomp\n|-sidestart|p1: MurderousMantyke|move: Stealth Rock\n|\n|-weather|Sandstorm|[upkeep]\n|upkeep\n|turn|2\n|\n|t:|1665502134\n|move|p1a: Garchomp|Earthquake|p2a: Hippowdon\n|-damage|p2a: Hippowdon|70\/100\n|-damage|p1a: Garchomp|91\/100|[from] item: Life Orb\n|move|p2a: Hippowdon|Earthquake|p1a: Garchomp\n|-damage|p1a: Garchomp|53\/100\n|\n|-weather|Sandstorm|[upkeep]\n|upkeep\n|turn|3\n|\n|t:|1665502144\n|move|p1a: Garchomp|Draco Meteor|p2a: Hippowdon|[miss]\n|-miss|p1a: Garchomp|p2a: Hippowdon\n|move|p2a: Hippowdon|Earthquake|p1a: Garchomp\n|-damage|p1a: Garchomp|14\/100\n|\n|-weather|Sandstorm|[upkeep]\n|upkeep\n|turn|4\n|\n|t:|1665502159\n|move|p1a: Garchomp|Draco Meteor|p2a: Hippowdon\n|-damage|p2a: Hippowdon|0 fnt\n|-unboost|p1a: Garchomp|spa|2\n|faint|p2a: Hippowdon\n|-damage|p1a: Garchomp|4\/100|[from] item: Life Orb\n|\n|-weather|Sandstorm|[upkeep]\n|upkeep\n|\n|t:|1665502171\n|switch|p2a: Infernape|Infernape, M|100\/100\n|-damage|p2a: Infernape|88\/100|[from] Stealth Rock\n|turn|5\n|\n|t:|1665502176\n|move|p2a: Infernape|U-turn|p1a: Garchomp\n|-damage|p1a: Garchomp|0 fnt\n|-damage|p2a: Infernape|76\/100|[from] ability: Rough Skin|[of] p1a: Garchomp\n|faint|p1a: Garchomp\n|j| LT_Alt1\n|\n|t:|1665502191\n|switch|p2a: Roserade|Roserade, F|100\/100|[from]move: U-turn\n|-damage|p2a: Roserade|88\/100|[from] Stealth Rock\n|\n|-weather|none\n|-heal|p2a: Roserade|94\/100|[from] item: Black Sludge\n|upkeep\n|\n|t:|1665502194\n|switch|p1a: Infernape|Infernape, M|100\/100\n|-damage|p1a: Infernape|88\/100|[from] Stealth Rock\n|turn|6\n|inactive|Faranks has 120 seconds left.\n|\n|t:|1665502222\n|switch|p2a: Infernape|Infernape, M|76\/100\n|-damage|p2a: Infernape|64\/100|[from] Stealth Rock\n|move|p1a: Infernape|U-turn|p2a: Infernape\n|-resisted|p2a: Infernape\n|-damage|p2a: Infernape|52\/100\n|\n|t:|1665502231\n|switch|p1a: Celebi|Celebi|100\/100|[from]move: U-turn\n|-damage|p1a: Celebi|88\/100|[from] Stealth Rock\n|\n|upkeep\n|turn|7\n|inactive|Faranks has 120 seconds left.\n|\n|t:|1665502247\n|move|p1a: Celebi|Psychic|p2a: Infernape\n|-supereffective|p2a: Infernape\n|-damage|p2a: Infernape|0 fnt\n|faint|p2a: Infernape\n|\n|upkeep\n|inactive|Faranks has 120 seconds left.\n|\n|t:|1665502258\n|switch|p2a: Vaporeon|Vaporeon, M|100\/100\n|-damage|p2a: Vaporeon|88\/100|[from] Stealth Rock\n|turn|8\n|inactive|Faranks has 120 seconds left.\n|\n|t:|1665502267\n|switch|p1a: Scizor|Scizor, F|100\/100\n|-damage|p1a: Scizor|88\/100|[from] Stealth Rock\n|move|p2a: Vaporeon|Wish|p2a: Vaporeon\n|\n|-heal|p2a: Vaporeon|94\/100|[from] item: Leftovers\n|-heal|p1a: Scizor|94\/100|[from] item: Leftovers\n|upkeep\n|turn|9\n|\n|t:|1665502275\n|move|p2a: Vaporeon|Scald|p1a: Scizor\n|-damage|p1a: Scizor|65\/100\n|move|p1a: Scizor|Swords Dance|p1a: Scizor\n|-boost|p1a: Scizor|atk|2\n|\n|-heal|p2a: Vaporeon|100\/100|[from] move: Wish|[wisher] Vaporeon\n|-heal|p1a: Scizor|71\/100|[from] item: Leftovers\n|upkeep\n|turn|10\n|\n|t:|1665502283\n|move|p2a: Vaporeon|Scald|p1a: Scizor\n|-damage|p1a: Scizor|39\/100\n|move|p1a: Scizor|U-turn|p2a: Vaporeon\n|-damage|p2a: Vaporeon|29\/100\n|\n|t:|1665502287\n|switch|p1a: Infernape|Infernape, M|88\/100|[from]move: U-turn\n|-damage|p1a: Infernape|76\/100|[from] Stealth Rock\n|\n|-heal|p2a: Vaporeon|35\/100|[from] item: Leftovers\n|upkeep\n|turn|11\n|\n|t:|1665502294\n|move|p2a: Vaporeon|Protect|p2a: Vaporeon\n|-singleturn|p2a: Vaporeon|Protect\n|move|p1a: Infernape|Flare Blitz|p2a: Vaporeon\n|-activate|p2a: Vaporeon|move: Protect\n|\n|-heal|p2a: Vaporeon|41\/100|[from] item: Leftovers\n|upkeep\n|turn|12\n|j| Midori 2004\n|\n|t:|1665502302\n|move|p1a: Infernape|Flare Blitz|p2a: Vaporeon\n|-resisted|p2a: Vaporeon\n|-damage|p2a: Vaporeon|0 fnt\n|faint|p2a: Vaporeon\n|-damage|p1a: Infernape|55\/100|[from] Recoil\n|\n|upkeep\n|\n|t:|1665502315\n|switch|p2a: Lucario|Lucario, M|100\/100\n|-damage|p2a: Lucario|98\/100|[from] Stealth Rock\n|turn|13\n|\n|t:|1665502323\n|move|p2a: Lucario|Aura Sphere|p1a: Infernape\n|-damage|p1a: Infernape|0 fnt\n|faint|p1a: Infernape\n|\n|upkeep\n|\n|t:|1665502326\n|switch|p1a: Latias|Latias, F|100\/100\n|-damage|p1a: Latias|88\/100|[from] Stealth Rock\n|turn|14\n|\n|t:|1665502337\n|switch|p2a: Skarmory|Skarmory, M|100\/100\n|-damage|p2a: Skarmory|88\/100|[from] Stealth Rock\n|move|p1a: Latias|Calm Mind|p1a: Latias\n|-boost|p1a: Latias|spa|1\n|-boost|p1a: Latias|spd|1\n|\n|upkeep\n|turn|15\n|\n|t:|1665502353\n|move|p1a: Latias|Draco Meteor|p2a: Skarmory\n|-resisted|p2a: Skarmory\n|-damage|p2a: Skarmory|11\/100\n|-unboost|p1a: Latias|spa|2\n|move|p2a: Skarmory|Whirlwind|p1a: Latias\n|drag|p1a: Celebi|Celebi|88\/100\n|-damage|p1a: Celebi|76\/100|[from] Stealth Rock\n|\n|upkeep\n|turn|16\n|j| Caterpiefriend\n|\n|t:|1665502367\n|move|p1a: Celebi|Psychic|p2a: Skarmory\n|-resisted|p2a: Skarmory\n|-damage|p2a: Skarmory|0 fnt\n|faint|p2a: Skarmory\n|\n|upkeep\n|\n|t:|1665502377\n|switch|p2a: Lucario|Lucario, M|98\/100\n|-damage|p2a: Lucario|95\/100|[from] Stealth Rock\n|turn|17\n|\n|t:|1665502385\n|move|p1a: Celebi|Psychic|p2a: Lucario\n|-damage|p2a: Lucario|30\/100\n|move|p2a: Lucario|Dark Pulse|p1a: Celebi\n|-supereffective|p1a: Celebi\n|-damage|p1a: Celebi|28\/100\n|\n|upkeep\n|turn|18\n|c|\u2606MurderousMantyke|gg\n|\n|t:|1665502392\n|move|p1a: Celebi|Psychic|p2a: Lucario\n|-damage|p2a: Lucario|0 fnt\n|faint|p2a: Lucario\n|\n|upkeep\n|\n|t:|1665502396\n|switch|p2a: Roserade|Roserade, F|94\/100\n|-damage|p2a: Roserade|82\/100|[from] Stealth Rock\n|turn|19\n|\n|t:|1665502401\n|move|p1a: Celebi|Psychic|p2a: Roserade\n|-supereffective|p2a: Roserade\n|-damage|p2a: Roserade|21\/100\n|move|p2a: Roserade|Sludge Bomb|p1a: Celebi\n|-supereffective|p1a: Celebi\n|-damage|p1a: Celebi|0 fnt\n|faint|p1a: Celebi\n|\n|-heal|p2a: Roserade|27\/100|[from] item: Black Sludge\n|upkeep\n|\n|t:|1665502407\n|switch|p1a: Latias|Latias, F|88\/100\n|-damage|p1a: Latias|76\/100|[from] Stealth Rock\n|turn|20\n|\n|t:|1665502412\n|move|p1a: Latias|Draco Meteor|p2a: Roserade\n|-damage|p2a: Roserade|0 fnt\n|-unboost|p1a: Latias|spa|2\n|faint|p2a: Roserade\n|\n|win|MurderousMantyke\n|raw|MurderousMantyke's rating: 1354 &rarr; <strong>1373<\/strong><br \/>(+19 for winning)\n|raw|Faranks's rating: 1335 &rarr; <strong>1316<\/strong><br \/>(-19 for losing)\n|l|\u2606MurderousMantyke\n|l|\u2606Faranks\n|l| Midori 2004\n|l| Caterpiefriend\n||Ladder isn't responding, score probably updated but might not have (Request timeout).\n","uploadtime":1665502624,"views":32,"p1id":"murderousmantyke","p2id":"faranks","formatid":"gen8bdspou","rating":1316,"private":0,"password":null}