{"id":"gen8randombattle-1543940937","p1":"CoconutCrabs","p2":"Micael Lopes","format":"gen8randombattle","log":"|j|\u2606CoconutCrabs\n|j|\u2606Micael Lopes\n|t:|1648843259\n|gametype|singles\n|player|p1|CoconutCrabs|chuck|1874\n|player|p2|Micael Lopes|benga|1830\n|teamsize|p1|6\n|teamsize|p2|6\n|gen|8\n|tier|[Gen 8] Random Battle\n|rated|\n|rule|Species Clause: Limit one of each Pok\u00e9mon\n|rule|HP Percentage Mod: HP is shown in percentages\n|rule|Sleep Clause Mod: Limit one foe put to sleep\n|\n|t:|1648843259\n|start\n|switch|p1a: Raichu|Raichu, L86, M|243\/243\n|switch|p2a: Shedinja|Shedinja, L88|1\/1\n|turn|1\n|inactive|Battle timer is ON: inactive players will automatically lose when time's up. (requested by Micael Lopes)\n|inactive|CoconutCrabs has 120 seconds left.\n|\n|t:|1648843298\n|switch|p1a: Lurantis|Lurantis, L86, M|261\/261\n|move|p2a: Shedinja|Will-O-Wisp|p1a: Lurantis\n|-status|p1a: Lurantis|brn\n|\n|-damage|p1a: Lurantis|245\/261 brn|[from] brn\n|upkeep\n|turn|2\n|\n|t:|1648843309\n|switch|p1a: Crawdaunt|Crawdaunt, L84, M|243\/243\n|switch|p2a: Absol|Absol, L84, F|246\/246\n|\n|upkeep\n|turn|3\n|\n|t:|1648843314\n|switch|p1a: Lurantis|Lurantis, L86, M|245\/261 brn\n|move|p2a: Absol|Close Combat|p1a: Lurantis\n|-damage|p1a: Lurantis|110\/261 brn\n|-unboost|p2a: Absol|def|1\n|-unboost|p2a: Absol|spd|1\n|-damage|p2a: Absol|222\/246|[from] item: Life Orb\n|\n|-heal|p1a: Lurantis|126\/261 brn|[from] item: Leftovers\n|-damage|p1a: Lurantis|110\/261 brn|[from] brn\n|upkeep\n|turn|4\n|\n|t:|1648843341\n|move|p2a: Absol|Knock Off|p1a: Lurantis\n|-damage|p1a: Lurantis|0 fnt\n|-enditem|p1a: Lurantis|Leftovers|[from] move: Knock Off|[of] p2a: Absol\n|faint|p1a: Lurantis\n|-damage|p2a: Absol|198\/246|[from] item: Life Orb\n|\n|upkeep\n|\n|t:|1648843345\n|switch|p1a: Crustle|Crustle, L82, F|249\/249\n|turn|5\n|\n|t:|1648843361\n|move|p2a: Absol|Knock Off|p1a: Crustle\n|-damage|p1a: Crustle|113\/249\n|-enditem|p1a: Crustle|Heavy-Duty Boots|[from] move: Knock Off|[of] p2a: Absol\n|-damage|p2a: Absol|174\/246|[from] item: Life Orb\n|move|p1a: Crustle|Shell Smash|p1a: Crustle\n|-unboost|p1a: Crustle|def|1\n|-unboost|p1a: Crustle|spd|1\n|-boost|p1a: Crustle|atk|2\n|-boost|p1a: Crustle|spa|2\n|-boost|p1a: Crustle|spe|2\n|\n|upkeep\n|turn|6\n|\n|t:|1648843374\n|move|p2a: Absol|Sucker Punch||[still]\n|-fail|p2a: Absol\n|move|p1a: Crustle|Shell Smash|p1a: Crustle\n|-unboost|p1a: Crustle|def|1\n|-unboost|p1a: Crustle|spd|1\n|-boost|p1a: Crustle|atk|2\n|-boost|p1a: Crustle|spa|2\n|-boost|p1a: Crustle|spe|2\n|\n|upkeep\n|turn|7\n|\n|t:|1648843377\n|move|p2a: Absol|Sucker Punch||[still]\n|-fail|p2a: Absol\n|move|p1a: Crustle|Shell Smash|p1a: Crustle\n|-unboost|p1a: Crustle|def|1\n|-unboost|p1a: Crustle|spd|1\n|-boost|p1a: Crustle|atk|2\n|-boost|p1a: Crustle|spa|2\n|-boost|p1a: Crustle|spe|2\n|\n|upkeep\n|turn|8\n|\n|t:|1648843379\n|move|p2a: Absol|Sucker Punch||[still]\n|-fail|p2a: Absol\n|move|p1a: Crustle|Shell Smash|p1a: Crustle\n|-unboost|p1a: Crustle|def|1\n|-unboost|p1a: Crustle|spd|1\n|-boost|p1a: Crustle|atk|0\n|-boost|p1a: Crustle|spa|0\n|-boost|p1a: Crustle|spe|0\n|\n|upkeep\n|turn|9\n|\n|t:|1648843381\n|move|p2a: Absol|Sucker Punch||[still]\n|-fail|p2a: Absol\n|move|p1a: Crustle|Shell Smash|p1a: Crustle\n|-unboost|p1a: Crustle|def|1\n|-unboost|p1a: Crustle|spd|1\n|-boost|p1a: Crustle|atk|0\n|-boost|p1a: Crustle|spa|0\n|-boost|p1a: Crustle|spe|0\n|\n|upkeep\n|turn|10\n|\n|t:|1648843383\n|move|p1a: Crustle|Shell Smash|p1a: Crustle\n|-unboost|p1a: Crustle|def|1\n|-unboost|p1a: Crustle|spd|1\n|-boost|p1a: Crustle|atk|0\n|-boost|p1a: Crustle|spa|0\n|-boost|p1a: Crustle|spe|0\n|move|p2a: Absol|Knock Off|p1a: Crustle\n|-damage|p1a: Crustle|0 fnt\n|faint|p1a: Crustle\n|-damage|p2a: Absol|150\/246|[from] item: Life Orb\n|\n|upkeep\n|\n|t:|1648843388\n|switch|p1a: Kingler|Kingler, L84, M|230\/230\n|turn|11\n|inactive|Micael Lopes has 120 seconds left.\n|\n|t:|1648843432\n|move|p2a: Absol|Knock Off|p1a: Kingler\n|-damage|p1a: Kingler|101\/230\n|-enditem|p1a: Kingler|Life Orb|[from] move: Knock Off|[of] p2a: Absol\n|-damage|p2a: Absol|126\/246|[from] item: Life Orb\n|move|p1a: Kingler|Liquidation|p2a: Absol\n|-damage|p2a: Absol|0 fnt\n|faint|p2a: Absol\n|\n|upkeep\n|\n|t:|1648843436\n|switch|p2a: Zeraora|Zeraora, L76|259\/259\n|turn|12\n|inactive|Micael Lopes has 120 seconds left.\n|\n|t:|1648843441\n|switch|p1a: Raichu|Raichu, L86, M|243\/243\n|move|p2a: Zeraora|Grass Knot|p1a: Raichu\n|-damage|p1a: Raichu|204\/243\n|\n|upkeep\n|turn|13\n|\n|t:|1648843447\n|move|p2a: Zeraora|Knock Off|p1a: Raichu\n|-crit|p1a: Raichu\n|-damage|p1a: Raichu|63\/243\n|-enditem|p1a: Raichu|Choice Specs|[from] move: Knock Off|[of] p2a: Zeraora\n|move|p1a: Raichu|Focus Blast|p2a: Zeraora|[miss]\n|-miss|p1a: Raichu|p2a: Zeraora\n|\n|upkeep\n|turn|14\n|-message|CoconutCrabs forfeited.\n|\n|win|Micael Lopes\n|raw|CoconutCrabs's rating: 1874 &rarr; <strong>1851<\/strong><br \/>(-23 for losing)\n|raw|Micael Lopes's rating: 1830 &rarr; <strong>1853<\/strong><br \/>(+23 for winning)\n|l|\u2606CoconutCrabs\n|c|\u2606Micael Lopes|**Sexy game.**\n||Ladder isn't responding, score probably updated but might not have (Request timeout).\n","inputlog":">version 76591c3a02f4dc0eb65744e500e5a6e6447a39e1\n>start {\"formatid\":\"gen8randombattle\",\"seed\":[61525,34604,21853,38987],\"rated\":\"Rated battle\"}\n>player p1 {\"name\":\"CoconutCrabs\",\"avatar\":\"chuck\",\"rating\":1874,\"seed\":[59384,54122,53150,52809]}\n>player p2 {\"name\":\"Micael Lopes\",\"avatar\":\"benga\",\"rating\":1830,\"seed\":[12950,748,58255,49411]}\n>p1 switch 3\n>p2 move willowisp\n>p1 switch 6\n>p2 switch 3\n>p1 switch 6\n>p2 move closecombat\n>p1 move leafstorm\n>p2 move knockoff\n>p1 switch 2\n>p1 move shellsmash\n>p2 move knockoff\n>p1 move shellsmash\n>p2 move suckerpunch\n>p1 move shellsmash\n>p2 move suckerpunch\n>p1 move shellsmash\n>p2 move suckerpunch\n>p1 move shellsmash\n>p2 move suckerpunch\n>p1 move shellsmash\n>p2 move knockoff\n>p1 switch 5\n>p1 move liquidation\n>p2 move knockoff\n>p2 switch 5\n>p1 switch 3\n>p2 move grassknot\n>p1 move focusblast\n>p2 move knockoff\n>forcelose p1","uploadtime":1648843561,"views":2,"p1id":"coconutcrabs","p2id":"micaellopes","formatid":"gen8randombattle","rating":1851,"private":0,"password":null}