{"id":"gen8ou-1662697991","p1":"AurelZair","p2":"Down$hift","format":"gen8ou","log":"|j|\u2606AurelZair\n|j|\u2606Down$hift\n|inactive|Battle timer is ON: inactive players will automatically lose when time's up.\n|t:|1663015820\n|gametype|singles\n|player|p1|AurelZair|guzma|\n|player|p2|Down$hift|teamrocket|\n|teamsize|p1|6\n|teamsize|p2|6\n|gen|8\n|tier|[Gen 8] OU\n|rated|Tournament battle\n|rule|Sleep Clause Mod: Limit one foe put to sleep\n|rule|Species Clause: Limit one of each Pok\u00e9mon\n|rule|OHKO Clause: OHKO moves are banned\n|rule|Evasion Items Clause: Evasion items are banned\n|rule|Evasion Moves Clause: Evasion moves are banned\n|rule|Endless Battle Clause: Forcing endless battles is banned\n|rule|HP Percentage Mod: HP is shown in percentages\n|rule|Dynamax Clause: You cannot dynamax\n|clearpoke\n|poke|p1|Weavile, M|\n|poke|p1|Magnezone|\n|poke|p1|Kartana|\n|poke|p1|Landorus-Therian, M|\n|poke|p1|Toxapex, F|\n|poke|p1|Tornadus-Therian, M|\n|poke|p2|Melmetal|\n|poke|p2|Pelipper, F|\n|poke|p2|Regieleki|\n|poke|p2|Buzzwole|\n|poke|p2|Blissey, F|\n|poke|p2|Seismitoad, F|\n|teampreview\n|inactive|AurelZair also wants the timer to be on.\n|c|\u2606Down$hift|hf\n|c|\u2606AurelZair|u2\n|\n|t:|1663015827\n|start\n|switch|p1a: Tornade|Tornadus-Therian, M|100\/100\n|switch|p2a: Pottymouth|Pelipper, F|100\/100\n|-weather|RainDance|[from] ability: Drizzle|[of] p2a: Pottymouth\n|turn|1\n|j| joey milktank\n|\n|t:|1663015832\n|switch|p2a: Nurse Depression|Blissey, F|100\/100\n|move|p1a: Tornade|Knock Off|p2a: Nurse Depression\n|-damage|p2a: Nurse Depression|82\/100\n|-enditem|p2a: Nurse Depression|Heavy-Duty Boots|[from] move: Knock Off|[of] p1a: Tornade\n|\n|-weather|RainDance|[upkeep]\n|upkeep\n|turn|2\n|j| packrat386\n|j|%ian_yo\n|j| IcantBuildTeamHelp\n|\n|t:|1663015842\n|move|p1a: Tornade|U-turn|p2a: Nurse Depression\n|-damage|p2a: Nurse Depression|70\/100\n|\n|t:|1663015848\n|switch|p1a: Crapaud|Toxapex, F|100\/100|[from]move: U-turn\n|move|p2a: Nurse Depression|Stealth Rock|p1a: Crapaud\n|-sidestart|p1: AurelZair|move: Stealth Rock\n|\n|-weather|RainDance|[upkeep]\n|upkeep\n|turn|3\n|l| IcantBuildTeamHelp\n|\n|t:|1663015855\n|move|p2a: Nurse Depression|Seismic Toss|p1a: Crapaud\n|-damage|p1a: Crapaud|67\/100\n|move|p1a: Crapaud|Toxic|p2a: Nurse Depression\n|-status|p2a: Nurse Depression|tox\n|\n|-weather|RainDance|[upkeep]\n|-damage|p2a: Nurse Depression|64\/100 tox|[from] psn\n|upkeep\n|turn|4\n|\n|t:|1663015860\n|move|p1a: Crapaud|Recover|p1a: Crapaud\n|-heal|p1a: Crapaud|100\/100\n|move|p2a: Nurse Depression|Teleport|p2a: Nurse Depression\n|c|%ian_yo|still using bliss buzz even on rain Down$hift?\n|\n|t:|1663015872\n|-curestatus|p2a: Nurse Depression|tox|[from] ability: Natural Cure\n|switch|p2a: Pottymouth|Pelipper, F|100\/100|[from]move: Teleport\n|\n|-weather|RainDance|[upkeep]\n|upkeep\n|turn|5\n|\n|t:|1663015876\n|switch|p2a: Nurse Depression|Blissey, F|64\/100\n|move|p1a: Crapaud|Toxic|p2a: Nurse Depression\n|-status|p2a: Nurse Depression|tox\n|\n|-weather|none\n|-damage|p2a: Nurse Depression|58\/100 tox|[from] psn\n|upkeep\n|turn|6\n|c|\u2606Down$hift|yup\n|\n|t:|1663015880\n|switch|p1a: Tornade|Tornadus-Therian, M|100\/100\n|-damage|p1a: Tornade|76\/100|[from] Stealth Rock\n|move|p2a: Nurse Depression|Soft-Boiled|p2a: Nurse Depression\n|-heal|p2a: Nurse Depression|100\/100 tox\n|\n|-damage|p2a: Nurse Depression|88\/100 tox|[from] psn\n|upkeep\n|turn|7\n|\n|t:|1663015891\n|move|p1a: Tornade|U-turn|p2a: Nurse Depression\n|-damage|p2a: Nurse Depression|77\/100 tox\n|\n|t:|1663015901\n|switch|p1a: Crapaud|Toxapex, F|100\/100|[from]move: U-turn\n|-damage|p1a: Crapaud|88\/100|[from] Stealth Rock\n|move|p2a: Nurse Depression|Teleport|p2a: Nurse Depression\n|j| PrivateRabbit\n|\n|t:|1663015910\n|-curestatus|p2a: Nurse Depression|tox|[from] ability: Natural Cure\n|switch|p2a: House of Pain|Regieleki|100\/100|[from]move: Teleport\n|\n|upkeep\n|turn|8\n|\n|t:|1663015915\n|switch|p2a: Nurse Depression|Blissey, F|77\/100\n|switch|p1a: le Fauve|Landorus-Therian, M|100\/100\n|-damage|p1a: le Fauve|88\/100|[from] Stealth Rock\n|-ability|p1a: le Fauve|Intimidate|boost\n|-unboost|p2a: Nurse Depression|atk|1\n|\n|-heal|p1a: le Fauve|94\/100|[from] item: Leftovers\n|upkeep\n|turn|9\n|\n|t:|1663015922\n|switch|p2a: Pottymouth|Pelipper, F|100\/100\n|-weather|RainDance|[from] ability: Drizzle|[of] p2a: Pottymouth\n|move|p1a: le Fauve|U-turn|p2a: Pottymouth\n|-resisted|p2a: Pottymouth\n|-damage|p2a: Pottymouth|90\/100\n|\n|t:|1663015930\n|switch|p1a: Tornade|Tornadus-Therian, M|100\/100|[from]move: U-turn\n|-damage|p1a: Tornade|76\/100|[from] Stealth Rock\n|\n|-weather|RainDance|[upkeep]\n|upkeep\n|turn|10\n|\n|t:|1663015935\n|move|p1a: Tornade|Hurricane|p2a: Pottymouth\n|-damage|p2a: Pottymouth|34\/100\n|move|p2a: Pottymouth|Knock Off|p1a: Tornade\n|-damage|p1a: Tornade|62\/100\n|-enditem|p1a: Tornade|Assault Vest|[from] move: Knock Off|[of] p2a: Pottymouth\n|\n|-weather|RainDance|[upkeep]\n|upkeep\n|turn|11\n|\n|t:|1663015939\n|switch|p2a: Nurse Depression|Blissey, F|77\/100\n|move|p1a: Tornade|Superpower|p2a: Nurse Depression\n|-supereffective|p2a: Nurse Depression\n|-damage|p2a: Nurse Depression|30\/100\n|-unboost|p1a: Tornade|atk|1\n|-unboost|p1a: Tornade|def|1\n|\n|-weather|RainDance|[upkeep]\n|upkeep\n|turn|12\n|\n|t:|1663015943\n|move|p1a: Tornade|Superpower|p2a: Nurse Depression\n|-supereffective|p2a: Nurse Depression\n|-damage|p2a: Nurse Depression|3\/100\n|-unboost|p1a: Tornade|atk|1\n|-unboost|p1a: Tornade|def|1\n|move|p2a: Nurse Depression|Soft-Boiled|p2a: Nurse Depression\n|-heal|p2a: Nurse Depression|53\/100\n|\n|-weather|RainDance|[upkeep]\n|upkeep\n|turn|13\n|\n|t:|1663015946\n|move|p1a: Tornade|U-turn|p2a: Nurse Depression\n|-damage|p2a: Nurse Depression|47\/100\n|c|\u2606Down$hift|supah powah\n|c|\u2606Down$hift|brazy\n|c|\u2606AurelZair|Sadge\n|\n|t:|1663015961\n|switch|p1a: Wolverine|Weavile, M|100\/100|[from]move: U-turn\n|-ability|p1a: Wolverine|Pressure\n|move|p2a: Nurse Depression|Soft-Boiled|p2a: Nurse Depression\n|-heal|p2a: Nurse Depression|97\/100\n|\n|-weather|none\n|upkeep\n|turn|14\n|\n|t:|1663015964\n|switch|p2a: NachoThighJuice|Buzzwole|100\/100\n|move|p1a: Wolverine|Knock Off|p2a: NachoThighJuice\n|-resisted|p2a: NachoThighJuice\n|-damage|p2a: NachoThighJuice|87\/100\n|-damage|p1a: Wolverine|84\/100|[from] item: Rocky Helmet|[of] p2a: NachoThighJuice\n|-enditem|p2a: NachoThighJuice|Rocky Helmet|[from] move: Knock Off|[of] p1a: Wolverine\n|\n|upkeep\n|turn|15\n|l| PrivateRabbit\n|\n|t:|1663015972\n|switch|p1a: Tornade|Tornadus-Therian, M|95\/100\n|-damage|p1a: Tornade|70\/100|[from] Stealth Rock\n|move|p2a: NachoThighJuice|Close Combat|p1a: Tornade\n|-resisted|p1a: Tornade\n|-damage|p1a: Tornade|38\/100\n|-unboost|p2a: NachoThighJuice|def|1\n|-unboost|p2a: NachoThighJuice|spd|1\n|\n|upkeep\n|turn|16\n|\n|t:|1663015977\n|switch|p2a: Nurse Depression|Blissey, F|97\/100\n|move|p1a: Tornade|U-turn|p2a: Nurse Depression\n|-damage|p2a: Nurse Depression|84\/100\n|\n|t:|1663015985\n|switch|p1a: Magn\u00e9to|Magnezone|100\/100|[from]move: U-turn\n|-damage|p1a: Magn\u00e9to|94\/100|[from] Stealth Rock\n|-item|p1a: Magn\u00e9to|Air Balloon\n|\n|upkeep\n|turn|17\n|\n|t:|1663015996\n|move|p1a: Magn\u00e9to|Body Press|p2a: Nurse Depression\n|-supereffective|p2a: Nurse Depression\n|-damage|p2a: Nurse Depression|39\/100\n|move|p2a: Nurse Depression|Seismic Toss|p1a: Magn\u00e9to\n|-damage|p1a: Magn\u00e9to|59\/100\n|-enditem|p1a: Magn\u00e9to|Air Balloon\n|\n|upkeep\n|turn|18\n|\n|t:|1663016002\n|switch|p2a: Phroge|Seismitoad, F|100\/100\n|move|p1a: Magn\u00e9to|Thunderbolt|p2a: Phroge\n|-immune|p2a: Phroge\n|\n|upkeep\n|turn|19\n|\n|t:|1663016015\n|switch|p1a: Colossus|Kartana|100\/100\n|-damage|p1a: Colossus|94\/100|[from] Stealth Rock\n|move|p2a: Phroge|Hydro Pump|p1a: Colossus\n|-resisted|p1a: Colossus\n|-damage|p1a: Colossus|0 fnt\n|faint|p1a: Colossus\n|\n|upkeep\n|\n|t:|1663016020\n|switch|p1a: Crapaud|Toxapex, F|100\/100\n|-damage|p1a: Crapaud|88\/100|[from] Stealth Rock\n|turn|20\n|\n|t:|1663016024\n|switch|p2a: Nurse Depression|Blissey, F|39\/100\n|move|p1a: Crapaud|Toxic|p2a: Nurse Depression\n|-status|p2a: Nurse Depression|tox\n|\n|-damage|p2a: Nurse Depression|33\/100 tox|[from] psn\n|upkeep\n|turn|21\n|\n|t:|1663016027\n|switch|p1a: le Fauve|Landorus-Therian, M|94\/100\n|-damage|p1a: le Fauve|82\/100|[from] Stealth Rock\n|-ability|p1a: le Fauve|Intimidate|boost\n|-unboost|p2a: Nurse Depression|atk|1\n|move|p2a: Nurse Depression|Soft-Boiled|p2a: Nurse Depression\n|-heal|p2a: Nurse Depression|83\/100 tox\n|\n|-heal|p1a: le Fauve|88\/100|[from] item: Leftovers\n|-damage|p2a: Nurse Depression|71\/100 tox|[from] psn\n|upkeep\n|turn|22\n|\n|t:|1663016031\n|-curestatus|p2a: Nurse Depression|tox|[from] ability: Natural Cure\n|switch|p2a: Pottymouth|Pelipper, F|34\/100\n|-weather|RainDance|[from] ability: Drizzle|[of] p2a: Pottymouth\n|move|p1a: le Fauve|Defog|p2a: Pottymouth\n|-unboost|p2a: Pottymouth|evasion|1\n|-sideend|p1: AurelZair|Stealth Rock|[from] move: Defog|[of] p1a: le Fauve\n|\n|-weather|RainDance|[upkeep]\n|-heal|p1a: le Fauve|94\/100|[from] item: Leftovers\n|upkeep\n|turn|23\n|\n|t:|1663016035\n|switch|p1a: Crapaud|Toxapex, F|100\/100\n|move|p2a: Pottymouth|Roost|p2a: Pottymouth\n|-heal|p2a: Pottymouth|84\/100\n|-singleturn|p2a: Pottymouth|move: Roost\n|\n|-weather|RainDance|[upkeep]\n|upkeep\n|turn|24\n|\n|t:|1663016045\n|switch|p2a: Nurse Depression|Blissey, F|71\/100\n|move|p1a: Crapaud|Toxic|p2a: Nurse Depression\n|-status|p2a: Nurse Depression|tox\n|\n|-weather|RainDance|[upkeep]\n|-damage|p2a: Nurse Depression|64\/100 tox|[from] psn\n|upkeep\n|turn|25\n|\n|t:|1663016049\n|switch|p1a: le Fauve|Landorus-Therian, M|94\/100\n|-ability|p1a: le Fauve|Intimidate|boost\n|-unboost|p2a: Nurse Depression|atk|1\n|move|p2a: Nurse Depression|Stealth Rock|p1a: le Fauve\n|-sidestart|p1: AurelZair|move: Stealth Rock\n|\n|-weather|RainDance|[upkeep]\n|-heal|p1a: le Fauve|99\/100|[from] item: Leftovers\n|-damage|p2a: Nurse Depression|52\/100 tox|[from] psn\n|upkeep\n|turn|26\n|\n|t:|1663016059\n|move|p1a: le Fauve|Stealth Rock|p2a: Nurse Depression\n|-sidestart|p2: Down$hift|move: Stealth Rock\n|move|p2a: Nurse Depression|Soft-Boiled|p2a: Nurse Depression\n|-heal|p2a: Nurse Depression|100\/100 tox\n|\n|-weather|none\n|-heal|p1a: le Fauve|100\/100|[from] item: Leftovers\n|-damage|p2a: Nurse Depression|82\/100 tox|[from] psn\n|upkeep\n|turn|27\n|\n|t:|1663016066\n|-curestatus|p2a: Nurse Depression|tox|[from] ability: Natural Cure\n|switch|p2a: Pottymouth|Pelipper, F|84\/100\n|-weather|RainDance|[from] ability: Drizzle|[of] p2a: Pottymouth\n|move|p1a: le Fauve|Earthquake|p2a: Pottymouth\n|-immune|p2a: Pottymouth\n|\n|-weather|RainDance|[upkeep]\n|upkeep\n|turn|28\n|\n|t:|1663016073\n|switch|p1a: Crapaud|Toxapex, F|100\/100\n|-damage|p1a: Crapaud|88\/100|[from] Stealth Rock\n|move|p2a: Pottymouth|Knock Off|p1a: Crapaud\n|-damage|p1a: Crapaud|80\/100\n|-enditem|p1a: Crapaud|Shed Shell|[from] move: Knock Off|[of] p2a: Pottymouth\n|\n|-weather|RainDance|[upkeep]\n|upkeep\n|turn|29\n|\n|t:|1663016081\n|switch|p2a: Nurse Depression|Blissey, F|82\/100\n|-damage|p2a: Nurse Depression|70\/100|[from] Stealth Rock\n|switch|p1a: Wolverine|Weavile, M|84\/100\n|-ability|p1a: Wolverine|Pressure\n|\n|-weather|RainDance|[upkeep]\n|upkeep\n|turn|30\n|\n|t:|1663016085\n|switch|p2a: NachoThighJuice|Buzzwole|87\/100\n|-damage|p2a: NachoThighJuice|75\/100|[from] Stealth Rock\n|move|p1a: Wolverine|Triple Axel|p2a: NachoThighJuice\n|-crit|p2a: NachoThighJuice\n|-damage|p2a: NachoThighJuice|66\/100\n|-damage|p2a: NachoThighJuice|56\/100\n|-damage|p2a: NachoThighJuice|38\/100\n|-hitcount|p2a: NachoThighJuice|3\n|\n|-weather|RainDance|[upkeep]\n|upkeep\n|turn|31\n|\n|t:|1663016096\n|switch|p1a: Tornade|Tornadus-Therian, M|72\/100\n|-damage|p1a: Tornade|47\/100|[from] Stealth Rock\n|move|p2a: NachoThighJuice|Roost|p2a: NachoThighJuice\n|-heal|p2a: NachoThighJuice|89\/100\n|-singleturn|p2a: NachoThighJuice|move: Roost\n|\n|-weather|none\n|upkeep\n|turn|32\n|\n|t:|1663016101\n|switch|p2a: House of Pain|Regieleki|100\/100\n|move|p1a: Tornade|Hurricane|p2a: House of Pain\n|-resisted|p2a: House of Pain\n|-damage|p2a: House of Pain|58\/100\n|-start|p2a: House of Pain|confusion\n|\n|upkeep\n|turn|33\n|\n|t:|1663016106\n|switch|p1a: le Fauve|Landorus-Therian, M|100\/100\n|-damage|p1a: le Fauve|88\/100|[from] Stealth Rock\n|-ability|p1a: le Fauve|Intimidate|boost\n|-unboost|p2a: House of Pain|atk|1\n|-activate|p2a: House of Pain|confusion\n|move|p2a: House of Pain|Rapid Spin|p1a: le Fauve\n|-damage|p1a: le Fauve|81\/100\n|-boost|p2a: House of Pain|spe|1\n|-sideend|p2: Down$hift|Stealth Rock|[from] move: Rapid Spin|[of] p2a: House of Pain\n|\n|-heal|p1a: le Fauve|87\/100|[from] item: Leftovers\n|upkeep\n|turn|34\n|\n|t:|1663016110\n|switch|p2a: Pottymouth|Pelipper, F|84\/100\n|-weather|RainDance|[from] ability: Drizzle|[of] p2a: Pottymouth\n|move|p1a: le Fauve|U-turn|p2a: Pottymouth\n|-resisted|p2a: Pottymouth\n|-damage|p2a: Pottymouth|75\/100\n|\n|t:|1663016112\n|switch|p1a: Wolverine|Weavile, M|84\/100|[from]move: U-turn\n|-ability|p1a: Wolverine|Pressure\n|\n|-weather|RainDance|[upkeep]\n|upkeep\n|turn|35\n|\n|t:|1663016116\n|move|p1a: Wolverine|Triple Axel|p2a: Pottymouth\n|-damage|p2a: Pottymouth|66\/100\n|-crit|p2a: Pottymouth\n|-damage|p2a: Pottymouth|39\/100\n|-damage|p2a: Pottymouth|12\/100\n|-hitcount|p2a: Pottymouth|3\n|move|p2a: Pottymouth|Weather Ball|p1a: Wolverine\n|-damage|p1a: Wolverine|3\/100\n|\n|-weather|RainDance|[upkeep]\n|upkeep\n|turn|36\n|\n|t:|1663016120\n|switch|p2a: NachoThighJuice|Buzzwole|89\/100\n|move|p1a: Wolverine|Knock Off|p2a: NachoThighJuice\n|-resisted|p2a: NachoThighJuice\n|-damage|p2a: NachoThighJuice|79\/100\n|\n|-weather|RainDance|[upkeep]\n|upkeep\n|turn|37\n|\n|t:|1663016127\n|switch|p1a: Crapaud|Toxapex, F|100\/100\n|-damage|p1a: Crapaud|88\/100|[from] Stealth Rock\n|move|p2a: NachoThighJuice|Ice Punch|p1a: Crapaud\n|-resisted|p1a: Crapaud\n|-damage|p1a: Crapaud|80\/100\n|\n|-weather|RainDance|[upkeep]\n|upkeep\n|turn|38\n|\n|t:|1663016130\n|switch|p2a: Nurse Depression|Blissey, F|70\/100\n|switch|p1a: Tornade|Tornadus-Therian, M|80\/100\n|-damage|p1a: Tornade|55\/100|[from] Stealth Rock\n|\n|-weather|none\n|upkeep\n|turn|39\n|\n|t:|1663016135\n|move|p1a: Tornade|U-turn|p2a: Nurse Depression\n|-crit|p2a: Nurse Depression\n|-damage|p2a: Nurse Depression|51\/100\n|\n|t:|1663016137\n|switch|p1a: le Fauve|Landorus-Therian, M|87\/100|[from]move: U-turn\n|-damage|p1a: le Fauve|75\/100|[from] Stealth Rock\n|-ability|p1a: le Fauve|Intimidate|boost\n|-unboost|p2a: Nurse Depression|atk|1\n|move|p2a: Nurse Depression|Soft-Boiled|p2a: Nurse Depression\n|-heal|p2a: Nurse Depression|100\/100\n|\n|-heal|p1a: le Fauve|81\/100|[from] item: Leftovers\n|upkeep\n|turn|40\n|\n|t:|1663016142\n|move|p1a: le Fauve|Defog|p2a: Nurse Depression\n|-unboost|p2a: Nurse Depression|evasion|1\n|-sideend|p1: AurelZair|Stealth Rock|[from] move: Defog|[of] p1a: le Fauve\n|move|p2a: Nurse Depression|Teleport|p2a: Nurse Depression\n|\n|t:|1663016143\n|switch|p2a: Pottymouth|Pelipper, F|12\/100|[from]move: Teleport\n|-weather|RainDance|[from] ability: Drizzle|[of] p2a: Pottymouth\n|\n|-weather|RainDance|[upkeep]\n|-heal|p1a: le Fauve|87\/100|[from] item: Leftovers\n|upkeep\n|turn|41\n|\n|t:|1663016148\n|switch|p1a: Crapaud|Toxapex, F|100\/100\n|move|p2a: Pottymouth|Roost|p2a: Pottymouth\n|-heal|p2a: Pottymouth|62\/100\n|-singleturn|p2a: Pottymouth|move: Roost\n|\n|-weather|RainDance|[upkeep]\n|upkeep\n|turn|42\n|\n|t:|1663016151\n|switch|p2a: Nurse Depression|Blissey, F|100\/100\n|move|p1a: Crapaud|Toxic|p2a: Nurse Depression\n|-status|p2a: Nurse Depression|tox\n|\n|-weather|RainDance|[upkeep]\n|-damage|p2a: Nurse Depression|94\/100 tox|[from] psn\n|upkeep\n|turn|43\n|\n|t:|1663016162\n|switch|p1a: le Fauve|Landorus-Therian, M|87\/100\n|-ability|p1a: le Fauve|Intimidate|boost\n|-unboost|p2a: Nurse Depression|atk|1\n|move|p2a: Nurse Depression|Stealth Rock|p1a: le Fauve\n|-sidestart|p1: AurelZair|move: Stealth Rock\n|\n|-weather|RainDance|[upkeep]\n|-heal|p1a: le Fauve|93\/100|[from] item: Leftovers\n|-damage|p2a: Nurse Depression|82\/100 tox|[from] psn\n|upkeep\n|turn|44\n|\n|t:|1663016170\n|-curestatus|p2a: Nurse Depression|tox|[from] ability: Natural Cure\n|switch|p2a: Pottymouth|Pelipper, F|62\/100\n|move|p1a: le Fauve|Defog|p2a: Pottymouth\n|-unboost|p2a: Pottymouth|evasion|1\n|-sideend|p1: AurelZair|Stealth Rock|[from] move: Defog|[of] p1a: le Fauve\n|\n|-weather|none\n|-heal|p1a: le Fauve|99\/100|[from] item: Leftovers\n|upkeep\n|turn|45\n|\n|t:|1663016178\n|move|p1a: le Fauve|Stealth Rock|p2a: Pottymouth\n|-sidestart|p2: Down$hift|move: Stealth Rock\n|move|p2a: Pottymouth|Hurricane|p1a: le Fauve|[miss]\n|-miss|p2a: Pottymouth|p1a: le Fauve\n|\n|-heal|p1a: le Fauve|100\/100|[from] item: Leftovers\n|upkeep\n|turn|46\n|\n|t:|1663016182\n|move|p1a: le Fauve|U-turn|p2a: Pottymouth\n|-resisted|p2a: Pottymouth\n|-damage|p2a: Pottymouth|52\/100\n|\n|t:|1663016186\n|switch|p1a: Tornade|Tornadus-Therian, M|88\/100|[from]move: U-turn\n|move|p2a: Pottymouth|Hurricane|p1a: Tornade\n|-damage|p1a: Tornade|47\/100\n|\n|upkeep\n|turn|47\n|\n|t:|1663016194\n|switch|p2a: House of Pain|Regieleki|58\/100\n|move|p1a: Tornade|Superpower|p2a: House of Pain\n|-damage|p2a: House of Pain|10\/100\n|-unboost|p1a: Tornade|atk|1\n|-unboost|p1a: Tornade|def|1\n|\n|upkeep\n|turn|48\n|\n|t:|1663016200\n|switch|p1a: le Fauve|Landorus-Therian, M|100\/100\n|-ability|p1a: le Fauve|Intimidate|boost\n|-unboost|p2a: House of Pain|atk|1\n|move|p2a: House of Pain|Rapid Spin|p1a: le Fauve\n|-damage|p1a: le Fauve|94\/100\n|-boost|p2a: House of Pain|spe|1\n|-sideend|p2: Down$hift|Stealth Rock|[from] move: Rapid Spin|[of] p2a: House of Pain\n|\n|-heal|p1a: le Fauve|99\/100|[from] item: Leftovers\n|upkeep\n|turn|49\n|\n|t:|1663016205\n|switch|p2a: Pottymouth|Pelipper, F|52\/100\n|-weather|RainDance|[from] ability: Drizzle|[of] p2a: Pottymouth\n|move|p1a: le Fauve|U-turn|p2a: Pottymouth\n|-resisted|p2a: Pottymouth\n|-crit|p2a: Pottymouth\n|-damage|p2a: Pottymouth|39\/100\n|\n|t:|1663016207\n|switch|p1a: Tornade|Tornadus-Therian, M|81\/100|[from]move: U-turn\n|\n|-weather|RainDance|[upkeep]\n|upkeep\n|turn|50\n|\n|t:|1663016212\n|switch|p2a: Nurse Depression|Blissey, F|82\/100\n|move|p1a: Tornade|Hurricane|p2a: Nurse Depression\n|-damage|p2a: Nurse Depression|66\/100\n|-start|p2a: Nurse Depression|confusion\n|\n|-weather|RainDance|[upkeep]\n|upkeep\n|turn|51\n|n|!AurelZair|aurelzair\n|\n|t:|1663016229\n|switch|p1a: le Fauve|Landorus-Therian, M|99\/100\n|-ability|p1a: le Fauve|Intimidate|boost\n|-unboost|p2a: Nurse Depression|atk|1\n|-activate|p2a: Nurse Depression|confusion\n|move|p2a: Nurse Depression|Stealth Rock|p1a: le Fauve\n|-sidestart|p1: AurelZair|move: Stealth Rock\n|\n|-weather|RainDance|[upkeep]\n|-heal|p1a: le Fauve|100\/100|[from] item: Leftovers\n|upkeep\n|turn|52\n|\n|t:|1663016237\n|switch|p2a: Phroge|Seismitoad, F|100\/100\n|move|p1a: le Fauve|Defog|p2a: Phroge\n|-unboost|p2a: Phroge|evasion|1\n|-sideend|p1: AurelZair|Stealth Rock|[from] move: Defog|[of] p1a: le Fauve\n|\n|-weather|RainDance|[upkeep]\n|upkeep\n|turn|53\n|\n|t:|1663016248\n|switch|p1a: Tornade|Tornadus-Therian, M|100\/100\n|move|p2a: Phroge|Earth Power|p1a: Tornade\n|-immune|p1a: Tornade\n|\n|-weather|none\n|upkeep\n|turn|54\n|\n|t:|1663016254\n|switch|p2a: Nurse Depression|Blissey, F|66\/100\n|move|p1a: Tornade|Knock Off|p2a: Nurse Depression\n|-damage|p2a: Nurse Depression|55\/100\n|\n|upkeep\n|turn|55\n|\n|t:|1663016266\n|move|p1a: Tornade|Hurricane|p2a: Nurse Depression\n|-damage|p2a: Nurse Depression|41\/100\n|move|p2a: Nurse Depression|Soft-Boiled|p2a: Nurse Depression\n|-heal|p2a: Nurse Depression|91\/100\n|\n|upkeep\n|turn|56\n|\n|t:|1663016269\n|move|p1a: Tornade|U-turn|p2a: Nurse Depression\n|-damage|p2a: Nurse Depression|78\/100\n|\n|t:|1663016270\n|switch|p1a: le Fauve|Landorus-Therian, M|100\/100|[from]move: U-turn\n|-ability|p1a: le Fauve|Intimidate|boost\n|-unboost|p2a: Nurse Depression|atk|1\n|move|p2a: Nurse Depression|Stealth Rock|p1a: le Fauve\n|-sidestart|p1: AurelZair|move: Stealth Rock\n|\n|upkeep\n|turn|57\n|\n|t:|1663016275\n|move|p1a: le Fauve|Defog|p2a: Nurse Depression\n|-unboost|p2a: Nurse Depression|evasion|1\n|-sideend|p1: AurelZair|Stealth Rock|[from] move: Defog|[of] p1a: le Fauve\n|move|p2a: Nurse Depression|Teleport|p2a: Nurse Depression\n|j| shyiin\n|\n|t:|1663016281\n|switch|p2a: Pottymouth|Pelipper, F|39\/100|[from]move: Teleport\n|-weather|RainDance|[from] ability: Drizzle|[of] p2a: Pottymouth\n|\n|-weather|RainDance|[upkeep]\n|upkeep\n|turn|58\n|\n|t:|1663016286\n|switch|p1a: Tornade|Tornadus-Therian, M|100\/100\n|move|p2a: Pottymouth|Roost|p2a: Pottymouth\n|-heal|p2a: Pottymouth|89\/100\n|-singleturn|p2a: Pottymouth|move: Roost\n|\n|-weather|RainDance|[upkeep]\n|upkeep\n|turn|59\n|\n|t:|1663016291\n|switch|p2a: Nurse Depression|Blissey, F|78\/100\n|move|p1a: Tornade|Hurricane|p2a: Nurse Depression\n|-damage|p2a: Nurse Depression|63\/100\n|\n|-weather|RainDance|[upkeep]\n|upkeep\n|turn|60\n|\n|t:|1663016295\n|move|p1a: Tornade|U-turn|p2a: Nurse Depression\n|-damage|p2a: Nurse Depression|49\/100\n|\n|t:|1663016297\n|switch|p1a: le Fauve|Landorus-Therian, M|100\/100|[from]move: U-turn\n|-ability|p1a: le Fauve|Intimidate|boost\n|-unboost|p2a: Nurse Depression|atk|1\n|move|p2a: Nurse Depression|Soft-Boiled|p2a: Nurse Depression\n|-heal|p2a: Nurse Depression|99\/100\n|\n|-weather|RainDance|[upkeep]\n|upkeep\n|turn|61\n|\n|t:|1663016301\n|move|p1a: le Fauve|Stealth Rock|p2a: Nurse Depression\n|-sidestart|p2: Down$hift|move: Stealth Rock\n|move|p2a: Nurse Depression|Teleport|p2a: Nurse Depression\n|\n|t:|1663016317\n|switch|p2a: House of Pain|Regieleki|10\/100|[from]move: Teleport\n|\n|-weather|none\n|upkeep\n|turn|62\n|\n|t:|1663016321\n|switch|p2a: Pottymouth|Pelipper, F|89\/100\n|-weather|RainDance|[from] ability: Drizzle|[of] p2a: Pottymouth\n|move|p1a: le Fauve|U-turn|p2a: Pottymouth\n|-resisted|p2a: Pottymouth\n|-damage|p2a: Pottymouth|79\/100\n|\n|t:|1663016323\n|switch|p1a: Tornade|Tornadus-Therian, M|100\/100|[from]move: U-turn\n|\n|-weather|RainDance|[upkeep]\n|upkeep\n|turn|63\n|\n|t:|1663016328\n|switch|p2a: Nurse Depression|Blissey, F|99\/100\n|-damage|p2a: Nurse Depression|87\/100|[from] Stealth Rock\n|move|p1a: Tornade|U-turn|p2a: Nurse Depression\n|-damage|p2a: Nurse Depression|74\/100\n|\n|t:|1663016330\n|switch|p1a: le Fauve|Landorus-Therian, M|100\/100|[from]move: U-turn\n|-ability|p1a: le Fauve|Intimidate|boost\n|-unboost|p2a: Nurse Depression|atk|1\n|\n|-weather|RainDance|[upkeep]\n|upkeep\n|turn|64\n|\n|t:|1663016334\n|move|p1a: le Fauve|Earthquake|p2a: Nurse Depression\n|-damage|p2a: Nurse Depression|33\/100\n|move|p2a: Nurse Depression|Soft-Boiled|p2a: Nurse Depression\n|-heal|p2a: Nurse Depression|83\/100\n|\n|-weather|RainDance|[upkeep]\n|upkeep\n|turn|65\n|\n|t:|1663016337\n|move|p1a: le Fauve|Earthquake|p2a: Nurse Depression\n|-damage|p2a: Nurse Depression|42\/100\n|move|p2a: Nurse Depression|Stealth Rock|p1a: le Fauve\n|-sidestart|p1: AurelZair|move: Stealth Rock\n|\n|-weather|RainDance|[upkeep]\n|upkeep\n|turn|66\n|\n|t:|1663016340\n|move|p1a: le Fauve|U-turn|p2a: Nurse Depression\n|-damage|p2a: Nurse Depression|24\/100\n|\n|t:|1663016343\n|switch|p1a: Tornade|Tornadus-Therian, M|100\/100|[from]move: U-turn\n|-damage|p1a: Tornade|76\/100|[from] Stealth Rock\n|move|p2a: Nurse Depression|Soft-Boiled|p2a: Nurse Depression\n|-heal|p2a: Nurse Depression|74\/100\n|\n|-weather|none\n|upkeep\n|turn|67\n|\n|t:|1663016351\n|move|p1a: Tornade|Hurricane|p2a: Nurse Depression|[miss]\n|-miss|p1a: Tornade|p2a: Nurse Depression\n|move|p2a: Nurse Depression|Teleport|p2a: Nurse Depression\n|\n|t:|1663016356\n|switch|p2a: Nuts of Steel|Melmetal|100\/100|[from]move: Teleport\n|-damage|p2a: Nuts of Steel|94\/100|[from] Stealth Rock\n|\n|upkeep\n|turn|68\n|\n|t:|1663016360\n|move|p1a: Tornade|U-turn|p2a: Nuts of Steel\n|-resisted|p2a: Nuts of Steel\n|-damage|p2a: Nuts of Steel|90\/100\n|\n|t:|1663016362\n|switch|p1a: Magn\u00e9to|Magnezone|59\/100|[from]move: U-turn\n|-damage|p1a: Magn\u00e9to|53\/100|[from] Stealth Rock\n|move|p2a: Nuts of Steel|Double Iron Bash|p1a: Magn\u00e9to\n|-resisted|p1a: Magn\u00e9to\n|-damage|p1a: Magn\u00e9to|45\/100\n|-resisted|p1a: Magn\u00e9to\n|-damage|p1a: Magn\u00e9to|37\/100\n|-hitcount|p1a: Magn\u00e9to|2\n|\n|upkeep\n|turn|69\n|\n|t:|1663016365\n|move|p1a: Magn\u00e9to|Magnet Rise|p1a: Magn\u00e9to\n|-start|p1a: Magn\u00e9to|Magnet Rise\n|move|p2a: Nuts of Steel|Superpower|p1a: Magn\u00e9to\n|-supereffective|p1a: Magn\u00e9to\n|-damage|p1a: Magn\u00e9to|0 fnt\n|-unboost|p2a: Nuts of Steel|atk|1\n|-unboost|p2a: Nuts of Steel|def|1\n|faint|p1a: Magn\u00e9to\n|\n|upkeep\n|\n|t:|1663016374\n|switch|p1a: le Fauve|Landorus-Therian, M|100\/100\n|-damage|p1a: le Fauve|88\/100|[from] Stealth Rock\n|-ability|p1a: le Fauve|Intimidate|boost\n|-unboost|p2a: Nuts of Steel|atk|1\n|turn|70\n|\n|t:|1663016377\n|switch|p2a: Pottymouth|Pelipper, F|79\/100\n|-weather|RainDance|[from] ability: Drizzle|[of] p2a: Pottymouth\n|move|p1a: le Fauve|Earthquake|p2a: Pottymouth\n|-immune|p2a: Pottymouth\n|\n|-weather|RainDance|[upkeep]\n|-heal|p1a: le Fauve|94\/100|[from] item: Leftovers\n|upkeep\n|turn|71\n|\n|t:|1663016381\n|move|p1a: le Fauve|U-turn|p2a: Pottymouth\n|-resisted|p2a: Pottymouth\n|-damage|p2a: Pottymouth|71\/100\n|\n|t:|1663016383\n|switch|p1a: Crapaud|Toxapex, F|100\/100|[from]move: U-turn\n|-damage|p1a: Crapaud|88\/100|[from] Stealth Rock\n|move|p2a: Pottymouth|Weather Ball|p1a: Crapaud\n|-resisted|p1a: Crapaud\n|-damage|p1a: Crapaud|66\/100\n|\n|-weather|RainDance|[upkeep]\n|upkeep\n|turn|72\n|\n|t:|1663016392\n|switch|p2a: Nurse Depression|Blissey, F|74\/100\n|-damage|p2a: Nurse Depression|61\/100|[from] Stealth Rock\n|move|p1a: Crapaud|Toxic|p2a: Nurse Depression\n|-status|p2a: Nurse Depression|tox\n|\n|-weather|RainDance|[upkeep]\n|-damage|p2a: Nurse Depression|55\/100 tox|[from] psn\n|upkeep\n|turn|73\n|j| Ice type 4 ever\n|\n|t:|1663016397\n|switch|p1a: le Fauve|Landorus-Therian, M|94\/100\n|-damage|p1a: le Fauve|82\/100|[from] Stealth Rock\n|-ability|p1a: le Fauve|Intimidate|boost\n|-unboost|p2a: Nurse Depression|atk|1\n|move|p2a: Nurse Depression|Soft-Boiled|p2a: Nurse Depression\n|-heal|p2a: Nurse Depression|100\/100 tox\n|\n|-weather|RainDance|[upkeep]\n|-heal|p1a: le Fauve|88\/100|[from] item: Leftovers\n|-damage|p2a: Nurse Depression|88\/100 tox|[from] psn\n|upkeep\n|turn|74\n|l| Ice type 4 ever\n|\n|t:|1663016402\n|move|p1a: le Fauve|Defog|p2a: Nurse Depression\n|-unboost|p2a: Nurse Depression|evasion|1\n|-sideend|p2: Down$hift|Stealth Rock|[from] move: Defog|[of] p1a: le Fauve\n|-sideend|p1: AurelZair|Stealth Rock|[from] move: Defog|[of] p1a: le Fauve\n|move|p2a: Nurse Depression|Teleport|p2a: Nurse Depression\n|\n|t:|1663016407\n|-curestatus|p2a: Nurse Depression|tox|[from] ability: Natural Cure\n|switch|p2a: Nuts of Steel|Melmetal|90\/100|[from]move: Teleport\n|\n|-weather|none\n|-heal|p1a: le Fauve|94\/100|[from] item: Leftovers\n|upkeep\n|turn|75\n|\n|t:|1663016412\n|move|p1a: le Fauve|U-turn|p2a: Nuts of Steel\n|-resisted|p2a: Nuts of Steel\n|-damage|p2a: Nuts of Steel|83\/100\n|\n|t:|1663016413\n|switch|p1a: Crapaud|Toxapex, F|99\/100|[from]move: U-turn\n|move|p2a: Nuts of Steel|Ice Punch|p1a: Crapaud\n|-resisted|p1a: Crapaud\n|-damage|p1a: Crapaud|88\/100\n|\n|upkeep\n|turn|76\n|\n|t:|1663016416\n|switch|p2a: Nurse Depression|Blissey, F|88\/100\n|move|p1a: Crapaud|Scald|p2a: Nurse Depression\n|-damage|p2a: Nurse Depression|82\/100\n|\n|upkeep\n|turn|77\n|\n|t:|1663016420\n|move|p2a: Nurse Depression|Stealth Rock|p1a: Crapaud\n|-sidestart|p1: AurelZair|move: Stealth Rock\n|move|p1a: Crapaud|Scald|p2a: Nurse Depression\n|-damage|p2a: Nurse Depression|76\/100\n|\n|upkeep\n|turn|78\n|\n|t:|1663016427\n|move|p1a: Crapaud|Toxic|p2a: Nurse Depression\n|-status|p2a: Nurse Depression|tox\n|move|p2a: Nurse Depression|Teleport|p2a: Nurse Depression\n|\n|t:|1663016437\n|-curestatus|p2a: Nurse Depression|tox|[from] ability: Natural Cure\n|switch|p2a: Phroge|Seismitoad, F|100\/100|[from]move: Teleport\n|\n|upkeep\n|turn|79\n|\n|t:|1663016441\n|switch|p1a: Tornade|Tornadus-Therian, M|100\/100\n|-damage|p1a: Tornade|76\/100|[from] Stealth Rock\n|move|p2a: Phroge|Hydro Pump|p1a: Tornade\n|-damage|p1a: Tornade|8\/100\n|\n|upkeep\n|turn|80\n|\n|t:|1663016458\n|switch|p2a: Nurse Depression|Blissey, F|76\/100\n|move|p1a: Tornade|Hurricane|p2a: Nurse Depression\n|-damage|p2a: Nurse Depression|60\/100\n|-start|p2a: Nurse Depression|confusion\n|\n|upkeep\n|turn|81\n|j| PlatinumCarson\n|\n|t:|1663016461\n|move|p1a: Tornade|U-turn|p2a: Nurse Depression\n|-damage|p2a: Nurse Depression|47\/100\n|\n|t:|1663016463\n|switch|p1a: le Fauve|Landorus-Therian, M|94\/100|[from]move: U-turn\n|-damage|p1a: le Fauve|82\/100|[from] Stealth Rock\n|-ability|p1a: le Fauve|Intimidate|boost\n|-unboost|p2a: Nurse Depression|atk|1\n|-activate|p2a: Nurse Depression|confusion\n|move|p2a: Nurse Depression|Teleport|p2a: Nurse Depression\n|l| PlatinumCarson\n|\n|t:|1663016471\n|switch|p2a: Nuts of Steel|Melmetal|83\/100|[from]move: Teleport\n|\n|-heal|p1a: le Fauve|88\/100|[from] item: Leftovers\n|upkeep\n|turn|82\n|\n|t:|1663016476\n|move|p1a: le Fauve|U-turn|p2a: Nuts of Steel\n|-resisted|p2a: Nuts of Steel\n|-damage|p2a: Nuts of Steel|76\/100\n|\n|t:|1663016477\n|switch|p1a: Crapaud|Toxapex, F|100\/100|[from]move: U-turn\n|-damage|p1a: Crapaud|88\/100|[from] Stealth Rock\n|move|p2a: Nuts of Steel|Ice Punch|p1a: Crapaud\n|-resisted|p1a: Crapaud\n|-damage|p1a: Crapaud|77\/100\n|-status|p1a: Crapaud|frz\n|\n|upkeep\n|turn|83\n|\n|t:|1663016480\n|move|p2a: Nuts of Steel|Thunder Punch|p1a: Crapaud\n|-supereffective|p1a: Crapaud\n|-damage|p1a: Crapaud|31\/100 frz\n|-curestatus|p1a: Crapaud|frz|[from] move: Scald\n|move|p1a: Crapaud|Scald|p2a: Nuts of Steel\n|-damage|p2a: Nuts of Steel|56\/100\n|-status|p2a: Nuts of Steel|brn\n|\n|-damage|p2a: Nuts of Steel|50\/100 brn|[from] brn\n|upkeep\n|turn|84\n|\n|t:|1663016492\n|switch|p2a: Nurse Depression|Blissey, F|47\/100\n|move|p1a: Crapaud|Recover|p1a: Crapaud\n|-heal|p1a: Crapaud|81\/100\n|\n|upkeep\n|turn|85\n|\n|t:|1663016494\n|switch|p1a: le Fauve|Landorus-Therian, M|88\/100\n|-damage|p1a: le Fauve|75\/100|[from] Stealth Rock\n|-ability|p1a: le Fauve|Intimidate|boost\n|-unboost|p2a: Nurse Depression|atk|1\n|move|p2a: Nurse Depression|Soft-Boiled|p2a: Nurse Depression\n|-heal|p2a: Nurse Depression|97\/100\n|\n|-heal|p1a: le Fauve|81\/100|[from] item: Leftovers\n|upkeep\n|turn|86\n|\n|t:|1663016499\n|move|p1a: le Fauve|Defog|p2a: Nurse Depression\n|-unboost|p2a: Nurse Depression|evasion|1\n|-sideend|p1: AurelZair|Stealth Rock|[from] move: Defog|[of] p1a: le Fauve\n|move|p2a: Nurse Depression|Teleport|p2a: Nurse Depression\n|\n|t:|1663016501\n|switch|p2a: Phroge|Seismitoad, F|100\/100|[from]move: Teleport\n|\n|-heal|p1a: le Fauve|87\/100|[from] item: Leftovers\n|upkeep\n|turn|87\n|j| test acc#124246\n|inactive|AurelZair has 120 seconds left.\n|j| Ice type 4 ever\n|inactive|AurelZair has 90 seconds left.\n|l| test acc#124246\n|\n|t:|1663016583\n|move|p2a: Phroge|Icy Wind|p1a: le Fauve\n|-supereffective|p1a: le Fauve\n|-damage|p1a: le Fauve|22\/100\n|-unboost|p1a: le Fauve|spe|1\n|move|p1a: le Fauve|U-turn|p2a: Phroge\n|-damage|p2a: Phroge|74\/100\n|\n|t:|1663016594\n|switch|p1a: Tornade|Tornadus-Therian, M|41\/100|[from]move: U-turn\n|\n|upkeep\n|turn|88\n|\n|t:|1663016599\n|switch|p2a: Nurse Depression|Blissey, F|97\/100\n|move|p1a: Tornade|U-turn|p2a: Nurse Depression\n|-damage|p2a: Nurse Depression|84\/100\n|\n|t:|1663016601\n|switch|p1a: le Fauve|Landorus-Therian, M|22\/100|[from]move: U-turn\n|-ability|p1a: le Fauve|Intimidate|boost\n|-unboost|p2a: Nurse Depression|atk|1\n|\n|-heal|p1a: le Fauve|29\/100|[from] item: Leftovers\n|upkeep\n|turn|89\n|\n|t:|1663016607\n|move|p1a: le Fauve|Stealth Rock|p2a: Nurse Depression\n|-sidestart|p2: Down$hift|move: Stealth Rock\n|move|p2a: Nurse Depression|Seismic Toss|p1a: le Fauve\n|-damage|p1a: le Fauve|2\/100\n|\n|-heal|p1a: le Fauve|8\/100|[from] item: Leftovers\n|upkeep\n|turn|90\n|\n|t:|1663016612\n|move|p1a: le Fauve|U-turn|p2a: Nurse Depression\n|-damage|p2a: Nurse Depression|67\/100\n|\n|t:|1663016615\n|switch|p1a: Tornade|Tornadus-Therian, M|74\/100|[from]move: U-turn\n|move|p2a: Nurse Depression|Seismic Toss|p1a: Tornade\n|-damage|p1a: Tornade|47\/100\n|\n|upkeep\n|turn|91\n|\n|t:|1663016619\n|move|p1a: Tornade|Superpower|p2a: Nurse Depression\n|-supereffective|p2a: Nurse Depression\n|-damage|p2a: Nurse Depression|25\/100\n|-unboost|p1a: Tornade|atk|1\n|-unboost|p1a: Tornade|def|1\n|move|p2a: Nurse Depression|Soft-Boiled|p2a: Nurse Depression\n|-heal|p2a: Nurse Depression|75\/100\n|\n|upkeep\n|turn|92\n|\n|t:|1663016623\n|move|p1a: Tornade|U-turn|p2a: Nurse Depression\n|-damage|p2a: Nurse Depression|66\/100\n|\n|t:|1663016626\n|switch|p1a: le Fauve|Landorus-Therian, M|8\/100|[from]move: U-turn\n|-ability|p1a: le Fauve|Intimidate|boost\n|-unboost|p2a: Nurse Depression|atk|1\n|move|p2a: Nurse Depression|Stealth Rock|p1a: le Fauve\n|-sidestart|p1: AurelZair|move: Stealth Rock\n|\n|-heal|p1a: le Fauve|14\/100|[from] item: Leftovers\n|upkeep\n|turn|93\n|\n|t:|1663016631\n|move|p1a: le Fauve|U-turn|p2a: Nurse Depression\n|-damage|p2a: Nurse Depression|45\/100\n|\n|t:|1663016633\n|switch|p1a: Crapaud|Toxapex, F|100\/100|[from]move: U-turn\n|-damage|p1a: Crapaud|88\/100|[from] Stealth Rock\n|move|p2a: Nurse Depression|Seismic Toss|p1a: Crapaud\n|-damage|p1a: Crapaud|55\/100\n|\n|upkeep\n|turn|94\n|\n|t:|1663016638\n|move|p2a: Nurse Depression|Soft-Boiled|p2a: Nurse Depression\n|-heal|p2a: Nurse Depression|95\/100\n|move|p1a: Crapaud|Toxic|p2a: Nurse Depression\n|-status|p2a: Nurse Depression|tox\n|\n|-damage|p2a: Nurse Depression|89\/100 tox|[from] psn\n|upkeep\n|turn|95\n|n|\u2606AurelZair|aurelzair\n|\n|t:|1663016644\n|switch|p1a: le Fauve|Landorus-Therian, M|14\/100\n|-damage|p1a: le Fauve|2\/100|[from] Stealth Rock\n|-ability|p1a: le Fauve|Intimidate|boost\n|-unboost|p2a: Nurse Depression|atk|1\n|move|p2a: Nurse Depression|Teleport|p2a: Nurse Depression\n|\n|t:|1663016646\n|-curestatus|p2a: Nurse Depression|tox|[from] ability: Natural Cure\n|switch|p2a: House of Pain|Regieleki|10\/100|[from]move: Teleport\n|\n|-heal|p1a: le Fauve|8\/100|[from] item: Leftovers\n|upkeep\n|turn|96\n|\n|t:|1663016654\n|move|p2a: House of Pain|Rapid Spin|p1a: le Fauve\n|-damage|p1a: le Fauve|0 fnt\n|-boost|p2a: House of Pain|spe|1\n|-sideend|p2: Down$hift|Stealth Rock|[from] move: Rapid Spin|[of] p2a: House of Pain\n|faint|p1a: le Fauve\n|\n|upkeep\n|\n|t:|1663016656\n|switch|p1a: Wolverine|Weavile, M|3\/100\n|-ability|p1a: Wolverine|Pressure\n|turn|97\n|inactive|AurelZair has 120 seconds left.\n|\n|t:|1663016673\n|switch|p2a: NachoThighJuice|Buzzwole|79\/100\n|move|p1a: Wolverine|Swords Dance|p1a: Wolverine\n|-boost|p1a: Wolverine|atk|2\n|\n|upkeep\n|turn|98\n|inactive|AurelZair has 120 seconds left.\n|\n|t:|1663016691\n|move|p1a: Wolverine|Triple Axel|p2a: NachoThighJuice|[miss]\n|-miss|p1a: Wolverine|p2a: NachoThighJuice\n|move|p2a: NachoThighJuice|Ice Punch|p1a: Wolverine\n|-resisted|p1a: Wolverine\n|-damage|p1a: Wolverine|0 fnt\n|faint|p1a: Wolverine\n|-ability|p2a: NachoThighJuice|Beast Boost|boost\n|-boost|p2a: NachoThighJuice|atk|1\n|\n|upkeep\n|l| shyiin\n|c|\u2606AurelZair|haha gg lets end this suffer here, got outplayed here\n|inactive|AurelZair has 90 seconds left.\n|-message|AurelZair forfeited.\n|\n|win|Down$hift\n","uploadtime":1663016219,"views":42,"p1id":"aurelzair","p2id":"downhift","formatid":"gen8ou","rating":0,"private":0,"password":null}