{"id":"gen8randombattle-1613408129","p1":"DIMU179","p2":"himynametay","format":"gen8randombattle","log":"|j|\u2606DIMU179\n|j|\u203dhimynametay\n|t:|1657338222\n|gametype|singles\n|player|p1|DIMU179|benga|1735\n|player|p2|himynametay|elesa|1783\n|teamsize|p1|6\n|teamsize|p2|6\n|gen|8\n|tier|[Gen 8] Random Battle\n|rated|\n|rule|Species Clause: Limit one of each Pok\u00e9mon\n|rule|HP Percentage Mod: HP is shown in percentages\n|rule|Sleep Clause Mod: Limit one foe put to sleep\n|\n|t:|1657338222\n|start\n|switch|p1a: Linoone|Linoone, L84, F|268\/268\n|switch|p2a: Marowak|Marowak, L86, F|243\/243\n|turn|1\n|inactive|Battle timer is ON: inactive players will automatically lose when time's up. (requested by DIMU179)\n|\n|t:|1657338234\n|move|p1a: Linoone|Belly Drum|p1a: Linoone\n|-damage|p1a: Linoone|134\/268\n|-setboost|p1a: Linoone|atk|6|[from] move: Belly Drum\n|-enditem|p1a: Linoone|Mago Berry|[eat]\n|-heal|p1a: Linoone|222\/268|[from] item: Mago Berry\n|move|p2a: Marowak|Earthquake|p1a: Linoone\n|-crit|p1a: Linoone\n|-damage|p1a: Linoone|0 fnt\n|faint|p1a: Linoone\n|\n|upkeep\n|\n|t:|1657338247\n|switch|p1a: Spiritomb|Spiritomb, L88, F|231\/231\n|turn|2\n|\n|t:|1657338251\n|move|p2a: Marowak|Earthquake|p1a: Spiritomb\n|-crit|p1a: Spiritomb\n|-damage|p1a: Spiritomb|0 fnt\n|faint|p1a: Spiritomb\n|\n|upkeep\n|c|\u2606DIMU179|a\n|\n|t:|1657338268\n|switch|p1a: Volcarona|Volcarona, L76, F|254\/254\n|turn|3\n|\n|t:|1657338280\n|move|p1a: Volcarona|Quiver Dance|p1a: Volcarona\n|-boost|p1a: Volcarona|spa|1\n|-boost|p1a: Volcarona|spd|1\n|-boost|p1a: Volcarona|spe|1\n|move|p2a: Marowak|Earthquake|p1a: Volcarona\n|-damage|p1a: Volcarona|0 fnt\n|faint|p1a: Volcarona\n|\n|upkeep\n|\n|t:|1657338289\n|switch|p1a: Steelix|Steelix, L84, M|263\/263\n|turn|4\n|\n|t:|1657338293\n|move|p2a: Marowak|Earthquake|p1a: Steelix\n|-supereffective|p1a: Steelix\n|-damage|p1a: Steelix|81\/263\n|move|p1a: Steelix|Dragon Dance|p1a: Steelix\n|-boost|p1a: Steelix|atk|1\n|-boost|p1a: Steelix|spe|1\n|\n|-heal|p1a: Steelix|97\/263|[from] item: Leftovers\n|upkeep\n|turn|5\n|\n|t:|1657338298\n|move|p1a: Steelix|Earthquake|p2a: Marowak\n|-damage|p2a: Marowak|129\/243\n|move|p2a: Marowak|Earthquake|p1a: Steelix\n|-supereffective|p1a: Steelix\n|-damage|p1a: Steelix|0 fnt\n|faint|p1a: Steelix\n|\n|upkeep\n|\n|t:|1657338300\n|switch|p1a: Scolipede|Scolipede, L80, M|227\/227\n|turn|6\n|inactive|himynametay has 120 seconds left.\n|\n|t:|1657338336\n|move|p1a: Scolipede|Earthquake|p2a: Marowak\n|-damage|p2a: Marowak|58\/243\n|-damage|p1a: Scolipede|205\/227|[from] item: Life Orb\n|move|p2a: Marowak|Earthquake|p1a: Scolipede\n|-damage|p1a: Scolipede|0 fnt\n|faint|p1a: Scolipede\n|\n|upkeep\n|\n|t:|1657338341\n|switch|p1a: Stakataka|Stakataka, L80|229\/229\n|turn|7\n|\n|t:|1657338351\n|-start|p2a: Marowak|Dynamax|\n|-heal|p2a: Marowak|116\/486|[silent]\n|move|p2a: Marowak|Max Quake|p1a: Stakataka\n|-supereffective|p1a: Stakataka\n|-damage|p1a: Stakataka|0 fnt\n|-boost|p2a: Marowak|spd|1\n|faint|p1a: Stakataka\n|\n|win|himynametay\n|raw|DIMU179's rating: 1735 &rarr; <strong>1718<\/strong><br \/>(-17 for losing)\n|raw|himynametay's rating: 1783 &rarr; <strong>1800<\/strong><br \/>(+17 for winning)\n","inputlog":">version 11c68141c380f61e2da7046fb748694845aecef0\n>start {\"formatid\":\"gen8randombattle\",\"seed\":[18175,993,40150,40062],\"rated\":\"Rated battle\"}\n>player p1 {\"name\":\"DIMU179\",\"avatar\":\"benga\",\"rating\":1735,\"seed\":[1896,31428,55386,58430]}\n>player p2 {\"name\":\"himynametay\",\"avatar\":\"elesa\",\"rating\":1783,\"seed\":[27640,31069,57309,64011]}\n>p1 move bellydrum\n>p2 move earthquake\n>p1 switch 4\n>p1 move poltergeist\n>p2 move earthquake\n>chat \u2606DIMU179|a\n>p1 switch 2\n>p1 move quiverdance\n>p2 move earthquake\n>p1 switch 3\n>p1 move dragondance\n>p2 move earthquake\n>p1 move earthquake\n>p2 move earthquake\n>p1 switch 5\n>p1 move earthquake\n>p2 move earthquake\n>p1 switch 6\n>p1 move gyroball\n>p2 move earthquake dynamax","uploadtime":1657338354,"views":4,"p1id":"dimu179","p2id":"himynametay","formatid":"gen8randombattle","rating":1718,"private":0,"password":null}