{"id":"gen8randombattle-1706965356","p1":"PR2434","p2":"Knorv08","format":"gen8randombattle","log":"|j|\u2606PR2434\n|j|\u2606Knorv08\n|t:|1668037032\n|gametype|singles\n|player|p1|PR2434|roxanne|1000\n|player|p2|Knorv08|170|1000\n|teamsize|p1|6\n|teamsize|p2|6\n|gen|8\n|tier|[Gen 8] Random Battle\n|rated|\n|rule|Species Clause: Limit one of each Pok\u00e9mon\n|rule|HP Percentage Mod: HP is shown in percentages\n|rule|Sleep Clause Mod: Limit one foe put to sleep\n|\n|t:|1668037032\n|start\n|switch|p1a: Darmanitan|Darmanitan, L80, M|299\/299\n|switch|p2a: Regigigas|Regigigas, L82|315\/315\n|-start|p2a: Regigigas|ability: Slow Start\n|turn|1\n|inactive|Battle timer is ON: inactive players will automatically lose when time's up. (requested by PR2434)\n|\n|t:|1668037045\n|-end|p2a: Regigigas|Slow Start|[silent]\n|switch|p2a: Cinderace|Cinderace, L74, M|240\/240\n|move|p1a: Darmanitan|Superpower|p2a: Cinderace\n|-damage|p2a: Cinderace|71\/240\n|-unboost|p1a: Darmanitan|atk|1\n|-unboost|p1a: Darmanitan|def|1\n|-damage|p1a: Darmanitan|270\/299|[from] item: Life Orb\n|\n|upkeep\n|turn|2\n|\n|t:|1668037062\n|switch|p1a: Gengar|Gengar, L80, F|227\/227\n|move|p2a: Cinderace|High Jump Kick|p1a: Gengar\n|-start|p2a: Cinderace|typechange|Fighting|[from] ability: Libero\n|-immune|p1a: Gengar\n|-damage|p2a: Cinderace|0 fnt|[from] highjumpkick\n|faint|p2a: Cinderace\n|\n|upkeep\n|\n|t:|1668037076\n|switch|p2a: Bisharp|Bisharp, L80, M|235\/235\n|turn|3\n|\n|t:|1668037082\n|switch|p1a: Darmanitan|Darmanitan, L80, M|270\/299\n|move|p2a: Bisharp|Sucker Punch||[still]\n|-fail|p2a: Bisharp\n|\n|upkeep\n|turn|4\n|\n|t:|1668037093\n|switch|p2a: Solgaleo|Solgaleo, L72|316\/316\n|move|p1a: Darmanitan|Flare Blitz|p2a: Solgaleo\n|-supereffective|p2a: Solgaleo\n|-damage|p2a: Solgaleo|0 fnt\n|faint|p2a: Solgaleo\n|-damage|p1a: Darmanitan|166\/299|[from] Recoil\n|\n|upkeep\n|\n|t:|1668037103\n|switch|p2a: Hitmonchan|Hitmonchan, L86, M|226\/226\n|turn|5\n|\n|t:|1668037112\n|switch|p1a: Aromatisse|Aromatisse, L88, M|321\/321\n|move|p2a: Hitmonchan|Drain Punch|p1a: Aromatisse\n|-resisted|p1a: Aromatisse\n|-damage|p1a: Aromatisse|250\/321\n|-damage|p2a: Hitmonchan|204\/226|[from] item: Life Orb\n|\n|-heal|p1a: Aromatisse|270\/321|[from] item: Leftovers\n|upkeep\n|turn|6\n|\n|t:|1668037123\n|move|p2a: Hitmonchan|Ice Punch|p1a: Aromatisse\n|-damage|p1a: Aromatisse|167\/321\n|-damage|p2a: Hitmonchan|182\/226|[from] item: Life Orb\n|move|p1a: Aromatisse|Moonblast|p2a: Hitmonchan\n|-supereffective|p2a: Hitmonchan\n|-damage|p2a: Hitmonchan|0 fnt\n|faint|p2a: Hitmonchan\n|\n|-heal|p1a: Aromatisse|187\/321|[from] item: Leftovers\n|upkeep\n|\n|t:|1668037136\n|switch|p2a: Bisharp|Bisharp, L80, M|235\/235\n|turn|7\n|\n|t:|1668037145\n|move|p2a: Bisharp|Iron Head|p1a: Aromatisse\n|-supereffective|p1a: Aromatisse\n|-damage|p1a: Aromatisse|0 fnt\n|faint|p1a: Aromatisse\n|-damage|p2a: Bisharp|212\/235|[from] item: Life Orb\n|\n|upkeep\n|\n|t:|1668037153\n|switch|p1a: Klefki|Klefki, L82, F|228\/228\n|turn|8\n|\n|t:|1668037162\n|switch|p2a: Virizion|Virizion, L82|283\/283\n|move|p1a: Klefki|Spikes|p2a: Virizion\n|-sidestart|p2: Knorv08|Spikes\n|\n|upkeep\n|turn|9\n|\n|t:|1668037170\n|move|p1a: Klefki|Thunder Wave|p2a: Virizion\n|-status|p2a: Virizion|par\n|-enditem|p2a: Virizion|Lum Berry|[eat]\n|-curestatus|p2a: Virizion|par|[msg]\n|move|p2a: Virizion|Close Combat|p1a: Klefki\n|-damage|p1a: Klefki|105\/228\n|-unboost|p2a: Virizion|def|1\n|-unboost|p2a: Virizion|spd|1\n|\n|-heal|p1a: Klefki|119\/228|[from] item: Leftovers\n|upkeep\n|turn|10\n|\n|t:|1668037184\n|move|p1a: Klefki|Thunder Wave|p2a: Virizion\n|-status|p2a: Virizion|par\n|move|p2a: Virizion|Close Combat|p1a: Klefki\n|-damage|p1a: Klefki|0 fnt\n|-unboost|p2a: Virizion|def|1\n|-unboost|p2a: Virizion|spd|1\n|faint|p1a: Klefki\n|\n|upkeep\n|\n|t:|1668037199\n|switch|p1a: Darmanitan|Darmanitan, L80, M|166\/299\n|turn|11\n|\n|t:|1668037202\n|move|p1a: Darmanitan|Flare Blitz|p2a: Virizion\n|-supereffective|p2a: Virizion\n|-damage|p2a: Virizion|0 fnt\n|faint|p2a: Virizion\n|-damage|p1a: Darmanitan|73\/299|[from] Recoil\n|\n|upkeep\n|\n|t:|1668037209\n|switch|p2a: Regigigas|Regigigas, L82|315\/315\n|-damage|p2a: Regigigas|276\/315|[from] Spikes\n|-start|p2a: Regigigas|ability: Slow Start\n|turn|12\n|\n|t:|1668037218\n|switch|p1a: Gengar|Gengar, L80, F|227\/227\n|move|p2a: Regigigas|Substitute|p2a: Regigigas\n|-start|p2a: Regigigas|Substitute\n|-damage|p2a: Regigigas|198\/315\n|\n|-heal|p2a: Regigigas|217\/315|[from] item: Leftovers\n|upkeep\n|turn|13\n|\n|t:|1668037227\n|move|p1a: Gengar|Nasty Plot|p1a: Gengar\n|-boost|p1a: Gengar|spa|2\n|move|p2a: Regigigas|Toxic|p1a: Gengar\n|-immune|p1a: Gengar\n|\n|-heal|p2a: Regigigas|236\/315|[from] item: Leftovers\n|upkeep\n|turn|14\n|\n|t:|1668037239\n|-end|p2a: Regigigas|Slow Start|[silent]\n|switch|p2a: Bisharp|Bisharp, L80, M|212\/235\n|-damage|p2a: Bisharp|183\/235|[from] Spikes\n|move|p1a: Gengar|Nasty Plot|p1a: Gengar\n|-boost|p1a: Gengar|spa|2\n|\n|upkeep\n|turn|15\n|\n|t:|1668037256\n|-start|p1a: Gengar|Dynamax|Gmax\n|-heal|p1a: Gengar|454\/454|[silent]\n|-start|p2a: Bisharp|Dynamax|\n|-heal|p2a: Bisharp|366\/470|[silent]\n|move|p1a: Gengar|Max Knuckle|p2a: Bisharp\n|-supereffective|p2a: Bisharp\n|-damage|p2a: Bisharp|0 fnt\n|-boost|p1a: Gengar|atk|1\n|faint|p2a: Bisharp\n|-damage|p1a: Gengar|432\/454|[from] item: Life Orb\n|\n|upkeep\n|\n|t:|1668037271\n|switch|p2a: Regigigas|Regigigas, L82|236\/315\n|-damage|p2a: Regigigas|197\/315|[from] Spikes\n|-start|p2a: Regigigas|ability: Slow Start\n|turn|16\n|\n|t:|1668037277\n|move|p2a: Regigigas|Protect|p2a: Regigigas\n|-singleturn|p2a: Regigigas|Protect\n|move|p1a: Gengar|Max Knuckle|p2a: Regigigas\n|-supereffective|p2a: Regigigas\n|-zbroken|p2a: Regigigas\n|-damage|p2a: Regigigas|62\/315\n|-boost|p1a: Gengar|atk|1\n|-damage|p1a: Gengar|410\/454|[from] item: Life Orb\n|\n|-heal|p2a: Regigigas|81\/315|[from] item: Leftovers\n|upkeep\n|turn|17\n|\n|t:|1668037292\n|move|p1a: Gengar|Max Knuckle|p2a: Regigigas\n|-supereffective|p2a: Regigigas\n|-damage|p2a: Regigigas|0 fnt\n|-boost|p1a: Gengar|atk|1\n|faint|p2a: Regigigas\n|-end|p2a: Regigigas|Slow Start|[silent]\n|-damage|p1a: Gengar|388\/454|[from] item: Life Orb\n|\n|win|PR2434\n|raw|PR2434's rating: 1000 &rarr; <strong>1040<\/strong><br \/>(+40 for winning)\n|raw|Knorv08's rating: 1000 &rarr; <strong>1000<\/strong><br \/>(+0 for losing)\n|l|\u2606Knorv08\n||Ladder isn't responding, score probably updated but might not have (Request timeout).\n","inputlog":">version 453a3ad56483cc6a5c08448f6577d394b68621b7\n>start {\"formatid\":\"gen8randombattle\",\"seed\":[662,29153,19419,57710],\"rated\":\"Rated battle\"}\n>player p1 {\"name\":\"PR2434\",\"avatar\":\"roxanne\",\"rating\":1000,\"seed\":[64776,18305,61522,50843]}\n>player p2 {\"name\":\"Knorv08\",\"avatar\":\"170\",\"rating\":1000,\"seed\":[17942,29718,22589,64197]}\n>p1 move superpower\n>p2 switch 3\n>p1 switch 2\n>p2 move highjumpkick\n>p2 switch 5\n>p1 switch 2\n>p2 move suckerpunch\n>p1 move flareblitz\n>p2 switch 4\n>p2 switch 2\n>p1 switch 6\n>p2 move drainpunch\n>p1 move moonblast\n>p2 move icepunch\n>p2 switch 4\n>p1 move moonblast\n>p2 move ironhead\n>p1 switch 5\n>p1 move spikes\n>p2 switch 6\n>p1 move thunderwave\n>p2 move closecombat\n>p1 move thunderwave\n>p2 move closecombat\n>p1 switch 6\n>p1 move flareblitz\n>p2 move stoneedge\n>p2 switch 3\n>p1 switch 2\n>p2 move substitute\n>p1 move nastyplot\n>p2 move toxic\n>p1 move nastyplot\n>p2 switch 6\n>p1 move focusblast dynamax\n>p2 move suckerpunch dynamax\n>p2 switch 6\n>p1 move focusblast dynamax\n>p2 move protect\n>p1 move focusblast dynamax\n>p2 move substitute","uploadtime":1668037302,"views":3,"p1id":"pr2434","p2id":"knorv08","formatid":"gen8randombattle","rating":1000,"private":0,"password":null}