{"id":"gen8ou-1234291435","p1":"TryHonesty","p2":"Grimreminder09","format":"gen8ou","log":"|j|\u2606TryHonesty\n|j|\u2606Grimreminder09\n|t:|1606747811\n|player|p1|TryHonesty|101|1636\n|player|p2|Grimreminder09|burglar|1725\n|teamsize|p1|6\n|teamsize|p2|6\n|gametype|singles\n|gen|8\n|tier|[Gen 8] OU\n|rated|\n|clearpoke\n|poke|p1|Pheromosa|\n|poke|p1|Mamoswine, M|\n|poke|p1|Nidoking, M|\n|poke|p1|Tapu Fini|\n|poke|p1|Rillaboom, F|\n|poke|p1|Salamence, F|\n|poke|p2|Tapu Koko|\n|poke|p2|Nidoking, M|\n|poke|p2|Cinderace, F|\n|poke|p2|Urshifu-*, M|\n|poke|p2|Landorus-Therian, M|\n|poke|p2|Latias, F|\n|rule|Sleep Clause Mod: Limit one foe put to sleep\n|rule|Species Clause: Limit one of each Pok\u00e9mon\n|rule|OHKO Clause: OHKO moves are banned\n|rule|Evasion Moves Clause: Evasion moves are banned\n|rule|Endless Battle Clause: Forcing endless battles is banned\n|rule|HP Percentage Mod: HP is shown in percentages\n|rule|Dynamax Clause: You cannot dynamax\n|teampreview\n|inactive|Battle timer is ON: inactive players will automatically lose when time's up. (requested by TryHonesty)\n|\n|t:|1606747823\n|start\n|switch|p1a: Pheromosa|Pheromosa|100\/100\n|switch|p2a: Cinderace|Cinderace, F|100\/100\n|turn|1\n|\n|t:|1606747828\n|switch|p2a: Landorus|Landorus-Therian, M|100\/100\n|-ability|p2a: Landorus|Intimidate|boost\n|-unboost|p1a: Pheromosa|atk|1\n|move|p1a: Pheromosa|Shock Wave|p2a: Landorus\n|-immune|p2a: Landorus\n|\n|upkeep\n|turn|2\n|\n|t:|1606747839\n|switch|p2a: Latias|Latias, F|100\/100\n|move|p1a: Pheromosa|Ice Beam|p2a: Latias\n|-supereffective|p2a: Latias\n|-damage|p2a: Latias|29\/100\n|-damage|p1a: Pheromosa|91\/100|[from] item: Life Orb\n|\n|upkeep\n|turn|3\n|\n|t:|1606747846\n|move|p2a: Latias|Thunder Wave|p1a: Pheromosa\n|-status|p1a: Pheromosa|par\n|cant|p1a: Pheromosa|par\n|\n|upkeep\n|turn|4\n|\n|t:|1606747850\n|switch|p2a: Tapu Koko|Tapu Koko|100\/100\n|-fieldstart|move: Electric Terrain|[from] ability: Electric Surge|[of] p2a: Tapu Koko\n|move|p1a: Pheromosa|Quiver Dance|p1a: Pheromosa\n|-boost|p1a: Pheromosa|spa|1\n|-boost|p1a: Pheromosa|spd|1\n|-boost|p1a: Pheromosa|spe|1\n|\n|upkeep\n|turn|5\n|\n|t:|1606747857\n|switch|p1a: Nidoking|Nidoking, M|100\/100\n|move|p2a: Tapu Koko|Dazzling Gleam|p1a: Nidoking\n|-resisted|p1a: Nidoking\n|-damage|p1a: Nidoking|64\/100\n|\n|upkeep\n|turn|6\n|\n|t:|1606747862\n|switch|p2a: Latias|Latias, F|29\/100\n|move|p1a: Nidoking|Substitute|p1a: Nidoking\n|-start|p1a: Nidoking|Substitute\n|-damage|p1a: Nidoking|39\/100\n|\n|upkeep\n|turn|7\n|\n|t:|1606747867\n|move|p2a: Latias|Psychic|p1a: Nidoking\n|-supereffective|p1a: Nidoking\n|-end|p1a: Nidoking|Substitute\n|move|p1a: Nidoking|Ice Beam|p2a: Latias\n|-supereffective|p2a: Latias\n|-damage|p2a: Latias|0 fnt\n|faint|p2a: Latias\n|\n|upkeep\n|\n|t:|1606747870\n|switch|p2a: Urshifu|Urshifu, M|100\/100\n|turn|8\n|\n|t:|1606747879\n|move|p2a: Urshifu|Wicked Blow|p1a: Nidoking\n|-crit|p1a: Nidoking\n|-damage|p1a: Nidoking|0 fnt\n|-damage|p2a: Urshifu|91\/100|[from] item: Life Orb\n|faint|p1a: Nidoking\n|\n|-fieldend|move: Electric Terrain\n|upkeep\n|\n|t:|1606747884\n|switch|p1a: Salamence|Salamence, F|100\/100\n|turn|9\n|\n|t:|1606747886\n|move|p2a: Urshifu|Wicked Blow|p1a: Salamence\n|-crit|p1a: Salamence\n|-damage|p1a: Salamence|3\/100\n|-damage|p2a: Urshifu|81\/100|[from] item: Life Orb\n|move|p1a: Salamence|Dragon Dance|p1a: Salamence\n|-boost|p1a: Salamence|atk|1\n|-boost|p1a: Salamence|spe|1\n|\n|-heal|p1a: Salamence|9\/100|[from] item: Leftovers\n|upkeep\n|turn|10\n|\n|t:|1606747890\n|switch|p2a: Landorus|Landorus-Therian, M|100\/100\n|-ability|p2a: Landorus|Intimidate|boost\n|-unboost|p1a: Salamence|atk|1\n|move|p1a: Salamence|Dual Wingbeat|p2a: Landorus\n|-damage|p2a: Landorus|83\/100\n|-damage|p1a: Salamence|0 fnt|[from] item: Rocky Helmet|[of] p2a: Landorus\n|-hitcount|p2a: Landorus|1\n|faint|p1a: Salamence\n|\n|upkeep\n|\n|t:|1606747894\n|switch|p1a: Mamoswine|Mamoswine, M|100\/100\n|turn|11\n|\n|t:|1606747912\n|switch|p2a: Tapu Koko|Tapu Koko|100\/100\n|-fieldstart|move: Electric Terrain|[from] ability: Electric Surge|[of] p2a: Tapu Koko\n|move|p1a: Mamoswine|Icicle Crash|p2a: Tapu Koko\n|-damage|p2a: Tapu Koko|13\/100\n|-damage|p1a: Mamoswine|91\/100|[from] item: Life Orb\n|\n|upkeep\n|turn|12\n|\n|t:|1606747921\n|move|p1a: Mamoswine|Ice Shard|p2a: Tapu Koko\n|-damage|p2a: Tapu Koko|0 fnt\n|-damage|p1a: Mamoswine|81\/100|[from] item: Life Orb\n|faint|p2a: Tapu Koko\n|\n|upkeep\n|\n|t:|1606747923\n|switch|p2a: Cinderace|Cinderace, F|100\/100\n|turn|13\n|\n|t:|1606747929\n|switch|p1a: Pheromosa|Pheromosa|91\/100 par\n|move|p2a: Cinderace|Pyro Ball|p1a: Pheromosa|[miss]\n|-miss|p2a: Cinderace|p1a: Pheromosa\n|\n|upkeep\n|turn|14\n|\n|t:|1606747937\n|move|p2a: Cinderace|Pyro Ball|p1a: Pheromosa\n|-supereffective|p1a: Pheromosa\n|-damage|p1a: Pheromosa|0 fnt\n|-damage|p2a: Cinderace|91\/100|[from] item: Life Orb\n|faint|p1a: Pheromosa\n|\n|upkeep\n|\n|t:|1606747941\n|switch|p1a: Tapu Fini|Tapu Fini|100\/100\n|-fieldstart|move: Misty Terrain|[from] ability: Misty Surge|[of] p1a: Tapu Fini\n|turn|15\n|\n|t:|1606747949\n|move|p2a: Cinderace|Electro Ball|p1a: Tapu Fini\n|-start|p2a: Cinderace|typechange|Electric|[from] ability: Libero\n|-supereffective|p1a: Tapu Fini\n|-damage|p1a: Tapu Fini|68\/100\n|-damage|p2a: Cinderace|81\/100|[from] item: Life Orb\n|move|p1a: Tapu Fini|Surf|p2a: Cinderace\n|-damage|p2a: Cinderace|30\/100\n|\n|-heal|p1a: Tapu Fini|74\/100|[from] item: Leftovers\n|upkeep\n|turn|16\n|\n|t:|1606747962\n|move|p2a: Cinderace|Electro Ball|p1a: Tapu Fini\n|-supereffective|p1a: Tapu Fini\n|-damage|p1a: Tapu Fini|44\/100\n|-damage|p2a: Cinderace|20\/100|[from] item: Life Orb\n|move|p1a: Tapu Fini|Draining Kiss|p2a: Cinderace\n|-damage|p2a: Cinderace|0 fnt\n|-heal|p1a: Tapu Fini|57\/100|[from] drain|[of] p2a: Cinderace\n|faint|p2a: Cinderace\n|\n|-heal|p1a: Tapu Fini|63\/100|[from] item: Leftovers\n|upkeep\n|\n|t:|1606747966\n|switch|p2a: Nidoking|Nidoking, M|100\/100\n|turn|17\n|\n|t:|1606747981\n|move|p2a: Nidoking|Sludge Wave|p1a: Tapu Fini\n|-supereffective|p1a: Tapu Fini\n|-damage|p1a: Tapu Fini|0 fnt\n|faint|p1a: Tapu Fini\n|\n|upkeep\n|\n|t:|1606748000\n|switch|p1a: Mamoswine|Mamoswine, M|81\/100\n|turn|18\n|\n|t:|1606748005\n|move|p2a: Nidoking|Flamethrower|p1a: Mamoswine\n|-supereffective|p1a: Mamoswine\n|-damage|p1a: Mamoswine|21\/100\n|move|p1a: Mamoswine|Icicle Crash|p2a: Nidoking|[miss]\n|-miss|p1a: Mamoswine|p2a: Nidoking\n|\n|upkeep\n|turn|19\n|\n|t:|1606748009\n|move|p1a: Mamoswine|Ice Shard|p2a: Nidoking\n|-supereffective|p2a: Nidoking\n|-damage|p2a: Nidoking|21\/100\n|-damage|p1a: Mamoswine|11\/100|[from] item: Life Orb\n|move|p2a: Nidoking|Flamethrower|p1a: Mamoswine\n|-supereffective|p1a: Mamoswine\n|-damage|p1a: Mamoswine|0 fnt\n|faint|p1a: Mamoswine\n|\n|-fieldend|Misty Terrain\n|upkeep\n|\n|t:|1606748018\n|switch|p1a: Rillaboom|Rillaboom, F|100\/100\n|-fieldstart|move: Grassy Terrain|[from] ability: Grassy Surge|[of] p1a: Rillaboom\n|turn|20\n|\n|t:|1606748020\n|move|p1a: Rillaboom|Grassy Glide|p2a: Nidoking\n|-damage|p2a: Nidoking|0 fnt\n|-damage|p1a: Rillaboom|91\/100|[from] item: Life Orb\n|faint|p2a: Nidoking\n|\n|-heal|p1a: Rillaboom|97\/100|[from] Grassy Terrain\n|upkeep\n|\n|t:|1606748023\n|switch|p2a: Landorus|Landorus-Therian, M|83\/100\n|-ability|p2a: Landorus|Intimidate|boost\n|-unboost|p1a: Rillaboom|atk|1\n|turn|21\n|\n|t:|1606748025\n|move|p2a: Landorus|U-turn|p1a: Rillaboom\n|-supereffective|p1a: Rillaboom\n|-damage|p1a: Rillaboom|53\/100\n|\n|t:|1606748028\n|switch|p2a: Urshifu|Urshifu, M|81\/100|[from]move: U-turn\n|move|p1a: Rillaboom|Swords Dance|p1a: Rillaboom\n|-boost|p1a: Rillaboom|atk|2\n|\n|-heal|p2a: Urshifu|87\/100|[from] Grassy Terrain\n|-heal|p1a: Rillaboom|59\/100|[from] Grassy Terrain\n|upkeep\n|turn|22\n|\n|t:|1606748031\n|switch|p2a: Landorus|Landorus-Therian, M|83\/100\n|-ability|p2a: Landorus|Intimidate|boost\n|-unboost|p1a: Rillaboom|atk|1\n|move|p1a: Rillaboom|Grassy Glide|p2a: Landorus\n|-damage|p2a: Landorus|41\/100\n|-damage|p1a: Rillaboom|43\/100|[from] item: Rocky Helmet|[of] p2a: Landorus\n|-damage|p1a: Rillaboom|33\/100|[from] item: Life Orb\n|\n|-heal|p1a: Rillaboom|39\/100|[from] Grassy Terrain\n|upkeep\n|turn|23\n|l|\u2606TryHonesty\n|inactive|TryHonesty disconnected and has a minute to reconnect!\n|player|p1|\n|inactive|TryHonesty has 30 seconds to reconnect!\n|inactive|TryHonesty has 20 seconds to reconnect!\n|inactive|TryHonesty has 15 seconds to reconnect!\n|inactive|TryHonesty has 10 seconds to reconnect!\n|inactive|TryHonesty has 5 seconds to reconnect!\n|-message|TryHonesty lost due to inactivity.\n|\n|win|Grimreminder09\n","uploadtime":1606748109,"views":4,"p1id":"tryhonesty","p2id":"grimreminder09","formatid":"gen8ou","rating":0,"private":0,"password":null}