{"id":"gen8nationaldex-1595182088","p1":"SirFresh","p2":"Monkemaniac323","format":"gen8nationaldex","log":"|j|\u2606SirFresh\n|j|\u2606Monkemaniac323\n|t:|1655098918\n|gametype|singles\n|player|p1|SirFresh|palmer|\n|player|p2|Monkemaniac323|rancher|\n|teamsize|p1|6\n|teamsize|p2|6\n|gen|8\n|tier|[Gen 8] National Dex\n|rule|HP Percentage Mod: HP is shown in percentages\n|rule|Endless Battle Clause: Forcing endless battles is banned\n|rule|OHKO Clause: OHKO moves are banned\n|rule|Evasion Moves Clause: Evasion moves are banned\n|rule|Species Clause: Limit one of each Pok\u00e9mon\n|rule|Dynamax Clause: You cannot dynamax\n|rule|Sleep Clause Mod: Limit one foe put to sleep\n|clearpoke\n|poke|p1|Infernape, M|\n|poke|p1|Staraptor, M|\n|poke|p1|Gliscor, M|\n|poke|p1|Bronzong|\n|poke|p1|Manaphy|\n|poke|p1|Gallade, M|\n|poke|p2|Weavile, F|\n|poke|p2|Lopunny, M|\n|poke|p2|Rotom-Wash|\n|poke|p2|Togekiss, M|\n|poke|p2|Garchomp, F|\n|poke|p2|Bastiodon, M|\n|teampreview\n|c|\u2606Monkemaniac323|Glhf\n|c|\u2606SirFresh|Glhf\n|\n|t:|1655098939\n|start\n|switch|p1a: Staraptor|Staraptor, M|100\/100\n|switch|p2a: Garchomp|Garchomp, F|100\/100\n|turn|1\n|\n|t:|1655098953\n|move|p1a: Staraptor|U-turn|p2a: Garchomp\n|-damage|p2a: Garchomp|78\/100\n|-damage|p1a: Staraptor|88\/100|[from] ability: Rough Skin|[of] p2a: Garchomp\n|\n|t:|1655098956\n|switch|p1a: Gliscor|Gliscor, M|100\/100|[from]move: U-turn\n|move|p2a: Garchomp|Scale Shot|p1a: Gliscor\n|-damage|p1a: Gliscor|92\/100\n|-damage|p1a: Gliscor|84\/100\n|-hitcount|p1a: Gliscor|2\n|-unboost|p2a: Garchomp|def|1\n|-boost|p2a: Garchomp|spe|1\n|\n|-status|p1a: Gliscor|tox|[from] item: Toxic Orb\n|upkeep\n|turn|2\n|\n|t:|1655099007\n|switch|p2a: Rotom|Rotom-Wash|100\/100\n|move|p1a: Gliscor|Toxic|p2a: Rotom\n|-status|p2a: Rotom|tox\n|\n|-damage|p2a: Rotom|94\/100 tox|[from] psn\n|-heal|p1a: Gliscor|97\/100 tox|[from] ability: Poison Heal\n|upkeep\n|turn|3\n|\n|t:|1655099021\n|switch|p1a: Manaphy|Manaphy|100\/100\n|move|p2a: Rotom|Hydro Pump|p1a: Manaphy\n|-resisted|p1a: Manaphy\n|-damage|p1a: Manaphy|69\/100\n|\n|-damage|p2a: Rotom|82\/100 tox|[from] psn\n|upkeep\n|turn|4\n|\n|t:|1655099029\n|switch|p2a: Lopunny|Lopunny, M|100\/100\n|move|p1a: Manaphy|Surf|p2a: Lopunny\n|-damage|p2a: Lopunny|49\/100\n|\n|upkeep\n|turn|5\n|\n|t:|1655099036\n|switch|p1a: Bronzong|Bronzong|100\/100\n|detailschange|p2a: Lopunny|Lopunny-Mega, M\n|-mega|p2a: Lopunny|Lopunny|Lopunnite\n|move|p2a: Lopunny|Fake Out|p1a: Bronzong\n|-resisted|p1a: Bronzong\n|-damage|p1a: Bronzong|91\/100\n|\n|upkeep\n|turn|6\n|\n|t:|1655099045\n|move|p2a: Lopunny|High Jump Kick|p1a: Bronzong\n|-damage|p1a: Bronzong|24\/100\n|move|p1a: Bronzong|Light Screen|p1a: Bronzong\n|-sidestart|p1: SirFresh|move: Light Screen\n|\n|upkeep\n|turn|7\n|\n|t:|1655099055\n|switch|p1a: Staraptor|Staraptor, M|88\/100\n|move|p2a: Lopunny|High Jump Kick|p1a: Staraptor\n|-damage|p1a: Staraptor|0 fnt\n|faint|p1a: Staraptor\n|\n|upkeep\n|\n|t:|1655099067\n|switch|p1a: Infernape|Infernape, M|100\/100\n|turn|8\n|\n|t:|1655099079\n|switch|p2a: Togekiss|Togekiss, M|100\/100\n|move|p1a: Infernape|Mach Punch|p2a: Togekiss\n|-resisted|p2a: Togekiss\n|-damage|p2a: Togekiss|92\/100\n|\n|upkeep\n|turn|9\n|\n|t:|1655099088\n|switch|p1a: Gliscor|Gliscor, M|97\/100 tox\n|move|p2a: Togekiss|Air Slash|p1a: Gliscor\n|-damage|p1a: Gliscor|71\/100 tox\n|\n|-heal|p1a: Gliscor|84\/100 tox|[from] ability: Poison Heal\n|upkeep\n|turn|10\n|\n|t:|1655099097\n|switch|p2a: Weavile|Weavile, F|100\/100\n|-ability|p2a: Weavile|Pressure\n|move|p1a: Gliscor|Toxic|p2a: Weavile\n|-status|p2a: Weavile|tox\n|\n|-damage|p2a: Weavile|94\/100 tox|[from] psn\n|-heal|p1a: Gliscor|96\/100 tox|[from] ability: Poison Heal\n|upkeep\n|turn|11\n|\n|t:|1655099102\n|switch|p1a: Infernape|Infernape, M|100\/100\n|move|p2a: Weavile|Icicle Crash|p1a: Infernape\n|-resisted|p1a: Infernape\n|-crit|p1a: Infernape\n|-damage|p1a: Infernape|54\/100\n|\n|-damage|p2a: Weavile|82\/100 tox|[from] psn\n|upkeep\n|turn|12\n|\n|t:|1655099111\n|move|p2a: Weavile|Ice Shard|p1a: Infernape\n|-resisted|p1a: Infernape\n|-damage|p1a: Infernape|40\/100\n|move|p1a: Infernape|U-turn|p2a: Weavile\n|-supereffective|p2a: Weavile\n|-damage|p2a: Weavile|0 fnt\n|faint|p2a: Weavile\n|\n|t:|1655099125\n|switch|p1a: Gliscor|Gliscor, M|96\/100 tox|[from]move: U-turn\n|\n|-heal|p1a: Gliscor|100\/100 tox|[from] ability: Poison Heal\n|upkeep\n|\n|t:|1655099129\n|switch|p2a: Rotom|Rotom-Wash|82\/100 tox\n|turn|13\n|\n|t:|1655099135\n|move|p2a: Rotom|Hydro Pump|p1a: Gliscor\n|-supereffective|p1a: Gliscor\n|-damage|p1a: Gliscor|10\/100 tox\n|move|p1a: Gliscor|Stealth Rock|p2a: Rotom\n|-sidestart|p2: Monkemaniac323|move: Stealth Rock\n|\n|-damage|p2a: Rotom|76\/100 tox|[from] psn\n|-heal|p1a: Gliscor|23\/100 tox|[from] ability: Poison Heal\n|-sideend|p1: SirFresh|move: Light Screen\n|upkeep\n|turn|14\n|\n|t:|1655099148\n|switch|p1a: Manaphy|Manaphy|69\/100\n|move|p2a: Rotom|Hydro Pump|p1a: Manaphy|[miss]\n|-miss|p2a: Rotom|p1a: Manaphy\n|\n|-damage|p2a: Rotom|63\/100 tox|[from] psn\n|upkeep\n|turn|15\n|\n|t:|1655099160\n|move|p2a: Rotom|Hydro Pump|p1a: Manaphy\n|-resisted|p1a: Manaphy\n|-damage|p1a: Manaphy|41\/100\n|move|p1a: Manaphy|Surf|p2a: Rotom\n|-resisted|p2a: Rotom\n|-damage|p2a: Rotom|33\/100 tox\n|\n|-damage|p2a: Rotom|14\/100 tox|[from] psn\n|upkeep\n|turn|16\n|\n|t:|1655099177\n|move|p2a: Rotom|Hydro Pump|p1a: Manaphy|[miss]\n|-miss|p2a: Rotom|p1a: Manaphy\n|move|p1a: Manaphy|Surf|p2a: Rotom\n|-resisted|p2a: Rotom\n|-damage|p2a: Rotom|0 fnt\n|faint|p2a: Rotom\n|\n|upkeep\n|\n|t:|1655099186\n|switch|p2a: Lopunny|Lopunny-Mega, M|49\/100\n|-damage|p2a: Lopunny|42\/100|[from] Stealth Rock\n|turn|17\n|\n|t:|1655099210\n|move|p2a: Lopunny|High Jump Kick|p1a: Manaphy\n|-damage|p1a: Manaphy|0 fnt\n|faint|p1a: Manaphy\n|\n|upkeep\n|\n|t:|1655099221\n|switch|p1a: Infernape|Infernape, M|40\/100\n|turn|18\n|\n|t:|1655099230\n|switch|p2a: Togekiss|Togekiss, M|92\/100\n|-damage|p2a: Togekiss|67\/100|[from] Stealth Rock\n|move|p1a: Infernape|Mach Punch|p2a: Togekiss\n|-resisted|p2a: Togekiss\n|-damage|p2a: Togekiss|60\/100\n|\n|upkeep\n|turn|19\n|\n|t:|1655099237\n|switch|p1a: Gliscor|Gliscor, M|23\/100 tox\n|move|p2a: Togekiss|Air Slash|p1a: Gliscor\n|-damage|p1a: Gliscor|0 fnt\n|faint|p1a: Gliscor\n|\n|upkeep\n|\n|t:|1655099240\n|switch|p1a: Bronzong|Bronzong|24\/100\n|turn|20\n|\n|t:|1655099246\n|move|p2a: Togekiss|Air Slash|p1a: Bronzong\n|-resisted|p1a: Bronzong\n|-damage|p1a: Bronzong|10\/100\n|move|p1a: Bronzong|Light Screen|p1a: Bronzong\n|-sidestart|p1: SirFresh|move: Light Screen\n|\n|upkeep\n|turn|21\n|\n|t:|1655099255\n|move|p2a: Togekiss|Air Slash|p1a: Bronzong\n|-resisted|p1a: Bronzong\n|-damage|p1a: Bronzong|3\/100\n|cant|p1a: Bronzong|flinch\n|\n|upkeep\n|turn|22\n|\n|t:|1655099258\n|move|p2a: Togekiss|Air Slash|p1a: Bronzong\n|-resisted|p1a: Bronzong\n|-damage|p1a: Bronzong|0 fnt\n|faint|p1a: Bronzong\n|\n|upkeep\n|\n|t:|1655099261\n|switch|p1a: Gallade|Gallade, M|100\/100\n|turn|23\n|\n|t:|1655099268\n|detailschange|p1a: Gallade|Gallade-Mega, M\n|-mega|p1a: Gallade|Gallade|Galladite\n|move|p2a: Togekiss|Air Slash|p1a: Gallade\n|-supereffective|p1a: Gallade\n|-damage|p1a: Gallade|54\/100\n|move|p1a: Gallade|Ice Punch|p2a: Togekiss\n|-supereffective|p2a: Togekiss\n|-damage|p2a: Togekiss|0 fnt\n|faint|p2a: Togekiss\n|\n|upkeep\n|\n|t:|1655099273\n|switch|p2a: Lopunny|Lopunny-Mega, M|42\/100\n|-damage|p2a: Lopunny|36\/100|[from] Stealth Rock\n|turn|24\n|\n|t:|1655099278\n|move|p2a: Lopunny|Play Rough|p1a: Gallade\n|-supereffective|p1a: Gallade\n|-damage|p1a: Gallade|0 fnt\n|faint|p1a: Gallade\n|\n|upkeep\n|\n|t:|1655099281\n|switch|p1a: Infernape|Infernape, M|40\/100\n|turn|25\n|\n|t:|1655099286\n|move|p1a: Infernape|Mach Punch|p2a: Lopunny\n|-supereffective|p2a: Lopunny\n|-damage|p2a: Lopunny|0 fnt\n|faint|p2a: Lopunny\n|\n|upkeep\n|\n|t:|1655099288\n|switch|p2a: Garchomp|Garchomp, F|78\/100\n|-damage|p2a: Garchomp|72\/100|[from] Stealth Rock\n|turn|26\n|\n|t:|1655099292\n|move|p1a: Infernape|Mach Punch|p2a: Garchomp\n|-damage|p2a: Garchomp|43\/100\n|-damage|p1a: Infernape|28\/100|[from] ability: Rough Skin|[of] p2a: Garchomp\n|move|p2a: Garchomp|Earthquake|p1a: Infernape\n|-supereffective|p1a: Infernape\n|-damage|p1a: Infernape|0 fnt\n|faint|p1a: Infernape\n|\n|win|Monkemaniac323\n|c|\u2606Monkemaniac323|Gg\n|c|\u2606SirFresh|Gg\n","uploadtime":1655099300,"views":19,"p1id":"sirfresh","p2id":"monkemaniac323","formatid":"gen8nationaldex","rating":0,"private":0,"password":null}