{"id":"gen8ou-1401067031","p1":"cows123p","p2":"Truestaura","format":"gen8ou","log":"|j|\u2606cows123p\n|j|\u2606Truestaura\n|t:|1629573251\n|gametype|singles\n|player|p1|cows123p|youngcouple-gen4dp|1612\n|player|p2|Truestaura|cynthia|1668\n|teamsize|p1|6\n|teamsize|p2|6\n|gen|8\n|tier|[Gen 8] OU\n|rated|\n|rule|Sleep Clause Mod: Limit one foe put to sleep\n|rule|Species Clause: Limit one of each Pok\u00e9mon\n|rule|OHKO Clause: OHKO moves are banned\n|rule|Evasion Moves Clause: Evasion moves are banned\n|rule|Endless Battle Clause: Forcing endless battles is banned\n|rule|HP Percentage Mod: HP is shown in percentages\n|rule|Dynamax Clause: You cannot dynamax\n|clearpoke\n|poke|p1|Kartana|\n|poke|p1|Dragapult, M|\n|poke|p1|Crawdaunt, F|\n|poke|p1|Weavile, F|\n|poke|p1|Melmetal|\n|poke|p1|Landorus-Therian, M|\n|poke|p2|Mew|\n|poke|p2|Torkoal, F|\n|poke|p2|Kartana|\n|poke|p2|Landorus-Therian, M|\n|poke|p2|Blissey, F|\n|poke|p2|Zeraora|\n|teampreview\n|\n|t:|1629573261\n|start\n|switch|p1a: Crawdaunt|Crawdaunt, F, shiny|100\/100\n|switch|p2a: Mew|Mew|100\/100\n|turn|1\n|\n|t:|1629573268\n|move|p2a: Mew|Spikes|p1a: Crawdaunt\n|-sidestart|p1: cows123p|Spikes\n|move|p1a: Crawdaunt|Knock Off|p2a: Mew\n|-supereffective|p2a: Mew\n|-damage|p2a: Mew|0 fnt\n|-damage|p1a: Crawdaunt|84\/100|[from] item: Rocky Helmet|[of] p2a: Mew\n|-enditem|p2a: Mew|Rocky Helmet|[from] move: Knock Off|[of] p1a: Crawdaunt\n|faint|p2a: Mew\n|\n|upkeep\n|\n|t:|1629573273\n|switch|p2a: Zeraora|Zeraora|100\/100\n|turn|2\n|\n|t:|1629573279\n|switch|p1a: Landorus|Landorus-Therian, M|100\/100\n|-ability|p1a: Landorus|Intimidate|boost\n|-unboost|p2a: Zeraora|atk|1\n|move|p2a: Zeraora|Close Combat|p1a: Landorus\n|-resisted|p1a: Landorus\n|-damage|p1a: Landorus|87\/100\n|-unboost|p2a: Zeraora|def|1\n|-unboost|p2a: Zeraora|spd|1\n|\n|upkeep\n|turn|3\n|\n|t:|1629573288\n|switch|p2a: Torkoal|Torkoal, F|100\/100\n|-weather|SunnyDay|[from] ability: Drought|[of] p2a: Torkoal\n|move|p1a: Landorus|U-turn|p2a: Torkoal\n|-resisted|p2a: Torkoal\n|-damage|p2a: Torkoal|89\/100\n|\n|t:|1629573297\n|switch|p1a: Crawdaunt|Crawdaunt, F, shiny|84\/100|[from]move: U-turn\n|-damage|p1a: Crawdaunt|72\/100|[from] Spikes\n|\n|-weather|SunnyDay|[upkeep]\n|upkeep\n|turn|4\n|\n|t:|1629573303\n|switch|p2a: Landorus|Landorus-Therian, M|100\/100\n|-ability|p2a: Landorus|Intimidate|boost\n|-unboost|p1a: Crawdaunt|atk|1\n|move|p1a: Crawdaunt|Crabhammer|p2a: Landorus\n|-supereffective|p2a: Landorus\n|-crit|p2a: Landorus\n|-damage|p2a: Landorus|0 fnt\n|faint|p2a: Landorus\n|\n|-weather|SunnyDay|[upkeep]\n|upkeep\n|\n|t:|1629573305\n|switch|p2a: Kartana|Kartana|100\/100\n|turn|5\n|\n|t:|1629573315\n|switch|p1a: Landorus|Landorus-Therian, M|87\/100\n|-ability|p1a: Landorus|Intimidate|boost\n|-unboost|p2a: Kartana|atk|1\n|move|p2a: Kartana|Solar Blade||[still]\n|-prepare|p2a: Kartana|Solar Blade\n|-anim|p2a: Kartana|Solar Blade|p1a: Landorus\n|-damage|p1a: Landorus|25\/100\n|\n|-weather|SunnyDay|[upkeep]\n|upkeep\n|turn|6\n|\n|t:|1629573324\n|move|p2a: Kartana|Solar Blade||[still]\n|-prepare|p2a: Kartana|Solar Blade\n|-anim|p2a: Kartana|Solar Blade|p1a: Landorus\n|-damage|p1a: Landorus|0 fnt\n|faint|p1a: Landorus\n|-ability|p2a: Kartana|Beast Boost|boost\n|-boost|p2a: Kartana|atk|1\n|\n|-weather|SunnyDay|[upkeep]\n|upkeep\n|\n|t:|1629573332\n|switch|p1a: Melmetal|Melmetal|100\/100\n|-damage|p1a: Melmetal|88\/100|[from] Spikes\n|turn|7\n|\n|t:|1629573337\n|switch|p2a: Torkoal|Torkoal, F|89\/100\n|move|p1a: Melmetal|Superpower|p2a: Torkoal\n|-damage|p2a: Torkoal|45\/100\n|-unboost|p1a: Melmetal|atk|1\n|-unboost|p1a: Melmetal|def|1\n|\n|-weather|SunnyDay|[upkeep]\n|upkeep\n|turn|8\n|\n|t:|1629573346\n|switch|p1a: Crawdaunt|Crawdaunt, F, shiny|72\/100\n|-damage|p1a: Crawdaunt|59\/100|[from] Spikes\n|move|p2a: Torkoal|Stealth Rock|p1a: Crawdaunt\n|-sidestart|p1: cows123p|move: Stealth Rock\n|\n|-weather|SunnyDay|[upkeep]\n|upkeep\n|turn|9\n|\n|t:|1629573354\n|switch|p2a: Blissey|Blissey, F|100\/100\n|move|p1a: Crawdaunt|Knock Off|p2a: Blissey\n|-damage|p2a: Blissey|13\/100\n|-enditem|p2a: Blissey|Heavy-Duty Boots|[from] move: Knock Off|[of] p1a: Crawdaunt\n|\n|-weather|SunnyDay|[upkeep]\n|upkeep\n|turn|10\n|\n|t:|1629573360\n|move|p1a: Crawdaunt|Knock Off|p2a: Blissey\n|-damage|p2a: Blissey|0 fnt\n|faint|p2a: Blissey\n|\n|-weather|none\n|upkeep\n|\n|t:|1629573362\n|switch|p2a: Kartana|Kartana|100\/100\n|turn|11\n|\n|t:|1629573366\n|move|p2a: Kartana|Sacred Sword|p1a: Crawdaunt\n|-supereffective|p1a: Crawdaunt\n|-damage|p1a: Crawdaunt|0 fnt\n|faint|p1a: Crawdaunt\n|-ability|p2a: Kartana|Beast Boost|boost\n|-boost|p2a: Kartana|atk|1\n|\n|upkeep\n|\n|t:|1629573373\n|switch|p1a: Dragapult|Dragapult, M|100\/100\n|-damage|p1a: Dragapult|88\/100|[from] Spikes\n|-damage|p1a: Dragapult|76\/100|[from] Stealth Rock\n|turn|12\n|\n|t:|1629573381\n|switch|p2a: Torkoal|Torkoal, F|45\/100\n|-weather|SunnyDay|[from] ability: Drought|[of] p2a: Torkoal\n|move|p1a: Dragapult|Phantom Force||[still]\n|-prepare|p1a: Dragapult|Phantom Force\n|\n|-weather|SunnyDay|[upkeep]\n|upkeep\n|turn|13\n|\n|t:|1629573387\n|move|p1a: Dragapult|Phantom Force|p2a: Torkoal|[from]lockedmove\n|-damage|p2a: Torkoal|4\/100\n|move|p2a: Torkoal|Lava Plume|p1a: Dragapult\n|-resisted|p1a: Dragapult\n|-damage|p1a: Dragapult|53\/100\n|\n|-weather|SunnyDay|[upkeep]\n|upkeep\n|turn|14\n|\n|t:|1629573394\n|move|p1a: Dragapult|Phantom Force||[still]\n|-prepare|p1a: Dragapult|Phantom Force\n|move|p2a: Torkoal|Lava Plume|p1a: Dragapult|[miss]\n|-miss|p2a: Torkoal|p1a: Dragapult\n|\n|-weather|SunnyDay|[upkeep]\n|upkeep\n|turn|15\n|\n|t:|1629573400\n|move|p1a: Dragapult|Phantom Force|p2a: Torkoal|[from]lockedmove\n|-crit|p2a: Torkoal\n|-damage|p2a: Torkoal|0 fnt\n|faint|p2a: Torkoal\n|\n|-weather|SunnyDay|[upkeep]\n|upkeep\n|\n|t:|1629573401\n|switch|p2a: Kartana|Kartana|100\/100\n|turn|16\n|\n|t:|1629573407\n|move|p2a: Kartana|Knock Off|p1a: Dragapult\n|-supereffective|p1a: Dragapult\n|-damage|p1a: Dragapult|0 fnt\n|-enditem|p1a: Dragapult|Choice Band|[from] move: Knock Off|[of] p2a: Kartana\n|faint|p1a: Dragapult\n|-ability|p2a: Kartana|Beast Boost|boost\n|-boost|p2a: Kartana|atk|1\n|\n|-weather|SunnyDay|[upkeep]\n|upkeep\n|\n|t:|1629573415\n|switch|p1a: Kartana|Kartana|100\/100\n|-damage|p1a: Kartana|88\/100|[from] Spikes\n|-damage|p1a: Kartana|82\/100|[from] Stealth Rock\n|turn|17\n|\n|t:|1629573421\n|switch|p2a: Zeraora|Zeraora|100\/100\n|move|p1a: Kartana|Sacred Sword|p2a: Zeraora\n|-damage|p2a: Zeraora|23\/100\n|\n|-weather|SunnyDay|[upkeep]\n|upkeep\n|turn|18\n|\n|t:|1629573433\n|move|p2a: Zeraora|Blaze Kick|p1a: Kartana\n|-supereffective|p1a: Kartana\n|-damage|p1a: Kartana|0 fnt\n|faint|p1a: Kartana\n|\n|-weather|SunnyDay|[upkeep]\n|upkeep\n|\n|t:|1629573438\n|switch|p1a: Weavile|Weavile, F|100\/100\n|-damage|p1a: Weavile|76\/100|[from] Stealth Rock\n|-damage|p1a: Weavile|63\/100|[from] Spikes\n|-ability|p1a: Weavile|Pressure\n|turn|19\n|\n|t:|1629573445\n|move|p1a: Weavile|Ice Shard|p2a: Zeraora\n|-damage|p2a: Zeraora|0 fnt\n|faint|p2a: Zeraora\n|\n|-weather|none\n|upkeep\n|\n|t:|1629573447\n|switch|p2a: Kartana|Kartana|100\/100\n|turn|20\n|j| maggitmagit\n|\n|t:|1629573451\n|move|p1a: Weavile|Ice Shard|p2a: Kartana\n|-damage|p2a: Kartana|67\/100\n|move|p2a: Kartana|Sacred Sword|p1a: Weavile\n|-supereffective|p1a: Weavile\n|-damage|p1a: Weavile|0 fnt\n|faint|p1a: Weavile\n|-ability|p2a: Kartana|Beast Boost|boost\n|-boost|p2a: Kartana|atk|1\n|\n|upkeep\n|j| BabylonBill_3\n|\n|t:|1629573459\n|switch|p1a: Melmetal|Melmetal|88\/100\n|-damage|p1a: Melmetal|82\/100|[from] Stealth Rock\n|-damage|p1a: Melmetal|70\/100|[from] Spikes\n|turn|21\n|\n|t:|1629573464\n|move|p2a: Kartana|Sacred Sword|p1a: Melmetal\n|-supereffective|p1a: Melmetal\n|-damage|p1a: Melmetal|0 fnt\n|faint|p1a: Melmetal\n|\n|win|Truestaura\n|raw|cows123p's rating: 1612 &rarr; <strong>1595<\/strong><br \/>(-17 for losing)\n|raw|Truestaura's rating: 1668 &rarr; <strong>1685<\/strong><br \/>(+17 for winning)\n|l|\u2606cows123p\n|l| BabylonBill_3\n","uploadtime":1629573471,"views":22,"p1id":"cows123p","p2id":"truestaura","formatid":"gen8ou","rating":1595,"private":0,"password":null}