{"id":"gen8ubers-1673255509","p1":"xasahbae","p2":"Jojoash1","format":"gen8ubers","log":"|j|\u2606xasahbae\n|j|\u2606Jojoash1\n|inactive|Battle timer is ON: inactive players will automatically lose when time's up.\n|t:|1664453882\n|gametype|singles\n|player|p1|xasahbae|clerkf|\n|player|p2|Jojoash1|gentleman-gen4dp|\n|teamsize|p1|6\n|teamsize|p2|6\n|gen|8\n|tier|[Gen 8] Ubers\n|rated|Tournament battle\n|rule|Sleep Clause Mod: Limit one foe put to sleep\n|rule|Species Clause: Limit one of each Pok\u00e9mon\n|rule|OHKO Clause: OHKO moves are banned\n|rule|Evasion Items Clause: Evasion items are banned\n|rule|Evasion Moves Clause: Evasion moves are banned\n|rule|Endless Battle Clause: Forcing endless battles is banned\n|rule|HP Percentage Mod: HP is shown in percentages\n|rule|Dynamax Clause: You cannot dynamax\n|clearpoke\n|poke|p1|Slurpuff, M|\n|poke|p1|Eternatus|\n|poke|p1|Yveltal|\n|poke|p1|Necrozma-Dusk-Mane|\n|poke|p1|Ditto|\n|poke|p1|Calyrex-Shadow|\n|poke|p2|Xerneas-*|\n|poke|p2|Groudon|\n|poke|p2|Calyrex-Shadow|\n|poke|p2|Necrozma-Dusk-Mane|\n|poke|p2|Eternatus|\n|poke|p2|Yveltal|\n|teampreview\n|j|*Lady Monita\n|\n|t:|1664453890\n|start\n|switch|p1a: LE DONNE|Slurpuff, M|100\/100\n|switch|p2a: Necrozma|Necrozma-Dusk-Mane|100\/100\n|turn|1\n|j| Ivanter\n|\n|t:|1664453898\n|move|p1a: LE DONNE|Magic Coat|p1a: LE DONNE\n|-singleturn|p1a: LE DONNE|move: Magic Coat\n|move|p2a: Necrozma|Thunder Wave|p1a: LE DONNE\n|move|p1a: LE DONNE|Thunder Wave|p2a: Necrozma|[from]Magic Coat\n|-status|p2a: Necrozma|par\n|\n|upkeep\n|turn|2\n|\n|t:|1664453905\n|move|p1a: LE DONNE|Sticky Web|p2a: Necrozma\n|-sidestart|p2: Jojoash1|move: Sticky Web\n|move|p2a: Necrozma|Sunsteel Strike|p1a: LE DONNE\n|-supereffective|p1a: LE DONNE\n|-enditem|p1a: LE DONNE|Focus Sash\n|-damage|p1a: LE DONNE|1\/100\n|\n|upkeep\n|turn|3\n|\n|t:|1664453911\n|move|p1a: LE DONNE|Magic Coat|p1a: LE DONNE\n|-singleturn|p1a: LE DONNE|move: Magic Coat\n|move|p2a: Necrozma|Stealth Rock|p1a: LE DONNE\n|move|p1a: LE DONNE|Stealth Rock|p2a: Necrozma|[from]Magic Coat\n|-sidestart|p2: Jojoash1|move: Stealth Rock\n|\n|upkeep\n|turn|4\n|\n|t:|1664453915\n|move|p1a: LE DONNE|Magic Coat|p1a: LE DONNE\n|-singleturn|p1a: LE DONNE|move: Magic Coat\n|move|p2a: Necrozma|Stealth Rock|p1a: LE DONNE\n|move|p1a: LE DONNE|Stealth Rock||[from]Magic Coat|[still]\n|-fail|p1a: LE DONNE\n|\n|upkeep\n|turn|5\n|\n|t:|1664453919\n|switch|p2a: Yveltal|Yveltal|100\/100\n|-ability|p2a: Yveltal|Dark Aura\n|move|p1a: LE DONNE|Magic Coat|p1a: LE DONNE\n|-singleturn|p1a: LE DONNE|move: Magic Coat\n|\n|upkeep\n|turn|6\n|j|^ETJX\n|\n|t:|1664453924\n|switch|p2a: Necrozma|Necrozma-Dusk-Mane|100\/100 par\n|-activate|p2a: Necrozma|move: Sticky Web\n|-unboost|p2a: Necrozma|spe|1\n|-damage|p2a: Necrozma|94\/100 par|[from] Stealth Rock\n|move|p1a: LE DONNE|Misty Explosion|p2a: Necrozma\n|-resisted|p2a: Necrozma\n|-damage|p2a: Necrozma|83\/100 par\n|faint|p1a: LE DONNE\n|\n|-heal|p2a: Necrozma|89\/100 par|[from] item: Leftovers\n|upkeep\n|\n|t:|1664453934\n|switch|p1a: APPLAUSI PER FIBRA|Yveltal|100\/100\n|-ability|p1a: APPLAUSI PER FIBRA|Dark Aura\n|turn|7\n|\n|t:|1664453942\n|switch|p2a: Yveltal|Yveltal|100\/100\n|-ability|p2a: Yveltal|Dark Aura\n|move|p1a: APPLAUSI PER FIBRA|Taunt|p2a: Yveltal\n|-start|p2a: Yveltal|move: Taunt\n|\n|upkeep\n|turn|8\n|\n|t:|1664453951\n|switch|p2a: Eternatus|Eternatus|100\/100\n|-ability|p2a: Eternatus|Pressure\n|move|p1a: APPLAUSI PER FIBRA|Oblivion Wing|p2a: Eternatus\n|-damage|p2a: Eternatus|76\/100\n|\n|upkeep\n|turn|9\n|j| Monstermaffia\n|\n|t:|1664453966\n|switch|p2a: Yveltal|Yveltal|100\/100\n|-ability|p2a: Yveltal|Dark Aura\n|switch|p1a: ALIENO|Eternatus|100\/100\n|-ability|p1a: ALIENO|Pressure\n|\n|upkeep\n|turn|10\n|\n|t:|1664453973\n|move|p1a: ALIENO|Meteor Beam||[still]\n|-prepare|p1a: ALIENO|Meteor Beam\n|-boost|p1a: ALIENO|spa|1\n|-enditem|p1a: ALIENO|Power Herb\n|-anim|p1a: ALIENO|Meteor Beam|p2a: Yveltal\n|-supereffective|p2a: Yveltal\n|-damage|p2a: Yveltal|0 fnt\n|faint|p2a: Yveltal\n|\n|upkeep\n|c|\u2606Jojoash1|welp\n|c|\u2606xasahbae|yeah\n|c|\u2606xasahbae|that was bad\n|c|\u2606Jojoash1|thats pretty mych it\n|\n|t:|1664453998\n|switch|p2a: Eternatus|Eternatus|76\/100\n|-ability|p2a: Eternatus|Pressure\n|turn|11\n|c|\u2606xasahbae|i think so\n|\n|t:|1664454002\n|move|p1a: ALIENO|Dynamax Cannon|p2a: Eternatus\n|-supereffective|p2a: Eternatus\n|-damage|p2a: Eternatus|0 fnt\n|faint|p2a: Eternatus\n|\n|upkeep\n|\n|t:|1664454007\n|switch|p2a: Groudon|Groudon|100\/100\n|-activate|p2a: Groudon|move: Sticky Web\n|-unboost|p2a: Groudon|spe|1\n|-damage|p2a: Groudon|94\/100|[from] Stealth Rock\n|-weather|SunnyDay|[from] ability: Drought|[of] p2a: Groudon\n|turn|12\n|c|\u2606xasahbae|necro lives i think\n|\n|t:|1664454014\n|move|p1a: ALIENO|Dynamax Cannon|p2a: Groudon\n|-damage|p2a: Groudon|10\/100\n|move|p2a: Groudon|Precipice Blades|p1a: ALIENO\n|-supereffective|p1a: ALIENO\n|-damage|p1a: ALIENO|0 fnt\n|faint|p1a: ALIENO\n|\n|-weather|SunnyDay|[upkeep]\n|-heal|p2a: Groudon|16\/100|[from] item: Leftovers\n|upkeep\n|c|\u2606Jojoash1|eh\n|\n|t:|1664454020\n|switch|p1a: IN ITALIA|Calyrex-Shadow|100\/100\n|-ability|p1a: IN ITALIA|As One\n|-ability|p1a: IN ITALIA|Unnerve\n|turn|13\n|\n|t:|1664454038\n|move|p1a: IN ITALIA|Astral Barrage|p2a: Groudon\n|-damage|p2a: Groudon|0 fnt\n|faint|p2a: Groudon\n|-ability|p1a: IN ITALIA|Grim Neigh|boost\n|-boost|p1a: IN ITALIA|spa|1\n|\n|-weather|SunnyDay|[upkeep]\n|upkeep\n|\n|t:|1664454041\n|switch|p2a: Calyrex|Calyrex-Shadow|100\/100\n|-ability|p2a: Calyrex|As One\n|-ability|p2a: Calyrex|Unnerve\n|-activate|p2a: Calyrex|move: Sticky Web\n|-unboost|p2a: Calyrex|spe|1\n|-damage|p2a: Calyrex|88\/100|[from] Stealth Rock\n|turn|14\n|\n|t:|1664454044\n|move|p1a: IN ITALIA|Astral Barrage|p2a: Calyrex\n|-supereffective|p2a: Calyrex\n|-damage|p2a: Calyrex|0 fnt\n|faint|p2a: Calyrex\n|-ability|p1a: IN ITALIA|Grim Neigh|boost\n|-boost|p1a: IN ITALIA|spa|1\n|\n|-weather|SunnyDay|[upkeep]\n|upkeep\n|c|\u2606Jojoash1|noice games\n|c|\u2606xasahbae|gg man\n|-message|Jojoash1 forfeited.\n|\n|win|xasahbae\n|n|\u2606xasahbae|xasahbae\n|n|\u2606Jojoash1|jojoash1\n|n|*Lady Monita|ladymonita\n|n| Ivanter|ivanter\n|n| ETJX|etjx\n|n| Monstermaffia|monstermaffia\n|l|*Lady Monita\n|l|\u2606Jojoash1\n","uploadtime":1664454055,"views":2,"p1id":"xasahbae","p2id":"jojoash1","formatid":"gen8ubers","rating":0,"private":0,"password":null}