{"id":"gen8ou-1242519584","p1":"Irishmonk29","p2":"Vodyne","format":"gen8ou","log":"|j|\u2606Irishmonk29\n|j|\u2606Vodyne\n|t:|1607816222\n|player|p1|Irishmonk29|265|1218\n|player|p2|Vodyne|dawn|1263\n|teamsize|p1|6\n|teamsize|p2|6\n|gametype|singles\n|gen|8\n|tier|[Gen 8] OU\n|rated|\n|clearpoke\n|poke|p1|Torkoal, M|\n|poke|p1|Venusaur, F|\n|poke|p1|Mandibuzz, F|\n|poke|p1|Heatran, F|\n|poke|p1|Cinderace, M|\n|poke|p1|Gastrodon, F|\n|poke|p2|Zapdos|\n|poke|p2|Heatran, F|\n|poke|p2|Suicune|\n|poke|p2|Tapu Lele|\n|poke|p2|Scizor, F|\n|poke|p2|Conkeldurr, F|\n|rule|Sleep Clause Mod: Limit one foe put to sleep\n|rule|Species Clause: Limit one of each Pok\u00e9mon\n|rule|OHKO Clause: OHKO moves are banned\n|rule|Evasion Moves Clause: Evasion moves are banned\n|rule|Endless Battle Clause: Forcing endless battles is banned\n|rule|HP Percentage Mod: HP is shown in percentages\n|rule|Dynamax Clause: You cannot dynamax\n|teampreview\n|\n|t:|1607816249\n|start\n|switch|p1a: Heatran|Heatran, F|100\/100\n|switch|p2a: Zapdos|Zapdos|100\/100\n|turn|1\n|\n|t:|1607816257\n|switch|p1a: Gastrodon|Gastrodon, F|100\/100\n|move|p2a: Zapdos|Thunder|p1a: Gastrodon\n|-immune|p1a: Gastrodon\n|\n|upkeep\n|turn|2\n|\n|t:|1607816270\n|move|p2a: Zapdos|Hurricane|p1a: Gastrodon\n|-damage|p1a: Gastrodon|56\/100\n|move|p1a: Gastrodon|Toxic|p2a: Zapdos\n|-status|p2a: Zapdos|tox\n|\n|-heal|p1a: Gastrodon|62\/100|[from] item: Leftovers\n|-damage|p2a: Zapdos|94\/100 tox|[from] psn\n|upkeep\n|turn|3\n|\n|t:|1607816279\n|switch|p2a: Heatran|Heatran, F|100\/100\n|move|p1a: Gastrodon|Recover|p1a: Gastrodon\n|-heal|p1a: Gastrodon|100\/100\n|\n|upkeep\n|turn|4\n|\n|t:|1607816292\n|switch|p2a: Tapu Lele|Tapu Lele|100\/100\n|-fieldstart|move: Psychic Terrain|[from] ability: Psychic Surge|[of] p2a: Tapu Lele\n|move|p1a: Gastrodon|Earth Power|p2a: Tapu Lele\n|-damage|p2a: Tapu Lele|73\/100\n|\n|upkeep\n|turn|5\n|\n|t:|1607816310\n|switch|p1a: Heatran|Heatran, F|100\/100\n|move|p2a: Tapu Lele|Psyshock|p1a: Heatran\n|-resisted|p1a: Heatran\n|-damage|p1a: Heatran|71\/100\n|\n|upkeep\n|turn|6\n|\n|t:|1607816325\n|switch|p1a: Venusaur|Venusaur, F|100\/100\n|move|p2a: Tapu Lele|Skill Swap|p1a: Venusaur\n|-activate|p2a: Tapu Lele|move: Skill Swap|Chlorophyll|Psychic Surge|[of] p1a: Venusaur\n|\n|upkeep\n|turn|7\n|\n|t:|1607816337\n|switch|p1a: Torkoal|Torkoal, M|100\/100\n|-weather|SunnyDay|[from] ability: Drought|[of] p1a: Torkoal\n|move|p2a: Tapu Lele|Psyshock|p1a: Torkoal\n|-crit|p1a: Torkoal\n|-damage|p1a: Torkoal|46\/100\n|\n|-weather|SunnyDay|[upkeep]\n|upkeep\n|turn|8\n|\n|t:|1607816345\n|switch|p1a: Cinderace|Cinderace, M|100\/100\n|move|p2a: Tapu Lele|Psyshock|p1a: Cinderace\n|-damage|p1a: Cinderace|3\/100\n|\n|-weather|SunnyDay|[upkeep]\n|-fieldend|move: Psychic Terrain\n|upkeep\n|turn|9\n|\n|t:|1607816358\n|move|p2a: Tapu Lele|Psyshock|p1a: Cinderace\n|-damage|p1a: Cinderace|0 fnt\n|faint|p1a: Cinderace\n|\n|-weather|SunnyDay|[upkeep]\n|upkeep\n|\n|t:|1607816371\n|switch|p1a: Heatran|Heatran, F|71\/100\n|turn|10\n|\n|t:|1607816375\n|move|p2a: Tapu Lele|Skill Swap|p1a: Heatran\n|-activate|p2a: Tapu Lele|move: Skill Swap|Flash Fire|Chlorophyll|[of] p1a: Heatran\n|move|p1a: Heatran|Flash Cannon|p2a: Tapu Lele\n|-supereffective|p2a: Tapu Lele\n|-damage|p2a: Tapu Lele|0 fnt\n|faint|p2a: Tapu Lele\n|\n|-weather|SunnyDay|[upkeep]\n|upkeep\n|\n|t:|1607816382\n|switch|p2a: Heatran|Heatran, F|100\/100\n|turn|11\n|\n|t:|1607816386\n|switch|p1a: Mandibuzz|Mandibuzz, F|100\/100\n|move|p2a: Heatran|Fire Blast|p1a: Mandibuzz\n|-damage|p1a: Mandibuzz|32\/100\n|\n|-weather|SunnyDay|[upkeep]\n|upkeep\n|turn|12\n|\n|t:|1607816393\n|move|p2a: Heatran|Fire Blast|p1a: Mandibuzz\n|-damage|p1a: Mandibuzz|0 fnt\n|faint|p1a: Mandibuzz\n|\n|-weather|SunnyDay|[upkeep]\n|upkeep\n|\n|t:|1607816396\n|switch|p1a: Heatran|Heatran, F|71\/100\n|turn|13\n|\n|t:|1607816406\n|move|p1a: Heatran|Earth Power|p2a: Heatran\n|-supereffective|p2a: Heatran\n|-damage|p2a: Heatran|0 fnt\n|faint|p2a: Heatran\n|\n|-weather|SunnyDay|[upkeep]\n|upkeep\n|\n|t:|1607816420\n|switch|p2a: Suicune|Suicune|100\/100\n|-ability|p2a: Suicune|Pressure\n|turn|14\n|\n|t:|1607816430\n|switch|p1a: Gastrodon|Gastrodon, F|100\/100\n|move|p2a: Suicune|Scald|p1a: Gastrodon\n|-ability|p1a: Gastrodon|Storm Drain|boost\n|-boost|p1a: Gastrodon|spa|1\n|\n|-weather|none\n|upkeep\n|turn|15\n|\n|t:|1607816439\n|switch|p1a: Torkoal|Torkoal, M|46\/100\n|-weather|SunnyDay|[from] ability: Drought|[of] p1a: Torkoal\n|move|p2a: Suicune|Calm Mind|p2a: Suicune\n|-boost|p2a: Suicune|spa|1\n|-boost|p2a: Suicune|spd|1\n|\n|-weather|SunnyDay|[upkeep]\n|upkeep\n|turn|16\n|\n|t:|1607816444\n|move|p2a: Suicune|Calm Mind|p2a: Suicune\n|-boost|p2a: Suicune|spa|1\n|-boost|p2a: Suicune|spd|1\n|move|p1a: Torkoal|Yawn|p2a: Suicune\n|-start|p2a: Suicune|move: Yawn|[of] p1a: Torkoal\n|\n|-weather|SunnyDay|[upkeep]\n|upkeep\n|turn|17\n|\n|t:|1607816447\n|switch|p1a: Gastrodon|Gastrodon, F|100\/100\n|move|p2a: Suicune|Calm Mind|p2a: Suicune\n|-boost|p2a: Suicune|spa|1\n|-boost|p2a: Suicune|spd|1\n|\n|-weather|SunnyDay|[upkeep]\n|-end|p2a: Suicune|move: Yawn|[silent]\n|-status|p2a: Suicune|slp\n|upkeep\n|turn|18\n|\n|t:|1607816450\n|switch|p1a: Venusaur|Venusaur, F|100\/100\n|cant|p2a: Suicune|slp\n|\n|-weather|SunnyDay|[upkeep]\n|upkeep\n|turn|19\n|\n|t:|1607816453\n|move|p1a: Venusaur|Growth|p1a: Venusaur\n|-boost|p1a: Venusaur|atk|2\n|-boost|p1a: Venusaur|spa|2\n|-curestatus|p2a: Suicune|slp|[msg]\n|move|p2a: Suicune|Calm Mind|p2a: Suicune\n|-boost|p2a: Suicune|spa|1\n|-boost|p2a: Suicune|spd|1\n|\n|-weather|SunnyDay|[upkeep]\n|upkeep\n|turn|20\n|\n|t:|1607816456\n|move|p1a: Venusaur|Giga Drain|p2a: Suicune\n|-supereffective|p2a: Suicune\n|-damage|p2a: Suicune|54\/100\n|-damage|p1a: Venusaur|91\/100|[from] item: Life Orb\n|move|p2a: Suicune|Ice Beam|p1a: Venusaur\n|-supereffective|p1a: Venusaur\n|-damage|p1a: Venusaur|0 fnt\n|faint|p1a: Venusaur\n|\n|-weather|SunnyDay|[upkeep]\n|-heal|p2a: Suicune|60\/100|[from] item: Leftovers\n|upkeep\n|-message|Irishmonk29 forfeited.\n|\n|win|Vodyne\n|l|\u2606Irishmonk29\n||Ladder (probably) updated, but score could not be retrieved (Request timeout).\n","uploadtime":1607816476,"views":7,"p1id":"irishmonk29","p2id":"vodyne","formatid":"gen8ou","rating":0,"private":0,"password":null}