{"id":"gen8ou-1293849502","p1":"Burnt Bright","p2":"Kokusei","format":"gen8ou","log":"|j|\u2606Burnt Bright\n|j|\u2606Kokusei\n|t:|1614801850\n|player|p1|Burnt Bright|parasollady-gen4|1774\n|player|p2|Kokusei|101|1861\n|teamsize|p1|6\n|teamsize|p2|6\n|gametype|singles\n|gen|8\n|tier|[Gen 8] OU\n|rated|\n|clearpoke\n|poke|p1|Corviknight, F|\n|poke|p1|Slowking-Galar, M|\n|poke|p1|Hippowdon, M|\n|poke|p1|Garchomp, F|\n|poke|p1|Latios, M|\n|poke|p1|Magnezone|\n|poke|p2|Jirachi|\n|poke|p2|Tangrowth, M|\n|poke|p2|Mandibuzz, F|\n|poke|p2|Swampert, F|\n|poke|p2|Tapu Lele|\n|poke|p2|Zeraora|\n|rule|Sleep Clause Mod: Limit one foe put to sleep\n|rule|Species Clause: Limit one of each Pok\u00e9mon\n|rule|OHKO Clause: OHKO moves are banned\n|rule|Evasion Moves Clause: Evasion moves are banned\n|rule|Endless Battle Clause: Forcing endless battles is banned\n|rule|HP Percentage Mod: HP is shown in percentages\n|rule|Dynamax Clause: You cannot dynamax\n|teampreview\n|j| Tvtvtvtv\n|inactive|Battle timer is ON: inactive players will automatically lose when time's up. (requested by Kokusei)\n|j| Dazzlingtogekisses\n|inactive|Burnt Bright has 120 seconds left.\n|j| BabyPigsAreLaughin\n|\n|t:|1614801907\n|start\n|switch|p1a: Latios|Latios, M|100\/100\n|switch|p2a: Zeraora|Zeraora|100\/100\n|turn|1\n|\n|t:|1614801918\n|switch|p1a: Hippowdon|Hippowdon, M|100\/100\n|-weather|Sandstorm|[from] ability: Sand Stream|[of] p1a: Hippowdon\n|move|p2a: Zeraora|Knock Off|p1a: Hippowdon\n|-crit|p1a: Hippowdon\n|-damage|p1a: Hippowdon|77\/100\n|-damage|p2a: Zeraora|84\/100|[from] item: Rocky Helmet|[of] p1a: Hippowdon\n|-enditem|p1a: Hippowdon|Rocky Helmet|[from] move: Knock Off|[of] p2a: Zeraora\n|\n|-weather|Sandstorm|[upkeep]\n|-damage|p2a: Zeraora|78\/100|[from] Sandstorm\n|upkeep\n|turn|2\n|\n|t:|1614801926\n|switch|p2a: Swampert|Swampert, F|100\/100\n|move|p1a: Hippowdon|Toxic|p2a: Swampert\n|-status|p2a: Swampert|tox\n|\n|-weather|Sandstorm|[upkeep]\n|-damage|p2a: Swampert|94\/100 tox|[from] psn\n|upkeep\n|turn|3\n|\n|t:|1614801932\n|switch|p1a: Corviknight|Corviknight, F|100\/100\n|-ability|p1a: Corviknight|Pressure\n|move|p2a: Swampert|Stealth Rock|p1a: Corviknight\n|-sidestart|p1: Burnt Bright|move: Stealth Rock\n|\n|-weather|Sandstorm|[upkeep]\n|-heal|p2a: Swampert|100\/100 tox|[from] item: Leftovers\n|-damage|p2a: Swampert|88\/100 tox|[from] psn\n|upkeep\n|turn|4\n|\n|t:|1614801935\n|move|p1a: Corviknight|Defog|p2a: Swampert\n|-unboost|p2a: Swampert|evasion|1\n|-sideend|p1: Burnt Bright|Stealth Rock|[from] move: Defog|[of] p1a: Corviknight\n|move|p2a: Swampert|Flip Turn|p1a: Corviknight\n|-damage|p1a: Corviknight|87\/100\n|\n|t:|1614801941\n|switch|p2a: Tangrowth|Tangrowth, M|100\/100|[from]move: Flip Turn\n|\n|-weather|Sandstorm|[upkeep]\n|-damage|p2a: Tangrowth|94\/100|[from] Sandstorm\n|-heal|p1a: Corviknight|93\/100|[from] item: Leftovers\n|upkeep\n|turn|5\n|\n|t:|1614801952\n|move|p1a: Corviknight|U-turn|p2a: Tangrowth\n|-supereffective|p2a: Tangrowth\n|-crit|p2a: Tangrowth\n|-damage|p2a: Tangrowth|71\/100\n|-enditem|p2a: Tangrowth|Eject Button\n|\n|t:|1614801955\n|switch|p2a: Zeraora|Zeraora|78\/100\n|\n|-weather|none\n|-heal|p1a: Corviknight|99\/100|[from] item: Leftovers\n|upkeep\n|turn|6\n|\n|t:|1614801968\n|switch|p2a: Tangrowth|Tangrowth, M|100\/100\n|switch|p1a: Magnezone|Magnezone|100\/100\n|\n|upkeep\n|turn|7\n|\n|t:|1614801975\n|switch|p2a: Swampert|Swampert, F|88\/100 tox\n|move|p1a: Magnezone|Substitute|p1a: Magnezone\n|-start|p1a: Magnezone|Substitute\n|-damage|p1a: Magnezone|76\/100\n|\n|-heal|p1a: Magnezone|82\/100|[from] item: Leftovers\n|-heal|p2a: Swampert|94\/100 tox|[from] item: Leftovers\n|-damage|p2a: Swampert|88\/100 tox|[from] psn\n|upkeep\n|turn|8\n|j| blessed days\n|\n|t:|1614802000\n|move|p1a: Magnezone|Body Press|p2a: Swampert\n|-damage|p2a: Swampert|63\/100 tox\n|move|p2a: Swampert|Stealth Rock|p1a: Magnezone\n|-sidestart|p1: Burnt Bright|move: Stealth Rock\n|\n|-heal|p1a: Magnezone|88\/100|[from] item: Leftovers\n|-heal|p2a: Swampert|70\/100 tox|[from] item: Leftovers\n|-damage|p2a: Swampert|57\/100 tox|[from] psn\n|upkeep\n|turn|9\n|\n|t:|1614802012\n|move|p1a: Magnezone|Iron Defense|p1a: Magnezone\n|-boost|p1a: Magnezone|def|2\n|move|p2a: Swampert|Earthquake|p1a: Magnezone\n|-supereffective|p1a: Magnezone\n|-end|p1a: Magnezone|Substitute\n|\n|-heal|p1a: Magnezone|94\/100|[from] item: Leftovers\n|-heal|p2a: Swampert|63\/100 tox|[from] item: Leftovers\n|-damage|p2a: Swampert|45\/100 tox|[from] psn\n|upkeep\n|turn|10\n|\n|t:|1614802018\n|switch|p2a: Tapu Lele|Tapu Lele|100\/100\n|-fieldstart|move: Psychic Terrain|[from] ability: Psychic Surge|[of] p2a: Tapu Lele\n|move|p1a: Magnezone|Body Press|p2a: Tapu Lele\n|-resisted|p2a: Tapu Lele\n|-damage|p2a: Tapu Lele|81\/100\n|\n|-heal|p1a: Magnezone|99\/100|[from] item: Leftovers\n|upkeep\n|turn|11\n|\n|t:|1614802026\n|switch|p1a: Slowking|Slowking-Galar, M|100\/100\n|-damage|p1a: Slowking|88\/100|[from] Stealth Rock\n|move|p2a: Tapu Lele|Focus Blast|p1a: Slowking\n|-resisted|p1a: Slowking\n|-damage|p1a: Slowking|83\/100\n|\n|upkeep\n|turn|12\n|j| California Chaos\n|\n|t:|1614802039\n|switch|p2a: Swampert|Swampert, F|45\/100 tox\n|move|p1a: Slowking|Sludge Bomb|p2a: Swampert\n|-resisted|p2a: Swampert\n|-damage|p2a: Swampert|31\/100 tox\n|\n|-heal|p2a: Swampert|38\/100 tox|[from] item: Leftovers\n|-damage|p2a: Swampert|31\/100 tox|[from] psn\n|upkeep\n|turn|13\n|\n|t:|1614802049\n|switch|p1a: Corviknight|Corviknight, F|99\/100\n|-damage|p1a: Corviknight|87\/100|[from] Stealth Rock\n|-ability|p1a: Corviknight|Pressure\n|move|p2a: Swampert|Flip Turn|p1a: Corviknight\n|-damage|p1a: Corviknight|67\/100\n|\n|t:|1614802052\n|switch|p2a: Zeraora|Zeraora|78\/100|[from]move: Flip Turn\n|\n|-heal|p1a: Corviknight|73\/100|[from] item: Leftovers\n|upkeep\n|turn|14\n|\n|t:|1614802059\n|switch|p1a: Hippowdon|Hippowdon, M|77\/100\n|-damage|p1a: Hippowdon|71\/100|[from] Stealth Rock\n|-weather|Sandstorm|[from] ability: Sand Stream|[of] p1a: Hippowdon\n|move|p2a: Zeraora|Plasma Fists|p1a: Hippowdon\n|-immune|p1a: Hippowdon\n|\n|-weather|Sandstorm|[upkeep]\n|-damage|p2a: Zeraora|72\/100|[from] Sandstorm\n|-fieldend|move: Psychic Terrain\n|upkeep\n|turn|15\n|\n|t:|1614802069\n|switch|p2a: Tangrowth|Tangrowth, M|100\/100\n|move|p1a: Hippowdon|Slack Off|p1a: Hippowdon\n|-heal|p1a: Hippowdon|100\/100\n|\n|-weather|Sandstorm|[upkeep]\n|-damage|p2a: Tangrowth|94\/100|[from] Sandstorm\n|upkeep\n|turn|16\n|\n|t:|1614802085\n|switch|p1a: Slowking|Slowking-Galar, M|100\/100\n|-damage|p1a: Slowking|88\/100|[from] Stealth Rock\n|move|p2a: Tangrowth|Giga Drain|p1a: Slowking\n|-resisted|p1a: Slowking\n|-damage|p1a: Slowking|82\/100\n|-heal|p2a: Tangrowth|97\/100|[from] drain|[of] p1a: Slowking\n|\n|-weather|Sandstorm|[upkeep]\n|-damage|p2a: Tangrowth|91\/100|[from] Sandstorm\n|-damage|p1a: Slowking|76\/100|[from] Sandstorm\n|upkeep\n|turn|17\n|\n|t:|1614802095\n|switch|p2a: Swampert|Swampert, F|31\/100 tox\n|move|p1a: Slowking|Future Sight|p2a: Swampert\n|-start|p1a: Slowking|move: Future Sight\n|\n|-weather|Sandstorm|[upkeep]\n|-damage|p1a: Slowking|69\/100|[from] Sandstorm\n|-heal|p2a: Swampert|38\/100 tox|[from] item: Leftovers\n|-damage|p2a: Swampert|31\/100 tox|[from] psn\n|upkeep\n|turn|18\n|\n|t:|1614802114\n|switch|p1a: Latios|Latios, M|100\/100\n|-damage|p1a: Latios|88\/100|[from] Stealth Rock\n|move|p2a: Swampert|Flip Turn|p1a: Latios\n|-resisted|p1a: Latios\n|-damage|p1a: Latios|66\/100\n|j| GoudonRockpolish\n|\n|t:|1614802121\n|switch|p2a: Mandibuzz|Mandibuzz, F|100\/100|[from]move: Flip Turn\n|\n|-weather|none\n|upkeep\n|turn|19\n|\n|t:|1614802138\n|switch|p1a: Magnezone|Magnezone|99\/100\n|-damage|p1a: Magnezone|94\/100|[from] Stealth Rock\n|move|p2a: Mandibuzz|Foul Play|p1a: Magnezone\n|-damage|p1a: Magnezone|80\/100\n|\n|-end|p2a: Mandibuzz|move: Future Sight\n|-immune|p2a: Mandibuzz\n|-heal|p1a: Magnezone|86\/100|[from] item: Leftovers\n|upkeep\n|turn|20\n|\n|t:|1614802147\n|switch|p2a: Tangrowth|Tangrowth, M|100\/100\n|move|p1a: Magnezone|Substitute|p1a: Magnezone\n|-start|p1a: Magnezone|Substitute\n|-damage|p1a: Magnezone|61\/100\n|\n|-heal|p1a: Magnezone|67\/100|[from] item: Leftovers\n|upkeep\n|turn|21\n|\n|t:|1614802156\n|move|p1a: Magnezone|Iron Defense|p1a: Magnezone\n|-boost|p1a: Magnezone|def|2\n|move|p2a: Tangrowth|Focus Blast|p1a: Magnezone\n|-supereffective|p1a: Magnezone\n|-end|p1a: Magnezone|Substitute\n|\n|-heal|p1a: Magnezone|73\/100|[from] item: Leftovers\n|upkeep\n|turn|22\n|\n|t:|1614802163\n|move|p1a: Magnezone|Substitute|p1a: Magnezone\n|-start|p1a: Magnezone|Substitute\n|-damage|p1a: Magnezone|48\/100\n|move|p2a: Tangrowth|Focus Blast|p1a: Magnezone\n|-supereffective|p1a: Magnezone\n|-end|p1a: Magnezone|Substitute\n|\n|-heal|p1a: Magnezone|54\/100|[from] item: Leftovers\n|upkeep\n|turn|23\n|\n|t:|1614802177\n|move|p1a: Magnezone|Substitute|p1a: Magnezone\n|-start|p1a: Magnezone|Substitute\n|-damage|p1a: Magnezone|29\/100\n|move|p2a: Tangrowth|Knock Off|p1a: Magnezone\n|-activate|p1a: Magnezone|move: Substitute|[damage]\n|\n|-heal|p1a: Magnezone|35\/100|[from] item: Leftovers\n|upkeep\n|turn|24\n|\n|t:|1614802180\n|move|p1a: Magnezone|Body Press|p2a: Tangrowth\n|-damage|p2a: Tangrowth|71\/100\n|move|p2a: Tangrowth|Giga Drain|p1a: Magnezone\n|-resisted|p1a: Magnezone\n|-end|p1a: Magnezone|Substitute\n|-heal|p2a: Tangrowth|76\/100|[from] drain|[of] p1a: Magnezone\n|\n|-heal|p1a: Magnezone|41\/100|[from] item: Leftovers\n|upkeep\n|turn|25\n|l| California Chaos\n|\n|t:|1614802196\n|switch|p1a: Corviknight|Corviknight, F|73\/100\n|-damage|p1a: Corviknight|61\/100|[from] Stealth Rock\n|-ability|p1a: Corviknight|Pressure\n|move|p2a: Tangrowth|Focus Blast|p1a: Corviknight\n|-damage|p1a: Corviknight|30\/100\n|\n|-heal|p1a: Corviknight|36\/100|[from] item: Leftovers\n|upkeep\n|turn|26\n|\n|t:|1614802202\n|move|p1a: Corviknight|Roost|p1a: Corviknight\n|-heal|p1a: Corviknight|86\/100\n|-singleturn|p1a: Corviknight|move: Roost\n|move|p2a: Tangrowth|Knock Off|p1a: Corviknight\n|-damage|p1a: Corviknight|73\/100\n|-enditem|p1a: Corviknight|Leftovers|[from] move: Knock Off|[of] p2a: Tangrowth\n|\n|upkeep\n|turn|27\n|\n|t:|1614802205\n|move|p1a: Corviknight|Defog|p2a: Tangrowth\n|-unboost|p2a: Tangrowth|evasion|1\n|-sideend|p1: Burnt Bright|Stealth Rock|[from] move: Defog|[of] p1a: Corviknight\n|move|p2a: Tangrowth|Sleep Powder|p1a: Corviknight\n|-status|p1a: Corviknight|slp|[from] move: Sleep Powder\n|\n|upkeep\n|turn|28\n|\n|t:|1614802219\n|switch|p1a: Garchomp|Garchomp, F|100\/100\n|switch|p2a: Swampert|Swampert, F|31\/100 tox\n|\n|-heal|p2a: Swampert|38\/100 tox|[from] item: Leftovers\n|-damage|p2a: Swampert|31\/100 tox|[from] psn\n|upkeep\n|turn|29\n|\n|t:|1614802226\n|switch|p2a: Mandibuzz|Mandibuzz, F|100\/100\n|move|p1a: Garchomp|Earthquake|p2a: Mandibuzz\n|-immune|p2a: Mandibuzz\n|\n|upkeep\n|turn|30\n|\n|t:|1614802235\n|switch|p1a: Corviknight|Corviknight, F|73\/100 slp\n|-ability|p1a: Corviknight|Pressure\n|move|p2a: Mandibuzz|Foul Play|p1a: Corviknight\n|-damage|p1a: Corviknight|57\/100 slp\n|\n|upkeep\n|turn|31\n|\n|t:|1614802248\n|switch|p1a: Magnezone|Magnezone|41\/100\n|move|p2a: Mandibuzz|U-turn|p1a: Magnezone\n|-resisted|p1a: Magnezone\n|-damage|p1a: Magnezone|36\/100\n|j| Reflextive\n|\n|t:|1614802258\n|switch|p2a: Tapu Lele|Tapu Lele|81\/100|[from]move: U-turn\n|-fieldstart|move: Psychic Terrain|[from] ability: Psychic Surge|[of] p2a: Tapu Lele\n|\n|-heal|p1a: Magnezone|42\/100|[from] item: Leftovers\n|upkeep\n|turn|32\n|\n|t:|1614802273\n|switch|p1a: Slowking|Slowking-Galar, M|100\/100\n|move|p2a: Tapu Lele|Psyshock|p1a: Slowking\n|-damage|p1a: Slowking|29\/100\n|\n|upkeep\n|turn|33\n|\n|t:|1614802293\n|switch|p1a: Hippowdon|Hippowdon, M|100\/100\n|-weather|Sandstorm|[from] ability: Sand Stream|[of] p1a: Hippowdon\n|move|p2a: Tapu Lele|Psyshock|p1a: Hippowdon\n|-damage|p1a: Hippowdon|68\/100\n|\n|-weather|Sandstorm|[upkeep]\n|-damage|p2a: Tapu Lele|75\/100|[from] Sandstorm\n|upkeep\n|turn|34\n|\n|t:|1614802305\n|move|p2a: Tapu Lele|Moonblast|p1a: Hippowdon\n|-damage|p1a: Hippowdon|7\/100\n|move|p1a: Hippowdon|Toxic|p2a: Tapu Lele\n|-status|p2a: Tapu Lele|tox\n|\n|-weather|Sandstorm|[upkeep]\n|-damage|p2a: Tapu Lele|69\/100 tox|[from] Sandstorm\n|-damage|p2a: Tapu Lele|62\/100 tox|[from] psn\n|upkeep\n|turn|35\n|inactive|Burnt Bright has 120 seconds left.\n|\n|t:|1614802331\n|move|p2a: Tapu Lele|Psyshock|p1a: Hippowdon\n|-damage|p1a: Hippowdon|0 fnt\n|faint|p1a: Hippowdon\n|\n|-weather|Sandstorm|[upkeep]\n|-damage|p2a: Tapu Lele|56\/100 tox|[from] Sandstorm\n|-damage|p2a: Tapu Lele|44\/100 tox|[from] psn\n|-fieldend|move: Psychic Terrain\n|upkeep\n|inactive|Burnt Bright has 120 seconds left.\n|\n|t:|1614802345\n|switch|p1a: Slowking|Slowking-Galar, M|62\/100\n|turn|36\n|inactive|Burnt Bright has 120 seconds left.\n|\n|t:|1614802351\n|switch|p2a: Swampert|Swampert, F|31\/100 tox\n|switch|p1a: Magnezone|Magnezone|42\/100\n|\n|-weather|Sandstorm|[upkeep]\n|-heal|p1a: Magnezone|48\/100|[from] item: Leftovers\n|-heal|p2a: Swampert|38\/100 tox|[from] item: Leftovers\n|-damage|p2a: Swampert|31\/100 tox|[from] psn\n|upkeep\n|turn|37\n|\n|t:|1614802361\n|switch|p1a: Corviknight|Corviknight, F|57\/100 slp\n|-ability|p1a: Corviknight|Pressure\n|move|p2a: Swampert|Stealth Rock|p1a: Corviknight\n|-sidestart|p1: Burnt Bright|move: Stealth Rock\n|\n|-weather|none\n|-heal|p2a: Swampert|38\/100 tox|[from] item: Leftovers\n|-damage|p2a: Swampert|25\/100 tox|[from] psn\n|upkeep\n|turn|38\n|\n|t:|1614802365\n|cant|p1a: Corviknight|slp\n|move|p2a: Swampert|Flip Turn|p1a: Corviknight\n|-damage|p1a: Corviknight|38\/100 slp\n|\n|t:|1614802368\n|switch|p2a: Zeraora|Zeraora|72\/100|[from]move: Flip Turn\n|\n|upkeep\n|turn|39\n|\n|t:|1614802374\n|move|p2a: Zeraora|Knock Off|p1a: Corviknight\n|-damage|p1a: Corviknight|26\/100 slp\n|cant|p1a: Corviknight|slp\n|\n|upkeep\n|turn|40\n|\n|t:|1614802378\n|switch|p1a: Garchomp|Garchomp, F|100\/100\n|-damage|p1a: Garchomp|94\/100|[from] Stealth Rock\n|move|p2a: Zeraora|Plasma Fists|p1a: Garchomp\n|-immune|p1a: Garchomp\n|\n|-heal|p1a: Garchomp|100\/100|[from] item: Leftovers\n|upkeep\n|turn|41\n|\n|t:|1614802390\n|switch|p2a: Mandibuzz|Mandibuzz, F|100\/100\n|switch|p1a: Magnezone|Magnezone|48\/100\n|-damage|p1a: Magnezone|42\/100|[from] Stealth Rock\n|\n|-heal|p1a: Magnezone|48\/100|[from] item: Leftovers\n|upkeep\n|turn|42\n|j| Charfin\n|\n|t:|1614802399\n|switch|p2a: Zeraora|Zeraora|72\/100\n|move|p1a: Magnezone|Thunderbolt|p2a: Zeraora\n|-heal|p2a: Zeraora|97\/100|[from] ability: Volt Absorb|[of] p1a: Magnezone\n|\n|-heal|p1a: Magnezone|54\/100|[from] item: Leftovers\n|upkeep\n|turn|43\n|\n|t:|1614802405\n|move|p2a: Zeraora|Knock Off|p1a: Magnezone\n|-damage|p1a: Magnezone|32\/100\n|-enditem|p1a: Magnezone|Leftovers|[from] move: Knock Off|[of] p2a: Zeraora\n|move|p1a: Magnezone|Body Press|p2a: Zeraora\n|-damage|p2a: Zeraora|60\/100\n|\n|upkeep\n|turn|44\n|l| Tvtvtvtv\n|\n|t:|1614802413\n|switch|p1a: Slowking|Slowking-Galar, M|95\/100\n|-damage|p1a: Slowking|83\/100|[from] Stealth Rock\n|move|p2a: Zeraora|Close Combat|p1a: Slowking\n|-resisted|p1a: Slowking\n|-damage|p1a: Slowking|73\/100\n|-unboost|p2a: Zeraora|def|1\n|-unboost|p2a: Zeraora|spd|1\n|\n|upkeep\n|turn|45\n|\n|t:|1614802430\n|switch|p2a: Swampert|Swampert, F|25\/100 tox\n|move|p1a: Slowking|Sludge Bomb|p2a: Swampert\n|-resisted|p2a: Swampert\n|-damage|p2a: Swampert|13\/100 tox\n|\n|-heal|p2a: Swampert|19\/100 tox|[from] item: Leftovers\n|-damage|p2a: Swampert|13\/100 tox|[from] psn\n|upkeep\n|turn|46\n|\n|t:|1614802439\n|move|p2a: Swampert|Flip Turn|p1a: Slowking\n|-damage|p1a: Slowking|37\/100\n|\n|t:|1614802444\n|switch|p2a: Mandibuzz|Mandibuzz, F|100\/100|[from]move: Flip Turn\n|move|p1a: Slowking|Sludge Bomb|p2a: Mandibuzz\n|-damage|p2a: Mandibuzz|73\/100\n|\n|upkeep\n|turn|47\n|j| California Chaos\n|\n|t:|1614802451\n|switch|p1a: Corviknight|Corviknight, F|26\/100 slp\n|-damage|p1a: Corviknight|14\/100 slp|[from] Stealth Rock\n|-ability|p1a: Corviknight|Pressure\n|move|p2a: Mandibuzz|Foul Play|p1a: Corviknight\n|-damage|p1a: Corviknight|0 fnt\n|faint|p1a: Corviknight\n|\n|upkeep\n|\n|t:|1614802459\n|switch|p1a: Latios|Latios, M|66\/100\n|-damage|p1a: Latios|54\/100|[from] Stealth Rock\n|turn|48\n|\n|t:|1614802468\n|switch|p1a: Garchomp|Garchomp, F|100\/100\n|-damage|p1a: Garchomp|94\/100|[from] Stealth Rock\n|switch|p2a: Jirachi|Jirachi|100\/100\n|\n|-heal|p1a: Garchomp|100\/100|[from] item: Leftovers\n|upkeep\n|turn|49\n|\n|t:|1614802472\n|move|p1a: Garchomp|Swords Dance|p1a: Garchomp\n|-boost|p1a: Garchomp|atk|2\n|move|p2a: Jirachi|Body Slam|p1a: Garchomp\n|-damage|p1a: Garchomp|83\/100\n|-damage|p2a: Jirachi|88\/100|[from] ability: Rough Skin|[of] p1a: Garchomp\n|\n|-heal|p1a: Garchomp|89\/100|[from] item: Leftovers\n|-heal|p2a: Jirachi|94\/100|[from] item: Leftovers\n|upkeep\n|turn|50\n|\n|t:|1614802494\n|switch|p2a: Tangrowth|Tangrowth, M|100\/100\n|move|p1a: Garchomp|Earthquake|p2a: Tangrowth\n|-resisted|p2a: Tangrowth\n|-damage|p2a: Tangrowth|73\/100\n|\n|-heal|p1a: Garchomp|95\/100|[from] item: Leftovers\n|upkeep\n|turn|51\n|\n|t:|1614802501\n|move|p1a: Garchomp|Scale Shot|p2a: Tangrowth\n|-damage|p2a: Tangrowth|59\/100\n|-damage|p2a: Tangrowth|45\/100\n|-hitcount|p2a: Tangrowth|2\n|-unboost|p1a: Garchomp|def|1\n|-boost|p1a: Garchomp|spe|1\n|move|p2a: Tangrowth|Sleep Powder|p1a: Garchomp|[miss]\n|-miss|p2a: Tangrowth|p1a: Garchomp\n|\n|-heal|p1a: Garchomp|100\/100|[from] item: Leftovers\n|upkeep\n|turn|52\n|\n|t:|1614802506\n|move|p1a: Garchomp|Scale Shot|p2a: Tangrowth\n|-damage|p2a: Tangrowth|32\/100\n|-damage|p2a: Tangrowth|19\/100\n|-damage|p2a: Tangrowth|4\/100\n|-damage|p2a: Tangrowth|0 fnt\n|-hitcount|p2a: Tangrowth|4\n|-unboost|p1a: Garchomp|def|1\n|-boost|p1a: Garchomp|spe|1\n|faint|p2a: Tangrowth\n|\n|upkeep\n|j| Dieu Amphibien\n|\n|t:|1614802508\n|switch|p2a: Mandibuzz|Mandibuzz, F|73\/100\n|turn|53\n|\n|t:|1614802519\n|move|p1a: Garchomp|Stone Edge|p2a: Mandibuzz\n|-supereffective|p2a: Mandibuzz\n|-damage|p2a: Mandibuzz|0 fnt\n|faint|p2a: Mandibuzz\n|\n|upkeep\n|-message|Kokusei forfeited.\n|\n|win|Burnt Bright\n|l|\u2606Kokusei\n|c|\u2606Burnt Bright|gg\n|l| Reflextive\n|l| Dieu Amphibien\n|l| blessed days\n|l| California Chaos\n||Ladder (probably) updated, but score could not be retrieved (Request timeout).\n|l| Dazzlingtogekisses\n|l|\u2606Burnt Bright\n|j| Tvtvtvtv\n|l| Tvtvtvtv\n|j|\u2606Burnt Bright\n|player|p1|Burnt Bright|parasollady-gen4\n","uploadtime":1614802559,"views":76,"p1id":"burntbright","p2id":"kokusei","formatid":"gen8ou","rating":0,"private":0,"password":null}