{"id":"gen8uu-1693763108","p1":"Stads","p2":"Pok3mon Jake","format":"gen8uu","log":"|j|\u2606Stads\n|j|\u2606Pok3mon Jake\n|t:|1666634393\n|gametype|singles\n|player|p1|Stads|266|1385\n|player|p2|Pok3mon Jake|unknown|1370\n|teamsize|p1|6\n|teamsize|p2|6\n|gen|8\n|tier|[Gen 8] UU\n|rated|\n|rule|Sleep Clause Mod: Limit one foe put to sleep\n|rule|Species Clause: Limit one of each Pok\u00e9mon\n|rule|OHKO Clause: OHKO moves are banned\n|rule|Evasion Items Clause: Evasion items are banned\n|rule|Evasion Moves Clause: Evasion moves are banned\n|rule|Endless Battle Clause: Forcing endless battles is banned\n|rule|HP Percentage Mod: HP is shown in percentages\n|rule|Dynamax Clause: You cannot dynamax\n|clearpoke\n|poke|p1|Hippowdon, M|\n|poke|p1|Excadrill, F|\n|poke|p1|Tangrowth, M|\n|poke|p1|Rotom-Wash|\n|poke|p1|Salamence, F|\n|poke|p1|Keldeo-Resolute|\n|poke|p2|Chandelure, M|\n|poke|p2|Cobalion|\n|poke|p2|Diggersby, F|\n|poke|p2|Primarina, F|\n|poke|p2|Amoonguss, M|\n|poke|p2|Lycanroc-Dusk, M|\n|teampreview\n|inactive|Battle timer is ON: inactive players will automatically lose when time's up. (requested by Stads)\n|\n|t:|1666634415\n|start\n|switch|p1a: Keldeo|Keldeo-Resolute|100\/100\n|switch|p2a: Amoonguss|Amoonguss, M|100\/100\n|turn|1\n|\n|t:|1666634436\n|switch|p1a: Salamence|Salamence, F|100\/100\n|-ability|p1a: Salamence|Intimidate|boost\n|-unboost|p2a: Amoonguss|atk|1\n|move|p2a: Amoonguss|Sludge Bomb|p1a: Salamence\n|-damage|p1a: Salamence|67\/100\n|\n|upkeep\n|turn|2\n|\n|t:|1666634445\n|switch|p2a: Cobalion|Cobalion|100\/100\n|move|p1a: Salamence|Roost|p1a: Salamence\n|-heal|p1a: Salamence|100\/100\n|-singleturn|p1a: Salamence|move: Roost\n|\n|upkeep\n|turn|3\n|\n|t:|1666634458\n|move|p2a: Cobalion|Volt Switch|p1a: Salamence\n|-damage|p1a: Salamence|84\/100\n|\n|t:|1666634461\n|switch|p2a: Primarina|Primarina, F|100\/100|[from]move: Volt Switch\n|move|p1a: Salamence|Flamethrower|p2a: Primarina\n|-resisted|p2a: Primarina\n|-damage|p2a: Primarina|92\/100\n|\n|-heal|p2a: Primarina|98\/100|[from] item: Leftovers\n|upkeep\n|turn|4\n|\n|t:|1666634476\n|switch|p1a: Tangrowth|Tangrowth, M|100\/100\n|move|p2a: Primarina|Substitute|p2a: Primarina\n|-start|p2a: Primarina|Substitute\n|-damage|p2a: Primarina|73\/100\n|\n|-heal|p2a: Primarina|79\/100|[from] item: Leftovers\n|upkeep\n|turn|5\n|\n|t:|1666634489\n|move|p2a: Primarina|Draining Kiss|p1a: Tangrowth\n|-damage|p1a: Tangrowth|86\/100\n|-heal|p2a: Primarina|92\/100|[from] drain|[of] p1a: Tangrowth\n|move|p1a: Tangrowth|Sludge Bomb|p2a: Primarina\n|-supereffective|p2a: Primarina\n|-end|p2a: Primarina|Substitute\n|\n|-heal|p2a: Primarina|98\/100|[from] item: Leftovers\n|upkeep\n|turn|6\n|\n|t:|1666634511\n|move|p2a: Primarina|Calm Mind|p2a: Primarina\n|-boost|p2a: Primarina|spa|1\n|-boost|p2a: Primarina|spd|1\n|move|p1a: Tangrowth|Knock Off|p2a: Primarina\n|-resisted|p2a: Primarina\n|-damage|p2a: Primarina|84\/100\n|-enditem|p2a: Primarina|Leftovers|[from] move: Knock Off|[of] p1a: Tangrowth\n|\n|upkeep\n|turn|7\n|\n|t:|1666634516\n|move|p2a: Primarina|Substitute|p2a: Primarina\n|-start|p2a: Primarina|Substitute\n|-damage|p2a: Primarina|59\/100\n|move|p1a: Tangrowth|Power Whip|p2a: Primarina\n|-supereffective|p2a: Primarina\n|-end|p2a: Primarina|Substitute\n|\n|upkeep\n|turn|8\n|\n|t:|1666634522\n|switch|p2a: Amoonguss|Amoonguss, M|100\/100\n|move|p1a: Tangrowth|Power Whip|p2a: Amoonguss\n|-resisted|p2a: Amoonguss\n|-damage|p2a: Amoonguss|94\/100\n|-damage|p1a: Tangrowth|69\/100|[from] item: Rocky Helmet|[of] p2a: Amoonguss\n|\n|upkeep\n|turn|9\n|\n|t:|1666634529\n|switch|p1a: Salamence|Salamence, F|84\/100\n|-ability|p1a: Salamence|Intimidate|boost\n|-unboost|p2a: Amoonguss|atk|1\n|move|p2a: Amoonguss|Stun Spore|p1a: Salamence\n|-status|p1a: Salamence|par\n|\n|upkeep\n|turn|10\n|\n|t:|1666634538\n|switch|p2a: Chandelure|Chandelure, M|100\/100\n|move|p1a: Salamence|Flamethrower|p2a: Chandelure\n|-resisted|p2a: Chandelure\n|-damage|p2a: Chandelure|79\/100\n|\n|upkeep\n|turn|11\n|\n|t:|1666634548\n|switch|p1a: Hippowdon|Hippowdon, M|100\/100\n|-weather|Sandstorm|[from] ability: Sand Stream|[of] p1a: Hippowdon\n|move|p2a: Chandelure|Toxic|p1a: Hippowdon\n|-status|p1a: Hippowdon|tox\n|\n|-weather|Sandstorm|[upkeep]\n|-damage|p2a: Chandelure|73\/100|[from] Sandstorm\n|-damage|p1a: Hippowdon|94\/100 tox|[from] psn\n|upkeep\n|turn|12\n|\n|t:|1666634577\n|switch|p2a: Amoonguss|Amoonguss, M|100\/100\n|move|p1a: Hippowdon|Stealth Rock|p2a: Amoonguss\n|-sidestart|p2: Pok3mon Jake|move: Stealth Rock\n|\n|-weather|Sandstorm|[upkeep]\n|-damage|p2a: Amoonguss|94\/100|[from] Sandstorm\n|-heal|p1a: Hippowdon|100\/100 tox|[from] item: Leftovers\n|-damage|p1a: Hippowdon|88\/100 tox|[from] psn\n|upkeep\n|turn|13\n|inactive|Pok3mon Jake has 120 seconds left.\n|\n|t:|1666634596\n|switch|p1a: Tangrowth|Tangrowth, M|100\/100\n|move|p2a: Amoonguss|Giga Drain|p1a: Tangrowth\n|-resisted|p1a: Tangrowth\n|-damage|p1a: Tangrowth|93\/100\n|-heal|p2a: Amoonguss|98\/100|[from] drain|[of] p1a: Tangrowth\n|\n|-weather|Sandstorm|[upkeep]\n|-damage|p1a: Tangrowth|87\/100|[from] Sandstorm\n|-damage|p2a: Amoonguss|92\/100|[from] Sandstorm\n|upkeep\n|turn|14\n|\n|t:|1666634601\n|switch|p1a: Salamence|Salamence, F|84\/100 par\n|-ability|p1a: Salamence|Intimidate|boost\n|-unboost|p2a: Amoonguss|atk|1\n|switch|p2a: Cobalion|Cobalion|100\/100\n|-damage|p2a: Cobalion|97\/100|[from] Stealth Rock\n|\n|-weather|Sandstorm|[upkeep]\n|-damage|p1a: Salamence|78\/100 par|[from] Sandstorm\n|upkeep\n|turn|15\n|\n|t:|1666634605\n|move|p2a: Cobalion|Stealth Rock|p1a: Salamence\n|-sidestart|p1: Stads|move: Stealth Rock\n|move|p1a: Salamence|Roost|p1a: Salamence\n|-heal|p1a: Salamence|100\/100 par\n|-singleturn|p1a: Salamence|move: Roost\n|\n|-weather|none\n|upkeep\n|turn|16\n|\n|t:|1666634614\n|move|p2a: Cobalion|Volt Switch|p1a: Salamence\n|-damage|p1a: Salamence|83\/100 par\n|\n|t:|1666634616\n|switch|p2a: Primarina|Primarina, F|59\/100|[from]move: Volt Switch\n|-damage|p2a: Primarina|47\/100|[from] Stealth Rock\n|move|p1a: Salamence|Hurricane|p2a: Primarina|[miss]\n|-miss|p1a: Salamence|p2a: Primarina\n|\n|upkeep\n|turn|17\n|\n|t:|1666634625\n|switch|p1a: Tangrowth|Tangrowth, M|100\/100\n|-damage|p1a: Tangrowth|88\/100|[from] Stealth Rock\n|move|p2a: Primarina|Draining Kiss|p1a: Tangrowth\n|-damage|p1a: Tangrowth|73\/100\n|-heal|p2a: Primarina|59\/100|[from] drain|[of] p1a: Tangrowth\n|\n|upkeep\n|turn|18\n|\n|t:|1666634633\n|switch|p2a: Amoonguss|Amoonguss, M|100\/100\n|-damage|p2a: Amoonguss|88\/100|[from] Stealth Rock\n|move|p1a: Tangrowth|Earthquake|p2a: Amoonguss\n|-damage|p2a: Amoonguss|71\/100\n|\n|upkeep\n|turn|19\n|\n|t:|1666634651\n|move|p1a: Tangrowth|Knock Off|p2a: Amoonguss\n|-damage|p2a: Amoonguss|55\/100\n|-damage|p1a: Tangrowth|56\/100|[from] item: Rocky Helmet|[of] p2a: Amoonguss\n|-enditem|p2a: Amoonguss|Rocky Helmet|[from] move: Knock Off|[of] p1a: Tangrowth\n|move|p2a: Amoonguss|Sludge Bomb|p1a: Tangrowth\n|-supereffective|p1a: Tangrowth\n|-damage|p1a: Tangrowth|17\/100\n|\n|upkeep\n|turn|20\n|\n|t:|1666634660\n|switch|p1a: Salamence|Salamence, F|83\/100 par\n|-ability|p1a: Salamence|Intimidate|boost\n|-unboost|p2a: Amoonguss|atk|1\n|move|p2a: Amoonguss|Sludge Bomb|p1a: Salamence\n|-damage|p1a: Salamence|51\/100 par\n|\n|upkeep\n|turn|21\n|\n|t:|1666634676\n|switch|p2a: Chandelure|Chandelure, M|73\/100\n|cant|p1a: Salamence|par\n|\n|upkeep\n|turn|22\n|\n|t:|1666634678\n|move|p2a: Chandelure|Hex|p1a: Salamence\n|-damage|p1a: Salamence|0 fnt\n|faint|p1a: Salamence\n|\n|upkeep\n|\n|t:|1666634682\n|switch|p1a: Hippowdon|Hippowdon, M|88\/100 tox\n|-damage|p1a: Hippowdon|82\/100 tox|[from] Stealth Rock\n|-weather|Sandstorm|[from] ability: Sand Stream|[of] p1a: Hippowdon\n|turn|23\n|\n|t:|1666634696\n|move|p2a: Chandelure|Protect|p2a: Chandelure\n|-singleturn|p2a: Chandelure|Protect\n|move|p1a: Hippowdon|Earthquake|p2a: Chandelure\n|-activate|p2a: Chandelure|move: Protect\n|\n|-weather|Sandstorm|[upkeep]\n|-damage|p2a: Chandelure|67\/100|[from] Sandstorm\n|-heal|p1a: Hippowdon|88\/100 tox|[from] item: Leftovers\n|-damage|p1a: Hippowdon|82\/100 tox|[from] psn\n|upkeep\n|turn|24\n|\n|t:|1666634703\n|switch|p2a: Amoonguss|Amoonguss, M|88\/100\n|-damage|p2a: Amoonguss|75\/100|[from] Stealth Rock\n|move|p1a: Hippowdon|Earthquake|p2a: Amoonguss\n|-damage|p2a: Amoonguss|49\/100\n|\n|-weather|Sandstorm|[upkeep]\n|-damage|p2a: Amoonguss|43\/100|[from] Sandstorm\n|-heal|p1a: Hippowdon|88\/100 tox|[from] item: Leftovers\n|-damage|p1a: Hippowdon|76\/100 tox|[from] psn\n|upkeep\n|turn|25\n|\n|t:|1666634709\n|switch|p1a: Excadrill|Excadrill, F|100\/100\n|-damage|p1a: Excadrill|97\/100|[from] Stealth Rock\n|move|p2a: Amoonguss|Sludge Bomb|p1a: Excadrill\n|-immune|p1a: Excadrill\n|\n|-weather|Sandstorm|[upkeep]\n|-damage|p2a: Amoonguss|36\/100|[from] Sandstorm\n|-heal|p1a: Excadrill|100\/100|[from] item: Leftovers\n|upkeep\n|turn|26\n|\n|t:|1666634720\n|switch|p2a: Diggersby|Diggersby, F|100\/100\n|-damage|p2a: Diggersby|94\/100|[from] Stealth Rock\n|move|p1a: Excadrill|Earthquake|p2a: Diggersby\n|-damage|p2a: Diggersby|27\/100\n|\n|-weather|Sandstorm|[upkeep]\n|upkeep\n|turn|27\n|\n|t:|1666634729\n|move|p1a: Excadrill|Earthquake|p2a: Diggersby\n|-damage|p2a: Diggersby|0 fnt\n|faint|p2a: Diggersby\n|\n|-weather|none\n|upkeep\n|\n|t:|1666634732\n|switch|p2a: Amoonguss|Amoonguss, M|70\/100\n|-damage|p2a: Amoonguss|57\/100|[from] Stealth Rock\n|turn|28\n|\n|t:|1666634738\n|switch|p1a: Tangrowth|Tangrowth, M|50\/100\n|-damage|p1a: Tangrowth|38\/100|[from] Stealth Rock\n|move|p2a: Amoonguss|Stun Spore|p1a: Tangrowth\n|-immune|p1a: Tangrowth\n|\n|upkeep\n|turn|29\n|\n|t:|1666634743\n|switch|p1a: Hippowdon|Hippowdon, M|76\/100 tox\n|-damage|p1a: Hippowdon|70\/100 tox|[from] Stealth Rock\n|-weather|Sandstorm|[from] ability: Sand Stream|[of] p1a: Hippowdon\n|switch|p2a: Cobalion|Cobalion|97\/100\n|-damage|p2a: Cobalion|94\/100|[from] Stealth Rock\n|\n|-weather|Sandstorm|[upkeep]\n|-heal|p1a: Hippowdon|76\/100 tox|[from] item: Leftovers\n|-damage|p1a: Hippowdon|70\/100 tox|[from] psn\n|upkeep\n|turn|30\n|\n|t:|1666634749\n|switch|p2a: Primarina|Primarina, F|59\/100\n|-damage|p2a: Primarina|47\/100|[from] Stealth Rock\n|switch|p1a: Rotom|Rotom-Wash|100\/100\n|-damage|p1a: Rotom|88\/100|[from] Stealth Rock\n|\n|-weather|Sandstorm|[upkeep]\n|-damage|p1a: Rotom|82\/100|[from] Sandstorm\n|-damage|p2a: Primarina|41\/100|[from] Sandstorm\n|-heal|p1a: Rotom|88\/100|[from] item: Leftovers\n|upkeep\n|turn|31\n|\n|t:|1666634753\n|move|p1a: Rotom|Volt Switch|p2a: Primarina\n|-supereffective|p2a: Primarina\n|-damage|p2a: Primarina|12\/100\n|\n|t:|1666634756\n|switch|p1a: Tangrowth|Tangrowth, M|71\/100|[from]move: Volt Switch\n|-damage|p1a: Tangrowth|59\/100|[from] Stealth Rock\n|move|p2a: Primarina|Draining Kiss|p1a: Tangrowth\n|-damage|p1a: Tangrowth|44\/100\n|-heal|p2a: Primarina|25\/100|[from] drain|[of] p1a: Tangrowth\n|\n|-weather|Sandstorm|[upkeep]\n|-damage|p2a: Primarina|19\/100|[from] Sandstorm\n|-damage|p1a: Tangrowth|38\/100|[from] Sandstorm\n|upkeep\n|turn|32\n|\n|t:|1666634766\n|move|p2a: Primarina|Draining Kiss|p1a: Tangrowth\n|-damage|p1a: Tangrowth|22\/100\n|-heal|p2a: Primarina|32\/100|[from] drain|[of] p1a: Tangrowth\n|move|p1a: Tangrowth|Sludge Bomb|p2a: Primarina\n|-supereffective|p2a: Primarina\n|-damage|p2a: Primarina|4\/100\n|\n|-weather|Sandstorm|[upkeep]\n|-damage|p2a: Primarina|0 fnt|[from] Sandstorm\n|-damage|p1a: Tangrowth|15\/100|[from] Sandstorm\n|faint|p2a: Primarina\n|upkeep\n|\n|t:|1666634769\n|switch|p2a: Chandelure|Chandelure, M|67\/100\n|turn|33\n|\n|t:|1666634780\n|switch|p1a: Rotom|Rotom-Wash|88\/100\n|-damage|p1a: Rotom|75\/100|[from] Stealth Rock\n|move|p2a: Chandelure|Flamethrower|p1a: Rotom\n|-resisted|p1a: Rotom\n|-damage|p1a: Rotom|51\/100\n|\n|-weather|none\n|-heal|p1a: Rotom|57\/100|[from] item: Leftovers\n|upkeep\n|turn|34\n|\n|t:|1666634787\n|switch|p2a: Amoonguss|Amoonguss, M|91\/100\n|-damage|p2a: Amoonguss|78\/100|[from] Stealth Rock\n|move|p1a: Rotom|Hydro Pump|p2a: Amoonguss\n|-resisted|p2a: Amoonguss\n|-damage|p2a: Amoonguss|59\/100\n|\n|-heal|p1a: Rotom|64\/100|[from] item: Leftovers\n|upkeep\n|turn|35\n|\n|t:|1666634802\n|move|p1a: Rotom|Will-O-Wisp|p2a: Amoonguss\n|-status|p2a: Amoonguss|brn\n|move|p2a: Amoonguss|Giga Drain|p1a: Rotom\n|-supereffective|p1a: Rotom\n|-damage|p1a: Rotom|18\/100\n|-heal|p2a: Amoonguss|75\/100 brn|[from] drain|[of] p1a: Rotom\n|\n|-heal|p1a: Rotom|24\/100|[from] item: Leftovers\n|-damage|p2a: Amoonguss|69\/100 brn|[from] brn\n|upkeep\n|turn|36\n|\n|t:|1666634819\n|move|p1a: Rotom|Pain Split|p2a: Amoonguss\n|-sethp|p2a: Amoonguss|43\/100 brn|[from] move: Pain Split|[silent]\n|-sethp|p1a: Rotom|61\/100|[from] move: Pain Split\n|move|p2a: Amoonguss|Sludge Bomb|p1a: Rotom\n|-damage|p1a: Rotom|34\/100\n|-status|p1a: Rotom|psn\n|\n|-heal|p1a: Rotom|40\/100 psn|[from] item: Leftovers\n|-damage|p1a: Rotom|28\/100 psn|[from] psn\n|-damage|p2a: Amoonguss|37\/100 brn|[from] brn\n|upkeep\n|turn|37\n|\n|t:|1666634832\n|switch|p2a: Cobalion|Cobalion|94\/100\n|-damage|p2a: Cobalion|91\/100|[from] Stealth Rock\n|move|p1a: Rotom|Volt Switch|p2a: Cobalion\n|-damage|p2a: Cobalion|58\/100\n|\n|t:|1666634837\n|switch|p1a: Keldeo|Keldeo-Resolute|100\/100|[from]move: Volt Switch\n|-damage|p1a: Keldeo|94\/100|[from] Stealth Rock\n|\n|upkeep\n|turn|38\n|\n|t:|1666634843\n|move|p2a: Cobalion|Close Combat|p1a: Keldeo\n|-damage|p1a: Keldeo|39\/100\n|-unboost|p2a: Cobalion|def|1\n|-unboost|p2a: Cobalion|spd|1\n|move|p1a: Keldeo|Hydro Pump|p2a: Cobalion\n|-damage|p2a: Cobalion|0 fnt\n|faint|p2a: Cobalion\n|\n|upkeep\n|\n|t:|1666634848\n|switch|p2a: Amoonguss|Amoonguss, M|70\/100 brn\n|-damage|p2a: Amoonguss|58\/100 brn|[from] Stealth Rock\n|turn|39\n|\n|t:|1666634860\n|switch|p1a: Hippowdon|Hippowdon, M|70\/100 tox\n|-damage|p1a: Hippowdon|63\/100 tox|[from] Stealth Rock\n|-weather|Sandstorm|[from] ability: Sand Stream|[of] p1a: Hippowdon\n|move|p2a: Amoonguss|Giga Drain|p1a: Hippowdon\n|-supereffective|p1a: Hippowdon\n|-damage|p1a: Hippowdon|33\/100 tox\n|-heal|p2a: Amoonguss|72\/100 brn|[from] drain|[of] p1a: Hippowdon\n|\n|-weather|Sandstorm|[upkeep]\n|-damage|p2a: Amoonguss|66\/100 brn|[from] Sandstorm\n|-heal|p1a: Hippowdon|39\/100 tox|[from] item: Leftovers\n|-damage|p1a: Hippowdon|33\/100 tox|[from] psn\n|-damage|p2a: Amoonguss|60\/100 brn|[from] brn\n|upkeep\n|turn|40\n|\n|t:|1666634876\n|move|p1a: Hippowdon|Stealth Rock||[still]\n|-fail|p1a: Hippowdon\n|move|p2a: Amoonguss|Giga Drain|p1a: Hippowdon\n|-supereffective|p1a: Hippowdon\n|-damage|p1a: Hippowdon|0 fnt\n|-heal|p2a: Amoonguss|76\/100 brn|[from] drain|[of] p1a: Hippowdon\n|faint|p1a: Hippowdon\n|\n|-weather|Sandstorm|[upkeep]\n|-damage|p2a: Amoonguss|69\/100 brn|[from] Sandstorm\n|-damage|p2a: Amoonguss|63\/100 brn|[from] brn\n|upkeep\n|\n|t:|1666634879\n|switch|p1a: Excadrill|Excadrill, F|100\/100\n|-damage|p1a: Excadrill|97\/100|[from] Stealth Rock\n|turn|41\n|\n|t:|1666634882\n|move|p1a: Excadrill|Earthquake|p2a: Amoonguss\n|-damage|p2a: Amoonguss|21\/100 brn\n|move|p2a: Amoonguss|Stun Spore|p1a: Excadrill|[miss]\n|-miss|p2a: Amoonguss|p1a: Excadrill\n|\n|-weather|Sandstorm|[upkeep]\n|-damage|p2a: Amoonguss|15\/100 brn|[from] Sandstorm\n|-heal|p1a: Excadrill|100\/100|[from] item: Leftovers\n|-damage|p2a: Amoonguss|9\/100 brn|[from] brn\n|upkeep\n|turn|42\n|\n|t:|1666634907\n|switch|p2a: Chandelure|Chandelure, M|67\/100\n|move|p1a: Excadrill|Rapid Spin|p2a: Chandelure\n|-immune|p2a: Chandelure\n|\n|-weather|Sandstorm|[upkeep]\n|-damage|p2a: Chandelure|61\/100|[from] Sandstorm\n|upkeep\n|turn|43\n|\n|t:|1666634912\n|move|p2a: Chandelure|Protect|p2a: Chandelure\n|-singleturn|p2a: Chandelure|Protect\n|move|p1a: Excadrill|Earthquake|p2a: Chandelure\n|-activate|p2a: Chandelure|move: Protect\n|\n|-weather|none\n|upkeep\n|turn|44\n|\n|t:|1666634920\n|move|p1a: Excadrill|Earthquake|p2a: Chandelure\n|-supereffective|p2a: Chandelure\n|-damage|p2a: Chandelure|0 fnt\n|faint|p2a: Chandelure\n|\n|upkeep\n|\n|t:|1666634923\n|switch|p2a: Lycanroc|Lycanroc-Dusk, M|100\/100\n|-damage|p2a: Lycanroc|88\/100|[from] Stealth Rock\n|turn|45\n|\n|t:|1666634927\n|move|p2a: Lycanroc|Close Combat|p1a: Excadrill\n|-supereffective|p1a: Excadrill\n|-crit|p1a: Excadrill\n|-damage|p1a: Excadrill|0 fnt\n|-unboost|p2a: Lycanroc|def|1\n|-unboost|p2a: Lycanroc|spd|1\n|faint|p1a: Excadrill\n|\n|upkeep\n|\n|t:|1666634932\n|switch|p1a: Keldeo|Keldeo-Resolute|39\/100\n|-damage|p1a: Keldeo|32\/100|[from] Stealth Rock\n|turn|46\n|\n|t:|1666634934\n|move|p2a: Lycanroc|Close Combat|p1a: Keldeo\n|-damage|p1a: Keldeo|0 fnt\n|-unboost|p2a: Lycanroc|def|1\n|-unboost|p2a: Lycanroc|spd|1\n|faint|p1a: Keldeo\n|\n|upkeep\n|-message|Stads forfeited.\n|\n|win|Pok3mon Jake\n|raw|Stads's rating: 1385 &rarr; <strong>1364<\/strong><br \/>(-21 for losing)\n|raw|Pok3mon Jake's rating: 1370 &rarr; <strong>1391<\/strong><br \/>(+21 for winning)\n|l|\u2606Stads\n||Ladder isn't responding, score probably updated but might not have (Request timeout).\n","uploadtime":1666634955,"views":13,"p1id":"stads","p2id":"pok3monjake","formatid":"gen8uu","rating":1364,"private":0,"password":null}