{"id":"gen8brokenrecord-1613403070","p1":"LECH24","p2":"ALT 2 Bad","format":"gen8brokenrecord","log":"|j|\u2606LECH24\n|j|\u2606ALT 2 Bad\n|t:|1657337553\n|gametype|singles\n|player|p1|LECH24|169|1120\n|player|p2|ALT 2 Bad|1|1365\n|teamsize|p1|6\n|teamsize|p2|6\n|gen|8\n|tier|[Gen 8] Broken Record\n|rated|\n|rule|Species Clause: Limit one of each Pok\u00e9mon\n|rule|OHKO Clause: OHKO moves are banned\n|rule|Evasion Moves Clause: Evasion moves are banned\n|rule|Endless Battle Clause: Forcing endless battles is banned\n|rule|HP Percentage Mod: HP is shown in percentages\n|rule|Sleep Clause: Sleep-inducing moves are banned\n|rule|Dynamax Clause: You cannot dynamax\n|clearpoke\n|poke|p1|Volcarona, F|\n|poke|p1|Starmie|\n|poke|p1|Tapu Koko|\n|poke|p1|Mamoswine, F|\n|poke|p1|Slowking-Galar, M|\n|poke|p1|Zapdos-Galar|\n|poke|p2|Scizor, F|\n|poke|p2|Scolipede, F|\n|poke|p2|Dragapult, F|\n|poke|p2|Zapdos-Galar|\n|poke|p2|Weavile, M|\n|poke|p2|Seismitoad, F|\n|teampreview\n|inactive|Battle timer is ON: inactive players will automatically lose when time's up. (requested by ALT 2 Bad)\n|\n|t:|1657337579\n|start\n|switch|p1a: Starmie|Starmie|100\/100\n|switch|p2a: Scolipede|Scolipede, F|100\/100\n|turn|1\n|\n|t:|1657337593\n|move|p1a: Starmie|Psychic|p2a: Scolipede\n|-supereffective|p2a: Scolipede\n|-enditem|p2a: Scolipede|Focus Sash\n|-damage|p2a: Scolipede|1\/100\n|move|p2a: Scolipede|Poison Jab|p1a: Starmie\n|-damage|p1a: Starmie|58\/100\n|\n|-ability|p2a: Scolipede|Speed Boost|boost\n|-boost|p2a: Scolipede|spe|1\n|upkeep\n|turn|2\n|\n|t:|1657337608\n|switch|p2a: Dragapult|Dragapult, F|100\/100\n|move|p1a: Starmie|Spikes|p2a: Dragapult\n|-sidestart|p2: ALT 2 Bad|Spikes\n|\n|upkeep\n|turn|3\n|\n|t:|1657337615\n|switch|p1a: Slowking|Slowking-Galar, M|100\/100\n|move|p2a: Dragapult|Shadow Ball|p1a: Slowking\n|-supereffective|p1a: Slowking\n|-damage|p1a: Slowking|72\/100\n|\n|upkeep\n|turn|4\n|\n|t:|1657337626\n|move|p2a: Dragapult|Shadow Ball|p1a: Slowking\n|-supereffective|p1a: Slowking\n|-damage|p1a: Slowking|42\/100\n|move|p1a: Slowking|Ice Beam|p2a: Dragapult\n|-supereffective|p2a: Dragapult\n|-damage|p2a: Dragapult|30\/100\n|\n|upkeep\n|turn|5\n|\n|t:|1657337639\n|move|p2a: Dragapult|Shadow Ball|p1a: Slowking\n|-supereffective|p1a: Slowking\n|-damage|p1a: Slowking|11\/100\n|-unboost|p1a: Slowking|spd|1\n|move|p1a: Slowking|Sludge Bomb|p2a: Dragapult\n|-resisted|p2a: Dragapult\n|-damage|p2a: Dragapult|5\/100\n|-status|p2a: Dragapult|psn\n|\n|-damage|p2a: Dragapult|0 fnt|[from] psn\n|faint|p2a: Dragapult\n|upkeep\n|\n|t:|1657337662\n|switch|p2a: Zapdos|Zapdos-Galar|100\/100\n|turn|6\n|\n|t:|1657337671\n|move|p2a: Zapdos|Dragon Dance|p2a: Zapdos\n|-boost|p2a: Zapdos|atk|1\n|-boost|p2a: Zapdos|spe|1\n|move|p1a: Slowking|Ice Beam|p2a: Zapdos\n|-supereffective|p2a: Zapdos\n|-damage|p2a: Zapdos|46\/100\n|\n|upkeep\n|turn|7\n|\n|t:|1657337674\n|move|p2a: Zapdos|Stomping Tantrum|p1a: Slowking\n|-supereffective|p1a: Slowking\n|-damage|p1a: Slowking|0 fnt\n|faint|p1a: Slowking\n|\n|upkeep\n|\n|t:|1657337682\n|switch|p1a: Mamoswine|Mamoswine, F|100\/100\n|turn|8\n|\n|t:|1657337688\n|switch|p2a: Scizor|Scizor, F|100\/100\n|-damage|p2a: Scizor|88\/100|[from] Spikes\n|move|p1a: Mamoswine|Ice Shard|p2a: Scizor\n|-resisted|p2a: Scizor\n|-damage|p2a: Scizor|78\/100\n|\n|upkeep\n|turn|9\n|\n|t:|1657337699\n|switch|p1a: Zapdos|Zapdos-Galar|100\/100\n|switch|p2a: Zapdos|Zapdos-Galar|46\/100\n|\n|upkeep\n|turn|10\n|\n|t:|1657337703\n|move|p1a: Zapdos|Brave Bird|p2a: Zapdos\n|-supereffective|p2a: Zapdos\n|-damage|p2a: Zapdos|0 fnt\n|faint|p2a: Zapdos\n|-damage|p1a: Zapdos|86\/100|[from] Recoil\n|\n|upkeep\n|\n|t:|1657337709\n|switch|p2a: Seismitoad|Seismitoad, F|100\/100\n|-damage|p2a: Seismitoad|88\/100|[from] Spikes\n|turn|11\n|\n|t:|1657337713\n|move|p1a: Zapdos|Substitute|p1a: Zapdos\n|-start|p1a: Zapdos|Substitute\n|-damage|p1a: Zapdos|61\/100\n|move|p2a: Seismitoad|Stealth Rock|p1a: Zapdos\n|-sidestart|p1: LECH24|move: Stealth Rock\n|\n|-heal|p2a: Seismitoad|94\/100|[from] item: Leftovers\n|upkeep\n|turn|12\n|\n|t:|1657337718\n|move|p1a: Zapdos|Dragon Dance|p1a: Zapdos\n|-boost|p1a: Zapdos|atk|1\n|-boost|p1a: Zapdos|spe|1\n|move|p2a: Seismitoad|Hydro Pump|p1a: Zapdos|[miss]\n|-miss|p2a: Seismitoad|p1a: Zapdos\n|\n|-heal|p2a: Seismitoad|99\/100|[from] item: Leftovers\n|upkeep\n|turn|13\n|\n|t:|1657337722\n|move|p1a: Zapdos|Dragon Dance|p1a: Zapdos\n|-boost|p1a: Zapdos|atk|1\n|-boost|p1a: Zapdos|spe|1\n|move|p2a: Seismitoad|Hydro Pump|p1a: Zapdos\n|-end|p1a: Zapdos|Substitute\n|\n|-heal|p2a: Seismitoad|100\/100|[from] item: Leftovers\n|upkeep\n|turn|14\n|\n|t:|1657337732\n|move|p1a: Zapdos|Close Combat|p2a: Seismitoad\n|-damage|p2a: Seismitoad|0 fnt\n|-unboost|p1a: Zapdos|def|1\n|-unboost|p1a: Zapdos|spd|1\n|faint|p2a: Seismitoad\n|\n|upkeep\n|\n|t:|1657337734\n|switch|p2a: Scizor|Scizor, F|78\/100\n|-damage|p2a: Scizor|66\/100|[from] Spikes\n|turn|15\n|\n|t:|1657337740\n|switch|p1a: Volcarona|Volcarona, F|100\/100\n|-damage|p1a: Volcarona|51\/100|[from] Stealth Rock\n|move|p2a: Scizor|Bullet Punch|p1a: Volcarona\n|-resisted|p1a: Volcarona\n|-damage|p1a: Volcarona|14\/100\n|\n|upkeep\n|turn|16\n|\n|t:|1657337746\n|move|p2a: Scizor|Bullet Punch|p1a: Volcarona\n|-resisted|p1a: Volcarona\n|-damage|p1a: Volcarona|0 fnt\n|faint|p1a: Volcarona\n|\n|upkeep\n|\n|t:|1657337751\n|switch|p1a: Starmie|Starmie|58\/100\n|-damage|p1a: Starmie|46\/100|[from] Stealth Rock\n|turn|17\n|inactive|LECH24 has 120 seconds left.\n|l|\u2606LECH24\n|inactive|LECH24 disconnected and has a minute to reconnect!\n|player|p1|\n|inactive|LECH24 has 30 seconds to reconnect!\n|inactive|LECH24 has 20 seconds to reconnect!\n|inactive|LECH24 has 15 seconds to reconnect!\n|inactive|LECH24 has 10 seconds to reconnect!\n|inactive|LECH24 has 5 seconds to reconnect!\n|c|\u2606ALT 2 Bad|Scizor was the best change i ever thought of\n|-message|LECH24 lost due to inactivity.\n|\n|win|ALT 2 Bad\n|raw|LECH24's rating: 1120 &rarr; <strong>1110<\/strong><br \/>(-10 for losing)\n|raw|ALT 2 Bad's rating: 1365 &rarr; <strong>1373<\/strong><br \/>(+8 for winning)\n||Ladder isn't responding, score probably updated but might not have (Request timeout).\n","uploadtime":1657337848,"views":8,"p1id":"lech24","p2id":"alt2bad","formatid":"gen8brokenrecord","rating":1110,"private":0,"password":null}