{"id":"gen8monotype-1540932362","p1":"diegoblu~","p2":"Eclipse77","format":"gen8monotype","log":"|j|\u2606diegoblu~\n|j|\u2606Eclipse77\n|inactive|Battle timer is ON: inactive players will automatically lose when time's up.\n|t:|1648509151\n|gametype|singles\n|player|p1|diegoblu~|sonia-professor|\n|player|p2|Eclipse77|hilda-wonderlauncher|\n|teamsize|p1|6\n|teamsize|p2|6\n|gen|8\n|tier|[Gen 8] Monotype\n|rated|Tournament battle\n|rule|Same Type Clause: Pok\u00e9mon in a team must share a type\n|rule|Sleep Clause Mod: Limit one foe put to sleep\n|rule|Species Clause: Limit one of each Pok\u00e9mon\n|rule|OHKO Clause: OHKO moves are banned\n|rule|Evasion Moves Clause: Evasion moves are banned\n|rule|Endless Battle Clause: Forcing endless battles is banned\n|rule|HP Percentage Mod: HP is shown in percentages\n|rule|Dynamax Clause: You cannot dynamax\n|clearpoke\n|poke|p1|Trapinch, M|\n|poke|p1|Landorus-Therian, M|\n|poke|p1|Excadrill, M|\n|poke|p1|Nidoking, M|\n|poke|p1|Gastrodon, M|\n|poke|p1|Flygon, M|\n|poke|p2|Slowking, M|\n|poke|p2|Urshifu-*, F|\n|poke|p2|Tapu Fini|\n|poke|p2|Toxapex, M|\n|poke|p2|Gastrodon, F|\n|poke|p2|Rotom-Wash|\n|teampreview\n|j| Random Skrub\n|c|\u2606Eclipse77|glhf\n|j| Elissem\n|j| PilarMan\n|j|#ATTRIBUTE\n|j| a lot of nekos\n|\n|t:|1648509172\n|start\n|switch|p1a: Flygon|Flygon, M|100\/100\n|switch|p2a: Urshifu|Urshifu-Rapid-Strike, F|100\/100\n|turn|1\n|\n|t:|1648509178\n|switch|p2a: Slowking|Slowking, M|100\/100\n|move|p1a: Flygon|U-turn|p2a: Slowking\n|-supereffective|p2a: Slowking\n|-damage|p2a: Slowking|71\/100\n|\n|t:|1648509183\n|switch|p1a: Trapinch|Trapinch, M|100\/100|[from]move: U-turn\n|\n|upkeep\n|turn|2\n|j|^Soma\n|\n|t:|1648509187\n|move|p1a: Trapinch|First Impression|p2a: Slowking\n|-supereffective|p2a: Slowking\n|-damage|p2a: Slowking|0 fnt\n|faint|p2a: Slowking\n|\n|upkeep\n|c|\u2606Eclipse77|trapinch claims its first life\n|\n|t:|1648509200\n|switch|p2a: Urshifu|Urshifu-Rapid-Strike, F|100\/100\n|turn|3\n|c|#ATTRIBUTE|LMAO\n|c|#ATTRIBUTE|what the hell\n|c|\u2606diegoblu~|attri never listens\n|j| zoltan97\n|c|\u2606diegoblu~|suspect it already bro\n|c|#ATTRIBUTE|na\n|j| Ninetales Dragons\n|c| Random Skrub|ambush 1\/12 foot\n|c|#ATTRIBUTE|that shouldn't have happened\n|inactive|diegoblu~ has 120 seconds left.\n|inactive|Eclipse77 has 120 seconds left.\n|\n|t:|1648509243\n|switch|p1a: Gastrodon|Gastrodon, M|100\/100\n|move|p2a: Urshifu|Close Combat|p1a: Gastrodon\n|-damage|p1a: Gastrodon|15\/100\n|-unboost|p2a: Urshifu|def|1\n|-unboost|p2a: Urshifu|spd|1\n|\n|-heal|p1a: Gastrodon|21\/100|[from] item: Leftovers\n|upkeep\n|turn|4\n|inactive|diegoblu~ has 120 seconds left.\n|inactive|Eclipse77 has 120 seconds left.\n|\n|t:|1648509265\n|switch|p1a: Landorus|Landorus-Therian, M|100\/100\n|-ability|p1a: Landorus|Intimidate|boost\n|-unboost|p2a: Urshifu|atk|1\n|move|p2a: Urshifu|Close Combat|p1a: Landorus\n|-resisted|p1a: Landorus\n|-damage|p1a: Landorus|62\/100\n|-unboost|p2a: Urshifu|def|1\n|-unboost|p2a: Urshifu|spd|1\n|\n|upkeep\n|turn|5\n|\n|t:|1648509272\n|switch|p2a: Gastrodon|Gastrodon, F|100\/100\n|move|p1a: Landorus|U-turn|p2a: Gastrodon\n|-damage|p2a: Gastrodon|80\/100\n|\n|t:|1648509277\n|switch|p1a: Flygon|Flygon, M|100\/100|[from]move: U-turn\n|\n|-heal|p2a: Gastrodon|86\/100|[from] item: Leftovers\n|upkeep\n|turn|6\n|\n|t:|1648509283\n|switch|p2a: Tapu Fini|Tapu Fini, shiny|100\/100\n|-fieldstart|move: Misty Terrain|[from] ability: Misty Surge|[of] p2a: Tapu Fini\n|move|p1a: Flygon|Giga Drain|p2a: Tapu Fini\n|-supereffective|p2a: Tapu Fini\n|-damage|p2a: Tapu Fini|55\/100\n|\n|-heal|p2a: Tapu Fini|61\/100|[from] item: Leftovers\n|upkeep\n|turn|7\n|\n|t:|1648509292\n|switch|p1a: Nidoking|Nidoking, M|100\/100\n|move|p2a: Tapu Fini|Draining Kiss|p1a: Nidoking\n|-resisted|p1a: Nidoking\n|-damage|p1a: Nidoking|88\/100\n|-heal|p2a: Tapu Fini|69\/100|[from] drain|[of] p1a: Nidoking\n|\n|-heal|p2a: Tapu Fini|75\/100|[from] item: Leftovers\n|upkeep\n|turn|8\n|\n|t:|1648509299\n|switch|p2a: Rotom|Rotom-Wash|100\/100\n|move|p1a: Nidoking|Earth Power|p2a: Rotom\n|-immune|p2a: Rotom|[from] ability: Levitate\n|\n|upkeep\n|turn|9\n|\n|t:|1648509311\n|switch|p1a: Gastrodon|Gastrodon, M|21\/100\n|move|p2a: Rotom|Trick|p1a: Gastrodon\n|-activate|p2a: Rotom|move: Trick|[of] p1a: Gastrodon\n|-item|p1a: Gastrodon|Choice Scarf|[from] move: Trick\n|-item|p2a: Rotom|Leftovers|[from] move: Trick\n|\n|upkeep\n|turn|10\n|\n|t:|1648509324\n|switch|p2a: Urshifu|Urshifu-Rapid-Strike, F|100\/100\n|move|p1a: Gastrodon|Recover|p1a: Gastrodon\n|-heal|p1a: Gastrodon|71\/100\n|\n|-fieldend|Misty Terrain\n|upkeep\n|turn|11\n|\n|t:|1648509330\n|switch|p1a: Landorus|Landorus-Therian, M|62\/100\n|-ability|p1a: Landorus|Intimidate|boost\n|-unboost|p2a: Urshifu|atk|1\n|move|p2a: Urshifu|Close Combat|p1a: Landorus\n|-resisted|p1a: Landorus\n|-damage|p1a: Landorus|23\/100\n|-unboost|p2a: Urshifu|def|1\n|-unboost|p2a: Urshifu|spd|1\n|\n|upkeep\n|turn|12\n|\n|t:|1648509336\n|move|p1a: Landorus|Earthquake|p2a: Urshifu\n|-damage|p2a: Urshifu|17\/100\n|move|p2a: Urshifu|Close Combat|p1a: Landorus\n|-resisted|p1a: Landorus\n|-damage|p1a: Landorus|0 fnt\n|-unboost|p2a: Urshifu|def|1\n|-unboost|p2a: Urshifu|spd|1\n|faint|p1a: Landorus\n|\n|upkeep\n|c|\u2606Eclipse77|NOOOO\n|\n|t:|1648509342\n|switch|p1a: Trapinch|Trapinch, M|100\/100\n|turn|13\n|\n|t:|1648509348\n|move|p1a: Trapinch|First Impression|p2a: Urshifu\n|-resisted|p2a: Urshifu\n|-damage|p2a: Urshifu|0 fnt\n|faint|p2a: Urshifu\n|\n|upkeep\n|\n|t:|1648509353\n|switch|p2a: Toxapex|Toxapex, M|100\/100\n|turn|14\n|c|\u2606Eclipse77|wait mislick\n|\n|t:|1648509360\n|switch|p1a: Excadrill|Excadrill, M|100\/100\n|-ability|p1a: Excadrill|Mold Breaker\n|move|p2a: Toxapex|Scald|p1a: Excadrill\n|-supereffective|p1a: Excadrill\n|-damage|p1a: Excadrill|74\/100\n|\n|-heal|p1a: Excadrill|80\/100|[from] item: Leftovers\n|upkeep\n|turn|15\n|\n|t:|1648509364\n|move|p1a: Excadrill|Stealth Rock|p2a: Toxapex\n|-sidestart|p2: Eclipse77|move: Stealth Rock\n|move|p2a: Toxapex|Scald|p1a: Excadrill\n|-supereffective|p1a: Excadrill\n|-damage|p1a: Excadrill|54\/100\n|\n|-heal|p1a: Excadrill|60\/100|[from] item: Leftovers\n|upkeep\n|turn|16\n|\n|t:|1648509371\n|switch|p1a: Gastrodon|Gastrodon, M|71\/100\n|move|p2a: Toxapex|Scald|p1a: Gastrodon\n|-ability|p1a: Gastrodon|Storm Drain|boost\n|-boost|p1a: Gastrodon|spa|1\n|\n|upkeep\n|turn|17\n|\n|t:|1648509381\n|switch|p1a: Nidoking|Nidoking, M|88\/100\n|move|p2a: Toxapex|Toxic|p1a: Nidoking\n|-immune|p1a: Nidoking\n|\n|upkeep\n|turn|18\n|\n|t:|1648509389\n|switch|p2a: Gastrodon|Gastrodon, F|86\/100\n|-damage|p2a: Gastrodon|80\/100|[from] Stealth Rock\n|move|p1a: Nidoking|Thunderbolt|p2a: Gastrodon\n|-immune|p2a: Gastrodon\n|\n|-heal|p2a: Gastrodon|86\/100|[from] item: Leftovers\n|upkeep\n|turn|19\n|\n|t:|1648509395\n|move|p1a: Nidoking|Earth Power|p2a: Gastrodon\n|-damage|p2a: Gastrodon|27\/100\n|move|p2a: Gastrodon|Earth Power|p1a: Nidoking\n|-supereffective|p1a: Nidoking\n|-damage|p1a: Nidoking|9\/100\n|\n|-heal|p2a: Gastrodon|34\/100|[from] item: Leftovers\n|upkeep\n|turn|20\n|\n|t:|1648509407\n|switch|p2a: Rotom|Rotom-Wash|100\/100\n|-damage|p2a: Rotom|88\/100|[from] Stealth Rock\n|move|p1a: Nidoking|Earth Power|p2a: Rotom\n|-immune|p2a: Rotom|[from] ability: Levitate\n|\n|-heal|p2a: Rotom|94\/100|[from] item: Leftovers\n|upkeep\n|turn|21\n|\n|t:|1648509413\n|move|p2a: Rotom|Hydro Pump|p1a: Nidoking|[miss]\n|-miss|p2a: Rotom|p1a: Nidoking\n|move|p1a: Nidoking|Sludge Wave|p2a: Rotom\n|-damage|p2a: Rotom|7\/100\n|\n|-heal|p2a: Rotom|13\/100|[from] item: Leftovers\n|upkeep\n|turn|22\n|\n|t:|1648509419\n|switch|p1a: Gastrodon|Gastrodon, M|71\/100\n|move|p2a: Rotom|Hydro Pump|p1a: Gastrodon\n|-ability|p1a: Gastrodon|Storm Drain|boost\n|-boost|p1a: Gastrodon|spa|1\n|\n|-heal|p2a: Rotom|19\/100|[from] item: Leftovers\n|upkeep\n|turn|23\n|\n|t:|1648509430\n|move|p2a: Rotom|Hydro Pump|p1a: Gastrodon\n|-ability|p1a: Gastrodon|Storm Drain|boost\n|-boost|p1a: Gastrodon|spa|1\n|move|p1a: Gastrodon|Scald|p2a: Rotom\n|-resisted|p2a: Rotom\n|-damage|p2a: Rotom|0 fnt\n|faint|p2a: Rotom\n|\n|upkeep\n|\n|t:|1648509434\n|switch|p2a: Gastrodon|Gastrodon, F|34\/100\n|-damage|p2a: Gastrodon|27\/100|[from] Stealth Rock\n|turn|24\n|\n|t:|1648509437\n|switch|p1a: Nidoking|Nidoking, M|9\/100\n|move|p2a: Gastrodon|Recover|p2a: Gastrodon\n|-heal|p2a: Gastrodon|77\/100\n|\n|-heal|p2a: Gastrodon|84\/100|[from] item: Leftovers\n|upkeep\n|turn|25\n|\n|t:|1648509441\n|move|p1a: Nidoking|Earth Power|p2a: Gastrodon\n|-damage|p2a: Gastrodon|24\/100\n|move|p2a: Gastrodon|Earth Power|p1a: Nidoking\n|-supereffective|p1a: Nidoking\n|-damage|p1a: Nidoking|0 fnt\n|faint|p1a: Nidoking\n|\n|-heal|p2a: Gastrodon|30\/100|[from] item: Leftovers\n|upkeep\n|\n|t:|1648509461\n|switch|p1a: Flygon|Flygon, M|100\/100\n|turn|26\n|\n|t:|1648509472\n|switch|p2a: Toxapex|Toxapex, M|100\/100\n|-damage|p2a: Toxapex|88\/100|[from] Stealth Rock\n|move|p1a: Flygon|Giga Drain|p2a: Toxapex\n|-damage|p2a: Toxapex|65\/100\n|\n|-heal|p2a: Toxapex|72\/100|[from] item: Black Sludge\n|upkeep\n|turn|27\n|\n|t:|1648509480\n|switch|p1a: Trapinch|Trapinch, M|100\/100\n|move|p2a: Toxapex|Toxic|p1a: Trapinch\n|-status|p1a: Trapinch|tox\n|\n|-heal|p2a: Toxapex|78\/100|[from] item: Black Sludge\n|-damage|p1a: Trapinch|94\/100 tox|[from] psn\n|upkeep\n|turn|28\n|j| a1012\n|\n|t:|1648509483\n|move|p1a: Trapinch|Earthquake|p2a: Toxapex\n|-supereffective|p2a: Toxapex\n|-damage|p2a: Toxapex|0 fnt\n|faint|p2a: Toxapex\n|\n|-damage|p1a: Trapinch|82\/100 tox|[from] psn\n|upkeep\n|c|\u2606Eclipse77|holy it ohkos\n|c|\u2606diegoblu~|another one\n|c|\u2606diegoblu~|and another one\n|c|\u2606Eclipse77|bro I'm laughing so hard right now this is so sick\n|\n|t:|1648509510\n|switch|p2a: Tapu Fini|Tapu Fini, shiny|75\/100\n|-damage|p2a: Tapu Fini|62\/100|[from] Stealth Rock\n|-fieldstart|move: Misty Terrain|[from] ability: Misty Surge|[of] p2a: Tapu Fini\n|turn|29\n|\n|t:|1648509528\n|move|p2a: Tapu Fini|Draining Kiss|p1a: Trapinch\n|-damage|p1a: Trapinch|39\/100 tox\n|-heal|p2a: Tapu Fini|84\/100|[from] drain|[of] p1a: Trapinch\n|move|p1a: Trapinch|Earthquake|p2a: Tapu Fini\n|-damage|p2a: Tapu Fini|39\/100\n|\n|-heal|p2a: Tapu Fini|46\/100|[from] item: Leftovers\n|-damage|p1a: Trapinch|21\/100 tox|[from] psn\n|upkeep\n|turn|30\n|j| ShadowblazinAceP\n|\n|t:|1648509533\n|switch|p1a: Excadrill|Excadrill, M|60\/100\n|-ability|p1a: Excadrill|Mold Breaker\n|move|p2a: Tapu Fini|Draining Kiss|p1a: Excadrill\n|-resisted|p1a: Excadrill\n|-damage|p1a: Excadrill|54\/100\n|-heal|p2a: Tapu Fini|52\/100|[from] drain|[of] p1a: Excadrill\n|\n|-heal|p1a: Excadrill|60\/100|[from] item: Leftovers\n|-heal|p2a: Tapu Fini|58\/100|[from] item: Leftovers\n|upkeep\n|turn|31\n|j| On my watch\n|\n|t:|1648509537\n|move|p1a: Excadrill|Iron Head|p2a: Tapu Fini\n|-damage|p2a: Tapu Fini|34\/100\n|cant|p2a: Tapu Fini|flinch\n|\n|-heal|p1a: Excadrill|66\/100|[from] item: Leftovers\n|-heal|p2a: Tapu Fini|40\/100|[from] item: Leftovers\n|upkeep\n|turn|32\n|\n|t:|1648509541\n|move|p1a: Excadrill|Iron Head|p2a: Tapu Fini\n|-damage|p2a: Tapu Fini|16\/100\n|cant|p2a: Tapu Fini|flinch\n|\n|-heal|p1a: Excadrill|72\/100|[from] item: Leftovers\n|-heal|p2a: Tapu Fini|22\/100|[from] item: Leftovers\n|upkeep\n|turn|33\n|c|\u2606Eclipse77|gg\n|c|\u2606diegoblu~|gg\n|-message|Eclipse77 forfeited.\n|\n|win|diegoblu~\n|n|\u2606diegoblu~|diegoblu\n|n|\u2606Eclipse77|eclipse77\n|n| Random Skrub|randomskrub\n|n| Elissem|elissem\n|n| PilarMan|pilarman\n|n|+ATTRIBUTE|attribute\n|n| a lot of nekos|alotofnekos\n|n| Soma|soma\n|n| zoltan97|zoltan97\n|n| Ninetales Dragons|ninetalesdragons\n|n| a1012|a1012\n|n| ShadowblazinAceP|shadowblazinacep\n|n| On my watch|onmywatch\n","uploadtime":1648509550,"views":37,"p1id":"diegoblu","p2id":"eclipse77","formatid":"gen8monotype","rating":0,"private":0,"password":null}