{"id":"gen8randombattle-1415126341","p1":"j54321","p2":"uuuuiiii","format":"gen8randombattle","log":"|j|\u2606j54321\n|j|\u2606uuuuiiii\n|t:|1631434672\n|gametype|singles\n|player|p1|j54321|101|1863\n|player|p2|uuuuiiii|266|1935\n|teamsize|p1|6\n|teamsize|p2|6\n|gen|8\n|tier|[Gen 8] Random Battle\n|rated|\n|rule|Species Clause: Limit one of each Pok\u00e9mon\n|rule|HP Percentage Mod: HP is shown in percentages\n|rule|Sleep Clause Mod: Limit one foe put to sleep\n|\n|t:|1631434672\n|start\n|switch|p1a: Virizion|Virizion, L82|283\/283\n|switch|p2a: Tapu Lele|Tapu Lele, L80|243\/243\n|-fieldstart|move: Psychic Terrain|[from] ability: Psychic Surge|[of] p2a: Tapu Lele\n|turn|1\n|\n|t:|1631434701\n|move|p1a: Virizion|Leaf Storm|p2a: Tapu Lele\n|-damage|p2a: Tapu Lele|135\/243\n|-unboost|p1a: Virizion|spa|2\n|move|p2a: Tapu Lele|Psychic|p1a: Virizion\n|-supereffective|p1a: Virizion\n|-damage|p1a: Virizion|104\/283\n|-damage|p2a: Tapu Lele|111\/243|[from] item: Life Orb\n|\n|upkeep\n|turn|2\n|\n|t:|1631434714\n|switch|p1a: Mr. Mime|Mr. Mime-Galar, L86, F|226\/226\n|move|p2a: Tapu Lele|Moonblast|p1a: Mr. Mime\n|-damage|p1a: Mr. Mime|132\/226\n|-damage|p2a: Tapu Lele|87\/243|[from] item: Life Orb\n|\n|upkeep\n|turn|3\n|\n|t:|1631434736\n|move|p1a: Mr. Mime|Nasty Plot|p1a: Mr. Mime\n|-boost|p1a: Mr. Mime|spa|2\n|move|p2a: Tapu Lele|Shadow Ball|p1a: Mr. Mime\n|-supereffective|p1a: Mr. Mime\n|-damage|p1a: Mr. Mime|18\/226\n|-damage|p2a: Tapu Lele|63\/243|[from] item: Life Orb\n|\n|upkeep\n|turn|4\n|\n|t:|1631434744\n|move|p1a: Mr. Mime|Freeze-Dry|p2a: Tapu Lele\n|-damage|p2a: Tapu Lele|0 fnt\n|faint|p2a: Tapu Lele\n|\n|upkeep\n|\n|t:|1631434746\n|switch|p2a: Regieleki|Regieleki, L78|253\/253\n|turn|5\n|\n|t:|1631434750\n|switch|p1a: Golurk|Golurk, L82|280\/280\n|move|p2a: Regieleki|Thunderbolt|p1a: Golurk\n|-immune|p1a: Golurk\n|\n|-fieldend|move: Psychic Terrain\n|upkeep\n|turn|6\n|\n|t:|1631434758\n|switch|p2a: Sirfetch\u2019d|Sirfetch\u2019d, L82, M|236\/236\n|move|p1a: Golurk|Rock Polish|p1a: Golurk\n|-boost|p1a: Golurk|spe|2\n|\n|upkeep\n|turn|7\n|\n|t:|1631434767\n|-start|p1a: Golurk|Dynamax\n|-heal|p1a: Golurk|560\/560|[silent]\n|-start|p2a: Sirfetch\u2019d|Dynamax\n|-heal|p2a: Sirfetch\u2019d|472\/472|[silent]\n|move|p1a: Golurk|Max Phantasm|p2a: Sirfetch\u2019d\n|-damage|p2a: Sirfetch\u2019d|269\/472\n|-unboost|p2a: Sirfetch\u2019d|def|1\n|-damage|p1a: Golurk|532\/560|[from] item: Life Orb\n|move|p2a: Sirfetch\u2019d|Max Airstream|p1a: Golurk\n|-damage|p1a: Golurk|359\/560\n|-boost|p2a: Sirfetch\u2019d|spe|1\n|-damage|p2a: Sirfetch\u2019d|246\/472|[from] item: Life Orb\n|\n|upkeep\n|turn|8\n|\n|t:|1631434772\n|move|p2a: Sirfetch\u2019d|Max Guard|p2a: Sirfetch\u2019d\n|-singleturn|p2a: Sirfetch\u2019d|Max Guard\n|move|p1a: Golurk|Max Phantasm|p2a: Sirfetch\u2019d\n|-activate|p2a: Sirfetch\u2019d|move: Max Guard\n|\n|upkeep\n|turn|9\n|\n|t:|1631434795\n|move|p2a: Sirfetch\u2019d|Max Guard|p2a: Sirfetch\u2019d\n|-singleturn|p2a: Sirfetch\u2019d|Max Guard\n|move|p1a: Golurk|Max Phantasm|p2a: Sirfetch\u2019d\n|-activate|p2a: Sirfetch\u2019d|move: Max Guard\n|\n|-end|p1a: Golurk|Dynamax\n|-heal|p1a: Golurk|180\/280|[silent]\n|-end|p2a: Sirfetch\u2019d|Dynamax\n|-heal|p2a: Sirfetch\u2019d|123\/236|[silent]\n|upkeep\n|turn|10\n|\n|t:|1631434807\n|switch|p2a: Terrakion|Terrakion, L78|270\/270\n|move|p1a: Golurk|Poltergeist|p2a: Terrakion\n|-activate|p2a: Terrakion|move: Poltergeist|Life Orb\n|-damage|p2a: Terrakion|75\/270\n|-damage|p1a: Golurk|152\/280|[from] item: Life Orb\n|\n|upkeep\n|turn|11\n|\n|t:|1631434813\n|switch|p2a: Sirfetch\u2019d|Sirfetch\u2019d, L82, M|123\/236\n|move|p1a: Golurk|Earthquake|p2a: Sirfetch\u2019d\n|-damage|p2a: Sirfetch\u2019d|0 fnt\n|faint|p2a: Sirfetch\u2019d\n|-damage|p1a: Golurk|124\/280|[from] item: Life Orb\n|\n|upkeep\n|\n|t:|1631434818\n|switch|p2a: Regieleki|Regieleki, L78|253\/253\n|turn|12\n|\n|t:|1631434822\n|move|p2a: Regieleki|Substitute|p2a: Regieleki\n|-start|p2a: Regieleki|Substitute\n|-damage|p2a: Regieleki|190\/253\n|move|p1a: Golurk|Rock Polish|p1a: Golurk\n|-boost|p1a: Golurk|spe|2\n|\n|upkeep\n|turn|13\n|\n|t:|1631434827\n|move|p1a: Golurk|Rock Polish|p1a: Golurk\n|-boost|p1a: Golurk|spe|2\n|move|p2a: Regieleki|Substitute|p2a: Regieleki\n|-fail|p2a: Regieleki|move: Substitute\n|\n|upkeep\n|turn|14\n|\n|t:|1631434829\n|move|p1a: Golurk|Rock Polish|p1a: Golurk\n|-boost|p1a: Golurk|spe|0\n|move|p2a: Regieleki|Substitute|p2a: Regieleki\n|-fail|p2a: Regieleki|move: Substitute\n|\n|upkeep\n|turn|15\n|\n|t:|1631434831\n|move|p1a: Golurk|Rock Polish|p1a: Golurk\n|-boost|p1a: Golurk|spe|0\n|move|p2a: Regieleki|Substitute|p2a: Regieleki\n|-fail|p2a: Regieleki|move: Substitute\n|\n|upkeep\n|turn|16\n|\n|t:|1631434833\n|move|p1a: Golurk|Rock Polish|p1a: Golurk\n|-boost|p1a: Golurk|spe|0\n|move|p2a: Regieleki|Substitute|p2a: Regieleki\n|-fail|p2a: Regieleki|move: Substitute\n|\n|upkeep\n|turn|17\n|\n|t:|1631434835\n|move|p1a: Golurk|Rock Polish|p1a: Golurk\n|-boost|p1a: Golurk|spe|0\n|move|p2a: Regieleki|Substitute|p2a: Regieleki\n|-fail|p2a: Regieleki|move: Substitute\n|\n|upkeep\n|turn|18\n|\n|t:|1631434838\n|move|p1a: Golurk|Rock Polish|p1a: Golurk\n|-boost|p1a: Golurk|spe|0\n|move|p2a: Regieleki|Substitute|p2a: Regieleki\n|-fail|p2a: Regieleki|move: Substitute\n|\n|upkeep\n|turn|19\n|\n|t:|1631434840\n|move|p1a: Golurk|Rock Polish|p1a: Golurk\n|-boost|p1a: Golurk|spe|0\n|move|p2a: Regieleki|Substitute|p2a: Regieleki\n|-fail|p2a: Regieleki|move: Substitute\n|\n|upkeep\n|turn|20\n|\n|t:|1631434842\n|move|p1a: Golurk|Rock Polish|p1a: Golurk\n|-boost|p1a: Golurk|spe|0\n|move|p2a: Regieleki|Thunderbolt|p1a: Golurk\n|-immune|p1a: Golurk\n|\n|upkeep\n|turn|21\n|\n|t:|1631434844\n|move|p1a: Golurk|Rock Polish|p1a: Golurk\n|-boost|p1a: Golurk|spe|0\n|move|p2a: Regieleki|Substitute|p2a: Regieleki\n|-fail|p2a: Regieleki|move: Substitute\n|\n|upkeep\n|turn|22\n|\n|t:|1631434846\n|move|p1a: Golurk|Rock Polish|p1a: Golurk\n|-boost|p1a: Golurk|spe|0\n|move|p2a: Regieleki|Substitute|p2a: Regieleki\n|-fail|p2a: Regieleki|move: Substitute\n|\n|upkeep\n|turn|23\n|\n|t:|1631434852\n|move|p1a: Golurk|Earthquake|p2a: Regieleki\n|-supereffective|p2a: Regieleki\n|-end|p2a: Regieleki|Substitute\n|-damage|p1a: Golurk|96\/280|[from] item: Life Orb\n|move|p2a: Regieleki|Thunderbolt|p1a: Golurk\n|-immune|p1a: Golurk\n|\n|upkeep\n|turn|24\n|\n|t:|1631434860\n|switch|p2a: Terrakion|Terrakion, L78|75\/270\n|move|p1a: Golurk|Earthquake|p2a: Terrakion\n|-supereffective|p2a: Terrakion\n|-damage|p2a: Terrakion|0 fnt\n|faint|p2a: Terrakion\n|-damage|p1a: Golurk|68\/280|[from] item: Life Orb\n|\n|upkeep\n|\n|t:|1631434862\n|switch|p2a: Mew|Mew, L80|291\/291\n|turn|25\n|\n|t:|1631434865\n|move|p1a: Golurk|Poltergeist|p2a: Mew\n|-activate|p2a: Mew|move: Poltergeist|Lum Berry\n|-supereffective|p2a: Mew\n|-damage|p2a: Mew|0 fnt\n|faint|p2a: Mew\n|-damage|p1a: Golurk|40\/280|[from] item: Life Orb\n|\n|upkeep\n|\n|t:|1631434867\n|switch|p2a: Volcanion|Volcanion, L80|259\/259\n|turn|26\n|\n|t:|1631434868\n|move|p1a: Golurk|Earthquake|p2a: Volcanion\n|-supereffective|p2a: Volcanion\n|-crit|p2a: Volcanion\n|-damage|p2a: Volcanion|0 fnt\n|faint|p2a: Volcanion\n|-damage|p1a: Golurk|12\/280|[from] item: Life Orb\n|\n|upkeep\n|\n|t:|1631434870\n|switch|p2a: Regieleki|Regieleki, L78|190\/253\n|turn|27\n|\n|t:|1631434871\n|move|p1a: Golurk|Earthquake|p2a: Regieleki\n|-supereffective|p2a: Regieleki\n|-damage|p2a: Regieleki|0 fnt\n|faint|p2a: Regieleki\n|-damage|p1a: Golurk|0 fnt|[from] item: Life Orb\n|faint|p1a: Golurk\n|\n|win|j54321\n|raw|j54321's rating: 1863 &rarr; <strong>1887<\/strong><br \/>(+24 for winning)\n|raw|uuuuiiii's rating: 1935 &rarr; <strong>1911<\/strong><br \/>(-24 for losing)\n|l|\u2606uuuuiiii\n","inputlog":">version 992280b9a3fc40b08b4bb78f5eb319f4595ae528\n>start {\"formatid\":\"gen8randombattle\",\"seed\":[14790,58414,1186,57067],\"rated\":\"Rated battle\"}\n>player p1 {\"name\":\"j54321\",\"avatar\":\"101\",\"rating\":1863,\"seed\":[64150,56008,33328,41902]}\n>player p2 {\"name\":\"uuuuiiii\",\"avatar\":\"266\",\"rating\":1935,\"seed\":[5049,21744,8810,31920]}\n>p1 move leafstorm\n>p2 move psychic\n>p1 switch 6\n>p2 move moonblast\n>p1 move nastyplot\n>p2 move shadowball\n>p1 move freezedry\n>p2 move shadowball\n>p2 switch 6\n>p1 switch 2\n>p2 move thunderbolt\n>p1 move rockpolish\n>p2 switch 2\n>p1 move poltergeist dynamax\n>p2 move bravebird dynamax\n>p1 move poltergeist dynamax\n>p2 move swordsdance dynamax\n>p1 move poltergeist dynamax\n>p2 move swordsdance dynamax\n>p1 move poltergeist\n>p2 switch 5\n>p1 move earthquake\n>p2 switch 5\n>p2 switch 2\n>p1 move rockpolish\n>p2 move substitute\n>p1 move rockpolish\n>p2 move substitute\n>p1 move rockpolish\n>p2 move substitute\n>p1 move rockpolish\n>p2 move substitute\n>p1 move rockpolish\n>p2 move substitute\n>p1 move rockpolish\n>p2 move substitute\n>p1 move rockpolish\n>p2 move substitute\n>p1 move rockpolish\n>p2 move substitute\n>p1 move rockpolish\n>p2 move thunderbolt\n>p1 move rockpolish\n>p2 move substitute\n>p1 move rockpolish\n>p2 move substitute\n>p1 move earthquake\n>p2 move thunderbolt\n>p1 move earthquake\n>p2 switch 5\n>p2 switch 3\n>p1 move poltergeist\n>p2 move psychicfangs\n>p2 switch 4\n>p1 move earthquake\n>p2 move earthpower\n>p2 switch 5\n>p1 move earthquake\n>p2 move substitute","uploadtime":1631434875,"views":13,"p1id":"j54321","p2id":"uuuuiiii","formatid":"gen8randombattle","rating":1887,"private":0,"password":null}