{"id":"gen8ou-1626544215","p1":"cogonahorse","p2":"Daevank5","format":"gen8ou","log":"|j|\u2606cogonahorse\n|j|\u2606Daevank5\n|t:|1658948613\n|gametype|singles\n|player|p1|cogonahorse|hilbert-wonderlauncher|1675\n|player|p2|Daevank5|169|1679\n|teamsize|p1|6\n|teamsize|p2|6\n|gen|8\n|tier|[Gen 8] OU\n|rated|\n|rule|Sleep Clause Mod: Limit one foe put to sleep\n|rule|Species Clause: Limit one of each Pok\u00e9mon\n|rule|OHKO Clause: OHKO moves are banned\n|rule|Evasion Moves Clause: Evasion moves are banned\n|rule|Endless Battle Clause: Forcing endless battles is banned\n|rule|HP Percentage Mod: HP is shown in percentages\n|rule|Dynamax Clause: You cannot dynamax\n|clearpoke\n|poke|p1|Buzzwole|\n|poke|p1|Heatran, F|\n|poke|p1|Gastrodon, F|\n|poke|p1|Tornadus-Therian, M|\n|poke|p1|Kartana|\n|poke|p1|Weavile, F|\n|poke|p2|Exploud, M|\n|poke|p2|Ribombee, M|\n|poke|p2|Zapdos-Galar|\n|poke|p2|Heatran, M|\n|poke|p2|Kartana|\n|poke|p2|Mamoswine, F|\n|teampreview\n|\n|t:|1658948640\n|start\n|switch|p1a: Weavile|Weavile, F|100\/100\n|switch|p2a: Mamoswine|Mamoswine, F|100\/100\n|-ability|p1a: Weavile|Pressure\n|turn|1\n|\n|t:|1658948644\n|move|p1a: Weavile|Knock Off|p2a: Mamoswine\n|-damage|p2a: Mamoswine|47\/100\n|-enditem|p2a: Mamoswine|Leftovers|[from] move: Knock Off|[of] p1a: Weavile\n|move|p2a: Mamoswine|Earthquake|p1a: Weavile\n|-damage|p1a: Weavile|2\/100\n|\n|upkeep\n|turn|2\n|inactive|Battle timer is ON: inactive players will automatically lose when time's up. (requested by Daevank5)\n|\n|t:|1658948660\n|switch|p1a: Kartana|Kartana|100\/100\n|move|p2a: Mamoswine|Stealth Rock|p1a: Kartana\n|-sidestart|p1: cogonahorse|move: Stealth Rock\n|\n|upkeep\n|turn|3\n|inactive|Daevank5 has 120 seconds left.\n|\n|t:|1658948714\n|move|p2a: Mamoswine|Ice Shard|p1a: Kartana\n|-damage|p1a: Kartana|76\/100\n|move|p1a: Kartana|Smart Strike|p2a: Mamoswine\n|-supereffective|p2a: Mamoswine\n|-damage|p2a: Mamoswine|0 fnt\n|faint|p2a: Mamoswine\n|-ability|p1a: Kartana|Beast Boost|boost\n|-boost|p1a: Kartana|atk|1\n|\n|upkeep\n|\n|t:|1658948726\n|switch|p2a: Kartana|Kartana|100\/100\n|turn|4\n|\n|t:|1658948735\n|switch|p1a: Buzzwole|Buzzwole|100\/100\n|-damage|p1a: Buzzwole|88\/100|[from] Stealth Rock\n|switch|p2a: Ribombee|Ribombee, M|100\/100\n|\n|upkeep\n|turn|5\n|\n|t:|1658948741\n|switch|p1a: Heatran|Heatran, F|100\/100\n|-damage|p1a: Heatran|88\/100|[from] Stealth Rock\n|move|p2a: Ribombee|Stun Spore|p1a: Heatran\n|-status|p1a: Heatran|par\n|\n|-heal|p1a: Heatran|94\/100 par|[from] item: Leftovers\n|upkeep\n|turn|6\n|\n|t:|1658948751\n|switch|p2a: Heatran|Heatran, M|100\/100\n|-item|p2a: Heatran|Air Balloon\n|move|p1a: Heatran|Stealth Rock|p2a: Heatran\n|-sidestart|p2: Daevank5|move: Stealth Rock\n|\n|-heal|p1a: Heatran|100\/100 par|[from] item: Leftovers\n|upkeep\n|turn|7\n|inactive|Daevank5 has 120 seconds left.\n|\n|t:|1658948763\n|switch|p1a: Gastrodon|Gastrodon, F|100\/100\n|-damage|p1a: Gastrodon|94\/100|[from] Stealth Rock\n|move|p2a: Heatran|Magma Storm|p1a: Gastrodon|[miss]\n|-miss|p2a: Heatran|p1a: Gastrodon\n|\n|-heal|p1a: Gastrodon|100\/100|[from] item: Leftovers\n|upkeep\n|turn|8\n|\n|t:|1658948772\n|switch|p2a: Kartana|Kartana|100\/100\n|-damage|p2a: Kartana|94\/100|[from] Stealth Rock\n|move|p1a: Gastrodon|Scald|p2a: Kartana\n|-resisted|p2a: Kartana\n|-damage|p2a: Kartana|57\/100\n|-status|p2a: Kartana|brn\n|\n|-damage|p2a: Kartana|51\/100 brn|[from] brn\n|upkeep\n|turn|9\n|\n|t:|1658948781\n|switch|p1a: Buzzwole|Buzzwole|88\/100\n|-damage|p1a: Buzzwole|76\/100|[from] Stealth Rock\n|move|p2a: Kartana|Knock Off|p1a: Buzzwole\n|-resisted|p1a: Buzzwole\n|-damage|p1a: Buzzwole|69\/100\n|-damage|p2a: Kartana|34\/100 brn|[from] item: Rocky Helmet|[of] p1a: Buzzwole\n|-enditem|p1a: Buzzwole|Rocky Helmet|[from] move: Knock Off|[of] p2a: Kartana\n|-damage|p2a: Kartana|25\/100 brn|[from] item: Life Orb\n|\n|-damage|p2a: Kartana|19\/100 brn|[from] brn\n|upkeep\n|turn|10\n|\n|t:|1658948791\n|move|p2a: Kartana|Swords Dance|p2a: Kartana\n|-boost|p2a: Kartana|atk|2\n|move|p1a: Buzzwole|Ice Punch|p2a: Kartana\n|-damage|p2a: Kartana|0 fnt\n|faint|p2a: Kartana\n|-ability|p1a: Buzzwole|Beast Boost|boost\n|-boost|p1a: Buzzwole|def|1\n|\n|upkeep\n|\n|t:|1658948797\n|switch|p2a: Exploud|Exploud, M|100\/100\n|-damage|p2a: Exploud|88\/100|[from] Stealth Rock\n|turn|11\n|\n|t:|1658948811\n|switch|p1a: Heatran|Heatran, F|100\/100 par\n|-damage|p1a: Heatran|88\/100 par|[from] Stealth Rock\n|move|p2a: Exploud|Boomburst|p1a: Heatran\n|-resisted|p1a: Heatran\n|-damage|p1a: Heatran|57\/100 par\n|\n|-heal|p1a: Heatran|63\/100 par|[from] item: Leftovers\n|upkeep\n|turn|12\n|\n|t:|1658948819\n|switch|p2a: Heatran|Heatran, M|100\/100\n|-damage|p2a: Heatran|88\/100|[from] Stealth Rock\n|-item|p2a: Heatran|Air Balloon\n|move|p1a: Heatran|Magma Storm|p2a: Heatran\n|-start|p2a: Heatran|ability: Flash Fire\n|\n|-heal|p1a: Heatran|69\/100 par|[from] item: Leftovers\n|upkeep\n|turn|13\n|\n|t:|1658948827\n|switch|p1a: Gastrodon|Gastrodon, F|100\/100\n|-damage|p1a: Gastrodon|94\/100|[from] Stealth Rock\n|move|p2a: Heatran|Magma Storm|p1a: Gastrodon\n|-resisted|p1a: Gastrodon\n|-damage|p1a: Gastrodon|71\/100\n|-activate|p1a: Gastrodon|move: Magma Storm|[of] p2a: Heatran\n|\n|-heal|p1a: Gastrodon|77\/100|[from] item: Leftovers\n|-damage|p1a: Gastrodon|65\/100|[from] move: Magma Storm|[partiallytrapped]\n|upkeep\n|turn|14\n|\n|t:|1658948834\n|-end|p2a: Heatran|ability: Flash Fire|[silent]\n|switch|p2a: Ribombee|Ribombee, M|100\/100\n|-damage|p2a: Ribombee|76\/100|[from] Stealth Rock\n|move|p1a: Gastrodon|Scald|p2a: Ribombee\n|-damage|p2a: Ribombee|31\/100\n|\n|-heal|p1a: Gastrodon|71\/100|[from] item: Leftovers\n|-end|p1a: Gastrodon|Magma Storm|[partiallytrapped]|[silent]\n|upkeep\n|turn|15\n|\n|t:|1658948846\n|move|p2a: Ribombee|Sticky Web|p1a: Gastrodon\n|-sidestart|p1: cogonahorse|move: Sticky Web\n|move|p1a: Gastrodon|Scald|p2a: Ribombee\n|-damage|p2a: Ribombee|0 fnt\n|faint|p2a: Ribombee\n|\n|-heal|p1a: Gastrodon|77\/100|[from] item: Leftovers\n|upkeep\n|\n|t:|1658948849\n|switch|p2a: Exploud|Exploud, M|88\/100\n|-damage|p2a: Exploud|76\/100|[from] Stealth Rock\n|turn|16\n|\n|t:|1658948854\n|move|p2a: Exploud|Boomburst|p1a: Gastrodon\n|-damage|p1a: Gastrodon|17\/100\n|move|p1a: Gastrodon|Recover|p1a: Gastrodon\n|-heal|p1a: Gastrodon|67\/100\n|\n|-heal|p1a: Gastrodon|73\/100|[from] item: Leftovers\n|upkeep\n|turn|17\n|\n|t:|1658948862\n|switch|p1a: Buzzwole|Buzzwole|69\/100\n|-damage|p1a: Buzzwole|56\/100|[from] Stealth Rock\n|-activate|p1a: Buzzwole|move: Sticky Web\n|-unboost|p1a: Buzzwole|spe|1\n|move|p2a: Exploud|Boomburst|p1a: Buzzwole\n|-damage|p1a: Buzzwole|0 fnt\n|faint|p1a: Buzzwole\n|\n|upkeep\n|\n|t:|1658948869\n|switch|p1a: Tornadus|Tornadus-Therian, M|100\/100\n|turn|18\n|\n|t:|1658948880\n|move|p1a: Tornadus|Knock Off|p2a: Exploud\n|-damage|p2a: Exploud|47\/100\n|-enditem|p2a: Exploud|Choice Specs|[from] move: Knock Off|[of] p1a: Tornadus\n|move|p2a: Exploud|Boomburst|p1a: Tornadus\n|-damage|p1a: Tornadus|31\/100\n|\n|upkeep\n|turn|19\n|\n|t:|1658948888\n|move|p1a: Tornadus|Defog|p2a: Exploud\n|-unboost|p2a: Exploud|evasion|1\n|-sideend|p2: Daevank5|Stealth Rock|[from] move: Defog|[of] p1a: Tornadus\n|-sideend|p1: cogonahorse|Stealth Rock|[from] move: Defog|[of] p1a: Tornadus\n|-sideend|p1: cogonahorse|Sticky Web|[from] move: Defog|[of] p1a: Tornadus\n|move|p2a: Exploud|Boomburst|p1a: Tornadus\n|-damage|p1a: Tornadus|0 fnt\n|faint|p1a: Tornadus\n|\n|upkeep\n|\n|t:|1658948896\n|switch|p1a: Weavile|Weavile, F|2\/100\n|-ability|p1a: Weavile|Pressure\n|turn|20\n|\n|t:|1658948898\n|move|p1a: Weavile|Knock Off|p2a: Exploud\n|-damage|p2a: Exploud|0 fnt\n|faint|p2a: Exploud\n|\n|upkeep\n|\n|t:|1658948902\n|switch|p2a: Zapdos|Zapdos-Galar|100\/100\n|turn|21\n|\n|t:|1658948909\n|move|p1a: Weavile|Ice Shard|p2a: Zapdos\n|-supereffective|p2a: Zapdos\n|-damage|p2a: Zapdos|56\/100\n|move|p2a: Zapdos|Thunderous Kick|p1a: Weavile\n|-supereffective|p1a: Weavile\n|-damage|p1a: Weavile|0 fnt\n|faint|p1a: Weavile\n|\n|upkeep\n|\n|t:|1658948917\n|switch|p1a: Kartana|Kartana|76\/100\n|turn|22\n|inactive|Daevank5 has 120 seconds left.\n|inactive|Daevank5 has 90 seconds left.\n|\n|t:|1658948983\n|move|p1a: Kartana|Smart Strike|p2a: Zapdos\n|-damage|p2a: Zapdos|0 fnt\n|faint|p2a: Zapdos\n|-ability|p1a: Kartana|Beast Boost|boost\n|-boost|p1a: Kartana|atk|1\n|\n|upkeep\n|\n|t:|1658948986\n|switch|p2a: Heatran|Heatran, M|88\/100\n|-item|p2a: Heatran|Air Balloon\n|turn|23\n|\n|t:|1658948998\n|switch|p1a: Gastrodon|Gastrodon, F|73\/100\n|move|p2a: Heatran|Magma Storm|p1a: Gastrodon\n|-resisted|p1a: Gastrodon\n|-crit|p1a: Gastrodon\n|-damage|p1a: Gastrodon|49\/100\n|-activate|p1a: Gastrodon|move: Magma Storm|[of] p2a: Heatran\n|\n|-heal|p1a: Gastrodon|55\/100|[from] item: Leftovers\n|-damage|p1a: Gastrodon|42\/100|[from] move: Magma Storm|[partiallytrapped]\n|upkeep\n|turn|24\n|\n|t:|1658949007\n|move|p2a: Heatran|Taunt|p1a: Gastrodon\n|-start|p1a: Gastrodon|move: Taunt\n|move|p1a: Gastrodon|Scald|p2a: Heatran\n|-supereffective|p2a: Heatran\n|-damage|p2a: Heatran|36\/100\n|-enditem|p2a: Heatran|Air Balloon\n|\n|-heal|p1a: Gastrodon|48\/100|[from] item: Leftovers\n|-damage|p1a: Gastrodon|36\/100|[from] move: Magma Storm|[partiallytrapped]\n|upkeep\n|turn|25\n|\n|t:|1658949012\n|move|p2a: Heatran|Earth Power|p1a: Gastrodon\n|-damage|p1a: Gastrodon|19\/100\n|move|p1a: Gastrodon|Earthquake|p2a: Heatran\n|-supereffective|p2a: Heatran\n|-damage|p2a: Heatran|0 fnt\n|faint|p2a: Heatran\n|\n|win|cogonahorse\n|raw|cogonahorse's rating: 1675 &rarr; <strong>1695<\/strong><br \/>(+20 for winning)\n|raw|Daevank5's rating: 1679 &rarr; <strong>1659<\/strong><br \/>(-20 for losing)\n","uploadtime":1658949020,"views":32,"p1id":"cogonahorse","p2id":"daevank5","formatid":"gen8ou","rating":1659,"private":0,"password":null}