{"id":"gen8nationaldex-1582760951","p1":"Fuecoco AVG","p2":"Fastpitchkiller","format":"gen8nationaldex","log":"|j|\u2606Fuecoco AVG\n|j|\u2606Fastpitchkiller\n|t:|1653512477\n|gametype|singles\n|player|p1|Fuecoco AVG|ltsurge|\n|player|p2|Fastpitchkiller|101|\n|teamsize|p1|6\n|teamsize|p2|6\n|gen|8\n|tier|[Gen 8] National Dex\n|rule|HP Percentage Mod: HP is shown in percentages\n|rule|Endless Battle Clause: Forcing endless battles is banned\n|rule|OHKO Clause: OHKO moves are banned\n|rule|Evasion Moves Clause: Evasion moves are banned\n|rule|Species Clause: Limit one of each Pok\u00e9mon\n|rule|Dynamax Clause: You cannot dynamax\n|rule|Sleep Clause Mod: Limit one foe put to sleep\n|clearpoke\n|poke|p1|Zapdos-Galar|\n|poke|p1|Kartana|\n|poke|p1|Charizard, M|\n|poke|p1|Gliscor, M|\n|poke|p1|Chansey, F|\n|poke|p1|Rotom-Heat|\n|poke|p2|Greninja, M|\n|poke|p2|Zapdos|\n|poke|p2|Melmetal|\n|poke|p2|Slowbro, F|\n|poke|p2|Tyranitar, F|\n|poke|p2|Kommo-o, F|\n|teampreview\n|\n|t:|1653512505\n|start\n|switch|p1a: Kartana|Kartana|100\/100\n|switch|p2a: Slowgatell|Slowbro, F|100\/100\n|turn|1\n|\n|t:|1653512526\n|switch|p1a: Rotom|Rotom-Heat|100\/100\n|move|p2a: Slowgatell|Scald|p1a: Rotom\n|-supereffective|p1a: Rotom\n|-damage|p1a: Rotom|20\/100\n|\n|upkeep\n|turn|2\n|\n|t:|1653512535\n|switch|p2a: Tyranitar|Tyranitar, F|100\/100\n|-weather|Sandstorm|[from] ability: Sand Stream|[of] p2a: Tyranitar\n|move|p1a: Rotom|Volt Switch|p2a: Tyranitar\n|-damage|p2a: Tyranitar|88\/100\n|\n|t:|1653512538\n|switch|p1a: Zapdos|Zapdos-Galar, shiny|100\/100|[from]move: Volt Switch\n|\n|-weather|Sandstorm|[upkeep]\n|-damage|p1a: Zapdos|94\/100|[from] Sandstorm\n|-heal|p2a: Tyranitar|95\/100|[from] item: Leftovers\n|upkeep\n|turn|3\n|\n|t:|1653512557\n|switch|p2a: Slowgatell|Slowbro, F|100\/100\n|move|p1a: Zapdos|Substitute|p1a: Zapdos\n|-start|p1a: Zapdos|Substitute\n|-damage|p1a: Zapdos|69\/100\n|\n|-weather|Sandstorm|[upkeep]\n|-damage|p1a: Zapdos|63\/100|[from] Sandstorm\n|-damage|p2a: Slowgatell|94\/100|[from] Sandstorm\n|upkeep\n|turn|4\n|\n|t:|1653512567\n|move|p1a: Zapdos|Bulk Up|p1a: Zapdos\n|-boost|p1a: Zapdos|atk|1\n|-boost|p1a: Zapdos|def|1\n|move|p2a: Slowgatell|Future Sight|p1a: Zapdos\n|-start|p2a: Slowgatell|move: Future Sight\n|\n|-weather|Sandstorm|[upkeep]\n|-damage|p1a: Zapdos|57\/100|[from] Sandstorm\n|-damage|p2a: Slowgatell|88\/100|[from] Sandstorm\n|upkeep\n|turn|5\n|\n|t:|1653512578\n|-zpower|p1a: Zapdos\n|move|p1a: Zapdos|Supersonic Skystrike|p2a: Slowgatell|[zeffect]\n|-damage|p2a: Slowgatell|0 fnt\n|faint|p2a: Slowgatell\n|\n|-weather|Sandstorm|[upkeep]\n|-damage|p1a: Zapdos|51\/100|[from] Sandstorm\n|upkeep\n|\n|t:|1653512588\n|switch|p2a: Zapdos|Zapdos|100\/100\n|turn|6\n|\n|t:|1653512592\n|switch|p1a: Chansey|Chansey, F|100\/100\n|move|p2a: Zapdos|Volt Switch|p1a: Chansey\n|-damage|p1a: Chansey|91\/100\n|\n|t:|1653512597\n|switch|p2a: Johnny Bravo|Melmetal|100\/100|[from]move: Volt Switch\n|\n|-weather|none\n|-end|p1a: Chansey|move: Future Sight\n|-damage|p1a: Chansey|77\/100\n|upkeep\n|turn|7\n|\n|t:|1653512620\n|switch|p1a: Rotom|Rotom-Heat|20\/100\n|move|p2a: Johnny Bravo|Double Iron Bash|p1a: Rotom\n|-resisted|p1a: Rotom\n|-crit|p1a: Rotom\n|-damage|p1a: Rotom|0 fnt\n|faint|p1a: Rotom\n|-hitcount|p1: Rotom|1\n|\n|upkeep\n|\n|t:|1653512624\n|switch|p1a: Gliscor|Gliscor, M|100\/100\n|turn|8\n|\n|t:|1653512633\n|move|p1a: Gliscor|Earthquake|p2a: Johnny Bravo\n|-supereffective|p2a: Johnny Bravo\n|-damage|p2a: Johnny Bravo|64\/100\n|move|p2a: Johnny Bravo|Double Iron Bash|p1a: Gliscor\n|-damage|p1a: Gliscor|75\/100\n|-damage|p1a: Gliscor|45\/100\n|-hitcount|p1a: Gliscor|2\n|\n|-status|p1a: Gliscor|tox|[from] item: Toxic Orb\n|upkeep\n|turn|9\n|\n|t:|1653512643\n|switch|p2a: Greninja|Greninja, M|100\/100\n|move|p1a: Gliscor|Roost|p1a: Gliscor\n|-heal|p1a: Gliscor|95\/100 tox\n|-singleturn|p1a: Gliscor|move: Roost\n|\n|-heal|p1a: Gliscor|100\/100 tox|[from] ability: Poison Heal\n|upkeep\n|turn|10\n|\n|t:|1653512655\n|switch|p2a: Tyranitar|Tyranitar, F|95\/100\n|-weather|Sandstorm|[from] ability: Sand Stream|[of] p2a: Tyranitar\n|move|p1a: Gliscor|Stealth Rock|p2a: Tyranitar\n|-sidestart|p2: Fastpitchkiller|move: Stealth Rock\n|\n|-weather|Sandstorm|[upkeep]\n|-heal|p2a: Tyranitar|100\/100|[from] item: Leftovers\n|upkeep\n|turn|11\n|\n|t:|1653512664\n|move|p1a: Gliscor|Earthquake|p2a: Tyranitar\n|-supereffective|p2a: Tyranitar\n|-damage|p2a: Tyranitar|47\/100\n|move|p2a: Tyranitar|Stealth Rock|p1a: Gliscor\n|-sidestart|p1: Fuecoco AVG|move: Stealth Rock\n|\n|-weather|Sandstorm|[upkeep]\n|-heal|p2a: Tyranitar|53\/100|[from] item: Leftovers\n|upkeep\n|turn|12\n|\n|t:|1653512675\n|switch|p2a: Zapdos|Zapdos|100\/100\n|move|p1a: Gliscor|Defog|p2a: Zapdos\n|-unboost|p2a: Zapdos|evasion|1\n|-sideend|p2: Fastpitchkiller|Stealth Rock|[from] move: Defog|[of] p1a: Gliscor\n|-sideend|p1: Fuecoco AVG|Stealth Rock|[from] move: Defog|[of] p1a: Gliscor\n|\n|-weather|Sandstorm|[upkeep]\n|-damage|p2a: Zapdos|94\/100|[from] Sandstorm\n|upkeep\n|turn|13\n|\n|t:|1653512685\n|switch|p1a: Chansey|Chansey, F|77\/100\n|switch|p2a: Greninja|Greninja, M|100\/100\n|\n|-weather|Sandstorm|[upkeep]\n|-damage|p2a: Greninja|95\/100|[from] Sandstorm\n|-damage|p1a: Chansey|71\/100|[from] Sandstorm\n|upkeep\n|turn|14\n|\n|t:|1653512694\n|switch|p2a: Johnny Bravo|Melmetal|64\/100\n|move|p1a: Chansey|Teleport|p1a: Chansey\n|\n|t:|1653512696\n|switch|p1a: Charizard|Charizard, M|100\/100|[from]move: Teleport\n|\n|-weather|none\n|upkeep\n|turn|15\n|\n|t:|1653512706\n|switch|p2a: Tyranitar|Tyranitar, F|53\/100\n|-weather|Sandstorm|[from] ability: Sand Stream|[of] p2a: Tyranitar\n|detailschange|p1a: Charizard|Charizard-Mega-Y, M\n|-mega|p1a: Charizard|Charizard|Charizardite Y\n|-weather|SunnyDay|[from] ability: Drought|[of] p1a: Charizard\n|move|p1a: Charizard|Scorching Sands|p2a: Tyranitar\n|-supereffective|p2a: Tyranitar\n|-damage|p2a: Tyranitar|20\/100\n|\n|-weather|SunnyDay|[upkeep]\n|-heal|p2a: Tyranitar|26\/100|[from] item: Leftovers\n|upkeep\n|turn|16\n|\n|t:|1653512727\n|switch|p2a: Zapdos|Zapdos|94\/100\n|move|p1a: Charizard|Solar Beam||[still]\n|-prepare|p1a: Charizard|Solar Beam\n|-anim|p1a: Charizard|Solar Beam|p2a: Zapdos\n|-resisted|p2a: Zapdos\n|-damage|p2a: Zapdos|72\/100\n|\n|-weather|SunnyDay|[upkeep]\n|upkeep\n|turn|17\n|\n|t:|1653512737\n|switch|p2a: Tyranitar|Tyranitar, F|26\/100\n|-weather|Sandstorm|[from] ability: Sand Stream|[of] p2a: Tyranitar\n|move|p1a: Charizard|Weather Ball|p2a: Tyranitar\n|-damage|p2a: Tyranitar|9\/100\n|\n|-weather|Sandstorm|[upkeep]\n|-damage|p1a: Charizard|94\/100|[from] Sandstorm\n|-heal|p2a: Tyranitar|15\/100|[from] item: Leftovers\n|upkeep\n|turn|18\n|\n|t:|1653512749\n|move|p1a: Charizard|Scorching Sands|p2a: Tyranitar\n|-supereffective|p2a: Tyranitar\n|-damage|p2a: Tyranitar|0 fnt\n|faint|p2a: Tyranitar\n|\n|-weather|Sandstorm|[upkeep]\n|-damage|p1a: Charizard|88\/100|[from] Sandstorm\n|upkeep\n|\n|t:|1653512761\n|switch|p2a: Kommo-o|Kommo-o, F|100\/100\n|turn|19\n|\n|t:|1653512777\n|switch|p1a: Kartana|Kartana|100\/100\n|-zpower|p2a: Kommo-o\n|move|p2a: Kommo-o|Clangorous Soulblaze|p1a: Kartana|[zeffect]\n|-resisted|p1a: Kartana\n|-damage|p1a: Kartana|0 fnt\n|faint|p1a: Kartana\n|-boost|p2a: Kommo-o|atk|1\n|-boost|p2a: Kommo-o|def|1\n|-boost|p2a: Kommo-o|spa|1\n|-boost|p2a: Kommo-o|spd|1\n|-boost|p2a: Kommo-o|spe|1\n|\n|-weather|Sandstorm|[upkeep]\n|-damage|p2a: Kommo-o|94\/100|[from] Sandstorm\n|upkeep\n|\n|t:|1653512788\n|switch|p1a: Charizard|Charizard-Mega-Y, M|88\/100\n|-weather|SunnyDay|[from] ability: Drought|[of] p1a: Charizard\n|turn|20\n|\n|t:|1653512798\n|move|p2a: Kommo-o|Clanging Scales|p1a: Charizard\n|-damage|p1a: Charizard|17\/100\n|-unboost|p2a: Kommo-o|def|1\n|move|p1a: Charizard|Roost|p1a: Charizard\n|-heal|p1a: Charizard|67\/100\n|-singleturn|p1a: Charizard|move: Roost\n|\n|-weather|SunnyDay|[upkeep]\n|upkeep\n|turn|21\n|\n|t:|1653512808\n|switch|p1a: Chansey|Chansey, F|71\/100\n|move|p2a: Kommo-o|Boomburst|p1a: Chansey\n|-damage|p1a: Chansey|52\/100\n|\n|-weather|SunnyDay|[upkeep]\n|upkeep\n|turn|22\n|\n|t:|1653512816\n|switch|p1a: Gliscor|Gliscor, M|100\/100 tox\n|move|p2a: Kommo-o|Drain Punch|p1a: Gliscor\n|-resisted|p1a: Gliscor\n|-damage|p1a: Gliscor|87\/100 tox\n|-heal|p2a: Kommo-o|100\/100|[from] drain|[of] p1a: Gliscor\n|\n|-weather|SunnyDay|[upkeep]\n|-heal|p1a: Gliscor|99\/100 tox|[from] ability: Poison Heal\n|upkeep\n|turn|23\n|\n|t:|1653512826\n|move|p2a: Kommo-o|Clangorous Soul|p2a: Kommo-o\n|-boost|p2a: Kommo-o|atk|1\n|-boost|p2a: Kommo-o|def|1\n|-boost|p2a: Kommo-o|spa|1\n|-boost|p2a: Kommo-o|spd|1\n|-boost|p2a: Kommo-o|spe|1\n|-damage|p2a: Kommo-o|68\/100\n|move|p1a: Gliscor|Roost|p1a: Gliscor\n|-heal|p1a: Gliscor|100\/100 tox\n|-singleturn|p1a: Gliscor|move: Roost\n|\n|-weather|SunnyDay|[upkeep]\n|upkeep\n|turn|24\n|\n|t:|1653512838\n|move|p2a: Kommo-o|Boomburst|p1a: Gliscor\n|-crit|p1a: Gliscor\n|-damage|p1a: Gliscor|0 fnt\n|faint|p1a: Gliscor\n|\n|-weather|none\n|upkeep\n|\n|t:|1653512843\n|switch|p1a: Zapdos|Zapdos-Galar, shiny|51\/100\n|turn|25\n|\n|t:|1653512846\n|move|p2a: Kommo-o|Boomburst|p1a: Zapdos\n|-damage|p1a: Zapdos|0 fnt\n|faint|p1a: Zapdos\n|\n|upkeep\n|\n|t:|1653512849\n|switch|p1a: Chansey|Chansey, F|52\/100\n|turn|26\n|\n|t:|1653512853\n|move|p2a: Kommo-o|Drain Punch|p1a: Chansey\n|-supereffective|p1a: Chansey\n|-damage|p1a: Chansey|0 fnt\n|-heal|p2a: Kommo-o|100\/100|[from] drain|[of] p1a: Chansey\n|faint|p1a: Chansey\n|\n|upkeep\n|\n|t:|1653512856\n|switch|p1a: Charizard|Charizard-Mega-Y, M|67\/100\n|-weather|SunnyDay|[from] ability: Drought|[of] p1a: Charizard\n|turn|27\n|\n|t:|1653512863\n|move|p2a: Kommo-o|Clanging Scales|p1a: Charizard\n|-damage|p1a: Charizard|0 fnt\n|faint|p1a: Charizard\n|\n|win|Fastpitchkiller\n|c|\u2606Fuecoco AVG|Gg\n","uploadtime":1653512869,"views":7,"p1id":"fuecocoavg","p2id":"fastpitchkiller","formatid":"gen8nationaldex","rating":0,"private":0,"password":null}