{"id":"gen8nationaldex-1576074967","p1":"KINGsovar","p2":"thedebatablereaper","format":"gen8nationaldex","log":"|j|\u2606KINGsovar\n|j|\u2606thedebatablereaper\n|t:|1652715455\n|gametype|singles\n|player|p1|KINGsovar|koga-gen3|1477\n|player|p2|thedebatablereaper|170|1439\n|teamsize|p1|6\n|teamsize|p2|6\n|gen|8\n|tier|[Gen 8] National Dex\n|rated|\n|rule|HP Percentage Mod: HP is shown in percentages\n|rule|Endless Battle Clause: Forcing endless battles is banned\n|rule|OHKO Clause: OHKO moves are banned\n|rule|Evasion Moves Clause: Evasion moves are banned\n|rule|Species Clause: Limit one of each Pok\u00e9mon\n|rule|Dynamax Clause: You cannot dynamax\n|rule|Sleep Clause Mod: Limit one foe put to sleep\n|clearpoke\n|poke|p1|Reuniclus, F|\n|poke|p1|Latias, F|\n|poke|p1|Skarmory, M|\n|poke|p1|Gliscor, M|\n|poke|p1|Toxapex, F|\n|poke|p1|Chansey, F|\n|poke|p2|Ferrothorn, F|\n|poke|p2|Tapu Koko|\n|poke|p2|Lopunny, F|\n|poke|p2|Regieleki|\n|poke|p2|Zoroark, F|\n|poke|p2|Slowbro, F|\n|teampreview\n|inactive|Battle timer is ON: inactive players will automatically lose when time's up. (requested by KINGsovar)\n|\n|t:|1652715476\n|start\n|switch|p1a: Gliscor|Gliscor, M|100\/100\n|switch|p2a: Tapu Koko|Tapu Koko|100\/100\n|-fieldstart|move: Electric Terrain|[from] ability: Electric Surge|[of] p2a: Tapu Koko\n|turn|1\n|\n|t:|1652715484\n|move|p2a: Tapu Koko|U-turn|p1a: Gliscor\n|-resisted|p1a: Gliscor\n|-damage|p1a: Gliscor|91\/100\n|\n|t:|1652715487\n|switch|p2a: Regieleki|Regieleki|100\/100|[from]move: U-turn\n|move|p1a: Gliscor|Earthquake|p2a: Regieleki\n|-damage|p2a: Regieleki|31\/100\n|replace|p2a: Zoroark|Zoroark, F\n|-end|p2a: Zoroark|Illusion\n|\n|-status|p1a: Gliscor|tox|[from] item: Toxic Orb\n|upkeep\n|turn|2\n|\n|t:|1652715496\n|move|p2a: Zoroark|Trick|p1a: Gliscor\n|-activate|p2a: Zoroark|move: Trick|[of] p1a: Gliscor\n|-item|p1a: Gliscor|Ring Target|[from] move: Trick\n|-item|p2a: Zoroark|Toxic Orb|[from] move: Trick\n|move|p1a: Gliscor|Earthquake|p2a: Zoroark\n|-damage|p2a: Zoroark|0 fnt\n|faint|p2a: Zoroark\n|\n|-heal|p1a: Gliscor|100\/100 tox|[from] ability: Poison Heal\n|upkeep\n|\n|t:|1652715509\n|switch|p2a: Regieleki|Regieleki|100\/100\n|turn|3\n|\n|t:|1652715512\n|move|p2a: Regieleki|Rising Voltage|p1a: Gliscor\n|-supereffective|p1a: Gliscor\n|-damage|p1a: Gliscor|0 fnt\n|faint|p1a: Gliscor\n|\n|upkeep\n|c|\u2606KINGsovar|Lmao\n|c|\u2606KINGsovar|Im dumb\n|c|\u2606KINGsovar|Well played\n|\n|t:|1652715528\n|switch|p1a: Chansey|Chansey, F|100\/100\n|turn|4\n|c|\u2606thedebatablereaper|tyty\n|\n|t:|1652715541\n|move|p2a: Regieleki|Rising Voltage|p1a: Chansey\n|-hint|Rising Voltage's BP doubled on grounded target.\n|-damage|p1a: Chansey|38\/100\n|move|p1a: Chansey|Soft-Boiled|p1a: Chansey\n|-heal|p1a: Chansey|88\/100\n|\n|upkeep\n|turn|5\n|\n|t:|1652715547\n|move|p2a: Regieleki|Rising Voltage|p1a: Chansey\n|-hint|Rising Voltage's BP doubled on grounded target.\n|-damage|p1a: Chansey|23\/100\n|move|p1a: Chansey|Soft-Boiled|p1a: Chansey\n|-heal|p1a: Chansey|73\/100\n|\n|upkeep\n|turn|6\n|\n|t:|1652715553\n|move|p2a: Regieleki|Rising Voltage|p1a: Chansey\n|-hint|Rising Voltage's BP doubled on grounded target.\n|-damage|p1a: Chansey|17\/100\n|move|p1a: Chansey|Soft-Boiled|p1a: Chansey\n|-heal|p1a: Chansey|67\/100\n|\n|upkeep\n|turn|7\n|\n|t:|1652715560\n|move|p2a: Regieleki|Rising Voltage|p1a: Chansey\n|-hint|Rising Voltage's BP doubled on grounded target.\n|-damage|p1a: Chansey|3\/100\n|move|p1a: Chansey|Soft-Boiled|p1a: Chansey\n|-heal|p1a: Chansey|53\/100\n|\n|upkeep\n|turn|8\n|\n|t:|1652715566\n|move|p2a: Regieleki|Rising Voltage|p1a: Chansey\n|-hint|Rising Voltage's BP doubled on grounded target.\n|-damage|p1a: Chansey|0 fnt\n|faint|p1a: Chansey\n|\n|-fieldend|move: Electric Terrain\n|upkeep\n|\n|t:|1652715576\n|switch|p1a: Latias|Latias, F|100\/100\n|turn|9\n|\n|t:|1652715581\n|switch|p2a: Ferrothorn|Ferrothorn, F|100\/100\n|detailschange|p1a: Latias|Latias-Mega, F\n|-mega|p1a: Latias|Latias|Latiasite\n|move|p1a: Latias|Calm Mind|p1a: Latias\n|-boost|p1a: Latias|spa|1\n|-boost|p1a: Latias|spd|1\n|\n|upkeep\n|turn|10\n|\n|t:|1652715588\n|move|p1a: Latias|Mystical Fire|p2a: Ferrothorn\n|-supereffective|p2a: Ferrothorn\n|-damage|p2a: Ferrothorn|18\/100\n|-unboost|p2a: Ferrothorn|spa|1\n|move|p2a: Ferrothorn|Leech Seed|p1a: Latias\n|-start|p1a: Latias|move: Leech Seed\n|\n|-heal|p2a: Ferrothorn|24\/100|[from] item: Leftovers\n|-damage|p1a: Latias|88\/100|[from] Leech Seed|[of] p2a: Ferrothorn\n|-heal|p2a: Ferrothorn|37\/100|[silent]\n|upkeep\n|turn|11\n|\n|t:|1652715601\n|move|p1a: Latias|Psyshock|p2a: Ferrothorn\n|-resisted|p2a: Ferrothorn\n|-damage|p2a: Ferrothorn|15\/100\n|move|p2a: Ferrothorn|Gyro Ball|p1a: Latias\n|-damage|p1a: Latias|47\/100\n|\n|-heal|p2a: Ferrothorn|22\/100|[from] item: Leftovers\n|-damage|p1a: Latias|34\/100|[from] Leech Seed|[of] p2a: Ferrothorn\n|-heal|p2a: Ferrothorn|34\/100|[silent]\n|upkeep\n|turn|12\n|\n|t:|1652715609\n|move|p1a: Latias|Mystical Fire|p2a: Ferrothorn\n|-supereffective|p2a: Ferrothorn\n|-damage|p2a: Ferrothorn|0 fnt\n|faint|p2a: Ferrothorn\n|\n|upkeep\n|\n|t:|1652715613\n|switch|p2a: Lopunny|Lopunny, F|100\/100\n|turn|13\n|\n|t:|1652715619\n|switch|p1a: Skarmory|Skarmory, M|100\/100\n|detailschange|p2a: Lopunny|Lopunny-Mega, F\n|-mega|p2a: Lopunny|Lopunny|Lopunnite\n|move|p2a: Lopunny|U-turn|p1a: Skarmory\n|-resisted|p1a: Skarmory\n|-damage|p1a: Skarmory|97\/100\n|-damage|p2a: Lopunny|84\/100|[from] item: Rocky Helmet|[of] p1a: Skarmory\n|\n|t:|1652715627\n|switch|p2a: Regieleki|Regieleki|100\/100|[from]move: U-turn\n|\n|upkeep\n|turn|14\n|\n|t:|1652715632\n|move|p2a: Regieleki|Thunderbolt|p1a: Skarmory\n|-supereffective|p1a: Skarmory\n|-damage|p1a: Skarmory|0 fnt\n|faint|p1a: Skarmory\n|\n|upkeep\n|\n|t:|1652715634\n|switch|p1a: Reuniclus|Reuniclus, F|100\/100\n|turn|15\n|\n|t:|1652715640\n|switch|p2a: Tapu Koko|Tapu Koko|100\/100\n|-fieldstart|move: Electric Terrain|[from] ability: Electric Surge|[of] p2a: Tapu Koko\n|-zpower|p1a: Reuniclus\n|move|p1a: Reuniclus|All-Out Pummeling|p2a: Tapu Koko|[zeffect]\n|-resisted|p2a: Tapu Koko\n|-damage|p2a: Tapu Koko|57\/100\n|\n|upkeep\n|turn|16\n|\n|t:|1652715651\n|move|p2a: Tapu Koko|Wild Charge|p1a: Reuniclus\n|-damage|p1a: Reuniclus|58\/100\n|-damage|p2a: Tapu Koko|41\/100|[from] Recoil\n|move|p1a: Reuniclus|Calm Mind|p1a: Reuniclus\n|-boost|p1a: Reuniclus|spa|1\n|-boost|p1a: Reuniclus|spd|1\n|\n|upkeep\n|turn|17\n|\n|t:|1652715659\n|move|p2a: Tapu Koko|Wild Charge|p1a: Reuniclus\n|-damage|p1a: Reuniclus|18\/100\n|-damage|p2a: Tapu Koko|26\/100|[from] Recoil\n|move|p1a: Reuniclus|Recover|p1a: Reuniclus\n|-heal|p1a: Reuniclus|68\/100\n|\n|upkeep\n|turn|18\n|\n|t:|1652715665\n|move|p2a: Tapu Koko|Wild Charge|p1a: Reuniclus\n|-damage|p1a: Reuniclus|29\/100\n|-damage|p2a: Tapu Koko|12\/100|[from] Recoil\n|move|p1a: Reuniclus|Recover|p1a: Reuniclus\n|-heal|p1a: Reuniclus|79\/100\n|\n|upkeep\n|turn|19\n|\n|t:|1652715671\n|move|p2a: Tapu Koko|Wild Charge|p1a: Reuniclus\n|-damage|p1a: Reuniclus|35\/100\n|-damage|p2a: Tapu Koko|0 fnt|[from] Recoil\n|faint|p2a: Tapu Koko\n|move|p1a: Reuniclus|Recover|p1a: Reuniclus\n|-heal|p1a: Reuniclus|85\/100\n|\n|upkeep\n|\n|t:|1652715678\n|switch|p2a: Regieleki|Regieleki|100\/100\n|turn|20\n|\n|t:|1652715687\n|move|p2a: Regieleki|Rising Voltage|p1a: Reuniclus\n|-hint|Rising Voltage's BP doubled on grounded target.\n|-damage|p1a: Reuniclus|0 fnt\n|faint|p1a: Reuniclus\n|\n|upkeep\n|\n|t:|1652715692\n|switch|p1a: Latias|Latias-Mega, F|34\/100\n|turn|21\n|c|\u2606KINGsovar|Gg\n|\n|t:|1652715702\n|move|p2a: Regieleki|Rising Voltage|p1a: Latias\n|-resisted|p1a: Latias\n|-damage|p1a: Latias|1\/100\n|move|p1a: Latias|Recover|p1a: Latias\n|-heal|p1a: Latias|51\/100\n|\n|upkeep\n|turn|22\n|\n|t:|1652715710\n|switch|p2a: Slowbro|Slowbro, F|100\/100\n|move|p1a: Latias|Recover|p1a: Latias\n|-heal|p1a: Latias|100\/100\n|\n|-fieldend|move: Electric Terrain\n|upkeep\n|turn|23\n|\n|t:|1652715718\n|switch|p1a: Toxapex|Toxapex, F|100\/100\n|move|p2a: Slowbro|Teleport|p2a: Slowbro\n|\n|t:|1652715723\n|switch|p2a: Regieleki|Regieleki|100\/100|[from]move: Teleport\n|\n|upkeep\n|turn|24\n|\n|t:|1652715731\n|switch|p1a: Latias|Latias-Mega, F|100\/100\n|move|p2a: Regieleki|Volt Switch|p1a: Latias\n|-resisted|p1a: Latias\n|-damage|p1a: Latias|75\/100\n|\n|t:|1652715736\n|switch|p2a: Lopunny|Lopunny-Mega, F|84\/100|[from]move: Volt Switch\n|\n|upkeep\n|turn|25\n|\n|t:|1652715746\n|move|p2a: Lopunny|U-turn|p1a: Latias\n|-supereffective|p1a: Latias\n|-damage|p1a: Latias|35\/100\n|\n|t:|1652715751\n|switch|p2a: Regieleki|Regieleki|100\/100|[from]move: U-turn\n|move|p1a: Latias|Psyshock|p2a: Regieleki\n|-damage|p2a: Regieleki|30\/100\n|\n|upkeep\n|turn|26\n|\n|t:|1652715760\n|move|p2a: Regieleki|Volt Switch|p1a: Latias\n|-resisted|p1a: Latias\n|-damage|p1a: Latias|8\/100\n|\n|t:|1652715764\n|switch|p2a: Slowbro|Slowbro, F|100\/100|[from]move: Volt Switch\n|move|p1a: Latias|Recover|p1a: Latias\n|-heal|p1a: Latias|58\/100\n|\n|upkeep\n|turn|27\n|\n|t:|1652715772\n|move|p1a: Latias|Recover|p1a: Latias\n|-heal|p1a: Latias|100\/100\n|move|p2a: Slowbro|Teleport|p2a: Slowbro\n|\n|t:|1652715776\n|switch|p2a: Lopunny|Lopunny-Mega, F|84\/100|[from]move: Teleport\n|\n|upkeep\n|turn|28\n|\n|t:|1652715780\n|move|p2a: Lopunny|Fake Out|p1a: Latias\n|-damage|p1a: Latias|83\/100\n|cant|p1a: Latias|flinch\n|\n|upkeep\n|turn|29\n|\n|t:|1652715785\n|move|p2a: Lopunny|Return|p1a: Latias\n|-damage|p1a: Latias|38\/100\n|move|p1a: Latias|Psyshock|p2a: Lopunny\n|-supereffective|p2a: Lopunny\n|-damage|p2a: Lopunny|0 fnt\n|faint|p2a: Lopunny\n|\n|upkeep\n|\n|t:|1652715793\n|switch|p2a: Regieleki|Regieleki|30\/100\n|turn|30\n|\n|t:|1652715805\n|move|p2a: Regieleki|Thunderbolt|p1a: Latias\n|-resisted|p1a: Latias\n|-damage|p1a: Latias|7\/100\n|move|p1a: Latias|Recover|p1a: Latias\n|-heal|p1a: Latias|57\/100\n|\n|upkeep\n|turn|31\n|-message|thedebatablereaper forfeited.\n|\n|win|KINGsovar\n|raw|KINGsovar's rating: 1477 &rarr; <strong>1495<\/strong><br \/>(+18 for winning)\n|raw|thedebatablereaper's rating: 1439 &rarr; <strong>1421<\/strong><br \/>(-18 for losing)\n|l|\u2606thedebatablereaper\n","uploadtime":1652715820,"views":3,"p1id":"kingsovar","p2id":"thedebatablereaper","formatid":"gen8nationaldex","rating":1421,"private":0,"password":null}