{"id":"gen8ou-1551928419","p1":"cucumber22","p2":"Person who Stalls","format":"gen8ou","log":"|j|\u2606cucumber22\n|j|\u2606Person who Stalls\n|t:|1649787421\n|gametype|singles\n|player|p1|cucumber22|dancer|1922\n|player|p2|Person who Stalls|will|1818\n|teamsize|p1|6\n|teamsize|p2|6\n|gen|8\n|tier|[Gen 8] OU\n|rated|\n|rule|Sleep Clause Mod: Limit one foe put to sleep\n|rule|Species Clause: Limit one of each Pok\u00e9mon\n|rule|OHKO Clause: OHKO moves are banned\n|rule|Evasion Moves Clause: Evasion moves are banned\n|rule|Endless Battle Clause: Forcing endless battles is banned\n|rule|HP Percentage Mod: HP is shown in percentages\n|rule|Dynamax Clause: You cannot dynamax\n|clearpoke\n|poke|p1|Moltres-Galar|\n|poke|p1|Aegislash, M|\n|poke|p1|Buzzwole|\n|poke|p1|Latios, M|\n|poke|p1|Landorus-Therian, M|\n|poke|p1|Bisharp, F|\n|poke|p2|Aegislash, F|\n|poke|p2|Tapu Lele|\n|poke|p2|Tornadus-Therian, M|\n|poke|p2|Hippowdon, F|\n|poke|p2|Buzzwole|\n|poke|p2|Toxapex, M|\n|teampreview\n|\n|t:|1649787427\n|start\n|switch|p1a: Aegislash|Aegislash, M|100\/100\n|switch|p2a: Tornadus|Tornadus-Therian, M|100\/100\n|turn|1\n|inactive|Battle timer is ON: inactive players will automatically lose when time's up. (requested by Person who Stalls)\n|j| Imaketerribleplays\n|\n|t:|1649787434\n|move|p2a: Tornadus|Knock Off|p1a: Aegislash\n|-supereffective|p1a: Aegislash\n|-damage|p1a: Aegislash|71\/100\n|-enditem|p1a: Aegislash|Weakness Policy\n|-boost|p1a: Aegislash|atk|2|[from] item: Weakness Policy\n|-boost|p1a: Aegislash|spa|2|[from] item: Weakness Policy\n|-formechange|p1a: Aegislash|Aegislash-Blade||[from] ability: Stance Change\n|move|p1a: Aegislash|Shadow Ball|p2a: Tornadus\n|-crit|p2a: Tornadus\n|-damage|p2a: Tornadus|0 fnt\n|faint|p2a: Tornadus\n|\n|upkeep\n|\n|t:|1649787441\n|switch|p2a: Tapu Lele|Tapu Lele|100\/100\n|-fieldstart|move: Psychic Terrain|[from] ability: Psychic Surge|[of] p2a: Tapu Lele\n|turn|2\n|\n|t:|1649787450\n|-formechange|p1a: Aegislash|Aegislash||[from] ability: Stance Change\n|move|p1a: Aegislash|King's Shield|p1a: Aegislash\n|-singleturn|p1a: Aegislash|Protect\n|move|p2a: Tapu Lele|Psychic|p1a: Aegislash\n|-activate|p1a: Aegislash|move: Protect\n|\n|upkeep\n|turn|3\n|\n|t:|1649787468\n|move|p2a: Tapu Lele|Psychic|p1a: Aegislash\n|-resisted|p1a: Aegislash\n|-damage|p1a: Aegislash|30\/100\n|-formechange|p1a: Aegislash|Aegislash-Blade||[from] ability: Stance Change\n|move|p1a: Aegislash|Shadow Ball|p2a: Tapu Lele\n|-supereffective|p2a: Tapu Lele\n|-damage|p2a: Tapu Lele|0 fnt\n|faint|p2a: Tapu Lele\n|\n|upkeep\n|\n|t:|1649787473\n|switch|p2a: Buzzwole|Buzzwole|100\/100\n|turn|4\n|\n|t:|1649787478\n|-formechange|p1a: Aegislash|Aegislash||[from] ability: Stance Change\n|move|p1a: Aegislash|King's Shield|p1a: Aegislash\n|-singleturn|p1a: Aegislash|Protect\n|move|p2a: Buzzwole|Ice Punch|p1a: Aegislash\n|-activate|p1a: Aegislash|move: Protect\n|-unboost|p2a: Buzzwole|atk|1\n|\n|upkeep\n|turn|5\n|\n|t:|1649787482\n|move|p2a: Buzzwole|Earthquake|p1a: Aegislash\n|-supereffective|p1a: Aegislash\n|-damage|p1a: Aegislash|0 fnt\n|faint|p1a: Aegislash\n|-ability|p2a: Buzzwole|Beast Boost|boost\n|-boost|p2a: Buzzwole|def|1\n|\n|upkeep\n|\n|t:|1649787485\n|switch|p1a: Latios|Latios, M|100\/100\n|turn|6\n|\n|t:|1649787492\n|switch|p2a: Aegislash|Aegislash, F|100\/100\n|move|p1a: Latios|Mystical Fire|p2a: Aegislash\n|-supereffective|p2a: Aegislash\n|-damage|p2a: Aegislash|67\/100\n|-unboost|p2a: Aegislash|spa|1\n|\n|-heal|p2a: Aegislash|73\/100|[from] item: Leftovers\n|-fieldend|move: Psychic Terrain\n|upkeep\n|turn|7\n|\n|t:|1649787515\n|switch|p1a: Bisharp|Bisharp, F|100\/100\n|-formechange|p2a: Aegislash|Aegislash-Blade||[from] ability: Stance Change\n|move|p2a: Aegislash|Shadow Ball|p1a: Bisharp\n|-resisted|p1a: Bisharp\n|-damage|p1a: Bisharp|88\/100\n|\n|-heal|p2a: Aegislash|79\/100|[from] item: Leftovers\n|upkeep\n|turn|8\n|\n|t:|1649787525\n|switch|p2a: Buzzwole|Buzzwole|100\/100\n|move|p1a: Bisharp|Knock Off|p2a: Buzzwole\n|-resisted|p2a: Buzzwole\n|-damage|p2a: Buzzwole|86\/100\n|-enditem|p2a: Buzzwole|Heavy-Duty Boots|[from] move: Knock Off|[of] p1a: Bisharp\n|\n|upkeep\n|turn|9\n|\n|t:|1649787531\n|switch|p1a: Buzzwole|Buzzwole|100\/100\n|move|p2a: Buzzwole|Ice Punch|p1a: Buzzwole\n|-damage|p1a: Buzzwole|85\/100\n|\n|upkeep\n|turn|10\n|\n|t:|1649787537\n|move|p1a: Buzzwole|Stone Edge|p2a: Buzzwole\n|-crit|p2a: Buzzwole\n|-damage|p2a: Buzzwole|39\/100\n|move|p2a: Buzzwole|Ice Punch|p1a: Buzzwole\n|-damage|p1a: Buzzwole|69\/100\n|-status|p1a: Buzzwole|frz\n|\n|upkeep\n|turn|11\n|\n|t:|1649787553\n|switch|p1a: Latios|Latios, M|100\/100\n|move|p2a: Buzzwole|Roost|p2a: Buzzwole\n|-heal|p2a: Buzzwole|89\/100\n|-singleturn|p2a: Buzzwole|move: Roost\n|\n|upkeep\n|turn|12\n|\n|t:|1649787573\n|switch|p2a: Hippowdon|Hippowdon, F|100\/100\n|-weather|Sandstorm|[from] ability: Sand Stream|[of] p2a: Hippowdon\n|move|p1a: Latios|Future Sight|p2a: Hippowdon\n|-start|p1a: Latios|move: Future Sight\n|\n|-weather|Sandstorm|[upkeep]\n|-damage|p1a: Latios|95\/100|[from] Sandstorm\n|upkeep\n|turn|13\n|\n|t:|1649787588\n|switch|p1a: Landorus|Landorus-Therian, M|100\/100\n|-ability|p1a: Landorus|Intimidate|boost\n|-unboost|p2a: Hippowdon|atk|1\n|switch|p2a: Aegislash|Aegislash, F|79\/100\n|\n|-weather|Sandstorm|[upkeep]\n|-heal|p2a: Aegislash|86\/100|[from] item: Leftovers\n|upkeep\n|turn|14\n|\n|t:|1649787599\n|move|p1a: Landorus|Earthquake|p2a: Aegislash\n|-supereffective|p2a: Aegislash\n|-damage|p2a: Aegislash|3\/100\n|move|p2a: Aegislash|Toxic|p1a: Landorus|[miss]\n|-miss|p2a: Aegislash|p1a: Landorus\n|\n|-weather|Sandstorm|[upkeep]\n|-end|p2a: Aegislash|move: Future Sight\n|-resisted|p2a: Aegislash\n|-damage|p2a: Aegislash|0 fnt\n|faint|p2a: Aegislash\n|upkeep\n|\n|t:|1649787605\n|switch|p2a: Buzzwole|Buzzwole|89\/100\n|turn|15\n|inactive|cucumber22 has 120 seconds left.\n|\n|t:|1649787643\n|move|p1a: Landorus|Stealth Rock|p2a: Buzzwole\n|-sidestart|p2: Person who Stalls|move: Stealth Rock\n|move|p2a: Buzzwole|Ice Punch|p1a: Landorus\n|-supereffective|p1a: Landorus\n|-enditem|p1a: Landorus|Focus Sash\n|-damage|p1a: Landorus|1\/100\n|-status|p1a: Landorus|frz\n|\n|-weather|Sandstorm|[upkeep]\n|-damage|p2a: Buzzwole|82\/100|[from] Sandstorm\n|upkeep\n|turn|16\n|\n|t:|1649787650\n|cant|p1a: Landorus|frz\n|move|p2a: Buzzwole|Roost|p2a: Buzzwole\n|-heal|p2a: Buzzwole|100\/100\n|-singleturn|p2a: Buzzwole|move: Roost\n|\n|-weather|none\n|upkeep\n|turn|17\n|\n|t:|1649787652\n|cant|p1a: Landorus|frz\n|move|p2a: Buzzwole|Ice Punch|p1a: Landorus\n|-supereffective|p1a: Landorus\n|-damage|p1a: Landorus|0 fnt\n|faint|p1a: Landorus\n|-ability|p2a: Buzzwole|Beast Boost|boost\n|-boost|p2a: Buzzwole|def|1\n|\n|upkeep\n|\n|t:|1649787654\n|switch|p1a: Latios|Latios, M|95\/100\n|turn|18\n|\n|t:|1649787659\n|switch|p2a: Hippowdon|Hippowdon, F|100\/100\n|-damage|p2a: Hippowdon|94\/100|[from] Stealth Rock\n|-weather|Sandstorm|[from] ability: Sand Stream|[of] p2a: Hippowdon\n|move|p1a: Latios|Psychic|p2a: Hippowdon\n|-damage|p2a: Hippowdon|57\/100\n|\n|-weather|Sandstorm|[upkeep]\n|-damage|p1a: Latios|89\/100|[from] Sandstorm\n|-heal|p2a: Hippowdon|63\/100|[from] item: Leftovers\n|upkeep\n|turn|19\n|\n|t:|1649787682\n|move|p1a: Latios|Future Sight|p2a: Hippowdon\n|-start|p1a: Latios|move: Future Sight\n|move|p2a: Hippowdon|Slack Off|p2a: Hippowdon\n|-heal|p2a: Hippowdon|100\/100\n|\n|-weather|Sandstorm|[upkeep]\n|-damage|p1a: Latios|83\/100|[from] Sandstorm\n|upkeep\n|turn|20\n|j| Hella Rare Pepe\n|\n|t:|1649787693\n|move|p1a: Latios|Psychic|p2a: Hippowdon\n|-damage|p2a: Hippowdon|58\/100\n|move|p2a: Hippowdon|Toxic|p1a: Latios\n|-status|p1a: Latios|tox\n|\n|-weather|Sandstorm|[upkeep]\n|-damage|p1a: Latios|77\/100 tox|[from] Sandstorm\n|-heal|p2a: Hippowdon|64\/100|[from] item: Leftovers\n|-damage|p1a: Latios|71\/100 tox|[from] psn\n|upkeep\n|turn|21\n|\n|t:|1649787697\n|move|p1a: Latios|Psychic|p2a: Hippowdon\n|-damage|p2a: Hippowdon|25\/100\n|move|p2a: Hippowdon|Slack Off|p2a: Hippowdon\n|-heal|p2a: Hippowdon|75\/100\n|\n|-weather|Sandstorm|[upkeep]\n|-damage|p1a: Latios|65\/100 tox|[from] Sandstorm\n|-end|p2a: Hippowdon|move: Future Sight\n|-damage|p2a: Hippowdon|19\/100\n|-heal|p2a: Hippowdon|25\/100|[from] item: Leftovers\n|-damage|p1a: Latios|53\/100 tox|[from] psn\n|upkeep\n|turn|22\n|\n|t:|1649787710\n|switch|p2a: Toxapex|Toxapex, M|100\/100\n|-damage|p2a: Toxapex|88\/100|[from] Stealth Rock\n|move|p1a: Latios|Psychic|p2a: Toxapex\n|-supereffective|p2a: Toxapex\n|-damage|p2a: Toxapex|0 fnt\n|faint|p2a: Toxapex\n|\n|-weather|none\n|-damage|p1a: Latios|35\/100 tox|[from] psn\n|upkeep\n|c|\u2606cucumber22|gg\n|-message|Person who Stalls forfeited.\n|\n|win|cucumber22\n|raw|cucumber22's rating: 1922 &rarr; <strong>1936<\/strong><br \/>(+14 for winning)\n|raw|Person who Stalls's rating: 1818 &rarr; <strong>1804<\/strong><br \/>(-14 for losing)\n|l|\u2606Person who Stalls\n","uploadtime":1649787722,"views":62,"p1id":"cucumber22","p2id":"personwhostalls","formatid":"gen8ou","rating":1804,"private":0,"password":null}