{"id":"gen8ou-1606854632","p1":"broked on bricks","p2":"ElTulaMan","format":"gen8ou","log":"|j|\u2606broked on bricks\n|j|\u2606ElTulaMan\n|t:|1656525934\n|gametype|singles\n|player|p1|broked on bricks|will-gen2|1132\n|player|p2|ElTulaMan|ingo|1152\n|teamsize|p1|6\n|teamsize|p2|6\n|gen|8\n|tier|[Gen 8] OU\n|rated|\n|rule|Sleep Clause Mod: Limit one foe put to sleep\n|rule|Species Clause: Limit one of each Pok\u00e9mon\n|rule|OHKO Clause: OHKO moves are banned\n|rule|Evasion Moves Clause: Evasion moves are banned\n|rule|Endless Battle Clause: Forcing endless battles is banned\n|rule|HP Percentage Mod: HP is shown in percentages\n|rule|Dynamax Clause: You cannot dynamax\n|clearpoke\n|poke|p1|Pelipper, F|\n|poke|p1|Heliolisk, M|\n|poke|p1|Barraskewda, M|\n|poke|p1|Ferrothorn, F|\n|poke|p1|Tornadus-Therian, M|\n|poke|p1|Seismitoad, M|\n|poke|p2|Arctovish|\n|poke|p2|Ninetales-Alola, F|\n|poke|p2|Mamoswine, F|\n|poke|p2|Weavile, F|\n|poke|p2|Eiscue, F|\n|poke|p2|Vanilluxe, F|\n|teampreview\n|inactive|Battle timer is ON: inactive players will automatically lose when time's up. (requested by broked on bricks)\n|\n|t:|1656525946\n|start\n|switch|p1a: Barraskewda|Barraskewda, M|100\/100\n|switch|p2a: Vanilluxe|Vanilluxe, F|100\/100\n|-weather|Hail|[from] ability: Snow Warning|[of] p2a: Vanilluxe\n|turn|1\n|\n|t:|1656525953\n|move|p1a: Barraskewda|Flip Turn|p2a: Vanilluxe\n|-damage|p2a: Vanilluxe|45\/100\n|\n|t:|1656525960\n|switch|p1a: Ferrothorn|Ferrothorn, F|100\/100|[from]move: Flip Turn\n|move|p2a: Vanilluxe|Aurora Veil|p2a: Vanilluxe\n|-sidestart|p2: ElTulaMan|move: Aurora Veil\n|\n|-weather|Hail|[upkeep]\n|-damage|p1a: Ferrothorn|95\/100|[from] Hail\n|upkeep\n|turn|2\n|\n|t:|1656525968\n|switch|p2a: Weavile|Weavile, F|100\/100\n|-ability|p2a: Weavile|Pressure\n|move|p1a: Ferrothorn|Gyro Ball|p2a: Weavile\n|-supereffective|p2a: Weavile\n|-damage|p2a: Weavile|13\/100\n|\n|-weather|Hail|[upkeep]\n|-damage|p1a: Ferrothorn|89\/100|[from] Hail\n|upkeep\n|turn|3\n|\n|t:|1656525974\n|move|p2a: Weavile|Low Kick|p1a: Ferrothorn\n|-supereffective|p1a: Ferrothorn\n|-damage|p1a: Ferrothorn|41\/100\n|-damage|p2a: Weavile|1\/100|[from] ability: Iron Barbs|[of] p1a: Ferrothorn\n|-damage|p2a: Weavile|0 fnt|[from] item: Rocky Helmet|[of] p1a: Ferrothorn\n|faint|p2a: Weavile\n|move|p1a: Ferrothorn|Body Press|p2: Weavile|[notarget]\n|-fail|p1a: Ferrothorn\n|\n|-weather|Hail|[upkeep]\n|-damage|p1a: Ferrothorn|35\/100|[from] Hail\n|upkeep\n|\n|t:|1656525985\n|switch|p2a: Eiscue|Eiscue, F|100\/100\n|turn|4\n|\n|t:|1656525988\n|move|p2a: Eiscue|Belly Drum|p2a: Eiscue\n|-damage|p2a: Eiscue|50\/100\n|-setboost|p2a: Eiscue|atk|6|[from] move: Belly Drum\n|move|p1a: Ferrothorn|Leech Seed|p2a: Eiscue\n|-start|p2a: Eiscue|move: Leech Seed\n|\n|-weather|Hail|[upkeep]\n|-damage|p1a: Ferrothorn|29\/100|[from] Hail\n|-damage|p2a: Eiscue|38\/100|[from] Leech Seed|[of] p1a: Ferrothorn\n|-heal|p1a: Ferrothorn|40\/100|[silent]\n|upkeep\n|turn|5\n|\n|t:|1656525997\n|move|p2a: Eiscue|Reversal|p1a: Ferrothorn\n|-supereffective|p1a: Ferrothorn\n|-damage|p1a: Ferrothorn|0 fnt\n|-damage|p2a: Eiscue|26\/100|[from] ability: Iron Barbs|[of] p1a: Ferrothorn\n|-damage|p2a: Eiscue|9\/100|[from] item: Rocky Helmet|[of] p1a: Ferrothorn\n|-enditem|p2a: Eiscue|Salac Berry|[eat]\n|-boost|p2a: Eiscue|spe|1|[from] item: Salac Berry\n|faint|p1a: Ferrothorn\n|\n|-weather|Hail|[upkeep]\n|-sideend|p2: ElTulaMan|move: Aurora Veil\n|upkeep\n|inactive|broked on bricks has 120 seconds left.\n|\n|t:|1656526030\n|switch|p1a: Tornadus|Tornadus-Therian, M|100\/100\n|turn|6\n|\n|t:|1656526036\n|move|p1a: Tornadus|Hurricane|p2a: Eiscue\n|-damage|p2a: Eiscue|0 fnt\n|faint|p2a: Eiscue\n|\n|-weather|Hail|[upkeep]\n|-damage|p1a: Tornadus|95\/100|[from] Hail\n|upkeep\n|\n|t:|1656526056\n|switch|p2a: Ninetales|Ninetales-Alola, F|100\/100\n|turn|7\n|\n|t:|1656526060\n|move|p1a: Tornadus|Taunt|p2a: Ninetales\n|-start|p2a: Ninetales|move: Taunt\n|cant|p2a: Ninetales|move: Taunt|Aurora Veil\n|\n|-weather|Hail|[upkeep]\n|-damage|p1a: Tornadus|89\/100|[from] Hail\n|upkeep\n|turn|8\n|\n|t:|1656526068\n|move|p1a: Tornadus|Hurricane|p2a: Ninetales\n|-damage|p2a: Ninetales|41\/100\n|move|p2a: Ninetales|Blizzard|p1a: Tornadus\n|-supereffective|p1a: Tornadus\n|-damage|p1a: Tornadus|0 fnt\n|faint|p1a: Tornadus\n|\n|-weather|none\n|upkeep\n|\n|t:|1656526076\n|switch|p1a: Barraskewda|Barraskewda, M|100\/100\n|turn|9\n|inactive|ElTulaMan has 120 seconds left.\n|\n|t:|1656526121\n|switch|p2a: Vanilluxe|Vanilluxe, F|45\/100\n|-weather|Hail|[from] ability: Snow Warning|[of] p2a: Vanilluxe\n|move|p1a: Barraskewda|Flip Turn|p2a: Vanilluxe\n|-damage|p2a: Vanilluxe|0 fnt\n|faint|p2a: Vanilluxe\n|\n|t:|1656526142\n|switch|p1a: Heliolisk|Heliolisk, M|100\/100|[from]move: Flip Turn\n|\n|-weather|Hail|[upkeep]\n|-damage|p1a: Heliolisk|94\/100|[from] Hail\n|upkeep\n|\n|t:|1656526155\n|switch|p2a: Arctovish|Arctovish|100\/100\n|turn|10\n|\n|t:|1656526164\n|move|p2a: Arctovish|Fishious Rend|p1a: Heliolisk\n|-heal|p1a: Heliolisk|100\/100|[from] ability: Dry Skin|[of] p2a: Arctovish\n|move|p1a: Heliolisk|Thunder|p2a: Arctovish\n|-supereffective|p2a: Arctovish\n|-damage|p2a: Arctovish|0 fnt\n|faint|p2a: Arctovish\n|-damage|p1a: Heliolisk|91\/100|[from] item: Life Orb\n|\n|-weather|Hail|[upkeep]\n|-damage|p1a: Heliolisk|85\/100|[from] Hail\n|upkeep\n|inactive|ElTulaMan has 120 seconds left.\n|c|\u2606broked on bricks|oh dear\n|-message|ElTulaMan forfeited.\n|\n|win|broked on bricks\n|raw|broked on bricks's rating: 1132 &rarr; <strong>1158<\/strong><br \/>(+26 for winning)\n|raw|ElTulaMan's rating: 1152 &rarr; <strong>1126<\/strong><br \/>(-26 for losing)\n|l|\u2606ElTulaMan\n||Ladder isn't responding, score probably updated but might not have (Request timeout).\n","uploadtime":1656526173,"views":7,"p1id":"brokedonbricks","p2id":"eltulaman","formatid":"gen8ou","rating":1126,"private":0,"password":null}