{"id":"gen8ou-1101515062","p1":"TaxEveAsian","p2":"Burnt Bright","format":"gen8ou","log":"|j|\u2606TaxEveAsian\n|j|\u2606Burnt Bright\n|player|p1|TaxEveAsian|101|1719\n|player|p2|Burnt Bright|226|1758\n|teamsize|p1|6\n|teamsize|p2|6\n|gametype|singles\n|gen|8\n|tier|[Gen 8] OU\n|rated|\n|clearpoke\n|poke|p1|Torkoal, F|\n|poke|p1|Venusaur, F|\n|poke|p1|Darmanitan, M|\n|poke|p1|Seismitoad, M|\n|poke|p1|Corviknight, F|\n|poke|p1|Zeraora|\n|poke|p2|Seismitoad, F|\n|poke|p2|Zeraora|\n|poke|p2|Mandibuzz, F|\n|poke|p2|Conkeldurr, F|\n|poke|p2|Mamoswine, F|\n|poke|p2|Aegislash, F|\n|rule|Sleep Clause Mod: Limit one foe put to sleep\n|rule|Species Clause: Limit one of each Pok\u00e9mon\n|rule|OHKO Clause: OHKO moves are banned\n|rule|Evasion Moves Clause: Evasion moves are banned\n|rule|Endless Battle Clause: Forcing endless battles is banned\n|rule|HP Percentage Mod: HP is shown in percentages\n|rule|Dynamax Clause: You cannot dynamax\n|teampreview\n|inactive|Battle timer is ON: inactive players will automatically lose when time's up. (requested by TaxEveAsian)\n|j| tapu moxo\n|inactive|TaxEveAsian has 120 seconds left.\n|\n|start\n|switch|p1a: Torkoal|Torkoal, F|100\/100\n|switch|p2a: Conkeldurr|Conkeldurr, F|100\/100\n|-weather|SunnyDay|[from] ability: Drought|[of] p1a: Torkoal\n|turn|1\n|\n|move|p2a: Conkeldurr|Knock Off|p1a: Torkoal\n|-damage|p1a: Torkoal|78\/100\n|-enditem|p1a: Torkoal|Heat Rock|[from] move: Knock Off|[of] p2a: Conkeldurr\n|move|p1a: Torkoal|Lava Plume|p2a: Conkeldurr\n|-damage|p2a: Conkeldurr|50\/100\n|\n|-weather|SunnyDay|[upkeep]\n|-status|p2a: Conkeldurr|brn|[from] item: Flame Orb\n|upkeep\n|turn|2\n|\n|switch|p1a: Venusaur|Venusaur, F|100\/100\n|move|p2a: Conkeldurr|Facade|p1a: Venusaur\n|-damage|p1a: Venusaur|0 fnt\n|faint|p1a: Venusaur\n|\n|-weather|SunnyDay|[upkeep]\n|-damage|p2a: Conkeldurr|44\/100 brn|[from] brn\n|upkeep\n|\n|switch|p1a: Zeraora|Zeraora|100\/100\n|turn|3\n|\n|move|p2a: Conkeldurr|Mach Punch|p1a: Zeraora\n|-damage|p1a: Zeraora|44\/100\n|move|p1a: Zeraora|Close Combat|p2a: Conkeldurr\n|-damage|p2a: Conkeldurr|0 fnt\n|-unboost|p1a: Zeraora|def|1\n|-unboost|p1a: Zeraora|spd|1\n|faint|p2a: Conkeldurr\n|\n|-weather|SunnyDay|[upkeep]\n|upkeep\n|\n|switch|p2a: Zeraora|Zeraora|100\/100\n|turn|4\n|\n|move|p1a: Zeraora|Close Combat|p2a: Zeraora\n|-damage|p2a: Zeraora|30\/100\n|-unboost|p1a: Zeraora|def|1\n|-unboost|p1a: Zeraora|spd|1\n|move|p2a: Zeraora|Knock Off|p1a: Zeraora\n|-damage|p1a: Zeraora|0 fnt\n|-enditem|p1a: Zeraora|Choice Band|[from] move: Knock Off|[of] p2a: Zeraora\n|faint|p1a: Zeraora\n|\n|-weather|SunnyDay|[upkeep]\n|-heal|p2a: Zeraora|36\/100|[from] item: Leftovers\n|upkeep\n|\n|switch|p1a: Darmanitan|Darmanitan, M|100\/100\n|turn|5\n|\n|move|p1a: Darmanitan|Flare Blitz|p2a: Zeraora\n|-damage|p2a: Zeraora|0 fnt\n|-damage|p1a: Darmanitan|90\/100|[from] Recoil\n|faint|p2a: Zeraora\n|\n|-weather|SunnyDay|[upkeep]\n|upkeep\n|\n|switch|p2a: Seismitoad|Seismitoad, F|100\/100\n|turn|6\n|\n|switch|p1a: Corviknight|Corviknight, F|100\/100\n|-ability|p1a: Corviknight|Pressure\n|move|p2a: Seismitoad|Stealth Rock|p1a: Corviknight\n|-sidestart|p1: TaxEveAsian|move: Stealth Rock\n|\n|-weather|SunnyDay|[upkeep]\n|upkeep\n|turn|7\n|\n|switch|p2a: Aegislash|Aegislash, F|100\/100\n|move|p1a: Corviknight|Bulk Up|p1a: Corviknight\n|-boost|p1a: Corviknight|atk|1\n|-boost|p1a: Corviknight|def|1\n|\n|-weather|SunnyDay|[upkeep]\n|upkeep\n|turn|8\n|\n|move|p2a: Aegislash|Substitute|p2a: Aegislash\n|-start|p2a: Aegislash|Substitute\n|-damage|p2a: Aegislash|76\/100\n|move|p1a: Corviknight|Bulk Up|p1a: Corviknight\n|-boost|p1a: Corviknight|atk|1\n|-boost|p1a: Corviknight|def|1\n|\n|-weather|none\n|upkeep\n|turn|9\n|\n|-formechange|p2a: Aegislash|Aegislash-Blade||[from] ability: Stance Change\n|move|p2a: Aegislash|Shadow Ball|p1a: Corviknight\n|-damage|p1a: Corviknight|57\/100\n|move|p1a: Corviknight|Bulk Up|p1a: Corviknight\n|-boost|p1a: Corviknight|atk|1\n|-boost|p1a: Corviknight|def|1\n|\n|-heal|p1a: Corviknight|63\/100|[from] item: Leftovers\n|upkeep\n|turn|10\n|\n|move|p2a: Aegislash|Shadow Ball|p1a: Corviknight\n|-damage|p1a: Corviknight|22\/100\n|move|p1a: Corviknight|Roost|p1a: Corviknight\n|-heal|p1a: Corviknight|72\/100\n|-singleturn|p1a: Corviknight|move: Roost\n|\n|-heal|p1a: Corviknight|78\/100|[from] item: Leftovers\n|upkeep\n|turn|11\n|\n|move|p2a: Aegislash|Shadow Ball|p1a: Corviknight\n|-damage|p1a: Corviknight|34\/100\n|move|p1a: Corviknight|Roost|p1a: Corviknight\n|-heal|p1a: Corviknight|84\/100\n|-singleturn|p1a: Corviknight|move: Roost\n|\n|-heal|p1a: Corviknight|90\/100|[from] item: Leftovers\n|upkeep\n|turn|12\n|\n|move|p2a: Aegislash|Shadow Ball|p1a: Corviknight\n|-damage|p1a: Corviknight|50\/100\n|move|p1a: Corviknight|Brave Bird|p2a: Aegislash\n|-resisted|p2a: Aegislash\n|-end|p2a: Aegislash|Substitute\n|-damage|p1a: Corviknight|44\/100|[from] Recoil|[of] p2a: Aegislash\n|\n|-heal|p1a: Corviknight|50\/100|[from] item: Leftovers\n|upkeep\n|turn|13\n|\n|move|p2a: Aegislash|Shadow Ball|p1a: Corviknight\n|-damage|p1a: Corviknight|9\/100\n|move|p1a: Corviknight|Roost|p1a: Corviknight\n|-heal|p1a: Corviknight|59\/100\n|-singleturn|p1a: Corviknight|move: Roost\n|\n|-heal|p1a: Corviknight|65\/100|[from] item: Leftovers\n|upkeep\n|turn|14\n|\n|move|p2a: Aegislash|Shadow Ball|p1a: Corviknight\n|-damage|p1a: Corviknight|20\/100\n|move|p1a: Corviknight|Brave Bird|p2a: Aegislash\n|-resisted|p2a: Aegislash\n|-damage|p2a: Aegislash|0 fnt\n|-damage|p1a: Corviknight|2\/100|[from] Recoil\n|faint|p2a: Aegislash\n|\n|-heal|p1a: Corviknight|9\/100|[from] item: Leftovers\n|upkeep\n|\n|switch|p2a: Mamoswine|Mamoswine, F|100\/100\n|turn|15\n|\n|move|p2a: Mamoswine|Icicle Crash|p1a: Corviknight\n|-damage|p1a: Corviknight|0 fnt\n|-damage|p2a: Mamoswine|91\/100|[from] item: Life Orb\n|faint|p1a: Corviknight\n|\n|upkeep\n|\n|switch|p1a: Seismitoad|Seismitoad, M|100\/100\n|-damage|p1a: Seismitoad|94\/100|[from] Stealth Rock\n|turn|16\n|\n|switch|p2a: Mandibuzz|Mandibuzz, F|100\/100\n|move|p1a: Seismitoad|Scald|p2a: Mandibuzz\n|-damage|p2a: Mandibuzz|86\/100\n|\n|-heal|p1a: Seismitoad|100\/100|[from] item: Leftovers\n|upkeep\n|turn|17\n|\n|move|p2a: Mandibuzz|Foul Play|p1a: Seismitoad\n|-damage|p1a: Seismitoad|79\/100\n|move|p1a: Seismitoad|Toxic|p2a: Mandibuzz|[miss]\n|-miss|p1a: Seismitoad|p2a: Mandibuzz\n|\n|-heal|p1a: Seismitoad|85\/100|[from] item: Leftovers\n|upkeep\n|turn|18\n|\n|move|p2a: Mandibuzz|Foul Play|p1a: Seismitoad\n|-damage|p1a: Seismitoad|66\/100\n|move|p1a: Seismitoad|Toxic|p2a: Mandibuzz\n|-status|p2a: Mandibuzz|tox\n|\n|-heal|p1a: Seismitoad|72\/100|[from] item: Leftovers\n|-damage|p2a: Mandibuzz|80\/100 tox|[from] psn\n|upkeep\n|turn|19\n|\n|move|p2a: Mandibuzz|Foul Play|p1a: Seismitoad\n|-damage|p1a: Seismitoad|54\/100\n|move|p1a: Seismitoad|Stealth Rock|p2a: Mandibuzz\n|-sidestart|p2: Burnt Bright|move: Stealth Rock\n|\n|-heal|p1a: Seismitoad|60\/100|[from] item: Leftovers\n|-damage|p2a: Mandibuzz|68\/100 tox|[from] psn\n|upkeep\n|turn|20\n|\n|switch|p1a: Torkoal|Torkoal, F|78\/100\n|-damage|p1a: Torkoal|53\/100|[from] Stealth Rock\n|-weather|SunnyDay|[from] ability: Drought|[of] p1a: Torkoal\n|move|p2a: Mandibuzz|Foul Play|p1a: Torkoal\n|-damage|p1a: Torkoal|42\/100\n|\n|-weather|SunnyDay|[upkeep]\n|-damage|p2a: Mandibuzz|49\/100 tox|[from] psn\n|upkeep\n|turn|21\n|\n|move|p2a: Mandibuzz|Foul Play|p1a: Torkoal\n|-damage|p1a: Torkoal|29\/100\n|move|p1a: Torkoal|Lava Plume|p2a: Mandibuzz\n|-damage|p2a: Mandibuzz|24\/100 tox\n|\n|-weather|SunnyDay|[upkeep]\n|-damage|p2a: Mandibuzz|0 fnt|[from] psn\n|faint|p2a: Mandibuzz\n|upkeep\n|\n|switch|p2a: Seismitoad|Seismitoad, F|100\/100\n|-damage|p2a: Seismitoad|94\/100|[from] Stealth Rock\n|turn|22\n|\n|move|p2a: Seismitoad|Earth Power|p1a: Torkoal\n|-supereffective|p1a: Torkoal\n|-damage|p1a: Torkoal|0 fnt\n|faint|p1a: Torkoal\n|\n|-weather|SunnyDay|[upkeep]\n|-heal|p2a: Seismitoad|100\/100|[from] item: Leftovers\n|upkeep\n|\n|switch|p1a: Seismitoad|Seismitoad, M|60\/100\n|-damage|p1a: Seismitoad|54\/100|[from] Stealth Rock\n|turn|23\n|\n|move|p2a: Seismitoad|Earth Power|p1a: Seismitoad\n|-damage|p1a: Seismitoad|30\/100\n|move|p1a: Seismitoad|Earth Power|p2a: Seismitoad\n|-damage|p2a: Seismitoad|70\/100\n|\n|-weather|SunnyDay|[upkeep]\n|-heal|p2a: Seismitoad|76\/100|[from] item: Leftovers\n|-heal|p1a: Seismitoad|36\/100|[from] item: Leftovers\n|upkeep\n|turn|24\n|\n|move|p2a: Seismitoad|Earth Power|p1a: Seismitoad\n|-damage|p1a: Seismitoad|13\/100\n|move|p1a: Seismitoad|Earth Power|p2a: Seismitoad\n|-damage|p2a: Seismitoad|49\/100\n|\n|-weather|none\n|-heal|p2a: Seismitoad|55\/100|[from] item: Leftovers\n|-heal|p1a: Seismitoad|19\/100|[from] item: Leftovers\n|upkeep\n|turn|25\n|\n|move|p2a: Seismitoad|Earth Power|p1a: Seismitoad\n|-damage|p1a: Seismitoad|0 fnt\n|faint|p1a: Seismitoad\n|\n|-heal|p2a: Seismitoad|61\/100|[from] item: Leftovers\n|upkeep\n|\n|switch|p1a: Darmanitan|Darmanitan, M|90\/100\n|-damage|p1a: Darmanitan|65\/100|[from] Stealth Rock\n|turn|26\n|\n|move|p1a: Darmanitan|Flare Blitz|p2a: Seismitoad\n|-resisted|p2a: Seismitoad\n|-damage|p2a: Seismitoad|31\/100\n|-damage|p1a: Darmanitan|53\/100|[from] Recoil\n|move|p2a: Seismitoad|Earth Power|p1a: Darmanitan\n|-supereffective|p1a: Darmanitan\n|-damage|p1a: Darmanitan|0 fnt\n|faint|p1a: Darmanitan\n|\n|win|Burnt Bright\n|l|\u2606TaxEveAsian\n|c|\u2606Burnt Bright|gg\n","uploadtime":1587587502,"views":11,"p1id":"taxeveasian","p2id":"burntbright","formatid":"gen8ou","rating":0,"private":0,"password":null}