{"id":"gen8ou-1638899825","p1":"LT93OQ Futility","p2":"It's Frank","format":"gen8ou","log":"|raw|<div class=\"broadcast-blue\"><strong>This battle is required to be public due to a player having a name starting with 'lt93oq'.<\/div>\n|j|\u2606LT93OQ Futility\n|j|\u2606It's Frank\n|t:|1660410998\n|gametype|singles\n|player|p1|LT93OQ Futility|cynthia-gen4|1716\n|player|p2|It's Frank|265|1772\n|teamsize|p1|6\n|teamsize|p2|6\n|gen|8\n|tier|[Gen 8] OU\n|rated|\n|rule|Sleep Clause Mod: Limit one foe put to sleep\n|rule|Species Clause: Limit one of each Pok\u00e9mon\n|rule|OHKO Clause: OHKO moves are banned\n|rule|Evasion Items Clause: Evasion items are banned\n|rule|Evasion Moves Clause: Evasion moves are banned\n|rule|Endless Battle Clause: Forcing endless battles is banned\n|rule|HP Percentage Mod: HP is shown in percentages\n|rule|Dynamax Clause: You cannot dynamax\n|clearpoke\n|poke|p1|Garchomp, F|\n|poke|p1|Slowbro, F|\n|poke|p1|Tornadus-Therian, M|\n|poke|p1|Melmetal|\n|poke|p1|Blaziken, F|\n|poke|p1|Rillaboom, F|\n|poke|p2|Victini|\n|poke|p2|Torkoal, F|\n|poke|p2|Landorus-Therian, M|\n|poke|p2|Heatran, M|\n|poke|p2|Venusaur, F|\n|poke|p2|Tapu Koko|\n|teampreview\n|inactive|Battle timer is ON: inactive players will automatically lose when time's up. (requested by LT93OQ Futility)\n|\n|t:|1660411009\n|start\n|switch|p1a: Garchomp|Garchomp, F|100\/100\n|switch|p2a: Torkoal|Torkoal, F|100\/100\n|-weather|SunnyDay|[from] ability: Drought|[of] p2a: Torkoal\n|turn|1\n|\n|t:|1660411018\n|move|p1a: Garchomp|Stealth Rock|p2a: Torkoal\n|-sidestart|p2: It's Frank|move: Stealth Rock\n|move|p2a: Torkoal|Stealth Rock|p1a: Garchomp\n|-sidestart|p1: LT93OQ Futility|move: Stealth Rock\n|\n|-weather|SunnyDay|[upkeep]\n|upkeep\n|turn|2\n|\n|t:|1660411022\n|switch|p2a: Landorus|Landorus-Therian, M|100\/100\n|-damage|p2a: Landorus|88\/100|[from] Stealth Rock\n|-ability|p2a: Landorus|Intimidate|boost\n|-unboost|p1a: Garchomp|atk|1\n|move|p1a: Garchomp|Toxic|p2a: Landorus\n|-status|p2a: Landorus|tox\n|\n|-weather|SunnyDay|[upkeep]\n|-damage|p2a: Landorus|82\/100 tox|[from] psn\n|upkeep\n|turn|3\n|\n|t:|1660411030\n|switch|p1a: Tornadus|Tornadus-Therian, M|100\/100\n|move|p2a: Landorus|U-turn|p1a: Tornadus\n|-resisted|p1a: Tornadus\n|-damage|p1a: Tornadus|88\/100\n|\n|t:|1660411037\n|switch|p2a: Tapu Koko|Tapu Koko, shiny|100\/100|[from]move: U-turn\n|-fieldstart|move: Electric Terrain|[from] ability: Electric Surge|[of] p2a: Tapu Koko\n|\n|-weather|SunnyDay|[upkeep]\n|upkeep\n|turn|4\n|\n|t:|1660411047\n|switch|p1a: Garchomp|Garchomp, F|100\/100\n|-damage|p1a: Garchomp|94\/100|[from] Stealth Rock\n|move|p2a: Tapu Koko|U-turn|p1a: Garchomp\n|-damage|p1a: Garchomp|81\/100\n|-damage|p2a: Tapu Koko|88\/100|[from] ability: Rough Skin|[of] p1a: Garchomp\n|j| myjava\n|j| tapu moxo\n|j| arnavgupta\n|inactive|It's Frank has 120 seconds left.\n|\n|t:|1660411078\n|switch|p2a: Heatran|Heatran, M|100\/100|[from]move: U-turn\n|-damage|p2a: Heatran|88\/100|[from] Stealth Rock\n|-item|p2a: Heatran|Air Balloon\n|\n|-weather|SunnyDay|[upkeep]\n|-heal|p1a: Garchomp|87\/100|[from] item: Leftovers\n|upkeep\n|turn|5\n|j| Tony2oprano\n|\n|t:|1660411097\n|move|p1a: Garchomp|Protect|p1a: Garchomp\n|-singleturn|p1a: Garchomp|Protect\n|move|p2a: Heatran|Magma Storm|p1a: Garchomp\n|-activate|p1a: Garchomp|move: Protect\n|\n|-weather|SunnyDay|[upkeep]\n|-heal|p1a: Garchomp|94\/100|[from] item: Leftovers\n|upkeep\n|turn|6\n|\n|t:|1660411115\n|switch|p1a: Blaziken|Blaziken, F|100\/100\n|-damage|p1a: Blaziken|88\/100|[from] Stealth Rock\n|move|p2a: Heatran|Magma Storm|p1a: Blaziken\n|-resisted|p1a: Blaziken\n|-damage|p1a: Blaziken|27\/100\n|-activate|p1a: Blaziken|move: Magma Storm|[of] p2a: Heatran\n|\n|-weather|SunnyDay|[upkeep]\n|-heal|p1a: Blaziken|33\/100|[from] item: Leftovers\n|-damage|p1a: Blaziken|20\/100|[from] move: Magma Storm|[partiallytrapped]\n|upkeep\n|turn|7\n|\n|t:|1660411130\n|switch|p2a: Landorus|Landorus-Therian, M|82\/100 tox\n|-damage|p2a: Landorus|70\/100 tox|[from] Stealth Rock\n|-ability|p2a: Landorus|Intimidate|boost\n|-unboost|p1a: Blaziken|atk|1\n|move|p1a: Blaziken|Protect||[still]\n|-fail|p1a: Blaziken\n|\n|-weather|SunnyDay|[upkeep]\n|-heal|p1a: Blaziken|27\/100|[from] item: Leftovers\n|-damage|p2a: Landorus|64\/100 tox|[from] psn\n|-end|p1a: Blaziken|Magma Storm|[partiallytrapped]|[silent]\n|-fieldend|move: Electric Terrain\n|-ability|p1a: Blaziken|Speed Boost|boost\n|-boost|p1a: Blaziken|spe|1\n|upkeep\n|turn|8\n|\n|t:|1660411134\n|move|p1a: Blaziken|Protect|p1a: Blaziken\n|-singleturn|p1a: Blaziken|Protect\n|move|p2a: Landorus|Earthquake|p1a: Blaziken\n|-activate|p1a: Blaziken|move: Protect\n|\n|-weather|none\n|-heal|p1a: Blaziken|33\/100|[from] item: Leftovers\n|-damage|p2a: Landorus|52\/100 tox|[from] psn\n|-ability|p1a: Blaziken|Speed Boost|boost\n|-boost|p1a: Blaziken|spe|1\n|upkeep\n|turn|9\n|\n|t:|1660411162\n|switch|p1a: Tornadus|Tornadus-Therian, M|100\/100\n|move|p2a: Landorus|Toxic|p1a: Tornadus|[miss]\n|-miss|p2a: Landorus|p1a: Tornadus\n|\n|-damage|p2a: Landorus|34\/100 tox|[from] psn\n|upkeep\n|turn|10\n|\n|t:|1660411167\n|move|p1a: Tornadus|Knock Off|p2a: Landorus\n|-damage|p2a: Landorus|14\/100 tox\n|-enditem|p2a: Landorus|Eject Button|[from] move: Knock Off|[of] p1a: Tornadus\n|move|p2a: Landorus|U-turn|p1a: Tornadus\n|-resisted|p1a: Tornadus\n|-damage|p1a: Tornadus|89\/100\n|\n|t:|1660411171\n|switch|p2a: Tapu Koko|Tapu Koko, shiny|88\/100|[from]move: U-turn\n|-fieldstart|move: Electric Terrain|[from] ability: Electric Surge|[of] p2a: Tapu Koko\n|\n|upkeep\n|turn|11\n|\n|t:|1660411176\n|move|p2a: Tapu Koko|U-turn|p1a: Tornadus\n|-resisted|p1a: Tornadus\n|-crit|p1a: Tornadus\n|-damage|p1a: Tornadus|77\/100\n|j| Pepega Trainer\n|\n|t:|1660411178\n|switch|p2a: Landorus|Landorus-Therian, M|14\/100 tox|[from]move: U-turn\n|-damage|p2a: Landorus|2\/100 tox|[from] Stealth Rock\n|-ability|p2a: Landorus|Intimidate|boost\n|-unboost|p1a: Tornadus|atk|1\n|move|p1a: Tornadus|U-turn|p2a: Landorus\n|-resisted|p2a: Landorus\n|-damage|p2a: Landorus|0 fnt\n|faint|p2a: Landorus\n|\n|t:|1660411194\n|switch|p1a: Garchomp|Garchomp, F|94\/100|[from]move: U-turn\n|-damage|p1a: Garchomp|87\/100|[from] Stealth Rock\n|\n|-heal|p1a: Garchomp|94\/100|[from] item: Leftovers\n|upkeep\n|l| Pepega Trainer\n|\n|t:|1660411204\n|switch|p2a: Heatran|Heatran, M|88\/100\n|-damage|p2a: Heatran|76\/100|[from] Stealth Rock\n|-item|p2a: Heatran|Air Balloon\n|turn|12\n|\n|t:|1660411210\n|move|p1a: Garchomp|Protect|p1a: Garchomp\n|-singleturn|p1a: Garchomp|Protect\n|move|p2a: Heatran|Magma Storm|p1a: Garchomp\n|-activate|p1a: Garchomp|move: Protect\n|\n|-heal|p1a: Garchomp|99\/100|[from] item: Leftovers\n|upkeep\n|turn|13\n|\n|t:|1660411217\n|switch|p1a: Tornadus|Tornadus-Therian, M|100\/100\n|move|p2a: Heatran|Magma Storm|p1a: Tornadus\n|-damage|p1a: Tornadus|46\/100\n|-activate|p1a: Tornadus|move: Magma Storm|[of] p2a: Heatran\n|\n|-damage|p1a: Tornadus|34\/100|[from] move: Magma Storm|[partiallytrapped]\n|upkeep\n|turn|14\n|\n|t:|1660411225\n|move|p1a: Tornadus|U-turn|p2a: Heatran\n|-resisted|p2a: Heatran\n|-damage|p2a: Heatran|72\/100\n|-enditem|p2a: Heatran|Air Balloon\n|\n|t:|1660411238\n|switch|p1a: Garchomp|Garchomp, F|99\/100|[from]move: U-turn\n|-damage|p1a: Garchomp|94\/100|[from] Stealth Rock\n|move|p2a: Heatran|Magma Storm|p1a: Garchomp\n|-resisted|p1a: Garchomp\n|-damage|p1a: Garchomp|75\/100\n|-activate|p1a: Garchomp|move: Magma Storm|[of] p2a: Heatran\n|\n|-heal|p1a: Garchomp|82\/100|[from] item: Leftovers\n|-damage|p1a: Garchomp|69\/100|[from] move: Magma Storm|[partiallytrapped]\n|-fieldend|move: Electric Terrain\n|upkeep\n|turn|15\n|\n|t:|1660411251\n|move|p2a: Heatran|Earth Power|p1a: Garchomp\n|-damage|p1a: Garchomp|46\/100\n|move|p1a: Garchomp|Earthquake|p2a: Heatran\n|-supereffective|p2a: Heatran\n|-damage|p2a: Heatran|0 fnt\n|faint|p2a: Heatran\n|\n|-heal|p1a: Garchomp|52\/100|[from] item: Leftovers\n|-end|p1a: Garchomp|Magma Storm|[partiallytrapped]|[silent]\n|upkeep\n|\n|t:|1660411265\n|switch|p2a: Victini|Victini|100\/100\n|-damage|p2a: Victini|76\/100|[from] Stealth Rock\n|turn|16\n|\n|t:|1660411270\n|move|p1a: Garchomp|Protect|p1a: Garchomp\n|-singleturn|p1a: Garchomp|Protect\n|move|p2a: Victini|Will-O-Wisp|p1a: Garchomp\n|-activate|p1a: Garchomp|move: Protect\n|\n|-heal|p1a: Garchomp|59\/100|[from] item: Leftovers\n|upkeep\n|turn|17\n|\n|t:|1660411282\n|switch|p1a: Tornadus|Tornadus-Therian, M|67\/100\n|move|p2a: Victini|U-turn|p1a: Tornadus\n|-resisted|p1a: Tornadus\n|-damage|p1a: Tornadus|56\/100\n|\n|t:|1660411284\n|switch|p2a: Tapu Koko|Tapu Koko, shiny|88\/100|[from]move: U-turn\n|-fieldstart|move: Electric Terrain|[from] ability: Electric Surge|[of] p2a: Tapu Koko\n|\n|upkeep\n|turn|18\n|\n|t:|1660411288\n|switch|p1a: Rillaboom|Rillaboom, F|100\/100\n|-damage|p1a: Rillaboom|88\/100|[from] Stealth Rock\n|-fieldstart|move: Grassy Terrain|[from] ability: Grassy Surge|[of] p1a: Rillaboom\n|move|p2a: Tapu Koko|Thunderbolt|p1a: Rillaboom\n|-resisted|p1a: Rillaboom\n|-damage|p1a: Rillaboom|68\/100\n|\n|-heal|p2a: Tapu Koko|94\/100|[from] Grassy Terrain\n|-heal|p1a: Rillaboom|74\/100|[from] Grassy Terrain\n|-heal|p1a: Rillaboom|80\/100|[from] item: Leftovers\n|upkeep\n|turn|19\n|\n|t:|1660411297\n|switch|p2a: Torkoal|Torkoal, F|100\/100\n|-damage|p2a: Torkoal|76\/100|[from] Stealth Rock\n|-weather|SunnyDay|[from] ability: Drought|[of] p2a: Torkoal\n|move|p1a: Rillaboom|Knock Off|p2a: Torkoal\n|-damage|p2a: Torkoal|56\/100\n|-enditem|p2a: Torkoal|Heat Rock|[from] move: Knock Off|[of] p1a: Rillaboom\n|\n|-weather|SunnyDay|[upkeep]\n|-heal|p1a: Rillaboom|87\/100|[from] Grassy Terrain\n|-heal|p1a: Rillaboom|93\/100|[from] item: Leftovers\n|-heal|p2a: Torkoal|62\/100|[from] Grassy Terrain\n|upkeep\n|turn|20\n|\n|t:|1660411308\n|switch|p1a: Blaziken|Blaziken, F|33\/100\n|-damage|p1a: Blaziken|20\/100|[from] Stealth Rock\n|move|p2a: Torkoal|Yawn|p1a: Blaziken\n|-start|p1a: Blaziken|move: Yawn|[of] p2a: Torkoal\n|\n|-weather|SunnyDay|[upkeep]\n|-heal|p1a: Blaziken|27\/100|[from] Grassy Terrain\n|-heal|p1a: Blaziken|33\/100|[from] item: Leftovers\n|-heal|p2a: Torkoal|68\/100|[from] Grassy Terrain\n|upkeep\n|turn|21\n|\n|t:|1660411315\n|switch|p1a: Garchomp|Garchomp, F|59\/100\n|-damage|p1a: Garchomp|52\/100|[from] Stealth Rock\n|switch|p2a: Venusaur|Venusaur, F, shiny|100\/100\n|-damage|p2a: Venusaur|88\/100|[from] Stealth Rock\n|\n|-weather|SunnyDay|[upkeep]\n|-heal|p2a: Venusaur|94\/100|[from] Grassy Terrain\n|-heal|p1a: Garchomp|59\/100|[from] Grassy Terrain\n|-heal|p1a: Garchomp|65\/100|[from] item: Leftovers\n|upkeep\n|turn|22\n|\n|t:|1660411322\n|move|p1a: Garchomp|Protect|p1a: Garchomp\n|-singleturn|p1a: Garchomp|Protect\n|move|p2a: Venusaur|Growth|p2a: Venusaur\n|-boost|p2a: Venusaur|atk|2\n|-boost|p2a: Venusaur|spa|2\n|\n|-weather|SunnyDay|[upkeep]\n|-heal|p2a: Venusaur|99\/100|[from] Grassy Terrain\n|-heal|p1a: Garchomp|71\/100|[from] Grassy Terrain\n|-heal|p1a: Garchomp|77\/100|[from] item: Leftovers\n|-fieldend|move: Grassy Terrain\n|upkeep\n|turn|23\n|\n|t:|1660411337\n|switch|p1a: Melmetal|Melmetal|100\/100\n|-damage|p1a: Melmetal|94\/100|[from] Stealth Rock\n|move|p2a: Venusaur|Weather Ball|p1a: Melmetal\n|-supereffective|p1a: Melmetal\n|-damage|p1a: Melmetal|0 fnt\n|faint|p1a: Melmetal\n|-damage|p2a: Venusaur|90\/100|[from] item: Life Orb\n|\n|-weather|SunnyDay|[upkeep]\n|upkeep\n|\n|t:|1660411344\n|switch|p1a: Blaziken|Blaziken, F|33\/100\n|-damage|p1a: Blaziken|20\/100|[from] Stealth Rock\n|turn|24\n|\n|t:|1660411348\n|move|p1a: Blaziken|Protect|p1a: Blaziken\n|-singleturn|p1a: Blaziken|Protect\n|move|p2a: Venusaur|Giga Drain|p1a: Blaziken\n|-activate|p1a: Blaziken|move: Protect\n|\n|-weather|SunnyDay|[upkeep]\n|-heal|p1a: Blaziken|27\/100|[from] item: Leftovers\n|-ability|p1a: Blaziken|Speed Boost|boost\n|-boost|p1a: Blaziken|spe|1\n|upkeep\n|turn|25\n|\n|t:|1660411358\n|move|p1a: Blaziken|Protect||[still]\n|-fail|p1a: Blaziken\n|move|p2a: Venusaur|Sludge Bomb|p1a: Blaziken\n|-damage|p1a: Blaziken|0 fnt\n|faint|p1a: Blaziken\n|-damage|p2a: Venusaur|80\/100|[from] item: Life Orb\n|\n|-weather|SunnyDay|[upkeep]\n|upkeep\n|\n|t:|1660411367\n|switch|p1a: Slowbro|Slowbro, F|100\/100\n|-damage|p1a: Slowbro|88\/100|[from] Stealth Rock\n|turn|26\n|\n|t:|1660411373\n|switch|p1a: Tornadus|Tornadus-Therian, M|89\/100\n|move|p2a: Venusaur|Giga Drain|p1a: Tornadus\n|-resisted|p1a: Tornadus\n|-damage|p1a: Tornadus|41\/100\n|-heal|p2a: Venusaur|100\/100|[from] drain|[of] p1a: Tornadus\n|-damage|p2a: Venusaur|91\/100|[from] item: Life Orb\n|\n|-weather|none\n|upkeep\n|turn|27\n|\n|t:|1660411380\n|switch|p2a: Tapu Koko|Tapu Koko, shiny|94\/100\n|-fieldstart|move: Electric Terrain|[from] ability: Electric Surge|[of] p2a: Tapu Koko\n|move|p1a: Tornadus|Heat Wave|p2a: Tapu Koko\n|-damage|p2a: Tapu Koko|61\/100\n|\n|upkeep\n|turn|28\n|\n|t:|1660411390\n|switch|p1a: Rillaboom|Rillaboom, F|93\/100\n|-damage|p1a: Rillaboom|80\/100|[from] Stealth Rock\n|-fieldstart|move: Grassy Terrain|[from] ability: Grassy Surge|[of] p1a: Rillaboom\n|move|p2a: Tapu Koko|Thunderbolt|p1a: Rillaboom\n|-resisted|p1a: Rillaboom\n|-damage|p1a: Rillaboom|58\/100\n|\n|-heal|p2a: Tapu Koko|67\/100|[from] Grassy Terrain\n|-heal|p1a: Rillaboom|65\/100|[from] Grassy Terrain\n|-heal|p1a: Rillaboom|71\/100|[from] item: Leftovers\n|upkeep\n|turn|29\n|\n|t:|1660411398\n|switch|p2a: Torkoal|Torkoal, F|68\/100\n|-damage|p2a: Torkoal|44\/100|[from] Stealth Rock\n|-weather|SunnyDay|[from] ability: Drought|[of] p2a: Torkoal\n|move|p1a: Rillaboom|Swords Dance|p1a: Rillaboom\n|-boost|p1a: Rillaboom|atk|2\n|\n|-weather|SunnyDay|[upkeep]\n|-heal|p1a: Rillaboom|77\/100|[from] Grassy Terrain\n|-heal|p1a: Rillaboom|83\/100|[from] item: Leftovers\n|-heal|p2a: Torkoal|50\/100|[from] Grassy Terrain\n|upkeep\n|turn|30\n|\n|t:|1660411407\n|move|p1a: Rillaboom|Drain Punch|p2a: Torkoal\n|-damage|p2a: Torkoal|18\/100\n|-heal|p1a: Rillaboom|97\/100|[from] drain|[of] p2a: Torkoal\n|move|p2a: Torkoal|Lava Plume|p1a: Rillaboom\n|-supereffective|p1a: Rillaboom\n|-damage|p1a: Rillaboom|13\/100\n|\n|-weather|SunnyDay|[upkeep]\n|-heal|p1a: Rillaboom|19\/100|[from] Grassy Terrain\n|-heal|p1a: Rillaboom|25\/100|[from] item: Leftovers\n|-heal|p2a: Torkoal|24\/100|[from] Grassy Terrain\n|upkeep\n|turn|31\n|\n|t:|1660411413\n|move|p1a: Rillaboom|Drain Punch|p2a: Torkoal\n|-damage|p2a: Torkoal|0 fnt\n|-heal|p1a: Rillaboom|36\/100|[from] drain|[of] p2a: Torkoal\n|faint|p2a: Torkoal\n|\n|-weather|SunnyDay|[upkeep]\n|-heal|p1a: Rillaboom|42\/100|[from] Grassy Terrain\n|-heal|p1a: Rillaboom|48\/100|[from] item: Leftovers\n|upkeep\n|\n|t:|1660411416\n|switch|p2a: Venusaur|Venusaur, F, shiny|91\/100\n|-damage|p2a: Venusaur|78\/100|[from] Stealth Rock\n|turn|32\n|\n|t:|1660411421\n|move|p1a: Rillaboom|Grassy Glide|p2a: Venusaur\n|-resisted|p2a: Venusaur\n|-damage|p2a: Venusaur|46\/100\n|move|p2a: Venusaur|Weather Ball|p1a: Rillaboom\n|-supereffective|p1a: Rillaboom\n|-damage|p1a: Rillaboom|0 fnt\n|faint|p1a: Rillaboom\n|-damage|p2a: Venusaur|36\/100|[from] item: Life Orb\n|\n|-weather|SunnyDay|[upkeep]\n|-heal|p2a: Venusaur|42\/100|[from] Grassy Terrain\n|-fieldend|move: Grassy Terrain\n|upkeep\n|j| Celtis\n|\n|t:|1660411430\n|switch|p1a: Garchomp|Garchomp, F|77\/100\n|-damage|p1a: Garchomp|71\/100|[from] Stealth Rock\n|turn|33\n|\n|t:|1660411436\n|move|p1a: Garchomp|Protect|p1a: Garchomp\n|-singleturn|p1a: Garchomp|Protect\n|move|p2a: Venusaur|Growth|p2a: Venusaur\n|-boost|p2a: Venusaur|atk|2\n|-boost|p2a: Venusaur|spa|2\n|\n|-weather|none\n|-heal|p1a: Garchomp|77\/100|[from] item: Leftovers\n|upkeep\n|turn|34\n|\n|t:|1660411440\n|move|p2a: Venusaur|Giga Drain|p1a: Garchomp\n|-damage|p1a: Garchomp|20\/100\n|-heal|p2a: Venusaur|82\/100|[from] drain|[of] p1a: Garchomp\n|-damage|p2a: Venusaur|72\/100|[from] item: Life Orb\n|move|p1a: Garchomp|Earthquake|p2a: Venusaur\n|-damage|p2a: Venusaur|11\/100\n|\n|-heal|p1a: Garchomp|26\/100|[from] item: Leftovers\n|upkeep\n|turn|35\n|\n|t:|1660411445\n|switch|p1a: Tornadus|Tornadus-Therian, M|74\/100\n|move|p2a: Venusaur|Giga Drain|p1a: Tornadus\n|-resisted|p1a: Tornadus\n|-damage|p1a: Tornadus|26\/100\n|-heal|p2a: Venusaur|40\/100|[from] drain|[of] p1a: Tornadus\n|-damage|p2a: Venusaur|30\/100|[from] item: Life Orb\n|\n|upkeep\n|turn|36\n|\n|t:|1660411450\n|move|p1a: Tornadus|Heat Wave|p2a: Venusaur\n|-supereffective|p2a: Venusaur\n|-damage|p2a: Venusaur|0 fnt\n|faint|p2a: Venusaur\n|\n|upkeep\n|\n|t:|1660411454\n|switch|p2a: Tapu Koko|Tapu Koko, shiny|67\/100\n|-fieldstart|move: Electric Terrain|[from] ability: Electric Surge|[of] p2a: Tapu Koko\n|turn|37\n|\n|t:|1660411468\n|move|p2a: Tapu Koko|Dazzling Gleam|p1a: Tornadus\n|-damage|p1a: Tornadus|0 fnt\n|faint|p1a: Tornadus\n|\n|upkeep\n|\n|t:|1660411470\n|switch|p1a: Slowbro|Slowbro, F|100\/100\n|-damage|p1a: Slowbro|88\/100|[from] Stealth Rock\n|turn|38\n|\n|t:|1660411478\n|move|p2a: Tapu Koko|Dazzling Gleam|p1a: Slowbro\n|-damage|p1a: Slowbro|52\/100\n|move|p1a: Slowbro|Future Sight|p2a: Tapu Koko\n|-start|p1a: Slowbro|move: Future Sight\n|\n|upkeep\n|turn|39\n|l| Tony2oprano\n|\n|t:|1660411490\n|move|p2a: Tapu Koko|Thunderbolt|p1a: Slowbro\n|-supereffective|p1a: Slowbro\n|-damage|p1a: Slowbro|0 fnt\n|faint|p1a: Slowbro\n|\n|upkeep\n|\n|t:|1660411492\n|switch|p1a: Garchomp|Garchomp, F|26\/100\n|-damage|p1a: Garchomp|20\/100|[from] Stealth Rock\n|turn|40\n|\n|t:|1660411500\n|move|p2a: Tapu Koko|U-turn|p1a: Garchomp\n|-damage|p1a: Garchomp|6\/100\n|-damage|p2a: Tapu Koko|54\/100|[from] ability: Rough Skin|[of] p1a: Garchomp\n|\n|t:|1660411502\n|switch|p2a: Victini|Victini|76\/100|[from]move: U-turn\n|-damage|p2a: Victini|51\/100|[from] Stealth Rock\n|move|p1a: Garchomp|Earthquake|p2a: Victini\n|-supereffective|p2a: Victini\n|-damage|p2a: Victini|0 fnt\n|faint|p2a: Victini\n|\n|-hint|Future Sight did not hit because the target is fainted.\n|-heal|p1a: Garchomp|12\/100|[from] item: Leftovers\n|upkeep\n|\n|t:|1660411503\n|switch|p2a: Tapu Koko|Tapu Koko, shiny|54\/100\n|turn|41\n|\n|t:|1660411505\n|move|p1a: Garchomp|Protect|p1a: Garchomp\n|-singleturn|p1a: Garchomp|Protect\n|move|p2a: Tapu Koko|Dazzling Gleam|p1a: Garchomp\n|-activate|p1a: Garchomp|move: Protect\n|\n|-heal|p1a: Garchomp|18\/100|[from] item: Leftovers\n|-fieldend|move: Electric Terrain\n|upkeep\n|turn|42\n|\n|t:|1660411507\n|move|p2a: Tapu Koko|Dazzling Gleam|p1a: Garchomp\n|-supereffective|p1a: Garchomp\n|-damage|p1a: Garchomp|0 fnt\n|faint|p1a: Garchomp\n|\n|win|It's Frank\n|raw|LT93OQ Futility's rating: 1716 &rarr; <strong>1699<\/strong><br \/>(-17 for losing)\n|raw|It&apos;s Frank's rating: 1772 &rarr; <strong>1789<\/strong><br \/>(+17 for winning)\n|l|\u2606LT93OQ Futility\n","uploadtime":1660411514,"views":62,"p1id":"lt93oqfutility","p2id":"itsfrank","formatid":"gen8ou","rating":1699,"private":0,"password":null}