{"id":"gen8ou-1618387898","p1":"Tilted Guy","p2":"himynametay","format":"gen8ou","log":"|j|\u2606Tilted Guy\n|j|\u203dhimynametay\n|t:|1657957594\n|gametype|singles\n|player|p1|Tilted Guy|169|1440\n|player|p2|himynametay|elesa|1449\n|teamsize|p1|6\n|teamsize|p2|6\n|gen|8\n|tier|[Gen 8] OU\n|rated|\n|rule|Sleep Clause Mod: Limit one foe put to sleep\n|rule|Species Clause: Limit one of each Pok\u00e9mon\n|rule|OHKO Clause: OHKO moves are banned\n|rule|Evasion Moves Clause: Evasion moves are banned\n|rule|Endless Battle Clause: Forcing endless battles is banned\n|rule|HP Percentage Mod: HP is shown in percentages\n|rule|Dynamax Clause: You cannot dynamax\n|clearpoke\n|poke|p1|Landorus-Therian, M|\n|poke|p1|Heatran, F|\n|poke|p1|Dragonite, M|\n|poke|p1|Clefable, F|\n|poke|p1|Ferrothorn, M|\n|poke|p1|Tapu Koko|\n|poke|p2|Clefable, F|\n|poke|p2|Heatran, F|\n|poke|p2|Rillaboom, F|\n|poke|p2|Tornadus-Therian, M|\n|poke|p2|Melmetal|\n|poke|p2|Gastrodon-East, M|\n|teampreview\n|\n|t:|1657957607\n|start\n|switch|p1a: Clefable|Clefable, F, shiny|100\/100\n|switch|p2a: Tornadus|Tornadus-Therian, M|100\/100\n|turn|1\n|\n|t:|1657957611\n|move|p2a: Tornadus|Knock Off|p1a: Clefable\n|-resisted|p1a: Clefable\n|-damage|p1a: Clefable|90\/100\n|-enditem|p1a: Clefable|Sticky Barb|[from] move: Knock Off|[of] p2a: Tornadus\n|move|p1a: Clefable|Thunder Wave|p2a: Tornadus\n|-status|p2a: Tornadus|par\n|\n|upkeep\n|turn|2\n|\n|t:|1657957613\n|move|p2a: Tornadus|U-turn|p1a: Clefable\n|-resisted|p1a: Clefable\n|-damage|p1a: Clefable|83\/100\n|\n|t:|1657957616\n|switch|p2a: Clefable|Clefable, F|100\/100|[from]move: U-turn\n|move|p1a: Clefable|Trick|p2a: Clefable\n|-activate|p1a: Clefable|move: Trick|[of] p2a: Clefable\n|-enditem|p2a: Clefable|Sticky Barb|[silent]|[from] move: Trick\n|-item|p1a: Clefable|Sticky Barb|[from] move: Trick\n|\n|upkeep\n|turn|3\n|\n|t:|1657957624\n|move|p2a: Clefable|Stealth Rock|p1a: Clefable\n|-sidestart|p1: Tilted Guy|move: Stealth Rock\n|move|p1a: Clefable|Thunder Wave|p2a: Clefable\n|-status|p2a: Clefable|par\n|\n|upkeep\n|turn|4\n|\n|t:|1657957630\n|switch|p1a: Ferrothorn|Ferrothorn, M|100\/100\n|-damage|p1a: Ferrothorn|94\/100|[from] Stealth Rock\n|move|p2a: Clefable|Aromatherapy|p2a: Clefable\n|-activate|p2a: Clefable|move: Aromatherapy\n|-curestatus|p2a: Clefable|par|[msg]\n|-curestatus|p2: Tornadus|par|[msg]\n|\n|upkeep\n|turn|5\n|\n|t:|1657957635\n|switch|p2a: Heatran|Heatran, F|100\/100\n|move|p1a: Ferrothorn|Knock Off|p2a: Heatran\n|-damage|p2a: Heatran|83\/100\n|-enditem|p2a: Heatran|Leftovers|[from] move: Knock Off|[of] p1a: Ferrothorn\n|\n|upkeep\n|turn|6\n|\n|t:|1657957641\n|switch|p1a: Heatran|Heatran, F, shiny|100\/100\n|-damage|p1a: Heatran|88\/100|[from] Stealth Rock\n|-item|p1a: Heatran|Air Balloon\n|move|p2a: Heatran|Magma Storm|p1a: Heatran\n|-start|p1a: Heatran|ability: Flash Fire\n|\n|upkeep\n|turn|7\n|\n|t:|1657957645\n|switch|p2a: Gastrodon|Gastrodon-East, M|100\/100\n|move|p1a: Heatran|Stealth Rock|p2a: Gastrodon\n|-sidestart|p2: himynametay|move: Stealth Rock\n|\n|upkeep\n|turn|8\n|\n|t:|1657957653\n|-end|p1a: Heatran|ability: Flash Fire|[silent]\n|switch|p1a: Ferrothorn|Ferrothorn, M|94\/100\n|-damage|p1a: Ferrothorn|88\/100|[from] Stealth Rock\n|move|p2a: Gastrodon|Toxic|p1a: Ferrothorn\n|-immune|p1a: Ferrothorn\n|\n|upkeep\n|turn|9\n|\n|t:|1657957656\n|switch|p2a: Heatran|Heatran, F|83\/100\n|-damage|p2a: Heatran|70\/100|[from] Stealth Rock\n|move|p1a: Ferrothorn|Leech Seed|p2a: Heatran\n|-start|p2a: Heatran|move: Leech Seed\n|\n|-damage|p2a: Heatran|58\/100|[from] Leech Seed|[of] p1a: Ferrothorn\n|-heal|p1a: Ferrothorn|100\/100|[silent]\n|upkeep\n|turn|10\n|\n|t:|1657957660\n|switch|p2a: Tornadus|Tornadus-Therian, M|100\/100\n|switch|p1a: Heatran|Heatran, F, shiny|88\/100\n|-damage|p1a: Heatran|76\/100|[from] Stealth Rock\n|-item|p1a: Heatran|Air Balloon\n|\n|upkeep\n|turn|11\n|\n|t:|1657957663\n|move|p2a: Tornadus|U-turn|p1a: Heatran\n|-resisted|p1a: Heatran\n|-damage|p1a: Heatran|72\/100\n|-enditem|p1a: Heatran|Air Balloon\n|\n|t:|1657957664\n|switch|p2a: Gastrodon|Gastrodon-East, M|100\/100|[from]move: U-turn\n|move|p1a: Heatran|Magma Storm|p2a: Gastrodon\n|-resisted|p2a: Gastrodon\n|-damage|p2a: Gastrodon|82\/100\n|-activate|p2a: Gastrodon|move: Magma Storm|[of] p1a: Heatran\n|\n|-damage|p2a: Gastrodon|70\/100|[from] move: Magma Storm|[partiallytrapped]\n|upkeep\n|turn|12\n|\n|t:|1657957668\n|switch|p1a: Ferrothorn|Ferrothorn, M|100\/100\n|-damage|p1a: Ferrothorn|94\/100|[from] Stealth Rock\n|move|p2a: Gastrodon|Scald|p1a: Ferrothorn\n|-resisted|p1a: Ferrothorn\n|-damage|p1a: Ferrothorn|85\/100\n|\n|-end|p2a: Gastrodon|Magma Storm|[partiallytrapped]|[silent]\n|upkeep\n|turn|13\n|\n|t:|1657957674\n|switch|p2a: Tornadus|Tornadus-Therian, M|100\/100\n|move|p1a: Ferrothorn|Knock Off|p2a: Tornadus\n|-damage|p2a: Tornadus|80\/100\n|-enditem|p2a: Tornadus|Heavy-Duty Boots|[from] move: Knock Off|[of] p1a: Ferrothorn\n|\n|upkeep\n|turn|14\n|\n|t:|1657957677\n|switch|p1a: Clefable|Clefable, F, shiny|83\/100\n|move|p2a: Tornadus|Defog|p1a: Clefable\n|-unboost|p1a: Clefable|evasion|1\n|-sideend|p1: Tilted Guy|Stealth Rock|[from] move: Defog|[of] p2a: Tornadus\n|-sideend|p2: himynametay|Stealth Rock|[from] move: Defog|[of] p2a: Tornadus\n|\n|upkeep\n|turn|15\n|\n|t:|1657957682\n|move|p2a: Tornadus|U-turn|p1a: Clefable\n|-resisted|p1a: Clefable\n|-damage|p1a: Clefable|75\/100\n|\n|t:|1657957686\n|switch|p2a: Clefable|Clefable, F|100\/100|[from]move: U-turn\n|move|p1a: Clefable|Thunder Wave|p2a: Clefable\n|-status|p2a: Clefable|par\n|\n|upkeep\n|turn|16\n|\n|t:|1657957692\n|switch|p1a: Heatran|Heatran, F, shiny|72\/100\n|move|p2a: Clefable|Stealth Rock|p1a: Heatran\n|-sidestart|p1: Tilted Guy|move: Stealth Rock\n|\n|upkeep\n|turn|17\n|\n|t:|1657957696\n|switch|p2a: Tornadus|Tornadus-Therian, M|100\/100\n|move|p1a: Heatran|Earth Power|p2a: Tornadus\n|-immune|p2a: Tornadus\n|\n|-damage|p2a: Tornadus|88\/100|[from] item: Sticky Barb\n|upkeep\n|turn|18\n|\n|t:|1657957699\n|move|p2a: Tornadus|Knock Off|p1a: Heatran\n|-damage|p1a: Heatran|59\/100\n|move|p1a: Heatran|Stealth Rock|p2a: Tornadus\n|-sidestart|p2: himynametay|move: Stealth Rock\n|\n|-damage|p2a: Tornadus|76\/100|[from] item: Sticky Barb\n|upkeep\n|turn|19\n|\n|t:|1657957703\n|move|p2a: Tornadus|Defog|p1a: Heatran\n|-unboost|p1a: Heatran|evasion|1\n|-sideend|p1: Tilted Guy|Stealth Rock|[from] move: Defog|[of] p2a: Tornadus\n|-sideend|p2: himynametay|Stealth Rock|[from] move: Defog|[of] p2a: Tornadus\n|move|p1a: Heatran|Magma Storm|p2a: Tornadus\n|-damage|p2a: Tornadus|20\/100\n|-activate|p2a: Tornadus|move: Magma Storm|[of] p1a: Heatran\n|\n|-damage|p2a: Tornadus|7\/100|[from] move: Magma Storm|[partiallytrapped]\n|-damage|p2a: Tornadus|0 fnt|[from] item: Sticky Barb\n|faint|p2a: Tornadus\n|upkeep\n|\n|t:|1657957725\n|switch|p2a: Gastrodon|Gastrodon-East, M|70\/100\n|turn|20\n|inactive|Battle timer is ON: inactive players will automatically lose when time's up. (requested by himynametay)\n|\n|t:|1657957741\n|switch|p1a: Ferrothorn|Ferrothorn, M|85\/100\n|switch|p2a: Rillaboom|Rillaboom, F|100\/100\n|-fieldstart|move: Grassy Terrain|[from] ability: Grassy Surge|[of] p2a: Rillaboom\n|\n|-heal|p1a: Ferrothorn|91\/100|[from] Grassy Terrain\n|upkeep\n|turn|21\n|\n|t:|1657957743\n|move|p2a: Rillaboom|Swords Dance|p2a: Rillaboom\n|-boost|p2a: Rillaboom|atk|2\n|move|p1a: Ferrothorn|Knock Off|p2a: Rillaboom\n|-damage|p2a: Rillaboom|81\/100\n|-enditem|p2a: Rillaboom|Leftovers|[from] move: Knock Off|[of] p1a: Ferrothorn\n|\n|-heal|p2a: Rillaboom|88\/100|[from] Grassy Terrain\n|-heal|p1a: Ferrothorn|97\/100|[from] Grassy Terrain\n|upkeep\n|turn|22\n|\n|t:|1657957746\n|move|p2a: Rillaboom|Swords Dance|p2a: Rillaboom\n|-boost|p2a: Rillaboom|atk|2\n|move|p1a: Ferrothorn|Body Press|p2a: Rillaboom\n|-damage|p2a: Rillaboom|59\/100\n|\n|-heal|p2a: Rillaboom|65\/100|[from] Grassy Terrain\n|-heal|p1a: Ferrothorn|100\/100|[from] Grassy Terrain\n|upkeep\n|turn|23\n|\n|t:|1657957748\n|move|p2a: Rillaboom|Drain Punch|p1a: Ferrothorn\n|-supereffective|p1a: Ferrothorn\n|-damage|p1a: Ferrothorn|2\/100\n|-heal|p2a: Rillaboom|100\/100|[from] drain|[of] p1a: Ferrothorn\n|-damage|p2a: Rillaboom|88\/100|[from] ability: Iron Barbs|[of] p1a: Ferrothorn\n|-damage|p2a: Rillaboom|72\/100|[from] item: Rocky Helmet|[of] p1a: Ferrothorn\n|move|p1a: Ferrothorn|Body Press|p2a: Rillaboom\n|-damage|p2a: Rillaboom|45\/100\n|\n|-heal|p2a: Rillaboom|51\/100|[from] Grassy Terrain\n|-heal|p1a: Ferrothorn|8\/100|[from] Grassy Terrain\n|upkeep\n|turn|24\n|\n|t:|1657957751\n|move|p2a: Rillaboom|Knock Off|p1a: Ferrothorn\n|-damage|p1a: Ferrothorn|0 fnt\n|-damage|p2a: Rillaboom|39\/100|[from] ability: Iron Barbs|[of] p1a: Ferrothorn\n|-damage|p2a: Rillaboom|22\/100|[from] item: Rocky Helmet|[of] p1a: Ferrothorn\n|-enditem|p1a: Ferrothorn|Rocky Helmet|[from] move: Knock Off|[of] p2a: Rillaboom\n|faint|p1a: Ferrothorn\n|\n|-heal|p2a: Rillaboom|28\/100|[from] Grassy Terrain\n|-fieldend|move: Grassy Terrain\n|upkeep\n|\n|t:|1657957754\n|switch|p1a: Tapu Koko|Tapu Koko|100\/100\n|-fieldstart|move: Electric Terrain|[from] ability: Electric Surge|[of] p1a: Tapu Koko\n|turn|25\n|\n|t:|1657957757\n|switch|p2a: Gastrodon|Gastrodon-East, M|70\/100\n|move|p1a: Tapu Koko|Dazzling Gleam|p2a: Gastrodon\n|-damage|p2a: Gastrodon|47\/100\n|\n|upkeep\n|turn|26\n|\n|t:|1657957761\n|switch|p1a: Clefable|Clefable, F, shiny|75\/100\n|move|p2a: Gastrodon|Recover|p2a: Gastrodon\n|-heal|p2a: Gastrodon|97\/100\n|\n|upkeep\n|turn|27\n|\n|t:|1657957767\n|switch|p2a: Melmetal|Melmetal|100\/100\n|move|p1a: Clefable|Trick|p2a: Melmetal\n|-activate|p1a: Clefable|move: Trick|[of] p2a: Melmetal\n|-enditem|p2a: Melmetal|Leftovers|[silent]|[from] move: Trick\n|-item|p1a: Clefable|Leftovers|[from] move: Trick\n|\n|-heal|p1a: Clefable|81\/100|[from] item: Leftovers\n|upkeep\n|turn|28\n|\n|t:|1657957774\n|switch|p1a: Landorus|Landorus-Therian, M|100\/100\n|-ability|p1a: Landorus|Intimidate|boost\n|-unboost|p2a: Melmetal|atk|1\n|move|p2a: Melmetal|Toxic|p1a: Landorus\n|-status|p1a: Landorus|tox\n|\n|-damage|p1a: Landorus|94\/100 tox|[from] psn\n|upkeep\n|turn|29\n|\n|t:|1657957780\n|switch|p2a: Gastrodon|Gastrodon-East, M|97\/100\n|move|p1a: Landorus|Earthquake|p2a: Gastrodon\n|-damage|p2a: Gastrodon|46\/100\n|\n|-damage|p1a: Landorus|82\/100 tox|[from] psn\n|-fieldend|move: Electric Terrain\n|upkeep\n|turn|30\n|\n|t:|1657957795\n|switch|p2a: Heatran|Heatran, F|58\/100\n|move|p1a: Landorus|Earthquake|p2a: Heatran\n|-supereffective|p2a: Heatran\n|-damage|p2a: Heatran|0 fnt\n|faint|p2a: Heatran\n|\n|-damage|p1a: Landorus|64\/100 tox|[from] psn\n|upkeep\n|\n|t:|1657957797\n|switch|p2a: Rillaboom|Rillaboom, F|28\/100\n|-fieldstart|move: Grassy Terrain|[from] ability: Grassy Surge|[of] p2a: Rillaboom\n|turn|31\n|\n|t:|1657957801\n|switch|p1a: Tapu Koko|Tapu Koko|100\/100\n|-fieldstart|move: Electric Terrain|[from] ability: Electric Surge|[of] p1a: Tapu Koko\n|move|p2a: Rillaboom|Grassy Glide|p1a: Tapu Koko\n|-damage|p1a: Tapu Koko|44\/100\n|\n|upkeep\n|turn|32\n|\n|t:|1657957805\n|switch|p2a: Melmetal|Melmetal|100\/100\n|move|p1a: Tapu Koko|Dazzling Gleam|p2a: Melmetal\n|-resisted|p2a: Melmetal\n|-damage|p2a: Melmetal|84\/100\n|\n|upkeep\n|turn|33\n|\n|t:|1657957810\n|switch|p1a: Landorus|Landorus-Therian, M|64\/100 tox\n|-ability|p1a: Landorus|Intimidate|boost\n|-unboost|p2a: Melmetal|atk|1\n|move|p2a: Melmetal|Double Iron Bash|p1a: Landorus\n|-damage|p1a: Landorus|38\/100 tox\n|-damage|p2a: Melmetal|68\/100|[from] item: Rocky Helmet|[of] p1a: Landorus\n|-damage|p1a: Landorus|14\/100 tox\n|-damage|p2a: Melmetal|51\/100|[from] item: Rocky Helmet|[of] p1a: Landorus\n|-hitcount|p1a: Landorus|2\n|\n|-damage|p1a: Landorus|8\/100 tox|[from] psn\n|upkeep\n|turn|34\n|\n|t:|1657957820\n|switch|p2a: Clefable|Clefable, F|100\/100 par\n|move|p1a: Landorus|U-turn|p2a: Clefable\n|-resisted|p2a: Clefable\n|-damage|p2a: Clefable|91\/100 par\n|\n|t:|1657957827\n|switch|p1a: Tapu Koko|Tapu Koko|44\/100|[from]move: U-turn\n|\n|upkeep\n|turn|35\n|\n|t:|1657957830\n|move|p1a: Tapu Koko|Thunderbolt|p2a: Clefable\n|-damage|p2a: Clefable|44\/100 par\n|move|p2a: Clefable|Stealth Rock|p1a: Tapu Koko\n|-sidestart|p1: Tilted Guy|move: Stealth Rock\n|\n|-fieldend|move: Electric Terrain\n|upkeep\n|turn|36\n|\n|t:|1657957834\n|move|p1a: Tapu Koko|Thunderbolt|p2a: Clefable\n|-damage|p2a: Clefable|8\/100 par\n|move|p2a: Clefable|Soft-Boiled|p2a: Clefable\n|-heal|p2a: Clefable|58\/100 par\n|\n|upkeep\n|turn|37\n|\n|t:|1657957837\n|switch|p2a: Gastrodon|Gastrodon-East, M|46\/100\n|move|p1a: Tapu Koko|Calm Mind|p1a: Tapu Koko\n|-boost|p1a: Tapu Koko|spa|1\n|-boost|p1a: Tapu Koko|spd|1\n|\n|upkeep\n|turn|38\n|\n|t:|1657957840\n|move|p1a: Tapu Koko|Dazzling Gleam|p2a: Gastrodon\n|-damage|p2a: Gastrodon|13\/100\n|move|p2a: Gastrodon|Recover|p2a: Gastrodon\n|-heal|p2a: Gastrodon|64\/100\n|\n|upkeep\n|turn|39\n|\n|t:|1657957843\n|move|p1a: Tapu Koko|Calm Mind|p1a: Tapu Koko\n|-boost|p1a: Tapu Koko|spa|1\n|-boost|p1a: Tapu Koko|spd|1\n|move|p2a: Gastrodon|Earth Power|p1a: Tapu Koko\n|-supereffective|p1a: Tapu Koko\n|-damage|p1a: Tapu Koko|0 fnt\n|faint|p1a: Tapu Koko\n|\n|upkeep\n|\n|t:|1657957854\n|switch|p1a: Heatran|Heatran, F, shiny|59\/100\n|-damage|p1a: Heatran|47\/100|[from] Stealth Rock\n|turn|40\n|\n|t:|1657957856\n|move|p1a: Heatran|Earth Power|p2a: Gastrodon\n|-damage|p2a: Gastrodon|42\/100\n|move|p2a: Gastrodon|Earth Power|p1a: Heatran\n|-supereffective|p1a: Heatran\n|-damage|p1a: Heatran|0 fnt\n|faint|p1a: Heatran\n|\n|upkeep\n|\n|t:|1657957859\n|switch|p1a: Dragonite|Dragonite, M|100\/100\n|turn|41\n|\n|t:|1657957861\n|move|p1a: Dragonite|Dragon Dance|p1a: Dragonite\n|-boost|p1a: Dragonite|atk|1\n|-boost|p1a: Dragonite|spe|1\n|move|p2a: Gastrodon|Toxic|p1a: Dragonite\n|-status|p1a: Dragonite|tox\n|\n|-damage|p1a: Dragonite|94\/100 tox|[from] psn\n|upkeep\n|turn|42\n|\n|t:|1657957863\n|move|p1a: Dragonite|Dragon Dance|p1a: Dragonite\n|-boost|p1a: Dragonite|atk|1\n|-boost|p1a: Dragonite|spe|1\n|move|p2a: Gastrodon|Recover|p2a: Gastrodon\n|-heal|p2a: Gastrodon|92\/100\n|\n|-damage|p1a: Dragonite|82\/100 tox|[from] psn\n|upkeep\n|turn|43\n|\n|t:|1657957867\n|move|p1a: Dragonite|Dragon Dance|p1a: Dragonite\n|-boost|p1a: Dragonite|atk|1\n|-boost|p1a: Dragonite|spe|1\n|move|p2a: Gastrodon|Scald|p1a: Dragonite\n|-resisted|p1a: Dragonite\n|-damage|p1a: Dragonite|67\/100 tox\n|\n|-damage|p1a: Dragonite|49\/100 tox|[from] psn\n|upkeep\n|turn|44\n|\n|t:|1657957869\n|move|p1a: Dragonite|Earthquake|p2a: Gastrodon\n|-damage|p2a: Gastrodon|0 fnt\n|faint|p2a: Gastrodon\n|\n|-damage|p1a: Dragonite|24\/100 tox|[from] psn\n|upkeep\n|\n|t:|1657957872\n|switch|p2a: Rillaboom|Rillaboom, F|28\/100\n|-fieldstart|move: Grassy Terrain|[from] ability: Grassy Surge|[of] p2a: Rillaboom\n|turn|45\n|\n|t:|1657957876\n|switch|p1a: Landorus|Landorus-Therian, M|8\/100 tox\n|-damage|p1a: Landorus|0 fnt|[from] Stealth Rock\n|faint|p1a: Landorus\n|switch|p2a: Clefable|Clefable, F|58\/100 par\n|\n|-heal|p2a: Clefable|64\/100 par|[from] Grassy Terrain\n|upkeep\n|\n|t:|1657957881\n|switch|p1a: Dragonite|Dragonite, M|24\/100 tox\n|turn|46\n|\n|t:|1657957887\n|move|p1a: Dragonite|Earthquake|p2a: Clefable\n|-damage|p2a: Clefable|51\/100 par\n|move|p2a: Clefable|Moonblast|p1a: Dragonite\n|-supereffective|p1a: Dragonite\n|-damage|p1a: Dragonite|0 fnt\n|faint|p1a: Dragonite\n|\n|-heal|p2a: Clefable|57\/100 par|[from] Grassy Terrain\n|upkeep\n|-message|Tilted Guy forfeited.\n|\n|win|himynametay\n|raw|Tilted Guy's rating: 1440 &rarr; <strong>1421<\/strong><br \/>(-19 for losing)\n|raw|himynametay's rating: 1449 &rarr; <strong>1468<\/strong><br \/>(+19 for winning)\n|l|\u2606Tilted Guy\n","uploadtime":1657957894,"views":12,"p1id":"tiltedguy","p2id":"himynametay","formatid":"gen8ou","rating":1421,"private":0,"password":null}