{"id":"gen8ou-1703410447","p1":"Kasumitot","p2":"alvar03","format":"gen8ou","log":"|j|\u2606Kasumitot\n|j|\u2606alvar03\n|t:|1667660301\n|gametype|singles\n|player|p1|Kasumitot|lady|1796\n|player|p2|alvar03|alder|1866\n|teamsize|p1|6\n|teamsize|p2|6\n|gen|8\n|tier|[Gen 8] OU\n|rated|\n|rule|Sleep Clause Mod: Limit one foe put to sleep\n|rule|Species Clause: Limit one of each Pok\u00e9mon\n|rule|OHKO Clause: OHKO moves are banned\n|rule|Evasion Items Clause: Evasion items are banned\n|rule|Evasion Moves Clause: Evasion moves are banned\n|rule|Endless Battle Clause: Forcing endless battles is banned\n|rule|HP Percentage Mod: HP is shown in percentages\n|rule|Dynamax Clause: You cannot dynamax\n|clearpoke\n|poke|p1|Tyranitar, F|\n|poke|p1|Tapu Lele|\n|poke|p1|Landorus-Therian, M|\n|poke|p1|Regieleki|\n|poke|p1|Toxapex, F|\n|poke|p1|Ferrothorn, M|\n|poke|p2|Landorus-Therian, M|\n|poke|p2|Tornadus-Therian, M|\n|poke|p2|Tapu Lele|\n|poke|p2|Garchomp, F|\n|poke|p2|Melmetal|\n|poke|p2|Toxapex, F|\n|teampreview\n|inactive|Battle timer is ON: inactive players will automatically lose when time's up. (requested by alvar03)\n|\n|t:|1667660320\n|start\n|switch|p1a: Toxapex|Toxapex, F|100\/100\n|switch|p2a: Tornadus|Tornadus-Therian, M|100\/100\n|turn|1\n|\n|t:|1667660322\n|move|p2a: Tornadus|Knock Off|p1a: Toxapex\n|-damage|p1a: Toxapex|89\/100\n|-damage|p2a: Tornadus|84\/100|[from] item: Rocky Helmet|[of] p1a: Toxapex\n|-enditem|p1a: Toxapex|Rocky Helmet|[from] move: Knock Off|[of] p2a: Tornadus\n|move|p1a: Toxapex|Toxic|p2a: Tornadus\n|-status|p2a: Tornadus|tox\n|\n|-damage|p2a: Tornadus|78\/100 tox|[from] psn\n|upkeep\n|turn|2\n|\n|t:|1667660325\n|move|p2a: Tornadus|U-turn|p1a: Toxapex\n|-resisted|p1a: Toxapex\n|-damage|p1a: Toxapex|84\/100\n|\n|t:|1667660326\n|switch|p2a: Toxapex|Toxapex, F|100\/100|[from]move: U-turn\n|move|p1a: Toxapex|Toxic|p2a: Toxapex\n|-immune|p2a: Toxapex\n|\n|upkeep\n|turn|3\n|\n|t:|1667660330\n|move|p1a: Toxapex|Scald|p2a: Toxapex\n|-resisted|p2a: Toxapex\n|-damage|p2a: Toxapex|94\/100\n|-status|p2a: Toxapex|brn\n|move|p2a: Toxapex|Toxic Spikes|p1a: Toxapex\n|-sidestart|p1: Kasumitot|move: Toxic Spikes\n|\n|-damage|p2a: Toxapex|87\/100 brn|[from] brn\n|upkeep\n|turn|4\n|\n|t:|1667660335\n|move|p2a: Toxapex|Scald|p1a: Toxapex\n|-resisted|p1a: Toxapex\n|-damage|p1a: Toxapex|77\/100\n|-status|p1a: Toxapex|brn\n|move|p1a: Toxapex|Scald|p2a: Toxapex\n|-resisted|p2a: Toxapex\n|-damage|p2a: Toxapex|81\/100 brn\n|\n|-damage|p1a: Toxapex|71\/100 brn|[from] brn\n|-damage|p2a: Toxapex|75\/100 brn|[from] brn\n|upkeep\n|turn|5\n|\n|t:|1667660342\n|switch|p2a: Tornadus|Tornadus-Therian, M|100\/100 tox\n|switch|p1a: Ferrothorn|Ferrothorn, M|100\/100\n|\n|-damage|p2a: Tornadus|94\/100 tox|[from] psn\n|upkeep\n|turn|6\n|\n|t:|1667660346\n|move|p1a: Ferrothorn|Protect|p1a: Ferrothorn\n|-singleturn|p1a: Ferrothorn|Protect\n|move|p2a: Tornadus|Knock Off|p1a: Ferrothorn\n|-activate|p1a: Ferrothorn|move: Protect\n|\n|-damage|p2a: Tornadus|82\/100 tox|[from] psn\n|upkeep\n|turn|7\n|\n|t:|1667660351\n|switch|p1a: Toxapex|Toxapex, F|100\/100 brn\n|-sideend|p1: Kasumitot|move: Toxic Spikes|[of] p1a: Toxapex\n|move|p2a: Tornadus|Knock Off|p1a: Toxapex\n|-damage|p1a: Toxapex|92\/100 brn\n|\n|-damage|p2a: Tornadus|64\/100 tox|[from] psn\n|-damage|p1a: Toxapex|86\/100 brn|[from] brn\n|upkeep\n|turn|8\n|\n|t:|1667660360\n|switch|p2a: Toxapex|Toxapex, F|100\/100 brn\n|move|p1a: Toxapex|Scald|p2a: Toxapex\n|-resisted|p2a: Toxapex\n|-damage|p2a: Toxapex|94\/100 brn\n|\n|-damage|p1a: Toxapex|80\/100 brn|[from] brn\n|-damage|p2a: Toxapex|88\/100 brn|[from] brn\n|upkeep\n|turn|9\n|\n|t:|1667660367\n|move|p2a: Toxapex|Toxic Spikes|p1a: Toxapex\n|-sidestart|p1: Kasumitot|move: Toxic Spikes\n|move|p1a: Toxapex|Scald|p2a: Toxapex\n|-resisted|p2a: Toxapex\n|-damage|p2a: Toxapex|81\/100 brn\n|\n|-damage|p1a: Toxapex|74\/100 brn|[from] brn\n|-damage|p2a: Toxapex|75\/100 brn|[from] brn\n|upkeep\n|turn|10\n|\n|t:|1667660371\n|move|p1a: Toxapex|Scald|p2a: Toxapex\n|-resisted|p2a: Toxapex\n|-crit|p2a: Toxapex\n|-damage|p2a: Toxapex|64\/100 brn\n|move|p2a: Toxapex|Scald|p1a: Toxapex\n|-resisted|p1a: Toxapex\n|-damage|p1a: Toxapex|68\/100 brn\n|\n|-damage|p2a: Toxapex|58\/100 brn|[from] brn\n|-damage|p1a: Toxapex|62\/100 brn|[from] brn\n|upkeep\n|turn|11\n|\n|t:|1667660374\n|switch|p2a: Tornadus|Tornadus-Therian, M|97\/100 tox\n|move|p1a: Toxapex|Scald|p2a: Tornadus\n|-damage|p2a: Tornadus|80\/100 tox\n|\n|-damage|p2a: Tornadus|74\/100 tox|[from] psn\n|-damage|p1a: Toxapex|56\/100 brn|[from] brn\n|upkeep\n|turn|12\n|j| Fjb2402\n|\n|t:|1667660378\n|move|p2a: Tornadus|U-turn|p1a: Toxapex\n|-resisted|p1a: Toxapex\n|-damage|p1a: Toxapex|52\/100 brn\n|\n|t:|1667660380\n|switch|p2a: Tapu Lele|Tapu Lele|100\/100|[from]move: U-turn\n|-fieldstart|move: Psychic Terrain|[from] ability: Psychic Surge|[of] p2a: Tapu Lele\n|move|p1a: Toxapex|Scald|p2a: Tapu Lele\n|-damage|p2a: Tapu Lele|81\/100\n|\n|-damage|p1a: Toxapex|46\/100 brn|[from] brn\n|upkeep\n|turn|13\n|\n|t:|1667660385\n|switch|p1a: Ferrothorn|Ferrothorn, M|100\/100\n|move|p2a: Tapu Lele|Psyshock|p1a: Ferrothorn\n|-resisted|p1a: Ferrothorn\n|-damage|p1a: Ferrothorn|79\/100\n|\n|upkeep\n|turn|14\n|\n|t:|1667660391\n|move|p2a: Tapu Lele|Focus Blast|p1a: Ferrothorn\n|-supereffective|p1a: Ferrothorn\n|-damage|p1a: Ferrothorn|18\/100\n|move|p1a: Ferrothorn|Leech Seed|p2a: Tapu Lele\n|-start|p2a: Tapu Lele|move: Leech Seed\n|\n|-damage|p2a: Tapu Lele|68\/100|[from] Leech Seed|[of] p1a: Ferrothorn\n|-heal|p1a: Ferrothorn|28\/100|[silent]\n|upkeep\n|turn|15\n|\n|t:|1667660399\n|switch|p2a: Landorus|Landorus-Therian, M|100\/100\n|-ability|p2a: Landorus|Intimidate|boost\n|-unboost|p1a: Ferrothorn|atk|1\n|move|p1a: Ferrothorn|Spikes|p2a: Landorus\n|-sidestart|p2: alvar03|Spikes\n|\n|upkeep\n|turn|16\n|\n|t:|1667660403\n|switch|p1a: Landorus|Landorus-Therian, M|100\/100\n|-ability|p1a: Landorus|Intimidate|boost\n|-unboost|p2a: Landorus|atk|1\n|move|p2a: Landorus|Earthquake|p1a: Landorus\n|-immune|p1a: Landorus\n|\n|-fieldend|move: Psychic Terrain\n|upkeep\n|turn|17\n|\n|t:|1667660407\n|move|p1a: Landorus|Toxic|p2a: Landorus\n|-status|p2a: Landorus|tox\n|move|p2a: Landorus|Knock Off|p1a: Landorus\n|-damage|p1a: Landorus|78\/100\n|-enditem|p1a: Landorus|Leftovers|[from] move: Knock Off|[of] p2a: Landorus\n|\n|-damage|p2a: Landorus|94\/100 tox|[from] psn\n|upkeep\n|turn|18\n|\n|t:|1667660410\n|move|p1a: Landorus|Knock Off|p2a: Landorus\n|-damage|p2a: Landorus|57\/100 tox\n|-enditem|p2a: Landorus|Leftovers|[from] move: Knock Off|[of] p1a: Landorus\n|move|p2a: Landorus|Stealth Rock|p1a: Landorus\n|-sidestart|p1: Kasumitot|move: Stealth Rock\n|\n|-damage|p2a: Landorus|44\/100 tox|[from] psn\n|upkeep\n|turn|19\n|\n|t:|1667660416\n|move|p1a: Landorus|Stealth Rock|p2a: Landorus\n|-sidestart|p2: alvar03|move: Stealth Rock\n|move|p2a: Landorus|U-turn|p1a: Landorus\n|-resisted|p1a: Landorus\n|-damage|p1a: Landorus|70\/100\n|\n|t:|1667660419\n|switch|p2a: Tornadus|Tornadus-Therian, M|100\/100 tox|[from]move: U-turn\n|\n|-damage|p2a: Tornadus|94\/100 tox|[from] psn\n|upkeep\n|turn|20\n|\n|t:|1667660426\n|move|p2a: Tornadus|Hurricane|p1a: Landorus\n|-damage|p1a: Landorus|19\/100\n|move|p1a: Landorus|Knock Off|p2a: Tornadus\n|-damage|p2a: Tornadus|59\/100 tox\n|-enditem|p2a: Tornadus|Heavy-Duty Boots|[from] move: Knock Off|[of] p1a: Landorus\n|\n|-damage|p2a: Tornadus|47\/100 tox|[from] psn\n|upkeep\n|turn|21\n|\n|t:|1667660437\n|move|p2a: Tornadus|Defog|p1a: Landorus\n|-unboost|p1a: Landorus|evasion|1\n|-sideend|p1: Kasumitot|Toxic Spikes|[from] move: Defog|[of] p2a: Tornadus\n|-sideend|p1: Kasumitot|Stealth Rock|[from] move: Defog|[of] p2a: Tornadus\n|-sideend|p2: alvar03|Spikes|[from] move: Defog|[of] p2a: Tornadus\n|-sideend|p2: alvar03|Stealth Rock|[from] move: Defog|[of] p2a: Tornadus\n|move|p1a: Landorus|Stealth Rock|p2a: Tornadus\n|-sidestart|p2: alvar03|move: Stealth Rock\n|\n|-damage|p2a: Tornadus|28\/100 tox|[from] psn\n|upkeep\n|turn|22\n|\n|t:|1667660443\n|switch|p2a: Landorus|Landorus-Therian, M|44\/100 tox\n|-damage|p2a: Landorus|32\/100 tox|[from] Stealth Rock\n|-ability|p2a: Landorus|Intimidate|boost\n|-unboost|p1a: Landorus|atk|1\n|switch|p1a: Tyranitar|Tyranitar, F|100\/100\n|-weather|Sandstorm|[from] ability: Sand Stream|[of] p1a: Tyranitar\n|\n|-weather|Sandstorm|[upkeep]\n|-damage|p2a: Landorus|26\/100 tox|[from] psn\n|upkeep\n|turn|23\n|\n|t:|1667660452\n|move|p2a: Landorus|Stealth Rock|p1a: Tyranitar\n|-sidestart|p1: Kasumitot|move: Stealth Rock\n|move|p1a: Tyranitar|Crunch|p2a: Landorus\n|-damage|p2a: Landorus|0 fnt\n|faint|p2a: Landorus\n|\n|-weather|Sandstorm|[upkeep]\n|upkeep\n|\n|t:|1667660455\n|switch|p2a: Melmetal|Melmetal|100\/100\n|-damage|p2a: Melmetal|94\/100|[from] Stealth Rock\n|turn|24\n|j| King Of Peak\n|\n|t:|1667660459\n|switch|p1a: Toxapex|Toxapex, F|79\/100 brn\n|-damage|p1a: Toxapex|67\/100 brn|[from] Stealth Rock\n|move|p2a: Melmetal|Earthquake|p1a: Toxapex\n|-supereffective|p1a: Toxapex\n|-damage|p1a: Toxapex|15\/100 brn\n|\n|-weather|Sandstorm|[upkeep]\n|-damage|p1a: Toxapex|9\/100 brn|[from] Sandstorm\n|-heal|p2a: Melmetal|100\/100|[from] item: Leftovers\n|-damage|p1a: Toxapex|3\/100 brn|[from] brn\n|upkeep\n|turn|25\n|j| theodort\n|j| Bar236\n|l| Bar236\n|\n|t:|1667660474\n|move|p2a: Melmetal|Double Iron Bash|p1a: Toxapex\n|-resisted|p1a: Toxapex\n|-damage|p1a: Toxapex|0 fnt\n|faint|p1a: Toxapex\n|-hitcount|p1: Toxapex|1\n|\n|-weather|Sandstorm|[upkeep]\n|upkeep\n|\n|t:|1667660479\n|switch|p1a: Landorus|Landorus-Therian, M|19\/100\n|-damage|p1a: Landorus|7\/100|[from] Stealth Rock\n|-ability|p1a: Landorus|Intimidate|boost\n|-unboost|p2a: Melmetal|atk|1\n|turn|26\n|\n|t:|1667660486\n|switch|p2a: Garchomp|Garchomp, F|100\/100\n|-damage|p2a: Garchomp|94\/100|[from] Stealth Rock\n|move|p1a: Landorus|Knock Off|p2a: Garchomp\n|-damage|p2a: Garchomp|55\/100\n|-damage|p1a: Landorus|0 fnt|[from] ability: Rough Skin|[of] p2a: Garchomp\n|faint|p1a: Landorus\n|\n|-weather|none\n|upkeep\n|\n|t:|1667660490\n|switch|p1a: Tapu Lele|Tapu Lele|100\/100\n|-damage|p1a: Tapu Lele|88\/100|[from] Stealth Rock\n|-fieldstart|move: Psychic Terrain|[from] ability: Psychic Surge|[of] p1a: Tapu Lele\n|turn|27\n|\n|t:|1667660499\n|switch|p2a: Melmetal|Melmetal|100\/100\n|-damage|p2a: Melmetal|94\/100|[from] Stealth Rock\n|move|p1a: Tapu Lele|Focus Blast|p2a: Melmetal\n|-supereffective|p2a: Melmetal\n|-damage|p2a: Melmetal|0 fnt\n|faint|p2a: Melmetal\n|\n|upkeep\n|\n|t:|1667660506\n|switch|p2a: Garchomp|Garchomp, F|55\/100\n|-damage|p2a: Garchomp|49\/100|[from] Stealth Rock\n|turn|28\n|\n|t:|1667660508\n|move|p2a: Garchomp|Earthquake|p1a: Tapu Lele\n|-damage|p1a: Tapu Lele|3\/100\n|move|p1a: Tapu Lele|Focus Blast|p2a: Garchomp|[miss]\n|-miss|p1a: Tapu Lele|p2a: Garchomp\n|\n|upkeep\n|turn|29\n|\n|t:|1667660515\n|move|p2a: Garchomp|Earthquake|p1a: Tapu Lele\n|-damage|p1a: Tapu Lele|0 fnt\n|faint|p1a: Tapu Lele\n|\n|upkeep\n|\n|t:|1667660517\n|switch|p1a: Tyranitar|Tyranitar, F|100\/100\n|-damage|p1a: Tyranitar|88\/100|[from] Stealth Rock\n|-weather|Sandstorm|[from] ability: Sand Stream|[of] p1a: Tyranitar\n|turn|30\n|\n|t:|1667660521\n|switch|p2a: Tornadus|Tornadus-Therian, M|62\/100 tox\n|-damage|p2a: Tornadus|37\/100 tox|[from] Stealth Rock\n|move|p1a: Tyranitar|Crunch|p2a: Tornadus\n|-damage|p2a: Tornadus|0 fnt\n|faint|p2a: Tornadus\n|\n|-weather|Sandstorm|[upkeep]\n|upkeep\n|\n|t:|1667660524\n|switch|p2a: Tapu Lele|Tapu Lele|68\/100\n|-damage|p2a: Tapu Lele|56\/100|[from] Stealth Rock\n|turn|31\n|\n|t:|1667660527\n|switch|p1a: Ferrothorn|Ferrothorn, M|28\/100\n|-damage|p1a: Ferrothorn|22\/100|[from] Stealth Rock\n|move|p2a: Tapu Lele|Moonblast|p1a: Ferrothorn\n|-resisted|p1a: Ferrothorn\n|-damage|p1a: Ferrothorn|5\/100\n|\n|-weather|Sandstorm|[upkeep]\n|-damage|p2a: Tapu Lele|50\/100|[from] Sandstorm\n|-fieldend|move: Psychic Terrain\n|upkeep\n|turn|32\n|\n|t:|1667660530\n|move|p1a: Ferrothorn|Protect|p1a: Ferrothorn\n|-singleturn|p1a: Ferrothorn|Protect\n|move|p2a: Tapu Lele|Moonblast|p1a: Ferrothorn\n|-activate|p1a: Ferrothorn|move: Protect\n|\n|-weather|Sandstorm|[upkeep]\n|-damage|p2a: Tapu Lele|44\/100|[from] Sandstorm\n|upkeep\n|turn|33\n|\n|t:|1667660533\n|move|p2a: Tapu Lele|Moonblast|p1a: Ferrothorn\n|-resisted|p1a: Ferrothorn\n|-damage|p1a: Ferrothorn|0 fnt\n|faint|p1a: Ferrothorn\n|\n|-weather|Sandstorm|[upkeep]\n|-damage|p2a: Tapu Lele|38\/100|[from] Sandstorm\n|upkeep\n|\n|t:|1667660535\n|switch|p1a: Regieleki|Regieleki|100\/100\n|turn|34\n|\n|t:|1667660539\n|switch|p2a: Toxapex|Toxapex, F|91\/100 brn\n|-damage|p2a: Toxapex|79\/100 brn|[from] Stealth Rock\n|move|p1a: Regieleki|Rapid Spin|p2a: Toxapex\n|-damage|p2a: Toxapex|72\/100 brn\n|-boost|p1a: Regieleki|spe|1\n|-damage|p1a: Regieleki|84\/100|[from] item: Rocky Helmet|[of] p2a: Toxapex\n|-sideend|p1: Kasumitot|Stealth Rock|[from] move: Rapid Spin|[of] p1a: Regieleki\n|\n|-weather|none\n|-damage|p2a: Toxapex|66\/100 brn|[from] brn\n|upkeep\n|turn|35\n|\n|t:|1667660542\n|move|p1a: Regieleki|Volt Switch|p2a: Toxapex\n|-supereffective|p2a: Toxapex\n|-damage|p2a: Toxapex|0 fnt\n|faint|p2a: Toxapex\n|\n|t:|1667660545\n|switch|p1a: Tyranitar|Tyranitar, F|88\/100|[from]move: Volt Switch\n|-weather|Sandstorm|[from] ability: Sand Stream|[of] p1a: Tyranitar\n|\n|-weather|Sandstorm|[upkeep]\n|upkeep\n|\n|t:|1667660550\n|switch|p2a: Garchomp|Garchomp, F|49\/100\n|-damage|p2a: Garchomp|43\/100|[from] Stealth Rock\n|turn|36\n|\n|t:|1667660554\n|move|p2a: Garchomp|Earthquake|p1a: Tyranitar\n|-supereffective|p1a: Tyranitar\n|-damage|p1a: Tyranitar|2\/100\n|move|p1a: Tyranitar|Crunch|p2a: Garchomp\n|-damage|p2a: Garchomp|0 fnt\n|-damage|p1a: Tyranitar|0 fnt|[from] ability: Rough Skin|[of] p2a: Garchomp\n|faint|p2a: Garchomp\n|faint|p1a: Tyranitar\n|\n|-weather|Sandstorm|[upkeep]\n|upkeep\n|\n|t:|1667660558\n|switch|p2a: Tapu Lele|Tapu Lele|38\/100\n|switch|p1a: Regieleki|Regieleki|84\/100\n|-damage|p2a: Tapu Lele|25\/100|[from] Stealth Rock\n|-fieldstart|move: Psychic Terrain|[from] ability: Psychic Surge|[of] p2a: Tapu Lele\n|turn|37\n|c|\u2606alvar03|gg\n|c|\u2606Kasumitot|That spin was everything.\n|c|\u2606Kasumitot|Gg.\n|c|\u2606alvar03|look\n|-enditem|p2a: Tapu Lele|Custap Berry|[eat]\n|-activate|p2a: Tapu Lele|item: Custap Berry|[consumed]\n|\n|t:|1667660576\n|move|p2a: Tapu Lele|Psyshock|p1a: Regieleki\n|-damage|p1a: Regieleki|0 fnt\n|faint|p1a: Regieleki\n|\n|win|alvar03\n|raw|Kasumitot's rating: 1796 &rarr; <strong>1780<\/strong><br \/>(-16 for losing)\n|raw|alvar03's rating: 1866 &rarr; <strong>1882<\/strong><br \/>(+16 for winning)\n|c|\u2606Kasumitot|Aww custap\n|c|\u2606alvar03|yeah\n|c|\u2606Kasumitot|Gg.\n|c|\u2606alvar03|gg\n|l|\u2606Kasumitot\n||Ladder isn't responding, score probably updated but might not have (Request timeout).\n","uploadtime":1667660600,"views":62,"p1id":"kasumitot","p2id":"alvar03","formatid":"gen8ou","rating":1780,"private":0,"password":null}