{"id":"gen8pu-1645166451","p1":"hundwasser","p2":"igotthegat","format":"gen8pu","log":"|j|\u2606hundwasser\n|j|\u2606igotthegat\n|t:|1661134921\n|gametype|singles\n|player|p1|hundwasser|janitor|1098\n|player|p2|igotthegat|cynthia-gen4|1099\n|teamsize|p1|6\n|teamsize|p2|6\n|gen|8\n|tier|[Gen 8] PU\n|rated|\n|rule|Sleep Clause Mod: Limit one foe put to sleep\n|rule|Species Clause: Limit one of each Pok\u00e9mon\n|rule|OHKO Clause: OHKO moves are banned\n|rule|Evasion Items Clause: Evasion items are banned\n|rule|Evasion Moves Clause: Evasion moves are banned\n|rule|Endless Battle Clause: Forcing endless battles is banned\n|rule|HP Percentage Mod: HP is shown in percentages\n|rule|Dynamax Clause: You cannot dynamax\n|clearpoke\n|poke|p1|Galvantula, F|\n|poke|p1|Wishiwashi, F|\n|poke|p1|Articuno-Galar|\n|poke|p1|Frosmoth, F|\n|poke|p1|Doublade, M|\n|poke|p1|Charizard, F|\n|poke|p2|Hitmonlee, M|\n|poke|p2|Galvantula, F|\n|poke|p2|Charizard, M|\n|poke|p2|Aggron, F|\n|poke|p2|Abomasnow, M|\n|poke|p2|Quagsire, M|\n|teampreview\n|c|\u2606hundwasser|hiiiii\n|c|\u2606hundwasser|hiiii\n|c|\u2606hundwasser|oomfie <3\n|c|\u2606igotthegat|HAHAHAHAHAHAHAHA\n|c|\u2606hundwasser|oomfie oomfie!!!\n|c|\u2606hundwasser|<3 OOFMIE!!\n|c|\u2606hundwasser|oomfie!!!!!\n|c|\u2606igotthegat|oomfie eevee be like\n|c|\u2606igotthegat|oomfoye!\n|\n|t:|1661134956\n|start\n|switch|p1a: Tuxedo Mask|Articuno-Galar|100\/100\n|switch|p2a: Joey|Galvantula, F|100\/100\n|turn|1\n|\n|t:|1661134963\n|move|p2a: Joey|Thunder|p1a: Tuxedo Mask\n|-supereffective|p1a: Tuxedo Mask\n|-damage|p1a: Tuxedo Mask|0 fnt\n|faint|p1a: Tuxedo Mask\n|\n|upkeep\n|\n|t:|1661134973\n|switch|p1a: Oomfies :)|Doublade, M|100\/100\n|turn|2\n|c|\u2606hundwasser|im gonna be deadass you win these\n|\n|t:|1661134981\n|move|p2a: Joey|Thunder|p1a: Oomfies :)\n|-damage|p1a: Oomfies :)|11\/100\n|-status|p1a: Oomfies :)|par\n|move|p1a: Oomfies :)|Iron Head|p2a: Joey\n|-resisted|p2a: Joey\n|-damage|p2a: Joey|63\/100\n|\n|upkeep\n|turn|3\n|c|\u2606hundwasser|what does this team do to an electric type\n|\n|t:|1661134999\n|move|p1a: Oomfies :)|Shadow Sneak|p2a: Joey\n|-damage|p2a: Joey|25\/100\n|move|p2a: Joey|Thunder|p1a: Oomfies :)\n|-damage|p1a: Oomfies :)|0 fnt\n|faint|p1a: Oomfies :)\n|\n|upkeep\n|c|\u2606igotthegat|moth\n|\n|t:|1661135005\n|switch|p1a: Cool Typing :)|Frosmoth, F|100\/100\n|turn|4\n|c|\u2606hundwasser|forgot moth wasnt weak to elec dont ask\n|\n|t:|1661135018\n|switch|p2a: Joseph|Aggron, F|100\/100\n|move|p1a: Cool Typing :)|Quiver Dance|p1a: Cool Typing :)\n|-boost|p1a: Cool Typing :)|spa|1\n|-boost|p1a: Cool Typing :)|spd|1\n|-boost|p1a: Cool Typing :)|spe|1\n|\n|upkeep\n|turn|5\n|\n|t:|1661135027\n|switch|p1a: Unionization|Wishiwashi, F|100\/100\n|-formechange|p1a: Unionization|Wishiwashi-School||[from] ability: Schooling\n|move|p2a: Joseph|Head Smash|p1a: Unionization|[miss]\n|-miss|p2a: Joseph|p1a: Unionization\n|\n|upkeep\n|turn|6\n|\n|t:|1661135048\n|switch|p2a: Jo|Abomasnow, M|100\/100\n|-weather|Hail|[from] ability: Snow Warning|[of] p2a: Jo\n|move|p1a: Unionization|Scald|p2a: Jo\n|-resisted|p2a: Jo\n|-damage|p2a: Jo|86\/100\n|\n|-weather|Hail|[upkeep]\n|-damage|p1a: Unionization|94\/100|[from] Hail\n|-heal|p1a: Unionization|100\/100|[from] item: Leftovers\n|upkeep\n|turn|7\n|c|\u2606hundwasser|whys he joseph\n|c|\u2606hundwasser|theyre all joe\n|c|\u2606hundwasser|joe teambuilding\n|\n|t:|1661135061\n|move|p2a: Jo|Leech Seed|p1a: Unionization\n|-start|p1a: Unionization|move: Leech Seed\n|move|p1a: Unionization|Flip Turn|p2a: Jo\n|-resisted|p2a: Jo\n|-damage|p2a: Jo|64\/100\n|\n|t:|1661135066\n|switch|p1a: Gangtroller|Charizard, F|100\/100|[from]move: Flip Turn\n|\n|-weather|Hail|[upkeep]\n|-damage|p1a: Gangtroller|94\/100|[from] Hail\n|upkeep\n|turn|8\n|\n|t:|1661135074\n|move|p1a: Gangtroller|Blaze Kick|p2a: Jo\n|-supereffective|p2a: Jo\n|-damage|p2a: Jo|0 fnt\n|faint|p2a: Jo\n|\n|-weather|Hail|[upkeep]\n|-damage|p1a: Gangtroller|88\/100|[from] Hail\n|upkeep\n|\n|t:|1661135082\n|switch|p2a: Joey|Galvantula, F|25\/100\n|turn|9\n|\n|t:|1661135087\n|switch|p1a: Cool Typing :)|Frosmoth, F|100\/100\n|move|p2a: Joey|Volt Switch|p1a: Cool Typing :)\n|-crit|p1a: Cool Typing :)\n|-damage|p1a: Cool Typing :)|58\/100\n|\n|t:|1661135097\n|switch|p2a: Joseph|Aggron, F|100\/100|[from]move: Volt Switch\n|\n|-weather|Hail|[upkeep]\n|-damage|p2a: Joseph|94\/100|[from] Hail\n|upkeep\n|turn|10\n|\n|t:|1661135107\n|move|p1a: Cool Typing :)|Giga Drain|p2a: Joseph\n|-damage|p2a: Joseph|59\/100\n|-heal|p1a: Cool Typing :)|80\/100|[from] drain|[of] p2a: Joseph\n|move|p2a: Joseph|Head Smash|p1a: Cool Typing :)\n|-supereffective|p1a: Cool Typing :)\n|-damage|p1a: Cool Typing :)|0 fnt\n|faint|p1a: Cool Typing :)\n|\n|-weather|none\n|upkeep\n|c|\u2606hundwasser|was predicting the predict\n|\n|t:|1661135119\n|switch|p1a: Gangtroller|Charizard, F|88\/100\n|turn|11\n|\n|t:|1661135122\n|move|p1a: Gangtroller|Earthquake|p2a: Joseph\n|-supereffective|p2a: Joseph\n|-damage|p2a: Joseph|0 fnt\n|faint|p2a: Joseph\n|\n|upkeep\n|\n|t:|1661135126\n|switch|p2a: Joey|Galvantula, F|25\/100\n|turn|12\n|\n|t:|1661135134\n|switch|p1a: Arachnophobia|Galvantula, F|100\/100\n|move|p2a: Joey|Volt Switch|p1a: Arachnophobia\n|-resisted|p1a: Arachnophobia\n|-damage|p1a: Arachnophobia|62\/100\n|c|\u2606hundwasser|ggs\n|\n|t:|1661135139\n|switch|p2a: Joe!!!|Quagsire, M|100\/100|[from]move: Volt Switch\n|\n|upkeep\n|turn|13\n|\n|t:|1661135143\n|move|p1a: Arachnophobia|Bug Buzz|p2a: Joe!!!\n|-damage|p2a: Joe!!!|54\/100\n|move|p2a: Joe!!!|Power-Up Punch|p1a: Arachnophobia\n|-resisted|p1a: Arachnophobia\n|-damage|p1a: Arachnophobia|51\/100\n|-boost|p2a: Joe!!!|atk|1\n|\n|-heal|p2a: Joe!!!|60\/100|[from] item: Leftovers\n|upkeep\n|turn|14\n|\n|t:|1661135151\n|move|p1a: Arachnophobia|Bug Buzz|p2a: Joe!!!\n|-damage|p2a: Joe!!!|15\/100\n|-unboost|p2a: Joe!!!|spd|1\n|move|p2a: Joe!!!|Liquidation|p1a: Arachnophobia\n|-damage|p1a: Arachnophobia|0 fnt\n|faint|p1a: Arachnophobia\n|\n|-heal|p2a: Joe!!!|21\/100|[from] item: Leftovers\n|upkeep\n|c|\u2606igotthegat|nah u farm\n|\n|t:|1661135160\n|switch|p1a: Gangtroller|Charizard, F|88\/100\n|turn|15\n|\n|t:|1661135166\n|move|p1a: Gangtroller|Earthquake|p2a: Joe!!!\n|-damage|p2a: Joe!!!|0 fnt\n|faint|p2a: Joe!!!\n|\n|upkeep\n|\n|t:|1661135171\n|switch|p2a: Joey|Galvantula, F|25\/100\n|turn|16\n|c|\u2606hundwasser|opinion on the quag goat?\n|\n|t:|1661135176\n|move|p2a: Joey|Volt Switch|p1a: Gangtroller\n|-supereffective|p1a: Gangtroller\n|-damage|p1a: Gangtroller|0 fnt\n|faint|p1a: Gangtroller\n|c|\u2606igotthegat|it's so bad i love him\n|\n|t:|1661135193\n|switch|p2a: Joe|Hitmonlee, M|100\/100|[from]move: Volt Switch\n|\n|upkeep\n|c|\u2606hundwasser|think about it\n|\n|t:|1661135197\n|switch|p1a: Unionization|Wishiwashi, F|100\/100\n|-formechange|p1a: Unionization|Wishiwashi-School||[from] ability: Schooling\n|turn|17\n|c|\u2606hundwasser|aw hell naw its joe mother\n|\n|t:|1661135208\n|move|p2a: Joe|Dynamic Punch|p1a: Unionization\n|-damage|p1a: Unionization|47\/100\n|-start|p1a: Unionization|confusion\n|-activate|p1a: Unionization|confusion\n|-damage|p1a: Unionization|32\/100|[from] confusion\n|\n|-heal|p1a: Unionization|39\/100|[from] item: Leftovers\n|upkeep\n|turn|18\n|\n|t:|1661135215\n|move|p2a: Joe|Dynamic Punch|p1a: Unionization\n|-damage|p1a: Unionization|0 fnt\n|faint|p1a: Unionization\n|\n|win|igotthegat\n|raw|hundwasser's rating: 1098 &rarr; <strong>1073<\/strong><br \/>(-25 for losing)\n|raw|igotthegat's rating: 1099 &rarr; <strong>1124<\/strong><br \/>(+25 for winning)\n|c|\u2606igotthegat|gg\n|c|\u2606hundwasser|see it always works\n|c|\u2606hundwasser|gg\n","uploadtime":1661135222,"views":10,"p1id":"hundwasser","p2id":"igotthegat","formatid":"gen8pu","rating":1073,"private":0,"password":null}