{"id":"gen8bdspou-1499308901","p1":"hkqqq","p2":"Colonel Rivai","format":"gen8bdspou","log":"|j|\u2606hkqqq\n|j|\u2606Colonel Rivai\n|t:|1643266783\n|gametype|singles\n|player|p1|hkqqq|169|1256\n|player|p2|Colonel Rivai|265|1375\n|teamsize|p1|6\n|teamsize|p2|6\n|gen|8\n|tier|[Gen 8 BDSP] OU\n|rated|\n|rule|Sleep Clause Mod: Limit one foe put to sleep\n|rule|Species Clause: Limit one of each Pok\u00e9mon\n|rule|OHKO Clause: OHKO moves are banned\n|rule|Evasion Moves Clause: Evasion moves are banned\n|rule|Endless Battle Clause: Forcing endless battles is banned\n|rule|HP Percentage Mod: HP is shown in percentages\n|clearpoke\n|poke|p1|Sceptile, F|\n|poke|p1|Starmie|\n|poke|p1|Luxray, F|\n|poke|p1|Flygon, M|\n|poke|p1|Scizor, F|\n|poke|p1|Drapion, M|\n|poke|p2|Magmortar, F|\n|poke|p2|Togekiss, M|\n|poke|p2|Tentacruel, M|\n|poke|p2|Scizor, M|\n|poke|p2|Garchomp, M|\n|poke|p2|Weavile, F|\n|teampreview\n|inactive|Battle timer is ON: inactive players will automatically lose when time's up. (requested by Colonel Rivai)\n|\n|t:|1643266794\n|start\n|switch|p1a: Sceptile|Sceptile, F|100\/100\n|switch|p2a: Tentacruel|Tentacruel, M|100\/100\n|turn|1\n|\n|t:|1643266803\n|move|p2a: Tentacruel|Knock Off|p1a: Sceptile\n|-damage|p1a: Sceptile|68\/100\n|-enditem|p1a: Sceptile|Focus Sash|[from] move: Knock Off|[of] p2a: Tentacruel\n|move|p1a: Sceptile|Earthquake|p2a: Tentacruel\n|-supereffective|p2a: Tentacruel\n|-damage|p2a: Tentacruel|51\/100\n|\n|-heal|p2a: Tentacruel|57\/100|[from] item: Black Sludge\n|upkeep\n|turn|2\n|\n|t:|1643266814\n|switch|p1a: Scizor|Scizor, F|100\/100\n|move|p2a: Tentacruel|Sludge Bomb|p1a: Scizor\n|-immune|p1a: Scizor\n|\n|-heal|p2a: Tentacruel|63\/100|[from] item: Black Sludge\n|upkeep\n|turn|3\n|\n|t:|1643266822\n|move|p2a: Tentacruel|Scald|p1a: Scizor\n|-damage|p1a: Scizor|80\/100\n|move|p1a: Scizor|U-turn|p2a: Tentacruel\n|-resisted|p2a: Tentacruel\n|-damage|p2a: Tentacruel|46\/100\n|\n|t:|1643266833\n|switch|p1a: Drapion|Drapion, M|100\/100|[from]move: U-turn\n|\n|-heal|p2a: Tentacruel|52\/100|[from] item: Black Sludge\n|upkeep\n|turn|4\n|\n|t:|1643266840\n|move|p1a: Drapion|Night Slash|p2a: Tentacruel\n|-crit|p2a: Tentacruel\n|-damage|p2a: Tentacruel|0 fnt\n|faint|p2a: Tentacruel\n|\n|upkeep\n|\n|t:|1643266845\n|switch|p2a: Garchomp|Garchomp, M|100\/100\n|turn|5\n|\n|t:|1643266853\n|switch|p1a: Flygon|Flygon, M|100\/100\n|move|p2a: Garchomp|Stealth Rock|p1a: Flygon\n|-sidestart|p1: hkqqq|move: Stealth Rock\n|\n|upkeep\n|turn|6\n|\n|t:|1643266859\n|switch|p2a: Togekiss|Togekiss, M|100\/100\n|move|p1a: Flygon|Defog|p2a: Togekiss\n|-unboost|p2a: Togekiss|evasion|1\n|-sideend|p1: hkqqq|Stealth Rock|[from] move: Defog|[of] p1a: Flygon\n|\n|upkeep\n|turn|7\n|\n|t:|1643266865\n|move|p1a: Flygon|U-turn|p2a: Togekiss\n|-resisted|p2a: Togekiss\n|-damage|p2a: Togekiss|97\/100\n|\n|t:|1643266872\n|switch|p1a: Drapion|Drapion, M|100\/100|[from]move: U-turn\n|move|p2a: Togekiss|Flamethrower|p1a: Drapion\n|-damage|p1a: Drapion|66\/100\n|\n|-heal|p2a: Togekiss|100\/100|[from] item: Leftovers\n|upkeep\n|turn|8\n|\n|t:|1643266882\n|switch|p2a: Scizor|Scizor, M|100\/100\n|move|p1a: Drapion|Cross Poison|p2a: Scizor\n|-immune|p2a: Scizor\n|\n|upkeep\n|turn|9\n|\n|t:|1643266888\n|move|p1a: Drapion|Knock Off|p2a: Scizor\n|-crit|p2a: Scizor\n|-damage|p2a: Scizor|30\/100\n|-enditem|p2a: Scizor|Leftovers|[from] move: Knock Off|[of] p1a: Drapion\n|move|p2a: Scizor|U-turn|p1a: Drapion\n|-damage|p1a: Drapion|33\/100\n|\n|t:|1643266915\n|switch|p2a: Garchomp|Garchomp, M|100\/100|[from]move: U-turn\n|\n|upkeep\n|turn|10\n|\n|t:|1643266921\n|switch|p1a: Luxray|Luxray, F|100\/100\n|-ability|p1a: Luxray|Intimidate|boost\n|-unboost|p2a: Garchomp|atk|1\n|move|p2a: Garchomp|Dragon Claw|p1a: Luxray\n|-damage|p1a: Luxray|77\/100\n|\n|upkeep\n|turn|11\n|\n|t:|1643266930\n|switch|p2a: Scizor|Scizor, M|30\/100\n|move|p1a: Luxray|Volt Switch|p2a: Scizor\n|-damage|p2a: Scizor|4\/100\n|\n|t:|1643266943\n|switch|p1a: Sceptile|Sceptile, F|68\/100|[from]move: Volt Switch\n|\n|upkeep\n|turn|12\n|\n|t:|1643266949\n|move|p1a: Sceptile|Quick Attack|p2a: Scizor\n|-resisted|p2a: Scizor\n|-damage|p2a: Scizor|0 fnt\n|faint|p2a: Scizor\n|\n|upkeep\n|\n|t:|1643266952\n|switch|p2a: Magmortar|Magmortar, F|100\/100\n|turn|13\n|\n|t:|1643266957\n|switch|p1a: Flygon|Flygon, M|100\/100\n|move|p2a: Magmortar|Flamethrower|p1a: Flygon\n|-resisted|p1a: Flygon\n|-damage|p1a: Flygon|61\/100\n|-status|p1a: Flygon|brn\n|\n|-damage|p1a: Flygon|54\/100 brn|[from] brn\n|upkeep\n|turn|14\n|\n|t:|1643266967\n|move|p1a: Flygon|U-turn|p2a: Magmortar\n|-resisted|p2a: Magmortar\n|-crit|p2a: Magmortar\n|-damage|p2a: Magmortar|91\/100\n|\n|t:|1643266971\n|switch|p1a: Sceptile|Sceptile, F|68\/100|[from]move: U-turn\n|move|p2a: Magmortar|Flamethrower|p1a: Sceptile\n|-supereffective|p1a: Sceptile\n|-damage|p1a: Sceptile|0 fnt\n|faint|p1a: Sceptile\n|\n|upkeep\n|\n|t:|1643266980\n|switch|p1a: Starmie|Starmie|100\/100\n|turn|15\n|\n|t:|1643266985\n|switch|p2a: Togekiss|Togekiss, M|100\/100\n|move|p1a: Starmie|Surf|p2a: Togekiss\n|-damage|p2a: Togekiss|60\/100\n|-damage|p1a: Starmie|91\/100|[from] item: Life Orb\n|\n|-heal|p2a: Togekiss|66\/100|[from] item: Leftovers\n|upkeep\n|turn|16\n|\n|t:|1643266996\n|move|p1a: Starmie|Ice Beam|p2a: Togekiss\n|-supereffective|p2a: Togekiss\n|-damage|p2a: Togekiss|22\/100\n|-damage|p1a: Starmie|81\/100|[from] item: Life Orb\n|move|p2a: Togekiss|Thunder Wave|p1a: Starmie\n|-status|p1a: Starmie|par\n|\n|-heal|p2a: Togekiss|28\/100|[from] item: Leftovers\n|upkeep\n|turn|17\n|\n|t:|1643267005\n|move|p2a: Togekiss|Roost|p2a: Togekiss\n|-heal|p2a: Togekiss|78\/100\n|-singleturn|p2a: Togekiss|move: Roost\n|move|p1a: Starmie|Surf|p2a: Togekiss\n|-damage|p2a: Togekiss|33\/100\n|-damage|p1a: Starmie|71\/100 par|[from] item: Life Orb\n|\n|-heal|p2a: Togekiss|39\/100|[from] item: Leftovers\n|upkeep\n|turn|18\n|\n|t:|1643267017\n|switch|p1a: Drapion|Drapion, M|33\/100\n|move|p2a: Togekiss|Roost|p2a: Togekiss\n|-heal|p2a: Togekiss|89\/100\n|-singleturn|p2a: Togekiss|move: Roost\n|\n|-heal|p2a: Togekiss|95\/100|[from] item: Leftovers\n|upkeep\n|turn|19\n|\n|t:|1643267029\n|switch|p2a: Garchomp|Garchomp, M|100\/100\n|move|p1a: Drapion|Ice Fang|p2a: Garchomp\n|-supereffective|p2a: Garchomp\n|-damage|p2a: Garchomp|36\/100\n|-damage|p1a: Drapion|20\/100|[from] ability: Rough Skin|[of] p2a: Garchomp\n|\n|upkeep\n|turn|20\n|\n|t:|1643267039\n|switch|p1a: Flygon|Flygon, M|54\/100 brn\n|move|p2a: Garchomp|Dragon Claw|p1a: Flygon\n|-supereffective|p1a: Flygon\n|-damage|p1a: Flygon|0 fnt\n|faint|p1a: Flygon\n|\n|upkeep\n|\n|t:|1643267047\n|switch|p1a: Scizor|Scizor, F|80\/100\n|turn|21\n|\n|t:|1643267051\n|switch|p2a: Magmortar|Magmortar, F|91\/100\n|move|p1a: Scizor|U-turn|p2a: Magmortar\n|-resisted|p2a: Magmortar\n|-damage|p2a: Magmortar|64\/100\n|\n|t:|1643267060\n|switch|p1a: Drapion|Drapion, M|20\/100|[from]move: U-turn\n|\n|upkeep\n|turn|22\n|\n|t:|1643267072\n|switch|p2a: Togekiss|Togekiss, M|95\/100\n|move|p1a: Drapion|Night Slash|p2a: Togekiss\n|-resisted|p2a: Togekiss\n|-crit|p2a: Togekiss\n|-damage|p2a: Togekiss|63\/100\n|\n|-heal|p2a: Togekiss|69\/100|[from] item: Leftovers\n|upkeep\n|turn|23\n|\n|t:|1643267081\n|move|p1a: Drapion|Cross Poison|p2a: Togekiss\n|-supereffective|p2a: Togekiss\n|-damage|p2a: Togekiss|16\/100\n|move|p2a: Togekiss|Flamethrower|p1a: Drapion\n|-damage|p1a: Drapion|0 fnt\n|faint|p1a: Drapion\n|\n|-heal|p2a: Togekiss|22\/100|[from] item: Leftovers\n|upkeep\n|\n|t:|1643267092\n|switch|p1a: Scizor|Scizor, F|80\/100\n|turn|24\n|\n|t:|1643267096\n|switch|p2a: Magmortar|Magmortar, F|64\/100\n|move|p1a: Scizor|Bullet Punch|p2a: Magmortar\n|-resisted|p2a: Magmortar\n|-damage|p2a: Magmortar|40\/100\n|\n|-heal|p1a: Scizor|86\/100|[from] item: Leftovers\n|upkeep\n|turn|25\n|\n|t:|1643267107\n|switch|p1a: Luxray|Luxray, F|77\/100\n|-ability|p1a: Luxray|Intimidate|boost\n|-unboost|p2a: Magmortar|atk|1\n|move|p2a: Magmortar|Flamethrower|p1a: Luxray\n|-damage|p1a: Luxray|4\/100\n|-enditem|p1a: Luxray|Aguav Berry|[eat]\n|-heal|p1a: Luxray|37\/100|[from] item: Aguav Berry\n|\n|upkeep\n|turn|26\n|\n|t:|1643267118\n|move|p2a: Magmortar|Flamethrower|p1a: Luxray\n|-damage|p1a: Luxray|0 fnt\n|faint|p1a: Luxray\n|\n|upkeep\n|\n|t:|1643267123\n|switch|p1a: Starmie|Starmie|71\/100 par\n|turn|27\n|\n|t:|1643267147\n|switch|p2a: Togekiss|Togekiss, M|22\/100\n|move|p1a: Starmie|Surf|p2a: Togekiss\n|-damage|p2a: Togekiss|0 fnt\n|faint|p2a: Togekiss\n|-damage|p1a: Starmie|61\/100 par|[from] item: Life Orb\n|\n|upkeep\n|\n|t:|1643267151\n|switch|p2a: Weavile|Weavile, F|100\/100\n|-ability|p2a: Weavile|Pressure\n|turn|28\n|\n|t:|1643267159\n|move|p2a: Weavile|Throat Chop|p1a: Starmie\n|-supereffective|p1a: Starmie\n|-damage|p1a: Starmie|0 fnt\n|faint|p1a: Starmie\n|-damage|p2a: Weavile|91\/100|[from] item: Life Orb\n|\n|upkeep\n|\n|t:|1643267165\n|switch|p1a: Scizor|Scizor, F|86\/100\n|turn|29\n|\n|t:|1643267168\n|move|p2a: Weavile|Throat Chop|p1a: Scizor\n|-damage|p1a: Scizor|36\/100\n|-start|p1a: Scizor|Throat Chop|[silent]\n|-damage|p2a: Weavile|81\/100|[from] item: Life Orb\n|move|p1a: Scizor|Swords Dance|p1a: Scizor\n|-boost|p1a: Scizor|atk|2\n|\n|-heal|p1a: Scizor|42\/100|[from] item: Leftovers\n|upkeep\n|turn|30\n|\n|t:|1643267177\n|move|p1a: Scizor|Bullet Punch|p2a: Weavile\n|-supereffective|p2a: Weavile\n|-damage|p2a: Weavile|0 fnt\n|faint|p2a: Weavile\n|\n|-heal|p1a: Scizor|48\/100|[from] item: Leftovers\n|-end|p1a: Scizor|Throat Chop|[silent]\n|upkeep\n|\n|t:|1643267180\n|switch|p2a: Magmortar|Magmortar, F|40\/100\n|turn|31\n|\n|t:|1643267187\n|move|p1a: Scizor|Bullet Punch|p2a: Magmortar\n|-resisted|p2a: Magmortar\n|-damage|p2a: Magmortar|0 fnt\n|faint|p2a: Magmortar\n|\n|-heal|p1a: Scizor|54\/100|[from] item: Leftovers\n|upkeep\n|\n|t:|1643267189\n|switch|p2a: Garchomp|Garchomp, M|36\/100\n|turn|32\n|\n|t:|1643267196\n|move|p1a: Scizor|Bullet Punch|p2a: Garchomp\n|-damage|p2a: Garchomp|0 fnt\n|-damage|p1a: Scizor|42\/100|[from] ability: Rough Skin|[of] p2a: Garchomp\n|faint|p2a: Garchomp\n|\n|win|hkqqq\n|raw|hkqqq's rating: 1256 &rarr; <strong>1289<\/strong><br \/>(+33 for winning)\n|raw|Colonel Rivai's rating: 1375 &rarr; <strong>1348<\/strong><br \/>(-27 for losing)\n|l|\u2606Colonel Rivai\n","uploadtime":1643267211,"views":17,"p1id":"hkqqq","p2id":"colonelrivai","formatid":"gen8bdspou","rating":1289,"private":0,"password":null}