{"id":"gen8ou-1691043910","p1":"minimax_ai","p2":"kokoukohiro","format":"gen8ou","log":"|html|<div class=\"broadcast-blue\"><strong>[Gen 8] OU is currently suspecting Melmetal! For information on how to participate check out the <a href=\"https:\/\/www.smogon.com\/forums\/threads\/np-ss-ou-suspect-process-round-12-monster-mash.3709234\/\">suspect thread<\/a>.<\/strong><\/div>\n|j|\u2606minimax_ai\n|j|\u2606kokoukohiro\n|t:|1666335095\n|gametype|singles\n|player|p1|minimax_ai|lusamine-nihilego|1537\n|player|p2|kokoukohiro|dawn-gen4pt|1551\n|teamsize|p1|6\n|teamsize|p2|6\n|gen|8\n|tier|[Gen 8] OU\n|rated|\n|rule|Sleep Clause Mod: Limit one foe put to sleep\n|rule|Species Clause: Limit one of each Pok\u00e9mon\n|rule|OHKO Clause: OHKO moves are banned\n|rule|Evasion Items Clause: Evasion items are banned\n|rule|Evasion Moves Clause: Evasion moves are banned\n|rule|Endless Battle Clause: Forcing endless battles is banned\n|rule|HP Percentage Mod: HP is shown in percentages\n|rule|Dynamax Clause: You cannot dynamax\n|clearpoke\n|poke|p1|Rotom-Wash|\n|poke|p1|Weavile, F|\n|poke|p1|Landorus-Therian, M|\n|poke|p1|Heatran, M|\n|poke|p1|Tangrowth, F|\n|poke|p1|Melmetal|\n|poke|p2|Jirachi|\n|poke|p2|Quagsire, M|\n|poke|p2|Blissey, F|\n|poke|p2|Toxapex, M|\n|poke|p2|Skarmory, M|\n|poke|p2|Tornadus-Therian, M|\n|teampreview\n|c|\u2606minimax_ai|hf\n|inactive|Battle timer is ON: inactive players will automatically lose when time's up. (requested by minimax_ai)\n|\n|t:|1666335113\n|start\n|switch|p1a: Heatran|Heatran, M|100\/100\n|switch|p2a: Toxapex|Toxapex, M|100\/100\n|-item|p1a: Heatran|Air Balloon\n|turn|1\n|\n|t:|1666335115\n|move|p1a: Heatran|Stealth Rock|p2a: Toxapex\n|-sidestart|p2: kokoukohiro|move: Stealth Rock\n|move|p2a: Toxapex|Scald|p1a: Heatran\n|-supereffective|p1a: Heatran\n|-damage|p1a: Heatran|67\/100\n|-enditem|p1a: Heatran|Air Balloon\n|\n|upkeep\n|turn|2\n|\n|t:|1666335117\n|move|p1a: Heatran|Earth Power|p2a: Toxapex\n|-supereffective|p2a: Toxapex\n|-damage|p2a: Toxapex|49\/100\n|-unboost|p2a: Toxapex|spd|1\n|move|p2a: Toxapex|Toxic Spikes|p1a: Heatran\n|-sidestart|p1: minimax_ai|move: Toxic Spikes\n|\n|upkeep\n|turn|3\n|\n|t:|1666335126\n|switch|p2a: Blissey|Blissey, F|100\/100\n|move|p1a: Heatran|Magma Storm|p2a: Blissey\n|-damage|p2a: Blissey|87\/100\n|-activate|p2a: Blissey|move: Magma Storm|[of] p1a: Heatran\n|\n|-damage|p2a: Blissey|74\/100|[from] move: Magma Storm|[partiallytrapped]\n|upkeep\n|turn|4\n|\n|t:|1666335130\n|switch|p1a: Melmetal|Melmetal|100\/100\n|move|p2a: Blissey|Soft-Boiled|p2a: Blissey\n|-heal|p2a: Blissey|100\/100\n|\n|-end|p2a: Blissey|Magma Storm|[partiallytrapped]|[silent]\n|upkeep\n|turn|5\n|\n|t:|1666335136\n|switch|p2a: Skarmory|Skarmory, M|100\/100\n|-damage|p2a: Skarmory|88\/100|[from] Stealth Rock\n|move|p1a: Melmetal|Ice Punch|p2a: Skarmory\n|-damage|p2a: Skarmory|68\/100\n|\n|upkeep\n|turn|6\n|\n|t:|1666335141\n|switch|p1a: Heatran|Heatran, M|67\/100\n|move|p2a: Skarmory|Roost|p2a: Skarmory\n|-heal|p2a: Skarmory|100\/100\n|-singleturn|p2a: Skarmory|move: Roost\n|\n|upkeep\n|turn|7\n|\n|t:|1666335147\n|switch|p2a: Blissey|Blissey, F|100\/100\n|move|p1a: Heatran|Magma Storm|p2a: Blissey\n|-damage|p2a: Blissey|87\/100\n|-activate|p2a: Blissey|move: Magma Storm|[of] p1a: Heatran\n|\n|-damage|p2a: Blissey|74\/100|[from] move: Magma Storm|[partiallytrapped]\n|upkeep\n|turn|8\n|\n|t:|1666335151\n|switch|p1a: Melmetal|Melmetal|100\/100\n|move|p2a: Blissey|Soft-Boiled|p2a: Blissey\n|-heal|p2a: Blissey|100\/100\n|\n|-end|p2a: Blissey|Magma Storm|[partiallytrapped]|[silent]\n|upkeep\n|turn|9\n|\n|t:|1666335155\n|switch|p2a: Skarmory|Skarmory, M|100\/100\n|-damage|p2a: Skarmory|88\/100|[from] Stealth Rock\n|move|p1a: Melmetal|Ice Punch|p2a: Skarmory\n|-damage|p2a: Skarmory|69\/100\n|\n|upkeep\n|turn|10\n|\n|t:|1666335158\n|switch|p1a: rotomwash|Rotom-Wash|100\/100\n|move|p2a: Skarmory|Body Press|p1a: rotomwash\n|-damage|p1a: rotomwash|65\/100\n|\n|-heal|p1a: rotomwash|71\/100|[from] item: Leftovers\n|upkeep\n|turn|11\n|\n|t:|1666335166\n|switch|p2a: Jirachi|Jirachi|100\/100\n|-damage|p2a: Jirachi|94\/100|[from] Stealth Rock\n|move|p1a: rotomwash|Thunderbolt|p2a: Jirachi\n|-damage|p2a: Jirachi|74\/100\n|\n|-heal|p1a: rotomwash|77\/100|[from] item: Leftovers\n|-heal|p2a: Jirachi|80\/100|[from] item: Leftovers\n|upkeep\n|turn|12\n|\n|t:|1666335169\n|move|p1a: rotomwash|Nasty Plot|p1a: rotomwash\n|-boost|p1a: rotomwash|spa|2\n|move|p2a: Jirachi|Wish|p2a: Jirachi\n|\n|-heal|p1a: rotomwash|83\/100|[from] item: Leftovers\n|-heal|p2a: Jirachi|86\/100|[from] item: Leftovers\n|upkeep\n|turn|13\n|\n|t:|1666335173\n|move|p1a: rotomwash|Nasty Plot|p1a: rotomwash\n|-boost|p1a: rotomwash|spa|2\n|move|p2a: Jirachi|U-turn|p1a: rotomwash\n|-damage|p1a: rotomwash|66\/100\n|\n|t:|1666335176\n|switch|p2a: Blissey|Blissey, F|100\/100|[from]move: U-turn\n|\n|-heal|p1a: rotomwash|73\/100|[from] item: Leftovers\n|upkeep\n|turn|14\n|\n|t:|1666335178\n|move|p1a: rotomwash|Thunderbolt|p2a: Blissey\n|-damage|p2a: Blissey|72\/100\n|move|p2a: Blissey|Toxic|p1a: rotomwash\n|-status|p1a: rotomwash|tox\n|\n|-heal|p1a: rotomwash|79\/100 tox|[from] item: Leftovers\n|-damage|p1a: rotomwash|73\/100 tox|[from] psn\n|upkeep\n|turn|15\n|\n|t:|1666335180\n|move|p1a: rotomwash|Thunderbolt|p2a: Blissey\n|-damage|p2a: Blissey|44\/100\n|move|p2a: Blissey|Soft-Boiled|p2a: Blissey\n|-heal|p2a: Blissey|94\/100\n|\n|-heal|p1a: rotomwash|79\/100 tox|[from] item: Leftovers\n|-damage|p1a: rotomwash|66\/100 tox|[from] psn\n|upkeep\n|turn|16\n|\n|t:|1666335183\n|move|p1a: rotomwash|Nasty Plot|p1a: rotomwash\n|-boost|p1a: rotomwash|spa|2\n|move|p2a: Blissey|Seismic Toss|p1a: rotomwash\n|-damage|p1a: rotomwash|33\/100 tox\n|\n|-heal|p1a: rotomwash|40\/100 tox|[from] item: Leftovers\n|-damage|p1a: rotomwash|21\/100 tox|[from] psn\n|upkeep\n|turn|17\n|\n|t:|1666335185\n|move|p1a: rotomwash|Pain Split|p2a: Blissey\n|-sethp|p2a: Blissey|51\/100|[from] move: Pain Split|[silent]\n|-sethp|p1a: rotomwash|100\/100 tox|[from] move: Pain Split\n|move|p2a: Blissey|Seismic Toss|p1a: rotomwash\n|-damage|p1a: rotomwash|68\/100 tox\n|\n|-heal|p1a: rotomwash|74\/100 tox|[from] item: Leftovers\n|-damage|p1a: rotomwash|49\/100 tox|[from] psn\n|upkeep\n|turn|18\n|\n|t:|1666335188\n|move|p1a: rotomwash|Hydro Pump|p2a: Blissey\n|-damage|p2a: Blissey|4\/100\n|move|p2a: Blissey|Soft-Boiled|p2a: Blissey\n|-heal|p2a: Blissey|54\/100\n|\n|-heal|p1a: rotomwash|55\/100 tox|[from] item: Leftovers\n|-damage|p1a: rotomwash|24\/100 tox|[from] psn\n|upkeep\n|turn|19\n|\n|t:|1666335190\n|move|p1a: rotomwash|Hydro Pump|p2a: Blissey\n|-damage|p2a: Blissey|4\/100\n|move|p2a: Blissey|Soft-Boiled|p2a: Blissey\n|-heal|p2a: Blissey|54\/100\n|\n|-heal|p1a: rotomwash|30\/100 tox|[from] item: Leftovers\n|-damage|p1a: rotomwash|0 fnt|[from] psn\n|faint|p1a: rotomwash\n|upkeep\n|\n|t:|1666335190\n|switch|p1a: Weavile|Weavile, F|100\/100\n|-status|p1a: Weavile|psn\n|-ability|p1a: Weavile|Pressure\n|turn|20\n|\n|t:|1666335196\n|switch|p2a: Toxapex|Toxapex, M|82\/100\n|-damage|p2a: Toxapex|69\/100|[from] Stealth Rock\n|move|p1a: Weavile|Triple Axel|p2a: Toxapex\n|-resisted|p2a: Toxapex\n|-damage|p2a: Toxapex|64\/100\n|-hitcount|p2a: Toxapex|1\n|\n|-damage|p1a: Weavile|88\/100 psn|[from] psn\n|upkeep\n|turn|21\n|\n|t:|1666335199\n|switch|p1a: landorustherian|Landorus-Therian, M|100\/100\n|-ability|p1a: landorustherian|Intimidate|boost\n|-unboost|p2a: Toxapex|atk|1\n|move|p2a: Toxapex|Recover|p2a: Toxapex\n|-heal|p2a: Toxapex|100\/100\n|\n|upkeep\n|turn|22\n|\n|t:|1666335202\n|move|p1a: landorustherian|Earthquake|p2a: Toxapex\n|-supereffective|p2a: Toxapex\n|-damage|p2a: Toxapex|41\/100\n|move|p2a: Toxapex|Toxic Spikes|p1a: landorustherian\n|-sidestart|p1: minimax_ai|move: Toxic Spikes\n|\n|upkeep\n|turn|23\n|\n|t:|1666335205\n|switch|p1a: Melmetal|Melmetal|100\/100\n|switch|p2a: Skarmory|Skarmory, M|69\/100\n|-damage|p2a: Skarmory|57\/100|[from] Stealth Rock\n|\n|upkeep\n|turn|24\n|\n|t:|1666335207\n|move|p2a: Skarmory|Roost|p2a: Skarmory\n|-heal|p2a: Skarmory|100\/100\n|-singleturn|p2a: Skarmory|move: Roost\n|move|p1a: Melmetal|Thunder Punch|p2a: Skarmory\n|-damage|p2a: Skarmory|79\/100\n|\n|upkeep\n|turn|25\n|\n|t:|1666335211\n|move|p2a: Skarmory|Spikes|p1a: Melmetal\n|-sidestart|p1: minimax_ai|Spikes\n|move|p1a: Melmetal|Earthquake|p2a: Skarmory\n|-immune|p2a: Skarmory\n|\n|upkeep\n|turn|26\n|\n|t:|1666335214\n|switch|p1a: landorustherian|Landorus-Therian, M|100\/100\n|-ability|p1a: landorustherian|Intimidate|boost\n|-unboost|p2a: Skarmory|atk|1\n|move|p2a: Skarmory|Spikes|p1a: landorustherian\n|-sidestart|p1: minimax_ai|Spikes\n|\n|upkeep\n|turn|27\n|\n|t:|1666335220\n|move|p1a: landorustherian|Defog|p2a: Skarmory\n|-unboost|p2a: Skarmory|evasion|1\n|-sideend|p2: kokoukohiro|Stealth Rock|[from] move: Defog|[of] p1a: landorustherian\n|-sideend|p1: minimax_ai|Spikes|[from] move: Defog|[of] p1a: landorustherian\n|-sideend|p1: minimax_ai|Toxic Spikes|[from] move: Defog|[of] p1a: landorustherian\n|move|p2a: Skarmory|Roar|p1a: landorustherian\n|drag|p1a: Weavile|Weavile, F|88\/100 psn\n|-ability|p1a: Weavile|Pressure\n|\n|-damage|p1a: Weavile|76\/100 psn|[from] psn\n|upkeep\n|turn|28\n|\n|t:|1666335223\n|switch|p1a: Tangrowth|Tangrowth, F|100\/100\n|move|p2a: Skarmory|Body Press|p1a: Tangrowth\n|-damage|p1a: Tangrowth|84\/100\n|-damage|p2a: Skarmory|63\/100|[from] item: Rocky Helmet|[of] p1a: Tangrowth\n|\n|upkeep\n|turn|29\n|\n|t:|1666335229\n|switch|p2a: Tornadus|Tornadus-Therian, M|100\/100\n|move|p1a: Tangrowth|Sleep Powder|p2a: Tornadus\n|-status|p2a: Tornadus|slp|[from] move: Sleep Powder\n|\n|upkeep\n|turn|30\n|\n|t:|1666335232\n|switch|p1a: Heatran|Heatran, M|67\/100\n|cant|p2a: Tornadus|slp\n|\n|upkeep\n|turn|31\n|\n|t:|1666335237\n|switch|p2a: Blissey|Blissey, F|54\/100\n|move|p1a: Heatran|Stealth Rock|p2a: Blissey\n|-sidestart|p2: kokoukohiro|move: Stealth Rock\n|\n|upkeep\n|turn|32\n|\n|t:|1666335238\n|switch|p1a: Melmetal|Melmetal|100\/100\n|move|p2a: Blissey|Soft-Boiled|p2a: Blissey\n|-heal|p2a: Blissey|100\/100\n|\n|upkeep\n|turn|33\n|\n|t:|1666335245\n|switch|p2a: Skarmory|Skarmory, M|63\/100\n|-damage|p2a: Skarmory|50\/100|[from] Stealth Rock\n|move|p1a: Melmetal|Double Iron Bash|p2a: Skarmory\n|-resisted|p2a: Skarmory\n|-damage|p2a: Skarmory|40\/100\n|-resisted|p2a: Skarmory\n|-crit|p2a: Skarmory\n|-damage|p2a: Skarmory|22\/100\n|-hitcount|p2a: Skarmory|2\n|\n|upkeep\n|turn|34\n|\n|t:|1666335247\n|move|p2a: Skarmory|Roost|p2a: Skarmory\n|-heal|p2a: Skarmory|72\/100\n|-singleturn|p2a: Skarmory|move: Roost\n|move|p1a: Melmetal|Thunder Punch|p2a: Skarmory\n|-damage|p2a: Skarmory|51\/100\n|\n|upkeep\n|turn|35\n|\n|t:|1666335249\n|move|p2a: Skarmory|Roost|p2a: Skarmory\n|-heal|p2a: Skarmory|100\/100\n|-singleturn|p2a: Skarmory|move: Roost\n|move|p1a: Melmetal|Thunder Punch|p2a: Skarmory\n|-damage|p2a: Skarmory|82\/100\n|\n|upkeep\n|turn|36\n|\n|t:|1666335254\n|move|p2a: Skarmory|Spikes|p1a: Melmetal\n|-sidestart|p1: minimax_ai|Spikes\n|move|p1a: Melmetal|Thunder Punch|p2a: Skarmory\n|-supereffective|p2a: Skarmory\n|-crit|p2a: Skarmory\n|-damage|p2a: Skarmory|21\/100\n|\n|upkeep\n|turn|37\n|\n|t:|1666335256\n|move|p2a: Skarmory|Roost|p2a: Skarmory\n|-heal|p2a: Skarmory|71\/100\n|-singleturn|p2a: Skarmory|move: Roost\n|move|p1a: Melmetal|Thunder Punch|p2a: Skarmory\n|-damage|p2a: Skarmory|50\/100\n|\n|upkeep\n|turn|38\n|\n|t:|1666335258\n|move|p2a: Skarmory|Roost|p2a: Skarmory\n|-heal|p2a: Skarmory|99\/100\n|-singleturn|p2a: Skarmory|move: Roost\n|move|p1a: Melmetal|Thunder Punch|p2a: Skarmory\n|-damage|p2a: Skarmory|81\/100\n|\n|upkeep\n|turn|39\n|\n|t:|1666335261\n|move|p2a: Skarmory|Body Press|p1a: Melmetal\n|-supereffective|p1a: Melmetal\n|-damage|p1a: Melmetal|64\/100\n|move|p1a: Melmetal|Thunder Punch|p2a: Skarmory\n|-supereffective|p2a: Skarmory\n|-damage|p2a: Skarmory|41\/100\n|\n|upkeep\n|turn|40\n|\n|t:|1666335263\n|move|p2a: Skarmory|Roost|p2a: Skarmory\n|-heal|p2a: Skarmory|91\/100\n|-singleturn|p2a: Skarmory|move: Roost\n|move|p1a: Melmetal|Thunder Punch|p2a: Skarmory\n|-damage|p2a: Skarmory|73\/100\n|\n|upkeep\n|turn|41\n|\n|t:|1666335266\n|move|p2a: Skarmory|Roost|p2a: Skarmory\n|-heal|p2a: Skarmory|100\/100\n|-singleturn|p2a: Skarmory|move: Roost\n|move|p1a: Melmetal|Thunder Punch|p2a: Skarmory\n|-damage|p2a: Skarmory|80\/100\n|\n|upkeep\n|turn|42\n|\n|t:|1666335268\n|move|p2a: Skarmory|Body Press|p1a: Melmetal\n|-supereffective|p1a: Melmetal\n|-damage|p1a: Melmetal|31\/100\n|move|p1a: Melmetal|Thunder Punch|p2a: Skarmory\n|-supereffective|p2a: Skarmory\n|-damage|p2a: Skarmory|40\/100\n|\n|upkeep\n|turn|43\n|\n|t:|1666335270\n|switch|p1a: Tangrowth|Tangrowth, F|100\/100\n|-damage|p1a: Tangrowth|88\/100|[from] Spikes\n|move|p2a: Skarmory|Roost|p2a: Skarmory\n|-heal|p2a: Skarmory|90\/100\n|-singleturn|p2a: Skarmory|move: Roost\n|\n|upkeep\n|turn|44\n|\n|t:|1666335277\n|move|p2a: Skarmory|Spikes|p1a: Tangrowth\n|-sidestart|p1: minimax_ai|Spikes\n|move|p1a: Tangrowth|Focus Blast|p2a: Skarmory\n|-damage|p2a: Skarmory|46\/100\n|\n|upkeep\n|turn|45\n|\n|t:|1666335279\n|move|p2a: Skarmory|Roost|p2a: Skarmory\n|-heal|p2a: Skarmory|96\/100\n|-singleturn|p2a: Skarmory|move: Roost\n|move|p1a: Tangrowth|Focus Blast|p2a: Skarmory\n|-supereffective|p2a: Skarmory\n|-damage|p2a: Skarmory|15\/100\n|\n|upkeep\n|turn|46\n|\n|t:|1666335288\n|switch|p2a: Jirachi|Jirachi|86\/100\n|-damage|p2a: Jirachi|80\/100|[from] Stealth Rock\n|move|p1a: Tangrowth|Focus Blast|p2a: Jirachi\n|-damage|p2a: Jirachi|63\/100\n|\n|-heal|p2a: Jirachi|69\/100|[from] item: Leftovers\n|upkeep\n|turn|47\n|\n|t:|1666335291\n|move|p2a: Jirachi|Wish|p2a: Jirachi\n|move|p1a: Tangrowth|Knock Off|p2a: Jirachi\n|-supereffective|p2a: Jirachi\n|-damage|p2a: Jirachi|33\/100\n|-enditem|p2a: Jirachi|Leftovers|[from] move: Knock Off|[of] p1a: Tangrowth\n|\n|upkeep\n|turn|48\n|\n|t:|1666335293\n|switch|p1a: Heatran|Heatran, M|67\/100\n|-damage|p1a: Heatran|51\/100|[from] Spikes\n|move|p2a: Jirachi|Iron Head|p1a: Heatran\n|-resisted|p1a: Heatran\n|-damage|p1a: Heatran|44\/100\n|\n|-heal|p2a: Jirachi|83\/100|[from] move: Wish|[wisher] Jirachi\n|upkeep\n|turn|49\n|\n|t:|1666335298\n|switch|p2a: Blissey|Blissey, F|100\/100\n|move|p1a: Heatran|Magma Storm|p2a: Blissey|[miss]\n|-miss|p1a: Heatran|p2a: Blissey\n|\n|upkeep\n|turn|50\n|\n|t:|1666335302\n|move|p1a: Heatran|Magma Storm|p2a: Blissey\n|-damage|p2a: Blissey|85\/100\n|-activate|p2a: Blissey|move: Magma Storm|[of] p1a: Heatran\n|move|p2a: Blissey|Seismic Toss|p1a: Heatran\n|-damage|p1a: Heatran|13\/100\n|\n|-damage|p2a: Blissey|72\/100|[from] move: Magma Storm|[partiallytrapped]\n|upkeep\n|turn|51\n|\n|t:|1666335306\n|move|p1a: Heatran|Magma Storm|p2a: Blissey\n|-damage|p2a: Blissey|59\/100\n|move|p2a: Blissey|Soft-Boiled|p2a: Blissey\n|-heal|p2a: Blissey|100\/100\n|\n|-damage|p2a: Blissey|88\/100|[from] move: Magma Storm|[partiallytrapped]\n|upkeep\n|turn|52\n|\n|t:|1666335308\n|move|p1a: Heatran|Magma Storm|p2a: Blissey\n|-crit|p2a: Blissey\n|-damage|p2a: Blissey|64\/100\n|move|p2a: Blissey|Seismic Toss|p1a: Heatran\n|-damage|p1a: Heatran|0 fnt\n|faint|p1a: Heatran\n|\n|-end|p2a: Blissey|Magma Storm|[partiallytrapped]|[silent]\n|upkeep\n|\n|t:|1666335308\n|switch|p1a: landorustherian|Landorus-Therian, M|100\/100\n|-ability|p1a: landorustherian|Intimidate|boost\n|-unboost|p2a: Blissey|atk|1\n|turn|53\n|\n|t:|1666335313\n|switch|p2a: Skarmory|Skarmory, M|15\/100\n|-damage|p2a: Skarmory|3\/100|[from] Stealth Rock\n|move|p1a: landorustherian|Earthquake|p2a: Skarmory\n|-immune|p2a: Skarmory\n|\n|upkeep\n|turn|54\n|\n|t:|1666335315\n|move|p1a: landorustherian|U-turn|p2a: Skarmory\n|-resisted|p2a: Skarmory\n|-damage|p2a: Skarmory|0 fnt\n|faint|p2a: Skarmory\n|\n|t:|1666335316\n|switch|p1a: Tangrowth|Tangrowth, F|100\/100|[from]move: U-turn\n|-damage|p1a: Tangrowth|84\/100|[from] Spikes\n|\n|upkeep\n|\n|t:|1666335322\n|switch|p2a: Jirachi|Jirachi|83\/100\n|-damage|p2a: Jirachi|77\/100|[from] Stealth Rock\n|turn|55\n|\n|t:|1666335323\n|switch|p1a: landorustherian|Landorus-Therian, M|100\/100\n|-ability|p1a: landorustherian|Intimidate|boost\n|-unboost|p2a: Jirachi|atk|1\n|move|p2a: Jirachi|Wish|p2a: Jirachi\n|\n|upkeep\n|turn|56\n|\n|t:|1666335329\n|switch|p2a: Tornadus|Tornadus-Therian, M|100\/100 slp\n|move|p1a: landorustherian|Earthquake|p2a: Tornadus\n|-immune|p2a: Tornadus\n|\n|upkeep\n|turn|57\n|\n|t:|1666335335\n|-curestatus|p2a: Tornadus|slp|[msg]\n|move|p2a: Tornadus|Heat Wave|p1a: landorustherian\n|-damage|p1a: landorustherian|82\/100\n|move|p1a: landorustherian|Earthquake|p2a: Tornadus\n|-immune|p2a: Tornadus\n|\n|-heal|p1a: landorustherian|88\/100|[from] item: Leftovers\n|upkeep\n|turn|58\n|\n|t:|1666335338\n|move|p2a: Tornadus|Heat Wave|p1a: landorustherian\n|-damage|p1a: landorustherian|70\/100\n|move|p1a: landorustherian|Toxic|p2a: Tornadus\n|-status|p2a: Tornadus|tox\n|\n|-heal|p1a: landorustherian|76\/100|[from] item: Leftovers\n|-damage|p2a: Tornadus|94\/100 tox|[from] psn\n|upkeep\n|turn|59\n|\n|t:|1666335342\n|move|p2a: Tornadus|Heat Wave|p1a: landorustherian|[miss]\n|-miss|p2a: Tornadus|p1a: landorustherian\n|move|p1a: landorustherian|Defog|p2a: Tornadus\n|-unboost|p2a: Tornadus|evasion|1\n|-sideend|p2: kokoukohiro|Stealth Rock|[from] move: Defog|[of] p1a: landorustherian\n|-sideend|p1: minimax_ai|Spikes|[from] move: Defog|[of] p1a: landorustherian\n|\n|-heal|p1a: landorustherian|82\/100|[from] item: Leftovers\n|-damage|p2a: Tornadus|82\/100 tox|[from] psn\n|upkeep\n|turn|60\n|\n|t:|1666335344\n|move|p2a: Tornadus|U-turn|p1a: landorustherian\n|-resisted|p1a: landorustherian\n|-damage|p1a: landorustherian|75\/100\n|\n|t:|1666335348\n|switch|p2a: Toxapex|Toxapex, M|74\/100|[from]move: U-turn\n|move|p1a: landorustherian|Earthquake|p2a: Toxapex\n|-supereffective|p2a: Toxapex\n|-damage|p2a: Toxapex|14\/100\n|\n|-heal|p1a: landorustherian|81\/100|[from] item: Leftovers\n|upkeep\n|turn|61\n|\n|t:|1666335358\n|switch|p2a: Tornadus|Tornadus-Therian, M|100\/100 tox\n|move|p1a: landorustherian|Earthquake|p2a: Tornadus\n|-immune|p2a: Tornadus\n|\n|-heal|p1a: landorustherian|87\/100|[from] item: Leftovers\n|-damage|p2a: Tornadus|94\/100 tox|[from] psn\n|upkeep\n|turn|62\n|\n|t:|1666335364\n|move|p2a: Tornadus|Heat Wave|p1a: landorustherian\n|-damage|p1a: landorustherian|71\/100\n|move|p1a: landorustherian|Earthquake|p2a: Tornadus\n|-immune|p2a: Tornadus\n|\n|-heal|p1a: landorustherian|77\/100|[from] item: Leftovers\n|-damage|p2a: Tornadus|82\/100 tox|[from] psn\n|upkeep\n|turn|63\n|\n|t:|1666335369\n|move|p2a: Tornadus|Heat Wave|p1a: landorustherian\n|-damage|p1a: landorustherian|59\/100\n|move|p1a: landorustherian|Earthquake|p2a: Tornadus\n|-immune|p2a: Tornadus\n|\n|-heal|p1a: landorustherian|65\/100|[from] item: Leftovers\n|-damage|p2a: Tornadus|64\/100 tox|[from] psn\n|upkeep\n|turn|64\n|\n|t:|1666335373\n|switch|p2a: Quagsire|Quagsire, M|100\/100\n|move|p1a: landorustherian|Earthquake|p2a: Quagsire\n|-crit|p2a: Quagsire\n|-damage|p2a: Quagsire|50\/100\n|\n|-heal|p1a: landorustherian|71\/100|[from] item: Leftovers\n|-heal|p2a: Quagsire|56\/100|[from] item: Leftovers\n|upkeep\n|turn|65\n|\n|t:|1666335374\n|move|p1a: landorustherian|Toxic|p2a: Quagsire\n|-status|p2a: Quagsire|tox\n|move|p2a: Quagsire|Recover|p2a: Quagsire\n|-heal|p2a: Quagsire|100\/100 tox\n|\n|-heal|p1a: landorustherian|77\/100|[from] item: Leftovers\n|-damage|p2a: Quagsire|94\/100 tox|[from] psn\n|upkeep\n|turn|66\n|\n|t:|1666335378\n|switch|p2a: Tornadus|Tornadus-Therian, M|97\/100 tox\n|move|p1a: landorustherian|Earthquake|p2a: Tornadus\n|-immune|p2a: Tornadus\n|\n|-heal|p1a: landorustherian|83\/100|[from] item: Leftovers\n|-damage|p2a: Tornadus|91\/100 tox|[from] psn\n|upkeep\n|turn|67\n|\n|t:|1666335382\n|move|p2a: Tornadus|Heat Wave|p1a: landorustherian\n|-damage|p1a: landorustherian|65\/100\n|move|p1a: landorustherian|Earthquake|p2a: Tornadus\n|-immune|p2a: Tornadus\n|\n|-heal|p1a: landorustherian|71\/100|[from] item: Leftovers\n|-damage|p2a: Tornadus|79\/100 tox|[from] psn\n|upkeep\n|turn|68\n|\n|t:|1666335384\n|move|p2a: Tornadus|Heat Wave|p1a: landorustherian\n|-damage|p1a: landorustherian|54\/100\n|move|p1a: landorustherian|Earthquake|p2a: Tornadus\n|-immune|p2a: Tornadus\n|\n|-heal|p1a: landorustherian|60\/100|[from] item: Leftovers\n|-damage|p2a: Tornadus|61\/100 tox|[from] psn\n|upkeep\n|turn|69\n|\n|t:|1666335391\n|switch|p2a: Quagsire|Quagsire, M|94\/100 tox\n|move|p1a: landorustherian|Earthquake|p2a: Quagsire\n|-damage|p2a: Quagsire|63\/100 tox\n|\n|-heal|p1a: landorustherian|66\/100|[from] item: Leftovers\n|-heal|p2a: Quagsire|69\/100 tox|[from] item: Leftovers\n|-damage|p2a: Quagsire|63\/100 tox|[from] psn\n|upkeep\n|turn|70\n|\n|t:|1666335392\n|move|p1a: landorustherian|Earthquake|p2a: Quagsire\n|-damage|p2a: Quagsire|28\/100 tox\n|move|p2a: Quagsire|Recover|p2a: Quagsire\n|-heal|p2a: Quagsire|78\/100 tox\n|\n|-heal|p1a: landorustherian|72\/100|[from] item: Leftovers\n|-heal|p2a: Quagsire|84\/100 tox|[from] item: Leftovers\n|-damage|p2a: Quagsire|72\/100 tox|[from] psn\n|upkeep\n|turn|71\n|\n|t:|1666335394\n|switch|p2a: Tornadus|Tornadus-Therian, M|94\/100 tox\n|move|p1a: landorustherian|Earthquake|p2a: Tornadus\n|-immune|p2a: Tornadus\n|\n|-heal|p1a: landorustherian|78\/100|[from] item: Leftovers\n|-damage|p2a: Tornadus|88\/100 tox|[from] psn\n|upkeep\n|turn|72\n|\n|t:|1666335397\n|move|p2a: Tornadus|Heat Wave|p1a: landorustherian\n|-damage|p1a: landorustherian|61\/100\n|move|p1a: landorustherian|Earthquake|p2a: Tornadus\n|-immune|p2a: Tornadus\n|\n|-heal|p1a: landorustherian|67\/100|[from] item: Leftovers\n|-damage|p2a: Tornadus|76\/100 tox|[from] psn\n|upkeep\n|turn|73\n|\n|t:|1666335408\n|switch|p2a: Toxapex|Toxapex, M|47\/100\n|switch|p1a: Melmetal|Melmetal|31\/100\n|\n|upkeep\n|turn|74\n|\n|t:|1666335412\n|switch|p2a: Tornadus|Tornadus-Therian, M|100\/100 tox\n|move|p1a: Melmetal|Double Iron Bash|p2a: Tornadus\n|-damage|p2a: Tornadus|52\/100 tox\n|-damage|p2a: Tornadus|4\/100 tox\n|-hitcount|p2a: Tornadus|2\n|\n|-damage|p2a: Tornadus|0 fnt|[from] psn\n|faint|p2a: Tornadus\n|upkeep\n|\n|t:|1666335418\n|switch|p2a: Quagsire|Quagsire, M|72\/100 tox\n|turn|75\n|\n|t:|1666335420\n|switch|p1a: Tangrowth|Tangrowth, F|100\/100\n|move|p2a: Quagsire|Earthquake|p1a: Tangrowth\n|-resisted|p1a: Tangrowth\n|-damage|p1a: Tangrowth|93\/100\n|\n|-heal|p2a: Quagsire|78\/100 tox|[from] item: Leftovers\n|-damage|p2a: Quagsire|72\/100 tox|[from] psn\n|upkeep\n|turn|76\n|\n|t:|1666335422\n|switch|p2a: Blissey|Blissey, F|64\/100\n|move|p1a: Tangrowth|Giga Drain|p2a: Blissey\n|-damage|p2a: Blissey|56\/100\n|-heal|p1a: Tangrowth|99\/100|[from] drain|[of] p2a: Blissey\n|\n|upkeep\n|turn|77\n|\n|t:|1666335424\n|switch|p1a: landorustherian|Landorus-Therian, M|67\/100\n|-ability|p1a: landorustherian|Intimidate|boost\n|-unboost|p2a: Blissey|atk|1\n|move|p2a: Blissey|Aromatherapy|p2a: Blissey\n|-activate|p2a: Blissey|move: Aromatherapy\n|-curestatus|p2: Quagsire|tox|[msg]\n|\n|-heal|p1a: landorustherian|73\/100|[from] item: Leftovers\n|upkeep\n|turn|78\n|\n|t:|1666335430\n|switch|p2a: Toxapex|Toxapex, M|80\/100\n|move|p1a: landorustherian|Defog|p2a: Toxapex\n|-unboost|p2a: Toxapex|evasion|1\n|\n|-heal|p1a: landorustherian|79\/100|[from] item: Leftovers\n|upkeep\n|turn|79\n|\n|t:|1666335433\n|switch|p1a: Tangrowth|Tangrowth, F|100\/100\n|move|p2a: Toxapex|Toxic Spikes|p1a: Tangrowth\n|-sidestart|p1: minimax_ai|move: Toxic Spikes\n|\n|upkeep\n|turn|80\n|\n|t:|1666335437\n|move|p1a: Tangrowth|Sleep Powder|p2a: Toxapex\n|-status|p2a: Toxapex|slp|[from] move: Sleep Powder\n|cant|p2a: Toxapex|slp\n|\n|upkeep\n|turn|81\n|\n|t:|1666335441\n|move|p1a: Tangrowth|Focus Blast|p2a: Toxapex\n|-resisted|p2a: Toxapex\n|-damage|p2a: Toxapex|68\/100 slp\n|-curestatus|p2a: Toxapex|slp|[msg]\n|move|p2a: Toxapex|Toxic Spikes|p1a: Tangrowth\n|-sidestart|p1: minimax_ai|move: Toxic Spikes\n|\n|upkeep\n|turn|82\n|\n|t:|1666335443\n|move|p1a: Tangrowth|Sleep Powder|p2a: Toxapex\n|-status|p2a: Toxapex|slp|[from] move: Sleep Powder\n|cant|p2a: Toxapex|slp\n|\n|upkeep\n|turn|83\n|\n|t:|1666335445\n|move|p1a: Tangrowth|Focus Blast|p2a: Toxapex\n|-resisted|p2a: Toxapex\n|-damage|p2a: Toxapex|55\/100 slp\n|cant|p2a: Toxapex|slp\n|\n|upkeep\n|turn|84\n|\n|t:|1666335449\n|switch|p2a: Jirachi|Jirachi|77\/100\n|move|p1a: Tangrowth|Focus Blast|p2a: Jirachi\n|-damage|p2a: Jirachi|59\/100\n|\n|upkeep\n|turn|85\n|\n|t:|1666335453\n|switch|p1a: landorustherian|Landorus-Therian, M|79\/100\n|-ability|p1a: landorustherian|Intimidate|boost\n|-unboost|p2a: Jirachi|atk|1\n|move|p2a: Jirachi|Wish|p2a: Jirachi\n|\n|-heal|p1a: landorustherian|85\/100|[from] item: Leftovers\n|upkeep\n|turn|86\n|\n|t:|1666335458\n|switch|p2a: Quagsire|Quagsire, M|72\/100\n|move|p1a: landorustherian|Defog|p2a: Quagsire\n|-unboost|p2a: Quagsire|evasion|1\n|-sideend|p1: minimax_ai|Toxic Spikes|[from] move: Defog|[of] p1a: landorustherian\n|\n|-heal|p2a: Quagsire|100\/100|[from] move: Wish|[wisher] Jirachi\n|-heal|p1a: landorustherian|91\/100|[from] item: Leftovers\n|upkeep\n|turn|87\n|\n|t:|1666335460\n|move|p1a: landorustherian|Toxic|p2a: Quagsire\n|-status|p2a: Quagsire|tox\n|move|p2a: Quagsire|Scald|p1a: landorustherian\n|-supereffective|p1a: landorustherian\n|-damage|p1a: landorustherian|59\/100\n|-status|p1a: landorustherian|brn\n|\n|-heal|p1a: landorustherian|65\/100 brn|[from] item: Leftovers\n|-damage|p2a: Quagsire|94\/100 tox|[from] psn\n|-damage|p1a: landorustherian|59\/100 brn|[from] brn\n|upkeep\n|turn|88\n|\n|t:|1666335465\n|switch|p1a: Tangrowth|Tangrowth, F|100\/100\n|switch|p2a: Toxapex|Toxapex, M|88\/100 slp\n|\n|upkeep\n|turn|89\n|\n|t:|1666335467\n|move|p1a: Tangrowth|Knock Off|p2a: Toxapex\n|-damage|p2a: Toxapex|75\/100 slp\n|-enditem|p2a: Toxapex|Shed Shell|[from] move: Knock Off|[of] p1a: Tangrowth\n|cant|p2a: Toxapex|slp\n|\n|upkeep\n|turn|90\n|\n|t:|1666335470\n|switch|p1a: landorustherian|Landorus-Therian, M|59\/100 brn\n|-ability|p1a: landorustherian|Intimidate|boost\n|-unboost|p2a: Toxapex|atk|1\n|-curestatus|p2a: Toxapex|slp|[msg]\n|move|p2a: Toxapex|Toxic Spikes|p1a: landorustherian\n|-sidestart|p1: minimax_ai|move: Toxic Spikes\n|\n|-heal|p1a: landorustherian|65\/100 brn|[from] item: Leftovers\n|-damage|p1a: landorustherian|59\/100 brn|[from] brn\n|upkeep\n|turn|91\n|\n|t:|1666335474\n|move|p1a: landorustherian|Defog|p2a: Toxapex\n|-unboost|p2a: Toxapex|evasion|1\n|-sideend|p1: minimax_ai|Toxic Spikes|[from] move: Defog|[of] p1a: landorustherian\n|move|p2a: Toxapex|Scald|p1a: landorustherian\n|-supereffective|p1a: landorustherian\n|-damage|p1a: landorustherian|35\/100 brn\n|\n|-heal|p1a: landorustherian|41\/100 brn|[from] item: Leftovers\n|-damage|p1a: landorustherian|35\/100 brn|[from] brn\n|upkeep\n|turn|92\n|\n|t:|1666335476\n|move|p1a: landorustherian|U-turn|p2a: Toxapex\n|-resisted|p2a: Toxapex\n|-damage|p2a: Toxapex|73\/100\n|\n|t:|1666335476\n|switch|p1a: Tangrowth|Tangrowth, F|100\/100|[from]move: U-turn\n|move|p2a: Toxapex|Toxic Spikes|p1a: Tangrowth\n|-sidestart|p1: minimax_ai|move: Toxic Spikes\n|\n|upkeep\n|turn|93\n|\n|t:|1666335481\n|move|p1a: Tangrowth|Sleep Powder|p2a: Toxapex\n|-status|p2a: Toxapex|slp|[from] move: Sleep Powder\n|cant|p2a: Toxapex|slp\n|\n|upkeep\n|turn|94\n|\n|t:|1666335483\n|switch|p1a: landorustherian|Landorus-Therian, M|35\/100 brn\n|-ability|p1a: landorustherian|Intimidate|boost\n|-unboost|p2a: Toxapex|atk|1\n|cant|p2a: Toxapex|slp\n|\n|-heal|p1a: landorustherian|41\/100 brn|[from] item: Leftovers\n|-damage|p1a: landorustherian|35\/100 brn|[from] brn\n|upkeep\n|turn|95\n|\n|t:|1666335485\n|move|p1a: landorustherian|Defog|p2a: Toxapex\n|-unboost|p2a: Toxapex|evasion|1\n|-sideend|p1: minimax_ai|Toxic Spikes|[from] move: Defog|[of] p1a: landorustherian\n|-curestatus|p2a: Toxapex|slp|[msg]\n|move|p2a: Toxapex|Toxic Spikes|p1a: landorustherian\n|-sidestart|p1: minimax_ai|move: Toxic Spikes\n|\n|-heal|p1a: landorustherian|41\/100 brn|[from] item: Leftovers\n|-damage|p1a: landorustherian|35\/100 brn|[from] brn\n|upkeep\n|turn|96\n|\n|t:|1666335487\n|move|p1a: landorustherian|Defog|p2a: Toxapex\n|-unboost|p2a: Toxapex|evasion|1\n|-sideend|p1: minimax_ai|Toxic Spikes|[from] move: Defog|[of] p1a: landorustherian\n|move|p2a: Toxapex|Toxic Spikes|p1a: landorustherian\n|-sidestart|p1: minimax_ai|move: Toxic Spikes\n|\n|-heal|p1a: landorustherian|41\/100 brn|[from] item: Leftovers\n|-damage|p1a: landorustherian|35\/100 brn|[from] brn\n|upkeep\n|turn|97\n|\n|t:|1666335489\n|move|p1a: landorustherian|Defog|p2a: Toxapex\n|-unboost|p2a: Toxapex|evasion|1\n|-sideend|p1: minimax_ai|Toxic Spikes|[from] move: Defog|[of] p1a: landorustherian\n|move|p2a: Toxapex|Toxic Spikes|p1a: landorustherian\n|-sidestart|p1: minimax_ai|move: Toxic Spikes\n|\n|-heal|p1a: landorustherian|41\/100 brn|[from] item: Leftovers\n|-damage|p1a: landorustherian|35\/100 brn|[from] brn\n|upkeep\n|turn|98\n|\n|t:|1666335491\n|move|p1a: landorustherian|Defog|p2a: Toxapex\n|-unboost|p2a: Toxapex|evasion|1\n|-sideend|p1: minimax_ai|Toxic Spikes|[from] move: Defog|[of] p1a: landorustherian\n|move|p2a: Toxapex|Toxic Spikes|p1a: landorustherian\n|-sidestart|p1: minimax_ai|move: Toxic Spikes\n|\n|-heal|p1a: landorustherian|41\/100 brn|[from] item: Leftovers\n|-damage|p1a: landorustherian|35\/100 brn|[from] brn\n|upkeep\n|turn|99\n|\n|t:|1666335492\n|move|p1a: landorustherian|Defog|p2a: Toxapex\n|-unboost|p2a: Toxapex|evasion|1\n|-sideend|p1: minimax_ai|Toxic Spikes|[from] move: Defog|[of] p1a: landorustherian\n|move|p2a: Toxapex|Toxic Spikes|p1a: landorustherian\n|-sidestart|p1: minimax_ai|move: Toxic Spikes\n|\n|-heal|p1a: landorustherian|41\/100 brn|[from] item: Leftovers\n|-damage|p1a: landorustherian|35\/100 brn|[from] brn\n|upkeep\n|turn|100\n|\n|t:|1666335494\n|move|p1a: landorustherian|Defog|p2a: Toxapex\n|-unboost|p2a: Toxapex|evasion|0\n|-sideend|p1: minimax_ai|Toxic Spikes|[from] move: Defog|[of] p1a: landorustherian\n|move|p2a: Toxapex|Toxic Spikes|p1a: landorustherian\n|-sidestart|p1: minimax_ai|move: Toxic Spikes\n|\n|-heal|p1a: landorustherian|41\/100 brn|[from] item: Leftovers\n|-damage|p1a: landorustherian|35\/100 brn|[from] brn\n|upkeep\n|turn|101\n|\n|t:|1666335496\n|move|p1a: landorustherian|Defog|p2a: Toxapex\n|-unboost|p2a: Toxapex|evasion|0\n|-sideend|p1: minimax_ai|Toxic Spikes|[from] move: Defog|[of] p1a: landorustherian\n|move|p2a: Toxapex|Toxic Spikes|p1a: landorustherian\n|-sidestart|p1: minimax_ai|move: Toxic Spikes\n|\n|-heal|p1a: landorustherian|41\/100 brn|[from] item: Leftovers\n|-damage|p1a: landorustherian|35\/100 brn|[from] brn\n|upkeep\n|turn|102\n|\n|t:|1666335497\n|move|p1a: landorustherian|Defog|p2a: Toxapex\n|-unboost|p2a: Toxapex|evasion|0\n|-sideend|p1: minimax_ai|Toxic Spikes|[from] move: Defog|[of] p1a: landorustherian\n|move|p2a: Toxapex|Toxic Spikes|p1a: landorustherian\n|-sidestart|p1: minimax_ai|move: Toxic Spikes\n|\n|-heal|p1a: landorustherian|41\/100 brn|[from] item: Leftovers\n|-damage|p1a: landorustherian|35\/100 brn|[from] brn\n|upkeep\n|turn|103\n|\n|t:|1666335499\n|move|p1a: landorustherian|Defog|p2a: Toxapex\n|-unboost|p2a: Toxapex|evasion|0\n|-sideend|p1: minimax_ai|Toxic Spikes|[from] move: Defog|[of] p1a: landorustherian\n|move|p2a: Toxapex|Toxic Spikes|p1a: landorustherian\n|-sidestart|p1: minimax_ai|move: Toxic Spikes\n|\n|-heal|p1a: landorustherian|41\/100 brn|[from] item: Leftovers\n|-damage|p1a: landorustherian|35\/100 brn|[from] brn\n|upkeep\n|turn|104\n|\n|t:|1666335501\n|move|p1a: landorustherian|Defog|p2a: Toxapex\n|-unboost|p2a: Toxapex|evasion|0\n|-sideend|p1: minimax_ai|Toxic Spikes|[from] move: Defog|[of] p1a: landorustherian\n|move|p2a: Toxapex|Toxic Spikes|p1a: landorustherian\n|-sidestart|p1: minimax_ai|move: Toxic Spikes\n|\n|-heal|p1a: landorustherian|41\/100 brn|[from] item: Leftovers\n|-damage|p1a: landorustherian|35\/100 brn|[from] brn\n|upkeep\n|turn|105\n|\n|t:|1666335502\n|move|p1a: landorustherian|Defog|p2a: Toxapex\n|-unboost|p2a: Toxapex|evasion|0\n|-sideend|p1: minimax_ai|Toxic Spikes|[from] move: Defog|[of] p1a: landorustherian\n|move|p2a: Toxapex|Toxic Spikes|p1a: landorustherian\n|-sidestart|p1: minimax_ai|move: Toxic Spikes\n|\n|-heal|p1a: landorustherian|41\/100 brn|[from] item: Leftovers\n|-damage|p1a: landorustherian|35\/100 brn|[from] brn\n|upkeep\n|turn|106\n|\n|t:|1666335503\n|move|p1a: landorustherian|Defog|p2a: Toxapex\n|-unboost|p2a: Toxapex|evasion|0\n|-sideend|p1: minimax_ai|Toxic Spikes|[from] move: Defog|[of] p1a: landorustherian\n|move|p2a: Toxapex|Toxic Spikes|p1a: landorustherian\n|-sidestart|p1: minimax_ai|move: Toxic Spikes\n|\n|-heal|p1a: landorustherian|41\/100 brn|[from] item: Leftovers\n|-damage|p1a: landorustherian|35\/100 brn|[from] brn\n|upkeep\n|turn|107\n|\n|t:|1666335506\n|move|p1a: landorustherian|Defog|p2a: Toxapex\n|-unboost|p2a: Toxapex|evasion|0\n|-sideend|p1: minimax_ai|Toxic Spikes|[from] move: Defog|[of] p1a: landorustherian\n|move|p2a: Toxapex|Toxic Spikes|p1a: landorustherian\n|-sidestart|p1: minimax_ai|move: Toxic Spikes\n|\n|-heal|p1a: landorustherian|41\/100 brn|[from] item: Leftovers\n|-damage|p1a: landorustherian|35\/100 brn|[from] brn\n|upkeep\n|turn|108\n|\n|t:|1666335508\n|move|p1a: landorustherian|Defog|p2a: Toxapex\n|-unboost|p2a: Toxapex|evasion|0\n|-sideend|p1: minimax_ai|Toxic Spikes|[from] move: Defog|[of] p1a: landorustherian\n|move|p2a: Toxapex|Toxic Spikes|p1a: landorustherian\n|-sidestart|p1: minimax_ai|move: Toxic Spikes\n|\n|-heal|p1a: landorustherian|41\/100 brn|[from] item: Leftovers\n|-damage|p1a: landorustherian|35\/100 brn|[from] brn\n|upkeep\n|turn|109\n|\n|t:|1666335509\n|move|p1a: landorustherian|Defog|p2a: Toxapex\n|-unboost|p2a: Toxapex|evasion|0\n|-sideend|p1: minimax_ai|Toxic Spikes|[from] move: Defog|[of] p1a: landorustherian\n|move|p2a: Toxapex|Toxic Spikes|p1a: landorustherian\n|-sidestart|p1: minimax_ai|move: Toxic Spikes\n|\n|-heal|p1a: landorustherian|41\/100 brn|[from] item: Leftovers\n|-damage|p1a: landorustherian|35\/100 brn|[from] brn\n|upkeep\n|turn|110\n|\n|t:|1666335510\n|move|p1a: landorustherian|Defog|p2a: Toxapex\n|-unboost|p2a: Toxapex|evasion|0\n|-sideend|p1: minimax_ai|Toxic Spikes|[from] move: Defog|[of] p1a: landorustherian\n|move|p2a: Toxapex|Toxic Spikes|p1a: landorustherian\n|-sidestart|p1: minimax_ai|move: Toxic Spikes\n|\n|-heal|p1a: landorustherian|41\/100 brn|[from] item: Leftovers\n|-damage|p1a: landorustherian|35\/100 brn|[from] brn\n|upkeep\n|turn|111\n|\n|t:|1666335512\n|move|p1a: landorustherian|Defog|p2a: Toxapex\n|-unboost|p2a: Toxapex|evasion|0\n|-sideend|p1: minimax_ai|Toxic Spikes|[from] move: Defog|[of] p1a: landorustherian\n|move|p2a: Toxapex|Toxic Spikes|p1a: landorustherian\n|-sidestart|p1: minimax_ai|move: Toxic Spikes\n|\n|-heal|p1a: landorustherian|41\/100 brn|[from] item: Leftovers\n|-damage|p1a: landorustherian|35\/100 brn|[from] brn\n|upkeep\n|turn|112\n|\n|t:|1666335513\n|move|p1a: landorustherian|Defog|p2a: Toxapex\n|-unboost|p2a: Toxapex|evasion|0\n|-sideend|p1: minimax_ai|Toxic Spikes|[from] move: Defog|[of] p1a: landorustherian\n|move|p2a: Toxapex|Toxic Spikes|p1a: landorustherian\n|-sidestart|p1: minimax_ai|move: Toxic Spikes\n|\n|-heal|p1a: landorustherian|41\/100 brn|[from] item: Leftovers\n|-damage|p1a: landorustherian|35\/100 brn|[from] brn\n|upkeep\n|turn|113\n|\n|t:|1666335514\n|move|p1a: landorustherian|Defog|p2a: Toxapex\n|-unboost|p2a: Toxapex|evasion|0\n|-sideend|p1: minimax_ai|Toxic Spikes|[from] move: Defog|[of] p1a: landorustherian\n|move|p2a: Toxapex|Toxic Spikes|p1a: landorustherian\n|-sidestart|p1: minimax_ai|move: Toxic Spikes\n|\n|-heal|p1a: landorustherian|41\/100 brn|[from] item: Leftovers\n|-damage|p1a: landorustherian|35\/100 brn|[from] brn\n|upkeep\n|turn|114\n|\n|t:|1666335515\n|switch|p1a: Weavile|Weavile, F|76\/100 psn\n|-ability|p1a: Weavile|Pressure\n|move|p2a: Toxapex|Toxic Spikes|p1a: Weavile\n|-sidestart|p1: minimax_ai|move: Toxic Spikes\n|\n|-damage|p1a: Weavile|63\/100 psn|[from] psn\n|upkeep\n|turn|115\n|\n|t:|1666335520\n|switch|p1a: landorustherian|Landorus-Therian, M|35\/100 brn\n|-ability|p1a: landorustherian|Intimidate|boost\n|-unboost|p2a: Toxapex|atk|1\n|move|p2a: Toxapex|Recover|p2a: Toxapex\n|-heal|p2a: Toxapex|100\/100\n|\n|-heal|p1a: landorustherian|41\/100 brn|[from] item: Leftovers\n|-damage|p1a: landorustherian|35\/100 brn|[from] brn\n|upkeep\n|turn|116\n|\n|t:|1666335524\n|move|p1a: landorustherian|U-turn|p2a: Toxapex\n|-resisted|p2a: Toxapex\n|-damage|p2a: Toxapex|97\/100\n|\n|t:|1666335524\n|switch|p1a: Melmetal|Melmetal|31\/100|[from]move: U-turn\n|move|p2a: Toxapex|Scald|p1a: Melmetal\n|-damage|p1a: Melmetal|22\/100\n|\n|upkeep\n|turn|117\n|\n|t:|1666335527\n|switch|p1a: landorustherian|Landorus-Therian, M|35\/100 brn\n|-ability|p1a: landorustherian|Intimidate|boost\n|-unboost|p2a: Toxapex|atk|1\n|move|p2a: Toxapex|Scald|p1a: landorustherian\n|-supereffective|p1a: landorustherian\n|-damage|p1a: landorustherian|11\/100 brn\n|\n|-heal|p1a: landorustherian|17\/100 brn|[from] item: Leftovers\n|-damage|p1a: landorustherian|11\/100 brn|[from] brn\n|upkeep\n|turn|118\n|\n|t:|1666335529\n|move|p1a: landorustherian|U-turn|p2a: Toxapex\n|-resisted|p2a: Toxapex\n|-damage|p2a: Toxapex|94\/100\n|\n|t:|1666335529\n|switch|p1a: Melmetal|Melmetal|22\/100|[from]move: U-turn\n|move|p2a: Toxapex|Scald|p1a: Melmetal\n|-damage|p1a: Melmetal|13\/100\n|-status|p1a: Melmetal|brn\n|\n|-damage|p1a: Melmetal|7\/100 brn|[from] brn\n|upkeep\n|turn|119\n|\n|t:|1666335531\n|move|p1a: Melmetal|Double Iron Bash|p2a: Toxapex\n|-resisted|p2a: Toxapex\n|-damage|p2a: Toxapex|88\/100\n|-resisted|p2a: Toxapex\n|-damage|p2a: Toxapex|81\/100\n|-hitcount|p2a: Toxapex|2\n|cant|p2a: Toxapex|flinch\n|\n|-damage|p1a: Melmetal|1\/100 brn|[from] brn\n|upkeep\n|turn|120\n|\n|t:|1666335534\n|move|p1a: Melmetal|Double Iron Bash|p2a: Toxapex\n|-resisted|p2a: Toxapex\n|-damage|p2a: Toxapex|75\/100\n|-resisted|p2a: Toxapex\n|-damage|p2a: Toxapex|69\/100\n|-hitcount|p2a: Toxapex|2\n|cant|p2a: Toxapex|flinch\n|\n|-damage|p1a: Melmetal|0 fnt|[from] brn\n|faint|p1a: Melmetal\n|upkeep\n|\n|t:|1666335535\n|switch|p1a: Weavile|Weavile, F|63\/100 psn\n|-ability|p1a: Weavile|Pressure\n|turn|121\n|\n|t:|1666335538\n|move|p1a: Weavile|Knock Off|p2a: Toxapex\n|-damage|p2a: Toxapex|40\/100\n|move|p2a: Toxapex|Recover|p2a: Toxapex\n|-heal|p2a: Toxapex|90\/100\n|\n|-damage|p1a: Weavile|51\/100 psn|[from] psn\n|upkeep\n|turn|122\n|\n|t:|1666335540\n|move|p1a: Weavile|Knock Off|p2a: Toxapex\n|-damage|p2a: Toxapex|59\/100\n|move|p2a: Toxapex|Scald|p1a: Weavile\n|-damage|p1a: Weavile|26\/100 psn\n|\n|-damage|p1a: Weavile|13\/100 psn|[from] psn\n|upkeep\n|turn|123\n|\n|t:|1666335543\n|move|p1a: Weavile|Knock Off|p2a: Toxapex\n|-damage|p2a: Toxapex|30\/100\n|move|p2a: Toxapex|Recover|p2a: Toxapex\n|-heal|p2a: Toxapex|80\/100\n|\n|-damage|p1a: Weavile|1\/100 psn|[from] psn\n|upkeep\n|turn|124\n|\n|t:|1666335545\n|move|p1a: Weavile|Knock Off|p2a: Toxapex\n|-damage|p2a: Toxapex|53\/100\n|move|p2a: Toxapex|Recover|p2a: Toxapex\n|-heal|p2a: Toxapex|100\/100\n|\n|-damage|p1a: Weavile|0 fnt|[from] psn\n|faint|p1a: Weavile\n|upkeep\n|\n|t:|1666335545\n|switch|p1a: landorustherian|Landorus-Therian, M|11\/100 brn\n|-ability|p1a: landorustherian|Intimidate|boost\n|-unboost|p2a: Toxapex|atk|1\n|turn|125\n|\n|t:|1666335548\n|move|p1a: landorustherian|Toxic|p2a: Toxapex\n|-immune|p2a: Toxapex\n|move|p2a: Toxapex|Scald|p1a: landorustherian\n|-supereffective|p1a: landorustherian\n|-damage|p1a: landorustherian|0 fnt\n|faint|p1a: landorustherian\n|\n|upkeep\n|\n|t:|1666335548\n|switch|p1a: Tangrowth|Tangrowth, F|100\/100\n|-status|p1a: Tangrowth|tox\n|turn|126\n|\n|t:|1666335552\n|move|p1a: Tangrowth|Sleep Powder|p2a: Toxapex\n|-status|p2a: Toxapex|slp|[from] move: Sleep Powder\n|cant|p2a: Toxapex|slp\n|\n|-damage|p1a: Tangrowth|94\/100 tox|[from] psn\n|upkeep\n|turn|127\n|\n|t:|1666335555\n|switch|p2a: Blissey|Blissey, F|56\/100\n|move|p1a: Tangrowth|Knock Off|p2a: Blissey\n|-damage|p2a: Blissey|9\/100\n|-enditem|p2a: Blissey|Heavy-Duty Boots|[from] move: Knock Off|[of] p1a: Tangrowth\n|\n|-damage|p1a: Tangrowth|82\/100 tox|[from] psn\n|upkeep\n|turn|128\n|\n|t:|1666335561\n|move|p2a: Blissey|Aromatherapy|p2a: Blissey\n|-activate|p2a: Blissey|move: Aromatherapy\n|-curestatus|p2: Quagsire|tox|[msg]\n|-curestatus|p2: Toxapex|slp|[msg]\n|move|p1a: Tangrowth|Focus Blast|p2a: Blissey|[miss]\n|-miss|p1a: Tangrowth|p2a: Blissey\n|\n|-damage|p1a: Tangrowth|63\/100 tox|[from] psn\n|upkeep\n|turn|129\n|\n|t:|1666335566\n|move|p2a: Blissey|Soft-Boiled|p2a: Blissey\n|-heal|p2a: Blissey|59\/100\n|move|p1a: Tangrowth|Sleep Powder|p2a: Blissey\n|-status|p2a: Blissey|slp|[from] move: Sleep Powder\n|\n|-damage|p1a: Tangrowth|39\/100 tox|[from] psn\n|upkeep\n|turn|130\n|\n|t:|1666335573\n|-curestatus|p2a: Blissey|slp|[from] ability: Natural Cure\n|switch|p2a: Toxapex|Toxapex, M|100\/100\n|move|p1a: Tangrowth|Focus Blast|p2a: Toxapex\n|-resisted|p2a: Toxapex\n|-damage|p2a: Toxapex|89\/100\n|\n|-damage|p1a: Tangrowth|8\/100 tox|[from] psn\n|upkeep\n|turn|131\n|\n|t:|1666335575\n|move|p1a: Tangrowth|Sleep Powder|p2a: Toxapex\n|-status|p2a: Toxapex|slp|[from] move: Sleep Powder\n|cant|p2a: Toxapex|slp\n|\n|-damage|p1a: Tangrowth|0 fnt|[from] psn\n|faint|p1a: Tangrowth\n|\n|win|kokoukohiro\n|upkeep\n|raw|minimax_ai's rating: 1537 &rarr; <strong>1518<\/strong><br \/>(-19 for losing)\n|raw|kokoukohiro's rating: 1551 &rarr; <strong>1570<\/strong><br \/>(+19 for winning)\n|c|\u2606minimax_ai|gg\n","uploadtime":1666335577,"views":2,"p1id":"minimaxai","p2id":"kokoukohiro","formatid":"gen8ou","rating":1518,"private":0,"password":null}