{"id":"gen8nationaldex-1574723077","p1":"BlissTripped","p2":"beastyj157","format":"gen8nationaldex","log":"|j|\u2606BlissTripped\n|j|\u2606beastyj157\n|inactive|Battle timer is ON: inactive players will automatically lose when time's up.\n|t:|1652540373\n|gametype|singles\n|player|p1|BlissTripped|steven|\n|player|p2|beastyj157|skierf|\n|teamsize|p1|6\n|teamsize|p2|6\n|gen|8\n|tier|[Gen 8] National Dex\n|rated|Tournament battle\n|rule|HP Percentage Mod: HP is shown in percentages\n|rule|Endless Battle Clause: Forcing endless battles is banned\n|rule|OHKO Clause: OHKO moves are banned\n|rule|Evasion Moves Clause: Evasion moves are banned\n|rule|Species Clause: Limit one of each Pok\u00e9mon\n|rule|Dynamax Clause: You cannot dynamax\n|rule|Sleep Clause Mod: Limit one foe put to sleep\n|clearpoke\n|poke|p1|Zamazenta-*|\n|poke|p1|Regieleki|\n|poke|p1|Silvally-*|\n|poke|p1|Landorus-Therian, M|\n|poke|p1|Greninja, M|\n|poke|p1|Ferrothorn, F|\n|poke|p2|Greninja, M|\n|poke|p2|Hatterene, F|\n|poke|p2|Landorus-Therian, M|\n|poke|p2|Tapu Lele|\n|poke|p2|Mawile, M|\n|poke|p2|Zamazenta-*|\n|teampreview\n|inactive|beastyj157 also wants the timer to be on.\n|j| Poisontubby ita\n|c|\u2606BlissTripped|SUP SUP\n|j| georgebowserjr1\n|\n|t:|1652540392\n|start\n|switch|p1a: Landorus|Landorus-Therian, M|100\/100\n|switch|p2a: Zamazenta|Zamazenta|100\/100\n|-ability|p2a: Zamazenta|Dauntless Shield|boost\n|-boost|p2a: Zamazenta|def|1\n|-ability|p1a: Landorus|Intimidate|boost\n|-unboost|p2a: Zamazenta|atk|1\n|turn|1\n|\n|t:|1652540404\n|switch|p2a: Landorus|Landorus-Therian, M|100\/100\n|-ability|p2a: Landorus|Intimidate|boost\n|-unboost|p1a: Landorus|atk|1\n|move|p1a: Landorus|Knock Off|p2a: Landorus\n|-damage|p2a: Landorus|85\/100\n|-damage|p1a: Landorus|84\/100|[from] item: Rocky Helmet|[of] p2a: Landorus\n|-enditem|p2a: Landorus|Rocky Helmet|[from] move: Knock Off|[of] p1a: Landorus\n|\n|-heal|p1a: Landorus|90\/100|[from] item: Leftovers\n|upkeep\n|turn|2\n|\n|t:|1652540409\n|move|p2a: Landorus|Stealth Rock|p1a: Landorus\n|-sidestart|p1: BlissTripped|move: Stealth Rock\n|move|p1a: Landorus|U-turn|p2a: Landorus\n|-resisted|p2a: Landorus\n|-damage|p2a: Landorus|80\/100\n|\n|t:|1652540411\n|switch|p1a: Greninja|Greninja, M|100\/100|[from]move: U-turn\n|-damage|p1a: Greninja|88\/100|[from] Stealth Rock\n|\n|upkeep\n|turn|3\n|c|\u2606beastyj157|hello\n|j| Amy2603\n|\n|t:|1652540434\n|switch|p2a: Tapu Lele|Tapu Lele, shiny|100\/100\n|-fieldstart|move: Psychic Terrain|[from] ability: Psychic Surge|[of] p2a: Tapu Lele\n|move|p1a: Greninja|Water Shuriken|p2a: Tapu Lele\n|-activate|p2a: Tapu Lele|move: Psychic Terrain\n|\n|upkeep\n|turn|4\n|c|\u2606BlissTripped|i keep\n|c|\u2606BlissTripped|forgetting\n|\n|t:|1652540447\n|switch|p1a: Landorus|Landorus-Therian, M|90\/100\n|-damage|p1a: Landorus|78\/100|[from] Stealth Rock\n|-ability|p1a: Landorus|Intimidate|boost\n|-unboost|p2a: Tapu Lele|atk|1\n|move|p2a: Tapu Lele|Moonblast|p1a: Landorus\n|-damage|p1a: Landorus|39\/100\n|-unboost|p1a: Landorus|spa|1\n|\n|-heal|p1a: Landorus|45\/100|[from] item: Leftovers\n|upkeep\n|turn|5\n|\n|t:|1652540453\n|switch|p2a: Landorus|Landorus-Therian, M|80\/100\n|-ability|p2a: Landorus|Intimidate|boost\n|-unboost|p1a: Landorus|atk|1\n|move|p1a: Landorus|Defog|p2a: Landorus\n|-unboost|p2a: Landorus|evasion|1\n|-sideend|p1: BlissTripped|Stealth Rock|[from] move: Defog|[of] p1a: Landorus\n|-fieldend|move: Psychic Terrain\n|\n|-heal|p1a: Landorus|51\/100|[from] item: Leftovers\n|upkeep\n|turn|6\n|\n|t:|1652540458\n|move|p2a: Landorus|U-turn|p1a: Landorus\n|-resisted|p1a: Landorus\n|-damage|p1a: Landorus|41\/100\n|\n|t:|1652540464\n|switch|p2a: Mawile|Mawile, M|100\/100|[from]move: U-turn\n|-ability|p2a: Mawile|Intimidate|boost\n|-unboost|p1a: Landorus|atk|1\n|move|p1a: Landorus|U-turn|p2a: Mawile\n|-resisted|p2a: Mawile\n|-damage|p2a: Mawile|97\/100\n|\n|t:|1652540469\n|switch|p1a: Silvally|Silvally|100\/100|[from]move: U-turn\n|\n|upkeep\n|turn|7\n|inactive|beastyj157 has 120 seconds left.\n|\n|t:|1652540505\n|switch|p2a: Landorus|Landorus-Therian, M|80\/100\n|-ability|p2a: Landorus|Intimidate|boost\n|-unboost|p1a: Silvally|atk|1\n|move|p1a: Silvally|Parting Shot|p2a: Landorus\n|-unboost|p2a: Landorus|atk|1\n|-unboost|p2a: Landorus|spa|1\n|\n|t:|1652540509\n|switch|p1a: Greninja|Greninja, M|88\/100|[from]move: Parting Shot\n|\n|upkeep\n|turn|8\n|\n|t:|1652540513\n|switch|p2a: Tapu Lele|Tapu Lele, shiny|100\/100\n|-fieldstart|move: Psychic Terrain|[from] ability: Psychic Surge|[of] p2a: Tapu Lele\n|move|p1a: Greninja|Hydro Pump|p2a: Tapu Lele\n|-damage|p2a: Tapu Lele|53\/100\n|\n|upkeep\n|turn|9\n|\n|t:|1652540519\n|switch|p1a: Ferrothorn|Ferrothorn, F|100\/100\n|move|p2a: Tapu Lele|Moonblast|p1a: Ferrothorn\n|-resisted|p1a: Ferrothorn\n|-damage|p1a: Ferrothorn|77\/100\n|\n|upkeep\n|turn|10\n|\n|t:|1652540522\n|move|p2a: Tapu Lele|Hidden Power|p1a: Ferrothorn\n|-supereffective|p1a: Ferrothorn\n|-damage|p1a: Ferrothorn|0 fnt\n|faint|p1a: Ferrothorn\n|\n|upkeep\n|\n|t:|1652540525\n|switch|p1a: Regieleki|Regieleki|100\/100\n|turn|11\n|\n|t:|1652540534\n|move|p1a: Regieleki|Ancient Power|p2a: Tapu Lele\n|-damage|p2a: Tapu Lele|41\/100\n|move|p2a: Tapu Lele|Moonblast|p1a: Regieleki\n|-damage|p1a: Regieleki|2\/100\n|\n|upkeep\n|turn|12\n|\n|t:|1652540537\n|switch|p2a: Landorus|Landorus-Therian, M|80\/100\n|-ability|p2a: Landorus|Intimidate|boost\n|-unboost|p1a: Regieleki|atk|1\n|move|p1a: Regieleki|Thunderbolt|p2a: Landorus\n|-immune|p2a: Landorus\n|\n|-fieldend|move: Psychic Terrain\n|upkeep\n|turn|13\n|\n|t:|1652540540\n|switch|p1a: Landorus|Landorus-Therian, M|41\/100\n|-ability|p1a: Landorus|Intimidate|boost\n|-unboost|p2a: Landorus|atk|1\n|move|p2a: Landorus|U-turn|p1a: Landorus\n|-resisted|p1a: Landorus\n|-damage|p1a: Landorus|34\/100\n|c|\u2606BlissTripped|why\n|c|\u2606beastyj157|why what\n|j|+suloxiv \u266b\n|\n|t:|1652540552\n|switch|p2a: Greninja|Greninja, M|100\/100|[from]move: U-turn\n|\n|-heal|p1a: Landorus|40\/100|[from] item: Leftovers\n|upkeep\n|turn|14\n|c|\u2606BlissTripped|o nvm i see\n|\n|t:|1652540566\n|switch|p1a: Silvally|Silvally|100\/100\n|move|p2a: Greninja|Ice Beam|p1a: Silvally\n|-start|p2a: Greninja|typechange|Ice|[from] ability: Protean\n|-damage|p1a: Silvally|53\/100\n|-damage|p2a: Greninja|91\/100|[from] item: Life Orb\n|\n|upkeep\n|turn|15\n|\n|t:|1652540572\n|move|p1a: Silvally|Flamethrower|p2a: Greninja\n|-supereffective|p2a: Greninja\n|-damage|p2a: Greninja|17\/100\n|move|p2a: Greninja|Low Kick|p1a: Silvally\n|-start|p2a: Greninja|typechange|Fighting|[from] ability: Protean\n|-supereffective|p1a: Silvally\n|-damage|p1a: Silvally|0 fnt\n|faint|p1a: Silvally\n|-damage|p2a: Greninja|7\/100|[from] item: Life Orb\n|\n|upkeep\n|\n|t:|1652540577\n|switch|p1a: Regieleki|Regieleki|2\/100\n|turn|16\n|j|@Ganjafin\n|\n|t:|1652540582\n|switch|p2a: Landorus|Landorus-Therian, M|80\/100\n|-ability|p2a: Landorus|Intimidate|boost\n|-unboost|p1a: Regieleki|atk|1\n|move|p1a: Regieleki|Ancient Power|p2a: Landorus\n|-damage|p2a: Landorus|62\/100\n|\n|upkeep\n|turn|17\n|\n|t:|1652540585\n|-zpower|p1a: Regieleki\n|move|p1a: Regieleki|Breakneck Blitz|p2a: Landorus|[zeffect]\n|-damage|p2a: Landorus|2\/100\n|move|p2a: Landorus|U-turn|p1a: Regieleki\n|-damage|p1a: Regieleki|0 fnt\n|faint|p1a: Regieleki\n|\n|t:|1652540594\n|switch|p2a: Greninja|Greninja, M|7\/100|[from]move: U-turn\n|\n|upkeep\n|\n|t:|1652540599\n|switch|p1a: Zamazenta|Zamazenta|100\/100\n|-ability|p1a: Zamazenta|Dauntless Shield|boost\n|-boost|p1a: Zamazenta|def|1\n|turn|18\n|\n|t:|1652540606\n|move|p1a: Zamazenta|Iron Head|p2a: Greninja\n|-resisted|p2a: Greninja\n|-damage|p2a: Greninja|0 fnt\n|faint|p2a: Greninja\n|-damage|p1a: Zamazenta|91\/100|[from] item: Life Orb\n|\n|upkeep\n|\n|t:|1652540623\n|switch|p2a: Landorus|Landorus-Therian, M|2\/100\n|-ability|p2a: Landorus|Intimidate|boost\n|-unboost|p1a: Zamazenta|atk|1\n|turn|19\n|c|+suloxiv \u266b|if u made this in a pinch\n|c|+suloxiv \u266b|whyd u add silvally\n|c|+suloxiv \u266b|???\n|\n|t:|1652540631\n|switch|p2a: Mawile|Mawile, M|97\/100\n|-ability|p2a: Mawile|Intimidate|boost\n|-unboost|p1a: Zamazenta|atk|1\n|move|p1a: Zamazenta|Iron Head|p2a: Mawile\n|-damage|p2a: Mawile|70\/100\n|-damage|p1a: Zamazenta|81\/100|[from] item: Life Orb\n|\n|upkeep\n|turn|20\n|c|\u2606BlissTripped|cause its fire tech\n|c|+suloxiv \u266b|bad tech more like it\n|c|\u2606BlissTripped|been using it since gen7\n|\n|t:|1652540642\n|switch|p1a: Landorus|Landorus-Therian, M|40\/100\n|-ability|p1a: Landorus|Intimidate|boost\n|-unboost|p2a: Mawile|atk|1\n|detailschange|p2a: Mawile|Mawile-Mega, M\n|-mega|p2a: Mawile|Mawile|Mawilite\n|move|p2a: Mawile|Play Rough|p1a: Landorus\n|-damage|p1a: Landorus|0 fnt\n|faint|p1a: Landorus\n|\n|upkeep\n|\n|t:|1652540644\n|switch|p1a: Greninja|Greninja, M|88\/100\n|turn|21\n|\n|t:|1652540657\n|switch|p2a: Landorus|Landorus-Therian, M|2\/100\n|-ability|p2a: Landorus|Intimidate|boost\n|-unboost|p1a: Greninja|atk|1\n|move|p1a: Greninja|Hydro Pump|p2a: Landorus\n|-supereffective|p2a: Landorus\n|-damage|p2a: Landorus|0 fnt\n|faint|p2a: Landorus\n|-activate|p1a: Greninja|ability: Battle Bond\n|detailschange|p1a: Greninja|Greninja-Ash, M\n|\n|upkeep\n|\n|t:|1652540664\n|switch|p2a: Zamazenta|Zamazenta|100\/100\n|-ability|p2a: Zamazenta|Dauntless Shield|boost\n|-boost|p2a: Zamazenta|def|1\n|turn|22\n|\n|t:|1652540665\n|move|p2a: Zamazenta|Close Combat|p1a: Greninja\n|-supereffective|p1a: Greninja\n|-damage|p1a: Greninja|0 fnt\n|-unboost|p2a: Zamazenta|def|1\n|-unboost|p2a: Zamazenta|spd|1\n|faint|p1a: Greninja\n|\n|upkeep\n|\n|t:|1652540667\n|switch|p1a: Zamazenta|Zamazenta|81\/100\n|-ability|p1a: Zamazenta|Dauntless Shield|boost\n|-boost|p1a: Zamazenta|def|1\n|turn|23\n|\n|t:|1652540672\n|move|p1a: Zamazenta|Howl|p1a: Zamazenta\n|-boost|p1a: Zamazenta|atk|1\n|move|p2a: Zamazenta|Close Combat|p1a: Zamazenta\n|-damage|p1a: Zamazenta|22\/100\n|-unboost|p2a: Zamazenta|def|1\n|-unboost|p2a: Zamazenta|spd|1\n|\n|upkeep\n|turn|24\n|\n|t:|1652540679\n|move|p1a: Zamazenta|Close Combat|p2a: Zamazenta\n|-damage|p2a: Zamazenta|0 fnt\n|-unboost|p1a: Zamazenta|def|1\n|-unboost|p1a: Zamazenta|spd|1\n|faint|p2a: Zamazenta\n|-damage|p1a: Zamazenta|12\/100|[from] item: Life Orb\n|\n|upkeep\n|c|\u2606beastyj157|gg\n|\n|t:|1652540686\n|switch|p2a: Hatterene|Hatterene, F|100\/100\n|turn|25\n|\n|t:|1652540687\n|move|p1a: Zamazenta|Iron Head|p2a: Hatterene\n|-supereffective|p2a: Hatterene\n|-damage|p2a: Hatterene|0 fnt\n|faint|p2a: Hatterene\n|-damage|p1a: Zamazenta|2\/100|[from] item: Life Orb\n|\n|upkeep\n|\n|t:|1652540690\n|switch|p2a: Mawile|Mawile-Mega, M|70\/100\n|turn|26\n|\n|t:|1652540693\n|move|p2a: Mawile|Sucker Punch|p1a: Zamazenta\n|-resisted|p1a: Zamazenta\n|-crit|p1a: Zamazenta\n|-damage|p1a: Zamazenta|0 fnt\n|faint|p1a: Zamazenta\n|\n|win|beastyj157\n|n|\u2606BlissTripped|blisstripped\n|n|\u2606beastyj157|beastyj157\n|n| Poisontubby ita|poisontubbyita\n|n| georgebowserjr1|georgebowserjr1\n|n| Amy2603|amy2603\n|n| suloxiv \u266b|suloxiv\n|n| Ganjafin|ganjafin\n","uploadtime":1652540694,"views":8,"p1id":"blisstripped","p2id":"beastyj157","formatid":"gen8nationaldex","rating":0,"private":0,"password":null}