{"id":"gen8ou-1667950487","p1":"NA Weezing","p2":"broked on bricks","format":"gen8ou","log":"|j|\u2606NA Weezing\n|j|\u2606broked on bricks\n|t:|1663582830\n|gametype|singles\n|player|p1|NA Weezing|102|1776\n|player|p2|broked on bricks|lance-masters|1757\n|teamsize|p1|6\n|teamsize|p2|6\n|gen|8\n|tier|[Gen 8] OU\n|rated|\n|rule|Sleep Clause Mod: Limit one foe put to sleep\n|rule|Species Clause: Limit one of each Pok\u00e9mon\n|rule|OHKO Clause: OHKO moves are banned\n|rule|Evasion Items Clause: Evasion items are banned\n|rule|Evasion Moves Clause: Evasion moves are banned\n|rule|Endless Battle Clause: Forcing endless battles is banned\n|rule|HP Percentage Mod: HP is shown in percentages\n|rule|Dynamax Clause: You cannot dynamax\n|clearpoke\n|poke|p1|Corviknight, M|\n|poke|p1|Tornadus-Therian, M|\n|poke|p1|Mew|\n|poke|p1|Toxapex, F|\n|poke|p1|Clefable, F|\n|poke|p1|Hippowdon, M|\n|poke|p2|Pelipper, M|\n|poke|p2|Keldeo-Resolute|\n|poke|p2|Dragapult, M|\n|poke|p2|Tapu Lele|\n|poke|p2|Melmetal|\n|poke|p2|Landorus-Therian, M|\n|teampreview\n|c|\u2606broked on bricks|glhf\n|\n|t:|1663582841\n|start\n|switch|p1a: Tornadus|Tornadus-Therian, M|100\/100\n|switch|p2a: Lele Wulong|Tapu Lele|100\/100\n|-fieldstart|move: Psychic Terrain|[from] ability: Psychic Surge|[of] p2a: Lele Wulong\n|turn|1\n|\n|t:|1663582847\n|move|p2a: Lele Wulong|Future Sight|p1a: Tornadus\n|-start|p2a: Lele Wulong|move: Future Sight\n|move|p1a: Tornadus|Knock Off|p2a: Lele Wulong\n|-damage|p2a: Lele Wulong|71\/100\n|-enditem|p2a: Lele Wulong|Choice Scarf|[from] move: Knock Off|[of] p1a: Tornadus\n|\n|upkeep\n|turn|2\n|\n|t:|1663582862\n|switch|p1a: Toxapex|Toxapex, F|100\/100\n|switch|p2a: SWAG LIKE OHIO|Landorus-Therian, M|100\/100\n|-ability|p2a: SWAG LIKE OHIO|Intimidate|boost\n|-unboost|p1a: Toxapex|atk|1\n|\n|upkeep\n|turn|3\n|\n|t:|1663582868\n|switch|p1a: Corviknight|Corviknight, M|100\/100\n|-ability|p1a: Corviknight|Pressure\n|move|p2a: SWAG LIKE OHIO|Knock Off|p1a: Corviknight\n|-damage|p1a: Corviknight|73\/100\n|-enditem|p1a: Corviknight|Leftovers|[from] move: Knock Off|[of] p2a: SWAG LIKE OHIO\n|\n|-end|p1a: Corviknight|move: Future Sight\n|-resisted|p1a: Corviknight\n|-damage|p1a: Corviknight|30\/100\n|upkeep\n|turn|4\n|\n|t:|1663582886\n|move|p1a: Corviknight|Roost|p1a: Corviknight\n|-heal|p1a: Corviknight|80\/100\n|-singleturn|p1a: Corviknight|move: Roost\n|move|p2a: SWAG LIKE OHIO|U-turn|p1a: Corviknight\n|-resisted|p1a: Corviknight\n|-damage|p1a: Corviknight|71\/100\n|l|\u2606NA Weezing\n|player|p1|\n|\n|t:|1663582893\n|switch|p2a: PENTADACTYL LIMB|Pelipper, M|100\/100|[from]move: U-turn\n|-weather|RainDance|[from] ability: Drizzle|[of] p2a: PENTADACTYL LIMB\n|\n|-weather|RainDance|[upkeep]\n|upkeep\n|turn|5\n|inactive|Battle timer is ON: inactive players will automatically lose when time's up. (requested by broked on bricks)\n|j|\u2606NA Weezing\n|inactive|NA Weezing reconnected and has 150 seconds left.\n|player|p1|NA Weezing|102\n|\n|t:|1663582929\n|switch|p1a: Toxapex|Toxapex, F|100\/100\n|switch|p2a: SWAG LIKE OHIO|Landorus-Therian, M|100\/100\n|-ability|p2a: SWAG LIKE OHIO|Intimidate|boost\n|-unboost|p1a: Toxapex|atk|1\n|\n|-weather|RainDance|[upkeep]\n|-fieldend|move: Psychic Terrain\n|upkeep\n|turn|6\n|\n|t:|1663582934\n|switch|p1a: Tornadus|Tornadus-Therian, M|100\/100\n|move|p2a: SWAG LIKE OHIO|Earthquake|p1a: Tornadus\n|-immune|p1a: Tornadus\n|\n|-weather|RainDance|[upkeep]\n|upkeep\n|turn|7\n|l|\u2606NA Weezing\n|inactive|NA Weezing disconnected and has a minute to reconnect!\n|player|p1|\n|j|\u2606NA Weezing\n|inactive|NA Weezing reconnected and has 110 seconds left.\n|player|p1|NA Weezing|102\n|j| K7\n|\n|t:|1663582982\n|switch|p2a: Lele Wulong|Tapu Lele|71\/100\n|-fieldstart|move: Psychic Terrain|[from] ability: Psychic Surge|[of] p2a: Lele Wulong\n|move|p1a: Tornadus|Toxic|p2a: Lele Wulong\n|-status|p2a: Lele Wulong|tox\n|\n|-weather|RainDance|[upkeep]\n|-damage|p2a: Lele Wulong|65\/100 tox|[from] psn\n|upkeep\n|turn|8\n|\n|t:|1663582990\n|switch|p1a: Mew|Mew|100\/100\n|switch|p2a: SWAG LIKE OHIO|Landorus-Therian, M|100\/100\n|-ability|p2a: SWAG LIKE OHIO|Intimidate|boost\n|-unboost|p1a: Mew|atk|1\n|\n|-weather|none\n|upkeep\n|turn|9\n|\n|t:|1663582995\n|switch|p1a: Tornadus|Tornadus-Therian, M|100\/100\n|move|p2a: SWAG LIKE OHIO|Knock Off|p1a: Tornadus\n|-damage|p1a: Tornadus|70\/100\n|-damage|p2a: SWAG LIKE OHIO|84\/100|[from] item: Rocky Helmet|[of] p1a: Tornadus\n|-enditem|p1a: Tornadus|Rocky Helmet|[from] move: Knock Off|[of] p2a: SWAG LIKE OHIO\n|\n|upkeep\n|turn|10\n|\n|t:|1663582999\n|switch|p2a: Lele Wulong|Tapu Lele|65\/100 tox\n|move|p1a: Tornadus|Knock Off|p2a: Lele Wulong\n|-crit|p2a: Lele Wulong\n|-damage|p2a: Lele Wulong|33\/100 tox\n|\n|-damage|p2a: Lele Wulong|27\/100 tox|[from] psn\n|upkeep\n|turn|11\n|\n|t:|1663583011\n|switch|p1a: Toxapex|Toxapex, F|100\/100\n|move|p2a: Lele Wulong|Future Sight|p1a: Toxapex\n|-start|p2a: Lele Wulong|move: Future Sight\n|\n|-damage|p2a: Lele Wulong|15\/100 tox|[from] psn\n|-fieldend|move: Psychic Terrain\n|upkeep\n|turn|12\n|\n|t:|1663583015\n|move|p2a: Lele Wulong|Psychic|p1a: Toxapex\n|-supereffective|p1a: Toxapex\n|-damage|p1a: Toxapex|27\/100\n|move|p1a: Toxapex|Light Screen|p1a: Toxapex\n|-sidestart|p1: NA Weezing|move: Light Screen\n|\n|-damage|p2a: Lele Wulong|0 fnt|[from] psn\n|faint|p2a: Lele Wulong\n|upkeep\n|\n|t:|1663583019\n|switch|p2a: PENTADACTYL LIMB|Pelipper, M|100\/100\n|-weather|RainDance|[from] ability: Drizzle|[of] p2a: PENTADACTYL LIMB\n|turn|13\n|\n|t:|1663583029\n|switch|p1a: Mew|Mew|100\/100\n|move|p2a: PENTADACTYL LIMB|Scald|p1a: Mew\n|-damage|p1a: Mew|73\/100\n|\n|-weather|RainDance|[upkeep]\n|-end|p1a: Mew|move: Future Sight\n|-resisted|p1a: Mew\n|-damage|p1a: Mew|61\/100\n|upkeep\n|turn|14\n|\n|t:|1663583036\n|move|p1a: Mew|Roost|p1a: Mew\n|-heal|p1a: Mew|100\/100\n|-singleturn|p1a: Mew|move: Roost\n|move|p2a: PENTADACTYL LIMB|Scald|p1a: Mew\n|-damage|p1a: Mew|69\/100\n|\n|-weather|RainDance|[upkeep]\n|upkeep\n|turn|15\n|\n|t:|1663583040\n|move|p1a: Mew|Knock Off|p2a: PENTADACTYL LIMB\n|-damage|p2a: PENTADACTYL LIMB|73\/100\n|-enditem|p2a: PENTADACTYL LIMB|Choice Specs|[from] move: Knock Off|[of] p1a: Mew\n|move|p2a: PENTADACTYL LIMB|Scald|p1a: Mew\n|-damage|p1a: Mew|48\/100\n|\n|-weather|RainDance|[upkeep]\n|upkeep\n|turn|16\n|\n|t:|1663583046\n|move|p1a: Mew|Roost|p1a: Mew\n|-heal|p1a: Mew|98\/100\n|-singleturn|p1a: Mew|move: Roost\n|move|p2a: PENTADACTYL LIMB|Weather Ball|p1a: Mew\n|-damage|p1a: Mew|75\/100\n|\n|-weather|RainDance|[upkeep]\n|-sideend|p1: NA Weezing|move: Light Screen\n|upkeep\n|turn|17\n|l| K7\n|\n|t:|1663583052\n|switch|p1a: Toxapex|Toxapex, F|60\/100\n|move|p2a: PENTADACTYL LIMB|Hurricane|p1a: Toxapex\n|-damage|p1a: Toxapex|27\/100\n|-start|p1a: Toxapex|confusion\n|\n|-weather|none\n|upkeep\n|turn|18\n|\n|t:|1663583057\n|switch|p1a: Mew|Mew|75\/100\n|move|p2a: PENTADACTYL LIMB|Hurricane|p1a: Mew\n|-damage|p1a: Mew|37\/100\n|\n|upkeep\n|turn|19\n|\n|t:|1663583062\n|move|p1a: Mew|Roost|p1a: Mew\n|-heal|p1a: Mew|87\/100\n|-singleturn|p1a: Mew|move: Roost\n|move|p2a: PENTADACTYL LIMB|U-turn|p1a: Mew\n|-supereffective|p1a: Mew\n|-damage|p1a: Mew|72\/100\n|\n|t:|1663583066\n|switch|p2a: These Bolts|Melmetal|100\/100|[from]move: U-turn\n|\n|upkeep\n|turn|20\n|l|\u2606NA Weezing\n|inactive|NA Weezing disconnected and has a minute to reconnect!\n|player|p1|\n|j| GXE Chaser\n|j|\u2606NA Weezing\n|inactive|NA Weezing reconnected and has 115 seconds left.\n|player|p1|NA Weezing|102\n|\n|t:|1663583108\n|switch|p1a: Corviknight|Corviknight, M|71\/100\n|-ability|p1a: Corviknight|Pressure\n|move|p2a: These Bolts|Double Iron Bash|p1a: Corviknight\n|-resisted|p1a: Corviknight\n|-damage|p1a: Corviknight|52\/100\n|-resisted|p1a: Corviknight\n|-damage|p1a: Corviknight|34\/100\n|-hitcount|p1a: Corviknight|2\n|\n|upkeep\n|turn|21\n|\n|t:|1663583112\n|move|p1a: Corviknight|Roost|p1a: Corviknight\n|-heal|p1a: Corviknight|84\/100\n|-singleturn|p1a: Corviknight|move: Roost\n|move|p2a: These Bolts|Earthquake|p1a: Corviknight\n|-supereffective|p1a: Corviknight\n|-damage|p1a: Corviknight|15\/100\n|\n|upkeep\n|turn|22\n|\n|t:|1663583119\n|switch|p1a: Hippowdon|Hippowdon, M|100\/100\n|-weather|Sandstorm|[from] ability: Sand Stream|[of] p1a: Hippowdon\n|move|p2a: These Bolts|Earthquake|p1a: Hippowdon\n|-damage|p1a: Hippowdon|69\/100\n|\n|-weather|Sandstorm|[upkeep]\n|-heal|p1a: Hippowdon|75\/100|[from] item: Leftovers\n|upkeep\n|turn|23\n|\n|t:|1663583122\n|switch|p2a: PENTADACTYL LIMB|Pelipper, M|73\/100\n|-weather|RainDance|[from] ability: Drizzle|[of] p2a: PENTADACTYL LIMB\n|move|p1a: Hippowdon|Earthquake|p2a: PENTADACTYL LIMB\n|-immune|p2a: PENTADACTYL LIMB\n|\n|-weather|RainDance|[upkeep]\n|-heal|p1a: Hippowdon|81\/100|[from] item: Leftovers\n|upkeep\n|turn|24\n|\n|t:|1663583130\n|switch|p1a: Toxapex|Toxapex, F|61\/100\n|move|p2a: PENTADACTYL LIMB|Hurricane|p1a: Toxapex\n|-damage|p1a: Toxapex|28\/100\n|\n|-weather|RainDance|[upkeep]\n|upkeep\n|turn|25\n|j| Forwards\n|j| youhuanbingshi\n|\n|t:|1663583148\n|switch|p1a: Hippowdon|Hippowdon, M|81\/100\n|-weather|Sandstorm|[from] ability: Sand Stream|[of] p1a: Hippowdon\n|move|p2a: PENTADACTYL LIMB|U-turn|p1a: Hippowdon\n|-damage|p1a: Hippowdon|75\/100\n|\n|t:|1663583154\n|switch|p2a: OC Horse|Keldeo-Resolute|100\/100|[from]move: U-turn\n|\n|-weather|Sandstorm|[upkeep]\n|-damage|p2a: OC Horse|94\/100|[from] Sandstorm\n|-heal|p1a: Hippowdon|81\/100|[from] item: Leftovers\n|upkeep\n|turn|26\n|\n|t:|1663583161\n|switch|p1a: Toxapex|Toxapex, F|61\/100\n|move|p2a: OC Horse|Scald|p1a: Toxapex\n|-resisted|p1a: Toxapex\n|-damage|p1a: Toxapex|41\/100\n|\n|-weather|Sandstorm|[upkeep]\n|-damage|p2a: OC Horse|88\/100|[from] Sandstorm\n|-damage|p1a: Toxapex|35\/100|[from] Sandstorm\n|upkeep\n|turn|27\n|\n|t:|1663583165\n|switch|p2a: SWAG LIKE OHIO|Landorus-Therian, M|84\/100\n|-ability|p2a: SWAG LIKE OHIO|Intimidate|boost\n|-unboost|p1a: Toxapex|atk|1\n|move|p1a: Toxapex|Recover|p1a: Toxapex\n|-heal|p1a: Toxapex|85\/100\n|\n|-weather|Sandstorm|[upkeep]\n|-damage|p1a: Toxapex|79\/100|[from] Sandstorm\n|upkeep\n|turn|28\n|l| Forwards\n|c|\u2606NA Weezing|test\n|c|\u2606broked on bricks|lmao\n|\n|t:|1663583187\n|switch|p1a: Tornadus|Tornadus-Therian, M|100\/100\n|move|p2a: SWAG LIKE OHIO|Earthquake|p1a: Tornadus\n|-immune|p1a: Tornadus\n|\n|-weather|Sandstorm|[upkeep]\n|-damage|p1a: Tornadus|94\/100|[from] Sandstorm\n|upkeep\n|turn|29\n|\n|t:|1663583199\n|switch|p2a: PENTADACTYL LIMB|Pelipper, M|73\/100\n|-weather|RainDance|[from] ability: Drizzle|[of] p2a: PENTADACTYL LIMB\n|move|p1a: Tornadus|Heat Wave|p2a: PENTADACTYL LIMB\n|-resisted|p2a: PENTADACTYL LIMB\n|-damage|p2a: PENTADACTYL LIMB|62\/100\n|\n|-weather|RainDance|[upkeep]\n|upkeep\n|turn|30\n|\n|t:|1663583206\n|move|p1a: Tornadus|Toxic|p2a: PENTADACTYL LIMB\n|-status|p2a: PENTADACTYL LIMB|tox\n|move|p2a: PENTADACTYL LIMB|U-turn|p1a: Tornadus\n|-resisted|p1a: Tornadus\n|-damage|p1a: Tornadus|90\/100\n|c|\u2606NA Weezing|test\n|c|\u2606broked on bricks|wagwan\n|\n|t:|1663583216\n|switch|p2a: Dragopult|Dragapult, M|100\/100|[from]move: U-turn\n|\n|-weather|RainDance|[upkeep]\n|upkeep\n|turn|31\n|l|\u2606NA Weezing\n|inactive|NA Weezing disconnected and has a minute to reconnect!\n|player|p1|\n|c|\u2606broked on bricks|playing on a samsung smart fridge wtf is going on\n|l| GXE Chaser\n|j|\u2606NA Weezing\n|inactive|NA Weezing reconnected and has 110 seconds left.\n|player|p1|NA Weezing|102\n|\n|t:|1663583266\n|switch|p1a: Toxapex|Toxapex, F|100\/100\n|move|p2a: Dragopult|Thunder|p1a: Toxapex\n|-supereffective|p1a: Toxapex\n|-damage|p1a: Toxapex|37\/100\n|\n|-weather|RainDance|[upkeep]\n|upkeep\n|turn|32\n|c|\u2606NA Weezing|test\n|\n|t:|1663583279\n|switch|p2a: OC Horse|Keldeo-Resolute|88\/100\n|switch|p1a: Hippowdon|Hippowdon, M|81\/100\n|-weather|Sandstorm|[from] ability: Sand Stream|[of] p1a: Hippowdon\n|\n|-weather|Sandstorm|[upkeep]\n|-damage|p2a: OC Horse|82\/100|[from] Sandstorm\n|-heal|p1a: Hippowdon|87\/100|[from] item: Leftovers\n|upkeep\n|turn|33\n|\n|t:|1663583285\n|switch|p2a: PENTADACTYL LIMB|Pelipper, M|62\/100 tox\n|-weather|RainDance|[from] ability: Drizzle|[of] p2a: PENTADACTYL LIMB\n|switch|p1a: Toxapex|Toxapex, F|71\/100\n|\n|-weather|RainDance|[upkeep]\n|-damage|p2a: PENTADACTYL LIMB|56\/100 tox|[from] psn\n|upkeep\n|turn|34\n|\n|t:|1663583295\n|move|p2a: PENTADACTYL LIMB|Hurricane|p1a: Toxapex\n|-damage|p1a: Toxapex|36\/100\n|-start|p1a: Toxapex|confusion\n|-activate|p1a: Toxapex|confusion\n|-damage|p1a: Toxapex|32\/100|[from] confusion\n|\n|-weather|RainDance|[upkeep]\n|-damage|p2a: PENTADACTYL LIMB|44\/100 tox|[from] psn\n|upkeep\n|turn|35\n|\n|t:|1663583301\n|switch|p1a: Tornadus|Tornadus-Therian, M|100\/100\n|move|p2a: PENTADACTYL LIMB|U-turn|p1a: Tornadus\n|-resisted|p1a: Tornadus\n|-damage|p1a: Tornadus|96\/100\n|\n|t:|1663583310\n|switch|p2a: These Bolts|Melmetal|100\/100|[from]move: U-turn\n|\n|-weather|RainDance|[upkeep]\n|upkeep\n|turn|36\n|j| Forwards\n|l| Forwards\n|j| HPbeam\n|\n|t:|1663583328\n|switch|p1a: Toxapex|Toxapex, F|65\/100\n|move|p2a: These Bolts|Toxic|p1a: Toxapex\n|-immune|p1a: Toxapex\n|\n|-weather|RainDance|[upkeep]\n|upkeep\n|turn|37\n|\n|t:|1663583337\n|switch|p1a: Hippowdon|Hippowdon, M|87\/100\n|-weather|Sandstorm|[from] ability: Sand Stream|[of] p1a: Hippowdon\n|move|p2a: These Bolts|Toxic|p1a: Hippowdon\n|-status|p1a: Hippowdon|tox\n|\n|-weather|Sandstorm|[upkeep]\n|-heal|p1a: Hippowdon|94\/100 tox|[from] item: Leftovers\n|-damage|p1a: Hippowdon|87\/100 tox|[from] psn\n|upkeep\n|turn|38\n|\n|t:|1663583347\n|move|p1a: Hippowdon|Stealth Rock|p2a: These Bolts\n|-sidestart|p2: broked on bricks|move: Stealth Rock\n|move|p2a: These Bolts|Double Iron Bash|p1a: Hippowdon\n|-damage|p1a: Hippowdon|59\/100 tox\n|-damage|p1a: Hippowdon|29\/100 tox\n|-hitcount|p1a: Hippowdon|2\n|\n|-weather|Sandstorm|[upkeep]\n|-heal|p1a: Hippowdon|35\/100 tox|[from] item: Leftovers\n|-damage|p1a: Hippowdon|23\/100 tox|[from] psn\n|upkeep\n|turn|39\n|\n|t:|1663583364\n|move|p1a: Hippowdon|Earthquake|p2a: These Bolts\n|-supereffective|p2a: These Bolts\n|-damage|p2a: These Bolts|52\/100\n|move|p2a: These Bolts|Earthquake|p1a: Hippowdon\n|-damage|p1a: Hippowdon|0 fnt\n|faint|p1a: Hippowdon\n|\n|-weather|Sandstorm|[upkeep]\n|-heal|p2a: These Bolts|58\/100|[from] item: Leftovers\n|upkeep\n|\n|t:|1663583369\n|switch|p1a: Tornadus|Tornadus-Therian, M|100\/100\n|turn|40\n|\n|t:|1663583372\n|move|p2a: These Bolts|Protect|p2a: These Bolts\n|-singleturn|p2a: These Bolts|Protect\n|move|p1a: Tornadus|Heat Wave|p2a: These Bolts\n|-activate|p2a: These Bolts|move: Protect\n|\n|-weather|Sandstorm|[upkeep]\n|-damage|p1a: Tornadus|94\/100|[from] Sandstorm\n|-heal|p2a: These Bolts|64\/100|[from] item: Leftovers\n|upkeep\n|turn|41\n|\n|t:|1663583374\n|switch|p2a: PENTADACTYL LIMB|Pelipper, M|44\/100 tox\n|-damage|p2a: PENTADACTYL LIMB|19\/100 tox|[from] Stealth Rock\n|-weather|RainDance|[from] ability: Drizzle|[of] p2a: PENTADACTYL LIMB\n|move|p1a: Tornadus|Heat Wave|p2a: PENTADACTYL LIMB\n|-resisted|p2a: PENTADACTYL LIMB\n|-damage|p2a: PENTADACTYL LIMB|9\/100 tox\n|\n|-weather|RainDance|[upkeep]\n|-damage|p2a: PENTADACTYL LIMB|2\/100 tox|[from] psn\n|upkeep\n|turn|42\n|\n|t:|1663583382\n|move|p1a: Tornadus|Knock Off|p2a: PENTADACTYL LIMB\n|-damage|p2a: PENTADACTYL LIMB|0 fnt\n|faint|p2a: PENTADACTYL LIMB\n|\n|-weather|RainDance|[upkeep]\n|upkeep\n|c|\u2606NA Weezing|test\n|\n|t:|1663583396\n|switch|p2a: SWAG LIKE OHIO|Landorus-Therian, M|84\/100\n|-damage|p2a: SWAG LIKE OHIO|72\/100|[from] Stealth Rock\n|-ability|p2a: SWAG LIKE OHIO|Intimidate|boost\n|-unboost|p1a: Tornadus|atk|1\n|turn|43\n|c|\u2606broked on bricks|ye\n|\n|t:|1663583406\n|switch|p1a: Corviknight|Corviknight, M|15\/100\n|-ability|p1a: Corviknight|Pressure\n|move|p2a: SWAG LIKE OHIO|Defog|p1a: Corviknight\n|-unboost|p1a: Corviknight|evasion|1\n|-sideend|p2: broked on bricks|Stealth Rock|[from] move: Defog|[of] p2a: SWAG LIKE OHIO\n|\n|-weather|RainDance|[upkeep]\n|upkeep\n|turn|44\n|l| youhuanbingshi\n|\n|t:|1663583409\n|move|p1a: Corviknight|Roost|p1a: Corviknight\n|-heal|p1a: Corviknight|65\/100\n|-singleturn|p1a: Corviknight|move: Roost\n|move|p2a: SWAG LIKE OHIO|Earthquake|p1a: Corviknight\n|-supereffective|p1a: Corviknight\n|-damage|p1a: Corviknight|0 fnt\n|faint|p1a: Corviknight\n|\n|-weather|RainDance|[upkeep]\n|upkeep\n|-message|NA Weezing forfeited.\n|\n|win|broked on bricks\n|raw|NA Weezing's rating: 1776 &rarr; <strong>1755<\/strong><br \/>(-21 for losing)\n|raw|broked on bricks's rating: 1757 &rarr; <strong>1778<\/strong><br \/>(+21 for winning)\n|l|\u2606NA Weezing\n|c|\u2606broked on bricks|gg\n||Ladder isn't responding, score probably updated but might not have (Request timeout).\n","uploadtime":1663583429,"views":28,"p1id":"naweezing","p2id":"brokedonbricks","formatid":"gen8ou","rating":1755,"private":0,"password":null}