{"id":"gen8randombattle-1304971420","p1":"lebanesestinker","p2":"bwy","format":"gen8randombattle","log":"|j|\u2606lebanesestinker\n|j|\u2606bwy\n|t:|1616193778\n|player|p1|lebanesestinker|policeman|1733\n|player|p2|bwy|266|1707\n|teamsize|p1|6\n|teamsize|p2|6\n|gametype|singles\n|gen|8\n|tier|[Gen 8] Random Battle\n|rated|\n|rule|Species Clause: Limit one of each Pok\u00e9mon\n|rule|HP Percentage Mod: HP is shown in percentages\n|rule|Sleep Clause Mod: Limit one foe put to sleep\n|\n|t:|1616193778\n|start\n|switch|p1a: Duraludon|Duraludon, L84, M|255\/255\n|switch|p2a: Lycanroc|Lycanroc, L80, M|251\/251\n|turn|1\n|inactive|Battle timer is ON: inactive players will automatically lose when time's up. (requested by bwy)\n|\n|t:|1616193806\n|switch|p2a: Glalie|Glalie, L80, F|259\/259\n|move|p1a: Duraludon|Stealth Rock|p2a: Glalie\n|-sidestart|p2: bwy|move: Stealth Rock\n|\n|-ability|p2a: Glalie|Moody|boost\n|-boost|p2a: Glalie|spa|2\n|-unboost|p2a: Glalie|spe|1\n|upkeep\n|turn|2\n|\n|t:|1616193815\n|move|p2a: Glalie|Protect|p2a: Glalie\n|-singleturn|p2a: Glalie|Protect\n|move|p1a: Duraludon|Flash Cannon|p2a: Glalie\n|-activate|p2a: Glalie|move: Protect\n|\n|-ability|p2a: Glalie|Moody|boost\n|-boost|p2a: Glalie|def|2\n|-unboost|p2a: Glalie|spa|1\n|upkeep\n|turn|3\n|\n|t:|1616193824\n|move|p1a: Duraludon|Flash Cannon|p2a: Glalie\n|-supereffective|p2a: Glalie\n|-damage|p2a: Glalie|29\/259\n|move|p2a: Glalie|Disable|p1a: Duraludon\n|-start|p1a: Duraludon|Disable|Flash Cannon\n|\n|-heal|p2a: Glalie|45\/259|[from] item: Leftovers\n|-ability|p2a: Glalie|Moody|boost\n|-boost|p2a: Glalie|def|2\n|-unboost|p2a: Glalie|atk|1\n|upkeep\n|turn|4\n|\n|t:|1616193833\n|move|p2a: Glalie|Protect|p2a: Glalie\n|-singleturn|p2a: Glalie|Protect\n|move|p1a: Duraludon|Thunderbolt|p2a: Glalie\n|-activate|p2a: Glalie|move: Protect\n|\n|-heal|p2a: Glalie|61\/259|[from] item: Leftovers\n|-ability|p2a: Glalie|Moody|boost\n|-boost|p2a: Glalie|spd|2\n|-unboost|p2a: Glalie|def|1\n|upkeep\n|turn|5\n|\n|t:|1616193842\n|move|p2a: Glalie|Protect||[still]\n|-fail|p2a: Glalie\n|move|p1a: Duraludon|Draco Meteor|p2a: Glalie\n|-damage|p2a: Glalie|0 fnt\n|-unboost|p1a: Duraludon|spa|2\n|faint|p2a: Glalie\n|\n|upkeep\n|\n|t:|1616193855\n|switch|p2a: Dragonite|Dragonite, L76, M|263\/263\n|turn|6\n|\n|t:|1616193868\n|switch|p1a: Wailord|Wailord, L88, M|442\/442\n|move|p2a: Dragonite|Dragon Dance|p2a: Dragonite\n|-boost|p2a: Dragonite|atk|1\n|-boost|p2a: Dragonite|spe|1\n|\n|upkeep\n|turn|7\n|\n|t:|1616193879\n|-start|p2a: Dragonite|Dynamax\n|-heal|p2a: Dragonite|526\/526|[silent]\n|move|p2a: Dragonite|Max Quake|p1a: Wailord\n|-crit|p1a: Wailord\n|-damage|p1a: Wailord|125\/442\n|-boost|p2a: Dragonite|spd|1\n|move|p1a: Wailord|Ice Beam|p2a: Dragonite\n|-supereffective|p2a: Dragonite\n|-damage|p2a: Dragonite|390\/526\n|\n|upkeep\n|turn|8\n|\n|t:|1616193890\n|move|p2a: Dragonite|Max Quake|p1a: Wailord\n|-damage|p1a: Wailord|0 fnt\n|-boost|p2a: Dragonite|spd|1\n|faint|p1a: Wailord\n|\n|upkeep\n|\n|t:|1616193900\n|switch|p1a: Nidoking|Nidoking, L82, M|267\/267\n|turn|9\n|\n|t:|1616193904\n|-start|p1a: Nidoking|Dynamax\n|-heal|p1a: Nidoking|534\/534|[silent]\n|move|p2a: Dragonite|Max Quake|p1a: Nidoking\n|-supereffective|p1a: Nidoking\n|-damage|p1a: Nidoking|204\/534\n|-boost|p2a: Dragonite|spd|1\n|move|p1a: Nidoking|Max Hailstorm|p2a: Dragonite\n|-supereffective|p2a: Dragonite\n|-damage|p2a: Dragonite|218\/526\n|-weather|Hail\n|-damage|p1a: Nidoking|178\/534|[from] item: Life Orb\n|\n|-weather|Hail|[upkeep]\n|-damage|p2a: Dragonite|202\/526|[from] Hail\n|-damage|p1a: Nidoking|162\/534|[from] Hail\n|-end|p2a: Dragonite|Dynamax\n|-heal|p2a: Dragonite|101\/263|[silent]\n|upkeep\n|turn|10\n|\n|t:|1616193920\n|move|p2a: Dragonite|Earthquake|p1a: Nidoking\n|-supereffective|p1a: Nidoking\n|-damage|p1a: Nidoking|0 fnt\n|faint|p1a: Nidoking\n|\n|-weather|Hail|[upkeep]\n|-damage|p2a: Dragonite|85\/263|[from] Hail\n|upkeep\n|\n|t:|1616193924\n|switch|p1a: Duraludon|Duraludon, L84, M|255\/255\n|turn|11\n|\n|t:|1616193930\n|move|p2a: Dragonite|Earthquake|p1a: Duraludon\n|-supereffective|p1a: Duraludon\n|-damage|p1a: Duraludon|75\/255\n|move|p1a: Duraludon|Draco Meteor|p2a: Dragonite\n|-supereffective|p2a: Dragonite\n|-damage|p2a: Dragonite|0 fnt\n|-unboost|p1a: Duraludon|spa|2\n|faint|p2a: Dragonite\n|\n|-weather|Hail|[upkeep]\n|-damage|p1a: Duraludon|60\/255|[from] Hail\n|upkeep\n|\n|t:|1616193942\n|switch|p2a: Mewtwo|Mewtwo, L72|272\/272\n|-ability|p2a: Mewtwo|Unnerve|p1: lebanesestinker\n|-damage|p2a: Mewtwo|238\/272|[from] Stealth Rock\n|turn|12\n|\n|t:|1616193957\n|switch|p1a: Meowstic|Meowstic-F, L86, F|268\/268\n|move|p2a: Mewtwo|Nasty Plot|p2a: Mewtwo\n|-boost|p2a: Mewtwo|spa|2\n|\n|-weather|Hail|[upkeep]\n|-damage|p2a: Mewtwo|221\/272|[from] Hail\n|-damage|p1a: Meowstic|252\/268|[from] Hail\n|-heal|p2a: Mewtwo|238\/272|[from] item: Leftovers\n|upkeep\n|turn|13\n|\n|t:|1616193966\n|move|p2a: Mewtwo|Psystrike|p1a: Meowstic\n|-resisted|p1a: Meowstic\n|-damage|p1a: Meowstic|135\/268\n|move|p1a: Meowstic|Shadow Ball|p2a: Mewtwo\n|-supereffective|p2a: Mewtwo\n|-damage|p2a: Mewtwo|69\/272\n|-damage|p1a: Meowstic|109\/268|[from] item: Life Orb\n|\n|-weather|none\n|-heal|p2a: Mewtwo|86\/272|[from] item: Leftovers\n|upkeep\n|turn|14\n|\n|t:|1616193975\n|move|p2a: Mewtwo|Psystrike|p1a: Meowstic\n|-resisted|p1a: Meowstic\n|-damage|p1a: Meowstic|0 fnt\n|faint|p1a: Meowstic\n|\n|-heal|p2a: Mewtwo|103\/272|[from] item: Leftovers\n|upkeep\n|\n|t:|1616193979\n|switch|p1a: Aggron|Aggron, L84, M|255\/255\n|-item|p1a: Aggron|Air Balloon\n|turn|15\n|\n|t:|1616193989\n|move|p2a: Mewtwo|Fire Blast|p1a: Aggron\n|-damage|p1a: Aggron|51\/255\n|-status|p1a: Aggron|brn\n|-enditem|p1a: Aggron|Air Balloon\n|move|p1a: Aggron|Head Smash|p2a: Mewtwo\n|-damage|p2a: Mewtwo|11\/272\n|\n|-heal|p2a: Mewtwo|28\/272|[from] item: Leftovers\n|-damage|p1a: Aggron|36\/255 brn|[from] brn\n|upkeep\n|turn|16\n|\n|t:|1616194000\n|move|p2a: Mewtwo|Recover|p2a: Mewtwo\n|-heal|p2a: Mewtwo|164\/272\n|move|p1a: Aggron|Heavy Slam|p2a: Mewtwo\n|-damage|p2a: Mewtwo|125\/272\n|\n|-heal|p2a: Mewtwo|142\/272|[from] item: Leftovers\n|-damage|p1a: Aggron|21\/255 brn|[from] brn\n|upkeep\n|turn|17\n|\n|t:|1616194008\n|move|p2a: Mewtwo|Recover|p2a: Mewtwo\n|-heal|p2a: Mewtwo|272\/272\n|move|p1a: Aggron|Head Smash|p2a: Mewtwo\n|-damage|p2a: Mewtwo|180\/272\n|\n|-heal|p2a: Mewtwo|197\/272|[from] item: Leftovers\n|-damage|p1a: Aggron|6\/255 brn|[from] brn\n|upkeep\n|turn|18\n|\n|t:|1616194016\n|move|p2a: Mewtwo|Psystrike|p1a: Aggron\n|-resisted|p1a: Aggron\n|-damage|p1a: Aggron|0 fnt\n|faint|p1a: Aggron\n|\n|-heal|p2a: Mewtwo|214\/272|[from] item: Leftovers\n|upkeep\n|\n|t:|1616194017\n|switch|p1a: Darmanitan|Darmanitan-Galar, L78, F|292\/292\n|turn|19\n|\n|t:|1616194026\n|move|p2a: Mewtwo|Fire Blast|p1a: Darmanitan|[miss]\n|-miss|p2a: Mewtwo|p1a: Darmanitan\n|move|p1a: Darmanitan|Icicle Crash|p2a: Mewtwo\n|-damage|p2a: Mewtwo|103\/272\n|\n|-heal|p2a: Mewtwo|120\/272|[from] item: Leftovers\n|upkeep\n|turn|20\n|\n|t:|1616194035\n|move|p2a: Mewtwo|Fire Blast|p1a: Darmanitan\n|-supereffective|p1a: Darmanitan\n|-damage|p1a: Darmanitan|0 fnt\n|faint|p1a: Darmanitan\n|\n|-heal|p2a: Mewtwo|137\/272|[from] item: Leftovers\n|upkeep\n|\n|t:|1616194038\n|switch|p1a: Duraludon|Duraludon, L84, M|60\/255\n|turn|21\n|\n|t:|1616194044\n|move|p2a: Mewtwo|Psystrike|p1a: Duraludon\n|-resisted|p1a: Duraludon\n|-damage|p1a: Duraludon|0 fnt\n|faint|p1a: Duraludon\n|\n|win|bwy\n|raw|lebanesestinker's rating: 1733 &rarr; <strong>1712<\/strong><br \/>(-21 for losing)\n|raw|bwy's rating: 1707 &rarr; <strong>1728<\/strong><br \/>(+21 for winning)\n","inputlog":">version 9bb9b44295a130f681b527ce87703879831201b3\n>start {\"formatid\":\"gen8randombattle\",\"seed\":[11678,29858,60594,43643],\"rated\":\"Rated battle\"}\n>player p1 {\"name\":\"lebanesestinker\",\"avatar\":\"policeman\",\"team\":\"\",\"rating\":1733,\"seed\":[5325,16205,12801,35790]}\n>player p2 {\"name\":\"bwy\",\"avatar\":\"266\",\"team\":\"\",\"rating\":1707,\"seed\":[15602,62585,32794,42042]}\n>p1 move stealthrock\n>p2 switch 2\n>p1 move flashcannon\n>p2 move protect\n>p1 move flashcannon\n>p2 move disable\n>p1 move thunderbolt\n>p2 move protect\n>p1 move dracometeor\n>p2 move protect\n>p2 switch 4\n>p1 switch 6\n>p2 move dragondance\n>p1 move icebeam\n>p2 move earthquake dynamax\n>p1 move icebeam\n>p2 move earthquake dynamax\n>p1 switch 4\n>p1 move icebeam dynamax\n>p2 move earthquake dynamax\n>p1 move icebeam dynamax\n>p2 move earthquake\n>p1 switch 6\n>p1 move dracometeor\n>p2 move earthquake\n>p2 switch 6\n>p1 switch 2\n>p2 move nastyplot\n>p1 move shadowball\n>p2 move psystrike\n>p1 move shadowball\n>p2 move psystrike\n>p1 switch 3\n>p1 move headsmash\n>p2 move fireblast\n>p1 move heavyslam\n>p2 move recover\n>p1 move headsmash\n>p2 move recover\n>p1 move headsmash\n>p2 move psystrike\n>p1 switch 5\n>p1 move iciclecrash\n>p2 move fireblast\n>p1 move iciclecrash\n>p2 move fireblast\n>p1 switch 2\n>p1 move flashcannon\n>p2 move psystrike","uploadtime":1616194050,"views":25,"p1id":"lebanesestinker","p2id":"bwy","formatid":"gen8randombattle","rating":1712,"private":0,"password":null}