{"id":"gen8ou-1015767150","p1":"TryHonesty","p2":"lukeisadeans1234","format":"gen8ou","log":"|j|\u2606TryHonesty\n|j|\u2606lukeisadeans1234\n|player|p1|TryHonesty|265|1306\n|player|p2|lukeisadeans1234|266|1328\n|teamsize|p1|6\n|teamsize|p2|6\n|gametype|singles\n|gen|8\n|tier|[Gen 8] OU\n|rated|\n|rule|Sleep Clause Mod: Limit one foe put to sleep\n|rule|Species Clause: Limit one of each Pok\u00e9mon\n|rule|OHKO Clause: OHKO moves are banned\n|rule|Moody Clause: Moody is banned\n|rule|Evasion Moves Clause: Evasion moves are banned\n|rule|Endless Battle Clause: Forcing endless battles is banned\n|rule|HP Percentage Mod: HP is shown in percentages\n|clearpoke\n|poke|p1|Coalossal, M|item\n|poke|p1|Dugtrio, M|item\n|poke|p1|Avalugg, F|item\n|poke|p1|Hatterene, F|item\n|poke|p1|Conkeldurr, F|item\n|poke|p1|Inteleon, F|item\n|poke|p2|Dragapult, F|item\n|poke|p2|Ferrothorn, M|item\n|poke|p2|Tyranitar, F|item\n|poke|p2|Rotom-Wash|item\n|poke|p2|Excadrill, F|item\n|poke|p2|Gyarados, M|item\n|teampreview\n|inactive|Battle timer is ON: inactive players will automatically lose when time's up. (requested by TryHonesty)\n|j| ThaDayman\n|\n|start\n|switch|p1a: Dugtrio|Dugtrio, M|100\/100\n|switch|p2a: tide pod eater|Rotom-Wash|100\/100\n|turn|1\n|\n|switch|p1a: Inteleon|Inteleon, F|100\/100\n|move|p2a: tide pod eater|Volt Switch|p1a: Inteleon\n|-supereffective|p1a: Inteleon\n|-damage|p1a: Inteleon|21\/100\n|\n|switch|p2a: kim jong|Dragapult, F|100\/100|[from]move: Volt Switch\n|\n|upkeep\n|turn|2\n|\n|move|p2a: kim jong|Shadow Ball|p1a: Inteleon\n|-damage|p1a: Inteleon|0 fnt\n|faint|p1a: Inteleon\n|\n|upkeep\n|\n|switch|p1a: Coalossal|Coalossal, M|100\/100\n|turn|3\n|\n|move|p2a: kim jong|Shadow Ball|p1a: Coalossal\n|-damage|p1a: Coalossal|68\/100\n|move|p1a: Coalossal|Stealth Rock|p2a: kim jong\n|-sidestart|p2: lukeisadeans1234|move: Stealth Rock\n|\n|-heal|p1a: Coalossal|74\/100|[from] item: Leftovers\n|upkeep\n|turn|4\n|\n|switch|p2a: tide pod eater|Rotom-Wash|100\/100\n|-damage|p2a: tide pod eater|88\/100|[from] Stealth Rock\n|move|p1a: Coalossal|Spikes|p2a: tide pod eater\n|-sidestart|p2: lukeisadeans1234|Spikes\n|\n|-heal|p1a: Coalossal|80\/100|[from] item: Leftovers\n|upkeep\n|turn|5\n|\n|move|p2a: tide pod eater|Trick|p1a: Coalossal\n|-activate|p2a: tide pod eater|move: Trick|[of] p1a: Coalossal\n|-item|p1a: Coalossal|Choice Scarf|[from] move: Trick\n|-item|p2a: tide pod eater|Leftovers|[from] move: Trick\n|move|p1a: Coalossal|Will-O-Wisp|p2a: tide pod eater\n|-status|p2a: tide pod eater|brn\n|\n|-heal|p2a: tide pod eater|94\/100 brn|[from] item: Leftovers\n|-damage|p2a: tide pod eater|88\/100 brn|[from] brn\n|upkeep\n|turn|6\n|inactive|lukeisadeans1234 has 120 seconds left.\n|\n|move|p2a: tide pod eater|Thunder Wave|p1a: Coalossal|[miss]\n|-miss|p2a: tide pod eater|p1a: Coalossal\n|move|p1a: Coalossal|Will-O-Wisp|p2a: tide pod eater\n|-fail|p2a: tide pod eater|brn\n|\n|-heal|p2a: tide pod eater|94\/100 brn|[from] item: Leftovers\n|-damage|p2a: tide pod eater|88\/100 brn|[from] brn\n|upkeep\n|turn|7\n|inactive|lukeisadeans1234 has 120 seconds left.\n|\n|move|p2a: tide pod eater|Hydro Pump|p1a: Coalossal\n|-supereffective|p1a: Coalossal\n|-damage|p1a: Coalossal|0 fnt\n|faint|p1a: Coalossal\n|\n|-heal|p2a: tide pod eater|94\/100 brn|[from] item: Leftovers\n|-damage|p2a: tide pod eater|88\/100 brn|[from] brn\n|upkeep\n|\n|switch|p1a: Conkeldurr|Conkeldurr, F|100\/100\n|turn|8\n|inactive|lukeisadeans1234 has 120 seconds left.\n|\n|move|p2a: tide pod eater|Thunder Wave|p1a: Conkeldurr\n|-status|p1a: Conkeldurr|par\n|cant|p1a: Conkeldurr|par\n|\n|-heal|p2a: tide pod eater|94\/100 brn|[from] item: Leftovers\n|-damage|p2a: tide pod eater|88\/100 brn|[from] brn\n|upkeep\n|turn|9\n|inactive|lukeisadeans1234 has 120 seconds left.\n|\n|move|p2a: tide pod eater|Volt Switch|p1a: Conkeldurr\n|-damage|p1a: Conkeldurr|70\/100 par\n|\n|switch|p2a: kim jong|Dragapult, F|100\/100|[from]move: Volt Switch\n|-damage|p2a: kim jong|88\/100|[from] Stealth Rock\n|-damage|p2a: kim jong|76\/100|[from] Spikes\n|cant|p1a: Conkeldurr|par\n|\n|upkeep\n|turn|10\n|\n|switch|p1a: Dugtrio|Dugtrio, M|100\/100\n|move|p2a: kim jong|Shadow Ball|p1a: Dugtrio\n|-damage|p1a: Dugtrio|0 fnt\n|faint|p1a: Dugtrio\n|\n|upkeep\n|\n|switch|p1a: Hatterene|Hatterene, F|100\/100\n|turn|11\n|inactive|lukeisadeans1234 has 120 seconds left.\n|l| ThaDayman\n|\n|move|p2a: kim jong|Shadow Ball|p1a: Hatterene\n|-supereffective|p1a: Hatterene\n|-damage|p1a: Hatterene|0 fnt\n|faint|p1a: Hatterene\n|\n|upkeep\n|-message|TryHonesty forfeited.\n|\n|win|lukeisadeans1234\n|l|\u2606TryHonesty\n|raw|TryHonesty's rating: 1306 &rarr; <strong>1288<\/strong><br \/>(-18 for losing)\n|raw|lukeisadeans1234's rating: 1328 &rarr; <strong>1347<\/strong><br \/>(+19 for winning)\n","uploadtime":1574580757,"views":11,"p1id":"tryhonesty","p2id":"lukeisadeans1234","formatid":"gen8ou","rating":1288,"private":0,"password":null}