{"id":"gen8ou-1647821063","p1":"superrouchuan","p2":"minimax_ai","format":"gen8ou","log":"|j|\u2606superrouchuan\n|j|\u2606minimax_ai\n|t:|1661425268\n|gametype|singles\n|player|p1|superrouchuan|juan|1495\n|player|p2|minimax_ai|lusamine-nihilego|1464\n|teamsize|p1|6\n|teamsize|p2|6\n|gen|8\n|tier|[Gen 8] OU\n|rated|\n|rule|Sleep Clause Mod: Limit one foe put to sleep\n|rule|Species Clause: Limit one of each Pok\u00e9mon\n|rule|OHKO Clause: OHKO moves are banned\n|rule|Evasion Items Clause: Evasion items are banned\n|rule|Evasion Moves Clause: Evasion moves are banned\n|rule|Endless Battle Clause: Forcing endless battles is banned\n|rule|HP Percentage Mod: HP is shown in percentages\n|rule|Dynamax Clause: You cannot dynamax\n|clearpoke\n|poke|p1|Tornadus-Therian, M|\n|poke|p1|Ferrothorn, F|\n|poke|p1|Snorlax, M|\n|poke|p1|Melmetal|\n|poke|p1|Rillaboom, F|\n|poke|p1|Zeraora|\n|poke|p2|Rotom-Wash|\n|poke|p2|Weavile, F|\n|poke|p2|Landorus-Therian, M|\n|poke|p2|Heatran, M|\n|poke|p2|Tangrowth, F|\n|poke|p2|Melmetal|\n|teampreview\n|c|\u2606minimax_ai|hf\n|inactive|Battle timer is ON: inactive players will automatically lose when time's up. (requested by minimax_ai)\n|\n|t:|1661425275\n|start\n|switch|p1a: Zeraora|Zeraora|100\/100\n|switch|p2a: Heatran|Heatran, M|100\/100\n|-item|p2a: Heatran|Air Balloon\n|turn|1\n|\n|t:|1661425288\n|move|p1a: Zeraora|Close Combat|p2a: Heatran\n|-supereffective|p2a: Heatran\n|-damage|p2a: Heatran|27\/100\n|-unboost|p1a: Zeraora|def|1\n|-unboost|p1a: Zeraora|spd|1\n|-enditem|p2a: Heatran|Air Balloon\n|move|p2a: Heatran|Magma Storm|p1a: Zeraora\n|-damage|p1a: Zeraora|0 fnt\n|faint|p1a: Zeraora\n|\n|upkeep\n|inactive|superrouchuan has 120 seconds left.\n|\n|t:|1661425323\n|switch|p1a: Tornadus|Tornadus-Therian, M|100\/100\n|turn|2\n|inactive|superrouchuan has 120 seconds left.\n|j| Ferrothornail\u8349\u94a2\u7532\n|\n|t:|1661425328\n|move|p1a: Tornadus|Superpower|p2a: Heatran\n|-supereffective|p2a: Heatran\n|-damage|p2a: Heatran|0 fnt\n|-unboost|p1a: Tornadus|atk|1\n|-unboost|p1a: Tornadus|def|1\n|faint|p2a: Heatran\n|\n|upkeep\n|\n|t:|1661425328\n|switch|p2a: Tangrowth|Tangrowth, F|100\/100\n|turn|3\n|\n|t:|1661425333\n|move|p1a: Tornadus|U-turn|p2a: Tangrowth\n|-supereffective|p2a: Tangrowth\n|-damage|p2a: Tangrowth|85\/100\n|-damage|p1a: Tornadus|84\/100|[from] item: Rocky Helmet|[of] p2a: Tangrowth\n|l| Ferrothornail\u8349\u94a2\u7532\n|\n|t:|1661425340\n|switch|p1a: Melmetal|Melmetal|100\/100|[from]move: U-turn\n|move|p2a: Tangrowth|Focus Blast|p1a: Melmetal\n|-supereffective|p1a: Melmetal\n|-damage|p1a: Melmetal|51\/100\n|\n|upkeep\n|turn|4\n|\n|t:|1661425344\n|move|p2a: Tangrowth|Focus Blast|p1a: Melmetal\n|-supereffective|p1a: Melmetal\n|-damage|p1a: Melmetal|0 fnt\n|faint|p1a: Melmetal\n|\n|upkeep\n|inactive|superrouchuan has 120 seconds left.\n|\n|t:|1661425384\n|switch|p1a: Snorlax|Snorlax, M|100\/100\n|turn|5\n|inactive|superrouchuan has 90 seconds left.\n|\n|t:|1661425418\n|move|p2a: Tangrowth|Focus Blast|p1a: Snorlax\n|-supereffective|p1a: Snorlax\n|-damage|p1a: Snorlax|63\/100\n|-unboost|p1a: Snorlax|spd|1\n|move|p1a: Snorlax|Yawn|p2a: Tangrowth\n|-start|p2a: Tangrowth|move: Yawn|[of] p1a: Snorlax\n|\n|upkeep\n|turn|6\n|\n|t:|1661425422\n|move|p2a: Tangrowth|Giga Drain|p1a: Snorlax\n|-damage|p1a: Snorlax|36\/100\n|-heal|p2a: Tangrowth|100\/100|[from] drain|[of] p1a: Snorlax\n|move|p1a: Snorlax|Heavy Slam|p2a: Tangrowth\n|-damage|p2a: Tangrowth|90\/100\n|-damage|p1a: Snorlax|19\/100|[from] item: Rocky Helmet|[of] p2a: Tangrowth\n|\n|-end|p2a: Tangrowth|move: Yawn|[silent]\n|-status|p2a: Tangrowth|slp\n|upkeep\n|turn|7\n|\n|t:|1661425427\n|switch|p1a: Tornadus|Tornadus-Therian, M|100\/100\n|cant|p2a: Tangrowth|slp\n|\n|upkeep\n|turn|8\n|\n|t:|1661425430\n|switch|p2a: landorustherian|Landorus-Therian, M|100\/100\n|-ability|p2a: landorustherian|Intimidate|boost\n|-unboost|p1a: Tornadus|atk|1\n|move|p1a: Tornadus|Acrobatics|p2a: landorustherian\n|-damage|p2a: landorustherian|86\/100\n|\n|-heal|p2a: landorustherian|92\/100|[from] item: Leftovers\n|upkeep\n|turn|9\n|\n|t:|1661425433\n|move|p1a: Tornadus|U-turn|p2a: landorustherian\n|-resisted|p2a: landorustherian\n|-damage|p2a: landorustherian|85\/100\n|\n|t:|1661425435\n|switch|p1a: Rillaboom|Rillaboom, F|100\/100|[from]move: U-turn\n|-fieldstart|move: Grassy Terrain|[from] ability: Grassy Surge|[of] p1a: Rillaboom\n|move|p2a: landorustherian|Earthquake|p1a: Rillaboom\n|-resisted|p1a: Rillaboom\n|-damage|p1a: Rillaboom|91\/100\n|\n|-heal|p2a: landorustherian|91\/100|[from] item: Leftovers\n|-heal|p1a: Rillaboom|97\/100|[from] Grassy Terrain\n|-heal|p1a: Rillaboom|100\/100|[from] item: Leftovers\n|upkeep\n|turn|10\n|\n|t:|1661425440\n|switch|p2a: Tangrowth|Tangrowth, F|100\/100 slp\n|move|p1a: Rillaboom|Leech Seed|p2a: Tangrowth\n|-immune|p2a: Tangrowth\n|\n|upkeep\n|turn|11\n|\n|t:|1661425443\n|move|p1a: Rillaboom|Knock Off|p2a: Tangrowth\n|-damage|p2a: Tangrowth|83\/100 slp\n|-damage|p1a: Rillaboom|84\/100|[from] item: Rocky Helmet|[of] p2a: Tangrowth\n|-enditem|p2a: Tangrowth|Rocky Helmet|[from] move: Knock Off|[of] p1a: Rillaboom\n|cant|p2a: Tangrowth|slp\n|\n|-heal|p1a: Rillaboom|90\/100|[from] Grassy Terrain\n|-heal|p1a: Rillaboom|96\/100|[from] item: Leftovers\n|-heal|p2a: Tangrowth|89\/100 slp|[from] Grassy Terrain\n|upkeep\n|turn|12\n|\n|t:|1661425447\n|switch|p1a: Snorlax|Snorlax, M|19\/100\n|-curestatus|p2a: Tangrowth|slp|[msg]\n|move|p2a: Tangrowth|Giga Drain|p1a: Snorlax\n|-damage|p1a: Snorlax|0 fnt\n|-heal|p2a: Tangrowth|100\/100|[from] drain|[of] p1a: Snorlax\n|faint|p1a: Snorlax\n|\n|upkeep\n|\n|t:|1661425452\n|switch|p1a: Tornadus|Tornadus-Therian, M|100\/100\n|-enditem|p1a: Tornadus|Grassy Seed\n|-boost|p1a: Tornadus|def|1|[from] item: Grassy Seed\n|turn|13\n|\n|t:|1661425455\n|switch|p2a: rotomwash|Rotom-Wash|100\/100\n|move|p1a: Tornadus|Acrobatics|p2a: rotomwash\n|-resisted|p2a: rotomwash\n|-damage|p2a: rotomwash|74\/100\n|\n|-heal|p2a: rotomwash|80\/100|[from] item: Leftovers\n|-fieldend|move: Grassy Terrain\n|upkeep\n|turn|14\n|-message|superrouchuan forfeited.\n|\n|win|minimax_ai\n|raw|superrouchuan's rating: 1495 &rarr; <strong>1473<\/strong><br \/>(-22 for losing)\n|raw|minimax_ai's rating: 1464 &rarr; <strong>1486<\/strong><br \/>(+22 for winning)\n|c|\u2606minimax_ai|gg\n|l|\u2606superrouchuan\n","uploadtime":1661425468,"views":10,"p1id":"superrouchuan","p2id":"minimaxai","formatid":"gen8ou","rating":1473,"private":0,"password":null}