{"id":"gen8ubers-1097047417","p1":"Ballfire","p2":"Blue chen","format":"gen8ubers","log":"|j|\u2606Ballfire\n|j|\u2606Blue chen\n|player|p1|Ballfire|dahlia|1652\n|player|p2|Blue chen|clair|1655\n|teamsize|p1|6\n|teamsize|p2|6\n|gametype|singles\n|gen|8\n|tier|[Gen 8] Ubers\n|rated|\n|clearpoke\n|poke|p1|Aegislash, F|\n|poke|p1|Mandibuzz, F|\n|poke|p1|Zamazenta|\n|poke|p1|Vaporeon, F|\n|poke|p1|Eternatus|\n|poke|p1|Necrozma-Dusk-Mane|\n|poke|p2|Ferrothorn, M|\n|poke|p2|Eternatus|\n|poke|p2|Lunala|\n|poke|p2|Toxapex, M|\n|poke|p2|Necrozma-Dusk-Mane|\n|poke|p2|Zacian-Crowned|\n|rule|Sleep Clause Mod: Limit one foe put to sleep\n|rule|Species Clause: Limit one of each Pok\u00e9mon\n|rule|OHKO Clause: OHKO moves are banned\n|rule|Evasion Moves Clause: Evasion moves are banned\n|rule|Endless Battle Clause: Forcing endless battles is banned\n|rule|HP Percentage Mod: HP is shown in percentages\n|html|Ubers Dynamax Clause: Pok\u00e9mon on the <a href=\"https:\/\/www.smogon.com\/dex\/ss\/formats\/uber\/\">Ubers Dynamax Banlist<\/a> cannot Dynamax.\n|teampreview\n|inactive|Battle timer is ON: inactive players will automatically lose when time's up. (requested by Ballfire)\n|\n|start\n|switch|p1a: Eternatus|Eternatus|100\/100\n|switch|p2a: Zacian|Zacian-Crowned|100\/100\n|-ability|p2a: Zacian|Intrepid Sword|boost\n|-boost|p2a: Zacian|atk|1\n|-ability|p1a: Eternatus|Pressure\n|turn|1\n|inactive|Blue chen has 120 seconds left.\n|inactive|Blue chen has 90 seconds left.\n|\n|move|p2a: Zacian|Swords Dance|p2a: Zacian\n|-boost|p2a: Zacian|atk|2\n|move|p1a: Eternatus|Flamethrower|p2a: Zacian\n|-supereffective|p2a: Zacian\n|-damage|p2a: Zacian|49\/100\n|-status|p2a: Zacian|brn\n|\n|-damage|p2a: Zacian|43\/100 brn|[from] brn\n|upkeep\n|turn|2\n|inactive|Blue chen has 90 seconds left.\n|c|\u2606Blue chen|putain mais\n|\n|move|p2a: Zacian|Behemoth Blade|p1a: Eternatus\n|-damage|p1a: Eternatus|51\/100\n|move|p1a: Eternatus|Flamethrower|p2a: Zacian\n|-supereffective|p2a: Zacian\n|-crit|p2a: Zacian\n|-damage|p2a: Zacian|0 fnt\n|faint|p2a: Zacian\n|\n|-heal|p1a: Eternatus|57\/100|[from] item: Black Sludge\n|upkeep\n|\n|switch|p2a: Lunala|Lunala|100\/100\n|turn|3\n|\n|move|p1a: Eternatus|Toxic|p2a: Lunala\n|-status|p2a: Lunala|tox\n|move|p2a: Lunala|Thunder Wave|p1a: Eternatus\n|-status|p1a: Eternatus|par\n|\n|-heal|p1a: Eternatus|64\/100 par|[from] item: Black Sludge\n|-damage|p2a: Lunala|94\/100 tox|[from] psn\n|upkeep\n|turn|4\n|\n|switch|p1a: Mandibuzz|Mandibuzz, F|100\/100\n|move|p2a: Lunala|Thunder Wave|p1a: Mandibuzz\n|-status|p1a: Mandibuzz|par\n|\n|-damage|p2a: Lunala|82\/100 tox|[from] psn\n|upkeep\n|turn|5\n|\n|switch|p2a: Eternatus|Eternatus|100\/100\n|-ability|p2a: Eternatus|Pressure\n|move|p1a: Mandibuzz|U-turn|p2a: Eternatus\n|-resisted|p2a: Eternatus\n|-damage|p2a: Eternatus|96\/100\n|j| Anselmee\n|\n|switch|p1a: Necrozma|Necrozma-Dusk-Mane|100\/100|[from]move: U-turn\n|\n|-heal|p2a: Eternatus|100\/100|[from] item: Black Sludge\n|upkeep\n|turn|6\n|\n|switch|p2a: Necrozma|Necrozma-Dusk-Mane|100\/100\n|move|p1a: Necrozma|Stealth Rock|p2a: Necrozma\n|-sidestart|p2: Blue chen|move: Stealth Rock\n|\n|upkeep\n|turn|7\n|\n|switch|p1a: Vaporeon|Vaporeon, F|100\/100\n|move|p2a: Necrozma|Knock Off|p1a: Vaporeon\n|-damage|p1a: Vaporeon|73\/100\n|-enditem|p1a: Vaporeon|Shed Shell|[from] move: Knock Off|[of] p2a: Necrozma\n|\n|upkeep\n|turn|8\n|inactive|Blue chen has 120 seconds left.\n|\n|switch|p2a: Ferrothorn|Ferrothorn, M|100\/100\n|-damage|p2a: Ferrothorn|94\/100|[from] Stealth Rock\n|move|p1a: Vaporeon|Scald|p2a: Ferrothorn\n|-resisted|p2a: Ferrothorn\n|-damage|p2a: Ferrothorn|81\/100\n|-status|p2a: Ferrothorn|brn\n|\n|-heal|p2a: Ferrothorn|87\/100 brn|[from] item: Leftovers\n|-damage|p2a: Ferrothorn|81\/100 brn|[from] brn\n|upkeep\n|turn|9\n|inactive|Blue chen has 120 seconds left.\n|\n|switch|p1a: Aegislash|Aegislash, F|100\/100\n|move|p2a: Ferrothorn|Stealth Rock|p1a: Aegislash\n|-sidestart|p1: Ballfire|move: Stealth Rock\n|\n|-heal|p2a: Ferrothorn|87\/100 brn|[from] item: Leftovers\n|-damage|p2a: Ferrothorn|81\/100 brn|[from] brn\n|upkeep\n|turn|10\n|\n|-formechange|p1a: Aegislash|Aegislash-Blade||[from] ability: Stance Change\n|move|p1a: Aegislash|Close Combat|p2a: Ferrothorn\n|-supereffective|p2a: Ferrothorn\n|-damage|p2a: Ferrothorn|21\/100 brn\n|-unboost|p1a: Aegislash|def|1\n|-unboost|p1a: Aegislash|spd|1\n|-damage|p1a: Aegislash|88\/100|[from] ability: Iron Barbs|[of] p2a: Ferrothorn\n|-damage|p1a: Aegislash|78\/100|[from] item: Life Orb\n|move|p2a: Ferrothorn|Leech Seed|p1a: Aegislash|[miss]\n|-miss|p2a: Ferrothorn|p1a: Aegislash\n|\n|-heal|p2a: Ferrothorn|27\/100 brn|[from] item: Leftovers\n|-damage|p2a: Ferrothorn|21\/100 brn|[from] brn\n|upkeep\n|turn|11\n|c|\u2606Blue chen|lol\n|\n|switch|p2a: Toxapex|Toxapex, M|100\/100\n|-damage|p2a: Toxapex|88\/100|[from] Stealth Rock\n|move|p1a: Aegislash|Close Combat|p2a: Toxapex\n|-resisted|p2a: Toxapex\n|-damage|p2a: Toxapex|73\/100\n|-unboost|p1a: Aegislash|def|1\n|-unboost|p1a: Aegislash|spd|1\n|-damage|p1a: Aegislash|68\/100|[from] item: Life Orb\n|\n|-heal|p2a: Toxapex|79\/100|[from] item: Black Sludge\n|upkeep\n|turn|12\n|\n|move|p1a: Aegislash|Shadow Ball|p2a: Toxapex\n|-damage|p2a: Toxapex|25\/100\n|-damage|p1a: Aegislash|58\/100|[from] item: Life Orb\n|move|p2a: Toxapex|Knock Off|p1a: Aegislash\n|-supereffective|p1a: Aegislash\n|-damage|p1a: Aegislash|0 fnt\n|-enditem|p1a: Aegislash|Life Orb|[from] move: Knock Off|[of] p2a: Toxapex\n|faint|p1a: Aegislash\n|\n|-heal|p2a: Toxapex|31\/100|[from] item: Black Sludge\n|upkeep\n|\n|switch|p1a: Zamazenta|Zamazenta|100\/100\n|-damage|p1a: Zamazenta|94\/100|[from] Stealth Rock\n|-ability|p1a: Zamazenta|Dauntless Shield|boost\n|-boost|p1a: Zamazenta|def|1\n|turn|13\n|\n|switch|p2a: Necrozma|Necrozma-Dusk-Mane|100\/100\n|-damage|p2a: Necrozma|94\/100|[from] Stealth Rock\n|move|p1a: Zamazenta|Psychic Fangs|p2a: Necrozma\n|-resisted|p2a: Necrozma\n|-damage|p2a: Necrozma|90\/100\n|\n|-heal|p2a: Necrozma|96\/100|[from] item: Leftovers\n|upkeep\n|turn|14\n|inactive|Ballfire has 120 seconds left.\n|\n|switch|p2a: Ferrothorn|Ferrothorn, M|21\/100 brn\n|-damage|p2a: Ferrothorn|15\/100 brn|[from] Stealth Rock\n|move|p1a: Zamazenta|Crunch|p2a: Ferrothorn\n|-damage|p2a: Ferrothorn|0 fnt\n|-damage|p1a: Zamazenta|82\/100|[from] ability: Iron Barbs|[of] p2a: Ferrothorn\n|faint|p2a: Ferrothorn\n|\n|upkeep\n|\n|switch|p2a: Toxapex|Toxapex, M|65\/100\n|-damage|p2a: Toxapex|52\/100|[from] Stealth Rock\n|turn|15\n|\n|move|p1a: Zamazenta|Psychic Fangs|p2a: Toxapex\n|-supereffective|p2a: Toxapex\n|-damage|p2a: Toxapex|8\/100\n|move|p2a: Toxapex|Recover|p2a: Toxapex\n|-heal|p2a: Toxapex|58\/100\n|\n|-heal|p2a: Toxapex|64\/100|[from] item: Black Sludge\n|upkeep\n|turn|16\n|\n|move|p1a: Zamazenta|Howl|p1a: Zamazenta\n|-boost|p1a: Zamazenta|atk|1\n|move|p2a: Toxapex|Knock Off|p1a: Zamazenta\n|-resisted|p1a: Zamazenta\n|-damage|p1a: Zamazenta|78\/100\n|-enditem|p1a: Zamazenta|Expert Belt|[from] move: Knock Off|[of] p2a: Toxapex\n|\n|-heal|p2a: Toxapex|71\/100|[from] item: Black Sludge\n|upkeep\n|turn|17\n|\n|move|p1a: Zamazenta|Psychic Fangs|p2a: Toxapex\n|-supereffective|p2a: Toxapex\n|-damage|p2a: Toxapex|7\/100\n|move|p2a: Toxapex|Scald|p1a: Zamazenta\n|-damage|p1a: Zamazenta|65\/100\n|\n|-heal|p2a: Toxapex|14\/100|[from] item: Black Sludge\n|upkeep\n|turn|18\n|\n|switch|p2a: Necrozma|Necrozma-Dusk-Mane|96\/100\n|-damage|p2a: Necrozma|90\/100|[from] Stealth Rock\n|move|p1a: Zamazenta|Crunch|p2a: Necrozma\n|-supereffective|p2a: Necrozma\n|-damage|p2a: Necrozma|57\/100\n|\n|-heal|p2a: Necrozma|63\/100|[from] item: Leftovers\n|upkeep\n|turn|19\n|inactive|Ballfire has 120 seconds left.\n|\n|move|p1a: Zamazenta|Crunch|p2a: Necrozma\n|-supereffective|p2a: Necrozma\n|-damage|p2a: Necrozma|26\/100\n|move|p2a: Necrozma|Thunder Wave|p1a: Zamazenta\n|-status|p1a: Zamazenta|par\n|\n|-heal|p2a: Necrozma|32\/100|[from] item: Leftovers\n|upkeep\n|turn|20\n|inactive|Ballfire has 120 seconds left.\n|inactive|Blue chen has 120 seconds left.\n|l|\u2606Ballfire\n|inactive|Ballfire disconnected and has a minute to reconnect!\n|player|p1|\n|j|\u2606Ballfire\n|inactive|Ballfire reconnected.\n|player|p1|Ballfire|dahlia\n|inactive|Blue chen has 90 seconds left.\n|\n|switch|p2a: Toxapex|Toxapex, M|47\/100\n|-damage|p2a: Toxapex|34\/100|[from] Stealth Rock\n|move|p1a: Zamazenta|Howl|p1a: Zamazenta\n|-boost|p1a: Zamazenta|atk|1\n|\n|-heal|p2a: Toxapex|41\/100|[from] item: Black Sludge\n|upkeep\n|turn|21\n|inactiveoff|Battle timer is now OFF.\n|\n|switch|p2a: Necrozma|Necrozma-Dusk-Mane|32\/100\n|-damage|p2a: Necrozma|26\/100|[from] Stealth Rock\n|cant|p1a: Zamazenta|par\n|\n|-heal|p2a: Necrozma|32\/100|[from] item: Leftovers\n|upkeep\n|turn|22\n|inactive|Battle timer is ON: inactive players will automatically lose when time's up. (requested by Ballfire)\n|inactive|Blue chen has 90 seconds left.\n|\n|move|p2a: Necrozma|Moonlight|p2a: Necrozma\n|-heal|p2a: Necrozma|82\/100\n|move|p1a: Zamazenta|Crunch|p2a: Necrozma\n|-supereffective|p2a: Necrozma\n|-damage|p2a: Necrozma|32\/100\n|-unboost|p2a: Necrozma|def|1\n|\n|-heal|p2a: Necrozma|38\/100|[from] item: Leftovers\n|upkeep\n|turn|23\n|inactive|Blue chen has 60 seconds left.\n|\n|move|p2a: Necrozma|Sunsteel Strike|p1a: Zamazenta\n|-damage|p1a: Zamazenta|39\/100 par\n|move|p1a: Zamazenta|Close Combat|p2a: Necrozma\n|-damage|p2a: Necrozma|0 fnt\n|-unboost|p1a: Zamazenta|def|1\n|-unboost|p1a: Zamazenta|spd|1\n|faint|p2a: Necrozma\n|\n|upkeep\n|inactive|Blue chen has 30 seconds left.\n|inactive|Blue chen has 20 seconds left.\n|inactive|Blue chen has 15 seconds left.\n|inactive|Blue chen has 10 seconds left.\n|inactive|Blue chen has 5 seconds left.\n|\n|switch|p2a: Eternatus|Eternatus|100\/100\n|-damage|p2a: Eternatus|88\/100|[from] Stealth Rock\n|-ability|p2a: Eternatus|Pressure\n|turn|24\n|inactive|Blue chen has 15 seconds left this turn.\n|inactive|Blue chen has 10 seconds left.\n|\n|move|p2a: Eternatus|Cosmic Power|p2a: Eternatus\n|-boost|p2a: Eternatus|def|1\n|-boost|p2a: Eternatus|spd|1\n|move|p1a: Zamazenta|Psychic Fangs|p2a: Eternatus\n|-supereffective|p2a: Eternatus\n|-damage|p2a: Eternatus|23\/100\n|\n|-heal|p2a: Eternatus|30\/100|[from] item: Black Sludge\n|upkeep\n|turn|25\n|inactive|Blue chen has 20 seconds left this turn.\n|inactive|Blue chen has 15 seconds left.\n|\n|move|p1a: Zamazenta|Psychic Fangs|p2a: Eternatus\n|-supereffective|p2a: Eternatus\n|-damage|p2a: Eternatus|0 fnt\n|faint|p2a: Eternatus\n|\n|upkeep\n|inactive|Blue chen has 20 seconds left this turn.\n|-message|Blue chen forfeited.\n|\n|win|Ballfire\n|inactive|Blue chen has 25 seconds left this turn.\n|l|\u2606Blue chen\n|raw|Ballfire's rating: 1652 &rarr; <strong>1671<\/strong><br \/>(+19 for winning)\n|raw|Blue chen's rating: 1630 &rarr; <strong>1611<\/strong><br \/>(-19 for losing)\n|l|\u2606Ballfire\n","uploadtime":1586948559,"views":60,"p1id":"ballfire","p2id":"bluechen","formatid":"gen8ubers","rating":1611,"private":0,"password":null}