{"id":"gen8ou-1702662147","p1":"Diameter\u272fXtreme","p2":"jielijieli","format":"gen8ou","log":"|j|\u2606Diameter\u272fXtreme\n|j|\u2606jielijieli\n|t:|1667575854\n|gametype|singles\n|player|p1|Diameter\u272fXtreme|jasmine-gen2|1732\n|player|p2|jielijieli|flannery|1638\n|teamsize|p1|6\n|teamsize|p2|6\n|gen|8\n|tier|[Gen 8] OU\n|rated|\n|rule|Sleep Clause Mod: Limit one foe put to sleep\n|rule|Species Clause: Limit one of each Pok\u00e9mon\n|rule|OHKO Clause: OHKO moves are banned\n|rule|Evasion Items Clause: Evasion items are banned\n|rule|Evasion Moves Clause: Evasion moves are banned\n|rule|Endless Battle Clause: Forcing endless battles is banned\n|rule|HP Percentage Mod: HP is shown in percentages\n|rule|Dynamax Clause: You cannot dynamax\n|clearpoke\n|poke|p1|Zapdos|\n|poke|p1|Sandaconda, F|\n|poke|p1|Buzzwole|\n|poke|p1|Dragapult, M|\n|poke|p1|Melmetal|\n|poke|p1|Blissey, F|\n|poke|p2|Tyranitar, F|\n|poke|p2|Bisharp, M|\n|poke|p2|Slowbro, M|\n|poke|p2|Moltres|\n|poke|p2|Azumarill, M|\n|poke|p2|Garchomp, F|\n|teampreview\n|inactive|Battle timer is ON: inactive players will automatically lose when time's up. (requested by Diameter\u272fXtreme)\n|\n|t:|1667575867\n|start\n|switch|p1a: Sandaconda|Sandaconda, F, shiny|100\/100\n|switch|p2a: Bisharp|Bisharp, M|100\/100\n|turn|1\n|\n|t:|1667575874\n|move|p2a: Bisharp|Knock Off|p1a: Sandaconda\n|-crit|p1a: Sandaconda\n|-damage|p1a: Sandaconda|38\/100\n|-enditem|p1a: Sandaconda|Leftovers|[from] move: Knock Off|[of] p2a: Bisharp\n|move|p1a: Sandaconda|Earthquake|p2a: Bisharp\n|-supereffective|p2a: Bisharp\n|-damage|p2a: Bisharp|10\/100\n|\n|upkeep\n|turn|2\n|\n|t:|1667575884\n|move|p2a: Bisharp|Stealth Rock|p1a: Sandaconda\n|-sidestart|p1: Diameter\u272fXtreme|move: Stealth Rock\n|move|p1a: Sandaconda|Rest|p1a: Sandaconda\n|-status|p1a: Sandaconda|slp|[from] move: Rest\n|-heal|p1a: Sandaconda|100\/100 slp|[silent]\n|\n|upkeep\n|turn|3\n|\n|t:|1667575892\n|switch|p2a: Azumarill|Azumarill, M|100\/100\n|cant|p1a: Sandaconda|slp\n|\n|-activate|p1a: Sandaconda|ability: Shed Skin\n|-curestatus|p1a: Sandaconda|slp|[msg]\n|upkeep\n|turn|4\n|\n|t:|1667575902\n|move|p1a: Sandaconda|Glare|p2a: Azumarill\n|-status|p2a: Azumarill|par\n|move|p2a: Azumarill|Liquidation|p1a: Sandaconda\n|-supereffective|p1a: Sandaconda\n|-damage|p1a: Sandaconda|0 fnt\n|faint|p1a: Sandaconda\n|\n|upkeep\n|\n|t:|1667575904\n|switch|p1a: Melmetal|Melmetal|100\/100\n|-damage|p1a: Melmetal|94\/100|[from] Stealth Rock\n|turn|5\n|\n|t:|1667575920\n|switch|p2a: Slowbro|Slowbro, M|100\/100\n|move|p1a: Melmetal|Thunder Punch|p2a: Slowbro\n|-supereffective|p2a: Slowbro\n|-damage|p2a: Slowbro|31\/100\n|-damage|p1a: Melmetal|78\/100|[from] item: Rocky Helmet|[of] p2a: Slowbro\n|\n|upkeep\n|turn|6\n|\n|t:|1667575933\n|switch|p1a: Dragapult|Dragapult, M|100\/100\n|-damage|p1a: Dragapult|88\/100|[from] Stealth Rock\n|move|p2a: Slowbro|Scald|p1a: Dragapult\n|-resisted|p1a: Dragapult\n|-damage|p1a: Dragapult|70\/100\n|-status|p1a: Dragapult|brn\n|\n|-damage|p1a: Dragapult|64\/100 brn|[from] brn\n|upkeep\n|turn|7\n|\n|t:|1667575945\n|switch|p2a: Tyranitar|Tyranitar, F|100\/100\n|-weather|Sandstorm|[from] ability: Sand Stream|[of] p2a: Tyranitar\n|move|p1a: Dragapult|U-turn|p2a: Tyranitar\n|-supereffective|p2a: Tyranitar\n|-damage|p2a: Tyranitar|87\/100\n|\n|t:|1667575953\n|switch|p1a: Melmetal|Melmetal|78\/100|[from]move: U-turn\n|-damage|p1a: Melmetal|72\/100|[from] Stealth Rock\n|\n|-weather|Sandstorm|[upkeep]\n|upkeep\n|turn|8\n|\n|t:|1667575961\n|switch|p2a: Slowbro|Slowbro, M|65\/100\n|move|p1a: Melmetal|Thunder Punch|p2a: Slowbro\n|-supereffective|p2a: Slowbro\n|-damage|p2a: Slowbro|5\/100\n|-status|p2a: Slowbro|par\n|-damage|p1a: Melmetal|55\/100|[from] item: Rocky Helmet|[of] p2a: Slowbro\n|\n|-weather|Sandstorm|[upkeep]\n|-damage|p2a: Slowbro|0 fnt|[from] Sandstorm\n|faint|p2a: Slowbro\n|upkeep\n|\n|t:|1667575975\n|switch|p2a: Moltres|Moltres|100\/100\n|turn|9\n|\n|t:|1667575978\n|switch|p1a: Blissey|Blissey, F|100\/100\n|move|p2a: Moltres|U-turn|p1a: Blissey\n|-damage|p1a: Blissey|87\/100\n|\n|t:|1667575985\n|switch|p2a: Azumarill|Azumarill, M|100\/100 par|[from]move: U-turn\n|\n|-weather|Sandstorm|[upkeep]\n|-damage|p1a: Blissey|81\/100|[from] Sandstorm\n|-damage|p2a: Azumarill|94\/100 par|[from] Sandstorm\n|upkeep\n|turn|10\n|\n|t:|1667575990\n|switch|p1a: Zapdos|Zapdos|100\/100\n|move|p2a: Azumarill|Liquidation|p1a: Zapdos\n|-damage|p1a: Zapdos|41\/100\n|\n|-weather|Sandstorm|[upkeep]\n|-damage|p1a: Zapdos|35\/100|[from] Sandstorm\n|-damage|p2a: Azumarill|88\/100 par|[from] Sandstorm\n|upkeep\n|turn|11\n|\n|t:|1667575999\n|move|p1a: Zapdos|Roost|p1a: Zapdos\n|-heal|p1a: Zapdos|85\/100\n|-singleturn|p1a: Zapdos|move: Roost\n|move|p2a: Azumarill|Liquidation|p1a: Zapdos\n|-damage|p1a: Zapdos|24\/100\n|\n|-weather|none\n|upkeep\n|turn|12\n|\n|t:|1667576007\n|switch|p2a: Garchomp|Garchomp, F|100\/100\n|move|p1a: Zapdos|Discharge|p2a: Garchomp\n|-immune|p2a: Garchomp\n|\n|upkeep\n|turn|13\n|\n|t:|1667576019\n|switch|p1a: Buzzwole|Buzzwole|100\/100\n|-damage|p1a: Buzzwole|88\/100|[from] Stealth Rock\n|move|p2a: Garchomp|Fire Blast|p1a: Buzzwole\n|-supereffective|p1a: Buzzwole\n|-damage|p1a: Buzzwole|7\/100\n|\n|upkeep\n|turn|14\n|\n|t:|1667576027\n|move|p2a: Garchomp|Scale Shot|p1a: Buzzwole\n|-damage|p1a: Buzzwole|0 fnt\n|faint|p1a: Buzzwole\n|-hitcount|p1: Buzzwole|1\n|-unboost|p2a: Garchomp|def|1\n|-boost|p2a: Garchomp|spe|1\n|\n|upkeep\n|\n|t:|1667576031\n|switch|p1a: Melmetal|Melmetal|55\/100\n|-damage|p1a: Melmetal|49\/100|[from] Stealth Rock\n|turn|15\n|\n|t:|1667576036\n|move|p2a: Garchomp|Earthquake|p1a: Melmetal\n|-supereffective|p1a: Melmetal\n|-damage|p1a: Melmetal|0 fnt\n|faint|p1a: Melmetal\n|\n|upkeep\n|-message|Diameter\u272fXtreme forfeited.\n|\n|win|jielijieli\n|raw|Diameter\u272fXtreme's rating: 1732 &rarr; <strong>1707<\/strong><br \/>(-25 for losing)\n|raw|jielijieli's rating: 1638 &rarr; <strong>1663<\/strong><br \/>(+25 for winning)\n||Ladder isn't responding, score probably updated but might not have (Request timeout).\n","uploadtime":1667576044,"views":8,"p1id":"diameterxtreme","p2id":"jielijieli","formatid":"gen8ou","rating":1663,"private":0,"password":null}