{"id":"gen8ou-1386349803","p1":"Specs KD","p2":"Lt84jmcb","format":"gen8ou","log":"|raw|<div class=\"broadcast-blue\"><strong>This battle is required to be public due to a player having a name starting with 'lt84jm'.<\/div>\n|j|\u2606Specs KD\n|j|\u2606Lt84jmcb\n|t:|1627575425\n|gametype|singles\n|player|p1|Specs KD|swimmerf|1501\n|player|p2|Lt84jmcb|hiker-gen4|1521\n|teamsize|p1|6\n|teamsize|p2|6\n|gen|8\n|tier|[Gen 8] OU\n|rated|\n|rule|Sleep Clause Mod: Limit one foe put to sleep\n|rule|Species Clause: Limit one of each Pok\u00e9mon\n|rule|OHKO Clause: OHKO moves are banned\n|rule|Evasion Moves Clause: Evasion moves are banned\n|rule|Endless Battle Clause: Forcing endless battles is banned\n|rule|HP Percentage Mod: HP is shown in percentages\n|rule|Dynamax Clause: You cannot dynamax\n|clearpoke\n|poke|p1|Cloyster, F|\n|poke|p1|Blacephalon|\n|poke|p1|Garchomp, M|\n|poke|p1|Bisharp, M|\n|poke|p1|Mew|\n|poke|p1|Dragonite, F|\n|poke|p2|Tapu Koko|\n|poke|p2|Slowking-Galar, F|\n|poke|p2|Landorus-Therian, M|\n|poke|p2|Slowbro, F|\n|poke|p2|Dragonite, M|\n|poke|p2|Toxapex, F|\n|teampreview\n|\n|t:|1627575436\n|start\n|switch|p1a: Mew|Mew, shiny|100\/100\n|switch|p2a: Landorus|Landorus-Therian, M|100\/100\n|-ability|p2a: Landorus|Intimidate|boost\n|-unboost|p1a: Mew|atk|1\n|turn|1\n|\n|t:|1627575442\n|move|p1a: Mew|Ice Beam|p2a: Landorus\n|-supereffective|p2a: Landorus\n|-damage|p2a: Landorus|0 fnt\n|faint|p2a: Landorus\n|-damage|p1a: Mew|91\/100|[from] item: Life Orb\n|\n|upkeep\n|\n|t:|1627575451\n|switch|p2a: Tapu Koko|Tapu Koko|100\/100\n|-fieldstart|move: Electric Terrain|[from] ability: Electric Surge|[of] p2a: Tapu Koko\n|turn|2\n|\n|t:|1627575454\n|move|p2a: Tapu Koko|Calm Mind|p2a: Tapu Koko\n|-boost|p2a: Tapu Koko|spa|1\n|-boost|p2a: Tapu Koko|spd|1\n|move|p1a: Mew|Stealth Rock|p2a: Tapu Koko\n|-sidestart|p2: Lt84jmcb|move: Stealth Rock\n|\n|upkeep\n|turn|3\n|\n|t:|1627575461\n|move|p2a: Tapu Koko|Calm Mind|p2a: Tapu Koko\n|-boost|p2a: Tapu Koko|spa|1\n|-boost|p2a: Tapu Koko|spd|1\n|move|p1a: Mew|Explosion|p2a: Tapu Koko\n|-damage|p2a: Tapu Koko|8\/100\n|faint|p1a: Mew\n|\n|upkeep\n|\n|t:|1627575466\n|switch|p1a: Blacephalon|Blacephalon|100\/100\n|turn|4\n|\n|t:|1627575470\n|switch|p2a: Dragonite|Dragonite, M|100\/100\n|move|p1a: Blacephalon|Shadow Ball|p2a: Dragonite\n|-damage|p2a: Dragonite|83\/100\n|\n|upkeep\n|turn|5\n|\n|t:|1627575478\n|switch|p1a: Cloyster|Cloyster, F|100\/100\n|move|p2a: Dragonite|Defog|p1a: Cloyster\n|-unboost|p1a: Cloyster|evasion|1\n|-sideend|p2: Lt84jmcb|Stealth Rock|[from] move: Defog|[of] p2a: Dragonite\n|-fieldend|move: Electric Terrain\n|\n|upkeep\n|turn|6\n|\n|t:|1627575485\n|switch|p2a: Slowbro|Slowbro, F|100\/100\n|move|p1a: Cloyster|Shell Smash|p1a: Cloyster\n|-unboost|p1a: Cloyster|def|1\n|-unboost|p1a: Cloyster|spd|1\n|-boost|p1a: Cloyster|atk|2\n|-boost|p1a: Cloyster|spa|2\n|-boost|p1a: Cloyster|spe|2\n|\n|upkeep\n|turn|7\n|\n|t:|1627575488\n|move|p1a: Cloyster|Rock Blast|p2a: Slowbro\n|-damage|p2a: Slowbro|91\/100\n|-damage|p2a: Slowbro|82\/100\n|-damage|p2a: Slowbro|73\/100\n|-damage|p2a: Slowbro|62\/100\n|-damage|p2a: Slowbro|54\/100\n|-hitcount|p2a: Slowbro|5\n|cant|p2a: Slowbro|flinch\n|\n|upkeep\n|turn|8\n|\n|t:|1627575495\n|move|p1a: Cloyster|Rock Blast|p2a: Slowbro\n|-damage|p2a: Slowbro|45\/100\n|-damage|p2a: Slowbro|36\/100\n|-damage|p2a: Slowbro|26\/100\n|-damage|p2a: Slowbro|17\/100\n|-damage|p2a: Slowbro|8\/100\n|-hitcount|p2a: Slowbro|5\n|move|p2a: Slowbro|Future Sight|p1a: Cloyster\n|-start|p2a: Slowbro|move: Future Sight\n|\n|upkeep\n|turn|9\n|\n|t:|1627575499\n|switch|p2a: Toxapex|Toxapex, F|100\/100\n|move|p1a: Cloyster|Icicle Spear|p2a: Toxapex\n|-resisted|p2a: Toxapex\n|-damage|p2a: Toxapex|93\/100\n|-resisted|p2a: Toxapex\n|-damage|p2a: Toxapex|85\/100\n|-resisted|p2a: Toxapex\n|-damage|p2a: Toxapex|77\/100\n|-resisted|p2a: Toxapex\n|-damage|p2a: Toxapex|70\/100\n|-resisted|p2a: Toxapex\n|-damage|p2a: Toxapex|63\/100\n|-hitcount|p2a: Toxapex|5\n|\n|-heal|p2a: Toxapex|69\/100|[from] item: Black Sludge\n|upkeep\n|turn|10\n|\n|t:|1627575508\n|switch|p1a: Bisharp|Bisharp, M|100\/100\n|move|p2a: Toxapex|Knock Off|p1a: Bisharp\n|-resisted|p1a: Bisharp\n|-damage|p1a: Bisharp|91\/100\n|-enditem|p1a: Bisharp|Life Orb|[from] move: Knock Off|[of] p2a: Toxapex\n|\n|-end|p1a: Bisharp|move: Future Sight\n|-immune|p1a: Bisharp\n|-heal|p2a: Toxapex|75\/100|[from] item: Black Sludge\n|upkeep\n|turn|11\n|\n|t:|1627575516\n|switch|p2a: Dragonite|Dragonite, M|83\/100\n|move|p1a: Bisharp|Knock Off|p2a: Dragonite\n|-damage|p2a: Dragonite|41\/100\n|-enditem|p2a: Dragonite|Heavy-Duty Boots|[from] move: Knock Off|[of] p1a: Bisharp\n|\n|upkeep\n|turn|12\n|\n|t:|1627575526\n|switch|p1a: Garchomp|Garchomp, M|100\/100\n|move|p2a: Dragonite|Roost|p2a: Dragonite\n|-heal|p2a: Dragonite|91\/100\n|-singleturn|p2a: Dragonite|move: Roost\n|\n|upkeep\n|turn|13\n|\n|t:|1627575529\n|move|p1a: Garchomp|Scale Shot|p2a: Dragonite\n|-supereffective|p2a: Dragonite\n|-damage|p2a: Dragonite|62\/100\n|-supereffective|p2a: Dragonite\n|-damage|p2a: Dragonite|35\/100\n|-hitcount|p2a: Dragonite|2\n|-unboost|p1a: Garchomp|def|1\n|-boost|p1a: Garchomp|spe|1\n|-damage|p1a: Garchomp|91\/100|[from] item: Life Orb\n|move|p2a: Dragonite|Ice Beam|p1a: Garchomp\n|-supereffective|p1a: Garchomp\n|-damage|p1a: Garchomp|0 fnt\n|faint|p1a: Garchomp\n|\n|upkeep\n|\n|t:|1627575553\n|switch|p1a: Cloyster|Cloyster, F|100\/100\n|turn|14\n|\n|t:|1627575559\n|switch|p2a: Toxapex|Toxapex, F|100\/100\n|move|p1a: Cloyster|Shell Smash|p1a: Cloyster\n|-unboost|p1a: Cloyster|def|1\n|-unboost|p1a: Cloyster|spd|1\n|-boost|p1a: Cloyster|atk|2\n|-boost|p1a: Cloyster|spa|2\n|-boost|p1a: Cloyster|spe|2\n|\n|upkeep\n|turn|15\n|\n|t:|1627575561\n|move|p1a: Cloyster|Rock Blast|p2a: Toxapex\n|-damage|p2a: Toxapex|90\/100\n|-damage|p2a: Toxapex|81\/100\n|-damage|p2a: Toxapex|70\/100\n|-damage|p2a: Toxapex|60\/100\n|-damage|p2a: Toxapex|50\/100\n|-hitcount|p2a: Toxapex|5\n|move|p2a: Toxapex|Haze|p2a: Toxapex\n|-clearallboost\n|\n|-heal|p2a: Toxapex|56\/100|[from] item: Black Sludge\n|upkeep\n|turn|16\n|\n|t:|1627575564\n|move|p1a: Cloyster|Rock Blast|p2a: Toxapex\n|-crit|p2a: Toxapex\n|-damage|p2a: Toxapex|49\/100\n|-damage|p2a: Toxapex|43\/100\n|-crit|p2a: Toxapex\n|-damage|p2a: Toxapex|35\/100\n|-damage|p2a: Toxapex|30\/100\n|-damage|p2a: Toxapex|25\/100\n|-hitcount|p2a: Toxapex|5\n|cant|p2a: Toxapex|flinch\n|\n|-heal|p2a: Toxapex|31\/100|[from] item: Black Sludge\n|upkeep\n|turn|17\n|\n|t:|1627575574\n|move|p1a: Cloyster|Shell Smash|p1a: Cloyster\n|-unboost|p1a: Cloyster|def|1\n|-unboost|p1a: Cloyster|spd|1\n|-boost|p1a: Cloyster|atk|2\n|-boost|p1a: Cloyster|spa|2\n|-boost|p1a: Cloyster|spe|2\n|move|p2a: Toxapex|Toxic|p1a: Cloyster\n|-status|p1a: Cloyster|tox\n|\n|-heal|p2a: Toxapex|37\/100|[from] item: Black Sludge\n|-damage|p1a: Cloyster|94\/100 tox|[from] psn\n|upkeep\n|turn|18\n|\n|t:|1627575585\n|switch|p2a: Slowbro|Slowbro, F|41\/100\n|move|p1a: Cloyster|Rock Blast|p2a: Slowbro\n|-damage|p2a: Slowbro|32\/100\n|-damage|p2a: Slowbro|22\/100\n|-damage|p2a: Slowbro|13\/100\n|-damage|p2a: Slowbro|4\/100\n|-damage|p2a: Slowbro|0 fnt\n|faint|p2a: Slowbro\n|-hitcount|p2: Slowbro|5\n|\n|-damage|p1a: Cloyster|82\/100 tox|[from] psn\n|upkeep\n|\n|t:|1627575590\n|switch|p2a: Toxapex|Toxapex, F|70\/100\n|turn|19\n|\n|t:|1627575592\n|move|p1a: Cloyster|Rock Blast|p2a: Toxapex\n|-damage|p2a: Toxapex|59\/100\n|-damage|p2a: Toxapex|48\/100\n|-damage|p2a: Toxapex|38\/100\n|-damage|p2a: Toxapex|28\/100\n|-damage|p2a: Toxapex|18\/100\n|-hitcount|p2a: Toxapex|5\n|move|p2a: Toxapex|Haze|p2a: Toxapex\n|-clearallboost\n|\n|-heal|p2a: Toxapex|24\/100|[from] item: Black Sludge\n|-damage|p1a: Cloyster|63\/100 tox|[from] psn\n|upkeep\n|turn|20\n|\n|t:|1627575602\n|switch|p2a: Slowking|Slowking-Galar, F|100\/100\n|move|p1a: Cloyster|Shell Smash|p1a: Cloyster\n|-unboost|p1a: Cloyster|def|1\n|-unboost|p1a: Cloyster|spd|1\n|-boost|p1a: Cloyster|atk|2\n|-boost|p1a: Cloyster|spa|2\n|-boost|p1a: Cloyster|spe|2\n|\n|-damage|p1a: Cloyster|38\/100 tox|[from] psn\n|upkeep\n|turn|21\n|\n|t:|1627575616\n|move|p1a: Cloyster|Rock Blast|p2a: Slowking\n|-damage|p2a: Slowking|83\/100\n|-damage|p2a: Slowking|64\/100\n|-damage|p2a: Slowking|46\/100\n|-damage|p2a: Slowking|26\/100\n|-damage|p2a: Slowking|7\/100\n|-hitcount|p2a: Slowking|5\n|cant|p2a: Slowking|flinch\n|\n|-damage|p1a: Cloyster|7\/100 tox|[from] psn\n|upkeep\n|turn|22\n|\n|t:|1627575624\n|move|p1a: Cloyster|Rock Blast|p2a: Slowking|[miss]\n|-miss|p1a: Cloyster|p2a: Slowking\n|move|p2a: Slowking|Flamethrower|p1a: Cloyster\n|-damage|p1a: Cloyster|0 fnt\n|faint|p1a: Cloyster\n|-damage|p2a: Slowking|0 fnt|[from] item: Life Orb\n|faint|p2a: Slowking\n|\n|upkeep\n|\n|t:|1627575635\n|switch|p1a: Bisharp|Bisharp, M|91\/100\n|switch|p2a: Toxapex|Toxapex, F|57\/100\n|turn|23\n|\n|t:|1627575639\n|move|p1a: Bisharp|Knock Off|p2a: Toxapex\n|-damage|p2a: Toxapex|25\/100\n|-enditem|p2a: Toxapex|Black Sludge|[from] move: Knock Off|[of] p1a: Bisharp\n|move|p2a: Toxapex|Recover|p2a: Toxapex\n|-heal|p2a: Toxapex|75\/100\n|\n|upkeep\n|turn|24\n|\n|t:|1627575642\n|move|p1a: Bisharp|Swords Dance|p1a: Bisharp\n|-boost|p1a: Bisharp|atk|2\n|move|p2a: Toxapex|Recover|p2a: Toxapex\n|-heal|p2a: Toxapex|100\/100\n|\n|upkeep\n|turn|25\n|\n|t:|1627575650\n|switch|p1a: Blacephalon|Blacephalon|100\/100\n|move|p2a: Toxapex|Haze|p2a: Toxapex\n|-clearallboost\n|\n|upkeep\n|turn|26\n|\n|t:|1627575655\n|switch|p2a: Tapu Koko|Tapu Koko|8\/100\n|-fieldstart|move: Electric Terrain|[from] ability: Electric Surge|[of] p2a: Tapu Koko\n|move|p1a: Blacephalon|Trick|p2a: Tapu Koko\n|-activate|p1a: Blacephalon|move: Trick|[of] p2a: Tapu Koko\n|-item|p2a: Tapu Koko|Choice Scarf|[from] move: Trick\n|-item|p1a: Blacephalon|Heavy-Duty Boots|[from] move: Trick\n|\n|upkeep\n|turn|27\n|\n|t:|1627575661\n|move|p2a: Tapu Koko|Thunderbolt|p1a: Blacephalon\n|-damage|p1a: Blacephalon|20\/100\n|move|p1a: Blacephalon|Shadow Ball|p2a: Tapu Koko\n|-damage|p2a: Tapu Koko|0 fnt\n|faint|p2a: Tapu Koko\n|-ability|p1a: Blacephalon|Beast Boost|boost\n|-boost|p1a: Blacephalon|spa|1\n|\n|upkeep\n|\n|t:|1627575665\n|switch|p2a: Toxapex|Toxapex, F|100\/100\n|turn|28\n|\n|t:|1627575670\n|move|p1a: Blacephalon|Shadow Ball|p2a: Toxapex\n|-damage|p2a: Toxapex|44\/100\n|move|p2a: Toxapex|Knock Off|p1a: Blacephalon\n|-supereffective|p1a: Blacephalon\n|-damage|p1a: Blacephalon|0 fnt\n|-enditem|p1a: Blacephalon|Heavy-Duty Boots|[from] move: Knock Off|[of] p2a: Toxapex\n|faint|p1a: Blacephalon\n|\n|upkeep\n|\n|t:|1627575674\n|switch|p1a: Dragonite|Dragonite, F|100\/100\n|turn|29\n|\n|t:|1627575679\n|move|p1a: Dragonite|Dragon Dance|p1a: Dragonite\n|-boost|p1a: Dragonite|atk|1\n|-boost|p1a: Dragonite|spe|1\n|move|p2a: Toxapex|Toxic|p1a: Dragonite\n|-status|p1a: Dragonite|tox\n|\n|-damage|p1a: Dragonite|94\/100 tox|[from] psn\n|upkeep\n|turn|30\n|\n|t:|1627575684\n|switch|p2a: Dragonite|Dragonite, M|35\/100\n|move|p1a: Dragonite|Ice Punch|p2a: Dragonite\n|-supereffective|p2a: Dragonite\n|-damage|p2a: Dragonite|0 fnt\n|faint|p2a: Dragonite\n|\n|-damage|p1a: Dragonite|82\/100 tox|[from] psn\n|-fieldend|move: Electric Terrain\n|upkeep\n|\n|t:|1627575687\n|switch|p2a: Toxapex|Toxapex, F|77\/100\n|turn|31\n|\n|t:|1627575689\n|move|p1a: Dragonite|Earthquake|p2a: Toxapex\n|-supereffective|p2a: Toxapex\n|-damage|p2a: Toxapex|0 fnt\n|faint|p2a: Toxapex\n|\n|win|Specs KD\n|raw|Specs KD's rating: 1501 &rarr; <strong>1522<\/strong><br \/>(+21 for winning)\n|raw|Lt84jmcb's rating: 1521 &rarr; <strong>1500<\/strong><br \/>(-21 for losing)\n|c|\u2606Specs KD|gg\n|l|\u2606Lt84jmcb\n","uploadtime":1627575702,"views":11,"p1id":"specskd","p2id":"lt84jmcb","formatid":"gen8ou","rating":1500,"private":0,"password":null}