{"id":"gen8nationaldex-1698360317","p1":"brettfavreinnocent","p2":"12ISR","format":"gen8nationaldex","log":"|j|\u2606brettfavreinnocent\n|j|\u260612ISR\n|t:|1667106920\n|gametype|singles\n|player|p1|brettfavreinnocent|baker|1649\n|player|p2|12ISR|102|1580\n|teamsize|p1|6\n|teamsize|p2|6\n|gen|8\n|tier|[Gen 8] National Dex\n|rated|\n|rule|HP Percentage Mod: HP is shown in percentages\n|rule|Endless Battle Clause: Forcing endless battles is banned\n|rule|OHKO Clause: OHKO moves are banned\n|rule|Evasion Moves Clause: Evasion moves are banned\n|rule|Species Clause: Limit one of each Pok\u00e9mon\n|rule|Dynamax Clause: You cannot dynamax\n|rule|Sleep Clause Mod: Limit one foe put to sleep\n|clearpoke\n|poke|p1|Kyurem|\n|poke|p1|Regieleki|\n|poke|p1|Rillaboom, M|\n|poke|p1|Swampert, M|\n|poke|p1|Pelipper, M|\n|poke|p1|Greninja, M|\n|poke|p2|Manectric, M|\n|poke|p2|Swampert, F|\n|poke|p2|Scizor, F|\n|poke|p2|Dragonite, M|\n|poke|p2|Jirachi|\n|poke|p2|Gengar, F|\n|teampreview\n|inactive|Battle timer is ON: inactive players will automatically lose when time's up. (requested by brettfavreinnocent)\n|c|\u2606brettfavreinnocent|yoda\n|inactive|brettfavreinnocent has 120 seconds left.\n|c|\u2606brettfavreinnocent|cage\n|inactive|brettfavreinnocent has 90 seconds left.\n|\n|t:|1667107040\n|start\n|switch|p1a: Social Security|Kyurem|100\/100\n|switch|p2a: Jirachi|Jirachi|100\/100\n|-ability|p1a: Social Security|Pressure\n|turn|1\n|c|\u2606brettfavreinnocent|yerindacage\n|\n|t:|1667107053\n|move|p2a: Jirachi|Body Slam|p1a: Social Security\n|-damage|p1a: Social Security|76\/100\n|-status|p1a: Social Security|par\n|move|p1a: Social Security|Draco Meteor|p2a: Jirachi\n|-resisted|p2a: Jirachi\n|-damage|p2a: Jirachi|48\/100\n|-unboost|p1a: Social Security|spa|2\n|\n|upkeep\n|turn|2\n|\n|t:|1667107062\n|switch|p1a: Pelipper|Pelipper, M|100\/100\n|-weather|RainDance|[from] ability: Drizzle|[of] p1a: Pelipper\n|move|p2a: Jirachi|Body Slam|p1a: Pelipper\n|-damage|p1a: Pelipper|81\/100\n|\n|-weather|RainDance|[upkeep]\n|upkeep\n|turn|3\n|\n|t:|1667107074\n|move|p2a: Jirachi|Body Slam|p1a: Pelipper\n|-damage|p1a: Pelipper|61\/100\n|-status|p1a: Pelipper|par\n|cant|p1a: Pelipper|par\n|\n|-weather|RainDance|[upkeep]\n|upkeep\n|turn|4\n|\n|t:|1667107080\n|move|p2a: Jirachi|Body Slam|p1a: Pelipper\n|-damage|p1a: Pelipper|42\/100 par\n|move|p1a: Pelipper|Scald|p2a: Jirachi\n|-damage|p2a: Jirachi|7\/100\n|\n|-weather|RainDance|[upkeep]\n|upkeep\n|turn|5\n|\n|t:|1667107107\n|switch|p2a: Swampert|Swampert, F|100\/100\n|move|p1a: Pelipper|U-turn|p2a: Swampert\n|-damage|p2a: Swampert|95\/100\n|\n|t:|1667107118\n|switch|p1a: Social Security|Kyurem|76\/100 par|[from]move: U-turn\n|-ability|p1a: Social Security|Pressure\n|\n|-weather|RainDance|[upkeep]\n|-heal|p2a: Swampert|100\/100|[from] item: Leftovers\n|upkeep\n|turn|6\n|\n|t:|1667107129\n|switch|p2a: Scizor|Scizor, F|100\/100\n|cant|p1a: Social Security|par\n|\n|-weather|RainDance|[upkeep]\n|upkeep\n|turn|7\n|\n|t:|1667107142\n|move|p2a: Scizor|U-turn|p1a: Social Security\n|-damage|p1a: Social Security|14\/100 par\n|inactive|12ISR has 120 seconds left.\n|\n|t:|1667107158\n|switch|p2a: Dragonite|Dragonite, M|100\/100|[from]move: U-turn\n|move|p1a: Social Security|Ice Beam|p2a: Dragonite\n|-supereffective|p2a: Dragonite\n|-damage|p2a: Dragonite|0 fnt\n|faint|p2a: Dragonite\n|\n|-weather|RainDance|[upkeep]\n|upkeep\n|inactive|12ISR has 120 seconds left.\n|\n|t:|1667107175\n|switch|p2a: Gengar|Gengar, F|100\/100\n|turn|8\n|\n|t:|1667107184\n|switch|p1a: Swampert|Swampert, M|100\/100\n|move|p2a: Gengar|Sludge Wave|p1a: Swampert\n|-resisted|p1a: Swampert\n|-damage|p1a: Swampert|72\/100\n|\n|-weather|RainDance|[upkeep]\n|upkeep\n|turn|9\n|inactive|12ISR has 120 seconds left.\n|\n|t:|1667107196\n|switch|p2a: Scizor|Scizor, F|100\/100\n|detailschange|p1a: Swampert|Swampert-Mega, M\n|-mega|p1a: Swampert|Swampert|Swampertite\n|move|p1a: Swampert|Liquidation|p2a: Scizor\n|-damage|p2a: Scizor|26\/100\n|-unboost|p2a: Scizor|def|1\n|\n|-weather|none\n|upkeep\n|turn|10\n|\n|t:|1667107202\n|move|p2a: Scizor|Bullet Punch|p1a: Swampert\n|-resisted|p1a: Swampert\n|-damage|p1a: Swampert|50\/100\n|move|p1a: Swampert|Stealth Rock|p2a: Scizor\n|-sidestart|p2: 12ISR|move: Stealth Rock\n|\n|upkeep\n|turn|11\n|\n|t:|1667107207\n|move|p2a: Scizor|Bullet Punch|p1a: Swampert\n|-resisted|p1a: Swampert\n|-damage|p1a: Swampert|28\/100\n|move|p1a: Swampert|Flip Turn|p2a: Scizor\n|-damage|p2a: Scizor|0 fnt\n|faint|p2a: Scizor\n|\n|t:|1667107219\n|switch|p1a: GR APIST|Greninja, M|100\/100|[from]move: Flip Turn\n|\n|upkeep\n|\n|t:|1667107241\n|switch|p2a: Manectric|Manectric, M|100\/100\n|-damage|p2a: Manectric|88\/100|[from] Stealth Rock\n|turn|12\n|\n|t:|1667107254\n|switch|p1a: Regieleki|Regieleki|100\/100\n|detailschange|p2a: Manectric|Manectric-Mega, M\n|-mega|p2a: Manectric|Manectric|Manectite\n|-ability|p2a: Manectric|Intimidate|boost\n|-unboost|p1a: Regieleki|atk|1\n|move|p2a: Manectric|Volt Switch|p1a: Regieleki\n|-resisted|p1a: Regieleki\n|-crit|p1a: Regieleki\n|-damage|p1a: Regieleki|41\/100\n|\n|t:|1667107262\n|switch|p2a: Swampert|Swampert, F|100\/100|[from]move: Volt Switch\n|-damage|p2a: Swampert|94\/100|[from] Stealth Rock\n|\n|-heal|p2a: Swampert|100\/100|[from] item: Leftovers\n|upkeep\n|turn|13\n|\n|t:|1667107273\n|switch|p1a: Rillaboom|Rillaboom, M|100\/100\n|-fieldstart|move: Grassy Terrain|[from] ability: Grassy Surge|[of] p1a: Rillaboom\n|move|p2a: Swampert|Flip Turn|p1a: Rillaboom\n|-resisted|p1a: Rillaboom\n|-damage|p1a: Rillaboom|89\/100\n|inactive|12ISR has 120 seconds left.\n|\n|t:|1667107284\n|switch|p2a: Gengar|Gengar, F|100\/100|[from]move: Flip Turn\n|-damage|p2a: Gengar|88\/100|[from] Stealth Rock\n|\n|-heal|p2a: Gengar|94\/100|[from] Grassy Terrain\n|-heal|p1a: Rillaboom|95\/100|[from] Grassy Terrain\n|upkeep\n|turn|14\n|\n|t:|1667107293\n|switch|p1a: Social Security|Kyurem|14\/100 par\n|-ability|p1a: Social Security|Pressure\n|move|p2a: Gengar|Sludge Wave|p1a: Social Security\n|-damage|p1a: Social Security|0 fnt\n|faint|p1a: Social Security\n|\n|-heal|p2a: Gengar|100\/100|[from] Grassy Terrain\n|upkeep\n|\n|t:|1667107296\n|switch|p1a: GR APIST|Greninja, M|100\/100\n|turn|15\n|c|\u2606brettfavreinnocent|ive had enuf of ur tricks\n|c|\u2606brettfavreinnocent|fool\n|inactive|12ISR has 120 seconds left.\n|\n|t:|1667107338\n|switch|p2a: Jirachi|Jirachi|7\/100\n|-damage|p2a: Jirachi|1\/100|[from] Stealth Rock\n|move|p1a: GR APIST|Dark Pulse|p2a: Jirachi\n|-supereffective|p2a: Jirachi\n|-damage|p2a: Jirachi|0 fnt\n|faint|p2a: Jirachi\n|-activate|p1a: GR APIST|ability: Battle Bond\n|detailschange|p1a: GR APIST|Greninja-Ash, M\n|\n|upkeep\n|inactive|12ISR has 90 seconds left.\n|\n|t:|1667107365\n|switch|p2a: Manectric|Manectric-Mega, M|88\/100\n|-damage|p2a: Manectric|76\/100|[from] Stealth Rock\n|-ability|p2a: Manectric|Intimidate|boost\n|-unboost|p1a: GR APIST|atk|1\n|turn|16\n|inactive|12ISR has 90 seconds left.\n|\n|t:|1667107395\n|switch|p1a: Rillaboom|Rillaboom, M|95\/100\n|move|p2a: Manectric|Volt Switch|p1a: Rillaboom\n|-resisted|p1a: Rillaboom\n|-damage|p1a: Rillaboom|73\/100\n|c|\u2606brettfavreinnocent|make a play hollywood\n|\n|t:|1667107398\n|switch|p2a: Gengar|Gengar, F|100\/100|[from]move: Volt Switch\n|-damage|p2a: Gengar|88\/100|[from] Stealth Rock\n|\n|-heal|p2a: Gengar|94\/100|[from] Grassy Terrain\n|-heal|p1a: Rillaboom|79\/100|[from] Grassy Terrain\n|upkeep\n|turn|17\n|\n|t:|1667107412\n|switch|p1a: Pelipper|Pelipper, M|42\/100 par\n|-weather|RainDance|[from] ability: Drizzle|[of] p1a: Pelipper\n|move|p2a: Gengar|Sludge Wave|p1a: Pelipper\n|-damage|p1a: Pelipper|0 fnt\n|faint|p1a: Pelipper\n|\n|-weather|RainDance|[upkeep]\n|-heal|p2a: Gengar|100\/100|[from] Grassy Terrain\n|-fieldend|move: Grassy Terrain\n|upkeep\n|\n|t:|1667107415\n|switch|p1a: Swampert|Swampert-Mega, M|28\/100\n|turn|18\n|\n|t:|1667107440\n|move|p2a: Gengar|Sludge Wave|p1a: Swampert\n|-resisted|p1a: Swampert\n|-damage|p1a: Swampert|7\/100\n|move|p1a: Swampert|Liquidation|p2a: Gengar\n|-damage|p2a: Gengar|0 fnt\n|-start|p1a: Swampert|Disable|Liquidation|[from] ability: Cursed Body|[of] p2a: Gengar\n|faint|p2a: Gengar\n|\n|-weather|RainDance|[upkeep]\n|upkeep\n|\n|t:|1667107450\n|switch|p2a: Swampert|Swampert, F|100\/100\n|-damage|p2a: Swampert|94\/100|[from] Stealth Rock\n|turn|19\n|c|\u2606brettfavreinnocent|ur funi\n|\n|t:|1667107464\n|move|p1a: Swampert|High Horsepower|p2a: Swampert\n|-damage|p2a: Swampert|50\/100\n|move|p2a: Swampert|Stealth Rock|p1a: Swampert\n|-sidestart|p1: brettfavreinnocent|move: Stealth Rock\n|\n|-weather|RainDance|[upkeep]\n|-heal|p2a: Swampert|56\/100|[from] item: Leftovers\n|upkeep\n|turn|20\n|\n|t:|1667107477\n|move|p1a: Swampert|High Horsepower|p2a: Swampert\n|-damage|p2a: Swampert|13\/100\n|move|p2a: Swampert|Earthquake|p1a: Swampert\n|-crit|p1a: Swampert\n|-damage|p1a: Swampert|0 fnt\n|faint|p1a: Swampert\n|\n|-weather|RainDance|[upkeep]\n|-heal|p2a: Swampert|19\/100|[from] item: Leftovers\n|upkeep\n|\n|t:|1667107482\n|switch|p1a: Regieleki|Regieleki|41\/100\n|-damage|p1a: Regieleki|28\/100|[from] Stealth Rock\n|turn|21\n|\n|t:|1667107491\n|-zpower|p1a: Regieleki\n|move|p1a: Regieleki|Breakneck Blitz|p2a: Swampert|[zeffect]\n|-damage|p2a: Swampert|0 fnt\n|faint|p2a: Swampert\n|\n|-weather|RainDance|[upkeep]\n|upkeep\n|\n|t:|1667107493\n|switch|p2a: Manectric|Manectric-Mega, M|76\/100\n|-damage|p2a: Manectric|63\/100|[from] Stealth Rock\n|-ability|p2a: Manectric|Intimidate|boost\n|-unboost|p1a: Regieleki|atk|1\n|turn|22\n|inactive|12ISR has 90 seconds left.\n|\n|t:|1667107498\n|move|p1a: Regieleki|Hyper Beam|p2a: Manectric\n|-damage|p2a: Manectric|0 fnt\n|-mustrecharge|p1a: Regieleki\n|faint|p2a: Manectric\n|\n|win|brettfavreinnocent\n|raw|brettfavreinnocent's rating: 1649 &rarr; <strong>1665<\/strong><br \/>(+16 for winning)\n|raw|12ISR's rating: 1580 &rarr; <strong>1564<\/strong><br \/>(-16 for losing)\n|c|\u2606brettfavreinnocent|flex for da gram\n|l|\u260612ISR\n","uploadtime":1667107515,"views":24,"p1id":"brettfavreinnocent","p2id":"12isr","formatid":"gen8nationaldex","rating":1564,"private":0,"password":null}