{"id":"gen8nationaldex-1660847024","p1":"baigu3","p2":"rooopos","format":"gen8nationaldex","log":"|j|\u2606baigu3\n|j|\u2606rooopos\n|t:|1662821240\n|gametype|singles\n|player|p1|baigu3|1|1530\n|player|p2|rooopos|169|1579\n|teamsize|p1|6\n|teamsize|p2|6\n|gen|8\n|tier|[Gen 8] National Dex\n|rated|\n|rule|HP Percentage Mod: HP is shown in percentages\n|rule|Endless Battle Clause: Forcing endless battles is banned\n|rule|OHKO Clause: OHKO moves are banned\n|rule|Evasion Moves Clause: Evasion moves are banned\n|rule|Species Clause: Limit one of each Pok\u00e9mon\n|rule|Dynamax Clause: You cannot dynamax\n|rule|Sleep Clause Mod: Limit one foe put to sleep\n|clearpoke\n|poke|p1|Camerupt, M|\n|poke|p1|Melmetal|\n|poke|p1|Cresselia, F|\n|poke|p1|Hatterene, F|\n|poke|p1|Alakazam, F|\n|poke|p1|Rillaboom, M|\n|poke|p2|Torkoal, M|\n|poke|p2|Charizard, F|\n|poke|p2|Venusaur, M|\n|poke|p2|Hydreigon, F|\n|poke|p2|Rhyperior, M|\n|poke|p2|Cresselia, F|\n|teampreview\n|inactive|Battle timer is ON: inactive players will automatically lose when time's up. (requested by baigu3)\n|\n|t:|1662821258\n|start\n|switch|p1a: Hatterene|Hatterene, F|100\/100\n|switch|p2a: Torkoal|Torkoal, M|100\/100\n|-weather|SunnyDay|[from] ability: Drought|[of] p2a: Torkoal\n|turn|1\n|\n|t:|1662821262\n|move|p2a: Torkoal|Lava Plume|p1a: Hatterene\n|-damage|p1a: Hatterene|63\/100\n|move|p1a: Hatterene|Trick Room|p1a: Hatterene\n|-fieldstart|move: Trick Room|[of] p1a: Hatterene\n|\n|-weather|SunnyDay|[upkeep]\n|upkeep\n|turn|2\n|\n|t:|1662821280\n|switch|p2a: Charizard|Charizard, F|100\/100\n|move|p1a: Hatterene|Misty Explosion|p2a: Charizard\n|-resisted|p2a: Charizard\n|-damage|p2a: Charizard|65\/100\n|faint|p1a: Hatterene\n|\n|-weather|SunnyDay|[upkeep]\n|upkeep\n|\n|t:|1662821286\n|switch|p1a: Camerupt|Camerupt, M|100\/100\n|turn|3\n|\n|t:|1662821292\n|switch|p2a: Hydreigon|Hydreigon, F|100\/100\n|detailschange|p1a: Camerupt|Camerupt-Mega, M\n|-mega|p1a: Camerupt|Camerupt|Cameruptite\n|move|p1a: Camerupt|Fire Blast|p2a: Hydreigon\n|-resisted|p2a: Hydreigon\n|-damage|p2a: Hydreigon|21\/100\n|\n|-weather|SunnyDay|[upkeep]\n|-heal|p2a: Hydreigon|27\/100|[from] item: Leftovers\n|upkeep\n|turn|4\n|\n|t:|1662821305\n|switch|p2a: Cresselia|Cresselia, F|100\/100\n|move|p1a: Camerupt|Fire Blast|p2a: Cresselia\n|-damage|p2a: Cresselia|20\/100\n|\n|-weather|SunnyDay|[upkeep]\n|-heal|p2a: Cresselia|26\/100|[from] item: Leftovers\n|upkeep\n|turn|5\n|\n|t:|1662821312\n|move|p1a: Camerupt|Stealth Rock|p2a: Cresselia\n|-sidestart|p2: rooopos|move: Stealth Rock\n|move|p2a: Cresselia|Lunar Dance|p2a: Cresselia\n|faint|p2a: Cresselia\n|\n|-weather|SunnyDay|[upkeep]\n|-fieldend|move: Trick Room\n|upkeep\n|\n|t:|1662821317\n|switch|p2a: Hydreigon|Hydreigon, F|27\/100\n|-heal|p2a: Hydreigon|100\/100|[from] move: Lunar Dance\n|-damage|p2a: Hydreigon|88\/100|[from] Stealth Rock\n|turn|6\n|\n|t:|1662821337\n|move|p2a: Hydreigon|Roost|p2a: Hydreigon\n|-heal|p2a: Hydreigon|100\/100\n|-singleturn|p2a: Hydreigon|move: Roost\n|move|p1a: Camerupt|Fire Blast|p2a: Hydreigon|[miss]\n|-miss|p1a: Camerupt|p2a: Hydreigon\n|\n|-weather|SunnyDay|[upkeep]\n|upkeep\n|turn|7\n|\n|t:|1662821344\n|move|p2a: Hydreigon|Earth Power|p1a: Camerupt\n|-supereffective|p1a: Camerupt\n|-damage|p1a: Camerupt|42\/100\n|-unboost|p1a: Camerupt|spd|1\n|move|p1a: Camerupt|Fire Blast|p2a: Hydreigon\n|-resisted|p2a: Hydreigon\n|-damage|p2a: Hydreigon|28\/100\n|\n|-weather|SunnyDay|[upkeep]\n|-heal|p2a: Hydreigon|34\/100|[from] item: Leftovers\n|upkeep\n|turn|8\n|\n|t:|1662821353\n|switch|p1a: Cresselia|Cresselia, F|100\/100\n|move|p2a: Hydreigon|Dark Pulse|p1a: Cresselia\n|-supereffective|p1a: Cresselia\n|-damage|p1a: Cresselia|61\/100\n|\n|-weather|none\n|-heal|p2a: Hydreigon|40\/100|[from] item: Leftovers\n|upkeep\n|turn|9\n|\n|t:|1662821357\n|move|p2a: Hydreigon|Dark Pulse|p1a: Cresselia\n|-supereffective|p1a: Cresselia\n|-damage|p1a: Cresselia|18\/100\n|cant|p1a: Cresselia|flinch\n|\n|-heal|p2a: Hydreigon|46\/100|[from] item: Leftovers\n|upkeep\n|turn|10\n|\n|t:|1662821363\n|switch|p1a: Rillaboom|Rillaboom, M|100\/100\n|-fieldstart|move: Grassy Terrain|[from] ability: Grassy Surge|[of] p1a: Rillaboom\n|move|p2a: Hydreigon|Dark Pulse|p1a: Rillaboom\n|-damage|p1a: Rillaboom|57\/100\n|\n|-heal|p2a: Hydreigon|52\/100|[from] item: Leftovers\n|-heal|p1a: Rillaboom|63\/100|[from] Grassy Terrain\n|upkeep\n|turn|11\n|\n|t:|1662821369\n|switch|p2a: Torkoal|Torkoal, M|100\/100\n|-damage|p2a: Torkoal|75\/100|[from] Stealth Rock\n|-weather|SunnyDay|[from] ability: Drought|[of] p2a: Torkoal\n|move|p1a: Rillaboom|Grassy Glide|p2a: Torkoal\n|-resisted|p2a: Torkoal\n|-damage|p2a: Torkoal|53\/100\n|\n|-weather|SunnyDay|[upkeep]\n|-heal|p1a: Rillaboom|70\/100|[from] Grassy Terrain\n|-heal|p2a: Torkoal|59\/100|[from] Grassy Terrain\n|upkeep\n|turn|12\n|\n|t:|1662821373\n|switch|p1a: Camerupt|Camerupt-Mega, M|42\/100\n|move|p2a: Torkoal|Stealth Rock|p1a: Camerupt\n|-sidestart|p1: baigu3|move: Stealth Rock\n|\n|-weather|SunnyDay|[upkeep]\n|-heal|p2a: Torkoal|65\/100|[from] Grassy Terrain\n|-heal|p1a: Camerupt|48\/100|[from] Grassy Terrain\n|upkeep\n|turn|13\n|\n|t:|1662821378\n|move|p1a: Camerupt|Fire Blast|p2a: Torkoal\n|-resisted|p2a: Torkoal\n|-damage|p2a: Torkoal|0 fnt\n|faint|p2a: Torkoal\n|\n|-weather|SunnyDay|[upkeep]\n|-heal|p1a: Camerupt|54\/100|[from] Grassy Terrain\n|upkeep\n|\n|t:|1662821386\n|switch|p2a: Hydreigon|Hydreigon, F|52\/100\n|-damage|p2a: Hydreigon|40\/100|[from] Stealth Rock\n|turn|14\n|\n|t:|1662821391\n|move|p2a: Hydreigon|Earth Power|p1a: Camerupt\n|-supereffective|p1a: Camerupt\n|-damage|p1a: Camerupt|0 fnt\n|faint|p1a: Camerupt\n|\n|-weather|SunnyDay|[upkeep]\n|-heal|p2a: Hydreigon|46\/100|[from] item: Leftovers\n|-fieldend|move: Grassy Terrain\n|upkeep\n|\n|t:|1662821399\n|switch|p1a: Alakazam|Alakazam, F|100\/100\n|turn|15\n|\n|t:|1662821403\n|move|p2a: Hydreigon|Defog|p1a: Alakazam\n|-unboost|p1a: Alakazam|evasion|1\n|-sideend|p1: baigu3|Stealth Rock|[from] move: Defog|[of] p2a: Hydreigon\n|-sideend|p2: rooopos|Stealth Rock|[from] move: Defog|[of] p2a: Hydreigon\n|move|p1a: Alakazam|Trick Room|p1a: Alakazam\n|-fieldstart|move: Trick Room|[of] p1a: Alakazam\n|\n|-weather|SunnyDay|[upkeep]\n|-heal|p2a: Hydreigon|52\/100|[from] item: Leftovers\n|upkeep\n|turn|16\n|\n|t:|1662821409\n|switch|p1a: Melmetal|Melmetal|100\/100\n|move|p2a: Hydreigon|Dark Pulse|p1a: Melmetal\n|-damage|p1a: Melmetal|60\/100\n|\n|-weather|SunnyDay|[upkeep]\n|-heal|p2a: Hydreigon|58\/100|[from] item: Leftovers\n|upkeep\n|turn|17\n|\n|t:|1662821418\n|switch|p2a: Rhyperior|Rhyperior, M|100\/100\n|move|p1a: Melmetal|Double Iron Bash|p2a: Rhyperior\n|-supereffective|p2a: Rhyperior\n|-damage|p2a: Rhyperior|52\/100\n|-supereffective|p2a: Rhyperior\n|-damage|p2a: Rhyperior|8\/100\n|-hitcount|p2a: Rhyperior|2\n|\n|-weather|SunnyDay|[upkeep]\n|-heal|p2a: Rhyperior|14\/100|[from] item: Leftovers\n|upkeep\n|turn|18\n|\n|t:|1662821425\n|move|p1a: Melmetal|Double Iron Bash|p2a: Rhyperior\n|-supereffective|p2a: Rhyperior\n|-damage|p2a: Rhyperior|0 fnt\n|faint|p2a: Rhyperior\n|-hitcount|p2: Rhyperior|1\n|\n|-weather|none\n|upkeep\n|\n|t:|1662821429\n|switch|p2a: Venusaur|Venusaur, M|100\/100\n|turn|19\n|\n|t:|1662821432\n|move|p1a: Melmetal|Double Iron Bash|p2a: Venusaur\n|-damage|p2a: Venusaur|8\/100\n|-damage|p2a: Venusaur|0 fnt\n|faint|p2a: Venusaur\n|-hitcount|p2: Venusaur|2\n|\n|-fieldend|move: Trick Room\n|upkeep\n|\n|t:|1662821434\n|switch|p2a: Charizard|Charizard, F|65\/100\n|turn|20\n|\n|t:|1662821442\n|switch|p1a: Cresselia|Cresselia, F|18\/100\n|move|p2a: Charizard|Dragon Dance|p2a: Charizard\n|-boost|p2a: Charizard|atk|1\n|-boost|p2a: Charizard|spe|1\n|\n|upkeep\n|turn|21\n|\n|t:|1662821446\n|detailschange|p2a: Charizard|Charizard-Mega-X, F\n|-mega|p2a: Charizard|Charizard|Charizardite X\n|move|p2a: Charizard|Flare Blitz|p1a: Cresselia\n|-damage|p1a: Cresselia|0 fnt\n|faint|p1a: Cresselia\n|-damage|p2a: Charizard|56\/100|[from] Recoil\n|\n|upkeep\n|\n|t:|1662821449\n|switch|p1a: Alakazam|Alakazam, F|100\/100\n|turn|22\n|\n|t:|1662821453\n|move|p2a: Charizard|Earthquake|p1a: Alakazam\n|-enditem|p1a: Alakazam|Focus Sash\n|-damage|p1a: Alakazam|1\/100\n|move|p1a: Alakazam|Trick Room|p1a: Alakazam\n|-fieldstart|move: Trick Room|[of] p1a: Alakazam\n|\n|upkeep\n|turn|23\n|\n|t:|1662821458\n|move|p1a: Alakazam|Psychic|p2a: Charizard\n|-damage|p2a: Charizard|0 fnt\n|faint|p2a: Charizard\n|\n|upkeep\n|\n|t:|1662821461\n|switch|p2a: Hydreigon|Hydreigon, F|58\/100\n|turn|24\n|\n|t:|1662821463\n|move|p2a: Hydreigon|Dark Pulse|p1a: Alakazam\n|-supereffective|p1a: Alakazam\n|-damage|p1a: Alakazam|0 fnt\n|faint|p1a: Alakazam\n|\n|-heal|p2a: Hydreigon|64\/100|[from] item: Leftovers\n|upkeep\n|\n|t:|1662821465\n|switch|p1a: Melmetal|Melmetal|60\/100\n|turn|25\n|\n|t:|1662821468\n|move|p1a: Melmetal|Double Iron Bash|p2a: Hydreigon\n|-damage|p2a: Hydreigon|0 fnt\n|faint|p2a: Hydreigon\n|-hitcount|p2: Hydreigon|1\n|\n|win|baigu3\n|raw|baigu3's rating: 1530 &rarr; <strong>1553<\/strong><br \/>(+23 for winning)\n|raw|rooopos's rating: 1579 &rarr; <strong>1556<\/strong><br \/>(-23 for losing)\n","uploadtime":1662821471,"views":4,"p1id":"baigu3","p2id":"rooopos","formatid":"gen8nationaldex","rating":1553,"private":0,"password":null}