{"id":"gen8ou-1064120735","p1":"mongwong","p2":"scolin100","format":"gen8ou","log":"|j|\u2606mongwong\n|j|\u2606scolin100\n|player|p1|mongwong|silver|1438\n|player|p2|scolin100|167|1432\n|teamsize|p1|6\n|teamsize|p2|6\n|gametype|singles\n|gen|8\n|tier|[Gen 8] OU\n|rated|\n|clearpoke\n|poke|p1|Darmanitan, M|\n|poke|p1|Torkoal, F|\n|poke|p1|Venusaur, M|\n|poke|p1|Cinderace, F|\n|poke|p1|Mandibuzz, F|\n|poke|p1|Dugtrio, F|\n|poke|p2|Aegislash, M|\n|poke|p2|Blastoise, M|\n|poke|p2|Ribombee, M|\n|poke|p2|Ditto|\n|poke|p2|Grimmsnarl, M|\n|poke|p2|Dugtrio, F|\n|rule|Sleep Clause Mod: Limit one foe put to sleep\n|rule|Species Clause: Limit one of each Pok\u00e9mon\n|rule|OHKO Clause: OHKO moves are banned\n|rule|Evasion Moves Clause: Evasion moves are banned\n|rule|Endless Battle Clause: Forcing endless battles is banned\n|rule|HP Percentage Mod: HP is shown in percentages\n|rule|Dynamax Clause: You cannot dynamax\n|teampreview\n|\n|start\n|switch|p1a: Cinderace|Cinderace, F|100\/100\n|switch|p2a: Dugtrio|Dugtrio, F|100\/100\n|turn|1\n|\n|move|p2a: Dugtrio|Earthquake|p1a: Cinderace\n|-supereffective|p1a: Cinderace\n|-damage|p1a: Cinderace|0 fnt\n|faint|p1a: Cinderace\n|\n|upkeep\n|\n|switch|p1a: Torkoal|Torkoal, F|100\/100\n|-weather|SunnyDay|[from] ability: Drought|[of] p1a: Torkoal\n|turn|2\n|\n|move|p2a: Dugtrio|Earthquake|p1a: Torkoal\n|-supereffective|p1a: Torkoal\n|-damage|p1a: Torkoal|38\/100\n|move|p1a: Torkoal|Lava Plume|p2a: Dugtrio\n|-enditem|p2a: Dugtrio|Focus Sash\n|-damage|p2a: Dugtrio|1\/100\n|\n|-weather|SunnyDay|[upkeep]\n|upkeep\n|turn|3\n|\n|move|p2a: Dugtrio|Earthquake|p1a: Torkoal\n|-supereffective|p1a: Torkoal\n|-damage|p1a: Torkoal|0 fnt\n|faint|p1a: Torkoal\n|\n|-weather|SunnyDay|[upkeep]\n|upkeep\n|\n|switch|p1a: Venusaur|Venusaur, M|100\/100\n|turn|4\n|\n|move|p1a: Venusaur|Growth|p1a: Venusaur\n|-boost|p1a: Venusaur|atk|2\n|-boost|p1a: Venusaur|spa|2\n|move|p2a: Dugtrio|Stealth Rock|p1a: Venusaur\n|-sidestart|p1: mongwong|move: Stealth Rock\n|\n|-weather|SunnyDay|[upkeep]\n|upkeep\n|turn|5\n|\n|move|p2a: Dugtrio|Sucker Punch|p1a: Venusaur\n|-damage|p1a: Venusaur|71\/100\n|move|p1a: Venusaur|Weather Ball|p2a: Dugtrio\n|-damage|p2a: Dugtrio|0 fnt\n|-damage|p1a: Venusaur|61\/100|[from] item: Life Orb\n|faint|p2a: Dugtrio\n|\n|-weather|SunnyDay|[upkeep]\n|upkeep\n|\n|switch|p2a: Ditto|Ditto|100\/100\n|-transform|p2a: Ditto|p1a: Venusaur|[from] ability: Imposter\n|turn|6\n|\n|move|p2a: Ditto|Weather Ball|p1a: Venusaur\n|-supereffective|p1a: Venusaur\n|-damage|p1a: Venusaur|0 fnt\n|faint|p1a: Venusaur\n|\n|-weather|SunnyDay|[upkeep]\n|upkeep\n|\n|switch|p1a: Dugtrio|Dugtrio, F|100\/100\n|-damage|p1a: Dugtrio|94\/100|[from] Stealth Rock\n|turn|7\n|\n|move|p2a: Ditto|Weather Ball|p1a: Dugtrio\n|-damage|p1a: Dugtrio|0 fnt\n|faint|p1a: Dugtrio\n|\n|-weather|SunnyDay|[upkeep]\n|upkeep\n|-message|mongwong forfeited.\n|\n|win|scolin100\n|l|\u2606mongwong\n|raw|mongwong's rating: 1438 &rarr; <strong>1417<\/strong><br \/>(-21 for losing)\n|raw|scolin100's rating: 1432 &rarr; <strong>1452<\/strong><br \/>(+20 for winning)\n","uploadtime":1581854320,"views":4,"p1id":"mongwong","p2id":"scolin100","formatid":"gen8ou","rating":1417,"private":0,"password":null}