{"id":"gen8bdspou-1458791956","p1":"ElixirMaker","p2":"i know im horrible","format":"gen8bdspou","log":"|j|\u2606ElixirMaker\n|j|\u2606i know im horrible\n|t:|1637578340\n|gametype|singles\n|player|p1|ElixirMaker|290|1230\n|player|p2|i know im horrible|2|1370\n|teamsize|p1|6\n|teamsize|p2|6\n|gen|8\n|tier|[Gen 8 BDSP] OU\n|rated|\n|rule|Sleep Clause Mod: Limit one foe put to sleep\n|rule|Species Clause: Limit one of each Pok\u00e9mon\n|rule|OHKO Clause: OHKO moves are banned\n|rule|Evasion Moves Clause: Evasion moves are banned\n|rule|Endless Battle Clause: Forcing endless battles is banned\n|rule|HP Percentage Mod: HP is shown in percentages\n|clearpoke\n|poke|p1|Garchomp, F|\n|poke|p1|Dragonite, F|\n|poke|p1|Starmie|\n|poke|p1|Mamoswine, M|\n|poke|p1|Scizor, M|\n|poke|p1|Rotom-Wash|\n|poke|p2|Abomasnow, F|\n|poke|p2|Magnezone|\n|poke|p2|Azelf|\n|poke|p2|Heracross, M|\n|poke|p2|Gyarados, F|\n|poke|p2|Salamence, F|\n|teampreview\n|j| Joltking69\n|l| Joltking69\n|\n|t:|1637578353\n|start\n|switch|p1a: Rotom|Rotom-Wash|100\/100\n|switch|p2a: Azelf|Azelf|100\/100\n|turn|1\n|\n|t:|1637578360\n|move|p1a: Rotom|Volt Switch|p2a: Azelf\n|-damage|p2a: Azelf|62\/100\n|j| Joltking69\n|l| Joltking69\n|\n|t:|1637578365\n|switch|p1a: Scizor|Scizor, M|100\/100|[from]move: Volt Switch\n|move|p2a: Azelf|Stealth Rock|p1a: Scizor\n|-sidestart|p1: ElixirMaker|move: Stealth Rock\n|\n|upkeep\n|turn|2\n|\n|t:|1637578368\n|move|p2a: Azelf|Reflect|p2a: Azelf\n|-sidestart|p2: i know im horrible|Reflect\n|move|p1a: Scizor|U-turn|p2a: Azelf\n|-supereffective|p2a: Azelf\n|-damage|p2a: Azelf|25\/100\n|\n|t:|1637578374\n|switch|p1a: Rotom|Rotom-Wash|100\/100|[from]move: U-turn\n|-damage|p1a: Rotom|88\/100|[from] Stealth Rock\n|\n|upkeep\n|turn|3\n|\n|t:|1637578378\n|move|p1a: Rotom|Volt Switch|p2a: Azelf\n|-damage|p2a: Azelf|0 fnt\n|faint|p2a: Azelf\n|\n|t:|1637578385\n|switch|p1a: Scizor|Scizor, M|100\/100|[from]move: Volt Switch\n|-damage|p1a: Scizor|88\/100|[from] Stealth Rock\n|\n|-heal|p1a: Scizor|94\/100|[from] item: Leftovers\n|upkeep\n|\n|t:|1637578394\n|switch|p2a: Gyarados|Gyarados, F|100\/100\n|turn|4\n|\n|t:|1637578401\n|move|p2a: Gyarados|Waterfall|p1a: Scizor\n|-damage|p1a: Scizor|62\/100\n|move|p1a: Scizor|Defog|p2a: Gyarados\n|-unboost|p2a: Gyarados|evasion|1\n|-sideend|p2: i know im horrible|Reflect\n|-sideend|p1: ElixirMaker|Stealth Rock|[from] move: Defog|[of] p1a: Scizor\n|\n|-heal|p1a: Scizor|69\/100|[from] item: Leftovers\n|upkeep\n|turn|5\n|\n|t:|1637578405\n|switch|p1a: Rotom|Rotom-Wash|88\/100\n|move|p2a: Gyarados|Waterfall|p1a: Rotom\n|-resisted|p1a: Rotom\n|-damage|p1a: Rotom|60\/100\n|\n|upkeep\n|turn|6\n|\n|t:|1637578411\n|switch|p2a: Abomasnow|Abomasnow, F|100\/100\n|-weather|Hail|[from] ability: Snow Warning|[of] p2a: Abomasnow\n|move|p1a: Rotom|Volt Switch|p2a: Abomasnow\n|-resisted|p2a: Abomasnow\n|-damage|p2a: Abomasnow|88\/100\n|\n|t:|1637578415\n|switch|p1a: Scizor|Scizor, M|69\/100|[from]move: Volt Switch\n|\n|-weather|Hail|[upkeep]\n|-damage|p1a: Scizor|62\/100|[from] Hail\n|-heal|p1a: Scizor|69\/100|[from] item: Leftovers\n|upkeep\n|turn|7\n|\n|t:|1637578417\n|move|p1a: Scizor|Roost|p1a: Scizor\n|-heal|p1a: Scizor|100\/100\n|-singleturn|p1a: Scizor|move: Roost\n|move|p2a: Abomasnow|Aurora Veil|p2a: Abomasnow\n|-sidestart|p2: i know im horrible|move: Aurora Veil\n|\n|-weather|Hail|[upkeep]\n|-damage|p1a: Scizor|94\/100|[from] Hail\n|-heal|p1a: Scizor|100\/100|[from] item: Leftovers\n|upkeep\n|turn|8\n|\n|t:|1637578421\n|move|p1a: Scizor|U-turn|p2a: Abomasnow\n|-supereffective|p2a: Abomasnow\n|-damage|p2a: Abomasnow|55\/100\n|\n|t:|1637578430\n|switch|p1a: Mamoswine|Mamoswine, M|100\/100|[from]move: U-turn\n|move|p2a: Abomasnow|Leech Seed|p1a: Mamoswine\n|-start|p1a: Mamoswine|move: Leech Seed\n|\n|-weather|Hail|[upkeep]\n|-damage|p1a: Mamoswine|88\/100|[from] Leech Seed|[of] p2a: Abomasnow\n|-heal|p2a: Abomasnow|67\/100|[silent]\n|upkeep\n|turn|9\n|\n|t:|1637578433\n|switch|p1a: Scizor|Scizor, M|100\/100\n|switch|p2a: Gyarados|Gyarados, F|100\/100\n|\n|-weather|Hail|[upkeep]\n|-damage|p2a: Gyarados|94\/100|[from] Hail\n|-damage|p1a: Scizor|94\/100|[from] Hail\n|-heal|p2a: Gyarados|100\/100|[from] item: Leftovers\n|-heal|p1a: Scizor|100\/100|[from] item: Leftovers\n|upkeep\n|turn|10\n|\n|t:|1637578437\n|move|p2a: Gyarados|Dragon Dance|p2a: Gyarados\n|-boost|p2a: Gyarados|atk|1\n|-boost|p2a: Gyarados|spe|1\n|move|p1a: Scizor|Defog|p2a: Gyarados\n|-unboost|p2a: Gyarados|evasion|1\n|-sideend|p2: i know im horrible|move: Aurora Veil\n|\n|-weather|none\n|upkeep\n|turn|11\n|\n|t:|1637578446\n|move|p2a: Gyarados|Waterfall|p1a: Scizor\n|-damage|p1a: Scizor|51\/100\n|move|p1a: Scizor|U-turn|p2a: Gyarados\n|-resisted|p2a: Gyarados\n|-damage|p2a: Gyarados|80\/100\n|\n|t:|1637578449\n|switch|p1a: Rotom|Rotom-Wash|60\/100|[from]move: U-turn\n|\n|-heal|p2a: Gyarados|86\/100|[from] item: Leftovers\n|upkeep\n|turn|12\n|\n|t:|1637578452\n|switch|p2a: Magnezone|Magnezone|100\/100\n|move|p1a: Rotom|Volt Switch|p2a: Magnezone\n|-resisted|p2a: Magnezone\n|-damage|p2a: Magnezone|83\/100\n|\n|t:|1637578455\n|switch|p1a: Mamoswine|Mamoswine, M|88\/100|[from]move: Volt Switch\n|\n|upkeep\n|turn|13\n|\n|t:|1637578459\n|move|p1a: Mamoswine|Stealth Rock|p2a: Magnezone\n|-sidestart|p2: i know im horrible|move: Stealth Rock\n|move|p2a: Magnezone|Flash Cannon|p1a: Mamoswine\n|-supereffective|p1a: Mamoswine\n|-damage|p1a: Mamoswine|0 fnt\n|faint|p1a: Mamoswine\n|\n|upkeep\n|\n|t:|1637578467\n|switch|p1a: Garchomp|Garchomp, F|100\/100\n|turn|14\n|\n|t:|1637578472\n|move|p1a: Garchomp|Earthquake|p2a: Magnezone\n|-supereffective|p2a: Magnezone\n|-damage|p2a: Magnezone|0 fnt\n|faint|p2a: Magnezone\n|-damage|p1a: Garchomp|91\/100|[from] item: Life Orb\n|\n|upkeep\n|\n|t:|1637578481\n|switch|p2a: Salamence|Salamence, F|100\/100\n|-damage|p2a: Salamence|76\/100|[from] Stealth Rock\n|-ability|p2a: Salamence|Intimidate|boost\n|-unboost|p1a: Garchomp|atk|1\n|turn|15\n|\n|t:|1637578484\n|move|p1a: Garchomp|Dragon Claw|p2a: Salamence\n|-supereffective|p2a: Salamence\n|-damage|p2a: Salamence|0 fnt\n|faint|p2a: Salamence\n|-damage|p1a: Garchomp|81\/100|[from] item: Life Orb\n|\n|upkeep\n|\n|t:|1637578487\n|switch|p2a: Abomasnow|Abomasnow, F|67\/100\n|-damage|p2a: Abomasnow|42\/100|[from] Stealth Rock\n|-weather|Hail|[from] ability: Snow Warning|[of] p2a: Abomasnow\n|turn|16\n|\n|t:|1637578491\n|move|p2a: Abomasnow|Ice Shard|p1a: Garchomp\n|-supereffective|p1a: Garchomp\n|-damage|p1a: Garchomp|33\/100\n|move|p1a: Garchomp|Outrage|p2a: Abomasnow\n|-damage|p2a: Abomasnow|0 fnt\n|faint|p2a: Abomasnow\n|-damage|p1a: Garchomp|23\/100|[from] item: Life Orb\n|\n|-weather|Hail|[upkeep]\n|-damage|p1a: Garchomp|17\/100|[from] Hail\n|upkeep\n|\n|t:|1637578494\n|switch|p2a: Heracross|Heracross, M|100\/100\n|-damage|p2a: Heracross|88\/100|[from] Stealth Rock\n|turn|17\n|\n|t:|1637578503\n|move|p2a: Heracross|Stone Edge|p1a: Garchomp\n|-resisted|p1a: Garchomp\n|-damage|p1a: Garchomp|1\/100\n|move|p1a: Garchomp|Outrage|p2a: Heracross|[from]lockedmove\n|-damage|p2a: Heracross|16\/100\n|-damage|p1a: Garchomp|0 fnt|[from] item: Life Orb\n|faint|p1a: Garchomp\n|\n|-weather|Hail|[upkeep]\n|-damage|p2a: Heracross|10\/100|[from] Hail\n|upkeep\n|-message|i know im horrible forfeited.\n|\n|win|ElixirMaker\n|raw|ElixirMaker's rating: 1230 &rarr; <strong>1265<\/strong><br \/>(+35 for winning)\n|raw|i know im horrible's rating: 1370 &rarr; <strong>1342<\/strong><br \/>(-28 for losing)\n|l|\u2606i know im horrible\n","uploadtime":1637578517,"views":16,"p1id":"elixirmaker","p2id":"iknowimhorrible","formatid":"gen8bdspou","rating":1265,"private":0,"password":null}