{"id":"gen8ou-1432723086","p1":"legitteambuilder","p2":"PokePowerfull","format":"gen8ou","log":"|j|\u2606legitteambuilder\n|j|\u2606PokePowerfull\n|t:|1633866703\n|gametype|singles\n|player|p1|legitteambuilder|shadowtriad|1759\n|player|p2|PokePowerfull|265|1875\n|teamsize|p1|6\n|teamsize|p2|6\n|gen|8\n|tier|[Gen 8] OU\n|rated|\n|rule|Sleep Clause Mod: Limit one foe put to sleep\n|rule|Species Clause: Limit one of each Pok\u00e9mon\n|rule|OHKO Clause: OHKO moves are banned\n|rule|Evasion Moves Clause: Evasion moves are banned\n|rule|Endless Battle Clause: Forcing endless battles is banned\n|rule|HP Percentage Mod: HP is shown in percentages\n|rule|Dynamax Clause: You cannot dynamax\n|clearpoke\n|poke|p1|Bisharp, F|\n|poke|p1|Nihilego|\n|poke|p1|Dragonite, M|\n|poke|p1|Rillaboom, M|\n|poke|p1|Blaziken, M|\n|poke|p1|Mew|\n|poke|p2|Landorus-Therian, M|\n|poke|p2|Melmetal|\n|poke|p2|Ninetales-Alola, F|\n|poke|p2|Arctozolt|\n|poke|p2|Dragapult, M|\n|poke|p2|Garchomp, M|\n|teampreview\n|\n|t:|1633866706\n|start\n|switch|p1a: Mew|Mew|100\/100\n|switch|p2a: Ninetales|Ninetales-Alola, F|100\/100\n|-weather|Hail|[from] ability: Snow Warning|[of] p2a: Ninetales\n|turn|1\n|\n|t:|1633866711\n|move|p2a: Ninetales|Blizzard|p1a: Mew\n|-damage|p1a: Mew|62\/100\n|move|p1a: Mew|Stealth Rock|p2a: Ninetales\n|-sidestart|p2: PokePowerfull|move: Stealth Rock\n|\n|-weather|Hail|[upkeep]\n|-damage|p1a: Mew|56\/100|[from] Hail\n|upkeep\n|turn|2\n|\n|t:|1633866717\n|move|p2a: Ninetales|Blizzard|p1a: Mew\n|-damage|p1a: Mew|22\/100\n|move|p1a: Mew|Spikes|p2a: Ninetales\n|-sidestart|p2: PokePowerfull|Spikes\n|\n|-weather|Hail|[upkeep]\n|-damage|p1a: Mew|16\/100|[from] Hail\n|upkeep\n|turn|3\n|\n|t:|1633866722\n|move|p2a: Ninetales|Aurora Veil|p2a: Ninetales\n|-sidestart|p2: PokePowerfull|move: Aurora Veil\n|move|p1a: Mew|Spikes|p2a: Ninetales\n|-sidestart|p2: PokePowerfull|Spikes\n|\n|-weather|Hail|[upkeep]\n|-damage|p1a: Mew|10\/100|[from] Hail\n|upkeep\n|turn|4\n|\n|t:|1633866725\n|move|p2a: Ninetales|Blizzard|p1a: Mew\n|-damage|p1a: Mew|0 fnt\n|faint|p1a: Mew\n|\n|-weather|Hail|[upkeep]\n|upkeep\n|\n|t:|1633866741\n|switch|p1a: Blaziken|Blaziken, M, shiny|100\/100\n|turn|5\n|\n|t:|1633866744\n|switch|p2a: Landorus|Landorus-Therian, M|100\/100\n|-damage|p2a: Landorus|88\/100|[from] Stealth Rock\n|-ability|p2a: Landorus|Intimidate|boost\n|-unboost|p1a: Blaziken|atk|1\n|move|p1a: Blaziken|Swords Dance|p1a: Blaziken\n|-boost|p1a: Blaziken|atk|2\n|\n|-weather|Hail|[upkeep]\n|-damage|p1a: Blaziken|95\/100|[from] Hail\n|-damage|p2a: Landorus|82\/100|[from] Hail\n|-ability|p1a: Blaziken|Speed Boost|boost\n|-boost|p1a: Blaziken|spe|1\n|upkeep\n|turn|6\n|\n|t:|1633866748\n|switch|p1a: Dragonite|Dragonite, M, shiny|100\/100\n|move|p2a: Landorus|Stealth Rock|p1a: Dragonite\n|-sidestart|p1: legitteambuilder|move: Stealth Rock\n|\n|-weather|Hail|[upkeep]\n|-damage|p1a: Dragonite|94\/100|[from] Hail\n|-damage|p2a: Landorus|76\/100|[from] Hail\n|upkeep\n|turn|7\n|\n|t:|1633866752\n|move|p1a: Dragonite|Dragon Dance|p1a: Dragonite\n|-boost|p1a: Dragonite|atk|1\n|-boost|p1a: Dragonite|spe|1\n|move|p2a: Landorus|Weather Ball|p1a: Dragonite\n|-supereffective|p1a: Dragonite\n|-damage|p1a: Dragonite|0 fnt\n|faint|p1a: Dragonite\n|\n|-weather|Hail|[upkeep]\n|-damage|p2a: Landorus|70\/100|[from] Hail\n|-sideend|p2: PokePowerfull|move: Aurora Veil\n|upkeep\n|\n|t:|1633866762\n|switch|p1a: Nihilego|Nihilego, shiny|100\/100\n|-damage|p1a: Nihilego|88\/100|[from] Stealth Rock\n|turn|8\n|\n|t:|1633866768\n|move|p1a: Nihilego|Meteor Beam||[still]\n|-prepare|p1a: Nihilego|Meteor Beam\n|-boost|p1a: Nihilego|spa|1\n|-enditem|p1a: Nihilego|Power Herb\n|-anim|p1a: Nihilego|Meteor Beam|p2a: Landorus\n|-damage|p2a: Landorus|0 fnt\n|faint|p2a: Landorus\n|-ability|p1a: Nihilego|Beast Boost|boost\n|-boost|p1a: Nihilego|spe|1\n|\n|-weather|none\n|upkeep\n|\n|t:|1633866778\n|switch|p2a: Garchomp|Garchomp, M|100\/100\n|-damage|p2a: Garchomp|94\/100|[from] Stealth Rock\n|-damage|p2a: Garchomp|78\/100|[from] Spikes\n|turn|9\n|\n|t:|1633866781\n|move|p1a: Nihilego|Sludge Wave|p2a: Garchomp\n|-resisted|p2a: Garchomp\n|-damage|p2a: Garchomp|38\/100\n|-status|p2a: Garchomp|psn\n|move|p2a: Garchomp|Earthquake|p1a: Nihilego\n|-supereffective|p1a: Nihilego\n|-damage|p1a: Nihilego|0 fnt\n|faint|p1a: Nihilego\n|-damage|p2a: Garchomp|28\/100 psn|[from] item: Life Orb\n|\n|-damage|p2a: Garchomp|16\/100 psn|[from] psn\n|upkeep\n|\n|t:|1633866798\n|switch|p1a: Bisharp|Bisharp, F, shiny|100\/100\n|-damage|p1a: Bisharp|95\/100|[from] Stealth Rock\n|turn|10\n|\n|t:|1633866801\n|move|p1a: Bisharp|Sucker Punch|p2a: Garchomp\n|-damage|p2a: Garchomp|0 fnt\n|-damage|p1a: Bisharp|82\/100|[from] ability: Rough Skin|[of] p2a: Garchomp\n|faint|p2a: Garchomp\n|\n|upkeep\n|\n|t:|1633866807\n|switch|p2a: Ninetales|Ninetales-Alola, F|100\/100\n|-damage|p2a: Ninetales|76\/100|[from] Stealth Rock\n|-damage|p2a: Ninetales|59\/100|[from] Spikes\n|-weather|Hail|[from] ability: Snow Warning|[of] p2a: Ninetales\n|turn|11\n|\n|t:|1633866810\n|move|p2a: Ninetales|Aurora Veil|p2a: Ninetales\n|-sidestart|p2: PokePowerfull|move: Aurora Veil\n|move|p1a: Bisharp|Swords Dance|p1a: Bisharp\n|-boost|p1a: Bisharp|atk|2\n|\n|-weather|Hail|[upkeep]\n|-damage|p1a: Bisharp|77\/100|[from] Hail\n|upkeep\n|turn|12\n|\n|t:|1633866818\n|move|p2a: Ninetales|Moonblast|p1a: Bisharp\n|-damage|p1a: Bisharp|13\/100\n|-unboost|p1a: Bisharp|spa|1\n|-ability|p1a: Bisharp|Defiant\n|-boost|p1a: Bisharp|atk|2\n|move|p1a: Bisharp|Iron Head|p2a: Ninetales\n|-supereffective|p2a: Ninetales\n|-damage|p2a: Ninetales|0 fnt\n|faint|p2a: Ninetales\n|\n|-weather|Hail|[upkeep]\n|-damage|p1a: Bisharp|7\/100|[from] Hail\n|upkeep\n|\n|t:|1633866830\n|switch|p2a: Arctozolt|Arctozolt|100\/100\n|turn|13\n|\n|t:|1633866839\n|move|p2a: Arctozolt|Blizzard|p1a: Bisharp\n|-resisted|p1a: Bisharp\n|-damage|p1a: Bisharp|0 fnt\n|faint|p1a: Bisharp\n|\n|-weather|Hail|[upkeep]\n|upkeep\n|\n|t:|1633866842\n|switch|p1a: Rillaboom|Rillaboom, M, shiny|100\/100\n|-damage|p1a: Rillaboom|88\/100|[from] Stealth Rock\n|-fieldstart|move: Grassy Terrain|[from] ability: Grassy Surge|[of] p1a: Rillaboom\n|turn|14\n|\n|t:|1633866847\n|move|p1a: Rillaboom|Grassy Glide|p2a: Arctozolt\n|-damage|p2a: Arctozolt|64\/100\n|-damage|p1a: Rillaboom|78\/100|[from] item: Life Orb\n|move|p2a: Arctozolt|Blizzard|p1a: Rillaboom\n|-supereffective|p1a: Rillaboom\n|-damage|p1a: Rillaboom|0 fnt\n|faint|p1a: Rillaboom\n|\n|-weather|Hail|[upkeep]\n|-heal|p2a: Arctozolt|70\/100|[from] Grassy Terrain\n|upkeep\n|\n|t:|1633866853\n|switch|p1a: Blaziken|Blaziken, M, shiny|95\/100\n|-damage|p1a: Blaziken|82\/100|[from] Stealth Rock\n|turn|15\n|\n|t:|1633866883\n|move|p2a: Arctozolt|Bolt Beak|p1a: Blaziken\n|-damage|p1a: Blaziken|0 fnt\n|faint|p1a: Blaziken\n|\n|win|PokePowerfull\n|raw|legitteambuilder's rating: 1759 &rarr; <strong>1745<\/strong><br \/>(-14 for losing)\n|raw|PokePowerfull's rating: 1875 &rarr; <strong>1889<\/strong><br \/>(+14 for winning)\n|l|\u2606legitteambuilder\n|l|\u2606PokePowerfull\n","uploadtime":1633866977,"views":51,"p1id":"legitteambuilder","p2id":"pokepowerfull","formatid":"gen8ou","rating":1745,"private":0,"password":null}