{"id":"gen8vgc2022-1706957386","p1":"Woheee","p2":"DjSmooke","format":"gen8vgc2022","log":"|j|\u2606Woheee\n|j|\u2606DjSmooke\n|t:|1668036243\n|gametype|doubles\n|player|p1|Woheee|102|\n|player|p2|DjSmooke|dragontamer|\n|teamsize|p1|6\n|teamsize|p2|6\n|gen|8\n|tier|[Gen 8] VGC 2022\n|rule|Species Clause: Limit one of each Pok\u00e9mon\n|rule|Item Clause: Limit one of each item\n|clearpoke\n|poke|p1|Charizard, L50, F|\n|poke|p1|Groudon, L50|\n|poke|p1|Incineroar, L50, F|\n|poke|p1|Grimmsnarl, L50, M|\n|poke|p1|Gastrodon-East, L50, F|\n|poke|p1|Zacian-*, L50|\n|poke|p2|Calyrex-Ice, L50|\n|poke|p2|Reshiram, L50|\n|poke|p2|Incineroar, L50, M|\n|poke|p2|Amoonguss, L50, F|\n|poke|p2|Gastrodon, L50, M|\n|poke|p2|Mimikyu, L50, M|\n|teampreview|4\n|inactive|Battle timer is ON: inactive players will automatically lose when time's up. (requested by DjSmooke)\n|inactiveoff|Battle timer is now OFF.\n|inactive|Battle timer is ON: inactive players will automatically lose when time's up. (requested by DjSmooke)\n|inactive|Woheee has 30 seconds left.\n|inactive|Woheee has 20 seconds left.\n|inactive|Woheee has 15 seconds left.\n|inactive|Woheee has 10 seconds left.\n|inactiveoff|Battle timer is now OFF.\n|\n|t:|1668036395\n|start\n|switch|p1a: Charizard|Charizard, L50, F, shiny|100\/100\n|switch|p1b: Groudon|Groudon, L50|100\/100\n|switch|p2a: Incineroar|Incineroar, L50, M|100\/100\n|switch|p2b: Amoonguss|Amoonguss, L50, F, shiny|100\/100\n|-weather|SunnyDay|[from] ability: Drought|[of] p1b: Groudon\n|-ability|p2a: Incineroar|Intimidate|boost\n|-unboost|p1a: Charizard|atk|1\n|-unboost|p1b: Groudon|atk|1\n|turn|1\n|\n|t:|1668036445\n|switch|p1b: Gastrodon|Gastrodon-East, L50, F|100\/100\n|-start|p1a: Charizard|Dynamax|Gmax\n|-heal|p1a: Charizard|100\/100|[silent]\n|move|p2a: Incineroar|Fake Out|p1a: Charizard\n|-damage|p1a: Charizard|91\/100\n|move|p1a: Charizard|G-Max Wildfire|p2b: Amoonguss\n|-supereffective|p2b: Amoonguss\n|-damage|p2b: Amoonguss|0 fnt\n|-sidestart|p2: DjSmooke|G-Max Wildfire\n|faint|p2b: Amoonguss\n|\n|-weather|SunnyDay|[upkeep]\n|-damage|p1a: Charizard|85\/100|[from] ability: Solar Power|[of] p1a: Charizard\n|upkeep\n|inactive|Battle timer is ON: inactive players will automatically lose when time's up. (requested by DjSmooke)\n|inactiveoff|Battle timer is now OFF.\n|\n|t:|1668036496\n|switch|p2b: Calyrex|Calyrex-Ice, L50|100\/100\n|-ability|p2b: Calyrex|As One\n|-ability|p2b: Calyrex|Unnerve\n|turn|2\n|\n|t:|1668036542\n|move|p2b: Calyrex|Protect|p2b: Calyrex\n|-singleturn|p2b: Calyrex|Protect\n|move|p1a: Charizard|G-Max Wildfire|p2b: Calyrex\n|-supereffective|p2b: Calyrex\n|-zbroken|p2b: Calyrex\n|-damage|p2b: Calyrex|48\/100\n|-enditem|p2b: Calyrex|Weakness Policy\n|-boost|p2b: Calyrex|atk|2|[from] item: Weakness Policy\n|-boost|p2b: Calyrex|spa|2|[from] item: Weakness Policy\n|move|p2a: Incineroar|Parting Shot|p1a: Charizard\n|-unboost|p1a: Charizard|atk|1\n|-unboost|p1a: Charizard|spa|1\n|\n|t:|1668036553\n|switch|p2a: Reshiram|Reshiram, L50, shiny|100\/100|[from]move: Parting Shot\n|-ability|p2a: Reshiram|Turboblaze\n|move|p1b: Gastrodon|Yawn|p2a: Reshiram\n|-start|p2a: Reshiram|move: Yawn|[of] p1b: Gastrodon\n|\n|-weather|SunnyDay|[upkeep]\n|-damage|p1a: Charizard|78\/100|[from] ability: Solar Power|[of] p1a: Charizard\n|-damage|p2b: Calyrex|32\/100|[from] G-Max Wildfire\n|upkeep\n|turn|3\n|\n|t:|1668036621\n|-start|p2a: Reshiram|Dynamax|\n|-heal|p2a: Reshiram|100\/100|[silent]\n|move|p1a: Charizard|G-Max Wildfire|p2b: Calyrex\n|-supereffective|p2b: Calyrex\n|-crit|p2b: Calyrex\n|-damage|p2b: Calyrex|0 fnt\n|faint|p2b: Calyrex\n|move|p2a: Reshiram|Max Wyrmwind|p1a: Charizard\n|-damage|p1a: Charizard|16\/100\n|-unboost|p1a: Charizard|atk|1\n|-unboost|p1b: Gastrodon|atk|1\n|move|p1b: Gastrodon|Ice Beam|p2a: Reshiram\n|-damage|p2a: Reshiram|95\/100\n|\n|-weather|SunnyDay|[upkeep]\n|-damage|p1a: Charizard|10\/100|[from] ability: Solar Power|[of] p1a: Charizard\n|-end|p2a: Reshiram|move: Yawn|[silent]\n|-status|p2a: Reshiram|slp\n|upkeep\n|\n|t:|1668036636\n|switch|p2b: Incineroar|Incineroar, L50, M|100\/100\n|-ability|p2b: Incineroar|Intimidate|boost\n|-unboost|p1a: Charizard|atk|1\n|-unboost|p1b: Gastrodon|atk|1\n|-end|p1a: Charizard|Dynamax\n|-heal|p1a: Charizard|10\/100|[silent]\n|turn|4\n|\n|t:|1668036699\n|switch|p1a: Zacian|Zacian-Crowned, L50|100\/100\n|-ability|p1a: Zacian|Intrepid Sword|boost\n|-boost|p1a: Zacian|atk|1\n|move|p2b: Incineroar|Fake Out|p1a: Zacian\n|-resisted|p1a: Zacian\n|-damage|p1a: Zacian|95\/100\n|cant|p2a: Reshiram|slp\n|move|p1b: Gastrodon|Yawn|p2b: Incineroar\n|-start|p2b: Incineroar|move: Yawn|[of] p1b: Gastrodon\n|\n|-weather|SunnyDay|[upkeep]\n|-sideend|p2: DjSmooke|G-Max Wildfire\n|upkeep\n|turn|5\n|\n|t:|1668036725\n|switch|p1b: Groudon|Groudon, L50|100\/100\n|move|p1a: Zacian|Behemoth Blade|p2a: Reshiram\n|-resisted|p2a: Reshiram\n|-damage|p2a: Reshiram|59\/100 slp\n|cant|p2a: Reshiram|slp\n|move|p2b: Incineroar|Parting Shot|p1a: Zacian\n|-unboost|p1a: Zacian|atk|1\n|-unboost|p1a: Zacian|spa|1\n|\n|-weather|none\n|-end|p2b: Incineroar|move: Yawn|[silent]\n|-status|p2b: Incineroar|slp\n|upkeep\n|-end|p2a: Reshiram|Dynamax\n|-heal|p2a: Reshiram|59\/100 slp|[silent]\n|turn|6\n|inactive|Battle timer is ON: inactive players will automatically lose when time's up. (requested by DjSmooke)\n|\n|t:|1668036780\n|move|p1a: Zacian|Play Rough|p2b: Incineroar|[miss]\n|-miss|p1a: Zacian|p2b: Incineroar\n|-curestatus|p2a: Reshiram|slp|[msg]\n|move|p2a: Reshiram|Heat Wave|p1a: Zacian|[spread] p1a,p1b\n|-supereffective|p1a: Zacian\n|-damage|p1a: Zacian|29\/100\n|-damage|p1b: Groudon|76\/100\n|move|p1b: Groudon|Precipice Blades|p2a: Reshiram|[spread] p2a,p2b\n|-supereffective|p2a: Reshiram\n|-supereffective|p2b: Incineroar\n|-damage|p2a: Reshiram|0 fnt\n|-damage|p2b: Incineroar|3\/100 slp\n|faint|p2a: Reshiram\n|cant|p2b: Incineroar|slp\n|\n|upkeep\n|turn|7\n|-message|DjSmooke forfeited.\n|\n|win|Woheee\n","uploadtime":1668036811,"views":6,"p1id":"woheee","p2id":"djsmooke","formatid":"gen8vgc2022","rating":0,"private":0,"password":null}