{"id":"gen8nationaldex-1575694204","p1":"Willis_Hescock","p2":"Sir Fresh","format":"gen8nationaldex","log":"|j|\u2606Willis_Hescock\n|j|\u2606Sir Fresh\n|t:|1652664089\n|gametype|singles\n|player|p1|Willis_Hescock|hugh|\n|player|p2|Sir Fresh|palmer|\n|teamsize|p1|6\n|teamsize|p2|6\n|gen|8\n|tier|[Gen 8] National Dex\n|rule|HP Percentage Mod: HP is shown in percentages\n|rule|Endless Battle Clause: Forcing endless battles is banned\n|rule|OHKO Clause: OHKO moves are banned\n|rule|Evasion Moves Clause: Evasion moves are banned\n|rule|Species Clause: Limit one of each Pok\u00e9mon\n|rule|Dynamax Clause: You cannot dynamax\n|rule|Sleep Clause Mod: Limit one foe put to sleep\n|clearpoke\n|poke|p1|Celebi|\n|poke|p1|Blissey, F|\n|poke|p1|Typhlosion, M|\n|poke|p1|Hitmontop, M|\n|poke|p1|Scizor, F|\n|poke|p1|Gligar, F|\n|poke|p2|Skarmory, M|\n|poke|p2|Umbreon, M|\n|poke|p2|Feraligatr, M|\n|poke|p2|Gligar, M|\n|poke|p2|Typhlosion, M|\n|poke|p2|Ampharos, F|\n|teampreview\n|inactive|Battle timer is ON: inactive players will automatically lose when time's up. (requested by Willis_Hescock)\n|c|\u2606Sir Fresh|Glhf\n|c|\u2606Willis_Hescock|U2\n|\n|t:|1652664110\n|start\n|switch|p1a: Gligar|Gligar, F|100\/100\n|switch|p2a: Ampharos|Ampharos, F|100\/100\n|turn|1\n|\n|t:|1652664125\n|switch|p2a: Gligar|Gligar, M|100\/100\n|move|p1a: Gligar|Stealth Rock|p2a: Gligar\n|-sidestart|p2: Sir Fresh|move: Stealth Rock\n|\n|upkeep\n|turn|2\n|\n|t:|1652664130\n|move|p1a: Gligar|U-turn|p2a: Gligar\n|-resisted|p2a: Gligar\n|-damage|p2a: Gligar|98\/100\n|\n|t:|1652664141\n|switch|p1a: Hitmontop|Hitmontop, M|100\/100|[from]move: U-turn\n|-ability|p1a: Hitmontop|Intimidate|boost\n|-unboost|p2a: Gligar|atk|1\n|move|p2a: Gligar|Knock Off|p1a: Hitmontop\n|-resisted|p1a: Hitmontop\n|-damage|p1a: Hitmontop|94\/100\n|-enditem|p1a: Hitmontop|Focus Sash|[from] move: Knock Off|[of] p2a: Gligar\n|\n|upkeep\n|turn|3\n|\n|t:|1652664156\n|move|p2a: Gligar|Defog|p1a: Hitmontop\n|-unboost|p1a: Hitmontop|evasion|1\n|-sideend|p2: Sir Fresh|Stealth Rock|[from] move: Defog|[of] p2a: Gligar\n|move|p1a: Hitmontop|Triple Axel|p2a: Gligar\n|-supereffective|p2a: Gligar\n|-damage|p2a: Gligar|84\/100\n|-supereffective|p2a: Gligar\n|-damage|p2a: Gligar|59\/100\n|-supereffective|p2a: Gligar\n|-damage|p2a: Gligar|24\/100\n|-hitcount|p2a: Gligar|3\n|\n|upkeep\n|turn|4\n|\n|t:|1652664170\n|switch|p2a: Skarmory|Skarmory, M|100\/100\n|move|p1a: Hitmontop|Rapid Spin|p2a: Skarmory\n|-resisted|p2a: Skarmory\n|-damage|p2a: Skarmory|95\/100\n|-boost|p1a: Hitmontop|spe|1\n|-damage|p1a: Hitmontop|77\/100|[from] item: Rocky Helmet|[of] p2a: Skarmory\n|\n|upkeep\n|turn|5\n|\n|t:|1652664179\n|switch|p1a: Gligar|Gligar, F|100\/100\n|move|p2a: Skarmory|Toxic|p1a: Gligar\n|-immune|p1a: Gligar|[from] ability: Immunity\n|\n|upkeep\n|turn|6\n|\n|t:|1652664187\n|move|p1a: Gligar|Stealth Rock|p2a: Skarmory\n|-sidestart|p2: Sir Fresh|move: Stealth Rock\n|move|p2a: Skarmory|Iron Defense|p2a: Skarmory\n|-boost|p2a: Skarmory|def|2\n|\n|upkeep\n|turn|7\n|\n|t:|1652664193\n|move|p1a: Gligar|U-turn|p2a: Skarmory\n|-resisted|p2a: Skarmory\n|-damage|p2a: Skarmory|95\/100\n|-damage|p1a: Gligar|84\/100|[from] item: Rocky Helmet|[of] p2a: Skarmory\n|\n|t:|1652664197\n|switch|p1a: Blissey|Blissey, F|100\/100|[from]move: U-turn\n|move|p2a: Skarmory|Body Press|p1a: Blissey\n|-supereffective|p1a: Blissey\n|-damage|p1a: Blissey|0 fnt\n|faint|p1a: Blissey\n|\n|upkeep\n|\n|t:|1652664200\n|switch|p1a: Typhlosion|Typhlosion, M|100\/100\n|turn|8\n|\n|t:|1652664209\n|switch|p2a: Typhlosion|Typhlosion, M|100\/100\n|-damage|p2a: Typhlosion|76\/100|[from] Stealth Rock\n|move|p1a: Typhlosion|Eruption|p2a: Typhlosion\n|-start|p2a: Typhlosion|ability: Flash Fire\n|\n|upkeep\n|turn|9\n|\n|t:|1652664221\n|switch|p1a: Gligar|Gligar, F|84\/100\n|move|p2a: Typhlosion|Focus Blast|p1a: Gligar\n|-resisted|p1a: Gligar\n|-damage|p1a: Gligar|59\/100\n|\n|upkeep\n|turn|10\n|\n|t:|1652664232\n|-end|p2a: Typhlosion|ability: Flash Fire|[silent]\n|switch|p2a: Umbreon|Umbreon, M|100\/100\n|-damage|p2a: Umbreon|88\/100|[from] Stealth Rock\n|move|p1a: Gligar|U-turn|p2a: Umbreon\n|-supereffective|p2a: Umbreon\n|-damage|p2a: Umbreon|68\/100\n|\n|t:|1652664237\n|switch|p1a: Scizor|Scizor, F|100\/100|[from]move: U-turn\n|\n|-heal|p2a: Umbreon|74\/100|[from] item: Leftovers\n|upkeep\n|turn|11\n|\n|t:|1652664248\n|switch|p2a: Skarmory|Skarmory, M|95\/100\n|-damage|p2a: Skarmory|82\/100|[from] Stealth Rock\n|detailschange|p1a: Scizor|Scizor-Mega, F\n|-mega|p1a: Scizor|Scizor|Scizorite\n|move|p1a: Scizor|U-turn|p2a: Skarmory\n|-resisted|p2a: Skarmory\n|-damage|p2a: Skarmory|76\/100\n|-damage|p1a: Scizor|84\/100|[from] item: Rocky Helmet|[of] p2a: Skarmory\n|\n|t:|1652664256\n|switch|p1a: Typhlosion|Typhlosion, M|100\/100|[from]move: U-turn\n|\n|upkeep\n|turn|12\n|\n|t:|1652664268\n|switch|p2a: Typhlosion|Typhlosion, M|76\/100\n|-damage|p2a: Typhlosion|51\/100|[from] Stealth Rock\n|move|p1a: Typhlosion|Focus Blast|p2a: Typhlosion\n|-damage|p2a: Typhlosion|1\/100\n|\n|upkeep\n|turn|13\n|\n|t:|1652664273\n|move|p1a: Typhlosion|Focus Blast|p2a: Typhlosion\n|-damage|p2a: Typhlosion|0 fnt\n|faint|p2a: Typhlosion\n|\n|upkeep\n|\n|t:|1652664280\n|switch|p2a: Ampharos|Ampharos, F|100\/100\n|-damage|p2a: Ampharos|88\/100|[from] Stealth Rock\n|turn|14\n|\n|t:|1652664297\n|switch|p1a: Gligar|Gligar, F|59\/100\n|detailschange|p2a: Ampharos|Ampharos-Mega, F\n|-mega|p2a: Ampharos|Ampharos|Ampharosite\n|-ability|p2a: Ampharos|Mold Breaker\n|move|p2a: Ampharos|Dragon Pulse|p1a: Gligar\n|-damage|p1a: Gligar|1\/100\n|\n|upkeep\n|turn|15\n|\n|t:|1652664305\n|switch|p2a: Gligar|Gligar, M|24\/100\n|-damage|p2a: Gligar|12\/100|[from] Stealth Rock\n|move|p1a: Gligar|Roost|p1a: Gligar\n|-heal|p1a: Gligar|51\/100\n|-singleturn|p1a: Gligar|move: Roost\n|\n|upkeep\n|turn|16\n|\n|t:|1652664309\n|move|p1a: Gligar|U-turn|p2a: Gligar\n|-resisted|p2a: Gligar\n|-damage|p2a: Gligar|9\/100\n|\n|t:|1652664313\n|switch|p1a: Hitmontop|Hitmontop, M|77\/100|[from]move: U-turn\n|-ability|p1a: Hitmontop|Intimidate|boost\n|-unboost|p2a: Gligar|atk|1\n|move|p2a: Gligar|Stealth Rock|p1a: Hitmontop\n|-sidestart|p1: Willis_Hescock|move: Stealth Rock\n|\n|upkeep\n|turn|17\n|\n|t:|1652664322\n|move|p2a: Gligar|Roost|p2a: Gligar\n|-heal|p2a: Gligar|59\/100\n|-singleturn|p2a: Gligar|move: Roost\n|move|p1a: Hitmontop|Rapid Spin|p2a: Gligar\n|-damage|p2a: Gligar|51\/100\n|-boost|p1a: Hitmontop|spe|1\n|-sideend|p1: Willis_Hescock|Stealth Rock|[from] move: Rapid Spin|[of] p1a: Hitmontop\n|\n|upkeep\n|turn|18\n|\n|t:|1652664332\n|switch|p2a: Skarmory|Skarmory, M|76\/100\n|-damage|p2a: Skarmory|64\/100|[from] Stealth Rock\n|move|p1a: Hitmontop|Triple Axel|p2a: Skarmory\n|-damage|p2a: Skarmory|60\/100\n|-damage|p1a: Hitmontop|61\/100|[from] item: Rocky Helmet|[of] p2a: Skarmory\n|-damage|p2a: Skarmory|52\/100\n|-damage|p1a: Hitmontop|44\/100|[from] item: Rocky Helmet|[of] p2a: Skarmory\n|-damage|p2a: Skarmory|41\/100\n|-damage|p1a: Hitmontop|28\/100|[from] item: Rocky Helmet|[of] p2a: Skarmory\n|-hitcount|p2a: Skarmory|3\n|\n|upkeep\n|turn|19\n|\n|t:|1652664340\n|move|p1a: Hitmontop|Close Combat|p2a: Skarmory\n|-damage|p2a: Skarmory|9\/100\n|-unboost|p1a: Hitmontop|def|1\n|-unboost|p1a: Hitmontop|spd|1\n|-damage|p1a: Hitmontop|11\/100|[from] item: Rocky Helmet|[of] p2a: Skarmory\n|move|p2a: Skarmory|Roost|p2a: Skarmory\n|-heal|p2a: Skarmory|59\/100\n|-singleturn|p2a: Skarmory|move: Roost\n|\n|upkeep\n|turn|20\n|\n|t:|1652664359\n|move|p1a: Hitmontop|Close Combat|p2a: Skarmory\n|-damage|p2a: Skarmory|29\/100\n|-unboost|p1a: Hitmontop|def|1\n|-unboost|p1a: Hitmontop|spd|1\n|-damage|p1a: Hitmontop|0 fnt|[from] item: Rocky Helmet|[of] p2a: Skarmory\n|faint|p1a: Hitmontop\n|move|p2a: Skarmory|Roost|p2a: Skarmory\n|-heal|p2a: Skarmory|79\/100\n|-singleturn|p2a: Skarmory|move: Roost\n|\n|upkeep\n|\n|t:|1652664363\n|switch|p1a: Typhlosion|Typhlosion, M|100\/100\n|turn|21\n|\n|t:|1652664375\n|switch|p2a: Gligar|Gligar, M|51\/100\n|-damage|p2a: Gligar|39\/100|[from] Stealth Rock\n|move|p1a: Typhlosion|Eruption|p2a: Gligar\n|-damage|p2a: Gligar|0 fnt\n|faint|p2a: Gligar\n|\n|upkeep\n|\n|t:|1652664388\n|switch|p2a: Ampharos|Ampharos-Mega, F|88\/100\n|-damage|p2a: Ampharos|76\/100|[from] Stealth Rock\n|-ability|p2a: Ampharos|Mold Breaker\n|turn|22\n|\n|t:|1652664394\n|switch|p1a: Gligar|Gligar, F|51\/100\n|move|p2a: Ampharos|Dragon Pulse|p1a: Gligar\n|-damage|p1a: Gligar|0 fnt\n|faint|p1a: Gligar\n|\n|upkeep\n|\n|t:|1652664399\n|switch|p1a: Celebi|Celebi|100\/100\n|turn|23\n|\n|t:|1652664405\n|switch|p2a: Umbreon|Umbreon, M|74\/100\n|-damage|p2a: Umbreon|61\/100|[from] Stealth Rock\n|move|p1a: Celebi|Calm Mind|p1a: Celebi\n|-boost|p1a: Celebi|spa|1\n|-boost|p1a: Celebi|spd|1\n|\n|-heal|p2a: Umbreon|68\/100|[from] item: Leftovers\n|upkeep\n|turn|24\n|\n|t:|1652664410\n|move|p1a: Celebi|Giga Drain|p2a: Umbreon\n|-damage|p2a: Umbreon|32\/100\n|-damage|p1a: Celebi|91\/100|[from] item: Life Orb\n|move|p2a: Umbreon|Foul Play|p1a: Celebi\n|-supereffective|p1a: Celebi\n|-damage|p1a: Celebi|41\/100\n|\n|-heal|p2a: Umbreon|39\/100|[from] item: Leftovers\n|upkeep\n|turn|25\n|\n|t:|1652664420\n|move|p1a: Celebi|Giga Drain|p2a: Umbreon\n|-damage|p2a: Umbreon|7\/100\n|-heal|p1a: Celebi|60\/100|[from] drain|[of] p2a: Umbreon\n|-damage|p1a: Celebi|50\/100|[from] item: Life Orb\n|move|p2a: Umbreon|Foul Play|p1a: Celebi\n|-supereffective|p1a: Celebi\n|-damage|p1a: Celebi|2\/100\n|\n|-heal|p2a: Umbreon|13\/100|[from] item: Leftovers\n|upkeep\n|turn|26\n|\n|t:|1652664431\n|move|p1a: Celebi|Giga Drain|p2a: Umbreon\n|-damage|p2a: Umbreon|0 fnt\n|-heal|p1a: Celebi|9\/100|[from] drain|[of] p2a: Umbreon\n|faint|p2a: Umbreon\n|-damage|p1a: Celebi|0 fnt|[from] item: Life Orb\n|faint|p1a: Celebi\n|\n|upkeep\n|\n|t:|1652664439\n|switch|p1a: Scizor|Scizor-Mega, F|84\/100\n|switch|p2a: Skarmory|Skarmory, M|79\/100\n|-damage|p2a: Skarmory|67\/100|[from] Stealth Rock\n|turn|27\n|\n|t:|1652664447\n|move|p1a: Scizor|Swords Dance|p1a: Scizor\n|-boost|p1a: Scizor|atk|2\n|move|p2a: Skarmory|Roost|p2a: Skarmory\n|-heal|p2a: Skarmory|100\/100\n|-singleturn|p2a: Skarmory|move: Roost\n|\n|upkeep\n|turn|28\n|\n|t:|1652664454\n|move|p1a: Scizor|U-turn|p2a: Skarmory\n|-resisted|p2a: Skarmory\n|-damage|p2a: Skarmory|89\/100\n|-damage|p1a: Scizor|68\/100|[from] item: Rocky Helmet|[of] p2a: Skarmory\n|\n|t:|1652664456\n|switch|p1a: Typhlosion|Typhlosion, M|100\/100|[from]move: U-turn\n|move|p2a: Skarmory|Iron Defense|p2a: Skarmory\n|-boost|p2a: Skarmory|def|2\n|\n|upkeep\n|turn|29\n|\n|t:|1652664461\n|move|p1a: Typhlosion|Eruption|p2a: Skarmory\n|-supereffective|p2a: Skarmory\n|-damage|p2a: Skarmory|0 fnt\n|faint|p2a: Skarmory\n|\n|upkeep\n|\n|t:|1652664465\n|switch|p2a: Ampharos|Ampharos-Mega, F|76\/100\n|-damage|p2a: Ampharos|64\/100|[from] Stealth Rock\n|-ability|p2a: Ampharos|Mold Breaker\n|turn|30\n|\n|t:|1652664469\n|move|p1a: Typhlosion|Eruption|p2a: Ampharos\n|-resisted|p2a: Ampharos\n|-damage|p2a: Ampharos|38\/100\n|move|p2a: Ampharos|Thunderbolt|p1a: Typhlosion\n|-damage|p1a: Typhlosion|23\/100\n|\n|upkeep\n|turn|31\n|\n|t:|1652664474\n|switch|p1a: Scizor|Scizor-Mega, F|68\/100\n|move|p2a: Ampharos|Thunderbolt|p1a: Scizor\n|-damage|p1a: Scizor|0 fnt\n|faint|p1a: Scizor\n|\n|upkeep\n|\n|t:|1652664476\n|switch|p1a: Typhlosion|Typhlosion, M|23\/100\n|turn|32\n|\n|t:|1652664480\n|move|p1a: Typhlosion|Focus Blast|p2a: Ampharos\n|-damage|p2a: Ampharos|7\/100\n|move|p2a: Ampharos|Thunderbolt|p1a: Typhlosion\n|-damage|p1a: Typhlosion|0 fnt\n|faint|p1a: Typhlosion\n|\n|win|Sir Fresh\n|c|\u2606Sir Fresh|Gg\n|c|\u2606Willis_Hescock|Gg\n","uploadtime":1652664490,"views":13,"p1id":"willishescock","p2id":"sirfresh","formatid":"gen8nationaldex","rating":0,"private":0,"password":null}