{"id":"gen8nfe-1684858207","p1":"Unviabriel","p2":"Talonflame","format":"gen8nfe","log":"|j|\u2606Unviabriel\n|j|\u2606Talonflame\n|t:|1665678265\n|gametype|singles\n|player|p1|Unviabriel|shauntal|\n|player|p2|Talonflame|#ut|\n|teamsize|p1|6\n|teamsize|p2|6\n|gen|8\n|tier|[Gen 8] NFE\n|rule|Species Clause: Limit one of each Pok\u00e9mon\n|rule|OHKO Clause: OHKO moves are banned\n|rule|Evasion Moves Clause: Evasion moves are banned\n|rule|Endless Battle Clause: Forcing endless battles is banned\n|rule|Dynamax Clause: You cannot dynamax\n|rule|HP Percentage Mod: HP is shown in percentages\n|rule|Sleep Clause Mod: Limit one foe put to sleep\n|clearpoke\n|poke|p1|Corsola-Galar, M|\n|poke|p1|Roselia, M|\n|poke|p1|Piloswine, M|\n|poke|p1|Morgrem, M|\n|poke|p1|Gurdurr, M|\n|poke|p1|Electabuzz, M|\n|poke|p2|Clefairy, F|\n|poke|p2|Hattrem, F|\n|poke|p2|Wartortle, F|\n|poke|p2|Piloswine, F|\n|poke|p2|Roselia, M|\n|poke|p2|Electabuzz, M|\n|teampreview\n|c|\u2606Talonflame|gl and hf\n|c|\u2606Unviabriel|glhf\n|\n|t:|1665678310\n|start\n|switch|p1a: Gurdurr|Gurdurr, M|100\/100\n|switch|p2a: Electabuzz|Electabuzz, M|100\/100\n|turn|1\n|j| OUTDeeznuts\n|\n|t:|1665678331\n|move|p2a: Electabuzz|Volt Switch|p1a: Gurdurr\n|-damage|p1a: Gurdurr|69\/100\n|\n|t:|1665678336\n|switch|p2a: Roselia|Roselia, M|100\/100|[from]move: Volt Switch\n|move|p1a: Gurdurr|Knock Off|p2a: Roselia\n|-damage|p2a: Roselia|68\/100\n|-status|p1a: Gurdurr|psn|[from] ability: Poison Point|[of] p2a: Roselia\n|-enditem|p2a: Roselia|Eviolite|[from] move: Knock Off|[of] p1a: Gurdurr\n|\n|-damage|p1a: Gurdurr|57\/100 psn|[from] psn\n|upkeep\n|turn|2\n|\n|t:|1665678399\n|switch|p1a: Corsola|Corsola-Galar, M|100\/100\n|move|p2a: Roselia|Spikes|p1a: Corsola\n|-sidestart|p1: Unviabriel|Spikes\n|\n|upkeep\n|turn|3\n|\n|t:|1665678440\n|move|p2a: Roselia|Spikes|p1a: Corsola\n|-sidestart|p1: Unviabriel|Spikes\n|move|p1a: Corsola|Whirlpool|p2a: Roselia\n|-resisted|p2a: Roselia\n|-damage|p2a: Roselia|64\/100\n|-activate|p2a: Roselia|move: Whirlpool|[of] p1a: Corsola\n|\n|-damage|p2a: Roselia|51\/100|[from] move: Whirlpool|[partiallytrapped]\n|upkeep\n|turn|4\n|\n|t:|1665678445\n|move|p2a: Roselia|Synthesis|p2a: Roselia\n|-heal|p2a: Roselia|100\/100\n|move|p1a: Corsola|Night Shade|p2a: Roselia\n|-damage|p2a: Roselia|68\/100\n|\n|-damage|p2a: Roselia|55\/100|[from] move: Whirlpool|[partiallytrapped]\n|upkeep\n|turn|5\n|\n|t:|1665678455\n|move|p2a: Roselia|Sludge Bomb|p1a: Corsola\n|-resisted|p1a: Corsola\n|-damage|p1a: Corsola|89\/100\n|-start|p2a: Roselia|Disable|Sludge Bomb|[from] ability: Cursed Body|[of] p1a: Corsola\n|move|p1a: Corsola|Night Shade|p2a: Roselia\n|-damage|p2a: Roselia|22\/100\n|\n|-damage|p2a: Roselia|10\/100|[from] move: Whirlpool|[partiallytrapped]\n|upkeep\n|turn|6\n|\n|t:|1665678462\n|move|p2a: Roselia|Synthesis|p2a: Roselia\n|-heal|p2a: Roselia|60\/100\n|move|p1a: Corsola|Night Shade|p2a: Roselia\n|-damage|p2a: Roselia|27\/100\n|\n|-damage|p2a: Roselia|14\/100|[from] move: Whirlpool|[partiallytrapped]\n|upkeep\n|turn|7\n|\n|t:|1665678464\n|move|p2a: Roselia|Synthesis|p2a: Roselia\n|-heal|p2a: Roselia|64\/100\n|move|p1a: Corsola|Night Shade|p2a: Roselia\n|-damage|p2a: Roselia|31\/100\n|\n|-damage|p2a: Roselia|19\/100|[from] move: Whirlpool|[partiallytrapped]\n|upkeep\n|turn|8\n|\n|t:|1665678466\n|move|p2a: Roselia|Synthesis|p2a: Roselia\n|-heal|p2a: Roselia|69\/100\n|move|p1a: Corsola|Night Shade|p2a: Roselia\n|-damage|p2a: Roselia|36\/100\n|\n|-end|p2a: Roselia|Whirlpool|[partiallytrapped]\n|-end|p2a: Roselia|Disable\n|upkeep\n|turn|9\n|\n|t:|1665678472\n|switch|p2a: Wartortle|Wartortle, F|100\/100\n|move|p1a: Corsola|Whirlpool|p2a: Wartortle\n|-resisted|p2a: Wartortle\n|-damage|p2a: Wartortle|99\/100\n|-activate|p2a: Wartortle|move: Whirlpool|[of] p1a: Corsola\n|\n|-damage|p2a: Wartortle|86\/100|[from] move: Whirlpool|[partiallytrapped]\n|upkeep\n|turn|10\n|\n|t:|1665678496\n|switch|p1a: Roselia|Roselia, M|100\/100\n|-damage|p1a: Roselia|84\/100|[from] Spikes\n|move|p2a: Wartortle|Flip Turn|p1a: Roselia\n|-resisted|p1a: Roselia\n|-damage|p1a: Roselia|76\/100\n|-status|p2a: Wartortle|psn|[from] ability: Poison Point|[of] p1a: Roselia\n|\n|t:|1665678505\n|switch|p2a: Electabuzz|Electabuzz, M|100\/100|[from]move: Flip Turn\n|\n|upkeep\n|turn|11\n|\n|t:|1665678550\n|move|p2a: Electabuzz|Thief|p1a: Roselia\n|-damage|p1a: Roselia|64\/100\n|-enditem|p1a: Roselia|Eviolite|[silent]|[from] move: Thief|[of] p2a: Electabuzz\n|-item|p2a: Electabuzz|Eviolite|[from] move: Thief|[of] p1a: Roselia\n|move|p1a: Roselia|Synthesis|p1a: Roselia\n|-heal|p1a: Roselia|100\/100\n|\n|upkeep\n|turn|12\n|\n|t:|1665678555\n|move|p2a: Electabuzz|Psychic|p1a: Roselia\n|-supereffective|p1a: Roselia\n|-damage|p1a: Roselia|50\/100\n|move|p1a: Roselia|Sludge Bomb|p2a: Electabuzz\n|-damage|p2a: Electabuzz|70\/100\n|\n|upkeep\n|turn|13\n|\n|t:|1665678572\n|switch|p1a: Piloswine|Piloswine, M|100\/100\n|-damage|p1a: Piloswine|84\/100|[from] Spikes\n|move|p2a: Electabuzz|Volt Switch|p1a: Piloswine\n|-immune|p1a: Piloswine\n|\n|upkeep\n|turn|14\n|\n|t:|1665678591\n|switch|p2a: Hattrem|Hattrem, F|100\/100\n|move|p1a: Piloswine|Earthquake|p2a: Hattrem\n|-damage|p2a: Hattrem|57\/100\n|\n|upkeep\n|turn|15\n|j| Hisuian Zoroark\n|\n|t:|1665678625\n|move|p1a: Piloswine|Earthquake|p2a: Hattrem\n|-damage|p2a: Hattrem|12\/100\n|move|p2a: Hattrem|Rest|p2a: Hattrem\n|-status|p2a: Hattrem|slp|[from] move: Rest\n|-heal|p2a: Hattrem|100\/100 slp|[silent]\n|\n|upkeep\n|turn|16\n|\n|t:|1665678634\n|switch|p2a: Clefairy|Clefairy, F|100\/100\n|move|p1a: Piloswine|Earthquake|p2a: Clefairy\n|-damage|p2a: Clefairy|66\/100\n|\n|upkeep\n|turn|17\n|\n|t:|1665678691\n|move|p1a: Piloswine|Icicle Crash|p2a: Clefairy\n|-damage|p2a: Clefairy|39\/100\n|move|p2a: Clefairy|Soft-Boiled|p2a: Clefairy\n|-heal|p2a: Clefairy|89\/100\n|\n|upkeep\n|turn|18\n|j|&Alpha\n|l| Hisuian Zoroark\n|j| Hisuian Zoroark\n|\n|t:|1665678771\n|switch|p1a: Roselia|Roselia, M|50\/100\n|-damage|p1a: Roselia|33\/100|[from] Spikes\n|move|p2a: Clefairy|Wish|p2a: Clefairy\n|\n|upkeep\n|turn|19\n|\n|t:|1665678787\n|switch|p2a: Electabuzz|Electabuzz, M|70\/100\n|move|p1a: Roselia|Sludge Bomb|p2a: Electabuzz\n|-damage|p2a: Electabuzz|41\/100\n|\n|-heal|p2a: Electabuzz|100\/100|[from] move: Wish|[wisher] Clefairy\n|upkeep\n|turn|20\n|\n|t:|1665678817\n|switch|p1a: Piloswine|Piloswine, M|84\/100\n|-damage|p1a: Piloswine|67\/100|[from] Spikes\n|move|p2a: Electabuzz|Psychic|p1a: Piloswine\n|-damage|p1a: Piloswine|45\/100\n|\n|upkeep\n|turn|21\n|\n|t:|1665678838\n|move|p2a: Electabuzz|Focus Blast|p1a: Piloswine\n|-supereffective|p1a: Piloswine\n|-damage|p1a: Piloswine|0 fnt\n|faint|p1a: Piloswine\n|\n|upkeep\n|c|\u2606Unviabriel|no fucking way\n|c|\u2606Talonflame|?\n|c|\u2606Unviabriel|just expected tbolt i guess idk\n|c|\u2606Unviabriel|gz on the free win\n|c|\u2606Talonflame|sorry for the surprise\n|j| outd nord\n|\n|t:|1665679061\n|switch|p1a: Electabuzz|Electabuzz, M|100\/100\n|turn|22\n|\n|t:|1665679072\n|move|p1a: Electabuzz|Focus Blast|p2a: Electabuzz\n|-damage|p2a: Electabuzz|69\/100\n|move|p2a: Electabuzz|Volt Switch|p1a: Electabuzz\n|-resisted|p1a: Electabuzz\n|-damage|p1a: Electabuzz|78\/100\n|\n|t:|1665679078\n|switch|p2a: Piloswine|Piloswine, F|100\/100|[from]move: Volt Switch\n|\n|upkeep\n|turn|23\n|\n|t:|1665679084\n|move|p1a: Electabuzz|Focus Blast|p2a: Piloswine\n|-supereffective|p2a: Piloswine\n|-damage|p2a: Piloswine|35\/100\n|move|p2a: Piloswine|Earthquake|p1a: Electabuzz\n|-supereffective|p1a: Electabuzz\n|-damage|p1a: Electabuzz|0 fnt\n|faint|p1a: Electabuzz\n|\n|upkeep\n|\n|t:|1665679133\n|switch|p1a: Gurdurr|Gurdurr, M|57\/100 psn\n|-damage|p1a: Gurdurr|40\/100 psn|[from] Spikes\n|turn|24\n|\n|t:|1665679144\n|switch|p2a: Clefairy|Clefairy, F|89\/100\n|move|p1a: Gurdurr|Mach Punch|p2a: Clefairy\n|-resisted|p2a: Clefairy\n|-damage|p2a: Clefairy|78\/100\n|\n|-damage|p1a: Gurdurr|28\/100 psn|[from] psn\n|upkeep\n|turn|25\n|\n|t:|1665679168\n|move|p1a: Gurdurr|Defog|p2a: Clefairy\n|-unboost|p2a: Clefairy|evasion|1\n|-sideend|p1: Unviabriel|Spikes|[from] move: Defog|[of] p1a: Gurdurr\n|move|p2a: Clefairy|Moonblast|p1a: Gurdurr\n|-supereffective|p1a: Gurdurr\n|-damage|p1a: Gurdurr|0 fnt\n|faint|p1a: Gurdurr\n|\n|upkeep\n|\n|t:|1665679177\n|switch|p1a: Roselia|Roselia, M|33\/100\n|turn|26\n|l| outd nord\n|\n|t:|1665679191\n|switch|p2a: Roselia|Roselia, M|36\/100\n|move|p1a: Roselia|Sludge Bomb|p2a: Roselia\n|-damage|p2a: Roselia|0 fnt\n|faint|p2a: Roselia\n|\n|upkeep\n|\n|t:|1665679194\n|switch|p2a: Electabuzz|Electabuzz, M|69\/100\n|turn|27\n|\n|t:|1665679261\n|move|p2a: Electabuzz|Psychic|p1a: Roselia\n|-supereffective|p1a: Roselia\n|-damage|p1a: Roselia|0 fnt\n|faint|p1a: Roselia\n|\n|upkeep\n|\n|t:|1665679286\n|switch|p1a: Morgrem|Morgrem, M|100\/100\n|turn|28\n|\n|t:|1665679292\n|move|p2a: Electabuzz|Volt Switch|p1a: Morgrem\n|-damage|p1a: Morgrem|62\/100\n|\n|t:|1665679295\n|switch|p2a: Clefairy|Clefairy, F|78\/100|[from]move: Volt Switch\n|move|p1a: Morgrem|Nasty Plot|p1a: Morgrem\n|-boost|p1a: Morgrem|spa|2\n|\n|upkeep\n|turn|29\n|\n|t:|1665679343\n|move|p1a: Morgrem|Draining Kiss|p2a: Clefairy\n|-damage|p2a: Clefairy|40\/100\n|-heal|p1a: Morgrem|98\/100|[from] drain|[of] p2a: Clefairy\n|move|p2a: Clefairy|Moonblast|p1a: Morgrem\n|-supereffective|p1a: Morgrem\n|-damage|p1a: Morgrem|43\/100\n|\n|upkeep\n|turn|30\n|\n|t:|1665679351\n|move|p1a: Morgrem|Draining Kiss|p2a: Clefairy\n|-damage|p2a: Clefairy|5\/100\n|-heal|p1a: Morgrem|75\/100|[from] drain|[of] p2a: Clefairy\n|move|p2a: Clefairy|Soft-Boiled|p2a: Clefairy\n|-heal|p2a: Clefairy|55\/100\n|\n|upkeep\n|turn|31\n|\n|t:|1665679375\n|move|p1a: Morgrem|Nasty Plot|p1a: Morgrem\n|-boost|p1a: Morgrem|spa|2\n|move|p2a: Clefairy|Moonblast|p1a: Morgrem\n|-supereffective|p1a: Morgrem\n|-damage|p1a: Morgrem|19\/100\n|-unboost|p1a: Morgrem|spa|1\n|\n|upkeep\n|turn|32\n|c|\u2606Unviabriel|no\n|c|\u2606Unviabriel|no no no no no\n|c|\u2606Unviabriel|are you kidding me\n|j| NamedDude\n|l| NamedDude\n|j| beauts\n|c| beauts|who won g1\n|l| Hisuian Zoroark\n|j| Hisuian Zoroark\n|c|\u2606Talonflame|I did\n|l| beauts\n|\n|t:|1665679528\n|move|p1a: Morgrem|Draining Kiss|p2a: Clefairy\n|-damage|p2a: Clefairy|7\/100\n|-heal|p1a: Morgrem|64\/100|[from] drain|[of] p2a: Clefairy\n|move|p2a: Clefairy|Moonblast|p1a: Morgrem\n|-supereffective|p1a: Morgrem\n|-damage|p1a: Morgrem|5\/100\n|-unboost|p1a: Morgrem|spa|1\n|\n|upkeep\n|turn|33\n|j| beauts\n|c| beauts|:(\n|\n|t:|1665679538\n|move|p1a: Morgrem|Draining Kiss|p2a: Clefairy\n|-damage|p2a: Clefairy|0 fnt\n|-heal|p1a: Morgrem|11\/100|[from] drain|[of] p2a: Clefairy\n|faint|p2a: Clefairy\n|\n|upkeep\n|\n|t:|1665679540\n|switch|p2a: Electabuzz|Electabuzz, M|69\/100\n|turn|34\n|\n|t:|1665679581\n|switch|p1a: Corsola|Corsola-Galar, M|89\/100\n|move|p2a: Electabuzz|Volt Switch|p1a: Corsola\n|-damage|p1a: Corsola|67\/100\n|\n|t:|1665679590\n|switch|p2a: Wartortle|Wartortle, F|86\/100 psn|[from]move: Volt Switch\n|\n|-damage|p2a: Wartortle|74\/100 psn|[from] psn\n|upkeep\n|turn|35\n|l| OUTDeeznuts\n|\n|t:|1665679658\n|switch|p1a: Morgrem|Morgrem, M|11\/100\n|move|p2a: Wartortle|Toxic|p1a: Morgrem\n|-status|p1a: Morgrem|tox\n|\n|-damage|p1a: Morgrem|5\/100 tox|[from] psn\n|-damage|p2a: Wartortle|61\/100 psn|[from] psn\n|upkeep\n|turn|36\n|\n|t:|1665679668\n|switch|p2a: Piloswine|Piloswine, F|35\/100\n|move|p1a: Morgrem|Dark Pulse|p2a: Piloswine\n|-damage|p2a: Piloswine|7\/100\n|\n|-damage|p1a: Morgrem|0 fnt|[from] psn\n|faint|p1a: Morgrem\n|upkeep\n|c|\u2606Unviabriel|man i'm so pissed about that fucking drop\n|\n|t:|1665679681\n|switch|p1a: Corsola|Corsola-Galar, M|67\/100\n|turn|37\n|\n|t:|1665679688\n|move|p2a: Piloswine|Icicle Crash|p1a: Corsola\n|-damage|p1a: Corsola|48\/100\n|move|p1a: Corsola|Night Shade|p2a: Piloswine\n|-damage|p2a: Piloswine|0 fnt\n|faint|p2a: Piloswine\n|\n|upkeep\n|c| beauts|:(\n|c|\u2606Talonflame|I am sorry friend :\/\n|\n|t:|1665679696\n|switch|p2a: Wartortle|Wartortle, F|61\/100 psn\n|turn|38\n|\n|t:|1665679709\n|move|p2a: Wartortle|Toxic|p1a: Corsola\n|-status|p1a: Corsola|tox\n|move|p1a: Corsola|Strength Sap|p2a: Wartortle\n|-unboost|p2a: Wartortle|atk|1\n|-heal|p1a: Corsola|98\/100 tox\n|\n|-damage|p2a: Wartortle|49\/100 psn|[from] psn\n|-damage|p1a: Corsola|92\/100 tox|[from] psn\n|upkeep\n|turn|39\n|\n|t:|1665679715\n|move|p2a: Wartortle|Flip Turn|p1a: Corsola\n|-damage|p1a: Corsola|86\/100 tox\n|\n|t:|1665679718\n|switch|p2a: Hattrem|Hattrem, F|100\/100 slp|[from]move: Flip Turn\n|move|p1a: Corsola|Night Shade|p2a: Hattrem\n|-damage|p2a: Hattrem|69\/100 slp\n|\n|-damage|p1a: Corsola|74\/100 tox|[from] psn\n|upkeep\n|turn|40\n|l|&Alpha\n|\n|t:|1665679724\n|cant|p2a: Hattrem|slp\n|move|p1a: Corsola|Night Shade|p2a: Hattrem\n|-damage|p2a: Hattrem|38\/100 slp\n|\n|-damage|p1a: Corsola|55\/100 tox|[from] psn\n|upkeep\n|turn|41\n|c|\u2606Unviabriel|now i have to fucking play bh goddamn it\n|\n|t:|1665679733\n|cant|p2a: Hattrem|slp\n|move|p1a: Corsola|Night Shade|p2a: Hattrem\n|-damage|p2a: Hattrem|6\/100 slp\n|\n|-damage|p1a: Corsola|30\/100 tox|[from] psn\n|upkeep\n|turn|42\n|c| beauts|night shade crit here\n|\n|t:|1665679738\n|-curestatus|p2a: Hattrem|slp|[msg]\n|move|p2a: Hattrem|Psychic|p1a: Corsola\n|-damage|p1a: Corsola|11\/100 tox\n|move|p1a: Corsola|Night Shade|p2a: Hattrem\n|-damage|p2a: Hattrem|0 fnt\n|faint|p2a: Hattrem\n|\n|-damage|p1a: Corsola|0 fnt|[from] psn\n|faint|p1a: Corsola\n|\n|win|Talonflame\n|upkeep\n|c|\u2606Talonflame|ggs\n","uploadtime":1665679745,"views":28,"p1id":"unviabriel","p2id":"talonflame","formatid":"gen8nfe","rating":0,"private":0,"password":null}