{"id":"gen8ou-1369658060","p1":"blizzardq","p2":"cows123p","format":"gen8ou","log":"|j|\u2606blizzardq\n|j|\u2606cows123p\n|t:|1625286562\n|gametype|singles\n|player|p1|blizzardq|pryce|1391\n|player|p2|cows123p|swimmerf|1470\n|teamsize|p1|6\n|teamsize|p2|6\n|gen|8\n|tier|[Gen 8] OU\n|rated|\n|rule|Sleep Clause Mod: Limit one foe put to sleep\n|rule|Species Clause: Limit one of each Pok\u00e9mon\n|rule|OHKO Clause: OHKO moves are banned\n|rule|Evasion Moves Clause: Evasion moves are banned\n|rule|Endless Battle Clause: Forcing endless battles is banned\n|rule|HP Percentage Mod: HP is shown in percentages\n|rule|Dynamax Clause: You cannot dynamax\n|clearpoke\n|poke|p1|Heatran, M|\n|poke|p1|Landorus-Therian, M|\n|poke|p1|Dragapult, M|\n|poke|p1|Weavile, M|\n|poke|p1|Kartana|\n|poke|p1|Urshifu-*, M|\n|poke|p2|Kartana|\n|poke|p2|Tapu Lele|\n|poke|p2|Corviknight, M|\n|poke|p2|Slowking, F|\n|poke|p2|Nidoking, M|\n|poke|p2|Tyranitar, F|\n|teampreview\n|inactive|Battle timer is ON: inactive players will automatically lose when time's up. (requested by blizzardq)\n|inactive|blizzardq has 120 seconds left.\n|\n|t:|1625286603\n|start\n|switch|p1a: smogon|Landorus-Therian, M|100\/100\n|switch|p2a: Nidoking|Nidoking, M|100\/100\n|-ability|p1a: smogon|Intimidate|boost\n|-unboost|p2a: Nidoking|atk|1\n|turn|1\n|\n|t:|1625286610\n|move|p1a: smogon|Earthquake|p2a: Nidoking\n|-supereffective|p2a: Nidoking\n|-damage|p2a: Nidoking|0 fnt\n|faint|p2a: Nidoking\n|\n|upkeep\n|\n|t:|1625286615\n|switch|p2a: Slowking|Slowking, F|100\/100\n|turn|2\n|\n|t:|1625286620\n|move|p1a: smogon|U-turn|p2a: Slowking\n|-supereffective|p2a: Slowking\n|-damage|p2a: Slowking|46\/100\n|\n|t:|1625286626\n|switch|p1a: surfsup|Urshifu-Rapid-Strike, M|100\/100|[from]move: U-turn\n|move|p2a: Slowking|Scald|p1a: surfsup\n|-resisted|p1a: surfsup\n|-damage|p1a: surfsup|81\/100\n|\n|upkeep\n|turn|3\n|\n|t:|1625286633\n|switch|p2a: Corviknight|Corviknight, M|100\/100\n|-ability|p2a: Corviknight|Pressure\n|move|p1a: surfsup|U-turn|p2a: Corviknight\n|-resisted|p2a: Corviknight\n|-damage|p2a: Corviknight|95\/100\n|-damage|p1a: surfsup|65\/100|[from] item: Rocky Helmet|[of] p2a: Corviknight\n|\n|t:|1625286641\n|switch|p1a: thanos|Heatran, M|100\/100|[from]move: U-turn\n|\n|upkeep\n|turn|4\n|\n|t:|1625286647\n|switch|p2a: Slowking|Slowking, F|79\/100\n|move|p1a: thanos|Toxic|p2a: Slowking\n|-status|p2a: Slowking|tox\n|\n|-damage|p2a: Slowking|73\/100 tox|[from] psn\n|upkeep\n|turn|5\n|\n|t:|1625286655\n|move|p1a: thanos|Magma Storm|p2a: Slowking\n|-resisted|p2a: Slowking\n|-damage|p2a: Slowking|61\/100 tox\n|-activate|p2a: Slowking|move: Magma Storm|[of] p1a: thanos\n|move|p2a: Slowking|Teleport|p2a: Slowking\n|\n|t:|1625286661\n|switch|p2a: Tyranitar|Tyranitar, F|100\/100|[from]move: Teleport\n|-weather|Sandstorm|[from] ability: Sand Stream|[of] p2a: Tyranitar\n|\n|-weather|Sandstorm|[upkeep]\n|upkeep\n|turn|6\n|\n|t:|1625286668\n|switch|p1a: smogon|Landorus-Therian, M|100\/100\n|-ability|p1a: smogon|Intimidate|boost\n|-unboost|p2a: Tyranitar|atk|1\n|move|p2a: Tyranitar|Crunch|p1a: smogon\n|-damage|p1a: smogon|49\/100\n|\n|-weather|Sandstorm|[upkeep]\n|-heal|p1a: smogon|55\/100|[from] item: Leftovers\n|upkeep\n|turn|7\n|\n|t:|1625286677\n|switch|p2a: Corviknight|Corviknight, M|95\/100\n|-ability|p2a: Corviknight|Pressure\n|move|p1a: smogon|Earthquake|p2a: Corviknight\n|-immune|p2a: Corviknight\n|\n|-weather|Sandstorm|[upkeep]\n|-heal|p1a: smogon|61\/100|[from] item: Leftovers\n|upkeep\n|turn|8\n|\n|t:|1625286686\n|move|p1a: smogon|Stealth Rock|p2a: Corviknight\n|-sidestart|p2: cows123p|move: Stealth Rock\n|move|p2a: Corviknight|U-turn|p1a: smogon\n|-resisted|p1a: smogon\n|-damage|p1a: smogon|53\/100\n|\n|t:|1625286694\n|switch|p2a: Tapu Lele|Tapu Lele|100\/100|[from]move: U-turn\n|-damage|p2a: Tapu Lele|88\/100|[from] Stealth Rock\n|-fieldstart|move: Psychic Terrain|[from] ability: Psychic Surge|[of] p2a: Tapu Lele\n|\n|-weather|Sandstorm|[upkeep]\n|-damage|p2a: Tapu Lele|82\/100|[from] Sandstorm\n|-heal|p1a: smogon|59\/100|[from] item: Leftovers\n|upkeep\n|turn|9\n|\n|t:|1625286703\n|switch|p1a: thanos|Heatran, M|100\/100\n|move|p2a: Tapu Lele|Focus Blast|p1a: thanos|[miss]\n|-miss|p2a: Tapu Lele|p1a: thanos\n|\n|-weather|none\n|upkeep\n|turn|10\n|\n|t:|1625286710\n|switch|p1a: yeet|Dragapult, M|100\/100\n|move|p2a: Tapu Lele|Focus Blast|p1a: yeet\n|-immune|p1a: yeet\n|\n|upkeep\n|turn|11\n|\n|t:|1625286717\n|switch|p2a: Corviknight|Corviknight, M|95\/100\n|-damage|p2a: Corviknight|83\/100|[from] Stealth Rock\n|-ability|p2a: Corviknight|Pressure\n|move|p1a: yeet|U-turn|p2a: Corviknight\n|-resisted|p2a: Corviknight\n|-damage|p2a: Corviknight|80\/100\n|-damage|p1a: yeet|84\/100|[from] item: Rocky Helmet|[of] p2a: Corviknight\n|\n|t:|1625286734\n|switch|p1a: surfsup|Urshifu-Rapid-Strike, M|65\/100|[from]move: U-turn\n|\n|upkeep\n|turn|12\n|\n|t:|1625286738\n|move|p1a: surfsup|Close Combat|p2a: Corviknight\n|-damage|p2a: Corviknight|25\/100\n|-unboost|p1a: surfsup|def|1\n|-unboost|p1a: surfsup|spd|1\n|-damage|p1a: surfsup|48\/100|[from] item: Rocky Helmet|[of] p2a: Corviknight\n|move|p2a: Corviknight|Defog|p1a: surfsup\n|-unboost|p1a: surfsup|evasion|1\n|-sideend|p2: cows123p|Stealth Rock|[from] move: Defog|[of] p2a: Corviknight\n|-fieldend|move: Psychic Terrain\n|\n|upkeep\n|turn|13\n|\n|t:|1625286752\n|switch|p2a: Tapu Lele|Tapu Lele|82\/100\n|-fieldstart|move: Psychic Terrain|[from] ability: Psychic Surge|[of] p2a: Tapu Lele\n|move|p1a: surfsup|Close Combat|p2a: Tapu Lele\n|-resisted|p2a: Tapu Lele\n|-crit|p2a: Tapu Lele\n|-damage|p2a: Tapu Lele|29\/100\n|-unboost|p1a: surfsup|def|1\n|-unboost|p1a: surfsup|spd|1\n|\n|upkeep\n|turn|14\n|\n|t:|1625286765\n|move|p1a: surfsup|Close Combat|p2a: Tapu Lele\n|-resisted|p2a: Tapu Lele\n|-damage|p2a: Tapu Lele|0 fnt\n|-unboost|p1a: surfsup|def|1\n|-unboost|p1a: surfsup|spd|1\n|faint|p2a: Tapu Lele\n|\n|upkeep\n|\n|t:|1625286773\n|switch|p2a: Kartana|Kartana|100\/100\n|turn|15\n|\n|t:|1625286777\n|switch|p1a: thanos|Heatran, M|100\/100\n|move|p2a: Kartana|Sacred Sword|p1a: thanos\n|-supereffective|p1a: thanos\n|-damage|p1a: thanos|30\/100\n|\n|-heal|p1a: thanos|36\/100|[from] item: Leftovers\n|upkeep\n|turn|16\n|\n|t:|1625286785\n|switch|p1a: smogon|Landorus-Therian, M|59\/100\n|-ability|p1a: smogon|Intimidate|boost\n|-unboost|p2a: Kartana|atk|1\n|move|p2a: Kartana|Sacred Sword|p1a: smogon\n|-resisted|p1a: smogon\n|-damage|p1a: smogon|43\/100\n|\n|-heal|p1a: smogon|49\/100|[from] item: Leftovers\n|upkeep\n|turn|17\n|\n|t:|1625286794\n|switch|p2a: Corviknight|Corviknight, M|25\/100\n|-ability|p2a: Corviknight|Pressure\n|move|p1a: smogon|U-turn|p2a: Corviknight\n|-resisted|p2a: Corviknight\n|-damage|p2a: Corviknight|21\/100\n|-damage|p1a: smogon|32\/100|[from] item: Rocky Helmet|[of] p2a: Corviknight\n|\n|t:|1625286803\n|switch|p1a: weasel|Weavile, M|100\/100|[from]move: U-turn\n|-ability|p1a: weasel|Pressure\n|\n|-fieldend|move: Psychic Terrain\n|upkeep\n|turn|18\n|\n|t:|1625286809\n|move|p1a: weasel|Knock Off|p2a: Corviknight\n|-damage|p2a: Corviknight|0 fnt\n|-damage|p1a: weasel|84\/100|[from] item: Rocky Helmet|[of] p2a: Corviknight\n|-enditem|p2a: Corviknight|Rocky Helmet|[from] move: Knock Off|[of] p1a: weasel\n|faint|p2a: Corviknight\n|\n|upkeep\n|\n|t:|1625286817\n|switch|p2a: Kartana|Kartana|100\/100\n|turn|19\n|\n|t:|1625286821\n|switch|p1a: smogon|Landorus-Therian, M|32\/100\n|-ability|p1a: smogon|Intimidate|boost\n|-unboost|p2a: Kartana|atk|1\n|move|p2a: Kartana|Sacred Sword|p1a: smogon\n|-resisted|p1a: smogon\n|-damage|p1a: smogon|17\/100\n|\n|-heal|p1a: smogon|23\/100|[from] item: Leftovers\n|upkeep\n|turn|20\n|\n|t:|1625286831\n|move|p2a: Kartana|Sacred Sword|p1a: smogon\n|-resisted|p1a: smogon\n|-damage|p1a: smogon|7\/100\n|move|p1a: smogon|Earthquake|p2a: Kartana\n|-damage|p2a: Kartana|39\/100\n|\n|-heal|p1a: smogon|13\/100|[from] item: Leftovers\n|upkeep\n|turn|21\n|\n|t:|1625286840\n|switch|p1a: yeet|Dragapult, M|84\/100\n|move|p2a: Kartana|Sacred Sword|p1a: yeet\n|-immune|p1a: yeet\n|\n|upkeep\n|turn|22\n|\n|t:|1625286846\n|switch|p2a: Tyranitar|Tyranitar, F|100\/100\n|-weather|Sandstorm|[from] ability: Sand Stream|[of] p2a: Tyranitar\n|move|p1a: yeet|U-turn|p2a: Tyranitar\n|-supereffective|p2a: Tyranitar\n|-damage|p2a: Tyranitar|68\/100\n|\n|t:|1625286853\n|switch|p1a: surfsup|Urshifu-Rapid-Strike, M|48\/100|[from]move: U-turn\n|\n|-weather|Sandstorm|[upkeep]\n|-damage|p1a: surfsup|42\/100|[from] Sandstorm\n|upkeep\n|turn|23\n|\n|t:|1625286859\n|move|p1a: surfsup|Close Combat|p2a: Tyranitar\n|-supereffective|p2a: Tyranitar\n|-damage|p2a: Tyranitar|0 fnt\n|-unboost|p1a: surfsup|def|1\n|-unboost|p1a: surfsup|spd|1\n|faint|p2a: Tyranitar\n|\n|-weather|Sandstorm|[upkeep]\n|-damage|p1a: surfsup|36\/100|[from] Sandstorm\n|upkeep\n|\n|t:|1625286867\n|switch|p2a: Slowking|Slowking, F|94\/100 tox\n|turn|24\n|\n|t:|1625286873\n|switch|p1a: weasel|Weavile, M|84\/100\n|-ability|p1a: weasel|Pressure\n|move|p2a: Slowking|Teleport|p2a: Slowking\n|\n|t:|1625286878\n|switch|p2a: Kartana|Kartana|39\/100|[from]move: Teleport\n|\n|-weather|Sandstorm|[upkeep]\n|-damage|p1a: weasel|78\/100|[from] Sandstorm\n|upkeep\n|turn|25\n|\n|t:|1625286884\n|move|p1a: weasel|Ice Shard|p2a: Kartana\n|-damage|p2a: Kartana|16\/100\n|move|p2a: Kartana|Sacred Sword|p1a: weasel\n|-supereffective|p1a: weasel\n|-damage|p1a: weasel|0 fnt\n|faint|p1a: weasel\n|-ability|p2a: Kartana|Beast Boost|boost\n|-boost|p2a: Kartana|atk|1\n|\n|-weather|Sandstorm|[upkeep]\n|upkeep\n|\n|t:|1625286893\n|switch|p1a: yeet|Dragapult, M|84\/100\n|turn|26\n|\n|t:|1625286897\n|switch|p2a: Slowking|Slowking, F|100\/100 tox\n|move|p1a: yeet|Shadow Ball|p2a: Slowking\n|-supereffective|p2a: Slowking\n|-damage|p2a: Slowking|33\/100 tox\n|\n|-weather|none\n|-damage|p2a: Slowking|27\/100 tox|[from] psn\n|upkeep\n|turn|27\n|\n|t:|1625286905\n|move|p1a: yeet|Shadow Ball|p2a: Slowking\n|-supereffective|p2a: Slowking\n|-damage|p2a: Slowking|0 fnt\n|faint|p2a: Slowking\n|\n|upkeep\n|\n|t:|1625286909\n|switch|p2a: Kartana|Kartana|16\/100\n|turn|28\n|\n|t:|1625286912\n|move|p2a: Kartana|Knock Off|p1a: yeet\n|-supereffective|p1a: yeet\n|-damage|p1a: yeet|0 fnt\n|-enditem|p1a: yeet|Choice Specs|[from] move: Knock Off|[of] p2a: Kartana\n|faint|p1a: yeet\n|-ability|p2a: Kartana|Beast Boost|boost\n|-boost|p2a: Kartana|atk|1\n|\n|upkeep\n|\n|t:|1625286919\n|switch|p1a: katana|Kartana|100\/100\n|turn|29\n|\n|t:|1625286922\n|move|p1a: katana|Sacred Sword|p2a: Kartana\n|-supereffective|p2a: Kartana\n|-damage|p2a: Kartana|0 fnt\n|faint|p2a: Kartana\n|\n|win|blizzardq\n|raw|blizzardq's rating: 1391 &rarr; <strong>1415<\/strong><br \/>(+24 for winning)\n|raw|cows123p's rating: 1470 &rarr; <strong>1446<\/strong><br \/>(-24 for losing)\n|l|\u2606cows123p\n","uploadtime":1625286930,"views":8,"p1id":"blizzardq","p2id":"cows123p","formatid":"gen8ou","rating":1415,"private":0,"password":null}