{"id":"gen8nationaldexag-1683131251","p1":"Rediyu","p2":"Melsar","format":"gen8nationaldexag","log":"|j|\u2606Rediyu\n|j|\u2606Melsar\n|t:|1665500641\n|gametype|singles\n|player|p1|Rediyu|guitarist|\n|player|p2|Melsar|skierf-gen4dp|\n|teamsize|p1|6\n|teamsize|p2|6\n|gen|8\n|tier|[Gen 8] National Dex AG\n|rule|HP Percentage Mod: HP is shown in percentages\n|rule|Endless Battle Clause: Forcing endless battles is banned\n|clearpoke\n|poke|p1|Blaziken, F|\n|poke|p1|Deoxys-Defense|\n|poke|p1|Ferrothorn, F|\n|poke|p1|Hydreigon, F|\n|poke|p1|Smeargle, M|\n|poke|p1|Beedrill, M|\n|poke|p2|Latios, M|\n|poke|p2|Weavile, M|\n|poke|p2|Volcanion|\n|poke|p2|Cobalion|\n|poke|p2|Grimmsnarl, M|\n|poke|p2|Palossand, M|\n|teampreview\n|c|\u2606Melsar|hf\n|c|\u2606Rediyu|u2\n|\n|t:|1665500681\n|start\n|switch|p1a: Beedrill|Beedrill, M|100\/100\n|switch|p2a: Big Chungus|Cobalion|100\/100\n|turn|1\n|\n|t:|1665500689\n|detailschange|p1a: Beedrill|Beedrill-Mega, M\n|-mega|p1a: Beedrill|Beedrill|Beedrillite\n|move|p1a: Beedrill|U-turn|p2a: Big Chungus\n|-resisted|p2a: Big Chungus\n|-damage|p2a: Big Chungus|93\/100\n|-damage|p1a: Beedrill|84\/100|[from] item: Rocky Helmet|[of] p2a: Big Chungus\n|\n|t:|1665500695\n|switch|p1a: Deoxys|Deoxys-Defense|100\/100|[from]move: U-turn\n|-ability|p1a: Deoxys|Pressure\n|move|p2a: Big Chungus|Volt Switch|p1a: Deoxys\n|-damage|p1a: Deoxys|93\/100\n|\n|t:|1665500788\n|switch|p2a: Jett|Latios, M|100\/100|[from]move: Volt Switch\n|\n|upkeep\n|turn|2\n|\n|t:|1665500799\n|move|p2a: Jett|Draco Meteor|p1a: Deoxys\n|-damage|p1a: Deoxys|35\/100\n|-unboost|p2a: Jett|spa|2\n|move|p1a: Deoxys|Toxic|p2a: Jett\n|-status|p2a: Jett|tox\n|\n|-damage|p2a: Jett|95\/100 tox|[from] psn\n|upkeep\n|turn|3\n|\n|t:|1665500814\n|switch|p2a: Scaramouche|Weavile, M|100\/100\n|-ability|p2a: Scaramouche|Pressure\n|move|p1a: Deoxys|Recover|p1a: Deoxys\n|-heal|p1a: Deoxys|85\/100\n|\n|upkeep\n|turn|4\n|\n|t:|1665500836\n|move|p2a: Scaramouche|Knock Off|p1a: Deoxys\n|-supereffective|p1a: Deoxys\n|-enditem|p1a: Deoxys|Colbur Berry|[eat]\n|-enditem|p1a: Deoxys|Colbur Berry|[weaken]\n|-damage|p1a: Deoxys|50\/100\n|move|p1a: Deoxys|Drain Punch|p2a: Scaramouche\n|-supereffective|p2a: Scaramouche\n|-damage|p2a: Scaramouche|19\/100\n|-heal|p1a: Deoxys|89\/100|[from] drain|[of] p2a: Scaramouche\n|\n|upkeep\n|turn|5\n|\n|t:|1665500873\n|switch|p2a: Jett|Latios, M|95\/100 tox\n|move|p1a: Deoxys|Drain Punch|p2a: Jett\n|-resisted|p2a: Jett\n|-crit|p2a: Jett\n|-damage|p2a: Jett|80\/100 tox\n|-heal|p1a: Deoxys|96\/100|[from] drain|[of] p2a: Jett\n|\n|-damage|p2a: Jett|74\/100 tox|[from] psn\n|upkeep\n|turn|6\n|\n|t:|1665500889\n|move|p2a: Jett|Trick|p1a: Deoxys\n|-activate|p2a: Jett|move: Trick|[of] p1a: Deoxys\n|-item|p1a: Deoxys|Choice Specs|[from] move: Trick\n|-enditem|p2a: Jett|Choice Specs|[silent]|[from] move: Trick\n|move|p1a: Deoxys|Teleport|p1a: Deoxys\n|\n|t:|1665500919\n|switch|p1a: Smeargle|Smeargle, M|100\/100|[from]move: Teleport\n|\n|-damage|p2a: Jett|62\/100 tox|[from] psn\n|upkeep\n|turn|7\n|\n|t:|1665500932\n|switch|p2a: Reingeschaut|Volcanion|100\/100\n|move|p1a: Smeargle|Stealth Rock|p2a: Reingeschaut\n|-sidestart|p2: Melsar|move: Stealth Rock\n|\n|upkeep\n|turn|8\n|\n|t:|1665500939\n|switch|p1a: Hydreigon|Hydreigon, F|100\/100\n|move|p2a: Reingeschaut|Flamethrower|p1a: Hydreigon\n|-resisted|p1a: Hydreigon\n|-damage|p1a: Hydreigon|80\/100\n|\n|upkeep\n|turn|9\n|\n|t:|1665500958\n|move|p1a: Hydreigon|Dark Pulse|p2a: Reingeschaut\n|-damage|p2a: Reingeschaut|55\/100\n|move|p2a: Reingeschaut|Focus Blast|p1a: Hydreigon\n|-supereffective|p1a: Hydreigon\n|-damage|p1a: Hydreigon|5\/100\n|\n|upkeep\n|turn|10\n|\n|t:|1665500982\n|switch|p2a: Jigachad|Grimmsnarl, M|100\/100\n|-damage|p2a: Jigachad|88\/100|[from] Stealth Rock\n|move|p1a: Hydreigon|Dark Pulse|p2a: Jigachad\n|-resisted|p2a: Jigachad\n|-damage|p2a: Jigachad|79\/100\n|\n|upkeep\n|turn|11\n|\n|t:|1665500991\n|switch|p1a: Ferrothorn|Ferrothorn, F|100\/100\n|move|p2a: Jigachad|Spirit Break|p1a: Ferrothorn\n|-resisted|p1a: Ferrothorn\n|-damage|p1a: Ferrothorn|92\/100\n|-unboost|p1a: Ferrothorn|spa|1\n|-damage|p2a: Jigachad|67\/100|[from] ability: Iron Barbs|[of] p1a: Ferrothorn\n|\n|upkeep\n|turn|12\n|\n|t:|1665500999\n|switch|p2a: Reingeschaut|Volcanion|55\/100\n|move|p1a: Ferrothorn|Body Press|p2a: Reingeschaut\n|-damage|p2a: Reingeschaut|36\/100\n|\n|upkeep\n|turn|13\n|\n|t:|1665501024\n|switch|p1a: Deoxys|Deoxys-Defense|96\/100\n|-ability|p1a: Deoxys|Pressure\n|move|p2a: Reingeschaut|Steam Eruption|p1a: Deoxys\n|-damage|p1a: Deoxys|71\/100\n|-status|p1a: Deoxys|brn\n|\n|-damage|p1a: Deoxys|65\/100 brn|[from] brn\n|upkeep\n|turn|14\n|\n|t:|1665501031\n|move|p2a: Reingeschaut|Defog|p1a: Deoxys\n|-unboost|p1a: Deoxys|evasion|1\n|-sideend|p2: Melsar|Stealth Rock|[from] move: Defog|[of] p2a: Reingeschaut\n|move|p1a: Deoxys|Teleport|p1a: Deoxys\n|\n|t:|1665501039\n|switch|p1a: Hydreigon|Hydreigon, F|5\/100|[from]move: Teleport\n|\n|upkeep\n|turn|15\n|\n|t:|1665501046\n|switch|p2a: Big Chungus|Cobalion|93\/100\n|move|p1a: Hydreigon|Dark Pulse|p2a: Big Chungus\n|-resisted|p2a: Big Chungus\n|-damage|p2a: Big Chungus|68\/100\n|-ability|p2a: Big Chungus|Justified|boost\n|-boost|p2a: Big Chungus|atk|1\n|\n|upkeep\n|turn|16\n|\n|t:|1665501080\n|switch|p1a: Deoxys|Deoxys-Defense|65\/100 brn\n|-ability|p1a: Deoxys|Pressure\n|move|p2a: Big Chungus|Iron Head|p1a: Deoxys\n|-damage|p1a: Deoxys|36\/100 brn\n|\n|-damage|p1a: Deoxys|31\/100 brn|[from] brn\n|upkeep\n|turn|17\n|\n|t:|1665501088\n|move|p2a: Big Chungus|Iron Head|p1a: Deoxys\n|-damage|p1a: Deoxys|2\/100 brn\n|move|p1a: Deoxys|Teleport|p1a: Deoxys\n|\n|t:|1665501098\n|switch|p1a: Hydreigon|Hydreigon, F|5\/100|[from]move: Teleport\n|\n|upkeep\n|turn|18\n|\n|t:|1665501107\n|switch|p2a: Jigachad|Grimmsnarl, M|67\/100\n|move|p1a: Hydreigon|Dark Pulse|p2a: Jigachad\n|-resisted|p2a: Jigachad\n|-damage|p2a: Jigachad|58\/100\n|\n|upkeep\n|turn|19\n|\n|t:|1665501132\n|switch|p1a: Ferrothorn|Ferrothorn, F|92\/100\n|move|p2a: Jigachad|Reflect|p2a: Jigachad\n|-sidestart|p2: Melsar|Reflect\n|\n|upkeep\n|turn|20\n|\n|t:|1665501137\n|switch|p2a: Reingeschaut|Volcanion|36\/100\n|move|p1a: Ferrothorn|Stealth Rock|p2a: Reingeschaut\n|-sidestart|p2: Melsar|move: Stealth Rock\n|\n|upkeep\n|turn|21\n|\n|t:|1665501157\n|switch|p1a: Deoxys|Deoxys-Defense|2\/100 brn\n|-ability|p1a: Deoxys|Pressure\n|move|p2a: Reingeschaut|Defog|p1a: Deoxys\n|-unboost|p1a: Deoxys|evasion|1\n|-sideend|p2: Melsar|Stealth Rock|[from] move: Defog|[of] p2a: Reingeschaut\n|\n|-damage|p1a: Deoxys|0 fnt|[from] brn\n|faint|p1a: Deoxys\n|upkeep\n|\n|t:|1665501162\n|switch|p1a: Hydreigon|Hydreigon, F|5\/100\n|turn|22\n|\n|t:|1665501170\n|switch|p2a: Jigachad|Grimmsnarl, M|58\/100\n|move|p1a: Hydreigon|Flash Cannon|p2a: Jigachad\n|-supereffective|p2a: Jigachad\n|-damage|p2a: Jigachad|10\/100\n|\n|upkeep\n|turn|23\n|\n|t:|1665501174\n|move|p2a: Jigachad|Light Screen|p2a: Jigachad\n|-sidestart|p2: Melsar|move: Light Screen\n|move|p1a: Hydreigon|Flash Cannon|p2a: Jigachad\n|-supereffective|p2a: Jigachad\n|-damage|p2a: Jigachad|0 fnt\n|faint|p2a: Jigachad\n|\n|upkeep\n|\n|t:|1665501192\n|switch|p2a: Scaramouche|Weavile, M|19\/100\n|-ability|p2a: Scaramouche|Pressure\n|turn|24\n|\n|t:|1665501196\n|switch|p1a: Ferrothorn|Ferrothorn, F|92\/100\n|move|p2a: Scaramouche|Ice Shard|p1a: Ferrothorn\n|-damage|p1a: Ferrothorn|81\/100\n|\n|upkeep\n|turn|25\n|\n|t:|1665501200\n|switch|p2a: Reingeschaut|Volcanion|36\/100\n|move|p1a: Ferrothorn|Stealth Rock|p2a: Reingeschaut\n|-sidestart|p2: Melsar|move: Stealth Rock\n|\n|upkeep\n|turn|26\n|\n|t:|1665501217\n|switch|p1a: Smeargle|Smeargle, M|100\/100\n|move|p2a: Reingeschaut|Flamethrower|p1a: Smeargle\n|-damage|p1a: Smeargle|0 fnt\n|faint|p1a: Smeargle\n|\n|-sideend|p2: Melsar|Reflect\n|upkeep\n|\n|t:|1665501230\n|switch|p1a: Beedrill|Beedrill-Mega, M|84\/100\n|turn|27\n|\n|t:|1665501234\n|switch|p2a: Big Chungus|Cobalion|68\/100\n|-damage|p2a: Big Chungus|65\/100|[from] Stealth Rock\n|move|p1a: Beedrill|Drill Run|p2a: Big Chungus\n|-supereffective|p2a: Big Chungus\n|-damage|p2a: Big Chungus|31\/100\n|-damage|p1a: Beedrill|67\/100|[from] item: Rocky Helmet|[of] p2a: Big Chungus\n|\n|upkeep\n|turn|28\n|\n|t:|1665501241\n|move|p1a: Beedrill|Drill Run|p2a: Big Chungus\n|-supereffective|p2a: Big Chungus\n|-damage|p2a: Big Chungus|0 fnt\n|-damage|p1a: Beedrill|51\/100|[from] item: Rocky Helmet|[of] p2a: Big Chungus\n|faint|p2a: Big Chungus\n|\n|upkeep\n|\n|t:|1665501248\n|switch|p2a: Fortnite|Palossand, M|100\/100\n|-damage|p2a: Fortnite|94\/100|[from] Stealth Rock\n|turn|29\n|\n|t:|1665501256\n|move|p1a: Beedrill|U-turn|p2a: Fortnite\n|-resisted|p2a: Fortnite\n|-damage|p2a: Fortnite|79\/100\n|-damage|p1a: Beedrill|34\/100|[from] item: Rocky Helmet|[of] p2a: Fortnite\n|\n|t:|1665501271\n|switch|p1a: Hydreigon|Hydreigon, F|5\/100|[from]move: U-turn\n|move|p2a: Fortnite|Stealth Rock|p1a: Hydreigon\n|-sidestart|p1: Rediyu|move: Stealth Rock\n|\n|upkeep\n|turn|30\n|\n|t:|1665501280\n|move|p1a: Hydreigon|Dark Pulse|p2a: Fortnite\n|-supereffective|p2a: Fortnite\n|-damage|p2a: Fortnite|29\/100\n|move|p2a: Fortnite|Shadow Ball|p1a: Hydreigon\n|-resisted|p1a: Hydreigon\n|-damage|p1a: Hydreigon|0 fnt\n|faint|p1a: Hydreigon\n|\n|-sideend|p2: Melsar|move: Light Screen\n|upkeep\n|\n|t:|1665501285\n|switch|p1a: Blaziken|Blaziken, F|100\/100\n|-damage|p1a: Blaziken|88\/100|[from] Stealth Rock\n|turn|31\n|\n|t:|1665501293\n|move|p1a: Blaziken|Flare Blitz|p2a: Fortnite\n|-damage|p2a: Fortnite|0 fnt\n|-damage|p1a: Blaziken|72\/100|[from] item: Rocky Helmet|[of] p2a: Fortnite\n|faint|p2a: Fortnite\n|-damage|p1a: Blaziken|60\/100|[from] Recoil\n|\n|-ability|p1a: Blaziken|Speed Boost|boost\n|-boost|p1a: Blaziken|spe|1\n|upkeep\n|\n|t:|1665501301\n|switch|p2a: Jett|Latios, M|62\/100 tox\n|-damage|p2a: Jett|50\/100 tox|[from] Stealth Rock\n|turn|32\n|\n|t:|1665501304\n|move|p1a: Blaziken|Protect|p1a: Blaziken\n|-singleturn|p1a: Blaziken|Protect\n|move|p2a: Jett|Psychic|p1a: Blaziken\n|-activate|p1a: Blaziken|move: Protect\n|\n|-damage|p2a: Jett|44\/100 tox|[from] psn\n|-ability|p1a: Blaziken|Speed Boost|boost\n|-boost|p1a: Blaziken|spe|1\n|upkeep\n|turn|33\n|\n|t:|1665501340\n|switch|p1a: Ferrothorn|Ferrothorn, F|81\/100\n|-damage|p1a: Ferrothorn|75\/100|[from] Stealth Rock\n|move|p2a: Jett|Psychic|p1a: Ferrothorn\n|-resisted|p1a: Ferrothorn\n|-damage|p1a: Ferrothorn|55\/100\n|\n|-damage|p2a: Jett|32\/100 tox|[from] psn\n|upkeep\n|turn|34\n|\n|t:|1665501343\n|move|p2a: Jett|Mystical Fire|p1a: Ferrothorn\n|-supereffective|p1a: Ferrothorn\n|-enditem|p1a: Ferrothorn|Occa Berry|[eat]\n|-enditem|p1a: Ferrothorn|Occa Berry|[weaken]\n|-damage|p1a: Ferrothorn|14\/100\n|-unboost|p1a: Ferrothorn|spa|1\n|move|p1a: Ferrothorn|Body Press|p2a: Jett\n|-resisted|p2a: Jett\n|-damage|p2a: Jett|12\/100 tox\n|\n|-damage|p2a: Jett|0 fnt|[from] psn\n|faint|p2a: Jett\n|upkeep\n|\n|t:|1665501349\n|switch|p2a: Reingeschaut|Volcanion|36\/100\n|turn|35\n|\n|t:|1665501354\n|move|p2a: Reingeschaut|Defog|p1a: Ferrothorn\n|-unboost|p1a: Ferrothorn|evasion|1\n|-sideend|p1: Rediyu|Stealth Rock|[from] move: Defog|[of] p2a: Reingeschaut\n|-sideend|p2: Melsar|Stealth Rock|[from] move: Defog|[of] p2a: Reingeschaut\n|move|p1a: Ferrothorn|Body Press|p2a: Reingeschaut\n|-damage|p2a: Reingeschaut|17\/100\n|\n|upkeep\n|turn|36\n|\n|t:|1665501364\n|move|p2a: Reingeschaut|Steam Eruption|p1a: Ferrothorn\n|-resisted|p1a: Ferrothorn\n|-damage|p1a: Ferrothorn|0 fnt\n|faint|p1a: Ferrothorn\n|\n|upkeep\n|\n|t:|1665501365\n|switch|p1a: Blaziken|Blaziken, F|60\/100\n|turn|37\n|\n|t:|1665501367\n|move|p1a: Blaziken|Protect|p1a: Blaziken\n|-singleturn|p1a: Blaziken|Protect\n|move|p2a: Reingeschaut|Steam Eruption|p1a: Blaziken\n|-activate|p1a: Blaziken|move: Protect\n|\n|-ability|p1a: Blaziken|Speed Boost|boost\n|-boost|p1a: Blaziken|spe|1\n|upkeep\n|turn|38\n|\n|t:|1665501371\n|move|p1a: Blaziken|Close Combat|p2a: Reingeschaut\n|-damage|p2a: Reingeschaut|0 fnt\n|-unboost|p1a: Blaziken|def|1\n|-unboost|p1a: Blaziken|spd|1\n|faint|p2a: Reingeschaut\n|\n|-ability|p1a: Blaziken|Speed Boost|boost\n|-boost|p1a: Blaziken|spe|1\n|upkeep\n|\n|t:|1665501373\n|switch|p2a: Scaramouche|Weavile, M|19\/100\n|-ability|p2a: Scaramouche|Pressure\n|turn|39\n|\n|t:|1665501375\n|move|p2a: Scaramouche|Ice Shard|p1a: Blaziken\n|-resisted|p1a: Blaziken\n|-damage|p1a: Blaziken|40\/100\n|move|p1a: Blaziken|Close Combat|p2a: Scaramouche\n|-supereffective|p2a: Scaramouche\n|-damage|p2a: Scaramouche|0 fnt\n|-unboost|p1a: Blaziken|def|1\n|-unboost|p1a: Blaziken|spd|1\n|faint|p2a: Scaramouche\n|\n|win|Rediyu\n|c|\u2606Rediyu|gg\n|c|\u2606Melsar|gg\n","uploadtime":1665501382,"views":14,"p1id":"rediyu","p2id":"melsar","formatid":"gen8nationaldexag","rating":0,"private":0,"password":null}