{"id":"gen8zu-1361608070","p1":"wsdfg","p2":"Pain lncarnate\u2764\ufe0f","format":"gen8zu","log":"|j|\u2606wsdfg\n|j|\u2606Pain lncarnate\u2764\ufe0f\n|t:|1624119099\n|gametype|singles\n|player|p1|wsdfg|burglar|1292\n|player|p2|Pain lncarnate\u2764\ufe0f|burnet|1196\n|teamsize|p1|6\n|teamsize|p2|6\n|gen|8\n|tier|[Gen 8] ZU\n|rated|\n|rule|Sleep Clause Mod: Limit one foe put to sleep\n|rule|Species Clause: Limit one of each Pok\u00e9mon\n|rule|OHKO Clause: OHKO moves are banned\n|rule|Evasion Moves Clause: Evasion moves are banned\n|rule|Endless Battle Clause: Forcing endless battles is banned\n|rule|HP Percentage Mod: HP is shown in percentages\n|rule|Dynamax Clause: You cannot dynamax\n|clearpoke\n|poke|p1|Ferroseed, F|\n|poke|p1|Kangaskhan, F|\n|poke|p1|Manectric, M|\n|poke|p1|Garbodor, F|\n|poke|p1|Articuno|\n|poke|p1|Silvally-*|\n|poke|p2|Thwackey, M|\n|poke|p2|Klinklang|\n|poke|p2|Corsola-Galar, F|\n|poke|p2|Gurdurr, F|\n|poke|p2|Bouffalant, F|\n|poke|p2|Frosmoth, M|\n|teampreview\n|\n|t:|1624119151\n|start\n|switch|p1a: Manectric|Manectric, M|100\/100\n|switch|p2a: Gurdurr|Gurdurr, F|100\/100\n|turn|1\n|\n|t:|1624119183\n|move|p1a: Manectric|Volt Switch|p2a: Gurdurr\n|-damage|p2a: Gurdurr|69\/100\n|\n|t:|1624119186\n|switch|p1a: Garbodor|Garbodor, F|100\/100|[from]move: Volt Switch\n|move|p2a: Gurdurr|Knock Off|p1a: Garbodor\n|-crit|p1a: Garbodor\n|-damage|p1a: Garbodor|68\/100\n|-damage|p2a: Gurdurr|52\/100|[from] item: Rocky Helmet|[of] p1a: Garbodor\n|-enditem|p1a: Garbodor|Rocky Helmet|[from] move: Knock Off|[of] p2a: Gurdurr\n|\n|upkeep\n|turn|2\n|\n|t:|1624119199\n|switch|p2a: Corsola|Corsola-Galar, F|100\/100\n|move|p1a: Garbodor|Drain Punch|p2a: Corsola\n|-immune|p2a: Corsola\n|\n|upkeep\n|turn|3\n|\n|t:|1624119207\n|switch|p1a: Ferroseed|Ferroseed, F|100\/100\n|move|p2a: Corsola|Stealth Rock|p1a: Ferroseed\n|-sidestart|p1: wsdfg|move: Stealth Rock\n|\n|upkeep\n|turn|4\n|\n|t:|1624119210\n|move|p2a: Corsola|Will-O-Wisp|p1a: Ferroseed\n|-status|p1a: Ferroseed|brn\n|move|p1a: Ferroseed|Stealth Rock|p2a: Corsola\n|-sidestart|p2: Pain lncarnate\u2764\ufe0f|move: Stealth Rock\n|\n|-damage|p1a: Ferroseed|94\/100 brn|[from] brn\n|upkeep\n|turn|5\n|\n|t:|1624119223\n|switch|p2a: Thwackey|Thwackey, M|100\/100\n|-damage|p2a: Thwackey|88\/100|[from] Stealth Rock\n|-fieldstart|move: Grassy Terrain|[from] ability: Grassy Surge|[of] p2a: Thwackey\n|move|p1a: Ferroseed|Spikes|p2a: Thwackey\n|-sidestart|p2: Pain lncarnate\u2764\ufe0f|Spikes\n|\n|-heal|p2a: Thwackey|94\/100|[from] Grassy Terrain\n|-heal|p1a: Ferroseed|100\/100 brn|[from] Grassy Terrain\n|-damage|p1a: Ferroseed|94\/100 brn|[from] brn\n|upkeep\n|turn|6\n|\n|t:|1624119229\n|switch|p1a: Garbodor|Garbodor, F|68\/100\n|-damage|p1a: Garbodor|55\/100|[from] Stealth Rock\n|move|p2a: Thwackey|Knock Off|p1a: Garbodor\n|-damage|p1a: Garbodor|33\/100\n|\n|-heal|p2a: Thwackey|99\/100|[from] Grassy Terrain\n|-heal|p1a: Garbodor|39\/100|[from] Grassy Terrain\n|upkeep\n|turn|7\n|\n|t:|1624119241\n|switch|p2a: Corsola|Corsola-Galar, F|100\/100\n|-damage|p2a: Corsola|88\/100|[from] Stealth Rock\n|-damage|p2a: Corsola|76\/100|[from] Spikes\n|move|p1a: Garbodor|Gunk Shot|p2a: Corsola\n|-resisted|p2a: Corsola\n|-damage|p2a: Corsola|63\/100\n|\n|-heal|p1a: Garbodor|45\/100|[from] Grassy Terrain\n|-heal|p2a: Corsola|69\/100|[from] Grassy Terrain\n|upkeep\n|turn|8\n|\n|t:|1624119249\n|switch|p1a: Ferroseed|Ferroseed, F|94\/100 brn\n|-damage|p1a: Ferroseed|88\/100 brn|[from] Stealth Rock\n|move|p2a: Corsola|Night Shade|p1a: Ferroseed\n|-damage|p1a: Ferroseed|54\/100 brn\n|\n|-heal|p2a: Corsola|75\/100|[from] Grassy Terrain\n|-heal|p1a: Ferroseed|60\/100 brn|[from] Grassy Terrain\n|-damage|p1a: Ferroseed|54\/100 brn|[from] brn\n|upkeep\n|turn|9\n|\n|t:|1624119254\n|move|p2a: Corsola|Night Shade|p1a: Ferroseed\n|-damage|p1a: Ferroseed|20\/100 brn\n|move|p1a: Ferroseed|Spikes|p2a: Corsola\n|-sidestart|p2: Pain lncarnate\u2764\ufe0f|Spikes\n|\n|-heal|p2a: Corsola|81\/100|[from] Grassy Terrain\n|-heal|p1a: Ferroseed|26\/100 brn|[from] Grassy Terrain\n|-damage|p1a: Ferroseed|20\/100 brn|[from] brn\n|-fieldend|move: Grassy Terrain\n|upkeep\n|turn|10\n|\n|t:|1624119264\n|move|p2a: Corsola|Night Shade|p1a: Ferroseed\n|-damage|p1a: Ferroseed|0 fnt\n|faint|p1a: Ferroseed\n|\n|upkeep\n|\n|t:|1624119266\n|switch|p1a: Manectric|Manectric, M|100\/100\n|-damage|p1a: Manectric|88\/100|[from] Stealth Rock\n|turn|11\n|\n|t:|1624119273\n|move|p1a: Manectric|Switcheroo|p2a: Corsola\n|-activate|p1a: Manectric|move: Trick|[of] p2a: Corsola\n|-item|p2a: Corsola|Choice Scarf|[from] move: Switcheroo\n|-item|p1a: Manectric|Eviolite|[from] move: Switcheroo\n|move|p2a: Corsola|Night Shade|p1a: Manectric\n|-damage|p1a: Manectric|52\/100\n|\n|upkeep\n|turn|12\n|\n|t:|1624119282\n|move|p1a: Manectric|Volt Switch|p2a: Corsola\n|-damage|p2a: Corsola|59\/100\n|\n|t:|1624119285\n|switch|p1a: Kangaskhan|Kangaskhan, F|100\/100|[from]move: Volt Switch\n|-damage|p1a: Kangaskhan|88\/100|[from] Stealth Rock\n|move|p2a: Corsola|Night Shade|p1a: Kangaskhan\n|-immune|p1a: Kangaskhan\n|\n|upkeep\n|turn|13\n|\n|t:|1624119293\n|switch|p2a: Bouffalant|Bouffalant, F|100\/100\n|-damage|p2a: Bouffalant|88\/100|[from] Stealth Rock\n|-damage|p2a: Bouffalant|72\/100|[from] Spikes\n|move|p1a: Kangaskhan|Earthquake|p2a: Bouffalant\n|-damage|p2a: Bouffalant|48\/100\n|\n|upkeep\n|turn|14\n|\n|t:|1624119299\n|move|p1a: Kangaskhan|Double-Edge|p2a: Bouffalant\n|-damage|p2a: Bouffalant|1\/100\n|-damage|p1a: Kangaskhan|71\/100|[from] Recoil\n|move|p2a: Bouffalant|Close Combat|p1a: Kangaskhan\n|-supereffective|p1a: Kangaskhan\n|-damage|p1a: Kangaskhan|0 fnt\n|-unboost|p2a: Bouffalant|def|1\n|-unboost|p2a: Bouffalant|spd|1\n|faint|p1a: Kangaskhan\n|\n|upkeep\n|\n|t:|1624119306\n|switch|p1a: Manectric|Manectric, M|52\/100\n|-damage|p1a: Manectric|40\/100|[from] Stealth Rock\n|turn|15\n|\n|t:|1624119312\n|move|p1a: Manectric|Volt Switch|p2a: Bouffalant\n|-damage|p2a: Bouffalant|0 fnt\n|faint|p2a: Bouffalant\n|\n|t:|1624119316\n|switch|p1a: Garbodor|Garbodor, F|45\/100|[from]move: Volt Switch\n|-damage|p1a: Garbodor|33\/100|[from] Stealth Rock\n|\n|upkeep\n|\n|t:|1624119319\n|switch|p2a: Gurdurr|Gurdurr, F|52\/100\n|-damage|p2a: Gurdurr|36\/100|[from] Spikes\n|-damage|p2a: Gurdurr|30\/100|[from] Stealth Rock\n|turn|16\n|\n|t:|1624119321\n|move|p1a: Garbodor|Gunk Shot|p2a: Gurdurr|[miss]\n|-miss|p1a: Garbodor|p2a: Gurdurr\n|move|p2a: Gurdurr|Defog|p1a: Garbodor\n|-unboost|p1a: Garbodor|evasion|1\n|-sideend|p1: wsdfg|Stealth Rock|[from] move: Defog|[of] p2a: Gurdurr\n|-sideend|p2: Pain lncarnate\u2764\ufe0f|Spikes|[from] move: Defog|[of] p2a: Gurdurr\n|-sideend|p2: Pain lncarnate\u2764\ufe0f|Stealth Rock|[from] move: Defog|[of] p2a: Gurdurr\n|\n|upkeep\n|turn|17\n|\n|t:|1624119329\n|switch|p2a: Klinklang|Klinklang|100\/100\n|move|p1a: Garbodor|Toxic Spikes|p2a: Klinklang\n|-sidestart|p2: Pain lncarnate\u2764\ufe0f|move: Toxic Spikes\n|\n|upkeep\n|turn|18\n|\n|t:|1624119331\n|move|p2a: Klinklang|Shift Gear|p2a: Klinklang\n|-boost|p2a: Klinklang|spe|2\n|-boost|p2a: Klinklang|atk|1\n|move|p1a: Garbodor|Drain Punch|p2a: Klinklang\n|-supereffective|p2a: Klinklang\n|-damage|p2a: Klinklang|70\/100\n|-heal|p1a: Garbodor|46\/100|[from] drain|[of] p2a: Klinklang\n|\n|-heal|p2a: Klinklang|76\/100|[from] item: Leftovers\n|upkeep\n|turn|19\n|\n|t:|1624119336\n|move|p2a: Klinklang|Shift Gear|p2a: Klinklang\n|-boost|p2a: Klinklang|spe|2\n|-boost|p2a: Klinklang|atk|1\n|move|p1a: Garbodor|Drain Punch|p2a: Klinklang\n|-supereffective|p2a: Klinklang\n|-damage|p2a: Klinklang|47\/100\n|-heal|p1a: Garbodor|59\/100|[from] drain|[of] p2a: Klinklang\n|\n|-heal|p2a: Klinklang|54\/100|[from] item: Leftovers\n|upkeep\n|turn|20\n|\n|t:|1624119341\n|move|p2a: Klinklang|Gear Grind|p1a: Garbodor\n|-damage|p1a: Garbodor|22\/100\n|-damage|p1a: Garbodor|0 fnt\n|-damage|p2a: Klinklang|29\/100|[from] ability: Aftermath|[of] p1a: Garbodor\n|faint|p1a: Garbodor\n|-hitcount|p1: Garbodor|2\n|\n|-heal|p2a: Klinklang|35\/100|[from] item: Leftovers\n|upkeep\n|\n|t:|1624119344\n|switch|p1a: Silvally|Silvally-Ground|100\/100\n|turn|21\n|\n|t:|1624119350\n|move|p2a: Klinklang|Gear Grind|p1a: Silvally\n|-damage|p1a: Silvally|45\/100\n|-damage|p1a: Silvally|0 fnt\n|faint|p1a: Silvally\n|-hitcount|p1: Silvally|2\n|\n|-heal|p2a: Klinklang|41\/100|[from] item: Leftovers\n|upkeep\n|-message|wsdfg forfeited.\n|\n|win|Pain lncarnate\u2764\ufe0f\n|raw|wsdfg's rating: 1292 &rarr; <strong>1260<\/strong><br \/>(-32 for losing)\n|raw|Pain lncarnate\u2764\ufe0f's rating: 1196 &rarr; <strong>1228<\/strong><br \/>(+32 for winning)\n|l|\u2606wsdfg\n","uploadtime":1624119363,"views":10,"p1id":"wsdfg","p2id":"painlncarnate","formatid":"gen8zu","rating":1228,"private":0,"password":null}