{"id":"gen8ou-1681221091","p1":"BigDaddyRaven","p2":"HQSTest","format":"gen8ou","log":"|j|\u2606BigDaddyRaven\n|j|\u2606HQSTest\n|t:|1665283405\n|gametype|singles\n|player|p1|BigDaddyRaven|giovanni|1549\n|player|p2|HQSTest|veteranf|1620\n|teamsize|p1|6\n|teamsize|p2|6\n|gen|8\n|tier|[Gen 8] OU\n|rated|\n|rule|Sleep Clause Mod: Limit one foe put to sleep\n|rule|Species Clause: Limit one of each Pok\u00e9mon\n|rule|OHKO Clause: OHKO moves are banned\n|rule|Evasion Items Clause: Evasion items are banned\n|rule|Evasion Moves Clause: Evasion moves are banned\n|rule|Endless Battle Clause: Forcing endless battles is banned\n|rule|HP Percentage Mod: HP is shown in percentages\n|rule|Dynamax Clause: You cannot dynamax\n|clearpoke\n|poke|p1|Garchomp, F|\n|poke|p1|Regieleki|\n|poke|p1|Corviknight, M|\n|poke|p1|Kartana|\n|poke|p1|Slowbro, M|\n|poke|p1|Tapu Fini|\n|poke|p2|Aegislash, M|\n|poke|p2|Rillaboom, F|\n|poke|p2|Blaziken, M|\n|poke|p2|Moltres-Galar|\n|poke|p2|Crawdaunt, M|\n|poke|p2|Heatran, F|\n|teampreview\n|inactive|Battle timer is ON: inactive players will automatically lose when time's up. (requested by HQSTest)\n|\n|t:|1665283428\n|start\n|switch|p1a: Garchomp|Garchomp, F|100\/100\n|switch|p2a: Heatran|Heatran, F|100\/100\n|turn|1\n|\n|t:|1665283434\n|move|p1a: Garchomp|Stealth Rock|p2a: Heatran\n|-sidestart|p2: HQSTest|move: Stealth Rock\n|move|p2a: Heatran|Stealth Rock|p1a: Garchomp\n|-sidestart|p1: BigDaddyRaven|move: Stealth Rock\n|\n|upkeep\n|turn|2\n|\n|t:|1665283442\n|move|p1a: Garchomp|Toxic|p2a: Heatran\n|-immune|p2a: Heatran\n|move|p2a: Heatran|Magma Storm|p1a: Garchomp\n|-resisted|p1a: Garchomp\n|-damage|p1a: Garchomp|75\/100\n|-activate|p1a: Garchomp|move: Magma Storm|[of] p2a: Heatran\n|\n|-heal|p1a: Garchomp|81\/100|[from] item: Leftovers\n|-damage|p1a: Garchomp|68\/100|[from] move: Magma Storm|[partiallytrapped]\n|upkeep\n|turn|3\n|\n|t:|1665283453\n|move|p1a: Garchomp|Earthquake|p2a: Heatran\n|-supereffective|p2a: Heatran\n|-enditem|p2a: Heatran|Focus Sash\n|-damage|p2a: Heatran|1\/100\n|move|p2a: Heatran|Steel Beam|p1a: Garchomp\n|-damage|p1a: Garchomp|2\/100\n|-damage|p2a: Heatran|0 fnt|[from] mindblown\n|faint|p2a: Heatran\n|\n|-heal|p1a: Garchomp|8\/100|[from] item: Leftovers\n|-end|p1a: Garchomp|Magma Storm|[partiallytrapped]|[silent]\n|upkeep\n|\n|t:|1665283464\n|switch|p2a: Rillaboom|Rillaboom, F|100\/100\n|-damage|p2a: Rillaboom|88\/100|[from] Stealth Rock\n|-fieldstart|move: Grassy Terrain|[from] ability: Grassy Surge|[of] p2a: Rillaboom\n|turn|4\n|l|\u2606BigDaddyRaven\n|inactive|BigDaddyRaven disconnected and has a minute to reconnect!\n|player|p1|\n|j|\u2606BigDaddyRaven\n|inactive|BigDaddyRaven reconnected and has 115 seconds left.\n|player|p1|BigDaddyRaven|giovanni\n|\n|t:|1665283505\n|move|p1a: Garchomp|Protect|p1a: Garchomp\n|-singleturn|p1a: Garchomp|Protect\n|move|p2a: Rillaboom|Grassy Glide|p1a: Garchomp\n|-activate|p1a: Garchomp|move: Protect\n|\n|-heal|p1a: Garchomp|14\/100|[from] Grassy Terrain\n|-heal|p1a: Garchomp|20\/100|[from] item: Leftovers\n|-heal|p2a: Rillaboom|94\/100|[from] Grassy Terrain\n|upkeep\n|turn|5\n|\n|t:|1665283516\n|switch|p1a: Corviknight|Corviknight, M|100\/100\n|-damage|p1a: Corviknight|88\/100|[from] Stealth Rock\n|-ability|p1a: Corviknight|Pressure\n|move|p2a: Rillaboom|Swords Dance|p2a: Rillaboom\n|-boost|p2a: Rillaboom|atk|2\n|\n|-heal|p2a: Rillaboom|100\/100|[from] Grassy Terrain\n|-heal|p1a: Corviknight|94\/100|[from] item: Leftovers\n|upkeep\n|turn|6\n|\n|t:|1665283524\n|move|p2a: Rillaboom|Knock Off|p1a: Corviknight\n|-damage|p1a: Corviknight|38\/100\n|-enditem|p1a: Corviknight|Leftovers|[from] move: Knock Off|[of] p2a: Rillaboom\n|-damage|p2a: Rillaboom|91\/100|[from] item: Life Orb\n|move|p1a: Corviknight|Defog|p2a: Rillaboom\n|-unboost|p2a: Rillaboom|evasion|1\n|-sideend|p2: HQSTest|Stealth Rock|[from] move: Defog|[of] p1a: Corviknight\n|-sideend|p1: BigDaddyRaven|Stealth Rock|[from] move: Defog|[of] p1a: Corviknight\n|-fieldend|move: Grassy Terrain\n|\n|upkeep\n|turn|7\n|inactive|BigDaddyRaven has 120 seconds left.\n|\n|t:|1665283533\n|move|p2a: Rillaboom|Low Kick|p1a: Corviknight\n|-damage|p1a: Corviknight|0 fnt\n|faint|p1a: Corviknight\n|-damage|p2a: Rillaboom|81\/100|[from] item: Life Orb\n|\n|upkeep\n|inactive|BigDaddyRaven has 120 seconds left.\n|\n|t:|1665283545\n|switch|p1a: Regieleki|Regieleki|100\/100\n|turn|8\n|\n|t:|1665283548\n|move|p1a: Regieleki|Volt Switch|p2a: Rillaboom\n|-resisted|p2a: Rillaboom\n|-damage|p2a: Rillaboom|34\/100\n|\n|t:|1665283554\n|switch|p1a: Kartana|Kartana|100\/100|[from]move: Volt Switch\n|move|p2a: Rillaboom|Knock Off|p1a: Kartana\n|-damage|p1a: Kartana|8\/100\n|-enditem|p1a: Kartana|Choice Scarf|[from] move: Knock Off|[of] p2a: Rillaboom\n|-damage|p2a: Rillaboom|24\/100|[from] item: Life Orb\n|\n|upkeep\n|turn|9\n|\n|t:|1665283564\n|switch|p2a: Moltres|Moltres-Galar|100\/100\n|move|p1a: Kartana|Knock Off|p2a: Moltres\n|-resisted|p2a: Moltres\n|-crit|p2a: Moltres\n|-damage|p2a: Moltres|64\/100\n|-enditem|p2a: Moltres|Heavy-Duty Boots|[from] move: Knock Off|[of] p1a: Kartana\n|\n|upkeep\n|turn|10\n|\n|t:|1665283576\n|move|p1a: Kartana|Leaf Blade|p2a: Moltres\n|-resisted|p2a: Moltres\n|-damage|p2a: Moltres|29\/100\n|-ability|p2a: Moltres|Berserk|boost\n|-boost|p2a: Moltres|spa|1\n|move|p2a: Moltres|Fiery Wrath|p1a: Kartana\n|-damage|p1a: Kartana|0 fnt\n|faint|p1a: Kartana\n|\n|upkeep\n|\n|t:|1665283580\n|switch|p1a: Regieleki|Regieleki|100\/100\n|turn|11\n|\n|t:|1665283585\n|move|p1a: Regieleki|Thunderbolt|p2a: Moltres\n|-supereffective|p2a: Moltres\n|-damage|p2a: Moltres|0 fnt\n|faint|p2a: Moltres\n|\n|upkeep\n|\n|t:|1665283587\n|switch|p2a: Rillaboom|Rillaboom, F|24\/100\n|-fieldstart|move: Grassy Terrain|[from] ability: Grassy Surge|[of] p2a: Rillaboom\n|turn|12\n|\n|t:|1665283600\n|move|p2a: Rillaboom|Grassy Glide|p1a: Regieleki\n|-damage|p1a: Regieleki|0 fnt\n|faint|p1a: Regieleki\n|-damage|p2a: Rillaboom|14\/100|[from] item: Life Orb\n|\n|-heal|p2a: Rillaboom|20\/100|[from] Grassy Terrain\n|upkeep\n|\n|t:|1665283604\n|switch|p1a: Tapu Fini|Tapu Fini|100\/100\n|-fieldstart|move: Misty Terrain|[from] ability: Misty Surge|[of] p1a: Tapu Fini\n|turn|13\n|\n|t:|1665283612\n|switch|p2a: Aegislash|Aegislash, M|100\/100\n|move|p1a: Tapu Fini|Draining Kiss|p2a: Aegislash\n|-resisted|p2a: Aegislash\n|-damage|p2a: Aegislash|94\/100\n|\n|-heal|p2a: Aegislash|99\/100|[from] item: Leftovers\n|upkeep\n|turn|14\n|\n|t:|1665283616\n|switch|p1a: Garchomp|Garchomp, F|20\/100\n|move|p2a: Aegislash|Swords Dance|p2a: Aegislash\n|-boost|p2a: Aegislash|atk|2\n|\n|-heal|p1a: Garchomp|26\/100|[from] item: Leftovers\n|-heal|p2a: Aegislash|100\/100|[from] item: Leftovers\n|upkeep\n|turn|15\n|\n|t:|1665283622\n|-formechange|p2a: Aegislash|Aegislash-Blade||[from] ability: Stance Change\n|move|p2a: Aegislash|Shadow Sneak|p1a: Garchomp\n|-damage|p1a: Garchomp|0 fnt\n|-damage|p2a: Aegislash|88\/100|[from] ability: Rough Skin|[of] p1a: Garchomp\n|faint|p1a: Garchomp\n|\n|-heal|p2a: Aegislash|94\/100|[from] item: Leftovers\n|upkeep\n|-message|BigDaddyRaven forfeited.\n|\n|win|HQSTest\n|raw|BigDaddyRaven's rating: 1549 &rarr; <strong>1533<\/strong><br \/>(-16 for losing)\n|raw|HQSTest's rating: 1620 &rarr; <strong>1636<\/strong><br \/>(+16 for winning)\n|l|\u2606BigDaddyRaven\n||Ladder isn't responding, score probably updated but might not have (Request timeout).\n","uploadtime":1665283629,"views":7,"p1id":"bigdaddyraven","p2id":"hqstest","formatid":"gen8ou","rating":1533,"private":0,"password":null}