{"id":"gen8ou-1588909429","p1":"Bunch24","p2":"cucumber22","format":"gen8ou","log":"|j|\u2606Bunch24\n|j|\u2606cucumber22\n|t:|1654316953\n|gametype|singles\n|player|p1|Bunch24|169|1809\n|player|p2|cucumber22|dancer|1853\n|teamsize|p1|6\n|teamsize|p2|6\n|gen|8\n|tier|[Gen 8] OU\n|rated|\n|rule|Sleep Clause Mod: Limit one foe put to sleep\n|rule|Species Clause: Limit one of each Pok\u00e9mon\n|rule|OHKO Clause: OHKO moves are banned\n|rule|Evasion Moves Clause: Evasion moves are banned\n|rule|Endless Battle Clause: Forcing endless battles is banned\n|rule|HP Percentage Mod: HP is shown in percentages\n|rule|Dynamax Clause: You cannot dynamax\n|clearpoke\n|poke|p1|Kartana|\n|poke|p1|Latios, M|\n|poke|p1|Blacephalon|\n|poke|p1|Corviknight, F|\n|poke|p1|Blissey, F|\n|poke|p1|Zeraora|\n|poke|p2|Pelipper, M|\n|poke|p2|Ferrothorn, F|\n|poke|p2|Urshifu-*, F|\n|poke|p2|Kingdra, F|\n|poke|p2|Garchomp, F|\n|poke|p2|Zapdos|\n|teampreview\n|\n|t:|1654316972\n|start\n|switch|p1a: Latios|Latios, M|100\/100\n|switch|p2a: Pelipper|Pelipper, M|100\/100\n|-weather|RainDance|[from] ability: Drizzle|[of] p2a: Pelipper\n|turn|1\n|\n|t:|1654316983\n|switch|p1a: Blacephalon|Blacephalon|100\/100\n|switch|p2a: Ferrothorn|Ferrothorn, F|100\/100\n|\n|-weather|RainDance|[upkeep]\n|upkeep\n|turn|2\n|j| asetydytghkj\n|\n|t:|1654316993\n|switch|p2a: Kingdra|Kingdra, F|100\/100\n|move|p1a: Blacephalon|Overheat|p2a: Kingdra\n|-resisted|p2a: Kingdra\n|-damage|p2a: Kingdra|82\/100\n|-unboost|p1a: Blacephalon|spa|2\n|\n|-weather|RainDance|[upkeep]\n|upkeep\n|turn|3\n|\n|t:|1654317015\n|switch|p1a: Blissey|Blissey, F|100\/100\n|move|p2a: Kingdra|Flip Turn|p1a: Blissey\n|-damage|p1a: Blissey|76\/100\n|\n|t:|1654317019\n|switch|p2a: Urshifu|Urshifu-Rapid-Strike, F|100\/100|[from]move: Flip Turn\n|\n|-weather|RainDance|[upkeep]\n|upkeep\n|turn|4\n|\n|t:|1654317027\n|switch|p1a: Corviknight|Corviknight, F|100\/100\n|-ability|p1a: Corviknight|Pressure\n|move|p2a: Urshifu|Surging Strikes|p1a: Corviknight\n|-crit|p1a: Corviknight\n|-damage|p1a: Corviknight|81\/100\n|-crit|p1a: Corviknight\n|-damage|p1a: Corviknight|62\/100\n|-crit|p1a: Corviknight\n|-damage|p1a: Corviknight|41\/100\n|-hitcount|p1a: Corviknight|3\n|\n|-weather|RainDance|[upkeep]\n|-heal|p1a: Corviknight|48\/100|[from] item: Leftovers\n|upkeep\n|turn|5\n|\n|t:|1654317032\n|move|p2a: Urshifu|Surging Strikes|p1a: Corviknight\n|-crit|p1a: Corviknight\n|-damage|p1a: Corviknight|29\/100\n|-crit|p1a: Corviknight\n|-damage|p1a: Corviknight|8\/100\n|-crit|p1a: Corviknight\n|-damage|p1a: Corviknight|0 fnt\n|faint|p1a: Corviknight\n|-hitcount|p1: Corviknight|3\n|\n|-weather|RainDance|[upkeep]\n|upkeep\n|\n|t:|1654317034\n|switch|p1a: Kartana|Kartana|100\/100\n|turn|6\n|j| Batataplays\n|\n|t:|1654317037\n|switch|p2a: Zapdos|Zapdos, shiny|100\/100\n|move|p1a: Kartana|Swords Dance|p1a: Kartana\n|-boost|p1a: Kartana|atk|2\n|\n|-weather|RainDance|[upkeep]\n|upkeep\n|turn|7\n|\n|t:|1654317041\n|move|p1a: Kartana|Knock Off|p2a: Zapdos\n|-damage|p2a: Zapdos|0 fnt\n|-enditem|p2a: Zapdos|Heavy-Duty Boots|[from] move: Knock Off|[of] p1a: Kartana\n|faint|p2a: Zapdos\n|-ability|p1a: Kartana|Beast Boost|boost\n|-boost|p1a: Kartana|atk|1\n|\n|-weather|RainDance|[upkeep]\n|upkeep\n|j| ZzzzzzzzL\n|\n|t:|1654317047\n|switch|p2a: Kingdra|Kingdra, F|82\/100\n|turn|8\n|\n|t:|1654317050\n|switch|p1a: Blissey|Blissey, F|76\/100\n|move|p2a: Kingdra|Surf|p1a: Blissey\n|-damage|p1a: Blissey|44\/100\n|\n|-weather|none\n|upkeep\n|turn|9\n|\n|t:|1654317054\n|switch|p2a: Pelipper|Pelipper, M|100\/100\n|-weather|RainDance|[from] ability: Drizzle|[of] p2a: Pelipper\n|move|p1a: Blissey|Soft-Boiled|p1a: Blissey\n|-heal|p1a: Blissey|94\/100\n|\n|-weather|RainDance|[upkeep]\n|upkeep\n|turn|10\n|\n|t:|1654317058\n|move|p1a: Blissey|Stealth Rock|p2a: Pelipper\n|-sidestart|p2: cucumber22|move: Stealth Rock\n|move|p2a: Pelipper|U-turn|p1a: Blissey\n|-damage|p1a: Blissey|87\/100\n|\n|t:|1654317061\n|switch|p2a: Urshifu|Urshifu-Rapid-Strike, F|100\/100|[from]move: U-turn\n|-damage|p2a: Urshifu|94\/100|[from] Stealth Rock\n|\n|-weather|RainDance|[upkeep]\n|upkeep\n|turn|11\n|j| ghiteo\u00ba\u00b0ff\n|\n|t:|1654317065\n|move|p2a: Urshifu|Surging Strikes|p1a: Blissey\n|-crit|p1a: Blissey\n|-damage|p1a: Blissey|61\/100\n|-crit|p1a: Blissey\n|-damage|p1a: Blissey|35\/100\n|-crit|p1a: Blissey\n|-damage|p1a: Blissey|7\/100\n|-hitcount|p1a: Blissey|3\n|move|p1a: Blissey|Thunder Wave|p2a: Urshifu\n|-status|p2a: Urshifu|par\n|\n|-weather|RainDance|[upkeep]\n|upkeep\n|turn|12\n|l| ghiteo\u00ba\u00b0ff\n|\n|t:|1654317079\n|switch|p1a: Kartana|Kartana|100\/100\n|cant|p2a: Urshifu|par\n|\n|-weather|RainDance|[upkeep]\n|upkeep\n|turn|13\n|j| tapu moxo\n|\n|t:|1654317086\n|move|p1a: Kartana|Swords Dance|p1a: Kartana\n|-boost|p1a: Kartana|atk|2\n|move|p2a: Urshifu|Surging Strikes|p1a: Kartana\n|-resisted|p1a: Kartana\n|-crit|p1a: Kartana\n|-damage|p1a: Kartana|84\/100\n|-resisted|p1a: Kartana\n|-crit|p1a: Kartana\n|-damage|p1a: Kartana|68\/100\n|-resisted|p1a: Kartana\n|-crit|p1a: Kartana\n|-damage|p1a: Kartana|51\/100\n|-hitcount|p1a: Kartana|3\n|\n|-weather|RainDance|[upkeep]\n|upkeep\n|turn|14\n|\n|t:|1654317089\n|move|p1a: Kartana|Leaf Blade|p2a: Urshifu\n|-supereffective|p2a: Urshifu\n|-damage|p2a: Urshifu|0 fnt\n|faint|p2a: Urshifu\n|-ability|p1a: Kartana|Beast Boost|boost\n|-boost|p1a: Kartana|atk|1\n|\n|-weather|RainDance|[upkeep]\n|upkeep\n|\n|t:|1654317090\n|switch|p2a: Kingdra|Kingdra, F|82\/100\n|-damage|p2a: Kingdra|70\/100|[from] Stealth Rock\n|turn|15\n|\n|t:|1654317108\n|switch|p1a: Zeraora|Zeraora|100\/100\n|move|p2a: Kingdra|Surf|p1a: Zeraora\n|-damage|p1a: Zeraora|0 fnt\n|faint|p1a: Zeraora\n|\n|-weather|RainDance|[upkeep]\n|upkeep\n|j| David Ojabo\n|\n|t:|1654317111\n|switch|p1a: Latios|Latios, M|100\/100\n|turn|16\n|\n|t:|1654317117\n|switch|p2a: Ferrothorn|Ferrothorn, F|100\/100\n|-damage|p2a: Ferrothorn|94\/100|[from] Stealth Rock\n|move|p1a: Latios|Psychic|p2a: Ferrothorn\n|-resisted|p2a: Ferrothorn\n|-damage|p2a: Ferrothorn|80\/100\n|\n|-weather|none\n|-heal|p2a: Ferrothorn|86\/100|[from] item: Leftovers\n|upkeep\n|turn|17\n|j| IceGuysFinishLast\n|\n|t:|1654317127\n|move|p1a: Latios|Psychic|p2a: Ferrothorn\n|-resisted|p2a: Ferrothorn\n|-damage|p2a: Ferrothorn|72\/100\n|move|p2a: Ferrothorn|Knock Off|p1a: Latios\n|-supereffective|p1a: Latios\n|-damage|p1a: Latios|41\/100\n|-enditem|p1a: Latios|Choice Scarf|[from] move: Knock Off|[of] p2a: Ferrothorn\n|\n|-heal|p2a: Ferrothorn|78\/100|[from] item: Leftovers\n|upkeep\n|turn|18\n|\n|t:|1654317137\n|switch|p1a: Kartana|Kartana|51\/100\n|switch|p2a: Pelipper|Pelipper, M|100\/100\n|-damage|p2a: Pelipper|76\/100|[from] Stealth Rock\n|-weather|RainDance|[from] ability: Drizzle|[of] p2a: Pelipper\n|\n|-weather|RainDance|[upkeep]\n|upkeep\n|turn|19\n|\n|t:|1654317141\n|move|p1a: Kartana|Leaf Blade|p2a: Pelipper\n|-damage|p2a: Pelipper|33\/100\n|move|p2a: Pelipper|U-turn|p1a: Kartana\n|-damage|p1a: Kartana|41\/100\n|\n|t:|1654317144\n|switch|p2a: Kingdra|Kingdra, F|70\/100|[from]move: U-turn\n|-damage|p2a: Kingdra|57\/100|[from] Stealth Rock\n|\n|-weather|RainDance|[upkeep]\n|upkeep\n|turn|20\n|\n|t:|1654317155\n|move|p2a: Kingdra|Surf|p1a: Kartana\n|-resisted|p1a: Kartana\n|-damage|p1a: Kartana|0 fnt\n|faint|p1a: Kartana\n|\n|-weather|RainDance|[upkeep]\n|upkeep\n|\n|t:|1654317161\n|switch|p1a: Blacephalon|Blacephalon|100\/100\n|turn|21\n|\n|t:|1654317162\n|move|p2a: Kingdra|Surf|p1a: Blacephalon\n|-supereffective|p1a: Blacephalon\n|-damage|p1a: Blacephalon|0 fnt\n|faint|p1a: Blacephalon\n|\n|-weather|RainDance|[upkeep]\n|upkeep\n|\n|t:|1654317164\n|switch|p1a: Latios|Latios, M|41\/100\n|turn|22\n|\n|t:|1654317165\n|move|p2a: Kingdra|Surf|p1a: Latios\n|-resisted|p1a: Latios\n|-damage|p1a: Latios|0 fnt\n|faint|p1a: Latios\n|\n|-weather|RainDance|[upkeep]\n|upkeep\n|\n|t:|1654317166\n|switch|p1a: Blissey|Blissey, F|7\/100\n|turn|23\n|\n|t:|1654317168\n|move|p2a: Kingdra|Surf|p1a: Blissey\n|-damage|p1a: Blissey|0 fnt\n|faint|p1a: Blissey\n|\n|win|cucumber22\n|raw|Bunch24's rating: 1809 &rarr; <strong>1792<\/strong><br \/>(-17 for losing)\n|raw|cucumber22's rating: 1853 &rarr; <strong>1870<\/strong><br \/>(+17 for winning)\n|c| David Ojabo|gg\n|c|\u2606Bunch24|gg\n|c|\u2606cucumber22|g\n","uploadtime":1654317176,"views":29,"p1id":"bunch24","p2id":"cucumber22","formatid":"gen8ou","rating":1792,"private":0,"password":null}