{"id":"gen8monotyperandombattle-1120109541","p1":"Braviaries","p2":"Moskito Cup","format":"gen8monotyperandombattle","log":"|j|\u2606Braviaries\n|j|\u2606Moskito Cup\n|inactive|Battle timer is ON: inactive players will automatically lose when time's up.\n|player|p1|Braviaries|drayden|\n|player|p2|Moskito Cup|169|\n|teamsize|p1|6\n|teamsize|p2|6\n|gametype|singles\n|gen|8\n|tier|[Gen 8] Monotype Random Battle\n|rated|Tournament battle\n|rule|Same Type Clause: Pok\u00e9mon in a team must share a type\n|rule|HP Percentage Mod: HP is shown in percentages\n|rule|Sleep Clause Mod: Limit one foe put to sleep\n|rule|Dynamax Clause: You cannot dynamax\n|\n|start\n|switch|p1a: Indeedee|Indeedee-F, L86, F|261\/261\n|switch|p2a: Gigalith|Gigalith, L82, F|274\/274\n|-fieldstart|move: Psychic Terrain|[from] ability: Psychic Surge|[of] p1a: Indeedee\n|-weather|Sandstorm|[from] ability: Sand Stream|[of] p2a: Gigalith\n|turn|1\n|\n|move|p1a: Indeedee|Psychic|p2a: Gigalith\n|-damage|p2a: Gigalith|171\/274\n|move|p2a: Gigalith|Rock Blast|p1a: Indeedee\n|-damage|p1a: Indeedee|204\/261\n|-damage|p1a: Indeedee|144\/261\n|-hitcount|p1a: Indeedee|2\n|\n|-weather|Sandstorm|[upkeep]\n|-damage|p1a: Indeedee|128\/261|[from] Sandstorm\n|upkeep\n|turn|2\n|\n|move|p1a: Indeedee|Psychic|p2a: Gigalith\n|-damage|p2a: Gigalith|77\/274\n|move|p2a: Gigalith|Rock Blast|p1a: Indeedee\n|-damage|p1a: Indeedee|65\/261\n|-damage|p1a: Indeedee|4\/261\n|-damage|p1a: Indeedee|0 fnt\n|-hitcount|p1a: Indeedee|3\n|faint|p1a: Indeedee\n|\n|-weather|Sandstorm|[upkeep]\n|upkeep\n|\n|switch|p1a: Obstagoon|Obstagoon, L82, F|287\/287\n|turn|3\n|\n|move|p1a: Obstagoon|Bulk Up|p1a: Obstagoon\n|-boost|p1a: Obstagoon|atk|1\n|-boost|p1a: Obstagoon|def|1\n|move|p2a: Gigalith|Rock Blast|p1a: Obstagoon\n|-damage|p1a: Obstagoon|257\/287\n|-damage|p1a: Obstagoon|224\/287\n|-hitcount|p1a: Obstagoon|2\n|\n|-weather|Sandstorm|[upkeep]\n|-damage|p1a: Obstagoon|207\/287|[from] Sandstorm\n|-status|p1a: Obstagoon|brn|[from] item: Flame Orb\n|upkeep\n|turn|4\n|\n|move|p1a: Obstagoon|Bulk Up|p1a: Obstagoon\n|-boost|p1a: Obstagoon|atk|1\n|-boost|p1a: Obstagoon|def|1\n|move|p2a: Gigalith|Rock Blast|p1a: Obstagoon\n|-damage|p1a: Obstagoon|180\/287 brn\n|-damage|p1a: Obstagoon|156\/287 brn\n|-hitcount|p1a: Obstagoon|2\n|\n|-weather|Sandstorm|[upkeep]\n|-damage|p1a: Obstagoon|139\/287 brn|[from] Sandstorm\n|-damage|p1a: Obstagoon|122\/287 brn|[from] brn\n|upkeep\n|turn|5\n|\n|move|p1a: Obstagoon|Knock Off|p2a: Gigalith\n|-damage|p2a: Gigalith|0 fnt\n|-enditem|p2a: Gigalith|Choice Band|[from] move: Knock Off|[of] p1a: Obstagoon\n|faint|p2a: Gigalith\n|\n|-weather|none\n|-damage|p1a: Obstagoon|105\/287 brn|[from] brn\n|-fieldend|move: Psychic Terrain\n|upkeep\n|\n|switch|p2a: Terrakion|Terrakion, L80|277\/277\n|turn|6\n|\n|move|p2a: Terrakion|Close Combat|p1a: Obstagoon\n|-supereffective|p1a: Obstagoon\n|-damage|p1a: Obstagoon|0 fnt\n|-unboost|p2a: Terrakion|def|1\n|-unboost|p2a: Terrakion|spd|1\n|-damage|p2a: Terrakion|250\/277|[from] item: Life Orb\n|faint|p1a: Obstagoon\n|\n|upkeep\n|\n|switch|p1a: Cinccino|Cinccino, L84, M|263\/263\n|turn|7\n|\n|switch|p2a: Coalossal|Coalossal, L84, F|322\/322\n|move|p1a: Cinccino|Bullet Seed|p2a: Coalossal\n|-damage|p2a: Coalossal|303\/322\n|-damage|p2a: Coalossal|282\/322\n|-damage|p2a: Coalossal|260\/322\n|-damage|p2a: Coalossal|240\/322\n|-damage|p2a: Coalossal|218\/322\n|-hitcount|p2a: Coalossal|5\n|\n|upkeep\n|turn|8\n|\n|switch|p1a: Snorlax|Snorlax, L84, M|406\/406\n|move|p2a: Coalossal|Will-O-Wisp|p1a: Snorlax\n|-status|p1a: Snorlax|brn\n|\n|-damage|p1a: Snorlax|381\/406 brn|[from] brn\n|upkeep\n|turn|9\n|\n|switch|p2a: Terrakion|Terrakion, L80|250\/277\n|move|p1a: Snorlax|Earthquake|p2a: Terrakion\n|-supereffective|p2a: Terrakion\n|-damage|p2a: Terrakion|126\/277\n|\n|-damage|p1a: Snorlax|356\/406 brn|[from] brn\n|upkeep\n|turn|10\n|\n|move|p2a: Terrakion|Close Combat|p1a: Snorlax\n|-supereffective|p1a: Snorlax\n|-damage|p1a: Snorlax|0 fnt\n|-unboost|p2a: Terrakion|def|1\n|-unboost|p2a: Terrakion|spd|1\n|-damage|p2a: Terrakion|99\/277|[from] item: Life Orb\n|faint|p1a: Snorlax\n|\n|upkeep\n|\n|switch|p1a: Oranguru|Oranguru, L88, F|302\/302\n|turn|11\n|\n|move|p2a: Terrakion|Stone Edge|p1a: Oranguru\n|-damage|p1a: Oranguru|146\/302\n|-damage|p2a: Terrakion|72\/277|[from] item: Life Orb\n|move|p1a: Oranguru|Trick Room|p1a: Oranguru\n|-fieldstart|move: Trick Room|[of] p1a: Oranguru\n|\n|-heal|p1a: Oranguru|164\/302|[from] item: Leftovers\n|upkeep\n|turn|12\n|\n|switch|p2a: Solrock|Solrock, L88|302\/302\n|move|p1a: Oranguru|Psychic|p2a: Solrock\n|-resisted|p2a: Solrock\n|-damage|p2a: Solrock|239\/302\n|-unboost|p2a: Solrock|spd|1\n|\n|-heal|p1a: Oranguru|182\/302|[from] item: Leftovers\n|-heal|p2a: Solrock|257\/302|[from] item: Leftovers\n|upkeep\n|turn|13\n|\n|move|p1a: Oranguru|Thunderbolt|p2a: Solrock\n|-damage|p2a: Solrock|137\/302\n|move|p2a: Solrock|Stealth Rock|p1a: Oranguru\n|-sidestart|p1: Braviaries|move: Stealth Rock\n|\n|-heal|p1a: Oranguru|200\/302|[from] item: Leftovers\n|-heal|p2a: Solrock|155\/302|[from] item: Leftovers\n|upkeep\n|turn|14\n|\n|move|p1a: Oranguru|Nasty Plot|p1a: Oranguru\n|-boost|p1a: Oranguru|spa|2\n|move|p2a: Solrock|Morning Sun|p2a: Solrock\n|-heal|p2a: Solrock|302\/302\n|\n|-heal|p1a: Oranguru|218\/302|[from] item: Leftovers\n|upkeep\n|turn|15\n|\n|move|p1a: Oranguru|Thunderbolt|p2a: Solrock\n|-damage|p2a: Solrock|83\/302\n|move|p2a: Solrock|Rock Slide|p1a: Oranguru\n|-damage|p1a: Oranguru|121\/302\n|\n|-heal|p1a: Oranguru|139\/302|[from] item: Leftovers\n|-heal|p2a: Solrock|101\/302|[from] item: Leftovers\n|-fieldend|move: Trick Room\n|upkeep\n|turn|16\n|\n|move|p2a: Solrock|Rock Slide|p1a: Oranguru\n|-damage|p1a: Oranguru|42\/302\n|move|p1a: Oranguru|Thunderbolt|p2a: Solrock\n|-damage|p2a: Solrock|0 fnt\n|faint|p2a: Solrock\n|\n|-heal|p1a: Oranguru|60\/302|[from] item: Leftovers\n|upkeep\n|\n|switch|p2a: Terrakion|Terrakion, L80|72\/277\n|turn|17\n|\n|move|p2a: Terrakion|Earthquake|p1a: Oranguru\n|-damage|p1a: Oranguru|0 fnt\n|-damage|p2a: Terrakion|45\/277|[from] item: Life Orb\n|faint|p1a: Oranguru\n|\n|upkeep\n|\n|switch|p1a: Cinccino|Cinccino, L84, M|263\/263\n|-damage|p1a: Cinccino|231\/263|[from] Stealth Rock\n|turn|18\n|\n|move|p1a: Cinccino|Rock Blast|p2a: Terrakion\n|-resisted|p2a: Terrakion\n|-damage|p2a: Terrakion|32\/277\n|-resisted|p2a: Terrakion\n|-crit|p2a: Terrakion\n|-damage|p2a: Terrakion|11\/277\n|-resisted|p2a: Terrakion\n|-damage|p2a: Terrakion|0 fnt\n|-hitcount|p2a: Terrakion|3\n|faint|p2a: Terrakion\n|\n|upkeep\n|\n|switch|p2a: Barbaracle|Barbaracle, L82, M|252\/252\n|turn|19\n|\n|move|p1a: Cinccino|Rock Blast|p2a: Barbaracle\n|-damage|p2a: Barbaracle|230\/252\n|-damage|p2a: Barbaracle|207\/252\n|-damage|p2a: Barbaracle|184\/252\n|-damage|p2a: Barbaracle|160\/252\n|-damage|p2a: Barbaracle|136\/252\n|-hitcount|p2a: Barbaracle|5\n|move|p2a: Barbaracle|Shell Smash|p2a: Barbaracle\n|-unboost|p2a: Barbaracle|def|1\n|-unboost|p2a: Barbaracle|spd|1\n|-boost|p2a: Barbaracle|atk|2\n|-boost|p2a: Barbaracle|spa|2\n|-boost|p2a: Barbaracle|spe|2\n|-enditem|p2a: Barbaracle|White Herb\n|-clearnegativeboost|p2a: Barbaracle|[silent]\n|\n|upkeep\n|turn|20\n|\n|move|p2a: Barbaracle|Liquidation|p1a: Cinccino\n|-damage|p1a: Cinccino|0 fnt\n|faint|p1a: Cinccino\n|\n|upkeep\n|\n|switch|p1a: Farfetch\u2019d|Farfetch\u2019d, L86, F|230\/230\n|-damage|p1a: Farfetch\u2019d|173\/230|[from] Stealth Rock\n|turn|21\n|\n|move|p2a: Barbaracle|Liquidation|p1a: Farfetch\u2019d\n|-damage|p1a: Farfetch\u2019d|0 fnt\n|faint|p1a: Farfetch\u2019d\n|\n|win|Moskito Cup\n|l|\u2606Braviaries\n","inputlog":">version 3496491d4f49680c29b4f52f9b35cc0f581103d4\n>start {\"formatid\":\"gen8monotyperandombattle@@@dynamaxclause\",\"seed\":[59809,54555,6693,50622],\"rated\":\"Tournament battle\"}\n>player p1 {\"name\":\"Braviaries\",\"avatar\":\"drayden\",\"team\":\"\",\"rating\":0,\"seed\":[8429,17380,5821,56350]}\n>player p2 {\"name\":\"Moskito Cup\",\"avatar\":\"169\",\"team\":\"\",\"rating\":0,\"seed\":[20480,26621,53750,17916]}\n>p1 move psychic\n>p2 move rockblast\n>p1 move psychic\n>p2 move rockblast\n>p1 switch 4\n>p1 move bulkup\n>p2 move rockblast\n>p1 move bulkup\n>p2 move rockblast\n>p1 move knockoff\n>p2 move rockblast\n>p2 switch 6\n>p1 move closecombat\n>p2 move closecombat\n>p1 switch 6\n>p1 move bulletseed\n>p2 switch 2\n>p1 switch 5\n>p2 move willowisp\n>p1 move earthquake\n>p2 switch 2\n>p1 move earthquake\n>p2 move closecombat\n>p1 switch 2\n>p1 move trickroom\n>p2 move stoneedge\n>p1 move psychic\n>p2 switch 5\n>p1 move thunderbolt\n>p2 move stealthrock\n>p1 move nastyplot\n>p2 move morningsun\n>p1 move thunderbolt\n>p2 move rockslide\n>p1 move thunderbolt\n>p2 move rockslide\n>p2 switch 5\n>p1 move psychic\n>p2 move earthquake\n>p1 switch 5\n>p1 move rockblast\n>p2 move closecombat\n>p2 switch 3\n>p1 move rockblast\n>p2 move shellsmash\n>p1 move rockblast\n>p2 move liquidation\n>p1 switch 3\n>p1 move leafblade\n>p2 move liquidation","uploadtime":1590271909,"views":49,"p1id":"braviaries","p2id":"moskitocup","formatid":"gen8monotyperandombattle","rating":0,"private":0,"password":null}