{"id":"gen8ou-1676833267","p1":"andrewm0n","p2":"now you lose","format":"gen8ou","log":"|j|\u2606andrewm0n\n|j|\u2606now you lose\n|t:|1664827700\n|gametype|singles\n|player|p1|andrewm0n|170|1807\n|player|p2|now you lose|skier|1808\n|teamsize|p1|6\n|teamsize|p2|6\n|gen|8\n|tier|[Gen 8] OU\n|rated|\n|rule|Sleep Clause Mod: Limit one foe put to sleep\n|rule|Species Clause: Limit one of each Pok\u00e9mon\n|rule|OHKO Clause: OHKO moves are banned\n|rule|Evasion Items Clause: Evasion items are banned\n|rule|Evasion Moves Clause: Evasion moves are banned\n|rule|Endless Battle Clause: Forcing endless battles is banned\n|rule|HP Percentage Mod: HP is shown in percentages\n|rule|Dynamax Clause: You cannot dynamax\n|clearpoke\n|poke|p1|Slowbro-Galar, M|\n|poke|p1|Blaziken, M|\n|poke|p1|Clefable, F|\n|poke|p1|Seismitoad, M|\n|poke|p1|Corviknight, M|\n|poke|p1|Incineroar, M|\n|poke|p2|Ninetales-Alola, F|\n|poke|p2|Dragapult, M|\n|poke|p2|Kommo-o, M|\n|poke|p2|Volcarona, F|\n|poke|p2|Corviknight, M|\n|poke|p2|Mew|\n|teampreview\n|j| iced out samsung\n|l| iced out samsung\n|j| iced out samsung\n|inactive|Battle timer is ON: inactive players will automatically lose when time's up. (requested by andrewm0n)\n|j| MiniLarry\n|j| meemoomeemoo\n|inactive|now you lose has 120 seconds left.\n|\n|t:|1664827768\n|start\n|switch|p1a: Incineroar|Incineroar, M|100\/100\n|switch|p2a: Dragapult|Dragapult, M|100\/100\n|-ability|p1a: Incineroar|Intimidate|boost\n|-fail|p2a: Dragapult|unboost|[from] ability: Clear Body|[of] p2a: Dragapult\n|turn|1\n|j| Calico S\n|\n|t:|1664827791\n|switch|p2a: Volcarona|Volcarona, F|100\/100\n|switch|p1a: Clefable|Clefable, F|100\/100\n|\n|upkeep\n|turn|2\n|j| Moraband\n|\n|t:|1664827804\n|switch|p1a: Seismitoad|Seismitoad, M|100\/100\n|move|p2a: Volcarona|Fiery Dance|p1a: Seismitoad\n|-resisted|p1a: Seismitoad\n|-damage|p1a: Seismitoad|86\/100\n|-boost|p2a: Volcarona|spa|1\n|\n|-heal|p1a: Seismitoad|92\/100|[from] item: Leftovers\n|upkeep\n|turn|3\n|j| OmegaTroll\n|j| dumb dumb broski\n|\n|t:|1664827809\n|switch|p2a: Corviknight|Corviknight, M|100\/100\n|move|p1a: Seismitoad|Toxic|p2a: Corviknight\n|-immune|p2a: Corviknight\n|\n|-heal|p1a: Seismitoad|98\/100|[from] item: Leftovers\n|upkeep\n|turn|4\n|\n|t:|1664827812\n|switch|p1a: Incineroar|Incineroar, M|100\/100\n|-ability|p1a: Incineroar|Intimidate|boost\n|-ability|p2a: Corviknight|Mirror Armor\n|-unboost|p1a: Incineroar|atk|1\n|move|p2a: Corviknight|Bulk Up|p2a: Corviknight\n|-boost|p2a: Corviknight|atk|1\n|-boost|p2a: Corviknight|def|1\n|\n|upkeep\n|turn|5\n|\n|t:|1664827817\n|move|p1a: Incineroar|Swords Dance|p1a: Incineroar\n|-boost|p1a: Incineroar|atk|2\n|move|p2a: Corviknight|Bulk Up|p2a: Corviknight\n|-boost|p2a: Corviknight|atk|1\n|-boost|p2a: Corviknight|def|1\n|\n|upkeep\n|turn|6\n|\n|t:|1664827821\n|move|p1a: Incineroar|Swords Dance|p1a: Incineroar\n|-boost|p1a: Incineroar|atk|2\n|move|p2a: Corviknight|Agility|p2a: Corviknight\n|-boost|p2a: Corviknight|spe|2\n|\n|upkeep\n|turn|7\n|\n|t:|1664827824\n|move|p2a: Corviknight|Bulk Up|p2a: Corviknight\n|-boost|p2a: Corviknight|atk|1\n|-boost|p2a: Corviknight|def|1\n|move|p1a: Incineroar|Darkest Lariat|p2a: Corviknight\n|-damage|p2a: Corviknight|8\/100\n|\n|upkeep\n|turn|8\n|\n|t:|1664827830\n|move|p2a: Corviknight|Power Trip|p1a: Incineroar\n|-resisted|p1a: Incineroar\n|-damage|p1a: Incineroar|52\/100\n|move|p1a: Incineroar|Flame Charge|p2a: Corviknight\n|-supereffective|p2a: Corviknight\n|-damage|p2a: Corviknight|0 fnt\n|-boost|p1a: Incineroar|spe|1\n|faint|p2a: Corviknight\n|\n|upkeep\n|\n|t:|1664827837\n|switch|p2a: Kommo-o|Kommo-o, M|100\/100\n|turn|9\n|\n|t:|1664827840\n|switch|p1a: Clefable|Clefable, F|100\/100\n|move|p2a: Kommo-o|Drain Punch|p1a: Clefable\n|-resisted|p1a: Clefable\n|-damage|p1a: Clefable|88\/100\n|\n|-heal|p1a: Clefable|94\/100|[from] item: Leftovers\n|upkeep\n|turn|10\n|j| blackdarkness00\n|\n|t:|1664827846\n|switch|p2a: Ninetales|Ninetales-Alola, F|100\/100\n|-weather|Hail|[from] ability: Snow Warning|[of] p2a: Ninetales\n|move|p1a: Clefable|Moonblast|p2a: Ninetales\n|-damage|p2a: Ninetales|70\/100\n|\n|-weather|Hail|[upkeep]\n|-damage|p1a: Clefable|88\/100|[from] Hail\n|-heal|p1a: Clefable|94\/100|[from] item: Leftovers\n|upkeep\n|turn|11\n|\n|t:|1664827851\n|switch|p1a: Slowbro|Slowbro-Galar, M|100\/100\n|move|p2a: Ninetales|Aurora Veil|p2a: Ninetales\n|-sidestart|p2: now you lose|move: Aurora Veil\n|\n|-weather|Hail|[upkeep]\n|-damage|p1a: Slowbro|94\/100|[from] Hail\n|upkeep\n|turn|12\n|\n|t:|1664827853\n|move|p2a: Ninetales|Hypnosis|p1a: Slowbro\n|-status|p1a: Slowbro|slp|[from] move: Hypnosis\n|cant|p1a: Slowbro|slp\n|\n|-weather|Hail|[upkeep]\n|-damage|p1a: Slowbro|88\/100 slp|[from] Hail\n|upkeep\n|turn|13\n|\n|t:|1664827862\n|switch|p2a: Volcarona|Volcarona, F|100\/100\n|cant|p1a: Slowbro|slp\n|\n|-weather|Hail|[upkeep]\n|-damage|p2a: Volcarona|94\/100|[from] Hail\n|-damage|p1a: Slowbro|82\/100 slp|[from] Hail\n|upkeep\n|turn|14\n|\n|t:|1664827865\n|switch|p1a: Seismitoad|Seismitoad, M|98\/100\n|move|p2a: Volcarona|Quiver Dance|p2a: Volcarona\n|-boost|p2a: Volcarona|spa|1\n|-boost|p2a: Volcarona|spd|1\n|-boost|p2a: Volcarona|spe|1\n|\n|-weather|none\n|-heal|p1a: Seismitoad|100\/100|[from] item: Leftovers\n|upkeep\n|turn|15\n|\n|t:|1664827867\n|move|p2a: Volcarona|Quiver Dance|p2a: Volcarona\n|-boost|p2a: Volcarona|spa|1\n|-boost|p2a: Volcarona|spd|1\n|-boost|p2a: Volcarona|spe|1\n|move|p1a: Seismitoad|Toxic|p2a: Volcarona\n|-status|p2a: Volcarona|tox\n|\n|-damage|p2a: Volcarona|88\/100 tox|[from] psn\n|upkeep\n|turn|16\n|\n|t:|1664827872\n|switch|p1a: Clefable|Clefable, F|94\/100\n|move|p2a: Volcarona|Psychic|p1a: Clefable\n|-damage|p1a: Clefable|68\/100\n|\n|-heal|p1a: Clefable|74\/100|[from] item: Leftovers\n|-damage|p2a: Volcarona|76\/100 tox|[from] psn\n|upkeep\n|turn|17\n|\n|t:|1664827875\n|move|p1a: Clefable|Protect|p1a: Clefable\n|-singleturn|p1a: Clefable|Protect\n|move|p2a: Volcarona|Fiery Dance|p1a: Clefable\n|-activate|p1a: Clefable|move: Protect\n|\n|-heal|p1a: Clefable|80\/100|[from] item: Leftovers\n|-damage|p2a: Volcarona|57\/100 tox|[from] psn\n|upkeep\n|turn|18\n|\n|t:|1664827881\n|move|p2a: Volcarona|Fiery Dance|p1a: Clefable\n|-damage|p1a: Clefable|47\/100\n|-boost|p2a: Volcarona|spa|1\n|move|p1a: Clefable|Wish|p1a: Clefable\n|\n|-heal|p1a: Clefable|53\/100|[from] item: Leftovers\n|-damage|p2a: Volcarona|33\/100 tox|[from] psn\n|-sideend|p2: now you lose|move: Aurora Veil\n|upkeep\n|turn|19\n|l| blackdarkness00\n|\n|t:|1664827890\n|switch|p2a: Mew|Mew|100\/100\n|move|p1a: Clefable|Protect||[still]\n|-fail|p1a: Clefable\n|\n|-heal|p1a: Clefable|100\/100|[from] move: Wish|[wisher] Clefable\n|upkeep\n|turn|20\n|\n|t:|1664827894\n|move|p2a: Mew|Cosmic Power|p2a: Mew\n|-boost|p2a: Mew|def|1\n|-boost|p2a: Mew|spd|1\n|move|p1a: Clefable|Wish|p1a: Clefable\n|\n|upkeep\n|turn|21\n|\n|t:|1664827901\n|switch|p1a: Incineroar|Incineroar, M|52\/100\n|-ability|p1a: Incineroar|Intimidate|boost\n|-unboost|p2a: Mew|atk|1\n|move|p2a: Mew|Taunt|p1a: Incineroar\n|-start|p1a: Incineroar|move: Taunt\n|\n|-heal|p1a: Incineroar|100\/100|[from] move: Wish|[wisher] Clefable\n|upkeep\n|turn|22\n|\n|t:|1664827904\n|move|p2a: Mew|Cosmic Power|p2a: Mew\n|-boost|p2a: Mew|def|1\n|-boost|p2a: Mew|spd|1\n|move|p1a: Incineroar|Darkest Lariat|p2a: Mew\n|-supereffective|p2a: Mew\n|-crit|p2a: Mew\n|-damage|p2a: Mew|0 fnt\n|faint|p2a: Mew\n|\n|upkeep\n|-message|now you lose forfeited.\n|\n|win|andrewm0n\n|raw|andrewm0n's rating: 1807 &rarr; <strong>1827<\/strong><br \/>(+20 for winning)\n|raw|now you lose's rating: 1808 &rarr; <strong>1788<\/strong><br \/>(-20 for losing)\n|l|\u2606now you lose\n|l|\u2606andrewm0n\n|n| dumb dumb broski|dumbdumbbroski\n|n| dumb dumb broski|dumbdumbbroski\n||Ladder isn't responding, score probably updated but might not have (Request timeout).\n|l| dumb dumb broski\n|l| meemoomeemoo\n|l| OmegaTroll\n|l| Moraband\n|l| Calico S\n","uploadtime":1664828396,"views":18,"p1id":"andrewm0n","p2id":"nowyoulose","formatid":"gen8ou","rating":1788,"private":0,"password":null}