{"id":"gen8ou-1609290181","p1":"SKIP THE DRIP","p2":"hypersonicstorm","format":"gen8ou","log":"|j|\u2606SKIP THE DRIP\n|j|\u203dhypersonicstorm\n|t:|1656838592\n|gametype|singles\n|player|p1|SKIP THE DRIP|waitress-gen4|1619\n|player|p2|hypersonicstorm|101|1690\n|teamsize|p1|6\n|teamsize|p2|6\n|gen|8\n|tier|[Gen 8] OU\n|rated|\n|rule|Sleep Clause Mod: Limit one foe put to sleep\n|rule|Species Clause: Limit one of each Pok\u00e9mon\n|rule|OHKO Clause: OHKO moves are banned\n|rule|Evasion Moves Clause: Evasion moves are banned\n|rule|Endless Battle Clause: Forcing endless battles is banned\n|rule|HP Percentage Mod: HP is shown in percentages\n|rule|Dynamax Clause: You cannot dynamax\n|clearpoke\n|poke|p1|Stakataka|\n|poke|p1|Blacephalon|\n|poke|p1|Torkoal, F|\n|poke|p1|Claydol|\n|poke|p1|Venusaur, M|\n|poke|p1|Heatran, M|\n|poke|p2|Tapu Fini|\n|poke|p2|Magnezone|\n|poke|p2|Tapu Lele|\n|poke|p2|Kartana|\n|poke|p2|Hawlucha, M|\n|poke|p2|Landorus-Therian, M|\n|teampreview\n|\n|t:|1656838603\n|start\n|switch|p1a: SUMMRS|Torkoal, F, shiny|100\/100\n|switch|p2a: Landorus|Landorus-Therian, M|100\/100\n|-ability|p2a: Landorus|Intimidate|boost\n|-unboost|p1a: SUMMRS|atk|1\n|-weather|SunnyDay|[from] ability: Drought|[of] p1a: SUMMRS\n|turn|1\n|inactive|Battle timer is ON: inactive players will automatically lose when time's up. (requested by hypersonicstorm)\n|\n|t:|1656838607\n|move|p2a: Landorus|Earthquake|p1a: SUMMRS\n|-supereffective|p1a: SUMMRS\n|-damage|p1a: SUMMRS|48\/100\n|move|p1a: SUMMRS|Lava Plume|p2a: Landorus\n|-damage|p2a: Landorus|74\/100\n|\n|-weather|SunnyDay|[upkeep]\n|-heal|p2a: Landorus|80\/100|[from] item: Leftovers\n|upkeep\n|turn|2\n|\n|t:|1656838613\n|switch|p1a: PUT OUT FYE|Heatran, M|100\/100\n|-item|p1a: PUT OUT FYE|Air Balloon\n|move|p2a: Landorus|Earthquake|p1a: PUT OUT FYE\n|-immune|p1a: PUT OUT FYE\n|\n|-weather|SunnyDay|[upkeep]\n|-heal|p2a: Landorus|86\/100|[from] item: Leftovers\n|upkeep\n|turn|3\n|inactive|hypersonicstorm has 120 seconds left.\n|j| ZReptar\n|\n|t:|1656838659\n|switch|p2a: Tapu Fini|Tapu Fini|100\/100\n|-fieldstart|move: Misty Terrain|[from] ability: Misty Surge|[of] p2a: Tapu Fini\n|move|p1a: PUT OUT FYE|Eruption|p2a: Tapu Fini\n|-resisted|p2a: Tapu Fini\n|-damage|p2a: Tapu Fini|41\/100\n|\n|-weather|SunnyDay|[upkeep]\n|upkeep\n|turn|4\n|\n|t:|1656838672\n|switch|p1a: GHOST GLOCKS!|Blacephalon|100\/100\n|move|p2a: Tapu Fini|Surf|p1a: GHOST GLOCKS!\n|-supereffective|p1a: GHOST GLOCKS!\n|-crit|p1a: GHOST GLOCKS!\n|-damage|p1a: GHOST GLOCKS!|0 fnt\n|faint|p1a: GHOST GLOCKS!\n|\n|-weather|SunnyDay|[upkeep]\n|upkeep\n|\n|t:|1656838675\n|switch|p1a: LET DA BIRDS OUT|Venusaur, M, shiny|100\/100\n|turn|5\n|\n|t:|1656838678\n|switch|p2a: Hawlucha|Hawlucha, M|100\/100\n|-enditem|p2a: Hawlucha|Misty Seed\n|-boost|p2a: Hawlucha|spd|1|[from] item: Misty Seed\n|move|p1a: LET DA BIRDS OUT|Growth|p1a: LET DA BIRDS OUT\n|-boost|p1a: LET DA BIRDS OUT|atk|2\n|-boost|p1a: LET DA BIRDS OUT|spa|2\n|\n|-weather|SunnyDay|[upkeep]\n|upkeep\n|turn|6\n|\n|t:|1656838681\n|switch|p1a: DEVOTION|Claydol, shiny|100\/100\n|move|p2a: Hawlucha|Acrobatics|p1a: DEVOTION\n|-damage|p1a: DEVOTION|67\/100\n|\n|-weather|SunnyDay|[upkeep]\n|-heal|p1a: DEVOTION|73\/100|[from] item: Leftovers\n|upkeep\n|turn|7\n|\n|t:|1656838686\n|move|p2a: Hawlucha|Swords Dance|p2a: Hawlucha\n|-boost|p2a: Hawlucha|atk|2\n|move|p1a: DEVOTION|Trick Room|p1a: DEVOTION\n|-fieldstart|move: Trick Room|[of] p1a: DEVOTION\n|\n|-weather|SunnyDay|[upkeep]\n|-heal|p1a: DEVOTION|79\/100|[from] item: Leftovers\n|-fieldend|Misty Terrain\n|upkeep\n|turn|8\n|\n|t:|1656838692\n|move|p2a: Hawlucha|Close Combat|p1a: DEVOTION\n|-resisted|p1a: DEVOTION\n|-damage|p1a: DEVOTION|41\/100\n|-unboost|p2a: Hawlucha|def|1\n|-unboost|p2a: Hawlucha|spd|1\n|move|p1a: DEVOTION|Teleport|p1a: DEVOTION\n|\n|t:|1656838698\n|switch|p1a: PUT OUT FYE|Heatran, M|100\/100|[from]move: Teleport\n|-item|p1a: PUT OUT FYE|Air Balloon\n|\n|-weather|none\n|upkeep\n|turn|9\n|\n|t:|1656838703\n|move|p1a: PUT OUT FYE|Eruption|p2a: Hawlucha\n|-damage|p2a: Hawlucha|0 fnt\n|faint|p2a: Hawlucha\n|\n|upkeep\n|\n|t:|1656838704\n|switch|p2a: Landorus|Landorus-Therian, M|86\/100\n|-ability|p2a: Landorus|Intimidate|boost\n|-unboost|p1a: PUT OUT FYE|atk|1\n|turn|10\n|\n|t:|1656838712\n|move|p1a: PUT OUT FYE|Eruption|p2a: Landorus\n|-damage|p2a: Landorus|20\/100\n|move|p2a: Landorus|U-turn|p1a: PUT OUT FYE\n|-resisted|p1a: PUT OUT FYE\n|-damage|p1a: PUT OUT FYE|96\/100\n|-enditem|p1a: PUT OUT FYE|Air Balloon\n|\n|t:|1656838713\n|switch|p2a: Tapu Lele|Tapu Lele|100\/100|[from]move: U-turn\n|-fieldstart|move: Psychic Terrain|[from] ability: Psychic Surge|[of] p2a: Tapu Lele\n|\n|upkeep\n|turn|11\n|\n|t:|1656838729\n|move|p1a: PUT OUT FYE|Eruption|p2a: Tapu Lele\n|-damage|p2a: Tapu Lele|13\/100\n|move|p2a: Tapu Lele|Focus Blast|p1a: PUT OUT FYE|[miss]\n|-miss|p2a: Tapu Lele|p1a: PUT OUT FYE\n|\n|-fieldend|move: Trick Room\n|upkeep\n|turn|12\n|\n|t:|1656838744\n|move|p2a: Tapu Lele|Focus Blast|p1a: PUT OUT FYE\n|-supereffective|p1a: PUT OUT FYE\n|-damage|p1a: PUT OUT FYE|0 fnt\n|faint|p1a: PUT OUT FYE\n|\n|upkeep\n|\n|t:|1656838749\n|switch|p1a: SUMMRS|Torkoal, F, shiny|48\/100\n|-weather|SunnyDay|[from] ability: Drought|[of] p1a: SUMMRS\n|turn|13\n|\n|t:|1656838754\n|switch|p1a: DEVOTION|Claydol, shiny|41\/100\n|move|p2a: Tapu Lele|Focus Blast|p1a: DEVOTION\n|-resisted|p1a: DEVOTION\n|-damage|p1a: DEVOTION|9\/100\n|\n|-weather|SunnyDay|[upkeep]\n|-heal|p1a: DEVOTION|16\/100|[from] item: Leftovers\n|upkeep\n|turn|14\n|\n|t:|1656838757\n|move|p2a: Tapu Lele|Focus Blast|p1a: DEVOTION\n|-resisted|p1a: DEVOTION\n|-damage|p1a: DEVOTION|0 fnt\n|faint|p1a: DEVOTION\n|\n|-weather|SunnyDay|[upkeep]\n|-fieldend|move: Psychic Terrain\n|upkeep\n|\n|t:|1656838758\n|switch|p1a: LET DA BIRDS OUT|Venusaur, M, shiny|100\/100\n|turn|15\n|\n|t:|1656838761\n|switch|p2a: Landorus|Landorus-Therian, M|20\/100\n|-ability|p2a: Landorus|Intimidate|boost\n|-unboost|p1a: LET DA BIRDS OUT|atk|1\n|move|p1a: LET DA BIRDS OUT|Weather Ball|p2a: Landorus\n|-damage|p2a: Landorus|0 fnt\n|faint|p2a: Landorus\n|-damage|p1a: LET DA BIRDS OUT|91\/100|[from] item: Life Orb\n|\n|-weather|SunnyDay|[upkeep]\n|upkeep\n|\n|t:|1656838761\n|switch|p2a: Tapu Lele|Tapu Lele|13\/100\n|-fieldstart|move: Psychic Terrain|[from] ability: Psychic Surge|[of] p2a: Tapu Lele\n|turn|16\n|\n|t:|1656838763\n|move|p1a: LET DA BIRDS OUT|Weather Ball|p2a: Tapu Lele\n|-damage|p2a: Tapu Lele|0 fnt\n|faint|p2a: Tapu Lele\n|-damage|p1a: LET DA BIRDS OUT|81\/100|[from] item: Life Orb\n|\n|-weather|SunnyDay|[upkeep]\n|upkeep\n|\n|t:|1656838763\n|switch|p2a: Kartana|Kartana|100\/100\n|turn|17\n|\n|t:|1656838765\n|move|p2a: Kartana|Smart Strike|p1a: LET DA BIRDS OUT\n|-damage|p1a: LET DA BIRDS OUT|21\/100\n|move|p1a: LET DA BIRDS OUT|Weather Ball|p2a: Kartana\n|-supereffective|p2a: Kartana\n|-damage|p2a: Kartana|0 fnt\n|faint|p2a: Kartana\n|-damage|p1a: LET DA BIRDS OUT|11\/100|[from] item: Life Orb\n|\n|-weather|SunnyDay|[upkeep]\n|upkeep\n|\n|t:|1656838765\n|switch|p2a: Tapu Fini|Tapu Fini|41\/100\n|-fieldstart|move: Misty Terrain|[from] ability: Misty Surge|[of] p2a: Tapu Fini\n|turn|18\n|\n|t:|1656838768\n|move|p1a: LET DA BIRDS OUT|Giga Drain|p2a: Tapu Fini\n|-supereffective|p2a: Tapu Fini\n|-damage|p2a: Tapu Fini|0 fnt\n|-heal|p1a: LET DA BIRDS OUT|31\/100|[from] drain|[of] p2a: Tapu Fini\n|faint|p2a: Tapu Fini\n|-damage|p1a: LET DA BIRDS OUT|21\/100|[from] item: Life Orb\n|\n|-weather|SunnyDay|[upkeep]\n|upkeep\n|\n|t:|1656838768\n|switch|p2a: Magnezone|Magnezone|100\/100\n|turn|19\n|\n|t:|1656838770\n|move|p1a: LET DA BIRDS OUT|Earth Power|p2a: Magnezone\n|-supereffective|p2a: Magnezone\n|-damage|p2a: Magnezone|0 fnt\n|faint|p2a: Magnezone\n|-damage|p1a: LET DA BIRDS OUT|11\/100|[from] item: Life Orb\n|\n|win|SKIP THE DRIP\n|raw|SKIP THE DRIP's rating: 1619 &rarr; <strong>1643<\/strong><br \/>(+24 for winning)\n|raw|hypersonicstorm's rating: 1690 &rarr; <strong>1666<\/strong><br \/>(-24 for losing)\n|l|\u203dhypersonicstorm\n|l|\u2606SKIP THE DRIP\n|l| ZReptar\n","uploadtime":1656839010,"views":17,"p1id":"skipthedrip","p2id":"hypersonicstorm","formatid":"gen8ou","rating":1643,"private":0,"password":null}