{"id":"gen8ou-1532417684","p1":"eromangagaki","p2":"A3720","format":"gen8ou","log":"|j|\u2606eromangagaki\n|j|\u2606A3720\n|t:|1647488035\n|gametype|singles\n|player|p1|eromangagaki|102|1689\n|player|p2|A3720|169|1580\n|teamsize|p1|6\n|teamsize|p2|6\n|gen|8\n|tier|[Gen 8] OU\n|rated|\n|rule|Sleep Clause Mod: Limit one foe put to sleep\n|rule|Species Clause: Limit one of each Pok\u00e9mon\n|rule|OHKO Clause: OHKO moves are banned\n|rule|Evasion Moves Clause: Evasion moves are banned\n|rule|Endless Battle Clause: Forcing endless battles is banned\n|rule|HP Percentage Mod: HP is shown in percentages\n|rule|Dynamax Clause: You cannot dynamax\n|clearpoke\n|poke|p1|Buzzwole|\n|poke|p1|Dragapult, F|\n|poke|p1|Volcarona, F|\n|poke|p1|Barbaracle, F|\n|poke|p1|Garchomp, F|\n|poke|p1|Celesteela|\n|poke|p2|Kartana|\n|poke|p2|Slowking, F|\n|poke|p2|Buzzwole|\n|poke|p2|Landorus-Therian, M|\n|poke|p2|Bisharp, F|\n|poke|p2|Zeraora|\n|teampreview\n|j| Riyad Mahrez\n|\n|t:|1647488058\n|start\n|switch|p1a: Barbaracle|Barbaracle, F|100\/100\n|switch|p2a: Landorus|Landorus-Therian, M|100\/100\n|-item|p1a: Barbaracle|Air Balloon\n|-ability|p2a: Landorus|Intimidate|boost\n|-unboost|p1a: Barbaracle|atk|1\n|turn|1\n|j| meowiwantattention\n|inactive|Battle timer is ON: inactive players will automatically lose when time's up. (requested by eromangagaki)\n|j| Crowv2\n|inactive|A3720 has 120 seconds left.\n|\n|t:|1647488117\n|switch|p2a: Buzzwole|Buzzwole|100\/100\n|move|p1a: Barbaracle|Liquidation|p2a: Buzzwole\n|-damage|p2a: Buzzwole|85\/100\n|-damage|p1a: Barbaracle|84\/100|[from] item: Rocky Helmet|[of] p2a: Buzzwole\n|\n|upkeep\n|turn|2\n|\n|t:|1647488125\n|move|p1a: Barbaracle|Stealth Rock|p2a: Buzzwole\n|-sidestart|p2: A3720|move: Stealth Rock\n|move|p2a: Buzzwole|Toxic|p1a: Barbaracle\n|-status|p1a: Barbaracle|tox\n|\n|-damage|p1a: Barbaracle|78\/100 tox|[from] psn\n|upkeep\n|turn|3\n|\n|t:|1647488131\n|switch|p1a: Dragapult|Dragapult, F|100\/100\n|move|p2a: Buzzwole|Close Combat|p1a: Dragapult\n|-immune|p1a: Dragapult\n|\n|upkeep\n|turn|4\n|j| DA COME UP \u265b\n|\n|t:|1647488147\n|switch|p2a: Bisharp|Bisharp, F|100\/100\n|-damage|p2a: Bisharp|95\/100|[from] Stealth Rock\n|move|p1a: Dragapult|Draco Meteor|p2a: Bisharp\n|-resisted|p2a: Bisharp\n|-damage|p2a: Bisharp|29\/100\n|-unboost|p1a: Dragapult|spa|2\n|\n|upkeep\n|turn|5\n|\n|t:|1647488155\n|switch|p1a: Barbaracle|Barbaracle, F|78\/100 tox\n|-item|p1a: Barbaracle|Air Balloon\n|move|p2a: Bisharp|Stealth Rock|p1a: Barbaracle\n|-sidestart|p1: eromangagaki|move: Stealth Rock\n|\n|-damage|p1a: Barbaracle|72\/100 tox|[from] psn\n|upkeep\n|turn|6\n|\n|t:|1647488165\n|move|p1a: Barbaracle|Liquidation|p2a: Bisharp\n|-damage|p2a: Bisharp|0 fnt\n|faint|p2a: Bisharp\n|\n|-damage|p1a: Barbaracle|60\/100 tox|[from] psn\n|upkeep\n|j| LT_Alt1\n|\n|t:|1647488178\n|switch|p2a: Kartana|Kartana|100\/100\n|-damage|p2a: Kartana|94\/100|[from] Stealth Rock\n|turn|7\n|\n|t:|1647488193\n|switch|p1a: Garchomp|Garchomp, F|100\/100\n|-damage|p1a: Garchomp|94\/100|[from] Stealth Rock\n|move|p2a: Kartana|Knock Off|p1a: Garchomp\n|-damage|p1a: Garchomp|57\/100\n|-damage|p2a: Kartana|82\/100|[from] ability: Rough Skin|[of] p1a: Garchomp\n|-damage|p2a: Kartana|65\/100|[from] item: Rocky Helmet|[of] p1a: Garchomp\n|-enditem|p1a: Garchomp|Rocky Helmet|[from] move: Knock Off|[of] p2a: Kartana\n|\n|upkeep\n|turn|8\n|\n|t:|1647488203\n|switch|p2a: Slowking|Slowking, F|100\/100\n|switch|p1a: Barbaracle|Barbaracle, F|60\/100 tox\n|-damage|p1a: Barbaracle|48\/100 tox|[from] Stealth Rock\n|-item|p1a: Barbaracle|Air Balloon\n|\n|-damage|p1a: Barbaracle|42\/100 tox|[from] psn\n|upkeep\n|turn|9\n|\n|t:|1647488211\n|switch|p1a: Dragapult|Dragapult, F|100\/100\n|-damage|p1a: Dragapult|88\/100|[from] Stealth Rock\n|move|p2a: Slowking|Future Sight|p1a: Dragapult\n|-start|p2a: Slowking|move: Future Sight\n|\n|upkeep\n|turn|10\n|\n|t:|1647488221\n|move|p1a: Dragapult|Shadow Ball|p2a: Slowking\n|-supereffective|p2a: Slowking\n|-damage|p2a: Slowking|36\/100\n|-unboost|p2a: Slowking|spd|1\n|move|p2a: Slowking|Teleport|p2a: Slowking\n|\n|t:|1647488230\n|switch|p2a: Zeraora|Zeraora|100\/100|[from]move: Teleport\n|\n|upkeep\n|turn|11\n|\n|t:|1647488236\n|switch|p1a: Barbaracle|Barbaracle, F|42\/100 tox\n|-damage|p1a: Barbaracle|30\/100 tox|[from] Stealth Rock\n|-item|p1a: Barbaracle|Air Balloon\n|move|p2a: Zeraora|Knock Off|p1a: Barbaracle\n|-damage|p1a: Barbaracle|1\/100 tox\n|-enditem|p1a: Barbaracle|Air Balloon\n|-enditem|p2a: Zeraora|Heavy-Duty Boots|[silent]|[from] ability: Pickpocket|[of] p2a: Zeraora\n|-item|p1a: Barbaracle|Heavy-Duty Boots|[from] ability: Pickpocket|[of] p2a: Zeraora\n|\n|-end|p1a: Barbaracle|move: Future Sight\n|-damage|p1a: Barbaracle|0 fnt\n|faint|p1a: Barbaracle\n|upkeep\n|\n|t:|1647488247\n|switch|p1a: Buzzwole|Buzzwole|100\/100\n|-damage|p1a: Buzzwole|88\/100|[from] Stealth Rock\n|turn|12\n|\n|t:|1647488254\n|switch|p2a: Buzzwole|Buzzwole|85\/100\n|-damage|p2a: Buzzwole|72\/100|[from] Stealth Rock\n|move|p1a: Buzzwole|Substitute|p1a: Buzzwole\n|-start|p1a: Buzzwole|Substitute\n|-damage|p1a: Buzzwole|63\/100\n|\n|upkeep\n|turn|13\n|\n|t:|1647488258\n|move|p1a: Buzzwole|Power-Up Punch|p2a: Buzzwole\n|-resisted|p2a: Buzzwole\n|-damage|p2a: Buzzwole|66\/100\n|-boost|p1a: Buzzwole|atk|1\n|-damage|p1a: Buzzwole|47\/100|[from] item: Rocky Helmet|[of] p2a: Buzzwole\n|move|p2a: Buzzwole|Ice Punch|p1a: Buzzwole\n|-activate|p1a: Buzzwole|move: Substitute|[damage]\n|\n|upkeep\n|turn|14\n|\n|t:|1647488263\n|switch|p1a: Dragapult|Dragapult, F|88\/100\n|-damage|p1a: Dragapult|76\/100|[from] Stealth Rock\n|move|p2a: Buzzwole|Ice Punch|p1a: Dragapult\n|-supereffective|p1a: Dragapult\n|-damage|p1a: Dragapult|1\/100\n|\n|upkeep\n|turn|15\n|j| Socitirc\n|inactive|A3720 has 120 seconds left.\n|\n|t:|1647488297\n|switch|p2a: Slowking|Slowking, F|69\/100\n|move|p1a: Dragapult|Shadow Ball|p2a: Slowking\n|-supereffective|p2a: Slowking\n|-damage|p2a: Slowking|4\/100\n|\n|upkeep\n|turn|16\n|\n|t:|1647488301\n|move|p1a: Dragapult|Shadow Ball|p2a: Slowking\n|-supereffective|p2a: Slowking\n|-damage|p2a: Slowking|0 fnt\n|faint|p2a: Slowking\n|\n|upkeep\n|\n|t:|1647488308\n|switch|p2a: Zeraora|Zeraora|100\/100\n|-damage|p2a: Zeraora|88\/100|[from] Stealth Rock\n|turn|17\n|inactive|A3720 has 120 seconds left.\n|\n|t:|1647488332\n|move|p2a: Zeraora|Knock Off|p1a: Dragapult\n|-supereffective|p1a: Dragapult\n|-damage|p1a: Dragapult|0 fnt\n|-enditem|p1a: Dragapult|Choice Specs|[from] move: Knock Off|[of] p2a: Zeraora\n|faint|p1a: Dragapult\n|\n|upkeep\n|\n|t:|1647488334\n|switch|p1a: Garchomp|Garchomp, F|57\/100\n|-damage|p1a: Garchomp|50\/100|[from] Stealth Rock\n|turn|18\n|inactive|A3720 has 120 seconds left.\n|\n|t:|1647488352\n|switch|p2a: Buzzwole|Buzzwole|66\/100\n|-damage|p2a: Buzzwole|54\/100|[from] Stealth Rock\n|move|p1a: Garchomp|Swords Dance|p1a: Garchomp\n|-boost|p1a: Garchomp|atk|2\n|\n|upkeep\n|turn|19\n|\n|t:|1647488358\n|move|p1a: Garchomp|Substitute|p1a: Garchomp\n|-start|p1a: Garchomp|Substitute\n|-damage|p1a: Garchomp|25\/100\n|move|p2a: Buzzwole|Ice Punch|p1a: Garchomp\n|-supereffective|p1a: Garchomp\n|-end|p1a: Garchomp|Substitute\n|\n|upkeep\n|turn|20\n|\n|t:|1647488361\n|move|p1a: Garchomp|Scale Shot|p2a: Buzzwole\n|-damage|p2a: Buzzwole|41\/100\n|-damage|p2a: Buzzwole|27\/100\n|-damage|p2a: Buzzwole|14\/100\n|-hitcount|p2a: Buzzwole|3\n|-unboost|p1a: Garchomp|def|1\n|-boost|p1a: Garchomp|spe|1\n|move|p2a: Buzzwole|Ice Punch|p1a: Garchomp\n|-supereffective|p1a: Garchomp\n|-damage|p1a: Garchomp|0 fnt\n|-damage|p2a: Buzzwole|1\/100|[from] ability: Rough Skin|[of] p1a: Garchomp\n|faint|p1a: Garchomp\n|-ability|p2a: Buzzwole|Beast Boost|boost\n|-boost|p2a: Buzzwole|atk|1\n|\n|upkeep\n|\n|t:|1647488369\n|switch|p1a: Buzzwole|Buzzwole|47\/100\n|-damage|p1a: Buzzwole|34\/100|[from] Stealth Rock\n|turn|21\n|\n|t:|1647488380\n|move|p1a: Buzzwole|Power-Up Punch|p2a: Buzzwole\n|-resisted|p2a: Buzzwole\n|-crit|p2a: Buzzwole\n|-damage|p2a: Buzzwole|0 fnt\n|-boost|p1a: Buzzwole|atk|1\n|-damage|p1a: Buzzwole|18\/100|[from] item: Rocky Helmet|[of] p2a: Buzzwole\n|-enditem|p1a: Buzzwole|Salac Berry|[eat]\n|-boost|p1a: Buzzwole|spe|1|[from] item: Salac Berry\n|faint|p2a: Buzzwole\n|-ability|p1a: Buzzwole|Beast Boost|boost\n|-boost|p1a: Buzzwole|atk|1\n|\n|upkeep\n|\n|t:|1647488392\n|switch|p2a: Zeraora|Zeraora|88\/100\n|-damage|p2a: Zeraora|76\/100|[from] Stealth Rock\n|turn|22\n|\n|t:|1647488402\n|move|p1a: Buzzwole|Ice Punch|p2a: Zeraora\n|-damage|p2a: Zeraora|0 fnt\n|faint|p2a: Zeraora\n|-ability|p1a: Buzzwole|Beast Boost|boost\n|-boost|p1a: Buzzwole|atk|1\n|\n|upkeep\n|inactive|A3720 has 120 seconds left.\n|c|\u2606A3720|gg\n|\n|t:|1647488454\n|switch|p2a: Kartana|Kartana|65\/100\n|-damage|p2a: Kartana|59\/100|[from] Stealth Rock\n|turn|23\n|\n|t:|1647488460\n|move|p1a: Buzzwole|Power-Up Punch|p2a: Kartana\n|-supereffective|p2a: Kartana\n|-damage|p2a: Kartana|0 fnt\n|-boost|p1a: Buzzwole|atk|1\n|faint|p2a: Kartana\n|-ability|p1a: Buzzwole|Beast Boost|boost\n|-boost|p1a: Buzzwole|atk|1\n|\n|upkeep\n|\n|t:|1647488462\n|switch|p2a: Landorus|Landorus-Therian, M|100\/100\n|-damage|p2a: Landorus|88\/100|[from] Stealth Rock\n|-ability|p2a: Landorus|Intimidate|boost\n|-unboost|p1a: Buzzwole|atk|1\n|turn|24\n|c|\u2606eromangagaki|Gg\n|l| Crowv2\n|c|\u2606A3720|buzzwole doesnt happen to have fell stinger does it\n|\n|t:|1647488484\n|move|p1a: Buzzwole|Ice Punch|p2a: Landorus\n|-supereffective|p2a: Landorus\n|-damage|p2a: Landorus|0 fnt\n|faint|p2a: Landorus\n|\n|win|eromangagaki\n|raw|eromangagaki's rating: 1712 &rarr; <strong>1725<\/strong><br \/>(+13 for winning)\n|raw|A3720's rating: 1580 &rarr; <strong>1567<\/strong><br \/>(-13 for losing)\n|l|\u2606eromangagaki\n|l|\u2606A3720\n","uploadtime":1647488507,"views":21,"p1id":"eromangagaki","p2id":"a3720","formatid":"gen8ou","rating":1567,"private":0,"password":null}