{"id":"gen8ou-1441863126","p1":"LT82ZW Guatemala","p2":"cows123p","format":"gen8ou","log":"|j|\u2606LT82ZW Guatemala\n|j|\u2606cows123p\n|t:|1635150562\n|gametype|singles\n|player|p1|LT82ZW Guatemala|170|1847\n|player|p2|cows123p|102|1681\n|teamsize|p1|6\n|teamsize|p2|6\n|gen|8\n|tier|[Gen 8] OU\n|rated|\n|rule|Sleep Clause Mod: Limit one foe put to sleep\n|rule|Species Clause: Limit one of each Pok\u00e9mon\n|rule|OHKO Clause: OHKO moves are banned\n|rule|Evasion Moves Clause: Evasion moves are banned\n|rule|Endless Battle Clause: Forcing endless battles is banned\n|rule|HP Percentage Mod: HP is shown in percentages\n|rule|Dynamax Clause: You cannot dynamax\n|clearpoke\n|poke|p1|Dragonite, F|\n|poke|p1|Magnezone|\n|poke|p1|Landorus-Therian, M|\n|poke|p1|Toxapex, F|\n|poke|p1|Clefable, F|\n|poke|p1|Kartana|\n|poke|p2|Zapdos-Galar|\n|poke|p2|Ferrothorn, M|\n|poke|p2|Garchomp, F|\n|poke|p2|Volcarona, F|\n|poke|p2|Tapu Fini|\n|poke|p2|Dragapult, M|\n|teampreview\n|j| Kiriyama BR\n|inactive|Battle timer is ON: inactive players will automatically lose when time's up. (requested by LT82ZW Guatemala)\n|inactive|cows123p has 120 seconds left.\n|inactive|cows123p has 90 seconds left.\n|inactive|cows123p has 60 seconds left.\n|\n|t:|1635150693\n|start\n|switch|p1a: Clefable|Clefable, F|100\/100\n|switch|p2a: Zapdos|Zapdos-Galar|100\/100\n|turn|1\n|\n|t:|1635150700\n|move|p2a: Zapdos|Brave Bird|p1a: Clefable\n|-damage|p1a: Clefable|34\/100\n|-damage|p2a: Zapdos|74\/100|[from] Recoil\n|move|p1a: Clefable|Moonblast|p2a: Zapdos\n|-supereffective|p2a: Zapdos\n|-damage|p2a: Zapdos|3\/100\n|-unboost|p2a: Zapdos|spa|1\n|-ability|p2a: Zapdos|Defiant\n|-boost|p2a: Zapdos|atk|2\n|\n|upkeep\n|turn|2\n|\n|t:|1635150712\n|switch|p2a: Garchomp|Garchomp, F|100\/100\n|switch|p1a: Magnezone|Magnezone|100\/100\n|\n|upkeep\n|turn|3\n|\n|t:|1635150718\n|switch|p1a: Landorus|Landorus-Therian, M|100\/100\n|-ability|p1a: Landorus|Intimidate|boost\n|-unboost|p2a: Garchomp|atk|1\n|move|p2a: Garchomp|Toxic|p1a: Landorus\n|-status|p1a: Landorus|tox\n|\n|-damage|p1a: Landorus|94\/100 tox|[from] psn\n|upkeep\n|turn|4\n|inactive|LT82ZW Guatemala has 120 seconds left.\n|l| Kiriyama BR\n|\n|t:|1635150773\n|move|p2a: Garchomp|Stealth Rock|p1a: Landorus\n|-sidestart|p1: LT82ZW Guatemala|move: Stealth Rock\n|move|p1a: Landorus|U-turn|p2a: Garchomp\n|-damage|p2a: Garchomp|86\/100\n|-damage|p1a: Landorus|82\/100 tox|[from] ability: Rough Skin|[of] p2a: Garchomp\n|-damage|p1a: Landorus|66\/100 tox|[from] item: Rocky Helmet|[of] p2a: Garchomp\n|\n|t:|1635150776\n|switch|p1a: Clefable|Clefable, F|34\/100|[from]move: U-turn\n|\n|upkeep\n|turn|5\n|inactive|cows123p has 120 seconds left.\n|\n|t:|1635150785\n|move|p2a: Garchomp|Earthquake|p1a: Clefable\n|-damage|p1a: Clefable|10\/100\n|move|p1a: Clefable|Soft-Boiled|p1a: Clefable\n|-heal|p1a: Clefable|60\/100\n|\n|upkeep\n|turn|6\n|inactive|LT82ZW Guatemala has 120 seconds left.\n|inactive|cows123p has 120 seconds left.\n|\n|t:|1635150795\n|switch|p2a: Fat F*ck Ferro|Ferrothorn, M|100\/100\n|move|p1a: Clefable|Stealth Rock|p2a: Fat F*ck Ferro\n|-sidestart|p2: cows123p|move: Stealth Rock\n|\n|upkeep\n|turn|7\n|\n|t:|1635150803\n|switch|p1a: Magnezone|Magnezone|100\/100\n|-damage|p1a: Magnezone|94\/100|[from] Stealth Rock\n|move|p2a: Fat F*ck Ferro|Spikes|p1a: Magnezone\n|-sidestart|p1: LT82ZW Guatemala|Spikes\n|\n|upkeep\n|turn|8\n|\n|t:|1635150809\n|move|p1a: Magnezone|Iron Defense|p1a: Magnezone\n|-boost|p1a: Magnezone|def|2\n|move|p2a: Fat F*ck Ferro|Spikes|p1a: Magnezone\n|-sidestart|p1: LT82ZW Guatemala|Spikes\n|\n|upkeep\n|turn|9\n|\n|t:|1635150816\n|move|p1a: Magnezone|Iron Defense|p1a: Magnezone\n|-boost|p1a: Magnezone|def|2\n|move|p2a: Fat F*ck Ferro|Spikes|p1a: Magnezone\n|-sidestart|p1: LT82ZW Guatemala|Spikes\n|\n|upkeep\n|turn|10\n|\n|t:|1635150820\n|move|p1a: Magnezone|Iron Defense|p1a: Magnezone\n|-boost|p1a: Magnezone|def|2\n|move|p2a: Fat F*ck Ferro|Knock Off|p1a: Magnezone\n|-damage|p1a: Magnezone|90\/100\n|-enditem|p1a: Magnezone|Chople Berry|[from] move: Knock Off|[of] p2a: Fat F*ck Ferro\n|\n|upkeep\n|turn|11\n|\n|t:|1635150828\n|move|p1a: Magnezone|Body Press|p2a: Fat F*ck Ferro\n|-supereffective|p2a: Fat F*ck Ferro\n|-damage|p2a: Fat F*ck Ferro|0 fnt\n|-damage|p1a: Magnezone|77\/100|[from] ability: Iron Barbs|[of] p2a: Fat F*ck Ferro\n|faint|p2a: Fat F*ck Ferro\n|\n|upkeep\n|\n|t:|1635150834\n|switch|p2a: Volcarona|Volcarona, F|100\/100\n|turn|12\n|inactive|LT82ZW Guatemala has 120 seconds left.\n|\n|t:|1635150866\n|move|p2a: Volcarona|Fiery Dance|p1a: Magnezone\n|-supereffective|p1a: Magnezone\n|-damage|p1a: Magnezone|0 fnt\n|faint|p1a: Magnezone\n|\n|upkeep\n|inactive|LT82ZW Guatemala has 120 seconds left.\n|\n|t:|1635150883\n|switch|p1a: Landorus|Landorus-Therian, M|66\/100 tox\n|-damage|p1a: Landorus|53\/100 tox|[from] Stealth Rock\n|-ability|p1a: Landorus|Intimidate|boost\n|-unboost|p2a: Volcarona|atk|1\n|turn|13\n|\n|t:|1635150888\n|move|p2a: Volcarona|Quiver Dance|p2a: Volcarona\n|-boost|p2a: Volcarona|spa|1\n|-boost|p2a: Volcarona|spd|1\n|-boost|p2a: Volcarona|spe|1\n|move|p1a: Landorus|Defog|p2a: Volcarona\n|-unboost|p2a: Volcarona|evasion|1\n|-sideend|p2: cows123p|Stealth Rock|[from] move: Defog|[of] p1a: Landorus\n|-sideend|p1: LT82ZW Guatemala|Spikes|[from] move: Defog|[of] p1a: Landorus\n|-sideend|p1: LT82ZW Guatemala|Stealth Rock|[from] move: Defog|[of] p1a: Landorus\n|\n|-heal|p1a: Landorus|59\/100 tox|[from] item: Leftovers\n|-damage|p1a: Landorus|53\/100 tox|[from] psn\n|upkeep\n|turn|14\n|\n|t:|1635150899\n|move|p2a: Volcarona|Fiery Dance|p1a: Landorus\n|-damage|p1a: Landorus|15\/100 tox\n|-boost|p2a: Volcarona|spa|1\n|move|p1a: Landorus|Knock Off|p2a: Volcarona\n|-damage|p2a: Volcarona|68\/100\n|-enditem|p2a: Volcarona|Heavy-Duty Boots|[from] move: Knock Off|[of] p1a: Landorus\n|\n|-heal|p1a: Landorus|21\/100 tox|[from] item: Leftovers\n|-damage|p1a: Landorus|9\/100 tox|[from] psn\n|upkeep\n|turn|15\n|inactive|LT82ZW Guatemala has 120 seconds left.\n|j| Tabata Toxapex\n|\n|t:|1635150938\n|move|p2a: Volcarona|Fiery Dance|p1a: Landorus\n|-damage|p1a: Landorus|0 fnt\n|faint|p1a: Landorus\n|\n|upkeep\n|\n|t:|1635150941\n|switch|p1a: Dragonite|Dragonite, F|100\/100\n|turn|16\n|\n|t:|1635150948\n|switch|p2a: Tapu Fini|Tapu Fini|100\/100\n|-fieldstart|move: Misty Terrain|[from] ability: Misty Surge|[of] p2a: Tapu Fini\n|move|p1a: Dragonite|Earthquake|p2a: Tapu Fini\n|-damage|p2a: Tapu Fini|52\/100\n|\n|-heal|p2a: Tapu Fini|59\/100|[from] item: Leftovers\n|upkeep\n|turn|17\n|\n|t:|1635150957\n|switch|p1a: Toxapex|Toxapex, F|100\/100\n|move|p2a: Tapu Fini|Knock Off|p1a: Toxapex\n|-damage|p1a: Toxapex|90\/100\n|-damage|p2a: Tapu Fini|42\/100|[from] item: Rocky Helmet|[of] p1a: Toxapex\n|-enditem|p1a: Toxapex|Rocky Helmet|[from] move: Knock Off|[of] p2a: Tapu Fini\n|\n|-heal|p2a: Tapu Fini|48\/100|[from] item: Leftovers\n|upkeep\n|turn|18\n|\n|t:|1635150966\n|switch|p2a: Garchomp|Garchomp, F|86\/100\n|switch|p1a: Kartana|Kartana|100\/100\n|\n|upkeep\n|turn|19\n|\n|t:|1635150973\n|switch|p1a: Clefable|Clefable, F|60\/100\n|move|p2a: Garchomp|Stealth Rock|p1a: Clefable\n|-sidestart|p1: LT82ZW Guatemala|move: Stealth Rock\n|\n|upkeep\n|turn|20\n|\n|t:|1635150980\n|switch|p2a: Zapdos|Zapdos-Galar|3\/100\n|move|p1a: Clefable|Stealth Rock|p2a: Zapdos\n|-sidestart|p2: cows123p|move: Stealth Rock\n|\n|-fieldend|Misty Terrain\n|upkeep\n|turn|21\n|\n|t:|1635150986\n|switch|p1a: Toxapex|Toxapex, F|100\/100\n|-damage|p1a: Toxapex|88\/100|[from] Stealth Rock\n|move|p2a: Zapdos|Brave Bird|p1a: Toxapex\n|-damage|p1a: Toxapex|32\/100\n|-damage|p2a: Zapdos|0 fnt|[from] Recoil\n|faint|p2a: Zapdos\n|\n|upkeep\n|\n|t:|1635150997\n|switch|p2a: Volcarona|Volcarona, F|68\/100\n|-damage|p2a: Volcarona|18\/100|[from] Stealth Rock\n|turn|22\n|\n|t:|1635151014\n|move|p2a: Volcarona|Roost|p2a: Volcarona\n|-heal|p2a: Volcarona|68\/100\n|-singleturn|p2a: Volcarona|move: Roost\n|move|p1a: Toxapex|Light Screen|p1a: Toxapex\n|-sidestart|p1: LT82ZW Guatemala|move: Light Screen\n|\n|upkeep\n|turn|23\n|\n|t:|1635151019\n|switch|p1a: Clefable|Clefable, F|60\/100\n|move|p2a: Volcarona|Psychic|p1a: Clefable\n|-damage|p1a: Clefable|49\/100\n|\n|upkeep\n|turn|24\n|\n|t:|1635151027\n|switch|p2a: Tapu Fini|Tapu Fini|48\/100\n|-damage|p2a: Tapu Fini|36\/100|[from] Stealth Rock\n|-fieldstart|move: Misty Terrain|[from] ability: Misty Surge|[of] p2a: Tapu Fini\n|move|p1a: Clefable|Trick|p2a: Tapu Fini\n|-activate|p1a: Clefable|move: Trick|[of] p2a: Tapu Fini\n|-item|p2a: Tapu Fini|Sticky Barb|[from] move: Trick\n|-item|p1a: Clefable|Leftovers|[from] move: Trick\n|\n|-heal|p1a: Clefable|55\/100|[from] item: Leftovers\n|-damage|p2a: Tapu Fini|24\/100|[from] item: Sticky Barb\n|upkeep\n|turn|25\n|\n|t:|1635151038\n|move|p2a: Tapu Fini|Knock Off|p1a: Clefable\n|-resisted|p1a: Clefable\n|-damage|p1a: Clefable|49\/100\n|-enditem|p1a: Clefable|Leftovers|[from] move: Knock Off|[of] p2a: Tapu Fini\n|move|p1a: Clefable|Stealth Rock||[still]\n|-fail|p1a: Clefable\n|\n|-damage|p2a: Tapu Fini|11\/100|[from] item: Sticky Barb\n|upkeep\n|turn|26\n|\n|t:|1635151048\n|move|p2a: Tapu Fini|Moonblast|p1a: Clefable\n|-damage|p1a: Clefable|35\/100\n|move|p1a: Clefable|Soft-Boiled|p1a: Clefable\n|-heal|p1a: Clefable|85\/100\n|\n|-sideend|p1: LT82ZW Guatemala|move: Light Screen\n|-damage|p2a: Tapu Fini|0 fnt|[from] item: Sticky Barb\n|faint|p2a: Tapu Fini\n|upkeep\n|\n|t:|1635151057\n|switch|p2a: Volcarona|Volcarona, F|68\/100\n|-damage|p2a: Volcarona|18\/100|[from] Stealth Rock\n|turn|27\n|\n|t:|1635151068\n|switch|p1a: Dragonite|Dragonite, F|100\/100\n|-damage|p1a: Dragonite|76\/100|[from] Stealth Rock\n|move|p2a: Volcarona|Roost|p2a: Volcarona\n|-heal|p2a: Volcarona|68\/100\n|-singleturn|p2a: Volcarona|move: Roost\n|\n|upkeep\n|turn|28\n|\n|t:|1635151081\n|switch|p2a: Garchomp|Garchomp, F|86\/100\n|-damage|p2a: Garchomp|80\/100|[from] Stealth Rock\n|move|p1a: Dragonite|Earthquake|p2a: Garchomp\n|-damage|p2a: Garchomp|46\/100\n|\n|-fieldend|Misty Terrain\n|upkeep\n|turn|29\n|\n|t:|1635151091\n|switch|p2a: Volcarona|Volcarona, F|68\/100\n|-damage|p2a: Volcarona|18\/100|[from] Stealth Rock\n|move|p1a: Dragonite|Earthquake|p2a: Volcarona\n|-damage|p2a: Volcarona|0 fnt\n|faint|p2a: Volcarona\n|\n|upkeep\n|\n|t:|1635151098\n|switch|p2a: Dragapult|Dragapult, M|100\/100\n|-damage|p2a: Dragapult|88\/100|[from] Stealth Rock\n|turn|30\n|\n|t:|1635151102\n|move|p2a: Dragapult|Shadow Ball|p1a: Dragonite\n|-damage|p1a: Dragonite|22\/100\n|move|p1a: Dragonite|Earthquake|p2a: Dragapult\n|-damage|p2a: Dragapult|11\/100\n|\n|upkeep\n|turn|31\n|\n|t:|1635151110\n|move|p2a: Dragapult|Shadow Ball|p1a: Dragonite\n|-damage|p1a: Dragonite|0 fnt\n|faint|p1a: Dragonite\n|\n|upkeep\n|\n|t:|1635151115\n|switch|p1a: Toxapex|Toxapex, F|65\/100\n|-damage|p1a: Toxapex|53\/100|[from] Stealth Rock\n|turn|32\n|\n|t:|1635151123\n|move|p2a: Dragapult|Shadow Ball|p1a: Toxapex\n|-damage|p1a: Toxapex|12\/100\n|-unboost|p1a: Toxapex|spd|1\n|move|p1a: Toxapex|Scald|p2a: Dragapult\n|-resisted|p2a: Dragapult\n|-damage|p2a: Dragapult|0 fnt\n|faint|p2a: Dragapult\n|\n|upkeep\n|-message|cows123p forfeited.\n|\n|win|LT82ZW Guatemala\n|raw|LT82ZW Guatemala's rating: 1867 &rarr; <strong>1877<\/strong><br \/>(+10 for winning)\n|raw|cows123p's rating: 1681 &rarr; <strong>1671<\/strong><br \/>(-10 for losing)\n|l|\u2606cows123p\n","uploadtime":1635151135,"views":25,"p1id":"lt82zwguatemala","p2id":"cows123p","formatid":"gen8ou","rating":1671,"private":0,"password":null}