{"id":"gen8uu-1145501118","p1":"Blue chen","p2":"Die von platin","format":"gen8uu","log":"|j|\u2606Blue chen\n|j|\u2606Die von platin\n|player|p1|Blue chen|karen|1282\n|player|p2|Die von platin|fantina|1279\n|teamsize|p1|6\n|teamsize|p2|6\n|gametype|singles\n|gen|8\n|tier|[Gen 8] UU\n|rated|\n|clearpoke\n|poke|p1|Accelgor, M|\n|poke|p1|Cobalion|\n|poke|p1|Terrakion|\n|poke|p1|Keldeo-Resolute|\n|poke|p1|Jirachi|\n|poke|p1|Kyurem|\n|poke|p2|Gardevoir, M|\n|poke|p2|Roserade, M|\n|poke|p2|Ribombee, F|\n|poke|p2|Barbaracle, M|\n|poke|p2|Sirfetch\u2019d, F|\n|poke|p2|Flygon, F|\n|rule|Sleep Clause Mod: Limit one foe put to sleep\n|rule|Species Clause: Limit one of each Pok\u00e9mon\n|rule|OHKO Clause: OHKO moves are banned\n|rule|Evasion Moves Clause: Evasion moves are banned\n|rule|Endless Battle Clause: Forcing endless battles is banned\n|rule|HP Percentage Mod: HP is shown in percentages\n|rule|Dynamax Clause: You cannot dynamax\n|teampreview\n|j| The_p0dcast\n|\n|start\n|switch|p1a: Accelgor|Accelgor, M|100\/100\n|switch|p2a: Flower power|Roserade, M, shiny|100\/100\n|turn|1\n|l| The_p0dcast\n|\n|move|p1a: Accelgor|Spikes|p2a: Flower power\n|-sidestart|p2: Die von platin|Spikes\n|move|p2a: Flower power|Poison Jab|p1a: Accelgor\n|-damage|p1a: Accelgor|32\/100\n|-status|p1a: Accelgor|psn\n|-damage|p2a: Flower power|91\/100|[from] item: Life Orb\n|\n|-damage|p1a: Accelgor|20\/100 psn|[from] psn\n|upkeep\n|turn|2\n|\n|move|p1a: Accelgor|Toxic Spikes|p2a: Flower power\n|-sidestart|p2: Die von platin|move: Toxic Spikes\n|move|p2a: Flower power|Swords Dance|p2a: Flower power\n|-boost|p2a: Flower power|atk|2\n|\n|-damage|p1a: Accelgor|8\/100 psn|[from] psn\n|upkeep\n|turn|3\n|\n|move|p1a: Accelgor|Spikes|p2a: Flower power\n|-sidestart|p2: Die von platin|Spikes\n|move|p2a: Flower power|Swords Dance|p2a: Flower power\n|-boost|p2a: Flower power|atk|2\n|\n|-damage|p1a: Accelgor|0 fnt|[from] psn\n|faint|p1a: Accelgor\n|upkeep\n|\n|switch|p1a: Jirachi|Jirachi|100\/100\n|turn|4\n|\n|move|p1a: Jirachi|Iron Head|p2a: Flower power\n|-damage|p2a: Flower power|30\/100\n|cant|p2a: Flower power|flinch\n|\n|upkeep\n|turn|5\n|\n|move|p1a: Jirachi|Iron Head|p2a: Flower power\n|-damage|p2a: Flower power|0 fnt\n|faint|p2a: Flower power\n|\n|upkeep\n|\n|switch|p2a: Need mega evo|Flygon, F, shiny|100\/100\n|turn|6\n|\n|move|p1a: Jirachi|Iron Head|p2a: Need mega evo\n|-damage|p2a: Need mega evo|50\/100\n|move|p2a: Need mega evo|Defog|p1a: Jirachi\n|-unboost|p1a: Jirachi|evasion|1\n|-sideend|p2: Die von platin|Spikes|[from] move: Defog|[of] p2a: Need mega evo\n|-sideend|p2: Die von platin|Toxic Spikes|[from] move: Defog|[of] p2a: Need mega evo\n|\n|upkeep\n|turn|7\n|\n|switch|p2a: Ugly shiat|Barbaracle, M|100\/100\n|move|p1a: Jirachi|Iron Head|p2a: Ugly shiat\n|-damage|p2a: Ugly shiat|76\/100\n|\n|-heal|p2a: Ugly shiat|82\/100|[from] item: Leftovers\n|upkeep\n|turn|8\n|\n|move|p1a: Jirachi|Iron Head|p2a: Ugly shiat\n|-damage|p2a: Ugly shiat|60\/100\n|cant|p2a: Ugly shiat|flinch\n|\n|-heal|p2a: Ugly shiat|66\/100|[from] item: Leftovers\n|upkeep\n|turn|9\n|\n|move|p1a: Jirachi|Iron Head|p2a: Ugly shiat\n|-damage|p2a: Ugly shiat|44\/100\n|move|p2a: Ugly shiat|Liquidation|p1a: Jirachi\n|-damage|p1a: Jirachi|58\/100\n|\n|-heal|p2a: Ugly shiat|50\/100|[from] item: Leftovers\n|upkeep\n|turn|10\n|\n|switch|p1a: Cobalion|Cobalion|100\/100\n|move|p2a: Ugly shiat|Stealth Rock|p1a: Cobalion\n|-sidestart|p1: Blue chen|move: Stealth Rock\n|\n|-heal|p2a: Ugly shiat|56\/100|[from] item: Leftovers\n|upkeep\n|turn|11\n|inactive|Battle timer is ON: inactive players will automatically lose when time's up. (requested by Die von platin)\n|\n|move|p1a: Cobalion|Stealth Rock|p2a: Ugly shiat\n|-sidestart|p2: Die von platin|move: Stealth Rock\n|move|p2a: Ugly shiat|Low Kick|p1a: Cobalion\n|-supereffective|p1a: Cobalion\n|-damage|p1a: Cobalion|41\/100\n|\n|-heal|p1a: Cobalion|47\/100|[from] item: Leftovers\n|-heal|p2a: Ugly shiat|62\/100|[from] item: Leftovers\n|upkeep\n|turn|12\n|\n|move|p1a: Cobalion|Volt Switch|p2a: Ugly shiat\n|-supereffective|p2a: Ugly shiat\n|-damage|p2a: Ugly shiat|33\/100\n|\n|switch|p1a: Jirachi|Jirachi|58\/100|[from]move: Volt Switch\n|-damage|p1a: Jirachi|52\/100|[from] Stealth Rock\n|move|p2a: Ugly shiat|Low Kick|p1a: Jirachi\n|-damage|p1a: Jirachi|46\/100\n|\n|-heal|p2a: Ugly shiat|39\/100|[from] item: Leftovers\n|upkeep\n|turn|13\n|\n|move|p1a: Jirachi|Iron Head|p2a: Ugly shiat\n|-damage|p2a: Ugly shiat|17\/100\n|move|p2a: Ugly shiat|Liquidation|p1a: Jirachi\n|-damage|p1a: Jirachi|5\/100\n|\n|-heal|p2a: Ugly shiat|23\/100|[from] item: Leftovers\n|upkeep\n|turn|14\n|\n|move|p1a: Jirachi|Iron Head|p2a: Ugly shiat\n|-damage|p2a: Ugly shiat|0 fnt\n|faint|p2a: Ugly shiat\n|\n|upkeep\n|\n|switch|p2a: Sir anus stick|Sirfetch\u2019d, F|100\/100\n|-damage|p2a: Sir anus stick|94\/100|[from] Stealth Rock\n|turn|15\n|\n|move|p2a: Sir anus stick|Quick Attack|p1a: Jirachi\n|-resisted|p1a: Jirachi\n|-damage|p1a: Jirachi|0 fnt\n|faint|p1a: Jirachi\n|\n|upkeep\n|\n|switch|p1a: Cobalion|Cobalion|47\/100\n|-damage|p1a: Cobalion|44\/100|[from] Stealth Rock\n|turn|16\n|\n|move|p1a: Cobalion|Iron Head|p2a: Sir anus stick\n|-damage|p2a: Sir anus stick|48\/100\n|move|p2a: Sir anus stick|Close Combat|p1a: Cobalion\n|-supereffective|p1a: Cobalion\n|-crit|p1a: Cobalion\n|-damage|p1a: Cobalion|0 fnt\n|-unboost|p2a: Sir anus stick|def|1\n|-unboost|p2a: Sir anus stick|spd|1\n|faint|p1a: Cobalion\n|\n|upkeep\n|\n|switch|p1a: Kyurem|Kyurem|100\/100\n|-damage|p1a: Kyurem|76\/100|[from] Stealth Rock\n|-ability|p1a: Kyurem|Pressure\n|turn|17\n|\n|move|p1a: Kyurem|Ice Beam|p2a: Sir anus stick\n|-damage|p2a: Sir anus stick|0 fnt\n|faint|p2a: Sir anus stick\n|\n|upkeep\n|\n|switch|p2a: Bussy pls|Ribombee, F, shiny|100\/100\n|-damage|p2a: Bussy pls|76\/100|[from] Stealth Rock\n|turn|18\n|\n|move|p2a: Bussy pls|Moonblast|p1a: Kyurem\n|-supereffective|p1a: Kyurem\n|-damage|p1a: Kyurem|0 fnt\n|faint|p1a: Kyurem\n|\n|upkeep\n|\n|switch|p1a: Terrakion|Terrakion|100\/100\n|-damage|p1a: Terrakion|94\/100|[from] Stealth Rock\n|turn|19\n|\n|move|p2a: Bussy pls|Moonblast|p1a: Terrakion\n|-supereffective|p1a: Terrakion\n|-damage|p1a: Terrakion|0 fnt\n|faint|p1a: Terrakion\n|\n|upkeep\n|-message|Blue chen forfeited.\n|\n|win|Die von platin\n|l|\u2606Blue chen\n|l|\u2606Die von platin\n|raw|Blue chen's rating: 1313 &rarr; <strong>1291<\/strong><br \/>(-22 for losing)\n|raw|Die von platin's rating: 1279 &rarr; <strong>1306<\/strong><br \/>(+27 for winning)\n|j|\u2606Die von platin\n|player|p2|Die von platin|fantina\n","uploadtime":1593952021,"views":11,"p1id":"bluechen","p2id":"dievonplatin","formatid":"gen8uu","rating":1291,"private":0,"password":null}