{"id":"gen8uu-1107928377","p1":"TryHonesty","p2":"S3_BH1 Astrostyle","format":"gen8uu","log":"|j|\u2606TryHonesty\n|j|\u2606S3_BH1 Astrostyle\n|player|p1|TryHonesty|101|1134\n|player|p2|S3_BH1 Astrostyle|elesa|1139\n|teamsize|p1|6\n|teamsize|p2|6\n|gametype|singles\n|gen|8\n|tier|[Gen 8] UU\n|rated|\n|clearpoke\n|poke|p1|Necrozma|\n|poke|p1|Rotom-Frost|\n|poke|p1|Darmanitan, M|\n|poke|p1|Toxtricity, M|\n|poke|p1|Gallade, M|\n|poke|p1|Flygon, F|\n|poke|p2|Toxicroak, F|\n|poke|p2|Blastoise, M|\n|poke|p2|Umbreon, F|\n|poke|p2|Weezing-Galar, M|\n|poke|p2|Bronzong|\n|poke|p2|Arcanine, M|\n|rule|Sleep Clause Mod: Limit one foe put to sleep\n|rule|Species Clause: Limit one of each Pok\u00e9mon\n|rule|OHKO Clause: OHKO moves are banned\n|rule|Evasion Moves Clause: Evasion moves are banned\n|rule|Endless Battle Clause: Forcing endless battles is banned\n|rule|HP Percentage Mod: HP is shown in percentages\n|rule|Dynamax Clause: You cannot dynamax\n|teampreview\n|inactive|Battle timer is ON: inactive players will automatically lose when time's up. (requested by TryHonesty)\n|\n|start\n|switch|p1a: Darmanitan|Darmanitan, M|100\/100\n|switch|p2a: Arcanine|Arcanine, M|100\/100\n|-ability|p2a: Arcanine|Intimidate|boost\n|-unboost|p1a: Darmanitan|atk|1\n|turn|1\n|\n|switch|p2a: Weezing|Weezing-Galar, M|100\/100\n|move|p1a: Darmanitan|U-turn|p2a: Weezing\n|-resisted|p2a: Weezing\n|-damage|p2a: Weezing|96\/100\n|\n|switch|p1a: Necrozma|Necrozma|100\/100|[from]move: U-turn\n|\n|-heal|p2a: Weezing|100\/100|[from] item: Black Sludge\n|upkeep\n|turn|2\n|\n|move|p1a: Necrozma|Dragon Dance|p1a: Necrozma\n|-boost|p1a: Necrozma|atk|1\n|-boost|p1a: Necrozma|spe|1\n|move|p2a: Weezing|Toxic|p1a: Necrozma\n|-status|p1a: Necrozma|tox\n|\n|-damage|p1a: Necrozma|95\/100 tox|[from] psn\n|upkeep\n|turn|3\n|\n|move|p1a: Necrozma|Psychic Fangs|p2a: Weezing\n|-supereffective|p2a: Weezing\n|-damage|p2a: Weezing|21\/100\n|move|p2a: Weezing|Strange Steam|p1a: Necrozma\n|-damage|p1a: Necrozma|66\/100 tox\n|\n|-heal|p2a: Weezing|27\/100|[from] item: Black Sludge\n|-damage|p1a: Necrozma|54\/100 tox|[from] psn\n|upkeep\n|turn|4\n|\n|switch|p2a: Umbreon|Umbreon, F|100\/100\n|move|p1a: Necrozma|Knock Off|p2a: Umbreon\n|-resisted|p2a: Umbreon\n|-damage|p2a: Umbreon|81\/100\n|-enditem|p2a: Umbreon|Leftovers|[from] move: Knock Off|[of] p1a: Necrozma\n|\n|-damage|p1a: Necrozma|36\/100 tox|[from] psn\n|upkeep\n|turn|5\n|\n|move|p1a: Necrozma|Dragon Dance|p1a: Necrozma\n|-boost|p1a: Necrozma|atk|1\n|-boost|p1a: Necrozma|spe|1\n|move|p2a: Umbreon|Wish|p2a: Umbreon\n|\n|-damage|p1a: Necrozma|12\/100 tox|[from] psn\n|upkeep\n|turn|6\n|\n|move|p2a: Umbreon|Protect|p2a: Umbreon\n|-singleturn|p2a: Umbreon|Protect\n|move|p1a: Necrozma|X-Scissor|p2a: Umbreon\n|-activate|p2a: Umbreon|move: Protect\n|\n|-heal|p2a: Umbreon|100\/100|[from] move: Wish|[wisher] Umbreon\n|-damage|p1a: Necrozma|0 fnt|[from] psn\n|faint|p1a: Necrozma\n|upkeep\n|\n|switch|p1a: Gallade|Gallade, M|100\/100\n|turn|7\n|\n|switch|p2a: Arcanine|Arcanine, M|100\/100\n|-ability|p2a: Arcanine|Intimidate|boost\n|-unboost|p1a: Gallade|atk|1\n|move|p1a: Gallade|Swords Dance|p1a: Gallade\n|-boost|p1a: Gallade|atk|2\n|\n|upkeep\n|turn|8\n|\n|switch|p1a: Darmanitan|Darmanitan, M|100\/100\n|move|p2a: Arcanine|Will-O-Wisp|p1a: Darmanitan\n|-immune|p1a: Darmanitan\n|\n|upkeep\n|turn|9\n|\n|move|p1a: Darmanitan|Flare Blitz|p2a: Arcanine\n|-resisted|p2a: Arcanine\n|-damage|p2a: Arcanine|39\/100\n|-damage|p1a: Darmanitan|78\/100|[from] Recoil\n|move|p2a: Arcanine|Toxic|p1a: Darmanitan\n|-status|p1a: Darmanitan|tox\n|\n|-damage|p1a: Darmanitan|72\/100 tox|[from] psn\n|upkeep\n|turn|10\n|\n|switch|p2a: Blastoise|Blastoise, M|100\/100\n|move|p1a: Darmanitan|Flare Blitz|p2a: Blastoise\n|-resisted|p2a: Blastoise\n|-damage|p2a: Blastoise|15\/100\n|-damage|p1a: Darmanitan|48\/100 tox|[from] Recoil\n|\n|-damage|p1a: Darmanitan|36\/100 tox|[from] psn\n|upkeep\n|turn|11\n|\n|move|p1a: Darmanitan|Flare Blitz|p2a: Blastoise\n|-resisted|p2a: Blastoise\n|-damage|p2a: Blastoise|0 fnt\n|-damage|p1a: Darmanitan|32\/100 tox|[from] Recoil\n|faint|p2a: Blastoise\n|\n|-damage|p1a: Darmanitan|14\/100 tox|[from] psn\n|upkeep\n|\n|switch|p2a: Umbreon|Umbreon, F|100\/100\n|turn|12\n|\n|switch|p1a: Gallade|Gallade, M|100\/100\n|move|p2a: Umbreon|Protect||[still]\n|-fail|p2a: Umbreon\n|\n|upkeep\n|turn|13\n|\n|switch|p2a: Arcanine|Arcanine, M|39\/100\n|-ability|p2a: Arcanine|Intimidate|boost\n|-unboost|p1a: Gallade|atk|1\n|move|p1a: Gallade|Swords Dance|p1a: Gallade\n|-boost|p1a: Gallade|atk|2\n|\n|upkeep\n|turn|14\n|\n|move|p2a: Arcanine|Will-O-Wisp|p1a: Gallade\n|-status|p1a: Gallade|brn\n|move|p1a: Gallade|Close Combat|p2a: Arcanine\n|-damage|p2a: Arcanine|0 fnt\n|-unboost|p1a: Gallade|def|1\n|-unboost|p1a: Gallade|spd|1\n|-damage|p1a: Gallade|91\/100 brn|[from] item: Life Orb\n|faint|p2a: Arcanine\n|\n|-damage|p1a: Gallade|85\/100 brn|[from] brn\n|upkeep\n|\n|switch|p2a: Weezing|Weezing-Galar, M|27\/100\n|turn|15\n|inactive|TryHonesty has 120 seconds left.\n|\n|move|p1a: Gallade|Psycho Cut|p2a: Weezing\n|-supereffective|p2a: Weezing\n|-crit|p2a: Weezing\n|-damage|p2a: Weezing|0 fnt\n|-damage|p1a: Gallade|75\/100 brn|[from] item: Life Orb\n|faint|p2a: Weezing\n|\n|-damage|p1a: Gallade|69\/100 brn|[from] brn\n|upkeep\n|\n|switch|p2a: Bronzong|Bronzong|100\/100\n|turn|16\n|inactive|TryHonesty has 120 seconds left.\n|inactive|TryHonesty has 90 seconds left.\n|\n|move|p1a: Gallade|Swords Dance|p1a: Gallade\n|-boost|p1a: Gallade|atk|2\n|move|p2a: Bronzong|Psychic|p1a: Gallade\n|-damage|p1a: Gallade|26\/100 brn\n|-unboost|p1a: Gallade|spd|1\n|\n|-damage|p1a: Gallade|20\/100 brn|[from] brn\n|upkeep\n|turn|17\n|\n|move|p1a: Gallade|Close Combat|p2a: Bronzong\n|-damage|p2a: Bronzong|9\/100\n|-unboost|p1a: Gallade|def|1\n|-unboost|p1a: Gallade|spd|1\n|-damage|p1a: Gallade|11\/100 brn|[from] item: Life Orb\n|move|p2a: Bronzong|Stealth Rock|p1a: Gallade\n|-sidestart|p1: TryHonesty|move: Stealth Rock\n|\n|-heal|p2a: Bronzong|15\/100|[from] item: Leftovers\n|-damage|p1a: Gallade|4\/100 brn|[from] brn\n|upkeep\n|turn|18\n|inactive|TryHonesty has 90 seconds left.\n|\n|move|p2a: Bronzong|Protect|p2a: Bronzong\n|-singleturn|p2a: Bronzong|Protect\n|move|p1a: Gallade|Close Combat|p2a: Bronzong\n|-activate|p2a: Bronzong|move: Protect\n|\n|-heal|p2a: Bronzong|22\/100|[from] item: Leftovers\n|-damage|p1a: Gallade|0 fnt|[from] brn\n|faint|p1a: Gallade\n|upkeep\n|inactive|TryHonesty has 90 seconds left.\n|\n|switch|p1a: Flygon|Flygon, F|100\/100\n|-damage|p1a: Flygon|95\/100|[from] Stealth Rock\n|turn|19\n|\n|move|p1a: Flygon|Dragon Dance|p1a: Flygon\n|-boost|p1a: Flygon|atk|1\n|-boost|p1a: Flygon|spe|1\n|move|p2a: Bronzong|Toxic|p1a: Flygon\n|-status|p1a: Flygon|tox\n|\n|-heal|p2a: Bronzong|28\/100|[from] item: Leftovers\n|-damage|p1a: Flygon|89\/100 tox|[from] psn\n|upkeep\n|turn|20\n|\n|move|p2a: Bronzong|Protect|p2a: Bronzong\n|-singleturn|p2a: Bronzong|Protect\n|move|p1a: Flygon|Fire Punch|p2a: Bronzong\n|-activate|p2a: Bronzong|move: Protect\n|\n|-heal|p2a: Bronzong|34\/100|[from] item: Leftovers\n|-damage|p1a: Flygon|77\/100 tox|[from] psn\n|upkeep\n|turn|21\n|\n|move|p1a: Flygon|Dragon Dance|p1a: Flygon\n|-boost|p1a: Flygon|atk|1\n|-boost|p1a: Flygon|spe|1\n|move|p2a: Bronzong|Psychic|p1a: Flygon\n|-damage|p1a: Flygon|42\/100 tox\n|\n|-heal|p2a: Bronzong|40\/100|[from] item: Leftovers\n|-damage|p1a: Flygon|24\/100 tox|[from] psn\n|upkeep\n|turn|22\n|\n|move|p2a: Bronzong|Protect|p2a: Bronzong\n|-singleturn|p2a: Bronzong|Protect\n|move|p1a: Flygon|Fire Punch|p2a: Bronzong\n|-activate|p2a: Bronzong|move: Protect\n|\n|-heal|p2a: Bronzong|46\/100|[from] item: Leftovers\n|-damage|p1a: Flygon|0 fnt|[from] psn\n|faint|p1a: Flygon\n|upkeep\n|\n|switch|p1a: Toxtricity|Toxtricity, M|100\/100\n|-damage|p1a: Toxtricity|88\/100|[from] Stealth Rock\n|turn|23\n|\n|move|p1a: Toxtricity|Overdrive|p2a: Bronzong\n|-damage|p2a: Bronzong|0 fnt\n|-damage|p1a: Toxtricity|78\/100|[from] item: Life Orb\n|faint|p2a: Bronzong\n|\n|upkeep\n|\n|switch|p2a: Umbreon|Umbreon, F|100\/100\n|turn|24\n|\n|switch|p1a: Darmanitan|Darmanitan, M|14\/100 tox\n|-damage|p1a: Darmanitan|0 fnt|[from] Stealth Rock\n|faint|p1a: Darmanitan\n|move|p2a: Umbreon|Wish|p2a: Umbreon\n|\n|upkeep\n|\n|switch|p1a: Rotom|Rotom-Frost|100\/100\n|-damage|p1a: Rotom|76\/100|[from] Stealth Rock\n|turn|25\n|\n|move|p1a: Rotom|Nasty Plot|p1a: Rotom\n|-boost|p1a: Rotom|spa|2\n|move|p2a: Umbreon|Foul Play|p1a: Rotom\n|-damage|p1a: Rotom|53\/100\n|\n|upkeep\n|turn|26\n|\n|move|p1a: Rotom|Thunder|p2a: Umbreon|[miss]\n|-miss|p1a: Rotom|p2a: Umbreon\n|-enditem|p1a: Rotom|Blunder Policy\n|-boost|p1a: Rotom|spe|2\n|move|p2a: Umbreon|Wish|p2a: Umbreon\n|\n|upkeep\n|turn|27\n|\n|move|p1a: Rotom|Thunderbolt|p2a: Umbreon\n|-damage|p2a: Umbreon|50\/100\n|move|p2a: Umbreon|Foul Play|p1a: Rotom\n|-damage|p1a: Rotom|30\/100\n|\n|-heal|p2a: Umbreon|99\/100|[from] move: Wish|[wisher] Umbreon\n|upkeep\n|turn|28\n|\n|move|p1a: Rotom|Thunderbolt|p2a: Umbreon\n|-damage|p2a: Umbreon|53\/100\n|move|p2a: Umbreon|Wish|p2a: Umbreon\n|\n|upkeep\n|turn|29\n|\n|move|p1a: Rotom|Nasty Plot|p1a: Rotom\n|-boost|p1a: Rotom|spa|2\n|move|p2a: Umbreon|Foul Play|p1a: Rotom\n|-damage|p1a: Rotom|8\/100\n|\n|-heal|p2a: Umbreon|100\/100|[from] move: Wish|[wisher] Umbreon\n|upkeep\n|turn|30\n|\n|move|p1a: Rotom|Thunder|p2a: Umbreon|[miss]\n|-miss|p1a: Rotom|p2a: Umbreon\n|move|p2a: Umbreon|Foul Play|p1a: Rotom\n|-damage|p1a: Rotom|0 fnt\n|faint|p1a: Rotom\n|\n|upkeep\n|-message|TryHonesty forfeited.\n|\n|win|S3_BH1 Astrostyle\n|l|\u2606TryHonesty\n|raw|TryHonesty's rating: 1134 &rarr; <strong>1109<\/strong><br \/>(-25 for losing)\n|raw|S3_BH1 Astrostyle's rating: 1139 &rarr; <strong>1164<\/strong><br \/>(+25 for winning)\n","uploadtime":1588516708,"views":9,"p1id":"tryhonesty","p2id":"s3bh1astrostyle","formatid":"gen8uu","rating":1109,"private":0,"password":null}