{"id":"gen8nationaldex-1683672041","p1":"rooopos","p2":"YeezyRiolu","format":"gen8nationaldex","log":"|j|\u2606rooopos\n|j|\u2606YeezyRiolu\n|t:|1665550079\n|gametype|singles\n|player|p1|rooopos|2|1590\n|player|p2|YeezyRiolu|dawn|1731\n|teamsize|p1|6\n|teamsize|p2|6\n|gen|8\n|tier|[Gen 8] National Dex\n|rated|\n|rule|HP Percentage Mod: HP is shown in percentages\n|rule|Endless Battle Clause: Forcing endless battles is banned\n|rule|OHKO Clause: OHKO moves are banned\n|rule|Evasion Moves Clause: Evasion moves are banned\n|rule|Species Clause: Limit one of each Pok\u00e9mon\n|rule|Dynamax Clause: You cannot dynamax\n|rule|Sleep Clause Mod: Limit one foe put to sleep\n|clearpoke\n|poke|p1|Torkoal, F|\n|poke|p1|Charizard, M|\n|poke|p1|Venusaur, F|\n|poke|p1|Hydreigon, F|\n|poke|p1|Rhyperior, M|\n|poke|p1|Cresselia, F|\n|poke|p2|Porygon-Z|\n|poke|p2|Charizard, M|\n|poke|p2|Heatran, M|\n|poke|p2|Gengar, M|\n|poke|p2|Donphan, F|\n|poke|p2|Umbreon, F|\n|teampreview\n|\n|t:|1665550118\n|start\n|switch|p1a: Rhyperior|Rhyperior, M|100\/100\n|switch|p2a: half a xan|Donphan, F|100\/100\n|turn|1\n|\n|t:|1665550126\n|move|p2a: half a xan|Stealth Rock|p1a: Rhyperior\n|-sidestart|p1: rooopos|move: Stealth Rock\n|move|p1a: Rhyperior|Earthquake|p2a: half a xan\n|-crit|p2a: half a xan\n|-damage|p2a: half a xan|63\/100\n|\n|-heal|p2a: half a xan|69\/100|[from] item: Leftovers\n|upkeep\n|turn|2\n|\n|t:|1665550142\n|switch|p1a: Hydreigon|Hydreigon, F|100\/100\n|-damage|p1a: Hydreigon|88\/100|[from] Stealth Rock\n|move|p2a: half a xan|Earthquake|p1a: Hydreigon\n|-immune|p1a: Hydreigon|[from] ability: Levitate\n|\n|-heal|p1a: Hydreigon|94\/100|[from] item: Leftovers\n|-heal|p2a: half a xan|75\/100|[from] item: Leftovers\n|upkeep\n|turn|3\n|\n|t:|1665550151\n|switch|p2a: 13 hours|Umbreon, F|100\/100\n|move|p1a: Hydreigon|Defog|p2a: 13 hours\n|-unboost|p2a: 13 hours|evasion|1\n|-sideend|p1: rooopos|Stealth Rock|[from] move: Defog|[of] p1a: Hydreigon\n|\n|-heal|p1a: Hydreigon|100\/100|[from] item: Leftovers\n|upkeep\n|turn|4\n|\n|t:|1665550163\n|switch|p1a: Torkoal|Torkoal, F|100\/100\n|-weather|SunnyDay|[from] ability: Drought|[of] p1a: Torkoal\n|switch|p2a: la flame|Heatran, M|100\/100\n|\n|-weather|SunnyDay|[upkeep]\n|upkeep\n|turn|5\n|\n|t:|1665550172\n|switch|p2a: 13 hours|Umbreon, F|100\/100\n|switch|p1a: Hydreigon|Hydreigon, F|100\/100\n|\n|-weather|SunnyDay|[upkeep]\n|upkeep\n|turn|6\n|\n|t:|1665550179\n|switch|p1a: Venusaur|Venusaur, F|100\/100\n|move|p2a: 13 hours|Toxic|p1a: Venusaur\n|-immune|p1a: Venusaur\n|\n|-weather|SunnyDay|[upkeep]\n|upkeep\n|turn|7\n|\n|t:|1665550188\n|move|p1a: Venusaur|Growth|p1a: Venusaur\n|-boost|p1a: Venusaur|atk|2\n|-boost|p1a: Venusaur|spa|2\n|move|p2a: 13 hours|Foul Play|p1a: Venusaur\n|-damage|p1a: Venusaur|45\/100\n|\n|-weather|SunnyDay|[upkeep]\n|upkeep\n|turn|8\n|\n|t:|1665550203\n|switch|p2a: drizzy drake|Charizard, M|100\/100\n|move|p1a: Venusaur|Giga Drain|p2a: drizzy drake\n|-resisted|p2a: drizzy drake\n|-damage|p2a: drizzy drake|72\/100\n|-heal|p1a: Venusaur|59\/100|[from] drain|[of] p2a: drizzy drake\n|-damage|p1a: Venusaur|49\/100|[from] item: Life Orb\n|\n|-weather|SunnyDay|[upkeep]\n|upkeep\n|turn|9\n|\n|t:|1665550212\n|detailschange|p2a: drizzy drake|Charizard-Mega-Y, M\n|-mega|p2a: drizzy drake|Charizard|Charizardite Y\n|move|p1a: Venusaur|Sludge Bomb|p2a: drizzy drake\n|-damage|p2a: drizzy drake|0 fnt\n|faint|p2a: drizzy drake\n|-damage|p1a: Venusaur|39\/100|[from] item: Life Orb\n|\n|-weather|SunnyDay|[upkeep]\n|upkeep\n|\n|t:|1665550236\n|switch|p2a: la flame|Heatran, M|100\/100\n|turn|10\n|\n|t:|1665550242\n|switch|p1a: Hydreigon|Hydreigon, F|100\/100\n|switch|p2a: 13 hours|Umbreon, F|100\/100\n|\n|-weather|SunnyDay|[upkeep]\n|upkeep\n|turn|11\n|\n|t:|1665550255\n|switch|p1a: Cresselia|Cresselia, F|100\/100\n|move|p2a: 13 hours|Toxic|p1a: Cresselia\n|-status|p1a: Cresselia|tox\n|\n|-weather|none\n|-damage|p1a: Cresselia|94\/100 tox|[from] psn\n|upkeep\n|turn|12\n|\n|t:|1665550260\n|switch|p2a: half a xan|Donphan, F|75\/100\n|move|p1a: Cresselia|Toxic|p2a: half a xan\n|-status|p2a: half a xan|tox\n|\n|-heal|p1a: Cresselia|100\/100 tox|[from] item: Leftovers\n|-heal|p2a: half a xan|81\/100 tox|[from] item: Leftovers\n|-damage|p1a: Cresselia|88\/100 tox|[from] psn\n|-damage|p2a: half a xan|75\/100 tox|[from] psn\n|upkeep\n|turn|13\n|\n|t:|1665550268\n|switch|p1a: Hydreigon|Hydreigon, F|100\/100\n|move|p2a: half a xan|Stealth Rock|p1a: Hydreigon\n|-sidestart|p1: rooopos|move: Stealth Rock\n|\n|-heal|p2a: half a xan|81\/100 tox|[from] item: Leftovers\n|-damage|p2a: half a xan|69\/100 tox|[from] psn\n|upkeep\n|turn|14\n|\n|t:|1665550274\n|switch|p2a: sicko mode|Porygon-Z|100\/100\n|move|p1a: Hydreigon|Defog|p2a: sicko mode\n|-unboost|p2a: sicko mode|evasion|1\n|-sideend|p1: rooopos|Stealth Rock|[from] move: Defog|[of] p1a: Hydreigon\n|\n|upkeep\n|turn|15\n|\n|t:|1665550278\n|move|p1a: Hydreigon|Dark Pulse|p2a: sicko mode\n|-damage|p2a: sicko mode|42\/100\n|-zpower|p2a: sicko mode\n|move|p2a: sicko mode|Breakneck Blitz|p1a: Hydreigon|[zeffect]\n|-damage|p1a: Hydreigon|0 fnt\n|faint|p1a: Hydreigon\n|\n|upkeep\n|\n|t:|1665550290\n|switch|p1a: Torkoal|Torkoal, F|100\/100\n|-weather|SunnyDay|[from] ability: Drought|[of] p1a: Torkoal\n|turn|16\n|\n|t:|1665550300\n|switch|p1a: Rhyperior|Rhyperior, M|100\/100\n|move|p2a: sicko mode|Hyper Beam|p1a: Rhyperior\n|-resisted|p1a: Rhyperior\n|-damage|p1a: Rhyperior|22\/100\n|-mustrecharge|p2a: sicko mode\n|\n|-weather|SunnyDay|[upkeep]\n|-heal|p1a: Rhyperior|28\/100|[from] item: Leftovers\n|upkeep\n|turn|17\n|\n|t:|1665550307\n|cant|p2a: sicko mode|recharge\n|move|p1a: Rhyperior|Stealth Rock|p2a: sicko mode\n|-sidestart|p2: YeezyRiolu|move: Stealth Rock\n|\n|-weather|SunnyDay|[upkeep]\n|-heal|p1a: Rhyperior|35\/100|[from] item: Leftovers\n|upkeep\n|turn|18\n|\n|t:|1665550315\n|switch|p1a: Cresselia|Cresselia, F|88\/100 tox\n|move|p2a: sicko mode|Tri Attack|p1a: Cresselia\n|-damage|p1a: Cresselia|49\/100 tox\n|\n|-weather|SunnyDay|[upkeep]\n|-heal|p1a: Cresselia|55\/100 tox|[from] item: Leftovers\n|-damage|p1a: Cresselia|49\/100 tox|[from] psn\n|upkeep\n|turn|19\n|\n|t:|1665550332\n|switch|p2a: half a xan|Donphan, F|69\/100 tox\n|-damage|p2a: half a xan|63\/100 tox|[from] Stealth Rock\n|move|p1a: Cresselia|Lunar Dance|p1a: Cresselia\n|faint|p1a: Cresselia\n|\n|-weather|SunnyDay|[upkeep]\n|-heal|p2a: half a xan|69\/100 tox|[from] item: Leftovers\n|-damage|p2a: half a xan|63\/100 tox|[from] psn\n|upkeep\n|\n|t:|1665550339\n|switch|p1a: Charizard|Charizard, M|100\/100\n|turn|20\n|\n|t:|1665550352\n|move|p1a: Charizard|Dragon Dance|p1a: Charizard\n|-boost|p1a: Charizard|atk|1\n|-boost|p1a: Charizard|spe|1\n|move|p2a: half a xan|Stealth Rock|p1a: Charizard\n|-sidestart|p1: rooopos|move: Stealth Rock\n|\n|-weather|SunnyDay|[upkeep]\n|-heal|p2a: half a xan|69\/100 tox|[from] item: Leftovers\n|-damage|p2a: half a xan|56\/100 tox|[from] psn\n|upkeep\n|turn|21\n|\n|t:|1665550365\n|detailschange|p1a: Charizard|Charizard-Mega-X, M\n|-mega|p1a: Charizard|Charizard|Charizardite X\n|move|p1a: Charizard|Flare Blitz|p2a: half a xan\n|-damage|p2a: half a xan|0 fnt\n|faint|p2a: half a xan\n|-damage|p1a: Charizard|77\/100|[from] Recoil\n|\n|-weather|SunnyDay|[upkeep]\n|upkeep\n|inactive|Battle timer is ON: inactive players will automatically lose when time's up. (requested by rooopos)\n|\n|t:|1665550397\n|switch|p2a: 13 hours|Umbreon, F|100\/100\n|-damage|p2a: 13 hours|88\/100|[from] Stealth Rock\n|turn|22\n|\n|t:|1665550402\n|switch|p2a: la flame|Heatran, M|100\/100\n|-damage|p2a: la flame|88\/100|[from] Stealth Rock\n|move|p1a: Charizard|Flare Blitz|p2a: la flame\n|-start|p2a: la flame|ability: Flash Fire\n|\n|-weather|SunnyDay|[upkeep]\n|upkeep\n|turn|23\n|\n|t:|1665550416\n|-end|p2a: la flame|ability: Flash Fire|[silent]\n|switch|p2a: sicko mode|Porygon-Z|42\/100\n|-damage|p2a: sicko mode|29\/100|[from] Stealth Rock\n|move|p1a: Charizard|Earthquake|p2a: sicko mode\n|-damage|p2a: sicko mode|0 fnt\n|faint|p2a: sicko mode\n|\n|-weather|none\n|upkeep\n|\n|t:|1665550419\n|switch|p2a: 13 hours|Umbreon, F|88\/100\n|-damage|p2a: 13 hours|76\/100|[from] Stealth Rock\n|turn|24\n|\n|t:|1665550423\n|move|p1a: Charizard|Flare Blitz|p2a: 13 hours\n|-damage|p2a: 13 hours|4\/100\n|-damage|p1a: Charizard|45\/100|[from] Recoil\n|move|p2a: 13 hours|Foul Play|p1a: Charizard\n|-damage|p1a: Charizard|0 fnt\n|faint|p1a: Charizard\n|\n|-heal|p2a: 13 hours|10\/100|[from] item: Leftovers\n|upkeep\n|\n|t:|1665550435\n|switch|p1a: Rhyperior|Rhyperior, M|35\/100\n|-heal|p1a: Rhyperior|100\/100|[from] move: Lunar Dance\n|-damage|p1a: Rhyperior|94\/100|[from] Stealth Rock\n|turn|25\n|\n|t:|1665550447\n|move|p2a: 13 hours|Foul Play|p1a: Rhyperior\n|-damage|p1a: Rhyperior|73\/100\n|move|p1a: Rhyperior|Earthquake|p2a: 13 hours\n|-damage|p2a: 13 hours|0 fnt\n|faint|p2a: 13 hours\n|\n|-heal|p1a: Rhyperior|79\/100|[from] item: Leftovers\n|upkeep\n|inactive|YeezyRiolu has 120 seconds left.\n|\n|t:|1665550481\n|switch|p2a: quentin|Gengar, M|100\/100\n|-damage|p2a: quentin|88\/100|[from] Stealth Rock\n|turn|26\n|\n|t:|1665550486\n|move|p2a: quentin|Focus Blast|p1a: Rhyperior\n|-supereffective|p1a: Rhyperior\n|-damage|p1a: Rhyperior|0 fnt\n|faint|p1a: Rhyperior\n|-damage|p2a: quentin|78\/100|[from] item: Life Orb\n|\n|upkeep\n|\n|t:|1665550492\n|switch|p1a: Torkoal|Torkoal, F|100\/100\n|-damage|p1a: Torkoal|75\/100|[from] Stealth Rock\n|-weather|SunnyDay|[from] ability: Drought|[of] p1a: Torkoal\n|turn|27\n|\n|t:|1665550496\n|move|p2a: quentin|Sludge Wave|p1a: Torkoal\n|-damage|p1a: Torkoal|0 fnt\n|faint|p1a: Torkoal\n|-damage|p2a: quentin|68\/100|[from] item: Life Orb\n|\n|-weather|SunnyDay|[upkeep]\n|upkeep\n|-message|rooopos forfeited.\n|\n|win|YeezyRiolu\n|raw|rooopos's rating: 1590 &rarr; <strong>1578<\/strong><br \/>(-12 for losing)\n|raw|YeezyRiolu's rating: 1731 &rarr; <strong>1743<\/strong><br \/>(+12 for winning)\n|l|\u2606rooopos\n|l|\u2606YeezyRiolu\n|j|\u2606YeezyRiolu\n|player|p2|YeezyRiolu|serena\n","uploadtime":1665550634,"views":7,"p1id":"rooopos","p2id":"yeezyriolu","formatid":"gen8nationaldex","rating":1578,"private":0,"password":null}