{"id":"gen8nationaldex-1690008368","p1":"Glitchtastic","p2":"FleetFoxxx","format":"gen8nationaldex","log":"|j|\u2606Glitchtastic\n|j|\u2606FleetFoxxx\n|t:|1666224345\n|gametype|singles\n|player|p1|Glitchtastic|marnie|\n|player|p2|FleetFoxxx|flannery|\n|teamsize|p1|6\n|teamsize|p2|6\n|gen|8\n|tier|[Gen 8] National Dex\n|rule|HP Percentage Mod: HP is shown in percentages\n|rule|Endless Battle Clause: Forcing endless battles is banned\n|rule|OHKO Clause: OHKO moves are banned\n|rule|Evasion Moves Clause: Evasion moves are banned\n|rule|Species Clause: Limit one of each Pok\u00e9mon\n|rule|Dynamax Clause: You cannot dynamax\n|rule|Sleep Clause Mod: Limit one foe put to sleep\n|clearpoke\n|poke|p1|Venusaur, F|\n|poke|p1|Metagross|\n|poke|p1|Grimmsnarl, M|\n|poke|p1|Silvally-*|\n|poke|p1|Raichu, M|\n|poke|p1|Wishiwashi, F|\n|poke|p2|Goodra, M|\n|poke|p2|Hydreigon, F|\n|poke|p2|Celesteela|\n|poke|p2|Pinsir, F|\n|poke|p2|Silvally-*|\n|poke|p2|Runerigus, M|\n|teampreview\n|j| johngalt149\n|j| Deathbypudding\n|j| sh0eshin3\n|j| DerpyDots\n|j| Hror\n|\n|t:|1666224380\n|start\n|switch|p1a: Megatron|Metagross|100\/100\n|switch|p2a: Silvally|Silvally-Fairy|100\/100\n|turn|1\n|j| yes munchlax\n|j| zoompa\n|\n|t:|1666224401\n|move|p2a: Silvally|U-turn|p1a: Megatron\n|-damage|p1a: Megatron|88\/100\n|j| Bugsileus\n|\n|t:|1666224453\n|switch|p2a: Runerigus|Runerigus, M|100\/100|[from]move: U-turn\n|move|p1a: Megatron|Meteor Mash|p2a: Runerigus\n|-damage|p2a: Runerigus|76\/100\n|-activate|p2a: Runerigus|ability: Wandering Spirit|Clear Body|Wandering Spirit|[of] p1a: Megatron\n|\n|-heal|p2a: Runerigus|82\/100|[from] item: Leftovers\n|upkeep\n|turn|2\n|l| sh0eshin3\n|\n|t:|1666224468\n|move|p1a: Megatron|Ice Punch|p2a: Runerigus\n|-supereffective|p2a: Runerigus\n|-damage|p2a: Runerigus|54\/100\n|-status|p2a: Runerigus|frz\n|cant|p2a: Runerigus|frz\n|\n|-heal|p2a: Runerigus|60\/100 frz|[from] item: Leftovers\n|upkeep\n|turn|3\n|j| glumpbumpin\n|c| zoompa|\ud83e\udd76\n|\n|t:|1666224512\n|switch|p2a: Celesteela|Celesteela|100\/100\n|move|p1a: Megatron|Rock Polish|p1a: Megatron\n|-boost|p1a: Megatron|spe|2\n|\n|upkeep\n|turn|4\n|\n|t:|1666224527\n|move|p1a: Megatron|Ice Punch|p2a: Celesteela\n|-damage|p2a: Celesteela|80\/100\n|-status|p2a: Celesteela|frz\n|cant|p2a: Celesteela|frz\n|\n|-heal|p2a: Celesteela|86\/100 frz|[from] item: Leftovers\n|upkeep\n|turn|5\n|c| yes munchlax|ROPFL\n|c| johngalt149|pfft\n|c| glumpbumpin|bing chilling\n|\n|t:|1666224541\n|move|p1a: Megatron|Ice Punch|p2a: Celesteela\n|-damage|p2a: Celesteela|64\/100 frz\n|cant|p2a: Celesteela|frz\n|\n|-heal|p2a: Celesteela|71\/100 frz|[from] item: Leftovers\n|upkeep\n|turn|6\n|j| sh0eshin3\n|\n|t:|1666224546\n|move|p1a: Megatron|Ice Punch|p2a: Celesteela\n|-damage|p2a: Celesteela|52\/100 frz\n|-curestatus|p2a: Celesteela|frz|[msg]\n|move|p2a: Celesteela|Leech Seed|p1a: Megatron\n|-start|p1a: Megatron|move: Leech Seed\n|\n|-heal|p2a: Celesteela|58\/100|[from] item: Leftovers\n|-damage|p1a: Megatron|75\/100|[from] Leech Seed|[of] p2a: Celesteela\n|-heal|p2a: Celesteela|69\/100|[silent]\n|upkeep\n|turn|7\n|c| zoompa|Hmmm\n|\n|t:|1666224564\n|switch|p1a: Pyroblast|Silvally-Fire|100\/100\n|move|p2a: Celesteela|Substitute|p2a: Celesteela\n|-start|p2a: Celesteela|Substitute\n|-damage|p2a: Celesteela|44\/100\n|\n|-heal|p2a: Celesteela|50\/100|[from] item: Leftovers\n|upkeep\n|turn|8\n|\n|t:|1666224578\n|move|p1a: Pyroblast|Flamethrower|p2a: Celesteela\n|-supereffective|p2a: Celesteela\n|-end|p2a: Celesteela|Substitute\n|move|p2a: Celesteela|Leech Seed|p1a: Pyroblast\n|-start|p1a: Pyroblast|move: Leech Seed\n|\n|-heal|p2a: Celesteela|56\/100|[from] item: Leftovers\n|-damage|p1a: Pyroblast|88\/100|[from] Leech Seed|[of] p2a: Celesteela\n|-heal|p2a: Celesteela|69\/100|[silent]\n|upkeep\n|turn|9\n|\n|t:|1666224588\n|switch|p2a: Goodra|Goodra, M|100\/100\n|move|p1a: Pyroblast|Flamethrower|p2a: Goodra\n|-resisted|p2a: Goodra\n|-damage|p2a: Goodra|91\/100\n|\n|-damage|p1a: Pyroblast|76\/100|[from] Leech Seed|[of] p2a: Goodra\n|-heal|p2a: Goodra|100\/100|[silent]\n|upkeep\n|turn|10\n|c| sh0eshin3|freeze clause when\n|\n|t:|1666224608\n|move|p1a: Pyroblast|Parting Shot|p2a: Goodra\n|-unboost|p2a: Goodra|atk|1\n|-unboost|p2a: Goodra|spa|1\n|\n|t:|1666224613\n|switch|p1a: Starscream|Grimmsnarl, M|100\/100|[from]move: Parting Shot\n|move|p2a: Goodra|Draco Meteor|p1a: Starscream\n|-immune|p1a: Starscream\n|\n|upkeep\n|turn|11\n|\n|t:|1666224630\n|switch|p2a: Silvally|Silvally-Fairy|100\/100\n|move|p1a: Starscream|Reflect|p1a: Starscream\n|-sidestart|p1: Glitchtastic|Reflect\n|\n|upkeep\n|turn|12\n|\n|t:|1666224639\n|move|p1a: Starscream|Thunder Wave|p2a: Silvally|[miss]\n|-miss|p1a: Starscream|p2a: Silvally\n|move|p2a: Silvally|Multi-Attack|p1a: Starscream\n|-supereffective|p1a: Starscream\n|-damage|p1a: Starscream|53\/100\n|\n|upkeep\n|turn|13\n|\n|t:|1666224648\n|move|p1a: Starscream|Thunder Wave|p2a: Silvally|[miss]\n|-miss|p1a: Starscream|p2a: Silvally\n|move|p2a: Silvally|Multi-Attack|p1a: Starscream\n|-supereffective|p1a: Starscream\n|-damage|p1a: Starscream|5\/100\n|-enditem|p1a: Starscream|Sitrus Berry|[eat]\n|-heal|p1a: Starscream|30\/100|[from] item: Sitrus Berry\n|\n|upkeep\n|turn|14\n|c|\u2606Glitchtastic|??\n|\n|t:|1666224656\n|move|p1a: Starscream|Thunder Wave|p2a: Silvally|[miss]\n|-miss|p1a: Starscream|p2a: Silvally\n|move|p2a: Silvally|Multi-Attack|p1a: Starscream\n|-supereffective|p1a: Starscream\n|-damage|p1a: Starscream|0 fnt\n|faint|p1a: Starscream\n|\n|upkeep\n|c|\u2606Glitchtastic|???\n|c| glumpbumpin|it can't be\n|c| sh0eshin3|lol\n|c| DerpyDots|balance in all rng\n|\n|t:|1666224670\n|switch|p1a: Megatron|Metagross|75\/100\n|turn|15\n|\n|t:|1666224676\n|switch|p2a: Celesteela|Celesteela|69\/100\n|move|p1a: Megatron|Meteor Mash|p2a: Celesteela|[miss]\n|-miss|p1a: Megatron|p2a: Celesteela\n|\n|-heal|p2a: Celesteela|75\/100|[from] item: Leftovers\n|-sideend|p1: Glitchtastic|Reflect\n|upkeep\n|turn|16\n|c| yes munchlax|consider wide lens\n|c|\u2606FleetFoxxx|idk whats happening im sorry\n|\n|t:|1666224692\n|switch|p1a: Venu the witch|Venusaur, F|100\/100\n|move|p2a: Celesteela|Substitute|p2a: Celesteela\n|-start|p2a: Celesteela|Substitute\n|-damage|p2a: Celesteela|50\/100\n|\n|-heal|p2a: Celesteela|56\/100|[from] item: Leftovers\n|upkeep\n|turn|17\n|c| DerpyDots|both players left cheats on\n|\n|t:|1666224714\n|switch|p1a: Yamato|Wishiwashi, F|100\/100\n|-formechange|p1a: Yamato|Wishiwashi-School||[from] ability: Schooling\n|move|p2a: Celesteela|Air Slash|p1a: Yamato\n|-damage|p1a: Yamato|68\/100\n|\n|-heal|p2a: Celesteela|62\/100|[from] item: Leftovers\n|upkeep\n|turn|18\n|\n|t:|1666224731\n|move|p2a: Celesteela|Air Slash|p1a: Yamato\n|-damage|p1a: Yamato|36\/100\n|move|p1a: Yamato|Hydro Pump|p2a: Celesteela|[miss]\n|-miss|p1a: Yamato|p2a: Celesteela\n|\n|-heal|p2a: Celesteela|68\/100|[from] item: Leftovers\n|upkeep\n|turn|19\n|c|\u2606Glitchtastic|?????\n|\n|t:|1666224744\n|move|p2a: Celesteela|Air Slash|p1a: Yamato\n|-damage|p1a: Yamato|2\/100\n|move|p1a: Yamato|Flip Turn|p2a: Celesteela\n|-end|p2a: Celesteela|Substitute\n|-damage|p1a: Yamato|0 fnt|[from] item: Life Orb\n|faint|p1a: Yamato\n|\n|-heal|p2a: Celesteela|74\/100|[from] item: Leftovers\n|upkeep\n|c| yes munchlax|this isnt mons anymore\n|\n|t:|1666224758\n|switch|p1a: Pyroblast|Silvally-Fire|76\/100\n|turn|20\n|\n|t:|1666224763\n|switch|p2a: Goodra|Goodra, M|100\/100\n|move|p1a: Pyroblast|Flamethrower|p2a: Goodra\n|-resisted|p2a: Goodra\n|-damage|p2a: Goodra|92\/100\n|-status|p2a: Goodra|brn\n|\n|-damage|p2a: Goodra|86\/100 brn|[from] brn\n|upkeep\n|turn|21\n|\n|t:|1666224773\n|move|p1a: Pyroblast|Parting Shot|p2a: Goodra\n|-unboost|p2a: Goodra|atk|1\n|-unboost|p2a: Goodra|spa|1\n|\n|t:|1666224783\n|switch|p1a: Venu the witch|Venusaur, F|100\/100|[from]move: Parting Shot\n|move|p2a: Goodra|Dragon Tail|p1a: Venu the witch\n|-damage|p1a: Venu the witch|94\/100\n|drag|p1a: bug zapper|Raichu, M|100\/100\n|\n|-damage|p2a: Goodra|80\/100 brn|[from] brn\n|upkeep\n|turn|22\n|c| DerpyDots|Evasion VS Serene Grace the game\n|\n|t:|1666224811\n|switch|p1a: Venu the witch|Venusaur, F|94\/100\n|switch|p2a: Silvally|Silvally-Fairy|100\/100\n|\n|upkeep\n|turn|23\n|\n|t:|1666224820\n|detailschange|p1a: Venu the witch|Venusaur-Mega, F\n|-mega|p1a: Venu the witch|Venusaur|Venusaurite\n|move|p2a: Silvally|U-turn|p1a: Venu the witch\n|-damage|p1a: Venu the witch|82\/100\n|\n|t:|1666224836\n|switch|p2a: Runerigus|Runerigus, M|60\/100 frz|[from]move: U-turn\n|move|p1a: Venu the witch|Leech Seed|p2a: Runerigus\n|-start|p2a: Runerigus|move: Leech Seed\n|\n|-heal|p2a: Runerigus|66\/100 frz|[from] item: Leftovers\n|-damage|p2a: Runerigus|54\/100 frz|[from] Leech Seed|[of] p1a: Venu the witch\n|-heal|p1a: Venu the witch|92\/100|[silent]\n|upkeep\n|turn|24\n|\n|t:|1666224844\n|move|p1a: Venu the witch|Energy Ball|p2a: Runerigus\n|-supereffective|p2a: Runerigus\n|-damage|p2a: Runerigus|0 fnt\n|faint|p2a: Runerigus\n|\n|upkeep\n|\n|t:|1666224930\n|switch|p2a: Pinsir|Pinsir, F|100\/100\n|turn|25\n|\n|t:|1666224947\n|detailschange|p2a: Pinsir|Pinsir-Mega, F\n|-mega|p2a: Pinsir|Pinsir|Pinsirite\n|move|p2a: Pinsir|Return|p1a: Venu the witch\n|-supereffective|p1a: Venu the witch\n|-damage|p1a: Venu the witch|0 fnt\n|faint|p1a: Venu the witch\n|\n|upkeep\n|\n|t:|1666224955\n|switch|p1a: Megatron|Metagross|75\/100\n|turn|26\n|\n|t:|1666224995\n|switch|p2a: Celesteela|Celesteela|74\/100\n|move|p1a: Megatron|Rock Slide|p2a: Celesteela\n|-damage|p2a: Celesteela|54\/100\n|\n|-heal|p2a: Celesteela|60\/100|[from] item: Leftovers\n|upkeep\n|turn|27\n|\n|t:|1666225012\n|switch|p1a: Pyroblast|Silvally-Fire|76\/100\n|move|p2a: Celesteela|Leech Seed|p1a: Pyroblast\n|-start|p1a: Pyroblast|move: Leech Seed\n|\n|-heal|p2a: Celesteela|66\/100|[from] item: Leftovers\n|-damage|p1a: Pyroblast|63\/100|[from] Leech Seed|[of] p2a: Celesteela\n|-heal|p2a: Celesteela|79\/100|[silent]\n|upkeep\n|turn|28\n|\n|t:|1666225021\n|switch|p2a: Goodra|Goodra, M|80\/100 brn\n|move|p1a: Pyroblast|Flamethrower|p2a: Goodra\n|-resisted|p2a: Goodra\n|-damage|p2a: Goodra|72\/100 brn\n|\n|-damage|p1a: Pyroblast|51\/100|[from] Leech Seed|[of] p2a: Goodra\n|-heal|p2a: Goodra|85\/100 brn|[silent]\n|-damage|p2a: Goodra|79\/100 brn|[from] brn\n|upkeep\n|turn|29\n|\n|t:|1666225034\n|move|p1a: Pyroblast|Parting Shot|p2a: Goodra\n|-unboost|p2a: Goodra|atk|1\n|-unboost|p2a: Goodra|spa|1\n|\n|t:|1666225037\n|switch|p1a: Megatron|Metagross|75\/100|[from]move: Parting Shot\n|move|p2a: Goodra|Flamethrower|p1a: Megatron\n|-supereffective|p1a: Megatron\n|-damage|p1a: Megatron|35\/100\n|-status|p1a: Megatron|brn\n|-enditem|p1a: Megatron|Weakness Policy\n|-boost|p1a: Megatron|atk|2|[from] item: Weakness Policy\n|-boost|p1a: Megatron|spa|2|[from] item: Weakness Policy\n|\n|-damage|p1a: Megatron|29\/100 brn|[from] brn\n|-damage|p2a: Goodra|73\/100 brn|[from] brn\n|upkeep\n|turn|30\n|\n|t:|1666225048\n|move|p1a: Megatron|Ice Punch|p2a: Goodra\n|-supereffective|p2a: Goodra\n|-damage|p2a: Goodra|15\/100 brn\n|move|p2a: Goodra|Flamethrower|p1a: Megatron\n|-supereffective|p1a: Megatron\n|-damage|p1a: Megatron|0 fnt\n|faint|p1a: Megatron\n|\n|-damage|p2a: Goodra|9\/100 brn|[from] brn\n|upkeep\n|l| Deathbypudding\n|\n|t:|1666225061\n|switch|p1a: Pyroblast|Silvally-Fire|51\/100\n|turn|31\n|j| evilhanaklaus\n|\n|t:|1666225070\n|move|p1a: Pyroblast|Flamethrower|p2a: Goodra\n|-resisted|p2a: Goodra\n|-damage|p2a: Goodra|1\/100 brn\n|move|p2a: Goodra|Draco Meteor|p1a: Pyroblast\n|-damage|p1a: Pyroblast|11\/100\n|-unboost|p2a: Goodra|spa|2\n|\n|-damage|p2a: Goodra|0 fnt|[from] brn\n|faint|p2a: Goodra\n|upkeep\n|\n|t:|1666225094\n|switch|p2a: Hydreigon|Hydreigon, F|100\/100\n|turn|32\n|j| Captain_siix\n|\n|t:|1666225098\n|move|p2a: Hydreigon|Dark Pulse|p1a: Pyroblast\n|-damage|p1a: Pyroblast|0 fnt\n|faint|p1a: Pyroblast\n|\n|upkeep\n|\n|t:|1666225103\n|switch|p1a: bug zapper|Raichu, M|100\/100\n|turn|33\n|j| Deathbypudding\n|\n|t:|1666225109\n|move|p1a: bug zapper|Toxic|p2a: Hydreigon|[miss]\n|-miss|p1a: bug zapper|p2a: Hydreigon\n|move|p2a: Hydreigon|Dark Pulse|p1a: bug zapper\n|-damage|p1a: bug zapper|41\/100\n|\n|upkeep\n|turn|34\n|\n|t:|1666225115\n|move|p1a: bug zapper|Toxic|p2a: Hydreigon\n|-status|p2a: Hydreigon|tox\n|move|p2a: Hydreigon|Dark Pulse|p1a: bug zapper\n|-damage|p1a: bug zapper|0 fnt\n|faint|p1a: bug zapper\n|\n|win|FleetFoxxx\n|c|\u2606Glitchtastic|gg\n|l| glumpbumpin\n|c|\u2606FleetFoxxx|gg\n|c|\u2606Glitchtastic|what a wild game\n|l| DerpyDots\n|c|\u2606FleetFoxxx|sorry about the hax that was crazy\n|l| yes munchlax\n|l| johngalt149\n|l| sh0eshin3\n|j| DerpyDots\n","uploadtime":1666225173,"views":11,"p1id":"glitchtastic","p2id":"fleetfoxxx","formatid":"gen8nationaldex","rating":0,"private":0,"password":null}