{"id":"gen8ou-1505954813","p1":"kokoukohiro","p2":"stestestephencurry","format":"gen8ou","log":"|j|\u2606kokoukohiro\n|j|\u2606stestestephencurry\n|t:|1644228444\n|gametype|singles\n|player|p1|kokoukohiro|dawn|1718\n|player|p2|stestestephencurry|#ssdlindworms|1794\n|teamsize|p1|6\n|teamsize|p2|6\n|gen|8\n|tier|[Gen 8] OU\n|rated|\n|rule|Sleep Clause Mod: Limit one foe put to sleep\n|rule|Species Clause: Limit one of each Pok\u00e9mon\n|rule|OHKO Clause: OHKO moves are banned\n|rule|Evasion Moves Clause: Evasion moves are banned\n|rule|Endless Battle Clause: Forcing endless battles is banned\n|rule|HP Percentage Mod: HP is shown in percentages\n|rule|Dynamax Clause: You cannot dynamax\n|clearpoke\n|poke|p1|Shedinja|\n|poke|p1|Jirachi|\n|poke|p1|Quagsire, M|\n|poke|p1|Blissey, F|\n|poke|p1|Toxapex, F|\n|poke|p1|Corviknight, F|\n|poke|p2|Tyranitar, M|\n|poke|p2|Slowbro, M|\n|poke|p2|Clefable, F|\n|poke|p2|Landorus-Therian, M|\n|poke|p2|Buzzwole|\n|poke|p2|Dragapult, F|\n|teampreview\n|inactive|Battle timer is ON: inactive players will automatically lose when time's up. (requested by kokoukohiro)\n|\n|t:|1644228463\n|start\n|switch|p1a: Quagsire|Quagsire, M|100\/100\n|switch|p2a: Landorus|Landorus-Therian, M, shiny|100\/100\n|-ability|p2a: Landorus|Intimidate|boost\n|-unboost|p1a: Quagsire|atk|1\n|turn|1\n|\n|t:|1644228466\n|move|p2a: Landorus|Toxic|p1a: Quagsire\n|-status|p1a: Quagsire|tox\n|move|p1a: Quagsire|Toxic|p2a: Landorus\n|-status|p2a: Landorus|tox\n|\n|-damage|p2a: Landorus|94\/100 tox|[from] psn\n|-damage|p1a: Quagsire|94\/100 tox|[from] psn\n|upkeep\n|turn|2\n|\n|t:|1644228473\n|switch|p1a: Toxapex|Toxapex, F|100\/100\n|move|p2a: Landorus|U-turn|p1a: Toxapex\n|-resisted|p1a: Toxapex\n|-damage|p1a: Toxapex|94\/100\n|\n|t:|1644228476\n|switch|p2a: Slowbro|Slowbro, M, shiny|100\/100|[from]move: U-turn\n|\n|-heal|p1a: Toxapex|99\/100|[from] item: Black Sludge\n|upkeep\n|turn|3\n|\n|t:|1644228479\n|move|p1a: Toxapex|Knock Off|p2a: Slowbro\n|-supereffective|p2a: Slowbro\n|-damage|p2a: Slowbro|83\/100\n|-damage|p1a: Toxapex|83\/100|[from] item: Rocky Helmet|[of] p2a: Slowbro\n|-enditem|p2a: Slowbro|Rocky Helmet|[from] move: Knock Off|[of] p1a: Toxapex\n|move|p2a: Slowbro|Future Sight|p1a: Toxapex\n|-start|p2a: Slowbro|move: Future Sight\n|\n|-heal|p1a: Toxapex|90\/100|[from] item: Black Sludge\n|upkeep\n|turn|4\n|\n|t:|1644228487\n|switch|p1a: Shedinja|Shedinja|100\/100\n|move|p2a: Slowbro|Teleport|p2a: Slowbro\n|\n|t:|1644228489\n|switch|p2a: Tyranitar|Tyranitar, M, shiny|100\/100|[from]move: Teleport\n|-weather|Sandstorm|[from] ability: Sand Stream|[of] p2a: Tyranitar\n|\n|-weather|Sandstorm|[upkeep]\n|-damage|p1a: Shedinja|0 fnt|[from] Sandstorm\n|faint|p1a: Shedinja\n|upkeep\n|\n|t:|1644228501\n|switch|p1a: Corviknight|Corviknight, F|100\/100\n|-ability|p1a: Corviknight|Pressure\n|turn|5\n|\n|t:|1644228507\n|switch|p2a: Slowbro|Slowbro, M, shiny|100\/100\n|switch|p1a: Blissey|Blissey, F|100\/100\n|\n|-weather|Sandstorm|[upkeep]\n|-damage|p1a: Blissey|94\/100|[from] Sandstorm\n|-damage|p2a: Slowbro|94\/100|[from] Sandstorm\n|-end|p1a: Blissey|move: Future Sight\n|-damage|p1a: Blissey|82\/100\n|upkeep\n|turn|6\n|\n|t:|1644228510\n|move|p1a: Blissey|Aromatherapy|p1a: Blissey\n|-activate|p1a: Blissey|move: Aromatherapy\n|-curestatus|p1: Quagsire|tox|[msg]\n|move|p2a: Slowbro|Teleport|p2a: Slowbro\n|\n|t:|1644228512\n|switch|p2a: Tyranitar|Tyranitar, M, shiny|100\/100|[from]move: Teleport\n|\n|-weather|Sandstorm|[upkeep]\n|-damage|p1a: Blissey|76\/100|[from] Sandstorm\n|upkeep\n|turn|7\n|\n|t:|1644228518\n|switch|p1a: Toxapex|Toxapex, F|100\/100\n|move|p2a: Tyranitar|Crunch|p1a: Toxapex\n|-damage|p1a: Toxapex|62\/100\n|\n|-weather|Sandstorm|[upkeep]\n|-damage|p1a: Toxapex|55\/100|[from] Sandstorm\n|-heal|p1a: Toxapex|62\/100|[from] item: Black Sludge\n|upkeep\n|turn|8\n|\n|t:|1644228521\n|move|p2a: Tyranitar|Crunch|p1a: Toxapex\n|-damage|p1a: Toxapex|20\/100\n|move|p1a: Toxapex|Knock Off|p2a: Tyranitar\n|-resisted|p2a: Tyranitar\n|-damage|p2a: Tyranitar|93\/100\n|-enditem|p2a: Tyranitar|Choice Band|[from] move: Knock Off|[of] p1a: Toxapex\n|\n|-weather|none\n|-heal|p1a: Toxapex|26\/100|[from] item: Black Sludge\n|upkeep\n|turn|9\n|j| Rhinotank93\n|\n|t:|1644228529\n|switch|p2a: Slowbro|Slowbro, M, shiny|100\/100\n|switch|p1a: Corviknight|Corviknight, F|100\/100\n|-ability|p1a: Corviknight|Pressure\n|\n|upkeep\n|turn|10\n|\n|t:|1644228540\n|move|p1a: Corviknight|Taunt|p2a: Slowbro\n|-start|p2a: Slowbro|move: Taunt\n|move|p2a: Slowbro|Future Sight|p1a: Corviknight\n|-start|p2a: Slowbro|move: Future Sight\n|\n|upkeep\n|turn|11\n|j| vb366\n|\n|t:|1644228546\n|switch|p1a: Jirachi|Jirachi|100\/100\n|switch|p2a: Buzzwole|Buzzwole|100\/100\n|\n|upkeep\n|turn|12\n|\n|t:|1644228554\n|move|p1a: Jirachi|Protect|p1a: Jirachi\n|-singleturn|p1a: Jirachi|Protect\n|move|p2a: Buzzwole|Earthquake|p1a: Jirachi\n|-activate|p1a: Jirachi|move: Protect\n|\n|-end|p1a: Jirachi|move: Future Sight\n|-resisted|p1a: Jirachi\n|-damage|p1a: Jirachi|95\/100\n|-heal|p1a: Jirachi|100\/100|[from] item: Leftovers\n|upkeep\n|turn|13\n|\n|t:|1644228557\n|switch|p2a: Landorus|Landorus-Therian, M, shiny|94\/100 tox\n|-ability|p2a: Landorus|Intimidate|boost\n|-unboost|p1a: Jirachi|atk|1\n|move|p1a: Jirachi|U-turn|p2a: Landorus\n|-resisted|p2a: Landorus\n|-damage|p2a: Landorus|89\/100 tox\n|\n|t:|1644228567\n|switch|p1a: Toxapex|Toxapex, F|59\/100|[from]move: U-turn\n|\n|-heal|p2a: Landorus|95\/100 tox|[from] item: Leftovers\n|-heal|p1a: Toxapex|66\/100|[from] item: Black Sludge\n|-damage|p2a: Landorus|89\/100 tox|[from] psn\n|upkeep\n|turn|14\n|j| kind of liked it\n|\n|t:|1644228571\n|switch|p1a: Corviknight|Corviknight, F|100\/100\n|-ability|p1a: Corviknight|Pressure\n|move|p2a: Landorus|Earthquake|p1a: Corviknight\n|-immune|p1a: Corviknight\n|\n|-heal|p2a: Landorus|95\/100 tox|[from] item: Leftovers\n|-damage|p2a: Landorus|83\/100 tox|[from] psn\n|upkeep\n|turn|15\n|\n|t:|1644228577\n|move|p2a: Landorus|U-turn|p1a: Corviknight\n|-resisted|p1a: Corviknight\n|-damage|p1a: Corviknight|97\/100\n|l| kind of liked it\n|\n|t:|1644228581\n|switch|p2a: Slowbro|Slowbro, M, shiny|100\/100|[from]move: U-turn\n|move|p1a: Corviknight|Body Press|p2a: Slowbro\n|-resisted|p2a: Slowbro\n|-damage|p2a: Slowbro|93\/100\n|\n|upkeep\n|turn|16\n|\n|t:|1644228583\n|move|p1a: Corviknight|Taunt|p2a: Slowbro\n|-start|p2a: Slowbro|move: Taunt\n|move|p2a: Slowbro|Scald|p1a: Corviknight\n|-damage|p1a: Corviknight|71\/100\n|\n|upkeep\n|turn|17\n|\n|t:|1644228586\n|switch|p1a: Jirachi|Jirachi|100\/100\n|move|p2a: Slowbro|Future Sight|p1a: Jirachi\n|-start|p2a: Slowbro|move: Future Sight\n|\n|upkeep\n|turn|18\n|\n|t:|1644228593\n|switch|p2a: Tyranitar|Tyranitar, M, shiny|93\/100\n|-weather|Sandstorm|[from] ability: Sand Stream|[of] p2a: Tyranitar\n|move|p1a: Jirachi|Wish|p1a: Jirachi\n|\n|-weather|Sandstorm|[upkeep]\n|upkeep\n|turn|19\n|j| hypervortexreturns\n|\n|t:|1644228600\n|move|p1a: Jirachi|U-turn|p2a: Tyranitar\n|-supereffective|p2a: Tyranitar\n|-damage|p2a: Tyranitar|60\/100\n|\n|t:|1644228604\n|switch|p1a: Corviknight|Corviknight, F|71\/100|[from]move: U-turn\n|-ability|p1a: Corviknight|Pressure\n|move|p2a: Tyranitar|Fire Punch|p1a: Corviknight\n|-supereffective|p1a: Corviknight\n|-damage|p1a: Corviknight|35\/100\n|\n|-weather|Sandstorm|[upkeep]\n|-end|p1a: Corviknight|move: Future Sight\n|-resisted|p1a: Corviknight\n|-damage|p1a: Corviknight|17\/100\n|-heal|p1a: Corviknight|67\/100|[from] move: Wish|[wisher] Jirachi\n|upkeep\n|turn|20\n|j| Ctannn\n|\n|t:|1644228613\n|switch|p2a: Slowbro|Slowbro, M, shiny|100\/100\n|move|p1a: Corviknight|Body Press|p2a: Slowbro\n|-resisted|p2a: Slowbro\n|-damage|p2a: Slowbro|92\/100\n|\n|-weather|Sandstorm|[upkeep]\n|-damage|p2a: Slowbro|86\/100|[from] Sandstorm\n|upkeep\n|turn|21\n|\n|t:|1644228616\n|move|p1a: Corviknight|Taunt|p2a: Slowbro\n|-start|p2a: Slowbro|move: Taunt\n|move|p2a: Slowbro|Scald|p1a: Corviknight\n|-damage|p1a: Corviknight|38\/100\n|-status|p1a: Corviknight|brn\n|\n|-weather|Sandstorm|[upkeep]\n|-damage|p2a: Slowbro|80\/100|[from] Sandstorm\n|-damage|p1a: Corviknight|32\/100 brn|[from] brn\n|upkeep\n|turn|22\n|\n|t:|1644228620\n|move|p1a: Corviknight|Roost|p1a: Corviknight\n|-heal|p1a: Corviknight|82\/100 brn\n|-singleturn|p1a: Corviknight|move: Roost\n|move|p2a: Slowbro|Scald|p1a: Corviknight\n|-damage|p1a: Corviknight|54\/100 brn\n|\n|-weather|none\n|-damage|p1a: Corviknight|48\/100 brn|[from] brn\n|upkeep\n|turn|23\n|\n|t:|1644228622\n|move|p1a: Corviknight|Roost|p1a: Corviknight\n|-heal|p1a: Corviknight|98\/100 brn\n|-singleturn|p1a: Corviknight|move: Roost\n|move|p2a: Slowbro|Scald|p1a: Corviknight\n|-crit|p1a: Corviknight\n|-damage|p1a: Corviknight|55\/100 brn\n|\n|-damage|p1a: Corviknight|48\/100 brn|[from] brn\n|-end|p2a: Slowbro|move: Taunt\n|upkeep\n|turn|24\n|\n|t:|1644228626\n|move|p1a: Corviknight|Roost|p1a: Corviknight\n|-heal|p1a: Corviknight|98\/100 brn\n|-singleturn|p1a: Corviknight|move: Roost\n|move|p2a: Slowbro|Future Sight|p1a: Corviknight\n|-start|p2a: Slowbro|move: Future Sight\n|\n|-damage|p1a: Corviknight|92\/100 brn|[from] brn\n|upkeep\n|turn|25\n|\n|t:|1644228628\n|switch|p1a: Jirachi|Jirachi|100\/100\n|move|p2a: Slowbro|Scald|p1a: Jirachi\n|-damage|p1a: Jirachi|83\/100\n|\n|-heal|p1a: Jirachi|89\/100|[from] item: Leftovers\n|upkeep\n|turn|26\n|j| Misty Gym comback1\n|\n|t:|1644228632\n|move|p1a: Jirachi|Wish|p1a: Jirachi\n|move|p2a: Slowbro|Teleport|p2a: Slowbro\n|\n|t:|1644228637\n|switch|p2a: Buzzwole|Buzzwole|100\/100|[from]move: Teleport\n|\n|-end|p1a: Jirachi|move: Future Sight\n|-resisted|p1a: Jirachi\n|-damage|p1a: Jirachi|83\/100\n|-heal|p1a: Jirachi|90\/100|[from] item: Leftovers\n|upkeep\n|turn|27\n|\n|t:|1644228643\n|move|p1a: Jirachi|Protect|p1a: Jirachi\n|-singleturn|p1a: Jirachi|Protect\n|move|p2a: Buzzwole|Close Combat|p1a: Jirachi\n|-activate|p1a: Jirachi|move: Protect\n|\n|-heal|p1a: Jirachi|100\/100|[from] move: Wish|[wisher] Jirachi\n|upkeep\n|turn|28\n|\n|t:|1644228648\n|switch|p2a: Slowbro|Slowbro, M, shiny|100\/100\n|move|p1a: Jirachi|Wish|p1a: Jirachi\n|\n|upkeep\n|turn|29\n|\n|t:|1644228653\n|move|p1a: Jirachi|U-turn|p2a: Slowbro\n|-supereffective|p2a: Slowbro\n|-damage|p2a: Slowbro|83\/100\n|\n|t:|1644228656\n|switch|p1a: Blissey|Blissey, F|76\/100|[from]move: U-turn\n|move|p2a: Slowbro|Future Sight|p1a: Blissey\n|-start|p2a: Slowbro|move: Future Sight\n|\n|-heal|p1a: Blissey|100\/100|[from] move: Wish|[wisher] Jirachi\n|upkeep\n|turn|30\n|\n|t:|1644228658\n|move|p1a: Blissey|Aromatherapy|p1a: Blissey\n|-activate|p1a: Blissey|move: Aromatherapy\n|-curestatus|p1: Corviknight|brn|[msg]\n|move|p2a: Slowbro|Teleport|p2a: Slowbro\n|\n|t:|1644228660\n|switch|p2a: Buzzwole|Buzzwole|100\/100|[from]move: Teleport\n|\n|upkeep\n|turn|31\n|\n|t:|1644228666\n|switch|p1a: Corviknight|Corviknight, F|92\/100\n|-ability|p1a: Corviknight|Pressure\n|move|p2a: Buzzwole|Close Combat|p1a: Corviknight\n|-damage|p1a: Corviknight|54\/100\n|-unboost|p2a: Buzzwole|def|1\n|-unboost|p2a: Buzzwole|spd|1\n|\n|-end|p1a: Corviknight|move: Future Sight\n|-resisted|p1a: Corviknight\n|-damage|p1a: Corviknight|32\/100\n|upkeep\n|turn|32\n|\n|t:|1644228676\n|switch|p1a: Toxapex|Toxapex, F|99\/100\n|move|p2a: Buzzwole|Close Combat|p1a: Toxapex\n|-resisted|p1a: Toxapex\n|-damage|p1a: Toxapex|79\/100\n|-unboost|p2a: Buzzwole|def|1\n|-unboost|p2a: Buzzwole|spd|1\n|\n|-heal|p1a: Toxapex|85\/100|[from] item: Black Sludge\n|upkeep\n|turn|33\n|\n|t:|1644228684\n|switch|p2a: Tyranitar|Tyranitar, M, shiny|60\/100\n|-weather|Sandstorm|[from] ability: Sand Stream|[of] p2a: Tyranitar\n|move|p1a: Toxapex|Toxic Spikes|p2a: Tyranitar\n|-sidestart|p2: stestestephencurry|move: Toxic Spikes\n|\n|-weather|Sandstorm|[upkeep]\n|-damage|p1a: Toxapex|79\/100|[from] Sandstorm\n|-heal|p1a: Toxapex|85\/100|[from] item: Black Sludge\n|upkeep\n|turn|34\n|\n|t:|1644228690\n|switch|p2a: Buzzwole|Buzzwole|100\/100\n|-status|p2a: Buzzwole|psn\n|move|p1a: Toxapex|Toxic Spikes|p2a: Buzzwole\n|-sidestart|p2: stestestephencurry|move: Toxic Spikes\n|\n|-weather|Sandstorm|[upkeep]\n|-damage|p2a: Buzzwole|94\/100 psn|[from] Sandstorm\n|-damage|p1a: Toxapex|79\/100|[from] Sandstorm\n|-heal|p1a: Toxapex|85\/100|[from] item: Black Sludge\n|-damage|p2a: Buzzwole|82\/100 psn|[from] psn\n|upkeep\n|turn|35\n|\n|t:|1644228694\n|move|p2a: Buzzwole|Earthquake|p1a: Toxapex\n|-supereffective|p1a: Toxapex\n|-damage|p1a: Toxapex|39\/100\n|move|p1a: Toxapex|Knock Off|p2a: Buzzwole\n|-resisted|p2a: Buzzwole\n|-damage|p2a: Buzzwole|77\/100 psn\n|-damage|p1a: Toxapex|23\/100|[from] item: Rocky Helmet|[of] p2a: Buzzwole\n|-enditem|p2a: Buzzwole|Rocky Helmet|[from] move: Knock Off|[of] p1a: Toxapex\n|\n|-weather|Sandstorm|[upkeep]\n|-damage|p2a: Buzzwole|71\/100 psn|[from] Sandstorm\n|-damage|p1a: Toxapex|16\/100|[from] Sandstorm\n|-heal|p1a: Toxapex|23\/100|[from] item: Black Sludge\n|-damage|p2a: Buzzwole|58\/100 psn|[from] psn\n|upkeep\n|turn|36\n|\n|t:|1644228704\n|switch|p1a: Quagsire|Quagsire, M|94\/100\n|move|p2a: Buzzwole|Close Combat|p1a: Quagsire\n|-damage|p1a: Quagsire|46\/100\n|-unboost|p2a: Buzzwole|def|1\n|-unboost|p2a: Buzzwole|spd|1\n|\n|-weather|Sandstorm|[upkeep]\n|-damage|p2a: Buzzwole|52\/100 psn|[from] Sandstorm\n|-heal|p1a: Quagsire|52\/100|[from] item: Leftovers\n|-damage|p2a: Buzzwole|40\/100 psn|[from] psn\n|upkeep\n|turn|37\n|\n|t:|1644228707\n|move|p2a: Buzzwole|Roost|p2a: Buzzwole\n|-heal|p2a: Buzzwole|90\/100 psn\n|-singleturn|p2a: Buzzwole|move: Roost\n|move|p1a: Quagsire|Recover|p1a: Quagsire\n|-heal|p1a: Quagsire|100\/100\n|\n|-weather|none\n|-damage|p2a: Buzzwole|77\/100 psn|[from] psn\n|upkeep\n|turn|38\n|\n|t:|1644228720\n|switch|p2a: Landorus|Landorus-Therian, M, shiny|83\/100 tox\n|-ability|p2a: Landorus|Intimidate|boost\n|-unboost|p1a: Quagsire|atk|1\n|move|p1a: Quagsire|Scald|p2a: Landorus\n|-supereffective|p2a: Landorus\n|-damage|p2a: Landorus|38\/100 tox\n|\n|-heal|p2a: Landorus|44\/100 tox|[from] item: Leftovers\n|-damage|p2a: Landorus|38\/100 tox|[from] psn\n|upkeep\n|turn|39\n|j| liet32120\n|\n|t:|1644228725\n|move|p2a: Landorus|Stealth Rock|p1a: Quagsire\n|-sidestart|p1: kokoukohiro|move: Stealth Rock\n|move|p1a: Quagsire|Scald|p2a: Landorus\n|-supereffective|p2a: Landorus\n|-damage|p2a: Landorus|0 fnt\n|faint|p2a: Landorus\n|\n|upkeep\n|j| Tabata Tyrogue\n|\n|t:|1644228734\n|switch|p2a: Clefable|Clefable, F, shiny|100\/100\n|-status|p2a: Clefable|tox\n|turn|40\n|\n|t:|1644228740\n|switch|p1a: Toxapex|Toxapex, F|56\/100\n|-damage|p1a: Toxapex|43\/100|[from] Stealth Rock\n|move|p2a: Clefable|Calm Mind|p2a: Clefable\n|-boost|p2a: Clefable|spa|1\n|-boost|p2a: Clefable|spd|1\n|\n|-heal|p1a: Toxapex|50\/100|[from] item: Black Sludge\n|upkeep\n|turn|41\n|\n|t:|1644228743\n|move|p2a: Clefable|Calm Mind|p2a: Clefable\n|-boost|p2a: Clefable|spa|1\n|-boost|p2a: Clefable|spd|1\n|move|p1a: Toxapex|Knock Off|p2a: Clefable\n|-resisted|p2a: Clefable\n|-damage|p2a: Clefable|95\/100 tox\n|-enditem|p2a: Clefable|Leftovers|[from] move: Knock Off|[of] p1a: Toxapex\n|\n|-heal|p1a: Toxapex|56\/100|[from] item: Black Sludge\n|upkeep\n|turn|42\n|\n|t:|1644228745\n|switch|p1a: Jirachi|Jirachi|100\/100\n|-damage|p1a: Jirachi|94\/100|[from] Stealth Rock\n|move|p2a: Clefable|Moonblast|p1a: Jirachi\n|-resisted|p1a: Jirachi\n|-damage|p1a: Jirachi|76\/100\n|\n|-heal|p1a: Jirachi|82\/100|[from] item: Leftovers\n|upkeep\n|turn|43\n|\n|t:|1644228748\n|move|p1a: Jirachi|Iron Head|p2a: Clefable\n|-supereffective|p2a: Clefable\n|-damage|p2a: Clefable|53\/100 tox\n|move|p2a: Clefable|Flamethrower|p1a: Jirachi\n|-supereffective|p1a: Jirachi\n|-crit|p1a: Jirachi\n|-damage|p1a: Jirachi|12\/100\n|\n|-heal|p1a: Jirachi|18\/100|[from] item: Leftovers\n|upkeep\n|turn|44\n|\n|t:|1644228762\n|move|p1a: Jirachi|Iron Head|p2a: Clefable\n|-supereffective|p2a: Clefable\n|-damage|p2a: Clefable|10\/100 tox\n|move|p2a: Clefable|Flamethrower|p1a: Jirachi\n|-supereffective|p1a: Jirachi\n|-damage|p1a: Jirachi|0 fnt\n|faint|p1a: Jirachi\n|\n|upkeep\n|-message|kokoukohiro forfeited.\n|\n|win|stestestephencurry\n|raw|kokoukohiro's rating: 1718 &rarr; <strong>1702<\/strong><br \/>(-16 for losing)\n|raw|stestestephencurry's rating: 1794 &rarr; <strong>1810<\/strong><br \/>(+16 for winning)\n|l|\u2606kokoukohiro\n|c|\u2606stestestephencurry|lmao\n|l|\u2606stestestephencurry\n|l| vb366\n|l| Ctannn\n|l| Rhinotank93\n|l| hypervortexreturns\n","uploadtime":1644228773,"views":23,"p1id":"kokoukohiro","p2id":"stestestephencurry","formatid":"gen8ou","rating":1702,"private":0,"password":null}