{"id":"gen8mixandmega-1704267325","p1":"suloxiv","p2":"Faygos","format":"gen8mixandmega","log":"|j|\u2606suloxiv\n|j|\u2606Faygos\n|inactive|Battle timer is ON: inactive players will automatically lose when time's up.\n|t:|1667759806\n|gametype|singles\n|player|p1|suloxiv|diantha|\n|player|p2|Faygos|1|\n|teamsize|p1|6\n|teamsize|p2|6\n|gen|8\n|tier|[Gen 8] Mix and Mega\n|rated|Tournament battle\n|rule|Species Clause: Limit one of each Pok\u00e9mon\n|rule|OHKO Clause: OHKO moves are banned\n|rule|Evasion Moves Clause: Evasion moves are banned\n|rule|Endless Battle Clause: Forcing endless battles is banned\n|rule|Dynamax Clause: You cannot dynamax\n|rule|HP Percentage Mod: HP is shown in percentages\n|rule|Sleep Clause Mod: Limit one foe put to sleep\n|clearpoke\n|poke|p1|Entei|\n|poke|p1|Slowbro, F|\n|poke|p1|Zeraora|\n|poke|p1|Excadrill, F|\n|poke|p1|Blissey, F|\n|poke|p1|Skarmory, F|\n|poke|p2|Solgaleo|\n|poke|p2|Excadrill, F|\n|poke|p2|Lunala|\n|poke|p2|Slowking-Galar, F|\n|poke|p2|Golisopod, F|\n|poke|p2|Genesect|\n|teampreview\n|inactive|suloxiv also wants the timer to be on.\n|inactive|Faygos also wants the timer to be on.\n|j|+Ducky\n|c|\u2606suloxiv|hf\n|j| Illusio\n|\n|t:|1667759826\n|start\n|switch|p1a: FOREVER SAILING|Slowbro, F|100\/100\n|switch|p2a: Golisopod|Golisopod, F|100\/100\n|turn|1\n|\n|t:|1667759834\n|switch|p1a: AUTOMATE|Skarmory, F|100\/100\n|detailschange|p2a: Golisopod|Golisopod, F\n|-mega|p2a: Golisopod|Golisopod|Lucarionite\n|-start|p2a: Golisopod|Lucarionite|[silent]\n|move|p2a: Golisopod|Leech Life|p1a: AUTOMATE\n|-resisted|p1a: AUTOMATE\n|-damage|p1a: AUTOMATE|90\/100\n|\n|upkeep\n|turn|2\n|\n|t:|1667759846\n|-end|p2a: Golisopod|Lucarionite|[silent]\n|switch|p2a: Slowking|Slowking-Galar, F|100\/100\n|move|p1a: AUTOMATE|Spikes|p2a: Slowking\n|-sidestart|p2: Faygos|Spikes\n|\n|upkeep\n|turn|3\n|l|+Ducky\n|inactive|suloxiv has 120 seconds left.\n|inactive|Faygos has 120 seconds left.\n|j|%KaenSoul\n|j| blastablasta\n|inactive|Faygos has 90 seconds left.\n|j|%Clastia\n|\n|t:|1667759937\n|switch|p1a: FOREVER SAILING|Slowbro, F|100\/100\n|move|p2a: Slowking|Calm Mind|p2a: Slowking\n|-boost|p2a: Slowking|spa|1\n|-boost|p2a: Slowking|spd|1\n|\n|upkeep\n|turn|4\n|\n|t:|1667759945\n|move|p2a: Slowking|Calm Mind|p2a: Slowking\n|-boost|p2a: Slowking|spa|1\n|-boost|p2a: Slowking|spd|1\n|move|p1a: FOREVER SAILING|Future Sight|p2a: Slowking\n|-start|p1a: FOREVER SAILING|move: Future Sight\n|\n|upkeep\n|turn|5\n|c|%Clastia|oh no\n|inactive|Faygos has 90 seconds left.\n|\n|t:|1667759951\n|move|p2a: Slowking|Sludge Bomb|p1a: FOREVER SAILING\n|-damage|p1a: FOREVER SAILING|29\/100\n|move|p1a: FOREVER SAILING|Teleport|p1a: FOREVER SAILING\n|c|%Clastia|he doesnt know\n|\n|t:|1667759955\n|switch|p1a: C. ET AL.|Excadrill, F|100\/100|[from]move: Teleport\n|-ability|p1a: C. ET AL.|Mold Breaker\n|\n|upkeep\n|turn|6\n|c|\u2606suloxiv|ur scaring me Clastia\n|c|\u2606suloxiv|i dont know what...\n|c|%Clastia|rightly so\n|inactive|Faygos has 90 seconds left.\n|c|\u2606suloxiv|:(\n|inactive|Faygos has 60 seconds left.\n|inactive|Faygos has 30 seconds left.\n|j|%kennukem\n|inactive|Faygos has 20 seconds left.\n|j| Asb04\n|\n|t:|1667760044\n|detailschange|p1a: C. ET AL.|Excadrill, F\n|-mega|p1a: C. ET AL.|Excadrill|Latiosite\n|-start|p1a: C. ET AL.|Latiosite|[silent]\n|detailschange|p2a: Slowking|Slowking-Galar, F\n|-mega|p2a: Slowking|Slowking|Aggronite\n|-start|p2a: Slowking|Aggronite|[silent]\n|-start|p2a: Slowking|typechange|Poison|[silent]\n|move|p1a: C. ET AL.|Earthquake|p2a: Slowking\n|-supereffective|p2a: Slowking\n|-damage|p2a: Slowking|55\/100\n|move|p2a: Slowking|Ice Beam|p1a: C. ET AL.\n|-damage|p1a: C. ET AL.|49\/100\n|\n|-end|p2a: Slowking|move: Future Sight\n|-supereffective|p2a: Slowking\n|-damage|p2a: Slowking|33\/100\n|upkeep\n|turn|7\n|inactive|Faygos has 30 seconds left this turn.\n|c|\u2606suloxiv|,\n|inactive|Faygos has 20 seconds left.\n|inactive|Faygos has 15 seconds left.\n|\n|t:|1667760061\n|move|p1a: C. ET AL.|Earthquake|p2a: Slowking\n|-supereffective|p2a: Slowking\n|-damage|p2a: Slowking|0 fnt\n|faint|p2a: Slowking\n|\n|upkeep\n|inactive|Faygos has 20 seconds left this turn.\n|inactive|Faygos has 15 seconds left.\n|\n|t:|1667760066\n|switch|p2a: Genesect|Genesect, shiny|100\/100\n|-damage|p2a: Genesect|88\/100|[from] Spikes\n|-ability|p2a: Genesect|Download|boost\n|-boost|p2a: Genesect|spa|1\n|turn|8\n|inactive|Faygos has 25 seconds left this turn.\n|\n|t:|1667760072\n|-end|p1a: C. ET AL.|Latiosite|[silent]\n|switch|p1a: MADONNA|Blissey, F|100\/100\n|move|p2a: Genesect|Shift Gear|p2a: Genesect\n|-boost|p2a: Genesect|spe|2\n|-boost|p2a: Genesect|atk|1\n|\n|upkeep\n|turn|9\n|inactive|Faygos has 30 seconds left.\n|inactive|Faygos has 20 seconds left.\n|inactive|Faygos has 15 seconds left.\n|\n|t:|1667760095\n|detailschange|p2a: Genesect|Genesect, shiny\n|-mega|p2a: Genesect|Genesect|Altarianite\n|-start|p2a: Genesect|Altarianite|[silent]\n|-start|p2a: Genesect|typechange|Bug\/Fairy|[silent]\n|detailschange|p1a: MADONNA|Blissey, F\n|-mega|p1a: MADONNA|Blissey|Slowbronite\n|-start|p1a: MADONNA|Slowbronite|[silent]\n|move|p2a: Genesect|Explosion|p1a: MADONNA\n|-damage|p1a: MADONNA|0 fnt\n|faint|p2a: Genesect\n|faint|p1a: MADONNA\n|\n|upkeep\n|inactive|Faygos has 25 seconds left this turn.\n|c|\u2606suloxiv|Ok.\n|inactive|Faygos has 20 seconds left.\n|\n|t:|1667760104\n|switch|p2a: Excadrill|Excadrill, F|100\/100\n|switch|p1a: VALENTINE|Entei|100\/100\n|-damage|p2a: Excadrill|88\/100|[from] Spikes\n|-ability|p2a: Excadrill|Mold Breaker\n|turn|10\n|inactive|Faygos has 30 seconds left this turn.\n|j| McFlop\n|c| McFlop|hurry up >:(\n|inactive|Faygos has 20 seconds left.\n|\n|t:|1667760116\n|switch|p1a: AUTOMATE|Skarmory, F|90\/100\n|detailschange|p2a: Excadrill|Excadrill, F\n|-mega|p2a: Excadrill|Excadrill|Latiosite\n|-start|p2a: Excadrill|Latiosite|[silent]\n|move|p2a: Excadrill|Earthquake|p1a: AUTOMATE\n|-immune|p1a: AUTOMATE\n|\n|upkeep\n|turn|11\n|inactive|Faygos has 30 seconds left this turn.\n|c|\u2606suloxiv|shut UP oml McFlop\n|\n|t:|1667760124\n|move|p2a: Excadrill|Rapid Spin|p1a: AUTOMATE\n|-resisted|p1a: AUTOMATE\n|-crit|p1a: AUTOMATE\n|-damage|p1a: AUTOMATE|81\/100\n|-boost|p2a: Excadrill|spe|1\n|-sideend|p2: Faygos|Spikes|[from] move: Rapid Spin|[of] p2a: Excadrill\n|move|p1a: AUTOMATE|Body Press|p2a: Excadrill\n|-supereffective|p2a: Excadrill\n|-damage|p2a: Excadrill|19\/100\n|\n|upkeep\n|turn|12\n|\n|t:|1667760139\n|move|p2a: Excadrill|Stealth Rock|p1a: AUTOMATE\n|-sidestart|p1: suloxiv|move: Stealth Rock\n|move|p1a: AUTOMATE|Toxic|p2a: Excadrill\n|-immune|p2a: Excadrill\n|\n|upkeep\n|turn|13\n|\n|t:|1667760144\n|-end|p2a: Excadrill|Latiosite|[silent]\n|switch|p2a: Solgaleo|Solgaleo|100\/100\n|move|p1a: AUTOMATE|Body Press|p2a: Solgaleo\n|-damage|p2a: Solgaleo|74\/100\n|\n|upkeep\n|turn|14\n|\n|t:|1667760154\n|switch|p1a: VALENTINE|Entei|100\/100\n|-damage|p1a: VALENTINE|76\/100|[from] Stealth Rock\n|detailschange|p2a: Solgaleo|Solgaleo\n|-mega|p2a: Solgaleo|Solgaleo|Cameruptite\n|-start|p2a: Solgaleo|Cameruptite|[silent]\n|move|p2a: Solgaleo|Agility|p2a: Solgaleo\n|-boost|p2a: Solgaleo|spe|2\n|\n|upkeep\n|turn|15\n|c|\u2606suloxiv|why didnt we restrict this again\n|\n|t:|1667760175\n|move|p2a: Solgaleo|Thunderbolt|p1a: VALENTINE\n|-damage|p1a: VALENTINE|21\/100\n|move|p1a: VALENTINE|Sacred Fire|p2a: Solgaleo\n|-supereffective|p2a: Solgaleo\n|-damage|p2a: Solgaleo|10\/100\n|-status|p2a: Solgaleo|brn\n|\n|-damage|p2a: Solgaleo|4\/100 brn|[from] brn\n|upkeep\n|turn|16\n|c| blastablasta|it's fair\n|\n|t:|1667760186\n|detailschange|p1a: VALENTINE|Entei\n|-mega|p1a: VALENTINE|Entei|Altarianite\n|-start|p1a: VALENTINE|Altarianite|[silent]\n|-start|p1a: VALENTINE|typechange|Fire\/Fairy|[silent]\n|move|p1a: VALENTINE|Extreme Speed|p2a: Solgaleo\n|-resisted|p2a: Solgaleo\n|-damage|p2a: Solgaleo|0 fnt\n|faint|p2a: Solgaleo\n|\n|upkeep\n|\n|t:|1667760193\n|switch|p2a: Golisopod|Golisopod, F|100\/100\n|-start|p2a: Golisopod|Lucarionite|[silent]\n|turn|17\n|c|%KaenSoul|because democracy\n|c|%Clastia|tbf that team deals with all solg sets bc u have 2 checks but\n|\n|t:|1667760208\n|move|p1a: VALENTINE|Extreme Speed|p2a: Golisopod\n|-damage|p2a: Golisopod|58\/100\n|move|p2a: Golisopod|Aqua Jet|p1a: VALENTINE\n|-supereffective|p1a: VALENTINE\n|-damage|p1a: VALENTINE|0 fnt\n|faint|p1a: VALENTINE\n|\n|upkeep\n|\n|t:|1667760217\n|switch|p1a: HEADLOCK|Zeraora|100\/100\n|-damage|p1a: HEADLOCK|88\/100|[from] Stealth Rock\n|turn|18\n|c|%Clastia|theyre 1-time\n|\n|t:|1667760222\n|-end|p2a: Golisopod|Lucarionite|[silent]\n|switch|p2a: Excadrill|Excadrill, F|19\/100\n|-start|p2a: Excadrill|Latiosite|[silent]\n|detailschange|p1a: HEADLOCK|Zeraora\n|-mega|p1a: HEADLOCK|Zeraora|Lopunnite\n|-start|p1a: HEADLOCK|Lopunnite|[silent]\n|-start|p1a: HEADLOCK|typechange|Electric\/Fighting|[silent]\n|move|p1a: HEADLOCK|Plasma Fists|p2a: Excadrill\n|-immune|p2a: Excadrill\n|\n|upkeep\n|turn|19\n|\n|t:|1667760226\n|move|p1a: HEADLOCK|Close Combat|p2a: Excadrill\n|-supereffective|p2a: Excadrill\n|-damage|p2a: Excadrill|0 fnt\n|-unboost|p1a: HEADLOCK|def|1\n|-unboost|p1a: HEADLOCK|spd|1\n|faint|p2a: Excadrill\n|\n|upkeep\n|\n|t:|1667760228\n|switch|p2a: Lunala|Lunala|100\/100\n|turn|20\n|\n|t:|1667760235\n|move|p1a: HEADLOCK|Volt Switch|p2a: Lunala\n|-damage|p2a: Lunala|92\/100\n|\n|t:|1667760237\n|-end|p1a: HEADLOCK|Lopunnite|[silent]\n|switch|p1a: C. ET AL.|Excadrill, F|49\/100|[from]move: Volt Switch\n|-start|p1a: C. ET AL.|Latiosite|[silent]\n|-damage|p1a: C. ET AL.|46\/100|[from] Stealth Rock\n|move|p2a: Lunala|Agility|p2a: Lunala\n|-boost|p2a: Lunala|spe|2\n|\n|upkeep\n|turn|21\n|c|\u2606suloxiv|erm\n|inactive|Faygos has 90 seconds left.\n|\n|t:|1667760244\n|move|p2a: Lunala|Moongeist Beam|p1a: C. ET AL.\n|-damage|p1a: C. ET AL.|0 fnt\n|faint|p1a: C. ET AL.\n|\n|upkeep\n|\n|t:|1667760247\n|switch|p1a: AUTOMATE|Skarmory, F|81\/100\n|-damage|p1a: AUTOMATE|68\/100|[from] Stealth Rock\n|turn|22\n|c|%Clastia|oh right\n|c|\u2606suloxiv|it can\n|c|\u2606suloxiv|run that\n|c|\u2606suloxiv|..\n|c|%Clastia|yeah welcome to kdca lunala\n|\n|t:|1667760255\n|detailschange|p1a: AUTOMATE|Skarmory, F\n|-mega|p1a: AUTOMATE|Skarmory|Ampharosite\n|-ability|p1a: AUTOMATE|Mold Breaker\n|-start|p1a: AUTOMATE|Ampharosite|[silent]\n|-start|p1a: AUTOMATE|typechange|Steel\/Dragon|[silent]\n|move|p2a: Lunala|Moongeist Beam|p1a: AUTOMATE\n|-damage|p1a: AUTOMATE|0 fnt\n|faint|p1a: AUTOMATE\n|\n|upkeep\n|c|\u2606Faygos|gg\n|c|\u2606suloxiv|holy\n|c|\u2606suloxiv|gg\n|\n|t:|1667760262\n|switch|p1a: HEADLOCK|Zeraora|88\/100\n|-start|p1a: HEADLOCK|Lopunnite|[silent]\n|-start|p1a: HEADLOCK|typechange|Electric\/Fighting|[silent]\n|-damage|p1a: HEADLOCK|82\/100|[from] Stealth Rock\n|turn|23\n|\n|t:|1667760264\n|move|p2a: Lunala|Moongeist Beam|p1a: HEADLOCK\n|-damage|p1a: HEADLOCK|8\/100\n|move|p1a: HEADLOCK|Plasma Fists|p2a: Lunala\n|-damage|p2a: Lunala|40\/100\n|-fieldactivate|move: Ion Deluge\n|-hint|Normal-type moves become Electric-type after using Plasma Fists.\n|\n|upkeep\n|turn|24\n|\n|t:|1667760268\n|move|p2a: Lunala|Moongeist Beam|p1a: HEADLOCK\n|-damage|p1a: HEADLOCK|0 fnt\n|faint|p1a: HEADLOCK\n|\n|upkeep\n|\n|t:|1667760269\n|switch|p1a: FOREVER SAILING|Slowbro, F|63\/100\n|-damage|p1a: FOREVER SAILING|50\/100|[from] Stealth Rock\n|turn|25\n|\n|t:|1667760271\n|detailschange|p1a: FOREVER SAILING|Slowbro, F\n|-mega|p1a: FOREVER SAILING|Slowbro|Sablenite\n|-start|p1a: FOREVER SAILING|Sablenite|[silent]\n|move|p2a: Lunala|Moongeist Beam|p1a: FOREVER SAILING\n|-supereffective|p1a: FOREVER SAILING\n|-damage|p1a: FOREVER SAILING|0 fnt\n|faint|p1a: FOREVER SAILING\n|\n|win|Faygos\n|n|\u2606suloxiv|suloxiv\n|n|\u2606Faygos|faygos\n|n| Illusio|illusio\n|n| KaenSoul|kaensoul\n|n| blastablasta|blastablasta\n|n| Clastia|clastia\n|n| kennukem|kennukem\n|n| Asb04|asb04\n|n| McFlop|mcflop\n","uploadtime":1667760272,"views":8,"p1id":"suloxiv","p2id":"faygos","formatid":"gen8mixandmega","rating":0,"private":0,"password":null}