{"id":"gen8ubers-1169634487","p1":"Iznamakin","p2":"AndreiMallare12","format":"gen8ubers","log":"|j|\u2606Iznamakin\n|j|\u2606AndreiMallare12\n|t:|1597541098\n|player|p1|Iznamakin|red|1091\n|player|p2|AndreiMallare12|lucas-gen4pt|1223\n|teamsize|p1|6\n|teamsize|p2|6\n|gametype|singles\n|gen|8\n|tier|[Gen 8] Ubers\n|rated|\n|clearpoke\n|poke|p1|Cinderace, M|\n|poke|p1|Darmanitan-Galar, M|\n|poke|p1|Chansey, F|\n|poke|p1|Marshadow|\n|poke|p1|Ferrothorn, M|\n|poke|p1|Hydreigon, M|\n|poke|p2|Darmanitan-Galar, F|\n|poke|p2|Zacian-Crowned|\n|poke|p2|Eternatus|\n|poke|p2|Toxtricity, M|\n|poke|p2|Cinderace, F|\n|poke|p2|Marshadow|\n|rule|Sleep Clause Mod: Limit one foe put to sleep\n|rule|Species Clause: Limit one of each Pok\u00e9mon\n|rule|OHKO Clause: OHKO moves are banned\n|rule|Evasion Moves Clause: Evasion moves are banned\n|rule|Endless Battle Clause: Forcing endless battles is banned\n|rule|HP Percentage Mod: HP is shown in percentages\n|html|Ubers Dynamax Clause: Pok\u00e9mon on the <a href=\"https:\/\/www.smogon.com\/dex\/ss\/formats\/uber\/\">Ubers Dynamax Banlist<\/a> cannot Dynamax.\n|teampreview\n|\n|t:|1597541108\n|start\n|switch|p1a: Darmanitan|Darmanitan-Galar, M|100\/100\n|switch|p2a: Cinderace|Cinderace, F|100\/100\n|turn|1\n|\n|t:|1597541116\n|move|p1a: Darmanitan|Earthquake|p2a: Cinderace\n|-supereffective|p2a: Cinderace\n|-damage|p2a: Cinderace|0 fnt\n|faint|p2a: Cinderace\n|\n|upkeep\n|\n|t:|1597541125\n|switch|p2a: Zacian|Zacian-Crowned|100\/100\n|-ability|p2a: Zacian|Intrepid Sword|boost\n|-boost|p2a: Zacian|atk|1\n|turn|2\n|inactive|Battle timer is ON: inactive players will automatically lose when time's up. (requested by AndreiMallare12)\n|\n|t:|1597541138\n|switch|p1a: Chansey|Chansey, F|100\/100\n|move|p2a: Zacian|Behemoth Blade|p1a: Chansey\n|-damage|p1a: Chansey|42\/100\n|\n|upkeep\n|turn|3\n|\n|t:|1597541146\n|move|p2a: Zacian|Sacred Sword|p1a: Chansey\n|-supereffective|p1a: Chansey\n|-damage|p1a: Chansey|0 fnt\n|faint|p1a: Chansey\n|\n|upkeep\n|\n|t:|1597541151\n|switch|p1a: Darmanitan|Darmanitan-Galar, M|100\/100\n|turn|4\n|\n|t:|1597541154\n|move|p1a: Darmanitan|Flare Blitz|p2a: Zacian\n|-supereffective|p2a: Zacian\n|-damage|p2a: Zacian|0 fnt\n|-damage|p1a: Darmanitan|70\/100|[from] Recoil\n|faint|p2a: Zacian\n|\n|upkeep\n|\n|t:|1597541161\n|switch|p2a: Eternatus|Eternatus|100\/100\n|-ability|p2a: Eternatus|Pressure\n|turn|5\n|\n|t:|1597541170\n|switch|p1a: Cinderace|Cinderace, M|100\/100\n|move|p2a: Eternatus|Flamethrower|p1a: Cinderace\n|-resisted|p1a: Cinderace\n|-damage|p1a: Cinderace|74\/100\n|\n|upkeep\n|turn|6\n|inactive|Iznamakin has 120 seconds left.\n|\n|t:|1597541200\n|move|p2a: Eternatus|Dynamax Cannon|p1a: Cinderace\n|-damage|p1a: Cinderace|0 fnt\n|faint|p1a: Cinderace\n|\n|upkeep\n|inactive|Iznamakin has 120 seconds left.\n|\n|t:|1597541225\n|switch|p1a: Marshadow|Marshadow|100\/100\n|turn|7\n|\n|t:|1597541235\n|move|p2a: Eternatus|Eternabeam|p1a: Marshadow\n|-damage|p1a: Marshadow|0 fnt\n|-mustrecharge|p2a: Eternatus\n|faint|p1a: Marshadow\n|\n|upkeep\n|\n|t:|1597541248\n|switch|p1a: Darmanitan|Darmanitan-Galar, M|70\/100\n|turn|8\n|\n|t:|1597541252\n|move|p1a: Darmanitan|Earthquake|p2a: Eternatus\n|-supereffective|p2a: Eternatus\n|-damage|p2a: Eternatus|3\/100\n|cant|p2a: Eternatus|recharge\n|\n|upkeep\n|turn|9\n|\n|t:|1597541259\n|move|p1a: Darmanitan|Earthquake|p2a: Eternatus\n|-supereffective|p2a: Eternatus\n|-damage|p2a: Eternatus|0 fnt\n|faint|p2a: Eternatus\n|\n|upkeep\n|\n|t:|1597541264\n|switch|p2a: Darmanitan|Darmanitan-Galar, F|100\/100\n|turn|10\n|\n|t:|1597541272\n|switch|p1a: Ferrothorn|Ferrothorn, M|100\/100\n|move|p2a: Darmanitan|Flare Blitz|p1a: Ferrothorn\n|-supereffective|p1a: Ferrothorn\n|-damage|p1a: Ferrothorn|3\/100\n|-damage|p2a: Darmanitan|88\/100|[from] ability: Iron Barbs|[of] p1a: Ferrothorn\n|-damage|p2a: Darmanitan|56\/100|[from] Recoil\n|\n|-heal|p1a: Ferrothorn|9\/100|[from] item: Leftovers\n|upkeep\n|turn|11\n|\n|t:|1597541286\n|move|p1a: Ferrothorn|Protect|p1a: Ferrothorn\n|-singleturn|p1a: Ferrothorn|Protect\n|move|p2a: Darmanitan|Flare Blitz|p1a: Ferrothorn\n|-activate|p1a: Ferrothorn|move: Protect\n|\n|-heal|p1a: Ferrothorn|15\/100|[from] item: Leftovers\n|upkeep\n|turn|12\n|\n|t:|1597541293\n|move|p1a: Ferrothorn|Protect|p1a: Ferrothorn\n|-singleturn|p1a: Ferrothorn|Protect\n|move|p2a: Darmanitan|Flare Blitz|p1a: Ferrothorn\n|-activate|p1a: Ferrothorn|move: Protect\n|\n|-heal|p1a: Ferrothorn|22\/100|[from] item: Leftovers\n|upkeep\n|turn|13\n|\n|t:|1597541299\n|move|p1a: Ferrothorn|Protect||[still]\n|-fail|p1a: Ferrothorn\n|move|p2a: Darmanitan|Flare Blitz|p1a: Ferrothorn\n|-supereffective|p1a: Ferrothorn\n|-damage|p1a: Ferrothorn|0 fnt\n|-damage|p2a: Darmanitan|44\/100|[from] ability: Iron Barbs|[of] p1a: Ferrothorn\n|-damage|p2a: Darmanitan|37\/100|[from] Recoil\n|faint|p1a: Ferrothorn\n|\n|-formechange|p2a: Darmanitan|Darmanitan-Galar-Zen|\n|upkeep\n|\n|t:|1597541315\n|switch|p1a: Darmanitan|Darmanitan-Galar, M|70\/100\n|turn|14\n|\n|t:|1597541320\n|move|p1a: Darmanitan|Earthquake|p2a: Darmanitan\n|-supereffective|p2a: Darmanitan\n|-damage|p2a: Darmanitan|0 fnt\n|faint|p2a: Darmanitan\n|\n|upkeep\n|\n|t:|1597541324\n|switch|p2a: Marshadow|Marshadow|100\/100\n|turn|15\n|\n|t:|1597541335\n|-start|p1a: Darmanitan|Dynamax\n|-heal|p1a: Darmanitan|70\/100|[silent]\n|move|p2a: Marshadow|Close Combat|p1a: Darmanitan\n|-supereffective|p1a: Darmanitan\n|-damage|p1a: Darmanitan|0 fnt\n|-unboost|p2a: Marshadow|def|1\n|-unboost|p2a: Marshadow|spd|1\n|faint|p1a: Darmanitan\n|\n|upkeep\n|\n|t:|1597541343\n|switch|p1a: Hydreigon|Hydreigon, M|100\/100\n|turn|16\n|\n|t:|1597541349\n|move|p2a: Marshadow|Close Combat|p1a: Hydreigon\n|-supereffective|p1a: Hydreigon\n|-damage|p1a: Hydreigon|0 fnt\n|-unboost|p2a: Marshadow|def|1\n|-unboost|p2a: Marshadow|spd|1\n|faint|p1a: Hydreigon\n|\n|win|AndreiMallare12\n|raw|Iznamakin's rating: 1091 &rarr; <strong>1076<\/strong><br \/>(-15 for losing)\n|raw|AndreiMallare12's rating: 1224 &rarr; <strong>1240<\/strong><br \/>(+16 for winning)\n|l|\u2606Iznamakin\n","uploadtime":1597541358,"views":3,"p1id":"iznamakin","p2id":"andreimallare12","formatid":"gen8ubers","rating":1076,"private":0,"password":null}