{"id":"gen8bdspou-1459473288","p1":"restle555oul","p2":"i know im horrible","format":"gen8bdspou","log":"|j|\u2606restle555oul\n|j|\u2606i know im horrible\n|t:|1637670700\n|gametype|singles\n|player|p1|restle555oul|jogger|1225\n|player|p2|i know im horrible|1|1356\n|teamsize|p1|6\n|teamsize|p2|6\n|gen|8\n|tier|[Gen 8 BDSP] OU\n|rated|\n|rule|Sleep Clause Mod: Limit one foe put to sleep\n|rule|Species Clause: Limit one of each Pok\u00e9mon\n|rule|OHKO Clause: OHKO moves are banned\n|rule|Evasion Moves Clause: Evasion moves are banned\n|rule|Endless Battle Clause: Forcing endless battles is banned\n|rule|HP Percentage Mod: HP is shown in percentages\n|clearpoke\n|poke|p1|Garchomp, F|\n|poke|p1|Magnezone|\n|poke|p1|Latios, M|\n|poke|p1|Jirachi|\n|poke|p1|Dragonite, M|\n|poke|p1|Rotom-Wash|\n|poke|p2|Dragonite, F|\n|poke|p2|Breloom, F|\n|poke|p2|Alakazam, M|\n|poke|p2|Crawdaunt, M|\n|poke|p2|Donphan, F|\n|poke|p2|Entei|\n|teampreview\n|inactive|Battle timer is ON: inactive players will automatically lose when time's up. (requested by restle555oul)\n|c|\u2606restle555oul|hf\n|c|\u2606i know im horrible|u2\n|\n|t:|1637670728\n|start\n|switch|p1a: Latios|Latios, M|100\/100\n|switch|p2a: Donphan|Donphan, F|100\/100\n|turn|1\n|\n|t:|1637670735\n|switch|p1a: Rotom|Rotom-Wash|100\/100\n|move|p2a: Donphan|Knock Off|p1a: Rotom\n|-damage|p1a: Rotom|79\/100\n|-enditem|p1a: Rotom|Leftovers|[from] move: Knock Off|[of] p2a: Donphan\n|\n|upkeep\n|turn|2\n|\n|t:|1637670741\n|move|p1a: Rotom|Hydro Pump|p2a: Donphan\n|-supereffective|p2a: Donphan\n|-ability|p2a: Donphan|Sturdy\n|-damage|p2a: Donphan|1\/100\n|move|p2a: Donphan|Stealth Rock|p1a: Rotom\n|-sidestart|p1: restle555oul|move: Stealth Rock\n|\n|upkeep\n|turn|3\n|\n|t:|1637670748\n|switch|p2a: Dragonite|Dragonite, F|100\/100\n|move|p1a: Rotom|Hydro Pump|p2a: Dragonite\n|-resisted|p2a: Dragonite\n|-damage|p2a: Dragonite|94\/100\n|\n|-heal|p2a: Dragonite|100\/100|[from] item: Leftovers\n|upkeep\n|turn|4\n|\n|t:|1637670753\n|switch|p2a: Entei|Entei|100\/100\n|move|p1a: Rotom|Volt Switch|p2a: Entei\n|-damage|p2a: Entei|70\/100\n|\n|t:|1637670765\n|switch|p1a: Latios|Latios, M|100\/100|[from]move: Volt Switch\n|-damage|p1a: Latios|88\/100|[from] Stealth Rock\n|\n|upkeep\n|turn|5\n|\n|t:|1637670793\n|move|p2a: Entei|Extreme Speed|p1a: Latios\n|-damage|p1a: Latios|38\/100\n|move|p1a: Latios|Draco Meteor|p2a: Entei\n|-damage|p2a: Entei|0 fnt\n|-unboost|p1a: Latios|spa|2\n|faint|p2a: Entei\n|\n|upkeep\n|\n|t:|1637670801\n|switch|p2a: Dragonite|Dragonite, F|100\/100\n|turn|6\n|\n|t:|1637670804\n|move|p1a: Latios|Draco Meteor|p2a: Dragonite\n|-supereffective|p2a: Dragonite\n|-damage|p2a: Dragonite|70\/100\n|-unboost|p1a: Latios|spa|2\n|move|p2a: Dragonite|Substitute|p2a: Dragonite\n|-start|p2a: Dragonite|Substitute\n|-damage|p2a: Dragonite|45\/100\n|\n|-heal|p2a: Dragonite|51\/100|[from] item: Leftovers\n|upkeep\n|turn|7\n|\n|t:|1637670819\n|switch|p1a: Jirachi|Jirachi|100\/100\n|-damage|p1a: Jirachi|94\/100|[from] Stealth Rock\n|move|p2a: Dragonite|Dragon Dance|p2a: Dragonite\n|-boost|p2a: Dragonite|atk|1\n|-boost|p2a: Dragonite|spe|1\n|\n|-heal|p2a: Dragonite|57\/100|[from] item: Leftovers\n|-heal|p1a: Jirachi|100\/100|[from] item: Leftovers\n|upkeep\n|turn|8\n|\n|t:|1637670825\n|move|p2a: Dragonite|Roost|p2a: Dragonite\n|-heal|p2a: Dragonite|100\/100\n|-singleturn|p2a: Dragonite|move: Roost\n|move|p1a: Jirachi|Doom Desire|p2a: Dragonite\n|-start|p1a: Jirachi|Doom Desire\n|\n|upkeep\n|turn|9\n|\n|t:|1637670845\n|move|p2a: Dragonite|Dragon Dance|p2a: Dragonite\n|-boost|p2a: Dragonite|atk|1\n|-boost|p2a: Dragonite|spe|1\n|move|p1a: Jirachi|U-turn|p2a: Dragonite\n|-resisted|p2a: Dragonite\n|-activate|p2a: Dragonite|move: Substitute|[damage]\n|\n|t:|1637670864\n|switch|p1a: Latios|Latios, M|38\/100|[from]move: U-turn\n|-damage|p1a: Latios|26\/100|[from] Stealth Rock\n|\n|upkeep\n|turn|10\n|\n|t:|1637670870\n|move|p2a: Dragonite|Dragon Dance|p2a: Dragonite\n|-boost|p2a: Dragonite|atk|1\n|-boost|p2a: Dragonite|spe|1\n|move|p1a: Latios|Psychic|p2a: Dragonite\n|-end|p2a: Dragonite|Substitute\n|\n|-end|p2a: Dragonite|move: Doom Desire\n|-damage|p2a: Dragonite|84\/100\n|-heal|p2a: Dragonite|90\/100|[from] item: Leftovers\n|upkeep\n|turn|11\n|\n|t:|1637670877\n|move|p2a: Dragonite|Fly||[still]\n|-prepare|p2a: Dragonite|Fly\n|move|p1a: Latios|Psychic|p2a: Dragonite|[miss]\n|-miss|p1a: Latios|p2a: Dragonite\n|\n|-heal|p2a: Dragonite|97\/100|[from] item: Leftovers\n|upkeep\n|turn|12\n|\n|t:|1637670890\n|switch|p1a: Magnezone|Magnezone|100\/100\n|-damage|p1a: Magnezone|94\/100|[from] Stealth Rock\n|move|p2a: Dragonite|Fly|p1a: Magnezone|[from]lockedmove\n|-resisted|p1a: Magnezone\n|-damage|p1a: Magnezone|70\/100\n|\n|-heal|p2a: Dragonite|100\/100|[from] item: Leftovers\n|upkeep\n|turn|13\n|\n|t:|1637670899\n|move|p2a: Dragonite|Substitute|p2a: Dragonite\n|-start|p2a: Dragonite|Substitute\n|-damage|p2a: Dragonite|76\/100\n|move|p1a: Magnezone|Thunderbolt|p2a: Dragonite\n|-end|p2a: Dragonite|Substitute\n|\n|-heal|p2a: Dragonite|82\/100|[from] item: Leftovers\n|upkeep\n|turn|14\n|\n|t:|1637670903\n|move|p2a: Dragonite|Dragon Dance|p2a: Dragonite\n|-boost|p2a: Dragonite|atk|1\n|-boost|p2a: Dragonite|spe|1\n|move|p1a: Magnezone|Thunderbolt|p2a: Dragonite\n|-damage|p2a: Dragonite|30\/100\n|\n|-heal|p2a: Dragonite|36\/100|[from] item: Leftovers\n|upkeep\n|turn|15\n|\n|t:|1637670905\n|move|p2a: Dragonite|Roost|p2a: Dragonite\n|-heal|p2a: Dragonite|86\/100\n|-singleturn|p2a: Dragonite|move: Roost\n|move|p1a: Magnezone|Thunderbolt|p2a: Dragonite\n|-resisted|p2a: Dragonite\n|-damage|p2a: Dragonite|59\/100\n|\n|-heal|p2a: Dragonite|66\/100|[from] item: Leftovers\n|upkeep\n|turn|16\n|\n|t:|1637670908\n|move|p2a: Dragonite|Roost|p2a: Dragonite\n|-heal|p2a: Dragonite|100\/100\n|-singleturn|p2a: Dragonite|move: Roost\n|move|p1a: Magnezone|Thunderbolt|p2a: Dragonite\n|-resisted|p2a: Dragonite\n|-damage|p2a: Dragonite|89\/100\n|\n|-heal|p2a: Dragonite|95\/100|[from] item: Leftovers\n|upkeep\n|turn|17\n|\n|t:|1637670911\n|move|p2a: Dragonite|Fly||[still]\n|-prepare|p2a: Dragonite|Fly\n|move|p1a: Magnezone|Thunderbolt|p2a: Dragonite|[miss]\n|-miss|p1a: Magnezone|p2a: Dragonite\n|\n|-heal|p2a: Dragonite|100\/100|[from] item: Leftovers\n|upkeep\n|turn|18\n|\n|t:|1637670913\n|move|p2a: Dragonite|Fly|p1a: Magnezone|[from]lockedmove|[miss]\n|-miss|p2a: Dragonite|p1a: Magnezone\n|move|p1a: Magnezone|Thunderbolt|p2a: Dragonite\n|-damage|p2a: Dragonite|75\/100\n|\n|-heal|p2a: Dragonite|81\/100|[from] item: Leftovers\n|upkeep\n|turn|19\n|\n|t:|1637670917\n|move|p2a: Dragonite|Dragon Dance|p2a: Dragonite\n|-boost|p2a: Dragonite|atk|1\n|-boost|p2a: Dragonite|spe|1\n|move|p1a: Magnezone|Thunderbolt|p2a: Dragonite\n|-damage|p2a: Dragonite|34\/100\n|\n|-heal|p2a: Dragonite|41\/100|[from] item: Leftovers\n|upkeep\n|turn|20\n|\n|t:|1637670922\n|move|p2a: Dragonite|Roost|p2a: Dragonite\n|-heal|p2a: Dragonite|91\/100\n|-singleturn|p2a: Dragonite|move: Roost\n|move|p1a: Magnezone|Thunderbolt|p2a: Dragonite\n|-resisted|p2a: Dragonite\n|-damage|p2a: Dragonite|67\/100\n|\n|-heal|p2a: Dragonite|73\/100|[from] item: Leftovers\n|upkeep\n|turn|21\n|\n|t:|1637670924\n|move|p2a: Dragonite|Roost|p2a: Dragonite\n|-heal|p2a: Dragonite|100\/100\n|-singleturn|p2a: Dragonite|move: Roost\n|move|p1a: Magnezone|Thunderbolt|p2a: Dragonite\n|-resisted|p2a: Dragonite\n|-damage|p2a: Dragonite|89\/100\n|\n|-heal|p2a: Dragonite|95\/100|[from] item: Leftovers\n|upkeep\n|turn|22\n|\n|t:|1637670929\n|move|p2a: Dragonite|Dragon Dance|p2a: Dragonite\n|-boost|p2a: Dragonite|atk|1\n|-boost|p2a: Dragonite|spe|1\n|move|p1a: Magnezone|Thunderbolt|p2a: Dragonite\n|-damage|p2a: Dragonite|47\/100\n|\n|-heal|p2a: Dragonite|53\/100|[from] item: Leftovers\n|upkeep\n|turn|23\n|\n|t:|1637670932\n|move|p2a: Dragonite|Roost|p2a: Dragonite\n|-heal|p2a: Dragonite|100\/100\n|-singleturn|p2a: Dragonite|move: Roost\n|move|p1a: Magnezone|Thunderbolt|p2a: Dragonite\n|-resisted|p2a: Dragonite\n|-damage|p2a: Dragonite|88\/100\n|\n|-heal|p2a: Dragonite|94\/100|[from] item: Leftovers\n|upkeep\n|turn|24\n|\n|t:|1637670935\n|move|p2a: Dragonite|Fly||[still]\n|-prepare|p2a: Dragonite|Fly\n|move|p1a: Magnezone|Thunderbolt|p2a: Dragonite|[miss]\n|-miss|p1a: Magnezone|p2a: Dragonite\n|\n|-heal|p2a: Dragonite|99\/100|[from] item: Leftovers\n|upkeep\n|turn|25\n|\n|t:|1637670939\n|move|p2a: Dragonite|Fly|p1a: Magnezone|[from]lockedmove\n|-resisted|p1a: Magnezone\n|-damage|p1a: Magnezone|29\/100\n|move|p1a: Magnezone|Thunderbolt|p2a: Dragonite\n|-damage|p2a: Dragonite|54\/100\n|\n|-heal|p2a: Dragonite|60\/100|[from] item: Leftovers\n|upkeep\n|turn|26\n|\n|t:|1637670942\n|move|p2a: Dragonite|Fly||[still]\n|-prepare|p2a: Dragonite|Fly\n|move|p1a: Magnezone|Thunderbolt|p2a: Dragonite|[miss]\n|-miss|p1a: Magnezone|p2a: Dragonite\n|\n|-heal|p2a: Dragonite|66\/100|[from] item: Leftovers\n|upkeep\n|turn|27\n|\n|t:|1637670950\n|move|p2a: Dragonite|Fly|p1a: Magnezone|[from]lockedmove\n|-resisted|p1a: Magnezone\n|-damage|p1a: Magnezone|0 fnt\n|faint|p1a: Magnezone\n|\n|-heal|p2a: Dragonite|72\/100|[from] item: Leftovers\n|upkeep\n|\n|t:|1637670962\n|switch|p1a: Dragonite|Dragonite, M|100\/100\n|-damage|p1a: Dragonite|76\/100|[from] Stealth Rock\n|turn|28\n|\n|t:|1637670966\n|move|p1a: Dragonite|Extreme Speed|p2a: Dragonite\n|-damage|p2a: Dragonite|29\/100\n|move|p2a: Dragonite|Fly||[still]\n|-prepare|p2a: Dragonite|Fly\n|\n|-heal|p2a: Dragonite|35\/100|[from] item: Leftovers\n|upkeep\n|turn|29\n|\n|t:|1637670973\n|switch|p1a: Latios|Latios, M|26\/100\n|-damage|p1a: Latios|14\/100|[from] Stealth Rock\n|move|p2a: Dragonite|Fly|p1a: Latios|[from]lockedmove\n|-damage|p1a: Latios|0 fnt\n|faint|p1a: Latios\n|\n|-heal|p2a: Dragonite|41\/100|[from] item: Leftovers\n|upkeep\n|\n|t:|1637670976\n|switch|p1a: Dragonite|Dragonite, M|76\/100\n|-damage|p1a: Dragonite|51\/100|[from] Stealth Rock\n|turn|30\n|\n|t:|1637670982\n|move|p1a: Dragonite|Extreme Speed|p2a: Dragonite\n|-damage|p2a: Dragonite|0 fnt\n|faint|p2a: Dragonite\n|\n|upkeep\n|\n|t:|1637670993\n|switch|p2a: Alakazam|Alakazam, M|100\/100\n|turn|31\n|\n|t:|1637670998\n|switch|p1a: Jirachi|Jirachi|100\/100\n|-damage|p1a: Jirachi|94\/100|[from] Stealth Rock\n|move|p2a: Alakazam|Psychic|p1a: Jirachi\n|-resisted|p1a: Jirachi\n|-damage|p1a: Jirachi|87\/100\n|\n|-heal|p1a: Jirachi|93\/100|[from] item: Leftovers\n|upkeep\n|turn|32\n|j| Hsjsjhsjsjsdj\n|\n|t:|1637671007\n|move|p2a: Alakazam|Shadow Ball|p1a: Jirachi\n|-supereffective|p1a: Jirachi\n|-damage|p1a: Jirachi|57\/100\n|move|p1a: Jirachi|U-turn|p2a: Alakazam\n|-supereffective|p2a: Alakazam\n|-damage|p2a: Alakazam|18\/100\n|\n|t:|1637671013\n|switch|p1a: Dragonite|Dragonite, M|51\/100|[from]move: U-turn\n|-damage|p1a: Dragonite|26\/100|[from] Stealth Rock\n|\n|upkeep\n|turn|33\n|\n|t:|1637671017\n|move|p1a: Dragonite|Extreme Speed|p2a: Alakazam\n|-damage|p2a: Alakazam|0 fnt\n|faint|p2a: Alakazam\n|\n|upkeep\n|\n|t:|1637671021\n|switch|p2a: Breloom|Breloom, F|100\/100\n|turn|34\n|\n|t:|1637671025\n|move|p1a: Dragonite|Extreme Speed|p2a: Breloom\n|-damage|p2a: Breloom|26\/100\n|move|p2a: Breloom|Spore|p1a: Dragonite\n|-status|p1a: Dragonite|slp|[from] move: Spore\n|\n|upkeep\n|turn|35\n|\n|t:|1637671034\n|switch|p1a: Jirachi|Jirachi|57\/100\n|-damage|p1a: Jirachi|51\/100|[from] Stealth Rock\n|move|p2a: Breloom|Swords Dance|p2a: Breloom\n|-boost|p2a: Breloom|atk|2\n|\n|-heal|p1a: Jirachi|57\/100|[from] item: Leftovers\n|upkeep\n|turn|36\n|\n|t:|1637671038\n|move|p2a: Breloom|Mach Punch|p1a: Jirachi\n|-damage|p1a: Jirachi|6\/100\n|move|p1a: Jirachi|U-turn|p2a: Breloom\n|-damage|p2a: Breloom|2\/100\n|\n|t:|1637671045\n|switch|p1a: Garchomp|Garchomp, F|100\/100|[from]move: U-turn\n|-damage|p1a: Garchomp|94\/100|[from] Stealth Rock\n|\n|upkeep\n|turn|37\n|\n|t:|1637671050\n|move|p2a: Breloom|Mach Punch|p1a: Garchomp\n|-damage|p1a: Garchomp|30\/100\n|-damage|p2a: Breloom|0 fnt|[from] ability: Rough Skin|[of] p1a: Garchomp\n|faint|p2a: Breloom\n|move|p1a: Garchomp|Swords Dance|p1a: Garchomp\n|-boost|p1a: Garchomp|atk|2\n|\n|upkeep\n|\n|t:|1637671053\n|switch|p2a: Crawdaunt|Crawdaunt, M|100\/100\n|turn|38\n|\n|t:|1637671063\n|move|p2a: Crawdaunt|Aqua Jet|p1a: Garchomp\n|-damage|p1a: Garchomp|0 fnt\n|-damage|p2a: Crawdaunt|88\/100|[from] ability: Rough Skin|[of] p1a: Garchomp\n|faint|p1a: Garchomp\n|\n|upkeep\n|\n|t:|1637671068\n|switch|p1a: Rotom|Rotom-Wash|79\/100\n|-damage|p1a: Rotom|67\/100|[from] Stealth Rock\n|turn|39\n|\n|t:|1637671075\n|switch|p2a: Donphan|Donphan, F|1\/100\n|move|p1a: Rotom|Thunderbolt|p2a: Donphan\n|-immune|p2a: Donphan\n|\n|upkeep\n|turn|40\n|-enditem|p2a: Donphan|Custap Berry|[eat]\n|-activate|p2a: Donphan|item: Custap Berry|[consumed]\n|\n|t:|1637671082\n|switch|p1a: Jirachi|Jirachi|6\/100\n|-damage|p1a: Jirachi|0 fnt|[from] Stealth Rock\n|faint|p1a: Jirachi\n|move|p2a: Donphan|Knock Off|p1: Jirachi|[notarget]\n|-fail|p2a: Donphan\n|\n|upkeep\n|\n|t:|1637671088\n|switch|p1a: Rotom|Rotom-Wash|67\/100\n|-damage|p1a: Rotom|54\/100|[from] Stealth Rock\n|turn|41\n|\n|t:|1637671092\n|move|p1a: Rotom|Hydro Pump|p2a: Donphan\n|-supereffective|p2a: Donphan\n|-damage|p2a: Donphan|0 fnt\n|faint|p2a: Donphan\n|\n|upkeep\n|\n|t:|1637671094\n|switch|p2a: Crawdaunt|Crawdaunt, M|88\/100\n|turn|42\n|\n|t:|1637671098\n|move|p1a: Rotom|Thunderbolt|p2a: Crawdaunt\n|-supereffective|p2a: Crawdaunt\n|-damage|p2a: Crawdaunt|0 fnt\n|faint|p2a: Crawdaunt\n|\n|win|restle555oul\n|raw|restle555oul's rating: 1225 &rarr; <strong>1259<\/strong><br \/>(+34 for winning)\n|raw|i know im horrible's rating: 1356 &rarr; <strong>1329<\/strong><br \/>(-27 for losing)\n|l|\u2606i know im horrible\n","uploadtime":1637671123,"views":12,"p1id":"restle555oul","p2id":"iknowimhorrible","formatid":"gen8bdspou","rating":1259,"private":0,"password":null}