{"id":"gen8bdspou-1493290079","p1":"Cump4","p2":"mcp3","format":"gen8bdspou","log":"|html|<div class=\"broadcast-blue\"><strong>[Gen 8 BDSP] OU is currently suspecting Manaphy! For information on how to participate check out the <a href=\"https:\/\/www.smogon.com\/forums\/threads\/np-bdsp-ou-suspect-process-round-2-afterglow.3696052\/\">suspect thread<\/a>.<\/strong><\/div>\n|j|\u2606Cump4\n|j|\u2606mcp3\n|t:|1642446784\n|gametype|singles\n|player|p1|Cump4|2|1535\n|player|p2|mcp3|iris-gen5bw2|1688\n|teamsize|p1|6\n|teamsize|p2|6\n|gen|8\n|tier|[Gen 8 BDSP] OU\n|rated|\n|rule|Sleep Clause Mod: Limit one foe put to sleep\n|rule|Species Clause: Limit one of each Pok\u00e9mon\n|rule|OHKO Clause: OHKO moves are banned\n|rule|Evasion Moves Clause: Evasion moves are banned\n|rule|Endless Battle Clause: Forcing endless battles is banned\n|rule|HP Percentage Mod: HP is shown in percentages\n|clearpoke\n|poke|p1|Scizor, F|\n|poke|p1|Rotom-Wash|\n|poke|p1|Crawdaunt, M|\n|poke|p1|Nidoking, M|\n|poke|p1|Garchomp, F|\n|poke|p1|Infernape, M|\n|poke|p2|Clefable, F|\n|poke|p2|Abomasnow, M|\n|poke|p2|Heatran, M|\n|poke|p2|Sableye, M|\n|poke|p2|Latios, M|\n|poke|p2|Gliscor, M|\n|teampreview\n|c|\u2606mcp3|hf\n|j| tigers jaw\n|j| shmurkio\n|c| shmurkio|go mcp!!!!!\n|c|\u2606mcp3|I love my fans.\n|j| pokevin03dragonite\n|\n|t:|1642446823\n|start\n|switch|p1a: Rotom|Rotom-Wash|100\/100\n|switch|p2a: Latios|Latios, M|100\/100\n|turn|1\n|\n|t:|1642446828\n|move|p1a: Rotom|Protect|p1a: Rotom\n|-singleturn|p1a: Rotom|Protect\n|move|p2a: Latios|Draco Meteor|p1a: Rotom\n|-activate|p1a: Rotom|move: Protect\n|\n|upkeep\n|turn|2\n|\n|t:|1642446832\n|switch|p1a: Scizor|Scizor, F|100\/100\n|move|p2a: Latios|Draco Meteor|p1a: Scizor\n|-resisted|p1a: Scizor\n|-damage|p1a: Scizor|59\/100\n|-unboost|p2a: Latios|spa|2\n|\n|-heal|p1a: Scizor|65\/100|[from] item: Leftovers\n|upkeep\n|turn|3\n|\n|t:|1642446838\n|switch|p2a: Heatran|Heatran, M|100\/100\n|move|p1a: Scizor|Roost|p1a: Scizor\n|-heal|p1a: Scizor|100\/100\n|-singleturn|p1a: Scizor|move: Roost\n|\n|upkeep\n|turn|4\n|\n|t:|1642446843\n|switch|p1a: Garchomp|Garchomp, F|100\/100\n|move|p2a: Heatran|Stealth Rock|p1a: Garchomp\n|-sidestart|p1: Cump4|move: Stealth Rock\n|\n|upkeep\n|turn|5\n|\n|t:|1642446853\n|switch|p2a: Latios|Latios, M|100\/100\n|move|p1a: Garchomp|Stealth Rock|p2a: Latios\n|-sidestart|p2: mcp3|move: Stealth Rock\n|\n|upkeep\n|turn|6\n|\n|t:|1642446857\n|switch|p1a: Scizor|Scizor, F|100\/100\n|-damage|p1a: Scizor|88\/100|[from] Stealth Rock\n|move|p2a: Latios|Draco Meteor|p1a: Scizor\n|-resisted|p1a: Scizor\n|-damage|p1a: Scizor|46\/100\n|-unboost|p2a: Latios|spa|2\n|\n|-heal|p1a: Scizor|52\/100|[from] item: Leftovers\n|upkeep\n|turn|7\n|\n|t:|1642446865\n|switch|p2a: Heatran|Heatran, M|100\/100\n|-damage|p2a: Heatran|88\/100|[from] Stealth Rock\n|move|p1a: Scizor|Roost|p1a: Scizor\n|-heal|p1a: Scizor|100\/100\n|-singleturn|p1a: Scizor|move: Roost\n|\n|-heal|p2a: Heatran|94\/100|[from] item: Leftovers\n|upkeep\n|turn|8\n|\n|t:|1642446873\n|switch|p1a: Garchomp|Garchomp, F|100\/100\n|-damage|p1a: Garchomp|94\/100|[from] Stealth Rock\n|move|p2a: Heatran|Lava Plume|p1a: Garchomp\n|-resisted|p1a: Garchomp\n|-crit|p1a: Garchomp\n|-damage|p1a: Garchomp|68\/100\n|-status|p1a: Garchomp|brn\n|\n|-heal|p1a: Garchomp|74\/100 brn|[from] item: Leftovers\n|-heal|p2a: Heatran|100\/100|[from] item: Leftovers\n|-damage|p1a: Garchomp|68\/100 brn|[from] brn\n|upkeep\n|turn|9\n|j| miotu\n|\n|t:|1642446921\n|switch|p2a: Latios|Latios, M|100\/100\n|-damage|p2a: Latios|88\/100|[from] Stealth Rock\n|move|p1a: Garchomp|Earthquake|p2a: Latios\n|-immune|p2a: Latios|[from] ability: Levitate\n|\n|-heal|p1a: Garchomp|74\/100 brn|[from] item: Leftovers\n|-damage|p1a: Garchomp|68\/100 brn|[from] brn\n|upkeep\n|turn|10\n|\n|t:|1642446929\n|move|p2a: Latios|Psychic|p1a: Garchomp\n|-damage|p1a: Garchomp|0 fnt\n|faint|p1a: Garchomp\n|\n|upkeep\n|\n|t:|1642446932\n|switch|p1a: Crawdaunt|Crawdaunt, M, shiny|100\/100\n|-damage|p1a: Crawdaunt|88\/100|[from] Stealth Rock\n|turn|11\n|\n|t:|1642446941\n|switch|p2a: Sableye|Sableye, M|100\/100\n|-damage|p2a: Sableye|88\/100|[from] Stealth Rock\n|move|p1a: Crawdaunt|Knock Off|p2a: Sableye\n|-damage|p2a: Sableye|0 fnt\n|-enditem|p2a: Sableye|Leftovers|[from] move: Knock Off|[of] p1a: Crawdaunt\n|faint|p2a: Sableye\n|-damage|p1a: Crawdaunt|78\/100|[from] item: Life Orb\n|\n|upkeep\n|\n|t:|1642446946\n|switch|p2a: Latios|Latios, M|88\/100\n|-damage|p2a: Latios|76\/100|[from] Stealth Rock\n|turn|12\n|\n|t:|1642446952\n|switch|p1a: Scizor|Scizor, F|100\/100\n|-damage|p1a: Scizor|88\/100|[from] Stealth Rock\n|move|p2a: Latios|Surf|p1a: Scizor\n|-damage|p1a: Scizor|46\/100\n|\n|-heal|p1a: Scizor|53\/100|[from] item: Leftovers\n|upkeep\n|turn|13\n|\n|t:|1642446962\n|switch|p2a: Heatran|Heatran, M|100\/100\n|-damage|p2a: Heatran|88\/100|[from] Stealth Rock\n|move|p1a: Scizor|U-turn|p2a: Heatran\n|-resisted|p2a: Heatran\n|-damage|p2a: Heatran|82\/100\n|\n|t:|1642446966\n|switch|p1a: Nidoking|Nidoking, M, shiny|100\/100|[from]move: U-turn\n|-damage|p1a: Nidoking|95\/100|[from] Stealth Rock\n|\n|-heal|p2a: Heatran|88\/100|[from] item: Leftovers\n|upkeep\n|turn|14\n|\n|t:|1642446972\n|move|p1a: Nidoking|Earth Power|p2a: Heatran\n|-supereffective|p2a: Heatran\n|-damage|p2a: Heatran|0 fnt\n|faint|p2a: Heatran\n|\n|upkeep\n|\n|t:|1642446977\n|switch|p2a: Latios|Latios, M|76\/100\n|-damage|p2a: Latios|64\/100|[from] Stealth Rock\n|turn|15\n|\n|t:|1642446988\n|switch|p1a: Scizor|Scizor, F|53\/100\n|-damage|p1a: Scizor|40\/100|[from] Stealth Rock\n|move|p2a: Latios|Draco Meteor|p1a: Scizor\n|-resisted|p1a: Scizor\n|-damage|p1a: Scizor|2\/100\n|-unboost|p2a: Latios|spa|2\n|\n|-heal|p1a: Scizor|8\/100|[from] item: Leftovers\n|upkeep\n|turn|16\n|\n|t:|1642446994\n|move|p1a: Scizor|Bullet Punch|p2a: Latios\n|-damage|p2a: Latios|23\/100\n|move|p2a: Latios|Draco Meteor|p1a: Scizor\n|-resisted|p1a: Scizor\n|-damage|p1a: Scizor|0 fnt\n|-unboost|p2a: Latios|spa|2\n|faint|p1a: Scizor\n|\n|upkeep\n|\n|t:|1642447000\n|switch|p1a: Infernape|Infernape, M|100\/100\n|-damage|p1a: Infernape|88\/100|[from] Stealth Rock\n|turn|17\n|\n|t:|1642447004\n|switch|p2a: Gliscor|Gliscor, M|100\/100\n|-damage|p2a: Gliscor|88\/100|[from] Stealth Rock\n|move|p1a: Infernape|U-turn|p2a: Gliscor\n|-resisted|p2a: Gliscor\n|-damage|p2a: Gliscor|79\/100\n|\n|t:|1642447006\n|switch|p1a: Nidoking|Nidoking, M, shiny|95\/100|[from]move: U-turn\n|-damage|p1a: Nidoking|89\/100|[from] Stealth Rock\n|\n|-status|p2a: Gliscor|tox|[from] item: Toxic Orb\n|upkeep\n|turn|18\n|\n|t:|1642447017\n|switch|p2a: Abomasnow|Abomasnow, M|100\/100\n|-damage|p2a: Abomasnow|75\/100|[from] Stealth Rock\n|-weather|Hail|[from] ability: Snow Warning|[of] p2a: Abomasnow\n|move|p1a: Nidoking|Ice Beam|p2a: Abomasnow\n|-crit|p2a: Abomasnow\n|-damage|p2a: Abomasnow|9\/100\n|\n|-weather|Hail|[upkeep]\n|-damage|p1a: Nidoking|83\/100|[from] Hail\n|-heal|p2a: Abomasnow|15\/100|[from] item: Leftovers\n|upkeep\n|turn|19\n|\n|t:|1642447034\n|move|p2a: Abomasnow|Protect|p2a: Abomasnow\n|-singleturn|p2a: Abomasnow|Protect\n|move|p1a: Nidoking|Ice Beam|p2a: Abomasnow\n|-activate|p2a: Abomasnow|move: Protect\n|\n|-weather|Hail|[upkeep]\n|-damage|p1a: Nidoking|77\/100|[from] Hail\n|-heal|p2a: Abomasnow|21\/100|[from] item: Leftovers\n|upkeep\n|turn|20\n|\n|t:|1642447038\n|move|p2a: Abomasnow|Ice Shard|p1a: Nidoking\n|-supereffective|p1a: Nidoking\n|-damage|p1a: Nidoking|21\/100\n|move|p1a: Nidoking|Ice Beam|p2a: Abomasnow\n|-damage|p2a: Abomasnow|0 fnt\n|faint|p2a: Abomasnow\n|\n|-weather|Hail|[upkeep]\n|-damage|p1a: Nidoking|15\/100|[from] Hail\n|upkeep\n|\n|t:|1642447047\n|switch|p2a: Latios|Latios, M|23\/100\n|-damage|p2a: Latios|10\/100|[from] Stealth Rock\n|turn|21\n|\n|t:|1642447057\n|switch|p1a: Rotom|Rotom-Wash|100\/100\n|-damage|p1a: Rotom|88\/100|[from] Stealth Rock\n|move|p2a: Latios|Energy Ball|p1a: Rotom\n|-supereffective|p1a: Rotom\n|-damage|p1a: Rotom|0 fnt\n|faint|p1a: Rotom\n|\n|-weather|Hail|[upkeep]\n|-damage|p2a: Latios|4\/100|[from] Hail\n|upkeep\n|\n|t:|1642447069\n|switch|p1a: Infernape|Infernape, M|88\/100\n|-damage|p1a: Infernape|76\/100|[from] Stealth Rock\n|turn|22\n|j| walterjl3\n|\n|t:|1642447141\n|switch|p2a: Gliscor|Gliscor, M|79\/100 tox\n|-damage|p2a: Gliscor|66\/100 tox|[from] Stealth Rock\n|move|p1a: Infernape|U-turn|p2a: Gliscor\n|-resisted|p2a: Gliscor\n|-damage|p2a: Gliscor|58\/100 tox\n|\n|t:|1642447144\n|switch|p1a: Crawdaunt|Crawdaunt, M, shiny|78\/100|[from]move: U-turn\n|-damage|p1a: Crawdaunt|66\/100|[from] Stealth Rock\n|\n|-weather|none\n|-heal|p2a: Gliscor|71\/100 tox|[from] ability: Poison Heal\n|upkeep\n|turn|23\n|\n|t:|1642447161\n|switch|p2a: Latios|Latios, M|4\/100\n|-damage|p2a: Latios|0 fnt|[from] Stealth Rock\n|faint|p2a: Latios\n|move|p1a: Crawdaunt|Aqua Jet|p2: Latios|[notarget]\n|-fail|p1a: Crawdaunt\n|\n|upkeep\n|\n|t:|1642447163\n|switch|p2a: Clefable|Clefable, F|100\/100\n|turn|24\n|\n|t:|1642447173\n|move|p1a: Crawdaunt|Crabhammer|p2a: Clefable\n|-damage|p2a: Clefable|34\/100\n|-damage|p1a: Crawdaunt|56\/100|[from] item: Life Orb\n|move|p2a: Clefable|Moonblast|p1a: Crawdaunt\n|-supereffective|p1a: Crawdaunt\n|-damage|p1a: Crawdaunt|0 fnt\n|faint|p1a: Crawdaunt\n|\n|-heal|p2a: Clefable|40\/100|[from] item: Leftovers\n|upkeep\n|\n|t:|1642447179\n|switch|p1a: Nidoking|Nidoking, M, shiny|15\/100\n|-damage|p1a: Nidoking|9\/100|[from] Stealth Rock\n|turn|25\n|\n|t:|1642447181\n|move|p2a: Clefable|Protect|p2a: Clefable\n|-singleturn|p2a: Clefable|Protect\n|move|p1a: Nidoking|Sludge Wave|p2a: Clefable\n|-activate|p2a: Clefable|move: Protect\n|\n|-heal|p2a: Clefable|46\/100|[from] item: Leftovers\n|upkeep\n|turn|26\n|c|\u2606mcp3|I know its over...still I cling\n|\n|t:|1642447195\n|move|p1a: Nidoking|Sludge Wave|p2a: Clefable\n|-supereffective|p2a: Clefable\n|-damage|p2a: Clefable|0 fnt\n|faint|p2a: Clefable\n|\n|upkeep\n|\n|t:|1642447196\n|switch|p2a: Gliscor|Gliscor, M|71\/100 tox\n|-damage|p2a: Gliscor|58\/100 tox|[from] Stealth Rock\n|turn|27\n|c| tigers jaw|i don't know where else i can go\n|\n|t:|1642447200\n|move|p2a: Gliscor|Earthquake|p1a: Nidoking\n|-supereffective|p1a: Nidoking\n|-damage|p1a: Nidoking|0 fnt\n|faint|p1a: Nidoking\n|\n|-heal|p2a: Gliscor|71\/100 tox|[from] ability: Poison Heal\n|upkeep\n|\n|t:|1642447202\n|switch|p1a: Infernape|Infernape, M|76\/100\n|-damage|p1a: Infernape|64\/100|[from] Stealth Rock\n|turn|28\n|c|\u2606mcp3|over over over over..\n|\n|t:|1642447209\n|move|p1a: Infernape|Flare Blitz|p2a: Gliscor\n|-damage|p2a: Gliscor|25\/100 tox\n|-damage|p1a: Infernape|46\/100|[from] Recoil\n|move|p2a: Gliscor|Earthquake|p1a: Infernape\n|-supereffective|p1a: Infernape\n|-damage|p1a: Infernape|0 fnt\n|faint|p1a: Infernape\n|\n|win|mcp3\n|raw|Cump4's rating: 1535 &rarr; <strong>1523<\/strong><br \/>(-12 for losing)\n|raw|mcp3's rating: 1688 &rarr; <strong>1700<\/strong><br \/>(+12 for winning)\n|c|\u2606mcp3|gg\n|c|\u2606Cump4|Gg\n|c| tigers jaw|oh mother, i can feel...\n|c|\u2606mcp3|the soil falling over my head...\n|l| miotu\n|l|\u2606mcp3\n|l| tigers jaw\n|l|\u2606Cump4\n|l| pokevin03dragonite\n||Ladder isn't responding, score probably updated but might not have (Request timeout).\n|j|\u2606mcp3\n|player|p2|mcp3|iris-gen5bw2\n|j| h moment\n|j| vroomvroomboom\n|l| h moment\n|j| h moment\n|j| lobstergang\n|j| guinea hog\n|l| guinea hog\n|l| walterjl3\n|l| lobstergang\n|j| truetorterra\n|l| truetorterra\n|j| tigers jaw\n|l| h moment\n|l| shmurkio\n|l| tigers jaw\n|j| as35511\n","uploadtime":1642447266,"views":23,"p1id":"cump4","p2id":"mcp3","formatid":"gen8bdspou","rating":1523,"private":0,"password":null}