{"id":"gen8ou-1458698630","p1":"batonpassrulz","p2":"Gurtrant","format":"gen8ou","log":"|j|\u2606batonpassrulz\n|j|\u2606Gurtrant\n|t:|1637559671\n|gametype|singles\n|player|p1|batonpassrulz|cynthia-gen4|1677\n|player|p2|Gurtrant|238|1648\n|teamsize|p1|6\n|teamsize|p2|6\n|gen|8\n|tier|[Gen 8] OU\n|rated|\n|rule|Sleep Clause Mod: Limit one foe put to sleep\n|rule|Species Clause: Limit one of each Pok\u00e9mon\n|rule|OHKO Clause: OHKO moves are banned\n|rule|Evasion Moves Clause: Evasion moves are banned\n|rule|Endless Battle Clause: Forcing endless battles is banned\n|rule|HP Percentage Mod: HP is shown in percentages\n|rule|Dynamax Clause: You cannot dynamax\n|clearpoke\n|poke|p1|Kartana|\n|poke|p1|Excadrill, F|\n|poke|p1|Hawlucha, M|\n|poke|p1|Rillaboom, F|\n|poke|p1|Blacephalon|\n|poke|p1|Dragapult, F|\n|poke|p2|Pelipper, F|\n|poke|p2|Heliolisk, F|\n|poke|p2|Seismitoad, M|\n|poke|p2|Barraskewda, F|\n|poke|p2|Ferrothorn, M|\n|poke|p2|Zapdos|\n|teampreview\n|inactive|Battle timer is ON: inactive players will automatically lose when time's up. (requested by Gurtrant)\n|inactive|batonpassrulz also wants the timer to be on.\n|\n|t:|1637559677\n|start\n|switch|p1a: Excadrill|Excadrill, F|100\/100\n|switch|p2a: Pelipper|Pelipper, F|100\/100\n|-ability|p1a: Excadrill|Mold Breaker\n|-weather|RainDance|[from] ability: Drizzle|[of] p2a: Pelipper\n|turn|1\n|\n|t:|1637559688\n|move|p1a: Excadrill|Stealth Rock|p2a: Pelipper\n|-sidestart|p2: Gurtrant|move: Stealth Rock\n|move|p2a: Pelipper|U-turn|p1a: Excadrill\n|-resisted|p1a: Excadrill\n|-damage|p1a: Excadrill|94\/100\n|\n|t:|1637559690\n|switch|p2a: Seismitoad|Seismitoad, M|100\/100|[from]move: U-turn\n|-damage|p2a: Seismitoad|94\/100|[from] Stealth Rock\n|\n|-weather|RainDance|[upkeep]\n|upkeep\n|turn|2\n|\n|t:|1637559720\n|move|p2a: Seismitoad|Earth Power|p1a: Excadrill\n|-supereffective|p1a: Excadrill\n|-damage|p1a: Excadrill|0 fnt\n|faint|p1a: Excadrill\n|-damage|p2a: Seismitoad|84\/100|[from] item: Life Orb\n|\n|-weather|RainDance|[upkeep]\n|upkeep\n|\n|t:|1637559723\n|switch|p1a: Rillaboom|Rillaboom, F|100\/100\n|-fieldstart|move: Grassy Terrain|[from] ability: Grassy Surge|[of] p1a: Rillaboom\n|turn|3\n|\n|t:|1637559728\n|switch|p2a: Zapdos|Zapdos|100\/100\n|switch|p1a: Kartana|Kartana|100\/100\n|\n|-weather|RainDance|[upkeep]\n|upkeep\n|turn|4\n|\n|t:|1637559739\n|move|p1a: Kartana|Knock Off|p2a: Zapdos\n|-damage|p2a: Zapdos|70\/100\n|-status|p1a: Kartana|par|[from] ability: Static|[of] p2a: Zapdos\n|-enditem|p2a: Zapdos|Heavy-Duty Boots|[from] move: Knock Off|[of] p1a: Kartana\n|move|p2a: Zapdos|Defog|p1a: Kartana\n|-unboost|p1a: Kartana|evasion|1\n|-sideend|p2: Gurtrant|Stealth Rock|[from] move: Defog|[of] p2a: Zapdos\n|-fieldend|move: Grassy Terrain\n|\n|-weather|RainDance|[upkeep]\n|upkeep\n|turn|5\n|\n|t:|1637559750\n|switch|p1a: Dragapult|Dragapult, F|100\/100\n|move|p2a: Zapdos|Thunder|p1a: Dragapult\n|-resisted|p1a: Dragapult\n|-damage|p1a: Dragapult|67\/100\n|\n|-weather|RainDance|[upkeep]\n|-heal|p1a: Dragapult|73\/100|[from] item: Leftovers\n|upkeep\n|turn|6\n|\n|t:|1637559754\n|switch|p2a: Ferrothorn|Ferrothorn, M|100\/100\n|move|p1a: Dragapult|Substitute|p1a: Dragapult\n|-start|p1a: Dragapult|Substitute\n|-damage|p1a: Dragapult|48\/100\n|\n|-weather|RainDance|[upkeep]\n|-heal|p1a: Dragapult|54\/100|[from] item: Leftovers\n|upkeep\n|turn|7\n|\n|t:|1637559757\n|move|p1a: Dragapult|Dragon Darts|p2a: Ferrothorn\n|-resisted|p2a: Ferrothorn\n|-damage|p2a: Ferrothorn|91\/100\n|-anim|p1a: Dragapult|Dragon Darts|p2a: Ferrothorn\n|-resisted|p2a: Ferrothorn\n|-damage|p2a: Ferrothorn|80\/100\n|move|p2a: Ferrothorn|Knock Off|p1a: Dragapult\n|-supereffective|p1a: Dragapult\n|-end|p1a: Dragapult|Substitute\n|\n|-weather|RainDance|[upkeep]\n|-heal|p1a: Dragapult|60\/100|[from] item: Leftovers\n|-heal|p2a: Ferrothorn|87\/100|[from] item: Leftovers\n|upkeep\n|turn|8\n|\n|t:|1637559760\n|switch|p1a: Kartana|Kartana|100\/100 par\n|move|p2a: Ferrothorn|Knock Off|p1a: Kartana\n|-damage|p1a: Kartana|77\/100 par\n|-enditem|p1a: Kartana|Adrenaline Orb|[from] move: Knock Off|[of] p2a: Ferrothorn\n|\n|-weather|none\n|-heal|p2a: Ferrothorn|93\/100|[from] item: Leftovers\n|upkeep\n|turn|9\n|j| JadeEvening\n|\n|t:|1637559776\n|switch|p2a: Zapdos|Zapdos|70\/100\n|cant|p1a: Kartana|par\n|\n|upkeep\n|turn|10\n|\n|t:|1637559784\n|move|p2a: Zapdos|U-turn|p1a: Kartana\n|-damage|p1a: Kartana|63\/100 par\n|\n|t:|1637559790\n|switch|p2a: Ferrothorn|Ferrothorn, M|93\/100|[from]move: U-turn\n|move|p1a: Kartana|Leaf Blade|p2a: Ferrothorn\n|-resisted|p2a: Ferrothorn\n|-damage|p2a: Ferrothorn|81\/100\n|-damage|p1a: Kartana|50\/100 par|[from] ability: Iron Barbs|[of] p2a: Ferrothorn\n|\n|-heal|p2a: Ferrothorn|87\/100|[from] item: Leftovers\n|upkeep\n|turn|11\n|\n|t:|1637559795\n|switch|p2a: Zapdos|Zapdos|70\/100\n|move|p1a: Kartana|Sacred Sword|p2a: Zapdos\n|-resisted|p2a: Zapdos\n|-damage|p2a: Zapdos|54\/100\n|\n|upkeep\n|turn|12\n|\n|t:|1637559798\n|move|p2a: Zapdos|Roost|p2a: Zapdos\n|-heal|p2a: Zapdos|100\/100\n|-singleturn|p2a: Zapdos|move: Roost\n|move|p1a: Kartana|Leaf Blade|p2a: Zapdos\n|-damage|p2a: Zapdos|55\/100\n|\n|upkeep\n|turn|13\n|\n|t:|1637559803\n|switch|p1a: Blacephalon|Blacephalon|100\/100\n|move|p2a: Zapdos|Roost|p2a: Zapdos\n|-heal|p2a: Zapdos|100\/100\n|-singleturn|p2a: Zapdos|move: Roost\n|\n|upkeep\n|turn|14\n|\n|t:|1637559814\n|switch|p2a: Seismitoad|Seismitoad, M|84\/100\n|move|p1a: Blacephalon|Flamethrower|p2a: Seismitoad\n|-resisted|p2a: Seismitoad\n|-damage|p2a: Seismitoad|51\/100\n|\n|upkeep\n|turn|15\n|\n|t:|1637559823\n|switch|p1a: Kartana|Kartana|50\/100 par\n|move|p2a: Seismitoad|Stealth Rock|p1a: Kartana\n|-sidestart|p1: batonpassrulz|move: Stealth Rock\n|\n|upkeep\n|turn|16\n|inactive|batonpassrulz has 120 seconds left.\n|inactive|batonpassrulz has 90 seconds left.\n|\n|t:|1637559888\n|move|p2a: Seismitoad|Earth Power|p1a: Kartana\n|-damage|p1a: Kartana|0 fnt\n|faint|p1a: Kartana\n|-damage|p2a: Seismitoad|41\/100|[from] item: Life Orb\n|\n|upkeep\n|inactive|batonpassrulz has 90 seconds left.\n|\n|t:|1637559898\n|switch|p1a: Blacephalon|Blacephalon|100\/100\n|-damage|p1a: Blacephalon|76\/100|[from] Stealth Rock\n|turn|17\n|\n|t:|1637559918\n|move|p1a: Blacephalon|Shadow Ball|p2a: Seismitoad\n|-damage|p2a: Seismitoad|0 fnt\n|faint|p2a: Seismitoad\n|-ability|p1a: Blacephalon|Beast Boost|boost\n|-boost|p1a: Blacephalon|spa|1\n|\n|upkeep\n|\n|t:|1637559923\n|switch|p2a: Heliolisk|Heliolisk, F, shiny|100\/100\n|turn|18\n|\n|t:|1637559936\n|switch|p1a: Rillaboom|Rillaboom, F|100\/100\n|-damage|p1a: Rillaboom|88\/100|[from] Stealth Rock\n|-fieldstart|move: Grassy Terrain|[from] ability: Grassy Surge|[of] p1a: Rillaboom\n|move|p2a: Heliolisk|Volt Switch|p1a: Rillaboom\n|-resisted|p1a: Rillaboom\n|-damage|p1a: Rillaboom|62\/100\n|-damage|p2a: Heliolisk|91\/100|[from] item: Life Orb\n|\n|t:|1637559943\n|switch|p2a: Zapdos|Zapdos|100\/100|[from]move: Volt Switch\n|\n|-heal|p1a: Rillaboom|68\/100|[from] Grassy Terrain\n|upkeep\n|turn|19\n|j| AquaVanilla\n|l| AquaVanilla\n|inactive|batonpassrulz has 90 seconds left.\n|\n|t:|1637559969\n|switch|p1a: Blacephalon|Blacephalon|76\/100\n|-damage|p1a: Blacephalon|51\/100|[from] Stealth Rock\n|move|p2a: Zapdos|U-turn|p1a: Blacephalon\n|-resisted|p1a: Blacephalon\n|-damage|p1a: Blacephalon|43\/100\n|\n|t:|1637559974\n|switch|p2a: Pelipper|Pelipper, F|100\/100|[from]move: U-turn\n|-weather|RainDance|[from] ability: Drizzle|[of] p2a: Pelipper\n|\n|-weather|RainDance|[upkeep]\n|-heal|p1a: Blacephalon|49\/100|[from] Grassy Terrain\n|upkeep\n|turn|20\n|\n|t:|1637559983\n|switch|p2a: Heliolisk|Heliolisk, F, shiny|91\/100\n|move|p1a: Blacephalon|Shadow Ball|p2a: Heliolisk\n|-immune|p2a: Heliolisk\n|\n|-weather|RainDance|[upkeep]\n|-heal|p2a: Heliolisk|100\/100|[from] ability: Dry Skin\n|-heal|p1a: Blacephalon|56\/100|[from] Grassy Terrain\n|upkeep\n|turn|21\n|\n|t:|1637559989\n|switch|p1a: Rillaboom|Rillaboom, F|68\/100\n|-damage|p1a: Rillaboom|56\/100|[from] Stealth Rock\n|move|p2a: Heliolisk|Volt Switch|p1a: Rillaboom\n|-resisted|p1a: Rillaboom\n|-damage|p1a: Rillaboom|27\/100\n|-damage|p2a: Heliolisk|91\/100|[from] item: Life Orb\n|\n|t:|1637559993\n|switch|p2a: Zapdos|Zapdos|100\/100|[from]move: Volt Switch\n|\n|-weather|RainDance|[upkeep]\n|-heal|p1a: Rillaboom|33\/100|[from] Grassy Terrain\n|upkeep\n|turn|22\n|j| poiuyyuiop\n|\n|t:|1637559997\n|move|p1a: Rillaboom|Wood Hammer|p2a: Zapdos\n|-resisted|p2a: Zapdos\n|-damage|p2a: Zapdos|52\/100\n|-damage|p1a: Rillaboom|15\/100|[from] Recoil\n|move|p2a: Zapdos|U-turn|p1a: Rillaboom\n|-supereffective|p1a: Rillaboom\n|-damage|p1a: Rillaboom|0 fnt\n|faint|p1a: Rillaboom\n|\n|t:|1637560004\n|switch|p2a: Barraskewda|Barraskewda, F|100\/100|[from]move: U-turn\n|\n|-weather|RainDance|[upkeep]\n|-fieldend|move: Grassy Terrain\n|upkeep\n|inactive|batonpassrulz has 120 seconds left.\n|inactive|batonpassrulz has 90 seconds left.\n|c|\u2606Gurtrant|plz dont waste time\n|c|\u2606Gurtrant|just forfeit and move on\n|inactive|batonpassrulz has 60 seconds left.\n|\n|t:|1637560088\n|switch|p1a: Blacephalon|Blacephalon|56\/100\n|-damage|p1a: Blacephalon|31\/100|[from] Stealth Rock\n|turn|23\n|\n|t:|1637560092\n|move|p2a: Barraskewda|Liquidation|p1a: Blacephalon\n|-supereffective|p1a: Blacephalon\n|-damage|p1a: Blacephalon|0 fnt\n|faint|p1a: Blacephalon\n|\n|-weather|RainDance|[upkeep]\n|upkeep\n|-message|batonpassrulz forfeited.\n|\n|win|Gurtrant\n|raw|batonpassrulz's rating: 1653 &rarr; <strong>1633<\/strong><br \/>(-20 for losing)\n|raw|Gurtrant's rating: 1648 &rarr; <strong>1668<\/strong><br \/>(+20 for winning)\n|l|\u2606batonpassrulz\n|l|\u2606Gurtrant\n|l| poiuyyuiop\n","uploadtime":1637560214,"views":29,"p1id":"batonpassrulz","p2id":"gurtrant","formatid":"gen8ou","rating":1633,"private":0,"password":null}