{"id":"gen8nationaldex-1674606794","p1":"traisean","p2":"MurderousMantyke","format":"gen8nationaldex","log":"|j|\u2606traisean\n|j|\u2606MurderousMantyke\n|t:|1664581069\n|gametype|singles\n|player|p1|traisean|rosa|\n|player|p2|MurderousMantyke|#helpstaffxmas|\n|teamsize|p1|6\n|teamsize|p2|6\n|gen|8\n|tier|[Gen 8] National Dex\n|rule|HP Percentage Mod: HP is shown in percentages\n|rule|Endless Battle Clause: Forcing endless battles is banned\n|rule|OHKO Clause: OHKO moves are banned\n|rule|Evasion Moves Clause: Evasion moves are banned\n|rule|Species Clause: Limit one of each Pok\u00e9mon\n|rule|Dynamax Clause: You cannot dynamax\n|rule|Sleep Clause Mod: Limit one foe put to sleep\n|clearpoke\n|poke|p1|Volcarona, M|\n|poke|p1|Kyurem|\n|poke|p1|Urshifu-*, F|\n|poke|p1|Tapu Lele|\n|poke|p1|Zapdos|\n|poke|p1|Kartana|\n|poke|p2|Pelipper, F|\n|poke|p2|Swampert, M|\n|poke|p2|Weavile, F|\n|poke|p2|Manaphy|\n|poke|p2|Zapdos|\n|poke|p2|Ferrothorn, F|\n|teampreview\n|inactive|Battle timer is ON: inactive players will automatically lose when time's up. (requested by MurderousMantyke)\n|c|\u2606MurderousMantyke|hf\n|j| hidinwisps\n|\n|t:|1664581090\n|start\n|switch|p1a: Urshifu|Urshifu-Rapid-Strike, F|100\/100\n|switch|p2a: Weavile|Weavile, F|100\/100\n|-ability|p2a: Weavile|Pressure\n|turn|1\n|\n|t:|1664581105\n|switch|p2a: Pelipper|Pelipper, F|100\/100\n|-weather|RainDance|[from] ability: Drizzle|[of] p2a: Pelipper\n|move|p1a: Urshifu|Close Combat|p2a: Pelipper\n|-resisted|p2a: Pelipper\n|-crit|p2a: Pelipper\n|-damage|p2a: Pelipper|62\/100\n|-unboost|p1a: Urshifu|def|1\n|-unboost|p1a: Urshifu|spd|1\n|\n|-weather|RainDance|[upkeep]\n|upkeep\n|turn|2\n|\n|t:|1664581110\n|switch|p1a: Zapdos|Zapdos|100\/100\n|move|p2a: Pelipper|Roost|p2a: Pelipper\n|-heal|p2a: Pelipper|100\/100\n|-singleturn|p2a: Pelipper|move: Roost\n|\n|-weather|RainDance|[upkeep]\n|upkeep\n|turn|3\n|j| georgebowserjr1\n|j| suloxiv\n|\n|t:|1664581116\n|switch|p2a: Zapdos|Zapdos|100\/100\n|move|p1a: Zapdos|Hurricane|p2a: Zapdos\n|-resisted|p2a: Zapdos\n|-damage|p2a: Zapdos|73\/100\n|\n|-weather|RainDance|[upkeep]\n|upkeep\n|turn|4\n|\n|t:|1664581121\n|move|p2a: Zapdos|Thunder|p1a: Zapdos\n|-damage|p1a: Zapdos|58\/100\n|move|p1a: Zapdos|Volt Switch|p2a: Zapdos\n|-damage|p2a: Zapdos|41\/100\n|c| georgebowserjr1|man packs the same team\n|\n|t:|1664581129\n|switch|p1a: Urshifu|Urshifu-Rapid-Strike, F|100\/100|[from]move: Volt Switch\n|\n|-weather|RainDance|[upkeep]\n|upkeep\n|turn|5\n|\n|t:|1664581135\n|move|p1a: Urshifu|Surging Strikes|p2a: Zapdos\n|-crit|p2a: Zapdos\n|-damage|p2a: Zapdos|9\/100\n|-crit|p2a: Zapdos\n|-damage|p2a: Zapdos|0 fnt\n|faint|p2a: Zapdos\n|-hitcount|p2: Zapdos|2\n|\n|-weather|RainDance|[upkeep]\n|upkeep\n|\n|t:|1664581144\n|switch|p2a: Ferrothorn|Ferrothorn, F|100\/100\n|turn|6\n|\n|t:|1664581148\n|switch|p1a: Volcarona|Volcarona, M|100\/100\n|move|p2a: Ferrothorn|Thunder Wave|p1a: Volcarona\n|-status|p1a: Volcarona|par\n|\n|-weather|RainDance|[upkeep]\n|upkeep\n|turn|7\n|c|\u2606traisean|._.\n|\n|t:|1664581154\n|switch|p2a: Swampert|Swampert, M|100\/100\n|cant|p1a: Volcarona|par\n|\n|-weather|RainDance|[upkeep]\n|upkeep\n|turn|8\n|c|\u2606traisean|wow\n|c|\u2606traisean|great job\n|c| suloxiv|that didnt matter\n|c| suloxiv|at all\n|c| hidinwisps|right\n|c|\u2606traisean|ik\n|c|\u2606MurderousMantyke|fr LOL\n|c|\u2606traisean|i was gonna sub\n|c|\u2606traisean|then giga\n|c|\u2606traisean|did matter\n|c| georgebowserjr1|SUB\n|c|\u2606traisean|:(\n|c| hidinwisps|pert still outspeeds\n|c| georgebowserjr1|SUB\n|c| suloxiv|^\n|inactive|traisean has 270 seconds left.\n|c|\u2606traisean|true\n|\n|t:|1664581190\n|switch|p1a: Zapdos|Zapdos|58\/100\n|detailschange|p2a: Swampert|Swampert-Mega, M\n|-mega|p2a: Swampert|Swampert|Swampertite\n|move|p2a: Swampert|Flip Turn|p1a: Zapdos\n|-damage|p1a: Zapdos|0 fnt\n|faint|p1a: Zapdos\n|\n|t:|1664581195\n|switch|p2a: Weavile|Weavile, F|100\/100|[from]move: Flip Turn\n|-ability|p2a: Weavile|Pressure\n|\n|-weather|none\n|upkeep\n|c| georgebowserjr1|oh nvm\n|\n|t:|1664581198\n|switch|p1a: Kartana|Kartana|100\/100\n|turn|9\n|c| hidinwisps|team has v awkward rain mu\n|c| georgebowserjr1|its flip turn\n|c| georgebowserjr1|puke\n|c|\u2606traisean|fax\n|c| hidinwisps|banded kart + and no freeze dry kyurem?\n|c|\u2606traisean|dont look at my paste\n|c|\u2606traisean|u evil man\n|c| hidinwisps|oh my fault\n|\n|t:|1664581226\n|switch|p2a: Ferrothorn|Ferrothorn, F|100\/100\n|move|p1a: Kartana|Sacred Sword|p2a: Ferrothorn\n|-supereffective|p2a: Ferrothorn\n|-crit|p2a: Ferrothorn\n|-enditem|p2a: Ferrothorn|Chople Berry|[eat]\n|-enditem|p2a: Ferrothorn|Chople Berry|[weaken]\n|-damage|p2a: Ferrothorn|32\/100\n|-damage|p1a: Kartana|88\/100|[from] ability: Iron Barbs|[of] p2a: Ferrothorn\n|\n|upkeep\n|turn|10\n|\n|t:|1664581229\n|move|p1a: Kartana|Sacred Sword|p2a: Ferrothorn\n|-supereffective|p2a: Ferrothorn\n|-damage|p2a: Ferrothorn|0 fnt\n|-damage|p1a: Kartana|76\/100|[from] ability: Iron Barbs|[of] p2a: Ferrothorn\n|faint|p2a: Ferrothorn\n|-ability|p1a: Kartana|Beast Boost|boost\n|-boost|p1a: Kartana|atk|1\n|\n|upkeep\n|c|\u2606traisean|lol jk\n|\n|t:|1664581232\n|switch|p2a: Pelipper|Pelipper, F|100\/100\n|-weather|RainDance|[from] ability: Drizzle|[of] p2a: Pelipper\n|turn|11\n|c|\u2606traisean|im really just playing\n|\n|t:|1664581243\n|move|p1a: Kartana|Sacred Sword|p2a: Pelipper\n|-resisted|p2a: Pelipper\n|-damage|p2a: Pelipper|66\/100\n|move|p2a: Pelipper|U-turn|p1a: Kartana\n|-damage|p1a: Kartana|67\/100\n|\n|t:|1664581247\n|switch|p2a: Swampert|Swampert-Mega, M|100\/100|[from]move: U-turn\n|\n|-weather|RainDance|[upkeep]\n|upkeep\n|turn|12\n|\n|t:|1664581251\n|move|p2a: Swampert|Earthquake|p1a: Kartana\n|-damage|p1a: Kartana|1\/100\n|move|p1a: Kartana|Sacred Sword|p2a: Swampert\n|-damage|p2a: Swampert|23\/100\n|\n|-weather|RainDance|[upkeep]\n|upkeep\n|turn|13\n|c|\u2606traisean|LOL pro\n|\n|t:|1664581258\n|switch|p1a: Urshifu|Urshifu-Rapid-Strike, F|100\/100\n|move|p2a: Swampert|Earthquake|p1a: Urshifu\n|-damage|p1a: Urshifu|38\/100\n|\n|-weather|RainDance|[upkeep]\n|upkeep\n|turn|14\n|c|\u2606traisean|bruh\n|c|\u2606traisean|aqua jet\n|c|\u2606MurderousMantyke|?\n|c|\u2606traisean|yall said nooo\n|c|\u2606MurderousMantyke|you good bro\n|c|\u2606traisean|use thunder punch\n|\n|t:|1664581285\n|move|p2a: Swampert|Waterfall|p1a: Urshifu\n|-resisted|p1a: Urshifu\n|-damage|p1a: Urshifu|2\/100\n|move|p1a: Urshifu|Surging Strikes|p2a: Swampert\n|-crit|p2a: Swampert\n|-damage|p2a: Swampert|0 fnt\n|faint|p2a: Swampert\n|-hitcount|p2: Swampert|1\n|\n|-weather|RainDance|[upkeep]\n|upkeep\n|c|\u2606MurderousMantyke|woops\n|c| suloxiv|,\n|c| suloxiv|um\n|c|\u2606traisean|no im not ok\n|c| georgebowserjr1|....\n|c|\u2606traisean|:(\n|\n|t:|1664581296\n|switch|p2a: Manaphy|Manaphy|100\/100\n|turn|15\n|c|\u2606traisean|im playing like i never played a game befofe\n|c|\u2606traisean|before*\n|c|\u2606MurderousMantyke|eh hehe think i lose\n|c|\u2606traisean|if i was actually good\n|c|\u2606traisean|i wouldve won\n|inactive|traisean has 270 seconds left.\n|c|\u2606traisean|:(\n|\n|t:|1664581320\n|switch|p1a: Kyurem|Kyurem|100\/100\n|-ability|p1a: Kyurem|Pressure\n|move|p2a: Manaphy|Surf|p1a: Kyurem\n|-resisted|p1a: Kyurem\n|-damage|p1a: Kyurem|68\/100\n|\n|-weather|RainDance|[upkeep]\n|-heal|p1a: Kyurem|74\/100|[from] item: Leftovers\n|upkeep\n|turn|16\n|\n|t:|1664581329\n|move|p1a: Kyurem|Substitute|p1a: Kyurem\n|-start|p1a: Kyurem|Substitute\n|-damage|p1a: Kyurem|49\/100\n|move|p2a: Manaphy|Surf|p1a: Kyurem\n|-resisted|p1a: Kyurem\n|-end|p1a: Kyurem|Substitute\n|\n|-weather|RainDance|[upkeep]\n|-heal|p1a: Kyurem|55\/100|[from] item: Leftovers\n|upkeep\n|turn|17\n|\n|t:|1664581337\n|move|p1a: Kyurem|Roost|p1a: Kyurem\n|-heal|p1a: Kyurem|100\/100\n|-singleturn|p1a: Kyurem|move: Roost\n|-zpower|p2a: Manaphy\n|move|p2a: Manaphy|Hydro Vortex|p1a: Kyurem|[zeffect]\n|-resisted|p1a: Kyurem\n|-damage|p1a: Kyurem|39\/100\n|\n|-weather|RainDance|[upkeep]\n|-heal|p1a: Kyurem|46\/100|[from] item: Leftovers\n|upkeep\n|turn|18\n|\n|t:|1664581340\n|switch|p2a: Weavile|Weavile, F|100\/100\n|-ability|p2a: Weavile|Pressure\n|move|p1a: Kyurem|Roost|p1a: Kyurem\n|-heal|p1a: Kyurem|96\/100\n|-singleturn|p1a: Kyurem|move: Roost\n|\n|-weather|none\n|-heal|p1a: Kyurem|100\/100|[from] item: Leftovers\n|upkeep\n|turn|19\n|\n|t:|1664581343\n|move|p2a: Weavile|Triple Axel|p1a: Kyurem\n|-damage|p1a: Kyurem|86\/100\n|-damage|p1a: Kyurem|57\/100\n|-damage|p1a: Kyurem|17\/100\n|-hitcount|p1a: Kyurem|3\n|move|p1a: Kyurem|Draco Meteor|p2a: Weavile\n|-damage|p2a: Weavile|14\/100\n|-unboost|p1a: Kyurem|spa|2\n|\n|-heal|p1a: Kyurem|23\/100|[from] item: Leftovers\n|upkeep\n|turn|20\n|c|\u2606traisean|ooh clutcg man\n|\n|t:|1664581360\n|switch|p2a: Pelipper|Pelipper, F|66\/100\n|-weather|RainDance|[from] ability: Drizzle|[of] p2a: Pelipper\n|move|p1a: Kyurem|Draco Meteor|p2a: Pelipper\n|-damage|p2a: Pelipper|15\/100\n|-unboost|p1a: Kyurem|spa|2\n|\n|-weather|RainDance|[upkeep]\n|-heal|p1a: Kyurem|29\/100|[from] item: Leftovers\n|upkeep\n|turn|21\n|\n|t:|1664581363\n|move|p1a: Kyurem|Roost|p1a: Kyurem\n|-heal|p1a: Kyurem|80\/100\n|-singleturn|p1a: Kyurem|move: Roost\n|move|p2a: Pelipper|U-turn|p1a: Kyurem\n|-damage|p1a: Kyurem|72\/100\n|\n|t:|1664581365\n|switch|p2a: Weavile|Weavile, F|14\/100|[from]move: U-turn\n|-ability|p2a: Weavile|Pressure\n|\n|-weather|RainDance|[upkeep]\n|-heal|p1a: Kyurem|78\/100|[from] item: Leftovers\n|upkeep\n|turn|22\n|n| georgebowserjr1|georgebowserjr1\n|\n|t:|1664581368\n|move|p2a: Weavile|Triple Axel|p1a: Kyurem\n|-damage|p1a: Kyurem|64\/100\n|-damage|p1a: Kyurem|38\/100\n|-damage|p1a: Kyurem|0 fnt\n|faint|p1a: Kyurem\n|-hitcount|p1: Kyurem|3\n|\n|-weather|RainDance|[upkeep]\n|upkeep\n|\n|t:|1664581374\n|switch|p1a: Tapu Lele|Tapu Lele|100\/100\n|-fieldstart|move: Psychic Terrain|[from] ability: Psychic Surge|[of] p1a: Tapu Lele\n|turn|23\n|\n|t:|1664581382\n|switch|p2a: Pelipper|Pelipper, F|15\/100\n|move|p1a: Tapu Lele|Moonblast|p2a: Pelipper\n|-damage|p2a: Pelipper|0 fnt\n|faint|p2a: Pelipper\n|\n|-weather|RainDance|[upkeep]\n|upkeep\n|c|\u2606traisean|do i lose ?\n|\n|t:|1664581384\n|switch|p2a: Manaphy|Manaphy|100\/100\n|turn|24\n|\n|t:|1664581388\n|switch|p1a: Urshifu|Urshifu-Rapid-Strike, F|2\/100\n|move|p2a: Manaphy|Surf|p1a: Urshifu\n|-resisted|p1a: Urshifu\n|-damage|p1a: Urshifu|0 fnt\n|faint|p1a: Urshifu\n|\n|-weather|RainDance|[upkeep]\n|upkeep\n|\n|t:|1664581390\n|switch|p1a: Kartana|Kartana|1\/100\n|turn|25\n|\n|t:|1664581393\n|move|p1a: Kartana|Leaf Blade|p2a: Manaphy\n|-supereffective|p2a: Manaphy\n|-damage|p2a: Manaphy|0 fnt\n|faint|p2a: Manaphy\n|-ability|p1a: Kartana|Beast Boost|boost\n|-boost|p1a: Kartana|atk|1\n|\n|-weather|RainDance|[upkeep]\n|upkeep\n|c|\u2606MurderousMantyke|gg\n|c|\u2606traisean|gg\n|\n|t:|1664581398\n|switch|p2a: Weavile|Weavile, F|14\/100\n|-ability|p2a: Weavile|Pressure\n|turn|26\n|c|\u2606traisean|another\n|c|\u2606traisean|for tie breaker\n|\n|t:|1664581404\n|move|p2a: Weavile|Knock Off|p1a: Kartana\n|-damage|p1a: Kartana|0 fnt\n|-enditem|p1a: Kartana|Choice Band|[from] move: Knock Off|[of] p2a: Weavile\n|faint|p1a: Kartana\n|\n|-weather|RainDance|[upkeep]\n|upkeep\n|\n|t:|1664581406\n|switch|p1a: Tapu Lele|Tapu Lele|100\/100\n|turn|27\n|c|\u2606MurderousMantyke|wait\n|\n|t:|1664581409\n|move|p2a: Weavile|Knock Off|p1a: Tapu Lele\n|-crit|p1a: Tapu Lele\n|-damage|p1a: Tapu Lele|0 fnt\n|-enditem|p1a: Tapu Lele|Twisted Spoon|[from] move: Knock Off|[of] p2a: Weavile\n|faint|p1a: Tapu Lele\n|\n|-weather|none\n|-fieldend|move: Psychic Terrain\n|upkeep\n|c|\u2606traisean|wow\n|c|\u2606traisean|i see u game\n|\n|t:|1664581417\n|switch|p1a: Volcarona|Volcarona, M|100\/100 par\n|turn|28\n|\n|t:|1664581419\n|move|p2a: Weavile|Knock Off|p1a: Volcarona\n|-damage|p1a: Volcarona|0 fnt\n|-enditem|p1a: Volcarona|Heavy-Duty Boots|[from] move: Knock Off|[of] p2a: Weavile\n|faint|p1a: Volcarona\n|\n|win|MurderousMantyke\n|c| hidinwisps|W\n|c|\u2606traisean|i see u game!!!\n|l| suloxiv\n","uploadtime":1664581430,"views":7,"p1id":"traisean","p2id":"murderousmantyke","formatid":"gen8nationaldex","rating":0,"private":0,"password":null}