{"id":"gen8ou-1629086077","p1":"Jakkkkkka","p2":"LT91BB Dasmer","format":"gen8ou","log":"|raw|<div class=\"broadcast-blue\"><strong>This battle is required to be public due to a player having a name starting with 'lt91bb'.<\/div>\n|j|\u2606Jakkkkkka\n|j|\u2606LT91BB Dasmer\n|t:|1659259954\n|gametype|singles\n|player|p1|Jakkkkkka|norman|1745\n|player|p2|LT91BB Dasmer|rei|2030\n|teamsize|p1|6\n|teamsize|p2|6\n|gen|8\n|tier|[Gen 8] OU\n|rated|\n|rule|Sleep Clause Mod: Limit one foe put to sleep\n|rule|Species Clause: Limit one of each Pok\u00e9mon\n|rule|OHKO Clause: OHKO moves are banned\n|rule|Evasion Moves Clause: Evasion moves are banned\n|rule|Endless Battle Clause: Forcing endless battles is banned\n|rule|HP Percentage Mod: HP is shown in percentages\n|rule|Dynamax Clause: You cannot dynamax\n|clearpoke\n|poke|p1|Alakazam, F|\n|poke|p1|Zapdos-Galar|\n|poke|p1|Cobalion|\n|poke|p1|Heatran, M|\n|poke|p1|Dragapult, M|\n|poke|p1|Rillaboom, M|\n|poke|p2|Garchomp, F|\n|poke|p2|Urshifu-*, M|\n|poke|p2|Rotom-Wash|\n|poke|p2|Weavile, M|\n|poke|p2|Slowking-Galar, F|\n|poke|p2|Corviknight, F|\n|teampreview\n|\n|t:|1659259971\n|start\n|switch|p1a: Cobalion|Cobalion|100\/100\n|switch|p2a: Garchomp|Garchomp, F|100\/100\n|turn|1\n|\n|t:|1659259980\n|move|p1a: Cobalion|Taunt|p2a: Garchomp\n|-start|p2a: Garchomp|move: Taunt\n|move|p2a: Garchomp|Earthquake|p1a: Cobalion\n|-supereffective|p1a: Cobalion\n|-damage|p1a: Cobalion|26\/100\n|\n|upkeep\n|turn|2\n|\n|t:|1659259986\n|move|p1a: Cobalion|Stealth Rock|p2a: Garchomp\n|-sidestart|p2: LT91BB Dasmer|move: Stealth Rock\n|move|p2a: Garchomp|Earthquake|p1a: Cobalion\n|-supereffective|p1a: Cobalion\n|-damage|p1a: Cobalion|0 fnt\n|faint|p1a: Cobalion\n|\n|upkeep\n|\n|t:|1659259992\n|switch|p1a: Dragapult|Dragapult, M|100\/100\n|turn|3\n|j| LT91BB Empo\n|j| Phxo'\n|j| Seleukus\n|\n|t:|1659260007\n|move|p1a: Dragapult|Dragon Darts|p2a: Garchomp\n|-supereffective|p2a: Garchomp\n|-damage|p2a: Garchomp|47\/100\n|-anim|p1a: Dragapult|Dragon Darts|p2a: Garchomp\n|-supereffective|p2a: Garchomp\n|-damage|p2a: Garchomp|0 fnt\n|faint|p2a: Garchomp\n|-damage|p1a: Dragapult|91\/100|[from] item: Life Orb\n|\n|upkeep\n|j| Chiharu haru\n|\n|t:|1659260020\n|switch|p2a: Weavile|Weavile, M|100\/100\n|-damage|p2a: Weavile|76\/100|[from] Stealth Rock\n|-ability|p2a: Weavile|Pressure\n|turn|4\n|j| LT91BB stareal\n|j|+keys\n|inactive|Battle timer is ON: inactive players will automatically lose when time's up. (requested by Jakkkkkka)\n|j| Accidere \u2601@!\n|l| LT91BB stareal\n|j| shiraiki\n|j| LT91BB stareal\n|j|+Dragonillis\n|j| Uieieuehehs\n|j| ncw\n|j| Lt91bbe\n|j| Yab762\n|\n|t:|1659260080\n|switch|p1a: Alakazam|Alakazam, F|100\/100\n|move|p2a: Weavile|Knock Off|p1a: Alakazam\n|-supereffective|p1a: Alakazam\n|-enditem|p1a: Alakazam|Focus Sash\n|-damage|p1a: Alakazam|1\/100\n|\n|upkeep\n|turn|5\n|j| zweiblattdorf\n|\n|t:|1659260087\n|move|p2a: Weavile|Knock Off|p1a: Alakazam\n|-supereffective|p1a: Alakazam\n|-damage|p1a: Alakazam|0 fnt\n|faint|p1a: Alakazam\n|\n|upkeep\n|j| Winterains\n|\n|t:|1659260093\n|switch|p1a: Zapdos|Zapdos-Galar|100\/100\n|turn|6\n|j| jey2\n|j| ClumsyClefable\n|\n|t:|1659260097\n|switch|p2a: Slowking|Slowking-Galar, F|100\/100\n|-damage|p2a: Slowking|88\/100|[from] Stealth Rock\n|move|p1a: Zapdos|U-turn|p2a: Slowking\n|-damage|p2a: Slowking|63\/100\n|j| nathaaan\n|\n|t:|1659260103\n|switch|p1a: Heatran|Heatran, M|100\/100|[from]move: U-turn\n|\n|upkeep\n|turn|7\n|\n|t:|1659260107\n|switch|p2a: Urshifu|Urshifu-Rapid-Strike, M|100\/100\n|-damage|p2a: Urshifu|94\/100|[from] Stealth Rock\n|move|p1a: Heatran|Eruption|p2a: Urshifu\n|-resisted|p2a: Urshifu\n|-damage|p2a: Urshifu|0 fnt\n|faint|p2a: Urshifu\n|\n|upkeep\n|j| Si.tole\n|\n|t:|1659260120\n|switch|p2a: Rotom|Rotom-Wash|100\/100\n|-damage|p2a: Rotom|88\/100|[from] Stealth Rock\n|turn|8\n|\n|t:|1659260132\n|switch|p1a: Dragapult|Dragapult, M|91\/100\n|move|p2a: Rotom|Hydro Pump|p1a: Dragapult\n|-resisted|p1a: Dragapult\n|-damage|p1a: Dragapult|58\/100\n|\n|-heal|p2a: Rotom|94\/100|[from] item: Leftovers\n|upkeep\n|turn|9\n|j| LT91BB PDC\n|j| Bushido Black\n|\n|t:|1659260143\n|move|p1a: Dragapult|Dragon Darts|p2a: Rotom\n|-damage|p2a: Rotom|55\/100\n|-anim|p1a: Dragapult|Dragon Darts|p2a: Rotom\n|-damage|p2a: Rotom|15\/100\n|-damage|p1a: Dragapult|48\/100|[from] item: Life Orb\n|move|p2a: Rotom|Thunderbolt|p1a: Dragapult\n|-resisted|p1a: Dragapult\n|-damage|p1a: Dragapult|23\/100\n|\n|-heal|p2a: Rotom|22\/100|[from] item: Leftovers\n|upkeep\n|turn|10\n|j| kind of liked it\n|j| JGL Jack\n|\n|t:|1659260153\n|switch|p2a: Corviknight|Corviknight, F|100\/100\n|-damage|p2a: Corviknight|88\/100|[from] Stealth Rock\n|-ability|p2a: Corviknight|Pressure\n|move|p1a: Dragapult|Dragon Darts|p2a: Corviknight\n|-resisted|p2a: Corviknight\n|-damage|p2a: Corviknight|78\/100\n|-anim|p1a: Dragapult|Dragon Darts|p2a: Corviknight\n|-resisted|p2a: Corviknight\n|-damage|p2a: Corviknight|67\/100\n|-damage|p1a: Dragapult|13\/100|[from] item: Life Orb\n|\n|-heal|p2a: Corviknight|73\/100|[from] item: Leftovers\n|upkeep\n|turn|11\n|l| JGL Jack\n|\n|t:|1659260166\n|move|p1a: Dragapult|Fire Blast|p2a: Corviknight\n|-supereffective|p2a: Corviknight\n|-damage|p2a: Corviknight|11\/100\n|-damage|p1a: Dragapult|3\/100|[from] item: Life Orb\n|move|p2a: Corviknight|Roost|p2a: Corviknight\n|-heal|p2a: Corviknight|61\/100\n|-singleturn|p2a: Corviknight|move: Roost\n|\n|-heal|p2a: Corviknight|67\/100|[from] item: Leftovers\n|upkeep\n|turn|12\n|j| LT91BB Ur Doomed\n|j| LT91BBStepthaClown\n|l| LT91BBStepthaClown\n|\n|t:|1659260176\n|switch|p1a: Heatran|Heatran, M|100\/100\n|move|p2a: Corviknight|Roost|p2a: Corviknight\n|-heal|p2a: Corviknight|100\/100\n|-singleturn|p2a: Corviknight|move: Roost\n|\n|upkeep\n|turn|13\n|j| Heaven Back\n|\n|t:|1659260183\n|switch|p2a: Rotom|Rotom-Wash|22\/100\n|-damage|p2a: Rotom|9\/100|[from] Stealth Rock\n|move|p1a: Heatran|Eruption|p2a: Rotom\n|-resisted|p2a: Rotom\n|-damage|p2a: Rotom|0 fnt\n|faint|p2a: Rotom\n|\n|upkeep\n|\n|t:|1659260187\n|switch|p2a: Weavile|Weavile, M|76\/100\n|-damage|p2a: Weavile|51\/100|[from] Stealth Rock\n|-ability|p2a: Weavile|Pressure\n|turn|14\n|\n|t:|1659260196\n|switch|p1a: Dragapult|Dragapult, M|3\/100\n|move|p2a: Weavile|Knock Off|p1a: Dragapult\n|-supereffective|p1a: Dragapult\n|-damage|p1a: Dragapult|0 fnt\n|-enditem|p1a: Dragapult|Life Orb|[from] move: Knock Off|[of] p2a: Weavile\n|faint|p1a: Dragapult\n|\n|upkeep\n|j| Shiox\n|\n|t:|1659260205\n|switch|p1a: Zapdos|Zapdos-Galar|100\/100\n|turn|15\n|\n|t:|1659260216\n|switch|p2a: Slowking|Slowking-Galar, F|96\/100\n|-damage|p2a: Slowking|83\/100|[from] Stealth Rock\n|move|p1a: Zapdos|U-turn|p2a: Slowking\n|-damage|p2a: Slowking|58\/100\n|j| LT91BB yama\n|l| Accidere \u2601\n|\n|t:|1659260222\n|switch|p1a: Heatran|Heatran, M|100\/100|[from]move: U-turn\n|\n|upkeep\n|turn|16\n|\n|t:|1659260226\n|move|p1a: Heatran|Eruption|p2a: Slowking\n|-damage|p2a: Slowking|0 fnt\n|faint|p2a: Slowking\n|\n|upkeep\n|\n|t:|1659260229\n|switch|p2a: Weavile|Weavile, M|51\/100\n|-damage|p2a: Weavile|26\/100|[from] Stealth Rock\n|-ability|p2a: Weavile|Pressure\n|turn|17\n|l| Yab762\n|j| cscl\n|\n|t:|1659260238\n|switch|p1a: Rillaboom|Rillaboom, M|100\/100\n|-fieldstart|move: Grassy Terrain|[from] ability: Grassy Surge|[of] p1a: Rillaboom\n|move|p2a: Weavile|Low Kick|p1a: Rillaboom\n|-damage|p1a: Rillaboom|59\/100\n|\n|-heal|p2a: Weavile|32\/100|[from] Grassy Terrain\n|-heal|p1a: Rillaboom|66\/100|[from] Grassy Terrain\n|upkeep\n|turn|18\n|-message|LT91BB Dasmer forfeited.\n|\n|win|Jakkkkkka\n|raw|Jakkkkkka's rating: 1745 &rarr; <strong>1779<\/strong><br \/>(+34 for winning)\n|raw|LT91BB Dasmer's rating: 2030 &rarr; <strong>1996<\/strong><br \/>(-34 for losing)\n|l|\u2606LT91BB Dasmer\n|l| Seleukus\n|l| Phxo'\n|l|+keys\n|l| Lt91bbe\n|l| nathaaan\n|l| Winterains\n|l| Si.tole\n|l| Chiharu haru\n|l| ncw\n|l| Bushido Black\n|l| zweiblattdorf\n|l| shiraiki\n|l| LT91BB yama\n|l| jey2\n|j| AcrOne\n|l| ClumsyClefable\n|l| Heaven Back\n|l| Uieieuehehs\n|l| cscl\n|l|\u2606Jakkkkkka\n|l| AcrOne\n|l| LT91BB PDC\n|j| Aurora\n|l| Aurora\n|l| LT91BB Ur Doomed\n|j| Yeoak\n|l| LT91BB stareal\n|l| Yeoak\n|l| kind of liked it\n|j| Electric win\n|l| Electric win\n|l| LT91BB Empo\n|l| Shiox\n","uploadtime":1659260255,"views":43,"p1id":"jakkkkkka","p2id":"lt91bbdasmer","formatid":"gen8ou","rating":1779,"private":0,"password":null}