{"id":"gen8ubers-1099368104","p1":"willcoxw","p2":"jj and ally alt","format":"gen8ubers","log":"|j|\u2606willcoxw\n|j|\u2606jj and ally alt\n|player|p1|willcoxw|clair|1533\n|player|p2|jj and ally alt|2|1219\n|teamsize|p1|6\n|teamsize|p2|6\n|gametype|singles\n|gen|8\n|tier|[Gen 8] Ubers\n|rated|\n|clearpoke\n|poke|p1|Ferrothorn, M|\n|poke|p1|Eternatus|\n|poke|p1|Lunala|\n|poke|p1|Kommo-o, M|\n|poke|p1|Necrozma-Dusk-Mane|\n|poke|p1|Zacian-Crowned|\n|poke|p2|Mew|\n|poke|p2|Melmetal|\n|poke|p2|Dracovish|\n|poke|p2|Lunala|\n|poke|p2|Zacian-Crowned|\n|poke|p2|Ditto|\n|rule|Sleep Clause Mod: Limit one foe put to sleep\n|rule|Species Clause: Limit one of each Pok\u00e9mon\n|rule|OHKO Clause: OHKO moves are banned\n|rule|Evasion Moves Clause: Evasion moves are banned\n|rule|Endless Battle Clause: Forcing endless battles is banned\n|rule|HP Percentage Mod: HP is shown in percentages\n|html|Ubers Dynamax Clause: Pok\u00e9mon on the <a href=\"https:\/\/www.smogon.com\/dex\/ss\/formats\/uber\/\">Ubers Dynamax Banlist<\/a> cannot Dynamax.\n|teampreview\n|\n|start\n|switch|p1a: Ferrothorn|Ferrothorn, M|100\/100\n|switch|p2a: Mew|Mew|100\/100\n|turn|1\n|\n|move|p2a: Mew|Stealth Rock|p1a: Ferrothorn\n|-sidestart|p1: willcoxw|move: Stealth Rock\n|move|p1a: Ferrothorn|Spikes|p2a: Mew\n|-sidestart|p2: jj and ally alt|Spikes\n|\n|upkeep\n|turn|2\n|\n|move|p2a: Mew|Spikes|p1a: Ferrothorn\n|-sidestart|p1: willcoxw|Spikes\n|move|p1a: Ferrothorn|Spikes|p2a: Mew\n|-sidestart|p2: jj and ally alt|Spikes\n|\n|upkeep\n|turn|3\n|\n|move|p2a: Mew|Spikes|p1a: Ferrothorn\n|-sidestart|p1: willcoxw|Spikes\n|move|p1a: Ferrothorn|Spikes|p2a: Mew\n|-sidestart|p2: jj and ally alt|Spikes\n|\n|upkeep\n|turn|4\n|j| SHADE\/SLAVE\n|\n|move|p2a: Mew|Spikes|p1a: Ferrothorn\n|-sidestart|p1: willcoxw|Spikes\n|move|p1a: Ferrothorn|Knock Off|p2a: Mew\n|-supereffective|p2a: Mew\n|-damage|p2a: Mew|65\/100\n|-enditem|p2a: Mew|Focus Sash|[from] move: Knock Off|[of] p1a: Ferrothorn\n|\n|upkeep\n|turn|5\n|\n|move|p2a: Mew|Explosion|p1a: Ferrothorn\n|-resisted|p1a: Ferrothorn\n|-damage|p1a: Ferrothorn|77\/100\n|faint|p2a: Mew\n|move|p1a: Ferrothorn|Iron Defense|p1a: Ferrothorn\n|-boost|p1a: Ferrothorn|def|2\n|\n|-heal|p1a: Ferrothorn|83\/100|[from] item: Leftovers\n|upkeep\n|\n|switch|p2a: Zacian|Zacian-Crowned|100\/100\n|-damage|p2a: Zacian|76\/100|[from] Spikes\n|-ability|p2a: Zacian|Intrepid Sword|boost\n|-boost|p2a: Zacian|atk|1\n|turn|6\n|\n|move|p2a: Zacian|Swords Dance|p2a: Zacian\n|-boost|p2a: Zacian|atk|2\n|move|p1a: Ferrothorn|Body Press|p2a: Zacian\n|-damage|p2a: Zacian|23\/100\n|\n|-heal|p1a: Ferrothorn|89\/100|[from] item: Leftovers\n|upkeep\n|turn|7\n|\n|move|p2a: Zacian|Close Combat|p1a: Ferrothorn\n|-supereffective|p1a: Ferrothorn\n|-damage|p1a: Ferrothorn|0 fnt\n|-unboost|p2a: Zacian|def|1\n|-unboost|p2a: Zacian|spd|1\n|-damage|p2a: Zacian|11\/100|[from] ability: Iron Barbs|[of] p1a: Ferrothorn\n|faint|p1a: Ferrothorn\n|\n|upkeep\n|\n|switch|p1a: Zacian|Zacian-Crowned|100\/100\n|-damage|p1a: Zacian|76\/100|[from] Spikes\n|-damage|p1a: Zacian|69\/100|[from] Stealth Rock\n|-ability|p1a: Zacian|Intrepid Sword|boost\n|-boost|p1a: Zacian|atk|1\n|turn|8\n|\n|move|p2a: Zacian|Behemoth Blade|p1a: Zacian\n|-damage|p1a: Zacian|0 fnt\n|faint|p1a: Zacian\n|\n|upkeep\n|\n|switch|p1a: Lunala|Lunala|100\/100\n|turn|9\n|\n|move|p2a: Zacian|Crunch|p1a: Lunala\n|-supereffective|p1a: Lunala\n|-damage|p1a: Lunala|0 fnt\n|faint|p1a: Lunala\n|\n|upkeep\n|\n|switch|p1a: Necrozma|Necrozma-Dusk-Mane|100\/100\n|-damage|p1a: Necrozma|76\/100|[from] Spikes\n|-damage|p1a: Necrozma|70\/100|[from] Stealth Rock\n|turn|10\n|\n|move|p2a: Zacian|Crunch|p1a: Necrozma\n|-supereffective|p1a: Necrozma\n|-damage|p1a: Necrozma|0 fnt\n|faint|p1a: Necrozma\n|\n|upkeep\n|-message|willcoxw forfeited.\n|\n|win|jj and ally alt\n|l|\u2606willcoxw\n|raw|willcoxw's rating: 1533 &rarr; <strong>1499<\/strong><br \/>(-34 for losing)\n|raw|jj and ally alt's rating: 1219 &rarr; <strong>1262<\/strong><br \/>(+43 for winning)\n","uploadtime":1587286278,"views":32,"p1id":"willcoxw","p2id":"jjandallyalt","formatid":"gen8ubers","rating":1262,"private":0,"password":null}