{"id":"gen8ubers-1113828864","p1":"Start Fresh 4","p2":"willcoxw","format":"gen8ubers","log":"|j|\u2606Start Fresh 4\n|j|\u2606willcoxw\n|player|p1|Start Fresh 4|265|1513\n|player|p2|willcoxw|karen|1574\n|teamsize|p1|6\n|teamsize|p2|6\n|gametype|singles\n|gen|8\n|tier|[Gen 8] Ubers\n|rated|\n|clearpoke\n|poke|p1|Shuckle, F|\n|poke|p1|Ditto|\n|poke|p1|Zacian-Crowned|\n|poke|p1|Lunala|\n|poke|p1|Zekrom|\n|poke|p1|Quagsire, M|\n|poke|p2|Pelipper, M|\n|poke|p2|Drednaw, M|\n|poke|p2|Eternatus|\n|poke|p2|Zamazenta|\n|poke|p2|Zacian-Crowned|\n|poke|p2|Necrozma-Dusk-Mane|\n|rule|Sleep Clause Mod: Limit one foe put to sleep\n|rule|Species Clause: Limit one of each Pok\u00e9mon\n|rule|OHKO Clause: OHKO moves are banned\n|rule|Evasion Moves Clause: Evasion moves are banned\n|rule|Endless Battle Clause: Forcing endless battles is banned\n|rule|HP Percentage Mod: HP is shown in percentages\n|html|Ubers Dynamax Clause: Pok\u00e9mon on the <a href=\"https:\/\/www.smogon.com\/dex\/ss\/formats\/uber\/\">Ubers Dynamax Banlist<\/a> cannot Dynamax.\n|teampreview\n|\n|start\n|switch|p1a: Shuckle|Shuckle, F|100\/100\n|switch|p2a: Pelipper|Pelipper, M|100\/100\n|-weather|RainDance|[from] ability: Drizzle|[of] p2a: Pelipper\n|turn|1\n|\n|move|p2a: Pelipper|U-turn|p1a: Shuckle\n|-damage|p1a: Shuckle|96\/100\n|\n|switch|p2a: Drednaw|Drednaw, M|100\/100|[from]move: U-turn\n|move|p1a: Shuckle|Sticky Web|p2a: Drednaw\n|-sidestart|p2: willcoxw|move: Sticky Web\n|\n|-weather|RainDance|[upkeep]\n|upkeep\n|turn|2\n|j| MADARAAAA\n|\n|-start|p2a: Drednaw|Dynamax\n|-formechange|p2a: Drednaw|Drednaw-Gmax\n|-heal|p2a: Drednaw|100\/100|[silent]\n|move|p2a: Drednaw|G-Max Stonesurge|p1a: Shuckle\n|-supereffective|p1a: Shuckle\n|-damage|p1a: Shuckle|0 fnt\n|-sidestart|p1: Start Fresh 4|move: Stealth Rock\n|-damage|p2a: Drednaw|96\/100|[from] item: Life Orb\n|faint|p1a: Shuckle\n|\n|-weather|RainDance|[upkeep]\n|upkeep\n|\n|switch|p1a: Ditto|Ditto|100\/100\n|-damage|p1a: Ditto|88\/100|[from] Stealth Rock\n|-transform|p1a: Ditto|p2a: Drednaw|[from] ability: Imposter\n|turn|3\n|\n|move|p1a: Ditto|Superpower|p2a: Drednaw\n|-supereffective|p2a: Drednaw\n|-damage|p2a: Drednaw|53\/100\n|-unboost|p1a: Ditto|atk|1\n|-unboost|p1a: Ditto|def|1\n|move|p2a: Drednaw|Max Knuckle|p1a: Ditto\n|-supereffective|p1a: Ditto\n|-damage|p1a: Ditto|0 fnt\n|-boost|p2a: Drednaw|atk|1\n|-damage|p2a: Drednaw|48\/100|[from] item: Life Orb\n|faint|p1a: Ditto\n|\n|-weather|RainDance|[upkeep]\n|upkeep\n|j| ULTN7U BandedSki\n|\n|switch|p1a: Quagsire|Quagsire, M|100\/100\n|-damage|p1a: Quagsire|94\/100|[from] Stealth Rock\n|turn|4\n|l| ULTN7U BandedSki\n|\n|move|p2a: Drednaw|G-Max Stonesurge|p1a: Quagsire\n|-damage|p1a: Quagsire|16\/100\n|-damage|p2a: Drednaw|43\/100|[from] item: Life Orb\n|move|p1a: Quagsire|Recover|p1a: Quagsire\n|-heal|p1a: Quagsire|66\/100\n|\n|-weather|RainDance|[upkeep]\n|-end|p2a: Drednaw|Dynamax\n|-formechange|p2a: Drednaw|Drednaw\n|-heal|p2a: Drednaw|43\/100|[silent]\n|upkeep\n|turn|5\n|\n|switch|p2a: Pelipper|Pelipper, M|100\/100\n|move|p1a: Quagsire|Earthquake|p2a: Pelipper\n|-immune|p2a: Pelipper\n|\n|-weather|RainDance|[upkeep]\n|upkeep\n|turn|6\n|\n|move|p2a: Pelipper|Defog|p1a: Quagsire\n|-unboost|p1a: Quagsire|evasion|1\n|-sideend|p1: Start Fresh 4|Stealth Rock|[from] move: Defog|[of] p2a: Pelipper\n|-sideend|p2: willcoxw|Sticky Web|[from] move: Defog|[of] p2a: Pelipper\n|move|p1a: Quagsire|Recover|p1a: Quagsire\n|-heal|p1a: Quagsire|100\/100\n|\n|-weather|RainDance|[upkeep]\n|upkeep\n|turn|7\n|\n|move|p2a: Pelipper|U-turn|p1a: Quagsire\n|-damage|p1a: Quagsire|95\/100\n|\n|switch|p2a: Eternatus|Eternatus|100\/100|[from]move: U-turn\n|-ability|p2a: Eternatus|Pressure\n|move|p1a: Quagsire|Scald|p2a: Eternatus\n|-resisted|p2a: Eternatus\n|-damage|p2a: Eternatus|90\/100\n|-status|p2a: Eternatus|brn\n|\n|-weather|RainDance|[upkeep]\n|-heal|p2a: Eternatus|96\/100 brn|[from] item: Black Sludge\n|-damage|p2a: Eternatus|90\/100 brn|[from] brn\n|upkeep\n|turn|8\n|l| MADARAAAA\n|\n|switch|p1a: Zacian|Zacian-Crowned|100\/100\n|-ability|p1a: Zacian|Intrepid Sword|boost\n|-boost|p1a: Zacian|atk|1\n|move|p2a: Eternatus|Substitute|p2a: Eternatus\n|-start|p2a: Eternatus|Substitute\n|-damage|p2a: Eternatus|65\/100 brn\n|\n|-weather|none\n|-heal|p2a: Eternatus|71\/100 brn|[from] item: Black Sludge\n|-damage|p2a: Eternatus|65\/100 brn|[from] brn\n|upkeep\n|turn|9\n|j| MADARAAAA\n|\n|move|p1a: Zacian|Behemoth Blade|p2a: Eternatus\n|-end|p2a: Eternatus|Substitute\n|move|p2a: Eternatus|Flamethrower|p1a: Zacian\n|-supereffective|p1a: Zacian\n|-damage|p1a: Zacian|40\/100\n|\n|-heal|p2a: Eternatus|71\/100 brn|[from] item: Black Sludge\n|-damage|p2a: Eternatus|65\/100 brn|[from] brn\n|upkeep\n|turn|10\n|\n|switch|p2a: Pelipper|Pelipper, M|100\/100\n|-weather|RainDance|[from] ability: Drizzle|[of] p2a: Pelipper\n|move|p1a: Zacian|Behemoth Blade|p2a: Pelipper\n|-resisted|p2a: Pelipper\n|-damage|p2a: Pelipper|56\/100\n|\n|-weather|RainDance|[upkeep]\n|upkeep\n|turn|11\n|\n|move|p1a: Zacian|Behemoth Blade|p2a: Pelipper\n|-resisted|p2a: Pelipper\n|-damage|p2a: Pelipper|14\/100\n|move|p2a: Pelipper|U-turn|p1a: Zacian\n|-resisted|p1a: Zacian\n|-damage|p1a: Zacian|38\/100\n|\n|switch|p2a: Drednaw|Drednaw, M|43\/100|[from]move: U-turn\n|\n|-weather|RainDance|[upkeep]\n|upkeep\n|turn|12\n|\n|switch|p1a: Quagsire|Quagsire, M|95\/100\n|move|p2a: Drednaw|Liquidation|p1a: Quagsire\n|-damage|p1a: Quagsire|43\/100\n|-unboost|p1a: Quagsire|def|1\n|-damage|p2a: Drednaw|33\/100|[from] item: Life Orb\n|\n|-weather|RainDance|[upkeep]\n|upkeep\n|turn|13\n|\n|move|p2a: Drednaw|Liquidation|p1a: Quagsire\n|-damage|p1a: Quagsire|0 fnt\n|-damage|p2a: Drednaw|23\/100|[from] item: Life Orb\n|faint|p1a: Quagsire\n|\n|-weather|RainDance|[upkeep]\n|upkeep\n|\n|switch|p1a: Lunala|Lunala|100\/100\n|turn|14\n|\n|move|p2a: Drednaw|Liquidation|p1a: Lunala\n|-damage|p1a: Lunala|63\/100\n|-damage|p2a: Drednaw|13\/100|[from] item: Life Orb\n|move|p1a: Lunala|Moongeist Beam|p2a: Drednaw\n|-crit|p2a: Drednaw\n|-damage|p2a: Drednaw|0 fnt\n|faint|p2a: Drednaw\n|\n|-weather|RainDance|[upkeep]\n|upkeep\n|\n|switch|p2a: Zacian|Zacian-Crowned|100\/100\n|-ability|p2a: Zacian|Intrepid Sword|boost\n|-boost|p2a: Zacian|atk|1\n|turn|15\n|\n|move|p2a: Zacian|Behemoth Blade|p1a: Lunala\n|-damage|p1a: Lunala|0 fnt\n|faint|p1a: Lunala\n|\n|-weather|RainDance|[upkeep]\n|upkeep\n|\n|switch|p1a: Zekrom|Zekrom|100\/100\n|-ability|p1a: Zekrom|Teravolt\n|turn|16\n|\n|move|p2a: Zacian|Sacred Sword|p1a: Zekrom\n|-damage|p1a: Zekrom|50\/100\n|move|p1a: Zekrom|Dragon Dance|p1a: Zekrom\n|-boost|p1a: Zekrom|atk|1\n|-boost|p1a: Zekrom|spe|1\n|\n|-weather|RainDance|[upkeep]\n|-heal|p1a: Zekrom|57\/100|[from] item: Leftovers\n|upkeep\n|turn|17\n|\n|switch|p2a: Pelipper|Pelipper, M|14\/100\n|move|p1a: Zekrom|Dragon Dance|p1a: Zekrom\n|-boost|p1a: Zekrom|atk|1\n|-boost|p1a: Zekrom|spe|1\n|\n|-weather|none\n|-heal|p1a: Zekrom|63\/100|[from] item: Leftovers\n|upkeep\n|turn|18\n|\n|move|p1a: Zekrom|Substitute|p1a: Zekrom\n|-start|p1a: Zekrom|Substitute\n|-damage|p1a: Zekrom|38\/100\n|move|p2a: Pelipper|U-turn|p1a: Zekrom\n|-activate|p1a: Zekrom|move: Substitute|[damage]\n|\n|switch|p2a: Necrozma|Necrozma-Dusk-Mane|100\/100|[from]move: U-turn\n|\n|-heal|p1a: Zekrom|44\/100|[from] item: Leftovers\n|upkeep\n|turn|19\n|c| MADARAAAA|Gg\n|\n|move|p1a: Zekrom|Bolt Strike|p2a: Necrozma\n|-damage|p2a: Necrozma|22\/100\n|-status|p2a: Necrozma|par\n|move|p2a: Necrozma|Trick Room|p2a: Necrozma\n|-fieldstart|move: Trick Room|[of] p2a: Necrozma\n|\n|-heal|p2a: Necrozma|28\/100 par|[from] item: Leftovers\n|-heal|p1a: Zekrom|50\/100|[from] item: Leftovers\n|upkeep\n|turn|20\n|\n|cant|p2a: Necrozma|par\n|move|p1a: Zekrom|Substitute|p1a: Zekrom\n|-fail|p1a: Zekrom|move: Substitute\n|\n|-heal|p2a: Necrozma|34\/100 par|[from] item: Leftovers\n|-heal|p1a: Zekrom|56\/100|[from] item: Leftovers\n|upkeep\n|turn|21\n|c| MADARAAAA|Not gg\n|\n|move|p2a: Necrozma|Earthquake|p1a: Zekrom\n|-supereffective|p1a: Zekrom\n|-crit|p1a: Zekrom\n|-end|p1a: Zekrom|Substitute\n|move|p1a: Zekrom|Substitute|p1a: Zekrom\n|-start|p1a: Zekrom|Substitute\n|-damage|p1a: Zekrom|31\/100\n|\n|-heal|p2a: Necrozma|40\/100 par|[from] item: Leftovers\n|-heal|p1a: Zekrom|37\/100|[from] item: Leftovers\n|upkeep\n|turn|22\n|\n|move|p2a: Necrozma|Earthquake|p1a: Zekrom\n|-supereffective|p1a: Zekrom\n|-end|p1a: Zekrom|Substitute\n|move|p1a: Zekrom|Substitute|p1a: Zekrom\n|-start|p1a: Zekrom|Substitute\n|-damage|p1a: Zekrom|13\/100\n|\n|-heal|p2a: Necrozma|47\/100 par|[from] item: Leftovers\n|-heal|p1a: Zekrom|19\/100|[from] item: Leftovers\n|upkeep\n|turn|23\n|c| MADARAAAA|Gg\n|\n|cant|p2a: Necrozma|par\n|move|p1a: Zekrom|Bolt Strike|p2a: Necrozma\n|-damage|p2a: Necrozma|0 fnt\n|faint|p2a: Necrozma\n|\n|-heal|p1a: Zekrom|25\/100|[from] item: Leftovers\n|-fieldend|move: Trick Room\n|upkeep\n|\n|switch|p2a: Zacian|Zacian-Crowned|100\/100\n|-ability|p2a: Zacian|Intrepid Sword|boost\n|-boost|p2a: Zacian|atk|1\n|turn|24\n|\n|switch|p2a: Eternatus|Eternatus|65\/100 brn\n|-ability|p2a: Eternatus|Pressure\n|move|p1a: Zekrom|Bolt Strike|p2a: Eternatus\n|-resisted|p2a: Eternatus\n|-damage|p2a: Eternatus|2\/100 brn\n|\n|-heal|p1a: Zekrom|31\/100|[from] item: Leftovers\n|-heal|p2a: Eternatus|8\/100 brn|[from] item: Black Sludge\n|-damage|p2a: Eternatus|2\/100 brn|[from] brn\n|upkeep\n|turn|25\n|\n|switch|p2a: Zacian|Zacian-Crowned|100\/100\n|-ability|p2a: Zacian|Intrepid Sword|boost\n|-boost|p2a: Zacian|atk|1\n|move|p1a: Zekrom|Dragon Claw|p2a: Zacian\n|-immune|p2a: Zacian\n|\n|-heal|p1a: Zekrom|37\/100|[from] item: Leftovers\n|upkeep\n|turn|26\n|\n|move|p1a: Zekrom|Bolt Strike|p2a: Zacian\n|-damage|p2a: Zacian|0 fnt\n|faint|p2a: Zacian\n|\n|-heal|p1a: Zekrom|43\/100|[from] item: Leftovers\n|upkeep\n|\n|switch|p2a: Zamazenta|Zamazenta|100\/100\n|-ability|p2a: Zamazenta|Dauntless Shield|boost\n|-boost|p2a: Zamazenta|def|1\n|turn|27\n|\n|move|p1a: Zekrom|Dragon Claw|p2a: Zamazenta\n|-damage|p2a: Zamazenta|44\/100\n|move|p2a: Zamazenta|Close Combat|p1a: Zekrom\n|-end|p1a: Zekrom|Substitute\n|-unboost|p2a: Zamazenta|def|1\n|-unboost|p2a: Zamazenta|spd|1\n|\n|-heal|p1a: Zekrom|49\/100|[from] item: Leftovers\n|upkeep\n|turn|28\n|-message|willcoxw forfeited.\n|\n|win|Start Fresh 4\n|l|\u2606willcoxw\n|c|\u2606Start Fresh 4|gg\n|raw|Start Fresh 4's rating: 1513 &rarr; <strong>1537<\/strong><br \/>(+24 for winning)\n|raw|willcoxw's rating: 1580 &rarr; <strong>1556<\/strong><br \/>(-24 for losing)\n|c| MADARAAAA|Ez\n|l| MADARAAAA\n","uploadtime":1589366003,"views":17,"p1id":"startfresh4","p2id":"willcoxw","formatid":"gen8ubers","rating":1537,"private":0,"password":null}