{"id":"gen8ou-1280549808","p1":"Burnt Bright","p2":"SpectrierIsGone","format":"gen8ou","log":"|j|\u2606Burnt Bright\n|j|\u2606SpectrierIsGone\n|t:|1613065949\n|player|p1|Burnt Bright|parasollady-gen4|1592\n|player|p2|SpectrierIsGone|drayden|1591\n|teamsize|p1|6\n|teamsize|p2|6\n|gametype|singles\n|gen|8\n|tier|[Gen 8] OU\n|rated|\n|clearpoke\n|poke|p1|Corviknight, F|\n|poke|p1|Keldeo-Resolute|\n|poke|p1|Landorus-Therian, M|\n|poke|p1|Cinderace, M|\n|poke|p1|Slowking-Galar, M|\n|poke|p1|Hippowdon, F|\n|poke|p2|Landorus-Therian, M|\n|poke|p2|Regieleki|\n|poke|p2|Victini|\n|poke|p2|Slowbro, F|\n|poke|p2|Kartana|\n|poke|p2|Scizor, F|\n|rule|Sleep Clause Mod: Limit one foe put to sleep\n|rule|Species Clause: Limit one of each Pok\u00e9mon\n|rule|OHKO Clause: OHKO moves are banned\n|rule|Evasion Moves Clause: Evasion moves are banned\n|rule|Endless Battle Clause: Forcing endless battles is banned\n|rule|HP Percentage Mod: HP is shown in percentages\n|rule|Dynamax Clause: You cannot dynamax\n|teampreview\n|j| Team troll Only\n|inactive|Battle timer is ON: inactive players will automatically lose when time's up. (requested by SpectrierIsGone)\n|\n|t:|1613065970\n|start\n|switch|p1a: Hippowdon|Hippowdon, F|100\/100\n|switch|p2a: Veronika|Victini|100\/100\n|-weather|Sandstorm|[from] ability: Sand Stream|[of] p1a: Hippowdon\n|turn|1\n|\n|t:|1613065981\n|move|p2a: Veronika|Blue Flare|p1a: Hippowdon\n|-damage|p1a: Hippowdon|3\/100\n|move|p1a: Hippowdon|Stealth Rock|p2a: Veronika\n|-sidestart|p2: SpectrierIsGone|move: Stealth Rock\n|\n|-weather|Sandstorm|[upkeep]\n|-damage|p2a: Veronika|94\/100|[from] Sandstorm\n|upkeep\n|turn|2\n|\n|t:|1613065986\n|move|p2a: Veronika|Blue Flare|p1a: Hippowdon\n|-damage|p1a: Hippowdon|0 fnt\n|faint|p1a: Hippowdon\n|\n|-weather|Sandstorm|[upkeep]\n|-damage|p2a: Veronika|88\/100|[from] Sandstorm\n|upkeep\n|\n|t:|1613065990\n|switch|p1a: Keldeo|Keldeo-Resolute|100\/100\n|turn|3\n|\n|t:|1613065997\n|switch|p2a: UrDaddy|Slowbro, F|100\/100\n|-damage|p2a: UrDaddy|88\/100|[from] Stealth Rock\n|move|p1a: Keldeo|Substitute|p1a: Keldeo\n|-start|p1a: Keldeo|Substitute\n|-damage|p1a: Keldeo|76\/100\n|\n|-weather|Sandstorm|[upkeep]\n|-damage|p1a: Keldeo|70\/100|[from] Sandstorm\n|-damage|p2a: UrDaddy|82\/100|[from] Sandstorm\n|-heal|p1a: Keldeo|76\/100|[from] item: Leftovers\n|upkeep\n|turn|4\n|\n|t:|1613066005\n|move|p1a: Keldeo|Scald|p2a: UrDaddy\n|-resisted|p2a: UrDaddy\n|-damage|p2a: UrDaddy|60\/100\n|move|p2a: UrDaddy|Future Sight|p1a: Keldeo\n|-start|p2a: UrDaddy|move: Future Sight\n|\n|-weather|Sandstorm|[upkeep]\n|-damage|p1a: Keldeo|70\/100|[from] Sandstorm\n|-damage|p2a: UrDaddy|54\/100|[from] Sandstorm\n|-heal|p1a: Keldeo|76\/100|[from] item: Leftovers\n|upkeep\n|turn|5\n|\n|t:|1613066012\n|move|p1a: Keldeo|Scald|p2a: UrDaddy\n|-resisted|p2a: UrDaddy\n|-damage|p2a: UrDaddy|32\/100\n|move|p2a: UrDaddy|Slack Off|p2a: UrDaddy\n|-heal|p2a: UrDaddy|82\/100\n|\n|-weather|none\n|-heal|p1a: Keldeo|82\/100|[from] item: Leftovers\n|upkeep\n|turn|6\n|\n|t:|1613066022\n|move|p1a: Keldeo|Scald|p2a: UrDaddy\n|-resisted|p2a: UrDaddy\n|-damage|p2a: UrDaddy|59\/100\n|-status|p2a: UrDaddy|brn\n|move|p2a: UrDaddy|Teleport|p2a: UrDaddy\n|\n|t:|1613066027\n|switch|p2a: Regina George|Regieleki, shiny|100\/100|[from]move: Teleport\n|-damage|p2a: Regina George|88\/100|[from] Stealth Rock\n|\n|-end|p1a: Keldeo|move: Future Sight\n|-supereffective|p1a: Keldeo\n|-crit|p1a: Keldeo\n|-end|p1a: Keldeo|Substitute\n|-heal|p1a: Keldeo|88\/100|[from] item: Leftovers\n|upkeep\n|turn|7\n|\n|t:|1613066032\n|switch|p1a: Landorus|Landorus-Therian, M|100\/100\n|-ability|p1a: Landorus|Intimidate|boost\n|-unboost|p2a: Regina George|atk|1\n|move|p2a: Regina George|Ancient Power|p1a: Landorus\n|-damage|p1a: Landorus|61\/100\n|\n|upkeep\n|turn|8\n|\n|t:|1613066047\n|switch|p2a: Cancerous-Therian|Landorus-Therian, M|100\/100\n|-damage|p2a: Cancerous-Therian|88\/100|[from] Stealth Rock\n|-ability|p2a: Cancerous-Therian|Intimidate|boost\n|-unboost|p1a: Landorus|atk|1\n|switch|p1a: Keldeo|Keldeo-Resolute|88\/100\n|\n|-heal|p1a: Keldeo|94\/100|[from] item: Leftovers\n|upkeep\n|turn|9\n|\n|t:|1613066053\n|move|p1a: Keldeo|Scald|p2a: Cancerous-Therian\n|-supereffective|p2a: Cancerous-Therian\n|-damage|p2a: Cancerous-Therian|1\/100\n|move|p2a: Cancerous-Therian|Defog|p1a: Keldeo\n|-unboost|p1a: Keldeo|evasion|1\n|-sideend|p2: SpectrierIsGone|Stealth Rock|[from] move: Defog|[of] p2a: Cancerous-Therian\n|\n|-heal|p1a: Keldeo|100\/100|[from] item: Leftovers\n|upkeep\n|turn|10\n|\n|t:|1613066058\n|move|p1a: Keldeo|Scald|p2a: Cancerous-Therian\n|-supereffective|p2a: Cancerous-Therian\n|-damage|p2a: Cancerous-Therian|0 fnt\n|faint|p2a: Cancerous-Therian\n|\n|upkeep\n|\n|t:|1613066061\n|switch|p2a: Regina George|Regieleki, shiny|88\/100\n|turn|11\n|\n|t:|1613066071\n|move|p2a: Regina George|Volt Switch|p1a: Keldeo\n|-supereffective|p1a: Keldeo\n|-damage|p1a: Keldeo|0 fnt\n|faint|p1a: Keldeo\n|\n|t:|1613066078\n|switch|p2a: Veronika|Victini|88\/100|[from]move: Volt Switch\n|\n|upkeep\n|\n|t:|1613066083\n|switch|p1a: Landorus|Landorus-Therian, M|61\/100\n|-ability|p1a: Landorus|Intimidate|boost\n|-unboost|p2a: Veronika|atk|1\n|turn|12\n|\n|t:|1613066087\n|switch|p2a: UrDaddy|Slowbro, F|92\/100 brn\n|move|p1a: Landorus|Earthquake|p2a: UrDaddy\n|-damage|p2a: UrDaddy|59\/100 brn\n|\n|-damage|p2a: UrDaddy|53\/100 brn|[from] brn\n|upkeep\n|turn|13\n|\n|t:|1613066092\n|switch|p1a: Slowking|Slowking-Galar, M|100\/100\n|move|p2a: UrDaddy|Teleport|p2a: UrDaddy\n|\n|t:|1613066096\n|switch|p2a: Scizor|Scizor, F|100\/100|[from]move: Teleport\n|\n|upkeep\n|turn|14\n|\n|t:|1613066102\n|move|p2a: Scizor|U-turn|p1a: Slowking\n|-damage|p1a: Slowking|40\/100\n|-damage|p2a: Scizor|91\/100|[from] item: Life Orb\n|\n|t:|1613066105\n|switch|p2a: UrDaddy|Slowbro, F|86\/100 brn|[from]move: U-turn\n|move|p1a: Slowking|Flamethrower|p2a: UrDaddy\n|-resisted|p2a: UrDaddy\n|-damage|p2a: UrDaddy|72\/100 brn\n|\n|-damage|p2a: UrDaddy|66\/100 brn|[from] brn\n|upkeep\n|turn|15\n|\n|t:|1613066108\n|move|p1a: Slowking|Future Sight|p2a: UrDaddy\n|-start|p1a: Slowking|move: Future Sight\n|move|p2a: UrDaddy|Teleport|p2a: UrDaddy\n|\n|t:|1613066112\n|switch|p2a: Scizor|Scizor, F|91\/100|[from]move: Teleport\n|\n|upkeep\n|turn|16\n|\n|t:|1613066117\n|switch|p1a: Corviknight|Corviknight, F|100\/100\n|-ability|p1a: Corviknight|Pressure\n|move|p2a: Scizor|Swords Dance|p2a: Scizor\n|-boost|p2a: Scizor|atk|2\n|\n|upkeep\n|turn|17\n|\n|t:|1613066126\n|move|p2a: Scizor|Swords Dance|p2a: Scizor\n|-boost|p2a: Scizor|atk|2\n|move|p1a: Corviknight|Brave Bird|p2a: Scizor\n|-damage|p2a: Scizor|47\/100\n|-damage|p1a: Corviknight|90\/100|[from] Recoil\n|\n|-end|p2a: Scizor|move: Future Sight\n|-resisted|p2a: Scizor\n|-damage|p2a: Scizor|8\/100\n|-heal|p1a: Corviknight|96\/100|[from] item: Leftovers\n|upkeep\n|turn|18\n|\n|t:|1613066136\n|switch|p1a: Slowking|Slowking-Galar, M|73\/100\n|move|p2a: Scizor|Superpower|p1a: Slowking\n|-resisted|p1a: Slowking\n|-damage|p1a: Slowking|25\/100\n|-unboost|p2a: Scizor|atk|1\n|-unboost|p2a: Scizor|def|1\n|-damage|p2a: Scizor|0 fnt|[from] item: Life Orb\n|faint|p2a: Scizor\n|\n|upkeep\n|\n|t:|1613066149\n|switch|p2a: Veronika|Victini|88\/100\n|turn|19\n|\n|t:|1613066156\n|move|p2a: Veronika|Blue Flare|p1a: Slowking\n|-damage|p1a: Slowking|0 fnt\n|faint|p1a: Slowking\n|\n|upkeep\n|\n|t:|1613066162\n|switch|p1a: Landorus|Landorus-Therian, M|61\/100\n|-ability|p1a: Landorus|Intimidate|boost\n|-unboost|p2a: Veronika|atk|1\n|turn|20\n|\n|t:|1613066167\n|switch|p2a: UrDaddy|Slowbro, F|99\/100 brn\n|move|p1a: Landorus|U-turn|p2a: UrDaddy\n|-supereffective|p2a: UrDaddy\n|-damage|p2a: UrDaddy|67\/100 brn\n|-damage|p1a: Landorus|45\/100|[from] item: Rocky Helmet|[of] p2a: UrDaddy\n|\n|t:|1613066171\n|switch|p1a: Cinderace|Cinderace, M|100\/100|[from]move: U-turn\n|\n|-damage|p2a: UrDaddy|61\/100 brn|[from] brn\n|upkeep\n|turn|21\n|\n|t:|1613066179\n|move|p1a: Cinderace|Gunk Shot|p2a: UrDaddy|[miss]\n|-start|p1a: Cinderace|typechange|Poison|[from] ability: Libero\n|-miss|p1a: Cinderace|p2a: UrDaddy\n|move|p2a: UrDaddy|Slack Off|p2a: UrDaddy\n|-heal|p2a: UrDaddy|100\/100 brn\n|\n|-damage|p2a: UrDaddy|94\/100 brn|[from] brn\n|upkeep\n|turn|22\n|-message|Burnt Bright forfeited.\n|\n|win|SpectrierIsGone\n|l|\u2606Burnt Bright\n","uploadtime":1613066188,"views":10,"p1id":"burntbright","p2id":"spectrierisgone","formatid":"gen8ou","rating":0,"private":0,"password":null}