{"id":"gen8ou-1607829703","p1":"broked on bricks","p2":"Me Nub Spare Me","format":"gen8ou","log":"|j|\u2606broked on bricks\n|j|\u2606Me Nub Spare Me\n|t:|1656641538\n|gametype|singles\n|player|p1|broked on bricks|akari|1309\n|player|p2|Me Nub Spare Me|red|1277\n|teamsize|p1|6\n|teamsize|p2|6\n|gen|8\n|tier|[Gen 8] OU\n|rated|\n|rule|Sleep Clause Mod: Limit one foe put to sleep\n|rule|Species Clause: Limit one of each Pok\u00e9mon\n|rule|OHKO Clause: OHKO moves are banned\n|rule|Evasion Moves Clause: Evasion moves are banned\n|rule|Endless Battle Clause: Forcing endless battles is banned\n|rule|HP Percentage Mod: HP is shown in percentages\n|rule|Dynamax Clause: You cannot dynamax\n|clearpoke\n|poke|p1|Pelipper, F|\n|poke|p1|Heliolisk, F|\n|poke|p1|Barraskewda, M|\n|poke|p1|Ferrothorn, M|\n|poke|p1|Tornadus-Therian, M|\n|poke|p1|Seismitoad, M|\n|poke|p2|Tangrowth, M|\n|poke|p2|Blissey, F|\n|poke|p2|Toxapex, F|\n|poke|p2|Landorus-Therian, M|\n|poke|p2|Bisharp, M|\n|poke|p2|Urshifu-*, F|\n|teampreview\n|inactive|Battle timer is ON: inactive players will automatically lose when time's up. (requested by Me Nub Spare Me)\n|inactive|broked on bricks also wants the timer to be on.\n|\n|t:|1656641551\n|start\n|switch|p1a: YNW Pelly|Pelipper, F, shiny|100\/100\n|switch|p2a: Metal Menace|Bisharp, M|100\/100\n|-weather|RainDance|[from] ability: Drizzle|[of] p1a: YNW Pelly\n|turn|1\n|c|\u2606Me Nub Spare Me|rain team?\n|c|\u2606broked on bricks|how could you tell\n|c|\u2606Me Nub Spare Me|from pelipper\n|\n|t:|1656641564\n|switch|p1a: Atheist Grandpa|Ferrothorn, M|100\/100\n|move|p2a: Metal Menace|Swords Dance|p2a: Metal Menace\n|-boost|p2a: Metal Menace|atk|2\n|\n|-weather|RainDance|[upkeep]\n|upkeep\n|turn|2\n|c|\u2606Me Nub Spare Me|and barreskewda\n|c|\u2606broked on bricks|haha\n|c|\u2606broked on bricks|hf\n|\n|t:|1656641570\n|move|p2a: Metal Menace|Swords Dance|p2a: Metal Menace\n|-boost|p2a: Metal Menace|atk|2\n|move|p1a: Atheist Grandpa|Body Press|p2a: Metal Menace\n|-supereffective|p2a: Metal Menace\n|-damage|p2a: Metal Menace|0 fnt\n|faint|p2a: Metal Menace\n|\n|-weather|RainDance|[upkeep]\n|upkeep\n|c|\u2606Me Nub Spare Me|why did I do that\n|\n|t:|1656641579\n|switch|p2a: The Land God|Landorus-Therian, M|100\/100\n|-ability|p2a: The Land God|Intimidate|boost\n|-unboost|p1a: Atheist Grandpa|atk|1\n|turn|3\n|\n|t:|1656641589\n|switch|p1a: The Word|Tornadus-Therian, M|100\/100\n|move|p2a: The Land God|Substitute|p2a: The Land God\n|-start|p2a: The Land God|Substitute\n|-damage|p2a: The Land God|76\/100\n|\n|-weather|RainDance|[upkeep]\n|-heal|p2a: The Land God|82\/100|[from] item: Leftovers\n|upkeep\n|turn|4\n|c|\u2606Me Nub Spare Me|?\n|\n|t:|1656641595\n|move|p1a: The Word|Hurricane|p2a: The Land God\n|-end|p2a: The Land God|Substitute\n|move|p2a: The Land God|Swords Dance|p2a: The Land God\n|-boost|p2a: The Land God|atk|2\n|\n|-weather|RainDance|[upkeep]\n|-heal|p2a: The Land God|88\/100|[from] item: Leftovers\n|upkeep\n|turn|5\n|\n|t:|1656641601\n|move|p1a: The Word|Weather Ball|p2a: The Land God\n|-supereffective|p2a: The Land God\n|-damage|p2a: The Land God|0 fnt\n|faint|p2a: The Land God\n|\n|-weather|RainDance|[upkeep]\n|upkeep\n|c|\u2606Me Nub Spare Me|aw rip\n|\n|t:|1656641607\n|switch|p2a: Will|Blissey, F|100\/100\n|turn|6\n|c|\u2606broked on bricks|yeah\n|\n|t:|1656641611\n|move|p1a: The Word|Taunt|p2a: Will\n|-start|p2a: Will|move: Taunt\n|move|p2a: Will|Seismic Toss|p1a: The Word\n|-damage|p1a: The Word|67\/100\n|\n|-weather|RainDance|[upkeep]\n|upkeep\n|turn|7\n|\n|t:|1656641613\n|move|p1a: The Word|Nasty Plot|p1a: The Word\n|-boost|p1a: The Word|spa|2\n|move|p2a: Will|Seismic Toss|p1a: The Word\n|-damage|p1a: The Word|34\/100\n|\n|-weather|RainDance|[upkeep]\n|upkeep\n|turn|8\n|c|\u2606Me Nub Spare Me|was gonna attack anyway.\n|\n|t:|1656641619\n|move|p1a: The Word|Nasty Plot|p1a: The Word\n|-boost|p1a: The Word|spa|2\n|move|p2a: Will|Seismic Toss|p1a: The Word\n|-damage|p1a: The Word|1\/100\n|\n|-weather|none\n|-end|p2a: Will|move: Taunt\n|upkeep\n|turn|9\n|\n|t:|1656641624\n|move|p1a: The Word|Hurricane|p2a: Will\n|-damage|p2a: Will|44\/100\n|move|p2a: Will|Seismic Toss|p1a: The Word\n|-damage|p1a: The Word|0 fnt\n|faint|p1a: The Word\n|\n|upkeep\n|\n|t:|1656641629\n|switch|p1a: FlipTurnInJobAppl|Barraskewda, M|100\/100\n|turn|10\n|\n|t:|1656641640\n|switch|p2a: Stall|Tangrowth, M|100\/100\n|move|p1a: FlipTurnInJobAppl|Flip Turn|p2a: Stall\n|-resisted|p2a: Stall\n|-damage|p2a: Stall|88\/100\n|-damage|p1a: FlipTurnInJobAppl|84\/100|[from] item: Rocky Helmet|[of] p2a: Stall\n|\n|t:|1656641644\n|switch|p1a: YNW Pelly|Pelipper, F, shiny|100\/100|[from]move: Flip Turn\n|-weather|RainDance|[from] ability: Drizzle|[of] p1a: YNW Pelly\n|\n|-weather|RainDance|[upkeep]\n|upkeep\n|turn|11\n|\n|t:|1656641651\n|move|p2a: Stall|Leech Seed|p1a: YNW Pelly\n|-start|p1a: YNW Pelly|move: Leech Seed\n|move|p1a: YNW Pelly|U-turn|p2a: Stall\n|-supereffective|p2a: Stall\n|-damage|p2a: Stall|77\/100\n|-damage|p1a: YNW Pelly|84\/100|[from] item: Rocky Helmet|[of] p2a: Stall\n|\n|t:|1656641662\n|switch|p1a: Foreskin Lizard|Heliolisk, F|100\/100|[from]move: U-turn\n|\n|-weather|RainDance|[upkeep]\n|upkeep\n|turn|12\n|\n|t:|1656641667\n|move|p1a: Foreskin Lizard|Volt Switch|p2a: Stall\n|-resisted|p2a: Stall\n|-damage|p2a: Stall|49\/100\n|-damage|p1a: Foreskin Lizard|91\/100|[from] item: Life Orb\n|\n|t:|1656641670\n|switch|p1a: Atheist Grandpa|Ferrothorn, M|100\/100|[from]move: Volt Switch\n|move|p2a: Stall|Sleep Powder|p1a: Atheist Grandpa\n|-immune|p1a: Atheist Grandpa\n|\n|-weather|RainDance|[upkeep]\n|upkeep\n|turn|13\n|c|\u2606Me Nub Spare Me|volt turn?\n|\n|t:|1656641680\n|switch|p2a: Will|Blissey, F|44\/100\n|move|p1a: Atheist Grandpa|Stealth Rock|p2a: Will\n|-sidestart|p2: Me Nub Spare Me|move: Stealth Rock\n|\n|-weather|RainDance|[upkeep]\n|upkeep\n|turn|14\n|\n|t:|1656641685\n|move|p2a: Will|Soft-Boiled|p2a: Will\n|-heal|p2a: Will|94\/100\n|move|p1a: Atheist Grandpa|Body Press|p2a: Will\n|-supereffective|p2a: Will\n|-damage|p2a: Will|41\/100\n|\n|-weather|RainDance|[upkeep]\n|upkeep\n|turn|15\n|c|\u2606broked on bricks|sorta\n|\n|t:|1656641691\n|switch|p2a: Kill|Toxapex, F|100\/100\n|-damage|p2a: Kill|88\/100|[from] Stealth Rock\n|move|p1a: Atheist Grandpa|Body Press|p2a: Kill\n|-resisted|p2a: Kill\n|-damage|p2a: Kill|79\/100\n|\n|-weather|RainDance|[upkeep]\n|-heal|p2a: Kill|85\/100|[from] item: Leftovers\n|upkeep\n|turn|16\n|\n|t:|1656641697\n|move|p2a: Kill|Knock Off|p1a: Atheist Grandpa\n|-damage|p1a: Atheist Grandpa|92\/100\n|-damage|p2a: Kill|73\/100|[from] ability: Iron Barbs|[of] p1a: Atheist Grandpa\n|-damage|p2a: Kill|56\/100|[from] item: Rocky Helmet|[of] p1a: Atheist Grandpa\n|-enditem|p1a: Atheist Grandpa|Rocky Helmet|[from] move: Knock Off|[of] p2a: Kill\n|move|p1a: Atheist Grandpa|Leech Seed|p2a: Kill\n|-start|p2a: Kill|move: Leech Seed\n|\n|-weather|RainDance|[upkeep]\n|-heal|p2a: Kill|63\/100|[from] item: Leftovers\n|-damage|p2a: Kill|50\/100|[from] Leech Seed|[of] p1a: Atheist Grandpa\n|-heal|p1a: Atheist Grandpa|100\/100|[silent]\n|upkeep\n|turn|17\n|\n|t:|1656641703\n|switch|p2a: Tanky Bear (?)|Urshifu-Rapid-Strike, F|100\/100\n|-damage|p2a: Tanky Bear (?)|94\/100|[from] Stealth Rock\n|move|p1a: Atheist Grandpa|Gyro Ball|p2a: Tanky Bear (?)\n|-resisted|p2a: Tanky Bear (?)\n|-damage|p2a: Tanky Bear (?)|69\/100\n|\n|-weather|none\n|upkeep\n|turn|18\n|\n|t:|1656641709\n|switch|p1a: YNW Pelly|Pelipper, F, shiny|84\/100\n|-weather|RainDance|[from] ability: Drizzle|[of] p1a: YNW Pelly\n|move|p2a: Tanky Bear (?)|U-turn|p1a: YNW Pelly\n|-resisted|p1a: YNW Pelly\n|-damage|p1a: YNW Pelly|72\/100\n|c|\u2606Me Nub Spare Me|yipee\n|\n|t:|1656641714\n|switch|p2a: Stall|Tangrowth, M|82\/100|[from]move: U-turn\n|-damage|p2a: Stall|70\/100|[from] Stealth Rock\n|\n|-weather|RainDance|[upkeep]\n|upkeep\n|turn|19\n|c|\u2606broked on bricks|nice uturn\n|\n|t:|1656641723\n|move|p2a: Stall|Knock Off|p1a: YNW Pelly\n|-damage|p1a: YNW Pelly|48\/100\n|-enditem|p1a: YNW Pelly|Damp Rock|[from] move: Knock Off|[of] p2a: Stall\n|move|p1a: YNW Pelly|U-turn|p2a: Stall\n|-supereffective|p2a: Stall\n|-damage|p2a: Stall|61\/100\n|-damage|p1a: YNW Pelly|31\/100|[from] item: Rocky Helmet|[of] p2a: Stall\n|\n|t:|1656641726\n|switch|p1a: Foreskin Lizard|Heliolisk, F|91\/100|[from]move: U-turn\n|\n|-weather|RainDance|[upkeep]\n|-heal|p1a: Foreskin Lizard|100\/100|[from] ability: Dry Skin\n|upkeep\n|turn|20\n|c|\u2606Me Nub Spare Me|volt switch\n|c|\u2606Me Nub Spare Me|lol\n|\n|t:|1656641735\n|switch|p2a: Will|Blissey, F|41\/100\n|move|p1a: Foreskin Lizard|Thunder|p2a: Will\n|-damage|p2a: Will|19\/100\n|-damage|p1a: Foreskin Lizard|91\/100|[from] item: Life Orb\n|\n|-weather|RainDance|[upkeep]\n|-heal|p1a: Foreskin Lizard|100\/100|[from] ability: Dry Skin\n|upkeep\n|turn|21\n|\n|t:|1656641739\n|move|p1a: Foreskin Lizard|Thunder|p2a: Will\n|-damage|p2a: Will|0 fnt\n|faint|p2a: Will\n|-damage|p1a: Foreskin Lizard|91\/100|[from] item: Life Orb\n|\n|-weather|RainDance|[upkeep]\n|-heal|p1a: Foreskin Lizard|100\/100|[from] ability: Dry Skin\n|upkeep\n|c|\u2606broked on bricks|not quite\n|c|\u2606Me Nub Spare Me|nice predict\n|\n|t:|1656641746\n|switch|p2a: Tanky Bear (?)|Urshifu-Rapid-Strike, F|69\/100\n|-damage|p2a: Tanky Bear (?)|63\/100|[from] Stealth Rock\n|turn|22\n|\n|t:|1656641754\n|switch|p1a: Atheist Grandpa|Ferrothorn, M|100\/100\n|move|p2a: Tanky Bear (?)|Close Combat|p1a: Atheist Grandpa\n|-supereffective|p1a: Atheist Grandpa\n|-damage|p1a: Atheist Grandpa|32\/100\n|-unboost|p2a: Tanky Bear (?)|def|1\n|-unboost|p2a: Tanky Bear (?)|spd|1\n|-damage|p2a: Tanky Bear (?)|50\/100|[from] ability: Iron Barbs|[of] p1a: Atheist Grandpa\n|\n|-weather|RainDance|[upkeep]\n|upkeep\n|turn|23\n|\n|t:|1656641760\n|move|p2a: Tanky Bear (?)|Close Combat|p1a: Atheist Grandpa\n|-supereffective|p1a: Atheist Grandpa\n|-damage|p1a: Atheist Grandpa|0 fnt\n|-unboost|p2a: Tanky Bear (?)|def|1\n|-unboost|p2a: Tanky Bear (?)|spd|1\n|-damage|p2a: Tanky Bear (?)|38\/100|[from] ability: Iron Barbs|[of] p1a: Atheist Grandpa\n|faint|p1a: Atheist Grandpa\n|\n|-weather|RainDance|[upkeep]\n|upkeep\n|c|\u2606Me Nub Spare Me|funny thing\n|\n|t:|1656641765\n|switch|p1a: FlipTurnInJobAppl|Barraskewda, M|84\/100\n|turn|24\n|c|\u2606Me Nub Spare Me|when rain goes down u insta die\n|\n|t:|1656641768\n|switch|p2a: Stall|Tangrowth, M|94\/100\n|-damage|p2a: Stall|81\/100|[from] Stealth Rock\n|move|p1a: FlipTurnInJobAppl|Flip Turn|p2a: Stall\n|-resisted|p2a: Stall\n|-damage|p2a: Stall|62\/100\n|-damage|p1a: FlipTurnInJobAppl|68\/100|[from] item: Rocky Helmet|[of] p2a: Stall\n|\n|t:|1656641773\n|switch|p1a: Foreskin Lizard|Heliolisk, F|100\/100|[from]move: Flip Turn\n|\n|-weather|RainDance|[upkeep]\n|upkeep\n|turn|25\n|c|\u2606broked on bricks|yeah\n|\n|t:|1656641781\n|move|p1a: Foreskin Lizard|Thunder|p2a: Stall\n|-resisted|p2a: Stall\n|-damage|p2a: Stall|13\/100\n|-damage|p1a: Foreskin Lizard|91\/100|[from] item: Life Orb\n|move|p2a: Stall|Leech Seed|p1a: Foreskin Lizard\n|-start|p1a: Foreskin Lizard|move: Leech Seed\n|\n|-weather|none\n|-damage|p1a: Foreskin Lizard|78\/100|[from] Leech Seed|[of] p2a: Stall\n|-heal|p2a: Stall|21\/100|[silent]\n|upkeep\n|turn|26\n|c|\u2606broked on bricks|that's how rain works\n|\n|t:|1656641790\n|switch|p2a: Kill|Toxapex, F|83\/100\n|-damage|p2a: Kill|71\/100|[from] Stealth Rock\n|move|p1a: Foreskin Lizard|Volt Switch|p2a: Kill\n|-supereffective|p2a: Kill\n|-damage|p2a: Kill|3\/100\n|-damage|p1a: Foreskin Lizard|68\/100|[from] item: Life Orb\n|\n|t:|1656641792\n|switch|p1a: YNW Pelly|Pelipper, F, shiny|31\/100|[from]move: Volt Switch\n|-weather|RainDance|[from] ability: Drizzle|[of] p1a: YNW Pelly\n|\n|-weather|RainDance|[upkeep]\n|-heal|p2a: Kill|10\/100|[from] item: Leftovers\n|upkeep\n|turn|27\n|\n|t:|1656641797\n|move|p1a: YNW Pelly|U-turn|p2a: Kill\n|-resisted|p2a: Kill\n|-damage|p2a: Kill|7\/100\n|c|\u2606Me Nub Spare Me|:P\n|\n|t:|1656641804\n|switch|p1a: Foreskin Lizard|Heliolisk, F|68\/100|[from]move: U-turn\n|move|p2a: Kill|Knock Off|p1a: Foreskin Lizard\n|-damage|p1a: Foreskin Lizard|33\/100\n|-enditem|p1a: Foreskin Lizard|Life Orb|[from] move: Knock Off|[of] p2a: Kill\n|\n|-weather|RainDance|[upkeep]\n|-heal|p1a: Foreskin Lizard|46\/100|[from] ability: Dry Skin\n|-heal|p2a: Kill|13\/100|[from] item: Leftovers\n|upkeep\n|turn|28\n|c|\u2606Me Nub Spare Me|op defense u see\n|\n|t:|1656641809\n|move|p1a: Foreskin Lizard|Thunder|p2a: Kill\n|-supereffective|p2a: Kill\n|-damage|p2a: Kill|0 fnt\n|faint|p2a: Kill\n|\n|-weather|RainDance|[upkeep]\n|-heal|p1a: Foreskin Lizard|58\/100|[from] ability: Dry Skin\n|upkeep\n|\n|t:|1656641813\n|switch|p2a: Tanky Bear (?)|Urshifu-Rapid-Strike, F|38\/100\n|-damage|p2a: Tanky Bear (?)|32\/100|[from] Stealth Rock\n|turn|29\n|\n|t:|1656641816\n|move|p2a: Tanky Bear (?)|Close Combat|p1a: Foreskin Lizard\n|-supereffective|p1a: Foreskin Lizard\n|-damage|p1a: Foreskin Lizard|0 fnt\n|-unboost|p2a: Tanky Bear (?)|def|1\n|-unboost|p2a: Tanky Bear (?)|spd|1\n|faint|p1a: Foreskin Lizard\n|\n|-weather|RainDance|[upkeep]\n|upkeep\n|\n|t:|1656641818\n|switch|p1a: FlipTurnInJobAppl|Barraskewda, M|68\/100\n|turn|30\n|\n|t:|1656641825\n|switch|p2a: Stall|Tangrowth, M|54\/100\n|-damage|p2a: Stall|42\/100|[from] Stealth Rock\n|move|p1a: FlipTurnInJobAppl|Flip Turn|p2a: Stall\n|-resisted|p2a: Stall\n|-damage|p2a: Stall|24\/100\n|-damage|p1a: FlipTurnInJobAppl|51\/100|[from] item: Rocky Helmet|[of] p2a: Stall\n|\n|t:|1656641827\n|switch|p1a: Gas Station Pills|Seismitoad, M|100\/100|[from]move: Flip Turn\n|\n|-weather|none\n|upkeep\n|turn|31\n|\n|t:|1656641845\n|move|p1a: Gas Station Pills|Earth Power|p2a: Stall\n|-resisted|p2a: Stall\n|-damage|p2a: Stall|0 fnt\n|faint|p2a: Stall\n|\n|upkeep\n|\n|t:|1656641847\n|switch|p2a: Tanky Bear (?)|Urshifu-Rapid-Strike, F|32\/100\n|-damage|p2a: Tanky Bear (?)|26\/100|[from] Stealth Rock\n|turn|32\n|c|\u2606Me Nub Spare Me|gg i dont win lol\n|\n|t:|1656641852\n|move|p2a: Tanky Bear (?)|Close Combat|p1a: Gas Station Pills\n|-damage|p1a: Gas Station Pills|17\/100\n|-unboost|p2a: Tanky Bear (?)|def|1\n|-unboost|p2a: Tanky Bear (?)|spd|1\n|move|p1a: Gas Station Pills|Earth Power|p2a: Tanky Bear (?)\n|-damage|p2a: Tanky Bear (?)|0 fnt\n|faint|p2a: Tanky Bear (?)\n|\n|win|broked on bricks\n|raw|broked on bricks's rating: 1309 &rarr; <strong>1327<\/strong><br \/>(+18 for winning)\n|raw|Me Nub Spare Me's rating: 1277 &rarr; <strong>1254<\/strong><br \/>(-23 for losing)\n|c|\u2606broked on bricks|ggs\n|c|\u2606broked on bricks|are you spike stack?\n|c|\u2606Me Nub Spare Me|no\n|c|\u2606broked on bricks|like t-spike on pex?\n|c|\u2606Me Nub Spare Me|nono\n|c|\u2606Me Nub Spare Me|im regenerator annoyance\n|c|\u2606broked on bricks|yeah\n|c|\u2606broked on bricks|is this ur main acc?\n||Ladder isn't responding, score probably updated but might not have (Request timeout).\n","uploadtime":1656641867,"views":6,"p1id":"brokedonbricks","p2id":"menubspareme","formatid":"gen8ou","rating":1254,"private":0,"password":null}