{"id":"gen8ubers-1398663889","p1":"xskelly34","p2":"ti84silveredition","format":"gen8ubers","log":"|j|\u2606xskelly34\n|j|\u2606ti84silveredition\n|inactive|Battle timer is ON: inactive players will automatically lose when time's up.\n|t:|1629250290\n|gametype|singles\n|player|p1|xskelly34|cyclist|\n|player|p2|ti84silveredition|169|\n|teamsize|p1|6\n|teamsize|p2|6\n|gen|8\n|tier|[Gen 8] Ubers\n|rated|Tournament battle\n|rule|Sleep Clause Mod: Limit one foe put to sleep\n|rule|Species Clause: Limit one of each Pok\u00e9mon\n|rule|OHKO Clause: OHKO moves are banned\n|rule|Evasion Moves Clause: Evasion moves are banned\n|rule|Endless Battle Clause: Forcing endless battles is banned\n|rule|HP Percentage Mod: HP is shown in percentages\n|rule|Dynamax Clause: You cannot dynamax\n|clearpoke\n|poke|p1|Zekrom|\n|poke|p1|Groudon|\n|poke|p1|Yveltal|\n|poke|p1|Blissey, F|\n|poke|p1|Skarmory, M|\n|poke|p1|Marshadow|\n|poke|p2|Xerneas-*|\n|poke|p2|Eternatus|\n|poke|p2|Genesect|\n|poke|p2|Yveltal|\n|poke|p2|Necrozma-Dusk-Mane|\n|poke|p2|Ho-Oh|\n|teampreview\n|j|*Lady Monita\n|inactive|ti84silveredition also wants the timer to be on.\n|j|+Zecilwenshe\n|j| TRTitor\n|j| Icey Warzone\n|\n|t:|1629250315\n|start\n|switch|p1a: Yveltal|Yveltal|100\/100\n|switch|p2a: Genesect|Genesect|100\/100\n|-ability|p2a: Genesect|Download|boost\n|-boost|p2a: Genesect|atk|1\n|-ability|p1a: Yveltal|Dark Aura\n|turn|1\n|\n|t:|1629250324\n|switch|p1a: Skarmory|Skarmory, M|100\/100\n|move|p2a: Genesect|U-turn|p1a: Skarmory\n|-resisted|p1a: Skarmory\n|-damage|p1a: Skarmory|94\/100\n|-damage|p2a: Genesect|84\/100|[from] item: Rocky Helmet|[of] p1a: Skarmory\n|\n|t:|1629250337\n|switch|p2a: Eternatus|Eternatus|100\/100|[from]move: U-turn\n|-ability|p2a: Eternatus|Pressure\n|\n|upkeep\n|turn|2\n|\n|t:|1629250343\n|switch|p1a: Blissey|Blissey, F|100\/100\n|move|p2a: Eternatus|Mystical Fire|p1a: Blissey\n|-damage|p1a: Blissey|93\/100\n|-unboost|p1a: Blissey|spa|1\n|\n|upkeep\n|turn|3\n|\n|t:|1629250350\n|move|p2a: Eternatus|Toxic|p1a: Blissey\n|-status|p1a: Blissey|tox\n|move|p1a: Blissey|Thunder Wave|p2a: Eternatus\n|-status|p2a: Eternatus|par\n|\n|-damage|p1a: Blissey|87\/100 tox|[from] psn\n|upkeep\n|turn|4\n|\n|t:|1629250355\n|move|p2a: Eternatus|Toxic|p1a: Blissey\n|-fail|p1a: Blissey|tox\n|move|p1a: Blissey|Teleport|p1a: Blissey\n|j| The Krok\n|\n|t:|1629250362\n|switch|p1a: Marshadow|Marshadow|100\/100|[from]move: Teleport\n|\n|upkeep\n|turn|5\n|c| The Krok|Go Skelly\n|\n|t:|1629250373\n|switch|p2a: Yveltal|Yveltal|100\/100\n|-ability|p2a: Yveltal|Dark Aura\n|move|p1a: Marshadow|Poltergeist|p2a: Yveltal\n|-activate|p2a: Yveltal|move: Poltergeist|Heavy-Duty Boots\n|-resisted|p2a: Yveltal\n|-damage|p2a: Yveltal|75\/100\n|\n|upkeep\n|turn|6\n|\n|t:|1629250390\n|switch|p1a: Yveltal|Yveltal|100\/100\n|-ability|p1a: Yveltal|Dark Aura\n|move|p2a: Yveltal|Roost|p2a: Yveltal\n|-heal|p2a: Yveltal|100\/100\n|-singleturn|p2a: Yveltal|move: Roost\n|\n|upkeep\n|turn|7\n|\n|t:|1629250397\n|move|p1a: Yveltal|Knock Off|p2a: Yveltal\n|-resisted|p2a: Yveltal\n|-damage|p2a: Yveltal|86\/100\n|-enditem|p2a: Yveltal|Heavy-Duty Boots|[from] move: Knock Off|[of] p1a: Yveltal\n|move|p2a: Yveltal|U-turn|p1a: Yveltal\n|-damage|p1a: Yveltal|83\/100\n|\n|t:|1629250400\n|switch|p2a: Xerneas|Xerneas|100\/100|[from]move: U-turn\n|-ability|p2a: Xerneas|Fairy Aura\n|\n|upkeep\n|turn|8\n|\n|t:|1629250407\n|move|p1a: Yveltal|Taunt|p2a: Xerneas\n|-start|p2a: Xerneas|move: Taunt\n|cant|p2a: Xerneas|move: Taunt|Thunder Wave\n|\n|upkeep\n|turn|9\n|\n|t:|1629250423\n|move|p1a: Yveltal|U-turn|p2a: Xerneas\n|-resisted|p2a: Xerneas\n|-damage|p2a: Xerneas|93\/100\n|\n|t:|1629250428\n|switch|p1a: Blissey|Blissey, F|87\/100|[from]move: U-turn\n|move|p2a: Xerneas|Moonblast|p1a: Blissey\n|-damage|p1a: Blissey|71\/100\n|\n|-heal|p2a: Xerneas|99\/100|[from] item: Leftovers\n|upkeep\n|turn|10\n|\n|t:|1629250434\n|switch|p2a: Eternatus|Eternatus|100\/100 par\n|-ability|p2a: Eternatus|Pressure\n|move|p1a: Blissey|Soft-Boiled|p1a: Blissey\n|-heal|p1a: Blissey|100\/100\n|\n|upkeep\n|turn|11\n|\n|t:|1629250442\n|move|p2a: Eternatus|Toxic|p1a: Blissey\n|-status|p1a: Blissey|tox\n|move|p1a: Blissey|Teleport|p1a: Blissey\n|\n|t:|1629250448\n|-curestatus|p1a: Blissey|tox|[from] ability: Natural Cure\n|switch|p1a: Groudon|Groudon|100\/100|[from]move: Teleport\n|-weather|SunnyDay|[from] ability: Drought|[of] p1a: Groudon\n|\n|-weather|SunnyDay|[upkeep]\n|upkeep\n|turn|12\n|j| venson04\n|\n|t:|1629250463\n|move|p1a: Groudon|Stealth Rock|p2a: Eternatus\n|-sidestart|p2: ti84silveredition|move: Stealth Rock\n|cant|p2a: Eternatus|par\n|\n|-weather|SunnyDay|[upkeep]\n|upkeep\n|turn|13\n|\n|t:|1629250467\n|switch|p2a: Ho-Oh|Ho-Oh|100\/100\n|move|p1a: Groudon|Precipice Blades|p2a: Ho-Oh\n|-immune|p2a: Ho-Oh\n|\n|-weather|SunnyDay|[upkeep]\n|upkeep\n|turn|14\n|\n|t:|1629250470\n|move|p1a: Groudon|Stone Edge|p2a: Ho-Oh\n|-supereffective|p2a: Ho-Oh\n|-damage|p2a: Ho-Oh|0 fnt\n|faint|p2a: Ho-Oh\n|\n|-weather|SunnyDay|[upkeep]\n|upkeep\n|\n|t:|1629250478\n|switch|p2a: Yveltal|Yveltal|86\/100\n|-damage|p2a: Yveltal|61\/100|[from] Stealth Rock\n|-ability|p2a: Yveltal|Dark Aura\n|turn|15\n|\n|t:|1629250483\n|switch|p1a: Zekrom|Zekrom|100\/100\n|-ability|p1a: Zekrom|Teravolt\n|move|p2a: Yveltal|Defog|p1a: Zekrom\n|-unboost|p1a: Zekrom|evasion|1\n|-sideend|p2: ti84silveredition|Stealth Rock|[from] move: Defog|[of] p2a: Yveltal\n|\n|-weather|none\n|upkeep\n|turn|16\n|l| venson04\n|\n|t:|1629250499\n|switch|p2a: Necrozma|Necrozma-Dusk-Mane|100\/100\n|move|p1a: Zekrom|Bolt Strike|p2a: Necrozma\n|-damage|p2a: Necrozma|59\/100\n|-damage|p1a: Zekrom|84\/100|[from] item: Rocky Helmet|[of] p2a: Necrozma\n|\n|upkeep\n|turn|17\n|\n|t:|1629250506\n|move|p1a: Zekrom|Volt Switch|p2a: Necrozma\n|-damage|p2a: Necrozma|40\/100\n|\n|t:|1629250508\n|switch|p1a: Skarmory|Skarmory, M|94\/100|[from]move: Volt Switch\n|move|p2a: Necrozma|Morning Sun|p2a: Necrozma\n|-heal|p2a: Necrozma|90\/100\n|\n|upkeep\n|turn|18\n|\n|t:|1629250518\n|move|p2a: Necrozma|Stealth Rock|p1a: Skarmory\n|-sidestart|p1: xskelly34|move: Stealth Rock\n|move|p1a: Skarmory|Spikes|p2a: Necrozma\n|-sidestart|p2: ti84silveredition|Spikes\n|\n|upkeep\n|turn|19\n|\n|t:|1629250528\n|move|p2a: Necrozma|Knock Off|p1a: Skarmory\n|-damage|p1a: Skarmory|74\/100\n|-damage|p2a: Necrozma|74\/100|[from] item: Rocky Helmet|[of] p1a: Skarmory\n|-enditem|p1a: Skarmory|Rocky Helmet|[from] move: Knock Off|[of] p2a: Necrozma\n|move|p1a: Skarmory|Spikes|p2a: Necrozma\n|-sidestart|p2: ti84silveredition|Spikes\n|\n|upkeep\n|turn|20\n|\n|t:|1629250533\n|switch|p2a: Yveltal|Yveltal|61\/100\n|-ability|p2a: Yveltal|Dark Aura\n|move|p1a: Skarmory|Roost|p1a: Skarmory\n|-heal|p1a: Skarmory|100\/100\n|-singleturn|p1a: Skarmory|move: Roost\n|\n|upkeep\n|turn|21\n|\n|t:|1629250539\n|move|p2a: Yveltal|Roost|p2a: Yveltal\n|-heal|p2a: Yveltal|100\/100\n|-singleturn|p2a: Yveltal|move: Roost\n|move|p1a: Skarmory|Toxic|p2a: Yveltal\n|-status|p2a: Yveltal|tox\n|\n|-damage|p2a: Yveltal|94\/100 tox|[from] psn\n|upkeep\n|turn|22\n|\n|t:|1629250546\n|move|p2a: Yveltal|Defog|p1a: Skarmory\n|-unboost|p1a: Skarmory|evasion|1\n|-sideend|p1: xskelly34|Stealth Rock|[from] move: Defog|[of] p2a: Yveltal\n|-sideend|p2: ti84silveredition|Spikes|[from] move: Defog|[of] p2a: Yveltal\n|move|p1a: Skarmory|Body Press|p2a: Yveltal\n|-damage|p2a: Yveltal|75\/100 tox\n|\n|-damage|p2a: Yveltal|63\/100 tox|[from] psn\n|upkeep\n|turn|23\n|\n|t:|1629250549\n|move|p2a: Yveltal|U-turn|p1a: Skarmory\n|-resisted|p1a: Skarmory\n|-damage|p1a: Skarmory|98\/100\n|\n|t:|1629250551\n|switch|p2a: Genesect|Genesect|84\/100|[from]move: U-turn\n|-ability|p2a: Genesect|Download|boost\n|-boost|p2a: Genesect|spa|1\n|move|p1a: Skarmory|Spikes|p2a: Genesect\n|-sidestart|p2: ti84silveredition|Spikes\n|\n|upkeep\n|turn|24\n|\n|t:|1629250570\n|switch|p1a: Blissey|Blissey, F|100\/100\n|move|p2a: Genesect|Thunder|p1a: Blissey\n|-damage|p1a: Blissey|84\/100\n|\n|upkeep\n|turn|25\n|\n|t:|1629250580\n|switch|p2a: Xerneas|Xerneas|99\/100\n|-damage|p2a: Xerneas|87\/100|[from] Spikes\n|-ability|p2a: Xerneas|Fairy Aura\n|move|p1a: Blissey|Seismic Toss|p2a: Xerneas\n|-damage|p2a: Xerneas|65\/100\n|\n|-heal|p2a: Xerneas|71\/100|[from] item: Leftovers\n|upkeep\n|turn|26\n|\n|t:|1629250590\n|move|p2a: Xerneas|Thunder Wave|p1a: Blissey\n|-status|p1a: Blissey|par\n|cant|p1a: Blissey|par\n|\n|-heal|p2a: Xerneas|77\/100|[from] item: Leftovers\n|upkeep\n|turn|27\n|\n|t:|1629250594\n|move|p2a: Xerneas|Aromatherapy|p2a: Xerneas\n|-activate|p2a: Xerneas|move: Aromatherapy\n|-curestatus|p2: Yveltal|tox|[msg]\n|-curestatus|p2: Eternatus|par|[msg]\n|move|p1a: Blissey|Thunder Wave|p2a: Xerneas\n|-status|p2a: Xerneas|par\n|\n|-heal|p2a: Xerneas|83\/100 par|[from] item: Leftovers\n|upkeep\n|turn|28\n|j| DJ Asraar\n|\n|t:|1629250604\n|switch|p2a: Yveltal|Yveltal|63\/100\n|-ability|p2a: Yveltal|Dark Aura\n|-curestatus|p1a: Blissey|par|[from] ability: Natural Cure\n|switch|p1a: Skarmory|Skarmory, M|98\/100\n|\n|upkeep\n|turn|29\n|\n|t:|1629250614\n|move|p2a: Yveltal|Defog|p1a: Skarmory\n|-unboost|p1a: Skarmory|evasion|1\n|-sideend|p2: ti84silveredition|Spikes|[from] move: Defog|[of] p2a: Yveltal\n|move|p1a: Skarmory|Toxic|p2a: Yveltal\n|-status|p2a: Yveltal|tox\n|\n|-damage|p2a: Yveltal|57\/100 tox|[from] psn\n|upkeep\n|turn|30\n|\n|t:|1629250623\n|move|p2a: Yveltal|U-turn|p1a: Skarmory\n|-resisted|p1a: Skarmory\n|-damage|p1a: Skarmory|95\/100\n|\n|t:|1629250628\n|switch|p2a: Eternatus|Eternatus|100\/100|[from]move: U-turn\n|-ability|p2a: Eternatus|Pressure\n|move|p1a: Skarmory|Spikes|p2a: Eternatus\n|-sidestart|p2: ti84silveredition|Spikes\n|\n|upkeep\n|turn|31\n|\n|t:|1629250642\n|switch|p1a: Groudon|Groudon|100\/100\n|-weather|SunnyDay|[from] ability: Drought|[of] p1a: Groudon\n|move|p2a: Eternatus|Mystical Fire|p1a: Groudon\n|-damage|p1a: Groudon|68\/100\n|-unboost|p1a: Groudon|spa|1\n|\n|-weather|SunnyDay|[upkeep]\n|-heal|p1a: Groudon|75\/100|[from] item: Leftovers\n|upkeep\n|turn|32\n|j| EinsteinAlpha25\n|\n|t:|1629250654\n|move|p2a: Eternatus|Dynamax Cannon|p1a: Groudon\n|-damage|p1a: Groudon|30\/100\n|move|p1a: Groudon|Stealth Rock|p2a: Eternatus\n|-sidestart|p2: ti84silveredition|move: Stealth Rock\n|\n|-weather|SunnyDay|[upkeep]\n|-heal|p1a: Groudon|37\/100|[from] item: Leftovers\n|upkeep\n|turn|33\n|l| DJ Asraar\n|\n|t:|1629250659\n|switch|p1a: Blissey|Blissey, F|84\/100\n|move|p2a: Eternatus|Dynamax Cannon|p1a: Blissey\n|-damage|p1a: Blissey|69\/100\n|\n|-weather|SunnyDay|[upkeep]\n|upkeep\n|turn|34\n|\n|t:|1629250663\n|move|p2a: Eternatus|Toxic|p1a: Blissey\n|-status|p1a: Blissey|tox\n|move|p1a: Blissey|Teleport|p1a: Blissey\n|j| shadowrouge07\n|\n|t:|1629250675\n|-curestatus|p1a: Blissey|tox|[from] ability: Natural Cure\n|switch|p1a: Yveltal|Yveltal|83\/100|[from]move: Teleport\n|-ability|p1a: Yveltal|Dark Aura\n|\n|-weather|SunnyDay|[upkeep]\n|upkeep\n|turn|35\n|l| shadowrouge07\n|\n|t:|1629250683\n|switch|p1a: Blissey|Blissey, F|69\/100\n|switch|p2a: Xerneas|Xerneas|83\/100 par\n|-damage|p2a: Xerneas|71\/100 par|[from] Stealth Rock\n|-damage|p2a: Xerneas|58\/100 par|[from] Spikes\n|-ability|p2a: Xerneas|Fairy Aura\n|\n|-weather|none\n|-heal|p2a: Xerneas|65\/100 par|[from] item: Leftovers\n|upkeep\n|turn|36\n|\n|t:|1629250690\n|cant|p2a: Xerneas|par\n|move|p1a: Blissey|Teleport|p1a: Blissey\n|j| Fruity-Red\n|inactive|xskelly34 has 120 seconds left.\n|c|\u2606ti84silveredition|t\n|\n|t:|1629250726\n|switch|p1a: Marshadow|Marshadow|100\/100|[from]move: Teleport\n|\n|-heal|p2a: Xerneas|71\/100 par|[from] item: Leftovers\n|upkeep\n|turn|37\n|inactive|xskelly34 has 120 seconds left.\n|\n|t:|1629250734\n|move|p1a: Marshadow|Poltergeist|p2a: Xerneas\n|-activate|p2a: Xerneas|move: Poltergeist|Leftovers\n|-damage|p2a: Xerneas|0 fnt\n|faint|p2a: Xerneas\n|\n|upkeep\n|c| TRTitor|t\n|\n|t:|1629250745\n|switch|p2a: Genesect|Genesect|84\/100\n|-damage|p2a: Genesect|72\/100|[from] Spikes\n|-damage|p2a: Genesect|59\/100|[from] Stealth Rock\n|-ability|p2a: Genesect|Download|boost\n|-boost|p2a: Genesect|atk|1\n|turn|38\n|\n|t:|1629250753\n|move|p2a: Genesect|Iron Head|p1a: Marshadow\n|-damage|p1a: Marshadow|34\/100\n|move|p1a: Marshadow|Poltergeist|p2a: Genesect|[miss]\n|-miss|p1a: Marshadow|p2a: Genesect\n|\n|upkeep\n|turn|39\n|\n|t:|1629250758\n|switch|p1a: Skarmory|Skarmory, M|95\/100\n|move|p2a: Genesect|Iron Head|p1a: Skarmory\n|-resisted|p1a: Skarmory\n|-damage|p1a: Skarmory|80\/100\n|\n|upkeep\n|turn|40\n|\n|t:|1629250764\n|switch|p2a: Yveltal|Yveltal|57\/100 tox\n|-damage|p2a: Yveltal|32\/100 tox|[from] Stealth Rock\n|-ability|p2a: Yveltal|Dark Aura\n|move|p1a: Skarmory|Body Press|p2a: Yveltal\n|-damage|p2a: Yveltal|14\/100 tox\n|\n|-damage|p2a: Yveltal|8\/100 tox|[from] psn\n|upkeep\n|turn|41\n|\n|t:|1629250774\n|move|p2a: Yveltal|Defog|p1a: Skarmory\n|-unboost|p1a: Skarmory|evasion|1\n|-sideend|p2: ti84silveredition|Spikes|[from] move: Defog|[of] p2a: Yveltal\n|-sideend|p2: ti84silveredition|Stealth Rock|[from] move: Defog|[of] p2a: Yveltal\n|move|p1a: Skarmory|Roost|p1a: Skarmory\n|-heal|p1a: Skarmory|100\/100\n|-singleturn|p1a: Skarmory|move: Roost\n|\n|-damage|p2a: Yveltal|0 fnt|[from] psn\n|faint|p2a: Yveltal\n|upkeep\n|\n|t:|1629250780\n|switch|p2a: Genesect|Genesect|59\/100\n|-ability|p2a: Genesect|Download|boost\n|-boost|p2a: Genesect|spa|1\n|turn|42\n|\n|t:|1629250786\n|switch|p1a: Groudon|Groudon|37\/100\n|-weather|SunnyDay|[from] ability: Drought|[of] p1a: Groudon\n|move|p2a: Genesect|U-turn|p1a: Groudon\n|-damage|p1a: Groudon|21\/100\n|\n|t:|1629250788\n|switch|p2a: Eternatus|Eternatus|100\/100|[from]move: U-turn\n|-ability|p2a: Eternatus|Pressure\n|\n|-weather|SunnyDay|[upkeep]\n|-heal|p1a: Groudon|27\/100|[from] item: Leftovers\n|upkeep\n|turn|43\n|\n|t:|1629250800\n|switch|p1a: Blissey|Blissey, F|69\/100\n|move|p2a: Eternatus|Dynamax Cannon|p1a: Blissey\n|-damage|p1a: Blissey|54\/100\n|\n|-weather|SunnyDay|[upkeep]\n|upkeep\n|turn|44\n|\n|t:|1629250805\n|switch|p2a: Necrozma|Necrozma-Dusk-Mane|74\/100\n|move|p1a: Blissey|Soft-Boiled|p1a: Blissey\n|-heal|p1a: Blissey|100\/100\n|\n|-weather|SunnyDay|[upkeep]\n|upkeep\n|turn|45\n|\n|t:|1629250809\n|switch|p1a: Skarmory|Skarmory, M|100\/100\n|move|p2a: Necrozma|Knock Off|p1a: Skarmory\n|-damage|p1a: Skarmory|87\/100\n|\n|-weather|SunnyDay|[upkeep]\n|upkeep\n|turn|46\n|\n|t:|1629250816\n|move|p2a: Necrozma|Stealth Rock|p1a: Skarmory\n|-sidestart|p1: xskelly34|move: Stealth Rock\n|move|p1a: Skarmory|Spikes|p2a: Necrozma\n|-sidestart|p2: ti84silveredition|Spikes\n|\n|-weather|none\n|upkeep\n|turn|47\n|\n|t:|1629250823\n|switch|p2a: Genesect|Genesect|59\/100\n|-damage|p2a: Genesect|47\/100|[from] Spikes\n|-ability|p2a: Genesect|Download|boost\n|-boost|p2a: Genesect|spa|1\n|move|p1a: Skarmory|Spikes|p2a: Genesect\n|-sidestart|p2: ti84silveredition|Spikes\n|\n|upkeep\n|turn|48\n|\n|t:|1629250831\n|switch|p1a: Groudon|Groudon|27\/100\n|-damage|p1a: Groudon|21\/100|[from] Stealth Rock\n|-weather|SunnyDay|[from] ability: Drought|[of] p1a: Groudon\n|move|p2a: Genesect|Ice Beam|p1a: Groudon\n|-supereffective|p1a: Groudon\n|-damage|p1a: Groudon|0 fnt\n|faint|p1a: Groudon\n|\n|-weather|SunnyDay|[upkeep]\n|upkeep\n|\n|t:|1629250838\n|switch|p1a: Blissey|Blissey, F|100\/100\n|-damage|p1a: Blissey|88\/100|[from] Stealth Rock\n|turn|49\n|\n|t:|1629250843\n|switch|p2a: Necrozma|Necrozma-Dusk-Mane|74\/100\n|-damage|p2a: Necrozma|57\/100|[from] Spikes\n|move|p1a: Blissey|Seismic Toss|p2a: Necrozma\n|-damage|p2a: Necrozma|32\/100\n|-damage|p1a: Blissey|72\/100|[from] item: Rocky Helmet|[of] p2a: Necrozma\n|\n|-weather|SunnyDay|[upkeep]\n|upkeep\n|turn|50\n|j| venson04\n|\n|t:|1629250851\n|switch|p1a: Zekrom|Zekrom|84\/100\n|-ability|p1a: Zekrom|Teravolt\n|move|p2a: Necrozma|Knock Off|p1a: Zekrom\n|-damage|p1a: Zekrom|60\/100\n|-enditem|p1a: Zekrom|Heavy-Duty Boots|[from] move: Knock Off|[of] p2a: Necrozma\n|\n|-weather|SunnyDay|[upkeep]\n|upkeep\n|turn|51\n|j| DJ Asraar\n|l| venson04\n|\n|t:|1629250865\n|move|p1a: Zekrom|Bolt Strike|p2a: Necrozma\n|-damage|p2a: Necrozma|0 fnt\n|-damage|p1a: Zekrom|44\/100|[from] item: Rocky Helmet|[of] p2a: Necrozma\n|faint|p2a: Necrozma\n|\n|-weather|SunnyDay|[upkeep]\n|upkeep\n|l| DJ Asraar\n|\n|t:|1629250868\n|switch|p2a: Genesect|Genesect|47\/100\n|-damage|p2a: Genesect|30\/100|[from] Spikes\n|-ability|p2a: Genesect|Download|boost\n|-boost|p2a: Genesect|spa|1\n|turn|52\n|\n|t:|1629250878\n|move|p2a: Genesect|Ice Beam|p1a: Zekrom\n|-supereffective|p1a: Zekrom\n|-damage|p1a: Zekrom|0 fnt\n|faint|p1a: Zekrom\n|\n|-weather|none\n|upkeep\n|j| Pasalic\n|\n|t:|1629250881\n|switch|p1a: Blissey|Blissey, F|72\/100\n|-damage|p1a: Blissey|59\/100|[from] Stealth Rock\n|turn|53\n|\n|t:|1629250885\n|move|p2a: Genesect|Ice Beam|p1a: Blissey\n|-damage|p1a: Blissey|45\/100\n|-status|p1a: Blissey|frz\n|cant|p1a: Blissey|frz\n|\n|upkeep\n|turn|54\n|l| Pasalic\n|l| Fruity-Red\n|\n|t:|1629250895\n|-curestatus|p1a: Blissey|frz|[from] ability: Natural Cure\n|switch|p1a: Yveltal|Yveltal|83\/100\n|-ability|p1a: Yveltal|Dark Aura\n|move|p2a: Genesect|Ice Beam|p1a: Yveltal\n|-supereffective|p1a: Yveltal\n|-damage|p1a: Yveltal|15\/100\n|-status|p1a: Yveltal|frz\n|\n|upkeep\n|turn|55\n|\n|t:|1629250898\n|move|p2a: Genesect|Ice Beam|p1a: Yveltal\n|-supereffective|p1a: Yveltal\n|-damage|p1a: Yveltal|0 fnt\n|faint|p1a: Yveltal\n|\n|upkeep\n|\n|t:|1629250900\n|switch|p1a: Blissey|Blissey, F|45\/100\n|-damage|p1a: Blissey|33\/100|[from] Stealth Rock\n|turn|56\n|\n|t:|1629250903\n|move|p2a: Genesect|Ice Beam|p1a: Blissey\n|-damage|p1a: Blissey|18\/100\n|move|p1a: Blissey|Soft-Boiled|p1a: Blissey\n|-heal|p1a: Blissey|68\/100\n|\n|upkeep\n|turn|57\n|\n|t:|1629250908\n|move|p2a: Genesect|Ice Beam|p1a: Blissey\n|-damage|p1a: Blissey|56\/100\n|move|p1a: Blissey|Seismic Toss|p2a: Genesect\n|-damage|p2a: Genesect|0 fnt\n|faint|p2a: Genesect\n|\n|upkeep\n|\n|t:|1629250912\n|switch|p2a: Eternatus|Eternatus|100\/100\n|-damage|p2a: Eternatus|84\/100|[from] Spikes\n|-ability|p2a: Eternatus|Pressure\n|turn|58\n|\n|t:|1629250922\n|move|p2a: Eternatus|Toxic|p1a: Blissey\n|-status|p1a: Blissey|tox\n|move|p1a: Blissey|Thunder Wave|p2a: Eternatus\n|-status|p2a: Eternatus|par\n|\n|-heal|p2a: Eternatus|90\/100 par|[from] item: Black Sludge\n|-damage|p1a: Blissey|50\/100 tox|[from] psn\n|upkeep\n|turn|59\n|\n|t:|1629250928\n|move|p2a: Eternatus|Mystical Fire|p1a: Blissey\n|-damage|p1a: Blissey|42\/100 tox\n|-unboost|p1a: Blissey|spa|1\n|move|p1a: Blissey|Soft-Boiled|p1a: Blissey\n|-heal|p1a: Blissey|92\/100 tox\n|\n|-heal|p2a: Eternatus|96\/100 par|[from] item: Black Sludge\n|-damage|p1a: Blissey|80\/100 tox|[from] psn\n|upkeep\n|turn|60\n|\n|t:|1629250934\n|-curestatus|p1a: Blissey|tox|[from] ability: Natural Cure\n|switch|p1a: Skarmory|Skarmory, M|87\/100\n|-damage|p1a: Skarmory|74\/100|[from] Stealth Rock\n|move|p2a: Eternatus|Mystical Fire|p1a: Skarmory\n|-supereffective|p1a: Skarmory\n|-damage|p1a: Skarmory|9\/100\n|-unboost|p1a: Skarmory|spa|1\n|\n|-heal|p2a: Eternatus|100\/100 par|[from] item: Black Sludge\n|upkeep\n|turn|61\n|\n|t:|1629250950\n|move|p1a: Skarmory|Roost|p1a: Skarmory\n|-heal|p1a: Skarmory|59\/100\n|-singleturn|p1a: Skarmory|move: Roost\n|cant|p2a: Eternatus|par\n|\n|upkeep\n|turn|62\n|\n|t:|1629250965\n|move|p1a: Skarmory|Roost|p1a: Skarmory\n|-heal|p1a: Skarmory|100\/100\n|-singleturn|p1a: Skarmory|move: Roost\n|cant|p2a: Eternatus|par\n|\n|upkeep\n|turn|63\n|\n|t:|1629250968\n|switch|p1a: Blissey|Blissey, F|80\/100\n|-damage|p1a: Blissey|68\/100|[from] Stealth Rock\n|move|p2a: Eternatus|Mystical Fire|p1a: Blissey\n|-damage|p1a: Blissey|60\/100\n|-unboost|p1a: Blissey|spa|1\n|\n|upkeep\n|turn|64\n|\n|t:|1629250972\n|move|p2a: Eternatus|Toxic|p1a: Blissey\n|-status|p1a: Blissey|tox\n|move|p1a: Blissey|Seismic Toss|p2a: Eternatus\n|-damage|p2a: Eternatus|80\/100 par\n|\n|-heal|p2a: Eternatus|86\/100 par|[from] item: Black Sludge\n|-damage|p1a: Blissey|54\/100 tox|[from] psn\n|upkeep\n|turn|65\n|\n|t:|1629250975\n|move|p2a: Eternatus|Mystical Fire|p1a: Blissey\n|-damage|p1a: Blissey|47\/100 tox\n|-unboost|p1a: Blissey|spa|1\n|move|p1a: Blissey|Soft-Boiled|p1a: Blissey\n|-heal|p1a: Blissey|97\/100 tox\n|\n|-heal|p2a: Eternatus|92\/100 par|[from] item: Black Sludge\n|-damage|p1a: Blissey|85\/100 tox|[from] psn\n|upkeep\n|turn|66\n|\n|t:|1629250979\n|cant|p2a: Eternatus|par\n|move|p1a: Blissey|Teleport|p1a: Blissey\n|\n|t:|1629250981\n|-curestatus|p1a: Blissey|tox|[from] ability: Natural Cure\n|switch|p1a: Marshadow|Marshadow|34\/100|[from]move: Teleport\n|-damage|p1a: Marshadow|28\/100|[from] Stealth Rock\n|\n|-heal|p2a: Eternatus|98\/100 par|[from] item: Black Sludge\n|upkeep\n|turn|67\n|\n|t:|1629250985\n|move|p1a: Marshadow|Poltergeist|p2a: Eternatus\n|-activate|p2a: Eternatus|move: Poltergeist|Black Sludge\n|-damage|p2a: Eternatus|30\/100 par\n|move|p2a: Eternatus|Dynamax Cannon|p1a: Marshadow\n|-damage|p1a: Marshadow|0 fnt\n|faint|p1a: Marshadow\n|\n|-heal|p2a: Eternatus|36\/100 par|[from] item: Black Sludge\n|upkeep\n|\n|t:|1629250991\n|switch|p1a: Blissey|Blissey, F|85\/100\n|-damage|p1a: Blissey|72\/100|[from] Stealth Rock\n|turn|68\n|\n|t:|1629250994\n|switch|p1a: Skarmory|Skarmory, M|100\/100\n|-damage|p1a: Skarmory|88\/100|[from] Stealth Rock\n|move|p2a: Eternatus|Recover|p2a: Eternatus\n|-heal|p2a: Eternatus|86\/100 par\n|\n|-heal|p2a: Eternatus|93\/100 par|[from] item: Black Sludge\n|upkeep\n|turn|69\n|j| venson04\n|\n|t:|1629251001\n|switch|p1a: Blissey|Blissey, F|72\/100\n|-damage|p1a: Blissey|60\/100|[from] Stealth Rock\n|move|p2a: Eternatus|Mystical Fire|p1a: Blissey\n|-damage|p1a: Blissey|52\/100\n|-unboost|p1a: Blissey|spa|1\n|\n|-heal|p2a: Eternatus|99\/100 par|[from] item: Black Sludge\n|upkeep\n|turn|70\n|\n|t:|1629251006\n|switch|p1a: Skarmory|Skarmory, M|88\/100\n|-damage|p1a: Skarmory|76\/100|[from] Stealth Rock\n|cant|p2a: Eternatus|par\n|\n|-heal|p2a: Eternatus|100\/100 par|[from] item: Black Sludge\n|upkeep\n|turn|71\n|\n|t:|1629251011\n|switch|p1a: Blissey|Blissey, F|52\/100\n|-damage|p1a: Blissey|40\/100|[from] Stealth Rock\n|cant|p2a: Eternatus|par\n|\n|upkeep\n|turn|72\n|\n|t:|1629251014\n|move|p2a: Eternatus|Toxic|p1a: Blissey\n|-status|p1a: Blissey|tox\n|move|p1a: Blissey|Soft-Boiled|p1a: Blissey\n|-heal|p1a: Blissey|90\/100 tox\n|\n|-damage|p1a: Blissey|84\/100 tox|[from] psn\n|upkeep\n|turn|73\n|\n|t:|1629251022\n|move|p2a: Eternatus|Dynamax Cannon|p1a: Blissey\n|-damage|p1a: Blissey|70\/100 tox\n|move|p1a: Blissey|Seismic Toss|p2a: Eternatus\n|-damage|p2a: Eternatus|80\/100 par\n|\n|-heal|p2a: Eternatus|86\/100 par|[from] item: Black Sludge\n|-damage|p1a: Blissey|57\/100 tox|[from] psn\n|upkeep\n|turn|74\n|\n|t:|1629251028\n|move|p2a: Eternatus|Dynamax Cannon|p1a: Blissey\n|-damage|p1a: Blissey|43\/100 tox\n|move|p1a: Blissey|Teleport|p1a: Blissey\n|\n|t:|1629251032\n|-curestatus|p1a: Blissey|tox|[from] ability: Natural Cure\n|switch|p1a: Skarmory|Skarmory, M|76\/100|[from]move: Teleport\n|-damage|p1a: Skarmory|64\/100|[from] Stealth Rock\n|\n|-heal|p2a: Eternatus|92\/100 par|[from] item: Black Sludge\n|upkeep\n|turn|75\n|\n|t:|1629251035\n|switch|p1a: Blissey|Blissey, F|43\/100\n|-damage|p1a: Blissey|31\/100|[from] Stealth Rock\n|move|p2a: Eternatus|Mystical Fire|p1a: Blissey\n|-damage|p1a: Blissey|23\/100\n|-unboost|p1a: Blissey|spa|1\n|\n|-heal|p2a: Eternatus|98\/100 par|[from] item: Black Sludge\n|upkeep\n|turn|76\n|\n|t:|1629251042\n|cant|p2a: Eternatus|par\n|move|p1a: Blissey|Soft-Boiled|p1a: Blissey\n|-heal|p1a: Blissey|73\/100\n|\n|-heal|p2a: Eternatus|100\/100 par|[from] item: Black Sludge\n|upkeep\n|turn|77\n|\n|t:|1629251053\n|move|p2a: Eternatus|Toxic|p1a: Blissey\n|-status|p1a: Blissey|tox\n|move|p1a: Blissey|Seismic Toss|p2a: Eternatus\n|-damage|p2a: Eternatus|80\/100 par\n|\n|-heal|p2a: Eternatus|86\/100 par|[from] item: Black Sludge\n|-damage|p1a: Blissey|67\/100 tox|[from] psn\n|upkeep\n|turn|78\n|\n|t:|1629251063\n|cant|p2a: Eternatus|par\n|move|p1a: Blissey|Seismic Toss|p2a: Eternatus\n|-damage|p2a: Eternatus|65\/100 par\n|\n|-heal|p2a: Eternatus|72\/100 par|[from] item: Black Sludge\n|-damage|p1a: Blissey|54\/100 tox|[from] psn\n|upkeep\n|turn|79\n|\n|t:|1629251068\n|move|p2a: Eternatus|Recover|p2a: Eternatus\n|-heal|p2a: Eternatus|100\/100 par\n|move|p1a: Blissey|Teleport|p1a: Blissey\n|\n|t:|1629251074\n|-curestatus|p1a: Blissey|tox|[from] ability: Natural Cure\n|switch|p1a: Skarmory|Skarmory, M|64\/100|[from]move: Teleport\n|-damage|p1a: Skarmory|51\/100|[from] Stealth Rock\n|\n|upkeep\n|turn|80\n|\n|t:|1629251081\n|move|p1a: Skarmory|Roost|p1a: Skarmory\n|-heal|p1a: Skarmory|100\/100\n|-singleturn|p1a: Skarmory|move: Roost\n|move|p2a: Eternatus|Mystical Fire|p1a: Skarmory\n|-supereffective|p1a: Skarmory\n|-damage|p1a: Skarmory|36\/100\n|-unboost|p1a: Skarmory|spa|1\n|\n|upkeep\n|turn|81\n|\n|t:|1629251092\n|switch|p1a: Blissey|Blissey, F|54\/100\n|-damage|p1a: Blissey|42\/100|[from] Stealth Rock\n|move|p2a: Eternatus|Mystical Fire|p1a: Blissey\n|-damage|p1a: Blissey|35\/100\n|-unboost|p1a: Blissey|spa|1\n|\n|upkeep\n|turn|82\n|\n|t:|1629251095\n|move|p2a: Eternatus|Toxic|p1a: Blissey\n|-status|p1a: Blissey|tox\n|move|p1a: Blissey|Soft-Boiled|p1a: Blissey\n|-heal|p1a: Blissey|85\/100 tox\n|\n|-damage|p1a: Blissey|79\/100 tox|[from] psn\n|upkeep\n|turn|83\n|\n|t:|1629251101\n|move|p2a: Eternatus|Recover||[still]\n|-fail|p2a: Eternatus|heal\n|move|p1a: Blissey|Thunder Wave|p2a: Eternatus\n|-fail|p2a: Eternatus|par\n|\n|-damage|p1a: Blissey|67\/100 tox|[from] psn\n|upkeep\n|turn|84\n|\n|t:|1629251105\n|move|p2a: Eternatus|Recover||[still]\n|-fail|p2a: Eternatus|heal\n|move|p1a: Blissey|Teleport|p1a: Blissey\n|\n|t:|1629251108\n|-curestatus|p1a: Blissey|tox|[from] ability: Natural Cure\n|switch|p1a: Skarmory|Skarmory, M|36\/100|[from]move: Teleport\n|-damage|p1a: Skarmory|24\/100|[from] Stealth Rock\n|\n|upkeep\n|turn|85\n|\n|t:|1629251111\n|move|p1a: Skarmory|Roost|p1a: Skarmory\n|-heal|p1a: Skarmory|74\/100\n|-singleturn|p1a: Skarmory|move: Roost\n|move|p2a: Eternatus|Mystical Fire|p1a: Skarmory\n|-supereffective|p1a: Skarmory\n|-damage|p1a: Skarmory|4\/100\n|-unboost|p1a: Skarmory|spa|1\n|\n|upkeep\n|turn|86\n|\n|t:|1629251120\n|move|p1a: Skarmory|Roost|p1a: Skarmory\n|-heal|p1a: Skarmory|54\/100\n|-singleturn|p1a: Skarmory|move: Roost\n|move|p2a: Eternatus|Mystical Fire|p1a: Skarmory\n|-supereffective|p1a: Skarmory\n|-damage|p1a: Skarmory|0 fnt\n|faint|p1a: Skarmory\n|\n|upkeep\n|c|\u2606ti84silveredition|gg\n|-message|xskelly34 forfeited.\n|\n|win|ti84silveredition\n|n|\u2606xskelly34|xskelly34\n|n|\u2606ti84silveredition|ti84silveredition\n|n|*Lady Monita|ladymonita\n|n| Zecilwenshe|zecilwenshe\n|n| TRTitor|trtitor\n|n| Icey Warzone|iceywarzone\n|n| The Krok|thekrok\n|n| EinsteinAlpha25|einsteinalpha25\n|n| venson04|venson04\n","uploadtime":1629251130,"views":10,"p1id":"xskelly34","p2id":"ti84silveredition","formatid":"gen8ubers","rating":0,"private":0,"password":null}