{"id":"gen8nationaldex-1694492797","p1":"Orangesodapop","p2":"Thedebatablereaper","format":"gen8nationaldex","log":"|j|\u2606Orangesodapop\n|j|\u2606Thedebatablereaper\n|t:|1666709630\n|gametype|singles\n|player|p1|Orangesodapop|crasherwake|1506\n|player|p2|Thedebatablereaper|266|1616\n|teamsize|p1|6\n|teamsize|p2|6\n|gen|8\n|tier|[Gen 8] National Dex\n|rated|\n|rule|HP Percentage Mod: HP is shown in percentages\n|rule|Endless Battle Clause: Forcing endless battles is banned\n|rule|OHKO Clause: OHKO moves are banned\n|rule|Evasion Moves Clause: Evasion moves are banned\n|rule|Species Clause: Limit one of each Pok\u00e9mon\n|rule|Dynamax Clause: You cannot dynamax\n|rule|Sleep Clause Mod: Limit one foe put to sleep\n|clearpoke\n|poke|p1|Landorus-Therian, M|\n|poke|p1|Lycanroc-Dusk, F|\n|poke|p1|Volcarona, M|\n|poke|p1|Greninja, M|\n|poke|p1|Rillaboom, F|\n|poke|p1|Hawlucha, F|\n|poke|p2|Latios, M|\n|poke|p2|Garchomp, M|\n|poke|p2|Deoxys-Defense|\n|poke|p2|Magnezone|\n|poke|p2|Ferrothorn, F|\n|poke|p2|Moltres-Galar|\n|teampreview\n|\n|t:|1666709654\n|start\n|switch|p1a: Landorus|Landorus-Therian, M|100\/100\n|switch|p2a: Garchomp|Garchomp, M|100\/100\n|-ability|p1a: Landorus|Intimidate|boost\n|-unboost|p2a: Garchomp|atk|1\n|turn|1\n|\n|t:|1666709662\n|switch|p2a: Deoxys|Deoxys-Defense|100\/100\n|-ability|p2a: Deoxys|Pressure\n|move|p1a: Landorus|Stealth Rock|p2a: Deoxys\n|-sidestart|p2: Thedebatablereaper|move: Stealth Rock\n|\n|upkeep\n|turn|2\n|\n|t:|1666709668\n|move|p1a: Landorus|Swords Dance|p1a: Landorus\n|-boost|p1a: Landorus|atk|2\n|move|p2a: Deoxys|Taunt|p1a: Landorus\n|-start|p1a: Landorus|move: Taunt\n|\n|upkeep\n|turn|3\n|\n|t:|1666709675\n|move|p1a: Landorus|Earthquake|p2a: Deoxys\n|-damage|p2a: Deoxys|34\/100\n|move|p2a: Deoxys|Spikes|p1a: Landorus\n|-sidestart|p1: Orangesodapop|Spikes\n|\n|upkeep\n|turn|4\n|\n|t:|1666709685\n|move|p1a: Landorus|Earthquake|p2a: Deoxys\n|-damage|p2a: Deoxys|0 fnt\n|faint|p2a: Deoxys\n|\n|upkeep\n|\n|t:|1666709689\n|switch|p2a: Latios|Latios, M|100\/100\n|-damage|p2a: Latios|88\/100|[from] Stealth Rock\n|turn|5\n|\n|t:|1666709700\n|move|p2a: Latios|Psychic|p1a: Landorus\n|-damage|p1a: Landorus|43\/100\n|-unboost|p1a: Landorus|spd|1\n|move|p1a: Landorus|Explosion|p2a: Latios\n|-damage|p2a: Latios|0 fnt\n|faint|p1a: Landorus\n|faint|p2a: Latios\n|\n|upkeep\n|\n|t:|1666709715\n|switch|p2a: Garchomp|Garchomp, M|100\/100\n|switch|p1a: Rillaboom|Rillaboom, F|100\/100\n|-damage|p2a: Garchomp|94\/100|[from] Stealth Rock\n|-damage|p1a: Rillaboom|88\/100|[from] Spikes\n|-fieldstart|move: Grassy Terrain|[from] ability: Grassy Surge|[of] p1a: Rillaboom\n|turn|6\n|\n|t:|1666709726\n|switch|p2a: Magnezone|Magnezone|100\/100\n|-damage|p2a: Magnezone|94\/100|[from] Stealth Rock\n|move|p1a: Rillaboom|Swords Dance|p1a: Rillaboom\n|-boost|p1a: Rillaboom|atk|2\n|\n|-heal|p1a: Rillaboom|94\/100|[from] Grassy Terrain\n|-heal|p2a: Magnezone|100\/100|[from] Grassy Terrain\n|upkeep\n|turn|7\n|\n|t:|1666709734\n|move|p1a: Rillaboom|Superpower|p2a: Magnezone\n|-supereffective|p2a: Magnezone\n|-damage|p2a: Magnezone|0 fnt\n|-unboost|p1a: Rillaboom|atk|1\n|-unboost|p1a: Rillaboom|def|1\n|faint|p2a: Magnezone\n|-damage|p1a: Rillaboom|84\/100|[from] item: Life Orb\n|\n|-heal|p1a: Rillaboom|91\/100|[from] Grassy Terrain\n|upkeep\n|\n|t:|1666709743\n|switch|p2a: Ferrothorn|Ferrothorn, F|100\/100\n|-damage|p2a: Ferrothorn|94\/100|[from] Stealth Rock\n|turn|8\n|\n|t:|1666709747\n|move|p1a: Rillaboom|Superpower|p2a: Ferrothorn\n|-supereffective|p2a: Ferrothorn\n|-damage|p2a: Ferrothorn|0 fnt\n|-unboost|p1a: Rillaboom|atk|1\n|-unboost|p1a: Rillaboom|def|1\n|-damage|p1a: Rillaboom|78\/100|[from] ability: Iron Barbs|[of] p2a: Ferrothorn\n|faint|p2a: Ferrothorn\n|-damage|p1a: Rillaboom|68\/100|[from] item: Life Orb\n|\n|-heal|p1a: Rillaboom|74\/100|[from] Grassy Terrain\n|upkeep\n|\n|t:|1666709757\n|switch|p2a: Moltres|Moltres-Galar|100\/100\n|-damage|p2a: Moltres|76\/100|[from] Stealth Rock\n|turn|9\n|\n|t:|1666709761\n|switch|p1a: Lycanroc|Lycanroc-Dusk, F|100\/100\n|-damage|p1a: Lycanroc|88\/100|[from] Spikes\n|move|p2a: Moltres|Agility|p2a: Moltres\n|-boost|p2a: Moltres|spe|2\n|\n|-heal|p1a: Lycanroc|94\/100|[from] Grassy Terrain\n|upkeep\n|turn|10\n|\n|t:|1666709773\n|move|p2a: Moltres|Fiery Wrath|p1a: Lycanroc\n|-damage|p1a: Lycanroc|17\/100\n|move|p1a: Lycanroc|Swords Dance|p1a: Lycanroc\n|-boost|p1a: Lycanroc|atk|2\n|\n|-heal|p1a: Lycanroc|23\/100|[from] Grassy Terrain\n|-fieldend|move: Grassy Terrain\n|upkeep\n|turn|11\n|\n|t:|1666709781\n|move|p1a: Lycanroc|Accelerock|p2a: Moltres\n|-supereffective|p2a: Moltres\n|-damage|p2a: Moltres|0 fnt\n|faint|p2a: Moltres\n|\n|upkeep\n|\n|t:|1666709785\n|switch|p2a: Garchomp|Garchomp, M|94\/100\n|-damage|p2a: Garchomp|88\/100|[from] Stealth Rock\n|turn|12\n|\n|t:|1666709790\n|move|p1a: Lycanroc|Close Combat|p2a: Garchomp\n|-damage|p2a: Garchomp|0 fnt\n|-unboost|p1a: Lycanroc|def|1\n|-unboost|p1a: Lycanroc|spd|1\n|-damage|p1a: Lycanroc|11\/100|[from] ability: Rough Skin|[of] p2a: Garchomp\n|faint|p2a: Garchomp\n|\n|win|Orangesodapop\n|raw|Orangesodapop's rating: 1506 &rarr; <strong>1532<\/strong><br \/>(+26 for winning)\n|raw|Thedebatablereaper's rating: 1616 &rarr; <strong>1590<\/strong><br \/>(-26 for losing)\n|l|\u2606Thedebatablereaper\n|l|\u2606Orangesodapop\n|j|\u2606Orangesodapop\n|player|p1|Orangesodapop|crasherwake\n||Ladder isn't responding, score probably updated but might not have (Request timeout).\n","uploadtime":1666709806,"views":9,"p1id":"orangesodapop","p2id":"thedebatablereaper","formatid":"gen8nationaldex","rating":1532,"private":0,"password":null}