{"id":"gen8nationaldex-1681016128","p1":"MurderousMantyke","p2":"myself12","format":"gen8nationaldex","log":"|j|\u2606MurderousMantyke\n|j|\u2606myself12\n|t:|1665261405\n|gametype|singles\n|player|p1|MurderousMantyke|#helpstaff|1682\n|player|p2|myself12|102|1675\n|teamsize|p1|6\n|teamsize|p2|6\n|gen|8\n|tier|[Gen 8] National Dex\n|rated|\n|rule|HP Percentage Mod: HP is shown in percentages\n|rule|Endless Battle Clause: Forcing endless battles is banned\n|rule|OHKO Clause: OHKO moves are banned\n|rule|Evasion Moves Clause: Evasion moves are banned\n|rule|Species Clause: Limit one of each Pok\u00e9mon\n|rule|Dynamax Clause: You cannot dynamax\n|rule|Sleep Clause Mod: Limit one foe put to sleep\n|clearpoke\n|poke|p1|Scizor, M|\n|poke|p1|Weavile, F|\n|poke|p1|Tapu Fini|\n|poke|p1|Landorus-Therian, M|\n|poke|p1|Zapdos|\n|poke|p1|Heatran, F|\n|poke|p2|Gliscor, F|\n|poke|p2|Clefable, F|\n|poke|p2|Toxapex, M|\n|poke|p2|Chansey, F|\n|poke|p2|Latias, F|\n|poke|p2|Corviknight, M|\n|teampreview\n|c|\u2606MurderousMantyke|hf\n|\n|t:|1665261443\n|start\n|switch|p1a: Weavile|Weavile, F|100\/100\n|switch|p2a: Gliscor|Gliscor, F|100\/100\n|-ability|p1a: Weavile|Pressure\n|turn|1\n|\n|t:|1665261450\n|switch|p2a: Clefable|Clefable, F|100\/100\n|move|p1a: Weavile|Knock Off|p2a: Clefable\n|-resisted|p2a: Clefable\n|-damage|p2a: Clefable|81\/100\n|\n|upkeep\n|turn|2\n|\n|t:|1665261460\n|switch|p1a: Scizor|Scizor, M|100\/100\n|move|p2a: Clefable|Moonblast|p1a: Scizor\n|-resisted|p1a: Scizor\n|-damage|p1a: Scizor|81\/100\n|\n|upkeep\n|turn|3\n|\n|t:|1665261472\n|switch|p1a: Heatran|Heatran, F|100\/100\n|switch|p2a: Toxapex|Toxapex, M|100\/100\n|\n|upkeep\n|turn|4\n|\n|t:|1665261478\n|switch|p2a: Gliscor|Gliscor, F|100\/100\n|move|p1a: Heatran|Stealth Rock|p2a: Gliscor\n|-sidestart|p2: myself12|move: Stealth Rock\n|\n|-status|p2a: Gliscor|tox|[from] item: Toxic Orb\n|upkeep\n|turn|5\n|\n|t:|1665261485\n|switch|p1a: Weavile|Weavile, F|100\/100\n|-ability|p1a: Weavile|Pressure\n|move|p2a: Gliscor|Swords Dance|p2a: Gliscor\n|-boost|p2a: Gliscor|atk|2\n|\n|upkeep\n|turn|6\n|\n|t:|1665261495\n|switch|p2a: Toxapex|Toxapex, M|100\/100\n|-damage|p2a: Toxapex|88\/100|[from] Stealth Rock\n|move|p1a: Weavile|Triple Axel|p2a: Toxapex\n|-resisted|p2a: Toxapex\n|-damage|p2a: Toxapex|83\/100\n|-resisted|p2a: Toxapex\n|-damage|p2a: Toxapex|73\/100\n|-resisted|p2a: Toxapex\n|-damage|p2a: Toxapex|60\/100\n|-hitcount|p2a: Toxapex|3\n|\n|-heal|p2a: Toxapex|67\/100|[from] item: Black Sludge\n|upkeep\n|turn|7\n|\n|t:|1665261507\n|switch|p1a: Heatran|Heatran, F|100\/100\n|move|p2a: Toxapex|Toxic Spikes|p1a: Heatran\n|-sidestart|p1: MurderousMantyke|move: Toxic Spikes\n|\n|-heal|p2a: Toxapex|73\/100|[from] item: Black Sludge\n|upkeep\n|turn|8\n|\n|t:|1665261513\n|switch|p1a: Landorus|Landorus-Therian, M|100\/100\n|-ability|p1a: Landorus|Intimidate|boost\n|-unboost|p2a: Toxapex|atk|1\n|switch|p2a: Gliscor|Gliscor, F|100\/100 tox\n|-damage|p2a: Gliscor|88\/100 tox|[from] Stealth Rock\n|\n|-heal|p2a: Gliscor|100\/100 tox|[from] ability: Poison Heal\n|upkeep\n|turn|9\n|\n|t:|1665261524\n|move|p2a: Gliscor|Facade|p1a: Landorus\n|-damage|p1a: Landorus|81\/100\n|-damage|p2a: Gliscor|84\/100 tox|[from] item: Rocky Helmet|[of] p1a: Landorus\n|move|p1a: Landorus|Hidden Power|p2a: Gliscor\n|-supereffective|p2a: Gliscor\n|-damage|p2a: Gliscor|23\/100 tox\n|\n|-heal|p2a: Gliscor|35\/100 tox|[from] ability: Poison Heal\n|upkeep\n|turn|10\n|\n|t:|1665261533\n|move|p2a: Gliscor|Roost|p2a: Gliscor\n|-heal|p2a: Gliscor|85\/100 tox\n|-singleturn|p2a: Gliscor|move: Roost\n|move|p1a: Landorus|U-turn|p2a: Gliscor\n|-damage|p2a: Gliscor|69\/100 tox\n|\n|t:|1665261536\n|switch|p1a: Zapdos|Zapdos|100\/100|[from]move: U-turn\n|\n|-heal|p2a: Gliscor|82\/100 tox|[from] ability: Poison Heal\n|upkeep\n|turn|11\n|\n|t:|1665261543\n|switch|p2a: Chansey|Chansey, F|100\/100\n|-damage|p2a: Chansey|88\/100|[from] Stealth Rock\n|move|p1a: Zapdos|Hurricane|p2a: Chansey\n|-damage|p2a: Chansey|72\/100\n|\n|upkeep\n|turn|12\n|\n|t:|1665261551\n|move|p1a: Zapdos|Volt Switch|p2a: Chansey\n|-damage|p2a: Chansey|62\/100\n|\n|t:|1665261556\n|switch|p1a: Heatran|Heatran, F|100\/100|[from]move: Volt Switch\n|move|p2a: Chansey|Soft-Boiled|p2a: Chansey\n|-heal|p2a: Chansey|100\/100\n|\n|upkeep\n|turn|13\n|\n|t:|1665261562\n|switch|p2a: Gliscor|Gliscor, F|82\/100 tox\n|-damage|p2a: Gliscor|69\/100 tox|[from] Stealth Rock\n|move|p1a: Heatran|Magma Storm|p2a: Gliscor\n|-damage|p2a: Gliscor|26\/100 tox\n|-activate|p2a: Gliscor|move: Magma Storm|[of] p1a: Heatran\n|\n|-heal|p2a: Gliscor|38\/100 tox|[from] ability: Poison Heal\n|-damage|p2a: Gliscor|26\/100 tox|[from] move: Magma Storm|[partiallytrapped]\n|upkeep\n|turn|14\n|\n|t:|1665261571\n|switch|p1a: Zapdos|Zapdos|100\/100\n|move|p2a: Gliscor|Earthquake|p1a: Zapdos\n|-immune|p1a: Zapdos\n|\n|-heal|p2a: Gliscor|38\/100 tox|[from] ability: Poison Heal\n|-end|p2a: Gliscor|Magma Storm|[partiallytrapped]|[silent]\n|upkeep\n|turn|15\n|\n|t:|1665261579\n|move|p1a: Zapdos|Hurricane|p2a: Gliscor\n|-damage|p2a: Gliscor|0 fnt\n|faint|p2a: Gliscor\n|\n|upkeep\n|\n|t:|1665261584\n|switch|p2a: Chansey|Chansey, F|100\/100\n|-damage|p2a: Chansey|88\/100|[from] Stealth Rock\n|turn|16\n|\n|t:|1665261588\n|move|p1a: Zapdos|Volt Switch|p2a: Chansey\n|-damage|p2a: Chansey|78\/100\n|\n|t:|1665261590\n|switch|p1a: Landorus|Landorus-Therian, M|81\/100|[from]move: Volt Switch\n|-ability|p1a: Landorus|Intimidate|boost\n|-unboost|p2a: Chansey|atk|1\n|move|p2a: Chansey|Stealth Rock|p1a: Landorus\n|-sidestart|p1: MurderousMantyke|move: Stealth Rock\n|\n|upkeep\n|turn|17\n|\n|t:|1665261597\n|switch|p2a: Corviknight|Corviknight, M|100\/100\n|-damage|p2a: Corviknight|88\/100|[from] Stealth Rock\n|-ability|p2a: Corviknight|Pressure\n|move|p1a: Landorus|Defog|p2a: Corviknight\n|-unboost|p2a: Corviknight|evasion|1\n|-sideend|p2: myself12|Stealth Rock|[from] move: Defog|[of] p1a: Landorus\n|-sideend|p1: MurderousMantyke|Toxic Spikes|[from] move: Defog|[of] p1a: Landorus\n|-sideend|p1: MurderousMantyke|Stealth Rock|[from] move: Defog|[of] p1a: Landorus\n|\n|-heal|p2a: Corviknight|94\/100|[from] item: Leftovers\n|upkeep\n|turn|18\n|\n|t:|1665261613\n|move|p1a: Landorus|U-turn|p2a: Corviknight\n|-resisted|p2a: Corviknight\n|-damage|p2a: Corviknight|91\/100\n|\n|t:|1665261614\n|switch|p1a: Zapdos|Zapdos|100\/100|[from]move: U-turn\n|move|p2a: Corviknight|U-turn|p1a: Zapdos\n|-resisted|p1a: Zapdos\n|-damage|p1a: Zapdos|93\/100\n|-status|p2a: Corviknight|par|[from] ability: Static|[of] p1a: Zapdos\n|\n|t:|1665261622\n|switch|p2a: Chansey|Chansey, F|78\/100|[from]move: U-turn\n|\n|upkeep\n|turn|19\n|\n|t:|1665261629\n|move|p1a: Zapdos|Volt Switch|p2a: Chansey\n|-damage|p2a: Chansey|67\/100\n|\n|t:|1665261631\n|switch|p1a: Weavile|Weavile, F|100\/100|[from]move: Volt Switch\n|-ability|p1a: Weavile|Pressure\n|move|p2a: Chansey|Stealth Rock|p1a: Weavile\n|-sidestart|p1: MurderousMantyke|move: Stealth Rock\n|\n|upkeep\n|turn|20\n|\n|t:|1665261640\n|switch|p2a: Toxapex|Toxapex, M|100\/100\n|move|p1a: Weavile|Triple Axel|p2a: Toxapex\n|-resisted|p2a: Toxapex\n|-damage|p2a: Toxapex|96\/100\n|-hitcount|p2a: Toxapex|1\n|\n|-heal|p2a: Toxapex|100\/100|[from] item: Black Sludge\n|upkeep\n|turn|21\n|\n|t:|1665261647\n|switch|p1a: Landorus|Landorus-Therian, M|81\/100\n|-damage|p1a: Landorus|69\/100|[from] Stealth Rock\n|-ability|p1a: Landorus|Intimidate|boost\n|-unboost|p2a: Toxapex|atk|1\n|move|p2a: Toxapex|Scald|p1a: Landorus\n|-supereffective|p1a: Landorus\n|-damage|p1a: Landorus|36\/100\n|\n|upkeep\n|turn|22\n|j| Archaeolia\n|\n|t:|1665261656\n|switch|p2a: Corviknight|Corviknight, M|91\/100 par\n|-ability|p2a: Corviknight|Pressure\n|move|p1a: Landorus|Earthquake|p2a: Corviknight\n|-immune|p2a: Corviknight\n|\n|-heal|p2a: Corviknight|97\/100 par|[from] item: Leftovers\n|upkeep\n|turn|23\n|\n|t:|1665261664\n|move|p1a: Landorus|Defog|p2a: Corviknight\n|-unboost|p2a: Corviknight|evasion|1\n|-sideend|p1: MurderousMantyke|Stealth Rock|[from] move: Defog|[of] p1a: Landorus\n|move|p2a: Corviknight|U-turn|p1a: Landorus\n|-resisted|p1a: Landorus\n|-damage|p1a: Landorus|30\/100\n|-damage|p2a: Corviknight|81\/100 par|[from] item: Rocky Helmet|[of] p1a: Landorus\n|\n|t:|1665261676\n|switch|p2a: Clefable|Clefable, F|81\/100|[from]move: U-turn\n|\n|upkeep\n|turn|24\n|\n|t:|1665261695\n|move|p1a: Landorus|Earthquake|p2a: Clefable\n|-damage|p2a: Clefable|44\/100\n|move|p2a: Clefable|Thunder|p1a: Landorus\n|-immune|p1a: Landorus\n|\n|upkeep\n|turn|25\n|\n|t:|1665261701\n|move|p1a: Landorus|U-turn|p2a: Clefable\n|-resisted|p2a: Clefable\n|-damage|p2a: Clefable|36\/100\n|\n|t:|1665261712\n|switch|p1a: Heatran|Heatran, F|100\/100|[from]move: U-turn\n|move|p2a: Clefable|Soft-Boiled|p2a: Clefable\n|-heal|p2a: Clefable|86\/100\n|\n|upkeep\n|turn|26\n|l| Archaeolia\n|\n|t:|1665261718\n|move|p1a: Heatran|Stealth Rock|p2a: Clefable\n|-sidestart|p2: myself12|move: Stealth Rock\n|move|p2a: Clefable|Calm Mind|p2a: Clefable\n|-boost|p2a: Clefable|spa|1\n|-boost|p2a: Clefable|spd|1\n|\n|upkeep\n|turn|27\n|\n|t:|1665261723\n|move|p1a: Heatran|Toxic|p2a: Clefable\n|-status|p2a: Clefable|tox\n|move|p2a: Clefable|Calm Mind|p2a: Clefable\n|-boost|p2a: Clefable|spa|1\n|-boost|p2a: Clefable|spd|1\n|\n|upkeep\n|turn|28\n|\n|t:|1665261729\n|switch|p1a: Weavile|Weavile, F|100\/100\n|-ability|p1a: Weavile|Pressure\n|move|p2a: Clefable|Thunder|p1a: Weavile\n|-damage|p1a: Weavile|28\/100\n|-status|p1a: Weavile|par\n|\n|upkeep\n|turn|29\n|\n|t:|1665261737\n|move|p1a: Weavile|Triple Axel|p2a: Clefable\n|-damage|p2a: Clefable|75\/100 tox\n|-hitcount|p2a: Clefable|1\n|move|p2a: Clefable|Moonblast|p1a: Weavile\n|-supereffective|p1a: Weavile\n|-damage|p1a: Weavile|0 fnt\n|faint|p1a: Weavile\n|\n|upkeep\n|\n|t:|1665261745\n|switch|p1a: Tapu Fini|Tapu Fini|100\/100\n|-fieldstart|move: Misty Terrain|[from] ability: Misty Surge|[of] p1a: Tapu Fini\n|turn|30\n|\n|t:|1665261749\n|move|p1a: Tapu Fini|Nature's Madness|p2a: Clefable\n|-damage|p2a: Clefable|38\/100 tox\n|move|p2a: Clefable|Thunder|p1a: Tapu Fini\n|-supereffective|p1a: Tapu Fini\n|-damage|p1a: Tapu Fini|38\/100\n|\n|-heal|p1a: Tapu Fini|44\/100|[from] item: Leftovers\n|upkeep\n|turn|31\n|j|+Wildfiree \u2764\n|\n|t:|1665261757\n|move|p1a: Tapu Fini|Taunt|p2a: Clefable\n|-start|p2a: Clefable|move: Taunt\n|move|p2a: Clefable|Moonblast|p1a: Tapu Fini\n|-damage|p1a: Tapu Fini|0 fnt\n|faint|p1a: Tapu Fini\n|\n|upkeep\n|\n|t:|1665261764\n|switch|p1a: Landorus|Landorus-Therian, M|30\/100\n|-ability|p1a: Landorus|Intimidate|boost\n|-unboost|p2a: Clefable|atk|1\n|turn|32\n|\n|t:|1665261770\n|switch|p2a: Corviknight|Corviknight, M|81\/100 par\n|-damage|p2a: Corviknight|68\/100 par|[from] Stealth Rock\n|-ability|p2a: Corviknight|Pressure\n|move|p1a: Landorus|Earthquake|p2a: Corviknight\n|-immune|p2a: Corviknight\n|\n|-heal|p2a: Corviknight|74\/100 par|[from] item: Leftovers\n|upkeep\n|turn|33\n|\n|t:|1665261779\n|move|p1a: Landorus|U-turn|p2a: Corviknight\n|-resisted|p2a: Corviknight\n|-damage|p2a: Corviknight|71\/100 par\n|\n|t:|1665261783\n|switch|p1a: Zapdos|Zapdos|93\/100|[from]move: U-turn\n|cant|p2a: Corviknight|par\n|\n|-heal|p2a: Corviknight|77\/100 par|[from] item: Leftovers\n|upkeep\n|turn|34\n|\n|t:|1665261790\n|switch|p2a: Chansey|Chansey, F|67\/100\n|-damage|p2a: Chansey|55\/100|[from] Stealth Rock\n|move|p1a: Zapdos|Volt Switch|p2a: Chansey\n|-damage|p2a: Chansey|45\/100\n|\n|t:|1665261795\n|switch|p1a: Heatran|Heatran, F|100\/100|[from]move: Volt Switch\n|\n|-fieldend|Misty Terrain\n|upkeep\n|turn|35\n|\n|t:|1665261800\n|move|p1a: Heatran|Magma Storm|p2a: Chansey\n|-damage|p2a: Chansey|33\/100\n|-activate|p2a: Chansey|move: Magma Storm|[of] p1a: Heatran\n|move|p2a: Chansey|Soft-Boiled|p2a: Chansey\n|-heal|p2a: Chansey|83\/100\n|\n|-damage|p2a: Chansey|70\/100|[from] move: Magma Storm|[partiallytrapped]\n|upkeep\n|turn|36\n|\n|t:|1665261807\n|move|p1a: Heatran|Toxic|p2a: Chansey\n|-status|p2a: Chansey|tox\n|move|p2a: Chansey|Seismic Toss|p1a: Heatran\n|-damage|p1a: Heatran|75\/100\n|\n|-heal|p1a: Heatran|81\/100|[from] item: Leftovers\n|-damage|p2a: Chansey|64\/100 tox|[from] psn\n|-damage|p2a: Chansey|52\/100 tox|[from] move: Magma Storm|[partiallytrapped]\n|upkeep\n|turn|37\n|\n|t:|1665261816\n|move|p1a: Heatran|Earth Power|p2a: Chansey\n|-damage|p2a: Chansey|43\/100 tox\n|move|p2a: Chansey|Stealth Rock|p1a: Heatran\n|-sidestart|p1: MurderousMantyke|move: Stealth Rock\n|\n|-heal|p1a: Heatran|87\/100|[from] item: Leftovers\n|-damage|p2a: Chansey|31\/100 tox|[from] psn\n|-damage|p2a: Chansey|19\/100 tox|[from] move: Magma Storm|[partiallytrapped]\n|upkeep\n|turn|38\n|\n|t:|1665261824\n|move|p1a: Heatran|Magma Storm|p2a: Chansey\n|-damage|p2a: Chansey|6\/100 tox\n|move|p2a: Chansey|Seismic Toss|p1a: Heatran\n|-damage|p1a: Heatran|61\/100\n|\n|-heal|p1a: Heatran|67\/100|[from] item: Leftovers\n|-damage|p2a: Chansey|0 fnt|[from] psn\n|faint|p2a: Chansey\n|upkeep\n|\n|t:|1665261860\n|switch|p2a: Latias|Latias, F|100\/100\n|-damage|p2a: Latias|88\/100|[from] Stealth Rock\n|turn|39\n|\n|t:|1665261866\n|detailschange|p2a: Latias|Latias-Mega, F\n|-mega|p2a: Latias|Latias|Latiasite\n|move|p2a: Latias|Substitute|p2a: Latias\n|-start|p2a: Latias|Substitute\n|-damage|p2a: Latias|63\/100\n|move|p1a: Heatran|Toxic||[still]\n|-fail|p1a: Heatran\n|\n|-heal|p1a: Heatran|73\/100|[from] item: Leftovers\n|upkeep\n|turn|40\n|\n|t:|1665261874\n|switch|p1a: Scizor|Scizor, M|81\/100\n|-damage|p1a: Scizor|69\/100|[from] Stealth Rock\n|move|p2a: Latias|Calm Mind|p2a: Latias\n|-boost|p2a: Latias|spa|1\n|-boost|p2a: Latias|spd|1\n|\n|upkeep\n|turn|41\n|\n|t:|1665261884\n|detailschange|p1a: Scizor|Scizor-Mega, M\n|-mega|p1a: Scizor|Scizor|Scizorite\n|move|p2a: Latias|Stored Power|p1a: Scizor\n|-resisted|p1a: Scizor\n|-damage|p1a: Scizor|49\/100\n|move|p1a: Scizor|Swords Dance|p1a: Scizor\n|-boost|p1a: Scizor|atk|2\n|\n|upkeep\n|turn|42\n|\n|t:|1665261893\n|move|p1a: Scizor|Bullet Punch|p2a: Latias\n|-end|p2a: Latias|Substitute\n|move|p2a: Latias|Calm Mind|p2a: Latias\n|-boost|p2a: Latias|spa|1\n|-boost|p2a: Latias|spd|1\n|\n|upkeep\n|turn|43\n|\n|t:|1665261899\n|switch|p2a: Toxapex|Toxapex, M|100\/100\n|-damage|p2a: Toxapex|88\/100|[from] Stealth Rock\n|move|p1a: Scizor|Bullet Punch|p2a: Toxapex\n|-resisted|p2a: Toxapex\n|-damage|p2a: Toxapex|67\/100\n|\n|-heal|p2a: Toxapex|73\/100|[from] item: Black Sludge\n|upkeep\n|turn|44\n|\n|t:|1665261907\n|move|p1a: Scizor|Sand Tomb|p2a: Toxapex\n|-supereffective|p2a: Toxapex\n|-damage|p2a: Toxapex|31\/100\n|-activate|p2a: Toxapex|move: Sand Tomb|[of] p1a: Scizor\n|move|p2a: Toxapex|Scald|p1a: Scizor\n|-damage|p1a: Scizor|32\/100\n|-status|p1a: Scizor|brn\n|\n|-heal|p2a: Toxapex|37\/100|[from] item: Black Sludge\n|-damage|p1a: Scizor|26\/100 brn|[from] brn\n|-damage|p2a: Toxapex|25\/100|[from] move: Sand Tomb|[partiallytrapped]\n|upkeep\n|turn|45\n|\n|t:|1665261919\n|move|p1a: Scizor|Sand Tomb|p2a: Toxapex|[miss]\n|-miss|p1a: Scizor|p2a: Toxapex\n|move|p2a: Toxapex|Recover|p2a: Toxapex\n|-heal|p2a: Toxapex|75\/100\n|\n|-heal|p2a: Toxapex|81\/100|[from] item: Black Sludge\n|-damage|p1a: Scizor|19\/100 brn|[from] brn\n|-damage|p2a: Toxapex|68\/100|[from] move: Sand Tomb|[partiallytrapped]\n|upkeep\n|turn|46\n|\n|t:|1665261928\n|move|p1a: Scizor|Roost|p1a: Scizor\n|-heal|p1a: Scizor|70\/100 brn\n|-singleturn|p1a: Scizor|move: Roost\n|move|p2a: Toxapex|Toxic Spikes|p1a: Scizor\n|-sidestart|p1: MurderousMantyke|move: Toxic Spikes\n|\n|-heal|p2a: Toxapex|75\/100|[from] item: Black Sludge\n|-damage|p1a: Scizor|63\/100 brn|[from] brn\n|-damage|p2a: Toxapex|62\/100|[from] move: Sand Tomb|[partiallytrapped]\n|upkeep\n|turn|47\n|l|+Wildfiree \u2764\n|\n|t:|1665261937\n|move|p1a: Scizor|Sand Tomb|p2a: Toxapex\n|-supereffective|p2a: Toxapex\n|-damage|p2a: Toxapex|39\/100\n|move|p2a: Toxapex|Haze|p2a: Toxapex\n|-clearallboost\n|\n|-heal|p2a: Toxapex|45\/100|[from] item: Black Sludge\n|-damage|p1a: Scizor|57\/100 brn|[from] brn\n|-damage|p2a: Toxapex|33\/100|[from] move: Sand Tomb|[partiallytrapped]\n|upkeep\n|turn|48\n|\n|t:|1665261946\n|move|p1a: Scizor|Swords Dance|p1a: Scizor\n|-boost|p1a: Scizor|atk|2\n|move|p2a: Toxapex|Recover|p2a: Toxapex\n|-heal|p2a: Toxapex|83\/100\n|\n|-heal|p2a: Toxapex|89\/100|[from] item: Black Sludge\n|-damage|p1a: Scizor|51\/100 brn|[from] brn\n|-end|p2a: Toxapex|Sand Tomb|[partiallytrapped]\n|upkeep\n|turn|49\n|\n|t:|1665261955\n|switch|p2a: Corviknight|Corviknight, M|77\/100 par\n|-damage|p2a: Corviknight|65\/100 par|[from] Stealth Rock\n|-ability|p2a: Corviknight|Pressure\n|move|p1a: Scizor|Roost|p1a: Scizor\n|-heal|p1a: Scizor|100\/100 brn\n|-singleturn|p1a: Scizor|move: Roost\n|\n|-heal|p2a: Corviknight|71\/100 par|[from] item: Leftovers\n|-damage|p1a: Scizor|94\/100 brn|[from] brn\n|upkeep\n|turn|50\n|\n|t:|1665261965\n|switch|p1a: Heatran|Heatran, F|73\/100\n|-damage|p1a: Heatran|61\/100|[from] Stealth Rock\n|move|p2a: Corviknight|Roost|p2a: Corviknight\n|-heal|p2a: Corviknight|100\/100 par\n|-singleturn|p2a: Corviknight|move: Roost\n|\n|-heal|p1a: Heatran|67\/100|[from] item: Leftovers\n|upkeep\n|turn|51\n|\n|t:|1665261980\n|switch|p2a: Toxapex|Toxapex, M|100\/100\n|-damage|p2a: Toxapex|88\/100|[from] Stealth Rock\n|move|p1a: Heatran|Toxic|p2a: Toxapex\n|-immune|p2a: Toxapex\n|\n|-heal|p1a: Heatran|73\/100|[from] item: Leftovers\n|-heal|p2a: Toxapex|94\/100|[from] item: Black Sludge\n|upkeep\n|turn|52\n|\n|t:|1665261988\n|move|p1a: Heatran|Magma Storm|p2a: Toxapex\n|-resisted|p2a: Toxapex\n|-damage|p2a: Toxapex|77\/100\n|-activate|p2a: Toxapex|move: Magma Storm|[of] p1a: Heatran\n|move|p2a: Toxapex|Scald|p1a: Heatran\n|-supereffective|p1a: Heatran\n|-damage|p1a: Heatran|49\/100\n|\n|-heal|p1a: Heatran|55\/100|[from] item: Leftovers\n|-heal|p2a: Toxapex|84\/100|[from] item: Black Sludge\n|-damage|p2a: Toxapex|71\/100|[from] move: Magma Storm|[partiallytrapped]\n|upkeep\n|turn|53\n|\n|t:|1665261998\n|move|p1a: Heatran|Earth Power|p2a: Toxapex\n|-supereffective|p2a: Toxapex\n|-damage|p2a: Toxapex|29\/100\n|move|p2a: Toxapex|Scald|p1a: Heatran\n|-supereffective|p1a: Heatran\n|-damage|p1a: Heatran|28\/100\n|\n|-heal|p1a: Heatran|34\/100|[from] item: Leftovers\n|-heal|p2a: Toxapex|35\/100|[from] item: Black Sludge\n|-damage|p2a: Toxapex|23\/100|[from] move: Magma Storm|[partiallytrapped]\n|upkeep\n|turn|54\n|\n|t:|1665262012\n|move|p1a: Heatran|Earth Power|p2a: Toxapex\n|-supereffective|p2a: Toxapex\n|-damage|p2a: Toxapex|0 fnt\n|faint|p2a: Toxapex\n|\n|-heal|p1a: Heatran|40\/100|[from] item: Leftovers\n|upkeep\n|\n|t:|1665262018\n|switch|p2a: Latias|Latias-Mega, F|63\/100\n|-damage|p2a: Latias|51\/100|[from] Stealth Rock\n|turn|55\n|\n|t:|1665262023\n|switch|p1a: Scizor|Scizor-Mega, M|94\/100 brn\n|-damage|p1a: Scizor|82\/100 brn|[from] Stealth Rock\n|move|p2a: Latias|Substitute|p2a: Latias\n|-start|p2a: Latias|Substitute\n|-damage|p2a: Latias|26\/100\n|\n|-damage|p1a: Scizor|76\/100 brn|[from] brn\n|upkeep\n|turn|56\n|\n|t:|1665262031\n|move|p2a: Latias|Roost|p2a: Latias\n|-heal|p2a: Latias|76\/100\n|-singleturn|p2a: Latias|move: Roost\n|move|p1a: Scizor|Swords Dance|p1a: Scizor\n|-boost|p1a: Scizor|atk|2\n|\n|-damage|p1a: Scizor|70\/100 brn|[from] brn\n|upkeep\n|turn|57\n|\n|t:|1665262047\n|switch|p2a: Corviknight|Corviknight, M|100\/100 par\n|-damage|p2a: Corviknight|88\/100 par|[from] Stealth Rock\n|-ability|p2a: Corviknight|Pressure\n|move|p1a: Scizor|Swords Dance|p1a: Scizor\n|-boost|p1a: Scizor|atk|2\n|\n|-heal|p2a: Corviknight|94\/100 par|[from] item: Leftovers\n|-damage|p1a: Scizor|64\/100 brn|[from] brn\n|upkeep\n|turn|58\n|\n|t:|1665262077\n|switch|p1a: Heatran|Heatran, F|40\/100\n|-damage|p1a: Heatran|28\/100|[from] Stealth Rock\n|cant|p2a: Corviknight|par\n|\n|-heal|p1a: Heatran|34\/100|[from] item: Leftovers\n|-heal|p2a: Corviknight|100\/100 par|[from] item: Leftovers\n|upkeep\n|turn|59\n|\n|t:|1665262085\n|move|p1a: Heatran|Toxic||[still]\n|-fail|p1a: Heatran\n|cant|p2a: Corviknight|par\n|\n|-heal|p1a: Heatran|40\/100|[from] item: Leftovers\n|upkeep\n|turn|60\n|c|\u2606myself12|bruh\n|\n|t:|1665262091\n|move|p1a: Heatran|Magma Storm|p2a: Corviknight|[miss]\n|-miss|p1a: Heatran|p2a: Corviknight\n|move|p2a: Corviknight|U-turn|p1a: Heatran\n|-resisted|p1a: Heatran\n|-damage|p1a: Heatran|37\/100\n|c|\u2606MurderousMantyke|bruh\n|\n|t:|1665262098\n|switch|p2a: Latias|Latias-Mega, F|76\/100|[from]move: U-turn\n|-damage|p2a: Latias|64\/100|[from] Stealth Rock\n|\n|-heal|p1a: Heatran|44\/100|[from] item: Leftovers\n|upkeep\n|turn|61\n|j| PSaddict123\n|\n|t:|1665262109\n|switch|p1a: Scizor|Scizor-Mega, M|64\/100 brn\n|-damage|p1a: Scizor|52\/100 brn|[from] Stealth Rock\n|move|p2a: Latias|Substitute|p2a: Latias\n|-start|p2a: Latias|Substitute\n|-damage|p2a: Latias|39\/100\n|\n|-damage|p1a: Scizor|45\/100 brn|[from] brn\n|upkeep\n|turn|62\n|\n|t:|1665262117\n|move|p2a: Latias|Calm Mind|p2a: Latias\n|-boost|p2a: Latias|spa|1\n|-boost|p2a: Latias|spd|1\n|move|p1a: Scizor|Roost|p1a: Scizor\n|-heal|p1a: Scizor|96\/100 brn\n|-singleturn|p1a: Scizor|move: Roost\n|\n|-damage|p1a: Scizor|89\/100 brn|[from] brn\n|upkeep\n|turn|63\n|\n|t:|1665262135\n|move|p2a: Latias|Calm Mind|p2a: Latias\n|-boost|p2a: Latias|spa|1\n|-boost|p2a: Latias|spd|1\n|move|p1a: Scizor|Swords Dance|p1a: Scizor\n|-boost|p1a: Scizor|atk|2\n|\n|-damage|p1a: Scizor|83\/100 brn|[from] brn\n|upkeep\n|turn|64\n|\n|t:|1665262152\n|move|p1a: Scizor|Bullet Punch|p2a: Latias\n|-activate|p2a: Latias|move: Substitute|[damage]\n|move|p2a: Latias|Roost|p2a: Latias\n|-heal|p2a: Latias|89\/100\n|-singleturn|p2a: Latias|move: Roost\n|\n|-damage|p1a: Scizor|77\/100 brn|[from] brn\n|upkeep\n|turn|65\n|\n|t:|1665262162\n|move|p2a: Latias|Stored Power|p1a: Scizor\n|-resisted|p1a: Scizor\n|-damage|p1a: Scizor|29\/100 brn\n|move|p1a: Scizor|Swords Dance|p1a: Scizor\n|-boost|p1a: Scizor|atk|2\n|\n|-damage|p1a: Scizor|23\/100 brn|[from] brn\n|upkeep\n|turn|66\n|\n|t:|1665262171\n|move|p1a: Scizor|Bullet Punch|p2a: Latias\n|-end|p2a: Latias|Substitute\n|move|p2a: Latias|Stored Power|p1a: Scizor\n|-resisted|p1a: Scizor\n|-damage|p1a: Scizor|0 fnt\n|faint|p1a: Scizor\n|\n|upkeep\n|\n|t:|1665262179\n|switch|p1a: Landorus|Landorus-Therian, M|30\/100\n|-damage|p1a: Landorus|18\/100|[from] Stealth Rock\n|-ability|p1a: Landorus|Intimidate|boost\n|-unboost|p2a: Latias|atk|1\n|turn|67\n|\n|t:|1665262184\n|move|p2a: Latias|Stored Power|p1a: Landorus\n|-damage|p1a: Landorus|0 fnt\n|faint|p1a: Landorus\n|\n|upkeep\n|c|\u2606MurderousMantyke|gg\n|-message|MurderousMantyke forfeited.\n|\n|win|myself12\n|raw|MurderousMantyke's rating: 1682 &rarr; <strong>1662<\/strong><br \/>(-20 for losing)\n|raw|myself12's rating: 1675 &rarr; <strong>1695<\/strong><br \/>(+20 for winning)\n|l|\u2606MurderousMantyke\n|c|\u2606myself12|gg\n||Ladder isn't responding, score probably updated but might not have (Request timeout).\n","uploadtime":1665262194,"views":12,"p1id":"murderousmantyke","p2id":"myself12","formatid":"gen8nationaldex","rating":1662,"private":0,"password":null}