{"id":"gen8nationaldexag-1635788339","p1":"Cpt Impact","p2":"Rediyu","format":"gen8nationaldexag","log":"|j|\u2606Cpt Impact\n|j|\u2606Rediyu\n|t:|1660055430\n|gametype|singles\n|player|p1|Cpt Impact|riley|\n|player|p2|Rediyu|guitarist|\n|teamsize|p1|6\n|teamsize|p2|6\n|gen|8\n|tier|[Gen 8] National Dex AG\n|rule|HP Percentage Mod: HP is shown in percentages\n|rule|Endless Battle Clause: Forcing endless battles is banned\n|clearpoke\n|poke|p1|Regieleki|\n|poke|p1|Lycanroc-Dusk, M|\n|poke|p1|Heracross, F|\n|poke|p1|Tornadus-Therian, M|\n|poke|p1|Tsareena, F|\n|poke|p1|Primarina, M|\n|poke|p2|Sylveon, F|\n|poke|p2|Spectrier|\n|poke|p2|Absol, M|\n|poke|p2|Mienshao, M|\n|poke|p2|Shaymin|\n|poke|p2|Mesprit|\n|teampreview\n|\n|t:|1660055503\n|start\n|switch|p1a: Toy Story|Regieleki|100\/100\n|switch|p2a: Fight Dude|Mienshao, M|100\/100\n|turn|1\n|\n|t:|1660055531\n|switch|p1a: Up|Tornadus-Therian, M|100\/100\n|move|p2a: Fight Dude|High Jump Kick|p1a: Up\n|-resisted|p1a: Up\n|-damage|p1a: Up|50\/100\n|\n|upkeep\n|turn|2\n|\n|t:|1660055574\n|switch|p1a: Finding Dory|Primarina, M|100\/100\n|move|p2a: Fight Dude|High Jump Kick|p1a: Finding Dory\n|-resisted|p1a: Finding Dory\n|-damage|p1a: Finding Dory|50\/100\n|\n|upkeep\n|turn|3\n|\n|t:|1660055593\n|move|p2a: Fight Dude|High Jump Kick|p1a: Finding Dory\n|-resisted|p1a: Finding Dory\n|-damage|p1a: Finding Dory|2\/100\n|move|p1a: Finding Dory|Moonblast|p2a: Fight Dude\n|-supereffective|p2a: Fight Dude\n|-damage|p2a: Fight Dude|0 fnt\n|faint|p2a: Fight Dude\n|\n|upkeep\n|\n|t:|1660055600\n|switch|p2a: Psycho Elfe|Mesprit|100\/100\n|turn|4\n|\n|t:|1660055621\n|move|p2a: Psycho Elfe|Stealth Rock|p1a: Finding Dory\n|-sidestart|p1: Cpt Impact|move: Stealth Rock\n|move|p1a: Finding Dory|Moonblast|p2a: Psycho Elfe\n|-damage|p2a: Psycho Elfe|30\/100\n|\n|upkeep\n|turn|5\n|\n|t:|1660055631\n|move|p2a: Psycho Elfe|U-turn|p1a: Finding Dory\n|-resisted|p1a: Finding Dory\n|-damage|p1a: Finding Dory|0 fnt\n|faint|p1a: Finding Dory\n|\n|t:|1660055647\n|switch|p2a: Fairy Eve|Sylveon, F|100\/100|[from]move: U-turn\n|\n|upkeep\n|\n|t:|1660055671\n|switch|p1a: Toy Story|Regieleki|100\/100\n|-damage|p1a: Toy Story|88\/100|[from] Stealth Rock\n|turn|6\n|\n|t:|1660055675\n|move|p1a: Toy Story|Volt Switch|p2a: Fairy Eve\n|-damage|p2a: Fairy Eve|66\/100\n|\n|t:|1660055709\n|switch|p1a: Up|Tornadus-Therian, M|83\/100|[from]move: Volt Switch\n|-damage|p1a: Up|58\/100|[from] Stealth Rock\n|move|p2a: Fairy Eve|Hyper Voice|p1a: Up\n|-damage|p1a: Up|12\/100\n|\n|upkeep\n|turn|7\n|\n|t:|1660055739\n|move|p2a: Fairy Eve|Quick Attack|p1a: Up\n|-damage|p1a: Up|0 fnt\n|faint|p1a: Up\n|\n|upkeep\n|\n|t:|1660055772\n|switch|p1a: A Bug\u2019s Life|Heracross, F|100\/100\n|-damage|p1a: A Bug\u2019s Life|88\/100|[from] Stealth Rock\n|turn|8\n|\n|t:|1660055840\n|detailschange|p1a: A Bug\u2019s Life|Heracross-Mega, F\n|-mega|p1a: A Bug\u2019s Life|Heracross|Heracronite\n|move|p2a: Fairy Eve|Quick Attack|p1a: A Bug\u2019s Life\n|-supereffective|p1a: A Bug\u2019s Life\n|-crit|p1a: A Bug\u2019s Life\n|-damage|p1a: A Bug\u2019s Life|54\/100\n|move|p1a: A Bug\u2019s Life|Bullet Seed|p2a: Fairy Eve\n|-damage|p2a: Fairy Eve|52\/100\n|-damage|p2a: Fairy Eve|38\/100\n|-damage|p2a: Fairy Eve|24\/100\n|-damage|p2a: Fairy Eve|9\/100\n|-damage|p2a: Fairy Eve|0 fnt\n|faint|p2a: Fairy Eve\n|-hitcount|p2: Fairy Eve|5\n|\n|upkeep\n|\n|t:|1660055844\n|switch|p2a: Ghost Ponny|Spectrier|100\/100\n|turn|9\n|\n|t:|1660055864\n|switch|p1a: Brave|Tsareena, F|100\/100\n|-damage|p1a: Brave|88\/100|[from] Stealth Rock\n|move|p2a: Ghost Ponny|Shadow Ball|p1a: Brave\n|-damage|p1a: Brave|22\/100\n|-unboost|p1a: Brave|spd|1\n|\n|-heal|p1a: Brave|28\/100|[from] item: Leftovers\n|upkeep\n|turn|10\n|\n|t:|1660055867\n|move|p2a: Ghost Ponny|Shadow Ball|p1a: Brave\n|-damage|p1a: Brave|0 fnt\n|faint|p1a: Brave\n|-ability|p2a: Ghost Ponny|Grim Neigh|boost\n|-boost|p2a: Ghost Ponny|spa|1\n|\n|upkeep\n|\n|t:|1660055869\n|switch|p1a: Toy Story|Regieleki|88\/100\n|-damage|p1a: Toy Story|76\/100|[from] Stealth Rock\n|turn|11\n|\n|t:|1660055874\n|move|p1a: Toy Story|Thunderbolt|p2a: Ghost Ponny\n|-damage|p2a: Ghost Ponny|0 fnt\n|faint|p2a: Ghost Ponny\n|\n|upkeep\n|\n|t:|1660055906\n|switch|p2a: Grass Igel|Shaymin|100\/100\n|turn|12\n|\n|t:|1660055927\n|move|p1a: Toy Story|Thunderbolt|p2a: Grass Igel\n|-resisted|p2a: Grass Igel\n|-damage|p2a: Grass Igel|49\/100\n|-zpower|p2a: Grass Igel\n|move|p2a: Grass Igel|Z-Celebrate|p2a: Grass Igel|[anim]Celebrate\n|-boost|p2a: Grass Igel|atk|1|[zeffect]\n|-boost|p2a: Grass Igel|def|1|[zeffect]\n|-boost|p2a: Grass Igel|spa|1|[zeffect]\n|-boost|p2a: Grass Igel|spd|1|[zeffect]\n|-boost|p2a: Grass Igel|spe|1|[zeffect]\n|-activate|p2a: Grass Igel|move: Celebrate\n|\n|upkeep\n|turn|13\n|\n|t:|1660055933\n|move|p2a: Grass Igel|Synthesis|p2a: Grass Igel\n|-heal|p2a: Grass Igel|99\/100\n|move|p1a: Toy Story|Thunderbolt|p2a: Grass Igel\n|-resisted|p2a: Grass Igel\n|-damage|p2a: Grass Igel|69\/100\n|-status|p2a: Grass Igel|par\n|\n|upkeep\n|turn|14\n|\n|t:|1660055937\n|move|p1a: Toy Story|Thunderbolt|p2a: Grass Igel\n|-resisted|p2a: Grass Igel\n|-damage|p2a: Grass Igel|38\/100 par\n|cant|p2a: Grass Igel|par\n|\n|upkeep\n|turn|15\n|\n|t:|1660055940\n|move|p1a: Toy Story|Thunderbolt|p2a: Grass Igel\n|-resisted|p2a: Grass Igel\n|-damage|p2a: Grass Igel|6\/100 par\n|move|p2a: Grass Igel|Synthesis|p2a: Grass Igel\n|-heal|p2a: Grass Igel|56\/100 par\n|\n|upkeep\n|turn|16\n|\n|t:|1660055943\n|move|p1a: Toy Story|Thunderbolt|p2a: Grass Igel\n|-resisted|p2a: Grass Igel\n|-damage|p2a: Grass Igel|26\/100 par\n|cant|p2a: Grass Igel|par\n|\n|upkeep\n|turn|17\n|\n|t:|1660055947\n|move|p1a: Toy Story|Thunderbolt|p2a: Grass Igel\n|-resisted|p2a: Grass Igel\n|-damage|p2a: Grass Igel|0 fnt\n|faint|p2a: Grass Igel\n|\n|upkeep\n|\n|t:|1660055950\n|switch|p2a: Dark Chaos|Absol, M|100\/100\n|turn|18\n|\n|t:|1660055965\n|detailschange|p2a: Dark Chaos|Absol-Mega, M\n|-mega|p2a: Dark Chaos|Absol|Absolite\n|move|p2a: Dark Chaos|Sucker Punch|p1a: Toy Story\n|-damage|p1a: Toy Story|0 fnt\n|faint|p1a: Toy Story\n|\n|upkeep\n|\n|t:|1660055981\n|switch|p1a: Monsters Inc.|Lycanroc-Dusk, M|100\/100\n|-damage|p1a: Monsters Inc.|88\/100|[from] Stealth Rock\n|turn|19\n|\n|t:|1660055986\n|switch|p2a: Psycho Elfe|Mesprit|30\/100\n|move|p1a: Monsters Inc.|Close Combat|p2a: Psycho Elfe\n|-resisted|p2a: Psycho Elfe\n|-damage|p2a: Psycho Elfe|1\/100\n|-unboost|p1a: Monsters Inc.|def|1\n|-unboost|p1a: Monsters Inc.|spd|1\n|-damage|p1a: Monsters Inc.|78\/100|[from] item: Life Orb\n|\n|upkeep\n|turn|20\n|\n|t:|1660055994\n|move|p1a: Monsters Inc.|Psychic Fangs|p2a: Psycho Elfe\n|-resisted|p2a: Psycho Elfe\n|-damage|p2a: Psycho Elfe|0 fnt\n|faint|p2a: Psycho Elfe\n|-damage|p1a: Monsters Inc.|68\/100|[from] item: Life Orb\n|\n|upkeep\n|\n|t:|1660055996\n|switch|p2a: Dark Chaos|Absol-Mega, M|100\/100\n|turn|21\n|\n|t:|1660056002\n|move|p2a: Dark Chaos|Sucker Punch|p1a: Monsters Inc.\n|-damage|p1a: Monsters Inc.|0 fnt\n|faint|p1a: Monsters Inc.\n|\n|upkeep\n|\n|t:|1660056004\n|switch|p1a: A Bug\u2019s Life|Heracross-Mega, F|54\/100\n|-damage|p1a: A Bug\u2019s Life|42\/100|[from] Stealth Rock\n|turn|22\n|\n|t:|1660056037\n|move|p2a: Dark Chaos|Play Rough|p1a: A Bug\u2019s Life\n|-supereffective|p1a: A Bug\u2019s Life\n|-damage|p1a: A Bug\u2019s Life|0 fnt\n|faint|p1a: A Bug\u2019s Life\n|\n|win|Rediyu\n","uploadtime":1660056042,"views":13,"p1id":"cptimpact","p2id":"rediyu","formatid":"gen8nationaldexag","rating":0,"private":0,"password":null}