{"id":"gen8uu-1310339633","p1":"Crimson373","p2":"cump2","format":"gen8uu","log":"|j|\u2606Crimson373\n|j|\u2606cump2\n|t:|1616892118\n|player|p1|Crimson373|199|1254\n|player|p2|cump2|169|1283\n|teamsize|p1|6\n|teamsize|p2|6\n|gametype|singles\n|gen|8\n|tier|[Gen 8] UU\n|rated|\n|clearpoke\n|poke|p1|Zeraora|\n|poke|p1|Scizor, F|\n|poke|p1|Moltres-Galar|\n|poke|p1|Amoonguss, F|\n|poke|p1|Rhyperior, M|\n|poke|p1|Azelf|\n|poke|p2|Venusaur, F|\n|poke|p2|Charizard, M|\n|poke|p2|Blastoise, F|\n|poke|p2|Ninetales, M|\n|poke|p2|Aerodactyl, F|\n|poke|p2|Chansey, F|\n|rule|Sleep Clause Mod: Limit one foe put to sleep\n|rule|Species Clause: Limit one of each Pok\u00e9mon\n|rule|OHKO Clause: OHKO moves are banned\n|rule|Evasion Moves Clause: Evasion moves are banned\n|rule|Endless Battle Clause: Forcing endless battles is banned\n|rule|HP Percentage Mod: HP is shown in percentages\n|rule|Dynamax Clause: You cannot dynamax\n|teampreview\n|\n|t:|1616892146\n|start\n|switch|p1a: Azelf|Azelf|100\/100\n|switch|p2a: Aerodactyl|Aerodactyl, F|100\/100\n|-ability|p2a: Aerodactyl|Pressure\n|turn|1\n|\n|t:|1616892162\n|switch|p1a: Homygod|Scizor, F|100\/100\n|move|p2a: Aerodactyl|Dragon Dance|p2a: Aerodactyl\n|-boost|p2a: Aerodactyl|atk|1\n|-boost|p2a: Aerodactyl|spe|1\n|\n|upkeep\n|turn|2\n|\n|t:|1616892170\n|move|p1a: Homygod|Bullet Punch|p2a: Aerodactyl\n|-supereffective|p2a: Aerodactyl\n|-enditem|p2a: Aerodactyl|Focus Sash\n|-damage|p2a: Aerodactyl|1\/100\n|move|p2a: Aerodactyl|Dual Wingbeat|p1a: Homygod\n|-damage|p1a: Homygod|72\/100\n|-damage|p1a: Homygod|46\/100\n|-hitcount|p1a: Homygod|2\n|\n|upkeep\n|turn|3\n|\n|t:|1616892179\n|switch|p2a: Ninetales|Ninetales, M|100\/100\n|-weather|SunnyDay|[from] ability: Drought|[of] p2a: Ninetales\n|move|p1a: Homygod|Bullet Punch|p2a: Ninetales\n|-resisted|p2a: Ninetales\n|-damage|p2a: Ninetales|76\/100\n|\n|-weather|SunnyDay|[upkeep]\n|upkeep\n|turn|4\n|\n|t:|1616892202\n|switch|p1a: Baby Maker|Rhyperior, M|100\/100\n|move|p2a: Ninetales|Will-O-Wisp|p1a: Baby Maker\n|-status|p1a: Baby Maker|brn\n|\n|-weather|SunnyDay|[upkeep]\n|-damage|p1a: Baby Maker|94\/100 brn|[from] brn\n|upkeep\n|turn|5\n|\n|t:|1616892211\n|move|p2a: Ninetales|Solar Beam||[still]\n|-prepare|p2a: Ninetales|Solar Beam\n|-anim|p2a: Ninetales|Solar Beam|p1a: Baby Maker\n|-supereffective|p1a: Baby Maker\n|-damage|p1a: Baby Maker|20\/100 brn\n|move|p1a: Baby Maker|Stone Edge|p2a: Ninetales\n|-supereffective|p2a: Ninetales\n|-damage|p2a: Ninetales|0 fnt\n|faint|p2a: Ninetales\n|\n|-weather|SunnyDay|[upkeep]\n|-damage|p1a: Baby Maker|13\/100 brn|[from] brn\n|upkeep\n|\n|t:|1616892219\n|switch|p2a: Venusaur|Venusaur, F|100\/100\n|turn|6\n|\n|t:|1616892222\n|move|p2a: Venusaur|Growth|p2a: Venusaur\n|-boost|p2a: Venusaur|atk|2\n|-boost|p2a: Venusaur|spa|2\n|move|p1a: Baby Maker|Earthquake|p2a: Venusaur\n|-damage|p2a: Venusaur|61\/100\n|\n|-weather|SunnyDay|[upkeep]\n|-damage|p1a: Baby Maker|7\/100 brn|[from] brn\n|upkeep\n|turn|7\n|\n|t:|1616892228\n|move|p2a: Venusaur|Giga Drain|p1a: Baby Maker\n|-supereffective|p1a: Baby Maker\n|-damage|p1a: Baby Maker|0 fnt\n|-heal|p2a: Venusaur|66\/100|[from] drain|[of] p1a: Baby Maker\n|-damage|p2a: Venusaur|56\/100|[from] item: Life Orb\n|faint|p1a: Baby Maker\n|\n|-weather|SunnyDay|[upkeep]\n|upkeep\n|\n|t:|1616892243\n|switch|p1a: DON'T THINK IT|Amoonguss, F|100\/100\n|turn|8\n|\n|t:|1616892248\n|move|p2a: Venusaur|Weather Ball|p1a: DON'T THINK IT\n|-supereffective|p1a: DON'T THINK IT\n|-damage|p1a: DON'T THINK IT|0 fnt\n|-damage|p2a: Venusaur|46\/100|[from] item: Life Orb\n|faint|p1a: DON'T THINK IT\n|\n|-weather|SunnyDay|[upkeep]\n|upkeep\n|\n|t:|1616892279\n|switch|p1a: Azelf|Azelf|100\/100\n|turn|9\n|\n|t:|1616892284\n|move|p2a: Venusaur|Giga Drain|p1a: Azelf\n|-enditem|p1a: Azelf|Focus Sash\n|-damage|p1a: Azelf|1\/100\n|-heal|p2a: Venusaur|94\/100|[from] drain|[of] p1a: Azelf\n|-damage|p2a: Venusaur|84\/100|[from] item: Life Orb\n|move|p1a: Azelf|Stealth Rock|p2a: Venusaur\n|-sidestart|p2: cump2|move: Stealth Rock\n|\n|-weather|SunnyDay|[upkeep]\n|upkeep\n|turn|10\n|\n|t:|1616892295\n|switch|p1a: Homygod|Scizor, F|46\/100\n|move|p2a: Venusaur|Weather Ball|p1a: Homygod\n|-supereffective|p1a: Homygod\n|-damage|p1a: Homygod|0 fnt\n|-damage|p2a: Venusaur|74\/100|[from] item: Life Orb\n|faint|p1a: Homygod\n|\n|-weather|none\n|upkeep\n|c|\u2606Crimson373|good play good play\n|c|\u2606cump2|ty\n|\n|t:|1616892313\n|switch|p1a: Azelf|Azelf|1\/100\n|turn|11\n|\n|t:|1616892316\n|move|p1a: Azelf|Explosion|p2a: Venusaur\n|-damage|p2a: Venusaur|0 fnt\n|faint|p1a: Azelf\n|faint|p2a: Venusaur\n|\n|upkeep\n|\n|t:|1616892327\n|switch|p1a: BIRB|Moltres-Galar|100\/100\n|switch|p2a: Blastoise|Blastoise, F|100\/100\n|turn|12\n|\n|t:|1616892338\n|move|p1a: BIRB|Agility|p1a: BIRB\n|-boost|p1a: BIRB|spe|2\n|move|p2a: Blastoise|Yawn|p1a: BIRB\n|-start|p1a: BIRB|move: Yawn|[of] p2a: Blastoise\n|\n|upkeep\n|turn|13\n|\n|t:|1616892347\n|move|p1a: BIRB|Hurricane|p2a: Blastoise\n|-damage|p2a: Blastoise|63\/100\n|move|p2a: Blastoise|Rapid Spin|p1a: BIRB\n|-damage|p1a: BIRB|90\/100\n|-boost|p2a: Blastoise|spe|1\n|-sideend|p2: cump2|Stealth Rock|[from] move: Rapid Spin|[of] p2a: Blastoise\n|\n|-end|p1a: BIRB|move: Yawn|[silent]\n|-status|p1a: BIRB|slp\n|upkeep\n|turn|14\n|\n|t:|1616892355\n|cant|p1a: BIRB|slp\n|move|p2a: Blastoise|Flip Turn|p1a: BIRB\n|-damage|p1a: BIRB|70\/100 slp\n|\n|t:|1616892361\n|switch|p2a: Aerodactyl|Aerodactyl, F|1\/100|[from]move: Flip Turn\n|-ability|p2a: Aerodactyl|Pressure\n|\n|upkeep\n|turn|15\n|\n|t:|1616892366\n|-curestatus|p1a: BIRB|slp|[msg]\n|move|p1a: BIRB|Hyper Voice|p2a: Aerodactyl\n|-resisted|p2a: Aerodactyl\n|-damage|p2a: Aerodactyl|0 fnt\n|-enditem|p1a: BIRB|Throat Spray\n|-boost|p1a: BIRB|spa|1|[from] item: Throat Spray\n|faint|p2a: Aerodactyl\n|\n|upkeep\n|\n|t:|1616892372\n|switch|p2a: Charizard|Charizard, M|100\/100\n|turn|16\n|\n|t:|1616892375\n|move|p1a: BIRB|Fiery Wrath|p2a: Charizard\n|-damage|p2a: Charizard|20\/100\n|move|p2a: Charizard|Overheat|p1a: BIRB\n|-damage|p1a: BIRB|0 fnt\n|-unboost|p2a: Charizard|spa|2\n|faint|p1a: BIRB\n|\n|upkeep\n|\n|t:|1616892383\n|switch|p1a: Digimon Reject|Zeraora|100\/100\n|turn|17\n|\n|t:|1616892388\n|move|p1a: Digimon Reject|Knock Off|p2a: Charizard\n|-damage|p2a: Charizard|0 fnt\n|-enditem|p2a: Charizard|Choice Specs|[from] move: Knock Off|[of] p1a: Digimon Reject\n|-damage|p1a: Digimon Reject|91\/100|[from] item: Life Orb\n|faint|p2a: Charizard\n|\n|upkeep\n|\n|t:|1616892391\n|switch|p2a: Blastoise|Blastoise, F|63\/100\n|turn|18\n|\n|t:|1616892395\n|move|p1a: Digimon Reject|Plasma Fists|p2a: Blastoise\n|-supereffective|p2a: Blastoise\n|-damage|p2a: Blastoise|0 fnt\n|-fieldactivate|move: Ion Deluge\n|-damage|p1a: Digimon Reject|81\/100|[from] item: Life Orb\n|faint|p2a: Blastoise\n|\n|upkeep\n|\n|t:|1616892397\n|switch|p2a: Chansey|Chansey, F|100\/100\n|turn|19\n|c|\u2606cump2|gg\n|\n|t:|1616892404\n|move|p1a: Digimon Reject|Close Combat|p2a: Chansey\n|-supereffective|p2a: Chansey\n|-damage|p2a: Chansey|34\/100\n|-unboost|p1a: Digimon Reject|def|1\n|-unboost|p1a: Digimon Reject|spd|1\n|-damage|p1a: Digimon Reject|71\/100|[from] item: Life Orb\n|move|p2a: Chansey|Toxic|p1a: Digimon Reject\n|-status|p1a: Digimon Reject|tox\n|\n|-damage|p1a: Digimon Reject|65\/100 tox|[from] psn\n|upkeep\n|turn|20\n|c|\u2606Crimson373|gg\n|\n|t:|1616892413\n|move|p1a: Digimon Reject|Close Combat|p2a: Chansey\n|-supereffective|p2a: Chansey\n|-damage|p2a: Chansey|0 fnt\n|-unboost|p1a: Digimon Reject|def|1\n|-unboost|p1a: Digimon Reject|spd|1\n|-damage|p1a: Digimon Reject|56\/100 tox|[from] item: Life Orb\n|faint|p2a: Chansey\n|\n|win|Crimson373\n|raw|Crimson373's rating: 1254 &rarr; <strong>1281<\/strong><br \/>(+27 for winning)\n|raw|cump2's rating: 1283 &rarr; <strong>1256<\/strong><br \/>(-27 for losing)\n|l|\u2606cump2\n","uploadtime":1616892425,"views":24,"p1id":"crimson373","p2id":"cump2","formatid":"gen8uu","rating":1256,"private":0,"password":null}