{"id":"gen8nationaldex-1611177250","p1":"blissymaster","p2":"FleetFoxxx","format":"gen8nationaldex","log":"|j|\u2606blissymaster\n|j|\u2606FleetFoxxx\n|t:|1657068767\n|gametype|singles\n|player|p1|blissymaster|rosa|\n|player|p2|FleetFoxxx|flannery|\n|teamsize|p1|6\n|teamsize|p2|6\n|gen|8\n|tier|[Gen 8] National Dex\n|rule|HP Percentage Mod: HP is shown in percentages\n|rule|Endless Battle Clause: Forcing endless battles is banned\n|rule|OHKO Clause: OHKO moves are banned\n|rule|Evasion Moves Clause: Evasion moves are banned\n|rule|Species Clause: Limit one of each Pok\u00e9mon\n|rule|Dynamax Clause: You cannot dynamax\n|rule|Sleep Clause Mod: Limit one foe put to sleep\n|clearpoke\n|poke|p1|Pelipper, M|\n|poke|p1|Vaporeon, M|\n|poke|p1|Gastrodon, M|\n|poke|p1|Golisopod, M|\n|poke|p1|Basculin, F|\n|poke|p1|Suicune|\n|poke|p2|Bisharp, M|\n|poke|p2|Whimsicott, F|\n|poke|p2|Galvantula, F|\n|poke|p2|Coalossal, F|\n|poke|p2|Banette, M|\n|poke|p2|Togetic, F|\n|teampreview\n|\n|t:|1657068796\n|start\n|switch|p1a: Pelipper|Pelipper, M|100\/100\n|switch|p2a: Coalossal|Coalossal, F|100\/100\n|-weather|RainDance|[from] ability: Drizzle|[of] p1a: Pelipper\n|turn|1\n|j| johngalt149\n|j| evil heterosexual\n|\n|t:|1657068825\n|move|p1a: Pelipper|Hydro Pump|p2a: Coalossal\n|-supereffective|p2a: Coalossal\n|-enditem|p2a: Coalossal|Focus Sash\n|-damage|p2a: Coalossal|1\/100\n|-ability|p2a: Coalossal|Steam Engine|boost\n|-boost|p2a: Coalossal|spe|6\n|move|p2a: Coalossal|Ancient Power|p1a: Pelipper\n|-supereffective|p1a: Pelipper\n|-damage|p1a: Pelipper|29\/100\n|\n|-weather|RainDance|[upkeep]\n|upkeep\n|turn|2\n|\n|t:|1657068836\n|move|p2a: Coalossal|Solar Beam||[still]\n|-prepare|p2a: Coalossal|Solar Beam\n|move|p1a: Pelipper|U-turn|p2a: Coalossal\n|-resisted|p2a: Coalossal\n|-crit|p2a: Coalossal\n|-damage|p2a: Coalossal|0 fnt\n|faint|p2a: Coalossal\n|\n|t:|1657068844\n|switch|p1a: Golisopod|Golisopod, M|100\/100|[from]move: U-turn\n|\n|-weather|RainDance|[upkeep]\n|upkeep\n|j| Hror\n|c|\u2606blissymaster|uhhh\n|c| Hror|coolisopod hYPE\n|\n|t:|1657068863\n|switch|p2a: Togetic|Togetic, F|100\/100\n|turn|3\n|c|\u2606blissymaster|Solar Beam?\n|c| evil heterosexual|ur gastrodon is packed up\n|\n|t:|1657068880\n|move|p2a: Togetic|Toxic|p1a: Golisopod|[miss]\n|-miss|p2a: Togetic|p1a: Golisopod\n|move|p1a: Golisopod|Knock Off|p2a: Togetic\n|-resisted|p2a: Togetic\n|-damage|p2a: Togetic|90\/100\n|-enditem|p2a: Togetic|Eviolite|[from] move: Knock Off|[of] p1a: Golisopod\n|\n|-weather|RainDance|[upkeep]\n|upkeep\n|turn|4\n|c| evil heterosexual|fear the beam\n|\n|t:|1657068892\n|move|p2a: Togetic|Toxic|p1a: Golisopod\n|-status|p1a: Golisopod|tox\n|move|p1a: Golisopod|Liquidation|p2a: Togetic\n|-damage|p2a: Togetic|27\/100\n|\n|-weather|RainDance|[upkeep]\n|-damage|p1a: Golisopod|94\/100 tox|[from] psn\n|upkeep\n|turn|5\n|j| thamaestro\n|\n|t:|1657068929\n|switch|p2a: Whimsicott|Whimsicott, F|100\/100\n|move|p1a: Golisopod|Liquidation|p2a: Whimsicott\n|-resisted|p2a: Whimsicott\n|-damage|p2a: Whimsicott|47\/100\n|\n|-weather|none\n|-damage|p1a: Golisopod|82\/100 tox|[from] psn\n|upkeep\n|turn|6\n|\n|t:|1657068964\n|switch|p1a: Pelipper|Pelipper, M|29\/100\n|-weather|RainDance|[from] ability: Drizzle|[of] p1a: Pelipper\n|-zpower|p2a: Whimsicott\n|move|p2a: Whimsicott|Supersonic Skystrike|p1a: Pelipper|[zeffect]\n|-damage|p1a: Pelipper|0 fnt\n|faint|p1a: Pelipper\n|\n|-weather|RainDance|[upkeep]\n|upkeep\n|\n|t:|1657068971\n|switch|p1a: Basculin|Basculin, F|100\/100\n|turn|7\n|\n|t:|1657069016\n|move|p2a: Whimsicott|Tailwind|p2a: Whimsicott\n|-sidestart|p2: FleetFoxxx|move: Tailwind\n|move|p1a: Basculin|Double-Edge|p2a: Whimsicott\n|-damage|p2a: Whimsicott|0 fnt\n|faint|p2a: Whimsicott\n|-damage|p1a: Basculin|86\/100|[from] Recoil\n|\n|-weather|RainDance|[upkeep]\n|upkeep\n|\n|t:|1657069060\n|switch|p2a: Galvantula|Galvantula, F|100\/100\n|turn|8\n|j| RedSF71\n|\n|t:|1657069076\n|switch|p1a: Gastrodon|Gastrodon, M|100\/100\n|move|p2a: Galvantula|Thunder|p1a: Gastrodon\n|-immune|p1a: Gastrodon\n|\n|-weather|RainDance|[upkeep]\n|upkeep\n|turn|9\n|c| RedSF71|Basculin go nyoom\n|\n|t:|1657069085\n|move|p2a: Galvantula|Giga Drain|p1a: Gastrodon\n|-supereffective|p1a: Gastrodon\n|-enditem|p1a: Gastrodon|Rindo Berry|[eat]\n|-enditem|p1a: Gastrodon|Rindo Berry|[weaken]\n|-damage|p1a: Gastrodon|48\/100\n|move|p1a: Gastrodon|Earth Power|p2a: Galvantula\n|-damage|p2a: Galvantula|21\/100\n|\n|-weather|RainDance|[upkeep]\n|upkeep\n|turn|10\n|\n|t:|1657069095\n|move|p2a: Galvantula|Giga Drain|p1a: Gastrodon\n|-supereffective|p1a: Gastrodon\n|-damage|p1a: Gastrodon|0 fnt\n|-heal|p2a: Galvantula|57\/100|[from] drain|[of] p1a: Gastrodon\n|faint|p1a: Gastrodon\n|\n|-weather|none\n|-sideend|p2: FleetFoxxx|move: Tailwind\n|upkeep\n|\n|t:|1657069100\n|switch|p1a: Basculin|Basculin, F|86\/100\n|turn|11\n|l| Hror\n|c|\u2606blissymaster|speed :)\n|\n|t:|1657069150\n|switch|p2a: Togetic|Togetic, F|27\/100\n|move|p1a: Basculin|Head Smash|p2a: Togetic\n|-supereffective|p2a: Togetic\n|-damage|p2a: Togetic|0 fnt\n|faint|p2a: Togetic\n|-damage|p1a: Basculin|71\/100|[from] Recoil\n|\n|upkeep\n|\n|t:|1657069160\n|switch|p2a: Bisharp|Bisharp, M|100\/100\n|turn|12\n|\n|t:|1657069170\n|switch|p1a: Vaporeon|Vaporeon, M|100\/100\n|move|p2a: Bisharp|Knock Off|p1a: Vaporeon\n|-damage|p1a: Vaporeon|32\/100\n|-enditem|p1a: Vaporeon|Lum Berry|[from] move: Knock Off|[of] p2a: Bisharp\n|\n|upkeep\n|turn|13\n|\n|t:|1657069181\n|move|p2a: Bisharp|Knock Off|p1a: Vaporeon\n|-damage|p1a: Vaporeon|0 fnt\n|faint|p1a: Vaporeon\n|\n|upkeep\n|\n|t:|1657069186\n|switch|p1a: Golisopod|Golisopod, M|82\/100 tox\n|turn|14\n|\n|t:|1657069198\n|move|p2a: Bisharp|Knock Off|p1a: Golisopod\n|-damage|p1a: Golisopod|32\/100 tox\n|-enditem|p1a: Golisopod|Heavy-Duty Boots|[from] move: Knock Off|[of] p2a: Bisharp\n|-activate|p1a: Golisopod|ability: Emergency Exit\n|\n|t:|1657069207\n|switch|p1a: Basculin|Basculin, F|71\/100\n|\n|upkeep\n|turn|15\n|j| Paghetti Mash\n|\n|t:|1657069229\n|move|p2a: Bisharp|Sucker Punch|p1a: Basculin\n|-damage|p1a: Basculin|0 fnt\n|faint|p1a: Basculin\n|\n|upkeep\n|j| DerpyDots\n|\n|t:|1657069237\n|switch|p1a: Suicune|Suicune|100\/100\n|-ability|p1a: Suicune|Pressure\n|turn|16\n|j| glumpbumpin\n|l| glumpbumpin\n|l| Paghetti Mash\n|\n|t:|1657069317\n|move|p1a: Suicune|Scald|p2a: Bisharp\n|-damage|p2a: Bisharp|65\/100\n|move|p2a: Bisharp|Swords Dance|p2a: Bisharp\n|-boost|p2a: Bisharp|atk|2\n|\n|upkeep\n|turn|17\n|\n|t:|1657069348\n|move|p1a: Suicune|Scald|p2a: Bisharp\n|-damage|p2a: Bisharp|32\/100\n|move|p2a: Bisharp|Knock Off|p1a: Suicune\n|-damage|p1a: Suicune|3\/100\n|-enditem|p1a: Suicune|Leftovers|[from] move: Knock Off|[of] p2a: Bisharp\n|\n|upkeep\n|turn|18\n|\n|t:|1657069389\n|move|p1a: Suicune|Scald|p2a: Bisharp\n|-damage|p2a: Bisharp|0 fnt\n|faint|p2a: Bisharp\n|\n|upkeep\n|\n|t:|1657069398\n|switch|p2a: Galvantula|Galvantula, F|57\/100\n|turn|19\n|\n|t:|1657069442\n|move|p2a: Galvantula|Volt Switch|p1a: Suicune\n|-supereffective|p1a: Suicune\n|-damage|p1a: Suicune|0 fnt\n|faint|p1a: Suicune\n|\n|t:|1657069445\n|switch|p2a: Banette|Banette, M|100\/100|[from]move: Volt Switch\n|\n|upkeep\n|\n|t:|1657069447\n|switch|p1a: Golisopod|Golisopod, M|32\/100 tox\n|turn|20\n|\n|t:|1657069499\n|detailschange|p2a: Banette|Banette-Mega, M\n|-mega|p2a: Banette|Banette|Banettite\n|move|p1a: Golisopod|First Impression|p2a: Banette\n|-resisted|p2a: Banette\n|-damage|p2a: Banette|65\/100\n|move|p2a: Banette|Hex|p1a: Golisopod\n|-damage|p1a: Golisopod|0 fnt\n|faint|p1a: Golisopod\n|\n|win|FleetFoxxx\n|l| RedSF71\n|l| thamaestro\n|l| DerpyDots\n|l|\u2606FleetFoxxx\n|l| evil heterosexual\n","uploadtime":1657069563,"views":16,"p1id":"blissymaster","p2id":"fleetfoxxx","formatid":"gen8nationaldex","rating":0,"private":0,"password":null}