{"id":"gen8waterparadise-1371153433","p1":"Cudrigo50","p2":"lebanesestinker","format":"gen8waterparadise","log":"|j|\u2606Cudrigo50\n|j|\u2606lebanesestinker\n|t:|1625512581\n|gametype|singles\n|player|p1|Cudrigo50|169|1000\n|player|p2|lebanesestinker|policeman|1095\n|teamsize|p1|6\n|teamsize|p2|6\n|gen|8\n|tier|[Gen 8] Water Paradise\n|rated|\n|rule|Species Clause: Limit one of each Pok\u00e9mon\n|rule|Item Clause: Limit one of each item\n|clearpoke\n|poke|p1|Swampert, L50, M|\n|poke|p1|Dracovish, L50|\n|poke|p1|Politoed, L50, M|\n|poke|p1|Toxapex, L50, M|\n|poke|p1|Lanturn, L50, M|\n|poke|p1|Azumarill, L50, M|\n|poke|p2|Barbaracle, L50, F|\n|poke|p2|Ludicolo, L50, F|\n|poke|p2|Starmie, L50|\n|poke|p2|Lanturn, L50, M|\n|poke|p2|Sharpedo, L50, M|\n|poke|p2|Gyarados, L50, F|\n|teampreview|3\n|inactive|Battle timer is ON: inactive players will automatically lose when time's up. (requested by lebanesestinker)\n|\n|t:|1625512609\n|start\n|switch|p1a: Toxapex|Toxapex, L50, M|100\/100\n|switch|p2a: Barbaracle|Barbaracle, L50, F|100\/100\n|turn|1\n|\n|t:|1625512618\n|move|p1a: Toxapex|Baneful Bunker|p1a: Toxapex\n|-singleturn|p1a: Toxapex|move: Protect\n|move|p2a: Barbaracle|Shell Smash|p2a: Barbaracle\n|-unboost|p2a: Barbaracle|def|1\n|-unboost|p2a: Barbaracle|spd|1\n|-boost|p2a: Barbaracle|atk|2\n|-boost|p2a: Barbaracle|spa|2\n|-boost|p2a: Barbaracle|spe|2\n|\n|upkeep\n|turn|2\n|\n|t:|1625512628\n|move|p2a: Barbaracle|Earthquake|p1a: Toxapex\n|-supereffective|p1a: Toxapex\n|-damage|p1a: Toxapex|27\/100\n|move|p1a: Toxapex|Haze|p1a: Toxapex\n|-clearallboost\n|\n|-heal|p1a: Toxapex|32\/100|[from] item: Black Sludge\n|upkeep\n|turn|3\n|\n|t:|1625512639\n|move|p1a: Toxapex|Baneful Bunker|p1a: Toxapex\n|-singleturn|p1a: Toxapex|move: Protect\n|move|p2a: Barbaracle|Earthquake|p1a: Toxapex\n|-activate|p1a: Toxapex|move: Protect\n|\n|-heal|p1a: Toxapex|38\/100|[from] item: Black Sludge\n|upkeep\n|turn|4\n|\n|t:|1625512651\n|switch|p1a: Swampert|Swampert, L50, M|100\/100\n|move|p2a: Barbaracle|Earthquake|p1a: Swampert\n|-damage|p1a: Swampert|67\/100\n|\n|upkeep\n|turn|5\n|\n|t:|1625512660\n|move|p2a: Barbaracle|Shell Smash|p2a: Barbaracle\n|-unboost|p2a: Barbaracle|def|1\n|-unboost|p2a: Barbaracle|spd|1\n|-boost|p2a: Barbaracle|atk|2\n|-boost|p2a: Barbaracle|spa|2\n|-boost|p2a: Barbaracle|spe|2\n|move|p1a: Swampert|Earthquake|p2a: Barbaracle\n|-supereffective|p2a: Barbaracle\n|-enditem|p2a: Barbaracle|Focus Sash\n|-damage|p2a: Barbaracle|1\/100\n|\n|upkeep\n|turn|6\n|\n|t:|1625512672\n|move|p2a: Barbaracle|Grass Knot|p1a: Swampert\n|-supereffective|p1a: Swampert\n|-damage|p1a: Swampert|0 fnt\n|faint|p1a: Swampert\n|\n|upkeep\n|\n|t:|1625512680\n|switch|p1a: Azumarill|Azumarill, L50, M|100\/100\n|turn|7\n|\n|t:|1625512686\n|switch|p2a: Starmie|Starmie, L50|100\/100\n|move|p1a: Azumarill|Aqua Jet|p2a: Starmie\n|-resisted|p2a: Starmie\n|-damage|p2a: Starmie|90\/100\n|\n|upkeep\n|turn|8\n|\n|t:|1625512695\n|move|p2a: Starmie|Thunderbolt|p1a: Azumarill\n|-supereffective|p1a: Azumarill\n|-crit|p1a: Azumarill\n|-damage|p1a: Azumarill|8\/100\n|-enditem|p1a: Azumarill|Iapapa Berry|[eat]\n|-heal|p1a: Azumarill|41\/100|[from] item: Iapapa Berry\n|move|p1a: Azumarill|Belly Drum||[still]\n|-fail|p1a: Azumarill\n|\n|upkeep\n|turn|9\n|\n|t:|1625512722\n|move|p2a: Starmie|Thunderbolt|p1a: Azumarill\n|-supereffective|p1a: Azumarill\n|-damage|p1a: Azumarill|0 fnt\n|faint|p1a: Azumarill\n|\n|upkeep\n|\n|t:|1625512728\n|switch|p1a: Toxapex|Toxapex, L50, M|71\/100\n|turn|10\n|\n|t:|1625512731\n|move|p2a: Starmie|Psychic|p1a: Toxapex\n|-supereffective|p1a: Toxapex\n|-damage|p1a: Toxapex|0 fnt\n|faint|p1a: Toxapex\n|\n|win|lebanesestinker\n|raw|Cudrigo50's rating: 1000 &rarr; <strong>1000<\/strong><br \/>(+0 for losing)\n|raw|lebanesestinker's rating: 1095 &rarr; <strong>1114<\/strong><br \/>(+19 for winning)\n|l|\u2606Cudrigo50\n|l|\u2606lebanesestinker\n||Ladder isn't responding, score probably updated but might not have (Request timeout).\n","uploadtime":1625513163,"views":0,"p1id":"cudrigo50","p2id":"lebanesestinker","formatid":"gen8waterparadise","rating":1000,"private":0,"password":null}