{"id":"gen8ubers-1501706968","p1":"Ivyon","p2":"NanaJeff","format":"gen8ubers","log":"|j|\u2606Ivyon\n|j|\u2606NanaJeff\n|t:|1643628548\n|gametype|singles\n|player|p1|Ivyon|blue|1323\n|player|p2|NanaJeff|unknown|1302\n|teamsize|p1|6\n|teamsize|p2|6\n|gen|8\n|tier|[Gen 8] Ubers\n|rated|\n|rule|Sleep Clause Mod: Limit one foe put to sleep\n|rule|Species Clause: Limit one of each Pok\u00e9mon\n|rule|OHKO Clause: OHKO moves are banned\n|rule|Evasion Moves Clause: Evasion moves are banned\n|rule|Endless Battle Clause: Forcing endless battles is banned\n|rule|HP Percentage Mod: HP is shown in percentages\n|rule|Dynamax Clause: You cannot dynamax\n|clearpoke\n|poke|p1|Cloyster, M|\n|poke|p1|Blaziken, M|\n|poke|p1|Regieleki|\n|poke|p1|Shuckle, M|\n|poke|p1|Lycanroc-Dusk, M|\n|poke|p1|Azumarill, M|\n|poke|p2|Yveltal|\n|poke|p2|Calyrex-Shadow|\n|poke|p2|Necrozma-Dusk-Mane|\n|poke|p2|Eternatus|\n|poke|p2|Xerneas-*|\n|poke|p2|Shuckle, F|\n|teampreview\n|inactive|Battle timer is ON: inactive players will automatically lose when time's up. (requested by NanaJeff)\n|\n|t:|1643628556\n|start\n|switch|p1a: Azumarill|Azumarill, M|100\/100\n|switch|p2a: Shuckle|Shuckle, F|100\/100\n|turn|1\n|\n|t:|1643628563\n|move|p1a: Azumarill|Aqua Jet|p2a: Shuckle\n|-supereffective|p2a: Shuckle\n|-damage|p2a: Shuckle|63\/100\n|move|p2a: Shuckle|Toxic|p1a: Azumarill|[miss]\n|-miss|p2a: Shuckle|p1a: Azumarill\n|\n|upkeep\n|turn|2\n|\n|t:|1643628570\n|move|p1a: Azumarill|Belly Drum|p1a: Azumarill\n|-damage|p1a: Azumarill|50\/100\n|-setboost|p1a: Azumarill|atk|6|[from] move: Belly Drum\n|-enditem|p1a: Azumarill|Sitrus Berry|[eat]\n|-heal|p1a: Azumarill|75\/100|[from] item: Sitrus Berry\n|move|p2a: Shuckle|Toxic|p1a: Azumarill\n|-status|p1a: Azumarill|tox\n|\n|-damage|p1a: Azumarill|69\/100 tox|[from] psn\n|upkeep\n|turn|3\n|\n|t:|1643628582\n|switch|p2a: Necrozma|Necrozma-Dusk-Mane|100\/100\n|move|p1a: Azumarill|Aqua Jet|p2a: Necrozma\n|-damage|p2a: Necrozma|24\/100\n|\n|-damage|p1a: Azumarill|57\/100 tox|[from] psn\n|upkeep\n|turn|4\n|\n|t:|1643628591\n|move|p1a: Azumarill|Aqua Jet|p2a: Necrozma\n|-damage|p2a: Necrozma|0 fnt\n|faint|p2a: Necrozma\n|\n|-damage|p1a: Azumarill|38\/100 tox|[from] psn\n|upkeep\n|\n|t:|1643628598\n|switch|p2a: Calyrex|Calyrex-Shadow|100\/100\n|-ability|p2a: Calyrex|As One\n|-ability|p2a: Calyrex|Unnerve\n|turn|5\n|\n|t:|1643628603\n|move|p1a: Azumarill|Aqua Jet|p2a: Calyrex\n|-damage|p2a: Calyrex|0 fnt\n|faint|p2a: Calyrex\n|\n|-damage|p1a: Azumarill|14\/100 tox|[from] psn\n|upkeep\n|\n|t:|1643628612\n|switch|p2a: Eternatus|Eternatus|100\/100\n|-ability|p2a: Eternatus|Pressure\n|turn|6\n|\n|t:|1643628616\n|move|p1a: Azumarill|Aqua Jet|p2a: Eternatus\n|-resisted|p2a: Eternatus\n|-damage|p2a: Eternatus|62\/100\n|move|p2a: Eternatus|Cosmic Power|p2a: Eternatus\n|-boost|p2a: Eternatus|def|1\n|-boost|p2a: Eternatus|spd|1\n|\n|-heal|p2a: Eternatus|69\/100|[from] item: Black Sludge\n|-damage|p1a: Azumarill|0 fnt|[from] psn\n|faint|p1a: Azumarill\n|upkeep\n|\n|t:|1643628622\n|switch|p1a: Shuckle|Shuckle, M, shiny|100\/100\n|turn|7\n|\n|t:|1643628628\n|move|p2a: Eternatus|Recover|p2a: Eternatus\n|-heal|p2a: Eternatus|100\/100\n|move|p1a: Shuckle|Encore|p2a: Eternatus\n|-start|p2a: Eternatus|Encore\n|\n|upkeep\n|turn|8\n|\n|t:|1643628634\n|switch|p2a: Shuckle|Shuckle, F|63\/100\n|switch|p1a: Cloyster|Cloyster, M|100\/100\n|\n|upkeep\n|turn|9\n|\n|t:|1643628639\n|move|p1a: Cloyster|Shell Smash|p1a: Cloyster\n|-unboost|p1a: Cloyster|def|1\n|-unboost|p1a: Cloyster|spd|1\n|-boost|p1a: Cloyster|atk|2\n|-boost|p1a: Cloyster|spa|2\n|-boost|p1a: Cloyster|spe|2\n|move|p2a: Shuckle|Encore|p1a: Cloyster\n|-start|p1a: Cloyster|Encore\n|\n|upkeep\n|turn|10\n|\n|t:|1643628648\n|switch|p1a: Shuckle|Shuckle, M, shiny|100\/100\n|move|p2a: Shuckle|Toxic|p1a: Shuckle\n|-status|p1a: Shuckle|tox\n|\n|-damage|p1a: Shuckle|94\/100 tox|[from] psn\n|upkeep\n|turn|11\n|\n|t:|1643628654\n|move|p2a: Shuckle|Encore||[still]\n|-fail|p2a: Shuckle\n|move|p1a: Shuckle|Encore||[still]\n|-fail|p1a: Shuckle\n|\n|-damage|p1a: Shuckle|82\/100 tox|[from] psn\n|upkeep\n|turn|12\n|\n|t:|1643628675\n|switch|p1a: Lycanroc|Lycanroc-Dusk, M, shiny|100\/100\n|switch|p2a: Eternatus|Eternatus|100\/100\n|-ability|p2a: Eternatus|Pressure\n|\n|upkeep\n|turn|13\n|\n|t:|1643628686\n|move|p2a: Eternatus|Cosmic Power|p2a: Eternatus\n|-boost|p2a: Eternatus|def|1\n|-boost|p2a: Eternatus|spd|1\n|move|p1a: Lycanroc|Stone Edge|p2a: Eternatus\n|-damage|p2a: Eternatus|72\/100\n|\n|-heal|p2a: Eternatus|78\/100|[from] item: Black Sludge\n|upkeep\n|turn|14\n|\n|t:|1643628693\n|move|p2a: Eternatus|Cosmic Power|p2a: Eternatus\n|-boost|p2a: Eternatus|def|1\n|-boost|p2a: Eternatus|spd|1\n|move|p1a: Lycanroc|Stone Edge|p2a: Eternatus|[miss]\n|-miss|p1a: Lycanroc|p2a: Eternatus\n|\n|-heal|p2a: Eternatus|85\/100|[from] item: Black Sludge\n|upkeep\n|turn|15\n|\n|t:|1643628701\n|move|p2a: Eternatus|Dragon Dance|p2a: Eternatus\n|-boost|p2a: Eternatus|atk|1\n|-boost|p2a: Eternatus|spe|1\n|move|p1a: Lycanroc|Stone Edge|p2a: Eternatus\n|-damage|p2a: Eternatus|66\/100\n|\n|-heal|p2a: Eternatus|72\/100|[from] item: Black Sludge\n|upkeep\n|turn|16\n|\n|t:|1643628708\n|move|p2a: Eternatus|Dragon Dance|p2a: Eternatus\n|-boost|p2a: Eternatus|atk|1\n|-boost|p2a: Eternatus|spe|1\n|move|p1a: Lycanroc|Close Combat|p2a: Eternatus\n|-resisted|p2a: Eternatus\n|-damage|p2a: Eternatus|61\/100\n|-unboost|p1a: Lycanroc|def|1\n|-unboost|p1a: Lycanroc|spd|1\n|\n|-heal|p2a: Eternatus|67\/100|[from] item: Black Sludge\n|upkeep\n|turn|17\n|\n|t:|1643628724\n|move|p2a: Eternatus|Flamethrower|p1a: Lycanroc\n|-resisted|p1a: Lycanroc\n|-damage|p1a: Lycanroc|64\/100\n|move|p1a: Lycanroc|Endeavor|p2a: Eternatus\n|-damage|p2a: Eternatus|39\/100\n|\n|-heal|p2a: Eternatus|45\/100|[from] item: Black Sludge\n|upkeep\n|turn|18\n|\n|t:|1643628732\n|move|p2a: Eternatus|Recover|p2a: Eternatus\n|-heal|p2a: Eternatus|95\/100\n|move|p1a: Lycanroc|Endeavor|p2a: Eternatus\n|-damage|p2a: Eternatus|39\/100\n|\n|-heal|p2a: Eternatus|45\/100|[from] item: Black Sludge\n|upkeep\n|turn|19\n|\n|t:|1643628739\n|move|p2a: Eternatus|Cosmic Power|p2a: Eternatus\n|-boost|p2a: Eternatus|def|1\n|-boost|p2a: Eternatus|spd|1\n|move|p1a: Lycanroc|Endeavor|p2a: Eternatus\n|-damage|p2a: Eternatus|39\/100\n|\n|-heal|p2a: Eternatus|45\/100|[from] item: Black Sludge\n|upkeep\n|turn|20\n|\n|t:|1643628751\n|move|p2a: Eternatus|Cosmic Power|p2a: Eternatus\n|-boost|p2a: Eternatus|def|1\n|-boost|p2a: Eternatus|spd|1\n|move|p1a: Lycanroc|Stone Edge|p2a: Eternatus|[miss]\n|-miss|p1a: Lycanroc|p2a: Eternatus\n|\n|-heal|p2a: Eternatus|52\/100|[from] item: Black Sludge\n|upkeep\n|turn|21\n|\n|t:|1643628759\n|move|p2a: Eternatus|Dragon Dance|p2a: Eternatus\n|-boost|p2a: Eternatus|atk|1\n|-boost|p2a: Eternatus|spe|1\n|move|p1a: Lycanroc|Endeavor|p2a: Eternatus\n|-damage|p2a: Eternatus|39\/100\n|\n|-heal|p2a: Eternatus|45\/100|[from] item: Black Sludge\n|upkeep\n|turn|22\n|\n|t:|1643628767\n|switch|p1a: Shuckle|Shuckle, M, shiny|82\/100 tox\n|move|p2a: Eternatus|Recover|p2a: Eternatus\n|-heal|p2a: Eternatus|95\/100\n|\n|-heal|p2a: Eternatus|100\/100|[from] item: Black Sludge\n|-damage|p1a: Shuckle|76\/100 tox|[from] psn\n|upkeep\n|turn|23\n|\n|t:|1643628774\n|move|p2a: Eternatus|Flamethrower|p1a: Shuckle\n|-damage|p1a: Shuckle|57\/100 tox\n|move|p1a: Shuckle|Encore|p2a: Eternatus\n|-start|p2a: Eternatus|Encore\n|\n|-damage|p1a: Shuckle|45\/100 tox|[from] psn\n|upkeep\n|turn|24\n|\n|t:|1643628780\n|move|p2a: Eternatus|Flamethrower|p1a: Shuckle\n|-damage|p1a: Shuckle|26\/100 tox\n|move|p1a: Shuckle|Power Split|p2a: Eternatus\n|-activate|p1a: Shuckle|move: Power Split|[of] p2a: Eternatus\n|\n|-damage|p1a: Shuckle|8\/100 tox|[from] psn\n|upkeep\n|turn|25\n|\n|t:|1643628795\n|move|p2a: Eternatus|Flamethrower|p1a: Shuckle\n|-damage|p1a: Shuckle|0 fnt\n|faint|p1a: Shuckle\n|\n|upkeep\n|\n|t:|1643628804\n|switch|p1a: Cloyster|Cloyster, M|100\/100\n|turn|26\n|\n|t:|1643628807\n|move|p2a: Eternatus|Flamethrower|p1a: Cloyster\n|-damage|p1a: Cloyster|61\/100\n|move|p1a: Cloyster|Shell Smash|p1a: Cloyster\n|-unboost|p1a: Cloyster|def|1\n|-unboost|p1a: Cloyster|spd|1\n|-boost|p1a: Cloyster|atk|2\n|-boost|p1a: Cloyster|spa|2\n|-boost|p1a: Cloyster|spe|2\n|\n|-end|p2a: Eternatus|Encore\n|upkeep\n|turn|27\n|\n|t:|1643628816\n|move|p2a: Eternatus|Flamethrower|p1a: Cloyster\n|-damage|p1a: Cloyster|0 fnt\n|faint|p1a: Cloyster\n|\n|upkeep\n|\n|t:|1643628822\n|switch|p1a: Blaziken|Blaziken, M, shiny|100\/100\n|turn|28\n|c|\u2606NanaJeff|easy\n|\n|t:|1643628828\n|move|p2a: Eternatus|Dragon Dance|p2a: Eternatus\n|-boost|p2a: Eternatus|atk|1\n|-boost|p2a: Eternatus|spe|1\n|move|p1a: Blaziken|Swords Dance|p1a: Blaziken\n|-boost|p1a: Blaziken|atk|2\n|\n|-ability|p1a: Blaziken|Speed Boost|boost\n|-boost|p1a: Blaziken|spe|1\n|upkeep\n|turn|29\n|\n|t:|1643628835\n|move|p2a: Eternatus|Cosmic Power|p2a: Eternatus\n|-boost|p2a: Eternatus|def|1\n|-boost|p2a: Eternatus|spd|1\n|move|p1a: Blaziken|Swords Dance|p1a: Blaziken\n|-boost|p1a: Blaziken|atk|2\n|\n|-ability|p1a: Blaziken|Speed Boost|boost\n|-boost|p1a: Blaziken|spe|1\n|upkeep\n|turn|30\n|\n|t:|1643628843\n|move|p2a: Eternatus|Cosmic Power|p2a: Eternatus\n|-boost|p2a: Eternatus|def|1\n|-boost|p2a: Eternatus|spd|1\n|move|p1a: Blaziken|Swords Dance|p1a: Blaziken\n|-boost|p1a: Blaziken|atk|2\n|\n|-ability|p1a: Blaziken|Speed Boost|boost\n|-boost|p1a: Blaziken|spe|1\n|upkeep\n|turn|31\n|\n|t:|1643628850\n|move|p2a: Eternatus|Dragon Dance|p2a: Eternatus\n|-boost|p2a: Eternatus|atk|1\n|-boost|p2a: Eternatus|spe|1\n|move|p1a: Blaziken|Knock Off|p2a: Eternatus\n|-damage|p2a: Eternatus|73\/100\n|-enditem|p2a: Eternatus|Black Sludge|[from] move: Knock Off|[of] p1a: Blaziken\n|\n|-ability|p1a: Blaziken|Speed Boost|boost\n|-boost|p1a: Blaziken|spe|1\n|upkeep\n|turn|32\n|\n|t:|1643628858\n|move|p2a: Eternatus|Dragon Dance|p2a: Eternatus\n|-boost|p2a: Eternatus|atk|1\n|-boost|p2a: Eternatus|spe|1\n|move|p1a: Blaziken|Knock Off|p2a: Eternatus\n|-damage|p2a: Eternatus|55\/100\n|\n|-ability|p1a: Blaziken|Speed Boost|boost\n|-boost|p1a: Blaziken|spe|1\n|upkeep\n|turn|33\n|\n|t:|1643628866\n|move|p2a: Eternatus|Recover|p2a: Eternatus\n|-heal|p2a: Eternatus|100\/100\n|move|p1a: Blaziken|Knock Off|p2a: Eternatus\n|-damage|p2a: Eternatus|83\/100\n|\n|-ability|p1a: Blaziken|Speed Boost|boost\n|-boost|p1a: Blaziken|spe|1\n|upkeep\n|turn|34\n|\n|t:|1643628873\n|move|p2a: Eternatus|Flamethrower|p1a: Blaziken\n|-resisted|p1a: Blaziken\n|-damage|p1a: Blaziken|89\/100\n|move|p1a: Blaziken|Blaze Kick|p2a: Eternatus\n|-resisted|p2a: Eternatus\n|-crit|p2a: Eternatus\n|-damage|p2a: Eternatus|0 fnt\n|faint|p2a: Eternatus\n|\n|upkeep\n|c|\u2606Ivyon|easy\n|\n|t:|1643628890\n|switch|p2a: Yveltal|Yveltal|100\/100\n|-ability|p2a: Yveltal|Dark Aura\n|turn|35\n|\n|t:|1643628895\n|move|p1a: Blaziken|Close Combat|p2a: Yveltal\n|-damage|p2a: Yveltal|0 fnt\n|-unboost|p1a: Blaziken|def|1\n|-unboost|p1a: Blaziken|spd|1\n|faint|p2a: Yveltal\n|\n|upkeep\n|\n|t:|1643628903\n|switch|p2a: Xerneas|Xerneas|100\/100\n|-ability|p2a: Xerneas|Fairy Aura\n|turn|36\n|\n|t:|1643628907\n|move|p1a: Blaziken|Blaze Kick|p2a: Xerneas\n|-damage|p2a: Xerneas|0 fnt\n|faint|p2a: Xerneas\n|\n|upkeep\n|-message|NanaJeff forfeited.\n|\n|win|Ivyon\n|raw|Ivyon's rating: 1323 &rarr; <strong>1342<\/strong><br \/>(+19 for winning)\n|raw|NanaJeff's rating: 1302 &rarr; <strong>1283<\/strong><br \/>(-19 for losing)\n|l|\u2606NanaJeff\n","uploadtime":1643628914,"views":13,"p1id":"ivyon","p2id":"nanajeff","formatid":"gen8ubers","rating":1283,"private":0,"password":null}