{"id":"gen8nationaldex-1706196044","p1":"yes munchlax","p2":"FleetFoxxx","format":"gen8nationaldex","log":"|j|\u2606yes munchlax\n|j|\u2606FleetFoxxx\n|t:|1667956980\n|gametype|singles\n|player|p1|yes munchlax|psychic-gen4|\n|player|p2|FleetFoxxx|flannery|\n|teamsize|p1|6\n|teamsize|p2|6\n|gen|8\n|tier|[Gen 8] National Dex\n|rule|HP Percentage Mod: HP is shown in percentages\n|rule|Endless Battle Clause: Forcing endless battles is banned\n|rule|OHKO Clause: OHKO moves are banned\n|rule|Evasion Moves Clause: Evasion moves are banned\n|rule|Species Clause: Limit one of each Pok\u00e9mon\n|rule|Dynamax Clause: You cannot dynamax\n|rule|Sleep Clause Mod: Limit one foe put to sleep\n|clearpoke\n|poke|p1|Manectric, M|\n|poke|p1|Hitmonchan, M|\n|poke|p1|Moltres-Galar|\n|poke|p1|Aegislash, F|\n|poke|p1|Clefable, F|\n|poke|p1|Archeops, F|\n|poke|p2|Silvally-*|\n|poke|p2|Runerigus, M|\n|poke|p2|Pinsir, M|\n|poke|p2|Celesteela|\n|poke|p2|Hydreigon, F|\n|poke|p2|Goodra, F|\n|teampreview\n|j| sicksickboy\n|c| sicksickboy|if 1-1 u die irl\n|c| sicksickboy|@johnny\n|j| DerpyDots\n|\n|t:|1667957037\n|start\n|switch|p1a: fulcrum|Manectric, M, shiny|100\/100\n|switch|p2a: Runerigus|Runerigus, M|100\/100\n|turn|1\n|\n|t:|1667957043\n|switch|p1a: yuhhhhhhhh|Moltres-Galar|100\/100\n|move|p2a: Runerigus|Stealth Rock|p1a: yuhhhhhhhh\n|-sidestart|p1: yes munchlax|move: Stealth Rock\n|\n|upkeep\n|turn|2\n|\n|t:|1667957053\n|switch|p2a: Goodra|Goodra, F|100\/100\n|move|p1a: yuhhhhhhhh|Agility|p1a: yuhhhhhhhh\n|-boost|p1a: yuhhhhhhhh|spe|2\n|\n|upkeep\n|turn|3\n|\n|t:|1667957079\n|move|p1a: yuhhhhhhhh|Nasty Plot|p1a: yuhhhhhhhh\n|-boost|p1a: yuhhhhhhhh|spa|2\n|move|p2a: Goodra|Draco Meteor|p1a: yuhhhhhhhh\n|-damage|p1a: yuhhhhhhhh|50\/100\n|-unboost|p2a: Goodra|spa|2\n|-ability|p1a: yuhhhhhhhh|Berserk|boost\n|-boost|p1a: yuhhhhhhhh|spa|1\n|\n|upkeep\n|turn|4\n|\n|t:|1667957125\n|move|p1a: yuhhhhhhhh|Nasty Plot|p1a: yuhhhhhhhh\n|-boost|p1a: yuhhhhhhhh|spa|2\n|move|p2a: Goodra|Thunderbolt|p1a: yuhhhhhhhh\n|-supereffective|p1a: yuhhhhhhhh\n|-damage|p1a: yuhhhhhhhh|29\/100\n|\n|upkeep\n|turn|5\n|\n|t:|1667957149\n|move|p1a: yuhhhhhhhh|Rest|p1a: yuhhhhhhhh\n|-status|p1a: yuhhhhhhhh|slp|[from] move: Rest\n|-heal|p1a: yuhhhhhhhh|100\/100 slp|[silent]\n|-enditem|p1a: yuhhhhhhhh|Chesto Berry|[eat]\n|-curestatus|p1a: yuhhhhhhhh|slp|[msg]\n|move|p2a: Goodra|Thunderbolt|p1a: yuhhhhhhhh\n|-supereffective|p1a: yuhhhhhhhh\n|-damage|p1a: yuhhhhhhhh|78\/100\n|\n|upkeep\n|turn|6\n|\n|t:|1667957159\n|move|p1a: yuhhhhhhhh|Fiery Wrath|p2a: Goodra\n|-damage|p2a: Goodra|53\/100\n|cant|p2a: Goodra|flinch\n|\n|upkeep\n|turn|7\n|\n|t:|1667957166\n|move|p1a: yuhhhhhhhh|Fiery Wrath|p2a: Goodra\n|-damage|p2a: Goodra|10\/100\n|move|p2a: Goodra|Thunderbolt|p1a: yuhhhhhhhh\n|-supereffective|p1a: yuhhhhhhhh\n|-damage|p1a: yuhhhhhhhh|55\/100\n|\n|upkeep\n|turn|8\n|\n|t:|1667957173\n|move|p1a: yuhhhhhhhh|Fiery Wrath|p2a: Goodra\n|-damage|p2a: Goodra|0 fnt\n|faint|p2a: Goodra\n|\n|upkeep\n|\n|t:|1667957180\n|switch|p2a: Hydreigon|Hydreigon, F|100\/100\n|turn|9\n|\n|t:|1667957184\n|move|p1a: yuhhhhhhhh|Fiery Wrath|p2a: Hydreigon\n|-resisted|p2a: Hydreigon\n|-damage|p2a: Hydreigon|37\/100\n|move|p2a: Hydreigon|Draco Meteor|p1a: yuhhhhhhhh\n|-damage|p1a: yuhhhhhhhh|10\/100\n|-unboost|p2a: Hydreigon|spa|2\n|-ability|p1a: yuhhhhhhhh|Berserk|boost\n|-boost|p1a: yuhhhhhhhh|spa|1\n|\n|upkeep\n|turn|10\n|\n|t:|1667957194\n|move|p1a: yuhhhhhhhh|Fiery Wrath|p2a: Hydreigon\n|-resisted|p2a: Hydreigon\n|-damage|p2a: Hydreigon|0 fnt\n|faint|p2a: Hydreigon\n|\n|upkeep\n|\n|t:|1667957195\n|switch|p2a: Pinsir|Pinsir, M|100\/100\n|turn|11\n|j| johngalt149\n|\n|t:|1667957202\n|detailschange|p2a: Pinsir|Pinsir-Mega, M\n|-mega|p2a: Pinsir|Pinsir|Pinsirite\n|move|p2a: Pinsir|Quick Attack|p1a: yuhhhhhhhh\n|-damage|p1a: yuhhhhhhhh|0 fnt\n|faint|p1a: yuhhhhhhhh\n|\n|upkeep\n|\n|t:|1667957206\n|switch|p1a: fulcrum|Manectric, M, shiny|100\/100\n|-damage|p1a: fulcrum|88\/100|[from] Stealth Rock\n|turn|12\n|\n|t:|1667957212\n|switch|p2a: Runerigus|Runerigus, M|100\/100\n|detailschange|p1a: fulcrum|Manectric-Mega, M, shiny\n|-mega|p1a: fulcrum|Manectric|Manectite\n|-ability|p1a: fulcrum|Intimidate|boost\n|-unboost|p2a: Runerigus|atk|1\n|move|p1a: fulcrum|Hidden Power|p2a: Runerigus\n|-supereffective|p2a: Runerigus\n|-damage|p2a: Runerigus|67\/100\n|\n|-heal|p2a: Runerigus|73\/100|[from] item: Leftovers\n|upkeep\n|turn|13\n|\n|t:|1667957240\n|switch|p1a: need i say more|Clefable, F|100\/100\n|move|p2a: Runerigus|Night Shade|p1a: need i say more\n|-damage|p1a: need i say more|75\/100\n|\n|-heal|p2a: Runerigus|79\/100|[from] item: Leftovers\n|upkeep\n|turn|14\n|\n|t:|1667957251\n|switch|p2a: Celesteela|Celesteela|100\/100\n|move|p1a: need i say more|Calm Mind|p1a: need i say more\n|-boost|p1a: need i say more|spa|1\n|-boost|p1a: need i say more|spd|1\n|\n|upkeep\n|turn|15\n|\n|t:|1667957277\n|switch|p1a: fulcrum|Manectric-Mega, M, shiny|88\/100\n|-damage|p1a: fulcrum|76\/100|[from] Stealth Rock\n|-ability|p1a: fulcrum|Intimidate|boost\n|-unboost|p2a: Celesteela|atk|1\n|move|p2a: Celesteela|Heavy Slam|p1a: fulcrum\n|-resisted|p1a: fulcrum\n|-damage|p1a: fulcrum|57\/100\n|\n|upkeep\n|turn|16\n|\n|t:|1667957286\n|switch|p2a: Runerigus|Runerigus, M|79\/100\n|move|p1a: fulcrum|Hidden Power|p2a: Runerigus\n|-supereffective|p2a: Runerigus\n|-damage|p2a: Runerigus|43\/100\n|\n|-heal|p2a: Runerigus|49\/100|[from] item: Leftovers\n|upkeep\n|turn|17\n|\n|t:|1667957296\n|switch|p1a: need i say more|Clefable, F|75\/100\n|move|p2a: Runerigus|Night Shade|p1a: need i say more\n|-damage|p1a: need i say more|50\/100\n|\n|-heal|p2a: Runerigus|55\/100|[from] item: Leftovers\n|upkeep\n|turn|18\n|\n|t:|1667957301\n|move|p1a: need i say more|Soft-Boiled|p1a: need i say more\n|-heal|p1a: need i say more|99\/100\n|move|p2a: Runerigus|Toxic Spikes|p1a: need i say more\n|-sidestart|p1: yes munchlax|move: Toxic Spikes\n|\n|-heal|p2a: Runerigus|61\/100|[from] item: Leftovers\n|upkeep\n|turn|19\n|\n|t:|1667957319\n|switch|p2a: Celesteela|Celesteela|100\/100\n|move|p1a: need i say more|Moonblast|p2a: Celesteela\n|-resisted|p2a: Celesteela\n|-damage|p2a: Celesteela|83\/100\n|-unboost|p2a: Celesteela|spa|1\n|\n|-heal|p2a: Celesteela|89\/100|[from] item: Leftovers\n|upkeep\n|turn|20\n|j| Bugsileus\n|\n|t:|1667957344\n|switch|p1a: yodie gang|Aegislash, F|100\/100\n|-damage|p1a: yodie gang|94\/100|[from] Stealth Rock\n|move|p2a: Celesteela|Substitute|p2a: Celesteela\n|-start|p2a: Celesteela|Substitute\n|-damage|p2a: Celesteela|64\/100\n|\n|-heal|p1a: yodie gang|100\/100|[from] item: Leftovers\n|-heal|p2a: Celesteela|70\/100|[from] item: Leftovers\n|upkeep\n|turn|21\n|\n|t:|1667957369\n|move|p1a: yodie gang|Swords Dance|p1a: yodie gang\n|-boost|p1a: yodie gang|atk|2\n|move|p2a: Celesteela|Leech Seed|p1a: yodie gang\n|-start|p1a: yodie gang|move: Leech Seed\n|\n|-heal|p2a: Celesteela|76\/100|[from] item: Leftovers\n|-damage|p1a: yodie gang|88\/100|[from] Leech Seed|[of] p2a: Celesteela\n|-heal|p2a: Celesteela|86\/100|[silent]\n|upkeep\n|turn|22\n|\n|t:|1667957380\n|-formechange|p1a: yodie gang|Aegislash-Blade||[from] ability: Stance Change\n|move|p1a: yodie gang|Close Combat|p2a: Celesteela\n|-end|p2a: Celesteela|Substitute\n|-unboost|p1a: yodie gang|def|1\n|-unboost|p1a: yodie gang|spd|1\n|move|p2a: Celesteela|Substitute|p2a: Celesteela\n|-start|p2a: Celesteela|Substitute\n|-damage|p2a: Celesteela|61\/100\n|\n|-heal|p1a: yodie gang|94\/100|[from] item: Leftovers\n|-heal|p2a: Celesteela|67\/100|[from] item: Leftovers\n|-damage|p1a: yodie gang|82\/100|[from] Leech Seed|[of] p2a: Celesteela\n|-heal|p2a: Celesteela|77\/100|[silent]\n|upkeep\n|turn|23\n|\n|t:|1667957398\n|switch|p1a: come in|Hitmonchan, M|100\/100\n|-damage|p1a: come in|94\/100|[from] Stealth Rock\n|-status|p1a: come in|psn\n|move|p2a: Celesteela|Substitute|p2a: Celesteela\n|-fail|p2a: Celesteela|move: Substitute\n|\n|-heal|p1a: come in|100\/100 psn|[from] item: Leftovers\n|-heal|p2a: Celesteela|83\/100|[from] item: Leftovers\n|-damage|p1a: come in|88\/100 psn|[from] psn\n|upkeep\n|turn|24\n|c| Bugsileus|The battle of the freaky steel types\n|\n|t:|1667957416\n|move|p1a: come in|Bulk Up|p1a: come in\n|-boost|p1a: come in|atk|1\n|-boost|p1a: come in|def|1\n|move|p2a: Celesteela|Heavy Slam|p1a: come in\n|-damage|p1a: come in|52\/100 psn\n|\n|-heal|p1a: come in|59\/100 psn|[from] item: Leftovers\n|-heal|p2a: Celesteela|89\/100|[from] item: Leftovers\n|-damage|p1a: come in|46\/100 psn|[from] psn\n|upkeep\n|turn|25\n|c| Bugsileus|Or wait not anymore\n|\n|t:|1667957422\n|move|p1a: come in|Rapid Spin|p2a: Celesteela\n|-resisted|p2a: Celesteela\n|-activate|p2a: Celesteela|move: Substitute|[damage]\n|-sideend|p1: yes munchlax|Toxic Spikes|[from] move: Rapid Spin|[of] p1a: come in\n|-sideend|p1: yes munchlax|Stealth Rock|[from] move: Rapid Spin|[of] p1a: come in\n|-boost|p1a: come in|spe|1\n|move|p2a: Celesteela|Leech Seed|p1a: come in\n|-start|p1a: come in|move: Leech Seed\n|\n|-heal|p1a: come in|52\/100 psn|[from] item: Leftovers\n|-heal|p2a: Celesteela|95\/100|[from] item: Leftovers\n|-damage|p1a: come in|40\/100 psn|[from] Leech Seed|[of] p2a: Celesteela\n|-heal|p2a: Celesteela|100\/100|[silent]\n|-damage|p1a: come in|27\/100 psn|[from] psn\n|upkeep\n|turn|26\n|\n|t:|1667957431\n|move|p1a: come in|Ice Punch|p2a: Celesteela\n|-end|p2a: Celesteela|Substitute\n|move|p2a: Celesteela|Heavy Slam|p1a: come in\n|-crit|p1a: come in\n|-damage|p1a: come in|0 fnt\n|faint|p1a: come in\n|-ability|p2a: Celesteela|Beast Boost|boost\n|-boost|p2a: Celesteela|def|1\n|\n|upkeep\n|\n|t:|1667957442\n|switch|p1a: you feel me?|Archeops, F|100\/100\n|turn|27\n|\n|t:|1667957460\n|move|p1a: you feel me?|Meteor Beam||[still]\n|-prepare|p1a: you feel me?|Meteor Beam\n|-boost|p1a: you feel me?|spa|1\n|-enditem|p1a: you feel me?|Power Herb\n|-anim|p1a: you feel me?|Meteor Beam|p2a: Celesteela\n|-damage|p2a: Celesteela|29\/100\n|move|p2a: Celesteela|Heavy Slam|p1a: you feel me?\n|-supereffective|p1a: you feel me?\n|-damage|p1a: you feel me?|0 fnt\n|faint|p1a: you feel me?\n|-ability|p2a: Celesteela|Beast Boost|boost\n|-boost|p2a: Celesteela|def|1\n|\n|-heal|p2a: Celesteela|35\/100|[from] item: Leftovers\n|upkeep\n|c| Bugsileus|Aw sick it's a rock type gamer\n|\n|t:|1667957470\n|switch|p1a: fulcrum|Manectric-Mega, M, shiny|57\/100\n|-ability|p1a: fulcrum|Intimidate|boost\n|-unboost|p2a: Celesteela|atk|1\n|turn|28\n|\n|t:|1667957483\n|switch|p2a: Runerigus|Runerigus, M|61\/100\n|move|p1a: fulcrum|Volt Switch|p2a: Runerigus\n|-immune|p2a: Runerigus\n|\n|-heal|p2a: Runerigus|67\/100|[from] item: Leftovers\n|upkeep\n|turn|29\n|\n|t:|1667957524\n|switch|p1a: need i say more|Clefable, F|99\/100\n|move|p2a: Runerigus|Earthquake|p1a: need i say more\n|-damage|p1a: need i say more|75\/100\n|\n|-heal|p2a: Runerigus|73\/100|[from] item: Leftovers\n|upkeep\n|turn|30\n|\n|t:|1667957538\n|move|p1a: need i say more|Flamethrower|p2a: Runerigus\n|-damage|p2a: Runerigus|52\/100\n|move|p2a: Runerigus|Night Shade|p1a: need i say more\n|-damage|p1a: need i say more|50\/100\n|\n|-heal|p2a: Runerigus|58\/100|[from] item: Leftovers\n|upkeep\n|turn|31\n|\n|t:|1667957554\n|switch|p2a: Pinsir|Pinsir-Mega, M|100\/100\n|move|p1a: need i say more|Flamethrower|p2a: Pinsir\n|-supereffective|p2a: Pinsir\n|-damage|p2a: Pinsir|25\/100\n|\n|upkeep\n|turn|32\n|\n|t:|1667957562\n|switch|p1a: fulcrum|Manectric-Mega, M, shiny|57\/100\n|-ability|p1a: fulcrum|Intimidate|boost\n|-unboost|p2a: Pinsir|atk|1\n|move|p2a: Pinsir|Return|p1a: fulcrum\n|-resisted|p1a: fulcrum\n|-damage|p1a: fulcrum|24\/100\n|\n|upkeep\n|turn|33\n|j| Charkhil\n|\n|t:|1667957573\n|switch|p2a: Runerigus|Runerigus, M|58\/100\n|move|p1a: fulcrum|Hidden Power|p2a: Runerigus\n|-supereffective|p2a: Runerigus\n|-crit|p2a: Runerigus\n|-damage|p2a: Runerigus|2\/100\n|\n|-heal|p2a: Runerigus|8\/100|[from] item: Leftovers\n|upkeep\n|turn|34\n|\n|t:|1667957591\n|move|p1a: fulcrum|Hidden Power|p2a: Runerigus\n|-supereffective|p2a: Runerigus\n|-damage|p2a: Runerigus|0 fnt\n|faint|p2a: Runerigus\n|\n|upkeep\n|\n|t:|1667957595\n|switch|p2a: Silvally|Silvally-Fairy|100\/100\n|turn|35\n|\n|t:|1667957601\n|move|p1a: fulcrum|Volt Switch|p2a: Silvally\n|-damage|p2a: Silvally|53\/100\n|\n|t:|1667957604\n|switch|p1a: yodie gang|Aegislash, F|82\/100|[from]move: Volt Switch\n|move|p2a: Silvally|Multi-Attack|p1a: yodie gang\n|-resisted|p1a: yodie gang\n|-damage|p1a: yodie gang|67\/100\n|\n|-heal|p1a: yodie gang|73\/100|[from] item: Leftovers\n|upkeep\n|turn|36\n|\n|t:|1667957617\n|move|p2a: Silvally|Parting Shot|p1a: yodie gang\n|-unboost|p1a: yodie gang|atk|1\n|-unboost|p1a: yodie gang|spa|1\n|\n|t:|1667957636\n|switch|p2a: Pinsir|Pinsir-Mega, M|25\/100|[from]move: Parting Shot\n|move|p1a: yodie gang|Swords Dance|p1a: yodie gang\n|-boost|p1a: yodie gang|atk|2\n|\n|-heal|p1a: yodie gang|80\/100|[from] item: Leftovers\n|upkeep\n|turn|37\n|\n|t:|1667957674\n|-formechange|p1a: yodie gang|Aegislash-Blade||[from] ability: Stance Change\n|move|p1a: yodie gang|Shadow Sneak|p2a: Pinsir\n|-damage|p2a: Pinsir|0 fnt\n|faint|p2a: Pinsir\n|\n|-heal|p1a: yodie gang|86\/100|[from] item: Leftovers\n|upkeep\n|\n|t:|1667957678\n|switch|p2a: Silvally|Silvally-Fairy|53\/100\n|turn|38\n|\n|t:|1667957682\n|-formechange|p1a: yodie gang|Aegislash||[from] ability: Stance Change\n|move|p1a: yodie gang|King's Shield|p1a: yodie gang\n|-singleturn|p1a: yodie gang|Protect\n|move|p2a: Silvally|Crunch|p1a: yodie gang\n|-activate|p1a: yodie gang|move: Protect\n|-unboost|p2a: Silvally|atk|1\n|\n|-heal|p1a: yodie gang|92\/100|[from] item: Leftovers\n|upkeep\n|turn|39\n|\n|t:|1667957691\n|move|p2a: Silvally|Crunch|p1a: yodie gang\n|-supereffective|p1a: yodie gang\n|-damage|p1a: yodie gang|73\/100\n|-formechange|p1a: yodie gang|Aegislash-Blade||[from] ability: Stance Change\n|move|p1a: yodie gang|Close Combat|p2a: Silvally\n|-resisted|p2a: Silvally\n|-damage|p2a: Silvally|22\/100\n|-unboost|p1a: yodie gang|def|1\n|-unboost|p1a: yodie gang|spd|1\n|\n|-heal|p1a: yodie gang|80\/100|[from] item: Leftovers\n|upkeep\n|turn|40\n|c| Bugsileus|This match is as riveting as it is pivoting\n|\n|t:|1667957695\n|move|p1a: yodie gang|Shadow Sneak|p2a: Silvally\n|-damage|p2a: Silvally|0 fnt\n|faint|p2a: Silvally\n|\n|-heal|p1a: yodie gang|86\/100|[from] item: Leftovers\n|upkeep\n|\n|t:|1667957697\n|switch|p2a: Celesteela|Celesteela|35\/100\n|turn|41\n|\n|t:|1667957699\n|move|p1a: yodie gang|Close Combat|p2a: Celesteela\n|-damage|p2a: Celesteela|4\/100\n|-unboost|p1a: yodie gang|def|1\n|-unboost|p1a: yodie gang|spd|1\n|move|p2a: Celesteela|Flamethrower|p1a: yodie gang\n|-supereffective|p1a: yodie gang\n|-damage|p1a: yodie gang|0 fnt\n|faint|p1a: yodie gang\n|-ability|p2a: Celesteela|Beast Boost|boost\n|-boost|p2a: Celesteela|def|1\n|\n|-heal|p2a: Celesteela|10\/100|[from] item: Leftovers\n|upkeep\n|\n|t:|1667957702\n|switch|p1a: fulcrum|Manectric-Mega, M, shiny|24\/100\n|-ability|p1a: fulcrum|Intimidate|boost\n|-unboost|p2a: Celesteela|atk|1\n|turn|42\n|\n|t:|1667957708\n|move|p1a: fulcrum|Thunderbolt|p2a: Celesteela\n|-supereffective|p2a: Celesteela\n|-damage|p2a: Celesteela|0 fnt\n|faint|p2a: Celesteela\n|\n|win|yes munchlax\n|c|\u2606yes munchlax|gg\n","uploadtime":1667957717,"views":13,"p1id":"yesmunchlax","p2id":"fleetfoxxx","formatid":"gen8nationaldex","rating":0,"private":0,"password":null}