{"id":"gen8nationaldex-1568684507","p1":"Blacksponge","p2":"Tr3ybomb","format":"gen8nationaldex","log":"|j|\u2606Blacksponge\n|j|\u2606Tr3ybomb\n|t:|1651803144\n|gametype|singles\n|player|p1|Blacksponge|lucas|1508\n|player|p2|Tr3ybomb|liza|1609\n|teamsize|p1|6\n|teamsize|p2|6\n|gen|8\n|tier|[Gen 8] National Dex\n|rated|\n|rule|HP Percentage Mod: HP is shown in percentages\n|rule|Endless Battle Clause: Forcing endless battles is banned\n|rule|OHKO Clause: OHKO moves are banned\n|rule|Evasion Moves Clause: Evasion moves are banned\n|rule|Species Clause: Limit one of each Pok\u00e9mon\n|rule|Dynamax Clause: You cannot dynamax\n|rule|Sleep Clause Mod: Limit one foe put to sleep\n|clearpoke\n|poke|p1|Scrafty, F|\n|poke|p1|Reuniclus, M|\n|poke|p1|Victini|\n|poke|p1|Kyurem|\n|poke|p1|Corviknight, F|\n|poke|p1|Smeargle, F|\n|poke|p2|Chansey, F|\n|poke|p2|Sableye, M|\n|poke|p2|Blissey, F|\n|poke|p2|Skarmory, M|\n|poke|p2|Shedinja|\n|poke|p2|Arcanine, F|\n|teampreview\n|inactive|Battle timer is ON: inactive players will automatically lose when time's up. (requested by Tr3ybomb)\n|c|\u2606Blacksponge|this is tough\n|\n|t:|1651803160\n|start\n|switch|p1a: Scrafty|Scrafty, F|100\/100\n|switch|p2a: Sableye|Sableye, M|100\/100\n|turn|1\n|\n|t:|1651803173\n|detailschange|p2a: Sableye|Sableye-Mega, M\n|-mega|p2a: Sableye|Sableye|Sablenite\n|move|p1a: Scrafty|Dragon Dance|p1a: Scrafty\n|-boost|p1a: Scrafty|atk|1\n|-boost|p1a: Scrafty|spe|1\n|move|p2a: Sableye|Will-O-Wisp|p1a: Scrafty\n|-status|p1a: Scrafty|brn\n|\n|-damage|p1a: Scrafty|95\/100 brn|[from] brn\n|upkeep\n|turn|2\n|\n|t:|1651803183\n|switch|p2a: Arcanine|Arcanine, F|100\/100\n|-ability|p2a: Arcanine|Intimidate|boost\n|-unboost|p1a: Scrafty|atk|1\n|move|p1a: Scrafty|Dragon Dance|p1a: Scrafty\n|-boost|p1a: Scrafty|atk|1\n|-boost|p1a: Scrafty|spe|1\n|\n|-heal|p1a: Scrafty|100\/100 brn|[from] item: Leftovers\n|-damage|p1a: Scrafty|95\/100 brn|[from] brn\n|upkeep\n|turn|3\n|\n|t:|1651803191\n|move|p1a: Scrafty|Dragon Dance|p1a: Scrafty\n|-boost|p1a: Scrafty|atk|1\n|-boost|p1a: Scrafty|spe|1\n|move|p2a: Arcanine|Reflect|p2a: Arcanine\n|-sidestart|p2: Tr3ybomb|Reflect\n|\n|-activate|p1a: Scrafty|ability: Shed Skin\n|-curestatus|p1a: Scrafty|brn|[msg]\n|-heal|p1a: Scrafty|100\/100|[from] item: Leftovers\n|upkeep\n|turn|4\n|\n|t:|1651803201\n|switch|p2a: Skarmory|Skarmory, M|100\/100\n|move|p1a: Scrafty|Dragon Dance|p1a: Scrafty\n|-boost|p1a: Scrafty|atk|1\n|-boost|p1a: Scrafty|spe|1\n|\n|upkeep\n|turn|5\n|\n|t:|1651803204\n|move|p1a: Scrafty|Knock Off|p2a: Skarmory\n|-damage|p2a: Skarmory|69\/100\n|-enditem|p2a: Skarmory|Leftovers|[from] move: Knock Off|[of] p1a: Scrafty\n|move|p2a: Skarmory|Whirlwind|p1a: Scrafty\n|drag|p1a: Reuniclus|Reuniclus, M|100\/100\n|\n|upkeep\n|turn|6\n|\n|t:|1651803213\n|switch|p2a: Chansey|Chansey, F, shiny|100\/100\n|switch|p1a: Smeargle|Smeargle, F|100\/100\n|\n|upkeep\n|turn|7\n|\n|t:|1651803215\n|switch|p2a: Sableye|Sableye-Mega, M|100\/100\n|move|p1a: Smeargle|Court Change|p1a: Smeargle\n|-swapsideconditions\n|-activate|p1a: Smeargle|move: Court Change\n|\n|-sideend|p1: Blacksponge|Reflect\n|upkeep\n|turn|8\n|\n|t:|1651803244\n|switch|p1a: Scrafty|Scrafty, F|100\/100\n|move|p2a: Sableye|Will-O-Wisp|p1a: Scrafty\n|-status|p1a: Scrafty|brn\n|\n|-damage|p1a: Scrafty|95\/100 brn|[from] brn\n|upkeep\n|turn|9\n|\n|t:|1651803248\n|switch|p2a: Skarmory|Skarmory, M|69\/100\n|move|p1a: Scrafty|Dragon Dance|p1a: Scrafty\n|-boost|p1a: Scrafty|atk|1\n|-boost|p1a: Scrafty|spe|1\n|\n|-heal|p1a: Scrafty|100\/100 brn|[from] item: Leftovers\n|-damage|p1a: Scrafty|95\/100 brn|[from] brn\n|upkeep\n|turn|10\n|\n|t:|1651803255\n|move|p1a: Scrafty|Dragon Dance|p1a: Scrafty\n|-boost|p1a: Scrafty|atk|1\n|-boost|p1a: Scrafty|spe|1\n|move|p2a: Skarmory|Roost|p2a: Skarmory\n|-heal|p2a: Skarmory|100\/100\n|-singleturn|p2a: Skarmory|move: Roost\n|\n|-heal|p1a: Scrafty|100\/100 brn|[from] item: Leftovers\n|-damage|p1a: Scrafty|95\/100 brn|[from] brn\n|upkeep\n|turn|11\n|\n|t:|1651803258\n|move|p1a: Scrafty|Drain Punch|p2a: Skarmory\n|-damage|p2a: Skarmory|82\/100\n|-heal|p1a: Scrafty|100\/100 brn|[from] drain|[of] p2a: Skarmory\n|move|p2a: Skarmory|Whirlwind|p1a: Scrafty\n|drag|p1a: Kyurem|Kyurem|100\/100\n|-ability|p1a: Kyurem|Pressure\n|\n|upkeep\n|turn|12\n|\n|t:|1651803263\n|switch|p2a: Shedinja|Shedinja, shiny|100\/100\n|move|p1a: Kyurem|Dragon Dance|p1a: Kyurem\n|-boost|p1a: Kyurem|atk|1\n|-boost|p1a: Kyurem|spe|1\n|\n|upkeep\n|turn|13\n|\n|t:|1651803274\n|switch|p1a: Scrafty|Scrafty, F|100\/100 brn\n|move|p2a: Shedinja|Protect||[still]\n|-fail|p2a: Shedinja\n|\n|-damage|p1a: Scrafty|95\/100 brn|[from] brn\n|upkeep\n|turn|14\n|\n|t:|1651803278\n|switch|p2a: Skarmory|Skarmory, M|82\/100\n|move|p1a: Scrafty|Dragon Dance|p1a: Scrafty\n|-boost|p1a: Scrafty|atk|1\n|-boost|p1a: Scrafty|spe|1\n|\n|-activate|p1a: Scrafty|ability: Shed Skin\n|-curestatus|p1a: Scrafty|brn|[msg]\n|-heal|p1a: Scrafty|100\/100|[from] item: Leftovers\n|upkeep\n|turn|15\n|\n|t:|1651803285\n|move|p1a: Scrafty|Drain Punch|p2a: Skarmory\n|-damage|p2a: Skarmory|55\/100\n|move|p2a: Skarmory|Body Press|p1a: Scrafty\n|-supereffective|p1a: Scrafty\n|-damage|p1a: Scrafty|27\/100\n|\n|-heal|p1a: Scrafty|33\/100|[from] item: Leftovers\n|upkeep\n|turn|16\n|\n|t:|1651803296\n|switch|p2a: Arcanine|Arcanine, F|100\/100\n|-ability|p2a: Arcanine|Intimidate|boost\n|-unboost|p1a: Scrafty|atk|1\n|move|p1a: Scrafty|Drain Punch|p2a: Arcanine\n|-damage|p2a: Arcanine|78\/100\n|-heal|p1a: Scrafty|50\/100|[from] drain|[of] p2a: Arcanine\n|\n|-heal|p1a: Scrafty|55\/100|[from] item: Leftovers\n|upkeep\n|turn|17\n|\n|t:|1651803300\n|move|p1a: Scrafty|Knock Off|p2a: Arcanine\n|-crit|p2a: Arcanine\n|-damage|p2a: Arcanine|31\/100\n|-enditem|p2a: Arcanine|Heavy-Duty Boots|[from] move: Knock Off|[of] p1a: Scrafty\n|move|p2a: Arcanine|Close Combat|p1a: Scrafty\n|-supereffective|p1a: Scrafty\n|-damage|p1a: Scrafty|0 fnt\n|-unboost|p2a: Arcanine|def|1\n|-unboost|p2a: Arcanine|spd|1\n|faint|p1a: Scrafty\n|\n|upkeep\n|\n|t:|1651803325\n|switch|p1a: Smeargle|Smeargle, F|100\/100\n|turn|18\n|\n|t:|1651803328\n|switch|p2a: Sableye|Sableye-Mega, M|100\/100\n|move|p1a: Smeargle|Court Change||[still]\n|-swapsideconditions\n|-fail|p1a: Smeargle\n|\n|upkeep\n|turn|19\n|\n|t:|1651803332\n|switch|p1a: Victini|Victini|100\/100\n|move|p2a: Sableye|Knock Off|p1a: Victini\n|-supereffective|p1a: Victini\n|-damage|p1a: Victini|59\/100\n|\n|upkeep\n|turn|20\n|\n|t:|1651803342\n|move|p1a: Victini|Searing Shot|p2a: Sableye\n|-damage|p2a: Sableye|58\/100\n|move|p2a: Sableye|Knock Off|p1a: Victini\n|-supereffective|p1a: Victini\n|-damage|p1a: Victini|17\/100\n|\n|upkeep\n|turn|21\n|\n|t:|1651803346\n|move|p1a: Victini|Searing Shot|p2a: Sableye\n|-damage|p2a: Sableye|15\/100\n|move|p2a: Sableye|Knock Off|p1a: Victini\n|-supereffective|p1a: Victini\n|-damage|p1a: Victini|0 fnt\n|faint|p1a: Victini\n|\n|upkeep\n|\n|t:|1651803358\n|switch|p1a: Kyurem|Kyurem|100\/100\n|-ability|p1a: Kyurem|Pressure\n|turn|22\n|\n|t:|1651803362\n|switch|p2a: Shedinja|Shedinja, shiny|100\/100\n|move|p1a: Kyurem|Icicle Spear|p2a: Shedinja\n|-immune|p2a: Shedinja|[from] ability: Wonder Guard\n|\n|upkeep\n|turn|23\n|\n|t:|1651803365\n|move|p1a: Kyurem|Substitute|p1a: Kyurem\n|-start|p1a: Kyurem|Substitute\n|-damage|p1a: Kyurem|76\/100\n|move|p2a: Shedinja|Will-O-Wisp||[still]\n|-fail|p2a: Shedinja\n|\n|upkeep\n|turn|24\n|\n|t:|1651803370\n|move|p2a: Shedinja|Shadow Sneak|p1a: Kyurem\n|-activate|p1a: Kyurem|move: Substitute|[damage]\n|move|p1a: Kyurem|Dragon Dance|p1a: Kyurem\n|-boost|p1a: Kyurem|atk|1\n|-boost|p1a: Kyurem|spe|1\n|\n|upkeep\n|turn|25\n|\n|t:|1651803373\n|move|p2a: Shedinja|Shadow Sneak|p1a: Kyurem\n|-end|p1a: Kyurem|Substitute\n|move|p1a: Kyurem|Dragon Dance|p1a: Kyurem\n|-boost|p1a: Kyurem|atk|1\n|-boost|p1a: Kyurem|spe|1\n|\n|upkeep\n|turn|26\n|\n|t:|1651803375\n|move|p2a: Shedinja|Shadow Sneak|p1a: Kyurem\n|-damage|p1a: Kyurem|57\/100\n|move|p1a: Kyurem|Substitute|p1a: Kyurem\n|-start|p1a: Kyurem|Substitute\n|-damage|p1a: Kyurem|32\/100\n|\n|upkeep\n|turn|27\n|\n|t:|1651803377\n|move|p2a: Shedinja|Shadow Sneak|p1a: Kyurem\n|-activate|p1a: Kyurem|move: Substitute|[damage]\n|move|p1a: Kyurem|Roost|p1a: Kyurem\n|-heal|p1a: Kyurem|83\/100\n|-singleturn|p1a: Kyurem|move: Roost\n|\n|upkeep\n|turn|28\n|\n|t:|1651803380\n|move|p2a: Shedinja|Shadow Sneak|p1a: Kyurem\n|-end|p1a: Kyurem|Substitute\n|move|p1a: Kyurem|Substitute|p1a: Kyurem\n|-start|p1a: Kyurem|Substitute\n|-damage|p1a: Kyurem|58\/100\n|\n|upkeep\n|turn|29\n|\n|t:|1651803382\n|move|p2a: Shedinja|Shadow Sneak|p1a: Kyurem\n|-activate|p1a: Kyurem|move: Substitute|[damage]\n|move|p1a: Kyurem|Roost|p1a: Kyurem\n|-heal|p1a: Kyurem|100\/100\n|-singleturn|p1a: Kyurem|move: Roost\n|\n|upkeep\n|turn|30\n|\n|t:|1651803383\n|move|p2a: Shedinja|Shadow Sneak|p1a: Kyurem\n|-end|p1a: Kyurem|Substitute\n|move|p1a: Kyurem|Substitute|p1a: Kyurem\n|-start|p1a: Kyurem|Substitute\n|-damage|p1a: Kyurem|76\/100\n|\n|upkeep\n|turn|31\n|\n|t:|1651803386\n|move|p2a: Shedinja|Shadow Sneak|p1a: Kyurem\n|-activate|p1a: Kyurem|move: Substitute|[damage]\n|move|p1a: Kyurem|Dragon Dance|p1a: Kyurem\n|-boost|p1a: Kyurem|atk|1\n|-boost|p1a: Kyurem|spe|1\n|\n|upkeep\n|turn|32\n|\n|t:|1651803390\n|move|p2a: Shedinja|Shadow Sneak|p1a: Kyurem\n|-end|p1a: Kyurem|Substitute\n|move|p1a: Kyurem|Substitute|p1a: Kyurem\n|-start|p1a: Kyurem|Substitute\n|-damage|p1a: Kyurem|51\/100\n|\n|upkeep\n|turn|33\n|\n|t:|1651803393\n|move|p2a: Shedinja|Shadow Sneak|p1a: Kyurem\n|-activate|p1a: Kyurem|move: Substitute|[damage]\n|move|p1a: Kyurem|Dragon Dance|p1a: Kyurem\n|-boost|p1a: Kyurem|atk|1\n|-boost|p1a: Kyurem|spe|1\n|\n|upkeep\n|turn|34\n|\n|t:|1651803402\n|move|p2a: Shedinja|Shadow Sneak|p1a: Kyurem\n|-end|p1a: Kyurem|Substitute\n|move|p1a: Kyurem|Dragon Dance|p1a: Kyurem\n|-boost|p1a: Kyurem|atk|1\n|-boost|p1a: Kyurem|spe|1\n|\n|upkeep\n|turn|35\n|\n|t:|1651803407\n|move|p2a: Shedinja|Shadow Sneak|p1a: Kyurem\n|-damage|p1a: Kyurem|34\/100\n|move|p1a: Kyurem|Substitute|p1a: Kyurem\n|-start|p1a: Kyurem|Substitute\n|-damage|p1a: Kyurem|9\/100\n|\n|upkeep\n|turn|36\n|\n|t:|1651803412\n|move|p2a: Shedinja|Shadow Sneak|p1a: Kyurem\n|-activate|p1a: Kyurem|move: Substitute|[damage]\n|move|p1a: Kyurem|Roost|p1a: Kyurem\n|-heal|p1a: Kyurem|59\/100\n|-singleturn|p1a: Kyurem|move: Roost\n|\n|upkeep\n|turn|37\n|\n|t:|1651803416\n|move|p2a: Shedinja|Shadow Sneak|p1a: Kyurem\n|-end|p1a: Kyurem|Substitute\n|move|p1a: Kyurem|Roost|p1a: Kyurem\n|-heal|p1a: Kyurem|100\/100\n|-singleturn|p1a: Kyurem|move: Roost\n|\n|upkeep\n|turn|38\n|\n|t:|1651803421\n|switch|p2a: Skarmory|Skarmory, M|55\/100\n|move|p1a: Kyurem|Substitute|p1a: Kyurem\n|-start|p1a: Kyurem|Substitute\n|-damage|p1a: Kyurem|76\/100\n|\n|upkeep\n|turn|39\n|\n|t:|1651803423\n|switch|p2a: Shedinja|Shedinja, shiny|100\/100\n|move|p1a: Kyurem|Icicle Spear|p2a: Shedinja\n|-immune|p2a: Shedinja|[from] ability: Wonder Guard\n|\n|upkeep\n|turn|40\n|\n|t:|1651803433\n|move|p1a: Kyurem|Dragon Dance|p1a: Kyurem\n|-boost|p1a: Kyurem|atk|1\n|-boost|p1a: Kyurem|spe|1\n|move|p2a: Shedinja|Will-O-Wisp||[still]\n|-fail|p2a: Shedinja\n|\n|upkeep\n|turn|41\n|\n|t:|1651803437\n|move|p2a: Shedinja|Shadow Sneak|p1a: Kyurem\n|-activate|p1a: Kyurem|move: Substitute|[damage]\n|move|p1a: Kyurem|Icicle Spear|p2a: Shedinja\n|-immune|p2a: Shedinja|[from] ability: Wonder Guard\n|\n|upkeep\n|turn|42\n|\n|t:|1651803441\n|move|p2a: Shedinja|Shadow Sneak|p1a: Kyurem\n|-end|p1a: Kyurem|Substitute\n|move|p1a: Kyurem|Icicle Spear|p2a: Shedinja\n|-immune|p2a: Shedinja|[from] ability: Wonder Guard\n|\n|upkeep\n|turn|43\n|\n|t:|1651803446\n|move|p1a: Kyurem|Substitute|p1a: Kyurem\n|-start|p1a: Kyurem|Substitute\n|-damage|p1a: Kyurem|51\/100\n|move|p2a: Shedinja|Toxic||[still]\n|-fail|p2a: Shedinja\n|\n|upkeep\n|turn|44\n|\n|t:|1651803450\n|move|p2a: Shedinja|Shadow Sneak|p1a: Kyurem\n|-activate|p1a: Kyurem|move: Substitute|[damage]\n|move|p1a: Kyurem|Icicle Spear|p2a: Shedinja\n|-immune|p2a: Shedinja|[from] ability: Wonder Guard\n|\n|upkeep\n|turn|45\n|\n|t:|1651803455\n|move|p2a: Shedinja|Shadow Sneak|p1a: Kyurem\n|-end|p1a: Kyurem|Substitute\n|move|p1a: Kyurem|Roost|p1a: Kyurem\n|-heal|p1a: Kyurem|100\/100\n|-singleturn|p1a: Kyurem|move: Roost\n|\n|upkeep\n|turn|46\n|\n|t:|1651803463\n|switch|p2a: Skarmory|Skarmory, M|55\/100\n|move|p1a: Kyurem|Substitute|p1a: Kyurem\n|-start|p1a: Kyurem|Substitute\n|-damage|p1a: Kyurem|76\/100\n|\n|upkeep\n|turn|47\n|\n|t:|1651803466\n|switch|p2a: Shedinja|Shedinja, shiny|100\/100\n|move|p1a: Kyurem|Icicle Spear|p2a: Shedinja\n|-immune|p2a: Shedinja|[from] ability: Wonder Guard\n|\n|upkeep\n|turn|48\n|\n|t:|1651803476\n|move|p1a: Kyurem|Dragon Dance|p1a: Kyurem\n|-boost|p1a: Kyurem|atk|0\n|-boost|p1a: Kyurem|spe|0\n|move|p2a: Shedinja|Will-O-Wisp||[still]\n|-fail|p2a: Shedinja\n|\n|upkeep\n|turn|49\n|\n|t:|1651803484\n|move|p1a: Kyurem|Dragon Dance|p1a: Kyurem\n|-boost|p1a: Kyurem|atk|0\n|-boost|p1a: Kyurem|spe|0\n|move|p2a: Shedinja|Will-O-Wisp||[still]\n|-fail|p2a: Shedinja\n|\n|upkeep\n|turn|50\n|\n|t:|1651803487\n|move|p1a: Kyurem|Icicle Spear|p2a: Shedinja\n|-immune|p2a: Shedinja|[from] ability: Wonder Guard\n|move|p2a: Shedinja|Will-O-Wisp||[still]\n|-fail|p2a: Shedinja\n|\n|upkeep\n|turn|51\n|\n|t:|1651803491\n|move|p1a: Kyurem|Icicle Spear|p2a: Shedinja\n|-immune|p2a: Shedinja|[from] ability: Wonder Guard\n|move|p2a: Shedinja|Will-O-Wisp||[still]\n|-fail|p2a: Shedinja\n|\n|upkeep\n|turn|52\n|\n|t:|1651803499\n|move|p2a: Shedinja|Protect|p2a: Shedinja\n|-singleturn|p2a: Shedinja|Protect\n|move|p1a: Kyurem|Icicle Spear|p2a: Shedinja\n|-activate|p2a: Shedinja|move: Protect\n|\n|upkeep\n|turn|53\n|\n|t:|1651803504\n|move|p2a: Shedinja|Protect||[still]\n|-fail|p2a: Shedinja\n|move|p1a: Kyurem|Dragon Dance|p1a: Kyurem\n|-boost|p1a: Kyurem|atk|0\n|-boost|p1a: Kyurem|spe|0\n|\n|upkeep\n|turn|54\n|\n|t:|1651803507\n|move|p1a: Kyurem|Icicle Spear|p2a: Shedinja\n|-immune|p2a: Shedinja|[from] ability: Wonder Guard\n|move|p2a: Shedinja|Toxic||[still]\n|-fail|p2a: Shedinja\n|\n|upkeep\n|turn|55\n|\n|t:|1651803512\n|move|p1a: Kyurem|Dragon Dance|p1a: Kyurem\n|-boost|p1a: Kyurem|atk|0\n|-boost|p1a: Kyurem|spe|0\n|move|p2a: Shedinja|Will-O-Wisp||[still]\n|-fail|p2a: Shedinja\n|\n|upkeep\n|turn|56\n|\n|t:|1651803519\n|move|p2a: Shedinja|Protect|p2a: Shedinja\n|-singleturn|p2a: Shedinja|Protect\n|move|p1a: Kyurem|Icicle Spear|p2a: Shedinja\n|-activate|p2a: Shedinja|move: Protect\n|\n|upkeep\n|turn|57\n|\n|t:|1651803525\n|switch|p2a: Skarmory|Skarmory, M|55\/100\n|move|p1a: Kyurem|Icicle Spear|p2a: Skarmory\n|-damage|p2a: Skarmory|23\/100\n|-damage|p2a: Skarmory|0 fnt\n|faint|p2a: Skarmory\n|-hitcount|p2: Skarmory|2\n|\n|upkeep\n|\n|t:|1651803529\n|switch|p2a: Arcanine|Arcanine, F|31\/100\n|-ability|p2a: Arcanine|Intimidate|boost\n|-immune|p1a: Kyurem\n|turn|58\n|\n|t:|1651803534\n|switch|p2a: Shedinja|Shedinja, shiny|100\/100\n|move|p1a: Kyurem|Dragon Dance|p1a: Kyurem\n|-boost|p1a: Kyurem|atk|0\n|-boost|p1a: Kyurem|spe|0\n|\n|upkeep\n|turn|59\n|\n|t:|1651803540\n|move|p1a: Kyurem|Icicle Spear|p2a: Shedinja\n|-immune|p2a: Shedinja|[from] ability: Wonder Guard\n|move|p2a: Shedinja|Will-O-Wisp||[still]\n|-fail|p2a: Shedinja\n|\n|upkeep\n|turn|60\n|\n|t:|1651803552\n|move|p1a: Kyurem|Icicle Spear|p2a: Shedinja\n|-immune|p2a: Shedinja|[from] ability: Wonder Guard\n|move|p2a: Shedinja|Will-O-Wisp||[still]\n|-fail|p2a: Shedinja\n|\n|upkeep\n|turn|61\n|\n|t:|1651803558\n|move|p1a: Kyurem|Icicle Spear|p2a: Shedinja\n|-immune|p2a: Shedinja|[from] ability: Wonder Guard\n|move|p2a: Shedinja|Will-O-Wisp||[still]\n|-fail|p2a: Shedinja\n|\n|upkeep\n|turn|62\n|\n|t:|1651803564\n|move|p2a: Shedinja|Shadow Sneak|p1a: Kyurem\n|-activate|p1a: Kyurem|move: Substitute|[damage]\n|move|p1a: Kyurem|Icicle Spear|p2a: Shedinja\n|-immune|p2a: Shedinja|[from] ability: Wonder Guard\n|\n|upkeep\n|turn|63\n|c|\u2606Tr3ybomb|Pressure stall :\/\n|c|\u2606Tr3ybomb|gg\n|c|\u2606Blacksponge|gg\n|-message|Tr3ybomb forfeited.\n|\n|win|Blacksponge\n|raw|Blacksponge's rating: 1508 &rarr; <strong>1534<\/strong><br \/>(+26 for winning)\n|raw|Tr3ybomb's rating: 1609 &rarr; <strong>1583<\/strong><br \/>(-26 for losing)\n|l|\u2606Tr3ybomb\n||Ladder isn't responding, score probably updated but might not have (Request timeout).\n","uploadtime":1651803587,"views":10,"p1id":"blacksponge","p2id":"tr3ybomb","formatid":"gen8nationaldex","rating":1534,"private":0,"password":null}