{"id":"gen8nationaldex-1548192288","p1":"pmfg10","p2":"Hikari-miyako","format":"gen8nationaldex","log":"|html|<div class=\"broadcast-blue\"><strong>[Gen 8] National Dex is currently suspecting Mega Blaziken! For information on how to participate check out the <a href=\"https:\/\/www.smogon.com\/forums\/threads\/national-dex-suspect-test-15-harder-better-faster-stronger.3699700\/\">suspect thread<\/a>.<\/strong><\/div>\n|j|\u2606pmfg10\n|j|\u2606Hikari-miyako\n|t:|1649347353\n|gametype|singles\n|player|p1|pmfg10|265|1750\n|player|p2|Hikari-miyako|ariana|1700\n|teamsize|p1|6\n|teamsize|p2|6\n|gen|8\n|tier|[Gen 8] National Dex\n|rated|\n|rule|HP Percentage Mod: HP is shown in percentages\n|rule|Endless Battle Clause: Forcing endless battles is banned\n|rule|OHKO Clause: OHKO moves are banned\n|rule|Evasion Moves Clause: Evasion moves are banned\n|rule|Species Clause: Limit one of each Pok\u00e9mon\n|rule|Dynamax Clause: You cannot dynamax\n|rule|Sleep Clause Mod: Limit one foe put to sleep\n|clearpoke\n|poke|p1|Blaziken, M|\n|poke|p1|Tapu Lele|\n|poke|p1|Melmetal|\n|poke|p1|Tyranitar, M|\n|poke|p1|Landorus-Therian, M|\n|poke|p1|Serperior, F|\n|poke|p2|Aegislash, F|\n|poke|p2|Diancie|\n|poke|p2|Thundurus, M|\n|poke|p2|Bisharp, F|\n|poke|p2|Serperior, M|\n|poke|p2|Greninja, M|\n|teampreview\n|inactive|Battle timer is ON: inactive players will automatically lose when time's up. (requested by pmfg10)\n|\n|t:|1649347363\n|start\n|switch|p1a: Serperior|Serperior, F|100\/100\n|switch|p2a: Bisharp|Bisharp, F|100\/100\n|turn|1\n|\n|t:|1649347370\n|move|p1a: Serperior|Glare|p2a: Bisharp\n|-status|p2a: Bisharp|par\n|move|p2a: Bisharp|Knock Off|p1a: Serperior\n|-damage|p1a: Serperior|31\/100\n|-enditem|p1a: Serperior|Choice Scarf|[from] move: Knock Off|[of] p2a: Bisharp\n|\n|upkeep\n|turn|2\n|\n|t:|1649347377\n|switch|p1a: Blaziken|Blaziken, M|100\/100\n|move|p2a: Bisharp|Stealth Rock|p1a: Blaziken\n|-sidestart|p1: pmfg10|move: Stealth Rock\n|\n|upkeep\n|turn|3\n|\n|t:|1649347382\n|detailschange|p1a: Blaziken|Blaziken-Mega, M\n|-mega|p1a: Blaziken|Blaziken|Blazikenite\n|move|p1a: Blaziken|Swords Dance|p1a: Blaziken\n|-boost|p1a: Blaziken|atk|2\n|move|p2a: Bisharp|Iron Head|p1a: Blaziken\n|-resisted|p1a: Blaziken\n|-damage|p1a: Blaziken|70\/100\n|\n|-ability|p1a: Blaziken|Speed Boost|boost\n|-boost|p1a: Blaziken|spe|1\n|upkeep\n|turn|4\n|\n|t:|1649347385\n|move|p1a: Blaziken|Close Combat|p2a: Bisharp\n|-supereffective|p2a: Bisharp\n|-enditem|p2a: Bisharp|Focus Sash\n|-damage|p2a: Bisharp|1\/100 par\n|-unboost|p1a: Blaziken|def|1\n|-unboost|p1a: Blaziken|spd|1\n|cant|p2a: Bisharp|par\n|\n|-ability|p1a: Blaziken|Speed Boost|boost\n|-boost|p1a: Blaziken|spe|1\n|upkeep\n|turn|5\n|\n|t:|1649347389\n|move|p2a: Bisharp|Sucker Punch|p1a: Blaziken\n|-resisted|p1a: Blaziken\n|-damage|p1a: Blaziken|33\/100\n|move|p1a: Blaziken|Close Combat|p2a: Bisharp\n|-supereffective|p2a: Bisharp\n|-damage|p2a: Bisharp|0 fnt\n|-unboost|p1a: Blaziken|def|1\n|-unboost|p1a: Blaziken|spd|1\n|faint|p2a: Bisharp\n|\n|-ability|p1a: Blaziken|Speed Boost|boost\n|-boost|p1a: Blaziken|spe|1\n|upkeep\n|\n|t:|1649347392\n|switch|p2a: Greninja|Greninja, M|100\/100\n|turn|6\n|\n|t:|1649347396\n|switch|p1a: Tapu Lele|Tapu Lele|100\/100\n|-damage|p1a: Tapu Lele|88\/100|[from] Stealth Rock\n|-fieldstart|move: Psychic Terrain|[from] ability: Psychic Surge|[of] p1a: Tapu Lele\n|move|p2a: Greninja|Water Shuriken|p1a: Tapu Lele\n|-activate|p1a: Tapu Lele|move: Psychic Terrain\n|\n|upkeep\n|turn|7\n|\n|t:|1649347401\n|switch|p2a: Aegislash|Aegislash, F|100\/100\n|move|p1a: Tapu Lele|Hidden Power|p2a: Aegislash\n|-supereffective|p2a: Aegislash\n|-damage|p2a: Aegislash|53\/100\n|-enditem|p2a: Aegislash|Weakness Policy\n|-boost|p2a: Aegislash|atk|2|[from] item: Weakness Policy\n|-boost|p2a: Aegislash|spa|2|[from] item: Weakness Policy\n|\n|upkeep\n|turn|8\n|\n|t:|1649347407\n|move|p1a: Tapu Lele|Hidden Power|p2a: Aegislash\n|-supereffective|p2a: Aegislash\n|-damage|p2a: Aegislash|3\/100\n|-formechange|p2a: Aegislash|Aegislash-Blade||[from] ability: Stance Change\n|move|p2a: Aegislash|Shadow Ball|p1a: Tapu Lele\n|-supereffective|p1a: Tapu Lele\n|-damage|p1a: Tapu Lele|0 fnt\n|faint|p1a: Tapu Lele\n|\n|upkeep\n|\n|t:|1649347415\n|switch|p1a: Blaziken|Blaziken-Mega, M|33\/100\n|-damage|p1a: Blaziken|21\/100|[from] Stealth Rock\n|turn|9\n|\n|t:|1649347417\n|-formechange|p2a: Aegislash|Aegislash||[from] ability: Stance Change\n|move|p2a: Aegislash|King's Shield|p2a: Aegislash\n|-singleturn|p2a: Aegislash|Protect\n|move|p1a: Blaziken|Flare Blitz|p2a: Aegislash\n|-activate|p2a: Aegislash|move: Protect\n|-unboost|p1a: Blaziken|atk|1\n|\n|-ability|p1a: Blaziken|Speed Boost|boost\n|-boost|p1a: Blaziken|spe|1\n|upkeep\n|turn|10\n|\n|t:|1649347424\n|move|p2a: Aegislash|King's Shield|p2a: Aegislash\n|-singleturn|p2a: Aegislash|Protect\n|move|p1a: Blaziken|Flare Blitz|p2a: Aegislash\n|-activate|p2a: Aegislash|move: Protect\n|-unboost|p1a: Blaziken|atk|1\n|\n|-fieldend|move: Psychic Terrain\n|-ability|p1a: Blaziken|Speed Boost|boost\n|-boost|p1a: Blaziken|spe|1\n|upkeep\n|turn|11\n|\n|t:|1649347431\n|switch|p1a: Landorus|Landorus-Therian, M|100\/100\n|-damage|p1a: Landorus|88\/100|[from] Stealth Rock\n|-ability|p1a: Landorus|Intimidate|boost\n|-unboost|p2a: Aegislash|atk|1\n|-formechange|p2a: Aegislash|Aegislash-Blade||[from] ability: Stance Change\n|move|p2a: Aegislash|Shadow Sneak|p1a: Landorus\n|-damage|p1a: Landorus|63\/100\n|-damage|p2a: Aegislash|0 fnt|[from] item: Rocky Helmet|[of] p1a: Landorus\n|faint|p2a: Aegislash\n|\n|upkeep\n|\n|t:|1649347434\n|switch|p2a: Thundurus|Thundurus, M|100\/100\n|turn|12\n|\n|t:|1649347437\n|switch|p1a: Tyranitar|Tyranitar, M|100\/100\n|-damage|p1a: Tyranitar|88\/100|[from] Stealth Rock\n|-weather|Sandstorm|[from] ability: Sand Stream|[of] p1a: Tyranitar\n|move|p2a: Thundurus|Hidden Power|p1a: Tyranitar\n|-damage|p1a: Tyranitar|81\/100\n|-damage|p2a: Thundurus|91\/100|[from] item: Life Orb\n|\n|-weather|Sandstorm|[upkeep]\n|-damage|p2a: Thundurus|85\/100|[from] Sandstorm\n|upkeep\n|turn|13\n|\n|t:|1649347440\n|move|p2a: Thundurus|Grass Knot|p1a: Tyranitar\n|-supereffective|p1a: Tyranitar\n|-damage|p1a: Tyranitar|53\/100\n|-damage|p2a: Thundurus|75\/100|[from] item: Life Orb\n|move|p1a: Tyranitar|Pursuit|p2a: Thundurus\n|-damage|p2a: Thundurus|49\/100\n|\n|-weather|Sandstorm|[upkeep]\n|-damage|p2a: Thundurus|43\/100|[from] Sandstorm\n|upkeep\n|turn|14\n|\n|t:|1649347444\n|move|p2a: Thundurus|Grass Knot|p1a: Tyranitar\n|-supereffective|p1a: Tyranitar\n|-damage|p1a: Tyranitar|25\/100\n|-damage|p2a: Thundurus|33\/100|[from] item: Life Orb\n|move|p1a: Tyranitar|Ice Punch|p2a: Thundurus\n|-supereffective|p2a: Thundurus\n|-damage|p2a: Thundurus|0 fnt\n|faint|p2a: Thundurus\n|\n|-weather|Sandstorm|[upkeep]\n|upkeep\n|\n|t:|1649347446\n|switch|p2a: Greninja|Greninja, M|100\/100\n|turn|15\n|\n|t:|1649347450\n|move|p2a: Greninja|Hydro Pump|p1a: Tyranitar|[miss]\n|-miss|p2a: Greninja|p1a: Tyranitar\n|move|p1a: Tyranitar|Rock Slide|p2a: Greninja\n|-damage|p2a: Greninja|43\/100\n|\n|-weather|Sandstorm|[upkeep]\n|-damage|p2a: Greninja|37\/100|[from] Sandstorm\n|upkeep\n|turn|16\n|\n|t:|1649347459\n|move|p2a: Greninja|Hydro Pump|p1a: Tyranitar|[miss]\n|-miss|p2a: Greninja|p1a: Tyranitar\n|move|p1a: Tyranitar|Earthquake|p2a: Greninja\n|-damage|p2a: Greninja|0 fnt\n|faint|p2a: Greninja\n|\n|-weather|none\n|upkeep\n|\n|t:|1649347461\n|switch|p2a: Serperior|Serperior, M|100\/100\n|turn|17\n|\n|t:|1649347466\n|move|p2a: Serperior|Leaf Storm|p1a: Tyranitar|[miss]\n|-miss|p2a: Serperior|p1a: Tyranitar\n|move|p1a: Tyranitar|Ice Punch|p2a: Serperior\n|-supereffective|p2a: Serperior\n|-damage|p2a: Serperior|40\/100\n|\n|upkeep\n|turn|18\n|\n|t:|1649347468\n|move|p2a: Serperior|Leaf Storm|p1a: Tyranitar|[miss]\n|-miss|p2a: Serperior|p1a: Tyranitar\n|move|p1a: Tyranitar|Ice Punch|p2a: Serperior\n|-supereffective|p2a: Serperior\n|-damage|p2a: Serperior|0 fnt\n|faint|p2a: Serperior\n|\n|upkeep\n|c|\u2606pmfg10|Wow\n|c|\u2606Hikari-miyako|wtf\n|\n|t:|1649347477\n|switch|p2a: Diancie|Diancie|100\/100\n|turn|19\n|\n|t:|1649347479\n|detailschange|p2a: Diancie|Diancie-Mega\n|-mega|p2a: Diancie|Diancie|Diancite\n|move|p2a: Diancie|Diamond Storm|p1a: Tyranitar|[miss]\n|-miss|p2a: Diancie|p1a: Tyranitar\n|move|p1a: Tyranitar|Earthquake|p2a: Diancie\n|-supereffective|p2a: Diancie\n|-damage|p2a: Diancie|9\/100\n|\n|upkeep\n|turn|20\n|c|\u2606pmfg10|Sry\n|c|\u2606Hikari-miyako|well..\n|\n|t:|1649347489\n|move|p2a: Diancie|Diamond Storm|p1a: Tyranitar\n|-damage|p1a: Tyranitar|0 fnt\n|-boost|p2a: Diancie|def|2\n|faint|p1a: Tyranitar\n|\n|upkeep\n|\n|t:|1649347499\n|switch|p1a: Serperior|Serperior, F|31\/100\n|-damage|p1a: Serperior|19\/100|[from] Stealth Rock\n|turn|21\n|\n|t:|1649347502\n|move|p1a: Serperior|Hidden Power|p2a: Diancie\n|-supereffective|p2a: Diancie\n|-crit|p2a: Diancie\n|-damage|p2a: Diancie|0 fnt\n|faint|p2a: Diancie\n|\n|win|pmfg10\n|raw|pmfg10's rating: 1750 &rarr; <strong>1767<\/strong><br \/>(+17 for winning)\n|raw|Hikari-miyako's rating: 1700 &rarr; <strong>1683<\/strong><br \/>(-17 for losing)\n","uploadtime":1649347506,"views":17,"p1id":"pmfg10","p2id":"hikarimiyako","formatid":"gen8nationaldex","rating":1683,"private":0,"password":null}