{"id":"gen8ou-1557267551","p1":"Kwaga","p2":"Foolish Shogun","format":"gen8ou","log":"|j|\u2606Kwaga\n|j|\u2606Foolish Shogun\n|t:|1650434163\n|gametype|singles\n|player|p1|Kwaga|flannery|1575\n|player|p2|Foolish Shogun|ghetsis-gen5bw|1618\n|teamsize|p1|6\n|teamsize|p2|6\n|gen|8\n|tier|[Gen 8] OU\n|rated|\n|rule|Sleep Clause Mod: Limit one foe put to sleep\n|rule|Species Clause: Limit one of each Pok\u00e9mon\n|rule|OHKO Clause: OHKO moves are banned\n|rule|Evasion Moves Clause: Evasion moves are banned\n|rule|Endless Battle Clause: Forcing endless battles is banned\n|rule|HP Percentage Mod: HP is shown in percentages\n|rule|Dynamax Clause: You cannot dynamax\n|clearpoke\n|poke|p1|Aegislash, M|\n|poke|p1|Nidoking, M|\n|poke|p1|Kartana|\n|poke|p1|Rotom-Wash|\n|poke|p1|Landorus-Therian, M|\n|poke|p1|Mandibuzz, F|\n|poke|p2|Araquanid, M|\n|poke|p2|Nidoking, M|\n|poke|p2|Urshifu-*, M|\n|poke|p2|Zapdos-Galar|\n|poke|p2|Heatran, M|\n|poke|p2|Dragapult, M|\n|teampreview\n|j| xiaot0502\n|\n|t:|1650434177\n|start\n|switch|p1a: Mandibuzz|Mandibuzz, F|100\/100\n|switch|p2a: Zapdos|Zapdos-Galar|100\/100\n|turn|1\n|\n|t:|1650434181\n|move|p2a: Zapdos|U-turn|p1a: Mandibuzz\n|-damage|p1a: Mandibuzz|86\/100\n|\n|t:|1650434182\n|switch|p2a: Heatran|Heatran, M|100\/100|[from]move: U-turn\n|move|p1a: Mandibuzz|U-turn|p2a: Heatran\n|-resisted|p2a: Heatran\n|-damage|p2a: Heatran|98\/100\n|j| funny mud pee\n|l| funny mud pee\n|\n|t:|1650434199\n|switch|p1a: Nidoking|Nidoking, M, shiny|100\/100|[from]move: U-turn\n|\n|-heal|p2a: Heatran|100\/100|[from] item: Leftovers\n|upkeep\n|turn|2\n|\n|t:|1650434209\n|switch|p2a: Araquanid|Araquanid, M|100\/100\n|move|p1a: Nidoking|Earth Power|p2a: Araquanid\n|-resisted|p2a: Araquanid\n|-crit|p2a: Araquanid\n|-damage|p2a: Araquanid|65\/100\n|\n|upkeep\n|turn|3\n|\n|t:|1650434215\n|move|p1a: Nidoking|Sludge Wave|p2a: Araquanid\n|-damage|p2a: Araquanid|11\/100\n|move|p2a: Araquanid|Liquidation|p1a: Nidoking\n|-supereffective|p1a: Nidoking\n|-damage|p1a: Nidoking|0 fnt\n|faint|p1a: Nidoking\n|\n|upkeep\n|\n|t:|1650434227\n|switch|p1a: Aegislash|Aegislash, M, shiny|100\/100\n|turn|4\n|\n|t:|1650434229\n|-formechange|p1a: Aegislash|Aegislash-Blade||[from] ability: Stance Change\n|move|p1a: Aegislash|Shadow Ball|p2a: Araquanid\n|-damage|p2a: Araquanid|0 fnt\n|faint|p2a: Araquanid\n|\n|upkeep\n|\n|t:|1650434239\n|switch|p2a: Dragapult|Dragapult, M|100\/100\n|turn|5\n|\n|t:|1650434244\n|switch|p1a: Mandibuzz|Mandibuzz, F|86\/100\n|move|p2a: Dragapult|U-turn|p1a: Mandibuzz\n|-crit|p1a: Mandibuzz\n|-damage|p1a: Mandibuzz|67\/100\n|\n|t:|1650434247\n|switch|p2a: Urshifu|Urshifu-Rapid-Strike, M|100\/100|[from]move: U-turn\n|\n|upkeep\n|turn|6\n|\n|t:|1650434268\n|move|p2a: Urshifu|Close Combat|p1a: Mandibuzz\n|-damage|p1a: Mandibuzz|2\/100\n|-unboost|p2a: Urshifu|def|1\n|-unboost|p2a: Urshifu|spd|1\n|move|p1a: Mandibuzz|U-turn|p2a: Urshifu\n|-resisted|p2a: Urshifu\n|-damage|p2a: Urshifu|93\/100\n|\n|t:|1650434274\n|switch|p1a: Aegislash|Aegislash, M, shiny|100\/100|[from]move: U-turn\n|\n|upkeep\n|turn|7\n|l| xiaot0502\n|\n|t:|1650434283\n|switch|p2a: Heatran|Heatran, M|100\/100\n|-formechange|p1a: Aegislash|Aegislash-Blade||[from] ability: Stance Change\n|move|p1a: Aegislash|Shadow Ball|p2a: Heatran\n|-damage|p2a: Heatran|66\/100\n|\n|-heal|p2a: Heatran|73\/100|[from] item: Leftovers\n|upkeep\n|turn|8\n|\n|t:|1650434291\n|switch|p1a: Landorus|Landorus-Therian, M, shiny|100\/100\n|-ability|p1a: Landorus|Intimidate|boost\n|-unboost|p2a: Heatran|atk|1\n|move|p2a: Heatran|Magma Storm|p1a: Landorus\n|-damage|p1a: Landorus|64\/100\n|-activate|p1a: Landorus|move: Magma Storm|[of] p2a: Heatran\n|\n|-heal|p1a: Landorus|70\/100|[from] item: Leftovers\n|-heal|p2a: Heatran|79\/100|[from] item: Leftovers\n|-damage|p1a: Landorus|58\/100|[from] move: Magma Storm|[partiallytrapped]\n|upkeep\n|turn|9\n|\n|t:|1650434301\n|switch|p2a: Zapdos|Zapdos-Galar|100\/100\n|move|p1a: Landorus|Stealth Rock|p2a: Zapdos\n|-sidestart|p2: Foolish Shogun|move: Stealth Rock\n|\n|-heal|p1a: Landorus|64\/100|[from] item: Leftovers\n|-end|p1a: Landorus|Magma Storm|[partiallytrapped]|[silent]\n|upkeep\n|turn|10\n|\n|t:|1650434310\n|switch|p1a: Mandibuzz|Mandibuzz, F|2\/100\n|move|p2a: Zapdos|Brave Bird|p1a: Mandibuzz\n|-damage|p1a: Mandibuzz|0 fnt\n|faint|p1a: Mandibuzz\n|-damage|p2a: Zapdos|99\/100|[from] Recoil\n|\n|upkeep\n|\n|t:|1650434314\n|switch|p1a: Aegislash|Aegislash, M, shiny|100\/100\n|turn|11\n|\n|t:|1650434323\n|switch|p2a: Nidoking|Nidoking, M|100\/100\n|-damage|p2a: Nidoking|95\/100|[from] Stealth Rock\n|-formechange|p1a: Aegislash|Aegislash-Blade||[from] ability: Stance Change\n|move|p1a: Aegislash|Shadow Ball|p2a: Nidoking\n|-damage|p2a: Nidoking|3\/100\n|\n|upkeep\n|turn|12\n|j| Devilex\n|\n|t:|1650434348\n|move|p1a: Aegislash|Shadow Sneak|p2a: Nidoking\n|-damage|p2a: Nidoking|0 fnt\n|faint|p2a: Nidoking\n|\n|upkeep\n|\n|t:|1650434364\n|switch|p2a: Urshifu|Urshifu-Rapid-Strike, M|93\/100\n|-damage|p2a: Urshifu|87\/100|[from] Stealth Rock\n|turn|13\n|\n|t:|1650434382\n|switch|p1a: Rotom|Rotom-Wash, shiny|100\/100\n|move|p2a: Urshifu|Surging Strikes|p1a: Rotom\n|-resisted|p1a: Rotom\n|-crit|p1a: Rotom\n|-damage|p1a: Rotom|90\/100\n|-damage|p2a: Urshifu|70\/100|[from] item: Rocky Helmet|[of] p1a: Rotom\n|-resisted|p1a: Rotom\n|-crit|p1a: Rotom\n|-damage|p1a: Rotom|78\/100\n|-damage|p2a: Urshifu|54\/100|[from] item: Rocky Helmet|[of] p1a: Rotom\n|-resisted|p1a: Rotom\n|-crit|p1a: Rotom\n|-damage|p1a: Rotom|66\/100\n|-damage|p2a: Urshifu|37\/100|[from] item: Rocky Helmet|[of] p1a: Rotom\n|-hitcount|p1a: Rotom|3\n|\n|upkeep\n|turn|14\n|\n|t:|1650434395\n|move|p2a: Urshifu|Surging Strikes|p1a: Rotom\n|-resisted|p1a: Rotom\n|-crit|p1a: Rotom\n|-damage|p1a: Rotom|54\/100\n|-damage|p2a: Urshifu|21\/100|[from] item: Rocky Helmet|[of] p1a: Rotom\n|-resisted|p1a: Rotom\n|-crit|p1a: Rotom\n|-damage|p1a: Rotom|43\/100\n|-damage|p2a: Urshifu|5\/100|[from] item: Rocky Helmet|[of] p1a: Rotom\n|-resisted|p1a: Rotom\n|-crit|p1a: Rotom\n|-damage|p1a: Rotom|32\/100\n|-damage|p2a: Urshifu|0 fnt|[from] item: Rocky Helmet|[of] p1a: Rotom\n|faint|p2a: Urshifu\n|-hitcount|p1a: Rotom|3\n|move|p1a: Rotom|Volt Switch|p2: Urshifu|[notarget]\n|-fail|p1a: Rotom\n|\n|upkeep\n|\n|t:|1650434414\n|switch|p2a: Dragapult|Dragapult, M|100\/100\n|-damage|p2a: Dragapult|88\/100|[from] Stealth Rock\n|turn|15\n|j| baibaiats\n|\n|t:|1650434450\n|move|p2a: Dragapult|Shadow Ball|p1a: Rotom\n|-damage|p1a: Rotom|0 fnt\n|faint|p1a: Rotom\n|\n|upkeep\n|\n|t:|1650434452\n|switch|p1a: Landorus|Landorus-Therian, M, shiny|64\/100\n|-ability|p1a: Landorus|Intimidate|boost\n|-unboost|p2a: Dragapult|atk|1\n|turn|16\n|\n|t:|1650434460\n|switch|p2a: Zapdos|Zapdos-Galar|99\/100\n|-damage|p2a: Zapdos|87\/100|[from] Stealth Rock\n|move|p1a: Landorus|Toxic|p2a: Zapdos\n|-status|p2a: Zapdos|tox\n|\n|-heal|p1a: Landorus|70\/100|[from] item: Leftovers\n|-damage|p2a: Zapdos|81\/100 tox|[from] psn\n|upkeep\n|turn|17\n|\n|t:|1650434467\n|switch|p1a: Aegislash|Aegislash, M, shiny|100\/100\n|move|p2a: Zapdos|Brave Bird|p1a: Aegislash\n|-resisted|p1a: Aegislash\n|-damage|p1a: Aegislash|66\/100\n|-damage|p2a: Zapdos|72\/100 tox|[from] Recoil\n|\n|-damage|p2a: Zapdos|59\/100 tox|[from] psn\n|upkeep\n|turn|18\n|\n|t:|1650434479\n|switch|p2a: Heatran|Heatran, M|79\/100\n|-damage|p2a: Heatran|66\/100|[from] Stealth Rock\n|-formechange|p1a: Aegislash|Aegislash-Blade||[from] ability: Stance Change\n|move|p1a: Aegislash|Shadow Ball|p2a: Heatran\n|-damage|p2a: Heatran|31\/100\n|\n|-heal|p2a: Heatran|38\/100|[from] item: Leftovers\n|upkeep\n|turn|19\n|\n|t:|1650434496\n|switch|p1a: Landorus|Landorus-Therian, M, shiny|70\/100\n|-ability|p1a: Landorus|Intimidate|boost\n|-unboost|p2a: Heatran|atk|1\n|move|p2a: Heatran|Magma Storm|p1a: Landorus\n|-damage|p1a: Landorus|37\/100\n|-activate|p1a: Landorus|move: Magma Storm|[of] p2a: Heatran\n|\n|-heal|p1a: Landorus|43\/100|[from] item: Leftovers\n|-heal|p2a: Heatran|44\/100|[from] item: Leftovers\n|-damage|p1a: Landorus|31\/100|[from] move: Magma Storm|[partiallytrapped]\n|upkeep\n|turn|20\n|\n|t:|1650434502\n|switch|p2a: Zapdos|Zapdos-Galar|59\/100 tox\n|-damage|p2a: Zapdos|47\/100 tox|[from] Stealth Rock\n|move|p1a: Landorus|Earthquake|p2a: Zapdos\n|-immune|p2a: Zapdos\n|\n|-heal|p1a: Landorus|37\/100|[from] item: Leftovers\n|-damage|p2a: Zapdos|41\/100 tox|[from] psn\n|-end|p1a: Landorus|Magma Storm|[partiallytrapped]|[silent]\n|upkeep\n|turn|21\n|\n|t:|1650434508\n|move|p2a: Zapdos|Brave Bird|p1a: Landorus\n|-damage|p1a: Landorus|0 fnt\n|faint|p1a: Landorus\n|-damage|p2a: Zapdos|26\/100 tox|[from] Recoil\n|\n|-damage|p2a: Zapdos|14\/100 tox|[from] psn\n|upkeep\n|\n|t:|1650434515\n|switch|p1a: Kartana|Kartana, shiny|100\/100\n|turn|22\n|\n|t:|1650434518\n|move|p1a: Kartana|Knock Off|p2a: Zapdos\n|-resisted|p2a: Zapdos\n|-damage|p2a: Zapdos|0 fnt\n|-enditem|p2a: Zapdos|Choice Scarf|[from] move: Knock Off|[of] p1a: Kartana\n|faint|p2a: Zapdos\n|-ability|p1a: Kartana|Beast Boost|boost\n|-boost|p1a: Kartana|atk|1\n|\n|upkeep\n|-message|Foolish Shogun forfeited.\n|\n|win|Kwaga\n|raw|Kwaga's rating: 1555 &rarr; <strong>1579<\/strong><br \/>(+24 for winning)\n|raw|Foolish Shogun's rating: 1618 &rarr; <strong>1594<\/strong><br \/>(-24 for losing)\n|l|\u2606Foolish Shogun\n","uploadtime":1650434527,"views":20,"p1id":"kwaga","p2id":"foolishshogun","formatid":"gen8ou","rating":1579,"private":0,"password":null}