{"id":"gen8ou-1567580485","p1":"Infernoss","p2":"c u soon boi","format":"gen8ou","log":"|j|\u2606Infernoss\n|j|\u2606c u soon boi\n|t:|1651680211\n|gametype|singles\n|player|p1|Infernoss|chili|1782\n|player|p2|c u soon boi|102|1823\n|teamsize|p1|6\n|teamsize|p2|6\n|gen|8\n|tier|[Gen 8] OU\n|rated|\n|rule|Sleep Clause Mod: Limit one foe put to sleep\n|rule|Species Clause: Limit one of each Pok\u00e9mon\n|rule|OHKO Clause: OHKO moves are banned\n|rule|Evasion Moves Clause: Evasion moves are banned\n|rule|Endless Battle Clause: Forcing endless battles is banned\n|rule|HP Percentage Mod: HP is shown in percentages\n|rule|Dynamax Clause: You cannot dynamax\n|clearpoke\n|poke|p1|Slowbro, F|\n|poke|p1|Hatterene, F|\n|poke|p1|Marowak-Alola, M|\n|poke|p1|Ferrothorn, M|\n|poke|p1|Garchomp, F|\n|poke|p1|Drampa, M|\n|poke|p2|Sharpedo, M|\n|poke|p2|Blaziken, F|\n|poke|p2|Ninetales-Alola, M|\n|poke|p2|Nihilego|\n|poke|p2|Excadrill, M|\n|poke|p2|Dragonite, F|\n|teampreview\n|j| F7 e7ecudrr7x\n|inactive|Battle timer is ON: inactive players will automatically lose when time's up. (requested by c u soon boi)\n|j| PrivacyPro\n|inactive|Infernoss has 120 seconds left.\n|j| Sirbadong\n|\n|t:|1651680273\n|start\n|switch|p1a: Thorns|Ferrothorn, M|100\/100\n|switch|p2a: Nihilego|Nihilego|100\/100\n|turn|1\n|\n|t:|1651680278\n|move|p2a: Nihilego|Stealth Rock|p1a: Thorns\n|-sidestart|p1: Infernoss|move: Stealth Rock\n|move|p1a: Thorns|Gyro Ball|p2a: Nihilego\n|-supereffective|p2a: Nihilego\n|-damage|p2a: Nihilego|0 fnt\n|faint|p2a: Nihilego\n|\n|upkeep\n|\n|t:|1651680286\n|switch|p2a: Ninetales|Ninetales-Alola, M|100\/100\n|-weather|Hail|[from] ability: Snow Warning|[of] p2a: Ninetales\n|turn|2\n|\n|t:|1651680290\n|move|p2a: Ninetales|Aurora Veil|p2a: Ninetales\n|-sidestart|p2: c u soon boi|move: Aurora Veil\n|move|p1a: Thorns|Stealth Rock|p2a: Ninetales\n|-sidestart|p2: c u soon boi|move: Stealth Rock\n|\n|-weather|Hail|[upkeep]\n|-damage|p1a: Thorns|94\/100|[from] Hail\n|-heal|p1a: Thorns|100\/100|[from] item: Leftovers\n|upkeep\n|turn|3\n|\n|t:|1651680297\n|move|p2a: Ninetales|Hypnosis|p1a: Thorns\n|-status|p1a: Thorns|slp|[from] move: Hypnosis\n|cant|p1a: Thorns|slp\n|\n|-weather|Hail|[upkeep]\n|-damage|p1a: Thorns|94\/100 slp|[from] Hail\n|-heal|p1a: Thorns|100\/100 slp|[from] item: Leftovers\n|upkeep\n|turn|4\n|\n|t:|1651680306\n|switch|p2a: Excadrill|Excadrill, M|100\/100\n|-damage|p2a: Excadrill|97\/100|[from] Stealth Rock\n|-ability|p2a: Excadrill|Mold Breaker\n|switch|p1a: Sonso|Slowbro, F|100\/100\n|-damage|p1a: Sonso|88\/100|[from] Stealth Rock\n|\n|-weather|Hail|[upkeep]\n|-damage|p2a: Excadrill|91\/100|[from] Hail\n|-damage|p1a: Sonso|82\/100|[from] Hail\n|-heal|p2a: Excadrill|97\/100|[from] item: Leftovers\n|upkeep\n|turn|5\n|\n|t:|1651680319\n|move|p2a: Excadrill|Rapid Spin|p1a: Sonso\n|-damage|p1a: Sonso|73\/100\n|-boost|p2a: Excadrill|spe|1\n|-sideend|p2: c u soon boi|Stealth Rock|[from] move: Rapid Spin|[of] p2a: Excadrill\n|move|p1a: Sonso|Scald|p2a: Excadrill\n|-supereffective|p2a: Excadrill\n|-damage|p2a: Excadrill|64\/100\n|\n|-weather|Hail|[upkeep]\n|-damage|p2a: Excadrill|58\/100|[from] Hail\n|-damage|p1a: Sonso|67\/100|[from] Hail\n|-heal|p2a: Excadrill|64\/100|[from] item: Leftovers\n|upkeep\n|turn|6\n|j| Tiranito\n|\n|t:|1651680330\n|move|p2a: Excadrill|Swords Dance|p2a: Excadrill\n|-boost|p2a: Excadrill|atk|2\n|move|p1a: Sonso|Scald|p2a: Excadrill\n|-supereffective|p2a: Excadrill\n|-damage|p2a: Excadrill|35\/100\n|-status|p2a: Excadrill|brn\n|\n|-weather|none\n|-heal|p2a: Excadrill|41\/100 brn|[from] item: Leftovers\n|-damage|p2a: Excadrill|35\/100 brn|[from] brn\n|upkeep\n|turn|7\n|\n|t:|1651680342\n|move|p2a: Excadrill|Earthquake|p1a: Sonso\n|-damage|p1a: Sonso|40\/100\n|move|p1a: Sonso|Trick Room|p1a: Sonso\n|-fieldstart|move: Trick Room|[of] p1a: Sonso\n|\n|-heal|p2a: Excadrill|41\/100 brn|[from] item: Leftovers\n|-damage|p2a: Excadrill|35\/100 brn|[from] brn\n|upkeep\n|turn|8\n|\n|t:|1651680354\n|move|p1a: Sonso|Slack Off|p1a: Sonso\n|-heal|p1a: Sonso|90\/100\n|move|p2a: Excadrill|Iron Head|p1a: Sonso\n|-resisted|p1a: Sonso\n|-damage|p1a: Sonso|79\/100\n|\n|-heal|p2a: Excadrill|41\/100 brn|[from] item: Leftovers\n|-damage|p2a: Excadrill|35\/100 brn|[from] brn\n|upkeep\n|turn|9\n|\n|t:|1651680365\n|switch|p1a: Thorns|Ferrothorn, M|100\/100 slp\n|-damage|p1a: Thorns|94\/100 slp|[from] Stealth Rock\n|move|p2a: Excadrill|Iron Head|p1a: Thorns\n|-resisted|p1a: Thorns\n|-damage|p1a: Thorns|80\/100 slp\n|-damage|p2a: Excadrill|22\/100 brn|[from] ability: Iron Barbs|[of] p1a: Thorns\n|\n|-heal|p1a: Thorns|86\/100 slp|[from] item: Leftovers\n|-heal|p2a: Excadrill|28\/100 brn|[from] item: Leftovers\n|-damage|p2a: Excadrill|22\/100 brn|[from] brn\n|-sideend|p2: c u soon boi|move: Aurora Veil\n|upkeep\n|turn|10\n|\n|t:|1651680377\n|-curestatus|p1a: Thorns|slp|[msg]\n|move|p1a: Thorns|Gyro Ball|p2a: Excadrill\n|-resisted|p2a: Excadrill\n|-damage|p2a: Excadrill|0 fnt\n|faint|p2a: Excadrill\n|\n|-heal|p1a: Thorns|93\/100|[from] item: Leftovers\n|upkeep\n|\n|t:|1651680384\n|switch|p2a: Blaziken|Blaziken, F|100\/100\n|turn|11\n|\n|t:|1651680389\n|switch|p1a: Sonso|Slowbro, F|100\/100\n|-damage|p1a: Sonso|88\/100|[from] Stealth Rock\n|move|p2a: Blaziken|Swords Dance|p2a: Blaziken\n|-boost|p2a: Blaziken|atk|2\n|\n|-fieldend|move: Trick Room\n|-ability|p2a: Blaziken|Speed Boost|boost\n|-boost|p2a: Blaziken|spe|1\n|upkeep\n|turn|12\n|\n|t:|1651680397\n|move|p2a: Blaziken|Thunder Punch|p1a: Sonso\n|-supereffective|p1a: Sonso\n|-damage|p1a: Sonso|27\/100\n|move|p1a: Sonso|Trick Room|p1a: Sonso\n|-fieldstart|move: Trick Room|[of] p1a: Sonso\n|\n|-ability|p2a: Blaziken|Speed Boost|boost\n|-boost|p2a: Blaziken|spe|1\n|upkeep\n|turn|13\n|\n|t:|1651680405\n|switch|p1a: Thorns|Ferrothorn, M|93\/100\n|-damage|p1a: Thorns|86\/100|[from] Stealth Rock\n|move|p2a: Blaziken|Thunder Punch|p1a: Thorns\n|-resisted|p1a: Thorns\n|-damage|p1a: Thorns|66\/100\n|-damage|p2a: Blaziken|88\/100|[from] ability: Iron Barbs|[of] p1a: Thorns\n|-heal|p2a: Blaziken|91\/100|[from] item: Shell Bell|[of] p1a: Thorns\n|\n|-heal|p1a: Thorns|72\/100|[from] item: Leftovers\n|-ability|p2a: Blaziken|Speed Boost|boost\n|-boost|p2a: Blaziken|spe|1\n|upkeep\n|turn|14\n|\n|t:|1651680422\n|move|p1a: Thorns|Stealth Rock|p2a: Blaziken\n|-sidestart|p2: c u soon boi|move: Stealth Rock\n|move|p2a: Blaziken|Flare Blitz|p1a: Thorns\n|-supereffective|p1a: Thorns\n|-damage|p1a: Thorns|0 fnt\n|-damage|p2a: Blaziken|78\/100|[from] ability: Iron Barbs|[of] p1a: Thorns\n|faint|p1a: Thorns\n|-damage|p2a: Blaziken|52\/100|[from] Recoil\n|-heal|p2a: Blaziken|62\/100|[from] item: Shell Bell|[of] p1: Thorns\n|\n|-ability|p2a: Blaziken|Speed Boost|boost\n|-boost|p2a: Blaziken|spe|1\n|upkeep\n|j| LT_Alt1\n|\n|t:|1651680438\n|switch|p1a: Billy B.|Marowak-Alola, M|100\/100\n|-damage|p1a: Billy B.|76\/100|[from] Stealth Rock\n|turn|15\n|\n|t:|1651680443\n|move|p1a: Billy B.|Flare Blitz|p2a: Blaziken\n|-resisted|p2a: Blaziken\n|-damage|p2a: Blaziken|0 fnt\n|faint|p2a: Blaziken\n|\n|upkeep\n|\n|t:|1651680448\n|switch|p2a: Sharpedo|Sharpedo, M|100\/100\n|-damage|p2a: Sharpedo|88\/100|[from] Stealth Rock\n|turn|16\n|j| ibuyelo\n|\n|t:|1651680452\n|move|p2a: Sharpedo|Protect|p2a: Sharpedo\n|-singleturn|p2a: Sharpedo|Protect\n|move|p1a: Billy B.|Substitute|p1a: Billy B.\n|-start|p1a: Billy B.|Substitute\n|-damage|p1a: Billy B.|51\/100\n|\n|-fieldend|move: Trick Room\n|-ability|p2a: Sharpedo|Speed Boost|boost\n|-boost|p2a: Sharpedo|spe|1\n|upkeep\n|turn|17\n|\n|t:|1651680459\n|move|p2a: Sharpedo|Dark Pulse|p1a: Billy B.\n|-supereffective|p1a: Billy B.\n|-end|p1a: Billy B.|Substitute\n|-damage|p2a: Sharpedo|78\/100|[from] item: Life Orb\n|move|p1a: Billy B.|Flare Blitz|p2a: Sharpedo\n|-resisted|p2a: Sharpedo\n|-damage|p2a: Sharpedo|0 fnt\n|faint|p2a: Sharpedo\n|\n|upkeep\n|j| Poulpino\n|\n|t:|1651680468\n|switch|p2a: Ninetales|Ninetales-Alola, M|100\/100\n|-damage|p2a: Ninetales|76\/100|[from] Stealth Rock\n|-weather|Hail|[from] ability: Snow Warning|[of] p2a: Ninetales\n|turn|18\n|j| DA COME UP \u00a9\n|\n|t:|1651680473\n|move|p2a: Ninetales|Aurora Veil|p2a: Ninetales\n|-sidestart|p2: c u soon boi|move: Aurora Veil\n|move|p1a: Billy B.|Flare Blitz|p2a: Ninetales\n|-supereffective|p2a: Ninetales\n|-damage|p2a: Ninetales|0 fnt\n|faint|p2a: Ninetales\n|\n|-weather|Hail|[upkeep]\n|-damage|p1a: Billy B.|45\/100|[from] Hail\n|upkeep\n|\n|t:|1651680480\n|switch|p2a: Dragonite|Dragonite, F|100\/100\n|turn|19\n|\n|t:|1651680483\n|move|p2a: Dragonite|Dragon Dance|p2a: Dragonite\n|-boost|p2a: Dragonite|atk|1\n|-boost|p2a: Dragonite|spe|1\n|move|p1a: Billy B.|Substitute|p1a: Billy B.\n|-start|p1a: Billy B.|Substitute\n|-damage|p1a: Billy B.|20\/100\n|\n|-weather|Hail|[upkeep]\n|-damage|p2a: Dragonite|94\/100|[from] Hail\n|-damage|p1a: Billy B.|14\/100|[from] Hail\n|upkeep\n|turn|20\n|\n|t:|1651680492\n|move|p2a: Dragonite|Earthquake|p1a: Billy B.\n|-supereffective|p1a: Billy B.\n|-end|p1a: Billy B.|Substitute\n|move|p1a: Billy B.|Poltergeist|p2a: Dragonite\n|-activate|p2a: Dragonite|move: Poltergeist|Heavy-Duty Boots\n|-damage|p2a: Dragonite|53\/100\n|\n|-weather|Hail|[upkeep]\n|-damage|p2a: Dragonite|47\/100|[from] Hail\n|-damage|p1a: Billy B.|8\/100|[from] Hail\n|upkeep\n|turn|21\n|\n|t:|1651680508\n|move|p2a: Dragonite|Roost|p2a: Dragonite\n|-heal|p2a: Dragonite|97\/100\n|-singleturn|p2a: Dragonite|move: Roost\n|move|p1a: Billy B.|Poltergeist|p2a: Dragonite\n|-activate|p2a: Dragonite|move: Poltergeist|Heavy-Duty Boots\n|-damage|p2a: Dragonite|56\/100\n|\n|-weather|Hail|[upkeep]\n|-damage|p2a: Dragonite|50\/100|[from] Hail\n|-damage|p1a: Billy B.|1\/100|[from] Hail\n|upkeep\n|turn|22\n|\n|t:|1651680519\n|move|p2a: Dragonite|Dragon Dance|p2a: Dragonite\n|-boost|p2a: Dragonite|atk|1\n|-boost|p2a: Dragonite|spe|1\n|move|p1a: Billy B.|Poltergeist|p2a: Dragonite\n|-activate|p2a: Dragonite|move: Poltergeist|Heavy-Duty Boots\n|-damage|p2a: Dragonite|6\/100\n|\n|-weather|none\n|upkeep\n|turn|23\n|l| DA COME UP \u00a9\n|\n|t:|1651680542\n|move|p2a: Dragonite|Roost|p2a: Dragonite\n|-heal|p2a: Dragonite|56\/100\n|-singleturn|p2a: Dragonite|move: Roost\n|move|p1a: Billy B.|Poltergeist|p2a: Dragonite\n|-activate|p2a: Dragonite|move: Poltergeist|Heavy-Duty Boots\n|-damage|p2a: Dragonite|17\/100\n|\n|upkeep\n|turn|24\n|j| Legate Landorus\n|\n|t:|1651680550\n|move|p2a: Dragonite|Roost|p2a: Dragonite\n|-heal|p2a: Dragonite|67\/100\n|-singleturn|p2a: Dragonite|move: Roost\n|move|p1a: Billy B.|Poltergeist|p2a: Dragonite\n|-activate|p2a: Dragonite|move: Poltergeist|Heavy-Duty Boots\n|-damage|p2a: Dragonite|22\/100\n|\n|upkeep\n|turn|25\n|\n|t:|1651680558\n|move|p2a: Dragonite|Roost|p2a: Dragonite\n|-heal|p2a: Dragonite|72\/100\n|-singleturn|p2a: Dragonite|move: Roost\n|move|p1a: Billy B.|Poltergeist|p2a: Dragonite\n|-activate|p2a: Dragonite|move: Poltergeist|Heavy-Duty Boots\n|-damage|p2a: Dragonite|27\/100\n|\n|-sideend|p2: c u soon boi|move: Aurora Veil\n|upkeep\n|turn|26\n|\n|t:|1651680569\n|move|p2a: Dragonite|Earthquake|p1a: Billy B.\n|-supereffective|p1a: Billy B.\n|-damage|p1a: Billy B.|0 fnt\n|faint|p1a: Billy B.\n|\n|upkeep\n|\n|t:|1651680575\n|switch|p1a: Sonso|Slowbro, F|60\/100\n|-damage|p1a: Sonso|47\/100|[from] Stealth Rock\n|turn|27\n|\n|t:|1651680580\n|switch|p1a: Hatterene|Hatterene, F|100\/100\n|-damage|p1a: Hatterene|88\/100|[from] Stealth Rock\n|move|p2a: Dragonite|Dragon Dance|p2a: Dragonite\n|-boost|p2a: Dragonite|atk|1\n|-boost|p2a: Dragonite|spe|1\n|\n|upkeep\n|turn|28\n|\n|t:|1651680587\n|move|p2a: Dragonite|Earthquake|p1a: Hatterene\n|-damage|p1a: Hatterene|5\/100\n|move|p1a: Hatterene|Trick Room|p1a: Hatterene\n|-fieldstart|move: Trick Room|[of] p1a: Hatterene\n|\n|upkeep\n|turn|29\n|\n|t:|1651680592\n|move|p1a: Hatterene|Draining Kiss|p2a: Dragonite\n|-supereffective|p2a: Dragonite\n|-damage|p2a: Dragonite|0 fnt\n|-heal|p1a: Hatterene|29\/100|[from] drain|[of] p2a: Dragonite\n|faint|p2a: Dragonite\n|\n|win|Infernoss\n|raw|Infernoss's rating: 1782 &rarr; <strong>1804<\/strong><br \/>(+22 for winning)\n|raw|c u soon boi's rating: 1823 &rarr; <strong>1801<\/strong><br \/>(-22 for losing)\n|l|\u2606c u soon boi\n|l| PrivacyPro\n|l| Legate Landorus\n|l| Sirbadong\n|l| LT_Alt1\n|l| Tiranito\n|l| F7 e7ecudrr7x\n||Ladder isn't responding, score probably updated but might not have (Request timeout).\n","uploadtime":1651680602,"views":88,"p1id":"infernoss","p2id":"cusoonboi","formatid":"gen8ou","rating":1801,"private":0,"password":null}