{"id":"gen8nationaldex-1591403073","p1":"SirFresh","p2":"Nemweta","format":"gen8nationaldex","log":"|j|\u2606SirFresh\n|j|\u2606Nemweta\n|t:|1654636289\n|gametype|singles\n|player|p1|SirFresh|palmer|\n|player|p2|Nemweta|gardenia|\n|teamsize|p1|6\n|teamsize|p2|6\n|gen|8\n|tier|[Gen 8] National Dex\n|rule|HP Percentage Mod: HP is shown in percentages\n|rule|Endless Battle Clause: Forcing endless battles is banned\n|rule|OHKO Clause: OHKO moves are banned\n|rule|Evasion Moves Clause: Evasion moves are banned\n|rule|Species Clause: Limit one of each Pok\u00e9mon\n|rule|Dynamax Clause: You cannot dynamax\n|rule|Sleep Clause Mod: Limit one foe put to sleep\n|clearpoke\n|poke|p1|Infernape, M|\n|poke|p1|Staraptor, M|\n|poke|p1|Gliscor, M|\n|poke|p1|Bronzong|\n|poke|p1|Manaphy|\n|poke|p1|Gallade, M|\n|poke|p2|Infernape, M|\n|poke|p2|Mamoswine, M|\n|poke|p2|Staraptor, M|\n|poke|p2|Garchomp, M|\n|poke|p2|Lopunny, M|\n|poke|p2|Weavile, F|\n|teampreview\n|\n|t:|1654636296\n|start\n|switch|p1a: Gallade|Gallade, M|100\/100\n|switch|p2a: Infernape|Infernape, M|100\/100\n|turn|1\n|\n|t:|1654636312\n|detailschange|p1a: Gallade|Gallade-Mega, M\n|-mega|p1a: Gallade|Gallade|Galladite\n|move|p1a: Gallade|Psycho Cut|p2a: Infernape\n|-supereffective|p2a: Infernape\n|-damage|p2a: Infernape|0 fnt\n|faint|p2a: Infernape\n|\n|upkeep\n|\n|t:|1654636317\n|switch|p2a: Staraptor|Staraptor, M|100\/100\n|turn|2\n|\n|t:|1654636322\n|switch|p1a: Bronzong|Bronzong|100\/100\n|move|p2a: Staraptor|U-turn|p1a: Bronzong\n|-damage|p1a: Bronzong|76\/100\n|\n|t:|1654636332\n|switch|p2a: Weavile|Weavile, F|100\/100|[from]move: U-turn\n|-ability|p2a: Weavile|Pressure\n|\n|upkeep\n|turn|3\n|\n|t:|1654636336\n|switch|p1a: Infernape|Infernape, M|100\/100\n|move|p2a: Weavile|Night Slash|p1a: Infernape\n|-resisted|p1a: Infernape\n|-damage|p1a: Infernape|64\/100\n|-damage|p2a: Weavile|91\/100|[from] item: Life Orb\n|\n|upkeep\n|turn|4\n|\n|t:|1654636344\n|switch|p2a: Garchomp|Garchomp, M|100\/100\n|move|p1a: Infernape|U-turn|p2a: Garchomp\n|-damage|p2a: Garchomp|67\/100\n|-damage|p1a: Infernape|52\/100|[from] ability: Rough Skin|[of] p2a: Garchomp\n|\n|t:|1654636347\n|switch|p1a: Gliscor|Gliscor, M|100\/100|[from]move: U-turn\n|\n|-status|p1a: Gliscor|tox|[from] item: Toxic Orb\n|upkeep\n|turn|5\n|\n|t:|1654636357\n|switch|p2a: Mamoswine|Mamoswine, M|100\/100\n|move|p1a: Gliscor|Stealth Rock|p2a: Mamoswine\n|-sidestart|p2: Nemweta|move: Stealth Rock\n|\n|upkeep\n|turn|6\n|\n|t:|1654636364\n|switch|p1a: Manaphy|Manaphy|100\/100\n|move|p2a: Mamoswine|Icicle Crash|p1a: Manaphy\n|-resisted|p1a: Manaphy\n|-damage|p1a: Manaphy|69\/100\n|\n|upkeep\n|turn|7\n|\n|t:|1654636377\n|switch|p2a: Garchomp|Garchomp, M|67\/100\n|-damage|p2a: Garchomp|61\/100|[from] Stealth Rock\n|move|p1a: Manaphy|Surf|p2a: Garchomp\n|-damage|p2a: Garchomp|14\/100\n|\n|upkeep\n|turn|8\n|\n|t:|1654636381\n|switch|p1a: Bronzong|Bronzong|76\/100\n|move|p2a: Garchomp|Earthquake|p1a: Bronzong\n|-immune|p1a: Bronzong|[from] ability: Levitate\n|\n|upkeep\n|turn|9\n|\n|t:|1654636387\n|move|p2a: Garchomp|Swords Dance|p2a: Garchomp\n|-boost|p2a: Garchomp|atk|2\n|move|p1a: Bronzong|Reflect|p1a: Bronzong\n|-sidestart|p1: SirFresh|Reflect\n|\n|upkeep\n|turn|10\n|\n|t:|1654636396\n|move|p2a: Garchomp|Scale Shot|p1a: Bronzong\n|-resisted|p1a: Bronzong\n|-damage|p1a: Bronzong|71\/100\n|-resisted|p1a: Bronzong\n|-damage|p1a: Bronzong|64\/100\n|-resisted|p1a: Bronzong\n|-damage|p1a: Bronzong|59\/100\n|-resisted|p1a: Bronzong\n|-damage|p1a: Bronzong|53\/100\n|-hitcount|p1a: Bronzong|4\n|-unboost|p2a: Garchomp|def|1\n|-boost|p2a: Garchomp|spe|1\n|move|p1a: Bronzong|Earthquake|p2a: Garchomp\n|-damage|p2a: Garchomp|0 fnt\n|faint|p2a: Garchomp\n|\n|upkeep\n|\n|t:|1654636405\n|switch|p2a: Weavile|Weavile, F|91\/100\n|-damage|p2a: Weavile|66\/100|[from] Stealth Rock\n|-ability|p2a: Weavile|Pressure\n|turn|11\n|\n|t:|1654636413\n|move|p2a: Weavile|Night Slash|p1a: Bronzong\n|-supereffective|p1a: Bronzong\n|-damage|p1a: Bronzong|11\/100\n|-damage|p2a: Weavile|56\/100|[from] item: Life Orb\n|move|p1a: Bronzong|Rain Dance|p1a: Bronzong\n|-weather|RainDance\n|\n|-weather|RainDance|[upkeep]\n|upkeep\n|turn|12\n|\n|t:|1654636420\n|move|p2a: Weavile|Night Slash|p1a: Bronzong\n|-supereffective|p1a: Bronzong\n|-damage|p1a: Bronzong|0 fnt\n|faint|p1a: Bronzong\n|-damage|p2a: Weavile|46\/100|[from] item: Life Orb\n|\n|-weather|RainDance|[upkeep]\n|upkeep\n|\n|t:|1654636436\n|switch|p1a: Manaphy|Manaphy|69\/100\n|turn|13\n|\n|t:|1654636444\n|move|p2a: Weavile|Night Slash|p1a: Manaphy\n|-crit|p1a: Manaphy\n|-damage|p1a: Manaphy|9\/100\n|-damage|p2a: Weavile|36\/100|[from] item: Life Orb\n|move|p1a: Manaphy|Rest|p1a: Manaphy\n|-status|p1a: Manaphy|slp|[from] move: Rest\n|-heal|p1a: Manaphy|100\/100 slp|[silent]\n|\n|-weather|RainDance|[upkeep]\n|-activate|p1a: Manaphy|ability: Hydration\n|-curestatus|p1a: Manaphy|slp|[msg]\n|upkeep\n|turn|14\n|\n|t:|1654636452\n|move|p2a: Weavile|Swords Dance|p2a: Weavile\n|-boost|p2a: Weavile|atk|2\n|move|p1a: Manaphy|Surf|p2a: Weavile\n|-damage|p2a: Weavile|0 fnt\n|faint|p2a: Weavile\n|\n|-weather|RainDance|[upkeep]\n|upkeep\n|\n|t:|1654636469\n|switch|p2a: Staraptor|Staraptor, M|100\/100\n|-damage|p2a: Staraptor|76\/100|[from] Stealth Rock\n|turn|15\n|\n|t:|1654636475\n|move|p2a: Staraptor|Brave Bird|p1a: Manaphy\n|-damage|p1a: Manaphy|69\/100\n|-damage|p2a: Staraptor|62\/100|[from] Recoil\n|-zpower|p1a: Manaphy\n|move|p1a: Manaphy|Hydro Vortex|p2a: Staraptor|[zeffect]\n|-damage|p2a: Staraptor|0 fnt\n|faint|p2a: Staraptor\n|\n|-weather|none\n|upkeep\n|\n|t:|1654636484\n|switch|p2a: Mamoswine|Mamoswine, M|100\/100\n|-damage|p2a: Mamoswine|88\/100|[from] Stealth Rock\n|turn|16\n|\n|t:|1654636488\n|move|p2a: Mamoswine|Earthquake|p1a: Manaphy\n|-damage|p1a: Manaphy|32\/100\n|move|p1a: Manaphy|Surf|p2a: Mamoswine\n|-supereffective|p2a: Mamoswine\n|-damage|p2a: Mamoswine|0 fnt\n|faint|p2a: Mamoswine\n|\n|-sideend|p1: SirFresh|Reflect\n|upkeep\n|\n|t:|1654636495\n|switch|p2a: Lopunny|Lopunny, M|100\/100\n|-damage|p2a: Lopunny|88\/100|[from] Stealth Rock\n|turn|17\n|\n|t:|1654636500\n|detailschange|p2a: Lopunny|Lopunny-Mega, M\n|-mega|p2a: Lopunny|Lopunny|Lopunnite\n|move|p2a: Lopunny|Return|p1a: Manaphy\n|-damage|p1a: Manaphy|0 fnt\n|faint|p1a: Manaphy\n|\n|upkeep\n|\n|t:|1654636502\n|switch|p1a: Staraptor|Staraptor, M|100\/100\n|turn|18\n|c|\u2606Nemweta|gg\n|\n|t:|1654636508\n|move|p1a: Staraptor|Brave Bird|p2a: Lopunny\n|-supereffective|p2a: Lopunny\n|-damage|p2a: Lopunny|0 fnt\n|faint|p2a: Lopunny\n|-damage|p1a: Staraptor|75\/100|[from] Recoil\n|\n|win|SirFresh\n|c|\u2606SirFresh|Gg\n","uploadtime":1654636519,"views":13,"p1id":"sirfresh","p2id":"nemweta","formatid":"gen8nationaldex","rating":0,"private":0,"password":null}