{"id":"gen8ou-1454154108","p1":"LudwigFrog","p2":"ColdIsCool","format":"gen8ou","log":"|j|\u2606LudwigFrog\n|j|\u2606ColdIsCool\n|t:|1636933791\n|gametype|singles\n|player|p1|LudwigFrog|hilbert-wonderlauncher|1730\n|player|p2|ColdIsCool|clair|1727\n|teamsize|p1|6\n|teamsize|p2|6\n|gen|8\n|tier|[Gen 8] OU\n|rated|\n|rule|Sleep Clause Mod: Limit one foe put to sleep\n|rule|Species Clause: Limit one of each Pok\u00e9mon\n|rule|OHKO Clause: OHKO moves are banned\n|rule|Evasion Moves Clause: Evasion moves are banned\n|rule|Endless Battle Clause: Forcing endless battles is banned\n|rule|HP Percentage Mod: HP is shown in percentages\n|rule|Dynamax Clause: You cannot dynamax\n|clearpoke\n|poke|p1|Tapu Koko|\n|poke|p1|Hawlucha, F|\n|poke|p1|Mew|\n|poke|p1|Blacephalon|\n|poke|p1|Kyurem|\n|poke|p1|Garchomp, M|\n|poke|p2|Dragonite, F|\n|poke|p2|Magnezone|\n|poke|p2|Landorus-Therian, M|\n|poke|p2|Weavile, F|\n|poke|p2|Tapu Fini|\n|poke|p2|Melmetal|\n|teampreview\n|inactive|Battle timer is ON: inactive players will automatically lose when time's up. (requested by LudwigFrog)\n|j| iWatchU\u2299_\u2299\n|inactive|ColdIsCool has 120 seconds left.\n|\n|t:|1636933844\n|start\n|switch|p1a: Tapu Koko|Tapu Koko|100\/100\n|switch|p2a: Weavile|Weavile, F|100\/100\n|-fieldstart|move: Electric Terrain|[from] ability: Electric Surge|[of] p1a: Tapu Koko\n|-ability|p2a: Weavile|Pressure\n|turn|1\n|\n|t:|1636933853\n|switch|p2a: Magnezone|Magnezone|100\/100\n|move|p1a: Tapu Koko|Reflect|p1a: Tapu Koko\n|-sidestart|p1: LudwigFrog|Reflect\n|\n|upkeep\n|turn|2\n|j| hfeath\n|\n|t:|1636933860\n|switch|p2a: Landorus|Landorus-Therian, M|100\/100\n|-ability|p2a: Landorus|Intimidate|boost\n|-unboost|p1a: Tapu Koko|atk|1\n|move|p1a: Tapu Koko|Light Screen|p1a: Tapu Koko\n|-sidestart|p1: LudwigFrog|move: Light Screen\n|\n|upkeep\n|turn|3\n|\n|t:|1636933864\n|move|p1a: Tapu Koko|Taunt|p2a: Landorus\n|-start|p2a: Landorus|move: Taunt\n|cant|p2a: Landorus|move: Taunt|Defog\n|\n|upkeep\n|turn|4\n|\n|t:|1636933868\n|move|p1a: Tapu Koko|U-turn|p2a: Landorus\n|-resisted|p2a: Landorus\n|-damage|p2a: Landorus|95\/100\n|\n|t:|1636933871\n|switch|p1a: Garchomp|Garchomp, M|100\/100|[from]move: U-turn\n|move|p2a: Landorus|Earthquake|p1a: Garchomp\n|-damage|p1a: Garchomp|78\/100\n|\n|-heal|p1a: Garchomp|84\/100|[from] item: Leftovers\n|-heal|p2a: Landorus|100\/100|[from] item: Leftovers\n|upkeep\n|turn|5\n|j| Zombini62\n|\n|t:|1636933880\n|switch|p2a: Tapu Fini|Tapu Fini|100\/100\n|-fieldstart|move: Misty Terrain|[from] ability: Misty Surge|[of] p2a: Tapu Fini\n|move|p1a: Garchomp|Swords Dance|p1a: Garchomp\n|-boost|p1a: Garchomp|atk|2\n|\n|-heal|p1a: Garchomp|90\/100|[from] item: Leftovers\n|upkeep\n|turn|6\n|\n|t:|1636933897\n|move|p1a: Garchomp|Earthquake|p2a: Tapu Fini\n|-damage|p2a: Tapu Fini|11\/100\n|move|p2a: Tapu Fini|Nature's Madness|p1a: Garchomp\n|-damage|p1a: Garchomp|46\/100\n|\n|-heal|p1a: Garchomp|52\/100|[from] item: Leftovers\n|-heal|p2a: Tapu Fini|17\/100|[from] item: Leftovers\n|upkeep\n|turn|7\n|\n|t:|1636933904\n|move|p1a: Garchomp|Scale Shot|p2a: Tapu Fini\n|-immune|p2a: Tapu Fini\n|move|p2a: Tapu Fini|Moonblast|p1a: Garchomp\n|-supereffective|p1a: Garchomp\n|-damage|p1a: Garchomp|16\/100\n|-unboost|p1a: Garchomp|spa|1\n|\n|-heal|p1a: Garchomp|22\/100|[from] item: Leftovers\n|-heal|p2a: Tapu Fini|23\/100|[from] item: Leftovers\n|upkeep\n|turn|8\n|\n|t:|1636933908\n|move|p1a: Garchomp|Earthquake|p2a: Tapu Fini\n|-damage|p2a: Tapu Fini|0 fnt\n|faint|p2a: Tapu Fini\n|\n|-heal|p1a: Garchomp|29\/100|[from] item: Leftovers\n|-sideend|p1: LudwigFrog|Reflect\n|upkeep\n|\n|t:|1636933911\n|switch|p2a: Weavile|Weavile, F|100\/100\n|-ability|p2a: Weavile|Pressure\n|turn|9\n|\n|t:|1636933914\n|switch|p1a: Tapu Koko|Tapu Koko|100\/100\n|-fieldstart|move: Electric Terrain|[from] ability: Electric Surge|[of] p1a: Tapu Koko\n|move|p2a: Weavile|Ice Shard|p1a: Tapu Koko\n|-damage|p1a: Tapu Koko|69\/100\n|-damage|p2a: Weavile|91\/100|[from] item: Life Orb\n|\n|-sideend|p1: LudwigFrog|move: Light Screen\n|upkeep\n|turn|10\n|j| mamasteve69\n|\n|t:|1636933922\n|move|p1a: Tapu Koko|Reflect|p1a: Tapu Koko\n|-sidestart|p1: LudwigFrog|Reflect\n|move|p2a: Weavile|Triple Axel|p1a: Tapu Koko\n|-damage|p1a: Tapu Koko|61\/100\n|-damage|p1a: Tapu Koko|43\/100\n|-damage|p1a: Tapu Koko|17\/100\n|-hitcount|p1a: Tapu Koko|3\n|-damage|p2a: Weavile|81\/100|[from] item: Life Orb\n|\n|upkeep\n|turn|11\n|\n|t:|1636933940\n|switch|p2a: Landorus|Landorus-Therian, M|100\/100\n|-ability|p2a: Landorus|Intimidate|boost\n|-unboost|p1a: Tapu Koko|atk|1\n|move|p1a: Tapu Koko|U-turn|p2a: Landorus\n|-resisted|p2a: Landorus\n|-damage|p2a: Landorus|95\/100\n|j| sir_up\n|\n|t:|1636933947\n|switch|p1a: Garchomp|Garchomp, M|29\/100|[from]move: U-turn\n|\n|-heal|p1a: Garchomp|35\/100|[from] item: Leftovers\n|-heal|p2a: Landorus|100\/100|[from] item: Leftovers\n|upkeep\n|turn|12\n|\n|t:|1636933951\n|move|p1a: Garchomp|Swords Dance|p1a: Garchomp\n|-boost|p1a: Garchomp|atk|2\n|move|p2a: Landorus|Earthquake|p1a: Garchomp\n|-damage|p1a: Garchomp|9\/100\n|\n|-heal|p1a: Garchomp|16\/100|[from] item: Leftovers\n|upkeep\n|turn|13\n|\n|t:|1636933954\n|move|p1a: Garchomp|Scale Shot|p2a: Landorus\n|-damage|p2a: Landorus|77\/100\n|-damage|p2a: Landorus|50\/100\n|-hitcount|p2a: Landorus|2\n|-unboost|p1a: Garchomp|def|1\n|-boost|p1a: Garchomp|spe|1\n|move|p2a: Landorus|Earthquake|p1a: Garchomp\n|-damage|p1a: Garchomp|0 fnt\n|faint|p1a: Garchomp\n|\n|-heal|p2a: Landorus|56\/100|[from] item: Leftovers\n|-fieldend|move: Electric Terrain\n|upkeep\n|j| Z tries Sun\n|\n|t:|1636933966\n|switch|p1a: Tapu Koko|Tapu Koko|17\/100\n|-fieldstart|move: Electric Terrain|[from] ability: Electric Surge|[of] p1a: Tapu Koko\n|turn|14\n|\n|t:|1636933977\n|move|p1a: Tapu Koko|Light Screen|p1a: Tapu Koko\n|-sidestart|p1: LudwigFrog|move: Light Screen\n|move|p2a: Landorus|Defog|p1a: Tapu Koko\n|-unboost|p1a: Tapu Koko|evasion|1\n|-sideend|p1: LudwigFrog|Reflect\n|-sideend|p1: LudwigFrog|move: Light Screen\n|-fieldend|move: Electric Terrain\n|\n|-heal|p2a: Landorus|62\/100|[from] item: Leftovers\n|upkeep\n|turn|15\n|\n|t:|1636933980\n|move|p1a: Tapu Koko|U-turn|p2a: Landorus\n|-resisted|p2a: Landorus\n|-damage|p2a: Landorus|54\/100\n|\n|t:|1636933982\n|switch|p1a: Kyurem|Kyurem|100\/100|[from]move: U-turn\n|-ability|p1a: Kyurem|Pressure\n|move|p2a: Landorus|Earthquake|p1a: Kyurem\n|-damage|p1a: Kyurem|60\/100\n|\n|-heal|p2a: Landorus|60\/100|[from] item: Leftovers\n|-heal|p1a: Kyurem|66\/100|[from] item: Leftovers\n|upkeep\n|turn|16\n|\n|t:|1636933994\n|switch|p2a: Melmetal|Melmetal|100\/100\n|move|p1a: Kyurem|Icicle Spear|p2a: Melmetal\n|-resisted|p2a: Melmetal\n|-damage|p2a: Melmetal|97\/100\n|-resisted|p2a: Melmetal\n|-damage|p2a: Melmetal|93\/100\n|-resisted|p2a: Melmetal\n|-damage|p2a: Melmetal|89\/100\n|-hitcount|p2a: Melmetal|3\n|\n|-heal|p1a: Kyurem|72\/100|[from] item: Leftovers\n|upkeep\n|turn|17\n|\n|t:|1636933997\n|switch|p1a: Tapu Koko|Tapu Koko|17\/100\n|-fieldstart|move: Electric Terrain|[from] ability: Electric Surge|[of] p1a: Tapu Koko\n|move|p2a: Melmetal|Double Iron Bash|p1a: Tapu Koko\n|-damage|p1a: Tapu Koko|0 fnt\n|faint|p1a: Tapu Koko\n|-hitcount|p1: Tapu Koko|1\n|\n|upkeep\n|\n|t:|1636933999\n|switch|p1a: Hawlucha|Hawlucha, F|100\/100\n|-enditem|p1a: Hawlucha|Electric Seed\n|-boost|p1a: Hawlucha|def|1|[from] item: Electric Seed\n|turn|18\n|\n|t:|1636934003\n|move|p1a: Hawlucha|Close Combat|p2a: Melmetal\n|-supereffective|p2a: Melmetal\n|-damage|p2a: Melmetal|23\/100\n|-unboost|p1a: Hawlucha|def|1\n|-unboost|p1a: Hawlucha|spd|1\n|move|p2a: Melmetal|Double Iron Bash|p1a: Hawlucha\n|-damage|p1a: Hawlucha|0 fnt\n|faint|p1a: Hawlucha\n|-hitcount|p1: Hawlucha|1\n|\n|upkeep\n|\n|t:|1636934006\n|switch|p1a: Blacephalon|Blacephalon|100\/100\n|turn|19\n|\n|t:|1636934013\n|move|p1a: Blacephalon|Shadow Ball|p2a: Melmetal\n|-damage|p2a: Melmetal|0 fnt\n|faint|p2a: Melmetal\n|-ability|p1a: Blacephalon|Beast Boost|boost\n|-boost|p1a: Blacephalon|spa|1\n|\n|upkeep\n|\n|t:|1636934015\n|switch|p2a: Weavile|Weavile, F|81\/100\n|-ability|p2a: Weavile|Pressure\n|turn|20\n|\n|t:|1636934017\n|move|p1a: Blacephalon|Shadow Ball|p2a: Weavile\n|-resisted|p2a: Weavile\n|-damage|p2a: Weavile|29\/100\n|-unboost|p2a: Weavile|spd|1\n|move|p2a: Weavile|Knock Off|p1a: Blacephalon\n|-supereffective|p1a: Blacephalon\n|-damage|p1a: Blacephalon|0 fnt\n|-enditem|p1a: Blacephalon|Choice Scarf|[from] move: Knock Off|[of] p2a: Weavile\n|faint|p1a: Blacephalon\n|-damage|p2a: Weavile|19\/100|[from] item: Life Orb\n|\n|upkeep\n|\n|t:|1636934023\n|switch|p1a: Kyurem|Kyurem|72\/100\n|-ability|p1a: Kyurem|Pressure\n|turn|21\n|\n|t:|1636934040\n|move|p2a: Weavile|Knock Off|p1a: Kyurem\n|-damage|p1a: Kyurem|17\/100\n|-enditem|p1a: Kyurem|Leftovers|[from] move: Knock Off|[of] p2a: Weavile\n|-damage|p2a: Weavile|9\/100|[from] item: Life Orb\n|move|p1a: Kyurem|Icicle Spear|p2a: Weavile\n|-resisted|p2a: Weavile\n|-damage|p2a: Weavile|0 fnt\n|faint|p2a: Weavile\n|-hitcount|p2: Weavile|1\n|\n|-fieldend|move: Electric Terrain\n|upkeep\n|j| Ava<3\n|\n|t:|1636934055\n|switch|p2a: Magnezone|Magnezone|100\/100\n|turn|22\n|\n|t:|1636934058\n|move|p1a: Kyurem|Icicle Spear|p2a: Magnezone\n|-resisted|p2a: Magnezone\n|-crit|p2a: Magnezone\n|-damage|p2a: Magnezone|92\/100\n|-resisted|p2a: Magnezone\n|-damage|p2a: Magnezone|86\/100\n|-resisted|p2a: Magnezone\n|-damage|p2a: Magnezone|81\/100\n|-resisted|p2a: Magnezone\n|-damage|p2a: Magnezone|75\/100\n|-resisted|p2a: Magnezone\n|-damage|p2a: Magnezone|69\/100\n|-hitcount|p2a: Magnezone|5\n|move|p2a: Magnezone|Body Press|p1a: Kyurem\n|-supereffective|p1a: Kyurem\n|-damage|p1a: Kyurem|0 fnt\n|faint|p1a: Kyurem\n|\n|upkeep\n|\n|t:|1636934060\n|switch|p1a: Mew|Mew|100\/100\n|turn|23\n|\n|t:|1636934062\n|switch|p2a: Landorus|Landorus-Therian, M|60\/100\n|-ability|p2a: Landorus|Intimidate|boost\n|-unboost|p1a: Mew|atk|1\n|move|p1a: Mew|Cosmic Power|p1a: Mew\n|-boost|p1a: Mew|def|1\n|-boost|p1a: Mew|spd|1\n|\n|-heal|p2a: Landorus|66\/100|[from] item: Leftovers\n|upkeep\n|turn|24\n|\n|t:|1636934065\n|move|p1a: Mew|Taunt|p2a: Landorus\n|-start|p2a: Landorus|move: Taunt\n|cant|p2a: Landorus|move: Taunt|Toxic\n|\n|-heal|p2a: Landorus|72\/100|[from] item: Leftovers\n|upkeep\n|turn|25\n|\n|t:|1636934069\n|move|p1a: Mew|Cosmic Power|p1a: Mew\n|-boost|p1a: Mew|def|1\n|-boost|p1a: Mew|spd|1\n|move|p2a: Landorus|U-turn|p1a: Mew\n|-supereffective|p1a: Mew\n|-damage|p1a: Mew|81\/100\n|-enditem|p1a: Mew|Weakness Policy\n|-boost|p1a: Mew|atk|2|[from] item: Weakness Policy\n|-boost|p1a: Mew|spa|2|[from] item: Weakness Policy\n|\n|t:|1636934075\n|switch|p2a: Dragonite|Dragonite, F|100\/100|[from]move: U-turn\n|\n|upkeep\n|turn|26\n|\n|t:|1636934091\n|move|p1a: Mew|Cosmic Power|p1a: Mew\n|-boost|p1a: Mew|def|1\n|-boost|p1a: Mew|spd|1\n|move|p2a: Dragonite|Dual Wingbeat|p1a: Mew\n|-damage|p1a: Mew|70\/100\n|-damage|p1a: Mew|57\/100\n|-hitcount|p1a: Mew|2\n|\n|upkeep\n|turn|27\n|j| jeanmilapipe\n|\n|t:|1636934095\n|move|p1a: Mew|Cosmic Power|p1a: Mew\n|-boost|p1a: Mew|def|1\n|-boost|p1a: Mew|spd|1\n|move|p2a: Dragonite|Dual Wingbeat|p1a: Mew\n|-damage|p1a: Mew|47\/100\n|-damage|p1a: Mew|37\/100\n|-hitcount|p1a: Mew|2\n|\n|upkeep\n|turn|28\n|\n|t:|1636934097\n|move|p1a: Mew|Roost|p1a: Mew\n|-heal|p1a: Mew|87\/100\n|-singleturn|p1a: Mew|move: Roost\n|move|p2a: Dragonite|Dual Wingbeat|p1a: Mew|[miss]\n|-miss|p2a: Dragonite|p1a: Mew\n|\n|upkeep\n|turn|29\n|\n|t:|1636934103\n|move|p1a: Mew|Cosmic Power|p1a: Mew\n|-boost|p1a: Mew|def|1\n|-boost|p1a: Mew|spd|1\n|move|p2a: Dragonite|Dual Wingbeat|p1a: Mew\n|-damage|p1a: Mew|78\/100\n|-damage|p1a: Mew|69\/100\n|-hitcount|p1a: Mew|2\n|\n|upkeep\n|turn|30\n|c|\u2606ColdIsCool|that thing shold be banned\n|-message|ColdIsCool forfeited.\n|\n|win|LudwigFrog\n|raw|LudwigFrog's rating: 1730 &rarr; <strong>1750<\/strong><br \/>(+20 for winning)\n|raw|ColdIsCool's rating: 1727 &rarr; <strong>1707<\/strong><br \/>(-20 for losing)\n|l|\u2606ColdIsCool\n|l|\u2606LudwigFrog\n","uploadtime":1636934118,"views":31,"p1id":"ludwigfrog","p2id":"coldiscool","formatid":"gen8ou","rating":1707,"private":0,"password":null}