{"id":"gen8ou-1684993009","p1":"Twilight27","p2":"himynametay","format":"gen8ou","log":"|html|<div class=\"broadcast-blue\"><strong>[Gen 8] OU is currently suspecting Melmetal! For information on how to participate check out the <a href=\"https:\/\/www.smogon.com\/forums\/threads\/np-ss-ou-suspect-process-round-12-monster-mash.3709234\/\">suspect thread<\/a>.<\/strong><\/div>\n|j|\u2606Twilight27\n|j|\u203dhimynametay\n|t:|1665688155\n|gametype|singles\n|player|p1|Twilight27|steven|1561\n|player|p2|himynametay|elesa|1687\n|teamsize|p1|6\n|teamsize|p2|6\n|gen|8\n|tier|[Gen 8] OU\n|rated|\n|rule|Sleep Clause Mod: Limit one foe put to sleep\n|rule|Species Clause: Limit one of each Pok\u00e9mon\n|rule|OHKO Clause: OHKO moves are banned\n|rule|Evasion Items Clause: Evasion items are banned\n|rule|Evasion Moves Clause: Evasion moves are banned\n|rule|Endless Battle Clause: Forcing endless battles is banned\n|rule|HP Percentage Mod: HP is shown in percentages\n|rule|Dynamax Clause: You cannot dynamax\n|clearpoke\n|poke|p1|Pelipper, M|\n|poke|p1|Barraskewda, M|\n|poke|p1|Landorus-Therian, M|\n|poke|p1|Ferrothorn, M|\n|poke|p1|Tapu Koko|\n|poke|p1|Corviknight, M|\n|poke|p2|Slowking-Galar, F|\n|poke|p2|Urshifu-*, M|\n|poke|p2|Garchomp, M|\n|poke|p2|Weavile, M|\n|poke|p2|Corviknight, M|\n|poke|p2|Rillaboom, M|\n|teampreview\n|\n|t:|1665688183\n|start\n|switch|p1a: Landorus|Landorus-Therian, M|100\/100\n|switch|p2a: Urshifu|Urshifu-Rapid-Strike, M|100\/100\n|-ability|p1a: Landorus|Intimidate|boost\n|-unboost|p2a: Urshifu|atk|1\n|turn|1\n|\n|t:|1665688191\n|switch|p1a: Corviknight|Corviknight, M|100\/100\n|-ability|p1a: Corviknight|Pressure\n|move|p2a: Urshifu|Surging Strikes|p1a: Corviknight\n|-crit|p1a: Corviknight\n|-damage|p1a: Corviknight|82\/100\n|-damage|p2a: Urshifu|84\/100|[from] item: Rocky Helmet|[of] p1a: Corviknight\n|-crit|p1a: Corviknight\n|-damage|p1a: Corviknight|63\/100\n|-damage|p2a: Urshifu|68\/100|[from] item: Rocky Helmet|[of] p1a: Corviknight\n|-crit|p1a: Corviknight\n|-damage|p1a: Corviknight|46\/100\n|-damage|p2a: Urshifu|51\/100|[from] item: Rocky Helmet|[of] p1a: Corviknight\n|-hitcount|p1a: Corviknight|3\n|\n|upkeep\n|turn|2\n|inactive|Battle timer is ON: inactive players will automatically lose when time's up. (requested by Twilight27)\n|\n|t:|1665688206\n|switch|p1a: Ferrothorn|Ferrothorn, M|100\/100\n|move|p2a: Urshifu|Surging Strikes|p1a: Ferrothorn\n|-resisted|p1a: Ferrothorn\n|-crit|p1a: Ferrothorn\n|-damage|p1a: Ferrothorn|89\/100\n|-damage|p2a: Urshifu|39\/100|[from] ability: Iron Barbs|[of] p1a: Ferrothorn\n|-resisted|p1a: Ferrothorn\n|-crit|p1a: Ferrothorn\n|-damage|p1a: Ferrothorn|77\/100\n|-damage|p2a: Urshifu|27\/100|[from] ability: Iron Barbs|[of] p1a: Ferrothorn\n|-resisted|p1a: Ferrothorn\n|-crit|p1a: Ferrothorn\n|-damage|p1a: Ferrothorn|66\/100\n|-damage|p2a: Urshifu|14\/100|[from] ability: Iron Barbs|[of] p1a: Ferrothorn\n|-hitcount|p1a: Ferrothorn|3\n|-enditem|p1a: Ferrothorn|Eject Button\n|\n|t:|1665688215\n|switch|p1a: Tapu Koko|Tapu Koko|100\/100\n|-fieldstart|move: Electric Terrain|[from] ability: Electric Surge|[of] p1a: Tapu Koko\n|\n|upkeep\n|turn|3\n|\n|t:|1665688220\n|switch|p2a: Slowking|Slowking-Galar, F|100\/100\n|move|p1a: Tapu Koko|Dazzling Gleam|p2a: Slowking\n|-resisted|p2a: Slowking\n|-damage|p2a: Slowking|94\/100\n|\n|upkeep\n|turn|4\n|\n|t:|1665688224\n|switch|p1a: Landorus|Landorus-Therian, M|100\/100\n|-ability|p1a: Landorus|Intimidate|boost\n|-unboost|p2a: Slowking|atk|1\n|move|p2a: Slowking|Future Sight|p1a: Landorus\n|-start|p2a: Slowking|move: Future Sight\n|\n|upkeep\n|turn|5\n|\n|t:|1665688229\n|move|p1a: Landorus|Knock Off|p2a: Slowking\n|-supereffective|p2a: Slowking\n|-damage|p2a: Slowking|0 fnt\n|-enditem|p2a: Slowking|Assault Vest|[from] move: Knock Off|[of] p1a: Landorus\n|faint|p2a: Slowking\n|\n|upkeep\n|\n|t:|1665688231\n|switch|p2a: Weavile|Weavile, M|100\/100\n|-ability|p2a: Weavile|Pressure\n|turn|6\n|\n|t:|1665688235\n|switch|p1a: Ferrothorn|Ferrothorn, M|66\/100\n|move|p2a: Weavile|Swords Dance|p2a: Weavile\n|-boost|p2a: Weavile|atk|2\n|\n|-end|p1a: Ferrothorn|move: Future Sight\n|-resisted|p1a: Ferrothorn\n|-damage|p1a: Ferrothorn|50\/100\n|-fieldend|move: Electric Terrain\n|upkeep\n|turn|7\n|\n|t:|1665688241\n|move|p2a: Weavile|Knock Off|p1a: Ferrothorn\n|-damage|p1a: Ferrothorn|0 fnt\n|-damage|p2a: Weavile|88\/100|[from] ability: Iron Barbs|[of] p1a: Ferrothorn\n|faint|p1a: Ferrothorn\n|\n|upkeep\n|\n|t:|1665688245\n|switch|p1a: Tapu Koko|Tapu Koko|100\/100\n|-fieldstart|move: Electric Terrain|[from] ability: Electric Surge|[of] p1a: Tapu Koko\n|turn|8\n|\n|t:|1665688247\n|switch|p2a: Rillaboom|Rillaboom, M|100\/100\n|-fieldstart|move: Grassy Terrain|[from] ability: Grassy Surge|[of] p2a: Rillaboom\n|move|p1a: Tapu Koko|Dazzling Gleam|p2a: Rillaboom\n|-damage|p2a: Rillaboom|65\/100\n|\n|-heal|p2a: Rillaboom|71\/100|[from] Grassy Terrain\n|-heal|p2a: Rillaboom|77\/100|[from] item: Leftovers\n|upkeep\n|turn|9\n|\n|t:|1665688254\n|switch|p1a: Corviknight|Corviknight, M|46\/100\n|-ability|p1a: Corviknight|Pressure\n|move|p2a: Rillaboom|Swords Dance|p2a: Rillaboom\n|-boost|p2a: Rillaboom|atk|2\n|\n|-heal|p2a: Rillaboom|83\/100|[from] Grassy Terrain\n|-heal|p2a: Rillaboom|89\/100|[from] item: Leftovers\n|upkeep\n|turn|10\n|\n|t:|1665688258\n|move|p2a: Rillaboom|Knock Off|p1a: Corviknight\n|-damage|p1a: Corviknight|6\/100\n|-damage|p2a: Rillaboom|73\/100|[from] item: Rocky Helmet|[of] p1a: Corviknight\n|-enditem|p1a: Corviknight|Rocky Helmet|[from] move: Knock Off|[of] p2a: Rillaboom\n|move|p1a: Corviknight|Roost|p1a: Corviknight\n|-heal|p1a: Corviknight|56\/100\n|-singleturn|p1a: Corviknight|move: Roost\n|\n|-heal|p2a: Rillaboom|79\/100|[from] Grassy Terrain\n|-heal|p2a: Rillaboom|85\/100|[from] item: Leftovers\n|-heal|p1a: Corviknight|62\/100|[from] Grassy Terrain\n|upkeep\n|turn|11\n|\n|t:|1665688262\n|move|p2a: Rillaboom|Swords Dance|p2a: Rillaboom\n|-boost|p2a: Rillaboom|atk|2\n|move|p1a: Corviknight|Brave Bird|p2a: Rillaboom\n|-supereffective|p2a: Rillaboom\n|-damage|p2a: Rillaboom|11\/100\n|-damage|p1a: Corviknight|37\/100|[from] Recoil\n|\n|-heal|p2a: Rillaboom|17\/100|[from] Grassy Terrain\n|-heal|p2a: Rillaboom|23\/100|[from] item: Leftovers\n|upkeep\n|turn|12\n|\n|t:|1665688271\n|switch|p1a: Tapu Koko|Tapu Koko|100\/100\n|-fieldstart|move: Electric Terrain|[from] ability: Electric Surge|[of] p1a: Tapu Koko\n|move|p2a: Rillaboom|Drain Punch|p1a: Tapu Koko\n|-resisted|p1a: Tapu Koko\n|-damage|p1a: Tapu Koko|47\/100\n|-heal|p2a: Rillaboom|41\/100|[from] drain|[of] p1a: Tapu Koko\n|\n|-heal|p2a: Rillaboom|47\/100|[from] item: Leftovers\n|upkeep\n|turn|13\n|\n|t:|1665688292\n|switch|p2a: Urshifu|Urshifu-Rapid-Strike, M|14\/100\n|move|p1a: Tapu Koko|Roost|p1a: Tapu Koko\n|-heal|p1a: Tapu Koko|97\/100\n|-singleturn|p1a: Tapu Koko|move: Roost\n|\n|upkeep\n|turn|14\n|\n|t:|1665688300\n|move|p1a: Tapu Koko|Dazzling Gleam|p2a: Urshifu\n|-supereffective|p2a: Urshifu\n|-damage|p2a: Urshifu|0 fnt\n|faint|p2a: Urshifu\n|\n|upkeep\n|\n|t:|1665688303\n|switch|p2a: Garchomp|Garchomp, M|100\/100\n|turn|15\n|\n|t:|1665688309\n|move|p1a: Tapu Koko|Dazzling Gleam|p2a: Garchomp\n|-supereffective|p2a: Garchomp\n|-damage|p2a: Garchomp|54\/100\n|move|p2a: Garchomp|Earthquake|p1a: Tapu Koko\n|-supereffective|p1a: Tapu Koko\n|-damage|p1a: Tapu Koko|0 fnt\n|faint|p1a: Tapu Koko\n|\n|-heal|p2a: Garchomp|60\/100|[from] item: Leftovers\n|upkeep\n|\n|t:|1665688313\n|switch|p1a: Pelipper|Pelipper, M|100\/100\n|-weather|RainDance|[from] ability: Drizzle|[of] p1a: Pelipper\n|turn|16\n|\n|t:|1665688316\n|move|p1a: Pelipper|Weather Ball|p2a: Garchomp\n|-damage|p2a: Garchomp|1\/100\n|move|p2a: Garchomp|Stealth Rock|p1a: Pelipper\n|-sidestart|p1: Twilight27|move: Stealth Rock\n|\n|-weather|RainDance|[upkeep]\n|-heal|p2a: Garchomp|7\/100|[from] item: Leftovers\n|-fieldend|move: Electric Terrain\n|upkeep\n|turn|17\n|\n|t:|1665688322\n|move|p1a: Pelipper|Weather Ball|p2a: Garchomp\n|-crit|p2a: Garchomp\n|-damage|p2a: Garchomp|0 fnt\n|faint|p2a: Garchomp\n|\n|-weather|RainDance|[upkeep]\n|upkeep\n|\n|t:|1665688324\n|switch|p2a: Corviknight|Corviknight, M|100\/100\n|-ability|p2a: Corviknight|Pressure\n|turn|18\n|\n|t:|1665688331\n|move|p1a: Pelipper|Weather Ball|p2a: Corviknight\n|-damage|p2a: Corviknight|12\/100\n|move|p2a: Corviknight|Brave Bird|p1a: Pelipper\n|-damage|p1a: Pelipper|56\/100\n|-damage|p2a: Corviknight|2\/100|[from] Recoil\n|\n|-weather|RainDance|[upkeep]\n|upkeep\n|turn|19\n|\n|t:|1665688337\n|move|p1a: Pelipper|Weather Ball|p2a: Corviknight\n|-damage|p2a: Corviknight|0 fnt\n|faint|p2a: Corviknight\n|\n|-weather|RainDance|[upkeep]\n|upkeep\n|\n|t:|1665688360\n|switch|p2a: Rillaboom|Rillaboom, M|47\/100\n|-fieldstart|move: Grassy Terrain|[from] ability: Grassy Surge|[of] p2a: Rillaboom\n|turn|20\n|\n|t:|1665688368\n|switch|p1a: Corviknight|Corviknight, M|37\/100\n|-damage|p1a: Corviknight|25\/100|[from] Stealth Rock\n|-ability|p1a: Corviknight|Pressure\n|move|p2a: Rillaboom|Grassy Glide|p1a: Corviknight\n|-resisted|p1a: Corviknight\n|-damage|p1a: Corviknight|18\/100\n|\n|-weather|none\n|-heal|p2a: Rillaboom|53\/100|[from] Grassy Terrain\n|-heal|p2a: Rillaboom|59\/100|[from] item: Leftovers\n|upkeep\n|turn|21\n|\n|t:|1665688375\n|move|p2a: Rillaboom|Drain Punch|p1a: Corviknight\n|-damage|p1a: Corviknight|1\/100\n|-heal|p2a: Rillaboom|68\/100|[from] drain|[of] p1a: Corviknight\n|move|p1a: Corviknight|Roost|p1a: Corviknight\n|-heal|p1a: Corviknight|51\/100\n|-singleturn|p1a: Corviknight|move: Roost\n|\n|-heal|p2a: Rillaboom|74\/100|[from] Grassy Terrain\n|-heal|p2a: Rillaboom|80\/100|[from] item: Leftovers\n|-heal|p1a: Corviknight|57\/100|[from] Grassy Terrain\n|upkeep\n|turn|22\n|\n|t:|1665688378\n|move|p2a: Rillaboom|Swords Dance|p2a: Rillaboom\n|-boost|p2a: Rillaboom|atk|2\n|move|p1a: Corviknight|Brave Bird|p2a: Rillaboom\n|-supereffective|p2a: Rillaboom\n|-damage|p2a: Rillaboom|15\/100\n|-damage|p1a: Corviknight|36\/100|[from] Recoil\n|\n|-heal|p2a: Rillaboom|21\/100|[from] Grassy Terrain\n|-heal|p2a: Rillaboom|27\/100|[from] item: Leftovers\n|upkeep\n|turn|23\n|\n|t:|1665688388\n|move|p2a: Rillaboom|Drain Punch|p1a: Corviknight\n|-crit|p1a: Corviknight\n|-damage|p1a: Corviknight|0 fnt\n|-heal|p2a: Rillaboom|45\/100|[from] drain|[of] p1a: Corviknight\n|faint|p1a: Corviknight\n|\n|-heal|p2a: Rillaboom|51\/100|[from] Grassy Terrain\n|-heal|p2a: Rillaboom|57\/100|[from] item: Leftovers\n|upkeep\n|\n|t:|1665688393\n|switch|p1a: Pelipper|Pelipper, M|56\/100\n|-damage|p1a: Pelipper|31\/100|[from] Stealth Rock\n|-weather|RainDance|[from] ability: Drizzle|[of] p1a: Pelipper\n|turn|24\n|\n|t:|1665688396\n|move|p2a: Rillaboom|Grassy Glide|p1a: Pelipper\n|-damage|p1a: Pelipper|0 fnt\n|faint|p1a: Pelipper\n|\n|-weather|RainDance|[upkeep]\n|-heal|p2a: Rillaboom|63\/100|[from] Grassy Terrain\n|-heal|p2a: Rillaboom|69\/100|[from] item: Leftovers\n|-fieldend|move: Grassy Terrain\n|upkeep\n|\n|t:|1665688399\n|switch|p1a: Landorus|Landorus-Therian, M|100\/100\n|-damage|p1a: Landorus|88\/100|[from] Stealth Rock\n|-ability|p1a: Landorus|Intimidate|boost\n|-unboost|p2a: Rillaboom|atk|1\n|turn|25\n|\n|t:|1665688401\n|switch|p2a: Weavile|Weavile, M|88\/100\n|-ability|p2a: Weavile|Pressure\n|move|p1a: Landorus|U-turn|p2a: Weavile\n|-supereffective|p2a: Weavile\n|-damage|p2a: Weavile|0 fnt\n|faint|p2a: Weavile\n|\n|t:|1665688407\n|switch|p1a: Barraskewda|Barraskewda, M|100\/100|[from]move: U-turn\n|-damage|p1a: Barraskewda|88\/100|[from] Stealth Rock\n|\n|-weather|RainDance|[upkeep]\n|upkeep\n|\n|t:|1665688408\n|switch|p2a: Rillaboom|Rillaboom, M|69\/100\n|-fieldstart|move: Grassy Terrain|[from] ability: Grassy Surge|[of] p2a: Rillaboom\n|turn|26\n|inactive|himynametay has 120 seconds left.\n|\n|t:|1665688463\n|move|p1a: Barraskewda|Close Combat|p2a: Rillaboom\n|-damage|p2a: Rillaboom|5\/100\n|-unboost|p1a: Barraskewda|def|1\n|-unboost|p1a: Barraskewda|spd|1\n|move|p2a: Rillaboom|Swords Dance|p2a: Rillaboom\n|-boost|p2a: Rillaboom|atk|2\n|\n|-weather|RainDance|[upkeep]\n|-heal|p1a: Barraskewda|94\/100|[from] Grassy Terrain\n|-heal|p2a: Rillaboom|11\/100|[from] Grassy Terrain\n|-heal|p2a: Rillaboom|17\/100|[from] item: Leftovers\n|upkeep\n|turn|27\n|\n|t:|1665688475\n|switch|p1a: Landorus|Landorus-Therian, M|88\/100\n|-damage|p1a: Landorus|76\/100|[from] Stealth Rock\n|-ability|p1a: Landorus|Intimidate|boost\n|-unboost|p2a: Rillaboom|atk|1\n|move|p2a: Rillaboom|Grassy Glide|p1a: Landorus\n|-damage|p1a: Landorus|0 fnt\n|faint|p1a: Landorus\n|\n|-weather|RainDance|[upkeep]\n|-heal|p2a: Rillaboom|23\/100|[from] Grassy Terrain\n|-heal|p2a: Rillaboom|29\/100|[from] item: Leftovers\n|upkeep\n|\n|t:|1665688477\n|switch|p1a: Barraskewda|Barraskewda, M|94\/100\n|-damage|p1a: Barraskewda|82\/100|[from] Stealth Rock\n|turn|28\n|\n|t:|1665688479\n|move|p1a: Barraskewda|Aqua Jet|p2a: Rillaboom\n|-resisted|p2a: Rillaboom\n|-damage|p2a: Rillaboom|5\/100\n|move|p2a: Rillaboom|Grassy Glide|p1a: Barraskewda\n|-supereffective|p1a: Barraskewda\n|-damage|p1a: Barraskewda|0 fnt\n|faint|p1a: Barraskewda\n|\n|win|himynametay\n|raw|Twilight27's rating: 1561 &rarr; <strong>1548<\/strong><br \/>(-13 for losing)\n|raw|himynametay's rating: 1687 &rarr; <strong>1700<\/strong><br \/>(+13 for winning)\n||Ladder isn't responding, score probably updated but might not have (Request timeout).\n","uploadtime":1665688483,"views":6,"p1id":"twilight27","p2id":"himynametay","formatid":"gen8ou","rating":1548,"private":0,"password":null}