{"id":"gen8pu-1706964942","p1":"popo.saurio","p2":"TsunamiKay","format":"gen8pu","log":"|j|\u2606popo.saurio\n|j|\u2606TsunamiKay\n|t:|1668036986\n|gametype|singles\n|player|p1|popo.saurio|bugsy|1038\n|player|p2|TsunamiKay|iris|1058\n|teamsize|p1|6\n|teamsize|p2|6\n|gen|8\n|tier|[Gen 8] PU\n|rated|\n|rule|Sleep Clause Mod: Limit one foe put to sleep\n|rule|Species Clause: Limit one of each Pok\u00e9mon\n|rule|OHKO Clause: OHKO moves are banned\n|rule|Evasion Items Clause: Evasion items are banned\n|rule|Evasion Moves Clause: Evasion moves are banned\n|rule|Endless Battle Clause: Forcing endless battles is banned\n|rule|HP Percentage Mod: HP is shown in percentages\n|rule|Dynamax Clause: You cannot dynamax\n|clearpoke\n|poke|p1|Basculin, F|\n|poke|p1|Shuckle, M|\n|poke|p1|Haunter, M|\n|poke|p1|Hitmonlee, M|\n|poke|p1|Rotom-Fan|\n|poke|p1|Jynx, F|\n|poke|p2|Absol, F|\n|poke|p2|Audino, M|\n|poke|p2|Galvantula, F|\n|poke|p2|Mesprit|\n|poke|p2|Hitmonlee, M|\n|poke|p2|Aggron, F|\n|teampreview\n|inactive|Battle timer is ON: inactive players will automatically lose when time's up. (requested by popo.saurio)\n|\n|t:|1668037020\n|start\n|switch|p1a: Haunter|Haunter, M, shiny|100\/100\n|switch|p2a: Aggron|Aggron, F|100\/100\n|turn|1\n|\n|t:|1668037032\n|move|p1a: Haunter|Shadow Ball|p2a: Aggron\n|-crit|p2a: Aggron\n|-damage|p2a: Aggron|19\/100\n|move|p2a: Aggron|Stealth Rock|p1a: Haunter\n|-sidestart|p1: popo.saurio|move: Stealth Rock\n|\n|-heal|p2a: Aggron|25\/100|[from] item: Leftovers\n|upkeep\n|turn|2\n|\n|t:|1668037045\n|switch|p2a: Audino|Audino, M|100\/100\n|move|p1a: Haunter|Shadow Ball|p2a: Audino\n|-immune|p2a: Audino\n|\n|upkeep\n|turn|3\n|\n|t:|1668037074\n|switch|p1a: Shuckle|Shuckle, M|100\/100\n|-damage|p1a: Shuckle|76\/100|[from] Stealth Rock\n|move|p2a: Audino|Psyshock|p1a: Shuckle\n|-damage|p1a: Shuckle|66\/100\n|\n|-heal|p1a: Shuckle|72\/100|[from] item: Leftovers\n|upkeep\n|turn|4\n|inactive|TsunamiKay has 120 seconds left.\n|\n|t:|1668037091\n|switch|p2a: Galvantula|Galvantula, F|100\/100\n|move|p1a: Shuckle|Stealth Rock|p2a: Galvantula\n|-sidestart|p2: TsunamiKay|move: Stealth Rock\n|\n|-heal|p1a: Shuckle|78\/100|[from] item: Leftovers\n|upkeep\n|turn|5\n|\n|t:|1668037102\n|move|p2a: Galvantula|Sticky Web|p1a: Shuckle\n|-sidestart|p1: popo.saurio|move: Sticky Web\n|move|p1a: Shuckle|Sticky Web|p2a: Galvantula\n|-sidestart|p2: TsunamiKay|move: Sticky Web\n|\n|-heal|p1a: Shuckle|84\/100|[from] item: Leftovers\n|upkeep\n|turn|6\n|\n|t:|1668037119\n|move|p2a: Galvantula|Volt Switch|p1a: Shuckle\n|-damage|p1a: Shuckle|62\/100\n|\n|t:|1668037123\n|switch|p2a: Hitmonlee|Hitmonlee, M|100\/100|[from]move: Volt Switch\n|-damage|p2a: Hitmonlee|94\/100|[from] Stealth Rock\n|-activate|p2a: Hitmonlee|move: Sticky Web\n|-unboost|p2a: Hitmonlee|spe|1\n|move|p1a: Shuckle|Knock Off|p2a: Hitmonlee\n|-resisted|p2a: Hitmonlee\n|-damage|p2a: Hitmonlee|88\/100\n|-enditem|p2a: Hitmonlee|Lum Berry|[from] move: Knock Off|[of] p1a: Shuckle\n|\n|-heal|p1a: Shuckle|68\/100|[from] item: Leftovers\n|upkeep\n|turn|7\n|\n|t:|1668037146\n|switch|p1a: Rotom|Rotom-Fan|100\/100\n|move|p2a: Hitmonlee|Rapid Spin|p1a: Rotom\n|-damage|p1a: Rotom|77\/100\n|-boost|p2a: Hitmonlee|spe|1\n|-sideend|p2: TsunamiKay|Stealth Rock|[from] move: Rapid Spin|[of] p2a: Hitmonlee\n|-sideend|p2: TsunamiKay|Sticky Web|[from] move: Rapid Spin|[of] p2a: Hitmonlee\n|\n|upkeep\n|turn|8\n|\n|t:|1668037160\n|switch|p2a: Audino|Audino, M|100\/100\n|move|p1a: Rotom|Will-O-Wisp|p2a: Audino|[miss]\n|-miss|p1a: Rotom|p2a: Audino\n|\n|upkeep\n|turn|9\n|\n|t:|1668037180\n|switch|p1a: Shuckle|Shuckle, M|68\/100\n|-damage|p1a: Shuckle|43\/100|[from] Stealth Rock\n|-activate|p1a: Shuckle|move: Sticky Web\n|-unboost|p1a: Shuckle|spe|1\n|move|p2a: Audino|Flamethrower|p1a: Shuckle\n|-damage|p1a: Shuckle|33\/100\n|\n|-heal|p1a: Shuckle|39\/100|[from] item: Leftovers\n|upkeep\n|turn|10\n|inactive|popo.saurio has 120 seconds left.\n|\n|t:|1668037197\n|switch|p2a: Aggron|Aggron, F|25\/100\n|move|p1a: Shuckle|Sticky Web|p2a: Aggron\n|-sidestart|p2: TsunamiKay|move: Sticky Web\n|\n|-heal|p2a: Aggron|32\/100|[from] item: Leftovers\n|-heal|p1a: Shuckle|45\/100|[from] item: Leftovers\n|upkeep\n|turn|11\n|\n|t:|1668037208\n|move|p2a: Aggron|Head Smash|p1a: Shuckle\n|-supereffective|p1a: Shuckle\n|-damage|p1a: Shuckle|0 fnt\n|faint|p1a: Shuckle\n|\n|-heal|p2a: Aggron|38\/100|[from] item: Leftovers\n|upkeep\n|inactive|popo.saurio has 120 seconds left.\n|\n|t:|1668037232\n|switch|p1a: Haunter|Haunter, M, shiny|100\/100\n|-damage|p1a: Haunter|88\/100|[from] Stealth Rock\n|turn|12\n|\n|t:|1668037247\n|switch|p2a: Audino|Audino, M|100\/100\n|-activate|p2a: Audino|move: Sticky Web\n|-unboost|p2a: Audino|spe|1\n|move|p1a: Haunter|Energy Ball|p2a: Audino\n|-damage|p2a: Audino|75\/100\n|\n|-heal|p2a: Audino|81\/100|[from] item: Leftovers\n|upkeep\n|turn|13\n|inactive|popo.saurio has 120 seconds left.\n|\n|t:|1668037274\n|switch|p1a: Basculin|Basculin, F|100\/100\n|-damage|p1a: Basculin|88\/100|[from] Stealth Rock\n|-activate|p1a: Basculin|move: Sticky Web\n|-unboost|p1a: Basculin|spe|1\n|move|p2a: Audino|Psyshock|p1a: Basculin\n|-damage|p1a: Basculin|66\/100\n|\n|-heal|p2a: Audino|87\/100|[from] item: Leftovers\n|upkeep\n|turn|14\n|\n|t:|1668037291\n|move|p1a: Basculin|Liquidation|p2a: Audino\n|-damage|p2a: Audino|43\/100\n|-damage|p1a: Basculin|56\/100|[from] item: Life Orb\n|move|p2a: Audino|Thunder Wave|p1a: Basculin\n|-status|p1a: Basculin|par\n|\n|-heal|p2a: Audino|49\/100|[from] item: Leftovers\n|upkeep\n|turn|15\n|-message|popo.saurio forfeited.\n|\n|win|TsunamiKay\n|raw|popo.saurio's rating: 1038 &rarr; <strong>1023<\/strong><br \/>(-15 for losing)\n|raw|TsunamiKay's rating: 1058 &rarr; <strong>1088<\/strong><br \/>(+30 for winning)\n|l|\u2606popo.saurio\n||Ladder isn't responding, score probably updated but might not have (Request timeout).\n","uploadtime":1668037318,"views":3,"p1id":"poposaurio","p2id":"tsunamikay","formatid":"gen8pu","rating":1023,"private":0,"password":null}