{"id":"gen8nationaldex-1585301928","p1":"Sir Fresh","p2":"Monkemaniac323","format":"gen8nationaldex","log":"|j|\u2606Sir Fresh\n|j|\u2606Monkemaniac323\n|t:|1653838167\n|gametype|singles\n|player|p1|Sir Fresh|palmer|\n|player|p2|Monkemaniac323|rancher|\n|teamsize|p1|6\n|teamsize|p2|6\n|gen|8\n|tier|[Gen 8] National Dex\n|rule|HP Percentage Mod: HP is shown in percentages\n|rule|Endless Battle Clause: Forcing endless battles is banned\n|rule|OHKO Clause: OHKO moves are banned\n|rule|Evasion Moves Clause: Evasion moves are banned\n|rule|Species Clause: Limit one of each Pok\u00e9mon\n|rule|Dynamax Clause: You cannot dynamax\n|rule|Sleep Clause Mod: Limit one foe put to sleep\n|clearpoke\n|poke|p1|Sceptile, M|\n|poke|p1|Blaziken, M|\n|poke|p1|Swampert, M|\n|poke|p1|Gardevoir, F|\n|poke|p1|Metagross|\n|poke|p1|Milotic, F|\n|poke|p2|Medicham, F|\n|poke|p2|Latios, M|\n|poke|p2|Ninjask, M|\n|poke|p2|Metagross|\n|poke|p2|Breloom, M|\n|poke|p2|Torkoal, M|\n|teampreview\n|c|\u2606Sir Fresh|Glhf\n|c|\u2606Monkemaniac323|Glhf\n|\n|t:|1653838186\n|start\n|switch|p1a: Sceptile|Sceptile, M|100\/100\n|switch|p2a: Breloom|Breloom, M|100\/100\n|turn|1\n|\n|t:|1653838190\n|detailschange|p1a: Sceptile|Sceptile-Mega, M\n|-mega|p1a: Sceptile|Sceptile|Sceptilite\n|move|p1a: Sceptile|Dragon Pulse|p2a: Breloom\n|-damage|p2a: Breloom|1\/100\n|move|p2a: Breloom|Rock Tomb|p1a: Sceptile\n|-damage|p1a: Sceptile|55\/100\n|-unboost|p1a: Sceptile|spe|1\n|\n|upkeep\n|turn|2\n|\n|t:|1653838201\n|move|p2a: Breloom|Mach Punch|p1a: Sceptile\n|-damage|p1a: Sceptile|4\/100\n|move|p1a: Sceptile|Dragon Pulse|p2a: Breloom\n|-damage|p2a: Breloom|0 fnt\n|faint|p2a: Breloom\n|\n|upkeep\n|\n|t:|1653838208\n|switch|p2a: Medicham|Medicham, F|100\/100\n|turn|3\n|\n|t:|1653838216\n|switch|p1a: Milotic|Milotic, F|100\/100\n|detailschange|p2a: Medicham|Medicham-Mega, F\n|-mega|p2a: Medicham|Medicham|Medichamite\n|move|p2a: Medicham|Fake Out|p1a: Milotic\n|-damage|p1a: Milotic|82\/100\n|\n|-status|p1a: Milotic|brn|[from] item: Flame Orb\n|upkeep\n|turn|4\n|\n|t:|1653838222\n|move|p2a: Medicham|High Jump Kick|p1a: Milotic\n|-damage|p1a: Milotic|26\/100 brn\n|move|p1a: Milotic|Scald|p2a: Medicham\n|-damage|p2a: Medicham|58\/100\n|\n|-damage|p1a: Milotic|20\/100 brn|[from] brn\n|upkeep\n|turn|5\n|\n|t:|1653838233\n|move|p2a: Medicham|Zen Headbutt|p1a: Milotic\n|-damage|p1a: Milotic|0 fnt\n|faint|p1a: Milotic\n|\n|upkeep\n|\n|t:|1653838239\n|switch|p1a: Swampert|Swampert, M|100\/100\n|turn|6\n|\n|t:|1653838244\n|move|p2a: Medicham|High Jump Kick|p1a: Swampert\n|-damage|p1a: Swampert|0 fnt\n|faint|p1a: Swampert\n|\n|upkeep\n|\n|t:|1653838249\n|switch|p1a: Blaziken|Blaziken, M|100\/100\n|turn|7\n|\n|t:|1653838258\n|switch|p2a: Ninjask|Ninjask, M|100\/100\n|move|p1a: Blaziken|Protect||[still]\n|-fail|p1a: Blaziken\n|\n|-ability|p1a: Blaziken|Speed Boost|boost\n|-boost|p1a: Blaziken|spe|1\n|upkeep\n|turn|8\n|\n|t:|1653838277\n|switch|p1a: Metagross|Metagross|100\/100\n|move|p2a: Ninjask|Dual Wingbeat|p1a: Metagross\n|-resisted|p1a: Metagross\n|-damage|p1a: Metagross|93\/100\n|-damage|p2a: Ninjask|84\/100|[from] item: Rocky Helmet|[of] p1a: Metagross\n|-resisted|p1a: Metagross\n|-damage|p1a: Metagross|86\/100\n|-damage|p2a: Ninjask|67\/100|[from] item: Rocky Helmet|[of] p1a: Metagross\n|-hitcount|p1a: Metagross|2\n|-damage|p2a: Ninjask|58\/100|[from] item: Life Orb\n|\n|-ability|p2a: Ninjask|Speed Boost|boost\n|-boost|p2a: Ninjask|spe|1\n|upkeep\n|turn|9\n|\n|t:|1653838287\n|move|p1a: Metagross|Bullet Punch|p2a: Ninjask\n|-damage|p2a: Ninjask|13\/100\n|move|p2a: Ninjask|Final Gambit|p1a: Metagross\n|-damage|p1a: Metagross|74\/100\n|faint|p2a: Ninjask\n|\n|upkeep\n|\n|t:|1653838291\n|switch|p2a: Torkoal|Torkoal, M|100\/100\n|-weather|SunnyDay|[from] ability: Drought|[of] p2a: Torkoal\n|turn|10\n|c|\u2606Monkemaniac323|I messed my ev F\n|\n|t:|1653838300\n|move|p1a: Metagross|Earthquake|p2a: Torkoal\n|-supereffective|p2a: Torkoal\n|-damage|p2a: Torkoal|24\/100\n|move|p2a: Torkoal|Shell Smash|p2a: Torkoal\n|-unboost|p2a: Torkoal|def|1\n|-unboost|p2a: Torkoal|spd|1\n|-boost|p2a: Torkoal|atk|2\n|-boost|p2a: Torkoal|spa|2\n|-boost|p2a: Torkoal|spe|2\n|\n|-weather|SunnyDay|[upkeep]\n|upkeep\n|turn|11\n|\n|t:|1653838312\n|switch|p1a: Sceptile|Sceptile-Mega, M|4\/100\n|move|p2a: Torkoal|Fire Blast|p1a: Sceptile\n|-damage|p1a: Sceptile|0 fnt\n|faint|p1a: Sceptile\n|\n|-weather|SunnyDay|[upkeep]\n|upkeep\n|\n|t:|1653838316\n|switch|p1a: Gardevoir|Gardevoir, F|100\/100\n|-ability|p1a: Gardevoir|Drought|[from] ability: Trace|[of] p2a: Torkoal\n|turn|12\n|\n|t:|1653838326\n|move|p1a: Gardevoir|Psyshock|p2a: Torkoal\n|-damage|p2a: Torkoal|0 fnt\n|faint|p2a: Torkoal\n|\n|-weather|SunnyDay|[upkeep]\n|upkeep\n|\n|t:|1653838330\n|switch|p2a: Metagross|Metagross|100\/100\n|turn|13\n|\n|t:|1653838333\n|switch|p1a: Metagross|Metagross|74\/100\n|move|p2a: Metagross|Agility|p2a: Metagross\n|-boost|p2a: Metagross|spe|2\n|\n|-weather|SunnyDay|[upkeep]\n|upkeep\n|turn|14\n|\n|t:|1653838344\n|move|p2a: Metagross|Power-Up Punch|p1a: Metagross\n|-damage|p1a: Metagross|61\/100\n|-boost|p2a: Metagross|atk|1\n|-damage|p2a: Metagross|84\/100|[from] item: Rocky Helmet|[of] p1a: Metagross\n|move|p1a: Metagross|Thunder Punch|p2a: Metagross\n|-damage|p2a: Metagross|59\/100\n|-status|p2a: Metagross|par\n|\n|-weather|none\n|upkeep\n|turn|15\n|\n|t:|1653838352\n|move|p2a: Metagross|Meteor Mash|p1a: Metagross\n|-resisted|p1a: Metagross\n|-damage|p1a: Metagross|31\/100\n|-damage|p2a: Metagross|42\/100 par|[from] item: Rocky Helmet|[of] p1a: Metagross\n|move|p1a: Metagross|Earthquake|p2a: Metagross\n|-supereffective|p2a: Metagross\n|-damage|p2a: Metagross|0 fnt\n|faint|p2a: Metagross\n|\n|upkeep\n|\n|t:|1653838359\n|switch|p2a: Medicham|Medicham-Mega, F|58\/100\n|turn|16\n|\n|t:|1653838365\n|move|p1a: Metagross|Bullet Punch|p2a: Medicham\n|-damage|p2a: Medicham|21\/100\n|move|p2a: Medicham|High Jump Kick|p1a: Metagross\n|-damage|p1a: Metagross|0 fnt\n|-damage|p2a: Medicham|4\/100|[from] item: Rocky Helmet|[of] p1a: Metagross\n|faint|p1a: Metagross\n|\n|upkeep\n|\n|t:|1653838369\n|switch|p1a: Gardevoir|Gardevoir, F|100\/100\n|-ability|p1a: Gardevoir|Pure Power|[from] ability: Trace|[of] p2a: Medicham\n|turn|17\n|\n|t:|1653838375\n|move|p2a: Medicham|Fake Out||[still]\n|-hint|Fake Out only works on your first turn out.\n|-fail|p2a: Medicham\n|move|p1a: Gardevoir|Moonblast|p2a: Medicham\n|-supereffective|p2a: Medicham\n|-damage|p2a: Medicham|0 fnt\n|faint|p2a: Medicham\n|\n|upkeep\n|c|\u2606Monkemaniac323|Im stupid\n|\n|t:|1653838383\n|switch|p2a: Latios|Latios, M|100\/100\n|turn|18\n|c|\u2606Sir Fresh|Rip\n|\n|t:|1653838387\n|move|p2a: Latios|Energy Ball|p1a: Gardevoir\n|-damage|p1a: Gardevoir|65\/100\n|move|p1a: Gardevoir|Moonblast|p2a: Latios\n|-supereffective|p2a: Latios\n|-damage|p2a: Latios|0 fnt\n|faint|p2a: Latios\n|\n|win|Sir Fresh\n|c|\u2606Monkemaniac323|Gg\n|c|\u2606Sir Fresh|Gg\n|l|\u2606Monkemaniac323\n","uploadtime":1653838398,"views":12,"p1id":"sirfresh","p2id":"monkemaniac323","formatid":"gen8nationaldex","rating":0,"private":0,"password":null}