{"id":"gen8uu-1131611991","p1":"Sfar","p2":"Goootzinho","format":"gen8uu","log":"|j|\u2606Sfar\n|j|\u2606Goootzinho\n|player|p1|Sfar|35|1424\n|player|p2|Goootzinho|galacticgrunt|1409\n|teamsize|p1|6\n|teamsize|p2|6\n|gametype|singles\n|gen|8\n|tier|[Gen 8] UU\n|rated|\n|clearpoke\n|poke|p1|Escavalier, F|\n|poke|p1|Rotom-Wash|\n|poke|p1|Sylveon, F|\n|poke|p1|Snorlax, F|\n|poke|p1|Celebi|\n|poke|p1|Cobalion|\n|poke|p2|Froslass, F|\n|poke|p2|Celebi|\n|poke|p2|Flygon, M|\n|poke|p2|Barbaracle, M|\n|poke|p2|Polteageist|\n|poke|p2|Indeedee, M|\n|rule|Sleep Clause Mod: Limit one foe put to sleep\n|rule|Species Clause: Limit one of each Pok\u00e9mon\n|rule|OHKO Clause: OHKO moves are banned\n|rule|Evasion Moves Clause: Evasion moves are banned\n|rule|Endless Battle Clause: Forcing endless battles is banned\n|rule|HP Percentage Mod: HP is shown in percentages\n|rule|Dynamax Clause: You cannot dynamax\n|teampreview\n|l|\u2606Sfar\n|player|p1|\n|inactive|Battle timer is ON: inactive players will automatically lose when time's up. (requested by Goootzinho)\n|inactive|Sfar has 30 seconds to reconnect!\n|inactive|Sfar has 20 seconds to reconnect!\n|inactive|Sfar has 15 seconds to reconnect!\n|j|\u2606Sfar\n|inactive|Sfar reconnected and has 105 seconds left.\n|player|p1|Sfar|35\n|\n|start\n|switch|p1a: Innocent Elf|Celebi|100\/100\n|switch|p2a: Indeedee|Indeedee, M|100\/100\n|-fieldstart|move: Psychic Terrain|[from] ability: Psychic Surge|[of] p2a: Indeedee\n|turn|1\n|\n|move|p1a: Innocent Elf|U-turn|p2a: Indeedee\n|-supereffective|p2a: Indeedee\n|-damage|p2a: Indeedee|0 fnt\n|-damage|p1a: Innocent Elf|91\/100|[from] item: Life Orb\n|faint|p2a: Indeedee\n|\n|switch|p1a: \"Heavy Breathing\"|Snorlax, F|100\/100|[from]move: U-turn\n|\n|upkeep\n|\n|switch|p2a: Froslass|Froslass, F|100\/100\n|turn|2\n|\n|move|p2a: Froslass|Taunt|p1a: \"Heavy Breathing\"\n|-start|p1a: \"Heavy Breathing\"|move: Taunt\n|move|p1a: \"Heavy Breathing\"|Darkest Lariat|p2a: Froslass\n|-supereffective|p2a: Froslass\n|-enditem|p2a: Froslass|Focus Sash\n|-damage|p2a: Froslass|1\/100\n|-start|p1a: \"Heavy Breathing\"|Disable|Darkest Lariat|[from] ability: Cursed Body|[of] p2a: Froslass\n|\n|upkeep\n|turn|3\n|\n|switch|p1a: Tide Pod BAD|Rotom-Wash|100\/100\n|move|p2a: Froslass|Spikes|p1a: Tide Pod BAD\n|-sidestart|p1: Sfar|Spikes\n|\n|upkeep\n|turn|4\n|\n|move|p2a: Froslass|Destiny Bond|p2a: Froslass\n|-singlemove|p2a: Froslass|Destiny Bond\n|move|p1a: Tide Pod BAD|Will-O-Wisp|p2a: Froslass\n|-status|p2a: Froslass|brn\n|\n|-damage|p2a: Froslass|0 fnt|[from] brn\n|faint|p2a: Froslass\n|upkeep\n|l|\u2606Sfar\n|inactive|Sfar disconnected and has a minute to reconnect!\n|player|p1|\n|\n|switch|p2a: Celebi|Celebi|100\/100\n|turn|5\n|inactive|Sfar has 30 seconds to reconnect!\n|inactive|Sfar has 20 seconds to reconnect!\n|inactive|Sfar has 15 seconds to reconnect!\n|j|\u2606Sfar\n|inactive|Sfar reconnected and has 105 seconds left.\n|player|p1|Sfar|35\n|\n|move|p2a: Celebi|Nasty Plot|p2a: Celebi\n|-boost|p2a: Celebi|spa|2\n|move|p1a: Tide Pod BAD|Defog|p2a: Celebi\n|-unboost|p2a: Celebi|evasion|1\n|-sideend|p1: Sfar|Spikes|[from] move: Defog|[of] p1a: Tide Pod BAD\n|-fieldend|move: Psychic Terrain\n|\n|upkeep\n|turn|6\n|\n|switch|p1a: God of Nuzlock|Escavalier, F|100\/100\n|move|p2a: Celebi|Nasty Plot|p2a: Celebi\n|-boost|p2a: Celebi|spa|2\n|\n|upkeep\n|turn|7\n|\n|move|p2a: Celebi|Earth Power|p1a: God of Nuzlock\n|-damage|p1a: God of Nuzlock|15\/100\n|move|p1a: God of Nuzlock|X-Scissor|p2a: Celebi\n|-supereffective|p2a: Celebi\n|-damage|p2a: Celebi|0 fnt\n|faint|p2a: Celebi\n|\n|upkeep\n|\n|switch|p2a: Barbaracle|Barbaracle, M|100\/100\n|turn|8\n|\n|move|p2a: Barbaracle|Liquidation|p1a: God of Nuzlock\n|-damage|p1a: God of Nuzlock|0 fnt\n|faint|p1a: God of Nuzlock\n|\n|upkeep\n|\n|switch|p1a: Innocent Elf|Celebi|91\/100\n|turn|9\n|\n|move|p1a: Innocent Elf|Leaf Blade|p2a: Barbaracle\n|-supereffective|p2a: Barbaracle\n|-crit|p2a: Barbaracle\n|-enditem|p2a: Barbaracle|Focus Sash\n|-damage|p2a: Barbaracle|1\/100\n|-damage|p1a: Innocent Elf|81\/100|[from] item: Life Orb\n|move|p2a: Barbaracle|Stealth Rock|p1a: Innocent Elf\n|-sidestart|p1: Sfar|move: Stealth Rock\n|\n|upkeep\n|turn|10\n|\n|move|p1a: Innocent Elf|Leaf Blade|p2a: Barbaracle\n|-supereffective|p2a: Barbaracle\n|-damage|p2a: Barbaracle|0 fnt\n|-damage|p1a: Innocent Elf|71\/100|[from] item: Life Orb\n|faint|p2a: Barbaracle\n|\n|upkeep\n|\n|switch|p2a: Polteageist|Polteageist|100\/100\n|turn|11\n|\n|move|p1a: Innocent Elf|Leaf Blade|p2a: Polteageist\n|-damage|p2a: Polteageist|8\/100\n|-ability|p2a: Polteageist|Weak Armor|boost\n|-unboost|p2a: Polteageist|def|1\n|-boost|p2a: Polteageist|spe|2\n|-damage|p1a: Innocent Elf|61\/100|[from] item: Life Orb\n|move|p2a: Polteageist|Shell Smash|p2a: Polteageist\n|-unboost|p2a: Polteageist|def|1\n|-unboost|p2a: Polteageist|spd|1\n|-boost|p2a: Polteageist|atk|2\n|-boost|p2a: Polteageist|spa|2\n|-boost|p2a: Polteageist|spe|2\n|\n|upkeep\n|turn|12\n|\n|move|p1a: Innocent Elf|Sucker Punch|p2a: Polteageist\n|-supereffective|p2a: Polteageist\n|-damage|p2a: Polteageist|0 fnt\n|-damage|p1a: Innocent Elf|51\/100|[from] item: Life Orb\n|faint|p2a: Polteageist\n|\n|upkeep\n|\n|switch|p2a: Flygon|Flygon, M|100\/100\n|turn|13\n|\n|move|p1a: Innocent Elf|Leaf Blade|p2a: Flygon\n|-crit|p2a: Flygon\n|-damage|p2a: Flygon|0 fnt\n|-damage|p1a: Innocent Elf|41\/100|[from] item: Life Orb\n|faint|p2a: Flygon\n|\n|win|Sfar\n|l|\u2606Goootzinho\n|c|\u2606Sfar|gg\n","uploadtime":1591994500,"views":7,"p1id":"sfar","p2id":"goootzinho","formatid":"gen8uu","rating":0,"private":0,"password":null}