{"id":"gen8ou-1577482066","p1":"Teeny","p2":"SetsuStsna","format":"gen8ou","log":"|j|\u2606Teeny\n|j|\u2606SetsuStsna\n|inactive|Battle timer is ON: inactive players will automatically lose when time's up.\n|t:|1652879302\n|gametype|singles\n|player|p1|Teeny|red-gen7|\n|player|p2|SetsuStsna|irida|\n|teamsize|p1|6\n|teamsize|p2|6\n|gen|8\n|tier|[Gen 8] OU\n|rated|Tournament battle\n|rule|Sleep Clause Mod: Limit one foe put to sleep\n|rule|Species Clause: Limit one of each Pok\u00e9mon\n|rule|OHKO Clause: OHKO moves are banned\n|rule|Evasion Moves Clause: Evasion moves are banned\n|rule|Endless Battle Clause: Forcing endless battles is banned\n|rule|HP Percentage Mod: HP is shown in percentages\n|rule|Dynamax Clause: You cannot dynamax\n|clearpoke\n|poke|p1|Grimmsnarl, M|\n|poke|p1|Rillaboom, F|\n|poke|p1|Mew|\n|poke|p1|Dragapult, M|\n|poke|p1|Thundurus, M|\n|poke|p1|Corviknight, F|\n|poke|p2|Weavile, M|\n|poke|p2|Landorus-Therian, M|\n|poke|p2|Kartana|\n|poke|p2|Dragapult, F|\n|poke|p2|Garchomp, F|\n|poke|p2|Melmetal|\n|teampreview\n|j| Mani1517\n|c|\u2606SetsuStsna|i know this team has 4 gen8 mons\n|c|\u2606Teeny|i respect it\n|j| Zaza BitchuLia\n|c|\u2606SetsuStsna|but it's giving me some gen6 ho vibes\n|c|\u2606SetsuStsna|lol\n|inactive|SetsuStsna has 120 seconds left.\n|c|\u2606Teeny|Oh you were talking about me\n|c|\u2606SetsuStsna|yes\n|c|\u2606SetsuStsna|mine has 1 gen8 mon lol\n|c|\u2606Teeny|Yeah, I miss Gen 6. That was the last time I was on the ladder\n|c|\u2606Teeny|My bad, I'm hella tired lol\n|\n|t:|1652879352\n|start\n|switch|p1a: Mew|Mew|100\/100\n|switch|p2a: Weavile|Weavile, M|100\/100\n|-ability|p2a: Weavile|Pressure\n|turn|1\n|c|\u2606SetsuStsna|all g\n|c| Zaza BitchuLia|It's the thundy+mew duo setsustsna\n|\n|t:|1652879371\n|move|p2a: Weavile|Beat Up|p1a: Mew\n|-supereffective|p1a: Mew\n|-damage|p1a: Mew|83\/100\n|-supereffective|p1a: Mew\n|-damage|p1a: Mew|64\/100\n|-supereffective|p1a: Mew\n|-damage|p1a: Mew|39\/100\n|-supereffective|p1a: Mew\n|-damage|p1a: Mew|22\/100\n|-supereffective|p1a: Mew\n|-damage|p1a: Mew|5\/100\n|-supereffective|p1a: Mew\n|-damage|p1a: Mew|0 fnt\n|faint|p1a: Mew\n|-hitcount|p1: Mew|6\n|\n|upkeep\n|c| Zaza BitchuLia|that's gen 6\n|c|\u2606Teeny|Wow\n|c|\u2606Teeny|Fire\n|\n|t:|1652879386\n|switch|p1a: Grimmsnarl|Grimmsnarl, M|100\/100\n|turn|2\n|\n|t:|1652879389\n|switch|p2a: Melmetal|Melmetal|100\/100\n|move|p1a: Grimmsnarl|Reflect|p1a: Grimmsnarl\n|-sidestart|p1: Teeny|Reflect\n|\n|upkeep\n|turn|3\n|\n|t:|1652879397\n|switch|p1a: Corviknight|Corviknight, F|100\/100\n|move|p2a: Melmetal|Double Iron Bash|p1a: Corviknight\n|-resisted|p1a: Corviknight\n|-damage|p1a: Corviknight|91\/100\n|-resisted|p1a: Corviknight\n|-damage|p1a: Corviknight|83\/100\n|-hitcount|p1a: Corviknight|2\n|\n|upkeep\n|turn|4\n|\n|t:|1652879404\n|move|p1a: Corviknight|Agility|p1a: Corviknight\n|-boost|p1a: Corviknight|spe|2\n|move|p2a: Melmetal|Thunder Wave|p1a: Corviknight|[miss]\n|-miss|p2a: Melmetal|p1a: Corviknight\n|\n|upkeep\n|turn|5\n|\n|t:|1652879412\n|move|p1a: Corviknight|Agility|p1a: Corviknight\n|-boost|p1a: Corviknight|spe|2\n|move|p2a: Melmetal|Thunder Wave|p1a: Corviknight\n|-status|p1a: Corviknight|par\n|\n|upkeep\n|turn|6\n|j| The Delta Maybca\u2606\u301c\n|\n|t:|1652879422\n|switch|p2a: Kartana|Kartana, shiny|100\/100\n|move|p1a: Corviknight|Agility|p1a: Corviknight\n|-boost|p1a: Corviknight|spe|2\n|\n|upkeep\n|turn|7\n|\n|t:|1652879428\n|move|p2a: Kartana|Knock Off|p1a: Corviknight\n|-damage|p1a: Corviknight|64\/100 par\n|-enditem|p1a: Corviknight|Weakness Policy|[from] move: Knock Off|[of] p2a: Kartana\n|move|p1a: Corviknight|Bulk Up|p1a: Corviknight\n|-boost|p1a: Corviknight|atk|1\n|-boost|p1a: Corviknight|def|1\n|\n|upkeep\n|turn|8\n|\n|t:|1652879445\n|switch|p2a: Dragapult|Dragapult, F|100\/100\n|move|p1a: Corviknight|Roost|p1a: Corviknight\n|-heal|p1a: Corviknight|100\/100 par\n|-singleturn|p1a: Corviknight|move: Roost\n|\n|upkeep\n|turn|9\n|\n|t:|1652879460\n|move|p2a: Dragapult|Flamethrower|p1a: Corviknight\n|-supereffective|p1a: Corviknight\n|-damage|p1a: Corviknight|50\/100 par\n|move|p1a: Corviknight|Power Trip|p2a: Dragapult\n|-supereffective|p2a: Dragapult\n|-crit|p2a: Dragapult\n|-damage|p2a: Dragapult|0 fnt\n|faint|p2a: Dragapult\n|\n|-sideend|p1: Teeny|Reflect\n|upkeep\n|\n|t:|1652879464\n|switch|p2a: Garchomp|Garchomp, F|100\/100\n|turn|10\n|\n|t:|1652879471\n|move|p1a: Corviknight|Bulk Up|p1a: Corviknight\n|-boost|p1a: Corviknight|atk|1\n|-boost|p1a: Corviknight|def|1\n|move|p2a: Garchomp|Swords Dance|p2a: Garchomp\n|-boost|p2a: Garchomp|atk|2\n|\n|upkeep\n|turn|11\n|\n|t:|1652879477\n|cant|p1a: Corviknight|par\n|move|p2a: Garchomp|Scale Shot|p1a: Corviknight\n|-resisted|p1a: Corviknight\n|-damage|p1a: Corviknight|45\/100 par\n|-resisted|p1a: Corviknight\n|-damage|p1a: Corviknight|40\/100 par\n|-hitcount|p1a: Corviknight|2\n|-unboost|p2a: Garchomp|def|1\n|-boost|p2a: Garchomp|spe|1\n|\n|upkeep\n|turn|12\n|\n|t:|1652879481\n|move|p2a: Garchomp|Fire Fang|p1a: Corviknight\n|-supereffective|p1a: Corviknight\n|-damage|p1a: Corviknight|6\/100 par\n|move|p1a: Corviknight|Roost|p1a: Corviknight\n|-heal|p1a: Corviknight|56\/100 par\n|-singleturn|p1a: Corviknight|move: Roost\n|\n|upkeep\n|turn|13\n|\n|t:|1652879492\n|move|p2a: Garchomp|Fire Fang|p1a: Corviknight\n|-supereffective|p1a: Corviknight\n|-damage|p1a: Corviknight|22\/100 par\n|move|p1a: Corviknight|Power Trip|p2a: Garchomp\n|-damage|p2a: Garchomp|0 fnt\n|-damage|p1a: Corviknight|9\/100 par|[from] ability: Rough Skin|[of] p2a: Garchomp\n|faint|p2a: Garchomp\n|\n|upkeep\n|\n|t:|1652879496\n|switch|p2a: Kartana|Kartana, shiny|100\/100\n|turn|14\n|\n|t:|1652879511\n|switch|p1a: Rillaboom|Rillaboom, F|100\/100\n|-fieldstart|move: Grassy Terrain|[from] ability: Grassy Surge|[of] p1a: Rillaboom\n|move|p2a: Kartana|Sacred Sword|p1a: Rillaboom\n|-damage|p1a: Rillaboom|60\/100\n|\n|-heal|p1a: Rillaboom|66\/100|[from] Grassy Terrain\n|upkeep\n|turn|15\n|j| doomdr\n|\n|t:|1652879522\n|switch|p2a: Landorus|Landorus-Therian, M|100\/100\n|-ability|p2a: Landorus|Intimidate|boost\n|-unboost|p1a: Rillaboom|atk|1\n|move|p1a: Rillaboom|Knock Off|p2a: Landorus\n|-damage|p2a: Landorus|67\/100\n|-enditem|p2a: Landorus|Power Herb|[from] move: Knock Off|[of] p1a: Rillaboom\n|\n|-heal|p1a: Rillaboom|72\/100|[from] Grassy Terrain\n|upkeep\n|turn|16\n|\n|t:|1652879535\n|switch|p1a: Corviknight|Corviknight, F|9\/100 par\n|move|p2a: Landorus|Fly||[still]\n|-prepare|p2a: Landorus|Fly\n|\n|upkeep\n|turn|17\n|c| Mani1517|oh i have seen that set\n|\n|t:|1652879540\n|move|p2a: Landorus|Fly|p1a: Corviknight|[from]lockedmove\n|-resisted|p1a: Corviknight\n|-damage|p1a: Corviknight|0 fnt\n|faint|p1a: Corviknight\n|\n|upkeep\n|\n|t:|1652879544\n|switch|p1a: Grimmsnarl|Grimmsnarl, M|100\/100\n|turn|18\n|c|\u2606SetsuStsna|it actually killed lets go\n|\n|t:|1652879549\n|move|p1a: Grimmsnarl|Reflect|p1a: Grimmsnarl\n|-sidestart|p1: Teeny|Reflect\n|move|p2a: Landorus|Knock Off|p1a: Grimmsnarl\n|-resisted|p1a: Grimmsnarl\n|-damage|p1a: Grimmsnarl|98\/100\n|-enditem|p1a: Grimmsnarl|Light Clay|[from] move: Knock Off|[of] p2a: Landorus\n|\n|-heal|p1a: Grimmsnarl|100\/100|[from] Grassy Terrain\n|-fieldend|move: Grassy Terrain\n|upkeep\n|turn|19\n|c| Zaza BitchuLia|literally 0\n|l| The Delta Maybca\u2606\u301c\n|\n|t:|1652879579\n|switch|p1a: Dragapult|Dragapult, M|100\/100\n|move|p2a: Landorus|Defog|p1a: Dragapult\n|-unboost|p1a: Dragapult|evasion|1\n|-sideend|p1: Teeny|Reflect\n|\n|upkeep\n|turn|20\n|j| Nihilego is God\n|c|\u2606Teeny|i miss gen 6\n|\n|t:|1652879589\n|move|p1a: Dragapult|Draco Meteor|p2a: Landorus\n|-damage|p2a: Landorus|5\/100\n|-unboost|p1a: Dragapult|spa|2\n|move|p2a: Landorus|Knock Off|p1a: Dragapult\n|-supereffective|p1a: Dragapult\n|-damage|p1a: Dragapult|24\/100\n|-enditem|p1a: Dragapult|Choice Specs|[from] move: Knock Off|[of] p2a: Landorus\n|\n|upkeep\n|turn|21\n|c| Mani1517|wtf is this weakass lando\n|c| Nihilego is God|bad luck teeny\n|c|\u2606Teeny|damn that lando was bulky\n|\n|t:|1652879611\n|move|p1a: Dragapult|U-turn|p2a: Landorus\n|-resisted|p2a: Landorus\n|-damage|p2a: Landorus|0 fnt\n|faint|p2a: Landorus\n|c|\u2606Teeny|yeah low roll\n|c|\u2606Teeny|maybe\n|\n|t:|1652879620\n|switch|p1a: Grimmsnarl|Grimmsnarl, M|100\/100|[from]move: U-turn\n|\n|upkeep\n|inactive|SetsuStsna has 120 seconds left.\n|c|\u2606SetsuStsna|kinda\n|c|\u2606SetsuStsna|252 SpA Choice Specs Dragapult Draco Meteor vs. 252 HP \/ 252+ SpD Landorus-Therian: 220-261 (57.5 - 68.3%)\n|c| Zaza BitchuLia|50\/50\n|\n|t:|1652879652\n|switch|p2a: Melmetal|Melmetal|100\/100\n|turn|22\n|\n|t:|1652879657\n|move|p1a: Grimmsnarl|Reflect|p1a: Grimmsnarl\n|-sidestart|p1: Teeny|Reflect\n|move|p2a: Melmetal|Double Iron Bash|p1a: Grimmsnarl\n|-supereffective|p1a: Grimmsnarl\n|-damage|p1a: Grimmsnarl|68\/100\n|-supereffective|p1a: Grimmsnarl\n|-damage|p1a: Grimmsnarl|28\/100\n|-hitcount|p1a: Grimmsnarl|2\n|\n|upkeep\n|turn|23\n|c| Zaza BitchuLia|watch them click light screen for no reason\n|\n|t:|1652879676\n|switch|p1a: Thundurus|Thundurus, M|100\/100\n|move|p2a: Melmetal|Double Iron Bash|p1a: Thundurus\n|-resisted|p1a: Thundurus\n|-damage|p1a: Thundurus|82\/100\n|-resisted|p1a: Thundurus\n|-damage|p1a: Thundurus|65\/100\n|-hitcount|p1a: Thundurus|2\n|\n|upkeep\n|turn|24\n|c| Mani1517|he no stupid player\n|inactive|SetsuStsna has 120 seconds left.\n|j| Cabarlo\n|\n|t:|1652879704\n|move|p1a: Thundurus|Focus Blast|p2a: Melmetal\n|-supereffective|p2a: Melmetal\n|-damage|p2a: Melmetal|0 fnt\n|faint|p2a: Melmetal\n|-damage|p1a: Thundurus|56\/100|[from] item: Life Orb\n|\n|upkeep\n|c| Zaza BitchuLia|wow\n|c| Mani1517|boy\n|c| Zaza BitchuLia|ohko a melmetal\n|c| Zaza BitchuLia|that's impressive\n|c|\u2606Teeny|It wasn't assault vest\n|\n|t:|1652879720\n|switch|p2a: Weavile|Weavile, M|100\/100\n|-ability|p2a: Weavile|Pressure\n|turn|25\n|c|\u2606Teeny|But I thought it was even with the thunder wave lmao\n|inactive|SetsuStsna has 90 seconds left.\n|\n|t:|1652879741\n|move|p2a: Weavile|Ice Shard|p1a: Thundurus\n|-supereffective|p1a: Thundurus\n|-damage|p1a: Thundurus|24\/100\n|move|p1a: Thundurus|Focus Blast|p2a: Weavile|[miss]\n|-miss|p1a: Thundurus|p2a: Weavile\n|\n|upkeep\n|turn|26\n|c| Zaza BitchuLia|Ouch\n|inactive|SetsuStsna has 90 seconds left.\n|c| Cabarlo|why shard fr\n|c| Mani1517|slow\n|c| Mani1517|adamant\n|\n|t:|1652879759\n|move|p2a: Weavile|Swords Dance|p2a: Weavile\n|-boost|p2a: Weavile|atk|2\n|move|p1a: Thundurus|Focus Blast|p2a: Weavile|[miss]\n|-miss|p1a: Thundurus|p2a: Weavile\n|\n|-sideend|p1: Teeny|Reflect\n|upkeep\n|turn|27\n|c| Cabarlo|probs rilla\n|c|\u2606SetsuStsna|myb\n|c| Cabarlo|WTFFF\n|c| Zaza BitchuLia|LOO\n|c| Mani1517|damn\n|c|\u2606Teeny|all good\n|c| Zaza BitchuLia|donkey shit\n|c| Cabarlo|he is choking\n|\n|t:|1652879775\n|move|p2a: Weavile|Ice Shard|p1a: Thundurus\n|-supereffective|p1a: Thundurus\n|-damage|p1a: Thundurus|0 fnt\n|faint|p1a: Thundurus\n|\n|upkeep\n|\n|t:|1652879778\n|switch|p1a: Grimmsnarl|Grimmsnarl, M|28\/100\n|turn|28\n|\n|t:|1652879782\n|move|p2a: Weavile|Ice Shard|p1a: Grimmsnarl\n|-crit|p1a: Grimmsnarl\n|-damage|p1a: Grimmsnarl|0 fnt\n|faint|p1a: Grimmsnarl\n|\n|upkeep\n|\n|t:|1652879785\n|switch|p1a: Rillaboom|Rillaboom, F|72\/100\n|-fieldstart|move: Grassy Terrain|[from] ability: Grassy Surge|[of] p1a: Rillaboom\n|turn|29\n|\n|t:|1652879789\n|move|p2a: Weavile|Ice Shard|p1a: Rillaboom\n|-supereffective|p1a: Rillaboom\n|-damage|p1a: Rillaboom|0 fnt\n|faint|p1a: Rillaboom\n|\n|upkeep\n|c| Zaza BitchuLia|it's over\n|\n|t:|1652879792\n|switch|p1a: Dragapult|Dragapult, M|24\/100\n|turn|30\n|c| Mani1517|man\n|\n|t:|1652879795\n|move|p2a: Weavile|Ice Shard|p1a: Dragapult\n|-supereffective|p1a: Dragapult\n|-damage|p1a: Dragapult|0 fnt\n|faint|p1a: Dragapult\n|\n|win|SetsuStsna\n|n|\u2606Teeny|teeny\n|n|\u2606SetsuStsna|setsustsna\n|n| Mani1517|mani1517\n|n| Zaza BitchuLia|zazabitchulia\n|n| doomdr|doomdr\n|n| Nihilego is God|nihilegoisgod\n|n| Cabarlo|cabarlo\n|c|\u2606Teeny|gg\n|l| Zaza BitchuLia\n|c| Cabarlo|zamn\n|c|\u2606SetsuStsna|sorry\n|c| Mani1517|i thought he would win\n|c| Cabarlo|focus miss fr\n|c|\u2606Teeny|np bro\n|c|\u2606Teeny|good luck in tourney\n|c|\u2606Teeny|rooting for u\n|c|\u2606SetsuStsna|ty\n|l|\u2606SetsuStsna\n|c| Mani1517|focus miss messed up\n|c|\u2606Teeny|could've gone either way\n|c|\u2606Teeny|thanks for watching guys\n|c|\u2606Teeny|hope we put on a show\n|c| Mani1517|yeah gg fam\n|c| doomdr|yeah\n|c|\u2606Teeny|<3\n|l| Nihilego is God\n|l| doomdr\n","uploadtime":1652879859,"views":42,"p1id":"teeny","p2id":"setsustsna","formatid":"gen8ou","rating":0,"private":0,"password":null}