{"id":"gen8lc-1446000971","p1":"que quieres?","p2":"kibos bathroom","format":"gen8lc","log":"|j|\u2606que quieres?\n|j|\u2606kibos bathroom\n|inactive|Battle timer is ON: inactive players will automatically lose when time's up.\n|t:|1635686752\n|gametype|singles\n|player|p1|que quieres?|koga|\n|player|p2|kibos bathroom|waiter-gen4dp|\n|teamsize|p1|6\n|teamsize|p2|6\n|gen|8\n|tier|[Gen 8] LC\n|rated|Tournament battle\n|rule|Sleep Clause Mod: Limit one foe put to sleep\n|rule|Species Clause: Limit one of each Pok\u00e9mon\n|rule|OHKO Clause: OHKO moves are banned\n|rule|Evasion Moves Clause: Evasion moves are banned\n|rule|Endless Battle Clause: Forcing endless battles is banned\n|rule|HP Percentage Mod: HP is shown in percentages\n|rule|Dynamax Clause: You cannot dynamax\n|clearpoke\n|poke|p1|Diglett, L5, M|\n|poke|p1|Ferroseed, L5, F|\n|poke|p1|Staryu, L5|\n|poke|p1|Mienfoo, L5, M|\n|poke|p1|Koffing, L5, F|\n|poke|p1|Tyrunt, L5, F|\n|poke|p2|Munchlax, L5, M|\n|poke|p2|Mareanie, L5, F|\n|poke|p2|Ferroseed, L5, M|\n|poke|p2|Larvesta, L5, F|\n|poke|p2|Timburr, L5, M|\n|poke|p2|Ponyta-Galar, L5, F|\n|teampreview\n|inactive|que quieres? also wants the timer to be on.\n|inactive|kibos bathroom also wants the timer to be on.\n|j| Gobi \u263a\n|inactive|kibos bathroom has 120 seconds left.\n|\n|t:|1635686805\n|start\n|switch|p1a: Mienfoo|Mienfoo, L5, M|100\/100\n|switch|p2a: Sugar rush|Ponyta-Galar, L5, F|100\/100\n|turn|1\n|\n|t:|1635686813\n|switch|p2a: overgrowth|Ferroseed, L5, M|100\/100\n|move|p1a: Mienfoo|Fake Out|p2a: overgrowth\n|-resisted|p2a: overgrowth\n|-damage|p2a: overgrowth|96\/100\n|-damage|p1a: Mienfoo|91\/100|[from] ability: Iron Barbs|[of] p2a: overgrowth\n|\n|upkeep\n|turn|2\n|j| Abhi417\n|c| Abhi417|go kibo go\n|\n|t:|1635686836\n|move|p1a: Mienfoo|High Jump Kick|p2a: overgrowth\n|-supereffective|p2a: overgrowth\n|-damage|p2a: overgrowth|14\/100\n|-damage|p1a: Mienfoo|81\/100|[from] ability: Iron Barbs|[of] p2a: overgrowth\n|move|p2a: overgrowth|Giga Drain|p1a: Mienfoo\n|-damage|p1a: Mienfoo|53\/100\n|-heal|p2a: overgrowth|28\/100|[from] drain|[of] p1a: Mienfoo\n|\n|upkeep\n|turn|3\n|\n|t:|1635686845\n|move|p1a: Mienfoo|High Jump Kick|p2a: overgrowth\n|-supereffective|p2a: overgrowth\n|-damage|p2a: overgrowth|0 fnt\n|-damage|p1a: Mienfoo|43\/100|[from] ability: Iron Barbs|[of] p2a: overgrowth\n|faint|p2a: overgrowth\n|\n|upkeep\n|\n|t:|1635686851\n|switch|p2a: Sugar rush|Ponyta-Galar, L5, F|100\/100\n|turn|4\n|\n|t:|1635686879\n|switch|p1a: Ferroseed|Ferroseed, L5, F|100\/100\n|move|p2a: Sugar rush|Psychic|p1a: Ferroseed\n|-resisted|p1a: Ferroseed\n|-damage|p1a: Ferroseed|87\/100\n|\n|upkeep\n|turn|5\n|inactive|que quieres? has 120 seconds left.\n|\n|t:|1635686919\n|move|p2a: Sugar rush|Mystical Fire|p1a: Ferroseed\n|-supereffective|p1a: Ferroseed\n|-damage|p1a: Ferroseed|14\/100\n|-unboost|p1a: Ferroseed|spa|1\n|move|p1a: Ferroseed|Thunder Wave|p2a: Sugar rush\n|-status|p2a: Sugar rush|par\n|\n|upkeep\n|turn|6\n|\n|t:|1635686927\n|cant|p2a: Sugar rush|par\n|move|p1a: Ferroseed|Knock Off|p2a: Sugar rush\n|-supereffective|p2a: Sugar rush\n|-damage|p2a: Sugar rush|62\/100 par\n|-enditem|p2a: Sugar rush|Eviolite|[from] move: Knock Off|[of] p1a: Ferroseed\n|\n|upkeep\n|turn|7\n|\n|t:|1635686933\n|move|p2a: Sugar rush|Mystical Fire|p1a: Ferroseed\n|-supereffective|p1a: Ferroseed\n|-damage|p1a: Ferroseed|0 fnt\n|faint|p1a: Ferroseed\n|\n|upkeep\n|\n|t:|1635686958\n|switch|p1a: Tyrunt|Tyrunt, L5, F|100\/100\n|turn|8\n|\n|t:|1635686962\n|move|p1a: Tyrunt|Dragon Dance|p1a: Tyrunt\n|-boost|p1a: Tyrunt|atk|1\n|-boost|p1a: Tyrunt|spe|1\n|move|p2a: Sugar rush|Psychic|p1a: Tyrunt\n|-damage|p1a: Tyrunt|39\/100\n|-enditem|p1a: Tyrunt|Berry Juice\n|-heal|p1a: Tyrunt|100\/100|[from] item: Berry Juice\n|\n|upkeep\n|turn|9\n|\n|t:|1635686969\n|move|p1a: Tyrunt|Rock Blast|p2a: Sugar rush\n|-damage|p2a: Sugar rush|34\/100 par\n|-damage|p2a: Sugar rush|5\/100 par\n|-hitcount|p2a: Sugar rush|2\n|move|p2a: Sugar rush|Psychic|p1a: Tyrunt\n|-damage|p1a: Tyrunt|39\/100\n|\n|upkeep\n|turn|10\n|inactive|que quieres? has 120 seconds left.\n|\n|t:|1635686986\n|move|p1a: Tyrunt|Psychic Fangs|p2a: Sugar rush\n|-resisted|p2a: Sugar rush\n|-damage|p2a: Sugar rush|0 fnt\n|faint|p2a: Sugar rush\n|\n|upkeep\n|\n|t:|1635686991\n|switch|p2a: Code red|Timburr, L5, M|100\/100\n|turn|11\n|inactive|que quieres? has 120 seconds left.\n|\n|t:|1635687004\n|switch|p1a: Mienfoo|Mienfoo, L5, M|77\/100\n|move|p2a: Code red|Knock Off|p1a: Mienfoo\n|-resisted|p1a: Mienfoo\n|-damage|p1a: Mienfoo|62\/100\n|-enditem|p1a: Mienfoo|Eviolite|[from] move: Knock Off|[of] p2a: Code red\n|\n|upkeep\n|turn|12\n|inactive|que quieres? has 120 seconds left.\n|\n|t:|1635687015\n|move|p1a: Mienfoo|Fake Out|p2a: Code red\n|-damage|p2a: Code red|88\/100\n|cant|p2a: Code red|flinch\n|\n|upkeep\n|turn|13\n|\n|t:|1635687020\n|move|p1a: Mienfoo|Knock Off|p2a: Code red\n|-resisted|p2a: Code red\n|-damage|p2a: Code red|76\/100\n|-enditem|p2a: Code red|Eviolite|[from] move: Knock Off|[of] p1a: Mienfoo\n|move|p2a: Code red|Drain Punch|p1a: Mienfoo\n|-damage|p1a: Mienfoo|0 fnt\n|-heal|p2a: Code red|100\/100|[from] drain|[of] p1a: Mienfoo\n|faint|p1a: Mienfoo\n|\n|upkeep\n|\n|t:|1635687034\n|switch|p1a: Koffing|Koffing, L5, F|100\/100\n|-ability|p1a: Koffing|Neutralizing Gas\n|turn|14\n|\n|t:|1635687040\n|switch|p2a: guardian|Munchlax, L5, M, shiny|100\/100\n|move|p1a: Koffing|Sludge Bomb|p2a: guardian\n|-damage|p2a: guardian|70\/100\n|\n|upkeep\n|turn|15\n|\n|t:|1635687050\n|-end|p1a: Koffing|ability: Neutralizing Gas\n|switch|p1a: Diglett|Diglett, L5, M|100\/100\n|-item|p1a: Diglett|Air Balloon\n|switch|p2a: chantico's fire|Larvesta, L5, F|100\/100\n|\n|upkeep\n|turn|16\n|\n|t:|1635687058\n|move|p2a: chantico's fire|Flare Blitz|p1a: Diglett\n|-damage|p1a: Diglett|0 fnt\n|-enditem|p1a: Diglett|Air Balloon\n|faint|p1a: Diglett\n|-damage|p2a: chantico's fire|73\/100|[from] Recoil\n|\n|upkeep\n|\n|t:|1635687065\n|switch|p1a: Tyrunt|Tyrunt, L5, F|39\/100\n|turn|17\n|\n|t:|1635687079\n|switch|p2a: Code red|Timburr, L5, M|100\/100\n|move|p1a: Tyrunt|Psychic Fangs|p2a: Code red\n|-supereffective|p2a: Code red\n|-damage|p2a: Code red|20\/100\n|\n|upkeep\n|turn|18\n|\n|t:|1635687086\n|switch|p1a: Koffing|Koffing, L5, F|100\/100\n|-ability|p1a: Koffing|Neutralizing Gas\n|move|p2a: Code red|Mach Punch|p1a: Koffing\n|-resisted|p1a: Koffing\n|-damage|p1a: Koffing|91\/100\n|\n|upkeep\n|turn|19\n|\n|t:|1635687094\n|switch|p2a: guardian|Munchlax, L5, M, shiny|70\/100\n|move|p1a: Koffing|Sludge Bomb|p2a: guardian\n|-damage|p2a: guardian|40\/100\n|-enditem|p2a: guardian|Berry Juice\n|-heal|p2a: guardian|100\/100|[from] item: Berry Juice\n|\n|upkeep\n|turn|20\n|\n|t:|1635687104\n|-end|p1a: Koffing|ability: Neutralizing Gas\n|switch|p1a: Tyrunt|Tyrunt, L5, F|39\/100\n|move|p2a: guardian|Curse|p2a: guardian\n|-unboost|p2a: guardian|spe|1\n|-boost|p2a: guardian|atk|1\n|-boost|p2a: guardian|def|1\n|\n|upkeep\n|turn|21\n|\n|t:|1635687112\n|move|p1a: Tyrunt|Dragon Dance|p1a: Tyrunt\n|-boost|p1a: Tyrunt|atk|1\n|-boost|p1a: Tyrunt|spe|1\n|move|p2a: guardian|Facade|p1a: Tyrunt\n|-resisted|p1a: Tyrunt\n|-damage|p1a: Tyrunt|5\/100\n|\n|upkeep\n|turn|22\n|\n|t:|1635687120\n|move|p1a: Tyrunt|Close Combat|p2a: guardian\n|-supereffective|p2a: guardian\n|-damage|p2a: guardian|7\/100\n|-unboost|p1a: Tyrunt|def|1\n|-unboost|p1a: Tyrunt|spd|1\n|move|p2a: guardian|Facade|p1a: Tyrunt\n|-resisted|p1a: Tyrunt\n|-damage|p1a: Tyrunt|0 fnt\n|faint|p1a: Tyrunt\n|\n|upkeep\n|\n|t:|1635687129\n|switch|p1a: Staryu|Staryu, L5|100\/100\n|turn|23\n|\n|t:|1635687158\n|move|p1a: Staryu|Rapid Spin|p2a: guardian\n|-damage|p2a: guardian|0 fnt\n|-boost|p1a: Staryu|spe|1\n|faint|p2a: guardian\n|\n|upkeep\n|\n|t:|1635687163\n|switch|p2a: bright water|Mareanie, L5, F|100\/100\n|turn|24\n|\n|t:|1635687167\n|move|p1a: Staryu|Thunderbolt|p2a: bright water\n|-supereffective|p2a: bright water\n|-damage|p2a: bright water|59\/100\n|move|p2a: bright water|Knock Off|p1a: Staryu\n|-damage|p1a: Staryu|81\/100\n|-enditem|p1a: Staryu|Eviolite|[from] move: Knock Off|[of] p2a: bright water\n|\n|upkeep\n|turn|25\n|\n|t:|1635687174\n|move|p1a: Staryu|Thunderbolt|p2a: bright water\n|-supereffective|p2a: bright water\n|-damage|p2a: bright water|17\/100\n|move|p2a: bright water|Recover|p2a: bright water\n|-heal|p2a: bright water|67\/100\n|\n|upkeep\n|turn|26\n|\n|t:|1635687187\n|move|p1a: Staryu|Thunderbolt|p2a: bright water\n|-supereffective|p2a: bright water\n|-damage|p2a: bright water|17\/100\n|move|p2a: bright water|Recover|p2a: bright water\n|-heal|p2a: bright water|67\/100\n|\n|upkeep\n|turn|27\n|\n|t:|1635687207\n|switch|p2a: Code red|Timburr, L5, M|20\/100\n|move|p1a: Staryu|Thunderbolt|p2a: Code red\n|-crit|p2a: Code red\n|-damage|p2a: Code red|0 fnt\n|faint|p2a: Code red\n|\n|upkeep\n|\n|t:|1635687213\n|switch|p2a: bright water|Mareanie, L5, F|100\/100\n|turn|28\n|\n|t:|1635687219\n|switch|p1a: Koffing|Koffing, L5, F|91\/100\n|-ability|p1a: Koffing|Neutralizing Gas\n|move|p2a: bright water|Sludge Bomb|p1a: Koffing\n|-resisted|p1a: Koffing\n|-crit|p1a: Koffing\n|-damage|p1a: Koffing|62\/100\n|\n|upkeep\n|turn|29\n|\n|t:|1635687233\n|move|p1a: Koffing|Thunderbolt|p2a: bright water\n|-supereffective|p2a: bright water\n|-crit|p2a: bright water\n|-damage|p2a: bright water|34\/100\n|move|p2a: bright water|Knock Off|p1a: Koffing\n|-damage|p1a: Koffing|43\/100\n|-enditem|p1a: Koffing|Eviolite|[from] move: Knock Off|[of] p2a: bright water\n|\n|upkeep\n|turn|30\n|\n|t:|1635687241\n|switch|p2a: chantico's fire|Larvesta, L5, F|73\/100\n|move|p1a: Koffing|Thunderbolt|p2a: chantico's fire\n|-crit|p2a: chantico's fire\n|-damage|p2a: chantico's fire|10\/100\n|\n|upkeep\n|turn|31\n|\n|t:|1635687256\n|move|p2a: chantico's fire|Morning Sun|p2a: chantico's fire\n|-heal|p2a: chantico's fire|60\/100\n|move|p1a: Koffing|Thunderbolt|p2a: chantico's fire\n|-damage|p2a: chantico's fire|19\/100\n|\n|upkeep\n|turn|32\n|\n|t:|1635687263\n|move|p2a: chantico's fire|Morning Sun|p2a: chantico's fire\n|-heal|p2a: chantico's fire|69\/100\n|move|p1a: Koffing|Sludge Bomb|p2a: chantico's fire\n|-damage|p2a: chantico's fire|0 fnt\n|faint|p2a: chantico's fire\n|\n|upkeep\n|\n|t:|1635687269\n|switch|p2a: bright water|Mareanie, L5, F|34\/100\n|turn|33\n|\n|t:|1635687284\n|move|p1a: Koffing|Thunderbolt|p2a: bright water\n|-supereffective|p2a: bright water\n|-damage|p2a: bright water|0 fnt\n|faint|p2a: bright water\n|\n|win|que quieres?\n|n|\u2606que quieres?|quequieres\n|n|\u2606kibos bathroom|kibosbathroom\n|n| Gobi \u263a|gobi\n|n| Abhi417|abhi417\n","uploadtime":1635687286,"views":9,"p1id":"quequieres","p2id":"kibosbathroom","formatid":"gen8lc","rating":0,"private":0,"password":null}