{"id":"gen8randombattle-1528379065","p1":"Allelaja","p2":"BAImon","format":"gen8randombattle","log":"|j|\u2606Allelaja\n|j|\u2606BAImon\n|t:|1647000671\n|gametype|singles\n|player|p1|Allelaja|102|2171\n|player|p2|BAImon|1|2095\n|teamsize|p1|6\n|teamsize|p2|6\n|gen|8\n|tier|[Gen 8] Random Battle\n|rated|\n|rule|Species Clause: Limit one of each Pok\u00e9mon\n|rule|HP Percentage Mod: HP is shown in percentages\n|rule|Sleep Clause Mod: Limit one foe put to sleep\n|\n|t:|1647000671\n|start\n|switch|p1a: Grapploct|Grapploct, L86, F|278\/278\n|switch|p2a: Gothitelle|Gothitelle, L86, F|261\/261\n|turn|1\n|inactive|Battle timer is ON: inactive players will automatically lose when time's up. (requested by Allelaja)\n|\n|t:|1647000678\n|move|p2a: Gothitelle|Psychic|p1a: Grapploct\n|-supereffective|p1a: Grapploct\n|-damage|p1a: Grapploct|78\/278\n|move|p1a: Grapploct|Brutal Swing|p2a: Gothitelle\n|-supereffective|p2a: Gothitelle\n|-damage|p2a: Gothitelle|87\/261\n|-damage|p1a: Grapploct|51\/278|[from] item: Life Orb\n|\n|upkeep\n|turn|2\n|\n|t:|1647000685\n|move|p2a: Gothitelle|Psychic|p1a: Grapploct\n|-supereffective|p1a: Grapploct\n|-damage|p1a: Grapploct|0 fnt\n|faint|p1a: Grapploct\n|\n|upkeep\n|\n|t:|1647000686\n|switch|p1a: Yveltal|Yveltal, L69|288\/288\n|-ability|p1a: Yveltal|Dark Aura\n|turn|3\n|\n|t:|1647000695\n|switch|p2a: Incineroar|Incineroar, L80, M|283\/283\n|-ability|p2a: Incineroar|Intimidate|boost\n|-unboost|p1a: Yveltal|atk|1\n|move|p1a: Yveltal|Knock Off|p2a: Incineroar\n|-resisted|p2a: Incineroar\n|-damage|p2a: Incineroar|244\/283\n|-enditem|p2a: Incineroar|Heavy-Duty Boots|[from] move: Knock Off|[of] p1a: Yveltal\n|\n|upkeep\n|turn|4\n|\n|t:|1647000700\n|move|p1a: Yveltal|Oblivion Wing|p2a: Incineroar\n|-damage|p2a: Incineroar|168\/283\n|move|p2a: Incineroar|Will-O-Wisp|p1a: Yveltal\n|-status|p1a: Yveltal|brn\n|\n|-damage|p1a: Yveltal|270\/288 brn|[from] brn\n|upkeep\n|turn|5\n|\n|t:|1647000709\n|move|p1a: Yveltal|Oblivion Wing|p2a: Incineroar\n|-crit|p2a: Incineroar\n|-damage|p2a: Incineroar|56\/283\n|-heal|p1a: Yveltal|288\/288 brn|[from] drain|[of] p2a: Incineroar\n|move|p2a: Incineroar|Knock Off|p1a: Yveltal\n|-resisted|p1a: Yveltal\n|-damage|p1a: Yveltal|205\/288 brn\n|-enditem|p1a: Yveltal|Heavy-Duty Boots|[from] move: Knock Off|[of] p2a: Incineroar\n|\n|-damage|p1a: Yveltal|187\/288 brn|[from] brn\n|upkeep\n|turn|6\n|\n|t:|1647000716\n|move|p1a: Yveltal|Oblivion Wing|p2a: Incineroar\n|-damage|p2a: Incineroar|0 fnt\n|-heal|p1a: Yveltal|229\/288 brn|[from] drain|[of] p2a: Incineroar\n|faint|p2a: Incineroar\n|\n|-damage|p1a: Yveltal|211\/288 brn|[from] brn\n|upkeep\n|\n|t:|1647000736\n|switch|p2a: Cinccino|Cinccino, L84, M|263\/263\n|turn|7\n|\n|t:|1647000739\n|move|p2a: Cinccino|Tail Slap|p1a: Yveltal\n|-damage|p1a: Yveltal|166\/288 brn\n|-damage|p1a: Yveltal|120\/288 brn\n|-damage|p1a: Yveltal|71\/288 brn\n|-damage|p1a: Yveltal|29\/288 brn\n|-damage|p1a: Yveltal|0 fnt\n|faint|p1a: Yveltal\n|-hitcount|p1: Yveltal|5\n|\n|upkeep\n|\n|t:|1647000744\n|switch|p1a: Lycanroc|Lycanroc-Dusk, L80, F|251\/251\n|turn|8\n|\n|t:|1647000752\n|switch|p2a: Diggersby|Diggersby, L80, M|267\/267\n|move|p1a: Lycanroc|Swords Dance|p1a: Lycanroc\n|-boost|p1a: Lycanroc|atk|2\n|\n|upkeep\n|turn|9\n|\n|t:|1647000756\n|switch|p1a: Claydol|Claydol, L86|243\/243\n|move|p2a: Diggersby|Earthquake|p1a: Claydol\n|-immune|p1a: Claydol|[from] ability: Levitate\n|\n|upkeep\n|turn|10\n|\n|t:|1647000765\n|switch|p2a: Decidueye|Decidueye, L86, F|274\/274\n|move|p1a: Claydol|Ice Beam|p2a: Decidueye\n|-supereffective|p2a: Decidueye\n|-damage|p2a: Decidueye|178\/274\n|\n|upkeep\n|turn|11\n|\n|t:|1647000771\n|move|p1a: Claydol|Ice Beam|p2a: Decidueye\n|-supereffective|p2a: Decidueye\n|-damage|p2a: Decidueye|78\/274\n|move|p2a: Decidueye|Roost|p2a: Decidueye\n|-heal|p2a: Decidueye|215\/274\n|-singleturn|p2a: Decidueye|move: Roost\n|\n|upkeep\n|turn|12\n|\n|t:|1647000779\n|move|p1a: Claydol|Stealth Rock|p2a: Decidueye\n|-sidestart|p2: BAImon|move: Stealth Rock\n|move|p2a: Decidueye|Roost|p2a: Decidueye\n|-heal|p2a: Decidueye|274\/274\n|-singleturn|p2a: Decidueye|move: Roost\n|\n|upkeep\n|turn|13\n|\n|t:|1647000788\n|move|p1a: Claydol|Ice Beam|p2a: Decidueye\n|-supereffective|p2a: Decidueye\n|-damage|p2a: Decidueye|176\/274\n|move|p2a: Decidueye|Poltergeist|p1a: Claydol\n|-activate|p1a: Claydol|move: Poltergeist|Leftovers\n|-supereffective|p1a: Claydol\n|-damage|p1a: Claydol|0 fnt\n|faint|p1a: Claydol\n|-damage|p2a: Decidueye|149\/274|[from] item: Life Orb\n|\n|upkeep\n|\n|t:|1647000797\n|switch|p1a: Exploud|Exploud, L84, F|312\/312\n|turn|14\n|\n|t:|1647000804\n|move|p2a: Decidueye|Leaf Blade|p1a: Exploud\n|-damage|p1a: Exploud|137\/312\n|-damage|p2a: Decidueye|122\/274|[from] item: Life Orb\n|move|p1a: Exploud|Boomburst|p2a: Decidueye\n|-damage|p2a: Decidueye|0 fnt\n|faint|p2a: Decidueye\n|\n|upkeep\n|\n|t:|1647000816\n|switch|p2a: Diggersby|Diggersby, L80, M|267\/267\n|-damage|p2a: Diggersby|251\/267|[from] Stealth Rock\n|turn|15\n|\n|t:|1647000818\n|move|p2a: Diggersby|Earthquake|p1a: Exploud\n|-damage|p1a: Exploud|0 fnt\n|faint|p1a: Exploud\n|\n|upkeep\n|\n|t:|1647000821\n|switch|p1a: Lilligant|Lilligant, L84, F|255\/255\n|turn|16\n|\n|t:|1647000830\n|-start|p2a: Diggersby|Dynamax\n|-heal|p2a: Diggersby|502\/534|[silent]\n|move|p1a: Lilligant|Sleep Powder|p2a: Diggersby\n|-status|p2a: Diggersby|slp|[from] move: Sleep Powder\n|cant|p2a: Diggersby|slp\n|\n|upkeep\n|turn|17\n|\n|t:|1647000838\n|-end|p2a: Diggersby|Dynamax\n|-heal|p2a: Diggersby|251\/267 slp|[silent]\n|switch|p2a: Gothitelle|Gothitelle, L86, F|87\/261\n|-damage|p2a: Gothitelle|55\/261|[from] Stealth Rock\n|move|p1a: Lilligant|Quiver Dance|p1a: Lilligant\n|-boost|p1a: Lilligant|spa|1\n|-boost|p1a: Lilligant|spd|1\n|-boost|p1a: Lilligant|spe|1\n|\n|upkeep\n|turn|18\n|\n|t:|1647000843\n|move|p1a: Lilligant|Quiver Dance|p1a: Lilligant\n|-boost|p1a: Lilligant|spa|1\n|-boost|p1a: Lilligant|spd|1\n|-boost|p1a: Lilligant|spe|1\n|move|p2a: Gothitelle|Trick|p1a: Lilligant\n|-activate|p2a: Gothitelle|move: Trick|[of] p1a: Lilligant\n|-item|p1a: Lilligant|Choice Scarf|[from] move: Trick\n|-item|p2a: Gothitelle|Leftovers|[from] move: Trick\n|\n|-heal|p2a: Gothitelle|71\/261|[from] item: Leftovers\n|upkeep\n|turn|19\n|j| Hjhhhhhhhhy\n|\n|t:|1647000856\n|-start|p1a: Lilligant|Dynamax\n|-heal|p1a: Lilligant|510\/510|[silent]\n|move|p1a: Lilligant|Max Overgrowth|p2a: Gothitelle\n|-damage|p2a: Gothitelle|0 fnt\n|-fieldstart|move: Grassy Terrain\n|faint|p2a: Gothitelle\n|\n|upkeep\n|\n|t:|1647000860\n|switch|p2a: Dracovish|Dracovish, L80|275\/275\n|-damage|p2a: Dracovish|241\/275|[from] Stealth Rock\n|turn|20\n|\n|t:|1647000863\n|move|p1a: Lilligant|Max Overgrowth|p2a: Dracovish\n|-damage|p2a: Dracovish|0 fnt\n|faint|p2a: Dracovish\n|\n|upkeep\n|\n|t:|1647000864\n|switch|p2a: Cinccino|Cinccino, L84, M|263\/263\n|-damage|p2a: Cinccino|231\/263|[from] Stealth Rock\n|turn|21\n|\n|t:|1647000868\n|move|p1a: Lilligant|Max Overgrowth|p2a: Cinccino\n|-damage|p2a: Cinccino|0 fnt\n|faint|p2a: Cinccino\n|\n|-end|p1a: Lilligant|Dynamax\n|-heal|p1a: Lilligant|255\/255|[silent]\n|upkeep\n|\n|t:|1647000869\n|switch|p2a: Diggersby|Diggersby, L80, M|251\/267 slp\n|-damage|p2a: Diggersby|235\/267 slp|[from] Stealth Rock\n|turn|22\n|\n|t:|1647000872\n|move|p1a: Lilligant|Petal Dance|p2a: Diggersby\n|-supereffective|p2a: Diggersby\n|-crit|p2a: Diggersby\n|-damage|p2a: Diggersby|0 fnt\n|faint|p2a: Diggersby\n|\n|win|Allelaja\n|raw|Allelaja's rating: 2171 &rarr; <strong>2187<\/strong><br \/>(+16 for winning)\n|raw|BAImon's rating: 2095 &rarr; <strong>2079<\/strong><br \/>(-16 for losing)\n|l|\u2606BAImon\n|l|\u2606Allelaja\n","inputlog":">version e9deaee697f0aed847603e533c876735320f616f\n>start {\"formatid\":\"gen8randombattle\",\"seed\":[25635,6444,49184,52002],\"rated\":\"Rated battle\"}\n>player p1 {\"name\":\"Allelaja\",\"avatar\":\"102\",\"rating\":2171,\"seed\":[39144,53223,55014,62495]}\n>player p2 {\"name\":\"BAImon\",\"avatar\":\"1\",\"rating\":2095,\"seed\":[59709,49204,45640,56356]}\n>p1 move brutalswing\n>p2 move psychic\n>p1 move brutalswing\n>p2 move psychic\n>p1 switch 2\n>p1 move knockoff\n>p2 switch 4\n>p1 move oblivionwing\n>p2 move willowisp\n>p1 move oblivionwing\n>p2 move knockoff\n>p1 move oblivionwing\n>p2 move uturn\n>p2 switch 3\n>p1 move knockoff\n>p2 move tailslap\n>p1 switch 5\n>p1 move swordsdance\n>p2 switch 2\n>p1 switch 6\n>p2 move earthquake\n>p1 move icebeam\n>p2 switch 6\n>p1 move icebeam\n>p2 move roost\n>p1 move stealthrock\n>p2 move roost\n>p1 move icebeam\n>p2 move poltergeist\n>p1 switch 4\n>p1 move boomburst\n>p2 move leafblade\n>p2 switch 6\n>p1 move boomburst\n>p2 move earthquake\n>p1 switch 3\n>p1 move sleeppowder\n>p2 move uturn dynamax\n>p1 move quiverdance\n>p2 switch 4\n>p1 move quiverdance\n>p2 move trick\n>p1 move petaldance dynamax\n>p2 move psychic\n>p2 switch 5\n>p1 move petaldance dynamax\n>p2 move icefang\n>p2 switch 2\n>p1 move petaldance dynamax\n>p2 move tailslap\n>p2 switch 4\n>p1 move petaldance\n>p2 move uturn","uploadtime":1647000926,"views":8,"p1id":"allelaja","p2id":"baimon","formatid":"gen8randombattle","rating":2079,"private":0,"password":null}