{"id":"gen8ou-1666469189","p1":"Dallyranks","p2":"LT94JE Allistair","format":"gen8ou","log":"|j|\u2606Dallyranks\n|j|\u2606LT94JE Allistair\n|t:|1663414206\n|gametype|singles\n|player|p1|Dallyranks|ltsurge|1775\n|player|p2|LT94JE Allistair|101|1665\n|teamsize|p1|6\n|teamsize|p2|6\n|gen|8\n|tier|[Gen 8] OU\n|rated|\n|rule|Sleep Clause Mod: Limit one foe put to sleep\n|rule|Species Clause: Limit one of each Pok\u00e9mon\n|rule|OHKO Clause: OHKO moves are banned\n|rule|Evasion Items Clause: Evasion items are banned\n|rule|Evasion Moves Clause: Evasion moves are banned\n|rule|Endless Battle Clause: Forcing endless battles is banned\n|rule|HP Percentage Mod: HP is shown in percentages\n|rule|Dynamax Clause: You cannot dynamax\n|clearpoke\n|poke|p1|Tornadus-Therian, M|\n|poke|p1|Umbreon, F|\n|poke|p1|Melmetal|\n|poke|p1|Marowak-Alola, F|\n|poke|p1|Swampert, M|\n|poke|p1|Slowbro, F|\n|poke|p2|Mew|\n|poke|p2|Slurpuff, M|\n|poke|p2|Jirachi|\n|poke|p2|Vanilluxe, F|\n|poke|p2|Xatu, F|\n|poke|p2|Tapu Fini|\n|teampreview\n|inactive|Battle timer is ON: inactive players will automatically lose when time's up. (requested by Dallyranks)\n|\n|t:|1663414226\n|start\n|switch|p1a: I\u2019m back!|Tornadus-Therian, M|100\/100\n|switch|p2a: Xatu|Xatu, F|100\/100\n|turn|1\n|c|\u2606Dallyranks|Like 2 set up sweepers\n|c|\u2606Dallyranks|and the rest support?\n|\n|t:|1663414248\n|move|p1a: I\u2019m back!|U-turn|p2a: Xatu\n|-damage|p2a: Xatu|86\/100\n|\n|t:|1663414253\n|switch|p1a: Wtf Is biting Me!|Slowbro, F|100\/100|[from]move: U-turn\n|move|p2a: Xatu|Thunder Wave|p1a: Wtf Is biting Me!\n|-status|p1a: Wtf Is biting Me!|par\n|\n|-heal|p2a: Xatu|92\/100|[from] item: Leftovers\n|upkeep\n|turn|2\n|c|\u2606LT94JE Allistair|you will see XD\n|\n|t:|1663414264\n|move|p2a: Xatu|Cosmic Power|p2a: Xatu\n|-boost|p2a: Xatu|def|1\n|-boost|p2a: Xatu|spd|1\n|cant|p1a: Wtf Is biting Me!|par\n|\n|-heal|p2a: Xatu|98\/100|[from] item: Leftovers\n|upkeep\n|turn|3\n|inactive|Dallyranks has 120 seconds left.\n|\n|t:|1663414295\n|move|p2a: Xatu|Cosmic Power|p2a: Xatu\n|-boost|p2a: Xatu|def|1\n|-boost|p2a: Xatu|spd|1\n|move|p1a: Wtf Is biting Me!|Teleport|p1a: Wtf Is biting Me!\n|inactive|Dallyranks has 120 seconds left.\n|\n|t:|1663414311\n|switch|p1a: Switch or Die|Marowak-Alola, F|100\/100|[from]move: Teleport\n|\n|-heal|p2a: Xatu|100\/100|[from] item: Leftovers\n|upkeep\n|turn|4\n|\n|t:|1663414320\n|move|p2a: Xatu|Thunder Wave|p1a: Switch or Die|[miss]\n|-miss|p2a: Xatu|p1a: Switch or Die\n|move|p1a: Switch or Die|Swords Dance|p1a: Switch or Die\n|-boost|p1a: Switch or Die|atk|2\n|\n|upkeep\n|turn|5\n|inactive|Dallyranks has 120 seconds left.\n|\n|t:|1663414326\n|move|p2a: Xatu|Thunder Wave|p1a: Switch or Die\n|-status|p1a: Switch or Die|par\n|cant|p1a: Switch or Die|par\n|\n|upkeep\n|turn|6\n|\n|t:|1663414332\n|move|p2a: Xatu|Stored Power|p1a: Switch or Die\n|-damage|p1a: Switch or Die|48\/100 par\n|move|p1a: Switch or Die|Poltergeist|p2a: Xatu\n|-activate|p2a: Xatu|move: Poltergeist|Leftovers\n|-supereffective|p2a: Xatu\n|-damage|p2a: Xatu|0 fnt\n|faint|p2a: Xatu\n|\n|upkeep\n|\n|t:|1663414344\n|switch|p2a: Tapu Fini|Tapu Fini|100\/100\n|-fieldstart|move: Misty Terrain|[from] ability: Misty Surge|[of] p2a: Tapu Fini\n|turn|7\n|\n|t:|1663414355\n|switch|p2a: Slurpuff|Slurpuff, M|100\/100\n|switch|p1a: I\u2019m back!|Tornadus-Therian, M|100\/100\n|\n|upkeep\n|turn|8\n|\n|t:|1663414361\n|move|p1a: I\u2019m back!|Taunt|p2a: Slurpuff\n|-start|p2a: Slurpuff|move: Taunt\n|cant|p2a: Slurpuff|move: Taunt|Sticky Web\n|\n|upkeep\n|turn|9\n|\n|t:|1663414368\n|move|p1a: I\u2019m back!|U-turn|p2a: Slurpuff\n|-resisted|p2a: Slurpuff\n|-damage|p2a: Slurpuff|94\/100\n|\n|t:|1663414373\n|switch|p1a: Dark knight|Umbreon, F|100\/100|[from]move: U-turn\n|move|p2a: Slurpuff|Misty Explosion|p1a: Dark knight\n|-supereffective|p1a: Dark knight\n|-damage|p1a: Dark knight|40\/100\n|faint|p2a: Slurpuff\n|\n|-heal|p1a: Dark knight|46\/100|[from] item: Leftovers\n|upkeep\n|\n|t:|1663414379\n|switch|p2a: Vanilluxe|Vanilluxe, F|100\/100\n|-weather|Hail|[from] ability: Snow Warning|[of] p2a: Vanilluxe\n|turn|10\n|\n|t:|1663414390\n|switch|p1a: One punch man|Melmetal|100\/100\n|move|p2a: Vanilluxe|Taunt|p1a: One punch man\n|-start|p1a: One punch man|move: Taunt\n|\n|-weather|Hail|[upkeep]\n|-damage|p1a: One punch man|94\/100|[from] Hail\n|-heal|p1a: One punch man|100\/100|[from] item: Leftovers\n|upkeep\n|turn|11\n|j| Saorihhhhhhh\n|j| jeanmilapipe\n|\n|t:|1663414400\n|move|p2a: Vanilluxe|Aurora Veil|p2a: Vanilluxe\n|-sidestart|p2: LT94JE Allistair|move: Aurora Veil\n|move|p1a: One punch man|Double Iron Bash|p2a: Vanilluxe\n|-supereffective|p2a: Vanilluxe\n|-damage|p2a: Vanilluxe|49\/100\n|-supereffective|p2a: Vanilluxe\n|-damage|p2a: Vanilluxe|0 fnt\n|faint|p2a: Vanilluxe\n|-hitcount|p2: Vanilluxe|2\n|\n|-weather|Hail|[upkeep]\n|-damage|p1a: One punch man|94\/100|[from] Hail\n|-heal|p1a: One punch man|100\/100|[from] item: Leftovers\n|-fieldend|Misty Terrain\n|upkeep\n|l| Saorihhhhhhh\n|\n|t:|1663414412\n|switch|p2a: Jirachi|Jirachi|100\/100\n|turn|12\n|\n|t:|1663414416\n|switch|p1a: I\u2019m back!|Tornadus-Therian, M|100\/100\n|move|p2a: Jirachi|Cosmic Power|p2a: Jirachi\n|-boost|p2a: Jirachi|def|1\n|-boost|p2a: Jirachi|spd|1\n|\n|-weather|Hail|[upkeep]\n|-damage|p1a: I\u2019m back!|94\/100|[from] Hail\n|-damage|p2a: Jirachi|94\/100|[from] Hail\n|upkeep\n|turn|13\n|\n|t:|1663414425\n|move|p1a: I\u2019m back!|Taunt|p2a: Jirachi\n|-start|p2a: Jirachi|move: Taunt\n|cant|p2a: Jirachi|move: Taunt|Cosmic Power\n|\n|-weather|Hail|[upkeep]\n|-damage|p1a: I\u2019m back!|88\/100|[from] Hail\n|-damage|p2a: Jirachi|88\/100|[from] Hail\n|upkeep\n|turn|14\n|\n|t:|1663414433\n|move|p1a: I\u2019m back!|U-turn|p2a: Jirachi\n|-damage|p2a: Jirachi|84\/100\n|\n|t:|1663414440\n|switch|p1a: Wtf Is biting Me!|Slowbro, F|100\/100 par|[from]move: U-turn\n|move|p2a: Jirachi|Stored Power|p1a: Wtf Is biting Me!\n|-resisted|p1a: Wtf Is biting Me!\n|-damage|p1a: Wtf Is biting Me!|89\/100 par\n|\n|-weather|none\n|upkeep\n|turn|15\n|\n|t:|1663414449\n|switch|p1a: I\u2019m back!|Tornadus-Therian, M|100\/100\n|move|p2a: Jirachi|Stored Power|p1a: I\u2019m back!\n|-damage|p1a: I\u2019m back!|76\/100\n|\n|-end|p2a: Jirachi|move: Taunt\n|upkeep\n|turn|16\n|\n|t:|1663414457\n|move|p1a: I\u2019m back!|Taunt|p2a: Jirachi\n|-start|p2a: Jirachi|move: Taunt\n|cant|p2a: Jirachi|move: Taunt|Cosmic Power\n|\n|upkeep\n|turn|17\n|\n|t:|1663414462\n|move|p1a: I\u2019m back!|U-turn|p2a: Jirachi\n|-damage|p2a: Jirachi|80\/100\n|\n|t:|1663414465\n|switch|p1a: Dark knight|Umbreon, F|46\/100|[from]move: U-turn\n|move|p2a: Jirachi|Stored Power|p1a: Dark knight\n|-immune|p1a: Dark knight\n|\n|-heal|p1a: Dark knight|52\/100|[from] item: Leftovers\n|upkeep\n|turn|18\n|j| clozap9\n|\n|t:|1663414474\n|move|p2a: Jirachi|Aura Sphere|p1a: Dark knight\n|-supereffective|p1a: Dark knight\n|-damage|p1a: Dark knight|24\/100\n|move|p1a: Dark knight|Heal Bell|p1a: Dark knight\n|-activate|p1a: Dark knight|move: Heal Bell\n|-curestatus|p1: Wtf Is biting Me!|par|[msg]\n|-curestatus|p1: Switch or Die|par|[msg]\n|\n|-heal|p1a: Dark knight|30\/100|[from] item: Leftovers\n|-end|p2a: Jirachi|move: Taunt\n|-sideend|p2: LT94JE Allistair|move: Aurora Veil\n|upkeep\n|turn|19\n|\n|t:|1663414491\n|switch|p1a: I\u2019m back!|Tornadus-Therian, M|100\/100\n|move|p2a: Jirachi|Cosmic Power|p2a: Jirachi\n|-boost|p2a: Jirachi|def|1\n|-boost|p2a: Jirachi|spd|1\n|\n|upkeep\n|turn|20\n|\n|t:|1663414498\n|move|p1a: I\u2019m back!|Taunt|p2a: Jirachi\n|-start|p2a: Jirachi|move: Taunt\n|move|p2a: Jirachi|Stored Power|p1a: I\u2019m back!\n|-damage|p1a: I\u2019m back!|58\/100\n|\n|upkeep\n|turn|21\n|\n|t:|1663414504\n|move|p1a: I\u2019m back!|U-turn|p2a: Jirachi\n|-damage|p2a: Jirachi|73\/100\n|\n|t:|1663414508\n|switch|p1a: Wtf Is biting Me!|Slowbro, F|100\/100|[from]move: U-turn\n|move|p2a: Jirachi|Aura Sphere|p1a: Wtf Is biting Me!\n|-resisted|p1a: Wtf Is biting Me!\n|-damage|p1a: Wtf Is biting Me!|90\/100\n|\n|upkeep\n|turn|22\n|\n|t:|1663414515\n|move|p2a: Jirachi|Aura Sphere|p1a: Wtf Is biting Me!\n|-resisted|p1a: Wtf Is biting Me!\n|-damage|p1a: Wtf Is biting Me!|78\/100\n|move|p1a: Wtf Is biting Me!|Teleport|p1a: Wtf Is biting Me!\n|\n|t:|1663414520\n|switch|p1a: I\u2019m back!|Tornadus-Therian, M|91\/100|[from]move: Teleport\n|\n|-end|p2a: Jirachi|move: Taunt\n|upkeep\n|turn|23\n|\n|t:|1663414527\n|move|p1a: I\u2019m back!|Taunt|p2a: Jirachi\n|-start|p2a: Jirachi|move: Taunt\n|move|p2a: Jirachi|Stored Power|p1a: I\u2019m back!\n|-damage|p1a: I\u2019m back!|54\/100\n|\n|upkeep\n|turn|24\n|\n|t:|1663414534\n|move|p1a: I\u2019m back!|U-turn|p2a: Jirachi\n|-damage|p2a: Jirachi|66\/100\n|\n|t:|1663414537\n|switch|p1a: Wtf Is biting Me!|Slowbro, F|100\/100|[from]move: U-turn\n|move|p2a: Jirachi|Aura Sphere|p1a: Wtf Is biting Me!\n|-resisted|p1a: Wtf Is biting Me!\n|-damage|p1a: Wtf Is biting Me!|90\/100\n|\n|upkeep\n|turn|25\n|\n|t:|1663414545\n|move|p2a: Jirachi|Aura Sphere|p1a: Wtf Is biting Me!\n|-resisted|p1a: Wtf Is biting Me!\n|-damage|p1a: Wtf Is biting Me!|79\/100\n|move|p1a: Wtf Is biting Me!|Teleport|p1a: Wtf Is biting Me!\n|\n|t:|1663414550\n|switch|p1a: I\u2019m back!|Tornadus-Therian, M|88\/100|[from]move: Teleport\n|\n|-end|p2a: Jirachi|move: Taunt\n|upkeep\n|turn|26\n|\n|t:|1663414563\n|move|p1a: I\u2019m back!|Taunt|p2a: Jirachi\n|-start|p2a: Jirachi|move: Taunt\n|move|p2a: Jirachi|Stored Power|p1a: I\u2019m back!\n|-damage|p1a: I\u2019m back!|47\/100\n|\n|upkeep\n|turn|27\n|\n|t:|1663414569\n|move|p1a: I\u2019m back!|U-turn|p2a: Jirachi\n|-damage|p2a: Jirachi|59\/100\n|\n|t:|1663414572\n|switch|p1a: Wtf Is biting Me!|Slowbro, F|100\/100|[from]move: U-turn\n|move|p2a: Jirachi|Aura Sphere|p1a: Wtf Is biting Me!\n|-resisted|p1a: Wtf Is biting Me!\n|-damage|p1a: Wtf Is biting Me!|91\/100\n|\n|upkeep\n|turn|28\n|\n|t:|1663414580\n|move|p2a: Jirachi|Aura Sphere|p1a: Wtf Is biting Me!\n|-resisted|p1a: Wtf Is biting Me!\n|-damage|p1a: Wtf Is biting Me!|81\/100\n|move|p1a: Wtf Is biting Me!|Teleport|p1a: Wtf Is biting Me!\n|\n|t:|1663414594\n|switch|p1a: I\u2019m back!|Tornadus-Therian, M|81\/100|[from]move: Teleport\n|\n|-end|p2a: Jirachi|move: Taunt\n|upkeep\n|turn|29\n|\n|t:|1663414601\n|move|p1a: I\u2019m back!|Taunt|p2a: Jirachi\n|-start|p2a: Jirachi|move: Taunt\n|move|p2a: Jirachi|Stored Power|p1a: I\u2019m back!\n|-damage|p1a: I\u2019m back!|40\/100\n|\n|upkeep\n|turn|30\n|\n|t:|1663414607\n|move|p1a: I\u2019m back!|U-turn|p2a: Jirachi\n|-damage|p2a: Jirachi|52\/100\n|\n|t:|1663414611\n|switch|p1a: Wtf Is biting Me!|Slowbro, F|100\/100|[from]move: U-turn\n|move|p2a: Jirachi|Aura Sphere|p1a: Wtf Is biting Me!\n|-resisted|p1a: Wtf Is biting Me!\n|-damage|p1a: Wtf Is biting Me!|91\/100\n|\n|upkeep\n|turn|31\n|c|\u2606LT94JE Allistair|sigh this is broken\n|\n|t:|1663414623\n|move|p2a: Jirachi|Aura Sphere|p1a: Wtf Is biting Me!\n|-resisted|p1a: Wtf Is biting Me!\n|-damage|p1a: Wtf Is biting Me!|81\/100\n|move|p1a: Wtf Is biting Me!|Teleport|p1a: Wtf Is biting Me!\n|\n|t:|1663414634\n|switch|p1a: I\u2019m back!|Tornadus-Therian, M|73\/100|[from]move: Teleport\n|\n|-end|p2a: Jirachi|move: Taunt\n|upkeep\n|turn|32\n|\n|t:|1663414641\n|move|p1a: I\u2019m back!|Taunt|p2a: Jirachi\n|-start|p2a: Jirachi|move: Taunt\n|move|p2a: Jirachi|Stored Power|p1a: I\u2019m back!\n|-damage|p1a: I\u2019m back!|32\/100\n|\n|upkeep\n|turn|33\n|j| Rovecraetove\n|\n|t:|1663414647\n|move|p1a: I\u2019m back!|U-turn|p2a: Jirachi\n|-damage|p2a: Jirachi|46\/100\n|\n|t:|1663414654\n|switch|p1a: Wtf Is biting Me!|Slowbro, F|100\/100|[from]move: U-turn\n|move|p2a: Jirachi|Aura Sphere|p1a: Wtf Is biting Me!\n|-resisted|p1a: Wtf Is biting Me!\n|-damage|p1a: Wtf Is biting Me!|90\/100\n|\n|upkeep\n|turn|34\n|\n|t:|1663414662\n|move|p2a: Jirachi|Aura Sphere|p1a: Wtf Is biting Me!\n|-resisted|p1a: Wtf Is biting Me!\n|-damage|p1a: Wtf Is biting Me!|81\/100\n|move|p1a: Wtf Is biting Me!|Teleport|p1a: Wtf Is biting Me!\n|l| Rovecraetove\n|\n|t:|1663414681\n|switch|p1a: Swampert|Swampert, M|100\/100|[from]move: Teleport\n|\n|-end|p2a: Jirachi|move: Taunt\n|upkeep\n|turn|35\n|\n|t:|1663414688\n|move|p2a: Jirachi|Wish|p2a: Jirachi\n|move|p1a: Swampert|Yawn|p2a: Jirachi\n|-start|p2a: Jirachi|move: Yawn|[of] p1a: Swampert\n|\n|upkeep\n|turn|36\n|j| Rovecraetove\n|\n|t:|1663414701\n|move|p2a: Jirachi|Cosmic Power|p2a: Jirachi\n|-boost|p2a: Jirachi|def|1\n|-boost|p2a: Jirachi|spd|1\n|move|p1a: Swampert|Earthquake|p2a: Jirachi\n|-supereffective|p2a: Jirachi\n|-damage|p2a: Jirachi|20\/100\n|-enditem|p2a: Jirachi|Weakness Policy\n|-boost|p2a: Jirachi|atk|2|[from] item: Weakness Policy\n|-boost|p2a: Jirachi|spa|2|[from] item: Weakness Policy\n|\n|-heal|p2a: Jirachi|70\/100|[from] move: Wish|[wisher] Jirachi\n|-end|p2a: Jirachi|move: Yawn|[silent]\n|-status|p2a: Jirachi|slp\n|upkeep\n|turn|37\n|\n|t:|1663414714\n|cant|p2a: Jirachi|slp\n|move|p1a: Swampert|Flip Turn|p2a: Jirachi\n|-damage|p2a: Jirachi|61\/100 slp\n|\n|t:|1663414726\n|switch|p1a: Switch or Die|Marowak-Alola, F|48\/100|[from]move: Flip Turn\n|\n|upkeep\n|turn|38\n|\n|t:|1663414731\n|cant|p2a: Jirachi|slp\n|move|p1a: Switch or Die|Flare Blitz|p2a: Jirachi\n|-supereffective|p2a: Jirachi\n|-damage|p2a: Jirachi|0 fnt\n|faint|p2a: Jirachi\n|\n|upkeep\n|\n|t:|1663414736\n|switch|p2a: Tapu Fini|Tapu Fini|100\/100\n|-fieldstart|move: Misty Terrain|[from] ability: Misty Surge|[of] p2a: Tapu Fini\n|turn|39\n|\n|t:|1663414745\n|switch|p1a: One punch man|Melmetal|100\/100\n|move|p2a: Tapu Fini|Calm Mind|p2a: Tapu Fini\n|-boost|p2a: Tapu Fini|spa|1\n|-boost|p2a: Tapu Fini|spd|1\n|\n|upkeep\n|turn|40\n|\n|t:|1663414752\n|move|p2a: Tapu Fini|Surf|p1a: One punch man\n|-damage|p1a: One punch man|63\/100\n|move|p1a: One punch man|Double Iron Bash|p2a: Tapu Fini\n|-damage|p2a: Tapu Fini|60\/100\n|-damage|p2a: Tapu Fini|19\/100\n|-hitcount|p2a: Tapu Fini|2\n|\n|-heal|p1a: One punch man|69\/100|[from] item: Leftovers\n|upkeep\n|turn|41\n|l| clozap9\n|\n|t:|1663414761\n|move|p2a: Tapu Fini|Surf|p1a: One punch man\n|-crit|p1a: One punch man\n|-damage|p1a: One punch man|5\/100\n|move|p1a: One punch man|Double Iron Bash|p2a: Tapu Fini\n|-damage|p2a: Tapu Fini|0 fnt\n|faint|p2a: Tapu Fini\n|-hitcount|p2: Tapu Fini|1\n|\n|-heal|p1a: One punch man|12\/100|[from] item: Leftovers\n|upkeep\n|-message|LT94JE Allistair forfeited.\n|\n|win|Dallyranks\n|raw|Dallyranks's rating: 1775 &rarr; <strong>1789<\/strong><br \/>(+14 for winning)\n|raw|LT94JE Allistair's rating: 1665 &rarr; <strong>1651<\/strong><br \/>(-14 for losing)\n|l|\u2606LT94JE Allistair\n","uploadtime":1663414775,"views":18,"p1id":"dallyranks","p2id":"lt94jeallistair","formatid":"gen8ou","rating":1651,"private":0,"password":null}