{"id":"gen8ou-1231662964","p1":"glaed13","p2":"Yuuri_Albine","format":"gen8ou","log":"|j|\u2606glaed13\n|j|\u2606Yuuri_Albine\n|t:|1606371126\n|player|p1|glaed13|cheren-gen5bw2|1770\n|player|p2|Yuuri_Albine|swimmerf|1740\n|teamsize|p1|6\n|teamsize|p2|6\n|gametype|singles\n|gen|8\n|tier|[Gen 8] OU\n|rated|\n|clearpoke\n|poke|p1|Blaziken, M|\n|poke|p1|Klefki, F|\n|poke|p1|Ninetales, M|\n|poke|p1|Zapdos-Galar|\n|poke|p1|Cinderace, F|\n|poke|p1|Garchomp, F|\n|poke|p2|Corviknight, M|\n|poke|p2|Moltres|\n|poke|p2|Blissey, F|\n|poke|p2|Ditto|\n|poke|p2|Clefable, M|\n|poke|p2|Ferrothorn, M|\n|rule|Sleep Clause Mod: Limit one foe put to sleep\n|rule|Species Clause: Limit one of each Pok\u00e9mon\n|rule|OHKO Clause: OHKO moves are banned\n|rule|Evasion Moves Clause: Evasion moves are banned\n|rule|Endless Battle Clause: Forcing endless battles is banned\n|rule|HP Percentage Mod: HP is shown in percentages\n|rule|Dynamax Clause: You cannot dynamax\n|teampreview\n|inactive|Battle timer is ON: inactive players will automatically lose when time's up. (requested by glaed13)\n|inactive|glaed13 has 120 seconds left.\n|\n|t:|1606371167\n|start\n|switch|p1a: Klefki|Klefki, F, shiny|100\/100\n|switch|p2a: Moltres|Moltres|100\/100\n|-ability|p2a: Moltres|Pressure\n|turn|1\n|\n|t:|1606371174\n|move|p1a: Klefki|Thunder Wave|p2a: Moltres\n|-status|p2a: Moltres|par\n|move|p2a: Moltres|Mystical Fire|p1a: Klefki\n|-supereffective|p1a: Klefki\n|-damage|p1a: Klefki|32\/100\n|-unboost|p1a: Klefki|spa|1\n|\n|upkeep\n|turn|2\n|\n|t:|1606371185\n|move|p1a: Klefki|Light Screen|p1a: Klefki\n|-sidestart|p1: glaed13|move: Light Screen\n|cant|p2a: Moltres|par\n|\n|upkeep\n|turn|3\n|\n|t:|1606371192\n|switch|p1a: Zapdos|Zapdos-Galar|100\/100\n|switch|p2a: Corviknight|Corviknight, M|100\/100\n|-ability|p2a: Corviknight|Pressure\n|\n|upkeep\n|turn|4\n|\n|t:|1606371202\n|move|p1a: Zapdos|Thunderous Kick|p2a: Corviknight\n|-damage|p2a: Corviknight|63\/100\n|-unboost|p2a: Corviknight|def|1\n|move|p2a: Corviknight|Reflect|p2a: Corviknight\n|-sidestart|p2: Yuuri_Albine|Reflect\n|\n|-heal|p2a: Corviknight|69\/100|[from] item: Leftovers\n|upkeep\n|turn|5\n|\n|t:|1606371212\n|move|p1a: Zapdos|Thunderous Kick|p2a: Corviknight\n|-crit|p2a: Corviknight\n|-damage|p2a: Corviknight|0 fnt\n|faint|p2a: Corviknight\n|\n|upkeep\n|\n|t:|1606371219\n|switch|p2a: Clefable|Clefable, M|100\/100\n|turn|6\n|\n|t:|1606371223\n|move|p1a: Zapdos|Taunt|p2a: Clefable\n|-start|p2a: Clefable|move: Taunt\n|cant|p2a: Clefable|move: Taunt|Teleport\n|\n|upkeep\n|turn|7\n|\n|t:|1606371228\n|switch|p1a: Klefki|Klefki, F, shiny|32\/100\n|switch|p2a: Ditto|Ditto|100\/100\n|-transform|p2a: Ditto|p1a: Klefki|[from] ability: Imposter\n|\n|upkeep\n|turn|8\n|\n|t:|1606371242\n|switch|p2a: Ferrothorn|Ferrothorn, M|100\/100\n|move|p1a: Klefki|Thunder Wave|p2a: Ferrothorn\n|-status|p2a: Ferrothorn|par\n|\n|-sideend|p2: Yuuri_Albine|Reflect\n|upkeep\n|turn|9\n|j| Ds2311er\n|\n|t:|1606371252\n|move|p1a: Klefki|Reflect|p1a: Klefki\n|-sidestart|p1: glaed13|Reflect\n|cant|p2a: Ferrothorn|par\n|\n|-sideend|p1: glaed13|move: Light Screen\n|upkeep\n|turn|10\n|\n|t:|1606371260\n|move|p1a: Klefki|Light Screen|p1a: Klefki\n|-sidestart|p1: glaed13|move: Light Screen\n|cant|p2a: Ferrothorn|par\n|\n|upkeep\n|turn|11\n|\n|t:|1606371285\n|switch|p1a: Ninetales|Ninetales, M|100\/100\n|-weather|SunnyDay|[from] ability: Drought|[of] p1a: Ninetales\n|move|p2a: Ferrothorn|Leech Seed|p1a: Ninetales\n|-start|p1a: Ninetales|move: Leech Seed\n|\n|-weather|SunnyDay|[upkeep]\n|-damage|p1a: Ninetales|88\/100|[from] Leech Seed|[of] p2a: Ferrothorn\n|upkeep\n|turn|12\n|\n|t:|1606371293\n|switch|p1a: Cinderace|Cinderace, F|100\/100\n|move|p2a: Ferrothorn|Stealth Rock|p1a: Cinderace\n|-sidestart|p1: glaed13|move: Stealth Rock\n|\n|-weather|SunnyDay|[upkeep]\n|upkeep\n|turn|13\n|\n|t:|1606371302\n|switch|p2a: Moltres|Moltres|100\/100 par\n|-ability|p2a: Moltres|Pressure\n|move|p1a: Cinderace|Pyro Ball|p2a: Moltres\n|-resisted|p2a: Moltres\n|-damage|p2a: Moltres|58\/100 par\n|\n|-weather|SunnyDay|[upkeep]\n|upkeep\n|turn|14\n|\n|t:|1606371315\n|move|p1a: Cinderace|Gunk Shot|p2a: Moltres\n|-start|p1a: Cinderace|typechange|Poison|[from] ability: Libero\n|-crit|p2a: Moltres\n|-damage|p2a: Moltres|0 fnt\n|faint|p2a: Moltres\n|\n|-weather|SunnyDay|[upkeep]\n|upkeep\n|\n|t:|1606371326\n|switch|p2a: Ditto|Ditto|100\/100\n|-transform|p2a: Ditto|p1a: Cinderace|[from] ability: Imposter\n|turn|15\n|\n|t:|1606371334\n|move|p2a: Ditto|Pyro Ball|p1a: Cinderace\n|-start|p2a: Ditto|typechange|Fire|[from] ability: Libero\n|-damage|p1a: Cinderace|39\/100\n|move|p1a: Cinderace|Pyro Ball|p2a: Ditto\n|-start|p1a: Cinderace|typechange|Fire|[from] ability: Libero\n|-resisted|p2a: Ditto\n|-damage|p2a: Ditto|38\/100\n|\n|-weather|none\n|upkeep\n|turn|16\n|inactive|glaed13 has 120 seconds left.\n|\n|t:|1606371365\n|switch|p1a: Garchomp|Garchomp, F|100\/100\n|-damage|p1a: Garchomp|94\/100|[from] Stealth Rock\n|move|p2a: Ditto|Pyro Ball|p1a: Garchomp\n|-resisted|p1a: Garchomp\n|-damage|p1a: Garchomp|79\/100\n|\n|-sideend|p1: glaed13|Reflect\n|upkeep\n|turn|17\n|\n|t:|1606371383\n|switch|p2a: Ferrothorn|Ferrothorn, M|100\/100 par\n|switch|p1a: Klefki|Klefki, F, shiny|32\/100\n|-damage|p1a: Klefki|26\/100|[from] Stealth Rock\n|\n|-sideend|p1: glaed13|move: Light Screen\n|upkeep\n|turn|18\n|\n|t:|1606371391\n|move|p1a: Klefki|Defog|p2a: Ferrothorn\n|-unboost|p2a: Ferrothorn|evasion|1\n|-sideend|p1: glaed13|Stealth Rock|[from] move: Defog|[of] p1a: Klefki\n|move|p2a: Ferrothorn|Body Press|p1a: Klefki\n|-damage|p1a: Klefki|0 fnt\n|faint|p1a: Klefki\n|\n|upkeep\n|\n|t:|1606371403\n|switch|p1a: Cinderace|Cinderace, F|39\/100\n|turn|19\n|\n|t:|1606371414\n|move|p1a: Cinderace|Pyro Ball|p2a: Ferrothorn\n|-supereffective|p2a: Ferrothorn\n|-damage|p2a: Ferrothorn|0 fnt\n|faint|p2a: Ferrothorn\n|\n|upkeep\n|\n|t:|1606371430\n|switch|p2a: Ditto|Ditto|38\/100\n|-transform|p2a: Ditto|p1a: Cinderace|[from] ability: Imposter\n|turn|20\n|\n|t:|1606371438\n|move|p2a: Ditto|High Jump Kick|p1a: Cinderace\n|-start|p2a: Ditto|typechange|Fighting|[from] ability: Libero\n|-damage|p1a: Cinderace|0 fnt\n|faint|p1a: Cinderace\n|\n|upkeep\n|\n|t:|1606371454\n|switch|p1a: Zapdos|Zapdos-Galar|100\/100\n|turn|21\n|\n|t:|1606371459\n|switch|p2a: Clefable|Clefable, M|100\/100\n|move|p1a: Zapdos|Acrobatics|p2a: Clefable\n|-damage|p2a: Clefable|56\/100\n|\n|-heal|p2a: Clefable|62\/100|[from] item: Leftovers\n|upkeep\n|turn|22\n|\n|t:|1606371467\n|move|p2a: Clefable|Protect|p2a: Clefable\n|-singleturn|p2a: Clefable|Protect\n|move|p1a: Zapdos|Taunt|p2a: Clefable\n|-activate|p2a: Clefable|move: Protect\n|\n|-heal|p2a: Clefable|69\/100|[from] item: Leftovers\n|upkeep\n|turn|23\n|\n|t:|1606371488\n|move|p1a: Zapdos|Taunt|p2a: Clefable\n|-start|p2a: Clefable|move: Taunt\n|move|p2a: Clefable|Moonblast|p1a: Zapdos\n|-supereffective|p1a: Zapdos\n|-damage|p1a: Zapdos|29\/100\n|\n|-heal|p2a: Clefable|75\/100|[from] item: Leftovers\n|upkeep\n|turn|24\n|j| Vessev\n|\n|t:|1606371506\n|move|p1a: Zapdos|Thunderous Kick|p2a: Clefable\n|-resisted|p2a: Clefable\n|-damage|p2a: Clefable|57\/100\n|-unboost|p2a: Clefable|def|1\n|move|p2a: Clefable|Moonblast|p1a: Zapdos\n|-supereffective|p1a: Zapdos\n|-damage|p1a: Zapdos|0 fnt\n|faint|p1a: Zapdos\n|\n|-heal|p2a: Clefable|63\/100|[from] item: Leftovers\n|upkeep\n|\n|t:|1606371515\n|switch|p1a: Garchomp|Garchomp, F|79\/100\n|turn|25\n|\n|t:|1606371525\n|move|p1a: Garchomp|Earthquake|p2a: Clefable\n|-damage|p2a: Clefable|3\/100\n|move|p2a: Clefable|Moonblast|p1a: Garchomp\n|-supereffective|p1a: Garchomp\n|-damage|p1a: Garchomp|13\/100\n|\n|-heal|p2a: Clefable|9\/100|[from] item: Leftovers\n|-end|p2a: Clefable|move: Taunt\n|upkeep\n|turn|26\n|\n|t:|1606371536\n|move|p1a: Garchomp|Earthquake|p2a: Clefable\n|-damage|p2a: Clefable|0 fnt\n|faint|p2a: Clefable\n|\n|upkeep\n|j| Pink Smoke\n|\n|t:|1606371542\n|switch|p2a: Ditto|Ditto|38\/100\n|-transform|p2a: Ditto|p1a: Garchomp|[from] ability: Imposter\n|turn|27\n|j| Limited_Toolkit\n|\n|t:|1606371561\n|move|p2a: Ditto|Earthquake|p1a: Garchomp\n|-damage|p1a: Garchomp|0 fnt\n|faint|p1a: Garchomp\n|\n|upkeep\n|\n|t:|1606371572\n|switch|p1a: Ninetales|Ninetales, M|88\/100\n|-weather|SunnyDay|[from] ability: Drought|[of] p1a: Ninetales\n|turn|28\n|\n|t:|1606371580\n|move|p2a: Ditto|Earthquake|p1a: Ninetales\n|-supereffective|p1a: Ninetales\n|-damage|p1a: Ninetales|0 fnt\n|faint|p1a: Ninetales\n|\n|-weather|SunnyDay|[upkeep]\n|upkeep\n|\n|t:|1606371583\n|switch|p1a: Blaziken|Blaziken, M|100\/100\n|turn|29\n|\n|t:|1606371586\n|move|p2a: Ditto|Earthquake|p1a: Blaziken\n|-supereffective|p1a: Blaziken\n|-damage|p1a: Blaziken|0 fnt\n|faint|p1a: Blaziken\n|\n|win|Yuuri_Albine\n|l|\u2606glaed13\n|raw|glaed13's rating: 1752 &rarr; <strong>1731<\/strong><br \/>(-21 for losing)\n|raw|Yuuri_Albine's rating: 1740 &rarr; <strong>1761<\/strong><br \/>(+21 for winning)\n|l|\u2606Yuuri_Albine\n|l| Limited_Toolkit\n|l| Pink Smoke\n|n| Category Colossal|vessev\n|l| Ds2311er\n|l| Category Colossal\n|j| Category Colossal\n","uploadtime":1606371598,"views":78,"p1id":"glaed13","p2id":"yuurialbine","formatid":"gen8ou","rating":1731,"private":0,"password":null}