{"id":"gen8uu-1534934389","p1":"NoahDeKnight","p2":"cump4","format":"gen8uu","log":"|html|<div class=\"broadcast-blue\"><strong>[Gen 8] UU is currently suspecting Aegislash! For information on how to participate check out the <a href=\"https:\/\/www.smogon.com\/forums\/threads\/np-ss-uu-stage-11-1-kingslayer.3698890\/\">suspect thread<\/a>.<\/strong><\/div>\n|j|\u2606NoahDeKnight\n|j|\u2606cump4\n|t:|1647808776\n|gametype|singles\n|player|p1|NoahDeKnight|wikstrom|1278\n|player|p2|cump4|266|1323\n|teamsize|p1|6\n|teamsize|p2|6\n|gen|8\n|tier|[Gen 8] UU\n|rated|\n|rule|Sleep Clause Mod: Limit one foe put to sleep\n|rule|Species Clause: Limit one of each Pok\u00e9mon\n|rule|OHKO Clause: OHKO moves are banned\n|rule|Evasion Moves Clause: Evasion moves are banned\n|rule|Endless Battle Clause: Forcing endless battles is banned\n|rule|HP Percentage Mod: HP is shown in percentages\n|rule|Dynamax Clause: You cannot dynamax\n|clearpoke\n|poke|p1|Nihilego|\n|poke|p1|Azumarill, M|\n|poke|p1|Lycanroc-Dusk, F|\n|poke|p1|Moltres-Galar|\n|poke|p1|Salamence, F|\n|poke|p1|Excadrill, M|\n|poke|p2|Excadrill, M|\n|poke|p2|Amoonguss, M|\n|poke|p2|Chansey, F|\n|poke|p2|Primarina, F|\n|poke|p2|Aegislash, F|\n|poke|p2|Hydreigon, F|\n|teampreview\n|\n|t:|1647808781\n|start\n|switch|p1a: ADCARRY|Excadrill, M|100\/100\n|switch|p2a: Aegislash|Aegislash, F, shiny|100\/100\n|-ability|p1a: ADCARRY|Mold Breaker\n|-item|p2a: Aegislash|Air Balloon\n|turn|1\n|\n|t:|1647808789\n|move|p1a: ADCARRY|Iron Head|p2a: Aegislash\n|-resisted|p2a: Aegislash\n|-damage|p2a: Aegislash|78\/100\n|-enditem|p2a: Aegislash|Air Balloon\n|cant|p2a: Aegislash|flinch\n|\n|upkeep\n|turn|2\n|\n|t:|1647808794\n|switch|p2a: Excadrill|Excadrill, M|100\/100\n|-ability|p2a: Excadrill|Mold Breaker\n|-item|p2a: Excadrill|Air Balloon\n|move|p1a: ADCARRY|Earthquake|p2a: Excadrill\n|-immune|p2a: Excadrill\n|\n|upkeep\n|turn|3\n|\n|t:|1647808800\n|move|p1a: ADCARRY|Iron Head|p2a: Excadrill\n|-resisted|p2a: Excadrill\n|-damage|p2a: Excadrill|69\/100\n|-enditem|p2a: Excadrill|Air Balloon\n|move|p2a: Excadrill|Iron Head|p1a: ADCARRY\n|-resisted|p1a: ADCARRY\n|-damage|p1a: ADCARRY|72\/100\n|\n|upkeep\n|turn|4\n|\n|t:|1647808803\n|move|p2a: Excadrill|Earthquake|p1a: ADCARRY\n|-supereffective|p1a: ADCARRY\n|-damage|p1a: ADCARRY|0 fnt\n|faint|p1a: ADCARRY\n|\n|upkeep\n|\n|t:|1647808806\n|switch|p1a: mr mencey wencey|Salamence, F|100\/100\n|-ability|p1a: mr mencey wencey|Intimidate|boost\n|-unboost|p2a: Excadrill|atk|1\n|turn|5\n|\n|t:|1647808812\n|switch|p2a: Chansey|Chansey, F|100\/100\n|move|p1a: mr mencey wencey|Dragon Dance|p1a: mr mencey wencey\n|-boost|p1a: mr mencey wencey|atk|1\n|-boost|p1a: mr mencey wencey|spe|1\n|\n|upkeep\n|turn|6\n|\n|t:|1647808816\n|move|p1a: mr mencey wencey|Outrage|p2a: Chansey\n|-damage|p2a: Chansey|38\/100\n|move|p2a: Chansey|Toxic|p1a: mr mencey wencey\n|-status|p1a: mr mencey wencey|tox\n|\n|-damage|p1a: mr mencey wencey|94\/100 tox|[from] psn\n|upkeep\n|turn|7\n|\n|t:|1647808823\n|switch|p2a: Primarina|Primarina, F|100\/100\n|move|p1a: mr mencey wencey|Outrage|p2a: Primarina|[from]lockedmove\n|-immune|p2a: Primarina\n|-start|p1a: mr mencey wencey|confusion|[fatigue]\n|\n|-damage|p1a: mr mencey wencey|82\/100 tox|[from] psn\n|upkeep\n|turn|8\n|\n|t:|1647808831\n|-activate|p1a: mr mencey wencey|confusion\n|move|p1a: mr mencey wencey|Dual Wingbeat|p2a: Primarina\n|-damage|p2a: Primarina|56\/100\n|-crit|p2a: Primarina\n|-damage|p2a: Primarina|0 fnt\n|faint|p2a: Primarina\n|-hitcount|p2: Primarina|2\n|\n|-damage|p1a: mr mencey wencey|64\/100 tox|[from] psn\n|upkeep\n|\n|t:|1647808841\n|switch|p2a: Amoonguss|Amoonguss, M, shiny|100\/100\n|turn|9\n|\n|t:|1647808843\n|-end|p1a: mr mencey wencey|confusion\n|move|p1a: mr mencey wencey|Dual Wingbeat|p2a: Amoonguss\n|-supereffective|p2a: Amoonguss\n|-damage|p2a: Amoonguss|55\/100\n|-damage|p1a: mr mencey wencey|48\/100 tox|[from] item: Rocky Helmet|[of] p2a: Amoonguss\n|-supereffective|p2a: Amoonguss\n|-damage|p2a: Amoonguss|4\/100\n|-damage|p1a: mr mencey wencey|31\/100 tox|[from] item: Rocky Helmet|[of] p2a: Amoonguss\n|-hitcount|p2a: Amoonguss|2\n|move|p2a: Amoonguss|Foul Play|p1a: mr mencey wencey\n|-damage|p1a: mr mencey wencey|0 fnt\n|faint|p1a: mr mencey wencey\n|\n|upkeep\n|\n|t:|1647808853\n|switch|p1a: Dusker|Lycanroc-Dusk, F|100\/100\n|turn|10\n|\n|t:|1647808857\n|switch|p2a: Chansey|Chansey, F|38\/100\n|move|p1a: Dusker|Close Combat|p2a: Chansey\n|-supereffective|p2a: Chansey\n|-damage|p2a: Chansey|0 fnt\n|-unboost|p1a: Dusker|def|1\n|-unboost|p1a: Dusker|spd|1\n|faint|p2a: Chansey\n|-damage|p1a: Dusker|91\/100|[from] item: Life Orb\n|\n|upkeep\n|\n|t:|1647808860\n|switch|p2a: Aegislash|Aegislash, F, shiny|78\/100\n|turn|11\n|\n|t:|1647808867\n|move|p1a: Dusker|Crunch|p2a: Aegislash\n|-supereffective|p2a: Aegislash\n|-damage|p2a: Aegislash|0 fnt\n|faint|p2a: Aegislash\n|-damage|p1a: Dusker|81\/100|[from] item: Life Orb\n|\n|upkeep\n|\n|t:|1647808871\n|switch|p2a: Amoonguss|Amoonguss, M, shiny|38\/100\n|turn|12\n|\n|t:|1647808874\n|move|p1a: Dusker|Psychic Fangs|p2a: Amoonguss\n|-supereffective|p2a: Amoonguss\n|-damage|p2a: Amoonguss|0 fnt\n|-damage|p1a: Dusker|64\/100|[from] item: Rocky Helmet|[of] p2a: Amoonguss\n|faint|p2a: Amoonguss\n|-damage|p1a: Dusker|54\/100|[from] item: Life Orb\n|\n|upkeep\n|\n|t:|1647808879\n|switch|p2a: Excadrill|Excadrill, M|69\/100\n|-ability|p2a: Excadrill|Mold Breaker\n|turn|13\n|-message|cump4 forfeited.\n|\n|win|NoahDeKnight\n|raw|NoahDeKnight's rating: 1278 &rarr; <strong>1306<\/strong><br \/>(+28 for winning)\n|raw|cump4's rating: 1323 &rarr; <strong>1300<\/strong><br \/>(-23 for losing)\n|l|\u2606cump4\n||Ladder isn't responding, score probably updated but might not have (Request timeout).\n","uploadtime":1647808889,"views":17,"p1id":"noahdeknight","p2id":"cump4","formatid":"gen8uu","rating":1300,"private":0,"password":null}