{"id":"gen8ou-1702797113","p1":"IIIodyne","p2":"ImaginaryNeon","format":"gen8ou","log":"|j|\u2606IIIodyne\n|j|\u203dImaginaryNeon\n|inactive|Battle timer is ON: inactive players will automatically lose when time's up.\n|t:|1667585660\n|gametype|singles\n|player|p1|IIIodyne|1|\n|player|p2|ImaginaryNeon|rocketgrunt-gen2|\n|teamsize|p1|6\n|teamsize|p2|6\n|gen|8\n|tier|[Gen 8] OU\n|rated|Tournament battle\n|rule|Sleep Clause Mod: Limit one foe put to sleep\n|rule|Species Clause: Limit one of each Pok\u00e9mon\n|rule|OHKO Clause: OHKO moves are banned\n|rule|Evasion Items Clause: Evasion items are banned\n|rule|Evasion Moves Clause: Evasion moves are banned\n|rule|Endless Battle Clause: Forcing endless battles is banned\n|rule|HP Percentage Mod: HP is shown in percentages\n|rule|Dynamax Clause: You cannot dynamax\n|clearpoke\n|poke|p1|Milotic, F|\n|poke|p1|Weezing-Galar, F|\n|poke|p1|Incineroar, F|\n|poke|p1|Bronzong|\n|poke|p1|Snorlax, M|\n|poke|p1|Maractus, M|\n|poke|p2|Raboot, M|\n|poke|p2|Regigigas|\n|poke|p2|Miltank, F|\n|poke|p2|Hitmonchan, M|\n|poke|p2|Golurk|\n|poke|p2|Pichu, M|\n|teampreview\n|inactive|IIIodyne also wants the timer to be on.\n|\n|t:|1667585671\n|start\n|switch|p1a: Milotic|Milotic, F|100\/100\n|switch|p2a: Pichu|Pichu, M, shiny|100\/100\n|turn|1\n|inactive|ImaginaryNeon has 120 seconds left.\n|\n|t:|1667585715\n|switch|p1a: Incineroar|Incineroar, F|100\/100\n|-ability|p1a: Incineroar|Intimidate|boost\n|-unboost|p2a: Pichu|atk|1\n|move|p2a: Pichu|Fake Out|p1a: Incineroar\n|-crit|p1a: Incineroar\n|-damage|p1a: Incineroar|91\/100\n|\n|-heal|p1a: Incineroar|97\/100|[from] item: Leftovers\n|upkeep\n|turn|2\n|\n|t:|1667585726\n|move|p2a: Pichu|Toxic|p1a: Incineroar\n|-status|p1a: Incineroar|tox\n|move|p1a: Incineroar|Will-O-Wisp|p2a: Pichu\n|-status|p2a: Pichu|brn\n|\n|-heal|p1a: Incineroar|100\/100 tox|[from] item: Leftovers\n|-damage|p1a: Incineroar|94\/100 tox|[from] psn\n|-damage|p2a: Pichu|94\/100 brn|[from] brn\n|upkeep\n|turn|3\n|\n|t:|1667585733\n|move|p2a: Pichu|Endeavor|p1a: Incineroar\n|-damage|p1a: Incineroar|38\/100 tox\n|move|p1a: Incineroar|Parting Shot|p2a: Pichu\n|-unboost|p2a: Pichu|atk|1\n|-unboost|p2a: Pichu|spa|1\n|\n|t:|1667585755\n|switch|p1a: Weezing|Weezing-Galar, F|100\/100|[from]move: Parting Shot\n|\n|-damage|p2a: Pichu|88\/100 brn|[from] brn\n|upkeep\n|turn|4\n|\n|t:|1667585763\n|switch|p1a: Incineroar|Incineroar, F|38\/100 tox\n|-ability|p1a: Incineroar|Intimidate|boost\n|-unboost|p2a: Pichu|atk|1\n|move|p2a: Pichu|Endeavor|p1a: Incineroar\n|-damage|p1a: Incineroar|36\/100 tox\n|\n|-heal|p1a: Incineroar|42\/100 tox|[from] item: Leftovers\n|-damage|p1a: Incineroar|36\/100 tox|[from] psn\n|-damage|p2a: Pichu|82\/100 brn|[from] brn\n|upkeep\n|turn|5\n|\n|t:|1667585771\n|move|p2a: Pichu|Reversal|p1a: Incineroar\n|-supereffective|p1a: Incineroar\n|-damage|p1a: Incineroar|34\/100 tox\n|move|p1a: Incineroar|Knock Off|p2a: Pichu\n|-damage|p2a: Pichu|0 fnt\n|-enditem|p2a: Pichu|Focus Sash|[from] move: Knock Off|[of] p1a: Incineroar\n|faint|p2a: Pichu\n|\n|-heal|p1a: Incineroar|40\/100 tox|[from] item: Leftovers\n|-damage|p1a: Incineroar|28\/100 tox|[from] psn\n|upkeep\n|\n|t:|1667585781\n|switch|p2a: Hitmonchan|Hitmonchan, M|100\/100\n|turn|6\n|\n|t:|1667585788\n|switch|p1a: Weezing|Weezing-Galar, F|100\/100\n|move|p2a: Hitmonchan|Drain Punch|p1a: Weezing\n|-resisted|p1a: Weezing\n|-damage|p1a: Weezing|94\/100\n|-damage|p2a: Hitmonchan|84\/100|[from] item: Rocky Helmet|[of] p1a: Weezing\n|\n|upkeep\n|turn|7\n|\n|t:|1667585793\n|switch|p1a: Incineroar|Incineroar, F|28\/100 tox\n|-ability|p1a: Incineroar|Intimidate|boost\n|-unboost|p2a: Hitmonchan|atk|1\n|move|p2a: Hitmonchan|Bullet Punch|p1a: Incineroar\n|-resisted|p1a: Incineroar\n|-damage|p1a: Incineroar|23\/100 tox\n|\n|-heal|p1a: Incineroar|29\/100 tox|[from] item: Leftovers\n|-damage|p1a: Incineroar|23\/100 tox|[from] psn\n|upkeep\n|turn|8\n|\n|t:|1667585803\n|switch|p2a: Regigigas|Regigigas|100\/100\n|-start|p2a: Regigigas|ability: Slow Start\n|move|p1a: Incineroar|Flare Blitz|p2a: Regigigas\n|-damage|p2a: Regigigas|66\/100\n|-damage|p1a: Incineroar|12\/100 tox|[from] Recoil\n|\n|-heal|p1a: Incineroar|18\/100 tox|[from] item: Leftovers\n|-heal|p2a: Regigigas|72\/100|[from] item: Leftovers\n|-damage|p1a: Incineroar|6\/100 tox|[from] psn\n|upkeep\n|turn|9\n|\n|t:|1667585809\n|move|p1a: Incineroar|Will-O-Wisp|p2a: Regigigas\n|-status|p2a: Regigigas|brn\n|move|p2a: Regigigas|Ancient Power|p1a: Incineroar\n|-supereffective|p1a: Incineroar\n|-damage|p1a: Incineroar|0 fnt\n|faint|p1a: Incineroar\n|\n|-heal|p2a: Regigigas|78\/100 brn|[from] item: Leftovers\n|-damage|p2a: Regigigas|72\/100 brn|[from] brn\n|upkeep\n|\n|t:|1667585821\n|switch|p1a: Maractus|Maractus, M|100\/100\n|turn|10\n|\n|t:|1667585839\n|move|p1a: Maractus|Leech Seed|p2a: Regigigas\n|-start|p2a: Regigigas|move: Leech Seed\n|move|p2a: Regigigas|Earth Power|p1a: Maractus\n|-resisted|p1a: Maractus\n|-damage|p1a: Maractus|90\/100\n|\n|-heal|p1a: Maractus|96\/100|[from] item: Leftovers\n|-heal|p2a: Regigigas|78\/100 brn|[from] item: Leftovers\n|-damage|p2a: Regigigas|66\/100 brn|[from] Leech Seed|[of] p1a: Maractus\n|-heal|p1a: Maractus|100\/100|[silent]\n|-damage|p2a: Regigigas|60\/100 brn|[from] brn\n|upkeep\n|turn|11\n|\n|t:|1667585851\n|-end|p2a: Regigigas|Slow Start|[silent]\n|switch|p2a: Miltank|Miltank, F|100\/100\n|move|p1a: Maractus|Cotton Guard|p1a: Maractus\n|-boost|p1a: Maractus|def|3\n|\n|upkeep\n|turn|12\n|\n|t:|1667585854\n|move|p2a: Miltank|Attract|p1a: Maractus\n|-start|p1a: Maractus|Attract\n|-activate|p1a: Maractus|move: Attract|[of] p2a: Miltank\n|move|p1a: Maractus|Cotton Guard|p1a: Maractus\n|-boost|p1a: Maractus|def|3\n|\n|upkeep\n|turn|13\n|j| Unviabriel\n|\n|t:|1667585860\n|move|p2a: Miltank|Body Slam|p1a: Maractus\n|-damage|p1a: Maractus|90\/100\n|-activate|p1a: Maractus|move: Attract|[of] p2a: Miltank\n|move|p1a: Maractus|Leech Seed|p2a: Miltank|[miss]\n|-miss|p1a: Maractus|p2a: Miltank\n|\n|-heal|p1a: Maractus|96\/100|[from] item: Leftovers\n|upkeep\n|turn|14\n|\n|t:|1667585865\n|move|p2a: Miltank|Body Slam|p1a: Maractus\n|-damage|p1a: Maractus|85\/100\n|-activate|p1a: Maractus|move: Attract|[of] p2a: Miltank\n|move|p1a: Maractus|Leech Seed|p2a: Miltank\n|-start|p2a: Miltank|move: Leech Seed\n|\n|-heal|p1a: Maractus|91\/100|[from] item: Leftovers\n|-damage|p2a: Miltank|88\/100|[from] Leech Seed|[of] p1a: Maractus\n|-heal|p1a: Maractus|100\/100|[silent]\n|upkeep\n|turn|15\n|\n|t:|1667585873\n|-activate|p1a: Maractus|move: Attract|[of] p2a: Miltank\n|move|p1a: Maractus|Spiky Shield|p1a: Maractus\n|-singleturn|p1a: Maractus|move: Protect\n|move|p2a: Miltank|Body Slam|p1a: Maractus\n|-activate|p1a: Maractus|move: Protect\n|-damage|p2a: Miltank|76\/100|[from] Spiky Shield|[of] p1a: Maractus\n|\n|-damage|p2a: Miltank|63\/100|[from] Leech Seed|[of] p1a: Maractus\n|upkeep\n|turn|16\n|\n|t:|1667585881\n|move|p2a: Miltank|Body Slam|p1a: Maractus\n|-damage|p1a: Maractus|90\/100\n|-activate|p1a: Maractus|move: Attract|[of] p2a: Miltank\n|move|p1a: Maractus|Giga Drain|p2a: Miltank\n|-damage|p2a: Miltank|36\/100\n|-heal|p1a: Maractus|100\/100|[from] drain|[of] p2a: Miltank\n|\n|-damage|p2a: Miltank|24\/100|[from] Leech Seed|[of] p1a: Maractus\n|upkeep\n|turn|17\n|\n|t:|1667585887\n|move|p2a: Miltank|Milk Drink|p2a: Miltank\n|-heal|p2a: Miltank|74\/100\n|-activate|p1a: Maractus|move: Attract|[of] p2a: Miltank\n|cant|p1a: Maractus|Attract\n|\n|-damage|p2a: Miltank|62\/100|[from] Leech Seed|[of] p1a: Maractus\n|upkeep\n|turn|18\n|\n|t:|1667585897\n|move|p2a: Miltank|Body Slam|p1a: Maractus\n|-damage|p1a: Maractus|90\/100\n|-activate|p1a: Maractus|move: Attract|[of] p2a: Miltank\n|move|p1a: Maractus|Giga Drain|p2a: Miltank\n|-damage|p2a: Miltank|35\/100\n|-heal|p1a: Maractus|100\/100|[from] drain|[of] p2a: Miltank\n|\n|-damage|p2a: Miltank|23\/100|[from] Leech Seed|[of] p1a: Maractus\n|upkeep\n|turn|19\n|j|@SetsuStsna\n|\n|t:|1667585905\n|move|p2a: Miltank|Milk Drink|p2a: Miltank\n|-heal|p2a: Miltank|73\/100\n|-activate|p1a: Maractus|move: Attract|[of] p2a: Miltank\n|move|p1a: Maractus|Giga Drain|p2a: Miltank\n|-damage|p2a: Miltank|44\/100\n|\n|-damage|p2a: Miltank|32\/100|[from] Leech Seed|[of] p1a: Maractus\n|upkeep\n|turn|20\n|\n|t:|1667585916\n|-activate|p1a: Maractus|move: Attract|[of] p2a: Miltank\n|cant|p1a: Maractus|Attract\n|move|p2a: Miltank|Milk Drink|p2a: Miltank\n|-heal|p2a: Miltank|82\/100\n|\n|-damage|p2a: Miltank|69\/100|[from] Leech Seed|[of] p1a: Maractus\n|upkeep\n|turn|21\n|\n|t:|1667585925\n|switch|p1a: Weezing|Weezing-Galar, F|94\/100\n|move|p2a: Miltank|Body Slam|p1a: Weezing\n|-damage|p1a: Weezing|74\/100\n|-damage|p2a: Miltank|53\/100|[from] item: Rocky Helmet|[of] p1a: Weezing\n|\n|-damage|p2a: Miltank|40\/100|[from] Leech Seed|[of] p1a: Weezing\n|-heal|p1a: Weezing|86\/100|[silent]\n|upkeep\n|turn|22\n|j| oigwlojg\n|\n|t:|1667585938\n|switch|p2a: Raboot|Raboot, M|100\/100\n|move|p1a: Weezing|Toxic|p2a: Raboot\n|-status|p2a: Raboot|tox\n|\n|-damage|p2a: Raboot|95\/100 tox|[from] psn\n|upkeep\n|turn|23\n|\n|t:|1667585967\n|switch|p1a: Milotic|Milotic, F|100\/100\n|move|p2a: Raboot|Flare Blitz|p1a: Milotic\n|-resisted|p1a: Milotic\n|-crit|p1a: Milotic\n|-damage|p1a: Milotic|73\/100\n|-damage|p2a: Raboot|82\/100 tox|[from] Recoil\n|\n|-heal|p1a: Milotic|80\/100|[from] item: Leftovers\n|-damage|p2a: Raboot|70\/100 tox|[from] psn\n|upkeep\n|turn|24\n|\n|t:|1667585979\n|switch|p2a: Regigigas|Regigigas|60\/100 brn\n|-start|p2a: Regigigas|ability: Slow Start\n|move|p1a: Milotic|Scald|p2a: Regigigas\n|-damage|p2a: Regigigas|37\/100 brn\n|\n|-heal|p1a: Milotic|86\/100|[from] item: Leftovers\n|-heal|p2a: Regigigas|43\/100 brn|[from] item: Leftovers\n|-damage|p2a: Regigigas|37\/100 brn|[from] brn\n|upkeep\n|turn|25\n|\n|t:|1667585987\n|move|p1a: Milotic|Scald|p2a: Regigigas\n|-damage|p2a: Regigigas|15\/100 brn\n|move|p2a: Regigigas|Thunderbolt|p1a: Milotic\n|-supereffective|p1a: Milotic\n|-damage|p1a: Milotic|45\/100\n|\n|-heal|p1a: Milotic|51\/100|[from] item: Leftovers\n|-heal|p2a: Regigigas|21\/100 brn|[from] item: Leftovers\n|-damage|p2a: Regigigas|15\/100 brn|[from] brn\n|upkeep\n|turn|26\n|\n|t:|1667585997\n|-end|p2a: Regigigas|Slow Start|[silent]\n|switch|p2a: Hitmonchan|Hitmonchan, M|84\/100\n|move|p1a: Milotic|Recover|p1a: Milotic\n|-heal|p1a: Milotic|100\/100\n|\n|upkeep\n|turn|27\n|\n|t:|1667586001\n|switch|p1a: Weezing|Weezing-Galar, F|86\/100\n|move|p2a: Hitmonchan|Drain Punch|p1a: Weezing\n|-resisted|p1a: Weezing\n|-damage|p1a: Weezing|79\/100\n|-heal|p2a: Hitmonchan|89\/100|[from] drain|[of] p1a: Weezing\n|-damage|p2a: Hitmonchan|72\/100|[from] item: Rocky Helmet|[of] p1a: Weezing\n|\n|upkeep\n|turn|28\n|\n|t:|1667586006\n|move|p2a: Hitmonchan|Bullet Punch|p1a: Weezing\n|-supereffective|p1a: Weezing\n|-crit|p1a: Weezing\n|-damage|p1a: Weezing|48\/100\n|-damage|p2a: Hitmonchan|55\/100|[from] item: Rocky Helmet|[of] p1a: Weezing\n|move|p1a: Weezing|Strange Steam|p2a: Hitmonchan\n|-supereffective|p2a: Hitmonchan\n|-damage|p2a: Hitmonchan|17\/100\n|\n|upkeep\n|turn|29\n|\n|t:|1667586011\n|switch|p2a: Golurk|Golurk|100\/100\n|switch|p1a: Maractus|Maractus, M|100\/100\n|\n|upkeep\n|turn|30\n|\n|t:|1667586015\n|move|p1a: Maractus|Giga Drain|p2a: Golurk\n|-supereffective|p2a: Golurk\n|-crit|p2a: Golurk\n|-damage|p2a: Golurk|45\/100\n|move|p2a: Golurk|Dynamic Punch|p1a: Maractus\n|-damage|p1a: Maractus|50\/100\n|-start|p1a: Maractus|confusion\n|\n|-heal|p1a: Maractus|56\/100|[from] item: Leftovers\n|upkeep\n|turn|31\n|\n|t:|1667586028\n|switch|p1a: Weezing|Weezing-Galar, F|48\/100\n|switch|p2a: Hitmonchan|Hitmonchan, M|17\/100\n|\n|upkeep\n|turn|32\n|\n|t:|1667586035\n|switch|p2a: Regigigas|Regigigas|15\/100 brn\n|-start|p2a: Regigigas|ability: Slow Start\n|move|p1a: Weezing|Clear Smog|p2a: Regigigas\n|-damage|p2a: Regigigas|3\/100 brn\n|-clearboost|p2a: Regigigas\n|\n|-heal|p2a: Regigigas|9\/100 brn|[from] item: Leftovers\n|-damage|p2a: Regigigas|3\/100 brn|[from] brn\n|upkeep\n|turn|33\n|\n|t:|1667586045\n|move|p1a: Weezing|Clear Smog|p2a: Regigigas\n|-damage|p2a: Regigigas|0 fnt\n|-clearboost|p2a: Regigigas\n|faint|p2a: Regigigas\n|-end|p2a: Regigigas|Slow Start|[silent]\n|\n|upkeep\n|\n|t:|1667586058\n|switch|p2a: Hitmonchan|Hitmonchan, M|17\/100\n|turn|34\n|\n|t:|1667586068\n|switch|p1a: Milotic|Milotic, F|100\/100\n|move|p2a: Hitmonchan|Bullet Punch|p1a: Milotic\n|-resisted|p1a: Milotic\n|-damage|p1a: Milotic|95\/100\n|\n|-heal|p1a: Milotic|100\/100|[from] item: Leftovers\n|upkeep\n|turn|35\n|\n|t:|1667586075\n|move|p1a: Milotic|Scald|p2a: Hitmonchan\n|-damage|p2a: Hitmonchan|0 fnt\n|faint|p2a: Hitmonchan\n|\n|upkeep\n|\n|t:|1667586091\n|switch|p2a: Raboot|Raboot, M|70\/100 tox\n|turn|36\n|\n|t:|1667586095\n|move|p2a: Raboot|Gunk Shot|p1a: Milotic|[miss]\n|-start|p2a: Raboot|typechange|Poison|[from] ability: Libero\n|-miss|p2a: Raboot|p1a: Milotic\n|move|p1a: Milotic|Scald|p2a: Raboot\n|-damage|p2a: Raboot|32\/100 tox\n|\n|-damage|p2a: Raboot|26\/100 tox|[from] psn\n|upkeep\n|turn|37\n|\n|t:|1667586100\n|move|p2a: Raboot|Gunk Shot|p1a: Milotic\n|-damage|p1a: Milotic|63\/100\n|move|p1a: Milotic|Scald|p2a: Raboot\n|-damage|p2a: Raboot|0 fnt\n|faint|p2a: Raboot\n|\n|-heal|p1a: Milotic|69\/100|[from] item: Leftovers\n|upkeep\n|\n|t:|1667586107\n|switch|p2a: Miltank|Miltank, F|40\/100\n|turn|38\n|l| oigwlojg\n|\n|t:|1667586134\n|switch|p1a: Weezing|Weezing-Galar, F|48\/100\n|move|p2a: Miltank|Milk Drink|p2a: Miltank\n|-heal|p2a: Miltank|91\/100\n|\n|upkeep\n|turn|39\n|\n|t:|1667586153\n|move|p2a: Miltank|Body Slam|p1a: Weezing\n|-damage|p1a: Weezing|28\/100\n|-damage|p2a: Miltank|74\/100|[from] item: Rocky Helmet|[of] p1a: Weezing\n|move|p1a: Weezing|Toxic|p2a: Miltank\n|-status|p2a: Miltank|tox\n|\n|-damage|p2a: Miltank|68\/100 tox|[from] psn\n|upkeep\n|turn|40\n|\n|t:|1667586162\n|move|p2a: Miltank|Body Slam|p1a: Weezing\n|-damage|p1a: Weezing|9\/100\n|-status|p1a: Weezing|par\n|-damage|p2a: Miltank|51\/100 tox|[from] item: Rocky Helmet|[of] p1a: Weezing\n|move|p1a: Weezing|Strange Steam|p2a: Miltank\n|-damage|p2a: Miltank|23\/100 tox\n|\n|-damage|p2a: Miltank|11\/100 tox|[from] psn\n|upkeep\n|turn|41\n|\n|t:|1667586167\n|switch|p1a: Milotic|Milotic, F|69\/100\n|move|p2a: Miltank|Milk Drink|p2a: Miltank\n|-heal|p2a: Miltank|61\/100 tox\n|\n|-heal|p1a: Milotic|75\/100|[from] item: Leftovers\n|-damage|p2a: Miltank|43\/100 tox|[from] psn\n|upkeep\n|turn|42\n|\n|t:|1667586174\n|switch|p2a: Golurk|Golurk|45\/100\n|move|p1a: Milotic|Recover|p1a: Milotic\n|-heal|p1a: Milotic|100\/100\n|\n|upkeep\n|turn|43\n|\n|t:|1667586183\n|move|p1a: Milotic|Scald|p2a: Golurk\n|-supereffective|p2a: Golurk\n|-damage|p2a: Golurk|7\/100\n|move|p2a: Golurk|Dynamic Punch|p1a: Milotic\n|-damage|p1a: Milotic|71\/100\n|-start|p1a: Milotic|confusion\n|\n|-heal|p1a: Milotic|77\/100|[from] item: Leftovers\n|upkeep\n|turn|44\n|\n|t:|1667586192\n|-activate|p1a: Milotic|confusion\n|move|p1a: Milotic|Scald|p2a: Golurk\n|-supereffective|p2a: Golurk\n|-crit|p2a: Golurk\n|-damage|p2a: Golurk|0 fnt\n|faint|p2a: Golurk\n|\n|-heal|p1a: Milotic|84\/100|[from] item: Leftovers\n|upkeep\n|\n|t:|1667586195\n|switch|p2a: Miltank|Miltank, F|43\/100 tox\n|turn|45\n|\n|t:|1667586198\n|move|p2a: Miltank|Milk Drink|p2a: Miltank\n|-heal|p2a: Miltank|93\/100 tox\n|-activate|p1a: Milotic|confusion\n|-damage|p1a: Milotic|80\/100|[from] confusion\n|\n|-heal|p1a: Milotic|86\/100|[from] item: Leftovers\n|-damage|p2a: Miltank|87\/100 tox|[from] psn\n|upkeep\n|turn|46\n|\n|t:|1667586207\n|move|p2a: Miltank|Body Slam|p1a: Milotic\n|-damage|p1a: Milotic|64\/100\n|-status|p1a: Milotic|par\n|-activate|p1a: Milotic|confusion\n|move|p1a: Milotic|Scald|p2a: Miltank\n|-damage|p2a: Miltank|58\/100 tox\n|\n|-heal|p1a: Milotic|71\/100 par|[from] item: Leftovers\n|-damage|p2a: Miltank|46\/100 tox|[from] psn\n|upkeep\n|turn|47\n|\n|t:|1667586216\n|switch|p1a: Weezing|Weezing-Galar, F|9\/100 par\n|move|p2a: Miltank|Milk Drink|p2a: Miltank\n|-heal|p2a: Miltank|96\/100 tox\n|\n|-damage|p2a: Miltank|78\/100 tox|[from] psn\n|upkeep\n|turn|48\n|\n|t:|1667586222\n|move|p2a: Miltank|Fire Punch|p1a: Weezing\n|-damage|p1a: Weezing|0 fnt\n|-damage|p2a: Miltank|61\/100 tox|[from] item: Rocky Helmet|[of] p1a: Weezing\n|faint|p1a: Weezing\n|\n|-damage|p2a: Miltank|37\/100 tox|[from] psn\n|upkeep\n|\n|t:|1667586225\n|switch|p1a: Maractus|Maractus, M|56\/100\n|turn|49\n|\n|t:|1667586229\n|move|p1a: Maractus|Spiky Shield|p1a: Maractus\n|-singleturn|p1a: Maractus|move: Protect\n|move|p2a: Miltank|Milk Drink|p2a: Miltank\n|-heal|p2a: Miltank|87\/100 tox\n|\n|-heal|p1a: Maractus|62\/100|[from] item: Leftovers\n|-damage|p2a: Miltank|57\/100 tox|[from] psn\n|upkeep\n|turn|50\n|\n|t:|1667586233\n|switch|p1a: Milotic|Milotic, F|71\/100 par\n|move|p2a: Miltank|Attract||[still]\n|-fail|p2a: Miltank\n|\n|-heal|p1a: Milotic|77\/100 par|[from] item: Leftovers\n|-damage|p2a: Miltank|21\/100 tox|[from] psn\n|upkeep\n|turn|51\n|\n|t:|1667586238\n|switch|p1a: Maractus|Maractus, M|62\/100\n|move|p2a: Miltank|Body Slam|p1a: Maractus\n|-damage|p1a: Maractus|25\/100\n|\n|-heal|p1a: Maractus|31\/100|[from] item: Leftovers\n|-damage|p2a: Miltank|0 fnt|[from] psn\n|faint|p2a: Miltank\n|\n|win|IIIodyne\n|upkeep\n|n|\u2606IIIodyne|iiiodyne\n|n|\u203dImaginaryNeon|imaginaryneon\n|n| Unviabriel|unviabriel\n|n| SetsuStsna|setsustsna\n","uploadtime":1667586249,"views":15,"p1id":"iiiodyne","p2id":"imaginaryneon","formatid":"gen8ou","rating":0,"private":0,"password":null}