{"id":"gen8balancedhackmons-1153154754","p1":"WinjaStar","p2":"BaddyGames","format":"gen8balancedhackmons","log":"|j|\u2606WinjaStar\n|j|\u2606BaddyGames\n|player|p1|WinjaStar|169|1372\n|player|p2|BaddyGames|275|1480\n|teamsize|p1|6\n|teamsize|p2|6\n|gametype|singles\n|gen|8\n|tier|[Gen 8] Balanced Hackmons\n|rated|\n|rule|OHKO Clause: OHKO moves are banned\n|rule|Evasion Moves Clause: Evasion moves are banned\n|rule|Forme Clause: Limit one of each forme of a Pok\u00e9mon\n|clearpoke\n|poke|p1|Golurk|\n|poke|p1|Dragapult, M|\n|poke|p1|Obstagoon, F|\n|poke|p1|Melmetal|\n|poke|p1|Weezing-Galar, L1, M|\n|poke|p1|Cramorant-Gorging, F|\n|poke|p2|Dragapult, F|\n|poke|p2|Darmanitan-Galar-Zen, F|\n|poke|p2|Melmetal|\n|poke|p2|Kyurem-Black|\n|poke|p2|Chansey, F|\n|poke|p2|Zamazenta-Crowned|\n|rule|HP Percentage Mod: HP is shown in percentages\n|rule|Sleep Clause Mod: Limit one foe put to sleep\n|rule|Endless Battle Clause: Forcing endless battles is banned\n|teampreview\n|inactive|Battle timer is ON: inactive players will automatically lose when time's up. (requested by BaddyGames)\n|\n|start\n|switch|p1a: Cramorant|Cramorant-Gorging, F|100\/100\n|switch|p2a: Melmetal|Melmetal|100\/100\n|turn|1\n|\n|move|p2a: Melmetal|Substitute|p2a: Melmetal\n|-start|p2a: Melmetal|Substitute\n|-damage|p2a: Melmetal|76\/100\n|move|p1a: Cramorant|Parting Shot|p2a: Melmetal\n|-unboost|p2a: Melmetal|atk|1\n|-unboost|p2a: Melmetal|spa|1\n|\n|switch|p1a: Weezing|Weezing-Galar, L1, M, shiny|100\/100|[from]move: Parting Shot\n|\n|-heal|p2a: Melmetal|82\/100|[from] item: Leftovers\n|upkeep\n|turn|2\n|\n|switch|p2a: Chansey|Chansey, F|100\/100\n|-transform|p2a: Chansey|p1a: Weezing|[from] ability: Imposter\n|move|p1a: Weezing|Endeavor|p2a: Chansey\n|-damage|p2a: Chansey|2\/100\n|\n|upkeep\n|turn|3\n|inactive|BaddyGames has 120 seconds left.\n|\n|switch|p2a: Dragapult|Dragapult, F|100\/100\n|move|p1a: Weezing|Spiky Shield||[still]\n|-fail|p1a: Weezing\n|\n|upkeep\n|turn|4\n|\n|switch|p1a: Cramorant|Cramorant-Gorging, F|100\/100\n|move|p2a: Dragapult|Shift Gear|p2a: Dragapult\n|-boost|p2a: Dragapult|spe|2\n|-boost|p2a: Dragapult|atk|1\n|\n|upkeep\n|turn|5\n|\n|move|p2a: Dragapult|Multi-Attack|p1a: Cramorant\n|-damage|p1a: Cramorant|6\/100\n|-damage|p2a: Dragapult|75\/100|[from] ability: Gulp Missile|[of] p1a: Cramorant\n|-status|p2a: Dragapult|par\n|-formechange|p1a: Cramorant|Cramorant|\n|move|p1a: Cramorant|Parting Shot|p2a: Dragapult\n|-unboost|p2a: Dragapult|atk|1\n|-unboost|p2a: Dragapult|spa|1\n|\n|switch|p1a: Obstagoon|Obstagoon, F|100\/100|[from]move: Parting Shot\n|\n|upkeep\n|turn|6\n|\n|move|p2a: Dragapult|Entrainment|p1a: Obstagoon\n|-endability|p1a: Obstagoon|Simple|[from] move: Entrainment\n|-ability|p1a: Obstagoon|Normalize|[from] move: Entrainment\n|move|p1a: Obstagoon|Cotton Guard|p1a: Obstagoon\n|-boost|p1a: Obstagoon|def|3\n|\n|upkeep\n|turn|7\n|\n|switch|p2a: Zamazenta|Zamazenta-Crowned|100\/100\n|switch|p1a: Melmetal|Melmetal|100\/100\n|\n|upkeep\n|turn|8\n|\n|switch|p1a: Obstagoon|Obstagoon, F|100\/100\n|move|p2a: Zamazenta|Body Press|p1a: Obstagoon\n|-supereffective|p1a: Obstagoon\n|-damage|p1a: Obstagoon|0 fnt\n|faint|p1a: Obstagoon\n|\n|upkeep\n|\n|switch|p1a: Cramorant|Cramorant-Gorging, F|6\/100\n|turn|9\n|\n|move|p2a: Zamazenta|Stealth Rock|p1a: Cramorant\n|-sidestart|p1: WinjaStar|move: Stealth Rock\n|move|p1a: Cramorant|Shore Up|p1a: Cramorant\n|-heal|p1a: Cramorant|56\/100\n|\n|upkeep\n|turn|10\n|\n|move|p1a: Cramorant|Shore Up|p1a: Cramorant\n|-heal|p1a: Cramorant|100\/100\n|move|p2a: Zamazenta|Whirlwind|p1a: Cramorant\n|drag|p1a: Dragapult|Dragapult, M|100\/100\n|-damage|p1a: Dragapult|88\/100|[from] Stealth Rock\n|\n|upkeep\n|turn|11\n|j| QingXin\n|\n|move|p1a: Dragapult|Taunt|p2a: Zamazenta\n|-start|p2a: Zamazenta|move: Taunt\n|cant|p2a: Zamazenta|move: Taunt|Whirlwind\n|\n|upkeep\n|turn|12\n|\n|switch|p2a: Chansey|Chansey, F|2\/100\n|-transform|p2a: Chansey|p1a: Dragapult|[from] ability: Imposter\n|move|p1a: Dragapult|Snap Trap|p2a: Chansey\n|-immune|p2a: Chansey\n|\n|upkeep\n|turn|13\n|\n|switch|p2a: Melmetal|Melmetal|82\/100\n|move|p1a: Dragapult|Multi-Attack|p2a: Melmetal\n|-damage|p2a: Melmetal|57\/100\n|\n|-heal|p2a: Melmetal|64\/100|[from] item: Leftovers\n|upkeep\n|turn|14\n|\n|move|p2a: Melmetal|Substitute|p2a: Melmetal\n|-start|p2a: Melmetal|Substitute\n|-damage|p2a: Melmetal|39\/100\n|move|p1a: Dragapult|Taunt|p2a: Melmetal\n|-start|p2a: Melmetal|move: Taunt\n|\n|-heal|p2a: Melmetal|45\/100|[from] item: Leftovers\n|upkeep\n|turn|15\n|\n|switch|p2a: Chansey|Chansey, F|2\/100\n|-transform|p2a: Chansey|p1a: Dragapult|[from] ability: Imposter\n|move|p1a: Dragapult|Multi-Attack|p2a: Chansey\n|-supereffective|p2a: Chansey\n|-damage|p2a: Chansey|0 fnt\n|faint|p2a: Chansey\n|\n|upkeep\n|\n|switch|p2a: Kyurem|Kyurem-Black|100\/100\n|turn|16\n|\n|move|p1a: Dragapult|Entrainment|p2a: Kyurem\n|-endability|p2a: Kyurem|Unburden|[from] move: Entrainment\n|-ability|p2a: Kyurem|Normalize|[from] move: Entrainment\n|move|p2a: Kyurem|Belly Drum|p2a: Kyurem\n|-damage|p2a: Kyurem|50\/100\n|-setboost|p2a: Kyurem|atk|6|[from] move: Belly Drum\n|-enditem|p2a: Kyurem|Sitrus Berry|[eat]\n|-heal|p2a: Kyurem|75\/100|[from] item: Sitrus Berry\n|\n|upkeep\n|turn|17\n|\n|switch|p2a: Dragapult|Dragapult, F|75\/100 par\n|move|p1a: Dragapult|Snap Trap|p2a: Dragapult\n|-immune|p2a: Dragapult\n|\n|upkeep\n|turn|18\n|\n|move|p1a: Dragapult|Multi-Attack|p2a: Dragapult\n|-supereffective|p2a: Dragapult\n|-crit|p2a: Dragapult\n|-damage|p2a: Dragapult|0 fnt\n|faint|p2a: Dragapult\n|\n|upkeep\n|\n|switch|p2a: Kyurem|Kyurem-Black|75\/100\n|turn|19\n|inactive|BaddyGames has 120 seconds left.\n|\n|switch|p1a: Cramorant|Cramorant-Gorging, F|100\/100\n|-damage|p1a: Cramorant|75\/100|[from] Stealth Rock\n|move|p2a: Kyurem|Dragon Darts|p1a: Cramorant\n|-damage|p1a: Cramorant|39\/100\n|-damage|p2a: Kyurem|50\/100|[from] ability: Gulp Missile|[of] p1a: Cramorant\n|-status|p2a: Kyurem|par\n|-formechange|p1a: Cramorant|Cramorant|\n|-anim|p2a: Kyurem|Dragon Darts|p1a: Cramorant\n|-damage|p1a: Cramorant|0 fnt\n|faint|p1a: Cramorant\n|\n|upkeep\n|\n|switch|p1a: Melmetal|Melmetal|100\/100\n|-damage|p1a: Melmetal|94\/100|[from] Stealth Rock\n|turn|20\n|\n|move|p1a: Melmetal|Defog|p2a: Kyurem\n|-unboost|p2a: Kyurem|evasion|1\n|-sideend|p1: WinjaStar|Stealth Rock|[from] move: Defog|[of] p1a: Melmetal\n|move|p2a: Kyurem|Earthquake|p1a: Melmetal\n|-supereffective|p1a: Melmetal\n|-damage|p1a: Melmetal|53\/100\n|\n|upkeep\n|turn|21\n|\n|move|p2a: Kyurem|Earthquake|p1a: Melmetal\n|-supereffective|p1a: Melmetal\n|-damage|p1a: Melmetal|10\/100\n|move|p1a: Melmetal|Gyro Ball|p2a: Kyurem\n|-supereffective|p2a: Kyurem\n|-damage|p2a: Kyurem|0 fnt\n|faint|p2a: Kyurem\n|\n|upkeep\n|inactive|BaddyGames has 120 seconds left.\n|\n|switch|p2a: Darmanitan|Darmanitan-Galar-Zen, F|100\/100\n|-weather|DesolateLand|[from] ability: Desolate Land|[of] p2a: Darmanitan\n|turn|22\n|inactive|BaddyGames has 120 seconds left.\n|\n|move|p1a: Melmetal|Copycat|p1a: Melmetal\n|move|p1a: Melmetal|Gyro Ball|p2a: Darmanitan|[from]Copycat\n|-damage|p2a: Darmanitan|19\/100\n|move|p2a: Darmanitan|Earthquake|p1a: Melmetal\n|-supereffective|p1a: Melmetal\n|-damage|p1a: Melmetal|0 fnt\n|faint|p1a: Melmetal\n|\n|-weather|DesolateLand|[upkeep]\n|upkeep\n|\n|switch|p1a: Weezing|Weezing-Galar, L1, M, shiny|100\/100\n|turn|23\n|inactive|BaddyGames has 120 seconds left.\n|\n|-weather|none\n|switch|p2a: Melmetal|Melmetal|45\/100\n|move|p1a: Weezing|Leech Seed|p2a: Melmetal\n|-start|p2a: Melmetal|move: Leech Seed\n|\n|-heal|p2a: Melmetal|51\/100|[from] item: Leftovers\n|-damage|p2a: Melmetal|38\/100|[from] Leech Seed|[of] p1a: Weezing\n|upkeep\n|turn|24\n|\n|switch|p2a: Zamazenta|Zamazenta-Crowned|100\/100\n|move|p1a: Weezing|Endeavor|p2a: Zamazenta\n|-damage|p2a: Zamazenta|4\/100\n|\n|upkeep\n|turn|25\n|\n|move|p1a: Weezing|Spiky Shield|p1a: Weezing\n|-singleturn|p1a: Weezing|move: Protect\n|move|p2a: Zamazenta|Body Press|p1a: Weezing\n|-activate|p1a: Weezing|move: Protect\n|-damage|p2a: Zamazenta|0 fnt|[from] Spiky Shield|[of] p1a: Weezing\n|faint|p2a: Zamazenta\n|\n|upkeep\n|\n|switch|p2a: Melmetal|Melmetal|38\/100\n|turn|26\n|\n|move|p2a: Melmetal|Substitute|p2a: Melmetal\n|-start|p2a: Melmetal|Substitute\n|-damage|p2a: Melmetal|14\/100\n|move|p1a: Weezing|Endeavor|p2a: Melmetal\n|-activate|p2a: Melmetal|move: Substitute|[damage]\n|\n|-heal|p2a: Melmetal|20\/100|[from] item: Leftovers\n|upkeep\n|turn|27\n|\n|move|p2a: Melmetal|Baton Pass|p2a: Melmetal\n|\n|switch|p2a: Darmanitan|Darmanitan-Galar-Zen, F|19\/100|[from]move: Baton Pass\n|-weather|DesolateLand|[from] ability: Desolate Land|[of] p2a: Darmanitan\n|move|p1a: Weezing|Endeavor|p2a: Darmanitan\n|-activate|p2a: Darmanitan|move: Substitute|[damage]\n|\n|-weather|DesolateLand|[upkeep]\n|upkeep\n|turn|28\n|\n|move|p1a: Weezing|Spiky Shield|p1a: Weezing\n|-singleturn|p1a: Weezing|move: Protect\n|move|p2a: Darmanitan|Earthquake|p1a: Weezing\n|-activate|p1a: Weezing|move: Protect\n|\n|-weather|DesolateLand|[upkeep]\n|upkeep\n|turn|29\n|\n|move|p2a: Darmanitan|Earthquake|p1a: Weezing\n|-supereffective|p1a: Weezing\n|-ability|p1a: Weezing|Sturdy\n|-damage|p1a: Weezing|9\/100\n|move|p1a: Weezing|Endeavor|p2a: Darmanitan\n|-end|p2a: Darmanitan|Substitute\n|-heal|p1a: Weezing|17\/100|[from] item: Shell Bell|[of] p2a: Darmanitan\n|\n|-weather|DesolateLand|[upkeep]\n|upkeep\n|turn|30\n|\n|move|p2a: Darmanitan|Earthquake|p1a: Weezing\n|-supereffective|p1a: Weezing\n|-damage|p1a: Weezing|0 fnt\n|faint|p1a: Weezing\n|\n|-weather|DesolateLand|[upkeep]\n|upkeep\n|\n|switch|p1a: Dragapult|Dragapult, M|88\/100\n|turn|31\n|\n|-start|p2a: Darmanitan|Dynamax\n|-heal|p2a: Darmanitan|19\/100|[silent]\n|move|p1a: Dragapult|Multi-Attack|p2a: Darmanitan\n|-damage|p2a: Darmanitan|0 fnt\n|faint|p2a: Darmanitan\n|-weather|none\n|\n|upkeep\n|-message|BaddyGames forfeited.\n|\n|win|WinjaStar\n|l|\u2606BaddyGames\n|l|\u2606WinjaStar\n|raw|WinjaStar's rating: 1373 &rarr; <strong>1399<\/strong><br \/>(+26 for winning)\n|raw|BaddyGames's rating: 1480 &rarr; <strong>1454<\/strong><br \/>(-26 for losing)\n","uploadtime":1595037581,"views":4,"p1id":"winjastar","p2id":"baddygames","formatid":"gen8balancedhackmons","rating":1399,"private":0,"password":null}