{"id":"gen8nationaldex-1512523172","p1":"Hikari-miyako","p2":"Momodofu","format":"gen8nationaldex","log":"|j|\u2606Hikari-miyako\n|j|\u2606Momodofu\n|t:|1645048548\n|gametype|singles\n|player|p1|Hikari-miyako|ariana|1697\n|player|p2|Momodofu|lillie|1726\n|teamsize|p1|6\n|teamsize|p2|6\n|gen|8\n|tier|[Gen 8] National Dex\n|rated|\n|rule|HP Percentage Mod: HP is shown in percentages\n|rule|Endless Battle Clause: Forcing endless battles is banned\n|rule|OHKO Clause: OHKO moves are banned\n|rule|Evasion Moves Clause: Evasion moves are banned\n|rule|Species Clause: Limit one of each Pok\u00e9mon\n|rule|Dynamax Clause: You cannot dynamax\n|rule|Sleep Clause Mod: Limit one foe put to sleep\n|clearpoke\n|poke|p1|Diancie|\n|poke|p1|Magnezone|\n|poke|p1|Landorus-Therian, M|\n|poke|p1|Tapu Lele|\n|poke|p1|Galvantula, F|\n|poke|p1|Azumarill, M|\n|poke|p2|Gardevoir, F|\n|poke|p2|Corviknight, M|\n|poke|p2|Gliscor, M|\n|poke|p2|Toxapex, F|\n|poke|p2|Clefable, M|\n|poke|p2|Serperior, M|\n|teampreview\n|\n|t:|1645048556\n|start\n|switch|p1a: Galvantula|Galvantula, F|100\/100\n|switch|p2a: Gliscor|Gliscor, M|100\/100\n|turn|1\n|\n|t:|1645048559\n|move|p1a: Galvantula|Hidden Power|p2a: Gliscor\n|-supereffective|p2a: Gliscor\n|-damage|p2a: Gliscor|29\/100\n|move|p2a: Gliscor|Earthquake|p1a: Galvantula\n|-damage|p1a: Galvantula|44\/100\n|\n|-status|p2a: Gliscor|tox|[from] item: Toxic Orb\n|upkeep\n|turn|2\n|\n|t:|1645048565\n|move|p1a: Galvantula|Sticky Web|p2a: Gliscor\n|-sidestart|p2: Momodofu|move: Sticky Web\n|move|p2a: Gliscor|U-turn|p1a: Galvantula\n|-crit|p1a: Galvantula\n|-damage|p1a: Galvantula|0 fnt\n|faint|p1a: Galvantula\n|\n|t:|1645048576\n|switch|p2a: Clefable|Clefable, M|100\/100|[from]move: U-turn\n|-activate|p2a: Clefable|move: Sticky Web\n|-unboost|p2a: Clefable|spe|1\n|\n|upkeep\n|\n|t:|1645048584\n|switch|p1a: Magnezone|Magnezone|100\/100\n|turn|3\n|\n|t:|1645048587\n|move|p1a: Magnezone|Flash Cannon|p2a: Clefable\n|-supereffective|p2a: Clefable\n|-damage|p2a: Clefable|0 fnt\n|faint|p2a: Clefable\n|\n|upkeep\n|\n|t:|1645048591\n|switch|p2a: Gardevoir|Gardevoir, F, shiny|100\/100\n|-activate|p2a: Gardevoir|move: Sticky Web\n|-unboost|p2a: Gardevoir|spe|1\n|-ability|p2a: Gardevoir|Magnet Pull|[from] ability: Trace|[of] p1a: Magnezone\n|turn|4\n|\n|t:|1645048594\n|detailschange|p2a: Gardevoir|Gardevoir-Mega, F, shiny\n|-mega|p2a: Gardevoir|Gardevoir|Gardevoirite\n|move|p2a: Gardevoir|Mystical Fire|p1a: Magnezone\n|-supereffective|p1a: Magnezone\n|-damage|p1a: Magnezone|27\/100\n|-unboost|p1a: Magnezone|spa|1\n|move|p1a: Magnezone|Flash Cannon|p2a: Gardevoir\n|-supereffective|p2a: Gardevoir\n|-damage|p2a: Gardevoir|9\/100\n|\n|upkeep\n|turn|5\n|\n|t:|1645048599\n|switch|p1a: Landorus|Landorus-Therian, M|100\/100\n|-ability|p1a: Landorus|Intimidate|boost\n|-unboost|p2a: Gardevoir|atk|1\n|move|p2a: Gardevoir|Mystical Fire|p1a: Landorus\n|-damage|p1a: Landorus|60\/100\n|-unboost|p1a: Landorus|spa|1\n|\n|-heal|p1a: Landorus|66\/100|[from] item: Leftovers\n|upkeep\n|turn|6\n|\n|t:|1645048601\n|move|p1a: Landorus|U-turn|p2a: Gardevoir\n|-damage|p2a: Gardevoir|0 fnt\n|faint|p2a: Gardevoir\n|\n|t:|1645048605\n|switch|p1a: Diancie|Diancie|100\/100|[from]move: U-turn\n|\n|upkeep\n|\n|t:|1645048616\n|switch|p2a: Serperior|Serperior, M|100\/100\n|-activate|p2a: Serperior|move: Sticky Web\n|-boost|p2a: Serperior|spe|1\n|turn|7\n|c|\u2606Momodofu|how nice of you to share speed with me\n|\n|t:|1645048623\n|move|p2a: Serperior|Leaf Storm|p1a: Diancie\n|-supereffective|p1a: Diancie\n|-damage|p1a: Diancie|25\/100\n|-boost|p2a: Serperior|spa|2\n|move|p1a: Diancie|Moonblast|p2a: Serperior\n|-damage|p2a: Serperior|59\/100\n|\n|upkeep\n|turn|8\n|\n|t:|1645048632\n|move|p2a: Serperior|Leaf Storm|p1a: Diancie\n|-supereffective|p1a: Diancie\n|-damage|p1a: Diancie|0 fnt\n|-boost|p2a: Serperior|spa|2\n|faint|p1a: Diancie\n|\n|upkeep\n|\n|t:|1645048634\n|switch|p1a: Tapu Lele|Tapu Lele|100\/100\n|-fieldstart|move: Psychic Terrain|[from] ability: Psychic Surge|[of] p1a: Tapu Lele\n|turn|9\n|\n|t:|1645048648\n|move|p2a: Serperior|Leaf Storm|p1a: Tapu Lele\n|-damage|p1a: Tapu Lele|0 fnt\n|-boost|p2a: Serperior|spa|2\n|faint|p1a: Tapu Lele\n|\n|upkeep\n|-message|Hikari-miyako forfeited.\n|\n|win|Momodofu\n|raw|Hikari-miyako's rating: 1697 &rarr; <strong>1679<\/strong><br \/>(-18 for losing)\n|raw|Momodofu's rating: 1726 &rarr; <strong>1744<\/strong><br \/>(+18 for winning)\n|l|\u2606Hikari-miyako\n||Ladder isn't responding, score probably updated but might not have (Request timeout).\n","uploadtime":1645048661,"views":32,"p1id":"hikarimiyako","p2id":"momodofu","formatid":"gen8nationaldex","rating":1679,"private":0,"password":null}