{"id":"gen8anythinggoes-1555008511","p1":"Trey23gt","p2":"A3720","format":"gen8anythinggoes","log":"|j|\u2606Trey23gt\n|j|\u2606A3720\n|t:|1650154606\n|gametype|singles\n|player|p1|Trey23gt|gentleman-gen4|1328\n|player|p2|A3720|169|1371\n|teamsize|p1|6\n|teamsize|p2|6\n|gen|8\n|tier|[Gen 8] Anything Goes\n|rated|\n|rule|HP Percentage Mod: HP is shown in percentages\n|rule|Endless Battle Clause: Forcing endless battles is banned\n|clearpoke\n|poke|p1|Mewtwo|\n|poke|p1|Cloyster, F|\n|poke|p1|Kyogre|\n|poke|p1|Rillaboom, M|\n|poke|p1|Xerneas-*|\n|poke|p1|Marshadow|\n|poke|p2|Regieleki|\n|poke|p2|Regieleki|\n|poke|p2|Regieleki|\n|poke|p2|Regieleki|\n|poke|p2|Regieleki|\n|poke|p2|Regieleki|\n|teampreview\n|c|\u2606Trey23gt|ok bud\n|c|\u2606Trey23gt|alright\n|c|\u2606Trey23gt|bro\n|c|\u2606Trey23gt|LOL\n|c|\u2606Trey23gt|i lost aleady\n|\n|t:|1650154629\n|start\n|switch|p1a: Rillaboom|Rillaboom, M|100\/100\n|switch|p2a: Regieleki|Regieleki|100\/100\n|-fieldstart|move: Grassy Terrain|[from] ability: Grassy Surge|[of] p1a: Rillaboom\n|turn|1\n|\n|t:|1650154634\n|-start|p2a: Regieleki|Dynamax|\n|-heal|p2a: Regieleki|100\/100|[silent]\n|move|p2a: Regieleki|Max Strike|p1a: Rillaboom\n|-damage|p1a: Rillaboom|46\/100\n|-unboost|p1a: Rillaboom|spe|1\n|move|p1a: Rillaboom|Swords Dance|p1a: Rillaboom\n|-boost|p1a: Rillaboom|atk|2\n|\n|-heal|p1a: Rillaboom|52\/100|[from] Grassy Terrain\n|upkeep\n|turn|2\n|\n|t:|1650154638\n|move|p1a: Rillaboom|Grassy Glide|p2a: Regieleki\n|-damage|p2a: Regieleki|0 fnt\n|faint|p2a: Regieleki\n|-damage|p1a: Rillaboom|42\/100|[from] item: Life Orb\n|\n|-heal|p1a: Rillaboom|48\/100|[from] Grassy Terrain\n|upkeep\n|\n|t:|1650154650\n|switch|p2a: Regieleki|Regieleki|100\/100\n|turn|3\n|\n|t:|1650154653\n|move|p2a: Regieleki|Extreme Speed|p1a: Rillaboom\n|-damage|p1a: Rillaboom|9\/100\n|move|p1a: Rillaboom|Grassy Glide|p2a: Regieleki\n|-damage|p2a: Regieleki|0 fnt\n|faint|p2a: Regieleki\n|-damage|p1a: Rillaboom|0 fnt|[from] item: Life Orb\n|faint|p1a: Rillaboom\n|\n|upkeep\n|\n|t:|1650154679\n|switch|p2a: Regieleki|Regieleki|100\/100\n|switch|p1a: Cloyster|Cloyster, F|100\/100\n|turn|4\n|\n|t:|1650154684\n|move|p2a: Regieleki|Volt Switch|p1a: Cloyster\n|-supereffective|p1a: Cloyster\n|-enditem|p1a: Cloyster|Focus Sash\n|-damage|p1a: Cloyster|1\/100\n|-damage|p2a: Regieleki|91\/100|[from] item: Life Orb\n|\n|t:|1650154690\n|switch|p2a: Regieleki|Regieleki|100\/100|[from]move: Volt Switch\n|move|p1a: Cloyster|Spikes|p2a: Regieleki\n|-sidestart|p2: A3720|Spikes\n|\n|-heal|p1a: Cloyster|7\/100|[from] Grassy Terrain\n|upkeep\n|turn|5\n|\n|t:|1650154695\n|move|p2a: Regieleki|Thunder Cage|p1a: Cloyster\n|-supereffective|p1a: Cloyster\n|-damage|p1a: Cloyster|0 fnt\n|faint|p1a: Cloyster\n|\n|-fieldend|move: Grassy Terrain\n|upkeep\n|\n|t:|1650154699\n|switch|p1a: Kyogre|Kyogre|100\/100\n|-weather|RainDance|[from] ability: Drizzle|[of] p1a: Kyogre\n|turn|6\n|\n|t:|1650154704\n|move|p2a: Regieleki|Thunder Cage|p1a: Kyogre\n|-supereffective|p1a: Kyogre\n|-damage|p1a: Kyogre|29\/100\n|-activate|p1a: Kyogre|move: Thunder Cage|[of] p2a: Regieleki\n|move|p1a: Kyogre|Surf|p2a: Regieleki\n|-crit|p2a: Regieleki\n|-damage|p2a: Regieleki|0 fnt\n|faint|p2a: Regieleki\n|\n|-weather|RainDance|[upkeep]\n|-end|p1a: Kyogre|Thunder Cage|[partiallytrapped]|[silent]\n|upkeep\n|\n|t:|1650154714\n|switch|p2a: Regieleki|Regieleki|100\/100\n|-damage|p2a: Regieleki|88\/100|[from] Spikes\n|turn|7\n|\n|t:|1650154719\n|move|p2a: Regieleki|Thunderbolt|p1a: Kyogre\n|-supereffective|p1a: Kyogre\n|-damage|p1a: Kyogre|0 fnt\n|faint|p1a: Kyogre\n|\n|-weather|RainDance|[upkeep]\n|upkeep\n|\n|t:|1650154722\n|switch|p1a: Mewtwo|Mewtwo|100\/100\n|-ability|p1a: Mewtwo|Pressure\n|turn|8\n|\n|t:|1650154729\n|move|p2a: Regieleki|Thunderbolt|p1a: Mewtwo\n|-damage|p1a: Mewtwo|32\/100\n|move|p1a: Mewtwo|Psychic|p2a: Regieleki\n|-damage|p2a: Regieleki|0 fnt\n|faint|p2a: Regieleki\n|\n|-weather|RainDance|[upkeep]\n|-heal|p1a: Mewtwo|39\/100|[from] item: Leftovers\n|upkeep\n|\n|t:|1650154737\n|switch|p2a: Regieleki|Regieleki|91\/100\n|-damage|p2a: Regieleki|78\/100|[from] Spikes\n|turn|9\n|\n|t:|1650154740\n|move|p2a: Regieleki|Thunderbolt|p1a: Mewtwo\n|-crit|p1a: Mewtwo\n|-damage|p1a: Mewtwo|0 fnt\n|faint|p1a: Mewtwo\n|-damage|p2a: Regieleki|68\/100|[from] item: Life Orb\n|\n|-weather|RainDance|[upkeep]\n|upkeep\n|\n|t:|1650154742\n|switch|p1a: Xerneas|Xerneas|100\/100\n|-ability|p1a: Xerneas|Fairy Aura\n|turn|10\n|\n|t:|1650154744\n|move|p2a: Regieleki|Thunderbolt|p1a: Xerneas\n|-damage|p1a: Xerneas|38\/100\n|-damage|p2a: Regieleki|58\/100|[from] item: Life Orb\n|move|p1a: Xerneas|Geomancy||[still]\n|-prepare|p1a: Xerneas|Geomancy\n|-enditem|p1a: Xerneas|Power Herb\n|-anim|p1a: Xerneas|Geomancy|p1a: Xerneas\n|-boost|p1a: Xerneas|spa|2\n|-boost|p1a: Xerneas|spd|2\n|-boost|p1a: Xerneas|spe|2\n|\n|-weather|none\n|upkeep\n|turn|11\n|\n|t:|1650154748\n|-start|p1a: Xerneas|Dynamax|\n|-heal|p1a: Xerneas|38\/100|[silent]\n|move|p1a: Xerneas|Max Starfall|p2a: Regieleki\n|-damage|p2a: Regieleki|0 fnt\n|-fieldstart|move: Misty Terrain\n|faint|p2a: Regieleki\n|\n|upkeep\n|\n|t:|1650154751\n|switch|p2a: Regieleki|Regieleki|100\/100\n|-damage|p2a: Regieleki|88\/100|[from] Spikes\n|turn|12\n|\n|t:|1650154760\n|move|p1a: Xerneas|Max Starfall|p2a: Regieleki\n|-damage|p2a: Regieleki|0 fnt\n|faint|p2a: Regieleki\n|\n|win|Trey23gt\n|raw|Trey23gt's rating: 1328 &rarr; <strong>1350<\/strong><br \/>(+22 for winning)\n|raw|A3720's rating: 1371 &rarr; <strong>1349<\/strong><br \/>(-22 for losing)\n|c|\u2606A3720|gg\n|c|\u2606Trey23gt|gg\n||Ladder isn't responding, score probably updated but might not have (Request timeout).\n","uploadtime":1650154785,"views":4,"p1id":"trey23gt","p2id":"a3720","formatid":"gen8anythinggoes","rating":1349,"private":0,"password":null}