{"id":"gen8ou-1682853020","p1":"VivaHonduras","p2":"KingoftheVirgins","format":"gen8ou","log":"|j|\u2606VivaHonduras\n|j|\u2606KingoftheVirgins\n|t:|1665467659\n|gametype|singles\n|player|p1|VivaHonduras|scientist-gen4|1551\n|player|p2|KingoftheVirgins|102|1555\n|teamsize|p1|6\n|teamsize|p2|6\n|gen|8\n|tier|[Gen 8] OU\n|rated|\n|rule|Sleep Clause Mod: Limit one foe put to sleep\n|rule|Species Clause: Limit one of each Pok\u00e9mon\n|rule|OHKO Clause: OHKO moves are banned\n|rule|Evasion Items Clause: Evasion items are banned\n|rule|Evasion Moves Clause: Evasion moves are banned\n|rule|Endless Battle Clause: Forcing endless battles is banned\n|rule|HP Percentage Mod: HP is shown in percentages\n|rule|Dynamax Clause: You cannot dynamax\n|clearpoke\n|poke|p1|Unfezant, M|\n|poke|p1|Torkoal, F|\n|poke|p1|Venusaur, M|\n|poke|p1|Xatu, M|\n|poke|p1|Heatran, M|\n|poke|p1|Landorus-Therian, M|\n|poke|p2|Heatran, F|\n|poke|p2|Latias, F|\n|poke|p2|Landorus-Therian, M|\n|poke|p2|Slowking-Galar, M|\n|poke|p2|Rillaboom, F|\n|poke|p2|Urshifu-*, M|\n|teampreview\n|inactive|Battle timer is ON: inactive players will automatically lose when time's up. (requested by VivaHonduras)\n|j| Mitsuki Nagisa\n|inactive|VivaHonduras has 120 seconds left.\n|\n|t:|1665467705\n|start\n|switch|p1a: Torkoal|Torkoal, F|100\/100\n|switch|p2a: Landorus|Landorus-Therian, M|100\/100\n|-ability|p2a: Landorus|Intimidate|boost\n|-unboost|p1a: Torkoal|atk|1\n|-weather|SunnyDay|[from] ability: Drought|[of] p1a: Torkoal\n|turn|1\n|\n|t:|1665467711\n|switch|p1a: Landorus|Landorus-Therian, M|100\/100\n|-ability|p1a: Landorus|Intimidate|boost\n|-unboost|p2a: Landorus|atk|1\n|move|p2a: Landorus|Earthquake|p1a: Landorus\n|-immune|p1a: Landorus\n|\n|-weather|SunnyDay|[upkeep]\n|upkeep\n|turn|2\n|\n|t:|1665467715\n|move|p1a: Landorus|Knock Off|p2a: Landorus\n|-damage|p2a: Landorus|76\/100\n|-damage|p1a: Landorus|84\/100|[from] item: Rocky Helmet|[of] p2a: Landorus\n|-enditem|p2a: Landorus|Rocky Helmet|[from] move: Knock Off|[of] p1a: Landorus\n|move|p2a: Landorus|Knock Off|p1a: Landorus\n|-damage|p1a: Landorus|61\/100\n|-enditem|p1a: Landorus|Choice Scarf|[from] move: Knock Off|[of] p2a: Landorus\n|\n|-weather|SunnyDay|[upkeep]\n|upkeep\n|turn|3\n|\n|t:|1665467719\n|move|p1a: Landorus|Stone Edge|p2a: Landorus|[miss]\n|-miss|p1a: Landorus|p2a: Landorus\n|move|p2a: Landorus|U-turn|p1a: Landorus\n|-resisted|p1a: Landorus\n|-damage|p1a: Landorus|53\/100\n|\n|t:|1665467724\n|switch|p2a: Urshifu|Urshifu-Rapid-Strike, M|100\/100|[from]move: U-turn\n|\n|-weather|SunnyDay|[upkeep]\n|upkeep\n|turn|4\n|\n|t:|1665467730\n|move|p2a: Urshifu|U-turn|p1a: Landorus\n|-resisted|p1a: Landorus\n|-damage|p1a: Landorus|32\/100\n|\n|t:|1665467733\n|switch|p2a: Landorus|Landorus-Therian, M|76\/100|[from]move: U-turn\n|-ability|p2a: Landorus|Intimidate|boost\n|-unboost|p1a: Landorus|atk|1\n|move|p1a: Landorus|U-turn|p2a: Landorus\n|-resisted|p2a: Landorus\n|-damage|p2a: Landorus|70\/100\n|\n|t:|1665467735\n|switch|p1a: Heatran|Heatran, M|100\/100|[from]move: U-turn\n|-item|p1a: Heatran|Air Balloon\n|\n|-weather|SunnyDay|[upkeep]\n|upkeep\n|turn|5\n|\n|t:|1665467738\n|move|p1a: Heatran|Eruption|p2a: Landorus\n|-crit|p2a: Landorus\n|-damage|p2a: Landorus|0 fnt\n|faint|p2a: Landorus\n|\n|-weather|SunnyDay|[upkeep]\n|upkeep\n|\n|t:|1665467741\n|switch|p2a: Urshifu|Urshifu-Rapid-Strike, M|100\/100\n|turn|6\n|\n|t:|1665467743\n|switch|p1a: Xatu|Xatu, M|100\/100\n|move|p2a: Urshifu|Close Combat|p1a: Xatu\n|-resisted|p1a: Xatu\n|-damage|p1a: Xatu|80\/100\n|-unboost|p2a: Urshifu|def|1\n|-unboost|p2a: Urshifu|spd|1\n|\n|-weather|SunnyDay|[upkeep]\n|upkeep\n|turn|7\n|\n|t:|1665467746\n|switch|p2a: Slowking|Slowking-Galar, M|100\/100\n|move|p1a: Xatu|Teleport|p1a: Xatu\n|\n|t:|1665467748\n|switch|p1a: Unfezant|Unfezant, M|100\/100|[from]move: Teleport\n|\n|-weather|SunnyDay|[upkeep]\n|upkeep\n|turn|8\n|\n|t:|1665467752\n|move|p1a: Unfezant|Work Up|p1a: Unfezant\n|-boost|p1a: Unfezant|atk|1\n|-boost|p1a: Unfezant|spa|1\n|move|p2a: Slowking|Future Sight|p1a: Unfezant\n|-start|p2a: Slowking|move: Future Sight\n|\n|-weather|none\n|upkeep\n|turn|9\n|\n|t:|1665467757\n|move|p1a: Unfezant|Night Slash|p2a: Slowking\n|-supereffective|p2a: Slowking\n|-crit|p2a: Slowking\n|-damage|p2a: Slowking|0 fnt\n|faint|p2a: Slowking\n|\n|upkeep\n|\n|t:|1665467773\n|switch|p2a: Urshifu|Urshifu-Rapid-Strike, M|100\/100\n|turn|10\n|\n|t:|1665467781\n|switch|p1a: Xatu|Xatu, M|80\/100\n|move|p2a: Urshifu|Surging Strikes|p1a: Xatu\n|-crit|p1a: Xatu\n|-damage|p1a: Xatu|50\/100\n|-crit|p1a: Xatu\n|-damage|p1a: Xatu|22\/100\n|-crit|p1a: Xatu\n|-damage|p1a: Xatu|0 fnt\n|faint|p1a: Xatu\n|-hitcount|p1: Xatu|3\n|\n|-hint|Future Sight did not hit because the target is fainted.\n|upkeep\n|\n|t:|1665467783\n|switch|p1a: Torkoal|Torkoal, F|100\/100\n|-weather|SunnyDay|[from] ability: Drought|[of] p1a: Torkoal\n|turn|11\n|\n|t:|1665467786\n|switch|p1a: Venusaur|Venusaur, M, shiny|100\/100\n|move|p2a: Urshifu|Surging Strikes|p1a: Venusaur\n|-resisted|p1a: Venusaur\n|-crit|p1a: Venusaur\n|-damage|p1a: Venusaur|91\/100\n|-resisted|p1a: Venusaur\n|-crit|p1a: Venusaur\n|-damage|p1a: Venusaur|81\/100\n|-resisted|p1a: Venusaur\n|-crit|p1a: Venusaur\n|-damage|p1a: Venusaur|71\/100\n|-hitcount|p1a: Venusaur|3\n|\n|-weather|SunnyDay|[upkeep]\n|upkeep\n|turn|12\n|\n|t:|1665467789\n|switch|p2a: Heatran|Heatran, F|100\/100\n|move|p1a: Venusaur|Growth|p1a: Venusaur\n|-boost|p1a: Venusaur|atk|2\n|-boost|p1a: Venusaur|spa|2\n|\n|-weather|SunnyDay|[upkeep]\n|upkeep\n|turn|13\n|\n|t:|1665467790\n|move|p1a: Venusaur|Earth Power|p2a: Heatran\n|-supereffective|p2a: Heatran\n|-damage|p2a: Heatran|0 fnt\n|faint|p2a: Heatran\n|-damage|p1a: Venusaur|61\/100|[from] item: Life Orb\n|\n|-weather|SunnyDay|[upkeep]\n|upkeep\n|\n|t:|1665467794\n|switch|p2a: Latias|Latias, F|100\/100\n|turn|14\n|\n|t:|1665467797\n|switch|p1a: Unfezant|Unfezant, M|100\/100\n|move|p2a: Latias|Stored Power|p1a: Unfezant\n|-damage|p1a: Unfezant|84\/100\n|\n|-weather|SunnyDay|[upkeep]\n|upkeep\n|turn|15\n|\n|t:|1665467806\n|move|p2a: Latias|Agility|p2a: Latias\n|-boost|p2a: Latias|spe|2\n|move|p1a: Unfezant|Brave Bird|p2a: Latias\n|-crit|p2a: Latias\n|-damage|p2a: Latias|0 fnt\n|faint|p2a: Latias\n|-damage|p1a: Unfezant|51\/100|[from] Recoil\n|\n|-weather|SunnyDay|[upkeep]\n|upkeep\n|\n|t:|1665467813\n|switch|p2a: Urshifu|Urshifu-Rapid-Strike, M|100\/100\n|turn|16\n|\n|t:|1665467818\n|switch|p1a: Landorus|Landorus-Therian, M|32\/100\n|-ability|p1a: Landorus|Intimidate|boost\n|-unboost|p2a: Urshifu|atk|1\n|move|p2a: Urshifu|Surging Strikes|p1a: Landorus\n|-supereffective|p1a: Landorus\n|-crit|p1a: Landorus\n|-damage|p1a: Landorus|0 fnt\n|faint|p1a: Landorus\n|-hitcount|p1: Landorus|1\n|\n|-weather|SunnyDay|[upkeep]\n|upkeep\n|\n|t:|1665467825\n|switch|p1a: Venusaur|Venusaur, M, shiny|61\/100\n|turn|17\n|\n|t:|1665467829\n|switch|p2a: Rillaboom|Rillaboom, F|100\/100\n|-fieldstart|move: Grassy Terrain|[from] ability: Grassy Surge|[of] p2a: Rillaboom\n|move|p1a: Venusaur|Giga Drain|p2a: Rillaboom\n|-resisted|p2a: Rillaboom\n|-damage|p2a: Rillaboom|61\/100\n|-heal|p1a: Venusaur|84\/100|[from] drain|[of] p2a: Rillaboom\n|-damage|p1a: Venusaur|74\/100|[from] item: Life Orb\n|\n|-weather|SunnyDay|[upkeep]\n|-heal|p1a: Venusaur|80\/100|[from] Grassy Terrain\n|-heal|p2a: Rillaboom|67\/100|[from] Grassy Terrain\n|upkeep\n|turn|18\n|\n|t:|1665467832\n|move|p1a: Venusaur|Weather Ball|p2a: Rillaboom\n|-supereffective|p2a: Rillaboom\n|-damage|p2a: Rillaboom|0 fnt\n|faint|p2a: Rillaboom\n|-damage|p1a: Venusaur|70\/100|[from] item: Life Orb\n|\n|-weather|none\n|-heal|p1a: Venusaur|76\/100|[from] Grassy Terrain\n|upkeep\n|\n|t:|1665467834\n|switch|p2a: Urshifu|Urshifu-Rapid-Strike, M|100\/100\n|turn|19\n|\n|t:|1665467836\n|move|p2a: Urshifu|Surging Strikes|p1a: Venusaur\n|-resisted|p1a: Venusaur\n|-crit|p1a: Venusaur\n|-damage|p1a: Venusaur|58\/100\n|-resisted|p1a: Venusaur\n|-crit|p1a: Venusaur\n|-damage|p1a: Venusaur|37\/100\n|-resisted|p1a: Venusaur\n|-crit|p1a: Venusaur\n|-damage|p1a: Venusaur|18\/100\n|-hitcount|p1a: Venusaur|3\n|move|p1a: Venusaur|Giga Drain|p2a: Urshifu\n|-supereffective|p2a: Urshifu\n|-damage|p2a: Urshifu|0 fnt\n|-heal|p1a: Venusaur|75\/100|[from] drain|[of] p2a: Urshifu\n|faint|p2a: Urshifu\n|-damage|p1a: Venusaur|65\/100|[from] item: Life Orb\n|\n|win|VivaHonduras\n|raw|VivaHonduras's rating: 1551 &rarr; <strong>1571<\/strong><br \/>(+20 for winning)\n|raw|KingoftheVirgins's rating: 1555 &rarr; <strong>1535<\/strong><br \/>(-20 for losing)\n|l|\u2606KingoftheVirgins\n","uploadtime":1665467842,"views":14,"p1id":"vivahonduras","p2id":"kingofthevirgins","formatid":"gen8ou","rating":1535,"private":0,"password":null}