{"id":"gen8randombattle-1589231922","p1":"DjezzeMwoan","p2":"chiconuclear","format":"gen8randombattle","log":"|j|\u2606DjezzeMwoan\n|j|\u2606chiconuclear\n|t:|1654365352\n|gametype|singles\n|player|p1|DjezzeMwoan|gambler|2015\n|player|p2|chiconuclear|hilbert|2042\n|teamsize|p1|6\n|teamsize|p2|6\n|gen|8\n|tier|[Gen 8] Random Battle\n|rated|\n|rule|Species Clause: Limit one of each Pok\u00e9mon\n|rule|HP Percentage Mod: HP is shown in percentages\n|rule|Sleep Clause Mod: Limit one foe put to sleep\n|\n|t:|1654365352\n|start\n|switch|p1a: Zeraora|Zeraora, L76|259\/259\n|switch|p2a: Grapploct|Grapploct, L86, F|278\/278\n|turn|1\n|\n|t:|1654365358\n|switch|p1a: Ribombee|Ribombee, L82, M|233\/233\n|move|p2a: Grapploct|Bulk Up|p2a: Grapploct\n|-boost|p2a: Grapploct|atk|1\n|-boost|p2a: Grapploct|def|1\n|\n|upkeep\n|turn|2\n|\n|t:|1654365361\n|move|p1a: Ribombee|Sticky Web|p2a: Grapploct\n|-sidestart|p2: chiconuclear|move: Sticky Web\n|move|p2a: Grapploct|Ice Punch|p1a: Ribombee\n|-crit|p1a: Ribombee\n|-damage|p1a: Ribombee|0 fnt\n|faint|p1a: Ribombee\n|-damage|p2a: Grapploct|251\/278|[from] item: Life Orb\n|\n|upkeep\n|\n|t:|1654365371\n|switch|p1a: Arcanine|Arcanine, L82, M|282\/282\n|turn|3\n|\n|t:|1654365374\n|move|p1a: Arcanine|Toxic|p2a: Grapploct\n|-status|p2a: Grapploct|tox\n|move|p2a: Grapploct|Bulk Up|p2a: Grapploct\n|-boost|p2a: Grapploct|atk|1\n|-boost|p2a: Grapploct|def|1\n|\n|-damage|p2a: Grapploct|234\/278 tox|[from] psn\n|upkeep\n|turn|4\n|\n|t:|1654365377\n|move|p1a: Arcanine|Flare Blitz|p2a: Grapploct\n|-damage|p2a: Grapploct|173\/278 tox\n|-damage|p1a: Arcanine|262\/282|[from] Recoil\n|move|p2a: Grapploct|Drain Punch|p1a: Arcanine\n|-damage|p1a: Arcanine|0 fnt\n|-heal|p2a: Grapploct|278\/278 tox|[from] drain|[of] p1a: Arcanine\n|faint|p1a: Arcanine\n|-damage|p2a: Grapploct|251\/278 tox|[from] item: Life Orb\n|\n|-damage|p2a: Grapploct|217\/278 tox|[from] psn\n|upkeep\n|\n|t:|1654365380\n|switch|p1a: Toxtricity|Toxtricity-Low-Key, L82, F|257\/257\n|turn|5\n|\n|t:|1654365386\n|move|p1a: Toxtricity|Boomburst|p2a: Grapploct\n|-damage|p2a: Grapploct|72\/278 tox\n|move|p2a: Grapploct|Brutal Swing|p1a: Toxtricity\n|-damage|p1a: Toxtricity|33\/257\n|-damage|p2a: Grapploct|45\/278 tox|[from] item: Life Orb\n|\n|-damage|p2a: Grapploct|0 fnt|[from] psn\n|faint|p2a: Grapploct\n|upkeep\n|\n|t:|1654365400\n|switch|p2a: Ferrothorn|Ferrothorn, L78, M|244\/244\n|-activate|p2a: Ferrothorn|move: Sticky Web\n|-unboost|p2a: Ferrothorn|spe|1\n|turn|6\n|\n|t:|1654365407\n|switch|p1a: Eternatus|Eternatus, L69|308\/308\n|-ability|p1a: Eternatus|Pressure\n|move|p2a: Ferrothorn|Leech Seed|p1a: Eternatus\n|-start|p1a: Eternatus|move: Leech Seed\n|\n|-damage|p1a: Eternatus|270\/308|[from] Leech Seed|[of] p2a: Ferrothorn\n|upkeep\n|turn|7\n|\n|t:|1654365414\n|move|p1a: Eternatus|Flamethrower|p2a: Ferrothorn\n|-supereffective|p2a: Ferrothorn\n|-damage|p2a: Ferrothorn|44\/244\n|move|p2a: Ferrothorn|Spikes|p1a: Eternatus\n|-sidestart|p1: DjezzeMwoan|Spikes\n|\n|-heal|p1a: Eternatus|289\/308|[from] item: Black Sludge\n|-heal|p2a: Ferrothorn|59\/244|[from] item: Leftovers\n|-damage|p1a: Eternatus|251\/308|[from] Leech Seed|[of] p2a: Ferrothorn\n|-heal|p2a: Ferrothorn|97\/244|[silent]\n|upkeep\n|turn|8\n|\n|t:|1654365423\n|move|p2a: Ferrothorn|Protect|p2a: Ferrothorn\n|-singleturn|p2a: Ferrothorn|Protect\n|move|p1a: Eternatus|Flamethrower|p2a: Ferrothorn\n|-activate|p2a: Ferrothorn|move: Protect\n|\n|-heal|p1a: Eternatus|270\/308|[from] item: Black Sludge\n|-heal|p2a: Ferrothorn|112\/244|[from] item: Leftovers\n|-damage|p1a: Eternatus|232\/308|[from] Leech Seed|[of] p2a: Ferrothorn\n|-heal|p2a: Ferrothorn|150\/244|[silent]\n|upkeep\n|turn|9\n|\n|t:|1654365425\n|move|p1a: Eternatus|Flamethrower|p2a: Ferrothorn\n|-supereffective|p2a: Ferrothorn\n|-damage|p2a: Ferrothorn|0 fnt\n|faint|p2a: Ferrothorn\n|\n|-heal|p1a: Eternatus|251\/308|[from] item: Black Sludge\n|upkeep\n|\n|t:|1654365429\n|switch|p2a: Reuniclus|Reuniclus, L84, M|322\/322\n|-activate|p2a: Reuniclus|move: Sticky Web\n|-unboost|p2a: Reuniclus|spe|1\n|turn|10\n|\n|t:|1654365434\n|switch|p1a: Solrock|Solrock, L88|302\/302\n|move|p2a: Reuniclus|Trick Room|p2a: Reuniclus\n|-fieldstart|move: Trick Room|[of] p2a: Reuniclus\n|\n|upkeep\n|turn|11\n|\n|t:|1654365437\n|move|p2a: Reuniclus|Shadow Ball|p1a: Solrock\n|-supereffective|p1a: Solrock\n|-damage|p1a: Solrock|73\/302\n|move|p1a: Solrock|Rock Slide|p2a: Reuniclus|[miss]\n|-miss|p1a: Solrock|p2a: Reuniclus\n|\n|-heal|p1a: Solrock|91\/302|[from] item: Leftovers\n|upkeep\n|turn|12\n|\n|t:|1654365442\n|move|p2a: Reuniclus|Shadow Ball|p1a: Solrock\n|-supereffective|p1a: Solrock\n|-damage|p1a: Solrock|0 fnt\n|faint|p1a: Solrock\n|\n|upkeep\n|\n|t:|1654365444\n|switch|p1a: Zeraora|Zeraora, L76|259\/259\n|-damage|p1a: Zeraora|227\/259|[from] Spikes\n|turn|13\n|\n|t:|1654365448\n|-start|p2a: Reuniclus|Dynamax|\n|-heal|p2a: Reuniclus|644\/644|[silent]\n|move|p2a: Reuniclus|Max Mindstorm|p1a: Zeraora\n|-damage|p1a: Zeraora|54\/259\n|-fieldstart|move: Psychic Terrain\n|move|p1a: Zeraora|Knock Off|p2a: Reuniclus\n|-supereffective|p2a: Reuniclus\n|-damage|p2a: Reuniclus|488\/644\n|-enditem|p2a: Reuniclus|Life Orb|[from] move: Knock Off|[of] p1a: Zeraora\n|\n|upkeep\n|turn|14\n|\n|t:|1654365451\n|move|p2a: Reuniclus|Max Mindstorm|p1a: Zeraora\n|-damage|p1a: Zeraora|0 fnt\n|faint|p1a: Zeraora\n|\n|-fieldend|move: Trick Room\n|upkeep\n|\n|t:|1654365453\n|switch|p1a: Toxtricity|Toxtricity-Low-Key, L82, F|33\/257\n|-damage|p1a: Toxtricity|1\/257|[from] Spikes\n|turn|15\n|\n|t:|1654365460\n|-end|p2a: Reuniclus|Dynamax\n|-heal|p2a: Reuniclus|244\/322|[silent]\n|switch|p2a: Dragapult|Dragapult, L78, M|265\/265\n|-activate|p2a: Dragapult|move: Sticky Web\n|-unboost|p2a: Dragapult|spe|1\n|move|p1a: Toxtricity|Boomburst|p2a: Dragapult\n|-immune|p2a: Dragapult\n|\n|upkeep\n|turn|16\n|-message|DjezzeMwoan forfeited.\n|\n|win|chiconuclear\n|raw|DjezzeMwoan's rating: 2015 &rarr; <strong>1997<\/strong><br \/>(-18 for losing)\n|raw|chiconuclear's rating: 2042 &rarr; <strong>2060<\/strong><br \/>(+18 for winning)\n|l|\u2606DjezzeMwoan\n|c|\u2606chiconuclear|solid attempt\n","inputlog":">version 37aae3f54f319300a67b84b4c9ac0ceec3e65817\n>start {\"formatid\":\"gen8randombattle\",\"seed\":[14877,60312,12648,9814],\"rated\":\"Rated battle\"}\n>player p1 {\"name\":\"DjezzeMwoan\",\"avatar\":\"gambler\",\"rating\":2015,\"seed\":[1122,32130,34600,60898]}\n>player p2 {\"name\":\"chiconuclear\",\"avatar\":\"hilbert\",\"rating\":2042,\"seed\":[34024,27368,11678,38471]}\n>p1 switch 2\n>p2 move bulkup\n>p1 move stickyweb\n>p2 move icepunch\n>p1 switch 3\n>p1 move toxic\n>p2 move bulkup\n>p1 move flareblitz\n>p2 move drainpunch\n>p1 switch 4\n>p1 move boomburst\n>p2 move brutalswing\n>p2 switch 3\n>p1 switch 6\n>p2 move leechseed\n>p1 move flamethrower\n>p2 move spikes\n>p1 move flamethrower\n>p2 move protect\n>p1 move flamethrower\n>p2 move spikes\n>p2 switch 4\n>p1 switch 5\n>p2 move trickroom\n>p1 move rockslide\n>p2 move shadowball\n>p1 move rockslide\n>p2 move shadowball\n>p1 switch 2\n>p1 move knockoff\n>p2 move psychic dynamax\n>p1 move knockoff\n>p2 move psychic dynamax\n>p1 switch 6\n>p1 move boomburst\n>p2 switch 6\n>forcelose p1","uploadtime":1654365493,"views":2,"p1id":"djezzemwoan","p2id":"chiconuclear","formatid":"gen8randombattle","rating":1997,"private":0,"password":null}