{"id":"gen8ou-1691531521","p1":"Ciro napoli","p2":"LoSconosciuto","format":"gen8ou","log":"|html|<div class=\"broadcast-blue\"><strong>[Gen 8] OU is currently suspecting Melmetal! For information on how to participate check out the <a href=\"https:\/\/www.smogon.com\/forums\/threads\/np-ss-ou-suspect-process-round-12-monster-mash.3709234\/\">suspect thread<\/a>.<\/strong><\/div>\n|j|\u2606Ciro napoli\n|j|\u2606LoSconosciuto\n|t:|1666381185\n|gametype|singles\n|player|p1|Ciro napoli|klara|\n|player|p2|LoSconosciuto|#teamgapdos|\n|teamsize|p1|6\n|teamsize|p2|6\n|gen|8\n|tier|[Gen 8] OU\n|rule|Sleep Clause Mod: Limit one foe put to sleep\n|rule|Species Clause: Limit one of each Pok\u00e9mon\n|rule|OHKO Clause: OHKO moves are banned\n|rule|Evasion Items Clause: Evasion items are banned\n|rule|Evasion Moves Clause: Evasion moves are banned\n|rule|Endless Battle Clause: Forcing endless battles is banned\n|rule|HP Percentage Mod: HP is shown in percentages\n|rule|Dynamax Clause: You cannot dynamax\n|clearpoke\n|poke|p1|Moltres-Galar|\n|poke|p1|Landorus-Therian, M|\n|poke|p1|Ferrothorn, M|\n|poke|p1|Tapu Koko|\n|poke|p1|Urshifu-*, F|\n|poke|p1|Slowking-Galar, F|\n|poke|p2|Mew|\n|poke|p2|Dragapult, F|\n|poke|p2|Tapu Koko|\n|poke|p2|Moltres-Galar|\n|poke|p2|Necrozma|\n|poke|p2|Jirachi|\n|teampreview\n|inactive|Battle timer is ON: inactive players will automatically lose when time's up. (requested by Ciro napoli)\n|inactive|LoSconosciuto also wants the timer to be on.\n|c|\u2606LoSconosciuto|figa\n|c|\u2606Ciro napoli|Lol\n|c|\u2606LoSconosciuto|tosta\n|inactive|LoSconosciuto has 270 seconds left.\n|\n|t:|1666381217\n|start\n|switch|p1a: Urshifu|Urshifu-Rapid-Strike, F|100\/100\n|switch|p2a: Necrozma|Necrozma|100\/100\n|turn|1\n|c|\u2606Ciro napoli|Conosci il team\n|\n|t:|1666381226\n|move|p1a: Urshifu|U-turn|p2a: Necrozma\n|-supereffective|p2a: Necrozma\n|-damage|p2a: Necrozma|49\/100\n|c|\u2606LoSconosciuto|no\n|c|\u2606Ciro napoli|Non defogger\n|\n|t:|1666381242\n|switch|p1a: Moltres|Moltres-Galar, shiny|100\/100|[from]move: U-turn\n|move|p2a: Necrozma|Thunder Wave|p1a: Moltres\n|-status|p1a: Moltres|par\n|\n|upkeep\n|turn|2\n|c|\u2606Ciro napoli|Wincon andata bene\n|c|\u2606LoSconosciuto|le basi\n|j| AndreyVGC\n|\n|t:|1666381270\n|move|p2a: Necrozma|Stealth Rock|p1a: Moltres\n|-sidestart|p1: Ciro napoli|move: Stealth Rock\n|move|p1a: Moltres|Nasty Plot|p1a: Moltres\n|-boost|p1a: Moltres|spa|2\n|\n|upkeep\n|turn|3\n|c|\u2606LoSconosciuto|prima twave\n|c|\u2606LoSconosciuto|poi rocks\n|c|\u2606LoSconosciuto|mi fa paura sto moltres\n|\n|t:|1666381284\n|switch|p2a: Tapu Koko|Tapu Koko|100\/100\n|-fieldstart|move: Electric Terrain|[from] ability: Electric Surge|[of] p2a: Tapu Koko\n|move|p1a: Moltres|Nasty Plot|p1a: Moltres\n|-boost|p1a: Moltres|spa|2\n|\n|upkeep\n|turn|4\n|\n|t:|1666381290\n|move|p2a: Tapu Koko|Light Screen|p2a: Tapu Koko\n|-sidestart|p2: LoSconosciuto|move: Light Screen\n|move|p1a: Moltres|Nasty Plot|p1a: Moltres\n|-boost|p1a: Moltres|spa|2\n|\n|upkeep\n|turn|5\n|\n|t:|1666381293\n|move|p2a: Tapu Koko|Taunt|p1a: Moltres\n|-start|p1a: Moltres|move: Taunt\n|cant|p1a: Moltres|par\n|\n|upkeep\n|turn|6\n|\n|t:|1666381299\n|move|p2a: Tapu Koko|U-turn|p1a: Moltres\n|-damage|p1a: Moltres|80\/100 par\n|\n|t:|1666381303\n|switch|p2a: Necrozma|Necrozma|49\/100|[from]move: U-turn\n|move|p1a: Moltres|Fiery Wrath|p2a: Necrozma\n|-supereffective|p2a: Necrozma\n|-enditem|p2a: Necrozma|Colbur Berry|[eat]\n|-enditem|p2a: Necrozma|Colbur Berry|[weaken]\n|-damage|p2a: Necrozma|0 fnt\n|faint|p2a: Necrozma\n|\n|upkeep\n|\n|t:|1666381308\n|switch|p2a: Moltres|Moltres-Galar|100\/100\n|turn|7\n|\n|t:|1666381312\n|move|p2a: Moltres|Nasty Plot|p2a: Moltres\n|-boost|p2a: Moltres|spa|2\n|move|p1a: Moltres|Hurricane|p2a: Moltres|[miss]\n|-miss|p1a: Moltres|p2a: Moltres\n|\n|-end|p1a: Moltres|move: Taunt\n|-fieldend|move: Electric Terrain\n|upkeep\n|turn|8\n|\n|t:|1666381318\n|move|p2a: Moltres|Agility|p2a: Moltres\n|-boost|p2a: Moltres|spe|2\n|move|p1a: Moltres|Hurricane|p2a: Moltres|[miss]\n|-miss|p1a: Moltres|p2a: Moltres\n|\n|upkeep\n|turn|9\n|c|\u2606LoSconosciuto|skill epica\n|c|\u2606LoSconosciuto|super skill\n|c|\u2606LoSconosciuto|!math 322*1.5\n|c| LoSconosciuto|\/raw <div class=\"infobox\">322*1.5<br \/>= <strong>483<\/strong><\/div>\n|c|\u2606LoSconosciuto|il genio che ha fatto sto team\n|c|\u2606LoSconosciuto|l'ha fatto piu lento di urshifu scarf\n|inactive|LoSconosciuto has 270 seconds left.\n|c|\u2606LoSconosciuto|per\u00f2 dai danni che hai fatto mi sa che \u00e8 band\n|c| AndreyVGC|Pazzesco\n|\n|t:|1666381358\n|move|p2a: Moltres|Nasty Plot|p2a: Moltres\n|-boost|p2a: Moltres|spa|2\n|move|p1a: Moltres|Hurricane|p2a: Moltres\n|-damage|p2a: Moltres|16\/100\n|-ability|p2a: Moltres|Berserk|boost\n|-boost|p2a: Moltres|spa|1\n|\n|upkeep\n|turn|10\n|c|\u2606LoSconosciuto|ahia\n|c|\u2606Ciro napoli|Chi sacco?\n|c|\u2606LoSconosciuto|ferro\n|inactive|Ciro napoli has 270 seconds left.\n|c|\u2606LoSconosciuto|cosi posso sweeppare con pult\n|\n|t:|1666381389\n|switch|p1a: Ferrothorn|Ferrothorn, M|100\/100\n|-damage|p1a: Ferrothorn|94\/100|[from] Stealth Rock\n|move|p2a: Moltres|Fiery Wrath|p1a: Ferrothorn\n|-damage|p1a: Ferrothorn|0 fnt\n|faint|p1a: Ferrothorn\n|\n|upkeep\n|c|\u2606LoSconosciuto|grazie\n|\n|t:|1666381392\n|switch|p1a: Urshifu|Urshifu-Rapid-Strike, F|100\/100\n|-damage|p1a: Urshifu|94\/100|[from] Stealth Rock\n|turn|11\n|inactive|LoSconosciuto has 270 seconds left.\n|\n|t:|1666381399\n|move|p1a: Urshifu|Aqua Jet|p2a: Moltres\n|-damage|p2a: Moltres|0 fnt\n|faint|p2a: Moltres\n|\n|-sideend|p2: LoSconosciuto|move: Light Screen\n|upkeep\n|\n|t:|1666381400\n|switch|p2a: Dragapult|Dragapult, F|100\/100\n|turn|12\n|\n|t:|1666381405\n|switch|p1a: Moltres|Moltres-Galar, shiny|80\/100 par\n|move|p2a: Dragapult|Dragon Dance|p2a: Dragapult\n|-boost|p2a: Dragapult|atk|1\n|-boost|p2a: Dragapult|spe|1\n|\n|upkeep\n|turn|13\n|\n|t:|1666381409\n|move|p2a: Dragapult|Dragon Darts|p1a: Moltres\n|-damage|p1a: Moltres|42\/100 par\n|-anim|p2a: Dragapult|Dragon Darts|p1a: Moltres\n|-damage|p1a: Moltres|5\/100 par\n|-ability|p1a: Moltres|Berserk|boost\n|-boost|p1a: Moltres|spa|1\n|move|p1a: Moltres|Fiery Wrath|p2a: Dragapult\n|-supereffective|p2a: Dragapult\n|-damage|p2a: Dragapult|0 fnt\n|faint|p2a: Dragapult\n|\n|upkeep\n|c|\u2606LoSconosciuto|in che mondo\n|c|\u2606LoSconosciuto|non shotto\n|\n|t:|1666381422\n|switch|p2a: Tapu Koko|Tapu Koko|100\/100\n|-fieldstart|move: Electric Terrain|[from] ability: Electric Surge|[of] p2a: Tapu Koko\n|turn|14\n|c|\u2606Ciro napoli|Grande empo\n|c|\u2606LoSconosciuto|ma che sei max def\n|c|\u2606LoSconosciuto|lol\n|inactive|Ciro napoli has 270 seconds left.\n|c|\u2606Ciro napoli|No 104\n|c|\u2606Ciro napoli|Hp\n|\n|t:|1666381463\n|move|p2a: Tapu Koko|U-turn|p1a: Moltres\n|-crit|p1a: Moltres\n|-damage|p1a: Moltres|0 fnt\n|faint|p1a: Moltres\n|c|\u2606LoSconosciuto|sto team \u00e8 una merda\n|\n|t:|1666381473\n|switch|p2a: Mew|Mew|100\/100|[from]move: U-turn\n|\n|upkeep\n|inactive|Ciro napoli has 270 seconds left.\n|c|\u2606LoSconosciuto|come fai a perderci\n|c|\u2606Ciro napoli|Hai mosse per colpire urshifu?\n|\n|t:|1666381495\n|switch|p1a: Urshifu|Urshifu-Rapid-Strike, F|94\/100\n|-damage|p1a: Urshifu|88\/100|[from] Stealth Rock\n|turn|15\n|c|\u2606LoSconosciuto|no\n|c|\u2606Ciro napoli|GG\n|c|\u2606LoSconosciuto|clicca u-turn\n|c|\u2606LoSconosciuto|per il meme dai\n|\n|t:|1666381508\n|move|p2a: Mew|Cosmic Power|p2a: Mew\n|-boost|p2a: Mew|def|1\n|-boost|p2a: Mew|spd|1\n|move|p1a: Urshifu|Surging Strikes|p2a: Mew\n|-crit|p2a: Mew\n|-damage|p2a: Mew|77\/100\n|-crit|p2a: Mew\n|-damage|p2a: Mew|53\/100\n|-crit|p2a: Mew\n|-damage|p2a: Mew|29\/100\n|-hitcount|p2a: Mew|3\n|\n|upkeep\n|turn|16\n|inactive|Ciro napoli has 270 seconds left.\n|c|\u2606Ciro napoli|Sono band\n|\n|t:|1666381518\n|move|p2a: Mew|Stored Power|p1a: Urshifu\n|-supereffective|p1a: Urshifu\n|-damage|p1a: Urshifu|21\/100\n|move|p1a: Urshifu|Surging Strikes|p2a: Mew\n|-crit|p2a: Mew\n|-damage|p2a: Mew|6\/100\n|-crit|p2a: Mew\n|-damage|p2a: Mew|0 fnt\n|faint|p2a: Mew\n|-hitcount|p2: Mew|2\n|\n|upkeep\n|c|\u2606LoSconosciuto|lo so\n|\n|t:|1666381534\n|switch|p2a: Jirachi|Jirachi|100\/100\n|turn|17\n|c| AndreyVGC|Bel meme\n|c|\u2606Ciro napoli|In teoria\n|\n|t:|1666381544\n|move|p1a: Urshifu|Surging Strikes|p2a: Jirachi\n|-crit|p2a: Jirachi\n|-damage|p2a: Jirachi|76\/100\n|-crit|p2a: Jirachi\n|-damage|p2a: Jirachi|51\/100\n|-crit|p2a: Jirachi\n|-damage|p2a: Jirachi|25\/100\n|-hitcount|p2a: Jirachi|3\n|move|p2a: Jirachi|Stored Power|p1a: Urshifu\n|-supereffective|p1a: Urshifu\n|-damage|p1a: Urshifu|1\/100\n|\n|upkeep\n|turn|18\n|\n|t:|1666381548\n|move|p1a: Urshifu|Surging Strikes|p2a: Jirachi\n|-crit|p2a: Jirachi\n|-damage|p2a: Jirachi|3\/100\n|-crit|p2a: Jirachi\n|-damage|p2a: Jirachi|0 fnt\n|faint|p2a: Jirachi\n|-hitcount|p2: Jirachi|2\n|\n|-fieldend|move: Electric Terrain\n|upkeep\n|c|\u2606LoSconosciuto|koko sweep\n|\n|t:|1666381552\n|switch|p2a: Tapu Koko|Tapu Koko|100\/100\n|-fieldstart|move: Electric Terrain|[from] ability: Electric Surge|[of] p2a: Tapu Koko\n|turn|19\n|\n|t:|1666381555\n|switch|p1a: Landorus|Landorus-Therian, M|100\/100\n|-damage|p1a: Landorus|88\/100|[from] Stealth Rock\n|-ability|p1a: Landorus|Intimidate|boost\n|-unboost|p2a: Tapu Koko|atk|1\n|move|p2a: Tapu Koko|U-turn|p1a: Landorus\n|-resisted|p1a: Landorus\n|-damage|p1a: Landorus|82\/100\n|\n|-heal|p1a: Landorus|88\/100|[from] item: Leftovers\n|upkeep\n|turn|20\n|\n|t:|1666381559\n|move|p2a: Tapu Koko|Reflect|p2a: Tapu Koko\n|-sidestart|p2: LoSconosciuto|Reflect\n|move|p1a: Landorus|Stealth Rock|p2a: Tapu Koko\n|-sidestart|p2: LoSconosciuto|move: Stealth Rock\n|\n|-heal|p1a: Landorus|94\/100|[from] item: Leftovers\n|upkeep\n|turn|21\n|\n|t:|1666381561\n|move|p2a: Tapu Koko|Light Screen|p2a: Tapu Koko\n|-sidestart|p2: LoSconosciuto|move: Light Screen\n|move|p1a: Landorus|Earthquake|p2a: Tapu Koko\n|-supereffective|p2a: Tapu Koko\n|-damage|p2a: Tapu Koko|46\/100\n|\n|-heal|p1a: Landorus|100\/100|[from] item: Leftovers\n|upkeep\n|turn|22\n|\n|t:|1666381564\n|move|p2a: Tapu Koko|U-turn|p1a: Landorus\n|-resisted|p1a: Landorus\n|-damage|p1a: Landorus|94\/100\n|move|p1a: Landorus|Earthquake|p2a: Tapu Koko\n|-supereffective|p2a: Tapu Koko\n|-damage|p2a: Tapu Koko|0 fnt\n|faint|p2a: Tapu Koko\n|\n|win|Ciro napoli\n|c|\u2606Ciro napoli|Op\n|l| AndreyVGC\n|c|\u2606LoSconosciuto|col sand vinco ez\n|c|\u2606Ciro napoli|Io ho pure perso\n|l|\u2606LoSconosciuto\n|j| AndreyVGC\n|l| AndreyVGC\n|l|\u2606Ciro napoli\n|j|\u2606Ciro napoli\n|player|p1|Ciro napoli|klara\n","uploadtime":1666381735,"views":23,"p1id":"cironapoli","p2id":"losconosciuto","formatid":"gen8ou","rating":0,"private":0,"password":null}