{"id":"gen8ou-1438124193","p1":"Jamario Mariomario","p2":"Quinroux","format":"gen8ou","log":"|j|\u2606Jamario Mariomario\n|j|\u2606Quinroux\n|t:|1634629672\n|gametype|singles\n|player|p1|Jamario Mariomario|bugcatcher|1750\n|player|p2|Quinroux|lance|1877\n|teamsize|p1|6\n|teamsize|p2|6\n|gen|8\n|tier|[Gen 8] OU\n|rated|\n|rule|Sleep Clause Mod: Limit one foe put to sleep\n|rule|Species Clause: Limit one of each Pok\u00e9mon\n|rule|OHKO Clause: OHKO moves are banned\n|rule|Evasion Moves Clause: Evasion moves are banned\n|rule|Endless Battle Clause: Forcing endless battles is banned\n|rule|HP Percentage Mod: HP is shown in percentages\n|rule|Dynamax Clause: You cannot dynamax\n|clearpoke\n|poke|p1|Volcanion|\n|poke|p1|Moltres|\n|poke|p1|Mamoswine, M|\n|poke|p1|Blissey, F|\n|poke|p1|Rillaboom, F|\n|poke|p1|Hydreigon, F|\n|poke|p2|Melmetal|\n|poke|p2|Tapu Lele|\n|poke|p2|Garchomp, F|\n|poke|p2|Tapu Fini|\n|poke|p2|Landorus-Therian, M|\n|poke|p2|Zapdos|\n|teampreview\n|inactive|Battle timer is ON: inactive players will automatically lose when time's up. (requested by Quinroux)\n|\n|t:|1634629685\n|start\n|switch|p1a: Volcanion|Volcanion|100\/100\n|switch|p2a: Senku|Tapu Lele|100\/100\n|-fieldstart|move: Psychic Terrain|[from] ability: Psychic Surge|[of] p2a: Senku\n|turn|1\n|\n|t:|1634629689\n|switch|p1a: Hydreigon|Hydreigon, F|100\/100\n|move|p2a: Senku|Psyshock|p1a: Hydreigon\n|-immune|p1a: Hydreigon\n|\n|upkeep\n|turn|2\n|j| No 1 Hane Fan\n|\n|t:|1634629696\n|switch|p2a: Franky|Melmetal|100\/100\n|move|p1a: Hydreigon|Dark Pulse|p2a: Franky\n|-damage|p2a: Franky|76\/100\n|-damage|p1a: Hydreigon|91\/100|[from] item: Life Orb\n|\n|upkeep\n|turn|3\n|j| Mynameisabhi\n|j| Tabata Toxapex\n|\n|t:|1634629708\n|switch|p1a: Moltres|Moltres|100\/100\n|switch|p2a: LeBro|Landorus-Therian, M|100\/100\n|-ability|p2a: LeBro|Intimidate|boost\n|-unboost|p1a: Moltres|atk|1\n|\n|upkeep\n|turn|4\n|j| Mimi-Forever\n|\n|t:|1634629712\n|move|p2a: LeBro|Toxic|p1a: Moltres\n|-status|p1a: Moltres|tox\n|move|p1a: Moltres|U-turn|p2a: LeBro\n|-resisted|p2a: LeBro\n|-damage|p2a: LeBro|97\/100\n|-damage|p1a: Moltres|84\/100 tox|[from] item: Rocky Helmet|[of] p2a: LeBro\n|\n|t:|1634629715\n|switch|p1a: Volcanion|Volcanion|100\/100|[from]move: U-turn\n|\n|upkeep\n|turn|5\n|\n|t:|1634629721\n|switch|p2a: Kakashi|Tapu Fini|100\/100\n|-fieldstart|move: Misty Terrain|[from] ability: Misty Surge|[of] p2a: Kakashi\n|move|p1a: Volcanion|Sludge Wave|p2a: Kakashi\n|-supereffective|p2a: Kakashi\n|-damage|p2a: Kakashi|18\/100\n|\n|upkeep\n|turn|6\n|\n|t:|1634629728\n|switch|p2a: Franky|Melmetal|76\/100\n|move|p1a: Volcanion|Sludge Wave|p2a: Franky\n|-immune|p2a: Franky\n|\n|upkeep\n|turn|7\n|\n|t:|1634629730\n|switch|p1a: Moltres|Moltres|84\/100 tox\n|switch|p2a: LeBro|Landorus-Therian, M|97\/100\n|-ability|p2a: LeBro|Intimidate|boost\n|-unboost|p1a: Moltres|atk|1\n|\n|-damage|p1a: Moltres|78\/100 tox|[from] psn\n|upkeep\n|turn|8\n|\n|t:|1634629736\n|switch|p1a: Volcanion|Volcanion|100\/100\n|move|p2a: LeBro|Stealth Rock|p1a: Volcanion\n|-sidestart|p1: Jamario Mariomario|move: Stealth Rock\n|\n|upkeep\n|turn|9\n|\n|t:|1634629744\n|move|p2a: LeBro|Earthquake|p1a: Volcanion\n|-supereffective|p1a: Volcanion\n|-damage|p1a: Volcanion|24\/100\n|move|p1a: Volcanion|Steam Eruption|p2a: LeBro\n|-supereffective|p2a: LeBro\n|-damage|p2a: LeBro|0 fnt\n|faint|p2a: LeBro\n|\n|-fieldend|Misty Terrain\n|upkeep\n|\n|t:|1634629752\n|switch|p2a: Katchan|Garchomp, F|100\/100\n|turn|10\n|\n|t:|1634629758\n|switch|p1a: Rillaboom|Rillaboom, F|100\/100\n|-damage|p1a: Rillaboom|88\/100|[from] Stealth Rock\n|-fieldstart|move: Grassy Terrain|[from] ability: Grassy Surge|[of] p1a: Rillaboom\n|move|p2a: Katchan|Swords Dance|p2a: Katchan\n|-boost|p2a: Katchan|atk|2\n|\n|-heal|p1a: Rillaboom|94\/100|[from] Grassy Terrain\n|upkeep\n|turn|11\n|j| Noob 0_o\n|\n|t:|1634629773\n|move|p1a: Rillaboom|Grassy Glide|p2a: Katchan\n|-damage|p2a: Katchan|28\/100\n|-damage|p1a: Rillaboom|82\/100|[from] ability: Rough Skin|[of] p2a: Katchan\n|move|p2a: Katchan|Fire Fang|p1a: Rillaboom|[miss]\n|-miss|p2a: Katchan|p1a: Rillaboom\n|\n|-heal|p2a: Katchan|34\/100|[from] Grassy Terrain\n|-heal|p2a: Katchan|41\/100|[from] item: Leftovers\n|-heal|p1a: Rillaboom|88\/100|[from] Grassy Terrain\n|upkeep\n|turn|12\n|j| bilinear\n|j| juicelol\n|\n|t:|1634629782\n|switch|p2a: Zapdos|Zapdos|100\/100\n|move|p1a: Rillaboom|Grassy Glide|p2a: Zapdos\n|-resisted|p2a: Zapdos\n|-crit|p2a: Zapdos\n|-damage|p2a: Zapdos|49\/100\n|\n|-heal|p1a: Rillaboom|94\/100|[from] Grassy Terrain\n|upkeep\n|turn|13\n|\n|t:|1634629788\n|switch|p1a: Blissey|Blissey, F|100\/100\n|move|p2a: Zapdos|Roost|p2a: Zapdos\n|-heal|p2a: Zapdos|99\/100\n|-singleturn|p2a: Zapdos|move: Roost\n|\n|-heal|p2a: Zapdos|100\/100|[from] Grassy Terrain\n|upkeep\n|turn|14\n|\n|t:|1634629792\n|switch|p2a: Kakashi|Tapu Fini|18\/100\n|-fieldstart|move: Misty Terrain|[from] ability: Misty Surge|[of] p2a: Kakashi\n|move|p1a: Blissey|Teleport|p1a: Blissey\n|\n|t:|1634629799\n|switch|p1a: Rillaboom|Rillaboom, F|94\/100|[from]move: Teleport\n|-damage|p1a: Rillaboom|82\/100|[from] Stealth Rock\n|-fieldstart|move: Grassy Terrain|[from] ability: Grassy Surge|[of] p1a: Rillaboom\n|\n|-heal|p2a: Kakashi|24\/100|[from] Grassy Terrain\n|-heal|p1a: Rillaboom|88\/100|[from] Grassy Terrain\n|upkeep\n|turn|15\n|\n|t:|1634629803\n|switch|p2a: Zapdos|Zapdos|100\/100\n|move|p1a: Rillaboom|U-turn|p2a: Zapdos\n|-resisted|p2a: Zapdos\n|-damage|p2a: Zapdos|84\/100\n|\n|t:|1634629809\n|switch|p1a: Hydreigon|Hydreigon, F|91\/100|[from]move: U-turn\n|-damage|p1a: Hydreigon|78\/100|[from] Stealth Rock\n|\n|upkeep\n|turn|16\n|\n|t:|1634629813\n|switch|p2a: Franky|Melmetal|76\/100\n|move|p1a: Hydreigon|Dark Pulse|p2a: Franky\n|-damage|p2a: Franky|51\/100\n|-damage|p1a: Hydreigon|68\/100|[from] item: Life Orb\n|\n|-heal|p2a: Franky|57\/100|[from] Grassy Terrain\n|upkeep\n|turn|17\n|\n|t:|1634629822\n|switch|p1a: Moltres|Moltres|78\/100 tox\n|switch|p2a: Zapdos|Zapdos|84\/100\n|\n|-damage|p1a: Moltres|72\/100 tox|[from] psn\n|upkeep\n|turn|18\n|\n|t:|1634629829\n|switch|p1a: Blissey|Blissey, F|100\/100\n|move|p2a: Zapdos|Discharge|p1a: Blissey\n|-damage|p1a: Blissey|86\/100\n|\n|-heal|p1a: Blissey|92\/100|[from] Grassy Terrain\n|-fieldend|move: Grassy Terrain\n|upkeep\n|turn|19\n|\n|t:|1634629836\n|switch|p2a: Katchan|Garchomp, F|41\/100\n|move|p1a: Blissey|Teleport|p1a: Blissey\n|\n|t:|1634629842\n|switch|p1a: Mamoswine|Mamoswine, M|100\/100|[from]move: Teleport\n|-damage|p1a: Mamoswine|88\/100|[from] Stealth Rock\n|\n|-heal|p2a: Katchan|47\/100|[from] item: Leftovers\n|upkeep\n|turn|20\n|\n|t:|1634629847\n|switch|p2a: Senku|Tapu Lele|100\/100\n|-fieldstart|move: Psychic Terrain|[from] ability: Psychic Surge|[of] p2a: Senku\n|move|p1a: Mamoswine|Ice Shard|p2a: Senku\n|-activate|p2a: Senku|move: Psychic Terrain\n|\n|upkeep\n|turn|21\n|\n|t:|1634629853\n|switch|p1a: Blissey|Blissey, F|92\/100\n|move|p2a: Senku|Psyshock|p1a: Blissey\n|-damage|p1a: Blissey|42\/100\n|\n|upkeep\n|turn|22\n|\n|t:|1634629865\n|switch|p2a: Franky|Melmetal|57\/100\n|switch|p1a: Moltres|Moltres|72\/100 tox\n|\n|-damage|p1a: Moltres|66\/100 tox|[from] psn\n|upkeep\n|turn|23\n|j| Ctannn\n|\n|t:|1634629881\n|move|p1a: Moltres|Defog|p2a: Franky\n|-unboost|p2a: Franky|evasion|1\n|-sideend|p1: Jamario Mariomario|Stealth Rock|[from] move: Defog|[of] p1a: Moltres\n|-fieldend|move: Psychic Terrain\n|move|p2a: Franky|Ice Punch|p1a: Moltres\n|-damage|p1a: Moltres|45\/100 tox\n|-status|p2a: Franky|brn|[from] ability: Flame Body|[of] p1a: Moltres\n|\n|-damage|p1a: Moltres|33\/100 tox|[from] psn\n|-damage|p2a: Franky|51\/100 brn|[from] brn\n|upkeep\n|turn|24\n|\n|t:|1634629890\n|switch|p2a: Katchan|Garchomp, F|47\/100\n|move|p1a: Moltres|Roost|p1a: Moltres\n|-heal|p1a: Moltres|83\/100 tox\n|-singleturn|p1a: Moltres|move: Roost\n|\n|-heal|p2a: Katchan|53\/100|[from] item: Leftovers\n|-damage|p1a: Moltres|65\/100 tox|[from] psn\n|upkeep\n|turn|25\n|j| bluewasabi24\n|\n|t:|1634629895\n|move|p2a: Katchan|Swords Dance|p2a: Katchan\n|-boost|p2a: Katchan|atk|2\n|move|p1a: Moltres|Flamethrower|p2a: Katchan\n|-resisted|p2a: Katchan\n|-damage|p2a: Katchan|31\/100\n|-status|p2a: Katchan|brn\n|\n|-heal|p2a: Katchan|37\/100 brn|[from] item: Leftovers\n|-damage|p1a: Moltres|41\/100 tox|[from] psn\n|-damage|p2a: Katchan|31\/100 brn|[from] brn\n|upkeep\n|turn|26\n|\n|t:|1634629906\n|move|p2a: Katchan|Scale Shot|p1a: Moltres\n|-damage|p1a: Moltres|32\/100 tox\n|-crit|p1a: Moltres\n|-damage|p1a: Moltres|19\/100 tox\n|-damage|p1a: Moltres|10\/100 tox\n|-hitcount|p1a: Moltres|3\n|-unboost|p2a: Katchan|def|1\n|-boost|p2a: Katchan|spe|1\n|move|p1a: Moltres|U-turn|p2a: Katchan\n|-damage|p2a: Katchan|10\/100 brn\n|-damage|p1a: Moltres|0 fnt|[from] ability: Rough Skin|[of] p2a: Katchan\n|faint|p1a: Moltres\n|\n|-heal|p2a: Katchan|16\/100 brn|[from] item: Leftovers\n|-damage|p2a: Katchan|10\/100 brn|[from] brn\n|upkeep\n|\n|t:|1634629909\n|switch|p1a: Mamoswine|Mamoswine, M|88\/100\n|turn|27\n|\n|t:|1634629919\n|move|p1a: Mamoswine|Ice Shard|p2a: Katchan\n|-supereffective|p2a: Katchan\n|-damage|p2a: Katchan|0 fnt\n|faint|p2a: Katchan\n|\n|upkeep\n|\n|t:|1634629923\n|switch|p2a: Senku|Tapu Lele|100\/100\n|-fieldstart|move: Psychic Terrain|[from] ability: Psychic Surge|[of] p2a: Senku\n|turn|28\n|\n|t:|1634629933\n|switch|p1a: Volcanion|Volcanion|24\/100\n|move|p2a: Senku|Focus Blast|p1a: Volcanion\n|-damage|p1a: Volcanion|0 fnt\n|faint|p1a: Volcanion\n|\n|upkeep\n|\n|t:|1634629939\n|switch|p1a: Rillaboom|Rillaboom, F|88\/100\n|-fieldstart|move: Grassy Terrain|[from] ability: Grassy Surge|[of] p1a: Rillaboom\n|turn|29\n|\n|t:|1634629959\n|switch|p2a: Zapdos|Zapdos|84\/100\n|move|p1a: Rillaboom|Knock Off|p2a: Zapdos\n|-crit|p2a: Zapdos\n|-damage|p2a: Zapdos|10\/100\n|-enditem|p2a: Zapdos|Heavy-Duty Boots|[from] move: Knock Off|[of] p1a: Rillaboom\n|\n|-heal|p1a: Rillaboom|94\/100|[from] Grassy Terrain\n|upkeep\n|turn|30\n|\n|t:|1634629973\n|switch|p1a: Mamoswine|Mamoswine, M|88\/100\n|move|p2a: Zapdos|Roost|p2a: Zapdos\n|-heal|p2a: Zapdos|60\/100\n|-singleturn|p2a: Zapdos|move: Roost\n|\n|-heal|p1a: Mamoswine|94\/100|[from] Grassy Terrain\n|-heal|p2a: Zapdos|66\/100|[from] Grassy Terrain\n|upkeep\n|turn|31\n|\n|t:|1634629976\n|switch|p2a: Franky|Melmetal|51\/100 brn\n|move|p1a: Mamoswine|Stealth Rock|p2a: Franky\n|-sidestart|p2: Quinroux|move: Stealth Rock\n|\n|-heal|p1a: Mamoswine|99\/100|[from] Grassy Terrain\n|-heal|p2a: Franky|57\/100 brn|[from] Grassy Terrain\n|-damage|p2a: Franky|51\/100 brn|[from] brn\n|upkeep\n|turn|32\n|\n|t:|1634629986\n|move|p1a: Mamoswine|High Horsepower|p2a: Franky\n|-supereffective|p2a: Franky\n|-damage|p2a: Franky|0 fnt\n|faint|p2a: Franky\n|\n|-heal|p1a: Mamoswine|100\/100|[from] Grassy Terrain\n|upkeep\n|\n|t:|1634629991\n|switch|p2a: Senku|Tapu Lele|100\/100\n|-damage|p2a: Senku|88\/100|[from] Stealth Rock\n|-fieldstart|move: Psychic Terrain|[from] ability: Psychic Surge|[of] p2a: Senku\n|turn|33\n|\n|t:|1634629998\n|switch|p1a: Blissey|Blissey, F|42\/100\n|move|p2a: Senku|Focus Blast|p1a: Blissey|[miss]\n|-miss|p2a: Senku|p1a: Blissey\n|\n|upkeep\n|turn|34\n|\n|t:|1634630004\n|switch|p2a: Kakashi|Tapu Fini|24\/100\n|-damage|p2a: Kakashi|12\/100|[from] Stealth Rock\n|-fieldstart|move: Misty Terrain|[from] ability: Misty Surge|[of] p2a: Kakashi\n|move|p1a: Blissey|Soft-Boiled|p1a: Blissey\n|-heal|p1a: Blissey|92\/100\n|\n|upkeep\n|turn|35\n|\n|t:|1634630007\n|move|p2a: Kakashi|Trick|p1a: Blissey\n|-activate|p2a: Kakashi|move: Trick|[of] p1a: Blissey\n|-item|p1a: Blissey|Choice Scarf|[from] move: Trick\n|-item|p2a: Kakashi|Heavy-Duty Boots|[from] move: Trick\n|move|p1a: Blissey|Seismic Toss|p2a: Kakashi\n|-damage|p2a: Kakashi|0 fnt\n|faint|p2a: Kakashi\n|\n|upkeep\n|\n|t:|1634630012\n|switch|p2a: Senku|Tapu Lele|88\/100\n|-damage|p2a: Senku|76\/100|[from] Stealth Rock\n|-fieldstart|move: Psychic Terrain|[from] ability: Psychic Surge|[of] p2a: Senku\n|turn|36\n|\n|t:|1634630014\n|move|p2a: Senku|Focus Blast|p1a: Blissey|[miss]\n|-miss|p2a: Senku|p1a: Blissey\n|move|p1a: Blissey|Seismic Toss|p2a: Senku\n|-damage|p2a: Senku|40\/100\n|\n|upkeep\n|turn|37\n|\n|t:|1634630017\n|move|p2a: Senku|Focus Blast|p1a: Blissey\n|-supereffective|p1a: Blissey\n|-damage|p1a: Blissey|63\/100\n|move|p1a: Blissey|Seismic Toss|p2a: Senku\n|-damage|p2a: Senku|4\/100\n|\n|upkeep\n|turn|38\n|\n|t:|1634630020\n|move|p2a: Senku|Focus Blast|p1a: Blissey|[miss]\n|-miss|p2a: Senku|p1a: Blissey\n|move|p1a: Blissey|Seismic Toss|p2a: Senku\n|-damage|p2a: Senku|0 fnt\n|faint|p2a: Senku\n|\n|upkeep\n|-message|Quinroux forfeited.\n|\n|win|Jamario Mariomario\n|raw|Jamario Mariomario's rating: 1750 &rarr; <strong>1777<\/strong><br \/>(+27 for winning)\n|raw|Quinroux's rating: 1877 &rarr; <strong>1850<\/strong><br \/>(-27 for losing)\n|l|\u2606Quinroux\n|l| bilinear\n|l| bluewasabi24\n|l|\u2606Jamario Mariomario\n|l| Mynameisabhi\n|l| Mimi-Forever\n","uploadtime":1634630108,"views":30,"p1id":"jamariomariomario","p2id":"quinroux","formatid":"gen8ou","rating":1777,"private":0,"password":null}