{"id":"gen8nationaldexag-1676748498","p1":"die Milchjumbos","p2":"Rediyu","format":"gen8nationaldexag","log":"|j|\u2606die Milchjumbos\n|j|\u2606Rediyu\n|t:|1664821257\n|gametype|singles\n|player|p1|die Milchjumbos|darach-caitlin|\n|player|p2|Rediyu|guitarist|\n|teamsize|p1|6\n|teamsize|p2|6\n|gen|8\n|tier|[Gen 8] National Dex AG\n|rule|HP Percentage Mod: HP is shown in percentages\n|rule|Endless Battle Clause: Forcing endless battles is banned\n|clearpoke\n|poke|p1|Kangaskhan, F|\n|poke|p1|Darmanitan-Galar, F|\n|poke|p1|Tapu Koko|\n|poke|p1|Kartana|\n|poke|p1|Gliscor, M|\n|poke|p1|Moltres-Galar|\n|poke|p2|Blaziken, F|\n|poke|p2|Ferrothorn, M|\n|poke|p2|Tornadus-Therian, M|\n|poke|p2|Smeargle, F|\n|poke|p2|Swampert, M|\n|poke|p2|Hydreigon, F|\n|teampreview\n|c|\u2606Rediyu|gl hf\n|c|\u2606die Milchjumbos|hf\n|\n|t:|1664821295\n|start\n|switch|p1a: Kangaskhan|Kangaskhan, F|100\/100\n|switch|p2a: Smeargle|Smeargle, F|100\/100\n|turn|1\n|\n|t:|1664821301\n|switch|p2a: Tornadus|Tornadus-Therian, M|100\/100\n|detailschange|p1a: Kangaskhan|Kangaskhan-Mega, F\n|-mega|p1a: Kangaskhan|Kangaskhan|Kangaskhanite\n|move|p1a: Kangaskhan|Drain Punch|p2a: Tornadus\n|-resisted|p2a: Tornadus\n|-damage|p2a: Tornadus|89\/100\n|-damage|p1a: Kangaskhan|84\/100|[from] item: Rocky Helmet|[of] p2a: Tornadus\n|-resisted|p2a: Tornadus\n|-damage|p2a: Tornadus|86\/100\n|-heal|p1a: Kangaskhan|86\/100|[from] drain|[of] p2a: Tornadus\n|-damage|p1a: Kangaskhan|69\/100|[from] item: Rocky Helmet|[of] p2a: Tornadus\n|-hitcount|p2a: Tornadus|2\n|\n|upkeep\n|turn|2\n|\n|t:|1664821312\n|switch|p1a: Tapu Koko|Tapu Koko|100\/100\n|-fieldstart|move: Electric Terrain|[from] ability: Electric Surge|[of] p1a: Tapu Koko\n|move|p2a: Tornadus|U-turn|p1a: Tapu Koko\n|-resisted|p1a: Tapu Koko\n|-damage|p1a: Tapu Koko|91\/100\n|\n|t:|1664821324\n|switch|p2a: Ferrothorn|Ferrothorn, M|100\/100|[from]move: U-turn\n|\n|upkeep\n|turn|3\n|\n|t:|1664821336\n|move|p1a: Tapu Koko|Nature's Madness|p2a: Ferrothorn\n|-damage|p2a: Ferrothorn|51\/100\n|move|p2a: Ferrothorn|Iron Defense|p2a: Ferrothorn\n|-boost|p2a: Ferrothorn|def|2\n|\n|-heal|p2a: Ferrothorn|57\/100|[from] item: Leftovers\n|upkeep\n|turn|4\n|\n|t:|1664821345\n|move|p1a: Tapu Koko|Nature's Madness|p2a: Ferrothorn|[miss]\n|-miss|p1a: Tapu Koko|p2a: Ferrothorn\n|move|p2a: Ferrothorn|Leech Seed|p1a: Tapu Koko\n|-start|p1a: Tapu Koko|move: Leech Seed\n|\n|-heal|p2a: Ferrothorn|63\/100|[from] item: Leftovers\n|-damage|p1a: Tapu Koko|78\/100|[from] Leech Seed|[of] p2a: Ferrothorn\n|-heal|p2a: Ferrothorn|73\/100|[silent]\n|upkeep\n|turn|5\n|\n|t:|1664821352\n|move|p1a: Tapu Koko|Nature's Madness|p2a: Ferrothorn\n|-damage|p2a: Ferrothorn|37\/100\n|move|p2a: Ferrothorn|Body Press|p1a: Tapu Koko\n|-resisted|p1a: Tapu Koko\n|-damage|p1a: Tapu Koko|33\/100\n|\n|-heal|p2a: Ferrothorn|43\/100|[from] item: Leftovers\n|-damage|p1a: Tapu Koko|20\/100|[from] Leech Seed|[of] p2a: Ferrothorn\n|-heal|p2a: Ferrothorn|53\/100|[silent]\n|upkeep\n|turn|6\n|\n|t:|1664821364\n|move|p1a: Tapu Koko|Volt Switch|p2a: Ferrothorn\n|-resisted|p2a: Ferrothorn\n|-damage|p2a: Ferrothorn|36\/100\n|\n|t:|1664821370\n|switch|p1a: Gliscor|Gliscor, M|100\/100|[from]move: Volt Switch\n|move|p2a: Ferrothorn|Body Press|p1a: Gliscor\n|-resisted|p1a: Gliscor\n|-damage|p1a: Gliscor|75\/100\n|\n|-heal|p2a: Ferrothorn|42\/100|[from] item: Leftovers\n|-fieldend|move: Electric Terrain\n|-status|p1a: Gliscor|tox|[from] item: Toxic Orb\n|upkeep\n|turn|7\n|\n|t:|1664821385\n|switch|p1a: Kangaskhan|Kangaskhan-Mega, F|69\/100\n|move|p2a: Ferrothorn|Leech Seed|p1a: Kangaskhan\n|-start|p1a: Kangaskhan|move: Leech Seed\n|\n|-heal|p2a: Ferrothorn|48\/100|[from] item: Leftovers\n|-damage|p1a: Kangaskhan|57\/100|[from] Leech Seed|[of] p2a: Ferrothorn\n|-heal|p2a: Ferrothorn|60\/100|[silent]\n|upkeep\n|turn|8\n|\n|t:|1664821395\n|switch|p2a: Tornadus|Tornadus-Therian, M|100\/100\n|move|p1a: Kangaskhan|Fire Blast|p2a: Tornadus\n|-damage|p2a: Tornadus|83\/100\n|-damage|p2a: Tornadus|79\/100\n|-hitcount|p2a: Tornadus|2\n|\n|-damage|p1a: Kangaskhan|45\/100|[from] Leech Seed|[of] p2a: Tornadus\n|-heal|p2a: Tornadus|91\/100|[silent]\n|upkeep\n|turn|9\n|\n|t:|1664821405\n|switch|p1a: Tapu Koko|Tapu Koko|20\/100\n|-fieldstart|move: Electric Terrain|[from] ability: Electric Surge|[of] p1a: Tapu Koko\n|move|p2a: Tornadus|Sludge Bomb|p1a: Tapu Koko\n|-supereffective|p1a: Tapu Koko\n|-damage|p1a: Tapu Koko|0 fnt\n|faint|p1a: Tapu Koko\n|\n|upkeep\n|\n|t:|1664821411\n|switch|p1a: Darmanitan|Darmanitan-Galar, F|100\/100\n|turn|10\n|\n|t:|1664821508\n|switch|p2a: Ferrothorn|Ferrothorn, M|60\/100\n|move|p1a: Darmanitan|Icicle Crash|p2a: Ferrothorn\n|-damage|p2a: Ferrothorn|13\/100\n|\n|-heal|p2a: Ferrothorn|19\/100|[from] item: Leftovers\n|upkeep\n|turn|11\n|\n|t:|1664821515\n|move|p1a: Darmanitan|Icicle Crash|p2a: Ferrothorn\n|-damage|p2a: Ferrothorn|0 fnt\n|faint|p2a: Ferrothorn\n|\n|upkeep\n|\n|t:|1664821524\n|switch|p2a: Smeargle|Smeargle, F|100\/100\n|turn|12\n|\n|t:|1664821533\n|move|p1a: Darmanitan|Icicle Crash|p2a: Smeargle\n|-enditem|p2a: Smeargle|Focus Sash\n|-damage|p2a: Smeargle|1\/100\n|move|p2a: Smeargle|Endeavor|p1a: Darmanitan\n|-damage|p1a: Darmanitan|1\/100\n|\n|upkeep\n|turn|13\n|\n|t:|1664821549\n|switch|p1a: Kangaskhan|Kangaskhan-Mega, F|45\/100\n|move|p2a: Smeargle|Extreme Speed|p1a: Kangaskhan\n|-damage|p1a: Kangaskhan|30\/100\n|\n|-fieldend|move: Electric Terrain\n|upkeep\n|turn|14\n|\n|t:|1664821566\n|switch|p2a: Tornadus|Tornadus-Therian, M|100\/100\n|move|p1a: Kangaskhan|Body Slam|p2a: Tornadus\n|-damage|p2a: Tornadus|59\/100\n|-damage|p1a: Kangaskhan|14\/100|[from] item: Rocky Helmet|[of] p2a: Tornadus\n|-damage|p2a: Tornadus|48\/100\n|-status|p2a: Tornadus|par\n|-damage|p1a: Kangaskhan|0 fnt|[from] item: Rocky Helmet|[of] p2a: Tornadus\n|faint|p1a: Kangaskhan\n|-hitcount|p2a: Tornadus|2\n|\n|upkeep\n|\n|t:|1664821580\n|switch|p1a: Darmanitan|Darmanitan-Galar, F|1\/100\n|turn|15\n|\n|t:|1664821588\n|switch|p2a: Smeargle|Smeargle, F|1\/100\n|move|p1a: Darmanitan|Icicle Crash|p2a: Smeargle\n|-crit|p2a: Smeargle\n|-damage|p2a: Smeargle|0 fnt\n|faint|p2a: Smeargle\n|\n|upkeep\n|\n|t:|1664821593\n|switch|p2a: Blaziken|Blaziken, F|100\/100\n|-item|p2a: Blaziken|Air Balloon\n|turn|16\n|\n|t:|1664821609\n|move|p1a: Darmanitan|Icicle Crash|p2a: Blaziken\n|-resisted|p2a: Blaziken\n|-damage|p2a: Blaziken|49\/100\n|-enditem|p2a: Blaziken|Air Balloon\n|move|p2a: Blaziken|Swords Dance|p2a: Blaziken\n|-boost|p2a: Blaziken|atk|2\n|\n|-ability|p2a: Blaziken|Speed Boost|boost\n|-boost|p2a: Blaziken|spe|1\n|upkeep\n|turn|17\n|\n|t:|1664821615\n|move|p2a: Blaziken|Protect|p2a: Blaziken\n|-singleturn|p2a: Blaziken|Protect\n|move|p1a: Darmanitan|Icicle Crash|p2a: Blaziken\n|-activate|p2a: Blaziken|move: Protect\n|\n|-ability|p2a: Blaziken|Speed Boost|boost\n|-boost|p2a: Blaziken|spe|1\n|upkeep\n|turn|18\n|\n|t:|1664821707\n|switch|p1a: Kartana|Kartana|100\/100\n|move|p2a: Blaziken|Close Combat|p1a: Kartana\n|-supereffective|p1a: Kartana\n|-damage|p1a: Kartana|0 fnt\n|-unboost|p2a: Blaziken|def|1\n|-unboost|p2a: Blaziken|spd|1\n|faint|p1a: Kartana\n|\n|-ability|p2a: Blaziken|Speed Boost|boost\n|-boost|p2a: Blaziken|spe|1\n|upkeep\n|\n|t:|1664821716\n|switch|p1a: Gliscor|Gliscor, M|75\/100 tox\n|turn|19\n|\n|t:|1664821754\n|move|p2a: Blaziken|Flare Blitz|p1a: Gliscor\n|-damage|p1a: Gliscor|0 fnt\n|faint|p1a: Gliscor\n|-damage|p2a: Blaziken|22\/100|[from] Recoil\n|\n|-ability|p2a: Blaziken|Speed Boost|boost\n|-boost|p2a: Blaziken|spe|1\n|upkeep\n|\n|t:|1664821762\n|switch|p1a: Moltres|Moltres-Galar|100\/100\n|turn|20\n|\n|t:|1664821780\n|move|p2a: Blaziken|Close Combat|p1a: Moltres\n|-damage|p1a: Moltres|0 fnt\n|-unboost|p2a: Blaziken|def|1\n|-unboost|p2a: Blaziken|spd|1\n|faint|p1a: Moltres\n|\n|-ability|p2a: Blaziken|Speed Boost|boost\n|-boost|p2a: Blaziken|spe|1\n|upkeep\n|c|\u2606Rediyu|gg\n|\n|t:|1664821784\n|switch|p1a: Darmanitan|Darmanitan-Galar, F|1\/100\n|turn|21\n|\n|t:|1664821787\n|move|p2a: Blaziken|Flare Blitz|p1a: Darmanitan\n|-supereffective|p1a: Darmanitan\n|-damage|p1a: Darmanitan|0 fnt\n|faint|p1a: Darmanitan\n|-damage|p2a: Blaziken|22\/100|[from] Recoil\n|\n|win|Rediyu\n|l|\u2606die Milchjumbos\n","uploadtime":1664821793,"views":36,"p1id":"diemilchjumbos","p2id":"rediyu","formatid":"gen8nationaldexag","rating":0,"private":0,"password":null}