{"id":"gen8ou-1633073971","p1":"cogonahorse","p2":"reionatro","format":"gen8ou","log":"|j|\u2606cogonahorse\n|j|\u2606reionatro\n|t:|1659730748\n|gametype|singles\n|player|p1|cogonahorse|workerice|1592\n|player|p2|reionatro|101|1701\n|teamsize|p1|6\n|teamsize|p2|6\n|gen|8\n|tier|[Gen 8] OU\n|rated|\n|rule|Sleep Clause Mod: Limit one foe put to sleep\n|rule|Species Clause: Limit one of each Pok\u00e9mon\n|rule|OHKO Clause: OHKO moves are banned\n|rule|Evasion Items Clause: Evasion items are banned\n|rule|Evasion Moves Clause: Evasion moves are banned\n|rule|Endless Battle Clause: Forcing endless battles is banned\n|rule|HP Percentage Mod: HP is shown in percentages\n|rule|Dynamax Clause: You cannot dynamax\n|clearpoke\n|poke|p1|Dragapult, F|\n|poke|p1|Tapu Fini|\n|poke|p1|Aegislash, F|\n|poke|p1|Tapu Lele|\n|poke|p1|Landorus-Therian, M|\n|poke|p1|Buzzwole|\n|poke|p2|Nihilego|\n|poke|p2|Zapdos-Galar|\n|poke|p2|Kartana|\n|poke|p2|Celesteela|\n|poke|p2|Garchomp, F|\n|poke|p2|Tapu Fini|\n|teampreview\n|\n|t:|1659730769\n|start\n|switch|p1a: Aegislash|Aegislash, F|100\/100\n|switch|p2a: Kartana|Kartana|100\/100\n|turn|1\n|\n|t:|1659730784\n|switch|p2a: Garchomp|Garchomp, F|100\/100\n|switch|p1a: Buzzwole|Buzzwole|100\/100\n|\n|upkeep\n|turn|2\n|\n|t:|1659730792\n|move|p2a: Garchomp|Stealth Rock|p1a: Buzzwole\n|-sidestart|p1: cogonahorse|move: Stealth Rock\n|move|p1a: Buzzwole|Ice Punch|p2a: Garchomp\n|-supereffective|p2a: Garchomp\n|-damage|p2a: Garchomp|22\/100\n|-damage|p1a: Buzzwole|88\/100|[from] ability: Rough Skin|[of] p2a: Garchomp\n|-damage|p1a: Buzzwole|72\/100|[from] item: Rocky Helmet|[of] p2a: Garchomp\n|\n|-heal|p1a: Buzzwole|78\/100|[from] item: Leftovers\n|upkeep\n|turn|3\n|\n|t:|1659730799\n|switch|p2a: Tapu Fini|Tapu Fini|100\/100\n|-fieldstart|move: Misty Terrain|[from] ability: Misty Surge|[of] p2a: Tapu Fini\n|switch|p1a: Tapu Fini|Tapu Fini, shiny|100\/100\n|-damage|p1a: Tapu Fini|88\/100|[from] Stealth Rock\n|\n|-heal|p1a: Tapu Fini|94\/100|[from] item: Leftovers\n|upkeep\n|turn|4\n|\n|t:|1659730807\n|move|p2a: Tapu Fini|Taunt|p1a: Tapu Fini\n|-start|p1a: Tapu Fini|move: Taunt\n|move|p1a: Tapu Fini|Nature's Madness|p2a: Tapu Fini\n|-damage|p2a: Tapu Fini|51\/100\n|\n|-heal|p2a: Tapu Fini|57\/100|[from] item: Leftovers\n|-heal|p1a: Tapu Fini|100\/100|[from] item: Leftovers\n|upkeep\n|turn|5\n|\n|t:|1659730813\n|move|p2a: Tapu Fini|Calm Mind|p2a: Tapu Fini\n|-boost|p2a: Tapu Fini|spa|1\n|-boost|p2a: Tapu Fini|spd|1\n|move|p1a: Tapu Fini|Knock Off|p2a: Tapu Fini\n|-resisted|p2a: Tapu Fini\n|-damage|p2a: Tapu Fini|51\/100\n|-enditem|p2a: Tapu Fini|Leftovers|[from] move: Knock Off|[of] p1a: Tapu Fini\n|\n|upkeep\n|turn|6\n|\n|t:|1659730817\n|move|p2a: Tapu Fini|Draining Kiss|p1a: Tapu Fini\n|-damage|p1a: Tapu Fini|83\/100\n|-heal|p2a: Tapu Fini|64\/100|[from] drain|[of] p1a: Tapu Fini\n|move|p1a: Tapu Fini|Nature's Madness|p2a: Tapu Fini\n|-damage|p2a: Tapu Fini|33\/100\n|\n|-heal|p1a: Tapu Fini|89\/100|[from] item: Leftovers\n|-end|p1a: Tapu Fini|move: Taunt\n|upkeep\n|turn|7\n|\n|t:|1659730831\n|switch|p2a: Nihilego|Nihilego|100\/100\n|move|p1a: Tapu Fini|Moonblast|p2a: Nihilego\n|-resisted|p2a: Nihilego\n|-damage|p2a: Nihilego|88\/100\n|\n|-heal|p1a: Tapu Fini|95\/100|[from] item: Leftovers\n|-fieldend|Misty Terrain\n|upkeep\n|turn|8\n|\n|t:|1659730845\n|switch|p2a: Garchomp|Garchomp, F|22\/100\n|switch|p1a: Aegislash|Aegislash, F|100\/100\n|-damage|p1a: Aegislash|94\/100|[from] Stealth Rock\n|\n|upkeep\n|turn|9\n|\n|t:|1659730864\n|switch|p1a: Landorus|Landorus-Therian, M|100\/100\n|-damage|p1a: Landorus|88\/100|[from] Stealth Rock\n|-ability|p1a: Landorus|Intimidate|boost\n|-unboost|p2a: Garchomp|atk|1\n|move|p2a: Garchomp|Earthquake|p1a: Landorus\n|-immune|p1a: Landorus\n|\n|-heal|p1a: Landorus|94\/100|[from] item: Leftovers\n|upkeep\n|turn|10\n|\n|t:|1659730874\n|switch|p2a: Zapdos|Zapdos-Galar|100\/100\n|move|p1a: Landorus|U-turn|p2a: Zapdos\n|-resisted|p2a: Zapdos\n|-damage|p2a: Zapdos|94\/100\n|\n|t:|1659730890\n|switch|p1a: Tapu Lele|Tapu Lele|100\/100|[from]move: U-turn\n|-damage|p1a: Tapu Lele|88\/100|[from] Stealth Rock\n|-fieldstart|move: Psychic Terrain|[from] ability: Psychic Surge|[of] p1a: Tapu Lele\n|\n|upkeep\n|turn|11\n|\n|t:|1659730900\n|switch|p2a: Tapu Fini|Tapu Fini|33\/100\n|-fieldstart|move: Misty Terrain|[from] ability: Misty Surge|[of] p2a: Tapu Fini\n|move|p1a: Tapu Lele|Psychic|p2a: Tapu Fini\n|-damage|p2a: Tapu Fini|0 fnt\n|faint|p2a: Tapu Fini\n|\n|upkeep\n|\n|t:|1659730909\n|switch|p2a: Kartana|Kartana|100\/100\n|turn|12\n|\n|t:|1659730931\n|switch|p2a: Zapdos|Zapdos-Galar|94\/100\n|switch|p1a: Buzzwole|Buzzwole|78\/100\n|-damage|p1a: Buzzwole|65\/100|[from] Stealth Rock\n|\n|-heal|p1a: Buzzwole|72\/100|[from] item: Leftovers\n|upkeep\n|turn|13\n|\n|t:|1659730943\n|switch|p1a: Aegislash|Aegislash, F|94\/100\n|-damage|p1a: Aegislash|88\/100|[from] Stealth Rock\n|move|p2a: Zapdos|Brave Bird|p1a: Aegislash\n|-resisted|p1a: Aegislash\n|-damage|p1a: Aegislash|42\/100\n|-damage|p2a: Zapdos|81\/100|[from] Recoil\n|\n|upkeep\n|turn|14\n|\n|t:|1659730949\n|-formechange|p1a: Aegislash|Aegislash-Blade||[from] ability: Stance Change\n|move|p1a: Aegislash|Shadow Sneak|p2a: Zapdos\n|-damage|p2a: Zapdos|60\/100\n|move|p2a: Zapdos|Brave Bird|p1a: Aegislash\n|-resisted|p1a: Aegislash\n|-damage|p1a: Aegislash|0 fnt\n|faint|p1a: Aegislash\n|-damage|p2a: Zapdos|49\/100|[from] Recoil\n|\n|upkeep\n|\n|t:|1659730964\n|switch|p1a: Dragapult|Dragapult, F|100\/100\n|-damage|p1a: Dragapult|88\/100|[from] Stealth Rock\n|turn|15\n|\n|t:|1659730980\n|switch|p2a: Garchomp|Garchomp, F|22\/100\n|move|p1a: Dragapult|Shadow Ball|p2a: Garchomp\n|-crit|p2a: Garchomp\n|-damage|p2a: Garchomp|0 fnt\n|faint|p2a: Garchomp\n|\n|-fieldend|Misty Terrain\n|upkeep\n|\n|t:|1659730989\n|switch|p2a: Nihilego|Nihilego|88\/100\n|turn|16\n|\n|t:|1659731001\n|switch|p1a: Tapu Fini|Tapu Fini, shiny|95\/100\n|-damage|p1a: Tapu Fini|83\/100|[from] Stealth Rock\n|-fieldstart|move: Misty Terrain|[from] ability: Misty Surge|[of] p1a: Tapu Fini\n|move|p2a: Nihilego|Meteor Beam||[still]\n|-prepare|p2a: Nihilego|Meteor Beam\n|-boost|p2a: Nihilego|spa|1\n|-enditem|p2a: Nihilego|Power Herb\n|-anim|p2a: Nihilego|Meteor Beam|p1a: Tapu Fini|[miss]\n|-miss|p2a: Nihilego|p1a: Tapu Fini\n|\n|-heal|p1a: Tapu Fini|89\/100|[from] item: Leftovers\n|upkeep\n|turn|17\n|\n|t:|1659731021\n|move|p2a: Nihilego|Meteor Beam||[still]\n|-prepare|p2a: Nihilego|Meteor Beam\n|-boost|p2a: Nihilego|spa|1\n|move|p1a: Tapu Fini|Defog|p2a: Nihilego\n|-unboost|p2a: Nihilego|evasion|1\n|-sideend|p1: cogonahorse|Stealth Rock|[from] move: Defog|[of] p1a: Tapu Fini\n|-fieldend|Misty Terrain\n|\n|-heal|p1a: Tapu Fini|95\/100|[from] item: Leftovers\n|upkeep\n|turn|18\n|\n|t:|1659731030\n|move|p2a: Nihilego|Meteor Beam|p1a: Tapu Fini|[from]lockedmove\n|-damage|p1a: Tapu Fini|14\/100\n|move|p1a: Tapu Fini|Nature's Madness|p2a: Nihilego\n|-damage|p2a: Nihilego|44\/100\n|\n|-heal|p1a: Tapu Fini|20\/100|[from] item: Leftovers\n|upkeep\n|turn|19\n|\n|t:|1659731036\n|move|p2a: Nihilego|Power Gem|p1a: Tapu Fini\n|-damage|p1a: Tapu Fini|0 fnt\n|faint|p1a: Tapu Fini\n|-ability|p2a: Nihilego|Beast Boost|boost\n|-boost|p2a: Nihilego|spe|1\n|\n|upkeep\n|\n|t:|1659731038\n|switch|p1a: Landorus|Landorus-Therian, M|94\/100\n|-ability|p1a: Landorus|Intimidate|boost\n|-unboost|p2a: Nihilego|atk|1\n|turn|20\n|\n|t:|1659731042\n|move|p2a: Nihilego|Power Gem|p1a: Landorus\n|-damage|p1a: Landorus|31\/100\n|move|p1a: Landorus|Earthquake|p2a: Nihilego\n|-supereffective|p2a: Nihilego\n|-damage|p2a: Nihilego|0 fnt\n|faint|p2a: Nihilego\n|\n|-heal|p1a: Landorus|37\/100|[from] item: Leftovers\n|upkeep\n|\n|t:|1659731059\n|switch|p2a: Celesteela|Celesteela|100\/100\n|turn|21\n|\n|t:|1659731062\n|move|p2a: Celesteela|Autotomize|p2a: Celesteela\n|-boost|p2a: Celesteela|spe|2\n|-start|p2a: Celesteela|Autotomize\n|move|p1a: Landorus|U-turn|p2a: Celesteela\n|-resisted|p2a: Celesteela\n|-crit|p2a: Celesteela\n|-damage|p2a: Celesteela|92\/100\n|\n|t:|1659731070\n|switch|p1a: Dragapult|Dragapult, F|88\/100|[from]move: U-turn\n|\n|upkeep\n|turn|22\n|\n|t:|1659731075\n|switch|p1a: Landorus|Landorus-Therian, M|37\/100\n|-ability|p1a: Landorus|Intimidate|boost\n|-unboost|p2a: Celesteela|atk|1\n|move|p2a: Celesteela|Meteor Beam||[still]\n|-prepare|p2a: Celesteela|Meteor Beam\n|-boost|p2a: Celesteela|spa|1\n|-enditem|p2a: Celesteela|Power Herb\n|-anim|p2a: Celesteela|Meteor Beam|p1a: Landorus\n|-damage|p1a: Landorus|0 fnt\n|faint|p1a: Landorus\n|-ability|p2a: Celesteela|Beast Boost|boost\n|-boost|p2a: Celesteela|spa|1\n|\n|upkeep\n|\n|t:|1659731085\n|switch|p1a: Dragapult|Dragapult, F|88\/100\n|turn|23\n|\n|t:|1659731087\n|move|p2a: Celesteela|Air Slash|p1a: Dragapult\n|-damage|p1a: Dragapult|0 fnt\n|faint|p1a: Dragapult\n|-ability|p2a: Celesteela|Beast Boost|boost\n|-boost|p2a: Celesteela|spa|1\n|\n|upkeep\n|-message|cogonahorse forfeited.\n|\n|win|reionatro\n|raw|cogonahorse's rating: 1592 &rarr; <strong>1578<\/strong><br \/>(-14 for losing)\n|raw|reionatro's rating: 1701 &rarr; <strong>1715<\/strong><br \/>(+14 for winning)\n","uploadtime":1659731095,"views":50,"p1id":"cogonahorse","p2id":"reionatro","formatid":"gen8ou","rating":1578,"private":0,"password":null}