{"id":"gen8ou-1691755364","p1":"Kwaga","p2":"wax C","format":"gen8ou","log":"|html|<div class=\"broadcast-blue\"><strong>[Gen 8] OU is currently suspecting Melmetal! For information on how to participate check out the <a href=\"https:\/\/www.smogon.com\/forums\/threads\/np-ss-ou-suspect-process-round-12-monster-mash.3709234\/\">suspect thread<\/a>.<\/strong><\/div>\n|j|\u2606Kwaga\n|j|\u2606wax C\n|t:|1666403554\n|gametype|singles\n|player|p1|Kwaga|ninjaboy|1712\n|player|p2|wax C|rocketexecutive-gen2|1724\n|teamsize|p1|6\n|teamsize|p2|6\n|gen|8\n|tier|[Gen 8] OU\n|rated|\n|rule|Sleep Clause Mod: Limit one foe put to sleep\n|rule|Species Clause: Limit one of each Pok\u00e9mon\n|rule|OHKO Clause: OHKO moves are banned\n|rule|Evasion Items Clause: Evasion items are banned\n|rule|Evasion Moves Clause: Evasion moves are banned\n|rule|Endless Battle Clause: Forcing endless battles is banned\n|rule|HP Percentage Mod: HP is shown in percentages\n|rule|Dynamax Clause: You cannot dynamax\n|clearpoke\n|poke|p1|Pelipper, M|\n|poke|p1|Barraskewda, M|\n|poke|p1|Regieleki|\n|poke|p1|Tapu Lele|\n|poke|p1|Ferrothorn, M|\n|poke|p1|Landorus-Therian, M|\n|poke|p2|Skarmory, M|\n|poke|p2|Dragapult, F|\n|poke|p2|Rillaboom, M|\n|poke|p2|Moltres-Galar|\n|poke|p2|Kartana|\n|poke|p2|Heatran, M|\n|teampreview\n|\n|t:|1666403570\n|start\n|switch|p1a: Regieleki|Regieleki, shiny|100\/100\n|switch|p2a: Moltres|Moltres-Galar|100\/100\n|turn|1\n|inactive|Battle timer is ON: inactive players will automatically lose when time's up. (requested by Kwaga)\n|\n|t:|1666403578\n|switch|p2a: Skarmory|Skarmory, M|100\/100\n|move|p1a: Regieleki|Volt Switch|p2a: Skarmory\n|-supereffective|p2a: Skarmory\n|-ability|p2a: Skarmory|Sturdy\n|-damage|p2a: Skarmory|1\/100\n|\n|t:|1666403588\n|switch|p1a: Pelipper|Pelipper, M, shiny|100\/100|[from]move: Volt Switch\n|-weather|RainDance|[from] ability: Drizzle|[of] p1a: Pelipper\n|\n|-weather|RainDance|[upkeep]\n|upkeep\n|turn|2\n|-enditem|p2a: Skarmory|Custap Berry|[eat]\n|-activate|p2a: Skarmory|item: Custap Berry|[consumed]\n|\n|t:|1666403593\n|move|p2a: Skarmory|Stealth Rock|p1a: Pelipper\n|-sidestart|p1: Kwaga|move: Stealth Rock\n|move|p1a: Pelipper|Hurricane|p2a: Skarmory\n|-resisted|p2a: Skarmory\n|-damage|p2a: Skarmory|0 fnt\n|faint|p2a: Skarmory\n|\n|-weather|RainDance|[upkeep]\n|upkeep\n|\n|t:|1666403598\n|switch|p2a: Moltres|Moltres-Galar|100\/100\n|turn|3\n|\n|t:|1666403604\n|move|p2a: Moltres|Hurricane|p1a: Pelipper\n|-damage|p1a: Pelipper|1\/100\n|move|p1a: Pelipper|Hurricane|p2a: Moltres\n|-damage|p2a: Moltres|33\/100\n|-start|p2a: Moltres|confusion\n|-ability|p2a: Moltres|Berserk|boost\n|-boost|p2a: Moltres|spa|1\n|-enditem|p2a: Moltres|Sitrus Berry|[eat]\n|-heal|p2a: Moltres|58\/100|[from] item: Sitrus Berry\n|\n|-weather|RainDance|[upkeep]\n|upkeep\n|turn|4\n|\n|t:|1666403610\n|switch|p1a: Ferrothorn|Ferrothorn, M, shiny|100\/100\n|-damage|p1a: Ferrothorn|95\/100|[from] Stealth Rock\n|-activate|p2a: Moltres|confusion\n|move|p2a: Moltres|Fiery Wrath|p1a: Ferrothorn\n|-damage|p1a: Ferrothorn|50\/100\n|\n|-weather|RainDance|[upkeep]\n|-heal|p1a: Ferrothorn|56\/100|[from] item: Leftovers\n|upkeep\n|turn|5\n|\n|t:|1666403617\n|-activate|p2a: Moltres|confusion\n|move|p2a: Moltres|Agility|p2a: Moltres\n|-boost|p2a: Moltres|spe|2\n|move|p1a: Ferrothorn|Leech Seed|p2a: Moltres\n|-start|p2a: Moltres|move: Leech Seed\n|\n|-weather|none\n|-heal|p1a: Ferrothorn|62\/100|[from] item: Leftovers\n|-damage|p2a: Moltres|46\/100|[from] Leech Seed|[of] p1a: Ferrothorn\n|-heal|p1a: Ferrothorn|73\/100|[silent]\n|upkeep\n|turn|6\n|\n|t:|1666403622\n|switch|p1a: Regieleki|Regieleki, shiny|100\/100\n|-activate|p2a: Moltres|confusion\n|move|p2a: Moltres|Nasty Plot|p2a: Moltres\n|-boost|p2a: Moltres|spa|2\n|\n|-damage|p2a: Moltres|33\/100|[from] Leech Seed|[of] p1a: Regieleki\n|upkeep\n|turn|7\n|\n|t:|1666403625\n|-activate|p2a: Moltres|confusion\n|move|p2a: Moltres|Fiery Wrath|p1a: Regieleki\n|-damage|p1a: Regieleki|0 fnt\n|faint|p1a: Regieleki\n|\n|upkeep\n|-message|Kwaga forfeited.\n|\n|win|wax C\n|raw|Kwaga's rating: 1712 &rarr; <strong>1692<\/strong><br \/>(-20 for losing)\n|raw|wax C's rating: 1708 &rarr; <strong>1728<\/strong><br \/>(+20 for winning)\n|l|\u2606Kwaga\n","uploadtime":1666403634,"views":3,"p1id":"kwaga","p2id":"waxc","formatid":"gen8ou","rating":1692,"private":0,"password":null}