{"id":"gen8ou-1561828157","p1":"Platum","p2":"SKIP THE DRIP","format":"gen8ou","log":"|j|\u2606Platum\n|j|\u2606SKIP THE DRIP\n|t:|1650989862\n|gametype|singles\n|player|p1|Platum|erika-gen1|1771\n|player|p2|SKIP THE DRIP|cyclistf-gen4|1845\n|teamsize|p1|6\n|teamsize|p2|6\n|gen|8\n|tier|[Gen 8] OU\n|rated|\n|rule|Sleep Clause Mod: Limit one foe put to sleep\n|rule|Species Clause: Limit one of each Pok\u00e9mon\n|rule|OHKO Clause: OHKO moves are banned\n|rule|Evasion Moves Clause: Evasion moves are banned\n|rule|Endless Battle Clause: Forcing endless battles is banned\n|rule|HP Percentage Mod: HP is shown in percentages\n|rule|Dynamax Clause: You cannot dynamax\n|clearpoke\n|poke|p1|Dragapult, M|\n|poke|p1|Landorus-Therian, M|\n|poke|p1|Urshifu-*, M|\n|poke|p1|Slowking-Galar, M|\n|poke|p1|Mandibuzz, F|\n|poke|p1|Ferrothorn, M|\n|poke|p2|Xatu, F|\n|poke|p2|Avalugg, F|\n|poke|p2|Chansey, F|\n|poke|p2|Toxapex, F|\n|poke|p2|Ferrothorn, F|\n|poke|p2|Quagsire, M|\n|teampreview\n|inactive|Battle timer is ON: inactive players will automatically lose when time's up. (requested by SKIP THE DRIP)\n|c|\u2606Platum|hf\n|c|\u2606Platum|cool team\n|c|\u2606SKIP THE DRIP|u2\n|\n|t:|1650989876\n|start\n|switch|p1a: Landorus|Landorus-Therian, M|100\/100\n|switch|p2a: Toxapex|Toxapex, F|100\/100\n|-ability|p1a: Landorus|Intimidate|boost\n|-unboost|p2a: Toxapex|atk|1\n|turn|1\n|\n|t:|1650989883\n|switch|p2a: Avalugg|Avalugg, F|100\/100\n|move|p1a: Landorus|U-turn|p2a: Avalugg\n|-crit|p2a: Avalugg\n|-damage|p2a: Avalugg|87\/100\n|-damage|p1a: Landorus|84\/100|[from] item: Rocky Helmet|[of] p2a: Avalugg\n|\n|t:|1650989895\n|switch|p1a: Slowking|Slowking-Galar, M|100\/100|[from]move: U-turn\n|\n|upkeep\n|turn|2\n|\n|t:|1650989902\n|switch|p2a: Chansey|Chansey, F, shiny|100\/100\n|move|p1a: Slowking|Future Sight|p2a: Chansey\n|-start|p1a: Slowking|move: Future Sight\n|\n|upkeep\n|turn|3\n|\n|t:|1650989908\n|switch|p1a: Ferrothorn|Ferrothorn, M|100\/100\n|move|p2a: Chansey|Stealth Rock|p1a: Ferrothorn\n|-sidestart|p1: Platum|move: Stealth Rock\n|\n|upkeep\n|turn|4\n|\n|t:|1650989917\n|switch|p2a: Ferrothorn|Ferrothorn, F|100\/100\n|move|p1a: Ferrothorn|Knock Off|p2a: Ferrothorn\n|-damage|p2a: Ferrothorn|84\/100\n|-damage|p1a: Ferrothorn|88\/100|[from] ability: Iron Barbs|[of] p2a: Ferrothorn\n|-enditem|p2a: Ferrothorn|Leftovers|[from] move: Knock Off|[of] p1a: Ferrothorn\n|\n|-end|p2a: Ferrothorn|move: Future Sight\n|-resisted|p2a: Ferrothorn\n|-damage|p2a: Ferrothorn|70\/100\n|-heal|p1a: Ferrothorn|94\/100|[from] item: Leftovers\n|upkeep\n|turn|5\n|\n|t:|1650989929\n|switch|p1a: Slowking|Slowking-Galar, M|100\/100\n|-damage|p1a: Slowking|88\/100|[from] Stealth Rock\n|move|p2a: Ferrothorn|Spikes|p1a: Slowking\n|-sidestart|p1: Platum|Spikes\n|\n|upkeep\n|turn|6\n|\n|t:|1650989933\n|switch|p2a: Toxapex|Toxapex, F|100\/100\n|move|p1a: Slowking|Future Sight|p2a: Toxapex\n|-start|p1a: Slowking|move: Future Sight\n|\n|upkeep\n|turn|7\n|\n|t:|1650989940\n|move|p2a: Toxapex|Light Screen|p2a: Toxapex\n|-sidestart|p2: SKIP THE DRIP|move: Light Screen\n|move|p1a: Slowking|Sludge Bomb|p2a: Toxapex\n|-resisted|p2a: Toxapex\n|-damage|p2a: Toxapex|93\/100\n|\n|upkeep\n|turn|8\n|\n|t:|1650989946\n|switch|p2a: Chansey|Chansey, F, shiny|100\/100\n|switch|p1a: Mandibuzz|Mandibuzz, F|100\/100\n|\n|-end|p2a: Chansey|move: Future Sight\n|-damage|p2a: Chansey|93\/100\n|upkeep\n|turn|9\n|\n|t:|1650989956\n|switch|p2a: Toxapex|Toxapex, F|100\/100\n|move|p1a: Mandibuzz|U-turn|p2a: Toxapex\n|-resisted|p2a: Toxapex\n|-damage|p2a: Toxapex|97\/100\n|\n|t:|1650989962\n|switch|p1a: Slowking|Slowking-Galar, M|100\/100|[from]move: U-turn\n|-damage|p1a: Slowking|88\/100|[from] Spikes\n|-damage|p1a: Slowking|76\/100|[from] Stealth Rock\n|\n|upkeep\n|turn|10\n|\n|t:|1650989966\n|move|p2a: Toxapex|Knock Off|p1a: Slowking\n|-supereffective|p1a: Slowking\n|-damage|p1a: Slowking|42\/100\n|-enditem|p1a: Slowking|Assault Vest|[from] move: Knock Off|[of] p2a: Toxapex\n|move|p1a: Slowking|Future Sight|p2a: Toxapex\n|-start|p1a: Slowking|move: Future Sight\n|\n|upkeep\n|turn|11\n|\n|t:|1650989974\n|switch|p1a: Mandibuzz|Mandibuzz, F|100\/100\n|move|p2a: Toxapex|Toxic Spikes|p1a: Mandibuzz\n|-sidestart|p1: Platum|move: Toxic Spikes\n|\n|-sideend|p2: SKIP THE DRIP|move: Light Screen\n|upkeep\n|turn|12\n|j| 50 at max\n|\n|t:|1650989983\n|switch|p2a: Ferrothorn|Ferrothorn, F|70\/100\n|move|p1a: Mandibuzz|Defog|p2a: Ferrothorn\n|-unboost|p2a: Ferrothorn|evasion|1\n|-sideend|p1: Platum|Spikes|[from] move: Defog|[of] p1a: Mandibuzz\n|-sideend|p1: Platum|Toxic Spikes|[from] move: Defog|[of] p1a: Mandibuzz\n|-sideend|p1: Platum|Stealth Rock|[from] move: Defog|[of] p1a: Mandibuzz\n|\n|-end|p2a: Ferrothorn|move: Future Sight\n|-resisted|p2a: Ferrothorn\n|-damage|p2a: Ferrothorn|53\/100\n|upkeep\n|turn|13\n|\n|t:|1650989991\n|move|p1a: Mandibuzz|U-turn|p2a: Ferrothorn\n|-damage|p2a: Ferrothorn|44\/100\n|-damage|p1a: Mandibuzz|88\/100|[from] ability: Iron Barbs|[of] p2a: Ferrothorn\n|\n|t:|1650989995\n|switch|p1a: Slowking|Slowking-Galar, M|75\/100|[from]move: U-turn\n|move|p2a: Ferrothorn|Spikes|p1a: Slowking\n|-sidestart|p1: Platum|Spikes\n|\n|upkeep\n|turn|14\n|\n|t:|1650990003\n|switch|p1a: Landorus|Landorus-Therian, M|84\/100\n|-ability|p1a: Landorus|Intimidate|boost\n|-unboost|p2a: Ferrothorn|atk|1\n|switch|p2a: Xatu|Xatu, F|100\/100\n|\n|-heal|p1a: Landorus|90\/100|[from] item: Leftovers\n|upkeep\n|turn|15\n|\n|t:|1650990011\n|switch|p1a: Slowking|Slowking-Galar, M|100\/100\n|-damage|p1a: Slowking|88\/100|[from] Spikes\n|move|p2a: Xatu|Night Shade|p1a: Slowking\n|-damage|p1a: Slowking|63\/100\n|\n|upkeep\n|turn|16\n|\n|t:|1650990018\n|move|p2a: Xatu|Night Shade|p1a: Slowking\n|-damage|p1a: Slowking|37\/100\n|move|p1a: Slowking|Future Sight|p2a: Xatu\n|-start|p1a: Slowking|move: Future Sight\n|\n|upkeep\n|turn|17\n|\n|t:|1650990021\n|switch|p1a: Mandibuzz|Mandibuzz, F|88\/100\n|move|p2a: Xatu|Light Screen|p2a: Xatu\n|-sidestart|p2: SKIP THE DRIP|move: Light Screen\n|\n|upkeep\n|turn|18\n|\n|t:|1650990027\n|switch|p2a: Toxapex|Toxapex, F|100\/100\n|move|p1a: Mandibuzz|Defog|p2a: Toxapex\n|-unboost|p2a: Toxapex|evasion|1\n|-sideend|p2: SKIP THE DRIP|move: Light Screen\n|-sideend|p1: Platum|Spikes|[from] move: Defog|[of] p1a: Mandibuzz\n|\n|-end|p2a: Toxapex|move: Future Sight\n|-supereffective|p2a: Toxapex\n|-damage|p2a: Toxapex|23\/100\n|upkeep\n|turn|19\n|\n|t:|1650990033\n|move|p1a: Mandibuzz|U-turn|p2a: Toxapex\n|-resisted|p2a: Toxapex\n|-damage|p2a: Toxapex|19\/100\n|\n|t:|1650990037\n|switch|p1a: Slowking|Slowking-Galar, M|71\/100|[from]move: U-turn\n|move|p2a: Toxapex|Recover|p2a: Toxapex\n|-heal|p2a: Toxapex|69\/100\n|\n|upkeep\n|turn|20\n|\n|t:|1650990043\n|move|p2a: Toxapex|Toxic Spikes|p1a: Slowking\n|-sidestart|p1: Platum|move: Toxic Spikes\n|move|p1a: Slowking|Future Sight|p2a: Toxapex\n|-start|p1a: Slowking|move: Future Sight\n|\n|upkeep\n|turn|21\n|\n|t:|1650990049\n|switch|p1a: Ferrothorn|Ferrothorn, M|94\/100\n|move|p2a: Toxapex|Light Screen|p2a: Toxapex\n|-sidestart|p2: SKIP THE DRIP|move: Light Screen\n|\n|-heal|p1a: Ferrothorn|99\/100|[from] item: Leftovers\n|upkeep\n|turn|22\n|\n|t:|1650990062\n|move|p2a: Toxapex|Recover|p2a: Toxapex\n|-heal|p2a: Toxapex|100\/100\n|move|p1a: Ferrothorn|Knock Off|p2a: Toxapex\n|-damage|p2a: Toxapex|87\/100\n|-enditem|p2a: Toxapex|Shed Shell|[from] move: Knock Off|[of] p1a: Ferrothorn\n|\n|-end|p2a: Toxapex|move: Future Sight\n|-supereffective|p2a: Toxapex\n|-damage|p2a: Toxapex|45\/100\n|-heal|p1a: Ferrothorn|100\/100|[from] item: Leftovers\n|upkeep\n|turn|23\n|\n|t:|1650990072\n|switch|p2a: Avalugg|Avalugg, F|87\/100\n|move|p1a: Ferrothorn|Knock Off|p2a: Avalugg\n|-damage|p2a: Avalugg|78\/100\n|-damage|p1a: Ferrothorn|84\/100|[from] item: Rocky Helmet|[of] p2a: Avalugg\n|-enditem|p2a: Avalugg|Rocky Helmet|[from] move: Knock Off|[of] p1a: Ferrothorn\n|\n|-heal|p1a: Ferrothorn|90\/100|[from] item: Leftovers\n|upkeep\n|turn|24\n|\n|t:|1650990081\n|move|p2a: Avalugg|Recover|p2a: Avalugg\n|-heal|p2a: Avalugg|100\/100\n|move|p1a: Ferrothorn|Spikes|p2a: Avalugg\n|-sidestart|p2: SKIP THE DRIP|Spikes\n|\n|-heal|p1a: Ferrothorn|96\/100|[from] item: Leftovers\n|upkeep\n|turn|25\n|\n|t:|1650990085\n|switch|p1a: Slowking|Slowking-Galar, M|100\/100\n|-sideend|p1: Platum|move: Toxic Spikes|[of] p1a: Slowking\n|move|p2a: Avalugg|Rapid Spin|p1a: Slowking\n|-damage|p1a: Slowking|88\/100\n|-boost|p2a: Avalugg|spe|1\n|-sideend|p2: SKIP THE DRIP|Spikes|[from] move: Rapid Spin|[of] p2a: Avalugg\n|\n|-sideend|p2: SKIP THE DRIP|move: Light Screen\n|upkeep\n|turn|26\n|\n|t:|1650990092\n|switch|p2a: Toxapex|Toxapex, F|78\/100\n|switch|p1a: Ferrothorn|Ferrothorn, M|96\/100\n|\n|-heal|p1a: Ferrothorn|100\/100|[from] item: Leftovers\n|upkeep\n|turn|27\n|\n|t:|1650990097\n|switch|p2a: Avalugg|Avalugg, F|100\/100\n|switch|p1a: Slowking|Slowking-Galar, M|100\/100\n|\n|upkeep\n|turn|28\n|\n|t:|1650990101\n|switch|p2a: Toxapex|Toxapex, F|100\/100\n|move|p1a: Slowking|Future Sight|p2a: Toxapex\n|-start|p1a: Slowking|move: Future Sight\n|\n|upkeep\n|turn|29\n|\n|t:|1650990106\n|switch|p1a: Urshifu|Urshifu-Rapid-Strike, M|100\/100\n|move|p2a: Toxapex|Light Screen|p2a: Toxapex\n|-sidestart|p2: SKIP THE DRIP|move: Light Screen\n|\n|upkeep\n|turn|30\n|\n|t:|1650990113\n|move|p1a: Urshifu|Taunt|p2a: Toxapex\n|-start|p2a: Toxapex|move: Taunt\n|cant|p2a: Toxapex|move: Taunt|Recover\n|\n|-end|p2a: Toxapex|move: Future Sight\n|-supereffective|p2a: Toxapex\n|-damage|p2a: Toxapex|60\/100\n|upkeep\n|turn|31\n|j| Sldoal\n|\n|t:|1650990122\n|move|p1a: Urshifu|Surging Strikes|p2a: Toxapex\n|-resisted|p2a: Toxapex\n|-crit|p2a: Toxapex\n|-damage|p2a: Toxapex|54\/100\n|-resisted|p2a: Toxapex\n|-crit|p2a: Toxapex\n|-damage|p2a: Toxapex|48\/100\n|-resisted|p2a: Toxapex\n|-crit|p2a: Toxapex\n|-damage|p2a: Toxapex|42\/100\n|-hitcount|p2a: Toxapex|3\n|move|p2a: Toxapex|Knock Off|p1a: Urshifu\n|-resisted|p1a: Urshifu\n|-damage|p1a: Urshifu|93\/100\n|-enditem|p1a: Urshifu|Protective Pads|[from] move: Knock Off|[of] p2a: Toxapex\n|\n|upkeep\n|turn|32\n|\n|t:|1650990128\n|switch|p2a: Quagsire|Quagsire, M|100\/100\n|move|p1a: Urshifu|Close Combat|p2a: Quagsire\n|-damage|p2a: Quagsire|59\/100\n|-unboost|p1a: Urshifu|def|1\n|-unboost|p1a: Urshifu|spd|1\n|\n|-heal|p2a: Quagsire|65\/100|[from] item: Leftovers\n|upkeep\n|turn|33\n|j| SuperSayan2\n|\n|t:|1650990132\n|move|p1a: Urshifu|Taunt|p2a: Quagsire\n|-start|p2a: Quagsire|move: Taunt\n|move|p2a: Quagsire|Scald|p1a: Urshifu\n|-resisted|p1a: Urshifu\n|-damage|p1a: Urshifu|77\/100\n|-status|p1a: Urshifu|brn\n|\n|-heal|p2a: Quagsire|71\/100|[from] item: Leftovers\n|-damage|p1a: Urshifu|71\/100 brn|[from] brn\n|-sideend|p2: SKIP THE DRIP|move: Light Screen\n|upkeep\n|turn|34\n|\n|t:|1650990136\n|move|p1a: Urshifu|U-turn|p2a: Quagsire\n|-damage|p2a: Quagsire|62\/100\n|\n|t:|1650990140\n|switch|p1a: Slowking|Slowking-Galar, M|100\/100|[from]move: U-turn\n|move|p2a: Quagsire|Scald|p1a: Slowking\n|-damage|p1a: Slowking|87\/100\n|\n|-heal|p2a: Quagsire|68\/100|[from] item: Leftovers\n|upkeep\n|turn|35\n|\n|t:|1650990146\n|move|p2a: Quagsire|Earthquake|p1a: Slowking\n|-supereffective|p1a: Slowking\n|-damage|p1a: Slowking|29\/100\n|move|p1a: Slowking|Sludge Bomb|p2a: Quagsire\n|-resisted|p2a: Quagsire\n|-damage|p2a: Quagsire|45\/100\n|\n|-heal|p2a: Quagsire|52\/100|[from] item: Leftovers\n|-end|p2a: Quagsire|move: Taunt\n|upkeep\n|turn|36\n|\n|t:|1650990154\n|move|p2a: Quagsire|Scald|p1a: Slowking\n|-damage|p1a: Slowking|17\/100\n|-status|p1a: Slowking|brn\n|move|p1a: Slowking|Sludge Bomb|p2a: Quagsire\n|-resisted|p2a: Quagsire\n|-damage|p2a: Quagsire|29\/100\n|-status|p2a: Quagsire|psn\n|\n|-heal|p2a: Quagsire|35\/100 psn|[from] item: Leftovers\n|-damage|p2a: Quagsire|22\/100 psn|[from] psn\n|-damage|p1a: Slowking|11\/100 brn|[from] brn\n|upkeep\n|turn|37\n|\n|t:|1650990159\n|switch|p1a: Landorus|Landorus-Therian, M|90\/100\n|-ability|p1a: Landorus|Intimidate|boost\n|-unboost|p2a: Quagsire|atk|1\n|move|p2a: Quagsire|Recover|p2a: Quagsire\n|-heal|p2a: Quagsire|72\/100 psn\n|\n|-heal|p1a: Landorus|96\/100|[from] item: Leftovers\n|-heal|p2a: Quagsire|78\/100 psn|[from] item: Leftovers\n|-damage|p2a: Quagsire|66\/100 psn|[from] psn\n|upkeep\n|turn|38\n|\n|t:|1650990163\n|switch|p2a: Avalugg|Avalugg, F|100\/100\n|move|p1a: Landorus|U-turn|p2a: Avalugg\n|-damage|p2a: Avalugg|91\/100\n|\n|t:|1650990167\n|switch|p1a: Slowking|Slowking-Galar, M|44\/100 brn|[from]move: U-turn\n|\n|-damage|p1a: Slowking|38\/100 brn|[from] brn\n|upkeep\n|turn|39\n|\n|t:|1650990175\n|switch|p2a: Toxapex|Toxapex, F|75\/100\n|switch|p1a: Ferrothorn|Ferrothorn, M|100\/100\n|\n|upkeep\n|turn|40\n|\n|t:|1650990180\n|switch|p1a: Slowking|Slowking-Galar, M|71\/100 brn\n|move|p2a: Toxapex|Knock Off|p1a: Slowking\n|-supereffective|p1a: Slowking\n|-damage|p1a: Slowking|49\/100 brn\n|\n|-damage|p1a: Slowking|43\/100 brn|[from] brn\n|upkeep\n|turn|41\n|\n|t:|1650990186\n|move|p2a: Toxapex|Toxic Spikes|p1a: Slowking\n|-sidestart|p1: Platum|move: Toxic Spikes\n|move|p1a: Slowking|Future Sight|p2a: Toxapex\n|-start|p1a: Slowking|move: Future Sight\n|\n|-damage|p1a: Slowking|37\/100 brn|[from] brn\n|upkeep\n|turn|42\n|\n|t:|1650990192\n|switch|p1a: Urshifu|Urshifu-Rapid-Strike, M|71\/100 brn\n|move|p2a: Toxapex|Knock Off|p1a: Urshifu\n|-resisted|p1a: Urshifu\n|-damage|p1a: Urshifu|66\/100 brn\n|\n|-damage|p1a: Urshifu|60\/100 brn|[from] brn\n|upkeep\n|turn|43\n|\n|t:|1650990201\n|switch|p2a: Xatu|Xatu, F|100\/100\n|move|p1a: Urshifu|Surging Strikes|p2a: Xatu\n|-crit|p2a: Xatu\n|-damage|p2a: Xatu|88\/100\n|-crit|p2a: Xatu\n|-damage|p2a: Xatu|75\/100\n|-crit|p2a: Xatu\n|-damage|p2a: Xatu|62\/100\n|-hitcount|p2a: Xatu|3\n|\n|-end|p2a: Xatu|move: Future Sight\n|-resisted|p2a: Xatu\n|-damage|p2a: Xatu|40\/100\n|-heal|p2a: Xatu|46\/100|[from] item: Leftovers\n|-damage|p1a: Urshifu|54\/100 brn|[from] brn\n|upkeep\n|turn|44\n|l| Sldoal\n|\n|t:|1650990215\n|switch|p2a: Toxapex|Toxapex, F|100\/100\n|move|p1a: Urshifu|U-turn|p2a: Toxapex\n|-resisted|p2a: Toxapex\n|-damage|p2a: Toxapex|97\/100\n|\n|t:|1650990220\n|switch|p1a: Slowking|Slowking-Galar, M|71\/100 brn|[from]move: U-turn\n|-sideend|p1: Platum|move: Toxic Spikes|[of] p1a: Slowking\n|\n|-damage|p1a: Slowking|64\/100 brn|[from] brn\n|upkeep\n|turn|45\n|\n|t:|1650990229\n|move|p2a: Toxapex|Light Screen|p2a: Toxapex\n|-sidestart|p2: SKIP THE DRIP|move: Light Screen\n|move|p1a: Slowking|Future Sight|p2a: Toxapex\n|-start|p1a: Slowking|move: Future Sight\n|\n|-damage|p1a: Slowking|58\/100 brn|[from] brn\n|upkeep\n|turn|46\n|\n|t:|1650990240\n|switch|p1a: Urshifu|Urshifu-Rapid-Strike, M|54\/100 brn\n|move|p2a: Toxapex|Knock Off|p1a: Urshifu\n|-resisted|p1a: Urshifu\n|-damage|p1a: Urshifu|49\/100 brn\n|\n|-damage|p1a: Urshifu|43\/100 brn|[from] brn\n|upkeep\n|turn|47\n|\n|t:|1650990246\n|move|p1a: Urshifu|Surging Strikes|p2a: Toxapex\n|-resisted|p2a: Toxapex\n|-crit|p2a: Toxapex\n|-damage|p2a: Toxapex|94\/100\n|-resisted|p2a: Toxapex\n|-crit|p2a: Toxapex\n|-damage|p2a: Toxapex|91\/100\n|-resisted|p2a: Toxapex\n|-crit|p2a: Toxapex\n|-damage|p2a: Toxapex|88\/100\n|-hitcount|p2a: Toxapex|3\n|move|p2a: Toxapex|Knock Off|p1a: Urshifu\n|-resisted|p1a: Urshifu\n|-damage|p1a: Urshifu|38\/100 brn\n|\n|-end|p2a: Toxapex|move: Future Sight\n|-supereffective|p2a: Toxapex\n|-damage|p2a: Toxapex|44\/100\n|-damage|p1a: Urshifu|32\/100 brn|[from] brn\n|upkeep\n|turn|48\n|\n|t:|1650990261\n|switch|p2a: Avalugg|Avalugg, F|91\/100\n|move|p1a: Urshifu|U-turn|p2a: Avalugg\n|-damage|p2a: Avalugg|86\/100\n|\n|t:|1650990267\n|switch|p1a: Landorus|Landorus-Therian, M|96\/100|[from]move: U-turn\n|-ability|p1a: Landorus|Intimidate|boost\n|-unboost|p2a: Avalugg|atk|1\n|\n|-heal|p1a: Landorus|100\/100|[from] item: Leftovers\n|upkeep\n|turn|49\n|\n|t:|1650990272\n|move|p1a: Landorus|Stealth Rock|p2a: Avalugg\n|-sidestart|p2: SKIP THE DRIP|move: Stealth Rock\n|move|p2a: Avalugg|Recover|p2a: Avalugg\n|-heal|p2a: Avalugg|100\/100\n|\n|-sideend|p2: SKIP THE DRIP|move: Light Screen\n|upkeep\n|turn|50\n|\n|t:|1650990278\n|move|p1a: Landorus|Toxic|p2a: Avalugg\n|-status|p2a: Avalugg|tox\n|move|p2a: Avalugg|Rapid Spin|p1a: Landorus\n|-damage|p1a: Landorus|94\/100\n|-boost|p2a: Avalugg|spe|1\n|-sideend|p2: SKIP THE DRIP|Stealth Rock|[from] move: Rapid Spin|[of] p2a: Avalugg\n|\n|-heal|p1a: Landorus|99\/100|[from] item: Leftovers\n|-damage|p2a: Avalugg|94\/100 tox|[from] psn\n|upkeep\n|turn|51\n|\n|t:|1650990283\n|switch|p2a: Xatu|Xatu, F|46\/100\n|move|p1a: Landorus|U-turn|p2a: Xatu\n|-damage|p2a: Xatu|18\/100\n|\n|t:|1650990289\n|switch|p1a: Dragapult|Dragapult, M|100\/100|[from]move: U-turn\n|\n|-heal|p2a: Xatu|24\/100|[from] item: Leftovers\n|upkeep\n|turn|52\n|\n|t:|1650990293\n|switch|p2a: Chansey|Chansey, F, shiny|93\/100\n|move|p1a: Dragapult|Dragon Darts|p2a: Chansey\n|-damage|p2a: Chansey|66\/100\n|-anim|p1a: Dragapult|Dragon Darts|p2a: Chansey\n|-damage|p2a: Chansey|39\/100\n|\n|upkeep\n|turn|53\n|j| Sldoal\n|\n|t:|1650990302\n|switch|p2a: Ferrothorn|Ferrothorn, F|44\/100\n|move|p1a: Dragapult|Dragon Darts|p2a: Ferrothorn\n|-resisted|p2a: Ferrothorn\n|-damage|p2a: Ferrothorn|29\/100\n|-anim|p1a: Dragapult|Dragon Darts|p2a: Ferrothorn\n|-resisted|p2a: Ferrothorn\n|-damage|p2a: Ferrothorn|12\/100\n|\n|upkeep\n|turn|54\n|\n|t:|1650990308\n|move|p2a: Ferrothorn|Protect|p2a: Ferrothorn\n|-singleturn|p2a: Ferrothorn|Protect\n|move|p1a: Dragapult|Dragon Darts|p2a: Ferrothorn\n|-activate|p2a: Ferrothorn|move: Protect\n|\n|upkeep\n|turn|55\n|\n|t:|1650990315\n|switch|p2a: Toxapex|Toxapex, F|78\/100\n|move|p1a: Dragapult|Dragon Darts|p2a: Toxapex\n|-damage|p2a: Toxapex|55\/100\n|-anim|p1a: Dragapult|Dragon Darts|p2a: Toxapex\n|-damage|p2a: Toxapex|30\/100\n|\n|upkeep\n|turn|56\n|\n|t:|1650990320\n|switch|p2a: Ferrothorn|Ferrothorn, F|12\/100\n|move|p1a: Dragapult|Dragon Darts|p2a: Ferrothorn\n|-resisted|p2a: Ferrothorn\n|-damage|p2a: Ferrothorn|0 fnt\n|faint|p2a: Ferrothorn\n|\n|upkeep\n|\n|t:|1650990326\n|switch|p2a: Avalugg|Avalugg, F|94\/100 tox\n|turn|57\n|\n|t:|1650990333\n|switch|p1a: Slowking|Slowking-Galar, M|92\/100 brn\n|switch|p2a: Chansey|Chansey, F, shiny|39\/100\n|\n|-damage|p1a: Slowking|86\/100 brn|[from] brn\n|upkeep\n|turn|58\n|\n|t:|1650990339\n|switch|p1a: Dragapult|Dragapult, M|100\/100\n|move|p2a: Chansey|Heal Bell|p2a: Chansey\n|-activate|p2a: Chansey|move: Heal Bell\n|-curestatus|p2: Quagsire|psn|[msg]\n|-curestatus|p2: Avalugg|tox|[msg]\n|\n|upkeep\n|turn|59\n|\n|t:|1650990353\n|switch|p2a: Toxapex|Toxapex, F|63\/100\n|move|p1a: Dragapult|Dragon Darts|p2a: Toxapex\n|-damage|p2a: Toxapex|39\/100\n|-anim|p1a: Dragapult|Dragon Darts|p2a: Toxapex\n|-damage|p2a: Toxapex|14\/100\n|\n|upkeep\n|turn|60\n|\n|t:|1650990359\n|switch|p2a: Avalugg|Avalugg, F|94\/100\n|move|p1a: Dragapult|Dragon Darts|p2a: Avalugg\n|-crit|p2a: Avalugg\n|-damage|p2a: Avalugg|70\/100\n|-anim|p1a: Dragapult|Dragon Darts|p2a: Avalugg\n|-damage|p2a: Avalugg|54\/100\n|\n|upkeep\n|turn|61\n|\n|t:|1650990368\n|switch|p1a: Landorus|Landorus-Therian, M|99\/100\n|-ability|p1a: Landorus|Intimidate|boost\n|-unboost|p2a: Avalugg|atk|1\n|move|p2a: Avalugg|Recover|p2a: Avalugg\n|-heal|p2a: Avalugg|100\/100\n|\n|-heal|p1a: Landorus|100\/100|[from] item: Leftovers\n|upkeep\n|turn|62\n|\n|t:|1650990372\n|switch|p2a: Xatu|Xatu, F|24\/100\n|move|p1a: Landorus|U-turn|p2a: Xatu\n|-damage|p2a: Xatu|0 fnt\n|faint|p2a: Xatu\n|\n|t:|1650990381\n|switch|p1a: Dragapult|Dragapult, M|100\/100|[from]move: U-turn\n|\n|upkeep\n|\n|t:|1650990385\n|switch|p2a: Avalugg|Avalugg, F|100\/100\n|turn|63\n|\n|t:|1650990389\n|move|p1a: Dragapult|U-turn|p2a: Avalugg\n|-damage|p2a: Avalugg|86\/100\n|\n|t:|1650990392\n|switch|p1a: Slowking|Slowking-Galar, M|100\/100 brn|[from]move: U-turn\n|move|p2a: Avalugg|Icicle Spear|p1a: Slowking\n|-damage|p1a: Slowking|90\/100 brn\n|-damage|p1a: Slowking|80\/100 brn\n|-hitcount|p1a: Slowking|2\n|\n|-damage|p1a: Slowking|74\/100 brn|[from] brn\n|upkeep\n|turn|64\n|\n|t:|1650990402\n|switch|p2a: Chansey|Chansey, F, shiny|39\/100\n|switch|p1a: Dragapult|Dragapult, M|100\/100\n|\n|upkeep\n|turn|65\n|\n|t:|1650990411\n|switch|p2a: Toxapex|Toxapex, F|48\/100\n|move|p1a: Dragapult|Dragon Darts|p2a: Toxapex\n|-damage|p2a: Toxapex|23\/100\n|-anim|p1a: Dragapult|Dragon Darts|p2a: Toxapex\n|-damage|p2a: Toxapex|0 fnt\n|faint|p2a: Toxapex\n|\n|upkeep\n|-message|SKIP THE DRIP forfeited.\n|\n|win|Platum\n|raw|Platum's rating: 1771 &rarr; <strong>1795<\/strong><br \/>(+24 for winning)\n|raw|SKIP THE DRIP's rating: 1845 &rarr; <strong>1821<\/strong><br \/>(-24 for losing)\n|l|\u2606SKIP THE DRIP\n|l|\u2606Platum\n||Ladder isn't responding, score probably updated but might not have (Request timeout).\n","uploadtime":1650990483,"views":60,"p1id":"platum","p2id":"skipthedrip","formatid":"gen8ou","rating":1795,"private":0,"password":null}