{"id":"gen8ou-1498557564","p1":"Mad Vito Alter","p2":"kokoukohiro","format":"gen8ou","log":"|j|\u2606Mad Vito Alter\n|j|\u2606kokoukohiro\n|t:|1643166826\n|gametype|singles\n|player|p1|Mad Vito Alter|riley|1481\n|player|p2|kokoukohiro|dawn|1489\n|teamsize|p1|6\n|teamsize|p2|6\n|gen|8\n|tier|[Gen 8] OU\n|rated|\n|rule|Sleep Clause Mod: Limit one foe put to sleep\n|rule|Species Clause: Limit one of each Pok\u00e9mon\n|rule|OHKO Clause: OHKO moves are banned\n|rule|Evasion Moves Clause: Evasion moves are banned\n|rule|Endless Battle Clause: Forcing endless battles is banned\n|rule|HP Percentage Mod: HP is shown in percentages\n|rule|Dynamax Clause: You cannot dynamax\n|clearpoke\n|poke|p1|Ninetales-Alola, F|\n|poke|p1|Scolipede, M|\n|poke|p1|Azumarill, M|\n|poke|p1|Polteageist|\n|poke|p1|Volcarona, F|\n|poke|p1|Diggersby, M|\n|poke|p2|Shedinja|\n|poke|p2|Chansey, F|\n|poke|p2|Quagsire, F|\n|poke|p2|Clefable, F|\n|poke|p2|Toxapex, F|\n|poke|p2|Zapdos|\n|teampreview\n|\n|t:|1643166845\n|start\n|switch|p1a: UE02-Unfragment|Diggersby, M, shiny|100\/100\n|switch|p2a: Shedinja|Shedinja|100\/100\n|turn|1\n|inactive|Battle timer is ON: inactive players will automatically lose when time's up. (requested by kokoukohiro)\n|\n|t:|1643166854\n|switch|p1a: UE05-Memoryswing|Volcarona, F, shiny|100\/100\n|move|p2a: Shedinja|Protect||[still]\n|-fail|p2a: Shedinja\n|\n|upkeep\n|turn|2\n|\n|t:|1643166859\n|switch|p2a: Clefable|Clefable, F|100\/100\n|move|p1a: UE05-Memoryswing|U-turn|p2a: Clefable\n|-resisted|p2a: Clefable\n|-damage|p2a: Clefable|91\/100\n|\n|t:|1643166866\n|switch|p1a: UE02-Unfragment|Diggersby, M, shiny|100\/100|[from]move: U-turn\n|\n|-heal|p2a: Clefable|97\/100|[from] item: Leftovers\n|upkeep\n|turn|3\n|\n|t:|1643166871\n|switch|p2a: Shedinja|Shedinja|100\/100\n|move|p1a: UE02-Unfragment|Earthquake|p2a: Shedinja\n|-immune|p2a: Shedinja|[from] ability: Wonder Guard\n|\n|upkeep\n|turn|4\n|\n|t:|1643166874\n|switch|p1a: UE01-Clean Tears|Ninetales-Alola, F|100\/100\n|-weather|Hail|[from] ability: Snow Warning|[of] p1a: UE01-Clean Tears\n|move|p2a: Shedinja|Protect||[still]\n|-fail|p2a: Shedinja\n|\n|-weather|Hail|[upkeep]\n|-damage|p2a: Shedinja|0 fnt|[from] Hail\n|faint|p2a: Shedinja\n|upkeep\n|c|\u2606kokoukohiro|oh I forget it\n|\n|t:|1643166897\n|switch|p2a: Toxapex|Toxapex, F|100\/100\n|turn|5\n|\n|t:|1643166901\n|move|p1a: UE01-Clean Tears|Aurora Veil|p1a: UE01-Clean Tears\n|-sidestart|p1: Mad Vito Alter|move: Aurora Veil\n|move|p2a: Toxapex|Toxic Spikes|p1a: UE01-Clean Tears\n|-sidestart|p1: Mad Vito Alter|move: Toxic Spikes\n|\n|-weather|Hail|[upkeep]\n|-damage|p2a: Toxapex|94\/100|[from] Hail\n|-heal|p2a: Toxapex|100\/100|[from] item: Black Sludge\n|upkeep\n|turn|6\n|\n|t:|1643166908\n|move|p1a: UE01-Clean Tears|Encore|p2a: Toxapex\n|-start|p2a: Toxapex|Encore\n|move|p2a: Toxapex|Toxic Spikes|p1a: UE01-Clean Tears\n|-sidestart|p1: Mad Vito Alter|move: Toxic Spikes\n|\n|-weather|Hail|[upkeep]\n|-damage|p2a: Toxapex|94\/100|[from] Hail\n|-heal|p2a: Toxapex|100\/100|[from] item: Black Sludge\n|upkeep\n|turn|7\n|\n|t:|1643166914\n|switch|p1a: UE04-Mad Atrocity|Scolipede, M, shiny|100\/100\n|-sideend|p1: Mad Vito Alter|move: Toxic Spikes|[of] p1a: UE04-Mad Atrocity\n|switch|p2a: Clefable|Clefable, F|97\/100\n|\n|-weather|Hail|[upkeep]\n|-damage|p1a: UE04-Mad Atrocity|94\/100|[from] Hail\n|-damage|p2a: Clefable|91\/100|[from] Hail\n|-heal|p2a: Clefable|97\/100|[from] item: Leftovers\n|upkeep\n|turn|8\n|\n|t:|1643166923\n|switch|p1a: UE02-Unfragment|Diggersby, M, shiny|100\/100\n|switch|p2a: Toxapex|Toxapex, F|100\/100\n|\n|-weather|none\n|upkeep\n|turn|9\n|\n|t:|1643166930\n|switch|p2a: Zapdos|Zapdos|100\/100\n|-ability|p2a: Zapdos|Pressure\n|move|p1a: UE02-Unfragment|Swords Dance|p1a: UE02-Unfragment\n|-boost|p1a: UE02-Unfragment|atk|2\n|\n|upkeep\n|turn|10\n|\n|t:|1643166932\n|switch|p2a: Quagsire|Quagsire, F|100\/100\n|move|p1a: UE02-Unfragment|Ice Punch|p2a: Quagsire\n|-damage|p2a: Quagsire|69\/100\n|-damage|p1a: UE02-Unfragment|91\/100|[from] item: Life Orb\n|\n|-heal|p2a: Quagsire|75\/100|[from] item: Leftovers\n|upkeep\n|turn|11\n|\n|t:|1643166937\n|move|p1a: UE02-Unfragment|Earthquake|p2a: Quagsire\n|-damage|p2a: Quagsire|17\/100\n|-damage|p1a: UE02-Unfragment|81\/100|[from] item: Life Orb\n|move|p2a: Quagsire|Recover|p2a: Quagsire\n|-heal|p2a: Quagsire|67\/100\n|\n|-heal|p2a: Quagsire|73\/100|[from] item: Leftovers\n|upkeep\n|turn|12\n|\n|t:|1643166943\n|move|p1a: UE02-Unfragment|Earthquake|p2a: Quagsire\n|-damage|p2a: Quagsire|11\/100\n|-damage|p1a: UE02-Unfragment|71\/100|[from] item: Life Orb\n|move|p2a: Quagsire|Recover|p2a: Quagsire\n|-heal|p2a: Quagsire|61\/100\n|\n|-heal|p2a: Quagsire|67\/100|[from] item: Leftovers\n|-sideend|p1: Mad Vito Alter|move: Aurora Veil\n|upkeep\n|turn|13\n|\n|t:|1643166948\n|move|p1a: UE02-Unfragment|Earthquake|p2a: Quagsire\n|-damage|p2a: Quagsire|9\/100\n|-damage|p1a: UE02-Unfragment|61\/100|[from] item: Life Orb\n|move|p2a: Quagsire|Recover|p2a: Quagsire\n|-heal|p2a: Quagsire|59\/100\n|\n|-heal|p2a: Quagsire|65\/100|[from] item: Leftovers\n|upkeep\n|turn|14\n|\n|t:|1643166953\n|move|p1a: UE02-Unfragment|Earthquake|p2a: Quagsire\n|-crit|p2a: Quagsire\n|-damage|p2a: Quagsire|0 fnt\n|faint|p2a: Quagsire\n|-damage|p1a: UE02-Unfragment|51\/100|[from] item: Life Orb\n|\n|upkeep\n|\n|t:|1643166958\n|switch|p2a: Zapdos|Zapdos|100\/100\n|-ability|p2a: Zapdos|Pressure\n|turn|15\n|\n|t:|1643166963\n|move|p2a: Zapdos|Toxic|p1a: UE02-Unfragment\n|-status|p1a: UE02-Unfragment|tox\n|move|p1a: UE02-Unfragment|Ice Punch|p2a: Zapdos\n|-supereffective|p2a: Zapdos\n|-damage|p2a: Zapdos|0 fnt\n|faint|p2a: Zapdos\n|-damage|p1a: UE02-Unfragment|41\/100 tox|[from] item: Life Orb\n|\n|-damage|p1a: UE02-Unfragment|35\/100 tox|[from] psn\n|upkeep\n|\n|t:|1643166965\n|switch|p2a: Clefable|Clefable, F|97\/100\n|turn|16\n|\n|t:|1643166967\n|move|p1a: UE02-Unfragment|Earthquake|p2a: Clefable\n|-damage|p2a: Clefable|0 fnt\n|faint|p2a: Clefable\n|-damage|p1a: UE02-Unfragment|25\/100 tox|[from] item: Life Orb\n|\n|-damage|p1a: UE02-Unfragment|13\/100 tox|[from] psn\n|upkeep\n|-message|kokoukohiro forfeited.\n|\n|win|Mad Vito Alter\n|raw|Mad Vito Alter's rating: 1481 &rarr; <strong>1501<\/strong><br \/>(+20 for winning)\n|raw|kokoukohiro's rating: 1489 &rarr; <strong>1469<\/strong><br \/>(-20 for losing)\n|l|\u2606kokoukohiro\n","uploadtime":1643166978,"views":18,"p1id":"madvitoalter","p2id":"kokoukohiro","formatid":"gen8ou","rating":1469,"private":0,"password":null}