{"id":"gen8vgc2020-1181973388","p1":"Jorijn Escobosa","p2":"bhkg","format":"gen8vgc2020","log":"|j|\u2606Jorijn Escobosa\n|j|\u2606bhkg\n|t:|1599353554\n|player|p1|Jorijn Escobosa|burglar|1474\n|player|p2|bhkg|169|1404\n|teamsize|p1|6\n|teamsize|p2|6\n|gametype|doubles\n|gen|8\n|tier|[Gen 8] VGC 2020\n|rated|\n|clearpoke\n|poke|p1|Ludicolo, L50, F|\n|poke|p1|Politoed, L50, F|\n|poke|p1|Escavalier, L50, F|\n|poke|p1|Togekiss, L50, M|\n|poke|p1|Porygon2, L50|\n|poke|p1|Incineroar, L50, M|\n|poke|p2|Urshifu-*, L50, F|\n|poke|p2|Mudsdale, L50, M|\n|poke|p2|Clefable, L50, F|\n|poke|p2|Marowak-Alola, L50, F|\n|poke|p2|Slowbro-Galar, L50, F|\n|poke|p2|Frosmoth, L50, F|\n|rule|Species Clause: Limit one of each Pok\u00e9mon\n|rule|Item Clause: Limit one of each item\n|teampreview|4\n|inactive|Battle timer is ON: inactive players will automatically lose when time's up. (requested by Jorijn Escobosa)\n|\n|t:|1599353581\n|start\n|switch|p1a: Togekiss|Togekiss, L50, M|48\/48\n|switch|p1b: Porygon2|Porygon2, L50|48\/48\n|switch|p2a: Frosmoth|Frosmoth, L50, F, shiny|48\/48\n|switch|p2b: Clefable|Clefable, L50, F|48\/48\n|-ability|p1b: Porygon2|Download|boost\n|-boost|p1b: Porygon2|atk|1\n|turn|1\n|\n|t:|1599353603\n|-start|p1a: Togekiss|Dynamax\n|-heal|p1a: Togekiss|48\/48|[silent]\n|-start|p2a: Frosmoth|Dynamax\n|-heal|p2a: Frosmoth|48\/48|[silent]\n|move|p2b: Clefable|Follow Me|p2b: Clefable\n|-singleturn|p2b: Clefable|move: Follow Me\n|move|p1a: Togekiss|Max Airstream|p2b: Clefable\n|-damage|p2b: Clefable|25\/48\n|-boost|p1a: Togekiss|spe|1\n|-boost|p1b: Porygon2|spe|1\n|move|p1b: Porygon2|Ice Beam|p2b: Clefable\n|-damage|p2b: Clefable|16\/48\n|move|p2a: Frosmoth|Max Hailstorm|p1a: Togekiss\n|-supereffective|p1a: Togekiss\n|-damage|p1a: Togekiss|20\/48\n|-enditem|p1a: Togekiss|Weakness Policy\n|-boost|p1a: Togekiss|atk|2|[from] item: Weakness Policy\n|-boost|p1a: Togekiss|spa|2|[from] item: Weakness Policy\n|-weather|Hail\n|\n|-weather|Hail|[upkeep]\n|-damage|p1a: Togekiss|19\/48|[from] Hail\n|-damage|p1b: Porygon2|45\/48|[from] Hail\n|upkeep\n|turn|2\n|inactive|Jorijn Escobosa has 30 seconds left.\n|inactive|Jorijn Escobosa has 20 seconds left.\n|inactive|Jorijn Escobosa has 15 seconds left.\n|inactive|Jorijn Escobosa has 10 seconds left.\n|\n|t:|1599353649\n|move|p2b: Clefable|Follow Me|p2b: Clefable\n|-singleturn|p2b: Clefable|move: Follow Me\n|move|p1a: Togekiss|Max Airstream|p2b: Clefable\n|-crit|p2b: Clefable\n|-damage|p2b: Clefable|0 fnt\n|-boost|p1a: Togekiss|spe|1\n|-boost|p1b: Porygon2|spe|1\n|faint|p2b: Clefable\n|move|p1b: Porygon2|Thunderbolt|p2a: Frosmoth\n|-damage|p2a: Frosmoth|45\/48\n|move|p2a: Frosmoth|Max Hailstorm|p1a: Togekiss\n|-supereffective|p1a: Togekiss\n|-damage|p1a: Togekiss|0 fnt\n|faint|p1a: Togekiss\n|\n|-weather|Hail|[upkeep]\n|-damage|p1b: Porygon2|42\/48|[from] Hail\n|upkeep\n|\n|t:|1599353664\n|switch|p1a: Incineroar|Incineroar, L50, M|48\/48\n|switch|p2b: Slowbro|Slowbro-Galar, L50, F, shiny|48\/48\n|-ability|p1a: Incineroar|Intimidate|boost\n|-unboost|p2a: Frosmoth|atk|1\n|-unboost|p2b: Slowbro|atk|1\n|turn|3\n|\n|t:|1599353686\n|move|p1b: Porygon2|Thunderbolt|p2b: Slowbro\n|-damage|p2b: Slowbro|33\/48\n|move|p2a: Frosmoth|Max Flutterby|p1b: Porygon2\n|-damage|p1b: Porygon2|27\/48\n|-unboost|p1a: Incineroar|spa|1\n|-unboost|p1b: Porygon2|spa|1\n|move|p1a: Incineroar|Parting Shot|p2b: Slowbro\n|-unboost|p2b: Slowbro|atk|1\n|-unboost|p2b: Slowbro|spa|1\n|\n|t:|1599353695\n|switch|p1a: Politoed|Politoed, L50, F|48\/48|[from]move: Parting Shot\n|-weather|RainDance|[from] ability: Drizzle|[of] p1a: Politoed\n|move|p2b: Slowbro|Trick Room|p2b: Slowbro\n|-fieldstart|move: Trick Room|[of] p2b: Slowbro\n|\n|-weather|RainDance|[upkeep]\n|-end|p2a: Frosmoth|Dynamax\n|-heal|p2a: Frosmoth|45\/48|[silent]\n|upkeep\n|turn|4\n|\n|t:|1599353718\n|switch|p1b: Incineroar|Incineroar, L50, M|48\/48\n|-ability|p1b: Incineroar|Intimidate|boost\n|-unboost|p2a: Frosmoth|atk|1\n|-unboost|p2b: Slowbro|atk|1\n|move|p2b: Slowbro|Expanding Force|p1a: Politoed\n|-damage|p1a: Politoed|36\/48\n|move|p1a: Politoed|Muddy Water|p2a: Frosmoth|[spread] p2a\n|-miss|p1a: Politoed|p2b: Slowbro\n|-damage|p2a: Frosmoth|34\/48\n|move|p2a: Frosmoth|Hurricane|p1a: Politoed\n|-damage|p1a: Politoed|16\/48\n|-start|p1a: Politoed|confusion\n|\n|-weather|RainDance|[upkeep]\n|upkeep\n|turn|5\n|-activate|p2b: Slowbro|ability: Quick Draw\n|\n|t:|1599353738\n|switch|p1a: Porygon2|Porygon2, L50|27\/48\n|-ability|p1a: Porygon2|Download|boost\n|-boost|p1a: Porygon2|atk|1\n|move|p2b: Slowbro|Shell Side Arm|p1a: Porygon2\n|-damage|p1a: Porygon2|19\/48\n|-hint|Special Shell Side Arm\n|-status|p1a: Porygon2|psn\n|move|p1b: Incineroar|Flare Blitz|p2a: Frosmoth\n|-supereffective|p2a: Frosmoth\n|-damage|p2a: Frosmoth|0 fnt\n|-damage|p1b: Incineroar|38\/48|[from] Recoil\n|faint|p2a: Frosmoth\n|\n|-weather|RainDance|[upkeep]\n|-damage|p1a: Porygon2|13\/48 psn|[from] psn\n|upkeep\n|\n|t:|1599353755\n|switch|p2a: Marowak|Marowak-Alola, L50, F|48\/48\n|turn|6\n|\n|t:|1599353777\n|move|p2b: Slowbro|Shell Side Arm|p1a: Porygon2\n|-damage|p1a: Porygon2|5\/48 psn\n|-hint|Special Shell Side Arm\n|move|p2a: Marowak|Poltergeist|p1b: Incineroar\n|-activate|p1b: Incineroar|move: Poltergeist|Safety Goggles\n|-resisted|p1b: Incineroar\n|-damage|p1b: Incineroar|20\/48\n|move|p1a: Porygon2|Ice Beam|p2b: Slowbro\n|-damage|p2b: Slowbro|19\/48\n|move|p1b: Incineroar|Parting Shot|p2a: Marowak\n|-unboost|p2a: Marowak|atk|1\n|-unboost|p2a: Marowak|spa|1\n|\n|t:|1599353788\n|switch|p1b: Politoed|Politoed, L50, F|16\/48|[from]move: Parting Shot\n|\n|-weather|RainDance|[upkeep]\n|-damage|p1a: Porygon2|0 fnt|[from] psn\n|faint|p1a: Porygon2\n|upkeep\n|\n|t:|1599353794\n|switch|p1a: Incineroar|Incineroar, L50, M|20\/48\n|-ability|p1a: Incineroar|Intimidate|boost\n|-unboost|p2a: Marowak|atk|1\n|-unboost|p2b: Slowbro|atk|1\n|turn|7\n|\n|t:|1599353808\n|move|p1a: Incineroar|Fake Out|p2b: Slowbro\n|-damage|p2b: Slowbro|13\/48\n|cant|p2b: Slowbro|flinch\n|move|p2a: Marowak|Poltergeist|p1b: Politoed\n|-activate|p1b: Politoed|move: Poltergeist|Choice Specs\n|-damage|p1b: Politoed|0 fnt\n|faint|p1b: Politoed\n|\n|-weather|none\n|-fieldend|move: Trick Room\n|upkeep\n|turn|8\n|\n|t:|1599353824\n|move|p1a: Incineroar|Lash Out|p2a: Marowak\n|-supereffective|p2a: Marowak\n|-damage|p2a: Marowak|20\/48\n|move|p2a: Marowak|Poltergeist|p1a: Incineroar\n|-activate|p1a: Incineroar|move: Poltergeist|Safety Goggles\n|-resisted|p1a: Incineroar\n|-damage|p1a: Incineroar|11\/48\n|move|p2b: Slowbro|Shell Side Arm|p1a: Incineroar\n|-damage|p1a: Incineroar|1\/48\n|-hint|Special Shell Side Arm\n|\n|upkeep\n|turn|9\n|-message|Jorijn Escobosa forfeited.\n|\n|win|bhkg\n|l|\u2606Jorijn Escobosa\n|raw|Jorijn Escobosa's rating: 1474 &rarr; <strong>1450<\/strong><br \/>(-24 for losing)\n|raw|bhkg's rating: 1404 &rarr; <strong>1428<\/strong><br \/>(+24 for winning)\n","uploadtime":1599353846,"views":10,"p1id":"jorijnescobosa","p2id":"bhkg","formatid":"gen8vgc2020","rating":1428,"private":0,"password":null}