{"id":"gen8nationaldexag-1685599713","p1":"Gigalodon","p2":"Rediyu","format":"gen8nationaldexag","log":"|j|\u2606Gigalodon\n|j|\u2606Rediyu\n|t:|1665756437\n|gametype|singles\n|player|p1|Gigalodon|benga|\n|player|p2|Rediyu|guitarist|\n|teamsize|p1|6\n|teamsize|p2|6\n|gen|8\n|tier|[Gen 8] National Dex AG\n|rule|HP Percentage Mod: HP is shown in percentages\n|rule|Endless Battle Clause: Forcing endless battles is banned\n|clearpoke\n|poke|p1|Espeon, F|\n|poke|p1|Quagsire, F|\n|poke|p1|Infernape, M|\n|poke|p1|Mawile, F|\n|poke|p1|Landorus-Therian, M|\n|poke|p1|Jolteon, F|\n|poke|p2|Spectrier|\n|poke|p2|Absol, M|\n|poke|p2|Sylveon, F|\n|poke|p2|Donphan, M|\n|poke|p2|Registeel|\n|poke|p2|Silvally-*|\n|teampreview\n|c|\u2606Rediyu|glhf\n|c|\u2606Gigalodon|gl hf\n|\n|t:|1665756502\n|start\n|switch|p1a: Mawile|Mawile, F|100\/100\n|switch|p2a: Fairy Eve|Sylveon, F|100\/100\n|-ability|p1a: Mawile|Intimidate|boost\n|-unboost|p2a: Fairy Eve|atk|1\n|turn|1\n|\n|t:|1665756528\n|switch|p2a: Ground Dumbo|Donphan, M|100\/100\n|detailschange|p1a: Mawile|Mawile-Mega, F\n|-mega|p1a: Mawile|Mawile|Mawilite\n|move|p1a: Mawile|Iron Head|p2a: Ground Dumbo\n|-damage|p2a: Ground Dumbo|55\/100\n|-damage|p1a: Mawile|84\/100|[from] item: Rocky Helmet|[of] p2a: Ground Dumbo\n|\n|upkeep\n|turn|2\n|\n|t:|1665756545\n|switch|p1a: Espeon|Espeon, F|100\/100\n|move|p2a: Ground Dumbo|Stealth Rock|p1a: Espeon\n|-sidestart|p1: Gigalodon|move: Stealth Rock\n|\n|upkeep\n|turn|3\n|c|\u2606Gigalodon|omg\n|c|\u2606Gigalodon|fuck\n|c|\u2606Rediyu|uff\n|\n|t:|1665756577\n|switch|p1a: Landorus|Landorus-Therian, M|100\/100\n|-damage|p1a: Landorus|88\/100|[from] Stealth Rock\n|-ability|p1a: Landorus|Intimidate|boost\n|-unboost|p2a: Ground Dumbo|atk|1\n|move|p2a: Ground Dumbo|Knock Off|p1a: Landorus\n|-damage|p1a: Landorus|71\/100\n|-enditem|p1a: Landorus|Choice Scarf|[from] move: Knock Off|[of] p2a: Ground Dumbo\n|\n|upkeep\n|turn|4\n|\n|t:|1665756589\n|move|p2a: Ground Dumbo|Ice Shard|p1a: Landorus\n|-supereffective|p1a: Landorus\n|-damage|p1a: Landorus|42\/100\n|move|p1a: Landorus|Earthquake|p2a: Ground Dumbo\n|-damage|p2a: Ground Dumbo|21\/100\n|\n|upkeep\n|turn|5\n|\n|t:|1665756593\n|move|p2a: Ground Dumbo|Ice Shard|p1a: Landorus\n|-supereffective|p1a: Landorus\n|-damage|p1a: Landorus|13\/100\n|move|p1a: Landorus|Earthquake|p2a: Ground Dumbo\n|-damage|p2a: Ground Dumbo|0 fnt\n|faint|p2a: Ground Dumbo\n|\n|upkeep\n|\n|t:|1665756598\n|switch|p2a: Flying Jr.|Silvally-Flying|100\/100\n|turn|6\n|\n|t:|1665756608\n|move|p2a: Flying Jr.|Multi-Attack|p1a: Landorus\n|-damage|p1a: Landorus|0 fnt\n|faint|p1a: Landorus\n|\n|upkeep\n|\n|t:|1665756610\n|switch|p1a: Jolteon|Jolteon, F|100\/100\n|-damage|p1a: Jolteon|88\/100|[from] Stealth Rock\n|turn|7\n|\n|t:|1665756619\n|switch|p2a: Steel Regi|Registeel|100\/100\n|-zpower|p1a: Jolteon\n|move|p1a: Jolteon|Z-Celebrate|p1a: Jolteon|[anim]Celebrate\n|-boost|p1a: Jolteon|atk|1|[zeffect]\n|-boost|p1a: Jolteon|def|1|[zeffect]\n|-boost|p1a: Jolteon|spa|1|[zeffect]\n|-boost|p1a: Jolteon|spd|1|[zeffect]\n|-boost|p1a: Jolteon|spe|1|[zeffect]\n|-activate|p1a: Jolteon|move: Celebrate\n|\n|upkeep\n|turn|8\n|\n|t:|1665756622\n|move|p1a: Jolteon|Thunderbolt|p2a: Steel Regi\n|-damage|p2a: Steel Regi|69\/100\n|move|p2a: Steel Regi|Toxic|p1a: Jolteon\n|-status|p1a: Jolteon|tox\n|\n|-heal|p2a: Steel Regi|75\/100|[from] item: Leftovers\n|-damage|p1a: Jolteon|82\/100 tox|[from] psn\n|upkeep\n|turn|9\n|\n|t:|1665756626\n|move|p1a: Jolteon|Thunderbolt|p2a: Steel Regi\n|-crit|p2a: Steel Regi\n|-damage|p2a: Steel Regi|28\/100\n|move|p2a: Steel Regi|Seismic Toss|p1a: Jolteon\n|-damage|p1a: Jolteon|46\/100 tox\n|\n|-heal|p2a: Steel Regi|34\/100|[from] item: Leftovers\n|-damage|p1a: Jolteon|34\/100 tox|[from] psn\n|upkeep\n|turn|10\n|\n|t:|1665756629\n|move|p1a: Jolteon|Thunderbolt|p2a: Steel Regi\n|-damage|p2a: Steel Regi|5\/100\n|move|p2a: Steel Regi|Rest|p2a: Steel Regi\n|-status|p2a: Steel Regi|slp|[from] move: Rest\n|-heal|p2a: Steel Regi|100\/100 slp|[silent]\n|\n|-damage|p1a: Jolteon|16\/100 tox|[from] psn\n|upkeep\n|turn|11\n|\n|t:|1665756637\n|switch|p1a: Infernape|Infernape, M|100\/100\n|-damage|p1a: Infernape|88\/100|[from] Stealth Rock\n|cant|p2a: Steel Regi|slp\n|\n|upkeep\n|turn|12\n|\n|t:|1665756649\n|move|p1a: Infernape|Nasty Plot|p1a: Infernape\n|-boost|p1a: Infernape|spa|2\n|cant|p2a: Steel Regi|slp\n|move|p2a: Steel Regi|Sleep Talk|p2a: Steel Regi\n|move|p2a: Steel Regi|Rest||[from]move: Sleep Talk|[still]\n|-fail|p2a: Steel Regi\n|\n|upkeep\n|turn|13\n|\n|t:|1665756654\n|move|p1a: Infernape|Fire Blast|p2a: Steel Regi\n|-supereffective|p2a: Steel Regi\n|-damage|p2a: Steel Regi|6\/100 slp\n|-curestatus|p2a: Steel Regi|slp|[msg]\n|move|p2a: Steel Regi|Sleep Talk||[still]\n|-fail|p2a: Steel Regi\n|\n|-heal|p2a: Steel Regi|12\/100|[from] item: Leftovers\n|upkeep\n|turn|14\n|\n|t:|1665756661\n|move|p1a: Infernape|Fire Blast|p2a: Steel Regi\n|-supereffective|p2a: Steel Regi\n|-damage|p2a: Steel Regi|0 fnt\n|faint|p2a: Steel Regi\n|\n|upkeep\n|\n|t:|1665756663\n|switch|p2a: Ghost Ponny|Spectrier|100\/100\n|turn|15\n|\n|t:|1665756709\n|move|p2a: Ghost Ponny|Shadow Ball|p1a: Infernape\n|-damage|p1a: Infernape|2\/100\n|move|p1a: Infernape|Fire Blast|p2a: Ghost Ponny|[miss]\n|-miss|p1a: Infernape|p2a: Ghost Ponny\n|\n|upkeep\n|turn|16\n|c|\u2606Gigalodon|ich hab sogar die salac berry vergessen\n|c|\u2606Gigalodon|rip\n|\n|t:|1665756735\n|move|p2a: Ghost Ponny|Shadow Ball|p1a: Infernape\n|-damage|p1a: Infernape|0 fnt\n|faint|p1a: Infernape\n|-ability|p2a: Ghost Ponny|Grim Neigh|boost\n|-boost|p2a: Ghost Ponny|spa|1\n|\n|upkeep\n|\n|t:|1665756737\n|switch|p1a: Mawile|Mawile-Mega, F|84\/100\n|-damage|p1a: Mawile|78\/100|[from] Stealth Rock\n|turn|17\n|c|\u2606Rediyu|ich spiel echt nicht gut gerade und werde f\u00fc belohnt\n|\n|t:|1665756749\n|switch|p2a: Dark Chaos|Absol, M|100\/100\n|-ability|p2a: Dark Chaos|Pressure\n|move|p1a: Mawile|Knock Off|p2a: Dark Chaos\n|-resisted|p2a: Dark Chaos\n|-damage|p2a: Dark Chaos|55\/100\n|\n|upkeep\n|turn|18\n|\n|t:|1665756757\n|detailschange|p2a: Dark Chaos|Absol-Mega, M\n|-mega|p2a: Dark Chaos|Absol|Absolite\n|move|p2a: Dark Chaos|Flamethrower|p1a: Mawile\n|-supereffective|p1a: Mawile\n|-damage|p1a: Mawile|19\/100\n|move|p1a: Mawile|Iron Head|p2a: Dark Chaos\n|-damage|p2a: Dark Chaos|0 fnt\n|faint|p2a: Dark Chaos\n|\n|upkeep\n|\n|t:|1665756765\n|switch|p2a: Flying Jr.|Silvally-Flying|100\/100\n|turn|19\n|\n|t:|1665756771\n|switch|p1a: Espeon|Espeon, F|100\/100\n|-damage|p1a: Espeon|88\/100|[from] Stealth Rock\n|move|p2a: Flying Jr.|Flame Charge|p1a: Espeon\n|-damage|p1a: Espeon|62\/100\n|-boost|p2a: Flying Jr.|spe|1\n|\n|-heal|p1a: Espeon|68\/100|[from] item: Leftovers\n|upkeep\n|turn|20\n|\n|t:|1665756779\n|move|p2a: Flying Jr.|Multi-Attack|p1a: Espeon\n|-damage|p1a: Espeon|0 fnt\n|faint|p1a: Espeon\n|\n|upkeep\n|\n|t:|1665756786\n|switch|p1a: Jolteon|Jolteon, F|16\/100 tox\n|-damage|p1a: Jolteon|4\/100 tox|[from] Stealth Rock\n|turn|21\n|\n|t:|1665756791\n|move|p2a: Flying Jr.|Multi-Attack|p1a: Jolteon\n|-resisted|p1a: Jolteon\n|-damage|p1a: Jolteon|0 fnt\n|faint|p1a: Jolteon\n|\n|upkeep\n|\n|t:|1665756793\n|switch|p1a: Quagsire|Quagsire, F|100\/100\n|-damage|p1a: Quagsire|94\/100|[from] Stealth Rock\n|turn|22\n|\n|t:|1665756796\n|switch|p2a: Ghost Ponny|Spectrier|100\/100\n|move|p1a: Quagsire|Yawn|p2a: Ghost Ponny\n|-start|p2a: Ghost Ponny|move: Yawn|[of] p1a: Quagsire\n|\n|-heal|p1a: Quagsire|100\/100|[from] item: Leftovers\n|upkeep\n|turn|23\n|\n|t:|1665756802\n|switch|p2a: Fairy Eve|Sylveon, F|100\/100\n|move|p1a: Quagsire|Scald|p2a: Fairy Eve\n|-damage|p2a: Fairy Eve|88\/100\n|\n|upkeep\n|turn|24\n|\n|t:|1665756807\n|move|p2a: Fairy Eve|Hyper Voice|p1a: Quagsire\n|-damage|p1a: Quagsire|26\/100\n|move|p1a: Quagsire|Yawn|p2a: Fairy Eve\n|-start|p2a: Fairy Eve|move: Yawn|[of] p1a: Quagsire\n|\n|-heal|p1a: Quagsire|32\/100|[from] item: Leftovers\n|upkeep\n|turn|25\n|\n|t:|1665756820\n|move|p2a: Fairy Eve|Baton Pass|p2a: Fairy Eve\n|\n|t:|1665756821\n|switch|p2a: Ghost Ponny|Spectrier|100\/100|[from]move: Baton Pass\n|move|p1a: Quagsire|Recover|p1a: Quagsire\n|-heal|p1a: Quagsire|82\/100\n|\n|-heal|p1a: Quagsire|89\/100|[from] item: Leftovers\n|upkeep\n|turn|26\n|\n|t:|1665756846\n|move|p2a: Ghost Ponny|Shadow Ball|p1a: Quagsire\n|-damage|p1a: Quagsire|1\/100\n|move|p1a: Quagsire|Yawn|p2a: Ghost Ponny\n|-start|p2a: Ghost Ponny|move: Yawn|[of] p1a: Quagsire\n|\n|-heal|p1a: Quagsire|7\/100|[from] item: Leftovers\n|upkeep\n|turn|27\n|\n|t:|1665756853\n|switch|p2a: Fairy Eve|Sylveon, F|88\/100\n|move|p1a: Quagsire|Recover|p1a: Quagsire\n|-heal|p1a: Quagsire|57\/100\n|\n|-heal|p1a: Quagsire|63\/100|[from] item: Leftovers\n|upkeep\n|turn|28\n|\n|t:|1665756857\n|move|p2a: Fairy Eve|Hyper Voice|p1a: Quagsire\n|-damage|p1a: Quagsire|0 fnt\n|faint|p1a: Quagsire\n|\n|upkeep\n|\n|t:|1665756859\n|switch|p1a: Mawile|Mawile-Mega, F|19\/100\n|-damage|p1a: Mawile|13\/100|[from] Stealth Rock\n|turn|29\n|\n|t:|1665756861\n|move|p2a: Fairy Eve|Quick Attack|p1a: Mawile\n|-resisted|p1a: Mawile\n|-damage|p1a: Mawile|7\/100\n|move|p1a: Mawile|Iron Head|p2a: Fairy Eve\n|-supereffective|p2a: Fairy Eve\n|-damage|p2a: Fairy Eve|0 fnt\n|faint|p2a: Fairy Eve\n|\n|upkeep\n|\n|t:|1665756866\n|switch|p2a: Flying Jr.|Silvally-Flying|100\/100\n|turn|30\n|\n|t:|1665756869\n|move|p2a: Flying Jr.|Flame Charge|p1a: Mawile\n|-supereffective|p1a: Mawile\n|-damage|p1a: Mawile|0 fnt\n|-boost|p2a: Flying Jr.|spe|1\n|faint|p1a: Mawile\n|\n|win|Rediyu\n|c|\u2606Rediyu|gg\n|c|\u2606Gigalodon|g\n|c|\u2606Gigalodon|g\n|c|\u2606Gigalodon|hatte gar kein sucker xD\n|c|\u2606Rediyu|lol\n|c|\u2606Rediyu|man deine prep w\u00e4re echt gut gewesen... h\u00e4ttest du es nicht vergessen xD\n|c|\u2606Gigalodon|infernape war eig f\u00fcr steel ausgelegt\n|c|\u2606Rediyu|tut mir echt leid, das h\u00e4ttest du haben k\u00f6nnen\n|c|\u2606Gigalodon|dass es +2 body press safe lebt und dann mit salac reverse sweeped\n|c|\u2606Gigalodon|naja mein fehler gg\n|c|\u2606Rediyu|war rest sleep talk\n|c|\u2606Rediyu|hatte angst vor Lati\n|c|\u2606Gigalodon|lati hat halt probleme gegen spectrier und absol\n|c|\u2606Rediyu|true\n","uploadtime":1665756917,"views":5,"p1id":"gigalodon","p2id":"rediyu","formatid":"gen8nationaldexag","rating":0,"private":0,"password":null}