{"id":"gen8nationaldexag-1513149906","p1":"Forfeitor","p2":"Flashybee","format":"gen8nationaldexag","log":"|j|\u2606Forfeitor\n|j|\u2606Flashybee\n|t:|1645123926\n|gametype|singles\n|player|p1|Forfeitor|blue|1575\n|player|p2|Flashybee|266|1583\n|teamsize|p1|6\n|teamsize|p2|6\n|gen|8\n|tier|[Gen 8] National Dex AG\n|rated|\n|rule|HP Percentage Mod: HP is shown in percentages\n|rule|Endless Battle Clause: Forcing endless battles is banned\n|clearpoke\n|poke|p1|Marshadow|\n|poke|p1|Groudon|\n|poke|p1|Kyogre|\n|poke|p1|Rayquaza|\n|poke|p1|Necrozma-Dusk-Mane|\n|poke|p1|Deoxys-Attack|\n|poke|p2|Rayquaza|\n|poke|p2|Arceus-*|\n|poke|p2|Ditto|\n|poke|p2|Zacian-*|\n|poke|p2|Smeargle, M|\n|poke|p2|Dugtrio, F|\n|teampreview\n|inactive|Battle timer is ON: inactive players will automatically lose when time's up. (requested by Forfeitor)\n|\n|t:|1645123930\n|start\n|switch|p1a: Deoxys|Deoxys-Attack|100\/100\n|switch|p2a: Smeargle|Smeargle, M|100\/100\n|-ability|p1a: Deoxys|Pressure\n|turn|1\n|j| isrrael120\n|\n|t:|1645123936\n|move|p2a: Smeargle|Magic Coat|p2a: Smeargle\n|-singleturn|p2a: Smeargle|move: Magic Coat\n|move|p1a: Deoxys|Knock Off|p2a: Smeargle\n|-enditem|p2a: Smeargle|Focus Sash\n|-damage|p2a: Smeargle|1\/100\n|\n|-ability|p2a: Smeargle|Moody|boost\n|-boost|p2a: Smeargle|def|2\n|-unboost|p2a: Smeargle|atk|1\n|upkeep\n|turn|2\n|\n|t:|1645123941\n|move|p1a: Deoxys|Knock Off|p2a: Smeargle\n|-damage|p2a: Smeargle|0 fnt\n|faint|p2a: Smeargle\n|\n|upkeep\n|\n|t:|1645123942\n|switch|p2a: Ditto|Ditto|100\/100\n|-transform|p2a: Ditto|p1a: Deoxys|[from] ability: Imposter\n|-ability|p2a: Ditto|Pressure\n|turn|3\n|\n|t:|1645123945\n|move|p2a: Ditto|Knock Off|p1a: Deoxys\n|-supereffective|p1a: Deoxys\n|-enditem|p1a: Deoxys|Focus Sash\n|-damage|p1a: Deoxys|1\/100\n|move|p1a: Deoxys|Knock Off|p2a: Ditto\n|-supereffective|p2a: Ditto\n|-damage|p2a: Ditto|0 fnt\n|-enditem|p2a: Ditto|Choice Scarf|[from] move: Knock Off|[of] p1a: Deoxys\n|faint|p2a: Ditto\n|\n|upkeep\n|\n|t:|1645123959\n|switch|p2a: Dugtrio|Dugtrio, F|100\/100\n|turn|4\n|\n|t:|1645123962\n|move|p1a: Deoxys|Stealth Rock|p2a: Dugtrio\n|-sidestart|p2: Flashybee|move: Stealth Rock\n|move|p2a: Dugtrio|Memento|p1a: Deoxys\n|-unboost|p1a: Deoxys|atk|2\n|-unboost|p1a: Deoxys|spa|2\n|faint|p2a: Dugtrio\n|\n|upkeep\n|\n|t:|1645123965\n|switch|p2a: Rayquaza|Rayquaza|100\/100\n|-damage|p2a: Rayquaza|75\/100|[from] Stealth Rock\n|-ability|p2a: Rayquaza|Air Lock\n|turn|5\n|\n|t:|1645123969\n|detailschange|p2a: Rayquaza|Rayquaza-Mega\n|-mega|p2a: Rayquaza|Rayquaza|\n|-weather|DeltaStream|[from] ability: Delta Stream|[of] p2a: Rayquaza\n|move|p1a: Deoxys|Taunt|p2a: Rayquaza\n|-start|p2a: Rayquaza|move: Taunt\n|cant|p2a: Rayquaza|move: Taunt|Dragon Dance\n|\n|-weather|DeltaStream|[upkeep]\n|upkeep\n|turn|6\n|-message|Flashybee forfeited.\n|\n|win|Forfeitor\n|raw|Forfeitor's rating: 1575 &rarr; <strong>1595<\/strong><br \/>(+20 for winning)\n|raw|Flashybee's rating: 1583 &rarr; <strong>1563<\/strong><br \/>(-20 for losing)\n|l|\u2606Flashybee\n||Ladder isn't responding, score probably updated but might not have (Request timeout).\n","uploadtime":1645123986,"views":18,"p1id":"forfeitor","p2id":"flashybee","formatid":"gen8nationaldexag","rating":1563,"private":0,"password":null}