{"id":"gen8ou-1139953360","p1":"Goootzinho","p2":"robopoke4","format":"gen8ou","log":"|j|\u2606Goootzinho\n|j|\u2606robopoke4\n|player|p1|Goootzinho|galacticgrunt|1583\n|player|p2|robopoke4|265|1615\n|teamsize|p1|6\n|teamsize|p2|6\n|gametype|singles\n|gen|8\n|tier|[Gen 8] OU\n|rated|\n|clearpoke\n|poke|p1|Pelipper, F|\n|poke|p1|Ferrothorn, F|\n|poke|p1|Seismitoad, F|\n|poke|p1|Magearna|\n|poke|p1|Kingdra, M|\n|poke|p1|Barraskewda, M|\n|poke|p2|Slowbro, F|\n|poke|p2|Magearna|\n|poke|p2|Cinderace, F|\n|poke|p2|Dragapult, F|\n|poke|p2|Conkeldurr, F|\n|poke|p2|Golurk|\n|rule|Sleep Clause Mod: Limit one foe put to sleep\n|rule|Species Clause: Limit one of each Pok\u00e9mon\n|rule|OHKO Clause: OHKO moves are banned\n|rule|Evasion Moves Clause: Evasion moves are banned\n|rule|Endless Battle Clause: Forcing endless battles is banned\n|rule|HP Percentage Mod: HP is shown in percentages\n|rule|Dynamax Clause: You cannot dynamax\n|teampreview\n|inactive|Battle timer is ON: inactive players will automatically lose when time's up. (requested by robopoke4)\n|\n|start\n|switch|p1a: Magearna|Magearna|100\/100\n|switch|p2a: Slowbro|Slowbro, F|100\/100\n|turn|1\n|\n|switch|p2a: Magearna|Magearna|100\/100\n|move|p1a: Magearna|Volt Switch|p2a: Magearna\n|-damage|p2a: Magearna|69\/100\n|\n|switch|p1a: Seismitoad|Seismitoad, F|100\/100|[from]move: Volt Switch\n|\n|-heal|p2a: Magearna|75\/100|[from] item: Leftovers\n|upkeep\n|turn|2\n|\n|switch|p2a: Slowbro|Slowbro, F|100\/100\n|move|p1a: Seismitoad|Earth Power|p2a: Slowbro\n|-damage|p2a: Slowbro|45\/100\n|-damage|p1a: Seismitoad|91\/100|[from] item: Life Orb\n|\n|upkeep\n|turn|3\n|\n|switch|p2a: Dragapult|Dragapult, F|100\/100\n|move|p1a: Seismitoad|Earth Power|p2a: Dragapult\n|-damage|p2a: Dragapult|32\/100\n|-damage|p1a: Seismitoad|81\/100|[from] item: Life Orb\n|\n|upkeep\n|turn|4\n|\n|switch|p1a: Ferrothorn|Ferrothorn, F|100\/100\n|move|p2a: Dragapult|Fire Blast|p1a: Ferrothorn\n|-supereffective|p1a: Ferrothorn\n|-crit|p1a: Ferrothorn\n|-damage|p1a: Ferrothorn|0 fnt\n|faint|p1a: Ferrothorn\n|\n|upkeep\n|\n|switch|p1a: Pelipper|Pelipper, F|100\/100\n|-weather|RainDance|[from] ability: Drizzle|[of] p1a: Pelipper\n|turn|5\n|\n|switch|p2a: Slowbro|Slowbro, F|78\/100\n|move|p1a: Pelipper|U-turn|p2a: Slowbro\n|-supereffective|p2a: Slowbro\n|-damage|p2a: Slowbro|67\/100\n|-damage|p1a: Pelipper|84\/100|[from] item: Rocky Helmet|[of] p2a: Slowbro\n|\n|switch|p1a: Kingdra|Kingdra, M|100\/100|[from]move: U-turn\n|\n|-weather|RainDance|[upkeep]\n|upkeep\n|turn|6\n|\n|move|p1a: Kingdra|Hurricane|p2a: Slowbro\n|-damage|p2a: Slowbro|18\/100\n|-damage|p1a: Kingdra|91\/100|[from] item: Life Orb\n|move|p2a: Slowbro|Trick Room|p2a: Slowbro\n|-fieldstart|move: Trick Room|[of] p2a: Slowbro\n|\n|-weather|RainDance|[upkeep]\n|upkeep\n|turn|7\n|\n|move|p1a: Kingdra|Hurricane|p2a: Slowbro\n|-damage|p2a: Slowbro|0 fnt\n|-damage|p1a: Kingdra|81\/100|[from] item: Life Orb\n|faint|p2a: Slowbro\n|\n|-weather|RainDance|[upkeep]\n|upkeep\n|\n|switch|p2a: Golurk|Golurk|100\/100\n|turn|8\n|\n|move|p2a: Golurk|Poltergeist|p1a: Kingdra\n|-activate|p1a: Kingdra|move: Poltergeist|Life Orb\n|-damage|p1a: Kingdra|0 fnt\n|faint|p1a: Kingdra\n|\n|-weather|RainDance|[upkeep]\n|upkeep\n|\n|switch|p1a: Magearna|Magearna|100\/100\n|turn|9\n|\n|switch|p2a: Magearna|Magearna|75\/100\n|move|p1a: Magearna|Fleur Cannon|p2a: Magearna\n|-resisted|p2a: Magearna\n|-damage|p2a: Magearna|30\/100\n|-unboost|p1a: Magearna|spa|2\n|\n|-weather|RainDance|[upkeep]\n|-heal|p2a: Magearna|36\/100|[from] item: Leftovers\n|upkeep\n|turn|10\n|\n|switch|p1a: Seismitoad|Seismitoad, F|81\/100\n|move|p2a: Magearna|Encore||[still]\n|-fail|p2a: Magearna\n|\n|-weather|RainDance|[upkeep]\n|-heal|p2a: Magearna|43\/100|[from] item: Leftovers\n|-fieldend|move: Trick Room\n|upkeep\n|turn|11\n|\n|move|p1a: Seismitoad|Earth Power|p2a: Magearna\n|-supereffective|p2a: Magearna\n|-damage|p2a: Magearna|0 fnt\n|-damage|p1a: Seismitoad|71\/100|[from] item: Life Orb\n|faint|p2a: Magearna\n|\n|-weather|RainDance|[upkeep]\n|upkeep\n|\n|switch|p2a: Dragapult|Dragapult, F|32\/100\n|turn|12\n|\n|move|p2a: Dragapult|Draco Meteor|p1a: Seismitoad\n|-damage|p1a: Seismitoad|2\/100\n|-unboost|p2a: Dragapult|spa|2\n|move|p1a: Seismitoad|Earth Power|p2a: Dragapult\n|-damage|p2a: Dragapult|0 fnt\n|-damage|p1a: Seismitoad|0 fnt|[from] item: Life Orb\n|faint|p2a: Dragapult\n|faint|p1a: Seismitoad\n|\n|-weather|none\n|upkeep\n|\n|switch|p2a: Conkeldurr|Conkeldurr, F|100\/100\n|switch|p1a: Pelipper|Pelipper, F|84\/100\n|-weather|RainDance|[from] ability: Drizzle|[of] p1a: Pelipper\n|turn|13\n|\n|move|p1a: Pelipper|U-turn|p2a: Conkeldurr\n|-resisted|p2a: Conkeldurr\n|-damage|p2a: Conkeldurr|96\/100\n|\n|switch|p1a: Magearna|Magearna|100\/100|[from]move: U-turn\n|move|p2a: Conkeldurr|Knock Off|p1a: Magearna\n|-resisted|p1a: Magearna\n|-damage|p1a: Magearna|82\/100\n|-enditem|p1a: Magearna|Choice Specs|[from] move: Knock Off|[of] p2a: Conkeldurr\n|\n|-weather|RainDance|[upkeep]\n|-status|p2a: Conkeldurr|brn|[from] item: Flame Orb\n|upkeep\n|turn|14\n|\n|switch|p2a: Cinderace|Cinderace, F|100\/100\n|move|p1a: Magearna|Fleur Cannon|p2a: Cinderace\n|-resisted|p2a: Cinderace\n|-damage|p2a: Cinderace|51\/100\n|-unboost|p1a: Magearna|spa|2\n|\n|-weather|RainDance|[upkeep]\n|upkeep\n|turn|15\n|\n|move|p2a: Cinderace|U-turn|p1a: Magearna\n|-start|p2a: Cinderace|typechange|Bug|[from] ability: Libero\n|-resisted|p1a: Magearna\n|-damage|p1a: Magearna|75\/100\n|\n|switch|p2a: Golurk|Golurk|100\/100|[from]move: U-turn\n|move|p1a: Magearna|Volt Switch|p2a: Golurk\n|-immune|p2a: Golurk\n|\n|-weather|RainDance|[upkeep]\n|upkeep\n|turn|16\n|\n|switch|p1a: Pelipper|Pelipper, F|84\/100\n|move|p2a: Golurk|Poltergeist|p1a: Pelipper\n|-activate|p1a: Pelipper|move: Poltergeist|Damp Rock\n|-damage|p1a: Pelipper|13\/100\n|\n|-weather|RainDance|[upkeep]\n|upkeep\n|turn|17\n|\n|move|p1a: Pelipper|Scald|p2a: Golurk\n|-supereffective|p2a: Golurk\n|-damage|p2a: Golurk|9\/100\n|-status|p2a: Golurk|brn\n|move|p2a: Golurk|Poltergeist|p1a: Pelipper\n|-activate|p1a: Pelipper|move: Poltergeist|Damp Rock\n|-damage|p1a: Pelipper|0 fnt\n|faint|p1a: Pelipper\n|\n|-weather|RainDance|[upkeep]\n|-damage|p2a: Golurk|3\/100 brn|[from] brn\n|upkeep\n|\n|switch|p1a: Barraskewda|Barraskewda, M|100\/100\n|turn|18\n|\n|move|p1a: Barraskewda|Liquidation|p2a: Golurk\n|-supereffective|p2a: Golurk\n|-damage|p2a: Golurk|0 fnt\n|faint|p2a: Golurk\n|\n|-weather|RainDance|[upkeep]\n|upkeep\n|inactive|robopoke4 has 120 seconds left.\n|\n|switch|p2a: Conkeldurr|Conkeldurr, F|96\/100 brn\n|turn|19\n|\n|move|p1a: Barraskewda|Liquidation|p2a: Conkeldurr\n|-damage|p2a: Conkeldurr|8\/100 brn\n|move|p2a: Conkeldurr|Close Combat|p1a: Barraskewda\n|-crit|p1a: Barraskewda\n|-damage|p1a: Barraskewda|0 fnt\n|-unboost|p2a: Conkeldurr|def|1\n|-unboost|p2a: Conkeldurr|spd|1\n|faint|p1a: Barraskewda\n|\n|-weather|RainDance|[upkeep]\n|-damage|p2a: Conkeldurr|2\/100 brn|[from] brn\n|upkeep\n|\n|switch|p1a: Magearna|Magearna|75\/100\n|turn|20\n|\n|move|p2a: Conkeldurr|Mach Punch|p1a: Magearna\n|-damage|p1a: Magearna|42\/100\n|move|p1a: Magearna|Volt Switch|p2a: Conkeldurr\n|-damage|p2a: Conkeldurr|0 fnt\n|faint|p2a: Conkeldurr\n|-ability|p1a: Magearna|Soul-Heart|boost\n|-boost|p1a: Magearna|spa|1\n|\n|-weather|none\n|upkeep\n|\n|switch|p2a: Cinderace|Cinderace, F|51\/100\n|turn|21\n|\n|move|p2a: Cinderace|Pyro Ball|p1a: Magearna\n|-supereffective|p1a: Magearna\n|-damage|p1a: Magearna|0 fnt\n|faint|p1a: Magearna\n|\n|win|robopoke4\n|l|\u2606Goootzinho\n|raw|Goootzinho's rating: 1584 &rarr; <strong>1566<\/strong><br \/>(-18 for losing)\n|raw|robopoke4's rating: 1615 &rarr; <strong>1634<\/strong><br \/>(+19 for winning)\n","uploadtime":1593159889,"views":10,"p1id":"goootzinho","p2id":"robopoke4","formatid":"gen8ou","rating":1566,"private":0,"password":null}