{"id":"gen8ou-1178226715","p1":"Pokkengod","p2":"Ayante","format":"gen8ou","log":"|j|\u2606Pokkengod\n|j|\u2606Ayante\n|t:|1598816333\n|player|p1|Pokkengod|gladion-stance|\n|player|p2|Ayante|koga|\n|teamsize|p1|6\n|teamsize|p2|6\n|gametype|singles\n|gen|8\n|tier|[Gen 8] OU\n|rated|Tournament battle\n|clearpoke\n|poke|p1|Zeraora|\n|poke|p1|Hawlucha, M|\n|poke|p1|Rillaboom, M|\n|poke|p1|Gyarados, M|\n|poke|p1|Azumarill, F|\n|poke|p1|Grimmsnarl, M|\n|poke|p2|Dragapult, M|\n|poke|p2|Hatterene, F|\n|poke|p2|Incineroar, F|\n|poke|p2|Skarmory, F|\n|poke|p2|Azumarill, M|\n|poke|p2|Magnezone|\n|rule|Sleep Clause Mod: Limit one foe put to sleep\n|rule|Species Clause: Limit one of each Pok\u00e9mon\n|rule|OHKO Clause: OHKO moves are banned\n|rule|Evasion Moves Clause: Evasion moves are banned\n|rule|Endless Battle Clause: Forcing endless battles is banned\n|rule|HP Percentage Mod: HP is shown in percentages\n|rule|Dynamax Clause: You cannot dynamax\n|teampreview\n|j|*Lady Monita\n|c|\u2606Pokkengod|sorry about that...\n|\n|t:|1598816354\n|start\n|switch|p1a: Gyarados|Gyarados, M|100\/100\n|switch|p2a: Incineroar|Incineroar, F|100\/100\n|-ability|p2a: Incineroar|Intimidate|boost\n|-unboost|p1a: Gyarados|atk|1\n|turn|1\n|\n|t:|1598816368\n|switch|p2a: Skarmory|Skarmory, F|100\/100\n|move|p1a: Gyarados|Dragon Dance|p1a: Gyarados\n|-boost|p1a: Gyarados|atk|1\n|-boost|p1a: Gyarados|spe|1\n|\n|upkeep\n|turn|2\n|\n|t:|1598816375\n|move|p1a: Gyarados|Dragon Dance|p1a: Gyarados\n|-boost|p1a: Gyarados|atk|1\n|-boost|p1a: Gyarados|spe|1\n|move|p2a: Skarmory|Stealth Rock|p1a: Gyarados\n|-sidestart|p1: Pokkengod|move: Stealth Rock\n|\n|upkeep\n|turn|3\n|\n|t:|1598816387\n|switch|p2a: Incineroar|Incineroar, F|100\/100\n|-ability|p2a: Incineroar|Intimidate|boost\n|-unboost|p1a: Gyarados|atk|1\n|move|p1a: Gyarados|Dragon Dance|p1a: Gyarados\n|-boost|p1a: Gyarados|atk|1\n|-boost|p1a: Gyarados|spe|1\n|\n|upkeep\n|turn|4\n|\n|t:|1598816396\n|switch|p2a: Dragapult|Dragapult, M|100\/100\n|move|p1a: Gyarados|Waterfall|p2a: Dragapult\n|-resisted|p2a: Dragapult\n|-damage|p2a: Dragapult|52\/100\n|\n|upkeep\n|turn|5\n|\n|t:|1598816408\n|move|p1a: Gyarados|Bounce||[still]\n|-prepare|p1a: Gyarados|Bounce\n|move|p2a: Dragapult|Thunderbolt|p1a: Gyarados|[miss]\n|-miss|p2a: Dragapult|p1a: Gyarados\n|\n|upkeep\n|turn|6\n|\n|t:|1598816420\n|switch|p2a: Incineroar|Incineroar, F|100\/100\n|-ability|p2a: Incineroar|Intimidate|boost\n|-unboost|p1a: Gyarados|atk|1\n|move|p1a: Gyarados|Bounce|p2a: Incineroar|[from]lockedmove\n|-damage|p2a: Incineroar|61\/100\n|-status|p2a: Incineroar|par\n|\n|upkeep\n|turn|7\n|\n|t:|1598816428\n|move|p1a: Gyarados|Waterfall|p2a: Incineroar\n|-supereffective|p2a: Incineroar\n|-damage|p2a: Incineroar|0 fnt\n|faint|p2a: Incineroar\n|-ability|p1a: Gyarados|Moxie|boost\n|-boost|p1a: Gyarados|atk|1\n|\n|upkeep\n|\n|t:|1598816435\n|switch|p2a: Magnezone|Magnezone|100\/100\n|turn|8\n|\n|t:|1598816441\n|move|p1a: Gyarados|Earthquake|p2a: Magnezone\n|-supereffective|p2a: Magnezone\n|-damage|p2a: Magnezone|0 fnt\n|faint|p2a: Magnezone\n|-ability|p1a: Gyarados|Moxie|boost\n|-boost|p1a: Gyarados|atk|1\n|\n|upkeep\n|-message|Ayante forfeited.\n|\n|win|Pokkengod\n|l|*Lady Monita\n|l|\u2606Ayante\n|c|\u2606Pokkengod|gg\n","uploadtime":1598817492,"views":46,"p1id":"pokkengod","p2id":"ayante","formatid":"gen8ou","rating":0,"private":0,"password":null}