{"id":"gen8ou-1562425773","p1":"Igotthegat","p2":"HBbdhuash","format":"gen8ou","log":"|j|\u2606Igotthegat\n|j|\u2606HBbdhuash\n|t:|1651062149\n|gametype|singles\n|player|p1|Igotthegat|hilda|1391\n|player|p2|HBbdhuash|birdkeeper-gen4dp|1354\n|teamsize|p1|6\n|teamsize|p2|6\n|gen|8\n|tier|[Gen 8] OU\n|rated|\n|rule|Sleep Clause Mod: Limit one foe put to sleep\n|rule|Species Clause: Limit one of each Pok\u00e9mon\n|rule|OHKO Clause: OHKO moves are banned\n|rule|Evasion Moves Clause: Evasion moves are banned\n|rule|Endless Battle Clause: Forcing endless battles is banned\n|rule|HP Percentage Mod: HP is shown in percentages\n|rule|Dynamax Clause: You cannot dynamax\n|clearpoke\n|poke|p1|Slowking-Galar, F|\n|poke|p1|Victini|\n|poke|p1|Kartana|\n|poke|p1|Rillaboom, F|\n|poke|p1|Landorus-Therian, M|\n|poke|p1|Swampert, F|\n|poke|p2|Celesteela|\n|poke|p2|Kartana|\n|poke|p2|Blacephalon|\n|poke|p2|Buzzwole|\n|poke|p2|Stakataka|\n|poke|p2|Nihilego|\n|teampreview\n|inactive|Battle timer is ON: inactive players will automatically lose when time's up. (requested by Igotthegat)\n|inactive|HBbdhuash also wants the timer to be on.\n|\n|t:|1651062158\n|start\n|switch|p1a: Victini|Victini|100\/100\n|switch|p2a: Blacephalon|Blacephalon|100\/100\n|turn|1\n|\n|t:|1651062169\n|switch|p1a: Slowking|Slowking-Galar, F|100\/100\n|move|p2a: Blacephalon|Shadow Ball|p1a: Slowking\n|-supereffective|p1a: Slowking\n|-damage|p1a: Slowking|44\/100\n|-unboost|p1a: Slowking|spd|1\n|\n|upkeep\n|turn|2\n|\n|t:|1651062182\n|switch|p1a: Swampert|Swampert, F|100\/100\n|move|p2a: Blacephalon|Shadow Ball|p1a: Swampert\n|-damage|p1a: Swampert|56\/100\n|\n|-heal|p1a: Swampert|63\/100|[from] item: Leftovers\n|upkeep\n|turn|3\n|\n|t:|1651062193\n|move|p2a: Blacephalon|Shadow Ball|p1a: Swampert\n|-damage|p1a: Swampert|13\/100\n|move|p1a: Swampert|Flip Turn|p2a: Blacephalon\n|-supereffective|p2a: Blacephalon\n|-damage|p2a: Blacephalon|6\/100\n|\n|t:|1651062204\n|switch|p1a: Rillaboom|Rillaboom, F|100\/100|[from]move: Flip Turn\n|-fieldstart|move: Grassy Terrain|[from] ability: Grassy Surge|[of] p1a: Rillaboom\n|\n|-heal|p2a: Blacephalon|12\/100|[from] Grassy Terrain\n|upkeep\n|turn|4\n|\n|t:|1651062207\n|switch|p2a: Buzzwole|Buzzwole|100\/100\n|move|p1a: Rillaboom|Swords Dance|p1a: Rillaboom\n|-boost|p1a: Rillaboom|atk|2\n|\n|upkeep\n|turn|5\n|\n|t:|1651062218\n|switch|p1a: Landorus|Landorus-Therian, M|100\/100\n|-ability|p1a: Landorus|Intimidate|boost\n|-unboost|p2a: Buzzwole|atk|1\n|move|p2a: Buzzwole|Leech Life|p1a: Landorus\n|-resisted|p1a: Landorus\n|-crit|p1a: Landorus\n|-damage|p1a: Landorus|74\/100\n|\n|-heal|p1a: Landorus|80\/100|[from] item: Leftovers\n|upkeep\n|turn|6\n|\n|t:|1651062224\n|switch|p1a: Victini|Victini|100\/100\n|move|p2a: Buzzwole|Ice Punch|p1a: Victini\n|-resisted|p1a: Victini\n|-damage|p1a: Victini|92\/100\n|\n|-heal|p1a: Victini|98\/100|[from] Grassy Terrain\n|upkeep\n|turn|7\n|\n|t:|1651062239\n|switch|p2a: Nihilego|Nihilego|100\/100\n|move|p1a: Victini|V-create|p2a: Nihilego\n|-resisted|p2a: Nihilego\n|-damage|p2a: Nihilego|21\/100\n|-unboost|p1a: Victini|spe|1\n|-unboost|p1a: Victini|def|1\n|-unboost|p1a: Victini|spd|1\n|\n|-heal|p2a: Nihilego|28\/100|[from] Grassy Terrain\n|-heal|p2a: Nihilego|34\/100|[from] item: Leftovers\n|-heal|p1a: Victini|100\/100|[from] Grassy Terrain\n|-fieldend|move: Grassy Terrain\n|upkeep\n|turn|8\n|\n|t:|1651062247\n|switch|p1a: Swampert|Swampert, F|13\/100\n|move|p2a: Nihilego|Knock Off|p1a: Swampert\n|-damage|p1a: Swampert|1\/100\n|-enditem|p1a: Swampert|Leftovers|[from] move: Knock Off|[of] p2a: Nihilego\n|\n|-heal|p2a: Nihilego|40\/100|[from] item: Leftovers\n|upkeep\n|turn|9\n|\n|t:|1651062253\n|move|p2a: Nihilego|Knock Off|p1a: Swampert\n|-damage|p1a: Swampert|0 fnt\n|faint|p1a: Swampert\n|-ability|p2a: Nihilego|Beast Boost|boost\n|-boost|p2a: Nihilego|spd|1\n|\n|-heal|p2a: Nihilego|46\/100|[from] item: Leftovers\n|upkeep\n|\n|t:|1651062256\n|switch|p1a: Kartana|Kartana, shiny|100\/100\n|turn|10\n|\n|t:|1651062261\n|switch|p1a: Victini|Victini|100\/100\n|switch|p2a: Kartana|Kartana|100\/100\n|\n|upkeep\n|turn|11\n|\n|t:|1651062267\n|switch|p1a: Landorus|Landorus-Therian, M|80\/100\n|-ability|p1a: Landorus|Intimidate|boost\n|-unboost|p2a: Kartana|atk|1\n|move|p2a: Kartana|Knock Off|p1a: Landorus\n|-damage|p1a: Landorus|57\/100\n|-enditem|p1a: Landorus|Leftovers|[from] move: Knock Off|[of] p2a: Kartana\n|\n|upkeep\n|turn|12\n|\n|t:|1651062274\n|switch|p2a: Nihilego|Nihilego|46\/100\n|move|p1a: Landorus|U-turn|p2a: Nihilego\n|-resisted|p2a: Nihilego\n|-damage|p2a: Nihilego|29\/100\n|\n|t:|1651062283\n|switch|p1a: Kartana|Kartana, shiny|100\/100|[from]move: U-turn\n|\n|-heal|p2a: Nihilego|36\/100|[from] item: Leftovers\n|upkeep\n|turn|13\n|\n|t:|1651062287\n|switch|p2a: Blacephalon|Blacephalon|12\/100\n|move|p1a: Kartana|Knock Off|p2a: Blacephalon\n|-supereffective|p2a: Blacephalon\n|-damage|p2a: Blacephalon|0 fnt\n|-enditem|p2a: Blacephalon|Choice Specs|[from] move: Knock Off|[of] p1a: Kartana\n|faint|p2a: Blacephalon\n|-ability|p1a: Kartana|Beast Boost|boost\n|-boost|p1a: Kartana|atk|1\n|\n|upkeep\n|\n|t:|1651062291\n|switch|p2a: Buzzwole|Buzzwole|100\/100\n|turn|14\n|\n|t:|1651062296\n|switch|p1a: Slowking|Slowking-Galar, F|77\/100\n|move|p2a: Buzzwole|Ice Punch|p1a: Slowking\n|-damage|p1a: Slowking|50\/100\n|\n|upkeep\n|turn|15\n|\n|t:|1651062304\n|switch|p2a: Nihilego|Nihilego|36\/100\n|move|p1a: Slowking|Future Sight|p2a: Nihilego\n|-start|p1a: Slowking|move: Future Sight\n|\n|-heal|p2a: Nihilego|42\/100|[from] item: Leftovers\n|upkeep\n|turn|16\n|\n|t:|1651062313\n|move|p2a: Nihilego|Stealth Rock|p1a: Slowking\n|-sidestart|p1: Igotthegat|move: Stealth Rock\n|move|p1a: Slowking|Ice Beam|p2a: Nihilego\n|-damage|p2a: Nihilego|30\/100\n|\n|-heal|p2a: Nihilego|36\/100|[from] item: Leftovers\n|upkeep\n|turn|17\n|\n|t:|1651062315\n|move|p2a: Nihilego|Knock Off|p1a: Slowking\n|-supereffective|p1a: Slowking\n|-damage|p1a: Slowking|26\/100\n|-enditem|p1a: Slowking|Assault Vest|[from] move: Knock Off|[of] p2a: Nihilego\n|move|p1a: Slowking|Sludge Bomb|p2a: Nihilego\n|-resisted|p2a: Nihilego\n|-damage|p2a: Nihilego|31\/100\n|\n|-end|p2a: Nihilego|move: Future Sight\n|-supereffective|p2a: Nihilego\n|-damage|p2a: Nihilego|0 fnt\n|faint|p2a: Nihilego\n|upkeep\n|\n|t:|1651062320\n|switch|p2a: Kartana|Kartana|100\/100\n|turn|18\n|\n|t:|1651062326\n|move|p2a: Kartana|Leaf Blade|p1a: Slowking\n|-resisted|p1a: Slowking\n|-damage|p1a: Slowking|0 fnt\n|faint|p1a: Slowking\n|-ability|p2a: Kartana|Beast Boost|boost\n|-boost|p2a: Kartana|atk|1\n|\n|upkeep\n|\n|t:|1651062334\n|switch|p1a: Kartana|Kartana, shiny|100\/100\n|-damage|p1a: Kartana|94\/100|[from] Stealth Rock\n|turn|19\n|\n|t:|1651062336\n|switch|p1a: Victini|Victini|100\/100\n|-damage|p1a: Victini|76\/100|[from] Stealth Rock\n|switch|p2a: Buzzwole|Buzzwole|100\/100\n|\n|upkeep\n|turn|20\n|\n|t:|1651062341\n|switch|p2a: Stakataka|Stakataka|100\/100\n|move|p1a: Victini|V-create|p2a: Stakataka\n|-damage|p2a: Stakataka|29\/100\n|-unboost|p1a: Victini|spe|1\n|-unboost|p1a: Victini|def|1\n|-unboost|p1a: Victini|spd|1\n|\n|upkeep\n|turn|21\n|\n|t:|1651062345\n|move|p1a: Victini|V-create|p2a: Stakataka\n|-damage|p2a: Stakataka|0 fnt\n|-unboost|p1a: Victini|spe|1\n|-unboost|p1a: Victini|def|1\n|-unboost|p1a: Victini|spd|1\n|faint|p2a: Stakataka\n|\n|upkeep\n|\n|t:|1651062349\n|switch|p2a: Celesteela|Celesteela|100\/100\n|turn|22\n|\n|t:|1651062359\n|switch|p1a: Landorus|Landorus-Therian, M|57\/100\n|-damage|p1a: Landorus|44\/100|[from] Stealth Rock\n|-ability|p1a: Landorus|Intimidate|boost\n|-unboost|p2a: Celesteela|atk|1\n|move|p2a: Celesteela|Flamethrower|p1a: Landorus\n|-damage|p1a: Landorus|19\/100\n|\n|upkeep\n|turn|23\n|\n|t:|1651062376\n|move|p1a: Landorus|Defog|p2a: Celesteela\n|-unboost|p2a: Celesteela|evasion|1\n|-sideend|p1: Igotthegat|Stealth Rock|[from] move: Defog|[of] p1a: Landorus\n|move|p2a: Celesteela|Flamethrower|p1a: Landorus\n|-damage|p1a: Landorus|0 fnt\n|faint|p1a: Landorus\n|-ability|p2a: Celesteela|Beast Boost|boost\n|-boost|p2a: Celesteela|spd|1\n|\n|upkeep\n|\n|t:|1651062379\n|switch|p1a: Victini|Victini|76\/100\n|turn|24\n|\n|t:|1651062385\n|move|p2a: Celesteela|Protect|p2a: Celesteela\n|-singleturn|p2a: Celesteela|Protect\n|move|p1a: Victini|V-create|p2a: Celesteela\n|-activate|p2a: Celesteela|move: Protect\n|\n|upkeep\n|turn|25\n|\n|t:|1651062390\n|move|p1a: Victini|V-create|p2a: Celesteela\n|-supereffective|p2a: Celesteela\n|-damage|p2a: Celesteela|0 fnt\n|-unboost|p1a: Victini|spe|1\n|-unboost|p1a: Victini|def|1\n|-unboost|p1a: Victini|spd|1\n|faint|p2a: Celesteela\n|\n|upkeep\n|\n|t:|1651062392\n|switch|p2a: Kartana|Kartana|100\/100\n|turn|26\n|\n|t:|1651062404\n|switch|p1a: Rillaboom|Rillaboom, F|100\/100\n|-fieldstart|move: Grassy Terrain|[from] ability: Grassy Surge|[of] p1a: Rillaboom\n|move|p2a: Kartana|Knock Off|p1a: Rillaboom\n|-damage|p1a: Rillaboom|51\/100\n|-enditem|p1a: Rillaboom|Life Orb|[from] move: Knock Off|[of] p2a: Kartana\n|\n|-heal|p1a: Rillaboom|57\/100|[from] Grassy Terrain\n|upkeep\n|turn|27\n|\n|t:|1651062413\n|switch|p1a: Victini|Victini|76\/100\n|move|p2a: Kartana|Knock Off|p1a: Victini\n|-supereffective|p1a: Victini\n|-crit|p1a: Victini\n|-damage|p1a: Victini|0 fnt\n|-enditem|p1a: Victini|Choice Band|[from] move: Knock Off|[of] p2a: Kartana\n|faint|p1a: Victini\n|-ability|p2a: Kartana|Beast Boost|boost\n|-boost|p2a: Kartana|atk|1\n|\n|upkeep\n|\n|t:|1651062422\n|switch|p1a: Rillaboom|Rillaboom, F|57\/100\n|turn|28\n|\n|t:|1651062426\n|switch|p2a: Buzzwole|Buzzwole|100\/100\n|move|p1a: Rillaboom|Superpower|p2a: Buzzwole\n|-resisted|p2a: Buzzwole\n|-damage|p2a: Buzzwole|86\/100\n|-unboost|p1a: Rillaboom|atk|1\n|-unboost|p1a: Rillaboom|def|1\n|-damage|p1a: Rillaboom|41\/100|[from] item: Rocky Helmet|[of] p2a: Buzzwole\n|\n|-heal|p1a: Rillaboom|47\/100|[from] Grassy Terrain\n|-heal|p2a: Buzzwole|92\/100|[from] Grassy Terrain\n|upkeep\n|turn|29\n|\n|t:|1651062429\n|move|p1a: Rillaboom|Knock Off|p2a: Buzzwole\n|-resisted|p2a: Buzzwole\n|-damage|p2a: Buzzwole|84\/100\n|-damage|p1a: Rillaboom|30\/100|[from] item: Rocky Helmet|[of] p2a: Buzzwole\n|-enditem|p2a: Buzzwole|Rocky Helmet|[from] move: Knock Off|[of] p1a: Rillaboom\n|move|p2a: Buzzwole|Leech Life|p1a: Rillaboom\n|-supereffective|p1a: Rillaboom\n|-damage|p1a: Rillaboom|0 fnt\n|-heal|p2a: Buzzwole|97\/100|[from] drain|[of] p1a: Rillaboom\n|faint|p1a: Rillaboom\n|-ability|p2a: Buzzwole|Beast Boost|boost\n|-boost|p2a: Buzzwole|atk|1\n|\n|-heal|p2a: Buzzwole|100\/100|[from] Grassy Terrain\n|upkeep\n|\n|t:|1651062431\n|switch|p1a: Kartana|Kartana, shiny|94\/100\n|turn|30\n|\n|t:|1651062433\n|move|p1a: Kartana|Smart Strike|p2a: Buzzwole\n|-damage|p2a: Buzzwole|69\/100\n|move|p2a: Buzzwole|Close Combat|p1a: Kartana\n|-supereffective|p1a: Kartana\n|-damage|p1a: Kartana|0 fnt\n|-unboost|p2a: Buzzwole|def|1\n|-unboost|p2a: Buzzwole|spd|1\n|faint|p1a: Kartana\n|\n|win|HBbdhuash\n|raw|Igotthegat's rating: 1391 &rarr; <strong>1369<\/strong><br \/>(-22 for losing)\n|raw|HBbdhuash's rating: 1354 &rarr; <strong>1376<\/strong><br \/>(+22 for winning)\n|l|\u2606Igotthegat\n||Ladder isn't responding, score probably updated but might not have (Request timeout).\n","uploadtime":1651062443,"views":9,"p1id":"igotthegat","p2id":"hbbdhuash","formatid":"gen8ou","rating":1369,"private":0,"password":null}