{"id":"gen8ou-1540975373","p1":"Proud Bambi","p2":"Foolish Shogun","format":"gen8ou","log":"|j|\u2606Proud Bambi\n|j|\u2606Foolish Shogun\n|t:|1648513946\n|gametype|singles\n|player|p1|Proud Bambi|galacticgruntf|1532\n|player|p2|Foolish Shogun|ghetsis-gen5bw|1585\n|teamsize|p1|6\n|teamsize|p2|6\n|gen|8\n|tier|[Gen 8] OU\n|rated|\n|rule|Sleep Clause Mod: Limit one foe put to sleep\n|rule|Species Clause: Limit one of each Pok\u00e9mon\n|rule|OHKO Clause: OHKO moves are banned\n|rule|Evasion Moves Clause: Evasion moves are banned\n|rule|Endless Battle Clause: Forcing endless battles is banned\n|rule|HP Percentage Mod: HP is shown in percentages\n|rule|Dynamax Clause: You cannot dynamax\n|clearpoke\n|poke|p1|Melmetal|\n|poke|p1|Tornadus-Therian, M|\n|poke|p1|Nidoking, M|\n|poke|p1|Slowking, F|\n|poke|p1|Buzzwole|\n|poke|p1|Tyranitar, M|\n|poke|p2|Araquanid, M|\n|poke|p2|Nidoking, M|\n|poke|p2|Urshifu-*, M|\n|poke|p2|Zapdos-Galar|\n|poke|p2|Heatran, M|\n|poke|p2|Dragapult, F|\n|teampreview\n|inactive|Battle timer is ON: inactive players will automatically lose when time's up. (requested by Proud Bambi)\n|\n|t:|1648513964\n|start\n|switch|p1a: Tornadus|Tornadus-Therian, M|100\/100\n|switch|p2a: Dragapult|Dragapult, F|100\/100\n|turn|1\n|\n|t:|1648513974\n|move|p2a: Dragapult|U-turn|p1a: Tornadus\n|-resisted|p1a: Tornadus\n|-damage|p1a: Tornadus|91\/100\n|\n|t:|1648513980\n|switch|p2a: Heatran|Heatran, M|100\/100|[from]move: U-turn\n|move|p1a: Tornadus|Knock Off|p2a: Heatran\n|-damage|p2a: Heatran|84\/100\n|-enditem|p2a: Heatran|Leftovers|[from] move: Knock Off|[of] p1a: Tornadus\n|\n|upkeep\n|turn|2\n|\n|t:|1648513984\n|move|p1a: Tornadus|U-turn|p2a: Heatran\n|-resisted|p2a: Heatran\n|-damage|p2a: Heatran|82\/100\n|\n|t:|1648513988\n|switch|p1a: Tyranitar|Tyranitar, M|100\/100|[from]move: U-turn\n|-weather|Sandstorm|[from] ability: Sand Stream|[of] p1a: Tyranitar\n|move|p2a: Heatran|Stealth Rock|p1a: Tyranitar\n|-sidestart|p1: Proud Bambi|move: Stealth Rock\n|\n|-weather|Sandstorm|[upkeep]\n|upkeep\n|turn|3\n|\n|t:|1648513993\n|switch|p2a: Urshifu|Urshifu-Rapid-Strike, M|100\/100\n|move|p1a: Tyranitar|Stealth Rock|p2a: Urshifu\n|-sidestart|p2: Foolish Shogun|move: Stealth Rock\n|\n|-weather|Sandstorm|[upkeep]\n|-damage|p2a: Urshifu|94\/100|[from] Sandstorm\n|upkeep\n|turn|4\n|\n|t:|1648514001\n|switch|p1a: Tornadus|Tornadus-Therian, M|100\/100\n|move|p2a: Urshifu|U-turn|p1a: Tornadus\n|-resisted|p1a: Tornadus\n|-damage|p1a: Tornadus|81\/100\n|\n|t:|1648514008\n|switch|p2a: Dragapult|Dragapult, F|100\/100|[from]move: U-turn\n|-damage|p2a: Dragapult|88\/100|[from] Stealth Rock\n|\n|-weather|Sandstorm|[upkeep]\n|-damage|p2a: Dragapult|82\/100|[from] Sandstorm\n|-damage|p1a: Tornadus|75\/100|[from] Sandstorm\n|upkeep\n|turn|5\n|\n|t:|1648514019\n|switch|p1a: Tyranitar|Tyranitar, M|100\/100\n|-damage|p1a: Tyranitar|88\/100|[from] Stealth Rock\n|move|p2a: Dragapult|Draco Meteor|p1a: Tyranitar\n|-damage|p1a: Tyranitar|50\/100\n|-unboost|p2a: Dragapult|spa|2\n|\n|-weather|Sandstorm|[upkeep]\n|-damage|p2a: Dragapult|76\/100|[from] Sandstorm\n|-heal|p1a: Tyranitar|56\/100|[from] item: Leftovers\n|upkeep\n|turn|6\n|j| DarkKazam\n|\n|t:|1648514034\n|switch|p2a: Urshifu|Urshifu-Rapid-Strike, M|94\/100\n|-damage|p2a: Urshifu|88\/100|[from] Stealth Rock\n|move|p1a: Tyranitar|Thunder Wave|p2a: Urshifu\n|-status|p2a: Urshifu|par\n|\n|-weather|none\n|-heal|p1a: Tyranitar|63\/100|[from] item: Leftovers\n|upkeep\n|turn|7\n|l| DarkKazam\n|\n|t:|1648514042\n|switch|p1a: Buzzwole|Buzzwole|100\/100\n|move|p2a: Urshifu|U-turn|p1a: Buzzwole\n|-resisted|p1a: Buzzwole\n|-damage|p1a: Buzzwole|91\/100\n|\n|t:|1648514046\n|switch|p2a: Nidoking|Nidoking, M|100\/100|[from]move: U-turn\n|-damage|p2a: Nidoking|95\/100|[from] Stealth Rock\n|\n|upkeep\n|turn|8\n|\n|t:|1648514051\n|switch|p1a: Tornadus|Tornadus-Therian, M|100\/100\n|move|p2a: Nidoking|Flamethrower|p1a: Tornadus\n|-damage|p1a: Tornadus|61\/100\n|\n|upkeep\n|turn|9\n|\n|t:|1648514057\n|move|p1a: Tornadus|U-turn|p2a: Nidoking\n|-resisted|p2a: Nidoking\n|-damage|p2a: Nidoking|85\/100\n|\n|t:|1648514059\n|switch|p1a: Slowking|Slowking, F|100\/100|[from]move: U-turn\n|move|p2a: Nidoking|Sludge Wave|p1a: Slowking\n|-damage|p1a: Slowking|66\/100\n|\n|upkeep\n|turn|10\n|\n|t:|1648514067\n|switch|p2a: Araquanid|Araquanid, M|100\/100\n|-damage|p2a: Araquanid|76\/100|[from] Stealth Rock\n|move|p1a: Slowking|Teleport|p1a: Slowking\n|\n|t:|1648514072\n|switch|p1a: Melmetal|Melmetal|100\/100|[from]move: Teleport\n|-damage|p1a: Melmetal|94\/100|[from] Stealth Rock\n|\n|upkeep\n|turn|11\n|\n|t:|1648514074\n|move|p2a: Araquanid|Liquidation|p1a: Melmetal\n|-damage|p1a: Melmetal|42\/100\n|move|p1a: Melmetal|Double Iron Bash|p2a: Araquanid\n|-resisted|p2a: Araquanid\n|-crit|p2a: Araquanid\n|-damage|p2a: Araquanid|15\/100\n|-resisted|p2a: Araquanid\n|-damage|p2a: Araquanid|0 fnt\n|faint|p2a: Araquanid\n|-hitcount|p2: Araquanid|2\n|\n|upkeep\n|\n|t:|1648514092\n|switch|p2a: Heatran|Heatran, M|82\/100\n|-damage|p2a: Heatran|69\/100|[from] Stealth Rock\n|turn|12\n|\n|t:|1648514099\n|switch|p1a: Slowking|Slowking, F|99\/100\n|move|p2a: Heatran|Magma Storm|p1a: Slowking|[miss]\n|-miss|p2a: Heatran|p1a: Slowking\n|\n|upkeep\n|turn|13\n|\n|t:|1648514107\n|move|p2a: Heatran|Taunt|p1a: Slowking\n|-start|p1a: Slowking|move: Taunt\n|cant|p1a: Slowking|move: Taunt|Teleport\n|\n|upkeep\n|turn|14\n|\n|t:|1648514117\n|switch|p2a: Dragapult|Dragapult, F|76\/100\n|-damage|p2a: Dragapult|64\/100|[from] Stealth Rock\n|move|p1a: Slowking|Scald|p2a: Dragapult\n|-resisted|p2a: Dragapult\n|-damage|p2a: Dragapult|47\/100\n|\n|upkeep\n|turn|15\n|\n|t:|1648514126\n|switch|p1a: Tornadus|Tornadus-Therian, M|94\/100\n|move|p2a: Dragapult|Draco Meteor|p1a: Tornadus\n|-crit|p1a: Tornadus\n|-damage|p1a: Tornadus|0 fnt\n|-unboost|p2a: Dragapult|spa|2\n|faint|p1a: Tornadus\n|\n|upkeep\n|\n|t:|1648514132\n|switch|p1a: Nidoking|Nidoking, M|100\/100\n|-damage|p1a: Nidoking|95\/100|[from] Stealth Rock\n|turn|16\n|\n|t:|1648514141\n|switch|p2a: Heatran|Heatran, M|69\/100\n|-damage|p2a: Heatran|57\/100|[from] Stealth Rock\n|move|p1a: Nidoking|Ice Beam|p2a: Heatran\n|-resisted|p2a: Heatran\n|-damage|p2a: Heatran|50\/100\n|\n|upkeep\n|turn|17\n|\n|t:|1648514147\n|move|p1a: Nidoking|Earth Power|p2a: Heatran\n|-supereffective|p2a: Heatran\n|-damage|p2a: Heatran|0 fnt\n|faint|p2a: Heatran\n|\n|upkeep\n|\n|t:|1648514154\n|switch|p2a: Dragapult|Dragapult, F|47\/100\n|-damage|p2a: Dragapult|35\/100|[from] Stealth Rock\n|turn|18\n|\n|t:|1648514160\n|switch|p1a: Slowking|Slowking, F|100\/100\n|move|p2a: Dragapult|Draco Meteor|p1a: Slowking\n|-damage|p1a: Slowking|45\/100\n|-unboost|p2a: Dragapult|spa|2\n|\n|upkeep\n|turn|19\n|\n|t:|1648514179\n|switch|p2a: Nidoking|Nidoking, M|85\/100\n|-damage|p2a: Nidoking|79\/100|[from] Stealth Rock\n|move|p1a: Slowking|Scald|p2a: Nidoking\n|-supereffective|p2a: Nidoking\n|-damage|p2a: Nidoking|0 fnt\n|faint|p2a: Nidoking\n|\n|upkeep\n|\n|t:|1648514184\n|switch|p2a: Urshifu|Urshifu-Rapid-Strike, M|88\/100 par\n|-damage|p2a: Urshifu|82\/100 par|[from] Stealth Rock\n|turn|20\n|\n|t:|1648514192\n|switch|p1a: Melmetal|Melmetal|42\/100\n|-damage|p1a: Melmetal|36\/100|[from] Stealth Rock\n|move|p2a: Urshifu|U-turn|p1a: Melmetal\n|-resisted|p1a: Melmetal\n|-damage|p1a: Melmetal|26\/100\n|\n|t:|1648514195\n|switch|p2a: Zapdos|Zapdos-Galar|100\/100|[from]move: U-turn\n|-damage|p2a: Zapdos|88\/100|[from] Stealth Rock\n|\n|upkeep\n|turn|21\n|\n|t:|1648514200\n|move|p2a: Zapdos|Close Combat|p1a: Melmetal\n|-supereffective|p1a: Melmetal\n|-damage|p1a: Melmetal|0 fnt\n|-unboost|p2a: Zapdos|def|1\n|-unboost|p2a: Zapdos|spd|1\n|faint|p1a: Melmetal\n|\n|upkeep\n|\n|t:|1648514203\n|switch|p1a: Nidoking|Nidoking, M|95\/100\n|-damage|p1a: Nidoking|89\/100|[from] Stealth Rock\n|turn|22\n|\n|t:|1648514209\n|switch|p2a: Urshifu|Urshifu-Rapid-Strike, M|82\/100 par\n|-damage|p2a: Urshifu|76\/100 par|[from] Stealth Rock\n|move|p1a: Nidoking|Sludge Wave|p2a: Urshifu\n|-damage|p2a: Urshifu|0 fnt\n|faint|p2a: Urshifu\n|\n|upkeep\n|\n|t:|1648514216\n|switch|p2a: Dragapult|Dragapult, F|35\/100\n|-damage|p2a: Dragapult|22\/100|[from] Stealth Rock\n|turn|23\n|\n|t:|1648514222\n|switch|p1a: Tyranitar|Tyranitar, M|63\/100\n|-damage|p1a: Tyranitar|50\/100|[from] Stealth Rock\n|-weather|Sandstorm|[from] ability: Sand Stream|[of] p1a: Tyranitar\n|move|p2a: Dragapult|Shadow Ball|p1a: Tyranitar\n|-resisted|p1a: Tyranitar\n|-damage|p1a: Tyranitar|38\/100\n|-unboost|p1a: Tyranitar|spd|1\n|\n|-weather|Sandstorm|[upkeep]\n|-damage|p2a: Dragapult|16\/100|[from] Sandstorm\n|-heal|p1a: Tyranitar|44\/100|[from] item: Leftovers\n|upkeep\n|turn|24\n|\n|t:|1648514229\n|move|p2a: Dragapult|Shadow Ball|p1a: Tyranitar\n|-resisted|p1a: Tyranitar\n|-damage|p1a: Tyranitar|28\/100\n|move|p1a: Tyranitar|Rock Blast|p2a: Dragapult\n|-damage|p2a: Dragapult|0 fnt\n|faint|p2a: Dragapult\n|-hitcount|p2: Dragapult|1\n|\n|-weather|Sandstorm|[upkeep]\n|-heal|p1a: Tyranitar|34\/100|[from] item: Leftovers\n|upkeep\n|\n|t:|1648514233\n|switch|p2a: Zapdos|Zapdos-Galar|88\/100\n|-damage|p2a: Zapdos|76\/100|[from] Stealth Rock\n|turn|25\n|\n|t:|1648514235\n|move|p2a: Zapdos|Brave Bird|p1a: Tyranitar\n|-resisted|p1a: Tyranitar\n|-damage|p1a: Tyranitar|10\/100\n|-damage|p2a: Zapdos|66\/100|[from] Recoil\n|move|p1a: Tyranitar|Rock Blast|p2a: Zapdos\n|-damage|p2a: Zapdos|53\/100\n|-damage|p2a: Zapdos|39\/100\n|-hitcount|p2a: Zapdos|2\n|\n|-weather|Sandstorm|[upkeep]\n|-damage|p2a: Zapdos|32\/100|[from] Sandstorm\n|-heal|p1a: Tyranitar|17\/100|[from] item: Leftovers\n|upkeep\n|turn|26\n|\n|t:|1648514238\n|move|p2a: Zapdos|Brave Bird|p1a: Tyranitar\n|-resisted|p1a: Tyranitar\n|-damage|p1a: Tyranitar|0 fnt\n|faint|p1a: Tyranitar\n|-damage|p2a: Zapdos|26\/100|[from] Recoil\n|\n|-weather|Sandstorm|[upkeep]\n|-damage|p2a: Zapdos|20\/100|[from] Sandstorm\n|upkeep\n|\n|t:|1648514241\n|switch|p1a: Buzzwole|Buzzwole|91\/100\n|turn|27\n|\n|t:|1648514242\n|move|p2a: Zapdos|Brave Bird|p1a: Buzzwole\n|-supereffective|p1a: Buzzwole\n|-damage|p1a: Buzzwole|0 fnt\n|faint|p1a: Buzzwole\n|-damage|p2a: Zapdos|0 fnt|[from] Recoil\n|faint|p2a: Zapdos\n|\n|win|Proud Bambi\n|raw|Proud Bambi's rating: 1553 &rarr; <strong>1575<\/strong><br \/>(+22 for winning)\n|raw|Foolish Shogun's rating: 1585 &rarr; <strong>1563<\/strong><br \/>(-22 for losing)\n|l|\u2606Foolish Shogun\n","uploadtime":1648514247,"views":20,"p1id":"proudbambi","p2id":"foolishshogun","formatid":"gen8ou","rating":1563,"private":0,"password":null}