{"id":"gen8bdspnu-1508991756","p1":"The Goomy","p2":"Ill Leave","format":"gen8bdspnu","log":"|j|\u2606The Goomy\n|j|\u2606Ill Leave\n|inactive|Battle timer is ON: inactive players will automatically lose when time's up.\n|t:|1644606386\n|gametype|singles\n|player|p1|The Goomy|preschooler|\n|player|p2|Ill Leave|janine|\n|teamsize|p1|6\n|teamsize|p2|6\n|gen|8\n|tier|[Gen 8 BDSP] NU\n|rated|Tournament battle\n|rule|Sleep Clause Mod: Limit one foe put to sleep\n|rule|Species Clause: Limit one of each Pok\u00e9mon\n|rule|OHKO Clause: OHKO moves are banned\n|rule|Evasion Moves Clause: Evasion moves are banned\n|rule|Endless Battle Clause: Forcing endless battles is banned\n|rule|HP Percentage Mod: HP is shown in percentages\n|clearpoke\n|poke|p1|Regigigas|\n|poke|p1|Weezing, M|\n|poke|p1|Bibarel, M|\n|poke|p1|Sandslash, F|\n|poke|p1|Rotom-Frost|\n|poke|p1|Dusknoir, F|\n|poke|p2|Smeargle, F|\n|poke|p2|Ursaring, M|\n|poke|p2|Zangoose, M|\n|poke|p2|Tauros, M|\n|poke|p2|Kangaskhan, F|\n|poke|p2|Weezing, F|\n|teampreview\n|c|\u2606Ill Leave|srry\n|c|\u2606Ill Leave|big fan hf\n|j| White Gehenna\n|inactive|Ill Leave has 120 seconds left.\n|\n|t:|1644606417\n|start\n|switch|p1a: Rotom|Rotom-Frost|100\/100\n|switch|p2a: Ursaring|Ursaring, M|100\/100\n|turn|1\n|\n|t:|1644606425\n|move|p1a: Rotom|Trick|p2a: Ursaring\n|-activate|p1a: Rotom|move: Trick|[of] p2a: Ursaring\n|-item|p2a: Ursaring|Sticky Barb|[from] move: Trick\n|-item|p1a: Rotom|Flame Orb|[from] move: Trick\n|move|p2a: Ursaring|Facade|p1a: Rotom\n|-damage|p1a: Rotom|59\/100\n|\n|-status|p1a: Rotom|brn|[from] item: Flame Orb\n|-damage|p2a: Ursaring|88\/100|[from] item: Sticky Barb\n|upkeep\n|turn|2\n|\n|t:|1644606433\n|move|p1a: Rotom|Volt Switch|p2a: Ursaring\n|-damage|p2a: Ursaring|52\/100\n|j| mike-r11\n|\n|t:|1644606436\n|switch|p1a: Weezing|Weezing, M|100\/100|[from]move: Volt Switch\n|move|p2a: Ursaring|Close Combat|p1a: Weezing\n|-resisted|p1a: Weezing\n|-damage|p1a: Weezing|88\/100\n|-unboost|p2a: Ursaring|def|1\n|-unboost|p2a: Ursaring|spd|1\n|\n|-heal|p1a: Weezing|94\/100|[from] item: Black Sludge\n|-damage|p2a: Ursaring|39\/100|[from] item: Sticky Barb\n|upkeep\n|turn|3\n|\n|t:|1644606442\n|switch|p2a: Smeargle|Smeargle, F|100\/100\n|move|p1a: Weezing|Toxic Spikes|p2a: Smeargle\n|-sidestart|p2: Ill Leave|move: Toxic Spikes\n|\n|-heal|p1a: Weezing|99\/100|[from] item: Black Sludge\n|upkeep\n|turn|4\n|\n|t:|1644606465\n|switch|p1a: Regigigas|Regigigas|100\/100\n|-start|p1a: Regigigas|ability: Slow Start\n|move|p2a: Smeargle|Spore|p1a: Regigigas\n|-status|p1a: Regigigas|slp|[from] move: Spore\n|\n|upkeep\n|turn|5\n|\n|t:|1644606471\n|move|p2a: Smeargle|Toxic Spikes|p1a: Regigigas\n|-sidestart|p1: The Goomy|move: Toxic Spikes\n|cant|p1a: Regigigas|slp\n|\n|upkeep\n|turn|6\n|\n|t:|1644606476\n|move|p2a: Smeargle|Rapid Spin|p1a: Regigigas\n|-damage|p1a: Regigigas|96\/100 slp\n|-boost|p2a: Smeargle|spe|1\n|-sideend|p2: Ill Leave|Toxic Spikes|[from] move: Rapid Spin|[of] p2a: Smeargle\n|-curestatus|p1a: Regigigas|slp|[msg]\n|move|p1a: Regigigas|Substitute|p1a: Regigigas\n|-start|p1a: Regigigas|Substitute\n|-damage|p1a: Regigigas|71\/100\n|\n|-heal|p1a: Regigigas|77\/100|[from] item: Leftovers\n|upkeep\n|turn|7\n|\n|t:|1644606482\n|switch|p2a: Ursaring|Ursaring, M|39\/100\n|move|p1a: Regigigas|Knock Off|p2a: Ursaring\n|-damage|p2a: Ursaring|16\/100\n|-enditem|p2a: Ursaring|Sticky Barb|[from] move: Knock Off|[of] p1a: Regigigas\n|\n|-heal|p1a: Regigigas|83\/100|[from] item: Leftovers\n|upkeep\n|turn|8\n|j| hipsterpotas\n|\n|t:|1644606487\n|move|p1a: Regigigas|Protect|p1a: Regigigas\n|-singleturn|p1a: Regigigas|Protect\n|move|p2a: Ursaring|Close Combat|p1a: Regigigas\n|-activate|p1a: Regigigas|move: Protect\n|\n|-heal|p1a: Regigigas|90\/100|[from] item: Leftovers\n|-end|p1a: Regigigas|Slow Start\n|upkeep\n|turn|9\n|\n|t:|1644606492\n|move|p1a: Regigigas|Earthquake|p2a: Ursaring\n|-damage|p2a: Ursaring|0 fnt\n|faint|p2a: Ursaring\n|\n|-heal|p1a: Regigigas|96\/100|[from] item: Leftovers\n|upkeep\n|\n|t:|1644606501\n|switch|p2a: Kangaskhan|Kangaskhan, F|100\/100\n|turn|10\n|\n|t:|1644606509\n|move|p2a: Kangaskhan|Drain Punch|p1a: Regigigas\n|-supereffective|p1a: Regigigas\n|-end|p1a: Regigigas|Substitute\n|move|p1a: Regigigas|Knock Off|p2a: Kangaskhan\n|-damage|p2a: Kangaskhan|59\/100\n|-enditem|p2a: Kangaskhan|Silk Scarf|[from] move: Knock Off|[of] p1a: Regigigas\n|\n|-heal|p1a: Regigigas|100\/100|[from] item: Leftovers\n|upkeep\n|turn|11\n|\n|t:|1644606520\n|-end|p1a: Regigigas|Slow Start|[silent]\n|switch|p1a: Weezing|Weezing, M|99\/100\n|move|p2a: Kangaskhan|Double-Edge|p1a: Weezing\n|-damage|p1a: Weezing|65\/100\n|-damage|p2a: Kangaskhan|48\/100|[from] Recoil\n|\n|-heal|p1a: Weezing|71\/100|[from] item: Black Sludge\n|upkeep\n|turn|12\n|\n|t:|1644606531\n|switch|p2a: Smeargle|Smeargle, F|100\/100\n|move|p1a: Weezing|Toxic Spikes|p2a: Smeargle\n|-sidestart|p2: Ill Leave|move: Toxic Spikes\n|\n|-heal|p1a: Weezing|77\/100|[from] item: Black Sludge\n|upkeep\n|turn|13\n|\n|t:|1644606536\n|move|p2a: Smeargle|Sticky Web|p1a: Weezing\n|-sidestart|p1: The Goomy|move: Sticky Web\n|move|p1a: Weezing|Sludge Bomb|p2a: Smeargle\n|-damage|p2a: Smeargle|48\/100\n|\n|-heal|p1a: Weezing|83\/100|[from] item: Black Sludge\n|upkeep\n|turn|14\n|\n|t:|1644606543\n|switch|p1a: Dusknoir|Dusknoir, F|100\/100\n|-activate|p1a: Dusknoir|move: Sticky Web\n|-unboost|p1a: Dusknoir|spe|1\n|-status|p1a: Dusknoir|psn\n|-item|p2a: Smeargle|Focus Sash|[from] ability: Frisk|[of] p1a: Dusknoir|[identify]\n|move|p2a: Smeargle|Rapid Spin|p1a: Dusknoir\n|-immune|p1a: Dusknoir\n|\n|-damage|p1a: Dusknoir|88\/100 psn|[from] psn\n|upkeep\n|turn|15\n|\n|t:|1644606556\n|switch|p1a: Sandslash|Sandslash, F|100\/100\n|-activate|p1a: Sandslash|move: Sticky Web\n|-unboost|p1a: Sandslash|spe|1\n|-status|p1a: Sandslash|psn\n|move|p2a: Smeargle|Toxic Spikes|p1a: Sandslash\n|-sidestart|p1: The Goomy|move: Toxic Spikes\n|\n|-damage|p1a: Sandslash|88\/100 psn|[from] psn\n|upkeep\n|turn|16\n|\n|t:|1644606574\n|move|p2a: Smeargle|Rapid Spin|p1a: Sandslash\n|-damage|p1a: Sandslash|84\/100 psn\n|-boost|p2a: Smeargle|spe|1\n|-sideend|p2: Ill Leave|Toxic Spikes|[from] move: Rapid Spin|[of] p2a: Smeargle\n|move|p1a: Sandslash|Rapid Spin|p2a: Smeargle\n|-damage|p2a: Smeargle|21\/100\n|-boost|p1a: Sandslash|spe|1\n|-sideend|p1: The Goomy|Toxic Spikes|[from] move: Rapid Spin|[of] p1a: Sandslash\n|-sideend|p1: The Goomy|Sticky Web|[from] move: Rapid Spin|[of] p1a: Sandslash\n|\n|-heal|p1a: Sandslash|91\/100 psn|[from] item: Leftovers\n|-damage|p1a: Sandslash|78\/100 psn|[from] psn\n|upkeep\n|turn|17\n|j| demirab1\n|\n|t:|1644606581\n|move|p2a: Smeargle|Toxic Spikes|p1a: Sandslash\n|-sidestart|p1: The Goomy|move: Toxic Spikes\n|move|p1a: Sandslash|Rapid Spin|p2a: Smeargle\n|-damage|p2a: Smeargle|0 fnt\n|-boost|p1a: Sandslash|spe|1\n|-sideend|p1: The Goomy|Toxic Spikes|[from] move: Rapid Spin|[of] p1a: Sandslash\n|faint|p2a: Smeargle\n|\n|-heal|p1a: Sandslash|84\/100 psn|[from] item: Leftovers\n|-damage|p1a: Sandslash|72\/100 psn|[from] psn\n|upkeep\n|\n|t:|1644606591\n|switch|p2a: Kangaskhan|Kangaskhan, F|48\/100\n|turn|18\n|\n|t:|1644606600\n|move|p2a: Kangaskhan|Fake Out|p1a: Sandslash\n|-damage|p1a: Sandslash|60\/100 psn\n|cant|p1a: Sandslash|flinch\n|\n|-heal|p1a: Sandslash|66\/100 psn|[from] item: Leftovers\n|-damage|p1a: Sandslash|54\/100 psn|[from] psn\n|upkeep\n|turn|19\n|\n|t:|1644606607\n|move|p2a: Kangaskhan|Double-Edge|p1a: Sandslash\n|-damage|p1a: Sandslash|21\/100 psn\n|-damage|p2a: Kangaskhan|36\/100|[from] Recoil\n|move|p1a: Sandslash|Earthquake|p2a: Kangaskhan\n|-damage|p2a: Kangaskhan|0 fnt\n|faint|p2a: Kangaskhan\n|\n|-heal|p1a: Sandslash|27\/100 psn|[from] item: Leftovers\n|-damage|p1a: Sandslash|14\/100 psn|[from] psn\n|upkeep\n|\n|t:|1644606613\n|switch|p2a: Zangoose|Zangoose, M|100\/100\n|turn|20\n|\n|t:|1644606618\n|move|p2a: Zangoose|Facade|p1a: Sandslash\n|-damage|p1a: Sandslash|0 fnt\n|faint|p1a: Sandslash\n|\n|-status|p2a: Zangoose|tox|[from] item: Toxic Orb\n|upkeep\n|\n|t:|1644606624\n|switch|p1a: Weezing|Weezing, M|83\/100\n|turn|21\n|\n|t:|1644606627\n|move|p2a: Zangoose|Facade|p1a: Weezing\n|-damage|p1a: Weezing|12\/100\n|move|p1a: Weezing|Sludge Bomb|p2a: Zangoose\n|-damage|p2a: Zangoose|52\/100 tox\n|\n|-heal|p1a: Weezing|18\/100|[from] item: Black Sludge\n|-damage|p2a: Zangoose|46\/100 tox|[from] psn\n|upkeep\n|turn|22\n|\n|t:|1644606638\n|switch|p1a: Regigigas|Regigigas|100\/100\n|-start|p1a: Regigigas|ability: Slow Start\n|move|p2a: Zangoose|Shadow Claw|p1a: Regigigas\n|-immune|p1a: Regigigas\n|\n|-damage|p2a: Zangoose|34\/100 tox|[from] psn\n|upkeep\n|turn|23\n|\n|t:|1644606644\n|-end|p1a: Regigigas|Slow Start|[silent]\n|switch|p1a: Bibarel|Bibarel, M|100\/100\n|move|p2a: Zangoose|Close Combat|p1a: Bibarel\n|-supereffective|p1a: Bibarel\n|-damage|p1a: Bibarel|0 fnt\n|-unboost|p2a: Zangoose|def|1\n|-unboost|p2a: Zangoose|spd|1\n|faint|p1a: Bibarel\n|\n|-damage|p2a: Zangoose|17\/100 tox|[from] psn\n|upkeep\n|\n|t:|1644606657\n|switch|p1a: Weezing|Weezing, M|18\/100\n|turn|24\n|\n|t:|1644606662\n|switch|p2a: Tauros|Tauros, M|100\/100\n|move|p1a: Weezing|Toxic Spikes|p2a: Tauros\n|-sidestart|p2: Ill Leave|move: Toxic Spikes\n|\n|-heal|p1a: Weezing|24\/100|[from] item: Black Sludge\n|upkeep\n|turn|25\n|\n|t:|1644606667\n|move|p2a: Tauros|Rock Climb|p1a: Weezing\n|-damage|p1a: Weezing|0 fnt\n|faint|p1a: Weezing\n|\n|upkeep\n|\n|t:|1644606673\n|switch|p1a: Dusknoir|Dusknoir, F|88\/100 psn\n|-item|p2a: Tauros|Life Orb|[from] ability: Frisk|[of] p1a: Dusknoir|[identify]\n|turn|26\n|\n|t:|1644606681\n|switch|p2a: Weezing|Weezing, F|100\/100\n|-ability|p2a: Weezing|Neutralizing Gas\n|-sideend|p2: Ill Leave|move: Toxic Spikes|[of] p2a: Weezing\n|move|p1a: Dusknoir|Rest|p1a: Dusknoir\n|-status|p1a: Dusknoir|slp|[from] move: Rest\n|-heal|p1a: Dusknoir|100\/100 slp|[silent]\n|\n|upkeep\n|turn|27\n|\n|t:|1644606689\n|-end|p2a: Weezing|ability: Neutralizing Gas\n|-item|p2a: Weezing|Black Sludge|[from] ability: Frisk|[of] p1a: Dusknoir|[identify]\n|switch|p2a: Zangoose|Zangoose, M|17\/100 tox\n|switch|p1a: Rotom|Rotom-Frost|59\/100 brn\n|\n|-damage|p2a: Zangoose|11\/100 tox|[from] psn\n|-damage|p1a: Rotom|53\/100 brn|[from] brn\n|upkeep\n|turn|28\n|j|%Toy Time King\n|\n|t:|1644606697\n|switch|p1a: Dusknoir|Dusknoir, F|100\/100 slp\n|-item|p2a: Zangoose|Toxic Orb|[from] ability: Frisk|[of] p1a: Dusknoir|[identify]\n|move|p2a: Zangoose|Shadow Claw|p1a: Dusknoir\n|-supereffective|p1a: Dusknoir\n|-damage|p1a: Dusknoir|51\/100 slp\n|\n|-heal|p1a: Dusknoir|57\/100 slp|[from] item: Leftovers\n|-damage|p2a: Zangoose|0 fnt|[from] psn\n|faint|p2a: Zangoose\n|upkeep\n|\n|t:|1644606702\n|switch|p2a: Tauros|Tauros, M|100\/100\n|turn|29\n|\n|t:|1644606713\n|move|p2a: Tauros|Earthquake|p1a: Dusknoir\n|-damage|p1a: Dusknoir|33\/100 slp\n|-damage|p2a: Tauros|91\/100|[from] item: Life Orb\n|cant|p1a: Dusknoir|slp\n|\n|-heal|p1a: Dusknoir|39\/100 slp|[from] item: Leftovers\n|upkeep\n|turn|30\n|\n|t:|1644606722\n|switch|p1a: Rotom|Rotom-Frost|53\/100 brn\n|move|p2a: Tauros|Earthquake|p1a: Rotom\n|-immune|p1a: Rotom|[from] ability: Levitate\n|\n|-damage|p1a: Rotom|47\/100 brn|[from] brn\n|upkeep\n|turn|31\n|\n|t:|1644606729\n|move|p2a: Tauros|Rock Slide|p1a: Rotom\n|-supereffective|p1a: Rotom\n|-damage|p1a: Rotom|0 fnt\n|faint|p1a: Rotom\n|\n|upkeep\n|\n|t:|1644606731\n|switch|p1a: Regigigas|Regigigas|100\/100\n|-start|p1a: Regigigas|ability: Slow Start\n|turn|32\n|\n|t:|1644606737\n|move|p2a: Tauros|Rock Climb|p1a: Regigigas|[miss]\n|-miss|p2a: Tauros|p1a: Regigigas\n|move|p1a: Regigigas|Substitute|p1a: Regigigas\n|-start|p1a: Regigigas|Substitute\n|-damage|p1a: Regigigas|76\/100\n|\n|-heal|p1a: Regigigas|82\/100|[from] item: Leftovers\n|upkeep\n|turn|33\n|\n|t:|1644606740\n|move|p2a: Tauros|Rock Climb|p1a: Regigigas|[miss]\n|-miss|p2a: Tauros|p1a: Regigigas\n|move|p1a: Regigigas|Knock Off|p2a: Tauros\n|-damage|p2a: Tauros|68\/100\n|-enditem|p2a: Tauros|Life Orb|[from] move: Knock Off|[of] p1a: Regigigas\n|\n|-heal|p1a: Regigigas|88\/100|[from] item: Leftovers\n|upkeep\n|turn|34\n|\n|t:|1644606747\n|move|p1a: Regigigas|Protect|p1a: Regigigas\n|-singleturn|p1a: Regigigas|Protect\n|move|p2a: Tauros|Rock Climb|p1a: Regigigas\n|-activate|p1a: Regigigas|move: Protect\n|\n|-heal|p1a: Regigigas|94\/100|[from] item: Leftovers\n|upkeep\n|turn|35\n|l|%Toy Time King\n|\n|t:|1644606751\n|move|p2a: Tauros|Rock Climb|p1a: Regigigas\n|-end|p1a: Regigigas|Substitute\n|move|p1a: Regigigas|Earthquake|p2a: Tauros\n|-damage|p2a: Tauros|46\/100\n|\n|-heal|p1a: Regigigas|99\/100|[from] item: Leftovers\n|upkeep\n|turn|36\n|\n|t:|1644606756\n|move|p2a: Tauros|Rock Climb|p1a: Regigigas\n|-damage|p1a: Regigigas|61\/100\n|move|p1a: Regigigas|Substitute|p1a: Regigigas\n|-start|p1a: Regigigas|Substitute\n|-damage|p1a: Regigigas|36\/100\n|\n|-heal|p1a: Regigigas|42\/100|[from] item: Leftovers\n|-end|p1a: Regigigas|Slow Start\n|upkeep\n|turn|37\n|\n|t:|1644606766\n|move|p1a: Regigigas|Protect|p1a: Regigigas\n|-singleturn|p1a: Regigigas|Protect\n|move|p2a: Tauros|Earthquake|p1a: Regigigas\n|-activate|p1a: Regigigas|move: Protect\n|\n|-heal|p1a: Regigigas|48\/100|[from] item: Leftovers\n|upkeep\n|turn|38\n|\n|t:|1644606771\n|move|p2a: Tauros|Rock Climb|p1a: Regigigas\n|-end|p1a: Regigigas|Substitute\n|move|p1a: Regigigas|Earthquake|p2a: Tauros\n|-damage|p2a: Tauros|5\/100\n|\n|-heal|p1a: Regigigas|54\/100|[from] item: Leftovers\n|upkeep\n|turn|39\n|\n|t:|1644606776\n|move|p1a: Regigigas|Protect|p1a: Regigigas\n|-singleturn|p1a: Regigigas|Protect\n|move|p2a: Tauros|Rock Climb|p1a: Regigigas\n|-activate|p1a: Regigigas|move: Protect\n|\n|-heal|p1a: Regigigas|60\/100|[from] item: Leftovers\n|upkeep\n|turn|40\n|\n|t:|1644606781\n|move|p2a: Tauros|Rock Climb|p1a: Regigigas\n|-damage|p1a: Regigigas|25\/100\n|move|p1a: Regigigas|Knock Off|p2a: Tauros\n|-damage|p2a: Tauros|0 fnt\n|faint|p2a: Tauros\n|\n|-heal|p1a: Regigigas|31\/100|[from] item: Leftovers\n|upkeep\n|\n|t:|1644606785\n|switch|p2a: Weezing|Weezing, F|100\/100\n|-ability|p2a: Weezing|Neutralizing Gas\n|turn|41\n|\n|t:|1644606789\n|move|p1a: Regigigas|Protect|p1a: Regigigas\n|-singleturn|p1a: Regigigas|Protect\n|move|p2a: Weezing|Sludge Bomb|p1a: Regigigas\n|-activate|p1a: Regigigas|move: Protect\n|\n|-heal|p1a: Regigigas|37\/100|[from] item: Leftovers\n|upkeep\n|turn|42\n|\n|t:|1644606795\n|move|p1a: Regigigas|Substitute|p1a: Regigigas\n|-start|p1a: Regigigas|Substitute\n|-damage|p1a: Regigigas|12\/100\n|move|p2a: Weezing|Sludge Bomb|p1a: Regigigas\n|-activate|p1a: Regigigas|move: Substitute|[damage]\n|\n|-heal|p1a: Regigigas|18\/100|[from] item: Leftovers\n|upkeep\n|turn|43\n|\n|t:|1644606801\n|move|p1a: Regigigas|Protect|p1a: Regigigas\n|-singleturn|p1a: Regigigas|Protect\n|move|p2a: Weezing|Sludge Bomb|p1a: Regigigas\n|-activate|p1a: Regigigas|move: Protect\n|\n|-heal|p1a: Regigigas|25\/100|[from] item: Leftovers\n|upkeep\n|turn|44\n|\n|t:|1644606802\n|move|p1a: Regigigas|Earthquake|p2a: Weezing\n|-supereffective|p2a: Weezing\n|-damage|p2a: Weezing|56\/100\n|move|p2a: Weezing|Sludge Bomb|p1a: Regigigas\n|-end|p1a: Regigigas|Substitute\n|\n|-heal|p1a: Regigigas|31\/100|[from] item: Leftovers\n|-heal|p2a: Weezing|62\/100|[from] item: Black Sludge\n|upkeep\n|turn|45\n|\n|t:|1644606808\n|move|p1a: Regigigas|Substitute|p1a: Regigigas\n|-start|p1a: Regigigas|Substitute\n|-damage|p1a: Regigigas|6\/100\n|move|p2a: Weezing|Sludge Bomb|p1a: Regigigas\n|-activate|p1a: Regigigas|move: Substitute|[damage]\n|\n|-heal|p1a: Regigigas|12\/100|[from] item: Leftovers\n|-heal|p2a: Weezing|68\/100|[from] item: Black Sludge\n|upkeep\n|turn|46\n|\n|t:|1644606813\n|move|p1a: Regigigas|Earthquake|p2a: Weezing\n|-supereffective|p2a: Weezing\n|-damage|p2a: Weezing|22\/100\n|move|p2a: Weezing|Sludge Bomb|p1a: Regigigas\n|-end|p1a: Regigigas|Substitute\n|\n|-heal|p1a: Regigigas|18\/100|[from] item: Leftovers\n|-heal|p2a: Weezing|28\/100|[from] item: Black Sludge\n|upkeep\n|turn|47\n|\n|t:|1644606817\n|move|p1a: Regigigas|Earthquake|p2a: Weezing\n|-supereffective|p2a: Weezing\n|-damage|p2a: Weezing|0 fnt\n|faint|p2a: Weezing\n|-end|p2a: Weezing|ability: Neutralizing Gas\n|-start|p1a: Regigigas|ability: Slow Start\n|\n|win|The Goomy\n|n|\u2606The Goomy|thegoomy\n|n|\u2606Ill Leave|illleave\n|n| White Gehenna|whitegehenna\n|n| mike-r11|miker11\n|n| hipsterpotas|hipsterpotas\n|n| demirab1|demirab1\n|l|\u2606The Goomy\n|l| mike-r11\n|c|\u2606Ill Leave|gg\n|c|\u2606Ill Leave|k\n|l|\u2606Ill Leave\n","uploadtime":1644606869,"views":17,"p1id":"thegoomy","p2id":"illleave","formatid":"gen8bdspnu","rating":0,"private":0,"password":null}