{"id":"gen8ou-1449915220","p1":"Rafoufou","p2":"Diameter\u272fXtreme","format":"gen8ou","log":"|j|\u2606Rafoufou\n|j|\u2606Diameter\u272fXtreme\n|t:|1636210281\n|gametype|singles\n|player|p1|Rafoufou|cilan|1452\n|player|p2|Diameter\u272fXtreme|jasmine-gen2|1475\n|teamsize|p1|6\n|teamsize|p2|6\n|gen|8\n|tier|[Gen 8] OU\n|rated|\n|rule|Sleep Clause Mod: Limit one foe put to sleep\n|rule|Species Clause: Limit one of each Pok\u00e9mon\n|rule|OHKO Clause: OHKO moves are banned\n|rule|Evasion Moves Clause: Evasion moves are banned\n|rule|Endless Battle Clause: Forcing endless battles is banned\n|rule|HP Percentage Mod: HP is shown in percentages\n|rule|Dynamax Clause: You cannot dynamax\n|clearpoke\n|poke|p1|Terrakion|\n|poke|p1|Landorus-Therian, M|\n|poke|p1|Volcanion|\n|poke|p1|Zeraora|\n|poke|p1|Bisharp, F|\n|poke|p1|Urshifu-*, M|\n|poke|p2|Victini|\n|poke|p2|Torkoal, M|\n|poke|p2|Reuniclus, F|\n|poke|p2|Kyurem|\n|poke|p2|Mandibuzz, F|\n|poke|p2|Heatran, M|\n|teampreview\n|\n|t:|1636210300\n|start\n|switch|p1a: C\u00f4te d\u2019agneau|Terrakion|100\/100\n|switch|p2a: Torkoal|Torkoal, M|100\/100\n|-weather|SunnyDay|[from] ability: Drought|[of] p2a: Torkoal\n|turn|1\n|\n|t:|1636210308\n|move|p1a: C\u00f4te d\u2019agneau|Taunt|p2a: Torkoal\n|-start|p2a: Torkoal|move: Taunt\n|move|p2a: Torkoal|Rapid Spin|p1a: C\u00f4te d\u2019agneau\n|-resisted|p1a: C\u00f4te d\u2019agneau\n|-damage|p1a: C\u00f4te d\u2019agneau|96\/100\n|-boost|p2a: Torkoal|spe|1\n|\n|-weather|SunnyDay|[upkeep]\n|upkeep\n|turn|2\n|\n|t:|1636210313\n|move|p1a: C\u00f4te d\u2019agneau|Rock Tomb|p2a: Torkoal|[miss]\n|-miss|p1a: C\u00f4te d\u2019agneau|p2a: Torkoal\n|move|p2a: Torkoal|Lava Plume|p1a: C\u00f4te d\u2019agneau\n|-resisted|p1a: C\u00f4te d\u2019agneau\n|-damage|p1a: C\u00f4te d\u2019agneau|74\/100\n|\n|-weather|SunnyDay|[upkeep]\n|upkeep\n|turn|3\n|\n|t:|1636210317\n|move|p1a: C\u00f4te d\u2019agneau|Rock Tomb|p2a: Torkoal\n|-supereffective|p2a: Torkoal\n|-damage|p2a: Torkoal|64\/100\n|-unboost|p2a: Torkoal|spe|1\n|move|p2a: Torkoal|Lava Plume|p1a: C\u00f4te d\u2019agneau\n|-resisted|p1a: C\u00f4te d\u2019agneau\n|-crit|p1a: C\u00f4te d\u2019agneau\n|-damage|p1a: C\u00f4te d\u2019agneau|44\/100\n|\n|-weather|SunnyDay|[upkeep]\n|-end|p2a: Torkoal|move: Taunt\n|upkeep\n|turn|4\n|\n|t:|1636210325\n|move|p1a: C\u00f4te d\u2019agneau|Rock Tomb|p2a: Torkoal\n|-supereffective|p2a: Torkoal\n|-damage|p2a: Torkoal|26\/100\n|-unboost|p2a: Torkoal|spe|1\n|move|p2a: Torkoal|Lava Plume|p1a: C\u00f4te d\u2019agneau\n|-resisted|p1a: C\u00f4te d\u2019agneau\n|-damage|p1a: C\u00f4te d\u2019agneau|22\/100\n|-status|p1a: C\u00f4te d\u2019agneau|brn\n|\n|-weather|SunnyDay|[upkeep]\n|-damage|p1a: C\u00f4te d\u2019agneau|16\/100 brn|[from] brn\n|upkeep\n|turn|5\n|\n|t:|1636210329\n|switch|p2a: Mandibuzz|Mandibuzz, F|100\/100\n|move|p1a: C\u00f4te d\u2019agneau|Stealth Rock|p2a: Mandibuzz\n|-sidestart|p2: Diameter\u272fXtreme|move: Stealth Rock\n|\n|-weather|SunnyDay|[upkeep]\n|-damage|p1a: C\u00f4te d\u2019agneau|9\/100 brn|[from] brn\n|upkeep\n|turn|6\n|\n|t:|1636210331\n|move|p1a: C\u00f4te d\u2019agneau|Taunt|p2a: Mandibuzz\n|-start|p2a: Mandibuzz|move: Taunt\n|cant|p2a: Mandibuzz|move: Taunt|Defog\n|\n|-weather|SunnyDay|[upkeep]\n|-damage|p1a: C\u00f4te d\u2019agneau|3\/100 brn|[from] brn\n|upkeep\n|turn|7\n|\n|t:|1636210335\n|move|p1a: C\u00f4te d\u2019agneau|Rock Tomb|p2a: Mandibuzz\n|-supereffective|p2a: Mandibuzz\n|-damage|p2a: Mandibuzz|81\/100\n|-unboost|p2a: Mandibuzz|spe|1\n|move|p2a: Mandibuzz|U-turn|p1a: C\u00f4te d\u2019agneau\n|-resisted|p1a: C\u00f4te d\u2019agneau\n|-damage|p1a: C\u00f4te d\u2019agneau|0 fnt\n|faint|p1a: C\u00f4te d\u2019agneau\n|\n|t:|1636210345\n|switch|p2a: Reuniclus|Reuniclus, F|100\/100|[from]move: U-turn\n|-damage|p2a: Reuniclus|88\/100|[from] Stealth Rock\n|\n|-weather|SunnyDay|[upkeep]\n|upkeep\n|l|\u2606Rafoufou\n|player|p1|\n|j|\u2606Rafoufou\n|player|p1|Rafoufou|cilan\n|\n|t:|1636210374\n|switch|p1a: Flamenkuche|Bisharp, F|100\/100\n|turn|8\n|\n|t:|1636210378\n|move|p1a: Flamenkuche|Knock Off|p2a: Reuniclus\n|-supereffective|p2a: Reuniclus\n|-damage|p2a: Reuniclus|0 fnt\n|-enditem|p2a: Reuniclus|Assault Vest|[from] move: Knock Off|[of] p1a: Flamenkuche\n|faint|p2a: Reuniclus\n|\n|-weather|none\n|upkeep\n|\n|t:|1636210383\n|switch|p2a: Heatran|Heatran, M|100\/100\n|-damage|p2a: Heatran|88\/100|[from] Stealth Rock\n|turn|9\n|\n|t:|1636210392\n|move|p1a: Flamenkuche|Sucker Punch|p2a: Heatran\n|-damage|p2a: Heatran|44\/100\n|move|p2a: Heatran|Earth Power|p1a: Flamenkuche\n|-supereffective|p1a: Flamenkuche\n|-damage|p1a: Flamenkuche|21\/100\n|\n|upkeep\n|turn|10\n|\n|t:|1636210398\n|move|p1a: Flamenkuche|Sucker Punch|p2a: Heatran\n|-damage|p2a: Heatran|0 fnt\n|faint|p2a: Heatran\n|\n|upkeep\n|\n|t:|1636210404\n|switch|p2a: Victini|Victini|100\/100\n|-damage|p2a: Victini|76\/100|[from] Stealth Rock\n|turn|11\n|\n|t:|1636210408\n|move|p1a: Flamenkuche|Sucker Punch||[still]\n|-fail|p1a: Flamenkuche\n|move|p2a: Victini|Trick|p1a: Flamenkuche\n|-activate|p2a: Victini|move: Trick|[of] p1a: Flamenkuche\n|-item|p1a: Flamenkuche|Choice Band|[from] move: Trick\n|-item|p2a: Victini|Black Glasses|[from] move: Trick\n|\n|upkeep\n|turn|12\n|\n|t:|1636210413\n|move|p1a: Flamenkuche|Sucker Punch|p2a: Victini\n|-supereffective|p2a: Victini\n|-damage|p2a: Victini|0 fnt\n|faint|p2a: Victini\n|\n|upkeep\n|-message|Diameter\u272fXtreme forfeited.\n|\n|win|Rafoufou\n|raw|Rafoufou's rating: 1452 &rarr; <strong>1473<\/strong><br \/>(+21 for winning)\n|raw|Diameter\u272fXtreme's rating: 1475 &rarr; <strong>1454<\/strong><br \/>(-21 for losing)\n|l|\u2606Diameter\u272fXtreme\n","uploadtime":1636210426,"views":12,"p1id":"rafoufou","p2id":"diameterxtreme","formatid":"gen8ou","rating":1454,"private":0,"password":null}