{"id":"gen8zu-1558824025","p1":"Butterchoke","p2":"wsdfg","format":"gen8zu","log":"|j|\u2606Butterchoke\n|j|\u2606wsdfg\n|t:|1650616870\n|gametype|singles\n|player|p1|Butterchoke|pryce|1245\n|player|p2|wsdfg|266|1231\n|teamsize|p1|6\n|teamsize|p2|6\n|gen|8\n|tier|[Gen 8] ZU\n|rated|\n|rule|Sleep Clause Mod: Limit one foe put to sleep\n|rule|Species Clause: Limit one of each Pok\u00e9mon\n|rule|OHKO Clause: OHKO moves are banned\n|rule|Evasion Moves Clause: Evasion moves are banned\n|rule|Endless Battle Clause: Forcing endless battles is banned\n|rule|HP Percentage Mod: HP is shown in percentages\n|rule|Dynamax Clause: You cannot dynamax\n|clearpoke\n|poke|p1|Silvally-*|\n|poke|p1|Hitmonchan, M|\n|poke|p1|Alcremie, F|\n|poke|p1|Electivire, F|\n|poke|p1|Greedent, F|\n|poke|p1|Cramorant, M|\n|poke|p2|Thievul, F|\n|poke|p2|Thwackey, F|\n|poke|p2|Uxie|\n|poke|p2|Froslass, F|\n|poke|p2|Rotom|\n|poke|p2|Silvally-*|\n|teampreview\n|inactive|Battle timer is ON: inactive players will automatically lose when time's up. (requested by Butterchoke)\n|\n|t:|1650616904\n|start\n|switch|p1a: Electivire|Electivire, F|100\/100\n|switch|p2a: Froslass|Froslass, F|100\/100\n|turn|1\n|\n|t:|1650616914\n|move|p2a: Froslass|Poltergeist|p1a: Electivire\n|-activate|p1a: Electivire|move: Poltergeist|Life Orb\n|-damage|p1a: Electivire|37\/100\n|move|p1a: Electivire|Fire Punch|p2a: Froslass\n|-supereffective|p2a: Froslass\n|-damage|p2a: Froslass|0 fnt\n|-start|p1a: Electivire|Disable|Fire Punch|[from] ability: Cursed Body|[of] p2a: Froslass\n|faint|p2a: Froslass\n|-damage|p1a: Electivire|27\/100|[from] item: Life Orb\n|\n|upkeep\n|\n|t:|1650616924\n|switch|p2a: Rotom|Rotom|100\/100\n|turn|2\n|\n|t:|1650616930\n|switch|p1a: Greedent|Greedent, F|100\/100\n|move|p2a: Rotom|Shadow Ball|p1a: Greedent\n|-immune|p1a: Greedent\n|\n|upkeep\n|turn|3\n|\n|t:|1650616936\n|switch|p2a: Uxie|Uxie|100\/100\n|move|p1a: Greedent|Belly Drum|p1a: Greedent\n|-damage|p1a: Greedent|50\/100\n|-setboost|p1a: Greedent|atk|6|[from] move: Belly Drum\n|-enditem|p1a: Greedent|Sitrus Berry|[eat]\n|-heal|p1a: Greedent|75\/100|[from] item: Sitrus Berry\n|-heal|p1a: Greedent|100\/100|[from] ability: Cheek Pouch\n|\n|upkeep\n|turn|4\n|inactive|wsdfg has 120 seconds left.\n|inactive|wsdfg has 90 seconds left.\n|\n|t:|1650617000\n|move|p2a: Uxie|Stealth Rock|p1a: Greedent\n|-sidestart|p1: Butterchoke|move: Stealth Rock\n|move|p1a: Greedent|Body Slam|p2a: Uxie\n|-damage|p2a: Uxie|34\/100\n|\n|upkeep\n|turn|5\n|\n|t:|1650617007\n|move|p2a: Uxie|Future Sight|p1a: Greedent\n|-start|p2a: Uxie|move: Future Sight\n|move|p1a: Greedent|Body Slam|p2a: Uxie\n|-damage|p2a: Uxie|0 fnt\n|faint|p2a: Uxie\n|\n|upkeep\n|\n|t:|1650617011\n|switch|p2a: Silvally|Silvally-Poison|100\/100\n|turn|6\n|\n|t:|1650617014\n|move|p2a: Silvally|U-turn|p1a: Greedent\n|-damage|p1a: Greedent|90\/100\n|\n|t:|1650617017\n|switch|p2a: Rotom|Rotom|100\/100|[from]move: U-turn\n|move|p1a: Greedent|Psychic Fangs|p2a: Rotom\n|-damage|p2a: Rotom|0 fnt\n|faint|p2a: Rotom\n|\n|upkeep\n|\n|t:|1650617022\n|switch|p2a: Silvally|Silvally-Poison|100\/100\n|turn|7\n|\n|t:|1650617026\n|move|p2a: Silvally|U-turn|p1a: Greedent\n|-damage|p1a: Greedent|78\/100\n|\n|t:|1650617027\n|switch|p2a: Thievul|Thievul, F|100\/100|[from]move: U-turn\n|move|p1a: Greedent|Body Slam|p2a: Thievul\n|-damage|p2a: Thievul|0 fnt\n|faint|p2a: Thievul\n|\n|-end|p1a: Greedent|move: Future Sight\n|-damage|p1a: Greedent|49\/100\n|upkeep\n|\n|t:|1650617029\n|switch|p2a: Silvally|Silvally-Poison|100\/100\n|turn|8\n|c|\u2606Butterchoke|greedent the monster\n|\n|t:|1650617037\n|move|p2a: Silvally|Multi-Attack|p1a: Greedent\n|-damage|p1a: Greedent|20\/100\n|move|p1a: Greedent|Psychic Fangs|p2a: Silvally\n|-supereffective|p2a: Silvally\n|-damage|p2a: Silvally|0 fnt\n|faint|p2a: Silvally\n|\n|upkeep\n|\n|t:|1650617040\n|switch|p2a: Thwackey|Thwackey, F|100\/100\n|-fieldstart|move: Grassy Terrain|[from] ability: Grassy Surge|[of] p2a: Thwackey\n|turn|9\n|\n|t:|1650617047\n|move|p2a: Thwackey|Grassy Glide|p1a: Greedent\n|-damage|p1a: Greedent|0 fnt\n|faint|p1a: Greedent\n|\n|upkeep\n|\n|t:|1650617055\n|switch|p1a: Silvally|Silvally-Poison|100\/100\n|-damage|p1a: Silvally|88\/100|[from] Stealth Rock\n|turn|10\n|-message|wsdfg forfeited.\n|\n|win|Butterchoke\n|raw|Butterchoke's rating: 1245 &rarr; <strong>1269<\/strong><br \/>(+24 for winning)\n|raw|wsdfg's rating: 1231 &rarr; <strong>1207<\/strong><br \/>(-24 for losing)\n|l|\u2606wsdfg\n","uploadtime":1650617068,"views":11,"p1id":"butterchoke","p2id":"wsdfg","formatid":"gen8zu","rating":1207,"private":0,"password":null}