{"id":"gen8ou-1682868562","p1":"VivaHonduras","p2":"tank boom","format":"gen8ou","log":"|j|\u2606VivaHonduras\n|j|\u2606tank boom\n|t:|1665470253\n|gametype|singles\n|player|p1|VivaHonduras|scientist-gen4|1655\n|player|p2|tank boom|169|1552\n|teamsize|p1|6\n|teamsize|p2|6\n|gen|8\n|tier|[Gen 8] OU\n|rated|\n|rule|Sleep Clause Mod: Limit one foe put to sleep\n|rule|Species Clause: Limit one of each Pok\u00e9mon\n|rule|OHKO Clause: OHKO moves are banned\n|rule|Evasion Items Clause: Evasion items are banned\n|rule|Evasion Moves Clause: Evasion moves are banned\n|rule|Endless Battle Clause: Forcing endless battles is banned\n|rule|HP Percentage Mod: HP is shown in percentages\n|rule|Dynamax Clause: You cannot dynamax\n|clearpoke\n|poke|p1|Unfezant, M|\n|poke|p1|Torkoal, M|\n|poke|p1|Venusaur, M|\n|poke|p1|Xatu, F|\n|poke|p1|Heatran, M|\n|poke|p1|Landorus-Therian, M|\n|poke|p2|Rillaboom, F|\n|poke|p2|Tornadus-Therian, M|\n|poke|p2|Blaziken, M|\n|poke|p2|Melmetal|\n|poke|p2|Garchomp, M|\n|poke|p2|Slowbro, M|\n|teampreview\n|inactive|Battle timer is ON: inactive players will automatically lose when time's up. (requested by VivaHonduras)\n|\n|t:|1665470263\n|start\n|switch|p1a: Landorus|Landorus-Therian, M|100\/100\n|switch|p2a: Slowbro|Slowbro, M|100\/100\n|-ability|p1a: Landorus|Intimidate|boost\n|-unboost|p2a: Slowbro|atk|1\n|turn|1\n|\n|t:|1665470268\n|switch|p1a: Torkoal|Torkoal, M|100\/100\n|-weather|SunnyDay|[from] ability: Drought|[of] p1a: Torkoal\n|move|p2a: Slowbro|Scald|p1a: Torkoal\n|-supereffective|p1a: Torkoal\n|-damage|p1a: Torkoal|66\/100\n|\n|-weather|SunnyDay|[upkeep]\n|upkeep\n|turn|2\n|\n|t:|1665470273\n|move|p1a: Torkoal|Stealth Rock|p2a: Slowbro\n|-sidestart|p2: tank boom|move: Stealth Rock\n|move|p2a: Slowbro|Toxic|p1a: Torkoal\n|-status|p1a: Torkoal|tox\n|\n|-weather|SunnyDay|[upkeep]\n|-damage|p1a: Torkoal|59\/100 tox|[from] psn\n|upkeep\n|turn|3\n|\n|t:|1665470293\n|move|p1a: Torkoal|Toxic|p2a: Slowbro\n|-status|p2a: Slowbro|tox\n|move|p2a: Slowbro|Teleport|p2a: Slowbro\n|\n|t:|1665470300\n|switch|p2a: Tornadus|Tornadus-Therian, M|100\/100|[from]move: Teleport\n|\n|-weather|SunnyDay|[upkeep]\n|-damage|p1a: Torkoal|47\/100 tox|[from] psn\n|upkeep\n|turn|4\n|\n|t:|1665470304\n|switch|p1a: Landorus|Landorus-Therian, M|100\/100\n|-ability|p1a: Landorus|Intimidate|boost\n|-unboost|p2a: Tornadus|atk|1\n|move|p2a: Tornadus|U-turn|p1a: Landorus\n|-resisted|p1a: Landorus\n|-damage|p1a: Landorus|94\/100\n|\n|t:|1665470308\n|switch|p2a: Slowbro|Slowbro, M|100\/100 tox|[from]move: U-turn\n|-damage|p2a: Slowbro|88\/100 tox|[from] Stealth Rock\n|\n|-weather|SunnyDay|[upkeep]\n|-damage|p2a: Slowbro|82\/100 tox|[from] psn\n|upkeep\n|turn|5\n|\n|t:|1665470314\n|switch|p1a: Xatu|Xatu, F|100\/100\n|move|p2a: Slowbro|Teleport|p2a: Slowbro\n|\n|t:|1665470318\n|switch|p2a: Tornadus|Tornadus-Therian, M|100\/100|[from]move: Teleport\n|\n|-weather|SunnyDay|[upkeep]\n|upkeep\n|turn|6\n|\n|t:|1665470321\n|move|p2a: Tornadus|Knock Off|p1a: Xatu\n|-supereffective|p1a: Xatu\n|-damage|p1a: Xatu|62\/100\n|-enditem|p1a: Xatu|Heavy-Duty Boots|[from] move: Knock Off|[of] p2a: Tornadus\n|move|p1a: Xatu|Teleport|p1a: Xatu\n|\n|t:|1665470323\n|switch|p1a: Heatran|Heatran, M|100\/100|[from]move: Teleport\n|-item|p1a: Heatran|Air Balloon\n|\n|-weather|SunnyDay|[upkeep]\n|upkeep\n|turn|7\n|\n|t:|1665470336\n|move|p2a: Tornadus|U-turn|p1a: Heatran\n|-resisted|p1a: Heatran\n|-damage|p1a: Heatran|97\/100\n|-enditem|p1a: Heatran|Air Balloon\n|\n|t:|1665470339\n|switch|p2a: Garchomp|Garchomp, M|100\/100|[from]move: U-turn\n|-damage|p2a: Garchomp|94\/100|[from] Stealth Rock\n|move|p1a: Heatran|Eruption|p2a: Garchomp\n|-resisted|p2a: Garchomp\n|-damage|p2a: Garchomp|58\/100\n|\n|-weather|SunnyDay|[upkeep]\n|-heal|p2a: Garchomp|65\/100|[from] item: Leftovers\n|upkeep\n|turn|8\n|\n|t:|1665470347\n|move|p2a: Garchomp|Protect|p2a: Garchomp\n|-singleturn|p2a: Garchomp|Protect\n|move|p1a: Heatran|Eruption|p2a: Garchomp\n|-activate|p2a: Garchomp|move: Protect\n|\n|-weather|none\n|-heal|p2a: Garchomp|71\/100|[from] item: Leftovers\n|upkeep\n|turn|9\n|\n|t:|1665470350\n|switch|p1a: Xatu|Xatu, F|62\/100\n|move|p2a: Garchomp|Earthquake|p1a: Xatu\n|-immune|p1a: Xatu\n|\n|-heal|p2a: Garchomp|77\/100|[from] item: Leftovers\n|upkeep\n|turn|10\n|\n|t:|1665470356\n|move|p2a: Garchomp|Protect|p2a: Garchomp\n|-singleturn|p2a: Garchomp|Protect\n|move|p1a: Xatu|Teleport|p1a: Xatu\n|\n|t:|1665470359\n|switch|p1a: Torkoal|Torkoal, M|47\/100 tox|[from]move: Teleport\n|-weather|SunnyDay|[from] ability: Drought|[of] p1a: Torkoal\n|\n|-weather|SunnyDay|[upkeep]\n|-heal|p2a: Garchomp|83\/100|[from] item: Leftovers\n|-damage|p1a: Torkoal|41\/100 tox|[from] psn\n|upkeep\n|turn|11\n|\n|t:|1665470367\n|switch|p2a: Slowbro|Slowbro, M|100\/100 tox\n|-damage|p2a: Slowbro|88\/100 tox|[from] Stealth Rock\n|switch|p1a: Xatu|Xatu, F|62\/100\n|\n|-weather|SunnyDay|[upkeep]\n|-damage|p2a: Slowbro|82\/100 tox|[from] psn\n|upkeep\n|turn|12\n|\n|t:|1665470370\n|move|p1a: Xatu|Roost|p1a: Xatu\n|-heal|p1a: Xatu|100\/100\n|-singleturn|p1a: Xatu|move: Roost\n|move|p2a: Slowbro|Teleport|p2a: Slowbro\n|\n|t:|1665470383\n|switch|p2a: Blaziken|Blaziken, M|100\/100|[from]move: Teleport\n|-damage|p2a: Blaziken|88\/100|[from] Stealth Rock\n|\n|-weather|SunnyDay|[upkeep]\n|-heal|p2a: Blaziken|94\/100|[from] item: Leftovers\n|upkeep\n|turn|13\n|\n|t:|1665470390\n|move|p1a: Xatu|Psychic|p2a: Blaziken\n|-supereffective|p2a: Blaziken\n|-damage|p2a: Blaziken|14\/100\n|move|p2a: Blaziken|Flare Blitz|p1a: Xatu\n|-damage|p1a: Xatu|8\/100\n|-damage|p2a: Blaziken|0 fnt|[from] Recoil\n|faint|p2a: Blaziken\n|\n|-weather|SunnyDay|[upkeep]\n|upkeep\n|\n|t:|1665470398\n|switch|p2a: Tornadus|Tornadus-Therian, M|100\/100\n|turn|14\n|\n|t:|1665470412\n|switch|p1a: Landorus|Landorus-Therian, M|94\/100\n|-ability|p1a: Landorus|Intimidate|boost\n|-unboost|p2a: Tornadus|atk|1\n|move|p2a: Tornadus|Heat Wave|p1a: Landorus\n|-damage|p1a: Landorus|49\/100\n|\n|-weather|SunnyDay|[upkeep]\n|upkeep\n|turn|15\n|\n|t:|1665470440\n|switch|p2a: Slowbro|Slowbro, M|100\/100 tox\n|-damage|p2a: Slowbro|88\/100 tox|[from] Stealth Rock\n|move|p1a: Landorus|Knock Off|p2a: Slowbro\n|-supereffective|p2a: Slowbro\n|-damage|p2a: Slowbro|43\/100 tox\n|-damage|p1a: Landorus|32\/100|[from] item: Rocky Helmet|[of] p2a: Slowbro\n|-enditem|p2a: Slowbro|Rocky Helmet|[from] move: Knock Off|[of] p1a: Landorus\n|\n|-weather|SunnyDay|[upkeep]\n|-damage|p2a: Slowbro|37\/100 tox|[from] psn\n|upkeep\n|turn|16\n|\n|t:|1665470447\n|move|p1a: Landorus|Knock Off|p2a: Slowbro\n|-supereffective|p2a: Slowbro\n|-damage|p2a: Slowbro|6\/100 tox\n|move|p2a: Slowbro|Teleport|p2a: Slowbro\n|\n|t:|1665470451\n|switch|p2a: Tornadus|Tornadus-Therian, M|100\/100|[from]move: Teleport\n|\n|-weather|SunnyDay|[upkeep]\n|upkeep\n|turn|17\n|\n|t:|1665470453\n|move|p1a: Landorus|Knock Off|p2a: Tornadus\n|-damage|p2a: Tornadus|58\/100\n|-enditem|p2a: Tornadus|Heavy-Duty Boots|[from] move: Knock Off|[of] p1a: Landorus\n|move|p2a: Tornadus|Heat Wave|p1a: Landorus\n|-damage|p1a: Landorus|0 fnt\n|faint|p1a: Landorus\n|\n|-weather|none\n|upkeep\n|\n|t:|1665470460\n|switch|p1a: Heatran|Heatran, M|97\/100\n|turn|18\n|\n|t:|1665470462\n|move|p2a: Tornadus|U-turn|p1a: Heatran\n|-resisted|p1a: Heatran\n|-damage|p1a: Heatran|93\/100\n|\n|t:|1665470467\n|switch|p2a: Garchomp|Garchomp, M|83\/100|[from]move: U-turn\n|-damage|p2a: Garchomp|77\/100|[from] Stealth Rock\n|move|p1a: Heatran|Magma Storm|p2a: Garchomp|[miss]\n|-miss|p1a: Heatran|p2a: Garchomp\n|\n|-heal|p2a: Garchomp|83\/100|[from] item: Leftovers\n|upkeep\n|turn|19\n|\n|t:|1665470475\n|switch|p1a: Xatu|Xatu, F|8\/100\n|switch|p2a: Rillaboom|Rillaboom, F|100\/100\n|-damage|p2a: Rillaboom|88\/100|[from] Stealth Rock\n|-fieldstart|move: Grassy Terrain|[from] ability: Grassy Surge|[of] p2a: Rillaboom\n|\n|-heal|p2a: Rillaboom|94\/100|[from] Grassy Terrain\n|-heal|p2a: Rillaboom|100\/100|[from] item: Leftovers\n|upkeep\n|turn|20\n|\n|t:|1665470482\n|switch|p1a: Torkoal|Torkoal, M|41\/100 tox\n|-weather|SunnyDay|[from] ability: Drought|[of] p1a: Torkoal\n|move|p2a: Rillaboom|Grassy Glide|p1a: Torkoal\n|-resisted|p1a: Torkoal\n|-damage|p1a: Torkoal|25\/100 tox\n|\n|-weather|SunnyDay|[upkeep]\n|-heal|p1a: Torkoal|31\/100 tox|[from] Grassy Terrain\n|-damage|p1a: Torkoal|25\/100 tox|[from] psn\n|upkeep\n|turn|21\n|\n|t:|1665470488\n|switch|p1a: Venusaur|Venusaur, M, shiny|100\/100\n|move|p2a: Rillaboom|Knock Off|p1a: Venusaur\n|-damage|p1a: Venusaur|49\/100\n|-enditem|p1a: Venusaur|Life Orb|[from] move: Knock Off|[of] p2a: Rillaboom\n|\n|-weather|SunnyDay|[upkeep]\n|-heal|p1a: Venusaur|55\/100|[from] Grassy Terrain\n|upkeep\n|turn|22\n|\n|t:|1665470492\n|switch|p2a: Garchomp|Garchomp, M|83\/100\n|-damage|p2a: Garchomp|77\/100|[from] Stealth Rock\n|move|p1a: Venusaur|Growth|p1a: Venusaur\n|-boost|p1a: Venusaur|atk|2\n|-boost|p1a: Venusaur|spa|2\n|\n|-weather|SunnyDay|[upkeep]\n|-heal|p1a: Venusaur|61\/100|[from] Grassy Terrain\n|-heal|p2a: Garchomp|83\/100|[from] Grassy Terrain\n|-heal|p2a: Garchomp|89\/100|[from] item: Leftovers\n|upkeep\n|turn|23\n|\n|t:|1665470496\n|move|p1a: Venusaur|Growth|p1a: Venusaur\n|-boost|p1a: Venusaur|atk|2\n|-boost|p1a: Venusaur|spa|2\n|move|p2a: Garchomp|Earthquake|p1a: Venusaur\n|-damage|p1a: Venusaur|31\/100\n|\n|-weather|SunnyDay|[upkeep]\n|-heal|p1a: Venusaur|37\/100|[from] Grassy Terrain\n|-heal|p2a: Garchomp|96\/100|[from] Grassy Terrain\n|-heal|p2a: Garchomp|100\/100|[from] item: Leftovers\n|-fieldend|move: Grassy Terrain\n|upkeep\n|turn|24\n|inactive|tank boom has 120 seconds left.\n|\n|t:|1665470535\n|move|p1a: Venusaur|Giga Drain|p2a: Garchomp\n|-damage|p2a: Garchomp|36\/100\n|-heal|p1a: Venusaur|82\/100|[from] drain|[of] p2a: Garchomp\n|move|p2a: Garchomp|Earthquake|p1a: Venusaur\n|-damage|p1a: Venusaur|24\/100\n|\n|-weather|SunnyDay|[upkeep]\n|-heal|p2a: Garchomp|42\/100|[from] item: Leftovers\n|upkeep\n|turn|25\n|inactive|VivaHonduras has 120 seconds left.\n|inactive|tank boom has 120 seconds left.\n|\n|t:|1665470591\n|move|p2a: Garchomp|Protect|p2a: Garchomp\n|-singleturn|p2a: Garchomp|Protect\n|move|p1a: Venusaur|Giga Drain|p2a: Garchomp\n|-activate|p2a: Garchomp|move: Protect\n|\n|-weather|SunnyDay|[upkeep]\n|-heal|p2a: Garchomp|49\/100|[from] item: Leftovers\n|upkeep\n|turn|26\n|\n|t:|1665470594\n|switch|p2a: Melmetal|Melmetal|100\/100\n|-damage|p2a: Melmetal|94\/100|[from] Stealth Rock\n|move|p1a: Venusaur|Giga Drain|p2a: Melmetal\n|-resisted|p2a: Melmetal\n|-damage|p2a: Melmetal|54\/100\n|-heal|p1a: Venusaur|52\/100|[from] drain|[of] p2a: Melmetal\n|\n|-weather|SunnyDay|[upkeep]\n|-heal|p2a: Melmetal|60\/100|[from] item: Leftovers\n|upkeep\n|turn|27\n|\n|t:|1665470599\n|move|p2a: Melmetal|Protect|p2a: Melmetal\n|-singleturn|p2a: Melmetal|Protect\n|move|p1a: Venusaur|Weather Ball|p2a: Melmetal\n|-activate|p2a: Melmetal|move: Protect\n|\n|-weather|none\n|-heal|p2a: Melmetal|66\/100|[from] item: Leftovers\n|upkeep\n|turn|28\n|\n|t:|1665470610\n|switch|p2a: Tornadus|Tornadus-Therian, M|91\/100\n|-damage|p2a: Tornadus|67\/100|[from] Stealth Rock\n|move|p1a: Venusaur|Earth Power|p2a: Tornadus\n|-immune|p2a: Tornadus\n|\n|upkeep\n|turn|29\n|\n|t:|1665470623\n|switch|p1a: Heatran|Heatran, M|93\/100\n|move|p2a: Tornadus|Defog|p1a: Heatran\n|-unboost|p1a: Heatran|evasion|1\n|-sideend|p2: tank boom|Stealth Rock|[from] move: Defog|[of] p2a: Tornadus\n|\n|upkeep\n|turn|30\n|\n|t:|1665470626\n|move|p2a: Tornadus|U-turn|p1a: Heatran\n|-resisted|p1a: Heatran\n|-damage|p1a: Heatran|90\/100\n|\n|t:|1665470629\n|switch|p2a: Garchomp|Garchomp, M|49\/100|[from]move: U-turn\n|move|p1a: Heatran|Magma Storm|p2a: Garchomp\n|-resisted|p2a: Garchomp\n|-damage|p2a: Garchomp|30\/100\n|-activate|p2a: Garchomp|move: Magma Storm|[of] p1a: Heatran\n|\n|-heal|p2a: Garchomp|37\/100|[from] item: Leftovers\n|-damage|p2a: Garchomp|24\/100|[from] move: Magma Storm|[partiallytrapped]\n|upkeep\n|turn|31\n|\n|t:|1665470635\n|switch|p1a: Xatu|Xatu, F|8\/100\n|move|p2a: Garchomp|Earthquake|p1a: Xatu\n|-immune|p1a: Xatu\n|\n|-heal|p2a: Garchomp|30\/100|[from] item: Leftovers\n|-end|p2a: Garchomp|Magma Storm|[partiallytrapped]|[silent]\n|upkeep\n|turn|32\n|\n|t:|1665470639\n|switch|p2a: Rillaboom|Rillaboom, F|100\/100\n|-fieldstart|move: Grassy Terrain|[from] ability: Grassy Surge|[of] p2a: Rillaboom\n|move|p1a: Xatu|Roost|p1a: Xatu\n|-heal|p1a: Xatu|58\/100\n|-singleturn|p1a: Xatu|move: Roost\n|\n|-heal|p1a: Xatu|64\/100|[from] Grassy Terrain\n|upkeep\n|turn|33\n|\n|t:|1665470645\n|switch|p1a: Torkoal|Torkoal, M|25\/100 tox\n|-weather|SunnyDay|[from] ability: Drought|[of] p1a: Torkoal\n|move|p2a: Rillaboom|Grassy Glide|p1a: Torkoal\n|-resisted|p1a: Torkoal\n|-damage|p1a: Torkoal|10\/100 tox\n|\n|-weather|SunnyDay|[upkeep]\n|-heal|p1a: Torkoal|17\/100 tox|[from] Grassy Terrain\n|-damage|p1a: Torkoal|10\/100 tox|[from] psn\n|upkeep\n|turn|34\n|\n|t:|1665470657\n|switch|p2a: Tornadus|Tornadus-Therian, M|99\/100\n|switch|p1a: Unfezant|Unfezant, M|100\/100\n|\n|-weather|SunnyDay|[upkeep]\n|upkeep\n|turn|35\n|\n|t:|1665470683\n|switch|p2a: Slowbro|Slowbro, M|40\/100 tox\n|move|p1a: Unfezant|Work Up|p1a: Unfezant\n|-boost|p1a: Unfezant|atk|1\n|-boost|p1a: Unfezant|spa|1\n|\n|-weather|SunnyDay|[upkeep]\n|-heal|p2a: Slowbro|46\/100 tox|[from] Grassy Terrain\n|-damage|p2a: Slowbro|40\/100 tox|[from] psn\n|upkeep\n|turn|36\n|\n|t:|1665470692\n|move|p1a: Unfezant|Night Slash|p2a: Slowbro\n|-supereffective|p2a: Slowbro\n|-crit|p2a: Slowbro\n|-damage|p2a: Slowbro|0 fnt\n|faint|p2a: Slowbro\n|\n|-weather|SunnyDay|[upkeep]\n|-fieldend|move: Grassy Terrain\n|upkeep\n|\n|t:|1665470697\n|switch|p2a: Melmetal|Melmetal|66\/100\n|turn|37\n|\n|t:|1665470714\n|move|p1a: Unfezant|Night Slash|p2a: Melmetal\n|-crit|p2a: Melmetal\n|-damage|p2a: Melmetal|34\/100\n|move|p2a: Melmetal|Superpower|p1a: Unfezant\n|-damage|p1a: Unfezant|34\/100\n|-unboost|p2a: Melmetal|atk|1\n|-unboost|p2a: Melmetal|def|1\n|\n|-weather|SunnyDay|[upkeep]\n|-heal|p2a: Melmetal|40\/100|[from] item: Leftovers\n|upkeep\n|turn|38\n|\n|t:|1665470720\n|move|p2a: Melmetal|Protect|p2a: Melmetal\n|-singleturn|p2a: Melmetal|Protect\n|move|p1a: Unfezant|Morning Sun|p1a: Unfezant\n|-heal|p1a: Unfezant|100\/100\n|\n|-weather|SunnyDay|[upkeep]\n|-heal|p2a: Melmetal|46\/100|[from] item: Leftovers\n|upkeep\n|turn|39\n|\n|t:|1665470724\n|switch|p2a: Garchomp|Garchomp, M|30\/100\n|move|p1a: Unfezant|Brave Bird|p2a: Garchomp\n|-damage|p2a: Garchomp|0 fnt\n|-damage|p1a: Unfezant|88\/100|[from] ability: Rough Skin|[of] p2a: Garchomp\n|faint|p2a: Garchomp\n|-damage|p1a: Unfezant|75\/100|[from] Recoil\n|\n|-weather|SunnyDay|[upkeep]\n|upkeep\n|\n|t:|1665470727\n|switch|p2a: Melmetal|Melmetal|46\/100\n|turn|40\n|\n|t:|1665470732\n|move|p1a: Unfezant|Night Slash|p2a: Melmetal\n|-crit|p2a: Melmetal\n|-damage|p2a: Melmetal|11\/100\n|move|p2a: Melmetal|Double Iron Bash|p1a: Unfezant\n|-damage|p1a: Unfezant|13\/100\n|-damage|p1a: Unfezant|0 fnt\n|faint|p1a: Unfezant\n|-hitcount|p1: Unfezant|2\n|\n|-weather|none\n|-heal|p2a: Melmetal|17\/100|[from] item: Leftovers\n|upkeep\n|\n|t:|1665470738\n|switch|p1a: Torkoal|Torkoal, M|10\/100 tox\n|-weather|SunnyDay|[from] ability: Drought|[of] p1a: Torkoal\n|turn|41\n|\n|t:|1665470750\n|switch|p2a: Tornadus|Tornadus-Therian, M|100\/100\n|switch|p1a: Xatu|Xatu, F|64\/100\n|\n|-weather|SunnyDay|[upkeep]\n|upkeep\n|turn|42\n|\n|t:|1665470755\n|move|p2a: Tornadus|Knock Off|p1a: Xatu\n|-supereffective|p1a: Xatu\n|-damage|p1a: Xatu|39\/100\n|move|p1a: Xatu|Teleport|p1a: Xatu\n|\n|t:|1665470757\n|switch|p1a: Heatran|Heatran, M|90\/100|[from]move: Teleport\n|\n|-weather|SunnyDay|[upkeep]\n|upkeep\n|turn|43\n|\n|t:|1665470760\n|move|p2a: Tornadus|U-turn|p1a: Heatran\n|-resisted|p1a: Heatran\n|-damage|p1a: Heatran|86\/100\n|\n|t:|1665470761\n|switch|p2a: Melmetal|Melmetal|17\/100|[from]move: U-turn\n|move|p1a: Heatran|Magma Storm|p2a: Melmetal\n|-supereffective|p2a: Melmetal\n|-damage|p2a: Melmetal|0 fnt\n|faint|p2a: Melmetal\n|\n|-weather|SunnyDay|[upkeep]\n|upkeep\n|\n|t:|1665470762\n|switch|p2a: Rillaboom|Rillaboom, F|100\/100\n|-fieldstart|move: Grassy Terrain|[from] ability: Grassy Surge|[of] p2a: Rillaboom\n|turn|44\n|\n|t:|1665470764\n|move|p1a: Heatran|Eruption|p2a: Rillaboom\n|-supereffective|p2a: Rillaboom\n|-damage|p2a: Rillaboom|0 fnt\n|faint|p2a: Rillaboom\n|\n|-weather|SunnyDay|[upkeep]\n|-heal|p1a: Heatran|92\/100|[from] Grassy Terrain\n|upkeep\n|\n|t:|1665470773\n|switch|p2a: Tornadus|Tornadus-Therian, M|100\/100\n|turn|45\n|\n|t:|1665470776\n|move|p2a: Tornadus|Knock Off|p1a: Heatran\n|-damage|p1a: Heatran|79\/100\n|move|p1a: Heatran|Eruption|p2a: Tornadus\n|-damage|p2a: Tornadus|15\/100\n|\n|-weather|SunnyDay|[upkeep]\n|-heal|p1a: Heatran|85\/100|[from] Grassy Terrain\n|upkeep\n|turn|46\n|\n|t:|1665470778\n|move|p2a: Tornadus|Knock Off|p1a: Heatran\n|-damage|p1a: Heatran|71\/100\n|move|p1a: Heatran|Eruption|p2a: Tornadus\n|-damage|p2a: Tornadus|0 fnt\n|faint|p2a: Tornadus\n|\n|win|VivaHonduras\n|raw|VivaHonduras's rating: 1655 &rarr; <strong>1669<\/strong><br \/>(+14 for winning)\n|raw|tank boom's rating: 1552 &rarr; <strong>1538<\/strong><br \/>(-14 for losing)\n|l|\u2606tank boom\n","uploadtime":1665470784,"views":11,"p1id":"vivahonduras","p2id":"tankboom","formatid":"gen8ou","rating":1538,"private":0,"password":null}