{"id":"gen8ou-1423548811","p1":"TryHonesty","p2":"nirrilassa naqa","format":"gen8ou","log":"|j|\u2606TryHonesty\n|j|\u2606nirrilassa naqa\n|t:|1632560003\n|gametype|singles\n|player|p1|TryHonesty|266|1348\n|player|p2|nirrilassa naqa|170|1341\n|teamsize|p1|6\n|teamsize|p2|6\n|gen|8\n|tier|[Gen 8] OU\n|rated|\n|rule|Sleep Clause Mod: Limit one foe put to sleep\n|rule|Species Clause: Limit one of each Pok\u00e9mon\n|rule|OHKO Clause: OHKO moves are banned\n|rule|Evasion Moves Clause: Evasion moves are banned\n|rule|Endless Battle Clause: Forcing endless battles is banned\n|rule|HP Percentage Mod: HP is shown in percentages\n|rule|Dynamax Clause: You cannot dynamax\n|clearpoke\n|poke|p1|Gallade, M|\n|poke|p1|Chandelure, F|\n|poke|p1|Dragonite, M|\n|poke|p1|Landorus-Therian, M|\n|poke|p1|Magnezone|\n|poke|p1|Dragapult, M|\n|poke|p2|Clefable, M|\n|poke|p2|Toxapex, M|\n|poke|p2|Quagsire, F|\n|poke|p2|Mandibuzz, F|\n|poke|p2|Rotom-Heat|\n|poke|p2|Chansey, F|\n|teampreview\n|inactive|Battle timer is ON: inactive players will automatically lose when time's up. (requested by nirrilassa naqa)\n|\n|t:|1632560012\n|start\n|switch|p1a: Dragapult|Dragapult, M|100\/100\n|switch|p2a: Toxapex|Toxapex, M|100\/100\n|turn|1\n|\n|t:|1632560023\n|switch|p1a: Gallade|Gallade, M|100\/100\n|move|p2a: Toxapex|Knock Off|p1a: Gallade\n|-damage|p1a: Gallade|76\/100\n|-enditem|p1a: Gallade|Leftovers|[from] move: Knock Off|[of] p2a: Toxapex\n|\n|upkeep\n|turn|2\n|\n|t:|1632560028\n|switch|p2a: Mandibuzz|Mandibuzz, F|100\/100\n|move|p1a: Gallade|Swords Dance|p1a: Gallade\n|-boost|p1a: Gallade|atk|2\n|\n|upkeep\n|turn|3\n|inactive|TryHonesty has 120 seconds left.\n|\n|t:|1632560061\n|move|p1a: Gallade|Drain Punch|p2a: Mandibuzz\n|-damage|p2a: Mandibuzz|54\/100\n|-heal|p1a: Gallade|100\/100|[from] drain|[of] p2a: Mandibuzz\n|move|p2a: Mandibuzz|Foul Play|p1a: Gallade\n|-damage|p1a: Gallade|0 fnt\n|faint|p1a: Gallade\n|\n|upkeep\n|inactive|TryHonesty has 120 seconds left.\n|\n|t:|1632560070\n|switch|p1a: Dragapult|Dragapult, M|100\/100\n|turn|4\n|\n|t:|1632560076\n|switch|p2a: Clefable|Clefable, M|100\/100\n|move|p1a: Dragapult|Dragon Darts|p2a: Clefable\n|-immune|p2a: Clefable\n|\n|upkeep\n|turn|5\n|inactive|TryHonesty has 120 seconds left.\n|\n|t:|1632560101\n|switch|p1a: Chandelure|Chandelure, F|100\/100\n|move|p2a: Clefable|Moonblast|p1a: Chandelure\n|-resisted|p1a: Chandelure\n|-damage|p1a: Chandelure|83\/100\n|\n|upkeep\n|turn|6\n|\n|t:|1632560106\n|switch|p2a: Toxapex|Toxapex, M|100\/100\n|move|p1a: Chandelure|Shadow Ball|p2a: Toxapex\n|-damage|p2a: Toxapex|41\/100\n|\n|upkeep\n|turn|7\n|\n|t:|1632560113\n|switch|p1a: Dragonite|Dragonite, M|100\/100\n|switch|p2a: Chansey|Chansey, F|100\/100\n|\n|upkeep\n|turn|8\n|\n|t:|1632560120\n|move|p1a: Dragonite|Dual Wingbeat|p2a: Chansey\n|-damage|p2a: Chansey|78\/100\n|-damage|p2a: Chansey|54\/100\n|-hitcount|p2a: Chansey|2\n|move|p2a: Chansey|Stealth Rock|p1a: Dragonite\n|-sidestart|p1: TryHonesty|move: Stealth Rock\n|\n|upkeep\n|turn|9\n|\n|t:|1632560125\n|move|p1a: Dragonite|Dual Wingbeat|p2a: Chansey\n|-damage|p2a: Chansey|29\/100\n|-damage|p2a: Chansey|6\/100\n|-hitcount|p2a: Chansey|2\n|move|p2a: Chansey|Soft-Boiled|p2a: Chansey\n|-heal|p2a: Chansey|57\/100\n|\n|upkeep\n|turn|10\n|\n|t:|1632560135\n|move|p1a: Dragonite|Dual Wingbeat|p2a: Chansey\n|-damage|p2a: Chansey|34\/100\n|-damage|p2a: Chansey|11\/100\n|-hitcount|p2a: Chansey|2\n|move|p2a: Chansey|Soft-Boiled|p2a: Chansey\n|-heal|p2a: Chansey|61\/100\n|\n|upkeep\n|turn|11\n|\n|t:|1632560146\n|move|p1a: Dragonite|Dual Wingbeat|p2a: Chansey|[miss]\n|-miss|p1a: Dragonite|p2a: Chansey\n|move|p2a: Chansey|Soft-Boiled|p2a: Chansey\n|-heal|p2a: Chansey|100\/100\n|\n|upkeep\n|turn|12\n|\n|t:|1632560160\n|switch|p1a: Magnezone|Magnezone|100\/100\n|-damage|p1a: Magnezone|94\/100|[from] Stealth Rock\n|move|p2a: Chansey|Toxic|p1a: Magnezone\n|-immune|p1a: Magnezone\n|\n|-heal|p1a: Magnezone|100\/100|[from] item: Leftovers\n|upkeep\n|turn|13\n|inactive|TryHonesty has 120 seconds left.\n|inactive|TryHonesty has 90 seconds left.\n|\n|t:|1632560234\n|switch|p1a: Dragonite|Dragonite, M|100\/100\n|-damage|p1a: Dragonite|76\/100|[from] Stealth Rock\n|switch|p2a: Quagsire|Quagsire, F|100\/100\n|\n|upkeep\n|turn|14\n|\n|t:|1632560257\n|move|p1a: Dragonite|Dual Wingbeat|p2a: Quagsire\n|-damage|p2a: Quagsire|74\/100\n|-damage|p2a: Quagsire|51\/100\n|-hitcount|p2a: Quagsire|2\n|move|p2a: Quagsire|Toxic|p1a: Dragonite\n|-status|p1a: Dragonite|tox\n|\n|-heal|p2a: Quagsire|57\/100|[from] item: Leftovers\n|-damage|p1a: Dragonite|70\/100 tox|[from] psn\n|upkeep\n|turn|15\n|inactive|TryHonesty has 90 seconds left.\n|\n|t:|1632560292\n|move|p1a: Dragonite|Dual Wingbeat|p2a: Quagsire\n|-damage|p2a: Quagsire|31\/100\n|-damage|p2a: Quagsire|5\/100\n|-hitcount|p2a: Quagsire|2\n|move|p2a: Quagsire|Recover|p2a: Quagsire\n|-heal|p2a: Quagsire|55\/100\n|\n|-heal|p2a: Quagsire|62\/100|[from] item: Leftovers\n|-damage|p1a: Dragonite|57\/100 tox|[from] psn\n|upkeep\n|turn|16\n|l|\u2606TryHonesty\n|inactive|TryHonesty disconnected and has a minute to reconnect!\n|player|p1|\n|inactive|TryHonesty has 30 seconds to reconnect!\n|inactive|TryHonesty has 20 seconds to reconnect!\n|inactive|TryHonesty has 15 seconds to reconnect!\n|inactive|TryHonesty has 10 seconds to reconnect!\n|inactive|TryHonesty has 5 seconds to reconnect!\n|-message|TryHonesty lost due to inactivity.\n|\n|win|nirrilassa naqa\n|inactive|TryHonesty has 15 seconds left this turn.\n|raw|TryHonesty's rating: 1348 &rarr; <strong>1328<\/strong><br \/>(-20 for losing)\n|raw|nirrilassa naqa's rating: 1356 &rarr; <strong>1376<\/strong><br \/>(+20 for winning)\n|c|\u2606nirrilassa naqa|\/log nirrilassa naqa made this room public.\n","uploadtime":1632560360,"views":15,"p1id":"tryhonesty","p2id":"nirrilassanaqa","formatid":"gen8ou","rating":1328,"private":0,"password":null}