{"id":"gen8ubers-1689344239","p1":"Zomb Thug","p2":"xasahbae","format":"gen8ubers","log":"|j|\u2606Zomb Thug\n|j|\u2606xasahbae\n|inactive|Battle timer is ON: inactive players will automatically lose when time's up.\n|t:|1666161323\n|gametype|singles\n|player|p1|Zomb Thug|wallace-gen6|\n|player|p2|xasahbae|clerkf|\n|teamsize|p1|6\n|teamsize|p2|6\n|gen|8\n|tier|[Gen 8] Ubers\n|rated|Tournament battle\n|rule|Sleep Clause Mod: Limit one foe put to sleep\n|rule|Species Clause: Limit one of each Pok\u00e9mon\n|rule|OHKO Clause: OHKO moves are banned\n|rule|Evasion Items Clause: Evasion items are banned\n|rule|Evasion Moves Clause: Evasion moves are banned\n|rule|Endless Battle Clause: Forcing endless battles is banned\n|rule|HP Percentage Mod: HP is shown in percentages\n|rule|Dynamax Clause: You cannot dynamax\n|clearpoke\n|poke|p1|Xerneas-*|\n|poke|p1|Darmanitan-Galar, F|\n|poke|p1|Magnezone|\n|poke|p1|Necrozma-Dusk-Mane|\n|poke|p1|Eternatus|\n|poke|p1|Yveltal|\n|poke|p2|Slurpuff, M|\n|poke|p2|Eternatus|\n|poke|p2|Yveltal|\n|poke|p2|Necrozma-Dusk-Mane|\n|poke|p2|Ditto|\n|poke|p2|Calyrex-Shadow|\n|teampreview\n|j|*Lady Monita \u263d\n|inactive|Zomb Thug also wants the timer to be on.\n|\n|t:|1666161353\n|start\n|switch|p1a: Darmanitan|Darmanitan-Galar, F|100\/100\n|switch|p2a: LE DONNE|Slurpuff, M|100\/100\n|turn|1\n|\n|t:|1666161363\n|move|p1a: Darmanitan|U-turn|p2a: LE DONNE\n|-resisted|p2a: LE DONNE\n|-damage|p2a: LE DONNE|67\/100\n|\n|t:|1666161370\n|switch|p1a: Necrozma|Necrozma-Dusk-Mane|100\/100|[from]move: U-turn\n|move|p2a: LE DONNE|Sticky Web|p1a: Necrozma\n|-sidestart|p1: Zomb Thug|move: Sticky Web\n|\n|upkeep\n|turn|2\n|\n|t:|1666161374\n|move|p2a: LE DONNE|Magic Coat|p2a: LE DONNE\n|-singleturn|p2a: LE DONNE|move: Magic Coat\n|move|p1a: Necrozma|Sunsteel Strike|p2a: LE DONNE\n|-supereffective|p2a: LE DONNE\n|-damage|p2a: LE DONNE|0 fnt\n|faint|p2a: LE DONNE\n|\n|upkeep\n|\n|t:|1666161378\n|switch|p2a: BRUTTO FIGLIO DI|Necrozma-Dusk-Mane|100\/100\n|turn|3\n|c|\u2606xasahbae|fuck\n|c|\u2606xasahbae|missclick\n|c|\u2606xasahbae|D:\n|c|\u2606Zomb Thug|L\n|\n|t:|1666161390\n|switch|p2a: APPLAUSI PER FIBRA|Yveltal|100\/100\n|-ability|p2a: APPLAUSI PER FIBRA|Dark Aura\n|switch|p1a: Magnezone|Magnezone|100\/100\n|-item|p1a: Magnezone|Air Balloon\n|\n|upkeep\n|turn|4\n|c|\u2606Zomb Thug|i mean\n|c|\u2606Zomb Thug|F\n|\n|t:|1666161402\n|move|p2a: APPLAUSI PER FIBRA|Taunt|p1a: Magnezone\n|-start|p1a: Magnezone|move: Taunt\n|cant|p1a: Magnezone|move: Taunt|Thunder Wave\n|\n|upkeep\n|turn|5\n|\n|t:|1666161408\n|switch|p1a: Yveltal|Yveltal|100\/100\n|-ability|p1a: Yveltal|Dark Aura\n|move|p2a: APPLAUSI PER FIBRA|Oblivion Wing|p1a: Yveltal\n|-damage|p1a: Yveltal|73\/100\n|\n|upkeep\n|turn|6\n|\n|t:|1666161412\n|move|p2a: APPLAUSI PER FIBRA|Taunt|p1a: Yveltal\n|-start|p1a: Yveltal|move: Taunt\n|cant|p1a: Yveltal|move: Taunt|Defog\n|\n|upkeep\n|turn|7\n|\n|t:|1666161416\n|move|p2a: APPLAUSI PER FIBRA|Oblivion Wing|p1a: Yveltal\n|-damage|p1a: Yveltal|47\/100\n|move|p1a: Yveltal|Foul Play|p2a: APPLAUSI PER FIBRA\n|-resisted|p2a: APPLAUSI PER FIBRA\n|-damage|p2a: APPLAUSI PER FIBRA|78\/100\n|\n|upkeep\n|turn|8\n|\n|t:|1666161421\n|move|p2a: APPLAUSI PER FIBRA|Oblivion Wing|p1a: Yveltal\n|-damage|p1a: Yveltal|12\/100\n|-heal|p2a: APPLAUSI PER FIBRA|100\/100|[from] drain|[of] p1a: Yveltal\n|move|p1a: Yveltal|U-turn|p2a: APPLAUSI PER FIBRA\n|-damage|p2a: APPLAUSI PER FIBRA|81\/100\n|\n|t:|1666161431\n|switch|p1a: Eternatus|Eternatus|100\/100|[from]move: U-turn\n|-ability|p1a: Eternatus|Pressure\n|\n|upkeep\n|turn|9\n|\n|t:|1666161435\n|switch|p2a: BRUTTO FIGLIO DI|Necrozma-Dusk-Mane|100\/100\n|move|p1a: Eternatus|Toxic|p2a: BRUTTO FIGLIO DI\n|-immune|p2a: BRUTTO FIGLIO DI\n|\n|upkeep\n|turn|10\n|\n|t:|1666161438\n|switch|p1a: Magnezone|Magnezone|100\/100\n|-item|p1a: Magnezone|Air Balloon\n|move|p2a: BRUTTO FIGLIO DI|Dragon Dance|p2a: BRUTTO FIGLIO DI\n|-boost|p2a: BRUTTO FIGLIO DI|atk|1\n|-boost|p2a: BRUTTO FIGLIO DI|spe|1\n|\n|upkeep\n|turn|11\n|\n|t:|1666161445\n|move|p2a: BRUTTO FIGLIO DI|Sunsteel Strike|p1a: Magnezone\n|-resisted|p1a: Magnezone\n|-damage|p1a: Magnezone|74\/100\n|-enditem|p1a: Magnezone|Air Balloon\n|-damage|p2a: BRUTTO FIGLIO DI|91\/100|[from] item: Life Orb\n|move|p1a: Magnezone|Magnet Rise|p1a: Magnezone\n|-start|p1a: Magnezone|Magnet Rise\n|\n|upkeep\n|turn|12\n|\n|t:|1666161451\n|move|p2a: BRUTTO FIGLIO DI|Dragon Dance|p2a: BRUTTO FIGLIO DI\n|-boost|p2a: BRUTTO FIGLIO DI|atk|1\n|-boost|p2a: BRUTTO FIGLIO DI|spe|1\n|move|p1a: Magnezone|Iron Defense|p1a: Magnezone\n|-boost|p1a: Magnezone|def|2\n|\n|upkeep\n|turn|13\n|\n|t:|1666161453\n|move|p2a: BRUTTO FIGLIO DI|Dragon Dance|p2a: BRUTTO FIGLIO DI\n|-boost|p2a: BRUTTO FIGLIO DI|atk|1\n|-boost|p2a: BRUTTO FIGLIO DI|spe|1\n|move|p1a: Magnezone|Iron Defense|p1a: Magnezone\n|-boost|p1a: Magnezone|def|2\n|\n|upkeep\n|turn|14\n|\n|t:|1666161457\n|move|p2a: BRUTTO FIGLIO DI|Sunsteel Strike|p1a: Magnezone\n|-resisted|p1a: Magnezone\n|-damage|p1a: Magnezone|58\/100\n|-damage|p2a: BRUTTO FIGLIO DI|81\/100|[from] item: Life Orb\n|move|p1a: Magnezone|Thunder Wave|p2a: BRUTTO FIGLIO DI\n|-status|p2a: BRUTTO FIGLIO DI|par\n|\n|upkeep\n|turn|15\n|\n|t:|1666161463\n|move|p2a: BRUTTO FIGLIO DI|Sunsteel Strike|p1a: Magnezone\n|-resisted|p1a: Magnezone\n|-damage|p1a: Magnezone|41\/100\n|-damage|p2a: BRUTTO FIGLIO DI|71\/100 par|[from] item: Life Orb\n|move|p1a: Magnezone|Iron Defense|p1a: Magnezone\n|-boost|p1a: Magnezone|def|2\n|\n|-end|p1a: Magnezone|Magnet Rise\n|upkeep\n|turn|16\n|\n|t:|1666161468\n|move|p2a: BRUTTO FIGLIO DI|Sunsteel Strike|p1a: Magnezone\n|-resisted|p1a: Magnezone\n|-damage|p1a: Magnezone|30\/100\n|-damage|p2a: BRUTTO FIGLIO DI|61\/100 par|[from] item: Life Orb\n|move|p1a: Magnezone|Body Press|p2a: BRUTTO FIGLIO DI\n|-damage|p2a: BRUTTO FIGLIO DI|0 fnt\n|faint|p2a: BRUTTO FIGLIO DI\n|\n|upkeep\n|\n|t:|1666161476\n|switch|p2a: IN ITALIA|Calyrex-Shadow|100\/100\n|-ability|p2a: IN ITALIA|As One\n|-ability|p2a: IN ITALIA|Unnerve\n|turn|17\n|\n|t:|1666161490\n|move|p2a: IN ITALIA|Astral Barrage|p1a: Magnezone\n|-damage|p1a: Magnezone|0 fnt\n|faint|p1a: Magnezone\n|-ability|p2a: IN ITALIA|Grim Neigh|boost\n|-boost|p2a: IN ITALIA|spa|1\n|\n|upkeep\n|inactive|Zomb Thug has 120 seconds left.\n|\n|t:|1666161517\n|switch|p1a: Necrozma|Necrozma-Dusk-Mane|100\/100\n|-activate|p1a: Necrozma|move: Sticky Web\n|-unboost|p1a: Necrozma|spe|1\n|turn|18\n|\n|t:|1666161522\n|move|p2a: IN ITALIA|Astral Barrage|p1a: Necrozma\n|-supereffective|p1a: Necrozma\n|-damage|p1a: Necrozma|0 fnt\n|faint|p1a: Necrozma\n|-ability|p2a: IN ITALIA|Grim Neigh|boost\n|-boost|p2a: IN ITALIA|spa|1\n|\n|upkeep\n|\n|t:|1666161529\n|switch|p1a: Darmanitan|Darmanitan-Galar, F|100\/100\n|-activate|p1a: Darmanitan|move: Sticky Web\n|-unboost|p1a: Darmanitan|spe|1\n|turn|19\n|\n|t:|1666161537\n|move|p2a: IN ITALIA|Astral Barrage|p1a: Darmanitan\n|-crit|p1a: Darmanitan\n|-damage|p1a: Darmanitan|0 fnt\n|faint|p1a: Darmanitan\n|-ability|p2a: IN ITALIA|Grim Neigh|boost\n|-boost|p2a: IN ITALIA|spa|1\n|\n|upkeep\n|-message|Zomb Thug forfeited.\n|\n|win|xasahbae\n|n|\u2606Zomb Thug|zombthug\n|n|\u2606xasahbae|xasahbae\n|n|*Lady Monita \u263d|ladymonita\n|l|*Lady Monita \u263d\n|l|\u2606Zomb Thug\n|c|\u2606xasahbae|ggg\n","uploadtime":1666161547,"views":11,"p1id":"zombthug","p2id":"xasahbae","formatid":"gen8ubers","rating":0,"private":0,"password":null}