{"id":"gen8unratedrandombattle-1674635816","p1":"a1012","p2":"Spectre Ace","format":"gen8unratedrandombattle","log":"|j|\u2606a1012\n|j|\u2606Spectre Ace\n|t:|1664584224\n|gametype|singles\n|player|p1|a1012|blue-masters|\n|player|p2|Spectre Ace|juggler|\n|teamsize|p1|6\n|teamsize|p2|6\n|gen|8\n|tier|[Gen 8] Unrated Random Battle\n|rule|Species Clause: Limit one of each Pok\u00e9mon\n|rule|HP Percentage Mod: HP is shown in percentages\n|rule|Sleep Clause Mod: Limit one foe put to sleep\n|\n|t:|1664584224\n|start\n|switch|p1a: Weavile|Weavile, L79, M|240\/240\n|switch|p2a: Pikachu|Pikachu, L92, F|214\/214\n|turn|1\n|\n|t:|1664584233\n|switch|p2a: Sirfetch\u2019d|Sirfetch\u2019d, L82, F|236\/236\n|move|p1a: Weavile|Knock Off|p2a: Sirfetch\u2019d\n|-resisted|p2a: Sirfetch\u2019d\n|-damage|p2a: Sirfetch\u2019d|179\/236\n|-enditem|p2a: Sirfetch\u2019d|Life Orb|[from] move: Knock Off|[of] p1a: Weavile\n|\n|upkeep\n|turn|2\n|\n|t:|1664584241\n|switch|p1a: Cresselia|Cresselia, L80, F|323\/323\n|move|p2a: Sirfetch\u2019d|Close Combat|p1a: Cresselia\n|-resisted|p1a: Cresselia\n|-damage|p1a: Cresselia|254\/323\n|-unboost|p2a: Sirfetch\u2019d|def|1\n|-unboost|p2a: Sirfetch\u2019d|spd|1\n|\n|-heal|p1a: Cresselia|274\/323|[from] item: Leftovers\n|upkeep\n|turn|3\n|\n|t:|1664584247\n|switch|p2a: Trevenant|Trevenant, L86, F|286\/286\n|move|p1a: Cresselia|Psyshock|p2a: Trevenant\n|-damage|p2a: Trevenant|211\/286\n|\n|-heal|p1a: Cresselia|294\/323|[from] item: Leftovers\n|upkeep\n|turn|4\n|\n|t:|1664584250\n|switch|p1a: Tangrowth|Tangrowth, L84, M|305\/305\n|move|p2a: Trevenant|Trick Room|p2a: Trevenant\n|-fieldstart|move: Trick Room|[of] p2a: Trevenant\n|\n|upkeep\n|turn|5\n|\n|t:|1664584264\n|switch|p2a: Jirachi|Jirachi, L79|288\/288\n|move|p1a: Tangrowth|Knock Off|p2a: Jirachi\n|-supereffective|p2a: Jirachi\n|-damage|p2a: Jirachi|164\/288\n|-enditem|p2a: Jirachi|Leftovers|[from] move: Knock Off|[of] p1a: Tangrowth\n|\n|upkeep\n|turn|6\n|\n|t:|1664584268\n|move|p1a: Tangrowth|Leech Seed|p2a: Jirachi\n|-start|p2a: Jirachi|move: Leech Seed\n|move|p2a: Jirachi|U-turn|p1a: Tangrowth\n|-supereffective|p1a: Tangrowth\n|-damage|p1a: Tangrowth|235\/305\n|-damage|p2a: Jirachi|116\/288|[from] item: Rocky Helmet|[of] p1a: Tangrowth\n|\n|t:|1664584271\n|switch|p2a: Sirfetch\u2019d|Sirfetch\u2019d, L82, F|179\/236\n|\n|upkeep\n|turn|7\n|\n|t:|1664584275\n|move|p1a: Tangrowth|Leech Seed|p2a: Sirfetch\u2019d\n|-start|p2a: Sirfetch\u2019d|move: Leech Seed\n|move|p2a: Sirfetch\u2019d|Swords Dance|p2a: Sirfetch\u2019d\n|-boost|p2a: Sirfetch\u2019d|atk|2\n|\n|-damage|p2a: Sirfetch\u2019d|150\/236|[from] Leech Seed|[of] p1a: Tangrowth\n|-heal|p1a: Tangrowth|264\/305|[silent]\n|upkeep\n|turn|8\n|\n|t:|1664584279\n|switch|p1a: Cresselia|Cresselia, L80, F|294\/323\n|move|p2a: Sirfetch\u2019d|Brave Bird|p1a: Cresselia\n|-damage|p1a: Cresselia|112\/323\n|-damage|p2a: Sirfetch\u2019d|90\/236|[from] Recoil\n|\n|-heal|p1a: Cresselia|132\/323|[from] item: Leftovers\n|-damage|p2a: Sirfetch\u2019d|61\/236|[from] Leech Seed|[of] p1a: Cresselia\n|-heal|p1a: Cresselia|161\/323|[silent]\n|-fieldend|move: Trick Room\n|upkeep\n|turn|9\n|\n|t:|1664584283\n|move|p1a: Cresselia|Psyshock|p2a: Sirfetch\u2019d\n|-supereffective|p2a: Sirfetch\u2019d\n|-damage|p2a: Sirfetch\u2019d|0 fnt\n|faint|p2a: Sirfetch\u2019d\n|\n|-heal|p1a: Cresselia|181\/323|[from] item: Leftovers\n|upkeep\n|\n|t:|1664584289\n|switch|p2a: Pikachu|Pikachu, L92, F|214\/214\n|turn|10\n|\n|t:|1664584294\n|switch|p1a: Stunfisk|Stunfisk, L84, F|320\/320\n|move|p2a: Pikachu|Knock Off|p1a: Stunfisk\n|-damage|p1a: Stunfisk|212\/320\n|-enditem|p1a: Stunfisk|Leftovers|[from] move: Knock Off|[of] p2a: Pikachu\n|\n|upkeep\n|turn|11\n|\n|t:|1664584298\n|switch|p2a: Jirachi|Jirachi, L79|116\/288\n|move|p1a: Stunfisk|Stealth Rock|p2a: Jirachi\n|-sidestart|p2: Spectre Ace|move: Stealth Rock\n|\n|upkeep\n|turn|12\n|\n|t:|1664584301\n|switch|p1a: Tangrowth|Tangrowth, L84, M|305\/305\n|move|p2a: Jirachi|Iron Head|p1a: Tangrowth\n|-damage|p1a: Tangrowth|241\/305\n|-damage|p2a: Jirachi|68\/288|[from] item: Rocky Helmet|[of] p1a: Tangrowth\n|\n|upkeep\n|turn|13\n|\n|t:|1664584304\n|move|p2a: Jirachi|Toxic|p1a: Tangrowth\n|-status|p1a: Tangrowth|tox\n|move|p1a: Tangrowth|Leech Seed|p2a: Jirachi\n|-start|p2a: Jirachi|move: Leech Seed\n|\n|-damage|p2a: Jirachi|32\/288|[from] Leech Seed|[of] p1a: Tangrowth\n|-heal|p1a: Tangrowth|277\/305 tox|[silent]\n|-damage|p1a: Tangrowth|258\/305 tox|[from] psn\n|upkeep\n|turn|14\n|\n|t:|1664584308\n|move|p2a: Jirachi|Fire Punch|p1a: Tangrowth\n|-supereffective|p1a: Tangrowth\n|-damage|p1a: Tangrowth|186\/305 tox\n|-damage|p2a: Jirachi|0 fnt|[from] item: Rocky Helmet|[of] p1a: Tangrowth\n|faint|p2a: Jirachi\n|move|p1a: Tangrowth|Giga Drain|p2: Jirachi|[notarget]\n|-fail|p1a: Tangrowth\n|\n|-damage|p1a: Tangrowth|148\/305 tox|[from] psn\n|upkeep\n|\n|t:|1664584312\n|switch|p2a: Calyrex|Calyrex-Shadow, L65|238\/238\n|-ability|p2a: Calyrex|As One\n|-ability|p2a: Calyrex|Unnerve\n|-damage|p2a: Calyrex|209\/238|[from] Stealth Rock\n|turn|15\n|\n|t:|1664584317\n|switch|p1a: Weavile|Weavile, L79, M|240\/240\n|move|p2a: Calyrex|Astral Barrage|p1a: Weavile\n|-resisted|p1a: Weavile\n|-damage|p1a: Weavile|179\/240\n|\n|-heal|p2a: Calyrex|223\/238|[from] item: Leftovers\n|upkeep\n|turn|16\n|\n|t:|1664584323\n|switch|p2a: Gigalith|Gigalith, L82, M|274\/274\n|-damage|p2a: Gigalith|240\/274|[from] Stealth Rock\n|-weather|Sandstorm|[from] ability: Sand Stream|[of] p2a: Gigalith\n|move|p1a: Weavile|Knock Off|p2a: Gigalith\n|-damage|p2a: Gigalith|155\/274\n|-enditem|p2a: Gigalith|Leftovers|[from] move: Knock Off|[of] p1a: Weavile\n|\n|-weather|Sandstorm|[upkeep]\n|-damage|p1a: Weavile|164\/240|[from] Sandstorm\n|upkeep\n|turn|17\n|\n|t:|1664584328\n|switch|p1a: Tangrowth|Tangrowth, L84, M|249\/305 tox\n|move|p2a: Gigalith|Stealth Rock|p1a: Tangrowth\n|-sidestart|p1: a1012|move: Stealth Rock\n|\n|-weather|Sandstorm|[upkeep]\n|-damage|p1a: Tangrowth|230\/305 tox|[from] Sandstorm\n|-damage|p1a: Tangrowth|211\/305 tox|[from] psn\n|upkeep\n|turn|18\n|\n|t:|1664584330\n|switch|p2a: Trevenant|Trevenant, L86, F|211\/286\n|-damage|p2a: Trevenant|176\/286|[from] Stealth Rock\n|move|p1a: Tangrowth|Leech Seed|p2a: Trevenant\n|-immune|p2a: Trevenant\n|\n|-weather|Sandstorm|[upkeep]\n|-damage|p1a: Tangrowth|192\/305 tox|[from] Sandstorm\n|-damage|p2a: Trevenant|159\/286|[from] Sandstorm\n|-damage|p1a: Tangrowth|154\/305 tox|[from] psn\n|upkeep\n|turn|19\n|\n|t:|1664584337\n|move|p1a: Tangrowth|Knock Off|p2a: Trevenant\n|-supereffective|p2a: Trevenant\n|-crit|p2a: Trevenant\n|-damage|p2a: Trevenant|0 fnt\n|-enditem|p2a: Trevenant|Life Orb|[from] move: Knock Off|[of] p1a: Tangrowth\n|faint|p2a: Trevenant\n|\n|-weather|Sandstorm|[upkeep]\n|-damage|p1a: Tangrowth|135\/305 tox|[from] Sandstorm\n|-damage|p1a: Tangrowth|78\/305 tox|[from] psn\n|upkeep\n|\n|t:|1664584339\n|switch|p2a: Calyrex|Calyrex-Shadow, L65|223\/238\n|-ability|p2a: Calyrex|As One\n|-ability|p2a: Calyrex|Unnerve\n|-damage|p2a: Calyrex|194\/238|[from] Stealth Rock\n|turn|20\n|\n|t:|1664584343\n|switch|p1a: Wishiwashi|Wishiwashi, L84, F|213\/213\n|-damage|p1a: Wishiwashi|187\/213|[from] Stealth Rock\n|-formechange|p1a: Wishiwashi|Wishiwashi-School||[from] ability: Schooling\n|-start|p2a: Calyrex|Dynamax|\n|-heal|p2a: Calyrex|388\/476|[silent]\n|move|p2a: Calyrex|Max Flutterby|p1a: Wishiwashi\n|-damage|p1a: Wishiwashi|148\/213\n|-unboost|p1a: Wishiwashi|spa|1\n|\n|-weather|none\n|-heal|p2a: Calyrex|402\/476|[from] item: Leftovers\n|upkeep\n|turn|21\n|\n|t:|1664584346\n|move|p2a: Calyrex|Max Phantasm|p1a: Wishiwashi\n|-damage|p1a: Wishiwashi|73\/213\n|-unboost|p1a: Wishiwashi|def|1\n|move|p1a: Wishiwashi|U-turn|p2a: Calyrex\n|-damage|p2a: Calyrex|310\/476\n|\n|t:|1664584347\n|switch|p1a: Weavile|Weavile, L79, M|164\/240\n|\n|-heal|p2a: Calyrex|324\/476|[from] item: Leftovers\n|upkeep\n|turn|22\n|\n|t:|1664584351\n|-start|p1a: Weavile|Dynamax|\n|-heal|p1a: Weavile|328\/480|[silent]\n|move|p1a: Weavile|Max Darkness|p2a: Calyrex\n|-supereffective|p2a: Calyrex\n|-damage|p2a: Calyrex|0 fnt\n|faint|p2a: Calyrex\n|\n|upkeep\n|\n|t:|1664584356\n|switch|p2a: Gigalith|Gigalith, L82, M|155\/274\n|-damage|p2a: Gigalith|121\/274|[from] Stealth Rock\n|-weather|Sandstorm|[from] ability: Sand Stream|[of] p2a: Gigalith\n|turn|23\n|\n|t:|1664584359\n|move|p1a: Weavile|Max Knuckle|p2a: Gigalith\n|-supereffective|p2a: Gigalith\n|-damage|p2a: Gigalith|7\/274\n|-boost|p1a: Weavile|atk|1\n|move|p2a: Gigalith|Stone Edge|p1a: Weavile\n|-supereffective|p1a: Weavile\n|-damage|p1a: Weavile|0 fnt\n|faint|p1a: Weavile\n|\n|-weather|Sandstorm|[upkeep]\n|upkeep\n|\n|t:|1664584367\n|switch|p1a: Wishiwashi|Wishiwashi, L84, F|73\/213\n|-damage|p1a: Wishiwashi|47\/213|[from] Stealth Rock\n|turn|24\n|\n|t:|1664584371\n|move|p1a: Wishiwashi|U-turn|p2a: Gigalith\n|-damage|p2a: Gigalith|0 fnt\n|faint|p2a: Gigalith\n|\n|t:|1664584372\n|switch|p1a: Tangrowth|Tangrowth, L84, M|179\/305 tox\n|-damage|p1a: Tangrowth|141\/305 tox|[from] Stealth Rock\n|\n|-weather|Sandstorm|[upkeep]\n|-damage|p1a: Tangrowth|122\/305 tox|[from] Sandstorm\n|-damage|p1a: Tangrowth|103\/305 tox|[from] psn\n|upkeep\n|\n|t:|1664584373\n|switch|p2a: Pikachu|Pikachu, L92, F|214\/214\n|-damage|p2a: Pikachu|188\/214|[from] Stealth Rock\n|turn|25\n|\n|t:|1664584377\n|switch|p1a: Wishiwashi|Wishiwashi, L84, F|47\/213\n|-damage|p1a: Wishiwashi|21\/213|[from] Stealth Rock\n|move|p2a: Pikachu|Volt Switch|p1a: Wishiwashi\n|-supereffective|p1a: Wishiwashi\n|-damage|p1a: Wishiwashi|0 fnt\n|faint|p1a: Wishiwashi\n|\n|-weather|Sandstorm|[upkeep]\n|-damage|p2a: Pikachu|175\/214|[from] Sandstorm\n|upkeep\n|\n|t:|1664584379\n|switch|p1a: Tangrowth|Tangrowth, L84, M|204\/305 tox\n|-damage|p1a: Tangrowth|166\/305 tox|[from] Stealth Rock\n|turn|26\n|\n|t:|1664584382\n|move|p2a: Pikachu|Iron Tail|p1a: Tangrowth\n|-damage|p1a: Tangrowth|88\/305 tox\n|-unboost|p1a: Tangrowth|def|1\n|-damage|p2a: Pikachu|140\/214|[from] item: Rocky Helmet|[of] p1a: Tangrowth\n|move|p1a: Tangrowth|Earthquake|p2a: Pikachu\n|-supereffective|p2a: Pikachu\n|-damage|p2a: Pikachu|0 fnt\n|faint|p2a: Pikachu\n|\n|win|a1012\n|l|\u2606Spectre Ace\n|c|\u2606a1012|gg.\n","inputlog":">version 806e56ea67f2f748d4b403b3f5b33d56e25d3f7a\n>start {\"formatid\":\"gen8unratedrandombattle\",\"seed\":[32393,44119,56267,719]}\n>player p1 {\"name\":\"a1012\",\"avatar\":\"blue-masters\",\"rating\":0,\"seed\":[29750,21251,2567,63217]}\n>player p2 {\"name\":\"Spectre Ace\",\"avatar\":\"juggler\",\"rating\":0,\"seed\":[41077,14882,27312,25980]}\n>p1 move knockoff\n>p2 switch 6\n>p1 switch 3\n>p2 move closecombat\n>p1 move psyshock\n>p2 switch 3\n>p1 switch 5\n>p2 move trickroom\n>p1 move knockoff\n>p2 switch 4\n>p1 move leechseed\n>p2 move uturn\n>p2 switch 3\n>p1 move leechseed\n>p2 move swordsdance\n>p1 switch 5\n>p2 move bravebird\n>p1 move psyshock\n>p2 move knockoff\n>p2 switch 6\n>p1 switch 2\n>p2 move knockoff\n>p1 move stealthrock\n>p2 switch 3\n>p1 switch 5\n>p2 move ironhead\n>p1 move leechseed\n>p2 move toxic\n>p1 move gigadrain\n>p2 move firepunch\n>p2 switch 2\n>p1 switch 3\n>p2 move astralbarrage\n>p1 move knockoff\n>p2 switch 5\n>p1 switch 3\n>p2 move stealthrock\n>p1 move leechseed\n>p2 switch 4\n>p1 move knockoff\n>p2 move trickroom\n>p2 switch 5\n>p1 switch 6\n>p2 move pollenpuff dynamax\n>p1 move uturn\n>p2 move astralbarrage dynamax\n>p1 switch 3\n>p1 move knockoff dynamax\n>p2 move pollenpuff dynamax\n>p2 switch 4\n>p1 move lowkick dynamax\n>p2 move stoneedge\n>p1 switch 3\n>p1 move uturn\n>p2 move earthquake\n>p1 switch 6\n>p2 switch 3\n>p1 switch 6\n>p2 move voltswitch\n>p1 switch 6\n>p1 move earthquake\n>p2 move irontail","uploadtime":1664584388,"views":11,"p1id":"a1012","p2id":"spectreace","formatid":"gen8unratedrandombattle","rating":0,"private":0,"password":null}