{"id":"gen8lc-1453361113","p1":"Expulso","p2":"Laroxyl","format":"gen8lc","log":"|j|\u2606Expulso\n|j|\u2606Laroxyl\n|t:|1636668497\n|gametype|singles\n|player|p1|Expulso|1|\n|player|p2|Laroxyl|101|\n|teamsize|p1|6\n|teamsize|p2|6\n|gen|8\n|tier|[Gen 8] LC\n|rule|Sleep Clause Mod: Limit one foe put to sleep\n|rule|Species Clause: Limit one of each Pok\u00e9mon\n|rule|OHKO Clause: OHKO moves are banned\n|rule|Evasion Moves Clause: Evasion moves are banned\n|rule|Endless Battle Clause: Forcing endless battles is banned\n|rule|HP Percentage Mod: HP is shown in percentages\n|rule|Dynamax Clause: You cannot dynamax\n|clearpoke\n|poke|p1|Pawniard, L5, M|\n|poke|p1|Mienfoo, L5, F|\n|poke|p1|Koffing, L5, F|\n|poke|p1|Natu, L5, F|\n|poke|p1|Frillish, L5, M|\n|poke|p1|Trapinch, L5, M|\n|poke|p2|Sinistea, L5|\n|poke|p2|Zigzagoon, L5, F|\n|poke|p2|Pawniard, L5, M|\n|poke|p2|Natu, L5, F|\n|poke|p2|Porygon, L5|\n|poke|p2|Magby, L5, M|\n|teampreview\n|c|\u2606Expulso|Hf\n|c|\u2606Laroxyl|hf\n|inactive|Battle timer is ON: inactive players will automatically lose when time's up. (requested by Expulso)\n|j| Acehunter1\n|inactive|Laroxyl has 270 seconds left.\n|\n|t:|1636668547\n|start\n|switch|p1a: Natu|Natu, L5, F|100\/100\n|switch|p2a: Pawniard|Pawniard, L5, M|100\/100\n|turn|1\n|\n|t:|1636668573\n|move|p1a: Natu|Heat Wave|p2a: Pawniard\n|-supereffective|p2a: Pawniard\n|-damage|p2a: Pawniard|5\/100\n|move|p2a: Pawniard|Rock Polish|p2a: Pawniard\n|-boost|p2a: Pawniard|spe|2\n|\n|upkeep\n|turn|2\n|inactive|Laroxyl has 270 seconds left.\n|j| daunt vs\n|j|+Merritty\n|inactive|Expulso has 270 seconds left.\n|inactive|Laroxyl has 240 seconds left.\n|j| Discord main\n|j| Prodigezz\n|l|+Merritty\n|inactive|Laroxyl has 210 seconds left.\n|l| daunt vs\n|inactive|Laroxyl has 180 seconds left.\n|\n|t:|1636668689\n|move|p2a: Pawniard|Knock Off|p1a: Natu\n|-supereffective|p1a: Natu\n|-damage|p1a: Natu|0 fnt\n|-enditem|p1a: Natu|Eviolite|[from] move: Knock Off|[of] p2a: Pawniard\n|faint|p1a: Natu\n|\n|upkeep\n|\n|t:|1636668692\n|switch|p1a: Trapinch|Trapinch, L5, M|100\/100\n|turn|3\n|j| daunt vs\n|\n|t:|1636668701\n|move|p1a: Trapinch|First Impression|p2a: Pawniard\n|-damage|p2a: Pawniard|0 fnt\n|faint|p2a: Pawniard\n|\n|upkeep\n|\n|t:|1636668708\n|switch|p2a: Natu|Natu, L5, F|100\/100\n|turn|4\n|inactive|Expulso has 270 seconds left.\n|\n|t:|1636668730\n|switch|p1a: Pawniard|Pawniard, L5, M|100\/100\n|move|p2a: Natu|Reflect|p2a: Natu\n|-sidestart|p2: Laroxyl|Reflect\n|\n|upkeep\n|turn|5\n|l| daunt vs\n|\n|t:|1636668739\n|move|p2a: Natu|Light Screen|p2a: Natu\n|-sidestart|p2: Laroxyl|move: Light Screen\n|move|p1a: Pawniard|Knock Off|p2a: Natu\n|-supereffective|p2a: Natu\n|-damage|p2a: Natu|29\/100\n|-enditem|p2a: Natu|Light Clay|[from] move: Knock Off|[of] p1a: Pawniard\n|\n|upkeep\n|turn|6\n|\n|t:|1636668756\n|switch|p1a: Mienfoo|Mienfoo, L5, F|100\/100\n|move|p2a: Natu|Thunder Wave|p1a: Mienfoo\n|-status|p1a: Mienfoo|par\n|\n|upkeep\n|turn|7\n|\n|t:|1636668762\n|move|p1a: Mienfoo|Fake Out|p2a: Natu\n|-damage|p2a: Natu|20\/100\n|cant|p2a: Natu|flinch\n|\n|upkeep\n|turn|8\n|\n|t:|1636668767\n|move|p1a: Mienfoo|U-turn|p2a: Natu\n|-damage|p2a: Natu|5\/100\n|\n|t:|1636668776\n|switch|p1a: Trapinch|Trapinch, L5, M|100\/100|[from]move: U-turn\n|move|p2a: Natu|Teleport|p2a: Natu\n|inactive|Laroxyl has 210 seconds left.\n|\n|t:|1636668806\n|switch|p2a: Zigzagoon|Zigzagoon, L5, F|100\/100|[from]move: Teleport\n|\n|upkeep\n|turn|9\n|inactive|Expulso has 270 seconds left.\n|inactive|Expulso has 240 seconds left.\n|l| Discord main\n|\n|t:|1636668854\n|move|p2a: Zigzagoon|Belly Drum|p2a: Zigzagoon\n|-damage|p2a: Zigzagoon|50\/100\n|-setboost|p2a: Zigzagoon|atk|6|[from] move: Belly Drum\n|-enditem|p2a: Zigzagoon|Berry Juice\n|-heal|p2a: Zigzagoon|100\/100|[from] item: Berry Juice\n|move|p1a: Trapinch|Superpower|p2a: Zigzagoon\n|-supereffective|p2a: Zigzagoon\n|-damage|p2a: Zigzagoon|41\/100\n|-unboost|p1a: Trapinch|atk|1\n|-unboost|p1a: Trapinch|def|1\n|\n|upkeep\n|turn|10\n|inactive|Expulso has 240 seconds left.\n|inactive|Laroxyl has 180 seconds left.\n|inactive|Expulso has 210 seconds left.\n|\n|t:|1636668919\n|switch|p1a: Frillish|Frillish, L5, M|100\/100\n|move|p2a: Zigzagoon|Extreme Speed|p1a: Frillish\n|-immune|p1a: Frillish\n|\n|upkeep\n|turn|11\n|j| Boulicrok\n|inactive|Expulso has 180 seconds left.\n|\n|t:|1636668956\n|switch|p1a: Mienfoo|Mienfoo, L5, F|100\/100 par\n|move|p2a: Zigzagoon|Thief|p1a: Mienfoo\n|-resisted|p1a: Mienfoo\n|-damage|p1a: Mienfoo|77\/100 par\n|-enditem|p1a: Mienfoo|Eviolite|[silent]|[from] move: Thief|[of] p2a: Zigzagoon\n|-item|p2a: Zigzagoon|Eviolite|[from] move: Thief|[of] p1a: Mienfoo\n|\n|-sideend|p2: Laroxyl|Reflect\n|upkeep\n|turn|12\n|inactive|Expulso has 150 seconds left.\n|\n|t:|1636668988\n|move|p2a: Zigzagoon|Extreme Speed|p1a: Mienfoo\n|-damage|p1a: Mienfoo|0 fnt\n|faint|p1a: Mienfoo\n|\n|-sideend|p2: Laroxyl|move: Light Screen\n|upkeep\n|inactive|Expulso has 150 seconds left.\n|inactive|Expulso has 120 seconds left.\n|inactive|Expulso has 90 seconds left.\n|inactive|Expulso has 60 seconds left.\n|j| taking a cat nap\n|\n|t:|1636669104\n|switch|p1a: Pawniard|Pawniard, L5, M|100\/100\n|turn|13\n|\n|t:|1636669108\n|move|p2a: Zigzagoon|Extreme Speed|p1a: Pawniard\n|-resisted|p1a: Pawniard\n|-damage|p1a: Pawniard|43\/100\n|move|p1a: Pawniard|Knock Off|p2a: Zigzagoon\n|-damage|p2a: Zigzagoon|0 fnt\n|-enditem|p2a: Zigzagoon|Eviolite|[from] move: Knock Off|[of] p1a: Pawniard\n|faint|p2a: Zigzagoon\n|\n|upkeep\n|\n|t:|1636669128\n|switch|p2a: Natu|Natu, L5, F|5\/100\n|turn|14\n|inactive|Expulso has 60 seconds left.\n|inactive|Laroxyl has 150 seconds left.\n|\n|t:|1636669157\n|switch|p1a: Koffing|Koffing, L5, F|100\/100\n|-ability|p1a: Koffing|Neutralizing Gas\n|move|p2a: Natu|Reflect|p2a: Natu\n|-sidestart|p2: Laroxyl|Reflect\n|\n|upkeep\n|turn|15\n|inactive|Laroxyl has 150 seconds left.\n|inactive|Expulso has 30 seconds left.\n|\n|t:|1636669182\n|-end|p1a: Koffing|ability: Neutralizing Gas\n|switch|p1a: Pawniard|Pawniard, L5, M|43\/100\n|move|p2a: Natu|Light Screen|p2a: Natu\n|-sidestart|p2: Laroxyl|move: Light Screen\n|\n|upkeep\n|turn|16\n|inactive|Laroxyl has 150 seconds left.\n|\n|t:|1636669193\n|switch|p1a: Trapinch|Trapinch, L5, M|100\/100\n|move|p2a: Natu|Teleport|p2a: Natu\n|\n|t:|1636669215\n|switch|p2a: Porygon|Porygon, L5|100\/100|[from]move: Teleport\n|-ability|p2a: Porygon|Download|boost\n|-boost|p2a: Porygon|spa|1\n|\n|upkeep\n|turn|17\n|j| proudofmyinsanity\n|\n|t:|1636669230\n|switch|p1a: Frillish|Frillish, L5, M|100\/100\n|move|p2a: Porygon|Tri Attack|p1a: Frillish\n|-immune|p1a: Frillish\n|\n|upkeep\n|turn|18\n|\n|t:|1636669243\n|move|p2a: Porygon|Thunderbolt|p1a: Frillish\n|-supereffective|p1a: Frillish\n|-damage|p1a: Frillish|36\/100\n|move|p1a: Frillish|Will-O-Wisp|p2a: Porygon|[miss]\n|-miss|p1a: Frillish|p2a: Porygon\n|\n|-sideend|p2: Laroxyl|Reflect\n|upkeep\n|turn|19\n|inactive|Laroxyl has 120 seconds left.\n|j| tazz\n|inactive|Laroxyl has 90 seconds left.\n|\n|t:|1636669302\n|move|p2a: Porygon|Thunderbolt|p1a: Frillish\n|-supereffective|p1a: Frillish\n|-damage|p1a: Frillish|0 fnt\n|faint|p1a: Frillish\n|\n|-sideend|p2: Laroxyl|move: Light Screen\n|upkeep\n|\n|t:|1636669313\n|switch|p1a: Pawniard|Pawniard, L5, M|43\/100\n|turn|20\n|\n|t:|1636669324\n|move|p1a: Pawniard|Knock Off|p2a: Porygon\n|-damage|p2a: Porygon|31\/100\n|-enditem|p2a: Porygon|Berry Juice|[from] move: Knock Off|[of] p1a: Pawniard\n|move|p2a: Porygon|Thunderbolt|p1a: Pawniard\n|-damage|p1a: Pawniard|0 fnt\n|faint|p1a: Pawniard\n|\n|upkeep\n|\n|t:|1636669331\n|switch|p1a: Trapinch|Trapinch, L5, M|100\/100\n|turn|21\n|\n|t:|1636669337\n|move|p1a: Trapinch|First Impression|p2a: Porygon\n|-damage|p2a: Porygon|0 fnt\n|faint|p2a: Porygon\n|\n|upkeep\n|\n|t:|1636669346\n|switch|p2a: Natu|Natu, L5, F|5\/100\n|turn|22\n|\n|t:|1636669348\n|move|p1a: Trapinch|Feint|p2a: Natu\n|-damage|p2a: Natu|0 fnt\n|faint|p2a: Natu\n|\n|upkeep\n|inactive|Laroxyl has 120 seconds left.\n|\n|t:|1636669383\n|switch|p2a: Sinistea|Sinistea, L5|100\/100\n|turn|23\n|inactive|Laroxyl has 90 seconds left.\n|inactive|Laroxyl has 60 seconds left.\n|j|+Merritty\n|\n|t:|1636669445\n|move|p2a: Sinistea|Shadow Ball|p1a: Trapinch\n|-damage|p1a: Trapinch|55\/100\n|move|p1a: Trapinch|Earthquake|p2a: Sinistea\n|-damage|p2a: Sinistea|43\/100\n|-ability|p2a: Sinistea|Weak Armor|boost\n|-unboost|p2a: Sinistea|def|1\n|-boost|p2a: Sinistea|spe|2\n|\n|upkeep\n|turn|24\n|inactive|Laroxyl has 30 seconds left.\n|\n|t:|1636669471\n|move|p2a: Sinistea|Shadow Ball|p1a: Trapinch\n|-damage|p1a: Trapinch|14\/100\n|move|p1a: Trapinch|Earthquake|p2a: Sinistea\n|-damage|p2a: Sinistea|0 fnt\n|faint|p2a: Sinistea\n|\n|upkeep\n|inactive|Laroxyl has 30 seconds left.\n|\n|t:|1636669476\n|switch|p2a: Magby|Magby, L5, M|100\/100\n|turn|25\n|\n|t:|1636669483\n|move|p2a: Magby|Mach Punch|p1a: Trapinch\n|-damage|p1a: Trapinch|0 fnt\n|faint|p1a: Trapinch\n|\n|upkeep\n|\n|t:|1636669486\n|switch|p1a: Koffing|Koffing, L5, F|100\/100\n|-ability|p1a: Koffing|Neutralizing Gas\n|turn|26\n|\n|t:|1636669489\n|move|p2a: Magby|Belly Drum|p2a: Magby\n|-damage|p2a: Magby|50\/100\n|-setboost|p2a: Magby|atk|6|[from] move: Belly Drum\n|-enditem|p2a: Magby|Berry Juice\n|-heal|p2a: Magby|100\/100|[from] item: Berry Juice\n|move|p1a: Koffing|Sludge Bomb|p2a: Magby\n|-damage|p2a: Magby|25\/100\n|\n|upkeep\n|turn|27\n|\n|t:|1636669503\n|move|p2a: Magby|Fire Punch|p1a: Koffing\n|-damage|p1a: Koffing|0 fnt\n|faint|p1a: Koffing\n|-end|p1a: Koffing|ability: Neutralizing Gas\n|\n|win|Laroxyl\n|c|\u2606Expulso|gg\n|c|\u2606Laroxyl|gg\n","uploadtime":1636669509,"views":631,"p1id":"expulso","p2id":"laroxyl","formatid":"gen8lc","rating":0,"private":0,"password":null}