{"id":"gen8ou-1699995951","p1":"Wolfspace","p2":"Shinjou Akane","format":"gen8ou","log":"|j|\u2606Wolfspace\n|j|\u2606Shinjou Akane\n|t:|1667303804\n|gametype|singles\n|player|p1|Wolfspace|palmer|1552\n|player|p2|Shinjou Akane|lillie-masters|1637\n|teamsize|p1|6\n|teamsize|p2|6\n|gen|8\n|tier|[Gen 8] OU\n|rated|\n|rule|Sleep Clause Mod: Limit one foe put to sleep\n|rule|Species Clause: Limit one of each Pok\u00e9mon\n|rule|OHKO Clause: OHKO moves are banned\n|rule|Evasion Items Clause: Evasion items are banned\n|rule|Evasion Moves Clause: Evasion moves are banned\n|rule|Endless Battle Clause: Forcing endless battles is banned\n|rule|HP Percentage Mod: HP is shown in percentages\n|rule|Dynamax Clause: You cannot dynamax\n|clearpoke\n|poke|p1|Weavile, F|\n|poke|p1|Zeraora|\n|poke|p1|Dragapult, M|\n|poke|p1|Victini|\n|poke|p1|Dragonite, M|\n|poke|p1|Kartana|\n|poke|p2|Tapu Lele|\n|poke|p2|Blacephalon|\n|poke|p2|Tyranitar, M|\n|poke|p2|Landorus-Therian, M|\n|poke|p2|Corviknight, M|\n|poke|p2|Toxapex, F|\n|teampreview\n|\n|t:|1667303813\n|start\n|switch|p1a: Victini|Victini|100\/100\n|switch|p2a: Tyranitar|Tyranitar, M|100\/100\n|-weather|Sandstorm|[from] ability: Sand Stream|[of] p2a: Tyranitar\n|turn|1\n|\n|t:|1667303835\n|move|p1a: Victini|Final Gambit|p2a: Tyranitar\n|-damage|p2a: Tyranitar|0 fnt\n|faint|p1a: Victini\n|faint|p2a: Tyranitar\n|\n|-weather|Sandstorm|[upkeep]\n|upkeep\n|\n|t:|1667303842\n|switch|p1a: Weavile|Weavile, F|100\/100\n|switch|p2a: Landorus|Landorus-Therian, M|100\/100\n|-ability|p1a: Weavile|Pressure\n|-ability|p2a: Landorus|Intimidate|boost\n|-unboost|p1a: Weavile|atk|1\n|turn|2\n|\n|t:|1667303845\n|move|p1a: Weavile|Swords Dance|p1a: Weavile\n|-boost|p1a: Weavile|atk|2\n|move|p2a: Landorus|U-turn|p1a: Weavile\n|-supereffective|p1a: Weavile\n|-damage|p1a: Weavile|12\/100\n|j| Ctannn\n|\n|t:|1667303850\n|switch|p2a: Tapu Lele|Tapu Lele|100\/100|[from]move: U-turn\n|-fieldstart|move: Psychic Terrain|[from] ability: Psychic Surge|[of] p2a: Tapu Lele\n|\n|-weather|Sandstorm|[upkeep]\n|-damage|p2a: Tapu Lele|94\/100|[from] Sandstorm\n|-damage|p1a: Weavile|6\/100|[from] Sandstorm\n|upkeep\n|turn|3\n|j| vcfyjj242\n|\n|t:|1667303852\n|move|p2a: Tapu Lele|Moonblast|p1a: Weavile\n|-supereffective|p1a: Weavile\n|-damage|p1a: Weavile|0 fnt\n|faint|p1a: Weavile\n|\n|-weather|Sandstorm|[upkeep]\n|-damage|p2a: Tapu Lele|88\/100|[from] Sandstorm\n|upkeep\n|\n|t:|1667303857\n|switch|p1a: Zeraora|Zeraora|100\/100\n|turn|4\n|\n|t:|1667303860\n|switch|p2a: Landorus|Landorus-Therian, M|100\/100\n|-ability|p2a: Landorus|Intimidate|boost\n|-unboost|p1a: Zeraora|atk|1\n|move|p1a: Zeraora|Knock Off|p2a: Landorus\n|-damage|p2a: Landorus|80\/100\n|-enditem|p2a: Landorus|Leftovers|[from] move: Knock Off|[of] p1a: Zeraora\n|\n|-weather|Sandstorm|[upkeep]\n|-damage|p1a: Zeraora|95\/100|[from] Sandstorm\n|upkeep\n|turn|5\n|\n|t:|1667303873\n|move|p1a: Zeraora|Bulk Up|p1a: Zeraora\n|-boost|p1a: Zeraora|atk|1\n|-boost|p1a: Zeraora|def|1\n|move|p2a: Landorus|U-turn|p1a: Zeraora\n|-damage|p1a: Zeraora|70\/100\n|\n|t:|1667303878\n|switch|p2a: Tapu Lele|Tapu Lele|88\/100|[from]move: U-turn\n|\n|-weather|none\n|upkeep\n|turn|6\n|\n|t:|1667303881\n|move|p2a: Tapu Lele|Moonblast|p1a: Zeraora\n|-damage|p1a: Zeraora|0 fnt\n|faint|p1a: Zeraora\n|\n|-fieldend|move: Psychic Terrain\n|upkeep\n|\n|t:|1667303887\n|switch|p1a: Dragonite|Dragonite, M|100\/100\n|turn|7\n|\n|t:|1667303897\n|move|p2a: Tapu Lele|Moonblast|p1a: Dragonite\n|-supereffective|p1a: Dragonite\n|-damage|p1a: Dragonite|52\/100\n|move|p1a: Dragonite|Dual Wingbeat|p2a: Tapu Lele\n|-damage|p2a: Tapu Lele|56\/100\n|-damage|p2a: Tapu Lele|27\/100\n|-hitcount|p2a: Tapu Lele|2\n|\n|upkeep\n|turn|8\n|\n|t:|1667303903\n|move|p2a: Tapu Lele|Moonblast|p1a: Dragonite\n|-supereffective|p1a: Dragonite\n|-damage|p1a: Dragonite|0 fnt\n|faint|p1a: Dragonite\n|\n|upkeep\n|\n|t:|1667303905\n|switch|p1a: Kartana|Kartana|100\/100\n|turn|9\n|\n|t:|1667303910\n|switch|p2a: Corviknight|Corviknight, M|100\/100\n|-ability|p2a: Corviknight|Pressure\n|move|p1a: Kartana|Knock Off|p2a: Corviknight\n|-damage|p2a: Corviknight|75\/100\n|-damage|p1a: Kartana|84\/100|[from] item: Rocky Helmet|[of] p2a: Corviknight\n|-enditem|p2a: Corviknight|Rocky Helmet|[from] move: Knock Off|[of] p1a: Kartana\n|-damage|p1a: Kartana|74\/100|[from] item: Life Orb\n|\n|upkeep\n|turn|10\n|\n|t:|1667303919\n|move|p1a: Kartana|Swords Dance|p1a: Kartana\n|-boost|p1a: Kartana|atk|2\n|move|p2a: Corviknight|U-turn|p1a: Kartana\n|-damage|p1a: Kartana|62\/100\n|\n|t:|1667303926\n|switch|p2a: Tapu Lele|Tapu Lele|27\/100|[from]move: U-turn\n|-fieldstart|move: Psychic Terrain|[from] ability: Psychic Surge|[of] p2a: Tapu Lele\n|\n|upkeep\n|turn|11\n|\n|t:|1667303930\n|move|p2a: Tapu Lele|Psychic|p1a: Kartana\n|-resisted|p1a: Kartana\n|-damage|p1a: Kartana|0 fnt\n|faint|p1a: Kartana\n|\n|upkeep\n|\n|t:|1667303933\n|switch|p1a: Dragapult|Dragapult, M|100\/100\n|turn|12\n|\n|t:|1667303937\n|move|p2a: Tapu Lele|Psychic|p1a: Dragapult\n|-damage|p1a: Dragapult|12\/100\n|move|p1a: Dragapult|Dragon Dance|p1a: Dragapult\n|-boost|p1a: Dragapult|atk|1\n|-boost|p1a: Dragapult|spe|1\n|\n|upkeep\n|turn|13\n|\n|t:|1667303944\n|move|p1a: Dragapult|Phantom Force||[still]\n|-prepare|p1a: Dragapult|Phantom Force\n|move|p2a: Tapu Lele|Psychic|p1a: Dragapult|[miss]\n|-miss|p2a: Tapu Lele|p1a: Dragapult\n|\n|upkeep\n|turn|14\n|\n|t:|1667303946\n|switch|p2a: Toxapex|Toxapex, F|100\/100\n|move|p1a: Dragapult|Phantom Force|p2a: Toxapex|[from]lockedmove\n|-damage|p2a: Toxapex|57\/100\n|-damage|p1a: Dragapult|0 fnt|[from] item: Rocky Helmet|[of] p2a: Toxapex\n|faint|p1a: Dragapult\n|\n|win|Shinjou Akane\n|raw|Wolfspace's rating: 1552 &rarr; <strong>1537<\/strong><br \/>(-15 for losing)\n|raw|Shinjou Akane's rating: 1637 &rarr; <strong>1652<\/strong><br \/>(+15 for winning)\n|l|\u2606Wolfspace\n|l| Ctannn\n","uploadtime":1667303959,"views":11,"p1id":"wolfspace","p2id":"shinjouakane","formatid":"gen8ou","rating":1537,"private":0,"password":null}