{"id":"gen8ou-1598099493","p1":"Anthouille","p2":"fishy8995","format":"gen8ou","log":"|j|\u2606Anthouille\n|j|\u2606fishy8995\n|t:|1655444817\n|gametype|singles\n|player|p1|Anthouille|bertha|1696\n|player|p2|fishy8995|266|1772\n|teamsize|p1|6\n|teamsize|p2|6\n|gen|8\n|tier|[Gen 8] OU\n|rated|\n|rule|Sleep Clause Mod: Limit one foe put to sleep\n|rule|Species Clause: Limit one of each Pok\u00e9mon\n|rule|OHKO Clause: OHKO moves are banned\n|rule|Evasion Moves Clause: Evasion moves are banned\n|rule|Endless Battle Clause: Forcing endless battles is banned\n|rule|HP Percentage Mod: HP is shown in percentages\n|rule|Dynamax Clause: You cannot dynamax\n|clearpoke\n|poke|p1|Heatran, M|\n|poke|p1|Landorus-Therian, M|\n|poke|p1|Urshifu-*, M|\n|poke|p1|Zapdos|\n|poke|p1|Tapu Fini|\n|poke|p1|Dragapult, F|\n|poke|p2|Hippowdon, M|\n|poke|p2|Tyranitar, F|\n|poke|p2|Excadrill, F|\n|poke|p2|Latias, F|\n|poke|p2|Toxapex, M|\n|poke|p2|Dracozolt|\n|teampreview\n|\n|t:|1655444826\n|start\n|switch|p1a: Landorus|Landorus-Therian, M|100\/100\n|switch|p2a: Tyranitar|Tyranitar, F|100\/100\n|-ability|p1a: Landorus|Intimidate|boost\n|-unboost|p2a: Tyranitar|atk|1\n|-weather|Sandstorm|[from] ability: Sand Stream|[of] p2a: Tyranitar\n|turn|1\n|\n|t:|1655444829\n|move|p1a: Landorus|U-turn|p2a: Tyranitar\n|-supereffective|p2a: Tyranitar\n|-damage|p2a: Tyranitar|68\/100\n|\n|t:|1655444832\n|switch|p1a: Urshifu|Urshifu-Rapid-Strike, M|100\/100|[from]move: U-turn\n|move|p2a: Tyranitar|Ice Beam|p1a: Urshifu\n|-resisted|p1a: Urshifu\n|-damage|p1a: Urshifu|82\/100\n|\n|-weather|Sandstorm|[upkeep]\n|-damage|p1a: Urshifu|76\/100|[from] Sandstorm\n|upkeep\n|turn|2\n|\n|t:|1655444838\n|move|p1a: Urshifu|Thunder Punch|p2a: Tyranitar\n|-damage|p2a: Tyranitar|41\/100\n|move|p2a: Tyranitar|Ice Beam|p1a: Urshifu\n|-resisted|p1a: Urshifu\n|-damage|p1a: Urshifu|56\/100\n|\n|-weather|Sandstorm|[upkeep]\n|-damage|p1a: Urshifu|50\/100|[from] Sandstorm\n|upkeep\n|turn|3\n|inactive|Battle timer is ON: inactive players will automatically lose when time's up. (requested by Anthouille)\n|\n|t:|1655444844\n|move|p1a: Urshifu|Thunder Punch|p2a: Tyranitar\n|-damage|p2a: Tyranitar|12\/100\n|-status|p2a: Tyranitar|par\n|move|p2a: Tyranitar|Thunderbolt|p1a: Urshifu\n|-supereffective|p1a: Urshifu\n|-crit|p1a: Urshifu\n|-damage|p1a: Urshifu|0 fnt\n|faint|p1a: Urshifu\n|\n|-weather|Sandstorm|[upkeep]\n|upkeep\n|\n|t:|1655444848\n|switch|p1a: Landorus|Landorus-Therian, M|100\/100\n|-ability|p1a: Landorus|Intimidate|boost\n|-unboost|p2a: Tyranitar|atk|1\n|turn|4\n|\n|t:|1655444851\n|move|p1a: Landorus|U-turn|p2a: Tyranitar\n|-supereffective|p2a: Tyranitar\n|-damage|p2a: Tyranitar|0 fnt\n|faint|p2a: Tyranitar\n|\n|t:|1655444857\n|switch|p1a: Tapu Fini|Tapu Fini|100\/100|[from]move: U-turn\n|-fieldstart|move: Misty Terrain|[from] ability: Misty Surge|[of] p1a: Tapu Fini\n|\n|-weather|Sandstorm|[upkeep]\n|-damage|p1a: Tapu Fini|94\/100|[from] Sandstorm\n|upkeep\n|\n|t:|1655444861\n|switch|p2a: Dracozolt|Dracozolt|100\/100\n|turn|5\n|\n|t:|1655444864\n|switch|p2a: Latias|Latias, F, shiny|100\/100\n|switch|p1a: Landorus|Landorus-Therian, M|100\/100\n|-ability|p1a: Landorus|Intimidate|boost\n|-unboost|p2a: Latias|atk|1\n|\n|-weather|none\n|upkeep\n|turn|6\n|\n|t:|1655444867\n|switch|p1a: Tapu Fini|Tapu Fini|94\/100\n|move|p2a: Latias|Trick|p1a: Tapu Fini\n|-activate|p2a: Latias|move: Trick|[of] p1a: Tapu Fini\n|-item|p1a: Tapu Fini|Ring Target|[from] move: Trick\n|-item|p2a: Latias|Choice Scarf|[from] move: Trick\n|\n|upkeep\n|turn|7\n|\n|t:|1655444879\n|move|p2a: Latias|Trick|p1a: Tapu Fini\n|-activate|p2a: Latias|move: Trick|[of] p1a: Tapu Fini\n|-item|p1a: Tapu Fini|Choice Scarf|[from] move: Trick\n|-item|p2a: Latias|Ring Target|[from] move: Trick\n|move|p1a: Tapu Fini|Moonblast|p2a: Latias\n|-supereffective|p2a: Latias\n|-damage|p2a: Latias|51\/100\n|-unboost|p2a: Latias|spa|1\n|\n|upkeep\n|turn|8\n|j| Fourthstar\n|\n|t:|1655444887\n|switch|p1a: Landorus|Landorus-Therian, M|100\/100\n|-ability|p1a: Landorus|Intimidate|boost\n|-unboost|p2a: Latias|atk|1\n|switch|p2a: Toxapex|Toxapex, M|100\/100\n|\n|-fieldend|Misty Terrain\n|upkeep\n|turn|9\n|\n|t:|1655444891\n|move|p1a: Landorus|Knock Off|p2a: Toxapex\n|-damage|p2a: Toxapex|74\/100\n|-enditem|p2a: Toxapex|Black Sludge|[from] move: Knock Off|[of] p1a: Landorus\n|move|p2a: Toxapex|Toxic|p1a: Landorus\n|-status|p1a: Landorus|tox\n|\n|-damage|p1a: Landorus|94\/100 tox|[from] psn\n|upkeep\n|turn|10\n|\n|t:|1655444898\n|switch|p2a: Hippowdon|Hippowdon, M|100\/100\n|-weather|Sandstorm|[from] ability: Sand Stream|[of] p2a: Hippowdon\n|move|p1a: Landorus|Earthquake|p2a: Hippowdon\n|-damage|p2a: Hippowdon|76\/100\n|\n|-weather|Sandstorm|[upkeep]\n|-heal|p1a: Landorus|100\/100 tox|[from] item: Leftovers\n|-damage|p1a: Landorus|88\/100 tox|[from] psn\n|upkeep\n|turn|11\n|\n|t:|1655444901\n|move|p1a: Landorus|U-turn|p2a: Hippowdon\n|-damage|p2a: Hippowdon|64\/100\n|\n|t:|1655444904\n|switch|p1a: Dragapult|Dragapult, F|100\/100|[from]move: U-turn\n|move|p2a: Hippowdon|Stealth Rock|p1a: Dragapult\n|-sidestart|p1: Anthouille|move: Stealth Rock\n|\n|-weather|Sandstorm|[upkeep]\n|-damage|p1a: Dragapult|95\/100|[from] Sandstorm\n|upkeep\n|turn|12\n|\n|t:|1655444906\n|move|p1a: Dragapult|Shadow Ball|p2a: Hippowdon\n|-damage|p2a: Hippowdon|7\/100\n|move|p2a: Hippowdon|Slack Off|p2a: Hippowdon\n|-heal|p2a: Hippowdon|57\/100\n|\n|-weather|Sandstorm|[upkeep]\n|-damage|p1a: Dragapult|89\/100|[from] Sandstorm\n|upkeep\n|turn|13\n|j| Lyc000\n|\n|t:|1655444911\n|switch|p2a: Toxapex|Toxapex, M|100\/100\n|move|p1a: Dragapult|Shadow Ball|p2a: Toxapex\n|-damage|p2a: Toxapex|61\/100\n|-unboost|p2a: Toxapex|spd|1\n|\n|-weather|Sandstorm|[upkeep]\n|-damage|p1a: Dragapult|83\/100|[from] Sandstorm\n|-damage|p2a: Toxapex|55\/100|[from] Sandstorm\n|upkeep\n|turn|14\n|l| Lyc000\n|j| CB Bhris Breezy\n|j| Lyc000\n|\n|t:|1655444918\n|switch|p2a: Hippowdon|Hippowdon, M|57\/100\n|move|p1a: Dragapult|Shadow Ball|p2a: Hippowdon\n|-damage|p2a: Hippowdon|0 fnt\n|faint|p2a: Hippowdon\n|\n|-weather|Sandstorm|[upkeep]\n|-damage|p1a: Dragapult|77\/100|[from] Sandstorm\n|upkeep\n|\n|t:|1655444921\n|switch|p2a: Excadrill|Excadrill, F, shiny|100\/100\n|turn|15\n|\n|t:|1655444924\n|switch|p1a: Landorus|Landorus-Therian, M|88\/100 tox\n|-damage|p1a: Landorus|76\/100 tox|[from] Stealth Rock\n|-ability|p1a: Landorus|Intimidate|boost\n|-unboost|p2a: Excadrill|atk|1\n|move|p2a: Excadrill|Swords Dance|p2a: Excadrill\n|-boost|p2a: Excadrill|atk|2\n|\n|-weather|Sandstorm|[upkeep]\n|-heal|p1a: Landorus|82\/100 tox|[from] item: Leftovers\n|-damage|p1a: Landorus|76\/100 tox|[from] psn\n|upkeep\n|turn|16\n|\n|t:|1655444926\n|move|p2a: Excadrill|Iron Head|p1a: Landorus\n|-damage|p1a: Landorus|25\/100 tox\n|cant|p1a: Landorus|flinch\n|\n|-weather|Sandstorm|[upkeep]\n|-heal|p1a: Landorus|31\/100 tox|[from] item: Leftovers\n|-damage|p1a: Landorus|19\/100 tox|[from] psn\n|upkeep\n|turn|17\n|\n|t:|1655444930\n|move|p2a: Excadrill|Rock Slide|p1a: Landorus\n|-damage|p1a: Landorus|0 fnt\n|faint|p1a: Landorus\n|\n|-weather|none\n|upkeep\n|\n|t:|1655444934\n|switch|p1a: Dragapult|Dragapult, F|77\/100\n|-damage|p1a: Dragapult|64\/100|[from] Stealth Rock\n|turn|18\n|j| Ran Kob\n|\n|t:|1655444939\n|move|p1a: Dragapult|Flamethrower|p2a: Excadrill\n|-supereffective|p2a: Excadrill\n|-damage|p2a: Excadrill|2\/100\n|move|p2a: Excadrill|Earthquake|p1a: Dragapult\n|-damage|p1a: Dragapult|0 fnt\n|faint|p1a: Dragapult\n|\n|upkeep\n|\n|t:|1655444942\n|switch|p1a: Tapu Fini|Tapu Fini|94\/100\n|-damage|p1a: Tapu Fini|82\/100|[from] Stealth Rock\n|-fieldstart|move: Misty Terrain|[from] ability: Misty Surge|[of] p1a: Tapu Fini\n|turn|19\n|l| CB Bhris Breezy\n|\n|t:|1655444945\n|move|p1a: Tapu Fini|Moonblast|p2a: Excadrill\n|-resisted|p2a: Excadrill\n|-damage|p2a: Excadrill|0 fnt\n|faint|p2a: Excadrill\n|\n|upkeep\n|\n|t:|1655444950\n|switch|p2a: Toxapex|Toxapex, M|88\/100\n|turn|20\n|\n|t:|1655444954\n|switch|p1a: Heatran|Heatran, M|100\/100\n|-damage|p1a: Heatran|88\/100|[from] Stealth Rock\n|move|p2a: Toxapex|Stockpile|p2a: Toxapex\n|-start|p2a: Toxapex|stockpile1\n|-boost|p2a: Toxapex|def|1\n|-boost|p2a: Toxapex|spd|1\n|\n|-heal|p1a: Heatran|94\/100|[from] item: Leftovers\n|upkeep\n|turn|21\n|\n|t:|1655444959\n|move|p1a: Heatran|Magma Storm|p2a: Toxapex\n|-resisted|p2a: Toxapex\n|-damage|p2a: Toxapex|75\/100\n|-activate|p2a: Toxapex|move: Magma Storm|[of] p1a: Heatran\n|move|p2a: Toxapex|Scald|p1a: Heatran\n|-supereffective|p1a: Heatran\n|-damage|p1a: Heatran|74\/100\n|\n|-heal|p1a: Heatran|80\/100|[from] item: Leftovers\n|-damage|p2a: Toxapex|63\/100|[from] move: Magma Storm|[partiallytrapped]\n|upkeep\n|turn|22\n|\n|t:|1655444962\n|move|p1a: Heatran|Earth Power|p2a: Toxapex\n|-supereffective|p2a: Toxapex\n|-damage|p2a: Toxapex|34\/100\n|move|p2a: Toxapex|Scald|p1a: Heatran\n|-supereffective|p1a: Heatran\n|-damage|p1a: Heatran|61\/100\n|\n|-heal|p1a: Heatran|67\/100|[from] item: Leftovers\n|-damage|p2a: Toxapex|22\/100|[from] move: Magma Storm|[partiallytrapped]\n|upkeep\n|turn|23\n|\n|t:|1655444964\n|move|p1a: Heatran|Earth Power|p2a: Toxapex\n|-supereffective|p2a: Toxapex\n|-damage|p2a: Toxapex|0 fnt\n|faint|p2a: Toxapex\n|\n|-heal|p1a: Heatran|73\/100|[from] item: Leftovers\n|-fieldend|Misty Terrain\n|upkeep\n|j| CB Bhris Breezy\n|\n|t:|1655444967\n|switch|p2a: Dracozolt|Dracozolt|100\/100\n|turn|24\n|\n|t:|1655444971\n|switch|p1a: Zapdos|Zapdos|100\/100\n|move|p2a: Dracozolt|Bolt Beak|p1a: Zapdos\n|-damage|p1a: Zapdos|22\/100\n|-damage|p2a: Dracozolt|91\/100|[from] item: Life Orb\n|\n|upkeep\n|turn|25\n|\n|t:|1655444974\n|move|p1a: Zapdos|Roost|p1a: Zapdos\n|-heal|p1a: Zapdos|72\/100\n|-singleturn|p1a: Zapdos|move: Roost\n|move|p2a: Dracozolt|Bolt Beak|p1a: Zapdos\n|-resisted|p1a: Zapdos\n|-damage|p1a: Zapdos|51\/100\n|-damage|p2a: Dracozolt|81\/100|[from] item: Life Orb\n|\n|upkeep\n|turn|26\n|\n|t:|1655444978\n|move|p1a: Zapdos|Defog|p2a: Dracozolt\n|-unboost|p2a: Dracozolt|evasion|1\n|-sideend|p1: Anthouille|Stealth Rock|[from] move: Defog|[of] p1a: Zapdos\n|move|p2a: Dracozolt|Earthquake|p1a: Zapdos\n|-immune|p1a: Zapdos\n|\n|upkeep\n|turn|27\n|\n|t:|1655444980\n|move|p1a: Zapdos|Roost|p1a: Zapdos\n|-heal|p1a: Zapdos|100\/100\n|-singleturn|p1a: Zapdos|move: Roost\n|move|p2a: Dracozolt|Earthquake|p1a: Zapdos\n|-supereffective|p1a: Zapdos\n|-damage|p1a: Zapdos|35\/100\n|-damage|p2a: Dracozolt|71\/100|[from] item: Life Orb\n|\n|upkeep\n|turn|28\n|\n|t:|1655444984\n|move|p1a: Zapdos|Roost|p1a: Zapdos\n|-heal|p1a: Zapdos|85\/100\n|-singleturn|p1a: Zapdos|move: Roost\n|move|p2a: Dracozolt|Bolt Beak|p1a: Zapdos\n|-resisted|p1a: Zapdos\n|-damage|p1a: Zapdos|64\/100\n|-damage|p2a: Dracozolt|61\/100|[from] item: Life Orb\n|\n|upkeep\n|turn|29\n|\n|t:|1655444990\n|move|p1a: Zapdos|Roost|p1a: Zapdos\n|-heal|p1a: Zapdos|100\/100\n|-singleturn|p1a: Zapdos|move: Roost\n|move|p2a: Dracozolt|Dragon Claw|p1a: Zapdos\n|-damage|p1a: Zapdos|62\/100\n|-damage|p2a: Dracozolt|51\/100|[from] item: Life Orb\n|\n|upkeep\n|turn|30\n|\n|t:|1655444994\n|move|p1a: Zapdos|Roost|p1a: Zapdos\n|-heal|p1a: Zapdos|100\/100\n|-singleturn|p1a: Zapdos|move: Roost\n|move|p2a: Dracozolt|Earthquake|p1a: Zapdos\n|-supereffective|p1a: Zapdos\n|-damage|p1a: Zapdos|28\/100\n|-damage|p2a: Dracozolt|41\/100|[from] item: Life Orb\n|\n|upkeep\n|turn|31\n|\n|t:|1655445000\n|move|p1a: Zapdos|Hurricane|p2a: Dracozolt|[miss]\n|-miss|p1a: Zapdos|p2a: Dracozolt\n|move|p2a: Dracozolt|Dragon Claw|p1a: Zapdos\n|-damage|p1a: Zapdos|0 fnt\n|faint|p1a: Zapdos\n|-damage|p2a: Dracozolt|31\/100|[from] item: Life Orb\n|\n|upkeep\n|\n|t:|1655445003\n|switch|p1a: Tapu Fini|Tapu Fini|82\/100\n|-fieldstart|move: Misty Terrain|[from] ability: Misty Surge|[of] p1a: Tapu Fini\n|turn|32\n|\n|t:|1655445010\n|move|p1a: Tapu Fini|Moonblast|p2a: Dracozolt\n|-supereffective|p2a: Dracozolt\n|-damage|p2a: Dracozolt|0 fnt\n|faint|p2a: Dracozolt\n|\n|upkeep\n|\n|t:|1655445012\n|switch|p2a: Latias|Latias, F, shiny|51\/100\n|turn|33\n|j| havefun507\n|\n|t:|1655445016\n|move|p1a: Tapu Fini|Moonblast|p2a: Latias\n|-supereffective|p2a: Latias\n|-damage|p2a: Latias|3\/100\n|-unboost|p2a: Latias|spa|1\n|move|p2a: Latias|Aura Sphere|p1a: Tapu Fini\n|-resisted|p1a: Tapu Fini\n|-crit|p1a: Tapu Fini\n|-damage|p1a: Tapu Fini|71\/100\n|\n|upkeep\n|turn|34\n|j| Swag like Ohio\n|\n|t:|1655445020\n|move|p1a: Tapu Fini|Moonblast|p2a: Latias\n|-supereffective|p2a: Latias\n|-damage|p2a: Latias|0 fnt\n|faint|p2a: Latias\n|\n|win|Anthouille\n|raw|Anthouille's rating: 1696 &rarr; <strong>1720<\/strong><br \/>(+24 for winning)\n|raw|fishy8995's rating: 1772 &rarr; <strong>1748<\/strong><br \/>(-24 for losing)\n|j| grw4g432333\n|l|\u2606fishy8995\n|l|\u2606Anthouille\n|l| grw4g432333\n|l| CB Bhris Breezy\n|l| Ran Kob\n|l| Fourthstar\n|j| Cubielubie\n|l| havefun507\n|l| Lyc000\n","uploadtime":1655447267,"views":25,"p1id":"anthouille","p2id":"fishy8995","formatid":"gen8ou","rating":1720,"private":0,"password":null}