{"id":"gen8ou-1594688181","p1":"Lezzzi","p2":"Sombra Diurna","format":"gen8ou","log":"|j|\u2606Lezzzi\n|j|\u2606Sombra Diurna\n|t:|1655042268\n|gametype|singles\n|player|p1|Lezzzi|169|1523\n|player|p2|Sombra Diurna|blue|1598\n|teamsize|p1|6\n|teamsize|p2|6\n|gen|8\n|tier|[Gen 8] OU\n|rated|\n|rule|Sleep Clause Mod: Limit one foe put to sleep\n|rule|Species Clause: Limit one of each Pok\u00e9mon\n|rule|OHKO Clause: OHKO moves are banned\n|rule|Evasion Moves Clause: Evasion moves are banned\n|rule|Endless Battle Clause: Forcing endless battles is banned\n|rule|HP Percentage Mod: HP is shown in percentages\n|rule|Dynamax Clause: You cannot dynamax\n|clearpoke\n|poke|p1|Kartana|\n|poke|p1|Garchomp, M|\n|poke|p1|Slurpuff, F|\n|poke|p1|Volcarona, M|\n|poke|p1|Togekiss, M|\n|poke|p1|Blacephalon|\n|poke|p2|Slowbro, F|\n|poke|p2|Hatterene, F|\n|poke|p2|Marowak-Alola, F|\n|poke|p2|Ferrothorn, F|\n|poke|p2|Garchomp, M|\n|poke|p2|Drampa, F|\n|teampreview\n|inactive|Battle timer is ON: inactive players will automatically lose when time's up. (requested by Lezzzi)\n|\n|t:|1655042292\n|start\n|switch|p1a: Togekiss|Togekiss, M|100\/100\n|switch|p2a: Sonso|Slowbro, F|100\/100\n|turn|1\n|\n|t:|1655042298\n|switch|p2a: Thorns|Ferrothorn, F|100\/100\n|move|p1a: Togekiss|Air Slash|p2a: Thorns\n|-damage|p2a: Thorns|77\/100\n|\n|-heal|p2a: Thorns|84\/100|[from] item: Leftovers\n|upkeep\n|turn|2\n|\n|t:|1655042305\n|move|p1a: Togekiss|Flamethrower|p2a: Thorns\n|-supereffective|p2a: Thorns\n|-damage|p2a: Thorns|11\/100\n|move|p2a: Thorns|Gyro Ball|p1a: Togekiss\n|-supereffective|p1a: Togekiss\n|-damage|p1a: Togekiss|0 fnt\n|faint|p1a: Togekiss\n|\n|-heal|p2a: Thorns|17\/100|[from] item: Leftovers\n|upkeep\n|\n|t:|1655042312\n|switch|p1a: Blacephalon|Blacephalon, shiny|100\/100\n|turn|3\n|\n|t:|1655042316\n|switch|p2a: Falko|Drampa, F|100\/100\n|move|p1a: Blacephalon|Shadow Ball|p2a: Falko\n|-immune|p2a: Falko\n|\n|upkeep\n|turn|4\n|\n|t:|1655042325\n|switch|p1a: Slurpuff|Slurpuff, F|100\/100\n|move|p2a: Falko|Ice Beam|p1a: Slurpuff\n|-damage|p1a: Slurpuff|29\/100\n|\n|upkeep\n|turn|5\n|\n|t:|1655042335\n|switch|p2a: Hatterene|Hatterene, F|100\/100\n|move|p1a: Slurpuff|Misty Explosion|p2a: Hatterene\n|-damage|p2a: Hatterene|68\/100\n|faint|p1a: Slurpuff\n|\n|upkeep\n|\n|t:|1655042344\n|switch|p1a: Blacephalon|Blacephalon, shiny|100\/100\n|turn|6\n|\n|t:|1655042348\n|move|p1a: Blacephalon|Trick|p2a: Hatterene\n|-activate|p1a: Blacephalon|move: Trick|[of] p2a: Hatterene\n|-item|p2a: Hatterene|Choice Scarf|[from] move: Trick\n|-item|p1a: Blacephalon|Kasib Berry|[from] move: Trick\n|move|p2a: Hatterene|Trick Room|p2a: Hatterene\n|-fieldstart|move: Trick Room|[of] p2a: Hatterene\n|\n|upkeep\n|turn|7\n|\n|t:|1655042368\n|switch|p2a: Thorns|Ferrothorn, F|17\/100\n|switch|p1a: Garchomp|Garchomp, M|100\/100\n|\n|-heal|p2a: Thorns|24\/100|[from] item: Leftovers\n|upkeep\n|turn|8\n|\n|t:|1655042375\n|move|p2a: Thorns|Stealth Rock|p1a: Garchomp\n|-sidestart|p1: Lezzzi|move: Stealth Rock\n|move|p1a: Garchomp|Stealth Rock|p2a: Thorns\n|-sidestart|p2: Sombra Diurna|move: Stealth Rock\n|\n|-heal|p2a: Thorns|30\/100|[from] item: Leftovers\n|upkeep\n|turn|9\n|\n|t:|1655042386\n|switch|p2a: Falko|Drampa, F|100\/100\n|-damage|p2a: Falko|88\/100|[from] Stealth Rock\n|move|p1a: Garchomp|Flamethrower|p2a: Falko\n|-resisted|p2a: Falko\n|-damage|p2a: Falko|80\/100\n|\n|upkeep\n|turn|10\n|\n|t:|1655042397\n|move|p2a: Falko|Ice Beam|p1a: Garchomp\n|-supereffective|p1a: Garchomp\n|-damage|p1a: Garchomp|0 fnt\n|faint|p1a: Garchomp\n|\n|-fieldend|move: Trick Room\n|upkeep\n|\n|t:|1655042400\n|switch|p1a: Volcarona|Volcarona, M|100\/100\n|turn|11\n|\n|t:|1655042404\n|switch|p2a: Sharpo|Garchomp, M|100\/100\n|-damage|p2a: Sharpo|94\/100|[from] Stealth Rock\n|move|p1a: Volcarona|Quiver Dance|p1a: Volcarona\n|-boost|p1a: Volcarona|spa|1\n|-boost|p1a: Volcarona|spd|1\n|-boost|p1a: Volcarona|spe|1\n|\n|-heal|p2a: Sharpo|100\/100|[from] item: Leftovers\n|upkeep\n|turn|12\n|\n|t:|1655042415\n|move|p1a: Volcarona|Fire Blast|p2a: Sharpo\n|-resisted|p2a: Sharpo\n|-damage|p2a: Sharpo|53\/100\n|move|p2a: Sharpo|Scale Shot|p1a: Volcarona\n|-damage|p1a: Volcarona|80\/100\n|-damage|p1a: Volcarona|60\/100\n|-hitcount|p1a: Volcarona|2\n|-unboost|p2a: Sharpo|def|1\n|-boost|p2a: Sharpo|spe|1\n|\n|-heal|p2a: Sharpo|59\/100|[from] item: Leftovers\n|upkeep\n|turn|13\n|\n|t:|1655042435\n|move|p2a: Sharpo|Earthquake|p1a: Volcarona\n|-damage|p1a: Volcarona|0 fnt\n|faint|p1a: Volcarona\n|\n|-heal|p2a: Sharpo|65\/100|[from] item: Leftovers\n|upkeep\n|\n|t:|1655042438\n|switch|p1a: Kartana|Kartana|100\/100\n|-damage|p1a: Kartana|94\/100|[from] Stealth Rock\n|turn|14\n|\n|t:|1655042453\n|switch|p2a: Hatterene|Hatterene, F|68\/100\n|-damage|p2a: Hatterene|56\/100|[from] Stealth Rock\n|move|p1a: Kartana|Knock Off|p2a: Hatterene\n|-damage|p2a: Hatterene|2\/100\n|-enditem|p2a: Hatterene|Choice Scarf|[from] move: Knock Off|[of] p1a: Kartana\n|-damage|p1a: Kartana|85\/100|[from] item: Life Orb\n|\n|upkeep\n|turn|15\n|\n|t:|1655042476\n|switch|p2a: Sharpo|Garchomp, M|65\/100\n|-damage|p2a: Sharpo|59\/100|[from] Stealth Rock\n|move|p1a: Kartana|Knock Off|p2a: Sharpo\n|-damage|p2a: Sharpo|3\/100\n|-damage|p1a: Kartana|72\/100|[from] ability: Rough Skin|[of] p2a: Sharpo\n|-enditem|p2a: Sharpo|Leftovers|[from] move: Knock Off|[of] p1a: Kartana\n|-damage|p1a: Kartana|63\/100|[from] item: Life Orb\n|\n|upkeep\n|turn|16\n|inactive|Sombra Diurna has 120 seconds left.\n|\n|t:|1655042494\n|move|p1a: Kartana|Knock Off|p2a: Sharpo\n|-damage|p2a: Sharpo|0 fnt\n|-damage|p1a: Kartana|50\/100|[from] ability: Rough Skin|[of] p2a: Sharpo\n|faint|p2a: Sharpo\n|-ability|p1a: Kartana|Beast Boost|boost\n|-boost|p1a: Kartana|atk|1\n|-damage|p1a: Kartana|41\/100|[from] item: Life Orb\n|\n|upkeep\n|inactive|Sombra Diurna has 120 seconds left.\n|\n|t:|1655042505\n|switch|p2a: Sonso|Slowbro, F|100\/100\n|-damage|p2a: Sonso|88\/100|[from] Stealth Rock\n|turn|17\n|inactive|Sombra Diurna has 120 seconds left.\n|\n|t:|1655042513\n|switch|p2a: Thorns|Ferrothorn, F|30\/100\n|-damage|p2a: Thorns|24\/100|[from] Stealth Rock\n|move|p1a: Kartana|Knock Off|p2a: Thorns\n|-damage|p2a: Thorns|0 fnt\n|-damage|p1a: Kartana|28\/100|[from] ability: Iron Barbs|[of] p2a: Thorns\n|-enditem|p2a: Thorns|Leftovers|[from] move: Knock Off|[of] p1a: Kartana\n|faint|p2a: Thorns\n|-ability|p1a: Kartana|Beast Boost|boost\n|-boost|p1a: Kartana|atk|1\n|-damage|p1a: Kartana|19\/100|[from] item: Life Orb\n|\n|upkeep\n|inactive|Sombra Diurna has 120 seconds left.\n|\n|t:|1655042537\n|switch|p2a: Billy B.|Marowak-Alola, F|100\/100\n|-damage|p2a: Billy B.|76\/100|[from] Stealth Rock\n|turn|18\n|\n|t:|1655042549\n|switch|p2a: Sonso|Slowbro, F|100\/100\n|-damage|p2a: Sonso|88\/100|[from] Stealth Rock\n|move|p1a: Kartana|Knock Off|p2a: Sonso\n|-supereffective|p2a: Sonso\n|-enditem|p2a: Sonso|Colbur Berry|[eat]\n|-enditem|p2a: Sonso|Colbur Berry|[weaken]\n|-damage|p2a: Sonso|28\/100\n|-damage|p1a: Kartana|9\/100|[from] item: Life Orb\n|\n|upkeep\n|turn|19\n|l|\u2606Sombra Diurna\n|inactive|Sombra Diurna disconnected and has a minute to reconnect!\n|player|p2|\n|inactive|Sombra Diurna has 30 seconds to reconnect!\n|inactive|Sombra Diurna has 20 seconds to reconnect!\n|inactive|Sombra Diurna has 15 seconds to reconnect!\n|inactive|Sombra Diurna has 10 seconds to reconnect!\n|inactive|Sombra Diurna has 5 seconds to reconnect!\n|j|\u2606Sombra Diurna\n|inactive|Sombra Diurna reconnected and has 45 seconds left.\n|player|p2|Sombra Diurna|blue\n|\n|t:|1655042630\n|switch|p1a: Blacephalon|Blacephalon, shiny|100\/100\n|-damage|p1a: Blacephalon|76\/100|[from] Stealth Rock\n|switch|p2a: Billy B.|Marowak-Alola, F|76\/100\n|-damage|p2a: Billy B.|51\/100|[from] Stealth Rock\n|\n|upkeep\n|turn|20\n|\n|t:|1655042644\n|switch|p2a: Hatterene|Hatterene, F|2\/100\n|-damage|p2a: Hatterene|0 fnt|[from] Stealth Rock\n|faint|p2a: Hatterene\n|move|p1a: Blacephalon|Shadow Ball|p2: Hatterene|[notarget]\n|-fail|p1a: Blacephalon\n|\n|upkeep\n|\n|t:|1655042650\n|switch|p2a: Falko|Drampa, F|80\/100\n|-damage|p2a: Falko|67\/100|[from] Stealth Rock\n|turn|21\n|\n|t:|1655042654\n|move|p1a: Blacephalon|Trick|p2a: Falko\n|-activate|p1a: Blacephalon|move: Trick|[of] p2a: Falko\n|-item|p2a: Falko|Kasib Berry|[from] move: Trick\n|-item|p1a: Blacephalon|Expert Belt|[from] move: Trick\n|move|p2a: Falko|Roost|p2a: Falko\n|-heal|p2a: Falko|100\/100\n|-singleturn|p2a: Falko|move: Roost\n|\n|upkeep\n|turn|22\n|\n|t:|1655042662\n|move|p1a: Blacephalon|Flamethrower|p2a: Falko\n|-resisted|p2a: Falko\n|-damage|p2a: Falko|73\/100\n|move|p2a: Falko|Thunderbolt|p1a: Blacephalon\n|-damage|p1a: Blacephalon|17\/100\n|\n|upkeep\n|turn|23\n|inactive|Sombra Diurna has 60 seconds left.\n|\n|t:|1655042669\n|move|p1a: Blacephalon|Flamethrower|p2a: Falko\n|-resisted|p2a: Falko\n|-damage|p2a: Falko|45\/100\n|-ability|p2a: Falko|Berserk|boost\n|-boost|p2a: Falko|spa|1\n|move|p2a: Falko|Thunderbolt|p1a: Blacephalon\n|-damage|p1a: Blacephalon|0 fnt\n|faint|p1a: Blacephalon\n|\n|upkeep\n|\n|t:|1655042673\n|switch|p1a: Kartana|Kartana|9\/100\n|-damage|p1a: Kartana|3\/100|[from] Stealth Rock\n|turn|24\n|\n|t:|1655042679\n|move|p1a: Kartana|Knock Off|p2a: Falko\n|-damage|p2a: Falko|0 fnt\n|-enditem|p2a: Falko|Kasib Berry|[from] move: Knock Off|[of] p1a: Kartana\n|faint|p2a: Falko\n|-ability|p1a: Kartana|Beast Boost|boost\n|-boost|p1a: Kartana|atk|1\n|-damage|p1a: Kartana|0 fnt|[from] item: Life Orb\n|faint|p1a: Kartana\n|\n|win|Sombra Diurna\n|raw|Lezzzi's rating: 1523 &rarr; <strong>1507<\/strong><br \/>(-16 for losing)\n|raw|Sombra Diurna's rating: 1598 &rarr; <strong>1614<\/strong><br \/>(+16 for winning)\n|l|\u2606Lezzzi\n||Ladder isn't responding, score probably updated but might not have (Request timeout).\n","uploadtime":1655042690,"views":23,"p1id":"lezzzi","p2id":"sombradiurna","formatid":"gen8ou","rating":1507,"private":0,"password":null}