{"id":"gen8ou-1668171320","p1":"xuyifan","p2":"Jamario Mariomario","format":"gen8ou","log":"|j|\u2606xuyifan\n|j|\u2606Jamario Mariomario\n|t:|1663603692\n|gametype|singles\n|player|p1|xuyifan|170|1476\n|player|p2|Jamario Mariomario|bugcatcher|1497\n|teamsize|p1|6\n|teamsize|p2|6\n|gen|8\n|tier|[Gen 8] OU\n|rated|\n|rule|Sleep Clause Mod: Limit one foe put to sleep\n|rule|Species Clause: Limit one of each Pok\u00e9mon\n|rule|OHKO Clause: OHKO moves are banned\n|rule|Evasion Items Clause: Evasion items are banned\n|rule|Evasion Moves Clause: Evasion moves are banned\n|rule|Endless Battle Clause: Forcing endless battles is banned\n|rule|HP Percentage Mod: HP is shown in percentages\n|rule|Dynamax Clause: You cannot dynamax\n|clearpoke\n|poke|p1|Azumarill, F|\n|poke|p1|Pelipper, F|\n|poke|p1|Barraskewda, F|\n|poke|p1|Slowking-Galar, M|\n|poke|p1|Landorus-Therian, M|\n|poke|p1|Volcanion|\n|poke|p2|Pelipper, M|\n|poke|p2|Zapdos|\n|poke|p2|Kartana|\n|poke|p2|Barraskewda, F|\n|poke|p2|Blissey, F|\n|poke|p2|Seismitoad, F|\n|teampreview\n|inactive|Battle timer is ON: inactive players will automatically lose when time's up. (requested by Jamario Mariomario)\n|\n|t:|1663603703\n|start\n|switch|p1a: Volcanion|Volcanion|100\/100\n|switch|p2a: Kartana|Kartana|100\/100\n|turn|1\n|\n|t:|1663603709\n|switch|p2a: Blissey|Blissey, F|100\/100\n|switch|p1a: Azumarill|Azumarill, F|100\/100\n|\n|upkeep\n|turn|2\n|\n|t:|1663603716\n|switch|p2a: Kartana|Kartana|100\/100\n|move|p1a: Azumarill|Whirlpool|p2a: Kartana|[miss]\n|-miss|p1a: Azumarill|p2a: Kartana\n|\n|upkeep\n|turn|3\n|\n|t:|1663603723\n|switch|p2a: Zapdos|Zapdos|100\/100\n|move|p1a: Azumarill|Whirlpool|p2a: Zapdos\n|-damage|p2a: Zapdos|91\/100\n|-activate|p2a: Zapdos|move: Whirlpool|[of] p1a: Azumarill\n|\n|-damage|p2a: Zapdos|78\/100|[from] move: Whirlpool|[partiallytrapped]\n|upkeep\n|turn|4\n|\n|t:|1663603729\n|switch|p1a: Landorus|Landorus-Therian, M|100\/100\n|-ability|p1a: Landorus|Intimidate|boost\n|-unboost|p2a: Zapdos|atk|1\n|move|p2a: Zapdos|Volt Switch|p1a: Landorus\n|-immune|p1a: Landorus\n|\n|-end|p2a: Zapdos|Whirlpool|[partiallytrapped]|[silent]\n|upkeep\n|turn|5\n|\n|t:|1663603733\n|switch|p2a: Kartana|Kartana|100\/100\n|move|p1a: Landorus|Stealth Rock|p2a: Kartana\n|-sidestart|p2: Jamario Mariomario|move: Stealth Rock\n|\n|upkeep\n|turn|6\n|\n|t:|1663603739\n|switch|p1a: Azumarill|Azumarill, F|100\/100\n|move|p2a: Kartana|Knock Off|p1a: Azumarill\n|-resisted|p1a: Azumarill\n|-damage|p1a: Azumarill|84\/100\n|-enditem|p1a: Azumarill|Leftovers|[from] move: Knock Off|[of] p2a: Kartana\n|\n|upkeep\n|turn|7\n|\n|t:|1663603749\n|switch|p2a: Blissey|Blissey, F|100\/100\n|move|p1a: Azumarill|Whirlpool|p2a: Blissey\n|-damage|p2a: Blissey|98\/100\n|-activate|p2a: Blissey|move: Whirlpool|[of] p1a: Azumarill\n|\n|-damage|p2a: Blissey|85\/100|[from] move: Whirlpool|[partiallytrapped]\n|upkeep\n|turn|8\n|\n|t:|1663603760\n|move|p1a: Azumarill|Perish Song|p1a: Azumarill\n|-start|p1a: Azumarill|perish3|[silent]\n|-start|p2a: Blissey|perish3|[silent]\n|-fieldactivate|move: Perish Song\n|move|p2a: Blissey|Teleport|p2a: Blissey\n|\n|t:|1663603764\n|switch|p2a: Pelipper|Pelipper, M|100\/100|[from]move: Teleport\n|-damage|p2a: Pelipper|76\/100|[from] Stealth Rock\n|-weather|RainDance|[from] ability: Drizzle|[of] p2a: Pelipper\n|\n|-weather|RainDance|[upkeep]\n|-start|p1a: Azumarill|perish3\n|upkeep\n|turn|9\n|\n|t:|1663603777\n|move|p1a: Azumarill|Whirlpool|p2a: Pelipper\n|-resisted|p2a: Pelipper\n|-damage|p2a: Pelipper|68\/100\n|-activate|p2a: Pelipper|move: Whirlpool|[of] p1a: Azumarill\n|move|p2a: Pelipper|Defog|p1a: Azumarill\n|-unboost|p1a: Azumarill|evasion|1\n|-sideend|p2: Jamario Mariomario|Stealth Rock|[from] move: Defog|[of] p2a: Pelipper\n|\n|-weather|RainDance|[upkeep]\n|-damage|p2a: Pelipper|56\/100|[from] move: Whirlpool|[partiallytrapped]\n|-start|p1a: Azumarill|perish2\n|upkeep\n|turn|10\n|\n|t:|1663603787\n|switch|p1a: Slowking|Slowking-Galar, M|100\/100\n|move|p2a: Pelipper|Roost|p2a: Pelipper\n|-heal|p2a: Pelipper|100\/100\n|-singleturn|p2a: Pelipper|move: Roost\n|\n|-weather|RainDance|[upkeep]\n|-end|p2a: Pelipper|Whirlpool|[partiallytrapped]|[silent]\n|upkeep\n|turn|11\n|\n|t:|1663603791\n|move|p2a: Pelipper|U-turn|p1a: Slowking\n|-damage|p1a: Slowking|94\/100\n|\n|t:|1663603793\n|switch|p2a: Blissey|Blissey, F|85\/100|[from]move: U-turn\n|move|p1a: Slowking|Future Sight|p2a: Blissey\n|-start|p1a: Slowking|move: Future Sight\n|\n|-weather|RainDance|[upkeep]\n|upkeep\n|turn|12\n|\n|t:|1663603798\n|move|p1a: Slowking|Scald|p2a: Blissey\n|-damage|p2a: Blissey|73\/100\n|move|p2a: Blissey|Teleport|p2a: Blissey\n|\n|t:|1663603802\n|switch|p2a: Barraskewda|Barraskewda, F|100\/100|[from]move: Teleport\n|\n|-weather|RainDance|[upkeep]\n|upkeep\n|turn|13\n|\n|t:|1663603807\n|switch|p2a: Blissey|Blissey, F|73\/100\n|switch|p1a: Volcanion|Volcanion|100\/100\n|\n|-weather|RainDance|[upkeep]\n|-end|p2a: Blissey|move: Future Sight\n|-damage|p2a: Blissey|56\/100\n|upkeep\n|turn|14\n|\n|t:|1663603815\n|move|p1a: Volcanion|Steam Eruption|p2a: Blissey\n|-damage|p2a: Blissey|5\/100\n|move|p2a: Blissey|Soft-Boiled|p2a: Blissey\n|-heal|p2a: Blissey|55\/100\n|\n|-weather|RainDance|[upkeep]\n|upkeep\n|turn|15\n|\n|t:|1663603821\n|move|p1a: Volcanion|Steam Eruption|p2a: Blissey\n|-damage|p2a: Blissey|7\/100\n|move|p2a: Blissey|Soft-Boiled|p2a: Blissey\n|-heal|p2a: Blissey|57\/100\n|\n|-weather|none\n|upkeep\n|turn|16\n|\n|t:|1663603830\n|switch|p1a: Landorus|Landorus-Therian, M|100\/100\n|-ability|p1a: Landorus|Intimidate|boost\n|-unboost|p2a: Blissey|atk|1\n|move|p2a: Blissey|Soft-Boiled|p2a: Blissey\n|-heal|p2a: Blissey|100\/100\n|\n|upkeep\n|turn|17\n|\n|t:|1663603835\n|switch|p2a: Pelipper|Pelipper, M|100\/100\n|-weather|RainDance|[from] ability: Drizzle|[of] p2a: Pelipper\n|move|p1a: Landorus|Stealth Rock|p2a: Pelipper\n|-sidestart|p2: Jamario Mariomario|move: Stealth Rock\n|\n|-weather|RainDance|[upkeep]\n|upkeep\n|turn|18\n|\n|t:|1663603841\n|switch|p1a: Volcanion|Volcanion|100\/100\n|move|p2a: Pelipper|Defog|p1a: Volcanion\n|-unboost|p1a: Volcanion|evasion|1\n|-sideend|p2: Jamario Mariomario|Stealth Rock|[from] move: Defog|[of] p2a: Pelipper\n|\n|-weather|RainDance|[upkeep]\n|upkeep\n|turn|19\n|\n|t:|1663603850\n|switch|p2a: Barraskewda|Barraskewda, F|100\/100\n|move|p1a: Volcanion|Steam Eruption|p2a: Barraskewda\n|-resisted|p2a: Barraskewda\n|-damage|p2a: Barraskewda|0 fnt\n|faint|p2a: Barraskewda\n|\n|-weather|RainDance|[upkeep]\n|upkeep\n|\n|t:|1663603852\n|switch|p2a: Seismitoad|Seismitoad, F|100\/100\n|turn|20\n|\n|t:|1663603859\n|switch|p1a: Slowking|Slowking-Galar, M|100\/100\n|move|p2a: Seismitoad|Weather Ball|p1a: Slowking\n|-damage|p1a: Slowking|53\/100\n|-damage|p2a: Seismitoad|91\/100|[from] item: Life Orb\n|\n|-weather|RainDance|[upkeep]\n|upkeep\n|turn|21\n|\n|t:|1663603862\n|move|p2a: Seismitoad|Earth Power|p1a: Slowking\n|-supereffective|p1a: Slowking\n|-damage|p1a: Slowking|1\/100\n|-damage|p2a: Seismitoad|81\/100|[from] item: Life Orb\n|move|p1a: Slowking|Scald|p2a: Seismitoad\n|-damage|p2a: Seismitoad|44\/100\n|\n|-weather|RainDance|[upkeep]\n|upkeep\n|turn|22\n|\n|t:|1663603870\n|switch|p1a: Azumarill|Azumarill, F|84\/100\n|move|p2a: Seismitoad|Weather Ball|p1a: Azumarill\n|-resisted|p1a: Azumarill\n|-damage|p1a: Azumarill|39\/100\n|-damage|p2a: Seismitoad|34\/100|[from] item: Life Orb\n|\n|-weather|RainDance|[upkeep]\n|upkeep\n|turn|23\n|\n|t:|1663603894\n|switch|p1a: Pelipper|Pelipper, F|100\/100\n|move|p2a: Seismitoad|Grass Knot|p1a: Pelipper\n|-damage|p1a: Pelipper|70\/100\n|-damage|p2a: Seismitoad|24\/100|[from] item: Life Orb\n|\n|-weather|RainDance|[upkeep]\n|upkeep\n|turn|24\n|\n|t:|1663603906\n|switch|p2a: Zapdos|Zapdos|78\/100\n|move|p1a: Pelipper|U-turn|p2a: Zapdos\n|-resisted|p2a: Zapdos\n|-damage|p2a: Zapdos|73\/100\n|\n|t:|1663603914\n|switch|p1a: Barraskewda|Barraskewda, F|100\/100|[from]move: U-turn\n|\n|-weather|none\n|upkeep\n|turn|25\n|\n|t:|1663603924\n|switch|p2a: Kartana|Kartana|100\/100\n|move|p1a: Barraskewda|Flip Turn|p2a: Kartana\n|-resisted|p2a: Kartana\n|-damage|p2a: Kartana|78\/100\n|\n|t:|1663603934\n|switch|p1a: Azumarill|Azumarill, F|39\/100|[from]move: Flip Turn\n|\n|-heal|p2a: Kartana|84\/100|[from] item: Leftovers\n|upkeep\n|turn|26\n|\n|t:|1663603939\n|move|p2a: Kartana|Swords Dance|p2a: Kartana\n|-boost|p2a: Kartana|atk|2\n|move|p1a: Azumarill|Whirlpool|p2a: Kartana\n|-resisted|p2a: Kartana\n|-damage|p2a: Kartana|72\/100\n|-activate|p2a: Kartana|move: Whirlpool|[of] p1a: Azumarill\n|\n|-heal|p2a: Kartana|78\/100|[from] item: Leftovers\n|-damage|p2a: Kartana|65\/100|[from] move: Whirlpool|[partiallytrapped]\n|upkeep\n|turn|27\n|\n|t:|1663603949\n|move|p2a: Kartana|Sacred Sword|p1a: Azumarill\n|-resisted|p1a: Azumarill\n|-damage|p1a: Azumarill|8\/100\n|move|p1a: Azumarill|Encore|p2a: Kartana\n|-start|p2a: Kartana|Encore\n|\n|-heal|p2a: Kartana|72\/100|[from] item: Leftovers\n|-damage|p2a: Kartana|59\/100|[from] move: Whirlpool|[partiallytrapped]\n|upkeep\n|turn|28\n|\n|t:|1663603955\n|switch|p1a: Slowking|Slowking-Galar, M|34\/100\n|move|p2a: Kartana|Sacred Sword|p1a: Slowking\n|-resisted|p1a: Slowking\n|-damage|p1a: Slowking|23\/100\n|\n|-heal|p2a: Kartana|65\/100|[from] item: Leftovers\n|-end|p2a: Kartana|Whirlpool|[partiallytrapped]|[silent]\n|upkeep\n|turn|29\n|\n|t:|1663603964\n|switch|p2a: Zapdos|Zapdos|73\/100\n|move|p1a: Slowking|Future Sight|p2a: Zapdos\n|-start|p1a: Slowking|move: Future Sight\n|\n|upkeep\n|turn|30\n|\n|t:|1663603969\n|switch|p1a: Landorus|Landorus-Therian, M|100\/100\n|-ability|p1a: Landorus|Intimidate|boost\n|-unboost|p2a: Zapdos|atk|1\n|move|p2a: Zapdos|Hurricane|p1a: Landorus|[miss]\n|-miss|p2a: Zapdos|p1a: Landorus\n|\n|upkeep\n|turn|31\n|\n|t:|1663603972\n|move|p2a: Zapdos|Hurricane|p1a: Landorus\n|-damage|p1a: Landorus|7\/100\n|move|p1a: Landorus|Stealth Rock|p2a: Zapdos\n|-sidestart|p2: Jamario Mariomario|move: Stealth Rock\n|\n|-end|p2a: Zapdos|move: Future Sight\n|-damage|p2a: Zapdos|22\/100\n|-heal|p1a: Landorus|13\/100|[from] item: Leftovers\n|upkeep\n|turn|32\n|\n|t:|1663603982\n|switch|p1a: Azumarill|Azumarill, F|8\/100\n|move|p2a: Zapdos|Hurricane|p1a: Azumarill\n|-damage|p1a: Azumarill|0 fnt\n|faint|p1a: Azumarill\n|\n|upkeep\n|\n|t:|1663603986\n|switch|p1a: Barraskewda|Barraskewda, F|100\/100\n|turn|33\n|\n|t:|1663603992\n|move|p1a: Barraskewda|Flip Turn|p2a: Zapdos\n|-damage|p2a: Zapdos|0 fnt\n|faint|p2a: Zapdos\n|\n|t:|1663604000\n|switch|p1a: Pelipper|Pelipper, F|70\/100|[from]move: Flip Turn\n|-weather|RainDance|[from] ability: Drizzle|[of] p1a: Pelipper\n|\n|-weather|RainDance|[upkeep]\n|upkeep\n|\n|t:|1663604004\n|switch|p2a: Pelipper|Pelipper, M|100\/100\n|-damage|p2a: Pelipper|76\/100|[from] Stealth Rock\n|turn|34\n|\n|t:|1663604007\n|move|p1a: Pelipper|Hurricane|p2a: Pelipper\n|-damage|p2a: Pelipper|0 fnt\n|faint|p2a: Pelipper\n|\n|-weather|RainDance|[upkeep]\n|upkeep\n|-message|Jamario Mariomario forfeited.\n|\n|win|xuyifan\n|raw|xuyifan's rating: 1476 &rarr; <strong>1497<\/strong><br \/>(+21 for winning)\n|raw|Jamario Mariomario's rating: 1497 &rarr; <strong>1476<\/strong><br \/>(-21 for losing)\n|l|\u2606Jamario Mariomario\n||Ladder isn't responding, score probably updated but might not have (Request timeout).\n","uploadtime":1663604028,"views":12,"p1id":"xuyifan","p2id":"jamariomariomario","formatid":"gen8ou","rating":1476,"private":0,"password":null}