{"id":"gen8sharedpower-1096335151","p1":"RhodaDick","p2":"ferromolybdenum","format":"gen8sharedpower","log":"|j|\u2606RhodaDick\n|j|\u2606ferromolybdenum\n|player|p1|RhodaDick|169|1306\n|player|p2|ferromolybdenum|lucas|1383\n|teamsize|p1|6\n|teamsize|p2|6\n|gametype|singles\n|gen|8\n|tier|[Gen 8] Shared Power\n|rated|\n|clearpoke\n|poke|p1|Dusclops, M|\n|poke|p1|Bewear, M|\n|poke|p1|Frosmoth, M|\n|poke|p1|Mudsdale, F|\n|poke|p1|Eldegoss, F|\n|poke|p1|Grimmsnarl, M|\n|poke|p2|Darmanitan, F|\n|poke|p2|Gengar, F|\n|poke|p2|Hydreigon, M|\n|poke|p2|Necrozma|\n|poke|p2|Drifblim, F|\n|poke|p2|Jolteon, M|\n|rule|Sleep Clause Mod: Limit one foe put to sleep\n|rule|Species Clause: Limit one of each Pok\u00e9mon\n|rule|OHKO Clause: OHKO moves are banned\n|rule|Evasion Moves Clause: Evasion moves are banned\n|rule|Endless Battle Clause: Forcing endless battles is banned\n|rule|HP Percentage Mod: HP is shown in percentages\n|rule|Dynamax Clause: You cannot dynamax\n|teampreview\n|\n|start\n|switch|p1a: Bewear|Bewear, M|100\/100\n|switch|p2a: Drifblim|Drifblim, F|100\/100\n|turn|1\n|j| Windy sea\n|\n|move|p2a: Drifblim|Will-O-Wisp|p1a: Bewear\n|-status|p1a: Bewear|brn\n|move|p1a: Bewear|Darkest Lariat|p2a: Drifblim\n|-supereffective|p2a: Drifblim\n|-damage|p2a: Drifblim|57\/100\n|\n|-damage|p1a: Bewear|94\/100 brn|[from] brn\n|upkeep\n|turn|2\n|\n|switch|p1a: Frosmoth|Frosmoth, M|100\/100\n|move|p2a: Drifblim|Strength Sap|p1a: Frosmoth\n|-unboost|p1a: Frosmoth|atk|1\n|-heal|p2a: Drifblim|81\/100\n|\n|upkeep\n|turn|3\n|\n|switch|p2a: Jolteon|Jolteon, M|100\/100\n|move|p1a: Frosmoth|Ice Beam|p2a: Jolteon\n|-damage|p2a: Jolteon|31\/100\n|\n|-status|p2a: Jolteon|brn|[from] item: Flame Orb\n|upkeep\n|turn|4\n|\n|move|p2a: Jolteon|Volt Switch|p1a: Frosmoth\n|-damage|p1a: Frosmoth|68\/100\n|\n|switch|p2a: Darmanitan|Darmanitan, F|100\/100|[from]move: Volt Switch\n|move|p1a: Frosmoth|Bug Buzz|p2a: Darmanitan\n|-resisted|p2a: Darmanitan\n|-damage|p2a: Darmanitan|54\/100\n|-unboost|p2a: Darmanitan|spd|1\n|\n|upkeep\n|turn|5\n|\n|switch|p1a: Mudsdale|Mudsdale, F|100\/100\n|move|p2a: Darmanitan|Flare Blitz|p1a: Mudsdale\n|-damage|p1a: Mudsdale|47\/100\n|-ability|p1a: Mudsdale|Stamina|boost\n|-boost|p1a: Mudsdale|def|1\n|-damage|p2a: Darmanitan|34\/100|[from] Recoil\n|\n|-heal|p1a: Mudsdale|53\/100|[from] item: Leftovers\n|upkeep\n|turn|6\n|\n|switch|p2a: Drifblim|Drifblim, F|81\/100\n|move|p1a: Mudsdale|Earthquake|p2a: Drifblim\n|-immune|p2a: Drifblim\n|\n|-heal|p1a: Mudsdale|59\/100|[from] item: Leftovers\n|upkeep\n|turn|7\n|\n|switch|p1a: Eldegoss|Eldegoss, F|100\/100\n|move|p2a: Drifblim|Will-O-Wisp|p1a: Eldegoss\n|-status|p1a: Eldegoss|brn\n|\n|-damage|p1a: Eldegoss|94\/100 brn|[from] brn\n|upkeep\n|turn|8\n|\n|switch|p1a: Mudsdale|Mudsdale, F|59\/100\n|move|p2a: Drifblim|Hex|p1a: Mudsdale\n|-damage|p1a: Mudsdale|49\/100\n|-ability|p1a: Mudsdale|Stamina|boost\n|-boost|p1a: Mudsdale|def|1\n|\n|-heal|p1a: Mudsdale|55\/100|[from] item: Leftovers\n|upkeep\n|turn|9\n|\n|switch|p1a: Frosmoth|Frosmoth, M|68\/100\n|move|p2a: Drifblim|Will-O-Wisp|p1a: Frosmoth\n|-status|p1a: Frosmoth|brn\n|\n|-damage|p1a: Frosmoth|62\/100 brn|[from] brn\n|upkeep\n|turn|10\n|\n|switch|p1a: Dusclops|Dusclops, M|100\/100\n|-ability|p1a: Dusclops|Pressure\n|move|p2a: Drifblim|Hex|p1a: Dusclops\n|-supereffective|p1a: Dusclops\n|-damage|p1a: Dusclops|91\/100\n|-ability|p1a: Dusclops|Stamina|boost\n|-boost|p1a: Dusclops|def|1\n|\n|upkeep\n|turn|11\n|\n|move|p2a: Drifblim|Will-O-Wisp|p1a: Dusclops\n|-status|p1a: Dusclops|brn\n|move|p1a: Dusclops|Night Shade|p2a: Drifblim\n|-damage|p2a: Drifblim|62\/100\n|\n|-damage|p1a: Dusclops|85\/100 brn|[from] brn\n|upkeep\n|turn|12\n|\n|switch|p1a: Eldegoss|Eldegoss, F|100\/100 brn\n|-ability|p1a: Eldegoss|Pressure\n|move|p2a: Drifblim|Strength Sap|p1a: Eldegoss\n|-unboost|p1a: Eldegoss|atk|1\n|-heal|p2a: Drifblim|80\/100\n|\n|-damage|p1a: Eldegoss|94\/100 brn|[from] brn\n|upkeep\n|turn|13\n|\n|switch|p2a: Hydreigon|Hydreigon, M|100\/100\n|move|p1a: Eldegoss|Aromatherapy|p1a: Eldegoss\n|-activate|p1a: Eldegoss|move: Aromatherapy\n|-curestatus|p1a: Eldegoss|brn|[msg]\n|-curestatus|p1: Frosmoth|brn|[msg]\n|-curestatus|p1: Bewear|brn|[msg]\n|-curestatus|p1: Dusclops|brn|[msg]\n|\n|-status|p2a: Hydreigon|brn|[from] item: Flame Orb\n|upkeep\n|turn|14\n|\n|move|p2a: Hydreigon|Nasty Plot|p2a: Hydreigon\n|-boost|p2a: Hydreigon|spa|2\n|move|p1a: Eldegoss|Leech Seed|p2a: Hydreigon\n|-start|p2a: Hydreigon|move: Leech Seed\n|\n|-damage|p2a: Hydreigon|88\/100 brn|[from] Leech Seed|[of] p1a: Eldegoss\n|-heal|p1a: Eldegoss|100\/100|[silent]\n|-damage|p2a: Hydreigon|82\/100 brn|[from] brn\n|upkeep\n|turn|15\n|\n|switch|p1a: Grimmsnarl|Grimmsnarl, M|100\/100\n|-ability|p1a: Grimmsnarl|Pressure\n|move|p2a: Hydreigon|Nasty Plot|p2a: Hydreigon\n|-boost|p2a: Hydreigon|spa|2\n|\n|-damage|p2a: Hydreigon|70\/100 brn|[from] Leech Seed|[of] p1a: Grimmsnarl\n|-damage|p2a: Hydreigon|64\/100 brn|[from] brn\n|upkeep\n|turn|16\n|\n|move|p2a: Hydreigon|Flash Cannon|p1a: Grimmsnarl\n|-supereffective|p1a: Grimmsnarl\n|-damage|p1a: Grimmsnarl|0 fnt\n|faint|p1a: Grimmsnarl\n|\n|-damage|p2a: Hydreigon|57\/100 brn|[from] brn\n|upkeep\n|\n|switch|p1a: Dusclops|Dusclops, M|100\/100\n|-ability|p1a: Dusclops|Pressure\n|turn|17\n|\n|move|p2a: Hydreigon|Dark Pulse|p1a: Dusclops\n|-supereffective|p1a: Dusclops\n|-damage|p1a: Dusclops|0 fnt\n|faint|p1a: Dusclops\n|\n|-damage|p2a: Hydreigon|51\/100 brn|[from] brn\n|upkeep\n|-message|RhodaDick forfeited.\n|\n|win|ferromolybdenum\n|l|\u2606RhodaDick\n|raw|RhodaDick's rating: 1306 &rarr; <strong>1290<\/strong><br \/>(-16 for losing)\n|raw|ferromolybdenum's rating: 1383 &rarr; <strong>1399<\/strong><br \/>(+16 for winning)\n","uploadtime":1586837893,"views":10,"p1id":"rhodadick","p2id":"ferromolybdenum","formatid":"gen8sharedpower","rating":1290,"private":0,"password":null}