{"id":"gen8ou-1126895910","p1":"Burnt Bright","p2":"Kruzynn","format":"gen8ou","log":"|j|\u2606Burnt Bright\n|j|\u2606Kruzynn\n|player|p1|Burnt Bright|169|1570\n|player|p2|Kruzynn|141|1584\n|teamsize|p1|6\n|teamsize|p2|6\n|gametype|singles\n|gen|8\n|tier|[Gen 8] OU\n|rated|\n|clearpoke\n|poke|p1|Zeraora|\n|poke|p1|Aegislash, M|\n|poke|p1|Seismitoad, M|\n|poke|p1|Mandibuzz, F|\n|poke|p1|Arcanine, M|\n|poke|p1|Kyurem|\n|poke|p2|Excadrill, M|\n|poke|p2|Ninetales-Alola, F|\n|poke|p2|Rillaboom, F|\n|poke|p2|Cloyster, F|\n|poke|p2|Bisharp, F|\n|poke|p2|Hawlucha, M|\n|rule|Sleep Clause Mod: Limit one foe put to sleep\n|rule|Species Clause: Limit one of each Pok\u00e9mon\n|rule|OHKO Clause: OHKO moves are banned\n|rule|Evasion Moves Clause: Evasion moves are banned\n|rule|Endless Battle Clause: Forcing endless battles is banned\n|rule|HP Percentage Mod: HP is shown in percentages\n|rule|Dynamax Clause: You cannot dynamax\n|teampreview\n|inactive|Battle timer is ON: inactive players will automatically lose when time's up. (requested by Kruzynn)\n|\n|start\n|switch|p1a: Kyurem|Kyurem|100\/100\n|switch|p2a: DeySpinningNigga|Excadrill, M|100\/100\n|-ability|p1a: Kyurem|Pressure\n|-ability|p2a: DeySpinningNigga|Mold Breaker\n|turn|1\n|\n|move|p1a: Kyurem|Ice Beam|p2a: DeySpinningNigga\n|-enditem|p2a: DeySpinningNigga|Focus Sash\n|-damage|p2a: DeySpinningNigga|1\/100\n|move|p2a: DeySpinningNigga|Rapid Spin|p1a: Kyurem\n|-damage|p1a: Kyurem|83\/100\n|-boost|p2a: DeySpinningNigga|spe|1\n|\n|upkeep\n|turn|2\n|\n|move|p2a: DeySpinningNigga|Stealth Rock|p1a: Kyurem\n|-sidestart|p1: Burnt Bright|move: Stealth Rock\n|move|p1a: Kyurem|Ice Beam|p2a: DeySpinningNigga\n|-damage|p2a: DeySpinningNigga|0 fnt\n|faint|p2a: DeySpinningNigga\n|\n|upkeep\n|\n|switch|p2a: IceIceBaby|Ninetales-Alola, F|100\/100\n|-weather|Hail|[from] ability: Snow Warning|[of] p2a: IceIceBaby\n|turn|3\n|\n|move|p2a: IceIceBaby|Moonblast|p1a: Kyurem\n|-supereffective|p1a: Kyurem\n|-damage|p1a: Kyurem|27\/100\n|-unboost|p1a: Kyurem|spa|1\n|move|p1a: Kyurem|Ice Beam|p2a: IceIceBaby\n|-resisted|p2a: IceIceBaby\n|-damage|p2a: IceIceBaby|79\/100\n|\n|-weather|Hail|[upkeep]\n|upkeep\n|turn|4\n|\n|move|p2a: IceIceBaby|Aurora Veil|p2a: IceIceBaby\n|-sidestart|p2: Kruzynn|move: Aurora Veil\n|move|p1a: Kyurem|Ice Beam|p2a: IceIceBaby\n|-resisted|p2a: IceIceBaby\n|-damage|p2a: IceIceBaby|68\/100\n|\n|-weather|Hail|[upkeep]\n|upkeep\n|turn|5\n|\n|switch|p1a: Aegislash|Aegislash, M|100\/100\n|-damage|p1a: Aegislash|94\/100|[from] Stealth Rock\n|move|p2a: IceIceBaby|Moonblast|p1a: Aegislash\n|-resisted|p1a: Aegislash\n|-damage|p1a: Aegislash|81\/100\n|\n|-weather|Hail|[upkeep]\n|-damage|p1a: Aegislash|75\/100|[from] Hail\n|upkeep\n|turn|6\n|\n|move|p2a: IceIceBaby|Confuse Ray|p1a: Aegislash\n|-start|p1a: Aegislash|confusion\n|-activate|p1a: Aegislash|confusion\n|-formechange|p1a: Aegislash|Aegislash-Blade||[from] ability: Stance Change\n|move|p1a: Aegislash|Flash Cannon|p2a: IceIceBaby\n|-supereffective|p2a: IceIceBaby\n|-damage|p2a: IceIceBaby|0 fnt\n|faint|p2a: IceIceBaby\n|\n|-weather|Hail|[upkeep]\n|-damage|p1a: Aegislash|68\/100|[from] Hail\n|upkeep\n|\n|switch|p2a: YahBish|Bisharp, F|100\/100\n|turn|7\n|\n|switch|p1a: Arcanine|Arcanine, M|100\/100\n|-ability|p1a: Arcanine|Intimidate|boost\n|-unboost|p2a: YahBish|atk|1\n|-ability|p2a: YahBish|Defiant\n|-boost|p2a: YahBish|atk|2\n|move|p2a: YahBish|Swords Dance|p2a: YahBish\n|-boost|p2a: YahBish|atk|2\n|\n|-weather|none\n|upkeep\n|turn|8\n|\n|move|p2a: YahBish|Sucker Punch|p1a: Arcanine\n|-damage|p1a: Arcanine|16\/100\n|move|p1a: Arcanine|Flare Blitz|p2a: YahBish\n|-supereffective|p2a: YahBish\n|-damage|p2a: YahBish|45\/100\n|-damage|p1a: Arcanine|3\/100|[from] Recoil\n|\n|upkeep\n|turn|9\n|\n|move|p2a: YahBish|Knock Off|p1a: Arcanine\n|-damage|p1a: Arcanine|0 fnt\n|-enditem|p1a: Arcanine|Heavy-Duty Boots|[from] move: Knock Off|[of] p2a: YahBish\n|faint|p1a: Arcanine\n|\n|upkeep\n|c|\u2606Kruzynn|who the hell uses 0 speed RK9\n|\n|switch|p1a: Mandibuzz|Mandibuzz, F|100\/100\n|turn|10\n|\n|switch|p1a: Kyurem|Kyurem|27\/100\n|-damage|p1a: Kyurem|3\/100|[from] Stealth Rock\n|-ability|p1a: Kyurem|Pressure\n|move|p2a: YahBish|Iron Head|p1a: Kyurem\n|-supereffective|p1a: Kyurem\n|-damage|p1a: Kyurem|0 fnt\n|faint|p1a: Kyurem\n|\n|upkeep\n|\n|switch|p1a: Mandibuzz|Mandibuzz, F|100\/100\n|turn|11\n|\n|move|p2a: YahBish|Swords Dance|p2a: YahBish\n|-boost|p2a: YahBish|atk|2\n|move|p1a: Mandibuzz|Foul Play|p2a: YahBish\n|-resisted|p2a: YahBish\n|-damage|p2a: YahBish|0 fnt\n|faint|p2a: YahBish\n|\n|-sideend|p2: Kruzynn|move: Aurora Veil\n|upkeep\n|\n|switch|p2a: IceCube|Cloyster, F|100\/100\n|turn|12\n|c|\u2606Burnt Bright|yeah i'm just trying things out\n|\n|move|p2a: IceCube|Icicle Spear|p1a: Mandibuzz\n|-supereffective|p1a: Mandibuzz\n|-damage|p1a: Mandibuzz|84\/100\n|-supereffective|p1a: Mandibuzz\n|-damage|p1a: Mandibuzz|66\/100\n|-supereffective|p1a: Mandibuzz\n|-damage|p1a: Mandibuzz|48\/100\n|-supereffective|p1a: Mandibuzz\n|-damage|p1a: Mandibuzz|28\/100\n|-supereffective|p1a: Mandibuzz\n|-damage|p1a: Mandibuzz|10\/100\n|-hitcount|p1a: Mandibuzz|5\n|move|p1a: Mandibuzz|Foul Play|p2a: IceCube\n|-damage|p2a: IceCube|64\/100\n|\n|upkeep\n|turn|13\n|\n|move|p2a: IceCube|Icicle Spear|p1a: Mandibuzz\n|-supereffective|p1a: Mandibuzz\n|-crit|p1a: Mandibuzz\n|-damage|p1a: Mandibuzz|0 fnt\n|-hitcount|p1a: Mandibuzz|1\n|faint|p1a: Mandibuzz\n|\n|upkeep\n|\n|switch|p1a: Zeraora|Zeraora|100\/100\n|-damage|p1a: Zeraora|88\/100|[from] Stealth Rock\n|turn|14\n|\n|switch|p2a: Drumz|Rillaboom, F|100\/100\n|-fieldstart|move: Grassy Terrain|[from] ability: Grassy Surge|[of] p2a: Drumz\n|move|p1a: Zeraora|Knock Off|p2a: Drumz\n|-damage|p2a: Drumz|67\/100\n|-enditem|p2a: Drumz|Choice Scarf|[from] move: Knock Off|[of] p1a: Zeraora\n|\n|-heal|p1a: Zeraora|94\/100|[from] item: Leftovers\n|-heal|p1a: Zeraora|99\/100|[from] Grassy Terrain\n|-heal|p2a: Drumz|73\/100|[from] Grassy Terrain\n|upkeep\n|turn|15\n|\n|move|p1a: Zeraora|Bulk Up|p1a: Zeraora\n|-boost|p1a: Zeraora|atk|1\n|-boost|p1a: Zeraora|def|1\n|move|p2a: Drumz|Leech Seed|p1a: Zeraora|[miss]\n|-miss|p2a: Drumz|p1a: Zeraora\n|\n|-heal|p1a: Zeraora|100\/100|[from] item: Leftovers\n|-heal|p2a: Drumz|79\/100|[from] Grassy Terrain\n|upkeep\n|turn|16\n|\n|move|p1a: Zeraora|Bulk Up|p1a: Zeraora\n|-boost|p1a: Zeraora|atk|1\n|-boost|p1a: Zeraora|def|1\n|move|p2a: Drumz|Leech Seed|p1a: Zeraora\n|-start|p1a: Zeraora|move: Leech Seed\n|\n|-heal|p2a: Drumz|85\/100|[from] Grassy Terrain\n|-damage|p1a: Zeraora|88\/100|[from] Leech Seed|[of] p2a: Drumz\n|-heal|p2a: Drumz|97\/100|[silent]\n|upkeep\n|turn|17\n|\n|move|p1a: Zeraora|Plasma Fists|p2a: Drumz\n|-resisted|p2a: Drumz\n|-damage|p2a: Drumz|43\/100\n|-fieldactivate|move: Ion Deluge\n|move|p2a: Drumz|Knock Off|p1a: Zeraora\n|-damage|p1a: Zeraora|66\/100\n|-enditem|p1a: Zeraora|Leftovers|[from] move: Knock Off|[of] p2a: Drumz\n|\n|-heal|p1a: Zeraora|72\/100|[from] Grassy Terrain\n|-heal|p2a: Drumz|49\/100|[from] Grassy Terrain\n|-damage|p1a: Zeraora|60\/100|[from] Leech Seed|[of] p2a: Drumz\n|-heal|p2a: Drumz|60\/100|[silent]\n|upkeep\n|turn|18\n|\n|move|p1a: Zeraora|Close Combat|p2a: Drumz\n|-damage|p2a: Drumz|0 fnt\n|-unboost|p1a: Zeraora|def|1\n|-unboost|p1a: Zeraora|spd|1\n|faint|p2a: Drumz\n|\n|-heal|p1a: Zeraora|66\/100|[from] Grassy Terrain\n|-fieldend|move: Grassy Terrain\n|upkeep\n|\n|switch|p2a: IceCube|Cloyster, F|64\/100\n|turn|19\n|\n|move|p2a: IceCube|Ice Shard|p1a: Zeraora\n|-crit|p1a: Zeraora\n|-damage|p1a: Zeraora|26\/100\n|cant|p1a: Zeraora|flinch\n|\n|-damage|p1a: Zeraora|13\/100|[from] Leech Seed|[of] p2a: IceCube\n|-heal|p2a: IceCube|81\/100|[silent]\n|upkeep\n|turn|20\n|c|\u2606Burnt Bright|lmao\n|\n|move|p2a: IceCube|Ice Shard|p1a: Zeraora\n|-damage|p1a: Zeraora|0 fnt\n|faint|p1a: Zeraora\n|\n|upkeep\n|\n|switch|p1a: Aegislash|Aegislash, M|68\/100\n|-damage|p1a: Aegislash|62\/100|[from] Stealth Rock\n|turn|21\n|\n|move|p2a: IceCube|Icicle Spear|p1a: Aegislash\n|-resisted|p1a: Aegislash\n|-damage|p1a: Aegislash|57\/100\n|-resisted|p1a: Aegislash\n|-damage|p1a: Aegislash|51\/100\n|-resisted|p1a: Aegislash\n|-damage|p1a: Aegislash|46\/100\n|-resisted|p1a: Aegislash\n|-damage|p1a: Aegislash|41\/100\n|-resisted|p1a: Aegislash\n|-damage|p1a: Aegislash|36\/100\n|-hitcount|p1a: Aegislash|5\n|cant|p1a: Aegislash|flinch\n|\n|upkeep\n|turn|22\n|\n|move|p2a: IceCube|Icicle Spear|p1a: Aegislash\n|-resisted|p1a: Aegislash\n|-damage|p1a: Aegislash|30\/100\n|-resisted|p1a: Aegislash\n|-damage|p1a: Aegislash|25\/100\n|-resisted|p1a: Aegislash\n|-damage|p1a: Aegislash|20\/100\n|-resisted|p1a: Aegislash\n|-damage|p1a: Aegislash|15\/100\n|-resisted|p1a: Aegislash\n|-damage|p1a: Aegislash|10\/100\n|-hitcount|p1a: Aegislash|5\n|cant|p1a: Aegislash|flinch\n|\n|upkeep\n|turn|23\n|\n|move|p2a: IceCube|Icicle Spear|p1a: Aegislash\n|-resisted|p1a: Aegislash\n|-damage|p1a: Aegislash|5\/100\n|-resisted|p1a: Aegislash\n|-damage|p1a: Aegislash|0 fnt\n|-hitcount|p1a: Aegislash|2\n|faint|p1a: Aegislash\n|\n|upkeep\n|\n|switch|p1a: Seismitoad|Seismitoad, M|100\/100\n|-damage|p1a: Seismitoad|94\/100|[from] Stealth Rock\n|turn|24\n|\n|move|p2a: IceCube|Icicle Spear|p1a: Seismitoad\n|-damage|p1a: Seismitoad|86\/100\n|-damage|p1a: Seismitoad|77\/100\n|-damage|p1a: Seismitoad|69\/100\n|-damage|p1a: Seismitoad|60\/100\n|-damage|p1a: Seismitoad|52\/100\n|-hitcount|p1a: Seismitoad|5\n|cant|p1a: Seismitoad|flinch\n|\n|-heal|p1a: Seismitoad|58\/100|[from] item: Leftovers\n|upkeep\n|turn|25\n|\n|move|p2a: IceCube|Icicle Spear|p1a: Seismitoad\n|-crit|p1a: Seismitoad\n|-damage|p1a: Seismitoad|45\/100\n|-damage|p1a: Seismitoad|36\/100\n|-damage|p1a: Seismitoad|28\/100\n|-damage|p1a: Seismitoad|20\/100\n|-crit|p1a: Seismitoad\n|-damage|p1a: Seismitoad|7\/100\n|-hitcount|p1a: Seismitoad|5\n|move|p1a: Seismitoad|Earth Power|p2a: IceCube\n|-damage|p2a: IceCube|12\/100\n|\n|-heal|p1a: Seismitoad|13\/100|[from] item: Leftovers\n|upkeep\n|turn|26\n|\n|move|p2a: IceCube|Icicle Spear|p1a: Seismitoad\n|-damage|p1a: Seismitoad|4\/100\n|-damage|p1a: Seismitoad|0 fnt\n|-hitcount|p1a: Seismitoad|2\n|faint|p1a: Seismitoad\n|\n|win|Kruzynn\n","uploadtime":1591306277,"views":15,"p1id":"burntbright","p2id":"kruzynn","formatid":"gen8ou","rating":0,"private":0,"password":null}