{"id":"gen8ou-1107576737","p1":"Chaud74","p2":"kyff","format":"gen8ou","log":"|j|\u2606Chaud74\n|j|\u2606kyff\n|player|p1|Chaud74|101|1402\n|player|p2|kyff|clerk|1405\n|teamsize|p1|6\n|teamsize|p2|6\n|gametype|singles\n|gen|8\n|tier|[Gen 8] OU\n|rated|\n|clearpoke\n|poke|p1|Dragapult, F|\n|poke|p1|Obstagoon, M|\n|poke|p1|Gigalith, F|\n|poke|p1|Excadrill, F|\n|poke|p1|Dracovish|\n|poke|p1|Ribombee, M|\n|poke|p2|Zeraora|\n|poke|p2|Clefable, M|\n|poke|p2|Seismitoad, F|\n|poke|p2|Gyarados, M|\n|poke|p2|Kyurem|\n|poke|p2|Corviknight, F|\n|rule|Sleep Clause Mod: Limit one foe put to sleep\n|rule|Species Clause: Limit one of each Pok\u00e9mon\n|rule|OHKO Clause: OHKO moves are banned\n|rule|Evasion Moves Clause: Evasion moves are banned\n|rule|Endless Battle Clause: Forcing endless battles is banned\n|rule|HP Percentage Mod: HP is shown in percentages\n|rule|Dynamax Clause: You cannot dynamax\n|teampreview\n|inactive|Battle timer is ON: inactive players will automatically lose when time's up. (requested by kyff)\n|\n|start\n|switch|p1a: Ribombee|Ribombee, M|100\/100\n|switch|p2a: Zeraora|Zeraora|100\/100\n|turn|1\n|\n|move|p2a: Zeraora|Plasma Fists|p1a: Ribombee\n|-damage|p1a: Ribombee|12\/100\n|-fieldactivate|move: Ion Deluge\n|move|p1a: Ribombee|Sticky Web|p2a: Zeraora\n|-sidestart|p2: kyff|move: Sticky Web\n|\n|upkeep\n|turn|2\n|\n|move|p2a: Zeraora|Knock Off|p1a: Ribombee\n|-resisted|p1a: Ribombee\n|-damage|p1a: Ribombee|0 fnt\n|-enditem|p1a: Ribombee|Focus Sash|[from] move: Knock Off|[of] p2a: Zeraora\n|faint|p1a: Ribombee\n|\n|upkeep\n|\n|switch|p1a: Gigalith|Gigalith, F|100\/100\n|-weather|Sandstorm|[from] ability: Sand Stream|[of] p1a: Gigalith\n|turn|3\n|\n|switch|p2a: Corviknight|Corviknight, F|100\/100\n|-ability|p2a: Corviknight|Pressure\n|move|p1a: Gigalith|Explosion|p2a: Corviknight\n|-resisted|p2a: Corviknight\n|-damage|p2a: Corviknight|70\/100\n|faint|p1a: Gigalith\n|\n|-weather|Sandstorm|[upkeep]\n|-heal|p2a: Corviknight|76\/100|[from] item: Leftovers\n|upkeep\n|\n|switch|p1a: Dracovish|Dracovish|100\/100\n|turn|4\n|\n|switch|p1a: Excadrill|Excadrill, F|100\/100\n|switch|p2a: Seismitoad|Seismitoad, F|100\/100\n|-activate|p2a: Seismitoad|move: Sticky Web\n|-unboost|p2a: Seismitoad|spe|1\n|\n|-weather|Sandstorm|[upkeep]\n|upkeep\n|turn|5\n|\n|move|p1a: Excadrill|Swords Dance|p1a: Excadrill\n|-boost|p1a: Excadrill|atk|2\n|move|p2a: Seismitoad|Scald|p1a: Excadrill\n|-supereffective|p1a: Excadrill\n|-damage|p1a: Excadrill|37\/100\n|\n|-weather|Sandstorm|[upkeep]\n|-heal|p1a: Excadrill|43\/100|[from] item: Leftovers\n|upkeep\n|turn|6\n|\n|move|p1a: Excadrill|Earthquake|p2a: Seismitoad\n|-damage|p2a: Seismitoad|23\/100\n|move|p2a: Seismitoad|Earth Power|p1a: Excadrill\n|-supereffective|p1a: Excadrill\n|-damage|p1a: Excadrill|0 fnt\n|faint|p1a: Excadrill\n|\n|-weather|Sandstorm|[upkeep]\n|-heal|p2a: Seismitoad|29\/100|[from] item: Leftovers\n|upkeep\n|\n|switch|p1a: Obstagoon|Obstagoon, M|100\/100\n|turn|7\n|\n|move|p1a: Obstagoon|Knock Off|p2a: Seismitoad\n|-damage|p2a: Seismitoad|0 fnt\n|-enditem|p2a: Seismitoad|Leftovers|[from] move: Knock Off|[of] p1a: Obstagoon\n|faint|p2a: Seismitoad\n|\n|-weather|Sandstorm|[upkeep]\n|-damage|p1a: Obstagoon|94\/100|[from] Sandstorm\n|-status|p1a: Obstagoon|brn|[from] item: Flame Orb\n|upkeep\n|\n|switch|p2a: Corviknight|Corviknight, F|76\/100\n|-ability|p2a: Corviknight|Pressure\n|turn|8\n|\n|move|p1a: Obstagoon|Knock Off|p2a: Corviknight\n|-damage|p2a: Corviknight|29\/100\n|-enditem|p2a: Corviknight|Leftovers|[from] move: Knock Off|[of] p1a: Obstagoon\n|move|p2a: Corviknight|Defog|p1a: Obstagoon\n|-unboost|p1a: Obstagoon|evasion|1\n|-sideend|p2: kyff|Sticky Web|[from] move: Defog|[of] p2a: Corviknight\n|\n|-weather|Sandstorm|[upkeep]\n|-damage|p1a: Obstagoon|88\/100 brn|[from] Sandstorm\n|-damage|p1a: Obstagoon|82\/100 brn|[from] brn\n|upkeep\n|turn|9\n|\n|move|p1a: Obstagoon|Knock Off|p2a: Corviknight\n|-damage|p2a: Corviknight|0 fnt\n|faint|p2a: Corviknight\n|\n|-weather|Sandstorm|[upkeep]\n|-damage|p1a: Obstagoon|76\/100 brn|[from] Sandstorm\n|-damage|p1a: Obstagoon|70\/100 brn|[from] brn\n|upkeep\n|\n|switch|p2a: Zeraora|Zeraora|100\/100\n|turn|10\n|\n|switch|p1a: Dragapult|Dragapult, F|100\/100\n|move|p2a: Zeraora|Close Combat|p1a: Dragapult\n|-immune|p1a: Dragapult\n|\n|-weather|none\n|upkeep\n|turn|11\n|\n|move|p2a: Zeraora|Knock Off|p1a: Dragapult\n|-supereffective|p1a: Dragapult\n|-damage|p1a: Dragapult|17\/100\n|-enditem|p1a: Dragapult|Choice Specs|[from] move: Knock Off|[of] p2a: Zeraora\n|move|p1a: Dragapult|Shadow Ball|p2a: Zeraora\n|-damage|p2a: Zeraora|67\/100\n|\n|upkeep\n|turn|12\n|\n|move|p2a: Zeraora|Knock Off|p1a: Dragapult\n|-supereffective|p1a: Dragapult\n|-damage|p1a: Dragapult|0 fnt\n|faint|p1a: Dragapult\n|\n|upkeep\n|\n|switch|p1a: Dracovish|Dracovish|100\/100\n|turn|13\n|\n|switch|p2a: Clefable|Clefable, M|100\/100\n|move|p1a: Dracovish|Fishious Rend|p2a: Clefable\n|-damage|p2a: Clefable|0 fnt\n|faint|p2a: Clefable\n|\n|upkeep\n|\n|switch|p2a: Zeraora|Zeraora|67\/100\n|turn|14\n|\n|move|p2a: Zeraora|Plasma Fists|p1a: Dracovish\n|-damage|p1a: Dracovish|53\/100\n|-fieldactivate|move: Ion Deluge\n|move|p1a: Dracovish|Fishious Rend|p2a: Zeraora\n|-damage|p2a: Zeraora|0 fnt\n|faint|p2a: Zeraora\n|\n|upkeep\n|\n|switch|p2a: Kyurem|Kyurem|100\/100\n|-ability|p2a: Kyurem|Pressure\n|turn|15\n|\n|switch|p1a: Obstagoon|Obstagoon, M|70\/100 brn\n|move|p2a: Kyurem|Freeze-Dry|p1a: Obstagoon\n|-damage|p1a: Obstagoon|1\/100 brn\n|\n|-damage|p1a: Obstagoon|0 fnt|[from] brn\n|faint|p1a: Obstagoon\n|upkeep\n|-message|Chaud74 forfeited.\n|\n|win|kyff\n|l|\u2606Chaud74\n","uploadtime":1588456589,"views":1,"p1id":"chaud74","p2id":"kyff","formatid":"gen8ou","rating":0,"private":0,"password":null}