{"id":"gen8nationaldex-1389842563","p1":"RTSG tests","p2":"Kinzo Ketchum","format":"gen8nationaldex","log":"|j|\u2606RTSG tests\n|j|\u2606Kinzo Ketchum\n|inactive|Battle timer is ON: inactive players will automatically lose when time's up.\n|t:|1628050828\n|gametype|singles\n|player|p1|RTSG tests|birdkeeper|\n|player|p2|Kinzo Ketchum|lucas|\n|teamsize|p1|6\n|teamsize|p2|6\n|gen|8\n|tier|[Gen 8] National Dex\n|rated|Tournament battle\n|rule|HP Percentage Mod: HP is shown in percentages\n|rule|Endless Battle Clause: Forcing endless battles is banned\n|rule|OHKO Clause: OHKO moves are banned\n|rule|Evasion Moves Clause: Evasion moves are banned\n|rule|Species Clause: Limit one of each Pok\u00e9mon\n|rule|Dynamax Clause: You cannot dynamax\n|rule|Sleep Clause Mod: Limit one foe put to sleep\n|clearpoke\n|poke|p1|Sceptile, M|\n|poke|p1|Feraligatr, M|\n|poke|p1|Infernape, M|\n|poke|p1|Latios, M|\n|poke|p1|Thundurus-Therian, M|\n|poke|p1|Copperajah, F|\n|poke|p2|Pelipper, M|\n|poke|p2|Swampert, F|\n|poke|p2|Kingdra, F|\n|poke|p2|Urshifu-*, F|\n|poke|p2|Zapdos|\n|poke|p2|Ferrothorn, F|\n|teampreview\n|inactive|Kinzo Ketchum also wants the timer to be on.\n|\n|t:|1628050840\n|start\n|switch|p1a: Thierry|Thundurus-Therian, M|100\/100\n|switch|p2a: Pelipper|Pelipper, M|100\/100\n|-weather|RainDance|[from] ability: Drizzle|[of] p2a: Pelipper\n|turn|1\n|\n|t:|1628050850\n|switch|p2a: Ferrothorn|Ferrothorn, F|100\/100\n|-zpower|p1a: Thierry\n|move|p1a: Thierry|All-Out Pummeling|p2a: Ferrothorn|[zeffect]\n|-supereffective|p2a: Ferrothorn\n|-damage|p2a: Ferrothorn|0 fnt\n|faint|p2a: Ferrothorn\n|\n|-weather|RainDance|[upkeep]\n|upkeep\n|\n|t:|1628050866\n|switch|p2a: Zapdos|Zapdos|100\/100\n|turn|2\n|\n|t:|1628050879\n|move|p1a: Thierry|Nasty Plot|p1a: Thierry\n|-boost|p1a: Thierry|spa|2\n|move|p2a: Zapdos|Hurricane|p1a: Thierry\n|-resisted|p1a: Thierry\n|-damage|p1a: Thierry|69\/100\n|\n|-weather|RainDance|[upkeep]\n|upkeep\n|turn|3\n|\n|t:|1628050894\n|switch|p2a: Swampert|Swampert, F|100\/100\n|move|p1a: Thierry|Thunderbolt|p2a: Swampert\n|-immune|p2a: Swampert\n|\n|-weather|RainDance|[upkeep]\n|upkeep\n|turn|4\n|\n|t:|1628050905\n|switch|p1a: Santi|Infernape, M|100\/100\n|detailschange|p2a: Swampert|Swampert-Mega, F\n|-mega|p2a: Swampert|Swampert|Swampertite\n|move|p2a: Swampert|Waterfall|p1a: Santi\n|-supereffective|p1a: Santi\n|-damage|p1a: Santi|0 fnt\n|faint|p1a: Santi\n|\n|-weather|RainDance|[upkeep]\n|upkeep\n|\n|t:|1628050911\n|switch|p1a: Schlau Pires|Latios, M|100\/100\n|turn|5\n|\n|t:|1628050920\n|move|p1a: Schlau Pires|Energy Ball|p2a: Swampert\n|-supereffective|p2a: Swampert\n|-damage|p2a: Swampert|0 fnt\n|faint|p2a: Swampert\n|\n|-weather|RainDance|[upkeep]\n|upkeep\n|\n|t:|1628050923\n|switch|p2a: Kingdra|Kingdra, F|100\/100\n|turn|6\n|\n|t:|1628050928\n|switch|p1a: Metall Elefant|Copperajah, F|100\/100\n|move|p2a: Kingdra|Surf|p1a: Metall Elefant\n|-damage|p1a: Metall Elefant|4\/100\n|\n|-weather|RainDance|[upkeep]\n|upkeep\n|turn|7\n|\n|t:|1628050933\n|move|p2a: Kingdra|Surf|p1a: Metall Elefant\n|-damage|p1a: Metall Elefant|0 fnt\n|faint|p1a: Metall Elefant\n|\n|-weather|RainDance|[upkeep]\n|upkeep\n|\n|t:|1628050936\n|switch|p1a: Schnell als Robben|Sceptile, M|100\/100\n|turn|8\n|\n|t:|1628050943\n|detailschange|p1a: Schnell als Robben|Sceptile-Mega, M\n|-mega|p1a: Schnell als Robben|Sceptile|Sceptilite\n|move|p2a: Kingdra|Surf|p1a: Schnell als Robben\n|-resisted|p1a: Schnell als Robben\n|-damage|p1a: Schnell als Robben|67\/100\n|move|p1a: Schnell als Robben|Dragon Pulse|p2a: Kingdra\n|-supereffective|p2a: Kingdra\n|-damage|p2a: Kingdra|0 fnt\n|faint|p2a: Kingdra\n|\n|-weather|none\n|upkeep\n|\n|t:|1628050950\n|switch|p2a: Urshifu|Urshifu-Rapid-Strike, F|100\/100\n|turn|9\n|\n|t:|1628050959\n|switch|p2a: Pelipper|Pelipper, M|100\/100\n|-weather|RainDance|[from] ability: Drizzle|[of] p2a: Pelipper\n|move|p1a: Schnell als Robben|Energy Ball|p2a: Pelipper\n|-damage|p2a: Pelipper|26\/100\n|\n|-weather|RainDance|[upkeep]\n|upkeep\n|turn|10\n|\n|t:|1628050977\n|move|p1a: Schnell als Robben|Dragon Pulse|p2a: Pelipper\n|-damage|p2a: Pelipper|0 fnt\n|faint|p2a: Pelipper\n|\n|-weather|RainDance|[upkeep]\n|upkeep\n|\n|t:|1628050980\n|switch|p2a: Zapdos|Zapdos|100\/100\n|turn|11\n|\n|t:|1628050983\n|switch|p1a: Thierry|Thundurus-Therian, M|69\/100\n|move|p2a: Zapdos|Hurricane|p1a: Thierry\n|-resisted|p1a: Thierry\n|-damage|p1a: Thierry|38\/100\n|\n|-weather|RainDance|[upkeep]\n|upkeep\n|turn|12\n|\n|t:|1628050988\n|move|p1a: Thierry|Thunderbolt|p2a: Zapdos\n|-damage|p2a: Zapdos|48\/100\n|move|p2a: Zapdos|Hurricane|p1a: Thierry\n|-resisted|p1a: Thierry\n|-damage|p1a: Thierry|6\/100\n|\n|-weather|RainDance|[upkeep]\n|upkeep\n|turn|13\n|\n|t:|1628050994\n|move|p1a: Thierry|Thunderbolt|p2a: Zapdos\n|-damage|p2a: Zapdos|0 fnt\n|faint|p2a: Zapdos\n|\n|-weather|RainDance|[upkeep]\n|upkeep\n|\n|t:|1628050997\n|switch|p2a: Urshifu|Urshifu-Rapid-Strike, F|100\/100\n|turn|14\n|\n|t:|1628051002\n|move|p2a: Urshifu|Aqua Jet|p1a: Thierry\n|-damage|p1a: Thierry|0 fnt\n|faint|p1a: Thierry\n|\n|-weather|RainDance|[upkeep]\n|upkeep\n|\n|t:|1628051005\n|switch|p1a: Schlau Pires|Latios, M|100\/100\n|turn|15\n|\n|t:|1628051015\n|move|p2a: Urshifu|Aqua Jet|p1a: Schlau Pires\n|-resisted|p1a: Schlau Pires\n|-damage|p1a: Schlau Pires|70\/100\n|move|p1a: Schlau Pires|Psychic|p2a: Urshifu\n|-supereffective|p2a: Urshifu\n|-damage|p2a: Urshifu|0 fnt\n|faint|p2a: Urshifu\n|\n|win|RTSG tests\n|n|\u2606RTSG tests|rtsgtests\n|n|\u2606Kinzo Ketchum|kinzoketchum\n|l|\u2606Kinzo Ketchum\n","uploadtime":1628051021,"views":27,"p1id":"rtsgtests","p2id":"kinzoketchum","formatid":"gen8nationaldex","rating":0,"private":0,"password":null}