{"id":"gen8battlestadiumsingles-1060683124","p1":"PokeDa","p2":"haruthiru","format":"gen8battlestadiumsingles","log":"|j|\u2606PokeDa\n|j|\u2606haruthiru\n|player|p1|PokeDa|wallace|1383\n|player|p2|haruthiru|waitress-gen4|1340\n|teamsize|p1|6\n|teamsize|p2|6\n|gametype|singles\n|gen|8\n|tier|[Gen 8] Battle Stadium Singles\n|rated|\n|clearpoke\n|poke|p1|Tyranitar, L50, F|\n|poke|p1|Snorlax, L50, M|\n|poke|p1|Hatterene, L50, F|\n|poke|p1|Corviknight, L50, F|\n|poke|p1|Dracovish, L50|\n|poke|p1|Togekiss, L50, F|\n|poke|p2|Mudsdale, L50, M|\n|poke|p2|Duraludon, L50, M|\n|poke|p2|Vikavolt, L50, M|\n|poke|p2|Gengar, L50, M|\n|poke|p2|Hydreigon, L50, F|\n|poke|p2|Gyarados, L50, F|\n|rule|Species Clause: Limit one of each Pok\u00e9mon\n|rule|Item Clause: Limit one of each item\n|teampreview|3\n|\n|start\n|switch|p1a: Tyranitar|Tyranitar, L50, F|48\/48\n|switch|p2a: Mudsdale|Mudsdale, L50, M, shiny|48\/48\n|-weather|Sandstorm|[from] ability: Sand Stream|[of] p1a: Tyranitar\n|-item|p1a: Tyranitar|Air Balloon\n|turn|1\n|\n|move|p1a: Tyranitar|Taunt|p2a: Mudsdale\n|-start|p2a: Mudsdale|move: Taunt\n|cant|p2a: Mudsdale|move: Taunt|Stealth Rock\n|\n|-weather|Sandstorm|[upkeep]\n|upkeep\n|turn|2\n|\n|move|p1a: Tyranitar|Stealth Rock|p2a: Mudsdale\n|-sidestart|p2: haruthiru|move: Stealth Rock\n|move|p2a: Mudsdale|Body Press|p1a: Tyranitar\n|-supereffective|p1a: Tyranitar\n|-damage|p1a: Tyranitar|18\/48\n|-enditem|p1a: Tyranitar|Air Balloon\n|\n|-weather|Sandstorm|[upkeep]\n|upkeep\n|turn|3\n|\n|move|p1a: Tyranitar|Dark Pulse|p2a: Mudsdale\n|-damage|p2a: Mudsdale|38\/48\n|-ability|p2a: Mudsdale|Stamina|boost\n|-boost|p2a: Mudsdale|def|1\n|move|p2a: Mudsdale|Body Press|p1a: Tyranitar\n|-supereffective|p1a: Tyranitar\n|-damage|p1a: Tyranitar|0 fnt\n|faint|p1a: Tyranitar\n|\n|-weather|Sandstorm|[upkeep]\n|-end|p2a: Mudsdale|move: Taunt\n|upkeep\n|\n|switch|p1a: Snorlax|Snorlax, L50, M|48\/48\n|turn|4\n|\n|move|p2a: Mudsdale|Stealth Rock|p1a: Snorlax\n|-sidestart|p1: PokeDa|move: Stealth Rock\n|move|p1a: Snorlax|Curse|p1a: Snorlax\n|-unboost|p1a: Snorlax|spe|1\n|-boost|p1a: Snorlax|atk|1\n|-boost|p1a: Snorlax|def|1\n|\n|-weather|Sandstorm|[upkeep]\n|-damage|p1a: Snorlax|45\/48|[from] Sandstorm\n|upkeep\n|turn|5\n|\n|move|p2a: Mudsdale|Body Press|p1a: Snorlax\n|-supereffective|p1a: Snorlax\n|-damage|p1a: Snorlax|32\/48\n|move|p1a: Snorlax|Curse|p1a: Snorlax\n|-unboost|p1a: Snorlax|spe|1\n|-boost|p1a: Snorlax|atk|1\n|-boost|p1a: Snorlax|def|1\n|\n|-weather|none\n|upkeep\n|turn|6\n|\n|move|p2a: Mudsdale|Body Press|p1a: Snorlax\n|-supereffective|p1a: Snorlax\n|-damage|p1a: Snorlax|24\/48g\n|move|p1a: Snorlax|Curse|p1a: Snorlax\n|-unboost|p1a: Snorlax|spe|1\n|-boost|p1a: Snorlax|atk|1\n|-boost|p1a: Snorlax|def|1\n|\n|upkeep\n|turn|7\n|\n|move|p2a: Mudsdale|Body Press|p1a: Snorlax\n|-supereffective|p1a: Snorlax\n|-damage|p1a: Snorlax|16\/48\n|move|p1a: Snorlax|Curse|p1a: Snorlax\n|-unboost|p1a: Snorlax|spe|1\n|-boost|p1a: Snorlax|atk|1\n|-boost|p1a: Snorlax|def|1\n|\n|upkeep\n|turn|8\n|\n|move|p2a: Mudsdale|Body Press|p1a: Snorlax\n|-supereffective|p1a: Snorlax\n|-damage|p1a: Snorlax|10\/48\n|move|p1a: Snorlax|Rest|p1a: Snorlax\n|-status|p1a: Snorlax|slp|[from] move: Rest\n|-heal|p1a: Snorlax|48\/48 slp|[silent]\n|-enditem|p1a: Snorlax|Chesto Berry|[eat]\n|-curestatus|p1a: Snorlax|slp|[msg]\n|\n|upkeep\n|turn|9\n|\n|move|p2a: Mudsdale|Body Press|p1a: Snorlax\n|-supereffective|p1a: Snorlax\n|-damage|p1a: Snorlax|41\/48\n|move|p1a: Snorlax|Body Slam|p2a: Mudsdale\n|-damage|p2a: Mudsdale|14\/48\n|-ability|p2a: Mudsdale|Stamina|boost\n|-boost|p2a: Mudsdale|def|1\n|\n|upkeep\n|turn|10\n|\n|move|p2a: Mudsdale|Rest|p2a: Mudsdale\n|-status|p2a: Mudsdale|slp|[from] move: Rest\n|-heal|p2a: Mudsdale|48\/48 slp|[silent]\n|-enditem|p2a: Mudsdale|Chesto Berry|[eat]\n|-curestatus|p2a: Mudsdale|slp|[msg]\n|move|p1a: Snorlax|Body Slam|p2a: Mudsdale\n|-damage|p2a: Mudsdale|30\/48\n|-ability|p2a: Mudsdale|Stamina|boost\n|-boost|p2a: Mudsdale|def|1\n|-status|p2a: Mudsdale|par\n|\n|upkeep\n|turn|11\n|\n|move|p2a: Mudsdale|Rest|p2a: Mudsdale\n|-status|p2a: Mudsdale|slp|[from] move: Rest\n|-heal|p2a: Mudsdale|48\/48 slp|[silent]\n|move|p1a: Snorlax|Curse|p1a: Snorlax\n|-unboost|p1a: Snorlax|spe|1\n|-boost|p1a: Snorlax|atk|1\n|-boost|p1a: Snorlax|def|1\n|\n|upkeep\n|turn|12\n|\n|cant|p2a: Mudsdale|slp\n|move|p1a: Snorlax|Body Slam|p2a: Mudsdale\n|-damage|p2a: Mudsdale|31\/48 slp\n|-ability|p2a: Mudsdale|Stamina|boost\n|-boost|p2a: Mudsdale|def|1\n|\n|upkeep\n|turn|13\n|\n|cant|p2a: Mudsdale|slp\n|move|p1a: Snorlax|Curse|p1a: Snorlax\n|-unboost|p1a: Snorlax|spe|1\n|-boost|p1a: Snorlax|atk|1\n|-boost|p1a: Snorlax|def|1\n|\n|upkeep\n|turn|14\n|\n|-curestatus|p2a: Mudsdale|slp|[msg]\n|move|p2a: Mudsdale|Body Press|p1a: Snorlax\n|-supereffective|p1a: Snorlax\n|-damage|p1a: Snorlax|33\/48\n|move|p1a: Snorlax|Body Slam|p2a: Mudsdale\n|-damage|p2a: Mudsdale|14\/48\n|-ability|p2a: Mudsdale|Stamina|boost\n|-boost|p2a: Mudsdale|def|1\n|\n|upkeep\n|turn|15\n|\n|move|p2a: Mudsdale|Body Press|p1a: Snorlax\n|-supereffective|p1a: Snorlax\n|-damage|p1a: Snorlax|24\/48g\n|move|p1a: Snorlax|Body Slam|p2a: Mudsdale\n|-damage|p2a: Mudsdale|1\/48\n|-ability|p2a: Mudsdale|Stamina|boost\n|-boost|p2a: Mudsdale|def|1\n|\n|upkeep\n|turn|16\n|\n|move|p2a: Mudsdale|Rest|p2a: Mudsdale\n|-status|p2a: Mudsdale|slp|[from] move: Rest\n|-heal|p2a: Mudsdale|48\/48 slp|[silent]\n|move|p1a: Snorlax|Body Slam|p2a: Mudsdale\n|-damage|p2a: Mudsdale|35\/48 slp\n|\n|upkeep\n|turn|17\n|\n|cant|p2a: Mudsdale|slp\n|move|p1a: Snorlax|Body Slam|p2a: Mudsdale\n|-damage|p2a: Mudsdale|24\/48g slp\n|\n|upkeep\n|turn|18\n|\n|cant|p2a: Mudsdale|slp\n|move|p1a: Snorlax|Body Slam|p2a: Mudsdale\n|-damage|p2a: Mudsdale|12\/48 slp\n|\n|upkeep\n|turn|19\n|\n|-curestatus|p2a: Mudsdale|slp|[msg]\n|move|p2a: Mudsdale|Body Press|p1a: Snorlax\n|-supereffective|p1a: Snorlax\n|-damage|p1a: Snorlax|13\/48\n|move|p1a: Snorlax|Body Slam|p2a: Mudsdale\n|-damage|p2a: Mudsdale|1\/48\n|\n|upkeep\n|turn|20\n|\n|move|p2a: Mudsdale|Body Press|p1a: Snorlax\n|-supereffective|p1a: Snorlax\n|-damage|p1a: Snorlax|1\/48\n|move|p1a: Snorlax|Rest|p1a: Snorlax\n|-status|p1a: Snorlax|slp|[from] move: Rest\n|-heal|p1a: Snorlax|48\/48 slp|[silent]\n|\n|upkeep\n|turn|21\n|\n|move|p2a: Mudsdale|Body Press|p1a: Snorlax\n|-supereffective|p1a: Snorlax\n|-damage|p1a: Snorlax|36\/48 slp\n|cant|p1a: Snorlax|slp\n|\n|upkeep\n|turn|22\n|\n|move|p2a: Mudsdale|Body Press|p1a: Snorlax\n|-supereffective|p1a: Snorlax\n|-damage|p1a: Snorlax|24\/48g slp\n|cant|p1a: Snorlax|slp\n|\n|upkeep\n|turn|23\n|\n|move|p2a: Mudsdale|Body Press|p1a: Snorlax\n|-supereffective|p1a: Snorlax\n|-crit|p1a: Snorlax\n|-damage|p1a: Snorlax|0 fnt\n|faint|p1a: Snorlax\n|\n|upkeep\n|\n|switch|p1a: Togekiss|Togekiss, L50, F|48\/48\n|-damage|p1a: Togekiss|36\/48|[from] Stealth Rock\n|turn|24\n|\n|move|p1a: Togekiss|Nasty Plot|p1a: Togekiss\n|-boost|p1a: Togekiss|spa|2\n|move|p2a: Mudsdale|Body Press|p1a: Togekiss\n|-resisted|p1a: Togekiss\n|-damage|p1a: Togekiss|29\/48\n|\n|upkeep\n|turn|25\n|\n|-start|p1a: Togekiss|Dynamax\n|-heal|p1a: Togekiss|29\/48|[silent]\n|move|p1a: Togekiss|Max Airstream|p2a: Mudsdale\n|-crit|p2a: Mudsdale\n|-damage|p2a: Mudsdale|0 fnt\n|-boost|p1a: Togekiss|spe|1\n|faint|p2a: Mudsdale\n|\n|upkeep\n|\n|switch|p2a: Gengar|Gengar, L50, M|48\/48\n|-damage|p2a: Gengar|42\/48|[from] Stealth Rock\n|turn|26\n|\n|-start|p2a: Gengar|Dynamax\n|-heal|p2a: Gengar|42\/48|[silent]\n|move|p2a: Gengar|Max Guard|p2a: Gengar\n|-singleturn|p2a: Gengar|Max Guard\n|move|p1a: Togekiss|Max Airstream|p2a: Gengar\n|-activate|p2a: Gengar|move: Max Guard\n|\n|upkeep\n|turn|27\n|\n|move|p1a: Togekiss|Max Airstream|p2a: Gengar\n|-crit|p2a: Gengar\n|-damage|p2a: Gengar|0 fnt\n|-boost|p1a: Togekiss|spe|1\n|faint|p2a: Gengar\n|\n|-end|p1a: Togekiss|Dynamax\n|-heal|p1a: Togekiss|29\/48|[silent]\n|upkeep\n|-message|haruthiru forfeited.\n|\n|win|PokeDa\n|l|\u2606haruthiru\n|raw|PokeDa's rating: 1384 &rarr; <strong>1401<\/strong><br \/>(+17 for winning)\n|raw|haruthiru's rating: 1340 &rarr; <strong>1323<\/strong><br \/>(-17 for losing)\n","uploadtime":1581296227,"views":22,"p1id":"pokeda","p2id":"haruthiru","formatid":"gen8battlestadiumsingles","rating":1323,"private":0,"password":null}