{"id":"gen8ou-1388819422","p1":"godlierwalrus","p2":"brifye","format":"gen8ou","log":"|j|\u2606godlierwalrus\n|j|\u2606brifye\n|t:|1627922898\n|gametype|singles\n|player|p1|godlierwalrus|crasherwake|1501\n|player|p2|brifye|2|1518\n|teamsize|p1|6\n|teamsize|p2|6\n|gen|8\n|tier|[Gen 8] OU\n|rated|\n|rule|Sleep Clause Mod: Limit one foe put to sleep\n|rule|Species Clause: Limit one of each Pok\u00e9mon\n|rule|OHKO Clause: OHKO moves are banned\n|rule|Evasion Moves Clause: Evasion moves are banned\n|rule|Endless Battle Clause: Forcing endless battles is banned\n|rule|HP Percentage Mod: HP is shown in percentages\n|rule|Dynamax Clause: You cannot dynamax\n|clearpoke\n|poke|p1|Blacephalon|\n|poke|p1|Zeraora|\n|poke|p1|Landorus-Therian, M|\n|poke|p1|Tapu Fini|\n|poke|p1|Porygon2|\n|poke|p1|Buzzwole|\n|poke|p2|Urshifu-*, F|\n|poke|p2|Slowking, M|\n|poke|p2|Tapu Koko|\n|poke|p2|Landorus-Therian, M|\n|poke|p2|Weavile, M|\n|poke|p2|Corviknight, F|\n|teampreview\n|j| FOREST CAVE ????\n|j| Iziyo\n|inactive|Battle timer is ON: inactive players will automatically lose when time's up. (requested by brifye)\n|\n|t:|1627922942\n|start\n|switch|p1a: Chad|Buzzwole|100\/100\n|switch|p2a: Slowking|Slowking, M|100\/100\n|turn|1\n|\n|t:|1627922949\n|move|p1a: Chad|Thunder Punch|p2a: Slowking\n|-supereffective|p2a: Slowking\n|-damage|p2a: Slowking|52\/100\n|move|p2a: Slowking|Future Sight|p1a: Chad\n|-start|p2a: Slowking|move: Future Sight\n|\n|upkeep\n|turn|2\n|j| Zombini62\n|\n|t:|1627922959\n|switch|p1a: Landorus|Landorus-Therian, M|100\/100\n|-ability|p1a: Landorus|Intimidate|boost\n|-unboost|p2a: Slowking|atk|1\n|switch|p2a: Landorus|Landorus-Therian, M|100\/100\n|-ability|p2a: Landorus|Intimidate|boost\n|-unboost|p1a: Landorus|atk|1\n|\n|upkeep\n|turn|3\n|\n|t:|1627922970\n|move|p1a: Landorus|U-turn|p2a: Landorus\n|-resisted|p2a: Landorus\n|-damage|p2a: Landorus|92\/100\n|\n|t:|1627922973\n|switch|p1a: birb|Porygon2|100\/100|[from]move: U-turn\n|-ability|p1a: birb|Intimidate|[from] ability: Trace|[of] p2a: Landorus\n|-ability|p1a: birb|Intimidate|boost\n|-unboost|p2a: Landorus|atk|1\n|move|p2a: Landorus|Toxic|p1a: birb\n|-status|p1a: birb|tox\n|\n|-end|p1a: birb|move: Future Sight\n|-damage|p1a: birb|82\/100 tox\n|-heal|p2a: Landorus|98\/100|[from] item: Leftovers\n|-damage|p1a: birb|76\/100 tox|[from] psn\n|upkeep\n|turn|4\n|\n|t:|1627922985\n|move|p2a: Landorus|U-turn|p1a: birb\n|-damage|p1a: birb|66\/100 tox\n|\n|t:|1627922988\n|switch|p2a: Slowking|Slowking, M|85\/100|[from]move: U-turn\n|move|p1a: birb|Teleport|p1a: birb\n|\n|t:|1627922991\n|switch|p1a: Star Fox|Zeraora, shiny|100\/100|[from]move: Teleport\n|\n|upkeep\n|turn|5\n|\n|t:|1627922996\n|switch|p2a: Landorus|Landorus-Therian, M|98\/100\n|-ability|p2a: Landorus|Intimidate|boost\n|-unboost|p1a: Star Fox|atk|1\n|move|p1a: Star Fox|Knock Off|p2a: Landorus\n|-damage|p2a: Landorus|79\/100\n|-enditem|p2a: Landorus|Leftovers|[from] move: Knock Off|[of] p1a: Star Fox\n|\n|upkeep\n|turn|6\n|\n|t:|1627923009\n|switch|p1a: Chad|Buzzwole|100\/100\n|move|p2a: Landorus|Earthquake|p1a: Chad\n|-resisted|p1a: Chad\n|-damage|p1a: Chad|88\/100\n|\n|upkeep\n|turn|7\n|l| Iziyo\n|inactive|godlierwalrus has 120 seconds left.\n|inactive|godlierwalrus has 90 seconds left.\n|j| Iziyo\n|\n|t:|1627923094\n|switch|p1a: Ascended clam|Tapu Fini|100\/100\n|-fieldstart|move: Misty Terrain|[from] ability: Misty Surge|[of] p1a: Ascended clam\n|switch|p2a: Corviknight|Corviknight, F|100\/100\n|-ability|p2a: Corviknight|Pressure\n|\n|upkeep\n|turn|8\n|\n|t:|1627923102\n|move|p1a: Ascended clam|Nature's Madness|p2a: Corviknight\n|-damage|p2a: Corviknight|51\/100\n|move|p2a: Corviknight|U-turn|p1a: Ascended clam\n|-resisted|p1a: Ascended clam\n|-damage|p1a: Ascended clam|95\/100\n|\n|t:|1627923111\n|switch|p2a: Tapu Koko|Tapu Koko|100\/100|[from]move: U-turn\n|-fieldstart|move: Electric Terrain|[from] ability: Electric Surge|[of] p2a: Tapu Koko\n|\n|-heal|p1a: Ascended clam|100\/100|[from] item: Leftovers\n|upkeep\n|turn|9\n|\n|t:|1627923122\n|move|p2a: Tapu Koko|Dazzling Gleam|p1a: Ascended clam\n|-damage|p1a: Ascended clam|81\/100\n|move|p1a: Ascended clam|Moonblast|p2a: Tapu Koko\n|-damage|p2a: Tapu Koko|53\/100\n|\n|-heal|p1a: Ascended clam|87\/100|[from] item: Leftovers\n|upkeep\n|turn|10\n|\n|t:|1627923129\n|switch|p1a: Landorus|Landorus-Therian, M|100\/100\n|-ability|p1a: Landorus|Intimidate|boost\n|-unboost|p2a: Tapu Koko|atk|1\n|move|p2a: Tapu Koko|Dazzling Gleam|p1a: Landorus\n|-damage|p1a: Landorus|67\/100\n|\n|upkeep\n|turn|11\n|\n|t:|1627923142\n|switch|p2a: Landorus|Landorus-Therian, M|79\/100\n|-ability|p2a: Landorus|Intimidate|boost\n|-unboost|p1a: Landorus|atk|1\n|move|p1a: Landorus|Smack Down|p2a: Landorus\n|-damage|p2a: Landorus|65\/100\n|-start|p2a: Landorus|Smack Down\n|\n|upkeep\n|turn|12\n|\n|t:|1627923153\n|switch|p1a: Ascended clam|Tapu Fini|87\/100\n|-fieldstart|move: Misty Terrain|[from] ability: Misty Surge|[of] p1a: Ascended clam\n|switch|p2a: Corviknight|Corviknight, F|51\/100\n|-ability|p2a: Corviknight|Pressure\n|\n|-heal|p1a: Ascended clam|93\/100|[from] item: Leftovers\n|upkeep\n|turn|13\n|\n|t:|1627923164\n|move|p1a: Ascended clam|Taunt|p2a: Corviknight\n|-start|p2a: Corviknight|move: Taunt\n|move|p2a: Corviknight|U-turn|p1a: Ascended clam\n|-resisted|p1a: Ascended clam\n|-damage|p1a: Ascended clam|87\/100\n|\n|t:|1627923169\n|switch|p2a: Tapu Koko|Tapu Koko|53\/100|[from]move: U-turn\n|-fieldstart|move: Electric Terrain|[from] ability: Electric Surge|[of] p2a: Tapu Koko\n|\n|-heal|p1a: Ascended clam|93\/100|[from] item: Leftovers\n|upkeep\n|turn|14\n|\n|t:|1627923181\n|switch|p1a: Landorus|Landorus-Therian, M|67\/100\n|-ability|p1a: Landorus|Intimidate|boost\n|-unboost|p2a: Tapu Koko|atk|1\n|move|p2a: Tapu Koko|Roost|p2a: Tapu Koko\n|-heal|p2a: Tapu Koko|100\/100\n|-singleturn|p2a: Tapu Koko|move: Roost\n|\n|upkeep\n|turn|15\n|inactive|godlierwalrus has 120 seconds left.\n|\n|t:|1627923190\n|switch|p2a: Corviknight|Corviknight, F|51\/100\n|-ability|p2a: Corviknight|Pressure\n|move|p1a: Landorus|Earthquake|p2a: Corviknight\n|-immune|p2a: Corviknight\n|\n|upkeep\n|turn|16\n|\n|t:|1627923201\n|move|p1a: Landorus|Smack Down|p2a: Corviknight\n|-damage|p2a: Corviknight|38\/100\n|-start|p2a: Corviknight|Smack Down\n|move|p2a: Corviknight|Brave Bird|p1a: Landorus\n|-damage|p1a: Landorus|33\/100\n|-damage|p2a: Corviknight|28\/100|[from] Recoil\n|\n|upkeep\n|turn|17\n|\n|t:|1627923210\n|switch|p2a: Landorus|Landorus-Therian, M|65\/100\n|-ability|p2a: Landorus|Intimidate|boost\n|-unboost|p1a: Landorus|atk|1\n|move|p1a: Landorus|Earthquake|p2a: Landorus\n|-immune|p2a: Landorus\n|\n|-fieldend|move: Electric Terrain\n|upkeep\n|turn|18\n|\n|t:|1627923217\n|move|p1a: Landorus|Stealth Rock|p2a: Landorus\n|-sidestart|p2: brifye|move: Stealth Rock\n|move|p2a: Landorus|Stealth Rock|p1a: Landorus\n|-sidestart|p1: godlierwalrus|move: Stealth Rock\n|\n|upkeep\n|turn|19\n|\n|t:|1627923221\n|move|p1a: Landorus|U-turn|p2a: Landorus\n|-resisted|p2a: Landorus\n|-damage|p2a: Landorus|56\/100\n|\n|t:|1627923223\n|switch|p1a: Ascended clam|Tapu Fini|93\/100|[from]move: U-turn\n|-damage|p1a: Ascended clam|80\/100|[from] Stealth Rock\n|-fieldstart|move: Misty Terrain|[from] ability: Misty Surge|[of] p1a: Ascended clam\n|move|p2a: Landorus|Toxic|p1a: Ascended clam\n|-activate|p1a: Ascended clam|move: Misty Terrain\n|\n|-heal|p1a: Ascended clam|87\/100|[from] item: Leftovers\n|upkeep\n|turn|20\n|\n|t:|1627923232\n|move|p1a: Ascended clam|Moonblast|p2a: Landorus\n|-damage|p2a: Landorus|33\/100\n|move|p2a: Landorus|Earthquake|p1a: Ascended clam\n|-damage|p1a: Ascended clam|43\/100\n|\n|-heal|p1a: Ascended clam|49\/100|[from] item: Leftovers\n|upkeep\n|turn|21\n|\n|t:|1627923240\n|move|p1a: Ascended clam|Moonblast|p2a: Landorus\n|-damage|p2a: Landorus|9\/100\n|-unboost|p2a: Landorus|spa|1\n|move|p2a: Landorus|Earthquake|p1a: Ascended clam\n|-damage|p1a: Ascended clam|9\/100\n|\n|-heal|p1a: Ascended clam|15\/100|[from] item: Leftovers\n|upkeep\n|turn|22\n|\n|t:|1627923251\n|switch|p2a: Slowking|Slowking, M|100\/100\n|move|p1a: Ascended clam|Moonblast|p2a: Slowking\n|-damage|p2a: Slowking|83\/100\n|\n|-heal|p1a: Ascended clam|21\/100|[from] item: Leftovers\n|upkeep\n|turn|23\n|\n|t:|1627923258\n|move|p1a: Ascended clam|Nature's Madness|p2a: Slowking\n|-damage|p2a: Slowking|42\/100\n|move|p2a: Slowking|Future Sight|p1a: Ascended clam\n|-start|p2a: Slowking|move: Future Sight\n|\n|-heal|p1a: Ascended clam|27\/100|[from] item: Leftovers\n|-fieldend|Misty Terrain\n|upkeep\n|turn|24\n|\n|t:|1627923264\n|move|p1a: Ascended clam|Nature's Madness|p2a: Slowking\n|-damage|p2a: Slowking|21\/100\n|move|p2a: Slowking|Teleport|p2a: Slowking\n|\n|t:|1627923274\n|switch|p2a: Urshifu|Urshifu-Rapid-Strike, F|100\/100|[from]move: Teleport\n|-damage|p2a: Urshifu|94\/100|[from] Stealth Rock\n|\n|-heal|p1a: Ascended clam|33\/100|[from] item: Leftovers\n|upkeep\n|turn|25\n|\n|t:|1627923280\n|move|p2a: Urshifu|U-turn|p1a: Ascended clam\n|-resisted|p1a: Ascended clam\n|-damage|p1a: Ascended clam|18\/100\n|\n|t:|1627923286\n|switch|p2a: Landorus|Landorus-Therian, M|9\/100|[from]move: U-turn\n|-damage|p2a: Landorus|0 fnt|[from] Stealth Rock\n|faint|p2a: Landorus\n|move|p1a: Ascended clam|Moonblast|p2: Landorus|[notarget]\n|-fail|p1a: Ascended clam\n|\n|-end|p1a: Ascended clam|move: Future Sight\n|-damage|p1a: Ascended clam|0 fnt\n|faint|p1a: Ascended clam\n|upkeep\n|\n|t:|1627923302\n|switch|p1a: Star Fox|Zeraora, shiny|100\/100\n|switch|p2a: Slowking|Slowking, M|55\/100\n|-damage|p1a: Star Fox|88\/100|[from] Stealth Rock\n|turn|26\n|\n|t:|1627923309\n|switch|p2a: Corviknight|Corviknight, F|28\/100\n|-damage|p2a: Corviknight|15\/100|[from] Stealth Rock\n|-ability|p2a: Corviknight|Pressure\n|move|p1a: Star Fox|Bulk Up|p1a: Star Fox\n|-boost|p1a: Star Fox|atk|1\n|-boost|p1a: Star Fox|def|1\n|\n|-heal|p1a: Star Fox|94\/100|[from] item: Leftovers\n|upkeep\n|turn|27\n|\n|t:|1627923329\n|move|p1a: Star Fox|Drain Punch|p2a: Corviknight\n|-damage|p2a: Corviknight|0 fnt\n|-heal|p1a: Star Fox|100\/100|[from] drain|[of] p2a: Corviknight\n|-damage|p1a: Star Fox|84\/100|[from] item: Rocky Helmet|[of] p2a: Corviknight\n|faint|p2a: Corviknight\n|\n|-heal|p1a: Star Fox|90\/100|[from] item: Leftovers\n|upkeep\n|\n|t:|1627923336\n|switch|p2a: Tapu Koko|Tapu Koko|100\/100\n|-fieldstart|move: Electric Terrain|[from] ability: Electric Surge|[of] p2a: Tapu Koko\n|turn|28\n|\n|t:|1627923343\n|move|p1a: Star Fox|Plasma Fists|p2a: Tapu Koko\n|-resisted|p2a: Tapu Koko\n|-damage|p2a: Tapu Koko|34\/100\n|move|p2a: Tapu Koko|Dazzling Gleam|p1a: Star Fox\n|-damage|p1a: Star Fox|44\/100\n|\n|-heal|p1a: Star Fox|50\/100|[from] item: Leftovers\n|upkeep\n|turn|29\n|\n|t:|1627923353\n|move|p1a: Star Fox|Plasma Fists|p2a: Tapu Koko\n|-resisted|p2a: Tapu Koko\n|-damage|p2a: Tapu Koko|0 fnt\n|faint|p2a: Tapu Koko\n|\n|-heal|p1a: Star Fox|56\/100|[from] item: Leftovers\n|upkeep\n|\n|t:|1627923360\n|switch|p2a: Urshifu|Urshifu-Rapid-Strike, F|94\/100\n|-damage|p2a: Urshifu|88\/100|[from] Stealth Rock\n|turn|30\n|\n|t:|1627923369\n|move|p2a: Urshifu|Aqua Jet|p1a: Star Fox\n|-damage|p1a: Star Fox|28\/100\n|move|p1a: Star Fox|Plasma Fists|p2a: Urshifu\n|-supereffective|p2a: Urshifu\n|-damage|p2a: Urshifu|0 fnt\n|faint|p2a: Urshifu\n|\n|-heal|p1a: Star Fox|34\/100|[from] item: Leftovers\n|upkeep\n|\n|t:|1627923378\n|switch|p2a: Weavile|Weavile, M|100\/100\n|-ability|p2a: Weavile|Pressure\n|turn|31\n|\n|t:|1627923383\n|move|p2a: Weavile|Ice Shard|p1a: Star Fox\n|-damage|p1a: Star Fox|16\/100\n|move|p1a: Star Fox|Plasma Fists|p2a: Weavile\n|-damage|p2a: Weavile|0 fnt\n|faint|p2a: Weavile\n|\n|-heal|p1a: Star Fox|22\/100|[from] item: Leftovers\n|upkeep\n|c|\u2606brifye|gg\n|c|\u2606godlierwalrus|gg\n|-message|brifye forfeited.\n|\n|win|godlierwalrus\n|raw|godlierwalrus's rating: 1501 &rarr; <strong>1522<\/strong><br \/>(+21 for winning)\n|raw|brifye's rating: 1518 &rarr; <strong>1497<\/strong><br \/>(-21 for losing)\n|l|\u2606brifye\n|l| FOREST CAVE ????\n||Ladder isn't responding, score probably updated but might not have (Request timeout).\n","uploadtime":1627923396,"views":14,"p1id":"godlierwalrus","p2id":"brifye","formatid":"gen8ou","rating":1497,"private":0,"password":null}