{"id":"gen8uu-1608658630","p1":"Dayyyyyy","p2":"TheonReekGreyjoy","format":"gen8uu","log":"|j|\u2606Dayyyyyy\n|j|\u2606TheonReekGreyjoy\n|t:|1656754806\n|gametype|singles\n|player|p1|Dayyyyyy|ingo|1330\n|player|p2|TheonReekGreyjoy|101|1479\n|teamsize|p1|6\n|teamsize|p2|6\n|gen|8\n|tier|[Gen 8] UU\n|rated|\n|rule|Sleep Clause Mod: Limit one foe put to sleep\n|rule|Species Clause: Limit one of each Pok\u00e9mon\n|rule|OHKO Clause: OHKO moves are banned\n|rule|Evasion Moves Clause: Evasion moves are banned\n|rule|Endless Battle Clause: Forcing endless battles is banned\n|rule|HP Percentage Mod: HP is shown in percentages\n|rule|Dynamax Clause: You cannot dynamax\n|clearpoke\n|poke|p1|Hippowdon, F|\n|poke|p1|Excadrill, F|\n|poke|p1|Tangrowth, F|\n|poke|p1|Rotom-Wash|\n|poke|p1|Salamence, M|\n|poke|p1|Keldeo-Resolute|\n|poke|p2|Torkoal, M|\n|poke|p2|Entei|\n|poke|p2|Venusaur, M|\n|poke|p2|Hydreigon, M|\n|poke|p2|Cobalion|\n|poke|p2|Tapu Bulu|\n|teampreview\n|c|\u2606Dayyyyyy|gl\n|inactive|Battle timer is ON: inactive players will automatically lose when time's up. (requested by Dayyyyyy)\n|inactive|TheonReekGreyjoy has 120 seconds left.\n|inactive|TheonReekGreyjoy has 90 seconds left.\n|\n|t:|1656754920\n|start\n|switch|p1a: Terpan|Rotom-Wash|100\/100\n|switch|p2a: Hydreigon|Hydreigon, M|100\/100\n|turn|1\n|\n|t:|1656754926\n|switch|p1a: Tomori|Hippowdon, F|100\/100\n|-weather|Sandstorm|[from] ability: Sand Stream|[of] p1a: Tomori\n|move|p2a: Hydreigon|Toxic|p1a: Tomori\n|-status|p1a: Tomori|tox\n|\n|-weather|Sandstorm|[upkeep]\n|-damage|p2a: Hydreigon|94\/100|[from] Sandstorm\n|-heal|p2a: Hydreigon|100\/100|[from] item: Leftovers\n|-damage|p1a: Tomori|94\/100 tox|[from] psn\n|upkeep\n|turn|2\n|\n|t:|1656754936\n|move|p2a: Hydreigon|Dark Pulse|p1a: Tomori\n|-damage|p1a: Tomori|65\/100 tox\n|cant|p1a: Tomori|flinch\n|\n|-weather|Sandstorm|[upkeep]\n|-damage|p2a: Hydreigon|94\/100|[from] Sandstorm\n|-heal|p2a: Hydreigon|100\/100|[from] item: Leftovers\n|-damage|p1a: Tomori|53\/100 tox|[from] psn\n|upkeep\n|turn|3\n|\n|t:|1656754945\n|move|p2a: Hydreigon|Dark Pulse|p1a: Tomori\n|-damage|p1a: Tomori|25\/100 tox\n|cant|p1a: Tomori|flinch\n|\n|-weather|Sandstorm|[upkeep]\n|-damage|p2a: Hydreigon|94\/100|[from] Sandstorm\n|-heal|p2a: Hydreigon|100\/100|[from] item: Leftovers\n|-damage|p1a: Tomori|6\/100 tox|[from] psn\n|upkeep\n|turn|4\n|c|\u2606Dayyyyyy|..\n|\n|t:|1656754953\n|switch|p1a: Astariall|Excadrill, F|100\/100\n|move|p2a: Hydreigon|Dark Pulse|p1a: Astariall\n|-damage|p1a: Astariall|53\/100\n|\n|-weather|Sandstorm|[upkeep]\n|-damage|p2a: Hydreigon|94\/100|[from] Sandstorm\n|-heal|p1a: Astariall|59\/100|[from] item: Leftovers\n|-heal|p2a: Hydreigon|100\/100|[from] item: Leftovers\n|upkeep\n|turn|5\n|\n|t:|1656754962\n|move|p1a: Astariall|Iron Head|p2a: Hydreigon\n|-damage|p2a: Hydreigon|56\/100\n|move|p2a: Hydreigon|Dark Pulse|p1a: Astariall\n|-damage|p1a: Astariall|13\/100\n|\n|-weather|none\n|-heal|p1a: Astariall|19\/100|[from] item: Leftovers\n|-heal|p2a: Hydreigon|62\/100|[from] item: Leftovers\n|upkeep\n|turn|6\n|\n|t:|1656754973\n|switch|p1a: Yuu|Keldeo-Resolute|100\/100\n|move|p2a: Hydreigon|Dark Pulse|p1a: Yuu\n|-resisted|p1a: Yuu\n|-damage|p1a: Yuu|81\/100\n|-ability|p1a: Yuu|Justified|boost\n|-boost|p1a: Yuu|atk|1\n|\n|-heal|p2a: Hydreigon|68\/100|[from] item: Leftovers\n|upkeep\n|turn|7\n|\n|t:|1656754980\n|switch|p2a: Tapu Bulu|Tapu Bulu|100\/100\n|-fieldstart|move: Grassy Terrain|[from] ability: Grassy Surge|[of] p2a: Tapu Bulu\n|move|p1a: Yuu|Secret Sword|p2a: Tapu Bulu\n|-resisted|p2a: Tapu Bulu\n|-damage|p2a: Tapu Bulu|72\/100\n|\n|-heal|p1a: Yuu|87\/100|[from] Grassy Terrain\n|-heal|p2a: Tapu Bulu|78\/100|[from] Grassy Terrain\n|-heal|p2a: Tapu Bulu|84\/100|[from] item: Leftovers\n|upkeep\n|turn|8\n|\n|t:|1656754988\n|switch|p1a: Basty|Tangrowth, F|100\/100\n|switch|p2a: Torkoal|Torkoal, M|100\/100\n|-weather|SunnyDay|[from] ability: Drought|[of] p2a: Torkoal\n|\n|-weather|SunnyDay|[upkeep]\n|upkeep\n|turn|9\n|\n|t:|1656754994\n|switch|p2a: Venusaur|Venusaur, M|100\/100\n|move|p1a: Basty|Knock Off|p2a: Venusaur\n|-damage|p2a: Venusaur|70\/100\n|-enditem|p2a: Venusaur|Life Orb|[from] move: Knock Off|[of] p1a: Basty\n|\n|-weather|SunnyDay|[upkeep]\n|-heal|p2a: Venusaur|76\/100|[from] Grassy Terrain\n|upkeep\n|turn|10\n|\n|t:|1656755001\n|move|p2a: Venusaur|Weather Ball|p1a: Basty\n|-supereffective|p1a: Basty\n|-damage|p1a: Basty|31\/100\n|move|p1a: Basty|Earthquake|p2a: Venusaur\n|-damage|p2a: Venusaur|61\/100\n|\n|-weather|SunnyDay|[upkeep]\n|-heal|p2a: Venusaur|67\/100|[from] Grassy Terrain\n|-heal|p1a: Basty|38\/100|[from] Grassy Terrain\n|upkeep\n|turn|11\n|\n|t:|1656755010\n|switch|p1a: Terpan|Rotom-Wash|100\/100\n|move|p2a: Venusaur|Growth|p2a: Venusaur\n|-boost|p2a: Venusaur|atk|2\n|-boost|p2a: Venusaur|spa|2\n|\n|-weather|SunnyDay|[upkeep]\n|-heal|p2a: Venusaur|73\/100|[from] Grassy Terrain\n|-fieldend|move: Grassy Terrain\n|upkeep\n|turn|12\n|\n|t:|1656755025\n|switch|p1a: Tomori|Hippowdon, F|6\/100 tox\n|-weather|Sandstorm|[from] ability: Sand Stream|[of] p1a: Tomori\n|move|p2a: Venusaur|Giga Drain|p1a: Tomori\n|-supereffective|p1a: Tomori\n|-damage|p1a: Tomori|0 fnt\n|-heal|p2a: Venusaur|77\/100|[from] drain|[of] p1a: Tomori\n|faint|p1a: Tomori\n|\n|-weather|Sandstorm|[upkeep]\n|-damage|p2a: Venusaur|71\/100|[from] Sandstorm\n|upkeep\n|\n|t:|1656755034\n|switch|p1a: Shirogane|Salamence, M|100\/100\n|-ability|p1a: Shirogane|Intimidate|boost\n|-unboost|p2a: Venusaur|atk|1\n|turn|13\n|\n|t:|1656755043\n|switch|p2a: Cobalion|Cobalion|100\/100\n|move|p1a: Shirogane|Hurricane|p2a: Cobalion\n|-damage|p2a: Cobalion|38\/100\n|\n|-weather|Sandstorm|[upkeep]\n|-damage|p1a: Shirogane|94\/100|[from] Sandstorm\n|upkeep\n|turn|14\n|\n|t:|1656755055\n|switch|p1a: Basty|Tangrowth, F|71\/100\n|move|p2a: Cobalion|Volt Switch|p1a: Basty\n|-resisted|p1a: Basty\n|-damage|p1a: Basty|66\/100\n|\n|t:|1656755066\n|switch|p2a: Entei|Entei|100\/100|[from]move: Volt Switch\n|\n|-weather|Sandstorm|[upkeep]\n|-damage|p2a: Entei|94\/100|[from] Sandstorm\n|-damage|p1a: Basty|60\/100|[from] Sandstorm\n|upkeep\n|turn|15\n|\n|t:|1656755073\n|switch|p1a: Terpan|Rotom-Wash|100\/100\n|move|p2a: Entei|Sacred Fire|p1a: Terpan\n|-resisted|p1a: Terpan\n|-damage|p1a: Terpan|60\/100\n|-status|p1a: Terpan|brn\n|\n|-weather|Sandstorm|[upkeep]\n|-damage|p2a: Entei|88\/100|[from] Sandstorm\n|-damage|p1a: Terpan|54\/100 brn|[from] Sandstorm\n|-heal|p1a: Terpan|60\/100 brn|[from] item: Leftovers\n|-damage|p1a: Terpan|54\/100 brn|[from] brn\n|upkeep\n|turn|16\n|\n|t:|1656755085\n|switch|p2a: Hydreigon|Hydreigon, M|68\/100\n|move|p1a: Terpan|Pain Split|p2a: Hydreigon\n|-sethp|p2a: Hydreigon|55\/100|[from] move: Pain Split|[silent]\n|-sethp|p1a: Terpan|70\/100 brn|[from] move: Pain Split\n|\n|-weather|none\n|-heal|p2a: Hydreigon|61\/100|[from] item: Leftovers\n|-heal|p1a: Terpan|76\/100 brn|[from] item: Leftovers\n|-damage|p1a: Terpan|70\/100 brn|[from] brn\n|upkeep\n|turn|17\n|\n|t:|1656755095\n|move|p2a: Hydreigon|Roost|p2a: Hydreigon\n|-heal|p2a: Hydreigon|100\/100\n|-singleturn|p2a: Hydreigon|move: Roost\n|move|p1a: Terpan|Volt Switch|p2a: Hydreigon\n|-resisted|p2a: Hydreigon\n|-damage|p2a: Hydreigon|89\/100\n|\n|t:|1656755100\n|switch|p1a: Yuu|Keldeo-Resolute|87\/100|[from]move: Volt Switch\n|\n|-heal|p2a: Hydreigon|95\/100|[from] item: Leftovers\n|upkeep\n|turn|18\n|\n|t:|1656755106\n|switch|p2a: Tapu Bulu|Tapu Bulu|84\/100\n|-fieldstart|move: Grassy Terrain|[from] ability: Grassy Surge|[of] p2a: Tapu Bulu\n|move|p1a: Yuu|Secret Sword|p2a: Tapu Bulu\n|-resisted|p2a: Tapu Bulu\n|-damage|p2a: Tapu Bulu|52\/100\n|\n|-heal|p1a: Yuu|93\/100|[from] Grassy Terrain\n|-heal|p2a: Tapu Bulu|59\/100|[from] Grassy Terrain\n|-heal|p2a: Tapu Bulu|65\/100|[from] item: Leftovers\n|upkeep\n|turn|19\n|\n|t:|1656755113\n|switch|p1a: Basty|Tangrowth, F|93\/100\n|move|p2a: Tapu Bulu|Horn Leech|p1a: Basty\n|-resisted|p1a: Basty\n|-damage|p1a: Basty|78\/100\n|-heal|p2a: Tapu Bulu|74\/100|[from] drain|[of] p1a: Basty\n|\n|-heal|p2a: Tapu Bulu|80\/100|[from] Grassy Terrain\n|-heal|p2a: Tapu Bulu|86\/100|[from] item: Leftovers\n|-heal|p1a: Basty|84\/100|[from] Grassy Terrain\n|upkeep\n|turn|20\n|\n|t:|1656755121\n|switch|p2a: Venusaur|Venusaur, M|71\/100\n|move|p1a: Basty|Sludge Bomb|p2a: Venusaur\n|-damage|p2a: Venusaur|48\/100\n|\n|-heal|p2a: Venusaur|54\/100|[from] Grassy Terrain\n|-heal|p1a: Basty|90\/100|[from] Grassy Terrain\n|upkeep\n|turn|21\n|\n|t:|1656755138\n|move|p2a: Venusaur|Giga Drain|p1a: Basty\n|-resisted|p1a: Basty\n|-damage|p1a: Basty|74\/100\n|-heal|p2a: Venusaur|65\/100|[from] drain|[of] p1a: Basty\n|move|p1a: Basty|Knock Off|p2a: Venusaur\n|-damage|p2a: Venusaur|47\/100\n|\n|-heal|p2a: Venusaur|54\/100|[from] Grassy Terrain\n|-heal|p1a: Basty|80\/100|[from] Grassy Terrain\n|upkeep\n|turn|22\n|\n|t:|1656755151\n|move|p2a: Venusaur|Growth|p2a: Venusaur\n|-boost|p2a: Venusaur|atk|1\n|-boost|p2a: Venusaur|spa|1\n|move|p1a: Basty|Sludge Bomb|p2a: Venusaur\n|-damage|p2a: Venusaur|29\/100\n|\n|-heal|p2a: Venusaur|35\/100|[from] Grassy Terrain\n|-heal|p1a: Basty|86\/100|[from] Grassy Terrain\n|-fieldend|move: Grassy Terrain\n|upkeep\n|turn|23\n|\n|t:|1656755164\n|switch|p1a: Astariall|Excadrill, F|19\/100\n|move|p2a: Venusaur|Giga Drain|p1a: Astariall\n|-damage|p1a: Astariall|0 fnt\n|-heal|p2a: Venusaur|46\/100|[from] drain|[of] p1a: Astariall\n|faint|p1a: Astariall\n|\n|upkeep\n|\n|t:|1656755168\n|switch|p1a: Shirogane|Salamence, M|94\/100\n|-ability|p1a: Shirogane|Intimidate|boost\n|-unboost|p2a: Venusaur|atk|1\n|turn|24\n|\n|t:|1656755180\n|switch|p2a: Torkoal|Torkoal, M|100\/100\n|-weather|SunnyDay|[from] ability: Drought|[of] p2a: Torkoal\n|move|p1a: Shirogane|Hurricane|p2a: Torkoal\n|-damage|p2a: Torkoal|38\/100\n|\n|-weather|SunnyDay|[upkeep]\n|upkeep\n|turn|25\n|\n|t:|1656755190\n|switch|p1a: Terpan|Rotom-Wash|70\/100 brn\n|switch|p2a: Hydreigon|Hydreigon, M|95\/100\n|\n|-weather|SunnyDay|[upkeep]\n|-heal|p2a: Hydreigon|100\/100|[from] item: Leftovers\n|-heal|p1a: Terpan|76\/100 brn|[from] item: Leftovers\n|-damage|p1a: Terpan|70\/100 brn|[from] brn\n|upkeep\n|turn|26\n|\n|t:|1656755200\n|switch|p2a: Venusaur|Venusaur, M|46\/100\n|move|p1a: Terpan|Pain Split|p2a: Venusaur\n|-sethp|p2a: Venusaur|57\/100|[from] move: Pain Split|[silent]\n|-sethp|p1a: Terpan|58\/100 brn|[from] move: Pain Split\n|\n|-weather|SunnyDay|[upkeep]\n|-heal|p1a: Terpan|65\/100 brn|[from] item: Leftovers\n|-damage|p1a: Terpan|58\/100 brn|[from] brn\n|upkeep\n|turn|27\n|\n|t:|1656755209\n|move|p2a: Venusaur|Giga Drain|p1a: Terpan\n|-supereffective|p1a: Terpan\n|-damage|p1a: Terpan|0 fnt\n|-heal|p2a: Venusaur|85\/100|[from] drain|[of] p1a: Terpan\n|faint|p1a: Terpan\n|\n|-weather|SunnyDay|[upkeep]\n|upkeep\n|\n|t:|1656755213\n|switch|p1a: Shirogane|Salamence, M|94\/100\n|-ability|p1a: Shirogane|Intimidate|boost\n|-unboost|p2a: Venusaur|atk|1\n|turn|28\n|\n|t:|1656755219\n|switch|p2a: Hydreigon|Hydreigon, M|100\/100\n|move|p1a: Shirogane|Hurricane|p2a: Hydreigon|[miss]\n|-miss|p1a: Shirogane|p2a: Hydreigon\n|\n|-weather|SunnyDay|[upkeep]\n|upkeep\n|turn|29\n|\n|t:|1656755225\n|move|p1a: Shirogane|Hurricane|p2a: Hydreigon\n|-damage|p2a: Hydreigon|52\/100\n|move|p2a: Hydreigon|Toxic|p1a: Shirogane\n|-status|p1a: Shirogane|tox\n|\n|-weather|SunnyDay|[upkeep]\n|-heal|p2a: Hydreigon|59\/100|[from] item: Leftovers\n|-damage|p1a: Shirogane|88\/100 tox|[from] psn\n|upkeep\n|turn|30\n|c|\u2606Dayyyyyy|the haxx in this game\n|c|\u2606Dayyyyyy|its\n|\n|t:|1656755239\n|move|p1a: Shirogane|Hurricane|p2a: Hydreigon|[miss]\n|-miss|p1a: Shirogane|p2a: Hydreigon\n|move|p2a: Hydreigon|Roost|p2a: Hydreigon\n|-heal|p2a: Hydreigon|100\/100\n|-singleturn|p2a: Hydreigon|move: Roost\n|\n|-weather|SunnyDay|[upkeep]\n|-damage|p1a: Shirogane|76\/100 tox|[from] psn\n|upkeep\n|turn|31\n|\n|t:|1656755242\n|switch|p1a: Yuu|Keldeo-Resolute|93\/100\n|move|p2a: Hydreigon|Dark Pulse|p1a: Yuu\n|-resisted|p1a: Yuu\n|-damage|p1a: Yuu|75\/100\n|-ability|p1a: Yuu|Justified|boost\n|-boost|p1a: Yuu|atk|1\n|\n|-weather|none\n|upkeep\n|turn|32\n|\n|t:|1656755251\n|switch|p2a: Tapu Bulu|Tapu Bulu|86\/100\n|-fieldstart|move: Grassy Terrain|[from] ability: Grassy Surge|[of] p2a: Tapu Bulu\n|move|p1a: Yuu|Icy Wind|p2a: Tapu Bulu\n|-supereffective|p2a: Tapu Bulu\n|-damage|p2a: Tapu Bulu|26\/100\n|-unboost|p2a: Tapu Bulu|spe|1\n|\n|-heal|p1a: Yuu|81\/100|[from] Grassy Terrain\n|-heal|p2a: Tapu Bulu|32\/100|[from] Grassy Terrain\n|-heal|p2a: Tapu Bulu|38\/100|[from] item: Leftovers\n|upkeep\n|turn|33\n|\n|t:|1656755258\n|switch|p2a: Torkoal|Torkoal, M|38\/100\n|-weather|SunnyDay|[from] ability: Drought|[of] p2a: Torkoal\n|move|p1a: Yuu|Icy Wind|p2a: Torkoal\n|-resisted|p2a: Torkoal\n|-damage|p2a: Torkoal|19\/100\n|-unboost|p2a: Torkoal|spe|1\n|\n|-weather|SunnyDay|[upkeep]\n|-heal|p1a: Yuu|87\/100|[from] Grassy Terrain\n|-heal|p2a: Torkoal|25\/100|[from] Grassy Terrain\n|upkeep\n|turn|34\n|\n|t:|1656755263\n|switch|p1a: Shirogane|Salamence, M|76\/100 tox\n|-ability|p1a: Shirogane|Intimidate|boost\n|-unboost|p2a: Torkoal|atk|1\n|move|p2a: Torkoal|Stealth Rock|p1a: Shirogane\n|-sidestart|p1: Dayyyyyy|move: Stealth Rock\n|\n|-weather|SunnyDay|[upkeep]\n|-heal|p2a: Torkoal|31\/100|[from] Grassy Terrain\n|-damage|p1a: Shirogane|70\/100 tox|[from] psn\n|upkeep\n|turn|35\n|\n|t:|1656755267\n|switch|p2a: Hydreigon|Hydreigon, M|100\/100\n|move|p1a: Shirogane|Roost|p1a: Shirogane\n|-heal|p1a: Shirogane|100\/100 tox\n|-singleturn|p1a: Shirogane|move: Roost\n|\n|-weather|SunnyDay|[upkeep]\n|-damage|p1a: Shirogane|88\/100 tox|[from] psn\n|upkeep\n|turn|36\n|\n|t:|1656755276\n|switch|p1a: Basty|Tangrowth, F|100\/100\n|-damage|p1a: Basty|88\/100|[from] Stealth Rock\n|move|p2a: Hydreigon|Dark Pulse|p1a: Basty\n|-damage|p1a: Basty|63\/100\n|\n|-weather|SunnyDay|[upkeep]\n|-heal|p1a: Basty|69\/100|[from] Grassy Terrain\n|-fieldend|move: Grassy Terrain\n|upkeep\n|turn|37\n|\n|t:|1656755285\n|move|p2a: Hydreigon|Toxic|p1a: Basty\n|-status|p1a: Basty|tox\n|move|p1a: Basty|Knock Off|p2a: Hydreigon\n|-resisted|p2a: Hydreigon\n|-damage|p2a: Hydreigon|89\/100\n|-enditem|p2a: Hydreigon|Leftovers|[from] move: Knock Off|[of] p1a: Basty\n|\n|-weather|SunnyDay|[upkeep]\n|-damage|p1a: Basty|63\/100 tox|[from] psn\n|upkeep\n|turn|38\n|\n|t:|1656755291\n|switch|p1a: Yuu|Keldeo-Resolute|87\/100\n|-damage|p1a: Yuu|81\/100|[from] Stealth Rock\n|move|p2a: Hydreigon|Dark Pulse|p1a: Yuu\n|-resisted|p1a: Yuu\n|-damage|p1a: Yuu|62\/100\n|-ability|p1a: Yuu|Justified|boost\n|-boost|p1a: Yuu|atk|1\n|\n|-weather|SunnyDay|[upkeep]\n|upkeep\n|turn|39\n|\n|t:|1656755307\n|switch|p2a: Tapu Bulu|Tapu Bulu|38\/100\n|-fieldstart|move: Grassy Terrain|[from] ability: Grassy Surge|[of] p2a: Tapu Bulu\n|move|p1a: Yuu|Secret Sword|p2a: Tapu Bulu\n|-resisted|p2a: Tapu Bulu\n|-crit|p2a: Tapu Bulu\n|-damage|p2a: Tapu Bulu|0 fnt\n|faint|p2a: Tapu Bulu\n|\n|-weather|SunnyDay|[upkeep]\n|-heal|p1a: Yuu|68\/100|[from] Grassy Terrain\n|upkeep\n|\n|t:|1656755317\n|switch|p2a: Venusaur|Venusaur, M|85\/100\n|turn|40\n|\n|t:|1656755327\n|switch|p1a: Basty|Tangrowth, F|96\/100 tox\n|-damage|p1a: Basty|84\/100 tox|[from] Stealth Rock\n|move|p2a: Venusaur|Giga Drain|p1a: Basty\n|-resisted|p1a: Basty\n|-damage|p1a: Basty|66\/100 tox\n|-heal|p2a: Venusaur|96\/100|[from] drain|[of] p1a: Basty\n|\n|-weather|none\n|-heal|p2a: Venusaur|100\/100|[from] Grassy Terrain\n|-heal|p1a: Basty|73\/100 tox|[from] Grassy Terrain\n|-damage|p1a: Basty|66\/100 tox|[from] psn\n|upkeep\n|turn|41\n|\n|t:|1656755345\n|switch|p2a: Torkoal|Torkoal, M|31\/100\n|-weather|SunnyDay|[from] ability: Drought|[of] p2a: Torkoal\n|switch|p1a: Shirogane|Salamence, M|88\/100 tox\n|-ability|p1a: Shirogane|Intimidate|boost\n|-unboost|p2a: Torkoal|atk|1\n|\n|-weather|SunnyDay|[upkeep]\n|-heal|p2a: Torkoal|37\/100|[from] Grassy Terrain\n|-damage|p1a: Shirogane|82\/100 tox|[from] psn\n|upkeep\n|turn|42\n|\n|t:|1656755355\n|switch|p2a: Hydreigon|Hydreigon, M|89\/100\n|move|p1a: Shirogane|Hurricane|p2a: Hydreigon\n|-damage|p2a: Hydreigon|42\/100\n|-start|p2a: Hydreigon|confusion\n|\n|-weather|SunnyDay|[upkeep]\n|-damage|p1a: Shirogane|70\/100 tox|[from] psn\n|upkeep\n|turn|43\n|\n|t:|1656755365\n|move|p1a: Shirogane|Hurricane|p2a: Hydreigon|[miss]\n|-miss|p1a: Shirogane|p2a: Hydreigon\n|-activate|p2a: Hydreigon|confusion\n|move|p2a: Hydreigon|Roost|p2a: Hydreigon\n|-heal|p2a: Hydreigon|92\/100\n|-singleturn|p2a: Hydreigon|move: Roost\n|\n|-weather|SunnyDay|[upkeep]\n|-damage|p1a: Shirogane|52\/100 tox|[from] psn\n|-fieldend|move: Grassy Terrain\n|upkeep\n|turn|44\n|c|\u2606Dayyyyyy|...\n|\n|t:|1656755377\n|move|p1a: Shirogane|Roost|p1a: Shirogane\n|-heal|p1a: Shirogane|100\/100 tox\n|-singleturn|p1a: Shirogane|move: Roost\n|-activate|p2a: Hydreigon|confusion\n|move|p2a: Hydreigon|Dark Pulse|p1a: Shirogane\n|-damage|p1a: Shirogane|60\/100 tox\n|\n|-weather|SunnyDay|[upkeep]\n|-damage|p1a: Shirogane|36\/100 tox|[from] psn\n|upkeep\n|turn|45\n|inactive|TheonReekGreyjoy has 120 seconds left.\n|c|\u2606TheonReekGreyjoy|ita 50%\n|\n|t:|1656755426\n|switch|p1a: Yuu|Keldeo-Resolute|68\/100\n|-damage|p1a: Yuu|62\/100|[from] Stealth Rock\n|-activate|p2a: Hydreigon|confusion\n|-damage|p2a: Hydreigon|85\/100|[from] confusion\n|\n|-weather|SunnyDay|[upkeep]\n|upkeep\n|turn|46\n|\n|t:|1656755450\n|switch|p2a: Venusaur|Venusaur, M|100\/100\n|move|p1a: Yuu|Secret Sword|p2a: Venusaur\n|-resisted|p2a: Venusaur\n|-damage|p2a: Venusaur|60\/100\n|\n|-weather|SunnyDay|[upkeep]\n|upkeep\n|turn|47\n|\n|t:|1656755459\n|move|p2a: Venusaur|Weather Ball|p1a: Yuu\n|-resisted|p1a: Yuu\n|-damage|p1a: Yuu|33\/100\n|move|p1a: Yuu|Secret Sword|p2a: Venusaur\n|-resisted|p2a: Venusaur\n|-damage|p2a: Venusaur|20\/100\n|\n|-weather|SunnyDay|[upkeep]\n|upkeep\n|turn|48\n|\n|t:|1656755466\n|switch|p1a: Shirogane|Salamence, M|36\/100 tox\n|-ability|p1a: Shirogane|Intimidate|boost\n|-unboost|p2a: Venusaur|atk|1\n|move|p2a: Venusaur|Giga Drain|p1a: Shirogane\n|-resisted|p1a: Shirogane\n|-damage|p1a: Shirogane|26\/100 tox\n|-heal|p2a: Venusaur|26\/100|[from] drain|[of] p1a: Shirogane\n|\n|-weather|none\n|-damage|p1a: Shirogane|20\/100 tox|[from] psn\n|upkeep\n|turn|49\n|inactive|TheonReekGreyjoy has 120 seconds left.\n|\n|t:|1656755479\n|switch|p2a: Hydreigon|Hydreigon, M|85\/100\n|move|p1a: Shirogane|Roost|p1a: Shirogane\n|-heal|p1a: Shirogane|70\/100 tox\n|-singleturn|p1a: Shirogane|move: Roost\n|\n|-damage|p1a: Shirogane|58\/100 tox|[from] psn\n|upkeep\n|turn|50\n|inactive|TheonReekGreyjoy has 120 seconds left.\n|\n|t:|1656755489\n|switch|p1a: Yuu|Keldeo-Resolute|33\/100\n|-damage|p1a: Yuu|27\/100|[from] Stealth Rock\n|move|p2a: Hydreigon|Roost|p2a: Hydreigon\n|-heal|p2a: Hydreigon|100\/100\n|-singleturn|p2a: Hydreigon|move: Roost\n|\n|upkeep\n|turn|51\n|\n|t:|1656755497\n|switch|p2a: Torkoal|Torkoal, M|37\/100\n|-weather|SunnyDay|[from] ability: Drought|[of] p2a: Torkoal\n|move|p1a: Yuu|Secret Sword|p2a: Torkoal\n|-damage|p2a: Torkoal|0 fnt\n|faint|p2a: Torkoal\n|\n|-weather|SunnyDay|[upkeep]\n|upkeep\n|\n|t:|1656755499\n|switch|p2a: Venusaur|Venusaur, M|26\/100\n|turn|52\n|\n|t:|1656755503\n|move|p2a: Venusaur|Giga Drain|p1a: Yuu\n|-supereffective|p1a: Yuu\n|-damage|p1a: Yuu|0 fnt\n|-heal|p2a: Venusaur|39\/100|[from] drain|[of] p1a: Yuu\n|faint|p1a: Yuu\n|\n|-weather|SunnyDay|[upkeep]\n|upkeep\n|\n|t:|1656755505\n|switch|p1a: Shirogane|Salamence, M|58\/100 tox\n|-ability|p1a: Shirogane|Intimidate|boost\n|-unboost|p2a: Venusaur|atk|1\n|turn|53\n|\n|t:|1656755513\n|move|p2a: Venusaur|Weather Ball|p1a: Shirogane\n|-resisted|p1a: Shirogane\n|-damage|p1a: Shirogane|31\/100 tox\n|move|p1a: Shirogane|Hurricane|p2a: Venusaur|[miss]\n|-miss|p1a: Shirogane|p2a: Venusaur\n|\n|-weather|SunnyDay|[upkeep]\n|-damage|p1a: Shirogane|25\/100 tox|[from] psn\n|upkeep\n|turn|54\n|c|\u2606Dayyyyyy|Man\n|c|\u2606Dayyyyyy|You cant say you dont win just by the haxx\n|inactive|TheonReekGreyjoy has 120 seconds left.\n|c|\u2606TheonReekGreyjoy|hax was indeed insane in the beginning\n|c|\u2606TheonReekGreyjoy|idk about the outcome tho\n|\n|t:|1656755568\n|move|p2a: Venusaur|Weather Ball|p1a: Shirogane\n|-resisted|p1a: Shirogane\n|-damage|p1a: Shirogane|0 fnt\n|faint|p1a: Shirogane\n|\n|-weather|SunnyDay|[upkeep]\n|upkeep\n|\n|t:|1656755574\n|switch|p1a: Basty|Tangrowth, F|99\/100 tox\n|-damage|p1a: Basty|87\/100 tox|[from] Stealth Rock\n|turn|55\n|\n|t:|1656755578\n|move|p2a: Venusaur|Weather Ball|p1a: Basty\n|-supereffective|p1a: Basty\n|-damage|p1a: Basty|23\/100 tox\n|move|p1a: Basty|Sludge Bomb|p2a: Venusaur\n|-damage|p2a: Venusaur|15\/100\n|\n|-weather|SunnyDay|[upkeep]\n|-damage|p1a: Basty|16\/100 tox|[from] psn\n|upkeep\n|turn|56\n|inactive|TheonReekGreyjoy has 120 seconds left.\n|\n|t:|1656755588\n|move|p2a: Venusaur|Earth Power|p1a: Basty\n|-resisted|p1a: Basty\n|-damage|p1a: Basty|6\/100 tox\n|move|p1a: Basty|Sludge Bomb|p2a: Venusaur\n|-damage|p2a: Venusaur|0 fnt\n|faint|p2a: Venusaur\n|\n|-weather|SunnyDay|[upkeep]\n|-damage|p1a: Basty|0 fnt|[from] psn\n|faint|p1a: Basty\n|\n|win|TheonReekGreyjoy\n|upkeep\n|raw|Dayyyyyy's rating: 1330 &rarr; <strong>1318<\/strong><br \/>(-12 for losing)\n|raw|TheonReekGreyjoy's rating: 1479 &rarr; <strong>1491<\/strong><br \/>(+12 for winning)\n","uploadtime":1656755591,"views":10,"p1id":"dayyyyyy","p2id":"theonreekgreyjoy","formatid":"gen8uu","rating":1318,"private":0,"password":null}