{"id":"gen8ou-1702133265","p1":"wind current","p2":"BigWes95","format":"gen8ou","log":"|j|\u2606wind current\n|j|\u2606BigWes95\n|inactive|Battle timer is ON: inactive players will automatically lose when time's up.\n|t:|1667514273\n|gametype|singles\n|player|p1|wind current|lyra|\n|player|p2|BigWes95|101|\n|teamsize|p1|6\n|teamsize|p2|6\n|gen|8\n|tier|[Gen 8] OU\n|rated|Tournament battle\n|rule|Sleep Clause Mod: Limit one foe put to sleep\n|rule|Species Clause: Limit one of each Pok\u00e9mon\n|rule|OHKO Clause: OHKO moves are banned\n|rule|Evasion Items Clause: Evasion items are banned\n|rule|Evasion Moves Clause: Evasion moves are banned\n|rule|Endless Battle Clause: Forcing endless battles is banned\n|rule|HP Percentage Mod: HP is shown in percentages\n|rule|Dynamax Clause: You cannot dynamax\n|clearpoke\n|poke|p1|Dragapult, M|\n|poke|p1|Melmetal|\n|poke|p1|Rillaboom, F|\n|poke|p1|Dragonite, F|\n|poke|p1|Mamoswine, M|\n|poke|p1|Volcarona, M|\n|poke|p2|Landorus-Therian, M|\n|poke|p2|Zapdos|\n|poke|p2|Tapu Lele|\n|poke|p2|Dragapult, F|\n|poke|p2|Kartana|\n|poke|p2|Melmetal|\n|teampreview\n|inactive|BigWes95 also wants the timer to be on.\n|inactive|wind current has 120 seconds left.\n|\n|t:|1667514307\n|start\n|switch|p1a: Mamoswine|Mamoswine, M|100\/100\n|switch|p2a: Tapu Lele|Tapu Lele|100\/100\n|-fieldstart|move: Psychic Terrain|[from] ability: Psychic Surge|[of] p2a: Tapu Lele\n|turn|1\n|\n|t:|1667514312\n|move|p2a: Tapu Lele|Moonblast|p1a: Mamoswine\n|-enditem|p1a: Mamoswine|Focus Sash\n|-damage|p1a: Mamoswine|1\/100\n|move|p1a: Mamoswine|Stealth Rock|p2a: Tapu Lele\n|-sidestart|p2: BigWes95|move: Stealth Rock\n|\n|upkeep\n|turn|2\n|\n|t:|1667514337\n|move|p1a: Mamoswine|Ice Shard|p2a: Tapu Lele\n|-activate|p2a: Tapu Lele|move: Psychic Terrain\n|move|p2a: Tapu Lele|Moonblast|p1a: Mamoswine\n|-damage|p1a: Mamoswine|0 fnt\n|faint|p1a: Mamoswine\n|\n|upkeep\n|\n|t:|1667514339\n|switch|p1a: Volcarona|Volcarona, M|100\/100\n|turn|3\n|\n|t:|1667514342\n|switch|p2a: Landorus|Landorus-Therian, M|100\/100\n|-damage|p2a: Landorus|88\/100|[from] Stealth Rock\n|-ability|p2a: Landorus|Intimidate|boost\n|-unboost|p1a: Volcarona|atk|1\n|move|p1a: Volcarona|Quiver Dance|p1a: Volcarona\n|-boost|p1a: Volcarona|spa|1\n|-boost|p1a: Volcarona|spd|1\n|-boost|p1a: Volcarona|spe|1\n|\n|-heal|p2a: Landorus|94\/100|[from] item: Leftovers\n|upkeep\n|turn|4\n|\n|t:|1667514351\n|move|p1a: Volcarona|Flamethrower|p2a: Landorus\n|-damage|p2a: Landorus|45\/100\n|move|p2a: Landorus|Earthquake|p1a: Volcarona\n|-damage|p1a: Volcarona|36\/100\n|\n|-heal|p2a: Landorus|51\/100|[from] item: Leftovers\n|upkeep\n|turn|5\n|\n|t:|1667514363\n|move|p1a: Volcarona|Flamethrower|p2a: Landorus\n|-damage|p2a: Landorus|7\/100\n|move|p2a: Landorus|Earthquake|p1a: Volcarona\n|-damage|p1a: Volcarona|0 fnt\n|faint|p1a: Volcarona\n|\n|-heal|p2a: Landorus|13\/100|[from] item: Leftovers\n|-fieldend|move: Psychic Terrain\n|upkeep\n|\n|t:|1667514372\n|switch|p1a: Dragapult|Dragapult, M|100\/100\n|turn|6\n|\n|t:|1667514375\n|move|p1a: Dragapult|Shadow Ball|p2a: Landorus\n|-damage|p2a: Landorus|0 fnt\n|faint|p2a: Landorus\n|\n|upkeep\n|\n|t:|1667514389\n|switch|p2a: Kartana|Kartana|100\/100\n|-damage|p2a: Kartana|94\/100|[from] Stealth Rock\n|turn|7\n|inactive|wind current has 120 seconds left.\n|inactive|wind current has 90 seconds left.\n|\n|t:|1667514462\n|switch|p1a: Melmetal|Melmetal|100\/100\n|move|p2a: Kartana|Knock Off|p1a: Melmetal\n|-damage|p1a: Melmetal|78\/100\n|-enditem|p1a: Melmetal|Assault Vest|[from] move: Knock Off|[of] p2a: Kartana\n|\n|upkeep\n|turn|8\n|\n|t:|1667514481\n|switch|p2a: Zapdos|Zapdos|100\/100\n|move|p1a: Melmetal|Superpower|p2a: Zapdos\n|-resisted|p2a: Zapdos\n|-damage|p2a: Zapdos|75\/100\n|-unboost|p1a: Melmetal|atk|1\n|-unboost|p1a: Melmetal|def|1\n|-status|p1a: Melmetal|par|[from] ability: Static|[of] p2a: Zapdos\n|\n|upkeep\n|turn|9\n|\n|t:|1667514493\n|move|p2a: Zapdos|Heat Wave|p1a: Melmetal\n|-supereffective|p1a: Melmetal\n|-damage|p1a: Melmetal|13\/100 par\n|move|p1a: Melmetal|Ice Punch|p2a: Zapdos\n|-supereffective|p2a: Zapdos\n|-damage|p2a: Zapdos|28\/100\n|-status|p2a: Zapdos|frz\n|\n|upkeep\n|turn|10\n|\n|t:|1667514508\n|switch|p1a: Dragapult|Dragapult, M|100\/100\n|cant|p2a: Zapdos|frz\n|\n|upkeep\n|turn|11\n|\n|t:|1667514510\n|move|p1a: Dragapult|Shadow Ball|p2a: Zapdos\n|-damage|p2a: Zapdos|0 fnt\n|faint|p2a: Zapdos\n|\n|upkeep\n|\n|t:|1667514514\n|switch|p2a: Kartana|Kartana|94\/100\n|-damage|p2a: Kartana|88\/100|[from] Stealth Rock\n|turn|12\n|\n|t:|1667514523\n|switch|p2a: Melmetal|Melmetal|100\/100\n|-damage|p2a: Melmetal|94\/100|[from] Stealth Rock\n|switch|p1a: Melmetal|Melmetal|13\/100 par\n|\n|upkeep\n|turn|13\n|\n|t:|1667514528\n|move|p2a: Melmetal|Double Iron Bash|p1a: Melmetal\n|-resisted|p1a: Melmetal\n|-damage|p1a: Melmetal|2\/100 par\n|-resisted|p1a: Melmetal\n|-damage|p1a: Melmetal|0 fnt\n|faint|p1a: Melmetal\n|-hitcount|p1: Melmetal|2\n|\n|upkeep\n|\n|t:|1667514541\n|switch|p1a: Rillaboom|Rillaboom, F|100\/100\n|-fieldstart|move: Grassy Terrain|[from] ability: Grassy Surge|[of] p1a: Rillaboom\n|turn|14\n|\n|t:|1667514551\n|move|p1a: Rillaboom|Knock Off|p2a: Melmetal\n|-damage|p2a: Melmetal|65\/100\n|-enditem|p2a: Melmetal|Protective Pads|[from] move: Knock Off|[of] p1a: Rillaboom\n|-damage|p1a: Rillaboom|91\/100|[from] item: Life Orb\n|move|p2a: Melmetal|Double Iron Bash|p1a: Rillaboom\n|-damage|p1a: Rillaboom|46\/100\n|-damage|p1a: Rillaboom|1\/100\n|-hitcount|p1a: Rillaboom|2\n|\n|-heal|p1a: Rillaboom|8\/100|[from] Grassy Terrain\n|-heal|p2a: Melmetal|71\/100|[from] Grassy Terrain\n|upkeep\n|turn|15\n|\n|t:|1667514560\n|switch|p2a: Dragapult|Dragapult, F|100\/100\n|-damage|p2a: Dragapult|88\/100|[from] Stealth Rock\n|move|p1a: Rillaboom|Superpower|p2a: Dragapult\n|-immune|p2a: Dragapult\n|\n|-heal|p2a: Dragapult|94\/100|[from] Grassy Terrain\n|-heal|p1a: Rillaboom|14\/100|[from] Grassy Terrain\n|upkeep\n|turn|16\n|inactive|wind current has 120 seconds left.\n|\n|t:|1667514566\n|move|p1a: Rillaboom|Grassy Glide|p2a: Dragapult\n|-resisted|p2a: Dragapult\n|-damage|p2a: Dragapult|52\/100\n|-damage|p1a: Rillaboom|4\/100|[from] item: Life Orb\n|move|p2a: Dragapult|Shadow Ball|p1a: Rillaboom\n|-damage|p1a: Rillaboom|0 fnt\n|faint|p1a: Rillaboom\n|\n|-heal|p2a: Dragapult|58\/100|[from] Grassy Terrain\n|upkeep\n|inactive|wind current has 120 seconds left.\n|inactive|wind current has 90 seconds left.\n|\n|t:|1667514623\n|switch|p1a: Dragonite|Dragonite, F|100\/100\n|turn|17\n|\n|t:|1667514626\n|move|p2a: Dragapult|Shadow Ball|p1a: Dragonite\n|-damage|p1a: Dragonite|73\/100\n|-unboost|p1a: Dragonite|spd|1\n|move|p1a: Dragonite|Dragon Dance|p1a: Dragonite\n|-boost|p1a: Dragonite|atk|1\n|-boost|p1a: Dragonite|spe|1\n|\n|-heal|p2a: Dragapult|64\/100|[from] Grassy Terrain\n|upkeep\n|turn|18\n|\n|t:|1667514638\n|move|p1a: Dragonite|Ice Punch|p2a: Dragapult\n|-supereffective|p2a: Dragapult\n|-damage|p2a: Dragapult|0 fnt\n|faint|p2a: Dragapult\n|\n|-fieldend|move: Grassy Terrain\n|upkeep\n|\n|t:|1667514652\n|switch|p2a: Melmetal|Melmetal|71\/100\n|-damage|p2a: Melmetal|65\/100|[from] Stealth Rock\n|turn|19\n|\n|t:|1667514655\n|move|p1a: Dragonite|Earthquake|p2a: Melmetal\n|-supereffective|p2a: Melmetal\n|-damage|p2a: Melmetal|0 fnt\n|faint|p2a: Melmetal\n|\n|upkeep\n|\n|t:|1667514659\n|switch|p2a: Tapu Lele|Tapu Lele|100\/100\n|-damage|p2a: Tapu Lele|88\/100|[from] Stealth Rock\n|-fieldstart|move: Psychic Terrain|[from] ability: Psychic Surge|[of] p2a: Tapu Lele\n|turn|20\n|\n|t:|1667514665\n|move|p1a: Dragonite|Earthquake|p2a: Tapu Lele\n|-crit|p2a: Tapu Lele\n|-damage|p2a: Tapu Lele|0 fnt\n|faint|p2a: Tapu Lele\n|\n|upkeep\n|\n|t:|1667514668\n|switch|p2a: Kartana|Kartana|88\/100\n|-damage|p2a: Kartana|82\/100|[from] Stealth Rock\n|turn|21\n|c|\u2606wind current|gg\n|\n|t:|1667514671\n|move|p2a: Kartana|Smart Strike|p1a: Dragonite\n|-damage|p1a: Dragonite|21\/100\n|move|p1a: Dragonite|Fire Punch|p2a: Kartana\n|-supereffective|p2a: Kartana\n|-damage|p2a: Kartana|0 fnt\n|faint|p2a: Kartana\n|\n|win|wind current\n|n|\u2606wind current|windcurrent\n|n|\u2606BigWes95|bigwes95\n","uploadtime":1667514680,"views":19,"p1id":"windcurrent","p2id":"bigwes95","formatid":"gen8ou","rating":0,"private":0,"password":null}