{"id":"gen8ou-1551181799","p1":"Henryatom","p2":"BRIFYE","format":"gen8ou","log":"|j|\u2606Henryatom\n|j|\u2606BRIFYE\n|t:|1649703346\n|gametype|singles\n|player|p1|Henryatom|palmer|1588\n|player|p2|BRIFYE|265|1597\n|teamsize|p1|6\n|teamsize|p2|6\n|gen|8\n|tier|[Gen 8] OU\n|rated|\n|rule|Sleep Clause Mod: Limit one foe put to sleep\n|rule|Species Clause: Limit one of each Pok\u00e9mon\n|rule|OHKO Clause: OHKO moves are banned\n|rule|Evasion Moves Clause: Evasion moves are banned\n|rule|Endless Battle Clause: Forcing endless battles is banned\n|rule|HP Percentage Mod: HP is shown in percentages\n|rule|Dynamax Clause: You cannot dynamax\n|clearpoke\n|poke|p1|Dragonite, F|\n|poke|p1|Dragapult, M|\n|poke|p1|Jirachi|\n|poke|p1|Crawdaunt, F|\n|poke|p1|Volcarona, M|\n|poke|p1|Mew|\n|poke|p2|Torkoal, F|\n|poke|p2|Darmanitan, M|\n|poke|p2|Dragonite, M|\n|poke|p2|Blacephalon|\n|poke|p2|Venusaur, M|\n|poke|p2|Landorus-Therian, M|\n|teampreview\n|\n|t:|1649703367\n|start\n|switch|p1a: Mew|Mew|100\/100\n|switch|p2a: Landorus|Landorus-Therian, M|100\/100\n|-ability|p2a: Landorus|Intimidate|boost\n|-unboost|p1a: Mew|atk|1\n|turn|1\n|inactive|Battle timer is ON: inactive players will automatically lose when time's up. (requested by Henryatom)\n|\n|t:|1649703379\n|switch|p2a: Torkoal|Torkoal, F|100\/100\n|-weather|SunnyDay|[from] ability: Drought|[of] p2a: Torkoal\n|move|p1a: Mew|Ice Beam|p2a: Torkoal\n|-resisted|p2a: Torkoal\n|-damage|p2a: Torkoal|84\/100\n|\n|-weather|SunnyDay|[upkeep]\n|upkeep\n|turn|2\n|\n|t:|1649703390\n|move|p1a: Mew|Taunt|p2a: Torkoal\n|-start|p2a: Torkoal|move: Taunt\n|cant|p2a: Torkoal|move: Taunt|Stealth Rock\n|\n|-weather|SunnyDay|[upkeep]\n|upkeep\n|turn|3\n|j| Amirdebbie\n|\n|t:|1649703399\n|switch|p2a: Darmanitan|Darmanitan, M|100\/100\n|move|p1a: Mew|Stealth Rock|p2a: Darmanitan\n|-sidestart|p2: BRIFYE|move: Stealth Rock\n|\n|-weather|SunnyDay|[upkeep]\n|upkeep\n|turn|4\n|\n|t:|1649703405\n|move|p1a: Mew|Spikes|p2a: Darmanitan\n|-sidestart|p2: BRIFYE|Spikes\n|move|p2a: Darmanitan|Flare Blitz|p1a: Mew\n|-enditem|p1a: Mew|Focus Sash\n|-damage|p1a: Mew|1\/100\n|-damage|p2a: Darmanitan|69\/100|[from] Recoil\n|\n|-weather|SunnyDay|[upkeep]\n|upkeep\n|turn|5\n|\n|t:|1649703413\n|move|p1a: Mew|Spikes|p2a: Darmanitan\n|-sidestart|p2: BRIFYE|Spikes\n|move|p2a: Darmanitan|Flare Blitz|p1a: Mew\n|-damage|p1a: Mew|0 fnt\n|faint|p1a: Mew\n|-damage|p2a: Darmanitan|68\/100|[from] Recoil\n|\n|-weather|SunnyDay|[upkeep]\n|upkeep\n|\n|t:|1649703417\n|switch|p1a: Dragapult|Dragapult, M|100\/100\n|turn|6\n|\n|t:|1649703433\n|switch|p2a: Dragonite|Dragonite, M|100\/100\n|move|p1a: Dragapult|Dragon Darts|p2a: Dragonite\n|-supereffective|p2a: Dragonite\n|-damage|p2a: Dragonite|76\/100\n|-anim|p1a: Dragapult|Dragon Darts|p2a: Dragonite\n|-supereffective|p2a: Dragonite\n|-damage|p2a: Dragonite|33\/100\n|-damage|p1a: Dragapult|91\/100|[from] item: Life Orb\n|\n|-weather|SunnyDay|[upkeep]\n|upkeep\n|turn|7\n|\n|t:|1649703444\n|move|p1a: Dragapult|Dragon Darts|p2a: Dragonite\n|-supereffective|p2a: Dragonite\n|-damage|p2a: Dragonite|0 fnt\n|faint|p2a: Dragonite\n|-damage|p1a: Dragapult|81\/100|[from] item: Life Orb\n|\n|-weather|SunnyDay|[upkeep]\n|upkeep\n|\n|t:|1649703450\n|switch|p2a: Landorus|Landorus-Therian, M|100\/100\n|-damage|p2a: Landorus|88\/100|[from] Stealth Rock\n|-ability|p2a: Landorus|Intimidate|boost\n|-unboost|p1a: Dragapult|atk|1\n|turn|8\n|\n|t:|1649703457\n|move|p1a: Dragapult|Shadow Ball|p2a: Landorus\n|-crit|p2a: Landorus\n|-damage|p2a: Landorus|25\/100\n|-damage|p1a: Dragapult|71\/100|[from] item: Life Orb\n|move|p2a: Landorus|Defog|p1a: Dragapult\n|-unboost|p1a: Dragapult|evasion|1\n|-sideend|p2: BRIFYE|Spikes|[from] move: Defog|[of] p2a: Landorus\n|-sideend|p2: BRIFYE|Stealth Rock|[from] move: Defog|[of] p2a: Landorus\n|\n|-weather|none\n|-heal|p2a: Landorus|31\/100|[from] item: Leftovers\n|upkeep\n|turn|9\n|\n|t:|1649703468\n|move|p1a: Dragapult|Shadow Ball|p2a: Landorus\n|-damage|p2a: Landorus|0 fnt\n|faint|p2a: Landorus\n|-damage|p1a: Dragapult|61\/100|[from] item: Life Orb\n|\n|upkeep\n|j| tirken\n|\n|t:|1649703488\n|switch|p2a: Blacephalon|Blacephalon|100\/100\n|turn|10\n|\n|t:|1649703494\n|switch|p1a: Crawdaunt|Crawdaunt, F|100\/100\n|move|p2a: Blacephalon|Shadow Ball|p1a: Crawdaunt\n|-resisted|p1a: Crawdaunt\n|-damage|p1a: Crawdaunt|52\/100\n|\n|upkeep\n|turn|11\n|\n|t:|1649703501\n|switch|p2a: Torkoal|Torkoal, F|84\/100\n|-weather|SunnyDay|[from] ability: Drought|[of] p2a: Torkoal\n|move|p1a: Crawdaunt|Knock Off|p2a: Torkoal\n|-damage|p2a: Torkoal|28\/100\n|-enditem|p2a: Torkoal|Heat Rock|[from] move: Knock Off|[of] p1a: Crawdaunt\n|-damage|p1a: Crawdaunt|42\/100|[from] item: Life Orb\n|\n|-weather|SunnyDay|[upkeep]\n|upkeep\n|turn|12\n|\n|t:|1649703519\n|move|p1a: Crawdaunt|Knock Off|p2a: Torkoal\n|-damage|p2a: Torkoal|0 fnt\n|faint|p2a: Torkoal\n|-damage|p1a: Crawdaunt|33\/100|[from] item: Life Orb\n|\n|-weather|SunnyDay|[upkeep]\n|upkeep\n|\n|t:|1649703529\n|switch|p2a: Venusaur|Venusaur, M|100\/100\n|turn|13\n|l| Amirdebbie\n|\n|t:|1649703543\n|move|p2a: Venusaur|Weather Ball|p1a: Crawdaunt\n|-resisted|p1a: Crawdaunt\n|-damage|p1a: Crawdaunt|0 fnt\n|faint|p1a: Crawdaunt\n|-damage|p2a: Venusaur|91\/100|[from] item: Life Orb\n|\n|-weather|SunnyDay|[upkeep]\n|upkeep\n|\n|t:|1649703547\n|switch|p1a: Dragonite|Dragonite, F|100\/100\n|turn|14\n|j| Dark\u2605Shion\u30c4\n|\n|t:|1649703553\n|move|p2a: Venusaur|Weather Ball|p1a: Dragonite\n|-resisted|p1a: Dragonite\n|-damage|p1a: Dragonite|86\/100\n|-damage|p2a: Venusaur|81\/100|[from] item: Life Orb\n|move|p1a: Dragonite|Dual Wingbeat|p2a: Venusaur\n|-supereffective|p2a: Venusaur\n|-damage|p2a: Venusaur|27\/100\n|-supereffective|p2a: Venusaur\n|-damage|p2a: Venusaur|0 fnt\n|faint|p2a: Venusaur\n|-hitcount|p2: Venusaur|2\n|\n|-weather|SunnyDay|[upkeep]\n|upkeep\n|\n|t:|1649703564\n|switch|p2a: Darmanitan|Darmanitan, M|68\/100\n|turn|15\n|\n|t:|1649703567\n|move|p2a: Darmanitan|Flare Blitz|p1a: Dragonite\n|-resisted|p1a: Dragonite\n|-damage|p1a: Dragonite|0 fnt\n|faint|p1a: Dragonite\n|-damage|p2a: Darmanitan|42\/100|[from] Recoil\n|\n|-weather|SunnyDay|[upkeep]\n|upkeep\n|\n|t:|1649703570\n|switch|p1a: Dragapult|Dragapult, M|61\/100\n|turn|16\n|\n|t:|1649703575\n|move|p1a: Dragapult|Dragon Darts|p2a: Darmanitan\n|-damage|p2a: Darmanitan|0 fnt\n|faint|p2a: Darmanitan\n|-damage|p1a: Dragapult|52\/100|[from] item: Life Orb\n|\n|-weather|SunnyDay|[upkeep]\n|upkeep\n|l| Dark\u2605Shion\u30c4\n|\n|t:|1649703581\n|switch|p2a: Blacephalon|Blacephalon|100\/100\n|turn|17\n|\n|t:|1649703588\n|switch|p1a: Volcarona|Volcarona, M|100\/100\n|move|p2a: Blacephalon|Flamethrower|p1a: Volcarona\n|-damage|p1a: Volcarona|35\/100\n|\n|-weather|SunnyDay|[upkeep]\n|upkeep\n|turn|18\n|\n|t:|1649703596\n|move|p2a: Blacephalon|Flamethrower|p1a: Volcarona\n|-damage|p1a: Volcarona|0 fnt\n|faint|p1a: Volcarona\n|-ability|p2a: Blacephalon|Beast Boost|boost\n|-boost|p2a: Blacephalon|spa|1\n|\n|-weather|none\n|upkeep\n|\n|t:|1649703599\n|switch|p1a: Dragapult|Dragapult, M|52\/100\n|turn|19\n|\n|t:|1649703604\n|move|p2a: Blacephalon|Flamethrower|p1a: Dragapult\n|-resisted|p1a: Dragapult\n|-damage|p1a: Dragapult|0 fnt\n|faint|p1a: Dragapult\n|-ability|p2a: Blacephalon|Beast Boost|boost\n|-boost|p2a: Blacephalon|spa|1\n|\n|upkeep\n|\n|t:|1649703607\n|switch|p1a: Jirachi|Jirachi|100\/100\n|turn|20\n|\n|t:|1649703612\n|move|p2a: Blacephalon|Flamethrower|p1a: Jirachi\n|-supereffective|p1a: Jirachi\n|-damage|p1a: Jirachi|0 fnt\n|faint|p1a: Jirachi\n|\n|win|BRIFYE\n|raw|Henryatom's rating: 1588 &rarr; <strong>1569<\/strong><br \/>(-19 for losing)\n|raw|BRIFYE's rating: 1597 &rarr; <strong>1616<\/strong><br \/>(+19 for winning)\n|l|\u2606Henryatom\n|c|\u2606BRIFYE|gg\n|l|\u2606BRIFYE\n|l| tirken\n||Ladder isn't responding, score probably updated but might not have (Request timeout).\n","uploadtime":1649703718,"views":16,"p1id":"henryatom","p2id":"brifye","formatid":"gen8ou","rating":1569,"private":0,"password":null}