{"id":"gen8ou-1638864974","p1":"Myaku","p2":"reionatro","format":"gen8ou","log":"|j|\u2606Myaku\n|j|\u2606reionatro\n|t:|1660407393\n|gametype|singles\n|player|p1|Myaku|irida|1458\n|player|p2|reionatro|265|1492\n|teamsize|p1|6\n|teamsize|p2|6\n|gen|8\n|tier|[Gen 8] OU\n|rated|\n|rule|Sleep Clause Mod: Limit one foe put to sleep\n|rule|Species Clause: Limit one of each Pok\u00e9mon\n|rule|OHKO Clause: OHKO moves are banned\n|rule|Evasion Items Clause: Evasion items are banned\n|rule|Evasion Moves Clause: Evasion moves are banned\n|rule|Endless Battle Clause: Forcing endless battles is banned\n|rule|HP Percentage Mod: HP is shown in percentages\n|rule|Dynamax Clause: You cannot dynamax\n|clearpoke\n|poke|p1|Zeraora|\n|poke|p1|Heatran, M|\n|poke|p1|Landorus-Therian, M|\n|poke|p1|Tapu Fini|\n|poke|p1|Tornadus-Therian, M|\n|poke|p1|Melmetal|\n|poke|p2|Nihilego|\n|poke|p2|Zapdos-Galar|\n|poke|p2|Kartana|\n|poke|p2|Celesteela|\n|poke|p2|Garchomp, F|\n|poke|p2|Tapu Fini|\n|teampreview\n|c|\u2606reionatro|hf\n|\n|t:|1660407421\n|start\n|switch|p1a: Melmetal|Melmetal|100\/100\n|switch|p2a: Garchomp|Garchomp, F|100\/100\n|turn|1\n|\n|t:|1660407427\n|switch|p1a: Landorus|Landorus-Therian, M|100\/100\n|-ability|p1a: Landorus|Intimidate|boost\n|-unboost|p2a: Garchomp|atk|1\n|move|p2a: Garchomp|Earthquake|p1a: Landorus\n|-immune|p1a: Landorus\n|\n|upkeep\n|turn|2\n|\n|t:|1660407438\n|move|p2a: Garchomp|Stealth Rock|p1a: Landorus\n|-sidestart|p1: Myaku|move: Stealth Rock\n|move|p1a: Landorus|Toxic|p2a: Garchomp|[miss]\n|-miss|p1a: Landorus|p2a: Garchomp\n|\n|upkeep\n|turn|3\n|\n|t:|1660407444\n|switch|p2a: Zapdos|Zapdos-Galar|100\/100\n|move|p1a: Landorus|Defog|p2a: Zapdos\n|-unboost|p2a: Zapdos|evasion|1\n|-ability|p2a: Zapdos|Defiant\n|-boost|p2a: Zapdos|atk|2\n|-sideend|p1: Myaku|Stealth Rock|[from] move: Defog|[of] p1a: Landorus\n|\n|upkeep\n|turn|4\n|\n|t:|1660407457\n|move|p2a: Zapdos|Brave Bird|p1a: Landorus\n|-damage|p1a: Landorus|0 fnt\n|faint|p1a: Landorus\n|-damage|p2a: Zapdos|61\/100|[from] Recoil\n|\n|upkeep\n|\n|t:|1660407464\n|switch|p1a: Zeraora|Zeraora|100\/100\n|turn|5\n|\n|t:|1660407472\n|switch|p2a: Garchomp|Garchomp, F|100\/100\n|move|p1a: Zeraora|Plasma Fists|p2a: Garchomp\n|-immune|p2a: Garchomp\n|\n|upkeep\n|turn|6\n|\n|t:|1660407481\n|switch|p1a: Heatran|Heatran, M|100\/100\n|-item|p1a: Heatran|Air Balloon\n|move|p2a: Garchomp|Stealth Rock|p1a: Heatran\n|-sidestart|p1: Myaku|move: Stealth Rock\n|\n|upkeep\n|turn|7\n|\n|t:|1660407485\n|switch|p2a: Tapu Fini|Tapu Fini|100\/100\n|-fieldstart|move: Misty Terrain|[from] ability: Misty Surge|[of] p2a: Tapu Fini\n|move|p1a: Heatran|Stealth Rock|p2a: Tapu Fini\n|-sidestart|p2: reionatro|move: Stealth Rock\n|\n|upkeep\n|turn|8\n|\n|t:|1660407493\n|switch|p1a: Melmetal|Melmetal|100\/100\n|-damage|p1a: Melmetal|94\/100|[from] Stealth Rock\n|move|p2a: Tapu Fini|Scald|p1a: Melmetal\n|-damage|p1a: Melmetal|72\/100\n|\n|-heal|p1a: Melmetal|78\/100|[from] item: Leftovers\n|upkeep\n|turn|9\n|\n|t:|1660407500\n|switch|p2a: Garchomp|Garchomp, F|100\/100\n|-damage|p2a: Garchomp|94\/100|[from] Stealth Rock\n|move|p1a: Melmetal|Double Iron Bash|p2a: Garchomp\n|-damage|p2a: Garchomp|57\/100\n|-damage|p1a: Melmetal|66\/100|[from] ability: Rough Skin|[of] p2a: Garchomp\n|-damage|p1a: Melmetal|49\/100|[from] item: Rocky Helmet|[of] p2a: Garchomp\n|-damage|p2a: Garchomp|18\/100\n|-damage|p1a: Melmetal|37\/100|[from] ability: Rough Skin|[of] p2a: Garchomp\n|-damage|p1a: Melmetal|20\/100|[from] item: Rocky Helmet|[of] p2a: Garchomp\n|-hitcount|p2a: Garchomp|2\n|\n|-heal|p1a: Melmetal|27\/100|[from] item: Leftovers\n|upkeep\n|turn|10\n|\n|t:|1660407515\n|move|p2a: Garchomp|Toxic|p1a: Melmetal\n|-immune|p1a: Melmetal\n|move|p1a: Melmetal|Double Iron Bash|p2a: Garchomp\n|-damage|p2a: Garchomp|0 fnt\n|-damage|p1a: Melmetal|14\/100|[from] ability: Rough Skin|[of] p2a: Garchomp\n|-damage|p1a: Melmetal|0 fnt|[from] item: Rocky Helmet|[of] p2a: Garchomp\n|faint|p2a: Garchomp\n|faint|p1a: Melmetal\n|-hitcount|p2: Garchomp|1\n|\n|upkeep\n|\n|t:|1660407533\n|switch|p2a: Kartana|Kartana|100\/100\n|switch|p1a: Zeraora|Zeraora|100\/100\n|-damage|p2a: Kartana|94\/100|[from] Stealth Rock\n|turn|11\n|\n|t:|1660407541\n|switch|p1a: Tornadus|Tornadus-Therian, M|100\/100\n|-damage|p1a: Tornadus|76\/100|[from] Stealth Rock\n|move|p2a: Kartana|Leaf Blade|p1a: Tornadus\n|-resisted|p1a: Tornadus\n|-crit|p1a: Tornadus\n|-damage|p1a: Tornadus|22\/100\n|\n|-fieldend|Misty Terrain\n|upkeep\n|turn|12\n|\n|t:|1660407551\n|move|p2a: Kartana|Leaf Blade|p1a: Tornadus\n|-resisted|p1a: Tornadus\n|-damage|p1a: Tornadus|0 fnt\n|faint|p1a: Tornadus\n|-ability|p2a: Kartana|Beast Boost|boost\n|-boost|p2a: Kartana|atk|1\n|\n|upkeep\n|\n|t:|1660407554\n|switch|p1a: Heatran|Heatran, M|100\/100\n|-damage|p1a: Heatran|88\/100|[from] Stealth Rock\n|-item|p1a: Heatran|Air Balloon\n|turn|13\n|\n|t:|1660407572\n|switch|p2a: Tapu Fini|Tapu Fini|100\/100\n|-damage|p2a: Tapu Fini|88\/100|[from] Stealth Rock\n|-fieldstart|move: Misty Terrain|[from] ability: Misty Surge|[of] p2a: Tapu Fini\n|move|p1a: Heatran|Magma Storm|p2a: Tapu Fini|[miss]\n|-miss|p1a: Heatran|p2a: Tapu Fini\n|\n|-heal|p2a: Tapu Fini|94\/100|[from] item: Leftovers\n|upkeep\n|turn|14\n|\n|t:|1660407590\n|switch|p1a: Tapu Fini|Tapu Fini|100\/100\n|-damage|p1a: Tapu Fini|88\/100|[from] Stealth Rock\n|move|p2a: Tapu Fini|Scald|p1a: Tapu Fini\n|-resisted|p1a: Tapu Fini\n|-damage|p1a: Tapu Fini|77\/100\n|\n|-heal|p2a: Tapu Fini|100\/100|[from] item: Leftovers\n|-heal|p1a: Tapu Fini|83\/100|[from] item: Leftovers\n|upkeep\n|turn|15\n|\n|t:|1660407602\n|switch|p2a: Nihilego|Nihilego|100\/100\n|-damage|p2a: Nihilego|88\/100|[from] Stealth Rock\n|switch|p1a: Heatran|Heatran, M|88\/100\n|-damage|p1a: Heatran|76\/100|[from] Stealth Rock\n|-item|p1a: Heatran|Air Balloon\n|\n|upkeep\n|turn|16\n|\n|t:|1660407612\n|switch|p2a: Zapdos|Zapdos-Galar|61\/100\n|-damage|p2a: Zapdos|49\/100|[from] Stealth Rock\n|move|p1a: Heatran|Earth Power|p2a: Zapdos\n|-immune|p2a: Zapdos\n|\n|upkeep\n|turn|17\n|\n|t:|1660407619\n|move|p2a: Zapdos|Stomping Tantrum|p1a: Heatran\n|-immune|p1a: Heatran\n|move|p1a: Heatran|Magma Storm|p2a: Zapdos\n|-damage|p2a: Zapdos|0 fnt\n|faint|p2a: Zapdos\n|\n|-fieldend|Misty Terrain\n|upkeep\n|\n|t:|1660407622\n|switch|p2a: Kartana|Kartana|94\/100\n|-damage|p2a: Kartana|88\/100|[from] Stealth Rock\n|turn|18\n|\n|t:|1660407642\n|move|p2a: Kartana|Sacred Sword|p1a: Heatran\n|-supereffective|p1a: Heatran\n|-damage|p1a: Heatran|0 fnt\n|-enditem|p1a: Heatran|Air Balloon\n|faint|p1a: Heatran\n|-ability|p2a: Kartana|Beast Boost|boost\n|-boost|p2a: Kartana|atk|1\n|\n|upkeep\n|\n|t:|1660407645\n|switch|p1a: Tapu Fini|Tapu Fini|83\/100\n|-damage|p1a: Tapu Fini|71\/100|[from] Stealth Rock\n|-fieldstart|move: Misty Terrain|[from] ability: Misty Surge|[of] p1a: Tapu Fini\n|turn|19\n|\n|t:|1660407655\n|switch|p2a: Nihilego|Nihilego|88\/100\n|-damage|p2a: Nihilego|76\/100|[from] Stealth Rock\n|move|p1a: Tapu Fini|Calm Mind|p1a: Tapu Fini\n|-boost|p1a: Tapu Fini|spa|1\n|-boost|p1a: Tapu Fini|spd|1\n|\n|-heal|p1a: Tapu Fini|77\/100|[from] item: Leftovers\n|upkeep\n|turn|20\n|\n|t:|1660407661\n|move|p2a: Nihilego|Meteor Beam||[still]\n|-prepare|p2a: Nihilego|Meteor Beam\n|-boost|p2a: Nihilego|spa|1\n|-enditem|p2a: Nihilego|Power Herb\n|-anim|p2a: Nihilego|Meteor Beam|p1a: Tapu Fini\n|-damage|p1a: Tapu Fini|33\/100\n|move|p1a: Tapu Fini|Scald|p2a: Nihilego\n|-supereffective|p2a: Nihilego\n|-damage|p2a: Nihilego|14\/100\n|\n|-heal|p1a: Tapu Fini|39\/100|[from] item: Leftovers\n|upkeep\n|turn|21\n|\n|t:|1660407672\n|move|p2a: Nihilego|Sludge Wave|p1a: Tapu Fini\n|-supereffective|p1a: Tapu Fini\n|-damage|p1a: Tapu Fini|0 fnt\n|faint|p1a: Tapu Fini\n|-ability|p2a: Nihilego|Beast Boost|boost\n|-boost|p2a: Nihilego|spe|1\n|\n|upkeep\n|\n|t:|1660407675\n|switch|p1a: Zeraora|Zeraora|100\/100\n|turn|22\n|c|\u2606reionatro|gg\n|\n|t:|1660407685\n|move|p2a: Nihilego|Sludge Wave|p1a: Zeraora\n|-damage|p1a: Zeraora|8\/100\n|move|p1a: Zeraora|Plasma Fists|p2a: Nihilego\n|-damage|p2a: Nihilego|0 fnt\n|-fieldactivate|move: Ion Deluge\n|-hint|Normal-type moves become Electric-type after using Plasma Fists.\n|faint|p2a: Nihilego\n|\n|upkeep\n|\n|t:|1660407688\n|switch|p2a: Kartana|Kartana|88\/100\n|-damage|p2a: Kartana|82\/100|[from] Stealth Rock\n|turn|23\n|\n|t:|1660407691\n|move|p2a: Kartana|Leaf Blade|p1a: Zeraora\n|-damage|p1a: Zeraora|0 fnt\n|faint|p1a: Zeraora\n|\n|win|reionatro\n|raw|Myaku's rating: 1458 &rarr; <strong>1441<\/strong><br \/>(-17 for losing)\n|raw|reionatro's rating: 1509 &rarr; <strong>1526<\/strong><br \/>(+17 for winning)\n|l|\u2606reionatro\n","uploadtime":1660407699,"views":49,"p1id":"myaku","p2id":"reionatro","formatid":"gen8ou","rating":1441,"private":0,"password":null}