{"id":"gen8ou-1216156965","p1":"juyjuyg","p2":"glaed13","format":"gen8ou","log":"|j|\u2606juyjuyg\n|j|\u2606glaed13\n|t:|1604464165\n|player|p1|juyjuyg|266|1339\n|player|p2|glaed13|cheren-gen5bw2|1379\n|teamsize|p1|6\n|teamsize|p2|6\n|gametype|singles\n|gen|8\n|tier|[Gen 8] OU\n|rated|\n|clearpoke\n|poke|p1|Kyurem|\n|poke|p1|Melmetal|\n|poke|p1|Clefable, F|\n|poke|p1|Landorus-Therian, M|\n|poke|p1|Tornadus-Therian, M|\n|poke|p1|Cinderace, F|\n|poke|p2|Blaziken, M|\n|poke|p2|Klefki, F|\n|poke|p2|Zeraora|\n|poke|p2|Kyurem-Black|\n|poke|p2|Zapdos-Galar|\n|poke|p2|Blastoise, M|\n|rule|Sleep Clause Mod: Limit one foe put to sleep\n|rule|Species Clause: Limit one of each Pok\u00e9mon\n|rule|OHKO Clause: OHKO moves are banned\n|rule|Evasion Moves Clause: Evasion moves are banned\n|rule|Endless Battle Clause: Forcing endless battles is banned\n|rule|HP Percentage Mod: HP is shown in percentages\n|rule|Dynamax Clause: You cannot dynamax\n|teampreview\n|inactive|Battle timer is ON: inactive players will automatically lose when time's up. (requested by glaed13)\n|\n|t:|1604464185\n|start\n|switch|p1a: Melmetal|Melmetal|100\/100\n|switch|p2a: Zapdos|Zapdos-Galar|100\/100\n|turn|1\n|\n|t:|1604464193\n|move|p2a: Zapdos|Thunderous Kick|p1a: Melmetal\n|-supereffective|p1a: Melmetal\n|-damage|p1a: Melmetal|51\/100\n|-unboost|p1a: Melmetal|def|1\n|move|p1a: Melmetal|Double Iron Bash|p2a: Zapdos\n|-damage|p2a: Zapdos|21\/100\n|-damage|p2a: Zapdos|0 fnt\n|-hitcount|p2a: Zapdos|2\n|faint|p2a: Zapdos\n|\n|upkeep\n|inactive|glaed13 has 120 seconds left.\n|\n|t:|1604464223\n|switch|p2a: Klefki|Klefki, F, shiny|100\/100\n|turn|2\n|\n|t:|1604464233\n|move|p2a: Klefki|Reflect|p2a: Klefki\n|-sidestart|p2: glaed13|Reflect\n|move|p1a: Melmetal|Double Iron Bash|p2a: Klefki\n|-damage|p2a: Klefki|69\/100\n|-damage|p2a: Klefki|36\/100\n|-hitcount|p2a: Klefki|2\n|\n|upkeep\n|turn|3\n|\n|t:|1604464238\n|move|p2a: Klefki|Light Screen|p2a: Klefki\n|-sidestart|p2: glaed13|move: Light Screen\n|move|p1a: Melmetal|Double Iron Bash|p2a: Klefki\n|-damage|p2a: Klefki|4\/100\n|-damage|p2a: Klefki|0 fnt\n|-hitcount|p2a: Klefki|2\n|faint|p2a: Klefki\n|\n|upkeep\n|\n|t:|1604464240\n|switch|p2a: Blastoise|Blastoise, M|100\/100\n|turn|4\n|\n|t:|1604464265\n|switch|p1a: Kyurem|Kyurem|100\/100\n|-ability|p1a: Kyurem|Pressure\n|move|p2a: Blastoise|Shell Smash|p2a: Blastoise\n|-unboost|p2a: Blastoise|def|1\n|-unboost|p2a: Blastoise|spd|1\n|-boost|p2a: Blastoise|atk|2\n|-boost|p2a: Blastoise|spa|2\n|-boost|p2a: Blastoise|spe|2\n|-enditem|p2a: Blastoise|White Herb\n|-clearnegativeboost|p2a: Blastoise|[silent]\n|\n|upkeep\n|turn|5\n|\n|t:|1604464277\n|move|p2a: Blastoise|Aura Sphere|p1a: Kyurem\n|-supereffective|p1a: Kyurem\n|-damage|p1a: Kyurem|17\/100\n|move|p1a: Kyurem|Freeze-Dry|p2a: Blastoise\n|-supereffective|p2a: Blastoise\n|-damage|p2a: Blastoise|57\/100\n|\n|upkeep\n|turn|6\n|\n|t:|1604464288\n|switch|p1a: Clefable|Clefable, F|100\/100\n|move|p2a: Blastoise|Ice Beam|p1a: Clefable\n|-damage|p1a: Clefable|77\/100\n|\n|-heal|p1a: Clefable|83\/100|[from] item: Leftovers\n|upkeep\n|turn|7\n|\n|t:|1604464297\n|move|p2a: Blastoise|Surf|p1a: Clefable\n|-damage|p1a: Clefable|49\/100\n|move|p1a: Clefable|Moonblast|p2a: Blastoise\n|-damage|p2a: Blastoise|38\/100\n|\n|-heal|p1a: Clefable|55\/100|[from] item: Leftovers\n|upkeep\n|turn|8\n|\n|t:|1604464310\n|move|p2a: Blastoise|Surf|p1a: Clefable\n|-damage|p1a: Clefable|18\/100\n|move|p1a: Clefable|Wish|p1a: Clefable\n|\n|-heal|p1a: Clefable|24\/100|[from] item: Leftovers\n|upkeep\n|turn|9\n|\n|t:|1604464317\n|move|p1a: Clefable|Protect|p1a: Clefable\n|-singleturn|p1a: Clefable|Protect\n|move|p2a: Blastoise|Surf|p1a: Clefable\n|-activate|p1a: Clefable|move: Protect\n|\n|-heal|p1a: Clefable|74\/100|[from] move: Wish|[wisher] Clefable\n|-heal|p1a: Clefable|80\/100|[from] item: Leftovers\n|-sideend|p2: glaed13|Reflect\n|upkeep\n|turn|10\n|\n|t:|1604464328\n|move|p2a: Blastoise|Surf|p1a: Clefable\n|-damage|p1a: Clefable|45\/100\n|move|p1a: Clefable|Moonblast|p2a: Blastoise\n|-damage|p2a: Blastoise|22\/100\n|\n|-heal|p1a: Clefable|51\/100|[from] item: Leftovers\n|-sideend|p2: glaed13|move: Light Screen\n|upkeep\n|turn|11\n|\n|t:|1604464337\n|move|p2a: Blastoise|Surf|p1a: Clefable\n|-damage|p1a: Clefable|13\/100\n|move|p1a: Clefable|Moonblast|p2a: Blastoise\n|-crit|p2a: Blastoise\n|-damage|p2a: Blastoise|0 fnt\n|faint|p2a: Blastoise\n|\n|-heal|p1a: Clefable|20\/100|[from] item: Leftovers\n|upkeep\n|\n|t:|1604464360\n|switch|p2a: Blaziken|Blaziken, M|100\/100\n|turn|12\n|\n|t:|1604464369\n|move|p2a: Blaziken|Swords Dance|p2a: Blaziken\n|-boost|p2a: Blaziken|atk|2\n|move|p1a: Clefable|Teleport|p1a: Clefable\n|\n|t:|1604464384\n|switch|p1a: Landorus|Landorus-Therian, M|100\/100|[from]move: Teleport\n|-ability|p1a: Landorus|Intimidate|boost\n|-unboost|p2a: Blaziken|atk|1\n|\n|-ability|p2a: Blaziken|Speed Boost|boost\n|-boost|p2a: Blaziken|spe|1\n|upkeep\n|turn|13\n|\n|t:|1604464388\n|move|p2a: Blaziken|Blaze Kick|p1a: Landorus\n|-damage|p1a: Landorus|49\/100\n|move|p1a: Landorus|Earthquake|p2a: Blaziken\n|-supereffective|p2a: Blaziken\n|-damage|p2a: Blaziken|0 fnt\n|faint|p2a: Blaziken\n|\n|-heal|p1a: Landorus|55\/100|[from] item: Leftovers\n|upkeep\n|\n|t:|1604464392\n|switch|p2a: Kyurem|Kyurem-Black|100\/100\n|-ability|p2a: Kyurem|Teravolt\n|turn|14\n|\n|t:|1604464405\n|switch|p1a: Melmetal|Melmetal|51\/100\n|move|p2a: Kyurem|Dragon Dance|p2a: Kyurem\n|-boost|p2a: Kyurem|atk|1\n|-boost|p2a: Kyurem|spe|1\n|\n|upkeep\n|turn|15\n|\n|t:|1604464411\n|move|p2a: Kyurem|Fusion Bolt|p1a: Melmetal\n|-damage|p1a: Melmetal|15\/100\n|move|p1a: Melmetal|Double Iron Bash|p2a: Kyurem\n|-supereffective|p2a: Kyurem\n|-damage|p2a: Kyurem|0 fnt\n|-hitcount|p2a: Kyurem|1\n|faint|p2a: Kyurem\n|\n|upkeep\n|\n|t:|1604464414\n|switch|p2a: Zeraora|Zeraora|100\/100\n|turn|16\n|\n|t:|1604464432\n|switch|p1a: Landorus|Landorus-Therian, M|55\/100\n|-ability|p1a: Landorus|Intimidate|boost\n|-unboost|p2a: Zeraora|atk|1\n|move|p2a: Zeraora|Knock Off|p1a: Landorus\n|-damage|p1a: Landorus|41\/100\n|-enditem|p1a: Landorus|Leftovers|[from] move: Knock Off|[of] p2a: Zeraora\n|\n|upkeep\n|turn|17\n|-message|glaed13 forfeited.\n|\n|win|juyjuyg\n|l|\u2606glaed13\n","uploadtime":1604464446,"views":6,"p1id":"juyjuyg","p2id":"glaed13","formatid":"gen8ou","rating":0,"private":0,"password":null}