{"id":"gen8randombattle-1673451509","p1":"london13","p2":"LoSconosciuto","format":"gen8randombattle","log":"|j|\u2606london13\n|j|\u2606LoSconosciuto\n|t:|1664469204\n|gametype|singles\n|player|p1|london13|#teamskymin|\n|player|p2|LoSconosciuto|#teamgapdos|\n|teamsize|p1|12\n|teamsize|p2|12\n|gen|8\n|tier|[Gen 8] Random Battle\n|rule|Species Clause: Limit one of each Pok\u00e9mon\n|rule|HP Percentage Mod: HP is shown in percentages\n|rule|Sleep Clause Mod: Limit one foe put to sleep\n|clearpoke\n|poke|p1|Aromatisse, L88, M|\n|poke|p1|Blacephalon, L80|\n|poke|p1|Druddigon, L84, M|\n|poke|p1|Sudowoodo, L86, M|\n|poke|p1|Skuntank, L85, M|\n|poke|p1|Durant, L78, F|\n|poke|p1|Hydreigon, L80, M|\n|poke|p1|Blastoise, L82, M|\n|poke|p1|Tyrantrum, L82, M|\n|poke|p1|Porygon-Z, L80|\n|poke|p1|Regieleki, L78|\n|poke|p1|Umbreon, L82, M|\n|poke|p2|Kangaskhan, L84, F|\n|poke|p2|Lugia, L74|\n|poke|p2|Slowbro, L84, F|\n|poke|p2|Gallade, L82, M|\n|poke|p2|Glaceon, L88, M|\n|poke|p2|Ferrothorn, L78, M|\n|poke|p2|Mewtwo, L72|\n|poke|p2|Marowak-Alola, L84, M|\n|poke|p2|Cinccino, L84, M|\n|poke|p2|Entei, L78|\n|poke|p2|Kabutops, L82, F|\n|poke|p2|Hippowdon, L80, M|\n|teampreview|6\n|inactive|Battle timer is ON: inactive players will automatically lose when time's up. (requested by LoSconosciuto)\n|c|\u2606LoSconosciuto|hf\n|j| Latiasi\n|j| longhiep341\n|inactive|london13 has 270 seconds left.\n|inactive|LoSconosciuto has 270 seconds left.\n|j| PokeArt2004\u2764\n|j| idid_classic\n|j| placuszek\n|c| placuszek|losconoat\n|j| fabwooloo\n|c| placuszek|lfg\n|inactive|london13 has 240 seconds left.\n|inactive|LoSconosciuto has 240 seconds left.\n|inactive|london13 has 210 seconds left.\n|inactive|LoSconosciuto has 210 seconds left.\n|j| tate tok\n|inactive|london13 has 180 seconds left.\n|inactive|LoSconosciuto has 180 seconds left.\n|inactive|LoSconosciuto has 150 seconds left.\n|j| Piyush21\n|inactive|LoSconosciuto has 120 seconds left.\n|inactive|LoSconosciuto has 90 seconds left.\n|j| Electric win\n|c| Electric win|If u lose I\u2019ll ship u to Italy london\n|j| Jejei\n|inactive|LoSconosciuto has 60 seconds left.\n|j| Spl4sh\n|inactive|LoSconosciuto has 30 seconds left.\n|\n|t:|1664469475\n|start\n|switch|p1a: Blastoise|Blastoise, L82, M|264\/264\n|switch|p2a: Hippowdon|Hippowdon, L80, M|304\/304\n|-weather|Sandstorm|[from] ability: Sand Stream|[of] p2a: Hippowdon\n|turn|1\n|inactive|london13 has 240 seconds left.\n|inactive|LoSconosciuto has 90 seconds left.\n|\n|t:|1664469493\n|switch|p2a: Ferrothorn|Ferrothorn, L78, M|244\/244\n|move|p1a: Blastoise|Scald|p2a: Ferrothorn\n|-resisted|p2a: Ferrothorn\n|-damage|p2a: Ferrothorn|210\/244\n|-status|p2a: Ferrothorn|brn\n|\n|-weather|Sandstorm|[upkeep]\n|-damage|p1a: Blastoise|248\/264|[from] Sandstorm\n|-heal|p1a: Blastoise|264\/264|[from] item: Leftovers\n|-heal|p2a: Ferrothorn|225\/244 brn|[from] item: Leftovers\n|-damage|p2a: Ferrothorn|210\/244 brn|[from] brn\n|upkeep\n|turn|2\n|\n|t:|1664469501\n|switch|p1a: Hydreigon|Hydreigon, L80, M|278\/278\n|move|p2a: Ferrothorn|Leech Seed|p1a: Hydreigon\n|-start|p1a: Hydreigon|move: Leech Seed\n|\n|-weather|Sandstorm|[upkeep]\n|-damage|p1a: Hydreigon|261\/278|[from] Sandstorm\n|-heal|p2a: Ferrothorn|225\/244 brn|[from] item: Leftovers\n|-damage|p1a: Hydreigon|227\/278|[from] Leech Seed|[of] p2a: Ferrothorn\n|-heal|p2a: Ferrothorn|244\/244 brn|[silent]\n|-damage|p2a: Ferrothorn|229\/244 brn|[from] brn\n|upkeep\n|turn|3\n|inactive|london13 has 240 seconds left.\n|\n|t:|1664469513\n|switch|p1a: Durant|Durant, L78, F|219\/219\n|switch|p2a: Cinccino|Cinccino, L84, M|263\/263\n|\n|-weather|Sandstorm|[upkeep]\n|-damage|p2a: Cinccino|247\/263|[from] Sandstorm\n|upkeep\n|turn|4\n|l| Piyush21\n|inactive|london13 has 240 seconds left.\n|c| Electric win|The ant strikes back\n|j| Piyush21\n|l| Spl4sh\n|inactive|london13 has 210 seconds left.\n|\n|t:|1664469556\n|move|p1a: Durant|First Impression|p2a: Cinccino\n|-crit|p2a: Cinccino\n|-damage|p2a: Cinccino|0 fnt\n|faint|p2a: Cinccino\n|\n|-weather|Sandstorm|[upkeep]\n|upkeep\n|c| Electric win|Insane\n|\n|t:|1664469564\n|switch|p2a: Kabutops|Kabutops, L82, F|233\/233\n|turn|5\n|inactive|london13 has 210 seconds left.\n|c| Electric win|lizzy watching over u rn\n|l| placuszek\n|j| Ciro napoli\n|l| Ciro napoli\n|inactive|london13 has 180 seconds left.\n|\n|t:|1664469622\n|switch|p1a: Blastoise|Blastoise, L82, M|264\/264\n|move|p2a: Kabutops|Swords Dance|p2a: Kabutops\n|-boost|p2a: Kabutops|atk|2\n|\n|-weather|none\n|upkeep\n|turn|6\n|l| Electric win\n|inactive|LoSconosciuto has 120 seconds left.\n|\n|t:|1664469654\n|move|p1a: Blastoise|Protect|p1a: Blastoise\n|-singleturn|p1a: Blastoise|Protect\n|move|p2a: Kabutops|Stone Edge|p1a: Blastoise\n|-activate|p1a: Blastoise|move: Protect\n|\n|upkeep\n|turn|7\n|j| Electric win\n|inactive|london13 has 150 seconds left.\n|inactive|LoSconosciuto has 90 seconds left.\n|j| PrinceOfAllTacos\n|j|+lalaya \u263e\n|l|+lalaya \u263e\n|j| placuszek\n|\n|t:|1664469694\n|move|p2a: Kabutops|Stone Edge|p1a: Blastoise\n|-damage|p1a: Blastoise|0 fnt\n|faint|p1a: Blastoise\n|-damage|p2a: Kabutops|210\/233|[from] item: Life Orb\n|\n|upkeep\n|j|+lalaya \u263e\n|inactive|london13 has 120 seconds left.\n|l| Electric win\n|\n|t:|1664469727\n|switch|p1a: Hydreigon|Hydreigon, L80, M|227\/278\n|turn|8\n|j| Electric win\n|inactive|LoSconosciuto has 90 seconds left.\n|l| Electric win\n|inactive|london13 has 90 seconds left.\n|j| Electric win\n|l| Electric win\n|\n|t:|1664469777\n|-start|p2a: Kabutops|Dynamax|\n|-heal|p2a: Kabutops|420\/466|[silent]\n|move|p1a: Hydreigon|Draco Meteor|p2a: Kabutops\n|-damage|p2a: Kabutops|167\/466\n|-unboost|p1a: Hydreigon|spa|2\n|-damage|p1a: Hydreigon|200\/278|[from] item: Life Orb\n|move|p2a: Kabutops|Max Geyser|p1a: Hydreigon\n|-resisted|p1a: Hydreigon\n|-damage|p1a: Hydreigon|8\/278\n|-weather|RainDance\n|-damage|p2a: Kabutops|144\/466|[from] item: Life Orb\n|\n|-weather|RainDance|[upkeep]\n|upkeep\n|turn|9\n|j| Electric win\n|l| Electric win\n|inactive|london13 has 60 seconds left.\n|\n|t:|1664469797\n|move|p2a: Kabutops|Max Geyser|p1a: Hydreigon\n|-resisted|p1a: Hydreigon\n|-damage|p1a: Hydreigon|0 fnt\n|faint|p1a: Hydreigon\n|-damage|p2a: Kabutops|121\/466|[from] item: Life Orb\n|\n|-weather|RainDance|[upkeep]\n|upkeep\n|inactive|london13 has 60 seconds left.\n|\n|t:|1664469810\n|switch|p1a: Durant|Durant, L78, F|219\/219\n|turn|10\n|j| Electric win\n|\n|t:|1664469818\n|move|p2a: Kabutops|Max Guard|p2a: Kabutops\n|-singleturn|p2a: Kabutops|Max Guard\n|move|p1a: Durant|First Impression|p2a: Kabutops\n|-activate|p2a: Kabutops|move: Max Guard\n|\n|-weather|RainDance|[upkeep]\n|upkeep\n|-end|p2a: Kabutops|Dynamax\n|-heal|p2a: Kabutops|61\/233|[silent]\n|turn|11\n|l| Electric win\n|inactive|london13 has 60 seconds left.\n|j| Electric win\n|\n|t:|1664469837\n|switch|p1a: Tyrantrum|Tyrantrum, L82, M|269\/269\n|move|p2a: Kabutops|Liquidation|p1a: Tyrantrum\n|-damage|p1a: Tyrantrum|0 fnt\n|faint|p1a: Tyrantrum\n|-damage|p2a: Kabutops|38\/233|[from] item: Life Orb\n|\n|-weather|RainDance|[upkeep]\n|upkeep\n|inactive|london13 has 60 seconds left.\n|\n|t:|1664469842\n|switch|p1a: Durant|Durant, L78, F|219\/219\n|turn|12\n|l| Electric win\n|c|+lalaya \u263e|blubbed\n|\n|t:|1664469847\n|switch|p2a: Ferrothorn|Ferrothorn, L78, M|229\/244 brn\n|move|p1a: Durant|First Impression|p2a: Ferrothorn\n|-damage|p2a: Ferrothorn|60\/244 brn\n|-damage|p1a: Durant|192\/219|[from] ability: Iron Barbs|[of] p2a: Ferrothorn\n|\n|-weather|none\n|-heal|p2a: Ferrothorn|75\/244 brn|[from] item: Leftovers\n|-damage|p2a: Ferrothorn|60\/244 brn|[from] brn\n|upkeep\n|turn|13\n|inactive|LoSconosciuto has 120 seconds left.\n|c|+lalaya \u263e|ouch\n|j| Electric win\n|inactive|london13 has 60 seconds left.\n|l| Electric win\n|j| Electric win\n|\n|t:|1664469886\n|switch|p1a: Blacephalon|Blacephalon, L80|215\/215\n|move|p2a: Ferrothorn|Spikes|p1a: Blacephalon\n|-sidestart|p1: london13|Spikes\n|\n|-heal|p2a: Ferrothorn|75\/244 brn|[from] item: Leftovers\n|-damage|p2a: Ferrothorn|60\/244 brn|[from] brn\n|upkeep\n|turn|14\n|inactive|LoSconosciuto has 120 seconds left.\n|l| Electric win\n|\n|t:|1664469897\n|move|p1a: Blacephalon|Shadow Ball|p2a: Ferrothorn\n|-damage|p2a: Ferrothorn|0 fnt\n|faint|p2a: Ferrothorn\n|-ability|p1a: Blacephalon|Beast Boost|boost\n|-boost|p1a: Blacephalon|spa|1\n|\n|upkeep\n|j| Electric win\n|l| Electric win\n|inactive|LoSconosciuto has 90 seconds left.\n|j| Electric win\n|l| Electric win\n|inactive|LoSconosciuto has 60 seconds left.\n|j| Electric win\n|l| Electric win\n|\n|t:|1664469969\n|switch|p2a: Lugia|Lugia, L74|279\/279\n|turn|15\n|inactive|london13 has 60 seconds left.\n|\n|t:|1664469997\n|-start|p1a: Blacephalon|Dynamax|\n|-heal|p1a: Blacephalon|430\/430|[silent]\n|move|p1a: Blacephalon|Max Phantasm|p2a: Lugia\n|-supereffective|p2a: Lugia\n|-damage|p2a: Lugia|95\/279\n|-unboost|p2a: Lugia|def|1\n|move|p2a: Lugia|Substitute|p2a: Lugia\n|-start|p2a: Lugia|Substitute\n|-damage|p2a: Lugia|26\/279\n|\n|upkeep\n|turn|16\n|j| Electric win\n|\n|t:|1664470010\n|move|p1a: Blacephalon|Max Flare|p2a: Lugia\n|-end|p2a: Lugia|Substitute\n|-weather|SunnyDay\n|move|p2a: Lugia|Toxic|p1a: Blacephalon\n|-status|p1a: Blacephalon|tox\n|\n|-weather|SunnyDay|[upkeep]\n|-damage|p1a: Blacephalon|417\/430 tox|[from] psn\n|upkeep\n|turn|17\n|l| Electric win\n|l| PrinceOfAllTacos\n|\n|t:|1664470027\n|move|p1a: Blacephalon|Max Flare|p2a: Lugia\n|-damage|p2a: Lugia|0 fnt\n|faint|p2a: Lugia\n|-ability|p1a: Blacephalon|Beast Boost|boost\n|-boost|p1a: Blacephalon|spa|1\n|\n|-weather|SunnyDay|[upkeep]\n|-damage|p1a: Blacephalon|391\/430 tox|[from] psn\n|upkeep\n|j| Electric win\n|inactive|LoSconosciuto has 30 seconds left.\n|c| tate tok|blace blace\n|l| Electric win\n|\n|t:|1664470052\n|switch|p2a: Hippowdon|Hippowdon, L80, M|304\/304\n|-weather|Sandstorm|[from] ability: Sand Stream|[of] p2a: Hippowdon\n|-end|p1a: Blacephalon|Dynamax\n|-heal|p1a: Blacephalon|196\/215 tox|[silent]\n|turn|18\n|l|tatetok\n|inactive|london13 has 60 seconds left.\n|inactive|LoSconosciuto has 30 seconds left.\n|j| Electric win\n|l| Electric win\n|j| Electric win\n|inactive|london13 has 30 seconds left.\n|\n|t:|1664470090\n|switch|p1a: Durant|Durant, L78, F|192\/219\n|-damage|p1a: Durant|165\/219|[from] Spikes\n|move|p2a: Hippowdon|Earthquake|p1a: Durant\n|-damage|p1a: Durant|59\/219\n|\n|-weather|Sandstorm|[upkeep]\n|upkeep\n|turn|19\n|inactive|LoSconosciuto has 30 seconds left.\n|l| Electric win\n|inactive|LoSconosciuto has 20 seconds left.\n|inactive|LoSconosciuto has 15 seconds left.\n|\n|t:|1664470112\n|move|p1a: Durant|Iron Head|p2a: Hippowdon\n|-damage|p2a: Hippowdon|151\/304\n|move|p2a: Hippowdon|Slack Off|p2a: Hippowdon\n|-heal|p2a: Hippowdon|303\/304\n|\n|-weather|Sandstorm|[upkeep]\n|-heal|p2a: Hippowdon|304\/304|[from] item: Leftovers\n|upkeep\n|turn|20\n|inactive|LoSconosciuto has 25 seconds left this turn.\n|\n|t:|1664470115\n|switch|p2a: Slowbro|Slowbro, L84, F|297\/297\n|move|p1a: Durant|Iron Head|p2a: Slowbro\n|-resisted|p2a: Slowbro\n|-damage|p2a: Slowbro|218\/297\n|\n|-weather|Sandstorm|[upkeep]\n|-damage|p2a: Slowbro|200\/297|[from] Sandstorm\n|-heal|p2a: Slowbro|218\/297|[from] item: Leftovers\n|upkeep\n|turn|21\n|j| Electric win\n|\n|t:|1664470128\n|switch|p1a: Umbreon|Umbreon, L82, M|290\/290\n|-damage|p1a: Umbreon|254\/290|[from] Spikes\n|move|p2a: Slowbro|Future Sight|p1a: Umbreon\n|-start|p2a: Slowbro|move: Future Sight\n|\n|-weather|Sandstorm|[upkeep]\n|-damage|p1a: Umbreon|236\/290|[from] Sandstorm\n|-damage|p2a: Slowbro|200\/297|[from] Sandstorm\n|-heal|p1a: Umbreon|254\/290|[from] item: Leftovers\n|-heal|p2a: Slowbro|218\/297|[from] item: Leftovers\n|upkeep\n|turn|22\n|l| Electric win\n|\n|t:|1664470144\n|move|p1a: Umbreon|Foul Play|p2a: Slowbro\n|-supereffective|p2a: Slowbro\n|-damage|p2a: Slowbro|108\/297\n|move|p2a: Slowbro|Teleport|p2a: Slowbro\n|j| Electric win\n|\n|t:|1664470148\n|switch|p2a: Hippowdon|Hippowdon, L80, M|304\/304\n|\n|-weather|none\n|-heal|p1a: Umbreon|272\/290|[from] item: Leftovers\n|upkeep\n|turn|23\n|\n|t:|1664470166\n|move|p1a: Umbreon|Toxic|p2a: Hippowdon|[miss]\n|-miss|p1a: Umbreon|p2a: Hippowdon\n|move|p2a: Hippowdon|Toxic|p1a: Umbreon\n|-status|p1a: Umbreon|tox\n|-activate|p1a: Umbreon|ability: Synchronize\n|-status|p2a: Hippowdon|tox\n|\n|-end|p1a: Umbreon|move: Future Sight\n|-immune|p1a: Umbreon\n|-heal|p1a: Umbreon|290\/290 tox|[from] item: Leftovers\n|-damage|p1a: Umbreon|272\/290 tox|[from] psn\n|-damage|p2a: Hippowdon|285\/304 tox|[from] psn\n|upkeep\n|turn|24\n|l| Electric win\n|inactive|LoSconosciuto has 60 seconds left.\n|j| Electric win\n|l| Electric win\n|\n|t:|1664470183\n|move|p1a: Umbreon|Foul Play|p2a: Hippowdon\n|-damage|p2a: Hippowdon|194\/304 tox\n|move|p2a: Hippowdon|Stealth Rock|p1a: Umbreon\n|-sidestart|p1: london13|move: Stealth Rock\n|\n|-heal|p1a: Umbreon|290\/290 tox|[from] item: Leftovers\n|-heal|p2a: Hippowdon|213\/304 tox|[from] item: Leftovers\n|-damage|p1a: Umbreon|254\/290 tox|[from] psn\n|-damage|p2a: Hippowdon|175\/304 tox|[from] psn\n|upkeep\n|turn|25\n|inactive|LoSconosciuto has 60 seconds left.\n|\n|t:|1664470199\n|switch|p2a: Slowbro|Slowbro, L84, F|207\/297\n|move|p1a: Umbreon|Wish|p1a: Umbreon\n|\n|-heal|p1a: Umbreon|272\/290 tox|[from] item: Leftovers\n|-heal|p2a: Slowbro|225\/297|[from] item: Leftovers\n|-damage|p1a: Umbreon|218\/290 tox|[from] psn\n|upkeep\n|turn|26\n|inactive|LoSconosciuto has 60 seconds left.\n|j| Electric win\n|j| Eternal Catharsis\n|j| AtraX Madara\n|\n|t:|1664470220\n|move|p1a: Umbreon|Toxic|p2a: Slowbro\n|-status|p2a: Slowbro|tox\n|move|p2a: Slowbro|Scald|p1a: Umbreon\n|-damage|p1a: Umbreon|149\/290 tox\n|\n|-heal|p1a: Umbreon|290\/290 tox|[from] move: Wish|[wisher] Umbreon\n|-heal|p2a: Slowbro|243\/297 tox|[from] item: Leftovers\n|-damage|p1a: Umbreon|218\/290 tox|[from] psn\n|-damage|p2a: Slowbro|225\/297 tox|[from] psn\n|upkeep\n|turn|27\n|inactive|london13 has 30 seconds left.\n|inactive|london13 has 20 seconds left.\n|inactive|london13 has 15 seconds left.\n|\n|t:|1664470253\n|move|p1a: Umbreon|Foul Play|p2a: Slowbro\n|-supereffective|p2a: Slowbro\n|-damage|p2a: Slowbro|127\/297 tox\n|move|p2a: Slowbro|Teleport|p2a: Slowbro\n|inactive|london13 has 20 seconds left this turn.\n|\n|t:|1664470256\n|switch|p2a: Hippowdon|Hippowdon, L80, M|175\/304 tox\n|-weather|Sandstorm|[from] ability: Sand Stream|[of] p2a: Hippowdon\n|\n|-weather|Sandstorm|[upkeep]\n|-damage|p1a: Umbreon|200\/290 tox|[from] Sandstorm\n|-heal|p1a: Umbreon|218\/290 tox|[from] item: Leftovers\n|-heal|p2a: Hippowdon|194\/304 tox|[from] item: Leftovers\n|-damage|p1a: Umbreon|128\/290 tox|[from] psn\n|-damage|p2a: Hippowdon|175\/304 tox|[from] psn\n|upkeep\n|turn|28\n|inactive|london13 has 30 seconds left this turn.\n|\n|t:|1664470265\n|move|p1a: Umbreon|Wish|p1a: Umbreon\n|move|p2a: Hippowdon|Slack Off|p2a: Hippowdon\n|-heal|p2a: Hippowdon|304\/304 tox\n|\n|-weather|Sandstorm|[upkeep]\n|-damage|p1a: Umbreon|110\/290 tox|[from] Sandstorm\n|-heal|p1a: Umbreon|128\/290 tox|[from] item: Leftovers\n|-damage|p1a: Umbreon|20\/290 tox|[from] psn\n|-damage|p2a: Hippowdon|266\/304 tox|[from] psn\n|upkeep\n|turn|29\n|inactive|london13 has 30 seconds left.\n|\n|t:|1664470272\n|move|p1a: Umbreon|Foul Play|p2a: Hippowdon\n|-damage|p2a: Hippowdon|181\/304 tox\n|move|p2a: Hippowdon|Earthquake|p1a: Umbreon\n|-damage|p1a: Umbreon|0 fnt\n|faint|p1a: Umbreon\n|\n|-weather|Sandstorm|[upkeep]\n|-heal|p2a: Hippowdon|200\/304 tox|[from] item: Leftovers\n|-damage|p2a: Hippowdon|143\/304 tox|[from] psn\n|upkeep\n|inactive|london13 has 30 seconds left.\n|\n|t:|1664470287\n|switch|p1a: Durant|Durant, L78, F|59\/219\n|-damage|p1a: Durant|32\/219|[from] Spikes\n|-damage|p1a: Durant|5\/219|[from] Stealth Rock\n|turn|30\n|c| Electric win|Ayo\n|inactive|LoSconosciuto has 90 seconds left.\n|c| Electric win|london u know what time it is\n|inactive|london13 has 30 seconds left.\n|c| Electric win|Do him dirty\n|l| Electric win\n|\n|t:|1664470317\n|switch|p2a: Slowbro|Slowbro, L84, F|226\/297 tox\n|move|p1a: Durant|Iron Head|p2a: Slowbro\n|-resisted|p2a: Slowbro\n|-damage|p2a: Slowbro|153\/297 tox\n|\n|-weather|Sandstorm|[upkeep]\n|-damage|p2a: Slowbro|135\/297 tox|[from] Sandstorm\n|-heal|p2a: Slowbro|153\/297 tox|[from] item: Leftovers\n|-damage|p2a: Slowbro|135\/297 tox|[from] psn\n|upkeep\n|turn|31\n|\n|t:|1664470323\n|move|p1a: Durant|Iron Head|p2a: Slowbro\n|-resisted|p2a: Slowbro\n|-damage|p2a: Slowbro|54\/297 tox\n|move|p2a: Slowbro|Future Sight|p1a: Durant\n|-start|p2a: Slowbro|move: Future Sight\n|\n|-weather|none\n|-heal|p2a: Slowbro|72\/297 tox|[from] item: Leftovers\n|-damage|p2a: Slowbro|36\/297 tox|[from] psn\n|upkeep\n|turn|32\n|j| Electric win\n|\n|t:|1664470338\n|move|p1a: Durant|Iron Head|p2a: Slowbro\n|-resisted|p2a: Slowbro\n|-damage|p2a: Slowbro|0 fnt\n|faint|p2a: Slowbro\n|\n|upkeep\n|\n|t:|1664470345\n|switch|p2a: Hippowdon|Hippowdon, L80, M|143\/304 tox\n|-weather|Sandstorm|[from] ability: Sand Stream|[of] p2a: Hippowdon\n|turn|33\n|l| Electric win\n|\n|t:|1664470354\n|move|p1a: Durant|Iron Head|p2a: Hippowdon\n|-damage|p2a: Hippowdon|0 fnt\n|faint|p2a: Hippowdon\n|\n|-weather|Sandstorm|[upkeep]\n|-end|p1a: Durant|move: Future Sight\n|-resisted|p1a: Durant\n|-damage|p1a: Durant|0 fnt\n|faint|p1a: Durant\n|upkeep\n|\n|t:|1664470357\n|switch|p1a: Blacephalon|Blacephalon, L80|196\/215 tox\n|switch|p2a: Kabutops|Kabutops, L82, F|38\/233\n|-damage|p1a: Blacephalon|170\/215 tox|[from] Spikes\n|-damage|p1a: Blacephalon|117\/215 tox|[from] Stealth Rock\n|turn|34\n|\n|t:|1664470359\n|move|p2a: Kabutops|Aqua Jet|p1a: Blacephalon\n|-supereffective|p1a: Blacephalon\n|-damage|p1a: Blacephalon|0 fnt\n|faint|p1a: Blacephalon\n|-damage|p2a: Kabutops|15\/233|[from] item: Life Orb\n|\n|win|LoSconosciuto\n|c|\u2606LoSconosciuto|ggs\n|c|\u2606london13|gg\n|j| Electric win\n|l| Electric win\n|l| Eternal Catharsis\n|l| PokeArt2004\u2764\n|l| longhiep341\n|l| placuszek\n|j| paolode99\n|l| paolode99\n|l| fabwooloo\n|l| Piyush21\n","inputlog":">version 806e56ea67f2f748d4b403b3f5b33d56e25d3f7a\n>start {\"formatid\":\"gen8randombattle@@@Max Team Size = 12,Picked Team Size = 6,Team Preview\",\"seed\":[30351,51173,55901,21453]}\n>player p1 {\"name\":\"london13\",\"avatar\":\"#teamskymin\",\"rating\":0,\"seed\":[28144,30077,11745,40646]}\n>player p2 {\"name\":\"LoSconosciuto\",\"avatar\":\"#teamgapdos\",\"rating\":0,\"seed\":[59883,60494,38402,31325]}\n>chat \u2606LoSconosciuto|hf\n>chat  placuszek|losconoat\n>chat  placuszek|lfg\n>chat  Electric win|If u lose I\u2019ll ship u to Italy london \n>p1 team 8, 9, 12, 2, 6, 7\n>p2 team 12, 9, 2, 6, 11, 3\n>p1 move scald\n>p2 switch 4\n>p1 switch 6\n>p2 move leechseed\n>p1 switch 5\n>p2 switch 2\n>chat  Electric win|The ant strikes back \n>p1 move firstimpression\n>p2 move uturn\n>chat  Electric win|Insane \n>p2 switch 5\n>chat  Electric win|lizzy watching over u rn \n>p1 switch 6\n>p2 move swordsdance\n>p1 move protect\n>p2 move stoneedge\n>p1 move scald\n>p2 move stoneedge\n>p1 switch 5\n>p1 move dracometeor\n>p2 move liquidation dynamax\n>p1 move dracometeor\n>p2 move liquidation dynamax\n>p1 switch 6\n>p1 move firstimpression\n>p2 move swordsdance dynamax\n>p1 switch 2\n>p2 move liquidation\n>p1 switch 2\n>chat +lalaya \u263e|blubbed\n>p1 move firstimpression\n>p2 switch 2\n>chat +lalaya \u263e|ouch\n>p1 switch 4\n>p2 move spikes\n>p1 move shadowball\n>p2 move leechseed\n>p2 switch 3\n>p1 move shadowball dynamax\n>p2 move substitute\n>p1 move fireblast dynamax\n>p2 move toxic\n>p1 move fireblast dynamax\n>p2 move roost\n>chat  tate tok|blace blace\n>p2 switch 4\n>p1 switch 4\n>p2 move earthquake\n>p1 move ironhead\n>p2 move slackoff\n>p1 move ironhead\n>p2 switch 6\n>p1 switch 3\n>p2 move futuresight\n>p1 move foulplay\n>p2 move teleport\n>p2 switch 6\n>p1 move toxic\n>p2 move toxic\n>p1 move foulplay\n>p2 move stealthrock\n>p1 move wish\n>p2 switch 6\n>p1 move toxic\n>p2 move scald\n>p1 move foulplay\n>p2 move teleport\n>p2 switch 6\n>p1 move wish\n>p2 move slackoff\n>p1 move foulplay\n>p2 move earthquake\n>p1 switch 3\n>chat  Electric win|Ayo \n>chat  Electric win|london u know what time it is \n>chat  Electric win|Do him dirty \n>p1 move ironhead\n>p2 switch 6\n>p1 move ironhead\n>p2 move futuresight\n>p1 move ironhead\n>p2 move teleport\n>p2 switch 6\n>p1 move ironhead\n>p2 move earthquake\n>p1 switch 4\n>p2 switch 2\n>p1 move shadowball\n>p2 move aquajet","uploadtime":1664470648,"views":39,"p1id":"london13","p2id":"losconosciuto","formatid":"gen8randombattle","rating":0,"private":0,"password":null}