{"id":"gen8trademarked-1517891634","p1":"Hikari-miyako","p2":"DINOZZO ERES UN HP","format":"gen8trademarked","log":"|j|\u2606Hikari-miyako\n|j|\u2606DINOZZO ERES UN HP\n|t:|1645715537\n|gametype|singles\n|player|p1|Hikari-miyako|ariana|1191\n|player|p2|DINOZZO ERES UN HP|swimmer-gen4dp|1305\n|teamsize|p1|6\n|teamsize|p2|6\n|gen|8\n|tier|[Gen 8] Trademarked\n|rated|\n|rule|Sleep Clause Mod: Limit one foe put to sleep\n|rule|Species Clause: Limit one of each Pok\u00e9mon\n|rule|OHKO Clause: OHKO moves are banned\n|rule|Evasion Moves Clause: Evasion moves are banned\n|rule|Endless Battle Clause: Forcing endless battles is banned\n|rule|HP Percentage Mod: HP is shown in percentages\n|rule|Dynamax Clause: You cannot dynamax\n|clearpoke\n|poke|p1|Garchomp, M|\n|poke|p1|Regigigas|\n|poke|p1|Corsola-Galar, F|\n|poke|p1|Urshifu-*, F|\n|poke|p1|Tapu Koko|\n|poke|p1|Cloyster, M|\n|poke|p2|Dracozolt, L99|\n|poke|p2|Magnezone|\n|poke|p2|Mesprit|\n|poke|p2|Sigilyph, F|\n|poke|p2|Bisharp, M|\n|poke|p2|Venusaur, F|\n|teampreview\n|inactive|Battle timer is ON: inactive players will automatically lose when time's up. (requested by Hikari-miyako)\n|j| asdfghjkloiuytreg\n|\n|t:|1645715555\n|start\n|switch|p1a: Garchomp|Garchomp, M|100\/100\n|switch|p2a: Mesprit|Mesprit|100\/100\n|-activate|p1a: Garchomp|ability: Stealth Rock\n|move|p1a: Garchomp|Stealth Rock|p2a: Mesprit|[from]undefined\n|-sidestart|p2: DINOZZO ERES UN HP|move: Stealth Rock\n|-damage|p2a: Mesprit|88\/100|[from] Stealth Rock\n|-activate|p2a: Mesprit|ability: Trick Room\n|move|p2a: Mesprit|Trick Room|p2a: Mesprit|[from]undefined\n|-fieldstart|move: Trick Room|[of] p2a: Mesprit\n|turn|1\n|\n|t:|1645715561\n|move|p2a: Mesprit|Ice Beam|p1a: Garchomp\n|-supereffective|p1a: Garchomp\n|-damage|p1a: Garchomp|6\/100\n|move|p1a: Garchomp|Earthquake|p2a: Mesprit\n|-damage|p2a: Mesprit|54\/100\n|\n|-heal|p1a: Garchomp|13\/100|[from] item: Leftovers\n|upkeep\n|turn|2\n|\n|t:|1645715566\n|switch|p1a: Corsola|Corsola-Galar, F|100\/100\n|-activate|p1a: Corsola|ability: Haze\n|move|p1a: Corsola|Haze|p1a: Corsola|[from]undefined\n|-clearallboost\n|move|p2a: Mesprit|Psyshock|p1a: Corsola\n|-damage|p1a: Corsola|80\/100\n|\n|upkeep\n|turn|3\n|\n|t:|1645715570\n|move|p2a: Mesprit|U-turn|p1a: Corsola\n|-resisted|p1a: Corsola\n|-damage|p1a: Corsola|75\/100\n|\n|t:|1645715575\n|switch|p2a: Bisharp|Bisharp, M|100\/100|[from]move: U-turn\n|-damage|p2a: Bisharp|95\/100|[from] Stealth Rock\n|-activate|p2a: Bisharp|ability: Swords Dance\n|move|p2a: Bisharp|Swords Dance|p2a: Bisharp|[from]undefined\n|-boost|p2a: Bisharp|atk|2\n|move|p1a: Corsola|Night Shade|p2a: Bisharp\n|-damage|p2a: Bisharp|65\/100\n|\n|upkeep\n|turn|4\n|\n|t:|1645715590\n|switch|p1a: Urshifu|Urshifu-Rapid-Strike, F|100\/100\n|-activate|p1a: Urshifu|ability: Taunt\n|move|p1a: Urshifu|Taunt|p2a: Bisharp|[from]undefined\n|-start|p2a: Bisharp|move: Taunt\n|move|p2a: Bisharp|Knock Off|p1a: Urshifu\n|-resisted|p1a: Urshifu\n|-damage|p1a: Urshifu|44\/100\n|-enditem|p1a: Urshifu|Choice Band|[from] move: Knock Off|[of] p2a: Bisharp\n|\n|upkeep\n|turn|5\n|l| asdfghjkloiuytreg\n|inactive|DINOZZO ERES UN HP has 120 seconds left.\n|\n|t:|1645715625\n|move|p2a: Bisharp|Iron Head|p1a: Urshifu\n|-resisted|p1a: Urshifu\n|-damage|p1a: Urshifu|3\/100\n|move|p1a: Urshifu|Surging Strikes|p2a: Bisharp\n|-crit|p2a: Bisharp\n|-damage|p2a: Bisharp|45\/100\n|-crit|p2a: Bisharp\n|-damage|p2a: Bisharp|24\/100\n|-crit|p2a: Bisharp\n|-damage|p2a: Bisharp|6\/100\n|-hitcount|p2a: Bisharp|3\n|\n|-fieldend|move: Trick Room\n|upkeep\n|turn|6\n|inactive|DINOZZO ERES UN HP has 120 seconds left.\n|\n|t:|1645715634\n|switch|p2a: Venusaur|Venusaur, F|100\/100\n|-damage|p2a: Venusaur|88\/100|[from] Stealth Rock\n|-activate|p2a: Venusaur|ability: Sunny Day\n|move|p2a: Venusaur|Sunny Day|p2a: Venusaur|[from]undefined\n|-weather|SunnyDay\n|move|p1a: Urshifu|Aqua Jet|p2a: Venusaur\n|-resisted|p2a: Venusaur\n|-damage|p2a: Venusaur|81\/100\n|\n|-weather|SunnyDay|[upkeep]\n|upkeep\n|turn|7\n|\n|t:|1645715643\n|move|p1a: Urshifu|U-turn|p2a: Venusaur\n|-damage|p2a: Venusaur|47\/100\n|\n|t:|1645715646\n|switch|p1a: Corsola|Corsola-Galar, F|75\/100|[from]move: U-turn\n|-activate|p1a: Corsola|ability: Haze\n|move|p1a: Corsola|Haze|p1a: Corsola|[from]undefined\n|-clearallboost\n|move|p2a: Venusaur|Solar Beam||[still]\n|-prepare|p2a: Venusaur|Solar Beam\n|-anim|p2a: Venusaur|Solar Beam|p1a: Corsola\n|-damage|p1a: Corsola|43\/100\n|-damage|p2a: Venusaur|37\/100|[from] item: Life Orb\n|\n|-weather|SunnyDay|[upkeep]\n|upkeep\n|turn|8\n|c|\u2606DINOZZO ERES UN HP|Man I did the calcs and everything\n|c|\u2606DINOZZO ERES UN HP|80\/97.5*56= 45.9\n|inactive|DINOZZO ERES UN HP has 120 seconds left.\n|c|\u2606DINOZZO ERES UN HP|I was sure Iron Head\n|c|\u2606DINOZZO ERES UN HP|was gonna kill\n|\n|t:|1645715683\n|move|p2a: Venusaur|Synthesis|p2a: Venusaur\n|-heal|p2a: Venusaur|100\/100\n|move|p1a: Corsola|Strength Sap|p2a: Venusaur\n|-unboost|p2a: Venusaur|atk|1\n|-heal|p1a: Corsola|90\/100\n|\n|-weather|SunnyDay|[upkeep]\n|upkeep\n|turn|9\n|c|\u2606Hikari-miyako|calc isn't an exact science\n|\n|t:|1645715703\n|move|p2a: Venusaur|Solar Beam||[still]\n|-prepare|p2a: Venusaur|Solar Beam\n|-anim|p2a: Venusaur|Solar Beam|p1a: Corsola\n|-damage|p1a: Corsola|52\/100\n|-damage|p2a: Venusaur|91\/100|[from] item: Life Orb\n|move|p1a: Corsola|Will-O-Wisp|p2a: Venusaur\n|-status|p2a: Venusaur|brn\n|\n|-weather|SunnyDay|[upkeep]\n|-damage|p2a: Venusaur|85\/100 brn|[from] brn\n|upkeep\n|turn|10\n|inactive|DINOZZO ERES UN HP has 120 seconds left.\n|c|\u2606DINOZZO ERES UN HP|Yeah, damage rolls and stuff\n|\n|t:|1645715714\n|move|p2a: Venusaur|Solar Beam||[still]\n|-prepare|p2a: Venusaur|Solar Beam\n|-anim|p2a: Venusaur|Solar Beam|p1a: Corsola\n|-damage|p1a: Corsola|16\/100\n|-damage|p2a: Venusaur|75\/100 brn|[from] item: Life Orb\n|move|p1a: Corsola|Strength Sap|p2a: Venusaur\n|-unboost|p2a: Venusaur|atk|1\n|-heal|p1a: Corsola|47\/100\n|\n|-weather|none\n|-damage|p2a: Venusaur|69\/100 brn|[from] brn\n|upkeep\n|turn|11\n|inactive|DINOZZO ERES UN HP has 120 seconds left.\n|\n|t:|1645715720\n|move|p2a: Venusaur|Synthesis|p2a: Venusaur\n|-heal|p2a: Venusaur|100\/100 brn\n|move|p1a: Corsola|Strength Sap|p2a: Venusaur\n|-unboost|p2a: Venusaur|atk|1\n|-heal|p1a: Corsola|70\/100\n|\n|-damage|p2a: Venusaur|95\/100 brn|[from] brn\n|upkeep\n|turn|12\n|\n|t:|1645715728\n|switch|p2a: Sigilyph|Sigilyph, F|100\/100\n|move|p1a: Corsola|Night Shade|p2a: Sigilyph\n|-damage|p2a: Sigilyph|66\/100\n|\n|upkeep\n|turn|13\n|\n|t:|1645715730\n|move|p2a: Sigilyph|Defog|p1a: Corsola\n|-unboost|p1a: Corsola|evasion|1\n|-sideend|p2: DINOZZO ERES UN HP|Stealth Rock|[from] move: Defog|[of] p2a: Sigilyph\n|move|p1a: Corsola|Night Shade|p2a: Sigilyph\n|-damage|p2a: Sigilyph|31\/100\n|\n|upkeep\n|turn|14\n|\n|t:|1645715733\n|move|p2a: Sigilyph|Roost|p2a: Sigilyph\n|-heal|p2a: Sigilyph|81\/100\n|-singleturn|p2a: Sigilyph|move: Roost\n|move|p1a: Corsola|Night Shade|p2a: Sigilyph\n|-damage|p2a: Sigilyph|46\/100\n|\n|upkeep\n|turn|15\n|\n|t:|1645715740\n|move|p2a: Sigilyph|Roost|p2a: Sigilyph\n|-heal|p2a: Sigilyph|96\/100\n|-singleturn|p2a: Sigilyph|move: Roost\n|move|p1a: Corsola|Will-O-Wisp|p2a: Sigilyph|[miss]\n|-miss|p1a: Corsola|p2a: Sigilyph\n|\n|upkeep\n|turn|16\n|\n|t:|1645715745\n|move|p2a: Sigilyph|Roost|p2a: Sigilyph\n|-heal|p2a: Sigilyph|100\/100\n|-singleturn|p2a: Sigilyph|move: Roost\n|move|p1a: Corsola|Will-O-Wisp|p2a: Sigilyph\n|-status|p2a: Sigilyph|brn\n|\n|upkeep\n|turn|17\n|\n|t:|1645715758\n|switch|p2a: Mesprit|Mesprit|54\/100\n|-activate|p2a: Mesprit|ability: Trick Room\n|move|p2a: Mesprit|Trick Room|p2a: Mesprit|[from]undefined\n|-fieldstart|move: Trick Room|[of] p2a: Mesprit\n|move|p1a: Corsola|Strength Sap|p2a: Mesprit\n|-unboost|p2a: Mesprit|atk|1\n|-heal|p1a: Corsola|100\/100\n|\n|upkeep\n|turn|18\n|\n|t:|1645715761\n|move|p2a: Mesprit|U-turn|p1a: Corsola\n|-resisted|p1a: Corsola\n|-crit|p1a: Corsola\n|-damage|p1a: Corsola|92\/100\n|\n|t:|1645715766\n|switch|p2a: Magnezone|Magnezone|100\/100|[from]move: U-turn\n|-activate|p2a: Magnezone|ability: Electric Terrain\n|move|p2a: Magnezone|Electric Terrain|p2a: Magnezone|[from]undefined\n|-fieldstart|move: Electric Terrain\n|move|p1a: Corsola|Stealth Rock|p2a: Magnezone\n|-sidestart|p2: DINOZZO ERES UN HP|move: Stealth Rock\n|\n|upkeep\n|turn|19\n|\n|t:|1645715778\n|move|p1a: Corsola|Will-O-Wisp|p2a: Magnezone\n|-status|p2a: Magnezone|brn\n|move|p2a: Magnezone|Rising Voltage|p1a: Corsola\n|-damage|p1a: Corsola|36\/100\n|\n|-damage|p2a: Magnezone|94\/100 brn|[from] brn\n|upkeep\n|turn|20\n|\n|t:|1645715785\n|move|p1a: Corsola|Strength Sap|p2a: Magnezone\n|-unboost|p2a: Magnezone|atk|1\n|-heal|p1a: Corsola|80\/100\n|move|p2a: Magnezone|Rising Voltage|p1a: Corsola\n|-damage|p1a: Corsola|25\/100\n|\n|-damage|p2a: Magnezone|88\/100 brn|[from] brn\n|upkeep\n|turn|21\n|\n|t:|1645715788\n|move|p1a: Corsola|Night Shade|p2a: Magnezone\n|-damage|p2a: Magnezone|59\/100 brn\n|move|p2a: Magnezone|Rising Voltage|p1a: Corsola\n|-damage|p1a: Corsola|0 fnt\n|faint|p1a: Corsola\n|\n|-damage|p2a: Magnezone|53\/100 brn|[from] brn\n|-fieldend|move: Trick Room\n|upkeep\n|\n|t:|1645715791\n|switch|p1a: Garchomp|Garchomp, M|13\/100\n|-activate|p1a: Garchomp|ability: Stealth Rock\n|move|p1a: Garchomp|Stealth Rock||[from]undefined|[still]\n|-fail|p1a: Garchomp\n|turn|22\n|\n|t:|1645715799\n|move|p1a: Garchomp|Earthquake|p2a: Magnezone\n|-supereffective|p2a: Magnezone\n|-crit|p2a: Magnezone\n|-damage|p2a: Magnezone|0 fnt\n|faint|p2a: Magnezone\n|\n|-heal|p1a: Garchomp|19\/100|[from] item: Leftovers\n|upkeep\n|\n|t:|1645715803\n|switch|p2a: Sigilyph|Sigilyph, F|100\/100 brn\n|turn|23\n|\n|t:|1645715806\n|move|p1a: Garchomp|Stone Edge|p2a: Sigilyph|[miss]\n|-miss|p1a: Garchomp|p2a: Sigilyph\n|move|p2a: Sigilyph|Psychic|p1a: Garchomp\n|-damage|p1a: Garchomp|0 fnt\n|faint|p1a: Garchomp\n|\n|upkeep\n|\n|t:|1645715809\n|switch|p1a: Cloyster|Cloyster, M|100\/100\n|-activate|p1a: Cloyster|ability: Shell Smash\n|move|p1a: Cloyster|Shell Smash|p1a: Cloyster|[from]undefined\n|-unboost|p1a: Cloyster|def|1\n|-unboost|p1a: Cloyster|spd|1\n|-boost|p1a: Cloyster|atk|2\n|-boost|p1a: Cloyster|spa|2\n|-boost|p1a: Cloyster|spe|2\n|-enditem|p1a: Cloyster|White Herb\n|-clearnegativeboost|p1a: Cloyster|[silent]\n|turn|24\n|\n|t:|1645715819\n|switch|p2a: Mesprit|Mesprit|54\/100\n|-damage|p2a: Mesprit|42\/100|[from] Stealth Rock\n|-activate|p2a: Mesprit|ability: Trick Room\n|move|p2a: Mesprit|Trick Room|p2a: Mesprit|[from]undefined\n|-fieldstart|move: Trick Room|[of] p2a: Mesprit\n|move|p1a: Cloyster|Rock Blast|p2a: Mesprit\n|-damage|p2a: Mesprit|32\/100\n|-damage|p2a: Mesprit|24\/100\n|-damage|p2a: Mesprit|15\/100\n|-hitcount|p2a: Mesprit|3\n|\n|upkeep\n|turn|25\n|\n|t:|1645715836\n|move|p1a: Cloyster|Ice Shard|p2a: Mesprit\n|-damage|p2a: Mesprit|0 fnt\n|faint|p2a: Mesprit\n|\n|-fieldend|move: Electric Terrain\n|upkeep\n|\n|t:|1645715838\n|switch|p2a: Dracozolt|Dracozolt, L99|100\/100\n|-damage|p2a: Dracozolt|88\/100|[from] Stealth Rock\n|-activate|p2a: Dracozolt|ability: Charge\n|move|p2a: Dracozolt|Charge|p2a: Dracozolt|[from]undefined\n|-boost|p2a: Dracozolt|spd|1\n|-activate|p2a: Dracozolt|move: Charge\n|turn|26\n|\n|t:|1645715842\n|move|p1a: Cloyster|Ice Shard|p2a: Dracozolt\n|-supereffective|p2a: Dracozolt\n|-damage|p2a: Dracozolt|18\/100\n|move|p2a: Dracozolt|Bolt Beak|p1a: Cloyster\n|-supereffective|p1a: Cloyster\n|-damage|p1a: Cloyster|0 fnt\n|faint|p1a: Cloyster\n|\n|upkeep\n|\n|t:|1645715846\n|switch|p1a: Urshifu|Urshifu-Rapid-Strike, F|3\/100\n|-activate|p1a: Urshifu|ability: Taunt\n|move|p1a: Urshifu|Taunt|p2a: Dracozolt|[from]undefined\n|-start|p2a: Dracozolt|move: Taunt\n|turn|27\n|\n|t:|1645715851\n|move|p1a: Urshifu|Aqua Jet|p2a: Dracozolt\n|-resisted|p2a: Dracozolt\n|-damage|p2a: Dracozolt|7\/100\n|move|p2a: Dracozolt|Bolt Beak|p1a: Urshifu\n|-supereffective|p1a: Urshifu\n|-damage|p1a: Urshifu|0 fnt\n|faint|p1a: Urshifu\n|\n|upkeep\n|\n|t:|1645715857\n|switch|p1a: Tapu Koko|Tapu Koko|100\/100\n|-activate|p1a: Tapu Koko|ability: Psych Up\n|move|p1a: Tapu Koko|Psych Up|p2a: Dracozolt|[from]undefined\n|-copyboost|p1a: Tapu Koko|p2a: Dracozolt|[from] move: Psych Up\n|turn|28\n|\n|t:|1645715867\n|switch|p1a: Regigigas|Regigigas|100\/100\n|-activate|p1a: Regigigas|ability: Rock Polish\n|move|p1a: Regigigas|Rock Polish|p1a: Regigigas|[from]undefined\n|-boost|p1a: Regigigas|spe|2\n|move|p2a: Dracozolt|Earthquake|p1a: Regigigas\n|-damage|p1a: Regigigas|74\/100\n|\n|-fieldend|move: Trick Room\n|upkeep\n|turn|29\n|\n|t:|1645715874\n|move|p1a: Regigigas|Knock Off|p2a: Dracozolt\n|-damage|p2a: Dracozolt|0 fnt\n|-enditem|p2a: Dracozolt|Iron Ball|[from] move: Knock Off|[of] p1a: Regigigas\n|faint|p2a: Dracozolt\n|-damage|p1a: Regigigas|64\/100|[from] item: Life Orb\n|\n|upkeep\n|\n|t:|1645715889\n|switch|p2a: Sigilyph|Sigilyph, F|100\/100 brn\n|turn|30\n|\n|t:|1645715891\n|move|p1a: Regigigas|Knock Off|p2a: Sigilyph\n|-supereffective|p2a: Sigilyph\n|-enditem|p2a: Sigilyph|Focus Sash\n|-damage|p2a: Sigilyph|1\/100 brn\n|-damage|p1a: Regigigas|54\/100|[from] item: Life Orb\n|move|p2a: Sigilyph|Defog|p1a: Regigigas\n|-unboost|p1a: Regigigas|evasion|1\n|-sideend|p2: DINOZZO ERES UN HP|Stealth Rock|[from] move: Defog|[of] p2a: Sigilyph\n|\n|upkeep\n|turn|31\n|\n|t:|1645715896\n|move|p1a: Regigigas|Knock Off|p2a: Sigilyph\n|-supereffective|p2a: Sigilyph\n|-damage|p2a: Sigilyph|0 fnt\n|faint|p2a: Sigilyph\n|-damage|p1a: Regigigas|44\/100|[from] item: Life Orb\n|\n|upkeep\n|\n|t:|1645715898\n|switch|p2a: Bisharp|Bisharp, M|6\/100\n|-activate|p2a: Bisharp|ability: Swords Dance\n|move|p2a: Bisharp|Swords Dance|p2a: Bisharp|[from]undefined\n|-boost|p2a: Bisharp|atk|2\n|turn|32\n|\n|t:|1645715901\n|switch|p1a: Tapu Koko|Tapu Koko|100\/100\n|-activate|p1a: Tapu Koko|ability: Psych Up\n|move|p1a: Tapu Koko|Psych Up|p2a: Bisharp|[from]undefined\n|-copyboost|p1a: Tapu Koko|p2a: Bisharp|[from] move: Psych Up\n|move|p2a: Bisharp|Sucker Punch||[still]\n|-fail|p2a: Bisharp\n|\n|upkeep\n|turn|33\n|\n|t:|1645715905\n|switch|p2a: Venusaur|Venusaur, F|95\/100 brn\n|-activate|p2a: Venusaur|ability: Sunny Day\n|move|p2a: Venusaur|Sunny Day|p2a: Venusaur|[from]undefined\n|-weather|SunnyDay\n|move|p1a: Tapu Koko|Volt Switch|p2a: Venusaur\n|-resisted|p2a: Venusaur\n|-damage|p2a: Venusaur|69\/100 brn\n|\n|t:|1645715907\n|switch|p1a: Regigigas|Regigigas|44\/100|[from]move: Volt Switch\n|-activate|p1a: Regigigas|ability: Rock Polish\n|move|p1a: Regigigas|Rock Polish|p1a: Regigigas|[from]undefined\n|-boost|p1a: Regigigas|spe|2\n|\n|-weather|SunnyDay|[upkeep]\n|-damage|p2a: Venusaur|63\/100 brn|[from] brn\n|upkeep\n|turn|34\n|\n|t:|1645715910\n|move|p1a: Regigigas|Heat Crash|p2a: Venusaur\n|-supereffective|p2a: Venusaur\n|-damage|p2a: Venusaur|0 fnt\n|faint|p2a: Venusaur\n|-damage|p1a: Regigigas|34\/100|[from] item: Life Orb\n|\n|-weather|SunnyDay|[upkeep]\n|upkeep\n|\n|t:|1645715912\n|switch|p2a: Bisharp|Bisharp, M|6\/100\n|-activate|p2a: Bisharp|ability: Swords Dance\n|move|p2a: Bisharp|Swords Dance|p2a: Bisharp|[from]undefined\n|-boost|p2a: Bisharp|atk|2\n|turn|35\n|\n|t:|1645715915\n|move|p1a: Regigigas|Earthquake|p2a: Bisharp\n|-supereffective|p2a: Bisharp\n|-damage|p2a: Bisharp|0 fnt\n|faint|p2a: Bisharp\n|-damage|p1a: Regigigas|24\/100|[from] item: Life Orb\n|\n|win|Hikari-miyako\n|raw|Hikari-miyako's rating: 1191 &rarr; <strong>1224<\/strong><br \/>(+33 for winning)\n|raw|DINOZZO ERES UN HP's rating: 1305 &rarr; <strong>1279<\/strong><br \/>(-26 for losing)\n|l|\u2606Hikari-miyako\n|c|\u2606DINOZZO ERES UN HP|Gg\n","uploadtime":1645715926,"views":8,"p1id":"hikarimiyako","p2id":"dinozzoeresunhp","formatid":"gen8trademarked","rating":1224,"private":0,"password":null}