{"id":"gen8randombattle-1268476535","p1":"The RealAndrash","p2":"TehranTyphlosions","format":"gen8randombattle","log":"|j|\u2606The RealAndrash\n|j|\u2606TehranTyphlosions\n|t:|1611475468\n|player|p1|The RealAndrash|guzma|1720\n|player|p2|TehranTyphlosions|clair|1721\n|teamsize|p1|6\n|teamsize|p2|6\n|gametype|singles\n|gen|8\n|tier|[Gen 8] Random Battle\n|rated|\n|rule|Species Clause: Limit one of each Pok\u00e9mon\n|rule|HP Percentage Mod: HP is shown in percentages\n|rule|Sleep Clause Mod: Limit one foe put to sleep\n|\n|t:|1611475468\n|start\n|switch|p1a: Thundurus|Thundurus, L82, M|263\/263\n|switch|p2a: Magearna|Magearna, L76|247\/247\n|turn|1\n|c|\u2606The RealAndrash|good luck\n|\n|t:|1611475477\n|move|p1a: Thundurus|Knock Off|p2a: Magearna\n|-resisted|p2a: Magearna\n|-damage|p2a: Magearna|216\/247\n|-enditem|p2a: Magearna|Choice Specs|[from] move: Knock Off|[of] p1a: Thundurus\n|move|p2a: Magearna|Fleur Cannon|p1a: Thundurus\n|-damage|p1a: Thundurus|113\/263\n|-unboost|p2a: Magearna|spa|2\n|\n|upkeep\n|turn|2\n|inactive|Battle timer is ON: inactive players will automatically lose when time's up. (requested by The RealAndrash)\n|c|\u2606TehranTyphlosions|u2\n|\n|t:|1611475487\n|move|p1a: Thundurus|Superpower|p2a: Magearna\n|-damage|p2a: Magearna|136\/247\n|-unboost|p1a: Thundurus|atk|1\n|-unboost|p1a: Thundurus|def|1\n|move|p2a: Magearna|Fleur Cannon|p1a: Thundurus\n|-damage|p1a: Thundurus|34\/263\n|-unboost|p2a: Magearna|spa|2\n|\n|upkeep\n|turn|3\n|\n|t:|1611475500\n|switch|p1a: Sylveon|Sylveon, L86, F|304\/304\n|switch|p2a: Entei|Entei, L82|323\/323\n|\n|upkeep\n|turn|4\n|\n|t:|1611475507\n|move|p1a: Sylveon|Protect|p1a: Sylveon\n|-singleturn|p1a: Sylveon|Protect\n|move|p2a: Entei|Flare Blitz|p1a: Sylveon\n|-activate|p1a: Sylveon|move: Protect\n|\n|upkeep\n|turn|5\n|\n|t:|1611475512\n|switch|p1a: Thundurus|Thundurus, L82, M|34\/263\n|move|p2a: Entei|Flare Blitz|p1a: Thundurus\n|-crit|p1a: Thundurus\n|-damage|p1a: Thundurus|0 fnt\n|-damage|p2a: Entei|312\/323|[from] Recoil\n|faint|p1a: Thundurus\n|\n|upkeep\n|\n|t:|1611475515\n|switch|p1a: Terrakion|Terrakion, L80|277\/277\n|turn|6\n|\n|t:|1611475519\n|switch|p2a: Hitmonchan|Hitmonchan, L88, M|231\/231\n|move|p1a: Terrakion|Swords Dance|p1a: Terrakion\n|-boost|p1a: Terrakion|atk|2\n|\n|upkeep\n|turn|7\n|\n|t:|1611475526\n|-start|p1a: Terrakion|Dynamax\n|-heal|p1a: Terrakion|554\/554|[silent]\n|move|p1a: Terrakion|Max Rockfall|p2a: Hitmonchan\n|-resisted|p2a: Hitmonchan\n|-damage|p2a: Hitmonchan|30\/231\n|-weather|Sandstorm\n|-damage|p1a: Terrakion|527\/554|[from] item: Life Orb\n|move|p2a: Hitmonchan|Rapid Spin|p1a: Terrakion\n|-resisted|p1a: Terrakion\n|-damage|p1a: Terrakion|507\/554\n|-boost|p2a: Hitmonchan|spe|1\n|\n|-weather|Sandstorm|[upkeep]\n|-damage|p2a: Hitmonchan|16\/231|[from] Sandstorm\n|-heal|p2a: Hitmonchan|30\/231|[from] item: Leftovers\n|upkeep\n|turn|8\n|\n|t:|1611475531\n|move|p2a: Hitmonchan|Drain Punch|p1a: Terrakion\n|-supereffective|p1a: Terrakion\n|-damage|p1a: Terrakion|277\/554\n|-heal|p2a: Hitmonchan|145\/231|[from] drain|[of] p1a: Terrakion\n|move|p1a: Terrakion|Max Knuckle|p2a: Hitmonchan\n|-damage|p2a: Hitmonchan|0 fnt\n|-boost|p1a: Terrakion|atk|1\n|-damage|p1a: Terrakion|250\/554|[from] item: Life Orb\n|faint|p2a: Hitmonchan\n|\n|-weather|Sandstorm|[upkeep]\n|upkeep\n|\n|t:|1611475543\n|switch|p2a: Zekrom|Zekrom, L72|263\/263\n|-ability|p2a: Zekrom|Teravolt\n|turn|9\n|\n|t:|1611475545\n|switch|p2a: Mantine|Mantine, L86, M|286\/286\n|move|p1a: Terrakion|Max Quake|p2a: Mantine\n|-immune|p2a: Mantine\n|\n|-weather|Sandstorm|[upkeep]\n|-damage|p2a: Mantine|269\/286|[from] Sandstorm\n|-end|p1a: Terrakion|Dynamax\n|-heal|p1a: Terrakion|125\/277|[silent]\n|upkeep\n|turn|10\n|\n|t:|1611475550\n|move|p1a: Terrakion|Stone Edge|p2a: Mantine\n|-supereffective|p2a: Mantine\n|-damage|p2a: Mantine|0 fnt\n|-damage|p1a: Terrakion|98\/277|[from] item: Life Orb\n|faint|p2a: Mantine\n|\n|-weather|Sandstorm|[upkeep]\n|upkeep\n|\n|t:|1611475578\n|switch|p2a: Sigilyph|Sigilyph, L84, M|258\/258\n|turn|11\n|\n|t:|1611475581\n|-start|p2a: Sigilyph|Dynamax\n|-heal|p2a: Sigilyph|516\/516|[silent]\n|move|p1a: Terrakion|Stone Edge|p2a: Sigilyph\n|-supereffective|p2a: Sigilyph\n|-crit|p2a: Sigilyph\n|-damage|p2a: Sigilyph|0 fnt\n|-damage|p1a: Terrakion|71\/277|[from] item: Life Orb\n|faint|p2a: Sigilyph\n|\n|-weather|none\n|upkeep\n|\n|t:|1611475584\n|switch|p2a: Entei|Entei, L82|312\/323\n|turn|12\n|\n|t:|1611475586\n|move|p1a: Terrakion|Earthquake|p2a: Entei\n|-supereffective|p2a: Entei\n|-damage|p2a: Entei|0 fnt\n|-damage|p1a: Terrakion|44\/277|[from] item: Life Orb\n|faint|p2a: Entei\n|\n|upkeep\n|\n|t:|1611475589\n|switch|p2a: Magearna|Magearna, L76|136\/247\n|turn|13\n|c|\u2606The RealAndrash|gg\n|\n|t:|1611475592\n|move|p1a: Terrakion|Earthquake|p2a: Magearna\n|-supereffective|p2a: Magearna\n|-damage|p2a: Magearna|0 fnt\n|-damage|p1a: Terrakion|17\/277|[from] item: Life Orb\n|faint|p2a: Magearna\n|\n|upkeep\n|-message|TehranTyphlosions forfeited.\n|\n|win|The RealAndrash\n|l|\u2606TehranTyphlosions\n|raw|The RealAndrash's rating: 1720 &rarr; <strong>1740<\/strong><br \/>(+20 for winning)\n|raw|TehranTyphlosions's rating: 1721 &rarr; <strong>1701<\/strong><br \/>(-20 for losing)\n","inputlog":">version b737c5a7283f036d6e589073c2d8c102ab4beaa4\n>start {\"formatid\":\"gen8randombattle\",\"seed\":[19547,50117,8763,55622],\"rated\":\"Rated battle\"}\n>player p1 {\"name\":\"The RealAndrash\",\"avatar\":\"guzma\",\"team\":\"\",\"rating\":1720,\"seed\":[28109,5471,8401,36095]}\n>player p2 {\"name\":\"TehranTyphlosions\",\"avatar\":\"clair\",\"team\":\"\",\"rating\":1721,\"seed\":[49583,55638,45584,5248]}\n>chat \u2606The RealAndrash|good luck\n>p1 move knockoff\n>p2 move fleurcannon\n>chat \u2606TehranTyphlosions|u2\n>p1 move superpower\n>p2 move fleurcannon\n>p1 switch 4\n>p2 switch 3\n>p1 move protect\n>p2 move flareblitz\n>p1 switch 4\n>p2 move flareblitz\n>p1 switch 3\n>p1 move swordsdance\n>p2 switch 4\n>p1 move stoneedge dynamax\n>p2 move rapidspin\n>p1 move closecombat dynamax\n>p2 move drainpunch\n>p2 switch 2\n>p1 move earthquake dynamax\n>p2 switch 6\n>p1 move stoneedge\n>p2 move scald\n>p2 switch 5\n>p1 move stoneedge\n>p2 move psychic dynamax\n>p2 switch 4\n>p1 move earthquake\n>p2 move stompingtantrum\n>p2 switch 3\n>chat \u2606The RealAndrash|gg\n>p1 move earthquake\n>p2 move flashcannon","uploadtime":1611475617,"views":4,"p1id":"therealandrash","p2id":"tehrantyphlosions","formatid":"gen8randombattle","rating":1701,"private":0,"password":null}