{"id":"gen8bdspnu-1631625271","p1":"Rogue98","p2":"Ill Leave","format":"gen8bdspnu","log":"|j|\u2606Rogue98\n|j|\u2606Ill Leave\n|inactive|Battle timer is ON: inactive players will automatically lose when time's up.\n|t:|1659561542\n|gametype|singles\n|player|p1|Rogue98|cynthia-gen4|\n|player|p2|Ill Leave|2|\n|teamsize|p1|6\n|teamsize|p2|6\n|gen|8\n|tier|[Gen 8 BDSP] NU\n|rated|Tournament battle\n|rule|Sleep Clause Mod: Limit one foe put to sleep\n|rule|Species Clause: Limit one of each Pok\u00e9mon\n|rule|OHKO Clause: OHKO moves are banned\n|rule|Evasion Moves Clause: Evasion moves are banned\n|rule|Endless Battle Clause: Forcing endless battles is banned\n|rule|HP Percentage Mod: HP is shown in percentages\n|clearpoke\n|poke|p1|Electivire, M|\n|poke|p1|Toxicroak, F|\n|poke|p1|Cradily, F|\n|poke|p1|Drifblim, F|\n|poke|p1|Typhlosion, F|\n|poke|p1|Mesprit|\n|poke|p2|Weezing, F|\n|poke|p2|Skuntank, M|\n|poke|p2|Abomasnow, F|\n|poke|p2|Sandslash, M|\n|poke|p2|Lanturn, F|\n|poke|p2|Dusknoir, M|\n|teampreview\n|j| joey milktank\n|\n|t:|1659561566\n|start\n|switch|p1a: Toxicroak|Toxicroak, F|100\/100\n|switch|p2a: Sandslash|Sandslash, M|100\/100\n|turn|1\n|\n|t:|1659561576\n|switch|p1a: Drifblim|Drifblim, F|100\/100\n|move|p2a: Sandslash|Stealth Rock|p1a: Drifblim\n|-sidestart|p1: Rogue98|move: Stealth Rock\n|\n|upkeep\n|turn|2\n|\n|t:|1659561580\n|switch|p2a: Abomasnow|Abomasnow, F|100\/100\n|-weather|Hail|[from] ability: Snow Warning|[of] p2a: Abomasnow\n|move|p1a: Drifblim|Will-O-Wisp|p2a: Abomasnow\n|-status|p2a: Abomasnow|brn\n|\n|-weather|Hail|[upkeep]\n|-damage|p1a: Drifblim|94\/100|[from] Hail\n|-damage|p2a: Abomasnow|94\/100 brn|[from] brn\n|upkeep\n|turn|3\n|\n|t:|1659561588\n|move|p1a: Drifblim|Hex|p2a: Abomasnow\n|-damage|p2a: Abomasnow|63\/100 brn\n|move|p2a: Abomasnow|Blizzard|p1a: Drifblim\n|-supereffective|p1a: Drifblim\n|-damage|p1a: Drifblim|43\/100\n|-enditem|p1a: Drifblim|Sitrus Berry|[eat]\n|-heal|p1a: Drifblim|68\/100|[from] item: Sitrus Berry\n|\n|-weather|Hail|[upkeep]\n|-damage|p1a: Drifblim|62\/100|[from] Hail\n|-heal|p2a: Abomasnow|69\/100 brn|[from] item: Leftovers\n|-damage|p2a: Abomasnow|63\/100 brn|[from] brn\n|upkeep\n|turn|4\n|\n|t:|1659561595\n|move|p1a: Drifblim|Recycle|p1a: Drifblim\n|-item|p1a: Drifblim|Sitrus Berry|[from] move: Recycle\n|move|p2a: Abomasnow|Blizzard|p1a: Drifblim\n|-supereffective|p1a: Drifblim\n|-damage|p1a: Drifblim|13\/100\n|-enditem|p1a: Drifblim|Sitrus Berry|[eat]\n|-heal|p1a: Drifblim|38\/100|[from] item: Sitrus Berry\n|\n|-weather|Hail|[upkeep]\n|-damage|p1a: Drifblim|32\/100|[from] Hail\n|-heal|p2a: Abomasnow|69\/100 brn|[from] item: Leftovers\n|-damage|p2a: Abomasnow|63\/100 brn|[from] brn\n|upkeep\n|turn|5\n|\n|t:|1659561602\n|move|p1a: Drifblim|Hex|p2a: Abomasnow\n|-crit|p2a: Abomasnow\n|-damage|p2a: Abomasnow|20\/100 brn\n|move|p2a: Abomasnow|Blizzard|p1a: Drifblim\n|-supereffective|p1a: Drifblim\n|-damage|p1a: Drifblim|0 fnt\n|faint|p1a: Drifblim\n|\n|-weather|Hail|[upkeep]\n|-heal|p2a: Abomasnow|26\/100 brn|[from] item: Leftovers\n|-damage|p2a: Abomasnow|20\/100 brn|[from] brn\n|upkeep\n|\n|t:|1659561610\n|switch|p1a: Mesprit|Mesprit|100\/100\n|-damage|p1a: Mesprit|88\/100|[from] Stealth Rock\n|turn|6\n|\n|t:|1659561615\n|switch|p2a: Skuntank|Skuntank, M|100\/100\n|move|p1a: Mesprit|Light Screen|p1a: Mesprit\n|-sidestart|p1: Rogue98|move: Light Screen\n|\n|-weather|none\n|upkeep\n|turn|7\n|\n|t:|1659561619\n|move|p2a: Skuntank|Acid Spray|p1a: Mesprit\n|-damage|p1a: Mesprit|83\/100\n|-unboost|p1a: Mesprit|spd|2\n|move|p1a: Mesprit|Reflect|p1a: Mesprit\n|-sidestart|p1: Rogue98|Reflect\n|\n|upkeep\n|turn|8\n|\n|t:|1659561623\n|move|p2a: Skuntank|Toxic|p1a: Mesprit\n|-status|p1a: Mesprit|tox\n|move|p1a: Mesprit|Stealth Rock|p2a: Skuntank\n|-sidestart|p2: Ill Leave|move: Stealth Rock\n|\n|-damage|p1a: Mesprit|77\/100 tox|[from] psn\n|upkeep\n|turn|9\n|\n|t:|1659561630\n|switch|p1a: Toxicroak|Toxicroak, F|100\/100\n|-damage|p1a: Toxicroak|94\/100|[from] Stealth Rock\n|move|p2a: Skuntank|Dark Pulse|p1a: Toxicroak\n|-resisted|p1a: Toxicroak\n|-damage|p1a: Toxicroak|86\/100\n|\n|-heal|p1a: Toxicroak|93\/100|[from] item: Black Sludge\n|upkeep\n|turn|10\n|\n|t:|1659561636\n|switch|p2a: Sandslash|Sandslash, M|100\/100\n|-damage|p2a: Sandslash|94\/100|[from] Stealth Rock\n|move|p1a: Toxicroak|Swords Dance|p1a: Toxicroak\n|-boost|p1a: Toxicroak|atk|2\n|\n|-heal|p1a: Toxicroak|99\/100|[from] item: Black Sludge\n|-heal|p2a: Sandslash|100\/100|[from] item: Leftovers\n|upkeep\n|turn|11\n|\n|t:|1659561641\n|move|p1a: Toxicroak|Substitute|p1a: Toxicroak\n|-start|p1a: Toxicroak|Substitute\n|-damage|p1a: Toxicroak|74\/100\n|move|p2a: Sandslash|Rapid Spin|p1a: Toxicroak\n|-activate|p1a: Toxicroak|move: Substitute|[damage]\n|-sideend|p2: Ill Leave|Stealth Rock|[from] move: Rapid Spin|[of] p2a: Sandslash\n|-boost|p2a: Sandslash|spe|1\n|\n|-heal|p1a: Toxicroak|80\/100|[from] item: Black Sludge\n|upkeep\n|turn|12\n|\n|t:|1659561648\n|move|p2a: Sandslash|Earthquake|p1a: Toxicroak\n|-supereffective|p1a: Toxicroak\n|-end|p1a: Toxicroak|Substitute\n|move|p1a: Toxicroak|Poison Jab|p2a: Sandslash\n|-resisted|p2a: Sandslash\n|-damage|p2a: Sandslash|71\/100\n|\n|-heal|p2a: Sandslash|77\/100|[from] item: Leftovers\n|-heal|p1a: Toxicroak|86\/100|[from] item: Black Sludge\n|upkeep\n|turn|13\n|\n|t:|1659561656\n|switch|p1a: Mesprit|Mesprit|77\/100 tox\n|-damage|p1a: Mesprit|65\/100 tox|[from] Stealth Rock\n|move|p2a: Sandslash|Earthquake|p1a: Mesprit\n|-immune|p1a: Mesprit|[from] ability: Levitate\n|\n|-heal|p2a: Sandslash|83\/100|[from] item: Leftovers\n|-damage|p1a: Mesprit|59\/100 tox|[from] psn\n|-sideend|p1: Rogue98|move: Light Screen\n|upkeep\n|turn|14\n|\n|t:|1659561662\n|move|p2a: Sandslash|Rapid Spin|p1a: Mesprit\n|-damage|p1a: Mesprit|55\/100 tox\n|-boost|p2a: Sandslash|spe|1\n|move|p1a: Mesprit|Dazzling Gleam|p2a: Sandslash\n|-damage|p2a: Sandslash|51\/100\n|\n|-heal|p2a: Sandslash|57\/100|[from] item: Leftovers\n|-damage|p1a: Mesprit|43\/100 tox|[from] psn\n|-sideend|p1: Rogue98|Reflect\n|upkeep\n|turn|15\n|\n|t:|1659561669\n|switch|p2a: Weezing|Weezing, F|100\/100\n|move|p1a: Mesprit|Reflect|p1a: Mesprit\n|-sidestart|p1: Rogue98|Reflect\n|\n|-damage|p1a: Mesprit|25\/100 tox|[from] psn\n|upkeep\n|turn|16\n|\n|t:|1659561686\n|move|p1a: Mesprit|Stealth Rock|p2a: Weezing\n|-sidestart|p2: Ill Leave|move: Stealth Rock\n|move|p2a: Weezing|Toxic Spikes|p1a: Mesprit\n|-sidestart|p1: Rogue98|move: Toxic Spikes\n|\n|-damage|p1a: Mesprit|1\/100 tox|[from] psn\n|upkeep\n|turn|17\n|\n|t:|1659561690\n|move|p1a: Mesprit|Light Screen|p1a: Mesprit\n|-sidestart|p1: Rogue98|move: Light Screen\n|move|p2a: Weezing|Will-O-Wisp||[still]\n|-fail|p2a: Weezing\n|\n|-damage|p1a: Mesprit|0 fnt|[from] psn\n|faint|p1a: Mesprit\n|upkeep\n|\n|t:|1659561696\n|switch|p1a: Cradily|Cradily, F|100\/100\n|-damage|p1a: Cradily|88\/100|[from] Stealth Rock\n|-status|p1a: Cradily|psn\n|turn|18\n|inactive|Ill Leave has 120 seconds left.\n|\n|t:|1659561743\n|switch|p2a: Skuntank|Skuntank, M|100\/100\n|-damage|p2a: Skuntank|88\/100|[from] Stealth Rock\n|move|p1a: Cradily|Leech Seed|p2a: Skuntank\n|-start|p2a: Skuntank|move: Leech Seed\n|\n|-heal|p2a: Skuntank|94\/100|[from] item: Black Sludge\n|-heal|p1a: Cradily|94\/100 psn|[from] item: Leftovers\n|-damage|p2a: Skuntank|82\/100|[from] Leech Seed|[of] p1a: Cradily\n|-heal|p1a: Cradily|100\/100 psn|[silent]\n|-damage|p1a: Cradily|88\/100 psn|[from] psn\n|upkeep\n|turn|19\n|j|+Krook\u2764King\n|\n|t:|1659561756\n|move|p2a: Skuntank|Acid Spray|p1a: Cradily\n|-damage|p1a: Cradily|85\/100 psn\n|-unboost|p1a: Cradily|spd|2\n|move|p1a: Cradily|Ancient Power|p2a: Skuntank\n|-damage|p2a: Skuntank|58\/100\n|\n|-heal|p2a: Skuntank|64\/100|[from] item: Black Sludge\n|-heal|p1a: Cradily|91\/100 psn|[from] item: Leftovers\n|-damage|p2a: Skuntank|52\/100|[from] Leech Seed|[of] p1a: Cradily\n|-heal|p1a: Cradily|100\/100 psn|[silent]\n|-damage|p1a: Cradily|88\/100 psn|[from] psn\n|upkeep\n|turn|20\n|inactive|Ill Leave has 120 seconds left.\n|\n|t:|1659561764\n|switch|p1a: Toxicroak|Toxicroak, F|86\/100\n|-damage|p1a: Toxicroak|80\/100|[from] Stealth Rock\n|-sideend|p1: Rogue98|move: Toxic Spikes|[of] p1a: Toxicroak\n|move|p2a: Skuntank|Dark Pulse|p1a: Toxicroak\n|-resisted|p1a: Toxicroak\n|-damage|p1a: Toxicroak|72\/100\n|\n|-heal|p1a: Toxicroak|78\/100|[from] item: Black Sludge\n|-heal|p2a: Skuntank|58\/100|[from] item: Black Sludge\n|-damage|p2a: Skuntank|45\/100|[from] Leech Seed|[of] p1a: Toxicroak\n|-heal|p1a: Toxicroak|95\/100|[silent]\n|upkeep\n|turn|21\n|\n|t:|1659561769\n|switch|p2a: Sandslash|Sandslash, M|57\/100\n|-damage|p2a: Sandslash|51\/100|[from] Stealth Rock\n|move|p1a: Toxicroak|Substitute|p1a: Toxicroak\n|-start|p1a: Toxicroak|Substitute\n|-damage|p1a: Toxicroak|70\/100\n|\n|-heal|p1a: Toxicroak|76\/100|[from] item: Black Sludge\n|-heal|p2a: Sandslash|57\/100|[from] item: Leftovers\n|upkeep\n|turn|22\n|\n|t:|1659561775\n|move|p1a: Toxicroak|Swords Dance|p1a: Toxicroak\n|-boost|p1a: Toxicroak|atk|2\n|move|p2a: Sandslash|Earthquake|p1a: Toxicroak\n|-supereffective|p1a: Toxicroak\n|-end|p1a: Toxicroak|Substitute\n|\n|-heal|p1a: Toxicroak|83\/100|[from] item: Black Sludge\n|-heal|p2a: Sandslash|63\/100|[from] item: Leftovers\n|-sideend|p1: Rogue98|Reflect\n|upkeep\n|turn|23\n|\n|t:|1659561784\n|switch|p1a: Cradily|Cradily, F|88\/100 psn\n|-damage|p1a: Cradily|75\/100 psn|[from] Stealth Rock\n|move|p2a: Sandslash|Earthquake|p1a: Cradily\n|-damage|p1a: Cradily|40\/100 psn\n|\n|-heal|p2a: Sandslash|70\/100|[from] item: Leftovers\n|-heal|p1a: Cradily|46\/100 psn|[from] item: Leftovers\n|-damage|p1a: Cradily|33\/100 psn|[from] psn\n|upkeep\n|turn|24\n|\n|t:|1659561788\n|move|p2a: Sandslash|Rapid Spin|p1a: Cradily\n|-resisted|p1a: Cradily\n|-damage|p1a: Cradily|28\/100 psn\n|-boost|p2a: Sandslash|spe|1\n|-sideend|p2: Ill Leave|Stealth Rock|[from] move: Rapid Spin|[of] p2a: Sandslash\n|move|p1a: Cradily|Leech Seed|p2a: Sandslash\n|-start|p2a: Sandslash|move: Leech Seed\n|\n|-heal|p2a: Sandslash|76\/100|[from] item: Leftovers\n|-heal|p1a: Cradily|34\/100 psn|[from] item: Leftovers\n|-damage|p2a: Sandslash|63\/100|[from] Leech Seed|[of] p1a: Cradily\n|-heal|p1a: Cradily|46\/100 psn|[silent]\n|-damage|p1a: Cradily|33\/100 psn|[from] psn\n|-sideend|p1: Rogue98|move: Light Screen\n|upkeep\n|turn|25\n|l|+Krook\u2764King\n|\n|t:|1659561794\n|move|p2a: Sandslash|Rapid Spin|p1a: Cradily\n|-resisted|p1a: Cradily\n|-damage|p1a: Cradily|28\/100 psn\n|-boost|p2a: Sandslash|spe|1\n|-end|p2a: Sandslash|Leech Seed|[from] move: Rapid Spin|[of] p2a: Sandslash\n|move|p1a: Cradily|Giga Drain|p2a: Sandslash\n|-supereffective|p2a: Sandslash\n|-damage|p2a: Sandslash|1\/100\n|-heal|p1a: Cradily|57\/100 psn|[from] drain|[of] p2a: Sandslash\n|\n|-heal|p2a: Sandslash|7\/100|[from] item: Leftovers\n|-heal|p1a: Cradily|63\/100 psn|[from] item: Leftovers\n|-damage|p1a: Cradily|51\/100 psn|[from] psn\n|upkeep\n|turn|26\n|\n|t:|1659561803\n|switch|p2a: Skuntank|Skuntank, M|45\/100\n|move|p1a: Cradily|Giga Drain|p2a: Skuntank\n|-resisted|p2a: Skuntank\n|-crit|p2a: Skuntank\n|-damage|p2a: Skuntank|26\/100\n|-heal|p1a: Cradily|62\/100 psn|[from] drain|[of] p2a: Skuntank\n|\n|-heal|p2a: Skuntank|32\/100|[from] item: Black Sludge\n|-heal|p1a: Cradily|68\/100 psn|[from] item: Leftovers\n|-damage|p1a: Cradily|55\/100 psn|[from] psn\n|upkeep\n|turn|27\n|\n|t:|1659561808\n|move|p2a: Skuntank|Rest|p2a: Skuntank\n|-status|p2a: Skuntank|slp|[from] move: Rest\n|-heal|p2a: Skuntank|100\/100 slp|[silent]\n|move|p1a: Cradily|Leech Seed|p2a: Skuntank\n|-start|p2a: Skuntank|move: Leech Seed\n|\n|-heal|p1a: Cradily|61\/100 psn|[from] item: Leftovers\n|-damage|p2a: Skuntank|88\/100 slp|[from] Leech Seed|[of] p1a: Cradily\n|-heal|p1a: Cradily|75\/100 psn|[silent]\n|-damage|p1a: Cradily|62\/100 psn|[from] psn\n|upkeep\n|turn|28\n|\n|t:|1659561814\n|switch|p2a: Dusknoir|Dusknoir, M|100\/100\n|-ability|p2a: Dusknoir|Pressure\n|switch|p1a: Toxicroak|Toxicroak, F|83\/100\n|-damage|p1a: Toxicroak|76\/100|[from] Stealth Rock\n|\n|-heal|p1a: Toxicroak|83\/100|[from] item: Black Sludge\n|upkeep\n|turn|29\n|\n|t:|1659561820\n|move|p1a: Toxicroak|Substitute|p1a: Toxicroak\n|-start|p1a: Toxicroak|Substitute\n|-damage|p1a: Toxicroak|58\/100\n|move|p2a: Dusknoir|Calm Mind|p2a: Dusknoir\n|-boost|p2a: Dusknoir|spa|1\n|-boost|p2a: Dusknoir|spd|1\n|\n|-heal|p1a: Toxicroak|64\/100|[from] item: Black Sludge\n|upkeep\n|turn|30\n|\n|t:|1659561825\n|move|p1a: Toxicroak|Swords Dance|p1a: Toxicroak\n|-boost|p1a: Toxicroak|atk|2\n|move|p2a: Dusknoir|Hex|p1a: Toxicroak\n|-end|p1a: Toxicroak|Substitute\n|\n|-heal|p1a: Toxicroak|70\/100|[from] item: Black Sludge\n|upkeep\n|turn|31\n|\n|t:|1659561829\n|move|p1a: Toxicroak|Substitute|p1a: Toxicroak\n|-start|p1a: Toxicroak|Substitute\n|-damage|p1a: Toxicroak|45\/100\n|move|p2a: Dusknoir|Hex|p1a: Toxicroak\n|-end|p1a: Toxicroak|Substitute\n|\n|-heal|p1a: Toxicroak|52\/100|[from] item: Black Sludge\n|upkeep\n|turn|32\n|\n|t:|1659561832\n|move|p1a: Toxicroak|Poison Jab|p2a: Dusknoir\n|-resisted|p2a: Dusknoir\n|-damage|p2a: Dusknoir|75\/100\n|move|p2a: Dusknoir|Hex|p1a: Toxicroak\n|-damage|p1a: Toxicroak|16\/100\n|\n|-heal|p1a: Toxicroak|22\/100|[from] item: Black Sludge\n|-heal|p2a: Dusknoir|81\/100|[from] item: Leftovers\n|upkeep\n|turn|33\n|\n|t:|1659561843\n|switch|p1a: Electivire|Electivire, M|100\/100\n|-damage|p1a: Electivire|88\/100|[from] Stealth Rock\n|move|p2a: Dusknoir|Hex|p1a: Electivire\n|-damage|p1a: Electivire|54\/100\n|\n|-heal|p2a: Dusknoir|87\/100|[from] item: Leftovers\n|upkeep\n|turn|34\n|\n|t:|1659561847\n|move|p1a: Electivire|Thunder Punch|p2a: Dusknoir\n|-damage|p2a: Dusknoir|57\/100\n|-status|p2a: Dusknoir|par\n|move|p2a: Dusknoir|Hex|p1a: Electivire\n|-damage|p1a: Electivire|21\/100\n|\n|-heal|p2a: Dusknoir|63\/100 par|[from] item: Leftovers\n|upkeep\n|turn|35\n|\n|t:|1659561855\n|move|p1a: Electivire|Thunder Punch|p2a: Dusknoir\n|-damage|p2a: Dusknoir|36\/100 par\n|cant|p2a: Dusknoir|par\n|\n|-heal|p2a: Dusknoir|42\/100 par|[from] item: Leftovers\n|upkeep\n|turn|36\n|\n|t:|1659561863\n|move|p1a: Electivire|Thunder Punch|p2a: Dusknoir\n|-damage|p2a: Dusknoir|14\/100 par\n|move|p2a: Dusknoir|Rest|p2a: Dusknoir\n|-status|p2a: Dusknoir|slp|[from] move: Rest\n|-heal|p2a: Dusknoir|100\/100 slp|[silent]\n|\n|upkeep\n|turn|37\n|\n|t:|1659561869\n|switch|p1a: Toxicroak|Toxicroak, F|22\/100\n|-damage|p1a: Toxicroak|16\/100|[from] Stealth Rock\n|cant|p2a: Dusknoir|slp\n|move|p2a: Dusknoir|Sleep Talk|p2a: Dusknoir\n|move|p2a: Dusknoir|Rest||[from]move: Sleep Talk|[still]\n|-fail|p2a: Dusknoir\n|\n|-heal|p1a: Toxicroak|22\/100|[from] item: Black Sludge\n|upkeep\n|turn|38\n|\n|t:|1659561876\n|move|p1a: Toxicroak|Substitute|p1a: Toxicroak\n|-fail|p1a: Toxicroak|move: Substitute|[weak]\n|cant|p2a: Dusknoir|slp\n|move|p2a: Dusknoir|Sleep Talk|p2a: Dusknoir\n|move|p2a: Dusknoir|Calm Mind|p2a: Dusknoir|[from]move: Sleep Talk\n|-boost|p2a: Dusknoir|spa|1\n|-boost|p2a: Dusknoir|spd|1\n|\n|-heal|p1a: Toxicroak|29\/100|[from] item: Black Sludge\n|upkeep\n|turn|39\n|\n|t:|1659561880\n|move|p1a: Toxicroak|Substitute|p1a: Toxicroak\n|-start|p1a: Toxicroak|Substitute\n|-damage|p1a: Toxicroak|4\/100\n|-curestatus|p2a: Dusknoir|slp|[msg]\n|move|p2a: Dusknoir|Hex|p1a: Toxicroak\n|-end|p1a: Toxicroak|Substitute\n|\n|-heal|p1a: Toxicroak|10\/100|[from] item: Black Sludge\n|upkeep\n|turn|40\n|\n|t:|1659561887\n|move|p1a: Toxicroak|Poison Jab|p2a: Dusknoir\n|-resisted|p2a: Dusknoir\n|-damage|p2a: Dusknoir|89\/100\n|move|p2a: Dusknoir|Hex|p1a: Toxicroak\n|-damage|p1a: Toxicroak|0 fnt\n|faint|p1a: Toxicroak\n|\n|-heal|p2a: Dusknoir|95\/100|[from] item: Leftovers\n|upkeep\n|\n|t:|1659561897\n|switch|p1a: Cradily|Cradily, F|62\/100 psn\n|-damage|p1a: Cradily|50\/100 psn|[from] Stealth Rock\n|turn|41\n|\n|t:|1659561901\n|move|p2a: Dusknoir|Hex|p1a: Cradily\n|-damage|p1a: Cradily|8\/100 psn\n|move|p1a: Cradily|Leech Seed|p2a: Dusknoir\n|-start|p2a: Dusknoir|move: Leech Seed\n|\n|-heal|p2a: Dusknoir|100\/100|[from] item: Leftovers\n|-heal|p1a: Cradily|15\/100 psn|[from] item: Leftovers\n|-damage|p2a: Dusknoir|88\/100|[from] Leech Seed|[of] p1a: Cradily\n|-heal|p1a: Cradily|24\/100 psn|[silent]\n|-damage|p1a: Cradily|12\/100 psn|[from] psn\n|upkeep\n|turn|42\n|\n|t:|1659561910\n|move|p2a: Dusknoir|Hex|p1a: Cradily\n|-damage|p1a: Cradily|0 fnt\n|faint|p1a: Cradily\n|\n|-heal|p2a: Dusknoir|94\/100|[from] item: Leftovers\n|upkeep\n|\n|t:|1659561914\n|switch|p1a: Electivire|Electivire, M|21\/100\n|-damage|p1a: Electivire|8\/100|[from] Stealth Rock\n|turn|43\n|\n|t:|1659561918\n|move|p1a: Electivire|Thunder Punch|p2a: Dusknoir\n|-damage|p2a: Dusknoir|65\/100\n|move|p2a: Dusknoir|Hex|p1a: Electivire\n|-damage|p1a: Electivire|0 fnt\n|faint|p1a: Electivire\n|\n|-heal|p2a: Dusknoir|71\/100|[from] item: Leftovers\n|upkeep\n|\n|t:|1659561923\n|switch|p1a: Typhlosion|Typhlosion, F|100\/100\n|-damage|p1a: Typhlosion|76\/100|[from] Stealth Rock\n|turn|44\n|\n|t:|1659561928\n|move|p1a: Typhlosion|Eruption|p2a: Dusknoir\n|-damage|p2a: Dusknoir|47\/100\n|move|p2a: Dusknoir|Rest|p2a: Dusknoir\n|-status|p2a: Dusknoir|slp|[from] move: Rest\n|-heal|p2a: Dusknoir|100\/100 slp|[silent]\n|\n|-damage|p2a: Dusknoir|88\/100 slp|[from] Leech Seed|[of] p1a: Typhlosion\n|-heal|p1a: Typhlosion|88\/100|[silent]\n|upkeep\n|turn|45\n|\n|t:|1659561934\n|move|p1a: Typhlosion|Eruption|p2a: Dusknoir\n|-damage|p2a: Dusknoir|61\/100 slp\n|cant|p2a: Dusknoir|slp\n|move|p2a: Dusknoir|Sleep Talk|p2a: Dusknoir\n|move|p2a: Dusknoir|Rest||[from]move: Sleep Talk|[still]\n|-fail|p2a: Dusknoir\n|\n|-heal|p2a: Dusknoir|68\/100 slp|[from] item: Leftovers\n|-damage|p2a: Dusknoir|55\/100 slp|[from] Leech Seed|[of] p1a: Typhlosion\n|-heal|p1a: Typhlosion|99\/100|[silent]\n|upkeep\n|turn|46\n|\n|t:|1659561938\n|switch|p2a: Lanturn|Lanturn, F|100\/100\n|move|p1a: Typhlosion|Eruption|p2a: Lanturn\n|-resisted|p2a: Lanturn\n|-damage|p2a: Lanturn|79\/100\n|\n|-heal|p2a: Lanturn|85\/100|[from] item: Leftovers\n|upkeep\n|turn|47\n|\n|t:|1659561943\n|move|p1a: Typhlosion|Eruption|p2a: Lanturn\n|-resisted|p2a: Lanturn\n|-damage|p2a: Lanturn|63\/100\n|move|p2a: Lanturn|Scald|p1a: Typhlosion\n|-supereffective|p1a: Typhlosion\n|-damage|p1a: Typhlosion|43\/100\n|\n|-heal|p2a: Lanturn|69\/100|[from] item: Leftovers\n|upkeep\n|turn|48\n|c|\u2606Ill Leave|gg\n|\n|t:|1659561952\n|move|p1a: Typhlosion|Eruption|p2a: Lanturn\n|-resisted|p2a: Lanturn\n|-damage|p2a: Lanturn|61\/100\n|move|p2a: Lanturn|Scald|p1a: Typhlosion\n|-supereffective|p1a: Typhlosion\n|-damage|p1a: Typhlosion|0 fnt\n|faint|p1a: Typhlosion\n|\n|win|Ill Leave\n|n|\u2606Rogue98|rogue98\n|n|\u2606Ill Leave|illleave\n|n| joey milktank|joeymilktank\n","uploadtime":1659561953,"views":8,"p1id":"rogue98","p2id":"illleave","formatid":"gen8bdspnu","rating":0,"private":0,"password":null}