{"id":"gen8nationaldex-1450735584","p1":"Alu9204","p2":"SUPER_CJYAJIN","format":"gen8nationaldex","log":"|j|\u2606Alu9204\n|j|\u2606SUPER_CJYAJIN\n|t:|1636326720\n|gametype|singles\n|player|p1|Alu9204|burglar|1577\n|player|p2|SUPER_CJYAJIN|bugcatcher-gen4dp|1532\n|teamsize|p1|6\n|teamsize|p2|6\n|gen|8\n|tier|[Gen 8] National Dex\n|rated|\n|rule|HP Percentage Mod: HP is shown in percentages\n|rule|Endless Battle Clause: Forcing endless battles is banned\n|rule|OHKO Clause: OHKO moves are banned\n|rule|Evasion Moves Clause: Evasion moves are banned\n|rule|Species Clause: Limit one of each Pok\u00e9mon\n|rule|Dynamax Clause: You cannot dynamax\n|rule|Sleep Clause Mod: Limit one foe put to sleep\n|clearpoke\n|poke|p1|Breloom, F|\n|poke|p1|Landorus-Therian, M|\n|poke|p1|Weavile, M|\n|poke|p1|Corviknight, M|\n|poke|p1|Zapdos-Galar|\n|poke|p1|Latios, M|\n|poke|p2|Excadrill, M|\n|poke|p2|Corviknight, M|\n|poke|p2|Toxapex, F|\n|poke|p2|Rillaboom, F|\n|poke|p2|Heatran, M|\n|poke|p2|Hydreigon, F|\n|teampreview\n|inactive|Battle timer is ON: inactive players will automatically lose when time's up. (requested by Alu9204)\n|\n|t:|1636326740\n|start\n|switch|p1a: Zapdos|Zapdos-Galar|100\/100\n|switch|p2a: Excadrill|Excadrill, M|100\/100\n|-ability|p2a: Excadrill|Mold Breaker\n|turn|1\n|\n|t:|1636326750\n|move|p1a: Zapdos|Thunderous Kick|p2a: Excadrill\n|-supereffective|p2a: Excadrill\n|-enditem|p2a: Excadrill|Focus Sash\n|-damage|p2a: Excadrill|1\/100\n|-unboost|p2a: Excadrill|def|1\n|move|p2a: Excadrill|Stealth Rock|p1a: Zapdos\n|-sidestart|p1: Alu9204|move: Stealth Rock\n|\n|upkeep\n|turn|2\n|\n|t:|1636326759\n|switch|p2a: Toxapex|Toxapex, F|100\/100\n|move|p1a: Zapdos|Thunderous Kick|p2a: Toxapex\n|-resisted|p2a: Toxapex\n|-damage|p2a: Toxapex|81\/100\n|-unboost|p2a: Toxapex|def|1\n|\n|-heal|p2a: Toxapex|87\/100|[from] item: Black Sludge\n|upkeep\n|turn|3\n|\n|t:|1636326770\n|switch|p1a: Corviknight|Corviknight, M|100\/100\n|-damage|p1a: Corviknight|88\/100|[from] Stealth Rock\n|-ability|p1a: Corviknight|Pressure\n|move|p2a: Toxapex|Knock Off|p1a: Corviknight\n|-crit|p1a: Corviknight\n|-damage|p1a: Corviknight|69\/100\n|-damage|p2a: Toxapex|71\/100|[from] item: Rocky Helmet|[of] p1a: Corviknight\n|-enditem|p1a: Corviknight|Rocky Helmet|[from] move: Knock Off|[of] p2a: Toxapex\n|\n|-heal|p2a: Toxapex|77\/100|[from] item: Black Sludge\n|upkeep\n|turn|4\n|\n|t:|1636326783\n|switch|p2a: Heatran|Heatran, M|100\/100\n|move|p1a: Corviknight|Defog|p2a: Heatran\n|-unboost|p2a: Heatran|evasion|1\n|-sideend|p1: Alu9204|Stealth Rock|[from] move: Defog|[of] p1a: Corviknight\n|\n|upkeep\n|turn|5\n|\n|t:|1636326793\n|move|p2a: Heatran|Magma Storm|p1a: Corviknight\n|-supereffective|p1a: Corviknight\n|-damage|p1a: Corviknight|11\/100\n|-activate|p1a: Corviknight|move: Magma Storm|[of] p2a: Heatran\n|move|p1a: Corviknight|U-turn|p2a: Heatran\n|-resisted|p2a: Heatran\n|-damage|p2a: Heatran|97\/100\n|\n|t:|1636326801\n|switch|p1a: Zapdos|Zapdos-Galar|100\/100|[from]move: U-turn\n|\n|-heal|p2a: Heatran|100\/100|[from] item: Leftovers\n|upkeep\n|turn|6\n|\n|t:|1636326813\n|switch|p2a: Toxapex|Toxapex, F|100\/100\n|move|p1a: Zapdos|Thunderous Kick|p2a: Toxapex\n|-resisted|p2a: Toxapex\n|-damage|p2a: Toxapex|79\/100\n|-unboost|p2a: Toxapex|def|1\n|\n|-heal|p2a: Toxapex|86\/100|[from] item: Black Sludge\n|upkeep\n|turn|7\n|\n|t:|1636326823\n|move|p1a: Zapdos|Thunderous Kick|p2a: Toxapex\n|-resisted|p2a: Toxapex\n|-damage|p2a: Toxapex|57\/100\n|-unboost|p2a: Toxapex|def|1\n|move|p2a: Toxapex|Scald|p1a: Zapdos\n|-damage|p1a: Zapdos|82\/100\n|\n|-heal|p2a: Toxapex|63\/100|[from] item: Black Sludge\n|upkeep\n|turn|8\n|\n|t:|1636326843\n|switch|p1a: Latios|Latios, M|100\/100\n|move|p2a: Toxapex|Haze|p2a: Toxapex\n|-clearallboost\n|\n|-heal|p2a: Toxapex|69\/100|[from] item: Black Sludge\n|upkeep\n|turn|9\n|\n|t:|1636326854\n|switch|p2a: Corviknight|Corviknight, M|100\/100\n|-ability|p2a: Corviknight|Pressure\n|detailschange|p1a: Latios|Latios-Mega, M\n|-mega|p1a: Latios|Latios|Latiosite\n|move|p1a: Latios|Calm Mind|p1a: Latios\n|-boost|p1a: Latios|spa|1\n|-boost|p1a: Latios|spd|1\n|\n|upkeep\n|turn|10\n|\n|t:|1636326869\n|switch|p1a: Landorus|Landorus-Therian, M|100\/100\n|-ability|p1a: Landorus|Intimidate|boost\n|-unboost|p2a: Corviknight|atk|1\n|move|p2a: Corviknight|U-turn|p1a: Landorus\n|-resisted|p1a: Landorus\n|-damage|p1a: Landorus|97\/100\n|\n|t:|1636326889\n|switch|p2a: Excadrill|Excadrill, M|1\/100|[from]move: U-turn\n|-ability|p2a: Excadrill|Mold Breaker\n|\n|-heal|p1a: Landorus|100\/100|[from] item: Leftovers\n|upkeep\n|turn|11\n|\n|t:|1636326898\n|move|p2a: Excadrill|Stealth Rock|p1a: Landorus\n|-sidestart|p1: Alu9204|move: Stealth Rock\n|move|p1a: Landorus|Earthquake|p2a: Excadrill\n|-supereffective|p2a: Excadrill\n|-damage|p2a: Excadrill|0 fnt\n|faint|p2a: Excadrill\n|\n|upkeep\n|\n|t:|1636326903\n|switch|p2a: Rillaboom|Rillaboom, F|100\/100\n|-fieldstart|move: Grassy Terrain|[from] ability: Grassy Surge|[of] p2a: Rillaboom\n|turn|12\n|\n|t:|1636326909\n|move|p2a: Rillaboom|Grassy Glide|p1a: Landorus\n|-damage|p1a: Landorus|46\/100\n|move|p1a: Landorus|U-turn|p2a: Rillaboom\n|-supereffective|p2a: Rillaboom\n|-damage|p2a: Rillaboom|47\/100\n|\n|t:|1636326917\n|switch|p1a: Zapdos|Zapdos-Galar|82\/100|[from]move: U-turn\n|-damage|p1a: Zapdos|70\/100|[from] Stealth Rock\n|\n|-heal|p2a: Rillaboom|53\/100|[from] Grassy Terrain\n|upkeep\n|turn|13\n|\n|t:|1636326926\n|switch|p2a: Corviknight|Corviknight, M|100\/100\n|-ability|p2a: Corviknight|Pressure\n|move|p1a: Zapdos|Brave Bird|p2a: Corviknight\n|-resisted|p2a: Corviknight\n|-damage|p2a: Corviknight|71\/100\n|-damage|p1a: Zapdos|58\/100|[from] Recoil\n|\n|-heal|p2a: Corviknight|77\/100|[from] item: Leftovers\n|upkeep\n|turn|14\n|\n|t:|1636326943\n|switch|p1a: Corviknight|Corviknight, M|11\/100\n|-damage|p1a: Corviknight|0 fnt|[from] Stealth Rock\n|faint|p1a: Corviknight\n|move|p2a: Corviknight|U-turn|p1: Corviknight|[notarget]\n|-fail|p2a: Corviknight\n|\n|-heal|p2a: Corviknight|84\/100|[from] item: Leftovers\n|upkeep\n|\n|t:|1636326954\n|switch|p1a: Zapdos|Zapdos-Galar|58\/100\n|-damage|p1a: Zapdos|45\/100|[from] Stealth Rock\n|turn|15\n|\n|t:|1636326962\n|move|p1a: Zapdos|Thunderous Kick|p2a: Corviknight\n|-damage|p2a: Corviknight|43\/100\n|-unboost|p2a: Corviknight|def|1\n|move|p2a: Corviknight|Roost|p2a: Corviknight\n|-heal|p2a: Corviknight|93\/100\n|-singleturn|p2a: Corviknight|move: Roost\n|\n|-heal|p2a: Corviknight|99\/100|[from] Grassy Terrain\n|-heal|p2a: Corviknight|100\/100|[from] item: Leftovers\n|upkeep\n|turn|16\n|\n|t:|1636326974\n|switch|p2a: Toxapex|Toxapex, F|100\/100\n|move|p1a: Zapdos|Thunderous Kick|p2a: Toxapex\n|-resisted|p2a: Toxapex\n|-damage|p2a: Toxapex|80\/100\n|-unboost|p2a: Toxapex|def|1\n|\n|-heal|p2a: Toxapex|86\/100|[from] Grassy Terrain\n|-heal|p2a: Toxapex|93\/100|[from] item: Black Sludge\n|-fieldend|move: Grassy Terrain\n|upkeep\n|turn|17\n|\n|t:|1636326987\n|switch|p1a: Latios|Latios-Mega, M|100\/100\n|-damage|p1a: Latios|88\/100|[from] Stealth Rock\n|move|p2a: Toxapex|Scald|p1a: Latios\n|-resisted|p1a: Latios\n|-damage|p1a: Latios|82\/100\n|-status|p1a: Latios|brn\n|\n|-heal|p2a: Toxapex|99\/100|[from] item: Black Sludge\n|-damage|p1a: Latios|76\/100 brn|[from] brn\n|upkeep\n|turn|18\n|\n|t:|1636326999\n|move|p1a: Latios|Calm Mind|p1a: Latios\n|-boost|p1a: Latios|spa|1\n|-boost|p1a: Latios|spd|1\n|move|p2a: Toxapex|Haze|p2a: Toxapex\n|-clearallboost\n|\n|-heal|p2a: Toxapex|100\/100|[from] item: Black Sludge\n|-damage|p1a: Latios|70\/100 brn|[from] brn\n|upkeep\n|turn|19\n|\n|t:|1636327009\n|move|p1a: Latios|Psyshock|p2a: Toxapex\n|-supereffective|p2a: Toxapex\n|-damage|p2a: Toxapex|37\/100\n|move|p2a: Toxapex|Knock Off|p1a: Latios\n|-supereffective|p1a: Latios\n|-damage|p1a: Latios|45\/100 brn\n|\n|-heal|p2a: Toxapex|44\/100|[from] item: Black Sludge\n|-damage|p1a: Latios|39\/100 brn|[from] brn\n|upkeep\n|turn|20\n|\n|t:|1636327020\n|switch|p2a: Corviknight|Corviknight, M|100\/100\n|-ability|p2a: Corviknight|Pressure\n|move|p1a: Latios|Calm Mind|p1a: Latios\n|-boost|p1a: Latios|spa|1\n|-boost|p1a: Latios|spd|1\n|\n|-damage|p1a: Latios|33\/100 brn|[from] brn\n|upkeep\n|turn|21\n|\n|t:|1636327032\n|switch|p1a: Zapdos|Zapdos-Galar|45\/100\n|-damage|p1a: Zapdos|33\/100|[from] Stealth Rock\n|move|p2a: Corviknight|U-turn|p1a: Zapdos\n|-resisted|p1a: Zapdos\n|-damage|p1a: Zapdos|29\/100\n|\n|t:|1636327037\n|switch|p2a: Rillaboom|Rillaboom, F|53\/100|[from]move: U-turn\n|-fieldstart|move: Grassy Terrain|[from] ability: Grassy Surge|[of] p2a: Rillaboom\n|\n|-heal|p2a: Rillaboom|59\/100|[from] Grassy Terrain\n|upkeep\n|turn|22\n|\n|t:|1636327048\n|switch|p2a: Corviknight|Corviknight, M|100\/100\n|-ability|p2a: Corviknight|Pressure\n|move|p1a: Zapdos|Brave Bird|p2a: Corviknight\n|-resisted|p2a: Corviknight\n|-damage|p2a: Corviknight|75\/100\n|-damage|p1a: Zapdos|19\/100|[from] Recoil\n|\n|-heal|p2a: Corviknight|81\/100|[from] item: Leftovers\n|upkeep\n|turn|23\n|\n|t:|1636327060\n|move|p1a: Zapdos|Brave Bird|p2a: Corviknight\n|-resisted|p2a: Corviknight\n|-damage|p2a: Corviknight|54\/100\n|-damage|p1a: Zapdos|7\/100|[from] Recoil\n|move|p2a: Corviknight|Roost|p2a: Corviknight\n|-heal|p2a: Corviknight|100\/100\n|-singleturn|p2a: Corviknight|move: Roost\n|\n|upkeep\n|turn|24\n|-message|Alu9204 forfeited.\n|\n|win|SUPER_CJYAJIN\n|raw|Alu9204's rating: 1577 &rarr; <strong>1554<\/strong><br \/>(-23 for losing)\n|raw|SUPER_CJYAJIN's rating: 1532 &rarr; <strong>1555<\/strong><br \/>(+23 for winning)\n|l|\u2606Alu9204\n","uploadtime":1636327077,"views":5,"p1id":"alu9204","p2id":"supercjyajin","formatid":"gen8nationaldex","rating":1554,"private":0,"password":null}