{"id":"gen8vgc2020-1196912173","p1":"bhkg","p2":"Im Texas Tough","format":"gen8vgc2020","log":"|j|\u2606bhkg\n|j|\u2606Im Texas Tough\n|t:|1601671248\n|player|p1|bhkg|2|1418\n|player|p2|Im Texas Tough|bruno|1362\n|teamsize|p1|6\n|teamsize|p2|6\n|gametype|doubles\n|gen|8\n|tier|[Gen 8] VGC 2020\n|rated|\n|clearpoke\n|poke|p1|Poliwrath, L50, M|\n|poke|p1|Noivern, L50, F|\n|poke|p1|Tsareena, L50, F|\n|poke|p1|Mamoswine, L50, F|\n|poke|p1|Chandelure, L50, M|\n|poke|p1|Magnezone, L50|\n|poke|p2|Incineroar, L50, F|\n|poke|p2|Lurantis, L50, F|\n|poke|p2|Whimsicott, L50, M|\n|poke|p2|Shuckle, L50, F|\n|poke|p2|Indeedee, L50, M|\n|poke|p2|Rillaboom, L50, M|\n|rule|Species Clause: Limit one of each Pok\u00e9mon\n|rule|Item Clause: Limit one of each item\n|teampreview|4\n|\n|t:|1601671280\n|start\n|switch|p1a: Noivern|Noivern, L50, F|48\/48\n|switch|p1b: Magnezone|Magnezone, L50|48\/48\n|switch|p2a: Incineroar|Incineroar, L50, F|48\/48\n|switch|p2b: Shuckle|Shuckle, L50, F|48\/48\n|-item|p2a: Incineroar|Figy Berry|[from] ability: Frisk|[of] p1a: Noivern|[identify]\n|-item|p2b: Shuckle|Focus Sash|[from] ability: Frisk|[of] p1a: Noivern|[identify]\n|-item|p1b: Magnezone|Air Balloon\n|-ability|p2a: Incineroar|Intimidate|boost\n|-unboost|p1a: Noivern|atk|1\n|-unboost|p1b: Magnezone|atk|1\n|turn|1\n|\n|t:|1601671305\n|-start|p1a: Noivern|Dynamax\n|-heal|p1a: Noivern|48\/48|[silent]\n|move|p1a: Noivern|Max Airstream|p2a: Incineroar\n|-damage|p2a: Incineroar|19\/48\n|-boost|p1a: Noivern|spe|1\n|-boost|p1b: Magnezone|spe|1\n|move|p1b: Magnezone|Flash Cannon|p2b: Shuckle\n|-supereffective|p2b: Shuckle\n|-damage|p2b: Shuckle|16\/48\n|move|p2a: Incineroar|Snarl|p1b: Magnezone|[spread] p1a,p1b\n|-damage|p1a: Noivern|44\/48\n|-damage|p1b: Magnezone|41\/48\n|-unboost|p1a: Noivern|spa|1\n|-unboost|p1b: Magnezone|spa|1\n|-enditem|p1b: Magnezone|Air Balloon\n|move|p2b: Shuckle|Power Trick|p2b: Shuckle\n|-start|p2b: Shuckle|Power Trick\n|\n|upkeep\n|turn|2\n|\n|t:|1601671332\n|-start|p2b: Shuckle|Dynamax\n|-heal|p2b: Shuckle|16\/48|[silent]\n|move|p2b: Shuckle|Max Guard|p2b: Shuckle\n|-singleturn|p2b: Shuckle|Max Guard\n|move|p1a: Noivern|Max Wyrmwind|p2a: Incineroar\n|-damage|p2a: Incineroar|2\/48\n|-unboost|p2a: Incineroar|atk|1\n|-boost|p2b: Shuckle|atk|1\n|-enditem|p2a: Incineroar|Figy Berry|[eat]\n|-heal|p2a: Incineroar|17\/48|[from] item: Figy Berry\n|move|p1b: Magnezone|Thunderbolt|p2a: Incineroar\n|-damage|p2a: Incineroar|1\/48\n|-status|p2a: Incineroar|par\n|cant|p2a: Incineroar|par\n|\n|upkeep\n|turn|3\n|\n|t:|1601671350\n|move|p1a: Noivern|Max Airstream|p2b: Shuckle\n|-damage|p2b: Shuckle|9\/48\n|-boost|p1a: Noivern|spe|1\n|-boost|p1b: Magnezone|spe|1\n|move|p1b: Magnezone|Flash Cannon|p2b: Shuckle\n|-supereffective|p2b: Shuckle\n|-damage|p2b: Shuckle|0 fnt\n|faint|p2b: Shuckle\n|move|p2a: Incineroar|Snarl|p1a: Noivern|[spread] p1a,p1b\n|-damage|p1a: Noivern|40\/48\n|-damage|p1b: Magnezone|34\/48\n|-unboost|p1a: Noivern|spa|1\n|-unboost|p1b: Magnezone|spa|1\n|\n|-end|p1a: Noivern|Dynamax\n|-heal|p1a: Noivern|40\/48|[silent]\n|upkeep\n|\n|t:|1601671360\n|switch|p2b: Lurantis|Lurantis, L50, F|48\/48\n|turn|4\n|\n|t:|1601671370\n|move|p1a: Noivern|Heat Wave|p2a: Incineroar|[spread] p2a,p2b\n|-resisted|p2a: Incineroar\n|-supereffective|p2b: Lurantis\n|-damage|p2a: Incineroar|0 fnt\n|-damage|p2b: Lurantis|36\/48\n|faint|p2a: Incineroar\n|move|p1b: Magnezone|Body Press|p2b: Lurantis\n|-damage|p2b: Lurantis|22\/48\n|move|p2b: Lurantis|Superpower|p1b: Magnezone\n|-supereffective|p1b: Magnezone\n|-damage|p1b: Magnezone|0 fnt\n|-boost|p2b: Lurantis|atk|1\n|-boost|p2b: Lurantis|def|1\n|-damage|p2b: Lurantis|17\/48|[from] item: Life Orb\n|faint|p1b: Magnezone\n|\n|upkeep\n|\n|t:|1601671382\n|switch|p1b: Chandelure|Chandelure, L50, M|48\/48\n|switch|p2a: Indeedee|Indeedee, L50, M|48\/48\n|-fieldstart|move: Psychic Terrain|[from] ability: Psychic Surge|[of] p2a: Indeedee\n|turn|5\n|\n|t:|1601671392\n|move|p2b: Lurantis|Protect|p2b: Lurantis\n|-singleturn|p2b: Lurantis|Protect\n|move|p1a: Noivern|Tailwind|p1a: Noivern\n|-sidestart|p1: bhkg|move: Tailwind\n|move|p1b: Chandelure|Heat Wave|p2b: Lurantis|[spread] p2a\n|-activate|p2b: Lurantis|move: Protect\n|-damage|p2a: Indeedee|28\/48\n|-damage|p1b: Chandelure|43\/48|[from] item: Life Orb\n|move|p2a: Indeedee|Trick Room|p2a: Indeedee\n|-fieldstart|move: Trick Room|[of] p2a: Indeedee\n|\n|upkeep\n|turn|6\n|\n|t:|1601671404\n|move|p2b: Lurantis|Night Slash|p1b: Chandelure\n|-supereffective|p1b: Chandelure\n|-damage|p1b: Chandelure|0 fnt\n|-damage|p2b: Lurantis|13\/48|[from] item: Life Orb\n|faint|p1b: Chandelure\n|move|p2a: Indeedee|Expanding Force|p1a: Noivern\n|-damage|p1a: Noivern|7\/48\n|move|p1a: Noivern|Heat Wave|p2a: Indeedee|[spread] p2a,p2b\n|-supereffective|p2b: Lurantis\n|-damage|p2a: Indeedee|24\/48g\n|-damage|p2b: Lurantis|1\/48\n|\n|upkeep\n|\n|t:|1601671407\n|switch|p1b: Mamoswine|Mamoswine, L50, F|48\/48\n|turn|7\n|\n|t:|1601671422\n|move|p2b: Lurantis|Superpower|p1b: Mamoswine\n|-supereffective|p1b: Mamoswine\n|-damage|p1b: Mamoswine|0 fnt\n|-boost|p2b: Lurantis|atk|1\n|-boost|p2b: Lurantis|def|1\n|-damage|p2b: Lurantis|0 fnt|[from] item: Life Orb\n|faint|p1b: Mamoswine\n|faint|p2b: Lurantis\n|move|p2a: Indeedee|Expanding Force|p1a: Noivern\n|-damage|p1a: Noivern|0 fnt\n|faint|p1a: Noivern\n|\n|win|Im Texas Tough\n|c|\u2606Im Texas Tough|gg\n|c|\u2606bhkg|gg\n|l|\u2606bhkg\n","uploadtime":1601671434,"views":15,"p1id":"bhkg","p2id":"imtexastough","formatid":"gen8vgc2020","rating":0,"private":0,"password":null}