{"id":"gen8lc-1244718682","p1":"Chickpiee","p2":"Dominix151251","format":"gen8lc","log":"|j|\u2606Chickpiee\n|j|\u2606Dominix151251\n|t:|1608124448\n|player|p1|Chickpiee|caitlin|\n|player|p2|Dominix151251|2|\n|teamsize|p1|6\n|teamsize|p2|6\n|gametype|singles\n|gen|8\n|tier|[Gen 8] LC\n|rated|Tournament battle\n|clearpoke\n|poke|p1|Abra, L5, F|\n|poke|p1|Anorith, L5, F|\n|poke|p1|Zigzagoon, L5, M|\n|poke|p1|Shellder, L5, M|\n|poke|p1|Vullaby, L5, F|\n|poke|p1|Diglett, L5, F|\n|poke|p2|Vullaby, L5, F|\n|poke|p2|Mareanie, L5, F|\n|poke|p2|Mudbray, L5, F|\n|poke|p2|Scraggy, L5, M|\n|poke|p2|Ponyta, L5, M|\n|poke|p2|Grookey, L5, F|\n|rule|Sleep Clause Mod: Limit one foe put to sleep\n|rule|Species Clause: Limit one of each Pok\u00e9mon\n|rule|OHKO Clause: OHKO moves are banned\n|rule|Evasion Moves Clause: Evasion moves are banned\n|rule|Endless Battle Clause: Forcing endless battles is banned\n|rule|HP Percentage Mod: HP is shown in percentages\n|rule|Dynamax Clause: You cannot dynamax\n|teampreview\n|j|*Lady Monita \u2744\n|inactive|Battle timer is ON: inactive players will automatically lose when time's up. (requested by Dominix151251)\n|j| arnavgupta\n|c|\u2606Dominix151251|gl\n|c|\u2606Chickpiee|hf\n|j| ddanger\n|inactive|Chickpiee has 120 seconds left.\n|j| Partoru\n|c| Partoru|OKI\n|j| Harshal~08\n|c| Partoru|HI\n|c| Partoru|GO CHICKPIEE\n|j| MagicalXerneas@!\n|j| Call me pk\n|inactive|Chickpiee has 90 seconds left.\n|j| abk uchiha\n|c| MagicalXerneas|o.o pickchiee op!\n|j| ItsAmazingH\n|\n|t:|1608124522\n|start\n|switch|p1a: Abra|Abra, L5, F|100\/100\n|switch|p2a: Mudbray|Mudbray, L5, F|100\/100\n|turn|1\n|j| Iridescent_lp\n|\n|t:|1608124528\n|move|p1a: Abra|Reflect|p1a: Abra\n|-sidestart|p1: Chickpiee|Reflect\n|move|p2a: Mudbray|Earthquake|p1a: Abra\n|-damage|p1a: Abra|32\/100\n|\n|upkeep\n|turn|2\n|\n|t:|1608124533\n|move|p1a: Abra|Psychic|p2a: Mudbray\n|-damage|p2a: Mudbray|60\/100\n|-ability|p2a: Mudbray|Stamina|boost\n|-boost|p2a: Mudbray|def|1\n|move|p2a: Mudbray|Earthquake|p1a: Abra\n|-damage|p1a: Abra|0 fnt\n|faint|p1a: Abra\n|\n|upkeep\n|j| SecretCarrot\n|\n|t:|1608124546\n|switch|p1a: Vullaby|Vullaby, L5, F|100\/100\n|turn|3\n|j| Egzon\n|\n|t:|1608124550\n|move|p1a: Vullaby|Nasty Plot|p1a: Vullaby\n|-boost|p1a: Vullaby|spa|2\n|move|p2a: Mudbray|Rock Slide|p1a: Vullaby\n|-supereffective|p1a: Vullaby\n|-damage|p1a: Vullaby|74\/100\n|-ability|p1a: Vullaby|Weak Armor|boost\n|-unboost|p1a: Vullaby|def|1\n|-boost|p1a: Vullaby|spe|2\n|\n|upkeep\n|turn|4\n|\n|t:|1608124559\n|move|p1a: Vullaby|Dark Pulse|p2a: Mudbray\n|-damage|p2a: Mudbray|0 fnt\n|faint|p2a: Mudbray\n|\n|upkeep\n|\n|t:|1608124564\n|switch|p2a: Ponyta|Ponyta, L5, M, shiny|100\/100\n|turn|5\n|\n|t:|1608124568\n|move|p1a: Vullaby|Dark Pulse|p2a: Ponyta\n|-damage|p2a: Ponyta|15\/100\n|cant|p2a: Ponyta|flinch\n|\n|upkeep\n|turn|6\n|j| Belegen\n|\n|t:|1608124575\n|move|p1a: Vullaby|Dark Pulse|p2a: Ponyta\n|-damage|p2a: Ponyta|0 fnt\n|faint|p2a: Ponyta\n|\n|upkeep\n|\n|t:|1608124580\n|switch|p2a: Mareanie|Mareanie, L5, F|100\/100\n|turn|7\n|\n|t:|1608124585\n|move|p1a: Vullaby|Dark Pulse|p2a: Mareanie\n|-damage|p2a: Mareanie|44\/100\n|cant|p2a: Mareanie|flinch\n|\n|upkeep\n|turn|8\n|j| A PS user\n|\n|t:|1608124592\n|switch|p2a: Scraggy|Scraggy, L5, M|100\/100\n|move|p1a: Vullaby|Dark Pulse|p2a: Scraggy\n|-resisted|p2a: Scraggy\n|-damage|p2a: Scraggy|77\/100\n|\n|-sideend|p1: Chickpiee|Reflect\n|upkeep\n|turn|9\n|c| arnavgupta|O.i\n|j| razor2811\n|c| Harshal~08|Ez\n|\n|t:|1608124599\n|move|p1a: Vullaby|Air Slash|p2a: Scraggy\n|-supereffective|p2a: Scraggy\n|-damage|p2a: Scraggy|0 fnt\n|faint|p2a: Scraggy\n|\n|upkeep\n|c| arnavgupta|Super lucky\n|\n|t:|1608124604\n|switch|p2a: Grookey|Grookey, L5, F|100\/100\n|-fieldstart|move: Grassy Terrain|[from] ability: Grassy Surge|[of] p2a: Grookey\n|-enditem|p2a: Grookey|Grassy Seed\n|-boost|p2a: Grookey|def|1|[from] item: Grassy Seed\n|turn|10\n|\n|t:|1608124610\n|move|p2a: Grookey|Grassy Glide|p1a: Vullaby\n|-resisted|p1a: Vullaby\n|-damage|p1a: Vullaby|48\/100\n|-ability|p1a: Vullaby|Weak Armor|boost\n|-unboost|p1a: Vullaby|def|1\n|-boost|p1a: Vullaby|spe|2\n|move|p1a: Vullaby|Air Slash|p2a: Grookey\n|-supereffective|p2a: Grookey\n|-damage|p2a: Grookey|0 fnt\n|faint|p2a: Grookey\n|\n|upkeep\n|\n|t:|1608124615\n|switch|p2a: Mareanie|Mareanie, L5, F|74\/100\n|turn|11\n|\n|t:|1608124622\n|move|p1a: Vullaby|Dark Pulse|p2a: Mareanie\n|-damage|p2a: Mareanie|9\/100\n|move|p2a: Mareanie|Scald|p1a: Vullaby\n|-damage|p1a: Vullaby|22\/100\n|-status|p1a: Vullaby|brn\n|\n|-heal|p2a: Mareanie|14\/100|[from] Grassy Terrain\n|-damage|p1a: Vullaby|18\/100 brn|[from] brn\n|upkeep\n|turn|12\n|\n|t:|1608124630\n|move|p1a: Vullaby|Dark Pulse|p2a: Mareanie\n|-damage|p2a: Mareanie|0 fnt\n|faint|p2a: Mareanie\n|\n|-damage|p1a: Vullaby|14\/100 brn|[from] brn\n|upkeep\n|\n|t:|1608124632\n|switch|p2a: Vullaby|Vullaby, L5, F|100\/100\n|turn|13\n|\n|t:|1608124638\n|move|p1a: Vullaby|Air Slash|p2a: Vullaby\n|-damage|p2a: Vullaby|9\/100\n|-enditem|p2a: Vullaby|Berry Juice\n|-heal|p2a: Vullaby|96\/100|[from] item: Berry Juice\n|cant|p2a: Vullaby|flinch\n|\n|-damage|p1a: Vullaby|9\/100 brn|[from] brn\n|upkeep\n|turn|14\n|l| A PS user\n|j|^vumshi\n|c| MagicalXerneas|...\n|c| ddanger|bruh\n|c|\u2606Dominix151251|rly\n|j| PokeArt2004\u2764\n|\n|t:|1608124650\n|move|p1a: Vullaby|Dark Pulse|p2a: Vullaby\n|-resisted|p2a: Vullaby\n|-damage|p2a: Vullaby|53\/100\n|move|p2a: Vullaby|Air Slash|p1a: Vullaby\n|-damage|p1a: Vullaby|0 fnt\n|faint|p1a: Vullaby\n|\n|-fieldend|move: Grassy Terrain\n|upkeep\n|c| MagicalXerneas|Agency agency\n|\n|t:|1608124660\n|switch|p1a: Anorith|Anorith, L5, F|100\/100\n|turn|15\n|\n|t:|1608124667\n|move|p1a: Anorith|Rock Blast|p2a: Vullaby\n|-supereffective|p2a: Vullaby\n|-damage|p2a: Vullaby|18\/100\n|-ability|p2a: Vullaby|Weak Armor|boost\n|-unboost|p2a: Vullaby|def|1\n|-boost|p2a: Vullaby|spe|2\n|-supereffective|p2a: Vullaby\n|-damage|p2a: Vullaby|0 fnt\n|-hitcount|p2a: Vullaby|2\n|faint|p2a: Vullaby\n|\n|win|Chickpiee\n|n|\u2606Chickpiee|chickpiee\n|n|\u2606Dominix151251|dominix151251\n|n|*Lady Monita \u2744|ladymonita\n|n| arnavgupta|arnavgupta\n|n| ddanger|ddanger\n|n| Partoru|partoru\n|n| Harshal~08|harshal08\n|n| MagicalXerneas@!|magicalxerneas\n|n| Call me pk|callmepk\n|n| abk uchiha|abkuchiha\n|n| ItsAmazingH|itsamazingh\n|n| Iridescent_lp|iridescentlp\n|n| SecretCarrot|secretcarrot\n|n| Egzon|egzon\n|n| Belegen|belegen\n|n| razor2811|razor2811\n|n| vumshi|vumshi\n|n| PokeArt2004\u2764|pokeart2004\n","uploadtime":1608124668,"views":13,"p1id":"chickpiee","p2id":"dominix151251","formatid":"gen8lc","rating":0,"private":0,"password":null}