{"id":"gen8ou-1662768802","p1":"RggV_YT","p2":"eromangagaki","format":"gen8ou","log":"|j|\u2606RggV_YT\n|j|\u2606eromangagaki\n|t:|1663022369\n|gametype|singles\n|player|p1|RggV_YT|scientist-gen4|1840\n|player|p2|eromangagaki|265|1785\n|teamsize|p1|6\n|teamsize|p2|6\n|gen|8\n|tier|[Gen 8] OU\n|rated|\n|rule|Sleep Clause Mod: Limit one foe put to sleep\n|rule|Species Clause: Limit one of each Pok\u00e9mon\n|rule|OHKO Clause: OHKO moves are banned\n|rule|Evasion Items Clause: Evasion items are banned\n|rule|Evasion Moves Clause: Evasion moves are banned\n|rule|Endless Battle Clause: Forcing endless battles is banned\n|rule|HP Percentage Mod: HP is shown in percentages\n|rule|Dynamax Clause: You cannot dynamax\n|clearpoke\n|poke|p1|Politoed, M|\n|poke|p1|Heliolisk, M|\n|poke|p1|Kingdra, M|\n|poke|p1|Mudsdale, M|\n|poke|p1|Scizor, M|\n|poke|p1|Victini|\n|poke|p2|Primarina, F|\n|poke|p2|Tyranitar, F|\n|poke|p2|Excadrill, M|\n|poke|p2|Moltres|\n|poke|p2|Corsola-Galar, M|\n|poke|p2|Victini|\n|teampreview\n|inactive|Battle timer is ON: inactive players will automatically lose when time's up. (requested by RggV_YT)\n|\n|t:|1663022378\n|start\n|switch|p1a: Heliolisk|Heliolisk, M|100\/100\n|switch|p2a: Corsola|Corsola-Galar, M|100\/100\n|turn|1\n|\n|t:|1663022390\n|move|p1a: Heliolisk|Thunder|p2a: Corsola\n|-damage|p2a: Corsola|55\/100\n|-start|p1a: Heliolisk|Disable|Thunder|[from] ability: Cursed Body|[of] p2a: Corsola\n|-damage|p1a: Heliolisk|91\/100|[from] item: Life Orb\n|move|p2a: Corsola|Stealth Rock|p1a: Heliolisk\n|-sidestart|p1: RggV_YT|move: Stealth Rock\n|\n|upkeep\n|turn|2\n|\n|t:|1663022404\n|move|p1a: Heliolisk|Volt Switch|p2a: Corsola\n|-damage|p2a: Corsola|25\/100\n|-damage|p1a: Heliolisk|81\/100|[from] item: Life Orb\n|\n|t:|1663022410\n|switch|p1a: Scizor|Scizor, M|100\/100|[from]move: Volt Switch\n|-damage|p1a: Scizor|88\/100|[from] Stealth Rock\n|move|p2a: Corsola|Strength Sap|p1a: Scizor\n|-unboost|p1a: Scizor|atk|1\n|-heal|p2a: Corsola|100\/100\n|\n|-heal|p1a: Scizor|94\/100|[from] item: Leftovers\n|upkeep\n|turn|3\n|j| UrSheerForce\n|\n|t:|1663022412\n|move|p1a: Scizor|Knock Off|p2a: Corsola\n|-supereffective|p2a: Corsola\n|-damage|p2a: Corsola|71\/100\n|-enditem|p2a: Corsola|Eviolite|[from] move: Knock Off|[of] p1a: Scizor\n|move|p2a: Corsola|Will-O-Wisp|p1a: Scizor\n|-status|p1a: Scizor|brn\n|\n|-heal|p1a: Scizor|99\/100 brn|[from] item: Leftovers\n|-damage|p1a: Scizor|94\/100 brn|[from] brn\n|upkeep\n|turn|4\n|\n|t:|1663022415\n|move|p1a: Scizor|Defog|p2a: Corsola\n|-unboost|p2a: Corsola|evasion|1\n|-sideend|p1: RggV_YT|Stealth Rock|[from] move: Defog|[of] p1a: Scizor\n|move|p2a: Corsola|Night Shade|p1a: Scizor\n|-damage|p1a: Scizor|62\/100 brn\n|\n|-heal|p1a: Scizor|68\/100 brn|[from] item: Leftovers\n|-damage|p1a: Scizor|62\/100 brn|[from] brn\n|upkeep\n|turn|5\n|\n|t:|1663022419\n|switch|p1a: Victini|Victini|100\/100\n|move|p2a: Corsola|Stealth Rock|p1a: Victini\n|-sidestart|p1: RggV_YT|move: Stealth Rock\n|\n|upkeep\n|turn|6\n|\n|t:|1663022430\n|switch|p2a: Moltres|Moltres|100\/100\n|move|p1a: Victini|Bolt Strike|p2a: Moltres\n|-supereffective|p2a: Moltres\n|-damage|p2a: Moltres|10\/100\n|-status|p2a: Moltres|par\n|\n|upkeep\n|turn|7\n|\n|t:|1663022436\n|switch|p1a: Politoed|Politoed, M|100\/100\n|-damage|p1a: Politoed|88\/100|[from] Stealth Rock\n|-weather|RainDance|[from] ability: Drizzle|[of] p1a: Politoed\n|switch|p2a: Excadrill|Excadrill, M|100\/100\n|\n|-weather|RainDance|[upkeep]\n|upkeep\n|turn|8\n|\n|t:|1663022451\n|move|p2a: Excadrill|Earthquake|p1a: Politoed\n|-damage|p1a: Politoed|31\/100\n|-damage|p2a: Excadrill|91\/100|[from] item: Life Orb\n|move|p1a: Politoed|Scald|p2a: Excadrill\n|-supereffective|p2a: Excadrill\n|-damage|p2a: Excadrill|0 fnt\n|faint|p2a: Excadrill\n|\n|-weather|RainDance|[upkeep]\n|upkeep\n|\n|t:|1663022456\n|switch|p2a: Primarina|Primarina, F|100\/100\n|turn|9\n|\n|t:|1663022459\n|switch|p1a: Scizor|Scizor, M|62\/100 brn\n|-damage|p1a: Scizor|50\/100 brn|[from] Stealth Rock\n|move|p2a: Primarina|Moonblast|p1a: Scizor\n|-resisted|p1a: Scizor\n|-damage|p1a: Scizor|3\/100 brn\n|-unboost|p1a: Scizor|spa|1\n|\n|-weather|RainDance|[upkeep]\n|-heal|p1a: Scizor|9\/100 brn|[from] item: Leftovers\n|-damage|p1a: Scizor|3\/100 brn|[from] brn\n|upkeep\n|turn|10\n|\n|t:|1663022464\n|move|p2a: Primarina|Moonblast|p1a: Scizor\n|-resisted|p1a: Scizor\n|-damage|p1a: Scizor|0 fnt\n|faint|p1a: Scizor\n|\n|-weather|RainDance|[upkeep]\n|upkeep\n|\n|t:|1663022466\n|switch|p1a: Heliolisk|Heliolisk, M|81\/100\n|-damage|p1a: Heliolisk|68\/100|[from] Stealth Rock\n|turn|11\n|\n|t:|1663022480\n|switch|p2a: Tyranitar|Tyranitar, F|100\/100\n|-weather|Sandstorm|[from] ability: Sand Stream|[of] p2a: Tyranitar\n|move|p1a: Heliolisk|Volt Switch|p2a: Tyranitar\n|-damage|p2a: Tyranitar|74\/100\n|-damage|p1a: Heliolisk|59\/100|[from] item: Life Orb\n|\n|t:|1663022487\n|switch|p1a: Victini|Victini|100\/100|[from]move: Volt Switch\n|-damage|p1a: Victini|76\/100|[from] Stealth Rock\n|\n|-weather|Sandstorm|[upkeep]\n|-damage|p1a: Victini|70\/100|[from] Sandstorm\n|upkeep\n|turn|12\n|\n|t:|1663022495\n|switch|p2a: Victini|Victini|100\/100\n|move|p1a: Victini|Bolt Strike|p2a: Victini\n|-damage|p2a: Victini|44\/100\n|\n|-weather|Sandstorm|[upkeep]\n|-damage|p1a: Victini|63\/100|[from] Sandstorm\n|-damage|p2a: Victini|38\/100|[from] Sandstorm\n|upkeep\n|turn|13\n|\n|t:|1663022503\n|move|p1a: Victini|Bolt Strike|p2a: Victini\n|-damage|p2a: Victini|0 fnt\n|faint|p2a: Victini\n|\n|-weather|Sandstorm|[upkeep]\n|-damage|p1a: Victini|57\/100|[from] Sandstorm\n|upkeep\n|\n|t:|1663022506\n|switch|p2a: Corsola|Corsola-Galar, M|71\/100\n|turn|14\n|\n|t:|1663022514\n|move|p1a: Victini|Bolt Strike|p2a: Corsola\n|-damage|p2a: Corsola|25\/100\n|-status|p2a: Corsola|par\n|-start|p1a: Victini|Disable|Bolt Strike|[from] ability: Cursed Body|[of] p2a: Corsola\n|move|p2a: Corsola|Strength Sap|p1a: Victini\n|-unboost|p1a: Victini|atk|1\n|-heal|p2a: Corsola|100\/100 par\n|\n|-weather|Sandstorm|[upkeep]\n|-damage|p1a: Victini|51\/100|[from] Sandstorm\n|-damage|p2a: Corsola|94\/100 par|[from] Sandstorm\n|upkeep\n|turn|15\n|\n|t:|1663022519\n|switch|p1a: Mudsdale|Mudsdale, M, shiny|100\/100\n|-damage|p1a: Mudsdale|94\/100|[from] Stealth Rock\n|switch|p2a: Moltres|Moltres|10\/100 par\n|\n|-weather|none\n|-heal|p1a: Mudsdale|100\/100|[from] item: Leftovers\n|upkeep\n|turn|16\n|\n|t:|1663022526\n|move|p2a: Moltres|Hurricane|p1a: Mudsdale|[miss]\n|-miss|p2a: Moltres|p1a: Mudsdale\n|move|p1a: Mudsdale|Stealth Rock|p2a: Moltres\n|-sidestart|p2: eromangagaki|move: Stealth Rock\n|\n|upkeep\n|turn|17\n|\n|t:|1663022528\n|move|p2a: Moltres|Hurricane|p1a: Mudsdale|[miss]\n|-miss|p2a: Moltres|p1a: Mudsdale\n|move|p1a: Mudsdale|Body Press|p2a: Moltres\n|-resisted|p2a: Moltres\n|-damage|p2a: Moltres|0 fnt\n|faint|p2a: Moltres\n|\n|upkeep\n|\n|t:|1663022531\n|switch|p2a: Primarina|Primarina, F|100\/100\n|-damage|p2a: Primarina|88\/100|[from] Stealth Rock\n|turn|18\n|\n|t:|1663022539\n|move|p2a: Primarina|Scald|p1a: Mudsdale\n|-supereffective|p1a: Mudsdale\n|-damage|p1a: Mudsdale|4\/100\n|-ability|p1a: Mudsdale|Stamina|boost\n|-boost|p1a: Mudsdale|def|1\n|move|p1a: Mudsdale|Earthquake|p2a: Primarina\n|-damage|p2a: Primarina|41\/100\n|\n|-heal|p1a: Mudsdale|10\/100|[from] item: Leftovers\n|upkeep\n|turn|19\n|\n|t:|1663022543\n|switch|p2a: Corsola|Corsola-Galar, M|94\/100 par\n|-damage|p2a: Corsola|82\/100 par|[from] Stealth Rock\n|move|p1a: Mudsdale|Earthquake|p2a: Corsola\n|-damage|p2a: Corsola|49\/100 par\n|\n|-heal|p1a: Mudsdale|16\/100|[from] item: Leftovers\n|upkeep\n|turn|20\n|\n|t:|1663022547\n|move|p1a: Mudsdale|Earthquake|p2a: Corsola\n|-damage|p2a: Corsola|14\/100 par\n|move|p2a: Corsola|Strength Sap|p1a: Mudsdale\n|-unboost|p1a: Mudsdale|atk|1\n|-heal|p2a: Corsola|100\/100 par\n|\n|-heal|p1a: Mudsdale|23\/100|[from] item: Leftovers\n|upkeep\n|turn|21\n|\n|t:|1663022550\n|move|p1a: Mudsdale|Earthquake|p2a: Corsola\n|-damage|p2a: Corsola|79\/100 par\n|-start|p1a: Mudsdale|Disable|Earthquake|[from] ability: Cursed Body|[of] p2a: Corsola\n|cant|p2a: Corsola|par\n|\n|-heal|p1a: Mudsdale|29\/100|[from] item: Leftovers\n|upkeep\n|turn|22\n|\n|t:|1663022560\n|move|p1a: Mudsdale|Body Press|p2a: Corsola\n|-immune|p2a: Corsola\n|cant|p2a: Corsola|par\n|\n|-heal|p1a: Mudsdale|35\/100|[from] item: Leftovers\n|upkeep\n|turn|23\n|\n|t:|1663022565\n|switch|p1a: Kingdra|Kingdra, M|100\/100\n|-damage|p1a: Kingdra|88\/100|[from] Stealth Rock\n|move|p2a: Corsola|Night Shade|p1a: Kingdra\n|-damage|p1a: Kingdra|54\/100\n|\n|upkeep\n|turn|24\n|\n|t:|1663022568\n|move|p1a: Kingdra|Surf|p2a: Corsola\n|-damage|p2a: Corsola|14\/100 par\n|-start|p1a: Kingdra|Disable|Surf|[from] ability: Cursed Body|[of] p2a: Corsola\n|cant|p2a: Corsola|par\n|\n|upkeep\n|turn|25\n|\n|t:|1663022575\n|switch|p1a: Victini|Victini|51\/100\n|-damage|p1a: Victini|26\/100|[from] Stealth Rock\n|move|p2a: Corsola|Strength Sap|p1a: Victini\n|-unboost|p1a: Victini|atk|1\n|-heal|p2a: Corsola|100\/100 par\n|\n|upkeep\n|turn|26\n|j| BabyPigsAreLaughin\n|\n|t:|1663022583\n|move|p1a: Victini|V-create|p2a: Corsola\n|-damage|p2a: Corsola|35\/100 par\n|-unboost|p1a: Victini|spe|1\n|-unboost|p1a: Victini|def|1\n|-unboost|p1a: Victini|spd|1\n|-start|p1a: Victini|Disable|V-create|[from] ability: Cursed Body|[of] p2a: Corsola\n|move|p2a: Corsola|Strength Sap|p1a: Victini\n|-unboost|p1a: Victini|atk|1\n|-heal|p2a: Corsola|97\/100 par\n|\n|upkeep\n|turn|27\n|\n|t:|1663022587\n|switch|p1a: Kingdra|Kingdra, M|54\/100\n|-damage|p1a: Kingdra|41\/100|[from] Stealth Rock\n|switch|p2a: Tyranitar|Tyranitar, F|74\/100\n|-damage|p2a: Tyranitar|61\/100|[from] Stealth Rock\n|-weather|Sandstorm|[from] ability: Sand Stream|[of] p2a: Tyranitar\n|\n|-weather|Sandstorm|[upkeep]\n|-damage|p1a: Kingdra|35\/100|[from] Sandstorm\n|upkeep\n|turn|28\n|\n|t:|1663022593\n|switch|p2a: Primarina|Primarina, F|41\/100\n|-damage|p2a: Primarina|29\/100|[from] Stealth Rock\n|move|p1a: Kingdra|Surf|p2a: Primarina\n|-resisted|p2a: Primarina\n|-damage|p2a: Primarina|8\/100\n|\n|-weather|Sandstorm|[upkeep]\n|-damage|p1a: Kingdra|29\/100|[from] Sandstorm\n|-damage|p2a: Primarina|2\/100|[from] Sandstorm\n|upkeep\n|turn|29\n|\n|t:|1663022596\n|move|p1a: Kingdra|Surf|p2a: Primarina\n|-resisted|p2a: Primarina\n|-damage|p2a: Primarina|0 fnt\n|faint|p2a: Primarina\n|\n|-weather|Sandstorm|[upkeep]\n|-damage|p1a: Kingdra|23\/100|[from] Sandstorm\n|upkeep\n|\n|t:|1663022597\n|switch|p2a: Corsola|Corsola-Galar, M|97\/100 par\n|-damage|p2a: Corsola|84\/100 par|[from] Stealth Rock\n|turn|30\n|\n|t:|1663022599\n|move|p1a: Kingdra|Surf|p2a: Corsola\n|-damage|p2a: Corsola|25\/100 par\n|-start|p1a: Kingdra|Disable|Surf|[from] ability: Cursed Body|[of] p2a: Corsola\n|move|p2a: Corsola|Night Shade|p1a: Kingdra\n|-damage|p1a: Kingdra|0 fnt\n|faint|p1a: Kingdra\n|\n|-weather|Sandstorm|[upkeep]\n|-damage|p2a: Corsola|19\/100 par|[from] Sandstorm\n|upkeep\n|\n|t:|1663022603\n|switch|p1a: Heliolisk|Heliolisk, M|59\/100\n|-damage|p1a: Heliolisk|46\/100|[from] Stealth Rock\n|turn|31\n|\n|t:|1663022606\n|move|p1a: Heliolisk|Surf|p2a: Corsola\n|-damage|p2a: Corsola|0 fnt\n|faint|p2a: Corsola\n|-damage|p1a: Heliolisk|36\/100|[from] item: Life Orb\n|\n|-weather|none\n|upkeep\n|\n|t:|1663022607\n|switch|p2a: Tyranitar|Tyranitar, F|61\/100\n|-damage|p2a: Tyranitar|49\/100|[from] Stealth Rock\n|-weather|Sandstorm|[from] ability: Sand Stream|[of] p2a: Tyranitar\n|turn|32\n|\n|t:|1663022610\n|move|p1a: Heliolisk|Grass Knot|p2a: Tyranitar\n|-supereffective|p2a: Tyranitar\n|-damage|p2a: Tyranitar|0 fnt\n|faint|p2a: Tyranitar\n|-damage|p1a: Heliolisk|27\/100|[from] item: Life Orb\n|\n|win|RggV_YT\n|raw|RggV_YT's rating: 1840 &rarr; <strong>1857<\/strong><br \/>(+17 for winning)\n|raw|eromangagaki's rating: 1785 &rarr; <strong>1768<\/strong><br \/>(-17 for losing)\n|l|\u2606eromangagaki\n|l|\u2606RggV_YT\n||Ladder isn't responding, score probably updated but might not have (Request timeout).\n|l| BabyPigsAreLaughin\n","uploadtime":1663022716,"views":46,"p1id":"rggvyt","p2id":"eromangagaki","formatid":"gen8ou","rating":1768,"private":0,"password":null}