{"id":"gen8randombattle-1616805020","p1":"LeNorm","p2":"LECH24","format":"gen8randombattle","log":"|j|\u2606LeNorm\n|j|\u2606LECH24\n|t:|1657761107\n|gametype|singles\n|player|p1|LeNorm|2|1688\n|player|p2|LECH24|1|1682\n|teamsize|p1|6\n|teamsize|p2|6\n|gen|8\n|tier|[Gen 8] Random Battle\n|rated|\n|rule|Species Clause: Limit one of each Pok\u00e9mon\n|rule|HP Percentage Mod: HP is shown in percentages\n|rule|Sleep Clause Mod: Limit one foe put to sleep\n|\n|t:|1657761107\n|start\n|switch|p1a: Primarina|Primarina, L82, F|265\/265\n|switch|p2a: Mewtwo|Mewtwo, L72|272\/272\n|-ability|p2a: Mewtwo|Unnerve\n|turn|1\n|j| iii>iiiiiiu\n|j| Reeject\n|\n|t:|1657761139\n|switch|p2a: Scrafty|Scrafty, L82, F|241\/241\n|move|p1a: Primarina|Moonblast|p2a: Scrafty\n|-supereffective|p2a: Scrafty\n|-damage|p2a: Scrafty|0 fnt\n|faint|p2a: Scrafty\n|\n|upkeep\n|\n|t:|1657761143\n|switch|p2a: Persian|Persian, L88, M|258\/258\n|turn|2\n|\n|t:|1657761147\n|switch|p1a: Aegislash|Aegislash, L80, F|227\/227\n|move|p2a: Persian|Double-Edge|p1a: Aegislash\n|-immune|p1a: Aegislash\n|\n|upkeep\n|turn|3\n|\n|t:|1657761157\n|-start|p2a: Persian|Dynamax|\n|-heal|p2a: Persian|516\/516|[silent]\n|move|p2a: Persian|Max Darkness|p1a: Aegislash\n|-supereffective|p1a: Aegislash\n|-damage|p1a: Aegislash|123\/227\n|-unboost|p1a: Aegislash|spd|1\n|move|p1a: Aegislash|Substitute|p1a: Aegislash\n|-start|p1a: Aegislash|Substitute\n|-damage|p1a: Aegislash|67\/227\n|\n|-heal|p1a: Aegislash|81\/227|[from] item: Leftovers\n|upkeep\n|turn|4\n|\n|t:|1657761164\n|move|p1a: Aegislash|King's Shield|p1a: Aegislash\n|-singleturn|p1a: Aegislash|Protect\n|move|p2a: Persian|Max Darkness|p1a: Aegislash\n|-supereffective|p1a: Aegislash\n|-zbroken|p1a: Aegislash\n|-activate|p1a: Aegislash|move: Substitute|[damage]\n|-unboost|p1a: Aegislash|spd|1\n|\n|-heal|p1a: Aegislash|95\/227|[from] item: Leftovers\n|upkeep\n|turn|5\n|\n|t:|1657761173\n|move|p2a: Persian|Max Darkness|p1a: Aegislash\n|-supereffective|p1a: Aegislash\n|-end|p1a: Aegislash|Substitute\n|-unboost|p1a: Aegislash|spd|1\n|move|p1a: Aegislash|Toxic|p2a: Persian|[miss]\n|-miss|p1a: Aegislash|p2a: Persian\n|\n|-heal|p1a: Aegislash|109\/227|[from] item: Leftovers\n|upkeep\n|-end|p2a: Persian|Dynamax\n|-heal|p2a: Persian|258\/258|[silent]\n|turn|6\n|\n|t:|1657761182\n|switch|p2a: Sigilyph|Sigilyph, L83, M|255\/255\n|move|p1a: Aegislash|King's Shield||[still]\n|-fail|p1a: Aegislash\n|\n|-heal|p1a: Aegislash|123\/227|[from] item: Leftovers\n|upkeep\n|turn|7\n|\n|t:|1657761189\n|move|p2a: Sigilyph|Heat Wave|p1a: Aegislash\n|-supereffective|p1a: Aegislash\n|-damage|p1a: Aegislash|0 fnt\n|faint|p1a: Aegislash\n|\n|upkeep\n|\n|t:|1657761204\n|switch|p1a: Tauros|Tauros, L82, M|257\/257\n|turn|8\n|\n|t:|1657761211\n|switch|p2a: Kingler|Kingler, L84, F|230\/230\n|move|p1a: Tauros|Rock Slide|p2a: Kingler\n|-damage|p2a: Kingler|161\/230\n|\n|upkeep\n|turn|9\n|l| Reeject\n|\n|t:|1657761219\n|move|p1a: Tauros|Body Slam|p2a: Kingler\n|-damage|p2a: Kingler|31\/230\n|move|p2a: Kingler|Superpower|p1a: Tauros\n|-supereffective|p1a: Tauros\n|-damage|p1a: Tauros|0 fnt\n|-unboost|p2a: Kingler|atk|1\n|-unboost|p2a: Kingler|def|1\n|faint|p1a: Tauros\n|-damage|p2a: Kingler|8\/230|[from] item: Life Orb\n|\n|upkeep\n|\n|t:|1657761240\n|switch|p1a: Frosmoth|Frosmoth, L82, F|249\/249\n|turn|10\n|\n|t:|1657761244\n|move|p2a: Kingler|Rock Slide|p1a: Frosmoth\n|-supereffective|p1a: Frosmoth\n|-damage|p1a: Frosmoth|0 fnt\n|faint|p1a: Frosmoth\n|\n|upkeep\n|\n|t:|1657761259\n|switch|p1a: Rapidash|Rapidash, L84, F|246\/246\n|turn|11\n|\n|t:|1657761262\n|move|p1a: Rapidash|Flare Blitz|p2a: Kingler\n|-resisted|p2a: Kingler\n|-damage|p2a: Kingler|0 fnt\n|faint|p2a: Kingler\n|-damage|p1a: Rapidash|243\/246|[from] Recoil\n|\n|upkeep\n|\n|t:|1657761267\n|switch|p2a: Persian|Persian, L88, M|258\/258\n|turn|12\n|\n|t:|1657761279\n|move|p2a: Persian|Double-Edge|p1a: Rapidash\n|-damage|p1a: Rapidash|63\/246\n|-damage|p2a: Persian|199\/258|[from] Recoil\n|move|p1a: Rapidash|Swords Dance|p1a: Rapidash\n|-boost|p1a: Rapidash|atk|2\n|\n|upkeep\n|turn|13\n|\n|t:|1657761284\n|switch|p1a: Cradily|Cradily, L86, M|288\/288\n|move|p2a: Persian|Double-Edge|p1a: Cradily\n|-resisted|p1a: Cradily\n|-damage|p1a: Cradily|217\/288\n|-damage|p2a: Persian|176\/258|[from] Recoil\n|\n|-heal|p1a: Cradily|235\/288|[from] item: Leftovers\n|upkeep\n|turn|14\n|\n|t:|1657761294\n|switch|p2a: Darmanitan|Darmanitan, L80, M|299\/299\n|move|p1a: Cradily|Toxic|p2a: Darmanitan\n|-status|p2a: Darmanitan|tox\n|\n|-heal|p1a: Cradily|253\/288|[from] item: Leftovers\n|-damage|p2a: Darmanitan|281\/299 tox|[from] psn\n|upkeep\n|turn|15\n|\n|t:|1657761318\n|move|p2a: Darmanitan|Flare Blitz|p1a: Cradily\n|-damage|p1a: Cradily|14\/288\n|-damage|p2a: Darmanitan|202\/299 tox|[from] Recoil\n|move|p1a: Cradily|Recover|p1a: Cradily\n|-heal|p1a: Cradily|158\/288\n|\n|-heal|p1a: Cradily|176\/288|[from] item: Leftovers\n|-damage|p2a: Darmanitan|166\/299 tox|[from] psn\n|upkeep\n|turn|16\n|\n|t:|1657761323\n|switch|p1a: Rapidash|Rapidash, L84, F|63\/246\n|move|p2a: Darmanitan|Earthquake|p1a: Rapidash\n|-supereffective|p1a: Rapidash\n|-damage|p1a: Rapidash|0 fnt\n|faint|p1a: Rapidash\n|-damage|p2a: Darmanitan|137\/299 tox|[from] item: Life Orb\n|\n|-damage|p2a: Darmanitan|83\/299 tox|[from] psn\n|upkeep\n|\n|t:|1657761327\n|switch|p1a: Primarina|Primarina, L82, F|265\/265\n|turn|17\n|\n|t:|1657761334\n|switch|p1a: Cradily|Cradily, L86, M|176\/288\n|move|p2a: Darmanitan|Flare Blitz|p1a: Cradily\n|-damage|p1a: Cradily|0 fnt\n|faint|p1a: Cradily\n|-damage|p2a: Darmanitan|25\/299 tox|[from] Recoil\n|\n|-damage|p2a: Darmanitan|0 fnt|[from] psn\n|faint|p2a: Darmanitan\n|upkeep\n|\n|t:|1657761344\n|switch|p2a: Persian|Persian, L88, M|176\/258\n|switch|p1a: Primarina|Primarina, L82, F|265\/265\n|turn|18\n|\n|t:|1657761352\n|-start|p1a: Primarina|Dynamax|\n|-heal|p1a: Primarina|530\/530|[silent]\n|move|p2a: Persian|Double-Edge|p1a: Primarina\n|-damage|p1a: Primarina|338\/530\n|-damage|p2a: Persian|113\/258|[from] Recoil\n|move|p1a: Primarina|Max Geyser|p2a: Persian\n|-damage|p2a: Persian|0 fnt\n|-weather|RainDance\n|faint|p2a: Persian\n|\n|-weather|RainDance|[upkeep]\n|upkeep\n|\n|t:|1657761358\n|switch|p2a: Sigilyph|Sigilyph, L83, M|255\/255\n|turn|19\n|\n|t:|1657761364\n|move|p2a: Sigilyph|Energy Ball|p1a: Primarina\n|-supereffective|p1a: Primarina\n|-damage|p1a: Primarina|187\/530\n|move|p1a: Primarina|Max Geyser|p2a: Sigilyph\n|-crit|p2a: Sigilyph\n|-damage|p2a: Sigilyph|0 fnt\n|faint|p2a: Sigilyph\n|\n|-weather|RainDance|[upkeep]\n|upkeep\n|\n|t:|1657761367\n|switch|p2a: Mewtwo|Mewtwo, L72|272\/272\n|-ability|p2a: Mewtwo|Unnerve\n|turn|20\n|\n|t:|1657761374\n|move|p2a: Mewtwo|Nasty Plot|p2a: Mewtwo\n|-boost|p2a: Mewtwo|spa|2\n|move|p1a: Primarina|Max Geyser|p2a: Mewtwo\n|-damage|p2a: Mewtwo|0 fnt\n|faint|p2a: Mewtwo\n|\n|win|LeNorm\n|raw|LeNorm's rating: 1688 &rarr; <strong>1708<\/strong><br \/>(+20 for winning)\n|raw|LECH24's rating: 1682 &rarr; <strong>1662<\/strong><br \/>(-20 for losing)\n|c|\u2606LeNorm|gg\n|c|\u2606LECH24|Gg\n|l|\u2606LECH24\n||Ladder isn't responding, score probably updated but might not have (Request timeout).\n","inputlog":">version 4ea5a6a9dca8618be8e68d095151cb68dd6bfaa6\n>start {\"formatid\":\"gen8randombattle\",\"seed\":[26870,43993,60,5750],\"rated\":\"Rated battle\"}\n>player p1 {\"name\":\"LeNorm\",\"avatar\":\"2\",\"rating\":1688,\"seed\":[43388,53252,18690,35582]}\n>player p2 {\"name\":\"LECH24\",\"avatar\":\"1\",\"rating\":1682,\"seed\":[38624,5217,57159,19543]}\n>p1 move moonblast\n>p2 switch 3\n>p2 switch 4\n>p1 switch 2\n>p2 move doubleedge\n>p1 move substitute\n>p2 move knockoff dynamax\n>p1 move kingsshield\n>p2 move knockoff dynamax\n>p1 move toxic\n>p2 move knockoff dynamax\n>p1 move kingsshield\n>p2 switch 2\n>p1 move shadowball\n>p2 move heatwave\n>p1 switch 3\n>p1 move rockslide\n>p2 switch 5\n>p1 move bodyslam\n>p2 move superpower\n>p1 switch 6\n>p1 move quiverdance\n>p2 move rockslide\n>p1 switch 4\n>p1 move flareblitz\n>p2 move liquidation\n>p2 switch 2\n>p1 move swordsdance\n>p2 move doubleedge\n>p1 switch 5\n>p2 move doubleedge\n>p1 move toxic\n>p2 switch 6\n>p1 move recover\n>p2 move flareblitz\n>p1 switch 5\n>p2 move earthquake\n>p1 switch 2\n>p1 switch 5\n>p2 move flareblitz\n>p1 switch 5\n>p2 switch 6\n>p1 move sparklingaria dynamax\n>p2 move doubleedge\n>p2 switch 5\n>p1 move sparklingaria dynamax\n>p2 move energyball\n>p2 switch 3\n>p1 move sparklingaria dynamax\n>p2 move nastyplot","uploadtime":1657761383,"views":4,"p1id":"lenorm","p2id":"lech24","formatid":"gen8randombattle","rating":1662,"private":0,"password":null}