{"id":"gen8ou-1678657892","p1":"bthorn_blastoise","p2":"brettfavreguilty","format":"gen8ou","log":"|j|\u2606bthorn_blastoise\n|j|\u2606brettfavreguilty\n|t:|1665010675\n|gametype|singles\n|player|p1|bthorn_blastoise|266|1326\n|player|p2|brettfavreguilty|harlequin|1279\n|teamsize|p1|6\n|teamsize|p2|6\n|gen|8\n|tier|[Gen 8] OU\n|rated|\n|rule|Sleep Clause Mod: Limit one foe put to sleep\n|rule|Species Clause: Limit one of each Pok\u00e9mon\n|rule|OHKO Clause: OHKO moves are banned\n|rule|Evasion Items Clause: Evasion items are banned\n|rule|Evasion Moves Clause: Evasion moves are banned\n|rule|Endless Battle Clause: Forcing endless battles is banned\n|rule|HP Percentage Mod: HP is shown in percentages\n|rule|Dynamax Clause: You cannot dynamax\n|clearpoke\n|poke|p1|Tapu Koko|\n|poke|p1|Urshifu-*, M|\n|poke|p1|Slowking-Galar, F|\n|poke|p1|Corviknight, F|\n|poke|p1|Landorus-Therian, M|\n|poke|p1|Weavile, F|\n|poke|p2|Landorus-Therian, M|\n|poke|p2|Silvally-*|\n|poke|p2|Cursola, F|\n|poke|p2|Ferrothorn, M|\n|poke|p2|Kartana|\n|poke|p2|Tyranitar, M|\n|teampreview\n|inactive|Battle timer is ON: inactive players will automatically lose when time's up. (requested by brettfavreguilty)\n|inactive|bthorn_blastoise also wants the timer to be on.\n|\n|t:|1665010693\n|start\n|switch|p1a: Urshifu|Urshifu-Rapid-Strike, M|100\/100\n|switch|p2a: Landorus|Landorus-Therian, M|100\/100\n|-ability|p2a: Landorus|Intimidate|boost\n|-unboost|p1a: Urshifu|atk|1\n|turn|1\n|\n|t:|1665010699\n|switch|p2a: Ferrothorn|Ferrothorn, M|100\/100\n|move|p1a: Urshifu|U-turn|p2a: Ferrothorn\n|-damage|p2a: Ferrothorn|83\/100\n|-damage|p1a: Urshifu|88\/100|[from] ability: Iron Barbs|[of] p2a: Ferrothorn\n|-damage|p1a: Urshifu|72\/100|[from] item: Rocky Helmet|[of] p2a: Ferrothorn\n|\n|t:|1665010704\n|switch|p1a: Slowking|Slowking-Galar, F|100\/100|[from]move: U-turn\n|\n|upkeep\n|turn|2\n|\n|t:|1665010709\n|switch|p2a: Tyranitar|Tyranitar, M|100\/100\n|-weather|Sandstorm|[from] ability: Sand Stream|[of] p2a: Tyranitar\n|move|p1a: Slowking|Flamethrower|p2a: Tyranitar\n|-resisted|p2a: Tyranitar\n|-damage|p2a: Tyranitar|93\/100\n|\n|-weather|Sandstorm|[upkeep]\n|-damage|p1a: Slowking|94\/100|[from] Sandstorm\n|upkeep\n|turn|3\n|\n|t:|1665010714\n|switch|p1a: Corviknight|Corviknight, F|100\/100\n|-ability|p1a: Corviknight|Pressure\n|move|p2a: Tyranitar|Stone Edge|p1a: Corviknight\n|-damage|p1a: Corviknight|51\/100\n|\n|-weather|Sandstorm|[upkeep]\n|upkeep\n|turn|4\n|\n|t:|1665010723\n|move|p2a: Tyranitar|Stone Edge|p1a: Corviknight\n|-damage|p1a: Corviknight|1\/100\n|move|p1a: Corviknight|Body Press|p2a: Tyranitar\n|-supereffective|p2a: Tyranitar\n|-damage|p2a: Tyranitar|0 fnt\n|faint|p2a: Tyranitar\n|\n|-weather|Sandstorm|[upkeep]\n|upkeep\n|\n|t:|1665010737\n|switch|p2a: Kartana|Kartana|100\/100\n|turn|5\n|\n|t:|1665010741\n|switch|p1a: Landorus|Landorus-Therian, M|100\/100\n|-ability|p1a: Landorus|Intimidate|boost\n|-unboost|p2a: Kartana|atk|1\n|move|p2a: Kartana|Knock Off|p1a: Landorus\n|-damage|p1a: Landorus|75\/100\n|-enditem|p1a: Landorus|Leftovers|[from] move: Knock Off|[of] p2a: Kartana\n|-damage|p2a: Kartana|91\/100|[from] item: Life Orb\n|\n|-weather|Sandstorm|[upkeep]\n|upkeep\n|turn|6\n|\n|t:|1665010746\n|switch|p2a: Landorus|Landorus-Therian, M|100\/100\n|-ability|p2a: Landorus|Intimidate|boost\n|-unboost|p1a: Landorus|atk|1\n|move|p1a: Landorus|U-turn|p2a: Landorus\n|-resisted|p2a: Landorus\n|-damage|p2a: Landorus|93\/100\n|-damage|p1a: Landorus|59\/100|[from] item: Rocky Helmet|[of] p2a: Landorus\n|\n|t:|1665010751\n|switch|p1a: Weavile|Weavile, F|100\/100|[from]move: U-turn\n|-ability|p1a: Weavile|Pressure\n|\n|-weather|none\n|upkeep\n|turn|7\n|\n|t:|1665010756\n|switch|p2a: Ferrothorn|Ferrothorn, M|83\/100\n|move|p1a: Weavile|Knock Off|p2a: Ferrothorn\n|-damage|p2a: Ferrothorn|45\/100\n|-damage|p1a: Weavile|88\/100|[from] ability: Iron Barbs|[of] p2a: Ferrothorn\n|-damage|p1a: Weavile|72\/100|[from] item: Rocky Helmet|[of] p2a: Ferrothorn\n|-enditem|p2a: Ferrothorn|Rocky Helmet|[from] move: Knock Off|[of] p1a: Weavile\n|\n|upkeep\n|turn|8\n|\n|t:|1665010780\n|switch|p1a: Landorus|Landorus-Therian, M|59\/100\n|-ability|p1a: Landorus|Intimidate|boost\n|-unboost|p2a: Ferrothorn|atk|1\n|move|p2a: Ferrothorn|Leech Seed|p1a: Landorus\n|-start|p1a: Landorus|move: Leech Seed\n|\n|-damage|p1a: Landorus|46\/100|[from] Leech Seed|[of] p2a: Ferrothorn\n|-heal|p2a: Ferrothorn|58\/100|[silent]\n|upkeep\n|turn|9\n|\n|t:|1665010786\n|switch|p1a: Urshifu|Urshifu-Rapid-Strike, M|72\/100\n|move|p2a: Ferrothorn|Spikes|p1a: Urshifu\n|-sidestart|p1: bthorn_blastoise|Spikes\n|\n|upkeep\n|turn|10\n|\n|t:|1665010791\n|move|p1a: Urshifu|Surging Strikes|p2a: Ferrothorn\n|-resisted|p2a: Ferrothorn\n|-crit|p2a: Ferrothorn\n|-damage|p2a: Ferrothorn|48\/100\n|-damage|p1a: Urshifu|59\/100|[from] ability: Iron Barbs|[of] p2a: Ferrothorn\n|-resisted|p2a: Ferrothorn\n|-crit|p2a: Ferrothorn\n|-damage|p2a: Ferrothorn|36\/100\n|-damage|p1a: Urshifu|47\/100|[from] ability: Iron Barbs|[of] p2a: Ferrothorn\n|-resisted|p2a: Ferrothorn\n|-crit|p2a: Ferrothorn\n|-damage|p2a: Ferrothorn|25\/100\n|-damage|p1a: Urshifu|35\/100|[from] ability: Iron Barbs|[of] p2a: Ferrothorn\n|-hitcount|p2a: Ferrothorn|3\n|move|p2a: Ferrothorn|Knock Off|p1a: Urshifu\n|-resisted|p1a: Urshifu\n|-damage|p1a: Urshifu|28\/100\n|-enditem|p1a: Urshifu|Choice Band|[from] move: Knock Off|[of] p2a: Ferrothorn\n|\n|upkeep\n|turn|11\n|\n|t:|1665010804\n|switch|p2a: Landorus|Landorus-Therian, M|93\/100\n|-ability|p2a: Landorus|Intimidate|boost\n|-unboost|p1a: Urshifu|atk|1\n|move|p1a: Urshifu|Surging Strikes|p2a: Landorus\n|-supereffective|p2a: Landorus\n|-crit|p2a: Landorus\n|-damage|p2a: Landorus|55\/100\n|-damage|p1a: Urshifu|12\/100|[from] item: Rocky Helmet|[of] p2a: Landorus\n|-supereffective|p2a: Landorus\n|-crit|p2a: Landorus\n|-damage|p2a: Landorus|20\/100\n|-damage|p1a: Urshifu|0 fnt|[from] item: Rocky Helmet|[of] p2a: Landorus\n|faint|p1a: Urshifu\n|-hitcount|p2a: Landorus|2\n|\n|upkeep\n|\n|t:|1665010813\n|switch|p1a: Tapu Koko|Tapu Koko|100\/100\n|-fieldstart|move: Electric Terrain|[from] ability: Electric Surge|[of] p1a: Tapu Koko\n|turn|12\n|\n|t:|1665010819\n|move|p1a: Tapu Koko|Dazzling Gleam|p2a: Landorus\n|-damage|p2a: Landorus|0 fnt\n|faint|p2a: Landorus\n|\n|upkeep\n|\n|t:|1665010827\n|switch|p2a: Cursola|Cursola, F|100\/100\n|turn|13\n|\n|t:|1665010835\n|move|p1a: Tapu Koko|U-turn|p2a: Cursola\n|-resisted|p2a: Cursola\n|-damage|p2a: Cursola|86\/100\n|-ability|p2a: Cursola|Weak Armor|boost\n|-unboost|p2a: Cursola|def|1\n|-boost|p2a: Cursola|spe|2\n|\n|t:|1665010840\n|switch|p1a: Weavile|Weavile, F|72\/100|[from]move: U-turn\n|-ability|p1a: Weavile|Pressure\n|move|p2a: Cursola|Meteor Beam||[still]\n|-prepare|p2a: Cursola|Meteor Beam\n|-boost|p2a: Cursola|spa|1\n|-enditem|p2a: Cursola|Power Herb\n|-anim|p2a: Cursola|Meteor Beam|p1a: Weavile\n|-supereffective|p1a: Weavile\n|-damage|p1a: Weavile|0 fnt\n|faint|p1a: Weavile\n|\n|upkeep\n|-message|bthorn_blastoise forfeited.\n|\n|win|brettfavreguilty\n|raw|bthorn_blastoise's rating: 1326 &rarr; <strong>1303<\/strong><br \/>(-23 for losing)\n|raw|brettfavreguilty's rating: 1279 &rarr; <strong>1307<\/strong><br \/>(+28 for winning)\n|l|\u2606bthorn_blastoise\n||Ladder isn't responding, score probably updated but might not have (Request timeout).\n","uploadtime":1665010852,"views":23,"p1id":"bthornblastoise","p2id":"brettfavreguilty","formatid":"gen8ou","rating":1303,"private":0,"password":null}