{"id":"gen8nationaldex-1401677365","p1":"wussyman69","p2":"Benjamin Gilbert","format":"gen8nationaldex","log":"|j|\u2606wussyman69\n|j|\u2606Benjamin Gilbert\n|inactive|Battle timer is ON: inactive players will automatically lose when time's up.\n|t:|1629659112\n|gametype|singles\n|player|p1|wussyman69|veteran-gen4|\n|player|p2|Benjamin Gilbert|1|\n|teamsize|p1|6\n|teamsize|p2|6\n|gen|8\n|tier|[Gen 8] National Dex\n|rated|Tournament battle\n|rule|HP Percentage Mod: HP is shown in percentages\n|rule|Endless Battle Clause: Forcing endless battles is banned\n|rule|OHKO Clause: OHKO moves are banned\n|rule|Evasion Moves Clause: Evasion moves are banned\n|rule|Species Clause: Limit one of each Pok\u00e9mon\n|rule|Dynamax Clause: You cannot dynamax\n|rule|Sleep Clause Mod: Limit one foe put to sleep\n|clearpoke\n|poke|p1|Infernape, F|\n|poke|p1|Zapdos|\n|poke|p1|Corviknight, F|\n|poke|p1|Greninja, M|\n|poke|p1|Mamoswine, M|\n|poke|p1|Venusaur, M|\n|poke|p2|Buzzwole|\n|poke|p2|Altaria, M|\n|poke|p2|Gliscor, F|\n|poke|p2|Ferrothorn, M|\n|poke|p2|Lycanroc-Dusk, F|\n|poke|p2|Tapu Koko|\n|teampreview\n|c|\u2606wussyman69|glhf\n|c|\u2606Benjamin Gilbert|u2\n|j| LazyTreyzie\n|\n|t:|1629659141\n|start\n|switch|p1a: Tanky Birb|Corviknight, F|100\/100\n|switch|p2a: Tom Robinson|Tapu Koko, shiny|100\/100\n|-fieldstart|move: Electric Terrain|[from] ability: Electric Surge|[of] p2a: Tom Robinson\n|turn|1\n|\n|t:|1629659146\n|switch|p1a: Manny|Mamoswine, M|100\/100\n|move|p2a: Tom Robinson|U-turn|p1a: Manny\n|-damage|p1a: Manny|83\/100\n|\n|t:|1629659156\n|switch|p2a: Swiper|Lycanroc-Dusk, F|100\/100|[from]move: U-turn\n|\n|upkeep\n|turn|2\n|c|\u2606wussyman69|no swiping\n|c|\u2606Benjamin Gilbert|but i can still close combat right\n|\n|t:|1629659182\n|move|p2a: Swiper|Swords Dance|p2a: Swiper\n|-boost|p2a: Swiper|atk|2\n|move|p1a: Manny|Earthquake|p2a: Swiper\n|-supereffective|p2a: Swiper\n|-damage|p2a: Swiper|0 fnt\n|faint|p2a: Swiper\n|\n|upkeep\n|c|\u2606Benjamin Gilbert|i guess not\n|c|\u2606wussyman69|as long as theres no swping\n|\n|t:|1629659190\n|switch|p2a: Spiked Up|Ferrothorn, M, shiny|100\/100\n|turn|3\n|\n|t:|1629659194\n|move|p1a: Manny|Stealth Rock|p2a: Spiked Up\n|-sidestart|p2: Benjamin Gilbert|move: Stealth Rock\n|move|p2a: Spiked Up|Stealth Rock|p1a: Manny\n|-sidestart|p1: wussyman69|move: Stealth Rock\n|\n|upkeep\n|turn|4\n|\n|t:|1629659197\n|switch|p1a: Static Shock|Zapdos|100\/100\n|move|p2a: Spiked Up|Power Whip|p1a: Static Shock\n|-resisted|p1a: Static Shock\n|-damage|p1a: Static Shock|78\/100\n|-status|p2a: Spiked Up|par|[from] ability: Static|[of] p1a: Static Shock\n|\n|upkeep\n|turn|5\n|\n|t:|1629659204\n|move|p1a: Static Shock|Hurricane|p2a: Spiked Up|[miss]\n|-miss|p1a: Static Shock|p2a: Spiked Up\n|move|p2a: Spiked Up|Leech Seed|p1a: Static Shock\n|-start|p1a: Static Shock|move: Leech Seed\n|\n|-damage|p1a: Static Shock|65\/100|[from] Leech Seed|[of] p2a: Spiked Up\n|-fieldend|move: Electric Terrain\n|upkeep\n|turn|6\n|\n|t:|1629659210\n|switch|p1a: monke|Infernape, F|100\/100\n|-damage|p1a: monke|88\/100|[from] Stealth Rock\n|switch|p2a: Tom Robinson|Tapu Koko, shiny|100\/100\n|-fieldstart|move: Electric Terrain|[from] ability: Electric Surge|[of] p2a: Tom Robinson\n|\n|upkeep\n|turn|7\n|\n|t:|1629659225\n|switch|p1a: Wenusaur|Venusaur, M|100\/100\n|-damage|p1a: Wenusaur|88\/100|[from] Stealth Rock\n|move|p2a: Tom Robinson|Thunderbolt|p1a: Wenusaur\n|-resisted|p1a: Wenusaur\n|-damage|p1a: Wenusaur|58\/100\n|\n|upkeep\n|turn|8\n|\n|t:|1629659231\n|detailschange|p1a: Wenusaur|Venusaur-Mega, M\n|-mega|p1a: Wenusaur|Venusaur|Venusaurite\n|move|p2a: Tom Robinson|U-turn|p1a: Wenusaur\n|-damage|p1a: Wenusaur|42\/100\n|\n|t:|1629659237\n|switch|p2a: WALMART LANDO|Gliscor, F, shiny|100\/100|[from]move: U-turn\n|-damage|p2a: WALMART LANDO|88\/100|[from] Stealth Rock\n|move|p1a: Wenusaur|Giga Drain|p2a: WALMART LANDO\n|-damage|p2a: WALMART LANDO|46\/100\n|-heal|p1a: Wenusaur|67\/100|[from] drain|[of] p2a: WALMART LANDO\n|\n|-status|p2a: WALMART LANDO|tox|[from] item: Toxic Orb\n|upkeep\n|turn|9\n|\n|t:|1629659243\n|move|p2a: WALMART LANDO|U-turn|p1a: Wenusaur\n|-damage|p1a: Wenusaur|52\/100\n|\n|t:|1629659251\n|switch|p2a: Spiked Up|Ferrothorn, M, shiny|100\/100 par|[from]move: U-turn\n|-damage|p2a: Spiked Up|94\/100 par|[from] Stealth Rock\n|move|p1a: Wenusaur|Giga Drain|p2a: Spiked Up\n|-resisted|p2a: Spiked Up\n|-damage|p2a: Spiked Up|87\/100 par\n|-heal|p1a: Wenusaur|57\/100|[from] drain|[of] p2a: Spiked Up\n|\n|-heal|p2a: Spiked Up|93\/100 par|[from] item: Leftovers\n|upkeep\n|turn|10\n|\n|t:|1629659256\n|switch|p2a: Clairo|Altaria, M, shiny|100\/100\n|-damage|p2a: Clairo|76\/100|[from] Stealth Rock\n|move|p1a: Wenusaur|Knock Off|p2a: Clairo\n|-damage|p2a: Clairo|60\/100\n|\n|-fieldend|move: Electric Terrain\n|upkeep\n|turn|11\n|\n|t:|1629659265\n|move|p1a: Wenusaur|Sludge Bomb|p2a: Clairo\n|-damage|p2a: Clairo|7\/100\n|move|p2a: Clairo|Roost|p2a: Clairo\n|-heal|p2a: Clairo|57\/100\n|-singleturn|p2a: Clairo|move: Roost\n|\n|upkeep\n|turn|12\n|\n|t:|1629659277\n|switch|p2a: Spiked Up|Ferrothorn, M, shiny|93\/100 par\n|-damage|p2a: Spiked Up|87\/100 par|[from] Stealth Rock\n|move|p1a: Wenusaur|Sludge Bomb|p2a: Spiked Up\n|-immune|p2a: Spiked Up\n|\n|-heal|p2a: Spiked Up|93\/100 par|[from] item: Leftovers\n|upkeep\n|turn|13\n|\n|t:|1629659283\n|switch|p1a: Static Shock|Zapdos|65\/100\n|move|p2a: Spiked Up|Thunder Wave|p1a: Static Shock\n|-immune|p1a: Static Shock\n|\n|-heal|p2a: Spiked Up|99\/100 par|[from] item: Leftovers\n|upkeep\n|turn|14\n|\n|t:|1629659303\n|move|p1a: Static Shock|Defog|p2a: Spiked Up\n|-unboost|p2a: Spiked Up|evasion|1\n|-sideend|p2: Benjamin Gilbert|Stealth Rock|[from] move: Defog|[of] p1a: Static Shock\n|-sideend|p1: wussyman69|Stealth Rock|[from] move: Defog|[of] p1a: Static Shock\n|move|p2a: Spiked Up|Leech Seed|p1a: Static Shock\n|-start|p1a: Static Shock|move: Leech Seed\n|\n|-heal|p2a: Spiked Up|100\/100 par|[from] item: Leftovers\n|-damage|p1a: Static Shock|53\/100|[from] Leech Seed|[of] p2a: Spiked Up\n|upkeep\n|turn|15\n|\n|t:|1629659307\n|move|p1a: Static Shock|Hurricane|p2a: Spiked Up\n|-damage|p2a: Spiked Up|66\/100 par\n|move|p2a: Spiked Up|Stealth Rock|p1a: Static Shock\n|-sidestart|p1: wussyman69|move: Stealth Rock\n|\n|-heal|p2a: Spiked Up|72\/100 par|[from] item: Leftovers\n|-damage|p1a: Static Shock|40\/100|[from] Leech Seed|[of] p2a: Spiked Up\n|-heal|p2a: Spiked Up|83\/100 par|[silent]\n|upkeep\n|turn|16\n|\n|t:|1629659313\n|switch|p1a: monke|Infernape, F|88\/100\n|-damage|p1a: monke|76\/100|[from] Stealth Rock\n|move|p2a: Spiked Up|Power Whip|p1a: monke\n|-resisted|p1a: monke\n|-damage|p1a: monke|46\/100\n|\n|-heal|p2a: Spiked Up|89\/100 par|[from] item: Leftovers\n|upkeep\n|turn|17\n|\n|t:|1629659334\n|switch|p2a: WALMART LANDO|Gliscor, F, shiny|46\/100 tox\n|move|p1a: monke|Flare Blitz|p2a: WALMART LANDO\n|-damage|p2a: WALMART LANDO|0 fnt\n|faint|p2a: WALMART LANDO\n|-damage|p1a: monke|28\/100|[from] Recoil\n|\n|upkeep\n|inactive|Benjamin Gilbert has 120 seconds left.\n|\n|t:|1629659365\n|switch|p2a: Clairo|Altaria, M, shiny|57\/100\n|turn|18\n|\n|t:|1629659372\n|switch|p1a: ass katchup|Greninja, M|100\/100\n|-damage|p1a: ass katchup|88\/100|[from] Stealth Rock\n|detailschange|p2a: Clairo|Altaria-Mega, M, shiny\n|-mega|p2a: Clairo|Altaria|Altarianite\n|move|p2a: Clairo|Roost|p2a: Clairo\n|-heal|p2a: Clairo|100\/100\n|-singleturn|p2a: Clairo|move: Roost\n|\n|upkeep\n|turn|19\n|\n|t:|1629659379\n|move|p1a: ass katchup|Ice Beam|p2a: Clairo\n|-supereffective|p2a: Clairo\n|-crit|p2a: Clairo\n|-damage|p2a: Clairo|0 fnt\n|faint|p2a: Clairo\n|-activate|p1a: ass katchup|ability: Battle Bond\n|detailschange|p1a: ass katchup|Greninja-Ash, M\n|\n|upkeep\n|\n|t:|1629659385\n|switch|p2a: Tom Robinson|Tapu Koko, shiny|100\/100\n|-fieldstart|move: Electric Terrain|[from] ability: Electric Surge|[of] p2a: Tom Robinson\n|turn|20\n|c|\u2606Benjamin Gilbert|bruh\n|c|\u2606Benjamin Gilbert|sad crit\n|inactive|Benjamin Gilbert has 120 seconds left.\n|\n|t:|1629659407\n|move|p1a: ass katchup|Surf|p2a: Tom Robinson\n|-damage|p2a: Tom Robinson|17\/100\n|move|p2a: Tom Robinson|Dazzling Gleam|p1a: ass katchup\n|-supereffective|p1a: ass katchup\n|-damage|p1a: ass katchup|0 fnt\n|faint|p1a: ass katchup\n|\n|upkeep\n|c|\u2606wussyman69|f\n|\n|t:|1629659430\n|switch|p1a: Manny|Mamoswine, M|83\/100\n|-damage|p1a: Manny|71\/100|[from] Stealth Rock\n|turn|21\n|inactive|Benjamin Gilbert has 120 seconds left.\n|\n|t:|1629659443\n|switch|p2a: Arnold|Buzzwole|100\/100\n|move|p1a: Manny|Ice Shard|p2a: Arnold\n|-damage|p2a: Arnold|88\/100\n|\n|upkeep\n|turn|22\n|\n|t:|1629659452\n|switch|p1a: Tanky Birb|Corviknight, F|100\/100\n|-damage|p1a: Tanky Birb|88\/100|[from] Stealth Rock\n|move|p2a: Arnold|Substitute|p2a: Arnold\n|-start|p2a: Arnold|Substitute\n|-damage|p2a: Arnold|63\/100\n|\n|upkeep\n|turn|23\n|\n|t:|1629659458\n|move|p2a: Arnold|Roost|p2a: Arnold\n|-heal|p2a: Arnold|100\/100\n|-singleturn|p2a: Arnold|move: Roost\n|move|p1a: Tanky Birb|Brave Bird|p2a: Arnold\n|-supereffective|p2a: Arnold\n|-end|p2a: Arnold|Substitute\n|-damage|p1a: Tanky Birb|80\/100|[from] Recoil|[of] p2a: Arnold\n|\n|upkeep\n|turn|24\n|\n|t:|1629659464\n|switch|p2a: Spiked Up|Ferrothorn, M, shiny|89\/100 par\n|move|p1a: Tanky Birb|Brave Bird|p2a: Spiked Up\n|-damage|p2a: Spiked Up|60\/100 par\n|-damage|p1a: Tanky Birb|67\/100|[from] ability: Iron Barbs|[of] p2a: Spiked Up\n|-damage|p1a: Tanky Birb|59\/100|[from] Recoil\n|\n|-heal|p2a: Spiked Up|67\/100 par|[from] item: Leftovers\n|-fieldend|move: Electric Terrain\n|upkeep\n|turn|25\n|\n|t:|1629659471\n|move|p1a: Tanky Birb|Bulk Up|p1a: Tanky Birb\n|-boost|p1a: Tanky Birb|atk|1\n|-boost|p1a: Tanky Birb|def|1\n|cant|p2a: Spiked Up|par\n|\n|-heal|p2a: Spiked Up|73\/100 par|[from] item: Leftovers\n|upkeep\n|turn|26\n|\n|t:|1629659475\n|move|p1a: Tanky Birb|Bulk Up|p1a: Tanky Birb\n|-boost|p1a: Tanky Birb|atk|1\n|-boost|p1a: Tanky Birb|def|1\n|move|p2a: Spiked Up|Leech Seed|p1a: Tanky Birb\n|-start|p1a: Tanky Birb|move: Leech Seed\n|\n|-heal|p2a: Spiked Up|79\/100 par|[from] item: Leftovers\n|-damage|p1a: Tanky Birb|46\/100|[from] Leech Seed|[of] p2a: Spiked Up\n|-heal|p2a: Spiked Up|93\/100 par|[silent]\n|upkeep\n|turn|27\n|\n|t:|1629659480\n|switch|p2a: Tom Robinson|Tapu Koko, shiny|17\/100\n|-fieldstart|move: Electric Terrain|[from] ability: Electric Surge|[of] p2a: Tom Robinson\n|move|p1a: Tanky Birb|Bulk Up|p1a: Tanky Birb\n|-boost|p1a: Tanky Birb|atk|1\n|-boost|p1a: Tanky Birb|def|1\n|\n|-damage|p1a: Tanky Birb|34\/100|[from] Leech Seed|[of] p2a: Tom Robinson\n|-heal|p2a: Tom Robinson|35\/100|[silent]\n|upkeep\n|turn|28\n|\n|t:|1629659483\n|move|p2a: Tom Robinson|Thunderbolt|p1a: Tanky Birb\n|-supereffective|p1a: Tanky Birb\n|-damage|p1a: Tanky Birb|0 fnt\n|faint|p1a: Tanky Birb\n|\n|upkeep\n|\n|t:|1629659486\n|switch|p1a: Wenusaur|Venusaur-Mega, M|57\/100\n|-damage|p1a: Wenusaur|44\/100|[from] Stealth Rock\n|turn|29\n|\n|t:|1629659492\n|move|p2a: Tom Robinson|U-turn|p1a: Wenusaur\n|-damage|p1a: Wenusaur|29\/100\n|\n|t:|1629659495\n|switch|p2a: Spiked Up|Ferrothorn, M, shiny|93\/100 par|[from]move: U-turn\n|move|p1a: Wenusaur|Giga Drain|p2a: Spiked Up\n|-resisted|p2a: Spiked Up\n|-damage|p2a: Spiked Up|87\/100 par\n|-heal|p1a: Wenusaur|33\/100|[from] drain|[of] p2a: Spiked Up\n|\n|-heal|p2a: Spiked Up|93\/100 par|[from] item: Leftovers\n|upkeep\n|turn|30\n|\n|t:|1629659499\n|move|p1a: Wenusaur|Knock Off|p2a: Spiked Up\n|-damage|p2a: Spiked Up|79\/100 par\n|-damage|p1a: Wenusaur|21\/100|[from] ability: Iron Barbs|[of] p2a: Spiked Up\n|-enditem|p2a: Spiked Up|Leftovers|[from] move: Knock Off|[of] p1a: Wenusaur\n|move|p2a: Spiked Up|Thunder Wave|p1a: Wenusaur\n|-status|p1a: Wenusaur|par\n|\n|upkeep\n|turn|31\n|\n|t:|1629659506\n|move|p1a: Wenusaur|Earth Power|p2a: Spiked Up\n|-damage|p2a: Spiked Up|56\/100 par\n|move|p2a: Spiked Up|Power Whip|p1a: Wenusaur\n|-resisted|p1a: Wenusaur\n|-crit|p1a: Wenusaur\n|-damage|p1a: Wenusaur|8\/100 par\n|\n|-fieldend|move: Electric Terrain\n|upkeep\n|turn|32\n|\n|t:|1629659510\n|move|p1a: Wenusaur|Earth Power|p2a: Spiked Up\n|-damage|p2a: Spiked Up|36\/100 par\n|move|p2a: Spiked Up|Power Whip|p1a: Wenusaur\n|-resisted|p1a: Wenusaur\n|-damage|p1a: Wenusaur|0 fnt\n|faint|p1a: Wenusaur\n|\n|upkeep\n|\n|t:|1629659516\n|switch|p1a: Manny|Mamoswine, M|71\/100\n|-damage|p1a: Manny|59\/100|[from] Stealth Rock\n|turn|33\n|\n|t:|1629659522\n|switch|p2a: Arnold|Buzzwole|100\/100\n|move|p1a: Manny|Stealth Rock|p2a: Arnold\n|-sidestart|p2: Benjamin Gilbert|move: Stealth Rock\n|\n|upkeep\n|turn|34\n|\n|t:|1629659527\n|move|p1a: Manny|Icicle Crash|p2a: Arnold\n|-damage|p2a: Arnold|75\/100\n|move|p2a: Arnold|Substitute|p2a: Arnold\n|-start|p2a: Arnold|Substitute\n|-damage|p2a: Arnold|50\/100\n|\n|upkeep\n|turn|35\n|\n|t:|1629659532\n|move|p1a: Manny|Icicle Crash|p2a: Arnold\n|-end|p2a: Arnold|Substitute\n|move|p2a: Arnold|Roost|p2a: Arnold\n|-heal|p2a: Arnold|99\/100\n|-singleturn|p2a: Arnold|move: Roost\n|\n|upkeep\n|turn|36\n|\n|t:|1629659537\n|switch|p1a: Static Shock|Zapdos|40\/100\n|move|p2a: Arnold|Substitute|p2a: Arnold\n|-start|p2a: Arnold|Substitute\n|-damage|p2a: Arnold|75\/100\n|\n|upkeep\n|turn|37\n|\n|t:|1629659544\n|move|p1a: Static Shock|Thunderbolt|p2a: Arnold\n|-end|p2a: Arnold|Substitute\n|move|p2a: Arnold|Ice Punch|p1a: Static Shock\n|-supereffective|p1a: Static Shock\n|-damage|p1a: Static Shock|0 fnt\n|faint|p1a: Static Shock\n|-ability|p2a: Arnold|Beast Boost|boost\n|-boost|p2a: Arnold|atk|1\n|\n|upkeep\n|\n|t:|1629659555\n|switch|p1a: monke|Infernape, F|28\/100\n|-damage|p1a: monke|15\/100|[from] Stealth Rock\n|turn|38\n|\n|t:|1629659559\n|switch|p2a: Spiked Up|Ferrothorn, M, shiny|36\/100 par\n|-damage|p2a: Spiked Up|29\/100 par|[from] Stealth Rock\n|move|p1a: monke|Flare Blitz|p2a: Spiked Up\n|-supereffective|p2a: Spiked Up\n|-damage|p2a: Spiked Up|0 fnt\n|-damage|p1a: monke|3\/100|[from] ability: Iron Barbs|[of] p2a: Spiked Up\n|faint|p2a: Spiked Up\n|-damage|p1a: monke|0 fnt|[from] Recoil\n|faint|p1a: monke\n|\n|upkeep\n|\n|t:|1629659565\n|switch|p1a: Manny|Mamoswine, M|59\/100\n|switch|p2a: Arnold|Buzzwole|75\/100\n|-damage|p1a: Manny|46\/100|[from] Stealth Rock\n|-damage|p2a: Arnold|62\/100|[from] Stealth Rock\n|turn|39\n|\n|t:|1629659569\n|move|p1a: Manny|Icicle Crash|p2a: Arnold\n|-damage|p2a: Arnold|36\/100\n|move|p2a: Arnold|Roost|p2a: Arnold\n|-heal|p2a: Arnold|86\/100\n|-singleturn|p2a: Arnold|move: Roost\n|\n|upkeep\n|turn|40\n|\n|t:|1629659574\n|move|p1a: Manny|Icicle Crash|p2a: Arnold\n|-damage|p2a: Arnold|55\/100\n|move|p2a: Arnold|Earthquake|p1a: Manny\n|-damage|p1a: Manny|8\/100\n|\n|upkeep\n|turn|41\n|\n|t:|1629659579\n|move|p1a: Manny|Icicle Crash|p2a: Arnold\n|-damage|p2a: Arnold|26\/100\n|cant|p2a: Arnold|flinch\n|\n|upkeep\n|turn|42\n|c|\u2606Benjamin Gilbert|no way\n|\n|t:|1629659584\n|move|p1a: Manny|Icicle Crash|p2a: Arnold\n|-damage|p2a: Arnold|0 fnt\n|faint|p2a: Arnold\n|\n|upkeep\n|\n|t:|1629659586\n|switch|p2a: Tom Robinson|Tapu Koko, shiny|35\/100\n|-fieldstart|move: Electric Terrain|[from] ability: Electric Surge|[of] p2a: Tom Robinson\n|turn|43\n|\n|t:|1629659590\n|move|p1a: Manny|Ice Shard|p2a: Tom Robinson\n|-damage|p2a: Tom Robinson|6\/100\n|move|p2a: Tom Robinson|Dazzling Gleam|p1a: Manny\n|-damage|p1a: Manny|0 fnt\n|faint|p1a: Manny\n|\n|win|Benjamin Gilbert\n|n|\u2606wussyman69|wussyman69\n|n|\u2606Benjamin Gilbert|benjamingilbert\n|n| LazyTreyzie|lazytreyzie\n|c|\u2606Benjamin Gilbert|oh\n|c|\u2606wussyman69|gg\n|c|\u2606Benjamin Gilbert|ggg\n","uploadtime":1629659596,"views":12,"p1id":"wussyman69","p2id":"benjamingilbert","formatid":"gen8nationaldex","rating":0,"private":0,"password":null}