{"id":"gen8ou-1686205860","p1":"Daevank5","p2":"Steez Ibanez","format":"gen8ou","log":"|html|<div class=\"broadcast-blue\"><strong>[Gen 8] OU is currently suspecting Melmetal! For information on how to participate check out the <a href=\"https:\/\/www.smogon.com\/forums\/threads\/np-ss-ou-suspect-process-round-12-monster-mash.3709234\/\">suspect thread<\/a>.<\/strong><\/div>\n|j|\u2606Daevank5\n|j|\u2606Steez Ibanez\n|t:|1665814992\n|gametype|singles\n|player|p1|Daevank5|workerice|1802\n|player|p2|Steez Ibanez|acetrainer-gen7|1846\n|teamsize|p1|6\n|teamsize|p2|6\n|gen|8\n|tier|[Gen 8] OU\n|rated|\n|rule|Sleep Clause Mod: Limit one foe put to sleep\n|rule|Species Clause: Limit one of each Pok\u00e9mon\n|rule|OHKO Clause: OHKO moves are banned\n|rule|Evasion Items Clause: Evasion items are banned\n|rule|Evasion Moves Clause: Evasion moves are banned\n|rule|Endless Battle Clause: Forcing endless battles is banned\n|rule|HP Percentage Mod: HP is shown in percentages\n|rule|Dynamax Clause: You cannot dynamax\n|clearpoke\n|poke|p1|Bisharp, M|\n|poke|p1|Slowking, M|\n|poke|p1|Zapdos|\n|poke|p1|Diggersby, M|\n|poke|p1|Gengar, M|\n|poke|p1|Buzzwole|\n|poke|p2|Slowking-Galar, M|\n|poke|p2|Zapdos|\n|poke|p2|Urshifu-*, M|\n|poke|p2|Landorus-Therian, M|\n|poke|p2|Tyranitar, M|\n|poke|p2|Kartana|\n|teampreview\n|\n|t:|1665815009\n|start\n|switch|p1a: Diggersby|Diggersby, M|100\/100\n|switch|p2a: Simba|Landorus-Therian, M|100\/100\n|-ability|p2a: Simba|Intimidate|boost\n|-unboost|p1a: Diggersby|atk|1\n|turn|1\n|inactive|Battle timer is ON: inactive players will automatically lose when time's up. (requested by Daevank5)\n|\n|t:|1665815026\n|move|p2a: Simba|U-turn|p1a: Diggersby\n|-damage|p1a: Diggersby|66\/100\n|\n|t:|1665815028\n|switch|p2a: Tanjiro Kun|Urshifu-Rapid-Strike, M|100\/100|[from]move: U-turn\n|move|p1a: Diggersby|Mega Kick|p2a: Tanjiro Kun\n|-damage|p2a: Tanjiro Kun|20\/100\n|\n|upkeep\n|turn|2\n|\n|t:|1665815037\n|switch|p1a: Slowking|Slowking, M|100\/100\n|move|p2a: Tanjiro Kun|Surging Strikes|p1a: Slowking\n|-resisted|p1a: Slowking\n|-crit|p1a: Slowking\n|-damage|p1a: Slowking|90\/100\n|-resisted|p1a: Slowking\n|-crit|p1a: Slowking\n|-damage|p1a: Slowking|80\/100\n|-resisted|p1a: Slowking\n|-crit|p1a: Slowking\n|-damage|p1a: Slowking|70\/100\n|-hitcount|p1a: Slowking|3\n|\n|upkeep\n|turn|3\n|\n|t:|1665815056\n|move|p2a: Tanjiro Kun|Taunt|p1a: Slowking\n|-start|p1a: Slowking|move: Taunt\n|cant|p1a: Slowking|move: Taunt|Teleport\n|\n|upkeep\n|turn|4\n|\n|t:|1665815071\n|move|p2a: Tanjiro Kun|U-turn|p1a: Slowking\n|-supereffective|p1a: Slowking\n|-damage|p1a: Slowking|17\/100\n|\n|t:|1665815085\n|switch|p2a: Reptar|Tyranitar, M|100\/100|[from]move: U-turn\n|-weather|Sandstorm|[from] ability: Sand Stream|[of] p2a: Reptar\n|move|p1a: Slowking|Scald|p2a: Reptar\n|-supereffective|p2a: Reptar\n|-damage|p2a: Reptar|76\/100\n|-status|p2a: Reptar|brn\n|\n|-weather|Sandstorm|[upkeep]\n|-damage|p1a: Slowking|11\/100|[from] Sandstorm\n|-damage|p2a: Reptar|70\/100 brn|[from] brn\n|upkeep\n|turn|5\n|\n|t:|1665815093\n|switch|p1a: Buzzwole|Buzzwole|100\/100\n|move|p2a: Reptar|Stealth Rock|p1a: Buzzwole\n|-sidestart|p1: Daevank5|move: Stealth Rock\n|\n|-weather|Sandstorm|[upkeep]\n|-damage|p1a: Buzzwole|94\/100|[from] Sandstorm\n|-damage|p2a: Reptar|64\/100 brn|[from] brn\n|upkeep\n|turn|6\n|j| westcottike\n|j| Palladiawa B\n|\n|t:|1665815117\n|move|p1a: Buzzwole|Leech Life|p2a: Reptar\n|-supereffective|p2a: Reptar\n|-damage|p2a: Reptar|0 fnt\n|-heal|p1a: Buzzwole|100\/100|[from] drain|[of] p2a: Reptar\n|faint|p2a: Reptar\n|-ability|p1a: Buzzwole|Beast Boost|boost\n|-boost|p1a: Buzzwole|atk|1\n|\n|-weather|Sandstorm|[upkeep]\n|-damage|p1a: Buzzwole|94\/100|[from] Sandstorm\n|upkeep\n|\n|t:|1665815122\n|switch|p2a: Bolt|Zapdos|100\/100\n|turn|7\n|\n|t:|1665815134\n|move|p1a: Buzzwole|Ice Punch|p2a: Bolt\n|-supereffective|p2a: Bolt\n|-damage|p2a: Bolt|42\/100\n|-status|p1a: Buzzwole|par|[from] ability: Static|[of] p2a: Bolt\n|move|p2a: Bolt|Heat Wave|p1a: Buzzwole\n|-supereffective|p1a: Buzzwole\n|-damage|p1a: Buzzwole|17\/100 par\n|\n|-weather|Sandstorm|[upkeep]\n|-damage|p2a: Bolt|35\/100|[from] Sandstorm\n|-damage|p1a: Buzzwole|10\/100 par|[from] Sandstorm\n|upkeep\n|turn|8\n|\n|t:|1665815151\n|move|p2a: Bolt|Discharge|p1a: Buzzwole\n|-damage|p1a: Buzzwole|0 fnt\n|faint|p1a: Buzzwole\n|\n|-weather|none\n|upkeep\n|\n|t:|1665815179\n|switch|p1a: Gengar|Gengar, M|100\/100\n|-damage|p1a: Gengar|88\/100|[from] Stealth Rock\n|turn|9\n|\n|t:|1665815184\n|move|p1a: Gengar|Shadow Ball|p2a: Bolt\n|-damage|p2a: Bolt|0 fnt\n|faint|p2a: Bolt\n|\n|upkeep\n|\n|t:|1665815186\n|switch|p2a: Simba|Landorus-Therian, M|100\/100\n|-ability|p2a: Simba|Intimidate|boost\n|-unboost|p1a: Gengar|atk|1\n|turn|10\n|\n|t:|1665815188\n|switch|p1a: Zapdos|Zapdos|100\/100\n|move|p2a: Simba|Knock Off|p1a: Zapdos\n|-damage|p1a: Zapdos|76\/100\n|-status|p2a: Simba|par|[from] ability: Static|[of] p1a: Zapdos\n|-enditem|p1a: Zapdos|Heavy-Duty Boots|[from] move: Knock Off|[of] p2a: Simba\n|\n|upkeep\n|turn|11\n|\n|t:|1665815199\n|switch|p2a: Tanjiro Kun|Urshifu-Rapid-Strike, M|20\/100\n|move|p1a: Zapdos|Defog|p2a: Tanjiro Kun\n|-unboost|p2a: Tanjiro Kun|evasion|1\n|-sideend|p1: Daevank5|Stealth Rock|[from] move: Defog|[of] p1a: Zapdos\n|\n|upkeep\n|turn|12\n|\n|t:|1665815206\n|switch|p1a: Slowking|Slowking, M|44\/100\n|move|p2a: Tanjiro Kun|Surging Strikes|p1a: Slowking\n|-resisted|p1a: Slowking\n|-crit|p1a: Slowking\n|-damage|p1a: Slowking|35\/100\n|-resisted|p1a: Slowking\n|-crit|p1a: Slowking\n|-damage|p1a: Slowking|25\/100\n|-resisted|p1a: Slowking\n|-crit|p1a: Slowking\n|-damage|p1a: Slowking|15\/100\n|-hitcount|p1a: Slowking|3\n|\n|upkeep\n|turn|13\n|j| Meritone\n|j| tyrantkingdad\n|\n|t:|1665815212\n|move|p2a: Tanjiro Kun|Surging Strikes|p1a: Slowking\n|-resisted|p1a: Slowking\n|-crit|p1a: Slowking\n|-damage|p1a: Slowking|5\/100\n|-resisted|p1a: Slowking\n|-crit|p1a: Slowking\n|-damage|p1a: Slowking|0 fnt\n|faint|p1a: Slowking\n|-hitcount|p1: Slowking|2\n|\n|upkeep\n|\n|t:|1665815217\n|switch|p1a: Gengar|Gengar, M|88\/100\n|turn|14\n|\n|t:|1665815222\n|switch|p2a: Simba|Landorus-Therian, M|100\/100 par\n|-ability|p2a: Simba|Intimidate|boost\n|-unboost|p1a: Gengar|atk|1\n|move|p1a: Gengar|Shadow Ball|p2a: Simba\n|-damage|p2a: Simba|48\/100 par\n|\n|upkeep\n|turn|15\n|\n|t:|1665815227\n|move|p1a: Gengar|Shadow Ball|p2a: Simba\n|-damage|p2a: Simba|0 fnt\n|faint|p2a: Simba\n|\n|upkeep\n|\n|t:|1665815244\n|switch|p2a: Dragon|Kartana|100\/100\n|turn|16\n|\n|t:|1665815256\n|switch|p2a: Tanjiro Kun|Urshifu-Rapid-Strike, M|20\/100\n|move|p1a: Gengar|Shadow Ball|p2a: Tanjiro Kun\n|-damage|p2a: Tanjiro Kun|0 fnt\n|faint|p2a: Tanjiro Kun\n|\n|upkeep\n|-message|Steez Ibanez forfeited.\n|\n|win|Daevank5\n|raw|Daevank5's rating: 1802 &rarr; <strong>1823<\/strong><br \/>(+21 for winning)\n|raw|Steez Ibanez's rating: 1814 &rarr; <strong>1793<\/strong><br \/>(-21 for losing)\n|l|\u2606Steez Ibanez\n","uploadtime":1665815267,"views":22,"p1id":"daevank5","p2id":"steezibanez","formatid":"gen8ou","rating":1793,"private":0,"password":null}