{"id":"gen8ou-1488744446","p1":"Jamario Mariomario","p2":"funtasia","format":"gen8ou","log":"|j|\u2606Jamario Mariomario\n|j|\u2606funtasia\n|t:|1641814442\n|gametype|singles\n|player|p1|Jamario Mariomario|bugcatcher|1554\n|player|p2|funtasia|265|1562\n|teamsize|p1|6\n|teamsize|p2|6\n|gen|8\n|tier|[Gen 8] OU\n|rated|\n|rule|Sleep Clause Mod: Limit one foe put to sleep\n|rule|Species Clause: Limit one of each Pok\u00e9mon\n|rule|OHKO Clause: OHKO moves are banned\n|rule|Evasion Moves Clause: Evasion moves are banned\n|rule|Endless Battle Clause: Forcing endless battles is banned\n|rule|HP Percentage Mod: HP is shown in percentages\n|rule|Dynamax Clause: You cannot dynamax\n|clearpoke\n|poke|p1|Tapu Lele|\n|poke|p1|Urshifu-*, F|\n|poke|p1|Scizor, F|\n|poke|p1|Blissey, F|\n|poke|p1|Landorus-Therian, M|\n|poke|p1|Darmanitan, F|\n|poke|p2|Kartana|\n|poke|p2|Blissey, F|\n|poke|p2|Heatran, F|\n|poke|p2|Dragapult, M|\n|poke|p2|Tornadus-Therian, M|\n|poke|p2|Blacephalon|\n|teampreview\n|inactive|Battle timer is ON: inactive players will automatically lose when time's up. (requested by Jamario Mariomario)\n|\n|t:|1641814449\n|start\n|switch|p1a: Landorus|Landorus-Therian, M|100\/100\n|switch|p2a: Heatran|Heatran, F|100\/100\n|-item|p2a: Heatran|Air Balloon\n|-ability|p1a: Landorus|Intimidate|boost\n|-unboost|p2a: Heatran|atk|1\n|turn|1\n|\n|t:|1641814454\n|move|p2a: Heatran|Stealth Rock|p1a: Landorus\n|-sidestart|p1: Jamario Mariomario|move: Stealth Rock\n|move|p1a: Landorus|Knock Off|p2a: Heatran\n|-damage|p2a: Heatran|68\/100\n|-enditem|p2a: Heatran|Air Balloon\n|\n|upkeep\n|turn|2\n|\n|t:|1641814458\n|move|p2a: Heatran|Magma Storm|p1a: Landorus\n|-damage|p1a: Landorus|43\/100\n|-activate|p1a: Landorus|move: Magma Storm|[of] p2a: Heatran\n|move|p1a: Landorus|Stealth Rock|p2a: Heatran\n|-sidestart|p2: funtasia|move: Stealth Rock\n|\n|-damage|p1a: Landorus|31\/100|[from] move: Magma Storm|[partiallytrapped]\n|upkeep\n|turn|3\n|\n|t:|1641814465\n|move|p2a: Heatran|Magma Storm|p1a: Landorus\n|-damage|p1a: Landorus|0 fnt\n|faint|p1a: Landorus\n|\n|upkeep\n|\n|t:|1641814470\n|switch|p1a: Urshifu|Urshifu-Rapid-Strike, F|100\/100\n|-damage|p1a: Urshifu|94\/100|[from] Stealth Rock\n|turn|4\n|\n|t:|1641814477\n|move|p1a: Urshifu|Surging Strikes|p2a: Heatran\n|-supereffective|p2a: Heatran\n|-crit|p2a: Heatran\n|-damage|p2a: Heatran|5\/100\n|-supereffective|p2a: Heatran\n|-crit|p2a: Heatran\n|-damage|p2a: Heatran|0 fnt\n|faint|p2a: Heatran\n|-hitcount|p2: Heatran|2\n|\n|upkeep\n|\n|t:|1641814482\n|switch|p2a: Tornadus|Tornadus-Therian, M|100\/100\n|turn|5\n|\n|t:|1641814487\n|switch|p1a: Blissey|Blissey, F|100\/100\n|move|p2a: Tornadus|Hurricane|p1a: Blissey\n|-crit|p1a: Blissey\n|-damage|p1a: Blissey|71\/100\n|\n|upkeep\n|turn|6\n|\n|t:|1641814489\n|move|p2a: Tornadus|Superpower|p1a: Blissey\n|-supereffective|p1a: Blissey\n|-damage|p1a: Blissey|21\/100\n|-unboost|p2a: Tornadus|atk|1\n|-unboost|p2a: Tornadus|def|1\n|move|p1a: Blissey|Teleport|p1a: Blissey\n|\n|t:|1641814495\n|switch|p1a: Darmanitan|Darmanitan, F|100\/100|[from]move: Teleport\n|-damage|p1a: Darmanitan|76\/100|[from] Stealth Rock\n|\n|upkeep\n|turn|7\n|\n|t:|1641814498\n|switch|p2a: Blissey|Blissey, F|100\/100\n|move|p1a: Darmanitan|U-turn|p2a: Blissey\n|-damage|p2a: Blissey|74\/100\n|\n|t:|1641814502\n|switch|p1a: Urshifu|Urshifu-Rapid-Strike, F|94\/100|[from]move: U-turn\n|-damage|p1a: Urshifu|88\/100|[from] Stealth Rock\n|\n|upkeep\n|turn|8\n|\n|t:|1641814508\n|move|p1a: Urshifu|Surging Strikes|p2a: Blissey\n|-crit|p2a: Blissey\n|-damage|p2a: Blissey|48\/100\n|-crit|p2a: Blissey\n|-damage|p2a: Blissey|22\/100\n|-crit|p2a: Blissey\n|-damage|p2a: Blissey|0 fnt\n|faint|p2a: Blissey\n|-hitcount|p2: Blissey|3\n|\n|upkeep\n|\n|t:|1641814531\n|switch|p2a: Kartana|Kartana|100\/100\n|-damage|p2a: Kartana|94\/100|[from] Stealth Rock\n|turn|9\n|\n|t:|1641814536\n|switch|p1a: Scizor|Scizor, F|100\/100\n|move|p2a: Kartana|Swords Dance|p2a: Kartana\n|-boost|p2a: Kartana|atk|2\n|\n|upkeep\n|turn|10\n|\n|t:|1641814541\n|move|p2a: Kartana|Knock Off|p1a: Scizor\n|-damage|p1a: Scizor|23\/100\n|-enditem|p1a: Scizor|Heavy-Duty Boots|[from] move: Knock Off|[of] p2a: Kartana\n|-damage|p2a: Kartana|85\/100|[from] item: Life Orb\n|move|p1a: Scizor|Defog|p2a: Kartana\n|-unboost|p2a: Kartana|evasion|1\n|-sideend|p2: funtasia|Stealth Rock|[from] move: Defog|[of] p1a: Scizor\n|-sideend|p1: Jamario Mariomario|Stealth Rock|[from] move: Defog|[of] p1a: Scizor\n|\n|upkeep\n|turn|11\n|\n|t:|1641814546\n|move|p2a: Kartana|Knock Off|p1a: Scizor\n|-damage|p1a: Scizor|0 fnt\n|faint|p1a: Scizor\n|-ability|p2a: Kartana|Beast Boost|boost\n|-boost|p2a: Kartana|atk|1\n|-damage|p2a: Kartana|75\/100|[from] item: Life Orb\n|\n|upkeep\n|\n|t:|1641814548\n|switch|p1a: Darmanitan|Darmanitan, F|76\/100\n|turn|12\n|\n|t:|1641814558\n|move|p1a: Darmanitan|Flare Blitz|p2a: Kartana\n|-supereffective|p2a: Kartana\n|-damage|p2a: Kartana|0 fnt\n|faint|p2a: Kartana\n|-damage|p1a: Darmanitan|57\/100|[from] Recoil\n|\n|upkeep\n|\n|t:|1641814563\n|switch|p2a: Dragapult|Dragapult, M|100\/100\n|turn|13\n|\n|t:|1641814567\n|switch|p1a: Blissey|Blissey, F|21\/100\n|move|p2a: Dragapult|Dragon Dance|p2a: Dragapult\n|-boost|p2a: Dragapult|atk|1\n|-boost|p2a: Dragapult|spe|1\n|\n|upkeep\n|turn|14\n|\n|t:|1641814571\n|move|p2a: Dragapult|Substitute|p2a: Dragapult\n|-start|p2a: Dragapult|Substitute\n|-damage|p2a: Dragapult|76\/100\n|move|p1a: Blissey|Toxic||[still]\n|-fail|p1a: Blissey\n|\n|-heal|p2a: Dragapult|82\/100|[from] item: Leftovers\n|upkeep\n|turn|15\n|\n|t:|1641814574\n|move|p2a: Dragapult|Dragon Darts|p1a: Blissey\n|-damage|p1a: Blissey|0 fnt\n|faint|p1a: Blissey\n|\n|-heal|p2a: Dragapult|88\/100|[from] item: Leftovers\n|upkeep\n|\n|t:|1641814578\n|switch|p1a: Tapu Lele|Tapu Lele|100\/100\n|-fieldstart|move: Psychic Terrain|[from] ability: Psychic Surge|[of] p1a: Tapu Lele\n|turn|16\n|\n|t:|1641814582\n|move|p2a: Dragapult|Phantom Force||[still]\n|-prepare|p2a: Dragapult|Phantom Force\n|move|p1a: Tapu Lele|Moonblast|p2a: Dragapult|[miss]\n|-miss|p1a: Tapu Lele|p2a: Dragapult\n|\n|-heal|p2a: Dragapult|94\/100|[from] item: Leftovers\n|upkeep\n|turn|17\n|\n|t:|1641814585\n|move|p2a: Dragapult|Phantom Force|p1a: Tapu Lele|[from]lockedmove\n|-supereffective|p1a: Tapu Lele\n|-damage|p1a: Tapu Lele|0 fnt\n|faint|p1a: Tapu Lele\n|\n|-heal|p2a: Dragapult|99\/100|[from] item: Leftovers\n|upkeep\n|-message|Jamario Mariomario forfeited.\n|\n|win|funtasia\n|raw|Jamario Mariomario's rating: 1554 &rarr; <strong>1534<\/strong><br \/>(-20 for losing)\n|raw|funtasia's rating: 1562 &rarr; <strong>1582<\/strong><br \/>(+20 for winning)\n|l|\u2606Jamario Mariomario\n","uploadtime":1641814593,"views":39,"p1id":"jamariomariomario","p2id":"funtasia","formatid":"gen8ou","rating":1534,"private":0,"password":null}