{"id":"gen8randombattle-1706963004","p1":"aidanmcc","p2":"Random196","format":"gen8randombattle","log":"|j|\u2606aidanmcc\n|j|\u2606Random196\n|t:|1668036796\n|gametype|singles\n|player|p1|aidanmcc|clown|1513\n|player|p2|Random196|cynthia-gen4|1555\n|teamsize|p1|6\n|teamsize|p2|6\n|gen|8\n|tier|[Gen 8] Random Battle\n|rated|\n|rule|Species Clause: Limit one of each Pok\u00e9mon\n|rule|HP Percentage Mod: HP is shown in percentages\n|rule|Sleep Clause Mod: Limit one foe put to sleep\n|\n|t:|1668036796\n|start\n|switch|p1a: Bronzong|Bronzong, L83|247\/247\n|switch|p2a: Mesprit|Mesprit, L84|272\/272\n|turn|1\n|inactive|Battle timer is ON: inactive players will automatically lose when time's up. (requested by aidanmcc)\n|\n|t:|1668036812\n|move|p2a: Mesprit|Thunder Wave|p1a: Bronzong\n|-status|p1a: Bronzong|par\n|move|p1a: Bronzong|Toxic|p2a: Mesprit\n|-status|p2a: Mesprit|tox\n|\n|-damage|p2a: Mesprit|255\/272 tox|[from] psn\n|upkeep\n|turn|2\n|\n|t:|1668036822\n|move|p2a: Mesprit|Stealth Rock|p1a: Bronzong\n|-sidestart|p1: aidanmcc|move: Stealth Rock\n|move|p1a: Bronzong|Stealth Rock|p2a: Mesprit\n|-sidestart|p2: Random196|move: Stealth Rock\n|\n|-heal|p2a: Mesprit|272\/272 tox|[from] item: Leftovers\n|-damage|p2a: Mesprit|238\/272 tox|[from] psn\n|upkeep\n|turn|3\n|\n|t:|1668036832\n|switch|p2a: Heatmor|Heatmor, L90, F|299\/299\n|move|p1a: Bronzong|Iron Head|p2a: Heatmor\n|-resisted|p2a: Heatmor\n|-damage|p2a: Heatmor|253\/299\n|\n|upkeep\n|turn|4\n|\n|t:|1668036842\n|move|p2a: Heatmor|Substitute|p2a: Heatmor\n|-start|p2a: Heatmor|Substitute\n|-damage|p2a: Heatmor|179\/299\n|move|p1a: Bronzong|Earthquake|p2a: Heatmor\n|-supereffective|p2a: Heatmor\n|-end|p2a: Heatmor|Substitute\n|\n|upkeep\n|turn|5\n|\n|t:|1668036850\n|move|p2a: Heatmor|Fire Lash|p1a: Bronzong\n|-supereffective|p1a: Bronzong\n|-damage|p1a: Bronzong|91\/247 par\n|-unboost|p1a: Bronzong|def|1\n|cant|p1a: Bronzong|par\n|\n|-heal|p1a: Bronzong|106\/247 par|[from] item: Leftovers\n|upkeep\n|turn|6\n|\n|t:|1668036873\n|switch|p1a: Kingdra|Kingdra, L82, F|257\/257\n|-damage|p1a: Kingdra|225\/257|[from] Stealth Rock\n|move|p2a: Heatmor|Knock Off|p1a: Kingdra\n|-crit|p1a: Kingdra\n|-damage|p1a: Kingdra|103\/257\n|-enditem|p1a: Kingdra|Life Orb|[from] move: Knock Off|[of] p2a: Heatmor\n|\n|upkeep\n|turn|7\n|\n|t:|1668036890\n|switch|p2a: Primarina|Primarina, L82, F|265\/265\n|-damage|p2a: Primarina|232\/265|[from] Stealth Rock\n|move|p1a: Kingdra|Rain Dance|p1a: Kingdra\n|-weather|RainDance\n|\n|-weather|RainDance|[upkeep]\n|upkeep\n|turn|8\n|\n|t:|1668036905\n|switch|p1a: Bronzong|Bronzong, L83|106\/247 par\n|-damage|p1a: Bronzong|91\/247 par|[from] Stealth Rock\n|move|p2a: Primarina|Sparkling Aria|p1a: Bronzong\n|-damage|p1a: Bronzong|0 fnt\n|faint|p1a: Bronzong\n|\n|-weather|RainDance|[upkeep]\n|upkeep\n|inactive|aidanmcc has 120 seconds left.\n|\n|t:|1668036942\n|switch|p1a: Kingdra|Kingdra, L82, F|103\/257\n|-damage|p1a: Kingdra|71\/257|[from] Stealth Rock\n|turn|9\n|\n|t:|1668036952\n|move|p1a: Kingdra|Hurricane|p2a: Primarina\n|-damage|p2a: Primarina|167\/265\n|-start|p2a: Primarina|confusion\n|-activate|p2a: Primarina|confusion\n|move|p2a: Primarina|Sparkling Aria|p1a: Kingdra\n|-resisted|p1a: Kingdra\n|-damage|p1a: Kingdra|32\/257\n|\n|-weather|RainDance|[upkeep]\n|upkeep\n|turn|10\n|\n|t:|1668036964\n|switch|p2a: Mesprit|Mesprit, L84|238\/272 tox\n|-damage|p2a: Mesprit|204\/272 tox|[from] Stealth Rock\n|move|p1a: Kingdra|Hurricane|p2a: Mesprit\n|-damage|p2a: Mesprit|135\/272 tox\n|-start|p2a: Mesprit|confusion\n|\n|-weather|RainDance|[upkeep]\n|-heal|p2a: Mesprit|152\/272 tox|[from] item: Leftovers\n|-damage|p2a: Mesprit|135\/272 tox|[from] psn\n|upkeep\n|turn|11\n|\n|t:|1668036983\n|move|p1a: Kingdra|Hydro Pump|p2a: Mesprit\n|-crit|p2a: Mesprit\n|-damage|p2a: Mesprit|0 fnt\n|faint|p2a: Mesprit\n|\n|-weather|none\n|upkeep\n|\n|t:|1668036999\n|switch|p2a: Primarina|Primarina, L82, F|167\/265\n|-damage|p2a: Primarina|134\/265|[from] Stealth Rock\n|turn|12\n|\n|t:|1668037007\n|move|p2a: Primarina|Moonblast|p1a: Kingdra\n|-supereffective|p1a: Kingdra\n|-damage|p1a: Kingdra|0 fnt\n|faint|p1a: Kingdra\n|\n|upkeep\n|\n|t:|1668037029\n|switch|p1a: Gyarados|Gyarados, L76, F|269\/269\n|turn|13\n|\n|t:|1668037037\n|move|p2a: Primarina|Moonblast|p1a: Gyarados\n|-damage|p1a: Gyarados|157\/269\n|move|p1a: Gyarados|Dragon Dance|p1a: Gyarados\n|-boost|p1a: Gyarados|atk|1\n|-boost|p1a: Gyarados|spe|1\n|\n|upkeep\n|turn|14\n|\n|t:|1668037059\n|switch|p2a: Heatmor|Heatmor, L90, F|179\/299\n|move|p1a: Gyarados|Bounce||[still]\n|-prepare|p1a: Gyarados|Bounce\n|\n|upkeep\n|turn|15\n|\n|t:|1668037067\n|move|p1a: Gyarados|Bounce|p2a: Heatmor|[from]lockedmove\n|-damage|p2a: Heatmor|19\/299\n|-status|p2a: Heatmor|par\n|move|p2a: Heatmor|Knock Off|p1a: Gyarados\n|-damage|p1a: Gyarados|69\/269\n|-enditem|p1a: Gyarados|Heavy-Duty Boots|[from] move: Knock Off|[of] p2a: Heatmor\n|\n|upkeep\n|turn|16\n|\n|t:|1668037079\n|move|p1a: Gyarados|Waterfall|p2a: Heatmor\n|-supereffective|p2a: Heatmor\n|-damage|p2a: Heatmor|0 fnt\n|faint|p2a: Heatmor\n|-ability|p1a: Gyarados|Moxie|boost\n|-boost|p1a: Gyarados|atk|1\n|\n|upkeep\n|inactive|Random196 has 120 seconds left.\n|\n|t:|1668037105\n|switch|p2a: Cloyster|Cloyster, L80, F|211\/211\n|-damage|p2a: Cloyster|159\/211|[from] Stealth Rock\n|turn|17\n|inactive|aidanmcc has 120 seconds left.\n|inactive|Random196 has 120 seconds left.\n|\n|t:|1668037137\n|move|p1a: Gyarados|Earthquake|p2a: Cloyster\n|-damage|p2a: Cloyster|81\/211\n|move|p2a: Cloyster|Icicle Spear|p1a: Gyarados\n|-damage|p1a: Gyarados|38\/269\n|-damage|p1a: Gyarados|8\/269\n|-damage|p1a: Gyarados|0 fnt\n|faint|p1a: Gyarados\n|-hitcount|p1: Gyarados|3\n|\n|upkeep\n|inactive|aidanmcc has 90 seconds left.\n|\n|t:|1668037158\n|switch|p1a: Scrafty|Scrafty, L82, M|241\/241\n|-damage|p1a: Scrafty|226\/241|[from] Stealth Rock\n|-ability|p1a: Scrafty|Intimidate|boost\n|-unboost|p2a: Cloyster|atk|1\n|-enditem|p2a: Cloyster|White Herb\n|-clearnegativeboost|p2a: Cloyster|[silent]\n|turn|18\n|inactive|aidanmcc has 60 seconds left.\n|\n|t:|1668037192\n|move|p2a: Cloyster|Icicle Spear|p1a: Scrafty\n|-damage|p1a: Scrafty|204\/241\n|-damage|p1a: Scrafty|183\/241\n|-damage|p1a: Scrafty|164\/241\n|-damage|p1a: Scrafty|143\/241\n|-damage|p1a: Scrafty|124\/241\n|-hitcount|p1a: Scrafty|5\n|move|p1a: Scrafty|Close Combat|p2a: Cloyster\n|-supereffective|p2a: Cloyster\n|-damage|p2a: Cloyster|0 fnt\n|-unboost|p1a: Scrafty|def|1\n|-unboost|p1a: Scrafty|spd|1\n|faint|p2a: Cloyster\n|\n|upkeep\n|inactive|Random196 has 120 seconds left.\n|\n|t:|1668037208\n|switch|p2a: Primarina|Primarina, L82, F|134\/265\n|-damage|p2a: Primarina|101\/265|[from] Stealth Rock\n|turn|19\n|\n|t:|1668037218\n|switch|p1a: Hitmontop|Hitmontop, L85, M|224\/224\n|-damage|p1a: Hitmontop|210\/224|[from] Stealth Rock\n|move|p2a: Primarina|Moonblast|p1a: Hitmontop\n|-supereffective|p1a: Hitmontop\n|-damage|p1a: Hitmontop|10\/224\n|-unboost|p1a: Hitmontop|spa|1\n|\n|upkeep\n|turn|20\n|\n|t:|1668037234\n|move|p2a: Primarina|Moonblast|p1a: Hitmontop\n|-supereffective|p1a: Hitmontop\n|-damage|p1a: Hitmontop|0 fnt\n|faint|p1a: Hitmontop\n|\n|upkeep\n|\n|t:|1668037241\n|switch|p1a: Scrafty|Scrafty, L82, M|124\/241\n|-damage|p1a: Scrafty|109\/241|[from] Stealth Rock\n|-ability|p1a: Scrafty|Intimidate|boost\n|-unboost|p2a: Primarina|atk|1\n|turn|21\n|\n|t:|1668037252\n|move|p2a: Primarina|Moonblast|p1a: Scrafty\n|-supereffective|p1a: Scrafty\n|-damage|p1a: Scrafty|0 fnt\n|faint|p1a: Scrafty\n|\n|upkeep\n|\n|t:|1668037257\n|switch|p1a: Blacephalon|Blacephalon, L80|215\/215\n|-damage|p1a: Blacephalon|162\/215|[from] Stealth Rock\n|turn|22\n|inactive|aidanmcc has 60 seconds left.\n|\n|t:|1668037275\n|-start|p1a: Blacephalon|Dynamax|\n|-heal|p1a: Blacephalon|324\/430|[silent]\n|move|p2a: Primarina|Moonblast|p1a: Blacephalon\n|-resisted|p1a: Blacephalon\n|-damage|p1a: Blacephalon|255\/430\n|move|p1a: Blacephalon|Max Phantasm|p2a: Primarina\n|-damage|p2a: Primarina|0 fnt\n|faint|p2a: Primarina\n|-ability|p1a: Blacephalon|Beast Boost|boost\n|-boost|p1a: Blacephalon|spa|1\n|\n|upkeep\n|\n|t:|1668037292\n|switch|p2a: Terrakion|Terrakion, L78|270\/270\n|-damage|p2a: Terrakion|254\/270|[from] Stealth Rock\n|turn|23\n|\n|t:|1668037303\n|-start|p2a: Terrakion|Dynamax|\n|-heal|p2a: Terrakion|508\/540|[silent]\n|move|p2a: Terrakion|Max Guard|p2a: Terrakion\n|-singleturn|p2a: Terrakion|Max Guard\n|move|p1a: Blacephalon|Max Mindstorm|p2a: Terrakion\n|-activate|p2a: Terrakion|move: Max Guard\n|\n|upkeep\n|turn|24\n|\n|t:|1668037314\n|move|p1a: Blacephalon|Max Mindstorm|p2a: Terrakion\n|-supereffective|p2a: Terrakion\n|-damage|p2a: Terrakion|92\/540\n|-fieldstart|move: Psychic Terrain\n|move|p2a: Terrakion|Max Rockfall|p1a: Blacephalon\n|-supereffective|p1a: Blacephalon\n|-damage|p1a: Blacephalon|0 fnt\n|-weather|Sandstorm\n|faint|p1a: Blacephalon\n|-damage|p2a: Terrakion|65\/540|[from] item: Life Orb\n|\n|win|Random196\n|raw|aidanmcc's rating: 1513 &rarr; <strong>1495<\/strong><br \/>(-18 for losing)\n|raw|Random196's rating: 1555 &rarr; <strong>1573<\/strong><br \/>(+18 for winning)\n|c|\u2606Random196|gg\n|l|\u2606aidanmcc\n","inputlog":">version 453a3ad56483cc6a5c08448f6577d394b68621b7\n>start {\"formatid\":\"gen8randombattle\",\"seed\":[51712,38954,9372,12600],\"rated\":\"Rated battle\"}\n>player p1 {\"name\":\"aidanmcc\",\"avatar\":\"clown\",\"rating\":1513,\"seed\":[58992,35248,43428,22000]}\n>player p2 {\"name\":\"Random196\",\"avatar\":\"cynthia-gen4\",\"rating\":1555,\"seed\":[26733,59706,35532,38872]}\n>p1 move toxic\n>p2 move thunderwave\n>p1 move stealthrock\n>p2 move stealthrock\n>p1 move ironhead\n>p2 switch 4\n>p1 move earthquake\n>p2 move substitute\n>p1 move earthquake\n>p2 move firelash\n>p1 switch 6\n>p2 move knockoff\n>p1 move raindance\n>p2 switch 5\n>p1 switch 6\n>p2 move sparklingaria\n>p1 switch 6\n>p1 move hurricane\n>p2 move sparklingaria\n>p1 move hurricane\n>p2 switch 4\n>p1 move hydropump\n>p2 move psychic\n>p2 switch 4\n>p1 move hurricane\n>p2 move moonblast\n>p1 switch 4\n>p1 move dragondance\n>p2 move moonblast\n>p1 move bounce\n>p2 switch 5\n>p1 move bounce\n>p2 move knockoff\n>p1 move waterfall\n>p2 move knockoff\n>p2 switch 6\n>p1 move earthquake\n>p2 move iciclespear\n>p1 switch 2\n>p1 move closecombat\n>p2 move iciclespear\n>p2 switch 5\n>p1 switch 3\n>p2 move moonblast\n>p1 move toxic\n>p2 move moonblast\n>p1 switch 3\n>p1 move poisonjab\n>p2 move moonblast\n>p1 switch 5\n>p1 move shadowball dynamax\n>p2 move moonblast\n>p2 switch 3\n>p1 move psyshock dynamax\n>p2 move swordsdance dynamax\n>p1 move psyshock dynamax\n>p2 move stoneedge dynamax","uploadtime":1668037325,"views":3,"p1id":"aidanmcc","p2id":"random196","formatid":"gen8randombattle","rating":1495,"private":0,"password":null}