{"id":"gen8nationaldex-1674527912","p1":"matirivero2603","p2":"Darkman64","format":"gen8nationaldex","log":"|j|\u2606matirivero2603\n|j|\u2606Darkman64\n|t:|1664573125\n|gametype|singles\n|player|p1|matirivero2603|266|\n|player|p2|Darkman64|juan|\n|teamsize|p1|6\n|teamsize|p2|6\n|gen|8\n|tier|[Gen 8] National Dex\n|rule|HP Percentage Mod: HP is shown in percentages\n|rule|Endless Battle Clause: Forcing endless battles is banned\n|rule|OHKO Clause: OHKO moves are banned\n|rule|Evasion Moves Clause: Evasion moves are banned\n|rule|Species Clause: Limit one of each Pok\u00e9mon\n|rule|Dynamax Clause: You cannot dynamax\n|rule|Sleep Clause Mod: Limit one foe put to sleep\n|clearpoke\n|poke|p1|Landorus-Therian, M|\n|poke|p1|Toxapex, F|\n|poke|p1|Corviknight, F|\n|poke|p1|Perrserker, M|\n|poke|p1|Eldegoss, F|\n|poke|p1|Vivillon-Polar, F|\n|poke|p2|Toxapex, M|\n|poke|p2|Weavile, M|\n|poke|p2|Landorus-Therian, M|\n|poke|p2|Exeggutor, M|\n|poke|p2|Ninetales, F|\n|poke|p2|Wigglytuff, M|\n|teampreview\n|c|\u2606matirivero2603|gl\n|c|\u2606Darkman64|u2\n|\n|t:|1664573155\n|start\n|switch|p1a: Landorus|Landorus-Therian, M|100\/100\n|switch|p2a: Weavile|Weavile, M|100\/100\n|-ability|p1a: Landorus|Intimidate|boost\n|-unboost|p2a: Weavile|atk|1\n|-ability|p2a: Weavile|Pressure\n|turn|1\n|\n|t:|1664573172\n|switch|p2a: Landorus|Landorus-Therian, M|100\/100\n|-ability|p2a: Landorus|Intimidate|boost\n|-unboost|p1a: Landorus|atk|1\n|move|p1a: Landorus|U-turn|p2a: Landorus\n|-resisted|p2a: Landorus\n|-damage|p2a: Landorus|93\/100\n|c|\u2606Darkman64|es scarf\n|c|\u2606Darkman64|dwgiupqfewp\n|j| Qaswedxfrtg\n|c|\u2606Darkman64|maticounter\n|c|\u2606matirivero2603|???\n|c|\u2606Darkman64|no era band?\n|c|\u2606matirivero2603|le lleve scarf desde r1\n|c|\u2606matirivero2603|xd\n|c|\u2606Darkman64|a\n|c|\u2606Darkman64|eso esxplica\n|c|\u2606Darkman64|cosas\n|\n|t:|1664573220\n|switch|p1a: Eldegoss|Eldegoss, F|100\/100|[from]move: U-turn\n|\n|-heal|p2a: Landorus|99\/100|[from] item: Leftovers\n|upkeep\n|turn|2\n|\n|t:|1664573232\n|move|p2a: Landorus|Knock Off|p1a: Eldegoss\n|-damage|p1a: Eldegoss|65\/100\n|-enditem|p1a: Eldegoss|Leftovers|[from] move: Knock Off|[of] p2a: Landorus\n|move|p1a: Eldegoss|Sleep Powder|p2a: Landorus|[miss]\n|-miss|p1a: Eldegoss|p2a: Landorus\n|\n|-heal|p2a: Landorus|100\/100|[from] item: Leftovers\n|upkeep\n|turn|3\n|\n|t:|1664573238\n|move|p2a: Landorus|U-turn|p1a: Eldegoss\n|-supereffective|p1a: Eldegoss\n|-damage|p1a: Eldegoss|17\/100\n|\n|t:|1664573242\n|switch|p2a: Exeggutor|Exeggutor, M|100\/100|[from]move: U-turn\n|move|p1a: Eldegoss|Sleep Powder|p2a: Exeggutor\n|-immune|p2a: Exeggutor\n|\n|upkeep\n|turn|4\n|c|\u2606matirivero2603|good\n|j| polona\n|\n|t:|1664573251\n|switch|p1a: Vivillon|Vivillon-Polar, F|100\/100\n|move|p2a: Exeggutor|Sleep Powder|p1a: Vivillon\n|-status|p1a: Vivillon|slp|[from] move: Sleep Powder\n|\n|upkeep\n|turn|5\n|c| polona|hola\n|c|\u2606Darkman64|momento hipocresia\n|\n|t:|1664573264\n|switch|p2a: Weavile|Weavile, M|100\/100\n|-ability|p2a: Weavile|Pressure\n|cant|p1a: Vivillon|slp\n|\n|upkeep\n|turn|6\n|\n|t:|1664573273\n|switch|p1a: Corviknight|Corviknight, F|100\/100\n|-ability|p1a: Corviknight|Pressure\n|move|p2a: Weavile|Knock Off|p1a: Corviknight\n|-damage|p1a: Corviknight|61\/100\n|-enditem|p1a: Corviknight|Leftovers|[from] move: Knock Off|[of] p2a: Weavile\n|\n|upkeep\n|turn|7\n|\n|t:|1664573277\n|switch|p2a: Ninetales|Ninetales, F|100\/100\n|-weather|SunnyDay|[from] ability: Drought|[of] p2a: Ninetales\n|move|p1a: Corviknight|Roost|p1a: Corviknight\n|-heal|p1a: Corviknight|100\/100\n|-singleturn|p1a: Corviknight|move: Roost\n|\n|-weather|SunnyDay|[upkeep]\n|upkeep\n|turn|8\n|\n|t:|1664573287\n|switch|p2a: Landorus|Landorus-Therian, M|100\/100\n|-ability|p2a: Landorus|Intimidate|boost\n|-unboost|p1a: Corviknight|atk|1\n|switch|p1a: Toxapex|Toxapex, F|100\/100\n|\n|-weather|SunnyDay|[upkeep]\n|upkeep\n|turn|9\n|\n|t:|1664573292\n|switch|p1a: Corviknight|Corviknight, F|100\/100\n|-ability|p1a: Corviknight|Pressure\n|move|p2a: Landorus|Knock Off|p1a: Corviknight\n|-damage|p1a: Corviknight|87\/100\n|\n|-weather|SunnyDay|[upkeep]\n|upkeep\n|turn|10\n|\n|t:|1664573299\n|move|p2a: Landorus|U-turn|p1a: Corviknight\n|-resisted|p1a: Corviknight\n|-damage|p1a: Corviknight|84\/100\n|c| polona|qaswedxfrtg hola bb\n|\n|t:|1664573304\n|switch|p2a: Wigglytuff|Wigglytuff, M|100\/100|[from]move: U-turn\n|move|p1a: Corviknight|U-turn|p2a: Wigglytuff\n|-resisted|p2a: Wigglytuff\n|-damage|p2a: Wigglytuff|95\/100\n|c| Qaswedxfrtg|bb\n|\n|t:|1664573309\n|switch|p1a: Perrserker|Perrserker, M|100\/100|[from]move: U-turn\n|\n|-weather|SunnyDay|[upkeep]\n|-heal|p2a: Wigglytuff|100\/100|[from] item: Leftovers\n|upkeep\n|turn|11\n|c|\u2606Darkman64|ese corvy\n|\n|t:|1664573314\n|move|p2a: Wigglytuff|Protect|p2a: Wigglytuff\n|-singleturn|p2a: Wigglytuff|Protect\n|move|p1a: Perrserker|Iron Head|p2a: Wigglytuff\n|-activate|p2a: Wigglytuff|move: Protect\n|\n|-weather|SunnyDay|[upkeep]\n|upkeep\n|turn|12\n|\n|t:|1664573318\n|switch|p2a: Toxapex|Toxapex, M|100\/100\n|move|p1a: Perrserker|Iron Head|p2a: Toxapex\n|-resisted|p2a: Toxapex\n|-damage|p2a: Toxapex|76\/100\n|\n|-weather|SunnyDay|[upkeep]\n|-heal|p2a: Toxapex|82\/100|[from] item: Black Sludge\n|upkeep\n|turn|13\n|\n|t:|1664573330\n|switch|p1a: Eldegoss|Eldegoss, F|50\/100\n|move|p2a: Toxapex|Toxic Spikes|p1a: Eldegoss\n|-sidestart|p1: matirivero2603|move: Toxic Spikes\n|\n|-weather|SunnyDay|[upkeep]\n|-heal|p2a: Toxapex|88\/100|[from] item: Black Sludge\n|upkeep\n|turn|14\n|\n|t:|1664573336\n|switch|p2a: Exeggutor|Exeggutor, M|100\/100\n|move|p1a: Eldegoss|Stun Spore|p2a: Exeggutor\n|-immune|p2a: Exeggutor\n|\n|-weather|none\n|upkeep\n|turn|15\n|\n|t:|1664573342\n|switch|p1a: Toxapex|Toxapex, F|100\/100\n|-sideend|p1: matirivero2603|move: Toxic Spikes|[of] p1a: Toxapex\n|move|p2a: Exeggutor|Giga Drain|p1a: Toxapex\n|-damage|p1a: Toxapex|79\/100\n|\n|-heal|p1a: Toxapex|85\/100|[from] item: Black Sludge\n|upkeep\n|turn|16\n|\n|t:|1664573347\n|move|p2a: Exeggutor|Substitute|p2a: Exeggutor\n|-start|p2a: Exeggutor|Substitute\n|-damage|p2a: Exeggutor|76\/100\n|move|p1a: Toxapex|Toxic||[still]\n|-fail|p1a: Toxapex\n|\n|-heal|p1a: Toxapex|91\/100|[from] item: Black Sludge\n|upkeep\n|turn|17\n|\n|t:|1664573359\n|switch|p1a: Eldegoss|Eldegoss, F|84\/100\n|move|p2a: Exeggutor|Giga Drain|p1a: Eldegoss\n|-resisted|p1a: Eldegoss\n|-damage|p1a: Eldegoss|73\/100\n|-heal|p2a: Exeggutor|80\/100|[from] drain|[of] p1a: Eldegoss\n|\n|upkeep\n|turn|18\n|c|\u2606Darkman64|extra\u00f1aba este set\n|c|\u2606Darkman64|aunque debi ponerme counter\n|\n|t:|1664573373\n|switch|p1a: Corviknight|Corviknight, F|84\/100\n|-ability|p1a: Corviknight|Pressure\n|move|p2a: Exeggutor|Giga Drain|p1a: Corviknight\n|-resisted|p1a: Corviknight\n|-damage|p1a: Corviknight|76\/100\n|-heal|p2a: Exeggutor|84\/100|[from] drain|[of] p1a: Corviknight\n|\n|upkeep\n|turn|19\n|\n|t:|1664573376\n|move|p1a: Corviknight|Roost|p1a: Corviknight\n|-heal|p1a: Corviknight|100\/100\n|-singleturn|p1a: Corviknight|move: Roost\n|move|p2a: Exeggutor|Leech Seed|p1a: Corviknight|[miss]\n|-miss|p2a: Exeggutor|p1a: Corviknight\n|\n|upkeep\n|turn|20\n|\n|t:|1664573379\n|move|p1a: Corviknight|U-turn|p2a: Exeggutor\n|-supereffective|p2a: Exeggutor\n|-end|p2a: Exeggutor|Substitute\n|\n|t:|1664573383\n|switch|p1a: Vivillon|Vivillon-Polar, F|100\/100 slp|[from]move: U-turn\n|move|p2a: Exeggutor|Sleep Powder|p1a: Vivillon\n|-fail|p1a: Vivillon|slp\n|\n|upkeep\n|turn|21\n|\n|t:|1664573387\n|-curestatus|p1a: Vivillon|slp|[msg]\n|move|p1a: Vivillon|Bug Buzz|p2a: Exeggutor\n|-supereffective|p2a: Exeggutor\n|-damage|p2a: Exeggutor|0 fnt\n|faint|p2a: Exeggutor\n|\n|upkeep\n|c|\u2606matirivero2603|????\n|c|\u2606Darkman64|abueno\n|c|\u2606matirivero2603|porque sleep powder\n|c|\u2606Darkman64|porque puedo\n|\n|t:|1664573400\n|switch|p2a: Weavile|Weavile, M|100\/100\n|-ability|p2a: Weavile|Pressure\n|turn|22\n|\n|t:|1664573404\n|switch|p1a: Corviknight|Corviknight, F|100\/100\n|-ability|p1a: Corviknight|Pressure\n|move|p2a: Weavile|Triple Axel|p1a: Corviknight\n|-damage|p1a: Corviknight|92\/100\n|-damage|p1a: Corviknight|75\/100\n|-damage|p1a: Corviknight|47\/100\n|-hitcount|p1a: Corviknight|3\n|\n|upkeep\n|turn|23\n|\n|t:|1664573409\n|switch|p2a: Landorus|Landorus-Therian, M|100\/100\n|-ability|p2a: Landorus|Intimidate|boost\n|-unboost|p1a: Corviknight|atk|1\n|switch|p1a: Toxapex|Toxapex, F|100\/100\n|\n|upkeep\n|turn|24\n|\n|t:|1664573415\n|move|p2a: Landorus|U-turn|p1a: Toxapex\n|-resisted|p1a: Toxapex\n|-damage|p1a: Toxapex|92\/100\n|\n|t:|1664573419\n|switch|p2a: Toxapex|Toxapex, M|100\/100|[from]move: U-turn\n|move|p1a: Toxapex|Toxic|p2a: Toxapex\n|-immune|p2a: Toxapex\n|\n|-heal|p1a: Toxapex|98\/100|[from] item: Black Sludge\n|upkeep\n|turn|25\n|\n|t:|1664573424\n|switch|p1a: Corviknight|Corviknight, F|47\/100\n|-ability|p1a: Corviknight|Pressure\n|switch|p2a: Weavile|Weavile, M|100\/100\n|-ability|p2a: Weavile|Pressure\n|\n|upkeep\n|turn|26\n|\n|t:|1664573430\n|switch|p1a: Toxapex|Toxapex, F|100\/100\n|move|p2a: Weavile|Knock Off|p1a: Toxapex\n|-damage|p1a: Toxapex|48\/100\n|-enditem|p1a: Toxapex|Black Sludge|[from] move: Knock Off|[of] p2a: Weavile\n|\n|upkeep\n|turn|27\n|\n|t:|1664573432\n|move|p2a: Weavile|Knock Off|p1a: Toxapex\n|-damage|p1a: Toxapex|10\/100\n|move|p1a: Toxapex|Recover|p1a: Toxapex\n|-heal|p1a: Toxapex|60\/100\n|\n|upkeep\n|turn|28\n|\n|t:|1664573435\n|move|p2a: Weavile|Knock Off|p1a: Toxapex\n|-damage|p1a: Toxapex|25\/100\n|move|p1a: Toxapex|Recover|p1a: Toxapex\n|-heal|p1a: Toxapex|75\/100\n|\n|upkeep\n|turn|29\n|\n|t:|1664573441\n|switch|p2a: Landorus|Landorus-Therian, M|100\/100\n|-ability|p2a: Landorus|Intimidate|boost\n|-unboost|p1a: Toxapex|atk|1\n|move|p1a: Toxapex|Recover|p1a: Toxapex\n|-heal|p1a: Toxapex|100\/100\n|\n|upkeep\n|turn|30\n|\n|t:|1664573446\n|switch|p1a: Corviknight|Corviknight, F|47\/100\n|-ability|p1a: Corviknight|Pressure\n|move|p2a: Landorus|U-turn|p1a: Corviknight\n|-resisted|p1a: Corviknight\n|-damage|p1a: Corviknight|44\/100\n|\n|t:|1664573448\n|switch|p2a: Weavile|Weavile, M|100\/100|[from]move: U-turn\n|-ability|p2a: Weavile|Pressure\n|\n|upkeep\n|turn|31\n|\n|t:|1664573451\n|switch|p1a: Toxapex|Toxapex, F|100\/100\n|move|p2a: Weavile|Knock Off|p1a: Toxapex\n|-damage|p1a: Toxapex|66\/100\n|\n|upkeep\n|turn|32\n|\n|t:|1664573463\n|move|p2a: Weavile|Knock Off|p1a: Toxapex\n|-damage|p1a: Toxapex|32\/100\n|move|p1a: Toxapex|Recover|p1a: Toxapex\n|-heal|p1a: Toxapex|82\/100\n|\n|upkeep\n|turn|33\n|\n|t:|1664573467\n|switch|p2a: Landorus|Landorus-Therian, M|100\/100\n|-ability|p2a: Landorus|Intimidate|boost\n|-unboost|p1a: Toxapex|atk|1\n|move|p1a: Toxapex|Toxic|p2a: Landorus\n|-status|p2a: Landorus|tox\n|\n|-damage|p2a: Landorus|94\/100 tox|[from] psn\n|upkeep\n|turn|34\n|c| Qaswedxfrtg|las cosas como son\n|c| Qaswedxfrtg|no es buen match pal dark\n|\n|t:|1664573485\n|switch|p1a: Corviknight|Corviknight, F|44\/100\n|-ability|p1a: Corviknight|Pressure\n|move|p2a: Landorus|U-turn|p1a: Corviknight\n|-resisted|p1a: Corviknight\n|-damage|p1a: Corviknight|41\/100\n|c| Qaswedxfrtg|aunque pudo no haber tirado al exxe\n|\n|t:|1664573488\n|switch|p2a: Ninetales|Ninetales, F|100\/100|[from]move: U-turn\n|-weather|SunnyDay|[from] ability: Drought|[of] p2a: Ninetales\n|\n|-weather|SunnyDay|[upkeep]\n|upkeep\n|turn|35\n|c| polona|porque no\n|c|\u2606matirivero2603|porque\n|c| Qaswedxfrtg|weavile es inutil\n|c|\u2606matirivero2603|sus wallbrakers\n|c|\u2606matirivero2603|los counteo\n|c|\u2606Darkman64|pense\n|c|\u2606Darkman64|que tiraria\n|c| Qaswedxfrtg|ye\n|c|\u2606Darkman64|no countee nada\n|c|\u2606matirivero2603|si hubiera llevado weavile beat up\n|c|\u2606matirivero2603|la ganaba\n|c|\u2606matirivero2603|dark\n|c| Qaswedxfrtg|en cambio toxa solito\n|\n|t:|1664573527\n|switch|p1a: Toxapex|Toxapex, F|100\/100\n|move|p2a: Ninetales|Flamethrower|p1a: Toxapex\n|-resisted|p1a: Toxapex\n|-damage|p1a: Toxapex|87\/100\n|\n|-weather|SunnyDay|[upkeep]\n|upkeep\n|turn|36\n|c|\u2606Darkman64|porque\n|c|\u2606Darkman64|tenias\n|c| Qaswedxfrtg|toxa le sigue saliendo al beat\n|c|\u2606Darkman64|que ser embra\n|c| Qaswedxfrtg|aunque\n|c|\u2606matirivero2603|no\n|c|\u2606matirivero2603|robert\n|c|\u2606matirivero2603|es two hits\n|\n|t:|1664573544\n|switch|p2a: Toxapex|Toxapex, M|100\/100\n|move|p1a: Toxapex|Scald|p2a: Toxapex\n|-resisted|p2a: Toxapex\n|-damage|p2a: Toxapex|98\/100\n|\n|-weather|SunnyDay|[upkeep]\n|-heal|p2a: Toxapex|100\/100|[from] item: Black Sludge\n|upkeep\n|turn|37\n|c|\u2606matirivero2603|con los 6 vivos\n|c|\u2606matirivero2603|lo se de ou\n|c| Qaswedxfrtg|nintels nasty plot psyshock\n|\n|t:|1664573563\n|switch|p1a: Corviknight|Corviknight, F|41\/100\n|-ability|p1a: Corviknight|Pressure\n|switch|p2a: Ninetales|Ninetales, F|100\/100\n|\n|-weather|SunnyDay|[upkeep]\n|upkeep\n|turn|38\n|c| polona|quien lo lleva\n|c| polona|asi\n|\n|t:|1664573569\n|switch|p1a: Toxapex|Toxapex, F|100\/100\n|move|p2a: Ninetales|Flamethrower|p1a: Toxapex\n|-resisted|p1a: Toxapex\n|-damage|p1a: Toxapex|88\/100\n|\n|-weather|SunnyDay|[upkeep]\n|upkeep\n|turn|39\n|\n|t:|1664573576\n|move|p2a: Ninetales|Encore||[still]\n|-fail|p2a: Ninetales\n|move|p1a: Toxapex|Scald|p2a: Ninetales\n|-supereffective|p2a: Ninetales\n|-damage|p2a: Ninetales|88\/100\n|\n|-weather|SunnyDay|[upkeep]\n|upkeep\n|turn|40\n|\n|t:|1664573580\n|move|p2a: Ninetales|Encore|p1a: Toxapex\n|-start|p1a: Toxapex|Encore\n|move|p1a: Toxapex|Scald|p2a: Ninetales\n|-supereffective|p2a: Ninetales\n|-damage|p2a: Ninetales|76\/100\n|\n|-weather|SunnyDay|[upkeep]\n|upkeep\n|turn|41\n|\n|t:|1664573583\n|move|p2a: Ninetales|Pain Split|p1a: Toxapex\n|-sethp|p1a: Toxapex|88\/100|[from] move: Pain Split|[silent]\n|-sethp|p2a: Ninetales|76\/100|[from] move: Pain Split\n|move|p1a: Toxapex|Scald|p2a: Ninetales\n|-supereffective|p2a: Ninetales\n|-damage|p2a: Ninetales|64\/100\n|\n|-weather|none\n|upkeep\n|turn|42\n|c| Qaswedxfrtg|a\n|c| polona|si veo a alguien con ese mov set flipare\n|\n|t:|1664573590\n|switch|p1a: Landorus|Landorus-Therian, M|100\/100\n|-ability|p1a: Landorus|Intimidate|boost\n|-unboost|p2a: Ninetales|atk|1\n|move|p2a: Ninetales|Pain Split|p1a: Landorus\n|-sethp|p1a: Landorus|85\/100|[from] move: Pain Split|[silent]\n|-sethp|p2a: Ninetales|78\/100|[from] move: Pain Split\n|\n|upkeep\n|turn|43\n|c| polona|tambien con este\n|\n|t:|1664573599\n|switch|p2a: Landorus|Landorus-Therian, M|94\/100 tox\n|-ability|p2a: Landorus|Intimidate|boost\n|-unboost|p1a: Landorus|atk|1\n|move|p1a: Landorus|U-turn|p2a: Landorus\n|-resisted|p2a: Landorus\n|-damage|p2a: Landorus|87\/100 tox\n|\n|t:|1664573601\n|switch|p1a: Corviknight|Corviknight, F|41\/100|[from]move: U-turn\n|-ability|p1a: Corviknight|Pressure\n|\n|-heal|p2a: Landorus|93\/100 tox|[from] item: Leftovers\n|-damage|p2a: Landorus|87\/100 tox|[from] psn\n|upkeep\n|turn|44\n|\n|t:|1664573608\n|move|p2a: Landorus|U-turn|p1a: Corviknight\n|-resisted|p1a: Corviknight\n|-damage|p1a: Corviknight|38\/100\n|\n|t:|1664573610\n|switch|p2a: Ninetales|Ninetales, F|78\/100|[from]move: U-turn\n|-weather|SunnyDay|[from] ability: Drought|[of] p2a: Ninetales\n|move|p1a: Corviknight|Roost|p1a: Corviknight\n|-heal|p1a: Corviknight|88\/100\n|-singleturn|p1a: Corviknight|move: Roost\n|\n|-weather|SunnyDay|[upkeep]\n|upkeep\n|turn|45\n|\n|t:|1664573613\n|switch|p1a: Toxapex|Toxapex, F|100\/100\n|move|p2a: Ninetales|Flamethrower|p1a: Toxapex\n|-resisted|p1a: Toxapex\n|-damage|p1a: Toxapex|87\/100\n|-status|p1a: Toxapex|brn\n|\n|-weather|SunnyDay|[upkeep]\n|-damage|p1a: Toxapex|81\/100 brn|[from] brn\n|upkeep\n|turn|46\n|c|\u2606Darkman64|buen burn\n|\n|t:|1664573620\n|switch|p2a: Toxapex|Toxapex, M|100\/100\n|move|p1a: Toxapex|Scald|p2a: Toxapex\n|-resisted|p2a: Toxapex\n|-damage|p2a: Toxapex|98\/100\n|\n|-weather|SunnyDay|[upkeep]\n|-heal|p2a: Toxapex|100\/100|[from] item: Black Sludge\n|-damage|p1a: Toxapex|75\/100 brn|[from] brn\n|upkeep\n|turn|47\n|\n|t:|1664573631\n|switch|p1a: Vivillon|Vivillon-Polar, F|100\/100\n|move|p2a: Toxapex|Scald|p1a: Vivillon\n|-damage|p1a: Vivillon|85\/100\n|\n|-weather|SunnyDay|[upkeep]\n|upkeep\n|turn|48\n|\n|t:|1664573637\n|move|p1a: Vivillon|Sleep Powder|p2a: Toxapex\n|-status|p2a: Toxapex|slp|[from] move: Sleep Powder\n|cant|p2a: Toxapex|slp\n|\n|-weather|SunnyDay|[upkeep]\n|upkeep\n|turn|49\n|\n|t:|1664573640\n|switch|p2a: Weavile|Weavile, M|100\/100\n|-ability|p2a: Weavile|Pressure\n|move|p1a: Vivillon|Quiver Dance|p1a: Vivillon\n|-boost|p1a: Vivillon|spa|1\n|-boost|p1a: Vivillon|spd|1\n|-boost|p1a: Vivillon|spe|1\n|\n|-weather|SunnyDay|[upkeep]\n|upkeep\n|turn|50\n|\n|t:|1664573645\n|move|p2a: Weavile|Ice Shard|p1a: Vivillon\n|-supereffective|p1a: Vivillon\n|-damage|p1a: Vivillon|0 fnt\n|faint|p1a: Vivillon\n|\n|-weather|SunnyDay|[upkeep]\n|upkeep\n|\n|t:|1664573651\n|switch|p1a: Perrserker|Perrserker, M|100\/100\n|turn|51\n|c|\u2606Darkman64|pal lobby\n|\n|t:|1664573656\n|switch|p2a: Toxapex|Toxapex, M|100\/100 slp\n|move|p1a: Perrserker|U-turn|p2a: Toxapex\n|-resisted|p2a: Toxapex\n|-damage|p2a: Toxapex|85\/100 slp\n|\n|t:|1664573663\n|switch|p1a: Landorus|Landorus-Therian, M|85\/100|[from]move: U-turn\n|-ability|p1a: Landorus|Intimidate|boost\n|-unboost|p2a: Toxapex|atk|1\n|\n|-weather|none\n|-heal|p2a: Toxapex|91\/100 slp|[from] item: Black Sludge\n|upkeep\n|turn|52\n|c|\u2606Darkman64|puede aprender u-turn?\n|\n|t:|1664573669\n|switch|p2a: Wigglytuff|Wigglytuff, M|100\/100\n|move|p1a: Landorus|Earthquake|p2a: Wigglytuff\n|-damage|p2a: Wigglytuff|48\/100\n|\n|-heal|p2a: Wigglytuff|54\/100|[from] item: Leftovers\n|upkeep\n|turn|53\n|\n|t:|1664573674\n|move|p2a: Wigglytuff|Protect|p2a: Wigglytuff\n|-singleturn|p2a: Wigglytuff|Protect\n|move|p1a: Landorus|Earthquake|p2a: Wigglytuff\n|-activate|p2a: Wigglytuff|move: Protect\n|\n|-heal|p2a: Wigglytuff|61\/100|[from] item: Leftovers\n|upkeep\n|turn|54\n|c|\u2606matirivero2603|no\n|c|\u2606matirivero2603|no puede\n|c|\u2606matirivero2603|yo hackee el juego\n|c|\u2606Darkman64|lo sabia\n|c|\u2606matirivero2603|y hago que lo aprenda\n|c|\u2606Darkman64|:v\n|\n|t:|1664573690\n|switch|p2a: Landorus|Landorus-Therian, M|87\/100 tox\n|-ability|p2a: Landorus|Intimidate|boost\n|-unboost|p1a: Landorus|atk|1\n|move|p1a: Landorus|Earthquake|p2a: Landorus\n|-immune|p2a: Landorus\n|\n|-heal|p2a: Landorus|93\/100 tox|[from] item: Leftovers\n|-damage|p2a: Landorus|87\/100 tox|[from] psn\n|upkeep\n|turn|55\n|\n|t:|1664573697\n|switch|p1a: Corviknight|Corviknight, F|88\/100\n|-ability|p1a: Corviknight|Pressure\n|move|p2a: Landorus|U-turn|p1a: Corviknight\n|-resisted|p1a: Corviknight\n|-damage|p1a: Corviknight|85\/100\n|\n|t:|1664573703\n|switch|p2a: Ninetales|Ninetales, F|78\/100|[from]move: U-turn\n|-weather|SunnyDay|[from] ability: Drought|[of] p2a: Ninetales\n|\n|-weather|SunnyDay|[upkeep]\n|upkeep\n|turn|56\n|\n|t:|1664573707\n|switch|p2a: Toxapex|Toxapex, M|100\/100 slp\n|switch|p1a: Toxapex|Toxapex, F|100\/100 brn\n|\n|-weather|SunnyDay|[upkeep]\n|-damage|p1a: Toxapex|94\/100 brn|[from] brn\n|upkeep\n|turn|57\n|\n|t:|1664573710\n|switch|p1a: Landorus|Landorus-Therian, M|85\/100\n|-ability|p1a: Landorus|Intimidate|boost\n|-unboost|p2a: Toxapex|atk|1\n|cant|p2a: Toxapex|slp\n|\n|-weather|SunnyDay|[upkeep]\n|upkeep\n|turn|58\n|c| Qaswedxfrtg|en 5 min el pu\n|\n|t:|1664573717\n|switch|p2a: Landorus|Landorus-Therian, M|87\/100 tox\n|-ability|p2a: Landorus|Intimidate|boost\n|-unboost|p1a: Landorus|atk|1\n|move|p1a: Landorus|Stone Edge|p2a: Landorus\n|-damage|p2a: Landorus|66\/100 tox\n|\n|-weather|SunnyDay|[upkeep]\n|-heal|p2a: Landorus|72\/100 tox|[from] item: Leftovers\n|-damage|p2a: Landorus|66\/100 tox|[from] psn\n|upkeep\n|turn|59\n|\n|t:|1664573723\n|switch|p1a: Corviknight|Corviknight, F|85\/100\n|-ability|p1a: Corviknight|Pressure\n|move|p2a: Landorus|U-turn|p1a: Corviknight\n|-resisted|p1a: Corviknight\n|-damage|p1a: Corviknight|82\/100\n|\n|t:|1664573727\n|switch|p2a: Toxapex|Toxapex, M|100\/100 slp|[from]move: U-turn\n|\n|-weather|SunnyDay|[upkeep]\n|upkeep\n|turn|60\n|\n|t:|1664573734\n|move|p1a: Corviknight|U-turn|p2a: Toxapex\n|-resisted|p2a: Toxapex\n|-damage|p2a: Toxapex|95\/100 slp\n|\n|t:|1664573736\n|switch|p1a: Eldegoss|Eldegoss, F|100\/100|[from]move: U-turn\n|cant|p2a: Toxapex|slp\n|\n|-weather|SunnyDay|[upkeep]\n|-heal|p2a: Toxapex|100\/100 slp|[from] item: Black Sludge\n|upkeep\n|turn|61\n|\n|t:|1664573741\n|move|p1a: Eldegoss|Rapid Spin|p2a: Toxapex\n|-damage|p2a: Toxapex|96\/100 slp\n|-boost|p1a: Eldegoss|spe|1\n|-curestatus|p2a: Toxapex|slp|[msg]\n|move|p2a: Toxapex|Toxic Spikes|p1a: Eldegoss\n|-sidestart|p1: matirivero2603|move: Toxic Spikes\n|\n|-weather|SunnyDay|[upkeep]\n|-heal|p2a: Toxapex|100\/100|[from] item: Black Sludge\n|upkeep\n|turn|62\n|c| polona|qaswedxfrtg sale hacerme team en 5 min\n|c| polona|y perder primera ronda\n|c| Qaswedxfrtg|ye\n|\n|t:|1664573748\n|switch|p2a: Wigglytuff|Wigglytuff, M|61\/100\n|move|p1a: Eldegoss|Sleep Powder|p2a: Wigglytuff\n|-status|p2a: Wigglytuff|slp|[from] move: Sleep Powder\n|\n|-weather|none\n|-heal|p2a: Wigglytuff|67\/100 slp|[from] item: Leftovers\n|upkeep\n|turn|63\n|c| polona|siuuu\n|\n|t:|1664573753\n|switch|p2a: Weavile|Weavile, M|100\/100\n|-ability|p2a: Weavile|Pressure\n|move|p1a: Eldegoss|Energy Ball|p2a: Weavile\n|-damage|p2a: Weavile|67\/100\n|\n|upkeep\n|turn|64\n|\n|t:|1664573761\n|switch|p1a: Toxapex|Toxapex, F|100\/100 brn\n|-sideend|p1: matirivero2603|move: Toxic Spikes|[of] p1a: Toxapex\n|move|p2a: Weavile|Triple Axel|p1a: Toxapex|[miss]\n|-miss|p2a: Weavile|p1a: Toxapex\n|\n|-damage|p1a: Toxapex|94\/100 brn|[from] brn\n|upkeep\n|turn|65\n|\n|t:|1664573768\n|switch|p2a: Toxapex|Toxapex, M|100\/100\n|switch|p1a: Landorus|Landorus-Therian, M|85\/100\n|-ability|p1a: Landorus|Intimidate|boost\n|-unboost|p2a: Toxapex|atk|1\n|\n|upkeep\n|turn|66\n|\n|t:|1664573774\n|move|p1a: Landorus|Earthquake|p2a: Toxapex\n|-supereffective|p2a: Toxapex\n|-damage|p2a: Toxapex|9\/100\n|move|p2a: Toxapex|Scald|p1a: Landorus\n|-supereffective|p1a: Landorus\n|-damage|p1a: Landorus|42\/100\n|\n|-heal|p2a: Toxapex|15\/100|[from] item: Black Sludge\n|upkeep\n|turn|67\n|c| polona|qaswedxfrtg octava gen\n|c| polona|\u00bf?\n|c| Qaswedxfrtg|ye\n|\n|t:|1664573781\n|switch|p2a: Landorus|Landorus-Therian, M|66\/100 tox\n|-ability|p2a: Landorus|Intimidate|boost\n|-unboost|p1a: Landorus|atk|1\n|move|p1a: Landorus|Earthquake|p2a: Landorus\n|-immune|p2a: Landorus\n|\n|-heal|p2a: Landorus|72\/100 tox|[from] item: Leftovers\n|-damage|p2a: Landorus|66\/100 tox|[from] psn\n|upkeep\n|turn|68\n|c|\u2606Darkman64|podias quemar\n|\n|t:|1664573803\n|switch|p1a: Perrserker|Perrserker, M|100\/100\n|move|p2a: Landorus|U-turn|p1a: Perrserker\n|-resisted|p1a: Perrserker\n|-damage|p1a: Perrserker|90\/100\n|c| polona|maldito hydreiigon\n|\n|t:|1664573806\n|switch|p2a: Weavile|Weavile, M|67\/100|[from]move: U-turn\n|-ability|p2a: Weavile|Pressure\n|\n|upkeep\n|turn|69\n|c| polona|en esta gen es la ostia\n|c| polona|y no esta\n|\n|t:|1664573817\n|move|p2a: Weavile|Knock Off|p1a: Perrserker\n|-damage|p1a: Perrserker|16\/100\n|-enditem|p1a: Perrserker|Choice Band|[from] move: Knock Off|[of] p2a: Weavile\n|move|p1a: Perrserker|U-turn|p2a: Weavile\n|-supereffective|p2a: Weavile\n|-damage|p2a: Weavile|0 fnt\n|faint|p2a: Weavile\n|c|\u2606Darkman64|xd\n|\n|t:|1664573823\n|switch|p1a: Landorus|Landorus-Therian, M|42\/100|[from]move: U-turn\n|\n|upkeep\n|\n|t:|1664573829\n|switch|p2a: Landorus|Landorus-Therian, M|66\/100 tox\n|-ability|p2a: Landorus|Intimidate|boost\n|-unboost|p1a: Landorus|atk|1\n|turn|70\n|\n|t:|1664573840\n|switch|p2a: Ninetales|Ninetales, F|78\/100\n|-weather|SunnyDay|[from] ability: Drought|[of] p2a: Ninetales\n|move|p1a: Landorus|U-turn|p2a: Ninetales\n|-resisted|p2a: Ninetales\n|-damage|p2a: Ninetales|66\/100\n|\n|t:|1664573845\n|switch|p1a: Toxapex|Toxapex, F|100\/100 brn|[from]move: U-turn\n|\n|-weather|SunnyDay|[upkeep]\n|-damage|p1a: Toxapex|94\/100 brn|[from] brn\n|upkeep\n|turn|71\n|c| polona|dark es tu mega culpa\n|\n|t:|1664573856\n|move|p2a: Ninetales|Flamethrower|p1a: Toxapex\n|-resisted|p1a: Toxapex\n|-damage|p1a: Toxapex|80\/100 brn\n|move|p1a: Toxapex|Scald|p2a: Ninetales\n|-supereffective|p2a: Ninetales\n|-damage|p2a: Ninetales|55\/100\n|\n|-weather|SunnyDay|[upkeep]\n|-damage|p1a: Toxapex|74\/100 brn|[from] brn\n|upkeep\n|turn|72\n|c| polona|porque debo culpar a alguien\n|\n|t:|1664573864\n|move|p2a: Ninetales|Flamethrower|p1a: Toxapex\n|-resisted|p1a: Toxapex\n|-damage|p1a: Toxapex|62\/100 brn\n|move|p1a: Toxapex|Scald|p2a: Ninetales\n|-supereffective|p2a: Ninetales\n|-damage|p2a: Ninetales|43\/100\n|\n|-weather|SunnyDay|[upkeep]\n|-damage|p1a: Toxapex|56\/100 brn|[from] brn\n|upkeep\n|turn|73\n|\n|t:|1664573869\n|move|p2a: Ninetales|Flamethrower|p1a: Toxapex\n|-resisted|p1a: Toxapex\n|-damage|p1a: Toxapex|43\/100 brn\n|move|p1a: Toxapex|Recover|p1a: Toxapex\n|-heal|p1a: Toxapex|93\/100 brn\n|\n|-weather|SunnyDay|[upkeep]\n|-damage|p1a: Toxapex|87\/100 brn|[from] brn\n|upkeep\n|turn|74\n|\n|t:|1664573885\n|move|p2a: Ninetales|Pain Split|p1a: Toxapex\n|-sethp|p1a: Toxapex|68\/100 brn|[from] move: Pain Split|[silent]\n|-sethp|p2a: Ninetales|59\/100|[from] move: Pain Split\n|move|p1a: Toxapex|Scald|p2a: Ninetales\n|-supereffective|p2a: Ninetales\n|-damage|p2a: Ninetales|47\/100\n|\n|-weather|SunnyDay|[upkeep]\n|-damage|p1a: Toxapex|62\/100 brn|[from] brn\n|upkeep\n|turn|75\n|\n|t:|1664573891\n|move|p2a: Ninetales|Flamethrower|p1a: Toxapex\n|-resisted|p1a: Toxapex\n|-damage|p1a: Toxapex|49\/100 brn\n|move|p1a: Toxapex|Toxic|p2a: Ninetales\n|-status|p2a: Ninetales|tox\n|\n|-weather|SunnyDay|[upkeep]\n|-damage|p2a: Ninetales|41\/100 tox|[from] psn\n|-damage|p1a: Toxapex|42\/100 brn|[from] brn\n|upkeep\n|turn|76\n|\n|t:|1664573897\n|move|p2a: Ninetales|Encore|p1a: Toxapex\n|-start|p1a: Toxapex|Encore\n|move|p1a: Toxapex|Toxic|p2a: Ninetales\n|-fail|p2a: Ninetales|tox\n|\n|-weather|SunnyDay|[upkeep]\n|-damage|p2a: Ninetales|29\/100 tox|[from] psn\n|-damage|p1a: Toxapex|36\/100 brn|[from] brn\n|upkeep\n|turn|77\n|\n|t:|1664573911\n|switch|p1a: Perrserker|Perrserker, M|16\/100\n|move|p2a: Ninetales|Flamethrower|p1a: Perrserker\n|-supereffective|p1a: Perrserker\n|-damage|p1a: Perrserker|0 fnt\n|faint|p1a: Perrserker\n|\n|-weather|none\n|-damage|p2a: Ninetales|11\/100 tox|[from] psn\n|upkeep\n|\n|t:|1664573921\n|switch|p1a: Landorus|Landorus-Therian, M|42\/100\n|-ability|p1a: Landorus|Intimidate|boost\n|-unboost|p2a: Ninetales|atk|1\n|turn|78\n|\n|t:|1664573926\n|switch|p2a: Wigglytuff|Wigglytuff, M|67\/100 slp\n|move|p1a: Landorus|U-turn|p2a: Wigglytuff\n|-resisted|p2a: Wigglytuff\n|-damage|p2a: Wigglytuff|54\/100 slp\n|c|\u2606Darkman64|paja grupal si gano\n|\n|t:|1664573944\n|switch|p1a: Corviknight|Corviknight, F|82\/100|[from]move: U-turn\n|-ability|p1a: Corviknight|Pressure\n|\n|-heal|p2a: Wigglytuff|61\/100 slp|[from] item: Leftovers\n|upkeep\n|turn|79\n|\n|t:|1664573949\n|move|p1a: Corviknight|U-turn|p2a: Wigglytuff\n|-resisted|p2a: Wigglytuff\n|-damage|p2a: Wigglytuff|55\/100 slp\n|-start|p1a: Corviknight|Attract|[from] ability: Cute Charm|[of] p2a: Wigglytuff\n|\n|t:|1664573953\n|switch|p1a: Landorus|Landorus-Therian, M|42\/100|[from]move: U-turn\n|-ability|p1a: Landorus|Intimidate|boost\n|-unboost|p2a: Wigglytuff|atk|1\n|cant|p2a: Wigglytuff|slp\n|\n|-heal|p2a: Wigglytuff|61\/100 slp|[from] item: Leftovers\n|upkeep\n|turn|80\n|\n|t:|1664573959\n|switch|p2a: Landorus|Landorus-Therian, M|66\/100 tox\n|-ability|p2a: Landorus|Intimidate|boost\n|-unboost|p1a: Landorus|atk|1\n|move|p1a: Landorus|Earthquake|p2a: Landorus\n|-immune|p2a: Landorus\n|\n|-heal|p2a: Landorus|72\/100 tox|[from] item: Leftovers\n|-damage|p2a: Landorus|66\/100 tox|[from] psn\n|upkeep\n|turn|81\n|\n|t:|1664573976\n|switch|p1a: Corviknight|Corviknight, F|82\/100\n|-ability|p1a: Corviknight|Pressure\n|move|p2a: Landorus|U-turn|p1a: Corviknight\n|-resisted|p1a: Corviknight\n|-crit|p1a: Corviknight\n|-damage|p1a: Corviknight|77\/100\n|\n|t:|1664573979\n|switch|p2a: Wigglytuff|Wigglytuff, M|61\/100 slp|[from]move: U-turn\n|\n|-heal|p2a: Wigglytuff|68\/100 slp|[from] item: Leftovers\n|upkeep\n|turn|82\n|\n|t:|1664573984\n|move|p1a: Corviknight|Body Press|p2a: Wigglytuff\n|-damage|p2a: Wigglytuff|48\/100 slp\n|-curestatus|p2a: Wigglytuff|slp|[msg]\n|move|p2a: Wigglytuff|Wish|p2a: Wigglytuff\n|\n|-heal|p2a: Wigglytuff|54\/100|[from] item: Leftovers\n|upkeep\n|turn|83\n|\n|t:|1664573989\n|move|p1a: Corviknight|U-turn|p2a: Wigglytuff\n|-resisted|p2a: Wigglytuff\n|-damage|p2a: Wigglytuff|49\/100\n|-start|p1a: Corviknight|Attract|[from] ability: Cute Charm|[of] p2a: Wigglytuff\n|c| polona|alto team me estoy haciendo\n|j| kymmateo\n|\n|t:|1664573999\n|switch|p1a: Toxapex|Toxapex, F|69\/100 brn|[from]move: U-turn\n|move|p2a: Wigglytuff|Teleport|p2a: Wigglytuff\n|c| polona|es team de 8 gen\n|\n|t:|1664574005\n|switch|p2a: Ninetales|Ninetales, F|11\/100 tox|[from]move: Teleport\n|-weather|SunnyDay|[from] ability: Drought|[of] p2a: Ninetales\n|\n|-weather|SunnyDay|[upkeep]\n|-heal|p2a: Ninetales|80\/100 tox|[from] move: Wish|[wisher] Wigglytuff\n|-damage|p2a: Ninetales|74\/100 tox|[from] psn\n|-damage|p1a: Toxapex|63\/100 brn|[from] brn\n|upkeep\n|turn|84\n|c| polona|para nada predecible\n|c|\u2606Darkman64|kym\n|c|\u2606Darkman64|si gano\n|c|\u2606Darkman64|paja grupal\n|\n|t:|1664574023\n|switch|p2a: Toxapex|Toxapex, M|49\/100\n|move|p1a: Toxapex|Recover|p1a: Toxapex\n|-heal|p1a: Toxapex|100\/100 brn\n|\n|-weather|SunnyDay|[upkeep]\n|-heal|p2a: Toxapex|55\/100|[from] item: Black Sludge\n|-damage|p1a: Toxapex|94\/100 brn|[from] brn\n|upkeep\n|turn|85\n|c|\u2606Darkman64|va?\n|\n|t:|1664574029\n|switch|p1a: Eldegoss|Eldegoss, F|100\/100\n|move|p2a: Toxapex|Scald|p1a: Eldegoss\n|-resisted|p1a: Eldegoss\n|-damage|p1a: Eldegoss|98\/100\n|\n|-weather|SunnyDay|[upkeep]\n|-heal|p2a: Toxapex|61\/100|[from] item: Black Sludge\n|upkeep\n|turn|86\n|c| polona|pero kym no esta\n|c| Qaswedxfrtg|ya esta el puuuuuuuuuuuu\n|c| Qaswedxfrtg|metanse\n|\n|t:|1664574039\n|switch|p2a: Wigglytuff|Wigglytuff, M|49\/100\n|move|p1a: Eldegoss|Stun Spore|p2a: Wigglytuff|[miss]\n|-miss|p1a: Eldegoss|p2a: Wigglytuff\n|\n|-weather|SunnyDay|[upkeep]\n|-heal|p2a: Wigglytuff|55\/100|[from] item: Leftovers\n|upkeep\n|turn|87\n|\n|t:|1664574050\n|move|p1a: Eldegoss|Stun Spore|p2a: Wigglytuff|[miss]\n|-miss|p1a: Eldegoss|p2a: Wigglytuff\n|move|p2a: Wigglytuff|Thunder Wave|p1a: Eldegoss\n|-status|p1a: Eldegoss|par\n|\n|-weather|SunnyDay|[upkeep]\n|-heal|p2a: Wigglytuff|61\/100|[from] item: Leftovers\n|upkeep\n|turn|88\n|c|\u2606matirivero2603|va\n|c|\u2606Darkman64|no seas mamon\n|\n|t:|1664574060\n|move|p2a: Wigglytuff|Wish|p2a: Wigglytuff\n|move|p1a: Eldegoss|Stun Spore|p2a: Wigglytuff|[miss]\n|-miss|p1a: Eldegoss|p2a: Wigglytuff\n|\n|-weather|SunnyDay|[upkeep]\n|-heal|p2a: Wigglytuff|67\/100|[from] item: Leftovers\n|upkeep\n|turn|89\n|c|\u2606matirivero2603|va\n|c|\u2606matirivero2603|vva\n|c|\u2606matirivero2603|va\n|c|\u2606matirivero2603|va\n|c|\u2606Darkman64|esto ta feo\n|\n|t:|1664574073\n|move|p1a: Eldegoss|Sleep Powder|p2a: Wigglytuff|[miss]\n|-miss|p1a: Eldegoss|p2a: Wigglytuff\n|move|p2a: Wigglytuff|Teleport|p2a: Wigglytuff\n|c|\u2606matirivero2603|vava\n|c|\u2606matirivero2603|va\n|c|\u2606matirivero2603|va\n|c|\u2606matirivero2603|av\n|c|\u2606Darkman64|xdddd\n|\n|t:|1664574081\n|switch|p2a: Landorus|Landorus-Therian, M|66\/100 tox|[from]move: Teleport\n|-ability|p2a: Landorus|Intimidate|boost\n|-unboost|p1a: Eldegoss|atk|1\n|\n|-weather|SunnyDay|[upkeep]\n|-heal|p2a: Landorus|100\/100 tox|[from] move: Wish|[wisher] Wigglytuff\n|-damage|p2a: Landorus|94\/100 tox|[from] psn\n|upkeep\n|turn|90\n|\n|t:|1664574096\n|switch|p1a: Corviknight|Corviknight, F|77\/100\n|-ability|p1a: Corviknight|Pressure\n|move|p2a: Landorus|U-turn|p1a: Corviknight\n|-resisted|p1a: Corviknight\n|-damage|p1a: Corviknight|74\/100\n|\n|t:|1664574104\n|switch|p2a: Ninetales|Ninetales, F|74\/100 tox|[from]move: U-turn\n|\n|-weather|none\n|-damage|p2a: Ninetales|68\/100 tox|[from] psn\n|upkeep\n|turn|91\n|\n|t:|1664574111\n|switch|p2a: Landorus|Landorus-Therian, M|94\/100 tox\n|-ability|p2a: Landorus|Intimidate|boost\n|-unboost|p1a: Corviknight|atk|1\n|switch|p1a: Toxapex|Toxapex, F|100\/100 brn\n|\n|-heal|p2a: Landorus|100\/100 tox|[from] item: Leftovers\n|-damage|p2a: Landorus|94\/100 tox|[from] psn\n|-damage|p1a: Toxapex|94\/100 brn|[from] brn\n|upkeep\n|turn|92\n|\n|t:|1664574118\n|switch|p1a: Corviknight|Corviknight, F|74\/100\n|-ability|p1a: Corviknight|Pressure\n|move|p2a: Landorus|U-turn|p1a: Corviknight\n|-resisted|p1a: Corviknight\n|-damage|p1a: Corviknight|71\/100\n|\n|t:|1664574123\n|switch|p2a: Wigglytuff|Wigglytuff, M|67\/100|[from]move: U-turn\n|\n|-heal|p2a: Wigglytuff|74\/100|[from] item: Leftovers\n|upkeep\n|turn|93\n|\n|t:|1664574139\n|move|p1a: Corviknight|U-turn|p2a: Wigglytuff\n|-resisted|p2a: Wigglytuff\n|-damage|p2a: Wigglytuff|67\/100\n|\n|t:|1664574142\n|switch|p1a: Eldegoss|Eldegoss, F|100\/100 par|[from]move: U-turn\n|move|p2a: Wigglytuff|Wish|p2a: Wigglytuff\n|\n|-heal|p2a: Wigglytuff|74\/100|[from] item: Leftovers\n|upkeep\n|turn|94\n|c| Qaswedxfrtg|este combate va pa largo\n|\n|t:|1664574156\n|switch|p2a: Ninetales|Ninetales, F|68\/100 tox\n|-weather|SunnyDay|[from] ability: Drought|[of] p2a: Ninetales\n|switch|p1a: Landorus|Landorus-Therian, M|42\/100\n|-ability|p1a: Landorus|Intimidate|boost\n|-unboost|p2a: Ninetales|atk|1\n|\n|-weather|SunnyDay|[upkeep]\n|-heal|p2a: Ninetales|100\/100 tox|[from] move: Wish|[wisher] Wigglytuff\n|-damage|p2a: Ninetales|94\/100 tox|[from] psn\n|upkeep\n|turn|95\n|c|\u2606Darkman64|me toco vs door money\n|\n|t:|1664574165\n|switch|p2a: Landorus|Landorus-Therian, M|94\/100 tox\n|-ability|p2a: Landorus|Intimidate|boost\n|-unboost|p1a: Landorus|atk|1\n|move|p1a: Landorus|Knock Off|p2a: Landorus\n|-damage|p2a: Landorus|72\/100 tox\n|-enditem|p2a: Landorus|Leftovers|[from] move: Knock Off|[of] p1a: Landorus\n|\n|-weather|SunnyDay|[upkeep]\n|-damage|p2a: Landorus|66\/100 tox|[from] psn\n|upkeep\n|turn|96\n|c| Qaswedxfrtg|ya inicio el tour\n|\n|t:|1664574173\n|switch|p1a: Corviknight|Corviknight, F|71\/100\n|-ability|p1a: Corviknight|Pressure\n|move|p2a: Landorus|U-turn|p1a: Corviknight\n|-resisted|p1a: Corviknight\n|-damage|p1a: Corviknight|67\/100\n|c| polona|a mi me va a violar\n|c| polona|mi rival\n|\n|t:|1664574179\n|switch|p2a: Ninetales|Ninetales, F|94\/100 tox|[from]move: U-turn\n|\n|-weather|SunnyDay|[upkeep]\n|-damage|p2a: Ninetales|88\/100 tox|[from] psn\n|upkeep\n|turn|97\n|\n|t:|1664574183\n|switch|p1a: Toxapex|Toxapex, F|100\/100 brn\n|move|p2a: Ninetales|Flamethrower|p1a: Toxapex\n|-resisted|p1a: Toxapex\n|-damage|p1a: Toxapex|88\/100 brn\n|\n|-weather|SunnyDay|[upkeep]\n|-damage|p2a: Ninetales|76\/100 tox|[from] psn\n|-damage|p1a: Toxapex|82\/100 brn|[from] brn\n|upkeep\n|turn|98\n|c| polona|puse objetos mal\n|c| polona|xdd\n|c|\u2606Darkman64|ami me esta violando el mio\n|c|\u2606Darkman64|:v\n|\n|t:|1664574193\n|switch|p2a: Toxapex|Toxapex, M|94\/100\n|move|p1a: Toxapex|Scald|p2a: Toxapex\n|-resisted|p2a: Toxapex\n|-damage|p2a: Toxapex|91\/100\n|\n|-weather|SunnyDay|[upkeep]\n|-heal|p2a: Toxapex|98\/100|[from] item: Black Sludge\n|-damage|p1a: Toxapex|76\/100 brn|[from] brn\n|upkeep\n|turn|99\n|\n|t:|1664574201\n|switch|p1a: Eldegoss|Eldegoss, F|100\/100 par\n|move|p2a: Toxapex|Scald|p1a: Eldegoss\n|-resisted|p1a: Eldegoss\n|-damage|p1a: Eldegoss|98\/100 par\n|\n|-weather|SunnyDay|[upkeep]\n|-heal|p2a: Toxapex|100\/100|[from] item: Black Sludge\n|upkeep\n|turn|100\n|\n|t:|1664574226\n|switch|p2a: Landorus|Landorus-Therian, M|66\/100 tox\n|-ability|p2a: Landorus|Intimidate|boost\n|-unboost|p1a: Eldegoss|atk|1\n|move|p1a: Eldegoss|Stun Spore||[still]\n|-fail|p1a: Eldegoss\n|\n|-weather|SunnyDay|[upkeep]\n|-damage|p2a: Landorus|60\/100 tox|[from] psn\n|upkeep\n|turn|101\n|c| polona|el mio a utilizado trick room\n|c| polona|y su pokemon mas rapido\n|c| polona|lento\n|c| polona|es un aggron\n|c| polona|xddd\n|\n|t:|1664574250\n|switch|p1a: Landorus|Landorus-Therian, M|42\/100\n|-ability|p1a: Landorus|Intimidate|boost\n|-unboost|p2a: Landorus|atk|1\n|move|p2a: Landorus|U-turn|p1a: Landorus\n|-resisted|p1a: Landorus\n|-damage|p1a: Landorus|34\/100\n|\n|t:|1664574253\n|switch|p2a: Toxapex|Toxapex, M|100\/100|[from]move: U-turn\n|\n|-weather|none\n|upkeep\n|turn|102\n|\n|t:|1664574260\n|move|p1a: Landorus|U-turn|p2a: Toxapex\n|-resisted|p2a: Toxapex\n|-damage|p2a: Toxapex|91\/100\n|c|\u2606Darkman64|cagon\n|\n|t:|1664574266\n|switch|p1a: Eldegoss|Eldegoss, F|100\/100 par|[from]move: U-turn\n|move|p2a: Toxapex|Scald|p1a: Eldegoss\n|-resisted|p1a: Eldegoss\n|-damage|p1a: Eldegoss|95\/100 par\n|\n|-heal|p2a: Toxapex|97\/100|[from] item: Black Sludge\n|upkeep\n|turn|103\n|c|\u2606matirivero2603|me da que la pierdo\n|c|\u2606matirivero2603|chokee con vivillon\n|\n|t:|1664574299\n|switch|p2a: Ninetales|Ninetales, F|76\/100 tox\n|-weather|SunnyDay|[from] ability: Drought|[of] p2a: Ninetales\n|switch|p1a: Landorus|Landorus-Therian, M|34\/100\n|-ability|p1a: Landorus|Intimidate|boost\n|-unboost|p2a: Ninetales|atk|1\n|\n|-weather|SunnyDay|[upkeep]\n|-damage|p2a: Ninetales|70\/100 tox|[from] psn\n|upkeep\n|turn|104\n|c|\u2606Darkman64|yo pierda\n|\n|t:|1664574308\n|switch|p2a: Landorus|Landorus-Therian, M|60\/100 tox\n|-ability|p2a: Landorus|Intimidate|boost\n|-unboost|p1a: Landorus|atk|1\n|move|p1a: Landorus|Stone Edge|p2a: Landorus\n|-crit|p2a: Landorus\n|-damage|p2a: Landorus|15\/100 tox\n|\n|-weather|SunnyDay|[upkeep]\n|-damage|p2a: Landorus|9\/100 tox|[from] psn\n|upkeep\n|turn|105\n|c| Qaswedxfrtg|gane ya yo\n|\n|t:|1664574316\n|switch|p2a: Wigglytuff|Wigglytuff, M|74\/100\n|move|p1a: Landorus|Stone Edge|p2a: Wigglytuff|[miss]\n|-miss|p1a: Landorus|p2a: Wigglytuff\n|\n|-weather|SunnyDay|[upkeep]\n|-heal|p2a: Wigglytuff|80\/100|[from] item: Leftovers\n|upkeep\n|turn|106\n|c| polona|voy a pasar con un jellicent\n|c| polona|rocky helmet\n|\n|t:|1664574325\n|switch|p1a: Eldegoss|Eldegoss, F|100\/100 par\n|move|p2a: Wigglytuff|Wish|p2a: Wigglytuff\n|\n|-weather|SunnyDay|[upkeep]\n|-heal|p2a: Wigglytuff|86\/100|[from] item: Leftovers\n|upkeep\n|turn|107\n|c| polona|siuuu\n|c| polona|xxddd\n|c|\u2606Darkman64|si se pudiera paralizar\n|\n|t:|1664574332\n|switch|p2a: Landorus|Landorus-Therian, M|9\/100 tox\n|-ability|p2a: Landorus|Intimidate|boost\n|-unboost|p1a: Eldegoss|atk|1\n|move|p1a: Eldegoss|Sleep Powder||[still]\n|-fail|p1a: Eldegoss\n|\n|-weather|SunnyDay|[upkeep]\n|-heal|p2a: Landorus|72\/100 tox|[from] move: Wish|[wisher] Wigglytuff\n|-damage|p2a: Landorus|66\/100 tox|[from] psn\n|upkeep\n|turn|108\n|c|\u2606matirivero2603|aa\n|\n|t:|1664574342\n|switch|p1a: Corviknight|Corviknight, F|67\/100\n|-ability|p1a: Corviknight|Pressure\n|move|p2a: Landorus|U-turn|p1a: Corviknight\n|-resisted|p1a: Corviknight\n|-damage|p1a: Corviknight|64\/100\n|c|\u2606matirivero2603|te la jugaste ahi eh\n|c|\u2606matirivero2603|te pude haber matao\n|c| polona|vamos jellicent rocky helmet\n|c|\u2606Darkman64|en cualquier moemnto puedes matarme\n|c|\u2606Darkman64|x\n|c| Qaswedxfrtg|mati fue descalificado y dark jugando en dos lugares al mismo tiempo xd\n|c|\u2606Darkman64|fd\n|c| polona|qaswedxfrtg\n|\n|t:|1664574388\n|switch|p2a: Toxapex|Toxapex, M|100\/100|[from]move: U-turn\n|\n|-weather|SunnyDay|[upkeep]\n|upkeep\n|turn|109\n|c| polona|mira mi combate\n|\n|t:|1664574399\n|move|p1a: Corviknight|U-turn|p2a: Toxapex\n|-resisted|p2a: Toxapex\n|-damage|p2a: Toxapex|95\/100\n|\n|t:|1664574401\n|switch|p1a: Eldegoss|Eldegoss, F|100\/100 par|[from]move: U-turn\n|move|p2a: Toxapex|Scald|p1a: Eldegoss\n|-resisted|p1a: Eldegoss\n|-crit|p1a: Eldegoss\n|-damage|p1a: Eldegoss|96\/100 par\n|\n|-weather|SunnyDay|[upkeep]\n|-heal|p2a: Toxapex|100\/100|[from] item: Black Sludge\n|upkeep\n|turn|110\n|c| Qaswedxfrtg|no puedo entrara otros combates\n|c| polona|paso link\n|c| polona|https:\/\/play.pokemonshowdown.com\/battle-gen8pu-1674539264\n|c| Qaswedxfrtg|nodeja\n|c| polona|f\n|c| Qaswedxfrtg|voy vs polona xd\n|c| polona|noooo\n|c| polona|rigoberta\n|inactive|Battle timer is ON: inactive players will automatically lose when time's up. (requested by matirivero2603)\n|\n|t:|1664574470\n|move|p2a: Toxapex|Scald|p1a: Eldegoss\n|-resisted|p1a: Eldegoss\n|-damage|p1a: Eldegoss|94\/100 par\n|cant|p1a: Eldegoss|par\n|\n|-weather|none\n|upkeep\n|turn|111\n|c|\u2606matirivero2603|lmao\n|c|\u2606matirivero2603|LMAO\n|c|\u2606matirivero2603|LMAAAAAAAAO\n|c|\u2606matirivero2603|la mala suerte que estoy teniendo\n|c|\u2606matirivero2603|no tiene sentido\n|\n|t:|1664574493\n|switch|p2a: Ninetales|Ninetales, F|70\/100 tox\n|-weather|SunnyDay|[from] ability: Drought|[of] p2a: Ninetales\n|move|p1a: Eldegoss|Energy Ball|p2a: Ninetales\n|-resisted|p2a: Ninetales\n|-damage|p2a: Ninetales|61\/100 tox\n|-unboost|p2a: Ninetales|spd|1\n|\n|-weather|SunnyDay|[upkeep]\n|-damage|p2a: Ninetales|55\/100 tox|[from] psn\n|upkeep\n|turn|112\n|inactive|Darkman64 has 270 seconds left.\n|\n|t:|1664574532\n|switch|p1a: Toxapex|Toxapex, F|100\/100 brn\n|move|p2a: Ninetales|Flamethrower|p1a: Toxapex\n|-resisted|p1a: Toxapex\n|-damage|p1a: Toxapex|88\/100 brn\n|\n|-weather|SunnyDay|[upkeep]\n|-damage|p2a: Ninetales|43\/100 tox|[from] psn\n|-damage|p1a: Toxapex|81\/100 brn|[from] brn\n|upkeep\n|turn|113\n|\n|t:|1664574540\n|move|p2a: Ninetales|Pain Split|p1a: Toxapex\n|-sethp|p1a: Toxapex|65\/100 brn|[from] move: Pain Split|[silent]\n|-sethp|p2a: Ninetales|57\/100 tox|[from] move: Pain Split\n|move|p1a: Toxapex|Toxic|p2a: Ninetales\n|-fail|p2a: Ninetales|tox\n|\n|-weather|SunnyDay|[upkeep]\n|-damage|p2a: Ninetales|39\/100 tox|[from] psn\n|-damage|p1a: Toxapex|59\/100 brn|[from] brn\n|upkeep\n|turn|114\n|\n|t:|1664574548\n|switch|p2a: Toxapex|Toxapex, M|100\/100\n|switch|p1a: Landorus|Landorus-Therian, M|34\/100\n|-ability|p1a: Landorus|Intimidate|boost\n|-unboost|p2a: Toxapex|atk|1\n|\n|-weather|SunnyDay|[upkeep]\n|upkeep\n|turn|115\n|\n|t:|1664574554\n|move|p1a: Landorus|U-turn|p2a: Toxapex\n|-resisted|p2a: Toxapex\n|-crit|p2a: Toxapex\n|-damage|p2a: Toxapex|87\/100\n|\n|t:|1664574558\n|switch|p1a: Eldegoss|Eldegoss, F|100\/100 par|[from]move: U-turn\n|move|p2a: Toxapex|Scald|p1a: Eldegoss\n|-resisted|p1a: Eldegoss\n|-damage|p1a: Eldegoss|98\/100 par\n|\n|-weather|SunnyDay|[upkeep]\n|-heal|p2a: Toxapex|93\/100|[from] item: Black Sludge\n|upkeep\n|turn|116\n|c|\u2606Darkman64|critico\n|c|\u2606Darkman64|hax\n|c|\u2606Darkman64|bufibu\u00f1enfr{\n|\n|t:|1664574583\n|move|p2a: Toxapex|Haze|p2a: Toxapex\n|-clearallboost\n|move|p1a: Eldegoss|Stun Spore|p2a: Toxapex\n|-status|p2a: Toxapex|par\n|\n|-weather|SunnyDay|[upkeep]\n|-heal|p2a: Toxapex|99\/100 par|[from] item: Black Sludge\n|upkeep\n|turn|117\n|c|\u2606matirivero2603|al fin\n|c|\u2606matirivero2603|acierta uno\n|\n|t:|1664574598\n|switch|p2a: Wigglytuff|Wigglytuff, M|86\/100\n|cant|p1a: Eldegoss|par\n|\n|-weather|SunnyDay|[upkeep]\n|-heal|p2a: Wigglytuff|92\/100|[from] item: Leftovers\n|upkeep\n|turn|118\n|\n|t:|1664574608\n|move|p2a: Wigglytuff|Wish|p2a: Wigglytuff\n|cant|p1a: Eldegoss|par\n|\n|-weather|none\n|-heal|p2a: Wigglytuff|98\/100|[from] item: Leftovers\n|upkeep\n|turn|119\n|c|\u2606matirivero2603|nooooo\n|c|\u2606matirivero2603|jodeeeeeeer\n|c| polona|si gana dark es muy penoso\n|\n|t:|1664574627\n|switch|p2a: Ninetales|Ninetales, F|39\/100 tox\n|-weather|SunnyDay|[from] ability: Drought|[of] p2a: Ninetales\n|move|p1a: Eldegoss|Sleep Powder||[still]\n|-fail|p1a: Eldegoss\n|\n|-weather|SunnyDay|[upkeep]\n|-heal|p2a: Ninetales|100\/100 tox|[from] move: Wish|[wisher] Wigglytuff\n|-damage|p2a: Ninetales|94\/100 tox|[from] psn\n|upkeep\n|turn|120\n|\n|t:|1664574637\n|switch|p1a: Toxapex|Toxapex, F|92\/100 brn\n|move|p2a: Ninetales|Flamethrower|p1a: Toxapex\n|-resisted|p1a: Toxapex\n|-damage|p1a: Toxapex|79\/100 brn\n|\n|-weather|SunnyDay|[upkeep]\n|-damage|p2a: Ninetales|82\/100 tox|[from] psn\n|-damage|p1a: Toxapex|73\/100 brn|[from] brn\n|upkeep\n|turn|121\n|\n|t:|1664574644\n|switch|p2a: Toxapex|Toxapex, M|100\/100 par\n|move|p1a: Toxapex|Scald|p2a: Toxapex\n|-resisted|p2a: Toxapex\n|-damage|p2a: Toxapex|98\/100 par\n|\n|-weather|SunnyDay|[upkeep]\n|-heal|p2a: Toxapex|100\/100 par|[from] item: Black Sludge\n|-damage|p1a: Toxapex|67\/100 brn|[from] brn\n|upkeep\n|turn|122\n|c| Qaswedxfrtg|en verdad\n|\n|t:|1664574662\n|switch|p1a: Corviknight|Corviknight, F|64\/100\n|-ability|p1a: Corviknight|Pressure\n|move|p2a: Toxapex|Scald|p1a: Corviknight\n|-damage|p1a: Corviknight|56\/100\n|\n|-weather|SunnyDay|[upkeep]\n|upkeep\n|turn|123\n|\n|t:|1664574665\n|move|p1a: Corviknight|Roost|p1a: Corviknight\n|-heal|p1a: Corviknight|100\/100\n|-singleturn|p1a: Corviknight|move: Roost\n|move|p2a: Toxapex|Scald|p1a: Corviknight\n|-damage|p1a: Corviknight|91\/100\n|\n|-weather|SunnyDay|[upkeep]\n|upkeep\n|turn|124\n|c| Qaswedxfrtg|a menos que se paralize 80 veces ese toxa\n|\n|t:|1664574669\n|move|p1a: Corviknight|U-turn|p2a: Toxapex\n|-resisted|p2a: Toxapex\n|-damage|p2a: Toxapex|96\/100 par\n|c| polona|robert me esta reventando\n|c| polona|pido orden de alegamiento\n|c| Qaswedxfrtg|le podra ahorrar pps y no puede ser quemado\n|inactive|matirivero2603 has 270 seconds left.\n|\n|t:|1664574704\n|switch|p1a: Landorus|Landorus-Therian, M|34\/100|[from]move: U-turn\n|-ability|p1a: Landorus|Intimidate|boost\n|-unboost|p2a: Toxapex|atk|1\n|move|p2a: Toxapex|Scald|p1a: Landorus\n|-supereffective|p1a: Landorus\n|-damage|p1a: Landorus|15\/100\n|\n|-weather|SunnyDay|[upkeep]\n|-heal|p2a: Toxapex|100\/100 par|[from] item: Black Sludge\n|upkeep\n|turn|125\n|c| Qaswedxfrtg|esto combate al parecero sera decidido por suerte o nos iremos turno 300\n|\n|t:|1664574713\n|move|p1a: Landorus|U-turn|p2a: Toxapex\n|-resisted|p2a: Toxapex\n|-damage|p2a: Toxapex|91\/100 par\n|\n|t:|1664574716\n|switch|p1a: Eldegoss|Eldegoss, F|100\/100 par|[from]move: U-turn\n|move|p2a: Toxapex|Scald|p1a: Eldegoss\n|-resisted|p1a: Eldegoss\n|-damage|p1a: Eldegoss|98\/100 par\n|\n|-weather|SunnyDay|[upkeep]\n|-heal|p2a: Toxapex|97\/100 par|[from] item: Black Sludge\n|upkeep\n|turn|126\n|c| polona|lo maximo cuanto eran\n|\n|t:|1664574727\n|switch|p1a: Landorus|Landorus-Therian, M|15\/100\n|-ability|p1a: Landorus|Intimidate|boost\n|-unboost|p2a: Toxapex|atk|1\n|switch|p2a: Wigglytuff|Wigglytuff, M|98\/100\n|\n|-weather|none\n|-heal|p2a: Wigglytuff|100\/100|[from] item: Leftovers\n|upkeep\n|turn|127\n|c| polona|hay un limite\n|\n|t:|1664574735\n|move|p2a: Wigglytuff|Protect|p2a: Wigglytuff\n|-singleturn|p2a: Wigglytuff|Protect\n|move|p1a: Landorus|U-turn|p2a: Wigglytuff\n|-activate|p2a: Wigglytuff|move: Protect\n|\n|upkeep\n|turn|128\n|\n|t:|1664574742\n|move|p1a: Landorus|U-turn|p2a: Wigglytuff\n|-resisted|p2a: Wigglytuff\n|-damage|p2a: Wigglytuff|90\/100\n|c| Qaswedxfrtg|random y cesar\n|c| Qaswedxfrtg|500 y pico\n|\n|t:|1664574757\n|switch|p1a: Eldegoss|Eldegoss, F|100\/100 par|[from]move: U-turn\n|move|p2a: Wigglytuff|Wish|p2a: Wigglytuff\n|\n|-heal|p2a: Wigglytuff|96\/100|[from] item: Leftovers\n|upkeep\n|turn|129\n|c| polona|hay un limite\n|c| polona|y no recuerdo\n|\n|t:|1664574765\n|switch|p2a: Landorus|Landorus-Therian, M|66\/100 tox\n|-ability|p2a: Landorus|Intimidate|boost\n|-unboost|p1a: Eldegoss|atk|1\n|move|p1a: Eldegoss|Energy Ball|p2a: Landorus\n|-damage|p2a: Landorus|40\/100 tox\n|\n|-heal|p2a: Landorus|100\/100 tox|[from] move: Wish|[wisher] Wigglytuff\n|-damage|p2a: Landorus|94\/100 tox|[from] psn\n|upkeep\n|turn|130\n|c| polona|que pasaba\n|\n|t:|1664574773\n|switch|p1a: Corviknight|Corviknight, F|91\/100\n|-ability|p1a: Corviknight|Pressure\n|move|p2a: Landorus|U-turn|p1a: Corviknight\n|-resisted|p1a: Corviknight\n|-damage|p1a: Corviknight|88\/100\n|\n|t:|1664574778\n|switch|p2a: Wigglytuff|Wigglytuff, M|96\/100|[from]move: U-turn\n|\n|-heal|p2a: Wigglytuff|100\/100|[from] item: Leftovers\n|upkeep\n|turn|131\n|\n|t:|1664574787\n|move|p1a: Corviknight|U-turn|p2a: Wigglytuff\n|-resisted|p2a: Wigglytuff\n|-damage|p2a: Wigglytuff|95\/100\n|c| Qaswedxfrtg|a 1000 es empate\n|\n|t:|1664574791\n|switch|p1a: Eldegoss|Eldegoss, F|100\/100 par|[from]move: U-turn\n|move|p2a: Wigglytuff|Teleport|p2a: Wigglytuff\n|\n|t:|1664574796\n|switch|p2a: Landorus|Landorus-Therian, M|94\/100 tox|[from]move: Teleport\n|-ability|p2a: Landorus|Intimidate|boost\n|-unboost|p1a: Eldegoss|atk|1\n|\n|-damage|p2a: Landorus|88\/100 tox|[from] psn\n|upkeep\n|turn|132\n|\n|t:|1664574799\n|switch|p1a: Corviknight|Corviknight, F|88\/100\n|-ability|p1a: Corviknight|Pressure\n|move|p2a: Landorus|U-turn|p1a: Corviknight\n|-resisted|p1a: Corviknight\n|-damage|p1a: Corviknight|85\/100\n|c| kymmateo|Dark es tontisimo\n|inactive|Darkman64 has 270 seconds left.\n|\n|t:|1664574839\n|switch|p2a: Ninetales|Ninetales, F|82\/100 tox|[from]move: U-turn\n|-weather|SunnyDay|[from] ability: Drought|[of] p2a: Ninetales\n|\n|-weather|SunnyDay|[upkeep]\n|-damage|p2a: Ninetales|76\/100 tox|[from] psn\n|upkeep\n|turn|133\n|\n|t:|1664574845\n|switch|p2a: Toxapex|Toxapex, M|100\/100 par\n|switch|p1a: Toxapex|Toxapex, F|99\/100 brn\n|\n|-weather|SunnyDay|[upkeep]\n|-damage|p1a: Toxapex|94\/100 brn|[from] brn\n|upkeep\n|turn|134\n|inactive|Darkman64 has 270 seconds left.\n|\n|t:|1664574855\n|switch|p1a: Landorus|Landorus-Therian, M|15\/100\n|-ability|p1a: Landorus|Intimidate|boost\n|-unboost|p2a: Toxapex|atk|1\n|move|p2a: Toxapex|Toxic Spikes|p1a: Landorus\n|-sidestart|p1: matirivero2603|move: Toxic Spikes\n|\n|-weather|SunnyDay|[upkeep]\n|upkeep\n|turn|135\n|c| polona|kym\n|c| polona|soy fan\n|\n|t:|1664574860\n|move|p1a: Landorus|U-turn|p2a: Toxapex\n|-resisted|p2a: Toxapex\n|-damage|p2a: Toxapex|91\/100 par\n|\n|t:|1664574862\n|switch|p1a: Toxapex|Toxapex, F|100\/100 brn|[from]move: U-turn\n|-sideend|p1: matirivero2603|move: Toxic Spikes|[of] p1a: Toxapex\n|move|p2a: Toxapex|Scald|p1a: Toxapex\n|-resisted|p1a: Toxapex\n|-damage|p1a: Toxapex|98\/100 brn\n|\n|-weather|SunnyDay|[upkeep]\n|-heal|p2a: Toxapex|97\/100 par|[from] item: Black Sludge\n|-damage|p1a: Toxapex|92\/100 brn|[from] brn\n|upkeep\n|turn|136\n|c| polona|kymmateo tas sin el ban\n|\n|t:|1664574871\n|switch|p1a: Eldegoss|Eldegoss, F|100\/100 par\n|move|p2a: Toxapex|Haze|p2a: Toxapex\n|-clearallboost\n|\n|-weather|SunnyDay|[upkeep]\n|-heal|p2a: Toxapex|100\/100 par|[from] item: Black Sludge\n|upkeep\n|turn|137\n|c| kymmateo|Si\n|inactive|Darkman64 has 270 seconds left.\n|inactive|Darkman64 has 240 seconds left.\n|c| Qaswedxfrtg|dark esta vs el top 5 de estos torneos en dos semanas en teoria\n|inactive|Darkman64 has 210 seconds left.\n|inactive|Darkman64 has 180 seconds left.\n|inactive|Darkman64 has 150 seconds left.\n|c| Qaswedxfrtg|no debo recordar\n|c| Qaswedxfrtg|que perder por tiempo\n|c| Qaswedxfrtg|nosepuede\n|inactive|Darkman64 has 120 seconds left.\n|c|\u2606matirivero2603|es para apurarlo\n|c|\u2606matirivero2603|ya lo se\n|inactive|Darkman64 has 90 seconds left.\n|c|\u2606Darkman64|ya perdi\n|inactiveoff|Battle timer is now OFF.\n|c|\u2606Darkman64|puedes quitar el timer?\n|c|\u2606Darkman64|gracias\n|\n|t:|1664575097\n|cant|p1a: Eldegoss|par\n|move|p2a: Toxapex|Haze|p2a: Toxapex\n|-clearallboost\n|\n|-weather|SunnyDay|[upkeep]\n|upkeep\n|turn|138\n|\n|t:|1664575101\n|switch|p1a: Landorus|Landorus-Therian, M|15\/100\n|-ability|p1a: Landorus|Intimidate|boost\n|-unboost|p2a: Toxapex|atk|1\n|move|p2a: Toxapex|Haze|p2a: Toxapex\n|-clearallboost\n|\n|-weather|SunnyDay|[upkeep]\n|upkeep\n|turn|139\n|\n|t:|1664575105\n|switch|p2a: Landorus|Landorus-Therian, M|88\/100 tox\n|-ability|p2a: Landorus|Intimidate|boost\n|-unboost|p1a: Landorus|atk|1\n|move|p1a: Landorus|U-turn|p2a: Landorus\n|-resisted|p2a: Landorus\n|-damage|p2a: Landorus|81\/100 tox\n|\n|t:|1664575117\n|switch|p1a: Corviknight|Corviknight, F|85\/100|[from]move: U-turn\n|-ability|p1a: Corviknight|Pressure\n|\n|-weather|none\n|-damage|p2a: Landorus|75\/100 tox|[from] psn\n|upkeep\n|turn|140\n|\n|t:|1664575119\n|move|p2a: Landorus|U-turn|p1a: Corviknight\n|-resisted|p1a: Corviknight\n|-damage|p1a: Corviknight|82\/100\n|\n|t:|1664575123\n|switch|p2a: Toxapex|Toxapex, M|100\/100 par|[from]move: U-turn\n|move|p1a: Corviknight|U-turn|p2a: Toxapex\n|-resisted|p2a: Toxapex\n|-damage|p2a: Toxapex|95\/100 par\n|c| Qaswedxfrtg|dark\n|\n|t:|1664575126\n|switch|p1a: Landorus|Landorus-Therian, M|15\/100|[from]move: U-turn\n|-ability|p1a: Landorus|Intimidate|boost\n|-unboost|p2a: Toxapex|atk|1\n|\n|-heal|p2a: Toxapex|100\/100 par|[from] item: Black Sludge\n|upkeep\n|turn|141\n|c| Qaswedxfrtg|el door\n|c| Qaswedxfrtg|que team lleva\n|c| Qaswedxfrtg|que prob voy vs el\n|c|\u2606Darkman64|un doublade\n|c|\u2606Darkman64|eee\n|c|\u2606Darkman64|se me olvido\n|c|\u2606Darkman64|xd\n|c|\u2606matirivero2603|te lo pase por dc\n|c|\u2606Darkman64|eldegos\n|c|\u2606matirivero2603|robert\n|c|\u2606Darkman64|eeeee\n|c|\u2606Darkman64|kym lo sabe\n|\n|t:|1664575171\n|move|p1a: Landorus|U-turn|p2a: Toxapex\n|-resisted|p2a: Toxapex\n|-damage|p2a: Toxapex|91\/100 par\n|\n|t:|1664575174\n|switch|p1a: Eldegoss|Eldegoss, F|100\/100 par|[from]move: U-turn\n|cant|p2a: Toxapex|par\n|\n|-heal|p2a: Toxapex|97\/100 par|[from] item: Black Sludge\n|upkeep\n|turn|142\n|\n|t:|1664575181\n|cant|p1a: Eldegoss|par\n|move|p2a: Toxapex|Toxic Spikes|p1a: Eldegoss\n|-sidestart|p1: matirivero2603|move: Toxic Spikes\n|\n|-heal|p2a: Toxapex|100\/100 par|[from] item: Black Sludge\n|upkeep\n|turn|143\n|c| polona|qaswedxfrtg gana o orden de alegamiento\n|\n|t:|1664575190\n|move|p1a: Eldegoss|Energy Ball|p2a: Toxapex\n|-damage|p2a: Toxapex|81\/100 par\n|move|p2a: Toxapex|Toxic Spikes|p1a: Eldegoss\n|-sidestart|p1: matirivero2603|move: Toxic Spikes\n|\n|-heal|p2a: Toxapex|87\/100 par|[from] item: Black Sludge\n|upkeep\n|turn|144\n|\n|t:|1664575196\n|switch|p1a: Toxapex|Toxapex, F|100\/100 brn\n|-sideend|p1: matirivero2603|move: Toxic Spikes|[of] p1a: Toxapex\n|move|p2a: Toxapex|Haze|p2a: Toxapex\n|-clearallboost\n|\n|-heal|p2a: Toxapex|93\/100 par|[from] item: Black Sludge\n|-damage|p1a: Toxapex|94\/100 brn|[from] brn\n|upkeep\n|turn|145\n|\n|t:|1664575201\n|switch|p1a: Eldegoss|Eldegoss, F|100\/100 par\n|move|p2a: Toxapex|Toxic Spikes|p1a: Eldegoss\n|-sidestart|p1: matirivero2603|move: Toxic Spikes\n|\n|-heal|p2a: Toxapex|99\/100 par|[from] item: Black Sludge\n|upkeep\n|turn|146\n|\n|t:|1664575204\n|switch|p1a: Toxapex|Toxapex, F|100\/100 brn\n|-sideend|p1: matirivero2603|move: Toxic Spikes|[of] p1a: Toxapex\n|move|p2a: Toxapex|Haze|p2a: Toxapex\n|-clearallboost\n|\n|-heal|p2a: Toxapex|100\/100 par|[from] item: Black Sludge\n|-damage|p1a: Toxapex|94\/100 brn|[from] brn\n|upkeep\n|turn|147\n|\n|t:|1664575215\n|switch|p1a: Eldegoss|Eldegoss, F|100\/100 par\n|switch|p2a: Wigglytuff|Wigglytuff, M|95\/100\n|\n|-heal|p2a: Wigglytuff|100\/100|[from] item: Leftovers\n|upkeep\n|turn|148\n|\n|t:|1664575218\n|move|p2a: Wigglytuff|Protect|p2a: Wigglytuff\n|-singleturn|p2a: Wigglytuff|Protect\n|cant|p1a: Eldegoss|par\n|\n|upkeep\n|turn|149\n|\n|t:|1664575222\n|switch|p2a: Toxapex|Toxapex, M|100\/100 par\n|cant|p1a: Eldegoss|par\n|\n|upkeep\n|turn|150\n|\n|t:|1664575231\n|switch|p1a: Toxapex|Toxapex, F|100\/100 brn\n|cant|p2a: Toxapex|par\n|\n|-damage|p1a: Toxapex|94\/100 brn|[from] brn\n|upkeep\n|turn|151\n|\n|t:|1664575236\n|switch|p1a: Landorus|Landorus-Therian, M|15\/100\n|-ability|p1a: Landorus|Intimidate|boost\n|-unboost|p2a: Toxapex|atk|1\n|move|p2a: Toxapex|Haze|p2a: Toxapex\n|-clearallboost\n|\n|upkeep\n|turn|152\n|\n|t:|1664575244\n|move|p1a: Landorus|U-turn|p2a: Toxapex\n|-resisted|p2a: Toxapex\n|-damage|p2a: Toxapex|91\/100 par\n|\n|t:|1664575246\n|switch|p1a: Eldegoss|Eldegoss, F|100\/100 par|[from]move: U-turn\n|move|p2a: Toxapex|Scald|p1a: Eldegoss\n|-resisted|p1a: Eldegoss\n|-damage|p1a: Eldegoss|95\/100 par\n|\n|-heal|p2a: Toxapex|98\/100 par|[from] item: Black Sludge\n|upkeep\n|turn|153\n|\n|t:|1664575254\n|move|p1a: Eldegoss|Rapid Spin|p2a: Toxapex\n|-damage|p2a: Toxapex|94\/100 par\n|-boost|p1a: Eldegoss|spe|1\n|move|p2a: Toxapex|Toxic Spikes|p1a: Eldegoss\n|-sidestart|p1: matirivero2603|move: Toxic Spikes\n|\n|-heal|p2a: Toxapex|99\/100 par|[from] item: Black Sludge\n|upkeep\n|turn|154\n|\n|t:|1664575260\n|switch|p2a: Wigglytuff|Wigglytuff, M|100\/100\n|move|p1a: Eldegoss|Rapid Spin|p2a: Wigglytuff\n|-damage|p2a: Wigglytuff|96\/100\n|-boost|p1a: Eldegoss|spe|1\n|-sideend|p1: matirivero2603|Toxic Spikes|[from] move: Rapid Spin|[of] p1a: Eldegoss\n|\n|-heal|p2a: Wigglytuff|100\/100|[from] item: Leftovers\n|upkeep\n|turn|155\n|\n|t:|1664575263\n|move|p2a: Wigglytuff|Protect|p2a: Wigglytuff\n|-singleturn|p2a: Wigglytuff|Protect\n|move|p1a: Eldegoss|Sleep Powder|p2a: Wigglytuff\n|-activate|p2a: Wigglytuff|move: Protect\n|\n|upkeep\n|turn|156\n|\n|t:|1664575265\n|switch|p2a: Toxapex|Toxapex, M|100\/100 par\n|move|p1a: Eldegoss|Sleep Powder||[still]\n|-fail|p1a: Eldegoss\n|\n|upkeep\n|turn|157\n|c| polona|ayuda policia esto es muy penoso\n|\n|t:|1664575268\n|switch|p1a: Toxapex|Toxapex, F|100\/100 brn\n|switch|p2a: Wigglytuff|Wigglytuff, M|100\/100\n|\n|-damage|p1a: Toxapex|94\/100 brn|[from] brn\n|upkeep\n|turn|158\n|\n|t:|1664575273\n|move|p2a: Wigglytuff|Protect|p2a: Wigglytuff\n|-singleturn|p2a: Wigglytuff|Protect\n|move|p1a: Toxapex|Toxic|p2a: Wigglytuff\n|-activate|p2a: Wigglytuff|move: Protect\n|\n|-damage|p1a: Toxapex|88\/100 brn|[from] brn\n|upkeep\n|turn|159\n|\n|t:|1664575279\n|switch|p2a: Toxapex|Toxapex, M|100\/100 par\n|move|p1a: Toxapex|Haze|p1a: Toxapex\n|-clearallboost\n|\n|-damage|p1a: Toxapex|82\/100 brn|[from] brn\n|upkeep\n|turn|160\n|\n|t:|1664575283\n|switch|p1a: Landorus|Landorus-Therian, M|15\/100\n|-ability|p1a: Landorus|Intimidate|boost\n|-unboost|p2a: Toxapex|atk|1\n|switch|p2a: Wigglytuff|Wigglytuff, M|100\/100\n|\n|upkeep\n|turn|161\n|\n|t:|1664575288\n|move|p2a: Wigglytuff|Protect|p2a: Wigglytuff\n|-singleturn|p2a: Wigglytuff|Protect\n|move|p1a: Landorus|Knock Off|p2a: Wigglytuff\n|-activate|p2a: Wigglytuff|move: Protect\n|\n|upkeep\n|turn|162\n|\n|t:|1664575326\n|move|p1a: Landorus|Knock Off|p2a: Wigglytuff\n|-resisted|p2a: Wigglytuff\n|-damage|p2a: Wigglytuff|85\/100\n|-enditem|p2a: Wigglytuff|Leftovers|[from] move: Knock Off|[of] p1a: Landorus\n|move|p2a: Wigglytuff|Thunder Wave|p1a: Landorus\n|-immune|p1a: Landorus\n|\n|upkeep\n|turn|163\n|\n|t:|1664575334\n|move|p1a: Landorus|Knock Off|p2a: Wigglytuff\n|-resisted|p2a: Wigglytuff\n|-damage|p2a: Wigglytuff|74\/100\n|move|p2a: Wigglytuff|Thunder Wave|p1a: Landorus\n|-immune|p1a: Landorus\n|\n|upkeep\n|turn|164\n|c|\u2606Darkman64|es encerio?\n|\n|t:|1664575342\n|move|p1a: Landorus|Knock Off|p2a: Wigglytuff\n|-resisted|p2a: Wigglytuff\n|-damage|p2a: Wigglytuff|62\/100\n|move|p2a: Wigglytuff|Teleport|p2a: Wigglytuff\n|\n|t:|1664575344\n|switch|p2a: Ninetales|Ninetales, F|76\/100 tox|[from]move: Teleport\n|-weather|SunnyDay|[from] ability: Drought|[of] p2a: Ninetales\n|\n|-weather|SunnyDay|[upkeep]\n|-damage|p2a: Ninetales|70\/100 tox|[from] psn\n|upkeep\n|turn|165\n|\n|t:|1664575346\n|switch|p1a: Toxapex|Toxapex, F|100\/100 brn\n|move|p2a: Ninetales|Flamethrower|p1a: Toxapex\n|-resisted|p1a: Toxapex\n|-damage|p1a: Toxapex|88\/100 brn\n|\n|-weather|SunnyDay|[upkeep]\n|-damage|p2a: Ninetales|58\/100 tox|[from] psn\n|-damage|p1a: Toxapex|81\/100 brn|[from] brn\n|upkeep\n|turn|166\n|\n|t:|1664575361\n|move|p2a: Ninetales|Attract||[still]\n|-fail|p2a: Ninetales\n|move|p1a: Toxapex|Scald|p2a: Ninetales\n|-supereffective|p2a: Ninetales\n|-damage|p2a: Ninetales|46\/100 tox\n|\n|-weather|SunnyDay|[upkeep]\n|-damage|p2a: Ninetales|29\/100 tox|[from] psn\n|-damage|p1a: Toxapex|75\/100 brn|[from] brn\n|upkeep\n|turn|167\n|\n|t:|1664575371\n|switch|p1a: Landorus|Landorus-Therian, M|15\/100\n|-ability|p1a: Landorus|Intimidate|boost\n|-unboost|p2a: Ninetales|atk|1\n|move|p2a: Ninetales|Pain Split|p1a: Landorus\n|-sethp|p1a: Landorus|23\/100|[from] move: Pain Split|[silent]\n|-sethp|p2a: Ninetales|21\/100 tox|[from] move: Pain Split\n|\n|-weather|SunnyDay|[upkeep]\n|-damage|p2a: Ninetales|0 fnt|[from] psn\n|faint|p2a: Ninetales\n|upkeep\n|\n|t:|1664575378\n|switch|p2a: Landorus|Landorus-Therian, M|75\/100 tox\n|-ability|p2a: Landorus|Intimidate|boost\n|-unboost|p1a: Landorus|atk|1\n|turn|168\n|\n|t:|1664575385\n|move|p1a: Landorus|U-turn|p2a: Landorus\n|-resisted|p2a: Landorus\n|-damage|p2a: Landorus|68\/100 tox\n|\n|t:|1664575387\n|switch|p1a: Corviknight|Corviknight, F|82\/100|[from]move: U-turn\n|-ability|p1a: Corviknight|Pressure\n|move|p2a: Landorus|Knock Off|p1a: Corviknight\n|-damage|p1a: Corviknight|70\/100\n|\n|-weather|SunnyDay|[upkeep]\n|-damage|p2a: Landorus|62\/100 tox|[from] psn\n|upkeep\n|turn|169\n|c|\u2606Darkman64|bueno\n|c|\u2606Darkman64|ya puedes ganar\n|\n|t:|1664575398\n|switch|p2a: Toxapex|Toxapex, M|100\/100 par\n|move|p1a: Corviknight|Roost|p1a: Corviknight\n|-heal|p1a: Corviknight|100\/100\n|-singleturn|p1a: Corviknight|move: Roost\n|\n|-weather|SunnyDay|[upkeep]\n|upkeep\n|turn|170\n|c|\u2606Darkman64|:\n|c|\u2606Darkman64|)\n|c| polona|tira forfeit dark\n|\n|t:|1664575407\n|switch|p1a: Eldegoss|Eldegoss, F|100\/100 par\n|switch|p2a: Landorus|Landorus-Therian, M|62\/100 tox\n|-ability|p2a: Landorus|Intimidate|boost\n|-unboost|p1a: Eldegoss|atk|1\n|\n|-weather|SunnyDay|[upkeep]\n|-damage|p2a: Landorus|56\/100 tox|[from] psn\n|upkeep\n|turn|171\n|\n|t:|1664575414\n|switch|p2a: Toxapex|Toxapex, M|100\/100 par\n|switch|p1a: Corviknight|Corviknight, F|100\/100\n|-ability|p1a: Corviknight|Pressure\n|\n|-weather|none\n|upkeep\n|turn|172\n|c| Qaswedxfrtg|no entendi pq el dark se quejo\n|c| Qaswedxfrtg|a\n|c|\u2606Darkman64|no me e quejado\n|c|\u2606matirivero2603|pues\n|c|\u2606Darkman64|solo le di la win\n|c| Qaswedxfrtg|ya vi\n|c| Qaswedxfrtg|murio el in\n|c| Qaswedxfrtg|nin\n|c|\u2606matirivero2603|ganar ese mind game dale nine\n|c|\u2606matirivero2603|fue clave\n|c|\u2606Darkman64|que es mind game\n|c|\u2606matirivero2603|voy a cambiar a lando\n|c| polona|velocidades\n|c|\u2606matirivero2603|no tienes huevos a tirar scald\n|c| polona|creo\n|c|\u2606Darkman64|que no tengo\n|\n|t:|1664575465\n|switch|p1a: Toxapex|Toxapex, F|100\/100 brn\n|move|p2a: Toxapex|Toxic Spikes|p1a: Toxapex\n|-sidestart|p1: matirivero2603|move: Toxic Spikes\n|\n|-damage|p1a: Toxapex|94\/100 brn|[from] brn\n|upkeep\n|turn|173\n|c|\u2606Darkman64|ajsjsjsjsj\n|c| Qaswedxfrtg|igual asi perdido perdido no esta\n|c| Qaswedxfrtg|osea\n|\n|t:|1664575476\n|switch|p1a: Corviknight|Corviknight, F|100\/100\n|-ability|p1a: Corviknight|Pressure\n|move|p2a: Toxapex|Haze|p2a: Toxapex\n|-clearallboost\n|\n|upkeep\n|turn|174\n|c| Qaswedxfrtg|es chokeable\n|\n|t:|1664575481\n|switch|p1a: Toxapex|Toxapex, F|100\/100 brn\n|-sideend|p1: matirivero2603|move: Toxic Spikes|[of] p1a: Toxapex\n|switch|p2a: Wigglytuff|Wigglytuff, M|62\/100\n|\n|-damage|p1a: Toxapex|94\/100 brn|[from] brn\n|upkeep\n|turn|175\n|\n|t:|1664575486\n|switch|p1a: Landorus|Landorus-Therian, M|23\/100\n|-ability|p1a: Landorus|Intimidate|boost\n|-unboost|p2a: Wigglytuff|atk|1\n|move|p2a: Wigglytuff|Protect||[still]\n|-fail|p2a: Wigglytuff\n|\n|upkeep\n|turn|176\n|\n|t:|1664575493\n|switch|p2a: Landorus|Landorus-Therian, M|56\/100 tox\n|-ability|p2a: Landorus|Intimidate|boost\n|-unboost|p1a: Landorus|atk|1\n|move|p1a: Landorus|Stone Edge|p2a: Landorus\n|-damage|p2a: Landorus|34\/100 tox\n|\n|-damage|p2a: Landorus|28\/100 tox|[from] psn\n|upkeep\n|turn|177\n|\n|t:|1664575534\n|switch|p1a: Toxapex|Toxapex, F|100\/100 brn\n|switch|p2a: Wigglytuff|Wigglytuff, M|62\/100\n|\n|-damage|p1a: Toxapex|94\/100 brn|[from] brn\n|upkeep\n|turn|178\n|\n|t:|1664575541\n|move|p2a: Wigglytuff|Wish|p2a: Wigglytuff\n|move|p1a: Toxapex|Haze|p1a: Toxapex\n|-clearallboost\n|\n|-damage|p1a: Toxapex|88\/100 brn|[from] brn\n|upkeep\n|turn|179\n|c|\u2606matirivero2603|a\n|\n|t:|1664575551\n|move|p1a: Toxapex|Scald|p2a: Wigglytuff\n|-damage|p2a: Wigglytuff|43\/100\n|-status|p2a: Wigglytuff|brn\n|move|p2a: Wigglytuff|Teleport|p2a: Wigglytuff\n|\n|t:|1664575554\n|switch|p2a: Landorus|Landorus-Therian, M|28\/100 tox|[from]move: Teleport\n|-ability|p2a: Landorus|Intimidate|boost\n|-unboost|p1a: Toxapex|atk|1\n|\n|-heal|p2a: Landorus|91\/100 tox|[from] move: Wish|[wisher] Wigglytuff\n|-damage|p2a: Landorus|85\/100 tox|[from] psn\n|-damage|p1a: Toxapex|82\/100 brn|[from] brn\n|upkeep\n|turn|180\n|c|\u2606matirivero2603|NOOO\n|c|\u2606matirivero2603|BURNEO\n|c|\u2606matirivero2603|ya no puedo tirar ni toxic ni stun\n|c|\u2606matirivero2603|ptm\n|\n|t:|1664575579\n|switch|p2a: Wigglytuff|Wigglytuff, M|43\/100 brn\n|switch|p1a: Corviknight|Corviknight, F|100\/100\n|-ability|p1a: Corviknight|Pressure\n|\n|-damage|p2a: Wigglytuff|36\/100 brn|[from] brn\n|upkeep\n|turn|181\n|j| ShiddoModeNoob\n|\n|t:|1664575585\n|move|p1a: Corviknight|Body Press|p2a: Wigglytuff\n|-damage|p2a: Wigglytuff|15\/100 brn\n|-start|p1a: Corviknight|Attract|[from] ability: Cute Charm|[of] p2a: Wigglytuff\n|move|p2a: Wigglytuff|Wish|p2a: Wigglytuff\n|\n|-damage|p2a: Wigglytuff|9\/100 brn|[from] brn\n|upkeep\n|turn|182\n|\n|t:|1664575591\n|switch|p1a: Landorus|Landorus-Therian, M|23\/100\n|-ability|p1a: Landorus|Intimidate|boost\n|-unboost|p2a: Wigglytuff|atk|1\n|move|p2a: Wigglytuff|Protect||[still]\n|-fail|p2a: Wigglytuff\n|\n|-heal|p2a: Wigglytuff|59\/100 brn|[from] move: Wish|[wisher] Wigglytuff\n|-damage|p2a: Wigglytuff|52\/100 brn|[from] brn\n|upkeep\n|turn|183\n|\n|t:|1664575600\n|switch|p2a: Landorus|Landorus-Therian, M|85\/100 tox\n|-ability|p2a: Landorus|Intimidate|boost\n|-unboost|p1a: Landorus|atk|1\n|move|p1a: Landorus|U-turn|p2a: Landorus\n|-resisted|p2a: Landorus\n|-damage|p2a: Landorus|77\/100 tox\n|c| polona|shimodenoob\n|c|\u2606Darkman64|mati\n|\n|t:|1664575612\n|switch|p1a: Toxapex|Toxapex, F|100\/100 brn|[from]move: U-turn\n|\n|-damage|p2a: Landorus|71\/100 tox|[from] psn\n|-damage|p1a: Toxapex|94\/100 brn|[from] brn\n|upkeep\n|turn|184\n|c| polona|k mpv\n|c| polona|a ganado el\n|c|\u2606Darkman64|hara que estes aqui el resto de tu vida\n|\n|t:|1664575623\n|switch|p2a: Toxapex|Toxapex, M|100\/100 par\n|switch|p1a: Corviknight|Corviknight, F|100\/100\n|-ability|p1a: Corviknight|Pressure\n|\n|upkeep\n|turn|185\n|c|\u2606matirivero2603|tengo mucho tiempo libre\n|\n|t:|1664575633\n|switch|p1a: Eldegoss|Eldegoss, F|100\/100 par\n|cant|p2a: Toxapex|par\n|\n|upkeep\n|turn|186\n|\n|t:|1664575638\n|move|p1a: Eldegoss|Rapid Spin|p2a: Toxapex\n|-damage|p2a: Toxapex|96\/100 par\n|-boost|p1a: Eldegoss|spe|1\n|move|p2a: Toxapex|Haze|p2a: Toxapex\n|-clearallboost\n|\n|-heal|p2a: Toxapex|100\/100 par|[from] item: Black Sludge\n|upkeep\n|turn|187\n|c|\u2606Darkman64|pues\n|c| ShiddoModeNoob|hey\n|c| polona|hay\n|c|\u2606Darkman64|me tendras que esperar\n|c|\u2606Darkman64|voy a comprar el pan\n|c|\u2606matirivero2603|no\n|c|\u2606matirivero2603|joder\n|c|\u2606matirivero2603|eso no se hace\n|c|\u2606matirivero2603|termina la pelea\n|c| ShiddoModeNoob|xd\n|c|\u2606matirivero2603|o pongo timer\n|c| ShiddoModeNoob|al menos has forfreit, q ya no queda mucho\n|c|\u2606Darkman64|deja esto libre\n|c|\u2606matirivero2603|pero tio dark\n|c|\u2606matirivero2603|que ya he ganao\n|c|\u2606matirivero2603|segun yo\n|c|\u2606Darkman64|no puedes ganar por forfoit\n|c|\u2606matirivero2603|dale\n|c|\u2606Darkman64|o por timer\n|c| polona|ah ganado mati\n|c| ShiddoModeNoob|as vicente\n|c| polona|no se puede remontar\n|c|\u2606Darkman64|y mi madre me esta obligando a comprar pan\n|c| polona|yo creo\n|c|\u2606matirivero2603|bueno\n|c|\u2606matirivero2603|ve rapido\n|c|\u2606matirivero2603|si tardas mas de 10 min\n|-message|Darkman64 forfeited.\n|\n|win|matirivero2603\n|l|\u2606Darkman64\n|j|\u2606Darkman64\n|player|p2|Darkman64|juan\n|c|\u2606matirivero2603|a\n|c| Qaswedxfrtg|perdi vs el sand\n|c| Qaswedxfrtg|sad\n|c|\u2606Darkman64|trollar\n|c| ShiddoModeNoob|chicos, alguien pa' probar un team q hize con tematica del team rocket? :3\n|c|\u2606matirivero2603|bueno\n|c|\u2606matirivero2603|gg\n","uploadtime":1664575738,"views":40,"p1id":"matirivero2603","p2id":"darkman64","formatid":"gen8nationaldex","rating":0,"private":0,"password":null}