{"id":"gen8ou-1700579823","p1":"minimax_ai","p2":"andrewm0n","format":"gen8ou","log":"|j|\u203dminimax_ai\n|j|\u2606andrewm0n\n|t:|1667353540\n|gametype|singles\n|player|p1|minimax_ai|266|1628\n|player|p2|andrewm0n|swimmerf|1849\n|teamsize|p1|6\n|teamsize|p2|6\n|gen|8\n|tier|[Gen 8] OU\n|rated|\n|rule|Sleep Clause Mod: Limit one foe put to sleep\n|rule|Species Clause: Limit one of each Pok\u00e9mon\n|rule|OHKO Clause: OHKO moves are banned\n|rule|Evasion Items Clause: Evasion items are banned\n|rule|Evasion Moves Clause: Evasion moves are banned\n|rule|Endless Battle Clause: Forcing endless battles is banned\n|rule|HP Percentage Mod: HP is shown in percentages\n|rule|Dynamax Clause: You cannot dynamax\n|clearpoke\n|poke|p1|Rotom-Wash|\n|poke|p1|Weavile, F|\n|poke|p1|Landorus-Therian, M|\n|poke|p1|Heatran, M|\n|poke|p1|Tangrowth, F|\n|poke|p1|Melmetal|\n|poke|p2|Blaziken, M|\n|poke|p2|Clefable, F|\n|poke|p2|Corviknight, M|\n|poke|p2|Seismitoad, M|\n|poke|p2|Grimmsnarl, M|\n|poke|p2|Slowbro-Galar, M|\n|teampreview\n|inactive|Battle timer is ON: inactive players will automatically lose when time's up. (requested by minimax_ai)\n|inactive|andrewm0n has 120 seconds left.\n|\n|t:|1667353589\n|start\n|switch|p1a: Landorus|Landorus-Therian, M|100\/100\n|switch|p2a: Slowbro|Slowbro-Galar, M|100\/100\n|-ability|p1a: Landorus|Intimidate|boost\n|-unboost|p2a: Slowbro|atk|1\n|turn|1\n|\n|t:|1667353591\n|move|p1a: Landorus|Earthquake|p2a: Slowbro\n|-supereffective|p2a: Slowbro\n|-damage|p2a: Slowbro|40\/100\n|move|p2a: Slowbro|Ice Beam|p1a: Landorus\n|-supereffective|p1a: Landorus\n|-damage|p1a: Landorus|42\/100\n|\n|-heal|p1a: Landorus|48\/100|[from] item: Leftovers\n|upkeep\n|turn|2\n|\n|t:|1667353595\n|switch|p2a: Corviknight|Corviknight, M|100\/100\n|move|p1a: Landorus|Earthquake|p2a: Corviknight\n|-immune|p2a: Corviknight\n|\n|-heal|p1a: Landorus|54\/100|[from] item: Leftovers\n|upkeep\n|turn|3\n|\n|t:|1667353597\n|move|p1a: Landorus|Earthquake|p2a: Corviknight\n|-immune|p2a: Corviknight\n|move|p2a: Corviknight|Brave Bird|p1a: Landorus\n|-damage|p1a: Landorus|17\/100\n|-damage|p2a: Corviknight|89\/100|[from] Recoil\n|\n|-heal|p1a: Landorus|23\/100|[from] item: Leftovers\n|upkeep\n|turn|4\n|\n|t:|1667353600\n|switch|p1a: Rotom|Rotom-Wash|100\/100\n|move|p2a: Corviknight|U-turn|p1a: Rotom\n|-damage|p1a: Rotom|84\/100\n|\n|t:|1667353603\n|switch|p2a: Slowbro|Slowbro-Galar, M|73\/100|[from]move: U-turn\n|\n|-heal|p1a: Rotom|91\/100|[from] item: Leftovers\n|upkeep\n|turn|5\n|\n|t:|1667353604\n|switch|p2a: Seismitoad|Seismitoad, M|100\/100\n|move|p1a: Rotom|Hydro Pump|p2a: Seismitoad\n|-immune|p2a: Seismitoad|[from] ability: Water Absorb\n|\n|-heal|p1a: Rotom|97\/100|[from] item: Leftovers\n|upkeep\n|turn|6\n|\n|t:|1667353607\n|move|p1a: Rotom|Nasty Plot|p1a: Rotom\n|-boost|p1a: Rotom|spa|2\n|move|p2a: Seismitoad|Stealth Rock|p1a: Rotom\n|-sidestart|p1: minimax_ai|move: Stealth Rock\n|\n|-heal|p1a: Rotom|100\/100|[from] item: Leftovers\n|upkeep\n|turn|7\n|\n|t:|1667353609\n|move|p1a: Rotom|Hydro Pump|p2a: Seismitoad\n|-immune|p2a: Seismitoad|[from] ability: Water Absorb\n|move|p2a: Seismitoad|Knock Off|p1a: Rotom\n|-damage|p1a: Rotom|78\/100\n|-enditem|p1a: Rotom|Leftovers|[from] move: Knock Off|[of] p2a: Seismitoad\n|\n|upkeep\n|turn|8\n|\n|t:|1667353610\n|move|p1a: Rotom|Hydro Pump|p2a: Seismitoad\n|-immune|p2a: Seismitoad|[from] ability: Water Absorb\n|move|p2a: Seismitoad|Toxic|p1a: Rotom\n|-status|p1a: Rotom|tox\n|\n|-damage|p1a: Rotom|72\/100 tox|[from] psn\n|upkeep\n|turn|9\n|\n|t:|1667353612\n|move|p1a: Rotom|Hydro Pump|p2a: Seismitoad\n|-immune|p2a: Seismitoad|[from] ability: Water Absorb\n|move|p2a: Seismitoad|Knock Off|p1a: Rotom\n|-damage|p1a: Rotom|57\/100 tox\n|\n|-damage|p1a: Rotom|45\/100 tox|[from] psn\n|upkeep\n|turn|10\n|\n|t:|1667353614\n|move|p1a: Rotom|Hydro Pump|p2a: Seismitoad\n|-immune|p2a: Seismitoad|[from] ability: Water Absorb\n|move|p2a: Seismitoad|Knock Off|p1a: Rotom\n|-damage|p1a: Rotom|29\/100 tox\n|\n|-damage|p1a: Rotom|10\/100 tox|[from] psn\n|upkeep\n|turn|11\n|j| 7.8 tu moch woter\n|\n|t:|1667353615\n|move|p1a: Rotom|Hydro Pump|p2a: Seismitoad\n|-immune|p2a: Seismitoad|[from] ability: Water Absorb\n|move|p2a: Seismitoad|Knock Off|p1a: Rotom\n|-damage|p1a: Rotom|0 fnt\n|faint|p1a: Rotom\n|\n|upkeep\n|\n|t:|1667353615\n|switch|p1a: Heatran|Heatran, M|100\/100\n|-damage|p1a: Heatran|88\/100|[from] Stealth Rock\n|-item|p1a: Heatran|Air Balloon\n|turn|12\n|\n|t:|1667353617\n|move|p1a: Heatran|Earth Power|p2a: Seismitoad\n|-damage|p2a: Seismitoad|70\/100\n|move|p2a: Seismitoad|Knock Off|p1a: Heatran\n|-crit|p1a: Heatran\n|-damage|p1a: Heatran|58\/100\n|-enditem|p1a: Heatran|Air Balloon\n|\n|-heal|p2a: Seismitoad|76\/100|[from] item: Leftovers\n|upkeep\n|turn|13\n|\n|t:|1667353619\n|move|p1a: Heatran|Stealth Rock|p2a: Seismitoad\n|-sidestart|p2: andrewm0n|move: Stealth Rock\n|move|p2a: Seismitoad|Earth Power|p1a: Heatran\n|-supereffective|p1a: Heatran\n|-damage|p1a: Heatran|0 fnt\n|faint|p1a: Heatran\n|\n|-heal|p2a: Seismitoad|82\/100|[from] item: Leftovers\n|upkeep\n|\n|t:|1667353619\n|switch|p1a: Weavile|Weavile, F|100\/100\n|-damage|p1a: Weavile|76\/100|[from] Stealth Rock\n|-ability|p1a: Weavile|Pressure\n|turn|14\n|\n|t:|1667353631\n|switch|p2a: Clefable|Clefable, F|100\/100\n|-damage|p2a: Clefable|88\/100|[from] Stealth Rock\n|move|p1a: Weavile|Knock Off|p2a: Clefable\n|-resisted|p2a: Clefable\n|-damage|p2a: Clefable|59\/100\n|-enditem|p2a: Clefable|Leftovers|[from] move: Knock Off|[of] p1a: Weavile\n|\n|upkeep\n|turn|15\n|\n|t:|1667353633\n|switch|p1a: Tangrowth|Tangrowth, F|100\/100\n|-damage|p1a: Tangrowth|88\/100|[from] Stealth Rock\n|move|p2a: Clefable|Wish|p2a: Clefable\n|\n|upkeep\n|turn|16\n|\n|t:|1667353636\n|move|p2a: Clefable|Moonblast|p1a: Tangrowth\n|-damage|p1a: Tangrowth|46\/100\n|move|p1a: Tangrowth|Sleep Powder|p2a: Clefable\n|-status|p2a: Clefable|slp|[from] move: Sleep Powder\n|\n|-heal|p2a: Clefable|100\/100 slp|[from] move: Wish|[wisher] Clefable\n|upkeep\n|turn|17\n|\n|t:|1667353640\n|switch|p2a: Grimmsnarl|Grimmsnarl, M|100\/100\n|-damage|p2a: Grimmsnarl|88\/100|[from] Stealth Rock\n|move|p1a: Tangrowth|Focus Blast|p2a: Grimmsnarl\n|-damage|p2a: Grimmsnarl|50\/100\n|\n|-heal|p2a: Grimmsnarl|56\/100|[from] item: Leftovers\n|upkeep\n|turn|18\n|\n|t:|1667353642\n|move|p2a: Grimmsnarl|Bulk Up|p2a: Grimmsnarl\n|-boost|p2a: Grimmsnarl|atk|1\n|-boost|p2a: Grimmsnarl|def|1\n|move|p1a: Tangrowth|Focus Blast|p2a: Grimmsnarl\n|-crit|p2a: Grimmsnarl\n|-damage|p2a: Grimmsnarl|2\/100\n|\n|-heal|p2a: Grimmsnarl|8\/100|[from] item: Leftovers\n|upkeep\n|turn|19\n|\n|t:|1667353653\n|move|p2a: Grimmsnarl|Darkest Lariat|p1a: Tangrowth\n|-damage|p1a: Tangrowth|13\/100\n|-damage|p2a: Grimmsnarl|0 fnt|[from] item: Rocky Helmet|[of] p1a: Tangrowth\n|faint|p2a: Grimmsnarl\n|move|p1a: Tangrowth|Focus Blast|p2: Grimmsnarl|[notarget]\n|-fail|p1a: Tangrowth\n|\n|upkeep\n|\n|t:|1667353659\n|switch|p2a: Blaziken|Blaziken, M|100\/100\n|-damage|p2a: Blaziken|88\/100|[from] Stealth Rock\n|turn|20\n|\n|t:|1667353660\n|move|p2a: Blaziken|Flare Blitz|p1a: Tangrowth\n|-supereffective|p1a: Tangrowth\n|-damage|p1a: Tangrowth|0 fnt\n|-damage|p2a: Blaziken|72\/100|[from] item: Rocky Helmet|[of] p1a: Tangrowth\n|faint|p1a: Tangrowth\n|-damage|p2a: Blaziken|66\/100|[from] Recoil\n|\n|-heal|p2a: Blaziken|72\/100|[from] item: Leftovers\n|-ability|p2a: Blaziken|Speed Boost|boost\n|-boost|p2a: Blaziken|spe|1\n|upkeep\n|\n|t:|1667353660\n|switch|p1a: Melmetal|Melmetal|100\/100\n|-damage|p1a: Melmetal|94\/100|[from] Stealth Rock\n|turn|21\n|\n|t:|1667353663\n|switch|p2a: Corviknight|Corviknight, M|89\/100\n|-damage|p2a: Corviknight|76\/100|[from] Stealth Rock\n|move|p1a: Melmetal|Earthquake|p2a: Corviknight\n|-immune|p2a: Corviknight\n|\n|upkeep\n|turn|22\n|\n|t:|1667353667\n|move|p2a: Corviknight|U-turn|p1a: Melmetal\n|-resisted|p1a: Melmetal\n|-damage|p1a: Melmetal|90\/100\n|\n|t:|1667353668\n|switch|p2a: Seismitoad|Seismitoad, M|82\/100|[from]move: U-turn\n|-damage|p2a: Seismitoad|76\/100|[from] Stealth Rock\n|move|p1a: Melmetal|Thunder Punch|p2a: Seismitoad\n|-immune|p2a: Seismitoad\n|\n|-heal|p2a: Seismitoad|82\/100|[from] item: Leftovers\n|upkeep\n|turn|23\n|\n|t:|1667353671\n|move|p2a: Seismitoad|Knock Off|p1a: Melmetal\n|-damage|p1a: Melmetal|79\/100\n|-enditem|p1a: Melmetal|Assault Vest|[from] move: Knock Off|[of] p2a: Seismitoad\n|move|p1a: Melmetal|Double Iron Bash|p2a: Seismitoad\n|-resisted|p2a: Seismitoad\n|-damage|p2a: Seismitoad|67\/100\n|-resisted|p2a: Seismitoad\n|-damage|p2a: Seismitoad|51\/100\n|-hitcount|p2a: Seismitoad|2\n|\n|-heal|p2a: Seismitoad|57\/100|[from] item: Leftovers\n|upkeep\n|turn|24\n|l| 7.8 tu moch woter\n|\n|t:|1667353675\n|switch|p1a: Landorus|Landorus-Therian, M|23\/100\n|-damage|p1a: Landorus|10\/100|[from] Stealth Rock\n|-ability|p1a: Landorus|Intimidate|boost\n|-unboost|p2a: Seismitoad|atk|1\n|move|p2a: Seismitoad|Earth Power|p1a: Landorus\n|-immune|p1a: Landorus\n|\n|-heal|p1a: Landorus|17\/100|[from] item: Leftovers\n|-heal|p2a: Seismitoad|63\/100|[from] item: Leftovers\n|upkeep\n|turn|25\n|\n|t:|1667353678\n|switch|p2a: Corviknight|Corviknight, M|76\/100\n|-damage|p2a: Corviknight|64\/100|[from] Stealth Rock\n|move|p1a: Landorus|Earthquake|p2a: Corviknight\n|-immune|p2a: Corviknight\n|\n|-heal|p1a: Landorus|23\/100|[from] item: Leftovers\n|upkeep\n|turn|26\n|\n|t:|1667353680\n|move|p1a: Landorus|Earthquake|p2a: Corviknight\n|-immune|p2a: Corviknight\n|move|p2a: Corviknight|Brave Bird|p1a: Landorus\n|-damage|p1a: Landorus|0 fnt\n|faint|p1a: Landorus\n|-damage|p2a: Corviknight|57\/100|[from] Recoil\n|\n|upkeep\n|\n|t:|1667353680\n|switch|p1a: Melmetal|Melmetal|79\/100\n|-damage|p1a: Melmetal|73\/100|[from] Stealth Rock\n|turn|27\n|\n|t:|1667353685\n|move|p2a: Corviknight|Defog|p1a: Melmetal\n|-unboost|p1a: Melmetal|evasion|1\n|-sideend|p1: minimax_ai|Stealth Rock|[from] move: Defog|[of] p2a: Corviknight\n|-sideend|p2: andrewm0n|Stealth Rock|[from] move: Defog|[of] p2a: Corviknight\n|move|p1a: Melmetal|Earthquake|p2a: Corviknight\n|-immune|p2a: Corviknight\n|\n|upkeep\n|turn|28\n|\n|t:|1667353686\n|move|p2a: Corviknight|Brave Bird|p1a: Melmetal\n|-resisted|p1a: Melmetal\n|-damage|p1a: Melmetal|62\/100\n|-damage|p2a: Corviknight|53\/100|[from] Recoil\n|move|p1a: Melmetal|Earthquake|p2a: Corviknight\n|-immune|p2a: Corviknight\n|\n|upkeep\n|turn|29\n|\n|t:|1667353689\n|switch|p2a: Seismitoad|Seismitoad, M|63\/100\n|move|p1a: Melmetal|Earthquake|p2a: Seismitoad\n|-damage|p2a: Seismitoad|33\/100\n|\n|-heal|p2a: Seismitoad|39\/100|[from] item: Leftovers\n|upkeep\n|turn|30\n|\n|t:|1667353691\n|move|p2a: Seismitoad|Earth Power|p1a: Melmetal\n|-supereffective|p1a: Melmetal\n|-damage|p1a: Melmetal|21\/100\n|move|p1a: Melmetal|Earthquake|p2a: Seismitoad\n|-damage|p2a: Seismitoad|7\/100\n|\n|-heal|p2a: Seismitoad|13\/100|[from] item: Leftovers\n|upkeep\n|turn|31\n|\n|t:|1667353692\n|move|p2a: Seismitoad|Earth Power|p1a: Melmetal\n|-supereffective|p1a: Melmetal\n|-damage|p1a: Melmetal|0 fnt\n|faint|p1a: Melmetal\n|\n|-heal|p2a: Seismitoad|19\/100|[from] item: Leftovers\n|upkeep\n|\n|t:|1667353692\n|switch|p1a: Weavile|Weavile, F|76\/100\n|-ability|p1a: Weavile|Pressure\n|turn|32\n|\n|t:|1667353697\n|switch|p2a: Corviknight|Corviknight, M|53\/100\n|move|p1a: Weavile|Knock Off|p2a: Corviknight\n|-damage|p2a: Corviknight|2\/100\n|-damage|p1a: Weavile|59\/100|[from] item: Rocky Helmet|[of] p2a: Corviknight\n|-enditem|p2a: Corviknight|Rocky Helmet|[from] move: Knock Off|[of] p1a: Weavile\n|\n|upkeep\n|turn|33\n|j| jly8\n|\n|t:|1667353703\n|move|p1a: Weavile|Knock Off|p2a: Corviknight\n|-damage|p2a: Corviknight|0 fnt\n|faint|p2a: Corviknight\n|\n|upkeep\n|\n|t:|1667353704\n|switch|p2a: Blaziken|Blaziken, M|72\/100\n|turn|34\n|\n|t:|1667353705\n|move|p2a: Blaziken|Protect|p2a: Blaziken\n|-singleturn|p2a: Blaziken|Protect\n|move|p1a: Weavile|Knock Off|p2a: Blaziken\n|-activate|p2a: Blaziken|move: Protect\n|\n|-heal|p2a: Blaziken|78\/100|[from] item: Leftovers\n|-ability|p2a: Blaziken|Speed Boost|boost\n|-boost|p2a: Blaziken|spe|1\n|upkeep\n|turn|35\n|\n|t:|1667353706\n|move|p2a: Blaziken|Close Combat|p1a: Weavile\n|-supereffective|p1a: Weavile\n|-damage|p1a: Weavile|0 fnt\n|-unboost|p2a: Blaziken|def|1\n|-unboost|p2a: Blaziken|spd|1\n|faint|p1a: Weavile\n|\n|win|andrewm0n\n|raw|minimax_ai's rating: 1628 &rarr; <strong>1619<\/strong><br \/>(-9 for losing)\n|raw|andrewm0n's rating: 1849 &rarr; <strong>1858<\/strong><br \/>(+9 for winning)\n","uploadtime":1667353708,"views":8,"p1id":"minimaxai","p2id":"andrewm0n","formatid":"gen8ou","rating":1619,"private":0,"password":null}