{"id":"gen8waterparadise-1371273777","p1":"powerjuice","p2":"lebanesestinker","format":"gen8waterparadise","log":"|j|\u2606powerjuice\n|j|\u2606lebanesestinker\n|t:|1625526075\n|gametype|singles\n|player|p1|powerjuice|265|1318\n|player|p2|lebanesestinker|policeman|1213\n|teamsize|p1|6\n|teamsize|p2|6\n|gen|8\n|tier|[Gen 8] Water Paradise\n|rated|\n|rule|Species Clause: Limit one of each Pok\u00e9mon\n|rule|Item Clause: Limit one of each item\n|clearpoke\n|poke|p1|Octillery, L50, M|\n|poke|p1|Qwilfish, L50, F|\n|poke|p1|Lanturn, L50, F|\n|poke|p1|Ludicolo, L50, F|\n|poke|p1|Gyarados, L50, M|\n|poke|p1|Lapras, L50, M|\n|poke|p2|Barbaracle, L50, F|\n|poke|p2|Ludicolo, L50, M|\n|poke|p2|Starmie, L50|\n|poke|p2|Lanturn, L50, F|\n|poke|p2|Sharpedo, L50, F|\n|poke|p2|Gyarados, L50, F|\n|teampreview|3\n|inactive|Battle timer is ON: inactive players will automatically lose when time's up. (requested by lebanesestinker)\n|\n|t:|1625526140\n|start\n|switch|p1a: Octillery|Octillery, L50, M|100\/100\n|switch|p2a: Sharpedo|Sharpedo, L50, F|100\/100\n|turn|1\n|\n|t:|1625526147\n|move|p1a: Octillery|Protect|p1a: Octillery\n|-singleturn|p1a: Octillery|Protect\n|move|p2a: Sharpedo|Crunch|p1a: Octillery\n|-activate|p1a: Octillery|move: Protect\n|\n|-ability|p2a: Sharpedo|Speed Boost|boost\n|-boost|p2a: Sharpedo|spe|1\n|-ability|p1a: Octillery|Moody|boost\n|-boost|p1a: Octillery|spa|2\n|-unboost|p1a: Octillery|def|1\n|upkeep\n|turn|2\n|\n|t:|1625526159\n|move|p2a: Sharpedo|Crunch|p1a: Octillery\n|-damage|p1a: Octillery|0 fnt\n|faint|p1a: Octillery\n|\n|-ability|p2a: Sharpedo|Speed Boost|boost\n|-boost|p2a: Sharpedo|spe|1\n|upkeep\n|\n|t:|1625526165\n|switch|p1a: Ludicolo|Ludicolo, L50, F|100\/100\n|turn|3\n|\n|t:|1625526167\n|move|p2a: Sharpedo|Crunch|p1a: Ludicolo\n|-damage|p1a: Ludicolo|18\/100\n|move|p1a: Ludicolo|Bullet Seed|p2a: Sharpedo\n|-supereffective|p2a: Sharpedo\n|-damage|p2a: Sharpedo|45\/100\n|-supereffective|p2a: Sharpedo\n|-damage|p2a: Sharpedo|0 fnt\n|faint|p2a: Sharpedo\n|-hitcount|p2: Sharpedo|2\n|-damage|p1a: Ludicolo|8\/100|[from] item: Life Orb\n|\n|upkeep\n|\n|t:|1625526177\n|switch|p2a: Barbaracle|Barbaracle, L50, F|100\/100\n|turn|4\n|\n|t:|1625526181\n|move|p2a: Barbaracle|Shell Smash|p2a: Barbaracle\n|-unboost|p2a: Barbaracle|def|1\n|-unboost|p2a: Barbaracle|spd|1\n|-boost|p2a: Barbaracle|atk|2\n|-boost|p2a: Barbaracle|spa|2\n|-boost|p2a: Barbaracle|spe|2\n|move|p1a: Ludicolo|Bullet Seed|p2a: Barbaracle\n|-supereffective|p2a: Barbaracle\n|-damage|p2a: Barbaracle|37\/100\n|-supereffective|p2a: Barbaracle\n|-crit|p2a: Barbaracle\n|-damage|p2a: Barbaracle|0 fnt\n|faint|p2a: Barbaracle\n|-hitcount|p2: Barbaracle|2\n|-damage|p1a: Ludicolo|0 fnt|[from] item: Life Orb\n|faint|p1a: Ludicolo\n|\n|upkeep\n|\n|t:|1625526193\n|switch|p2a: Lanturn|Lanturn, L50, F|100\/100\n|switch|p1a: Lapras|Lapras, L50, M|100\/100\n|turn|5\n|inactive|powerjuice has 120 seconds left.\n|\n|t:|1625526225\n|-start|p2a: Lanturn|Dynamax\n|-heal|p2a: Lanturn|100\/100|[silent]\n|-start|p1a: Lapras|Dynamax\n|-formechange|p1a: Lapras|Lapras-Gmax\n|-heal|p1a: Lapras|100\/100|[silent]\n|move|p1a: Lapras|Max Guard|p1a: Lapras\n|-singleturn|p1a: Lapras|Max Guard\n|move|p2a: Lanturn|Max Lightning|p1a: Lapras\n|-activate|p1a: Lapras|move: Max Guard\n|\n|upkeep\n|turn|6\n|\n|t:|1625526235\n|move|p2a: Lanturn|Max Lightning|p1a: Lapras\n|-supereffective|p1a: Lapras\n|-damage|p1a: Lapras|70\/100\n|-fieldstart|move: Electric Terrain\n|move|p1a: Lapras|G-Max Resonance|p2a: Lanturn\n|-resisted|p2a: Lanturn\n|-damage|p2a: Lanturn|90\/100\n|-sidestart|p1: powerjuice|move: Aurora Veil\n|\n|upkeep\n|turn|7\n|\n|t:|1625526249\n|move|p1a: Lapras|Max Guard|p1a: Lapras\n|-singleturn|p1a: Lapras|Max Guard\n|move|p2a: Lanturn|Max Lightning|p1a: Lapras\n|-activate|p1a: Lapras|move: Max Guard\n|\n|-end|p2a: Lanturn|Dynamax\n|-heal|p2a: Lanturn|91\/100|[silent]\n|-end|p1a: Lapras|Dynamax\n|-formechange|p1a: Lapras|Lapras\n|-heal|p1a: Lapras|70\/100|[silent]\n|upkeep\n|turn|8\n|\n|t:|1625526270\n|move|p2a: Lanturn|Thunderbolt|p1a: Lapras\n|-supereffective|p1a: Lapras\n|-damage|p1a: Lapras|45\/100\n|move|p1a: Lapras|Perish Song|p1a: Lapras\n|-start|p1a: Lapras|perish3|[silent]\n|-start|p2a: Lanturn|perish3|[silent]\n|-fieldactivate|move: Perish Song\n|\n|-start|p2a: Lanturn|perish3\n|-start|p1a: Lapras|perish3\n|upkeep\n|turn|9\n|\n|t:|1625526276\n|move|p1a: Lapras|Protect|p1a: Lapras\n|-singleturn|p1a: Lapras|Protect\n|move|p2a: Lanturn|Thunderbolt|p1a: Lapras\n|-activate|p1a: Lapras|move: Protect\n|\n|-start|p2a: Lanturn|perish2\n|-start|p1a: Lapras|perish2\n|upkeep\n|turn|10\n|\n|t:|1625526284\n|move|p2a: Lanturn|Thunderbolt|p1a: Lapras\n|-supereffective|p1a: Lapras\n|-damage|p1a: Lapras|20\/100\n|move|p1a: Lapras|Freeze-Dry|p2a: Lanturn\n|-supereffective|p2a: Lanturn\n|-damage|p2a: Lanturn|43\/100\n|-status|p2a: Lanturn|frz\n|\n|-start|p2a: Lanturn|perish1\n|-start|p1a: Lapras|perish1\n|-sideend|p1: powerjuice|move: Aurora Veil\n|-fieldend|move: Electric Terrain\n|upkeep\n|turn|11\n|\n|t:|1625526289\n|move|p1a: Lapras|Protect|p1a: Lapras\n|-singleturn|p1a: Lapras|Protect\n|-curestatus|p2a: Lanturn|frz|[from] move: Scald\n|move|p2a: Lanturn|Scald|p1a: Lapras\n|-activate|p1a: Lapras|move: Protect\n|\n|-start|p2a: Lanturn|perish0\n|-start|p1a: Lapras|perish0\n|faint|p2a: Lanturn\n|faint|p1a: Lapras\n|\n|win|powerjuice\n|upkeep\n|raw|powerjuice's rating: 1318 &rarr; <strong>1332<\/strong><br \/>(+14 for winning)\n|raw|lebanesestinker's rating: 1213 &rarr; <strong>1195<\/strong><br \/>(-18 for losing)\n|l|\u2606lebanesestinker\n|l|\u2606powerjuice\n||Ladder isn't responding, score probably updated but might not have (Request timeout).\n","uploadtime":1625526373,"views":13,"p1id":"powerjuice","p2id":"lebanesestinker","formatid":"gen8waterparadise","rating":1195,"private":0,"password":null}