{"id":"gen8ou-1145186156","p1":"Blue Clifford","p2":"Jakkkkkka","format":"gen8ou","log":"|j|\u2606Blue Clifford\n|j|\u2606Jakkkkkka\n|player|p1|Blue Clifford|blue-gen3two|1627\n|player|p2|Jakkkkkka|norman|1666\n|teamsize|p1|6\n|teamsize|p2|6\n|gametype|singles\n|gen|8\n|tier|[Gen 8] OU\n|rated|\n|clearpoke\n|poke|p1|Mew|\n|poke|p1|Grimmsnarl, M|\n|poke|p1|Magearna|\n|poke|p1|Rillaboom, F|\n|poke|p1|Zeraora|\n|poke|p1|Hawlucha, F|\n|poke|p2|Rillaboom, M|\n|poke|p2|Kyurem|\n|poke|p2|Magearna|\n|poke|p2|Volcarona, F|\n|poke|p2|Terrakion|\n|poke|p2|Zeraora|\n|rule|Sleep Clause Mod: Limit one foe put to sleep\n|rule|Species Clause: Limit one of each Pok\u00e9mon\n|rule|OHKO Clause: OHKO moves are banned\n|rule|Evasion Moves Clause: Evasion moves are banned\n|rule|Endless Battle Clause: Forcing endless battles is banned\n|rule|HP Percentage Mod: HP is shown in percentages\n|rule|Dynamax Clause: You cannot dynamax\n|teampreview\n|inactive|Battle timer is ON: inactive players will automatically lose when time's up. (requested by Blue Clifford)\n|c|\u2606Blue Clifford|gl hf\n|c|\u2606Jakkkkkka|gl\n|\n|start\n|switch|p1a: Mew|Mew|100\/100\n|switch|p2a: Terrakion|Terrakion|100\/100\n|turn|1\n|\n|move|p2a: Terrakion|Taunt|p1a: Mew\n|-start|p1a: Mew|move: Taunt\n|cant|p1a: Mew|move: Taunt|Stealth Rock\n|\n|upkeep\n|turn|2\n|\n|switch|p1a: Rillaboom|Rillaboom, F|100\/100\n|-fieldstart|move: Grassy Terrain|[from] ability: Grassy Surge|[of] p1a: Rillaboom\n|move|p2a: Terrakion|Stealth Rock|p1a: Rillaboom\n|-sidestart|p1: Blue Clifford|move: Stealth Rock\n|\n|upkeep\n|turn|3\n|\n|move|p1a: Rillaboom|Wood Hammer|p2a: Terrakion\n|-supereffective|p2a: Terrakion\n|-enditem|p2a: Terrakion|Focus Sash\n|-damage|p2a: Terrakion|1\/100\n|-damage|p1a: Rillaboom|69\/100|[from] Recoil\n|move|p2a: Terrakion|Close Combat|p1a: Rillaboom\n|-damage|p1a: Rillaboom|3\/100\n|-unboost|p2a: Terrakion|def|1\n|-unboost|p2a: Terrakion|spd|1\n|\n|-heal|p1a: Rillaboom|9\/100|[from] Grassy Terrain\n|-heal|p2a: Terrakion|7\/100|[from] Grassy Terrain\n|upkeep\n|turn|4\n|\n|switch|p2a: Kyurem|Kyurem|100\/100\n|-ability|p2a: Kyurem|Pressure\n|move|p1a: Rillaboom|Wood Hammer|p2a: Kyurem\n|-resisted|p2a: Kyurem\n|-damage|p2a: Kyurem|63\/100\n|-damage|p1a: Rillaboom|0 fnt|[from] Recoil\n|faint|p1a: Rillaboom\n|\n|-heal|p2a: Kyurem|69\/100|[from] Grassy Terrain\n|upkeep\n|\n|switch|p1a: Hawlucha|Hawlucha, F|100\/100\n|-damage|p1a: Hawlucha|88\/100|[from] Stealth Rock\n|-enditem|p1a: Hawlucha|Grassy Seed\n|-boost|p1a: Hawlucha|def|1|[from] item: Grassy Seed\n|turn|5\n|\n|move|p1a: Hawlucha|Close Combat|p2a: Kyurem\n|-supereffective|p2a: Kyurem\n|-damage|p2a: Kyurem|0 fnt\n|-unboost|p1a: Hawlucha|def|1\n|-unboost|p1a: Hawlucha|spd|1\n|faint|p2a: Kyurem\n|\n|upkeep\n|\n|switch|p2a: Zeraora|Zeraora|100\/100\n|turn|6\n|\n|move|p1a: Hawlucha|Close Combat|p2a: Zeraora\n|-damage|p2a: Zeraora|22\/100\n|-unboost|p1a: Hawlucha|def|1\n|-unboost|p1a: Hawlucha|spd|1\n|move|p2a: Zeraora|Plasma Fists|p1a: Hawlucha\n|-supereffective|p1a: Hawlucha\n|-damage|p1a: Hawlucha|0 fnt\n|-fieldactivate|move: Ion Deluge\n|-damage|p2a: Zeraora|12\/100|[from] item: Life Orb\n|faint|p1a: Hawlucha\n|\n|-heal|p2a: Zeraora|18\/100|[from] Grassy Terrain\n|-fieldend|move: Grassy Terrain\n|upkeep\n|\n|switch|p1a: Mew|Mew|100\/100\n|-damage|p1a: Mew|88\/100|[from] Stealth Rock\n|turn|7\n|\n|move|p2a: Zeraora|Knock Off|p1a: Mew\n|-supereffective|p1a: Mew\n|-damage|p1a: Mew|18\/100\n|-enditem|p1a: Mew|Red Card|[from] move: Knock Off|[of] p2a: Zeraora\n|-damage|p2a: Zeraora|8\/100|[from] item: Life Orb\n|move|p1a: Mew|Stealth Rock|p2a: Zeraora\n|-sidestart|p2: Jakkkkkka|move: Stealth Rock\n|\n|upkeep\n|turn|8\n|\n|move|p2a: Zeraora|Close Combat|p1a: Mew\n|-resisted|p1a: Mew\n|-damage|p1a: Mew|0 fnt\n|-unboost|p2a: Zeraora|def|1\n|-unboost|p2a: Zeraora|spd|1\n|-damage|p2a: Zeraora|0 fnt|[from] item: Life Orb\n|faint|p1a: Mew\n|faint|p2a: Zeraora\n|\n|upkeep\n|\n|switch|p2a: Magearna|Magearna|100\/100\n|switch|p1a: Grimmsnarl|Grimmsnarl, M|100\/100\n|-damage|p2a: Magearna|94\/100|[from] Stealth Rock\n|-damage|p1a: Grimmsnarl|88\/100|[from] Stealth Rock\n|turn|9\n|\n|move|p1a: Grimmsnarl|Taunt|p2a: Magearna\n|-start|p2a: Magearna|move: Taunt\n|move|p2a: Magearna|Draining Kiss|p1a: Grimmsnarl\n|-supereffective|p1a: Grimmsnarl\n|-damage|p1a: Grimmsnarl|28\/100\n|-heal|p2a: Magearna|100\/100|[from] drain|[of] p1a: Grimmsnarl\n|\n|upkeep\n|turn|10\n|\n|move|p1a: Grimmsnarl|Light Screen|p1a: Grimmsnarl\n|-sidestart|p1: Blue Clifford|move: Light Screen\n|move|p2a: Magearna|Draining Kiss|p1a: Grimmsnarl\n|-supereffective|p1a: Grimmsnarl\n|-damage|p1a: Grimmsnarl|0 fnt\n|faint|p1a: Grimmsnarl\n|-ability|p2a: Magearna|Soul-Heart|boost\n|-boost|p2a: Magearna|spa|1\n|\n|upkeep\n|\n|switch|p1a: Magearna|Magearna|100\/100\n|-damage|p1a: Magearna|95\/100|[from] Stealth Rock\n|turn|11\n|\n|switch|p2a: Volcarona|Volcarona, F|100\/100\n|move|p1a: Magearna|Shift Gear|p1a: Magearna\n|-boost|p1a: Magearna|spe|2\n|-boost|p1a: Magearna|atk|1\n|\n|upkeep\n|turn|12\n|\n|move|p1a: Magearna|Calm Mind|p1a: Magearna\n|-boost|p1a: Magearna|spa|1\n|-boost|p1a: Magearna|spd|1\n|move|p2a: Volcarona|Flamethrower|p1a: Magearna\n|-supereffective|p1a: Magearna\n|-damage|p1a: Magearna|59\/100\n|\n|upkeep\n|turn|13\n|\n|move|p1a: Magearna|Calm Mind|p1a: Magearna\n|-boost|p1a: Magearna|spa|1\n|-boost|p1a: Magearna|spd|1\n|move|p2a: Volcarona|Flamethrower|p1a: Magearna\n|-supereffective|p1a: Magearna\n|-damage|p1a: Magearna|35\/100\n|-status|p1a: Magearna|brn\n|\n|-damage|p1a: Magearna|29\/100 brn|[from] brn\n|upkeep\n|turn|14\n|\n|switch|p2a: Terrakion|Terrakion|7\/100\n|-damage|p2a: Terrakion|1\/100|[from] Stealth Rock\n|move|p1a: Magearna|Stored Power|p2a: Terrakion\n|-supereffective|p2a: Terrakion\n|-damage|p2a: Terrakion|0 fnt\n|faint|p2a: Terrakion\n|-ability|p1a: Magearna|Soul-Heart|boost\n|-boost|p1a: Magearna|spa|1\n|\n|-damage|p1a: Magearna|23\/100 brn|[from] brn\n|upkeep\n|\n|switch|p2a: Magearna|Magearna|100\/100\n|-damage|p2a: Magearna|94\/100|[from] Stealth Rock\n|turn|15\n|\n|move|p1a: Magearna|Draining Kiss|p2a: Magearna\n|-resisted|p2a: Magearna\n|-damage|p2a: Magearna|66\/100\n|-heal|p1a: Magearna|50\/100 brn|[from] drain|[of] p2a: Magearna\n|move|p2a: Magearna|Draining Kiss|p1a: Magearna\n|-resisted|p1a: Magearna\n|-crit|p1a: Magearna\n|-damage|p1a: Magearna|27\/100 brn\n|-heal|p2a: Magearna|80\/100|[from] drain|[of] p1a: Magearna\n|\n|-heal|p2a: Magearna|86\/100|[from] item: Leftovers\n|-damage|p1a: Magearna|21\/100 brn|[from] brn\n|upkeep\n|turn|16\n|\n|switch|p2a: Volcarona|Volcarona, F|100\/100\n|move|p1a: Magearna|Draining Kiss|p2a: Volcarona\n|-resisted|p2a: Volcarona\n|-damage|p2a: Volcarona|66\/100\n|-heal|p1a: Magearna|48\/100 brn|[from] drain|[of] p2a: Volcarona\n|\n|-damage|p1a: Magearna|42\/100 brn|[from] brn\n|upkeep\n|turn|17\n|\n|move|p1a: Magearna|Stored Power|p2a: Volcarona\n|-damage|p2a: Volcarona|0 fnt\n|faint|p2a: Volcarona\n|-ability|p1a: Magearna|Soul-Heart|boost\n|-boost|p1a: Magearna|spa|1\n|\n|-damage|p1a: Magearna|36\/100 brn|[from] brn\n|-sideend|p1: Blue Clifford|move: Light Screen\n|upkeep\n|\n|switch|p2a: Rillaboom|Rillaboom, M|100\/100\n|-damage|p2a: Rillaboom|88\/100|[from] Stealth Rock\n|-fieldstart|move: Grassy Terrain|[from] ability: Grassy Surge|[of] p2a: Rillaboom\n|-enditem|p1a: Magearna|Grassy Seed\n|-boost|p1a: Magearna|def|1|[from] item: Grassy Seed\n|turn|18\n|\n|move|p2a: Rillaboom|Grassy Glide|p1a: Magearna\n|-resisted|p1a: Magearna\n|-damage|p1a: Magearna|17\/100 brn\n|-damage|p2a: Rillaboom|78\/100|[from] item: Life Orb\n|move|p1a: Magearna|Draining Kiss|p2a: Rillaboom\n|-damage|p2a: Rillaboom|0 fnt\n|-heal|p1a: Magearna|83\/100 brn|[from] drain|[of] p2a: Rillaboom\n|faint|p2a: Rillaboom\n|-ability|p1a: Magearna|Soul-Heart|boost\n|-boost|p1a: Magearna|spa|1\n|\n|-heal|p1a: Magearna|89\/100 brn|[from] Grassy Terrain\n|-damage|p1a: Magearna|83\/100 brn|[from] brn\n|upkeep\n|c|\u2606Blue Clifford|gg\n|\n|switch|p2a: Magearna|Magearna|86\/100\n|-damage|p2a: Magearna|80\/100|[from] Stealth Rock\n|turn|19\n|\n|move|p1a: Magearna|Stored Power|p2a: Magearna\n|-resisted|p2a: Magearna\n|-damage|p2a: Magearna|0 fnt\n|faint|p2a: Magearna\n|\n|win|Blue Clifford\n|c|\u2606Jakkkkkka|gg\n|l|\u2606Jakkkkkka\n||Ladder (probably) updated, but score could not be retrieved (Request timeout).\n","uploadtime":1593898002,"views":16,"p1id":"blueclifford","p2id":"jakkkkkka","formatid":"gen8ou","rating":0,"private":0,"password":null}