{"id":"gen8vgc2022-1590569066","p1":"TestingTesting1","p2":"zinho80","format":"gen8vgc2022","log":"|j|\u2606TestingTesting1\n|j|\u2606zinho80\n|t:|1654538758\n|gametype|doubles\n|player|p1|TestingTesting1|266|1457\n|player|p2|zinho80|170|1500\n|teamsize|p1|6\n|teamsize|p2|6\n|gen|8\n|tier|[Gen 8] VGC 2022\n|rated|\n|rule|Species Clause: Limit one of each Pok\u00e9mon\n|rule|Item Clause: Limit one of each item\n|clearpoke\n|poke|p1|Zacian-*, L50|\n|poke|p1|Kyogre, L50|\n|poke|p1|Tornadus, L50, M|\n|poke|p1|Regieleki, L50|\n|poke|p1|Rillaboom, L50, F|\n|poke|p1|Landorus-Therian, L50, M|\n|poke|p2|Zacian-*, L50|\n|poke|p2|Calyrex-Shadow, L50|\n|poke|p2|Blastoise, L50, M|\n|poke|p2|Incineroar, L50, F|\n|poke|p2|Whimsicott, L50, F|\n|poke|p2|Thundurus, L50, M|\n|teampreview|4\n|inactive|Battle timer is ON: inactive players will automatically lose when time's up. (requested by TestingTesting1)\n|\n|t:|1654538832\n|start\n|switch|p1a: Kyogre|Kyogre, L50|100\/100\n|switch|p1b: Tornadus|Tornadus, L50, M|100\/100\n|switch|p2a: Whimsicott|Whimsicott, L50, F|100\/100\n|switch|p2b: Thundurus|Thundurus, L50, M|100\/100\n|-weather|RainDance|[from] ability: Drizzle|[of] p1a: Kyogre\n|turn|1\n|inactive|zinho80 has 30 seconds left.\n|inactive|zinho80 has 20 seconds left.\n|inactive|zinho80 has 15 seconds left.\n|inactive|TestingTesting1 has 30 seconds left.\n|inactive|zinho80 has 10 seconds left.\n|inactive|TestingTesting1 has 20 seconds left.\n|inactive|TestingTesting1 has 15 seconds left.\n|inactive|TestingTesting1 has 10 seconds left.\n|\n|t:|1654538901\n|-start|p2b: Thundurus|Dynamax|\n|-heal|p2b: Thundurus|100\/100|[silent]\n|-start|p1a: Kyogre|Dynamax|\n|-heal|p1a: Kyogre|100\/100|[silent]\n|move|p2a: Whimsicott|Tailwind|p2a: Whimsicott\n|-sidestart|p2: zinho80|move: Tailwind\n|move|p2b: Thundurus|Max Lightning|p1a: Kyogre\n|-supereffective|p1a: Kyogre\n|-crit|p1a: Kyogre\n|-damage|p1a: Kyogre|14\/100\n|-fieldstart|move: Electric Terrain\n|move|p1b: Tornadus|Icy Wind|p2a: Whimsicott|[spread] p2a,p2b\n|-supereffective|p2a: Whimsicott\n|-crit|p2a: Whimsicott\n|-supereffective|p2b: Thundurus\n|-damage|p2a: Whimsicott|33\/100\n|-damage|p2b: Thundurus|89\/100\n|-unboost|p2a: Whimsicott|spe|1\n|-unboost|p2b: Thundurus|spe|1\n|-ability|p2b: Thundurus|Defiant\n|-boost|p2b: Thundurus|atk|2\n|-enditem|p2a: Whimsicott|Eject Button\n|\n|t:|1654538924\n|switch|p2a: Calyrex|Calyrex-Shadow, L50|100\/100\n|-ability|p2a: Calyrex|As One\n|-ability|p2a: Calyrex|Unnerve\n|move|p1a: Kyogre|Max Hailstorm|p2b: Thundurus\n|-supereffective|p2b: Thundurus\n|-damage|p2b: Thundurus|38\/100\n|-weather|Hail\n|\n|-weather|Hail|[upkeep]\n|-damage|p2a: Calyrex|94\/100|[from] Hail\n|-damage|p2b: Thundurus|35\/100|[from] Hail\n|-damage|p1b: Tornadus|95\/100|[from] Hail\n|-damage|p1a: Kyogre|10\/100|[from] Hail\n|upkeep\n|turn|2\n|\n|t:|1654538941\n|move|p1a: Kyogre|Max Guard|p1a: Kyogre\n|-singleturn|p1a: Kyogre|Max Guard\n|move|p1b: Tornadus|Tailwind|p1b: Tornadus\n|-sidestart|p1: TestingTesting1|move: Tailwind\n|move|p2a: Calyrex|Astral Barrage|p1b: Tornadus|[spread] p1b\n|-activate|p1a: Kyogre|move: Max Guard\n|-damage|p1b: Tornadus|21\/100\n|move|p2b: Thundurus|Max Airstream|p1b: Tornadus\n|-damage|p1b: Tornadus|0 fnt\n|-boost|p2a: Calyrex|spe|1\n|-boost|p2b: Thundurus|spe|1\n|faint|p1b: Tornadus\n|\n|-weather|Hail|[upkeep]\n|-damage|p2a: Calyrex|88\/100|[from] Hail\n|-damage|p2b: Thundurus|33\/100|[from] Hail\n|-damage|p1a: Kyogre|7\/100|[from] Hail\n|upkeep\n|\n|t:|1654538963\n|switch|p1b: Zacian|Zacian-Crowned, L50|100\/100\n|-ability|p1b: Zacian|Intrepid Sword|boost\n|-boost|p1b: Zacian|atk|1\n|turn|3\n|\n|t:|1654538977\n|move|p2a: Calyrex|Astral Barrage|p1b: Zacian|[spread] p1a,p1b\n|-damage|p1a: Kyogre|0 fnt\n|-damage|p1b: Zacian|57\/100\n|faint|p1a: Kyogre\n|-ability|p2a: Calyrex|Grim Neigh|boost\n|-boost|p2a: Calyrex|spa|1\n|move|p1b: Zacian|Behemoth Blade|p2b: Thundurus\n|-resisted|p2b: Thundurus\n|-damage|p2b: Thundurus|0 fnt\n|faint|p2b: Thundurus\n|\n|-weather|Hail|[upkeep]\n|-damage|p2a: Calyrex|82\/100|[from] Hail\n|-damage|p1b: Zacian|51\/100|[from] Hail\n|upkeep\n|\n|t:|1654538995\n|switch|p2b: Zacian|Zacian-Crowned, L50|100\/100\n|switch|p1a: Regieleki|Regieleki, L50, shiny|100\/100\n|-ability|p2b: Zacian|Intrepid Sword|boost\n|-boost|p2b: Zacian|atk|1\n|turn|4\n|inactive|zinho80 has 30 seconds left.\n|inactive|zinho80 has 20 seconds left.\n|\n|t:|1654539032\n|move|p1a: Regieleki|Protect|p1a: Regieleki\n|-singleturn|p1a: Regieleki|Protect\n|move|p1b: Zacian|Protect|p1b: Zacian\n|-singleturn|p1b: Zacian|Protect\n|move|p2a: Calyrex|Astral Barrage|p1b: Zacian|[spread] \n|-activate|p1a: Regieleki|move: Protect\n|-activate|p1b: Zacian|move: Protect\n|move|p2b: Zacian|Behemoth Blade|p1a: Regieleki\n|-activate|p1a: Regieleki|move: Protect\n|\n|-weather|Hail|[upkeep]\n|-damage|p2a: Calyrex|75\/100|[from] Hail\n|-damage|p1a: Regieleki|95\/100|[from] Hail\n|-damage|p2b: Zacian|95\/100|[from] Hail\n|-damage|p1b: Zacian|45\/100|[from] Hail\n|-sideend|p2: zinho80|move: Tailwind\n|upkeep\n|turn|5\n|\n|t:|1654539053\n|move|p2a: Calyrex|Protect|p2a: Calyrex\n|-singleturn|p2a: Calyrex|Protect\n|move|p2b: Zacian|Protect|p2b: Zacian\n|-singleturn|p2b: Zacian|Protect\n|move|p1a: Regieleki|Thunder|p2b: Zacian\n|-activate|p2b: Zacian|move: Protect\n|move|p1b: Zacian|Behemoth Blade|p2a: Calyrex\n|-activate|p2a: Calyrex|move: Protect\n|\n|-weather|none\n|-sideend|p1: TestingTesting1|move: Tailwind\n|-fieldend|move: Electric Terrain\n|upkeep\n|turn|6\n|-message|TestingTesting1 forfeited.\n|\n|win|zinho80\n|raw|TestingTesting1's rating: 1457 &rarr; <strong>1439<\/strong><br \/>(-18 for losing)\n|raw|zinho80's rating: 1500 &rarr; <strong>1518<\/strong><br \/>(+18 for winning)\n|l|\u2606TestingTesting1\n||Ladder isn't responding, score probably updated but might not have (Request timeout).\n","uploadtime":1654539073,"views":10,"p1id":"testingtesting1","p2id":"zinho80","formatid":"gen8vgc2022","rating":1439,"private":0,"password":null}