{"id":"gen8ou-1660455467","p1":"RggV_YT","p2":"Dr. Elite","format":"gen8ou","log":"|j|\u2606RggV_YT\n|j|\u2606Dr. Elite\n|t:|1662770695\n|gametype|singles\n|player|p1|RggV_YT|steven|1724\n|player|p2|Dr. Elite|#drelite|1629\n|teamsize|p1|6\n|teamsize|p2|6\n|gen|8\n|tier|[Gen 8] OU\n|rated|\n|rule|Sleep Clause Mod: Limit one foe put to sleep\n|rule|Species Clause: Limit one of each Pok\u00e9mon\n|rule|OHKO Clause: OHKO moves are banned\n|rule|Evasion Items Clause: Evasion items are banned\n|rule|Evasion Moves Clause: Evasion moves are banned\n|rule|Endless Battle Clause: Forcing endless battles is banned\n|rule|HP Percentage Mod: HP is shown in percentages\n|rule|Dynamax Clause: You cannot dynamax\n|clearpoke\n|poke|p1|Regigigas|\n|poke|p1|Victini|\n|poke|p1|Slowbro, F|\n|poke|p1|Dragapult, F|\n|poke|p1|Rhyperior, M|\n|poke|p1|Tornadus-Therian, M|\n|poke|p2|Primarina, F|\n|poke|p2|Rapidash-Galar, F|\n|poke|p2|Togekiss, M|\n|poke|p2|Hatterene, F|\n|poke|p2|Klefki, F|\n|poke|p2|Gardevoir, F|\n|teampreview\n|j| Wackplaymaker\n|c| Wackplaymaker|u are the utuber\n|c| Wackplaymaker|?\n|c|\u2606RggV_YT|yeah\n|\n|t:|1662770726\n|start\n|switch|p1a: V|Victini|100\/100\n|switch|p2a: Love|Primarina, F|100\/100\n|turn|1\n|\n|t:|1662770735\n|move|p1a: V|Bolt Strike|p2a: Love\n|-supereffective|p2a: Love\n|-damage|p2a: Love|33\/100\n|move|p2a: Love|Scald|p1a: V\n|-supereffective|p1a: V\n|-damage|p1a: V|18\/100\n|-enditem|p1a: V|Weakness Policy\n|-boost|p1a: V|atk|2|[from] item: Weakness Policy\n|-boost|p1a: V|spa|2|[from] item: Weakness Policy\n|\n|-heal|p2a: Love|39\/100|[from] item: Leftovers\n|upkeep\n|turn|2\n|c| Wackplaymaker|wtf\n|\n|t:|1662770750\n|switch|p2a: Kindness|Klefki, F|100\/100\n|move|p1a: V|Bolt Strike|p2a: Kindness\n|-damage|p2a: Kindness|29\/100\n|-status|p2a: Kindness|par\n|\n|upkeep\n|turn|3\n|\n|t:|1662770754\n|move|p2a: Kindness|Switcheroo|p1a: V\n|-activate|p2a: Kindness|move: Trick|[of] p1a: V\n|-item|p1a: V|Full Incense|[from] move: Switcheroo\n|-enditem|p2a: Kindness|Full Incense|[silent]|[from] move: Switcheroo\n|move|p1a: V|Trick Room|p1a: V\n|-fieldstart|move: Trick Room|[of] p1a: V\n|\n|upkeep\n|turn|4\n|\n|t:|1662770759\n|move|p2a: Kindness|Foul Play|p1a: V\n|-supereffective|p1a: V\n|-damage|p1a: V|0 fnt\n|faint|p1a: V\n|\n|upkeep\n|\n|t:|1662770769\n|switch|p1a: Rgg|Regigigas|100\/100\n|-start|p1a: Rgg|ability: Slow Start\n|turn|5\n|\n|t:|1662770781\n|switch|p2a: Peace|Togekiss, M|100\/100\n|move|p1a: Rgg|Power-Up Punch|p2a: Peace\n|-resisted|p2a: Peace\n|-damage|p2a: Peace|98\/100\n|-boost|p1a: Rgg|atk|1\n|\n|upkeep\n|turn|6\n|\n|t:|1662770787\n|move|p1a: Rgg|Body Slam|p2a: Peace\n|-damage|p2a: Peace|53\/100\n|move|p2a: Peace|Nasty Plot|p2a: Peace\n|-boost|p2a: Peace|spa|2\n|\n|upkeep\n|turn|7\n|\n|t:|1662770794\n|move|p1a: Rgg|Body Slam|p2a: Peace\n|-damage|p2a: Peace|9\/100\n|move|p2a: Peace|Aura Sphere|p1a: Rgg\n|-supereffective|p1a: Rgg\n|-damage|p1a: Rgg|54\/100\n|\n|-fieldend|move: Trick Room\n|upkeep\n|turn|8\n|\n|t:|1662770802\n|move|p2a: Peace|Aura Sphere|p1a: Rgg\n|-supereffective|p1a: Rgg\n|-crit|p1a: Rgg\n|-damage|p1a: Rgg|0 fnt\n|faint|p1a: Rgg\n|-end|p1a: Rgg|Slow Start|[silent]\n|\n|upkeep\n|\n|t:|1662770805\n|switch|p1a: Tornadus|Tornadus-Therian, M|100\/100\n|turn|9\n|\n|t:|1662770811\n|switch|p2a: Kindness|Klefki, F|29\/100 par\n|move|p1a: Tornadus|Knock Off|p2a: Kindness\n|-resisted|p2a: Kindness\n|-damage|p2a: Kindness|24\/100 par\n|\n|upkeep\n|turn|10\n|\n|t:|1662770820\n|cant|p2a: Kindness|par\n|move|p1a: Tornadus|Hurricane|p2a: Kindness\n|-resisted|p2a: Kindness\n|-damage|p2a: Kindness|0 fnt\n|faint|p2a: Kindness\n|\n|upkeep\n|\n|t:|1662770827\n|switch|p2a: Joy|Rapidash-Galar, F|100\/100\n|turn|11\n|\n|t:|1662770833\n|move|p1a: Tornadus|Hurricane|p2a: Joy\n|-damage|p2a: Joy|46\/100\n|move|p2a: Joy|Calm Mind|p2a: Joy\n|-boost|p2a: Joy|spa|1\n|-boost|p2a: Joy|spd|1\n|\n|upkeep\n|turn|12\n|\n|t:|1662770841\n|move|p1a: Tornadus|Hurricane|p2a: Joy\n|-damage|p2a: Joy|10\/100\n|-enditem|p2a: Joy|Salac Berry|[eat]\n|-boost|p2a: Joy|spe|1|[from] item: Salac Berry\n|move|p2a: Joy|Calm Mind|p2a: Joy\n|-boost|p2a: Joy|spa|1\n|-boost|p2a: Joy|spd|1\n|\n|upkeep\n|turn|13\n|\n|t:|1662770846\n|move|p2a: Joy|Morning Sun|p2a: Joy\n|-heal|p2a: Joy|60\/100\n|move|p1a: Tornadus|Knock Off|p2a: Joy\n|-damage|p2a: Joy|45\/100\n|\n|upkeep\n|turn|14\n|\n|t:|1662770852\n|move|p2a: Joy|Calm Mind|p2a: Joy\n|-boost|p2a: Joy|spa|1\n|-boost|p2a: Joy|spd|1\n|move|p1a: Tornadus|U-turn|p2a: Joy\n|-damage|p2a: Joy|28\/100\n|c| Wackplaymaker|dude\n|\n|t:|1662770856\n|switch|p1a: Slowbro|Slowbro, F|100\/100|[from]move: U-turn\n|\n|upkeep\n|turn|15\n|c| Wackplaymaker|read text\n|\n|t:|1662770861\n|move|p2a: Joy|Morning Sun|p2a: Joy\n|-heal|p2a: Joy|78\/100\n|move|p1a: Slowbro|Trick Room|p1a: Slowbro\n|-fieldstart|move: Trick Room|[of] p1a: Slowbro\n|\n|upkeep\n|turn|16\n|c| Wackplaymaker|stop skipping moves\n|c| Wackplaymaker|salac is on\n|c| Wackplaymaker|lol\n|j| DrasticLightning\n|\n|t:|1662770883\n|move|p2a: Joy|Morning Sun|p2a: Joy\n|-heal|p2a: Joy|100\/100\n|move|p1a: Slowbro|Teleport|p1a: Slowbro\n|\n|t:|1662770889\n|switch|p1a: Dragapult|Dragapult, F|100\/100|[from]move: Teleport\n|\n|upkeep\n|turn|17\n|\n|t:|1662770892\n|move|p1a: Dragapult|Phantom Force||[still]\n|-prepare|p1a: Dragapult|Phantom Force\n|move|p2a: Joy|Stored Power|p1a: Dragapult|[miss]\n|-miss|p2a: Joy|p1a: Dragapult\n|\n|upkeep\n|turn|18\n|\n|t:|1662770895\n|move|p1a: Dragapult|Phantom Force|p2a: Joy|[from]lockedmove\n|-supereffective|p2a: Joy\n|-damage|p2a: Joy|0 fnt\n|faint|p2a: Joy\n|-damage|p1a: Dragapult|91\/100|[from] item: Life Orb\n|\n|upkeep\n|\n|t:|1662770901\n|switch|p2a: Patience|Hatterene, F|100\/100\n|turn|19\n|\n|t:|1662770907\n|switch|p1a: Slowbro|Slowbro, F|100\/100\n|move|p2a: Patience|Draining Kiss|p1a: Slowbro\n|-damage|p1a: Slowbro|77\/100\n|\n|-fieldend|move: Trick Room\n|upkeep\n|turn|20\n|\n|t:|1662770910\n|move|p2a: Patience|Calm Mind|p2a: Patience\n|-boost|p2a: Patience|spa|1\n|-boost|p2a: Patience|spd|1\n|move|p1a: Slowbro|Teleport|p1a: Slowbro\n|\n|t:|1662770911\n|switch|p1a: Rhyperior|Rhyperior, M|100\/100|[from]move: Teleport\n|\n|upkeep\n|turn|21\n|\n|t:|1662770915\n|move|p1a: Rhyperior|Earthquake|p2a: Patience\n|-damage|p2a: Patience|36\/100\n|-damage|p1a: Rhyperior|91\/100|[from] item: Life Orb\n|move|p2a: Patience|Draining Kiss|p1a: Rhyperior\n|-damage|p1a: Rhyperior|43\/100\n|-heal|p2a: Patience|83\/100|[from] drain|[of] p1a: Rhyperior\n|\n|upkeep\n|turn|22\n|\n|t:|1662770924\n|move|p1a: Rhyperior|Earthquake|p2a: Patience\n|-damage|p2a: Patience|23\/100\n|-enditem|p2a: Patience|Wiki Berry|[eat]\n|-heal|p2a: Patience|56\/100|[from] item: Wiki Berry\n|-damage|p1a: Rhyperior|33\/100|[from] item: Life Orb\n|move|p2a: Patience|Draining Kiss|p1a: Rhyperior\n|-damage|p1a: Rhyperior|0 fnt\n|-heal|p2a: Patience|87\/100|[from] drain|[of] p1a: Rhyperior\n|faint|p1a: Rhyperior\n|\n|upkeep\n|\n|t:|1662770934\n|switch|p1a: Dragapult|Dragapult, F|91\/100\n|turn|23\n|\n|t:|1662770942\n|switch|p2a: Peace|Togekiss, M|9\/100\n|move|p1a: Dragapult|Phantom Force||[still]\n|-prepare|p1a: Dragapult|Phantom Force\n|\n|upkeep\n|turn|24\n|\n|t:|1662770945\n|move|p1a: Dragapult|Phantom Force|p2a: Peace|[from]lockedmove\n|-damage|p2a: Peace|0 fnt\n|faint|p2a: Peace\n|-damage|p1a: Dragapult|81\/100|[from] item: Life Orb\n|\n|upkeep\n|\n|t:|1662770947\n|switch|p2a: Goodness|Gardevoir, F|100\/100\n|-ability|p2a: Goodness|Clear Body|[from] ability: Trace|[of] p1a: Dragapult\n|turn|25\n|\n|t:|1662770949\n|switch|p1a: Tornadus|Tornadus-Therian, M|100\/100\n|move|p2a: Goodness|Moonblast|p1a: Tornadus\n|-damage|p1a: Tornadus|49\/100\n|\n|upkeep\n|turn|26\n|\n|t:|1662770952\n|switch|p1a: Slowbro|Slowbro, F|100\/100\n|move|p2a: Goodness|Moonblast|p1a: Slowbro\n|-damage|p1a: Slowbro|47\/100\n|\n|upkeep\n|turn|27\n|\n|t:|1662770964\n|move|p2a: Goodness|Moonblast|p1a: Slowbro\n|-damage|p1a: Slowbro|0 fnt\n|faint|p1a: Slowbro\n|\n|upkeep\n|\n|t:|1662770965\n|switch|p1a: Dragapult|Dragapult, F|81\/100\n|turn|28\n|c| Wackplaymaker|this is scary\n|\n|t:|1662770970\n|move|p2a: Goodness|Moonblast|p1a: Dragapult\n|-supereffective|p1a: Dragapult\n|-damage|p1a: Dragapult|0 fnt\n|faint|p1a: Dragapult\n|\n|upkeep\n|c|\u2606Dr. Elite|Yes.\n|c|\u2606RggV_YT|gg\n|\n|t:|1662770977\n|switch|p1a: Tornadus|Tornadus-Therian, M|82\/100\n|turn|29\n|c|\u2606Dr. Elite|It was fun.\n|c|\u2606Dr. Elite|Nice seeing new Pokemon.\n|\n|t:|1662770986\n|move|p2a: Goodness|Moonblast|p1a: Tornadus\n|-damage|p1a: Tornadus|33\/100\n|-unboost|p1a: Tornadus|spa|1\n|move|p1a: Tornadus|Knock Off|p2a: Goodness\n|-damage|p2a: Goodness|62\/100\n|-enditem|p2a: Goodness|Choice Scarf|[from] move: Knock Off|[of] p1a: Tornadus\n|\n|upkeep\n|turn|30\n|\n|t:|1662770990\n|move|p1a: Tornadus|Hurricane|p2a: Goodness\n|-damage|p2a: Goodness|31\/100\n|-start|p2a: Goodness|confusion\n|-activate|p2a: Goodness|confusion\n|move|p2a: Goodness|Moonblast|p1a: Tornadus\n|-damage|p1a: Tornadus|0 fnt\n|faint|p1a: Tornadus\n|\n|win|Dr. Elite\n|raw|RggV_YT's rating: 1724 &rarr; <strong>1699<\/strong><br \/>(-25 for losing)\n|raw|Dr. Elite's rating: 1629 &rarr; <strong>1654<\/strong><br \/>(+25 for winning)\n|c|\u2606RggV_YT|same!\n|c|\u2606RggV_YT|gg\n|l|\u2606RggV_YT\n|l| DrasticLightning\n|l|\u2606Dr. Elite\n","uploadtime":1662771018,"views":54,"p1id":"rggvyt","p2id":"drelite","formatid":"gen8ou","rating":1654,"private":0,"password":null}