{"id":"gen8ou-1684043268","p1":"Silentmary1","p2":"jeandonis02","format":"gen8ou","log":"|j|\u2606Silentmary1\n|j|\u2606jeandonis02\n|t:|1665593799\n|gametype|singles\n|player|p1|Silentmary1|102|\n|player|p2|jeandonis02|lucas|\n|teamsize|p1|6\n|teamsize|p2|6\n|gen|8\n|tier|[Gen 8] OU\n|rule|Sleep Clause Mod: Limit one foe put to sleep\n|rule|Species Clause: Limit one of each Pok\u00e9mon\n|rule|OHKO Clause: OHKO moves are banned\n|rule|Evasion Items Clause: Evasion items are banned\n|rule|Evasion Moves Clause: Evasion moves are banned\n|rule|Endless Battle Clause: Forcing endless battles is banned\n|rule|HP Percentage Mod: HP is shown in percentages\n|rule|Dynamax Clause: You cannot dynamax\n|clearpoke\n|poke|p1|Tapu Koko|\n|poke|p1|Porygon2|\n|poke|p1|Raichu-Alola, F|\n|poke|p1|Blaziken, F|\n|poke|p1|Drifblim, M|\n|poke|p1|Suicune|\n|poke|p2|Zeraora|\n|poke|p2|Toxapex, M|\n|poke|p2|Garchomp, F|\n|poke|p2|Rotom-Wash|\n|poke|p2|Ferrothorn, F|\n|poke|p2|Charizard, F|\n|teampreview\n|\n|t:|1665593846\n|start\n|switch|p1a: Porygon2|Porygon2, shiny|100\/100\n|switch|p2a: Garchomp|Garchomp, F|100\/100\n|turn|1\n|\n|t:|1665593864\n|switch|p2a: Toxapex|Toxapex, M|100\/100\n|move|p1a: Porygon2|Ice Beam|p2a: Toxapex\n|-resisted|p2a: Toxapex\n|-damage|p2a: Toxapex|88\/100\n|\n|-heal|p2a: Toxapex|95\/100|[from] item: Black Sludge\n|upkeep\n|turn|2\n|\n|t:|1665593883\n|move|p1a: Porygon2|Tri Attack|p2a: Toxapex\n|-damage|p2a: Toxapex|69\/100\n|move|p2a: Toxapex|Toxic|p1a: Porygon2\n|-status|p1a: Porygon2|tox\n|\n|-heal|p2a: Toxapex|75\/100|[from] item: Black Sludge\n|-damage|p1a: Porygon2|94\/100 tox|[from] psn\n|upkeep\n|turn|3\n|\n|t:|1665593899\n|switch|p1a: Tapu Koko|Tapu Koko|100\/100\n|-fieldstart|move: Electric Terrain|[from] ability: Electric Surge|[of] p1a: Tapu Koko\n|switch|p2a: Ferrothorn|Ferrothorn, F|100\/100\n|\n|upkeep\n|turn|4\n|\n|t:|1665593911\n|move|p1a: Tapu Koko|Nature's Madness|p2a: Ferrothorn\n|-damage|p2a: Ferrothorn|50\/100\n|move|p2a: Ferrothorn|Stealth Rock|p1a: Tapu Koko\n|-sidestart|p1: Silentmary1|move: Stealth Rock\n|\n|upkeep\n|turn|5\n|\n|t:|1665593937\n|move|p1a: Tapu Koko|Volt Switch|p2a: Ferrothorn\n|-resisted|p2a: Ferrothorn\n|-damage|p2a: Ferrothorn|38\/100\n|\n|t:|1665593950\n|switch|p1a: Porygon2|Porygon2, shiny|94\/100 tox|[from]move: Volt Switch\n|-damage|p1a: Porygon2|82\/100 tox|[from] Stealth Rock\n|move|p2a: Ferrothorn|Leech Seed|p1a: Porygon2\n|-start|p1a: Porygon2|move: Leech Seed\n|\n|-damage|p1a: Porygon2|70\/100 tox|[from] Leech Seed|[of] p2a: Ferrothorn\n|-heal|p2a: Ferrothorn|51\/100|[silent]\n|-damage|p1a: Porygon2|64\/100 tox|[from] psn\n|upkeep\n|turn|6\n|\n|t:|1665593962\n|move|p1a: Porygon2|Recover|p1a: Porygon2\n|-heal|p1a: Porygon2|100\/100 tox\n|move|p2a: Ferrothorn|Body Press|p1a: Porygon2\n|-supereffective|p1a: Porygon2\n|-damage|p1a: Porygon2|58\/100 tox\n|\n|-damage|p1a: Porygon2|46\/100 tox|[from] Leech Seed|[of] p2a: Ferrothorn\n|-heal|p2a: Ferrothorn|64\/100|[silent]\n|-damage|p1a: Porygon2|34\/100 tox|[from] psn\n|upkeep\n|turn|7\n|\n|t:|1665593975\n|switch|p1a: Drifblim|Drifblim, M, shiny|100\/100\n|-damage|p1a: Drifblim|76\/100|[from] Stealth Rock\n|move|p2a: Ferrothorn|Leech Seed|p1a: Drifblim\n|-start|p1a: Drifblim|move: Leech Seed\n|\n|-damage|p1a: Drifblim|63\/100|[from] Leech Seed|[of] p2a: Ferrothorn\n|-heal|p2a: Ferrothorn|79\/100|[silent]\n|-fieldend|move: Electric Terrain\n|upkeep\n|turn|8\n|\n|t:|1665593989\n|switch|p2a: Toxapex|Toxapex, M|100\/100\n|move|p1a: Drifblim|Thunder Wave|p2a: Toxapex\n|-status|p2a: Toxapex|par\n|\n|-damage|p1a: Drifblim|51\/100|[from] Leech Seed|[of] p2a: Toxapex\n|upkeep\n|turn|9\n|\n|t:|1665594003\n|switch|p1a: Porygon2|Porygon2, shiny|34\/100 tox\n|-damage|p1a: Porygon2|21\/100 tox|[from] Stealth Rock\n|move|p2a: Toxapex|Toxic|p1a: Porygon2\n|-fail|p1a: Porygon2|tox\n|\n|-damage|p1a: Porygon2|15\/100 tox|[from] psn\n|upkeep\n|turn|10\n|\n|t:|1665594018\n|switch|p2a: Ferrothorn|Ferrothorn, F|79\/100\n|move|p1a: Porygon2|Recover|p1a: Porygon2\n|-heal|p1a: Porygon2|65\/100 tox\n|\n|-damage|p1a: Porygon2|53\/100 tox|[from] psn\n|upkeep\n|turn|11\n|\n|t:|1665594028\n|move|p1a: Porygon2|Recover|p1a: Porygon2\n|-heal|p1a: Porygon2|100\/100 tox\n|move|p2a: Ferrothorn|Leech Seed|p1a: Porygon2\n|-start|p1a: Porygon2|move: Leech Seed\n|\n|-damage|p1a: Porygon2|88\/100 tox|[from] Leech Seed|[of] p2a: Ferrothorn\n|-heal|p2a: Ferrothorn|93\/100|[silent]\n|-damage|p1a: Porygon2|70\/100 tox|[from] psn\n|upkeep\n|turn|12\n|\n|t:|1665594041\n|switch|p1a: Drifblim|Drifblim, M, shiny|51\/100\n|-damage|p1a: Drifblim|26\/100|[from] Stealth Rock\n|move|p2a: Ferrothorn|Thunder Wave|p1a: Drifblim\n|-status|p1a: Drifblim|par\n|\n|upkeep\n|turn|13\n|\n|t:|1665594049\n|switch|p2a: Rotom|Rotom-Wash|100\/100\n|move|p1a: Drifblim|Strength Sap|p2a: Rotom\n|-unboost|p2a: Rotom|atk|1\n|-heal|p1a: Drifblim|53\/100 par\n|\n|upkeep\n|turn|14\n|\n|t:|1665594115\n|move|p2a: Rotom|Volt Switch|p1a: Drifblim\n|-supereffective|p1a: Drifblim\n|-damage|p1a: Drifblim|11\/100 par\n|-enditem|p1a: Drifblim|Weakness Policy\n|-boost|p1a: Drifblim|atk|2|[from] item: Weakness Policy\n|-boost|p1a: Drifblim|spa|2|[from] item: Weakness Policy\n|\n|t:|1665594123\n|switch|p2a: Toxapex|Toxapex, M|100\/100 par|[from]move: Volt Switch\n|move|p1a: Drifblim|Hex|p2a: Toxapex\n|-damage|p2a: Toxapex|46\/100 par\n|\n|-heal|p2a: Toxapex|52\/100 par|[from] item: Black Sludge\n|upkeep\n|turn|15\n|\n|t:|1665594134\n|move|p2a: Toxapex|Baneful Bunker|p2a: Toxapex\n|-singleturn|p2a: Toxapex|move: Protect\n|move|p1a: Drifblim|Hex|p2a: Toxapex\n|-activate|p2a: Toxapex|move: Protect\n|\n|-heal|p2a: Toxapex|59\/100 par|[from] item: Black Sludge\n|upkeep\n|turn|16\n|\n|t:|1665594147\n|move|p1a: Drifblim|Acrobatics|p2a: Toxapex\n|-damage|p2a: Toxapex|11\/100 par\n|move|p2a: Toxapex|Haze|p2a: Toxapex\n|-clearallboost\n|\n|-heal|p2a: Toxapex|18\/100 par|[from] item: Black Sludge\n|upkeep\n|turn|17\n|\n|t:|1665594178\n|switch|p2a: Rotom|Rotom-Wash|100\/100\n|cant|p1a: Drifblim|par\n|\n|upkeep\n|turn|18\n|\n|t:|1665594186\n|move|p2a: Rotom|Volt Switch|p1a: Drifblim\n|-supereffective|p1a: Drifblim\n|-damage|p1a: Drifblim|0 fnt\n|faint|p1a: Drifblim\n|\n|t:|1665594190\n|switch|p2a: Zeraora|Zeraora|100\/100|[from]move: Volt Switch\n|\n|upkeep\n|\n|t:|1665594210\n|switch|p1a: Tapu Koko|Tapu Koko|100\/100\n|-damage|p1a: Tapu Koko|88\/100|[from] Stealth Rock\n|-fieldstart|move: Electric Terrain|[from] ability: Electric Surge|[of] p1a: Tapu Koko\n|turn|19\n|\n|t:|1665594235\n|switch|p2a: Ferrothorn|Ferrothorn, F|93\/100\n|move|p1a: Tapu Koko|Reflect|p1a: Tapu Koko\n|-sidestart|p1: Silentmary1|Reflect\n|\n|upkeep\n|turn|20\n|\n|t:|1665594244\n|move|p1a: Tapu Koko|Nature's Madness|p2a: Ferrothorn\n|-damage|p2a: Ferrothorn|47\/100\n|move|p2a: Ferrothorn|Leech Seed|p1a: Tapu Koko\n|-start|p1a: Tapu Koko|move: Leech Seed\n|\n|-damage|p1a: Tapu Koko|75\/100|[from] Leech Seed|[of] p2a: Ferrothorn\n|-heal|p2a: Ferrothorn|59\/100|[silent]\n|upkeep\n|turn|21\n|\n|t:|1665594253\n|move|p1a: Tapu Koko|Volt Switch|p2a: Ferrothorn\n|-resisted|p2a: Ferrothorn\n|-damage|p2a: Ferrothorn|47\/100\n|\n|t:|1665594263\n|switch|p1a: Raichu|Raichu-Alola, F|100\/100|[from]move: Volt Switch\n|-damage|p1a: Raichu|88\/100|[from] Stealth Rock\n|move|p2a: Ferrothorn|Leech Seed|p1a: Raichu\n|-start|p1a: Raichu|move: Leech Seed\n|\n|-damage|p1a: Raichu|76\/100|[from] Leech Seed|[of] p2a: Ferrothorn\n|-heal|p2a: Ferrothorn|56\/100|[silent]\n|upkeep\n|turn|22\n|\n|t:|1665594276\n|move|p1a: Raichu|Focus Blast|p2a: Ferrothorn\n|-supereffective|p2a: Ferrothorn\n|-damage|p2a: Ferrothorn|0 fnt\n|faint|p2a: Ferrothorn\n|-damage|p1a: Raichu|66\/100|[from] item: Life Orb\n|\n|upkeep\n|\n|t:|1665594291\n|switch|p2a: Garchomp|Garchomp, F|100\/100\n|turn|23\n|\n|t:|1665594297\n|switch|p1a: Suicune|Suicune, shiny|100\/100\n|-damage|p1a: Suicune|88\/100|[from] Stealth Rock\n|-ability|p1a: Suicune|Pressure\n|move|p2a: Garchomp|Earthquake|p1a: Suicune\n|-damage|p1a: Suicune|67\/100\n|\n|-heal|p1a: Suicune|73\/100|[from] item: Leftovers\n|-fieldend|move: Electric Terrain\n|upkeep\n|turn|24\n|\n|t:|1665594317\n|switch|p2a: Rotom|Rotom-Wash|100\/100\n|move|p1a: Suicune|Calm Mind|p1a: Suicune\n|-boost|p1a: Suicune|spa|1\n|-boost|p1a: Suicune|spd|1\n|\n|-heal|p1a: Suicune|79\/100|[from] item: Leftovers\n|upkeep\n|turn|25\n|\n|t:|1665594334\n|move|p2a: Rotom|Volt Switch|p1a: Suicune\n|-supereffective|p1a: Suicune\n|-damage|p1a: Suicune|53\/100\n|\n|t:|1665594336\n|switch|p2a: Toxapex|Toxapex, M|51\/100 par|[from]move: Volt Switch\n|move|p1a: Suicune|Calm Mind|p1a: Suicune\n|-boost|p1a: Suicune|spa|1\n|-boost|p1a: Suicune|spd|1\n|\n|-heal|p1a: Suicune|59\/100|[from] item: Leftovers\n|-heal|p2a: Toxapex|57\/100 par|[from] item: Black Sludge\n|upkeep\n|turn|26\n|\n|t:|1665594348\n|move|p2a: Toxapex|Haze|p2a: Toxapex\n|-clearallboost\n|move|p1a: Suicune|Roar|p2a: Toxapex\n|drag|p2a: Garchomp|Garchomp, F|100\/100\n|\n|-heal|p1a: Suicune|66\/100|[from] item: Leftovers\n|-sideend|p1: Silentmary1|Reflect\n|upkeep\n|turn|27\n|\n|t:|1665594372\n|switch|p2a: Toxapex|Toxapex, M|90\/100 par\n|switch|p1a: Tapu Koko|Tapu Koko|75\/100\n|-damage|p1a: Tapu Koko|63\/100|[from] Stealth Rock\n|-fieldstart|move: Electric Terrain|[from] ability: Electric Surge|[of] p1a: Tapu Koko\n|\n|-heal|p2a: Toxapex|97\/100 par|[from] item: Black Sludge\n|upkeep\n|turn|28\n|\n|t:|1665594387\n|move|p1a: Tapu Koko|Nature's Madness|p2a: Toxapex\n|-damage|p2a: Toxapex|49\/100 par\n|cant|p2a: Toxapex|par\n|\n|-heal|p2a: Toxapex|55\/100 par|[from] item: Black Sludge\n|upkeep\n|turn|29\n|\n|t:|1665594397\n|switch|p2a: Garchomp|Garchomp, F|100\/100\n|move|p1a: Tapu Koko|Volt Switch|p2a: Garchomp\n|-immune|p2a: Garchomp\n|\n|upkeep\n|turn|30\n|\n|t:|1665594411\n|switch|p1a: Suicune|Suicune, shiny|66\/100\n|-damage|p1a: Suicune|53\/100|[from] Stealth Rock\n|-ability|p1a: Suicune|Pressure\n|move|p2a: Garchomp|Earthquake|p1a: Suicune\n|-damage|p1a: Suicune|8\/100\n|\n|-heal|p1a: Suicune|14\/100|[from] item: Leftovers\n|upkeep\n|turn|31\n|\n|t:|1665594423\n|move|p2a: Garchomp|Earthquake|p1a: Suicune\n|-damage|p1a: Suicune|0 fnt\n|faint|p1a: Suicune\n|\n|-fieldend|move: Electric Terrain\n|upkeep\n|\n|t:|1665594433\n|switch|p1a: Porygon2|Porygon2, shiny|70\/100 tox\n|-damage|p1a: Porygon2|57\/100 tox|[from] Stealth Rock\n|turn|32\n|\n|t:|1665594456\n|switch|p2a: Toxapex|Toxapex, M|88\/100 par\n|move|p1a: Porygon2|Recover|p1a: Porygon2\n|-heal|p1a: Porygon2|100\/100 tox\n|\n|-heal|p2a: Toxapex|94\/100 par|[from] item: Black Sludge\n|-damage|p1a: Porygon2|94\/100 tox|[from] psn\n|upkeep\n|turn|33\n|\n|t:|1665594469\n|switch|p1a: Tapu Koko|Tapu Koko|63\/100\n|-damage|p1a: Tapu Koko|50\/100|[from] Stealth Rock\n|-fieldstart|move: Electric Terrain|[from] ability: Electric Surge|[of] p1a: Tapu Koko\n|move|p2a: Toxapex|Toxic|p1a: Tapu Koko\n|-status|p1a: Tapu Koko|tox\n|\n|-heal|p2a: Toxapex|100\/100 par|[from] item: Black Sludge\n|-damage|p1a: Tapu Koko|44\/100 tox|[from] psn\n|upkeep\n|turn|34\n|\n|t:|1665594492\n|cant|p2a: Toxapex|par\n|move|p1a: Tapu Koko|Nature's Madness|p2a: Toxapex\n|-damage|p2a: Toxapex|50\/100 par\n|\n|-heal|p2a: Toxapex|57\/100 par|[from] item: Black Sludge\n|-damage|p1a: Tapu Koko|32\/100 tox|[from] psn\n|upkeep\n|turn|35\n|\n|t:|1665594504\n|switch|p1a: Raichu|Raichu-Alola, F|66\/100\n|-damage|p1a: Raichu|54\/100|[from] Stealth Rock\n|move|p2a: Toxapex|Baneful Bunker||[still]\n|-fail|p2a: Toxapex\n|\n|-heal|p2a: Toxapex|63\/100 par|[from] item: Black Sludge\n|upkeep\n|turn|36\n|\n|t:|1665594519\n|switch|p2a: Rotom|Rotom-Wash|100\/100\n|move|p1a: Raichu|Psyshock|p2a: Rotom\n|-damage|p2a: Rotom|62\/100\n|-damage|p1a: Raichu|44\/100|[from] item: Life Orb\n|\n|-heal|p2a: Rotom|68\/100|[from] item: Leftovers\n|upkeep\n|turn|37\n|\n|t:|1665594530\n|move|p1a: Raichu|Rising Voltage|p2a: Rotom\n|-damage|p2a: Rotom|21\/100\n|-damage|p1a: Raichu|34\/100|[from] item: Life Orb\n|move|p2a: Rotom|Volt Switch|p1a: Raichu\n|-resisted|p1a: Raichu\n|-damage|p1a: Raichu|13\/100\n|\n|t:|1665594533\n|switch|p2a: Zeraora|Zeraora|100\/100|[from]move: Volt Switch\n|\n|-fieldend|move: Electric Terrain\n|upkeep\n|turn|38\n|\n|t:|1665594579\n|move|p2a: Zeraora|Knock Off|p1a: Raichu\n|-supereffective|p1a: Raichu\n|-damage|p1a: Raichu|0 fnt\n|-enditem|p1a: Raichu|Life Orb|[from] move: Knock Off|[of] p2a: Zeraora\n|faint|p1a: Raichu\n|\n|upkeep\n|\n|t:|1665594595\n|switch|p1a: Porygon2|Porygon2, shiny|94\/100 tox\n|-damage|p1a: Porygon2|82\/100 tox|[from] Stealth Rock\n|turn|39\n|\n|t:|1665594603\n|switch|p2a: Toxapex|Toxapex, M|96\/100 par\n|move|p1a: Porygon2|Tri Attack|p2a: Toxapex\n|-damage|p2a: Toxapex|66\/100 par\n|\n|-heal|p2a: Toxapex|72\/100 par|[from] item: Black Sludge\n|-damage|p1a: Porygon2|76\/100 tox|[from] psn\n|upkeep\n|turn|40\n|\n|t:|1665594614\n|switch|p2a: Rotom|Rotom-Wash|21\/100\n|move|p1a: Porygon2|Tri Attack|p2a: Rotom\n|-damage|p2a: Rotom|0 fnt\n|faint|p2a: Rotom\n|\n|-damage|p1a: Porygon2|64\/100 tox|[from] psn\n|upkeep\n|\n|t:|1665594622\n|switch|p2a: Charizard|Charizard, F|100\/100\n|turn|41\n|\n|t:|1665594639\n|move|p2a: Charizard|Flame Charge|p1a: Porygon2\n|-damage|p1a: Porygon2|52\/100 tox\n|-boost|p2a: Charizard|spe|1\n|move|p1a: Porygon2|Tri Attack|p2a: Charizard\n|-damage|p2a: Charizard|41\/100\n|-enditem|p2a: Charizard|Sitrus Berry|[eat]\n|-heal|p2a: Charizard|66\/100|[from] item: Sitrus Berry\n|\n|-damage|p1a: Porygon2|34\/100 tox|[from] psn\n|upkeep\n|turn|42\n|\n|t:|1665594654\n|move|p2a: Charizard|Flame Charge|p1a: Porygon2\n|-damage|p1a: Porygon2|21\/100 tox\n|-boost|p2a: Charizard|spe|1\n|move|p1a: Porygon2|Tri Attack|p2a: Charizard\n|-damage|p2a: Charizard|9\/100\n|\n|-damage|p1a: Porygon2|0 fnt|[from] psn\n|faint|p1a: Porygon2\n|upkeep\n|\n|t:|1665594684\n|switch|p1a: Tapu Koko|Tapu Koko|32\/100 tox\n|-damage|p1a: Tapu Koko|20\/100 tox|[from] Stealth Rock\n|-fieldstart|move: Electric Terrain|[from] ability: Electric Surge|[of] p1a: Tapu Koko\n|turn|43\n|\n|t:|1665594692\n|move|p2a: Charizard|Flame Charge|p1a: Tapu Koko\n|-damage|p1a: Tapu Koko|0 fnt\n|-boost|p2a: Charizard|spe|1\n|faint|p1a: Tapu Koko\n|\n|upkeep\n|\n|t:|1665594710\n|switch|p1a: Blaziken|Blaziken, F|100\/100\n|-damage|p1a: Blaziken|88\/100|[from] Stealth Rock\n|turn|44\n|\n|t:|1665594716\n|move|p2a: Charizard|Acrobatics|p1a: Blaziken\n|-supereffective|p1a: Blaziken\n|-damage|p1a: Blaziken|0 fnt\n|faint|p1a: Blaziken\n|\n|win|jeandonis02\n","uploadtime":1665594723,"views":15,"p1id":"silentmary1","p2id":"jeandonis02","formatid":"gen8ou","rating":0,"private":0,"password":null}