{"id":"gen8bdspou-1466108787","p1":"Ash_golphin","p2":"stopthreat","format":"gen8bdspou","log":"|html|<div class=\"broadcast-blue\"><strong>[Gen 8 BDSP] OU is currently suspecting Latios! For information on how to participate check out the <a href=\"https:\/\/www.smogon.com\/forums\/threads\/np-bdsp-ou-suspect-process-round-1-mr-blue-sky.3694109\/\">suspect thread<\/a>.<\/strong><\/div>\n|j|\u2606Ash_golphin\n|j|\u2606stopthreat\n|t:|1638570296\n|gametype|singles\n|player|p1|Ash_golphin|265|1188\n|player|p2|stopthreat|bugcatcher-gen4dp|1217\n|teamsize|p1|6\n|teamsize|p2|6\n|gen|8\n|tier|[Gen 8 BDSP] OU\n|rated|\n|rule|Sleep Clause Mod: Limit one foe put to sleep\n|rule|Species Clause: Limit one of each Pok\u00e9mon\n|rule|OHKO Clause: OHKO moves are banned\n|rule|Evasion Moves Clause: Evasion moves are banned\n|rule|Endless Battle Clause: Forcing endless battles is banned\n|rule|HP Percentage Mod: HP is shown in percentages\n|clearpoke\n|poke|p1|Salamence, F|\n|poke|p1|Nidoking, M|\n|poke|p1|Blissey, F|\n|poke|p1|Lucario, M|\n|poke|p1|Infernape, F|\n|poke|p1|Magnezone|\n|poke|p2|Gliscor, F|\n|poke|p2|Feraligatr, M|\n|poke|p2|Exploud, F|\n|poke|p2|Breloom, F|\n|poke|p2|Scizor, M|\n|poke|p2|Nidoking, M|\n|teampreview\n|inactive|Battle timer is ON: inactive players will automatically lose when time's up. (requested by stopthreat)\n|\n|t:|1638570313\n|start\n|switch|p1a: NidoKang|Nidoking, M, shiny|100\/100\n|switch|p2a: Exploud|Exploud, F|100\/100\n|turn|1\n|\n|t:|1638570322\n|switch|p1a: Luka Doncic|Blissey, F, shiny|100\/100\n|move|p2a: Exploud|Boomburst|p1a: Luka Doncic\n|-damage|p1a: Luka Doncic|68\/100\n|\n|-heal|p1a: Luka Doncic|74\/100|[from] item: Leftovers\n|upkeep\n|turn|2\n|\n|t:|1638570338\n|move|p2a: Exploud|Boomburst|p1a: Luka Doncic\n|-damage|p1a: Luka Doncic|38\/100\n|move|p1a: Luka Doncic|Stealth Rock|p2a: Exploud\n|-sidestart|p2: stopthreat|move: Stealth Rock\n|\n|-heal|p1a: Luka Doncic|44\/100|[from] item: Leftovers\n|upkeep\n|turn|3\n|\n|t:|1638570347\n|switch|p2a: Gliscor|Gliscor, F|100\/100\n|-damage|p2a: Gliscor|88\/100|[from] Stealth Rock\n|move|p1a: Luka Doncic|Thunder Wave|p2a: Gliscor\n|-immune|p2a: Gliscor\n|\n|-heal|p1a: Luka Doncic|50\/100|[from] item: Leftovers\n|-status|p2a: Gliscor|tox|[from] item: Toxic Orb\n|upkeep\n|turn|4\n|\n|t:|1638570377\n|move|p2a: Gliscor|Earthquake|p1a: Luka Doncic\n|-damage|p1a: Luka Doncic|22\/100\n|move|p1a: Luka Doncic|Seismic Toss|p2a: Gliscor\n|-damage|p2a: Gliscor|60\/100 tox\n|\n|-heal|p1a: Luka Doncic|28\/100|[from] item: Leftovers\n|-heal|p2a: Gliscor|72\/100 tox|[from] ability: Poison Heal\n|upkeep\n|turn|5\n|\n|t:|1638570391\n|move|p2a: Gliscor|Earthquake|p1a: Luka Doncic\n|-damage|p1a: Luka Doncic|0 fnt\n|faint|p1a: Luka Doncic\n|\n|-heal|p2a: Gliscor|85\/100 tox|[from] ability: Poison Heal\n|upkeep\n|\n|t:|1638570396\n|switch|p1a: NidoKang|Nidoking, M, shiny|100\/100\n|turn|6\n|\n|t:|1638570401\n|switch|p2a: Scizor|Scizor, M|100\/100\n|-damage|p2a: Scizor|88\/100|[from] Stealth Rock\n|move|p1a: NidoKang|Ice Beam|p2a: Scizor\n|-resisted|p2a: Scizor\n|-damage|p2a: Scizor|71\/100\n|\n|-heal|p2a: Scizor|77\/100|[from] item: Leftovers\n|upkeep\n|turn|7\n|\n|t:|1638570414\n|move|p1a: NidoKang|Flamethrower|p2a: Scizor\n|-supereffective|p2a: Scizor\n|-damage|p2a: Scizor|0 fnt\n|faint|p2a: Scizor\n|\n|upkeep\n|\n|t:|1638570423\n|switch|p2a: Breloom|Breloom, F|100\/100\n|-damage|p2a: Breloom|94\/100|[from] Stealth Rock\n|turn|8\n|\n|t:|1638570431\n|move|p2a: Breloom|Spore|p1a: NidoKang\n|-status|p1a: NidoKang|slp|[from] move: Spore\n|cant|p1a: NidoKang|slp\n|\n|upkeep\n|turn|9\n|\n|t:|1638570447\n|switch|p2a: Exploud|Exploud, F|100\/100\n|-damage|p2a: Exploud|88\/100|[from] Stealth Rock\n|cant|p1a: NidoKang|slp\n|\n|upkeep\n|turn|10\n|\n|t:|1638570471\n|cant|p1a: NidoKang|slp\n|move|p2a: Exploud|Boomburst|p1a: NidoKang\n|-damage|p1a: NidoKang|0 fnt\n|faint|p1a: NidoKang\n|\n|upkeep\n|inactive|Ash_golphin has 120 seconds left.\n|\n|t:|1638570488\n|switch|p1a: AuraFocus|Lucario, M, shiny|100\/100\n|turn|11\n|\n|t:|1638570515\n|switch|p2a: Gliscor|Gliscor, F|85\/100 tox\n|-damage|p2a: Gliscor|72\/100 tox|[from] Stealth Rock\n|move|p1a: AuraFocus|Close Combat|p2a: Gliscor\n|-resisted|p2a: Gliscor\n|-damage|p2a: Gliscor|55\/100 tox\n|-unboost|p1a: AuraFocus|def|1\n|-unboost|p1a: AuraFocus|spd|1\n|-damage|p1a: AuraFocus|91\/100|[from] item: Life Orb\n|\n|-heal|p2a: Gliscor|67\/100 tox|[from] ability: Poison Heal\n|upkeep\n|turn|12\n|\n|t:|1638570527\n|switch|p1a: SSJ Blue|Salamence, F|100\/100\n|move|p2a: Gliscor|Defog|p1a: SSJ Blue\n|-unboost|p1a: SSJ Blue|evasion|1\n|-sideend|p2: stopthreat|Stealth Rock|[from] move: Defog|[of] p2a: Gliscor\n|\n|-heal|p2a: Gliscor|80\/100 tox|[from] ability: Poison Heal\n|upkeep\n|turn|13\n|\n|t:|1638570538\n|move|p1a: SSJ Blue|Outrage|p2a: Gliscor\n|-damage|p2a: Gliscor|38\/100 tox\n|move|p2a: Gliscor|Ice Fang|p1a: SSJ Blue\n|-supereffective|p1a: SSJ Blue\n|-damage|p1a: SSJ Blue|33\/100\n|\n|-heal|p2a: Gliscor|50\/100 tox|[from] ability: Poison Heal\n|upkeep\n|turn|14\n|\n|t:|1638570546\n|move|p1a: SSJ Blue|Outrage|p2a: Gliscor|[from]lockedmove\n|-crit|p2a: Gliscor\n|-damage|p2a: Gliscor|0 fnt\n|faint|p2a: Gliscor\n|-ability|p1a: SSJ Blue|Moxie|boost\n|-boost|p1a: SSJ Blue|atk|1\n|-start|p1a: SSJ Blue|confusion|[fatigue]\n|\n|upkeep\n|\n|t:|1638570554\n|switch|p2a: Breloom|Breloom, F|94\/100\n|turn|15\n|\n|t:|1638570570\n|-activate|p1a: SSJ Blue|confusion\n|move|p1a: SSJ Blue|Outrage|p2a: Breloom\n|-damage|p2a: Breloom|0 fnt\n|faint|p2a: Breloom\n|-ability|p1a: SSJ Blue|Moxie|boost\n|-boost|p1a: SSJ Blue|atk|1\n|\n|upkeep\n|inactive|stopthreat has 120 seconds left.\n|\n|t:|1638570627\n|switch|p2a: Feraligatr|Feraligatr, M|100\/100\n|turn|16\n|\n|t:|1638570632\n|-activate|p1a: SSJ Blue|confusion\n|move|p1a: SSJ Blue|Outrage|p2a: Feraligatr|[from]lockedmove\n|-damage|p2a: Feraligatr|0 fnt\n|faint|p2a: Feraligatr\n|-ability|p1a: SSJ Blue|Moxie|boost\n|-boost|p1a: SSJ Blue|atk|1\n|\n|upkeep\n|-message|stopthreat forfeited.\n|\n|win|Ash_golphin\n|raw|Ash_golphin's rating: 1188 &rarr; <strong>1213<\/strong><br \/>(+25 for winning)\n|raw|stopthreat's rating: 1185 &rarr; <strong>1160<\/strong><br \/>(-25 for losing)\n|l|\u2606stopthreat\n","uploadtime":1638570648,"views":17,"p1id":"ashgolphin","p2id":"stopthreat","formatid":"gen8bdspou","rating":1160,"private":0,"password":null}