{"id":"gen8ou-1697721089","p1":"Shinjou Akane","p2":"PU Ribumbea","format":"gen8ou","log":"|j|\u2606Shinjou Akane\n|j|\u2606PU Ribumbea\n|t:|1667032287\n|gametype|singles\n|player|p1|Shinjou Akane|elesa-gen5bw2|1475\n|player|p2|PU Ribumbea|morty-masters|1538\n|teamsize|p1|6\n|teamsize|p2|6\n|gen|8\n|tier|[Gen 8] OU\n|rated|\n|rule|Sleep Clause Mod: Limit one foe put to sleep\n|rule|Species Clause: Limit one of each Pok\u00e9mon\n|rule|OHKO Clause: OHKO moves are banned\n|rule|Evasion Items Clause: Evasion items are banned\n|rule|Evasion Moves Clause: Evasion moves are banned\n|rule|Endless Battle Clause: Forcing endless battles is banned\n|rule|HP Percentage Mod: HP is shown in percentages\n|rule|Dynamax Clause: You cannot dynamax\n|clearpoke\n|poke|p1|Klefki, F|\n|poke|p1|Nidoking, M|\n|poke|p1|Urshifu-*, M|\n|poke|p1|Kartana|\n|poke|p1|Tapu Fini|\n|poke|p1|Landorus-Therian, M|\n|poke|p2|Torkoal, M|\n|poke|p2|Venusaur, M|\n|poke|p2|Blaziken, F|\n|poke|p2|Victini|\n|poke|p2|Zeraora|\n|poke|p2|Landorus-Therian, M|\n|teampreview\n|\n|t:|1667032300\n|start\n|switch|p1a: Landorus|Landorus-Therian, M|100\/100\n|switch|p2a: Zeraora|Zeraora|100\/100\n|-ability|p1a: Landorus|Intimidate|boost\n|-unboost|p2a: Zeraora|atk|1\n|turn|1\n|\n|t:|1667032308\n|move|p2a: Zeraora|Knock Off|p1a: Landorus\n|-damage|p1a: Landorus|82\/100\n|-damage|p2a: Zeraora|84\/100|[from] item: Rocky Helmet|[of] p1a: Landorus\n|-enditem|p1a: Landorus|Rocky Helmet|[from] move: Knock Off|[of] p2a: Zeraora\n|move|p1a: Landorus|Stealth Rock|p2a: Zeraora\n|-sidestart|p2: PU Ribumbea|move: Stealth Rock\n|\n|upkeep\n|turn|2\n|\n|t:|1667032318\n|switch|p2a: Landorus|Landorus-Therian, M|100\/100\n|-damage|p2a: Landorus|88\/100|[from] Stealth Rock\n|-ability|p2a: Landorus|Intimidate|boost\n|-unboost|p1a: Landorus|atk|1\n|move|p1a: Landorus|U-turn|p2a: Landorus\n|-resisted|p2a: Landorus\n|-damage|p2a: Landorus|81\/100\n|\n|t:|1667032324\n|switch|p1a: Nidoking|Nidoking, M|100\/100|[from]move: U-turn\n|\n|-heal|p2a: Landorus|87\/100|[from] item: Leftovers\n|upkeep\n|turn|3\n|\n|t:|1667032332\n|move|p1a: Nidoking|Ice Beam|p2a: Landorus\n|-supereffective|p2a: Landorus\n|-damage|p2a: Landorus|0 fnt\n|faint|p2a: Landorus\n|\n|upkeep\n|\n|t:|1667032341\n|switch|p2a: Torkoal|Torkoal, M|100\/100\n|-damage|p2a: Torkoal|76\/100|[from] Stealth Rock\n|-weather|SunnyDay|[from] ability: Drought|[of] p2a: Torkoal\n|turn|4\n|\n|t:|1667032348\n|move|p1a: Nidoking|Sludge Wave|p2a: Torkoal\n|-damage|p2a: Torkoal|0 fnt\n|faint|p2a: Torkoal\n|\n|-weather|SunnyDay|[upkeep]\n|upkeep\n|\n|t:|1667032356\n|switch|p2a: Blaziken|Blaziken, F|100\/100\n|-damage|p2a: Blaziken|88\/100|[from] Stealth Rock\n|-item|p2a: Blaziken|Air Balloon\n|turn|5\n|\n|t:|1667032361\n|move|p1a: Nidoking|Sludge Wave|p2a: Blaziken\n|-damage|p2a: Blaziken|0 fnt\n|-enditem|p2a: Blaziken|Air Balloon\n|faint|p2a: Blaziken\n|\n|-weather|SunnyDay|[upkeep]\n|upkeep\n|-message|PU Ribumbea forfeited.\n|\n|win|Shinjou Akane\n|raw|Shinjou Akane's rating: 1475 &rarr; <strong>1499<\/strong><br \/>(+24 for winning)\n|raw|PU Ribumbea's rating: 1538 &rarr; <strong>1514<\/strong><br \/>(-24 for losing)\n|l|\u2606PU Ribumbea\n","uploadtime":1667032373,"views":8,"p1id":"shinjouakane","p2id":"puribumbea","formatid":"gen8ou","rating":1499,"private":0,"password":null}