{"id":"gen8nationaldex-1653190103","p1":"chansey and lulu","p2":"lhj20070802","format":"gen8nationaldex","log":"|j|\u2606chansey and lulu\n|j|\u2606lhj20070802\n|t:|1661997833\n|gametype|singles\n|player|p1|chansey and lulu|hooligans|\n|player|p2|lhj20070802|cynthia-gen4|\n|teamsize|p1|6\n|teamsize|p2|6\n|gen|8\n|tier|[Gen 8] National Dex\n|rule|HP Percentage Mod: HP is shown in percentages\n|rule|Endless Battle Clause: Forcing endless battles is banned\n|rule|OHKO Clause: OHKO moves are banned\n|rule|Evasion Moves Clause: Evasion moves are banned\n|rule|Species Clause: Limit one of each Pok\u00e9mon\n|rule|Dynamax Clause: You cannot dynamax\n|rule|Sleep Clause Mod: Limit one foe put to sleep\n|clearpoke\n|poke|p1|Weavile, F|\n|poke|p1|Toxapex, F|\n|poke|p1|Heatran, F|\n|poke|p1|Gliscor, M|\n|poke|p1|Zapdos|\n|poke|p1|Lopunny, F|\n|poke|p2|Charizard, F|\n|poke|p2|Melmetal|\n|poke|p2|Nidoking, M|\n|poke|p2|Kartana|\n|poke|p2|Tapu Fini|\n|poke|p2|Landorus-Therian, M|\n|teampreview\n|inactive|Battle timer is ON: inactive players will automatically lose when time's up. (requested by lhj20070802)\n|\n|t:|1661997859\n|start\n|switch|p1a: Zapdos|Zapdos|100\/100\n|switch|p2a: Landorus|Landorus-Therian, M|100\/100\n|-ability|p2a: Landorus|Intimidate|boost\n|-unboost|p1a: Zapdos|atk|1\n|turn|1\n|\n|t:|1661997866\n|move|p2a: Landorus|Stone Edge|p1a: Zapdos|[miss]\n|-miss|p2a: Landorus|p1a: Zapdos\n|-zpower|p1a: Zapdos\n|move|p1a: Zapdos|Supersonic Skystrike|p2a: Landorus|[zeffect]\n|-damage|p2a: Landorus|0 fnt\n|faint|p2a: Landorus\n|\n|upkeep\n|\n|t:|1661997874\n|switch|p2a: Melmetal|Melmetal|100\/100\n|turn|2\n|\n|t:|1661997878\n|move|p1a: Zapdos|Volt Switch|p2a: Melmetal\n|-damage|p2a: Melmetal|75\/100\n|\n|t:|1661997882\n|switch|p1a: Toxapex|Toxapex, F|100\/100|[from]move: Volt Switch\n|move|p2a: Melmetal|Ice Punch|p1a: Toxapex\n|-resisted|p1a: Toxapex\n|-damage|p1a: Toxapex|88\/100\n|\n|-heal|p1a: Toxapex|94\/100|[from] item: Black Sludge\n|upkeep\n|turn|3\n|\n|t:|1661997890\n|move|p2a: Melmetal|Thunder Punch|p1a: Toxapex\n|-supereffective|p1a: Toxapex\n|-damage|p1a: Toxapex|47\/100\n|move|p1a: Toxapex|Knock Off|p2a: Melmetal\n|-damage|p2a: Melmetal|66\/100\n|-enditem|p2a: Melmetal|Assault Vest|[from] move: Knock Off|[of] p1a: Toxapex\n|\n|-heal|p1a: Toxapex|53\/100|[from] item: Black Sludge\n|upkeep\n|turn|4\n|\n|t:|1661997899\n|move|p2a: Melmetal|Earthquake|p1a: Toxapex\n|-supereffective|p1a: Toxapex\n|-damage|p1a: Toxapex|0 fnt\n|faint|p1a: Toxapex\n|\n|upkeep\n|\n|t:|1661997904\n|switch|p1a: Heatran|Heatran, F|100\/100\n|turn|5\n|\n|t:|1661997908\n|move|p1a: Heatran|Magma Storm|p2a: Melmetal\n|-supereffective|p2a: Melmetal\n|-damage|p2a: Melmetal|0 fnt\n|faint|p2a: Melmetal\n|\n|upkeep\n|\n|t:|1661997911\n|switch|p2a: Nidoking|Nidoking, M|100\/100\n|turn|6\n|\n|t:|1661997924\n|move|p2a: Nidoking|Ice Beam|p1a: Heatran\n|-resisted|p1a: Heatran\n|-damage|p1a: Heatran|93\/100\n|move|p1a: Heatran|Stealth Rock|p2a: Nidoking\n|-sidestart|p2: lhj20070802|move: Stealth Rock\n|\n|-heal|p1a: Heatran|99\/100|[from] item: Leftovers\n|upkeep\n|turn|7\n|\n|t:|1661997933\n|move|p2a: Nidoking|Earth Power|p1a: Heatran\n|-supereffective|p1a: Heatran\n|-damage|p1a: Heatran|0 fnt\n|faint|p1a: Heatran\n|\n|upkeep\n|\n|t:|1661997938\n|switch|p1a: Weavile|Weavile, F|100\/100\n|-ability|p1a: Weavile|Pressure\n|turn|8\n|\n|t:|1661997944\n|switch|p2a: Tapu Fini|Tapu Fini|100\/100\n|-damage|p2a: Tapu Fini|88\/100|[from] Stealth Rock\n|-fieldstart|move: Misty Terrain|[from] ability: Misty Surge|[of] p2a: Tapu Fini\n|move|p1a: Weavile|Knock Off|p2a: Tapu Fini\n|-resisted|p2a: Tapu Fini\n|-damage|p2a: Tapu Fini|55\/100\n|-enditem|p2a: Tapu Fini|Leftovers|[from] move: Knock Off|[of] p1a: Weavile\n|\n|upkeep\n|turn|9\n|\n|t:|1661997953\n|switch|p1a: Zapdos|Zapdos|100\/100\n|move|p2a: Tapu Fini|Defog|p1a: Zapdos\n|-unboost|p1a: Zapdos|evasion|1\n|-sideend|p2: lhj20070802|Stealth Rock|[from] move: Defog|[of] p2a: Tapu Fini\n|-fieldend|Misty Terrain\n|\n|upkeep\n|turn|10\n|\n|t:|1661997960\n|move|p2a: Tapu Fini|Moonblast|p1a: Zapdos\n|-damage|p1a: Zapdos|69\/100\n|move|p1a: Zapdos|Volt Switch|p2a: Tapu Fini\n|-supereffective|p2a: Tapu Fini\n|-damage|p2a: Tapu Fini|0 fnt\n|faint|p2a: Tapu Fini\n|\n|t:|1661997969\n|switch|p1a: Gliscor|Gliscor, M|100\/100|[from]move: Volt Switch\n|\n|-status|p1a: Gliscor|tox|[from] item: Toxic Orb\n|upkeep\n|\n|t:|1661997974\n|switch|p2a: Nidoking|Nidoking, M|100\/100\n|turn|11\n|\n|t:|1661997990\n|switch|p1a: Zapdos|Zapdos|69\/100\n|move|p2a: Nidoking|Flamethrower|p1a: Zapdos\n|-damage|p1a: Zapdos|24\/100\n|\n|upkeep\n|turn|12\n|\n|t:|1661997996\n|move|p2a: Nidoking|Ice Beam|p1a: Zapdos\n|-supereffective|p1a: Zapdos\n|-damage|p1a: Zapdos|0 fnt\n|faint|p1a: Zapdos\n|\n|upkeep\n|\n|t:|1661998001\n|switch|p1a: Weavile|Weavile, F|100\/100\n|-ability|p1a: Weavile|Pressure\n|turn|13\n|\n|t:|1661998005\n|switch|p2a: Kartana|Kartana, shiny|100\/100\n|move|p1a: Weavile|Triple Axel|p2a: Kartana\n|-damage|p2a: Kartana|85\/100\n|-damage|p2a: Kartana|53\/100\n|-damage|p2a: Kartana|7\/100\n|-hitcount|p2a: Kartana|3\n|\n|upkeep\n|turn|14\n|\n|t:|1661998013\n|switch|p1a: Gliscor|Gliscor, M|100\/100 tox\n|move|p2a: Kartana|Leaf Blade|p1a: Gliscor\n|-damage|p1a: Gliscor|48\/100 tox\n|\n|-heal|p1a: Gliscor|61\/100 tox|[from] ability: Poison Heal\n|upkeep\n|turn|15\n|\n|t:|1661998022\n|switch|p2a: Charizard|Charizard, F|100\/100\n|move|p1a: Gliscor|U-turn|p2a: Charizard\n|-resisted|p2a: Charizard\n|-damage|p2a: Charizard|95\/100\n|\n|t:|1661998029\n|switch|p1a: Weavile|Weavile, F|100\/100|[from]move: U-turn\n|-ability|p1a: Weavile|Pressure\n|\n|upkeep\n|turn|16\n|\n|t:|1661998035\n|detailschange|p2a: Charizard|Charizard-Mega-X, F\n|-mega|p2a: Charizard|Charizard|Charizardite X\n|move|p1a: Weavile|Triple Axel|p2a: Charizard\n|-damage|p2a: Charizard|80\/100\n|-hitcount|p2a: Charizard|1\n|move|p2a: Charizard|Flare Blitz|p1a: Weavile\n|-supereffective|p1a: Weavile\n|-damage|p1a: Weavile|0 fnt\n|faint|p1a: Weavile\n|-damage|p2a: Charizard|48\/100|[from] Recoil\n|\n|upkeep\n|\n|t:|1661998054\n|switch|p1a: Gliscor|Gliscor, M|61\/100 tox\n|turn|17\n|\n|t:|1661998057\n|move|p2a: Charizard|Flare Blitz|p1a: Gliscor\n|-damage|p1a: Gliscor|0 fnt\n|faint|p1a: Gliscor\n|-damage|p2a: Charizard|25\/100|[from] Recoil\n|\n|upkeep\n|\n|t:|1661998062\n|switch|p1a: Lopunny|Lopunny, F|100\/100\n|turn|18\n|\n|t:|1661998068\n|detailschange|p1a: Lopunny|Lopunny-Mega, F\n|-mega|p1a: Lopunny|Lopunny|Lopunnite\n|move|p1a: Lopunny|Return|p2a: Charizard\n|-damage|p2a: Charizard|0 fnt\n|faint|p2a: Charizard\n|\n|upkeep\n|\n|t:|1661998072\n|switch|p2a: Kartana|Kartana, shiny|7\/100\n|turn|19\n|\n|t:|1661998076\n|move|p2a: Kartana|Sacred Sword|p1a: Lopunny\n|-supereffective|p1a: Lopunny\n|-damage|p1a: Lopunny|0 fnt\n|faint|p1a: Lopunny\n|\n|win|lhj20070802\n|l|\u2606chansey and lulu\n","uploadtime":1661998096,"views":6,"p1id":"chanseyandlulu","p2id":"lhj20070802","formatid":"gen8nationaldex","rating":0,"private":0,"password":null}