{"id":"gen8ou-1648050697","p1":"tolstoy","p2":"LT94JE DS","format":"gen8ou","log":"|raw|<div class=\"broadcast-blue\"><strong>This battle is required to be public due to a player having a name starting with 'lt94je'.<\/div>\n|j|\u2606tolstoy\n|j|\u2606LT94JE DS\n|t:|1661446631\n|gametype|singles\n|player|p1|tolstoy|ethan|1879\n|player|p2|LT94JE DS|lucas|1893\n|teamsize|p1|6\n|teamsize|p2|6\n|gen|8\n|tier|[Gen 8] OU\n|rated|\n|rule|Sleep Clause Mod: Limit one foe put to sleep\n|rule|Species Clause: Limit one of each Pok\u00e9mon\n|rule|OHKO Clause: OHKO moves are banned\n|rule|Evasion Items Clause: Evasion items are banned\n|rule|Evasion Moves Clause: Evasion moves are banned\n|rule|Endless Battle Clause: Forcing endless battles is banned\n|rule|HP Percentage Mod: HP is shown in percentages\n|rule|Dynamax Clause: You cannot dynamax\n|clearpoke\n|poke|p1|Aurorus, F|\n|poke|p1|Ninetales-Alola, M|\n|poke|p1|Arctovish|\n|poke|p1|Arctozolt|\n|poke|p1|Landorus-Therian, M|\n|poke|p1|Volcarona, F|\n|poke|p2|Dragapult, M|\n|poke|p2|Tapu Fini|\n|poke|p2|Blacephalon|\n|poke|p2|Tapu Lele|\n|poke|p2|Landorus-Therian, M|\n|poke|p2|Melmetal|\n|teampreview\n|inactive|Battle timer is ON: inactive players will automatically lose when time's up. (requested by tolstoy)\n|j| shaqfrombasketball\n|j| wish kisser\n|j| LT91BB Livio\n|j| ErnstBusch\n|j| 7Romain7\n|inactive|LT94JE DS has 120 seconds left.\n|j| LT94JE Herv\n|inactive|LT94JE DS has 90 seconds left.\n|j| LT94JenPlsComeBack\n|j| Mr ZAPALLOMAN\n|j| Baeckeoffe\n|\n|t:|1661446725\n|start\n|switch|p1a: THE MAGIC DRAGON|Aurorus, F|100\/100\n|switch|p2a: Melmetal|Melmetal|100\/100\n|-weather|Hail|[from] ability: Snow Warning|[of] p1a: THE MAGIC DRAGON\n|turn|1\n|l| Mr ZAPALLOMAN\n|\n|t:|1661446732\n|move|p1a: THE MAGIC DRAGON|Earth Power|p2a: Melmetal\n|-supereffective|p2a: Melmetal\n|-damage|p2a: Melmetal|49\/100\n|move|p2a: Melmetal|Double Iron Bash|p1a: THE MAGIC DRAGON\n|-supereffective|p1a: THE MAGIC DRAGON\n|-damage|p1a: THE MAGIC DRAGON|0 fnt\n|faint|p1a: THE MAGIC DRAGON\n|-hitcount|p1: THE MAGIC DRAGON|1\n|\n|-weather|Hail|[upkeep]\n|-damage|p2a: Melmetal|43\/100|[from] Hail\n|-heal|p2a: Melmetal|49\/100|[from] item: Leftovers\n|upkeep\n|j| jey2\n|\n|t:|1661446737\n|switch|p1a: KNEE SLAPPER|Arctovish|100\/100\n|turn|2\n|j| Mr ZAPALLOMAN\n|l| Mr ZAPALLOMAN\n|l| jey2\n|inactive|LT94JE DS has 120 seconds left.\n|\n|t:|1661446790\n|switch|p2a: Tapu Fini|Tapu Fini|100\/100\n|-fieldstart|move: Misty Terrain|[from] ability: Misty Surge|[of] p2a: Tapu Fini\n|move|p1a: KNEE SLAPPER|Fishious Rend|p2a: Tapu Fini\n|-resisted|p2a: Tapu Fini\n|-damage|p2a: Tapu Fini|65\/100\n|\n|-weather|Hail|[upkeep]\n|-damage|p2a: Tapu Fini|59\/100|[from] Hail\n|-heal|p2a: Tapu Fini|65\/100|[from] item: Leftovers\n|upkeep\n|turn|3\n|j| inv solak plz\n|inactive|LT94JE DS has 90 seconds left.\n|\n|t:|1661446810\n|move|p1a: KNEE SLAPPER|Fishious Rend|p2a: Tapu Fini\n|-resisted|p2a: Tapu Fini\n|-damage|p2a: Tapu Fini|24\/100\n|move|p2a: Tapu Fini|Nature's Madness|p1a: KNEE SLAPPER\n|-damage|p1a: KNEE SLAPPER|51\/100\n|\n|-weather|Hail|[upkeep]\n|-damage|p2a: Tapu Fini|18\/100|[from] Hail\n|-heal|p2a: Tapu Fini|24\/100|[from] item: Leftovers\n|upkeep\n|turn|4\n|l| inv solak plz\n|\n|t:|1661446817\n|move|p1a: KNEE SLAPPER|Fishious Rend|p2a: Tapu Fini\n|-resisted|p2a: Tapu Fini\n|-damage|p2a: Tapu Fini|0 fnt\n|faint|p2a: Tapu Fini\n|\n|-weather|Hail|[upkeep]\n|upkeep\n|\n|t:|1661446831\n|switch|p2a: Dragapult|Dragapult, M|100\/100\n|turn|5\n|\n|t:|1661446834\n|switch|p1a: GILBERT GOTTFRIED|Landorus-Therian, M|100\/100\n|-ability|p1a: GILBERT GOTTFRIED|Intimidate|boost\n|-unboost|p2a: Dragapult|atk|1\n|move|p2a: Dragapult|Shadow Ball|p1a: GILBERT GOTTFRIED\n|-damage|p1a: GILBERT GOTTFRIED|61\/100\n|\n|-weather|Hail|[upkeep]\n|-damage|p2a: Dragapult|95\/100|[from] Hail\n|-damage|p1a: GILBERT GOTTFRIED|55\/100|[from] Hail\n|-heal|p1a: GILBERT GOTTFRIED|61\/100|[from] item: Leftovers\n|upkeep\n|turn|6\n|\n|t:|1661446840\n|move|p2a: Dragapult|Shadow Ball|p1a: GILBERT GOTTFRIED\n|-damage|p1a: GILBERT GOTTFRIED|16\/100\n|move|p1a: GILBERT GOTTFRIED|U-turn|p2a: Dragapult\n|-resisted|p2a: Dragapult\n|-damage|p2a: Dragapult|78\/100\n|\n|t:|1661446843\n|switch|p1a: KENDRICK LAMAR|Arctozolt|100\/100|[from]move: U-turn\n|\n|-weather|Hail|[upkeep]\n|-damage|p2a: Dragapult|72\/100|[from] Hail\n|-fieldend|Misty Terrain\n|upkeep\n|turn|7\n|inactive|LT94JE DS has 120 seconds left.\n|\n|t:|1661446850\n|switch|p2a: Melmetal|Melmetal|49\/100\n|move|p1a: KENDRICK LAMAR|Bolt Beak|p2a: Melmetal\n|-damage|p2a: Melmetal|8\/100\n|\n|-weather|Hail|[upkeep]\n|-damage|p2a: Melmetal|1\/100|[from] Hail\n|-heal|p2a: Melmetal|8\/100|[from] item: Leftovers\n|upkeep\n|turn|8\n|\n|t:|1661446858\n|move|p1a: KENDRICK LAMAR|Blizzard|p2a: Melmetal\n|-resisted|p2a: Melmetal\n|-damage|p2a: Melmetal|0 fnt\n|faint|p2a: Melmetal\n|\n|-weather|none\n|upkeep\n|inactive|LT94JE DS has 120 seconds left.\n|l| LT94JE Herv\n|\n|t:|1661446871\n|switch|p2a: Blacephalon|Blacephalon|100\/100\n|turn|9\n|inactive|tolstoy has 120 seconds left.\n|\n|t:|1661446929\n|switch|p1a: GILBERT GOTTFRIED|Landorus-Therian, M|16\/100\n|-ability|p1a: GILBERT GOTTFRIED|Intimidate|boost\n|-unboost|p2a: Blacephalon|atk|1\n|move|p2a: Blacephalon|Flamethrower|p1a: GILBERT GOTTFRIED\n|-crit|p1a: GILBERT GOTTFRIED\n|-damage|p1a: GILBERT GOTTFRIED|0 fnt\n|faint|p1a: GILBERT GOTTFRIED\n|-ability|p2a: Blacephalon|Beast Boost|boost\n|-boost|p2a: Blacephalon|spa|1\n|\n|upkeep\n|\n|t:|1661446935\n|switch|p1a: SUSAN BOYLE|Volcarona, F|100\/100\n|turn|10\n|\n|t:|1661446939\n|move|p2a: Blacephalon|Flamethrower|p1a: SUSAN BOYLE\n|-damage|p1a: SUSAN BOYLE|0 fnt\n|faint|p1a: SUSAN BOYLE\n|-ability|p2a: Blacephalon|Beast Boost|boost\n|-boost|p2a: Blacephalon|spa|1\n|\n|upkeep\n|\n|t:|1661446943\n|switch|p1a: WEEB FANTASY|Ninetales-Alola, M, shiny|100\/100\n|-weather|Hail|[from] ability: Snow Warning|[of] p1a: WEEB FANTASY\n|turn|11\n|\n|t:|1661446946\n|switch|p1a: KNEE SLAPPER|Arctovish|51\/100\n|move|p2a: Blacephalon|Flamethrower|p1a: KNEE SLAPPER\n|-damage|p1a: KNEE SLAPPER|0 fnt\n|faint|p1a: KNEE SLAPPER\n|-ability|p2a: Blacephalon|Beast Boost|boost\n|-boost|p2a: Blacephalon|spa|1\n|\n|-weather|Hail|[upkeep]\n|-damage|p2a: Blacephalon|94\/100|[from] Hail\n|upkeep\n|\n|t:|1661446948\n|switch|p1a: KENDRICK LAMAR|Arctozolt|100\/100\n|turn|12\n|l| Baeckeoffe\n|\n|t:|1661446954\n|switch|p2a: Landorus|Landorus-Therian, M|100\/100\n|-ability|p2a: Landorus|Intimidate|boost\n|-unboost|p1a: KENDRICK LAMAR|atk|1\n|move|p1a: KENDRICK LAMAR|Bolt Beak|p2a: Landorus\n|-immune|p2a: Landorus\n|\n|-weather|Hail|[upkeep]\n|-damage|p2a: Landorus|94\/100|[from] Hail\n|-heal|p2a: Landorus|100\/100|[from] item: Leftovers\n|upkeep\n|turn|13\n|\n|t:|1661446956\n|move|p1a: KENDRICK LAMAR|Blizzard|p2a: Landorus\n|-supereffective|p2a: Landorus\n|-damage|p2a: Landorus|0 fnt\n|faint|p2a: Landorus\n|\n|-weather|Hail|[upkeep]\n|upkeep\n|j| aqbad u amel\n|inactive|LT94JE DS has 120 seconds left.\n|\n|t:|1661446995\n|switch|p2a: Tapu Lele|Tapu Lele|100\/100\n|-fieldstart|move: Psychic Terrain|[from] ability: Psychic Surge|[of] p2a: Tapu Lele\n|turn|14\n|\n|t:|1661446999\n|switch|p1a: WEEB FANTASY|Ninetales-Alola, M, shiny|100\/100\n|move|p2a: Tapu Lele|Psychic|p1a: WEEB FANTASY\n|-damage|p1a: WEEB FANTASY|46\/100\n|\n|-weather|Hail|[upkeep]\n|-damage|p2a: Tapu Lele|94\/100|[from] Hail\n|upkeep\n|turn|15\n|j| oophyte\n|inactive|LT94JE DS has 120 seconds left.\n|inactive|tolstoy has 120 seconds left.\n|inactive|tolstoy has 90 seconds left.\n|inactive|tolstoy has 60 seconds left.\n|\n|t:|1661447102\n|move|p2a: Tapu Lele|Psychic|p1a: WEEB FANTASY\n|-damage|p1a: WEEB FANTASY|0 fnt\n|faint|p1a: WEEB FANTASY\n|\n|-weather|Hail|[upkeep]\n|-damage|p2a: Tapu Lele|88\/100|[from] Hail\n|upkeep\n|\n|t:|1661447103\n|switch|p1a: KENDRICK LAMAR|Arctozolt|100\/100\n|turn|16\n|\n|t:|1661447123\n|move|p2a: Tapu Lele|Psychic|p1a: KENDRICK LAMAR\n|-damage|p1a: KENDRICK LAMAR|8\/100\n|move|p1a: KENDRICK LAMAR|Bolt Beak|p2a: Tapu Lele\n|-damage|p2a: Tapu Lele|30\/100\n|\n|-weather|Hail|[upkeep]\n|-damage|p2a: Tapu Lele|24\/100|[from] Hail\n|upkeep\n|turn|17\n|j| CutePokesOnly\n|l| oophyte\n|-message|tolstoy forfeited.\n|\n|win|LT94JE DS\n|raw|tolstoy's rating: 1879 &rarr; <strong>1860<\/strong><br \/>(-19 for losing)\n|raw|LT94JE DS's rating: 1893 &rarr; <strong>1912<\/strong><br \/>(+19 for winning)\n|l|\u2606tolstoy\n|l| shaqfrombasketball\n|l| wish kisser\n|l|\u2606LT94JE DS\n||Ladder isn't responding, score probably updated but might not have (Request timeout).\n|l| LT94JenPlsComeBack\n|l| CutePokesOnly\n|l| ErnstBusch\n|n| LT91BB Livio@!|lt91bblivio\n","uploadtime":1661450725,"views":71,"p1id":"tolstoy","p2id":"lt94jeds","formatid":"gen8ou","rating":1860,"private":0,"password":null}