{"id":"gen8bdspou-1458559505","p1":"Nintendeli \u262d","p2":"cows123p","format":"gen8bdspou","log":"|j|\u2606Nintendeli \u262d\n|j|\u2606cows123p\n|t:|1637539051\n|gametype|singles\n|player|p1|Nintendeli \u262d|ltsurge|1118\n|player|p2|cows123p|169|1080\n|teamsize|p1|6\n|teamsize|p2|6\n|gen|8\n|tier|[Gen 8 BDSP] OU\n|rated|\n|rule|Sleep Clause Mod: Limit one foe put to sleep\n|rule|Species Clause: Limit one of each Pok\u00e9mon\n|rule|OHKO Clause: OHKO moves are banned\n|rule|Evasion Moves Clause: Evasion moves are banned\n|rule|Endless Battle Clause: Forcing endless battles is banned\n|rule|HP Percentage Mod: HP is shown in percentages\n|clearpoke\n|poke|p1|Honchkrow, M|\n|poke|p1|Empoleon, M|\n|poke|p1|Latios, M|\n|poke|p1|Ambipom, M|\n|poke|p1|Dragonite, M|\n|poke|p1|Azumarill, F|\n|poke|p2|Breloom, M|\n|poke|p2|Staraptor, M|\n|poke|p2|Magnezone|\n|poke|p2|Mamoswine, M|\n|poke|p2|Alakazam, F|\n|poke|p2|Arcanine, M|\n|teampreview\n|inactive|Battle timer is ON: inactive players will automatically lose when time's up. (requested by cows123p)\n|\n|t:|1637539076\n|start\n|switch|p1a: Ambipom|Ambipom, M|100\/100\n|switch|p2a: Arcanine|Arcanine, M|100\/100\n|-ability|p2a: Arcanine|Intimidate|boost\n|-unboost|p1a: Ambipom|atk|1\n|turn|1\n|\n|t:|1637539087\n|move|p1a: Ambipom|Fake Out|p2a: Arcanine\n|-damage|p2a: Arcanine|83\/100\n|cant|p2a: Arcanine|flinch\n|\n|-heal|p2a: Arcanine|90\/100|[from] item: Leftovers\n|upkeep\n|turn|2\n|\n|t:|1637539093\n|move|p1a: Ambipom|U-turn|p2a: Arcanine\n|-resisted|p2a: Arcanine\n|-damage|p2a: Arcanine|84\/100\n|\n|t:|1637539097\n|switch|p1a: Empoleon|Empoleon, M|100\/100|[from]move: U-turn\n|move|p2a: Arcanine|Will-O-Wisp|p1a: Empoleon|[miss]\n|-miss|p2a: Arcanine|p1a: Empoleon\n|\n|-heal|p2a: Arcanine|91\/100|[from] item: Leftovers\n|upkeep\n|turn|3\n|\n|t:|1637539109\n|move|p2a: Arcanine|Will-O-Wisp|p1a: Empoleon\n|-status|p1a: Empoleon|brn\n|move|p1a: Empoleon|Scald|p2a: Arcanine\n|-supereffective|p2a: Arcanine\n|-crit|p2a: Arcanine\n|-damage|p2a: Arcanine|0 fnt\n|faint|p2a: Arcanine\n|\n|-damage|p1a: Empoleon|94\/100 brn|[from] brn\n|upkeep\n|\n|t:|1637539119\n|switch|p2a: Mamoswine|Mamoswine, M|100\/100\n|turn|4\n|\n|t:|1637539130\n|move|p2a: Mamoswine|Earthquake|p1a: Empoleon\n|-supereffective|p1a: Empoleon\n|-damage|p1a: Empoleon|0 fnt\n|faint|p1a: Empoleon\n|-damage|p2a: Mamoswine|91\/100|[from] item: Life Orb\n|\n|upkeep\n|\n|t:|1637539147\n|switch|p1a: Ambipom|Ambipom, M|100\/100\n|turn|5\n|\n|t:|1637539160\n|switch|p2a: Magnezone|Magnezone|100\/100\n|move|p1a: Ambipom|Fake Out|p2a: Magnezone\n|-resisted|p2a: Magnezone\n|-damage|p2a: Magnezone|83\/100\n|\n|upkeep\n|turn|6\n|\n|t:|1637539168\n|move|p1a: Ambipom|U-turn|p2a: Magnezone\n|-resisted|p2a: Magnezone\n|-damage|p2a: Magnezone|73\/100\n|\n|t:|1637539171\n|switch|p1a: Latios|Latios, M|100\/100|[from]move: U-turn\n|move|p2a: Magnezone|Volt Switch|p1a: Latios\n|-resisted|p1a: Latios\n|-damage|p1a: Latios|82\/100\n|\n|t:|1637539181\n|switch|p2a: Staraptor|Staraptor, M|100\/100|[from]move: Volt Switch\n|\n|upkeep\n|turn|7\n|\n|t:|1637539190\n|move|p2a: Staraptor|Brave Bird|p1a: Latios\n|-damage|p1a: Latios|0 fnt\n|faint|p1a: Latios\n|-damage|p2a: Staraptor|74\/100|[from] Recoil\n|\n|upkeep\n|\n|t:|1637539199\n|switch|p1a: Ambipom|Ambipom, M|100\/100\n|turn|8\n|\n|t:|1637539204\n|move|p1a: Ambipom|Fake Out|p2a: Staraptor\n|-damage|p2a: Staraptor|31\/100\n|cant|p2a: Staraptor|flinch\n|\n|upkeep\n|turn|9\n|\n|t:|1637539208\n|move|p2a: Staraptor|Brave Bird|p1a: Ambipom\n|-damage|p1a: Ambipom|0 fnt\n|faint|p1a: Ambipom\n|-damage|p2a: Staraptor|0 fnt|[from] Recoil\n|faint|p2a: Staraptor\n|\n|upkeep\n|\n|t:|1637539219\n|switch|p1a: Azumarill|Azumarill, F|100\/100\n|switch|p2a: Magnezone|Magnezone|73\/100\n|turn|10\n|\n|t:|1637539226\n|move|p2a: Magnezone|Volt Switch|p1a: Azumarill\n|-supereffective|p1a: Azumarill\n|-damage|p1a: Azumarill|19\/100\n|-enditem|p1a: Azumarill|Sitrus Berry|[eat]\n|-heal|p1a: Azumarill|44\/100|[from] item: Sitrus Berry\n|-message|Nintendeli \u262d forfeited.\n|\n|win|cows123p\n|raw|Nintendeli \u262d's rating: 1118 &rarr; <strong>1090<\/strong><br \/>(-28 for losing)\n|raw|cows123p's rating: 1080 &rarr; <strong>1111<\/strong><br \/>(+31 for winning)\n|l|\u2606Nintendeli \u262d\n","uploadtime":1637539234,"views":13,"p1id":"nintendeli","p2id":"cows123p","formatid":"gen8bdspou","rating":1090,"private":0,"password":null}