{"id":"gen8ou-1666323719","p1":"Only_Pseudos","p2":"RggV_YT","format":"gen8ou","log":"|j|\u2606Only_Pseudos\n|j|\u2606RggV_YT\n|t:|1663390650\n|gametype|singles\n|player|p1|Only_Pseudos|red-gen2|1705\n|player|p2|RggV_YT|scientist-gen4|1789\n|teamsize|p1|6\n|teamsize|p2|6\n|gen|8\n|tier|[Gen 8] OU\n|rated|\n|rule|Sleep Clause Mod: Limit one foe put to sleep\n|rule|Species Clause: Limit one of each Pok\u00e9mon\n|rule|OHKO Clause: OHKO moves are banned\n|rule|Evasion Items Clause: Evasion items are banned\n|rule|Evasion Moves Clause: Evasion moves are banned\n|rule|Endless Battle Clause: Forcing endless battles is banned\n|rule|HP Percentage Mod: HP is shown in percentages\n|rule|Dynamax Clause: You cannot dynamax\n|clearpoke\n|poke|p1|Dragonite, M|\n|poke|p1|Tyranitar, M|\n|poke|p1|Metagross|\n|poke|p1|Garchomp, M|\n|poke|p1|Hydreigon, M|\n|poke|p1|Kommo-o, M|\n|poke|p2|Politoed, M|\n|poke|p2|Heliolisk, F|\n|poke|p2|Kingdra, F|\n|poke|p2|Mudsdale, M|\n|poke|p2|Scizor, M|\n|poke|p2|Victini|\n|teampreview\n|inactive|Battle timer is ON: inactive players will automatically lose when time's up. (requested by RggV_YT)\n|c|\u2606Only_Pseudos|hf\n|c|\u2606RggV_YT|Hf\n|\n|t:|1663390677\n|start\n|switch|p1a: Blaze been crazy|Kommo-o, M|100\/100\n|switch|p2a: Politoed|Politoed, M|100\/100\n|-weather|RainDance|[from] ability: Drizzle|[of] p2a: Politoed\n|turn|1\n|j| hmsa2012\n|\n|t:|1663390683\n|switch|p2a: Scizor|Scizor, M|100\/100\n|move|p1a: Blaze been crazy|Clangorous Soul|p1a: Blaze been crazy\n|-boost|p1a: Blaze been crazy|atk|1\n|-boost|p1a: Blaze been crazy|def|1\n|-boost|p1a: Blaze been crazy|spa|1\n|-boost|p1a: Blaze been crazy|spd|1\n|-boost|p1a: Blaze been crazy|spe|1\n|-damage|p1a: Blaze been crazy|68\/100\n|-enditem|p1a: Blaze been crazy|Throat Spray\n|-boost|p1a: Blaze been crazy|spa|1|[from] item: Throat Spray\n|\n|-weather|RainDance|[upkeep]\n|upkeep\n|turn|2\n|\n|t:|1663390688\n|move|p2a: Scizor|Bullet Punch|p1a: Blaze been crazy\n|-damage|p1a: Blaze been crazy|46\/100\n|move|p1a: Blaze been crazy|Drain Punch|p2a: Scizor\n|-damage|p2a: Scizor|57\/100\n|-heal|p1a: Blaze been crazy|69\/100|[from] drain|[of] p2a: Scizor\n|\n|-weather|RainDance|[upkeep]\n|-heal|p2a: Scizor|63\/100|[from] item: Leftovers\n|upkeep\n|turn|3\n|\n|t:|1663390697\n|move|p2a: Scizor|Bullet Punch|p1a: Blaze been crazy\n|-damage|p1a: Blaze been crazy|47\/100\n|move|p1a: Blaze been crazy|Drain Punch|p2a: Scizor\n|-damage|p2a: Scizor|25\/100\n|-heal|p1a: Blaze been crazy|68\/100|[from] drain|[of] p2a: Scizor\n|\n|-weather|RainDance|[upkeep]\n|-heal|p2a: Scizor|31\/100|[from] item: Leftovers\n|upkeep\n|turn|4\n|\n|t:|1663390715\n|switch|p2a: Heliolisk|Heliolisk, F|100\/100\n|move|p1a: Blaze been crazy|Clanging Scales|p2a: Heliolisk\n|-damage|p2a: Heliolisk|0 fnt\n|faint|p2a: Heliolisk\n|-unboost|p1a: Blaze been crazy|def|1\n|\n|-weather|RainDance|[upkeep]\n|upkeep\n|\n|t:|1663390719\n|switch|p2a: Kingdra|Kingdra, F|100\/100\n|turn|5\n|\n|t:|1663390731\n|switch|p1a: See me grossing|Metagross|100\/100\n|move|p2a: Kingdra|Draco Meteor|p1a: See me grossing\n|-resisted|p1a: See me grossing\n|-damage|p1a: See me grossing|72\/100\n|-unboost|p2a: Kingdra|spa|2\n|\n|-weather|RainDance|[upkeep]\n|upkeep\n|turn|6\n|\n|t:|1663390737\n|switch|p2a: Mudsdale|Mudsdale, M, shiny|100\/100\n|switch|p1a: Quakes when I move|Garchomp, M|100\/100\n|\n|-weather|RainDance|[upkeep]\n|upkeep\n|turn|7\n|\n|t:|1663390739\n|move|p1a: Quakes when I move|Stealth Rock|p2a: Mudsdale\n|-sidestart|p2: RggV_YT|move: Stealth Rock\n|move|p2a: Mudsdale|Toxic|p1a: Quakes when I move\n|-status|p1a: Quakes when I move|tox\n|\n|-weather|RainDance|[upkeep]\n|-damage|p1a: Quakes when I move|94\/100 tox|[from] psn\n|upkeep\n|turn|8\n|\n|t:|1663390745\n|move|p1a: Quakes when I move|Draco Meteor|p2a: Mudsdale\n|-damage|p2a: Mudsdale|37\/100\n|-unboost|p1a: Quakes when I move|spa|2\n|-ability|p2a: Mudsdale|Stamina|boost\n|-boost|p2a: Mudsdale|def|1\n|-damage|p1a: Quakes when I move|85\/100 tox|[from] item: Life Orb\n|move|p2a: Mudsdale|Earthquake|p1a: Quakes when I move\n|-damage|p1a: Quakes when I move|45\/100 tox\n|\n|-weather|none\n|-heal|p2a: Mudsdale|44\/100|[from] item: Leftovers\n|-damage|p1a: Quakes when I move|32\/100 tox|[from] psn\n|upkeep\n|turn|9\n|\n|t:|1663390749\n|move|p1a: Quakes when I move|Draco Meteor|p2a: Mudsdale\n|-damage|p2a: Mudsdale|9\/100\n|-unboost|p1a: Quakes when I move|spa|2\n|-ability|p2a: Mudsdale|Stamina|boost\n|-boost|p2a: Mudsdale|def|1\n|-damage|p1a: Quakes when I move|23\/100 tox|[from] item: Life Orb\n|move|p2a: Mudsdale|Earthquake|p1a: Quakes when I move\n|-damage|p1a: Quakes when I move|0 fnt\n|faint|p1a: Quakes when I move\n|\n|-heal|p2a: Mudsdale|15\/100|[from] item: Leftovers\n|upkeep\n|\n|t:|1663390753\n|switch|p1a: Blaze been crazy|Kommo-o, M|68\/100\n|turn|10\n|\n|t:|1663390757\n|move|p1a: Blaze been crazy|Clanging Scales|p2a: Mudsdale\n|-damage|p2a: Mudsdale|0 fnt\n|faint|p2a: Mudsdale\n|-unboost|p1a: Blaze been crazy|def|1\n|\n|upkeep\n|\n|t:|1663390758\n|switch|p2a: Victini|Victini|100\/100\n|-damage|p2a: Victini|76\/100|[from] Stealth Rock\n|turn|11\n|j| TwoTreesWaiting\n|\n|t:|1663390764\n|move|p2a: Victini|Bolt Strike|p1a: Blaze been crazy\n|-resisted|p1a: Blaze been crazy\n|-damage|p1a: Blaze been crazy|25\/100\n|move|p1a: Blaze been crazy|Clanging Scales|p2a: Victini\n|-damage|p2a: Victini|24\/100\n|-unboost|p1a: Blaze been crazy|def|1\n|\n|upkeep\n|turn|12\n|\n|t:|1663390767\n|move|p2a: Victini|Bolt Strike|p1a: Blaze been crazy\n|-resisted|p1a: Blaze been crazy\n|-damage|p1a: Blaze been crazy|0 fnt\n|faint|p1a: Blaze been crazy\n|\n|upkeep\n|j| fthgfghgfhhhhhg\n|\n|t:|1663390774\n|switch|p1a: Getting Ahead|Hydreigon, M|100\/100\n|turn|13\n|\n|t:|1663390778\n|move|p1a: Getting Ahead|Dark Pulse|p2a: Victini\n|-supereffective|p2a: Victini\n|-damage|p2a: Victini|0 fnt\n|faint|p2a: Victini\n|\n|upkeep\n|\n|t:|1663390780\n|switch|p2a: Kingdra|Kingdra, F|100\/100\n|-damage|p2a: Kingdra|88\/100|[from] Stealth Rock\n|turn|14\n|\n|t:|1663390785\n|switch|p1a: See me grossing|Metagross|72\/100\n|move|p2a: Kingdra|Draco Meteor|p1a: See me grossing\n|-resisted|p1a: See me grossing\n|-damage|p1a: See me grossing|42\/100\n|-unboost|p2a: Kingdra|spa|2\n|\n|upkeep\n|turn|15\n|\n|t:|1663390788\n|switch|p2a: Politoed|Politoed, M|100\/100\n|-damage|p2a: Politoed|88\/100|[from] Stealth Rock\n|-weather|RainDance|[from] ability: Drizzle|[of] p2a: Politoed\n|move|p1a: See me grossing|Earthquake|p2a: Politoed\n|-damage|p2a: Politoed|60\/100\n|\n|-weather|RainDance|[upkeep]\n|upkeep\n|turn|16\n|\n|t:|1663390791\n|move|p1a: See me grossing|Earthquake|p2a: Politoed\n|-damage|p2a: Politoed|30\/100\n|move|p2a: Politoed|Scald|p1a: See me grossing\n|-damage|p1a: See me grossing|16\/100\n|-status|p1a: See me grossing|brn\n|\n|-weather|RainDance|[upkeep]\n|-damage|p1a: See me grossing|10\/100 brn|[from] brn\n|upkeep\n|turn|17\n|\n|t:|1663390795\n|move|p2a: Politoed|Scald|p1a: See me grossing\n|-damage|p1a: See me grossing|0 fnt\n|faint|p1a: See me grossing\n|\n|-weather|RainDance|[upkeep]\n|upkeep\n|\n|t:|1663390805\n|switch|p1a: Getting Ahead|Hydreigon, M|100\/100\n|turn|18\n|\n|t:|1663390819\n|switch|p2a: Scizor|Scizor, M|31\/100\n|-damage|p2a: Scizor|19\/100|[from] Stealth Rock\n|move|p1a: Getting Ahead|Dark Pulse|p2a: Scizor\n|-damage|p2a: Scizor|0 fnt\n|faint|p2a: Scizor\n|\n|-weather|RainDance|[upkeep]\n|upkeep\n|\n|t:|1663390820\n|switch|p2a: Kingdra|Kingdra, F|88\/100\n|-damage|p2a: Kingdra|76\/100|[from] Stealth Rock\n|turn|19\n|\n|t:|1663390829\n|switch|p1a: See the 9 flash|Tyranitar, M|100\/100\n|-weather|Sandstorm|[from] ability: Sand Stream|[of] p1a: See the 9 flash\n|move|p2a: Kingdra|Draco Meteor|p1a: See the 9 flash\n|-damage|p1a: See the 9 flash|44\/100\n|-unboost|p2a: Kingdra|spa|2\n|\n|-weather|Sandstorm|[upkeep]\n|-damage|p2a: Kingdra|70\/100|[from] Sandstorm\n|upkeep\n|turn|20\n|\n|t:|1663390836\n|move|p2a: Kingdra|Draco Meteor|p1a: See the 9 flash\n|-damage|p1a: See the 9 flash|14\/100\n|-unboost|p2a: Kingdra|spa|2\n|move|p1a: See the 9 flash|Crunch|p2a: Kingdra\n|-damage|p2a: Kingdra|0 fnt\n|faint|p2a: Kingdra\n|\n|-weather|Sandstorm|[upkeep]\n|upkeep\n|c|\u2606Only_Pseudos|gg\n|c|\u2606RggV_YT|Gg\n|-message|RggV_YT forfeited.\n|\n|win|Only_Pseudos\n|raw|Only_Pseudos's rating: 1705 &rarr; <strong>1730<\/strong><br \/>(+25 for winning)\n|raw|RggV_YT's rating: 1789 &rarr; <strong>1764<\/strong><br \/>(-25 for losing)\n|l|\u2606RggV_YT\n|l| fthgfghgfhhhhhg\n","uploadtime":1663390846,"views":47,"p1id":"onlypseudos","p2id":"rggvyt","formatid":"gen8ou","rating":1730,"private":0,"password":null}