{"id":"gen8ou-1634605866","p1":"JoJo Reference #10","p2":"himynametay","format":"gen8ou","log":"|j|\u2606JoJo Reference #10\n|j|\u203dhimynametay\n|t:|1659916837\n|gametype|singles\n|player|p1|JoJo Reference #10|1|1624\n|player|p2|himynametay|elesa-masters|1631\n|teamsize|p1|6\n|teamsize|p2|6\n|gen|8\n|tier|[Gen 8] OU\n|rated|\n|rule|Sleep Clause Mod: Limit one foe put to sleep\n|rule|Species Clause: Limit one of each Pok\u00e9mon\n|rule|OHKO Clause: OHKO moves are banned\n|rule|Evasion Items Clause: Evasion items are banned\n|rule|Evasion Moves Clause: Evasion moves are banned\n|rule|Endless Battle Clause: Forcing endless battles is banned\n|rule|HP Percentage Mod: HP is shown in percentages\n|rule|Dynamax Clause: You cannot dynamax\n|clearpoke\n|poke|p1|Azelf|\n|poke|p1|Keldeo-Resolute|\n|poke|p1|Garchomp, F|\n|poke|p1|Rillaboom, M|\n|poke|p1|Mimikyu, M|\n|poke|p1|Moltres-Galar|\n|poke|p2|Landorus-Therian, M|\n|poke|p2|Ferrothorn, F|\n|poke|p2|Urshifu-*, M|\n|poke|p2|Tornadus-Therian, M|\n|poke|p2|Dragapult, M|\n|poke|p2|Tapu Lele|\n|teampreview\n|inactive|Battle timer is ON: inactive players will automatically lose when time's up. (requested by JoJo Reference #10)\n|\n|t:|1659916867\n|start\n|switch|p1a: Azelf|Azelf|100\/100\n|switch|p2a: Dragapult|Dragapult, M|100\/100\n|turn|1\n|\n|t:|1659916871\n|move|p2a: Dragapult|Shadow Ball|p1a: Azelf\n|-supereffective|p1a: Azelf\n|-enditem|p1a: Azelf|Focus Sash\n|-damage|p1a: Azelf|1\/100\n|move|p1a: Azelf|Shadow Ball|p2a: Dragapult\n|-supereffective|p2a: Dragapult\n|-damage|p2a: Dragapult|25\/100\n|\n|upkeep\n|turn|2\n|\n|t:|1659916880\n|switch|p1a: Moltres|Moltres-Galar|100\/100\n|move|p2a: Dragapult|Shadow Ball|p1a: Moltres\n|-resisted|p1a: Moltres\n|-damage|p1a: Moltres|76\/100\n|\n|upkeep\n|turn|3\n|\n|t:|1659916883\n|switch|p2a: Urshifu|Urshifu-Rapid-Strike, M|100\/100\n|switch|p1a: Azelf|Azelf|1\/100\n|\n|upkeep\n|turn|4\n|\n|t:|1659916887\n|switch|p1a: Keldeo|Keldeo-Resolute|100\/100\n|move|p2a: Urshifu|Aqua Jet|p1a: Keldeo\n|-resisted|p1a: Keldeo\n|-damage|p1a: Keldeo|87\/100\n|\n|upkeep\n|turn|5\n|\n|t:|1659916890\n|move|p1a: Keldeo|Flip Turn|p2a: Urshifu\n|-resisted|p2a: Urshifu\n|-damage|p2a: Urshifu|93\/100\n|\n|t:|1659916900\n|switch|p1a: Moltres|Moltres-Galar|76\/100|[from]move: Flip Turn\n|move|p2a: Urshifu|U-turn|p1a: Moltres\n|-damage|p1a: Moltres|45\/100\n|-ability|p1a: Moltres|Berserk|boost\n|-boost|p1a: Moltres|spa|1\n|\n|t:|1659916907\n|switch|p2a: Tapu Lele|Tapu Lele|100\/100|[from]move: U-turn\n|-fieldstart|move: Psychic Terrain|[from] ability: Psychic Surge|[of] p2a: Tapu Lele\n|\n|upkeep\n|turn|6\n|\n|t:|1659916910\n|move|p2a: Tapu Lele|Moonblast|p1a: Moltres\n|-supereffective|p1a: Moltres\n|-damage|p1a: Moltres|0 fnt\n|faint|p1a: Moltres\n|\n|upkeep\n|\n|t:|1659916913\n|switch|p1a: Azelf|Azelf|1\/100\n|turn|7\n|\n|t:|1659916916\n|move|p2a: Tapu Lele|Moonblast|p1a: Azelf\n|-damage|p1a: Azelf|0 fnt\n|faint|p1a: Azelf\n|\n|upkeep\n|\n|t:|1659916920\n|switch|p1a: Mimikyu|Mimikyu, M|100\/100\n|turn|8\n|\n|t:|1659916923\n|switch|p2a: Ferrothorn|Ferrothorn, F|100\/100\n|move|p1a: Mimikyu|Shadow Claw|p2a: Ferrothorn\n|-damage|p2a: Ferrothorn|77\/100\n|-damage|p1a: Mimikyu|88\/100|[from] ability: Iron Barbs|[of] p2a: Ferrothorn\n|-damage|p1a: Mimikyu|72\/100|[from] item: Rocky Helmet|[of] p2a: Ferrothorn\n|-damage|p1a: Mimikyu|62\/100|[from] item: Life Orb\n|\n|upkeep\n|turn|9\n|\n|t:|1659916928\n|move|p1a: Mimikyu|Swords Dance|p1a: Mimikyu\n|-boost|p1a: Mimikyu|atk|2\n|move|p2a: Ferrothorn|Stealth Rock|p1a: Mimikyu\n|-sidestart|p1: JoJo Reference #10|move: Stealth Rock\n|\n|-fieldend|move: Psychic Terrain\n|upkeep\n|turn|10\n|\n|t:|1659916929\n|move|p1a: Mimikyu|Shadow Claw|p2a: Ferrothorn\n|-damage|p2a: Ferrothorn|34\/100\n|-damage|p1a: Mimikyu|50\/100|[from] ability: Iron Barbs|[of] p2a: Ferrothorn\n|-damage|p1a: Mimikyu|33\/100|[from] item: Rocky Helmet|[of] p2a: Ferrothorn\n|-damage|p1a: Mimikyu|23\/100|[from] item: Life Orb\n|move|p2a: Ferrothorn|Gyro Ball|p1a: Mimikyu\n|-activate|p1a: Mimikyu|ability: Disguise\n|-damage|p1a: Mimikyu|23\/100\n|detailschange|p1a: Mimikyu|Mimikyu-Busted, M\n|-damage|p1a: Mimikyu|11\/100|[from] pokemon: Mimikyu-Busted\n|\n|upkeep\n|turn|11\n|\n|t:|1659916938\n|switch|p2a: Tornadus|Tornadus-Therian, M|100\/100\n|move|p1a: Mimikyu|Shadow Claw|p2a: Tornadus\n|-damage|p2a: Tornadus|22\/100\n|-damage|p1a: Mimikyu|1\/100|[from] item: Life Orb\n|\n|upkeep\n|turn|12\n|\n|t:|1659916945\n|switch|p2a: Ferrothorn|Ferrothorn, F|34\/100\n|move|p1a: Mimikyu|Shadow Sneak|p2a: Ferrothorn\n|-damage|p2a: Ferrothorn|8\/100\n|-damage|p1a: Mimikyu|0 fnt|[from] ability: Iron Barbs|[of] p2a: Ferrothorn\n|faint|p1a: Mimikyu\n|\n|upkeep\n|\n|t:|1659916947\n|switch|p1a: Garchomp|Garchomp, F|100\/100\n|-damage|p1a: Garchomp|94\/100|[from] Stealth Rock\n|turn|13\n|\n|t:|1659916949\n|move|p1a: Garchomp|Swords Dance|p1a: Garchomp\n|-boost|p1a: Garchomp|atk|2\n|move|p2a: Ferrothorn|Leech Seed|p1a: Garchomp\n|-start|p1a: Garchomp|move: Leech Seed\n|\n|-damage|p1a: Garchomp|82\/100|[from] Leech Seed|[of] p2a: Ferrothorn\n|-heal|p2a: Ferrothorn|21\/100|[silent]\n|upkeep\n|turn|14\n|\n|t:|1659916954\n|switch|p2a: Tapu Lele|Tapu Lele|100\/100\n|-fieldstart|move: Psychic Terrain|[from] ability: Psychic Surge|[of] p2a: Tapu Lele\n|move|p1a: Garchomp|Scale Shot|p2a: Tapu Lele\n|-immune|p2a: Tapu Lele\n|\n|-damage|p1a: Garchomp|70\/100|[from] Leech Seed|[of] p2a: Tapu Lele\n|upkeep\n|turn|15\n|\n|t:|1659916959\n|switch|p1a: Keldeo|Keldeo-Resolute|87\/100\n|-damage|p1a: Keldeo|81\/100|[from] Stealth Rock\n|move|p2a: Tapu Lele|Moonblast|p1a: Keldeo\n|-supereffective|p1a: Keldeo\n|-damage|p1a: Keldeo|0 fnt\n|faint|p1a: Keldeo\n|\n|upkeep\n|\n|t:|1659916960\n|switch|p1a: Rillaboom|Rillaboom, M|100\/100\n|-damage|p1a: Rillaboom|88\/100|[from] Stealth Rock\n|-fieldstart|move: Grassy Terrain|[from] ability: Grassy Surge|[of] p1a: Rillaboom\n|turn|16\n|\n|t:|1659916963\n|switch|p2a: Ferrothorn|Ferrothorn, F|21\/100\n|switch|p1a: Garchomp|Garchomp, F|70\/100\n|-damage|p1a: Garchomp|64\/100|[from] Stealth Rock\n|\n|-heal|p1a: Garchomp|70\/100|[from] Grassy Terrain\n|-heal|p2a: Ferrothorn|27\/100|[from] Grassy Terrain\n|upkeep\n|turn|17\n|\n|t:|1659916967\n|switch|p2a: Tapu Lele|Tapu Lele|100\/100\n|-fieldstart|move: Psychic Terrain|[from] ability: Psychic Surge|[of] p2a: Tapu Lele\n|move|p1a: Garchomp|Swords Dance|p1a: Garchomp\n|-boost|p1a: Garchomp|atk|2\n|\n|upkeep\n|turn|18\n|\n|t:|1659916968\n|move|p2a: Tapu Lele|Moonblast|p1a: Garchomp\n|-supereffective|p1a: Garchomp\n|-damage|p1a: Garchomp|0 fnt\n|faint|p1a: Garchomp\n|\n|upkeep\n|-message|JoJo Reference #10 forfeited.\n|\n|win|himynametay\n|raw|JoJo Reference #10's rating: 1624 &rarr; <strong>1604<\/strong><br \/>(-20 for losing)\n|raw|himynametay's rating: 1631 &rarr; <strong>1651<\/strong><br \/>(+20 for winning)\n|l|\u2606JoJo Reference #10\n||Ladder isn't responding, score probably updated but might not have (Request timeout).\n","uploadtime":1659916976,"views":17,"p1id":"jojoreference10","p2id":"himynametay","formatid":"gen8ou","rating":1604,"private":0,"password":null}