{"id":"gen8nationaldex-1672316566","p1":"Jfsosa10","p2":"Kikoobuster","format":"gen8nationaldex","log":"|j|\u2606Jfsosa10\n|j|\u2606Kikoobuster\n|t:|1664357587\n|gametype|singles\n|player|p1|Jfsosa10|101|1532\n|player|p2|Kikoobuster|1|1524\n|teamsize|p1|6\n|teamsize|p2|6\n|gen|8\n|tier|[Gen 8] National Dex\n|rated|\n|rule|HP Percentage Mod: HP is shown in percentages\n|rule|Endless Battle Clause: Forcing endless battles is banned\n|rule|OHKO Clause: OHKO moves are banned\n|rule|Evasion Moves Clause: Evasion moves are banned\n|rule|Species Clause: Limit one of each Pok\u00e9mon\n|rule|Dynamax Clause: You cannot dynamax\n|rule|Sleep Clause Mod: Limit one foe put to sleep\n|clearpoke\n|poke|p1|Ferrothorn, M|\n|poke|p1|Gliscor, F|\n|poke|p1|Slowbro, M|\n|poke|p1|Tyranitar, F|\n|poke|p1|Zapdos|\n|poke|p1|Excadrill, F|\n|poke|p2|Heatran, F|\n|poke|p2|Greninja, F|\n|poke|p2|Bisharp, F|\n|poke|p2|Latias, F|\n|poke|p2|Tapu Lele|\n|poke|p2|Beedrill, M|\n|teampreview\n|inactive|Battle timer is ON: inactive players will automatically lose when time's up. (requested by Kikoobuster)\n|\n|t:|1664357597\n|start\n|switch|p1a: Tyranitar|Tyranitar, F|100\/100\n|switch|p2a: Heatran|Heatran, F|100\/100\n|-weather|Sandstorm|[from] ability: Sand Stream|[of] p1a: Tyranitar\n|turn|1\n|\n|t:|1664357606\n|switch|p2a: Greninja|Greninja, F|100\/100\n|detailschange|p1a: Tyranitar|Tyranitar-Mega, F\n|-mega|p1a: Tyranitar|Tyranitar|Tyranitarite\n|move|p1a: Tyranitar|Earthquake|p2a: Greninja\n|-damage|p2a: Greninja|33\/100\n|\n|-weather|Sandstorm|[upkeep]\n|-damage|p2a: Greninja|27\/100|[from] Sandstorm\n|upkeep\n|turn|2\n|\n|t:|1664357614\n|switch|p1a: Ferrothorn|Ferrothorn, M|100\/100\n|move|p2a: Greninja|Taunt|p1a: Ferrothorn\n|-start|p2a: Greninja|typechange|Dark|[from] ability: Protean\n|-start|p1a: Ferrothorn|move: Taunt\n|\n|-weather|Sandstorm|[upkeep]\n|-damage|p2a: Greninja|21\/100|[from] Sandstorm\n|upkeep\n|turn|3\n|\n|t:|1664357619\n|switch|p1a: Excadrill|Excadrill, F|100\/100\n|move|p2a: Greninja|Spikes|p1a: Excadrill\n|-start|p2a: Greninja|typechange|Ground|[from] ability: Protean\n|-sidestart|p1: Jfsosa10|Spikes\n|\n|-weather|Sandstorm|[upkeep]\n|upkeep\n|turn|4\n|\n|t:|1664357624\n|move|p1a: Excadrill|Iron Head|p2a: Greninja\n|-damage|p2a: Greninja|0 fnt\n|faint|p2a: Greninja\n|\n|-weather|Sandstorm|[upkeep]\n|upkeep\n|\n|t:|1664357632\n|switch|p2a: Latias|Latias, F, shiny|100\/100\n|turn|5\n|\n|t:|1664357640\n|move|p1a: Excadrill|Toxic|p2a: Latias\n|-status|p2a: Latias|tox\n|move|p2a: Latias|Healing Wish|p2a: Latias\n|faint|p2a: Latias\n|\n|-weather|none\n|upkeep\n|\n|t:|1664357651\n|switch|p2a: Beedrill|Beedrill, M, shiny|100\/100\n|turn|6\n|\n|t:|1664357655\n|switch|p1a: Zapdos|Zapdos|100\/100\n|detailschange|p2a: Beedrill|Beedrill-Mega, M, shiny\n|-mega|p2a: Beedrill|Beedrill|Beedrillite\n|move|p2a: Beedrill|Drill Run|p1a: Zapdos\n|-immune|p1a: Zapdos\n|\n|upkeep\n|turn|7\n|\n|t:|1664357666\n|switch|p2a: Heatran|Heatran, F|100\/100\n|move|p1a: Zapdos|Defog|p2a: Heatran\n|-unboost|p2a: Heatran|evasion|1\n|-sideend|p1: Jfsosa10|Spikes|[from] move: Defog|[of] p1a: Zapdos\n|\n|upkeep\n|turn|8\n|\n|t:|1664357670\n|move|p1a: Zapdos|Discharge|p2a: Heatran\n|-damage|p2a: Heatran|79\/100\n|-status|p2a: Heatran|par\n|move|p2a: Heatran|Magma Storm|p1a: Zapdos|[miss]\n|-miss|p2a: Heatran|p1a: Zapdos\n|\n|-heal|p2a: Heatran|85\/100 par|[from] item: Leftovers\n|upkeep\n|turn|9\n|\n|t:|1664357676\n|switch|p1a: Gliscor|Gliscor, F|100\/100\n|move|p2a: Heatran|Magma Storm|p1a: Gliscor|[miss]\n|-miss|p2a: Heatran|p1a: Gliscor\n|\n|-heal|p2a: Heatran|92\/100 par|[from] item: Leftovers\n|-status|p1a: Gliscor|tox|[from] item: Toxic Orb\n|upkeep\n|turn|10\n|\n|t:|1664357681\n|move|p1a: Gliscor|Swords Dance|p1a: Gliscor\n|-boost|p1a: Gliscor|atk|2\n|move|p2a: Heatran|Stealth Rock|p1a: Gliscor\n|-sidestart|p1: Jfsosa10|move: Stealth Rock\n|\n|-heal|p2a: Heatran|98\/100 par|[from] item: Leftovers\n|upkeep\n|turn|11\n|\n|t:|1664357687\n|move|p1a: Gliscor|Earthquake|p2a: Heatran\n|-supereffective|p2a: Heatran\n|-damage|p2a: Heatran|0 fnt\n|faint|p2a: Heatran\n|\n|upkeep\n|\n|t:|1664357696\n|switch|p2a: Tapu Lele|Tapu Lele, shiny|100\/100\n|-fieldstart|move: Psychic Terrain|[from] ability: Psychic Surge|[of] p2a: Tapu Lele\n|turn|12\n|\n|t:|1664357705\n|move|p2a: Tapu Lele|Psychic|p1a: Gliscor\n|-damage|p1a: Gliscor|38\/100 tox\n|move|p1a: Gliscor|Earthquake|p2a: Tapu Lele\n|-damage|p2a: Tapu Lele|0 fnt\n|faint|p2a: Tapu Lele\n|\n|-heal|p1a: Gliscor|50\/100 tox|[from] ability: Poison Heal\n|upkeep\n|\n|t:|1664357715\n|switch|p2a: Bisharp|Bisharp, F|100\/100\n|turn|13\n|\n|t:|1664357724\n|move|p2a: Bisharp|Knock Off|p1a: Gliscor\n|-damage|p1a: Gliscor|2\/100 tox\n|-enditem|p1a: Gliscor|Toxic Orb|[from] move: Knock Off|[of] p2a: Bisharp\n|move|p1a: Gliscor|Roost|p1a: Gliscor\n|-heal|p1a: Gliscor|52\/100 tox\n|-singleturn|p1a: Gliscor|move: Roost\n|\n|-heal|p1a: Gliscor|65\/100 tox|[from] ability: Poison Heal\n|upkeep\n|turn|14\n|\n|t:|1664357730\n|move|p2a: Bisharp|Iron Head|p1a: Gliscor\n|-damage|p1a: Gliscor|31\/100 tox\n|cant|p1a: Gliscor|flinch\n|\n|-heal|p1a: Gliscor|43\/100 tox|[from] ability: Poison Heal\n|upkeep\n|turn|15\n|\n|t:|1664357737\n|move|p2a: Bisharp|Iron Head|p1a: Gliscor\n|-damage|p1a: Gliscor|12\/100 tox\n|cant|p1a: Gliscor|flinch\n|\n|-heal|p1a: Gliscor|25\/100 tox|[from] ability: Poison Heal\n|upkeep\n|turn|16\n|\n|t:|1664357746\n|move|p2a: Bisharp|Iron Head|p1a: Gliscor\n|-damage|p1a: Gliscor|0 fnt\n|faint|p1a: Gliscor\n|\n|-fieldend|move: Psychic Terrain\n|upkeep\n|\n|t:|1664357750\n|switch|p1a: Excadrill|Excadrill, F|100\/100\n|-damage|p1a: Excadrill|97\/100|[from] Stealth Rock\n|turn|17\n|\n|t:|1664357755\n|move|p1a: Excadrill|Earthquake|p2a: Bisharp\n|-supereffective|p2a: Bisharp\n|-damage|p2a: Bisharp|0 fnt\n|faint|p2a: Bisharp\n|\n|-heal|p1a: Excadrill|100\/100|[from] item: Leftovers\n|upkeep\n|\n|t:|1664357758\n|switch|p2a: Beedrill|Beedrill-Mega, M, shiny|100\/100\n|turn|18\n|\n|t:|1664357763\n|move|p2a: Beedrill|Poison Jab|p1a: Excadrill\n|-immune|p1a: Excadrill\n|move|p1a: Excadrill|Earthquake|p2a: Beedrill\n|-damage|p2a: Beedrill|0 fnt\n|faint|p2a: Beedrill\n|\n|win|Jfsosa10\n|raw|Jfsosa10's rating: 1532 &rarr; <strong>1552<\/strong><br \/>(+20 for winning)\n|raw|Kikoobuster's rating: 1524 &rarr; <strong>1504<\/strong><br \/>(-20 for losing)\n|l|\u2606Kikoobuster\n","uploadtime":1664357770,"views":11,"p1id":"jfsosa10","p2id":"kikoobuster","formatid":"gen8nationaldex","rating":1504,"private":0,"password":null}