{"id":"gen8metronomebattle-1671450316","p1":"SirAero1996","p2":"Down$hift","format":"gen8metronomebattle","log":"|j|\u2606SirAero1996\n|j|\u2606Down$hift\n|t:|1663940401\n|gametype|doubles\n|player|p1|SirAero1996|102|1309\n|player|p2|Down$hift|burglar-gen1|1416\n|teamsize|p1|2\n|teamsize|p2|2\n|gen|8\n|tier|[Gen 8] Metronome Battle\n|rated|\n|rule|HP Percentage Mod: HP is shown in percentages\n|\n|t:|1663940401\n|start\n|switch|p1a: Rhydon|Rhydon, M|100\/100\n|switch|p1b: Rhyperior|Rhyperior, M|100\/100\n|switch|p2a: Dreepy Airlines|Dragapult, M|100\/100\n|switch|p2b: Shine Bright|Diancie|100\/100\n|-ability|p2a: Dreepy Airlines|Download|boost\n|-boost|p2a: Dreepy Airlines|spa|1\n|-ability|p2b: Shine Bright|Dauntless Shield|boost\n|-boost|p2b: Shine Bright|def|1\n|turn|1\n|inactive|Battle timer is ON: inactive players will automatically lose when time's up. (requested by Down$hift)\n|c|\u2606Down$hift|Hf\n|\n|t:|1663940433\n|-zpower|p2a: Dreepy Airlines\n|move|p2a: Dreepy Airlines|Z-Metronome|p2a: Dreepy Airlines|[anim]Metronome\n|move|p2a: Dreepy Airlines|Eerie Impulse|p1b: Rhyperior|[from]move: Metronome\n|-unboost|p1b: Rhyperior|spa|2\n|move|p1b: Rhyperior|Metronome|p1b: Rhyperior\n|move|p1b: Rhyperior|Struggle Bug|p2b: Shine Bright|[from]move: Metronome|[spread] p2a,p2b\n|-resisted|p2a: Dreepy Airlines\n|-resisted|p2b: Shine Bright\n|-damage|p2a: Dreepy Airlines|99\/100\n|-damage|p2b: Shine Bright|99\/100\n|-unboost|p2a: Dreepy Airlines|spa|1\n|-unboost|p2b: Shine Bright|spa|1\n|move|p1a: Rhydon|Metronome|p1a: Rhydon\n|move|p1a: Rhydon|Outrage|p2b: Shine Bright|[from]move: Metronome\n|-immune|p2b: Shine Bright\n|move|p2b: Shine Bright|Metronome|p2b: Shine Bright\n|move|p2b: Shine Bright|Drill Run|p1b: Rhyperior|[from]move: Metronome\n|-supereffective|p1b: Rhyperior\n|-damage|p1b: Rhyperior|77\/100\n|-enditem|p1b: Rhyperior|Weakness Policy\n|-boost|p1b: Rhyperior|atk|2|[from] item: Weakness Policy\n|-boost|p1b: Rhyperior|spa|2|[from] item: Weakness Policy\n|\n|upkeep\n|turn|2\n|\n|t:|1663940457\n|move|p2a: Dreepy Airlines|Metronome|p2a: Dreepy Airlines\n|move|p2a: Dreepy Airlines|Aromatherapy||[from]move: Metronome|[still]\n|-activate|p2a: Dreepy Airlines|move: Aromatherapy\n|-fail|p2a: Dreepy Airlines\n|move|p1b: Rhyperior|Metronome|p1b: Rhyperior\n|move|p1b: Rhyperior|Role Play|p2a: Dreepy Airlines|[from]move: Metronome\n|-endability|p1b: Rhyperior|Sap Sipper|[from] move: Role Play\n|-ability|p1b: Rhyperior|Download|boost\n|-boost|p1b: Rhyperior|spa|1\n|-ability|p1b: Rhyperior|Download|[from] move: Role Play|[of] p2a: Dreepy Airlines\n|move|p2b: Shine Bright|Metronome|p2b: Shine Bright\n|move|p2b: Shine Bright|Wing Attack|p1b: Rhyperior|[from]move: Metronome\n|-resisted|p1b: Rhyperior\n|-damage|p1b: Rhyperior|72\/100\n|move|p1a: Rhydon|Metronome|p1a: Rhydon\n|move|p1a: Rhydon|Aromatherapy||[from]move: Metronome|[still]\n|-activate|p1a: Rhydon|move: Aromatherapy\n|-fail|p1a: Rhydon\n|\n|upkeep\n|turn|3\n|\n|t:|1663940475\n|move|p2a: Dreepy Airlines|Metronome|p2a: Dreepy Airlines\n|move|p2a: Dreepy Airlines|Hold Back|p1b: Rhyperior|[from]move: Metronome\n|-resisted|p1b: Rhyperior\n|-damage|p1b: Rhyperior|69\/100\n|move|p1b: Rhyperior|Metronome|p1b: Rhyperior\n|move|p1b: Rhyperior|Roost|p1b: Rhyperior|[from]move: Metronome\n|-heal|p1b: Rhyperior|100\/100\n|-singleturn|p1b: Rhyperior|move: Roost\n|move|p1a: Rhydon|Metronome|p1a: Rhydon\n|move|p1a: Rhydon|Fly||[from]move: Metronome|[still]\n|-prepare|p1a: Rhydon|Fly\n|-hint|Fly's animation targeted Dreepy Airlines\n|move|p2b: Shine Bright|Metronome|p2b: Shine Bright\n|move|p2b: Shine Bright|Psychic Terrain|p2b: Shine Bright|[from]move: Metronome\n|-fieldstart|move: Psychic Terrain\n|\n|upkeep\n|turn|4\n|\n|t:|1663940491\n|move|p2a: Dreepy Airlines|Metronome|p2a: Dreepy Airlines\n|move|p2a: Dreepy Airlines|Screech|p1a: Rhydon|[from]move: Metronome|[miss]\n|-miss|p2a: Dreepy Airlines|p1a: Rhydon\n|move|p1b: Rhyperior|Metronome|p1b: Rhyperior\n|move|p1b: Rhyperior|Electro Ball|p2b: Shine Bright|[from]move: Metronome\n|-damage|p2b: Shine Bright|89\/100\n|move|p2b: Shine Bright|Metronome|p2b: Shine Bright\n|move|p2b: Shine Bright|Flare Blitz|p1b: Rhyperior|[from]move: Metronome\n|-resisted|p1b: Rhyperior\n|-damage|p1b: Rhyperior|91\/100\n|-damage|p2b: Shine Bright|84\/100|[from] Recoil\n|move|p1a: Rhydon|Fly|p2a: Dreepy Airlines|[from]lockedmove\n|-damage|p2a: Dreepy Airlines|67\/100\n|\n|upkeep\n|turn|5\n|\n|t:|1663940507\n|move|p2a: Dreepy Airlines|Metronome|p2a: Dreepy Airlines\n|move|p2a: Dreepy Airlines|Spite|p1b: Rhyperior|[from]move: Metronome\n|-activate|p1b: Rhyperior|move: Spite|Metronome|4\n|move|p1b: Rhyperior|Metronome|p1b: Rhyperior\n|move|p1b: Rhyperior|Multi-Attack|p2b: Shine Bright|[from]move: Metronome\n|-resisted|p2b: Shine Bright\n|-damage|p2b: Shine Bright|65\/100\n|move|p2b: Shine Bright|Metronome|p2b: Shine Bright\n|move|p2b: Shine Bright|Blaze Kick|p1a: Rhydon|[from]move: Metronome\n|-resisted|p1a: Rhydon\n|-damage|p1a: Rhydon|95\/100\n|move|p1a: Rhydon|Metronome|p1a: Rhydon\n|move|p1a: Rhydon|Hex|p2a: Dreepy Airlines|[from]move: Metronome\n|-supereffective|p2a: Dreepy Airlines\n|-damage|p2a: Dreepy Airlines|48\/100\n|\n|upkeep\n|turn|6\n|\n|t:|1663940526\n|move|p2a: Dreepy Airlines|Metronome|p2a: Dreepy Airlines\n|move|p2a: Dreepy Airlines|Night Slash|p1b: Rhyperior|[from]move: Metronome\n|-damage|p1b: Rhyperior|80\/100\n|move|p1b: Rhyperior|Metronome|p1b: Rhyperior\n|move|p1b: Rhyperior|Aromatherapy||[from]move: Metronome|[still]\n|-activate|p1b: Rhyperior|move: Aromatherapy\n|-fail|p1b: Rhyperior\n|move|p2b: Shine Bright|Metronome|p2b: Shine Bright\n|move|p2b: Shine Bright|High Jump Kick|p1a: Rhydon|[from]move: Metronome\n|-supereffective|p1a: Rhydon\n|-damage|p1a: Rhydon|68\/100\n|move|p1a: Rhydon|Metronome|p1a: Rhydon\n|move|p1a: Rhydon|Lock-On|p2b: Shine Bright|[from]move: Metronome\n|-activate|p1a: Rhydon|move: Lock-On|[of] p2b: Shine Bright\n|\n|upkeep\n|turn|7\n|inactive|Down$hift has 120 seconds left.\n|\n|t:|1663940567\n|move|p2a: Dreepy Airlines|Metronome|p2a: Dreepy Airlines\n|move|p2a: Dreepy Airlines|Conversion 2|p1b: Rhyperior|[from]move: Metronome\n|-start|p2a: Dreepy Airlines|typechange|Bug\n|move|p1b: Rhyperior|Metronome|p1b: Rhyperior\n|move|p1b: Rhyperior|Poison Sting|p2a: Dreepy Airlines|[from]move: Metronome\n|-damage|p2a: Dreepy Airlines|38\/100\n|move|p2b: Shine Bright|Metronome|p2b: Shine Bright\n|move|p2b: Shine Bright|Feather Dance|p1a: Rhydon|[from]move: Metronome\n|-unboost|p1a: Rhydon|atk|2\n|move|p1a: Rhydon|Metronome|p1a: Rhydon\n|move|p1a: Rhydon|Fury Cutter|p2a: Dreepy Airlines|[from]move: Metronome\n|-damage|p2a: Dreepy Airlines|32\/100\n|\n|-fieldend|move: Psychic Terrain\n|upkeep\n|turn|8\n|inactive|Down$hift has 120 seconds left.\n|\n|t:|1663940584\n|move|p2a: Dreepy Airlines|Metronome|p2a: Dreepy Airlines\n|move|p2a: Dreepy Airlines|Expanding Force|p1b: Rhyperior|[from]move: Metronome\n|-damage|p1b: Rhyperior|59\/100\n|move|p1b: Rhyperior|Metronome|p1b: Rhyperior\n|move|p1b: Rhyperior|Substitute|p1b: Rhyperior|[from]move: Metronome\n|-start|p1b: Rhyperior|Substitute\n|-damage|p1b: Rhyperior|34\/100\n|move|p1a: Rhydon|Metronome|p1a: Rhydon\n|move|p1a: Rhydon|Circle Throw|p2a: Dreepy Airlines|[from]move: Metronome\n|-resisted|p2a: Dreepy Airlines\n|-damage|p2a: Dreepy Airlines|27\/100\n|move|p2b: Shine Bright|Metronome|p2b: Shine Bright\n|move|p2b: Shine Bright|Aura Sphere|p1b: Rhyperior|[from]move: Metronome\n|-supereffective|p1b: Rhyperior\n|-end|p1b: Rhyperior|Substitute\n|\n|upkeep\n|turn|9\n|\n|t:|1663940600\n|move|p2a: Dreepy Airlines|Metronome|p2a: Dreepy Airlines\n|move|p2a: Dreepy Airlines|Noble Roar|p1b: Rhyperior|[from]move: Metronome\n|-unboost|p1b: Rhyperior|atk|1\n|-unboost|p1b: Rhyperior|spa|1\n|move|p1b: Rhyperior|Metronome|p1b: Rhyperior\n|move|p1b: Rhyperior|Shadow Punch|p2b: Shine Bright|[from]move: Metronome\n|-damage|p2b: Shine Bright|49\/100\n|move|p2b: Shine Bright|Metronome|p2b: Shine Bright\n|move|p2b: Shine Bright|Weather Ball|p1a: Rhydon|[from]move: Metronome\n|-resisted|p1a: Rhydon\n|-damage|p1a: Rhydon|65\/100\n|move|p1a: Rhydon|Metronome|p1a: Rhydon\n|move|p1a: Rhydon|Kinesis|p2b: Shine Bright|[from]move: Metronome|[miss]\n|-miss|p1a: Rhydon|p2b: Shine Bright\n|\n|upkeep\n|turn|10\n|\n|t:|1663940618\n|move|p2a: Dreepy Airlines|Metronome|p2a: Dreepy Airlines\n|move|p2a: Dreepy Airlines|Lick|p1a: Rhydon|[from]move: Metronome\n|-damage|p1a: Rhydon|62\/100\n|move|p1b: Rhyperior|Metronome|p1b: Rhyperior\n|move|p1b: Rhyperior|Leer|p2b: Shine Bright|[from]move: Metronome|[spread] p2a,p2b\n|-unboost|p2a: Dreepy Airlines|def|1\n|-unboost|p2b: Shine Bright|def|1\n|move|p1a: Rhydon|Metronome|p1a: Rhydon\n|move|p1a: Rhydon|Metal Burst|p2a: Dreepy Airlines|[from]move: Metronome\n|-damage|p2a: Dreepy Airlines|21\/100\n|move|p2b: Shine Bright|Metronome|p2b: Shine Bright\n|move|p2b: Shine Bright|Psych Up|p1a: Rhydon|[from]move: Metronome\n|-copyboost|p2b: Shine Bright|p1a: Rhydon|[from] move: Psych Up\n|\n|upkeep\n|turn|11\n|\n|t:|1663940634\n|move|p2a: Dreepy Airlines|Metronome|p2a: Dreepy Airlines\n|move|p2a: Dreepy Airlines|Flamethrower|p1a: Rhydon|[from]move: Metronome\n|-resisted|p1a: Rhydon\n|-damage|p1a: Rhydon|53\/100\n|move|p1b: Rhyperior|Metronome|p1b: Rhyperior\n|move|p1b: Rhyperior|Double Team|p1b: Rhyperior|[from]move: Metronome\n|-boost|p1b: Rhyperior|evasion|1\n|move|p2b: Shine Bright|Metronome|p2b: Shine Bright\n|move|p2b: Shine Bright|Tar Shot|p1b: Rhyperior|[from]move: Metronome\n|-unboost|p1b: Rhyperior|spe|1\n|-start|p1b: Rhyperior|Tar Shot\n|move|p1a: Rhydon|Metronome|p1a: Rhydon\n|move|p1a: Rhydon|Clanging Scales|p2b: Shine Bright|[from]move: Metronome|[spread] p2a\n|-immune|p2b: Shine Bright\n|-damage|p2a: Dreepy Airlines|8\/100\n|-unboost|p1a: Rhydon|def|1\n|\n|upkeep\n|turn|12\n|\n|t:|1663940652\n|move|p2a: Dreepy Airlines|Metronome|p2a: Dreepy Airlines\n|move|p2a: Dreepy Airlines|Dual Chop|p1b: Rhyperior|[from]move: Metronome\n|-damage|p1b: Rhyperior|27\/100\n|-damage|p1b: Rhyperior|21\/100\n|-hitcount|p1b: Rhyperior|2\n|move|p2b: Shine Bright|Metronome|p2b: Shine Bright\n|move|p2b: Shine Bright|Geomancy||[from]move: Metronome|[still]\n|-prepare|p2b: Shine Bright|Geomancy\n|move|p1a: Rhydon|Metronome|p1a: Rhydon\n|move|p1a: Rhydon|Last Resort||[from]move: Metronome|[still]\n|-fail|p1a: Rhydon\n|move|p1b: Rhyperior|Metronome|p1b: Rhyperior\n|move|p1b: Rhyperior|Pin Missile|p2a: Dreepy Airlines|[from]move: Metronome\n|-damage|p2a: Dreepy Airlines|0 fnt\n|faint|p2a: Dreepy Airlines\n|-hitcount|p2: Dreepy Airlines|1\n|\n|upkeep\n|turn|13\n|\n|t:|1663940666\n|move|p2b: Shine Bright|Geomancy|p2b: Shine Bright|[from]lockedmove\n|-boost|p2b: Shine Bright|spa|2\n|-boost|p2b: Shine Bright|spd|2\n|-boost|p2b: Shine Bright|spe|2\n|move|p1a: Rhydon|Metronome|p1a: Rhydon\n|move|p1a: Rhydon|No Retreat|p1a: Rhydon|[from]move: Metronome\n|-boost|p1a: Rhydon|atk|1\n|-boost|p1a: Rhydon|def|1\n|-boost|p1a: Rhydon|spa|1\n|-boost|p1a: Rhydon|spd|1\n|-boost|p1a: Rhydon|spe|1\n|-start|p1a: Rhydon|move: No Retreat\n|-activate|p1b: Rhyperior|move: Struggle\n|move|p1b: Rhyperior|Struggle|p2b: Shine Bright\n|-damage|p2b: Shine Bright|32\/100\n|-damage|p1b: Rhyperior|0 fnt|[from] recoil\n|faint|p1b: Rhyperior\n|\n|upkeep\n|turn|14\n|\n|t:|1663940680\n|move|p2b: Shine Bright|Metronome|p2b: Shine Bright\n|move|p2b: Shine Bright|Mean Look|p1a: Rhydon|[from]move: Metronome\n|-activate|p1a: Rhydon|trapped\n|move|p1a: Rhydon|Metronome|p1a: Rhydon\n|move|p1a: Rhydon|Smokescreen|p2b: Shine Bright|[from]move: Metronome\n|-unboost|p2b: Shine Bright|accuracy|1\n|\n|upkeep\n|turn|15\n|inactive|SirAero1996 has 120 seconds left.\n|\n|t:|1663940730\n|move|p2b: Shine Bright|Metronome|p2b: Shine Bright\n|move|p2b: Shine Bright|Roost|p2b: Shine Bright|[from]move: Metronome\n|-heal|p2b: Shine Bright|82\/100\n|-singleturn|p2b: Shine Bright|move: Roost\n|move|p1a: Rhydon|Metronome|p1a: Rhydon\n|move|p1a: Rhydon|Spacial Rend|p2b: Shine Bright|[from]move: Metronome\n|-immune|p2b: Shine Bright\n|\n|upkeep\n|turn|16\n|\n|t:|1663940745\n|move|p2b: Shine Bright|Metronome|p2b: Shine Bright\n|move|p2b: Shine Bright|Metal Claw|p1a: Rhydon|[from]move: Metronome|[miss]\n|-miss|p2b: Shine Bright|p1a: Rhydon\n|move|p1a: Rhydon|Metronome|p1a: Rhydon\n|move|p1a: Rhydon|Iron Head|p2b: Shine Bright|[from]move: Metronome\n|-supereffective|p2b: Shine Bright\n|-damage|p2b: Shine Bright|33\/100\n|-enditem|p2b: Shine Bright|Weakness Policy\n|-boost|p2b: Shine Bright|atk|2|[from] item: Weakness Policy\n|-boost|p2b: Shine Bright|spa|2|[from] item: Weakness Policy\n|\n|upkeep\n|turn|17\n|\n|t:|1663940762\n|-start|p2b: Shine Bright|Dynamax|\n|-heal|p2b: Shine Bright|33\/100|[silent]\n|move|p2b: Shine Bright|Max Guard|p2b: Shine Bright\n|-singleturn|p2b: Shine Bright|Max Guard\n|move|p1a: Rhydon|Metronome|p1a: Rhydon\n|move|p1a: Rhydon|Parabolic Charge|p2b: Shine Bright|[from]move: Metronome\n|-activate|p2b: Shine Bright|move: Max Guard\n|\n|upkeep\n|turn|18\n|\n|t:|1663940770\n|-activate|p2b: Shine Bright|move: Struggle\n|move|p2b: Shine Bright|Struggle|p1a: Rhydon\n|-damage|p1a: Rhydon|47\/100\n|-damage|p2b: Shine Bright|21\/100|[from] recoil\n|-activate|p1a: Rhydon|move: Struggle\n|move|p1a: Rhydon|Struggle|p2b: Shine Bright\n|-damage|p2b: Shine Bright|17\/100\n|-damage|p1a: Rhydon|22\/100|[from] recoil\n|\n|upkeep\n|turn|19\n|\n|t:|1663940777\n|-activate|p2b: Shine Bright|move: Struggle\n|move|p2b: Shine Bright|Struggle|p1a: Rhydon\n|-damage|p1a: Rhydon|16\/100\n|-damage|p2b: Shine Bright|4\/100|[from] recoil\n|-activate|p1a: Rhydon|move: Struggle\n|move|p1a: Rhydon|Struggle|p2b: Shine Bright\n|-damage|p2b: Shine Bright|0 fnt\n|faint|p2b: Shine Bright\n|-damage|p1a: Rhydon|0 fnt|[from] recoil\n|faint|p1a: Rhydon\n|\n|win|SirAero1996\n|raw|SirAero1996's rating: 1309 &rarr; <strong>1335<\/strong><br \/>(+26 for winning)\n|raw|Down$hift's rating: 1416 &rarr; <strong>1390<\/strong><br \/>(-26 for losing)\n|c|\u2606Down$hift|Gg\n","uploadtime":1663940793,"views":6,"p1id":"siraero1996","p2id":"downhift","formatid":"gen8metronomebattle","rating":1335,"private":0,"password":null}