{"id":"gen8vgc2021-1706952449","p1":"BenD870","p2":"Omarinator","format":"gen8vgc2021","log":"|j|\u2606BenD870\n|j|\u2606Omarinator\n|t:|1668035762\n|gametype|doubles\n|player|p1|BenD870|170|\n|player|p2|Omarinator|hoopster|\n|teamsize|p1|6\n|teamsize|p2|6\n|gen|8\n|tier|[Gen 8] VGC 2021\n|rule|Species Clause: Limit one of each Pok\u00e9mon\n|rule|Item Clause: Limit one of each item\n|clearpoke\n|poke|p1|Talonflame, L50, F|\n|poke|p1|Landorus, L50, M|\n|poke|p1|Metagross, L50|\n|poke|p1|Grimmsnarl, L50, M|\n|poke|p1|Rotom-Wash, L50|\n|poke|p1|Regidrago, L50|\n|poke|p2|Togekiss, L50, M|\n|poke|p2|Boltund, L50, F|\n|poke|p2|Porygon2, L50|\n|poke|p2|Thwackey, L50, M|\n|poke|p2|Urshifu-*, L50, M|\n|poke|p2|Blacephalon, L50|\n|teampreview|4\n|inactive|Battle timer is ON: inactive players will automatically lose when time's up. (requested by Omarinator)\n|inactiveoff|Battle timer is now OFF.\n|c|\u2606BenD870|g3\n|c|\u2606Omarinator|gl and hf\n|c|\u2606BenD870|glhf!\n|j| Superperson00\n|j| hero of zero\n|j| SILVESTRON\n|l| hero of zero\n|j| hero of zero\n|\n|t:|1668037018\n|start\n|switch|p1a: Regidrago|Regidrago, L50|100\/100\n|switch|p1b: Landorus|Landorus, L50, M|100\/100\n|switch|p2a: bop|Thwackey, L50, M|100\/100\n|switch|p2b: blap|Urshifu, L50, M|100\/100\n|-fieldstart|move: Grassy Terrain|[from] ability: Grassy Surge|[of] p2a: bop\n|turn|1\n|\n|t:|1668037124\n|move|p2a: bop|Fake Out|p1a: Regidrago\n|-damage|p1a: Regidrago|86\/100\n|move|p1b: Landorus|Earth Power|p2b: blap\n|-damage|p2b: blap|39\/100\n|move|p2b: blap|Wicked Blow|p1a: Regidrago\n|-crit|p1a: Regidrago\n|-damage|p1a: Regidrago|14\/100\n|cant|p1a: Regidrago|flinch\n|\n|-heal|p2b: blap|45\/100|[from] Grassy Terrain\n|-heal|p1a: Regidrago|20\/100|[from] Grassy Terrain\n|upkeep\n|turn|2\n|\n|t:|1668037144\n|switch|p2b: boop|Porygon2, L50|100\/100\n|-ability|p2b: boop|Dragon's Maw|[from] ability: Trace|[of] p1a: Regidrago\n|move|p2a: bop|Grassy Glide|p1a: Regidrago\n|-resisted|p1a: Regidrago\n|-damage|p1a: Regidrago|0 fnt\n|faint|p1a: Regidrago\n|move|p1b: Landorus|Earth Power|p2b: boop\n|-damage|p2b: boop|63\/100\n|\n|-heal|p2b: boop|69\/100|[from] Grassy Terrain\n|upkeep\n|\n|t:|1668037160\n|switch|p1a: Metagross|Metagross, L50|100\/100\n|turn|3\n|\n|t:|1668037196\n|-start|p1a: Metagross|Dynamax|\n|-heal|p1a: Metagross|100\/100|[silent]\n|move|p1b: Landorus|Earth Power|p2b: boop\n|-damage|p2b: boop|32\/100\n|move|p2a: bop|Knock Off|p1a: Metagross\n|-supereffective|p1a: Metagross\n|-damage|p1a: Metagross|81\/100\n|-enditem|p1a: Metagross|Weakness Policy\n|-boost|p1a: Metagross|atk|2|[from] item: Weakness Policy\n|-boost|p1a: Metagross|spa|2|[from] item: Weakness Policy\n|move|p1a: Metagross|Max Steelspike|p2b: boop\n|-damage|p2b: boop|0 fnt\n|-boost|p1a: Metagross|def|1\n|-boost|p1b: Landorus|def|1\n|faint|p2b: boop\n|\n|-heal|p1a: Metagross|84\/100|[from] Grassy Terrain\n|upkeep\n|\n|t:|1668037208\n|switch|p2b: bap|Blacephalon, L50, shiny|100\/100\n|turn|4\n|\n|t:|1668037253\n|-start|p2b: bap|Dynamax|\n|-heal|p2b: bap|100\/100|[silent]\n|move|p2b: bap|Max Phantasm|p1a: Metagross\n|-supereffective|p1a: Metagross\n|-damage|p1a: Metagross|0 fnt\n|-unboost|p1b: Landorus|def|1\n|faint|p1a: Metagross\n|-ability|p2b: bap|Beast Boost|boost\n|-boost|p2b: bap|spa|1\n|move|p1b: Landorus|Earth Power|p2b: bap\n|-supereffective|p2b: bap\n|-enditem|p2b: bap|Focus Sash\n|-damage|p2b: bap|1\/100\n|move|p2a: bop|Knock Off|p1b: Landorus\n|-damage|p1b: Landorus|67\/100\n|-enditem|p1b: Landorus|Life Orb|[from] move: Knock Off|[of] p2a: bop\n|\n|-heal|p2b: bap|4\/100|[from] Grassy Terrain\n|upkeep\n|c|\u2606BenD870|i fucking hate rolls\n|c|\u2606BenD870|so damn much\n|\n|t:|1668037296\n|switch|p1a: Talonflame|Talonflame, L50, F|100\/100\n|turn|5\n|j| Jayant830\n|\n|t:|1668037423\n|move|p2b: bap|Max Guard|p2b: bap\n|-singleturn|p2b: bap|Max Guard\n|move|p1b: Landorus|Protect|p1b: Landorus\n|-singleturn|p1b: Landorus|Protect\n|move|p1a: Talonflame|Brave Bird|p2b: bap\n|-activate|p2b: bap|move: Max Guard\n|move|p2a: bop|Grassy Glide|p1b: Landorus\n|-activate|p1b: Landorus|move: Protect\n|\n|-heal|p2b: bap|7\/100|[from] Grassy Terrain\n|-fieldend|move: Grassy Terrain\n|upkeep\n|turn|6\n|c| hero of zero|Epic turn\n|c|\u2606BenD870|so true\n|\n|t:|1668037468\n|move|p1a: Talonflame|Brave Bird|p2b: bap\n|-damage|p2b: bap|0 fnt\n|faint|p2b: bap\n|-damage|p1a: Talonflame|97\/100|[from] Recoil\n|move|p1b: Landorus|Sludge Bomb|p2a: bop\n|-supereffective|p2a: bop\n|-damage|p2a: bop|0 fnt\n|faint|p2a: bop\n|\n|upkeep\n|\n|t:|1668037471\n|switch|p2b: blap|Urshifu, L50, M|45\/100\n|turn|7\n|c|\u2606Omarinator|ggs\n|c|\u2606BenD870|ggs dude\n|\n|t:|1668037480\n|move|p1a: Talonflame|Brave Bird|p2b: blap\n|-supereffective|p2b: blap\n|-damage|p2b: blap|0 fnt\n|faint|p2b: blap\n|-damage|p1a: Talonflame|83\/100|[from] Recoil\n|\n|win|BenD870\n|l| hero of zero\n","uploadtime":1668037488,"views":6,"p1id":"bend870","p2id":"omarinator","formatid":"gen8vgc2021","rating":0,"private":0,"password":null}