{"id":"gen8ubers-1487254620","p1":"Ivyon","p2":"Sukuna.jaeger","format":"gen8ubers","log":"|j|\u2606Ivyon\n|j|\u2606Sukuna.jaeger\n|t:|1641586366\n|gametype|singles\n|player|p1|Ivyon|blue|1259\n|player|p2|Sukuna.jaeger|101|1368\n|teamsize|p1|6\n|teamsize|p2|6\n|gen|8\n|tier|[Gen 8] Ubers\n|rated|\n|rule|Sleep Clause Mod: Limit one foe put to sleep\n|rule|Species Clause: Limit one of each Pok\u00e9mon\n|rule|OHKO Clause: OHKO moves are banned\n|rule|Evasion Moves Clause: Evasion moves are banned\n|rule|Endless Battle Clause: Forcing endless battles is banned\n|rule|HP Percentage Mod: HP is shown in percentages\n|rule|Dynamax Clause: You cannot dynamax\n|clearpoke\n|poke|p1|Shuckle, M|\n|poke|p1|Ninjask, M|\n|poke|p1|Delibird, M|\n|poke|p1|Espeon, F|\n|poke|p1|Dragonite, F|\n|poke|p1|Blaziken, M|\n|poke|p2|Calyrex-Shadow|\n|poke|p2|Ribombee, M|\n|poke|p2|Kyogre|\n|poke|p2|Marshadow|\n|poke|p2|Necrozma-Dusk-Mane|\n|poke|p2|Yveltal|\n|teampreview\n|inactive|Battle timer is ON: inactive players will automatically lose when time's up. (requested by Sukuna.jaeger)\n|\n|t:|1641586378\n|start\n|switch|p1a: Shuckle|Shuckle, M, shiny|100\/100\n|switch|p2a: Calyrex|Calyrex-Shadow|100\/100\n|-ability|p2a: Calyrex|As One\n|-ability|p2a: Calyrex|Unnerve\n|turn|1\n|\n|t:|1641586387\n|move|p2a: Calyrex|Substitute|p2a: Calyrex\n|-start|p2a: Calyrex|Substitute\n|-damage|p2a: Calyrex|76\/100\n|move|p1a: Shuckle|Power Split||[still]\n|-fail|p1a: Shuckle\n|\n|upkeep\n|turn|2\n|\n|t:|1641586397\n|move|p2a: Calyrex|Astral Barrage|p1a: Shuckle\n|-damage|p1a: Shuckle|52\/100\n|move|p1a: Shuckle|Encore|p2a: Calyrex\n|-start|p2a: Calyrex|Encore\n|\n|upkeep\n|turn|3\n|\n|t:|1641586413\n|move|p2a: Calyrex|Astral Barrage|p1a: Shuckle\n|-damage|p1a: Shuckle|8\/100\n|move|p1a: Shuckle|Stealth Rock|p2a: Calyrex\n|-sidestart|p2: Sukuna.jaeger|move: Stealth Rock\n|\n|upkeep\n|turn|4\n|\n|t:|1641586432\n|switch|p2a: Ribombee|Ribombee, M|100\/100\n|-damage|p2a: Ribombee|75\/100|[from] Stealth Rock\n|move|p1a: Shuckle|Sticky Web|p2a: Ribombee\n|-sidestart|p2: Sukuna.jaeger|move: Sticky Web\n|\n|upkeep\n|turn|5\n|\n|t:|1641586449\n|move|p2a: Ribombee|Toxic|p1a: Shuckle\n|-status|p1a: Shuckle|tox\n|move|p1a: Shuckle|Sticky Web||[still]\n|-fail|p1a: Shuckle\n|\n|-damage|p1a: Shuckle|2\/100 tox|[from] psn\n|upkeep\n|turn|6\n|inactive|Ivyon has 120 seconds left.\n|\n|t:|1641586474\n|switch|p2a: Yveltal|Yveltal|100\/100\n|-damage|p2a: Yveltal|76\/100|[from] Stealth Rock\n|-ability|p2a: Yveltal|Dark Aura\n|move|p1a: Shuckle|Power Split|p2a: Yveltal\n|-activate|p1a: Shuckle|move: Power Split|[of] p2a: Yveltal\n|\n|-damage|p1a: Shuckle|0 fnt|[from] psn\n|faint|p1a: Shuckle\n|upkeep\n|\n|t:|1641586486\n|switch|p1a: Blaziken|Blaziken, M, shiny|100\/100\n|turn|7\n|\n|t:|1641586492\n|move|p2a: Yveltal|Defog|p1a: Blaziken\n|-unboost|p1a: Blaziken|evasion|1\n|-sideend|p2: Sukuna.jaeger|Stealth Rock|[from] move: Defog|[of] p2a: Yveltal\n|-sideend|p2: Sukuna.jaeger|Sticky Web|[from] move: Defog|[of] p2a: Yveltal\n|move|p1a: Blaziken|Swords Dance|p1a: Blaziken\n|-boost|p1a: Blaziken|atk|2\n|\n|-ability|p1a: Blaziken|Speed Boost|boost\n|-boost|p1a: Blaziken|spe|1\n|upkeep\n|turn|8\n|\n|t:|1641586499\n|move|p1a: Blaziken|Close Combat|p2a: Yveltal\n|-damage|p2a: Yveltal|0 fnt\n|-unboost|p1a: Blaziken|def|1\n|-unboost|p1a: Blaziken|spd|1\n|faint|p2a: Yveltal\n|\n|-ability|p1a: Blaziken|Speed Boost|boost\n|-boost|p1a: Blaziken|spe|1\n|upkeep\n|\n|t:|1641586507\n|switch|p2a: Marshadow|Marshadow|100\/100\n|turn|9\n|\n|t:|1641586514\n|move|p1a: Blaziken|Knock Off|p2a: Marshadow\n|-damage|p2a: Marshadow|4\/100\n|-enditem|p2a: Marshadow|Focus Sash|[from] move: Knock Off|[of] p1a: Blaziken\n|move|p2a: Marshadow|Spectral Thief||[still]\n|-clearpositiveboost|p1a: Blaziken|p2a: Marshadow|move: Spectral Thief\n|-boost|p2a: Marshadow|atk|2\n|-boost|p2a: Marshadow|spe|2\n|-anim|p2a: Marshadow|Spectral Thief|p1a: Blaziken\n|-enditem|p1a: Blaziken|Focus Sash\n|-damage|p1a: Blaziken|1\/100\n|\n|-ability|p1a: Blaziken|Speed Boost|boost\n|-boost|p1a: Blaziken|spe|1\n|upkeep\n|turn|10\n|\n|t:|1641586531\n|move|p2a: Marshadow|Shadow Sneak|p1a: Blaziken\n|-damage|p1a: Blaziken|0 fnt\n|faint|p1a: Blaziken\n|\n|upkeep\n|c|\u2606Sukuna.jaeger|Lmfao\n|\n|t:|1641586540\n|switch|p1a: Delibird|Delibird, M|100\/100\n|turn|11\n|inactive|Sukuna.jaeger has 120 seconds left.\n|\n|t:|1641586574\n|move|p2a: Marshadow|Spectral Thief|p1a: Delibird\n|-enditem|p1a: Delibird|Focus Sash\n|-damage|p1a: Delibird|1\/100\n|move|p1a: Delibird|Destiny Bond|p1a: Delibird\n|-singlemove|p1a: Delibird|Destiny Bond\n|\n|upkeep\n|turn|12\n|inactive|Sukuna.jaeger has 120 seconds left.\n|\n|t:|1641586594\n|switch|p2a: Calyrex|Calyrex-Shadow|76\/100\n|-ability|p2a: Calyrex|As One\n|-ability|p2a: Calyrex|Unnerve\n|move|p1a: Delibird|Spikes|p2a: Calyrex\n|-sidestart|p2: Sukuna.jaeger|Spikes\n|\n|upkeep\n|turn|13\n|inactive|Sukuna.jaeger has 120 seconds left.\n|\n|t:|1641586616\n|switch|p1a: Ninjask|Ninjask, M, shiny|100\/100\n|move|p2a: Calyrex|Astral Barrage|p1a: Ninjask\n|-damage|p1a: Ninjask|0 fnt\n|faint|p1a: Ninjask\n|-ability|p2a: Calyrex|Grim Neigh|boost\n|-boost|p2a: Calyrex|spa|1\n|\n|upkeep\n|\n|t:|1641586624\n|switch|p1a: Espeon|Espeon, F|100\/100\n|turn|14\n|\n|t:|1641586629\n|move|p2a: Calyrex|Astral Barrage|p1a: Espeon\n|-supereffective|p1a: Espeon\n|-enditem|p1a: Espeon|Focus Sash\n|-damage|p1a: Espeon|1\/100\n|move|p1a: Espeon|Yawn|p2a: Calyrex\n|-start|p2a: Calyrex|move: Yawn|[of] p1a: Espeon\n|\n|upkeep\n|turn|15\n|inactive|Sukuna.jaeger has 120 seconds left.\n|\n|t:|1641586650\n|switch|p2a: Ribombee|Ribombee, M|75\/100\n|-damage|p2a: Ribombee|63\/100|[from] Spikes\n|move|p1a: Espeon|Yawn|p2a: Ribombee\n|-start|p2a: Ribombee|move: Yawn|[of] p1a: Espeon\n|\n|upkeep\n|turn|16\n|inactive|Sukuna.jaeger has 120 seconds left.\n|\n|t:|1641586665\n|move|p2a: Ribombee|Sticky Web|p1a: Espeon\n|move|p1a: Espeon|Sticky Web|p2a: Ribombee|[from]ability: Magic Bounce\n|-sidestart|p2: Sukuna.jaeger|move: Sticky Web\n|move|p1a: Espeon|Yawn||[still]\n|-fail|p1a: Espeon\n|\n|-end|p2a: Ribombee|move: Yawn|[silent]\n|-status|p2a: Ribombee|slp\n|upkeep\n|turn|17\n|\n|t:|1641586674\n|switch|p1a: Dragonite|Dragonite, F|100\/100\n|cant|p2a: Ribombee|slp\n|\n|upkeep\n|turn|18\n|inactive|Sukuna.jaeger has 120 seconds left.\n|\n|t:|1641586679\n|-curestatus|p2a: Ribombee|slp|[msg]\n|move|p2a: Ribombee|Roost|p2a: Ribombee\n|-heal|p2a: Ribombee|100\/100\n|-singleturn|p2a: Ribombee|move: Roost\n|move|p1a: Dragonite|Dragon Dance|p1a: Dragonite\n|-boost|p1a: Dragonite|atk|1\n|-boost|p1a: Dragonite|spe|1\n|\n|upkeep\n|turn|19\n|\n|t:|1641586686\n|move|p1a: Dragonite|Dragon Dance|p1a: Dragonite\n|-boost|p1a: Dragonite|atk|1\n|-boost|p1a: Dragonite|spe|1\n|move|p2a: Ribombee|Stun Spore|p1a: Dragonite\n|-status|p1a: Dragonite|par\n|\n|upkeep\n|turn|20\n|\n|t:|1641586703\n|switch|p2a: Calyrex|Calyrex-Shadow|76\/100\n|-ability|p2a: Calyrex|As One\n|-ability|p2a: Calyrex|Unnerve\n|-activate|p2a: Calyrex|move: Sticky Web\n|-unboost|p2a: Calyrex|spe|1\n|-damage|p2a: Calyrex|63\/100|[from] Spikes\n|move|p1a: Dragonite|Dragon Dance|p1a: Dragonite\n|-boost|p1a: Dragonite|atk|1\n|-boost|p1a: Dragonite|spe|1\n|\n|upkeep\n|turn|21\n|\n|t:|1641586715\n|move|p1a: Dragonite|Dragon Claw|p2a: Calyrex\n|-damage|p2a: Calyrex|0 fnt\n|faint|p2a: Calyrex\n|\n|upkeep\n|\n|t:|1641586723\n|switch|p2a: Marshadow|Marshadow|4\/100\n|-activate|p2a: Marshadow|move: Sticky Web\n|-unboost|p2a: Marshadow|spe|1\n|-damage|p2a: Marshadow|0 fnt|[from] Spikes\n|faint|p2a: Marshadow\n|\n|t:|1641586727\n|switch|p2a: Kyogre|Kyogre|100\/100\n|-damage|p2a: Kyogre|88\/100|[from] Spikes\n|-activate|p2a: Kyogre|move: Sticky Web\n|-unboost|p2a: Kyogre|spe|1\n|-weather|RainDance|[from] ability: Drizzle|[of] p2a: Kyogre\n|turn|22\n|\n|t:|1641586736\n|move|p1a: Dragonite|Dragon Claw|p2a: Kyogre\n|-damage|p2a: Kyogre|0 fnt\n|faint|p2a: Kyogre\n|\n|-weather|RainDance|[upkeep]\n|upkeep\n|c|\u2606Ivyon|lmfao\n|\n|t:|1641586747\n|switch|p2a: Necrozma|Necrozma-Dusk-Mane|100\/100\n|-activate|p2a: Necrozma|move: Sticky Web\n|-unboost|p2a: Necrozma|spe|1\n|-damage|p2a: Necrozma|88\/100|[from] Spikes\n|turn|23\n|\n|t:|1641586758\n|move|p1a: Dragonite|Dragon Claw|p2a: Necrozma\n|-resisted|p2a: Necrozma\n|-damage|p2a: Necrozma|40\/100\n|move|p2a: Necrozma|Dragon Dance|p2a: Necrozma\n|-boost|p2a: Necrozma|atk|1\n|-boost|p2a: Necrozma|spe|1\n|\n|-weather|RainDance|[upkeep]\n|upkeep\n|turn|24\n|\n|t:|1641586769\n|move|p1a: Dragonite|Dragon Claw|p2a: Necrozma\n|-resisted|p2a: Necrozma\n|-damage|p2a: Necrozma|0 fnt\n|faint|p2a: Necrozma\n|\n|-weather|RainDance|[upkeep]\n|upkeep\n|c|\u2606Ivyon|i'm crying\n|-message|Sukuna.jaeger forfeited.\n|\n|win|Ivyon\n|raw|Ivyon's rating: 1259 &rarr; <strong>1292<\/strong><br \/>(+33 for winning)\n|raw|Sukuna.jaeger's rating: 1368 &rarr; <strong>1342<\/strong><br \/>(-26 for losing)\n|l|\u2606Sukuna.jaeger\n||Ladder isn't responding, score probably updated but might not have (Request timeout).\n","uploadtime":1641586787,"views":13,"p1id":"ivyon","p2id":"sukunajaeger","formatid":"gen8ubers","rating":1292,"private":0,"password":null}