{"id":"gen8ou-1469911123","p1":"Le-Perpetrator","p2":"Hajmola","format":"gen8ou","log":"|html|<div class=\"broadcast-blue\"><strong>[Gen 8] OU is currently suspecting Kyurem! For information on how to participate check out the <a href=\"https:\/\/www.smogon.com\/forums\/threads\/np-ss-ou-suspect-process-round-11-break-the-ice.3694129\/\">suspect thread<\/a>.<\/strong><\/div>\n|j|\u2606Le-Perpetrator\n|j|\u2606Hajmola\n|t:|1639072190\n|gametype|singles\n|player|p1|Le-Perpetrator|169|1655\n|player|p2|Hajmola|doctor|1700\n|teamsize|p1|6\n|teamsize|p2|6\n|gen|8\n|tier|[Gen 8] OU\n|rated|\n|rule|Sleep Clause Mod: Limit one foe put to sleep\n|rule|Species Clause: Limit one of each Pok\u00e9mon\n|rule|OHKO Clause: OHKO moves are banned\n|rule|Evasion Moves Clause: Evasion moves are banned\n|rule|Endless Battle Clause: Forcing endless battles is banned\n|rule|HP Percentage Mod: HP is shown in percentages\n|rule|Dynamax Clause: You cannot dynamax\n|clearpoke\n|poke|p1|Hatterene, F|\n|poke|p1|Ferrothorn, F|\n|poke|p1|Crawdaunt, F|\n|poke|p1|Kyurem|\n|poke|p1|Tapu Koko|\n|poke|p1|Landorus-Therian, M|\n|poke|p2|Nidoking, M|\n|poke|p2|Slowbro, M|\n|poke|p2|Heatran, F|\n|poke|p2|Zarude|\n|poke|p2|Rotom-Wash|\n|poke|p2|Buzzwole|\n|teampreview\n|\n|t:|1639072211\n|start\n|switch|p1a: Kyurem|Kyurem|100\/100\n|switch|p2a: Heatran|Heatran, F|100\/100\n|-ability|p1a: Kyurem|Pressure\n|turn|1\n|j| 100%er\n|\n|t:|1639072217\n|move|p1a: Kyurem|Earth Power|p2a: Heatran\n|-supereffective|p2a: Heatran\n|-damage|p2a: Heatran|0 fnt\n|faint|p2a: Heatran\n|\n|upkeep\n|j| Richarizard18\n|\n|t:|1639072237\n|switch|p2a: Zarude|Zarude|100\/100\n|turn|2\n|\n|t:|1639072242\n|switch|p1a: Landorus|Landorus-Therian, M|100\/100\n|-ability|p1a: Landorus|Intimidate|boost\n|-unboost|p2a: Zarude|atk|1\n|move|p2a: Zarude|Bulk Up|p2a: Zarude\n|-boost|p2a: Zarude|atk|1\n|-boost|p2a: Zarude|def|1\n|\n|upkeep\n|turn|3\n|\n|t:|1639072249\n|move|p1a: Landorus|U-turn|p2a: Zarude\n|-supereffective|p2a: Zarude\n|-damage|p2a: Zarude|25\/100\n|\n|t:|1639072252\n|switch|p1a: Tapu Koko|Tapu Koko|100\/100|[from]move: U-turn\n|-fieldstart|move: Electric Terrain|[from] ability: Electric Surge|[of] p1a: Tapu Koko\n|move|p2a: Zarude|Power Whip|p1a: Tapu Koko\n|-crit|p1a: Tapu Koko\n|-damage|p1a: Tapu Koko|0 fnt\n|faint|p1a: Tapu Koko\n|\n|-heal|p2a: Zarude|31\/100|[from] item: Leftovers\n|upkeep\n|j| whatdoiclick\n|j| zxczxczxcvbn\n|j| Whole Lotta Agents\n|\n|t:|1639072262\n|switch|p1a: Landorus|Landorus-Therian, M|100\/100\n|-ability|p1a: Landorus|Intimidate|boost\n|-unboost|p2a: Zarude|atk|1\n|turn|4\n|\n|t:|1639072273\n|switch|p2a: Buzzwole|Buzzwole|100\/100\n|move|p1a: Landorus|U-turn|p2a: Buzzwole\n|-resisted|p2a: Buzzwole\n|-damage|p2a: Buzzwole|94\/100\n|\n|t:|1639072278\n|switch|p1a: Hatterene|Hatterene, F|100\/100|[from]move: U-turn\n|\n|upkeep\n|turn|5\n|\n|t:|1639072286\n|switch|p2a: Slowbro|Slowbro, M|100\/100\n|move|p1a: Hatterene|Psyshock|p2a: Slowbro\n|-resisted|p2a: Slowbro\n|-damage|p2a: Slowbro|78\/100\n|\n|upkeep\n|turn|6\n|\n|t:|1639072295\n|switch|p1a: Landorus|Landorus-Therian, M|100\/100\n|-ability|p1a: Landorus|Intimidate|boost\n|-unboost|p2a: Slowbro|atk|1\n|move|p2a: Slowbro|Teleport|p2a: Slowbro\n|\n|t:|1639072301\n|switch|p2a: Rotom|Rotom-Wash|100\/100|[from]move: Teleport\n|\n|upkeep\n|turn|7\n|\n|t:|1639072305\n|switch|p1a: Ferrothorn|Ferrothorn, F|100\/100\n|move|p2a: Rotom|Volt Switch|p1a: Ferrothorn\n|-resisted|p1a: Ferrothorn\n|-damage|p1a: Ferrothorn|93\/100\n|\n|t:|1639072307\n|switch|p2a: Nidoking|Nidoking, M|100\/100|[from]move: Volt Switch\n|\n|-fieldend|move: Electric Terrain\n|upkeep\n|turn|8\n|\n|t:|1639072314\n|switch|p1a: Kyurem|Kyurem|100\/100\n|-ability|p1a: Kyurem|Pressure\n|move|p2a: Nidoking|Flamethrower|p1a: Kyurem\n|-damage|p1a: Kyurem|64\/100\n|\n|upkeep\n|turn|9\n|l| Richarizard18\n|\n|t:|1639072338\n|switch|p2a: Slowbro|Slowbro, M|100\/100\n|move|p1a: Kyurem|Freeze-Dry|p2a: Slowbro\n|-supereffective|p2a: Slowbro\n|-damage|p2a: Slowbro|0 fnt\n|faint|p2a: Slowbro\n|\n|upkeep\n|\n|t:|1639072341\n|switch|p2a: Buzzwole|Buzzwole|94\/100\n|turn|10\n|\n|t:|1639072347\n|switch|p1a: Hatterene|Hatterene, F|100\/100\n|switch|p2a: Nidoking|Nidoking, M|100\/100\n|\n|upkeep\n|turn|11\n|\n|t:|1639072355\n|move|p2a: Nidoking|Ice Beam|p1a: Hatterene\n|-damage|p1a: Hatterene|56\/100\n|move|p1a: Hatterene|Psyshock|p2a: Nidoking\n|-supereffective|p2a: Nidoking\n|-damage|p2a: Nidoking|0 fnt\n|faint|p2a: Nidoking\n|\n|upkeep\n|-message|Hajmola forfeited.\n|\n|win|Le-Perpetrator\n|raw|Le-Perpetrator's rating: 1655 &rarr; <strong>1678<\/strong><br \/>(+23 for winning)\n|raw|Hajmola's rating: 1700 &rarr; <strong>1677<\/strong><br \/>(-23 for losing)\n|l|\u2606Hajmola\n","uploadtime":1639072364,"views":40,"p1id":"leperpetrator","p2id":"hajmola","formatid":"gen8ou","rating":1677,"private":0,"password":null}