{"id":"gen8nationaldex-1256040622","p1":"glaed13","p2":"Official Poyo","format":"gen8nationaldex","log":"|html|<div class=\"broadcast-blue\"><strong>[Gen 8] National Dex is currently suspecting Spectrier! For information on how to participate check out the <a href=\"https:\/\/www.smogon.com\/forums\/threads\/national-dex-suspect-9-dark-horse.3675797\/\">suspect thread<\/a>.<\/strong><\/div>\n|j|\u2606glaed13\n|j|\u2606Official Poyo\n|t:|1609809474\n|player|p1|glaed13|cheren-gen5bw2|1249\n|player|p2|Official Poyo|scientist-gen4dp|1265\n|teamsize|p1|6\n|teamsize|p2|6\n|gametype|singles\n|gen|8\n|tier|[Gen 8] National Dex\n|rated|\n|clearpoke\n|poke|p1|Charizard, M|\n|poke|p1|Torkoal, M|\n|poke|p1|Zarude-Dada|\n|poke|p1|Talonflame, F|\n|poke|p1|Excadrill, M|\n|poke|p1|Heatran, F|\n|poke|p2|Claydol|\n|poke|p2|Diancie|\n|poke|p2|Greninja, M|\n|poke|p2|Blissey, F|\n|poke|p2|Kartana|\n|poke|p2|Tyranitar, F|\n|rule|HP Percentage Mod: HP is shown in percentages\n|rule|Endless Battle Clause: Forcing endless battles is banned\n|rule|OHKO Clause: OHKO moves are banned\n|rule|Evasion Moves Clause: Evasion moves are banned\n|rule|Species Clause: Limit one of each Pok\u00e9mon\n|rule|Dynamax Clause: You cannot dynamax\n|rule|Sleep Clause Mod: Limit one foe put to sleep\n|teampreview\n|inactive|Battle timer is ON: inactive players will automatically lose when time's up. (requested by glaed13)\n|\n|t:|1609809488\n|start\n|switch|p1a: Torkoal|Torkoal, M|100\/100\n|switch|p2a: Tyranitar|Tyranitar, F|100\/100\n|-weather|Sandstorm|[from] ability: Sand Stream|[of] p2a: Tyranitar\n|-weather|SunnyDay|[from] ability: Drought|[of] p1a: Torkoal\n|turn|1\n|\n|t:|1609809493\n|move|p2a: Tyranitar|Stone Edge|p1a: Torkoal\n|-supereffective|p1a: Torkoal\n|-damage|p1a: Torkoal|29\/100\n|move|p1a: Torkoal|Stealth Rock|p2a: Tyranitar\n|-sidestart|p2: Official Poyo|move: Stealth Rock\n|\n|-weather|SunnyDay|[upkeep]\n|upkeep\n|turn|2\n|\n|t:|1609809499\n|move|p2a: Tyranitar|Stone Edge|p1a: Torkoal\n|-supereffective|p1a: Torkoal\n|-damage|p1a: Torkoal|0 fnt\n|faint|p1a: Torkoal\n|\n|-weather|SunnyDay|[upkeep]\n|upkeep\n|\n|t:|1609809511\n|switch|p1a: Zarude|Zarude-Dada|100\/100\n|turn|3\n|\n|t:|1609809515\n|switch|p2a: Kartana|Kartana|100\/100\n|-damage|p2a: Kartana|94\/100|[from] Stealth Rock\n|move|p1a: Zarude|Growth|p1a: Zarude\n|-boost|p1a: Zarude|atk|2\n|-boost|p1a: Zarude|spa|2\n|\n|-weather|SunnyDay|[upkeep]\n|upkeep\n|turn|4\n|\n|t:|1609809522\n|move|p2a: Kartana|Sacred Sword|p1a: Zarude\n|-supereffective|p1a: Zarude\n|-damage|p1a: Zarude|22\/100\n|move|p1a: Zarude|Darkest Lariat|p2a: Kartana\n|-damage|p2a: Kartana|9\/100\n|\n|-weather|SunnyDay|[upkeep]\n|upkeep\n|turn|5\n|\n|t:|1609809535\n|switch|p1a: Charizard|Charizard, M|100\/100\n|move|p2a: Kartana|Sacred Sword|p1a: Charizard\n|-resisted|p1a: Charizard\n|-damage|p1a: Charizard|70\/100\n|\n|-weather|SunnyDay|[upkeep]\n|upkeep\n|turn|6\n|\n|t:|1609809542\n|switch|p2a: Blissey|Blissey, F|100\/100\n|-damage|p2a: Blissey|88\/100|[from] Stealth Rock\n|move|p1a: Charizard|Flamethrower|p2a: Blissey\n|-damage|p2a: Blissey|65\/100\n|\n|-weather|SunnyDay|[upkeep]\n|-heal|p2a: Blissey|72\/100|[from] item: Leftovers\n|upkeep\n|turn|7\n|\n|t:|1609809553\n|switch|p1a: Excadrill|Excadrill, M|100\/100\n|-ability|p1a: Excadrill|Mold Breaker\n|move|p2a: Blissey|Toxic|p1a: Excadrill\n|-immune|p1a: Excadrill\n|\n|-weather|SunnyDay|[upkeep]\n|-heal|p2a: Blissey|78\/100|[from] item: Leftovers\n|upkeep\n|turn|8\n|\n|t:|1609809563\n|move|p1a: Excadrill|Rapid Spin|p2a: Blissey\n|-damage|p2a: Blissey|62\/100\n|-boost|p1a: Excadrill|spe|1\n|move|p2a: Blissey|Teleport|p2a: Blissey\n|\n|t:|1609809566\n|switch|p2a: Claydol|Claydol|100\/100|[from]move: Teleport\n|-damage|p2a: Claydol|94\/100|[from] Stealth Rock\n|\n|-weather|none\n|upkeep\n|turn|9\n|\n|t:|1609809574\n|move|p1a: Excadrill|Iron Head|p2a: Claydol\n|-damage|p2a: Claydol|31\/100\n|move|p2a: Claydol|Earth Power|p1a: Excadrill\n|-supereffective|p1a: Excadrill\n|-enditem|p1a: Excadrill|Focus Sash\n|-damage|p1a: Excadrill|1\/100\n|\n|upkeep\n|turn|10\n|\n|t:|1609809580\n|move|p1a: Excadrill|Iron Head|p2a: Claydol\n|-damage|p2a: Claydol|0 fnt\n|faint|p2a: Claydol\n|\n|upkeep\n|\n|t:|1609809582\n|switch|p2a: Greninja|Greninja, M|100\/100\n|-damage|p2a: Greninja|88\/100|[from] Stealth Rock\n|turn|11\n|\n|t:|1609809592\n|switch|p1a: Zarude|Zarude-Dada|22\/100\n|move|p2a: Greninja|Water Shuriken|p1a: Zarude\n|-resisted|p1a: Zarude\n|-damage|p1a: Zarude|18\/100\n|-resisted|p1a: Zarude\n|-damage|p1a: Zarude|14\/100\n|-resisted|p1a: Zarude\n|-damage|p1a: Zarude|10\/100\n|-hitcount|p1a: Zarude|3\n|-damage|p2a: Greninja|78\/100|[from] item: Life Orb\n|\n|upkeep\n|turn|12\n|\n|t:|1609809601\n|switch|p1a: Charizard|Charizard, M|70\/100\n|move|p2a: Greninja|U-turn|p1a: Charizard\n|-resisted|p1a: Charizard\n|-damage|p1a: Charizard|62\/100\n|-damage|p2a: Greninja|69\/100|[from] item: Life Orb\n|\n|t:|1609809610\n|switch|p2a: Diancie|Diancie|100\/100|[from]move: U-turn\n|-damage|p2a: Diancie|88\/100|[from] Stealth Rock\n|\n|upkeep\n|turn|13\n|\n|t:|1609809620\n|detailschange|p1a: Charizard|Charizard-Mega-Y, M\n|-mega|p1a: Charizard|Charizard|Charizardite Y\n|-weather|SunnyDay|[from] ability: Drought|[of] p1a: Charizard\n|detailschange|p2a: Diancie|Diancie-Mega\n|-mega|p2a: Diancie|Diancie|Diancite\n|move|p2a: Diancie|Diamond Storm|p1a: Charizard\n|-supereffective|p1a: Charizard\n|-damage|p1a: Charizard|0 fnt\n|-boost|p2a: Diancie|def|2\n|faint|p1a: Charizard\n|\n|-weather|SunnyDay|[upkeep]\n|upkeep\n|\n|t:|1609809640\n|switch|p1a: Excadrill|Excadrill, M|1\/100\n|-ability|p1a: Excadrill|Mold Breaker\n|turn|14\n|\n|t:|1609809645\n|move|p2a: Diancie|Moonblast|p1a: Excadrill\n|-resisted|p1a: Excadrill\n|-damage|p1a: Excadrill|0 fnt\n|faint|p1a: Excadrill\n|\n|-weather|SunnyDay|[upkeep]\n|upkeep\n|\n|t:|1609809647\n|switch|p1a: Heatran|Heatran, F|100\/100\n|turn|15\n|\n|t:|1609809652\n|move|p1a: Heatran|Steel Beam|p2a: Diancie\n|-supereffective|p2a: Diancie\n|-damage|p2a: Diancie|0 fnt\n|-damage|p1a: Heatran|50\/100|[from] mindblown\n|faint|p2a: Diancie\n|\n|-weather|SunnyDay|[upkeep]\n|upkeep\n|\n|t:|1609809662\n|switch|p2a: Tyranitar|Tyranitar, F|100\/100\n|-damage|p2a: Tyranitar|88\/100|[from] Stealth Rock\n|-weather|Sandstorm|[from] ability: Sand Stream|[of] p2a: Tyranitar\n|turn|16\n|\n|t:|1609809669\n|move|p1a: Heatran|Steel Beam|p2a: Tyranitar\n|-supereffective|p2a: Tyranitar\n|-damage|p2a: Tyranitar|29\/100\n|-damage|p1a: Heatran|0 fnt|[from] mindblown\n|faint|p1a: Heatran\n|move|p2a: Tyranitar|Pursuit|p1: Heatran|[notarget]\n|-fail|p2a: Tyranitar\n|\n|-weather|Sandstorm|[upkeep]\n|upkeep\n|\n|t:|1609809677\n|switch|p1a: Zarude|Zarude-Dada|10\/100\n|turn|17\n|\n|t:|1609809680\n|move|p1a: Zarude|Power Whip|p2a: Tyranitar|[miss]\n|-miss|p1a: Zarude|p2a: Tyranitar\n|move|p2a: Tyranitar|Stone Edge|p1a: Zarude\n|-damage|p1a: Zarude|0 fnt\n|faint|p1a: Zarude\n|\n|-weather|Sandstorm|[upkeep]\n|upkeep\n|\n|t:|1609809683\n|switch|p1a: Talonflame|Talonflame, F|100\/100\n|turn|18\n|\n|t:|1609809686\n|move|p1a: Talonflame|U-turn|p2a: Tyranitar\n|-supereffective|p2a: Tyranitar\n|-damage|p2a: Tyranitar|0 fnt\n|faint|p2a: Tyranitar\n|\n|-weather|Sandstorm|[upkeep]\n|-damage|p1a: Talonflame|94\/100|[from] Sandstorm\n|upkeep\n|\n|t:|1609809692\n|switch|p2a: Greninja|Greninja, M|69\/100\n|-damage|p2a: Greninja|56\/100|[from] Stealth Rock\n|turn|19\n|\n|t:|1609809699\n|move|p2a: Greninja|Water Shuriken|p1a: Talonflame\n|-supereffective|p1a: Talonflame\n|-damage|p1a: Talonflame|68\/100\n|-supereffective|p1a: Talonflame\n|-damage|p1a: Talonflame|44\/100\n|-hitcount|p1a: Talonflame|2\n|-damage|p2a: Greninja|46\/100|[from] item: Life Orb\n|move|p1a: Talonflame|U-turn|p2a: Greninja\n|-supereffective|p2a: Greninja\n|-damage|p2a: Greninja|0 fnt\n|faint|p2a: Greninja\n|\n|-weather|Sandstorm|[upkeep]\n|-damage|p1a: Talonflame|38\/100|[from] Sandstorm\n|upkeep\n|\n|t:|1609809705\n|switch|p2a: Blissey|Blissey, F|62\/100\n|-damage|p2a: Blissey|49\/100|[from] Stealth Rock\n|turn|20\n|\n|t:|1609809714\n|move|p1a: Talonflame|Brave Bird|p2a: Blissey\n|-damage|p2a: Blissey|8\/100\n|-damage|p1a: Talonflame|6\/100|[from] Recoil\n|move|p2a: Blissey|Soft-Boiled|p2a: Blissey\n|-heal|p2a: Blissey|58\/100\n|\n|-weather|none\n|-heal|p2a: Blissey|65\/100|[from] item: Leftovers\n|upkeep\n|turn|21\n|\n|t:|1609809722\n|move|p1a: Talonflame|U-turn|p2a: Blissey\n|-damage|p2a: Blissey|47\/100\n|move|p2a: Blissey|Soft-Boiled|p2a: Blissey\n|-heal|p2a: Blissey|97\/100\n|\n|-heal|p2a: Blissey|100\/100|[from] item: Leftovers\n|upkeep\n|turn|22\n|\n|t:|1609809726\n|move|p1a: Talonflame|Brave Bird|p2a: Blissey\n|-damage|p2a: Blissey|55\/100\n|-damage|p1a: Talonflame|0 fnt|[from] Recoil\n|faint|p1a: Talonflame\n|\n|win|Official Poyo\n|l|\u2606glaed13\n|raw|glaed13's rating: 1249 &rarr; <strong>1223<\/strong><br \/>(-26 for losing)\n|raw|Official Poyo's rating: 1233 &rarr; <strong>1260<\/strong><br \/>(+27 for winning)\n","uploadtime":1609809730,"views":3,"p1id":"glaed13","p2id":"officialpoyo","formatid":"gen8nationaldex","rating":1223,"private":0,"password":null}