{"id":"gen8ou-1706950167","p1":"jdboomer","p2":"Pandamonium22","format":"gen8ou","log":"|j|\u2606jdboomer\n|j|\u2606Pandamonium22\n|t:|1668035535\n|gametype|singles\n|player|p1|jdboomer|sabrina|\n|player|p2|Pandamonium22|101|\n|teamsize|p1|6\n|teamsize|p2|6\n|gen|8\n|tier|[Gen 8] OU\n|rule|Sleep Clause Mod: Limit one foe put to sleep\n|rule|Species Clause: Limit one of each Pok\u00e9mon\n|rule|OHKO Clause: OHKO moves are banned\n|rule|Evasion Items Clause: Evasion items are banned\n|rule|Evasion Moves Clause: Evasion moves are banned\n|rule|Endless Battle Clause: Forcing endless battles is banned\n|rule|HP Percentage Mod: HP is shown in percentages\n|rule|Dynamax Clause: You cannot dynamax\n|clearpoke\n|poke|p1|Vaporeon, F|\n|poke|p1|Gigalith, M|\n|poke|p1|Excadrill, M|\n|poke|p1|Vileplume, M|\n|poke|p1|Weavile, F|\n|poke|p1|Raikou|\n|poke|p2|Pelipper, F|\n|poke|p2|Zapdos|\n|poke|p2|Nidoqueen, F|\n|poke|p2|Diancie|\n|poke|p2|Scizor, M|\n|poke|p2|Ludicolo, M|\n|teampreview\n|j| DrChillMD\n|j| legralex\n|c| DrChillMD|We here\n|\n|t:|1668035633\n|start\n|switch|p1a: Dark Meowth|Weavile, F|100\/100\n|switch|p2a: MirrorB|Ludicolo, M|100\/100\n|-ability|p1a: Dark Meowth|Pressure\n|turn|1\n|\n|t:|1668035663\n|move|p1a: Dark Meowth|Ice Punch|p2a: MirrorB\n|-damage|p2a: MirrorB|16\/100\n|move|p2a: MirrorB|Focus Blast|p1a: Dark Meowth\n|-supereffective|p1a: Dark Meowth\n|-damage|p1a: Dark Meowth|0 fnt\n|faint|p1a: Dark Meowth\n|\n|upkeep\n|\n|t:|1668035703\n|switch|p1a: Enel|Raikou|100\/100\n|-ability|p1a: Enel|Pressure\n|turn|2\n|\n|t:|1668035736\n|switch|p2a: Nido McQueen|Nidoqueen, F|100\/100\n|move|p1a: Enel|Thunderbolt|p2a: Nido McQueen\n|-immune|p2a: Nido McQueen\n|\n|upkeep\n|turn|3\n|\n|t:|1668035778\n|switch|p1a: Elegance|Vaporeon, F|100\/100\n|move|p2a: Nido McQueen|Earth Power|p1a: Elegance\n|-damage|p1a: Elegance|62\/100\n|\n|-heal|p1a: Elegance|69\/100|[from] item: Leftovers\n|upkeep\n|turn|4\n|\n|t:|1668035871\n|switch|p2a: Jonathon|Pelipper, F|100\/100\n|-weather|RainDance|[from] ability: Drizzle|[of] p2a: Jonathon\n|move|p1a: Elegance|Scald|p2a: Jonathon\n|-resisted|p2a: Jonathon\n|-damage|p2a: Jonathon|80\/100\n|\n|-weather|RainDance|[upkeep]\n|-heal|p1a: Elegance|75\/100|[from] item: Leftovers\n|upkeep\n|turn|5\n|\n|t:|1668035898\n|switch|p2a: KFC|Zapdos|100\/100\n|move|p1a: Elegance|Scald|p2a: KFC\n|-damage|p2a: KFC|46\/100\n|-status|p2a: KFC|brn\n|\n|-weather|RainDance|[upkeep]\n|-heal|p1a: Elegance|81\/100|[from] item: Leftovers\n|-damage|p2a: KFC|40\/100 brn|[from] brn\n|upkeep\n|turn|6\n|\n|t:|1668035958\n|switch|p1a: Honey Badger|Excadrill, M|100\/100\n|move|p2a: KFC|Thunder|p1a: Honey Badger\n|-immune|p1a: Honey Badger\n|\n|-weather|RainDance|[upkeep]\n|-damage|p2a: KFC|34\/100 brn|[from] brn\n|upkeep\n|turn|7\n|\n|t:|1668035999\n|move|p2a: KFC|Weather Ball|p1a: Honey Badger\n|-supereffective|p1a: Honey Badger\n|-damage|p1a: Honey Badger|0 fnt\n|faint|p1a: Honey Badger\n|\n|-weather|RainDance|[upkeep]\n|-damage|p2a: KFC|27\/100 brn|[from] brn\n|upkeep\n|\n|t:|1668036018\n|switch|p1a: Crocus|Vileplume, M|100\/100\n|turn|8\n|\n|t:|1668036081\n|switch|p1a: Enel|Raikou|100\/100\n|-ability|p1a: Enel|Pressure\n|move|p2a: KFC|Roost|p2a: KFC\n|-heal|p2a: KFC|77\/100 brn\n|-singleturn|p2a: KFC|move: Roost\n|\n|-weather|RainDance|[upkeep]\n|-damage|p2a: KFC|71\/100 brn|[from] brn\n|upkeep\n|turn|9\n|\n|t:|1668036167\n|switch|p1a: Crocus|Vileplume, M|100\/100\n|switch|p2a: Nido McQueen|Nidoqueen, F|100\/100\n|\n|-weather|RainDance|[upkeep]\n|upkeep\n|turn|10\n|\n|t:|1668036212\n|move|p2a: Nido McQueen|Earth Power|p1a: Crocus\n|-damage|p1a: Crocus|52\/100\n|move|p1a: Crocus|Energy Ball|p2a: Nido McQueen\n|-damage|p2a: Nido McQueen|53\/100\n|\n|-weather|RainDance|[upkeep]\n|-heal|p1a: Crocus|58\/100|[from] item: Black Sludge\n|upkeep\n|turn|11\n|\n|t:|1668036240\n|move|p2a: Nido McQueen|Ice Beam|p1a: Crocus\n|-supereffective|p1a: Crocus\n|-damage|p1a: Crocus|0 fnt\n|faint|p1a: Crocus\n|\n|-weather|none\n|upkeep\n|\n|t:|1668036252\n|switch|p1a: Elegance|Vaporeon, F|81\/100\n|turn|12\n|\n|t:|1668036261\n|switch|p2a: BigMeatyClaws|Scizor, M, shiny|100\/100\n|move|p1a: Elegance|Scald|p2a: BigMeatyClaws\n|-damage|p2a: BigMeatyClaws|54\/100\n|\n|-heal|p1a: Elegance|87\/100|[from] item: Leftovers\n|upkeep\n|turn|13\n|\n|t:|1668036270\n|move|p2a: BigMeatyClaws|Knock Off|p1a: Elegance\n|-damage|p1a: Elegance|59\/100\n|-enditem|p1a: Elegance|Leftovers|[from] move: Knock Off|[of] p2a: BigMeatyClaws\n|move|p1a: Elegance|Scald|p2a: BigMeatyClaws\n|-damage|p2a: BigMeatyClaws|13\/100\n|-status|p2a: BigMeatyClaws|brn\n|\n|-damage|p2a: BigMeatyClaws|7\/100 brn|[from] brn\n|upkeep\n|turn|14\n|\n|t:|1668036286\n|switch|p2a: Jonathon|Pelipper, F|80\/100\n|-weather|RainDance|[from] ability: Drizzle|[of] p2a: Jonathon\n|move|p1a: Elegance|Scald|p2a: Jonathon\n|-resisted|p2a: Jonathon\n|-damage|p2a: Jonathon|57\/100\n|\n|-weather|RainDance|[upkeep]\n|upkeep\n|turn|15\n|\n|t:|1668036307\n|switch|p2a: KFC|Zapdos|71\/100 brn\n|move|p1a: Elegance|Scald|p2a: KFC\n|-damage|p2a: KFC|22\/100 brn\n|\n|-weather|RainDance|[upkeep]\n|-damage|p2a: KFC|16\/100 brn|[from] brn\n|upkeep\n|turn|16\n|\n|t:|1668036319\n|switch|p1a: Titan|Gigalith, M|100\/100\n|-weather|Sandstorm|[from] ability: Sand Stream|[of] p1a: Titan\n|move|p2a: KFC|Thunder|p1a: Titan\n|-damage|p1a: Titan|71\/100\n|\n|-weather|Sandstorm|[upkeep]\n|-damage|p2a: KFC|10\/100 brn|[from] Sandstorm\n|-heal|p1a: Titan|77\/100|[from] item: Leftovers\n|-damage|p2a: KFC|4\/100 brn|[from] brn\n|upkeep\n|turn|17\n|\n|t:|1668036337\n|move|p2a: KFC|Roost|p2a: KFC\n|-heal|p2a: KFC|54\/100 brn\n|-singleturn|p2a: KFC|move: Roost\n|move|p1a: Titan|Rock Slide|p2a: KFC\n|-damage|p2a: KFC|14\/100 brn\n|\n|-weather|Sandstorm|[upkeep]\n|-damage|p2a: KFC|8\/100 brn|[from] Sandstorm\n|-heal|p1a: Titan|83\/100|[from] item: Leftovers\n|-damage|p2a: KFC|2\/100 brn|[from] brn\n|upkeep\n|turn|18\n|\n|t:|1668036349\n|move|p2a: KFC|Roost|p2a: KFC\n|-heal|p2a: KFC|52\/100 brn\n|-singleturn|p2a: KFC|move: Roost\n|move|p1a: Titan|Rock Slide|p2a: KFC\n|-damage|p2a: KFC|9\/100 brn\n|\n|-weather|Sandstorm|[upkeep]\n|-damage|p2a: KFC|2\/100 brn|[from] Sandstorm\n|-heal|p1a: Titan|89\/100|[from] item: Leftovers\n|-damage|p2a: KFC|0 fnt|[from] brn\n|faint|p2a: KFC\n|upkeep\n|\n|t:|1668036361\n|switch|p2a: Jonathon|Pelipper, F|57\/100\n|-weather|RainDance|[from] ability: Drizzle|[of] p2a: Jonathon\n|turn|19\n|\n|t:|1668036370\n|switch|p1a: Elegance|Vaporeon, F|59\/100\n|move|p2a: Jonathon|Roost|p2a: Jonathon\n|-heal|p2a: Jonathon|100\/100\n|-singleturn|p2a: Jonathon|move: Roost\n|\n|-weather|RainDance|[upkeep]\n|upkeep\n|turn|20\n|\n|t:|1668036395\n|move|p1a: Elegance|Wish|p1a: Elegance\n|move|p2a: Jonathon|Hurricane|p1a: Elegance\n|-damage|p1a: Elegance|34\/100\n|\n|-weather|RainDance|[upkeep]\n|upkeep\n|turn|21\n|\n|t:|1668036423\n|move|p2a: Jonathon|Hurricane|p1a: Elegance\n|-damage|p1a: Elegance|9\/100\n|-start|p1a: Elegance|confusion\n|-activate|p1a: Elegance|confusion\n|move|p1a: Elegance|Scald|p2a: Jonathon\n|-resisted|p2a: Jonathon\n|-crit|p2a: Jonathon\n|-damage|p2a: Jonathon|69\/100\n|\n|-weather|RainDance|[upkeep]\n|-heal|p1a: Elegance|59\/100|[from] move: Wish|[wisher] Elegance\n|upkeep\n|turn|22\n|\n|t:|1668036444\n|-activate|p1a: Elegance|confusion\n|move|p1a: Elegance|Wish|p1a: Elegance\n|move|p2a: Jonathon|Hurricane|p1a: Elegance\n|-crit|p1a: Elegance\n|-damage|p1a: Elegance|18\/100\n|\n|-weather|RainDance|[upkeep]\n|upkeep\n|turn|23\n|\n|t:|1668036462\n|switch|p1a: Titan|Gigalith, M|89\/100\n|-weather|Sandstorm|[from] ability: Sand Stream|[of] p1a: Titan\n|move|p2a: Jonathon|Hurricane|p1a: Titan|[miss]\n|-miss|p2a: Jonathon|p1a: Titan\n|\n|-weather|Sandstorm|[upkeep]\n|-damage|p2a: Jonathon|62\/100|[from] Sandstorm\n|-heal|p1a: Titan|100\/100|[from] move: Wish|[wisher] Elegance\n|upkeep\n|turn|24\n|\n|t:|1668036484\n|switch|p2a: Rocksann|Diancie|100\/100\n|move|p1a: Titan|Rock Slide|p2a: Rocksann\n|-damage|p2a: Rocksann|71\/100\n|\n|-weather|Sandstorm|[upkeep]\n|upkeep\n|turn|25\n|\n|t:|1668036494\n|move|p2a: Rocksann|Body Press|p1a: Titan\n|-supereffective|p1a: Titan\n|-crit|p1a: Titan\n|-damage|p1a: Titan|48\/100\n|move|p1a: Titan|Earthquake|p2a: Rocksann\n|-supereffective|p2a: Rocksann\n|-damage|p2a: Rocksann|24\/100\n|\n|-weather|Sandstorm|[upkeep]\n|-heal|p1a: Titan|54\/100|[from] item: Leftovers\n|upkeep\n|turn|26\n|\n|t:|1668036533\n|switch|p2a: Jonathon|Pelipper, F|62\/100\n|-weather|RainDance|[from] ability: Drizzle|[of] p2a: Jonathon\n|move|p1a: Titan|Rock Slide|p2a: Jonathon\n|-supereffective|p2a: Jonathon\n|-damage|p2a: Jonathon|0 fnt\n|faint|p2a: Jonathon\n|\n|-weather|RainDance|[upkeep]\n|-heal|p1a: Titan|60\/100|[from] item: Leftovers\n|upkeep\n|\n|t:|1668036544\n|switch|p2a: MirrorB|Ludicolo, M|16\/100\n|turn|27\n|\n|t:|1668036572\n|switch|p1a: Elegance|Vaporeon, F|18\/100\n|move|p2a: MirrorB|Energy Ball|p1a: Elegance\n|-supereffective|p1a: Elegance\n|-damage|p1a: Elegance|0 fnt\n|faint|p1a: Elegance\n|\n|-weather|RainDance|[upkeep]\n|upkeep\n|\n|t:|1668036604\n|switch|p1a: Enel|Raikou|100\/100\n|-ability|p1a: Enel|Pressure\n|turn|28\n|\n|t:|1668036614\n|move|p2a: MirrorB|Hydro Pump|p1a: Enel\n|-damage|p1a: Enel|25\/100\n|move|p1a: Enel|Thunderbolt|p2a: MirrorB\n|-damage|p2a: MirrorB|0 fnt\n|faint|p2a: MirrorB\n|\n|-weather|RainDance|[upkeep]\n|upkeep\n|\n|t:|1668036662\n|switch|p2a: Nido McQueen|Nidoqueen, F|53\/100\n|turn|29\n|\n|t:|1668036679\n|move|p1a: Enel|Volt Switch|p2a: Nido McQueen\n|-immune|p2a: Nido McQueen\n|move|p2a: Nido McQueen|Earth Power|p1a: Enel\n|-supereffective|p1a: Enel\n|-damage|p1a: Enel|0 fnt\n|faint|p1a: Enel\n|\n|-weather|RainDance|[upkeep]\n|upkeep\n|\n|t:|1668036701\n|switch|p1a: Titan|Gigalith, M|60\/100\n|-weather|Sandstorm|[from] ability: Sand Stream|[of] p1a: Titan\n|turn|30\n|\n|t:|1668036715\n|move|p2a: Nido McQueen|Earth Power|p1a: Titan\n|-supereffective|p1a: Titan\n|-damage|p1a: Titan|5\/100\n|move|p1a: Titan|Earthquake|p2a: Nido McQueen\n|-supereffective|p2a: Nido McQueen\n|-damage|p2a: Nido McQueen|0 fnt\n|faint|p2a: Nido McQueen\n|\n|-weather|Sandstorm|[upkeep]\n|-heal|p1a: Titan|11\/100|[from] item: Leftovers\n|upkeep\n|\n|t:|1668036725\n|switch|p2a: BigMeatyClaws|Scizor, M, shiny|7\/100 brn\n|turn|31\n|\n|t:|1668036744\n|move|p2a: BigMeatyClaws|Bullet Punch|p1a: Titan\n|-supereffective|p1a: Titan\n|-damage|p1a: Titan|0 fnt\n|faint|p1a: Titan\n|\n|win|Pandamonium22\n","uploadtime":1668036756,"views":7,"p1id":"jdboomer","p2id":"pandamonium22","formatid":"gen8ou","rating":0,"private":0,"password":null}