{"id":"gen8stabmons-1698794288","p1":"ryzecharizard","p2":"Delibird Heart","format":"gen8stabmons","log":"|j|\u2606ryzecharizard\n|j|\u2606Delibird Heart\n|t:|1667161967\n|gametype|singles\n|player|p1|ryzecharizard|blaine|1000\n|player|p2|Delibird Heart|guitarist-gen4|1036\n|teamsize|p1|6\n|teamsize|p2|6\n|gen|8\n|tier|[Gen 8] STABmons\n|rated|\n|rule|Species Clause: Limit one of each Pok\u00e9mon\n|rule|OHKO Clause: OHKO moves are banned\n|rule|Evasion Moves Clause: Evasion moves are banned\n|rule|Endless Battle Clause: Forcing endless battles is banned\n|rule|Dynamax Clause: You cannot dynamax\n|rule|HP Percentage Mod: HP is shown in percentages\n|rule|Sleep Clause: Sleep-inducing moves are banned\n|clearpoke\n|poke|p1|Swampert, M|\n|poke|p1|Corviknight, F|\n|poke|p1|Bisharp, M|\n|poke|p1|Tyranitar, F|\n|poke|p1|Reuniclus, M|\n|poke|p1|Clefable, F|\n|poke|p2|Sandaconda, M|\n|poke|p2|Excadrill, M|\n|poke|p2|Tyranitar, F|\n|poke|p2|Dracozolt|\n|poke|p2|Corviknight, F|\n|poke|p2|Clawitzer, M|\n|teampreview\n|inactive|Battle timer is ON: inactive players will automatically lose when time's up. (requested by Delibird Heart)\n|\n|t:|1667161979\n|start\n|switch|p1a: Reuniclus|Reuniclus, M|100\/100\n|switch|p2a: MR CLAW... \ud83d\udcde\ud83d\udcde\ud83d\udcde|Clawitzer, M, shiny|100\/100\n|turn|1\n|\n|t:|1667161993\n|switch|p1a: Swampert|Swampert, M|100\/100\n|move|p2a: MR CLAW... \ud83d\udcde\ud83d\udcde\ud83d\udcde|Dark Pulse|p1a: Swampert\n|-damage|p1a: Swampert|60\/100\n|\n|-heal|p1a: Swampert|66\/100|[from] item: Leftovers\n|upkeep\n|turn|2\n|\n|t:|1667162004\n|switch|p2a: Corviknight|Corviknight, F|100\/100\n|-ability|p2a: Corviknight|Pressure\n|move|p1a: Swampert|Toxic|p2a: Corviknight\n|-immune|p2a: Corviknight\n|\n|-heal|p1a: Swampert|72\/100|[from] item: Leftovers\n|upkeep\n|turn|3\n|\n|t:|1667162010\n|move|p2a: Corviknight|U-turn|p1a: Swampert\n|-damage|p1a: Swampert|60\/100\n|\n|t:|1667162012\n|switch|p2a: Sandaconda|Sandaconda, M|100\/100|[from]move: U-turn\n|move|p1a: Swampert|Spikes|p2a: Sandaconda\n|-sidestart|p2: Delibird Heart|Spikes\n|\n|-heal|p1a: Swampert|66\/100|[from] item: Leftovers\n|upkeep\n|turn|4\n|\n|t:|1667162026\n|switch|p2a: Corviknight|Corviknight, F|100\/100\n|-ability|p2a: Corviknight|Pressure\n|switch|p1a: Corviknight|Corviknight, F|100\/100\n|-ability|p1a: Corviknight|Pressure\n|\n|upkeep\n|turn|5\n|\n|t:|1667162028\n|move|p2a: Corviknight|Defog|p1a: Corviknight\n|-unboost|p1a: Corviknight|evasion|1\n|-sideend|p2: Delibird Heart|Spikes|[from] move: Defog|[of] p2a: Corviknight\n|move|p1a: Corviknight|U-turn|p2a: Corviknight\n|-resisted|p2a: Corviknight\n|-damage|p2a: Corviknight|98\/100\n|\n|t:|1667162030\n|switch|p1a: Swampert|Swampert, M|66\/100|[from]move: U-turn\n|\n|-heal|p2a: Corviknight|100\/100|[from] item: Leftovers\n|-heal|p1a: Swampert|72\/100|[from] item: Leftovers\n|upkeep\n|turn|6\n|\n|t:|1667162033\n|move|p2a: Corviknight|Brave Bird|p1a: Swampert\n|-damage|p1a: Swampert|35\/100\n|-damage|p2a: Corviknight|88\/100|[from] Recoil\n|move|p1a: Swampert|Spikes|p2a: Corviknight\n|-sidestart|p2: Delibird Heart|Spikes\n|\n|-heal|p2a: Corviknight|94\/100|[from] item: Leftovers\n|-heal|p1a: Swampert|42\/100|[from] item: Leftovers\n|upkeep\n|turn|7\n|\n|t:|1667162040\n|move|p2a: Corviknight|Defog|p1a: Swampert\n|-unboost|p1a: Swampert|evasion|1\n|-sideend|p2: Delibird Heart|Spikes|[from] move: Defog|[of] p2a: Corviknight\n|move|p1a: Swampert|Shore Up|p1a: Swampert\n|-heal|p1a: Swampert|92\/100\n|\n|-heal|p2a: Corviknight|100\/100|[from] item: Leftovers\n|-heal|p1a: Swampert|98\/100|[from] item: Leftovers\n|upkeep\n|turn|8\n|\n|t:|1667162047\n|switch|p2a: MR CLAW... \ud83d\udcde\ud83d\udcde\ud83d\udcde|Clawitzer, M, shiny|100\/100\n|move|p1a: Swampert|Flip Turn|p2a: MR CLAW... \ud83d\udcde\ud83d\udcde\ud83d\udcde\n|-resisted|p2a: MR CLAW... \ud83d\udcde\ud83d\udcde\ud83d\udcde\n|-damage|p2a: MR CLAW... \ud83d\udcde\ud83d\udcde\ud83d\udcde|85\/100\n|\n|t:|1667162054\n|switch|p1a: Bisharp|Bisharp, M|100\/100|[from]move: Flip Turn\n|\n|upkeep\n|turn|9\n|\n|t:|1667162058\n|move|p1a: Bisharp|Knock Off|p2a: MR CLAW... \ud83d\udcde\ud83d\udcde\ud83d\udcde\n|-crit|p2a: MR CLAW... \ud83d\udcde\ud83d\udcde\ud83d\udcde\n|-damage|p2a: MR CLAW... \ud83d\udcde\ud83d\udcde\ud83d\udcde|0 fnt\n|-enditem|p2a: MR CLAW... \ud83d\udcde\ud83d\udcde\ud83d\udcde|Choice Specs|[from] move: Knock Off|[of] p1a: Bisharp\n|faint|p2a: MR CLAW... \ud83d\udcde\ud83d\udcde\ud83d\udcde\n|-damage|p1a: Bisharp|91\/100|[from] item: Life Orb\n|\n|upkeep\n|\n|t:|1667162064\n|switch|p2a: Sandaconda|Sandaconda, M|100\/100\n|turn|10\n|\n|t:|1667162067\n|switch|p1a: Corviknight|Corviknight, F|100\/100\n|-ability|p1a: Corviknight|Pressure\n|move|p2a: Sandaconda|Stealth Rock|p1a: Corviknight\n|-sidestart|p1: ryzecharizard|move: Stealth Rock\n|\n|upkeep\n|turn|11\n|\n|t:|1667162072\n|switch|p2a: Dracozolt|Dracozolt|100\/100\n|move|p1a: Corviknight|Defog|p2a: Dracozolt\n|-unboost|p2a: Dracozolt|evasion|1\n|-sideend|p1: ryzecharizard|Stealth Rock|[from] move: Defog|[of] p1a: Corviknight\n|\n|upkeep\n|turn|12\n|\n|t:|1667162075\n|switch|p1a: Swampert|Swampert, M|98\/100\n|move|p2a: Dracozolt|Dragon Dance|p2a: Dracozolt\n|-boost|p2a: Dracozolt|atk|1\n|-boost|p2a: Dracozolt|spe|1\n|\n|-heal|p1a: Swampert|100\/100|[from] item: Leftovers\n|upkeep\n|turn|13\n|\n|t:|1667162082\n|move|p2a: Dracozolt|Dragon Darts|p1a: Swampert\n|-damage|p1a: Swampert|59\/100\n|-anim|p2a: Dracozolt|Dragon Darts|p1a: Swampert\n|-damage|p1a: Swampert|14\/100\n|-damage|p2a: Dracozolt|91\/100|[from] item: Life Orb\n|move|p1a: Swampert|Toxic|p2a: Dracozolt\n|-status|p2a: Dracozolt|tox\n|\n|-heal|p1a: Swampert|20\/100|[from] item: Leftovers\n|-damage|p2a: Dracozolt|84\/100 tox|[from] psn\n|upkeep\n|turn|14\n|\n|t:|1667162090\n|switch|p1a: Clefable|Clefable, F|100\/100\n|move|p2a: Dracozolt|Dragon Darts|p1a: Clefable\n|-immune|p1a: Clefable\n|\n|-damage|p2a: Dracozolt|72\/100 tox|[from] psn\n|upkeep\n|turn|15\n|\n|t:|1667162096\n|switch|p1a: Swampert|Swampert, M|20\/100\n|move|p2a: Dracozolt|Bolt Beak|p1a: Swampert\n|-immune|p1a: Swampert\n|\n|-heal|p1a: Swampert|26\/100|[from] item: Leftovers\n|-damage|p2a: Dracozolt|53\/100 tox|[from] psn\n|upkeep\n|turn|16\n|\n|t:|1667162103\n|move|p2a: Dracozolt|Dragon Darts|p1a: Swampert\n|-damage|p1a: Swampert|0 fnt\n|faint|p1a: Swampert\n|-damage|p2a: Dracozolt|43\/100 tox|[from] item: Life Orb\n|\n|-damage|p2a: Dracozolt|18\/100 tox|[from] psn\n|upkeep\n|\n|t:|1667162111\n|switch|p1a: Bisharp|Bisharp, M|91\/100\n|turn|17\n|\n|t:|1667162114\n|switch|p2a: Sandaconda|Sandaconda, M|100\/100\n|move|p1a: Bisharp|Sucker Punch||[still]\n|-fail|p1a: Bisharp\n|\n|upkeep\n|turn|18\n|\n|t:|1667162120\n|switch|p1a: Corviknight|Corviknight, F|100\/100\n|-ability|p1a: Corviknight|Pressure\n|switch|p2a: Dracozolt|Dracozolt|18\/100 tox\n|\n|-damage|p2a: Dracozolt|12\/100 tox|[from] psn\n|upkeep\n|turn|19\n|\n|t:|1667162129\n|switch|p1a: Clefable|Clefable, F|100\/100\n|move|p2a: Dracozolt|Bolt Beak|p1a: Clefable\n|-damage|p1a: Clefable|21\/100\n|-damage|p2a: Dracozolt|2\/100 tox|[from] item: Life Orb\n|\n|-damage|p2a: Dracozolt|0 fnt|[from] psn\n|faint|p2a: Dracozolt\n|upkeep\n|\n|t:|1667162153\n|switch|p2a: Tyranitar|Tyranitar, F|100\/100\n|-weather|Sandstorm|[from] ability: Sand Stream|[of] p2a: Tyranitar\n|turn|20\n|\n|t:|1667162157\n|move|p2a: Tyranitar|Parting Shot|p1a: Clefable\n|-unboost|p1a: Clefable|atk|1\n|-unboost|p1a: Clefable|spa|1\n|\n|t:|1667162159\n|switch|p2a: Excadrill|Excadrill, M|100\/100|[from]move: Parting Shot\n|move|p1a: Clefable|Stealth Rock|p2a: Excadrill\n|-sidestart|p2: Delibird Heart|move: Stealth Rock\n|\n|-weather|Sandstorm|[upkeep]\n|-damage|p1a: Clefable|15\/100|[from] Sandstorm\n|upkeep\n|turn|21\n|\n|t:|1667162168\n|move|p2a: Excadrill|Swords Dance|p2a: Excadrill\n|-boost|p2a: Excadrill|atk|2\n|move|p1a: Clefable|Soft-Boiled|p1a: Clefable\n|-heal|p1a: Clefable|65\/100\n|\n|-weather|Sandstorm|[upkeep]\n|-damage|p1a: Clefable|59\/100|[from] Sandstorm\n|upkeep\n|turn|22\n|\n|t:|1667162173\n|switch|p1a: Corviknight|Corviknight, F|100\/100\n|-ability|p1a: Corviknight|Pressure\n|move|p2a: Excadrill|Sunsteel Strike|p1a: Corviknight\n|-resisted|p1a: Corviknight\n|-damage|p1a: Corviknight|51\/100\n|-damage|p2a: Excadrill|91\/100|[from] item: Life Orb\n|\n|-weather|Sandstorm|[upkeep]\n|-heal|p1a: Corviknight|58\/100|[from] item: Leftovers\n|upkeep\n|turn|23\n|\n|t:|1667162177\n|move|p2a: Excadrill|Rock Slide|p1a: Corviknight\n|-damage|p1a: Corviknight|15\/100\n|-damage|p2a: Excadrill|81\/100|[from] item: Life Orb\n|move|p1a: Corviknight|Roost|p1a: Corviknight\n|-heal|p1a: Corviknight|65\/100\n|-singleturn|p1a: Corviknight|move: Roost\n|\n|-weather|Sandstorm|[upkeep]\n|-heal|p1a: Corviknight|71\/100|[from] item: Leftovers\n|upkeep\n|turn|24\n|\n|t:|1667162184\n|move|p2a: Excadrill|Swords Dance|p2a: Excadrill\n|-boost|p2a: Excadrill|atk|2\n|move|p1a: Corviknight|Roost|p1a: Corviknight\n|-heal|p1a: Corviknight|100\/100\n|-singleturn|p1a: Corviknight|move: Roost\n|\n|-weather|Sandstorm|[upkeep]\n|upkeep\n|turn|25\n|\n|t:|1667162188\n|move|p2a: Excadrill|Sunsteel Strike|p1a: Corviknight\n|-resisted|p1a: Corviknight\n|-damage|p1a: Corviknight|35\/100\n|-damage|p2a: Excadrill|71\/100|[from] item: Life Orb\n|move|p1a: Corviknight|Brave Bird|p2a: Excadrill\n|-resisted|p2a: Excadrill\n|-damage|p2a: Excadrill|45\/100\n|-damage|p1a: Corviknight|27\/100|[from] Recoil\n|\n|-weather|Sandstorm|[upkeep]\n|-heal|p1a: Corviknight|34\/100|[from] item: Leftovers\n|upkeep\n|turn|26\n|\n|t:|1667162195\n|move|p2a: Excadrill|Sunsteel Strike|p1a: Corviknight\n|-resisted|p1a: Corviknight\n|-damage|p1a: Corviknight|0 fnt\n|faint|p1a: Corviknight\n|-damage|p2a: Excadrill|35\/100|[from] item: Life Orb\n|\n|-weather|Sandstorm|[upkeep]\n|upkeep\n|\n|t:|1667162197\n|switch|p1a: Bisharp|Bisharp, M|91\/100\n|turn|27\n|\n|t:|1667162201\n|switch|p2a: Sandaconda|Sandaconda, M|100\/100\n|-damage|p2a: Sandaconda|94\/100|[from] Stealth Rock\n|move|p1a: Bisharp|Sucker Punch||[still]\n|-fail|p1a: Bisharp\n|\n|-weather|none\n|upkeep\n|turn|28\n|\n|t:|1667162212\n|switch|p1a: Reuniclus|Reuniclus, M|100\/100\n|move|p2a: Sandaconda|Earthquake|p1a: Reuniclus\n|-damage|p1a: Reuniclus|62\/100\n|\n|-heal|p1a: Reuniclus|68\/100|[from] item: Leftovers\n|upkeep\n|turn|29\n|\n|t:|1667162216\n|switch|p2a: Tyranitar|Tyranitar, F|100\/100\n|-damage|p2a: Tyranitar|88\/100|[from] Stealth Rock\n|-weather|Sandstorm|[from] ability: Sand Stream|[of] p2a: Tyranitar\n|move|p1a: Reuniclus|Future Sight|p2a: Tyranitar\n|-start|p1a: Reuniclus|move: Future Sight\n|\n|-weather|Sandstorm|[upkeep]\n|-damage|p1a: Reuniclus|62\/100|[from] Sandstorm\n|-heal|p1a: Reuniclus|68\/100|[from] item: Leftovers\n|upkeep\n|turn|30\n|\n|t:|1667162221\n|switch|p1a: Clefable|Clefable, F|59\/100\n|move|p2a: Tyranitar|Thunder Wave|p1a: Clefable\n|-status|p1a: Clefable|par\n|\n|-weather|Sandstorm|[upkeep]\n|-damage|p1a: Clefable|53\/100 par|[from] Sandstorm\n|upkeep\n|turn|31\n|\n|t:|1667162229\n|move|p2a: Tyranitar|Diamond Storm|p1a: Clefable\n|-damage|p1a: Clefable|21\/100 par\n|-boost|p2a: Tyranitar|def|2\n|move|p1a: Clefable|Soft-Boiled|p1a: Clefable\n|-heal|p1a: Clefable|71\/100 par\n|\n|-weather|Sandstorm|[upkeep]\n|-damage|p1a: Clefable|65\/100 par|[from] Sandstorm\n|-end|p2a: Tyranitar|move: Future Sight\n|-immune|p2a: Tyranitar\n|upkeep\n|turn|32\n|\n|t:|1667162235\n|move|p2a: Tyranitar|Diamond Storm|p1a: Clefable\n|-damage|p1a: Clefable|31\/100 par\n|move|p1a: Clefable|Soft-Boiled|p1a: Clefable\n|-heal|p1a: Clefable|81\/100 par\n|\n|-weather|Sandstorm|[upkeep]\n|-damage|p1a: Clefable|75\/100 par|[from] Sandstorm\n|upkeep\n|turn|33\n|\n|t:|1667162239\n|move|p2a: Tyranitar|Diamond Storm|p1a: Clefable\n|-damage|p1a: Clefable|41\/100 par\n|-boost|p2a: Tyranitar|def|2\n|cant|p1a: Clefable|par\n|\n|-weather|Sandstorm|[upkeep]\n|-damage|p1a: Clefable|35\/100 par|[from] Sandstorm\n|upkeep\n|turn|34\n|\n|t:|1667162241\n|move|p2a: Tyranitar|Diamond Storm|p1a: Clefable\n|-damage|p1a: Clefable|3\/100 par\n|move|p1a: Clefable|Moonblast|p2a: Tyranitar\n|-supereffective|p2a: Tyranitar\n|-damage|p2a: Tyranitar|61\/100\n|\n|-weather|Sandstorm|[upkeep]\n|-damage|p1a: Clefable|0 fnt|[from] Sandstorm\n|faint|p1a: Clefable\n|upkeep\n|\n|t:|1667162242\n|switch|p1a: Reuniclus|Reuniclus, M|100\/100\n|turn|35\n|\n|t:|1667162246\n|move|p2a: Tyranitar|Thunder Wave|p1a: Reuniclus\n|-status|p1a: Reuniclus|par\n|move|p1a: Reuniclus|Focus Blast|p2a: Tyranitar\n|-supereffective|p2a: Tyranitar\n|-damage|p2a: Tyranitar|6\/100\n|\n|-weather|Sandstorm|[upkeep]\n|-damage|p1a: Reuniclus|94\/100 par|[from] Sandstorm\n|-heal|p1a: Reuniclus|100\/100 par|[from] item: Leftovers\n|upkeep\n|turn|36\n|\n|t:|1667162252\n|move|p2a: Tyranitar|Parting Shot|p1a: Reuniclus\n|-unboost|p1a: Reuniclus|atk|1\n|-unboost|p1a: Reuniclus|spa|1\n|\n|t:|1667162254\n|switch|p2a: Corviknight|Corviknight, F|100\/100|[from]move: Parting Shot\n|-damage|p2a: Corviknight|88\/100|[from] Stealth Rock\n|-ability|p2a: Corviknight|Pressure\n|cant|p1a: Reuniclus|par\n|\n|-weather|none\n|-heal|p2a: Corviknight|94\/100|[from] item: Leftovers\n|upkeep\n|turn|37\n|\n|t:|1667162258\n|switch|p1a: Bisharp|Bisharp, M|91\/100\n|move|p2a: Corviknight|U-turn|p1a: Bisharp\n|-damage|p1a: Bisharp|74\/100\n|\n|t:|1667162260\n|switch|p2a: Sandaconda|Sandaconda, M|94\/100|[from]move: U-turn\n|-damage|p2a: Sandaconda|88\/100|[from] Stealth Rock\n|\n|upkeep\n|turn|38\n|\n|t:|1667162270\n|switch|p1a: Reuniclus|Reuniclus, M|100\/100 par\n|move|p2a: Sandaconda|Earthquake|p1a: Reuniclus\n|-damage|p1a: Reuniclus|64\/100 par\n|\n|-heal|p1a: Reuniclus|70\/100 par|[from] item: Leftovers\n|upkeep\n|turn|39\n|\n|t:|1667162284\n|move|p2a: Sandaconda|Earthquake|p1a: Reuniclus\n|-damage|p1a: Reuniclus|34\/100 par\n|move|p1a: Reuniclus|Future Sight|p2a: Sandaconda\n|-start|p1a: Reuniclus|move: Future Sight\n|\n|-heal|p1a: Reuniclus|40\/100 par|[from] item: Leftovers\n|upkeep\n|turn|40\n|\n|t:|1667162290\n|move|p2a: Sandaconda|Earthquake|p1a: Reuniclus\n|-damage|p1a: Reuniclus|3\/100 par\n|move|p1a: Reuniclus|Recover|p1a: Reuniclus\n|-heal|p1a: Reuniclus|53\/100 par\n|\n|-heal|p1a: Reuniclus|59\/100 par|[from] item: Leftovers\n|upkeep\n|turn|41\n|\n|t:|1667162297\n|move|p2a: Sandaconda|Earthquake|p1a: Reuniclus\n|-damage|p1a: Reuniclus|25\/100 par\n|move|p1a: Reuniclus|Recover|p1a: Reuniclus\n|-heal|p1a: Reuniclus|75\/100 par\n|\n|-end|p2a: Sandaconda|move: Future Sight\n|-damage|p2a: Sandaconda|26\/100\n|-weather|Sandstorm|[from] ability: Sand Spit|[of] p2a: Sandaconda\n|-heal|p1a: Reuniclus|81\/100 par|[from] item: Leftovers\n|upkeep\n|turn|42\n|\n|t:|1667162306\n|move|p2a: Sandaconda|Shore Up|p2a: Sandaconda\n|-heal|p2a: Sandaconda|93\/100\n|move|p1a: Reuniclus|Future Sight|p2a: Sandaconda\n|-start|p1a: Reuniclus|move: Future Sight\n|\n|-weather|Sandstorm|[upkeep]\n|-damage|p1a: Reuniclus|75\/100 par|[from] Sandstorm\n|-heal|p1a: Reuniclus|81\/100 par|[from] item: Leftovers\n|upkeep\n|turn|43\n|\n|t:|1667162317\n|move|p2a: Sandaconda|Earthquake|p1a: Reuniclus\n|-damage|p1a: Reuniclus|46\/100 par\n|cant|p1a: Reuniclus|par\n|\n|-weather|Sandstorm|[upkeep]\n|-damage|p1a: Reuniclus|39\/100 par|[from] Sandstorm\n|-heal|p1a: Reuniclus|46\/100 par|[from] item: Leftovers\n|upkeep\n|turn|44\n|\n|t:|1667162321\n|move|p2a: Sandaconda|Earthquake|p1a: Reuniclus\n|-damage|p1a: Reuniclus|9\/100 par\n|move|p1a: Reuniclus|Recover|p1a: Reuniclus\n|-heal|p1a: Reuniclus|59\/100 par\n|\n|-weather|Sandstorm|[upkeep]\n|-damage|p1a: Reuniclus|53\/100 par|[from] Sandstorm\n|-end|p2a: Sandaconda|move: Future Sight\n|-damage|p2a: Sandaconda|22\/100\n|-heal|p1a: Reuniclus|59\/100 par|[from] item: Leftovers\n|upkeep\n|turn|45\n|\n|t:|1667162327\n|move|p2a: Sandaconda|Shore Up|p2a: Sandaconda\n|-heal|p2a: Sandaconda|88\/100\n|move|p1a: Reuniclus|Recover|p1a: Reuniclus\n|-heal|p1a: Reuniclus|100\/100 par\n|\n|-weather|Sandstorm|[upkeep]\n|-damage|p1a: Reuniclus|94\/100 par|[from] Sandstorm\n|-heal|p1a: Reuniclus|100\/100 par|[from] item: Leftovers\n|upkeep\n|turn|46\n|\n|t:|1667162332\n|move|p2a: Sandaconda|Earthquake|p1a: Reuniclus\n|-damage|p1a: Reuniclus|67\/100 par\n|move|p1a: Reuniclus|Future Sight|p2a: Sandaconda\n|-start|p1a: Reuniclus|move: Future Sight\n|\n|-weather|none\n|-heal|p1a: Reuniclus|73\/100 par|[from] item: Leftovers\n|upkeep\n|turn|47\n|\n|t:|1667162341\n|move|p2a: Sandaconda|Earthquake|p1a: Reuniclus\n|-damage|p1a: Reuniclus|34\/100 par\n|move|p1a: Reuniclus|Recover|p1a: Reuniclus\n|-heal|p1a: Reuniclus|84\/100 par\n|\n|-heal|p1a: Reuniclus|91\/100 par|[from] item: Leftovers\n|upkeep\n|turn|48\n|\n|t:|1667162345\n|move|p2a: Sandaconda|Rock Slide|p1a: Reuniclus\n|-damage|p1a: Reuniclus|70\/100 par\n|move|p1a: Reuniclus|Focus Blast|p2a: Sandaconda\n|-damage|p2a: Sandaconda|41\/100\n|-weather|Sandstorm|[from] ability: Sand Spit|[of] p2a: Sandaconda\n|-enditem|p2a: Sandaconda|Eject Button\n|\n|t:|1667162351\n|switch|p2a: Excadrill|Excadrill, M|35\/100\n|-damage|p2a: Excadrill|32\/100|[from] Stealth Rock\n|\n|-weather|Sandstorm|[upkeep]\n|-damage|p1a: Reuniclus|64\/100 par|[from] Sandstorm\n|-end|p2a: Excadrill|move: Future Sight\n|-resisted|p2a: Excadrill\n|-damage|p2a: Excadrill|0 fnt\n|faint|p2a: Excadrill\n|-heal|p1a: Reuniclus|70\/100 par|[from] item: Leftovers\n|upkeep\n|-message|Delibird Heart forfeited.\n|\n|win|ryzecharizard\n|raw|ryzecharizard's rating: 1000 &rarr; <strong>1044<\/strong><br \/>(+44 for winning)\n|raw|Delibird Heart's rating: 1036 &rarr; <strong>1019<\/strong><br \/>(-17 for losing)\n|l|\u2606Delibird Heart\n||Ladder isn't responding, score probably updated but might not have (Request timeout).\n","uploadtime":1667162576,"views":6,"p1id":"ryzecharizard","p2id":"delibirdheart","formatid":"gen8stabmons","rating":1019,"private":0,"password":null}