{"id":"gen8ou-1656691129","p1":"rooopos","p2":"ZakDoe","format":"gen8ou","log":"|j|\u2606rooopos\n|j|\u2606ZakDoe\n|t:|1662387105\n|gametype|singles\n|player|p1|rooopos|265|\n|player|p2|ZakDoe|hugh|\n|teamsize|p1|6\n|teamsize|p2|6\n|gen|8\n|tier|[Gen 8] OU\n|rule|Sleep Clause Mod: Limit one foe put to sleep\n|rule|Species Clause: Limit one of each Pok\u00e9mon\n|rule|OHKO Clause: OHKO moves are banned\n|rule|Evasion Items Clause: Evasion items are banned\n|rule|Evasion Moves Clause: Evasion moves are banned\n|rule|Endless Battle Clause: Forcing endless battles is banned\n|rule|HP Percentage Mod: HP is shown in percentages\n|rule|Dynamax Clause: You cannot dynamax\n|clearpoke\n|poke|p1|Dragapult, M|\n|poke|p1|Zapdos|\n|poke|p1|Nihilego|\n|poke|p1|Ferrothorn, F|\n|poke|p1|Landorus-Therian, M|\n|poke|p1|Crawdaunt, F|\n|poke|p2|Moltres-Galar|\n|poke|p2|Tyranitar, F|\n|poke|p2|Grimmsnarl, M|\n|poke|p2|Weavile, F|\n|poke|p2|Hydreigon, F|\n|poke|p2|Zarude|\n|teampreview\n|c|\u2606ZakDoe|good luck!\n|c|\u2606rooopos|hf\n|\n|t:|1662387135\n|start\n|switch|p1a: Zapdos|Zapdos|100\/100\n|switch|p2a: Bog Bogg n Boge|Hydreigon, F|100\/100\n|turn|1\n|\n|t:|1662387144\n|move|p1a: Zapdos|Volt Switch|p2a: Bog Bogg n Boge\n|-resisted|p2a: Bog Bogg n Boge\n|-damage|p2a: Bog Bogg n Boge|80\/100\n|\n|t:|1662387147\n|switch|p1a: Landorus|Landorus-Therian, M|100\/100|[from]move: Volt Switch\n|-ability|p1a: Landorus|Intimidate|boost\n|-unboost|p2a: Bog Bogg n Boge|atk|1\n|move|p2a: Bog Bogg n Boge|Draco Meteor|p1a: Landorus\n|-damage|p1a: Landorus|27\/100\n|-unboost|p2a: Bog Bogg n Boge|spa|2\n|\n|-heal|p1a: Landorus|33\/100|[from] item: Leftovers\n|upkeep\n|turn|2\n|\n|t:|1662387160\n|switch|p2a: Daddy Long Nose|Grimmsnarl, M|100\/100\n|switch|p1a: Ferrothorn|Ferrothorn, F|100\/100\n|\n|upkeep\n|turn|3\n|\n|t:|1662387185\n|switch|p2a: Bog Bogg n Boge|Hydreigon, F|80\/100\n|move|p1a: Ferrothorn|Stealth Rock|p2a: Bog Bogg n Boge\n|-sidestart|p2: ZakDoe|move: Stealth Rock\n|\n|upkeep\n|turn|4\n|\n|t:|1662387193\n|switch|p1a: Landorus|Landorus-Therian, M|33\/100\n|-ability|p1a: Landorus|Intimidate|boost\n|-unboost|p2a: Bog Bogg n Boge|atk|1\n|move|p2a: Bog Bogg n Boge|Flamethrower|p1a: Landorus\n|-damage|p1a: Landorus|0 fnt\n|faint|p1a: Landorus\n|\n|upkeep\n|\n|t:|1662387197\n|switch|p1a: Dragapult|Dragapult, M|100\/100\n|turn|5\n|\n|t:|1662387203\n|switch|p2a: Daddy Long Nose|Grimmsnarl, M|100\/100\n|-damage|p2a: Daddy Long Nose|88\/100|[from] Stealth Rock\n|move|p1a: Dragapult|Steel Wing|p2a: Daddy Long Nose\n|-supereffective|p2a: Daddy Long Nose\n|-damage|p2a: Daddy Long Nose|28\/100\n|\n|upkeep\n|turn|6\n|\n|t:|1662387219\n|switch|p1a: Zapdos|Zapdos|100\/100\n|move|p2a: Daddy Long Nose|Thunder Wave|p1a: Zapdos\n|-immune|p1a: Zapdos\n|\n|upkeep\n|turn|7\n|\n|t:|1662387227\n|move|p2a: Daddy Long Nose|Light Screen|p2a: Daddy Long Nose\n|-sidestart|p2: ZakDoe|move: Light Screen\n|move|p1a: Zapdos|Volt Switch|p2a: Daddy Long Nose\n|-damage|p2a: Daddy Long Nose|10\/100\n|\n|t:|1662387234\n|switch|p1a: Crawdaunt|Crawdaunt, F|100\/100|[from]move: Volt Switch\n|\n|upkeep\n|turn|8\n|\n|t:|1662387243\n|move|p2a: Daddy Long Nose|Reflect|p2a: Daddy Long Nose\n|-sidestart|p2: ZakDoe|Reflect\n|move|p1a: Crawdaunt|Knock Off|p2a: Daddy Long Nose\n|-resisted|p2a: Daddy Long Nose\n|-damage|p2a: Daddy Long Nose|0 fnt\n|-enditem|p2a: Daddy Long Nose|Light Clay|[from] move: Knock Off|[of] p1a: Crawdaunt\n|faint|p2a: Daddy Long Nose\n|\n|upkeep\n|\n|t:|1662387257\n|switch|p2a: Dada Monke|Zarude|100\/100\n|-damage|p2a: Dada Monke|88\/100|[from] Stealth Rock\n|turn|9\n|\n|t:|1662387260\n|switch|p1a: Zapdos|Zapdos|100\/100\n|move|p2a: Dada Monke|U-turn|p1a: Zapdos\n|-resisted|p1a: Zapdos\n|-damage|p1a: Zapdos|88\/100\n|\n|t:|1662387274\n|switch|p2a: Hawt Parakeet|Moltres-Galar|100\/100|[from]move: U-turn\n|-damage|p2a: Hawt Parakeet|76\/100|[from] Stealth Rock\n|\n|upkeep\n|turn|10\n|\n|t:|1662387281\n|switch|p1a: Nihilego|Nihilego|100\/100\n|move|p2a: Hawt Parakeet|Agility|p2a: Hawt Parakeet\n|-boost|p2a: Hawt Parakeet|spe|2\n|\n|upkeep\n|turn|11\n|\n|t:|1662387288\n|move|p2a: Hawt Parakeet|Fiery Wrath|p1a: Nihilego\n|-damage|p1a: Nihilego|69\/100\n|move|p1a: Nihilego|Meteor Beam||[still]\n|-prepare|p1a: Nihilego|Meteor Beam\n|-boost|p1a: Nihilego|spa|1\n|-enditem|p1a: Nihilego|Power Herb\n|-anim|p1a: Nihilego|Meteor Beam|p2a: Hawt Parakeet\n|-supereffective|p2a: Hawt Parakeet\n|-damage|p2a: Hawt Parakeet|0 fnt\n|faint|p2a: Hawt Parakeet\n|-ability|p1a: Nihilego|Beast Boost|boost\n|-boost|p1a: Nihilego|spe|1\n|\n|upkeep\n|\n|t:|1662387303\n|switch|p2a: Chonkyzilla|Tyranitar, F|100\/100\n|-damage|p2a: Chonkyzilla|88\/100|[from] Stealth Rock\n|-weather|Sandstorm|[from] ability: Sand Stream|[of] p2a: Chonkyzilla\n|turn|12\n|\n|t:|1662387311\n|move|p1a: Nihilego|Sludge Bomb|p2a: Chonkyzilla\n|-resisted|p2a: Chonkyzilla\n|-damage|p2a: Chonkyzilla|82\/100\n|move|p2a: Chonkyzilla|Stone Edge|p1a: Nihilego|[miss]\n|-miss|p2a: Chonkyzilla|p1a: Nihilego\n|\n|-weather|Sandstorm|[upkeep]\n|-heal|p2a: Chonkyzilla|88\/100|[from] item: Leftovers\n|upkeep\n|turn|13\n|\n|t:|1662387321\n|move|p1a: Nihilego|Grass Knot|p2a: Chonkyzilla\n|-supereffective|p2a: Chonkyzilla\n|-damage|p2a: Chonkyzilla|63\/100\n|move|p2a: Chonkyzilla|Earthquake|p1a: Nihilego\n|-supereffective|p1a: Nihilego\n|-damage|p1a: Nihilego|0 fnt\n|faint|p1a: Nihilego\n|\n|-weather|Sandstorm|[upkeep]\n|-heal|p2a: Chonkyzilla|69\/100|[from] item: Leftovers\n|upkeep\n|\n|t:|1662387387\n|switch|p1a: Dragapult|Dragapult, M|100\/100\n|turn|14\n|\n|t:|1662387393\n|move|p1a: Dragapult|U-turn|p2a: Chonkyzilla\n|-supereffective|p2a: Chonkyzilla\n|-damage|p2a: Chonkyzilla|15\/100\n|\n|t:|1662387399\n|switch|p1a: Ferrothorn|Ferrothorn, F|100\/100|[from]move: U-turn\n|move|p2a: Chonkyzilla|Thunder Wave|p1a: Ferrothorn\n|-status|p1a: Ferrothorn|par\n|\n|-weather|Sandstorm|[upkeep]\n|-heal|p2a: Chonkyzilla|21\/100|[from] item: Leftovers\n|-sideend|p2: ZakDoe|move: Light Screen\n|upkeep\n|turn|15\n|\n|t:|1662387407\n|switch|p1a: Dragapult|Dragapult, M|100\/100\n|move|p2a: Chonkyzilla|Stealth Rock|p1a: Dragapult\n|-sidestart|p1: rooopos|move: Stealth Rock\n|\n|-weather|Sandstorm|[upkeep]\n|-damage|p1a: Dragapult|95\/100|[from] Sandstorm\n|-heal|p2a: Chonkyzilla|27\/100|[from] item: Leftovers\n|-sideend|p2: ZakDoe|Reflect\n|upkeep\n|turn|16\n|\n|t:|1662387417\n|move|p1a: Dragapult|Dragon Darts|p2a: Chonkyzilla\n|-damage|p2a: Chonkyzilla|0 fnt\n|faint|p2a: Chonkyzilla\n|\n|-weather|none\n|upkeep\n|\n|t:|1662387422\n|switch|p2a: Dada Monke|Zarude|88\/100\n|-damage|p2a: Dada Monke|76\/100|[from] Stealth Rock\n|turn|17\n|\n|t:|1662387426\n|move|p2a: Dada Monke|Darkest Lariat|p1a: Dragapult\n|-supereffective|p1a: Dragapult\n|-damage|p1a: Dragapult|0 fnt\n|faint|p1a: Dragapult\n|\n|upkeep\n|\n|t:|1662387430\n|switch|p1a: Zapdos|Zapdos|88\/100\n|turn|18\n|\n|t:|1662387440\n|switch|p2a: Bog Bogg n Boge|Hydreigon, F|80\/100\n|-damage|p2a: Bog Bogg n Boge|67\/100|[from] Stealth Rock\n|move|p1a: Zapdos|Hurricane|p2a: Bog Bogg n Boge\n|-damage|p2a: Bog Bogg n Boge|7\/100\n|-start|p2a: Bog Bogg n Boge|confusion\n|\n|upkeep\n|turn|19\n|\n|t:|1662387451\n|move|p1a: Zapdos|Volt Switch|p2a: Bog Bogg n Boge\n|-resisted|p2a: Bog Bogg n Boge\n|-damage|p2a: Bog Bogg n Boge|0 fnt\n|faint|p2a: Bog Bogg n Boge\n|\n|t:|1662387463\n|switch|p1a: Ferrothorn|Ferrothorn, F|100\/100 par|[from]move: Volt Switch\n|-damage|p1a: Ferrothorn|94\/100 par|[from] Stealth Rock\n|\n|-heal|p1a: Ferrothorn|100\/100 par|[from] item: Leftovers\n|upkeep\n|\n|t:|1662387475\n|switch|p2a: Tsukino|Weavile, F|100\/100\n|-damage|p2a: Tsukino|76\/100|[from] Stealth Rock\n|-ability|p2a: Tsukino|Pressure\n|turn|20\n|\n|t:|1662387483\n|move|p2a: Tsukino|Swords Dance|p2a: Tsukino\n|-boost|p2a: Tsukino|atk|2\n|move|p1a: Ferrothorn|Gyro Ball|p2a: Tsukino\n|-supereffective|p2a: Tsukino\n|-damage|p2a: Tsukino|0 fnt\n|faint|p2a: Tsukino\n|\n|upkeep\n|\n|t:|1662387489\n|switch|p2a: Dada Monke|Zarude|76\/100\n|-damage|p2a: Dada Monke|64\/100|[from] Stealth Rock\n|turn|21\n|\n|t:|1662387497\n|move|p2a: Dada Monke|Darkest Lariat|p1a: Ferrothorn\n|-damage|p1a: Ferrothorn|76\/100 par\n|-damage|p2a: Dada Monke|51\/100|[from] ability: Iron Barbs|[of] p1a: Ferrothorn\n|cant|p1a: Ferrothorn|par\n|\n|-heal|p1a: Ferrothorn|82\/100 par|[from] item: Leftovers\n|upkeep\n|turn|22\n|c|\u2606rooopos|gg\n|c|\u2606ZakDoe|gg\n|\n|t:|1662387504\n|move|p2a: Dada Monke|Darkest Lariat|p1a: Ferrothorn\n|-damage|p1a: Ferrothorn|60\/100 par\n|-damage|p2a: Dada Monke|39\/100|[from] ability: Iron Barbs|[of] p1a: Ferrothorn\n|move|p1a: Ferrothorn|Gyro Ball|p2a: Dada Monke\n|-damage|p2a: Dada Monke|0 fnt\n|faint|p2a: Dada Monke\n|\n|win|rooopos\n","uploadtime":1662387511,"views":20,"p1id":"rooopos","p2id":"zakdoe","formatid":"gen8ou","rating":0,"private":0,"password":null}