{"id":"gen8almostanyability-1676124327","p1":"career ended","p2":"Unviabriel","format":"gen8almostanyability","log":"|html|<div class=\"broadcast-blue\"><strong>[Gen 8] Almost Any Ability is currently suspecting Genesect! For information on how to participate check out the <a href=\"https:\/\/www.smogon.com\/forums\/threads\/ss-aaa-suspect-9-burning-red-genesect.3708014\/\">suspect thread<\/a>.<\/strong><\/div>\n|j|\u2606career ended\n|j|\u2606Unviabriel\n|t:|1664754597\n|gametype|singles\n|player|p1|career ended|depotagent|\n|player|p2|Unviabriel|shauntal|\n|teamsize|p1|6\n|teamsize|p2|6\n|gen|8\n|tier|[Gen 8] Almost Any Ability\n|rule|Species Clause: Limit one of each Pok\u00e9mon\n|rule|OHKO Clause: OHKO moves are banned\n|rule|Evasion Moves Clause: Evasion moves are banned\n|rule|Endless Battle Clause: Forcing endless battles is banned\n|rule|Dynamax Clause: You cannot dynamax\n|rule|HP Percentage Mod: HP is shown in percentages\n|rule|2 Ability Clause: Limit two of each ability\n|rule|Sleep Clause: Sleep-inducing moves are banned\n|clearpoke\n|poke|p1|Barraskewda, F|\n|poke|p1|Runerigus, F|\n|poke|p1|Celesteela|\n|poke|p1|Garchomp, F|\n|poke|p1|Genesect|\n|poke|p1|Xurkitree|\n|poke|p2|Zygarde-10%|\n|poke|p2|Tapu Koko|\n|poke|p2|Ferrothorn, F|\n|poke|p2|Heatran, M|\n|poke|p2|Tapu Fini|\n|poke|p2|Mandibuzz, F|\n|teampreview\n|j| demondinnerlady\n|j| Ducky\n|j| cityscapes\n|j| Deepfriedmagikarp\n|j|@isaiaH@!\n|\n|t:|1664754663\n|start\n|switch|p1a: Runerigus|Runerigus, F|100\/100\n|switch|p2a: Mandibuzz|Mandibuzz, F|100\/100\n|-ability|p2a: Mandibuzz|Dauntless Shield|boost\n|-boost|p2a: Mandibuzz|def|1\n|turn|1\n|j| armin@!\n|\n|t:|1664754697\n|move|p1a: Runerigus|Toxic Spikes|p2a: Mandibuzz\n|-sidestart|p2: Unviabriel|move: Toxic Spikes\n|move|p2a: Mandibuzz|Foul Play|p1a: Runerigus\n|-supereffective|p1a: Runerigus\n|-enditem|p1a: Runerigus|Focus Sash\n|-damage|p1a: Runerigus|1\/100\n|\n|upkeep\n|turn|2\n|\n|t:|1664754729\n|move|p1a: Runerigus|Destiny Bond|p1a: Runerigus\n|-singlemove|p1a: Runerigus|Destiny Bond\n|move|p2a: Mandibuzz|Defog|p1a: Runerigus\n|-unboost|p1a: Runerigus|evasion|1\n|-sideend|p2: Unviabriel|Toxic Spikes|[from] move: Defog|[of] p2a: Mandibuzz\n|\n|upkeep\n|turn|3\n|\n|t:|1664754774\n|move|p1a: Runerigus|Toxic Spikes|p2a: Mandibuzz\n|-sidestart|p2: Unviabriel|move: Toxic Spikes\n|move|p2a: Mandibuzz|Roost||[still]\n|-fail|p2a: Mandibuzz|heal\n|\n|upkeep\n|turn|4\n|\n|t:|1664754780\n|move|p1a: Runerigus|Stealth Rock|p2a: Mandibuzz\n|-sidestart|p2: Unviabriel|move: Stealth Rock\n|move|p2a: Mandibuzz|Defog|p1a: Runerigus\n|-unboost|p1a: Runerigus|evasion|1\n|-sideend|p2: Unviabriel|Toxic Spikes|[from] move: Defog|[of] p2a: Mandibuzz\n|-sideend|p2: Unviabriel|Stealth Rock|[from] move: Defog|[of] p2a: Mandibuzz\n|\n|upkeep\n|turn|5\n|\n|t:|1664754792\n|move|p1a: Runerigus|Destiny Bond|p1a: Runerigus\n|-singlemove|p1a: Runerigus|Destiny Bond\n|move|p2a: Mandibuzz|Defog|p1a: Runerigus\n|-unboost|p1a: Runerigus|evasion|1\n|\n|upkeep\n|turn|6\n|j| sobbel\n|j|+Quantum Tesseract\n|\n|t:|1664754837\n|move|p1a: Runerigus|Toxic Spikes|p2a: Mandibuzz\n|-sidestart|p2: Unviabriel|move: Toxic Spikes\n|move|p2a: Mandibuzz|Foul Play|p1a: Runerigus\n|-supereffective|p1a: Runerigus\n|-damage|p1a: Runerigus|0 fnt\n|faint|p1a: Runerigus\n|\n|upkeep\n|c|\u2606career ended|me typin out \"plz just take the tspikes, i chose this to not sit here for another 30 mins\"\n|\n|t:|1664754872\n|switch|p1a: Xurkitree|Xurkitree|100\/100\n|-fieldstart|move: Electric Terrain|[from] ability: Electric Surge|[of] p1a: Xurkitree\n|turn|7\n|inactive|Battle timer is ON: inactive players will automatically lose when time's up. (requested by career ended)\n|\n|t:|1664754900\n|switch|p2a: Ferrothorn|Ferrothorn, F|100\/100\n|move|p1a: Xurkitree|Rising Voltage|p2a: Ferrothorn\n|-hint|Rising Voltage's BP doubled on grounded target.\n|-resisted|p2a: Ferrothorn\n|-damage|p2a: Ferrothorn|63\/100\n|\n|upkeep\n|turn|8\n|j| beauts\n|inactive|career ended has 270 seconds left.\n|inactive|Unviabriel has 270 seconds left.\n|\n|t:|1664754937\n|switch|p2a: Zygarde|Zygarde-10%|100\/100\n|-status|p2a: Zygarde|psn\n|move|p1a: Xurkitree|Rising Voltage|p2a: Zygarde\n|-immune|p2a: Zygarde\n|\n|-damage|p2a: Zygarde|88\/100 psn|[from] psn\n|upkeep\n|turn|9\n|inactive|career ended has 270 seconds left.\n|inactive|Unviabriel has 270 seconds left.\n|\n|t:|1664754948\n|switch|p1a: Celesteela|Celesteela|100\/100\n|move|p2a: Zygarde|Thousand Arrows|p1a: Celesteela\n|-damage|p1a: Celesteela|70\/100\n|-start|p1a: Celesteela|Smack Down\n|\n|-heal|p2a: Zygarde|94\/100 psn|[from] item: Leftovers\n|-damage|p2a: Zygarde|82\/100 psn|[from] psn\n|upkeep\n|turn|10\n|inactive|career ended has 270 seconds left.\n|inactive|Unviabriel has 270 seconds left.\n|inactive|career ended has 240 seconds left.\n|\n|t:|1664754994\n|move|p2a: Zygarde|Thousand Arrows|p1a: Celesteela\n|-supereffective|p1a: Celesteela\n|-damage|p1a: Celesteela|11\/100\n|move|p1a: Celesteela|Flamethrower|p2a: Zygarde\n|-resisted|p2a: Zygarde\n|-damage|p2a: Zygarde|71\/100 psn\n|\n|-heal|p2a: Zygarde|77\/100 psn|[from] item: Leftovers\n|-damage|p2a: Zygarde|65\/100 psn|[from] psn\n|upkeep\n|turn|11\n|inactive|career ended has 240 seconds left.\n|\n|t:|1664755009\n|move|p2a: Zygarde|Thousand Arrows|p1a: Celesteela\n|-supereffective|p1a: Celesteela\n|-damage|p1a: Celesteela|0 fnt\n|faint|p1a: Celesteela\n|\n|-heal|p2a: Zygarde|71\/100 psn|[from] item: Leftovers\n|-damage|p2a: Zygarde|59\/100 psn|[from] psn\n|-fieldend|move: Electric Terrain\n|upkeep\n|inactive|career ended has 240 seconds left.\n|l| beauts\n|\n|t:|1664755015\n|switch|p1a: Barraskewda|Barraskewda, F|100\/100\n|-weather|PrimordialSea|[from] ability: Primordial Sea|[of] p1a: Barraskewda\n|turn|12\n|\n|t:|1664755026\n|switch|p2a: Tapu Fini|Tapu Fini|100\/100\n|-status|p2a: Tapu Fini|psn\n|move|p1a: Barraskewda|Flip Turn|p2a: Tapu Fini\n|-resisted|p2a: Tapu Fini\n|-damage|p2a: Tapu Fini|71\/100 psn\n|\n|t:|1664755030\n|-weather|none\n|switch|p1a: Genesect|Genesect, shiny|100\/100|[from]move: Flip Turn\n|\n|-damage|p2a: Tapu Fini|59\/100 psn|[from] psn\n|-status|p1a: Genesect|brn|[from] item: Flame Orb\n|upkeep\n|turn|13\n|inactive|Unviabriel has 270 seconds left.\n|inactive|Unviabriel has 240 seconds left.\n|\n|t:|1664755073\n|switch|p2a: Mandibuzz|Mandibuzz, F|100\/100\n|-ability|p2a: Mandibuzz|Dauntless Shield|boost\n|-boost|p2a: Mandibuzz|def|1\n|switch|p1a: Xurkitree|Xurkitree|100\/100\n|-fieldstart|move: Electric Terrain|[from] ability: Electric Surge|[of] p1a: Xurkitree\n|\n|upkeep\n|turn|14\n|inactive|Unviabriel has 240 seconds left.\n|\n|t:|1664755087\n|switch|p2a: Ferrothorn|Ferrothorn, F|96\/100\n|move|p1a: Xurkitree|Rising Voltage|p2a: Ferrothorn\n|-hint|Rising Voltage's BP doubled on grounded target.\n|-resisted|p2a: Ferrothorn\n|-damage|p2a: Ferrothorn|54\/100\n|\n|upkeep\n|turn|15\n|inactive|Unviabriel has 240 seconds left.\n|\n|t:|1664755112\n|move|p1a: Xurkitree|Rising Voltage|p2a: Ferrothorn\n|-hint|Rising Voltage's BP doubled on grounded target.\n|-resisted|p2a: Ferrothorn\n|-damage|p2a: Ferrothorn|14\/100\n|move|p2a: Ferrothorn|Power Whip|p1a: Xurkitree\n|-damage|p1a: Xurkitree|39\/100\n|\n|upkeep\n|turn|16\n|\n|t:|1664755135\n|switch|p1a: Genesect|Genesect, shiny|100\/100 brn\n|switch|p2a: Zygarde|Zygarde-10%|59\/100 psn\n|\n|-heal|p2a: Zygarde|65\/100 psn|[from] item: Leftovers\n|-damage|p2a: Zygarde|53\/100 psn|[from] psn\n|-damage|p1a: Genesect|94\/100 brn|[from] brn\n|upkeep\n|turn|17\n|inactive|Unviabriel has 210 seconds left.\n|\n|t:|1664755154\n|switch|p2a: Mandibuzz|Mandibuzz, F|100\/100\n|-ability|p2a: Mandibuzz|Dauntless Shield|boost\n|-boost|p2a: Mandibuzz|def|1\n|move|p1a: Genesect|Facade|p2a: Mandibuzz\n|-damage|p2a: Mandibuzz|73\/100\n|\n|-damage|p1a: Genesect|88\/100 brn|[from] brn\n|-fieldend|move: Electric Terrain\n|upkeep\n|turn|18\n|inactive|Unviabriel has 210 seconds left.\n|\n|t:|1664755168\n|switch|p1a: Xurkitree|Xurkitree|39\/100\n|-fieldstart|move: Electric Terrain|[from] ability: Electric Surge|[of] p1a: Xurkitree\n|move|p2a: Mandibuzz|Foul Play|p1a: Xurkitree\n|-damage|p1a: Xurkitree|7\/100\n|\n|upkeep\n|turn|19\n|l| sobbel\n|inactive|Unviabriel has 210 seconds left.\n|\n|t:|1664755196\n|switch|p2a: Ferrothorn|Ferrothorn, F|47\/100\n|move|p1a: Xurkitree|Rising Voltage|p2a: Ferrothorn\n|-hint|Rising Voltage's BP doubled on grounded target.\n|-resisted|p2a: Ferrothorn\n|-damage|p2a: Ferrothorn|10\/100\n|\n|upkeep\n|turn|20\n|\n|t:|1664755205\n|switch|p1a: Barraskewda|Barraskewda, F|100\/100\n|-weather|PrimordialSea|[from] ability: Primordial Sea|[of] p1a: Barraskewda\n|switch|p2a: Zygarde|Zygarde-10%|53\/100 psn\n|\n|-weather|PrimordialSea|[upkeep]\n|-heal|p2a: Zygarde|59\/100 psn|[from] item: Leftovers\n|-damage|p2a: Zygarde|47\/100 psn|[from] psn\n|-activate|p2a: Zygarde|ability: Power Construct\n|detailschange|p2a: Zygarde|Zygarde-Complete\n|-heal|p2a: Zygarde|76\/100 psn|[silent]\n|upkeep\n|turn|21\n|inactive|career ended has 270 seconds left.\n|\n|t:|1664755220\n|switch|p2a: Tapu Fini|Tapu Fini|92\/100 psn\n|move|p1a: Barraskewda|Flip Turn|p2a: Tapu Fini\n|-resisted|p2a: Tapu Fini\n|-damage|p2a: Tapu Fini|65\/100 psn\n|\n|t:|1664755224\n|-weather|none\n|switch|p1a: Genesect|Genesect, shiny|88\/100 brn|[from]move: Flip Turn\n|\n|-damage|p2a: Tapu Fini|52\/100 psn|[from] psn\n|-damage|p1a: Genesect|82\/100 brn|[from] brn\n|upkeep\n|turn|22\n|inactive|Unviabriel has 210 seconds left.\n|inactive|career ended has 270 seconds left.\n|\n|t:|1664755237\n|switch|p2a: Mandibuzz|Mandibuzz, F|73\/100\n|-ability|p2a: Mandibuzz|Dauntless Shield|boost\n|-boost|p2a: Mandibuzz|def|1\n|switch|p1a: Barraskewda|Barraskewda, F|100\/100\n|-weather|PrimordialSea|[from] ability: Primordial Sea|[of] p1a: Barraskewda\n|\n|-weather|PrimordialSea|[upkeep]\n|-fieldend|move: Electric Terrain\n|upkeep\n|turn|23\n|inactive|Unviabriel has 210 seconds left.\n|\n|t:|1664755250\n|move|p1a: Barraskewda|Liquidation|p2a: Mandibuzz\n|-damage|p2a: Mandibuzz|35\/100\n|move|p2a: Mandibuzz|Roost|p2a: Mandibuzz\n|-heal|p2a: Mandibuzz|85\/100\n|-singleturn|p2a: Mandibuzz|move: Roost\n|\n|-weather|PrimordialSea|[upkeep]\n|upkeep\n|turn|24\n|inactive|Unviabriel has 210 seconds left.\n|\n|t:|1664755268\n|switch|p2a: Heatran|Heatran, M|100\/100\n|-weather|DesolateLand|[from] ability: Desolate Land|[of] p2a: Heatran\n|move|p1a: Barraskewda|Liquidation||[still]\n|-fail|p1a: Barraskewda|Liquidation|[from] Desolate Land\n|\n|-weather|DesolateLand|[upkeep]\n|upkeep\n|turn|25\n|\n|t:|1664755280\n|switch|p1a: Garchomp|Garchomp, F|100\/100\n|move|p2a: Heatran|Stealth Rock|p1a: Garchomp\n|-sidestart|p1: career ended|move: Stealth Rock\n|\n|-weather|DesolateLand|[upkeep]\n|upkeep\n|turn|26\n|inactive|Unviabriel has 210 seconds left.\n|\n|t:|1664755294\n|-weather|none\n|switch|p2a: Tapu Fini|Tapu Fini|86\/100 psn\n|move|p1a: Garchomp|Swords Dance|p1a: Garchomp\n|-boost|p1a: Garchomp|atk|2\n|\n|-damage|p2a: Tapu Fini|73\/100 psn|[from] psn\n|upkeep\n|turn|27\n|inactive|Unviabriel has 210 seconds left.\n|\n|t:|1664755327\n|move|p2a: Tapu Fini|Moonblast|p1a: Garchomp\n|-supereffective|p1a: Garchomp\n|-damage|p1a: Garchomp|30\/100\n|-unboost|p1a: Garchomp|spa|1\n|move|p1a: Garchomp|Earthquake|p2a: Tapu Fini\n|-damage|p2a: Tapu Fini|0 fnt\n|faint|p2a: Tapu Fini\n|-damage|p1a: Garchomp|20\/100|[from] item: Life Orb\n|\n|upkeep\n|inactive|Unviabriel has 180 seconds left.\n|\n|t:|1664755343\n|switch|p2a: Tapu Koko|Tapu Koko|100\/100\n|-status|p2a: Tapu Koko|psn\n|turn|28\n|inactive|career ended has 270 seconds left.\n|\n|t:|1664755371\n|switch|p1a: Xurkitree|Xurkitree|7\/100\n|-damage|p1a: Xurkitree|0 fnt|[from] Stealth Rock\n|faint|p1a: Xurkitree\n|move|p2a: Tapu Koko|Facade|p1: Xurkitree|[notarget]\n|-fail|p2a: Tapu Koko\n|\n|-damage|p2a: Tapu Koko|88\/100 psn|[from] psn\n|upkeep\n|\n|t:|1664755375\n|switch|p1a: Barraskewda|Barraskewda, F|100\/100\n|-damage|p1a: Barraskewda|88\/100|[from] Stealth Rock\n|-weather|PrimordialSea|[from] ability: Primordial Sea|[of] p1a: Barraskewda\n|turn|29\n|j| Evasion Boosts\n|\n|t:|1664755393\n|switch|p2a: Ferrothorn|Ferrothorn, F|44\/100\n|move|p1a: Barraskewda|Liquidation|p2a: Ferrothorn\n|-resisted|p2a: Ferrothorn\n|-damage|p2a: Ferrothorn|9\/100\n|-damage|p1a: Barraskewda|72\/100|[from] item: Rocky Helmet|[of] p2a: Ferrothorn\n|\n|-weather|PrimordialSea|[upkeep]\n|upkeep\n|turn|30\n|inactive|Unviabriel has 180 seconds left.\n|\n|t:|1664755429\n|-weather|none\n|switch|p1a: Garchomp|Garchomp, F|20\/100\n|-damage|p1a: Garchomp|14\/100|[from] Stealth Rock\n|move|p2a: Ferrothorn|Knock Off|p1a: Garchomp\n|-damage|p1a: Garchomp|0 fnt\n|-enditem|p1a: Garchomp|Life Orb|[from] move: Knock Off|[of] p2a: Ferrothorn\n|faint|p1a: Garchomp\n|\n|upkeep\n|c|\u2606career ended|ok gg\n|c|\u2606career ended|shouldve boomed\n|inactive|career ended has 270 seconds left.\n|-message|career ended forfeited.\n|\n|win|Unviabriel\n|c|\u2606Unviabriel|ggs\n|l|\u2606career ended\n","uploadtime":1664755445,"views":42,"p1id":"careerended","p2id":"unviabriel","formatid":"gen8almostanyability","rating":0,"private":0,"password":null}