{"id":"gen8ou-1095284720","p1":"SuperPinky553","p2":"TryHonesty","format":"gen8ou","log":"|j|\u2606SuperPinky553\n|j|\u2606TryHonesty\n|player|p1|SuperPinky553|brycen|1419\n|player|p2|TryHonesty|169|1461\n|teamsize|p1|6\n|teamsize|p2|6\n|gametype|singles\n|gen|8\n|tier|[Gen 8] OU\n|rated|\n|html|<div class=\"broadcast-red\"><strong>OU is currently suspecting Melmetal! For information on how to participate check out the <a href=\"https:\/\/www.smogon.com\/forums\/threads\/3662190\/\">suspect thread<\/a>.<\/strong><\/div>\n|clearpoke\n|poke|p1|Rotom-Heat|\n|poke|p1|Clefable, M|\n|poke|p1|Conkeldurr, F|\n|poke|p1|Corviknight, M|\n|poke|p1|Seismitoad, F|\n|poke|p1|Dragapult, M|\n|poke|p2|Kyurem|\n|poke|p2|Mamoswine, M|\n|poke|p2|Hatterene, F|\n|poke|p2|Mandibuzz, F|\n|poke|p2|Dragapult, M|\n|poke|p2|Weavile, F|\n|rule|Sleep Clause Mod: Limit one foe put to sleep\n|rule|Species Clause: Limit one of each Pok\u00e9mon\n|rule|OHKO Clause: OHKO moves are banned\n|rule|Evasion Moves Clause: Evasion moves are banned\n|rule|Endless Battle Clause: Forcing endless battles is banned\n|rule|HP Percentage Mod: HP is shown in percentages\n|rule|Dynamax Clause: You cannot dynamax\n|teampreview\n|\n|start\n|switch|p1a: Dragapult|Dragapult, M|100\/100\n|switch|p2a: Hatterene|Hatterene, F|100\/100\n|turn|1\n|inactive|Battle timer is ON: inactive players will automatically lose when time's up. (requested by SuperPinky553)\n|\n|move|p1a: Dragapult|U-turn|p2a: Hatterene\n|-damage|p2a: Hatterene|82\/100\n|\n|switch|p1a: Corviknight|Corviknight, M|100\/100|[from]move: U-turn\n|-ability|p1a: Corviknight|Pressure\n|move|p2a: Hatterene|Dazzling Gleam|p1a: Corviknight\n|-resisted|p1a: Corviknight\n|-crit|p1a: Corviknight\n|-damage|p1a: Corviknight|67\/100\n|-damage|p2a: Hatterene|72\/100|[from] item: Life Orb\n|\n|-heal|p1a: Corviknight|73\/100|[from] item: Leftovers\n|upkeep\n|turn|2\n|\n|move|p1a: Corviknight|Iron Head|p2a: Hatterene\n|-supereffective|p2a: Hatterene\n|-damage|p2a: Hatterene|19\/100\n|move|p2a: Hatterene|Mystical Fire|p1a: Corviknight\n|-supereffective|p1a: Corviknight\n|-damage|p1a: Corviknight|22\/100\n|-unboost|p1a: Corviknight|spa|1\n|-damage|p2a: Hatterene|9\/100|[from] item: Life Orb\n|\n|-heal|p1a: Corviknight|29\/100|[from] item: Leftovers\n|upkeep\n|turn|3\n|\n|switch|p2a: Mandibuzz|Mandibuzz, F|100\/100\n|move|p1a: Corviknight|Roost|p1a: Corviknight\n|-heal|p1a: Corviknight|78\/100\n|-singleturn|p1a: Corviknight|move: Roost\n|\n|-heal|p1a: Corviknight|85\/100|[from] item: Leftovers\n|upkeep\n|turn|4\n|\n|move|p2a: Mandibuzz|U-turn|p1a: Corviknight\n|-resisted|p1a: Corviknight\n|-damage|p1a: Corviknight|82\/100\n|\n|switch|p2a: Hatterene|Hatterene, F|9\/100|[from]move: U-turn\n|move|p1a: Corviknight|U-turn|p2a: Hatterene\n|-damage|p2a: Hatterene|0 fnt\n|faint|p2a: Hatterene\n|\n|switch|p1a: Conkeldurr|Conkeldurr, F|100\/100|[from]move: U-turn\n|\n|-status|p1a: Conkeldurr|brn|[from] item: Flame Orb\n|upkeep\n|\n|switch|p2a: Dragapult|Dragapult, M|100\/100\n|turn|5\n|\n|switch|p1a: Corviknight|Corviknight, M|82\/100\n|-ability|p1a: Corviknight|Pressure\n|move|p2a: Dragapult|Dragon Darts|p1a: Corviknight\n|-resisted|p1a: Corviknight\n|-damage|p1a: Corviknight|67\/100\n|-anim|p2a: Dragapult|Dragon Darts|p1a: Corviknight\n|-resisted|p1a: Corviknight\n|-damage|p1a: Corviknight|55\/100\n|-damage|p2a: Dragapult|91\/100|[from] item: Life Orb\n|\n|-heal|p1a: Corviknight|61\/100|[from] item: Leftovers\n|upkeep\n|turn|6\n|inactive|TryHonesty has 120 seconds left.\n|\n|move|p2a: Dragapult|Dragon Dance|p2a: Dragapult\n|-boost|p2a: Dragapult|atk|1\n|-boost|p2a: Dragapult|spe|1\n|move|p1a: Corviknight|Roost|p1a: Corviknight\n|-heal|p1a: Corviknight|100\/100\n|-singleturn|p1a: Corviknight|move: Roost\n|\n|upkeep\n|turn|7\n|\n|move|p2a: Dragapult|Dragon Dance|p2a: Dragapult\n|-boost|p2a: Dragapult|atk|1\n|-boost|p2a: Dragapult|spe|1\n|move|p1a: Corviknight|Iron Head|p2a: Dragapult\n|-damage|p2a: Dragapult|57\/100\n|\n|upkeep\n|turn|8\n|\n|move|p2a: Dragapult|Phantom Force||[still]\n|-prepare|p2a: Dragapult|Phantom Force|p1a: Corviknight\n|move|p1a: Corviknight|Iron Head|p2a: Dragapult|[miss]\n|-miss|p1a: Corviknight|p2a: Dragapult\n|\n|upkeep\n|turn|9\n|\n|move|p2a: Dragapult|Phantom Force|p1a: Corviknight|[from]lockedmove\n|-damage|p1a: Corviknight|0 fnt\n|-damage|p2a: Dragapult|48\/100|[from] item: Life Orb\n|faint|p1a: Corviknight\n|\n|upkeep\n|\n|switch|p1a: Clefable|Clefable, M|100\/100\n|turn|10\n|\n|move|p2a: Dragapult|Phantom Force||[still]\n|-prepare|p2a: Dragapult|Phantom Force|p1a: Clefable\n|move|p1a: Clefable|Moonblast|p2a: Dragapult|[miss]\n|-miss|p1a: Clefable|p2a: Dragapult\n|\n|upkeep\n|turn|11\n|\n|move|p1a: Clefable|Protect|p1a: Clefable\n|-singleturn|p1a: Clefable|Protect\n|move|p2a: Dragapult|Phantom Force|p1a: Clefable|[from]lockedmove\n|-activate|p1a: Clefable|move: Phantom Force|[broken]\n|-damage|p1a: Clefable|0 fnt\n|-damage|p2a: Dragapult|38\/100|[from] item: Life Orb\n|faint|p1a: Clefable\n|\n|upkeep\n|\n|switch|p1a: Seismitoad|Seismitoad, F|100\/100\n|turn|12\n|inactive|TryHonesty has 120 seconds left.\n|\n|move|p2a: Dragapult|Dragon Darts|p1a: Seismitoad\n|-damage|p1a: Seismitoad|52\/100\n|-anim|p2a: Dragapult|Dragon Darts|p1a: Seismitoad\n|-damage|p1a: Seismitoad|1\/100\n|-damage|p2a: Dragapult|28\/100|[from] item: Life Orb\n|move|p1a: Seismitoad|Knock Off|p2a: Dragapult\n|-supereffective|p2a: Dragapult\n|-crit|p2a: Dragapult\n|-damage|p2a: Dragapult|0 fnt\n|-enditem|p2a: Dragapult|Life Orb|[from] move: Knock Off|[of] p1a: Seismitoad\n|faint|p2a: Dragapult\n|\n|-heal|p1a: Seismitoad|7\/100|[from] item: Leftovers\n|upkeep\n|\n|switch|p2a: Weavile|Weavile, F|100\/100\n|-ability|p2a: Weavile|Pressure\n|turn|13\n|\n|switch|p1a: Conkeldurr|Conkeldurr, F|100\/100 brn\n|move|p2a: Weavile|Knock Off|p1a: Conkeldurr\n|-resisted|p1a: Conkeldurr\n|-damage|p1a: Conkeldurr|69\/100 brn\n|-enditem|p1a: Conkeldurr|Flame Orb|[from] move: Knock Off|[of] p2a: Weavile\n|-damage|p2a: Weavile|91\/100|[from] item: Life Orb\n|\n|-damage|p1a: Conkeldurr|63\/100 brn|[from] brn\n|upkeep\n|turn|14\n|\n|move|p2a: Weavile|Ice Punch|p1a: Conkeldurr\n|-damage|p1a: Conkeldurr|16\/100 brn\n|-damage|p2a: Weavile|81\/100|[from] item: Life Orb\n|move|p1a: Conkeldurr|Drain Punch|p2a: Weavile\n|-supereffective|p2a: Weavile\n|-damage|p2a: Weavile|0 fnt\n|-heal|p1a: Conkeldurr|48\/100 brn|[from] drain|[of] p2a: Weavile\n|faint|p2a: Weavile\n|\n|-damage|p1a: Conkeldurr|42\/100 brn|[from] brn\n|upkeep\n|\n|switch|p2a: Mamoswine|Mamoswine, M|100\/100\n|turn|15\n|\n|switch|p1a: Seismitoad|Seismitoad, F|7\/100\n|move|p2a: Mamoswine|Earthquake|p1a: Seismitoad\n|-damage|p1a: Seismitoad|0 fnt\n|-damage|p2a: Mamoswine|91\/100|[from] item: Life Orb\n|faint|p1a: Seismitoad\n|\n|upkeep\n|\n|switch|p1a: Rotom|Rotom-Heat|100\/100\n|turn|16\n|\n|move|p1a: Rotom|Overheat|p2a: Mamoswine\n|-supereffective|p2a: Mamoswine\n|-damage|p2a: Mamoswine|22\/100\n|-unboost|p1a: Rotom|spa|2\n|move|p2a: Mamoswine|Knock Off|p1a: Rotom\n|-damage|p1a: Rotom|53\/100\n|-enditem|p1a: Rotom|Heavy-Duty Boots|[from] move: Knock Off|[of] p2a: Mamoswine\n|-damage|p2a: Mamoswine|12\/100|[from] item: Life Orb\n|\n|upkeep\n|turn|17\n|\n|move|p1a: Rotom|Overheat|p2a: Mamoswine\n|-supereffective|p2a: Mamoswine\n|-damage|p2a: Mamoswine|0 fnt\n|-unboost|p1a: Rotom|spa|2\n|faint|p2a: Mamoswine\n|\n|upkeep\n|\n|switch|p2a: Kyurem|Kyurem|100\/100\n|-ability|p2a: Kyurem|Pressure\n|turn|18\n|\n|move|p1a: Rotom|Thunder Wave|p2a: Kyurem\n|-status|p2a: Kyurem|par\n|move|p2a: Kyurem|Ice Beam|p1a: Rotom\n|-resisted|p1a: Rotom\n|-damage|p1a: Rotom|27\/100\n|\n|upkeep\n|turn|19\n|\n|move|p1a: Rotom|Nasty Plot|p1a: Rotom\n|-boost|p1a: Rotom|spa|2\n|move|p2a: Kyurem|Ice Beam|p1a: Rotom\n|-resisted|p1a: Rotom\n|-damage|p1a: Rotom|0 fnt\n|faint|p1a: Rotom\n|\n|upkeep\n|\n|switch|p1a: Dragapult|Dragapult, M|100\/100\n|turn|20\n|\n|move|p1a: Dragapult|Draco Meteor|p2a: Kyurem\n|-supereffective|p2a: Kyurem\n|-damage|p2a: Kyurem|0 fnt\n|-unboost|p1a: Dragapult|spa|2\n|faint|p2a: Kyurem\n|\n|upkeep\n|\n|switch|p2a: Mandibuzz|Mandibuzz, F|100\/100\n|turn|21\n|\n|move|p1a: Dragapult|Draco Meteor|p2a: Mandibuzz\n|-damage|p2a: Mandibuzz|75\/100\n|-unboost|p1a: Dragapult|spa|2\n|move|p2a: Mandibuzz|Foul Play|p1a: Dragapult\n|-supereffective|p1a: Dragapult\n|-damage|p1a: Dragapult|6\/100\n|\n|upkeep\n|turn|22\n|\n|move|p1a: Dragapult|Draco Meteor|p2a: Mandibuzz\n|-damage|p2a: Mandibuzz|57\/100\n|-unboost|p1a: Dragapult|spa|2\n|move|p2a: Mandibuzz|Foul Play|p1a: Dragapult\n|-supereffective|p1a: Dragapult\n|-damage|p1a: Dragapult|0 fnt\n|faint|p1a: Dragapult\n|\n|upkeep\n|\n|switch|p1a: Conkeldurr|Conkeldurr, F|42\/100 brn\n|turn|23\n|\n|move|p2a: Mandibuzz|Foul Play|p1a: Conkeldurr\n|-resisted|p1a: Conkeldurr\n|-damage|p1a: Conkeldurr|12\/100 brn\n|move|p1a: Conkeldurr|Drain Punch|p2a: Mandibuzz\n|-damage|p2a: Mandibuzz|20\/100\n|-heal|p1a: Conkeldurr|34\/100 brn|[from] drain|[of] p2a: Mandibuzz\n|-damage|p1a: Conkeldurr|18\/100 brn|[from] item: Rocky Helmet|[of] p2a: Mandibuzz\n|\n|-damage|p1a: Conkeldurr|12\/100 brn|[from] brn\n|upkeep\n|turn|24\n|\n|move|p1a: Conkeldurr|Mach Punch|p2a: Mandibuzz\n|-damage|p2a: Mandibuzz|0 fnt\n|-damage|p1a: Conkeldurr|0 fnt|[from] item: Rocky Helmet|[of] p2a: Mandibuzz\n|faint|p2a: Mandibuzz\n|faint|p1a: Conkeldurr\n|\n|win|SuperPinky553\n|l|\u2606TryHonesty\n","uploadtime":1586683280,"views":6,"p1id":"superpinky553","p2id":"tryhonesty","formatid":"gen8ou","rating":0,"private":0,"password":null}