{"id":"gen8randombattle-1422073577","p1":"Arcangel666","p2":"yeah i think so","format":"gen8randombattle","log":"|j|\u2606Arcangel666\n|j|\u2606yeah i think so\n|t:|1632349218\n|gametype|singles\n|player|p1|Arcangel666|grimsley|1661\n|player|p2|yeah i think so|morty|1690\n|teamsize|p1|6\n|teamsize|p2|6\n|gen|8\n|tier|[Gen 8] Random Battle\n|rated|\n|rule|Species Clause: Limit one of each Pok\u00e9mon\n|rule|HP Percentage Mod: HP is shown in percentages\n|rule|Sleep Clause Mod: Limit one foe put to sleep\n|\n|t:|1632349218\n|start\n|switch|p1a: Centiskorch|Centiskorch, L84, F|305\/305\n|switch|p2a: Primarina|Primarina, L82, F|265\/265\n|turn|1\n|inactive|Battle timer is ON: inactive players will automatically lose when time's up. (requested by yeah i think so)\n|\n|t:|1632349233\n|switch|p1a: Blissey|Blissey, L83, F|559\/559\n|move|p2a: Primarina|Hydro Pump|p1a: Blissey\n|-damage|p1a: Blissey|469\/559\n|\n|-heal|p1a: Blissey|503\/559|[from] item: Leftovers\n|upkeep\n|turn|2\n|\n|t:|1632349249\n|switch|p2a: Tyrantrum|Tyrantrum, L82, M|269\/269\n|move|p1a: Blissey|Soft-Boiled|p1a: Blissey\n|-heal|p1a: Blissey|559\/559\n|\n|upkeep\n|turn|3\n|\n|t:|1632349256\n|switch|p1a: Quagsire|Quagsire, L84, M|297\/297\n|move|p2a: Tyrantrum|Head Smash|p1a: Quagsire\n|-resisted|p1a: Quagsire\n|-damage|p1a: Quagsire|188\/297\n|-damage|p2a: Tyrantrum|243\/269|[from] item: Life Orb\n|\n|-heal|p1a: Quagsire|206\/297|[from] item: Leftovers\n|upkeep\n|turn|4\n|\n|t:|1632349269\n|switch|p2a: Clawitzer|Clawitzer, L84, F|256\/256\n|move|p1a: Quagsire|Toxic|p2a: Clawitzer\n|-status|p2a: Clawitzer|tox\n|\n|-heal|p1a: Quagsire|224\/297|[from] item: Leftovers\n|-damage|p2a: Clawitzer|240\/256 tox|[from] psn\n|upkeep\n|turn|5\n|\n|t:|1632349281\n|switch|p2a: Tyrantrum|Tyrantrum, L82, M|243\/269\n|switch|p1a: Blissey|Blissey, L83, F|559\/559\n|\n|upkeep\n|turn|6\n|\n|t:|1632349285\n|switch|p1a: Quagsire|Quagsire, L84, M|224\/297\n|move|p2a: Tyrantrum|Head Smash|p1a: Quagsire|[miss]\n|-miss|p2a: Tyrantrum|p1a: Quagsire\n|\n|-heal|p1a: Quagsire|242\/297|[from] item: Leftovers\n|upkeep\n|turn|7\n|\n|t:|1632349290\n|switch|p2a: Clawitzer|Clawitzer, L84, F|240\/256 tox\n|move|p1a: Quagsire|Earthquake|p2a: Clawitzer\n|-damage|p2a: Clawitzer|147\/256 tox\n|\n|-heal|p1a: Quagsire|260\/297|[from] item: Leftovers\n|-damage|p2a: Clawitzer|131\/256 tox|[from] psn\n|upkeep\n|turn|8\n|\n|t:|1632349297\n|switch|p1a: Blissey|Blissey, L83, F|559\/559\n|move|p2a: Clawitzer|Water Pulse|p1a: Blissey\n|-crit|p1a: Blissey\n|-damage|p1a: Blissey|373\/559\n|\n|-heal|p1a: Blissey|407\/559|[from] item: Leftovers\n|-damage|p2a: Clawitzer|99\/256 tox|[from] psn\n|upkeep\n|turn|9\n|\n|t:|1632349303\n|switch|p2a: Tyrantrum|Tyrantrum, L82, M|243\/269\n|move|p1a: Blissey|Toxic|p2a: Tyrantrum\n|-status|p2a: Tyrantrum|tox\n|\n|-heal|p1a: Blissey|441\/559|[from] item: Leftovers\n|-damage|p2a: Tyrantrum|227\/269 tox|[from] psn\n|upkeep\n|turn|10\n|\n|t:|1632349308\n|switch|p1a: Quagsire|Quagsire, L84, M|260\/297\n|move|p2a: Tyrantrum|Outrage|p1a: Quagsire\n|-damage|p1a: Quagsire|60\/297\n|-damage|p2a: Tyrantrum|201\/269 tox|[from] item: Life Orb\n|\n|-heal|p1a: Quagsire|78\/297|[from] item: Leftovers\n|-damage|p2a: Tyrantrum|169\/269 tox|[from] psn\n|upkeep\n|turn|11\n|\n|t:|1632349314\n|switch|p1a: Zacian|Zacian, L68|238\/238\n|-ability|p1a: Zacian|Intrepid Sword|boost\n|-boost|p1a: Zacian|atk|1\n|move|p2a: Tyrantrum|Outrage|p1a: Zacian|[from]lockedmove\n|-immune|p1a: Zacian\n|\n|-damage|p2a: Tyrantrum|121\/269 tox|[from] psn\n|upkeep\n|turn|12\n|\n|t:|1632349322\n|switch|p2a: Rotom|Rotom-Heat, L82|216\/216\n|move|p1a: Zacian|Play Rough|p2a: Rotom\n|-resisted|p2a: Rotom\n|-damage|p2a: Rotom|138\/216\n|\n|upkeep\n|turn|13\n|\n|t:|1632349327\n|switch|p1a: Blissey|Blissey, L83, F|441\/559\n|move|p2a: Rotom|Volt Switch|p1a: Blissey\n|-damage|p1a: Blissey|387\/559\n|\n|t:|1632349330\n|switch|p2a: Tyrantrum|Tyrantrum, L82, M|121\/269 tox\n|\n|-heal|p1a: Blissey|421\/559|[from] item: Leftovers\n|-damage|p2a: Tyrantrum|105\/269 tox|[from] psn\n|upkeep\n|turn|14\n|\n|t:|1632349339\n|switch|p1a: Quagsire|Quagsire, L84, M|78\/297\n|move|p2a: Tyrantrum|Dragon Dance|p2a: Tyrantrum\n|-boost|p2a: Tyrantrum|atk|1\n|-boost|p2a: Tyrantrum|spe|1\n|\n|-heal|p1a: Quagsire|96\/297|[from] item: Leftovers\n|-damage|p2a: Tyrantrum|73\/269 tox|[from] psn\n|upkeep\n|turn|15\n|\n|t:|1632349346\n|move|p2a: Tyrantrum|Earthquake|p1a: Quagsire\n|-damage|p1a: Quagsire|0 fnt\n|faint|p1a: Quagsire\n|-damage|p2a: Tyrantrum|47\/269 tox|[from] item: Life Orb\n|\n|-damage|p2a: Tyrantrum|0 fnt|[from] psn\n|faint|p2a: Tyrantrum\n|upkeep\n|\n|t:|1632349353\n|switch|p2a: Lycanroc|Lycanroc, L80, F|251\/251\n|switch|p1a: Blissey|Blissey, L83, F|421\/559\n|turn|16\n|\n|t:|1632349363\n|switch|p1a: Togekiss|Togekiss, L80, M|267\/267\n|move|p2a: Lycanroc|Swords Dance|p2a: Lycanroc\n|-boost|p2a: Lycanroc|atk|2\n|\n|upkeep\n|turn|17\n|\n|t:|1632349367\n|-start|p2a: Lycanroc|Dynamax\n|-heal|p2a: Lycanroc|502\/502|[silent]\n|move|p2a: Lycanroc|Max Rockfall|p1a: Togekiss\n|-supereffective|p1a: Togekiss\n|-damage|p1a: Togekiss|0 fnt\n|-weather|Sandstorm\n|faint|p1a: Togekiss\n|-damage|p2a: Lycanroc|477\/502|[from] item: Life Orb\n|\n|-weather|Sandstorm|[upkeep]\n|upkeep\n|\n|t:|1632349373\n|switch|p1a: Zacian|Zacian, L68|238\/238\n|-ability|p1a: Zacian|Intrepid Sword|boost\n|-boost|p1a: Zacian|atk|1\n|turn|18\n|\n|t:|1632349376\n|move|p2a: Lycanroc|Max Rockfall|p1a: Zacian\n|-crit|p1a: Zacian\n|-damage|p1a: Zacian|0 fnt\n|faint|p1a: Zacian\n|-damage|p2a: Lycanroc|452\/502|[from] item: Life Orb\n|\n|-weather|Sandstorm|[upkeep]\n|upkeep\n|\n|t:|1632349384\n|switch|p1a: Centiskorch|Centiskorch, L84, F|305\/305\n|turn|19\n|c|\u2606yeah i think so|+2 LO\n|\n|t:|1632349388\n|move|p2a: Lycanroc|Max Rockfall|p1a: Centiskorch\n|-supereffective|p1a: Centiskorch\n|-damage|p1a: Centiskorch|0 fnt\n|faint|p1a: Centiskorch\n|-damage|p2a: Lycanroc|427\/502|[from] item: Life Orb\n|\n|-weather|Sandstorm|[upkeep]\n|-end|p2a: Lycanroc|Dynamax\n|-heal|p2a: Lycanroc|214\/251|[silent]\n|upkeep\n|\n|t:|1632349390\n|switch|p1a: Gyarados|Gyarados, L76, M|269\/269\n|turn|20\n|\n|t:|1632349393\n|-start|p1a: Gyarados|Dynamax\n|-heal|p1a: Gyarados|538\/538|[silent]\n|move|p2a: Lycanroc|Stone Edge|p1a: Gyarados\n|-supereffective|p1a: Gyarados\n|-crit|p1a: Gyarados\n|-damage|p1a: Gyarados|0 fnt\n|faint|p1a: Gyarados\n|-damage|p2a: Lycanroc|189\/251|[from] item: Life Orb\n|\n|-weather|Sandstorm|[upkeep]\n|upkeep\n|\n|t:|1632349395\n|switch|p1a: Blissey|Blissey, L83, F|421\/559\n|turn|21\n|\n|t:|1632349399\n|move|p2a: Lycanroc|Accelerock|p1a: Blissey\n|-crit|p1a: Blissey\n|-damage|p1a: Blissey|0 fnt\n|faint|p1a: Blissey\n|-damage|p2a: Lycanroc|164\/251|[from] item: Life Orb\n|\n|win|yeah i think so\n|raw|Arcangel666's rating: 1661 &rarr; <strong>1643<\/strong><br \/>(-18 for losing)\n|raw|yeah i think so's rating: 1690 &rarr; <strong>1708<\/strong><br \/>(+18 for winning)\n|l|\u2606Arcangel666\n|c|\u2606yeah i think so|shiesty\n||Ladder isn't responding, score probably updated but might not have (Request timeout).\n","inputlog":">version 2d663d4449c07b9633f8a7327e5f1a3c19b8841c\n>start {\"formatid\":\"gen8randombattle\",\"seed\":[2593,6302,50280,9038],\"rated\":\"Rated battle\"}\n>player p1 {\"name\":\"Arcangel666\",\"avatar\":\"grimsley\",\"rating\":1661,\"seed\":[36674,58785,3013,4021]}\n>player p2 {\"name\":\"yeah i think so\",\"avatar\":\"morty\",\"rating\":1690,\"seed\":[23752,10244,9178,26651]}\n>p1 switch 3\n>p2 move hydropump\n>p1 move softboiled\n>p2 switch 2\n>p1 switch 2\n>p2 move headsmash\n>p1 move toxic\n>p2 switch 5\n>p1 switch 2\n>p2 switch 5\n>p1 switch 2\n>p2 move headsmash\n>p1 move earthquake\n>p2 switch 5\n>p1 switch 2\n>p2 move waterpulse\n>p1 move toxic\n>p2 switch 5\n>p1 switch 2\n>p2 move outrage\n>p1 switch 4\n>p2 move outrage\n>p1 move playrough\n>p2 switch 6\n>p1 switch 2\n>p2 move voltswitch\n>p2 switch 6\n>p1 switch 4\n>p2 move dragondance\n>p1 move recover\n>p2 move earthquake\n>p1 switch 4\n>p2 switch 4\n>p1 switch 5\n>p2 move swordsdance\n>p1 move aurasphere\n>p2 move stoneedge dynamax\n>p1 switch 2\n>p1 move closecombat\n>p2 move stoneedge dynamax\n>p1 switch 3\n>chat \u2606yeah i think so|+2 LO\n>p1 move knockoff\n>p2 move stoneedge dynamax\n>p1 switch 6\n>p1 move waterfall dynamax\n>p2 move stoneedge\n>p1 switch 5\n>p1 move seismictoss\n>p2 move accelerock","uploadtime":1632349409,"views":4,"p1id":"arcangel666","p2id":"yeahithinkso","formatid":"gen8randombattle","rating":1643,"private":0,"password":null}