{"id":"gen8ou-1422807396","p1":"stacksats","p2":"Vodyne","format":"gen8ou","log":"|j|\u2606stacksats\n|j|\u203dVodyne\n|t:|1632449556\n|gametype|singles\n|player|p1|stacksats|sina|1765\n|player|p2|Vodyne|101|1704\n|teamsize|p1|6\n|teamsize|p2|6\n|gen|8\n|tier|[Gen 8] OU\n|rated|\n|rule|Sleep Clause Mod: Limit one foe put to sleep\n|rule|Species Clause: Limit one of each Pok\u00e9mon\n|rule|OHKO Clause: OHKO moves are banned\n|rule|Evasion Moves Clause: Evasion moves are banned\n|rule|Endless Battle Clause: Forcing endless battles is banned\n|rule|HP Percentage Mod: HP is shown in percentages\n|rule|Dynamax Clause: You cannot dynamax\n|clearpoke\n|poke|p1|Excadrill, F|\n|poke|p1|Tyranitar, M|\n|poke|p1|Dragapult, M|\n|poke|p1|Zapdos|\n|poke|p1|Primarina, F|\n|poke|p1|Jirachi|\n|poke|p2|Snorlax, F|\n|poke|p2|Suicune|\n|poke|p2|Melmetal|\n|poke|p2|Victini|\n|poke|p2|Landorus-Therian, M|\n|poke|p2|Zapdos|\n|teampreview\n|inactive|Battle timer is ON: inactive players will automatically lose when time's up. (requested by stacksats)\n|\n|t:|1632449561\n|start\n|switch|p1a: Dragapult|Dragapult, M|100\/100\n|switch|p2a: Landorus|Landorus-Therian, M|100\/100\n|-ability|p2a: Landorus|Intimidate|boost\n|-fail|p1a: Dragapult|unboost|[from] ability: Clear Body|[of] p1a: Dragapult\n|turn|1\n|\n|t:|1632449564\n|move|p2a: Landorus|Knock Off|p1a: Dragapult\n|-supereffective|p1a: Dragapult\n|-damage|p1a: Dragapult|0 fnt\n|-enditem|p1a: Dragapult|Choice Band|[from] move: Knock Off|[of] p2a: Landorus\n|faint|p1a: Dragapult\n|\n|upkeep\n|\n|t:|1632449569\n|switch|p1a: Primarina|Primarina, F|100\/100\n|turn|2\n|\n|t:|1632449572\n|switch|p2a: Snorlax|Snorlax, F|100\/100\n|move|p1a: Primarina|Scald|p2a: Snorlax\n|-damage|p2a: Snorlax|86\/100\n|\n|-heal|p2a: Snorlax|92\/100|[from] item: Leftovers\n|upkeep\n|turn|3\n|\n|t:|1632449576\n|move|p1a: Primarina|Scald|p2a: Snorlax\n|-damage|p2a: Snorlax|76\/100\n|move|p2a: Snorlax|Body Slam|p1a: Primarina\n|-damage|p1a: Primarina|64\/100\n|\n|-heal|p1a: Primarina|70\/100|[from] item: Leftovers\n|-heal|p2a: Snorlax|82\/100|[from] item: Leftovers\n|upkeep\n|turn|4\n|\n|t:|1632449580\n|move|p1a: Primarina|Scald|p2a: Snorlax\n|-damage|p2a: Snorlax|67\/100\n|move|p2a: Snorlax|Body Slam|p1a: Primarina\n|-damage|p1a: Primarina|34\/100\n|\n|-heal|p1a: Primarina|40\/100|[from] item: Leftovers\n|-heal|p2a: Snorlax|73\/100|[from] item: Leftovers\n|upkeep\n|turn|5\n|\n|t:|1632449584\n|move|p1a: Primarina|Scald|p2a: Snorlax\n|-damage|p2a: Snorlax|58\/100\n|-status|p2a: Snorlax|brn\n|move|p2a: Snorlax|Body Slam|p1a: Primarina\n|-damage|p1a: Primarina|21\/100\n|\n|-heal|p1a: Primarina|27\/100|[from] item: Leftovers\n|-heal|p2a: Snorlax|64\/100 brn|[from] item: Leftovers\n|-damage|p2a: Snorlax|58\/100 brn|[from] brn\n|upkeep\n|turn|6\n|\n|t:|1632449596\n|switch|p1a: Tyranitar|Tyranitar, M|100\/100\n|-weather|Sandstorm|[from] ability: Sand Stream|[of] p1a: Tyranitar\n|move|p2a: Snorlax|Body Slam|p1a: Tyranitar\n|-resisted|p1a: Tyranitar\n|-damage|p1a: Tyranitar|95\/100\n|\n|-weather|Sandstorm|[upkeep]\n|-damage|p2a: Snorlax|52\/100 brn|[from] Sandstorm\n|-heal|p1a: Tyranitar|100\/100|[from] item: Leftovers\n|-heal|p2a: Snorlax|58\/100 brn|[from] item: Leftovers\n|-damage|p2a: Snorlax|52\/100 brn|[from] brn\n|upkeep\n|turn|7\n|\n|t:|1632449599\n|switch|p2a: Landorus|Landorus-Therian, M|100\/100\n|-ability|p2a: Landorus|Intimidate|boost\n|-unboost|p1a: Tyranitar|atk|1\n|move|p1a: Tyranitar|Stealth Rock|p2a: Landorus\n|-sidestart|p2: Vodyne|move: Stealth Rock\n|\n|-weather|Sandstorm|[upkeep]\n|upkeep\n|turn|8\n|\n|t:|1632449606\n|switch|p1a: Primarina|Primarina, F|27\/100\n|move|p2a: Landorus|Earthquake|p1a: Primarina\n|-damage|p1a: Primarina|0 fnt\n|faint|p1a: Primarina\n|\n|-weather|Sandstorm|[upkeep]\n|upkeep\n|\n|t:|1632449617\n|switch|p1a: Zapdos|Zapdos|100\/100\n|turn|9\n|\n|t:|1632449624\n|switch|p2a: Snorlax|Snorlax, F|52\/100 brn\n|-damage|p2a: Snorlax|40\/100 brn|[from] Stealth Rock\n|switch|p1a: Excadrill|Excadrill, F|100\/100\n|\n|-weather|Sandstorm|[upkeep]\n|-damage|p2a: Snorlax|34\/100 brn|[from] Sandstorm\n|-heal|p2a: Snorlax|40\/100 brn|[from] item: Leftovers\n|-damage|p2a: Snorlax|34\/100 brn|[from] brn\n|upkeep\n|turn|10\n|\n|t:|1632449635\n|move|p1a: Excadrill|Rapid Spin|p2a: Snorlax\n|-damage|p2a: Snorlax|16\/100 brn\n|-boost|p1a: Excadrill|spe|1\n|move|p2a: Snorlax|Body Slam|p1a: Excadrill\n|-resisted|p1a: Excadrill\n|-damage|p1a: Excadrill|90\/100\n|\n|-weather|none\n|-heal|p1a: Excadrill|96\/100|[from] item: Leftovers\n|-heal|p2a: Snorlax|22\/100 brn|[from] item: Leftovers\n|-damage|p2a: Snorlax|16\/100 brn|[from] brn\n|upkeep\n|turn|11\n|\n|t:|1632449643\n|move|p1a: Excadrill|Swords Dance|p1a: Excadrill\n|-boost|p1a: Excadrill|atk|2\n|move|p2a: Snorlax|Body Slam|p1a: Excadrill\n|-resisted|p1a: Excadrill\n|-damage|p1a: Excadrill|85\/100\n|-status|p1a: Excadrill|par\n|\n|-heal|p1a: Excadrill|91\/100 par|[from] item: Leftovers\n|-heal|p2a: Snorlax|22\/100 brn|[from] item: Leftovers\n|-damage|p2a: Snorlax|16\/100 brn|[from] brn\n|upkeep\n|turn|12\n|\n|t:|1632449650\n|switch|p2a: Landorus|Landorus-Therian, M|100\/100\n|-damage|p2a: Landorus|88\/100|[from] Stealth Rock\n|-ability|p2a: Landorus|Intimidate|boost\n|-unboost|p1a: Excadrill|atk|1\n|move|p1a: Excadrill|Rapid Spin|p2a: Landorus\n|-damage|p2a: Landorus|57\/100\n|-boost|p1a: Excadrill|spe|1\n|\n|-heal|p1a: Excadrill|97\/100 par|[from] item: Leftovers\n|upkeep\n|turn|13\n|\n|t:|1632449660\n|switch|p1a: Zapdos|Zapdos|100\/100\n|move|p2a: Landorus|Earthquake|p1a: Zapdos\n|-immune|p1a: Zapdos\n|\n|upkeep\n|turn|14\n|\n|t:|1632449672\n|switch|p2a: Snorlax|Snorlax, F|16\/100 brn\n|-damage|p2a: Snorlax|4\/100 brn|[from] Stealth Rock\n|move|p1a: Zapdos|Discharge|p2a: Snorlax\n|-damage|p2a: Snorlax|0 fnt\n|faint|p2a: Snorlax\n|\n|upkeep\n|\n|t:|1632449684\n|switch|p2a: Landorus|Landorus-Therian, M|57\/100\n|-damage|p2a: Landorus|45\/100|[from] Stealth Rock\n|-ability|p2a: Landorus|Intimidate|boost\n|-unboost|p1a: Zapdos|atk|1\n|turn|15\n|\n|t:|1632449688\n|switch|p1a: Excadrill|Excadrill, F|97\/100 par\n|move|p2a: Landorus|Stone Edge|p1a: Excadrill\n|-resisted|p1a: Excadrill\n|-damage|p1a: Excadrill|84\/100 par\n|\n|-heal|p1a: Excadrill|90\/100 par|[from] item: Leftovers\n|upkeep\n|turn|16\n|\n|t:|1632449695\n|switch|p2a: Suicune|Suicune|100\/100\n|-damage|p2a: Suicune|88\/100|[from] Stealth Rock\n|-ability|p2a: Suicune|Pressure\n|move|p1a: Excadrill|Earthquake|p2a: Suicune\n|-damage|p2a: Suicune|59\/100\n|\n|-heal|p2a: Suicune|65\/100|[from] item: Leftovers\n|-heal|p1a: Excadrill|96\/100 par|[from] item: Leftovers\n|upkeep\n|turn|17\n|\n|t:|1632449703\n|switch|p1a: Zapdos|Zapdos|100\/100\n|move|p2a: Suicune|Scald|p1a: Zapdos\n|-damage|p1a: Zapdos|77\/100\n|-status|p1a: Zapdos|brn\n|\n|-heal|p2a: Suicune|71\/100|[from] item: Leftovers\n|-damage|p1a: Zapdos|71\/100 brn|[from] brn\n|upkeep\n|turn|18\n|\n|t:|1632449707\n|switch|p2a: Landorus|Landorus-Therian, M|45\/100\n|-damage|p2a: Landorus|33\/100|[from] Stealth Rock\n|-ability|p2a: Landorus|Intimidate|boost\n|-unboost|p1a: Zapdos|atk|1\n|move|p1a: Zapdos|Heat Wave|p2a: Landorus\n|-damage|p2a: Landorus|0 fnt\n|faint|p2a: Landorus\n|\n|-damage|p1a: Zapdos|65\/100 brn|[from] brn\n|upkeep\n|\n|t:|1632449714\n|switch|p2a: Zapdos|Zapdos|100\/100\n|turn|19\n|\n|t:|1632449718\n|switch|p1a: Tyranitar|Tyranitar, M|100\/100\n|-weather|Sandstorm|[from] ability: Sand Stream|[of] p1a: Tyranitar\n|move|p2a: Zapdos|Defog|p1a: Tyranitar\n|-unboost|p1a: Tyranitar|evasion|1\n|-sideend|p2: Vodyne|Stealth Rock|[from] move: Defog|[of] p2a: Zapdos\n|\n|-weather|Sandstorm|[upkeep]\n|-damage|p2a: Zapdos|94\/100|[from] Sandstorm\n|upkeep\n|turn|20\n|\n|t:|1632449723\n|switch|p2a: Melmetal|Melmetal|100\/100\n|move|p1a: Tyranitar|Thunder Wave|p2a: Melmetal\n|-status|p2a: Melmetal|par\n|\n|-weather|Sandstorm|[upkeep]\n|upkeep\n|turn|21\n|\n|t:|1632449728\n|move|p1a: Tyranitar|Stealth Rock|p2a: Melmetal\n|-sidestart|p2: Vodyne|move: Stealth Rock\n|cant|p2a: Melmetal|par\n|\n|-weather|Sandstorm|[upkeep]\n|upkeep\n|turn|22\n|\n|t:|1632449734\n|move|p1a: Tyranitar|Earthquake|p2a: Melmetal\n|-supereffective|p2a: Melmetal\n|-damage|p2a: Melmetal|65\/100 par\n|move|p2a: Melmetal|Earthquake|p1a: Tyranitar\n|-supereffective|p1a: Tyranitar\n|-damage|p1a: Tyranitar|39\/100\n|\n|-weather|Sandstorm|[upkeep]\n|-heal|p1a: Tyranitar|45\/100|[from] item: Leftovers\n|upkeep\n|turn|23\n|\n|t:|1632449739\n|switch|p1a: Zapdos|Zapdos|65\/100 brn\n|move|p2a: Melmetal|Earthquake|p1a: Zapdos\n|-immune|p1a: Zapdos\n|\n|-weather|none\n|-damage|p1a: Zapdos|59\/100 brn|[from] brn\n|upkeep\n|turn|24\n|\n|t:|1632449746\n|switch|p2a: Zapdos|Zapdos|94\/100\n|move|p1a: Zapdos|Roost|p1a: Zapdos\n|-heal|p1a: Zapdos|100\/100 brn\n|-singleturn|p1a: Zapdos|move: Roost\n|\n|-damage|p1a: Zapdos|94\/100 brn|[from] brn\n|upkeep\n|turn|25\n|\n|t:|1632449752\n|switch|p1a: Tyranitar|Tyranitar, M|45\/100\n|-weather|Sandstorm|[from] ability: Sand Stream|[of] p1a: Tyranitar\n|move|p2a: Zapdos|Defog|p1a: Tyranitar\n|-unboost|p1a: Tyranitar|evasion|1\n|-sideend|p2: Vodyne|Stealth Rock|[from] move: Defog|[of] p2a: Zapdos\n|\n|-weather|Sandstorm|[upkeep]\n|-damage|p2a: Zapdos|88\/100|[from] Sandstorm\n|-heal|p1a: Tyranitar|51\/100|[from] item: Leftovers\n|upkeep\n|turn|26\n|\n|t:|1632449759\n|switch|p2a: Melmetal|Melmetal|65\/100 par\n|move|p1a: Tyranitar|Stealth Rock|p2a: Melmetal\n|-sidestart|p2: Vodyne|move: Stealth Rock\n|\n|-weather|Sandstorm|[upkeep]\n|-heal|p1a: Tyranitar|58\/100|[from] item: Leftovers\n|upkeep\n|turn|27\n|\n|t:|1632449764\n|switch|p1a: Zapdos|Zapdos|94\/100 brn\n|cant|p2a: Melmetal|par\n|\n|-weather|Sandstorm|[upkeep]\n|-damage|p1a: Zapdos|88\/100 brn|[from] Sandstorm\n|-damage|p1a: Zapdos|82\/100 brn|[from] brn\n|upkeep\n|turn|28\n|\n|t:|1632449769\n|move|p1a: Zapdos|Discharge|p2a: Melmetal\n|-damage|p2a: Melmetal|42\/100 par\n|move|p2a: Melmetal|Ice Punch|p1a: Zapdos\n|-supereffective|p1a: Zapdos\n|-damage|p1a: Zapdos|29\/100 brn\n|\n|-weather|Sandstorm|[upkeep]\n|-damage|p1a: Zapdos|23\/100 brn|[from] Sandstorm\n|-damage|p1a: Zapdos|17\/100 brn|[from] brn\n|upkeep\n|turn|29\n|\n|t:|1632449788\n|switch|p2a: Zapdos|Zapdos|88\/100\n|move|p1a: Zapdos|Roost|p1a: Zapdos\n|-heal|p1a: Zapdos|67\/100 brn\n|-singleturn|p1a: Zapdos|move: Roost\n|\n|-weather|none\n|-damage|p1a: Zapdos|61\/100 brn|[from] brn\n|upkeep\n|turn|30\n|\n|t:|1632449793\n|switch|p1a: Tyranitar|Tyranitar, M|58\/100\n|-weather|Sandstorm|[from] ability: Sand Stream|[of] p1a: Tyranitar\n|move|p2a: Zapdos|Discharge|p1a: Tyranitar\n|-damage|p1a: Tyranitar|41\/100\n|\n|-weather|Sandstorm|[upkeep]\n|-damage|p2a: Zapdos|82\/100|[from] Sandstorm\n|-heal|p1a: Tyranitar|47\/100|[from] item: Leftovers\n|upkeep\n|turn|31\n|\n|t:|1632449799\n|move|p2a: Zapdos|Defog|p1a: Tyranitar\n|-unboost|p1a: Tyranitar|evasion|1\n|-sideend|p2: Vodyne|Stealth Rock|[from] move: Defog|[of] p2a: Zapdos\n|move|p1a: Tyranitar|Rock Blast|p2a: Zapdos\n|-supereffective|p2a: Zapdos\n|-crit|p2a: Zapdos\n|-damage|p2a: Zapdos|46\/100\n|-supereffective|p2a: Zapdos\n|-damage|p2a: Zapdos|21\/100\n|-supereffective|p2a: Zapdos\n|-damage|p2a: Zapdos|0 fnt\n|faint|p2a: Zapdos\n|-hitcount|p2: Zapdos|3\n|\n|-weather|Sandstorm|[upkeep]\n|-heal|p1a: Tyranitar|53\/100|[from] item: Leftovers\n|upkeep\n|\n|t:|1632449806\n|switch|p2a: Victini|Victini|100\/100\n|turn|32\n|\n|t:|1632449826\n|move|p2a: Victini|U-turn|p1a: Tyranitar\n|-supereffective|p1a: Tyranitar\n|-damage|p1a: Tyranitar|4\/100\n|\n|t:|1632449833\n|switch|p2a: Suicune|Suicune|71\/100|[from]move: U-turn\n|-ability|p2a: Suicune|Pressure\n|move|p1a: Tyranitar|Thunder Wave|p2a: Suicune\n|-status|p2a: Suicune|par\n|\n|-weather|Sandstorm|[upkeep]\n|-damage|p2a: Suicune|65\/100 par|[from] Sandstorm\n|-heal|p1a: Tyranitar|10\/100|[from] item: Leftovers\n|-heal|p2a: Suicune|71\/100 par|[from] item: Leftovers\n|upkeep\n|turn|33\n|\n|t:|1632449836\n|move|p1a: Tyranitar|Stealth Rock|p2a: Suicune\n|-sidestart|p2: Vodyne|move: Stealth Rock\n|move|p2a: Suicune|Scald|p1a: Tyranitar\n|-supereffective|p1a: Tyranitar\n|-crit|p1a: Tyranitar\n|-damage|p1a: Tyranitar|0 fnt\n|faint|p1a: Tyranitar\n|\n|-weather|Sandstorm|[upkeep]\n|-damage|p2a: Suicune|65\/100 par|[from] Sandstorm\n|-heal|p2a: Suicune|71\/100 par|[from] item: Leftovers\n|upkeep\n|\n|t:|1632449841\n|switch|p1a: Zapdos|Zapdos|61\/100 brn\n|turn|34\n|\n|t:|1632449849\n|switch|p2a: Melmetal|Melmetal|42\/100 par\n|-damage|p2a: Melmetal|36\/100 par|[from] Stealth Rock\n|move|p1a: Zapdos|Roost|p1a: Zapdos\n|-heal|p1a: Zapdos|100\/100 brn\n|-singleturn|p1a: Zapdos|move: Roost\n|\n|-weather|none\n|-damage|p1a: Zapdos|94\/100 brn|[from] brn\n|upkeep\n|turn|35\n|\n|t:|1632449854\n|move|p1a: Zapdos|Heat Wave|p2a: Melmetal\n|-supereffective|p2a: Melmetal\n|-damage|p2a: Melmetal|0 fnt\n|faint|p2a: Melmetal\n|\n|-damage|p1a: Zapdos|88\/100 brn|[from] brn\n|upkeep\n|\n|t:|1632449857\n|switch|p2a: Victini|Victini|100\/100\n|-damage|p2a: Victini|76\/100|[from] Stealth Rock\n|turn|36\n|\n|t:|1632449861\n|move|p2a: Victini|V-create|p1a: Zapdos\n|-damage|p1a: Zapdos|2\/100 brn\n|-unboost|p2a: Victini|spe|1\n|-unboost|p2a: Victini|def|1\n|-unboost|p2a: Victini|spd|1\n|move|p1a: Zapdos|Discharge|p2a: Victini\n|-damage|p2a: Victini|23\/100\n|\n|-damage|p1a: Zapdos|0 fnt|[from] brn\n|faint|p1a: Zapdos\n|upkeep\n|\n|t:|1632449870\n|switch|p1a: Jirachi|Jirachi|100\/100\n|turn|37\n|\n|t:|1632449876\n|move|p1a: Jirachi|Thunder Punch|p2a: Victini\n|-damage|p2a: Victini|0 fnt\n|faint|p2a: Victini\n|\n|upkeep\n|\n|t:|1632449878\n|switch|p2a: Suicune|Suicune|71\/100 par\n|-damage|p2a: Suicune|59\/100 par|[from] Stealth Rock\n|-ability|p2a: Suicune|Pressure\n|turn|38\n|\n|t:|1632449884\n|move|p1a: Jirachi|Iron Head|p2a: Suicune\n|-resisted|p2a: Suicune\n|-damage|p2a: Suicune|49\/100 par\n|cant|p2a: Suicune|par\n|\n|-heal|p2a: Suicune|56\/100 par|[from] item: Leftovers\n|upkeep\n|turn|39\n|\n|t:|1632449892\n|move|p1a: Jirachi|Thunder Punch|p2a: Suicune\n|-supereffective|p2a: Suicune\n|-damage|p2a: Suicune|30\/100 par\n|move|p2a: Suicune|Rest|p2a: Suicune\n|-status|p2a: Suicune|slp|[from] move: Rest\n|-heal|p2a: Suicune|100\/100 slp|[silent]\n|\n|upkeep\n|turn|40\n|\n|t:|1632449898\n|switch|p1a: Excadrill|Excadrill, F|96\/100 par\n|cant|p2a: Suicune|slp\n|\n|-heal|p1a: Excadrill|100\/100 par|[from] item: Leftovers\n|upkeep\n|turn|41\n|\n|t:|1632449901\n|cant|p2a: Suicune|slp\n|move|p1a: Excadrill|Swords Dance|p1a: Excadrill\n|-boost|p1a: Excadrill|atk|2\n|\n|upkeep\n|turn|42\n|\n|t:|1632449903\n|-curestatus|p2a: Suicune|slp|[msg]\n|move|p2a: Suicune|Scald|p1a: Excadrill\n|-supereffective|p1a: Excadrill\n|-damage|p1a: Excadrill|28\/100 par\n|move|p1a: Excadrill|Earthquake|p2a: Suicune\n|-damage|p2a: Suicune|40\/100\n|\n|-heal|p2a: Suicune|46\/100|[from] item: Leftovers\n|-heal|p1a: Excadrill|35\/100 par|[from] item: Leftovers\n|upkeep\n|turn|43\n|\n|t:|1632449911\n|move|p2a: Suicune|Scald|p1a: Excadrill\n|-supereffective|p1a: Excadrill\n|-damage|p1a: Excadrill|0 fnt\n|faint|p1a: Excadrill\n|\n|-heal|p2a: Suicune|52\/100|[from] item: Leftovers\n|upkeep\n|\n|t:|1632449913\n|switch|p1a: Jirachi|Jirachi|100\/100\n|turn|44\n|\n|t:|1632449919\n|move|p1a: Jirachi|Thunder Punch|p2a: Suicune\n|-supereffective|p2a: Suicune\n|-damage|p2a: Suicune|27\/100\n|-status|p2a: Suicune|par\n|move|p2a: Suicune|Scald|p1a: Jirachi\n|-damage|p1a: Jirachi|76\/100\n|-status|p1a: Jirachi|brn\n|\n|-heal|p2a: Suicune|33\/100 par|[from] item: Leftovers\n|-damage|p1a: Jirachi|70\/100 brn|[from] brn\n|upkeep\n|turn|45\n|\n|t:|1632449927\n|move|p1a: Jirachi|Thunder Punch|p2a: Suicune\n|-supereffective|p2a: Suicune\n|-damage|p2a: Suicune|20\/100 par\n|move|p2a: Suicune|Rest|p2a: Suicune\n|-status|p2a: Suicune|slp|[from] move: Rest\n|-heal|p2a: Suicune|100\/100 slp|[silent]\n|\n|-damage|p1a: Jirachi|64\/100 brn|[from] brn\n|upkeep\n|turn|46\n|c|\u2606stacksats|damn\n|\n|t:|1632449944\n|move|p1a: Jirachi|Drain Punch|p2a: Suicune\n|-damage|p2a: Suicune|94\/100 slp\n|-heal|p1a: Jirachi|67\/100 brn|[from] drain|[of] p2a: Suicune\n|cant|p2a: Suicune|slp\n|\n|-heal|p2a: Suicune|100\/100 slp|[from] item: Leftovers\n|-damage|p1a: Jirachi|61\/100 brn|[from] brn\n|upkeep\n|turn|47\n|\n|t:|1632449947\n|move|p1a: Jirachi|Drain Punch|p2a: Suicune\n|-crit|p2a: Suicune\n|-damage|p2a: Suicune|91\/100 slp\n|-heal|p1a: Jirachi|67\/100 brn|[from] drain|[of] p2a: Suicune\n|cant|p2a: Suicune|slp\n|\n|-heal|p2a: Suicune|97\/100 slp|[from] item: Leftovers\n|-damage|p1a: Jirachi|61\/100 brn|[from] brn\n|upkeep\n|turn|48\n|\n|t:|1632449953\n|move|p1a: Jirachi|Iron Head|p2a: Suicune\n|-resisted|p2a: Suicune\n|-damage|p2a: Suicune|93\/100 slp\n|-curestatus|p2a: Suicune|slp|[msg]\n|cant|p2a: Suicune|flinch\n|\n|-heal|p2a: Suicune|99\/100|[from] item: Leftovers\n|-damage|p1a: Jirachi|54\/100 brn|[from] brn\n|upkeep\n|turn|49\n|\n|t:|1632449958\n|move|p1a: Jirachi|Thunder Punch|p2a: Suicune\n|-supereffective|p2a: Suicune\n|-damage|p2a: Suicune|87\/100\n|move|p2a: Suicune|Calm Mind|p2a: Suicune\n|-boost|p2a: Suicune|spa|1\n|-boost|p2a: Suicune|spd|1\n|\n|-heal|p2a: Suicune|93\/100|[from] item: Leftovers\n|-damage|p1a: Jirachi|48\/100 brn|[from] brn\n|upkeep\n|turn|50\n|\n|t:|1632449963\n|move|p1a: Jirachi|Thunder Punch|p2a: Suicune\n|-supereffective|p2a: Suicune\n|-damage|p2a: Suicune|81\/100\n|move|p2a: Suicune|Calm Mind|p2a: Suicune\n|-boost|p2a: Suicune|spa|1\n|-boost|p2a: Suicune|spd|1\n|\n|-heal|p2a: Suicune|88\/100|[from] item: Leftovers\n|-damage|p1a: Jirachi|42\/100 brn|[from] brn\n|upkeep\n|turn|51\n|\n|t:|1632449966\n|move|p1a: Jirachi|Thunder Punch|p2a: Suicune\n|-supereffective|p2a: Suicune\n|-damage|p2a: Suicune|75\/100\n|move|p2a: Suicune|Scald|p1a: Jirachi\n|-damage|p1a: Jirachi|0 fnt\n|faint|p1a: Jirachi\n|\n|win|Vodyne\n|raw|stacksats's rating: 1765 &rarr; <strong>1742<\/strong><br \/>(-23 for losing)\n|raw|Vodyne's rating: 1704 &rarr; <strong>1727<\/strong><br \/>(+23 for winning)\n","uploadtime":1632450055,"views":28,"p1id":"stacksats","p2id":"vodyne","formatid":"gen8ou","rating":1727,"private":0,"password":null}