{"id":"gen8uu-1423269974","p1":"Poiani","p2":"Mutako Z","format":"gen8uu","log":"|j|\u2606Poiani\n|j|\u2606Mutako Z\n|t:|1632514718\n|gametype|singles\n|player|p1|Poiani|266|\n|player|p2|Mutako Z|28|\n|teamsize|p1|6\n|teamsize|p2|6\n|gen|8\n|tier|[Gen 8] UU\n|rule|Sleep Clause Mod: Limit one foe put to sleep\n|rule|Species Clause: Limit one of each Pok\u00e9mon\n|rule|OHKO Clause: OHKO moves are banned\n|rule|Evasion Moves Clause: Evasion moves are banned\n|rule|Endless Battle Clause: Forcing endless battles is banned\n|rule|HP Percentage Mod: HP is shown in percentages\n|rule|Dynamax Clause: You cannot dynamax\n|clearpoke\n|poke|p1|Uxie|\n|poke|p1|Rhyperior, M|\n|poke|p1|Rotom-Heat|\n|poke|p1|Venusaur, M|\n|poke|p1|Salamence, M|\n|poke|p1|Crawdaunt, M|\n|poke|p2|Cresselia, F|\n|poke|p2|Stakataka|\n|poke|p2|Marowak-Alola, F|\n|poke|p2|Hatterene, F|\n|poke|p2|Uxie|\n|poke|p2|Glastrier|\n|teampreview\n|\n|t:|1632514739\n|start\n|switch|p1a: Motor-Taeh|Rotom-Heat|100\/100\n|switch|p2a: Glastrier|Glastrier|100\/100\n|turn|1\n|\n|t:|1632514748\n|switch|p2a: Marowak|Marowak-Alola, F|100\/100\n|move|p1a: Motor-Taeh|Volt Switch|p2a: Marowak\n|-ability|p2a: Marowak|Lightning Rod|boost\n|-boost|p2a: Marowak|spa|1\n|\n|upkeep\n|turn|2\n|\n|t:|1632514755\n|switch|p1a: Otis|Uxie|100\/100\n|move|p2a: Marowak|Poltergeist|p1a: Otis\n|-activate|p1a: Otis|move: Poltergeist|Aguav Berry\n|-supereffective|p1a: Otis\n|-damage|p1a: Otis|0 fnt\n|faint|p1a: Otis\n|\n|upkeep\n|\n|t:|1632514761\n|switch|p1a: Eustachio|Crawdaunt, M|100\/100\n|turn|3\n|c|\u2606Poiani|No no\n|\n|t:|1632514767\n|switch|p2a: Glastrier|Glastrier|100\/100\n|move|p1a: Eustachio|Knock Off|p2a: Glastrier\n|-damage|p2a: Glastrier|35\/100\n|-enditem|p2a: Glastrier|Heavy-Duty Boots|[from] move: Knock Off|[of] p1a: Eustachio\n|-damage|p1a: Eustachio|91\/100|[from] item: Life Orb\n|\n|upkeep\n|turn|4\n|\n|t:|1632514776\n|move|p1a: Eustachio|Knock Off|p2a: Glastrier\n|-damage|p2a: Glastrier|0 fnt\n|faint|p2a: Glastrier\n|-damage|p1a: Eustachio|81\/100|[from] item: Life Orb\n|\n|upkeep\n|c|\u2606Poiani|Yes yes\n|\n|t:|1632514787\n|switch|p2a: Uxie|Uxie|100\/100\n|turn|5\n|\n|t:|1632514793\n|move|p1a: Eustachio|Dragon Dance|p1a: Eustachio\n|-boost|p1a: Eustachio|atk|1\n|-boost|p1a: Eustachio|spe|1\n|move|p2a: Uxie|Trick Room|p2a: Uxie\n|-fieldstart|move: Trick Room|[of] p2a: Uxie\n|\n|upkeep\n|turn|6\n|\n|t:|1632514799\n|move|p2a: Uxie|Memento|p1a: Eustachio\n|-unboost|p1a: Eustachio|atk|2\n|-unboost|p1a: Eustachio|spa|2\n|faint|p2a: Uxie\n|move|p1a: Eustachio|Knock Off|p2: Uxie|[notarget]\n|-fail|p1a: Eustachio\n|\n|upkeep\n|\n|t:|1632514820\n|switch|p2a: Hatterene|Hatterene, F|100\/100\n|turn|7\n|\n|t:|1632514827\n|switch|p1a: Mr.Saur|Venusaur, M|100\/100\n|move|p2a: Hatterene|Dazzling Gleam|p1a: Mr.Saur\n|-resisted|p1a: Mr.Saur\n|-damage|p1a: Mr.Saur|73\/100\n|-damage|p2a: Hatterene|91\/100|[from] item: Life Orb\n|\n|-heal|p1a: Mr.Saur|79\/100|[from] item: Black Sludge\n|upkeep\n|turn|8\n|\n|t:|1632514835\n|move|p2a: Hatterene|Mystical Fire|p1a: Mr.Saur\n|-supereffective|p1a: Mr.Saur\n|-damage|p1a: Mr.Saur|10\/100\n|-unboost|p1a: Mr.Saur|spa|1\n|-damage|p2a: Hatterene|81\/100|[from] item: Life Orb\n|move|p1a: Mr.Saur|Giga Drain|p2a: Hatterene\n|-damage|p2a: Hatterene|57\/100\n|-heal|p1a: Mr.Saur|23\/100|[from] drain|[of] p2a: Hatterene\n|\n|-heal|p1a: Mr.Saur|29\/100|[from] item: Black Sludge\n|upkeep\n|turn|9\n|inactive|Battle timer is ON: inactive players will automatically lose when time's up. (requested by Poiani)\n|\n|t:|1632514848\n|move|p2a: Hatterene|Mystical Fire|p1a: Mr.Saur\n|-supereffective|p1a: Mr.Saur\n|-damage|p1a: Mr.Saur|0 fnt\n|faint|p1a: Mr.Saur\n|-damage|p2a: Hatterene|48\/100|[from] item: Life Orb\n|\n|-fieldend|move: Trick Room\n|upkeep\n|\n|t:|1632514862\n|switch|p1a: Jack|Salamence, M|100\/100\n|turn|10\n|\n|t:|1632514867\n|move|p1a: Jack|Shadow Claw|p2a: Hatterene\n|-supereffective|p2a: Hatterene\n|-damage|p2a: Hatterene|0 fnt\n|faint|p2a: Hatterene\n|-ability|p1a: Jack|Moxie|boost\n|-boost|p1a: Jack|atk|1\n|-damage|p1a: Jack|91\/100|[from] item: Life Orb\n|\n|upkeep\n|\n|t:|1632514874\n|switch|p2a: Cresselia|Cresselia, F, shiny|100\/100\n|turn|11\n|\n|t:|1632514880\n|move|p1a: Jack|Shadow Claw|p2a: Cresselia\n|-supereffective|p2a: Cresselia\n|-damage|p2a: Cresselia|34\/100\n|-damage|p1a: Jack|81\/100|[from] item: Life Orb\n|move|p2a: Cresselia|Trick Room|p2a: Cresselia\n|-fieldstart|move: Trick Room|[of] p2a: Cresselia\n|\n|upkeep\n|turn|12\n|\n|t:|1632514897\n|switch|p1a: Motor-Taeh|Rotom-Heat|100\/100\n|move|p2a: Cresselia|Ice Beam|p1a: Motor-Taeh\n|-resisted|p1a: Motor-Taeh\n|-damage|p1a: Motor-Taeh|91\/100\n|\n|upkeep\n|turn|13\n|\n|t:|1632514907\n|move|p2a: Cresselia|Lunar Dance|p2a: Cresselia\n|faint|p2a: Cresselia\n|move|p1a: Motor-Taeh|Will-O-Wisp|p2: Cresselia|[notarget]\n|-fail|p1a: Motor-Taeh\n|\n|upkeep\n|\n|t:|1632514911\n|switch|p2a: Marowak|Marowak-Alola, F|100\/100\n|-heal|p2a: Marowak|100\/100|[from] move: Lunar Dance\n|turn|14\n|\n|t:|1632514923\n|switch|p1a: Jack|Salamence, M|81\/100\n|move|p2a: Marowak|Swords Dance|p2a: Marowak\n|-boost|p2a: Marowak|atk|2\n|\n|upkeep\n|turn|15\n|\n|t:|1632514934\n|move|p2a: Marowak|Poltergeist|p1a: Jack\n|-activate|p1a: Jack|move: Poltergeist|Life Orb\n|-damage|p1a: Jack|0 fnt\n|faint|p1a: Jack\n|\n|-fieldend|move: Trick Room\n|upkeep\n|\n|t:|1632514943\n|switch|p1a: Sam|Rhyperior, M|100\/100\n|turn|16\n|\n|t:|1632514947\n|move|p2a: Marowak|Bonemerang|p1a: Sam\n|-supereffective|p1a: Sam\n|-damage|p1a: Sam|55\/100\n|-enditem|p1a: Sam|Weakness Policy\n|-boost|p1a: Sam|atk|2|[from] item: Weakness Policy\n|-boost|p1a: Sam|spa|2|[from] item: Weakness Policy\n|-supereffective|p1a: Sam\n|-damage|p1a: Sam|7\/100\n|-hitcount|p1a: Sam|2\n|move|p1a: Sam|Earthquake|p2a: Marowak\n|-supereffective|p2a: Marowak\n|-damage|p2a: Marowak|0 fnt\n|faint|p2a: Marowak\n|\n|upkeep\n|\n|t:|1632514957\n|switch|p2a: Stakataka|Stakataka|100\/100\n|-item|p2a: Stakataka|Air Balloon\n|turn|17\n|\n|t:|1632514966\n|move|p1a: Sam|Ice Punch|p2a: Stakataka\n|-resisted|p2a: Stakataka\n|-damage|p2a: Stakataka|81\/100\n|-enditem|p2a: Stakataka|Air Balloon\n|move|p2a: Stakataka|Trick Room|p2a: Stakataka\n|-fieldstart|move: Trick Room|[of] p2a: Stakataka\n|\n|upkeep\n|turn|18\n|\n|t:|1632514973\n|move|p2a: Stakataka|Earthquake|p1a: Sam\n|-supereffective|p1a: Sam\n|-damage|p1a: Sam|0 fnt\n|faint|p1a: Sam\n|-ability|p2a: Stakataka|Beast Boost|boost\n|-boost|p2a: Stakataka|atk|1\n|\n|upkeep\n|\n|t:|1632514985\n|switch|p1a: Motor-Taeh|Rotom-Heat|91\/100\n|turn|19\n|\n|t:|1632514988\n|move|p2a: Stakataka|Stone Edge|p1a: Motor-Taeh\n|-supereffective|p1a: Motor-Taeh\n|-damage|p1a: Motor-Taeh|0 fnt\n|faint|p1a: Motor-Taeh\n|-ability|p2a: Stakataka|Beast Boost|boost\n|-boost|p2a: Stakataka|atk|1\n|\n|upkeep\n|\n|t:|1632514991\n|switch|p1a: Eustachio|Crawdaunt, M|81\/100\n|turn|20\n|c|\u2606Poiani|No no\n|c|\u2606Poiani|Pleass let me win\n|inactive|Poiani has 270 seconds left.\n|c|\u2606Poiani|I fighting with all my forces\n|\n|t:|1632515039\n|move|p2a: Stakataka|Earthquake|p1a: Eustachio\n|-damage|p1a: Eustachio|1\/100\n|move|p1a: Eustachio|Crabhammer|p2a: Stakataka\n|-supereffective|p2a: Stakataka\n|-damage|p2a: Stakataka|0 fnt\n|faint|p2a: Stakataka\n|-damage|p1a: Eustachio|0 fnt|[from] item: Life Orb\n|faint|p1a: Eustachio\n|\n|win|Poiani\n|c|\u2606Poiani|NO\n|c|\u2606Poiani|I WANT REMATCH AGAIN\n|l|\u2606Mutako Z\n|c|\u2606Poiani|OH I WIN\n|c|\u2606Poiani|I WIN!!!!!!\n","uploadtime":1632515055,"views":16,"p1id":"poiani","p2id":"mutakoz","formatid":"gen8uu","rating":0,"private":0,"password":null}