{"id":"gen8ou-1242147741","p1":"VolticHalberd","p2":"Vodyne","format":"gen8ou","log":"|j|\u2606VolticHalberd\n|j|\u2606Vodyne\n|t:|1607763323\n|player|p1|VolticHalberd|aaron|1398\n|player|p2|Vodyne|dawn|1348\n|teamsize|p1|6\n|teamsize|p2|6\n|gametype|singles\n|gen|8\n|tier|[Gen 8] OU\n|rated|\n|clearpoke\n|poke|p1|Swampert, F|\n|poke|p1|Blaziken, F|\n|poke|p1|Kartana|\n|poke|p1|Salamence, M|\n|poke|p1|Cresselia, F|\n|poke|p1|Thundurus-Therian, M|\n|poke|p2|Victini|\n|poke|p2|Rotom-Mow|\n|poke|p2|Suicune|\n|poke|p2|Diancie|\n|poke|p2|Celesteela|\n|poke|p2|Snorlax, F|\n|rule|Sleep Clause Mod: Limit one foe put to sleep\n|rule|Species Clause: Limit one of each Pok\u00e9mon\n|rule|OHKO Clause: OHKO moves are banned\n|rule|Evasion Moves Clause: Evasion moves are banned\n|rule|Endless Battle Clause: Forcing endless battles is banned\n|rule|HP Percentage Mod: HP is shown in percentages\n|rule|Dynamax Clause: You cannot dynamax\n|teampreview\n|\n|t:|1607763351\n|start\n|switch|p1a: Thundurus|Thundurus-Therian, M|100\/100\n|switch|p2a: Victini|Victini|100\/100\n|turn|1\n|\n|t:|1607763357\n|move|p1a: Thundurus|Volt Switch|p2a: Victini\n|-damage|p2a: Victini|63\/100\n|\n|t:|1607763364\n|switch|p1a: Swampert|Swampert, F|100\/100|[from]move: Volt Switch\n|move|p2a: Victini|V-create|p1a: Swampert\n|-resisted|p1a: Swampert\n|-damage|p1a: Swampert|67\/100\n|-unboost|p2a: Victini|spe|1\n|-unboost|p2a: Victini|def|1\n|-unboost|p2a: Victini|spd|1\n|\n|upkeep\n|turn|2\n|\n|t:|1607763373\n|move|p2a: Victini|Energy Ball|p1a: Swampert\n|-supereffective|p1a: Swampert\n|-damage|p1a: Swampert|0 fnt\n|faint|p1a: Swampert\n|\n|upkeep\n|\n|t:|1607763385\n|switch|p1a: Blaziken|Blaziken, F|100\/100\n|turn|3\n|\n|t:|1607763392\n|switch|p2a: Suicune|Suicune|100\/100\n|-ability|p2a: Suicune|Pressure\n|move|p1a: Blaziken|Earthquake|p2a: Suicune\n|-damage|p2a: Suicune|75\/100\n|-damage|p1a: Blaziken|91\/100|[from] item: Life Orb\n|\n|-heal|p2a: Suicune|81\/100|[from] item: Leftovers\n|-ability|p1a: Blaziken|Speed Boost|boost\n|-boost|p1a: Blaziken|spe|1\n|upkeep\n|turn|4\n|\n|t:|1607763400\n|switch|p1a: Thundurus|Thundurus-Therian, M|100\/100\n|move|p2a: Suicune|Scald|p1a: Thundurus\n|-damage|p1a: Thundurus|64\/100\n|\n|-heal|p2a: Suicune|87\/100|[from] item: Leftovers\n|upkeep\n|turn|5\n|\n|t:|1607763406\n|switch|p2a: Rotom|Rotom-Mow|100\/100\n|move|p1a: Thundurus|Volt Switch|p2a: Rotom\n|-resisted|p2a: Rotom\n|-damage|p2a: Rotom|81\/100\n|\n|t:|1607763417\n|switch|p1a: Salamence|Salamence, M|100\/100|[from]move: Volt Switch\n|-ability|p1a: Salamence|Intimidate|boost\n|-unboost|p2a: Rotom|atk|1\n|\n|upkeep\n|turn|6\n|\n|t:|1607763422\n|move|p2a: Rotom|Will-O-Wisp|p1a: Salamence\n|-status|p1a: Salamence|brn\n|move|p1a: Salamence|Toxic|p2a: Rotom\n|-status|p2a: Rotom|tox\n|\n|-damage|p2a: Rotom|75\/100 tox|[from] psn\n|-damage|p1a: Salamence|94\/100 brn|[from] brn\n|upkeep\n|turn|7\n|\n|t:|1607763436\n|switch|p1a: Thundurus|Thundurus-Therian, M|64\/100\n|move|p2a: Rotom|Volt Switch|p1a: Thundurus\n|-heal|p1a: Thundurus|89\/100|[from] ability: Volt Absorb|[of] p2a: Rotom\n|\n|-damage|p2a: Rotom|63\/100 tox|[from] psn\n|upkeep\n|turn|8\n|\n|t:|1607763446\n|move|p1a: Thundurus|Volt Switch|p2a: Rotom\n|-resisted|p2a: Rotom\n|-crit|p2a: Rotom\n|-damage|p2a: Rotom|35\/100 tox\n|\n|t:|1607763449\n|switch|p1a: Salamence|Salamence, M|94\/100 brn|[from]move: Volt Switch\n|-ability|p1a: Salamence|Intimidate|boost\n|-unboost|p2a: Rotom|atk|1\n|move|p2a: Rotom|Will-O-Wisp|p1a: Salamence\n|-fail|p1a: Salamence|brn\n|\n|-damage|p2a: Rotom|17\/100 tox|[from] psn\n|-damage|p1a: Salamence|88\/100 brn|[from] brn\n|upkeep\n|turn|9\n|\n|t:|1607763460\n|switch|p2a: Suicune|Suicune|87\/100\n|-ability|p2a: Suicune|Pressure\n|move|p1a: Salamence|Dual Wingbeat|p2a: Suicune\n|-damage|p2a: Suicune|82\/100\n|-damage|p2a: Suicune|78\/100\n|-hitcount|p2a: Suicune|2\n|\n|-heal|p2a: Suicune|84\/100|[from] item: Leftovers\n|-damage|p1a: Salamence|82\/100 brn|[from] brn\n|upkeep\n|turn|10\n|\n|t:|1607763468\n|move|p1a: Salamence|Toxic|p2a: Suicune\n|-status|p2a: Suicune|tox\n|move|p2a: Suicune|Ice Beam|p1a: Salamence\n|-supereffective|p1a: Salamence\n|-crit|p1a: Salamence\n|-damage|p1a: Salamence|0 fnt\n|faint|p1a: Salamence\n|\n|-heal|p2a: Suicune|90\/100 tox|[from] item: Leftovers\n|-damage|p2a: Suicune|84\/100 tox|[from] psn\n|upkeep\n|\n|t:|1607763476\n|switch|p1a: Thundurus|Thundurus-Therian, M|89\/100\n|turn|11\n|\n|t:|1607763480\n|switch|p2a: Rotom|Rotom-Mow|17\/100 tox\n|move|p1a: Thundurus|Volt Switch|p2a: Rotom\n|-resisted|p2a: Rotom\n|-damage|p2a: Rotom|0 fnt\n|faint|p2a: Rotom\n|\n|t:|1607763491\n|switch|p1a: Kartana|Kartana|100\/100|[from]move: Volt Switch\n|\n|upkeep\n|\n|t:|1607763498\n|switch|p2a: Riga|Celesteela|100\/100\n|turn|12\n|\n|t:|1607763507\n|switch|p1a: Thundurus|Thundurus-Therian, M|89\/100\n|move|p2a: Riga|Autotomize|p2a: Riga\n|-boost|p2a: Riga|spe|2\n|-start|p2a: Riga|Autotomize\n|\n|upkeep\n|turn|13\n|\n|t:|1607763516\n|switch|p1a: Cresselia|Cresselia, F|100\/100\n|move|p2a: Riga|Meteor Beam||[still]\n|-prepare|p2a: Riga|Meteor Beam\n|-boost|p2a: Riga|spa|1\n|-enditem|p2a: Riga|Power Herb\n|-anim|p2a: Riga|Meteor Beam|p1a: Cresselia\n|-damage|p1a: Cresselia|73\/100\n|\n|-heal|p1a: Cresselia|80\/100|[from] item: Leftovers\n|upkeep\n|turn|14\n|\n|t:|1607763520\n|move|p2a: Riga|Air Slash|p1a: Cresselia\n|-damage|p1a: Cresselia|52\/100\n|cant|p1a: Cresselia|flinch\n|\n|-heal|p1a: Cresselia|58\/100|[from] item: Leftovers\n|upkeep\n|turn|15\n|\n|t:|1607763525\n|move|p2a: Riga|Air Slash|p1a: Cresselia\n|-damage|p1a: Cresselia|34\/100\n|cant|p1a: Cresselia|flinch\n|\n|-heal|p1a: Cresselia|40\/100|[from] item: Leftovers\n|upkeep\n|turn|16\n|\n|t:|1607763529\n|move|p2a: Riga|Air Slash|p1a: Cresselia\n|-damage|p1a: Cresselia|14\/100\n|move|p1a: Cresselia|Moonlight|p1a: Cresselia\n|-heal|p1a: Cresselia|64\/100\n|\n|-heal|p1a: Cresselia|70\/100|[from] item: Leftovers\n|upkeep\n|turn|17\n|\n|t:|1607763537\n|move|p2a: Riga|Air Slash|p1a: Cresselia\n|-damage|p1a: Cresselia|45\/100\n|cant|p1a: Cresselia|flinch\n|\n|-heal|p1a: Cresselia|51\/100|[from] item: Leftovers\n|upkeep\n|turn|18\n|\n|t:|1607763544\n|move|p2a: Riga|Meteor Beam||[still]\n|-prepare|p2a: Riga|Meteor Beam\n|-boost|p2a: Riga|spa|1\n|move|p1a: Cresselia|Calm Mind|p1a: Cresselia\n|-boost|p1a: Cresselia|spa|1\n|-boost|p1a: Cresselia|spd|1\n|\n|-heal|p1a: Cresselia|57\/100|[from] item: Leftovers\n|upkeep\n|turn|19\n|\n|t:|1607763549\n|move|p2a: Riga|Meteor Beam|p1a: Cresselia|[from]lockedmove\n|-damage|p1a: Cresselia|31\/100\n|move|p1a: Cresselia|Calm Mind|p1a: Cresselia\n|-boost|p1a: Cresselia|spa|1\n|-boost|p1a: Cresselia|spd|1\n|\n|-heal|p1a: Cresselia|37\/100|[from] item: Leftovers\n|upkeep\n|turn|20\n|\n|t:|1607763553\n|move|p2a: Riga|Air Slash|p1a: Cresselia\n|-damage|p1a: Cresselia|19\/100\n|move|p1a: Cresselia|Moonlight|p1a: Cresselia\n|-heal|p1a: Cresselia|69\/100\n|\n|-heal|p1a: Cresselia|75\/100|[from] item: Leftovers\n|upkeep\n|turn|21\n|\n|t:|1607763558\n|move|p2a: Riga|Meteor Beam||[still]\n|-prepare|p2a: Riga|Meteor Beam\n|-boost|p2a: Riga|spa|1\n|move|p1a: Cresselia|Calm Mind|p1a: Cresselia\n|-boost|p1a: Cresselia|spa|1\n|-boost|p1a: Cresselia|spd|1\n|\n|-heal|p1a: Cresselia|82\/100|[from] item: Leftovers\n|upkeep\n|turn|22\n|\n|t:|1607763561\n|move|p2a: Riga|Meteor Beam|p1a: Cresselia|[from]lockedmove\n|-damage|p1a: Cresselia|62\/100\n|move|p1a: Cresselia|Calm Mind|p1a: Cresselia\n|-boost|p1a: Cresselia|spa|1\n|-boost|p1a: Cresselia|spd|1\n|\n|-heal|p1a: Cresselia|69\/100|[from] item: Leftovers\n|upkeep\n|turn|23\n|\n|t:|1607763572\n|move|p2a: Riga|Autotomize|p2a: Riga\n|-boost|p2a: Riga|spe|2\n|-start|p2a: Riga|Autotomize\n|move|p1a: Cresselia|Calm Mind|p1a: Cresselia\n|-boost|p1a: Cresselia|spa|1\n|-boost|p1a: Cresselia|spd|1\n|\n|-heal|p1a: Cresselia|75\/100|[from] item: Leftovers\n|upkeep\n|turn|24\n|\n|t:|1607763579\n|move|p2a: Riga|Meteor Beam||[still]\n|-prepare|p2a: Riga|Meteor Beam\n|-boost|p2a: Riga|spa|1\n|move|p1a: Cresselia|Calm Mind|p1a: Cresselia\n|-boost|p1a: Cresselia|spa|1\n|-boost|p1a: Cresselia|spd|1\n|\n|-heal|p1a: Cresselia|81\/100|[from] item: Leftovers\n|upkeep\n|turn|25\n|\n|t:|1607763584\n|move|p2a: Riga|Meteor Beam|p1a: Cresselia|[from]lockedmove\n|-damage|p1a: Cresselia|66\/100\n|move|p1a: Cresselia|Psychic|p2a: Riga\n|-resisted|p2a: Riga\n|-damage|p2a: Riga|49\/100\n|\n|-heal|p1a: Cresselia|73\/100|[from] item: Leftovers\n|upkeep\n|turn|26\n|\n|t:|1607763590\n|move|p2a: Riga|Air Slash|p1a: Cresselia\n|-damage|p1a: Cresselia|58\/100\n|move|p1a: Cresselia|Psychic|p2a: Riga\n|-resisted|p2a: Riga\n|-damage|p2a: Riga|0 fnt\n|faint|p2a: Riga\n|\n|-heal|p1a: Cresselia|64\/100|[from] item: Leftovers\n|upkeep\n|\n|t:|1607763598\n|switch|p2a: Diancie|Diancie|100\/100\n|turn|27\n|\n|t:|1607763602\n|move|p1a: Cresselia|Moonlight|p1a: Cresselia\n|-heal|p1a: Cresselia|100\/100\n|move|p2a: Diancie|Diamond Storm|p1a: Cresselia\n|-damage|p1a: Cresselia|69\/100\n|\n|-heal|p1a: Cresselia|75\/100|[from] item: Leftovers\n|upkeep\n|turn|28\n|\n|t:|1607763605\n|move|p1a: Cresselia|Psychic|p2a: Diancie\n|-damage|p2a: Diancie|47\/100\n|move|p2a: Diancie|Diamond Storm|p1a: Cresselia\n|-damage|p1a: Cresselia|41\/100\n|\n|-heal|p1a: Cresselia|47\/100|[from] item: Leftovers\n|upkeep\n|turn|29\n|\n|t:|1607763609\n|move|p1a: Cresselia|Moonlight|p1a: Cresselia\n|-heal|p1a: Cresselia|97\/100\n|move|p2a: Diancie|Diamond Storm|p1a: Cresselia\n|-damage|p1a: Cresselia|68\/100\n|\n|-heal|p1a: Cresselia|74\/100|[from] item: Leftovers\n|upkeep\n|turn|30\n|\n|t:|1607763612\n|move|p1a: Cresselia|Psychic|p2a: Diancie\n|-damage|p2a: Diancie|0 fnt\n|faint|p2a: Diancie\n|\n|-heal|p1a: Cresselia|80\/100|[from] item: Leftovers\n|upkeep\n|\n|t:|1607763616\n|switch|p2a: Victini|Victini|63\/100\n|turn|31\n|\n|t:|1607763623\n|move|p2a: Victini|V-create|p1a: Cresselia\n|-damage|p1a: Cresselia|33\/100\n|-unboost|p2a: Victini|spe|1\n|-unboost|p2a: Victini|def|1\n|-unboost|p2a: Victini|spd|1\n|move|p1a: Cresselia|Moonlight|p1a: Cresselia\n|-heal|p1a: Cresselia|83\/100\n|\n|-heal|p1a: Cresselia|89\/100|[from] item: Leftovers\n|upkeep\n|turn|32\n|\n|t:|1607763631\n|move|p2a: Victini|V-create|p1a: Cresselia\n|-damage|p1a: Cresselia|36\/100\n|-unboost|p2a: Victini|spe|1\n|-unboost|p2a: Victini|def|1\n|-unboost|p2a: Victini|spd|1\n|move|p1a: Cresselia|Psychic|p2a: Victini\n|-resisted|p2a: Victini\n|-damage|p2a: Victini|3\/100\n|\n|-heal|p1a: Cresselia|42\/100|[from] item: Leftovers\n|upkeep\n|turn|33\n|\n|t:|1607763642\n|move|p1a: Cresselia|Psychic|p2a: Victini\n|-resisted|p2a: Victini\n|-damage|p2a: Victini|0 fnt\n|faint|p2a: Victini\n|\n|-heal|p1a: Cresselia|48\/100|[from] item: Leftovers\n|upkeep\n|\n|t:|1607763646\n|switch|p2a: Snorlax|Snorlax, F|100\/100\n|turn|34\n|\n|t:|1607763649\n|move|p1a: Cresselia|Psychic|p2a: Snorlax\n|-damage|p2a: Snorlax|60\/100\n|move|p2a: Snorlax|Body Slam|p1a: Cresselia\n|-damage|p1a: Cresselia|26\/100\n|\n|-heal|p1a: Cresselia|32\/100|[from] item: Leftovers\n|-heal|p2a: Snorlax|67\/100|[from] item: Leftovers\n|upkeep\n|turn|35\n|\n|t:|1607763653\n|move|p1a: Cresselia|Toxic|p2a: Snorlax\n|-status|p2a: Snorlax|tox\n|move|p2a: Snorlax|Body Slam|p1a: Cresselia\n|-damage|p1a: Cresselia|12\/100\n|\n|-heal|p1a: Cresselia|18\/100|[from] item: Leftovers\n|-heal|p2a: Snorlax|73\/100 tox|[from] item: Leftovers\n|-damage|p2a: Snorlax|67\/100 tox|[from] psn\n|upkeep\n|turn|36\n|\n|t:|1607763656\n|move|p1a: Cresselia|Moonlight|p1a: Cresselia\n|-heal|p1a: Cresselia|68\/100\n|move|p2a: Snorlax|Body Slam|p1a: Cresselia\n|-damage|p1a: Cresselia|48\/100\n|\n|-heal|p1a: Cresselia|54\/100|[from] item: Leftovers\n|-heal|p2a: Snorlax|73\/100 tox|[from] item: Leftovers\n|-damage|p2a: Snorlax|60\/100 tox|[from] psn\n|upkeep\n|turn|37\n|\n|t:|1607763661\n|move|p1a: Cresselia|Psychic|p2a: Snorlax\n|-damage|p2a: Snorlax|17\/100 tox\n|move|p2a: Snorlax|Body Slam|p1a: Cresselia\n|-damage|p1a: Cresselia|32\/100\n|\n|-heal|p1a: Cresselia|38\/100|[from] item: Leftovers\n|-heal|p2a: Snorlax|23\/100 tox|[from] item: Leftovers\n|-damage|p2a: Snorlax|5\/100 tox|[from] psn\n|upkeep\n|turn|38\n|-message|Vodyne forfeited.\n|\n|win|VolticHalberd\n|l|\u2606Vodyne\n|raw|VolticHalberd's rating: 1398 &rarr; <strong>1415<\/strong><br \/>(+17 for winning)\n|raw|Vodyne's rating: 1348 &rarr; <strong>1331<\/strong><br \/>(-17 for losing)\n","uploadtime":1607763672,"views":19,"p1id":"voltichalberd","p2id":"vodyne","formatid":"gen8ou","rating":1331,"private":0,"password":null}