{"id":"gen8vgc2021-1252744016","p1":"Mokkurkalfi3","p2":"ArcanineSquad","format":"gen8vgc2021","log":"|j|\u2606Mokkurkalfi3\n|j|\u2606ArcanineSquad\n|t:|1609318229\n|player|p1|Mokkurkalfi3|hiker|1080\n|player|p2|ArcanineSquad|cynthia-gen4|1047\n|teamsize|p1|6\n|teamsize|p2|6\n|gametype|doubles\n|gen|8\n|tier|[Gen 8] VGC 2021\n|rated|\n|clearpoke\n|poke|p1|Liepard, L50, F|\n|poke|p1|Seismitoad, L50, F|\n|poke|p1|Ferrothorn, L50, F|\n|poke|p1|Thundurus-Therian, L50, M|\n|poke|p1|Tornadus-Therian, L50, M|\n|poke|p1|Landorus-Therian, L50, M|\n|poke|p2|Landorus-Therian, L50, M|\n|poke|p2|Regieleki, L50|\n|poke|p2|Lapras, L50, F|\n|poke|p2|Urshifu-*, L50, M|\n|poke|p2|Whimsicott, L50, F|\n|poke|p2|Amoonguss, L50, F|\n|rule|Species Clause: Limit one of each Pok\u00e9mon\n|rule|Item Clause: Limit one of each item\n|teampreview|4\n|inactive|Battle timer is ON: inactive players will automatically lose when time's up. (requested by ArcanineSquad)\n|\n|t:|1609318260\n|start\n|switch|p1a: Liepard|Liepard, L50, F|48\/48\n|switch|p1b: Thundurus|Thundurus-Therian, L50, M|48\/48\n|switch|p2a: Whimsicott|Whimsicott, L50, F|48\/48\n|switch|p2b: Lapras|Lapras, L50, F|48\/48\n|turn|1\n|\n|t:|1609318281\n|-start|p2b: Lapras|Dynamax\n|-formechange|p2b: Lapras|Lapras-Gmax\n|-heal|p2b: Lapras|48\/48|[silent]\n|move|p1b: Thundurus|Protect|p1b: Thundurus\n|-singleturn|p1b: Thundurus|Protect\n|move|p2a: Whimsicott|Taunt|p1a: Liepard\n|-hint|Since gen 7, Dark is immune to Prankster moves.\n|-immune|p1a: Liepard\n|move|p1a: Liepard|Yawn|p2b: Lapras\n|-start|p2b: Lapras|move: Yawn|[of] p1a: Liepard\n|move|p2b: Lapras|G-Max Resonance|p1b: Thundurus\n|-supereffective|p1b: Thundurus\n|-zbroken|p1b: Thundurus\n|-damage|p1b: Thundurus|19\/48\n|-sidestart|p2: ArcanineSquad|move: Aurora Veil\n|-damage|p2b: Lapras|45\/48|[from] item: Life Orb\n|\n|upkeep\n|turn|2\n|inactive|ArcanineSquad has 30 seconds left.\n|\n|t:|1609318311\n|move|p2a: Whimsicott|Moonblast|p1a: Liepard\n|-supereffective|p1a: Liepard\n|-enditem|p1a: Liepard|Focus Sash\n|-damage|p1a: Liepard|1\/48\n|move|p1a: Liepard|Snarl|p2b: Lapras|[spread] p2a,p2b\n|-resisted|p2a: Whimsicott\n|-damage|p2a: Whimsicott|44\/48\n|-damage|p2b: Lapras|43\/48\n|-unboost|p2a: Whimsicott|spa|1\n|-unboost|p2b: Lapras|spa|1\n|move|p1b: Thundurus|Sludge Bomb|p2a: Whimsicott\n|-supereffective|p2a: Whimsicott\n|-damage|p2a: Whimsicott|0 fnt\n|-damage|p1b: Thundurus|15\/48|[from] item: Life Orb\n|faint|p2a: Whimsicott\n|move|p2b: Lapras|Max Geyser|p1b: Thundurus\n|-damage|p1b: Thundurus|0 fnt\n|-weather|RainDance\n|-damage|p2b: Lapras|41\/48|[from] item: Life Orb\n|faint|p1b: Thundurus\n|\n|-weather|RainDance|[upkeep]\n|-end|p2b: Lapras|move: Yawn|[silent]\n|-status|p2b: Lapras|slp\n|upkeep\n|inactive|ArcanineSquad has 30 seconds left.\n|\n|t:|1609318338\n|switch|p2a: Urshifu|Urshifu, L50, M|48\/48\n|switch|p1b: Seismitoad|Seismitoad, L50, F|48\/48\n|turn|3\n|\n|t:|1609318357\n|-start|p1b: Seismitoad|Dynamax\n|-heal|p1b: Seismitoad|48\/48|[silent]\n|move|p1a: Liepard|Yawn|p2a: Urshifu\n|-hint|Since gen 7, Dark is immune to Prankster moves.\n|-immune|p2a: Urshifu\n|move|p1b: Seismitoad|Max Geyser|p2a: Urshifu\n|-damage|p2a: Urshifu|12\/48\n|move|p2a: Urshifu|Wicked Blow|p1b: Seismitoad\n|-crit|p1b: Seismitoad\n|-damage|p1b: Seismitoad|17\/48\n|cant|p2b: Lapras|slp\n|\n|-weather|RainDance|[upkeep]\n|-end|p2b: Lapras|Dynamax\n|-formechange|p2b: Lapras|Lapras\n|-heal|p2b: Lapras|41\/48 slp|[silent]\n|upkeep\n|turn|4\n|\n|t:|1609318373\n|move|p1b: Seismitoad|Max Quake|p2a: Urshifu\n|-damage|p2a: Urshifu|0 fnt\n|-boost|p1a: Liepard|spd|1\n|-boost|p1b: Seismitoad|spd|1\n|faint|p2a: Urshifu\n|move|p1a: Liepard|Snarl|p2b: Lapras\n|-damage|p2b: Lapras|35\/48 slp\n|-unboost|p2b: Lapras|spa|1\n|-curestatus|p2b: Lapras|slp|[msg]\n|move|p2b: Lapras|Blizzard|p1b: Seismitoad|[spread] p1b\n|-miss|p2b: Lapras|p1a: Liepard\n|-damage|p1b: Seismitoad|13\/48\n|-damage|p2b: Lapras|30\/48|[from] item: Life Orb\n|\n|-weather|RainDance|[upkeep]\n|upkeep\n|\n|t:|1609318387\n|switch|p2a: Landorus|Landorus-Therian, L50, M|48\/48\n|-ability|p2a: Landorus|Intimidate|boost\n|-unboost|p1a: Liepard|atk|1\n|-unboost|p1b: Seismitoad|atk|1\n|turn|5\n|\n|t:|1609318399\n|move|p1a: Liepard|Yawn|p2b: Lapras\n|-start|p2b: Lapras|move: Yawn|[of] p1a: Liepard\n|move|p1b: Seismitoad|Max Geyser|p2a: Landorus\n|-supereffective|p2a: Landorus\n|-damage|p2a: Landorus|0 fnt\n|faint|p2a: Landorus\n|move|p2b: Lapras|Blizzard|p1b: Seismitoad|[spread] p1b\n|-miss|p2b: Lapras|p1a: Liepard\n|-damage|p1b: Seismitoad|8\/48\n|-damage|p2b: Lapras|26\/48|[from] item: Life Orb\n|\n|-weather|RainDance|[upkeep]\n|-sideend|p2: ArcanineSquad|move: Aurora Veil\n|-end|p1b: Seismitoad|Dynamax\n|-heal|p1b: Seismitoad|8\/48|[silent]\n|upkeep\n|turn|6\n|\n|t:|1609318411\n|move|p1b: Seismitoad|Protect|p1b: Seismitoad\n|-singleturn|p1b: Seismitoad|Protect\n|move|p1a: Liepard|Snarl|p2b: Lapras\n|-damage|p2b: Lapras|17\/48\n|-unboost|p2b: Lapras|spa|1\n|move|p2b: Lapras|Blizzard|p1a: Liepard|[spread] p1a\n|-activate|p1b: Seismitoad|move: Protect\n|-damage|p1a: Liepard|0 fnt\n|-damage|p2b: Lapras|12\/48|[from] item: Life Orb\n|faint|p1a: Liepard\n|\n|-weather|none\n|-end|p2b: Lapras|move: Yawn|[silent]\n|-status|p2b: Lapras|slp\n|upkeep\n|\n|t:|1609318413\n|switch|p1a: Tornadus|Tornadus-Therian, L50, M|48\/48\n|turn|7\n|\n|t:|1609318422\n|move|p1a: Tornadus|Hurricane|p2b: Lapras|[miss]\n|-miss|p1a: Tornadus|p2b: Lapras\n|move|p1b: Seismitoad|Earthquake|p2b: Lapras|[spread] p2b\n|-immune|p1a: Tornadus\n|-damage|p2b: Lapras|1\/48 slp\n|cant|p2b: Lapras|slp\n|\n|upkeep\n|turn|8\n|\n|t:|1609318430\n|cant|p2b: Lapras|slp\n|move|p1a: Tornadus|Icy Wind|p2b: Lapras\n|-resisted|p2b: Lapras\n|-damage|p2b: Lapras|1\/48 slp\n|-unboost|p2b: Lapras|spe|1\n|move|p1b: Seismitoad|Earthquake|p2b: Lapras|[spread] p2b\n|-immune|p1a: Tornadus\n|-damage|p2b: Lapras|0 fnt\n|faint|p2b: Lapras\n|\n|win|Mokkurkalfi3\n|l|\u2606ArcanineSquad\n|raw|Mokkurkalfi3's rating: 1080 &rarr; <strong>1105<\/strong><br \/>(+25 for winning)\n|raw|ArcanineSquad's rating: 1047 &rarr; <strong>1032<\/strong><br \/>(-15 for losing)\n","uploadtime":1609318444,"views":14,"p1id":"mokkurkalfi3","p2id":"arcaninesquad","formatid":"gen8vgc2021","rating":1032,"private":0,"password":null}