{"id":"gen8randombattleblitz-1690090687","p1":"002o","p2":"LoSconosciuto","format":"gen8randombattleblitz","log":"|inactive|Battle timer is ON: inactive players will automatically lose when time's up.\n|j|\u2606002o\n|j|\u2606LoSconosciuto\n|t:|1666233146\n|gametype|singles\n|player|p1|002o|101|\n|player|p2|LoSconosciuto|#teamgapdos|\n|teamsize|p1|6\n|teamsize|p2|6\n|gen|8\n|tier|[Gen 8] Random Battle (Blitz)\n|rated|Tournament battle\n|rule|Species Clause: Limit one of each Pok\u00e9mon\n|rule|HP Percentage Mod: HP is shown in percentages\n|rule|Sleep Clause Mod: Limit one foe put to sleep\n|rule|Blitz: Super-fast timer\n|\n|t:|1666233146\n|start\n|switch|p1a: Melmetal|Melmetal, L74|322\/322\n|switch|p2a: Mawile|Mawile, L86, M|226\/226\n|-ability|p2a: Mawile|Intimidate|boost\n|-unboost|p1a: Melmetal|atk|1\n|turn|1\n|inactive|002o also wants the timer to be on.\n|inactive|LoSconosciuto also wants the timer to be on.\n|j| Professor Seech\n|\n|t:|1666233155\n|switch|p2a: Machamp|Machamp, L82, F|282\/282\n|switch|p1a: Jellicent|Jellicent, L84, F|305\/305\n|\n|upkeep\n|turn|2\n|inactive|002o has 10 seconds left.\n|inactive|LoSconosciuto has 10 seconds left.\n|\n|t:|1666233165\n|switch|p1a: Roserade|Roserade, L84, M|238\/238\n|switch|p2a: Mesprit|Mesprit, L84|272\/272\n|\n|upkeep\n|turn|3\n|\n|t:|1666233168\n|move|p1a: Roserade|Sleep Powder|p2a: Mesprit\n|-status|p2a: Mesprit|slp|[from] move: Sleep Powder\n|cant|p2a: Mesprit|slp\n|\n|upkeep\n|turn|4\n|inactive|002o has 10 seconds left.\n|inactive|LoSconosciuto has 10 seconds left.\n|\n|t:|1666233175\n|switch|p1a: Jellicent|Jellicent, L84, F|305\/305\n|switch|p2a: Mawile|Mawile, L86, M|226\/226\n|-ability|p2a: Mawile|Intimidate|boost\n|-unboost|p1a: Jellicent|atk|1\n|\n|upkeep\n|turn|5\n|inactive|002o has 10 seconds left.\n|inactive|LoSconosciuto has 10 seconds left.\n|\n|t:|1666233181\n|move|p1a: Jellicent|Shadow Ball|p2a: Mawile\n|-damage|p2a: Mawile|114\/226\n|move|p2a: Mawile|Swords Dance|p2a: Mawile\n|-boost|p2a: Mawile|atk|2\n|\n|upkeep\n|turn|6\n|\n|t:|1666233184\n|move|p2a: Mawile|Sucker Punch|p1a: Jellicent\n|-supereffective|p1a: Jellicent\n|-crit|p1a: Jellicent\n|-damage|p1a: Jellicent|0 fnt\n|faint|p1a: Jellicent\n|\n|upkeep\n|inactive|002o has 10 seconds left.\n|\n|t:|1666233189\n|switch|p1a: Dubwool|Dubwool, L86, M|264\/264\n|turn|7\n|inactive|LoSconosciuto has 10 seconds left.\n|\n|t:|1666233199\n|switch|p2a: Machamp|Machamp, L82, F|282\/282\n|move|p1a: Dubwool|Cotton Guard|p1a: Dubwool\n|-boost|p1a: Dubwool|def|3\n|\n|upkeep\n|turn|8\n|\n|t:|1666233201\n|move|p1a: Dubwool|Body Press|p2a: Machamp\n|-damage|p2a: Machamp|115\/282\n|move|p2a: Machamp|Dynamic Punch|p1a: Dubwool\n|-supereffective|p1a: Dubwool\n|-damage|p1a: Dubwool|197\/264\n|-start|p1a: Dubwool|confusion\n|\n|-heal|p1a: Dubwool|213\/264|[from] item: Leftovers\n|upkeep\n|turn|9\n|inactive|LoSconosciuto has 10 seconds left.\n|\n|t:|1666233209\n|-activate|p1a: Dubwool|confusion\n|move|p1a: Dubwool|Body Press|p2a: Machamp\n|-damage|p2a: Machamp|0 fnt\n|faint|p2a: Machamp\n|\n|-heal|p1a: Dubwool|229\/264|[from] item: Leftovers\n|upkeep\n|\n|t:|1666233212\n|switch|p2a: Yveltal|Yveltal, L69|288\/288\n|-ability|p2a: Yveltal|Dark Aura\n|turn|10\n|\n|t:|1666233214\n|-activate|p1a: Dubwool|confusion\n|move|p1a: Dubwool|Body Press|p2a: Yveltal\n|-damage|p2a: Yveltal|126\/288\n|move|p2a: Yveltal|Knock Off|p1a: Dubwool\n|-damage|p1a: Dubwool|208\/264\n|-enditem|p1a: Dubwool|Leftovers|[from] move: Knock Off|[of] p2a: Yveltal\n|\n|upkeep\n|turn|11\n|\n|t:|1666233217\n|-start|p2a: Yveltal|Dynamax|\n|-heal|p2a: Yveltal|252\/576|[silent]\n|-end|p1a: Dubwool|confusion\n|move|p1a: Dubwool|Body Press|p2a: Yveltal\n|-damage|p2a: Yveltal|69\/576\n|move|p2a: Yveltal|Max Airstream|p1a: Dubwool\n|-damage|p1a: Dubwool|87\/264\n|-boost|p2a: Yveltal|spe|1\n|\n|upkeep\n|turn|12\n|\n|t:|1666233220\n|move|p2a: Yveltal|Max Airstream|p1a: Dubwool\n|-damage|p1a: Dubwool|0 fnt\n|-boost|p2a: Yveltal|spe|1\n|faint|p1a: Dubwool\n|\n|upkeep\n|inactive|002o has 10 seconds left.\n|j| Teres BAHJI\n|\n|t:|1666233230\n|switch|p1a: Melmetal|Melmetal, L74|322\/322\n|turn|13\n|\n|t:|1666233234\n|-end|p2a: Yveltal|Dynamax\n|-heal|p2a: Yveltal|35\/288|[silent]\n|switch|p2a: Lucario|Lucario, L82, F|249\/249\n|move|p1a: Melmetal|Double Iron Bash|p2a: Lucario\n|-resisted|p2a: Lucario\n|-damage|p2a: Lucario|203\/249\n|-resisted|p2a: Lucario\n|-damage|p2a: Lucario|152\/249\n|-hitcount|p2a: Lucario|2\n|\n|upkeep\n|turn|14\n|j| papaganz\n|inactive|002o has 10 seconds left.\n|\n|t:|1666233240\n|move|p2a: Lucario|Close Combat|p1a: Melmetal\n|-supereffective|p1a: Melmetal\n|-damage|p1a: Melmetal|57\/322\n|-unboost|p2a: Lucario|def|1\n|-unboost|p2a: Lucario|spd|1\n|-damage|p2a: Lucario|128\/249|[from] item: Life Orb\n|move|p1a: Melmetal|Earthquake|p2a: Lucario\n|-supereffective|p2a: Lucario\n|-damage|p2a: Lucario|0 fnt\n|faint|p2a: Lucario\n|\n|-heal|p1a: Melmetal|77\/322|[from] item: Leftovers\n|upkeep\n|\n|t:|1666233243\n|switch|p2a: Yveltal|Yveltal, L69|35\/288\n|-ability|p2a: Yveltal|Dark Aura\n|turn|15\n|\n|t:|1666233246\n|move|p2a: Yveltal|Knock Off|p1a: Melmetal\n|-damage|p1a: Melmetal|0 fnt\n|-enditem|p1a: Melmetal|Leftovers|[from] move: Knock Off|[of] p2a: Yveltal\n|faint|p1a: Melmetal\n|\n|upkeep\n|\n|t:|1666233250\n|switch|p1a: Roserade|Roserade, L84, M|238\/238\n|turn|16\n|\n|t:|1666233253\n|switch|p2a: Mawile|Mawile, L86, M|114\/226\n|-ability|p2a: Mawile|Intimidate|boost\n|-unboost|p1a: Roserade|atk|1\n|move|p1a: Roserade|Sludge Bomb|p2a: Mawile\n|-immune|p2a: Mawile\n|\n|upkeep\n|turn|17\n|inactive|002o has 10 seconds left.\n|\n|t:|1666233261\n|switch|p1a: Braviary|Braviary, L82, M|298\/298\n|move|p2a: Mawile|Iron Head|p1a: Braviary\n|-damage|p1a: Braviary|198\/298\n|\n|upkeep\n|turn|18\n|\n|t:|1666233265\n|move|p1a: Braviary|Bulk Up|p1a: Braviary\n|-boost|p1a: Braviary|atk|1\n|-boost|p1a: Braviary|def|1\n|move|p2a: Mawile|Iron Head|p1a: Braviary\n|-damage|p1a: Braviary|138\/298\n|\n|upkeep\n|turn|19\n|j|%Bob Oma Nia\n|\n|t:|1666233270\n|switch|p2a: Mesprit|Mesprit, L84|272\/272 slp\n|move|p1a: Braviary|Roost|p1a: Braviary\n|-heal|p1a: Braviary|287\/298\n|-singleturn|p1a: Braviary|move: Roost\n|\n|upkeep\n|turn|20\n|j| Ashmegaluxio\n|inactive|002o has 10 seconds left.\n|\n|t:|1666233276\n|cant|p2a: Mesprit|slp\n|move|p1a: Braviary|Bulk Up|p1a: Braviary\n|-boost|p1a: Braviary|atk|1\n|-boost|p1a: Braviary|def|1\n|\n|upkeep\n|turn|21\n|\n|t:|1666233279\n|-start|p1a: Braviary|Dynamax|\n|-heal|p1a: Braviary|574\/596|[silent]\n|-curestatus|p2a: Mesprit|slp|[msg]\n|move|p2a: Mesprit|Thunder Wave|p1a: Braviary\n|-status|p1a: Braviary|par\n|move|p1a: Braviary|Max Airstream|p2a: Mesprit\n|-damage|p2a: Mesprit|0 fnt\n|-boost|p1a: Braviary|spe|1\n|faint|p2a: Mesprit\n|\n|upkeep\n|inactive|LoSconosciuto has 10 seconds left.\n|\n|t:|1666233286\n|switch|p2a: Yveltal|Yveltal, L69|35\/288\n|-ability|p2a: Yveltal|Dark Aura\n|turn|22\n|\n|t:|1666233288\n|move|p2a: Yveltal|Oblivion Wing|p1a: Braviary\n|-damage|p1a: Braviary|489\/596 par\n|-heal|p2a: Yveltal|99\/288|[from] drain|[of] p1a: Braviary\n|move|p1a: Braviary|Max Airstream|p2a: Yveltal\n|-damage|p2a: Yveltal|0 fnt\n|-boost|p1a: Braviary|spe|1\n|faint|p2a: Yveltal\n|\n|upkeep\n|\n|t:|1666233292\n|switch|p2a: Tsareena|Tsareena, L84, F|258\/258\n|turn|23\n|\n|t:|1666233295\n|move|p1a: Braviary|Max Airstream|p2a: Tsareena\n|-supereffective|p2a: Tsareena\n|-damage|p2a: Tsareena|0 fnt\n|-boost|p1a: Braviary|spe|1\n|faint|p2a: Tsareena\n|\n|upkeep\n|c|\u2606LoSconosciuto|gg\n|\n|t:|1666233298\n|switch|p2a: Mawile|Mawile, L86, M|114\/226\n|-ability|p2a: Mawile|Intimidate|boost\n|-unboost|p1a: Braviary|atk|1\n|-ability|p1a: Braviary|Defiant|boost\n|-boost|p1a: Braviary|atk|2\n|-end|p1a: Braviary|Dynamax\n|-heal|p1a: Braviary|245\/298 par|[silent]\n|turn|24\n|\n|t:|1666233301\n|move|p1a: Braviary|Close Combat|p2a: Mawile\n|-damage|p2a: Mawile|0 fnt\n|-unboost|p1a: Braviary|def|1\n|-unboost|p1a: Braviary|spd|1\n|faint|p2a: Mawile\n|\n|win|002o\n|n|\u2606002o|002o\n|n|\u2606LoSconosciuto|losconosciuto\n|n| Professor Seech|professorseech\n|n| Teres BAHJI|teresbahji\n|n| papaganz|papaganz\n|n| Bob Oma Nia|bobomania\n|n| Ashmegaluxio|ashmegaluxio\n","uploadtime":1666233302,"views":3,"p1id":"002o","p2id":"losconosciuto","formatid":"gen8randombattleblitz","rating":0,"private":0,"password":null}