{"id":"gen8ru-1563530928","p1":"draghi in trip","p2":"xskelly34","format":"gen8ru","log":"|j|\u2606draghi in trip\n|j|\u2606xskelly34\n|inactive|Battle timer is ON: inactive players will automatically lose when time's up.\n|t:|1651180207\n|gametype|singles\n|player|p1|draghi in trip|gambler|\n|player|p2|xskelly34|bugsy|\n|teamsize|p1|6\n|teamsize|p2|6\n|gen|8\n|tier|[Gen 8] RU\n|rated|Tournament battle\n|rule|Sleep Clause Mod: Limit one foe put to sleep\n|rule|Species Clause: Limit one of each Pok\u00e9mon\n|rule|OHKO Clause: OHKO moves are banned\n|rule|Evasion Moves Clause: Evasion moves are banned\n|rule|Endless Battle Clause: Forcing endless battles is banned\n|rule|HP Percentage Mod: HP is shown in percentages\n|rule|Dynamax Clause: You cannot dynamax\n|clearpoke\n|poke|p1|Registeel|\n|poke|p1|Rotom-Mow|\n|poke|p1|Nidoqueen, F|\n|poke|p1|Bewear, M|\n|poke|p1|Flygon, M|\n|poke|p1|Golisopod, M|\n|poke|p2|Quagsire, M|\n|poke|p2|Metagross|\n|poke|p2|Weezing-Galar, F|\n|poke|p2|Umbreon, M|\n|poke|p2|Bewear, F|\n|poke|p2|Nidoqueen, F|\n|teampreview\n|j|*Lady Monita \u273f\n|j| ItsYaBoyBen\n|c|\u2606draghi in trip|glhf\n|c|\u2606xskelly34|hf\n|\n|t:|1651180220\n|start\n|switch|p1a: Nidoqueen|Nidoqueen, F|100\/100\n|switch|p2a: Weezing|Weezing-Galar, F|100\/100\n|turn|1\n|\n|t:|1651180240\n|switch|p2a: Umbreon|Umbreon, M|100\/100\n|move|p1a: Nidoqueen|Ice Beam|p2a: Umbreon\n|-damage|p2a: Umbreon|82\/100\n|\n|-heal|p2a: Umbreon|89\/100|[from] item: Leftovers\n|upkeep\n|turn|2\n|\n|t:|1651180244\n|move|p1a: Nidoqueen|Toxic Spikes|p2a: Umbreon\n|-sidestart|p2: xskelly34|move: Toxic Spikes\n|move|p2a: Umbreon|Foul Play|p1a: Nidoqueen\n|-damage|p1a: Nidoqueen|70\/100\n|\n|-heal|p2a: Umbreon|95\/100|[from] item: Leftovers\n|upkeep\n|turn|3\n|j| ZaTiddus\n|\n|t:|1651180259\n|switch|p1a: Golisopod|Golisopod, M|100\/100\n|move|p2a: Umbreon|Foul Play|p1a: Golisopod\n|-damage|p1a: Golisopod|60\/100\n|\n|-heal|p2a: Umbreon|100\/100|[from] item: Leftovers\n|upkeep\n|turn|4\n|\n|t:|1651180265\n|move|p2a: Umbreon|Protect|p2a: Umbreon\n|-singleturn|p2a: Umbreon|Protect\n|move|p1a: Golisopod|Leech Life|p2a: Umbreon\n|-activate|p2a: Umbreon|move: Protect\n|\n|upkeep\n|turn|5\n|\n|t:|1651180268\n|switch|p2a: Weezing|Weezing-Galar, F|100\/100\n|move|p1a: Golisopod|Leech Life|p2a: Weezing\n|-resisted|p2a: Weezing\n|-damage|p2a: Weezing|93\/100\n|-heal|p1a: Golisopod|64\/100|[from] drain|[of] p2a: Weezing\n|\n|-heal|p2a: Weezing|99\/100|[from] item: Black Sludge\n|upkeep\n|turn|6\n|\n|t:|1651180280\n|switch|p1a: Registeel|Registeel|100\/100\n|move|p2a: Weezing|Will-O-Wisp|p1a: Registeel|[miss]\n|-miss|p2a: Weezing|p1a: Registeel\n|\n|-heal|p2a: Weezing|100\/100|[from] item: Black Sludge\n|upkeep\n|turn|7\n|\n|t:|1651180287\n|switch|p2a: Nidoqueen|Nidoqueen, F|100\/100\n|-sideend|p2: xskelly34|move: Toxic Spikes|[of] p2a: Nidoqueen\n|move|p1a: Registeel|Stealth Rock|p2a: Nidoqueen\n|-sidestart|p2: xskelly34|move: Stealth Rock\n|\n|upkeep\n|turn|8\n|\n|t:|1651180294\n|switch|p1a: Rotom|Rotom-Mow|100\/100\n|move|p2a: Nidoqueen|Stealth Rock|p1a: Rotom\n|-sidestart|p1: draghi in trip|move: Stealth Rock\n|\n|upkeep\n|turn|9\n|\n|t:|1651180302\n|move|p1a: Rotom|Leaf Storm|p2a: Nidoqueen\n|-damage|p2a: Nidoqueen|59\/100\n|-unboost|p1a: Rotom|spa|2\n|move|p2a: Nidoqueen|Ice Beam|p1a: Rotom\n|-supereffective|p1a: Rotom\n|-damage|p1a: Rotom|43\/100\n|\n|-heal|p2a: Nidoqueen|65\/100|[from] item: Black Sludge\n|upkeep\n|turn|10\n|\n|t:|1651180310\n|switch|p1a: Nidoqueen|Nidoqueen, F|70\/100\n|-damage|p1a: Nidoqueen|63\/100|[from] Stealth Rock\n|move|p2a: Nidoqueen|Ice Beam|p1a: Nidoqueen\n|-supereffective|p1a: Nidoqueen\n|-damage|p1a: Nidoqueen|14\/100\n|\n|-heal|p2a: Nidoqueen|72\/100|[from] item: Black Sludge\n|upkeep\n|turn|11\n|\n|t:|1651180316\n|switch|p2a: Umbreon|Umbreon, M|100\/100\n|-damage|p2a: Umbreon|88\/100|[from] Stealth Rock\n|move|p1a: Nidoqueen|Earth Power|p2a: Umbreon\n|-damage|p2a: Umbreon|60\/100\n|\n|-heal|p2a: Umbreon|66\/100|[from] item: Leftovers\n|upkeep\n|turn|12\n|\n|t:|1651180319\n|move|p1a: Nidoqueen|Sludge Wave|p2a: Umbreon\n|-damage|p2a: Umbreon|35\/100\n|move|p2a: Umbreon|Foul Play|p1a: Nidoqueen\n|-damage|p1a: Nidoqueen|0 fnt\n|faint|p1a: Nidoqueen\n|\n|-heal|p2a: Umbreon|41\/100|[from] item: Leftovers\n|upkeep\n|\n|t:|1651180324\n|switch|p1a: Bewear|Bewear, M|100\/100\n|-damage|p1a: Bewear|94\/100|[from] Stealth Rock\n|turn|13\n|\n|t:|1651180329\n|switch|p2a: Weezing|Weezing-Galar, F|100\/100\n|-damage|p2a: Weezing|88\/100|[from] Stealth Rock\n|move|p1a: Bewear|Swords Dance|p1a: Bewear\n|-boost|p1a: Bewear|atk|2\n|\n|-heal|p2a: Weezing|94\/100|[from] item: Black Sludge\n|upkeep\n|turn|14\n|\n|t:|1651180335\n|switch|p2a: Quagsire|Quagsire, M|100\/100\n|-damage|p2a: Quagsire|94\/100|[from] Stealth Rock\n|move|p1a: Bewear|Double-Edge|p2a: Quagsire\n|-damage|p2a: Quagsire|45\/100\n|-damage|p1a: Bewear|78\/100|[from] Recoil\n|\n|-heal|p2a: Quagsire|51\/100|[from] item: Leftovers\n|upkeep\n|turn|15\n|\n|t:|1651180340\n|move|p1a: Bewear|Double-Edge|p2a: Quagsire\n|-damage|p2a: Quagsire|0 fnt\n|faint|p2a: Quagsire\n|-damage|p1a: Bewear|60\/100|[from] Recoil\n|\n|upkeep\n|\n|t:|1651180361\n|switch|p2a: Weezing|Weezing-Galar, F|94\/100\n|-damage|p2a: Weezing|82\/100|[from] Stealth Rock\n|turn|16\n|inactive|draghi in trip has 120 seconds left.\n|\n|t:|1651180410\n|move|p1a: Bewear|Double-Edge|p2a: Weezing\n|-damage|p2a: Weezing|0 fnt\n|faint|p2a: Weezing\n|-damage|p1a: Bewear|37\/100|[from] Recoil\n|\n|upkeep\n|\n|t:|1651180418\n|switch|p2a: Bewear|Bewear, F|100\/100\n|-damage|p2a: Bewear|94\/100|[from] Stealth Rock\n|turn|17\n|\n|t:|1651180440\n|move|p1a: Bewear|Drain Punch|p2a: Bewear\n|-supereffective|p2a: Bewear\n|-damage|p2a: Bewear|48\/100\n|-heal|p1a: Bewear|64\/100|[from] drain|[of] p2a: Bewear\n|move|p2a: Bewear|Bulk Up|p2a: Bewear\n|-boost|p2a: Bewear|atk|1\n|-boost|p2a: Bewear|def|1\n|\n|-heal|p2a: Bewear|54\/100|[from] item: Leftovers\n|upkeep\n|turn|18\n|\n|t:|1651180444\n|move|p1a: Bewear|Drain Punch|p2a: Bewear\n|-supereffective|p2a: Bewear\n|-damage|p2a: Bewear|23\/100\n|-heal|p1a: Bewear|82\/100|[from] drain|[of] p2a: Bewear\n|move|p2a: Bewear|Drain Punch|p1a: Bewear\n|-supereffective|p1a: Bewear\n|-damage|p1a: Bewear|33\/100\n|-heal|p2a: Bewear|44\/100|[from] drain|[of] p1a: Bewear\n|\n|-heal|p2a: Bewear|50\/100|[from] item: Leftovers\n|upkeep\n|turn|19\n|\n|t:|1651180447\n|move|p1a: Bewear|Drain Punch|p2a: Bewear\n|-supereffective|p2a: Bewear\n|-damage|p2a: Bewear|16\/100\n|-heal|p1a: Bewear|53\/100|[from] drain|[of] p2a: Bewear\n|move|p2a: Bewear|Drain Punch|p1a: Bewear\n|-supereffective|p1a: Bewear\n|-damage|p1a: Bewear|5\/100\n|-heal|p2a: Bewear|37\/100|[from] drain|[of] p1a: Bewear\n|\n|-heal|p2a: Bewear|43\/100|[from] item: Leftovers\n|upkeep\n|turn|20\n|\n|t:|1651180451\n|move|p1a: Bewear|Drain Punch|p2a: Bewear\n|-supereffective|p2a: Bewear\n|-damage|p2a: Bewear|12\/100\n|-heal|p1a: Bewear|23\/100|[from] drain|[of] p2a: Bewear\n|move|p2a: Bewear|Drain Punch|p1a: Bewear\n|-supereffective|p1a: Bewear\n|-damage|p1a: Bewear|0 fnt\n|-heal|p2a: Bewear|22\/100|[from] drain|[of] p1a: Bewear\n|faint|p1a: Bewear\n|\n|-heal|p2a: Bewear|28\/100|[from] item: Leftovers\n|upkeep\n|\n|t:|1651180456\n|switch|p1a: Rotom|Rotom-Mow|43\/100\n|-damage|p1a: Rotom|31\/100|[from] Stealth Rock\n|turn|21\n|l| ZaTiddus\n|\n|t:|1651180469\n|switch|p2a: Nidoqueen|Nidoqueen, F|72\/100\n|-damage|p2a: Nidoqueen|65\/100|[from] Stealth Rock\n|move|p1a: Rotom|Leaf Storm|p2a: Nidoqueen\n|-damage|p2a: Nidoqueen|27\/100\n|-unboost|p1a: Rotom|spa|2\n|\n|-heal|p2a: Nidoqueen|33\/100|[from] item: Black Sludge\n|upkeep\n|turn|22\n|\n|t:|1651180482\n|move|p1a: Rotom|Leaf Storm|p2a: Nidoqueen|[miss]\n|-miss|p1a: Rotom|p2a: Nidoqueen\n|move|p2a: Nidoqueen|Ice Beam|p1a: Rotom\n|-supereffective|p1a: Rotom\n|-damage|p1a: Rotom|0 fnt\n|faint|p1a: Rotom\n|\n|-heal|p2a: Nidoqueen|40\/100|[from] item: Black Sludge\n|upkeep\n|\n|t:|1651180488\n|switch|p1a: Flygon|Flygon, M|100\/100\n|-damage|p1a: Flygon|95\/100|[from] Stealth Rock\n|turn|23\n|\n|t:|1651180490\n|move|p1a: Flygon|Earthquake|p2a: Nidoqueen\n|-supereffective|p2a: Nidoqueen\n|-damage|p2a: Nidoqueen|0 fnt\n|faint|p2a: Nidoqueen\n|\n|upkeep\n|\n|t:|1651180500\n|switch|p2a: Umbreon|Umbreon, M|41\/100\n|-damage|p2a: Umbreon|28\/100|[from] Stealth Rock\n|turn|24\n|\n|t:|1651180505\n|move|p2a: Umbreon|Protect|p2a: Umbreon\n|-singleturn|p2a: Umbreon|Protect\n|move|p1a: Flygon|Earthquake|p2a: Umbreon\n|-activate|p2a: Umbreon|move: Protect\n|\n|-heal|p2a: Umbreon|34\/100|[from] item: Leftovers\n|upkeep\n|turn|25\n|\n|t:|1651180508\n|move|p1a: Flygon|Earthquake|p2a: Umbreon\n|-damage|p2a: Umbreon|0 fnt\n|faint|p2a: Umbreon\n|\n|upkeep\n|\n|t:|1651180519\n|switch|p2a: Metagross|Metagross|100\/100\n|-damage|p2a: Metagross|94\/100|[from] Stealth Rock\n|turn|26\n|\n|t:|1651180522\n|move|p1a: Flygon|Earthquake|p2a: Metagross\n|-supereffective|p2a: Metagross\n|-damage|p2a: Metagross|19\/100\n|move|p2a: Metagross|Cosmic Power|p2a: Metagross\n|-boost|p2a: Metagross|def|1\n|-boost|p2a: Metagross|spd|1\n|\n|-heal|p2a: Metagross|25\/100|[from] item: Leftovers\n|upkeep\n|turn|27\n|\n|t:|1651180525\n|move|p1a: Flygon|Earthquake|p2a: Metagross\n|-supereffective|p2a: Metagross\n|-damage|p2a: Metagross|0 fnt\n|faint|p2a: Metagross\n|\n|upkeep\n|-message|xskelly34 forfeited.\n|\n|win|draghi in trip\n|n|\u2606draghi in trip|draghiintrip\n|n|\u2606xskelly34|xskelly34\n|n|*Lady Monita \u273f|ladymonita\n|n| ItsYaBoyBen|itsyaboyben\n|l|*Lady Monita \u273f\n|l|\u2606xskelly34\n|c|\u2606draghi in trip|gg\n","uploadtime":1651180534,"views":11,"p1id":"draghiintrip","p2id":"xskelly34","formatid":"gen8ru","rating":0,"private":0,"password":null}