{"id":"gen8randombattle-1547263209","p1":"BestWishesFan","p2":"Bloody Busybody","format":"gen8randombattle","log":"|j|\u2606BestWishesFan\n|j|\u2606Bloody Busybody\n|t:|1649247906\n|gametype|singles\n|player|p1|BestWishesFan|266|1763\n|player|p2|Bloody Busybody|bugcatcher|1765\n|teamsize|p1|6\n|teamsize|p2|6\n|gen|8\n|tier|[Gen 8] Random Battle\n|rated|\n|rule|Species Clause: Limit one of each Pok\u00e9mon\n|rule|HP Percentage Mod: HP is shown in percentages\n|rule|Sleep Clause Mod: Limit one foe put to sleep\n|\n|t:|1649247906\n|start\n|switch|p1a: Barbaracle|Barbaracle, L80, M|246\/246\n|switch|p2a: Qwilfish|Qwilfish, L84, M|246\/246\n|-ability|p2a: Qwilfish|Intimidate|boost\n|-unboost|p1a: Barbaracle|atk|1\n|-enditem|p1a: Barbaracle|White Herb\n|-clearnegativeboost|p1a: Barbaracle|[silent]\n|turn|1\n|inactive|Battle timer is ON: inactive players will automatically lose when time's up. (requested by BestWishesFan)\n|\n|t:|1649247916\n|switch|p1a: Slowbro|Slowbro, L84, M|297\/297\n|move|p2a: Qwilfish|Thunder Wave|p1a: Slowbro\n|-status|p1a: Slowbro|par\n|\n|upkeep\n|turn|2\n|\n|t:|1649247927\n|move|p2a: Qwilfish|Spikes|p1a: Slowbro\n|-sidestart|p1: BestWishesFan|Spikes\n|move|p1a: Slowbro|Thunder Wave|p2a: Qwilfish\n|-status|p2a: Qwilfish|par\n|\n|upkeep\n|turn|3\n|\n|t:|1649247937\n|cant|p2a: Qwilfish|par\n|cant|p1a: Slowbro|par\n|\n|upkeep\n|turn|4\n|c|\u2606BestWishesFan|lol\n|\n|t:|1649247943\n|move|p2a: Qwilfish|Spikes|p1a: Slowbro\n|-sidestart|p1: BestWishesFan|Spikes\n|cant|p1a: Slowbro|par\n|\n|upkeep\n|turn|5\n|\n|t:|1649247952\n|switch|p1a: Barbaracle|Barbaracle, L80, M|246\/246\n|-damage|p1a: Barbaracle|205\/246|[from] Spikes\n|cant|p2a: Qwilfish|par\n|\n|upkeep\n|turn|6\n|\n|t:|1649247958\n|move|p1a: Barbaracle|Earthquake|p2a: Qwilfish\n|-supereffective|p2a: Qwilfish\n|-damage|p2a: Qwilfish|92\/246 par\n|cant|p2a: Qwilfish|par\n|\n|upkeep\n|turn|7\n|\n|t:|1649247962\n|move|p1a: Barbaracle|Earthquake|p2a: Qwilfish\n|-supereffective|p2a: Qwilfish\n|-damage|p2a: Qwilfish|0 fnt\n|faint|p2a: Qwilfish\n|\n|upkeep\n|inactive|Bloody Busybody has 120 seconds left.\n|\n|t:|1649247997\n|switch|p2a: Corviknight|Corviknight, L78, M|281\/281\n|turn|8\n|\n|t:|1649248002\n|move|p1a: Barbaracle|Shell Smash|p1a: Barbaracle\n|-unboost|p1a: Barbaracle|def|1\n|-unboost|p1a: Barbaracle|spd|1\n|-boost|p1a: Barbaracle|atk|2\n|-boost|p1a: Barbaracle|spa|2\n|-boost|p1a: Barbaracle|spe|2\n|move|p2a: Corviknight|Body Press|p1a: Barbaracle\n|-supereffective|p1a: Barbaracle\n|-damage|p1a: Barbaracle|57\/246\n|\n|upkeep\n|turn|9\n|\n|t:|1649248010\n|move|p1a: Barbaracle|Liquidation|p2a: Corviknight\n|-damage|p2a: Corviknight|55\/281\n|move|p2a: Corviknight|Body Press|p1a: Barbaracle\n|-supereffective|p1a: Barbaracle\n|-damage|p1a: Barbaracle|0 fnt\n|faint|p1a: Barbaracle\n|\n|-heal|p2a: Corviknight|72\/281|[from] item: Leftovers\n|upkeep\n|\n|t:|1649248020\n|switch|p1a: Heatran|Heatran, L78, M|270\/270\n|-item|p1a: Heatran|Air Balloon\n|turn|10\n|\n|t:|1649248030\n|move|p1a: Heatran|Taunt|p2a: Corviknight\n|-start|p2a: Corviknight|move: Taunt\n|move|p2a: Corviknight|Body Press|p1a: Heatran\n|-supereffective|p1a: Heatran\n|-damage|p1a: Heatran|170\/270\n|-enditem|p1a: Heatran|Air Balloon\n|\n|-heal|p2a: Corviknight|89\/281|[from] item: Leftovers\n|upkeep\n|turn|11\n|\n|t:|1649248037\n|switch|p2a: Clawitzer|Clawitzer, L84, M|256\/256\n|move|p1a: Heatran|Stealth Rock|p2a: Clawitzer\n|-sidestart|p2: Bloody Busybody|move: Stealth Rock\n|\n|upkeep\n|turn|12\n|\n|t:|1649248045\n|switch|p1a: Slowbro|Slowbro, L84, M|297\/297 par\n|-damage|p1a: Slowbro|248\/297 par|[from] Spikes\n|move|p2a: Clawitzer|Water Pulse|p1a: Slowbro\n|-resisted|p1a: Slowbro\n|-damage|p1a: Slowbro|152\/297 par\n|\n|-heal|p1a: Slowbro|170\/297 par|[from] item: Leftovers\n|upkeep\n|turn|13\n|\n|t:|1649248051\n|switch|p2a: Corviknight|Corviknight, L78, M|89\/281\n|-damage|p2a: Corviknight|54\/281|[from] Stealth Rock\n|move|p1a: Slowbro|Thunder Wave|p2a: Corviknight\n|-status|p2a: Corviknight|par\n|\n|-heal|p2a: Corviknight|71\/281 par|[from] item: Leftovers\n|-heal|p1a: Slowbro|188\/297 par|[from] item: Leftovers\n|upkeep\n|turn|14\n|\n|t:|1649248063\n|switch|p1a: Heatran|Heatran, L78, M|170\/270\n|-damage|p1a: Heatran|125\/270|[from] Spikes\n|move|p2a: Corviknight|Roost|p2a: Corviknight\n|-heal|p2a: Corviknight|212\/281 par\n|-singleturn|p2a: Corviknight|move: Roost\n|\n|-heal|p2a: Corviknight|229\/281 par|[from] item: Leftovers\n|upkeep\n|turn|15\n|\n|t:|1649248071\n|switch|p2a: Clawitzer|Clawitzer, L84, M|256\/256\n|-damage|p2a: Clawitzer|224\/256|[from] Stealth Rock\n|move|p1a: Heatran|Toxic|p2a: Clawitzer\n|-status|p2a: Clawitzer|tox\n|\n|-damage|p2a: Clawitzer|208\/256 tox|[from] psn\n|upkeep\n|turn|16\n|\n|t:|1649248078\n|switch|p1a: Slowbro|Slowbro, L84, M|287\/297 par\n|-damage|p1a: Slowbro|238\/297 par|[from] Spikes\n|move|p2a: Clawitzer|Dark Pulse|p1a: Slowbro\n|-supereffective|p1a: Slowbro\n|-damage|p1a: Slowbro|0 fnt\n|faint|p1a: Slowbro\n|\n|-damage|p2a: Clawitzer|176\/256 tox|[from] psn\n|upkeep\n|\n|t:|1649248086\n|switch|p1a: Zacian|Zacian-Crowned, L62|218\/218\n|-damage|p1a: Zacian|182\/218|[from] Spikes\n|-ability|p1a: Zacian|Intrepid Sword|boost\n|-boost|p1a: Zacian|atk|1\n|turn|17\n|inactive|Bloody Busybody has 120 seconds left.\n|\n|t:|1649248121\n|switch|p2a: Corviknight|Corviknight, L78, M|229\/281 par\n|-damage|p2a: Corviknight|194\/281 par|[from] Stealth Rock\n|move|p1a: Zacian|Swords Dance|p1a: Zacian\n|-boost|p1a: Zacian|atk|2\n|\n|-heal|p2a: Corviknight|211\/281 par|[from] item: Leftovers\n|upkeep\n|turn|18\n|\n|t:|1649248128\n|move|p1a: Zacian|Play Rough|p2a: Corviknight\n|-resisted|p2a: Corviknight\n|-damage|p2a: Corviknight|110\/281 par\n|move|p2a: Corviknight|Body Press|p1a: Zacian\n|-damage|p1a: Zacian|129\/218\n|\n|-heal|p2a: Corviknight|127\/281 par|[from] item: Leftovers\n|upkeep\n|turn|19\n|\n|t:|1649248133\n|move|p1a: Zacian|Crunch|p2a: Corviknight\n|-damage|p2a: Corviknight|12\/281 par\n|-ability|p2a: Corviknight|Mirror Armor\n|-unboost|p1a: Zacian|def|1\n|move|p2a: Corviknight|Body Press|p1a: Zacian\n|-damage|p1a: Zacian|49\/218\n|\n|-heal|p2a: Corviknight|29\/281 par|[from] item: Leftovers\n|upkeep\n|turn|20\n|\n|t:|1649248140\n|move|p1a: Zacian|Crunch|p2a: Corviknight\n|-damage|p2a: Corviknight|0 fnt\n|faint|p2a: Corviknight\n|\n|upkeep\n|\n|t:|1649248152\n|switch|p2a: Obstagoon|Obstagoon, L80, F|280\/280\n|-damage|p2a: Obstagoon|245\/280|[from] Stealth Rock\n|turn|21\n|\n|t:|1649248156\n|move|p1a: Zacian|Play Rough|p2a: Obstagoon\n|-supereffective|p2a: Obstagoon\n|-damage|p2a: Obstagoon|0 fnt\n|faint|p2a: Obstagoon\n|\n|upkeep\n|\n|t:|1649248170\n|switch|p2a: Palossand|Palossand, L86, F|286\/286\n|-damage|p2a: Palossand|269\/286|[from] Stealth Rock\n|turn|22\n|\n|t:|1649248174\n|-start|p2a: Palossand|Dynamax|\n|-heal|p2a: Palossand|538\/572|[silent]\n|move|p1a: Zacian|Crunch|p2a: Palossand\n|-supereffective|p2a: Palossand\n|-damage|p2a: Palossand|322\/572\n|move|p2a: Palossand|Max Quake|p1a: Zacian\n|-supereffective|p1a: Zacian\n|-damage|p1a: Zacian|0 fnt\n|-boost|p2a: Palossand|spd|1\n|faint|p1a: Zacian\n|\n|-heal|p2a: Palossand|339\/572|[from] item: Leftovers\n|upkeep\n|\n|t:|1649248191\n|switch|p1a: Aerodactyl|Aerodactyl, L82, F|265\/265\n|-ability|p1a: Aerodactyl|Unnerve\n|turn|23\n|\n|t:|1649248196\n|switch|p1a: Greedent|Greedent, L84, M|339\/339\n|-damage|p1a: Greedent|283\/339|[from] Spikes\n|move|p2a: Palossand|Max Phantasm|p1a: Greedent\n|-immune|p1a: Greedent\n|\n|-heal|p2a: Palossand|356\/572|[from] item: Leftovers\n|upkeep\n|turn|24\n|\n|t:|1649248207\n|move|p2a: Palossand|Max Phantasm|p1a: Greedent\n|-immune|p1a: Greedent\n|move|p1a: Greedent|Earthquake|p2a: Palossand\n|-damage|p2a: Palossand|298\/572\n|\n|-heal|p2a: Palossand|315\/572|[from] item: Leftovers\n|-end|p2a: Palossand|Dynamax\n|-heal|p2a: Palossand|158\/286|[silent]\n|upkeep\n|turn|25\n|\n|t:|1649248215\n|move|p2a: Palossand|Shore Up|p2a: Palossand\n|-heal|p2a: Palossand|286\/286\n|move|p1a: Greedent|Swords Dance|p1a: Greedent\n|-boost|p1a: Greedent|atk|2\n|\n|upkeep\n|turn|26\n|\n|t:|1649248219\n|move|p2a: Palossand|Toxic|p1a: Greedent\n|-status|p1a: Greedent|tox\n|move|p1a: Greedent|Swords Dance|p1a: Greedent\n|-boost|p1a: Greedent|atk|2\n|\n|-damage|p1a: Greedent|262\/339 tox|[from] psn\n|upkeep\n|turn|27\n|\n|t:|1649248232\n|switch|p2a: Falinks|Falinks, L84|246\/246\n|-damage|p2a: Falinks|231\/246|[from] Stealth Rock\n|move|p1a: Greedent|Earthquake|p2a: Falinks\n|-damage|p2a: Falinks|27\/246\n|\n|-damage|p1a: Greedent|220\/339 tox|[from] psn\n|upkeep\n|turn|28\n|\n|t:|1649248241\n|move|p2a: Falinks|Close Combat|p1a: Greedent\n|-supereffective|p1a: Greedent\n|-damage|p1a: Greedent|0 fnt\n|-unboost|p2a: Falinks|def|1\n|-unboost|p2a: Falinks|spd|1\n|faint|p1a: Greedent\n|-damage|p2a: Falinks|3\/246|[from] item: Life Orb\n|\n|upkeep\n|\n|t:|1649248245\n|switch|p1a: Aerodactyl|Aerodactyl, L82, F|265\/265\n|-ability|p1a: Aerodactyl|Unnerve\n|turn|29\n|\n|t:|1649248253\n|move|p1a: Aerodactyl|Hone Claws|p1a: Aerodactyl\n|-boost|p1a: Aerodactyl|atk|1\n|-boost|p1a: Aerodactyl|accuracy|1\n|move|p2a: Falinks|Rock Slide|p1a: Aerodactyl\n|-supereffective|p1a: Aerodactyl\n|-damage|p1a: Aerodactyl|73\/265\n|-damage|p2a: Falinks|0 fnt|[from] item: Life Orb\n|faint|p2a: Falinks\n|\n|upkeep\n|\n|t:|1649248257\n|switch|p2a: Palossand|Palossand, L86, F|286\/286\n|-damage|p2a: Palossand|269\/286|[from] Stealth Rock\n|turn|30\n|\n|t:|1649248263\n|-start|p1a: Aerodactyl|Dynamax|\n|-heal|p1a: Aerodactyl|146\/530|[silent]\n|move|p1a: Aerodactyl|Max Airstream|p2a: Palossand\n|-damage|p2a: Palossand|97\/286\n|-boost|p1a: Aerodactyl|spe|1\n|move|p2a: Palossand|Shadow Ball|p1a: Aerodactyl\n|-damage|p1a: Aerodactyl|41\/530\n|\n|-heal|p2a: Palossand|114\/286|[from] item: Leftovers\n|upkeep\n|turn|31\n|\n|t:|1649248274\n|move|p1a: Aerodactyl|Max Airstream|p2a: Palossand\n|-damage|p2a: Palossand|0 fnt\n|-boost|p1a: Aerodactyl|spe|1\n|faint|p2a: Palossand\n|\n|upkeep\n|\n|t:|1649248279\n|switch|p2a: Clawitzer|Clawitzer, L84, M|176\/256 tox\n|-damage|p2a: Clawitzer|144\/256 tox|[from] Stealth Rock\n|turn|32\n|\n|t:|1649248287\n|move|p1a: Aerodactyl|Max Airstream|p2a: Clawitzer\n|-damage|p2a: Clawitzer|0 fnt\n|-boost|p1a: Aerodactyl|spe|1\n|faint|p2a: Clawitzer\n|\n|win|BestWishesFan\n|raw|BestWishesFan's rating: 1763 &rarr; <strong>1783<\/strong><br \/>(+20 for winning)\n|raw|Bloody Busybody's rating: 1765 &rarr; <strong>1745<\/strong><br \/>(-20 for losing)\n|l|\u2606Bloody Busybody\n|c|\u2606BestWishesFan|ur not very good\n","inputlog":">version 0162639e2be10fee1f1935f037788d778e37d0f7\n>start {\"formatid\":\"gen8randombattle\",\"seed\":[45775,46080,47711,6870],\"rated\":\"Rated battle\"}\n>player p1 {\"name\":\"BestWishesFan\",\"avatar\":\"266\",\"rating\":1763,\"seed\":[42294,41402,55478,56244]}\n>player p2 {\"name\":\"Bloody Busybody\",\"avatar\":\"bugcatcher\",\"rating\":1765,\"seed\":[18931,5313,16653,48937]}\n>p1 switch 5\n>p2 move thunderwave\n>p1 move thunderwave\n>p2 move spikes\n>p1 move scald\n>p2 move spikes\n>chat \u2606BestWishesFan|lol\n>p1 move scald\n>p2 move spikes\n>p1 switch 5\n>p2 move spikes\n>p1 move earthquake\n>p2 move thunderwave\n>p1 move earthquake\n>p2 move thunderwave\n>p2 switch 2\n>p1 move shellsmash\n>p2 move bodypress\n>p1 move liquidation\n>p2 move bodypress\n>p1 switch 6\n>p1 move taunt\n>p2 move bodypress\n>p1 move stealthrock\n>p2 switch 5\n>p1 switch 5\n>p2 move waterpulse\n>p1 move thunderwave\n>p2 switch 5\n>p1 switch 5\n>p2 move roost\n>p1 move toxic\n>p2 switch 5\n>p1 switch 5\n>p2 move darkpulse\n>p1 switch 3\n>p1 move swordsdance\n>p2 switch 5\n>p1 move playrough\n>p2 move bodypress\n>p1 move crunch\n>p2 move bodypress\n>p1 move crunch\n>p2 move bodypress\n>p2 switch 6\n>p1 move playrough\n>p2 move closecombat\n>p2 switch 4\n>p1 move crunch\n>p2 move earthpower dynamax\n>p1 switch 2\n>p1 switch 4\n>p2 move shadowball dynamax\n>p1 move earthquake\n>p2 move shadowball dynamax\n>p1 move swordsdance\n>p2 move shoreup\n>p1 move swordsdance\n>p2 move toxic\n>p1 move earthquake\n>p2 switch 3\n>p1 move bodyslam\n>p2 move closecombat\n>p1 switch 4\n>p1 move honeclaws\n>p2 move rockslide\n>p2 switch 3\n>p1 move dualwingbeat dynamax\n>p2 move shadowball\n>p1 move dualwingbeat dynamax\n>p2 move shoreup\n>p2 switch 5\n>p1 move dualwingbeat dynamax\n>p2 move waterpulse","uploadtime":1649248301,"views":8,"p1id":"bestwishesfan","p2id":"bloodybusybody","formatid":"gen8randombattle","rating":1745,"private":0,"password":null}