{"id":"gen8nationaldex-1519078043","p1":"Speectrum","p2":"tanishq1","format":"gen8nationaldex","log":"|html|<div class=\"broadcast-blue\"><strong>[Gen 8] National Dex is currently suspecting Dragapult! For information on how to participate check out the <a href=\"https:\/\/www.smogon.com\/forums\/threads\/national-dex-suspect-test-14-ghost-girl.3697927\/\">suspect thread<\/a>.<\/strong><\/div>\n|j|\u2606Speectrum\n|j|\u2606tanishq1\n|t:|1645857763\n|gametype|singles\n|player|p1|Speectrum|veteran|1463\n|player|p2|tanishq1|102|1724\n|teamsize|p1|6\n|teamsize|p2|6\n|gen|8\n|tier|[Gen 8] National Dex\n|rated|\n|rule|HP Percentage Mod: HP is shown in percentages\n|rule|Endless Battle Clause: Forcing endless battles is banned\n|rule|OHKO Clause: OHKO moves are banned\n|rule|Evasion Moves Clause: Evasion moves are banned\n|rule|Species Clause: Limit one of each Pok\u00e9mon\n|rule|Dynamax Clause: You cannot dynamax\n|rule|Sleep Clause Mod: Limit one foe put to sleep\n|clearpoke\n|poke|p1|Dragapult, M|\n|poke|p1|Aegislash, M|\n|poke|p1|Lopunny, M|\n|poke|p1|Zapdos|\n|poke|p1|Ferrothorn, F|\n|poke|p1|Clefable, M|\n|poke|p2|Dragapult, F|\n|poke|p2|Kartana|\n|poke|p2|Heatran, F|\n|poke|p2|Tapu Lele|\n|poke|p2|Landorus-Therian, M|\n|poke|p2|Mawile, F|\n|teampreview\n|inactive|Battle timer is ON: inactive players will automatically lose when time's up. (requested by tanishq1)\n|\n|t:|1645857793\n|start\n|switch|p1a: Aegislash|Aegislash, M|100\/100\n|switch|p2a: Landorus|Landorus-Therian, M|100\/100\n|-ability|p2a: Landorus|Intimidate|boost\n|-unboost|p1a: Aegislash|atk|1\n|-item|p1a: Aegislash|Air Balloon\n|turn|1\n|\n|t:|1645857798\n|switch|p1a: Zapdos|Zapdos|100\/100\n|-ability|p1a: Zapdos|Pressure\n|move|p2a: Landorus|Stealth Rock|p1a: Zapdos\n|-sidestart|p1: Speectrum|move: Stealth Rock\n|\n|upkeep\n|turn|2\n|\n|t:|1645857801\n|move|p2a: Landorus|Hidden Power|p1a: Zapdos\n|-supereffective|p1a: Zapdos\n|-crit|p1a: Zapdos\n|-damage|p1a: Zapdos|66\/100\n|move|p1a: Zapdos|Hidden Power|p2a: Landorus\n|-supereffective|p2a: Landorus\n|-damage|p2a: Landorus|6\/100\n|\n|upkeep\n|turn|3\n|\n|t:|1645857808\n|move|p2a: Landorus|Hidden Power|p1a: Zapdos\n|-supereffective|p1a: Zapdos\n|-damage|p1a: Zapdos|39\/100\n|move|p1a: Zapdos|Roost|p1a: Zapdos\n|-heal|p1a: Zapdos|89\/100\n|-singleturn|p1a: Zapdos|move: Roost\n|\n|upkeep\n|turn|4\n|\n|t:|1645857812\n|move|p2a: Landorus|Hidden Power|p1a: Zapdos\n|-supereffective|p1a: Zapdos\n|-damage|p1a: Zapdos|65\/100\n|move|p1a: Zapdos|Hidden Power|p2a: Landorus\n|-supereffective|p2a: Landorus\n|-damage|p2a: Landorus|0 fnt\n|faint|p2a: Landorus\n|\n|upkeep\n|\n|t:|1645857817\n|switch|p2a: Heatran|Heatran, F|100\/100\n|turn|5\n|\n|t:|1645857830\n|move|p1a: Zapdos|Defog|p2a: Heatran\n|-unboost|p2a: Heatran|evasion|1\n|-sideend|p1: Speectrum|Stealth Rock|[from] move: Defog|[of] p1a: Zapdos\n|move|p2a: Heatran|Magma Storm|p1a: Zapdos\n|-damage|p1a: Zapdos|21\/100\n|-activate|p1a: Zapdos|move: Magma Storm|[of] p2a: Heatran\n|\n|-damage|p1a: Zapdos|8\/100|[from] move: Magma Storm|[partiallytrapped]\n|upkeep\n|turn|6\n|\n|t:|1645857837\n|move|p1a: Zapdos|Roost|p1a: Zapdos\n|-heal|p1a: Zapdos|58\/100\n|-singleturn|p1a: Zapdos|move: Roost\n|move|p2a: Heatran|Earth Power|p1a: Zapdos\n|-supereffective|p1a: Zapdos\n|-damage|p1a: Zapdos|4\/100\n|\n|-damage|p1a: Zapdos|0 fnt|[from] move: Magma Storm|[partiallytrapped]\n|faint|p1a: Zapdos\n|upkeep\n|\n|t:|1645857845\n|switch|p1a: Lopunny|Lopunny, M|100\/100\n|turn|7\n|\n|t:|1645857849\n|switch|p2a: Tapu Lele|Tapu Lele|100\/100\n|-fieldstart|move: Psychic Terrain|[from] ability: Psychic Surge|[of] p2a: Tapu Lele\n|detailschange|p1a: Lopunny|Lopunny-Mega, M\n|-mega|p1a: Lopunny|Lopunny|Lopunnite\n|move|p1a: Lopunny|Close Combat|p2a: Tapu Lele\n|-resisted|p2a: Tapu Lele\n|-damage|p2a: Tapu Lele|74\/100\n|-unboost|p1a: Lopunny|def|1\n|-unboost|p1a: Lopunny|spd|1\n|\n|upkeep\n|turn|8\n|\n|t:|1645857854\n|switch|p1a: Aegislash|Aegislash, M|100\/100\n|-item|p1a: Aegislash|Air Balloon\n|move|p2a: Tapu Lele|Psychic|p1a: Aegislash\n|-resisted|p1a: Aegislash\n|-damage|p1a: Aegislash|77\/100\n|-enditem|p1a: Aegislash|Air Balloon\n|\n|upkeep\n|turn|9\n|\n|t:|1645857860\n|switch|p2a: Heatran|Heatran, F|100\/100\n|-formechange|p1a: Aegislash|Aegislash-Blade||[from] ability: Stance Change\n|move|p1a: Aegislash|Shadow Claw|p2a: Heatran\n|-damage|p2a: Heatran|67\/100\n|\n|-heal|p2a: Heatran|74\/100|[from] item: Leftovers\n|upkeep\n|turn|10\n|\n|t:|1645857863\n|-formechange|p1a: Aegislash|Aegislash||[from] ability: Stance Change\n|move|p1a: Aegislash|King's Shield|p1a: Aegislash\n|-singleturn|p1a: Aegislash|Protect\n|move|p2a: Heatran|Magma Storm|p1a: Aegislash\n|-activate|p1a: Aegislash|move: Protect\n|\n|-heal|p2a: Heatran|80\/100|[from] item: Leftovers\n|upkeep\n|turn|11\n|\n|t:|1645857869\n|switch|p1a: Dragapult|Dragapult, M|100\/100\n|move|p2a: Heatran|Magma Storm|p1a: Dragapult|[miss]\n|-miss|p2a: Heatran|p1a: Dragapult\n|\n|-heal|p2a: Heatran|86\/100|[from] item: Leftovers\n|-fieldend|move: Psychic Terrain\n|upkeep\n|turn|12\n|\n|t:|1645857873\n|move|p1a: Dragapult|Shadow Ball|p2a: Heatran\n|-damage|p2a: Heatran|51\/100\n|-unboost|p2a: Heatran|spd|1\n|move|p2a: Heatran|Toxic|p1a: Dragapult\n|-status|p1a: Dragapult|tox\n|\n|-heal|p2a: Heatran|57\/100|[from] item: Leftovers\n|-damage|p1a: Dragapult|95\/100 tox|[from] psn\n|upkeep\n|turn|13\n|\n|t:|1645857880\n|move|p1a: Dragapult|Shadow Ball|p2a: Heatran\n|-damage|p2a: Heatran|10\/100\n|move|p2a: Heatran|Magma Storm|p1a: Dragapult\n|-resisted|p1a: Dragapult\n|-damage|p1a: Dragapult|63\/100 tox\n|-activate|p1a: Dragapult|move: Magma Storm|[of] p2a: Heatran\n|\n|-heal|p2a: Heatran|16\/100|[from] item: Leftovers\n|-damage|p1a: Dragapult|51\/100 tox|[from] psn\n|-damage|p1a: Dragapult|39\/100 tox|[from] move: Magma Storm|[partiallytrapped]\n|upkeep\n|turn|14\n|\n|t:|1645857897\n|move|p1a: Dragapult|Shadow Ball|p2a: Heatran\n|-damage|p2a: Heatran|0 fnt\n|faint|p2a: Heatran\n|\n|-damage|p1a: Dragapult|21\/100 tox|[from] psn\n|-end|p1a: Dragapult|Magma Storm|[partiallytrapped]|[silent]\n|upkeep\n|\n|t:|1645857900\n|switch|p2a: Tapu Lele|Tapu Lele|74\/100\n|-fieldstart|move: Psychic Terrain|[from] ability: Psychic Surge|[of] p2a: Tapu Lele\n|turn|15\n|\n|t:|1645857903\n|switch|p1a: Clefable|Clefable, M|100\/100\n|move|p2a: Tapu Lele|Hidden Power|p1a: Clefable\n|-damage|p1a: Clefable|86\/100\n|\n|-heal|p1a: Clefable|92\/100|[from] item: Leftovers\n|upkeep\n|turn|16\n|\n|t:|1645857910\n|switch|p2a: Mawile|Mawile, F|100\/100\n|-ability|p2a: Mawile|Intimidate|boost\n|-unboost|p1a: Clefable|atk|1\n|move|p1a: Clefable|Teleport|p1a: Clefable\n|\n|t:|1645857912\n|switch|p1a: Lopunny|Lopunny-Mega, M|100\/100|[from]move: Teleport\n|\n|upkeep\n|turn|17\n|\n|t:|1645857917\n|detailschange|p2a: Mawile|Mawile-Mega, F\n|-mega|p2a: Mawile|Mawile|Mawilite\n|move|p1a: Lopunny|Close Combat|p2a: Mawile\n|-damage|p2a: Mawile|29\/100\n|-unboost|p1a: Lopunny|def|1\n|-unboost|p1a: Lopunny|spd|1\n|move|p2a: Mawile|Substitute|p2a: Mawile\n|-start|p2a: Mawile|Substitute\n|-damage|p2a: Mawile|4\/100\n|\n|upkeep\n|turn|18\n|\n|t:|1645857921\n|-singleturn|p2a: Mawile|move: Focus Punch\n|move|p1a: Lopunny|Close Combat|p2a: Mawile\n|-crit|p2a: Mawile\n|-end|p2a: Mawile|Substitute\n|-unboost|p1a: Lopunny|def|1\n|-unboost|p1a: Lopunny|spd|1\n|move|p2a: Mawile|Focus Punch|p1a: Lopunny\n|-supereffective|p1a: Lopunny\n|-damage|p1a: Lopunny|0 fnt\n|faint|p1a: Lopunny\n|\n|upkeep\n|\n|t:|1645857925\n|switch|p1a: Dragapult|Dragapult, M|21\/100 tox\n|turn|19\n|\n|t:|1645857929\n|move|p1a: Dragapult|U-turn|p2a: Mawile\n|-resisted|p2a: Mawile\n|-damage|p2a: Mawile|0 fnt\n|faint|p2a: Mawile\n|\n|t:|1645857936\n|switch|p1a: Aegislash|Aegislash, M|77\/100|[from]move: U-turn\n|\n|-fieldend|move: Psychic Terrain\n|upkeep\n|\n|t:|1645857941\n|switch|p2a: Dragapult|Dragapult, F|100\/100\n|turn|20\n|\n|t:|1645857946\n|move|p2a: Dragapult|Dragon Dance|p2a: Dragapult\n|-boost|p2a: Dragapult|atk|1\n|-boost|p2a: Dragapult|spe|1\n|-formechange|p1a: Aegislash|Aegislash-Blade||[from] ability: Stance Change\n|move|p1a: Aegislash|Shadow Claw|p2a: Dragapult\n|-supereffective|p2a: Dragapult\n|-crit|p2a: Dragapult\n|-damage|p2a: Dragapult|0 fnt\n|faint|p2a: Dragapult\n|\n|upkeep\n|\n|t:|1645857949\n|switch|p2a: Kartana|Kartana|100\/100\n|turn|21\n|\n|t:|1645857951\n|-formechange|p1a: Aegislash|Aegislash||[from] ability: Stance Change\n|move|p1a: Aegislash|King's Shield|p1a: Aegislash\n|-singleturn|p1a: Aegislash|Protect\n|move|p2a: Kartana|Swords Dance|p2a: Kartana\n|-boost|p2a: Kartana|atk|2\n|\n|upkeep\n|turn|22\n|\n|t:|1645857958\n|switch|p1a: Ferrothorn|Ferrothorn, F|100\/100\n|move|p2a: Kartana|Leaf Blade|p1a: Ferrothorn\n|-resisted|p1a: Ferrothorn\n|-damage|p1a: Ferrothorn|84\/100\n|-damage|p2a: Kartana|88\/100|[from] ability: Iron Barbs|[of] p1a: Ferrothorn\n|-damage|p2a: Kartana|78\/100|[from] item: Life Orb\n|\n|-heal|p1a: Ferrothorn|90\/100|[from] item: Leftovers\n|upkeep\n|turn|23\n|\n|t:|1645857961\n|move|p2a: Kartana|Sacred Sword|p1a: Ferrothorn\n|-supereffective|p1a: Ferrothorn\n|-damage|p1a: Ferrothorn|2\/100\n|-damage|p2a: Kartana|66\/100|[from] ability: Iron Barbs|[of] p1a: Ferrothorn\n|-damage|p2a: Kartana|56\/100|[from] item: Life Orb\n|move|p1a: Ferrothorn|Body Press|p2a: Kartana\n|-supereffective|p2a: Kartana\n|-damage|p2a: Kartana|0 fnt\n|faint|p2a: Kartana\n|\n|-heal|p1a: Ferrothorn|8\/100|[from] item: Leftovers\n|upkeep\n|\n|t:|1645857965\n|switch|p2a: Tapu Lele|Tapu Lele|74\/100\n|-fieldstart|move: Psychic Terrain|[from] ability: Psychic Surge|[of] p2a: Tapu Lele\n|turn|24\n|\n|t:|1645857968\n|move|p2a: Tapu Lele|Psychic|p1a: Ferrothorn\n|-resisted|p1a: Ferrothorn\n|-damage|p1a: Ferrothorn|0 fnt\n|faint|p1a: Ferrothorn\n|\n|upkeep\n|\n|t:|1645857970\n|switch|p1a: Aegislash|Aegislash, M|77\/100\n|turn|25\n|\n|t:|1645857972\n|move|p2a: Tapu Lele|Psychic|p1a: Aegislash\n|-resisted|p1a: Aegislash\n|-damage|p1a: Aegislash|52\/100\n|-formechange|p1a: Aegislash|Aegislash-Blade||[from] ability: Stance Change\n|move|p1a: Aegislash|Shadow Claw|p2a: Tapu Lele\n|-supereffective|p2a: Tapu Lele\n|-damage|p2a: Tapu Lele|0 fnt\n|faint|p2a: Tapu Lele\n|\n|win|Speectrum\n|raw|Speectrum's rating: 1463 &rarr; <strong>1496<\/strong><br \/>(+33 for winning)\n|raw|tanishq1's rating: 1724 &rarr; <strong>1691<\/strong><br \/>(-33 for losing)\n|c|\u2606Speectrum|gg\n|l|\u2606tanishq1\n","uploadtime":1645857979,"views":34,"p1id":"speectrum","p2id":"tanishq1","formatid":"gen8nationaldex","rating":1496,"private":0,"password":null}