{"id":"gen8monotype-1493035773","p1":"Call me Ishmal","p2":"xasahbae","format":"gen8monotype","log":"|j|\u2606Call me Ishmal\n|j|\u2606xasahbae\n|inactive|Battle timer is ON: inactive players will automatically lose when time's up.\n|t:|1642410998\n|gametype|singles\n|player|p1|Call me Ishmal|li|\n|player|p2|xasahbae|beauty-gen7|\n|teamsize|p1|6\n|teamsize|p2|6\n|gen|8\n|tier|[Gen 8] Monotype\n|rated|Tournament battle\n|rule|Same Type Clause: Pok\u00e9mon in a team must share a type\n|rule|Sleep Clause Mod: Limit one foe put to sleep\n|rule|Species Clause: Limit one of each Pok\u00e9mon\n|rule|OHKO Clause: OHKO moves are banned\n|rule|Evasion Moves Clause: Evasion moves are banned\n|rule|Endless Battle Clause: Forcing endless battles is banned\n|rule|HP Percentage Mod: HP is shown in percentages\n|rule|Dynamax Clause: You cannot dynamax\n|clearpoke\n|poke|p1|Mimikyu, F|\n|poke|p1|Azumarill, F|\n|poke|p1|Clefable, F|\n|poke|p1|Klefki, M|\n|poke|p1|Tapu Bulu|\n|poke|p1|Tapu Koko|\n|poke|p2|Heatran, M|\n|poke|p2|Celesteela|\n|poke|p2|Aegislash, F|\n|poke|p2|Excadrill, M|\n|poke|p2|Jirachi|\n|poke|p2|Ferrothorn, M|\n|teampreview\n|j|*Lady Monita \u2744\n|j| Helix Lord\n|j| kehekuhau\n|inactive|Call me Ishmal has 120 seconds left.\n|c|\u2606Call me Ishmal|and im to believe this is a coincidence lol\n|c|\u2606Call me Ishmal|scouted 100%\n|c|\u2606Call me Ishmal|w\/e\n|l| kehekuhau\n|\n|t:|1642411057\n|start\n|switch|p1a: Klefki|Klefki, M|100\/100\n|switch|p2a: Excadrill|Excadrill, M|100\/100\n|-ability|p2a: Excadrill|Mold Breaker\n|turn|1\n|c|\u2606xasahbae|are you dumb? lol\n|inactive|xasahbae has 120 seconds left.\n|\n|t:|1642411088\n|move|p1a: Klefki|Reflect|p1a: Klefki\n|-sidestart|p1: Call me Ishmal|Reflect\n|move|p2a: Excadrill|Earthquake|p1a: Klefki\n|-supereffective|p1a: Klefki\n|-damage|p1a: Klefki|56\/100\n|\n|upkeep\n|turn|2\n|c|\u2606Call me Ishmal|bruz\n|c|\u2606Call me Ishmal|i know you did\n|inactive|xasahbae has 120 seconds left.\n|c|\u2606xasahbae|yeah\n|c|\u2606Call me Ishmal|hop on the phone using a diff IP\n|c|\u2606xasahbae|yeah\n|c|\u2606Call me Ishmal|look at my last game\n|c|\u2606xasahbae|yeah\n|c|\u2606Call me Ishmal|pop your bad steel team in\n|c|\u2606Call me Ishmal|lols\n|c|\u2606xasahbae|yeah\n|inactive|Call me Ishmal has 120 seconds left.\n|\n|t:|1642411120\n|switch|p1a: Tapu Bulu|Tapu Bulu|100\/100\n|-fieldstart|move: Grassy Terrain|[from] ability: Grassy Surge|[of] p1a: Tapu Bulu\n|move|p2a: Excadrill|Earthquake|p1a: Tapu Bulu\n|-resisted|p1a: Tapu Bulu\n|-damage|p1a: Tapu Bulu|93\/100\n|\n|-heal|p1a: Tapu Bulu|99\/100|[from] Grassy Terrain\n|upkeep\n|turn|3\n|\n|t:|1642411125\n|switch|p2a: Celesteela|Celesteela|100\/100\n|move|p1a: Tapu Bulu|Superpower|p2a: Celesteela\n|-damage|p2a: Celesteela|75\/100\n|-unboost|p1a: Tapu Bulu|atk|1\n|-unboost|p1a: Tapu Bulu|def|1\n|\n|-heal|p1a: Tapu Bulu|100\/100|[from] Grassy Terrain\n|-heal|p2a: Celesteela|81\/100|[from] item: Leftovers\n|upkeep\n|turn|4\n|\n|t:|1642411133\n|switch|p1a: Tapu Koko|Tapu Koko|100\/100\n|-fieldstart|move: Electric Terrain|[from] ability: Electric Surge|[of] p1a: Tapu Koko\n|move|p2a: Celesteela|Heavy Slam|p1a: Tapu Koko\n|-damage|p1a: Tapu Koko|70\/100\n|\n|-heal|p2a: Celesteela|87\/100|[from] item: Leftovers\n|upkeep\n|turn|5\n|inactive|xasahbae has 120 seconds left.\n|\n|t:|1642411143\n|move|p2a: Celesteela|Protect|p2a: Celesteela\n|-singleturn|p2a: Celesteela|Protect\n|move|p1a: Tapu Koko|Volt Switch|p2a: Celesteela\n|-activate|p2a: Celesteela|move: Protect\n|\n|-heal|p2a: Celesteela|93\/100|[from] item: Leftovers\n|upkeep\n|turn|6\n|\n|t:|1642411148\n|switch|p1a: Azumarill|Azumarill, F|100\/100\n|switch|p2a: Excadrill|Excadrill, M|100\/100\n|-ability|p2a: Excadrill|Mold Breaker\n|\n|upkeep\n|turn|7\n|\n|t:|1642411153\n|move|p2a: Excadrill|Toxic|p1a: Azumarill\n|-status|p1a: Azumarill|tox\n|move|p1a: Azumarill|Belly Drum|p1a: Azumarill\n|-damage|p1a: Azumarill|50\/100 tox\n|-setboost|p1a: Azumarill|atk|6|[from] move: Belly Drum\n|-enditem|p1a: Azumarill|Sitrus Berry|[eat]\n|-heal|p1a: Azumarill|75\/100 tox|[from] item: Sitrus Berry\n|\n|-damage|p1a: Azumarill|69\/100 tox|[from] psn\n|upkeep\n|turn|8\n|\n|t:|1642411162\n|switch|p2a: Ferrothorn|Ferrothorn, M|100\/100\n|move|p1a: Azumarill|Aqua Jet|p2a: Ferrothorn\n|-resisted|p2a: Ferrothorn\n|-damage|p2a: Ferrothorn|71\/100\n|-damage|p1a: Azumarill|57\/100 tox|[from] ability: Iron Barbs|[of] p2a: Ferrothorn\n|\n|-heal|p2a: Ferrothorn|77\/100|[from] item: Leftovers\n|-damage|p1a: Azumarill|45\/100 tox|[from] psn\n|-sideend|p1: Call me Ishmal|Reflect\n|-fieldend|move: Electric Terrain\n|upkeep\n|turn|9\n|\n|t:|1642411168\n|move|p2a: Ferrothorn|Protect|p2a: Ferrothorn\n|-singleturn|p2a: Ferrothorn|Protect\n|move|p1a: Azumarill|Knock Off|p2a: Ferrothorn\n|-activate|p2a: Ferrothorn|move: Protect\n|\n|-heal|p2a: Ferrothorn|83\/100|[from] item: Leftovers\n|-damage|p1a: Azumarill|26\/100 tox|[from] psn\n|upkeep\n|turn|10\n|\n|t:|1642411172\n|move|p2a: Ferrothorn|Protect||[still]\n|-fail|p2a: Ferrothorn\n|move|p1a: Azumarill|Knock Off|p2a: Ferrothorn\n|-damage|p2a: Ferrothorn|0 fnt\n|-damage|p1a: Azumarill|14\/100 tox|[from] ability: Iron Barbs|[of] p2a: Ferrothorn\n|-enditem|p2a: Ferrothorn|Leftovers|[from] move: Knock Off|[of] p1a: Azumarill\n|faint|p2a: Ferrothorn\n|\n|-damage|p1a: Azumarill|0 fnt|[from] psn\n|faint|p1a: Azumarill\n|upkeep\n|\n|t:|1642411178\n|switch|p1a: Klefki|Klefki, M|56\/100\n|switch|p2a: Excadrill|Excadrill, M|100\/100\n|-ability|p2a: Excadrill|Mold Breaker\n|turn|11\n|\n|t:|1642411187\n|move|p1a: Klefki|Reflect|p1a: Klefki\n|-sidestart|p1: Call me Ishmal|Reflect\n|move|p2a: Excadrill|Earthquake|p1a: Klefki\n|-supereffective|p1a: Klefki\n|-damage|p1a: Klefki|8\/100\n|\n|upkeep\n|turn|12\n|\n|t:|1642411190\n|switch|p1a: Tapu Bulu|Tapu Bulu|100\/100\n|-fieldstart|move: Grassy Terrain|[from] ability: Grassy Surge|[of] p1a: Tapu Bulu\n|move|p2a: Excadrill|Iron Head|p1a: Tapu Bulu\n|-supereffective|p1a: Tapu Bulu\n|-damage|p1a: Tapu Bulu|50\/100\n|\n|-heal|p1a: Tapu Bulu|57\/100|[from] Grassy Terrain\n|upkeep\n|turn|13\n|\n|t:|1642411195\n|switch|p1a: Tapu Koko|Tapu Koko|70\/100\n|-fieldstart|move: Electric Terrain|[from] ability: Electric Surge|[of] p1a: Tapu Koko\n|switch|p2a: Celesteela|Celesteela|93\/100\n|\n|-heal|p2a: Celesteela|99\/100|[from] item: Leftovers\n|upkeep\n|turn|14\n|\n|t:|1642411201\n|switch|p1a: Clefable|Clefable, F|100\/100\n|move|p2a: Celesteela|Protect||[still]\n|-fail|p2a: Celesteela\n|\n|-heal|p2a: Celesteela|100\/100|[from] item: Leftovers\n|upkeep\n|turn|15\n|j| YoungSimbaNYC\n|\n|t:|1642411209\n|switch|p1a: Tapu Bulu|Tapu Bulu|57\/100\n|-fieldstart|move: Grassy Terrain|[from] ability: Grassy Surge|[of] p1a: Tapu Bulu\n|move|p2a: Celesteela|Heavy Slam|p1a: Tapu Bulu\n|-supereffective|p1a: Tapu Bulu\n|-damage|p1a: Tapu Bulu|9\/100\n|\n|-heal|p1a: Tapu Bulu|15\/100|[from] Grassy Terrain\n|upkeep\n|turn|16\n|c|\u2606Call me Ishmal|enjoy your next scout\n|c|\u2606Call me Ishmal|smh\n|c|\u2606Call me Ishmal|what a joke\n|c|\u2606xasahbae|gg\n|-message|Call me Ishmal forfeited.\n|\n|win|xasahbae\n|n|\u2606Call me Ishmal|callmeishmal\n|n|\u2606xasahbae|xasahbae\n|n|*Lady Monita \u2744|ladymonita\n|n| Helix Lord|helixlord\n|n| YoungSimbaNYC|youngsimbanyc\n|l|*Lady Monita \u2744\n|l|\u2606Call me Ishmal\n|c| Helix Lord|lol\n|c|\u2606xasahbae|complaining in monotype\n|c| Helix Lord|what was with him\n|c|\u2606xasahbae|just a salty bitch\n","uploadtime":1642411241,"views":9,"p1id":"callmeishmal","p2id":"xasahbae","formatid":"gen8monotype","rating":0,"private":0,"password":null}