{"id":"gen8nationaldex-1588172797","p1":"Sir Fresh","p2":"Rainer2424","format":"gen8nationaldex","log":"|j|\u2606Sir Fresh\n|j|\u2606Rainer2424\n|t:|1654224273\n|gametype|singles\n|player|p1|Sir Fresh|palmer|\n|player|p2|Rainer2424|volkner|\n|teamsize|p1|6\n|teamsize|p2|6\n|gen|8\n|tier|[Gen 8] National Dex\n|rule|HP Percentage Mod: HP is shown in percentages\n|rule|Endless Battle Clause: Forcing endless battles is banned\n|rule|OHKO Clause: OHKO moves are banned\n|rule|Evasion Moves Clause: Evasion moves are banned\n|rule|Species Clause: Limit one of each Pok\u00e9mon\n|rule|Dynamax Clause: You cannot dynamax\n|rule|Sleep Clause Mod: Limit one foe put to sleep\n|clearpoke\n|poke|p1|Sceptile, M|\n|poke|p1|Blaziken, M|\n|poke|p1|Swampert, M|\n|poke|p1|Gardevoir, F|\n|poke|p1|Metagross|\n|poke|p1|Milotic, F|\n|poke|p2|Blaziken, F|\n|poke|p2|Sceptile, F|\n|poke|p2|Salamence, M|\n|poke|p2|Jirachi|\n|poke|p2|Swampert, F|\n|poke|p2|Sableye, F|\n|teampreview\n|c|\u2606Sir Fresh|Glhf\n|\n|t:|1654224306\n|start\n|switch|p1a: Sceptile|Sceptile, M|100\/100\n|switch|p2a: Jirachi|Jirachi|100\/100\n|turn|1\n|\n|t:|1654224328\n|move|p1a: Sceptile|Earthquake|p2a: Jirachi\n|-supereffective|p2a: Jirachi\n|-damage|p2a: Jirachi|51\/100\n|move|p2a: Jirachi|U-turn|p1a: Sceptile\n|-supereffective|p1a: Sceptile\n|-damage|p1a: Sceptile|49\/100\n|c|\u2606Rainer2424|U2\n|\n|t:|1654224341\n|switch|p2a: Salamence|Salamence, M|100\/100|[from]move: U-turn\n|\n|upkeep\n|turn|2\n|\n|t:|1654224354\n|switch|p1a: Milotic|Milotic, F|100\/100\n|move|p2a: Salamence|Earthquake|p1a: Milotic\n|-damage|p1a: Milotic|73\/100\n|\n|-status|p1a: Milotic|brn|[from] item: Flame Orb\n|upkeep\n|turn|3\n|\n|t:|1654224367\n|switch|p2a: Sableye|Sableye, F|100\/100\n|move|p1a: Milotic|Scald|p2a: Sableye\n|-damage|p2a: Sableye|69\/100\n|\n|-damage|p1a: Milotic|67\/100 brn|[from] brn\n|upkeep\n|turn|4\n|\n|t:|1654224378\n|detailschange|p2a: Sableye|Sableye-Mega, F\n|-mega|p2a: Sableye|Sableye|Sablenite\n|move|p1a: Milotic|Scald|p2a: Sableye\n|-damage|p2a: Sableye|50\/100\n|move|p2a: Sableye|Recover|p2a: Sableye\n|-heal|p2a: Sableye|99\/100\n|\n|-damage|p1a: Milotic|61\/100 brn|[from] brn\n|upkeep\n|turn|5\n|\n|t:|1654224385\n|move|p1a: Milotic|Scald|p2a: Sableye\n|-damage|p2a: Sableye|80\/100\n|move|p2a: Sableye|Calm Mind|p2a: Sableye\n|-boost|p2a: Sableye|spa|1\n|-boost|p2a: Sableye|spd|1\n|\n|-damage|p1a: Milotic|55\/100 brn|[from] brn\n|upkeep\n|turn|6\n|\n|t:|1654224401\n|move|p1a: Milotic|Scald|p2a: Sableye\n|-damage|p2a: Sableye|67\/100\n|-status|p2a: Sableye|brn\n|move|p2a: Sableye|Shadow Ball|p1a: Milotic\n|-damage|p1a: Milotic|29\/100 brn\n|\n|-damage|p1a: Milotic|23\/100 brn|[from] brn\n|-damage|p2a: Sableye|61\/100 brn|[from] brn\n|upkeep\n|turn|7\n|\n|t:|1654224407\n|move|p1a: Milotic|Recover|p1a: Milotic\n|-heal|p1a: Milotic|73\/100 brn\n|move|p2a: Sableye|Shadow Ball|p1a: Milotic\n|-damage|p1a: Milotic|45\/100 brn\n|\n|-damage|p1a: Milotic|39\/100 brn|[from] brn\n|-damage|p2a: Sableye|55\/100 brn|[from] brn\n|upkeep\n|turn|8\n|\n|t:|1654224411\n|move|p1a: Milotic|Recover|p1a: Milotic\n|-heal|p1a: Milotic|89\/100 brn\n|move|p2a: Sableye|Shadow Ball|p1a: Milotic\n|-damage|p1a: Milotic|63\/100 brn\n|\n|-damage|p1a: Milotic|57\/100 brn|[from] brn\n|-damage|p2a: Sableye|49\/100 brn|[from] brn\n|upkeep\n|turn|9\n|\n|t:|1654224417\n|move|p1a: Milotic|Recover|p1a: Milotic\n|-heal|p1a: Milotic|100\/100 brn\n|move|p2a: Sableye|Recover|p2a: Sableye\n|-heal|p2a: Sableye|99\/100 brn\n|\n|-damage|p1a: Milotic|94\/100 brn|[from] brn\n|-damage|p2a: Sableye|93\/100 brn|[from] brn\n|upkeep\n|turn|10\n|\n|t:|1654224424\n|move|p1a: Milotic|Haze|p1a: Milotic\n|-clearallboost\n|move|p2a: Sableye|Shadow Ball|p1a: Milotic\n|-damage|p1a: Milotic|78\/100 brn\n|\n|-damage|p1a: Milotic|72\/100 brn|[from] brn\n|-damage|p2a: Sableye|87\/100 brn|[from] brn\n|upkeep\n|turn|11\n|\n|t:|1654224430\n|switch|p1a: Sceptile|Sceptile, M|49\/100\n|move|p2a: Sableye|Calm Mind|p2a: Sableye\n|-boost|p2a: Sableye|spa|1\n|-boost|p2a: Sableye|spd|1\n|\n|-damage|p2a: Sableye|81\/100 brn|[from] brn\n|upkeep\n|turn|12\n|\n|t:|1654224436\n|move|p1a: Sceptile|Swords Dance|p1a: Sceptile\n|-boost|p1a: Sceptile|atk|2\n|move|p2a: Sableye|Will-O-Wisp|p1a: Sceptile\n|-status|p1a: Sceptile|brn\n|-enditem|p1a: Sceptile|Lum Berry|[eat]\n|-curestatus|p1a: Sceptile|brn|[msg]\n|\n|-damage|p2a: Sableye|75\/100 brn|[from] brn\n|upkeep\n|turn|13\n|\n|t:|1654224446\n|switch|p2a: Salamence|Salamence, M|100\/100\n|move|p1a: Sceptile|Leaf Blade|p2a: Salamence\n|-resisted|p2a: Salamence\n|-crit|p2a: Salamence\n|-damage|p2a: Salamence|65\/100\n|\n|upkeep\n|turn|14\n|\n|t:|1654224454\n|move|p1a: Sceptile|Outrage|p2a: Salamence\n|-supereffective|p2a: Salamence\n|-damage|p2a: Salamence|0 fnt\n|faint|p2a: Salamence\n|\n|upkeep\n|c|\u2606Rainer2424|Unburden\n|c|\u2606Rainer2424|My bad\n|\n|t:|1654224474\n|switch|p2a: Jirachi|Jirachi|51\/100\n|turn|15\n|\n|t:|1654224477\n|move|p1a: Sceptile|Outrage|p2a: Jirachi|[from]lockedmove\n|-resisted|p2a: Jirachi\n|-damage|p2a: Jirachi|21\/100\n|-start|p1a: Sceptile|confusion|[fatigue]\n|move|p2a: Jirachi|U-turn|p1a: Sceptile\n|-supereffective|p1a: Sceptile\n|-damage|p1a: Sceptile|0 fnt\n|faint|p1a: Sceptile\n|\n|t:|1654224484\n|switch|p2a: Swampert|Swampert, F|100\/100|[from]move: U-turn\n|\n|upkeep\n|\n|t:|1654224499\n|switch|p1a: Gardevoir|Gardevoir, F|100\/100\n|-ability|p1a: Gardevoir|Torrent|[from] ability: Trace|[of] p2a: Swampert\n|turn|16\n|\n|t:|1654224517\n|switch|p2a: Sceptile|Sceptile, F|100\/100\n|detailschange|p1a: Gardevoir|Gardevoir-Mega, F\n|-mega|p1a: Gardevoir|Gardevoir|Gardevoirite\n|move|p1a: Gardevoir|Hyper Voice|p2a: Sceptile\n|-damage|p2a: Sceptile|15\/100\n|-enditem|p2a: Sceptile|Liechi Berry|[eat]\n|-boost|p2a: Sceptile|atk|1|[from] item: Liechi Berry\n|\n|upkeep\n|turn|17\n|\n|t:|1654224527\n|switch|p1a: Metagross|Metagross|100\/100\n|move|p2a: Sceptile|Endeavor|p1a: Metagross\n|-damage|p1a: Metagross|11\/100\n|-damage|p2a: Sceptile|0 fnt|[from] item: Rocky Helmet|[of] p1a: Metagross\n|faint|p2a: Sceptile\n|\n|upkeep\n|\n|t:|1654224536\n|switch|p2a: Blaziken|Blaziken, F|100\/100\n|turn|18\n|\n|t:|1654224571\n|move|p2a: Blaziken|Protect|p2a: Blaziken\n|-singleturn|p2a: Blaziken|Protect\n|move|p1a: Metagross|Earthquake|p2a: Blaziken\n|-activate|p2a: Blaziken|move: Protect\n|\n|-ability|p2a: Blaziken|Speed Boost|boost\n|-boost|p2a: Blaziken|spe|1\n|upkeep\n|turn|19\n|\n|t:|1654224580\n|move|p1a: Metagross|Bullet Punch|p2a: Blaziken\n|-resisted|p2a: Blaziken\n|-damage|p2a: Blaziken|82\/100\n|move|p2a: Blaziken|Close Combat|p1a: Metagross\n|-damage|p1a: Metagross|0 fnt\n|-unboost|p2a: Blaziken|def|1\n|-unboost|p2a: Blaziken|spd|1\n|-damage|p2a: Blaziken|65\/100|[from] item: Rocky Helmet|[of] p1a: Metagross\n|faint|p1a: Metagross\n|\n|-ability|p2a: Blaziken|Speed Boost|boost\n|-boost|p2a: Blaziken|spe|1\n|upkeep\n|\n|t:|1654224587\n|switch|p1a: Milotic|Milotic, F|72\/100 brn\n|turn|20\n|\n|t:|1654224609\n|move|p2a: Blaziken|Close Combat|p1a: Milotic\n|-damage|p1a: Milotic|38\/100 brn\n|-unboost|p2a: Blaziken|def|1\n|-unboost|p2a: Blaziken|spd|1\n|move|p1a: Milotic|Recover|p1a: Milotic\n|-heal|p1a: Milotic|88\/100 brn\n|\n|-damage|p1a: Milotic|82\/100 brn|[from] brn\n|-ability|p2a: Blaziken|Speed Boost|boost\n|-boost|p2a: Blaziken|spe|1\n|upkeep\n|turn|21\n|\n|t:|1654224618\n|switch|p2a: Sableye|Sableye-Mega, F|75\/100 brn\n|move|p1a: Milotic|Scald|p2a: Sableye\n|-damage|p2a: Sableye|55\/100 brn\n|\n|-damage|p1a: Milotic|76\/100 brn|[from] brn\n|-damage|p2a: Sableye|49\/100 brn|[from] brn\n|upkeep\n|turn|22\n|\n|t:|1654224623\n|switch|p1a: Gardevoir|Gardevoir-Mega, F|100\/100\n|move|p2a: Sableye|Recover|p2a: Sableye\n|-heal|p2a: Sableye|99\/100 brn\n|\n|-damage|p2a: Sableye|93\/100 brn|[from] brn\n|upkeep\n|turn|23\n|\n|t:|1654224635\n|switch|p2a: Jirachi|Jirachi|21\/100\n|move|p1a: Gardevoir|Hyper Voice|p2a: Jirachi\n|-resisted|p2a: Jirachi\n|-damage|p2a: Jirachi|0 fnt\n|faint|p2a: Jirachi\n|\n|upkeep\n|\n|t:|1654224639\n|switch|p2a: Swampert|Swampert, F|100\/100\n|turn|24\n|\n|t:|1654224644\n|move|p1a: Gardevoir|Hyper Voice|p2a: Swampert\n|-crit|p2a: Swampert\n|-damage|p2a: Swampert|4\/100\n|move|p2a: Swampert|Toxic|p1a: Gardevoir|[miss]\n|-miss|p2a: Swampert|p1a: Gardevoir\n|\n|-heal|p2a: Swampert|11\/100|[from] item: Leftovers\n|upkeep\n|turn|25\n|c|\u2606Rainer2424|Gg\n|c|\u2606Sir Fresh|Rip\n|\n|t:|1654224653\n|move|p1a: Gardevoir|Hyper Voice|p2a: Swampert\n|-damage|p2a: Swampert|0 fnt\n|faint|p2a: Swampert\n|\n|upkeep\n|\n|t:|1654224656\n|switch|p2a: Blaziken|Blaziken, F|65\/100\n|turn|26\n|\n|t:|1654224663\n|switch|p1a: Swampert|Swampert, M|100\/100\n|move|p2a: Blaziken|Swords Dance|p2a: Blaziken\n|-boost|p2a: Blaziken|atk|2\n|\n|-ability|p2a: Blaziken|Speed Boost|boost\n|-boost|p2a: Blaziken|spe|1\n|upkeep\n|turn|27\n|\n|t:|1654224667\n|move|p2a: Blaziken|Close Combat|p1a: Swampert\n|-damage|p1a: Swampert|16\/100\n|-unboost|p2a: Blaziken|def|1\n|-unboost|p2a: Blaziken|spd|1\n|move|p1a: Swampert|Earthquake|p2a: Blaziken\n|-supereffective|p2a: Blaziken\n|-damage|p2a: Blaziken|0 fnt\n|faint|p2a: Blaziken\n|\n|-heal|p1a: Swampert|23\/100|[from] item: Leftovers\n|upkeep\n|\n|t:|1654224670\n|switch|p2a: Sableye|Sableye-Mega, F|93\/100 brn\n|turn|28\n|c|\u2606Rainer2424|Yeah that game\n|\n|t:|1654224677\n|move|p1a: Swampert|Flip Turn|p2a: Sableye\n|-damage|p2a: Sableye|60\/100 brn\n|\n|t:|1654224681\n|switch|p1a: Gardevoir|Gardevoir-Mega, F|100\/100|[from]move: Flip Turn\n|move|p2a: Sableye|Shadow Ball|p1a: Gardevoir\n|-supereffective|p1a: Gardevoir\n|-damage|p1a: Gardevoir|53\/100\n|-unboost|p1a: Gardevoir|spd|1\n|\n|-damage|p2a: Sableye|54\/100 brn|[from] brn\n|upkeep\n|turn|29\n|\n|t:|1654224684\n|move|p1a: Gardevoir|Hyper Voice|p2a: Sableye\n|-supereffective|p2a: Sableye\n|-damage|p2a: Sableye|0 fnt\n|faint|p2a: Sableye\n|\n|win|Sir Fresh\n","uploadtime":1654224691,"views":14,"p1id":"sirfresh","p2id":"rainer2424","formatid":"gen8nationaldex","rating":0,"private":0,"password":null}