{"id":"gen8ou-1636496408","p1":"MVA Mengo","p2":"Suricata2000","format":"gen8ou","log":"|j|\u2606MVA Mengo\n|j|\u2606Suricata2000\n|t:|1660135394\n|gametype|singles\n|player|p1|MVA Mengo|riley|1192\n|player|p2|Suricata2000|169|1171\n|teamsize|p1|6\n|teamsize|p2|6\n|gen|8\n|tier|[Gen 8] OU\n|rated|\n|rule|Sleep Clause Mod: Limit one foe put to sleep\n|rule|Species Clause: Limit one of each Pok\u00e9mon\n|rule|OHKO Clause: OHKO moves are banned\n|rule|Evasion Items Clause: Evasion items are banned\n|rule|Evasion Moves Clause: Evasion moves are banned\n|rule|Endless Battle Clause: Forcing endless battles is banned\n|rule|HP Percentage Mod: HP is shown in percentages\n|rule|Dynamax Clause: You cannot dynamax\n|clearpoke\n|poke|p1|Zapdos-Galar|\n|poke|p1|Volcarona, F|\n|poke|p1|Espeon, M|\n|poke|p1|Kartana|\n|poke|p1|Celesteela|\n|poke|p1|Haxorus, M|\n|poke|p2|Clefable, F|\n|poke|p2|Tornadus-Therian, M|\n|poke|p2|Nidoking, M|\n|poke|p2|Slowking, M|\n|poke|p2|Urshifu-*, M|\n|poke|p2|Ferrothorn, M|\n|teampreview\n|inactive|Battle timer is ON: inactive players will automatically lose when time's up. (requested by MVA Mengo)\n|inactive|Suricata2000 also wants the timer to be on.\n|\n|t:|1660135406\n|start\n|switch|p1a: Zapdos|Zapdos-Galar|100\/100\n|switch|p2a: Nidoking|Nidoking, M|100\/100\n|turn|1\n|\n|t:|1660135419\n|move|p1a: Zapdos|Brave Bird|p2a: Nidoking\n|-damage|p2a: Nidoking|0 fnt\n|faint|p2a: Nidoking\n|-damage|p1a: Zapdos|69\/100|[from] Recoil\n|\n|upkeep\n|\n|t:|1660135430\n|switch|p2a: Urshifu|Urshifu-Rapid-Strike, M|100\/100\n|turn|2\n|\n|t:|1660135437\n|move|p2a: Urshifu|Surging Strikes|p1a: Zapdos\n|-crit|p1a: Zapdos\n|-damage|p1a: Zapdos|47\/100\n|-crit|p1a: Zapdos\n|-damage|p1a: Zapdos|24\/100\n|-crit|p1a: Zapdos\n|-damage|p1a: Zapdos|3\/100\n|-hitcount|p1a: Zapdos|3\n|move|p1a: Zapdos|Brave Bird|p2a: Urshifu\n|-supereffective|p2a: Urshifu\n|-damage|p2a: Urshifu|0 fnt\n|faint|p2a: Urshifu\n|-damage|p1a: Zapdos|0 fnt|[from] Recoil\n|faint|p1a: Zapdos\n|\n|upkeep\n|\n|t:|1660135455\n|switch|p1a: Celesteela|Celesteela, shiny|100\/100\n|switch|p2a: Tornadus|Tornadus-Therian, M, shiny|100\/100\n|turn|3\n|\n|t:|1660135461\n|move|p2a: Tornadus|Knock Off|p1a: Celesteela\n|-damage|p1a: Celesteela|85\/100\n|-enditem|p1a: Celesteela|Leftovers|[from] move: Knock Off|[of] p2a: Tornadus\n|move|p1a: Celesteela|Heavy Slam|p2a: Tornadus\n|-damage|p2a: Tornadus|60\/100\n|\n|upkeep\n|turn|4\n|\n|t:|1660135471\n|move|p2a: Tornadus|U-turn|p1a: Celesteela\n|-resisted|p1a: Celesteela\n|-damage|p1a: Celesteela|83\/100\n|\n|t:|1660135476\n|switch|p2a: Ferrothorn|Ferrothorn, M|100\/100|[from]move: U-turn\n|move|p1a: Celesteela|Heavy Slam|p2a: Ferrothorn\n|-resisted|p2a: Ferrothorn\n|-damage|p2a: Ferrothorn|88\/100\n|-damage|p1a: Celesteela|70\/100|[from] ability: Iron Barbs|[of] p2a: Ferrothorn\n|-damage|p1a: Celesteela|54\/100|[from] item: Rocky Helmet|[of] p2a: Ferrothorn\n|\n|upkeep\n|turn|5\n|\n|t:|1660135487\n|move|p1a: Celesteela|Flamethrower|p2a: Ferrothorn\n|-supereffective|p2a: Ferrothorn\n|-damage|p2a: Ferrothorn|13\/100\n|move|p2a: Ferrothorn|Knock Off|p1a: Celesteela\n|-damage|p1a: Celesteela|43\/100\n|\n|upkeep\n|turn|6\n|\n|t:|1660135497\n|switch|p2a: Slowking|Slowking, M|100\/100\n|move|p1a: Celesteela|Earthquake|p2a: Slowking\n|-damage|p2a: Slowking|76\/100\n|\n|upkeep\n|turn|7\n|\n|t:|1660135508\n|move|p1a: Celesteela|Heavy Slam|p2a: Slowking\n|-resisted|p2a: Slowking\n|-damage|p2a: Slowking|53\/100\n|move|p2a: Slowking|Future Sight|p1a: Celesteela\n|-start|p2a: Slowking|move: Future Sight\n|\n|upkeep\n|turn|8\n|\n|t:|1660135517\n|move|p1a: Celesteela|Protect|p1a: Celesteela\n|-singleturn|p1a: Celesteela|Protect\n|move|p2a: Slowking|Slack Off|p2a: Slowking\n|-heal|p2a: Slowking|100\/100\n|\n|upkeep\n|turn|9\n|\n|t:|1660135544\n|switch|p1a: Espeon|Espeon, M|100\/100\n|move|p2a: Slowking|Scald|p1a: Espeon\n|-crit|p1a: Espeon\n|-damage|p1a: Espeon|59\/100\n|-enditem|p1a: Espeon|Eject Button\n|\n|t:|1660135563\n|switch|p1a: Celesteela|Celesteela, shiny|43\/100\n|\n|-end|p1a: Celesteela|move: Future Sight\n|-resisted|p1a: Celesteela\n|-damage|p1a: Celesteela|30\/100\n|upkeep\n|turn|10\n|\n|t:|1660135574\n|move|p1a: Celesteela|Heavy Slam|p2a: Slowking\n|-resisted|p2a: Slowking\n|-damage|p2a: Slowking|79\/100\n|move|p2a: Slowking|Future Sight|p1a: Celesteela\n|-start|p2a: Slowking|move: Future Sight\n|\n|upkeep\n|turn|11\n|\n|t:|1660135580\n|move|p1a: Celesteela|Earthquake|p2a: Slowking\n|-damage|p2a: Slowking|55\/100\n|move|p2a: Slowking|Scald|p1a: Celesteela\n|-damage|p1a: Celesteela|10\/100\n|-status|p1a: Celesteela|brn\n|\n|-damage|p1a: Celesteela|4\/100 brn|[from] brn\n|upkeep\n|turn|12\n|\n|t:|1660135591\n|move|p1a: Celesteela|Flamethrower|p2a: Slowking\n|-resisted|p2a: Slowking\n|-damage|p2a: Slowking|48\/100\n|move|p2a: Slowking|Slack Off|p2a: Slowking\n|-heal|p2a: Slowking|98\/100\n|\n|-end|p1a: Celesteela|move: Future Sight\n|-resisted|p1a: Celesteela\n|-damage|p1a: Celesteela|0 fnt\n|faint|p1a: Celesteela\n|upkeep\n|\n|t:|1660135618\n|switch|p1a: Volcarona|Volcarona, F|100\/100\n|turn|13\n|\n|t:|1660135627\n|move|p1a: Volcarona|Quiver Dance|p1a: Volcarona\n|-boost|p1a: Volcarona|spa|1\n|-boost|p1a: Volcarona|spd|1\n|-boost|p1a: Volcarona|spe|1\n|move|p2a: Slowking|Scald|p1a: Volcarona\n|-supereffective|p1a: Volcarona\n|-damage|p1a: Volcarona|62\/100\n|\n|upkeep\n|turn|14\n|\n|t:|1660135642\n|move|p1a: Volcarona|Bug Buzz|p2a: Slowking\n|-supereffective|p2a: Slowking\n|-damage|p2a: Slowking|0 fnt\n|faint|p2a: Slowking\n|\n|upkeep\n|\n|t:|1660135647\n|switch|p2a: Tornadus|Tornadus-Therian, M, shiny|94\/100\n|turn|15\n|\n|t:|1660135652\n|move|p1a: Volcarona|Fiery Dance|p2a: Tornadus\n|-damage|p2a: Tornadus|25\/100\n|-boost|p1a: Volcarona|spa|1\n|move|p2a: Tornadus|Hurricane|p1a: Volcarona\n|-supereffective|p1a: Volcarona\n|-damage|p1a: Volcarona|6\/100\n|-start|p1a: Volcarona|confusion\n|\n|upkeep\n|turn|16\n|\n|t:|1660135663\n|switch|p2a: Ferrothorn|Ferrothorn, M|13\/100\n|-activate|p1a: Volcarona|confusion\n|-damage|p1a: Volcarona|0 fnt|[from] confusion\n|faint|p1a: Volcarona\n|\n|upkeep\n|\n|t:|1660135674\n|switch|p1a: Haxorus|Haxorus, M, shiny|100\/100\n|-ability|p1a: Haxorus|Mold Breaker\n|turn|17\n|\n|t:|1660135682\n|switch|p2a: Clefable|Clefable, F|100\/100\n|move|p1a: Haxorus|Earthquake|p2a: Clefable\n|-damage|p2a: Clefable|61\/100\n|\n|-heal|p2a: Clefable|67\/100|[from] item: Leftovers\n|upkeep\n|turn|18\n|\n|t:|1660135690\n|move|p1a: Haxorus|Dragon Dance|p1a: Haxorus\n|-boost|p1a: Haxorus|atk|1\n|-boost|p1a: Haxorus|spe|1\n|move|p2a: Clefable|Thunder Wave|p1a: Haxorus|[miss]\n|-miss|p2a: Clefable|p1a: Haxorus\n|\n|-heal|p2a: Clefable|74\/100|[from] item: Leftovers\n|upkeep\n|turn|19\n|\n|t:|1660135698\n|move|p1a: Haxorus|Poison Jab|p2a: Clefable\n|-supereffective|p2a: Clefable\n|-damage|p2a: Clefable|0 fnt\n|faint|p2a: Clefable\n|\n|upkeep\n|\n|t:|1660135704\n|switch|p2a: Tornadus|Tornadus-Therian, M, shiny|58\/100\n|turn|20\n|\n|t:|1660135708\n|move|p1a: Haxorus|Outrage|p2a: Tornadus\n|-damage|p2a: Tornadus|0 fnt\n|faint|p2a: Tornadus\n|\n|upkeep\n|\n|t:|1660135714\n|switch|p2a: Ferrothorn|Ferrothorn, M|13\/100\n|turn|21\n|\n|t:|1660135718\n|move|p1a: Haxorus|Outrage|p2a: Ferrothorn|[from]lockedmove\n|-resisted|p2a: Ferrothorn\n|-damage|p2a: Ferrothorn|0 fnt\n|-damage|p1a: Haxorus|88\/100|[from] ability: Iron Barbs|[of] p2a: Ferrothorn\n|-damage|p1a: Haxorus|72\/100|[from] item: Rocky Helmet|[of] p2a: Ferrothorn\n|faint|p2a: Ferrothorn\n|\n|win|MVA Mengo\n|raw|MVA Mengo's rating: 1192 &rarr; <strong>1215<\/strong><br \/>(+23 for winning)\n|raw|Suricata2000's rating: 1171 &rarr; <strong>1148<\/strong><br \/>(-23 for losing)\n|l|\u2606Suricata2000\n||Ladder isn't responding, score probably updated but might not have (Request timeout).\n","uploadtime":1660135726,"views":30,"p1id":"mvamengo","p2id":"suricata2000","formatid":"gen8ou","rating":1148,"private":0,"password":null}