{"id":"gen8randombattle-1645917388","p1":"Darkman64","p2":"ImJustALvl1Goblin","format":"gen8randombattle","log":"|j|\u2606Darkman64\n|j|\u2606ImJustALvl1Goblin\n|t:|1661216594\n|gametype|singles\n|player|p1|Darkman64|juan|1681\n|player|p2|ImJustALvl1Goblin|beauty|1697\n|teamsize|p1|6\n|teamsize|p2|6\n|gen|8\n|tier|[Gen 8] Random Battle\n|rated|\n|rule|Species Clause: Limit one of each Pok\u00e9mon\n|rule|HP Percentage Mod: HP is shown in percentages\n|rule|Sleep Clause Mod: Limit one foe put to sleep\n|\n|t:|1661216594\n|start\n|switch|p1a: Tapu Bulu|Tapu Bulu, L82|249\/249\n|switch|p2a: Porygon2|Porygon2, L82|274\/274\n|-fieldstart|move: Grassy Terrain|[from] ability: Grassy Surge|[of] p1a: Tapu Bulu\n|-ability|p2a: Porygon2|Download|boost\n|-boost|p2a: Porygon2|spa|1\n|turn|1\n|inactive|Battle timer is ON: inactive players will automatically lose when time's up. (requested by ImJustALvl1Goblin)\n|inactive|Darkman64 has 120 seconds left.\n|\n|t:|1661216635\n|move|p1a: Tapu Bulu|Close Combat|p2a: Porygon2\n|-supereffective|p2a: Porygon2\n|-damage|p2a: Porygon2|84\/274\n|-unboost|p1a: Tapu Bulu|def|1\n|-unboost|p1a: Tapu Bulu|spd|1\n|-damage|p1a: Tapu Bulu|225\/249|[from] item: Life Orb\n|move|p2a: Porygon2|Ice Beam|p1a: Tapu Bulu\n|-supereffective|p1a: Tapu Bulu\n|-damage|p1a: Tapu Bulu|0 fnt\n|faint|p1a: Tapu Bulu\n|\n|-heal|p2a: Porygon2|101\/274|[from] Grassy Terrain\n|upkeep\n|\n|t:|1661216641\n|switch|p1a: Ribombee|Ribombee, L82, F|233\/233\n|turn|2\n|\n|t:|1661216648\n|move|p1a: Ribombee|Sticky Web|p2a: Porygon2\n|-sidestart|p2: ImJustALvl1Goblin|move: Sticky Web\n|move|p2a: Porygon2|Tri Attack|p1a: Ribombee\n|-damage|p1a: Ribombee|86\/233\n|\n|-heal|p1a: Ribombee|100\/233|[from] Grassy Terrain\n|-heal|p2a: Porygon2|118\/274|[from] Grassy Terrain\n|upkeep\n|turn|3\n|\n|t:|1661216654\n|move|p1a: Ribombee|U-turn|p2a: Porygon2\n|-damage|p2a: Porygon2|88\/274\n|\n|t:|1661216657\n|switch|p1a: Cursola|Cursola, L86, M|243\/243\n|move|p2a: Porygon2|Recover|p2a: Porygon2\n|-heal|p2a: Porygon2|225\/274\n|\n|-heal|p2a: Porygon2|242\/274|[from] Grassy Terrain\n|upkeep\n|turn|4\n|\n|t:|1661216663\n|move|p2a: Porygon2|Ice Beam|p1a: Cursola\n|-damage|p1a: Cursola|170\/243\n|move|p1a: Cursola|Stealth Rock|p2a: Porygon2\n|-sidestart|p2: ImJustALvl1Goblin|move: Stealth Rock\n|\n|-heal|p2a: Porygon2|259\/274|[from] Grassy Terrain\n|-heal|p1a: Cursola|185\/243|[from] Grassy Terrain\n|-heal|p1a: Cursola|200\/243|[from] item: Leftovers\n|upkeep\n|turn|5\n|\n|t:|1661216678\n|move|p2a: Porygon2|Ice Beam|p1a: Cursola\n|-damage|p1a: Cursola|131\/243\n|move|p1a: Cursola|Strength Sap|p2a: Porygon2\n|-unboost|p2a: Porygon2|atk|1\n|-heal|p1a: Cursola|243\/243\n|\n|-heal|p2a: Porygon2|274\/274|[from] Grassy Terrain\n|-fieldend|move: Grassy Terrain\n|upkeep\n|turn|6\n|\n|t:|1661216682\n|move|p2a: Porygon2|Ice Beam|p1a: Cursola\n|-damage|p1a: Cursola|174\/243\n|move|p1a: Cursola|Earth Power|p2a: Porygon2\n|-damage|p2a: Porygon2|219\/274\n|\n|-heal|p1a: Cursola|189\/243|[from] item: Leftovers\n|upkeep\n|turn|7\n|\n|t:|1661216698\n|move|p2a: Porygon2|Ice Beam|p1a: Cursola\n|-damage|p1a: Cursola|120\/243\n|move|p1a: Cursola|Earth Power|p2a: Porygon2\n|-damage|p2a: Porygon2|164\/274\n|\n|-heal|p1a: Cursola|135\/243|[from] item: Leftovers\n|upkeep\n|turn|8\n|\n|t:|1661216710\n|switch|p1a: Toxicroak|Toxicroak, L84, F|277\/277\n|move|p2a: Porygon2|Discharge|p1a: Toxicroak\n|-damage|p1a: Toxicroak|165\/277\n|-status|p1a: Toxicroak|par\n|\n|upkeep\n|turn|9\n|\n|t:|1661216716\n|move|p2a: Porygon2|Tri Attack|p1a: Toxicroak\n|-crit|p1a: Toxicroak\n|-damage|p1a: Toxicroak|0 fnt\n|faint|p1a: Toxicroak\n|\n|upkeep\n|\n|t:|1661216725\n|switch|p1a: Zeraora|Zeraora, L76|259\/259\n|turn|10\n|\n|t:|1661216730\n|move|p1a: Zeraora|Bulk Up|p1a: Zeraora\n|-boost|p1a: Zeraora|atk|1\n|-boost|p1a: Zeraora|def|1\n|move|p2a: Porygon2|Recover|p2a: Porygon2\n|-heal|p2a: Porygon2|274\/274\n|\n|upkeep\n|turn|11\n|\n|t:|1661216733\n|move|p1a: Zeraora|Bulk Up|p1a: Zeraora\n|-boost|p1a: Zeraora|atk|1\n|-boost|p1a: Zeraora|def|1\n|move|p2a: Porygon2|Tri Attack|p1a: Zeraora\n|-damage|p1a: Zeraora|112\/259\n|-status|p1a: Zeraora|frz\n|\n|upkeep\n|turn|12\n|c|\u2606Darkman64|pffffffffffffffffffffffffffffffffffff\n|\n|t:|1661216739\n|cant|p1a: Zeraora|frz\n|move|p2a: Porygon2|Tri Attack|p1a: Zeraora\n|-damage|p1a: Zeraora|0 fnt\n|faint|p1a: Zeraora\n|\n|upkeep\n|\n|t:|1661216741\n|switch|p1a: Haxorus|Haxorus, L77, F|244\/244\n|-ability|p1a: Haxorus|Mold Breaker\n|turn|13\n|\n|t:|1661216744\n|-start|p1a: Haxorus|Dynamax|\n|-heal|p1a: Haxorus|488\/488|[silent]\n|move|p1a: Haxorus|Max Wyrmwind|p2a: Porygon2\n|-damage|p2a: Porygon2|109\/274\n|-unboost|p2a: Porygon2|atk|1\n|-damage|p1a: Haxorus|464\/488|[from] item: Life Orb\n|move|p2a: Porygon2|Ice Beam|p1a: Haxorus\n|-supereffective|p1a: Haxorus\n|-damage|p1a: Haxorus|222\/488\n|\n|upkeep\n|turn|14\n|\n|t:|1661216752\n|switch|p2a: Ninetales|Ninetales-Alola, L79, M|245\/245\n|-activate|p2a: Ninetales|move: Sticky Web\n|-unboost|p2a: Ninetales|spe|1\n|-damage|p2a: Ninetales|184\/245|[from] Stealth Rock\n|-weather|Hail|[from] ability: Snow Warning|[of] p2a: Ninetales\n|move|p1a: Haxorus|Max Wyrmwind|p2a: Ninetales\n|-immune|p2a: Ninetales\n|\n|-weather|Hail|[upkeep]\n|-damage|p1a: Haxorus|207\/488|[from] Hail\n|upkeep\n|turn|15\n|\n|t:|1661216760\n|move|p1a: Haxorus|Max Quake|p2a: Ninetales\n|-damage|p2a: Ninetales|31\/245\n|-boost|p1a: Haxorus|spd|1\n|-damage|p1a: Haxorus|183\/488|[from] item: Life Orb\n|move|p2a: Ninetales|Aurora Veil|p2a: Ninetales\n|-sidestart|p2: ImJustALvl1Goblin|move: Aurora Veil\n|\n|-weather|Hail|[upkeep]\n|-damage|p1a: Haxorus|168\/488|[from] Hail\n|upkeep\n|-end|p1a: Haxorus|Dynamax\n|-heal|p1a: Haxorus|84\/244|[silent]\n|turn|16\n|\n|t:|1661216765\n|move|p1a: Haxorus|Earthquake|p2a: Ninetales\n|-damage|p2a: Ninetales|0 fnt\n|faint|p2a: Ninetales\n|-damage|p1a: Haxorus|60\/244|[from] item: Life Orb\n|\n|-weather|Hail|[upkeep]\n|-damage|p1a: Haxorus|45\/244|[from] Hail\n|upkeep\n|\n|t:|1661216776\n|switch|p2a: Basculin|Basculin, L86, F|261\/261\n|-activate|p2a: Basculin|move: Sticky Web\n|-unboost|p2a: Basculin|spe|1\n|-damage|p2a: Basculin|229\/261|[from] Stealth Rock\n|turn|17\n|\n|t:|1661216782\n|move|p1a: Haxorus|Close Combat|p2a: Basculin\n|-damage|p2a: Basculin|156\/261\n|-unboost|p1a: Haxorus|def|1\n|-unboost|p1a: Haxorus|spd|1\n|-damage|p1a: Haxorus|21\/244|[from] item: Life Orb\n|move|p2a: Basculin|Liquidation|p1a: Haxorus\n|-resisted|p1a: Haxorus\n|-damage|p1a: Haxorus|0 fnt\n|faint|p1a: Haxorus\n|\n|-weather|Hail|[upkeep]\n|-damage|p2a: Basculin|140\/261|[from] Hail\n|upkeep\n|\n|t:|1661216785\n|switch|p1a: Ribombee|Ribombee, L82, F|100\/233\n|turn|18\n|\n|t:|1661216788\n|move|p1a: Ribombee|Moonblast|p2a: Basculin\n|-damage|p2a: Basculin|72\/261\n|move|p2a: Basculin|Liquidation|p1a: Ribombee\n|-damage|p1a: Ribombee|0 fnt\n|faint|p1a: Ribombee\n|\n|-weather|none\n|upkeep\n|\n|t:|1661216791\n|switch|p1a: Cursola|Cursola, L86, M|135\/243\n|turn|19\n|\n|t:|1661216793\n|move|p2a: Basculin|Liquidation|p1a: Cursola\n|-crit|p1a: Cursola\n|-damage|p1a: Cursola|0 fnt\n|faint|p1a: Cursola\n|\n|win|ImJustALvl1Goblin\n|raw|Darkman64's rating: 1657 &rarr; <strong>1639<\/strong><br \/>(-18 for losing)\n|raw|ImJustALvl1Goblin's rating: 1697 &rarr; <strong>1715<\/strong><br \/>(+18 for winning)\n|c|\u2606Darkman64|critic\n|l|\u2606Darkman64\n|c|\u2606ImJustALvl1Goblin|critic?\n","inputlog":">version 73883db4a613adaed2a9388dee826c74ecc75249\n>start {\"formatid\":\"gen8randombattle\",\"seed\":[46827,39719,9142,5902],\"rated\":\"Rated battle\"}\n>player p1 {\"name\":\"Darkman64\",\"avatar\":\"juan\",\"rating\":1681,\"seed\":[60725,55002,24969,19265]}\n>player p2 {\"name\":\"ImJustALvl1Goblin\",\"avatar\":\"beauty\",\"rating\":1697,\"seed\":[4938,36154,30072,48760]}\n>p1 move closecombat\n>p2 move icebeam\n>p1 switch 3\n>p1 move stickyweb\n>p2 move triattack\n>p1 move uturn\n>p2 move recover\n>p1 switch 4\n>p1 move stealthrock\n>p2 move icebeam\n>p1 move strengthsap\n>p2 move icebeam\n>p1 move earthpower\n>p2 move icebeam\n>p1 move earthpower\n>p2 move icebeam\n>p1 switch 5\n>p2 move discharge\n>p1 move drainpunch\n>p2 move triattack\n>p1 switch 6\n>p1 move bulkup\n>p2 move recover\n>p1 move bulkup\n>p2 move triattack\n>chat \u2606Darkman64|pffffffffffffffffffffffffffffffffffff\n>p1 move closecombat\n>p2 move triattack\n>p1 switch 2\n>p1 move outrage dynamax\n>p2 move icebeam\n>p1 move outrage dynamax\n>p2 switch 6\n>p1 move earthquake dynamax\n>p2 move auroraveil\n>p1 move earthquake\n>p2 move blizzard\n>p2 switch 2\n>p1 move closecombat\n>p2 move liquidation\n>p1 switch 4\n>p1 move moonblast\n>p2 move liquidation\n>p1 switch 5\n>p1 move strengthsap\n>p2 move liquidation","uploadtime":1661216808,"views":3,"p1id":"darkman64","p2id":"imjustalvl1goblin","formatid":"gen8randombattle","rating":1639,"private":0,"password":null}