{"id":"gen8ou-1635779447","p1":"displacement force","p2":"brifye","format":"gen8ou","log":"|j|\u2606displacement force\n|j|\u2606brifye\n|t:|1660054604\n|gametype|singles\n|player|p1|displacement force|preschooler|1681\n|player|p2|brifye|petrel|1707\n|teamsize|p1|6\n|teamsize|p2|6\n|gen|8\n|tier|[Gen 8] OU\n|rated|\n|rule|Sleep Clause Mod: Limit one foe put to sleep\n|rule|Species Clause: Limit one of each Pok\u00e9mon\n|rule|OHKO Clause: OHKO moves are banned\n|rule|Evasion Items Clause: Evasion items are banned\n|rule|Evasion Moves Clause: Evasion moves are banned\n|rule|Endless Battle Clause: Forcing endless battles is banned\n|rule|HP Percentage Mod: HP is shown in percentages\n|rule|Dynamax Clause: You cannot dynamax\n|clearpoke\n|poke|p1|Thundurus, M|\n|poke|p1|Clefable, M|\n|poke|p1|Dragonite, F|\n|poke|p1|Pyukumuku, M|\n|poke|p1|Slowbro-Galar, M|\n|poke|p1|Excadrill, M|\n|poke|p2|Weavile, F|\n|poke|p2|Tapu Fini|\n|poke|p2|Landorus-Therian, M|\n|poke|p2|Ferrothorn, F|\n|poke|p2|Heatran, M|\n|poke|p2|Tornadus-Therian, M|\n|teampreview\n|inactive|Battle timer is ON: inactive players will automatically lose when time's up. (requested by displacement force)\n|c|\u2606displacement force|hf hf\n|c|\u2606brifye|you too :)\n|inactive|brifye has 120 seconds left.\n|\n|t:|1660054638\n|start\n|switch|p1a: steady chip|Thundurus, M|100\/100\n|switch|p2a: Tornadus|Tornadus-Therian, M|100\/100\n|turn|1\n|\n|t:|1660054646\n|move|p1a: steady chip|Knock Off|p2a: Tornadus\n|-damage|p2a: Tornadus|71\/100\n|-enditem|p2a: Tornadus|Assault Vest|[from] move: Knock Off|[of] p1a: steady chip\n|move|p2a: Tornadus|Knock Off|p1a: steady chip\n|-damage|p1a: steady chip|70\/100\n|-enditem|p1a: steady chip|Heavy-Duty Boots|[from] move: Knock Off|[of] p2a: Tornadus\n|\n|upkeep\n|turn|2\n|c|\u2606displacement force|ay i'm faster\n|c|\u2606displacement force|love thundy\n|\n|t:|1660054672\n|switch|p2a: Ferrothorn|Ferrothorn, F|100\/100\n|move|p1a: steady chip|Volt Switch|p2a: Ferrothorn\n|-resisted|p2a: Ferrothorn\n|-damage|p2a: Ferrothorn|85\/100\n|inactive|displacement force has 120 seconds left.\n|\n|t:|1660054684\n|switch|p1a: guap remnants|Slowbro-Galar, M|100\/100|[from]move: Volt Switch\n|\n|upkeep\n|turn|3\n|\n|t:|1660054690\n|switch|p1a: steady chip|Thundurus, M|70\/100\n|switch|p2a: Heatran|Heatran, M|100\/100\n|-item|p2a: Heatran|Air Balloon\n|\n|upkeep\n|turn|4\n|\n|t:|1660054696\n|move|p1a: steady chip|Volt Switch|p2a: Heatran\n|-crit|p2a: Heatran\n|-damage|p2a: Heatran|46\/100\n|-enditem|p2a: Heatran|Air Balloon\n|\n|t:|1660054701\n|switch|p1a: bailed once|Dragonite, F|100\/100|[from]move: Volt Switch\n|move|p2a: Heatran|Magma Storm|p1a: bailed once|[miss]\n|-miss|p2a: Heatran|p1a: bailed once\n|\n|upkeep\n|turn|5\n|\n|t:|1660054718\n|switch|p2a: Ferrothorn|Ferrothorn, F|85\/100\n|move|p1a: bailed once|Earthquake|p2a: Ferrothorn\n|-damage|p2a: Ferrothorn|66\/100\n|\n|upkeep\n|turn|6\n|\n|t:|1660054725\n|switch|p1a: suicide mission|Clefable, M|100\/100\n|move|p2a: Ferrothorn|Leech Seed|p1a: suicide mission\n|-start|p1a: suicide mission|move: Leech Seed\n|\n|upkeep\n|turn|7\n|\n|t:|1660054731\n|move|p1a: suicide mission|Stealth Rock|p2a: Ferrothorn\n|-sidestart|p2: brifye|move: Stealth Rock\n|move|p2a: Ferrothorn|Gyro Ball|p1a: suicide mission\n|-supereffective|p1a: suicide mission\n|-damage|p1a: suicide mission|36\/100\n|-damage|p2a: Ferrothorn|50\/100|[from] item: Rocky Helmet|[of] p1a: suicide mission\n|\n|upkeep\n|turn|8\n|\n|t:|1660054738\n|switch|p1a: guap remnants|Slowbro-Galar, M|100\/100\n|move|p2a: Ferrothorn|Knock Off|p1a: guap remnants\n|-supereffective|p1a: guap remnants\n|-damage|p1a: guap remnants|71\/100\n|-enditem|p1a: guap remnants|Black Sludge|[from] move: Knock Off|[of] p2a: Ferrothorn\n|\n|upkeep\n|turn|9\n|\n|t:|1660054750\n|switch|p2a: Heatran|Heatran, M|46\/100\n|-damage|p2a: Heatran|34\/100|[from] Stealth Rock\n|move|p1a: guap remnants|Flamethrower|p2a: Heatran\n|-start|p2a: Heatran|ability: Flash Fire\n|\n|upkeep\n|turn|10\n|\n|t:|1660054756\n|switch|p1a: bailed once|Dragonite, F|100\/100\n|move|p2a: Heatran|Magma Storm|p1a: bailed once\n|-resisted|p1a: bailed once\n|-damage|p1a: bailed once|83\/100\n|-activate|p1a: bailed once|move: Magma Storm|[of] p2a: Heatran\n|\n|-damage|p1a: bailed once|71\/100|[from] move: Magma Storm|[partiallytrapped]\n|upkeep\n|turn|11\n|\n|t:|1660054764\n|move|p2a: Heatran|Magma Storm|p1a: bailed once\n|-resisted|p1a: bailed once\n|-damage|p1a: bailed once|30\/100\n|move|p1a: bailed once|Roost|p1a: bailed once\n|-heal|p1a: bailed once|80\/100\n|-singleturn|p1a: bailed once|move: Roost\n|\n|-damage|p1a: bailed once|67\/100|[from] move: Magma Storm|[partiallytrapped]\n|upkeep\n|turn|12\n|\n|t:|1660054774\n|move|p2a: Heatran|Taunt|p1a: bailed once\n|-start|p1a: bailed once|move: Taunt\n|move|p1a: bailed once|Earthquake|p2a: Heatran\n|-supereffective|p2a: Heatran\n|-damage|p2a: Heatran|0 fnt\n|faint|p2a: Heatran\n|\n|-end|p1a: bailed once|Magma Storm|[partiallytrapped]|[silent]\n|upkeep\n|\n|t:|1660054781\n|switch|p2a: Landorus|Landorus-Therian, M|100\/100\n|-damage|p2a: Landorus|88\/100|[from] Stealth Rock\n|-ability|p2a: Landorus|Intimidate|boost\n|-unboost|p1a: bailed once|atk|1\n|turn|13\n|\n|t:|1660054790\n|move|p2a: Landorus|Defog|p1a: bailed once\n|-unboost|p1a: bailed once|evasion|1\n|-sideend|p2: brifye|Stealth Rock|[from] move: Defog|[of] p2a: Landorus\n|move|p1a: bailed once|Ice Beam|p2a: Landorus\n|-supereffective|p2a: Landorus\n|-damage|p2a: Landorus|27\/100\n|-status|p2a: Landorus|frz\n|\n|-heal|p2a: Landorus|33\/100 frz|[from] item: Leftovers\n|upkeep\n|turn|14\n|c|\u2606displacement force|oh no\n|\n|t:|1660054809\n|switch|p1a: suicide mission|Clefable, M|36\/100\n|-curestatus|p2a: Landorus|frz|[msg]\n|move|p2a: Landorus|Toxic|p1a: suicide mission\n|-status|p1a: suicide mission|tox\n|\n|-heal|p2a: Landorus|40\/100|[from] item: Leftovers\n|upkeep\n|turn|15\n|\n|t:|1660054817\n|switch|p1a: steady chip|Thundurus, M|70\/100\n|move|p2a: Landorus|Earthquake|p1a: steady chip\n|-immune|p1a: steady chip\n|\n|-heal|p2a: Landorus|46\/100|[from] item: Leftovers\n|upkeep\n|turn|16\n|\n|t:|1660054826\n|switch|p2a: Ferrothorn|Ferrothorn, F|50\/100\n|move|p1a: steady chip|Taunt|p2a: Ferrothorn\n|-start|p2a: Ferrothorn|move: Taunt\n|\n|upkeep\n|turn|17\n|\n|t:|1660054833\n|switch|p2a: Landorus|Landorus-Therian, M|46\/100\n|-ability|p2a: Landorus|Intimidate|boost\n|-unboost|p1a: steady chip|atk|1\n|-ability|p1a: steady chip|Defiant\n|-boost|p1a: steady chip|atk|2\n|move|p1a: steady chip|Volt Switch|p2a: Landorus\n|-immune|p2a: Landorus\n|\n|-heal|p2a: Landorus|52\/100|[from] item: Leftovers\n|upkeep\n|turn|18\n|\n|t:|1660054844\n|switch|p2a: Ferrothorn|Ferrothorn, F|50\/100\n|move|p1a: steady chip|Knock Off|p2a: Ferrothorn\n|-damage|p2a: Ferrothorn|27\/100\n|-damage|p1a: steady chip|57\/100|[from] ability: Iron Barbs|[of] p2a: Ferrothorn\n|-damage|p1a: steady chip|41\/100|[from] item: Rocky Helmet|[of] p2a: Ferrothorn\n|-enditem|p2a: Ferrothorn|Rocky Helmet|[from] move: Knock Off|[of] p1a: steady chip\n|\n|upkeep\n|turn|19\n|\n|t:|1660054858\n|move|p1a: steady chip|Volt Switch|p2a: Ferrothorn\n|-resisted|p2a: Ferrothorn\n|-damage|p2a: Ferrothorn|11\/100\n|\n|t:|1660054862\n|switch|p1a: suicide mission|Clefable, M|36\/100 tox|[from]move: Volt Switch\n|move|p2a: Ferrothorn|Gyro Ball|p1a: suicide mission\n|-supereffective|p1a: suicide mission\n|-damage|p1a: suicide mission|0 fnt\n|-damage|p2a: Ferrothorn|0 fnt|[from] item: Rocky Helmet|[of] p1a: suicide mission\n|faint|p1a: suicide mission\n|faint|p2a: Ferrothorn\n|\n|upkeep\n|\n|t:|1660054876\n|switch|p1a: steady chip|Thundurus, M|41\/100\n|switch|p2a: Weavile|Weavile, F|100\/100\n|-ability|p2a: Weavile|Pressure\n|turn|20\n|\n|t:|1660054883\n|switch|p1a: bailed twice|Pyukumuku, M|100\/100\n|move|p2a: Weavile|Knock Off|p1a: bailed twice\n|-damage|p1a: bailed twice|70\/100\n|-enditem|p1a: bailed twice|Leftovers|[from] move: Knock Off|[of] p2a: Weavile\n|\n|upkeep\n|turn|21\n|\n|t:|1660054891\n|switch|p2a: Tapu Fini|Tapu Fini|100\/100\n|-fieldstart|move: Misty Terrain|[from] ability: Misty Surge|[of] p2a: Tapu Fini\n|move|p1a: bailed twice|Recover|p1a: bailed twice\n|-heal|p1a: bailed twice|100\/100\n|\n|upkeep\n|turn|22\n|\n|t:|1660054905\n|switch|p1a: guap remnants|Slowbro-Galar, M|100\/100\n|move|p2a: Tapu Fini|Whirlpool|p1a: guap remnants\n|-damage|p1a: guap remnants|86\/100\n|-activate|p1a: guap remnants|move: Whirlpool|[of] p2a: Tapu Fini\n|\n|-damage|p1a: guap remnants|74\/100|[from] move: Whirlpool|[partiallytrapped]\n|upkeep\n|turn|23\n|\n|t:|1660054915\n|switch|p2a: Tornadus|Tornadus-Therian, M|100\/100\n|move|p1a: guap remnants|Sludge Bomb|p2a: Tornadus\n|-damage|p2a: Tornadus|69\/100\n|-status|p2a: Tornadus|psn\n|\n|-damage|p2a: Tornadus|56\/100 psn|[from] psn\n|-end|p1a: guap remnants|Whirlpool|[partiallytrapped]|[silent]\n|upkeep\n|turn|24\n|\n|t:|1660054924\n|move|p2a: Tornadus|Hurricane|p1a: guap remnants\n|-damage|p1a: guap remnants|25\/100\n|move|p1a: guap remnants|Psyshock|p2a: Tornadus\n|-damage|p2a: Tornadus|24\/100 psn\n|\n|-damage|p2a: Tornadus|11\/100 psn|[from] psn\n|upkeep\n|turn|25\n|\n|t:|1660054933\n|move|p2a: Tornadus|Knock Off|p1a: guap remnants\n|-supereffective|p1a: guap remnants\n|-damage|p1a: guap remnants|3\/100\n|move|p1a: guap remnants|Psyshock|p2a: Tornadus\n|-damage|p2a: Tornadus|0 fnt\n|faint|p2a: Tornadus\n|\n|-fieldend|Misty Terrain\n|upkeep\n|\n|t:|1660054941\n|switch|p2a: Tapu Fini|Tapu Fini|100\/100\n|-fieldstart|move: Misty Terrain|[from] ability: Misty Surge|[of] p2a: Tapu Fini\n|turn|26\n|j| cuzzie\n|\n|t:|1660054946\n|switch|p1a: on the edge|Excadrill, M|100\/100\n|-ability|p1a: on the edge|Mold Breaker\n|move|p2a: Tapu Fini|Whirlpool|p1a: on the edge\n|-supereffective|p1a: on the edge\n|-damage|p1a: on the edge|82\/100\n|-activate|p1a: on the edge|move: Whirlpool|[of] p2a: Tapu Fini\n|\n|-heal|p1a: on the edge|88\/100|[from] item: Leftovers\n|-damage|p1a: on the edge|76\/100|[from] move: Whirlpool|[partiallytrapped]\n|upkeep\n|turn|27\n|c|\u2606displacement force|oho\n|c|\u2606displacement force|pc cuzzie?!\n|c|\u2606displacement force|mobile\n|\n|t:|1660054963\n|move|p2a: Tapu Fini|Moonblast|p1a: on the edge\n|-resisted|p1a: on the edge\n|-damage|p1a: on the edge|64\/100\n|move|p1a: on the edge|Rapid Spin|p2a: Tapu Fini\n|-damage|p2a: Tapu Fini|90\/100\n|-boost|p1a: on the edge|spe|1\n|-end|p1a: on the edge|Whirlpool|[partiallytrapped]\n|\n|-heal|p1a: on the edge|70\/100|[from] item: Leftovers\n|-heal|p2a: Tapu Fini|96\/100|[from] item: Leftovers\n|upkeep\n|turn|28\n|c| cuzzie|Moblie\n|\n|t:|1660054980\n|switch|p2a: Landorus|Landorus-Therian, M|52\/100\n|-ability|p2a: Landorus|Intimidate|boost\n|-unboost|p1a: on the edge|atk|1\n|move|p1a: on the edge|Iron Head|p2a: Landorus\n|-damage|p2a: Landorus|29\/100\n|\n|-heal|p1a: on the edge|76\/100|[from] item: Leftovers\n|-heal|p2a: Landorus|35\/100|[from] item: Leftovers\n|upkeep\n|turn|29\n|inactive|displacement force has 120 seconds left.\n|\n|t:|1660055017\n|switch|p1a: steady chip|Thundurus, M|41\/100\n|move|p2a: Landorus|Earthquake|p1a: steady chip\n|-immune|p1a: steady chip\n|\n|-heal|p2a: Landorus|41\/100|[from] item: Leftovers\n|upkeep\n|turn|30\n|\n|t:|1660055028\n|move|p1a: steady chip|Knock Off|p2a: Landorus\n|-damage|p2a: Landorus|16\/100\n|-enditem|p2a: Landorus|Leftovers|[from] move: Knock Off|[of] p1a: steady chip\n|move|p2a: Landorus|U-turn|p1a: steady chip\n|-resisted|p1a: steady chip\n|-damage|p1a: steady chip|24\/100\n|\n|t:|1660055043\n|switch|p2a: Weavile|Weavile, F|100\/100|[from]move: U-turn\n|-ability|p2a: Weavile|Pressure\n|\n|-fieldend|Misty Terrain\n|upkeep\n|turn|31\n|\n|t:|1660055049\n|switch|p2a: Tapu Fini|Tapu Fini|96\/100\n|-fieldstart|move: Misty Terrain|[from] ability: Misty Surge|[of] p2a: Tapu Fini\n|switch|p1a: bailed twice|Pyukumuku, M|100\/100\n|\n|-heal|p2a: Tapu Fini|100\/100|[from] item: Leftovers\n|upkeep\n|turn|32\n|\n|t:|1660055058\n|switch|p1a: on the edge|Excadrill, M|76\/100\n|-ability|p1a: on the edge|Mold Breaker\n|move|p2a: Tapu Fini|Whirlpool|p1a: on the edge\n|-supereffective|p1a: on the edge\n|-damage|p1a: on the edge|59\/100\n|-activate|p1a: on the edge|move: Whirlpool|[of] p2a: Tapu Fini\n|\n|-heal|p1a: on the edge|65\/100|[from] item: Leftovers\n|-damage|p1a: on the edge|53\/100|[from] move: Whirlpool|[partiallytrapped]\n|upkeep\n|turn|33\n|\n|t:|1660055069\n|move|p2a: Tapu Fini|Whirlpool|p1a: on the edge\n|-supereffective|p1a: on the edge\n|-damage|p1a: on the edge|34\/100\n|move|p1a: on the edge|Rapid Spin|p2a: Tapu Fini\n|-crit|p2a: Tapu Fini\n|-damage|p2a: Tapu Fini|85\/100\n|-boost|p1a: on the edge|spe|1\n|-end|p1a: on the edge|Whirlpool|[partiallytrapped]\n|\n|-heal|p1a: on the edge|41\/100|[from] item: Leftovers\n|-heal|p2a: Tapu Fini|91\/100|[from] item: Leftovers\n|upkeep\n|turn|34\n|\n|t:|1660055079\n|move|p1a: on the edge|Iron Head|p2a: Tapu Fini\n|-damage|p2a: Tapu Fini|64\/100\n|cant|p2a: Tapu Fini|flinch\n|\n|-heal|p1a: on the edge|47\/100|[from] item: Leftovers\n|-heal|p2a: Tapu Fini|70\/100|[from] item: Leftovers\n|upkeep\n|turn|35\n|\n|t:|1660055086\n|move|p1a: on the edge|Earthquake|p2a: Tapu Fini\n|-crit|p2a: Tapu Fini\n|-damage|p2a: Tapu Fini|19\/100\n|move|p2a: Tapu Fini|Whirlpool|p1a: on the edge\n|-supereffective|p1a: on the edge\n|-damage|p1a: on the edge|28\/100\n|-activate|p1a: on the edge|move: Whirlpool|[of] p2a: Tapu Fini\n|\n|-heal|p1a: on the edge|34\/100|[from] item: Leftovers\n|-heal|p2a: Tapu Fini|25\/100|[from] item: Leftovers\n|-damage|p1a: on the edge|22\/100|[from] move: Whirlpool|[partiallytrapped]\n|-fieldend|Misty Terrain\n|upkeep\n|turn|36\n|\n|t:|1660055101\n|switch|p2a: Landorus|Landorus-Therian, M|16\/100\n|-ability|p2a: Landorus|Intimidate|boost\n|-unboost|p1a: on the edge|atk|1\n|move|p1a: on the edge|Iron Head|p2a: Landorus\n|-damage|p2a: Landorus|0 fnt\n|faint|p2a: Landorus\n|\n|-heal|p1a: on the edge|28\/100|[from] item: Leftovers\n|-end|p1a: on the edge|Whirlpool|[partiallytrapped]|[silent]\n|upkeep\n|\n|t:|1660055110\n|switch|p2a: Tapu Fini|Tapu Fini|25\/100\n|-fieldstart|move: Misty Terrain|[from] ability: Misty Surge|[of] p2a: Tapu Fini\n|turn|37\n|c| cuzzie|I didnt know u xpuld spin away woool\n|c|\u2606displacement force|bahahahaha\n|c| cuzzie|Vcool\n|c|\u2606displacement force|i spin faster than the whirlpool\n|c| cuzzie|Wpool\n|c|\u2606displacement force|in the opposite direction\n|\n|t:|1660055139\n|move|p1a: on the edge|Earthquake|p2a: Tapu Fini\n|-damage|p2a: Tapu Fini|2\/100\n|move|p2a: Tapu Fini|Whirlpool|p1a: on the edge\n|-supereffective|p1a: on the edge\n|-crit|p1a: on the edge\n|-damage|p1a: on the edge|0 fnt\n|faint|p1a: on the edge\n|\n|-heal|p2a: Tapu Fini|8\/100|[from] item: Leftovers\n|upkeep\n|c| cuzzie|Yess\n|\n|t:|1660055143\n|switch|p1a: steady chip|Thundurus, M|24\/100\n|turn|38\n|\n|t:|1660055150\n|switch|p2a: Weavile|Weavile, F|100\/100\n|-ability|p2a: Weavile|Pressure\n|move|p1a: steady chip|Volt Switch|p2a: Weavile\n|-damage|p2a: Weavile|55\/100\n|c| cuzzie|Cc\n|\n|t:|1660055154\n|switch|p1a: bailed twice|Pyukumuku, M|100\/100|[from]move: Volt Switch\n|\n|upkeep\n|turn|39\n|c| cuzzie|Flex\n|c| cuzzie|Lame\n|c|\u2606displacement force|LOL\n|c|\u2606displacement force|imagine\n|c| cuzzie|Exactly\n|c| cuzzie|Imagine\n|\n|t:|1660055171\n|switch|p2a: Tapu Fini|Tapu Fini|8\/100\n|switch|p1a: bailed once|Dragonite, F|67\/100\n|\n|-heal|p2a: Tapu Fini|14\/100|[from] item: Leftovers\n|upkeep\n|turn|40\n|c|\u2606displacement force|HE'S HEALING\n|\n|t:|1660055180\n|move|p2a: Tapu Fini|Moonblast|p1a: bailed once\n|-supereffective|p1a: bailed once\n|-damage|p1a: bailed once|16\/100\n|move|p1a: bailed once|Earthquake|p2a: Tapu Fini\n|-damage|p2a: Tapu Fini|0 fnt\n|faint|p2a: Tapu Fini\n|\n|upkeep\n|c|\u2606displacement force|ok not\n|\n|t:|1660055188\n|switch|p2a: Weavile|Weavile, F|55\/100\n|-ability|p2a: Weavile|Pressure\n|turn|41\n|c|\u2606displacement force|my opponent is super nice btw\n|c|\u2606brifye|gg the team is funny, I couldn't break through it\n|-message|brifye forfeited.\n|\n|win|displacement force\n|raw|displacement force's rating: 1681 &rarr; <strong>1702<\/strong><br \/>(+21 for winning)\n|raw|brifye's rating: 1707 &rarr; <strong>1686<\/strong><br \/>(-21 for losing)\n|l|\u2606brifye\n|c|\u2606displacement force|gg haha\n|c|\u2606displacement force|ye the funny team\n|c|\u2606displacement force|oh dang\n|c|\u2606displacement force|1700\n|c|\u2606displacement force|lgi\n|c| cuzzie|Niice\n|c|\u2606displacement force|we made it to the finish line bois\n|c|\u2606displacement force|this is my highest account now lolol\n||Ladder isn't responding, score probably updated but might not have (Request timeout).\n|c| cuzzie|Omy\n|c| cuzzie|Goat\n|c|\u2606displacement force|79.9 gxe\n|c|\u2606displacement force|kinda just want a .1 more\n|c|\u2606displacement force|bahahaha\n|c|\u2606displacement force|alas\n|c|\u2606displacement force|not gonna happen\n","uploadtime":1660055324,"views":30,"p1id":"displacementforce","p2id":"brifye","formatid":"gen8ou","rating":1686,"private":0,"password":null}