{"id":"gen8waterparadise-1371151324","p1":"lebanesestinker","p2":"KinetXxX","format":"gen8waterparadise","log":"|j|\u2606lebanesestinker\n|j|\u2606KinetXxX\n|t:|1625512348\n|gametype|singles\n|player|p1|lebanesestinker|policeman|1069\n|player|p2|KinetXxX|170|1025\n|teamsize|p1|6\n|teamsize|p2|6\n|gen|8\n|tier|[Gen 8] Water Paradise\n|rated|\n|rule|Species Clause: Limit one of each Pok\u00e9mon\n|rule|Item Clause: Limit one of each item\n|clearpoke\n|poke|p1|Barbaracle, L50, M|\n|poke|p1|Ludicolo, L50, F|\n|poke|p1|Starmie, L50|\n|poke|p1|Lanturn, L50, M|\n|poke|p1|Sharpedo, L50, F|\n|poke|p1|Gyarados, L50, F|\n|poke|p2|Arctovish, L50|\n|poke|p2|Dracovish, L50|\n|poke|p2|Pelipper, L50, F|\n|poke|p2|Gyarados, L50, M|\n|poke|p2|Ludicolo, L50, F|\n|poke|p2|Quagsire, L50, M|\n|teampreview|3\n|\n|t:|1625512368\n|start\n|switch|p1a: Starmie|Starmie, L50|100\/100\n|switch|p2a: Pelipper|Pelipper, L50, F|100\/100\n|-weather|RainDance|[from] ability: Drizzle|[of] p2a: Pelipper\n|turn|1\n|inactive|Battle timer is ON: inactive players will automatically lose when time's up. (requested by lebanesestinker)\n|\n|t:|1625512386\n|move|p1a: Starmie|Thunderbolt|p2a: Pelipper\n|-supereffective|p2a: Pelipper\n|-damage|p2a: Pelipper|0 fnt\n|faint|p2a: Pelipper\n|\n|-weather|RainDance|[upkeep]\n|upkeep\n|\n|t:|1625512396\n|switch|p2a: Ludicolo|Ludicolo, L50, F|100\/100\n|turn|2\n|\n|t:|1625512410\n|-start|p1a: Starmie|Dynamax\n|-heal|p1a: Starmie|100\/100|[silent]\n|move|p2a: Ludicolo|Giga Drain|p1a: Starmie\n|-supereffective|p1a: Starmie\n|-damage|p1a: Starmie|52\/100\n|move|p1a: Starmie|Max Strike|p2a: Ludicolo\n|-damage|p2a: Ludicolo|65\/100\n|-unboost|p2a: Ludicolo|spe|1\n|\n|-weather|RainDance|[upkeep]\n|upkeep\n|turn|3\n|\n|t:|1625512425\n|-start|p2a: Ludicolo|Dynamax\n|-heal|p2a: Ludicolo|65\/100|[silent]\n|move|p1a: Starmie|Max Mindstorm|p2a: Ludicolo\n|-damage|p2a: Ludicolo|34\/100\n|-fieldstart|move: Psychic Terrain\n|move|p2a: Ludicolo|Max Overgrowth|p1a: Starmie\n|-supereffective|p1a: Starmie\n|-damage|p1a: Starmie|0 fnt\n|-fieldstart|move: Grassy Terrain\n|faint|p1a: Starmie\n|\n|-weather|RainDance|[upkeep]\n|-heal|p2a: Ludicolo|37\/100|[from] Grassy Terrain\n|upkeep\n|\n|t:|1625512440\n|switch|p1a: Ludicolo|Ludicolo, L50, F|100\/100\n|turn|4\n|\n|t:|1625512448\n|move|p1a: Ludicolo|Giga Drain|p2a: Ludicolo\n|-damage|p2a: Ludicolo|4\/100\n|-damage|p1a: Ludicolo|91\/100|[from] item: Life Orb\n|move|p2a: Ludicolo|Max Overgrowth|p1a: Ludicolo\n|-damage|p1a: Ludicolo|8\/100\n|\n|-weather|RainDance|[upkeep]\n|-heal|p1a: Ludicolo|13\/100|[from] Grassy Terrain\n|-heal|p2a: Ludicolo|7\/100|[from] Grassy Terrain\n|upkeep\n|turn|5\n|\n|t:|1625512469\n|move|p1a: Ludicolo|Giga Drain|p2a: Ludicolo\n|-damage|p2a: Ludicolo|0 fnt\n|-heal|p1a: Ludicolo|20\/100|[from] drain|[of] p2a: Ludicolo\n|faint|p2a: Ludicolo\n|-damage|p1a: Ludicolo|10\/100|[from] item: Life Orb\n|\n|-weather|RainDance|[upkeep]\n|-heal|p1a: Ludicolo|16\/100|[from] Grassy Terrain\n|upkeep\n|\n|t:|1625512478\n|switch|p2a: Gyarados|Gyarados, L50, M, shiny|100\/100\n|turn|6\n|\n|t:|1625512495\n|move|p1a: Ludicolo|Giga Drain|p2a: Gyarados\n|-damage|p2a: Gyarados|42\/100\n|-heal|p1a: Ludicolo|48\/100|[from] drain|[of] p2a: Gyarados\n|-damage|p1a: Ludicolo|39\/100|[from] item: Life Orb\n|move|p2a: Gyarados|Thunder|p1a: Ludicolo\n|-damage|p1a: Ludicolo|13\/100\n|-damage|p2a: Gyarados|32\/100|[from] item: Life Orb\n|\n|-weather|RainDance|[upkeep]\n|-heal|p1a: Ludicolo|19\/100|[from] Grassy Terrain\n|upkeep\n|turn|7\n|\n|t:|1625512509\n|move|p1a: Ludicolo|Giga Drain|p2a: Gyarados\n|-damage|p2a: Gyarados|0 fnt\n|-heal|p1a: Ludicolo|37\/100|[from] drain|[of] p2a: Gyarados\n|faint|p2a: Gyarados\n|-damage|p1a: Ludicolo|27\/100|[from] item: Life Orb\n|\n|win|lebanesestinker\n|raw|lebanesestinker's rating: 1069 &rarr; <strong>1095<\/strong><br \/>(+26 for winning)\n|raw|KinetXxX's rating: 1025 &rarr; <strong>1013<\/strong><br \/>(-12 for losing)\n|l|\u2606KinetXxX\n||Ladder isn't responding, score probably updated but might not have (Request timeout).\n|l|\u2606lebanesestinker\n","uploadtime":1625513134,"views":0,"p1id":"lebanesestinker","p2id":"kinetxxx","formatid":"gen8waterparadise","rating":1013,"private":0,"password":null}