{"id":"gen8battlestadiumsingles-1060185747","p1":"Ryo_poke1202","p2":"PokeDa","format":"gen8battlestadiumsingles","log":"|j|\u2606Ryo_poke1202\n|j|\u2606PokeDa\n|player|p1|Ryo_poke1202|265|1517\n|player|p2|PokeDa|wallace|1355\n|teamsize|p1|6\n|teamsize|p2|6\n|gametype|singles\n|gen|8\n|tier|[Gen 8] Battle Stadium Singles\n|rated|\n|clearpoke\n|poke|p1|Dragapult, L50, F|\n|poke|p1|Mimikyu, L50, M|\n|poke|p1|Cloyster, L50, M|\n|poke|p1|Diggersby, L50, M|\n|poke|p1|Hydreigon, L50, F|\n|poke|p1|Cinderace, L50, F|\n|poke|p2|Dugtrio, L50, M|\n|poke|p2|Glalie, L50, M|\n|poke|p2|Snorlax, L50, M|\n|poke|p2|Mimikyu, L50, F|\n|poke|p2|Hatterene, L50, F|\n|poke|p2|Corviknight, L50, F|\n|rule|Species Clause: Limit one of each Pok\u00e9mon\n|rule|Item Clause: Limit one of each item\n|teampreview|3\n|inactive|Battle timer is ON: inactive players will automatically lose when time's up. (requested by PokeDa)\n|\n|start\n|switch|p1a: Diggersby|Diggersby, L50, M|48\/48\n|switch|p2a: Dugtrio|Dugtrio, L50, M|48\/48\n|turn|1\n|\n|-start|p1a: Diggersby|Dynamax\n|-heal|p1a: Diggersby|48\/48|[silent]\n|move|p2a: Dugtrio|Stealth Rock|p1a: Diggersby\n|-sidestart|p1: Ryo_poke1202|move: Stealth Rock\n|move|p1a: Diggersby|Max Airstream|p2a: Dugtrio\n|-enditem|p2a: Dugtrio|Focus Sash\n|-damage|p2a: Dugtrio|1\/48\n|-boost|p1a: Diggersby|spe|1\n|\n|upkeep\n|turn|2\n|\n|move|p2a: Dugtrio|Memento|p1a: Diggersby\n|-unboost|p1a: Diggersby|atk|2\n|-unboost|p1a: Diggersby|spa|2\n|faint|p2a: Dugtrio\n|move|p1a: Diggersby|Max Airstream|p2: Dugtrio|[notarget]\n|-fail|p1a: Diggersby\n|\n|upkeep\n|\n|switch|p2a: Corviknight|Corviknight, L50, F|48\/48\n|turn|3\n|\n|move|p1a: Diggersby|Max Lightning|p2a: Corviknight\n|-supereffective|p2a: Corviknight\n|-damage|p2a: Corviknight|19\/48\n|-enditem|p2a: Corviknight|Weakness Policy\n|-boost|p2a: Corviknight|atk|2|[from] item: Weakness Policy\n|-boost|p2a: Corviknight|spa|2|[from] item: Weakness Policy\n|-fieldstart|move: Electric Terrain\n|move|p2a: Corviknight|Bulk Up|p2a: Corviknight\n|-boost|p2a: Corviknight|atk|1\n|-boost|p2a: Corviknight|def|1\n|\n|-end|p1a: Diggersby|Dynamax\n|-heal|p1a: Diggersby|48\/48|[silent]\n|upkeep\n|turn|4\n|\n|-start|p2a: Corviknight|Dynamax\n|-heal|p2a: Corviknight|19\/48|[silent]\n|move|p1a: Diggersby|Thunder Punch|p2a: Corviknight\n|-supereffective|p2a: Corviknight\n|-damage|p2a: Corviknight|12\/48\n|move|p2a: Corviknight|Max Airstream|p1a: Diggersby\n|-damage|p1a: Diggersby|0 fnt\n|-boost|p2a: Corviknight|spe|1\n|faint|p1a: Diggersby\n|\n|upkeep\n|j| L96X2\n|inactive|Ryo_poke1202 has 120 seconds left.\n|\n|switch|p1a: Mimikyu|Mimikyu, L50, M|48\/48\n|-damage|p1a: Mimikyu|42\/48|[from] Stealth Rock\n|turn|5\n|\n|move|p2a: Corviknight|Max Airstream|p1a: Mimikyu\n|-activate|p1a: Mimikyu|ability: Disguise\n|-damage|p1a: Mimikyu|42\/48\n|-boost|p2a: Corviknight|spe|1\n|detailschange|p1a: Mimikyu|Mimikyu-Busted, L50, M\n|-damage|p1a: Mimikyu|36\/48|[from] pokemon: mimikyubusted\n|move|p1a: Mimikyu|Shadow Claw|p2a: Corviknight\n|-damage|p2a: Corviknight|6\/48\n|-damage|p1a: Mimikyu|31\/48|[from] item: Life Orb\n|\n|upkeep\n|turn|6\n|\n|move|p1a: Mimikyu|Shadow Sneak|p2a: Corviknight\n|-damage|p2a: Corviknight|3\/48\n|-damage|p1a: Mimikyu|26\/48|[from] item: Life Orb\n|move|p2a: Corviknight|Max Airstream|p1a: Mimikyu\n|-damage|p1a: Mimikyu|0 fnt\n|-boost|p2a: Corviknight|spe|1\n|faint|p1a: Mimikyu\n|\n|-end|p2a: Corviknight|Dynamax\n|-heal|p2a: Corviknight|3\/48|[silent]\n|upkeep\n|\n|switch|p1a: Cinderace|Cinderace, L50, F|48\/48\n|-damage|p1a: Cinderace|36\/48|[from] Stealth Rock\n|turn|7\n|\n|move|p1a: Cinderace|Sucker Punch||[still]\n|-fail|p1a: Cinderace\n|move|p2a: Corviknight|Roost|p2a: Corviknight\n|-heal|p2a: Corviknight|27\/48\n|-singleturn|p2a: Corviknight|move: Roost\n|\n|-fieldend|move: Electric Terrain\n|upkeep\n|turn|8\n|\n|move|p2a: Corviknight|Brave Bird|p1a: Cinderace\n|-damage|p1a: Cinderace|0 fnt\n|-damage|p2a: Corviknight|16\/48|[from] Recoil\n|faint|p1a: Cinderace\n|\n|win|PokeDa\n|c|\u2606PokeDa|gg\n|l|\u2606Ryo_poke1202\n|raw|Ryo_poke1202's rating: 1517 &rarr; <strong>1488<\/strong><br \/>(-29 for losing)\n|raw|PokeDa's rating: 1355 &rarr; <strong>1384<\/strong><br \/>(+29 for winning)\n","uploadtime":1581210689,"views":11,"p1id":"ryopoke1202","p2id":"pokeda","formatid":"gen8battlestadiumsingles","rating":1384,"private":0,"password":null}