{"id":"gen8randombattle-1648884398","p1":"Alolan Rillaboom","p2":"himynametay","format":"gen8randombattle","log":"|j|\u2606Alolan Rillaboom\n|j|\u203dhimynametay\n|t:|1661534320\n|gametype|singles\n|player|p1|Alolan Rillaboom|unknownf|1787\n|player|p2|himynametay|elesa-masters|1727\n|teamsize|p1|6\n|teamsize|p2|6\n|gen|8\n|tier|[Gen 8] Random Battle\n|rated|\n|rule|Species Clause: Limit one of each Pok\u00e9mon\n|rule|HP Percentage Mod: HP is shown in percentages\n|rule|Sleep Clause Mod: Limit one foe put to sleep\n|\n|t:|1661534320\n|start\n|switch|p1a: Corsola|Corsola-Galar, L84, F|238\/238\n|switch|p2a: Leafeon|Leafeon, L86, F|252\/252\n|turn|1\n|inactive|Battle timer is ON: inactive players will automatically lose when time's up. (requested by Alolan Rillaboom)\n|\n|t:|1661534330\n|move|p2a: Leafeon|Knock Off|p1a: Corsola\n|-supereffective|p1a: Corsola\n|-damage|p1a: Corsola|142\/238\n|-enditem|p1a: Corsola|Eviolite|[from] move: Knock Off|[of] p2a: Leafeon\n|move|p1a: Corsola|Will-O-Wisp|p2a: Leafeon|[miss]\n|-miss|p1a: Corsola|p2a: Leafeon\n|\n|upkeep\n|turn|2\n|\n|t:|1661534337\n|switch|p2a: Sigilyph|Sigilyph, L83, M|255\/255\n|move|p1a: Corsola|Strength Sap|p2a: Sigilyph\n|-unboost|p2a: Sigilyph|atk|1\n|-heal|p1a: Corsola|238\/238\n|\n|upkeep\n|turn|3\n|\n|t:|1661534361\n|switch|p1a: Uxie|Uxie, L82|257\/257\n|move|p2a: Sigilyph|Psychic|p1a: Uxie\n|-resisted|p1a: Uxie\n|-damage|p1a: Uxie|139\/257\n|\n|-heal|p1a: Uxie|155\/257|[from] item: Leftovers\n|upkeep\n|turn|4\n|\n|t:|1661534369\n|switch|p2a: Leafeon|Leafeon, L86, F|252\/252\n|move|p1a: Uxie|Knock Off|p2a: Leafeon\n|-damage|p2a: Leafeon|209\/252\n|-enditem|p2a: Leafeon|Choice Scarf|[from] move: Knock Off|[of] p1a: Uxie\n|\n|-heal|p1a: Uxie|171\/257|[from] item: Leftovers\n|upkeep\n|turn|5\n|\n|t:|1661534377\n|move|p2a: Leafeon|Knock Off|p1a: Uxie\n|-supereffective|p1a: Uxie\n|-damage|p1a: Uxie|57\/257\n|-enditem|p1a: Uxie|Leftovers|[from] move: Knock Off|[of] p2a: Leafeon\n|move|p1a: Uxie|U-turn|p2a: Leafeon\n|-supereffective|p2a: Leafeon\n|-damage|p2a: Leafeon|149\/252\n|\n|t:|1661534391\n|switch|p1a: Nihilego|Nihilego, L79|302\/302\n|\n|upkeep\n|turn|6\n|\n|t:|1661534397\n|move|p2a: Leafeon|Leaf Blade|p1a: Nihilego\n|-damage|p1a: Nihilego|110\/302\n|move|p1a: Nihilego|Stealth Rock|p2a: Leafeon\n|-sidestart|p2: himynametay|move: Stealth Rock\n|\n|-heal|p1a: Nihilego|128\/302|[from] item: Black Sludge\n|upkeep\n|turn|7\n|\n|t:|1661534409\n|switch|p1a: Moltres|Moltres-Galar, L75|259\/259\n|move|p2a: Leafeon|Leaf Blade|p1a: Moltres\n|-resisted|p1a: Moltres\n|-damage|p1a: Moltres|199\/259\n|\n|upkeep\n|turn|8\n|\n|t:|1661534417\n|switch|p2a: Cobalion|Cobalion, L78|270\/270\n|-damage|p2a: Cobalion|262\/270|[from] Stealth Rock\n|move|p1a: Moltres|Nasty Plot|p1a: Moltres\n|-boost|p1a: Moltres|spa|2\n|\n|upkeep\n|turn|9\n|\n|t:|1661534423\n|-start|p1a: Moltres|Dynamax|\n|-heal|p1a: Moltres|398\/518|[silent]\n|move|p2a: Cobalion|Stone Edge|p1a: Moltres\n|-supereffective|p1a: Moltres\n|-damage|p1a: Moltres|268\/518\n|move|p1a: Moltres|Max Airstream|p2a: Cobalion\n|-damage|p2a: Cobalion|0 fnt\n|-boost|p1a: Moltres|spe|1\n|faint|p2a: Cobalion\n|\n|upkeep\n|c|\u2606Alolan Rillaboom|This is gmolt baby\n|c|\u2606Alolan Rillaboom|The demon of randbats\n|c|\u2606Alolan Rillaboom|Hell yeah\n|inactive|himynametay has 120 seconds left.\n|c|\u2606Alolan Rillaboom|It goes brazyyy\n|inactive|himynametay has 90 seconds left.\n|\n|t:|1661534486\n|switch|p2a: Leafeon|Leafeon, L86, F|149\/252\n|-damage|p2a: Leafeon|118\/252|[from] Stealth Rock\n|turn|10\n|inactive|himynametay has 90 seconds left.\n|\n|t:|1661534502\n|move|p1a: Moltres|Max Airstream|p2a: Leafeon\n|-supereffective|p2a: Leafeon\n|-damage|p2a: Leafeon|0 fnt\n|-boost|p1a: Moltres|spe|1\n|faint|p2a: Leafeon\n|\n|upkeep\n|inactive|himynametay has 60 seconds left.\n|\n|t:|1661534553\n|switch|p2a: Naganadel|Naganadel, L74|230\/230\n|-damage|p2a: Naganadel|202\/230|[from] Stealth Rock\n|turn|11\n|\n|t:|1661534561\n|switch|p2a: Urshifu|Urshifu, L76, F|277\/277\n|-damage|p2a: Urshifu|260\/277|[from] Stealth Rock\n|move|p1a: Moltres|Max Airstream|p2a: Urshifu\n|-supereffective|p2a: Urshifu\n|-damage|p2a: Urshifu|0 fnt\n|-boost|p1a: Moltres|spe|1\n|faint|p2a: Urshifu\n|\n|upkeep\n|\n|t:|1661534565\n|switch|p2a: Cinccino|Cinccino, L84, F|263\/263\n|-damage|p2a: Cinccino|231\/263|[from] Stealth Rock\n|-end|p1a: Moltres|Dynamax\n|-heal|p1a: Moltres|134\/259|[silent]\n|turn|12\n|\n|t:|1661534574\n|-start|p2a: Cinccino|Dynamax|\n|-heal|p2a: Cinccino|462\/526|[silent]\n|move|p1a: Moltres|Fiery Wrath|p2a: Cinccino\n|-damage|p2a: Cinccino|266\/526\n|move|p2a: Cinccino|Max Rockfall|p1a: Moltres\n|-supereffective|p1a: Moltres\n|-damage|p1a: Moltres|0 fnt\n|-weather|Sandstorm\n|faint|p1a: Moltres\n|-damage|p2a: Cinccino|240\/526|[from] item: Life Orb\n|\n|-weather|Sandstorm|[upkeep]\n|-damage|p2a: Cinccino|224\/526|[from] Sandstorm\n|upkeep\n|l|\u2606Alolan Rillaboom\n|inactive|Alolan Rillaboom disconnected and has a minute to reconnect!\n|player|p1|\n|inactive|Alolan Rillaboom has 30 seconds to reconnect!\n|inactive|Alolan Rillaboom has 20 seconds to reconnect!\n|inactive|Alolan Rillaboom has 15 seconds to reconnect!\n|inactive|Alolan Rillaboom has 10 seconds to reconnect!\n|inactive|Alolan Rillaboom has 5 seconds to reconnect!\n|-message|Alolan Rillaboom lost due to inactivity.\n|\n|win|himynametay\n|raw|Alolan Rillaboom's rating: 1787 &rarr; <strong>1764<\/strong><br \/>(-23 for losing)\n|raw|himynametay's rating: 1727 &rarr; <strong>1750<\/strong><br \/>(+23 for winning)\n||Ladder isn't responding, score probably updated but might not have (Request timeout).\n","inputlog":">version 6a616b3eff9d23b71ac7ce9a5066e931b21dc500\n>start {\"formatid\":\"gen8randombattle\",\"seed\":[38283,7729,46376,11977],\"rated\":\"Rated battle\"}\n>player p1 {\"name\":\"Alolan Rillaboom\",\"avatar\":\"unknownf\",\"rating\":1787,\"seed\":[39610,24875,40764,33120]}\n>player p2 {\"name\":\"himynametay\",\"avatar\":\"elesa-masters\",\"rating\":1727,\"seed\":[37342,61948,1768,45141]}\n>p1 move willowisp\n>p2 move knockoff\n>p1 move strengthsap\n>p2 switch 3\n>p1 switch 4\n>p2 move psychic\n>p1 move knockoff\n>p2 switch 3\n>p1 move uturn\n>p2 move knockoff\n>p1 switch 2\n>p1 move stealthrock\n>p2 move leafblade\n>p1 switch 6\n>p2 move leafblade\n>p1 move nastyplot\n>p2 switch 4\n>p1 move hurricane dynamax\n>p2 move stoneedge\n>chat \u2606Alolan Rillaboom|This is gmolt baby\n>chat \u2606Alolan Rillaboom|The demon of randbats\n>chat \u2606Alolan Rillaboom|Hell yeah\n>chat \u2606Alolan Rillaboom|It goes brazyyy\n>p2 switch 4\n>p1 move hurricane dynamax\n>p2 move knockoff\n>p2 switch 5\n>p1 move hurricane dynamax\n>p2 switch 2\n>p2 switch 6\n>p1 move fierywrath\n>p2 move rockblast dynamax\n>forcelose p1","uploadtime":1661534647,"views":5,"p1id":"alolanrillaboom","p2id":"himynametay","formatid":"gen8randombattle","rating":1750,"private":0,"password":null}