{"id":"gen8hackmonscup-1675874315","p1":"Down$hift","p2":"ngrzes1996","format":"gen8hackmonscup","log":"|j|\u2606Down$hift\n|j|\u2606ngrzes1996\n|t:|1664731837\n|gametype|singles\n|player|p1|Down$hift|teamrocket|1511\n|player|p2|ngrzes1996|dragontamer|1397\n|teamsize|p1|6\n|teamsize|p2|6\n|gen|8\n|tier|[Gen 8] Hackmons Cup\n|rated|\n|rule|HP Percentage Mod: HP is shown in percentages\n|\n|t:|1664731837\n|start\n|switch|p1a: Machoke|Machoke, L80, M|246\/246\n|switch|p2a: Growlithe|Growlithe, L84, F|226\/226\n|turn|1\n|c|\u2606Down$hift|hf\n|inactive|Battle timer is ON: inactive players will automatically lose when time's up. (requested by ngrzes1996)\n|\n|t:|1664731867\n|switch|p1a: Meowth|Meowth-Galar, L89, M|228\/228\n|move|p2a: Growlithe|Dragon Pulse|p1a: Meowth\n|-resisted|p1a: Meowth\n|-damage|p1a: Meowth|152\/228\n|\n|upkeep\n|turn|2\n|\n|t:|1664731877\n|move|p2a: Growlithe|Dragon Pulse|p1a: Meowth\n|-resisted|p1a: Meowth\n|-damage|p1a: Meowth|80\/228\n|move|p1a: Meowth|Doom Desire|p2a: Growlithe\n|-start|p1a: Meowth|Doom Desire\n|\n|upkeep\n|turn|3\n|\n|t:|1664731883\n|switch|p1a: Klinklang|Klinklang, L73|204\/204\n|move|p2a: Growlithe|Dragon Pulse|p1a: Klinklang\n|-resisted|p1a: Klinklang\n|-damage|p1a: Klinklang|148\/204\n|\n|upkeep\n|turn|4\n|\n|t:|1664731889\n|move|p1a: Klinklang|Overheat|p2a: Growlithe\n|-resisted|p2a: Growlithe\n|-damage|p2a: Growlithe|189\/226\n|-unboost|p1a: Klinklang|spa|2\n|move|p2a: Growlithe|Dragon Pulse|p1a: Klinklang\n|-resisted|p1a: Klinklang\n|-damage|p1a: Klinklang|88\/204\n|\n|-end|p2a: Growlithe|move: Doom Desire\n|-resisted|p2a: Growlithe\n|-damage|p2a: Growlithe|127\/226\n|upkeep\n|turn|5\n|\n|t:|1664731896\n|switch|p1a: Meowth|Meowth-Galar, L89, M|80\/228\n|move|p2a: Growlithe|Jungle Healing|p2a: Growlithe\n|-heal|p2a: Growlithe|183\/226\n|\n|upkeep\n|turn|6\n|\n|t:|1664731900\n|move|p2a: Growlithe|Dragon Pulse|p1a: Meowth\n|-resisted|p1a: Meowth\n|-damage|p1a: Meowth|10\/228\n|move|p1a: Meowth|Dragon Tail|p2a: Growlithe\n|-damage|p2a: Growlithe|139\/226\n|drag|p2a: Feebas|Feebas, L98, F|213\/213\n|\n|upkeep\n|turn|7\n|\n|t:|1664731911\n|move|p2a: Feebas|Storm Throw|p1a: Meowth\n|-supereffective|p1a: Meowth\n|-crit|p1a: Meowth\n|-damage|p1a: Meowth|0 fnt\n|faint|p1a: Meowth\n|\n|upkeep\n|\n|t:|1664731930\n|switch|p1a: Chewtle|Chewtle, L90, F|259\/259\n|-ability|p1a: Chewtle|Pressure\n|turn|8\n|\n|t:|1664731935\n|move|p2a: Feebas|Storm Throw|p1a: Chewtle\n|-crit|p1a: Chewtle\n|-damage|p1a: Chewtle|225\/259\n|move|p1a: Chewtle|Focus Energy|p1a: Chewtle\n|-start|p1a: Chewtle|move: Focus Energy\n|\n|upkeep\n|turn|9\n|\n|t:|1664731940\n|move|p2a: Feebas|Storm Throw|p1a: Chewtle\n|-crit|p1a: Chewtle\n|-damage|p1a: Chewtle|189\/259\n|move|p1a: Chewtle|Psychic Fangs|p2a: Feebas\n|-crit|p2a: Feebas\n|-damage|p2a: Feebas|0 fnt\n|faint|p2a: Feebas\n|\n|upkeep\n|c|\u2606Down$hift|nom\n|\n|t:|1664731957\n|switch|p2a: Growlithe|Growlithe, L84, F|139\/226\n|turn|10\n|\n|t:|1664731961\n|move|p2a: Growlithe|Dragon Pulse|p1a: Chewtle\n|-damage|p1a: Chewtle|107\/259\n|move|p1a: Chewtle|Crabhammer|p2a: Growlithe\n|-supereffective|p2a: Growlithe\n|-crit|p2a: Growlithe\n|-damage|p2a: Growlithe|0 fnt\n|faint|p2a: Growlithe\n|\n|upkeep\n|\n|t:|1664731975\n|switch|p2a: Skrelp|Skrelp, L87, M|247\/247\n|-start|p2a: Skrelp|move: Focus Energy|[silent]\n|-transform|p2a: Skrelp|p1a: Chewtle|[from] ability: Imposter\n|-ability|p2a: Skrelp|Pressure\n|turn|11\n|\n|t:|1664731986\n|move|p2a: Skrelp|Psychic Fangs|p1a: Chewtle\n|-crit|p1a: Chewtle\n|-damage|p1a: Chewtle|0 fnt\n|faint|p1a: Chewtle\n|\n|upkeep\n|inactive|Down$hift has 120 seconds left.\n|\n|t:|1664732015\n|switch|p1a: Tyrunt|Tyrunt, L84, F|227\/227\n|turn|12\n|inactive|Down$hift has 120 seconds left.\n|\n|t:|1664732029\n|move|p2a: Skrelp|Crabhammer|p1a: Tyrunt|[miss]\n|-miss|p2a: Skrelp|p1a: Tyrunt\n|move|p1a: Tyrunt|Rock Polish|p1a: Tyrunt\n|-boost|p1a: Tyrunt|spe|2\n|\n|-damage|p1a: Tyrunt|199\/227|[from] item: Sticky Barb\n|upkeep\n|turn|13\n|\n|t:|1664732034\n|-start|p1a: Tyrunt|Dynamax|\n|-heal|p1a: Tyrunt|398\/454|[silent]\n|move|p1a: Tyrunt|Max Rockfall|p2a: Skrelp\n|-damage|p2a: Skrelp|58\/247\n|-weather|Sandstorm\n|move|p2a: Skrelp|Crabhammer|p1a: Tyrunt\n|-crit|p1a: Tyrunt\n|-damage|p1a: Tyrunt|229\/454\n|\n|-weather|Sandstorm|[upkeep]\n|-damage|p2a: Skrelp|43\/247|[from] Sandstorm\n|-damage|p1a: Tyrunt|201\/454|[from] item: Sticky Barb\n|upkeep\n|turn|14\n|\n|t:|1664732045\n|move|p1a: Tyrunt|Max Rockfall|p2a: Skrelp\n|-damage|p2a: Skrelp|0 fnt\n|faint|p2a: Skrelp\n|\n|-weather|Sandstorm|[upkeep]\n|-damage|p1a: Tyrunt|173\/454|[from] item: Sticky Barb\n|upkeep\n|\n|t:|1664732061\n|switch|p2a: Escavalier|Escavalier, L75, M|224\/224\n|turn|15\n|\n|t:|1664732064\n|move|p1a: Tyrunt|Max Rockfall|p2a: Escavalier\n|-damage|p2a: Escavalier|100\/224\n|move|p2a: Escavalier|Thousand Arrows|p1a: Tyrunt\n|-supereffective|p1a: Tyrunt\n|-crit|p1a: Tyrunt\n|-damage|p1a: Tyrunt|0 fnt\n|faint|p1a: Tyrunt\n|\n|-weather|Sandstorm|[upkeep]\n|upkeep\n|\n|t:|1664732069\n|switch|p1a: Thundurus|Thundurus-Therian, L70, M|215\/215\n|-ability|p1a: Thundurus|Cloud Nine\n|turn|16\n|\n|t:|1664732079\n|move|p1a: Thundurus|Blaze Kick|p2a: Escavalier\n|-supereffective|p2a: Escavalier\n|-damage|p2a: Escavalier|0 fnt\n|faint|p2a: Escavalier\n|\n|-weather|Sandstorm|[upkeep]\n|upkeep\n|\n|t:|1664732084\n|switch|p2a: Drednaw|Drednaw, L75, F|251\/251\n|turn|17\n|\n|t:|1664732100\n|move|p1a: Thundurus|Sleep Powder|p2a: Drednaw|[miss]\n|-miss|p1a: Thundurus|p2a: Drednaw\n|move|p2a: Drednaw|Work Up|p2a: Drednaw\n|-boost|p2a: Drednaw|atk|1\n|-boost|p2a: Drednaw|spa|1\n|\n|-weather|none\n|upkeep\n|turn|18\n|\n|t:|1664732106\n|move|p2a: Drednaw|Accelerock|p1a: Thundurus\n|-supereffective|p1a: Thundurus\n|-damage|p1a: Thundurus|23\/215\n|move|p1a: Thundurus|Sleep Powder|p2a: Drednaw\n|-status|p2a: Drednaw|slp|[from] move: Sleep Powder\n|\n|upkeep\n|turn|19\n|\n|t:|1664732110\n|cant|p2a: Drednaw|slp\n|move|p1a: Thundurus|Dragon Pulse|p2a: Drednaw\n|-damage|p2a: Drednaw|173\/251 slp\n|\n|upkeep\n|turn|20\n|\n|t:|1664732122\n|-curestatus|p2a: Drednaw|slp|[msg]\n|move|p2a: Drednaw|Accelerock|p1a: Thundurus\n|-supereffective|p1a: Thundurus\n|-damage|p1a: Thundurus|0 fnt\n|faint|p1a: Thundurus\n|\n|upkeep\n|\n|t:|1664732124\n|switch|p1a: Machoke|Machoke, L80, M|246\/246\n|turn|21\n|\n|t:|1664732130\n|move|p2a: Drednaw|Metronome|p2a: Drednaw\n|move|p2a: Drednaw|Iron Defense|p2a: Drednaw|[from]move: Metronome\n|-boost|p2a: Drednaw|def|2\n|move|p1a: Machoke|Leech Seed|p2a: Drednaw\n|-start|p2a: Drednaw|move: Leech Seed\n|\n|-damage|p2a: Drednaw|142\/251|[from] Leech Seed|[of] p1a: Machoke\n|upkeep\n|turn|22\n|\n|t:|1664732140\n|move|p2a: Drednaw|Metronome|p2a: Drednaw\n|move|p2a: Drednaw|Supersonic|p1a: Machoke|[from]move: Metronome|[miss]\n|-miss|p2a: Drednaw|p1a: Machoke\n|move|p1a: Machoke|Outrage|p2a: Drednaw\n|-damage|p2a: Drednaw|98\/251\n|\n|-damage|p2a: Drednaw|67\/251|[from] Leech Seed|[of] p1a: Machoke\n|upkeep\n|turn|23\n|\n|t:|1664732145\n|move|p2a: Drednaw|Zap Cannon|p1a: Machoke|[miss]\n|-miss|p2a: Drednaw|p1a: Machoke\n|move|p1a: Machoke|Outrage|p2a: Drednaw|[from]lockedmove\n|-damage|p2a: Drednaw|19\/251\n|\n|-damage|p2a: Drednaw|0 fnt|[from] Leech Seed|[of] p1a: Machoke\n|faint|p2a: Drednaw\n|upkeep\n|\n|t:|1664732147\n|switch|p2a: Grovyle|Grovyle, L80, F|186\/186\n|turn|24\n|\n|t:|1664732153\n|-start|p2a: Grovyle|Dynamax|\n|-heal|p2a: Grovyle|372\/372|[silent]\n|move|p2a: Grovyle|Max Airstream|p1a: Machoke\n|-supereffective|p1a: Machoke\n|-damage|p1a: Machoke|86\/246\n|-boost|p2a: Grovyle|spe|1\n|-start|p1a: Machoke|typechange|Flying|[from] ability: Color Change\n|move|p1a: Machoke|Outrage|p2a: Grovyle|[from]lockedmove\n|-damage|p2a: Grovyle|295\/372\n|-start|p1a: Machoke|confusion|[fatigue]\n|\n|upkeep\n|turn|25\n|\n|t:|1664732167\n|move|p2a: Grovyle|Max Wyrmwind|p1a: Machoke\n|-damage|p1a: Machoke|0 fnt\n|faint|p1a: Machoke\n|\n|upkeep\n|\n|t:|1664732170\n|switch|p1a: Klinklang|Klinklang, L73|88\/204\n|turn|26\n|\n|t:|1664732175\n|move|p2a: Grovyle|Max Wyrmwind|p1a: Klinklang\n|-resisted|p1a: Klinklang\n|-damage|p1a: Klinklang|39\/204\n|-unboost|p1a: Klinklang|atk|1\n|move|p1a: Klinklang|Ember|p2a: Grovyle\n|-supereffective|p2a: Grovyle\n|-damage|p2a: Grovyle|259\/372\n|\n|upkeep\n|-end|p2a: Grovyle|Dynamax\n|-heal|p2a: Grovyle|130\/186|[silent]\n|turn|27\n|\n|t:|1664732184\n|move|p2a: Grovyle|Clanging Scales|p1a: Klinklang\n|-resisted|p1a: Klinklang\n|-damage|p1a: Klinklang|0 fnt\n|faint|p1a: Klinklang\n|\n|win|ngrzes1996\n|raw|Down$hift's rating: 1511 &rarr; <strong>1485<\/strong><br \/>(-26 for losing)\n|raw|ngrzes1996's rating: 1397 &rarr; <strong>1423<\/strong><br \/>(+26 for winning)\n|c|\u2606Down$hift|gg\n|l|\u2606Down$hift\n||Ladder isn't responding, score probably updated but might not have (Request timeout).\n","uploadtime":1664732194,"views":9,"p1id":"downhift","p2id":"ngrzes1996","formatid":"gen8hackmonscup","rating":1423,"private":0,"password":null}