{"id":"gen8ou-1498376029","p1":"Igotthegat","p2":"Sassyqt","format":"gen8ou","log":"|j|\u2606Igotthegat\n|j|\u203dSassyqt\n|t:|1643144169\n|gametype|singles\n|player|p1|Igotthegat|hilda|1302\n|player|p2|Sassyqt|cynthia-gen4|1318\n|teamsize|p1|6\n|teamsize|p2|6\n|gen|8\n|tier|[Gen 8] OU\n|rated|\n|rule|Sleep Clause Mod: Limit one foe put to sleep\n|rule|Species Clause: Limit one of each Pok\u00e9mon\n|rule|OHKO Clause: OHKO moves are banned\n|rule|Evasion Moves Clause: Evasion moves are banned\n|rule|Endless Battle Clause: Forcing endless battles is banned\n|rule|HP Percentage Mod: HP is shown in percentages\n|rule|Dynamax Clause: You cannot dynamax\n|clearpoke\n|poke|p1|Landorus-Therian, M|\n|poke|p1|Slowbro, F|\n|poke|p1|Volcarona, M|\n|poke|p1|Bisharp, F|\n|poke|p1|Kartana|\n|poke|p1|Tapu Fini|\n|poke|p2|Landorus-Therian, M|\n|poke|p2|Tapu Lele|\n|poke|p2|Alakazam, M|\n|poke|p2|Ferrothorn, M|\n|poke|p2|Moltres-Galar|\n|poke|p2|Toxapex, M|\n|teampreview\n|inactive|Battle timer is ON: inactive players will automatically lose when time's up. (requested by Igotthegat)\n|\n|t:|1643144175\n|start\n|switch|p1a: Volcarona|Volcarona, M|100\/100\n|switch|p2a: Tapu Lele|Tapu Lele|100\/100\n|-fieldstart|move: Psychic Terrain|[from] ability: Psychic Surge|[of] p2a: Tapu Lele\n|turn|1\n|\n|t:|1643144190\n|move|p1a: Volcarona|Quiver Dance|p1a: Volcarona\n|-boost|p1a: Volcarona|spa|1\n|-boost|p1a: Volcarona|spd|1\n|-boost|p1a: Volcarona|spe|1\n|move|p2a: Tapu Lele|Psyshock|p1a: Volcarona\n|-damage|p1a: Volcarona|0 fnt\n|faint|p1a: Volcarona\n|\n|upkeep\n|\n|t:|1643144199\n|switch|p1a: Bisharp|Bisharp, F|100\/100\n|turn|2\n|inactive|Sassyqt has 120 seconds left.\n|\n|t:|1643144229\n|switch|p2a: Ferrothorn|Ferrothorn, M|100\/100\n|move|p1a: Bisharp|Swords Dance|p1a: Bisharp\n|-boost|p1a: Bisharp|atk|2\n|\n|upkeep\n|turn|3\n|\n|t:|1643144239\n|switch|p2a: Toxapex|Toxapex, M|100\/100\n|move|p1a: Bisharp|Knock Off|p2a: Toxapex\n|-damage|p2a: Toxapex|35\/100\n|-damage|p1a: Bisharp|84\/100|[from] item: Rocky Helmet|[of] p2a: Toxapex\n|-enditem|p2a: Toxapex|Rocky Helmet|[from] move: Knock Off|[of] p1a: Bisharp\n|\n|upkeep\n|turn|4\n|\n|t:|1643144248\n|switch|p2a: Ferrothorn|Ferrothorn, M|100\/100\n|move|p1a: Bisharp|Knock Off|p2a: Ferrothorn\n|-damage|p2a: Ferrothorn|12\/100\n|-damage|p1a: Bisharp|72\/100|[from] ability: Iron Barbs|[of] p2a: Ferrothorn\n|-enditem|p2a: Ferrothorn|Leftovers|[from] move: Knock Off|[of] p1a: Bisharp\n|\n|upkeep\n|turn|5\n|\n|t:|1643144256\n|move|p1a: Bisharp|Knock Off|p2a: Ferrothorn\n|-damage|p2a: Ferrothorn|0 fnt\n|-damage|p1a: Bisharp|59\/100|[from] ability: Iron Barbs|[of] p2a: Ferrothorn\n|faint|p2a: Ferrothorn\n|\n|-fieldend|move: Psychic Terrain\n|upkeep\n|\n|t:|1643144259\n|switch|p2a: Tapu Lele|Tapu Lele|100\/100\n|-fieldstart|move: Psychic Terrain|[from] ability: Psychic Surge|[of] p2a: Tapu Lele\n|turn|6\n|\n|t:|1643144273\n|move|p1a: Bisharp|Sucker Punch|p2a: Tapu Lele\n|-activate|p2a: Tapu Lele|move: Psychic Terrain\n|move|p2a: Tapu Lele|Moonblast|p1a: Bisharp\n|-damage|p1a: Bisharp|0 fnt\n|faint|p1a: Bisharp\n|\n|upkeep\n|\n|t:|1643144282\n|switch|p1a: Kartana|Kartana|100\/100\n|turn|7\n|\n|t:|1643144290\n|move|p1a: Kartana|Leaf Blade|p2a: Tapu Lele\n|-crit|p2a: Tapu Lele\n|-damage|p2a: Tapu Lele|0 fnt\n|faint|p2a: Tapu Lele\n|-ability|p1a: Kartana|Beast Boost|boost\n|-boost|p1a: Kartana|atk|1\n|\n|upkeep\n|\n|t:|1643144294\n|switch|p2a: Alakazam|Alakazam, M|100\/100\n|turn|8\n|\n|t:|1643144305\n|move|p1a: Kartana|Leaf Blade|p2a: Alakazam\n|-enditem|p2a: Alakazam|Focus Sash\n|-damage|p2a: Alakazam|1\/100\n|move|p2a: Alakazam|Expanding Force|p1a: Kartana\n|-resisted|p1a: Kartana\n|-damage|p1a: Kartana|0 fnt\n|faint|p1a: Kartana\n|\n|upkeep\n|\n|t:|1643144314\n|switch|p1a: Tapu Fini|Tapu Fini|100\/100\n|-fieldstart|move: Misty Terrain|[from] ability: Misty Surge|[of] p1a: Tapu Fini\n|turn|9\n|\n|t:|1643144329\n|move|p1a: Tapu Fini|Trick|p2a: Alakazam\n|-activate|p1a: Tapu Fini|move: Trick|[of] p2a: Alakazam\n|-item|p2a: Alakazam|Choice Scarf|[from] move: Trick\n|-enditem|p1a: Tapu Fini|Choice Scarf|[silent]|[from] move: Trick\n|move|p2a: Alakazam|Expanding Force|p1a: Tapu Fini\n|-damage|p1a: Tapu Fini|65\/100\n|\n|upkeep\n|turn|10\n|\n|t:|1643144339\n|move|p2a: Alakazam|Expanding Force|p1a: Tapu Fini\n|-crit|p1a: Tapu Fini\n|-damage|p1a: Tapu Fini|12\/100\n|move|p1a: Tapu Fini|Scald|p2a: Alakazam\n|-damage|p2a: Alakazam|0 fnt\n|faint|p2a: Alakazam\n|\n|upkeep\n|\n|t:|1643144351\n|switch|p2a: Moltres|Moltres-Galar|100\/100\n|turn|11\n|\n|t:|1643144358\n|move|p1a: Tapu Fini|Moonblast|p2a: Moltres\n|-supereffective|p2a: Moltres\n|-damage|p2a: Moltres|48\/100\n|-ability|p2a: Moltres|Berserk|boost\n|-boost|p2a: Moltres|spa|1\n|move|p2a: Moltres|Agility|p2a: Moltres\n|-boost|p2a: Moltres|spe|2\n|\n|upkeep\n|turn|12\n|\n|t:|1643144367\n|move|p2a: Moltres|Fiery Wrath|p1a: Tapu Fini\n|-resisted|p1a: Tapu Fini\n|-damage|p1a: Tapu Fini|0 fnt\n|faint|p1a: Tapu Fini\n|\n|upkeep\n|\n|t:|1643144372\n|switch|p1a: Slowbro|Slowbro, F|100\/100\n|turn|13\n|\n|t:|1643144375\n|move|p2a: Moltres|Fiery Wrath|p1a: Slowbro\n|-supereffective|p1a: Slowbro\n|-damage|p1a: Slowbro|0 fnt\n|faint|p1a: Slowbro\n|\n|-fieldend|Misty Terrain\n|upkeep\n|-message|Igotthegat forfeited.\n|\n|win|Sassyqt\n|raw|Igotthegat's rating: 1302 &rarr; <strong>1283<\/strong><br \/>(-19 for losing)\n|raw|Sassyqt's rating: 1318 &rarr; <strong>1337<\/strong><br \/>(+19 for winning)\n|l|\u2606Igotthegat\n||Ladder isn't responding, score probably updated but might not have (Request timeout).\n","uploadtime":1643144385,"views":15,"p1id":"igotthegat","p2id":"sassyqt","formatid":"gen8ou","rating":1283,"private":0,"password":null}