{"id":"gen8randombattle-1182810253","p1":"NintendoLabz","p2":"BaddyGames","format":"gen8randombattle","log":"|j|\u2606NintendoLabz\n|j|\u2606BaddyGames\n|t:|1599496912\n|player|p1|NintendoLabz|138|\n|player|p2|BaddyGames|275|\n|teamsize|p1|6\n|teamsize|p2|6\n|gametype|singles\n|gen|8\n|tier|[Gen 8] Random Battle\n|rule|Species Clause: Limit one of each Pok\u00e9mon\n|rule|HP Percentage Mod: HP is shown in percentages\n|rule|Sleep Clause Mod: Limit one foe put to sleep\n|\n|t:|1599496912\n|start\n|switch|p1a: Cloyster|Cloyster, L80, M|211\/211\n|switch|p2a: Cryogonal|Cryogonal, L88|284\/284\n|turn|1\n|\n|t:|1599496936\n|switch|p1a: Falinks|Falinks, L88|258\/258\n|move|p2a: Cryogonal|Toxic|p1a: Falinks|[miss]\n|-miss|p2a: Cryogonal|p1a: Falinks\n|\n|upkeep\n|turn|2\n|\n|t:|1599496952\n|switch|p2a: Sableye|Sableye, L86, F|226\/226\n|move|p1a: Falinks|No Retreat|p1a: Falinks\n|-boost|p1a: Falinks|atk|1\n|-boost|p1a: Falinks|def|1\n|-boost|p1a: Falinks|spa|1\n|-boost|p1a: Falinks|spd|1\n|-boost|p1a: Falinks|spe|1\n|-start|p1a: Falinks|move: No Retreat\n|\n|upkeep\n|turn|3\n|\n|t:|1599496968\n|-start|p1a: Falinks|Dynamax\n|-heal|p1a: Falinks|516\/516|[silent]\n|move|p2a: Sableye|Will-O-Wisp|p1a: Falinks\n|-status|p1a: Falinks|brn\n|move|p1a: Falinks|Max Rockfall|p2a: Sableye\n|-damage|p2a: Sableye|125\/226\n|-weather|Sandstorm\n|-damage|p1a: Falinks|491\/516 brn|[from] item: Life Orb\n|\n|-weather|Sandstorm|[upkeep]\n|-damage|p1a: Falinks|475\/516 brn|[from] Sandstorm\n|-damage|p2a: Sableye|111\/226|[from] Sandstorm\n|-heal|p2a: Sableye|125\/226|[from] item: Leftovers\n|-damage|p1a: Falinks|459\/516 brn|[from] brn\n|upkeep\n|turn|4\n|c|\u2606NintendoLabz|Cancer\n|\n|t:|1599496993\n|move|p2a: Sableye|Recover|p2a: Sableye\n|-heal|p2a: Sableye|226\/226\n|move|p1a: Falinks|Max Rockfall|p2a: Sableye\n|-damage|p2a: Sableye|117\/226\n|-damage|p1a: Falinks|434\/516 brn|[from] item: Life Orb\n|\n|-weather|Sandstorm|[upkeep]\n|-damage|p1a: Falinks|418\/516 brn|[from] Sandstorm\n|-damage|p2a: Sableye|103\/226|[from] Sandstorm\n|-heal|p2a: Sableye|117\/226|[from] item: Leftovers\n|-damage|p1a: Falinks|402\/516 brn|[from] brn\n|upkeep\n|turn|5\n|c|\u2606NintendoLabz|Die\n|\n|t:|1599497011\n|move|p2a: Sableye|Recover|p2a: Sableye\n|-heal|p2a: Sableye|226\/226\n|move|p1a: Falinks|Max Ooze|p2a: Sableye\n|-resisted|p2a: Sableye\n|-damage|p2a: Sableye|190\/226\n|-boost|p1a: Falinks|spa|1\n|-damage|p1a: Falinks|377\/516 brn|[from] item: Life Orb\n|\n|-weather|Sandstorm|[upkeep]\n|-damage|p1a: Falinks|361\/516 brn|[from] Sandstorm\n|-damage|p2a: Sableye|176\/226|[from] Sandstorm\n|-heal|p2a: Sableye|190\/226|[from] item: Leftovers\n|-damage|p1a: Falinks|345\/516 brn|[from] brn\n|-end|p1a: Falinks|Dynamax\n|-heal|p1a: Falinks|173\/258 brn|[silent]\n|upkeep\n|turn|6\n|\n|t:|1599497033\n|move|p2a: Sableye|Encore|p1a: Falinks\n|-start|p1a: Falinks|Encore\n|move|p1a: Falinks|Poison Jab|p2a: Sableye\n|-resisted|p2a: Sableye\n|-damage|p2a: Sableye|158\/226\n|-damage|p1a: Falinks|148\/258 brn|[from] item: Life Orb\n|\n|-weather|Sandstorm|[upkeep]\n|-damage|p1a: Falinks|132\/258 brn|[from] Sandstorm\n|-damage|p2a: Sableye|144\/226|[from] Sandstorm\n|-heal|p2a: Sableye|158\/226|[from] item: Leftovers\n|-damage|p1a: Falinks|116\/258 brn|[from] brn\n|upkeep\n|turn|7\n|c|\u2606NintendoLabz|Why can't i say k1ll y0urself\n|\n|t:|1599497065\n|move|p1a: Falinks|Poison Jab|p2a: Sableye\n|-resisted|p2a: Sableye\n|-damage|p2a: Sableye|126\/226\n|-damage|p1a: Falinks|91\/258 brn|[from] item: Life Orb\n|move|p2a: Sableye|Foul Play|p1a: Falinks\n|-resisted|p1a: Falinks\n|-damage|p1a: Falinks|41\/258 brn\n|\n|-weather|none\n|-heal|p2a: Sableye|140\/226|[from] item: Leftovers\n|-damage|p1a: Falinks|25\/258 brn|[from] brn\n|upkeep\n|turn|8\n|c|\u2606BaddyGames|a lot of shit is censored here\n|c|\u2606BaddyGames|it sucks\n|\n|t:|1599497081\n|move|p2a: Sableye|Recover|p2a: Sableye\n|-heal|p2a: Sableye|226\/226\n|move|p1a: Falinks|Poison Jab|p2a: Sableye\n|-resisted|p2a: Sableye\n|-damage|p2a: Sableye|192\/226\n|-damage|p1a: Falinks|0 fnt|[from] item: Life Orb\n|faint|p1a: Falinks\n|\n|-heal|p2a: Sableye|206\/226|[from] item: Leftovers\n|upkeep\n|c|\u2606NintendoLabz|30% poison chance btw\n|\n|t:|1599497113\n|switch|p1a: Milotic|Milotic, L84, M|297\/297\n|turn|9\n|c|\u2606BaddyGames|you used it 3 times\n|\n|t:|1599497126\n|switch|p2a: Cryogonal|Cryogonal, L88|284\/284\n|move|p1a: Milotic|Toxic|p2a: Cryogonal|[miss]\n|-miss|p1a: Milotic|p2a: Cryogonal\n|\n|upkeep\n|turn|10\n|c|\u2606NintendoLabz|I am very close to leaving this game\n|\n|t:|1599497144\n|switch|p1a: Celesteela|Celesteela, L80|286\/286\n|move|p2a: Cryogonal|Toxic|p1a: Celesteela\n|-immune|p1a: Celesteela\n|\n|upkeep\n|turn|11\n|\n|t:|1599497157\n|switch|p2a: Sableye|Sableye, L86, F|206\/226\n|move|p1a: Celesteela|Fire Blast|p2a: Sableye\n|-damage|p2a: Sableye|111\/226\n|\n|-heal|p2a: Sableye|125\/226|[from] item: Leftovers\n|upkeep\n|turn|12\n|\n|t:|1599497181\n|move|p2a: Sableye|Recover|p2a: Sableye\n|-heal|p2a: Sableye|226\/226\n|move|p1a: Celesteela|Flash Cannon|p2a: Sableye\n|-damage|p2a: Sableye|132\/226\n|-unboost|p2a: Sableye|spd|1\n|\n|-heal|p2a: Sableye|146\/226|[from] item: Leftovers\n|upkeep\n|turn|13\n|\n|t:|1599497203\n|switch|p2a: Cinderace|Cinderace, L76, F|247\/247\n|move|p1a: Celesteela|Flash Cannon|p2a: Cinderace\n|-resisted|p2a: Cinderace\n|-damage|p2a: Cinderace|193\/247\n|\n|upkeep\n|turn|14\n|\n|t:|1599497213\n|move|p2a: Cinderace|U-turn|p1a: Celesteela\n|-start|p2a: Cinderace|typechange|Bug|[from] ability: Libero\n|-resisted|p1a: Celesteela\n|-damage|p1a: Celesteela|271\/286\n|\n|t:|1599497219\n|switch|p2a: Sableye|Sableye, L86, F|146\/226\n|move|p1a: Celesteela|Earthquake|p2a: Sableye\n|-damage|p2a: Sableye|69\/226\n|\n|-heal|p1a: Celesteela|286\/286|[from] item: Leftovers\n|-heal|p2a: Sableye|83\/226|[from] item: Leftovers\n|upkeep\n|turn|15\n|\n|t:|1599497231\n|move|p2a: Sableye|Recover|p2a: Sableye\n|-heal|p2a: Sableye|196\/226\n|move|p1a: Celesteela|Flash Cannon|p2a: Sableye\n|-damage|p2a: Sableye|99\/226\n|\n|-heal|p2a: Sableye|113\/226|[from] item: Leftovers\n|upkeep\n|turn|16\n|\n|t:|1599497265\n|switch|p2a: Greedent|Greedent, L88, M|354\/354\n|move|p1a: Celesteela|Earthquake|p2a: Greedent\n|-damage|p2a: Greedent|296\/354\n|\n|upkeep\n|turn|17\n|\n|t:|1599497279\n|switch|p1a: Milotic|Milotic, L84, M|297\/297\n|move|p2a: Greedent|Body Slam|p1a: Milotic\n|-damage|p1a: Milotic|188\/297\n|\n|-heal|p1a: Milotic|206\/297|[from] item: Leftovers\n|upkeep\n|turn|18\n|\n|t:|1599497288\n|switch|p2a: Cryogonal|Cryogonal, L88|284\/284\n|move|p1a: Milotic|Toxic|p2a: Cryogonal\n|-status|p2a: Cryogonal|tox\n|\n|-heal|p1a: Milotic|224\/297|[from] item: Leftovers\n|-damage|p2a: Cryogonal|267\/284 tox|[from] psn\n|upkeep\n|turn|19\n|\n|t:|1599497300\n|switch|p1a: Celesteela|Celesteela, L80|286\/286\n|move|p2a: Cryogonal|Freeze-Dry|p1a: Celesteela\n|-damage|p1a: Celesteela|213\/286\n|\n|-heal|p1a: Celesteela|230\/286|[from] item: Leftovers\n|-damage|p2a: Cryogonal|233\/284 tox|[from] psn\n|upkeep\n|turn|20\n|\n|t:|1599497311\n|move|p2a: Cryogonal|Freeze-Dry|p1a: Celesteela\n|-damage|p1a: Celesteela|158\/286\n|move|p1a: Celesteela|Flash Cannon|p2a: Cryogonal\n|-supereffective|p2a: Cryogonal\n|-damage|p2a: Cryogonal|117\/284 tox\n|\n|-heal|p1a: Celesteela|175\/286|[from] item: Leftovers\n|-damage|p2a: Cryogonal|66\/284 tox|[from] psn\n|upkeep\n|turn|21\n|\n|t:|1599497321\n|move|p1a: Celesteela|Protect|p1a: Celesteela\n|-singleturn|p1a: Celesteela|Protect\n|move|p2a: Cryogonal|Freeze-Dry|p1a: Celesteela\n|-activate|p1a: Celesteela|move: Protect\n|\n|-heal|p1a: Celesteela|192\/286|[from] item: Leftovers\n|-damage|p2a: Cryogonal|0 fnt|[from] psn\n|faint|p2a: Cryogonal\n|upkeep\n|\n|t:|1599497323\n|switch|p2a: Cinderace|Cinderace, L76, F|193\/247\n|turn|22\n|\n|t:|1599497355\n|move|p2a: Cinderace|Pyro Ball|p1a: Celesteela|[miss]\n|-miss|p2a: Cinderace|p1a: Celesteela\n|move|p1a: Celesteela|Earthquake|p2a: Cinderace\n|-supereffective|p2a: Cinderace\n|-damage|p2a: Cinderace|31\/247\n|\n|-heal|p1a: Celesteela|209\/286|[from] item: Leftovers\n|upkeep\n|turn|23\n|\n|t:|1599497367\n|move|p2a: Cinderace|Pyro Ball|p1a: Celesteela\n|-supereffective|p1a: Celesteela\n|-damage|p1a: Celesteela|0 fnt\n|faint|p1a: Celesteela\n|\n|upkeep\n|\n|t:|1599497383\n|switch|p1a: Milotic|Milotic, L84, M|224\/297\n|turn|24\n|\n|t:|1599497398\n|move|p2a: Cinderace|Gunk Shot|p1a: Milotic|[miss]\n|-start|p2a: Cinderace|typechange|Poison|[from] ability: Libero\n|-miss|p2a: Cinderace|p1a: Milotic\n|move|p1a: Milotic|Scald|p2a: Cinderace\n|-damage|p2a: Cinderace|0 fnt\n|faint|p2a: Cinderace\n|\n|-heal|p1a: Milotic|242\/297|[from] item: Leftovers\n|upkeep\n|c|\u2606BaddyGames|why\n|c|\u2606NintendoLabz|Good\n|\n|t:|1599497417\n|switch|p2a: Gourgeist|Gourgeist, L88, M|258\/258\n|-item|p1a: Milotic|Leftovers|[from] ability: Frisk|[of] p2a: Gourgeist|[identify]\n|turn|25\n|\n|t:|1599497423\n|switch|p1a: Exeggutor|Exeggutor-Alola, L86, F|304\/304\n|-item|p2a: Gourgeist|Life Orb|[from] ability: Frisk|[of] p1a: Exeggutor|[identify]\n|move|p2a: Gourgeist|Power Whip|p1a: Exeggutor|[miss]\n|-miss|p2a: Gourgeist|p1a: Exeggutor\n|\n|upkeep\n|turn|26\n|\n|t:|1599497437\n|move|p2a: Gourgeist|Poltergeist|p1a: Exeggutor\n|-activate|p1a: Exeggutor|move: Poltergeist|Choice Specs\n|-damage|p1a: Exeggutor|131\/304\n|-damage|p2a: Gourgeist|233\/258|[from] item: Life Orb\n|move|p1a: Exeggutor|Flamethrower|p2a: Gourgeist\n|-supereffective|p2a: Gourgeist\n|-damage|p2a: Gourgeist|0 fnt\n|faint|p2a: Gourgeist\n|\n|upkeep\n|\n|t:|1599497459\n|switch|p2a: Sableye|Sableye, L86, F|113\/226\n|turn|27\n|c|\u2606NintendoLabz|Specs exeggutor what\n|\n|t:|1599497465\n|move|p2a: Sableye|Foul Play|p1a: Exeggutor\n|-damage|p1a: Exeggutor|40\/304\n|move|p1a: Exeggutor|Flamethrower|p2a: Sableye\n|-crit|p2a: Sableye\n|-damage|p2a: Sableye|0 fnt\n|faint|p2a: Sableye\n|\n|upkeep\n|\n|t:|1599497474\n|switch|p2a: Cloyster|Cloyster, L80, M|211\/211\n|turn|28\n|\n|t:|1599497478\n|move|p2a: Cloyster|Shell Smash|p2a: Cloyster\n|-unboost|p2a: Cloyster|def|1\n|-unboost|p2a: Cloyster|spd|1\n|-boost|p2a: Cloyster|atk|2\n|-boost|p2a: Cloyster|spa|2\n|-boost|p2a: Cloyster|spe|2\n|-enditem|p2a: Cloyster|White Herb\n|-clearnegativeboost|p2a: Cloyster|[silent]\n|move|p1a: Exeggutor|Flamethrower|p2a: Cloyster\n|-damage|p2a: Cloyster|1\/211\n|\n|upkeep\n|turn|29\n|c|\u2606BaddyGames|fuck this game\n|\n|t:|1599497491\n|move|p2a: Cloyster|Icicle Spear|p1a: Exeggutor\n|-supereffective|p1a: Exeggutor\n|-damage|p1a: Exeggutor|0 fnt\n|-hitcount|p1a: Exeggutor|1\n|faint|p1a: Exeggutor\n|\n|upkeep\n|\n|t:|1599497499\n|switch|p1a: Milotic|Milotic, L84, M|242\/297\n|turn|30\n|\n|t:|1599497504\n|move|p2a: Cloyster|Explosion|p1a: Milotic\n|-damage|p1a: Milotic|0 fnt\n|faint|p2a: Cloyster\n|faint|p1a: Milotic\n|\n|upkeep\n|c|\u2606NintendoLabz|Nice\n|\n|t:|1599497514\n|switch|p1a: Cloyster|Cloyster, L80, M|211\/211\n|switch|p2a: Greedent|Greedent, L88, M|296\/354\n|turn|31\n|\n|t:|1599497527\n|-start|p2a: Greedent|Dynamax\n|-heal|p2a: Greedent|592\/708|[silent]\n|move|p1a: Cloyster|Shell Smash|p1a: Cloyster\n|-unboost|p1a: Cloyster|def|1\n|-unboost|p1a: Cloyster|spd|1\n|-boost|p1a: Cloyster|atk|2\n|-boost|p1a: Cloyster|spa|2\n|-boost|p1a: Cloyster|spe|2\n|-enditem|p1a: Cloyster|White Herb\n|-clearnegativeboost|p1a: Cloyster|[silent]\n|move|p2a: Greedent|Max Flare|p1a: Cloyster\n|-damage|p1a: Cloyster|160\/211\n|-weather|SunnyDay\n|\n|-weather|SunnyDay|[upkeep]\n|upkeep\n|turn|32\n|\n|t:|1599497542\n|move|p1a: Cloyster|Icicle Spear|p2a: Greedent\n|-damage|p2a: Greedent|547\/708\n|-damage|p2a: Greedent|499\/708\n|-damage|p2a: Greedent|456\/708\n|-damage|p2a: Greedent|410\/708\n|-damage|p2a: Greedent|362\/708\n|-hitcount|p2a: Greedent|5\n|move|p2a: Greedent|Max Strike|p1a: Cloyster\n|-damage|p1a: Cloyster|79\/211\n|-unboost|p1a: Cloyster|spe|1\n|\n|-weather|SunnyDay|[upkeep]\n|upkeep\n|turn|33\n|\n|t:|1599497555\n|move|p1a: Cloyster|Icicle Spear|p2a: Greedent\n|-damage|p2a: Greedent|317\/708\n|-enditem|p2a: Greedent|Sitrus Berry|[eat]\n|-heal|p2a: Greedent|405\/708|[from] item: Sitrus Berry\n|-heal|p2a: Greedent|523\/708|[from] ability: Cheek Pouch\n|-damage|p2a: Greedent|474\/708\n|-damage|p2a: Greedent|431\/708\n|-damage|p2a: Greedent|388\/708\n|-damage|p2a: Greedent|342\/708\n|-hitcount|p2a: Greedent|5\n|move|p2a: Greedent|Max Strike|p1a: Cloyster\n|-damage|p1a: Cloyster|0 fnt\n|faint|p1a: Cloyster\n|\n|-weather|SunnyDay|[upkeep]\n|-end|p2a: Greedent|Dynamax\n|-heal|p2a: Greedent|171\/354|[silent]\n|upkeep\n|\n|t:|1599497574\n|switch|p1a: Solgaleo|Solgaleo, L72|316\/316\n|turn|34\n|c|\u2606BaddyGames|oh nice\n|\n|t:|1599497584\n|move|p1a: Solgaleo|Sunsteel Strike|p2a: Greedent\n|-damage|p2a: Greedent|75\/354\n|move|p2a: Greedent|Body Slam|p1a: Solgaleo\n|-resisted|p1a: Solgaleo\n|-crit|p1a: Solgaleo\n|-damage|p1a: Solgaleo|238\/316\n|-status|p1a: Solgaleo|par\n|\n|-weather|SunnyDay|[upkeep]\n|upkeep\n|turn|35\n|c|\u2606NintendoLabz|I will lose\n|c|\u2606BaddyGames|it is impossible\n|\n|t:|1599497603\n|move|p1a: Solgaleo|Sunsteel Strike|p2a: Greedent\n|-damage|p2a: Greedent|0 fnt\n|faint|p2a: Greedent\n|\n|win|NintendoLabz\n|c|\u2606NintendoLabz|Nice\n|c|\u2606BaddyGames|nice luck\n|c|\u2606NintendoLabz|gg i am better\n|c|\u2606NintendoLabz|2-0 today\n|c|\u2606BaddyGames|you are probably guaranteed a shadow lairon at this point\n|c|\u2606NintendoLabz|It is a cool pokemon\n|c|\u2606NintendoLabz|Shame its a mid evo though\n","inputlog":">version e543cb843ff8aa26b3396734d796ec819c1e1faf\n>version-origin 222d2e1ac9ddae7b46ba96620efb1f5b1f728851\n>start {\"formatid\":\"gen8randombattle\",\"seed\":[12831,1618,7129,41579]}\n>player p1 {\"name\":\"NintendoLabz\",\"avatar\":\"138\",\"team\":\"\",\"rating\":0,\"seed\":[62037,38319,58448,29633]}\n>player p2 {\"name\":\"BaddyGames\",\"avatar\":\"275\",\"team\":\"\",\"rating\":0,\"seed\":[21582,28981,32639,42434]}\n>p1 switch 6\n>p2 move toxic\n>p1 move noretreat\n>p2 switch 5\n>p1 move rockslide dynamax\n>p2 move willowisp\n>chat \u2606NintendoLabz|Cancer\n>p1 move rockslide dynamax\n>p2 move recover\n>chat \u2606NintendoLabz|Die\n>p1 move poisonjab dynamax\n>p2 move recover\n>p1 move rockslide\n>p2 move encore\n>chat \u2606NintendoLabz|Kill yourself\n>chat \u2606NintendoLabz|Why cant i say kill your self\n>chat \u2606NintendoLabz|Why can't i say k1ll y0urself\n>p1 move poisonjab\n>p2 move foulplay\n>chat \u2606BaddyGames|a lot of shit is censored here\n>chat \u2606BaddyGames|it sucks\n>p1 move poisonjab\n>p2 move recover\n>chat \u2606NintendoLabz|30% poison chance btw \n>p1 switch 5\n>chat \u2606BaddyGames|you used it 3 times\n>p1 move toxic\n>p2 switch 5\n>chat \u2606NintendoLabz|I am very close to leaving this game\n>p1 switch 2\n>p2 move toxic\n>p1 move fireblast\n>p2 switch 5\n>p1 move flashcannon\n>p2 move recover\n>p1 move flashcannon\n>p2 switch 2\n>p1 move earthquake\n>p2 move uturn\n>p2 switch 2\n>p1 move flashcannon\n>p2 move recover\n>p1 move earthquake\n>p2 switch 3\n>p1 switch 2\n>p2 move bodyslam\n>p1 move toxic\n>p2 switch 5\n>p1 switch 2\n>p2 move freezedry\n>p1 move flashcannon\n>p2 move freezedry\n>p1 move protect\n>p2 move freezedry\n>p2 switch 2\n>p1 move earthquake\n>p2 move pyroball\n>p1 move fireblast\n>p2 move pyroball\n>p1 switch 2\n>p1 move scald\n>p2 move gunkshot\n>chat \u2606BaddyGames|why\n>chat \u2606NintendoLabz|Good\n>p2 switch 4\n>p1 switch 4\n>p2 move powerwhip\n>p1 move flamethrower\n>p2 move poltergeist\n>p2 switch 3\n>chat \u2606NintendoLabz|Specs exeggutor what\n>p1 move flamethrower\n>p2 move foulplay\n>p2 switch 6\n>p1 move flamethrower\n>p2 move shellsmash\n>chat \u2606BaddyGames|fuck this game\n>p1 move flamethrower\n>p2 move iciclespear\n>p1 switch 4\n>p1 move scald\n>p2 move explosion\n>chat \u2606NintendoLabz|Nice\n>p1 switch 6\n>p2 switch 5\n>p1 move shellsmash\n>p2 move firefang dynamax\n>p1 move iciclespear\n>p2 move bodyslam dynamax\n>p1 move iciclespear\n>p2 move bodyslam dynamax\n>p1 switch 3\n>chat \u2606BaddyGames|oh nice\n>p1 move sunsteelstrike\n>p2 move bodyslam\n>chat \u2606NintendoLabz|I will lose\n>chat \u2606BaddyGames|it is impossible\n>p1 move sunsteelstrike\n>p2 move firefang","uploadtime":1599497660,"views":10,"p1id":"nintendolabz","p2id":"baddygames","formatid":"gen8randombattle","rating":0,"private":0,"password":null}