{"id":"gen8ou-1703883734","p1":"Saltythun","p2":"Shinjou Akane","format":"gen8ou","log":"|j|\u2606Saltythun\n|j|\u2606Shinjou Akane\n|t:|1667707304\n|gametype|singles\n|player|p1|Saltythun|lucas-gen4pt|1601\n|player|p2|Shinjou Akane|fennel|1719\n|teamsize|p1|6\n|teamsize|p2|6\n|gen|8\n|tier|[Gen 8] OU\n|rated|\n|rule|Sleep Clause Mod: Limit one foe put to sleep\n|rule|Species Clause: Limit one of each Pok\u00e9mon\n|rule|OHKO Clause: OHKO moves are banned\n|rule|Evasion Items Clause: Evasion items are banned\n|rule|Evasion Moves Clause: Evasion moves are banned\n|rule|Endless Battle Clause: Forcing endless battles is banned\n|rule|HP Percentage Mod: HP is shown in percentages\n|rule|Dynamax Clause: You cannot dynamax\n|clearpoke\n|poke|p1|Toxtricity, M|\n|poke|p1|Victini|\n|poke|p1|Seismitoad, M|\n|poke|p1|Mandibuzz, F|\n|poke|p1|Buzzwole|\n|poke|p1|Kartana|\n|poke|p2|Tapu Lele|\n|poke|p2|Blacephalon|\n|poke|p2|Tyranitar, F|\n|poke|p2|Landorus-Therian, M|\n|poke|p2|Corviknight, M|\n|poke|p2|Toxapex, F|\n|teampreview\n|c|\u2606Saltythun|oh god\n|c|\u2606Saltythun|mercy\n|\n|t:|1667707320\n|start\n|switch|p1a: Paper Cut|Kartana|100\/100\n|switch|p2a: Landorus|Landorus-Therian, M|100\/100\n|-ability|p2a: Landorus|Intimidate|boost\n|-unboost|p1a: Paper Cut|atk|1\n|turn|1\n|\n|t:|1667707325\n|move|p1a: Paper Cut|Knock Off|p2a: Landorus\n|-damage|p2a: Landorus|74\/100\n|-enditem|p2a: Landorus|Leftovers|[from] move: Knock Off|[of] p1a: Paper Cut\n|move|p2a: Landorus|Knock Off|p1a: Paper Cut\n|-damage|p1a: Paper Cut|63\/100\n|-enditem|p1a: Paper Cut|Choice Scarf|[from] move: Knock Off|[of] p2a: Landorus\n|\n|upkeep\n|turn|2\n|\n|t:|1667707336\n|switch|p1a: Zzwolensky|Buzzwole|100\/100\n|switch|p2a: Corviknight|Corviknight, M|100\/100\n|-ability|p2a: Corviknight|Pressure\n|\n|upkeep\n|turn|3\n|\n|t:|1667707343\n|switch|p1a: Tode to Joy|Seismitoad, M|100\/100\n|switch|p2a: Toxapex|Toxapex, F|100\/100\n|\n|upkeep\n|turn|4\n|\n|t:|1667707354\n|move|p1a: Tode to Joy|Knock Off|p2a: Toxapex\n|-damage|p2a: Toxapex|87\/100\n|-damage|p1a: Tode to Joy|84\/100|[from] item: Rocky Helmet|[of] p2a: Toxapex\n|-enditem|p2a: Toxapex|Rocky Helmet|[from] move: Knock Off|[of] p1a: Tode to Joy\n|move|p2a: Toxapex|Knock Off|p1a: Tode to Joy\n|-damage|p1a: Tode to Joy|69\/100\n|-enditem|p1a: Tode to Joy|Leftovers|[from] move: Knock Off|[of] p2a: Toxapex\n|\n|upkeep\n|turn|5\n|\n|t:|1667707368\n|switch|p2a: Landorus|Landorus-Therian, M|74\/100\n|-ability|p2a: Landorus|Intimidate|boost\n|-unboost|p1a: Tode to Joy|atk|1\n|move|p1a: Tode to Joy|Stealth Rock|p2a: Landorus\n|-sidestart|p2: Shinjou Akane|move: Stealth Rock\n|\n|upkeep\n|turn|6\n|\n|t:|1667707372\n|move|p2a: Landorus|Stealth Rock|p1a: Tode to Joy\n|-sidestart|p1: Saltythun|move: Stealth Rock\n|move|p1a: Tode to Joy|Scald|p2a: Landorus\n|-supereffective|p2a: Landorus\n|-damage|p2a: Landorus|28\/100\n|\n|upkeep\n|turn|7\n|\n|t:|1667707380\n|move|p2a: Landorus|U-turn|p1a: Tode to Joy\n|-damage|p1a: Tode to Joy|44\/100\n|\n|t:|1667707387\n|switch|p2a: Toxapex|Toxapex, F|100\/100|[from]move: U-turn\n|-damage|p2a: Toxapex|88\/100|[from] Stealth Rock\n|move|p1a: Tode to Joy|Scald|p2a: Toxapex\n|-resisted|p2a: Toxapex\n|-damage|p2a: Toxapex|78\/100\n|\n|upkeep\n|turn|8\n|\n|t:|1667707400\n|switch|p1a: Ted Tox|Toxtricity, M|100\/100\n|-damage|p1a: Ted Tox|88\/100|[from] Stealth Rock\n|move|p2a: Toxapex|Knock Off|p1a: Ted Tox\n|-damage|p1a: Ted Tox|67\/100\n|-enditem|p1a: Ted Tox|Choice Specs|[from] move: Knock Off|[of] p2a: Toxapex\n|\n|upkeep\n|turn|9\n|\n|t:|1667707413\n|switch|p2a: Tyranitar|Tyranitar, F|100\/100\n|-damage|p2a: Tyranitar|88\/100|[from] Stealth Rock\n|-weather|Sandstorm|[from] ability: Sand Stream|[of] p2a: Tyranitar\n|move|p1a: Ted Tox|Volt Switch|p2a: Tyranitar\n|-damage|p2a: Tyranitar|64\/100\n|\n|t:|1667707416\n|switch|p1a: Zzwolensky|Buzzwole|100\/100|[from]move: Volt Switch\n|-damage|p1a: Zzwolensky|88\/100|[from] Stealth Rock\n|\n|-weather|Sandstorm|[upkeep]\n|-damage|p1a: Zzwolensky|82\/100|[from] Sandstorm\n|upkeep\n|turn|10\n|\n|t:|1667707425\n|switch|p2a: Landorus|Landorus-Therian, M|28\/100\n|-damage|p2a: Landorus|16\/100|[from] Stealth Rock\n|-ability|p2a: Landorus|Intimidate|boost\n|-unboost|p1a: Zzwolensky|atk|1\n|move|p1a: Zzwolensky|Close Combat|p2a: Landorus\n|-resisted|p2a: Landorus\n|-damage|p2a: Landorus|0 fnt\n|-unboost|p1a: Zzwolensky|def|1\n|-unboost|p1a: Zzwolensky|spd|1\n|faint|p2a: Landorus\n|-ability|p1a: Zzwolensky|Beast Boost|boost\n|-boost|p1a: Zzwolensky|atk|1\n|\n|-weather|Sandstorm|[upkeep]\n|-damage|p1a: Zzwolensky|75\/100|[from] Sandstorm\n|upkeep\n|\n|t:|1667707428\n|switch|p2a: Blacephalon|Blacephalon|100\/100\n|-damage|p2a: Blacephalon|76\/100|[from] Stealth Rock\n|turn|11\n|\n|t:|1667707437\n|switch|p1a: Buzz Off|Mandibuzz, F|100\/100\n|move|p2a: Blacephalon|Flamethrower|p1a: Buzz Off\n|-damage|p1a: Buzz Off|42\/100\n|\n|-weather|Sandstorm|[upkeep]\n|-damage|p2a: Blacephalon|70\/100|[from] Sandstorm\n|upkeep\n|turn|12\n|\n|t:|1667707442\n|switch|p1a: XConVict|Victini|100\/100\n|-damage|p1a: XConVict|76\/100|[from] Stealth Rock\n|move|p2a: Blacephalon|Flamethrower|p1a: XConVict\n|-resisted|p1a: XConVict\n|-damage|p1a: XConVict|49\/100\n|\n|-weather|Sandstorm|[upkeep]\n|-damage|p2a: Blacephalon|64\/100|[from] Sandstorm\n|-damage|p1a: XConVict|43\/100|[from] Sandstorm\n|upkeep\n|turn|13\n|\n|t:|1667707450\n|switch|p2a: Toxapex|Toxapex, F|100\/100\n|-damage|p2a: Toxapex|88\/100|[from] Stealth Rock\n|move|p1a: XConVict|Bolt Strike|p2a: Toxapex\n|-supereffective|p2a: Toxapex\n|-damage|p2a: Toxapex|39\/100\n|\n|-weather|none\n|upkeep\n|turn|14\n|\n|t:|1667707457\n|switch|p2a: Tyranitar|Tyranitar, F|64\/100\n|-damage|p2a: Tyranitar|52\/100|[from] Stealth Rock\n|-weather|Sandstorm|[from] ability: Sand Stream|[of] p2a: Tyranitar\n|move|p1a: XConVict|Bolt Strike|p2a: Tyranitar\n|-damage|p2a: Tyranitar|16\/100\n|\n|-weather|Sandstorm|[upkeep]\n|-damage|p1a: XConVict|37\/100|[from] Sandstorm\n|upkeep\n|turn|15\n|\n|t:|1667707459\n|move|p1a: XConVict|U-turn|p2a: Tyranitar\n|-supereffective|p2a: Tyranitar\n|-damage|p2a: Tyranitar|0 fnt\n|faint|p2a: Tyranitar\n|\n|t:|1667707474\n|switch|p1a: Tode to Joy|Seismitoad, M|44\/100|[from]move: U-turn\n|-damage|p1a: Tode to Joy|38\/100|[from] Stealth Rock\n|\n|-weather|Sandstorm|[upkeep]\n|upkeep\n|\n|t:|1667707480\n|switch|p2a: Blacephalon|Blacephalon|64\/100\n|-damage|p2a: Blacephalon|39\/100|[from] Stealth Rock\n|turn|16\n|\n|t:|1667707489\n|move|p2a: Blacephalon|Flamethrower|p1a: Tode to Joy\n|-resisted|p1a: Tode to Joy\n|-damage|p1a: Tode to Joy|8\/100\n|move|p1a: Tode to Joy|Knock Off|p2a: Blacephalon\n|-supereffective|p2a: Blacephalon\n|-damage|p2a: Blacephalon|0 fnt\n|-enditem|p2a: Blacephalon|Choice Specs|[from] move: Knock Off|[of] p1a: Tode to Joy\n|faint|p2a: Blacephalon\n|\n|-weather|Sandstorm|[upkeep]\n|upkeep\n|\n|t:|1667707493\n|switch|p2a: Tapu Lele|Tapu Lele|100\/100\n|-damage|p2a: Tapu Lele|88\/100|[from] Stealth Rock\n|-fieldstart|move: Psychic Terrain|[from] ability: Psychic Surge|[of] p2a: Tapu Lele\n|turn|17\n|c|\u2606Saltythun|shadow ball wouldve lost me the game there i think\n|c|\u2606Saltythun|blace too op for my team\n|c|\u2606Saltythun|or like well close to win\n|j| fork gaming\n|\n|t:|1667707537\n|move|p2a: Tapu Lele|Moonblast|p1a: Tode to Joy\n|-damage|p1a: Tode to Joy|0 fnt\n|faint|p1a: Tode to Joy\n|\n|-weather|Sandstorm|[upkeep]\n|-damage|p2a: Tapu Lele|82\/100|[from] Sandstorm\n|upkeep\n|j| rykera\n|\n|t:|1667707546\n|switch|p1a: Ted Tox|Toxtricity, M|67\/100\n|-damage|p1a: Ted Tox|55\/100|[from] Stealth Rock\n|turn|18\n|\n|t:|1667707558\n|switch|p2a: Toxapex|Toxapex, F|72\/100\n|-damage|p2a: Toxapex|60\/100|[from] Stealth Rock\n|move|p1a: Ted Tox|Sludge Wave|p2a: Toxapex\n|-resisted|p2a: Toxapex\n|-damage|p2a: Toxapex|40\/100\n|\n|-weather|none\n|upkeep\n|turn|19\n|\n|t:|1667707562\n|move|p1a: Ted Tox|Volt Switch|p2a: Toxapex\n|-supereffective|p2a: Toxapex\n|-damage|p2a: Toxapex|0 fnt\n|faint|p2a: Toxapex\n|\n|t:|1667707568\n|switch|p1a: Zzwolensky|Buzzwole|75\/100|[from]move: Volt Switch\n|-damage|p1a: Zzwolensky|63\/100|[from] Stealth Rock\n|\n|upkeep\n|\n|t:|1667707571\n|switch|p2a: Tapu Lele|Tapu Lele|82\/100\n|-damage|p2a: Tapu Lele|70\/100|[from] Stealth Rock\n|turn|20\n|\n|t:|1667707577\n|move|p2a: Tapu Lele|Moonblast|p1a: Zzwolensky\n|-supereffective|p1a: Zzwolensky\n|-damage|p1a: Zzwolensky|0 fnt\n|faint|p1a: Zzwolensky\n|\n|upkeep\n|\n|t:|1667707584\n|switch|p1a: Paper Cut|Kartana|63\/100\n|-damage|p1a: Paper Cut|57\/100|[from] Stealth Rock\n|turn|21\n|\n|t:|1667707588\n|switch|p2a: Corviknight|Corviknight, M|100\/100\n|-damage|p2a: Corviknight|88\/100|[from] Stealth Rock\n|-ability|p2a: Corviknight|Pressure\n|switch|p1a: Buzz Off|Mandibuzz, F|42\/100\n|\n|-fieldend|move: Psychic Terrain\n|upkeep\n|turn|22\n|\n|t:|1667707594\n|move|p1a: Buzz Off|Defog|p2a: Corviknight\n|-unboost|p2a: Corviknight|evasion|1\n|-sideend|p2: Shinjou Akane|Stealth Rock|[from] move: Defog|[of] p1a: Buzz Off\n|-sideend|p1: Saltythun|Stealth Rock|[from] move: Defog|[of] p1a: Buzz Off\n|move|p2a: Corviknight|U-turn|p1a: Buzz Off\n|-damage|p1a: Buzz Off|32\/100\n|\n|t:|1667707598\n|switch|p2a: Tapu Lele|Tapu Lele|70\/100|[from]move: U-turn\n|-fieldstart|move: Psychic Terrain|[from] ability: Psychic Surge|[of] p2a: Tapu Lele\n|\n|upkeep\n|turn|23\n|\n|t:|1667707601\n|move|p2a: Tapu Lele|Moonblast|p1a: Buzz Off\n|-supereffective|p1a: Buzz Off\n|-damage|p1a: Buzz Off|0 fnt\n|faint|p1a: Buzz Off\n|\n|upkeep\n|j| sdhlf2\n|\n|t:|1667707608\n|switch|p1a: XConVict|Victini|37\/100\n|turn|24\n|\n|t:|1667707610\n|switch|p2a: Corviknight|Corviknight, M|88\/100\n|-ability|p2a: Corviknight|Pressure\n|move|p1a: XConVict|V-create|p2a: Corviknight\n|-supereffective|p2a: Corviknight\n|-damage|p2a: Corviknight|0 fnt\n|-unboost|p1a: XConVict|spe|1\n|-unboost|p1a: XConVict|def|1\n|-unboost|p1a: XConVict|spd|1\n|-damage|p1a: XConVict|21\/100|[from] item: Rocky Helmet|[of] p2a: Corviknight\n|faint|p2a: Corviknight\n|\n|upkeep\n|\n|t:|1667707612\n|switch|p2a: Tapu Lele|Tapu Lele|70\/100\n|turn|25\n|\n|t:|1667707617\n|move|p2a: Tapu Lele|Psychic|p1a: XConVict\n|-resisted|p1a: XConVict\n|-damage|p1a: XConVict|0 fnt\n|faint|p1a: XConVict\n|\n|upkeep\n|\n|t:|1667707619\n|switch|p1a: Paper Cut|Kartana|57\/100\n|turn|26\n|\n|t:|1667707622\n|move|p2a: Tapu Lele|Psychic|p1a: Paper Cut\n|-resisted|p1a: Paper Cut\n|-damage|p1a: Paper Cut|0 fnt\n|faint|p1a: Paper Cut\n|\n|-fieldend|move: Psychic Terrain\n|upkeep\n|c|\u2606Saltythun|ggwp\n|c|\u2606Shinjou Akane|gg\n|\n|t:|1667707631\n|switch|p1a: Ted Tox|Toxtricity, M|55\/100\n|turn|27\n|\n|t:|1667707634\n|move|p2a: Tapu Lele|Psychic|p1a: Ted Tox\n|-supereffective|p1a: Ted Tox\n|-damage|p1a: Ted Tox|0 fnt\n|faint|p1a: Ted Tox\n|\n|win|Shinjou Akane\n|raw|Saltythun's rating: 1601 &rarr; <strong>1588<\/strong><br \/>(-13 for losing)\n|raw|Shinjou Akane's rating: 1719 &rarr; <strong>1732<\/strong><br \/>(+13 for winning)\n|l|\u2606Saltythun\n|l| fork gaming\n|l| sdhlf2\n||Ladder isn't responding, score probably updated but might not have (Request timeout).\n","uploadtime":1667707639,"views":9,"p1id":"saltythun","p2id":"shinjouakane","formatid":"gen8ou","rating":1588,"private":0,"password":null}