{"id":"gen8ou-1667998515","p1":"minimax_ai","p2":"dracaufeu shiny","format":"gen8ou","log":"|j|\u2606minimax_ai\n|j|\u2606dracaufeu shiny\n|t:|1663588931\n|gametype|singles\n|player|p1|minimax_ai|lusamine-nihilego|1553\n|player|p2|dracaufeu shiny|red|1506\n|teamsize|p1|6\n|teamsize|p2|6\n|gen|8\n|tier|[Gen 8] OU\n|rated|\n|rule|Sleep Clause Mod: Limit one foe put to sleep\n|rule|Species Clause: Limit one of each Pok\u00e9mon\n|rule|OHKO Clause: OHKO moves are banned\n|rule|Evasion Items Clause: Evasion items are banned\n|rule|Evasion Moves Clause: Evasion moves are banned\n|rule|Endless Battle Clause: Forcing endless battles is banned\n|rule|HP Percentage Mod: HP is shown in percentages\n|rule|Dynamax Clause: You cannot dynamax\n|clearpoke\n|poke|p1|Rotom-Wash|\n|poke|p1|Weavile, F|\n|poke|p1|Landorus-Therian, M|\n|poke|p1|Heatran, M|\n|poke|p1|Tangrowth, M|\n|poke|p1|Melmetal|\n|poke|p2|Blacephalon|\n|poke|p2|Latios, M|\n|poke|p2|Heatran, M|\n|poke|p2|Azumarill, F|\n|poke|p2|Garchomp, M|\n|poke|p2|Melmetal|\n|teampreview\n|c|\u2606minimax_ai|hf\n|\n|t:|1663588934\n|start\n|switch|p1a: Melmetal|Melmetal|100\/100\n|switch|p2a: Garchomp|Garchomp, M|100\/100\n|turn|1\n|inactive|Battle timer is ON: inactive players will automatically lose when time's up. (requested by minimax_ai)\n|\n|t:|1663588939\n|move|p2a: Garchomp|Earthquake|p1a: Melmetal\n|-supereffective|p1a: Melmetal\n|-damage|p1a: Melmetal|38\/100\n|move|p1a: Melmetal|Ice Punch|p2a: Garchomp\n|-supereffective|p2a: Garchomp\n|-damage|p2a: Garchomp|0 fnt\n|-damage|p1a: Melmetal|25\/100|[from] ability: Rough Skin|[of] p2a: Garchomp\n|faint|p2a: Garchomp\n|\n|upkeep\n|\n|t:|1663588951\n|switch|p2a: Blacephalon|Blacephalon|100\/100\n|turn|2\n|\n|t:|1663588955\n|switch|p1a: landorustherian|Landorus-Therian, M|100\/100\n|-ability|p1a: landorustherian|Intimidate|boost\n|-unboost|p2a: Blacephalon|atk|1\n|move|p2a: Blacephalon|Shadow Ball|p1a: landorustherian\n|-damage|p1a: landorustherian|73\/100\n|\n|-heal|p1a: landorustherian|79\/100|[from] item: Leftovers\n|upkeep\n|turn|3\n|\n|t:|1663588973\n|switch|p2a: Latios|Latios, M|100\/100\n|move|p1a: landorustherian|U-turn|p2a: Latios\n|-supereffective|p2a: Latios\n|-damage|p2a: Latios|49\/100\n|\n|t:|1663588974\n|switch|p1a: Weavile|Weavile, F|100\/100|[from]move: U-turn\n|-ability|p1a: Weavile|Pressure\n|\n|upkeep\n|turn|4\n|\n|t:|1663588977\n|switch|p2a: Melmetal|Melmetal|100\/100\n|move|p1a: Weavile|Ice Shard|p2a: Melmetal\n|-resisted|p2a: Melmetal\n|-damage|p2a: Melmetal|92\/100\n|\n|upkeep\n|turn|5\n|\n|t:|1663588982\n|switch|p1a: rotomwash|Rotom-Wash|100\/100\n|move|p2a: Melmetal|Double Iron Bash|p1a: rotomwash\n|-resisted|p1a: rotomwash\n|-crit|p1a: rotomwash\n|-damage|p1a: rotomwash|74\/100\n|-resisted|p1a: rotomwash\n|-damage|p1a: rotomwash|58\/100\n|-hitcount|p1a: rotomwash|2\n|\n|-heal|p1a: rotomwash|64\/100|[from] item: Leftovers\n|upkeep\n|turn|6\n|\n|t:|1663588986\n|switch|p1a: Heatran|Heatran, M|100\/100\n|-item|p1a: Heatran|Air Balloon\n|switch|p2a: Latios|Latios, M|49\/100\n|\n|upkeep\n|turn|7\n|\n|t:|1663588990\n|move|p2a: Latios|Light Screen|p2a: Latios\n|-sidestart|p2: dracaufeu shiny|move: Light Screen\n|move|p1a: Heatran|Magma Storm|p2a: Latios|[miss]\n|-miss|p1a: Heatran|p2a: Latios\n|\n|upkeep\n|turn|8\n|\n|t:|1663588992\n|move|p2a: Latios|Reflect|p2a: Latios\n|-sidestart|p2: dracaufeu shiny|Reflect\n|move|p1a: Heatran|Stealth Rock|p2a: Latios\n|-sidestart|p2: dracaufeu shiny|move: Stealth Rock\n|\n|upkeep\n|turn|9\n|\n|t:|1663588997\n|switch|p1a: Melmetal|Melmetal|25\/100\n|move|p2a: Latios|Tailwind|p2a: Latios\n|-sidestart|p2: dracaufeu shiny|move: Tailwind\n|\n|upkeep\n|turn|10\n|\n|t:|1663588999\n|move|p2a: Latios|Memento|p1a: Melmetal\n|-unboost|p1a: Melmetal|atk|2\n|-unboost|p1a: Melmetal|spa|2\n|faint|p2a: Latios\n|move|p1a: Melmetal|Earthquake|p2: Latios|[notarget]\n|-fail|p1a: Melmetal\n|\n|upkeep\n|\n|t:|1663589004\n|switch|p2a: Blacephalon|Blacephalon|100\/100\n|turn|11\n|\n|t:|1663589006\n|switch|p1a: landorustherian|Landorus-Therian, M|79\/100\n|-ability|p1a: landorustherian|Intimidate|boost\n|-unboost|p2a: Blacephalon|atk|1\n|move|p2a: Blacephalon|Substitute|p2a: Blacephalon\n|-start|p2a: Blacephalon|Substitute\n|-damage|p2a: Blacephalon|76\/100\n|\n|-heal|p1a: landorustherian|85\/100|[from] item: Leftovers\n|upkeep\n|turn|12\n|\n|t:|1663589013\n|move|p2a: Blacephalon|Flamethrower|p1a: landorustherian\n|-damage|p1a: landorustherian|49\/100\n|move|p1a: landorustherian|Earthquake|p2a: Blacephalon\n|-supereffective|p2a: Blacephalon\n|-end|p2a: Blacephalon|Substitute\n|\n|-heal|p1a: landorustherian|55\/100|[from] item: Leftovers\n|-sideend|p2: dracaufeu shiny|move: Tailwind\n|upkeep\n|turn|13\n|\n|t:|1663589018\n|move|p2a: Blacephalon|Flamethrower|p1a: landorustherian\n|-damage|p1a: landorustherian|23\/100\n|move|p1a: landorustherian|Earthquake|p2a: Blacephalon\n|-supereffective|p2a: Blacephalon\n|-damage|p2a: Blacephalon|0 fnt\n|faint|p2a: Blacephalon\n|\n|-heal|p1a: landorustherian|29\/100|[from] item: Leftovers\n|upkeep\n|\n|t:|1663589022\n|switch|p2a: Azumarill|Azumarill, F|100\/100\n|-damage|p2a: Azumarill|88\/100|[from] Stealth Rock\n|turn|14\n|\n|t:|1663589024\n|switch|p1a: Heatran|Heatran, M|100\/100\n|-item|p1a: Heatran|Air Balloon\n|move|p2a: Azumarill|Belly Drum|p2a: Azumarill\n|-damage|p2a: Azumarill|38\/100\n|-setboost|p2a: Azumarill|atk|6|[from] move: Belly Drum\n|-enditem|p2a: Azumarill|Sitrus Berry|[eat]\n|-heal|p2a: Azumarill|63\/100|[from] item: Sitrus Berry\n|\n|-sideend|p2: dracaufeu shiny|move: Light Screen\n|upkeep\n|turn|15\n|\n|t:|1663589027\n|move|p2a: Azumarill|Aqua Jet|p1a: Heatran\n|-supereffective|p1a: Heatran\n|-damage|p1a: Heatran|0 fnt\n|-enditem|p1a: Heatran|Air Balloon\n|faint|p1a: Heatran\n|\n|-sideend|p2: dracaufeu shiny|Reflect\n|upkeep\n|\n|t:|1663589027\n|switch|p1a: rotomwash|Rotom-Wash|64\/100\n|turn|16\n|\n|t:|1663589034\n|move|p1a: rotomwash|Thunderbolt|p2a: Azumarill\n|-supereffective|p2a: Azumarill\n|-damage|p2a: Azumarill|0 fnt\n|faint|p2a: Azumarill\n|\n|-heal|p1a: rotomwash|71\/100|[from] item: Leftovers\n|upkeep\n|-message|dracaufeu shiny forfeited.\n|\n|win|minimax_ai\n|raw|minimax_ai's rating: 1553 &rarr; <strong>1570<\/strong><br \/>(+17 for winning)\n|raw|dracaufeu shiny's rating: 1506 &rarr; <strong>1489<\/strong><br \/>(-17 for losing)\n|c|\u2606minimax_ai|gg\n|l|\u2606dracaufeu shiny\n","uploadtime":1663589040,"views":7,"p1id":"minimaxai","p2id":"dracaufeushiny","formatid":"gen8ou","rating":1489,"private":0,"password":null}