{"id":"gen8doublesou-1609452479","p1":"xSkelly34","p2":"Reseyada","format":"gen8doublesou","log":"|j|\u2606xSkelly34\n|j|\u2606Reseyada\n|t:|1656862301\n|gametype|doubles\n|player|p1|xSkelly34|bugsy|\n|player|p2|Reseyada|tuberf-gen3rs|\n|teamsize|p1|6\n|teamsize|p2|6\n|gen|8\n|tier|[Gen 8] Doubles OU\n|rule|Species Clause: Limit one of each Pok\u00e9mon\n|rule|OHKO Clause: OHKO moves are banned\n|rule|Evasion Moves Clause: Evasion moves are banned\n|rule|Gravity Sleep Clause: The combination of sleep-inducing moves with imperfect accuracy and Gravity or Gigantamax Orbeetle are banned\n|rule|Endless Battle Clause: Forcing endless battles is banned\n|rule|HP Percentage Mod: HP is shown in percentages\n|rule|Dynamax Clause: You cannot dynamax\n|rule|Swagger Clause: Swagger is banned\n|clearpoke\n|poke|p1|Mew|\n|poke|p1|Rillaboom, F|\n|poke|p1|Zapdos-Galar|\n|poke|p1|Porygon2|\n|poke|p1|Registeel|\n|poke|p1|Volcanion|\n|poke|p2|Whimsicott, M|\n|poke|p2|Blastoise, F|\n|poke|p2|Heatran, M|\n|poke|p2|Landorus, M|\n|poke|p2|Dragapult, M|\n|poke|p2|Zeraora|\n|teampreview\n|j|+Frixel@!\n|c|\u2606xSkelly34|hf\n|c|\u2606Reseyada|u2\n|\n|t:|1656862399\n|start\n|switch|p1a: Porygon2|Porygon2|100\/100\n|switch|p1b: Zapdos|Zapdos-Galar|100\/100\n|switch|p2a: Whimsicott|Whimsicott, M|100\/100\n|switch|p2b: Landorus|Landorus, M|100\/100\n|-ability|p1a: Porygon2|Download|boost\n|-boost|p1a: Porygon2|spa|1\n|turn|1\n|\n|t:|1656862423\n|move|p2b: Landorus|Protect|p2b: Landorus\n|-singleturn|p2b: Landorus|Protect\n|move|p2a: Whimsicott|Tailwind|p2a: Whimsicott\n|-sidestart|p2: Reseyada|move: Tailwind\n|move|p1b: Zapdos|Brave Bird|p2a: Whimsicott\n|-supereffective|p2a: Whimsicott\n|-enditem|p2a: Whimsicott|Focus Sash\n|-damage|p2a: Whimsicott|1\/100\n|-damage|p1b: Zapdos|67\/100|[from] Recoil\n|move|p1a: Porygon2|Ice Beam|p2b: Landorus\n|-activate|p2b: Landorus|move: Protect\n|\n|upkeep\n|turn|2\n|inactive|Battle timer is ON: inactive players will automatically lose when time's up. (requested by xSkelly34)\n|\n|t:|1656862477\n|switch|p1b: Mew|Mew|100\/100\n|move|p2a: Whimsicott|Fake Tears|p1a: Porygon2\n|-unboost|p1a: Porygon2|spd|2\n|move|p2b: Landorus|Earth Power|p1a: Porygon2\n|-damage|p1a: Porygon2|19\/100\n|move|p1a: Porygon2|Trick Room|p1a: Porygon2\n|-fieldstart|move: Trick Room|[of] p1a: Porygon2\n|\n|upkeep\n|turn|3\n|\n|t:|1656862496\n|move|p2a: Whimsicott|Encore|p1a: Porygon2\n|-start|p1a: Porygon2|Encore\n|move|p1a: Porygon2|Trick Room|p1a: Porygon2\n|-fieldend|move: Trick Room\n|move|p2b: Landorus|Earth Power|p1b: Mew\n|-damage|p1b: Mew|42\/100\n|move|p1b: Mew|Snarl|p2a: Whimsicott|[spread] p2a,p2b\n|-resisted|p2a: Whimsicott\n|-damage|p2a: Whimsicott|0 fnt\n|-damage|p2b: Landorus|89\/100\n|-unboost|p2b: Landorus|spa|1\n|faint|p2a: Whimsicott\n|\n|-heal|p1b: Mew|48\/100|[from] item: Leftovers\n|upkeep\n|\n|t:|1656862514\n|switch|p2a: Heatran|Heatran, M|100\/100\n|turn|4\n|inactive|xSkelly34 has 270 seconds left.\n|\n|t:|1656862562\n|switch|p1b: Registeel|Registeel|100\/100\n|move|p2b: Landorus|Substitute|p2b: Landorus\n|-start|p2b: Landorus|Substitute\n|-damage|p2b: Landorus|64\/100\n|move|p2a: Heatran|Eruption|p1b: Registeel|[spread] p1a,p1b\n|-supereffective|p1b: Registeel\n|-damage|p1a: Porygon2|0 fnt\n|-damage|p1b: Registeel|16\/100\n|faint|p1a: Porygon2\n|\n|-heal|p1b: Registeel|22\/100|[from] item: Leftovers\n|-sideend|p2: Reseyada|move: Tailwind\n|upkeep\n|\n|t:|1656862582\n|switch|p1a: Zapdos|Zapdos-Galar|67\/100\n|turn|5\n|inactive|Reseyada has 270 seconds left.\n|\n|t:|1656862641\n|move|p1a: Zapdos|Close Combat|p2a: Heatran\n|-supereffective|p2a: Heatran\n|-damage|p2a: Heatran|0 fnt\n|-unboost|p1a: Zapdos|def|1\n|-unboost|p1a: Zapdos|spd|1\n|faint|p2a: Heatran\n|move|p2b: Landorus|Sludge Bomb|p1a: Zapdos\n|-damage|p1a: Zapdos|15\/100\n|move|p1b: Registeel|Body Press|p2b: Landorus\n|-resisted|p2b: Landorus\n|-activate|p2b: Landorus|move: Substitute|[damage]\n|\n|-heal|p1b: Registeel|28\/100|[from] item: Leftovers\n|upkeep\n|\n|t:|1656862650\n|switch|p2a: Zeraora|Zeraora|100\/100\n|turn|6\n|\n|t:|1656862667\n|switch|p1a: Mew|Mew|48\/100\n|move|p2a: Zeraora|Plasma Fists|p1a: Mew\n|-damage|p1a: Mew|11\/100\n|-fieldactivate|move: Ion Deluge\n|-hint|Normal-type moves become Electric-type after using Plasma Fists.\n|move|p2b: Landorus|Earth Power|p1b: Registeel\n|-supereffective|p1b: Registeel\n|-damage|p1b: Registeel|0 fnt\n|faint|p1b: Registeel\n|\n|-heal|p1a: Mew|17\/100|[from] item: Leftovers\n|upkeep\n|\n|t:|1656862678\n|switch|p1b: Rillaboom|Rillaboom, F|100\/100\n|-fieldstart|move: Grassy Terrain|[from] ability: Grassy Surge|[of] p1b: Rillaboom\n|turn|7\n|\n|t:|1656862705\n|move|p1b: Rillaboom|Grassy Glide|p2b: Landorus\n|-end|p2b: Landorus|Substitute\n|move|p2a: Zeraora|Plasma Fists|p1a: Mew\n|-damage|p1a: Mew|0 fnt\n|-fieldactivate|move: Ion Deluge\n|-hint|Normal-type moves become Electric-type after using Plasma Fists.\n|faint|p1a: Mew\n|move|p2b: Landorus|Sludge Bomb|p1b: Rillaboom\n|-supereffective|p1b: Rillaboom\n|-damage|p1b: Rillaboom|61\/100\n|\n|-heal|p1b: Rillaboom|67\/100|[from] Grassy Terrain\n|upkeep\n|inactive|xSkelly34 has 270 seconds left.\n|\n|t:|1656862725\n|switch|p1a: Zapdos|Zapdos-Galar|15\/100\n|turn|8\n|\n|t:|1656862735\n|switch|p2b: Dragapult|Dragapult, M|100\/100\n|move|p1a: Zapdos|Brave Bird|p2b: Dragapult\n|-crit|p2b: Dragapult\n|-damage|p2b: Dragapult|0 fnt\n|faint|p2b: Dragapult\n|-damage|p1a: Zapdos|0 fnt|[from] Recoil\n|faint|p1a: Zapdos\n|move|p2a: Zeraora|Plasma Fists|p1b: Rillaboom\n|-resisted|p1b: Rillaboom\n|-damage|p1b: Rillaboom|48\/100\n|-fieldactivate|move: Ion Deluge\n|-hint|Normal-type moves become Electric-type after using Plasma Fists.\n|move|p1b: Rillaboom|Wood Hammer|p2a: Zeraora\n|-damage|p2a: Zeraora|3\/100\n|-enditem|p2a: Zeraora|Sitrus Berry|[eat]\n|-heal|p2a: Zeraora|28\/100|[from] item: Sitrus Berry\n|-damage|p1b: Rillaboom|21\/100|[from] Recoil\n|\n|-heal|p2a: Zeraora|34\/100|[from] Grassy Terrain\n|-heal|p1b: Rillaboom|27\/100|[from] Grassy Terrain\n|upkeep\n|\n|t:|1656862751\n|switch|p2b: Landorus|Landorus, M|64\/100\n|switch|p1a: Volcanion|Volcanion|100\/100\n|turn|9\n|inactive|Reseyada has 270 seconds left.\n|\n|t:|1656862785\n|move|p2b: Landorus|Protect|p2b: Landorus\n|-singleturn|p2b: Landorus|Protect\n|move|p1b: Rillaboom|Grassy Glide|p2b: Landorus\n|-activate|p2b: Landorus|move: Protect\n|move|p2a: Zeraora|Knock Off|p1b: Rillaboom\n|-damage|p1b: Rillaboom|0 fnt\n|-enditem|p1b: Rillaboom|Assault Vest|[from] move: Knock Off|[of] p2a: Zeraora\n|faint|p1b: Rillaboom\n|move|p1a: Volcanion|Heat Wave|p2b: Landorus|[spread] p2a\n|-activate|p2b: Landorus|move: Protect\n|-damage|p2a: Zeraora|0 fnt\n|faint|p2a: Zeraora\n|\n|upkeep\n|\n|t:|1656862786\n|switch|p2a: Blastoise|Blastoise, F|100\/100\n|turn|10\n|\n|t:|1656862796\n|move|p2a: Blastoise|Fake Out|p1a: Volcanion\n|-damage|p1a: Volcanion|94\/100\n|move|p2b: Landorus|Earth Power|p1a: Volcanion\n|-supereffective|p1a: Volcanion\n|-damage|p1a: Volcanion|0 fnt\n|faint|p1a: Volcanion\n|\n|win|Reseyada\n|c|\u2606Reseyada|gg\n|c|\u2606xSkelly34|gg\n|l|\u2606xSkelly34\n|j|\u2606xSkelly34\n|player|p1|xSkelly34|bugsy\n","uploadtime":1656862861,"views":217,"p1id":"xskelly34","p2id":"reseyada","formatid":"gen8doublesou","rating":0,"private":0,"password":null}