{"id":"gen8bdspuu-1474054922","p1":"davetheslave12","p2":"Drm3","format":"gen8bdspuu","log":"|j|\u2606davetheslave12\n|j|\u2606Drm3\n|t:|1639604909\n|gametype|singles\n|player|p1|davetheslave12|265|1461\n|player|p2|Drm3|dragontamer|1581\n|teamsize|p1|6\n|teamsize|p2|6\n|gen|8\n|tier|[Gen 8 BDSP] UU\n|rated|\n|rule|Sleep Clause Mod: Limit one foe put to sleep\n|rule|Species Clause: Limit one of each Pok\u00e9mon\n|rule|OHKO Clause: OHKO moves are banned\n|rule|Evasion Moves Clause: Evasion moves are banned\n|rule|Endless Battle Clause: Forcing endless battles is banned\n|rule|HP Percentage Mod: HP is shown in percentages\n|clearpoke\n|poke|p1|Salamence, M|\n|poke|p1|Raikou|\n|poke|p1|Donphan, M|\n|poke|p1|Nidoking, M|\n|poke|p1|Honchkrow, F|\n|poke|p1|Milotic, F|\n|poke|p2|Xatu, F|\n|poke|p2|Snorlax, F|\n|poke|p2|Ditto|\n|poke|p2|Donphan, M|\n|poke|p2|Vaporeon, M|\n|poke|p2|Drapion, F|\n|teampreview\n|inactive|Battle timer is ON: inactive players will automatically lose when time's up. (requested by davetheslave12)\n|j| funatwork\n|\n|t:|1639604942\n|start\n|switch|p1a: Donphan|Donphan, M|100\/100\n|switch|p2a: Vaporeon|Vaporeon, M|100\/100\n|turn|1\n|\n|t:|1639604958\n|switch|p1a: Milotic|Milotic, F|100\/100\n|move|p2a: Vaporeon|Scald|p1a: Milotic\n|-resisted|p1a: Milotic\n|-damage|p1a: Milotic|90\/100\n|\n|-status|p1a: Milotic|brn|[from] item: Flame Orb\n|upkeep\n|turn|2\n|\n|t:|1639604978\n|move|p2a: Vaporeon|Protect|p2a: Vaporeon\n|-singleturn|p2a: Vaporeon|Protect\n|move|p1a: Milotic|Scald|p2a: Vaporeon\n|-activate|p2a: Vaporeon|move: Protect\n|\n|-damage|p1a: Milotic|83\/100 brn|[from] brn\n|upkeep\n|turn|3\n|inactive|davetheslave12 has 120 seconds left.\n|\n|t:|1639605007\n|move|p1a: Milotic|Scald|p2a: Vaporeon\n|-immune|p2a: Vaporeon|[from] ability: Water Absorb\n|move|p2a: Vaporeon|Scald|p1a: Milotic\n|-resisted|p1a: Milotic\n|-damage|p1a: Milotic|74\/100 brn\n|\n|-damage|p1a: Milotic|68\/100 brn|[from] brn\n|upkeep\n|turn|4\n|inactive|davetheslave12 has 120 seconds left.\n|\n|t:|1639605015\n|move|p1a: Milotic|Recover|p1a: Milotic\n|-heal|p1a: Milotic|100\/100 brn\n|move|p2a: Vaporeon|Scald|p1a: Milotic\n|-resisted|p1a: Milotic\n|-damage|p1a: Milotic|89\/100 brn\n|\n|-damage|p1a: Milotic|83\/100 brn|[from] brn\n|upkeep\n|turn|5\n|\n|t:|1639605023\n|move|p1a: Milotic|Ice Beam|p2a: Vaporeon\n|-resisted|p2a: Vaporeon\n|-damage|p2a: Vaporeon|92\/100\n|move|p2a: Vaporeon|Scald|p1a: Milotic\n|-resisted|p1a: Milotic\n|-damage|p1a: Milotic|72\/100 brn\n|\n|-heal|p2a: Vaporeon|99\/100|[from] item: Leftovers\n|-damage|p1a: Milotic|65\/100 brn|[from] brn\n|upkeep\n|turn|6\n|j| terrible me\n|\n|t:|1639605036\n|switch|p2a: Snorlax|Snorlax, F|100\/100\n|move|p1a: Milotic|Ice Beam|p2a: Snorlax\n|-damage|p2a: Snorlax|95\/100\n|\n|-heal|p2a: Snorlax|100\/100|[from] item: Leftovers\n|-damage|p1a: Milotic|59\/100 brn|[from] brn\n|upkeep\n|turn|7\n|\n|t:|1639605054\n|switch|p1a: Donphan|Donphan, M|100\/100\n|move|p2a: Snorlax|Curse|p2a: Snorlax\n|-unboost|p2a: Snorlax|spe|1\n|-boost|p2a: Snorlax|atk|1\n|-boost|p2a: Snorlax|def|1\n|\n|upkeep\n|turn|8\n|\n|t:|1639605065\n|move|p1a: Donphan|Knock Off|p2a: Snorlax\n|-damage|p2a: Snorlax|81\/100\n|-enditem|p2a: Snorlax|Leftovers|[from] move: Knock Off|[of] p1a: Donphan\n|move|p2a: Snorlax|Curse|p2a: Snorlax\n|-unboost|p2a: Snorlax|spe|1\n|-boost|p2a: Snorlax|atk|1\n|-boost|p2a: Snorlax|def|1\n|\n|upkeep\n|turn|9\n|\n|t:|1639605072\n|move|p1a: Donphan|Stealth Rock|p2a: Snorlax\n|-sidestart|p2: Drm3|move: Stealth Rock\n|move|p2a: Snorlax|Body Slam|p1a: Donphan\n|-damage|p1a: Donphan|51\/100\n|\n|-heal|p1a: Donphan|58\/100|[from] item: Leftovers\n|upkeep\n|turn|10\n|\n|t:|1639605078\n|switch|p1a: Milotic|Milotic, F|59\/100 brn\n|move|p2a: Snorlax|Body Slam|p1a: Milotic\n|-damage|p1a: Milotic|29\/100 brn\n|\n|-damage|p1a: Milotic|23\/100 brn|[from] brn\n|upkeep\n|turn|11\n|\n|t:|1639605085\n|move|p1a: Milotic|Haze|p1a: Milotic\n|-clearallboost\n|move|p2a: Snorlax|Body Slam|p1a: Milotic\n|-damage|p1a: Milotic|7\/100 brn\n|\n|-damage|p1a: Milotic|0 fnt|[from] brn\n|faint|p1a: Milotic\n|upkeep\n|\n|t:|1639605098\n|switch|p1a: Honchkrow|Honchkrow, F|100\/100\n|turn|12\n|\n|t:|1639605103\n|switch|p2a: Donphan|Donphan, M|100\/100\n|-damage|p2a: Donphan|94\/100|[from] Stealth Rock\n|move|p1a: Honchkrow|Night Slash|p2a: Donphan\n|-damage|p2a: Donphan|64\/100\n|-damage|p1a: Honchkrow|91\/100|[from] item: Life Orb\n|\n|-heal|p2a: Donphan|70\/100|[from] item: Leftovers\n|upkeep\n|turn|13\n|\n|t:|1639605115\n|move|p1a: Honchkrow|Night Slash|p2a: Donphan\n|-damage|p2a: Donphan|39\/100\n|-damage|p1a: Honchkrow|81\/100|[from] item: Life Orb\n|move|p2a: Donphan|Rapid Spin|p1a: Honchkrow\n|-damage|p1a: Honchkrow|59\/100\n|-boost|p2a: Donphan|spe|1\n|-sideend|p2: Drm3|Stealth Rock|[from] move: Rapid Spin|[of] p2a: Donphan\n|\n|-heal|p2a: Donphan|46\/100|[from] item: Leftovers\n|upkeep\n|turn|14\n|\n|t:|1639605128\n|move|p1a: Honchkrow|Brave Bird|p2a: Donphan\n|-crit|p2a: Donphan\n|-damage|p2a: Donphan|0 fnt\n|faint|p2a: Donphan\n|-ability|p1a: Honchkrow|Moxie|boost\n|-boost|p1a: Honchkrow|atk|1\n|-damage|p1a: Honchkrow|42\/100|[from] Recoil\n|-damage|p1a: Honchkrow|32\/100|[from] item: Life Orb\n|\n|upkeep\n|\n|t:|1639605132\n|switch|p2a: Drapion|Drapion, F|100\/100\n|turn|15\n|j| Half-Cynthia\n|\n|t:|1639605151\n|switch|p1a: Donphan|Donphan, M|58\/100\n|move|p2a: Drapion|Poison Jab|p1a: Donphan\n|-resisted|p1a: Donphan\n|-damage|p1a: Donphan|46\/100\n|\n|-heal|p1a: Donphan|52\/100|[from] item: Leftovers\n|upkeep\n|turn|16\n|\n|t:|1639605160\n|switch|p2a: Xatu|Xatu, F|100\/100\n|move|p1a: Donphan|Knock Off|p2a: Xatu\n|-supereffective|p2a: Xatu\n|-damage|p2a: Xatu|34\/100\n|-enditem|p2a: Xatu|Leftovers|[from] move: Knock Off|[of] p1a: Donphan\n|\n|-heal|p1a: Donphan|59\/100|[from] item: Leftovers\n|upkeep\n|turn|17\n|\n|t:|1639605171\n|switch|p2a: Vaporeon|Vaporeon, M|99\/100\n|move|p1a: Donphan|Earthquake|p2a: Vaporeon\n|-damage|p2a: Vaporeon|61\/100\n|\n|-heal|p2a: Vaporeon|67\/100|[from] item: Leftovers\n|-heal|p1a: Donphan|65\/100|[from] item: Leftovers\n|upkeep\n|turn|18\n|\n|t:|1639605180\n|move|p2a: Vaporeon|Scald|p1a: Donphan\n|-supereffective|p1a: Donphan\n|-damage|p1a: Donphan|0 fnt\n|faint|p1a: Donphan\n|\n|-heal|p2a: Vaporeon|73\/100|[from] item: Leftovers\n|upkeep\n|\n|t:|1639605190\n|switch|p1a: Raikou|Raikou|100\/100\n|turn|19\n|\n|t:|1639605195\n|move|p2a: Vaporeon|Protect|p2a: Vaporeon\n|-singleturn|p2a: Vaporeon|Protect\n|move|p1a: Raikou|Substitute|p1a: Raikou\n|-start|p1a: Raikou|Substitute\n|-damage|p1a: Raikou|76\/100\n|\n|-heal|p1a: Raikou|82\/100|[from] item: Leftovers\n|-heal|p2a: Vaporeon|80\/100|[from] item: Leftovers\n|upkeep\n|turn|20\n|\n|t:|1639605203\n|move|p1a: Raikou|Calm Mind|p1a: Raikou\n|-boost|p1a: Raikou|spa|1\n|-boost|p1a: Raikou|spd|1\n|move|p2a: Vaporeon|Roar|p1a: Raikou\n|drag|p1a: Salamence|Salamence, M|100\/100\n|\n|-heal|p2a: Vaporeon|86\/100|[from] item: Leftovers\n|upkeep\n|turn|21\n|\n|t:|1639605213\n|move|p1a: Salamence|Outrage|p2a: Vaporeon\n|-damage|p2a: Vaporeon|38\/100\n|move|p2a: Vaporeon|Wish|p2a: Vaporeon\n|\n|-heal|p2a: Vaporeon|45\/100|[from] item: Leftovers\n|upkeep\n|turn|22\n|j| Adjective_noun\n|\n|t:|1639605219\n|move|p2a: Vaporeon|Protect|p2a: Vaporeon\n|-singleturn|p2a: Vaporeon|Protect\n|move|p1a: Salamence|Outrage|p2a: Vaporeon|[from]lockedmove\n|-activate|p2a: Vaporeon|move: Protect\n|-start|p1a: Salamence|confusion|[fatigue]\n|\n|-heal|p2a: Vaporeon|95\/100|[from] move: Wish|[wisher] Vaporeon\n|-heal|p2a: Vaporeon|100\/100|[from] item: Leftovers\n|upkeep\n|turn|23\n|\n|t:|1639605230\n|switch|p1a: Raikou|Raikou|82\/100\n|move|p2a: Vaporeon|Scald|p1a: Raikou\n|-damage|p1a: Raikou|50\/100\n|-status|p1a: Raikou|brn\n|\n|-heal|p1a: Raikou|56\/100 brn|[from] item: Leftovers\n|-damage|p1a: Raikou|50\/100 brn|[from] brn\n|upkeep\n|turn|24\n|\n|t:|1639605239\n|switch|p2a: Snorlax|Snorlax, F|81\/100\n|move|p1a: Raikou|Discharge|p2a: Snorlax\n|-damage|p2a: Snorlax|64\/100\n|\n|-heal|p1a: Raikou|56\/100 brn|[from] item: Leftovers\n|-damage|p1a: Raikou|50\/100 brn|[from] brn\n|upkeep\n|turn|25\n|\n|t:|1639605253\n|switch|p1a: Salamence|Salamence, M|100\/100\n|move|p2a: Snorlax|Curse|p2a: Snorlax\n|-unboost|p2a: Snorlax|spe|1\n|-boost|p2a: Snorlax|atk|1\n|-boost|p2a: Snorlax|def|1\n|\n|upkeep\n|turn|26\n|\n|t:|1639605261\n|move|p1a: Salamence|Outrage|p2a: Snorlax\n|-damage|p2a: Snorlax|21\/100\n|move|p2a: Snorlax|Rest|p2a: Snorlax\n|-status|p2a: Snorlax|slp|[from] move: Rest\n|-heal|p2a: Snorlax|100\/100 slp|[silent]\n|\n|upkeep\n|turn|27\n|\n|t:|1639605267\n|move|p1a: Salamence|Outrage|p2a: Snorlax|[from]lockedmove\n|-damage|p2a: Snorlax|63\/100 slp\n|cant|p2a: Snorlax|slp\n|move|p2a: Snorlax|Sleep Talk|p2a: Snorlax\n|move|p2a: Snorlax|Body Slam|p1a: Salamence|[from]move: Sleep Talk\n|-damage|p1a: Salamence|38\/100\n|-status|p1a: Salamence|par\n|\n|upkeep\n|turn|28\n|\n|t:|1639605276\n|switch|p2a: Xatu|Xatu, F|34\/100\n|move|p1a: Salamence|Outrage|p2a: Xatu|[from]lockedmove\n|-damage|p2a: Xatu|0 fnt\n|faint|p2a: Xatu\n|-ability|p1a: Salamence|Moxie|boost\n|-boost|p1a: Salamence|atk|1\n|-start|p1a: Salamence|confusion|[fatigue]\n|\n|upkeep\n|\n|t:|1639605278\n|switch|p2a: Ditto|Ditto|100\/100\n|-transform|p2a: Ditto|p1a: Salamence|[from] ability: Imposter\n|turn|29\n|\n|t:|1639605291\n|move|p2a: Ditto|Dragon Claw|p1a: Salamence\n|-supereffective|p1a: Salamence\n|-damage|p1a: Salamence|0 fnt\n|faint|p1a: Salamence\n|-ability|p2a: Ditto|Moxie|boost\n|-boost|p2a: Ditto|atk|1\n|\n|upkeep\n|\n|t:|1639605300\n|switch|p1a: Honchkrow|Honchkrow, F|32\/100\n|turn|30\n|\n|t:|1639605309\n|move|p1a: Honchkrow|Sucker Punch|p2a: Ditto\n|-damage|p2a: Ditto|28\/100\n|-damage|p1a: Honchkrow|22\/100|[from] item: Life Orb\n|move|p2a: Ditto|Dragon Claw|p1a: Honchkrow\n|-damage|p1a: Honchkrow|0 fnt\n|faint|p1a: Honchkrow\n|-ability|p2a: Ditto|Moxie|boost\n|-boost|p2a: Ditto|atk|1\n|\n|upkeep\n|\n|t:|1639605318\n|switch|p1a: Raikou|Raikou|50\/100 brn\n|turn|31\n|\n|t:|1639605321\n|move|p2a: Ditto|Dragon Claw|p1a: Raikou\n|-crit|p1a: Raikou\n|-damage|p1a: Raikou|0 fnt\n|faint|p1a: Raikou\n|-ability|p2a: Ditto|Moxie|boost\n|-boost|p2a: Ditto|atk|1\n|\n|upkeep\n|-message|davetheslave12 forfeited.\n|\n|win|Drm3\n|raw|davetheslave12's rating: 1442 &rarr; <strong>1430<\/strong><br \/>(-12 for losing)\n|raw|Drm3's rating: 1581 &rarr; <strong>1593<\/strong><br \/>(+12 for winning)\n|l|\u2606davetheslave12\n|l|\u2606Drm3\n|l| terrible me\n||Ladder isn't responding, score probably updated but might not have (Request timeout).\n|l| Adjective_noun\n","uploadtime":1639605402,"views":33,"p1id":"davetheslave12","p2id":"drm3","formatid":"gen8bdspuu","rating":1430,"private":0,"password":null}