{"id":"gen8anythinggoes-1679886179","p1":"AGLT5TX ma","p2":"yokobaby","format":"gen8anythinggoes","log":"|raw|<div class=\"broadcast-blue\"><strong>This battle is required to be public due to a player having a name starting with 'aglt5tx'.<\/div>\n|j|\u2606AGLT5TX ma\n|j|\u2606yokobaby\n|t:|1665142866\n|gametype|singles\n|player|p1|AGLT5TX ma|hilda-masters2|1698\n|player|p2|yokobaby|cynthia-masters|1756\n|teamsize|p1|6\n|teamsize|p2|6\n|gen|8\n|tier|[Gen 8] Anything Goes\n|rated|\n|rule|HP Percentage Mod: HP is shown in percentages\n|rule|Endless Battle Clause: Forcing endless battles is banned\n|clearpoke\n|poke|p1|Zacian-*|\n|poke|p1|Eternatus|\n|poke|p1|Kyogre|\n|poke|p1|Yveltal|\n|poke|p1|Necrozma-Dusk-Mane|\n|poke|p1|Ho-Oh|\n|poke|p2|Toxapex, M|\n|poke|p2|Kyogre|\n|poke|p2|Ho-Oh|\n|poke|p2|Blissey, F|\n|poke|p2|Tyranitar, F|\n|poke|p2|Tangrowth, F|\n|teampreview\n|inactive|Battle timer is ON: inactive players will automatically lose when time's up. (requested by AGLT5TX ma)\n|\n|t:|1665142880\n|start\n|switch|p1a: Yveltal|Yveltal|100\/100\n|switch|p2a: Toxapex|Toxapex, M|100\/100\n|-ability|p1a: Yveltal|Dark Aura\n|turn|1\n|\n|t:|1665142883\n|move|p1a: Yveltal|Knock Off|p2a: Toxapex\n|-crit|p2a: Toxapex\n|-damage|p2a: Toxapex|1\/100\n|-enditem|p2a: Toxapex|Wacan Berry|[from] move: Knock Off|[of] p1a: Yveltal\n|move|p2a: Toxapex|Scald|p1a: Yveltal\n|-damage|p1a: Yveltal|87\/100\n|\n|upkeep\n|turn|2\n|\n|t:|1665142888\n|switch|p2a: Tyranitar|Tyranitar, F|100\/100\n|-weather|Sandstorm|[from] ability: Sand Stream|[of] p2a: Tyranitar\n|move|p1a: Yveltal|Knock Off|p2a: Tyranitar\n|-resisted|p2a: Tyranitar\n|-damage|p2a: Tyranitar|62\/100\n|-enditem|p2a: Tyranitar|Leftovers|[from] move: Knock Off|[of] p1a: Yveltal\n|\n|-weather|Sandstorm|[upkeep]\n|-damage|p1a: Yveltal|81\/100|[from] Sandstorm\n|upkeep\n|turn|3\n|\n|t:|1665142895\n|switch|p1a: Zacian|Zacian-Crowned|100\/100\n|-ability|p1a: Zacian|Intrepid Sword|boost\n|-boost|p1a: Zacian|atk|1\n|move|p2a: Tyranitar|Stealth Rock|p1a: Zacian\n|-sidestart|p1: AGLT5TX ma|move: Stealth Rock\n|\n|-weather|Sandstorm|[upkeep]\n|upkeep\n|turn|4\n|\n|t:|1665142902\n|switch|p2a: Tangrowth|Tangrowth, F|100\/100\n|move|p1a: Zacian|Substitute|p1a: Zacian\n|-start|p1a: Zacian|Substitute\n|-damage|p1a: Zacian|76\/100\n|\n|-weather|Sandstorm|[upkeep]\n|-damage|p2a: Tangrowth|94\/100|[from] Sandstorm\n|upkeep\n|turn|5\n|\n|t:|1665142904\n|move|p1a: Zacian|Behemoth Blade|p2a: Tangrowth\n|-damage|p2a: Tangrowth|41\/100\n|-damage|p1a: Zacian|59\/100|[from] item: Rocky Helmet|[of] p2a: Tangrowth\n|move|p2a: Tangrowth|Reflect|p2a: Tangrowth\n|-sidestart|p2: yokobaby|Reflect\n|\n|-weather|Sandstorm|[upkeep]\n|-damage|p2a: Tangrowth|35\/100|[from] Sandstorm\n|upkeep\n|turn|6\n|\n|t:|1665142909\n|switch|p2a: Ho-Oh|Ho-Oh|100\/100\n|move|p1a: Zacian|Behemoth Blade|p2a: Ho-Oh\n|-resisted|p2a: Ho-Oh\n|-damage|p2a: Ho-Oh|87\/100\n|\n|-weather|none\n|upkeep\n|turn|7\n|\n|t:|1665142913\n|switch|p2a: Tangrowth|Tangrowth, F|68\/100\n|move|p1a: Zacian|Wild Charge|p2a: Tangrowth\n|-resisted|p2a: Tangrowth\n|-damage|p2a: Tangrowth|60\/100\n|-damage|p1a: Zacian|43\/100|[from] item: Rocky Helmet|[of] p2a: Tangrowth\n|-damage|p1a: Zacian|40\/100|[from] Recoil\n|\n|upkeep\n|turn|8\n|\n|t:|1665142916\n|switch|p1a: Ho-Oh|Ho-Oh|100\/100\n|switch|p2a: Ho-Oh|Ho-Oh|100\/100\n|\n|upkeep\n|turn|9\n|\n|t:|1665142918\n|move|p2a: Ho-Oh|Toxic|p1a: Ho-Oh\n|-status|p1a: Ho-Oh|tox\n|move|p1a: Ho-Oh|Defog|p2a: Ho-Oh\n|-unboost|p2a: Ho-Oh|evasion|1\n|-sideend|p2: yokobaby|Reflect\n|-sideend|p1: AGLT5TX ma|Stealth Rock|[from] move: Defog|[of] p1a: Ho-Oh\n|\n|-damage|p1a: Ho-Oh|94\/100 tox|[from] psn\n|upkeep\n|turn|10\n|\n|t:|1665142920\n|switch|p2a: Tyranitar|Tyranitar, F|62\/100\n|-weather|Sandstorm|[from] ability: Sand Stream|[of] p2a: Tyranitar\n|move|p1a: Ho-Oh|Toxic|p2a: Tyranitar|[miss]\n|-miss|p1a: Ho-Oh|p2a: Tyranitar\n|\n|-weather|Sandstorm|[upkeep]\n|-damage|p1a: Ho-Oh|88\/100 tox|[from] Sandstorm\n|-damage|p1a: Ho-Oh|76\/100 tox|[from] psn\n|upkeep\n|turn|11\n|\n|t:|1665142924\n|move|p1a: Ho-Oh|Toxic|p2a: Tyranitar|[miss]\n|-miss|p1a: Ho-Oh|p2a: Tyranitar\n|move|p2a: Tyranitar|Stealth Rock|p1a: Ho-Oh\n|-sidestart|p1: AGLT5TX ma|move: Stealth Rock\n|\n|-weather|Sandstorm|[upkeep]\n|-damage|p1a: Ho-Oh|70\/100 tox|[from] Sandstorm\n|-damage|p1a: Ho-Oh|52\/100 tox|[from] psn\n|upkeep\n|turn|12\n|\n|t:|1665142930\n|switch|p1a: Necrozma|Necrozma-Dusk-Mane|100\/100\n|-damage|p1a: Necrozma|94\/100|[from] Stealth Rock\n|move|p2a: Tyranitar|Rock Tomb|p1a: Necrozma\n|-resisted|p1a: Necrozma\n|-crit|p1a: Necrozma\n|-damage|p1a: Necrozma|84\/100\n|-unboost|p1a: Necrozma|spe|1\n|\n|-weather|Sandstorm|[upkeep]\n|upkeep\n|turn|13\n|\n|t:|1665142934\n|switch|p2a: Kyogre|Kyogre|100\/100\n|-weather|RainDance|[from] ability: Drizzle|[of] p2a: Kyogre\n|move|p1a: Necrozma|Thunder Wave|p2a: Kyogre\n|-status|p2a: Kyogre|par\n|\n|-weather|RainDance|[upkeep]\n|upkeep\n|turn|14\n|\n|t:|1665142940\n|switch|p1a: Eternatus|Eternatus|100\/100\n|-damage|p1a: Eternatus|88\/100|[from] Stealth Rock\n|-ability|p1a: Eternatus|Pressure\n|move|p2a: Kyogre|Substitute|p2a: Kyogre\n|-start|p2a: Kyogre|Substitute\n|-damage|p2a: Kyogre|75\/100 par\n|\n|-weather|RainDance|[upkeep]\n|-heal|p1a: Eternatus|94\/100|[from] item: Black Sludge\n|-heal|p2a: Kyogre|82\/100 par|[from] item: Leftovers\n|upkeep\n|turn|15\n|\n|t:|1665142943\n|move|p1a: Eternatus|Dragon Pulse|p2a: Kyogre\n|-end|p2a: Kyogre|Substitute\n|cant|p2a: Kyogre|par\n|\n|-weather|RainDance|[upkeep]\n|-heal|p1a: Eternatus|100\/100|[from] item: Black Sludge\n|-heal|p2a: Kyogre|88\/100 par|[from] item: Leftovers\n|upkeep\n|turn|16\n|\n|t:|1665142947\n|move|p1a: Eternatus|Dragon Pulse|p2a: Kyogre\n|-damage|p2a: Kyogre|60\/100 par\n|move|p2a: Kyogre|Substitute|p2a: Kyogre\n|-start|p2a: Kyogre|Substitute\n|-damage|p2a: Kyogre|35\/100 par\n|\n|-weather|RainDance|[upkeep]\n|-heal|p2a: Kyogre|41\/100 par|[from] item: Leftovers\n|upkeep\n|turn|17\n|j| AGLT5TXTiltMaster\n|\n|t:|1665142949\n|move|p1a: Eternatus|Sludge Bomb|p2a: Kyogre\n|-end|p2a: Kyogre|Substitute\n|move|p2a: Kyogre|Calm Mind|p2a: Kyogre\n|-boost|p2a: Kyogre|spa|1\n|-boost|p2a: Kyogre|spd|1\n|\n|-weather|none\n|-heal|p2a: Kyogre|48\/100 par|[from] item: Leftovers\n|upkeep\n|turn|18\n|\n|t:|1665142951\n|move|p1a: Eternatus|Sludge Bomb|p2a: Kyogre\n|-damage|p2a: Kyogre|28\/100 par\n|move|p2a: Kyogre|Rest|p2a: Kyogre\n|-status|p2a: Kyogre|slp|[from] move: Rest\n|-heal|p2a: Kyogre|100\/100 slp|[silent]\n|\n|upkeep\n|turn|19\n|\n|t:|1665142957\n|switch|p1a: Ho-Oh|Ho-Oh|86\/100 tox\n|switch|p2a: Blissey|Blissey, F|100\/100\n|\n|-damage|p1a: Ho-Oh|80\/100 tox|[from] psn\n|upkeep\n|turn|20\n|\n|t:|1665142959\n|switch|p2a: Tyranitar|Tyranitar, F|62\/100\n|-weather|Sandstorm|[from] ability: Sand Stream|[of] p2a: Tyranitar\n|move|p1a: Ho-Oh|Defog|p2a: Tyranitar\n|-unboost|p2a: Tyranitar|evasion|1\n|-sideend|p1: AGLT5TX ma|Stealth Rock|[from] move: Defog|[of] p1a: Ho-Oh\n|\n|-weather|Sandstorm|[upkeep]\n|-damage|p1a: Ho-Oh|74\/100 tox|[from] Sandstorm\n|-damage|p1a: Ho-Oh|61\/100 tox|[from] psn\n|upkeep\n|turn|21\n|\n|t:|1665142961\n|move|p1a: Ho-Oh|Toxic|p2a: Tyranitar\n|-status|p2a: Tyranitar|tox\n|move|p2a: Tyranitar|Stealth Rock|p1a: Ho-Oh\n|-sidestart|p1: AGLT5TX ma|move: Stealth Rock\n|\n|-weather|Sandstorm|[upkeep]\n|-damage|p1a: Ho-Oh|55\/100 tox|[from] Sandstorm\n|-damage|p1a: Ho-Oh|37\/100 tox|[from] psn\n|-damage|p2a: Tyranitar|56\/100 tox|[from] psn\n|upkeep\n|turn|22\n|\n|t:|1665142969\n|switch|p1a: Necrozma|Necrozma-Dusk-Mane|84\/100\n|-damage|p1a: Necrozma|78\/100|[from] Stealth Rock\n|move|p2a: Tyranitar|Stealth Rock||[still]\n|-fail|p2a: Tyranitar\n|\n|-weather|Sandstorm|[upkeep]\n|-damage|p2a: Tyranitar|43\/100 tox|[from] psn\n|upkeep\n|turn|23\n|\n|t:|1665142976\n|switch|p2a: Kyogre|Kyogre|100\/100 slp\n|-weather|RainDance|[from] ability: Drizzle|[of] p2a: Kyogre\n|move|p1a: Necrozma|Stealth Rock|p2a: Kyogre\n|-sidestart|p2: yokobaby|move: Stealth Rock\n|\n|-weather|RainDance|[upkeep]\n|upkeep\n|turn|24\n|\n|t:|1665143006\n|switch|p1a: Ho-Oh|Ho-Oh|71\/100 tox\n|cant|p2a: Kyogre|slp\n|\n|-weather|RainDance|[upkeep]\n|-damage|p1a: Ho-Oh|65\/100 tox|[from] psn\n|upkeep\n|turn|25\n|\n|t:|1665143010\n|cant|p2a: Kyogre|slp\n|move|p1a: Ho-Oh|Defog|p2a: Kyogre\n|-unboost|p2a: Kyogre|evasion|1\n|-sideend|p2: yokobaby|Stealth Rock|[from] move: Defog|[of] p1a: Ho-Oh\n|-sideend|p1: AGLT5TX ma|Stealth Rock|[from] move: Defog|[of] p1a: Ho-Oh\n|\n|-weather|RainDance|[upkeep]\n|-damage|p1a: Ho-Oh|53\/100 tox|[from] psn\n|upkeep\n|turn|26\n|\n|t:|1665143024\n|switch|p1a: Eternatus|Eternatus|100\/100\n|-ability|p1a: Eternatus|Pressure\n|-curestatus|p2a: Kyogre|slp|[msg]\n|move|p2a: Kyogre|Substitute|p2a: Kyogre\n|-start|p2a: Kyogre|Substitute\n|-damage|p2a: Kyogre|75\/100\n|\n|-weather|RainDance|[upkeep]\n|-heal|p2a: Kyogre|82\/100|[from] item: Leftovers\n|upkeep\n|turn|27\n|\n|t:|1665143027\n|move|p1a: Eternatus|Sludge Bomb|p2a: Kyogre\n|-end|p2a: Kyogre|Substitute\n|move|p2a: Kyogre|Calm Mind|p2a: Kyogre\n|-boost|p2a: Kyogre|spa|1\n|-boost|p2a: Kyogre|spd|1\n|\n|-weather|none\n|-heal|p2a: Kyogre|88\/100|[from] item: Leftovers\n|upkeep\n|turn|28\n|\n|t:|1665143030\n|move|p1a: Eternatus|Sludge Bomb|p2a: Kyogre\n|-damage|p2a: Kyogre|69\/100\n|move|p2a: Kyogre|Substitute|p2a: Kyogre\n|-start|p2a: Kyogre|Substitute\n|-damage|p2a: Kyogre|44\/100\n|\n|-heal|p2a: Kyogre|50\/100|[from] item: Leftovers\n|upkeep\n|turn|29\n|\n|t:|1665143034\n|move|p1a: Eternatus|Sludge Bomb|p2a: Kyogre\n|-activate|p2a: Kyogre|move: Substitute|[damage]\n|move|p2a: Kyogre|Calm Mind|p2a: Kyogre\n|-boost|p2a: Kyogre|spa|1\n|-boost|p2a: Kyogre|spd|1\n|\n|-heal|p2a: Kyogre|56\/100|[from] item: Leftovers\n|upkeep\n|turn|30\n|\n|t:|1665143042\n|switch|p1a: Yveltal|Yveltal|81\/100\n|-ability|p1a: Yveltal|Dark Aura\n|move|p2a: Kyogre|Substitute|p2a: Kyogre\n|-fail|p2a: Kyogre|move: Substitute\n|\n|-heal|p2a: Kyogre|63\/100|[from] item: Leftovers\n|upkeep\n|turn|31\n|\n|t:|1665143045\n|move|p1a: Yveltal|Dual Wingbeat|p2a: Kyogre\n|-end|p2a: Kyogre|Substitute\n|-damage|p2a: Kyogre|43\/100\n|-hitcount|p2a: Kyogre|2\n|move|p2a: Kyogre|Scald|p1a: Yveltal\n|-damage|p1a: Yveltal|8\/100\n|-status|p1a: Yveltal|brn\n|\n|-heal|p2a: Kyogre|49\/100|[from] item: Leftovers\n|-damage|p1a: Yveltal|2\/100 brn|[from] brn\n|upkeep\n|turn|32\n|l| AGLT5TXTiltMaster\n|\n|t:|1665143056\n|switch|p2a: Tyranitar|Tyranitar, F|43\/100 tox\n|-weather|Sandstorm|[from] ability: Sand Stream|[of] p2a: Tyranitar\n|move|p1a: Yveltal|Dual Wingbeat|p2a: Tyranitar\n|-resisted|p2a: Tyranitar\n|-damage|p2a: Tyranitar|38\/100 tox\n|-resisted|p2a: Tyranitar\n|-damage|p2a: Tyranitar|32\/100 tox\n|-hitcount|p2a: Tyranitar|2\n|\n|-weather|Sandstorm|[upkeep]\n|-damage|p1a: Yveltal|0 fnt|[from] Sandstorm\n|faint|p1a: Yveltal\n|-damage|p2a: Tyranitar|26\/100 tox|[from] psn\n|upkeep\n|\n|t:|1665143061\n|switch|p1a: Kyogre|Kyogre|100\/100\n|-weather|RainDance|[from] ability: Drizzle|[of] p1a: Kyogre\n|turn|33\n|\n|t:|1665143064\n|switch|p2a: Blissey|Blissey, F|100\/100\n|move|p1a: Kyogre|Water Spout|p2a: Blissey\n|-damage|p2a: Blissey|58\/100\n|\n|-weather|RainDance|[upkeep]\n|upkeep\n|turn|34\n|\n|t:|1665143069\n|move|p1a: Kyogre|Water Spout|p2a: Blissey\n|-damage|p2a: Blissey|14\/100\n|move|p2a: Blissey|Soft-Boiled|p2a: Blissey\n|-heal|p2a: Blissey|64\/100\n|\n|-weather|RainDance|[upkeep]\n|upkeep\n|turn|35\n|\n|t:|1665143073\n|switch|p1a: Zacian|Zacian-Crowned|40\/100\n|-ability|p1a: Zacian|Intrepid Sword|boost\n|-boost|p1a: Zacian|atk|1\n|move|p2a: Blissey|Soft-Boiled|p2a: Blissey\n|-heal|p2a: Blissey|100\/100\n|\n|-weather|RainDance|[upkeep]\n|upkeep\n|turn|36\n|\n|t:|1665143078\n|switch|p2a: Tangrowth|Tangrowth, F|94\/100\n|move|p1a: Zacian|Behemoth Blade|p2a: Tangrowth\n|-damage|p2a: Tangrowth|45\/100\n|-damage|p1a: Zacian|24\/100|[from] item: Rocky Helmet|[of] p2a: Tangrowth\n|\n|-weather|RainDance|[upkeep]\n|upkeep\n|turn|37\n|\n|t:|1665143085\n|switch|p2a: Ho-Oh|Ho-Oh|100\/100\n|move|p1a: Zacian|Behemoth Blade|p2a: Ho-Oh\n|-resisted|p2a: Ho-Oh\n|-damage|p2a: Ho-Oh|70\/100\n|\n|-weather|none\n|upkeep\n|turn|38\n|\n|t:|1665143095\n|switch|p2a: Tangrowth|Tangrowth, F|78\/100\n|move|p1a: Zacian|Wild Charge|p2a: Tangrowth\n|-resisted|p2a: Tangrowth\n|-damage|p2a: Tangrowth|64\/100\n|-damage|p1a: Zacian|7\/100|[from] item: Rocky Helmet|[of] p2a: Tangrowth\n|-damage|p1a: Zacian|2\/100|[from] Recoil\n|\n|upkeep\n|turn|39\n|j| AGLT5TXTiltMaster\n|\n|t:|1665143111\n|switch|p1a: Necrozma|Necrozma-Dusk-Mane|78\/100\n|move|p2a: Tangrowth|Knock Off|p1a: Necrozma\n|-supereffective|p1a: Necrozma\n|-damage|p1a: Necrozma|61\/100\n|-damage|p2a: Tangrowth|47\/100|[from] item: Rocky Helmet|[of] p1a: Necrozma\n|-enditem|p1a: Necrozma|Rocky Helmet|[from] move: Knock Off|[of] p2a: Tangrowth\n|\n|upkeep\n|turn|40\n|\n|t:|1665143115\n|switch|p2a: Ho-Oh|Ho-Oh|100\/100\n|move|p1a: Necrozma|Stealth Rock|p2a: Ho-Oh\n|-sidestart|p2: yokobaby|move: Stealth Rock\n|\n|upkeep\n|turn|41\n|\n|t:|1665143124\n|move|p2a: Ho-Oh|Defog|p1a: Necrozma\n|-unboost|p1a: Necrozma|evasion|1\n|-sideend|p2: yokobaby|Stealth Rock|[from] move: Defog|[of] p2a: Ho-Oh\n|move|p1a: Necrozma|Thunder Wave|p2a: Ho-Oh\n|-status|p2a: Ho-Oh|par\n|\n|upkeep\n|turn|42\n|\n|t:|1665143127\n|move|p1a: Necrozma|Stealth Rock|p2a: Ho-Oh\n|-sidestart|p2: yokobaby|move: Stealth Rock\n|move|p2a: Ho-Oh|Sacred Fire|p1a: Necrozma\n|-supereffective|p1a: Necrozma\n|-damage|p1a: Necrozma|25\/100\n|-status|p1a: Necrozma|brn\n|\n|-damage|p1a: Necrozma|19\/100 brn|[from] brn\n|upkeep\n|turn|43\n|\n|t:|1665143133\n|switch|p1a: Kyogre|Kyogre|100\/100\n|-weather|RainDance|[from] ability: Drizzle|[of] p1a: Kyogre\n|cant|p2a: Ho-Oh|par\n|\n|-weather|RainDance|[upkeep]\n|upkeep\n|turn|44\n|\n|t:|1665143147\n|switch|p2a: Toxapex|Toxapex, M|34\/100\n|-damage|p2a: Toxapex|22\/100|[from] Stealth Rock\n|move|p1a: Kyogre|Water Spout|p2a: Toxapex\n|-resisted|p2a: Toxapex\n|-crit|p2a: Toxapex\n|-damage|p2a: Toxapex|0 fnt\n|faint|p2a: Toxapex\n|\n|-weather|RainDance|[upkeep]\n|upkeep\n|\n|t:|1665143149\n|switch|p2a: Blissey|Blissey, F|100\/100\n|-damage|p2a: Blissey|88\/100|[from] Stealth Rock\n|turn|45\n|\n|t:|1665143154\n|move|p1a: Kyogre|Water Spout|p2a: Blissey\n|-damage|p2a: Blissey|45\/100\n|move|p2a: Blissey|Soft-Boiled|p2a: Blissey\n|-heal|p2a: Blissey|95\/100\n|\n|-weather|RainDance|[upkeep]\n|upkeep\n|turn|46\n|\n|t:|1665143157\n|switch|p1a: Zacian|Zacian-Crowned|2\/100\n|-ability|p1a: Zacian|Intrepid Sword|boost\n|-boost|p1a: Zacian|atk|1\n|move|p2a: Blissey|Seismic Toss|p1a: Zacian\n|-damage|p1a: Zacian|0 fnt\n|faint|p1a: Zacian\n|\n|-weather|RainDance|[upkeep]\n|upkeep\n|\n|t:|1665143166\n|switch|p1a: Ho-Oh|Ho-Oh|86\/100 tox\n|turn|47\n|\n|t:|1665143173\n|move|p1a: Ho-Oh|Sacred Fire|p2a: Blissey\n|-damage|p2a: Blissey|50\/100\n|move|p2a: Blissey|Aromatherapy|p2a: Blissey\n|-activate|p2a: Blissey|move: Aromatherapy\n|-curestatus|p2: Tyranitar|tox|[msg]\n|-curestatus|p2: Ho-Oh|par|[msg]\n|\n|-weather|none\n|-damage|p1a: Ho-Oh|80\/100 tox|[from] psn\n|upkeep\n|turn|48\n|\n|t:|1665143181\n|switch|p2a: Ho-Oh|Ho-Oh|100\/100\n|move|p1a: Ho-Oh|Toxic|p2a: Ho-Oh\n|-status|p2a: Ho-Oh|tox\n|\n|-damage|p1a: Ho-Oh|68\/100 tox|[from] psn\n|-damage|p2a: Ho-Oh|94\/100 tox|[from] psn\n|upkeep\n|turn|49\n|\n|t:|1665143186\n|switch|p1a: Eternatus|Eternatus|100\/100\n|-ability|p1a: Eternatus|Pressure\n|move|p2a: Ho-Oh|Defog|p1a: Eternatus\n|-unboost|p1a: Eternatus|evasion|1\n|-sideend|p2: yokobaby|Stealth Rock|[from] move: Defog|[of] p2a: Ho-Oh\n|\n|-damage|p2a: Ho-Oh|82\/100 tox|[from] psn\n|upkeep\n|turn|50\n|\n|t:|1665143189\n|switch|p1a: Necrozma|Necrozma-Dusk-Mane|19\/100 brn\n|switch|p2a: Blissey|Blissey, F|50\/100\n|\n|-damage|p1a: Necrozma|13\/100 brn|[from] brn\n|upkeep\n|turn|51\n|\n|t:|1665143195\n|move|p1a: Necrozma|Stealth Rock|p2a: Blissey\n|-sidestart|p2: yokobaby|move: Stealth Rock\n|move|p2a: Blissey|Soft-Boiled|p2a: Blissey\n|-heal|p2a: Blissey|100\/100\n|\n|-damage|p1a: Necrozma|7\/100 brn|[from] brn\n|upkeep\n|turn|52\n|\n|t:|1665143198\n|switch|p2a: Ho-Oh|Ho-Oh|100\/100 tox\n|move|p1a: Necrozma|Thunder Wave||[still]\n|-fail|p1a: Necrozma\n|\n|-damage|p2a: Ho-Oh|94\/100 tox|[from] psn\n|-damage|p1a: Necrozma|1\/100 brn|[from] brn\n|upkeep\n|turn|53\n|\n|t:|1665143201\n|move|p2a: Ho-Oh|Defog|p1a: Necrozma\n|-unboost|p1a: Necrozma|evasion|1\n|-sideend|p2: yokobaby|Stealth Rock|[from] move: Defog|[of] p2a: Ho-Oh\n|move|p1a: Necrozma|Morning Sun|p1a: Necrozma\n|-heal|p1a: Necrozma|51\/100 brn\n|\n|-damage|p2a: Ho-Oh|82\/100 tox|[from] psn\n|-damage|p1a: Necrozma|45\/100 brn|[from] brn\n|upkeep\n|turn|54\n|\n|t:|1665143206\n|move|p2a: Ho-Oh|Sacred Fire|p1a: Necrozma\n|-supereffective|p1a: Necrozma\n|-damage|p1a: Necrozma|11\/100 brn\n|move|p1a: Necrozma|Stealth Rock|p2a: Ho-Oh\n|-sidestart|p2: yokobaby|move: Stealth Rock\n|\n|-damage|p2a: Ho-Oh|64\/100 tox|[from] psn\n|-damage|p1a: Necrozma|5\/100 brn|[from] brn\n|upkeep\n|turn|55\n|\n|t:|1665143209\n|move|p2a: Ho-Oh|Defog|p1a: Necrozma\n|-unboost|p1a: Necrozma|evasion|1\n|-sideend|p2: yokobaby|Stealth Rock|[from] move: Defog|[of] p2a: Ho-Oh\n|move|p1a: Necrozma|Morning Sun|p1a: Necrozma\n|-heal|p1a: Necrozma|55\/100 brn\n|\n|-damage|p2a: Ho-Oh|40\/100 tox|[from] psn\n|-damage|p1a: Necrozma|49\/100 brn|[from] brn\n|upkeep\n|turn|56\n|\n|t:|1665143213\n|switch|p2a: Kyogre|Kyogre|49\/100\n|-weather|RainDance|[from] ability: Drizzle|[of] p2a: Kyogre\n|move|p1a: Necrozma|Stealth Rock|p2a: Kyogre\n|-sidestart|p2: yokobaby|move: Stealth Rock\n|\n|-weather|RainDance|[upkeep]\n|-heal|p2a: Kyogre|55\/100|[from] item: Leftovers\n|-damage|p1a: Necrozma|43\/100 brn|[from] brn\n|upkeep\n|turn|57\n|\n|t:|1665143227\n|switch|p1a: Kyogre|Kyogre|100\/100\n|move|p2a: Kyogre|Substitute|p2a: Kyogre\n|-start|p2a: Kyogre|Substitute\n|-damage|p2a: Kyogre|30\/100\n|\n|-weather|RainDance|[upkeep]\n|-heal|p2a: Kyogre|37\/100|[from] item: Leftovers\n|upkeep\n|turn|58\n|\n|t:|1665143230\n|move|p1a: Kyogre|Thunder|p2a: Kyogre\n|-supereffective|p2a: Kyogre\n|-end|p2a: Kyogre|Substitute\n|move|p2a: Kyogre|Scald|p1a: Kyogre\n|-resisted|p1a: Kyogre\n|-damage|p1a: Kyogre|78\/100\n|\n|-weather|RainDance|[upkeep]\n|-heal|p2a: Kyogre|43\/100|[from] item: Leftovers\n|upkeep\n|turn|59\n|\n|t:|1665143233\n|switch|p2a: Blissey|Blissey, F|100\/100\n|-damage|p2a: Blissey|88\/100|[from] Stealth Rock\n|move|p1a: Kyogre|Thunder|p2a: Blissey\n|-damage|p2a: Blissey|67\/100\n|\n|-weather|RainDance|[upkeep]\n|upkeep\n|turn|60\n|\n|t:|1665143237\n|switch|p1a: Necrozma|Necrozma-Dusk-Mane|43\/100 brn\n|move|p2a: Blissey|Soft-Boiled|p2a: Blissey\n|-heal|p2a: Blissey|100\/100\n|\n|-weather|none\n|-damage|p1a: Necrozma|37\/100 brn|[from] brn\n|upkeep\n|turn|61\n|\n|t:|1665143241\n|switch|p2a: Ho-Oh|Ho-Oh|74\/100 tox\n|move|p1a: Necrozma|Morning Sun|p1a: Necrozma\n|-heal|p1a: Necrozma|87\/100 brn\n|\n|-damage|p2a: Ho-Oh|67\/100 tox|[from] psn\n|-damage|p1a: Necrozma|81\/100 brn|[from] brn\n|upkeep\n|turn|62\n|\n|t:|1665143244\n|move|p2a: Ho-Oh|Defog|p1a: Necrozma\n|-unboost|p1a: Necrozma|evasion|1\n|-sideend|p2: yokobaby|Stealth Rock|[from] move: Defog|[of] p2a: Ho-Oh\n|move|p1a: Necrozma|Stealth Rock|p2a: Ho-Oh\n|-sidestart|p2: yokobaby|move: Stealth Rock\n|\n|-damage|p2a: Ho-Oh|55\/100 tox|[from] psn\n|-damage|p1a: Necrozma|75\/100 brn|[from] brn\n|upkeep\n|turn|63\n|\n|t:|1665143246\n|move|p2a: Ho-Oh|Defog|p1a: Necrozma\n|-unboost|p1a: Necrozma|evasion|1\n|-sideend|p2: yokobaby|Stealth Rock|[from] move: Defog|[of] p2a: Ho-Oh\n|move|p1a: Necrozma|Stealth Rock|p2a: Ho-Oh\n|-sidestart|p2: yokobaby|move: Stealth Rock\n|\n|-damage|p2a: Ho-Oh|37\/100 tox|[from] psn\n|-damage|p1a: Necrozma|69\/100 brn|[from] brn\n|upkeep\n|turn|64\n|\n|t:|1665143250\n|switch|p2a: Tangrowth|Tangrowth, F|80\/100\n|-damage|p2a: Tangrowth|68\/100|[from] Stealth Rock\n|move|p1a: Necrozma|Stealth Rock||[still]\n|-fail|p1a: Necrozma\n|\n|-damage|p1a: Necrozma|63\/100 brn|[from] brn\n|upkeep\n|turn|65\n|\n|t:|1665143254\n|move|p1a: Necrozma|Thunder Wave|p2a: Tangrowth\n|-status|p2a: Tangrowth|par\n|cant|p2a: Tangrowth|par\n|\n|-damage|p1a: Necrozma|57\/100 brn|[from] brn\n|upkeep\n|turn|66\n|\n|t:|1665143265\n|switch|p1a: Ho-Oh|Ho-Oh|100\/100 tox\n|cant|p2a: Tangrowth|par\n|\n|-damage|p1a: Ho-Oh|94\/100 tox|[from] psn\n|upkeep\n|turn|67\n|\n|t:|1665143268\n|switch|p2a: Ho-Oh|Ho-Oh|71\/100 tox\n|move|p1a: Ho-Oh|Sacred Fire|p2a: Ho-Oh\n|-resisted|p2a: Ho-Oh\n|-damage|p2a: Ho-Oh|56\/100 tox\n|\n|-damage|p1a: Ho-Oh|82\/100 tox|[from] psn\n|-damage|p2a: Ho-Oh|50\/100 tox|[from] psn\n|upkeep\n|turn|68\n|\n|t:|1665143270\n|switch|p1a: Necrozma|Necrozma-Dusk-Mane|57\/100 brn\n|move|p2a: Ho-Oh|Defog|p1a: Necrozma\n|-unboost|p1a: Necrozma|evasion|1\n|-sideend|p2: yokobaby|Stealth Rock|[from] move: Defog|[of] p2a: Ho-Oh\n|\n|-damage|p2a: Ho-Oh|38\/100 tox|[from] psn\n|-damage|p1a: Necrozma|51\/100 brn|[from] brn\n|upkeep\n|turn|69\n|\n|t:|1665143274\n|switch|p2a: Tangrowth|Tangrowth, F|100\/100 par\n|move|p1a: Necrozma|Stealth Rock|p2a: Tangrowth\n|-sidestart|p2: yokobaby|move: Stealth Rock\n|\n|-damage|p1a: Necrozma|45\/100 brn|[from] brn\n|upkeep\n|turn|70\n|\n|t:|1665143276\n|switch|p2a: Ho-Oh|Ho-Oh|72\/100 tox\n|move|p1a: Necrozma|Morning Sun|p1a: Necrozma\n|-heal|p1a: Necrozma|95\/100 brn\n|\n|-damage|p2a: Ho-Oh|66\/100 tox|[from] psn\n|-damage|p1a: Necrozma|89\/100 brn|[from] brn\n|upkeep\n|turn|71\n|\n|t:|1665143279\n|switch|p1a: Kyogre|Kyogre|78\/100\n|-weather|RainDance|[from] ability: Drizzle|[of] p1a: Kyogre\n|move|p2a: Ho-Oh|Defog|p1a: Kyogre\n|-unboost|p1a: Kyogre|evasion|1\n|-sideend|p2: yokobaby|Stealth Rock|[from] move: Defog|[of] p2a: Ho-Oh\n|\n|-weather|RainDance|[upkeep]\n|-damage|p2a: Ho-Oh|54\/100 tox|[from] psn\n|upkeep\n|turn|72\n|\n|t:|1665143285\n|switch|p1a: Necrozma|Necrozma-Dusk-Mane|89\/100 brn\n|switch|p2a: Blissey|Blissey, F|100\/100\n|\n|-weather|RainDance|[upkeep]\n|-damage|p1a: Necrozma|83\/100 brn|[from] brn\n|upkeep\n|turn|73\n|\n|t:|1665143303\n|switch|p2a: Ho-Oh|Ho-Oh|87\/100 tox\n|move|p1a: Necrozma|Stealth Rock|p2a: Ho-Oh\n|-sidestart|p2: yokobaby|move: Stealth Rock\n|\n|-weather|RainDance|[upkeep]\n|-damage|p2a: Ho-Oh|81\/100 tox|[from] psn\n|-damage|p1a: Necrozma|77\/100 brn|[from] brn\n|upkeep\n|turn|74\n|\n|t:|1665143306\n|move|p2a: Ho-Oh|Defog|p1a: Necrozma\n|-unboost|p1a: Necrozma|evasion|1\n|-sideend|p2: yokobaby|Stealth Rock|[from] move: Defog|[of] p2a: Ho-Oh\n|move|p1a: Necrozma|Stealth Rock|p2a: Ho-Oh\n|-sidestart|p2: yokobaby|move: Stealth Rock\n|\n|-weather|RainDance|[upkeep]\n|-damage|p2a: Ho-Oh|69\/100 tox|[from] psn\n|-damage|p1a: Necrozma|71\/100 brn|[from] brn\n|upkeep\n|turn|75\n|\n|t:|1665143311\n|switch|p2a: Tangrowth|Tangrowth, F|100\/100 par\n|-damage|p2a: Tangrowth|88\/100 par|[from] Stealth Rock\n|switch|p1a: Kyogre|Kyogre|78\/100\n|\n|-weather|none\n|upkeep\n|turn|76\n|\n|t:|1665143316\n|switch|p2a: Blissey|Blissey, F|100\/100\n|-damage|p2a: Blissey|88\/100|[from] Stealth Rock\n|move|p1a: Kyogre|Ice Beam|p2a: Blissey\n|-damage|p2a: Blissey|72\/100\n|\n|upkeep\n|turn|77\n|\n|t:|1665143325\n|switch|p1a: Necrozma|Necrozma-Dusk-Mane|71\/100 brn\n|move|p2a: Blissey|Soft-Boiled|p2a: Blissey\n|-heal|p2a: Blissey|100\/100\n|\n|-damage|p1a: Necrozma|65\/100 brn|[from] brn\n|upkeep\n|turn|78\n|\n|t:|1665143327\n|move|p1a: Necrozma|Thunder Wave|p2a: Blissey\n|-status|p2a: Blissey|par\n|cant|p2a: Blissey|par\n|\n|-damage|p1a: Necrozma|59\/100 brn|[from] brn\n|upkeep\n|turn|79\n|\n|t:|1665143332\n|-curestatus|p2a: Blissey|par|[from] ability: Natural Cure\n|switch|p2a: Ho-Oh|Ho-Oh|100\/100 tox\n|move|p1a: Necrozma|Morning Sun|p1a: Necrozma\n|-heal|p1a: Necrozma|100\/100 brn\n|\n|-damage|p2a: Ho-Oh|94\/100 tox|[from] psn\n|-damage|p1a: Necrozma|94\/100 brn|[from] brn\n|upkeep\n|turn|80\n|\n|t:|1665143334\n|switch|p2a: Tangrowth|Tangrowth, F|100\/100 par\n|-damage|p2a: Tangrowth|88\/100 par|[from] Stealth Rock\n|move|p1a: Necrozma|Stealth Rock||[still]\n|-fail|p1a: Necrozma\n|\n|-damage|p1a: Necrozma|88\/100 brn|[from] brn\n|upkeep\n|turn|81\n|\n|t:|1665143338\n|switch|p1a: Kyogre|Kyogre|78\/100\n|-weather|RainDance|[from] ability: Drizzle|[of] p1a: Kyogre\n|move|p2a: Tangrowth|Grass Knot|p1a: Kyogre\n|-supereffective|p1a: Kyogre\n|-damage|p1a: Kyogre|14\/100\n|\n|-weather|RainDance|[upkeep]\n|upkeep\n|turn|82\n|\n|t:|1665143341\n|switch|p2a: Blissey|Blissey, F|100\/100\n|-damage|p2a: Blissey|88\/100|[from] Stealth Rock\n|move|p1a: Kyogre|Ice Beam|p2a: Blissey\n|-damage|p2a: Blissey|73\/100\n|\n|-weather|RainDance|[upkeep]\n|upkeep\n|turn|83\n|\n|t:|1665143344\n|move|p1a: Kyogre|Ice Beam|p2a: Blissey\n|-damage|p2a: Blissey|58\/100\n|move|p2a: Blissey|Soft-Boiled|p2a: Blissey\n|-heal|p2a: Blissey|100\/100\n|\n|-weather|RainDance|[upkeep]\n|upkeep\n|turn|84\n|\n|t:|1665143346\n|switch|p1a: Necrozma|Necrozma-Dusk-Mane|88\/100 brn\n|move|p2a: Blissey|Seismic Toss|p1a: Necrozma\n|-damage|p1a: Necrozma|63\/100 brn\n|\n|-weather|RainDance|[upkeep]\n|-damage|p1a: Necrozma|57\/100 brn|[from] brn\n|upkeep\n|turn|85\n|\n|t:|1665143352\n|switch|p2a: Ho-Oh|Ho-Oh|100\/100 tox\n|move|p1a: Necrozma|Thunder Wave||[still]\n|-fail|p1a: Necrozma\n|\n|-weather|none\n|-damage|p2a: Ho-Oh|94\/100 tox|[from] psn\n|-damage|p1a: Necrozma|51\/100 brn|[from] brn\n|upkeep\n|turn|86\n|\n|t:|1665143355\n|move|p2a: Ho-Oh|Sacred Fire|p1a: Necrozma\n|-supereffective|p1a: Necrozma\n|-crit|p1a: Necrozma\n|-damage|p1a: Necrozma|0 fnt\n|faint|p1a: Necrozma\n|\n|-damage|p2a: Ho-Oh|82\/100 tox|[from] psn\n|upkeep\n|\n|t:|1665143361\n|switch|p1a: Eternatus|Eternatus|100\/100\n|-ability|p1a: Eternatus|Pressure\n|turn|87\n|\n|t:|1665143363\n|switch|p2a: Blissey|Blissey, F|100\/100\n|-damage|p2a: Blissey|88\/100|[from] Stealth Rock\n|move|p1a: Eternatus|Cosmic Power|p1a: Eternatus\n|-boost|p1a: Eternatus|def|1\n|-boost|p1a: Eternatus|spd|1\n|\n|upkeep\n|turn|88\n|\n|t:|1665143364\n|move|p1a: Eternatus|Cosmic Power|p1a: Eternatus\n|-boost|p1a: Eternatus|def|1\n|-boost|p1a: Eternatus|spd|1\n|move|p2a: Blissey|Confide|p1a: Eternatus\n|-unboost|p1a: Eternatus|spa|1\n|\n|upkeep\n|turn|89\n|\n|t:|1665143369\n|move|p1a: Eternatus|Cosmic Power|p1a: Eternatus\n|-boost|p1a: Eternatus|def|1\n|-boost|p1a: Eternatus|spd|1\n|move|p2a: Blissey|Confide|p1a: Eternatus\n|-unboost|p1a: Eternatus|spa|1\n|\n|upkeep\n|turn|90\n|\n|t:|1665143375\n|switch|p2a: Tyranitar|Tyranitar, F|26\/100\n|-damage|p2a: Tyranitar|14\/100|[from] Stealth Rock\n|-weather|Sandstorm|[from] ability: Sand Stream|[of] p2a: Tyranitar\n|move|p1a: Eternatus|Cosmic Power|p1a: Eternatus\n|-boost|p1a: Eternatus|def|1\n|-boost|p1a: Eternatus|spd|1\n|\n|-weather|Sandstorm|[upkeep]\n|-damage|p1a: Eternatus|94\/100|[from] Sandstorm\n|-heal|p1a: Eternatus|100\/100|[from] item: Black Sludge\n|upkeep\n|turn|91\n|\n|t:|1665143400\n|move|p1a: Eternatus|Dragon Pulse|p2a: Tyranitar\n|-damage|p2a: Tyranitar|5\/100\n|move|p2a: Tyranitar|Rest|p2a: Tyranitar\n|-status|p2a: Tyranitar|slp|[from] move: Rest\n|-heal|p2a: Tyranitar|100\/100 slp|[silent]\n|\n|-weather|Sandstorm|[upkeep]\n|-damage|p1a: Eternatus|94\/100|[from] Sandstorm\n|-heal|p1a: Eternatus|100\/100|[from] item: Black Sludge\n|upkeep\n|turn|92\n|-message|AGLT5TX ma forfeited.\n|\n|win|yokobaby\n|raw|AGLT5TX ma's rating: 1708 &rarr; <strong>1691<\/strong><br \/>(-17 for losing)\n|raw|yokobaby's rating: 1756 &rarr; <strong>1773<\/strong><br \/>(+17 for winning)\n|l|\u2606AGLT5TX ma\n||Ladder isn't responding, score probably updated but might not have (Request timeout).\n","uploadtime":1665143423,"views":3,"p1id":"aglt5txma","p2id":"yokobaby","formatid":"gen8anythinggoes","rating":1691,"private":0,"password":null}