{"id":"gen8nationaldex-1700580360","p1":"Bugsileus","p2":"FleetFoxxx","format":"gen8nationaldex","log":"|j|\u2606Bugsileus\n|j|\u2606FleetFoxxx\n|t:|1667353593\n|gametype|singles\n|player|p1|Bugsileus|bugsy|\n|player|p2|FleetFoxxx|flannery|\n|teamsize|p1|6\n|teamsize|p2|6\n|gen|8\n|tier|[Gen 8] National Dex\n|rule|HP Percentage Mod: HP is shown in percentages\n|rule|Endless Battle Clause: Forcing endless battles is banned\n|rule|OHKO Clause: OHKO moves are banned\n|rule|Evasion Moves Clause: Evasion moves are banned\n|rule|Species Clause: Limit one of each Pok\u00e9mon\n|rule|Dynamax Clause: You cannot dynamax\n|rule|Sleep Clause Mod: Limit one foe put to sleep\n|clearpoke\n|poke|p1|Azelf|\n|poke|p1|Entei|\n|poke|p1|Porygon2|\n|poke|p1|Medicham, F|\n|poke|p1|Vikavolt, M|\n|poke|p1|Kabutops, M|\n|poke|p2|Pinsir, F|\n|poke|p2|Celesteela|\n|poke|p2|Goodra, M|\n|poke|p2|Hydreigon, F|\n|poke|p2|Silvally-*|\n|poke|p2|Runerigus, M|\n|teampreview\n|c|\u2606FleetFoxxx|gl hf\n|c|\u2606Bugsileus|glhf!\n|j| yes munchlax\n|j| sh0eshin3\n|j| Hror\n|j| DerpyDots\n|j| johngalt149\n|j| sicksickboy\n|\n|t:|1667353679\n|start\n|switch|p1a: Vikavolt|Vikavolt, M|100\/100\n|switch|p2a: Silvally|Silvally-Fairy|100\/100\n|turn|1\n|\n|t:|1667353735\n|move|p2a: Silvally|Multi-Attack|p1a: Vikavolt\n|-damage|p1a: Vikavolt|62\/100\n|move|p1a: Vikavolt|Volt Switch|p2a: Silvally\n|-damage|p2a: Silvally|67\/100\n|\n|t:|1667353741\n|switch|p1a: Entei|Entei|100\/100|[from]move: Volt Switch\n|\n|upkeep\n|turn|2\n|j|+111ace111\n|\n|t:|1667353753\n|switch|p2a: Goodra|Goodra, M|100\/100\n|move|p1a: Entei|Curse|p1a: Entei\n|-unboost|p1a: Entei|spe|1\n|-boost|p1a: Entei|atk|1\n|-boost|p1a: Entei|def|1\n|\n|upkeep\n|turn|3\n|\n|t:|1667353771\n|move|p2a: Goodra|Rain Dance|p2a: Goodra\n|-weather|RainDance\n|move|p1a: Entei|Return|p2a: Goodra\n|-damage|p2a: Goodra|54\/100\n|\n|-weather|RainDance|[upkeep]\n|-heal|p2a: Goodra|60\/100|[from] item: Leftovers\n|upkeep\n|turn|4\n|\n|t:|1667353789\n|switch|p1a: Porygon2|Porygon2|100\/100\n|-ability|p1a: Porygon2|Download|boost\n|-boost|p1a: Porygon2|atk|1\n|move|p2a: Goodra|Surf|p1a: Porygon2\n|-damage|p1a: Porygon2|83\/100\n|\n|-weather|RainDance|[upkeep]\n|-heal|p2a: Goodra|66\/100|[from] item: Leftovers\n|upkeep\n|turn|5\n|\n|t:|1667353800\n|move|p2a: Goodra|Toxic|p1a: Porygon2\n|-status|p1a: Porygon2|tox\n|move|p1a: Porygon2|Ice Beam|p2a: Goodra\n|-supereffective|p2a: Goodra\n|-damage|p2a: Goodra|39\/100\n|\n|-weather|RainDance|[upkeep]\n|-heal|p2a: Goodra|45\/100|[from] item: Leftovers\n|-damage|p1a: Porygon2|77\/100 tox|[from] psn\n|upkeep\n|turn|6\n|\n|t:|1667353808\n|move|p2a: Goodra|Rest|p2a: Goodra\n|-status|p2a: Goodra|slp|[from] move: Rest\n|-heal|p2a: Goodra|100\/100 slp|[silent]\n|move|p1a: Porygon2|Thunder Wave||[still]\n|-fail|p1a: Porygon2\n|\n|-weather|RainDance|[upkeep]\n|-activate|p2a: Goodra|ability: Hydration\n|-curestatus|p2a: Goodra|slp|[msg]\n|-damage|p1a: Porygon2|65\/100 tox|[from] psn\n|upkeep\n|turn|7\n|\n|t:|1667353823\n|move|p2a: Goodra|Surf|p1a: Porygon2\n|-damage|p1a: Porygon2|50\/100 tox\n|move|p1a: Porygon2|Recover|p1a: Porygon2\n|-heal|p1a: Porygon2|99\/100 tox\n|\n|-weather|none\n|-damage|p1a: Porygon2|82\/100 tox|[from] psn\n|upkeep\n|turn|8\n|\n|t:|1667353834\n|switch|p1a: Azelf|Azelf|100\/100\n|move|p2a: Goodra|Rain Dance|p2a: Goodra\n|-weather|RainDance\n|\n|-weather|RainDance|[upkeep]\n|upkeep\n|turn|9\n|\n|t:|1667353850\n|move|p1a: Azelf|Play Rough|p2a: Goodra\n|-supereffective|p2a: Goodra\n|-damage|p2a: Goodra|46\/100\n|move|p2a: Goodra|Surf|p1a: Azelf\n|-damage|p1a: Azelf|55\/100\n|\n|-weather|RainDance|[upkeep]\n|-heal|p2a: Goodra|52\/100|[from] item: Leftovers\n|upkeep\n|turn|10\n|\n|t:|1667353871\n|switch|p2a: Celesteela|Celesteela|100\/100\n|move|p1a: Azelf|Play Rough|p2a: Celesteela\n|-resisted|p2a: Celesteela\n|-damage|p2a: Celesteela|90\/100\n|-unboost|p2a: Celesteela|atk|1\n|\n|-weather|RainDance|[upkeep]\n|-heal|p2a: Celesteela|96\/100|[from] item: Leftovers\n|upkeep\n|turn|11\n|\n|t:|1667353883\n|switch|p1a: Vikavolt|Vikavolt, M|62\/100\n|move|p2a: Celesteela|Leech Seed|p1a: Vikavolt\n|-start|p1a: Vikavolt|move: Leech Seed\n|\n|-weather|RainDance|[upkeep]\n|-heal|p2a: Celesteela|100\/100|[from] item: Leftovers\n|-damage|p1a: Vikavolt|50\/100|[from] Leech Seed|[of] p2a: Celesteela\n|upkeep\n|turn|12\n|\n|t:|1667353942\n|switch|p2a: Goodra|Goodra, M|52\/100\n|move|p1a: Vikavolt|Sticky Web|p2a: Goodra\n|-sidestart|p2: FleetFoxxx|move: Sticky Web\n|\n|-weather|none\n|-heal|p2a: Goodra|58\/100|[from] item: Leftovers\n|-damage|p1a: Vikavolt|37\/100|[from] Leech Seed|[of] p2a: Goodra\n|-heal|p2a: Goodra|69\/100|[silent]\n|upkeep\n|turn|13\n|\n|t:|1667353976\n|move|p2a: Goodra|Toxic|p1a: Vikavolt\n|-status|p1a: Vikavolt|tox\n|move|p1a: Vikavolt|Volt Switch|p2a: Goodra\n|-resisted|p2a: Goodra\n|-damage|p2a: Goodra|59\/100\n|\n|t:|1667353980\n|switch|p1a: Medicham|Medicham, F|100\/100|[from]move: Volt Switch\n|\n|-heal|p2a: Goodra|65\/100|[from] item: Leftovers\n|upkeep\n|turn|14\n|\n|t:|1667353993\n|switch|p2a: Runerigus|Runerigus, M|100\/100\n|-activate|p2a: Runerigus|move: Sticky Web\n|-unboost|p2a: Runerigus|spe|1\n|detailschange|p1a: Medicham|Medicham-Mega, F\n|-mega|p1a: Medicham|Medicham|Medichamite\n|move|p1a: Medicham|Ice Punch|p2a: Runerigus\n|-supereffective|p2a: Runerigus\n|-damage|p2a: Runerigus|46\/100\n|-damage|p1a: Medicham|84\/100|[from] item: Rocky Helmet|[of] p2a: Runerigus\n|-activate|p2a: Runerigus|ability: Wandering Spirit|Pure Power|Wandering Spirit|[of] p1a: Medicham\n|\n|upkeep\n|turn|15\n|\n|t:|1667354014\n|switch|p1a: Vikavolt|Vikavolt, M|37\/100 tox\n|move|p2a: Runerigus|Stealth Rock|p1a: Vikavolt\n|-sidestart|p1: Bugsileus|move: Stealth Rock\n|\n|-damage|p1a: Vikavolt|31\/100 tox|[from] psn\n|upkeep\n|turn|16\n|\n|t:|1667354038\n|switch|p2a: Goodra|Goodra, M|65\/100\n|-activate|p2a: Goodra|move: Sticky Web\n|-unboost|p2a: Goodra|spe|1\n|move|p1a: Vikavolt|Energy Ball|p2a: Goodra\n|-resisted|p2a: Goodra\n|-damage|p2a: Goodra|56\/100\n|\n|-heal|p2a: Goodra|62\/100|[from] item: Leftovers\n|-damage|p1a: Vikavolt|19\/100 tox|[from] psn\n|upkeep\n|turn|17\n|\n|t:|1667354089\n|move|p2a: Goodra|Surf|p1a: Vikavolt\n|-damage|p1a: Vikavolt|0 fnt\n|faint|p1a: Vikavolt\n|\n|-heal|p2a: Goodra|68\/100|[from] item: Leftovers\n|upkeep\n|\n|t:|1667354106\n|switch|p1a: Medicham|Medicham-Mega, F|84\/100\n|-damage|p1a: Medicham|78\/100|[from] Stealth Rock\n|turn|18\n|\n|t:|1667354171\n|switch|p2a: Celesteela|Celesteela|100\/100\n|move|p1a: Medicham|Ice Punch|p2a: Celesteela\n|-damage|p2a: Celesteela|72\/100\n|\n|-heal|p2a: Celesteela|78\/100|[from] item: Leftovers\n|upkeep\n|turn|19\n|\n|t:|1667354225\n|switch|p1a: Porygon2|Porygon2|82\/100 tox\n|-damage|p1a: Porygon2|69\/100 tox|[from] Stealth Rock\n|-ability|p1a: Porygon2|Download|boost\n|-boost|p1a: Porygon2|spa|1\n|move|p2a: Celesteela|Leech Seed|p1a: Porygon2|[miss]\n|-miss|p2a: Celesteela|p1a: Porygon2\n|\n|-heal|p2a: Celesteela|84\/100|[from] item: Leftovers\n|-damage|p1a: Porygon2|63\/100 tox|[from] psn\n|upkeep\n|turn|20\n|\n|t:|1667354237\n|move|p2a: Celesteela|Protect|p2a: Celesteela\n|-singleturn|p2a: Celesteela|Protect\n|move|p1a: Porygon2|Thunder Wave|p2a: Celesteela\n|-activate|p2a: Celesteela|move: Protect\n|\n|-heal|p2a: Celesteela|90\/100|[from] item: Leftovers\n|-damage|p1a: Porygon2|51\/100 tox|[from] psn\n|upkeep\n|turn|21\n|\n|t:|1667354258\n|switch|p2a: Goodra|Goodra, M|68\/100\n|-activate|p2a: Goodra|move: Sticky Web\n|-unboost|p2a: Goodra|spe|1\n|move|p1a: Porygon2|Recover|p1a: Porygon2\n|-heal|p1a: Porygon2|100\/100 tox\n|\n|-heal|p2a: Goodra|74\/100|[from] item: Leftovers\n|-damage|p1a: Porygon2|82\/100 tox|[from] psn\n|upkeep\n|turn|22\n|\n|t:|1667354286\n|move|p1a: Porygon2|Ice Beam|p2a: Goodra\n|-supereffective|p2a: Goodra\n|-damage|p2a: Goodra|32\/100\n|move|p2a: Goodra|Rain Dance|p2a: Goodra\n|-weather|RainDance\n|\n|-weather|RainDance|[upkeep]\n|-heal|p2a: Goodra|38\/100|[from] item: Leftovers\n|-damage|p1a: Porygon2|57\/100 tox|[from] psn\n|upkeep\n|turn|23\n|\n|t:|1667354386\n|switch|p2a: Celesteela|Celesteela|90\/100\n|move|p1a: Porygon2|Ice Beam|p2a: Celesteela\n|-damage|p2a: Celesteela|62\/100\n|-status|p2a: Celesteela|frz\n|\n|-weather|RainDance|[upkeep]\n|-heal|p2a: Celesteela|68\/100 frz|[from] item: Leftovers\n|-damage|p1a: Porygon2|27\/100 tox|[from] psn\n|upkeep\n|turn|24\n|\n|t:|1667354400\n|switch|p1a: Entei|Entei|100\/100\n|-damage|p1a: Entei|76\/100|[from] Stealth Rock\n|cant|p2a: Celesteela|frz\n|\n|-weather|RainDance|[upkeep]\n|-heal|p2a: Celesteela|74\/100 frz|[from] item: Leftovers\n|upkeep\n|turn|25\n|c| sh0eshin3|here we go again\n|\n|t:|1667354423\n|switch|p2a: Goodra|Goodra, M|38\/100\n|-activate|p2a: Goodra|move: Sticky Web\n|-unboost|p2a: Goodra|spe|1\n|move|p1a: Entei|Sacred Fire|p2a: Goodra\n|-resisted|p2a: Goodra\n|-damage|p2a: Goodra|28\/100\n|\n|-weather|RainDance|[upkeep]\n|-heal|p2a: Goodra|34\/100|[from] item: Leftovers\n|upkeep\n|turn|26\n|\n|t:|1667354435\n|move|p1a: Entei|Return|p2a: Goodra\n|-damage|p2a: Goodra|4\/100\n|move|p2a: Goodra|Rest|p2a: Goodra\n|-status|p2a: Goodra|slp|[from] move: Rest\n|-heal|p2a: Goodra|100\/100 slp|[silent]\n|\n|-weather|none\n|upkeep\n|turn|27\n|\n|t:|1667354478\n|switch|p2a: Hydreigon|Hydreigon, F|100\/100\n|move|p1a: Entei|Curse|p1a: Entei\n|-unboost|p1a: Entei|spe|1\n|-boost|p1a: Entei|atk|1\n|-boost|p1a: Entei|def|1\n|\n|upkeep\n|turn|28\n|\n|t:|1667354498\n|move|p2a: Hydreigon|Draco Meteor|p1a: Entei\n|-damage|p1a: Entei|11\/100\n|-unboost|p2a: Hydreigon|spa|2\n|move|p1a: Entei|Return|p2a: Hydreigon\n|-damage|p2a: Hydreigon|41\/100\n|\n|-heal|p2a: Hydreigon|47\/100|[from] item: Leftovers\n|upkeep\n|turn|29\n|\n|t:|1667354521\n|move|p1a: Entei|Extreme Speed|p2a: Hydreigon\n|-damage|p2a: Hydreigon|1\/100\n|move|p2a: Hydreigon|Dark Pulse|p1a: Entei\n|-damage|p1a: Entei|0 fnt\n|faint|p1a: Entei\n|\n|-heal|p2a: Hydreigon|7\/100|[from] item: Leftovers\n|upkeep\n|c| sh0eshin3|whataretheserolls.mp4\n|\n|t:|1667354565\n|switch|p1a: Azelf|Azelf|55\/100\n|-damage|p1a: Azelf|43\/100|[from] Stealth Rock\n|turn|30\n|j| etbox\n|j| pretty rave girl\n|\n|t:|1667354730\n|switch|p2a: Celesteela|Celesteela|74\/100 frz\n|move|p1a: Azelf|Stealth Rock|p2a: Celesteela\n|-sidestart|p2: FleetFoxxx|move: Stealth Rock\n|\n|-heal|p2a: Celesteela|80\/100 frz|[from] item: Leftovers\n|upkeep\n|turn|31\n|\n|t:|1667354747\n|switch|p1a: Kabutops|Kabutops, M|100\/100\n|-damage|p1a: Kabutops|88\/100|[from] Stealth Rock\n|cant|p2a: Celesteela|frz\n|\n|-heal|p2a: Celesteela|86\/100 frz|[from] item: Leftovers\n|upkeep\n|turn|32\n|\n|t:|1667354761\n|move|p1a: Kabutops|Swords Dance|p1a: Kabutops\n|-boost|p1a: Kabutops|atk|2\n|cant|p2a: Celesteela|frz\n|\n|-heal|p2a: Celesteela|92\/100 frz|[from] item: Leftovers\n|upkeep\n|turn|33\n|\n|t:|1667354770\n|move|p1a: Kabutops|Liquidation|p2a: Celesteela\n|-damage|p2a: Celesteela|39\/100 frz\n|cant|p2a: Celesteela|frz\n|\n|-heal|p2a: Celesteela|45\/100 frz|[from] item: Leftovers\n|upkeep\n|turn|34\n|\n|t:|1667354784\n|move|p1a: Kabutops|Liquidation|p2a: Celesteela\n|-damage|p2a: Celesteela|0 fnt\n|faint|p2a: Celesteela\n|\n|upkeep\n|\n|t:|1667354789\n|switch|p2a: Silvally|Silvally-Fairy|67\/100\n|-activate|p2a: Silvally|move: Sticky Web\n|-unboost|p2a: Silvally|spe|1\n|-damage|p2a: Silvally|54\/100|[from] Stealth Rock\n|turn|35\n|\n|t:|1667354795\n|move|p1a: Kabutops|Liquidation|p2a: Silvally\n|-damage|p2a: Silvally|0 fnt\n|faint|p2a: Silvally\n|\n|upkeep\n|\n|t:|1667354804\n|switch|p2a: Runerigus|Runerigus, M|46\/100\n|-activate|p2a: Runerigus|move: Sticky Web\n|-unboost|p2a: Runerigus|spe|1\n|-damage|p2a: Runerigus|40\/100|[from] Stealth Rock\n|turn|36\n|\n|t:|1667354812\n|move|p1a: Kabutops|Liquidation|p2a: Runerigus\n|-supereffective|p2a: Runerigus\n|-damage|p2a: Runerigus|0 fnt\n|-damage|p1a: Kabutops|72\/100|[from] item: Rocky Helmet|[of] p2a: Runerigus\n|-activate|p2a: Runerigus|ability: Wandering Spirit|Weak Armor|Wandering Spirit|[of] p1a: Kabutops\n|faint|p2a: Runerigus\n|\n|upkeep\n|\n|t:|1667354815\n|switch|p2a: Goodra|Goodra, M|100\/100 slp\n|-activate|p2a: Goodra|move: Sticky Web\n|-unboost|p2a: Goodra|spe|1\n|-damage|p2a: Goodra|88\/100 slp|[from] Stealth Rock\n|turn|37\n|\n|t:|1667354823\n|move|p1a: Kabutops|Stone Edge|p2a: Goodra|[miss]\n|-miss|p1a: Kabutops|p2a: Goodra\n|cant|p2a: Goodra|slp\n|\n|-heal|p2a: Goodra|94\/100 slp|[from] item: Leftovers\n|upkeep\n|turn|38\n|\n|t:|1667354840\n|move|p1a: Kabutops|Stone Edge|p2a: Goodra\n|-damage|p2a: Goodra|15\/100 slp\n|cant|p2a: Goodra|slp\n|\n|-heal|p2a: Goodra|21\/100 slp|[from] item: Leftovers\n|upkeep\n|turn|39\n|\n|t:|1667354847\n|move|p1a: Kabutops|Liquidation|p2a: Goodra\n|-resisted|p2a: Goodra\n|-damage|p2a: Goodra|0 fnt\n|faint|p2a: Goodra\n|\n|upkeep\n|\n|t:|1667354860\n|switch|p2a: Pinsir|Pinsir, F|100\/100\n|-activate|p2a: Pinsir|move: Sticky Web\n|-unboost|p2a: Pinsir|spe|1\n|-damage|p2a: Pinsir|76\/100|[from] Stealth Rock\n|turn|40\n|\n|t:|1667354869\n|detailschange|p2a: Pinsir|Pinsir-Mega, F\n|-mega|p2a: Pinsir|Pinsir|Pinsirite\n|move|p1a: Kabutops|Liquidation|p2a: Pinsir\n|-damage|p2a: Pinsir|0 fnt\n|faint|p2a: Pinsir\n|\n|upkeep\n|\n|t:|1667354873\n|switch|p2a: Hydreigon|Hydreigon, F|7\/100\n|-damage|p2a: Hydreigon|0 fnt|[from] Stealth Rock\n|faint|p2a: Hydreigon\n|\n|win|Bugsileus\n|c|\u2606Bugsileus|gg!\n|c|\u2606FleetFoxxx|gg\n","uploadtime":1667354884,"views":17,"p1id":"bugsileus","p2id":"fleetfoxxx","formatid":"gen8nationaldex","rating":0,"private":0,"password":null}