{"id":"gen8ou-1667289589","p1":"alvar03","p2":"Smash BrOUs","format":"gen8ou","log":"|j|\u2606alvar03\n|j|\u2606Smash BrOUs\n|t:|1663508618\n|gametype|singles\n|player|p1|alvar03|alder|1683\n|player|p2|Smash BrOUs|musician|1650\n|teamsize|p1|6\n|teamsize|p2|6\n|gen|8\n|tier|[Gen 8] OU\n|rated|\n|rule|Sleep Clause Mod: Limit one foe put to sleep\n|rule|Species Clause: Limit one of each Pok\u00e9mon\n|rule|OHKO Clause: OHKO moves are banned\n|rule|Evasion Items Clause: Evasion items are banned\n|rule|Evasion Moves Clause: Evasion moves are banned\n|rule|Endless Battle Clause: Forcing endless battles is banned\n|rule|HP Percentage Mod: HP is shown in percentages\n|rule|Dynamax Clause: You cannot dynamax\n|clearpoke\n|poke|p1|Landorus-Therian, M|\n|poke|p1|Slowking-Galar, F|\n|poke|p1|Victini|\n|poke|p1|Ferrothorn, M|\n|poke|p1|Tapu Koko|\n|poke|p1|Tornadus-Therian, M|\n|poke|p2|Turtonator, F|\n|poke|p2|Blastoise, M|\n|poke|p2|Barbaracle, F|\n|poke|p2|Cloyster, F|\n|poke|p2|Polteageist|\n|poke|p2|Crustle, M|\n|teampreview\n|inactive|Battle timer is ON: inactive players will automatically lose when time's up. (requested by Smash BrOUs)\n|j| 0SiegeWarfare\n|j| iced out samsung\n|\n|t:|1663508645\n|start\n|switch|p1a: Landorus|Landorus-Therian, M|100\/100\n|switch|p2a: Piranha Plant|Crustle, M|100\/100\n|-ability|p1a: Landorus|Intimidate|boost\n|-unboost|p2a: Piranha Plant|atk|1\n|turn|1\n|\n|t:|1663508653\n|move|p1a: Landorus|U-turn|p2a: Piranha Plant\n|-damage|p2a: Piranha Plant|61\/100\n|\n|t:|1663508655\n|switch|p1a: Ferrothorn|Ferrothorn, M|100\/100|[from]move: U-turn\n|move|p2a: Piranha Plant|Shell Smash|p2a: Piranha Plant\n|-unboost|p2a: Piranha Plant|def|1\n|-unboost|p2a: Piranha Plant|spd|1\n|-boost|p2a: Piranha Plant|atk|2\n|-boost|p2a: Piranha Plant|spa|2\n|-boost|p2a: Piranha Plant|spe|2\n|\n|upkeep\n|turn|2\n|\n|t:|1663508658\n|move|p2a: Piranha Plant|Shell Smash|p2a: Piranha Plant\n|-unboost|p2a: Piranha Plant|def|1\n|-unboost|p2a: Piranha Plant|spd|1\n|-boost|p2a: Piranha Plant|atk|2\n|-boost|p2a: Piranha Plant|spa|2\n|-boost|p2a: Piranha Plant|spe|2\n|move|p1a: Ferrothorn|Stealth Rock|p2a: Piranha Plant\n|-sidestart|p2: Smash BrOUs|move: Stealth Rock\n|\n|upkeep\n|turn|3\n|\n|t:|1663508661\n|move|p2a: Piranha Plant|X-Scissor|p1a: Ferrothorn\n|-damage|p1a: Ferrothorn|41\/100\n|-damage|p2a: Piranha Plant|49\/100|[from] ability: Iron Barbs|[of] p1a: Ferrothorn\n|move|p1a: Ferrothorn|Power Whip|p2a: Piranha Plant\n|-damage|p2a: Piranha Plant|0 fnt\n|faint|p2a: Piranha Plant\n|\n|-heal|p1a: Ferrothorn|48\/100|[from] item: Leftovers\n|upkeep\n|\n|t:|1663508668\n|switch|p2a: Bowser|Turtonator, F|100\/100\n|-damage|p2a: Bowser|76\/100|[from] Stealth Rock\n|turn|4\n|\n|t:|1663508676\n|switch|p1a: Slowking|Slowking-Galar, F|100\/100\n|move|p2a: Bowser|Flamethrower|p1a: Slowking\n|-damage|p1a: Slowking|85\/100\n|\n|upkeep\n|turn|5\n|\n|t:|1663508679\n|move|p2a: Bowser|Shell Smash|p2a: Bowser\n|-unboost|p2a: Bowser|def|1\n|-unboost|p2a: Bowser|spd|1\n|-boost|p2a: Bowser|atk|2\n|-boost|p2a: Bowser|spa|2\n|-boost|p2a: Bowser|spe|2\n|move|p1a: Slowking|Future Sight|p2a: Bowser\n|-start|p1a: Slowking|move: Future Sight\n|\n|upkeep\n|turn|6\n|\n|t:|1663508682\n|move|p2a: Bowser|Flamethrower|p1a: Slowking\n|-damage|p1a: Slowking|51\/100\n|move|p1a: Slowking|Sludge Bomb|p2a: Bowser\n|-damage|p2a: Bowser|0 fnt\n|faint|p2a: Bowser\n|\n|upkeep\n|\n|t:|1663508684\n|switch|p2a: King K Rool|Blastoise, M|100\/100\n|-damage|p2a: King K Rool|88\/100|[from] Stealth Rock\n|turn|7\n|\n|t:|1663508687\n|move|p2a: King K Rool|Rapid Spin|p1a: Slowking\n|-damage|p1a: Slowking|41\/100\n|-boost|p2a: King K Rool|spe|1\n|-sideend|p2: Smash BrOUs|Stealth Rock|[from] move: Rapid Spin|[of] p2a: King K Rool\n|move|p1a: Slowking|Sludge Bomb|p2a: King K Rool\n|-damage|p2a: King K Rool|44\/100\n|\n|-end|p2a: King K Rool|move: Future Sight\n|-damage|p2a: King K Rool|0 fnt\n|faint|p2a: King K Rool\n|upkeep\n|\n|t:|1663508693\n|switch|p2a: Kirby|Polteageist|100\/100\n|turn|8\n|\n|t:|1663508702\n|move|p2a: Kirby|Shell Smash|p2a: Kirby\n|-unboost|p2a: Kirby|def|1\n|-unboost|p2a: Kirby|spd|1\n|-boost|p2a: Kirby|atk|2\n|-boost|p2a: Kirby|spa|2\n|-boost|p2a: Kirby|spe|2\n|move|p1a: Slowking|Future Sight|p2a: Kirby\n|-start|p1a: Slowking|move: Future Sight\n|\n|upkeep\n|turn|9\n|\n|t:|1663508707\n|move|p2a: Kirby|Shadow Ball|p1a: Slowking\n|-supereffective|p1a: Slowking\n|-damage|p1a: Slowking|0 fnt\n|faint|p1a: Slowking\n|\n|upkeep\n|\n|t:|1663508710\n|switch|p1a: Landorus|Landorus-Therian, M|100\/100\n|-ability|p1a: Landorus|Intimidate|boost\n|-unboost|p2a: Kirby|atk|1\n|turn|10\n|\n|t:|1663508712\n|move|p2a: Kirby|Shadow Ball|p1a: Landorus\n|-damage|p1a: Landorus|0 fnt\n|faint|p1a: Landorus\n|\n|-end|p2a: Kirby|move: Future Sight\n|-damage|p2a: Kirby|6\/100\n|upkeep\n|\n|t:|1663508717\n|switch|p1a: Tornadus|Tornadus-Therian, M|100\/100\n|turn|11\n|\n|t:|1663508720\n|move|p2a: Kirby|Shadow Ball|p1a: Tornadus\n|-damage|p1a: Tornadus|9\/100\n|move|p1a: Tornadus|U-turn|p2a: Kirby\n|-resisted|p2a: Kirby\n|-damage|p2a: Kirby|0 fnt\n|faint|p2a: Kirby\n|\n|t:|1663508730\n|switch|p1a: Ferrothorn|Ferrothorn, M|48\/100|[from]move: U-turn\n|\n|-heal|p1a: Ferrothorn|54\/100|[from] item: Leftovers\n|upkeep\n|\n|t:|1663508732\n|switch|p2a: Ridley|Cloyster, F|100\/100\n|turn|12\n|\n|t:|1663508734\n|move|p2a: Ridley|Shell Smash|p2a: Ridley\n|-unboost|p2a: Ridley|def|1\n|-unboost|p2a: Ridley|spd|1\n|-boost|p2a: Ridley|atk|2\n|-boost|p2a: Ridley|spa|2\n|-boost|p2a: Ridley|spe|2\n|move|p1a: Ferrothorn|Power Whip|p2a: Ridley|[miss]\n|-miss|p1a: Ferrothorn|p2a: Ridley\n|\n|-heal|p1a: Ferrothorn|60\/100|[from] item: Leftovers\n|upkeep\n|turn|13\n|\n|t:|1663508739\n|move|p2a: Ridley|Shell Smash|p2a: Ridley\n|-unboost|p2a: Ridley|def|1\n|-unboost|p2a: Ridley|spd|1\n|-boost|p2a: Ridley|atk|2\n|-boost|p2a: Ridley|spa|2\n|-boost|p2a: Ridley|spe|2\n|move|p1a: Ferrothorn|Power Whip|p2a: Ridley\n|-supereffective|p2a: Ridley\n|-enditem|p2a: Ridley|Focus Sash\n|-damage|p2a: Ridley|1\/100\n|\n|-heal|p1a: Ferrothorn|66\/100|[from] item: Leftovers\n|upkeep\n|turn|14\n|\n|t:|1663508742\n|move|p2a: Ridley|Icicle Spear|p1a: Ferrothorn\n|-damage|p1a: Ferrothorn|47\/100\n|-damage|p1a: Ferrothorn|29\/100\n|-damage|p1a: Ferrothorn|11\/100\n|-damage|p1a: Ferrothorn|0 fnt\n|faint|p1a: Ferrothorn\n|-hitcount|p1: Ferrothorn|4\n|\n|upkeep\n|\n|t:|1663508744\n|switch|p1a: Victini|Victini|100\/100\n|turn|15\n|\n|t:|1663508747\n|move|p2a: Ridley|Liquidation|p1a: Victini\n|-supereffective|p1a: Victini\n|-damage|p1a: Victini|0 fnt\n|faint|p1a: Victini\n|\n|upkeep\n|-message|alvar03 forfeited.\n|\n|win|Smash BrOUs\n|raw|alvar03's rating: 1683 &rarr; <strong>1661<\/strong><br \/>(-22 for losing)\n|raw|Smash BrOUs's rating: 1650 &rarr; <strong>1672<\/strong><br \/>(+22 for winning)\n|l|\u2606alvar03\n|l|\u2606Smash BrOUs\n","uploadtime":1663508766,"views":15,"p1id":"alvar03","p2id":"smashbrous","formatid":"gen8ou","rating":1661,"private":0,"password":null}