{"id":"gen8ou-1656704973","p1":"AhiruChan","p2":"rooopos","format":"gen8ou","log":"|j|\u2606AhiruChan\n|j|\u2606rooopos\n|t:|1662388435\n|gametype|singles\n|player|p1|AhiruChan|waitress|\n|player|p2|rooopos|265|\n|teamsize|p1|6\n|teamsize|p2|6\n|gen|8\n|tier|[Gen 8] OU\n|rule|Sleep Clause Mod: Limit one foe put to sleep\n|rule|Species Clause: Limit one of each Pok\u00e9mon\n|rule|OHKO Clause: OHKO moves are banned\n|rule|Evasion Items Clause: Evasion items are banned\n|rule|Evasion Moves Clause: Evasion moves are banned\n|rule|Endless Battle Clause: Forcing endless battles is banned\n|rule|HP Percentage Mod: HP is shown in percentages\n|rule|Dynamax Clause: You cannot dynamax\n|clearpoke\n|poke|p1|Golduck, F|\n|poke|p1|Pelipper, F|\n|poke|p1|Toxapex, F|\n|poke|p1|Swampert, M|\n|poke|p1|Keldeo-Resolute|\n|poke|p1|Volcanion|\n|poke|p2|Dragapult, M|\n|poke|p2|Zapdos|\n|poke|p2|Nihilego|\n|poke|p2|Ferrothorn, F|\n|poke|p2|Landorus-Therian, M|\n|poke|p2|Crawdaunt, M|\n|teampreview\n|c|\u2606AhiruChan|glhf\n|c|\u2606rooopos|yay! rain\n|\n|t:|1662388464\n|start\n|switch|p1a: Mud|Swampert, M|100\/100\n|switch|p2a: Dragapult|Dragapult, M|100\/100\n|turn|1\n|\n|t:|1662388475\n|move|p2a: Dragapult|U-turn|p1a: Mud\n|-damage|p1a: Mud|84\/100\n|c|\u2606rooopos|hf\n|\n|t:|1662388478\n|switch|p2a: Ferrothorn|Ferrothorn, F|100\/100|[from]move: U-turn\n|move|p1a: Mud|Toxic|p2a: Ferrothorn\n|-immune|p2a: Ferrothorn\n|\n|-heal|p1a: Mud|90\/100|[from] item: Leftovers\n|upkeep\n|turn|2\n|\n|t:|1662388488\n|switch|p1a: \/weather rain|Pelipper, F|100\/100\n|-weather|RainDance|[from] ability: Drizzle|[of] p1a: \/weather rain\n|move|p2a: Ferrothorn|Stealth Rock|p1a: \/weather rain\n|-sidestart|p1: AhiruChan|move: Stealth Rock\n|\n|-weather|RainDance|[upkeep]\n|upkeep\n|turn|3\n|\n|t:|1662388496\n|switch|p2a: Zapdos|Zapdos|100\/100\n|move|p1a: \/weather rain|Defog|p2a: Zapdos\n|-unboost|p2a: Zapdos|evasion|1\n|-sideend|p1: AhiruChan|Stealth Rock|[from] move: Defog|[of] p1a: \/weather rain\n|\n|-weather|RainDance|[upkeep]\n|upkeep\n|turn|4\n|\n|t:|1662388515\n|move|p2a: Zapdos|Hurricane|p1a: \/weather rain\n|-damage|p1a: \/weather rain|20\/100\n|-start|p1a: \/weather rain|confusion\n|-activate|p1a: \/weather rain|confusion\n|-damage|p1a: \/weather rain|17\/100|[from] confusion\n|\n|-weather|RainDance|[upkeep]\n|upkeep\n|turn|5\n|c|\u2606AhiruChan|oh ffs\n|\n|t:|1662388528\n|switch|p1a: Toxic type|Toxapex, F|100\/100\n|move|p2a: Zapdos|Hurricane|p1a: Toxic type\n|-damage|p1a: Toxic type|53\/100\n|\n|-weather|RainDance|[upkeep]\n|-heal|p1a: Toxic type|59\/100|[from] item: Black Sludge\n|upkeep\n|turn|6\n|\n|t:|1662388535\n|move|p1a: Toxic type|Baneful Bunker|p1a: Toxic type\n|-singleturn|p1a: Toxic type|move: Protect\n|move|p2a: Zapdos|Volt Switch|p1a: Toxic type\n|-activate|p1a: Toxic type|move: Protect\n|\n|-weather|none\n|-heal|p1a: Toxic type|66\/100|[from] item: Black Sludge\n|upkeep\n|turn|7\n|\n|t:|1662388541\n|switch|p1a: Mud|Swampert, M|90\/100\n|move|p2a: Zapdos|Volt Switch|p1a: Mud\n|-immune|p1a: Mud\n|\n|-heal|p1a: Mud|96\/100|[from] item: Leftovers\n|upkeep\n|turn|8\n|\n|t:|1662388547\n|switch|p2a: Ferrothorn|Ferrothorn, F|100\/100\n|move|p1a: Mud|Stealth Rock|p2a: Ferrothorn\n|-sidestart|p2: rooopos|move: Stealth Rock\n|\n|-heal|p1a: Mud|100\/100|[from] item: Leftovers\n|upkeep\n|turn|9\n|\n|t:|1662388554\n|switch|p1a: Volcanion|Volcanion|100\/100\n|move|p2a: Ferrothorn|Knock Off|p1a: Volcanion\n|-damage|p1a: Volcanion|82\/100\n|-enditem|p1a: Volcanion|Assault Vest|[from] move: Knock Off|[of] p2a: Ferrothorn\n|\n|upkeep\n|turn|10\n|\n|t:|1662388561\n|switch|p2a: Dragapult|Dragapult, M|100\/100\n|-damage|p2a: Dragapult|88\/100|[from] Stealth Rock\n|move|p1a: Volcanion|Steam Eruption|p2a: Dragapult\n|-resisted|p2a: Dragapult\n|-damage|p2a: Dragapult|43\/100\n|-status|p2a: Dragapult|brn\n|\n|-damage|p2a: Dragapult|37\/100 brn|[from] brn\n|upkeep\n|turn|11\n|\n|t:|1662388576\n|switch|p1a: Toxic type|Toxapex, F|99\/100\n|move|p2a: Dragapult|Draco Meteor|p1a: Toxic type\n|-damage|p1a: Toxic type|25\/100\n|-unboost|p2a: Dragapult|spa|2\n|\n|-heal|p1a: Toxic type|31\/100|[from] item: Black Sludge\n|-damage|p2a: Dragapult|31\/100 brn|[from] brn\n|upkeep\n|turn|12\n|\n|t:|1662388591\n|move|p1a: Toxic type|Baneful Bunker|p1a: Toxic type\n|-singleturn|p1a: Toxic type|move: Protect\n|move|p2a: Dragapult|Draco Meteor|p1a: Toxic type\n|-activate|p1a: Toxic type|move: Protect\n|\n|-heal|p1a: Toxic type|37\/100|[from] item: Black Sludge\n|-damage|p2a: Dragapult|25\/100 brn|[from] brn\n|upkeep\n|turn|13\n|\n|t:|1662388605\n|switch|p2a: Crawdaunt|Crawdaunt, M|100\/100\n|-damage|p2a: Crawdaunt|88\/100|[from] Stealth Rock\n|switch|p1a: Mud|Swampert, M|100\/100\n|\n|upkeep\n|turn|14\n|\n|t:|1662388611\n|move|p2a: Crawdaunt|Knock Off|p1a: Mud\n|-damage|p1a: Mud|6\/100\n|-enditem|p1a: Mud|Leftovers|[from] move: Knock Off|[of] p2a: Crawdaunt\n|move|p1a: Mud|Flip Turn|p2a: Crawdaunt\n|-resisted|p2a: Crawdaunt\n|-damage|p2a: Crawdaunt|73\/100\n|\n|t:|1662388618\n|switch|p1a: Keldeo|Keldeo-Resolute|100\/100|[from]move: Flip Turn\n|\n|upkeep\n|turn|15\n|\n|t:|1662388629\n|switch|p2a: Landorus|Landorus-Therian, M|100\/100\n|-damage|p2a: Landorus|88\/100|[from] Stealth Rock\n|-ability|p2a: Landorus|Intimidate|boost\n|-unboost|p1a: Keldeo|atk|1\n|move|p1a: Keldeo|Substitute|p1a: Keldeo\n|-start|p1a: Keldeo|Substitute\n|-damage|p1a: Keldeo|76\/100\n|\n|-heal|p1a: Keldeo|82\/100|[from] item: Leftovers\n|-heal|p2a: Landorus|94\/100|[from] item: Leftovers\n|upkeep\n|turn|16\n|\n|t:|1662388638\n|move|p1a: Keldeo|Surf|p2a: Landorus\n|-supereffective|p2a: Landorus\n|-damage|p2a: Landorus|26\/100\n|move|p2a: Landorus|U-turn|p1a: Keldeo\n|-resisted|p1a: Keldeo\n|-activate|p1a: Keldeo|move: Substitute|[damage]\n|\n|t:|1662388643\n|switch|p2a: Dragapult|Dragapult, M|25\/100 brn|[from]move: U-turn\n|-damage|p2a: Dragapult|12\/100 brn|[from] Stealth Rock\n|\n|-heal|p1a: Keldeo|88\/100|[from] item: Leftovers\n|-damage|p2a: Dragapult|6\/100 brn|[from] brn\n|upkeep\n|turn|17\n|\n|t:|1662388665\n|switch|p1a: Toxic type|Toxapex, F|71\/100\n|move|p2a: Dragapult|Draco Meteor|p1a: Toxic type\n|-damage|p1a: Toxic type|0 fnt\n|-unboost|p2a: Dragapult|spa|2\n|faint|p1a: Toxic type\n|\n|-damage|p2a: Dragapult|0 fnt|[from] brn\n|faint|p2a: Dragapult\n|upkeep\n|c|\u2606AhiruChan|holy shit\n|\n|t:|1662388680\n|switch|p2a: Nihilego|Nihilego|100\/100\n|switch|p1a: Volcanion|Volcanion|82\/100\n|-damage|p2a: Nihilego|88\/100|[from] Stealth Rock\n|turn|18\n|\n|t:|1662388688\n|move|p2a: Nihilego|Meteor Beam||[still]\n|-prepare|p2a: Nihilego|Meteor Beam\n|-boost|p2a: Nihilego|spa|1\n|-enditem|p2a: Nihilego|Power Herb\n|-anim|p2a: Nihilego|Meteor Beam|p1a: Volcanion\n|-supereffective|p1a: Volcanion\n|-damage|p1a: Volcanion|0 fnt\n|faint|p1a: Volcanion\n|-ability|p2a: Nihilego|Beast Boost|boost\n|-boost|p2a: Nihilego|spe|1\n|\n|upkeep\n|\n|t:|1662388695\n|switch|p1a: \/weather rain|Pelipper, F|17\/100\n|-weather|RainDance|[from] ability: Drizzle|[of] p1a: \/weather rain\n|turn|19\n|\n|t:|1662388701\n|switch|p1a: Ahiru-mega|Golduck, F|100\/100\n|move|p2a: Nihilego|Power Gem|p1a: Ahiru-mega\n|-damage|p1a: Ahiru-mega|20\/100\n|\n|-weather|RainDance|[upkeep]\n|upkeep\n|turn|20\n|\n|t:|1662388708\n|move|p1a: Ahiru-mega|Surf|p2a: Nihilego\n|-supereffective|p2a: Nihilego\n|-damage|p2a: Nihilego|0 fnt\n|faint|p2a: Nihilego\n|\n|-weather|RainDance|[upkeep]\n|upkeep\n|\n|t:|1662388712\n|switch|p2a: Ferrothorn|Ferrothorn, F|100\/100\n|-damage|p2a: Ferrothorn|94\/100|[from] Stealth Rock\n|turn|21\n|\n|t:|1662388719\n|switch|p1a: Mud|Swampert, M|6\/100\n|move|p2a: Ferrothorn|Stealth Rock|p1a: Mud\n|-sidestart|p1: AhiruChan|move: Stealth Rock\n|\n|-weather|RainDance|[upkeep]\n|-heal|p2a: Ferrothorn|100\/100|[from] item: Leftovers\n|upkeep\n|turn|22\n|\n|t:|1662388729\n|switch|p2a: Landorus|Landorus-Therian, M|26\/100\n|-damage|p2a: Landorus|14\/100|[from] Stealth Rock\n|-ability|p2a: Landorus|Intimidate|boost\n|-unboost|p1a: Mud|atk|1\n|move|p1a: Mud|Earthquake|p2a: Landorus\n|-immune|p2a: Landorus\n|\n|-weather|RainDance|[upkeep]\n|-heal|p2a: Landorus|20\/100|[from] item: Leftovers\n|upkeep\n|turn|23\n|\n|t:|1662388735\n|switch|p1a: \/weather rain|Pelipper, F|17\/100\n|move|p2a: Landorus|U-turn|p1a: \/weather rain\n|-resisted|p1a: \/weather rain\n|-damage|p1a: \/weather rain|8\/100\n|\n|t:|1662388739\n|switch|p2a: Zapdos|Zapdos|100\/100|[from]move: U-turn\n|\n|-weather|none\n|upkeep\n|turn|24\n|\n|t:|1662388749\n|switch|p1a: Mud|Swampert, M|6\/100\n|-damage|p1a: Mud|0 fnt|[from] Stealth Rock\n|faint|p1a: Mud\n|move|p2a: Zapdos|Volt Switch|p1: Mud|[notarget]\n|-fail|p2a: Zapdos\n|\n|upkeep\n|\n|t:|1662388760\n|switch|p1a: \/weather rain|Pelipper, F|8\/100\n|-weather|RainDance|[from] ability: Drizzle|[of] p1a: \/weather rain\n|turn|25\n|\n|t:|1662388765\n|move|p2a: Zapdos|Hurricane|p1a: \/weather rain\n|-damage|p1a: \/weather rain|0 fnt\n|faint|p1a: \/weather rain\n|\n|-weather|RainDance|[upkeep]\n|upkeep\n|\n|t:|1662388767\n|switch|p1a: Ahiru-mega|Golduck, F|20\/100\n|-damage|p1a: Ahiru-mega|8\/100|[from] Stealth Rock\n|turn|26\n|\n|t:|1662388776\n|switch|p2a: Landorus|Landorus-Therian, M|20\/100\n|-damage|p2a: Landorus|8\/100|[from] Stealth Rock\n|-ability|p2a: Landorus|Intimidate|boost\n|-unboost|p1a: Ahiru-mega|atk|1\n|move|p1a: Ahiru-mega|Ice Beam|p2a: Landorus\n|-supereffective|p2a: Landorus\n|-damage|p2a: Landorus|0 fnt\n|faint|p2a: Landorus\n|\n|-weather|RainDance|[upkeep]\n|upkeep\n|\n|t:|1662388791\n|switch|p2a: Crawdaunt|Crawdaunt, M|73\/100\n|-damage|p2a: Crawdaunt|60\/100|[from] Stealth Rock\n|turn|27\n|c|\u2606rooopos|dont freeze\n|\n|t:|1662388849\n|move|p1a: Ahiru-mega|Ice Beam|p2a: Crawdaunt\n|-resisted|p2a: Crawdaunt\n|-damage|p2a: Crawdaunt|18\/100\n|move|p2a: Crawdaunt|Close Combat|p1a: Ahiru-mega\n|-damage|p1a: Ahiru-mega|0 fnt\n|-unboost|p2a: Crawdaunt|def|1\n|-unboost|p2a: Crawdaunt|spd|1\n|faint|p1a: Ahiru-mega\n|\n|-weather|RainDance|[upkeep]\n|upkeep\n|\n|t:|1662388854\n|switch|p1a: Keldeo|Keldeo-Resolute|88\/100\n|-damage|p1a: Keldeo|82\/100|[from] Stealth Rock\n|turn|28\n|\n|t:|1662388859\n|move|p1a: Keldeo|Substitute|p1a: Keldeo\n|-start|p1a: Keldeo|Substitute\n|-damage|p1a: Keldeo|57\/100\n|move|p2a: Crawdaunt|Close Combat|p1a: Keldeo\n|-end|p1a: Keldeo|Substitute\n|-unboost|p2a: Crawdaunt|def|1\n|-unboost|p2a: Crawdaunt|spd|1\n|\n|-weather|RainDance|[upkeep]\n|-heal|p1a: Keldeo|63\/100|[from] item: Leftovers\n|upkeep\n|turn|29\n|\n|t:|1662388869\n|move|p1a: Keldeo|Substitute|p1a: Keldeo\n|-start|p1a: Keldeo|Substitute\n|-damage|p1a: Keldeo|39\/100\n|move|p2a: Crawdaunt|Close Combat|p1a: Keldeo\n|-end|p1a: Keldeo|Substitute\n|-unboost|p2a: Crawdaunt|def|1\n|-unboost|p2a: Crawdaunt|spd|1\n|\n|-weather|none\n|-heal|p1a: Keldeo|45\/100|[from] item: Leftovers\n|upkeep\n|turn|30\n|\n|t:|1662388875\n|move|p1a: Keldeo|Surf|p2a: Crawdaunt\n|-resisted|p2a: Crawdaunt\n|-damage|p2a: Crawdaunt|0 fnt\n|faint|p2a: Crawdaunt\n|\n|-heal|p1a: Keldeo|51\/100|[from] item: Leftovers\n|upkeep\n|\n|t:|1662388878\n|switch|p2a: Zapdos|Zapdos|100\/100\n|turn|31\n|\n|t:|1662388885\n|move|p1a: Keldeo|Substitute|p1a: Keldeo\n|-start|p1a: Keldeo|Substitute\n|-damage|p1a: Keldeo|26\/100\n|move|p2a: Zapdos|Hurricane|p1a: Keldeo\n|-supereffective|p1a: Keldeo\n|-end|p1a: Keldeo|Substitute\n|\n|-heal|p1a: Keldeo|32\/100|[from] item: Leftovers\n|upkeep\n|turn|32\n|\n|t:|1662388895\n|move|p1a: Keldeo|Substitute|p1a: Keldeo\n|-start|p1a: Keldeo|Substitute\n|-damage|p1a: Keldeo|8\/100\n|move|p2a: Zapdos|Hurricane|p1a: Keldeo\n|-supereffective|p1a: Keldeo\n|-end|p1a: Keldeo|Substitute\n|\n|-heal|p1a: Keldeo|14\/100|[from] item: Leftovers\n|upkeep\n|turn|33\n|\n|t:|1662388901\n|move|p1a: Keldeo|Surf|p2a: Zapdos\n|-damage|p2a: Zapdos|48\/100\n|move|p2a: Zapdos|Volt Switch|p1a: Keldeo\n|-supereffective|p1a: Keldeo\n|-damage|p1a: Keldeo|0 fnt\n|faint|p1a: Keldeo\n|\n|win|rooopos\n|c|\u2606rooopos|gg\n|c|\u2606AhiruChan|gg wp\n","uploadtime":1662388910,"views":15,"p1id":"ahiruchan","p2id":"rooopos","formatid":"gen8ou","rating":0,"private":0,"password":null}