{"id":"gen8ou-1515689399","p1":"funtasia","p2":"VirginJimmy99","format":"gen8ou","log":"|j|\u2606funtasia\n|j|\u2606VirginJimmy99\n|t:|1645452073\n|gametype|singles\n|player|p1|funtasia|169|1697\n|player|p2|VirginJimmy99|170|1618\n|teamsize|p1|6\n|teamsize|p2|6\n|gen|8\n|tier|[Gen 8] OU\n|rated|\n|rule|Sleep Clause Mod: Limit one foe put to sleep\n|rule|Species Clause: Limit one of each Pok\u00e9mon\n|rule|OHKO Clause: OHKO moves are banned\n|rule|Evasion Moves Clause: Evasion moves are banned\n|rule|Endless Battle Clause: Forcing endless battles is banned\n|rule|HP Percentage Mod: HP is shown in percentages\n|rule|Dynamax Clause: You cannot dynamax\n|clearpoke\n|poke|p1|Landorus-Therian, M|\n|poke|p1|Mew|\n|poke|p1|Heatran, M|\n|poke|p1|Urshifu-*, M|\n|poke|p1|Tapu Bulu|\n|poke|p1|Dragapult, F|\n|poke|p2|Krookodile, M|\n|poke|p2|Heatran, M|\n|poke|p2|Dragapult, F|\n|poke|p2|Urshifu-*, F|\n|poke|p2|Ferrothorn, F|\n|poke|p2|Zapdos|\n|teampreview\n|\n|t:|1645452087\n|start\n|switch|p1a: Chaos|Heatran, M, shiny|100\/100\n|switch|p2a: Krookodile|Krookodile, M|100\/100\n|turn|1\n|\n|t:|1645452092\n|move|p2a: Krookodile|Knock Off|p1a: Chaos\n|-damage|p1a: Chaos|74\/100\n|-status|p2a: Krookodile|brn|[from] ability: Flame Body|[of] p1a: Chaos\n|-enditem|p1a: Chaos|Leftovers|[from] move: Knock Off|[of] p2a: Krookodile\n|move|p1a: Chaos|Body Press|p2a: Krookodile\n|-supereffective|p2a: Krookodile\n|-damage|p2a: Krookodile|35\/100 brn\n|\n|-damage|p2a: Krookodile|29\/100 brn|[from] brn\n|upkeep\n|turn|2\n|\n|t:|1645452111\n|move|p2a: Krookodile|Knock Off|p1a: Chaos\n|-crit|p1a: Chaos\n|-damage|p1a: Chaos|60\/100\n|move|p1a: Chaos|Stealth Rock|p2a: Krookodile\n|-sidestart|p2: VirginJimmy99|move: Stealth Rock\n|\n|-damage|p2a: Krookodile|23\/100 brn|[from] brn\n|upkeep\n|turn|3\n|\n|t:|1645452115\n|move|p2a: Krookodile|Knock Off|p1a: Chaos\n|-damage|p1a: Chaos|50\/100\n|move|p1a: Chaos|Body Press|p2a: Krookodile\n|-supereffective|p2a: Krookodile\n|-damage|p2a: Krookodile|0 fnt\n|faint|p2a: Krookodile\n|\n|upkeep\n|\n|t:|1645452127\n|switch|p2a: Zapdos|Zapdos|100\/100\n|turn|4\n|\n|t:|1645452130\n|switch|p1a: Enten|Landorus-Therian, M, shiny|100\/100\n|-ability|p1a: Enten|Intimidate|boost\n|-unboost|p2a: Zapdos|atk|1\n|move|p2a: Zapdos|Discharge|p1a: Enten\n|-immune|p1a: Enten\n|\n|upkeep\n|turn|5\n|\n|t:|1645452132\n|move|p2a: Zapdos|Defog|p1a: Enten\n|-unboost|p1a: Enten|evasion|1\n|-sideend|p2: VirginJimmy99|Stealth Rock|[from] move: Defog|[of] p2a: Zapdos\n|move|p1a: Enten|Toxic|p2a: Zapdos\n|-status|p2a: Zapdos|tox\n|\n|-damage|p2a: Zapdos|94\/100 tox|[from] psn\n|upkeep\n|turn|6\n|\n|t:|1645452136\n|move|p2a: Zapdos|Hurricane|p1a: Enten\n|-damage|p1a: Enten|67\/100\n|move|p1a: Enten|U-turn|p2a: Zapdos\n|-resisted|p2a: Zapdos\n|-damage|p2a: Zapdos|87\/100 tox\n|-status|p1a: Enten|par|[from] ability: Static|[of] p2a: Zapdos\n|\n|t:|1645452139\n|switch|p1a: Chaos|Heatran, M, shiny|50\/100|[from]move: U-turn\n|\n|-damage|p2a: Zapdos|75\/100 tox|[from] psn\n|upkeep\n|turn|7\n|\n|t:|1645452142\n|switch|p2a: Heatran|Heatran, M|100\/100\n|-item|p2a: Heatran|Air Balloon\n|switch|p1a: Enten|Landorus-Therian, M, shiny|67\/100 par\n|-ability|p1a: Enten|Intimidate|boost\n|-unboost|p2a: Heatran|atk|1\n|\n|-heal|p1a: Enten|73\/100 par|[from] item: Leftovers\n|upkeep\n|turn|8\n|\n|t:|1645452149\n|switch|p2a: Dragapult|Dragapult, F|100\/100\n|move|p1a: Enten|U-turn|p2a: Dragapult\n|-resisted|p2a: Dragapult\n|-damage|p2a: Dragapult|84\/100\n|\n|t:|1645452154\n|switch|p1a: Chaos|Heatran, M, shiny|50\/100|[from]move: U-turn\n|\n|upkeep\n|turn|9\n|\n|t:|1645452157\n|move|p2a: Dragapult|Shadow Ball|p1a: Chaos\n|-damage|p1a: Chaos|6\/100\n|move|p1a: Chaos|Stealth Rock|p2a: Dragapult\n|-sidestart|p2: VirginJimmy99|move: Stealth Rock\n|\n|upkeep\n|turn|10\n|\n|t:|1645452161\n|move|p2a: Dragapult|Shadow Ball|p1a: Chaos\n|-damage|p1a: Chaos|0 fnt\n|faint|p1a: Chaos\n|\n|upkeep\n|\n|t:|1645452162\n|switch|p1a: Enten|Landorus-Therian, M, shiny|73\/100 par\n|-ability|p1a: Enten|Intimidate|boost\n|-unboost|p2a: Dragapult|atk|1\n|turn|11\n|\n|t:|1645452165\n|switch|p2a: Zapdos|Zapdos|75\/100 tox\n|move|p1a: Enten|Earthquake|p2a: Zapdos\n|-immune|p2a: Zapdos\n|\n|-heal|p1a: Enten|79\/100 par|[from] item: Leftovers\n|-damage|p2a: Zapdos|69\/100 tox|[from] psn\n|upkeep\n|turn|12\n|\n|t:|1645452179\n|move|p2a: Zapdos|Defog|p1a: Enten\n|-unboost|p1a: Enten|evasion|1\n|-sideend|p2: VirginJimmy99|Stealth Rock|[from] move: Defog|[of] p2a: Zapdos\n|move|p1a: Enten|Earthquake|p2a: Zapdos\n|-immune|p2a: Zapdos\n|\n|-heal|p1a: Enten|85\/100 par|[from] item: Leftovers\n|-damage|p2a: Zapdos|57\/100 tox|[from] psn\n|upkeep\n|turn|13\n|\n|t:|1645452187\n|switch|p2a: Urshifu|Urshifu-Rapid-Strike, F|100\/100\n|move|p1a: Enten|U-turn|p2a: Urshifu\n|-resisted|p2a: Urshifu\n|-damage|p2a: Urshifu|89\/100\n|\n|t:|1645452192\n|switch|p1a: Dragapult|Dragapult, F|100\/100|[from]move: U-turn\n|\n|upkeep\n|turn|14\n|\n|t:|1645452197\n|switch|p2a: Ferrothorn|Ferrothorn, F|100\/100\n|move|p1a: Dragapult|Shadow Ball|p2a: Ferrothorn\n|-damage|p2a: Ferrothorn|70\/100\n|-unboost|p2a: Ferrothorn|spd|1\n|\n|-heal|p2a: Ferrothorn|76\/100|[from] item: Leftovers\n|upkeep\n|turn|15\n|\n|t:|1645452204\n|move|p1a: Dragapult|Shadow Ball|p2a: Ferrothorn\n|-damage|p2a: Ferrothorn|26\/100\n|-unboost|p2a: Ferrothorn|spd|1\n|move|p2a: Ferrothorn|Gyro Ball|p1a: Dragapult\n|-damage|p1a: Dragapult|37\/100\n|\n|-heal|p2a: Ferrothorn|32\/100|[from] item: Leftovers\n|upkeep\n|turn|16\n|\n|t:|1645452213\n|move|p1a: Dragapult|Shadow Ball|p2a: Ferrothorn\n|-damage|p2a: Ferrothorn|0 fnt\n|faint|p2a: Ferrothorn\n|\n|upkeep\n|\n|t:|1645452218\n|switch|p2a: Urshifu|Urshifu-Rapid-Strike, F|89\/100\n|turn|17\n|\n|t:|1645452221\n|move|p1a: Dragapult|Shadow Ball|p2a: Urshifu\n|-damage|p2a: Urshifu|14\/100\n|move|p2a: Urshifu|Surging Strikes|p1a: Dragapult\n|-resisted|p1a: Dragapult\n|-crit|p1a: Dragapult\n|-damage|p1a: Dragapult|18\/100\n|-resisted|p1a: Dragapult\n|-crit|p1a: Dragapult\n|-damage|p1a: Dragapult|0 fnt\n|faint|p1a: Dragapult\n|-hitcount|p1: Dragapult|2\n|\n|upkeep\n|\n|t:|1645452230\n|switch|p1a: Monk|Tapu Bulu, shiny|100\/100\n|-fieldstart|move: Grassy Terrain|[from] ability: Grassy Surge|[of] p1a: Monk\n|turn|18\n|\n|t:|1645452238\n|move|p2a: Urshifu|Surging Strikes|p1a: Monk\n|-resisted|p1a: Monk\n|-crit|p1a: Monk\n|-damage|p1a: Monk|86\/100\n|-resisted|p1a: Monk\n|-crit|p1a: Monk\n|-damage|p1a: Monk|70\/100\n|-resisted|p1a: Monk\n|-crit|p1a: Monk\n|-damage|p1a: Monk|53\/100\n|-hitcount|p1a: Monk|3\n|move|p1a: Monk|Stone Edge|p2a: Urshifu\n|-resisted|p2a: Urshifu\n|-damage|p2a: Urshifu|0 fnt\n|faint|p2a: Urshifu\n|\n|-heal|p1a: Monk|59\/100|[from] Grassy Terrain\n|upkeep\n|\n|t:|1645452241\n|switch|p2a: Heatran|Heatran, M|100\/100\n|-item|p2a: Heatran|Air Balloon\n|turn|19\n|\n|t:|1645452243\n|switch|p1a: Poseidon-Blade|Urshifu-Rapid-Strike, M|100\/100\n|move|p2a: Heatran|Eruption|p1a: Poseidon-Blade\n|-resisted|p1a: Poseidon-Blade\n|-damage|p1a: Poseidon-Blade|46\/100\n|\n|-heal|p1a: Poseidon-Blade|52\/100|[from] Grassy Terrain\n|upkeep\n|turn|20\n|\n|t:|1645452249\n|switch|p2a: Zapdos|Zapdos|57\/100 tox\n|move|p1a: Poseidon-Blade|Surging Strikes|p2a: Zapdos\n|-crit|p2a: Zapdos\n|-damage|p2a: Zapdos|42\/100 tox\n|-status|p1a: Poseidon-Blade|par|[from] ability: Static|[of] p2a: Zapdos\n|-crit|p2a: Zapdos\n|-damage|p2a: Zapdos|28\/100 tox\n|-crit|p2a: Zapdos\n|-damage|p2a: Zapdos|14\/100 tox\n|-hitcount|p2a: Zapdos|3\n|\n|-heal|p1a: Poseidon-Blade|58\/100 par|[from] Grassy Terrain\n|-damage|p2a: Zapdos|8\/100 tox|[from] psn\n|upkeep\n|turn|21\n|\n|t:|1645452253\n|move|p2a: Zapdos|Hurricane|p1a: Poseidon-Blade\n|-supereffective|p1a: Poseidon-Blade\n|-damage|p1a: Poseidon-Blade|0 fnt\n|faint|p1a: Poseidon-Blade\n|\n|-damage|p2a: Zapdos|0 fnt|[from] psn\n|faint|p2a: Zapdos\n|upkeep\n|\n|t:|1645452265\n|switch|p1a: Mew|Mew|100\/100\n|switch|p2a: Dragapult|Dragapult, F|84\/100\n|turn|22\n|\n|t:|1645452269\n|switch|p1a: Monk|Tapu Bulu, shiny|59\/100\n|move|p2a: Dragapult|Shadow Ball|p1a: Monk\n|-damage|p1a: Monk|0 fnt\n|faint|p1a: Monk\n|\n|-heal|p2a: Dragapult|90\/100|[from] Grassy Terrain\n|-fieldend|move: Grassy Terrain\n|upkeep\n|\n|t:|1645452271\n|switch|p1a: Enten|Landorus-Therian, M, shiny|85\/100 par\n|-ability|p1a: Enten|Intimidate|boost\n|-unboost|p2a: Dragapult|atk|1\n|turn|23\n|\n|t:|1645452274\n|move|p2a: Dragapult|Shadow Ball|p1a: Enten\n|-damage|p1a: Enten|45\/100 par\n|-unboost|p1a: Enten|spd|1\n|move|p1a: Enten|Earthquake|p2a: Dragapult\n|-damage|p2a: Dragapult|20\/100\n|\n|-heal|p1a: Enten|51\/100 par|[from] item: Leftovers\n|upkeep\n|turn|24\n|\n|t:|1645452279\n|switch|p2a: Heatran|Heatran, M|100\/100\n|-item|p2a: Heatran|Air Balloon\n|move|p1a: Enten|U-turn|p2a: Heatran\n|-resisted|p2a: Heatran\n|-damage|p2a: Heatran|95\/100\n|-enditem|p2a: Heatran|Air Balloon\n|\n|t:|1645452281\n|switch|p1a: Mew|Mew|100\/100|[from]move: U-turn\n|\n|upkeep\n|turn|25\n|\n|t:|1645452283\n|move|p1a: Mew|Cosmic Power|p1a: Mew\n|-boost|p1a: Mew|def|1\n|-boost|p1a: Mew|spd|1\n|move|p2a: Heatran|Taunt|p1a: Mew\n|-start|p1a: Mew|move: Taunt\n|\n|upkeep\n|turn|26\n|\n|t:|1645452286\n|switch|p1a: Enten|Landorus-Therian, M, shiny|51\/100 par\n|-ability|p1a: Enten|Intimidate|boost\n|-unboost|p2a: Heatran|atk|1\n|move|p2a: Heatran|Magma Storm|p1a: Enten|[miss]\n|-miss|p2a: Heatran|p1a: Enten\n|\n|-heal|p1a: Enten|57\/100 par|[from] item: Leftovers\n|upkeep\n|turn|27\n|\n|t:|1645452290\n|move|p2a: Heatran|Eruption|p1a: Enten\n|-damage|p1a: Enten|3\/100 par\n|move|p1a: Enten|U-turn|p2a: Heatran\n|-resisted|p2a: Heatran\n|-damage|p2a: Heatran|90\/100\n|\n|t:|1645452292\n|switch|p1a: Mew|Mew|100\/100|[from]move: U-turn\n|\n|upkeep\n|turn|28\n|\n|t:|1645452296\n|move|p1a: Mew|Taunt|p2a: Heatran\n|-start|p2a: Heatran|move: Taunt\n|cant|p2a: Heatran|move: Taunt|Taunt\n|\n|upkeep\n|turn|29\n|\n|t:|1645452298\n|move|p1a: Mew|Cosmic Power|p1a: Mew\n|-boost|p1a: Mew|def|1\n|-boost|p1a: Mew|spd|1\n|move|p2a: Heatran|Magma Storm|p1a: Mew\n|-damage|p1a: Mew|74\/100\n|-activate|p1a: Mew|move: Magma Storm|[of] p2a: Heatran\n|\n|-damage|p1a: Mew|61\/100|[from] move: Magma Storm|[partiallytrapped]\n|upkeep\n|turn|30\n|\n|t:|1645452301\n|move|p1a: Mew|Cosmic Power|p1a: Mew\n|-boost|p1a: Mew|def|1\n|-boost|p1a: Mew|spd|1\n|move|p2a: Heatran|Eruption|p1a: Mew\n|-damage|p1a: Mew|34\/100\n|\n|-damage|p1a: Mew|22\/100|[from] move: Magma Storm|[partiallytrapped]\n|-end|p2a: Heatran|move: Taunt\n|upkeep\n|turn|31\n|\n|t:|1645452308\n|move|p1a: Mew|Roost|p1a: Mew\n|-heal|p1a: Mew|72\/100\n|-singleturn|p1a: Mew|move: Roost\n|move|p2a: Heatran|Taunt|p1a: Mew\n|-start|p1a: Mew|move: Taunt\n|\n|-damage|p1a: Mew|59\/100|[from] move: Magma Storm|[partiallytrapped]\n|upkeep\n|turn|32\n|\n|t:|1645452310\n|move|p1a: Mew|Stored Power|p2a: Heatran\n|-resisted|p2a: Heatran\n|-damage|p2a: Heatran|75\/100\n|move|p2a: Heatran|Magma Storm|p1a: Mew\n|-damage|p1a: Mew|38\/100\n|\n|-damage|p1a: Mew|26\/100|[from] move: Magma Storm|[partiallytrapped]\n|upkeep\n|turn|33\n|\n|t:|1645452317\n|move|p1a: Mew|Stored Power|p2a: Heatran\n|-resisted|p2a: Heatran\n|-damage|p2a: Heatran|58\/100\n|move|p2a: Heatran|Eruption|p1a: Mew\n|-damage|p1a: Mew|7\/100\n|\n|-end|p1a: Mew|Magma Storm|[partiallytrapped]\n|upkeep\n|turn|34\n|\n|t:|1645452322\n|switch|p1a: Enten|Landorus-Therian, M, shiny|3\/100 par\n|-ability|p1a: Enten|Intimidate|boost\n|-unboost|p2a: Heatran|atk|1\n|move|p2a: Heatran|Earth Power|p1a: Enten\n|-immune|p1a: Enten\n|\n|-heal|p1a: Enten|9\/100 par|[from] item: Leftovers\n|upkeep\n|turn|35\n|\n|t:|1645452330\n|move|p2a: Heatran|Taunt|p1a: Enten\n|-start|p1a: Enten|move: Taunt\n|move|p1a: Enten|Earthquake|p2a: Heatran\n|-supereffective|p2a: Heatran\n|-damage|p2a: Heatran|0 fnt\n|faint|p2a: Heatran\n|\n|-heal|p1a: Enten|15\/100 par|[from] item: Leftovers\n|upkeep\n|\n|t:|1645452332\n|switch|p2a: Dragapult|Dragapult, F|20\/100\n|turn|36\n|\n|t:|1645452334\n|move|p2a: Dragapult|Shadow Ball|p1a: Enten\n|-damage|p1a: Enten|0 fnt\n|faint|p1a: Enten\n|\n|upkeep\n|\n|t:|1645452335\n|switch|p1a: Mew|Mew|7\/100\n|turn|37\n|\n|t:|1645452337\n|move|p2a: Dragapult|Shadow Ball|p1a: Mew\n|-supereffective|p1a: Mew\n|-damage|p1a: Mew|0 fnt\n|faint|p1a: Mew\n|\n|win|VirginJimmy99\n|raw|funtasia's rating: 1697 &rarr; <strong>1673<\/strong><br \/>(-24 for losing)\n|raw|VirginJimmy99's rating: 1618 &rarr; <strong>1642<\/strong><br \/>(+24 for winning)\n|l|\u2606funtasia\n|c|\u2606VirginJimmy99|gg\n||Ladder isn't responding, score probably updated but might not have (Request timeout).\n","uploadtime":1645452526,"views":23,"p1id":"funtasia","p2id":"virginjimmy99","formatid":"gen8ou","rating":1642,"private":0,"password":null}