{"id":"gen8ou-1424860630","p1":"Vodyne","p2":"toomenator","format":"gen8ou","log":"|j|\u203dVodyne\n|j|\u2606toomenator\n|t:|1632760447\n|gametype|singles\n|player|p1|Vodyne|266|1733\n|player|p2|toomenator|101|1834\n|teamsize|p1|6\n|teamsize|p2|6\n|gen|8\n|tier|[Gen 8] OU\n|rated|\n|rule|Sleep Clause Mod: Limit one foe put to sleep\n|rule|Species Clause: Limit one of each Pok\u00e9mon\n|rule|OHKO Clause: OHKO moves are banned\n|rule|Evasion Moves Clause: Evasion moves are banned\n|rule|Endless Battle Clause: Forcing endless battles is banned\n|rule|HP Percentage Mod: HP is shown in percentages\n|rule|Dynamax Clause: You cannot dynamax\n|clearpoke\n|poke|p1|Snorlax, F|\n|poke|p1|Suicune|\n|poke|p1|Melmetal|\n|poke|p1|Victini|\n|poke|p1|Landorus-Therian, M|\n|poke|p1|Zapdos|\n|poke|p2|Tapu Koko|\n|poke|p2|Hawlucha, M|\n|poke|p2|Victini|\n|poke|p2|Garchomp, F|\n|poke|p2|Melmetal|\n|poke|p2|Volcanion|\n|teampreview\n|inactive|Battle timer is ON: inactive players will automatically lose when time's up. (requested by Vodyne)\n|\n|t:|1632760463\n|start\n|switch|p1a: Landorus|Landorus-Therian, M|100\/100\n|switch|p2a: Volcanion|Volcanion|100\/100\n|-ability|p1a: Landorus|Intimidate|boost\n|-unboost|p2a: Volcanion|atk|1\n|turn|1\n|\n|t:|1632760465\n|move|p1a: Landorus|Earthquake|p2a: Volcanion\n|-supereffective|p2a: Volcanion\n|-damage|p2a: Volcanion|0 fnt\n|faint|p2a: Volcanion\n|\n|upkeep\n|\n|t:|1632760469\n|switch|p2a: Hawlucha|Hawlucha, M|100\/100\n|turn|2\n|\n|t:|1632760472\n|switch|p1a: Zapdos|Zapdos|100\/100\n|move|p2a: Hawlucha|Swords Dance|p2a: Hawlucha\n|-boost|p2a: Hawlucha|atk|2\n|\n|upkeep\n|turn|3\n|\n|t:|1632760475\n|switch|p2a: Garchomp|Garchomp, F|100\/100\n|move|p1a: Zapdos|Discharge|p2a: Garchomp\n|-immune|p2a: Garchomp\n|\n|upkeep\n|turn|4\n|\n|t:|1632760485\n|switch|p1a: Suicune|Suicune|100\/100\n|-ability|p1a: Suicune|Pressure\n|move|p2a: Garchomp|Swords Dance|p2a: Garchomp\n|-boost|p2a: Garchomp|atk|2\n|\n|upkeep\n|turn|5\n|\n|t:|1632760490\n|move|p2a: Garchomp|Swords Dance|p2a: Garchomp\n|-boost|p2a: Garchomp|atk|2\n|move|p1a: Suicune|Ice Beam|p2a: Garchomp\n|-supereffective|p2a: Garchomp\n|-damage|p2a: Garchomp|25\/100\n|\n|-heal|p2a: Garchomp|31\/100|[from] item: Leftovers\n|upkeep\n|turn|6\n|\n|t:|1632760493\n|move|p2a: Garchomp|Earthquake|p1a: Suicune\n|-damage|p1a: Suicune|14\/100\n|move|p1a: Suicune|Ice Beam|p2a: Garchomp\n|-supereffective|p2a: Garchomp\n|-damage|p2a: Garchomp|0 fnt\n|faint|p2a: Garchomp\n|\n|-heal|p1a: Suicune|21\/100|[from] item: Leftovers\n|upkeep\n|\n|t:|1632760510\n|switch|p2a: Tapu Koko|Tapu Koko|100\/100\n|-fieldstart|move: Electric Terrain|[from] ability: Electric Surge|[of] p2a: Tapu Koko\n|turn|7\n|\n|t:|1632760514\n|switch|p1a: Snorlax|Snorlax, F|100\/100\n|move|p2a: Tapu Koko|Dazzling Gleam|p1a: Snorlax\n|-damage|p1a: Snorlax|78\/100\n|\n|-heal|p1a: Snorlax|84\/100|[from] item: Leftovers\n|upkeep\n|turn|8\n|\n|t:|1632760517\n|switch|p2a: Hawlucha|Hawlucha, M|100\/100\n|-enditem|p2a: Hawlucha|Electric Seed\n|-boost|p2a: Hawlucha|def|1|[from] item: Electric Seed\n|move|p1a: Snorlax|Body Slam|p2a: Hawlucha\n|-damage|p2a: Hawlucha|76\/100\n|-status|p2a: Hawlucha|par\n|\n|-heal|p1a: Snorlax|90\/100|[from] item: Leftovers\n|upkeep\n|turn|9\n|\n|t:|1632760524\n|switch|p1a: Zapdos|Zapdos|100\/100\n|move|p2a: Hawlucha|Swords Dance|p2a: Hawlucha\n|-boost|p2a: Hawlucha|atk|2\n|\n|upkeep\n|turn|10\n|\n|t:|1632760528\n|move|p2a: Hawlucha|Acrobatics|p1a: Zapdos\n|-resisted|p1a: Zapdos\n|-damage|p1a: Zapdos|50\/100\n|move|p1a: Zapdos|Discharge|p2a: Hawlucha\n|-supereffective|p2a: Hawlucha\n|-damage|p2a: Hawlucha|0 fnt\n|faint|p2a: Hawlucha\n|\n|upkeep\n|\n|t:|1632760533\n|switch|p2a: Victini|Victini|100\/100\n|turn|11\n|\n|t:|1632760538\n|move|p2a: Victini|Final Gambit|p1a: Zapdos\n|-damage|p1a: Zapdos|0 fnt\n|faint|p2a: Victini\n|faint|p1a: Zapdos\n|\n|-fieldend|move: Electric Terrain\n|upkeep\n|j| dodevagoce\n|j| Limited_Toolkit\n|\n|t:|1632760545\n|switch|p2a: Tapu Koko|Tapu Koko|100\/100\n|switch|p1a: Landorus|Landorus-Therian, M|100\/100\n|-ability|p1a: Landorus|Intimidate|boost\n|-unboost|p2a: Tapu Koko|atk|1\n|-fieldstart|move: Electric Terrain|[from] ability: Electric Surge|[of] p2a: Tapu Koko\n|turn|12\n|\n|t:|1632760547\n|move|p1a: Landorus|Earthquake|p2a: Tapu Koko\n|-supereffective|p2a: Tapu Koko\n|-damage|p2a: Tapu Koko|0 fnt\n|faint|p2a: Tapu Koko\n|\n|upkeep\n|\n|t:|1632760549\n|switch|p2a: Melmetal|Melmetal|100\/100\n|turn|13\n|\n|t:|1632760551\n|move|p1a: Landorus|Earthquake|p2a: Melmetal\n|-supereffective|p2a: Melmetal\n|-damage|p2a: Melmetal|33\/100\n|move|p2a: Melmetal|Double Iron Bash|p1a: Landorus\n|-damage|p1a: Landorus|17\/100\n|-damage|p1a: Landorus|0 fnt\n|faint|p1a: Landorus\n|-hitcount|p1: Landorus|2\n|\n|upkeep\n|\n|t:|1632760556\n|switch|p1a: Victini|Victini|100\/100\n|turn|14\n|c|\u2606toomenator|well i played bad\n|l| dodevagoce\n|c|\u2606toomenator|scarf lando is rough\n|\n|t:|1632760576\n|move|p1a: Victini|V-create|p2a: Melmetal\n|-supereffective|p2a: Melmetal\n|-damage|p2a: Melmetal|0 fnt\n|-unboost|p1a: Victini|spe|1\n|-unboost|p1a: Victini|def|1\n|-unboost|p1a: Victini|spd|1\n|faint|p2a: Melmetal\n|\n|win|Vodyne\n|raw|Vodyne's rating: 1733 &rarr; <strong>1759<\/strong><br \/>(+26 for winning)\n|raw|toomenator's rating: 1834 &rarr; <strong>1808<\/strong><br \/>(-26 for losing)\n|c|\u2606toomenator|gg\n","uploadtime":1632760609,"views":30,"p1id":"vodyne","p2id":"toomenator","formatid":"gen8ou","rating":1759,"private":0,"password":null}