{"id":"gen8ou-1612367821","p1":"mister_ttar","p2":"MR. MEZA","format":"gen8ou","log":"|j|\u2606mister_ttar\n|j|\u2606MR. MEZA\n|t:|1657214981\n|gametype|singles\n|player|p1|mister_ttar|2|1647\n|player|p2|MR. MEZA|n|1674\n|teamsize|p1|6\n|teamsize|p2|6\n|gen|8\n|tier|[Gen 8] OU\n|rated|\n|rule|Sleep Clause Mod: Limit one foe put to sleep\n|rule|Species Clause: Limit one of each Pok\u00e9mon\n|rule|OHKO Clause: OHKO moves are banned\n|rule|Evasion Moves Clause: Evasion moves are banned\n|rule|Endless Battle Clause: Forcing endless battles is banned\n|rule|HP Percentage Mod: HP is shown in percentages\n|rule|Dynamax Clause: You cannot dynamax\n|clearpoke\n|poke|p1|Tapu Lele|\n|poke|p1|Tyranitar, F|\n|poke|p1|Skarmory, F|\n|poke|p1|Slowking, F|\n|poke|p1|Excadrill, M|\n|poke|p1|Rotom-Wash|\n|poke|p2|Dragapult, M|\n|poke|p2|Tapu Fini|\n|poke|p2|Blacephalon|\n|poke|p2|Tapu Lele|\n|poke|p2|Landorus-Therian, M|\n|poke|p2|Melmetal|\n|teampreview\n|inactive|Battle timer is ON: inactive players will automatically lose when time's up. (requested by MR. MEZA)\n|\n|t:|1657215013\n|start\n|switch|p1a: Rotom|Rotom-Wash|100\/100\n|switch|p2a: Dragapult|Dragapult, M|100\/100\n|turn|1\n|\n|t:|1657215031\n|move|p2a: Dragapult|Draco Meteor|p1a: Rotom\n|-damage|p1a: Rotom|4\/100\n|-unboost|p2a: Dragapult|spa|2\n|move|p1a: Rotom|Will-O-Wisp|p2a: Dragapult\n|-status|p2a: Dragapult|brn\n|\n|-heal|p1a: Rotom|10\/100|[from] item: Leftovers\n|-damage|p2a: Dragapult|95\/100 brn|[from] brn\n|upkeep\n|turn|2\n|\n|t:|1657215041\n|switch|p1a: Skarmory|Skarmory, F|100\/100\n|move|p2a: Dragapult|Draco Meteor|p1a: Skarmory\n|-resisted|p1a: Skarmory\n|-damage|p1a: Skarmory|74\/100\n|-unboost|p2a: Dragapult|spa|2\n|\n|-damage|p2a: Dragapult|89\/100 brn|[from] brn\n|upkeep\n|turn|3\n|\n|t:|1657215051\n|switch|p2a: Blacephalon|Blacephalon|100\/100\n|move|p1a: Skarmory|Spikes|p2a: Blacephalon\n|-sidestart|p2: MR. MEZA|Spikes\n|\n|upkeep\n|turn|4\n|\n|t:|1657215059\n|switch|p1a: Tyranitar|Tyranitar, F|100\/100\n|-weather|Sandstorm|[from] ability: Sand Stream|[of] p1a: Tyranitar\n|move|p2a: Blacephalon|Trick|p1a: Tyranitar\n|-activate|p2a: Blacephalon|move: Trick|[of] p1a: Tyranitar\n|-item|p1a: Tyranitar|Choice Specs|[from] move: Trick\n|-item|p2a: Blacephalon|Leftovers|[from] move: Trick\n|\n|-weather|Sandstorm|[upkeep]\n|-damage|p2a: Blacephalon|94\/100|[from] Sandstorm\n|-heal|p2a: Blacephalon|100\/100|[from] item: Leftovers\n|upkeep\n|turn|5\n|\n|t:|1657215068\n|switch|p2a: Tapu Fini|Tapu Fini|100\/100\n|-damage|p2a: Tapu Fini|88\/100|[from] Spikes\n|-fieldstart|move: Misty Terrain|[from] ability: Misty Surge|[of] p2a: Tapu Fini\n|move|p1a: Tyranitar|Stealth Rock|p2a: Tapu Fini\n|-sidestart|p2: MR. MEZA|move: Stealth Rock\n|\n|-weather|Sandstorm|[upkeep]\n|-damage|p2a: Tapu Fini|82\/100|[from] Sandstorm\n|-heal|p2a: Tapu Fini|88\/100|[from] item: Leftovers\n|upkeep\n|turn|6\n|\n|t:|1657215073\n|switch|p1a: Rotom|Rotom-Wash|10\/100\n|move|p2a: Tapu Fini|Defog|p1a: Rotom\n|-unboost|p1a: Rotom|evasion|1\n|-sideend|p2: MR. MEZA|Spikes|[from] move: Defog|[of] p2a: Tapu Fini\n|-sideend|p2: MR. MEZA|Stealth Rock|[from] move: Defog|[of] p2a: Tapu Fini\n|-fieldend|Misty Terrain\n|\n|-weather|Sandstorm|[upkeep]\n|-damage|p2a: Tapu Fini|82\/100|[from] Sandstorm\n|-damage|p1a: Rotom|4\/100|[from] Sandstorm\n|-heal|p2a: Tapu Fini|88\/100|[from] item: Leftovers\n|-heal|p1a: Rotom|10\/100|[from] item: Leftovers\n|upkeep\n|turn|7\n|\n|t:|1657215084\n|switch|p2a: Dragapult|Dragapult, M|89\/100 brn\n|move|p1a: Rotom|Pain Split|p2a: Dragapult\n|-sethp|p2a: Dragapult|49\/100 brn|[from] move: Pain Split|[silent]\n|-sethp|p1a: Rotom|51\/100|[from] move: Pain Split\n|\n|-weather|Sandstorm|[upkeep]\n|-damage|p2a: Dragapult|43\/100 brn|[from] Sandstorm\n|-damage|p1a: Rotom|45\/100|[from] Sandstorm\n|-heal|p1a: Rotom|51\/100|[from] item: Leftovers\n|-damage|p2a: Dragapult|37\/100 brn|[from] brn\n|upkeep\n|turn|8\n|\n|t:|1657215093\n|switch|p1a: Tyranitar|Tyranitar, F|100\/100\n|move|p2a: Dragapult|Shadow Ball|p1a: Tyranitar\n|-resisted|p1a: Tyranitar\n|-damage|p1a: Tyranitar|91\/100\n|\n|-weather|none\n|-damage|p2a: Dragapult|31\/100 brn|[from] brn\n|upkeep\n|turn|9\n|\n|t:|1657215097\n|switch|p2a: Landorus|Landorus-Therian, M|100\/100\n|-ability|p2a: Landorus|Intimidate|boost\n|-unboost|p1a: Tyranitar|atk|1\n|move|p1a: Tyranitar|Stealth Rock|p2a: Landorus\n|-sidestart|p2: MR. MEZA|move: Stealth Rock\n|\n|upkeep\n|turn|10\n|\n|t:|1657215101\n|switch|p1a: Rotom|Rotom-Wash|51\/100\n|move|p2a: Landorus|Stealth Rock|p1a: Rotom\n|-sidestart|p1: mister_ttar|move: Stealth Rock\n|\n|-heal|p1a: Rotom|57\/100|[from] item: Leftovers\n|upkeep\n|turn|11\n|\n|t:|1657215118\n|move|p1a: Rotom|Hydro Pump|p2a: Landorus\n|-supereffective|p2a: Landorus\n|-damage|p2a: Landorus|37\/100\n|move|p2a: Landorus|Toxic|p1a: Rotom|[miss]\n|-miss|p2a: Landorus|p1a: Rotom\n|\n|-heal|p1a: Rotom|64\/100|[from] item: Leftovers\n|-heal|p2a: Landorus|43\/100|[from] item: Leftovers\n|upkeep\n|turn|12\n|\n|t:|1657215125\n|switch|p2a: Tapu Lele|Tapu Lele|100\/100\n|-damage|p2a: Tapu Lele|88\/100|[from] Stealth Rock\n|-fieldstart|move: Psychic Terrain|[from] ability: Psychic Surge|[of] p2a: Tapu Lele\n|move|p1a: Rotom|Hydro Pump|p2a: Tapu Lele|[miss]\n|-miss|p1a: Rotom|p2a: Tapu Lele\n|\n|-heal|p1a: Rotom|70\/100|[from] item: Leftovers\n|upkeep\n|turn|13\n|\n|t:|1657215135\n|switch|p1a: Tyranitar|Tyranitar, F|91\/100\n|-damage|p1a: Tyranitar|78\/100|[from] Stealth Rock\n|-weather|Sandstorm|[from] ability: Sand Stream|[of] p1a: Tyranitar\n|move|p2a: Tapu Lele|Psyshock|p1a: Tyranitar\n|-immune|p1a: Tyranitar\n|\n|-weather|Sandstorm|[upkeep]\n|-damage|p2a: Tapu Lele|82\/100|[from] Sandstorm\n|upkeep\n|turn|14\n|\n|t:|1657215150\n|switch|p2a: Tapu Fini|Tapu Fini|88\/100\n|-damage|p2a: Tapu Fini|76\/100|[from] Stealth Rock\n|-fieldstart|move: Misty Terrain|[from] ability: Misty Surge|[of] p2a: Tapu Fini\n|switch|p1a: Excadrill|Excadrill, M|100\/100\n|-damage|p1a: Excadrill|97\/100|[from] Stealth Rock\n|\n|-weather|Sandstorm|[upkeep]\n|-damage|p2a: Tapu Fini|70\/100|[from] Sandstorm\n|-heal|p2a: Tapu Fini|76\/100|[from] item: Leftovers\n|upkeep\n|turn|15\n|\n|t:|1657215157\n|move|p1a: Excadrill|Iron Head|p2a: Tapu Fini\n|-damage|p2a: Tapu Fini|36\/100\n|move|p2a: Tapu Fini|Nature's Madness|p1a: Excadrill\n|-damage|p1a: Excadrill|49\/100\n|\n|-weather|Sandstorm|[upkeep]\n|-damage|p2a: Tapu Fini|30\/100|[from] Sandstorm\n|-heal|p2a: Tapu Fini|36\/100|[from] item: Leftovers\n|upkeep\n|turn|16\n|\n|t:|1657215169\n|switch|p2a: Melmetal|Melmetal|100\/100\n|-damage|p2a: Melmetal|94\/100|[from] Stealth Rock\n|move|p1a: Excadrill|Iron Head|p2a: Melmetal\n|-resisted|p2a: Melmetal\n|-damage|p2a: Melmetal|75\/100\n|\n|-weather|Sandstorm|[upkeep]\n|-heal|p2a: Melmetal|81\/100|[from] item: Leftovers\n|upkeep\n|turn|17\n|\n|t:|1657215174\n|switch|p1a: Slowking|Slowking, F|100\/100\n|move|p2a: Melmetal|Protect||[still]\n|-fail|p2a: Melmetal\n|\n|-weather|none\n|-heal|p2a: Melmetal|87\/100|[from] item: Leftovers\n|upkeep\n|turn|18\n|\n|t:|1657215178\n|move|p2a: Melmetal|Thunder Punch|p1a: Slowking\n|-supereffective|p1a: Slowking\n|-damage|p1a: Slowking|44\/100\n|move|p1a: Slowking|Future Sight|p2a: Melmetal\n|-start|p1a: Slowking|move: Future Sight\n|\n|-heal|p2a: Melmetal|93\/100|[from] item: Leftovers\n|-fieldend|Misty Terrain\n|upkeep\n|turn|19\n|\n|t:|1657215190\n|switch|p1a: Rotom|Rotom-Wash|70\/100\n|-damage|p1a: Rotom|57\/100|[from] Stealth Rock\n|move|p2a: Melmetal|Superpower|p1a: Rotom\n|-damage|p1a: Rotom|22\/100\n|-unboost|p2a: Melmetal|atk|1\n|-unboost|p2a: Melmetal|def|1\n|\n|-heal|p1a: Rotom|28\/100|[from] item: Leftovers\n|-heal|p2a: Melmetal|99\/100|[from] item: Leftovers\n|upkeep\n|turn|20\n|\n|t:|1657215204\n|switch|p2a: Tapu Fini|Tapu Fini|36\/100\n|-damage|p2a: Tapu Fini|24\/100|[from] Stealth Rock\n|-fieldstart|move: Misty Terrain|[from] ability: Misty Surge|[of] p2a: Tapu Fini\n|move|p1a: Rotom|Hydro Pump|p2a: Tapu Fini\n|-resisted|p2a: Tapu Fini\n|-damage|p2a: Tapu Fini|10\/100\n|\n|-end|p2a: Tapu Fini|move: Future Sight\n|-damage|p2a: Tapu Fini|0 fnt\n|faint|p2a: Tapu Fini\n|-heal|p1a: Rotom|34\/100|[from] item: Leftovers\n|upkeep\n|\n|t:|1657215212\n|switch|p2a: Dragapult|Dragapult, M|31\/100 brn\n|-damage|p2a: Dragapult|19\/100 brn|[from] Stealth Rock\n|turn|21\n|\n|t:|1657215218\n|switch|p1a: Tyranitar|Tyranitar, F|78\/100\n|-damage|p1a: Tyranitar|66\/100|[from] Stealth Rock\n|-weather|Sandstorm|[from] ability: Sand Stream|[of] p1a: Tyranitar\n|move|p2a: Dragapult|Shadow Ball|p1a: Tyranitar\n|-resisted|p1a: Tyranitar\n|-damage|p1a: Tyranitar|56\/100\n|\n|-weather|Sandstorm|[upkeep]\n|-damage|p2a: Dragapult|13\/100 brn|[from] Sandstorm\n|-damage|p2a: Dragapult|7\/100 brn|[from] brn\n|upkeep\n|turn|22\n|\n|t:|1657215232\n|switch|p2a: Melmetal|Melmetal|99\/100\n|-damage|p2a: Melmetal|93\/100|[from] Stealth Rock\n|move|p1a: Tyranitar|Earthquake|p2a: Melmetal\n|-supereffective|p2a: Melmetal\n|-damage|p2a: Melmetal|58\/100\n|\n|-weather|Sandstorm|[upkeep]\n|-heal|p2a: Melmetal|64\/100|[from] item: Leftovers\n|upkeep\n|turn|23\n|j| DidiML\n|\n|t:|1657215242\n|switch|p1a: Skarmory|Skarmory, F|74\/100\n|-damage|p1a: Skarmory|62\/100|[from] Stealth Rock\n|move|p2a: Melmetal|Double Iron Bash|p1a: Skarmory\n|-resisted|p1a: Skarmory\n|-damage|p1a: Skarmory|49\/100\n|-damage|p2a: Melmetal|48\/100|[from] item: Rocky Helmet|[of] p1a: Skarmory\n|-resisted|p1a: Skarmory\n|-damage|p1a: Skarmory|36\/100\n|-damage|p2a: Melmetal|31\/100|[from] item: Rocky Helmet|[of] p1a: Skarmory\n|-hitcount|p1a: Skarmory|2\n|\n|-weather|Sandstorm|[upkeep]\n|-heal|p2a: Melmetal|37\/100|[from] item: Leftovers\n|upkeep\n|turn|24\n|\n|t:|1657215250\n|switch|p2a: Blacephalon|Blacephalon|100\/100\n|-damage|p2a: Blacephalon|76\/100|[from] Stealth Rock\n|move|p1a: Skarmory|Iron Defense|p1a: Skarmory\n|-boost|p1a: Skarmory|def|2\n|\n|-weather|Sandstorm|[upkeep]\n|-damage|p2a: Blacephalon|70\/100|[from] Sandstorm\n|-heal|p2a: Blacephalon|76\/100|[from] item: Leftovers\n|-fieldend|Misty Terrain\n|upkeep\n|turn|25\n|\n|t:|1657215260\n|switch|p1a: Tyranitar|Tyranitar, F|56\/100\n|-damage|p1a: Tyranitar|44\/100|[from] Stealth Rock\n|move|p2a: Blacephalon|Shadow Ball|p1a: Tyranitar\n|-resisted|p1a: Tyranitar\n|-damage|p1a: Tyranitar|33\/100\n|\n|-weather|none\n|-heal|p2a: Blacephalon|82\/100|[from] item: Leftovers\n|upkeep\n|turn|26\n|\n|t:|1657215268\n|switch|p2a: Dragapult|Dragapult, M|7\/100 brn\n|-damage|p2a: Dragapult|0 fnt|[from] Stealth Rock\n|faint|p2a: Dragapult\n|move|p1a: Tyranitar|Rock Blast|p2: Dragapult|[notarget]\n|-fail|p1a: Tyranitar\n|\n|upkeep\n|\n|t:|1657215274\n|switch|p2a: Melmetal|Melmetal|37\/100\n|-damage|p2a: Melmetal|31\/100|[from] Stealth Rock\n|turn|27\n|\n|t:|1657215280\n|switch|p1a: Skarmory|Skarmory, F|36\/100\n|-damage|p1a: Skarmory|24\/100|[from] Stealth Rock\n|switch|p2a: Blacephalon|Blacephalon|82\/100\n|-damage|p2a: Blacephalon|57\/100|[from] Stealth Rock\n|\n|-heal|p2a: Blacephalon|63\/100|[from] item: Leftovers\n|upkeep\n|turn|28\n|\n|t:|1657215291\n|switch|p1a: Tyranitar|Tyranitar, F|33\/100\n|-damage|p1a: Tyranitar|21\/100|[from] Stealth Rock\n|-weather|Sandstorm|[from] ability: Sand Stream|[of] p1a: Tyranitar\n|move|p2a: Blacephalon|Flamethrower|p1a: Tyranitar\n|-resisted|p1a: Tyranitar\n|-damage|p1a: Tyranitar|10\/100\n|\n|-weather|Sandstorm|[upkeep]\n|-damage|p2a: Blacephalon|57\/100|[from] Sandstorm\n|-heal|p2a: Blacephalon|63\/100|[from] item: Leftovers\n|upkeep\n|turn|29\n|\n|t:|1657215296\n|move|p2a: Blacephalon|Flamethrower|p1a: Tyranitar\n|-resisted|p1a: Tyranitar\n|-crit|p1a: Tyranitar\n|-damage|p1a: Tyranitar|0 fnt\n|faint|p1a: Tyranitar\n|-ability|p2a: Blacephalon|Beast Boost|boost\n|-boost|p2a: Blacephalon|spa|1\n|\n|-weather|Sandstorm|[upkeep]\n|-damage|p2a: Blacephalon|57\/100|[from] Sandstorm\n|-heal|p2a: Blacephalon|63\/100|[from] item: Leftovers\n|upkeep\n|\n|t:|1657215300\n|switch|p1a: Excadrill|Excadrill, M|49\/100\n|-damage|p1a: Excadrill|46\/100|[from] Stealth Rock\n|turn|30\n|\n|t:|1657215309\n|switch|p2a: Melmetal|Melmetal|31\/100\n|-damage|p2a: Melmetal|25\/100|[from] Stealth Rock\n|move|p1a: Excadrill|Iron Head|p2a: Melmetal\n|-resisted|p2a: Melmetal\n|-damage|p2a: Melmetal|5\/100\n|\n|-weather|Sandstorm|[upkeep]\n|-heal|p2a: Melmetal|11\/100|[from] item: Leftovers\n|upkeep\n|turn|31\n|\n|t:|1657215312\n|move|p2a: Melmetal|Protect|p2a: Melmetal\n|-singleturn|p2a: Melmetal|Protect\n|move|p1a: Excadrill|Iron Head|p2a: Melmetal\n|-activate|p2a: Melmetal|move: Protect\n|\n|-weather|Sandstorm|[upkeep]\n|-heal|p2a: Melmetal|17\/100|[from] item: Leftovers\n|upkeep\n|turn|32\n|\n|t:|1657215319\n|move|p2a: Melmetal|Protect||[still]\n|-fail|p2a: Melmetal\n|move|p1a: Excadrill|Iron Head|p2a: Melmetal\n|-resisted|p2a: Melmetal\n|-damage|p2a: Melmetal|0 fnt\n|faint|p2a: Melmetal\n|\n|-weather|none\n|upkeep\n|\n|t:|1657215331\n|switch|p2a: Blacephalon|Blacephalon|63\/100\n|-damage|p2a: Blacephalon|39\/100|[from] Stealth Rock\n|turn|33\n|\n|t:|1657215342\n|move|p2a: Blacephalon|Shadow Ball|p1a: Excadrill\n|-damage|p1a: Excadrill|0 fnt\n|faint|p1a: Excadrill\n|-ability|p2a: Blacephalon|Beast Boost|boost\n|-boost|p2a: Blacephalon|spa|1\n|\n|-heal|p2a: Blacephalon|45\/100|[from] item: Leftovers\n|upkeep\n|\n|t:|1657215349\n|switch|p1a: Slowking|Slowking, F|77\/100\n|turn|34\n|\n|t:|1657215351\n|move|p2a: Blacephalon|Shadow Ball|p1a: Slowking\n|-supereffective|p1a: Slowking\n|-damage|p1a: Slowking|0 fnt\n|faint|p1a: Slowking\n|-ability|p2a: Blacephalon|Beast Boost|boost\n|-boost|p2a: Blacephalon|spa|1\n|\n|-heal|p2a: Blacephalon|51\/100|[from] item: Leftovers\n|upkeep\n|-message|mister_ttar forfeited.\n|\n|win|MR. MEZA\n|raw|mister_ttar's rating: 1647 &rarr; <strong>1629<\/strong><br \/>(-18 for losing)\n|raw|MR. MEZA's rating: 1674 &rarr; <strong>1692<\/strong><br \/>(+18 for winning)\n","uploadtime":1657215365,"views":13,"p1id":"misterttar","p2id":"mrmeza","formatid":"gen8ou","rating":1629,"private":0,"password":null}