{"id":"gen8freeforallrandombattle-1660658414","p1":"nimed beatches","p2":"DOnG nai","format":"gen8freeforallrandombattle","log":"|uhtml|invites|<div class=\"broadcast broadcast-blue\"><strong>This is a 4-player challenge battle<\/strong><br \/>The players will need to add more players before the battle can start.<\/div>\n|j|\u2606AlIoutdragadarts\n|j|\u2606DOnG nai\n|t:|1662796189\n|gametype|freeforall\n|player|p1|AlIoutdragadarts|hiker-gen4|\n|player|p2|DOnG nai|169|\n||Invite sent to rock thunder bird!\n||Invite sent to OuoouoouO!\n|j| OuoouoouO\n|n|\u2606OuoouoouO|ouoouoouo\n|n|\u2606OuoouoouO|ouoouoouo\n|player|p4|OuoouoouO|elesa\n|player|p4|OuoouoouO|elesa|\n|j| rock thunder bird\n|n|\u2606rock thunder bird|rockthunderbird\n|n|\u2606rock thunder bird|rockthunderbird\n|player|p3|rock thunder bird|giovanni\n|uhtmlchange|invites|\n|player|p3|rock thunder bird|giovanni|\n|teamsize|p1|6\n|teamsize|p2|6\n|teamsize|p3|6\n|teamsize|p4|6\n|gen|8\n|tier|[Gen 8] Free-For-All Random Battle\n|rule|Species Clause: Limit one of each Pok\u00e9mon\n|rule|HP Percentage Mod: HP is shown in percentages\n|rule|Sleep Clause Mod: Limit one foe put to sleep\n|\n|t:|1662796212\n|start\n|switch|p1a: Hatterene|Hatterene, L80, F|222\/222\n|switch|p2a: Froslass|Froslass, L88, F|266\/266\n|switch|p3b: Cryogonal|Cryogonal, L88|283\/283\n|switch|p4b: Kabutops|Kabutops, L86, M|243\/243\n|turn|1\n|inactive|Battle timer is ON: inactive players will automatically lose when time's up. (requested by OuoouoouO)\n|inactive|rock thunder bird also wants the timer to be on.\n|\n|t:|1662796237\n|move|p2a: Froslass|Protect|p2a: Froslass\n|-singleturn|p2a: Froslass|Protect\n|move|p1a: Hatterene|Protect|p1a: Hatterene\n|-singleturn|p1a: Hatterene|Protect\n|move|p3b: Cryogonal|Ice Beam|p1a: Hatterene\n|-activate|p1a: Hatterene|move: Protect\n|move|p4b: Kabutops|Swords Dance|p4b: Kabutops\n|-boost|p4b: Kabutops|atk|2\n|\n|upkeep\n|turn|2\n|c|\u2606DOnG nai|ouo\n|c|\u2606OuoouoouO|?\n|c|\u2606DOnG nai|\u6562\u4e0d\u6562\u8ddf\u6211\u6bd4\u5212\u6bd4\u5212\uff08\uff09\n|c|\u2606rock thunder bird|\u6211\u4e5f\n|inactive|DOnG nai has 270 seconds left.\n|c|\u2606DOnG nai|\u7b97\u4e86\u4f60\u5f3a\u5316\u4e86\uff0c\u518d\u89c1\n|inactive|OuoouoouO has 270 seconds left.\n|c|\u2606OuoouoouO|\u6211\u6015\u4f60\u5bb3\u6015\n|\n|t:|1662796278\n|move|p4b: Kabutops|Protect|p4b: Kabutops\n|-singleturn|p4b: Kabutops|Protect\n|move|p2a: Froslass|Shadow Ball|p1a: Hatterene\n|-supereffective|p1a: Hatterene\n|-damage|p1a: Hatterene|82\/222\n|-unboost|p1a: Hatterene|spd|1\n|-enditem|p1a: Hatterene|Sitrus Berry|[eat]\n|-heal|p1a: Hatterene|137\/222|[from] item: Sitrus Berry\n|move|p3b: Cryogonal|Ice Beam|p2a: Froslass\n|-resisted|p2a: Froslass\n|-crit|p2a: Froslass\n|-damage|p2a: Froslass|185\/266\n|move|p1a: Hatterene|Mystical Fire|p2a: Froslass\n|-supereffective|p2a: Froslass\n|-damage|p2a: Froslass|35\/266\n|-unboost|p2a: Froslass|spa|1\n|-enditem|p2a: Froslass|Sitrus Berry|[eat]\n|-heal|p2a: Froslass|101\/266|[from] item: Sitrus Berry\n|\n|upkeep\n|turn|3\n|inactive|OuoouoouO has 270 seconds left.\n|c|\u2606DOnG nai|\u6211\u4e0d\u7406\u89e3\n|\n|t:|1662796313\n|switch|p1a: Heatmor|Heatmor, L88, F|293\/293\n|move|p2a: Froslass|Protect|p2a: Froslass\n|-singleturn|p2a: Froslass|Protect\n|move|p3b: Cryogonal|Ice Beam|p2a: Froslass\n|-activate|p2a: Froslass|move: Protect\n|move|p4b: Kabutops|Stone Edge|p3b: Cryogonal\n|-supereffective|p3b: Cryogonal\n|-damage|p3b: Cryogonal|0 fnt\n|faint|p3b: Cryogonal\n|\n|upkeep\n|j| thecloud\u4e91\u73a9\u5bb6player\n|c|\u2606rock thunder bird|ouowdnmd\n|c|\u2606rock thunder bird|\u4f60\u5728\u5e72\u4ec0\u4e48\n|inactive|rock thunder bird has 270 seconds left.\n|c|\u2606OuoouoouO|\u9ce5\u54e5\u905c\n|\n|t:|1662796352\n|switch|p3b: Sandslash|Sandslash, L89, M|278\/278\n|turn|4\n|\n|t:|1662796362\n|move|p2a: Froslass|Ice Beam|p3b: Sandslash\n|-supereffective|p3b: Sandslash\n|-damage|p3b: Sandslash|114\/278\n|-enditem|p3b: Sandslash|Sitrus Berry|[eat]\n|-heal|p3b: Sandslash|183\/278|[from] item: Sitrus Berry\n|move|p4b: Kabutops|Waterfall|p1a: Heatmor\n|-supereffective|p1a: Heatmor\n|-damage|p1a: Heatmor|0 fnt\n|faint|p1a: Heatmor\n|move|p3b: Sandslash|Stealth Rock|p4b: Kabutops\n|-sidestart|p1: AlIoutdragadarts|move: Stealth Rock\n|-sidestart|p2: DOnG nai|move: Stealth Rock\n|-sidestart|p4: OuoouoouO|move: Stealth Rock\n|\n|upkeep\n|\n|t:|1662796385\n|switch|p1a: Pinsir|Pinsir, L88, M|258\/258\n|-damage|p1a: Pinsir|194\/258|[from] Stealth Rock\n|turn|5\n|c|\u2606rock thunder bird|\u4e0a\u554a\n|\n|t:|1662796404\n|switch|p2a: Gastrodon|Gastrodon-East, L80, F|309\/309\n|-damage|p2a: Gastrodon|290\/309|[from] Stealth Rock\n|move|p3b: Sandslash|Protect|p3b: Sandslash\n|-singleturn|p3b: Sandslash|Protect\n|move|p1a: Pinsir|Rock Slide|p2a: Gastrodon|[spread] p2a,p4b\n|-activate|p3b: Sandslash|move: Protect\n|-resisted|p2a: Gastrodon\n|-damage|p2a: Gastrodon|266\/309\n|-damage|p4b: Kabutops|211\/243\n|cant|p4b: Kabutops|flinch\n|\n|upkeep\n|turn|6\n|c|\u2606rock thunder bird|\u5e72\u6389\u51bb\u5976\n|c|\u2606OuoouoouO|\u51cd\u5976 \u4f60\u771f\u7684\n|\n|t:|1662796426\n|switch|p3b: Cresselia|Cresselia, L83, F|335\/335\n|move|p1a: Pinsir|Protect|p1a: Pinsir\n|-singleturn|p1a: Pinsir|Protect\n|move|p4b: Kabutops|Stone Edge|p1a: Pinsir\n|-activate|p1a: Pinsir|move: Protect\n|move|p2a: Gastrodon|Scald|p3b: Cresselia\n|-damage|p3b: Cresselia|277\/335\n|\n|upkeep\n|turn|7\n|c|\u2606DOnG nai|?\n|c|\u2606rock thunder bird|\u5e72\u6b7b\u4ed6\n|\n|t:|1662796444\n|move|p3b: Cresselia|Helping Hand|p4b: Kabutops\n|-singleturn|p4b: Kabutops|Helping Hand|[of] p3b: Cresselia\n|move|p1a: Pinsir|X-Scissor|p4b: Kabutops\n|-damage|p4b: Kabutops|112\/243\n|-enditem|p4b: Kabutops|Sitrus Berry|[eat]\n|-heal|p4b: Kabutops|172\/243|[from] item: Sitrus Berry\n|move|p4b: Kabutops|Stone Edge|p1a: Pinsir|[miss]\n|-miss|p4b: Kabutops|p1a: Pinsir\n|move|p2a: Gastrodon|Scald|p1a: Pinsir\n|-damage|p1a: Pinsir|112\/258\n|-enditem|p1a: Pinsir|Sitrus Berry|[eat]\n|-heal|p1a: Pinsir|176\/258|[from] item: Sitrus Berry\n|\n|upkeep\n|turn|8\n|c|\u2606rock thunder bird|\u4e0d\u8981\u8ba9\u6211\u770b\u4e0d\u8d77\u4f60ouo\n|l|\u2606rock thunder bird\n|inactive|rock thunder bird disconnected and has 300 seconds to reconnect!\n|player|p3|\n|c|\u2606DOnG nai|\u8d77\u6ce1\u4e86\n|c|\u2606OuoouoouO|\u4ed6\u5f15\u6c34\u6211\u600e\u9ebd\u4e7e\n|inactive|rock thunder bird has 270 seconds to reconnect!\n|c|\u2606DOnG nai|\u8d77\u6ce1\u4e86\n|c|\u2606DOnG nai|\u6c14\u6ce1\u4e86\n|c|\u2606DOnG nai|wdnmd\n|c|\u2606DOnG nai|s()\u8f93\u5165\u6cd5\n|l| thecloud\u4e91\u73a9\u5bb6player\n|inactive|rock thunder bird has 240 seconds to reconnect!\n|inactive|rock thunder bird has 210 seconds to reconnect!\n|j|\u2606rock thunder bird\n|inactive|rock thunder bird reconnected and has 275 seconds left.\n|player|p3|rock thunder bird|giovanni\n|inactive|rock thunder bird has 270 seconds left.\n|c|\u2606rock thunder bird|\u56de\u6765\u4e86\n|\n|t:|1662796602\n|switch|p2a: Froslass|Froslass, L88, F|101\/266\n|-damage|p2a: Froslass|35\/266|[from] Stealth Rock\n|move|p3b: Cresselia|Helping Hand|p4b: Kabutops\n|-singleturn|p4b: Kabutops|Helping Hand|[of] p3b: Cresselia\n|move|p1a: Pinsir|X-Scissor|p4b: Kabutops\n|-damage|p4b: Kabutops|78\/243\n|move|p4b: Kabutops|Waterfall|p1a: Pinsir\n|-damage|p1a: Pinsir|0 fnt\n|faint|p1a: Pinsir\n|\n|upkeep\n|c|\u2606DOnG nai|\u6765\u6765\u6765\n|c|\u2606DOnG nai|\u5ca9\u9e1f\n|c|\u2606DOnG nai|\u6253\u6b7b\u6211\n|\n|t:|1662796623\n|switch|p1a: Talonflame|Talonflame, L86, M|273\/273\n|-damage|p1a: Talonflame|137\/273|[from] Stealth Rock\n|turn|9\n|c|\u2606DOnG nai|\u6c42\u6b7b\n|c|\u2606DOnG nai|\u6c42\u6b7b\n|c|\u2606OuoouoouO|\u6211\u5c31\u77e5\u9053\u51cd\u5976\u6703\u63db\u4eba( )\n|inactive|rock thunder bird has 270 seconds left.\n|\n|t:|1662796641\n|move|p3b: Cresselia|Helping Hand|p4b: Kabutops\n|-singleturn|p4b: Kabutops|Helping Hand|[of] p3b: Cresselia\n|move|p2a: Froslass|Protect|p2a: Froslass\n|-singleturn|p2a: Froslass|Protect\n|move|p1a: Talonflame|Brave Bird|p2a: Froslass\n|-activate|p2a: Froslass|move: Protect\n|move|p4b: Kabutops|Waterfall|p1a: Talonflame\n|-supereffective|p1a: Talonflame\n|-crit|p1a: Talonflame\n|-damage|p1a: Talonflame|0 fnt\n|faint|p1a: Talonflame\n|\n|upkeep\n|c|\u2606DOnG nai|\u6c42\u6b7b!\n|\n|t:|1662796657\n|switch|p1a: Dragonite|Dragonite, L82, F|283\/283\n|-damage|p1a: Dragonite|213\/283|[from] Stealth Rock\n|turn|10\n|\n|t:|1662796670\n|move|p2a: Froslass|Shadow Ball|p3b: Cresselia\n|-supereffective|p3b: Cresselia\n|-damage|p3b: Cresselia|163\/335\n|-unboost|p3b: Cresselia|spd|1\n|-enditem|p3b: Cresselia|Sitrus Berry|[eat]\n|-heal|p3b: Cresselia|246\/335|[from] item: Sitrus Berry\n|move|p3b: Cresselia|Icy Wind|p2a: Froslass|[spread] p1a,p2a,p4b\n|-supereffective|p1a: Dragonite\n|-resisted|p2a: Froslass\n|-resisted|p4b: Kabutops\n|-damage|p1a: Dragonite|149\/283\n|-damage|p2a: Froslass|27\/266\n|-damage|p4b: Kabutops|69\/243\n|-unboost|p1a: Dragonite|spe|1\n|-unboost|p2a: Froslass|spe|1\n|-unboost|p4b: Kabutops|spe|1\n|move|p4b: Kabutops|Stone Edge|p1a: Dragonite\n|-supereffective|p1a: Dragonite\n|-damage|p1a: Dragonite|0 fnt\n|faint|p1a: Dragonite\n|\n|upkeep\n|\n|t:|1662796685\n|switch|p1a: Hatterene|Hatterene, L80, F|137\/222\n|-damage|p1a: Hatterene|110\/222|[from] Stealth Rock\n|turn|11\n|c|\u2606OuoouoouO|\u984d\u554a \u6709\u4eba\u8981\u6232\u6cd5\u7a7a\u9593\n|\n|t:|1662796711\n|switch|p3b: Zarude|Zarude, L80|299\/299\n|move|p2a: Froslass|Shadow Ball|p3b: Zarude\n|-resisted|p3b: Zarude\n|-damage|p3b: Zarude|257\/299\n|move|p4b: Kabutops|Stone Edge|p3b: Zarude\n|-damage|p3b: Zarude|44\/299\n|-enditem|p3b: Zarude|Sitrus Berry|[eat]\n|-heal|p3b: Zarude|118\/299|[from] item: Sitrus Berry\n|move|p1a: Hatterene|Psychic|p2a: Froslass\n|-damage|p2a: Froslass|0 fnt\n|faint|p2a: Froslass\n|\n|upkeep\n|\n|t:|1662796726\n|switch|p2a: Sceptile|Sceptile, L88, F|266\/266\n|-damage|p2a: Sceptile|233\/266|[from] Stealth Rock\n|turn|12\n|\n|t:|1662796749\n|move|p2a: Sceptile|Protect|p2a: Sceptile\n|-singleturn|p2a: Sceptile|Protect\n|move|p4b: Kabutops|Protect|p4b: Kabutops\n|-singleturn|p4b: Kabutops|Protect\n|move|p1a: Hatterene|Protect|p1a: Hatterene\n|-singleturn|p1a: Hatterene|Protect\n|move|p3b: Zarude|Darkest Lariat|p2a: Sceptile\n|-activate|p2a: Sceptile|move: Protect\n|\n|upkeep\n|turn|13\n|c|\u2606DOnG nai|\u53ef\u6076\uff0c\u4e3a\u4ec0\u4e48\u77e5\u9053\u6211\u6ca1\u540c\u547d\uff08\uff09\n|c|\u2606rock thunder bird|\u5367\u69fd\n|\n|t:|1662796772\n|move|p2a: Sceptile|Focus Blast|p3b: Zarude\n|-supereffective|p3b: Zarude\n|-damage|p3b: Zarude|0 fnt\n|faint|p3b: Zarude\n|move|p4b: Kabutops|Waterfall|p1a: Hatterene\n|-damage|p1a: Hatterene|0 fnt\n|faint|p1a: Hatterene\n|\n|upkeep\n|inactive|rock thunder bird has 270 seconds left.\n|inactive|AlIoutdragadarts has 270 seconds left.\n|\n|t:|1662796815\n|switch|p3b: Machamp|Machamp, L88, M|302\/302\n|switch|p1a: Lycanroc|Lycanroc-Dusk, L81, F|254\/254\n|-damage|p1a: Lycanroc|223\/254|[from] Stealth Rock\n|turn|14\n|inactive|rock thunder bird has 270 seconds left.\n|\n|t:|1662796829\n|move|p2a: Sceptile|Protect|p2a: Sceptile\n|-singleturn|p2a: Sceptile|Protect\n|move|p3b: Machamp|Protect|p3b: Machamp\n|-singleturn|p3b: Machamp|Protect\n|move|p1a: Lycanroc|Drill Run|p4b: Kabutops\n|-supereffective|p4b: Kabutops\n|-damage|p4b: Kabutops|0 fnt\n|faint|p4b: Kabutops\n|-damage|p1a: Lycanroc|198\/254|[from] item: Life Orb\n|\n|-status|p3b: Machamp|brn|[from] item: Flame Orb\n|upkeep\n|\n|t:|1662796857\n|switch|p4b: Inteleon|Inteleon, L84, M|255\/255\n|-damage|p4b: Inteleon|224\/255|[from] Stealth Rock\n|turn|15\n|\n|t:|1662796871\n|switch|p2a: Aegislash|Aegislash, L84, F|238\/238\n|-damage|p2a: Aegislash|224\/238|[from] Stealth Rock\n|-start|p4b: Inteleon|Dynamax|\n|-heal|p4b: Inteleon|448\/510|[silent]\n|move|p1a: Lycanroc|Accelerock|p4b: Inteleon\n|-damage|p4b: Inteleon|345\/510\n|-damage|p1a: Lycanroc|173\/254|[from] item: Life Orb\n|move|p4b: Inteleon|Max Geyser|p1a: Lycanroc\n|-supereffective|p1a: Lycanroc\n|-damage|p1a: Lycanroc|0 fnt\n|-weather|RainDance\n|faint|p1a: Lycanroc\n|-damage|p4b: Inteleon|320\/510|[from] item: Life Orb\n|move|p3b: Machamp|Close Combat|p2a: Aegislash\n|-immune|p2a: Aegislash\n|\n|-weather|RainDance|[upkeep]\n|-damage|p3b: Machamp|284\/302 brn|[from] brn\n|upkeep\n|turn|16\n|\n|t:|1662796886\n|switch|p2a: Gastrodon|Gastrodon-East, L80, F|266\/309\n|-damage|p2a: Gastrodon|247\/309|[from] Stealth Rock\n|move|p4b: Inteleon|Max Airstream|p3b: Machamp\n|-supereffective|p3b: Machamp\n|-damage|p3b: Machamp|6\/302 brn\n|-boost|p4b: Inteleon|spe|1\n|-damage|p4b: Inteleon|295\/510|[from] item: Life Orb\n|move|p3b: Machamp|Knock Off|p2a: Gastrodon\n|-damage|p2a: Gastrodon|58\/309\n|-enditem|p2a: Gastrodon|Sitrus Berry|[from] move: Knock Off|[of] p3b: Machamp\n|\n|-weather|RainDance|[upkeep]\n|-damage|p3b: Machamp|0 fnt|[from] brn\n|faint|p3b: Machamp\n|upkeep\n|\n|t:|1662796896\n|switch|p3b: Cresselia|Cresselia, L83, F|246\/335\n|turn|17\n|\n|t:|1662796907\n|switch|p2a: Aegislash|Aegislash, L84, F|224\/238\n|-damage|p2a: Aegislash|210\/238|[from] Stealth Rock\n|move|p4b: Inteleon|Max Phantasm|p3b: Cresselia\n|-supereffective|p3b: Cresselia\n|-damage|p3b: Cresselia|35\/335\n|-unboost|p2a: Aegislash|def|1\n|-unboost|p3b: Cresselia|def|1\n|-damage|p4b: Inteleon|270\/510|[from] item: Life Orb\n|move|p3b: Cresselia|Psychic|p2a: Aegislash\n|-resisted|p2a: Aegislash\n|-damage|p2a: Aegislash|184\/238\n|\n|-weather|RainDance|[upkeep]\n|upkeep\n|-end|p4b: Inteleon|Dynamax\n|-heal|p4b: Inteleon|135\/255|[silent]\n|turn|18\n|\n|t:|1662796922\n|-formechange|p2a: Aegislash|Aegislash-Blade||[from] ability: Stance Change\n|move|p2a: Aegislash|Shadow Sneak|p3b: Cresselia\n|-supereffective|p3b: Cresselia\n|-damage|p3b: Cresselia|0 fnt\n|faint|p3b: Cresselia\n|move|p4b: Inteleon|Muddy Water|p2a: Aegislash|[miss]\n|-miss|p4b: Inteleon|p2a: Aegislash\n|\n|-weather|RainDance|[upkeep]\n|upkeep\n|\n|t:|1662796930\n|switch|p3b: Sandslash|Sandslash, L89, M|183\/278\n|turn|19\n|\n|t:|1662796934\n|-formechange|p2a: Aegislash|Aegislash||[from] ability: Stance Change\n|move|p2a: Aegislash|King's Shield|p2a: Aegislash\n|-singleturn|p2a: Aegislash|Protect\n|move|p4b: Inteleon|Ice Beam|p3b: Sandslash\n|-supereffective|p3b: Sandslash\n|-damage|p3b: Sandslash|0 fnt\n|faint|p3b: Sandslash\n|-damage|p4b: Inteleon|110\/255|[from] item: Life Orb\n|\n|-weather|none\n|upkeep\n|\n|t:|1662796940\n|switch|p3b: Hawlucha|Hawlucha, L80, F|256\/256\n|turn|20\n|player|p1|\n|n|+AlIoutdragadarts|alioutdragadarts\n||Invite sent to nimed beatches!\n|c|\u2606rock thunder bird|ouo\u4f60\u8001\u60e6\u8bb0\u5e72\u6211\u5e72\u561b\n|\n|t:|1662796962\n|move|p4b: Inteleon|Ice Beam|p3b: Hawlucha\n|-supereffective|p3b: Hawlucha\n|-damage|p3b: Hawlucha|0 fnt\n|faint|p3b: Hawlucha\n|-damage|p4b: Inteleon|85\/255|[from] item: Life Orb\n|-formechange|p2a: Aegislash|Aegislash-Blade||[from] ability: Stance Change\n|move|p2a: Aegislash|Shadow Ball|p3: Hawlucha|[notarget]\n|-fail|p2a: Aegislash\n|\n|upkeep\n|turn|21\n|j| nimed beatches\n|n|\u2606nimed beatches|nimedbeatches\n|n|\u2606nimed beatches|nimedbeatches\n|player|p1|nimed beatches|lucas\n|inactive|nimed beatches reconnected.\n|player|p1|nimed beatches|lucas\n|player|p1|nimed beatches|lucas|\n|\n|t:|1662796969\n|-formechange|p2a: Aegislash|Aegislash||[from] ability: Stance Change\n|move|p2a: Aegislash|King's Shield|p2a: Aegislash\n|-singleturn|p2a: Aegislash|Protect\n|move|p4b: Inteleon|Shadow Ball|p2a: Aegislash\n|-activate|p2a: Aegislash|move: Protect\n|\n|upkeep\n|turn|22\n|\n|t:|1662796976\n|-formechange|p2a: Aegislash|Aegislash-Blade||[from] ability: Stance Change\n|move|p2a: Aegislash|Shadow Sneak|p4b: Inteleon\n|-damage|p4b: Inteleon|10\/255\n|move|p4b: Inteleon|Shadow Ball|p2a: Aegislash\n|-supereffective|p2a: Aegislash\n|-damage|p2a: Aegislash|0 fnt\n|faint|p2a: Aegislash\n|-damage|p4b: Inteleon|0 fnt|[from] item: Life Orb\n|faint|p4b: Inteleon\n|\n|upkeep\n|c|\u2606OuoouoouO|\u5168\u80fd\u7684\u738b\u8005\n|\n|t:|1662796988\n|switch|p4b: Eternatus|Eternatus, L72|321\/321\n|switch|p2a: Sceptile|Sceptile, L88, F|233\/266\n|-damage|p2a: Sceptile|200\/266|[from] Stealth Rock\n|-damage|p4b: Eternatus|281\/321|[from] Stealth Rock\n|-ability|p4b: Eternatus|Pressure\n|turn|23\n|\n|t:|1662796997\n|move|p2a: Sceptile|Breaking Swipe|p4b: Eternatus\n|-supereffective|p4b: Eternatus\n|-damage|p4b: Eternatus|187\/321\n|-unboost|p4b: Eternatus|atk|1\n|move|p4b: Eternatus|Cosmic Power|p4b: Eternatus\n|-boost|p4b: Eternatus|def|1\n|-boost|p4b: Eternatus|spd|1\n|\n|upkeep\n|turn|24\n|c|+AlIoutdragadarts|!dt dongnai\nNo Pok\u00e9mon, item, move, ability or nature named 'dongnai' was found. Showing the data of 'Donphan' instead.\n|raw|<div class=\"message\"><ul class=\"utilichart\"><li class=\"result\"><span class=\"col numcol\">Illegal<\/span> <span class=\"col iconcol\"><psicon pokemon=\"donphan\"\/><\/span> <span class=\"col pokemonnamecol\" style=\"white-space:nowrap\"><a href=\"https:\/\/dex.pokemonshowdown.com\/pokemon\/donphan\" target=\"_blank\">Donphan<\/a><\/span> <span class=\"col typecol\"><img src=\"https:\/\/play.pokemonshowdown.com\/sprites\/types\/Ground.png\" alt=\"Ground\" height=\"14\" width=\"32\"><\/span> <span style=\"float:left;min-height:26px\"><span class=\"col abilitycol\">Sturdy<\/span><span class=\"col abilitycol\"><em>Sand Veil<\/em><\/span><\/span><span style=\"float:left;min-height:26px\"><span class=\"col statcol\"><em>HP<\/em><br \/>90<\/span> <span class=\"col statcol\"><em>Atk<\/em><br \/>120<\/span> <span class=\"col statcol\"><em>Def<\/em><br \/>120<\/span> <span class=\"col statcol\"><em>SpA<\/em><br \/>60<\/span> <span class=\"col statcol\"><em>SpD<\/em><br \/>60<\/span> <span class=\"col statcol\"><em>Spe<\/em><br \/>50<\/span> <span class=\"col bstcol\"><em>BST<br \/>500<\/em><\/span> <\/span><\/li><li style=\"clear:both\"><\/li><\/ul><\/div>\n|raw|<font size=\"1\"><font color=\"#686868\">Dex#:<\/font> 232&nbsp;|&ThickSpace;<font color=\"#686868\">Gen:<\/font> 2&nbsp;|&ThickSpace;<font color=\"#686868\">Height:<\/font> 1.1 m&nbsp;|&ThickSpace;<font color=\"#686868\">Weight:<\/font> 120 kg <em>(100 BP)<\/em>&nbsp;|&ThickSpace;<font color=\"#686868\">Dex Colour:<\/font> Gray&nbsp;|&ThickSpace;<font color=\"#686868\">Egg Group(s):<\/font> Field&nbsp;|&ThickSpace;<font color=\"#686868\">Does Not Evolve<\/font><\/font>\n\n|j| Subtracts\n|l| Subtracts\n|\n|t:|1662797005\n|switch|p2a: Gallade|Gallade, L86, M|257\/257\n|-damage|p2a: Gallade|241\/257|[from] Stealth Rock\n|move|p4b: Eternatus|Recover|p4b: Eternatus\n|-heal|p4b: Eternatus|321\/321\n|\n|upkeep\n|turn|25\n|c|\u2606OuoouoouO|\u5657\n|j| Subtracts\n|\n|t:|1662797012\n|-start|p2a: Gallade|Dynamax|\n|-heal|p2a: Gallade|482\/514|[silent]\n|move|p4b: Eternatus|Cosmic Power|p4b: Eternatus\n|-boost|p4b: Eternatus|def|1\n|-boost|p4b: Eternatus|spd|1\n|move|p2a: Gallade|Max Mindstorm|p4b: Eternatus\n|-supereffective|p4b: Eternatus\n|-damage|p4b: Eternatus|117\/321\n|-fieldstart|move: Psychic Terrain\n|-enditem|p4b: Eternatus|Sitrus Berry|[eat]\n|-heal|p4b: Eternatus|197\/321|[from] item: Sitrus Berry\n|\n|upkeep\n|turn|26\n|l| Subtracts\n|\n|t:|1662797020\n|move|p4b: Eternatus|Recover|p4b: Eternatus\n|-heal|p4b: Eternatus|321\/321\n|move|p2a: Gallade|Max Mindstorm|p4b: Eternatus\n|-supereffective|p4b: Eternatus\n|-damage|p4b: Eternatus|51\/321\n|\n|upkeep\n|turn|27\n|\n|t:|1662797027\n|move|p4b: Eternatus|Dynamax Cannon|p2a: Gallade\n|-damage|p2a: Gallade|314\/514\n|move|p2a: Gallade|Max Mindstorm|p4b: Eternatus\n|-supereffective|p4b: Eternatus\n|-damage|p4b: Eternatus|0 fnt\n|faint|p4b: Eternatus\n|\n|upkeep\n|\n|t:|1662797032\n|switch|p4b: Regirock|Regirock, L86|278\/278\n|-damage|p4b: Regirock|244\/278|[from] Stealth Rock\n|-end|p2a: Gallade|Dynamax\n|-heal|p2a: Gallade|157\/257|[silent]\n|turn|28\n|\n|t:|1662797040\n|move|p2a: Gallade|Close Combat|p4b: Regirock\n|-supereffective|p4b: Regirock\n|-damage|p4b: Regirock|92\/278\n|-unboost|p2a: Gallade|def|1\n|-unboost|p2a: Gallade|spd|1\n|move|p4b: Regirock|Curse|p4b: Regirock\n|-unboost|p4b: Regirock|spe|1\n|-boost|p4b: Regirock|atk|1\n|-boost|p4b: Regirock|def|1\n|\n|upkeep\n|turn|29\n|\n|t:|1662797045\n|move|p2a: Gallade|Close Combat|p4b: Regirock\n|-supereffective|p4b: Regirock\n|-crit|p4b: Regirock\n|-damage|p4b: Regirock|0 fnt\n|-unboost|p2a: Gallade|def|1\n|-unboost|p2a: Gallade|spd|1\n|faint|p4b: Regirock\n|\n|-fieldend|move: Psychic Terrain\n|upkeep\n|c|\u2606OuoouoouO|\u54ed\u6b7b\n|\n|t:|1662797053\n|switch|p4b: Chandelure|Chandelure, L80, F|227\/227\n|-damage|p4b: Chandelure|171\/227|[from] Stealth Rock\n|turn|30\n|\n|t:|1662797058\n|move|p2a: Gallade|Zen Headbutt|p4b: Chandelure\n|-damage|p4b: Chandelure|62\/227\n|-enditem|p4b: Chandelure|Sitrus Berry|[eat]\n|-heal|p4b: Chandelure|118\/227|[from] item: Sitrus Berry\n|move|p4b: Chandelure|Shadow Ball|p2a: Gallade\n|-supereffective|p2a: Gallade\n|-damage|p2a: Gallade|0 fnt\n|faint|p2a: Gallade\n|\n|upkeep\n|\n|t:|1662797060\n|switch|p2a: Gastrodon|Gastrodon-East, L80, F|58\/309\n|-damage|p2a: Gastrodon|39\/309|[from] Stealth Rock\n|turn|31\n|\n|t:|1662797067\n|move|p4b: Chandelure|Shadow Ball|p2a: Gastrodon\n|-damage|p2a: Gastrodon|0 fnt\n|faint|p2a: Gastrodon\n|\n|upkeep\n|c|\u2606DOnG nai|\u70b9\u9519\u4e86\n|j| Subtracts\n|\n|t:|1662797071\n|switch|p2a: Dracovish|Dracovish, L78|268\/268\n|-damage|p2a: Dracovish|235\/268|[from] Stealth Rock\n|turn|32\n|l| Subtracts\n|j| GoldSense07\n|\n|t:|1662797081\n|move|p4b: Chandelure|Shadow Ball|p2a: Dracovish\n|-damage|p2a: Dracovish|115\/268\n|-unboost|p2a: Dracovish|spd|1\n|move|p2a: Dracovish|Fishious Rend|p4b: Chandelure\n|-supereffective|p4b: Chandelure\n|-damage|p4b: Chandelure|0 fnt\n|faint|p4b: Chandelure\n|\n|upkeep\n|\n|t:|1662797084\n|switch|p4b: Arctozolt|Arctozolt, L88|302\/302\n|-damage|p4b: Arctozolt|227\/302|[from] Stealth Rock\n|turn|33\n|\n|t:|1662797091\n|move|p2a: Dracovish|Fishious Rend|p4b: Arctozolt\n|-damage|p4b: Arctozolt|0 fnt\n|faint|p4b: Arctozolt\n|\n|win|DOnG nai\n|c|\u2606OuoouoouO|\u8349\n","inputlog":">version 288f81a9f920901f5340212b1895904b91e9dda2\n>start {\"formatid\":\"gen8freeforallrandombattle\",\"seed\":[15823,57919,3626,42992]}\n>player p1 {\"name\":\"AlIoutdragadarts\",\"avatar\":\"hiker-gen4\",\"rating\":0,\"seed\":[40307,63714,65519,34370]}\n>player p2 {\"name\":\"DOnG nai\",\"avatar\":\"169\",\"rating\":0,\"seed\":[37672,18977,51646,41103]}\n>player p4 {\"name\":\"OuoouoouO\",\"avatar\":\"elesa\",\"team\":\"\",\"seed\":[64966,18871,23099,26139]}\n>player p3 {\"name\":\"rock thunder bird\",\"avatar\":\"giovanni\",\"team\":\"\",\"seed\":[3842,63826,42822,42479]}\n>p1 move protect\n>p2 move protect\n>p3 move icebeam\n>p4 move swordsdance\n>chat \u2606DOnG nai|ouo\n>chat \u2606OuoouoouO|?\n>chat \u2606DOnG nai|\u6562\u4e0d\u6562\u8ddf\u6211\u6bd4\u5212\u6bd4\u5212\uff08\uff09\n>chat \u2606rock thunder bird|\u6211\u4e5f\n>chat \u2606DOnG nai|\u7b97\u4e86\u4f60\u5f3a\u5316\u4e86\uff0c\u518d\u89c1\n>chat \u2606OuoouoouO|\u6211\u6015\u4f60\u5bb3\u6015\n>p1 move mysticalfire\n>p2 move shadowball\n>p3 move icebeam\n>p4 move protect\n>chat \u2606DOnG nai|\u6211\u4e0d\u7406\u89e3\n>p1 switch 3\n>p2 move protect\n>p3 move icebeam\n>p4 move stoneedge\n>chat \u2606rock thunder bird|ouowdnmd\n>chat \u2606rock thunder bird|\u4f60\u5728\u5e72\u4ec0\u4e48\n>chat \u2606OuoouoouO|\u9ce5\u54e5\u905c\n>p3 switch 4\n>p1 move firelash\n>p2 move icebeam\n>p3 move stealthrock\n>p4 move waterfall\n>p1 switch 4\n>chat \u2606rock thunder bird|\u4e0a\u554a\n>p1 move rockslide\n>p2 switch 3\n>p3 move protect\n>p4 move waterfall\n>chat \u2606rock thunder bird|\u5e72\u6389\u51bb\u5976\n>chat \u2606OuoouoouO|\u51cd\u5976 \u4f60\u771f\u7684\n>p1 move protect\n>p2 move scald\n>p3 switch 3\n>p4 move stoneedge\n>chat \u2606DOnG nai|?\n>chat \u2606rock thunder bird|\u5e72\u6b7b\u4ed6\n>p1 move xscissor\n>p2 move scald\n>p3 move helpinghand\n>p4 move stoneedge\n>chat \u2606rock thunder bird|\u4e0d\u8981\u8ba9\u6211\u770b\u4e0d\u8d77\u4f60ouo\n>chat \u2606DOnG nai|\u8d77\u6ce1\u4e86\n>chat \u2606OuoouoouO|\u4ed6\u5f15\u6c34\u6211\u600e\u9ebd\u4e7e\n>chat \u2606DOnG nai|\u8d77\u6ce1\u4e86\n>chat \u2606DOnG nai|\u6c14\u6ce1\u4e86\n>chat \u2606DOnG nai|wdnmd\n>chat \u2606DOnG nai|s()\u8f93\u5165\u6cd5\n>chat \u2606rock thunder bird|\u56de\u6765\u4e86\n>p1 move xscissor\n>p2 switch 3\n>p3 move helpinghand\n>p4 move waterfall\n>chat \u2606DOnG nai|\u6765\u6765\u6765\n>chat \u2606DOnG nai|\u5ca9\u9e1f\n>chat \u2606DOnG nai|\u6253\u6b7b\u6211\n>p1 switch 2\n>chat \u2606DOnG nai|\u6c42\u6b7b\n>chat \u2606DOnG nai|\u6c42\u6b7b\n>chat \u2606OuoouoouO|\u6211\u5c31\u77e5\u9053\u51cd\u5976\u6703\u63db\u4eba( )\n>p1 move bravebird\n>p2 move protect\n>p3 move helpinghand\n>p4 move waterfall\n>chat \u2606DOnG nai|\u6c42\u6b7b!\n>p1 switch 5\n>p1 move dualwingbeat\n>p2 move shadowball\n>p3 move icywind\n>p4 move stoneedge\n>p1 switch 3\n>chat \u2606OuoouoouO|\u984d\u554a \u6709\u4eba\u8981\u6232\u6cd5\u7a7a\u9593\n>p1 move psychic\n>p2 move shadowball\n>p3 switch 2\n>p4 move stoneedge\n>p2 switch 2\n>p1 move protect\n>p2 move protect\n>p3 move darkestlariat\n>p4 move protect\n>chat \u2606DOnG nai|\u53ef\u6076\uff0c\u4e3a\u4ec0\u4e48\u77e5\u9053\u6211\u6ca1\u540c\u547d\uff08\uff09\n>chat \u2606rock thunder bird|\u5367\u69fd\n>p1 move psychic\n>p2 move focusblast\n>p3 move darkestlariat\n>p4 move waterfall\n>p1 switch 6\n>p3 switch 5\n>p1 move drillrun\n>p2 move protect\n>p3 move protect\n>p4 move waterfall\n>p4 switch 2\n>p1 move accelerock\n>p2 switch 5\n>p3 move closecombat\n>p4 move muddywater dynamax\n>p2 switch 3\n>p3 move knockoff\n>p4 move airslash dynamax\n>p3 switch 2\n>p2 switch 3\n>p3 move psychic\n>p4 move shadowball dynamax\n>p2 move shadowsneak\n>p3 move icywind\n>p4 move muddywater\n>p3 switch 3\n>p2 move kingsshield\n>p3 move drillrun\n>p4 move icebeam\n>p3 switch 6\n>chat \u2606rock thunder bird|ouo\u4f60\u8001\u60e6\u8bb0\u5e72\u6211\u5e72\u561b\n>p2 move shadowball\n>p3 move closecombat\n>p4 move icebeam\n>player p1 {\"name\":\"nimed beatches\",\"avatar\":\"lucas\"}\n>p2 move kingsshield\n>p4 move shadowball\n>p2 move shadowsneak\n>p4 move shadowball\n>chat \u2606OuoouoouO|\u5168\u80fd\u7684\u738b\u8005\n>p2 switch 5\n>p4 switch 6\n>p2 move breakingswipe\n>p4 move cosmicpower\n>chat +AlIoutdragadarts|!dt dongnai\n>p2 switch 6\n>p4 move recover\n>chat \u2606OuoouoouO|\u5657\n>p2 move zenheadbutt dynamax\n>p4 move cosmicpower\n>p2 move zenheadbutt dynamax\n>p4 move recover\n>p2 move zenheadbutt dynamax\n>p4 move dynamaxcannon\n>p4 switch 3\n>p2 move closecombat\n>p4 move curse\n>p2 move closecombat\n>p4 move rest\n>chat \u2606OuoouoouO|\u54ed\u6b7b\n>p4 switch 5\n>p2 move zenheadbutt\n>p4 move shadowball\n>p2 switch 3\n>p2 move scald\n>p4 move shadowball\n>chat \u2606DOnG nai|\u70b9\u9519\u4e86\n>p2 switch 4\n>p2 move fishiousrend\n>p4 move shadowball\n>p4 switch 4\n>p2 move fishiousrend\n>p4 move blizzard","uploadtime":1662797099,"views":5,"p1id":"nimedbeatches","p2id":"dongnai","formatid":"gen8freeforallrandombattle","rating":0,"private":0,"password":null}