{"id":"gen8ou-1676487218","p1":"ayanami\u3002ampharos","p2":"dracaufeu shiny","format":"gen8ou","log":"|j|\u2606ayanami\u3002ampharos\n|j|\u2606dracaufeu shiny\n|t:|1664801239\n|gametype|singles\n|player|p1|ayanami\u3002ampharos|battlegirl-gen4|1557\n|player|p2|dracaufeu shiny|red|1614\n|teamsize|p1|6\n|teamsize|p2|6\n|gen|8\n|tier|[Gen 8] OU\n|rated|\n|rule|Sleep Clause Mod: Limit one foe put to sleep\n|rule|Species Clause: Limit one of each Pok\u00e9mon\n|rule|OHKO Clause: OHKO moves are banned\n|rule|Evasion Items Clause: Evasion items are banned\n|rule|Evasion Moves Clause: Evasion moves are banned\n|rule|Endless Battle Clause: Forcing endless battles is banned\n|rule|HP Percentage Mod: HP is shown in percentages\n|rule|Dynamax Clause: You cannot dynamax\n|clearpoke\n|poke|p1|Pikachu, F|\n|poke|p1|Lucario, M|\n|poke|p1|Dragonite, F|\n|poke|p1|Sirfetch\u2019d, M|\n|poke|p1|Gengar, M|\n|poke|p1|Ferrothorn, M|\n|poke|p2|Tyranitar, M|\n|poke|p2|Excadrill, F|\n|poke|p2|Pelipper, M|\n|poke|p2|Urshifu-*, F|\n|poke|p2|Zapdos|\n|poke|p2|Ferrothorn, M|\n|teampreview\n|inactive|Battle timer is ON: inactive players will automatically lose when time's up. (requested by ayanami\u3002ampharos)\n|\n|t:|1664801249\n|start\n|switch|p1a: Sirfetch\u2019d|Sirfetch\u2019d, M|100\/100\n|switch|p2a: Urshifu|Urshifu-Rapid-Strike, F|100\/100\n|turn|1\n|\n|t:|1664801260\n|move|p2a: Urshifu|U-turn|p1a: Sirfetch\u2019d\n|-resisted|p1a: Sirfetch\u2019d\n|-damage|p1a: Sirfetch\u2019d|88\/100\n|\n|t:|1664801262\n|switch|p2a: Zapdos|Zapdos, shiny|100\/100|[from]move: U-turn\n|move|p1a: Sirfetch\u2019d|Substitute|p1a: Sirfetch\u2019d\n|-start|p1a: Sirfetch\u2019d|Substitute\n|-damage|p1a: Sirfetch\u2019d|63\/100\n|\n|-heal|p1a: Sirfetch\u2019d|69\/100|[from] item: Leftovers\n|upkeep\n|turn|2\n|\n|t:|1664801265\n|move|p2a: Zapdos|Discharge|p1a: Sirfetch\u2019d\n|-crit|p1a: Sirfetch\u2019d\n|-end|p1a: Sirfetch\u2019d|Substitute\n|move|p1a: Sirfetch\u2019d|Knock Off|p2a: Zapdos\n|-damage|p2a: Zapdos|69\/100\n|-enditem|p2a: Zapdos|Heavy-Duty Boots|[from] move: Knock Off|[of] p1a: Sirfetch\u2019d\n|\n|-heal|p1a: Sirfetch\u2019d|75\/100|[from] item: Leftovers\n|upkeep\n|turn|3\n|\n|t:|1664801270\n|switch|p1a: Pikachu|Pikachu, F|100\/100\n|move|p2a: Zapdos|Hurricane|p1a: Pikachu|[miss]\n|-miss|p2a: Zapdos|p1a: Pikachu\n|\n|upkeep\n|turn|4\n|\n|t:|1664801277\n|switch|p2a: Ferrothorn|Ferrothorn, M, shiny|100\/100\n|move|p1a: Pikachu|Knock Off|p2a: Ferrothorn\n|-damage|p2a: Ferrothorn|74\/100\n|-damage|p1a: Pikachu|88\/100|[from] ability: Iron Barbs|[of] p2a: Ferrothorn\n|-enditem|p2a: Ferrothorn|Leftovers|[from] move: Knock Off|[of] p1a: Pikachu\n|\n|upkeep\n|turn|5\n|\n|t:|1664801280\n|switch|p1a: Lucario|Lucario, M|100\/100\n|move|p2a: Ferrothorn|Knock Off|p1a: Lucario\n|-resisted|p1a: Lucario\n|-damage|p1a: Lucario|82\/100\n|-enditem|p1a: Lucario|Life Orb|[from] move: Knock Off|[of] p2a: Ferrothorn\n|\n|upkeep\n|turn|6\n|\n|t:|1664801285\n|switch|p2a: Zapdos|Zapdos, shiny|69\/100\n|move|p1a: Lucario|Swords Dance|p1a: Lucario\n|-boost|p1a: Lucario|atk|2\n|\n|upkeep\n|turn|7\n|\n|t:|1664801289\n|move|p1a: Lucario|Extreme Speed|p2a: Zapdos\n|-damage|p2a: Zapdos|32\/100\n|-status|p1a: Lucario|par|[from] ability: Static|[of] p2a: Zapdos\n|move|p2a: Zapdos|Hurricane|p1a: Lucario\n|-damage|p1a: Lucario|9\/100 par\n|\n|upkeep\n|turn|8\n|\n|t:|1664801294\n|move|p1a: Lucario|Extreme Speed|p2a: Zapdos\n|-damage|p2a: Zapdos|0 fnt\n|faint|p2a: Zapdos\n|\n|upkeep\n|\n|t:|1664801304\n|switch|p2a: Excadrill|Excadrill, F, shiny|100\/100\n|turn|9\n|\n|t:|1664801317\n|move|p2a: Excadrill|Earthquake|p1a: Lucario\n|-supereffective|p1a: Lucario\n|-damage|p1a: Lucario|0 fnt\n|faint|p1a: Lucario\n|\n|upkeep\n|\n|t:|1664801320\n|switch|p1a: Dragonite|Dragonite, F|100\/100\n|turn|10\n|inactive|dracaufeu shiny has 120 seconds left.\n|inactive|dracaufeu shiny has 90 seconds left.\n|j| Sunday surfer\n|inactive|dracaufeu shiny has 60 seconds left.\n|inactive|dracaufeu shiny has 30 seconds left.\n|j| Ran Kob\n|inactive|dracaufeu shiny has 20 seconds left.\n|inactive|dracaufeu shiny has 15 seconds left.\n|inactive|dracaufeu shiny has 10 seconds left.\n|\n|t:|1664801464\n|switch|p2a: Pelipper|Pelipper, M, shiny|100\/100\n|-weather|RainDance|[from] ability: Drizzle|[of] p2a: Pelipper\n|move|p1a: Dragonite|Dragon Dance|p1a: Dragonite\n|-boost|p1a: Dragonite|atk|1\n|-boost|p1a: Dragonite|spe|1\n|\n|-weather|RainDance|[upkeep]\n|upkeep\n|turn|11\n|inactive|dracaufeu shiny has 20 seconds left this turn.\n|\n|t:|1664801470\n|move|p1a: Dragonite|Dragon Dance|p1a: Dragonite\n|-boost|p1a: Dragonite|atk|1\n|-boost|p1a: Dragonite|spe|1\n|move|p2a: Pelipper|Hurricane|p1a: Dragonite\n|-damage|p1a: Dragonite|59\/100\n|\n|-weather|RainDance|[upkeep]\n|-heal|p1a: Dragonite|65\/100|[from] item: Leftovers\n|upkeep\n|turn|12\n|inactive|dracaufeu shiny has 30 seconds left this turn.\n|\n|t:|1664801472\n|move|p1a: Dragonite|Dual Wingbeat|p2a: Pelipper\n|-damage|p2a: Pelipper|43\/100\n|-damage|p2a: Pelipper|0 fnt\n|faint|p2a: Pelipper\n|-hitcount|p2: Pelipper|2\n|\n|-weather|RainDance|[upkeep]\n|-heal|p1a: Dragonite|71\/100|[from] item: Leftovers\n|upkeep\n|\n|t:|1664801476\n|switch|p2a: Urshifu|Urshifu-Rapid-Strike, F|100\/100\n|turn|13\n|\n|t:|1664801478\n|move|p1a: Dragonite|Dual Wingbeat|p2a: Urshifu\n|-supereffective|p2a: Urshifu\n|-damage|p2a: Urshifu|11\/100\n|-supereffective|p2a: Urshifu\n|-damage|p2a: Urshifu|0 fnt\n|faint|p2a: Urshifu\n|-hitcount|p2: Urshifu|2\n|\n|-weather|RainDance|[upkeep]\n|-heal|p1a: Dragonite|78\/100|[from] item: Leftovers\n|upkeep\n|\n|t:|1664801483\n|switch|p2a: Ferrothorn|Ferrothorn, M, shiny|74\/100\n|turn|14\n|\n|t:|1664801489\n|move|p1a: Dragonite|Fire Punch|p2a: Ferrothorn\n|-supereffective|p2a: Ferrothorn\n|-damage|p2a: Ferrothorn|7\/100\n|-damage|p1a: Dragonite|65\/100|[from] ability: Iron Barbs|[of] p2a: Ferrothorn\n|move|p2a: Ferrothorn|Leech Seed|p1a: Dragonite|[miss]\n|-miss|p2a: Ferrothorn|p1a: Dragonite\n|\n|-weather|none\n|-heal|p1a: Dragonite|71\/100|[from] item: Leftovers\n|upkeep\n|turn|15\n|-message|dracaufeu shiny forfeited.\n|\n|win|ayanami\u3002ampharos\n|raw|ayanami\u3002ampharos's rating: 1557 &rarr; <strong>1580<\/strong><br \/>(+23 for winning)\n|raw|dracaufeu shiny's rating: 1614 &rarr; <strong>1591<\/strong><br \/>(-23 for losing)\n|l|\u2606dracaufeu shiny\n","uploadtime":1664801525,"views":3,"p1id":"ayanamiampharos","p2id":"dracaufeushiny","formatid":"gen8ou","rating":1580,"private":0,"password":null}