{"id":"gen8nationaldexuu-1433155073","p1":"herso","p2":"mongwong","format":"gen8nationaldexuu","log":"|html|<div class=\"broadcast-blue\"><strong>[Gen 8] National Dex UU is currently suspecting Galarian Slowking! For information on how to participate check out the <a href=\"https:\/\/www.smogon.com\/forums\/threads\/national-dex-uu-suspect-7-slow-dancing-in-the-dark-slowking-galar-suspect.3691732\/\">suspect thread<\/a>.<\/strong><\/div>\n|j|\u2606herso\n|j|\u2606mongwong\n|t:|1633925109\n|gametype|singles\n|player|p1|herso|ethan|1198\n|player|p2|mongwong|silver|1283\n|teamsize|p1|6\n|teamsize|p2|6\n|gen|8\n|tier|[Gen 8] National Dex UU\n|rated|\n|rule|HP Percentage Mod: HP is shown in percentages\n|rule|Endless Battle Clause: Forcing endless battles is banned\n|rule|OHKO Clause: OHKO moves are banned\n|rule|Evasion Moves Clause: Evasion moves are banned\n|rule|Species Clause: Limit one of each Pok\u00e9mon\n|rule|Dynamax Clause: You cannot dynamax\n|rule|Sleep Clause Mod: Limit one foe put to sleep\n|clearpoke\n|poke|p1|Donphan, M|\n|poke|p1|Absol, M|\n|poke|p1|Porygon2|\n|poke|p1|Alakazam, F|\n|poke|p1|Breloom, M|\n|poke|p1|Bruxish, M|\n|poke|p2|Feraligatr, F|\n|poke|p2|Scizor, F|\n|poke|p2|Slowking-Galar, M|\n|poke|p2|Sylveon, M|\n|poke|p2|Mandibuzz, F|\n|poke|p2|Manectric, F|\n|teampreview\n|\n|t:|1633925140\n|start\n|switch|p1a: Breloom|Breloom, M|100\/100\n|switch|p2a: Scizor|Scizor, F|100\/100\n|turn|1\n|\n|t:|1633925155\n|switch|p1a: Donphan|Donphan, M|100\/100\n|move|p2a: Scizor|Bullet Punch|p1a: Donphan\n|-damage|p1a: Donphan|80\/100\n|\n|upkeep\n|turn|2\n|\n|t:|1633925163\n|move|p2a: Scizor|Swords Dance|p2a: Scizor\n|-boost|p2a: Scizor|atk|2\n|move|p1a: Donphan|Earthquake|p2a: Scizor\n|-damage|p2a: Scizor|61\/100\n|\n|-heal|p2a: Scizor|67\/100|[from] item: Leftovers\n|upkeep\n|turn|3\n|\n|t:|1633925169\n|move|p2a: Scizor|Knock Off|p1a: Donphan\n|-damage|p1a: Donphan|40\/100\n|-enditem|p1a: Donphan|Heavy-Duty Boots|[from] move: Knock Off|[of] p2a: Scizor\n|move|p1a: Donphan|Earthquake|p2a: Scizor\n|-damage|p2a: Scizor|26\/100\n|\n|-heal|p2a: Scizor|32\/100|[from] item: Leftovers\n|upkeep\n|turn|4\n|\n|t:|1633925174\n|move|p2a: Scizor|Bullet Punch|p1a: Donphan\n|-damage|p1a: Donphan|2\/100\n|move|p1a: Donphan|Earthquake|p2a: Scizor\n|-damage|p2a: Scizor|0 fnt\n|faint|p2a: Scizor\n|\n|upkeep\n|\n|t:|1633925188\n|switch|p2a: Mandibuzz|Mandibuzz, F|100\/100\n|turn|5\n|\n|t:|1633925194\n|move|p2a: Mandibuzz|U-turn|p1a: Donphan\n|-damage|p1a: Donphan|0 fnt\n|faint|p1a: Donphan\n|\n|t:|1633925203\n|switch|p2a: Manectric|Manectric, F, shiny|100\/100|[from]move: U-turn\n|\n|upkeep\n|\n|t:|1633925207\n|switch|p1a: Porygon2|Porygon2|100\/100\n|turn|6\n|\n|t:|1633925225\n|detailschange|p2a: Manectric|Manectric-Mega, F, shiny\n|-mega|p2a: Manectric|Manectric|Manectite\n|-ability|p2a: Manectric|Intimidate|boost\n|-unboost|p1a: Porygon2|atk|1\n|move|p2a: Manectric|Volt Switch|p1a: Porygon2\n|-damage|p1a: Porygon2|84\/100\n|\n|t:|1633925230\n|switch|p2a: Slowking|Slowking-Galar, M|100\/100|[from]move: Volt Switch\n|move|p1a: Porygon2|Tri Attack|p2a: Slowking\n|-damage|p2a: Slowking|80\/100\n|\n|upkeep\n|turn|7\n|\n|t:|1633925242\n|switch|p1a: Absol|Absol, M|100\/100\n|move|p2a: Slowking|Future Sight|p1a: Absol\n|-start|p2a: Slowking|move: Future Sight\n|\n|upkeep\n|turn|8\n|\n|t:|1633925248\n|switch|p2a: Sylveon|Sylveon, M, shiny|100\/100\n|detailschange|p1a: Absol|Absol-Mega, M\n|-mega|p1a: Absol|Absol|Absolite\n|move|p1a: Absol|Knock Off|p2a: Sylveon\n|-resisted|p2a: Sylveon\n|-damage|p2a: Sylveon|68\/100\n|-enditem|p2a: Sylveon|Choice Specs|[from] move: Knock Off|[of] p1a: Absol\n|\n|upkeep\n|turn|9\n|\n|t:|1633925257\n|switch|p1a: Porygon2|Porygon2|84\/100\n|move|p2a: Sylveon|Hyper Voice|p1a: Porygon2\n|-damage|p1a: Porygon2|60\/100\n|\n|-end|p1a: Porygon2|move: Future Sight\n|-damage|p1a: Porygon2|31\/100\n|upkeep\n|turn|10\n|\n|t:|1633925272\n|move|p1a: Porygon2|Recover|p1a: Porygon2\n|-heal|p1a: Porygon2|81\/100\n|move|p2a: Sylveon|Hyper Voice|p1a: Porygon2\n|-damage|p1a: Porygon2|55\/100\n|\n|upkeep\n|turn|11\n|\n|t:|1633925279\n|switch|p2a: Feraligatr|Feraligatr, F|100\/100\n|move|p1a: Porygon2|Tri Attack|p2a: Feraligatr\n|-damage|p2a: Feraligatr|56\/100\n|-status|p2a: Feraligatr|brn\n|\n|-damage|p2a: Feraligatr|50\/100 brn|[from] brn\n|upkeep\n|turn|12\n|\n|t:|1633925285\n|move|p2a: Feraligatr|Dragon Dance|p2a: Feraligatr\n|-boost|p2a: Feraligatr|atk|1\n|-boost|p2a: Feraligatr|spe|1\n|move|p1a: Porygon2|Tri Attack|p2a: Feraligatr\n|-damage|p2a: Feraligatr|6\/100 brn\n|\n|-damage|p2a: Feraligatr|0 fnt|[from] brn\n|faint|p2a: Feraligatr\n|upkeep\n|\n|t:|1633925289\n|switch|p2a: Manectric|Manectric-Mega, F, shiny|100\/100\n|-ability|p2a: Manectric|Intimidate|boost\n|-unboost|p1a: Porygon2|atk|1\n|turn|13\n|\n|t:|1633925293\n|move|p2a: Manectric|Thunderbolt|p1a: Porygon2\n|-damage|p1a: Porygon2|34\/100\n|move|p1a: Porygon2|Recover|p1a: Porygon2\n|-heal|p1a: Porygon2|84\/100\n|\n|upkeep\n|turn|14\n|\n|t:|1633925302\n|switch|p2a: Slowking|Slowking-Galar, M|100\/100\n|move|p1a: Porygon2|Tri Attack|p2a: Slowking\n|-damage|p2a: Slowking|81\/100\n|\n|upkeep\n|turn|15\n|\n|t:|1633925317\n|move|p1a: Porygon2|Shadow Ball|p2a: Slowking\n|-supereffective|p2a: Slowking\n|-damage|p2a: Slowking|61\/100\n|move|p2a: Slowking|Sludge Bomb|p1a: Porygon2\n|-damage|p1a: Porygon2|64\/100\n|\n|upkeep\n|turn|16\n|\n|t:|1633925324\n|move|p1a: Porygon2|Tri Attack|p2a: Slowking\n|-damage|p2a: Slowking|47\/100\n|move|p2a: Slowking|Sludge Bomb|p1a: Porygon2\n|-damage|p1a: Porygon2|45\/100\n|-status|p1a: Porygon2|psn\n|\n|-damage|p1a: Porygon2|32\/100 psn|[from] psn\n|upkeep\n|turn|17\n|\n|t:|1633925333\n|move|p1a: Porygon2|Recover|p1a: Porygon2\n|-heal|p1a: Porygon2|82\/100 psn\n|move|p2a: Slowking|Sludge Bomb|p1a: Porygon2\n|-damage|p1a: Porygon2|62\/100 psn\n|\n|-damage|p1a: Porygon2|50\/100 psn|[from] psn\n|upkeep\n|turn|18\n|\n|t:|1633925338\n|move|p1a: Porygon2|Recover|p1a: Porygon2\n|-heal|p1a: Porygon2|99\/100 psn\n|move|p2a: Slowking|Future Sight|p1a: Porygon2\n|-start|p2a: Slowking|move: Future Sight\n|\n|-damage|p1a: Porygon2|88\/100 psn|[from] psn\n|upkeep\n|turn|19\n|\n|t:|1633925344\n|switch|p2a: Manectric|Manectric-Mega, F, shiny|100\/100\n|-ability|p2a: Manectric|Intimidate|boost\n|-unboost|p1a: Porygon2|atk|1\n|move|p1a: Porygon2|Tri Attack|p2a: Manectric\n|-damage|p2a: Manectric|42\/100\n|\n|-damage|p1a: Porygon2|75\/100 psn|[from] psn\n|upkeep\n|turn|20\n|\n|t:|1633925351\n|move|p2a: Manectric|Thunderbolt|p1a: Porygon2\n|-damage|p1a: Porygon2|52\/100 psn\n|move|p1a: Porygon2|Recover|p1a: Porygon2\n|-heal|p1a: Porygon2|100\/100 psn\n|\n|-end|p1a: Porygon2|move: Future Sight\n|-damage|p1a: Porygon2|72\/100 psn\n|-damage|p1a: Porygon2|59\/100 psn|[from] psn\n|upkeep\n|turn|21\n|\n|t:|1633925355\n|move|p2a: Manectric|Thunderbolt|p1a: Porygon2\n|-damage|p1a: Porygon2|37\/100 psn\n|move|p1a: Porygon2|Tri Attack|p2a: Manectric\n|-damage|p2a: Manectric|0 fnt\n|faint|p2a: Manectric\n|\n|-damage|p1a: Porygon2|25\/100 psn|[from] psn\n|upkeep\n|\n|t:|1633925363\n|switch|p2a: Sylveon|Sylveon, M, shiny|68\/100\n|turn|22\n|\n|t:|1633925366\n|move|p2a: Sylveon|Hyper Voice|p1a: Porygon2\n|-damage|p1a: Porygon2|0 fnt\n|faint|p1a: Porygon2\n|\n|upkeep\n|\n|t:|1633925371\n|switch|p1a: Breloom|Breloom, M|100\/100\n|turn|23\n|\n|t:|1633925377\n|move|p1a: Breloom|Swords Dance|p1a: Breloom\n|-boost|p1a: Breloom|atk|2\n|move|p2a: Sylveon|Hyper Voice|p1a: Breloom\n|-supereffective|p1a: Breloom\n|-enditem|p1a: Breloom|Focus Sash\n|-damage|p1a: Breloom|1\/100\n|\n|upkeep\n|turn|24\n|\n|t:|1633925381\n|move|p1a: Breloom|Bullet Seed|p2a: Sylveon\n|-damage|p2a: Sylveon|21\/100\n|-damage|p2a: Sylveon|0 fnt\n|faint|p2a: Sylveon\n|-hitcount|p2: Sylveon|2\n|\n|upkeep\n|\n|t:|1633925383\n|switch|p2a: Mandibuzz|Mandibuzz, F|100\/100\n|turn|25\n|\n|t:|1633925389\n|move|p1a: Breloom|Rock Tomb|p2a: Mandibuzz\n|-supereffective|p2a: Mandibuzz\n|-damage|p2a: Mandibuzz|30\/100\n|-unboost|p2a: Mandibuzz|spe|1\n|move|p2a: Mandibuzz|U-turn|p1a: Breloom\n|-damage|p1a: Breloom|0 fnt\n|faint|p1a: Breloom\n|\n|t:|1633925392\n|switch|p2a: Slowking|Slowking-Galar, M|80\/100|[from]move: U-turn\n|\n|upkeep\n|\n|t:|1633925397\n|switch|p1a: Alakazam|Alakazam, F|100\/100\n|turn|26\n|\n|t:|1633925400\n|move|p1a: Alakazam|Nasty Plot|p1a: Alakazam\n|-boost|p1a: Alakazam|spa|2\n|move|p2a: Slowking|Sludge Bomb|p1a: Alakazam\n|-damage|p1a: Alakazam|36\/100\n|-status|p1a: Alakazam|psn\n|\n|upkeep\n|turn|27\n|\n|t:|1633925407\n|move|p1a: Alakazam|Psychic|p2a: Slowking\n|-damage|p2a: Slowking|31\/100\n|move|p2a: Slowking|Sludge Bomb|p1a: Alakazam\n|-damage|p1a: Alakazam|0 fnt\n|faint|p1a: Alakazam\n|\n|upkeep\n|\n|t:|1633925410\n|switch|p1a: Absol|Absol-Mega, M|100\/100\n|turn|28\n|\n|t:|1633925412\n|switch|p2a: Mandibuzz|Mandibuzz, F|30\/100\n|move|p1a: Absol|Knock Off|p2a: Mandibuzz\n|-resisted|p2a: Mandibuzz\n|-damage|p2a: Mandibuzz|14\/100\n|-enditem|p2a: Mandibuzz|Heavy-Duty Boots|[from] move: Knock Off|[of] p1a: Absol\n|\n|upkeep\n|turn|29\n|\n|t:|1633925416\n|move|p1a: Absol|Flamethrower|p2a: Mandibuzz\n|-damage|p2a: Mandibuzz|0 fnt\n|faint|p2a: Mandibuzz\n|\n|upkeep\n|\n|t:|1633925418\n|switch|p2a: Slowking|Slowking-Galar, M|64\/100\n|turn|30\n|\n|t:|1633925424\n|move|p1a: Absol|Knock Off|p2a: Slowking\n|-supereffective|p2a: Slowking\n|-damage|p2a: Slowking|0 fnt\n|-enditem|p2a: Slowking|Assault Vest|[from] move: Knock Off|[of] p1a: Absol\n|faint|p2a: Slowking\n|\n|win|herso\n|raw|herso's rating: 1198 &rarr; <strong>1229<\/strong><br \/>(+31 for winning)\n|raw|mongwong's rating: 1283 &rarr; <strong>1252<\/strong><br \/>(-31 for losing)\n|l|\u2606mongwong\n","uploadtime":1633925433,"views":8,"p1id":"herso","p2id":"mongwong","formatid":"gen8nationaldexuu","rating":1229,"private":0,"password":null}