{"id":"gen8ou-1286215486","p1":"Brifye","p2":"Skypixel","format":"gen8ou","log":"|j|\u2606Brifye\n|j|\u2606Skypixel\n|t:|1613821453\n|player|p1|Brifye|blackbelt-gen4dp|1359\n|player|p2|Skypixel|265|1370\n|teamsize|p1|6\n|teamsize|p2|6\n|gametype|singles\n|gen|8\n|tier|[Gen 8] OU\n|rated|\n|clearpoke\n|poke|p1|Blaziken, M|\n|poke|p1|Tapu Koko|\n|poke|p1|Zapdos|\n|poke|p1|Slowbro, M|\n|poke|p1|Melmetal|\n|poke|p1|Garchomp, F|\n|poke|p2|Buzzwole|\n|poke|p2|Aegislash, F|\n|poke|p2|Dragonite, M|\n|poke|p2|Salazzle, F|\n|poke|p2|Zapdos-Galar|\n|poke|p2|Ferrothorn, F|\n|rule|Sleep Clause Mod: Limit one foe put to sleep\n|rule|Species Clause: Limit one of each Pok\u00e9mon\n|rule|OHKO Clause: OHKO moves are banned\n|rule|Evasion Moves Clause: Evasion moves are banned\n|rule|Endless Battle Clause: Forcing endless battles is banned\n|rule|HP Percentage Mod: HP is shown in percentages\n|rule|Dynamax Clause: You cannot dynamax\n|teampreview\n|inactive|Battle timer is ON: inactive players will automatically lose when time's up. (requested by Skypixel)\n|\n|t:|1613821461\n|start\n|switch|p1a: Slowbro|Slowbro, M|100\/100\n|switch|p2a: Salazzle|Salazzle, F|100\/100\n|turn|1\n|\n|t:|1613821468\n|move|p2a: Salazzle|Toxic|p1a: Slowbro\n|-status|p1a: Slowbro|tox\n|move|p1a: Slowbro|Scald|p2a: Salazzle\n|-supereffective|p2a: Salazzle\n|-damage|p2a: Salazzle|12\/100\n|\n|-heal|p2a: Salazzle|18\/100|[from] item: Black Sludge\n|-damage|p1a: Slowbro|94\/100 tox|[from] psn\n|upkeep\n|turn|2\n|\n|t:|1613821477\n|move|p2a: Salazzle|Protect|p2a: Salazzle\n|-singleturn|p2a: Salazzle|Protect\n|move|p1a: Slowbro|Scald|p2a: Salazzle\n|-activate|p2a: Salazzle|move: Protect\n|\n|-heal|p2a: Salazzle|25\/100|[from] item: Black Sludge\n|-damage|p1a: Slowbro|82\/100 tox|[from] psn\n|upkeep\n|turn|3\n|\n|t:|1613821485\n|switch|p2a: Dragonite|Dragonite, M|100\/100\n|move|p1a: Slowbro|Scald|p2a: Dragonite\n|-resisted|p2a: Dragonite\n|-damage|p2a: Dragonite|93\/100\n|\n|-heal|p2a: Dragonite|99\/100|[from] item: Leftovers\n|-damage|p1a: Slowbro|64\/100 tox|[from] psn\n|upkeep\n|turn|4\n|\n|t:|1613821494\n|move|p2a: Dragonite|Dragon Dance|p2a: Dragonite\n|-boost|p2a: Dragonite|atk|1\n|-boost|p2a: Dragonite|spe|1\n|move|p1a: Slowbro|Teleport|p1a: Slowbro\n|\n|t:|1613821503\n|switch|p1a: Garchomp|Garchomp, F|100\/100|[from]move: Teleport\n|\n|-heal|p2a: Dragonite|100\/100|[from] item: Leftovers\n|upkeep\n|turn|5\n|\n|t:|1613821508\n|move|p2a: Dragonite|Dragon Dance|p2a: Dragonite\n|-boost|p2a: Dragonite|atk|1\n|-boost|p2a: Dragonite|spe|1\n|move|p1a: Garchomp|Toxic|p2a: Dragonite\n|-status|p2a: Dragonite|tox\n|\n|-damage|p2a: Dragonite|94\/100 tox|[from] psn\n|upkeep\n|turn|6\n|\n|t:|1613821515\n|move|p2a: Dragonite|Heal Bell|p2a: Dragonite\n|-activate|p2a: Dragonite|move: Heal Bell\n|-curestatus|p2a: Dragonite|tox|[msg]\n|move|p1a: Garchomp|Stone Edge|p2a: Dragonite\n|-supereffective|p2a: Dragonite\n|-damage|p2a: Dragonite|35\/100\n|\n|-heal|p2a: Dragonite|42\/100|[from] item: Leftovers\n|upkeep\n|turn|7\n|\n|t:|1613821523\n|move|p2a: Dragonite|Roost|p2a: Dragonite\n|-heal|p2a: Dragonite|92\/100\n|-singleturn|p2a: Dragonite|move: Roost\n|move|p1a: Garchomp|Toxic|p2a: Dragonite\n|-status|p2a: Dragonite|tox\n|\n|-heal|p2a: Dragonite|98\/100 tox|[from] item: Leftovers\n|-damage|p2a: Dragonite|92\/100 tox|[from] psn\n|upkeep\n|turn|8\n|\n|t:|1613821532\n|move|p2a: Dragonite|Heal Bell|p2a: Dragonite\n|-activate|p2a: Dragonite|move: Heal Bell\n|-curestatus|p2a: Dragonite|tox|[msg]\n|move|p1a: Garchomp|Stone Edge|p2a: Dragonite\n|-supereffective|p2a: Dragonite\n|-crit|p2a: Dragonite\n|-damage|p2a: Dragonite|0 fnt\n|faint|p2a: Dragonite\n|\n|upkeep\n|\n|t:|1613821550\n|switch|p2a: Salazzle|Salazzle, F|25\/100\n|turn|9\n|\n|t:|1613821562\n|switch|p1a: Slowbro|Slowbro, M|97\/100 tox\n|move|p2a: Salazzle|Protect||[still]\n|-fail|p2a: Salazzle\n|\n|-heal|p2a: Salazzle|31\/100|[from] item: Black Sludge\n|-damage|p1a: Slowbro|91\/100 tox|[from] psn\n|upkeep\n|turn|10\n|\n|t:|1613821572\n|move|p2a: Salazzle|Protect|p2a: Salazzle\n|-singleturn|p2a: Salazzle|Protect\n|move|p1a: Slowbro|Scald|p2a: Salazzle\n|-activate|p2a: Salazzle|move: Protect\n|\n|-heal|p2a: Salazzle|37\/100|[from] item: Black Sludge\n|-damage|p1a: Slowbro|79\/100 tox|[from] psn\n|upkeep\n|turn|11\n|\n|t:|1613821580\n|switch|p2a: Ferrothorn|Ferrothorn, F|100\/100\n|move|p1a: Slowbro|Scald|p2a: Ferrothorn\n|-resisted|p2a: Ferrothorn\n|-damage|p2a: Ferrothorn|90\/100\n|\n|-heal|p2a: Ferrothorn|97\/100|[from] item: Leftovers\n|-damage|p1a: Slowbro|61\/100 tox|[from] psn\n|upkeep\n|turn|12\n|\n|t:|1613821588\n|move|p2a: Ferrothorn|Spikes|p1a: Slowbro\n|-sidestart|p1: Brifye|Spikes\n|move|p1a: Slowbro|Teleport|p1a: Slowbro\n|\n|t:|1613821592\n|switch|p1a: Blaziken|Blaziken, M|100\/100|[from]move: Teleport\n|-damage|p1a: Blaziken|88\/100|[from] Spikes\n|\n|-heal|p2a: Ferrothorn|100\/100|[from] item: Leftovers\n|upkeep\n|turn|13\n|\n|t:|1613821598\n|switch|p2a: Salazzle|Salazzle, F|37\/100\n|move|p1a: Blaziken|Flare Blitz|p2a: Salazzle\n|-resisted|p2a: Salazzle\n|-damage|p2a: Salazzle|0 fnt\n|-damage|p1a: Blaziken|75\/100|[from] Recoil\n|faint|p2a: Salazzle\n|\n|-ability|p1a: Blaziken|Speed Boost|boost\n|-boost|p1a: Blaziken|spe|1\n|upkeep\n|\n|t:|1613821601\n|switch|p2a: Zapdos|Zapdos-Galar|100\/100\n|turn|14\n|\n|t:|1613821614\n|switch|p1a: Slowbro|Slowbro, M|94\/100 tox\n|move|p2a: Zapdos|Thunderous Kick|p1a: Slowbro\n|-resisted|p1a: Slowbro\n|-damage|p1a: Slowbro|73\/100 tox\n|-unboost|p1a: Slowbro|def|1\n|\n|-damage|p1a: Slowbro|67\/100 tox|[from] psn\n|upkeep\n|turn|15\n|\n|t:|1613821623\n|move|p2a: Zapdos|Thunderous Kick|p1a: Slowbro\n|-resisted|p1a: Slowbro\n|-damage|p1a: Slowbro|37\/100 tox\n|-unboost|p1a: Slowbro|def|1\n|move|p1a: Slowbro|Future Sight|p2a: Zapdos\n|-start|p1a: Slowbro|move: Future Sight\n|\n|-damage|p1a: Slowbro|24\/100 tox|[from] psn\n|upkeep\n|turn|16\n|\n|t:|1613821631\n|switch|p1a: Garchomp|Garchomp, F|100\/100\n|-damage|p1a: Garchomp|88\/100|[from] Spikes\n|move|p2a: Zapdos|Thunderous Kick|p1a: Garchomp\n|-damage|p1a: Garchomp|39\/100\n|-unboost|p1a: Garchomp|def|1\n|-damage|p2a: Zapdos|88\/100|[from] ability: Rough Skin|[of] p1a: Garchomp\n|-damage|p2a: Zapdos|72\/100|[from] item: Rocky Helmet|[of] p1a: Garchomp\n|\n|upkeep\n|turn|17\n|\n|t:|1613821643\n|switch|p2a: Ferrothorn|Ferrothorn, F|100\/100\n|switch|p1a: Slowbro|Slowbro, M|58\/100 tox\n|\n|-end|p2a: Ferrothorn|move: Future Sight\n|-resisted|p2a: Ferrothorn\n|-damage|p2a: Ferrothorn|85\/100\n|-heal|p2a: Ferrothorn|91\/100|[from] item: Leftovers\n|-damage|p1a: Slowbro|52\/100 tox|[from] psn\n|upkeep\n|turn|18\n|l|\u2606Skypixel\n|inactive|Skypixel disconnected and has a minute to reconnect!\n|player|p2|\n|j|\u2606Skypixel\n|inactive|Skypixel reconnected and has 140 seconds left.\n|player|p2|Skypixel|265\n|\n|t:|1613821664\n|switch|p2a: Aegislash|Aegislash, F|100\/100\n|move|p1a: Slowbro|Teleport|p1a: Slowbro\n|\n|t:|1613821678\n|switch|p1a: Zapdos|Zapdos|100\/100|[from]move: Teleport\n|\n|upkeep\n|turn|19\n|\n|t:|1613821684\n|move|p1a: Zapdos|Defog|p2a: Aegislash\n|-unboost|p2a: Aegislash|evasion|1\n|-sideend|p1: Brifye|Spikes|[from] move: Defog|[of] p1a: Zapdos\n|move|p2a: Aegislash|Substitute|p2a: Aegislash\n|-start|p2a: Aegislash|Substitute\n|-damage|p2a: Aegislash|76\/100\n|\n|-heal|p2a: Aegislash|82\/100|[from] item: Leftovers\n|upkeep\n|turn|20\n|\n|t:|1613821692\n|move|p2a: Aegislash|King's Shield|p2a: Aegislash\n|-singleturn|p2a: Aegislash|Protect\n|move|p1a: Zapdos|Volt Switch|p2a: Aegislash\n|-activate|p2a: Aegislash|move: Protect\n|\n|-heal|p2a: Aegislash|88\/100|[from] item: Leftovers\n|upkeep\n|turn|21\n|\n|t:|1613821699\n|move|p1a: Zapdos|Volt Switch|p2a: Aegislash\n|-activate|p2a: Aegislash|move: Substitute|[damage]\n|\n|t:|1613821704\n|switch|p1a: Tapu Koko|Tapu Koko|100\/100|[from]move: Volt Switch\n|-fieldstart|move: Electric Terrain|[from] ability: Electric Surge|[of] p1a: Tapu Koko\n|move|p2a: Aegislash|Metal Sound|p1a: Tapu Koko|[miss]\n|-miss|p2a: Aegislash|p1a: Tapu Koko\n|\n|-heal|p2a: Aegislash|94\/100|[from] item: Leftovers\n|upkeep\n|turn|22\n|\n|t:|1613821713\n|move|p1a: Tapu Koko|Volt Switch|p2a: Aegislash\n|-end|p2a: Aegislash|Substitute\n|\n|t:|1613821727\n|switch|p1a: Melmetal|Melmetal|100\/100|[from]move: Volt Switch\n|move|p2a: Aegislash|Metal Sound|p1a: Melmetal\n|-unboost|p1a: Melmetal|spd|2\n|\n|-heal|p2a: Aegislash|100\/100|[from] item: Leftovers\n|upkeep\n|turn|23\n|\n|t:|1613821735\n|move|p2a: Aegislash|Substitute|p2a: Aegislash\n|-start|p2a: Aegislash|Substitute\n|-damage|p2a: Aegislash|76\/100\n|move|p1a: Melmetal|Earthquake|p2a: Aegislash\n|-supereffective|p2a: Aegislash\n|-end|p2a: Aegislash|Substitute\n|\n|-heal|p2a: Aegislash|82\/100|[from] item: Leftovers\n|upkeep\n|turn|24\n|\n|t:|1613821742\n|move|p2a: Aegislash|King's Shield|p2a: Aegislash\n|-singleturn|p2a: Aegislash|Protect\n|move|p1a: Melmetal|Earthquake|p2a: Aegislash\n|-activate|p2a: Aegislash|move: Protect\n|\n|-heal|p2a: Aegislash|88\/100|[from] item: Leftovers\n|upkeep\n|turn|25\n|\n|t:|1613821749\n|switch|p2a: Zapdos|Zapdos-Galar|72\/100\n|move|p1a: Melmetal|Earthquake|p2a: Zapdos\n|-immune|p2a: Zapdos\n|\n|-fieldend|move: Electric Terrain\n|upkeep\n|turn|26\n|l|\u2606Skypixel\n|inactive|Skypixel disconnected and has a minute to reconnect!\n|player|p2|\n|j|\u2606Skypixel\n|inactive|Skypixel reconnected and has 130 seconds left.\n|player|p2|Skypixel|265\n|\n|t:|1613821777\n|switch|p1a: Slowbro|Slowbro, M|85\/100 tox\n|move|p2a: Zapdos|Close Combat|p1a: Slowbro\n|-resisted|p1a: Slowbro\n|-damage|p1a: Slowbro|59\/100 tox\n|-unboost|p2a: Zapdos|def|1\n|-unboost|p2a: Zapdos|spd|1\n|\n|-damage|p1a: Slowbro|53\/100 tox|[from] psn\n|upkeep\n|turn|27\n|\n|t:|1613821786\n|move|p2a: Zapdos|Close Combat|p1a: Slowbro\n|-resisted|p1a: Slowbro\n|-damage|p1a: Slowbro|28\/100 tox\n|-unboost|p2a: Zapdos|def|1\n|-unboost|p2a: Zapdos|spd|1\n|move|p1a: Slowbro|Scald|p2a: Zapdos\n|-damage|p2a: Zapdos|10\/100\n|\n|-damage|p1a: Slowbro|16\/100 tox|[from] psn\n|upkeep\n|turn|28\n|\n|t:|1613821798\n|switch|p1a: Garchomp|Garchomp, F|39\/100\n|move|p2a: Zapdos|Close Combat|p1a: Garchomp\n|-damage|p1a: Garchomp|0 fnt\n|-unboost|p2a: Zapdos|def|1\n|-unboost|p2a: Zapdos|spd|1\n|-damage|p2a: Zapdos|0 fnt|[from] ability: Rough Skin|[of] p1a: Garchomp\n|faint|p1a: Garchomp\n|faint|p2a: Zapdos\n|\n|upkeep\n|l|\u2606Skypixel\n|inactive|Skypixel disconnected and has a minute to reconnect!\n|player|p2|\n|j|\u2606Skypixel\n|inactive|Skypixel reconnected and has 140 seconds left.\n|player|p2|Skypixel|265\n|\n|t:|1613821821\n|switch|p2a: Buzzwole|Buzzwole|100\/100\n|switch|p1a: Blaziken|Blaziken, M|75\/100\n|turn|29\n|\n|t:|1613821834\n|move|p1a: Blaziken|Flare Blitz|p2a: Buzzwole\n|-supereffective|p2a: Buzzwole\n|-damage|p2a: Buzzwole|15\/100\n|-damage|p1a: Blaziken|37\/100|[from] Recoil\n|move|p2a: Buzzwole|Drain Punch|p1a: Blaziken\n|-damage|p1a: Blaziken|0 fnt\n|-heal|p2a: Buzzwole|28\/100|[from] drain|[of] p1a: Blaziken\n|faint|p1a: Blaziken\n|-ability|p2a: Buzzwole|Beast Boost|boost\n|-boost|p2a: Buzzwole|atk|1\n|\n|-heal|p2a: Buzzwole|35\/100|[from] item: Leftovers\n|upkeep\n|\n|t:|1613821846\n|switch|p1a: Slowbro|Slowbro, M|49\/100 tox\n|turn|30\n|\n|t:|1613821849\n|move|p2a: Buzzwole|Leech Life|p1a: Slowbro\n|-supereffective|p1a: Slowbro\n|-damage|p1a: Slowbro|0 fnt\n|-heal|p2a: Buzzwole|58\/100|[from] drain|[of] p1a: Slowbro\n|faint|p1a: Slowbro\n|-ability|p2a: Buzzwole|Beast Boost|boost\n|-boost|p2a: Buzzwole|atk|1\n|\n|-heal|p2a: Buzzwole|65\/100|[from] item: Leftovers\n|upkeep\n|\n|t:|1613821859\n|switch|p1a: Zapdos|Zapdos|100\/100\n|turn|31\n|\n|t:|1613821881\n|move|p2a: Buzzwole|Poison Jab|p1a: Zapdos\n|-damage|p1a: Zapdos|57\/100\n|move|p1a: Zapdos|Hurricane|p2a: Buzzwole\n|-supereffective|p2a: Buzzwole\n|-damage|p2a: Buzzwole|0 fnt\n|faint|p2a: Buzzwole\n|\n|upkeep\n|\n|t:|1613821887\n|switch|p2a: Aegislash|Aegislash, F|88\/100\n|turn|32\n|\n|t:|1613821894\n|move|p1a: Zapdos|Volt Switch|p2a: Aegislash\n|-damage|p2a: Aegislash|66\/100\n|\n|t:|1613821898\n|switch|p1a: Tapu Koko|Tapu Koko|100\/100|[from]move: Volt Switch\n|-fieldstart|move: Electric Terrain|[from] ability: Electric Surge|[of] p1a: Tapu Koko\n|move|p2a: Aegislash|Substitute|p2a: Aegislash\n|-start|p2a: Aegislash|Substitute\n|-damage|p2a: Aegislash|41\/100\n|\n|-heal|p2a: Aegislash|47\/100|[from] item: Leftovers\n|upkeep\n|turn|33\n|\n|t:|1613821907\n|move|p2a: Aegislash|King's Shield|p2a: Aegislash\n|-singleturn|p2a: Aegislash|Protect\n|move|p1a: Tapu Koko|Volt Switch|p2a: Aegislash\n|-activate|p2a: Aegislash|move: Protect\n|\n|-heal|p2a: Aegislash|53\/100|[from] item: Leftovers\n|upkeep\n|turn|34\n|l|\u2606Skypixel\n|inactive|Skypixel disconnected and has a minute to reconnect!\n|player|p2|\n|j|\u2606Skypixel\n|inactive|Skypixel reconnected and has 140 seconds left.\n|player|p2|Skypixel|265\n|\n|t:|1613821923\n|move|p1a: Tapu Koko|Volt Switch|p2a: Aegislash\n|-crit|p2a: Aegislash\n|-end|p2a: Aegislash|Substitute\n|\n|t:|1613821929\n|switch|p1a: Zapdos|Zapdos|57\/100|[from]move: Volt Switch\n|move|p2a: Aegislash|Metal Sound|p1a: Zapdos|[miss]\n|-miss|p2a: Aegislash|p1a: Zapdos\n|\n|-heal|p2a: Aegislash|60\/100|[from] item: Leftovers\n|upkeep\n|turn|35\n|\n|t:|1613821937\n|move|p2a: Aegislash|King's Shield|p2a: Aegislash\n|-singleturn|p2a: Aegislash|Protect\n|move|p1a: Zapdos|Volt Switch|p2a: Aegislash\n|-activate|p2a: Aegislash|move: Protect\n|\n|-heal|p2a: Aegislash|66\/100|[from] item: Leftovers\n|upkeep\n|turn|36\n|\n|t:|1613821945\n|switch|p2a: Ferrothorn|Ferrothorn, F|91\/100\n|move|p1a: Zapdos|Volt Switch|p2a: Ferrothorn\n|-resisted|p2a: Ferrothorn\n|-damage|p2a: Ferrothorn|80\/100\n|\n|t:|1613821952\n|switch|p1a: Melmetal|Melmetal|100\/100|[from]move: Volt Switch\n|\n|-heal|p2a: Ferrothorn|87\/100|[from] item: Leftovers\n|-fieldend|move: Electric Terrain\n|upkeep\n|turn|37\n|\n|t:|1613821959\n|move|p1a: Melmetal|Ice Punch|p2a: Ferrothorn\n|-damage|p2a: Ferrothorn|69\/100\n|-status|p2a: Ferrothorn|frz\n|-damage|p1a: Melmetal|88\/100|[from] ability: Iron Barbs|[of] p2a: Ferrothorn\n|cant|p2a: Ferrothorn|frz\n|\n|-heal|p2a: Ferrothorn|75\/100 frz|[from] item: Leftovers\n|upkeep\n|turn|38\n|c|\u2606Skypixel|that's too much\n|\n|t:|1613821969\n|move|p1a: Melmetal|Earthquake|p2a: Ferrothorn\n|-damage|p2a: Ferrothorn|54\/100 frz\n|-curestatus|p2a: Ferrothorn|frz|[msg]\n|move|p2a: Ferrothorn|Leech Seed|p1a: Melmetal\n|-start|p1a: Melmetal|move: Leech Seed\n|\n|-heal|p2a: Ferrothorn|60\/100|[from] item: Leftovers\n|-damage|p1a: Melmetal|76\/100|[from] Leech Seed|[of] p2a: Ferrothorn\n|-heal|p2a: Ferrothorn|75\/100|[silent]\n|upkeep\n|turn|39\n|c|\u2606Brifye|see you thrawned :)\n|\n|t:|1613821987\n|switch|p1a: Tapu Koko|Tapu Koko|100\/100\n|-fieldstart|move: Electric Terrain|[from] ability: Electric Surge|[of] p1a: Tapu Koko\n|move|p2a: Ferrothorn|Spikes|p1a: Tapu Koko\n|-sidestart|p1: Brifye|Spikes\n|\n|-heal|p2a: Ferrothorn|82\/100|[from] item: Leftovers\n|upkeep\n|turn|40\n|c|\u2606Skypixel|;)\n|\n|t:|1613821998\n|move|p1a: Tapu Koko|Volt Switch|p2a: Ferrothorn\n|-resisted|p2a: Ferrothorn\n|-damage|p2a: Ferrothorn|68\/100\n|\n|t:|1613822002\n|switch|p1a: Zapdos|Zapdos|57\/100|[from]move: Volt Switch\n|move|p2a: Ferrothorn|Leech Seed|p1a: Zapdos\n|-start|p1a: Zapdos|move: Leech Seed\n|\n|-heal|p2a: Ferrothorn|75\/100|[from] item: Leftovers\n|-damage|p1a: Zapdos|45\/100|[from] Leech Seed|[of] p2a: Ferrothorn\n|-heal|p2a: Ferrothorn|88\/100|[silent]\n|upkeep\n|turn|41\n|\n|t:|1613822012\n|move|p1a: Zapdos|Roost|p1a: Zapdos\n|-heal|p1a: Zapdos|95\/100\n|-singleturn|p1a: Zapdos|move: Roost\n|move|p2a: Ferrothorn|Power Whip|p1a: Zapdos\n|-damage|p1a: Zapdos|62\/100\n|\n|-heal|p2a: Ferrothorn|94\/100|[from] item: Leftovers\n|-damage|p1a: Zapdos|50\/100|[from] Leech Seed|[of] p2a: Ferrothorn\n|-heal|p2a: Ferrothorn|100\/100|[silent]\n|upkeep\n|turn|42\n|\n|t:|1613822025\n|move|p1a: Zapdos|Defog|p2a: Ferrothorn\n|-unboost|p2a: Ferrothorn|evasion|1\n|-sideend|p1: Brifye|Spikes|[from] move: Defog|[of] p1a: Zapdos\n|-fieldend|move: Electric Terrain\n|move|p2a: Ferrothorn|Power Whip|p1a: Zapdos\n|-resisted|p1a: Zapdos\n|-damage|p1a: Zapdos|35\/100\n|\n|-damage|p1a: Zapdos|23\/100|[from] Leech Seed|[of] p2a: Ferrothorn\n|upkeep\n|turn|43\n|\n|t:|1613822036\n|move|p1a: Zapdos|Volt Switch|p2a: Ferrothorn\n|-resisted|p2a: Ferrothorn\n|-crit|p2a: Ferrothorn\n|-damage|p2a: Ferrothorn|85\/100\n|\n|t:|1613822041\n|switch|p1a: Tapu Koko|Tapu Koko|100\/100|[from]move: Volt Switch\n|-fieldstart|move: Electric Terrain|[from] ability: Electric Surge|[of] p1a: Tapu Koko\n|move|p2a: Ferrothorn|Spikes|p1a: Tapu Koko\n|-sidestart|p1: Brifye|Spikes\n|\n|-heal|p2a: Ferrothorn|91\/100|[from] item: Leftovers\n|upkeep\n|turn|44\n|\n|t:|1613822051\n|move|p1a: Tapu Koko|Reflect|p1a: Tapu Koko\n|-sidestart|p1: Brifye|Reflect\n|move|p2a: Ferrothorn|Power Whip|p1a: Tapu Koko\n|-damage|p1a: Tapu Koko|75\/100\n|\n|-heal|p2a: Ferrothorn|97\/100|[from] item: Leftovers\n|upkeep\n|turn|45\n|\n|t:|1613822058\n|move|p1a: Tapu Koko|Volt Switch|p2a: Ferrothorn\n|-resisted|p2a: Ferrothorn\n|-damage|p2a: Ferrothorn|85\/100\n|\n|t:|1613822062\n|switch|p1a: Zapdos|Zapdos|23\/100|[from]move: Volt Switch\n|move|p2a: Ferrothorn|Leech Seed|p1a: Zapdos\n|-start|p1a: Zapdos|move: Leech Seed\n|\n|-heal|p2a: Ferrothorn|91\/100|[from] item: Leftovers\n|-damage|p1a: Zapdos|10\/100|[from] Leech Seed|[of] p2a: Ferrothorn\n|-heal|p2a: Ferrothorn|100\/100|[silent]\n|upkeep\n|turn|46\n|\n|t:|1613822070\n|move|p1a: Zapdos|Roost|p1a: Zapdos\n|-heal|p1a: Zapdos|61\/100\n|-singleturn|p1a: Zapdos|move: Roost\n|move|p2a: Ferrothorn|Power Whip|p1a: Zapdos\n|-damage|p1a: Zapdos|45\/100\n|\n|-damage|p1a: Zapdos|33\/100|[from] Leech Seed|[of] p2a: Ferrothorn\n|upkeep\n|turn|47\n|\n|t:|1613822078\n|switch|p2a: Aegislash|Aegislash, F|66\/100\n|move|p1a: Zapdos|Roost|p1a: Zapdos\n|-heal|p1a: Zapdos|83\/100\n|-singleturn|p1a: Zapdos|move: Roost\n|\n|-heal|p2a: Aegislash|72\/100|[from] item: Leftovers\n|-damage|p1a: Zapdos|70\/100|[from] Leech Seed|[of] p2a: Aegislash\n|-heal|p2a: Aegislash|87\/100|[silent]\n|-fieldend|move: Electric Terrain\n|upkeep\n|turn|48\n|\n|t:|1613822089\n|switch|p1a: Tapu Koko|Tapu Koko|75\/100\n|-damage|p1a: Tapu Koko|62\/100|[from] Spikes\n|-fieldstart|move: Electric Terrain|[from] ability: Electric Surge|[of] p1a: Tapu Koko\n|-formechange|p2a: Aegislash|Aegislash-Blade||[from] ability: Stance Change\n|move|p2a: Aegislash|Flash Cannon|p1a: Tapu Koko\n|-damage|p1a: Tapu Koko|0 fnt\n|faint|p1a: Tapu Koko\n|\n|-heal|p2a: Aegislash|93\/100|[from] item: Leftovers\n|upkeep\n|\n|t:|1613822101\n|switch|p1a: Zapdos|Zapdos|70\/100\n|turn|49\n|\n|t:|1613822112\n|switch|p2a: Ferrothorn|Ferrothorn, F|100\/100\n|move|p1a: Zapdos|Hurricane|p2a: Ferrothorn\n|-damage|p2a: Ferrothorn|68\/100\n|\n|-heal|p2a: Ferrothorn|74\/100|[from] item: Leftovers\n|upkeep\n|turn|50\n|\n|t:|1613822121\n|move|p1a: Zapdos|Defog|p2a: Ferrothorn\n|-unboost|p2a: Ferrothorn|evasion|1\n|-sideend|p1: Brifye|Spikes|[from] move: Defog|[of] p1a: Zapdos\n|-fieldend|move: Electric Terrain\n|move|p2a: Ferrothorn|Leech Seed|p1a: Zapdos\n|-start|p1a: Zapdos|move: Leech Seed\n|\n|-heal|p2a: Ferrothorn|80\/100|[from] item: Leftovers\n|-damage|p1a: Zapdos|58\/100|[from] Leech Seed|[of] p2a: Ferrothorn\n|-heal|p2a: Ferrothorn|94\/100|[silent]\n|upkeep\n|turn|51\n|\n|t:|1613822130\n|move|p1a: Zapdos|Roost|p1a: Zapdos\n|-heal|p1a: Zapdos|100\/100\n|-singleturn|p1a: Zapdos|move: Roost\n|move|p2a: Ferrothorn|Spikes|p1a: Zapdos\n|-sidestart|p1: Brifye|Spikes\n|\n|-heal|p2a: Ferrothorn|99\/100|[from] item: Leftovers\n|-damage|p1a: Zapdos|88\/100|[from] Leech Seed|[of] p2a: Ferrothorn\n|-heal|p2a: Ferrothorn|100\/100|[silent]\n|-sideend|p1: Brifye|Reflect\n|upkeep\n|turn|52\n|\n|t:|1613822141\n|switch|p2a: Aegislash|Aegislash, F|93\/100\n|move|p1a: Zapdos|Hurricane|p2a: Aegislash\n|-resisted|p2a: Aegislash\n|-damage|p2a: Aegislash|76\/100\n|-start|p2a: Aegislash|confusion\n|\n|-heal|p2a: Aegislash|82\/100|[from] item: Leftovers\n|-damage|p1a: Zapdos|76\/100|[from] Leech Seed|[of] p2a: Aegislash\n|-heal|p2a: Aegislash|97\/100|[silent]\n|upkeep\n|turn|53\n|\n|t:|1613822152\n|move|p1a: Zapdos|Volt Switch|p2a: Aegislash\n|-damage|p2a: Aegislash|74\/100\n|\n|t:|1613822155\n|switch|p1a: Melmetal|Melmetal|76\/100|[from]move: Volt Switch\n|-damage|p1a: Melmetal|63\/100|[from] Spikes\n|-activate|p2a: Aegislash|confusion\n|move|p2a: Aegislash|Metal Sound|p1a: Melmetal\n|-unboost|p1a: Melmetal|spd|2\n|\n|-heal|p2a: Aegislash|81\/100|[from] item: Leftovers\n|upkeep\n|turn|54\n|\n|t:|1613822165\n|switch|p2a: Ferrothorn|Ferrothorn, F|100\/100\n|move|p1a: Melmetal|Earthquake|p2a: Ferrothorn\n|-damage|p2a: Ferrothorn|79\/100\n|\n|-heal|p2a: Ferrothorn|85\/100|[from] item: Leftovers\n|upkeep\n|turn|55\n|\n|t:|1613822173\n|move|p1a: Melmetal|Ice Punch|p2a: Ferrothorn\n|-damage|p2a: Ferrothorn|67\/100\n|-damage|p1a: Melmetal|51\/100|[from] ability: Iron Barbs|[of] p2a: Ferrothorn\n|move|p2a: Ferrothorn|Leech Seed|p1a: Melmetal\n|-start|p1a: Melmetal|move: Leech Seed\n|\n|-heal|p2a: Ferrothorn|73\/100|[from] item: Leftovers\n|-damage|p1a: Melmetal|38\/100|[from] Leech Seed|[of] p2a: Ferrothorn\n|-heal|p2a: Ferrothorn|89\/100|[silent]\n|upkeep\n|turn|56\n|\n|t:|1613822183\n|switch|p1a: Zapdos|Zapdos|76\/100\n|move|p2a: Ferrothorn|Power Whip|p1a: Zapdos\n|-resisted|p1a: Zapdos\n|-damage|p1a: Zapdos|61\/100\n|-status|p2a: Ferrothorn|par|[from] ability: Static|[of] p1a: Zapdos\n|\n|-heal|p2a: Ferrothorn|95\/100 par|[from] item: Leftovers\n|upkeep\n|turn|57\n|\n|t:|1613822192\n|move|p1a: Zapdos|Defog|p2a: Ferrothorn\n|-unboost|p2a: Ferrothorn|evasion|1\n|-sideend|p1: Brifye|Spikes|[from] move: Defog|[of] p1a: Zapdos\n|move|p2a: Ferrothorn|Leech Seed|p1a: Zapdos\n|-start|p1a: Zapdos|move: Leech Seed\n|\n|-heal|p2a: Ferrothorn|100\/100 par|[from] item: Leftovers\n|-damage|p1a: Zapdos|48\/100|[from] Leech Seed|[of] p2a: Ferrothorn\n|upkeep\n|turn|58\n|\n|t:|1613822200\n|switch|p1a: Melmetal|Melmetal|38\/100\n|move|p2a: Ferrothorn|Spikes|p1a: Melmetal\n|-sidestart|p1: Brifye|Spikes\n|\n|upkeep\n|turn|59\n|\n|t:|1613822206\n|switch|p1a: Zapdos|Zapdos|48\/100\n|move|p2a: Ferrothorn|Leech Seed|p1a: Zapdos\n|-start|p1a: Zapdos|move: Leech Seed\n|\n|-damage|p1a: Zapdos|36\/100|[from] Leech Seed|[of] p2a: Ferrothorn\n|upkeep\n|turn|60\n|\n|t:|1613822212\n|switch|p1a: Melmetal|Melmetal|38\/100\n|-damage|p1a: Melmetal|26\/100|[from] Spikes\n|switch|p2a: Aegislash|Aegislash, F|81\/100\n|\n|-heal|p2a: Aegislash|87\/100|[from] item: Leftovers\n|upkeep\n|turn|61\n|\n|t:|1613822220\n|move|p2a: Aegislash|King's Shield|p2a: Aegislash\n|-singleturn|p2a: Aegislash|Protect\n|move|p1a: Melmetal|Earthquake|p2a: Aegislash\n|-activate|p2a: Aegislash|move: Protect\n|\n|-heal|p2a: Aegislash|93\/100|[from] item: Leftovers\n|upkeep\n|turn|62\n|\n|t:|1613822227\n|switch|p2a: Ferrothorn|Ferrothorn, F|100\/100 par\n|move|p1a: Melmetal|Earthquake|p2a: Ferrothorn\n|-damage|p2a: Ferrothorn|80\/100 par\n|\n|-heal|p2a: Ferrothorn|87\/100 par|[from] item: Leftovers\n|upkeep\n|turn|63\n|\n|t:|1613822237\n|switch|p1a: Zapdos|Zapdos|36\/100\n|move|p2a: Ferrothorn|Leech Seed|p1a: Zapdos\n|-start|p1a: Zapdos|move: Leech Seed\n|\n|-heal|p2a: Ferrothorn|93\/100 par|[from] item: Leftovers\n|-damage|p1a: Zapdos|24\/100|[from] Leech Seed|[of] p2a: Ferrothorn\n|-heal|p2a: Ferrothorn|100\/100 par|[silent]\n|upkeep\n|turn|64\n|\n|t:|1613822251\n|switch|p2a: Aegislash|Aegislash, F|93\/100\n|move|p1a: Zapdos|Roost|p1a: Zapdos\n|-heal|p1a: Zapdos|74\/100\n|-singleturn|p1a: Zapdos|move: Roost\n|\n|-heal|p2a: Aegislash|99\/100|[from] item: Leftovers\n|-damage|p1a: Zapdos|62\/100|[from] Leech Seed|[of] p2a: Aegislash\n|-heal|p2a: Aegislash|100\/100|[silent]\n|upkeep\n|turn|65\n|\n|t:|1613822263\n|move|p1a: Zapdos|Volt Switch|p2a: Aegislash\n|-damage|p2a: Aegislash|78\/100\n|\n|t:|1613822267\n|switch|p1a: Melmetal|Melmetal|26\/100|[from]move: Volt Switch\n|-damage|p1a: Melmetal|14\/100|[from] Spikes\n|move|p2a: Aegislash|Substitute|p2a: Aegislash\n|-start|p2a: Aegislash|Substitute\n|-damage|p2a: Aegislash|53\/100\n|\n|-heal|p2a: Aegislash|60\/100|[from] item: Leftovers\n|upkeep\n|turn|66\n|\n|t:|1613822279\n|-formechange|p2a: Aegislash|Aegislash-Blade||[from] ability: Stance Change\n|move|p2a: Aegislash|Flash Cannon|p1a: Melmetal\n|-resisted|p1a: Melmetal\n|-damage|p1a: Melmetal|2\/100\n|move|p1a: Melmetal|Double Iron Bash|p2a: Aegislash\n|-resisted|p2a: Aegislash\n|-end|p2a: Aegislash|Substitute\n|-resisted|p2a: Aegislash\n|-damage|p2a: Aegislash|26\/100\n|-hitcount|p2a: Aegislash|2\n|\n|-heal|p2a: Aegislash|32\/100|[from] item: Leftovers\n|upkeep\n|turn|67\n|\n|t:|1613822290\n|move|p2a: Aegislash|Flash Cannon|p1a: Melmetal\n|-resisted|p1a: Melmetal\n|-damage|p1a: Melmetal|0 fnt\n|faint|p1a: Melmetal\n|\n|-heal|p2a: Aegislash|39\/100|[from] item: Leftovers\n|upkeep\n|\n|t:|1613822296\n|switch|p1a: Zapdos|Zapdos|62\/100\n|turn|68\n|\n|t:|1613822301\n|-formechange|p2a: Aegislash|Aegislash||[from] ability: Stance Change\n|move|p2a: Aegislash|King's Shield|p2a: Aegislash\n|-singleturn|p2a: Aegislash|Protect\n|move|p1a: Zapdos|Volt Switch|p2a: Aegislash\n|-activate|p2a: Aegislash|move: Protect\n|\n|-heal|p2a: Aegislash|45\/100|[from] item: Leftovers\n|upkeep\n|turn|69\n|\n|t:|1613822310\n|switch|p2a: Ferrothorn|Ferrothorn, F|100\/100 par\n|move|p1a: Zapdos|Volt Switch|p2a: Ferrothorn\n|-resisted|p2a: Ferrothorn\n|-damage|p2a: Ferrothorn|89\/100 par\n|\n|-heal|p2a: Ferrothorn|95\/100 par|[from] item: Leftovers\n|upkeep\n|turn|70\n|\n|t:|1613822322\n|move|p1a: Zapdos|Hurricane|p2a: Ferrothorn|[miss]\n|-miss|p1a: Zapdos|p2a: Ferrothorn\n|move|p2a: Ferrothorn|Leech Seed|p1a: Zapdos\n|-start|p1a: Zapdos|move: Leech Seed\n|\n|-heal|p2a: Ferrothorn|100\/100 par|[from] item: Leftovers\n|-damage|p1a: Zapdos|49\/100|[from] Leech Seed|[of] p2a: Ferrothorn\n|upkeep\n|turn|71\n|c|\u2606Skypixel|pls don't forfeit we have to end this\n|\n|t:|1613822333\n|switch|p2a: Aegislash|Aegislash, F|45\/100\n|move|p1a: Zapdos|Roost|p1a: Zapdos\n|-heal|p1a: Zapdos|99\/100\n|-singleturn|p1a: Zapdos|move: Roost\n|\n|-heal|p2a: Aegislash|51\/100|[from] item: Leftovers\n|-damage|p1a: Zapdos|87\/100|[from] Leech Seed|[of] p2a: Aegislash\n|-heal|p2a: Aegislash|66\/100|[silent]\n|upkeep\n|turn|72\n|\n|t:|1613822344\n|move|p2a: Aegislash|King's Shield|p2a: Aegislash\n|-singleturn|p2a: Aegislash|Protect\n|move|p1a: Zapdos|Defog|p2a: Aegislash\n|-unboost|p2a: Aegislash|evasion|1\n|-sideend|p1: Brifye|Spikes|[from] move: Defog|[of] p1a: Zapdos\n|\n|-heal|p2a: Aegislash|72\/100|[from] item: Leftovers\n|-damage|p1a: Zapdos|75\/100|[from] Leech Seed|[of] p2a: Aegislash\n|-heal|p2a: Aegislash|86\/100|[silent]\n|upkeep\n|turn|73\n|\n|t:|1613822353\n|move|p1a: Zapdos|Hurricane|p2a: Aegislash\n|-resisted|p2a: Aegislash\n|-damage|p2a: Aegislash|69\/100\n|move|p2a: Aegislash|Substitute|p2a: Aegislash\n|-start|p2a: Aegislash|Substitute\n|-damage|p2a: Aegislash|44\/100\n|\n|-heal|p2a: Aegislash|50\/100|[from] item: Leftovers\n|-damage|p1a: Zapdos|63\/100|[from] Leech Seed|[of] p2a: Aegislash\n|-heal|p2a: Aegislash|65\/100|[silent]\n|upkeep\n|turn|74\n|\n|t:|1613822362\n|move|p1a: Zapdos|Volt Switch|p2a: Aegislash\n|-end|p2a: Aegislash|Substitute\n|move|p2a: Aegislash|Metal Sound|p1a: Zapdos\n|-unboost|p1a: Zapdos|spd|2\n|\n|-heal|p2a: Aegislash|71\/100|[from] item: Leftovers\n|-damage|p1a: Zapdos|50\/100|[from] Leech Seed|[of] p2a: Aegislash\n|-heal|p2a: Aegislash|85\/100|[silent]\n|upkeep\n|turn|75\n|\n|t:|1613822372\n|move|p1a: Zapdos|Roost|p1a: Zapdos\n|-heal|p1a: Zapdos|100\/100\n|-singleturn|p1a: Zapdos|move: Roost\n|move|p2a: Aegislash|Substitute|p2a: Aegislash\n|-start|p2a: Aegislash|Substitute\n|-damage|p2a: Aegislash|61\/100\n|\n|-heal|p2a: Aegislash|67\/100|[from] item: Leftovers\n|-damage|p1a: Zapdos|88\/100|[from] Leech Seed|[of] p2a: Aegislash\n|-heal|p2a: Aegislash|81\/100|[silent]\n|upkeep\n|turn|76\n|\n|t:|1613822382\n|move|p2a: Aegislash|King's Shield|p2a: Aegislash\n|-singleturn|p2a: Aegislash|Protect\n|move|p1a: Zapdos|Volt Switch|p2a: Aegislash\n|-activate|p2a: Aegislash|move: Protect\n|\n|-heal|p2a: Aegislash|87\/100|[from] item: Leftovers\n|-damage|p1a: Zapdos|76\/100|[from] Leech Seed|[of] p2a: Aegislash\n|-heal|p2a: Aegislash|100\/100|[silent]\n|upkeep\n|turn|77\n|\n|t:|1613822392\n|move|p1a: Zapdos|Hurricane|p2a: Aegislash\n|-resisted|p2a: Aegislash\n|-activate|p2a: Aegislash|move: Substitute|[damage]\n|move|p2a: Aegislash|Metal Sound|p1a: Zapdos\n|-unboost|p1a: Zapdos|spd|2\n|\n|-damage|p1a: Zapdos|64\/100|[from] Leech Seed|[of] p2a: Aegislash\n|upkeep\n|turn|78\n|\n|t:|1613822400\n|move|p1a: Zapdos|Volt Switch|p2a: Aegislash\n|-end|p2a: Aegislash|Substitute\n|-formechange|p2a: Aegislash|Aegislash-Blade||[from] ability: Stance Change\n|move|p2a: Aegislash|Flash Cannon|p1a: Zapdos\n|-resisted|p1a: Zapdos\n|-damage|p1a: Zapdos|0 fnt\n|faint|p1a: Zapdos\n|\n|win|Skypixel\n|raw|Brifye's rating: 1359 &rarr; <strong>1340<\/strong><br \/>(-19 for losing)\n|raw|Skypixel's rating: 1370 &rarr; <strong>1389<\/strong><br \/>(+19 for winning)\n|c|\u2606Skypixel|gg\n","uploadtime":1613822410,"views":24,"p1id":"brifye","p2id":"skypixel","formatid":"gen8ou","rating":1340,"private":0,"password":null}