{"id":"gen8ou-1421857382","p1":"Vodyne","p2":"gasxhaxj","format":"gen8ou","log":"|j|\u203dVodyne\n|j|\u2606gasxhaxj\n|inactive|Battle timer is ON: inactive players will automatically lose when time's up.\n|t:|1632325808\n|gametype|singles\n|player|p1|Vodyne|170|\n|player|p2|gasxhaxj|shadowtriad|\n|teamsize|p1|6\n|teamsize|p2|6\n|gen|8\n|tier|[Gen 8] OU\n|rated|Tournament battle\n|rule|Sleep Clause Mod: Limit one foe put to sleep\n|rule|OHKO Clause: OHKO moves are banned\n|rule|Evasion Moves Clause: Evasion moves are banned\n|rule|Endless Battle Clause: Forcing endless battles is banned\n|rule|HP Percentage Mod: HP is shown in percentages\n|rule|Dynamax Clause: You cannot dynamax\n|clearpoke\n|poke|p1|Landorus-Therian, M|\n|poke|p1|Landorus-Therian, M|\n|poke|p1|Landorus-Therian, M|\n|poke|p1|Landorus-Therian, M|\n|poke|p1|Landorus-Therian, M|\n|poke|p1|Landorus-Therian, M|\n|poke|p2|Landorus-Therian, M|\n|poke|p2|Landorus-Therian, M|\n|poke|p2|Landorus-Therian, M|\n|poke|p2|Landorus-Therian, M|\n|poke|p2|Landorus-Therian, M|\n|poke|p2|Landorus-Therian, M|\n|teampreview\n|j| Wolfiie_Gaming\n|j| county orange\n|j| DeepFriedMagikarp\n|\n|t:|1632325823\n|start\n|switch|p1a: Landorus|Landorus-Therian, M|100\/100\n|switch|p2a: Landorus|Landorus-Therian, M|100\/100\n|turn|1\n|\n|t:|1632325828\n|move|p1a: Landorus|Bulk Up|p1a: Landorus\n|-boost|p1a: Landorus|atk|1\n|-boost|p1a: Landorus|def|1\n|move|p2a: Landorus|Substitute|p2a: Landorus\n|-start|p2a: Landorus|Substitute\n|-damage|p2a: Landorus|76\/100\n|\n|-status|p1a: Landorus|brn|[from] item: Flame Orb\n|upkeep\n|turn|2\n|\n|t:|1632325836\n|move|p1a: Landorus|Facade|p2a: Landorus\n|-end|p2a: Landorus|Substitute\n|move|p2a: Landorus|Swords Dance|p2a: Landorus\n|-boost|p2a: Landorus|atk|2\n|\n|-damage|p1a: Landorus|95\/100 brn|[from] brn\n|upkeep\n|turn|3\n|\n|t:|1632325841\n|move|p1a: Landorus|Fling|p2a: Landorus\n|-damage|p2a: Landorus|63\/100\n|-status|p2a: Landorus|brn\n|-enditem|p1a: Landorus|Flame Orb|[from] move: Fling\n|move|p2a: Landorus|Stone Edge|p1a: Landorus\n|-damage|p1a: Landorus|60\/100 brn\n|\n|-damage|p1a: Landorus|54\/100 brn|[from] brn\n|-damage|p2a: Landorus|57\/100 brn|[from] brn\n|upkeep\n|turn|4\n|j| fatpat210\n|c| fatpat210|sauce?\n|\n|t:|1632325851\n|move|p1a: Landorus|Facade|p2a: Landorus\n|-damage|p2a: Landorus|0 fnt\n|faint|p2a: Landorus\n|\n|-damage|p1a: Landorus|48\/100 brn|[from] brn\n|upkeep\n|j|%htcl\n|\n|t:|1632325868\n|switch|p2a: Landorus|Landorus-Therian, M|100\/100\n|turn|5\n|\n|t:|1632325874\n|move|p1a: Landorus|Facade|p2a: Landorus\n|-damage|p2a: Landorus|10\/100\n|move|p2a: Landorus|Stealth Rock|p1a: Landorus\n|-sidestart|p1: Vodyne|move: Stealth Rock\n|\n|-heal|p2a: Landorus|16\/100|[from] item: Leftovers\n|-damage|p1a: Landorus|43\/100 brn|[from] brn\n|upkeep\n|turn|6\n|\n|t:|1632325880\n|move|p1a: Landorus|Facade|p2a: Landorus\n|-damage|p2a: Landorus|0 fnt\n|faint|p2a: Landorus\n|\n|-damage|p1a: Landorus|37\/100 brn|[from] brn\n|upkeep\n|\n|t:|1632325892\n|switch|p2a: Landorus|Landorus-Therian, M|100\/100\n|-fieldstart|move: Electric Terrain|[from] ability: Electric Surge|[of] p2a: Landorus\n|turn|7\n|\n|t:|1632325901\n|move|p2a: Landorus|Explosion|p1a: Landorus\n|-damage|p1a: Landorus|0 fnt\n|faint|p2a: Landorus\n|faint|p1a: Landorus\n|\n|upkeep\n|\n|t:|1632325913\n|switch|p2a: Landorus|Landorus-Therian, M|100\/100\n|switch|p1a: Landorus|Landorus-Therian, M|100\/100\n|-damage|p1a: Landorus|88\/100|[from] Stealth Rock\n|-enditem|p2a: Landorus|Electric Seed\n|-boost|p2a: Landorus|def|1|[from] item: Electric Seed\n|turn|8\n|\n|t:|1632325918\n|move|p2a: Landorus|Swords Dance|p2a: Landorus\n|-boost|p2a: Landorus|atk|2\n|move|p1a: Landorus|Psychic|p2a: Landorus\n|-damage|p2a: Landorus|38\/100\n|\n|upkeep\n|turn|9\n|\n|t:|1632325924\n|move|p2a: Landorus|Outrage|p1a: Landorus\n|-damage|p1a: Landorus|0 fnt\n|faint|p1a: Landorus\n|\n|upkeep\n|j| icnincieninec\n|\n|t:|1632325933\n|switch|p1a: Landorus|Landorus-Therian, M|100\/100\n|-ability|p1a: Landorus|Dauntless Shield|boost\n|-boost|p1a: Landorus|def|1\n|turn|10\n|\n|t:|1632325937\n|move|p2a: Landorus|Outrage|p1a: Landorus|[from]lockedmove\n|-damage|p1a: Landorus|51\/100\n|move|p1a: Landorus|Toxic|p2a: Landorus|[miss]\n|-miss|p1a: Landorus|p2a: Landorus\n|\n|upkeep\n|turn|11\n|\n|t:|1632325944\n|move|p2a: Landorus|Outrage|p1a: Landorus|[from]lockedmove\n|-damage|p1a: Landorus|2\/100\n|-start|p2a: Landorus|confusion|[fatigue]\n|move|p1a: Landorus|Toxic|p2a: Landorus|[miss]\n|-miss|p1a: Landorus|p2a: Landorus\n|\n|-fieldend|move: Electric Terrain\n|upkeep\n|turn|12\n|\n|t:|1632325952\n|-activate|p2a: Landorus|confusion\n|move|p2a: Landorus|Outrage|p1a: Landorus\n|-damage|p1a: Landorus|0 fnt\n|faint|p1a: Landorus\n|\n|upkeep\n|\n|t:|1632325978\n|switch|p1a: Landorus|Landorus-Therian, M|100\/100\n|-damage|p1a: Landorus|88\/100|[from] Stealth Rock\n|turn|13\n|\n|t:|1632325982\n|-activate|p2a: Landorus|confusion\n|-damage|p2a: Landorus|16\/100|[from] confusion\n|move|p1a: Landorus|Explosion|p2a: Landorus\n|-damage|p2a: Landorus|0 fnt\n|faint|p1a: Landorus\n|faint|p2a: Landorus\n|\n|upkeep\n|\n|t:|1632325991\n|switch|p2a: Landorus|Landorus-Therian, M|100\/100\n|switch|p1a: Landorus|Landorus-Therian, M|100\/100\n|-ability|p2a: Landorus|Intimidate|boost\n|-unboost|p1a: Landorus|atk|1\n|-damage|p1a: Landorus|88\/100|[from] Stealth Rock\n|turn|14\n|\n|t:|1632326010\n|move|p2a: Landorus|Knock Off|p1a: Landorus\n|-damage|p1a: Landorus|44\/100\n|-enditem|p1a: Landorus|Muscle Band|[from] move: Knock Off|[of] p2a: Landorus\n|move|p1a: Landorus|Rock Polish|p1a: Landorus\n|-boost|p1a: Landorus|spe|2\n|\n|upkeep\n|turn|15\n|\n|t:|1632326020\n|move|p1a: Landorus|Outrage|p2a: Landorus\n|-damage|p2a: Landorus|60\/100\n|move|p2a: Landorus|Knock Off|p1a: Landorus\n|-damage|p1a: Landorus|14\/100\n|\n|upkeep\n|turn|16\n|\n|t:|1632326025\n|move|p1a: Landorus|Outrage|p2a: Landorus|[from]lockedmove\n|-damage|p2a: Landorus|18\/100\n|move|p2a: Landorus|Knock Off|p1a: Landorus\n|-damage|p1a: Landorus|0 fnt\n|faint|p1a: Landorus\n|\n|upkeep\n|\n|t:|1632326029\n|switch|p1a: Landorus|Landorus-Therian, M|100\/100\n|-damage|p1a: Landorus|88\/100|[from] Stealth Rock\n|turn|17\n|\n|t:|1632326034\n|move|p2a: Landorus|Knock Off|p1a: Landorus\n|-damage|p1a: Landorus|46\/100\n|-enditem|p1a: Landorus|Choice Band|[from] move: Knock Off|[of] p2a: Landorus\n|move|p1a: Landorus|Outrage|p2a: Landorus\n|-damage|p2a: Landorus|0 fnt\n|faint|p2a: Landorus\n|-ability|p1a: Landorus|Chilling Neigh|boost\n|-boost|p1a: Landorus|atk|1\n|\n|upkeep\n|c| fatpat210|gg\n|\n|t:|1632326039\n|switch|p2a: Landorus|Landorus-Therian, M|100\/100\n|turn|18\n|\n|t:|1632326051\n|move|p2a: Landorus|Smack Down|p1a: Landorus\n|-damage|p1a: Landorus|24\/100\n|-start|p1a: Landorus|Smack Down\n|move|p1a: Landorus|Outrage|p2a: Landorus|[from]lockedmove\n|-damage|p2a: Landorus|15\/100\n|-start|p1a: Landorus|confusion|[fatigue]\n|\n|upkeep\n|turn|19\n|c|\u2606gasxhaxj|gg\n|\n|t:|1632326063\n|move|p2a: Landorus|Earthquake|p1a: Landorus\n|-damage|p1a: Landorus|0 fnt\n|faint|p1a: Landorus\n|\n|win|gasxhaxj\n|n|\u203dVodyne|vodyne\n|n|\u2606gasxhaxj|gasxhaxj\n|n| Wolfiie_Gaming|wolfiiegaming\n|n| county orange|countyorange\n|n| DeepFriedMagikarp|deepfriedmagikarp\n|n| fatpat210|fatpat210\n|n| htcl|htcl\n|n| icnincieninec|icnincieninec\n|l| county orange\n|c| fatpat210|close\n|l|\u2606gasxhaxj\n|l| fatpat210\n|l| htcl\n","uploadtime":1632326064,"views":19,"p1id":"vodyne","p2id":"gasxhaxj","formatid":"gen8ou","rating":0,"private":0,"password":null}