{"id":"gen8ou-1662440328","p1":"XS529599","p2":"Scoots Mgee","format":"gen8ou","log":"|j|\u2606XS529599\n|j|\u2606Scoots Mgee\n|t:|1662995582\n|gametype|singles\n|player|p1|XS529599|marley|1422\n|player|p2|Scoots Mgee|acetrainerf|1431\n|teamsize|p1|6\n|teamsize|p2|6\n|gen|8\n|tier|[Gen 8] OU\n|rated|\n|rule|Sleep Clause Mod: Limit one foe put to sleep\n|rule|Species Clause: Limit one of each Pok\u00e9mon\n|rule|OHKO Clause: OHKO moves are banned\n|rule|Evasion Items Clause: Evasion items are banned\n|rule|Evasion Moves Clause: Evasion moves are banned\n|rule|Endless Battle Clause: Forcing endless battles is banned\n|rule|HP Percentage Mod: HP is shown in percentages\n|rule|Dynamax Clause: You cannot dynamax\n|clearpoke\n|poke|p1|Clefable, M|\n|poke|p1|Tornadus-Therian, M|\n|poke|p1|Nidoking, M|\n|poke|p1|Slowking, M|\n|poke|p1|Urshifu-*, M|\n|poke|p1|Ferrothorn, F|\n|poke|p2|Gastrodon, F|\n|poke|p2|Ferrothorn, F|\n|poke|p2|Urshifu-*, F|\n|poke|p2|Hippowdon, M|\n|poke|p2|Heatran, M|\n|poke|p2|Zapdos|\n|teampreview\n|inactive|Battle timer is ON: inactive players will automatically lose when time's up. (requested by Scoots Mgee)\n|\n|t:|1662995610\n|start\n|switch|p1a: Urshifu|Urshifu-Rapid-Strike, M|100\/100\n|switch|p2a: Urshifu|Urshifu-Rapid-Strike, F|100\/100\n|turn|1\n|\n|t:|1662995627\n|move|p1a: Urshifu|U-turn|p2a: Urshifu\n|-resisted|p2a: Urshifu\n|-damage|p2a: Urshifu|88\/100\n|\n|t:|1662995633\n|switch|p1a: Ferrothorn|Ferrothorn, F|100\/100|[from]move: U-turn\n|move|p2a: Urshifu|U-turn|p1a: Ferrothorn\n|-damage|p1a: Ferrothorn|86\/100\n|-damage|p2a: Urshifu|76\/100|[from] ability: Iron Barbs|[of] p1a: Ferrothorn\n|-damage|p2a: Urshifu|59\/100|[from] item: Rocky Helmet|[of] p1a: Ferrothorn\n|\n|t:|1662995636\n|switch|p2a: Heatran|Heatran, M|100\/100|[from]move: U-turn\n|\n|upkeep\n|turn|2\n|\n|t:|1662995645\n|switch|p1a: Slowking|Slowking, M|100\/100\n|move|p2a: Heatran|Eruption|p1a: Slowking\n|-resisted|p1a: Slowking\n|-damage|p1a: Slowking|60\/100\n|\n|upkeep\n|turn|3\n|\n|t:|1662995654\n|switch|p2a: Hippowdon|Hippowdon, M|100\/100\n|-weather|Sandstorm|[from] ability: Sand Stream|[of] p2a: Hippowdon\n|move|p1a: Slowking|Scald|p2a: Hippowdon\n|-supereffective|p2a: Hippowdon\n|-damage|p2a: Hippowdon|57\/100\n|\n|-weather|Sandstorm|[upkeep]\n|-damage|p1a: Slowking|54\/100|[from] Sandstorm\n|-heal|p2a: Hippowdon|63\/100|[from] item: Leftovers\n|upkeep\n|turn|4\n|\n|t:|1662995662\n|switch|p1a: Tornadus|Tornadus-Therian, M, shiny|100\/100\n|move|p2a: Hippowdon|Stealth Rock|p1a: Tornadus\n|-sidestart|p1: XS529599|move: Stealth Rock\n|\n|-weather|Sandstorm|[upkeep]\n|-damage|p1a: Tornadus|94\/100|[from] Sandstorm\n|-heal|p2a: Hippowdon|70\/100|[from] item: Leftovers\n|upkeep\n|turn|5\n|\n|t:|1662995669\n|switch|p2a: Gastrodon|Gastrodon, F|100\/100\n|move|p1a: Tornadus|Knock Off|p2a: Gastrodon\n|-damage|p2a: Gastrodon|80\/100\n|-enditem|p2a: Gastrodon|Heavy-Duty Boots|[from] move: Knock Off|[of] p1a: Tornadus\n|\n|-weather|Sandstorm|[upkeep]\n|-damage|p1a: Tornadus|88\/100|[from] Sandstorm\n|upkeep\n|turn|6\n|\n|t:|1662995680\n|switch|p2a: Ferrothorn|Ferrothorn, F|100\/100\n|move|p1a: Tornadus|U-turn|p2a: Ferrothorn\n|-damage|p2a: Ferrothorn|92\/100\n|-damage|p1a: Tornadus|76\/100|[from] ability: Iron Barbs|[of] p2a: Ferrothorn\n|-damage|p1a: Tornadus|59\/100|[from] item: Rocky Helmet|[of] p2a: Ferrothorn\n|\n|t:|1662995687\n|switch|p1a: Nidoking|Nidoking, M|100\/100|[from]move: U-turn\n|-damage|p1a: Nidoking|95\/100|[from] Stealth Rock\n|\n|-weather|Sandstorm|[upkeep]\n|upkeep\n|turn|7\n|\n|t:|1662995701\n|move|p1a: Nidoking|Earth Power|p2a: Ferrothorn\n|-damage|p2a: Ferrothorn|34\/100\n|move|p2a: Ferrothorn|Leech Seed|p1a: Nidoking\n|-start|p1a: Nidoking|move: Leech Seed\n|\n|-weather|none\n|-damage|p1a: Nidoking|82\/100|[from] Leech Seed|[of] p2a: Ferrothorn\n|-heal|p2a: Ferrothorn|44\/100|[silent]\n|upkeep\n|turn|8\n|\n|t:|1662995710\n|move|p2a: Ferrothorn|Protect|p2a: Ferrothorn\n|-singleturn|p2a: Ferrothorn|Protect\n|move|p1a: Nidoking|Flamethrower|p2a: Ferrothorn\n|-activate|p2a: Ferrothorn|move: Protect\n|\n|-damage|p1a: Nidoking|70\/100|[from] Leech Seed|[of] p2a: Ferrothorn\n|-heal|p2a: Ferrothorn|55\/100|[silent]\n|upkeep\n|turn|9\n|\n|t:|1662995718\n|switch|p2a: Gastrodon|Gastrodon, F|80\/100\n|move|p1a: Nidoking|Earth Power|p2a: Gastrodon\n|-damage|p2a: Gastrodon|40\/100\n|\n|-damage|p1a: Nidoking|58\/100|[from] Leech Seed|[of] p2a: Gastrodon\n|-heal|p2a: Gastrodon|49\/100|[silent]\n|upkeep\n|turn|10\n|\n|t:|1662995731\n|switch|p1a: Ferrothorn|Ferrothorn, F|86\/100\n|-damage|p1a: Ferrothorn|80\/100|[from] Stealth Rock\n|move|p2a: Gastrodon|Recover|p2a: Gastrodon\n|-heal|p2a: Gastrodon|99\/100\n|\n|upkeep\n|turn|11\n|\n|t:|1662995735\n|switch|p2a: Heatran|Heatran, M|100\/100\n|move|p1a: Ferrothorn|Leech Seed|p2a: Heatran\n|-start|p2a: Heatran|move: Leech Seed\n|\n|-damage|p2a: Heatran|88\/100|[from] Leech Seed|[of] p1a: Ferrothorn\n|-heal|p1a: Ferrothorn|94\/100|[silent]\n|upkeep\n|turn|12\n|\n|t:|1662995743\n|switch|p1a: Slowking|Slowking, M|88\/100\n|move|p2a: Heatran|Eruption|p1a: Slowking\n|-resisted|p1a: Slowking\n|-damage|p1a: Slowking|52\/100\n|\n|-damage|p2a: Heatran|76\/100|[from] Leech Seed|[of] p1a: Slowking\n|-heal|p1a: Slowking|64\/100|[silent]\n|upkeep\n|turn|13\n|\n|t:|1662995754\n|switch|p2a: Gastrodon|Gastrodon, F|99\/100\n|move|p1a: Slowking|Future Sight|p2a: Gastrodon\n|-start|p1a: Slowking|move: Future Sight\n|\n|upkeep\n|turn|14\n|\n|t:|1662995764\n|switch|p1a: Ferrothorn|Ferrothorn, F|94\/100\n|-damage|p1a: Ferrothorn|87\/100|[from] Stealth Rock\n|move|p2a: Gastrodon|Toxic|p1a: Ferrothorn\n|-immune|p1a: Ferrothorn\n|\n|upkeep\n|turn|15\n|\n|t:|1662995772\n|switch|p2a: Ferrothorn|Ferrothorn, F|55\/100\n|move|p1a: Ferrothorn|Knock Off|p2a: Ferrothorn\n|-damage|p2a: Ferrothorn|43\/100\n|-damage|p1a: Ferrothorn|75\/100|[from] ability: Iron Barbs|[of] p2a: Ferrothorn\n|-damage|p1a: Ferrothorn|58\/100|[from] item: Rocky Helmet|[of] p2a: Ferrothorn\n|-enditem|p2a: Ferrothorn|Rocky Helmet|[from] move: Knock Off|[of] p1a: Ferrothorn\n|\n|-end|p2a: Ferrothorn|move: Future Sight\n|-resisted|p2a: Ferrothorn\n|-damage|p2a: Ferrothorn|27\/100\n|upkeep\n|turn|16\n|\n|t:|1662995785\n|move|p2a: Ferrothorn|Spikes|p1a: Ferrothorn\n|-sidestart|p1: XS529599|Spikes\n|move|p1a: Ferrothorn|Spikes|p2a: Ferrothorn\n|-sidestart|p2: Scoots Mgee|Spikes\n|\n|upkeep\n|turn|17\n|\n|t:|1662995798\n|switch|p2a: Urshifu|Urshifu-Rapid-Strike, F|59\/100\n|-damage|p2a: Urshifu|47\/100|[from] Spikes\n|switch|p1a: Nidoking|Nidoking, M|58\/100\n|-damage|p1a: Nidoking|52\/100|[from] Stealth Rock\n|-damage|p1a: Nidoking|40\/100|[from] Spikes\n|\n|upkeep\n|turn|18\n|\n|t:|1662995814\n|switch|p1a: Tornadus|Tornadus-Therian, M, shiny|92\/100\n|move|p2a: Urshifu|Close Combat|p1a: Tornadus\n|-resisted|p1a: Tornadus\n|-damage|p1a: Tornadus|59\/100\n|-unboost|p2a: Urshifu|def|1\n|-unboost|p2a: Urshifu|spd|1\n|\n|upkeep\n|turn|19\n|\n|t:|1662995832\n|switch|p2a: Gastrodon|Gastrodon, F|99\/100\n|-damage|p2a: Gastrodon|87\/100|[from] Spikes\n|move|p1a: Tornadus|Hurricane|p2a: Gastrodon\n|-damage|p2a: Gastrodon|58\/100\n|-start|p2a: Gastrodon|confusion\n|\n|upkeep\n|turn|20\n|inactive|XS529599 has 120 seconds left.\n|\n|t:|1662995853\n|move|p1a: Tornadus|U-turn|p2a: Gastrodon\n|-damage|p2a: Gastrodon|44\/100\n|inactive|XS529599 has 120 seconds left.\n|\n|t:|1662995866\n|switch|p1a: Clefable|Clefable, M|100\/100|[from]move: U-turn\n|-activate|p2a: Gastrodon|confusion\n|move|p2a: Gastrodon|Scald|p1a: Clefable\n|-damage|p1a: Clefable|79\/100\n|\n|-heal|p1a: Clefable|85\/100|[from] item: Leftovers\n|upkeep\n|turn|21\n|inactive|XS529599 has 120 seconds left.\n|\n|t:|1662995875\n|switch|p2a: Heatran|Heatran, M|76\/100\n|-damage|p2a: Heatran|63\/100|[from] Spikes\n|move|p1a: Clefable|Stealth Rock|p2a: Heatran\n|-sidestart|p2: Scoots Mgee|move: Stealth Rock\n|\n|-heal|p1a: Clefable|91\/100|[from] item: Leftovers\n|upkeep\n|turn|22\n|\n|t:|1662995882\n|switch|p1a: Slowking|Slowking, M|97\/100\n|move|p2a: Heatran|Flash Cannon|p1a: Slowking\n|-resisted|p1a: Slowking\n|-damage|p1a: Slowking|79\/100\n|-unboost|p1a: Slowking|spd|1\n|\n|upkeep\n|turn|23\n|\n|t:|1662995889\n|switch|p2a: Gastrodon|Gastrodon, F|44\/100\n|-damage|p2a: Gastrodon|31\/100|[from] Spikes\n|-damage|p2a: Gastrodon|25\/100|[from] Stealth Rock\n|move|p1a: Slowking|Future Sight|p2a: Gastrodon\n|-start|p1a: Slowking|move: Future Sight\n|\n|upkeep\n|turn|24\n|\n|t:|1662995901\n|move|p2a: Gastrodon|Recover|p2a: Gastrodon\n|-heal|p2a: Gastrodon|75\/100\n|move|p1a: Slowking|Teleport|p1a: Slowking\n|\n|t:|1662995913\n|switch|p1a: Ferrothorn|Ferrothorn, F|58\/100|[from]move: Teleport\n|-damage|p1a: Ferrothorn|52\/100|[from] Stealth Rock\n|-damage|p1a: Ferrothorn|40\/100|[from] Spikes\n|\n|upkeep\n|turn|25\n|\n|t:|1662995926\n|move|p2a: Gastrodon|Scald|p1a: Ferrothorn\n|-resisted|p1a: Ferrothorn\n|-damage|p1a: Ferrothorn|30\/100\n|-status|p1a: Ferrothorn|brn\n|move|p1a: Ferrothorn|Spikes|p2a: Gastrodon\n|-sidestart|p2: Scoots Mgee|Spikes\n|\n|-end|p2a: Gastrodon|move: Future Sight\n|-damage|p2a: Gastrodon|46\/100\n|-damage|p1a: Ferrothorn|24\/100 brn|[from] brn\n|upkeep\n|turn|26\n|\n|t:|1662995935\n|move|p2a: Gastrodon|Recover|p2a: Gastrodon\n|-heal|p2a: Gastrodon|96\/100\n|move|p1a: Ferrothorn|Leech Seed|p2a: Gastrodon\n|-start|p2a: Gastrodon|move: Leech Seed\n|\n|-damage|p2a: Gastrodon|83\/100|[from] Leech Seed|[of] p1a: Ferrothorn\n|-heal|p1a: Ferrothorn|39\/100 brn|[silent]\n|-damage|p1a: Ferrothorn|32\/100 brn|[from] brn\n|upkeep\n|turn|27\n|\n|t:|1662995947\n|switch|p2a: Zapdos|Zapdos|100\/100\n|move|p1a: Ferrothorn|Knock Off|p2a: Zapdos\n|-damage|p2a: Zapdos|92\/100\n|-enditem|p2a: Zapdos|Heavy-Duty Boots|[from] move: Knock Off|[of] p1a: Ferrothorn\n|\n|-damage|p1a: Ferrothorn|26\/100 brn|[from] brn\n|upkeep\n|turn|28\n|\n|t:|1662995957\n|move|p2a: Zapdos|Defog|p1a: Ferrothorn\n|-unboost|p1a: Ferrothorn|evasion|1\n|-sideend|p1: XS529599|Spikes|[from] move: Defog|[of] p2a: Zapdos\n|-sideend|p1: XS529599|Stealth Rock|[from] move: Defog|[of] p2a: Zapdos\n|-sideend|p2: Scoots Mgee|Spikes|[from] move: Defog|[of] p2a: Zapdos\n|-sideend|p2: Scoots Mgee|Stealth Rock|[from] move: Defog|[of] p2a: Zapdos\n|move|p1a: Ferrothorn|Leech Seed|p2a: Zapdos\n|-start|p2a: Zapdos|move: Leech Seed\n|\n|-damage|p2a: Zapdos|79\/100|[from] Leech Seed|[of] p1a: Ferrothorn\n|-heal|p1a: Ferrothorn|39\/100 brn|[silent]\n|-damage|p1a: Ferrothorn|33\/100 brn|[from] brn\n|upkeep\n|turn|29\n|inactive|XS529599 has 120 seconds left.\n|\n|t:|1662995980\n|move|p2a: Zapdos|U-turn|p1a: Ferrothorn\n|-damage|p1a: Ferrothorn|26\/100 brn\n|-damage|p2a: Zapdos|67\/100|[from] ability: Iron Barbs|[of] p1a: Ferrothorn\n|-damage|p2a: Zapdos|51\/100|[from] item: Rocky Helmet|[of] p1a: Ferrothorn\n|\n|t:|1662995983\n|switch|p2a: Urshifu|Urshifu-Rapid-Strike, F|47\/100|[from]move: U-turn\n|move|p1a: Ferrothorn|Spikes|p2a: Urshifu\n|-sidestart|p2: Scoots Mgee|Spikes\n|\n|-damage|p1a: Ferrothorn|20\/100 brn|[from] brn\n|upkeep\n|turn|30\n|inactive|XS529599 has 120 seconds left.\n|\n|t:|1662996017\n|move|p2a: Urshifu|Close Combat|p1a: Ferrothorn\n|-supereffective|p1a: Ferrothorn\n|-damage|p1a: Ferrothorn|0 fnt\n|-unboost|p2a: Urshifu|def|1\n|-unboost|p2a: Urshifu|spd|1\n|-damage|p2a: Urshifu|35\/100|[from] ability: Iron Barbs|[of] p1a: Ferrothorn\n|-damage|p2a: Urshifu|18\/100|[from] item: Rocky Helmet|[of] p1a: Ferrothorn\n|faint|p1a: Ferrothorn\n|\n|upkeep\n|\n|t:|1662996036\n|switch|p1a: Clefable|Clefable, M|91\/100\n|turn|31\n|\n|t:|1662996039\n|switch|p2a: Heatran|Heatran, M|63\/100\n|-damage|p2a: Heatran|51\/100|[from] Spikes\n|move|p1a: Clefable|Stealth Rock|p2a: Heatran\n|-sidestart|p2: Scoots Mgee|move: Stealth Rock\n|\n|-heal|p1a: Clefable|97\/100|[from] item: Leftovers\n|upkeep\n|turn|32\n|\n|t:|1662996048\n|switch|p2a: Zapdos|Zapdos|51\/100\n|-damage|p2a: Zapdos|26\/100|[from] Stealth Rock\n|switch|p1a: Slowking|Slowking, M|100\/100\n|\n|upkeep\n|turn|33\n|inactive|XS529599 has 120 seconds left.\n|\n|t:|1662996055\n|move|p2a: Zapdos|Roost|p2a: Zapdos\n|-heal|p2a: Zapdos|76\/100\n|-singleturn|p2a: Zapdos|move: Roost\n|move|p1a: Slowking|Scald|p2a: Zapdos\n|-damage|p2a: Zapdos|47\/100\n|\n|upkeep\n|turn|34\n|\n|t:|1662996063\n|move|p2a: Zapdos|Defog|p1a: Slowking\n|-unboost|p1a: Slowking|evasion|1\n|-sideend|p2: Scoots Mgee|Spikes|[from] move: Defog|[of] p2a: Zapdos\n|-sideend|p2: Scoots Mgee|Stealth Rock|[from] move: Defog|[of] p2a: Zapdos\n|move|p1a: Slowking|Future Sight|p2a: Zapdos\n|-start|p1a: Slowking|move: Future Sight\n|\n|upkeep\n|turn|35\n|inactive|XS529599 has 120 seconds left.\n|\n|t:|1662996080\n|switch|p1a: Nidoking|Nidoking, M|40\/100\n|move|p2a: Zapdos|Roost|p2a: Zapdos\n|-heal|p2a: Zapdos|97\/100\n|-singleturn|p2a: Zapdos|move: Roost\n|\n|upkeep\n|turn|36\n|inactive|XS529599 has 120 seconds left.\n|\n|t:|1662996093\n|switch|p2a: Gastrodon|Gastrodon, F|83\/100\n|move|p1a: Nidoking|Sludge Wave|p2a: Gastrodon\n|-resisted|p2a: Gastrodon\n|-damage|p2a: Gastrodon|61\/100\n|\n|-end|p2a: Gastrodon|move: Future Sight\n|-damage|p2a: Gastrodon|35\/100\n|upkeep\n|turn|37\n|\n|t:|1662996101\n|switch|p2a: Zapdos|Zapdos|97\/100\n|move|p1a: Nidoking|Earth Power|p2a: Zapdos\n|-immune|p2a: Zapdos\n|\n|upkeep\n|turn|38\n|\n|t:|1662996107\n|move|p2a: Zapdos|U-turn|p1a: Nidoking\n|-resisted|p1a: Nidoking\n|-crit|p1a: Nidoking\n|-damage|p1a: Nidoking|25\/100\n|\n|t:|1662996112\n|switch|p2a: Heatran|Heatran, M|51\/100|[from]move: U-turn\n|move|p1a: Nidoking|Sludge Wave|p2a: Heatran\n|-immune|p2a: Heatran\n|\n|upkeep\n|turn|39\n|\n|t:|1662996119\n|switch|p1a: Slowking|Slowking, M|100\/100\n|switch|p2a: Gastrodon|Gastrodon, F|35\/100\n|\n|upkeep\n|turn|40\n|\n|t:|1662996125\n|move|p2a: Gastrodon|Toxic|p1a: Slowking\n|-status|p1a: Slowking|tox\n|move|p1a: Slowking|Future Sight|p2a: Gastrodon\n|-start|p1a: Slowking|move: Future Sight\n|\n|-damage|p1a: Slowking|94\/100 tox|[from] psn\n|upkeep\n|turn|41\n|\n|t:|1662996131\n|move|p2a: Gastrodon|Recover|p2a: Gastrodon\n|-heal|p2a: Gastrodon|85\/100\n|move|p1a: Slowking|Teleport|p1a: Slowking\n|\n|t:|1662996139\n|switch|p1a: Clefable|Clefable, M|97\/100|[from]move: Teleport\n|\n|-heal|p1a: Clefable|100\/100|[from] item: Leftovers\n|upkeep\n|turn|42\n|\n|t:|1662996150\n|switch|p2a: Urshifu|Urshifu-Rapid-Strike, F|18\/100\n|move|p1a: Clefable|Stealth Rock|p2a: Urshifu\n|-sidestart|p2: Scoots Mgee|move: Stealth Rock\n|\n|-end|p2a: Urshifu|move: Future Sight\n|-supereffective|p2a: Urshifu\n|-damage|p2a: Urshifu|0 fnt\n|faint|p2a: Urshifu\n|upkeep\n|\n|t:|1662996151\n|switch|p2a: Heatran|Heatran, M|51\/100\n|-damage|p2a: Heatran|38\/100|[from] Stealth Rock\n|turn|43\n|\n|t:|1662996163\n|switch|p2a: Ferrothorn|Ferrothorn, F|27\/100\n|-damage|p2a: Ferrothorn|21\/100|[from] Stealth Rock\n|move|p1a: Clefable|Moonblast|p2a: Ferrothorn\n|-resisted|p2a: Ferrothorn\n|-damage|p2a: Ferrothorn|8\/100\n|-unboost|p2a: Ferrothorn|spa|1\n|\n|upkeep\n|turn|44\n|\n|t:|1662996175\n|switch|p2a: Zapdos|Zapdos|97\/100\n|-damage|p2a: Zapdos|72\/100|[from] Stealth Rock\n|move|p1a: Clefable|Moonblast|p2a: Zapdos\n|-damage|p2a: Zapdos|42\/100\n|-unboost|p2a: Zapdos|spa|1\n|\n|upkeep\n|turn|45\n|-message|Scoots Mgee forfeited.\n|\n|win|XS529599\n|raw|XS529599's rating: 1422 &rarr; <strong>1443<\/strong><br \/>(+21 for winning)\n|raw|Scoots Mgee's rating: 1431 &rarr; <strong>1410<\/strong><br \/>(-21 for losing)\n|l|\u2606Scoots Mgee\n","uploadtime":1662996188,"views":10,"p1id":"xs529599","p2id":"scootsmgee","formatid":"gen8ou","rating":1410,"private":0,"password":null}