{"id":"gen8monotyperandombattle-1092872332","p1":"Pokefreak77","p2":"Neighborbud","format":"gen8monotyperandombattle","log":"|j|\u2606Pokefreak77\n|j|\u2606Neighborbud\n|player|p1|Pokefreak77|101|1105\n|player|p2|Neighborbud|2|1000\n|teamsize|p1|6\n|teamsize|p2|6\n|gametype|singles\n|gen|8\n|tier|[Gen 8] Monotype Random Battle\n|rated|\n|rule|Same Type Clause: Pok\u00e9mon in a team must share a type\n|rule|HP Percentage Mod: HP is shown in percentages\n|rule|Sleep Clause Mod: Limit one foe put to sleep\n|\n|start\n|switch|p1a: Shuckle|Shuckle, L88, M|178\/178\n|switch|p2a: Palkia|Palkia, L72|249\/249\n|-ability|p2a: Palkia|Pressure\n|turn|1\n|\n|move|p2a: Palkia|Thunder Wave|p1a: Shuckle|[miss]\n|-miss|p2a: Palkia|p1a: Shuckle\n|move|p1a: Shuckle|Sticky Web|p2a: Palkia\n|-sidestart|p2: Neighborbud|move: Sticky Web\n|\n|upkeep\n|turn|2\n|\n|move|p2a: Palkia|Thunder Wave|p1a: Shuckle|[miss]\n|-miss|p2a: Palkia|p1a: Shuckle\n|move|p1a: Shuckle|Stealth Rock|p2a: Palkia\n|-sidestart|p2: Neighborbud|move: Stealth Rock\n|\n|upkeep\n|turn|3\n|\n|move|p2a: Palkia|Thunder Wave|p1a: Shuckle\n|-status|p1a: Shuckle|par\n|move|p1a: Shuckle|Knock Off|p2a: Palkia\n|-crit|p2a: Palkia\n|-damage|p2a: Palkia|210\/249\n|-enditem|p2a: Palkia|Leftovers|[from] move: Knock Off|[of] p1a: Shuckle\n|\n|upkeep\n|turn|4\n|\n|move|p2a: Palkia|Hydro Pump|p1a: Shuckle\n|-supereffective|p1a: Shuckle\n|-damage|p1a: Shuckle|68\/178 par\n|cant|p1a: Shuckle|par\n|\n|upkeep\n|turn|5\n|\n|-start|p2a: Palkia|Dynamax\n|-heal|p2a: Palkia|420\/498|[silent]\n|move|p2a: Palkia|Max Geyser|p1a: Shuckle\n|-supereffective|p1a: Shuckle\n|-damage|p1a: Shuckle|0 fnt\n|-weather|RainDance\n|faint|p1a: Shuckle\n|\n|-weather|RainDance|[upkeep]\n|upkeep\n|\n|switch|p1a: Terrakion|Terrakion, L80|277\/277\n|turn|6\n|\n|move|p1a: Terrakion|Earthquake|p2a: Palkia\n|-damage|p2a: Palkia|280\/498\n|move|p2a: Palkia|Max Geyser|p1a: Terrakion\n|-supereffective|p1a: Terrakion\n|-damage|p1a: Terrakion|0 fnt\n|faint|p1a: Terrakion\n|\n|-weather|RainDance|[upkeep]\n|upkeep\n|\n|switch|p1a: Lunatone|Lunatone, L88|302\/302\n|turn|7\n|\n|move|p2a: Palkia|Max Geyser|p1a: Lunatone\n|-supereffective|p1a: Lunatone\n|-damage|p1a: Lunatone|0 fnt\n|faint|p1a: Lunatone\n|\n|-weather|RainDance|[upkeep]\n|-end|p2a: Palkia|Dynamax\n|-heal|p2a: Palkia|140\/249|[silent]\n|upkeep\n|\n|switch|p1a: Crustle|Crustle, L86, F|261\/261\n|turn|8\n|\n|-start|p1a: Crustle|Dynamax\n|-heal|p1a: Crustle|522\/522|[silent]\n|move|p2a: Palkia|Hydro Pump|p1a: Crustle\n|-supereffective|p1a: Crustle\n|-damage|p1a: Crustle|124\/522\n|move|p1a: Crustle|Max Quake|p2a: Palkia\n|-damage|p2a: Palkia|29\/249\n|-boost|p1a: Crustle|spd|1\n|\n|-weather|RainDance|[upkeep]\n|-heal|p1a: Crustle|140\/522|[from] item: Leftovers\n|upkeep\n|turn|9\n|\n|move|p2a: Palkia|Draco Meteor|p1a: Crustle\n|-damage|p1a: Crustle|37\/522\n|-unboost|p2a: Palkia|spa|2\n|move|p1a: Crustle|Max Rockfall|p2a: Palkia\n|-damage|p2a: Palkia|0 fnt\n|-weather|Sandstorm\n|faint|p2a: Palkia\n|\n|-weather|Sandstorm|[upkeep]\n|-heal|p1a: Crustle|53\/522|[from] item: Leftovers\n|upkeep\n|\n|switch|p2a: Azumarill|Azumarill, L80, M|291\/291\n|-damage|p2a: Azumarill|255\/291|[from] Stealth Rock\n|-activate|p2a: Azumarill|move: Sticky Web\n|-unboost|p2a: Azumarill|spe|1\n|turn|10\n|\n|move|p2a: Azumarill|Aqua Jet|p1a: Crustle\n|-supereffective|p1a: Crustle\n|-damage|p1a: Crustle|0 fnt\n|faint|p1a: Crustle\n|\n|-weather|Sandstorm|[upkeep]\n|-damage|p2a: Azumarill|237\/291|[from] Sandstorm\n|upkeep\n|\n|switch|p1a: Barbaracle|Barbaracle, L84, M|258\/258\n|turn|11\n|\n|move|p2a: Azumarill|Aqua Jet|p1a: Barbaracle\n|-damage|p1a: Barbaracle|194\/258\n|move|p1a: Barbaracle|Shell Smash|p1a: Barbaracle\n|-unboost|p1a: Barbaracle|def|1\n|-unboost|p1a: Barbaracle|spd|1\n|-boost|p1a: Barbaracle|atk|2\n|-boost|p1a: Barbaracle|spa|2\n|-boost|p1a: Barbaracle|spe|2\n|-enditem|p1a: Barbaracle|White Herb\n|-clearnegativeboost|p1a: Barbaracle|[silent]\n|\n|-weather|Sandstorm|[upkeep]\n|-damage|p2a: Azumarill|219\/291|[from] Sandstorm\n|upkeep\n|turn|12\n|\n|switch|p2a: Jellicent|Jellicent, L84, F|305\/305\n|-damage|p2a: Jellicent|267\/305|[from] Stealth Rock\n|-activate|p2a: Jellicent|move: Sticky Web\n|-unboost|p2a: Jellicent|spe|1\n|move|p1a: Barbaracle|Stone Edge|p2a: Jellicent\n|-damage|p2a: Jellicent|18\/305\n|\n|-weather|Sandstorm|[upkeep]\n|-damage|p2a: Jellicent|0 fnt|[from] Sandstorm\n|faint|p2a: Jellicent\n|upkeep\n|\n|switch|p2a: Primarina|Primarina, L82, F|265\/265\n|-damage|p2a: Primarina|232\/265|[from] Stealth Rock\n|-activate|p2a: Primarina|move: Sticky Web\n|-unboost|p2a: Primarina|spe|1\n|turn|13\n|\n|move|p1a: Barbaracle|Stone Edge|p2a: Primarina\n|-crit|p2a: Primarina\n|-damage|p2a: Primarina|0 fnt\n|faint|p2a: Primarina\n|\n|-weather|none\n|upkeep\n|\n|switch|p2a: Keldeo|Keldeo-Resolute, L80|277\/277\n|-damage|p2a: Keldeo|260\/277|[from] Stealth Rock\n|-activate|p2a: Keldeo|move: Sticky Web\n|-unboost|p2a: Keldeo|spe|1\n|turn|14\n|\n|move|p1a: Barbaracle|Cross Chop|p2a: Keldeo\n|-damage|p2a: Keldeo|67\/277\n|move|p2a: Keldeo|Secret Sword|p1a: Barbaracle\n|-supereffective|p1a: Barbaracle\n|-damage|p1a: Barbaracle|14\/258\n|\n|-heal|p2a: Keldeo|84\/277|[from] item: Leftovers\n|upkeep\n|turn|15\n|\n|move|p1a: Barbaracle|Liquidation|p2a: Keldeo\n|-resisted|p2a: Keldeo\n|-damage|p2a: Keldeo|0 fnt\n|faint|p2a: Keldeo\n|\n|upkeep\n|\n|switch|p2a: Arctovish|Arctovish, L88|302\/302\n|-activate|p2a: Arctovish|move: Sticky Web\n|-unboost|p2a: Arctovish|spe|1\n|-damage|p2a: Arctovish|227\/302|[from] Stealth Rock\n|turn|16\n|\n|move|p1a: Barbaracle|Stone Edge|p2a: Arctovish\n|-supereffective|p2a: Arctovish\n|-damage|p2a: Arctovish|0 fnt\n|faint|p2a: Arctovish\n|\n|upkeep\n|\n|switch|p2a: Azumarill|Azumarill, L80, M|219\/291\n|-activate|p2a: Azumarill|move: Sticky Web\n|-unboost|p2a: Azumarill|spe|1\n|-damage|p2a: Azumarill|183\/291|[from] Stealth Rock\n|turn|17\n|\n|move|p2a: Azumarill|Aqua Jet|p1a: Barbaracle\n|-damage|p1a: Barbaracle|0 fnt\n|faint|p1a: Barbaracle\n|\n|upkeep\n|\n|switch|p1a: Sudowoodo|Sudowoodo, L88, F|266\/266\n|turn|18\n|\n|move|p2a: Azumarill|Aqua Jet|p1a: Sudowoodo\n|-supereffective|p1a: Sudowoodo\n|-damage|p1a: Sudowoodo|146\/266\n|move|p1a: Sudowoodo|Wood Hammer|p2a: Azumarill\n|-supereffective|p2a: Azumarill\n|-damage|p2a: Azumarill|0 fnt\n|faint|p2a: Azumarill\n|\n|win|Pokefreak77\n","inputlog":">version decfc9ef82cb63c46d8d8176ec55101ebdee1316\n>version-origin a1b65c340930e2e6591b7dac4068d45b7925aa44\n>start {\"formatid\":\"gen8monotyperandombattle\",\"seed\":[2758,13512,42001,62805],\"rated\":\"Rated battle\"}\n>player p1 {\"name\":\"Pokefreak77\",\"avatar\":\"101\",\"team\":\"\",\"rating\":1105,\"seed\":[59836,63489,9941,11245]}\n>player p2 {\"name\":\"Neighborbud\",\"avatar\":\"2\",\"team\":\"\",\"rating\":1000,\"seed\":[37236,63910,49201,54796]}\n>p1 move stickyweb\n>p2 move thunderwave\n>p1 move stealthrock\n>p2 move thunderwave\n>p1 move knockoff\n>p2 move thunderwave\n>p1 move infestation\n>p2 move hydropump\n>p1 move infestation\n>p2 move hydropump dynamax\n>p1 switch 4\n>p1 move earthquake\n>p2 move hydropump dynamax\n>p1 switch 3\n>p1 move psychic\n>p2 move hydropump dynamax\n>p1 switch 5\n>p1 move earthquake dynamax\n>p2 move hydropump\n>p1 move stoneedge dynamax\n>p2 move dracometeor\n>p2 switch 5\n>p1 move stoneedge dynamax\n>p2 move aquajet\n>p1 switch 2\n>p1 move shellsmash\n>p2 move aquajet\n>p1 move stoneedge\n>p2 switch 4\n>p2 switch 6\n>p1 move stoneedge\n>p2 move sparklingaria\n>p2 switch 2\n>p1 move crosschop\n>p2 move secretsword\n>p1 move liquidation\n>p2 move substitute\n>p2 switch 3\n>p1 move stoneedge\n>p2 move fishiousrend\n>p2 switch 4\n>p1 move stoneedge\n>p2 move aquajet\n>p1 switch 6\n>p1 move woodhammer\n>p2 move aquajet","uploadtime":1586308752,"views":1,"p1id":"pokefreak77","p2id":"neighborbud","formatid":"gen8monotyperandombattle","rating":0,"private":0,"password":null}