{"id":"gen8ou-1231633464","p1":"glaed13","p2":"ilovemiko","format":"gen8ou","log":"|j|\u2606glaed13\n|j|\u2606ilovemiko\n|t:|1606366139\n|player|p1|glaed13|cheren-gen5bw2|1817\n|player|p2|ilovemiko|red|1796\n|teamsize|p1|6\n|teamsize|p2|6\n|gametype|singles\n|gen|8\n|tier|[Gen 8] OU\n|rated|\n|clearpoke\n|poke|p1|Slurpuff, F|\n|poke|p1|Bisharp, M|\n|poke|p1|Entei|\n|poke|p1|Kingdra, F|\n|poke|p1|Charizard, M|\n|poke|p1|Excadrill, F|\n|poke|p2|Charizard, M|\n|poke|p2|Dragapult, M|\n|poke|p2|Seismitoad, M|\n|poke|p2|Mandibuzz, F|\n|poke|p2|Scizor, M|\n|poke|p2|Heatran, M|\n|rule|Sleep Clause Mod: Limit one foe put to sleep\n|rule|Species Clause: Limit one of each Pok\u00e9mon\n|rule|OHKO Clause: OHKO moves are banned\n|rule|Evasion Moves Clause: Evasion moves are banned\n|rule|Endless Battle Clause: Forcing endless battles is banned\n|rule|HP Percentage Mod: HP is shown in percentages\n|rule|Dynamax Clause: You cannot dynamax\n|teampreview\n|inactive|Battle timer is ON: inactive players will automatically lose when time's up. (requested by glaed13)\n|j| gabotzy\n|\n|t:|1606366148\n|start\n|switch|p1a: Slurpuff|Slurpuff, F, shiny|100\/100\n|switch|p2a: Heatran|Heatran, M|100\/100\n|turn|1\n|\n|t:|1606366157\n|move|p1a: Slurpuff|Sticky Web|p2a: Heatran\n|-sidestart|p2: ilovemiko|move: Sticky Web\n|move|p2a: Heatran|Magma Storm|p1a: Slurpuff\n|-damage|p1a: Slurpuff|43\/100\n|-activate|p1a: Slurpuff|move: Magma Storm|[of] p2a: Heatran\n|-enditem|p1a: Slurpuff|Sitrus Berry|[eat]\n|-heal|p1a: Slurpuff|68\/100|[from] item: Sitrus Berry\n|\n|-damage|p1a: Slurpuff|56\/100|[from] move: Magma Storm|[partiallytrapped]\n|upkeep\n|turn|2\n|\n|t:|1606366169\n|move|p1a: Slurpuff|Drain Punch|p2a: Heatran\n|-supereffective|p2a: Heatran\n|-damage|p2a: Heatran|63\/100\n|-heal|p1a: Slurpuff|79\/100|[from] drain|[of] p2a: Heatran\n|move|p2a: Heatran|Toxic|p1a: Slurpuff\n|-status|p1a: Slurpuff|tox\n|\n|-heal|p2a: Heatran|69\/100|[from] item: Leftovers\n|-damage|p1a: Slurpuff|73\/100 tox|[from] psn\n|-damage|p1a: Slurpuff|61\/100 tox|[from] move: Magma Storm|[partiallytrapped]\n|upkeep\n|turn|3\n|\n|t:|1606366182\n|move|p2a: Heatran|Protect|p2a: Heatran\n|-singleturn|p2a: Heatran|Protect\n|move|p1a: Slurpuff|Drain Punch|p2a: Heatran\n|-activate|p2a: Heatran|move: Protect\n|\n|-heal|p2a: Heatran|75\/100|[from] item: Leftovers\n|-damage|p1a: Slurpuff|48\/100 tox|[from] psn\n|-damage|p1a: Slurpuff|36\/100 tox|[from] move: Magma Storm|[partiallytrapped]\n|upkeep\n|turn|4\n|\n|t:|1606366192\n|switch|p2a: Charizard|Charizard, M|100\/100\n|move|p1a: Slurpuff|Drain Punch|p2a: Charizard\n|-resisted|p2a: Charizard\n|-damage|p2a: Charizard|86\/100\n|-heal|p1a: Slurpuff|43\/100 tox|[from] drain|[of] p2a: Charizard\n|\n|-damage|p1a: Slurpuff|24\/100 tox|[from] psn\n|-end|p1a: Slurpuff|Magma Storm|[partiallytrapped]|[silent]\n|upkeep\n|turn|5\n|j| tigers jaw\n|j| Main Void\n|l| tigers jaw\n|\n|t:|1606366215\n|switch|p1a: Bisharp|Bisharp, M|100\/100\n|move|p2a: Charizard|Fire Blast|p1a: Bisharp\n|-supereffective|p1a: Bisharp\n|-enditem|p1a: Bisharp|Focus Sash\n|-damage|p1a: Bisharp|1\/100\n|-damage|p2a: Charizard|76\/100|[from] item: Life Orb\n|\n|upkeep\n|turn|6\n|\n|t:|1606366226\n|move|p2a: Charizard|Will-O-Wisp|p1a: Bisharp|[miss]\n|-miss|p2a: Charizard|p1a: Bisharp\n|move|p1a: Bisharp|Knock Off|p2a: Charizard\n|-damage|p2a: Charizard|0 fnt\n|-enditem|p2a: Charizard|Life Orb|[from] move: Knock Off|[of] p1a: Bisharp\n|faint|p2a: Charizard\n|\n|upkeep\n|j| Vessev\n|\n|t:|1606366234\n|switch|p2a: Mandibuzz|Mandibuzz, F|100\/100\n|turn|7\n|\n|t:|1606366240\n|move|p1a: Bisharp|Iron Head|p2a: Mandibuzz\n|-damage|p2a: Mandibuzz|74\/100\n|-damage|p1a: Bisharp|0 fnt|[from] item: Rocky Helmet|[of] p2a: Mandibuzz\n|faint|p1a: Bisharp\n|move|p2a: Mandibuzz|Roost|p2a: Mandibuzz\n|-heal|p2a: Mandibuzz|100\/100\n|-singleturn|p2a: Mandibuzz|move: Roost\n|\n|upkeep\n|j| Kraymar\n|inactive|glaed13 has 120 seconds left.\n|\n|t:|1606366268\n|switch|p1a: Entei|Entei, shiny|100\/100\n|turn|8\n|j| Y.Ares\n|\n|t:|1606366275\n|move|p1a: Entei|Sacred Fire|p2a: Mandibuzz\n|-damage|p2a: Mandibuzz|66\/100\n|move|p2a: Mandibuzz|Toxic|p1a: Entei\n|-status|p1a: Entei|tox\n|\n|-damage|p1a: Entei|94\/100 tox|[from] psn\n|upkeep\n|turn|9\n|\n|t:|1606366284\n|switch|p1a: Slurpuff|Slurpuff, F, shiny|24\/100 tox\n|move|p2a: Mandibuzz|Roost|p2a: Mandibuzz\n|-heal|p2a: Mandibuzz|100\/100\n|-singleturn|p2a: Mandibuzz|move: Roost\n|\n|-damage|p1a: Slurpuff|18\/100 tox|[from] psn\n|upkeep\n|turn|10\n|\n|t:|1606366301\n|switch|p1a: Excadrill|Excadrill, F|100\/100\n|-ability|p1a: Excadrill|Mold Breaker\n|switch|p2a: Heatran|Heatran, M|75\/100\n|-activate|p2a: Heatran|move: Sticky Web\n|-unboost|p2a: Heatran|spe|1\n|\n|-heal|p2a: Heatran|81\/100|[from] item: Leftovers\n|upkeep\n|turn|11\n|\n|t:|1606366313\n|move|p1a: Excadrill|Earthquake|p2a: Heatran\n|-supereffective|p2a: Heatran\n|-damage|p2a: Heatran|0 fnt\n|faint|p2a: Heatran\n|\n|upkeep\n|\n|t:|1606366319\n|switch|p2a: Mandibuzz|Mandibuzz, F|100\/100\n|turn|12\n|\n|t:|1606366327\n|move|p1a: Excadrill|Swords Dance|p1a: Excadrill\n|-boost|p1a: Excadrill|atk|2\n|move|p2a: Mandibuzz|Foul Play|p1a: Excadrill\n|-crit|p1a: Excadrill\n|-damage|p1a: Excadrill|0 fnt\n|faint|p1a: Excadrill\n|\n|upkeep\n|j| Trailblazer324\n|l| Trailblazer324\n|\n|t:|1606366345\n|switch|p1a: Kingdra|Kingdra, F|100\/100\n|turn|13\n|\n|t:|1606366350\n|move|p1a: Kingdra|Focus Energy|p1a: Kingdra\n|-start|p1a: Kingdra|move: Focus Energy\n|move|p2a: Mandibuzz|Toxic|p1a: Kingdra\n|-status|p1a: Kingdra|tox\n|\n|-damage|p1a: Kingdra|94\/100 tox|[from] psn\n|upkeep\n|turn|14\n|j| Mygrein \u2310\u32db_\u32e1\n|\n|t:|1606366358\n|switch|p2a: Seismitoad|Seismitoad, M|100\/100\n|-activate|p2a: Seismitoad|move: Sticky Web\n|-unboost|p2a: Seismitoad|spe|1\n|move|p1a: Kingdra|Draco Meteor|p2a: Seismitoad\n|-crit|p2a: Seismitoad\n|-damage|p2a: Seismitoad|0 fnt\n|-unboost|p1a: Kingdra|spa|2\n|faint|p2a: Seismitoad\n|\n|-damage|p1a: Kingdra|82\/100 tox|[from] psn\n|upkeep\n|\n|t:|1606366371\n|switch|p2a: Dragapult|Dragapult, M|100\/100\n|-activate|p2a: Dragapult|move: Sticky Web\n|-fail|p2a: Dragapult|unboost|[from] ability: Clear Body|[of] p2a: Dragapult\n|turn|15\n|\n|t:|1606366387\n|switch|p1a: Slurpuff|Slurpuff, F, shiny|18\/100 tox\n|move|p2a: Dragapult|Dragon Darts|p1a: Slurpuff\n|-immune|p1a: Slurpuff\n|\n|-damage|p1a: Slurpuff|12\/100 tox|[from] psn\n|upkeep\n|turn|16\n|\n|t:|1606366398\n|move|p2a: Dragapult|Phantom Force||[still]\n|-prepare|p2a: Dragapult|Phantom Force\n|move|p1a: Slurpuff|Play Rough|p2a: Dragapult|[miss]\n|-miss|p1a: Slurpuff|p2a: Dragapult\n|\n|-damage|p1a: Slurpuff|0 fnt|[from] psn\n|faint|p1a: Slurpuff\n|upkeep\n|\n|t:|1606366421\n|switch|p1a: Entei|Entei, shiny|94\/100 tox\n|turn|17\n|\n|t:|1606366427\n|move|p2a: Dragapult|Phantom Force|p1a: Entei|[from]lockedmove\n|-damage|p1a: Entei|33\/100 tox\n|-damage|p2a: Dragapult|91\/100|[from] item: Life Orb\n|move|p1a: Entei|Sacred Fire|p2a: Dragapult\n|-resisted|p2a: Dragapult\n|-damage|p2a: Dragapult|47\/100\n|-status|p2a: Dragapult|brn\n|\n|-damage|p2a: Dragapult|41\/100 brn|[from] brn\n|-damage|p1a: Entei|27\/100 tox|[from] psn\n|upkeep\n|turn|18\n|\n|t:|1606366440\n|move|p2a: Dragapult|Dragon Darts|p1a: Entei\n|-damage|p1a: Entei|7\/100 tox\n|-anim|p2a: Dragapult|Dragon Darts|p1a: Entei\n|-damage|p1a: Entei|0 fnt\n|-damage|p2a: Dragapult|31\/100 brn|[from] item: Life Orb\n|faint|p1a: Entei\n|\n|-damage|p2a: Dragapult|25\/100 brn|[from] brn\n|upkeep\n|\n|t:|1606366449\n|switch|p1a: Charizard|Charizard, M|100\/100\n|turn|19\n|\n|t:|1606366462\n|switch|p2a: Mandibuzz|Mandibuzz, F|100\/100\n|move|p1a: Charizard|Belly Drum|p1a: Charizard\n|-damage|p1a: Charizard|50\/100\n|-setboost|p1a: Charizard|atk|6|[from] move: Belly Drum\n|-enditem|p1a: Charizard|Sitrus Berry|[eat]\n|-heal|p1a: Charizard|75\/100|[from] item: Sitrus Berry\n|\n|upkeep\n|turn|20\n|\n|t:|1606366475\n|move|p1a: Charizard|Thunder Punch|p2a: Mandibuzz\n|-supereffective|p2a: Mandibuzz\n|-damage|p2a: Mandibuzz|4\/100\n|-damage|p1a: Charizard|59\/100|[from] item: Rocky Helmet|[of] p2a: Mandibuzz\n|move|p2a: Mandibuzz|Foul Play|p1a: Charizard\n|-damage|p1a: Charizard|0 fnt\n|faint|p1a: Charizard\n|\n|upkeep\n|\n|t:|1606366482\n|switch|p1a: Kingdra|Kingdra, F|82\/100 tox\n|turn|21\n|\n|t:|1606366486\n|move|p1a: Kingdra|Surf|p2a: Mandibuzz\n|-crit|p2a: Mandibuzz\n|-damage|p2a: Mandibuzz|0 fnt\n|faint|p2a: Mandibuzz\n|\n|-damage|p1a: Kingdra|76\/100 tox|[from] psn\n|upkeep\n|\n|t:|1606366493\n|switch|p2a: Dragapult|Dragapult, M|25\/100 brn\n|-activate|p2a: Dragapult|move: Sticky Web\n|-fail|p2a: Dragapult|unboost|[from] ability: Clear Body|[of] p2a: Dragapult\n|turn|22\n|\n|t:|1606366498\n|move|p2a: Dragapult|Dragon Darts|p1a: Kingdra\n|-supereffective|p1a: Kingdra\n|-damage|p1a: Kingdra|29\/100 tox\n|-anim|p2a: Dragapult|Dragon Darts|p1a: Kingdra\n|-supereffective|p1a: Kingdra\n|-damage|p1a: Kingdra|0 fnt\n|-damage|p2a: Dragapult|15\/100 brn|[from] item: Life Orb\n|faint|p1a: Kingdra\n|\n|win|ilovemiko\n|l| Main Void\n|l|\u2606glaed13\n|l| Kraymar\n||Ladder (probably) updated, but score could not be retrieved (Request timeout).\n|l| gabotzy\n","uploadtime":1606366670,"views":21,"p1id":"glaed13","p2id":"ilovemiko","formatid":"gen8ou","rating":0,"private":0,"password":null}