{"id":"gen8ou-1697755320","p1":"xijurensheng","p2":"Shinjou Akane","format":"gen8ou","log":"|j|\u2606xijurensheng\n|j|\u2606Shinjou Akane\n|t:|1667038391\n|gametype|singles\n|player|p1|xijurensheng|101|1457\n|player|p2|Shinjou Akane|elesa-gen5bw2|1501\n|teamsize|p1|6\n|teamsize|p2|6\n|gen|8\n|tier|[Gen 8] OU\n|rated|\n|rule|Sleep Clause Mod: Limit one foe put to sleep\n|rule|Species Clause: Limit one of each Pok\u00e9mon\n|rule|OHKO Clause: OHKO moves are banned\n|rule|Evasion Items Clause: Evasion items are banned\n|rule|Evasion Moves Clause: Evasion moves are banned\n|rule|Endless Battle Clause: Forcing endless battles is banned\n|rule|HP Percentage Mod: HP is shown in percentages\n|rule|Dynamax Clause: You cannot dynamax\n|clearpoke\n|poke|p1|Zapdos|\n|poke|p1|Weavile, M|\n|poke|p1|Kartana|\n|poke|p1|Landorus-Therian, M|\n|poke|p1|Volcanion|\n|poke|p1|Melmetal|\n|poke|p2|Klefki, M|\n|poke|p2|Nidoking, M|\n|poke|p2|Urshifu-*, M|\n|poke|p2|Kartana|\n|poke|p2|Tapu Fini|\n|poke|p2|Landorus-Therian, M|\n|teampreview\n|\n|t:|1667038403\n|start\n|switch|p1a: Weavile|Weavile, M|100\/100\n|switch|p2a: Urshifu|Urshifu-Rapid-Strike, M|100\/100\n|turn|1\n|\n|t:|1667038411\n|switch|p1a: Zapdos|Zapdos|100\/100\n|move|p2a: Urshifu|U-turn|p1a: Zapdos\n|-resisted|p1a: Zapdos\n|-damage|p1a: Zapdos|79\/100\n|\n|t:|1667038418\n|switch|p2a: Nidoking|Nidoking, M|100\/100|[from]move: U-turn\n|\n|upkeep\n|turn|2\n|\n|t:|1667038425\n|switch|p1a: Melmetal|Melmetal, shiny|100\/100\n|move|p2a: Nidoking|Sludge Wave|p1a: Melmetal\n|-immune|p1a: Melmetal\n|\n|upkeep\n|turn|3\n|\n|t:|1667038435\n|move|p2a: Nidoking|Earth Power|p1a: Melmetal\n|-supereffective|p1a: Melmetal\n|-damage|p1a: Melmetal|38\/100\n|move|p1a: Melmetal|Double Iron Bash|p2a: Nidoking\n|-damage|p2a: Nidoking|51\/100\n|-damage|p2a: Nidoking|0 fnt\n|faint|p2a: Nidoking\n|-hitcount|p2: Nidoking|2\n|\n|upkeep\n|\n|t:|1667038443\n|switch|p2a: Kartana|Kartana|100\/100\n|turn|4\n|\n|t:|1667038446\n|switch|p1a: Zapdos|Zapdos|79\/100\n|move|p2a: Kartana|Knock Off|p1a: Zapdos\n|-damage|p1a: Zapdos|22\/100\n|-enditem|p1a: Zapdos|Heavy-Duty Boots|[from] move: Knock Off|[of] p2a: Kartana\n|\n|upkeep\n|turn|5\n|\n|t:|1667038453\n|move|p2a: Kartana|Knock Off|p1a: Zapdos\n|-damage|p1a: Zapdos|0 fnt\n|-status|p2a: Kartana|par|[from] ability: Static|[of] p1a: Zapdos\n|faint|p1a: Zapdos\n|-ability|p2a: Kartana|Beast Boost|boost\n|-boost|p2a: Kartana|atk|1\n|\n|upkeep\n|\n|t:|1667038461\n|switch|p1a: Volcanion|Volcanion|100\/100\n|turn|6\n|\n|t:|1667038465\n|move|p2a: Kartana|Knock Off|p1a: Volcanion\n|-damage|p1a: Volcanion|40\/100\n|-enditem|p1a: Volcanion|Choice Specs|[from] move: Knock Off|[of] p2a: Kartana\n|move|p1a: Volcanion|Steam Eruption|p2a: Kartana\n|-resisted|p2a: Kartana\n|-damage|p2a: Kartana|8\/100 par\n|\n|upkeep\n|turn|7\n|\n|t:|1667038483\n|move|p2a: Kartana|Knock Off|p1a: Volcanion\n|-damage|p1a: Volcanion|0 fnt\n|faint|p1a: Volcanion\n|-ability|p2a: Kartana|Beast Boost|boost\n|-boost|p2a: Kartana|atk|1\n|\n|upkeep\n|\n|t:|1667038490\n|switch|p1a: Kartana|Kartana|100\/100\n|turn|8\n|\n|t:|1667038497\n|switch|p2a: Landorus|Landorus-Therian, M|100\/100\n|-ability|p2a: Landorus|Intimidate|boost\n|-unboost|p1a: Kartana|atk|1\n|move|p1a: Kartana|Leaf Blade|p2a: Landorus\n|-damage|p2a: Landorus|64\/100\n|-damage|p1a: Kartana|84\/100|[from] item: Rocky Helmet|[of] p2a: Landorus\n|\n|upkeep\n|turn|9\n|\n|t:|1667038507\n|switch|p1a: Landorus|Landorus-Therian, M|100\/100\n|-ability|p1a: Landorus|Intimidate|boost\n|-unboost|p2a: Landorus|atk|1\n|move|p2a: Landorus|U-turn|p1a: Landorus\n|-resisted|p1a: Landorus\n|-damage|p1a: Landorus|93\/100\n|\n|t:|1667038512\n|switch|p2a: Urshifu|Urshifu-Rapid-Strike, M|100\/100|[from]move: U-turn\n|\n|-heal|p1a: Landorus|99\/100|[from] item: Leftovers\n|upkeep\n|turn|10\n|\n|t:|1667038519\n|switch|p1a: Melmetal|Melmetal, shiny|38\/100\n|move|p2a: Urshifu|Surging Strikes|p1a: Melmetal\n|-crit|p1a: Melmetal\n|-damage|p1a: Melmetal|22\/100\n|-crit|p1a: Melmetal\n|-damage|p1a: Melmetal|4\/100\n|-crit|p1a: Melmetal\n|-damage|p1a: Melmetal|0 fnt\n|faint|p1a: Melmetal\n|-hitcount|p1: Melmetal|3\n|\n|upkeep\n|\n|t:|1667038528\n|switch|p1a: Kartana|Kartana|84\/100\n|turn|11\n|\n|t:|1667038531\n|switch|p2a: Kartana|Kartana|8\/100 par\n|move|p1a: Kartana|Leaf Blade|p2a: Kartana\n|-resisted|p2a: Kartana\n|-damage|p2a: Kartana|0 fnt\n|faint|p2a: Kartana\n|-ability|p1a: Kartana|Beast Boost|boost\n|-boost|p1a: Kartana|atk|1\n|\n|upkeep\n|\n|t:|1667038536\n|switch|p2a: Klefki|Klefki, M|100\/100\n|turn|12\n|\n|t:|1667038541\n|move|p2a: Klefki|Thunder Wave|p1a: Kartana\n|-status|p1a: Kartana|par\n|move|p1a: Kartana|Leaf Blade|p2a: Klefki\n|-resisted|p2a: Klefki\n|-damage|p2a: Klefki|59\/100\n|-enditem|p2a: Klefki|Eject Button\n|\n|t:|1667038546\n|switch|p2a: Urshifu|Urshifu-Rapid-Strike, M|100\/100\n|\n|upkeep\n|turn|13\n|\n|t:|1667038551\n|switch|p1a: Landorus|Landorus-Therian, M|99\/100\n|-ability|p1a: Landorus|Intimidate|boost\n|-unboost|p2a: Urshifu|atk|1\n|move|p2a: Urshifu|Close Combat|p1a: Landorus\n|-resisted|p1a: Landorus\n|-damage|p1a: Landorus|66\/100\n|-unboost|p2a: Urshifu|def|1\n|-unboost|p2a: Urshifu|spd|1\n|\n|-heal|p1a: Landorus|72\/100|[from] item: Leftovers\n|upkeep\n|turn|14\n|\n|t:|1667038562\n|switch|p2a: Landorus|Landorus-Therian, M|64\/100\n|-ability|p2a: Landorus|Intimidate|boost\n|-unboost|p1a: Landorus|atk|1\n|move|p1a: Landorus|Stealth Rock|p2a: Landorus\n|-sidestart|p2: Shinjou Akane|move: Stealth Rock\n|\n|-heal|p1a: Landorus|78\/100|[from] item: Leftovers\n|upkeep\n|turn|15\n|\n|t:|1667038569\n|move|p1a: Landorus|U-turn|p2a: Landorus\n|-resisted|p2a: Landorus\n|-damage|p2a: Landorus|56\/100\n|-damage|p1a: Landorus|61\/100|[from] item: Rocky Helmet|[of] p2a: Landorus\n|\n|t:|1667038573\n|switch|p1a: Kartana|Kartana|84\/100 par|[from]move: U-turn\n|move|p2a: Landorus|U-turn|p1a: Kartana\n|-damage|p1a: Kartana|61\/100 par\n|\n|t:|1667038580\n|switch|p2a: Urshifu|Urshifu-Rapid-Strike, M|100\/100|[from]move: U-turn\n|-damage|p2a: Urshifu|94\/100|[from] Stealth Rock\n|\n|upkeep\n|turn|16\n|\n|t:|1667038585\n|move|p2a: Urshifu|U-turn|p1a: Kartana\n|-damage|p1a: Kartana|22\/100 par\n|\n|t:|1667038590\n|switch|p2a: Landorus|Landorus-Therian, M|56\/100|[from]move: U-turn\n|-damage|p2a: Landorus|44\/100|[from] Stealth Rock\n|-ability|p2a: Landorus|Intimidate|boost\n|-unboost|p1a: Kartana|atk|1\n|move|p1a: Kartana|Leaf Blade|p2a: Landorus\n|-damage|p2a: Landorus|8\/100\n|-damage|p1a: Kartana|5\/100 par|[from] item: Rocky Helmet|[of] p2a: Landorus\n|\n|upkeep\n|turn|17\n|\n|t:|1667038600\n|move|p1a: Kartana|Leaf Blade|p2a: Landorus\n|-damage|p2a: Landorus|0 fnt\n|-damage|p1a: Kartana|0 fnt|[from] item: Rocky Helmet|[of] p2a: Landorus\n|faint|p2a: Landorus\n|faint|p1a: Kartana\n|\n|upkeep\n|\n|t:|1667038606\n|switch|p1a: Weavile|Weavile, M|100\/100\n|switch|p2a: Tapu Fini|Tapu Fini, shiny|100\/100\n|-damage|p2a: Tapu Fini|88\/100|[from] Stealth Rock\n|-fieldstart|move: Misty Terrain|[from] ability: Misty Surge|[of] p2a: Tapu Fini\n|turn|18\n|\n|t:|1667038612\n|move|p2a: Tapu Fini|Surf|p1a: Weavile\n|-damage|p1a: Weavile|48\/100\n|move|p1a: Weavile|Triple Axel|p2a: Tapu Fini\n|-resisted|p2a: Tapu Fini\n|-damage|p2a: Tapu Fini|80\/100\n|-resisted|p2a: Tapu Fini\n|-damage|p2a: Tapu Fini|65\/100\n|-resisted|p2a: Tapu Fini\n|-damage|p2a: Tapu Fini|42\/100\n|-hitcount|p2a: Tapu Fini|3\n|\n|upkeep\n|turn|19\n|\n|t:|1667038621\n|move|p2a: Tapu Fini|Surf|p1a: Weavile\n|-damage|p1a: Weavile|0 fnt\n|faint|p1a: Weavile\n|\n|upkeep\n|-message|xijurensheng forfeited.\n|\n|win|Shinjou Akane\n|raw|xijurensheng's rating: 1457 &rarr; <strong>1440<\/strong><br \/>(-17 for losing)\n|raw|Shinjou Akane's rating: 1501 &rarr; <strong>1518<\/strong><br \/>(+17 for winning)\n|l|\u2606xijurensheng\n","uploadtime":1667038628,"views":10,"p1id":"xijurensheng","p2id":"shinjouakane","formatid":"gen8ou","rating":1440,"private":0,"password":null}