{"id":"gen8nationaldexag-1660799703","p1":"Ferrothornail\u8349\u94a2\u7532","p2":"NOOOOHF","format":"gen8nationaldexag","log":"|j|\u2606Ferrothornail\u8349\u94a2\u7532\n|j|\u2606NOOOOHF\n|t:|1662816414\n|gametype|singles\n|player|p1|Ferrothornail\u8349\u94a2\u7532|n|1599\n|player|p2|NOOOOHF|dawn-gen4pt|1631\n|teamsize|p1|6\n|teamsize|p2|6\n|gen|8\n|tier|[Gen 8] National Dex AG\n|rated|\n|rule|HP Percentage Mod: HP is shown in percentages\n|rule|Endless Battle Clause: Forcing endless battles is banned\n|clearpoke\n|poke|p1|Sableye, F|\n|poke|p1|Arceus-*|\n|poke|p1|Chansey, F|\n|poke|p1|Giratina|\n|poke|p1|Lugia|\n|poke|p1|Necrozma-Dusk-Mane|\n|poke|p2|Zacian-*|\n|poke|p2|Rayquaza|\n|poke|p2|Ditto|\n|poke|p2|Deoxys-Speed|\n|poke|p2|Kyogre|\n|poke|p2|Xerneas-*|\n|teampreview\n|\n|t:|1662816435\n|start\n|switch|p1a: Sableye|Sableye, F|100\/100\n|switch|p2a: Zacian|Zacian-Crowned|100\/100\n|-ability|p2a: Zacian|Intrepid Sword|boost\n|-boost|p2a: Zacian|atk|1\n|turn|1\n|\n|t:|1662816444\n|switch|p1a: Necrozma|Necrozma-Dusk-Mane|100\/100\n|move|p2a: Zacian|Play Rough|p1a: Necrozma\n|-resisted|p1a: Necrozma\n|-damage|p1a: Necrozma|77\/100\n|-damage|p2a: Zacian|84\/100|[from] item: Rocky Helmet|[of] p1a: Necrozma\n|\n|upkeep\n|turn|2\n|j| xiaolinyo\n|\n|t:|1662816457\n|switch|p2a: Deoxys|Deoxys-Speed|100\/100\n|-ability|p2a: Deoxys|Pressure\n|move|p1a: Necrozma|Stealth Rock|p2a: Deoxys\n|-sidestart|p2: NOOOOHF|move: Stealth Rock\n|\n|upkeep\n|turn|3\n|c| xiaolinyo|\u5434\u8fea\u624b\u81c2\n|\n|t:|1662816462\n|switch|p1a: Sableye|Sableye, F|100\/100\n|move|p2a: Deoxys|Stealth Rock|p1a: Sableye\n|-sidestart|p1: Ferrothornail\u8349\u94a2\u7532|move: Stealth Rock\n|\n|upkeep\n|turn|4\n|\n|t:|1662816493\n|switch|p2a: Xerneas|Xerneas|100\/100\n|-damage|p2a: Xerneas|88\/100|[from] Stealth Rock\n|-ability|p2a: Xerneas|Fairy Aura\n|detailschange|p1a: Sableye|Sableye-Mega, F\n|-mega|p1a: Sableye|Sableye|Sablenite\n|move|p1a: Sableye|Will-O-Wisp|p2a: Xerneas\n|-status|p2a: Xerneas|brn\n|\n|-damage|p2a: Xerneas|82\/100 brn|[from] brn\n|upkeep\n|turn|5\n|\n|t:|1662816505\n|switch|p2a: Kyogre|Kyogre|100\/100\n|-damage|p2a: Kyogre|88\/100|[from] Stealth Rock\n|-weather|RainDance|[from] ability: Drizzle|[of] p2a: Kyogre\n|switch|p1a: Necrozma|Necrozma-Dusk-Mane|77\/100\n|-damage|p1a: Necrozma|71\/100|[from] Stealth Rock\n|\n|-weather|RainDance|[upkeep]\n|upkeep\n|turn|6\n|\n|t:|1662816510\n|switch|p1a: Chansey|Chansey, F|100\/100\n|-damage|p1a: Chansey|88\/100|[from] Stealth Rock\n|move|p2a: Kyogre|Water Spout|p1a: Chansey\n|-damage|p1a: Chansey|62\/100\n|\n|-weather|RainDance|[upkeep]\n|upkeep\n|turn|7\n|c| xiaolinyo|\u5434\u8fea\u5c0f\u86cb\n|\n|t:|1662816523\n|switch|p2a: Zacian|Zacian-Crowned|84\/100\n|-damage|p2a: Zacian|78\/100|[from] Stealth Rock\n|-ability|p2a: Zacian|Intrepid Sword|boost\n|-boost|p2a: Zacian|atk|1\n|move|p1a: Chansey|Soft-Boiled|p1a: Chansey\n|-heal|p1a: Chansey|100\/100\n|\n|-weather|RainDance|[upkeep]\n|upkeep\n|turn|8\n|c| xiaolinyo|\u5434\u8fea\u5c0f\u86cb\u6709\u5bc6\u8bed\n|\n|t:|1662816535\n|switch|p1a: Necrozma|Necrozma-Dusk-Mane|71\/100\n|-damage|p1a: Necrozma|65\/100|[from] Stealth Rock\n|move|p2a: Zacian|Close Combat|p1a: Necrozma\n|-damage|p1a: Necrozma|28\/100\n|-unboost|p2a: Zacian|def|1\n|-unboost|p2a: Zacian|spd|1\n|-damage|p2a: Zacian|61\/100|[from] item: Rocky Helmet|[of] p1a: Necrozma\n|\n|-weather|RainDance|[upkeep]\n|upkeep\n|turn|9\n|\n|t:|1662816544\n|switch|p1a: Giratina|Giratina|100\/100\n|-damage|p1a: Giratina|88\/100|[from] Stealth Rock\n|-ability|p1a: Giratina|Pressure\n|move|p2a: Zacian|Close Combat|p1a: Giratina\n|-immune|p1a: Giratina\n|\n|-weather|none\n|-heal|p1a: Giratina|94\/100|[from] item: Leftovers\n|upkeep\n|turn|10\n|\n|t:|1662816555\n|move|p2a: Zacian|Play Rough|p1a: Giratina\n|-supereffective|p1a: Giratina\n|-damage|p1a: Giratina|18\/100\n|move|p1a: Giratina|Will-O-Wisp|p2a: Zacian\n|-status|p2a: Zacian|brn\n|\n|-heal|p1a: Giratina|24\/100|[from] item: Leftovers\n|-damage|p2a: Zacian|55\/100 brn|[from] brn\n|upkeep\n|turn|11\n|\n|t:|1662816563\n|switch|p1a: Necrozma|Necrozma-Dusk-Mane|28\/100\n|-damage|p1a: Necrozma|22\/100|[from] Stealth Rock\n|move|p2a: Zacian|Play Rough|p1a: Necrozma\n|-resisted|p1a: Necrozma\n|-damage|p1a: Necrozma|12\/100\n|-damage|p2a: Zacian|38\/100 brn|[from] item: Rocky Helmet|[of] p1a: Necrozma\n|\n|-damage|p2a: Zacian|32\/100 brn|[from] brn\n|upkeep\n|turn|12\n|c| xiaolinyo|\u5434\u8fea\n|\n|t:|1662816571\n|move|p2a: Zacian|Close Combat|p1a: Necrozma\n|-damage|p1a: Necrozma|0 fnt\n|-unboost|p2a: Zacian|def|1\n|-unboost|p2a: Zacian|spd|1\n|-damage|p2a: Zacian|16\/100 brn|[from] item: Rocky Helmet|[of] p1a: Necrozma\n|faint|p1a: Necrozma\n|\n|-damage|p2a: Zacian|9\/100 brn|[from] brn\n|upkeep\n|\n|t:|1662816582\n|switch|p1a: Giratina|Giratina|24\/100\n|-damage|p1a: Giratina|11\/100|[from] Stealth Rock\n|-ability|p1a: Giratina|Pressure\n|turn|13\n|\n|t:|1662816587\n|move|p2a: Zacian|Play Rough|p1a: Giratina\n|-supereffective|p1a: Giratina\n|-damage|p1a: Giratina|0 fnt\n|faint|p1a: Giratina\n|\n|-damage|p2a: Zacian|3\/100 brn|[from] brn\n|upkeep\n|\n|t:|1662816590\n|switch|p1a: Sableye|Sableye-Mega, F|100\/100\n|-damage|p1a: Sableye|88\/100|[from] Stealth Rock\n|turn|14\n|\n|t:|1662816594\n|move|p1a: Sableye|Protect|p1a: Sableye\n|-singleturn|p1a: Sableye|Protect\n|move|p2a: Zacian|Play Rough|p1a: Sableye\n|-activate|p1a: Sableye|move: Protect\n|\n|-damage|p2a: Zacian|0 fnt|[from] brn\n|faint|p2a: Zacian\n|upkeep\n|\n|t:|1662816620\n|switch|p2a: Rayquaza|Rayquaza|100\/100\n|-damage|p2a: Rayquaza|76\/100|[from] Stealth Rock\n|-ability|p2a: Rayquaza|Air Lock\n|turn|15\n|\n|t:|1662816624\n|detailschange|p2a: Rayquaza|Rayquaza-Mega\n|-mega|p2a: Rayquaza|Rayquaza|\n|-weather|DeltaStream|[from] ability: Delta Stream|[of] p2a: Rayquaza\n|move|p2a: Rayquaza|Dragon Ascent|p1a: Sableye\n|-damage|p1a: Sableye|13\/100\n|-unboost|p2a: Rayquaza|def|1\n|-unboost|p2a: Rayquaza|spd|1\n|move|p1a: Sableye|Will-O-Wisp|p2a: Rayquaza\n|-status|p2a: Rayquaza|brn\n|\n|-weather|DeltaStream|[upkeep]\n|-damage|p2a: Rayquaza|70\/100 brn|[from] brn\n|upkeep\n|turn|16\n|\n|t:|1662816631\n|move|p1a: Sableye|Protect|p1a: Sableye\n|-singleturn|p1a: Sableye|Protect\n|move|p2a: Rayquaza|Dragon Ascent|p1a: Sableye\n|-activate|p1a: Sableye|move: Protect\n|\n|-weather|DeltaStream|[upkeep]\n|-damage|p2a: Rayquaza|64\/100 brn|[from] brn\n|upkeep\n|turn|17\n|\n|t:|1662816635\n|switch|p1a: Arceus|Arceus-Fairy|100\/100\n|-damage|p1a: Arceus|88\/100|[from] Stealth Rock\n|move|p2a: Rayquaza|Dragon Ascent|p1a: Arceus\n|-damage|p1a: Arceus|56\/100\n|-unboost|p2a: Rayquaza|def|1\n|-unboost|p2a: Rayquaza|spd|1\n|\n|-weather|DeltaStream|[upkeep]\n|-damage|p2a: Rayquaza|58\/100 brn|[from] brn\n|upkeep\n|turn|18\n|\n|t:|1662816656\n|move|p2a: Rayquaza|Dragon Ascent|p1a: Arceus\n|-damage|p1a: Arceus|23\/100\n|-unboost|p2a: Rayquaza|def|1\n|-unboost|p2a: Rayquaza|spd|1\n|move|p1a: Arceus|Recover|p1a: Arceus\n|-heal|p1a: Arceus|74\/100\n|\n|-weather|DeltaStream|[upkeep]\n|-damage|p2a: Rayquaza|52\/100 brn|[from] brn\n|upkeep\n|turn|19\n|\n|t:|1662816665\n|-weather|none\n|switch|p2a: Kyogre|Kyogre|88\/100\n|-damage|p2a: Kyogre|76\/100|[from] Stealth Rock\n|-weather|RainDance|[from] ability: Drizzle|[of] p2a: Kyogre\n|move|p1a: Arceus|Judgment|p2a: Kyogre\n|-damage|p2a: Kyogre|42\/100\n|\n|-weather|RainDance|[upkeep]\n|upkeep\n|turn|20\n|\n|t:|1662816670\n|switch|p1a: Chansey|Chansey, F|100\/100\n|-damage|p1a: Chansey|88\/100|[from] Stealth Rock\n|move|p2a: Kyogre|Origin Pulse|p1a: Chansey\n|-damage|p1a: Chansey|65\/100\n|\n|-weather|RainDance|[upkeep]\n|upkeep\n|turn|21\n|\n|t:|1662816676\n|switch|p2a: Xerneas|Xerneas|82\/100 brn\n|-damage|p2a: Xerneas|69\/100 brn|[from] Stealth Rock\n|-ability|p2a: Xerneas|Fairy Aura\n|move|p1a: Chansey|Teleport|p1a: Chansey\n|\n|t:|1662816684\n|switch|p1a: Sableye|Sableye-Mega, F|13\/100|[from]move: Teleport\n|-damage|p1a: Sableye|0 fnt|[from] Stealth Rock\n|faint|p1a: Sableye\n|\n|-weather|RainDance|[upkeep]\n|-damage|p2a: Xerneas|63\/100 brn|[from] brn\n|upkeep\n|\n|t:|1662816686\n|switch|p1a: Lugia|Lugia|100\/100\n|-damage|p1a: Lugia|75\/100|[from] Stealth Rock\n|turn|22\n|\n|t:|1662816694\n|move|p1a: Lugia|Substitute|p1a: Lugia\n|-start|p1a: Lugia|Substitute\n|-damage|p1a: Lugia|50\/100\n|-zpower|p2a: Xerneas\n|move|p2a: Xerneas|Z-Geomancy||[anim]Geomancy|[still]\n|-boost|p2a: Xerneas|atk|1|[zeffect]\n|-boost|p2a: Xerneas|def|1|[zeffect]\n|-boost|p2a: Xerneas|spa|1|[zeffect]\n|-boost|p2a: Xerneas|spd|1|[zeffect]\n|-boost|p2a: Xerneas|spe|1|[zeffect]\n|-prepare|p2a: Xerneas|Geomancy\n|\n|-weather|RainDance|[upkeep]\n|-heal|p1a: Lugia|57\/100|[from] item: Leftovers\n|-damage|p2a: Xerneas|57\/100 brn|[from] brn\n|upkeep\n|turn|23\n|\n|t:|1662816696\n|move|p2a: Xerneas|Geomancy|p2a: Xerneas|[from]lockedmove\n|-boost|p2a: Xerneas|spa|2\n|-boost|p2a: Xerneas|spd|2\n|-boost|p2a: Xerneas|spe|2\n|move|p1a: Lugia|Roost|p1a: Lugia\n|-heal|p1a: Lugia|100\/100\n|-singleturn|p1a: Lugia|move: Roost\n|\n|-weather|none\n|-damage|p2a: Xerneas|51\/100 brn|[from] brn\n|upkeep\n|turn|24\n|\n|t:|1662816703\n|move|p2a: Xerneas|Moonblast|p1a: Lugia\n|-end|p1a: Lugia|Substitute\n|move|p1a: Lugia|Whirlwind|p2a: Xerneas\n|drag|p2a: Ditto|Ditto, shiny|100\/100\n|-damage|p2a: Ditto|88\/100|[from] Stealth Rock\n|-transform|p2a: Ditto|p1a: Lugia|[from] ability: Imposter\n|\n|upkeep\n|turn|25\n|\n|t:|1662816720\n|switch|p1a: Chansey|Chansey, F|65\/100\n|-damage|p1a: Chansey|53\/100|[from] Stealth Rock\n|move|p2a: Ditto|Toxic|p1a: Chansey\n|-status|p1a: Chansey|tox\n|\n|-damage|p1a: Chansey|46\/100 tox|[from] psn\n|upkeep\n|turn|26\n|\n|t:|1662816731\n|move|p2a: Ditto|Toxic|p1a: Chansey\n|-fail|p1a: Chansey|tox\n|move|p1a: Chansey|Soft-Boiled|p1a: Chansey\n|-heal|p1a: Chansey|96\/100 tox\n|\n|-damage|p1a: Chansey|84\/100 tox|[from] psn\n|upkeep\n|turn|27\n|\n|t:|1662816743\n|switch|p2a: Rayquaza|Rayquaza-Mega|52\/100 brn\n|-damage|p2a: Rayquaza|27\/100 brn|[from] Stealth Rock\n|-weather|DeltaStream|[from] ability: Delta Stream|[of] p2a: Rayquaza\n|move|p1a: Chansey|Heal Bell|p1a: Chansey\n|-activate|p1a: Chansey|move: Heal Bell\n|-curestatus|p1a: Chansey|tox|[msg]\n|\n|-weather|DeltaStream|[upkeep]\n|-damage|p2a: Rayquaza|21\/100 brn|[from] brn\n|upkeep\n|turn|28\n|\n|t:|1662816756\n|switch|p1a: Arceus|Arceus-Fairy|74\/100\n|-damage|p1a: Arceus|61\/100|[from] Stealth Rock\n|move|p2a: Rayquaza|Dragon Ascent|p1a: Arceus\n|-damage|p1a: Arceus|28\/100\n|-unboost|p2a: Rayquaza|def|1\n|-unboost|p2a: Rayquaza|spd|1\n|\n|-weather|DeltaStream|[upkeep]\n|-damage|p2a: Rayquaza|15\/100 brn|[from] brn\n|upkeep\n|turn|29\n|c| xiaolinyo|\u5c0f\u86cb\u4e0d\u662f\u81ea\u7136\u6062\u590d\u7684\n|j| aklinjingu\n|\n|t:|1662816767\n|move|p2a: Rayquaza|Dragon Ascent|p1a: Arceus\n|-damage|p1a: Arceus|0 fnt\n|-unboost|p2a: Rayquaza|def|1\n|-unboost|p2a: Rayquaza|spd|1\n|faint|p1a: Arceus\n|\n|-weather|DeltaStream|[upkeep]\n|-damage|p2a: Rayquaza|9\/100 brn|[from] brn\n|upkeep\n|c|\u2606Ferrothornail\u8349\u94a2\u7532|\u5927\u4f6c\u5e2e\u6211\u6253\uff08\uff09\n|\n|t:|1662816781\n|switch|p1a: Lugia|Lugia|100\/100\n|-damage|p1a: Lugia|75\/100|[from] Stealth Rock\n|turn|30\n|c| xiaolinyo|\u5434\u8fea\u518d\u751f\n|\n|t:|1662816804\n|move|p2a: Rayquaza|Dragon Ascent|p1a: Lugia\n|-damage|p1a: Lugia|51\/100\n|-unboost|p2a: Rayquaza|def|1\n|-unboost|p2a: Rayquaza|spd|1\n|move|p1a: Lugia|Substitute|p1a: Lugia\n|-start|p1a: Lugia|Substitute\n|-damage|p1a: Lugia|26\/100\n|\n|-weather|DeltaStream|[upkeep]\n|-heal|p1a: Lugia|32\/100|[from] item: Leftovers\n|-damage|p2a: Rayquaza|3\/100 brn|[from] brn\n|upkeep\n|turn|31\n|\n|t:|1662816826\n|move|p2a: Rayquaza|Dragon Ascent|p1a: Lugia\n|-activate|p1a: Lugia|move: Substitute|[damage]\n|-unboost|p2a: Rayquaza|def|1\n|-unboost|p2a: Rayquaza|spd|1\n|move|p1a: Lugia|Roost|p1a: Lugia\n|-heal|p1a: Lugia|82\/100\n|-singleturn|p1a: Lugia|move: Roost\n|\n|-weather|DeltaStream|[upkeep]\n|-heal|p1a: Lugia|88\/100|[from] item: Leftovers\n|-damage|p2a: Rayquaza|0 fnt|[from] brn\n|faint|p2a: Rayquaza\n|-weather|none\n|upkeep\n|c| xiaolinyo|\u592a\u8089\u4e86\n|c|\u2606Ferrothornail\u8349\u94a2\u7532|\u662f\u554a\n|\n|t:|1662816859\n|switch|p2a: Kyogre|Kyogre|42\/100\n|-damage|p2a: Kyogre|29\/100|[from] Stealth Rock\n|-weather|RainDance|[from] ability: Drizzle|[of] p2a: Kyogre\n|turn|32\n|c| xiaolinyo|\u5916\u661f\u4eba\u5e94\u8be5\u5e26\u6311\u8845\u4e86\n|\n|t:|1662816868\n|move|p2a: Kyogre|Origin Pulse|p1a: Lugia\n|-end|p1a: Lugia|Substitute\n|move|p1a: Lugia|Toxic|p2a: Kyogre\n|-status|p2a: Kyogre|tox\n|\n|-weather|RainDance|[upkeep]\n|-heal|p1a: Lugia|95\/100|[from] item: Leftovers\n|-damage|p2a: Kyogre|23\/100 tox|[from] psn\n|upkeep\n|turn|33\n|c| xiaolinyo|\u66ff\u8eab\u7834\u4e86\u5c31\u74e6\u8fbe\u8fa3\n|\n|t:|1662816877\n|switch|p1a: Chansey|Chansey, F|84\/100\n|-damage|p1a: Chansey|71\/100|[from] Stealth Rock\n|move|p2a: Kyogre|Origin Pulse|p1a: Chansey\n|-damage|p1a: Chansey|48\/100\n|\n|-weather|RainDance|[upkeep]\n|-damage|p2a: Kyogre|11\/100 tox|[from] psn\n|upkeep\n|turn|34\n|\n|t:|1662816890\n|move|p2a: Kyogre|Origin Pulse|p1a: Chansey\n|-damage|p1a: Chansey|25\/100\n|move|p1a: Chansey|Soft-Boiled|p1a: Chansey\n|-heal|p1a: Chansey|75\/100\n|\n|-weather|RainDance|[upkeep]\n|-damage|p2a: Kyogre|0 fnt|[from] psn\n|faint|p2a: Kyogre\n|upkeep\n|\n|t:|1662816892\n|switch|p2a: Xerneas|Xerneas|51\/100 brn\n|-damage|p2a: Xerneas|38\/100 brn|[from] Stealth Rock\n|-ability|p2a: Xerneas|Fairy Aura\n|turn|35\n|\n|t:|1662816902\n|move|p2a: Xerneas|Rest|p2a: Xerneas\n|-status|p2a: Xerneas|slp|[from] move: Rest\n|-heal|p2a: Xerneas|100\/100 slp|[silent]\n|move|p1a: Chansey|Confide|p2a: Xerneas\n|-unboost|p2a: Xerneas|spa|1\n|\n|-weather|RainDance|[upkeep]\n|upkeep\n|turn|36\n|\n|t:|1662816912\n|switch|p1a: Lugia|Lugia|95\/100\n|-damage|p1a: Lugia|70\/100|[from] Stealth Rock\n|cant|p2a: Xerneas|slp\n|move|p2a: Xerneas|Sleep Talk|p2a: Xerneas\n|move|p2a: Xerneas|Rest||[from]move: Sleep Talk|[still]\n|-fail|p2a: Xerneas\n|\n|-weather|none\n|-heal|p1a: Lugia|76\/100|[from] item: Leftovers\n|upkeep\n|turn|37\n|\n|t:|1662816916\n|move|p1a: Lugia|Substitute|p1a: Lugia\n|-start|p1a: Lugia|Substitute\n|-damage|p1a: Lugia|51\/100\n|cant|p2a: Xerneas|slp\n|move|p2a: Xerneas|Sleep Talk|p2a: Xerneas\n|move|p2a: Xerneas|Rest||[from]move: Sleep Talk|[still]\n|-fail|p2a: Xerneas\n|\n|-heal|p1a: Lugia|57\/100|[from] item: Leftovers\n|upkeep\n|turn|38\n|\n|t:|1662816922\n|-curestatus|p2a: Xerneas|slp|[msg]\n|move|p2a: Xerneas|Geomancy||[still]\n|-prepare|p2a: Xerneas|Geomancy\n|move|p1a: Lugia|Whirlwind|p2a: Xerneas\n|drag|p2a: Ditto|Ditto, shiny|88\/100\n|-damage|p2a: Ditto|76\/100|[from] Stealth Rock\n|\n|-heal|p1a: Lugia|63\/100|[from] item: Leftovers\n|upkeep\n|turn|39\n|\n|t:|1662816929\n|switch|p2a: Xerneas|Xerneas|100\/100\n|-damage|p2a: Xerneas|88\/100|[from] Stealth Rock\n|-ability|p2a: Xerneas|Fairy Aura\n|move|p1a: Lugia|Roost|p1a: Lugia\n|-heal|p1a: Lugia|100\/100\n|-singleturn|p1a: Lugia|move: Roost\n|\n|upkeep\n|turn|40\n|c| xiaolinyo|\u7b11\u6b7b\u4e86\n|\n|t:|1662816933\n|move|p1a: Lugia|Toxic|p2a: Xerneas\n|-status|p2a: Xerneas|tox\n|move|p2a: Xerneas|Moonblast|p1a: Lugia\n|-activate|p1a: Lugia|move: Substitute|[damage]\n|\n|-damage|p2a: Xerneas|82\/100 tox|[from] psn\n|upkeep\n|turn|41\n|\n|t:|1662816937\n|move|p2a: Xerneas|Moonblast|p1a: Lugia\n|-end|p1a: Lugia|Substitute\n|move|p1a: Lugia|Whirlwind|p2a: Xerneas\n|drag|p2a: Ditto|Ditto, shiny|76\/100\n|-damage|p2a: Ditto|63\/100|[from] Stealth Rock\n|-transform|p2a: Ditto|p1a: Lugia|[from] ability: Imposter\n|\n|upkeep\n|turn|42\n|\n|t:|1662816944\n|switch|p1a: Chansey|Chansey, F|75\/100\n|-damage|p1a: Chansey|63\/100|[from] Stealth Rock\n|move|p2a: Ditto|Toxic|p1a: Chansey\n|-status|p1a: Chansey|tox\n|\n|-damage|p1a: Chansey|57\/100 tox|[from] psn\n|upkeep\n|turn|43\n|c| xiaolinyo|\u5efa\u8bae\u76f4\u63a5\u53cc\u5f00\n|\n|t:|1662816956\n|switch|p2a: Deoxys|Deoxys-Speed|100\/100\n|-damage|p2a: Deoxys|88\/100|[from] Stealth Rock\n|-ability|p2a: Deoxys|Pressure\n|move|p1a: Chansey|Heal Bell|p1a: Chansey\n|-activate|p1a: Chansey|move: Heal Bell\n|-curestatus|p1a: Chansey|tox|[msg]\n|\n|upkeep\n|turn|44\n|\n|t:|1662816966\n|move|p2a: Deoxys|Knock Off|p1a: Chansey\n|-damage|p1a: Chansey|41\/100\n|-enditem|p1a: Chansey|Eviolite|[from] move: Knock Off|[of] p2a: Deoxys\n|move|p1a: Chansey|Soft-Boiled|p1a: Chansey\n|-heal|p1a: Chansey|91\/100\n|\n|upkeep\n|turn|45\n|\n|t:|1662816977\n|move|p2a: Deoxys|Substitute|p2a: Deoxys\n|-start|p2a: Deoxys|Substitute\n|-damage|p2a: Deoxys|64\/100\n|move|p1a: Chansey|Teleport|p1a: Chansey\n|c|\u2606Ferrothornail\u8349\u94a2\u7532|\u8fd9\u8fd9\u8fd9\n|c| xiaolinyo|\u5439\u98de\u5439\u8fa3\n|\n|t:|1662816999\n|switch|p1a: Lugia|Lugia|100\/100|[from]move: Teleport\n|-damage|p1a: Lugia|75\/100|[from] Stealth Rock\n|\n|-heal|p1a: Lugia|82\/100|[from] item: Leftovers\n|upkeep\n|turn|46\n|c| xiaolinyo|\u8fd9\u4eba\u5e94\u8be5\u6ca1\u6311\u8845\n|\n|t:|1662817004\n|move|p2a: Deoxys|Knock Off|p1a: Lugia\n|-supereffective|p1a: Lugia\n|-damage|p1a: Lugia|63\/100\n|-enditem|p1a: Lugia|Leftovers|[from] move: Knock Off|[of] p2a: Deoxys\n|move|p1a: Lugia|Substitute|p1a: Lugia\n|-start|p1a: Lugia|Substitute\n|-damage|p1a: Lugia|38\/100\n|\n|upkeep\n|turn|47\n|c|\u2606Ferrothornail\u8349\u94a2\u7532|\u5e94\u8be5\n|\n|t:|1662817020\n|move|p2a: Deoxys|Knock Off|p1a: Lugia\n|-supereffective|p1a: Lugia\n|-activate|p1a: Lugia|move: Substitute|[damage]\n|move|p1a: Lugia|Whirlwind|p2a: Deoxys\n|drag|p2a: Xerneas|Xerneas|82\/100 tox\n|-damage|p2a: Xerneas|69\/100 tox|[from] Stealth Rock\n|-ability|p2a: Xerneas|Fairy Aura\n|\n|-damage|p2a: Xerneas|63\/100 tox|[from] psn\n|upkeep\n|turn|48\n|\n|t:|1662817031\n|move|p1a: Lugia|Roost|p1a: Lugia\n|-heal|p1a: Lugia|88\/100\n|-singleturn|p1a: Lugia|move: Roost\n|move|p2a: Xerneas|Moonblast|p1a: Lugia\n|-end|p1a: Lugia|Substitute\n|\n|-damage|p2a: Xerneas|51\/100 tox|[from] psn\n|upkeep\n|turn|49\n|\n|t:|1662817039\n|move|p1a: Lugia|Substitute|p1a: Lugia\n|-start|p1a: Lugia|Substitute\n|-damage|p1a: Lugia|63\/100\n|move|p2a: Xerneas|Moonblast|p1a: Lugia\n|-end|p1a: Lugia|Substitute\n|\n|-damage|p2a: Xerneas|33\/100 tox|[from] psn\n|upkeep\n|turn|50\n|\n|t:|1662817049\n|move|p1a: Lugia|Roost|p1a: Lugia\n|-heal|p1a: Lugia|100\/100\n|-singleturn|p1a: Lugia|move: Roost\n|move|p2a: Xerneas|Rest|p2a: Xerneas\n|-status|p2a: Xerneas|slp|[from] move: Rest\n|-heal|p2a: Xerneas|100\/100 slp|[silent]\n|\n|upkeep\n|turn|51\n|\n|t:|1662817066\n|move|p1a: Lugia|Substitute|p1a: Lugia\n|-start|p1a: Lugia|Substitute\n|-damage|p1a: Lugia|75\/100\n|cant|p2a: Xerneas|slp\n|move|p2a: Xerneas|Sleep Talk|p2a: Xerneas\n|move|p2a: Xerneas|Rest||[from]move: Sleep Talk|[still]\n|-fail|p2a: Xerneas\n|\n|upkeep\n|turn|52\n|\n|t:|1662817072\n|cant|p2a: Xerneas|slp\n|move|p2a: Xerneas|Sleep Talk|p2a: Xerneas\n|move|p2a: Xerneas|Rest||[from]move: Sleep Talk|[still]\n|-fail|p2a: Xerneas\n|move|p1a: Lugia|Whirlwind|p2a: Xerneas\n|drag|p2a: Ditto|Ditto, shiny|63\/100\n|-damage|p2a: Ditto|51\/100|[from] Stealth Rock\n|\n|upkeep\n|turn|53\n|c| xiaolinyo|\u8fd9\u4e2a\u961f\u611f\u89c9\u78b0\u5230\u9ed1\u9f99\u4f1a\u7834\u9632\n|c|\u2606NOOOOHF|\u554a\u8fd9\n|\n|t:|1662817093\n|switch|p2a: Xerneas|Xerneas|100\/100 slp\n|-damage|p2a: Xerneas|88\/100 slp|[from] Stealth Rock\n|-ability|p2a: Xerneas|Fairy Aura\n|move|p1a: Lugia|Toxic|p2a: Xerneas|[miss]\n|-miss|p1a: Lugia|p2a: Xerneas\n|\n|upkeep\n|turn|54\n|c|\u2606Ferrothornail\u8349\u94a2\u7532|\u5c45\u7136\u662f\u56fd\u4eba\n|\n|t:|1662817109\n|move|p1a: Lugia|Roost|p1a: Lugia\n|-heal|p1a: Lugia|100\/100\n|-singleturn|p1a: Lugia|move: Roost\n|-curestatus|p2a: Xerneas|slp|[msg]\n|move|p2a: Xerneas|Sleep Talk||[still]\n|-fail|p2a: Xerneas\n|\n|upkeep\n|turn|55\n|c| xiaolinyo|\u5594\u8da3\n|c| xiaolinyo|\u56fd\u4eba\n|c| xiaolinyo|\u5594\u8da3\n|\n|t:|1662817120\n|move|p1a: Lugia|Toxic|p2a: Xerneas\n|-status|p2a: Xerneas|tox\n|move|p2a: Xerneas|Moonblast|p1a: Lugia\n|-activate|p1a: Lugia|move: Substitute|[damage]\n|\n|-damage|p2a: Xerneas|82\/100 tox|[from] psn\n|upkeep\n|turn|56\n|\n|t:|1662817126\n|move|p2a: Xerneas|Moonblast|p1a: Lugia\n|-end|p1a: Lugia|Substitute\n|move|p1a: Lugia|Whirlwind|p2a: Xerneas\n|drag|p2a: Ditto|Ditto, shiny|51\/100\n|-damage|p2a: Ditto|39\/100|[from] Stealth Rock\n|-transform|p2a: Ditto|p1a: Lugia|[from] ability: Imposter\n|\n|upkeep\n|turn|57\n|c| xiaolinyo|\u770b\u6765\u4e0d\u80fd\u76f4\u63a5\u8bf4\n|\n|t:|1662817142\n|switch|p1a: Chansey|Chansey, F|91\/100\n|-damage|p1a: Chansey|79\/100|[from] Stealth Rock\n|move|p2a: Ditto|Toxic|p1a: Chansey\n|-status|p1a: Chansey|tox\n|\n|-damage|p1a: Chansey|72\/100 tox|[from] psn\n|upkeep\n|turn|58\n|\n|t:|1662817165\n|switch|p2a: Xerneas|Xerneas|82\/100 tox\n|-damage|p2a: Xerneas|69\/100 tox|[from] Stealth Rock\n|-ability|p2a: Xerneas|Fairy Aura\n|move|p1a: Chansey|Heal Bell|p1a: Chansey\n|-activate|p1a: Chansey|move: Heal Bell\n|-curestatus|p1a: Chansey|tox|[msg]\n|\n|-damage|p2a: Xerneas|63\/100 tox|[from] psn\n|upkeep\n|turn|59\n|\n|t:|1662817178\n|move|p2a: Xerneas|Moonblast|p1a: Chansey\n|-damage|p1a: Chansey|53\/100\n|move|p1a: Chansey|Teleport|p1a: Chansey\n|\n|t:|1662817180\n|switch|p1a: Lugia|Lugia|100\/100|[from]move: Teleport\n|-damage|p1a: Lugia|75\/100|[from] Stealth Rock\n|\n|-damage|p2a: Xerneas|51\/100 tox|[from] psn\n|upkeep\n|turn|60\n|\n|t:|1662817186\n|move|p1a: Lugia|Substitute|p1a: Lugia\n|-start|p1a: Lugia|Substitute\n|-damage|p1a: Lugia|50\/100\n|move|p2a: Xerneas|Moonblast|p1a: Lugia\n|-end|p1a: Lugia|Substitute\n|\n|-damage|p2a: Xerneas|33\/100 tox|[from] psn\n|upkeep\n|turn|61\n|\n|t:|1662817191\n|move|p2a: Xerneas|Rest|p2a: Xerneas\n|-status|p2a: Xerneas|slp|[from] move: Rest\n|-heal|p2a: Xerneas|100\/100 slp|[silent]\n|move|p1a: Lugia|Whirlwind|p2a: Xerneas\n|drag|p2a: Deoxys|Deoxys-Speed|64\/100\n|-damage|p2a: Deoxys|51\/100|[from] Stealth Rock\n|-ability|p2a: Deoxys|Pressure\n|\n|upkeep\n|turn|62\n|\n|t:|1662817199\n|move|p2a: Deoxys|Knock Off|p1a: Lugia\n|-supereffective|p1a: Lugia\n|-damage|p1a: Lugia|37\/100\n|move|p1a: Lugia|Substitute|p1a: Lugia\n|-start|p1a: Lugia|Substitute\n|-damage|p1a: Lugia|12\/100\n|\n|upkeep\n|turn|63\n|inactive|Battle timer is ON: inactive players will automatically lose when time's up. (requested by Ferrothornail\u8349\u94a2\u7532)\n|\n|t:|1662817203\n|move|p2a: Deoxys|Knock Off|p1a: Lugia\n|-supereffective|p1a: Lugia\n|-crit|p1a: Lugia\n|-activate|p1a: Lugia|move: Substitute|[damage]\n|move|p1a: Lugia|Roost|p1a: Lugia\n|-heal|p1a: Lugia|62\/100\n|-singleturn|p1a: Lugia|move: Roost\n|\n|upkeep\n|turn|64\n|\n|t:|1662817206\n|move|p2a: Deoxys|Knock Off|p1a: Lugia\n|-supereffective|p1a: Lugia\n|-end|p1a: Lugia|Substitute\n|move|p1a: Lugia|Toxic|p2a: Deoxys\n|-status|p2a: Deoxys|tox\n|\n|-damage|p2a: Deoxys|45\/100 tox|[from] psn\n|upkeep\n|turn|65\n|c| xiaolinyo|\u65e0\u9650\u5439\u7070\n|\n|t:|1662817211\n|-start|p2a: Deoxys|Dynamax|\n|-heal|p2a: Deoxys|45\/100 tox|[silent]\n|move|p2a: Deoxys|Max Darkness|p1a: Lugia\n|-supereffective|p1a: Lugia\n|-damage|p1a: Lugia|38\/100\n|-unboost|p1a: Lugia|spd|1\n|move|p1a: Lugia|Substitute|p1a: Lugia\n|-start|p1a: Lugia|Substitute\n|-damage|p1a: Lugia|13\/100\n|\n|-damage|p2a: Deoxys|39\/100 tox|[from] psn\n|upkeep\n|turn|66\n|\n|t:|1662817215\n|move|p2a: Deoxys|Max Darkness|p1a: Lugia\n|-supereffective|p1a: Lugia\n|-crit|p1a: Lugia\n|-end|p1a: Lugia|Substitute\n|-unboost|p1a: Lugia|spd|1\n|move|p1a: Lugia|Roost|p1a: Lugia\n|-heal|p1a: Lugia|63\/100\n|-singleturn|p1a: Lugia|move: Roost\n|\n|-damage|p2a: Deoxys|31\/100 tox|[from] psn\n|upkeep\n|turn|67\n|\n|t:|1662817221\n|move|p2a: Deoxys|Max Darkness|p1a: Lugia\n|-supereffective|p1a: Lugia\n|-damage|p1a: Lugia|42\/100\n|-unboost|p1a: Lugia|spd|1\n|move|p1a: Lugia|Roost|p1a: Lugia\n|-heal|p1a: Lugia|92\/100\n|-singleturn|p1a: Lugia|move: Roost\n|\n|-damage|p2a: Deoxys|19\/100 tox|[from] psn\n|upkeep\n|-end|p2a: Deoxys|Dynamax\n|-heal|p2a: Deoxys|19\/100 tox|[silent]\n|turn|68\n|\n|t:|1662817233\n|move|p2a: Deoxys|Knock Off|p1a: Lugia\n|-supereffective|p1a: Lugia\n|-damage|p1a: Lugia|79\/100\n|move|p1a: Lugia|Substitute|p1a: Lugia\n|-start|p1a: Lugia|Substitute\n|-damage|p1a: Lugia|54\/100\n|\n|-damage|p2a: Deoxys|0 fnt|[from] psn\n|faint|p2a: Deoxys\n|upkeep\n|\n|t:|1662817235\n|switch|p2a: Xerneas|Xerneas|100\/100 slp\n|-damage|p2a: Xerneas|88\/100 slp|[from] Stealth Rock\n|-ability|p2a: Xerneas|Fairy Aura\n|turn|69\n|\n|t:|1662817244\n|move|p1a: Lugia|Roost|p1a: Lugia\n|-heal|p1a: Lugia|100\/100\n|-singleturn|p1a: Lugia|move: Roost\n|cant|p2a: Xerneas|slp\n|move|p2a: Xerneas|Sleep Talk|p2a: Xerneas\n|move|p2a: Xerneas|Moonblast|p1a: Lugia|[from]move: Sleep Talk\n|-end|p1a: Lugia|Substitute\n|\n|upkeep\n|turn|70\n|c|\u2606NOOOOHF|\u592a\u8089\u4e86\n|\n|t:|1662817255\n|switch|p1a: Chansey|Chansey, F|53\/100\n|-damage|p1a: Chansey|41\/100|[from] Stealth Rock\n|cant|p2a: Xerneas|slp\n|move|p2a: Xerneas|Sleep Talk|p2a: Xerneas\n|move|p2a: Xerneas|Rest||[from]move: Sleep Talk|[still]\n|-fail|p2a: Xerneas\n|\n|upkeep\n|turn|71\n|\n|t:|1662817281\n|-curestatus|p2a: Xerneas|slp|[msg]\n|move|p2a: Xerneas|Sleep Talk||[still]\n|-fail|p2a: Xerneas\n|move|p1a: Chansey|Soft-Boiled|p1a: Chansey\n|-heal|p1a: Chansey|91\/100\n|\n|upkeep\n|turn|72\n|inactive|Ferrothornail\u8349\u94a2\u7532 has 120 seconds left.\n|\n|t:|1662817302\n|move|p2a: Xerneas|Geomancy||[still]\n|-prepare|p2a: Xerneas|Geomancy\n|move|p1a: Chansey|Confide|p2a: Xerneas\n|-unboost|p2a: Xerneas|spa|1\n|\n|upkeep\n|turn|73\n|inactive|Ferrothornail\u8349\u94a2\u7532 has 120 seconds left.\n|\n|t:|1662817322\n|move|p2a: Xerneas|Geomancy|p2a: Xerneas|[from]lockedmove\n|-boost|p2a: Xerneas|spa|2\n|-boost|p2a: Xerneas|spd|2\n|-boost|p2a: Xerneas|spe|2\n|move|p1a: Chansey|Teleport|p1a: Chansey\n|inactive|Ferrothornail\u8349\u94a2\u7532 has 90 seconds left.\n|\n|t:|1662817349\n|switch|p1a: Lugia|Lugia|100\/100|[from]move: Teleport\n|-damage|p1a: Lugia|75\/100|[from] Stealth Rock\n|\n|upkeep\n|turn|74\n|\n|t:|1662817353\n|move|p2a: Xerneas|Moonblast|p1a: Lugia\n|-damage|p1a: Lugia|28\/100\n|move|p1a: Lugia|Substitute|p1a: Lugia\n|-start|p1a: Lugia|Substitute\n|-damage|p1a: Lugia|3\/100\n|\n|upkeep\n|turn|75\n|\n|t:|1662817359\n|move|p2a: Xerneas|Moonblast|p1a: Lugia\n|-end|p1a: Lugia|Substitute\n|move|p1a: Lugia|Roost|p1a: Lugia\n|-heal|p1a: Lugia|53\/100\n|-singleturn|p1a: Lugia|move: Roost\n|\n|upkeep\n|turn|76\n|\n|t:|1662817365\n|move|p2a: Xerneas|Moonblast|p1a: Lugia\n|-damage|p1a: Lugia|10\/100\n|move|p1a: Lugia|Roost|p1a: Lugia\n|-heal|p1a: Lugia|60\/100\n|-singleturn|p1a: Lugia|move: Roost\n|\n|upkeep\n|turn|77\n|\n|t:|1662817368\n|move|p2a: Xerneas|Moonblast|p1a: Lugia\n|-damage|p1a: Lugia|16\/100\n|move|p1a: Lugia|Roost|p1a: Lugia\n|-heal|p1a: Lugia|66\/100\n|-singleturn|p1a: Lugia|move: Roost\n|\n|upkeep\n|turn|78\n|\n|t:|1662817372\n|switch|p1a: Chansey|Chansey, F|91\/100\n|-damage|p1a: Chansey|78\/100|[from] Stealth Rock\n|move|p2a: Xerneas|Moonblast|p1a: Chansey\n|-damage|p1a: Chansey|48\/100\n|-unboost|p1a: Chansey|spa|1\n|\n|upkeep\n|turn|79\n|\n|t:|1662817377\n|move|p2a: Xerneas|Geomancy||[still]\n|-prepare|p2a: Xerneas|Geomancy\n|move|p1a: Chansey|Soft-Boiled|p1a: Chansey\n|-heal|p1a: Chansey|98\/100\n|\n|upkeep\n|turn|80\n|\n|t:|1662817383\n|move|p2a: Xerneas|Geomancy|p2a: Xerneas|[from]lockedmove\n|-boost|p2a: Xerneas|spa|2\n|-boost|p2a: Xerneas|spd|2\n|-boost|p2a: Xerneas|spe|2\n|move|p1a: Chansey|Confide|p2a: Xerneas\n|-unboost|p2a: Xerneas|spa|1\n|\n|upkeep\n|turn|81\n|c| xiaolinyo|\u4eca\u5929\u7684\u5b9d\u5c31\u4ece\u89c2\u6218\u624b\u81c2\u7ed3\u675f\n|l| xiaolinyo\n|\n|t:|1662817401\n|move|p2a: Xerneas|Geomancy||[still]\n|-prepare|p2a: Xerneas|Geomancy\n|move|p1a: Chansey|Confide|p2a: Xerneas\n|-unboost|p2a: Xerneas|spa|1\n|\n|upkeep\n|turn|82\n|\n|t:|1662817406\n|move|p2a: Xerneas|Geomancy|p2a: Xerneas|[from]lockedmove\n|-boost|p2a: Xerneas|spa|2\n|-boost|p2a: Xerneas|spd|2\n|-boost|p2a: Xerneas|spe|2\n|move|p1a: Chansey|Confide|p2a: Xerneas\n|-unboost|p2a: Xerneas|spa|1\n|\n|upkeep\n|turn|83\n|\n|t:|1662817410\n|move|p2a: Xerneas|Moonblast|p1a: Chansey\n|-damage|p1a: Chansey|60\/100\n|move|p1a: Chansey|Confide|p2a: Xerneas\n|-unboost|p2a: Xerneas|spa|1\n|\n|upkeep\n|turn|84\n|\n|t:|1662817416\n|switch|p1a: Lugia|Lugia|66\/100\n|-damage|p1a: Lugia|41\/100|[from] Stealth Rock\n|move|p2a: Xerneas|Moonblast|p1a: Lugia\n|-damage|p1a: Lugia|0 fnt\n|faint|p1a: Lugia\n|\n|upkeep\n|-message|Ferrothornail\u8349\u94a2\u7532 forfeited.\n|\n|win|NOOOOHF\n|raw|Ferrothornail\u8349\u94a2\u7532's rating: 1627 &rarr; <strong>1607<\/strong><br \/>(-20 for losing)\n|raw|NOOOOHF's rating: 1631 &rarr; <strong>1651<\/strong><br \/>(+20 for winning)\n","uploadtime":1662817431,"views":4,"p1id":"ferrothornail","p2id":"noooohf","formatid":"gen8nationaldexag","rating":1607,"private":0,"password":null}