{"id":"gen8nationaldex-1657077110","p1":"KetamineKermit","p2":"BiteSizeEgg","format":"gen8nationaldex","log":"|j|\u2606KetamineKermit\n|j|\u2606BiteSizeEgg\n|t:|1662420595\n|gametype|singles\n|player|p1|KetamineKermit|pokemaniac|1347\n|player|p2|BiteSizeEgg|169|1405\n|teamsize|p1|6\n|teamsize|p2|6\n|gen|8\n|tier|[Gen 8] National Dex\n|rated|\n|rule|HP Percentage Mod: HP is shown in percentages\n|rule|Endless Battle Clause: Forcing endless battles is banned\n|rule|OHKO Clause: OHKO moves are banned\n|rule|Evasion Moves Clause: Evasion moves are banned\n|rule|Species Clause: Limit one of each Pok\u00e9mon\n|rule|Dynamax Clause: You cannot dynamax\n|rule|Sleep Clause Mod: Limit one foe put to sleep\n|clearpoke\n|poke|p1|Weavile, F|\n|poke|p1|Metagross|\n|poke|p1|Zapdos|\n|poke|p1|Goodra, M|\n|poke|p1|Urshifu-*, F|\n|poke|p1|Diancie|\n|poke|p2|Landorus-Therian, M|\n|poke|p2|Serperior, F|\n|poke|p2|Moltres-Galar|\n|poke|p2|Celesteela|\n|poke|p2|Gyarados, M|\n|poke|p2|Volcarona, M|\n|teampreview\n|inactive|Battle timer is ON: inactive players will automatically lose when time's up. (requested by BiteSizeEgg)\n|inactive|KetamineKermit also wants the timer to be on.\n|\n|t:|1662420604\n|start\n|switch|p1a: Metagross|Metagross|100\/100\n|switch|p2a: Landorus|Landorus-Therian, M|100\/100\n|-ability|p2a: Landorus|Intimidate|boost\n|-fail|p1a: Metagross|unboost|[from] ability: Clear Body|[of] p1a: Metagross\n|turn|1\n|c|\u2606KetamineKermit|glhf\n|\n|t:|1662420610\n|move|p2a: Landorus|Stealth Rock|p1a: Metagross\n|-sidestart|p1: KetamineKermit|move: Stealth Rock\n|move|p1a: Metagross|Meteor Mash|p2a: Landorus\n|-damage|p2a: Landorus|41\/100\n|\n|upkeep\n|turn|2\n|\n|t:|1662420614\n|move|p2a: Landorus|Earthquake|p1a: Metagross\n|-supereffective|p1a: Metagross\n|-damage|p1a: Metagross|21\/100\n|move|p1a: Metagross|Meteor Mash|p2a: Landorus\n|-damage|p2a: Landorus|0 fnt\n|faint|p2a: Landorus\n|\n|upkeep\n|\n|t:|1662420618\n|switch|p2a: Gyarados|Gyarados, M|100\/100\n|turn|3\n|-enditem|p1a: Metagross|Custap Berry|[eat]\n|-activate|p1a: Metagross|item: Custap Berry|[consumed]\n|\n|t:|1662420622\n|move|p1a: Metagross|Explosion|p2a: Gyarados\n|-crit|p2a: Gyarados\n|-damage|p2a: Gyarados|0 fnt\n|faint|p1a: Metagross\n|faint|p2a: Gyarados\n|\n|upkeep\n|\n|t:|1662420634\n|switch|p2a: Volcarona|Volcarona, M|100\/100\n|switch|p1a: Zapdos|Zapdos, shiny|100\/100\n|turn|4\n|\n|t:|1662420640\n|move|p2a: Volcarona|Quiver Dance|p2a: Volcarona\n|-boost|p2a: Volcarona|spa|1\n|-boost|p2a: Volcarona|spd|1\n|-boost|p2a: Volcarona|spe|1\n|move|p1a: Zapdos|U-turn|p2a: Volcarona\n|-resisted|p2a: Volcarona\n|-damage|p2a: Volcarona|90\/100\n|-status|p1a: Zapdos|brn|[from] ability: Flame Body|[of] p2a: Volcarona\n|\n|t:|1662420644\n|switch|p1a: Diancie|Diancie|100\/100|[from]move: U-turn\n|-damage|p1a: Diancie|88\/100|[from] Stealth Rock\n|\n|upkeep\n|turn|5\n|\n|t:|1662420647\n|switch|p2a: Celesteela|Celesteela|100\/100\n|detailschange|p1a: Diancie|Diancie-Mega\n|-mega|p1a: Diancie|Diancie|Diancite\n|move|p1a: Diancie|Diamond Storm|p2a: Celesteela\n|-damage|p2a: Celesteela|51\/100\n|\n|upkeep\n|turn|6\n|\n|t:|1662420661\n|switch|p1a: Zapdos|Zapdos, shiny|100\/100 brn\n|move|p2a: Celesteela|Heavy Slam|p1a: Zapdos\n|-resisted|p1a: Zapdos\n|-damage|p1a: Zapdos|78\/100 brn\n|-status|p2a: Celesteela|par|[from] ability: Static|[of] p1a: Zapdos\n|\n|-damage|p1a: Zapdos|72\/100 brn|[from] brn\n|upkeep\n|turn|7\n|\n|t:|1662420670\n|switch|p2a: Volcarona|Volcarona, M|90\/100\n|move|p1a: Zapdos|Defog|p2a: Volcarona\n|-unboost|p2a: Volcarona|evasion|1\n|-sideend|p1: KetamineKermit|Stealth Rock|[from] move: Defog|[of] p1a: Zapdos\n|\n|-damage|p1a: Zapdos|66\/100 brn|[from] brn\n|upkeep\n|turn|8\n|\n|t:|1662420675\n|move|p2a: Volcarona|Flamethrower|p1a: Zapdos\n|-damage|p1a: Zapdos|21\/100 brn\n|move|p1a: Zapdos|U-turn|p2a: Volcarona\n|-resisted|p2a: Volcarona\n|-damage|p2a: Volcarona|85\/100\n|\n|t:|1662420678\n|switch|p1a: Diancie|Diancie-Mega|88\/100|[from]move: U-turn\n|\n|upkeep\n|turn|9\n|\n|t:|1662420680\n|switch|p2a: Celesteela|Celesteela|51\/100 par\n|move|p1a: Diancie|Diamond Storm|p2a: Celesteela\n|-damage|p2a: Celesteela|1\/100 par\n|\n|upkeep\n|turn|10\n|\n|t:|1662420684\n|move|p1a: Diancie|Diamond Storm|p2a: Celesteela|[miss]\n|-miss|p1a: Diancie|p2a: Celesteela\n|cant|p2a: Celesteela|par\n|\n|upkeep\n|turn|11\n|\n|t:|1662420686\n|move|p1a: Diancie|Diamond Storm|p2a: Celesteela\n|-damage|p2a: Celesteela|0 fnt\n|-boost|p1a: Diancie|def|2\n|faint|p2a: Celesteela\n|\n|upkeep\n|\n|t:|1662420688\n|switch|p2a: Serperior|Serperior, F|100\/100\n|turn|12\n|\n|t:|1662420692\n|switch|p1a: Goodra|Goodra, M, shiny|100\/100\n|move|p2a: Serperior|Leaf Storm|p1a: Goodra\n|-ability|p1a: Goodra|Sap Sipper|boost\n|-boost|p1a: Goodra|atk|1\n|\n|upkeep\n|turn|13\n|\n|t:|1662420699\n|switch|p2a: Moltres|Moltres-Galar|100\/100\n|move|p1a: Goodra|Sludge Bomb|p2a: Moltres\n|-damage|p2a: Moltres|74\/100\n|\n|upkeep\n|turn|14\n|\n|t:|1662420702\n|move|p2a: Moltres|Nasty Plot|p2a: Moltres\n|-boost|p2a: Moltres|spa|2\n|move|p1a: Goodra|Ice Beam|p2a: Moltres\n|-supereffective|p2a: Moltres\n|-damage|p2a: Moltres|23\/100\n|-ability|p2a: Moltres|Berserk|boost\n|-boost|p2a: Moltres|spa|1\n|\n|upkeep\n|turn|15\n|\n|t:|1662420706\n|-zpower|p2a: Moltres\n|move|p2a: Moltres|Supersonic Skystrike|p1a: Goodra|[zeffect]\n|-damage|p1a: Goodra|18\/100\n|move|p1a: Goodra|Ice Beam|p2a: Moltres\n|-supereffective|p2a: Moltres\n|-damage|p2a: Moltres|0 fnt\n|faint|p2a: Moltres\n|\n|upkeep\n|\n|t:|1662420714\n|switch|p2a: Volcarona|Volcarona, M|85\/100\n|turn|16\n|\n|t:|1662420719\n|switch|p1a: Diancie|Diancie-Mega|88\/100\n|move|p2a: Volcarona|Quiver Dance|p2a: Volcarona\n|-boost|p2a: Volcarona|spa|1\n|-boost|p2a: Volcarona|spd|1\n|-boost|p2a: Volcarona|spe|1\n|\n|upkeep\n|turn|17\n|\n|t:|1662420721\n|move|p2a: Volcarona|Hidden Power|p1a: Diancie\n|-supereffective|p1a: Diancie\n|-damage|p1a: Diancie|0 fnt\n|faint|p1a: Diancie\n|\n|upkeep\n|\n|t:|1662420728\n|switch|p1a: Urshifu|Urshifu-Rapid-Strike, F|100\/100\n|turn|18\n|\n|t:|1662420730\n|switch|p2a: Serperior|Serperior, F|100\/100\n|move|p1a: Urshifu|Surging Strikes|p2a: Serperior\n|-resisted|p2a: Serperior\n|-crit|p2a: Serperior\n|-damage|p2a: Serperior|88\/100\n|-damage|p1a: Urshifu|84\/100|[from] item: Rocky Helmet|[of] p2a: Serperior\n|-resisted|p2a: Serperior\n|-crit|p2a: Serperior\n|-damage|p2a: Serperior|74\/100\n|-damage|p1a: Urshifu|68\/100|[from] item: Rocky Helmet|[of] p2a: Serperior\n|-resisted|p2a: Serperior\n|-crit|p2a: Serperior\n|-damage|p2a: Serperior|62\/100\n|-damage|p1a: Urshifu|51\/100|[from] item: Rocky Helmet|[of] p2a: Serperior\n|-hitcount|p2a: Serperior|3\n|\n|upkeep\n|turn|19\n|\n|t:|1662420738\n|switch|p1a: Goodra|Goodra, M, shiny|18\/100\n|switch|p2a: Volcarona|Volcarona, M|85\/100\n|\n|upkeep\n|turn|20\n|\n|t:|1662420746\n|switch|p1a: Urshifu|Urshifu-Rapid-Strike, F|51\/100\n|move|p2a: Volcarona|Bug Buzz|p1a: Urshifu\n|-resisted|p1a: Urshifu\n|-damage|p1a: Urshifu|18\/100\n|\n|upkeep\n|turn|21\n|\n|t:|1662420753\n|switch|p2a: Serperior|Serperior, F|62\/100\n|move|p1a: Urshifu|U-turn|p2a: Serperior\n|-supereffective|p2a: Serperior\n|-damage|p2a: Serperior|0 fnt\n|-damage|p1a: Urshifu|1\/100|[from] item: Rocky Helmet|[of] p2a: Serperior\n|faint|p2a: Serperior\n|\n|t:|1662420758\n|switch|p1a: Weavile|Weavile, F|100\/100|[from]move: U-turn\n|\n|upkeep\n|\n|t:|1662420760\n|switch|p2a: Volcarona|Volcarona, M|85\/100\n|turn|22\n|\n|t:|1662420763\n|move|p1a: Weavile|Knock Off|p2a: Volcarona\n|-damage|p2a: Volcarona|0 fnt\n|-enditem|p2a: Volcarona|Heavy-Duty Boots|[from] move: Knock Off|[of] p1a: Weavile\n|faint|p2a: Volcarona\n|\n|win|KetamineKermit\n|raw|KetamineKermit's rating: 1347 &rarr; <strong>1370<\/strong><br \/>(+23 for winning)\n|raw|BiteSizeEgg's rating: 1405 &rarr; <strong>1382<\/strong><br \/>(-23 for losing)\n|l|\u2606BiteSizeEgg\n|c|\u2606KetamineKermit|gg\n","uploadtime":1662420772,"views":10,"p1id":"ketaminekermit","p2id":"bitesizeegg","formatid":"gen8nationaldex","rating":1370,"private":0,"password":null}