{"id":"gen8ou-1632673693","p1":"LT92PF Bee","p2":"reionatro","format":"gen8ou","log":"|raw|<div class=\"broadcast-blue\"><strong>This battle is required to be public due to a player having a name starting with 'lt92pf'.<\/div>\n|j|\u203dLT92PF Bee\n|j|\u2606reionatro\n|t:|1659684770\n|gametype|singles\n|player|p1|LT92PF Bee|akari|1743\n|player|p2|reionatro|265|1762\n|teamsize|p1|6\n|teamsize|p2|6\n|gen|8\n|tier|[Gen 8] OU\n|rated|\n|rule|Sleep Clause Mod: Limit one foe put to sleep\n|rule|Species Clause: Limit one of each Pok\u00e9mon\n|rule|OHKO Clause: OHKO moves are banned\n|rule|Evasion Items Clause: Evasion items are banned\n|rule|Evasion Moves Clause: Evasion moves are banned\n|rule|Endless Battle Clause: Forcing endless battles is banned\n|rule|HP Percentage Mod: HP is shown in percentages\n|rule|Dynamax Clause: You cannot dynamax\n|clearpoke\n|poke|p1|Dragonite, F|\n|poke|p1|Urshifu-*, M|\n|poke|p1|Tapu Lele|\n|poke|p1|Heatran, M|\n|poke|p1|Landorus-Therian, M|\n|poke|p1|Rillaboom, F|\n|poke|p2|Nihilego|\n|poke|p2|Zapdos-Galar|\n|poke|p2|Kartana|\n|poke|p2|Celesteela|\n|poke|p2|Garchomp, F|\n|poke|p2|Tapu Fini|\n|teampreview\n|inactive|Battle timer is ON: inactive players will automatically lose when time's up. (requested by LT92PF Bee)\n|j| galactest bro !\n|l| galactest bro !\n|inactive|reionatro has 120 seconds left.\n|c|\u2606reionatro|hf\n|\n|t:|1659684817\n|start\n|switch|p1a: Tapu Lele|Tapu Lele|100\/100\n|switch|p2a: Kartana|Kartana|100\/100\n|-fieldstart|move: Psychic Terrain|[from] ability: Psychic Surge|[of] p1a: Tapu Lele\n|turn|1\n|\n|t:|1659684824\n|switch|p1a: Heatran|Heatran, M|100\/100\n|move|p2a: Kartana|Knock Off|p1a: Heatran\n|-damage|p1a: Heatran|64\/100\n|-enditem|p1a: Heatran|Leftovers|[from] move: Knock Off|[of] p2a: Kartana\n|\n|upkeep\n|turn|2\n|j| arnavgupta\n|j| ripreckful\n|\n|t:|1659684834\n|switch|p2a: Tapu Fini|Tapu Fini|100\/100\n|-fieldstart|move: Misty Terrain|[from] ability: Misty Surge|[of] p2a: Tapu Fini\n|move|p1a: Heatran|Stealth Rock|p2a: Tapu Fini\n|-sidestart|p2: reionatro|move: Stealth Rock\n|\n|upkeep\n|turn|3\n|j| maimslap\n|\n|t:|1659684845\n|switch|p1a: Rillaboom|Rillaboom, F|100\/100\n|-fieldstart|move: Grassy Terrain|[from] ability: Grassy Surge|[of] p1a: Rillaboom\n|move|p2a: Tapu Fini|Scald|p1a: Rillaboom\n|-resisted|p1a: Rillaboom\n|-damage|p1a: Rillaboom|83\/100\n|\n|-heal|p1a: Rillaboom|89\/100|[from] Grassy Terrain\n|-heal|p1a: Rillaboom|96\/100|[from] item: Leftovers\n|upkeep\n|turn|4\n|\n|t:|1659684853\n|switch|p2a: Garchomp|Garchomp, F|100\/100\n|-damage|p2a: Garchomp|94\/100|[from] Stealth Rock\n|move|p1a: Rillaboom|Knock Off|p2a: Garchomp\n|-damage|p2a: Garchomp|66\/100\n|-damage|p1a: Rillaboom|83\/100|[from] ability: Rough Skin|[of] p2a: Garchomp\n|-damage|p1a: Rillaboom|67\/100|[from] item: Rocky Helmet|[of] p2a: Garchomp\n|-enditem|p2a: Garchomp|Rocky Helmet|[from] move: Knock Off|[of] p1a: Rillaboom\n|\n|-heal|p2a: Garchomp|72\/100|[from] Grassy Terrain\n|-heal|p1a: Rillaboom|73\/100|[from] Grassy Terrain\n|-heal|p1a: Rillaboom|79\/100|[from] item: Leftovers\n|upkeep\n|turn|5\n|j| Zokuru\n|\n|t:|1659684867\n|switch|p1a: Tapu Lele|Tapu Lele|100\/100\n|-fieldstart|move: Psychic Terrain|[from] ability: Psychic Surge|[of] p1a: Tapu Lele\n|move|p2a: Garchomp|Toxic|p1a: Tapu Lele\n|-status|p1a: Tapu Lele|tox\n|\n|-damage|p1a: Tapu Lele|94\/100 tox|[from] psn\n|upkeep\n|turn|6\n|l| Zokuru\n|l| ripreckful\n|inactive|reionatro has 120 seconds left.\n|\n|t:|1659684899\n|move|p2a: Garchomp|Earthquake|p1a: Tapu Lele\n|-damage|p1a: Tapu Lele|28\/100 tox\n|move|p1a: Tapu Lele|Psychic|p2a: Garchomp\n|-damage|p2a: Garchomp|0 fnt\n|faint|p2a: Garchomp\n|\n|-damage|p1a: Tapu Lele|16\/100 tox|[from] psn\n|upkeep\n|inactive|reionatro has 120 seconds left.\n|j| lakob\n|j| isudbhfahsb\n|j| Wado BTK\n|inactive|reionatro has 90 seconds left.\n|\n|t:|1659684934\n|switch|p2a: Nihilego|Nihilego|100\/100\n|-damage|p2a: Nihilego|88\/100|[from] Stealth Rock\n|turn|7\n|l| maimslap\n|inactive|reionatro has 90 seconds left.\n|\n|t:|1659684953\n|move|p2a: Nihilego|Meteor Beam||[still]\n|-prepare|p2a: Nihilego|Meteor Beam\n|-boost|p2a: Nihilego|spa|1\n|-enditem|p2a: Nihilego|Power Herb\n|-anim|p2a: Nihilego|Meteor Beam|p1a: Tapu Lele\n|-damage|p1a: Tapu Lele|0 fnt\n|faint|p1a: Tapu Lele\n|-ability|p2a: Nihilego|Beast Boost|boost\n|-boost|p2a: Nihilego|spe|1\n|\n|upkeep\n|\n|t:|1659684960\n|switch|p1a: Landorus|Landorus-Therian, M|100\/100\n|-ability|p1a: Landorus|Intimidate|boost\n|-unboost|p2a: Nihilego|atk|1\n|turn|8\n|\n|t:|1659684972\n|switch|p2a: Zapdos|Zapdos-Galar|100\/100\n|-damage|p2a: Zapdos|88\/100|[from] Stealth Rock\n|move|p1a: Landorus|Earthquake|p2a: Zapdos\n|-immune|p2a: Zapdos\n|\n|upkeep\n|turn|9\n|\n|t:|1659684979\n|switch|p1a: Dragonite|Dragonite, F|100\/100\n|move|p2a: Zapdos|Brave Bird|p1a: Dragonite\n|-crit|p1a: Dragonite\n|-damage|p1a: Dragonite|53\/100\n|-damage|p2a: Zapdos|69\/100|[from] Recoil\n|\n|-fieldend|move: Psychic Terrain\n|upkeep\n|turn|10\n|\n|t:|1659684984\n|move|p2a: Zapdos|Brave Bird|p1a: Dragonite\n|-damage|p1a: Dragonite|0 fnt\n|faint|p1a: Dragonite\n|-damage|p2a: Zapdos|48\/100|[from] Recoil\n|\n|upkeep\n|\n|t:|1659684992\n|switch|p1a: Urshifu|Urshifu-Rapid-Strike, M|100\/100\n|turn|11\n|\n|t:|1659685005\n|move|p2a: Zapdos|Brave Bird|p1a: Urshifu\n|-supereffective|p1a: Urshifu\n|-damage|p1a: Urshifu|0 fnt\n|faint|p1a: Urshifu\n|-damage|p2a: Zapdos|13\/100|[from] Recoil\n|\n|upkeep\n|\n|t:|1659685009\n|switch|p1a: Rillaboom|Rillaboom, F|79\/100\n|-fieldstart|move: Grassy Terrain|[from] ability: Grassy Surge|[of] p1a: Rillaboom\n|turn|12\n|j| beergoggles\n|inactive|reionatro has 120 seconds left.\n|\n|t:|1659685016\n|move|p1a: Rillaboom|Grassy Glide|p2a: Zapdos\n|-resisted|p2a: Zapdos\n|-damage|p2a: Zapdos|0 fnt\n|faint|p2a: Zapdos\n|\n|-heal|p1a: Rillaboom|85\/100|[from] Grassy Terrain\n|-heal|p1a: Rillaboom|91\/100|[from] item: Leftovers\n|upkeep\n|inactive|reionatro has 120 seconds left.\n|\n|t:|1659685050\n|switch|p2a: Celesteela|Celesteela|100\/100\n|-damage|p2a: Celesteela|88\/100|[from] Stealth Rock\n|turn|13\n|l| arnavgupta\n|\n|t:|1659685061\n|switch|p1a: Heatran|Heatran, M|64\/100\n|move|p2a: Celesteela|Air Slash|p1a: Heatran\n|-resisted|p1a: Heatran\n|-crit|p1a: Heatran\n|-damage|p1a: Heatran|47\/100\n|\n|-heal|p1a: Heatran|53\/100|[from] Grassy Terrain\n|upkeep\n|turn|14\n|\n|t:|1659685069\n|switch|p2a: Tapu Fini|Tapu Fini|100\/100\n|-damage|p2a: Tapu Fini|88\/100|[from] Stealth Rock\n|-fieldstart|move: Misty Terrain|[from] ability: Misty Surge|[of] p2a: Tapu Fini\n|switch|p1a: Rillaboom|Rillaboom, F|91\/100\n|-fieldstart|move: Grassy Terrain|[from] ability: Grassy Surge|[of] p1a: Rillaboom\n|\n|-heal|p1a: Rillaboom|98\/100|[from] Grassy Terrain\n|-heal|p1a: Rillaboom|100\/100|[from] item: Leftovers\n|-heal|p2a: Tapu Fini|94\/100|[from] Grassy Terrain\n|-heal|p2a: Tapu Fini|100\/100|[from] item: Leftovers\n|upkeep\n|turn|15\n|l| isudbhfahsb\n|inactive|reionatro has 90 seconds left.\n|l| lakob\n|\n|t:|1659685105\n|switch|p2a: Nihilego|Nihilego|88\/100\n|-damage|p2a: Nihilego|76\/100|[from] Stealth Rock\n|move|p1a: Rillaboom|Swords Dance|p1a: Rillaboom\n|-boost|p1a: Rillaboom|atk|2\n|\n|-heal|p2a: Nihilego|82\/100|[from] Grassy Terrain\n|upkeep\n|turn|16\n|\n|t:|1659685111\n|move|p1a: Rillaboom|Grassy Glide|p2a: Nihilego\n|-damage|p2a: Nihilego|0 fnt\n|faint|p2a: Nihilego\n|\n|upkeep\n|\n|t:|1659685114\n|switch|p2a: Celesteela|Celesteela|88\/100\n|-damage|p2a: Celesteela|76\/100|[from] Stealth Rock\n|turn|17\n|j| YT DeathZone\n|\n|t:|1659685133\n|move|p1a: Rillaboom|Superpower|p2a: Celesteela\n|-damage|p2a: Celesteela|0 fnt\n|-unboost|p1a: Rillaboom|atk|1\n|-unboost|p1a: Rillaboom|def|1\n|faint|p2a: Celesteela\n|\n|upkeep\n|inactive|reionatro has 90 seconds left.\n|\n|t:|1659685147\n|switch|p2a: Kartana|Kartana|100\/100\n|-damage|p2a: Kartana|94\/100|[from] Stealth Rock\n|turn|18\n|inactive|reionatro has 90 seconds left.\n|\n|t:|1659685161\n|switch|p1a: Landorus|Landorus-Therian, M|100\/100\n|-ability|p1a: Landorus|Intimidate|boost\n|-unboost|p2a: Kartana|atk|1\n|move|p2a: Kartana|Sacred Sword|p1a: Landorus\n|-resisted|p1a: Landorus\n|-damage|p1a: Landorus|88\/100\n|\n|-heal|p2a: Kartana|100\/100|[from] Grassy Terrain\n|-heal|p1a: Landorus|94\/100|[from] item: Leftovers\n|-fieldend|move: Grassy Terrain\n|upkeep\n|turn|19\n|\n|t:|1659685167\n|switch|p2a: Tapu Fini|Tapu Fini|100\/100\n|-damage|p2a: Tapu Fini|88\/100|[from] Stealth Rock\n|-fieldstart|move: Misty Terrain|[from] ability: Misty Surge|[of] p2a: Tapu Fini\n|move|p1a: Landorus|U-turn|p2a: Tapu Fini\n|-resisted|p2a: Tapu Fini\n|-damage|p2a: Tapu Fini|80\/100\n|\n|t:|1659685168\n|switch|p1a: Rillaboom|Rillaboom, F|100\/100|[from]move: U-turn\n|-fieldstart|move: Grassy Terrain|[from] ability: Grassy Surge|[of] p1a: Rillaboom\n|\n|-heal|p2a: Tapu Fini|86\/100|[from] Grassy Terrain\n|-heal|p2a: Tapu Fini|92\/100|[from] item: Leftovers\n|upkeep\n|turn|20\n|\n|t:|1659685175\n|move|p1a: Rillaboom|Grassy Glide|p2a: Tapu Fini\n|-supereffective|p2a: Tapu Fini\n|-damage|p2a: Tapu Fini|12\/100\n|move|p2a: Tapu Fini|Scald|p1a: Rillaboom\n|-resisted|p1a: Rillaboom\n|-damage|p1a: Rillaboom|83\/100\n|\n|-heal|p1a: Rillaboom|90\/100|[from] Grassy Terrain\n|-heal|p1a: Rillaboom|96\/100|[from] item: Leftovers\n|-heal|p2a: Tapu Fini|18\/100|[from] Grassy Terrain\n|-heal|p2a: Tapu Fini|24\/100|[from] item: Leftovers\n|upkeep\n|turn|21\n|\n|t:|1659685182\n|move|p1a: Rillaboom|Grassy Glide|p2a: Tapu Fini\n|-supereffective|p2a: Tapu Fini\n|-damage|p2a: Tapu Fini|0 fnt\n|faint|p2a: Tapu Fini\n|\n|-heal|p1a: Rillaboom|100\/100|[from] Grassy Terrain\n|upkeep\n|\n|t:|1659685184\n|switch|p2a: Kartana|Kartana|100\/100\n|-damage|p2a: Kartana|94\/100|[from] Stealth Rock\n|turn|22\n|inactive|reionatro has 120 seconds left.\n|\n|t:|1659685195\n|move|p2a: Kartana|Leaf Blade|p1a: Rillaboom\n|-resisted|p1a: Rillaboom\n|-damage|p1a: Rillaboom|61\/100\n|move|p1a: Rillaboom|Superpower|p2a: Kartana\n|-supereffective|p2a: Kartana\n|-damage|p2a: Kartana|0 fnt\n|-unboost|p1a: Rillaboom|atk|1\n|-unboost|p1a: Rillaboom|def|1\n|faint|p2a: Kartana\n|\n|win|LT92PF Bee\n|raw|LT92PF Bee's rating: 1743 &rarr; <strong>1764<\/strong><br \/>(+21 for winning)\n|raw|reionatro's rating: 1762 &rarr; <strong>1741<\/strong><br \/>(-21 for losing)\n|l|\u203dLT92PF Bee\n|l|\u2606reionatro\n","uploadtime":1659685223,"views":60,"p1id":"lt92pfbee","p2id":"reionatro","formatid":"gen8ou","rating":1741,"private":0,"password":null}