{"id":"gen8ou-1691086829","p1":"walch1498","p2":"HQSNonsense","format":"gen8ou","log":"|html|<div class=\"broadcast-blue\"><strong>[Gen 8] OU is currently suspecting Melmetal! For information on how to participate check out the <a href=\"https:\/\/www.smogon.com\/forums\/threads\/np-ss-ou-suspect-process-round-12-monster-mash.3709234\/\">suspect thread<\/a>.<\/strong><\/div>\n|j|\u2606walch1498\n|j|\u2606HQSNonsense\n|t:|1666341579\n|gametype|singles\n|player|p1|walch1498|170|1631\n|player|p2|HQSNonsense|veteranf|1565\n|teamsize|p1|6\n|teamsize|p2|6\n|gen|8\n|tier|[Gen 8] OU\n|rated|\n|rule|Sleep Clause Mod: Limit one foe put to sleep\n|rule|Species Clause: Limit one of each Pok\u00e9mon\n|rule|OHKO Clause: OHKO moves are banned\n|rule|Evasion Items Clause: Evasion items are banned\n|rule|Evasion Moves Clause: Evasion moves are banned\n|rule|Endless Battle Clause: Forcing endless battles is banned\n|rule|HP Percentage Mod: HP is shown in percentages\n|rule|Dynamax Clause: You cannot dynamax\n|clearpoke\n|poke|p1|Seismitoad, M|\n|poke|p1|Hawlucha, F|\n|poke|p1|Gengar, F|\n|poke|p1|Melmetal|\n|poke|p1|Rillaboom, F|\n|poke|p1|Blaziken, M|\n|poke|p2|Dragapult, F|\n|poke|p2|Weavile, M|\n|poke|p2|Rillaboom, M|\n|poke|p2|Nihilego|\n|poke|p2|Garchomp, F|\n|poke|p2|Celesteela|\n|teampreview\n|inactive|Battle timer is ON: inactive players will automatically lose when time's up. (requested by HQSNonsense)\n|\n|t:|1666341591\n|start\n|switch|p1a: Seismitoad|Seismitoad, M|100\/100\n|switch|p2a: Garchomp|Garchomp, F|100\/100\n|turn|1\n|\n|t:|1666341595\n|move|p2a: Garchomp|Stealth Rock|p1a: Seismitoad\n|-sidestart|p1: walch1498|move: Stealth Rock\n|move|p1a: Seismitoad|Toxic|p2a: Garchomp|[miss]\n|-miss|p1a: Seismitoad|p2a: Garchomp\n|\n|upkeep\n|turn|2\n|\n|t:|1666341601\n|move|p2a: Garchomp|Swords Dance|p2a: Garchomp\n|-boost|p2a: Garchomp|atk|2\n|move|p1a: Seismitoad|Stealth Rock|p2a: Garchomp\n|-sidestart|p2: HQSNonsense|move: Stealth Rock\n|\n|upkeep\n|turn|3\n|\n|t:|1666341610\n|move|p2a: Garchomp|Earthquake|p1a: Seismitoad\n|-damage|p1a: Seismitoad|29\/100\n|move|p1a: Seismitoad|Toxic|p2a: Garchomp\n|-status|p2a: Garchomp|tox\n|\n|-heal|p1a: Seismitoad|35\/100|[from] item: Leftovers\n|-damage|p2a: Garchomp|94\/100 tox|[from] psn\n|upkeep\n|turn|4\n|\n|t:|1666341614\n|move|p2a: Garchomp|Scale Shot|p1a: Seismitoad\n|-damage|p1a: Seismitoad|15\/100\n|-damage|p1a: Seismitoad|0 fnt\n|faint|p1a: Seismitoad\n|-hitcount|p1: Seismitoad|2\n|-unboost|p2a: Garchomp|def|1\n|-boost|p2a: Garchomp|spe|1\n|\n|-heal|p2a: Garchomp|100\/100 tox|[from] item: Leftovers\n|-damage|p2a: Garchomp|88\/100 tox|[from] psn\n|upkeep\n|\n|t:|1666341616\n|switch|p1a: Rillaboom|Rillaboom, F|100\/100\n|-damage|p1a: Rillaboom|88\/100|[from] Stealth Rock\n|-fieldstart|move: Grassy Terrain|[from] ability: Grassy Surge|[of] p1a: Rillaboom\n|turn|5\n|\n|t:|1666341620\n|move|p1a: Rillaboom|Grassy Glide|p2a: Garchomp\n|-damage|p2a: Garchomp|0 fnt\n|-damage|p1a: Rillaboom|76\/100|[from] ability: Rough Skin|[of] p2a: Garchomp\n|faint|p2a: Garchomp\n|-damage|p1a: Rillaboom|66\/100|[from] item: Life Orb\n|\n|-heal|p1a: Rillaboom|72\/100|[from] Grassy Terrain\n|upkeep\n|\n|t:|1666341624\n|switch|p2a: Celesteela|Celesteela|100\/100\n|-damage|p2a: Celesteela|88\/100|[from] Stealth Rock\n|turn|6\n|\n|t:|1666341631\n|move|p2a: Celesteela|Meteor Beam||[still]\n|-prepare|p2a: Celesteela|Meteor Beam\n|-boost|p2a: Celesteela|spa|1\n|-enditem|p2a: Celesteela|Power Herb\n|-anim|p2a: Celesteela|Meteor Beam|p1a: Rillaboom\n|-damage|p1a: Rillaboom|1\/100\n|move|p1a: Rillaboom|Superpower|p2a: Celesteela\n|-damage|p2a: Celesteela|28\/100\n|-unboost|p1a: Rillaboom|atk|1\n|-unboost|p1a: Rillaboom|def|1\n|-damage|p1a: Rillaboom|0 fnt|[from] item: Life Orb\n|faint|p1a: Rillaboom\n|\n|upkeep\n|\n|t:|1666341639\n|switch|p1a: Hawlucha|Hawlucha, F|100\/100\n|-damage|p1a: Hawlucha|88\/100|[from] Stealth Rock\n|-enditem|p1a: Hawlucha|Grassy Seed\n|-boost|p1a: Hawlucha|def|1|[from] item: Grassy Seed\n|turn|7\n|\n|t:|1666341643\n|move|p1a: Hawlucha|High Jump Kick|p2a: Celesteela|[miss]\n|-miss|p1a: Hawlucha|p2a: Celesteela\n|-damage|p1a: Hawlucha|38\/100|[from] highjumpkick\n|move|p2a: Celesteela|Air Slash|p1a: Hawlucha\n|-supereffective|p1a: Hawlucha\n|-damage|p1a: Hawlucha|0 fnt\n|faint|p1a: Hawlucha\n|-ability|p2a: Celesteela|Beast Boost|boost\n|-boost|p2a: Celesteela|spa|1\n|\n|upkeep\n|\n|t:|1666341646\n|switch|p1a: Gengar|Gengar, F|100\/100\n|-damage|p1a: Gengar|88\/100|[from] Stealth Rock\n|turn|8\n|\n|t:|1666341655\n|move|p1a: Gengar|Shadow Ball|p2a: Celesteela\n|-damage|p2a: Celesteela|0 fnt\n|faint|p2a: Celesteela\n|\n|-heal|p1a: Gengar|94\/100|[from] Grassy Terrain\n|upkeep\n|\n|t:|1666341659\n|switch|p2a: Nihilego|Nihilego|100\/100\n|-damage|p2a: Nihilego|88\/100|[from] Stealth Rock\n|turn|9\n|\n|t:|1666341662\n|switch|p1a: Melmetal|Melmetal|100\/100\n|-damage|p1a: Melmetal|94\/100|[from] Stealth Rock\n|move|p2a: Nihilego|Meteor Beam||[still]\n|-prepare|p2a: Nihilego|Meteor Beam\n|-boost|p2a: Nihilego|spa|1\n|-enditem|p2a: Nihilego|Power Herb\n|-anim|p2a: Nihilego|Meteor Beam|p1a: Melmetal\n|-resisted|p1a: Melmetal\n|-damage|p1a: Melmetal|72\/100\n|\n|-heal|p2a: Nihilego|94\/100|[from] Grassy Terrain\n|-heal|p1a: Melmetal|78\/100|[from] Grassy Terrain\n|-fieldend|move: Grassy Terrain\n|upkeep\n|turn|10\n|\n|t:|1666341672\n|move|p2a: Nihilego|Power Gem|p1a: Melmetal\n|-resisted|p1a: Melmetal\n|-damage|p1a: Melmetal|64\/100\n|move|p1a: Melmetal|Double Iron Bash|p2a: Nihilego\n|-supereffective|p2a: Nihilego\n|-damage|p2a: Nihilego|0 fnt\n|faint|p2a: Nihilego\n|-hitcount|p2: Nihilego|1\n|\n|upkeep\n|\n|t:|1666341676\n|switch|p2a: Weavile|Weavile, M|100\/100\n|-damage|p2a: Weavile|76\/100|[from] Stealth Rock\n|-ability|p2a: Weavile|Pressure\n|turn|11\n|\n|t:|1666341679\n|move|p2a: Weavile|Low Kick|p1a: Melmetal\n|-supereffective|p1a: Melmetal\n|-damage|p1a: Melmetal|0 fnt\n|faint|p1a: Melmetal\n|-damage|p2a: Weavile|66\/100|[from] item: Life Orb\n|\n|upkeep\n|\n|t:|1666341681\n|switch|p1a: Blaziken|Blaziken, M|100\/100\n|-damage|p1a: Blaziken|88\/100|[from] Stealth Rock\n|turn|12\n|\n|t:|1666341687\n|move|p2a: Weavile|Knock Off|p1a: Blaziken\n|-resisted|p1a: Blaziken\n|-damage|p1a: Blaziken|40\/100\n|-enditem|p1a: Blaziken|Life Orb|[from] move: Knock Off|[of] p2a: Weavile\n|-damage|p2a: Weavile|56\/100|[from] item: Life Orb\n|move|p1a: Blaziken|Close Combat|p2a: Weavile\n|-supereffective|p2a: Weavile\n|-damage|p2a: Weavile|0 fnt\n|-unboost|p1a: Blaziken|def|1\n|-unboost|p1a: Blaziken|spd|1\n|faint|p2a: Weavile\n|\n|-ability|p1a: Blaziken|Speed Boost|boost\n|-boost|p1a: Blaziken|spe|1\n|upkeep\n|\n|t:|1666341696\n|switch|p2a: Dragapult|Dragapult, F|100\/100\n|-damage|p2a: Dragapult|88\/100|[from] Stealth Rock\n|turn|13\n|\n|t:|1666341701\n|move|p1a: Blaziken|Flare Blitz|p2a: Dragapult\n|-resisted|p2a: Dragapult\n|-damage|p2a: Dragapult|44\/100\n|-damage|p1a: Blaziken|23\/100|[from] Recoil\n|move|p2a: Dragapult|Dragon Dance|p2a: Dragapult\n|-boost|p2a: Dragapult|atk|1\n|-boost|p2a: Dragapult|spe|1\n|\n|-heal|p2a: Dragapult|50\/100|[from] item: Leftovers\n|-ability|p1a: Blaziken|Speed Boost|boost\n|-boost|p1a: Blaziken|spe|1\n|upkeep\n|turn|14\n|\n|t:|1666341709\n|move|p2a: Dragapult|Dragon Darts|p1a: Blaziken\n|-damage|p1a: Blaziken|0 fnt\n|faint|p1a: Blaziken\n|\n|-heal|p2a: Dragapult|56\/100|[from] item: Leftovers\n|upkeep\n|-message|walch1498 forfeited.\n|\n|win|HQSNonsense\n|raw|walch1498's rating: 1631 &rarr; <strong>1607<\/strong><br \/>(-24 for losing)\n|raw|HQSNonsense's rating: 1565 &rarr; <strong>1589<\/strong><br \/>(+24 for winning)\n|l|\u2606walch1498\n","uploadtime":1666341719,"views":9,"p1id":"walch1498","p2id":"hqsnonsense","formatid":"gen8ou","rating":1589,"private":0,"password":null}