{"id":"gen8nationaldex-1568800377","p1":"mongwong","p2":"Fe4Rlicia","format":"gen8nationaldex","log":"|j|\u2606mongwong\n|j|\u203dFe4Rlicia\n|t:|1651821527\n|gametype|singles\n|player|p1|mongwong|265|1361\n|player|p2|Fe4Rlicia|swimmerf|1256\n|teamsize|p1|6\n|teamsize|p2|6\n|gen|8\n|tier|[Gen 8] National Dex\n|rated|\n|rule|HP Percentage Mod: HP is shown in percentages\n|rule|Endless Battle Clause: Forcing endless battles is banned\n|rule|OHKO Clause: OHKO moves are banned\n|rule|Evasion Moves Clause: Evasion moves are banned\n|rule|Species Clause: Limit one of each Pok\u00e9mon\n|rule|Dynamax Clause: You cannot dynamax\n|rule|Sleep Clause Mod: Limit one foe put to sleep\n|clearpoke\n|poke|p1|Feraligatr, M|\n|poke|p1|Togekiss, F|\n|poke|p1|Jolteon, F|\n|poke|p1|Donphan, M|\n|poke|p1|Scizor, F|\n|poke|p1|Volcarona, F|\n|poke|p2|Bronzong|\n|poke|p2|Mawile, F|\n|poke|p2|Glastrier|\n|poke|p2|Hatterene, F|\n|poke|p2|Slowking-Galar, M|\n|poke|p2|Stakataka|\n|teampreview\n|inactive|Battle timer is ON: inactive players will automatically lose when time's up. (requested by Fe4Rlicia)\n|\n|t:|1651821540\n|start\n|switch|p1a: Jolteon|Jolteon, F|100\/100\n|switch|p2a: Glastrier|Glastrier|100\/100\n|turn|1\n|\n|t:|1651821551\n|move|p1a: Jolteon|Thunderbolt|p2a: Glastrier\n|-damage|p2a: Glastrier|56\/100\n|move|p2a: Glastrier|High Horsepower|p1a: Jolteon\n|-supereffective|p1a: Jolteon\n|-damage|p1a: Jolteon|0 fnt\n|faint|p1a: Jolteon\n|-ability|p2a: Glastrier|Chilling Neigh|boost\n|-boost|p2a: Glastrier|atk|1\n|\n|-heal|p2a: Glastrier|63\/100|[from] item: Leftovers\n|upkeep\n|\n|t:|1651821560\n|switch|p1a: Volcarona|Volcarona, F|100\/100\n|turn|2\n|\n|t:|1651821584\n|move|p1a: Volcarona|Quiver Dance|p1a: Volcarona\n|-boost|p1a: Volcarona|spa|1\n|-boost|p1a: Volcarona|spd|1\n|-boost|p1a: Volcarona|spe|1\n|move|p2a: Glastrier|High Horsepower|p1a: Volcarona\n|-damage|p1a: Volcarona|18\/100\n|\n|-heal|p2a: Glastrier|69\/100|[from] item: Leftovers\n|upkeep\n|turn|3\n|\n|t:|1651821589\n|move|p1a: Volcarona|Flamethrower|p2a: Glastrier\n|-supereffective|p2a: Glastrier\n|-damage|p2a: Glastrier|0 fnt\n|faint|p2a: Glastrier\n|\n|upkeep\n|inactive|Fe4Rlicia has 120 seconds left.\n|\n|t:|1651821628\n|switch|p2a: Mawile|Mawile, F|100\/100\n|-ability|p2a: Mawile|Intimidate|boost\n|-unboost|p1a: Volcarona|atk|1\n|turn|4\n|\n|t:|1651821648\n|move|p2a: Mawile|Sucker Punch||[still]\n|-fail|p2a: Mawile\n|move|p1a: Volcarona|Quiver Dance|p1a: Volcarona\n|-boost|p1a: Volcarona|spa|1\n|-boost|p1a: Volcarona|spd|1\n|-boost|p1a: Volcarona|spe|1\n|\n|upkeep\n|turn|5\n|\n|t:|1651821654\n|move|p2a: Mawile|Sucker Punch|p1a: Volcarona\n|-damage|p1a: Volcarona|0 fnt\n|faint|p1a: Volcarona\n|\n|upkeep\n|\n|t:|1651821658\n|switch|p1a: Donphan|Donphan, M|100\/100\n|turn|6\n|\n|t:|1651821664\n|switch|p2a: Bronzong|Bronzong|100\/100\n|move|p1a: Donphan|Earthquake|p2a: Bronzong\n|-immune|p2a: Bronzong|[from] ability: Levitate\n|\n|upkeep\n|turn|7\n|inactive|Fe4Rlicia has 120 seconds left.\n|\n|t:|1651821670\n|move|p1a: Donphan|Knock Off|p2a: Bronzong\n|-supereffective|p2a: Bronzong\n|-damage|p2a: Bronzong|54\/100\n|-enditem|p2a: Bronzong|Leftovers|[from] move: Knock Off|[of] p1a: Donphan\n|move|p2a: Bronzong|Stealth Rock|p1a: Donphan\n|-sidestart|p1: mongwong|move: Stealth Rock\n|\n|upkeep\n|turn|8\n|\n|t:|1651821681\n|move|p1a: Donphan|Rapid Spin|p2a: Bronzong\n|-resisted|p2a: Bronzong\n|-damage|p2a: Bronzong|48\/100\n|-boost|p1a: Donphan|spe|1\n|-sideend|p1: mongwong|Stealth Rock|[from] move: Rapid Spin|[of] p1a: Donphan\n|move|p2a: Bronzong|Trick Room|p2a: Bronzong\n|-fieldstart|move: Trick Room|[of] p2a: Bronzong\n|\n|upkeep\n|turn|9\n|\n|t:|1651821699\n|move|p2a: Bronzong|Toxic|p1a: Donphan\n|-status|p1a: Donphan|tox\n|move|p1a: Donphan|Knock Off|p2a: Bronzong\n|-supereffective|p2a: Bronzong\n|-crit|p2a: Bronzong\n|-damage|p2a: Bronzong|2\/100\n|\n|-damage|p1a: Donphan|94\/100 tox|[from] psn\n|upkeep\n|turn|10\n|\n|t:|1651821707\n|move|p2a: Bronzong|Stealth Rock|p1a: Donphan\n|-sidestart|p1: mongwong|move: Stealth Rock\n|move|p1a: Donphan|Rapid Spin|p2a: Bronzong\n|-resisted|p2a: Bronzong\n|-damage|p2a: Bronzong|0 fnt\n|-boost|p1a: Donphan|spe|1\n|-sideend|p1: mongwong|Stealth Rock|[from] move: Rapid Spin|[of] p1a: Donphan\n|faint|p2a: Bronzong\n|\n|-heal|p1a: Donphan|100\/100 tox|[from] item: Leftovers\n|-damage|p1a: Donphan|88\/100 tox|[from] psn\n|upkeep\n|inactive|Fe4Rlicia has 120 seconds left.\n|\n|t:|1651821745\n|switch|p2a: Hatterene|Hatterene, F|100\/100\n|turn|11\n|\n|t:|1651821755\n|switch|p1a: Togekiss|Togekiss, F|100\/100\n|move|p2a: Hatterene|Mystical Fire|p1a: Togekiss\n|-damage|p1a: Togekiss|75\/100\n|-unboost|p1a: Togekiss|spa|1\n|\n|upkeep\n|turn|12\n|inactive|Fe4Rlicia has 120 seconds left.\n|\n|t:|1651821761\n|switch|p2a: Stakataka|Stakataka|100\/100\n|-item|p2a: Stakataka|Air Balloon\n|move|p1a: Togekiss|Heal Bell|p1a: Togekiss\n|-activate|p1a: Togekiss|move: Heal Bell\n|-curestatus|p1: Donphan|tox|[msg]\n|\n|-fieldend|move: Trick Room\n|upkeep\n|turn|13\n|\n|t:|1651821768\n|switch|p1a: Donphan|Donphan, M|88\/100\n|move|p2a: Stakataka|Trick Room|p2a: Stakataka\n|-fieldstart|move: Trick Room|[of] p2a: Stakataka\n|\n|-heal|p1a: Donphan|94\/100|[from] item: Leftovers\n|upkeep\n|turn|14\n|\n|t:|1651821775\n|switch|p2a: Hatterene|Hatterene, F|100\/100\n|move|p1a: Donphan|Knock Off|p2a: Hatterene\n|-damage|p2a: Hatterene|71\/100\n|-enditem|p2a: Hatterene|Leftovers|[from] move: Knock Off|[of] p1a: Donphan\n|\n|-heal|p1a: Donphan|100\/100|[from] item: Leftovers\n|upkeep\n|turn|15\n|\n|t:|1651821787\n|move|p2a: Hatterene|Psychic|p1a: Donphan\n|-damage|p1a: Donphan|28\/100\n|move|p1a: Donphan|Earthquake|p2a: Hatterene\n|-damage|p2a: Hatterene|28\/100\n|\n|-heal|p1a: Donphan|34\/100|[from] item: Leftovers\n|upkeep\n|turn|16\n|\n|t:|1651821793\n|switch|p1a: Scizor|Scizor, F|100\/100\n|move|p2a: Hatterene|Psychic|p1a: Scizor\n|-resisted|p1a: Scizor\n|-damage|p1a: Scizor|67\/100\n|\n|upkeep\n|turn|17\n|\n|t:|1651821804\n|detailschange|p1a: Scizor|Scizor-Mega, F\n|-mega|p1a: Scizor|Scizor|Scizorite\n|move|p1a: Scizor|Bullet Punch|p2a: Hatterene\n|-supereffective|p2a: Hatterene\n|-damage|p2a: Hatterene|0 fnt\n|faint|p2a: Hatterene\n|\n|-fieldend|move: Trick Room\n|upkeep\n|\n|t:|1651821808\n|switch|p2a: Mawile|Mawile, F|100\/100\n|-ability|p2a: Mawile|Intimidate|boost\n|-unboost|p1a: Scizor|atk|1\n|turn|18\n|\n|t:|1651821819\n|switch|p1a: Donphan|Donphan, M|34\/100\n|detailschange|p2a: Mawile|Mawile-Mega, F\n|-mega|p2a: Mawile|Mawile|Mawilite\n|move|p2a: Mawile|Swords Dance|p2a: Mawile\n|-boost|p2a: Mawile|atk|2\n|\n|-heal|p1a: Donphan|40\/100|[from] item: Leftovers\n|upkeep\n|turn|19\n|\n|t:|1651821824\n|move|p2a: Mawile|Sucker Punch|p1a: Donphan\n|-damage|p1a: Donphan|0 fnt\n|faint|p1a: Donphan\n|\n|upkeep\n|\n|t:|1651821829\n|switch|p1a: Feraligatr|Feraligatr, M|100\/100\n|turn|20\n|\n|t:|1651821837\n|move|p2a: Mawile|Sucker Punch|p1a: Feraligatr\n|-damage|p1a: Feraligatr|7\/100\n|move|p1a: Feraligatr|Liquidation|p2a: Mawile\n|-damage|p2a: Mawile|31\/100\n|\n|upkeep\n|turn|21\n|\n|t:|1651821843\n|move|p2a: Mawile|Sucker Punch||[still]\n|-fail|p2a: Mawile\n|move|p1a: Feraligatr|Dragon Dance|p1a: Feraligatr\n|-boost|p1a: Feraligatr|atk|1\n|-boost|p1a: Feraligatr|spe|1\n|\n|upkeep\n|turn|22\n|\n|t:|1651821846\n|move|p2a: Mawile|Sucker Punch||[still]\n|-fail|p2a: Mawile\n|move|p1a: Feraligatr|Dragon Dance|p1a: Feraligatr\n|-boost|p1a: Feraligatr|atk|1\n|-boost|p1a: Feraligatr|spe|1\n|\n|upkeep\n|turn|23\n|\n|t:|1651821849\n|move|p1a: Feraligatr|Dragon Dance|p1a: Feraligatr\n|-boost|p1a: Feraligatr|atk|1\n|-boost|p1a: Feraligatr|spe|1\n|move|p2a: Mawile|Play Rough|p1a: Feraligatr\n|-damage|p1a: Feraligatr|0 fnt\n|faint|p1a: Feraligatr\n|\n|upkeep\n|\n|t:|1651821852\n|switch|p1a: Scizor|Scizor-Mega, F|67\/100\n|turn|24\n|\n|t:|1651821857\n|move|p2a: Mawile|Sucker Punch|p1a: Scizor\n|-crit|p1a: Scizor\n|-damage|p1a: Scizor|0 fnt\n|faint|p1a: Scizor\n|\n|upkeep\n|\n|t:|1651821861\n|switch|p1a: Togekiss|Togekiss, F|75\/100\n|turn|25\n|\n|t:|1651821866\n|move|p1a: Togekiss|Air Slash|p2a: Mawile\n|-resisted|p2a: Mawile\n|-damage|p2a: Mawile|13\/100\n|cant|p2a: Mawile|flinch\n|\n|upkeep\n|turn|26\n|\n|t:|1651821869\n|move|p1a: Togekiss|Air Slash|p2a: Mawile\n|-resisted|p2a: Mawile\n|-damage|p2a: Mawile|0 fnt\n|faint|p2a: Mawile\n|\n|upkeep\n|\n|t:|1651821871\n|switch|p2a: Stakataka|Stakataka|100\/100\n|-item|p2a: Stakataka|Air Balloon\n|turn|27\n|\n|t:|1651821873\n|move|p1a: Togekiss|Air Slash|p2a: Stakataka\n|-resisted|p2a: Stakataka\n|-damage|p2a: Stakataka|93\/100\n|-enditem|p2a: Stakataka|Air Balloon\n|move|p2a: Stakataka|Heavy Slam|p1a: Togekiss\n|-supereffective|p1a: Togekiss\n|-damage|p1a: Togekiss|0 fnt\n|faint|p1a: Togekiss\n|\n|win|Fe4Rlicia\n|raw|mongwong's rating: 1361 &rarr; <strong>1335<\/strong><br \/>(-26 for losing)\n|raw|Fe4Rlicia's rating: 1256 &rarr; <strong>1288<\/strong><br \/>(+32 for winning)\n|l|\u2606mongwong\n","uploadtime":1651821878,"views":6,"p1id":"mongwong","p2id":"fe4rlicia","formatid":"gen8nationaldex","rating":1288,"private":0,"password":null}