{"id":"gen8ou-1116246596","p1":"taw","p2":"X-Wing Fighter","format":"gen8ou","log":"|j|\u2606taw\n|j|\u2606X-Wing Fighter\n|player|p1|taw|alder|1430\n|player|p2|X-Wing Fighter|ethan|1431\n|teamsize|p1|6\n|teamsize|p2|6\n|gametype|singles\n|gen|8\n|tier|[Gen 8] OU\n|rated|\n|clearpoke\n|poke|p1|Ferrothorn, F|\n|poke|p1|Seismitoad, F|\n|poke|p1|Dracozolt|\n|poke|p1|Terrakion|\n|poke|p1|Mandibuzz, F|\n|poke|p1|Kyurem|\n|poke|p2|Kyurem|\n|poke|p2|Clefable, M|\n|poke|p2|Toxapex, F|\n|poke|p2|Hippowdon, F|\n|poke|p2|Excadrill, M|\n|poke|p2|Corviknight, F|\n|rule|Sleep Clause Mod: Limit one foe put to sleep\n|rule|Species Clause: Limit one of each Pok\u00e9mon\n|rule|OHKO Clause: OHKO moves are banned\n|rule|Evasion Moves Clause: Evasion moves are banned\n|rule|Endless Battle Clause: Forcing endless battles is banned\n|rule|HP Percentage Mod: HP is shown in percentages\n|rule|Dynamax Clause: You cannot dynamax\n|teampreview\n|\n|start\n|switch|p1a: Kyurem|Kyurem|100\/100\n|switch|p2a: Hippowdon|Hippowdon, F|100\/100\n|-ability|p1a: Kyurem|Pressure\n|-weather|Sandstorm|[from] ability: Sand Stream|[of] p2a: Hippowdon\n|turn|1\n|\n|switch|p2a: Toxapex|Toxapex, F|100\/100\n|move|p1a: Kyurem|Freeze-Dry|p2a: Toxapex\n|-supereffective|p2a: Toxapex\n|-damage|p2a: Toxapex|43\/100\n|\n|-weather|Sandstorm|[upkeep]\n|-damage|p1a: Kyurem|94\/100|[from] Sandstorm\n|-damage|p2a: Toxapex|36\/100|[from] Sandstorm\n|-heal|p2a: Toxapex|43\/100|[from] item: Black Sludge\n|upkeep\n|turn|2\n|\n|switch|p2a: Corviknight|Corviknight, F|100\/100\n|-ability|p2a: Corviknight|Pressure\n|move|p1a: Kyurem|Freeze-Dry|p2a: Corviknight\n|-damage|p2a: Corviknight|76\/100\n|-status|p2a: Corviknight|frz\n|\n|-weather|Sandstorm|[upkeep]\n|-damage|p1a: Kyurem|88\/100|[from] Sandstorm\n|-heal|p2a: Corviknight|82\/100 frz|[from] item: Leftovers\n|upkeep\n|turn|3\n|\n|switch|p1a: Dracozolt|Dracozolt|100\/100\n|cant|p2a: Corviknight|frz\n|\n|-weather|Sandstorm|[upkeep]\n|-damage|p1a: Dracozolt|94\/100|[from] Sandstorm\n|-heal|p1a: Dracozolt|100\/100|[from] item: Leftovers\n|-heal|p2a: Corviknight|88\/100 frz|[from] item: Leftovers\n|upkeep\n|turn|4\n|\n|switch|p2a: Hippowdon|Hippowdon, F|100\/100\n|move|p1a: Dracozolt|Substitute|p1a: Dracozolt\n|-start|p1a: Dracozolt|Substitute\n|-damage|p1a: Dracozolt|76\/100\n|\n|-weather|Sandstorm|[upkeep]\n|-damage|p1a: Dracozolt|69\/100|[from] Sandstorm\n|-heal|p1a: Dracozolt|76\/100|[from] item: Leftovers\n|upkeep\n|turn|5\n|\n|move|p1a: Dracozolt|Iron Tail|p2a: Hippowdon|[miss]\n|-miss|p1a: Dracozolt|p2a: Hippowdon\n|move|p2a: Hippowdon|Whirlwind|p1a: Dracozolt\n|drag|p1a: Kyurem|Kyurem|88\/100\n|-ability|p1a: Kyurem|Pressure\n|\n|-weather|none\n|upkeep\n|turn|6\n|\n|switch|p2a: Corviknight|Corviknight, F|88\/100 frz\n|-ability|p2a: Corviknight|Pressure\n|move|p1a: Kyurem|Freeze-Dry|p2a: Corviknight\n|-damage|p2a: Corviknight|64\/100 frz\n|\n|-heal|p2a: Corviknight|70\/100 frz|[from] item: Leftovers\n|upkeep\n|turn|7\n|\n|switch|p1a: Seismitoad|Seismitoad, F|100\/100\n|cant|p2a: Corviknight|frz\n|\n|-heal|p2a: Corviknight|77\/100 frz|[from] item: Leftovers\n|upkeep\n|turn|8\n|\n|move|p1a: Seismitoad|Stealth Rock|p2a: Corviknight\n|-sidestart|p2: X-Wing Fighter|move: Stealth Rock\n|cant|p2a: Corviknight|frz\n|\n|-heal|p2a: Corviknight|83\/100 frz|[from] item: Leftovers\n|upkeep\n|turn|9\n|\n|switch|p1a: Ferrothorn|Ferrothorn, F|100\/100\n|cant|p2a: Corviknight|frz\n|\n|-heal|p2a: Corviknight|89\/100 frz|[from] item: Leftovers\n|upkeep\n|turn|10\n|\n|cant|p2a: Corviknight|frz\n|move|p1a: Ferrothorn|Iron Defense|p1a: Ferrothorn\n|-boost|p1a: Ferrothorn|def|2\n|\n|-heal|p2a: Corviknight|95\/100 frz|[from] item: Leftovers\n|upkeep\n|turn|11\n|\n|cant|p2a: Corviknight|frz\n|move|p1a: Ferrothorn|Knock Off|p2a: Corviknight\n|-damage|p2a: Corviknight|78\/100 frz\n|-enditem|p2a: Corviknight|Leftovers|[from] move: Knock Off|[of] p1a: Ferrothorn\n|\n|upkeep\n|turn|12\n|\n|cant|p2a: Corviknight|frz\n|move|p1a: Ferrothorn|Iron Defense|p1a: Ferrothorn\n|-boost|p1a: Ferrothorn|def|2\n|\n|upkeep\n|turn|13\n|\n|cant|p2a: Corviknight|frz\n|move|p1a: Ferrothorn|Iron Defense|p1a: Ferrothorn\n|-boost|p1a: Ferrothorn|def|2\n|\n|upkeep\n|turn|14\n|\n|cant|p2a: Corviknight|frz\n|move|p1a: Ferrothorn|Body Press|p2a: Corviknight\n|-damage|p2a: Corviknight|0 fnt\n|faint|p2a: Corviknight\n|\n|upkeep\n|\n|switch|p2a: Kyurem|Kyurem|100\/100\n|-damage|p2a: Kyurem|76\/100|[from] Stealth Rock\n|-ability|p2a: Kyurem|Pressure\n|turn|15\n|\n|move|p2a: Kyurem|Ice Beam|p1a: Ferrothorn\n|-damage|p1a: Ferrothorn|43\/100\n|move|p1a: Ferrothorn|Body Press|p2a: Kyurem\n|-supereffective|p2a: Kyurem\n|-damage|p2a: Kyurem|0 fnt\n|faint|p2a: Kyurem\n|\n|-heal|p1a: Ferrothorn|49\/100|[from] item: Leftovers\n|upkeep\n|\n|switch|p2a: Hippowdon|Hippowdon, F|100\/100\n|-damage|p2a: Hippowdon|94\/100|[from] Stealth Rock\n|-weather|Sandstorm|[from] ability: Sand Stream|[of] p2a: Hippowdon\n|turn|16\n|\n|move|p1a: Ferrothorn|Body Press|p2a: Hippowdon\n|-damage|p2a: Hippowdon|33\/100\n|-damage|p1a: Ferrothorn|32\/100|[from] item: Rocky Helmet|[of] p2a: Hippowdon\n|move|p2a: Hippowdon|Whirlwind|p1a: Ferrothorn\n|drag|p1a: Dracozolt|Dracozolt|76\/100\n|\n|-weather|Sandstorm|[upkeep]\n|-damage|p1a: Dracozolt|69\/100|[from] Sandstorm\n|-heal|p1a: Dracozolt|76\/100|[from] item: Leftovers\n|upkeep\n|turn|17\n|\n|move|p1a: Dracozolt|Iron Tail|p2a: Hippowdon|[miss]\n|-miss|p1a: Dracozolt|p2a: Hippowdon\n|move|p2a: Hippowdon|Slack Off|p2a: Hippowdon\n|-heal|p2a: Hippowdon|83\/100\n|\n|-weather|Sandstorm|[upkeep]\n|-damage|p1a: Dracozolt|69\/100|[from] Sandstorm\n|-heal|p1a: Dracozolt|76\/100|[from] item: Leftovers\n|upkeep\n|turn|18\n|\n|move|p1a: Dracozolt|Iron Tail|p2a: Hippowdon\n|-crit|p2a: Hippowdon\n|-damage|p2a: Hippowdon|44\/100\n|-damage|p1a: Dracozolt|59\/100|[from] item: Rocky Helmet|[of] p2a: Hippowdon\n|move|p2a: Hippowdon|Stealth Rock|p1a: Dracozolt\n|-sidestart|p1: taw|move: Stealth Rock\n|\n|-weather|Sandstorm|[upkeep]\n|-damage|p1a: Dracozolt|53\/100|[from] Sandstorm\n|-heal|p1a: Dracozolt|59\/100|[from] item: Leftovers\n|upkeep\n|turn|19\n|\n|switch|p1a: Seismitoad|Seismitoad, F|100\/100\n|-damage|p1a: Seismitoad|94\/100|[from] Stealth Rock\n|move|p2a: Hippowdon|Slack Off|p2a: Hippowdon\n|-heal|p2a: Hippowdon|94\/100\n|\n|-weather|Sandstorm|[upkeep]\n|-heal|p1a: Seismitoad|100\/100|[from] item: Leftovers\n|upkeep\n|turn|20\n|\n|switch|p2a: Clefable|Clefable, M|100\/100\n|move|p1a: Seismitoad|Scald|p2a: Clefable\n|-damage|p2a: Clefable|83\/100\n|\n|-weather|none\n|-heal|p2a: Clefable|89\/100|[from] item: Leftovers\n|upkeep\n|turn|21\n|\n|switch|p1a: Ferrothorn|Ferrothorn, F|32\/100\n|-damage|p1a: Ferrothorn|26\/100|[from] Stealth Rock\n|move|p2a: Clefable|Teleport|p2a: Clefable\n|\n|switch|p2a: Excadrill|Excadrill, M|100\/100|[from]move: Teleport\n|-damage|p2a: Excadrill|97\/100|[from] Stealth Rock\n|\n|-heal|p2a: Excadrill|100\/100|[from] item: Leftovers\n|-heal|p1a: Ferrothorn|32\/100|[from] item: Leftovers\n|upkeep\n|turn|22\n|\n|switch|p1a: Mandibuzz|Mandibuzz, F|100\/100\n|move|p2a: Excadrill|Earthquake|p1a: Mandibuzz\n|-immune|p1a: Mandibuzz\n|\n|upkeep\n|turn|23\n|\n|switch|p2a: Clefable|Clefable, M|89\/100\n|move|p1a: Mandibuzz|Knock Off|p2a: Clefable\n|-resisted|p2a: Clefable\n|-damage|p2a: Clefable|76\/100\n|-enditem|p2a: Clefable|Leftovers|[from] move: Knock Off|[of] p1a: Mandibuzz\n|\n|upkeep\n|turn|24\n|\n|switch|p1a: Seismitoad|Seismitoad, F|100\/100\n|-damage|p1a: Seismitoad|94\/100|[from] Stealth Rock\n|move|p2a: Clefable|Teleport|p2a: Clefable\n|\n|switch|p2a: Toxapex|Toxapex, F|76\/100|[from]move: Teleport\n|-damage|p2a: Toxapex|63\/100|[from] Stealth Rock\n|\n|-heal|p1a: Seismitoad|100\/100|[from] item: Leftovers\n|-heal|p2a: Toxapex|70\/100|[from] item: Black Sludge\n|upkeep\n|turn|25\n|\n|move|p1a: Seismitoad|Scald|p2a: Toxapex\n|-resisted|p2a: Toxapex\n|-damage|p2a: Toxapex|59\/100\n|-status|p2a: Toxapex|brn\n|move|p2a: Toxapex|Toxic Spikes|p1a: Seismitoad\n|-sidestart|p1: taw|move: Toxic Spikes\n|\n|-heal|p2a: Toxapex|65\/100 brn|[from] item: Black Sludge\n|-damage|p2a: Toxapex|59\/100 brn|[from] brn\n|upkeep\n|turn|26\n|\n|switch|p1a: Mandibuzz|Mandibuzz, F|100\/100\n|move|p2a: Toxapex|Recover|p2a: Toxapex\n|-heal|p2a: Toxapex|100\/100 brn\n|\n|-damage|p2a: Toxapex|94\/100 brn|[from] brn\n|upkeep\n|turn|27\n|\n|switch|p2a: Hippowdon|Hippowdon, F|94\/100\n|-damage|p2a: Hippowdon|88\/100|[from] Stealth Rock\n|-weather|Sandstorm|[from] ability: Sand Stream|[of] p2a: Hippowdon\n|move|p1a: Mandibuzz|Knock Off|p2a: Hippowdon\n|-damage|p2a: Hippowdon|74\/100\n|-damage|p1a: Mandibuzz|84\/100|[from] item: Rocky Helmet|[of] p2a: Hippowdon\n|-enditem|p2a: Hippowdon|Rocky Helmet|[from] move: Knock Off|[of] p1a: Mandibuzz\n|\n|-weather|Sandstorm|[upkeep]\n|upkeep\n|turn|28\n|\n|switch|p2a: Excadrill|Excadrill, M|100\/100\n|-damage|p2a: Excadrill|97\/100|[from] Stealth Rock\n|move|p1a: Mandibuzz|Defog|p2a: Excadrill\n|-unboost|p2a: Excadrill|evasion|1\n|-sideend|p2: X-Wing Fighter|Stealth Rock|[from] move: Defog|[of] p1a: Mandibuzz\n|-sideend|p1: taw|Toxic Spikes|[from] move: Defog|[of] p1a: Mandibuzz\n|-sideend|p1: taw|Stealth Rock|[from] move: Defog|[of] p1a: Mandibuzz\n|\n|-weather|Sandstorm|[upkeep]\n|-heal|p2a: Excadrill|100\/100|[from] item: Leftovers\n|upkeep\n|turn|29\n|\n|move|p2a: Excadrill|Swords Dance|p2a: Excadrill\n|-boost|p2a: Excadrill|atk|2\n|move|p1a: Mandibuzz|Knock Off|p2a: Excadrill\n|-damage|p2a: Excadrill|67\/100\n|-enditem|p2a: Excadrill|Leftovers|[from] move: Knock Off|[of] p1a: Mandibuzz\n|\n|-weather|Sandstorm|[upkeep]\n|upkeep\n|turn|30\n|\n|move|p2a: Excadrill|Rock Slide|p1a: Mandibuzz\n|-supereffective|p1a: Mandibuzz\n|-damage|p1a: Mandibuzz|23\/100\n|move|p1a: Mandibuzz|Roost|p1a: Mandibuzz\n|-heal|p1a: Mandibuzz|73\/100\n|-singleturn|p1a: Mandibuzz|move: Roost\n|\n|-weather|Sandstorm|[upkeep]\n|upkeep\n|turn|31\n|\n|move|p2a: Excadrill|Iron Head|p1a: Mandibuzz\n|-damage|p1a: Mandibuzz|19\/100\n|move|p1a: Mandibuzz|Roost|p1a: Mandibuzz\n|-heal|p1a: Mandibuzz|69\/100\n|-singleturn|p1a: Mandibuzz|move: Roost\n|\n|-weather|none\n|upkeep\n|turn|32\n|\n|move|p2a: Excadrill|Earthquake|p1a: Mandibuzz\n|-immune|p1a: Mandibuzz\n|move|p1a: Mandibuzz|Knock Off|p2a: Excadrill\n|-crit|p2a: Excadrill\n|-damage|p2a: Excadrill|36\/100\n|\n|upkeep\n|turn|33\n|\n|switch|p2a: Hippowdon|Hippowdon, F|74\/100\n|-weather|Sandstorm|[from] ability: Sand Stream|[of] p2a: Hippowdon\n|move|p1a: Mandibuzz|Roost|p1a: Mandibuzz\n|-heal|p1a: Mandibuzz|100\/100\n|-singleturn|p1a: Mandibuzz|move: Roost\n|\n|-weather|Sandstorm|[upkeep]\n|upkeep\n|turn|34\n|\n|move|p1a: Mandibuzz|Toxic|p2a: Hippowdon\n|-status|p2a: Hippowdon|tox\n|move|p2a: Hippowdon|Whirlwind|p1a: Mandibuzz\n|drag|p1a: Ferrothorn|Ferrothorn, F|32\/100\n|\n|-weather|Sandstorm|[upkeep]\n|-heal|p1a: Ferrothorn|39\/100|[from] item: Leftovers\n|-damage|p2a: Hippowdon|68\/100 tox|[from] psn\n|upkeep\n|turn|35\n|\n|switch|p2a: Clefable|Clefable, M|76\/100\n|move|p1a: Ferrothorn|Leech Seed|p2a: Clefable\n|-start|p2a: Clefable|move: Leech Seed\n|\n|-weather|Sandstorm|[upkeep]\n|-heal|p1a: Ferrothorn|45\/100|[from] item: Leftovers\n|upkeep\n|turn|36\n|\n|move|p2a: Clefable|Wish|p2a: Clefable\n|move|p1a: Ferrothorn|Knock Off|p2a: Clefable\n|-resisted|p2a: Clefable\n|-damage|p2a: Clefable|69\/100\n|\n|-weather|Sandstorm|[upkeep]\n|-heal|p1a: Ferrothorn|51\/100|[from] item: Leftovers\n|upkeep\n|turn|37\n|\n|move|p1a: Ferrothorn|Body Press|p2a: Clefable\n|-resisted|p2a: Clefable\n|-damage|p2a: Clefable|53\/100\n|move|p2a: Clefable|Teleport|p2a: Clefable\n|\n|switch|p2a: Excadrill|Excadrill, M|36\/100|[from]move: Teleport\n|\n|-weather|none\n|-heal|p2a: Excadrill|90\/100|[from] move: Wish|[wisher] Clefable\n|-heal|p1a: Ferrothorn|57\/100|[from] item: Leftovers\n|upkeep\n|turn|38\n|\n|move|p2a: Excadrill|Earthquake|p1a: Ferrothorn\n|-damage|p1a: Ferrothorn|21\/100\n|move|p1a: Ferrothorn|Iron Defense|p1a: Ferrothorn\n|-boost|p1a: Ferrothorn|def|2\n|\n|-heal|p1a: Ferrothorn|27\/100|[from] item: Leftovers\n|upkeep\n|turn|39\n|\n|switch|p2a: Hippowdon|Hippowdon, F|68\/100 tox\n|-weather|Sandstorm|[from] ability: Sand Stream|[of] p2a: Hippowdon\n|move|p1a: Ferrothorn|Body Press|p2a: Hippowdon\n|-damage|p2a: Hippowdon|38\/100 tox\n|\n|-weather|Sandstorm|[upkeep]\n|-heal|p1a: Ferrothorn|33\/100|[from] item: Leftovers\n|-damage|p2a: Hippowdon|32\/100 tox|[from] psn\n|upkeep\n|turn|40\n|\n|move|p2a: Hippowdon|Slack Off|p2a: Hippowdon\n|-heal|p2a: Hippowdon|82\/100 tox\n|move|p1a: Ferrothorn|Body Press|p2a: Hippowdon\n|-damage|p2a: Hippowdon|51\/100 tox\n|\n|-weather|Sandstorm|[upkeep]\n|-heal|p1a: Ferrothorn|39\/100|[from] item: Leftovers\n|-damage|p2a: Hippowdon|39\/100 tox|[from] psn\n|upkeep\n|turn|41\n|\n|switch|p2a: Toxapex|Toxapex, F|100\/100 brn\n|move|p1a: Ferrothorn|Body Press|p2a: Toxapex\n|-resisted|p2a: Toxapex\n|-damage|p2a: Toxapex|82\/100 brn\n|\n|-weather|Sandstorm|[upkeep]\n|-damage|p2a: Toxapex|75\/100 brn|[from] Sandstorm\n|-heal|p2a: Toxapex|82\/100 brn|[from] item: Black Sludge\n|-heal|p1a: Ferrothorn|46\/100|[from] item: Leftovers\n|-damage|p2a: Toxapex|75\/100 brn|[from] brn\n|upkeep\n|turn|42\n|-message|X-Wing Fighter forfeited.\n|\n|win|taw\n|l|\u2606X-Wing Fighter\n|raw|taw's rating: 1410 &rarr; <strong>1431<\/strong><br \/>(+21 for winning)\n|raw|X-Wing Fighter's rating: 1431 &rarr; <strong>1409<\/strong><br \/>(-22 for losing)\n","uploadtime":1589727171,"views":9,"p1id":"taw","p2id":"xwingfighter","formatid":"gen8ou","rating":1409,"private":0,"password":null}