{"id":"gen8ou-1370594515","p1":"LT81YL Mob","p2":"BestixL","format":"gen8ou","log":"|raw|<div class=\"broadcast-blue\"><strong>This battle is required to be public due to a player having a name starting with 'lt81yl'.<\/div>\n|j|\u2606LT81YL Mob\n|j|\u2606BestixL\n|t:|1625431548\n|gametype|singles\n|player|p1|LT81YL Mob|blue-gen2|1870\n|player|p2|BestixL|flannery|1923\n|teamsize|p1|6\n|teamsize|p2|6\n|gen|8\n|tier|[Gen 8] OU\n|rated|\n|rule|Sleep Clause Mod: Limit one foe put to sleep\n|rule|Species Clause: Limit one of each Pok\u00e9mon\n|rule|OHKO Clause: OHKO moves are banned\n|rule|Evasion Moves Clause: Evasion moves are banned\n|rule|Endless Battle Clause: Forcing endless battles is banned\n|rule|HP Percentage Mod: HP is shown in percentages\n|rule|Dynamax Clause: You cannot dynamax\n|clearpoke\n|poke|p1|Dragapult, M|\n|poke|p1|Melmetal|\n|poke|p1|Landorus-Therian, M|\n|poke|p1|Dragonite, M|\n|poke|p1|Nidoking, M|\n|poke|p1|Ferrothorn, M|\n|poke|p2|Skarmory, F|\n|poke|p2|Hippowdon, M|\n|poke|p2|Reuniclus, F|\n|poke|p2|Toxapex, F|\n|poke|p2|Tapu Koko|\n|poke|p2|Buzzwole|\n|teampreview\n|j| Yelodash\n|j| sdflkuuhsdfiug\n|j| LT81YL dTM\n|j| tigers jaw\n|j| Gondra\n|l| LT81YL dTM\n|inactive|Battle timer is ON: inactive players will automatically lose when time's up. (requested by BestixL)\n|j| andreasmang\n|j| LT81YL HAX\n|j| PKcuckS\n|j| Heracrossed Up\n|j| HYper\n|j| 2021BoxFan\n|j| 6 Casualties\n|j| crashy\n|\n|t:|1625431582\n|start\n|switch|p1a: Landorus|Landorus-Therian, M|100\/100\n|switch|p2a: the reaper|Skarmory, F|100\/100\n|-ability|p1a: Landorus|Intimidate|boost\n|-unboost|p2a: the reaper|atk|1\n|turn|1\n|j| theroosterprince\n|\n|t:|1625431587\n|move|p1a: Landorus|Stealth Rock|p2a: the reaper\n|-sidestart|p2: BestixL|move: Stealth Rock\n|move|p2a: the reaper|Spikes|p1a: Landorus\n|-sidestart|p1: LT81YL Mob|Spikes\n|\n|upkeep\n|turn|2\n|j| inninj\n|l| theroosterprince\n|j| Xevara \u2020\n|\n|t:|1625431590\n|move|p1a: Landorus|Knock Off|p2a: the reaper\n|-damage|p2a: the reaper|84\/100\n|-enditem|p2a: the reaper|Shed Shell|[from] move: Knock Off|[of] p1a: Landorus\n|move|p2a: the reaper|Spikes|p1a: Landorus\n|-sidestart|p1: LT81YL Mob|Spikes\n|\n|upkeep\n|turn|3\n|\n|t:|1625431594\n|move|p1a: Landorus|U-turn|p2a: the reaper\n|-resisted|p2a: the reaper\n|-damage|p2a: the reaper|81\/100\n|\n|t:|1625431601\n|switch|p1a: Nidoking|Nidoking, M|100\/100|[from]move: U-turn\n|-damage|p1a: Nidoking|84\/100|[from] Spikes\n|move|p2a: the reaper|Roost|p2a: the reaper\n|-heal|p2a: the reaper|100\/100\n|-singleturn|p2a: the reaper|move: Roost\n|\n|upkeep\n|turn|4\n|\n|t:|1625431605\n|switch|p2a: Itsuki|Reuniclus, F|100\/100\n|move|p1a: Nidoking|Earth Power|p2a: Itsuki\n|-damage|p2a: Itsuki|53\/100\n|\n|upkeep\n|turn|5\n|j| plugsokettt\n|j| Lunarr\n|\n|t:|1625431611\n|switch|p1a: Landorus|Landorus-Therian, M|100\/100\n|-ability|p1a: Landorus|Intimidate|boost\n|-unboost|p2a: Itsuki|atk|1\n|move|p2a: Itsuki|Psyshock|p1a: Landorus\n|-damage|p1a: Landorus|57\/100\n|\n|-heal|p1a: Landorus|63\/100|[from] item: Leftovers\n|upkeep\n|turn|6\n|l| plugsokettt\n|inactive|BestixL has 120 seconds left.\n|j| croo\n|\n|t:|1625431658\n|switch|p2a: 2 soon|Hippowdon, M|100\/100\n|-weather|Sandstorm|[from] ability: Sand Stream|[of] p2a: 2 soon\n|move|p1a: Landorus|U-turn|p2a: 2 soon\n|-damage|p2a: 2 soon|86\/100\n|\n|t:|1625431662\n|switch|p1a: Ferrothorn|Ferrothorn, M|100\/100|[from]move: U-turn\n|-damage|p1a: Ferrothorn|84\/100|[from] Spikes\n|\n|-weather|Sandstorm|[upkeep]\n|-heal|p1a: Ferrothorn|90\/100|[from] item: Leftovers\n|upkeep\n|turn|7\n|j| ThePokeOne1\n|l| inninj\n|\n|t:|1625431675\n|move|p2a: 2 soon|Stealth Rock|p1a: Ferrothorn\n|-sidestart|p1: LT81YL Mob|move: Stealth Rock\n|move|p1a: Ferrothorn|Spikes|p2a: 2 soon\n|-sidestart|p2: BestixL|Spikes\n|\n|-weather|Sandstorm|[upkeep]\n|-heal|p1a: Ferrothorn|97\/100|[from] item: Leftovers\n|upkeep\n|turn|8\n|\n|t:|1625431681\n|switch|p2a: Itsuki|Reuniclus, F|53\/100\n|move|p1a: Ferrothorn|Spikes|p2a: Itsuki\n|-sidestart|p2: BestixL|Spikes\n|\n|-weather|Sandstorm|[upkeep]\n|-heal|p1a: Ferrothorn|100\/100|[from] item: Leftovers\n|upkeep\n|turn|9\n|\n|t:|1625431698\n|switch|p1a: Landorus|Landorus-Therian, M|63\/100\n|-damage|p1a: Landorus|51\/100|[from] Stealth Rock\n|-ability|p1a: Landorus|Intimidate|boost\n|-unboost|p2a: Itsuki|atk|1\n|move|p2a: Itsuki|Recover|p2a: Itsuki\n|-heal|p2a: Itsuki|100\/100\n|\n|-weather|Sandstorm|[upkeep]\n|-heal|p1a: Landorus|57\/100|[from] item: Leftovers\n|upkeep\n|turn|10\n|\n|t:|1625431702\n|switch|p2a: the reaper|Skarmory, F|100\/100\n|-damage|p2a: the reaper|88\/100|[from] Stealth Rock\n|move|p1a: Landorus|Knock Off|p2a: the reaper\n|-damage|p2a: the reaper|77\/100\n|\n|-weather|none\n|-heal|p1a: Landorus|63\/100|[from] item: Leftovers\n|upkeep\n|turn|11\n|\n|t:|1625431704\n|move|p1a: Landorus|U-turn|p2a: the reaper\n|-resisted|p2a: the reaper\n|-damage|p2a: the reaper|74\/100\n|l| crashy\n|\n|t:|1625431718\n|switch|p1a: Dragapult|Dragapult, M|100\/100|[from]move: U-turn\n|-damage|p1a: Dragapult|84\/100|[from] Spikes\n|-damage|p1a: Dragapult|72\/100|[from] Stealth Rock\n|move|p2a: the reaper|Roost|p2a: the reaper\n|-heal|p2a: the reaper|100\/100\n|-singleturn|p2a: the reaper|move: Roost\n|\n|upkeep\n|turn|12\n|\n|t:|1625431722\n|switch|p2a: just friends|Toxapex, F|100\/100\n|-damage|p2a: just friends|84\/100|[from] Spikes\n|-damage|p2a: just friends|72\/100|[from] Stealth Rock\n|move|p1a: Dragapult|Shadow Ball|p2a: just friends\n|-damage|p2a: just friends|31\/100\n|-unboost|p2a: just friends|spd|1\n|\n|upkeep\n|turn|13\n|\n|t:|1625431735\n|switch|p2a: 2 soon|Hippowdon, M|86\/100\n|-weather|Sandstorm|[from] ability: Sand Stream|[of] p2a: 2 soon\n|move|p1a: Dragapult|Shadow Ball|p2a: 2 soon\n|-damage|p2a: 2 soon|48\/100\n|\n|-weather|Sandstorm|[upkeep]\n|-damage|p1a: Dragapult|66\/100|[from] Sandstorm\n|upkeep\n|turn|14\n|\n|t:|1625431743\n|move|p1a: Dragapult|Shadow Ball|p2a: 2 soon\n|-damage|p2a: 2 soon|11\/100\n|move|p2a: 2 soon|Slack Off|p2a: 2 soon\n|-heal|p2a: 2 soon|61\/100\n|\n|-weather|Sandstorm|[upkeep]\n|-damage|p1a: Dragapult|60\/100|[from] Sandstorm\n|upkeep\n|turn|15\n|l| Gondra\n|\n|t:|1625431752\n|switch|p1a: Ferrothorn|Ferrothorn, M|100\/100\n|-damage|p1a: Ferrothorn|94\/100|[from] Stealth Rock\n|-damage|p1a: Ferrothorn|78\/100|[from] Spikes\n|move|p2a: 2 soon|Slack Off|p2a: 2 soon\n|-heal|p2a: 2 soon|100\/100\n|\n|-weather|Sandstorm|[upkeep]\n|-heal|p1a: Ferrothorn|84\/100|[from] item: Leftovers\n|upkeep\n|turn|16\n|\n|t:|1625431756\n|switch|p2a: just friends|Toxapex, F|64\/100\n|-damage|p2a: just friends|52\/100|[from] Stealth Rock\n|-damage|p2a: just friends|35\/100|[from] Spikes\n|switch|p1a: Dragapult|Dragapult, M|60\/100\n|-damage|p1a: Dragapult|43\/100|[from] Spikes\n|-damage|p1a: Dragapult|31\/100|[from] Stealth Rock\n|\n|-weather|Sandstorm|[upkeep]\n|-damage|p1a: Dragapult|25\/100|[from] Sandstorm\n|-damage|p2a: just friends|29\/100|[from] Sandstorm\n|upkeep\n|turn|17\n|j|+ez\n|\n|t:|1625431771\n|move|p1a: Dragapult|Shadow Ball|p2a: just friends\n|-damage|p2a: just friends|0 fnt\n|faint|p2a: just friends\n|\n|-weather|none\n|upkeep\n|\n|t:|1625431776\n|switch|p2a: 2 soon|Hippowdon, M|100\/100\n|-weather|Sandstorm|[from] ability: Sand Stream|[of] p2a: 2 soon\n|turn|18\n|inactive|LT81YL Mob has 120 seconds left.\n|j| Mangoverde4\n|\n|t:|1625431817\n|move|p1a: Dragapult|Shadow Ball|p2a: 2 soon\n|-damage|p2a: 2 soon|65\/100\n|move|p2a: 2 soon|Toxic|p1a: Dragapult\n|-status|p1a: Dragapult|tox\n|\n|-weather|Sandstorm|[upkeep]\n|-damage|p1a: Dragapult|19\/100 tox|[from] Sandstorm\n|-damage|p1a: Dragapult|13\/100 tox|[from] psn\n|upkeep\n|turn|19\n|j| Royal Arm\n|l| Royal Arm\n|\n|t:|1625431835\n|switch|p1a: Landorus|Landorus-Therian, M|63\/100\n|-damage|p1a: Landorus|51\/100|[from] Stealth Rock\n|-ability|p1a: Landorus|Intimidate|boost\n|-unboost|p2a: 2 soon|atk|1\n|move|p2a: 2 soon|Slack Off|p2a: 2 soon\n|-heal|p2a: 2 soon|100\/100\n|\n|-weather|Sandstorm|[upkeep]\n|-heal|p1a: Landorus|57\/100|[from] item: Leftovers\n|upkeep\n|turn|20\n|l| croo\n|\n|t:|1625431843\n|move|p1a: Landorus|U-turn|p2a: 2 soon\n|-damage|p2a: 2 soon|85\/100\n|\n|t:|1625431849\n|switch|p1a: Ferrothorn|Ferrothorn, M|84\/100|[from]move: U-turn\n|-damage|p1a: Ferrothorn|78\/100|[from] Stealth Rock\n|-damage|p1a: Ferrothorn|61\/100|[from] Spikes\n|move|p2a: 2 soon|Toxic|p1a: Ferrothorn\n|-immune|p1a: Ferrothorn\n|\n|-weather|Sandstorm|[upkeep]\n|-heal|p1a: Ferrothorn|68\/100|[from] item: Leftovers\n|upkeep\n|turn|21\n|\n|t:|1625431857\n|switch|p2a: the reaper|Skarmory, F|100\/100\n|-damage|p2a: the reaper|88\/100|[from] Stealth Rock\n|move|p1a: Ferrothorn|Spikes|p2a: the reaper\n|-sidestart|p2: BestixL|Spikes\n|\n|-weather|Sandstorm|[upkeep]\n|-heal|p1a: Ferrothorn|74\/100|[from] item: Leftovers\n|upkeep\n|turn|22\n|\n|t:|1625431866\n|switch|p1a: Landorus|Landorus-Therian, M|57\/100\n|-damage|p1a: Landorus|44\/100|[from] Stealth Rock\n|-ability|p1a: Landorus|Intimidate|boost\n|-unboost|p2a: the reaper|atk|1\n|move|p2a: the reaper|Iron Defense|p2a: the reaper\n|-boost|p2a: the reaper|def|2\n|\n|-weather|none\n|-heal|p1a: Landorus|50\/100|[from] item: Leftovers\n|upkeep\n|turn|23\n|\n|t:|1625431874\n|move|p1a: Landorus|U-turn|p2a: the reaper\n|-resisted|p2a: the reaper\n|-crit|p2a: the reaper\n|-damage|p2a: the reaper|83\/100\n|\n|t:|1625431876\n|switch|p1a: Dragonite|Dragonite, M|100\/100|[from]move: U-turn\n|move|p2a: the reaper|Spikes|p1a: Dragonite\n|-sidestart|p1: LT81YL Mob|Spikes\n|\n|upkeep\n|turn|24\n|\n|t:|1625431896\n|switch|p1a: Dragapult|Dragapult, M|13\/100 tox\n|-damage|p1a: Dragapult|1\/100 tox|[from] Stealth Rock\n|-damage|p1a: Dragapult|0 fnt|[from] Spikes\n|faint|p1a: Dragapult\n|switch|p2a: 2 soon|Hippowdon, M|85\/100\n|-weather|Sandstorm|[from] ability: Sand Stream|[of] p2a: 2 soon\n|\n|-weather|Sandstorm|[upkeep]\n|upkeep\n|l| andreasmang\n|inactive|LT81YL Mob has 120 seconds left.\n|\n|t:|1625431916\n|switch|p1a: Melmetal|Melmetal|100\/100\n|-damage|p1a: Melmetal|76\/100|[from] Spikes\n|-damage|p1a: Melmetal|69\/100|[from] Stealth Rock\n|turn|25\n|\n|t:|1625431925\n|switch|p2a: Yotsuba|Buzzwole|100\/100\n|move|p1a: Melmetal|Double Iron Bash|p2a: Yotsuba\n|-damage|p2a: Yotsuba|74\/100\n|-damage|p2a: Yotsuba|46\/100\n|-hitcount|p2a: Yotsuba|2\n|\n|-weather|Sandstorm|[upkeep]\n|-damage|p2a: Yotsuba|39\/100|[from] Sandstorm\n|upkeep\n|turn|26\n|j| fsvjpfjpfoj\n|\n|t:|1625431935\n|move|p2a: Yotsuba|Close Combat|p1a: Melmetal\n|-supereffective|p1a: Melmetal\n|-damage|p1a: Melmetal|0 fnt\n|-unboost|p2a: Yotsuba|def|1\n|-unboost|p2a: Yotsuba|spd|1\n|faint|p1a: Melmetal\n|-ability|p2a: Yotsuba|Beast Boost|boost\n|-boost|p2a: Yotsuba|atk|1\n|\n|-weather|Sandstorm|[upkeep]\n|-damage|p2a: Yotsuba|33\/100|[from] Sandstorm\n|upkeep\n|l| ThePokeOne1\n|\n|t:|1625431948\n|switch|p1a: Nidoking|Nidoking, M|84\/100\n|-damage|p1a: Nidoking|59\/100|[from] Spikes\n|-damage|p1a: Nidoking|53\/100|[from] Stealth Rock\n|turn|27\n|\n|t:|1625431952\n|switch|p2a: Itsuki|Reuniclus, F|100\/100\n|move|p1a: Nidoking|Sludge Wave|p2a: Itsuki\n|-damage|p2a: Itsuki|53\/100\n|\n|-weather|Sandstorm|[upkeep]\n|upkeep\n|turn|28\n|l| tigers jaw\n|\n|t:|1625431959\n|move|p1a: Nidoking|Sludge Wave|p2a: Itsuki\n|-damage|p2a: Itsuki|9\/100\n|move|p2a: Itsuki|Recover|p2a: Itsuki\n|-heal|p2a: Itsuki|59\/100\n|\n|-weather|none\n|upkeep\n|turn|29\n|l| fsvjpfjpfoj\n|\n|t:|1625431962\n|move|p1a: Nidoking|Sludge Wave|p2a: Itsuki\n|-damage|p2a: Itsuki|9\/100\n|move|p2a: Itsuki|Recover|p2a: Itsuki\n|-heal|p2a: Itsuki|59\/100\n|\n|upkeep\n|turn|30\n|\n|t:|1625431964\n|move|p1a: Nidoking|Sludge Wave|p2a: Itsuki\n|-damage|p2a: Itsuki|10\/100\n|move|p2a: Itsuki|Psyshock|p1a: Nidoking\n|-supereffective|p1a: Nidoking\n|-damage|p1a: Nidoking|0 fnt\n|faint|p1a: Nidoking\n|\n|upkeep\n|c|\u2606BestixL|gg\n|\n|t:|1625431967\n|switch|p1a: Dragonite|Dragonite, M|100\/100\n|turn|31\n|l| Yelodash\n|\n|t:|1625431981\n|switch|p2a: the reaper|Skarmory, F|83\/100\n|-damage|p2a: the reaper|71\/100|[from] Stealth Rock\n|move|p1a: Dragonite|Dragon Dance|p1a: Dragonite\n|-boost|p1a: Dragonite|atk|1\n|-boost|p1a: Dragonite|spe|1\n|\n|upkeep\n|turn|32\n|\n|t:|1625431986\n|move|p1a: Dragonite|Dragon Dance|p1a: Dragonite\n|-boost|p1a: Dragonite|atk|1\n|-boost|p1a: Dragonite|spe|1\n|move|p2a: the reaper|Iron Defense|p2a: the reaper\n|-boost|p2a: the reaper|def|2\n|\n|upkeep\n|turn|33\n|\n|t:|1625431988\n|move|p1a: Dragonite|Dragon Dance|p1a: Dragonite\n|-boost|p1a: Dragonite|atk|1\n|-boost|p1a: Dragonite|spe|1\n|move|p2a: the reaper|Iron Defense|p2a: the reaper\n|-boost|p2a: the reaper|def|2\n|\n|upkeep\n|turn|34\n|\n|t:|1625431990\n|move|p1a: Dragonite|Dragon Dance|p1a: Dragonite\n|-boost|p1a: Dragonite|atk|1\n|-boost|p1a: Dragonite|spe|1\n|move|p2a: the reaper|Iron Defense|p2a: the reaper\n|-boost|p2a: the reaper|def|2\n|\n|upkeep\n|turn|35\n|\n|t:|1625431992\n|move|p1a: Dragonite|Dragon Dance|p1a: Dragonite\n|-boost|p1a: Dragonite|atk|1\n|-boost|p1a: Dragonite|spe|1\n|move|p2a: the reaper|Roost|p2a: the reaper\n|-heal|p2a: the reaper|100\/100\n|-singleturn|p2a: the reaper|move: Roost\n|\n|upkeep\n|turn|36\n|\n|t:|1625431996\n|move|p1a: Dragonite|Dragon Dance|p1a: Dragonite\n|-boost|p1a: Dragonite|atk|1\n|-boost|p1a: Dragonite|spe|1\n|move|p2a: the reaper|Body Press|p1a: Dragonite\n|-resisted|p1a: Dragonite\n|-damage|p1a: Dragonite|66\/100\n|\n|upkeep\n|turn|37\n|j| b1arhghlfargh1\n|\n|t:|1625432000\n|move|p1a: Dragonite|Roost|p1a: Dragonite\n|-heal|p1a: Dragonite|100\/100\n|-singleturn|p1a: Dragonite|move: Roost\n|move|p2a: the reaper|Body Press|p1a: Dragonite\n|-damage|p1a: Dragonite|27\/100\n|\n|upkeep\n|turn|38\n|\n|t:|1625432004\n|move|p1a: Dragonite|Dual Wingbeat|p2a: the reaper|[miss]\n|-miss|p1a: Dragonite|p2a: the reaper\n|move|p2a: the reaper|Body Press|p1a: Dragonite\n|-resisted|p1a: Dragonite\n|-damage|p1a: Dragonite|0 fnt\n|faint|p1a: Dragonite\n|\n|upkeep\n|\n|t:|1625432007\n|switch|p1a: Ferrothorn|Ferrothorn, M|74\/100\n|-damage|p1a: Ferrothorn|49\/100|[from] Spikes\n|-damage|p1a: Ferrothorn|43\/100|[from] Stealth Rock\n|turn|39\n|-message|LT81YL Mob forfeited.\n|\n|win|BestixL\n|l|\u2606LT81YL Mob\n|raw|LT81YL Mob's rating: 1870 &rarr; <strong>1853<\/strong><br \/>(-17 for losing)\n|raw|BestixL's rating: 1923 &rarr; <strong>1940<\/strong><br \/>(+17 for winning)\n|l|+ez\n|l| b1arhghlfargh1\n|l| HYper\n|l| LT81YL HAX\n|l| 2021BoxFan\n||Ladder isn't responding, score probably updated but might not have (Request timeout).\n|l| Xevara \u2020\n","uploadtime":1625432077,"views":39,"p1id":"lt81ylmob","p2id":"bestixl","formatid":"gen8ou","rating":1853,"private":0,"password":null}