{"id":"gen8vgc2021-1291066362","p1":"bhkg","p2":"Hanasenju15","format":"gen8vgc2021","log":"|j|\u2606bhkg\n|j|\u2606Hanasenju15\n|t:|1614454887\n|player|p1|bhkg|cynthia-gen4|\n|player|p2|Hanasenju15|dawn|\n|teamsize|p1|6\n|teamsize|p2|6\n|gametype|doubles\n|gen|8\n|tier|[Gen 8] VGC 2021\n|rule|Species Clause: Limit one of each Pok\u00e9mon\n|rule|Item Clause: Limit one of each item\n|clearpoke\n|poke|p1|Budew, L50, F|\n|poke|p1|Feebas, L50, F|\n|poke|p1|Togepi, L50, F|\n|poke|p1|Gible, L50, M|\n|poke|p1|Riolu, L50, F|\n|poke|p1|Rufflet, L50, M|\n|poke|p2|Squirtle, L50, M|\n|poke|p2|Fletchling, L50, M|\n|poke|p2|Pichu, L50, M|\n|poke|p2|Growlithe, L50, M|\n|poke|p2|Pawniard, L50, M|\n|poke|p2|Grookey, L50, F|\n|teampreview|4\n|\n|t:|1614454917\n|start\n|switch|p1a: Budew|Budew, L50, F, shiny|100\/100\n|switch|p1b: Feebas|Feebas, L50, F|100\/100\n|switch|p2a: Squirtle|Squirtle, L50, M|100\/100\n|switch|p2b: Fletchling|Fletchling, L50, M|100\/100\n|turn|1\n|\n|t:|1614454930\n|move|p1a: Budew|Protect|p1a: Budew\n|-singleturn|p1a: Budew|Protect\n|move|p2b: Fletchling|Dual Wingbeat|p1a: Budew\n|-activate|p1a: Budew|move: Protect\n|move|p1b: Feebas|Hypnosis|p2b: Fletchling|[miss]\n|-miss|p1b: Feebas|p2b: Fletchling\n|move|p2a: Squirtle|Yawn|p1b: Feebas\n|-start|p1b: Feebas|move: Yawn|[of] p2a: Squirtle\n|\n|upkeep\n|turn|2\n|\n|t:|1614454968\n|move|p2b: Fletchling|Tailwind|p2b: Fletchling\n|-sidestart|p2: Hanasenju15|move: Tailwind\n|move|p2a: Squirtle|Yawn|p1a: Budew\n|-start|p1a: Budew|move: Yawn|[of] p2a: Squirtle\n|move|p1b: Feebas|Hypnosis|p2b: Fletchling\n|-status|p2b: Fletchling|slp|[from] move: Hypnosis\n|move|p1a: Budew|Sleep Powder|p2a: Squirtle\n|-status|p2a: Squirtle|slp|[from] move: Sleep Powder\n|\n|-end|p1b: Feebas|move: Yawn|[silent]\n|-status|p1b: Feebas|slp\n|upkeep\n|turn|3\n|\n|t:|1614455005\n|switch|p2b: Pawniard|Pawniard, L50, M|100\/100\n|switch|p2a: Growlithe|Growlithe, L50, M|100\/100\n|switch|p1b: Gible|Gible, L50, M|100\/100\n|move|p1a: Budew|Leaf Storm|p2a: Growlithe\n|-resisted|p2a: Growlithe\n|-damage|p2a: Growlithe|68\/100\n|-unboost|p1a: Budew|spa|2\n|\n|-end|p1a: Budew|move: Yawn|[silent]\n|-status|p1a: Budew|slp\n|upkeep\n|turn|4\n|\n|t:|1614455028\n|switch|p1a: Rufflet|Rufflet, L50, M, shiny|100\/100\n|-start|p2a: Growlithe|Dynamax\n|-heal|p2a: Growlithe|68\/100|[silent]\n|move|p2b: Pawniard|Beat Up|p2a: Growlithe\n|-damage|p2a: Growlithe|65\/100\n|-ability|p2a: Growlithe|Justified|boost\n|-boost|p2a: Growlithe|atk|1\n|-damage|p2a: Growlithe|61\/100\n|-ability|p2a: Growlithe|Justified|boost\n|-boost|p2a: Growlithe|atk|1\n|-hitcount|p2a: Growlithe|2\n|move|p2a: Growlithe|Max Flare|p1b: Gible\n|-resisted|p1b: Gible\n|-damage|p1b: Gible|3\/100\n|-weather|SunnyDay\n|move|p1b: Gible|Earthquake|p2b: Pawniard|[spread] p2a,p2b\n|-immune|p1a: Rufflet\n|-supereffective|p2a: Growlithe\n|-supereffective|p2b: Pawniard\n|-damage|p2a: Growlithe|8\/100\n|-damage|p2b: Pawniard|0 fnt\n|faint|p2b: Pawniard\n|\n|-weather|SunnyDay|[upkeep]\n|upkeep\n|\n|t:|1614455054\n|switch|p2b: Fletchling|Fletchling, L50, M|100\/100 slp\n|turn|5\n|\n|t:|1614455093\n|switch|p2b: Squirtle|Squirtle, L50, M|100\/100 slp\n|-start|p1a: Rufflet|Dynamax\n|-heal|p1a: Rufflet|100\/100|[silent]\n|move|p1a: Rufflet|Max Guard|p1a: Rufflet\n|-singleturn|p1a: Rufflet|Max Guard\n|move|p2a: Growlithe|Max Lightning|p1a: Rufflet\n|-activate|p1a: Rufflet|move: Max Guard\n|move|p1b: Gible|Dragon Claw|p2a: Growlithe\n|-damage|p2a: Growlithe|0 fnt\n|faint|p2a: Growlithe\n|\n|-weather|SunnyDay|[upkeep]\n|-sideend|p2: Hanasenju15|move: Tailwind\n|upkeep\n|\n|t:|1614455109\n|switch|p2a: Fletchling|Fletchling, L50, M|100\/100 slp\n|turn|6\n|\n|t:|1614455120\n|cant|p2a: Fletchling|slp\n|move|p1a: Rufflet|Max Airstream|p2a: Fletchling\n|-enditem|p2a: Fletchling|Focus Sash\n|-damage|p2a: Fletchling|1\/100 slp\n|-boost|p1a: Rufflet|spe|1\n|-boost|p1b: Gible|spe|1\n|-damage|p1a: Rufflet|96\/100|[from] item: Life Orb\n|cant|p2b: Squirtle|slp\n|move|p1b: Gible|Dragon Claw|p2b: Squirtle\n|-damage|p2b: Squirtle|35\/100 slp\n|\n|-weather|SunnyDay|[upkeep]\n|upkeep\n|turn|7\n|c|\u2606Hanasenju15|gg!\n|c|\u2606bhkg|gg\n|\n|t:|1614455140\n|move|p1a: Rufflet|Max Rockfall|p2b: Squirtle\n|-damage|p2b: Squirtle|0 fnt\n|-weather|Sandstorm\n|-damage|p1a: Rufflet|91\/100|[from] item: Life Orb\n|faint|p2b: Squirtle\n|cant|p2a: Fletchling|slp\n|move|p1b: Gible|Dragon Claw|p2a: Fletchling\n|-damage|p2a: Fletchling|0 fnt\n|faint|p2a: Fletchling\n|\n|win|bhkg\n","uploadtime":1614455156,"views":7,"p1id":"bhkg","p2id":"hanasenju15","formatid":"gen8vgc2021","rating":0,"private":0,"password":null}