{"id":"gen8randombattle-1035048455","p1":"Extremekz","p2":"comp233","format":"gen8randombattle","log":"|j|\u2606Extremekz\n|j|\u2606comp233\n|player|p1|Extremekz|ethan|1625\n|player|p2|comp233|115|1682\n|teamsize|p1|6\n|teamsize|p2|6\n|gametype|singles\n|gen|8\n|tier|[Gen 8] Random Battle\n|rated|\n|rule|HP Percentage Mod: HP is shown in percentages\n|rule|Sleep Clause Mod: Limit one foe put to sleep\n|\n|start\n|switch|p1a: Basculin|Basculin-Blue-Striped, L82, F|249\/249\n|switch|p2a: Boltund|Boltund, L82, F|247\/247\n|turn|1\n|c|\u2606Extremekz|hf\n|\n|switch|p1a: Dhelmise|Dhelmise, L82|249\/249\n|move|p2a: Boltund|Thunder Fang|p1a: Dhelmise\n|-resisted|p1a: Dhelmise\n|-damage|p1a: Dhelmise|203\/249\n|\n|-heal|p1a: Dhelmise|218\/249|[from] item: Leftovers\n|upkeep\n|turn|2\n|inactive|Battle timer is ON: inactive players will automatically lose when time's up. (requested by Extremekz)\n|\n|move|p2a: Boltund|Bulk Up|p2a: Boltund\n|-boost|p2a: Boltund|atk|1\n|-boost|p2a: Boltund|def|1\n|move|p1a: Dhelmise|Shadow Claw|p2a: Boltund\n|-damage|p2a: Boltund|168\/247\n|\n|-heal|p1a: Dhelmise|233\/249|[from] item: Leftovers\n|upkeep\n|turn|3\n|\n|move|p2a: Boltund|Crunch|p1a: Dhelmise\n|-supereffective|p1a: Dhelmise\n|-damage|p1a: Dhelmise|9\/249\n|move|p1a: Dhelmise|Power Whip|p2a: Boltund\n|-damage|p2a: Boltund|21\/247\n|\n|-heal|p1a: Dhelmise|24\/249|[from] item: Leftovers\n|upkeep\n|turn|4\n|\n|move|p2a: Boltund|Crunch|p1a: Dhelmise\n|-supereffective|p1a: Dhelmise\n|-damage|p1a: Dhelmise|0 fnt\n|faint|p1a: Dhelmise\n|\n|upkeep\n|\n|switch|p1a: Basculin|Basculin-Blue-Striped, L82, F|249\/249\n|turn|5\n|\n|switch|p2a: Passimian|Passimian, L82, M|298\/298\n|move|p1a: Basculin|Aqua Jet|p2a: Passimian\n|-damage|p2a: Passimian|218\/298\n|\n|upkeep\n|turn|6\n|\n|switch|p1a: Butterfree|Butterfree, L82, M|233\/233\n|move|p2a: Passimian|U-turn|p1a: Butterfree\n|-resisted|p1a: Butterfree\n|-damage|p1a: Butterfree|192\/233\n|inactive|comp233 has 120 seconds left.\n|\n|switch|p2a: Boltund|Boltund, L82, F|21\/247\n|\n|upkeep\n|turn|7\n|\n|move|p2a: Boltund|Thunder Fang|p1a: Butterfree\n|-supereffective|p1a: Butterfree\n|-damage|p1a: Butterfree|0 fnt\n|faint|p1a: Butterfree\n|\n|upkeep\n|\n|switch|p1a: Basculin|Basculin-Blue-Striped, L82, F|249\/249\n|turn|8\n|\n|move|p1a: Basculin|Aqua Jet|p2a: Boltund\n|-damage|p2a: Boltund|0 fnt\n|faint|p2a: Boltund\n|\n|upkeep\n|\n|switch|p2a: Seismitoad|Seismitoad, L80, F|299\/299\n|turn|9\n|\n|switch|p1a: Flapple|Flapple, L82, M|249\/249\n|move|p2a: Seismitoad|Stealth Rock|p1a: Flapple\n|-sidestart|p1: Extremekz|move: Stealth Rock\n|\n|upkeep\n|turn|10\n|\n|switch|p2a: Sylveon|Sylveon, L82, F|290\/290\n|move|p1a: Flapple|Dragon Dance|p1a: Flapple\n|-boost|p1a: Flapple|atk|1\n|-boost|p1a: Flapple|spe|1\n|\n|upkeep\n|turn|11\n|\n|-start|p1a: Flapple|Dynamax\n|-heal|p1a: Flapple|498\/498|[silent]\n|move|p1a: Flapple|Max Overgrowth|p2a: Sylveon\n|-damage|p2a: Sylveon|0 fnt\n|-fieldstart|move: Grassy Terrain\n|faint|p2a: Sylveon\n|\n|upkeep\n|inactive|comp233 has 120 seconds left.\n|\n|switch|p2a: Lucario|Lucario, L82, F|249\/249\n|turn|12\n|inactive|comp233 has 120 seconds left.\n|\n|-start|p2a: Lucario|Dynamax\n|-heal|p2a: Lucario|498\/498|[silent]\n|move|p1a: Flapple|Max Wyrmwind|p2a: Lucario\n|-resisted|p2a: Lucario\n|-damage|p2a: Lucario|299\/498\n|-unboost|p2a: Lucario|atk|1\n|move|p2a: Lucario|Max Hailstorm|p1a: Flapple\n|-supereffective|p1a: Flapple\n|-damage|p1a: Flapple|118\/498\n|-weather|Hail\n|-damage|p2a: Lucario|275\/498|[from] item: Life Orb\n|\n|-weather|Hail|[upkeep]\n|-damage|p1a: Flapple|103\/498|[from] Hail\n|-damage|p2a: Lucario|260\/498|[from] Hail\n|-heal|p1a: Flapple|118\/498|[from] Grassy Terrain\n|-heal|p2a: Lucario|275\/498|[from] Grassy Terrain\n|upkeep\n|turn|13\n|inactive|comp233 has 120 seconds left.\n|\n|move|p1a: Flapple|Max Overgrowth|p2a: Lucario\n|-resisted|p2a: Lucario\n|-damage|p2a: Lucario|43\/498\n|move|p2a: Lucario|Max Steelspike|p1a: Flapple\n|-damage|p1a: Flapple|0 fnt\n|-boost|p2a: Lucario|def|1\n|-damage|p2a: Lucario|19\/498|[from] item: Life Orb\n|faint|p1a: Flapple\n|\n|-weather|Hail|[upkeep]\n|-damage|p2a: Lucario|4\/498|[from] Hail\n|-heal|p2a: Lucario|19\/498|[from] Grassy Terrain\n|upkeep\n|\n|switch|p1a: Ninetales|Ninetales-Alola, L80, F|247\/247\n|-damage|p1a: Ninetales|186\/247|[from] Stealth Rock\n|turn|14\n|\n|move|p1a: Ninetales|Moonblast|p2a: Lucario\n|-damage|p2a: Lucario|0 fnt\n|faint|p2a: Lucario\n|\n|-weather|Hail|[upkeep]\n|-heal|p1a: Ninetales|201\/247|[from] Grassy Terrain\n|upkeep\n|\n|switch|p2a: Passimian|Passimian, L82, M|218\/298\n|turn|15\n|\n|move|p2a: Passimian|Rock Slide|p1a: Ninetales|[miss]\n|-miss|p2a: Passimian|p1a: Ninetales\n|move|p1a: Ninetales|Moonblast|p2a: Passimian\n|-supereffective|p2a: Passimian\n|-damage|p2a: Passimian|14\/298\n|\n|-weather|Hail|[upkeep]\n|-damage|p2a: Passimian|0 fnt|[from] Hail\n|faint|p2a: Passimian\n|-heal|p1a: Ninetales|216\/247|[from] Grassy Terrain\n|-fieldend|move: Grassy Terrain\n|upkeep\n|\n|switch|p2a: Lunala|Lunala, L78|342\/342\n|turn|16\n|\n|move|p1a: Ninetales|Aurora Veil|p1a: Ninetales\n|-sidestart|p1: Extremekz|move: Aurora Veil\n|move|p2a: Lunala|Calm Mind|p2a: Lunala\n|-boost|p2a: Lunala|spa|1\n|-boost|p2a: Lunala|spd|1\n|\n|-weather|none\n|upkeep\n|turn|17\n|\n|move|p1a: Ninetales|Moonblast|p2a: Lunala\n|-damage|p2a: Lunala|315\/342\n|move|p2a: Lunala|Calm Mind|p2a: Lunala\n|-boost|p2a: Lunala|spa|1\n|-boost|p2a: Lunala|spd|1\n|\n|-heal|p2a: Lunala|336\/342|[from] item: Leftovers\n|upkeep\n|turn|18\n|inactive|comp233 has 120 seconds left.\n|\n|move|p1a: Ninetales|Freeze-Dry|p2a: Lunala\n|-damage|p2a: Lunala|308\/342\n|move|p2a: Lunala|Calm Mind|p2a: Lunala\n|-boost|p2a: Lunala|spa|1\n|-boost|p2a: Lunala|spd|1\n|\n|-heal|p2a: Lunala|329\/342|[from] item: Leftovers\n|upkeep\n|turn|19\n|\n|move|p1a: Ninetales|Moonblast|p2a: Lunala\n|-damage|p2a: Lunala|298\/342\n|move|p2a: Lunala|Calm Mind|p2a: Lunala\n|-boost|p2a: Lunala|spa|1\n|-boost|p2a: Lunala|spd|1\n|\n|-heal|p2a: Lunala|319\/342|[from] item: Leftovers\n|upkeep\n|turn|20\n|\n|switch|p1a: Basculin|Basculin-Blue-Striped, L82, F|249\/249\n|-damage|p1a: Basculin|218\/249|[from] Stealth Rock\n|move|p2a: Lunala|Calm Mind|p2a: Lunala\n|-boost|p2a: Lunala|spa|1\n|-boost|p2a: Lunala|spd|1\n|\n|-heal|p2a: Lunala|340\/342|[from] item: Leftovers\n|upkeep\n|turn|21\n|\n|move|p1a: Basculin|Crunch|p2a: Lunala\n|-supereffective|p2a: Lunala\n|-damage|p2a: Lunala|0 fnt\n|faint|p2a: Lunala\n|\n|upkeep\n|\n|switch|p2a: Seismitoad|Seismitoad, L80, F|299\/299\n|turn|22\n|\n|move|p1a: Basculin|Crunch|p2a: Seismitoad\n|-damage|p2a: Seismitoad|207\/299\n|move|p2a: Seismitoad|Rain Dance|p2a: Seismitoad\n|-weather|RainDance\n|\n|-weather|RainDance|[upkeep]\n|upkeep\n|turn|23\n|\n|move|p2a: Seismitoad|Earthquake|p1a: Basculin\n|-damage|p1a: Basculin|142\/249\n|-damage|p2a: Seismitoad|178\/299|[from] item: Life Orb\n|move|p1a: Basculin|Crunch|p2a: Seismitoad\n|-damage|p2a: Seismitoad|84\/299\n|\n|-weather|RainDance|[upkeep]\n|-sideend|p1: Extremekz|move: Aurora Veil\n|upkeep\n|turn|24\n|\n|move|p2a: Seismitoad|Earthquake|p1a: Basculin\n|-damage|p1a: Basculin|0 fnt\n|-damage|p2a: Seismitoad|55\/299|[from] item: Life Orb\n|faint|p1a: Basculin\n|\n|-weather|RainDance|[upkeep]\n|upkeep\n|\n|switch|p1a: Ninetales|Ninetales-Alola, L80, F|216\/247\n|-damage|p1a: Ninetales|155\/247|[from] Stealth Rock\n|-weather|Hail|[from] ability: Snow Warning|[of] p1a: Ninetales\n|turn|25\n|c|\u2606Extremekz|gg\n|\n|move|p1a: Ninetales|Freeze-Dry|p2a: Seismitoad\n|-supereffective|p2a: Seismitoad\n|-damage|p2a: Seismitoad|0 fnt\n|faint|p2a: Seismitoad\n|\n|win|Extremekz\n|l|\u2606comp233\n","inputlog":">version 70dbfadb3a679cc4292e57144a6ec1ed51b0962a\n>version-origin 7f772fba67d04d379e07d0e418f0f55e9f81d4a0\n>start {\"formatid\":\"gen8randombattle\",\"seed\":[36201,50605,518,45451],\"rated\":\"Rated battle\"}\n>player p1 {\"name\":\"Extremekz\",\"avatar\":\"ethan\",\"team\":\"\",\"rating\":1625,\"seed\":[20626,51066,17460,48089]}\n>player p2 {\"name\":\"comp233\",\"avatar\":\"115\",\"team\":\"\",\"rating\":1682,\"seed\":[60829,2724,58619,32695]}\n>p1 switch 5\n>p2 move thunderfang\n>p1 move shadowclaw\n>p2 move bulkup\n>p1 move powerwhip\n>p2 move crunch\n>p1 move powerwhip\n>p2 move crunch\n>p1 switch 5\n>p1 move aquajet\n>p2 switch 4\n>p1 switch 2\n>p2 move uturn\n>p2 switch 4\n>p1 move energyball\n>p2 move thunderfang\n>p1 switch 2\n>p1 move aquajet\n>p2 move thunderfang\n>p2 switch 3\n>p1 switch 4\n>p2 move stealthrock\n>p1 move dragondance\n>p2 switch 5\n>p1 move gravapple dynamax\n>p2 move hypervoice\n>p2 switch 6\n>p1 move outrage dynamax\n>p2 move icepunch dynamax\n>p1 move gravapple dynamax\n>p2 move meteormash dynamax\n>p1 switch 3\n>p1 move moonblast\n>p2 move meteormash dynamax\n>p2 switch 4\n>p1 move moonblast\n>p2 move rockslide\n>p2 switch 2\n>p1 move auroraveil\n>p2 move calmmind\n>p1 move moonblast\n>p2 move calmmind\n>p1 move freezedry\n>p2 move calmmind\n>p1 move moonblast\n>p2 move calmmind\n>p1 switch 4\n>p2 move calmmind\n>p1 move crunch\n>p2 move moongeistbeam\n>p2 switch 5\n>p1 move crunch\n>p2 move raindance\n>p1 move crunch\n>p2 move earthquake\n>p1 move crunch\n>p2 move earthquake\n>p1 switch 4\n>p1 move freezedry\n>p2 move earthquake","uploadtime":1577208858,"views":1,"p1id":"extremekz","p2id":"comp233","formatid":"gen8randombattle","rating":0,"private":0,"password":null}