{"id":"gen8ou-1603649732","p1":"Spectre Ace","p2":"andrewm0n","format":"gen8ou","log":"|j|\u2606Spectre Ace\n|j|\u2606andrewm0n\n|t:|1656121329\n|gametype|singles\n|player|p1|Spectre Ace|juggler|1705\n|player|p2|andrewm0n|swimmerf|1813\n|teamsize|p1|6\n|teamsize|p2|6\n|gen|8\n|tier|[Gen 8] OU\n|rated|\n|rule|Sleep Clause Mod: Limit one foe put to sleep\n|rule|Species Clause: Limit one of each Pok\u00e9mon\n|rule|OHKO Clause: OHKO moves are banned\n|rule|Evasion Moves Clause: Evasion moves are banned\n|rule|Endless Battle Clause: Forcing endless battles is banned\n|rule|HP Percentage Mod: HP is shown in percentages\n|rule|Dynamax Clause: You cannot dynamax\n|clearpoke\n|poke|p1|Tapu Koko|\n|poke|p1|Weezing-Galar, M|\n|poke|p1|Swampert, M|\n|poke|p1|Ferrothorn, F|\n|poke|p1|Urshifu-*, M|\n|poke|p1|Raichu-Alola, F|\n|poke|p2|Blaziken, M|\n|poke|p2|Clefable, F|\n|poke|p2|Slowbro-Galar, M|\n|poke|p2|Corviknight, M|\n|poke|p2|Seismitoad, M|\n|poke|p2|Incineroar, M|\n|teampreview\n|\n|t:|1656121346\n|start\n|switch|p1a: Jetstream|Swampert, M, shiny|100\/100\n|switch|p2a: Seismitoad|Seismitoad, M|100\/100\n|turn|1\n|\n|t:|1656121349\n|move|p2a: Seismitoad|Knock Off|p1a: Jetstream\n|-damage|p1a: Jetstream|81\/100\n|-enditem|p1a: Jetstream|Leftovers|[from] move: Knock Off|[of] p2a: Seismitoad\n|move|p1a: Jetstream|Toxic|p2a: Seismitoad\n|-status|p2a: Seismitoad|tox\n|\n|-damage|p2a: Seismitoad|94\/100 tox|[from] psn\n|upkeep\n|turn|2\n|\n|t:|1656121351\n|move|p2a: Seismitoad|Stealth Rock|p1a: Jetstream\n|-sidestart|p1: Spectre Ace|move: Stealth Rock\n|move|p1a: Jetstream|Stealth Rock|p2a: Seismitoad\n|-sidestart|p2: andrewm0n|move: Stealth Rock\n|\n|-heal|p2a: Seismitoad|100\/100 tox|[from] item: Leftovers\n|-damage|p2a: Seismitoad|88\/100 tox|[from] psn\n|upkeep\n|turn|3\n|\n|t:|1656121354\n|move|p2a: Seismitoad|Toxic|p1a: Jetstream\n|-status|p1a: Jetstream|tox\n|move|p1a: Jetstream|Earthquake|p2a: Seismitoad\n|-damage|p2a: Seismitoad|56\/100 tox\n|\n|-heal|p2a: Seismitoad|62\/100 tox|[from] item: Leftovers\n|-damage|p2a: Seismitoad|44\/100 tox|[from] psn\n|-damage|p1a: Jetstream|75\/100 tox|[from] psn\n|upkeep\n|turn|4\n|j| Skinnybiscuit\n|\n|t:|1656121356\n|switch|p2a: Corviknight|Corviknight, M|100\/100\n|-damage|p2a: Corviknight|88\/100|[from] Stealth Rock\n|move|p1a: Jetstream|Earthquake|p2a: Corviknight\n|-immune|p2a: Corviknight\n|\n|-damage|p1a: Jetstream|63\/100 tox|[from] psn\n|upkeep\n|turn|5\n|\n|t:|1656121358\n|switch|p2a: Seismitoad|Seismitoad, M|44\/100 tox\n|-damage|p2a: Seismitoad|38\/100 tox|[from] Stealth Rock\n|move|p1a: Jetstream|Flip Turn|p2a: Seismitoad\n|-heal|p2a: Seismitoad|63\/100 tox|[from] ability: Water Absorb|[of] p1a: Jetstream\n|\n|-heal|p2a: Seismitoad|69\/100 tox|[from] item: Leftovers\n|-damage|p2a: Seismitoad|63\/100 tox|[from] psn\n|-damage|p1a: Jetstream|44\/100 tox|[from] psn\n|upkeep\n|turn|6\n|\n|t:|1656121360\n|switch|p2a: Corviknight|Corviknight, M|88\/100\n|-damage|p2a: Corviknight|75\/100|[from] Stealth Rock\n|move|p1a: Jetstream|Earthquake|p2a: Corviknight\n|-immune|p2a: Corviknight\n|\n|-damage|p1a: Jetstream|19\/100 tox|[from] psn\n|upkeep\n|turn|7\n|\n|t:|1656121364\n|move|p2a: Corviknight|U-turn|p1a: Jetstream\n|-damage|p1a: Jetstream|6\/100 tox\n|\n|t:|1656121366\n|switch|p2a: Slowbro|Slowbro-Galar, M|100\/100|[from]move: U-turn\n|-damage|p2a: Slowbro|88\/100|[from] Stealth Rock\n|move|p1a: Jetstream|Flip Turn|p2a: Slowbro\n|-damage|p2a: Slowbro|71\/100\n|\n|t:|1656121368\n|switch|p1a: Vice|Urshifu-Rapid-Strike, M|100\/100|[from]move: Flip Turn\n|-damage|p1a: Vice|94\/100|[from] Stealth Rock\n|\n|upkeep\n|turn|8\n|\n|t:|1656121372\n|move|p1a: Vice|Surging Strikes|p2a: Slowbro\n|-crit|p2a: Slowbro\n|-damage|p2a: Slowbro|48\/100\n|-crit|p2a: Slowbro\n|-damage|p2a: Slowbro|23\/100\n|-crit|p2a: Slowbro\n|-damage|p2a: Slowbro|0 fnt\n|faint|p2a: Slowbro\n|-hitcount|p2: Slowbro|3\n|\n|upkeep\n|\n|t:|1656121377\n|switch|p2a: Seismitoad|Seismitoad, M|63\/100 tox\n|-damage|p2a: Seismitoad|57\/100 tox|[from] Stealth Rock\n|turn|9\n|\n|t:|1656121379\n|switch|p1a: Jetstream|Swampert, M, shiny|6\/100 tox\n|-damage|p1a: Jetstream|0 fnt|[from] Stealth Rock\n|faint|p1a: Jetstream\n|switch|p2a: Incineroar|Incineroar, M|100\/100\n|-damage|p2a: Incineroar|76\/100|[from] Stealth Rock\n|\n|-heal|p2a: Incineroar|82\/100|[from] item: Leftovers\n|upkeep\n|\n|t:|1656121381\n|switch|p1a: Vice|Urshifu-Rapid-Strike, M|94\/100\n|-damage|p1a: Vice|88\/100|[from] Stealth Rock\n|turn|10\n|\n|t:|1656121384\n|switch|p2a: Clefable|Clefable, F|100\/100\n|-damage|p2a: Clefable|88\/100|[from] Stealth Rock\n|move|p1a: Vice|Close Combat|p2a: Clefable\n|-resisted|p2a: Clefable\n|-damage|p2a: Clefable|51\/100\n|-unboost|p1a: Vice|def|1\n|-unboost|p1a: Vice|spd|1\n|\n|-heal|p2a: Clefable|57\/100|[from] item: Leftovers\n|upkeep\n|turn|11\n|\n|t:|1656121386\n|switch|p1a: Sundowner|Ferrothorn, F, shiny|100\/100\n|-damage|p1a: Sundowner|94\/100|[from] Stealth Rock\n|move|p2a: Clefable|Wish|p2a: Clefable\n|\n|-heal|p2a: Clefable|63\/100|[from] item: Leftovers\n|-heal|p1a: Sundowner|100\/100|[from] item: Leftovers\n|upkeep\n|turn|12\n|\n|t:|1656121390\n|switch|p2a: Incineroar|Incineroar, M|82\/100\n|-damage|p2a: Incineroar|57\/100|[from] Stealth Rock\n|-ability|p2a: Incineroar|Intimidate|boost\n|-unboost|p1a: Sundowner|atk|1\n|move|p1a: Sundowner|Spikes|p2a: Incineroar\n|-sidestart|p2: andrewm0n|Spikes\n|\n|-heal|p2a: Incineroar|100\/100|[from] move: Wish|[wisher] Clefable\n|upkeep\n|turn|13\n|j| funny mud pee\n|\n|t:|1656121395\n|move|p2a: Incineroar|Flame Charge|p1a: Sundowner\n|-supereffective|p1a: Sundowner\n|-damage|p1a: Sundowner|29\/100\n|-boost|p2a: Incineroar|spe|1\n|-damage|p2a: Incineroar|88\/100|[from] ability: Iron Barbs|[of] p1a: Sundowner\n|move|p1a: Sundowner|Knock Off|p2a: Incineroar\n|-resisted|p2a: Incineroar\n|-crit|p2a: Incineroar\n|-damage|p2a: Incineroar|70\/100\n|-enditem|p2a: Incineroar|Leftovers|[from] move: Knock Off|[of] p1a: Sundowner\n|\n|-heal|p1a: Sundowner|35\/100|[from] item: Leftovers\n|upkeep\n|turn|14\n|\n|t:|1656121399\n|switch|p1a: Prosperity|Weezing-Galar, M|100\/100\n|-damage|p1a: Prosperity|88\/100|[from] Stealth Rock\n|move|p2a: Incineroar|Bulk Up|p2a: Incineroar\n|-boost|p2a: Incineroar|atk|1\n|-boost|p2a: Incineroar|def|1\n|\n|upkeep\n|turn|15\n|\n|t:|1656121403\n|move|p2a: Incineroar|Bulk Up|p2a: Incineroar\n|-boost|p2a: Incineroar|atk|1\n|-boost|p2a: Incineroar|def|1\n|move|p1a: Prosperity|Strange Steam|p2a: Incineroar\n|-damage|p2a: Incineroar|41\/100\n|\n|upkeep\n|turn|16\n|\n|t:|1656121407\n|move|p2a: Incineroar|Flame Charge|p1a: Prosperity\n|-damage|p1a: Prosperity|55\/100\n|-boost|p2a: Incineroar|spe|1\n|-damage|p2a: Incineroar|24\/100|[from] item: Rocky Helmet|[of] p1a: Prosperity\n|move|p1a: Prosperity|Flamethrower|p2a: Incineroar\n|-resisted|p2a: Incineroar\n|-damage|p2a: Incineroar|15\/100\n|\n|upkeep\n|turn|17\n|j| Sneakyplanner\n|\n|t:|1656121415\n|switch|p1a: Sundowner|Ferrothorn, F, shiny|35\/100\n|-damage|p1a: Sundowner|29\/100|[from] Stealth Rock\n|move|p2a: Incineroar|Power Trip|p1a: Sundowner\n|-damage|p1a: Sundowner|0 fnt\n|-damage|p2a: Incineroar|2\/100|[from] ability: Iron Barbs|[of] p1a: Sundowner\n|faint|p1a: Sundowner\n|\n|upkeep\n|\n|t:|1656121418\n|switch|p1a: Wave|Tapu Koko|100\/100\n|-fieldstart|move: Electric Terrain|[from] ability: Electric Surge|[of] p1a: Wave\n|turn|18\n|\n|t:|1656121422\n|switch|p1a: Prosperity|Weezing-Galar, M|55\/100\n|-damage|p1a: Prosperity|43\/100|[from] Stealth Rock\n|move|p2a: Incineroar|Power Trip|p1a: Prosperity\n|-resisted|p1a: Prosperity\n|-damage|p1a: Prosperity|0 fnt\n|-damage|p2a: Incineroar|0 fnt|[from] item: Rocky Helmet|[of] p1a: Prosperity\n|faint|p1a: Prosperity\n|faint|p2a: Incineroar\n|\n|upkeep\n|\n|t:|1656121429\n|switch|p2a: Corviknight|Corviknight, M|75\/100\n|switch|p1a: Valentine|Raichu-Alola, F, shiny|100\/100\n|-damage|p1a: Valentine|88\/100|[from] Stealth Rock\n|-damage|p2a: Corviknight|63\/100|[from] Stealth Rock\n|turn|19\n|\n|t:|1656121434\n|move|p1a: Valentine|Volt Switch|p2a: Corviknight\n|-supereffective|p2a: Corviknight\n|-damage|p2a: Corviknight|0 fnt\n|faint|p2a: Corviknight\n|\n|t:|1656121435\n|switch|p1a: Vice|Urshifu-Rapid-Strike, M|88\/100|[from]move: Volt Switch\n|-damage|p1a: Vice|82\/100|[from] Stealth Rock\n|\n|upkeep\n|\n|t:|1656121437\n|switch|p2a: Clefable|Clefable, F|63\/100\n|-damage|p2a: Clefable|50\/100|[from] Stealth Rock\n|-damage|p2a: Clefable|38\/100|[from] Spikes\n|turn|20\n|\n|t:|1656121448\n|move|p1a: Vice|Close Combat|p2a: Clefable\n|-resisted|p2a: Clefable\n|-damage|p2a: Clefable|2\/100\n|-unboost|p1a: Vice|def|1\n|-unboost|p1a: Vice|spd|1\n|move|p2a: Clefable|Moonblast|p1a: Vice\n|-supereffective|p1a: Vice\n|-damage|p1a: Vice|0 fnt\n|faint|p1a: Vice\n|\n|-heal|p2a: Clefable|8\/100|[from] item: Leftovers\n|upkeep\n|\n|t:|1656121452\n|switch|p1a: Valentine|Raichu-Alola, F, shiny|88\/100\n|-damage|p1a: Valentine|76\/100|[from] Stealth Rock\n|turn|21\n|\n|t:|1656121457\n|move|p1a: Valentine|Psyshock|p2a: Clefable\n|-crit|p2a: Clefable\n|-damage|p2a: Clefable|0 fnt\n|faint|p2a: Clefable\n|\n|upkeep\n|\n|t:|1656121460\n|switch|p2a: Seismitoad|Seismitoad, M|57\/100 tox\n|-damage|p2a: Seismitoad|51\/100 tox|[from] Stealth Rock\n|-damage|p2a: Seismitoad|39\/100 tox|[from] Spikes\n|turn|22\n|\n|t:|1656121462\n|move|p1a: Valentine|Psyshock|p2a: Seismitoad\n|-damage|p2a: Seismitoad|0 fnt\n|faint|p2a: Seismitoad\n|\n|-fieldend|move: Electric Terrain\n|upkeep\n|\n|t:|1656121464\n|switch|p2a: Blaziken|Blaziken, M|100\/100\n|-damage|p2a: Blaziken|88\/100|[from] Stealth Rock\n|-damage|p2a: Blaziken|76\/100|[from] Spikes\n|turn|23\n|j| xiao123\n|\n|t:|1656121466\n|switch|p1a: Wave|Tapu Koko|100\/100\n|-fieldstart|move: Electric Terrain|[from] ability: Electric Surge|[of] p1a: Wave\n|move|p2a: Blaziken|Protect||[still]\n|-fail|p2a: Blaziken\n|\n|-heal|p2a: Blaziken|82\/100|[from] item: Leftovers\n|-ability|p2a: Blaziken|Speed Boost|boost\n|-boost|p2a: Blaziken|spe|1\n|upkeep\n|turn|24\n|\n|t:|1656121468\n|move|p1a: Wave|Thunderbolt|p2a: Blaziken\n|-damage|p2a: Blaziken|8\/100\n|-status|p2a: Blaziken|par\n|move|p2a: Blaziken|Swords Dance|p2a: Blaziken\n|-boost|p2a: Blaziken|atk|2\n|\n|-heal|p2a: Blaziken|14\/100 par|[from] item: Leftovers\n|-ability|p2a: Blaziken|Speed Boost|boost\n|-boost|p2a: Blaziken|spe|1\n|upkeep\n|turn|25\n|c|\u2606andrewm0n|damn\n|c|\u2606andrewm0n|gg\n|-message|andrewm0n forfeited.\n|\n|win|Spectre Ace\n|raw|Spectre Ace's rating: 1705 &rarr; <strong>1731<\/strong><br \/>(+26 for winning)\n|raw|andrewm0n's rating: 1813 &rarr; <strong>1787<\/strong><br \/>(-26 for losing)\n|l|\u2606andrewm0n\n|l| Skinnybiscuit\n||Ladder isn't responding, score probably updated but might not have (Request timeout).\n","uploadtime":1656121525,"views":38,"p1id":"spectreace","p2id":"andrewm0n","formatid":"gen8ou","rating":1731,"private":0,"password":null}