{"id":"gen8nationaldex-1526504420","p1":"tbw(at)gmx(dot)us","p2":"Hikari-miyako","format":"gen8nationaldex","log":"|j|\u2606tbw(at)gmx(dot)us\n|j|\u2606Hikari-miyako\n|t:|1646776427\n|gametype|singles\n|player|p1|tbw(at)gmx(dot)us|scientist-gen2|1598\n|player|p2|Hikari-miyako|ariana|1638\n|teamsize|p1|6\n|teamsize|p2|6\n|gen|8\n|tier|[Gen 8] National Dex\n|rated|\n|rule|HP Percentage Mod: HP is shown in percentages\n|rule|Endless Battle Clause: Forcing endless battles is banned\n|rule|OHKO Clause: OHKO moves are banned\n|rule|Evasion Moves Clause: Evasion moves are banned\n|rule|Species Clause: Limit one of each Pok\u00e9mon\n|rule|Dynamax Clause: You cannot dynamax\n|rule|Sleep Clause Mod: Limit one foe put to sleep\n|clearpoke\n|poke|p1|Toxapex, M|\n|poke|p1|Eldegoss, M|\n|poke|p1|Ditto|\n|poke|p1|Sableye, M|\n|poke|p1|Clefable, M|\n|poke|p1|Deoxys-Defense|\n|poke|p2|Aegislash, F|\n|poke|p2|Diancie|\n|poke|p2|Thundurus, M|\n|poke|p2|Bisharp, F|\n|poke|p2|Serperior, F|\n|poke|p2|Greninja, M|\n|teampreview\n|\n|t:|1646776432\n|start\n|switch|p1a: \ud809\udc2b\ud809\udc2b\ud809\udc2b\ud809\udc2b\ud809\udc2b\ud809\udc2b\ud809\udc2b\ud809\udc2b\ud809\udc2b|Toxapex, M|100\/100\n|switch|p2a: Diancie|Diancie|100\/100\n|turn|1\n|inactive|Battle timer is ON: inactive players will automatically lose when time's up. (requested by tbw(at)gmx(dot)us)\n|\n|t:|1646776438\n|detailschange|p2a: Diancie|Diancie-Mega\n|-mega|p2a: Diancie|Diancie|Diancite\n|move|p2a: Diancie|Earth Power|p1a: \ud809\udc2b\ud809\udc2b\ud809\udc2b\ud809\udc2b\ud809\udc2b\ud809\udc2b\ud809\udc2b\ud809\udc2b\ud809\udc2b\n|-supereffective|p1a: \ud809\udc2b\ud809\udc2b\ud809\udc2b\ud809\udc2b\ud809\udc2b\ud809\udc2b\ud809\udc2b\ud809\udc2b\ud809\udc2b\n|-damage|p1a: \ud809\udc2b\ud809\udc2b\ud809\udc2b\ud809\udc2b\ud809\udc2b\ud809\udc2b\ud809\udc2b\ud809\udc2b\ud809\udc2b|49\/100\n|move|p1a: \ud809\udc2b\ud809\udc2b\ud809\udc2b\ud809\udc2b\ud809\udc2b\ud809\udc2b\ud809\udc2b\ud809\udc2b\ud809\udc2b|Scald|p2a: Diancie\n|-supereffective|p2a: Diancie\n|-damage|p2a: Diancie|55\/100\n|-status|p2a: Diancie|brn\n|\n|-damage|p2a: Diancie|49\/100 brn|[from] brn\n|upkeep\n|turn|2\n|\n|t:|1646776443\n|switch|p1a: \ud809\udc2b\ud809\udc2b\ud809\udc2b\ud809\udc2b\ud809\udc2b\ud809\udc2b\ud809\udc2b|Deoxys-Defense|100\/100\n|-ability|p1a: \ud809\udc2b\ud809\udc2b\ud809\udc2b\ud809\udc2b\ud809\udc2b\ud809\udc2b\ud809\udc2b|Pressure\n|move|p2a: Diancie|Earth Power|p1a: \ud809\udc2b\ud809\udc2b\ud809\udc2b\ud809\udc2b\ud809\udc2b\ud809\udc2b\ud809\udc2b\n|-damage|p1a: \ud809\udc2b\ud809\udc2b\ud809\udc2b\ud809\udc2b\ud809\udc2b\ud809\udc2b\ud809\udc2b|75\/100\n|\n|-heal|p1a: \ud809\udc2b\ud809\udc2b\ud809\udc2b\ud809\udc2b\ud809\udc2b\ud809\udc2b\ud809\udc2b|81\/100|[from] item: Leftovers\n|-damage|p2a: Diancie|42\/100 brn|[from] brn\n|upkeep\n|turn|3\n|\n|t:|1646776450\n|switch|p2a: Bisharp|Bisharp, F|100\/100\n|move|p1a: \ud809\udc2b\ud809\udc2b\ud809\udc2b\ud809\udc2b\ud809\udc2b\ud809\udc2b\ud809\udc2b|Teleport|p1a: \ud809\udc2b\ud809\udc2b\ud809\udc2b\ud809\udc2b\ud809\udc2b\ud809\udc2b\ud809\udc2b\n|\n|t:|1646776454\n|switch|p1a: \ud809\udc2a\ud809\udc2a\ud809\udc2a\ud809\udc2a\ud809\udc2a\ud809\udc2a\ud809\udc2a\ud809\udc2a\ud809\udc2a|Ditto, shiny|100\/100|[from]move: Teleport\n|-transform|p1a: \ud809\udc2a\ud809\udc2a\ud809\udc2a\ud809\udc2a\ud809\udc2a\ud809\udc2a\ud809\udc2a\ud809\udc2a\ud809\udc2a|p2a: Bisharp|[from] ability: Imposter\n|\n|upkeep\n|turn|4\n|\n|t:|1646776462\n|move|p1a: \ud809\udc2a\ud809\udc2a\ud809\udc2a\ud809\udc2a\ud809\udc2a\ud809\udc2a\ud809\udc2a\ud809\udc2a\ud809\udc2a|Stealth Rock|p2a: Bisharp\n|-sidestart|p2: Hikari-miyako|move: Stealth Rock\n|move|p2a: Bisharp|Stealth Rock|p1a: \ud809\udc2a\ud809\udc2a\ud809\udc2a\ud809\udc2a\ud809\udc2a\ud809\udc2a\ud809\udc2a\ud809\udc2a\ud809\udc2a\n|-sidestart|p1: tbw(at)gmx(dot)us|move: Stealth Rock\n|\n|upkeep\n|turn|5\n|\n|t:|1646776467\n|switch|p1a: \ud809\udc2b\ud809\udc2b\ud809\udc2b\ud809\udc2b\ud809\udc2b\ud809\udc2b\ud809\udc2b\ud809\udc2b\ud809\udc2b|Toxapex, M|82\/100\n|-damage|p1a: \ud809\udc2b\ud809\udc2b\ud809\udc2b\ud809\udc2b\ud809\udc2b\ud809\udc2b\ud809\udc2b\ud809\udc2b\ud809\udc2b|70\/100|[from] Stealth Rock\n|move|p2a: Bisharp|Knock Off|p1a: \ud809\udc2b\ud809\udc2b\ud809\udc2b\ud809\udc2b\ud809\udc2b\ud809\udc2b\ud809\udc2b\ud809\udc2b\ud809\udc2b\n|-damage|p1a: \ud809\udc2b\ud809\udc2b\ud809\udc2b\ud809\udc2b\ud809\udc2b\ud809\udc2b\ud809\udc2b\ud809\udc2b\ud809\udc2b|34\/100\n|-enditem|p1a: \ud809\udc2b\ud809\udc2b\ud809\udc2b\ud809\udc2b\ud809\udc2b\ud809\udc2b\ud809\udc2b\ud809\udc2b\ud809\udc2b|Shed Shell|[from] move: Knock Off|[of] p2a: Bisharp\n|\n|upkeep\n|turn|6\n|\n|t:|1646776477\n|move|p2a: Bisharp|Iron Head|p1a: \ud809\udc2b\ud809\udc2b\ud809\udc2b\ud809\udc2b\ud809\udc2b\ud809\udc2b\ud809\udc2b\ud809\udc2b\ud809\udc2b\n|-resisted|p1a: \ud809\udc2b\ud809\udc2b\ud809\udc2b\ud809\udc2b\ud809\udc2b\ud809\udc2b\ud809\udc2b\ud809\udc2b\ud809\udc2b\n|-damage|p1a: \ud809\udc2b\ud809\udc2b\ud809\udc2b\ud809\udc2b\ud809\udc2b\ud809\udc2b\ud809\udc2b\ud809\udc2b\ud809\udc2b|19\/100\n|move|p1a: \ud809\udc2b\ud809\udc2b\ud809\udc2b\ud809\udc2b\ud809\udc2b\ud809\udc2b\ud809\udc2b\ud809\udc2b\ud809\udc2b|Recover|p1a: \ud809\udc2b\ud809\udc2b\ud809\udc2b\ud809\udc2b\ud809\udc2b\ud809\udc2b\ud809\udc2b\ud809\udc2b\ud809\udc2b\n|-heal|p1a: \ud809\udc2b\ud809\udc2b\ud809\udc2b\ud809\udc2b\ud809\udc2b\ud809\udc2b\ud809\udc2b\ud809\udc2b\ud809\udc2b|69\/100\n|\n|upkeep\n|turn|7\n|\n|t:|1646776484\n|switch|p2a: Thundurus|Thundurus, M|100\/100\n|-damage|p2a: Thundurus|76\/100|[from] Stealth Rock\n|move|p1a: \ud809\udc2b\ud809\udc2b\ud809\udc2b\ud809\udc2b\ud809\udc2b\ud809\udc2b\ud809\udc2b\ud809\udc2b\ud809\udc2b|Recover|p1a: \ud809\udc2b\ud809\udc2b\ud809\udc2b\ud809\udc2b\ud809\udc2b\ud809\udc2b\ud809\udc2b\ud809\udc2b\ud809\udc2b\n|-heal|p1a: \ud809\udc2b\ud809\udc2b\ud809\udc2b\ud809\udc2b\ud809\udc2b\ud809\udc2b\ud809\udc2b\ud809\udc2b\ud809\udc2b|100\/100\n|\n|upkeep\n|turn|8\n|\n|t:|1646776487\n|switch|p1a: \ud809\udc29\ud809\udc29\ud809\udc29\ud809\udc29\ud809\udc29\ud809\udc29\ud809\udc29\ud809\udc29|Clefable, M|100\/100\n|-damage|p1a: \ud809\udc29\ud809\udc29\ud809\udc29\ud809\udc29\ud809\udc29\ud809\udc29\ud809\udc29\ud809\udc29|88\/100|[from] Stealth Rock\n|move|p2a: Thundurus|Thunderbolt|p1a: \ud809\udc29\ud809\udc29\ud809\udc29\ud809\udc29\ud809\udc29\ud809\udc29\ud809\udc29\ud809\udc29\n|-damage|p1a: \ud809\udc29\ud809\udc29\ud809\udc29\ud809\udc29\ud809\udc29\ud809\udc29\ud809\udc29\ud809\udc29|50\/100\n|-damage|p2a: Thundurus|66\/100|[from] item: Life Orb\n|\n|-heal|p1a: \ud809\udc29\ud809\udc29\ud809\udc29\ud809\udc29\ud809\udc29\ud809\udc29\ud809\udc29\ud809\udc29|57\/100|[from] item: Leftovers\n|upkeep\n|turn|9\n|\n|t:|1646776493\n|move|p2a: Thundurus|Thunderbolt|p1a: \ud809\udc29\ud809\udc29\ud809\udc29\ud809\udc29\ud809\udc29\ud809\udc29\ud809\udc29\ud809\udc29\n|-damage|p1a: \ud809\udc29\ud809\udc29\ud809\udc29\ud809\udc29\ud809\udc29\ud809\udc29\ud809\udc29\ud809\udc29|17\/100\n|-damage|p2a: Thundurus|56\/100|[from] item: Life Orb\n|move|p1a: \ud809\udc29\ud809\udc29\ud809\udc29\ud809\udc29\ud809\udc29\ud809\udc29\ud809\udc29\ud809\udc29|Wish|p1a: \ud809\udc29\ud809\udc29\ud809\udc29\ud809\udc29\ud809\udc29\ud809\udc29\ud809\udc29\ud809\udc29\n|\n|-heal|p1a: \ud809\udc29\ud809\udc29\ud809\udc29\ud809\udc29\ud809\udc29\ud809\udc29\ud809\udc29\ud809\udc29|23\/100|[from] item: Leftovers\n|upkeep\n|turn|10\n|\n|t:|1646776499\n|switch|p2a: Bisharp|Bisharp, F|100\/100\n|-damage|p2a: Bisharp|95\/100|[from] Stealth Rock\n|move|p1a: \ud809\udc29\ud809\udc29\ud809\udc29\ud809\udc29\ud809\udc29\ud809\udc29\ud809\udc29\ud809\udc29|Protect||[still]\n|-fail|p1a: \ud809\udc29\ud809\udc29\ud809\udc29\ud809\udc29\ud809\udc29\ud809\udc29\ud809\udc29\ud809\udc29\n|\n|-heal|p1a: \ud809\udc29\ud809\udc29\ud809\udc29\ud809\udc29\ud809\udc29\ud809\udc29\ud809\udc29\ud809\udc29|73\/100|[from] move: Wish|[wisher] \ud809\udc29\ud809\udc29\ud809\udc29\ud809\udc29\ud809\udc29\ud809\udc29\ud809\udc29\ud809\udc29\n|-heal|p1a: \ud809\udc29\ud809\udc29\ud809\udc29\ud809\udc29\ud809\udc29\ud809\udc29\ud809\udc29\ud809\udc29|79\/100|[from] item: Leftovers\n|upkeep\n|turn|11\n|\n|t:|1646776507\n|switch|p1a: \ud809\udc2b\ud809\udc2b\ud809\udc2b\ud809\udc2b\ud809\udc2b\ud809\udc2b\ud809\udc2b\ud809\udc2b\ud809\udc2b|Toxapex, M|100\/100\n|-damage|p1a: \ud809\udc2b\ud809\udc2b\ud809\udc2b\ud809\udc2b\ud809\udc2b\ud809\udc2b\ud809\udc2b\ud809\udc2b\ud809\udc2b|88\/100|[from] Stealth Rock\n|move|p2a: Bisharp|Knock Off|p1a: \ud809\udc2b\ud809\udc2b\ud809\udc2b\ud809\udc2b\ud809\udc2b\ud809\udc2b\ud809\udc2b\ud809\udc2b\ud809\udc2b\n|-damage|p1a: \ud809\udc2b\ud809\udc2b\ud809\udc2b\ud809\udc2b\ud809\udc2b\ud809\udc2b\ud809\udc2b\ud809\udc2b\ud809\udc2b|60\/100\n|\n|upkeep\n|turn|12\n|\n|t:|1646776510\n|switch|p2a: Thundurus|Thundurus, M|56\/100\n|-damage|p2a: Thundurus|32\/100|[from] Stealth Rock\n|move|p1a: \ud809\udc2b\ud809\udc2b\ud809\udc2b\ud809\udc2b\ud809\udc2b\ud809\udc2b\ud809\udc2b\ud809\udc2b\ud809\udc2b|Recover|p1a: \ud809\udc2b\ud809\udc2b\ud809\udc2b\ud809\udc2b\ud809\udc2b\ud809\udc2b\ud809\udc2b\ud809\udc2b\ud809\udc2b\n|-heal|p1a: \ud809\udc2b\ud809\udc2b\ud809\udc2b\ud809\udc2b\ud809\udc2b\ud809\udc2b\ud809\udc2b\ud809\udc2b\ud809\udc2b|100\/100\n|\n|upkeep\n|turn|13\n|\n|t:|1646776514\n|switch|p1a: \ud809\udc2b\ud809\udc2b\ud809\udc2b\ud809\udc2b\ud809\udc2b\ud809\udc2b\ud809\udc2b\ud809\udc2b|Eldegoss, M|100\/100\n|move|p2a: Thundurus|Thunderbolt|p1a: \ud809\udc2b\ud809\udc2b\ud809\udc2b\ud809\udc2b\ud809\udc2b\ud809\udc2b\ud809\udc2b\ud809\udc2b\n|-resisted|p1a: \ud809\udc2b\ud809\udc2b\ud809\udc2b\ud809\udc2b\ud809\udc2b\ud809\udc2b\ud809\udc2b\ud809\udc2b\n|-damage|p1a: \ud809\udc2b\ud809\udc2b\ud809\udc2b\ud809\udc2b\ud809\udc2b\ud809\udc2b\ud809\udc2b\ud809\udc2b|79\/100\n|-damage|p2a: Thundurus|22\/100|[from] item: Life Orb\n|\n|upkeep\n|turn|14\n|\n|t:|1646776524\n|move|p2a: Thundurus|Thunder Wave|p1a: \ud809\udc2b\ud809\udc2b\ud809\udc2b\ud809\udc2b\ud809\udc2b\ud809\udc2b\ud809\udc2b\ud809\udc2b\n|-status|p1a: \ud809\udc2b\ud809\udc2b\ud809\udc2b\ud809\udc2b\ud809\udc2b\ud809\udc2b\ud809\udc2b\ud809\udc2b|par\n|move|p1a: \ud809\udc2b\ud809\udc2b\ud809\udc2b\ud809\udc2b\ud809\udc2b\ud809\udc2b\ud809\udc2b\ud809\udc2b|Leech Seed|p2a: Thundurus\n|-start|p2a: Thundurus|move: Leech Seed\n|\n|-damage|p2a: Thundurus|10\/100|[from] Leech Seed|[of] p1a: \ud809\udc2b\ud809\udc2b\ud809\udc2b\ud809\udc2b\ud809\udc2b\ud809\udc2b\ud809\udc2b\ud809\udc2b\n|-heal|p1a: \ud809\udc2b\ud809\udc2b\ud809\udc2b\ud809\udc2b\ud809\udc2b\ud809\udc2b\ud809\udc2b\ud809\udc2b|90\/100 par|[silent]\n|upkeep\n|turn|15\n|\n|t:|1646776528\n|switch|p2a: Aegislash|Aegislash, F|100\/100\n|-damage|p2a: Aegislash|94\/100|[from] Stealth Rock\n|move|p1a: \ud809\udc2b\ud809\udc2b\ud809\udc2b\ud809\udc2b\ud809\udc2b\ud809\udc2b\ud809\udc2b\ud809\udc2b|Rapid Spin|p2a: Aegislash\n|-immune|p2a: Aegislash\n|\n|upkeep\n|turn|16\n|\n|t:|1646776537\n|-formechange|p2a: Aegislash|Aegislash-Blade||[from] ability: Stance Change\n|move|p2a: Aegislash|Shadow Ball|p1a: \ud809\udc2b\ud809\udc2b\ud809\udc2b\ud809\udc2b\ud809\udc2b\ud809\udc2b\ud809\udc2b\ud809\udc2b\n|-crit|p1a: \ud809\udc2b\ud809\udc2b\ud809\udc2b\ud809\udc2b\ud809\udc2b\ud809\udc2b\ud809\udc2b\ud809\udc2b\n|-damage|p1a: \ud809\udc2b\ud809\udc2b\ud809\udc2b\ud809\udc2b\ud809\udc2b\ud809\udc2b\ud809\udc2b\ud809\udc2b|44\/100 par\n|-unboost|p1a: \ud809\udc2b\ud809\udc2b\ud809\udc2b\ud809\udc2b\ud809\udc2b\ud809\udc2b\ud809\udc2b\ud809\udc2b|spd|1\n|move|p1a: \ud809\udc2b\ud809\udc2b\ud809\udc2b\ud809\udc2b\ud809\udc2b\ud809\udc2b\ud809\udc2b\ud809\udc2b|Leech Seed|p2a: Aegislash\n|-start|p2a: Aegislash|move: Leech Seed\n|\n|-damage|p2a: Aegislash|82\/100|[from] Leech Seed|[of] p1a: \ud809\udc2b\ud809\udc2b\ud809\udc2b\ud809\udc2b\ud809\udc2b\ud809\udc2b\ud809\udc2b\ud809\udc2b\n|-heal|p1a: \ud809\udc2b\ud809\udc2b\ud809\udc2b\ud809\udc2b\ud809\udc2b\ud809\udc2b\ud809\udc2b\ud809\udc2b|56\/100 par|[silent]\n|upkeep\n|turn|17\n|\n|t:|1646776548\n|switch|p1a: \ud809\udc29\ud809\udc29\ud809\udc29\ud809\udc29\ud809\udc29\ud809\udc29\ud809\udc29\ud809\udc29\ud809\udc29|Sableye, M|100\/100\n|-damage|p1a: \ud809\udc29\ud809\udc29\ud809\udc29\ud809\udc29\ud809\udc29\ud809\udc29\ud809\udc29\ud809\udc29\ud809\udc29|88\/100|[from] Stealth Rock\n|move|p2a: Aegislash|Shadow Ball|p1a: \ud809\udc29\ud809\udc29\ud809\udc29\ud809\udc29\ud809\udc29\ud809\udc29\ud809\udc29\ud809\udc29\ud809\udc29\n|-damage|p1a: \ud809\udc29\ud809\udc29\ud809\udc29\ud809\udc29\ud809\udc29\ud809\udc29\ud809\udc29\ud809\udc29\ud809\udc29|14\/100\n|-unboost|p1a: \ud809\udc29\ud809\udc29\ud809\udc29\ud809\udc29\ud809\udc29\ud809\udc29\ud809\udc29\ud809\udc29\ud809\udc29|spd|1\n|\n|-damage|p2a: Aegislash|70\/100|[from] Leech Seed|[of] p1a: \ud809\udc29\ud809\udc29\ud809\udc29\ud809\udc29\ud809\udc29\ud809\udc29\ud809\udc29\ud809\udc29\ud809\udc29\n|-heal|p1a: \ud809\udc29\ud809\udc29\ud809\udc29\ud809\udc29\ud809\udc29\ud809\udc29\ud809\udc29\ud809\udc29\ud809\udc29|27\/100|[silent]\n|upkeep\n|turn|18\n|\n|t:|1646776560\n|switch|p1a: \ud809\udc2b\ud809\udc2b\ud809\udc2b\ud809\udc2b\ud809\udc2b\ud809\udc2b\ud809\udc2b\ud809\udc2b\ud809\udc2b|Toxapex, M|100\/100\n|-damage|p1a: \ud809\udc2b\ud809\udc2b\ud809\udc2b\ud809\udc2b\ud809\udc2b\ud809\udc2b\ud809\udc2b\ud809\udc2b\ud809\udc2b|88\/100|[from] Stealth Rock\n|move|p2a: Aegislash|Shadow Ball|p1a: \ud809\udc2b\ud809\udc2b\ud809\udc2b\ud809\udc2b\ud809\udc2b\ud809\udc2b\ud809\udc2b\ud809\udc2b\ud809\udc2b\n|-damage|p1a: \ud809\udc2b\ud809\udc2b\ud809\udc2b\ud809\udc2b\ud809\udc2b\ud809\udc2b\ud809\udc2b\ud809\udc2b\ud809\udc2b|55\/100\n|\n|-damage|p2a: Aegislash|57\/100|[from] Leech Seed|[of] p1a: \ud809\udc2b\ud809\udc2b\ud809\udc2b\ud809\udc2b\ud809\udc2b\ud809\udc2b\ud809\udc2b\ud809\udc2b\ud809\udc2b\n|-heal|p1a: \ud809\udc2b\ud809\udc2b\ud809\udc2b\ud809\udc2b\ud809\udc2b\ud809\udc2b\ud809\udc2b\ud809\udc2b\ud809\udc2b|68\/100|[silent]\n|upkeep\n|turn|19\n|\n|t:|1646776567\n|switch|p2a: Thundurus|Thundurus, M|10\/100\n|-damage|p2a: Thundurus|0 fnt|[from] Stealth Rock\n|faint|p2a: Thundurus\n|move|p1a: \ud809\udc2b\ud809\udc2b\ud809\udc2b\ud809\udc2b\ud809\udc2b\ud809\udc2b\ud809\udc2b\ud809\udc2b\ud809\udc2b|Scald|p2: Thundurus|[notarget]\n|-fail|p1a: \ud809\udc2b\ud809\udc2b\ud809\udc2b\ud809\udc2b\ud809\udc2b\ud809\udc2b\ud809\udc2b\ud809\udc2b\ud809\udc2b\n|\n|upkeep\n|\n|t:|1646776568\n|switch|p2a: Serperior|Serperior, F|100\/100\n|-damage|p2a: Serperior|88\/100|[from] Stealth Rock\n|turn|20\n|\n|t:|1646776574\n|move|p1a: \ud809\udc2b\ud809\udc2b\ud809\udc2b\ud809\udc2b\ud809\udc2b\ud809\udc2b\ud809\udc2b\ud809\udc2b\ud809\udc2b|Baneful Bunker|p1a: \ud809\udc2b\ud809\udc2b\ud809\udc2b\ud809\udc2b\ud809\udc2b\ud809\udc2b\ud809\udc2b\ud809\udc2b\ud809\udc2b\n|-singleturn|p1a: \ud809\udc2b\ud809\udc2b\ud809\udc2b\ud809\udc2b\ud809\udc2b\ud809\udc2b\ud809\udc2b\ud809\udc2b\ud809\udc2b|move: Protect\n|move|p2a: Serperior|Leaf Storm|p1a: \ud809\udc2b\ud809\udc2b\ud809\udc2b\ud809\udc2b\ud809\udc2b\ud809\udc2b\ud809\udc2b\ud809\udc2b\ud809\udc2b\n|-activate|p1a: \ud809\udc2b\ud809\udc2b\ud809\udc2b\ud809\udc2b\ud809\udc2b\ud809\udc2b\ud809\udc2b\ud809\udc2b\ud809\udc2b|move: Protect\n|\n|upkeep\n|turn|21\n|\n|t:|1646776579\n|switch|p1a: \ud809\udc2b\ud809\udc2b\ud809\udc2b\ud809\udc2b\ud809\udc2b\ud809\udc2b\ud809\udc2b|Deoxys-Defense|81\/100\n|-damage|p1a: \ud809\udc2b\ud809\udc2b\ud809\udc2b\ud809\udc2b\ud809\udc2b\ud809\udc2b\ud809\udc2b|69\/100|[from] Stealth Rock\n|-ability|p1a: \ud809\udc2b\ud809\udc2b\ud809\udc2b\ud809\udc2b\ud809\udc2b\ud809\udc2b\ud809\udc2b|Pressure\n|move|p2a: Serperior|Leaf Storm|p1a: \ud809\udc2b\ud809\udc2b\ud809\udc2b\ud809\udc2b\ud809\udc2b\ud809\udc2b\ud809\udc2b\n|-damage|p1a: \ud809\udc2b\ud809\udc2b\ud809\udc2b\ud809\udc2b\ud809\udc2b\ud809\udc2b\ud809\udc2b|33\/100\n|-boost|p2a: Serperior|spa|2\n|\n|-heal|p1a: \ud809\udc2b\ud809\udc2b\ud809\udc2b\ud809\udc2b\ud809\udc2b\ud809\udc2b\ud809\udc2b|40\/100|[from] item: Leftovers\n|upkeep\n|turn|22\n|\n|t:|1646776582\n|move|p1a: \ud809\udc2b\ud809\udc2b\ud809\udc2b\ud809\udc2b\ud809\udc2b\ud809\udc2b\ud809\udc2b|Protect|p1a: \ud809\udc2b\ud809\udc2b\ud809\udc2b\ud809\udc2b\ud809\udc2b\ud809\udc2b\ud809\udc2b\n|-singleturn|p1a: \ud809\udc2b\ud809\udc2b\ud809\udc2b\ud809\udc2b\ud809\udc2b\ud809\udc2b\ud809\udc2b|Protect\n|move|p2a: Serperior|Leaf Storm|p1a: \ud809\udc2b\ud809\udc2b\ud809\udc2b\ud809\udc2b\ud809\udc2b\ud809\udc2b\ud809\udc2b\n|-activate|p1a: \ud809\udc2b\ud809\udc2b\ud809\udc2b\ud809\udc2b\ud809\udc2b\ud809\udc2b\ud809\udc2b|move: Protect\n|\n|-heal|p1a: \ud809\udc2b\ud809\udc2b\ud809\udc2b\ud809\udc2b\ud809\udc2b\ud809\udc2b\ud809\udc2b|46\/100|[from] item: Leftovers\n|upkeep\n|turn|23\n|\n|t:|1646776592\n|switch|p1a: \ud809\udc29\ud809\udc29\ud809\udc29\ud809\udc29\ud809\udc29\ud809\udc29\ud809\udc29\ud809\udc29|Clefable, M|79\/100\n|-damage|p1a: \ud809\udc29\ud809\udc29\ud809\udc29\ud809\udc29\ud809\udc29\ud809\udc29\ud809\udc29\ud809\udc29|67\/100|[from] Stealth Rock\n|move|p2a: Serperior|Leaf Storm|p1a: \ud809\udc29\ud809\udc29\ud809\udc29\ud809\udc29\ud809\udc29\ud809\udc29\ud809\udc29\ud809\udc29|[miss]\n|-miss|p2a: Serperior|p1a: \ud809\udc29\ud809\udc29\ud809\udc29\ud809\udc29\ud809\udc29\ud809\udc29\ud809\udc29\ud809\udc29\n|\n|-heal|p1a: \ud809\udc29\ud809\udc29\ud809\udc29\ud809\udc29\ud809\udc29\ud809\udc29\ud809\udc29\ud809\udc29|73\/100|[from] item: Leftovers\n|upkeep\n|turn|24\n|\n|t:|1646776598\n|switch|p2a: Bisharp|Bisharp, F|95\/100\n|-damage|p2a: Bisharp|89\/100|[from] Stealth Rock\n|move|p1a: \ud809\udc29\ud809\udc29\ud809\udc29\ud809\udc29\ud809\udc29\ud809\udc29\ud809\udc29\ud809\udc29|Wish|p1a: \ud809\udc29\ud809\udc29\ud809\udc29\ud809\udc29\ud809\udc29\ud809\udc29\ud809\udc29\ud809\udc29\n|\n|-heal|p1a: \ud809\udc29\ud809\udc29\ud809\udc29\ud809\udc29\ud809\udc29\ud809\udc29\ud809\udc29\ud809\udc29|79\/100|[from] item: Leftovers\n|upkeep\n|turn|25\n|\n|t:|1646776606\n|switch|p1a: \ud809\udc2a\ud809\udc2a\ud809\udc2a\ud809\udc2a\ud809\udc2a\ud809\udc2a\ud809\udc2a\ud809\udc2a\ud809\udc2a|Ditto, shiny|100\/100\n|-damage|p1a: \ud809\udc2a\ud809\udc2a\ud809\udc2a\ud809\udc2a\ud809\udc2a\ud809\udc2a\ud809\udc2a\ud809\udc2a\ud809\udc2a|88\/100|[from] Stealth Rock\n|-transform|p1a: \ud809\udc2a\ud809\udc2a\ud809\udc2a\ud809\udc2a\ud809\udc2a\ud809\udc2a\ud809\udc2a\ud809\udc2a\ud809\udc2a|p2a: Bisharp|[from] ability: Imposter\n|move|p2a: Bisharp|Knock Off|p1a: \ud809\udc2a\ud809\udc2a\ud809\udc2a\ud809\udc2a\ud809\udc2a\ud809\udc2a\ud809\udc2a\ud809\udc2a\ud809\udc2a\n|-resisted|p1a: \ud809\udc2a\ud809\udc2a\ud809\udc2a\ud809\udc2a\ud809\udc2a\ud809\udc2a\ud809\udc2a\ud809\udc2a\ud809\udc2a\n|-damage|p1a: \ud809\udc2a\ud809\udc2a\ud809\udc2a\ud809\udc2a\ud809\udc2a\ud809\udc2a\ud809\udc2a\ud809\udc2a\ud809\udc2a|57\/100\n|-enditem|p1a: \ud809\udc2a\ud809\udc2a\ud809\udc2a\ud809\udc2a\ud809\udc2a\ud809\udc2a\ud809\udc2a\ud809\udc2a\ud809\udc2a|Choice Scarf|[from] move: Knock Off|[of] p2a: Bisharp\n|\n|-heal|p1a: \ud809\udc2a\ud809\udc2a\ud809\udc2a\ud809\udc2a\ud809\udc2a\ud809\udc2a\ud809\udc2a\ud809\udc2a\ud809\udc2a|100\/100|[from] move: Wish|[wisher] \ud809\udc29\ud809\udc29\ud809\udc29\ud809\udc29\ud809\udc29\ud809\udc29\ud809\udc29\ud809\udc29\n|upkeep\n|turn|26\n|\n|t:|1646776613\n|move|p2a: Bisharp|Knock Off|p1a: \ud809\udc2a\ud809\udc2a\ud809\udc2a\ud809\udc2a\ud809\udc2a\ud809\udc2a\ud809\udc2a\ud809\udc2a\ud809\udc2a\n|-resisted|p1a: \ud809\udc2a\ud809\udc2a\ud809\udc2a\ud809\udc2a\ud809\udc2a\ud809\udc2a\ud809\udc2a\ud809\udc2a\ud809\udc2a\n|-damage|p1a: \ud809\udc2a\ud809\udc2a\ud809\udc2a\ud809\udc2a\ud809\udc2a\ud809\udc2a\ud809\udc2a\ud809\udc2a\ud809\udc2a|78\/100\n|move|p1a: \ud809\udc2a\ud809\udc2a\ud809\udc2a\ud809\udc2a\ud809\udc2a\ud809\udc2a\ud809\udc2a\ud809\udc2a\ud809\udc2a|Knock Off|p2a: Bisharp\n|-resisted|p2a: Bisharp\n|-damage|p2a: Bisharp|60\/100\n|-enditem|p2a: Bisharp|Focus Sash|[from] move: Knock Off|[of] p1a: \ud809\udc2a\ud809\udc2a\ud809\udc2a\ud809\udc2a\ud809\udc2a\ud809\udc2a\ud809\udc2a\ud809\udc2a\ud809\udc2a\n|\n|upkeep\n|turn|27\n|\n|t:|1646776619\n|switch|p1a: \ud809\udc2b\ud809\udc2b\ud809\udc2b\ud809\udc2b\ud809\udc2b\ud809\udc2b\ud809\udc2b\ud809\udc2b\ud809\udc2b|Toxapex, M|100\/100\n|-damage|p1a: \ud809\udc2b\ud809\udc2b\ud809\udc2b\ud809\udc2b\ud809\udc2b\ud809\udc2b\ud809\udc2b\ud809\udc2b\ud809\udc2b|88\/100|[from] Stealth Rock\n|move|p2a: Bisharp|Iron Head|p1a: \ud809\udc2b\ud809\udc2b\ud809\udc2b\ud809\udc2b\ud809\udc2b\ud809\udc2b\ud809\udc2b\ud809\udc2b\ud809\udc2b\n|-resisted|p1a: \ud809\udc2b\ud809\udc2b\ud809\udc2b\ud809\udc2b\ud809\udc2b\ud809\udc2b\ud809\udc2b\ud809\udc2b\ud809\udc2b\n|-damage|p1a: \ud809\udc2b\ud809\udc2b\ud809\udc2b\ud809\udc2b\ud809\udc2b\ud809\udc2b\ud809\udc2b\ud809\udc2b\ud809\udc2b|73\/100\n|\n|upkeep\n|turn|28\n|\n|t:|1646776623\n|switch|p2a: Diancie|Diancie-Mega|42\/100 brn\n|-damage|p2a: Diancie|30\/100 brn|[from] Stealth Rock\n|move|p1a: \ud809\udc2b\ud809\udc2b\ud809\udc2b\ud809\udc2b\ud809\udc2b\ud809\udc2b\ud809\udc2b\ud809\udc2b\ud809\udc2b|Scald|p2a: Diancie\n|-supereffective|p2a: Diancie\n|-damage|p2a: Diancie|0 fnt\n|faint|p2a: Diancie\n|\n|upkeep\n|\n|t:|1646776625\n|switch|p2a: Serperior|Serperior, F|88\/100\n|-damage|p2a: Serperior|76\/100|[from] Stealth Rock\n|turn|29\n|\n|t:|1646776633\n|switch|p1a: \ud809\udc29\ud809\udc29\ud809\udc29\ud809\udc29\ud809\udc29\ud809\udc29\ud809\udc29\ud809\udc29|Clefable, M|79\/100\n|-damage|p1a: \ud809\udc29\ud809\udc29\ud809\udc29\ud809\udc29\ud809\udc29\ud809\udc29\ud809\udc29\ud809\udc29|66\/100|[from] Stealth Rock\n|move|p2a: Serperior|Leaf Storm|p1a: \ud809\udc29\ud809\udc29\ud809\udc29\ud809\udc29\ud809\udc29\ud809\udc29\ud809\udc29\ud809\udc29\n|-damage|p1a: \ud809\udc29\ud809\udc29\ud809\udc29\ud809\udc29\ud809\udc29\ud809\udc29\ud809\udc29\ud809\udc29|29\/100\n|-boost|p2a: Serperior|spa|2\n|\n|-heal|p1a: \ud809\udc29\ud809\udc29\ud809\udc29\ud809\udc29\ud809\udc29\ud809\udc29\ud809\udc29\ud809\udc29|35\/100|[from] item: Leftovers\n|upkeep\n|turn|30\n|\n|t:|1646776636\n|move|p1a: \ud809\udc29\ud809\udc29\ud809\udc29\ud809\udc29\ud809\udc29\ud809\udc29\ud809\udc29\ud809\udc29|Protect|p1a: \ud809\udc29\ud809\udc29\ud809\udc29\ud809\udc29\ud809\udc29\ud809\udc29\ud809\udc29\ud809\udc29\n|-singleturn|p1a: \ud809\udc29\ud809\udc29\ud809\udc29\ud809\udc29\ud809\udc29\ud809\udc29\ud809\udc29\ud809\udc29|Protect\n|move|p2a: Serperior|Leaf Storm|p1a: \ud809\udc29\ud809\udc29\ud809\udc29\ud809\udc29\ud809\udc29\ud809\udc29\ud809\udc29\ud809\udc29\n|-activate|p1a: \ud809\udc29\ud809\udc29\ud809\udc29\ud809\udc29\ud809\udc29\ud809\udc29\ud809\udc29\ud809\udc29|move: Protect\n|\n|-heal|p1a: \ud809\udc29\ud809\udc29\ud809\udc29\ud809\udc29\ud809\udc29\ud809\udc29\ud809\udc29\ud809\udc29|41\/100|[from] item: Leftovers\n|upkeep\n|turn|31\n|\n|t:|1646776641\n|switch|p2a: Bisharp|Bisharp, F|60\/100\n|-damage|p2a: Bisharp|54\/100|[from] Stealth Rock\n|move|p1a: \ud809\udc29\ud809\udc29\ud809\udc29\ud809\udc29\ud809\udc29\ud809\udc29\ud809\udc29\ud809\udc29|Wish|p1a: \ud809\udc29\ud809\udc29\ud809\udc29\ud809\udc29\ud809\udc29\ud809\udc29\ud809\udc29\ud809\udc29\n|\n|-heal|p1a: \ud809\udc29\ud809\udc29\ud809\udc29\ud809\udc29\ud809\udc29\ud809\udc29\ud809\udc29\ud809\udc29|47\/100|[from] item: Leftovers\n|upkeep\n|turn|32\n|\n|t:|1646776646\n|move|p1a: \ud809\udc29\ud809\udc29\ud809\udc29\ud809\udc29\ud809\udc29\ud809\udc29\ud809\udc29\ud809\udc29|Protect|p1a: \ud809\udc29\ud809\udc29\ud809\udc29\ud809\udc29\ud809\udc29\ud809\udc29\ud809\udc29\ud809\udc29\n|-singleturn|p1a: \ud809\udc29\ud809\udc29\ud809\udc29\ud809\udc29\ud809\udc29\ud809\udc29\ud809\udc29\ud809\udc29|Protect\n|move|p2a: Bisharp|Knock Off|p1a: \ud809\udc29\ud809\udc29\ud809\udc29\ud809\udc29\ud809\udc29\ud809\udc29\ud809\udc29\ud809\udc29\n|-activate|p1a: \ud809\udc29\ud809\udc29\ud809\udc29\ud809\udc29\ud809\udc29\ud809\udc29\ud809\udc29\ud809\udc29|move: Protect\n|\n|-heal|p1a: \ud809\udc29\ud809\udc29\ud809\udc29\ud809\udc29\ud809\udc29\ud809\udc29\ud809\udc29\ud809\udc29|97\/100|[from] move: Wish|[wisher] \ud809\udc29\ud809\udc29\ud809\udc29\ud809\udc29\ud809\udc29\ud809\udc29\ud809\udc29\ud809\udc29\n|-heal|p1a: \ud809\udc29\ud809\udc29\ud809\udc29\ud809\udc29\ud809\udc29\ud809\udc29\ud809\udc29\ud809\udc29|100\/100|[from] item: Leftovers\n|upkeep\n|turn|33\n|\n|t:|1646776653\n|switch|p1a: \ud809\udc2b\ud809\udc2b\ud809\udc2b\ud809\udc2b\ud809\udc2b\ud809\udc2b\ud809\udc2b\ud809\udc2b\ud809\udc2b|Toxapex, M|100\/100\n|-damage|p1a: \ud809\udc2b\ud809\udc2b\ud809\udc2b\ud809\udc2b\ud809\udc2b\ud809\udc2b\ud809\udc2b\ud809\udc2b\ud809\udc2b|88\/100|[from] Stealth Rock\n|move|p2a: Bisharp|Iron Head|p1a: \ud809\udc2b\ud809\udc2b\ud809\udc2b\ud809\udc2b\ud809\udc2b\ud809\udc2b\ud809\udc2b\ud809\udc2b\ud809\udc2b\n|-resisted|p1a: \ud809\udc2b\ud809\udc2b\ud809\udc2b\ud809\udc2b\ud809\udc2b\ud809\udc2b\ud809\udc2b\ud809\udc2b\ud809\udc2b\n|-damage|p1a: \ud809\udc2b\ud809\udc2b\ud809\udc2b\ud809\udc2b\ud809\udc2b\ud809\udc2b\ud809\udc2b\ud809\udc2b\ud809\udc2b|73\/100\n|\n|upkeep\n|turn|34\n|\n|t:|1646776659\n|switch|p2a: Aegislash|Aegislash, F|57\/100\n|-damage|p2a: Aegislash|51\/100|[from] Stealth Rock\n|move|p1a: \ud809\udc2b\ud809\udc2b\ud809\udc2b\ud809\udc2b\ud809\udc2b\ud809\udc2b\ud809\udc2b\ud809\udc2b\ud809\udc2b|Recover|p1a: \ud809\udc2b\ud809\udc2b\ud809\udc2b\ud809\udc2b\ud809\udc2b\ud809\udc2b\ud809\udc2b\ud809\udc2b\ud809\udc2b\n|-heal|p1a: \ud809\udc2b\ud809\udc2b\ud809\udc2b\ud809\udc2b\ud809\udc2b\ud809\udc2b\ud809\udc2b\ud809\udc2b\ud809\udc2b|100\/100\n|\n|upkeep\n|turn|35\n|\n|t:|1646776662\n|-formechange|p2a: Aegislash|Aegislash-Blade||[from] ability: Stance Change\n|move|p2a: Aegislash|Shadow Ball|p1a: \ud809\udc2b\ud809\udc2b\ud809\udc2b\ud809\udc2b\ud809\udc2b\ud809\udc2b\ud809\udc2b\ud809\udc2b\ud809\udc2b\n|-damage|p1a: \ud809\udc2b\ud809\udc2b\ud809\udc2b\ud809\udc2b\ud809\udc2b\ud809\udc2b\ud809\udc2b\ud809\udc2b\ud809\udc2b|67\/100\n|move|p1a: \ud809\udc2b\ud809\udc2b\ud809\udc2b\ud809\udc2b\ud809\udc2b\ud809\udc2b\ud809\udc2b\ud809\udc2b\ud809\udc2b|Scald|p2a: Aegislash\n|-damage|p2a: Aegislash|21\/100\n|-status|p2a: Aegislash|brn\n|\n|-damage|p2a: Aegislash|14\/100 brn|[from] brn\n|upkeep\n|turn|36\n|\n|t:|1646776668\n|move|p2a: Aegislash|Shadow Ball|p1a: \ud809\udc2b\ud809\udc2b\ud809\udc2b\ud809\udc2b\ud809\udc2b\ud809\udc2b\ud809\udc2b\ud809\udc2b\ud809\udc2b\n|-damage|p1a: \ud809\udc2b\ud809\udc2b\ud809\udc2b\ud809\udc2b\ud809\udc2b\ud809\udc2b\ud809\udc2b\ud809\udc2b\ud809\udc2b|35\/100\n|move|p1a: \ud809\udc2b\ud809\udc2b\ud809\udc2b\ud809\udc2b\ud809\udc2b\ud809\udc2b\ud809\udc2b\ud809\udc2b\ud809\udc2b|Recover|p1a: \ud809\udc2b\ud809\udc2b\ud809\udc2b\ud809\udc2b\ud809\udc2b\ud809\udc2b\ud809\udc2b\ud809\udc2b\ud809\udc2b\n|-heal|p1a: \ud809\udc2b\ud809\udc2b\ud809\udc2b\ud809\udc2b\ud809\udc2b\ud809\udc2b\ud809\udc2b\ud809\udc2b\ud809\udc2b|85\/100\n|\n|-damage|p2a: Aegislash|8\/100 brn|[from] brn\n|upkeep\n|turn|37\n|\n|t:|1646776671\n|move|p1a: \ud809\udc2b\ud809\udc2b\ud809\udc2b\ud809\udc2b\ud809\udc2b\ud809\udc2b\ud809\udc2b\ud809\udc2b\ud809\udc2b|Baneful Bunker|p1a: \ud809\udc2b\ud809\udc2b\ud809\udc2b\ud809\udc2b\ud809\udc2b\ud809\udc2b\ud809\udc2b\ud809\udc2b\ud809\udc2b\n|-singleturn|p1a: \ud809\udc2b\ud809\udc2b\ud809\udc2b\ud809\udc2b\ud809\udc2b\ud809\udc2b\ud809\udc2b\ud809\udc2b\ud809\udc2b|move: Protect\n|move|p2a: Aegislash|Shadow Ball|p1a: \ud809\udc2b\ud809\udc2b\ud809\udc2b\ud809\udc2b\ud809\udc2b\ud809\udc2b\ud809\udc2b\ud809\udc2b\ud809\udc2b\n|-activate|p1a: \ud809\udc2b\ud809\udc2b\ud809\udc2b\ud809\udc2b\ud809\udc2b\ud809\udc2b\ud809\udc2b\ud809\udc2b\ud809\udc2b|move: Protect\n|\n|-damage|p2a: Aegislash|2\/100 brn|[from] brn\n|upkeep\n|turn|38\n|\n|t:|1646776676\n|move|p2a: Aegislash|Shadow Ball|p1a: \ud809\udc2b\ud809\udc2b\ud809\udc2b\ud809\udc2b\ud809\udc2b\ud809\udc2b\ud809\udc2b\ud809\udc2b\ud809\udc2b\n|-damage|p1a: \ud809\udc2b\ud809\udc2b\ud809\udc2b\ud809\udc2b\ud809\udc2b\ud809\udc2b\ud809\udc2b\ud809\udc2b\ud809\udc2b|49\/100\n|move|p1a: \ud809\udc2b\ud809\udc2b\ud809\udc2b\ud809\udc2b\ud809\udc2b\ud809\udc2b\ud809\udc2b\ud809\udc2b\ud809\udc2b|Recover|p1a: \ud809\udc2b\ud809\udc2b\ud809\udc2b\ud809\udc2b\ud809\udc2b\ud809\udc2b\ud809\udc2b\ud809\udc2b\ud809\udc2b\n|-heal|p1a: \ud809\udc2b\ud809\udc2b\ud809\udc2b\ud809\udc2b\ud809\udc2b\ud809\udc2b\ud809\udc2b\ud809\udc2b\ud809\udc2b|99\/100\n|\n|-damage|p2a: Aegislash|0 fnt|[from] brn\n|faint|p2a: Aegislash\n|upkeep\n|\n|t:|1646776679\n|switch|p2a: Greninja|Greninja, M|100\/100\n|-damage|p2a: Greninja|88\/100|[from] Stealth Rock\n|turn|39\n|-message|Hikari-miyako forfeited.\n|\n|win|tbw(at)gmx(dot)us\n|raw|tbw(at)gmx(dot)us's rating: 1598 &rarr; <strong>1619<\/strong><br \/>(+21 for winning)\n|raw|Hikari-miyako's rating: 1614 &rarr; <strong>1593<\/strong><br \/>(-21 for losing)\n|l|\u2606Hikari-miyako\n","uploadtime":1646776685,"views":18,"p1id":"tbwatgmxdotus","p2id":"hikarimiyako","formatid":"gen8nationaldex","rating":1593,"private":0,"password":null}