{"id":"gen8nationaldexag-1315017158","p1":"Diameter\u272fXtreme","p2":"Sinister3000","format":"gen8nationaldexag","log":"|j|\u2606Diameter\u272fXtreme\n|j|\u2606Sinister3000\n|t:|1617552607\n|gametype|singles\n|player|p1|Diameter\u272fXtreme|jasmine-gen2|\n|player|p2|Sinister3000|flint|\n|teamsize|p1|6\n|teamsize|p2|6\n|gen|8\n|tier|[Gen 8] National Dex AG\n|rated|Tournament battle\n|clearpoke\n|poke|p1|Lugia|\n|poke|p1|Calyrex-Shadow|\n|poke|p1|Necrozma-Dusk-Mane|\n|poke|p1|Rayquaza|\n|poke|p1|Arceus-*|\n|poke|p1|Groudon|\n|poke|p2|Zacian-Crowned|\n|poke|p2|Rayquaza|\n|poke|p2|Ditto|\n|poke|p2|Groudon|\n|poke|p2|Yveltal|\n|poke|p2|Arceus-*|\n|rule|HP Percentage Mod: HP is shown in percentages\n|rule|Endless Battle Clause: Forcing endless battles is banned\n|teampreview\n|j|*Lady Monita\n|j| hami ketchum\n|c|\u2606Sinister3000|oh no\n|c|\u2606Diameter\u272fXtreme|?\n|c|\u2606Diameter\u272fXtreme|hf\n|c|\u2606Sinister3000|im only scared of lugia\n|c|\u2606Sinister3000|gl\n|j| Zoaw\n|\n|t:|1617552631\n|start\n|switch|p1a: Groudon|Groudon|100\/100\n|switch|p2a: Libra|Rayquaza|100\/100\n|-ability|p2a: Libra|Air Lock\n|detailschange|p1a: Groudon|Groudon-Primal\n|-primal|p1a: Groudon\n|-weather|DesolateLand|[from] ability: Desolate Land|[of] p1a: Groudon\n|turn|1\n|\n|t:|1617552638\n|detailschange|p2a: Libra|Rayquaza-Mega\n|-mega|p2a: Libra|Rayquaza|\n|-weather|DeltaStream|[from] ability: Delta Stream|[of] p2a: Libra\n|move|p2a: Libra|Dragon Dance|p2a: Libra\n|-boost|p2a: Libra|atk|1\n|-boost|p2a: Libra|spe|1\n|move|p1a: Groudon|Rock Tomb|p2a: Libra\n|-activate||deltastream\n|-damage|p2a: Libra|74\/100\n|-unboost|p2a: Libra|spe|1\n|\n|-weather|DeltaStream|[upkeep]\n|upkeep\n|turn|2\n|\n|t:|1617552646\n|move|p2a: Libra|Earthquake|p1a: Groudon\n|-supereffective|p1a: Groudon\n|-damage|p1a: Groudon|20\/100\n|move|p1a: Groudon|Rock Tomb|p2a: Libra\n|-activate||deltastream\n|-damage|p2a: Libra|47\/100\n|-unboost|p2a: Libra|spe|1\n|\n|-weather|DeltaStream|[upkeep]\n|upkeep\n|turn|3\n|\n|t:|1617552654\n|move|p1a: Groudon|Stealth Rock|p2a: Libra\n|-sidestart|p2: Sinister3000|move: Stealth Rock\n|move|p2a: Libra|Dragon Dance|p2a: Libra\n|-boost|p2a: Libra|atk|1\n|-boost|p2a: Libra|spe|1\n|\n|-weather|DeltaStream|[upkeep]\n|upkeep\n|turn|4\n|\n|t:|1617552658\n|move|p2a: Libra|Extreme Speed|p1a: Groudon\n|-damage|p1a: Groudon|0 fnt\n|faint|p1a: Groudon\n|\n|-weather|DeltaStream|[upkeep]\n|upkeep\n|\n|t:|1617552663\n|switch|p1a: Calyrex|Calyrex-Shadow|100\/100\n|-ability|p1a: Calyrex|As One\n|-ability|p1a: Calyrex|Unnerve\n|turn|5\n|\n|t:|1617552667\n|-weather|none\n|switch|p2a: Sagittarius|Arceus|100\/100\n|-damage|p2a: Sagittarius|88\/100|[from] Stealth Rock\n|move|p1a: Calyrex|Astral Barrage|p2a: Sagittarius\n|-immune|p2a: Sagittarius\n|\n|upkeep\n|turn|6\n|\n|t:|1617552676\n|switch|p1a: Necrozma|Necrozma-Dusk-Mane|100\/100\n|move|p2a: Sagittarius|Thunder Wave|p1a: Necrozma\n|-status|p1a: Necrozma|par\n|\n|upkeep\n|turn|7\n|\n|t:|1617552678\n|switch|p2a: Libra|Rayquaza-Mega|47\/100\n|-damage|p2a: Libra|22\/100|[from] Stealth Rock\n|-weather|DeltaStream|[from] ability: Delta Stream|[of] p2a: Libra\n|move|p1a: Necrozma|Dragon Dance|p1a: Necrozma\n|-boost|p1a: Necrozma|atk|1\n|-boost|p1a: Necrozma|spe|1\n|\n|-weather|DeltaStream|[upkeep]\n|upkeep\n|turn|8\n|\n|t:|1617552695\n|move|p2a: Libra|Dragon Dance|p2a: Libra\n|-boost|p2a: Libra|atk|1\n|-boost|p2a: Libra|spe|1\n|move|p1a: Necrozma|Stone Edge|p2a: Libra\n|-activate||deltastream\n|-crit|p2a: Libra\n|-damage|p2a: Libra|0 fnt\n|faint|p2a: Libra\n|-weather|none\n|\n|upkeep\n|\n|t:|1617552707\n|switch|p2a: Scorpio|Groudon|100\/100\n|-damage|p2a: Scorpio|94\/100|[from] Stealth Rock\n|detailschange|p2a: Scorpio|Groudon-Primal\n|-primal|p2a: Scorpio\n|-weather|DesolateLand|[from] ability: Desolate Land|[of] p2a: Scorpio\n|turn|9\n|\n|t:|1617552716\n|detailschange|p1a: Necrozma|Necrozma-Ultra\n|-burst|p1a: Necrozma|Necrozma|Ultranecrozium Z\n|move|p1a: Necrozma|Earthquake|p2a: Scorpio\n|-supereffective|p2a: Scorpio\n|-damage|p2a: Scorpio|1\/100\n|move|p2a: Scorpio|Stealth Rock|p1a: Necrozma\n|-sidestart|p1: Diameter\u272fXtreme|move: Stealth Rock\n|\n|-weather|DesolateLand|[upkeep]\n|upkeep\n|turn|10\n|c|\u2606Sinister3000|that crit mattered so much\n|\n|t:|1617552724\n|move|p1a: Necrozma|Photon Geyser|p2a: Scorpio\n|-damage|p2a: Scorpio|0 fnt\n|faint|p2a: Scorpio\n|-weather|none\n|\n|upkeep\n|c|\u2606Diameter\u272fXtreme|no it didnt\n|j| ThrohValencia\n|c|\u2606Diameter\u272fXtreme|lmao\n|c|\u2606Sinister3000|lol ik\n|\n|t:|1617552734\n|switch|p2a: Gemini|Ditto|100\/100\n|-damage|p2a: Gemini|88\/100|[from] Stealth Rock\n|-transform|p2a: Gemini|p1a: Necrozma|[from] ability: Imposter\n|turn|11\n|\n|t:|1617552744\n|move|p2a: Gemini|Photon Geyser|p1a: Necrozma\n|-resisted|p1a: Necrozma\n|-damage|p1a: Necrozma|42\/100 par\n|-zpower|p1a: Necrozma\n|move|p1a: Necrozma|Light That Burns the Sky|p2a: Gemini|[zeffect]\n|-resisted|p2a: Gemini\n|-damage|p2a: Gemini|0 fnt\n|faint|p2a: Gemini\n|\n|upkeep\n|\n|t:|1617552756\n|switch|p2a: Leo|Zacian-Crowned|100\/100\n|-damage|p2a: Leo|94\/100|[from] Stealth Rock\n|-ability|p2a: Leo|Intrepid Sword|boost\n|-boost|p2a: Leo|atk|1\n|turn|12\n|c|\u2606Diameter\u272fXtreme|oh i thought u were legit cuz of strong winds lmoa\n|c|\u2606Sinister3000|damn u\n|\n|t:|1617552762\n|move|p2a: Leo|Substitute|p2a: Leo\n|-start|p2a: Leo|Substitute\n|-damage|p2a: Leo|69\/100\n|cant|p1a: Necrozma|par\n|\n|upkeep\n|turn|13\n|c|\u2606Sinister3000|yes i got the sub\n|\n|t:|1617552772\n|move|p2a: Leo|Behemoth Blade|p1a: Necrozma\n|-damage|p1a: Necrozma|0 fnt\n|faint|p1a: Necrozma\n|\n|upkeep\n|\n|t:|1617552779\n|switch|p1a: Calyrex|Calyrex-Shadow|100\/100\n|-ability|p1a: Calyrex|As One\n|-ability|p1a: Calyrex|Unnerve\n|-damage|p1a: Calyrex|88\/100|[from] Stealth Rock\n|turn|14\n|\n|t:|1617552782\n|move|p1a: Calyrex|Astral Barrage|p2a: Leo\n|-end|p2a: Leo|Substitute\n|move|p2a: Leo|Behemoth Blade|p1a: Calyrex\n|-damage|p1a: Calyrex|0 fnt\n|faint|p1a: Calyrex\n|\n|upkeep\n|\n|t:|1617552786\n|switch|p1a: Rayquaza|Rayquaza|100\/100\n|-damage|p1a: Rayquaza|76\/100|[from] Stealth Rock\n|-ability|p1a: Rayquaza|Air Lock\n|turn|15\n|\n|t:|1617552788\n|detailschange|p1a: Rayquaza|Rayquaza-Mega\n|-mega|p1a: Rayquaza|Rayquaza|\n|-weather|DeltaStream|[from] ability: Delta Stream|[of] p1a: Rayquaza\n|move|p2a: Leo|Behemoth Blade|p1a: Rayquaza\n|-damage|p1a: Rayquaza|0 fnt\n|faint|p1a: Rayquaza\n|-weather|none\n|\n|upkeep\n|j| 0_0 Tmm2\n|c|\u2606Sinister3000|this took a turn\n|\n|t:|1617552796\n|switch|p1a: Lugia|Lugia|100\/100\n|turn|16\n|\n|t:|1617552799\n|move|p2a: Leo|Wild Charge|p1a: Lugia\n|-supereffective|p1a: Lugia\n|-damage|p1a: Lugia|66\/100\n|-damage|p2a: Leo|58\/100|[from] Recoil\n|move|p1a: Lugia|Thunder Wave|p2a: Leo\n|-status|p2a: Leo|par\n|\n|upkeep\n|turn|17\n|\n|t:|1617552804\n|move|p1a: Lugia|Roost|p1a: Lugia\n|-heal|p1a: Lugia|100\/100\n|-singleturn|p1a: Lugia|move: Roost\n|move|p2a: Leo|Wild Charge|p1a: Lugia\n|-damage|p1a: Lugia|83\/100\n|-damage|p2a: Leo|53\/100 par|[from] Recoil\n|\n|upkeep\n|turn|18\n|\n|t:|1617552811\n|move|p1a: Lugia|Roost|p1a: Lugia\n|-heal|p1a: Lugia|100\/100\n|-singleturn|p1a: Lugia|move: Roost\n|cant|p2a: Leo|par\n|\n|upkeep\n|turn|19\n|\n|t:|1617552814\n|move|p1a: Lugia|Ice Beam|p2a: Leo\n|-resisted|p2a: Leo\n|-damage|p2a: Leo|44\/100 par\n|cant|p2a: Leo|par\n|\n|upkeep\n|turn|20\n|\n|t:|1617552816\n|move|p1a: Lugia|Ice Beam|p2a: Leo\n|-resisted|p2a: Leo\n|-damage|p2a: Leo|35\/100 par\n|cant|p2a: Leo|par\n|\n|upkeep\n|turn|21\n|c|\u2606Sinister3000|bruh\n|c|\u2606Sinister3000|twice\n|\n|t:|1617552825\n|move|p1a: Lugia|Ice Beam|p2a: Leo\n|-resisted|p2a: Leo\n|-damage|p2a: Leo|25\/100 par\n|cant|p2a: Leo|par\n|\n|upkeep\n|turn|22\n|c|\u2606Sinister3000|:(\n|c|\u2606Sinister3000|sadness\n|c|\u2606Diameter\u272fXtreme|this doesnt even matter lmao\n|\n|t:|1617552837\n|switch|p2a: Sagittarius|Arceus|88\/100\n|-damage|p2a: Sagittarius|76\/100|[from] Stealth Rock\n|move|p1a: Lugia|Ice Beam|p2a: Sagittarius\n|-damage|p2a: Sagittarius|63\/100\n|-status|p2a: Sagittarius|frz\n|\n|upkeep\n|turn|23\n|c|\u2606Sinister3000|it does\n|c|\u2606Sinister3000|that does\n|c|\u2606Diameter\u272fXtreme|i just roost it off\n|c|\u2606Sinister3000|qoq\n|c|\u2606Sinister3000|wild charge can para tho\n|\n|t:|1617552860\n|move|p1a: Lugia|Ice Beam|p2a: Sagittarius\n|-damage|p2a: Sagittarius|50\/100 frz\n|cant|p2a: Sagittarius|frz\n|\n|upkeep\n|turn|24\n|c|\u2606Diameter\u272fXtreme|!dt wild charge\n|raw|<ul class=\"utilichart\"><li class=\"result\"><span class=\"col movenamecol\"><a href=\"https:\/\/dex.pokemonshowdown.com\/moves\/wildcharge\">Wild Charge<\/a><\/span> <span class=\"col typecol\"><img src=\"\/\/play.pokemonshowdown.com\/sprites\/types\/Electric.png\" alt=\"Electric\" width=\"32\" height=\"14\"><img src=\"\/\/play.pokemonshowdown.com\/sprites\/categories\/Physical.png\" alt=\"Physical\" width=\"32\" height=\"14\"><\/span> <span class=\"col labelcol\"><em>Power<\/em><br>90<\/span> <span class=\"col widelabelcol\"><em>Accuracy<\/em><br>100%<\/span> <span class=\"col pplabelcol\"><em>PP<\/em><br>24<\/span> <span class=\"col movedesccol\">Has 1\/4 recoil.<\/span> <\/li><li style=\"clear:both\"><\/li><\/ul>\n|raw|<font size=\"1\"><font color=\"#686868\">Priority:<\/font> 0&nbsp;|&ThickSpace;<font color=\"#686868\">Gen:<\/font> 5&nbsp;|&ThickSpace;&#10003; Contact&nbsp;|&ThickSpace;<font color=\"#686868\">Z-Power:<\/font> 175&nbsp;|&ThickSpace;<font color=\"#686868\">Dynamax Power:<\/font> 130&nbsp;|&ThickSpace;<font color=\"#686868\">Target:<\/font> One Adjacent Pok\u00e9mon<\/font>\n\n|c|\u2606Diameter\u272fXtreme|uh\n|c|\u2606Sinister3000|oh\n|\n|t:|1617552870\n|move|p1a: Lugia|Ice Beam|p2a: Sagittarius\n|-damage|p2a: Sagittarius|38\/100 frz\n|cant|p2a: Sagittarius|frz\n|\n|upkeep\n|turn|25\n|c|\u2606Sinister3000|my bad\n|\n|t:|1617552875\n|move|p1a: Lugia|Ice Beam|p2a: Sagittarius\n|-damage|p2a: Sagittarius|25\/100 frz\n|cant|p2a: Sagittarius|frz\n|\n|upkeep\n|turn|26\n|\n|t:|1617552878\n|move|p1a: Lugia|Ice Beam|p2a: Sagittarius\n|-damage|p2a: Sagittarius|12\/100 frz\n|cant|p2a: Sagittarius|frz\n|\n|upkeep\n|turn|27\n|c|\u2606Sinister3000|are u serious rn\n|c|\u2606Diameter\u272fXtreme|ig\n|j| Edfggvc\n|c|\u2606Sinister3000|frozen fo five turns\n|\n|t:|1617552906\n|move|p1a: Lugia|Ice Beam|p2a: Sagittarius\n|-damage|p2a: Sagittarius|0 fnt\n|faint|p2a: Sagittarius\n|\n|upkeep\n|l| Edfggvc\n|\n|t:|1617552909\n|switch|p2a: Leo|Zacian-Crowned|25\/100 par\n|-damage|p2a: Leo|19\/100 par|[from] Stealth Rock\n|-ability|p2a: Leo|Intrepid Sword|boost\n|-boost|p2a: Leo|atk|1\n|turn|28\n|c|\u2606Diameter\u272fXtreme|sry man\n|\n|t:|1617552912\n|move|p1a: Lugia|Ice Beam|p2a: Leo\n|-resisted|p2a: Leo\n|-damage|p2a: Leo|11\/100 par\n|move|p2a: Leo|Crunch|p1a: Lugia\n|-supereffective|p1a: Lugia\n|-damage|p1a: Lugia|67\/100\n|\n|upkeep\n|turn|29\n|\n|t:|1617552915\n|move|p1a: Lugia|Roost|p1a: Lugia\n|-heal|p1a: Lugia|100\/100\n|-singleturn|p1a: Lugia|move: Roost\n|move|p2a: Leo|Crunch|p1a: Lugia\n|-supereffective|p1a: Lugia\n|-damage|p1a: Lugia|70\/100\n|\n|upkeep\n|turn|30\n|\n|t:|1617552918\n|switch|p2a: Cancer|Yveltal|100\/100\n|-damage|p2a: Cancer|76\/100|[from] Stealth Rock\n|-ability|p2a: Cancer|Dark Aura\n|move|p1a: Lugia|Roost|p1a: Lugia\n|-heal|p1a: Lugia|100\/100\n|-singleturn|p1a: Lugia|move: Roost\n|\n|upkeep\n|turn|31\n|j| Edfggvc\n|inactive|Battle timer is ON: inactive players will automatically lose when time's up. (requested by Diameter\u272fXtreme)\n|\n|t:|1617552948\n|-start|p2a: Cancer|Dynamax\n|-heal|p2a: Cancer|76\/100|[silent]\n|move|p2a: Cancer|Max Darkness|p1a: Lugia\n|-supereffective|p1a: Lugia\n|-crit|p1a: Lugia\n|-damage|p1a: Lugia|5\/100\n|-unboost|p1a: Lugia|spd|1\n|-damage|p2a: Cancer|71\/100|[from] item: Life Orb\n|move|p1a: Lugia|Thunder Wave|p2a: Cancer\n|-status|p2a: Cancer|par\n|\n|upkeep\n|turn|32\n|\n|t:|1617552963\n|move|p1a: Lugia|Ice Beam|p2a: Cancer\n|-supereffective|p2a: Cancer\n|-damage|p2a: Cancer|53\/100 par\n|move|p2a: Cancer|Max Airstream|p1a: Lugia\n|-damage|p1a: Lugia|0 fnt\n|-boost|p2a: Cancer|spe|1\n|-damage|p2a: Cancer|48\/100 par|[from] item: Life Orb\n|faint|p1a: Lugia\n|\n|upkeep\n|\n|t:|1617552965\n|switch|p1a: Arceus|Arceus|100\/100\n|-damage|p1a: Arceus|88\/100|[from] Stealth Rock\n|turn|33\n|c|\u2606Sinister3000|gg\n|\n|t:|1617552972\n|move|p1a: Arceus|Recover|p1a: Arceus\n|-heal|p1a: Arceus|100\/100\n|move|p2a: Cancer|Max Darkness|p1a: Arceus\n|-damage|p1a: Arceus|15\/100\n|-unboost|p1a: Arceus|spd|1\n|-damage|p2a: Cancer|43\/100 par|[from] item: Life Orb\n|\n|-end|p2a: Cancer|Dynamax\n|-heal|p2a: Cancer|43\/100 par|[silent]\n|upkeep\n|turn|34\n|\n|t:|1617552984\n|switch|p2a: Leo|Zacian-Crowned|11\/100 par\n|-damage|p2a: Leo|4\/100 par|[from] Stealth Rock\n|-ability|p2a: Leo|Intrepid Sword|boost\n|-boost|p2a: Leo|atk|1\n|move|p1a: Arceus|Extreme Speed|p2a: Leo\n|-resisted|p2a: Leo\n|-damage|p2a: Leo|0 fnt\n|-damage|p1a: Arceus|5\/100|[from] item: Life Orb\n|faint|p2a: Leo\n|\n|upkeep\n|\n|t:|1617552995\n|switch|p2a: Cancer|Yveltal|43\/100 par\n|-damage|p2a: Cancer|18\/100 par|[from] Stealth Rock\n|-ability|p2a: Cancer|Dark Aura\n|turn|35\n|c|\u2606Diameter\u272fXtreme|gg\n|\n|t:|1617553002\n|move|p1a: Arceus|Extreme Speed|p2a: Cancer\n|-damage|p2a: Cancer|0 fnt\n|-damage|p1a: Arceus|0 fnt|[from] item: Life Orb\n|faint|p2a: Cancer\n|faint|p1a: Arceus\n|\n|win|Diameter\u272fXtreme\n|n|\u2606Diameter\u272fXtreme|diameterxtreme\n|n|\u2606Sinister3000|sinister3000\n|n|*Lady Monita|ladymonita\n|n| hami ketchum|hamiketchum\n|n| Zoaw|zoaw\n|n| ThrohValencia|throhvalencia\n|n| 0_0 Tmm2|00tmm2\n|n| Edfggvc|edfggvc\n|l|*Lady Monita\n|l|\u2606Diameter\u272fXtreme\n","uploadtime":1617553008,"views":12,"p1id":"diameterxtreme","p2id":"sinister3000","formatid":"gen8nationaldexag","rating":0,"private":0,"password":null}