{"id":"gen8anythinggoes-1685297191","p1":"Hysuto","p2":"MinecraftUprising","format":"gen8anythinggoes","log":"|j|\u2606Hysuto\n|j|\u2606MinecraftUprising\n|t:|1665717330\n|gametype|singles\n|player|p1|Hysuto|shadowtriad|1376\n|player|p2|MinecraftUprising|guzma|1374\n|teamsize|p1|6\n|teamsize|p2|6\n|gen|8\n|tier|[Gen 8] Anything Goes\n|rated|\n|rule|HP Percentage Mod: HP is shown in percentages\n|rule|Endless Battle Clause: Forcing endless battles is banned\n|clearpoke\n|poke|p1|Corviknight, M|\n|poke|p1|Krookodile, M|\n|poke|p1|Glalie, M|\n|poke|p1|Espeon, M|\n|poke|p1|Quagsire, M|\n|poke|p1|Marshadow|\n|poke|p2|Zacian-*|\n|poke|p2|Zacian-*|\n|poke|p2|Zacian-*|\n|poke|p2|Zacian-*|\n|poke|p2|Zacian-*|\n|poke|p2|Zacian-*|\n|teampreview\n|\n|t:|1665717341\n|start\n|switch|p1a: Espeon|Espeon, M|100\/100\n|switch|p2a: Zacian|Zacian-Crowned|100\/100\n|-ability|p2a: Zacian|Intrepid Sword|boost\n|-boost|p2a: Zacian|atk|1\n|turn|1\n|\n|t:|1665717349\n|move|p2a: Zacian|Behemoth Blade|p1a: Espeon\n|-damage|p1a: Espeon|0 fnt\n|faint|p1a: Espeon\n|\n|upkeep\n|\n|t:|1665717354\n|switch|p1a: Quagsire|Quagsire, M, shiny|100\/100\n|turn|2\n|\n|t:|1665717360\n|move|p2a: Zacian|Behemoth Blade|p1a: Quagsire\n|-resisted|p1a: Quagsire\n|-damage|p1a: Quagsire|73\/100\n|move|p1a: Quagsire|Yawn|p2a: Zacian\n|-start|p2a: Zacian|move: Yawn|[of] p1a: Quagsire\n|\n|-heal|p1a: Quagsire|79\/100|[from] item: Leftovers\n|upkeep\n|turn|3\n|\n|t:|1665717368\n|move|p2a: Zacian|Close Combat|p1a: Quagsire\n|-damage|p1a: Quagsire|42\/100\n|-unboost|p2a: Zacian|def|1\n|-unboost|p2a: Zacian|spd|1\n|move|p1a: Quagsire|Infestation|p2a: Zacian\n|-resisted|p2a: Zacian\n|-damage|p2a: Zacian|99\/100\n|-activate|p2a: Zacian|move: Infestation|[of] p1a: Quagsire\n|\n|-heal|p1a: Quagsire|48\/100|[from] item: Leftovers\n|-damage|p2a: Zacian|88\/100|[from] move: Infestation|[partiallytrapped]\n|-end|p2a: Zacian|move: Yawn|[silent]\n|-status|p2a: Zacian|slp\n|upkeep\n|turn|4\n|c|\u2606Hysuto|gl\n|\n|t:|1665717386\n|cant|p2a: Zacian|slp\n|move|p1a: Quagsire|Recover|p1a: Quagsire\n|-heal|p1a: Quagsire|98\/100\n|\n|-heal|p1a: Quagsire|100\/100|[from] item: Leftovers\n|-damage|p2a: Zacian|75\/100 slp|[from] move: Infestation|[partiallytrapped]\n|upkeep\n|turn|5\n|\n|t:|1665717390\n|-curestatus|p2a: Zacian|slp|[msg]\n|move|p2a: Zacian|Close Combat|p1a: Quagsire\n|-damage|p1a: Quagsire|61\/100\n|-unboost|p2a: Zacian|def|1\n|-unboost|p2a: Zacian|spd|1\n|move|p1a: Quagsire|Earthquake|p2a: Zacian\n|-supereffective|p2a: Zacian\n|-damage|p2a: Zacian|19\/100\n|\n|-heal|p1a: Quagsire|68\/100|[from] item: Leftovers\n|-damage|p2a: Zacian|7\/100|[from] move: Infestation|[partiallytrapped]\n|upkeep\n|turn|6\n|\n|t:|1665717401\n|move|p2a: Zacian|Close Combat|p1a: Quagsire\n|-damage|p1a: Quagsire|25\/100\n|-unboost|p2a: Zacian|def|1\n|-unboost|p2a: Zacian|spd|1\n|move|p1a: Quagsire|Recover|p1a: Quagsire\n|-heal|p1a: Quagsire|75\/100\n|\n|-heal|p1a: Quagsire|81\/100|[from] item: Leftovers\n|-damage|p2a: Zacian|0 fnt|[from] move: Infestation|[partiallytrapped]\n|faint|p2a: Zacian\n|upkeep\n|\n|t:|1665717411\n|switch|p2a: Zacian|Zacian|100\/100\n|-ability|p2a: Zacian|Intrepid Sword|boost\n|-boost|p2a: Zacian|atk|1\n|turn|7\n|\n|t:|1665717418\n|move|p2a: Zacian|Solar Blade||[still]\n|-prepare|p2a: Zacian|Solar Blade\n|-enditem|p2a: Zacian|Power Herb\n|-anim|p2a: Zacian|Solar Blade|p1a: Quagsire\n|-supereffective|p1a: Quagsire\n|-damage|p1a: Quagsire|0 fnt\n|faint|p1a: Quagsire\n|\n|upkeep\n|c|\u2606MinecraftUprising|sauced\n|\n|t:|1665717425\n|switch|p1a: Marshadow|Marshadow|100\/100\n|turn|8\n|\n|t:|1665717433\n|move|p2a: Zacian|Play Rough|p1a: Marshadow\n|-supereffective|p1a: Marshadow\n|-enditem|p1a: Marshadow|Focus Sash\n|-damage|p1a: Marshadow|1\/100\n|move|p1a: Marshadow|Spectral Thief||[still]\n|-clearpositiveboost|p2a: Zacian|p1a: Marshadow|move: Spectral Thief\n|-boost|p1a: Marshadow|atk|1\n|-anim|p1a: Marshadow|Spectral Thief|p2a: Zacian\n|-damage|p2a: Zacian|34\/100\n|\n|upkeep\n|turn|9\n|\n|t:|1665717448\n|move|p2a: Zacian|Play Rough|p1a: Marshadow|[miss]\n|-miss|p2a: Zacian|p1a: Marshadow\n|move|p1a: Marshadow|Spectral Thief|p2a: Zacian\n|-damage|p2a: Zacian|0 fnt\n|faint|p2a: Zacian\n|\n|upkeep\n|\n|t:|1665717457\n|switch|p2a: Zacian|Zacian-Crowned|100\/100\n|-ability|p2a: Zacian|Intrepid Sword|boost\n|-boost|p2a: Zacian|atk|1\n|turn|10\n|c|\u2606Hysuto|lol\n|\n|t:|1665717462\n|move|p2a: Zacian|Behemoth Blade|p1a: Marshadow\n|-damage|p1a: Marshadow|0 fnt\n|faint|p1a: Marshadow\n|\n|upkeep\n|\n|t:|1665717468\n|switch|p1a: Corviknight|Corviknight, M, shiny|100\/100\n|turn|11\n|\n|t:|1665717473\n|move|p2a: Zacian|Fire Fang|p1a: Corviknight\n|-supereffective|p1a: Corviknight\n|-damage|p1a: Corviknight|25\/100\n|-status|p1a: Corviknight|brn\n|-damage|p2a: Zacian|84\/100|[from] item: Rocky Helmet|[of] p1a: Corviknight\n|move|p1a: Corviknight|Bulk Up|p1a: Corviknight\n|-boost|p1a: Corviknight|atk|1\n|-boost|p1a: Corviknight|def|1\n|\n|-damage|p1a: Corviknight|18\/100 brn|[from] brn\n|upkeep\n|turn|12\n|\n|t:|1665717483\n|move|p2a: Zacian|Fire Fang|p1a: Corviknight\n|-supereffective|p1a: Corviknight\n|-damage|p1a: Corviknight|0 fnt\n|-damage|p2a: Zacian|67\/100|[from] item: Rocky Helmet|[of] p1a: Corviknight\n|faint|p1a: Corviknight\n|\n|upkeep\n|c|\u2606Hysuto|very gay\n|\n|t:|1665717492\n|switch|p1a: Krookodile|Krookodile, M|100\/100\n|turn|13\n|\n|t:|1665717495\n|move|p2a: Zacian|Play Rough|p1a: Krookodile\n|-supereffective|p1a: Krookodile\n|-damage|p1a: Krookodile|0 fnt\n|faint|p1a: Krookodile\n|\n|upkeep\n|\n|t:|1665717499\n|switch|p1a: Glalie|Glalie, M, shiny|100\/100\n|turn|14\n|\n|t:|1665717503\n|move|p1a: Glalie|Protect|p1a: Glalie\n|-singleturn|p1a: Glalie|Protect\n|move|p2a: Zacian|Behemoth Blade|p1a: Glalie\n|-activate|p1a: Glalie|move: Protect\n|\n|-ability|p1a: Glalie|Moody|boost\n|-boost|p1a: Glalie|atk|2\n|-unboost|p1a: Glalie|spd|1\n|upkeep\n|turn|15\n|\n|t:|1665717511\n|move|p2a: Zacian|Behemoth Blade|p1a: Glalie\n|-supereffective|p1a: Glalie\n|-damage|p1a: Glalie|0 fnt\n|faint|p1a: Glalie\n|\n|win|MinecraftUprising\n|raw|Hysuto's rating: 1376 &rarr; <strong>1356<\/strong><br \/>(-20 for losing)\n|raw|MinecraftUprising's rating: 1374 &rarr; <strong>1394<\/strong><br \/>(+20 for winning)\n|l|\u2606Hysuto\n||Ladder isn't responding, score probably updated but might not have (Request timeout).\n","uploadtime":1665717486,"views":12,"p1id":"hysuto","p2id":"minecraftuprising","formatid":"gen8anythinggoes","rating":1356,"private":0,"password":null}