{"id":"gen8ou-1706968963","p1":"kilimanjaroo12","p2":"triguntoprun","format":"gen8ou","log":"|j|\u2606kilimanjaroo12\n|j|\u2606triguntoprun\n|t:|1668037390\n|gametype|singles\n|player|p1|kilimanjaroo12|2|1315\n|player|p2|triguntoprun|benga|1289\n|teamsize|p1|6\n|teamsize|p2|6\n|gen|8\n|tier|[Gen 8] OU\n|rated|\n|rule|Sleep Clause Mod: Limit one foe put to sleep\n|rule|Species Clause: Limit one of each Pok\u00e9mon\n|rule|OHKO Clause: OHKO moves are banned\n|rule|Evasion Items Clause: Evasion items are banned\n|rule|Evasion Moves Clause: Evasion moves are banned\n|rule|Endless Battle Clause: Forcing endless battles is banned\n|rule|HP Percentage Mod: HP is shown in percentages\n|rule|Dynamax Clause: You cannot dynamax\n|clearpoke\n|poke|p1|Heatran, F|\n|poke|p1|Ferrothorn, F|\n|poke|p1|Moltres-Galar|\n|poke|p1|Chansey, F|\n|poke|p1|Barraskewda, F|\n|poke|p1|Celebi|\n|poke|p2|Ferrothorn, F|\n|poke|p2|Rotom-Wash|\n|poke|p2|Tyranitar, M|\n|poke|p2|Excadrill, M|\n|poke|p2|Clefable, F|\n|poke|p2|Dragapult, F|\n|teampreview\n|inactive|Battle timer is ON: inactive players will automatically lose when time's up. (requested by kilimanjaroo12)\n|j| The Wubs\n|\n|t:|1668037410\n|start\n|switch|p1a: Barraskewda|Barraskewda, F|100\/100\n|switch|p2a: Rotom|Rotom-Wash|100\/100\n|turn|1\n|\n|t:|1668037420\n|switch|p1a: Chansey|Chansey, F|100\/100\n|switch|p2a: Clefable|Clefable, F|100\/100\n|\n|upkeep\n|turn|2\n|c|\u2606triguntoprun|glhf\n|\n|t:|1668037427\n|move|p2a: Clefable|Stealth Rock|p1a: Chansey\n|-sidestart|p1: kilimanjaroo12|move: Stealth Rock\n|move|p1a: Chansey|Seismic Toss|p2a: Clefable\n|-damage|p2a: Clefable|75\/100\n|-damage|p1a: Chansey|84\/100|[from] item: Rocky Helmet|[of] p2a: Clefable\n|\n|upkeep\n|turn|3\n|c|\u2606kilimanjaroo12|u2\n|\n|t:|1668037438\n|switch|p1a: Heatran|Heatran, F|100\/100\n|-damage|p1a: Heatran|88\/100|[from] Stealth Rock\n|-item|p1a: Heatran|Air Balloon\n|move|p2a: Clefable|Knock Off|p1a: Heatran\n|-damage|p1a: Heatran|75\/100\n|-enditem|p1a: Heatran|Air Balloon\n|\n|upkeep\n|turn|4\n|\n|t:|1668037447\n|switch|p2a: Rotom|Rotom-Wash|100\/100\n|move|p1a: Heatran|Flash Cannon|p2a: Rotom\n|-resisted|p2a: Rotom\n|-damage|p2a: Rotom|88\/100\n|\n|-heal|p2a: Rotom|95\/100|[from] item: Leftovers\n|upkeep\n|turn|5\n|c|\u2606triguntoprun|damn it\n|\n|t:|1668037459\n|switch|p1a: Ferrothorn|Ferrothorn, F|100\/100\n|-damage|p1a: Ferrothorn|94\/100|[from] Stealth Rock\n|move|p2a: Rotom|Volt Switch|p1a: Ferrothorn\n|-resisted|p1a: Ferrothorn\n|-damage|p1a: Ferrothorn|83\/100\n|\n|t:|1668037469\n|switch|p2a: Ferrothorn|Ferrothorn, F|100\/100|[from]move: Volt Switch\n|\n|upkeep\n|turn|6\n|\n|t:|1668037473\n|move|p2a: Ferrothorn|Spikes|p1a: Ferrothorn\n|-sidestart|p1: kilimanjaroo12|Spikes\n|move|p1a: Ferrothorn|Spikes|p2a: Ferrothorn\n|-sidestart|p2: triguntoprun|Spikes\n|\n|upkeep\n|turn|7\n|\n|t:|1668037477\n|move|p2a: Ferrothorn|Spikes|p1a: Ferrothorn\n|-sidestart|p1: kilimanjaroo12|Spikes\n|move|p1a: Ferrothorn|Spikes|p2a: Ferrothorn\n|-sidestart|p2: triguntoprun|Spikes\n|\n|upkeep\n|turn|8\n|\n|t:|1668037481\n|move|p2a: Ferrothorn|Spikes|p1a: Ferrothorn\n|-sidestart|p1: kilimanjaroo12|Spikes\n|move|p1a: Ferrothorn|Spikes|p2a: Ferrothorn\n|-sidestart|p2: triguntoprun|Spikes\n|\n|upkeep\n|turn|9\n|\n|t:|1668037486\n|switch|p1a: Moltres|Moltres-Galar|100\/100\n|-damage|p1a: Moltres|76\/100|[from] Stealth Rock\n|move|p2a: Ferrothorn|Body Press|p1a: Moltres\n|-damage|p1a: Moltres|39\/100\n|-ability|p1a: Moltres|Berserk|boost\n|-boost|p1a: Moltres|spa|1\n|\n|upkeep\n|turn|10\n|\n|t:|1668037495\n|move|p1a: Moltres|Nasty Plot|p1a: Moltres\n|-boost|p1a: Moltres|spa|2\n|move|p2a: Ferrothorn|Body Press|p1a: Moltres\n|-damage|p1a: Moltres|4\/100\n|\n|upkeep\n|turn|11\n|\n|t:|1668037502\n|switch|p2a: Tyranitar|Tyranitar, M|100\/100\n|-damage|p2a: Tyranitar|76\/100|[from] Spikes\n|-weather|Sandstorm|[from] ability: Sand Stream|[of] p2a: Tyranitar\n|move|p1a: Moltres|Rest|p1a: Moltres\n|-status|p1a: Moltres|slp|[from] move: Rest\n|-heal|p1a: Moltres|100\/100 slp|[silent]\n|-enditem|p1a: Moltres|Chesto Berry|[eat]\n|-curestatus|p1a: Moltres|slp|[msg]\n|\n|-weather|Sandstorm|[upkeep]\n|-damage|p1a: Moltres|94\/100|[from] Sandstorm\n|upkeep\n|turn|12\n|\n|t:|1668037514\n|move|p1a: Moltres|Air Slash|p2a: Tyranitar\n|-resisted|p2a: Tyranitar\n|-damage|p2a: Tyranitar|48\/100\n|move|p2a: Tyranitar|Stone Edge|p1a: Moltres\n|-supereffective|p1a: Moltres\n|-damage|p1a: Moltres|0 fnt\n|faint|p1a: Moltres\n|\n|-weather|Sandstorm|[upkeep]\n|upkeep\n|\n|t:|1668037520\n|switch|p1a: Barraskewda|Barraskewda, F|100\/100\n|-damage|p1a: Barraskewda|88\/100|[from] Stealth Rock\n|-damage|p1a: Barraskewda|63\/100|[from] Spikes\n|turn|13\n|\n|t:|1668037525\n|switch|p2a: Ferrothorn|Ferrothorn, F|100\/100\n|-damage|p2a: Ferrothorn|75\/100|[from] Spikes\n|move|p1a: Barraskewda|Close Combat|p2a: Ferrothorn\n|-supereffective|p2a: Ferrothorn\n|-damage|p2a: Ferrothorn|10\/100\n|-unboost|p1a: Barraskewda|def|1\n|-unboost|p1a: Barraskewda|spd|1\n|-damage|p1a: Barraskewda|50\/100|[from] ability: Iron Barbs|[of] p2a: Ferrothorn\n|\n|-weather|Sandstorm|[upkeep]\n|-damage|p1a: Barraskewda|44\/100|[from] Sandstorm\n|-heal|p2a: Ferrothorn|16\/100|[from] item: Leftovers\n|upkeep\n|turn|14\n|\n|t:|1668037543\n|switch|p1a: Ferrothorn|Ferrothorn, F|83\/100\n|-damage|p1a: Ferrothorn|77\/100|[from] Stealth Rock\n|-damage|p1a: Ferrothorn|52\/100|[from] Spikes\n|move|p2a: Ferrothorn|Leech Seed|p1a: Ferrothorn\n|-immune|p1a: Ferrothorn\n|\n|-weather|Sandstorm|[upkeep]\n|-heal|p2a: Ferrothorn|23\/100|[from] item: Leftovers\n|upkeep\n|turn|15\n|\n|t:|1668037550\n|move|p2a: Ferrothorn|Body Press|p1a: Ferrothorn\n|-supereffective|p1a: Ferrothorn\n|-damage|p1a: Ferrothorn|16\/100\n|-damage|p2a: Ferrothorn|10\/100|[from] ability: Iron Barbs|[of] p1a: Ferrothorn\n|-damage|p2a: Ferrothorn|0 fnt|[from] item: Rocky Helmet|[of] p1a: Ferrothorn\n|faint|p2a: Ferrothorn\n|move|p1a: Ferrothorn|Power Whip|p2: Ferrothorn|[notarget]\n|-fail|p1a: Ferrothorn\n|\n|-weather|none\n|upkeep\n|\n|t:|1668037568\n|switch|p2a: Excadrill|Excadrill, M|100\/100\n|-damage|p2a: Excadrill|76\/100|[from] Spikes\n|turn|16\n|\n|t:|1668037573\n|move|p2a: Excadrill|Rapid Spin|p1a: Ferrothorn\n|-resisted|p1a: Ferrothorn\n|-damage|p1a: Ferrothorn|11\/100\n|-boost|p2a: Excadrill|spe|1\n|-damage|p2a: Excadrill|63\/100|[from] ability: Iron Barbs|[of] p1a: Ferrothorn\n|-damage|p2a: Excadrill|46\/100|[from] item: Rocky Helmet|[of] p1a: Ferrothorn\n|-sideend|p2: triguntoprun|Spikes|[from] move: Rapid Spin|[of] p2a: Excadrill\n|move|p1a: Ferrothorn|Leech Seed|p2a: Excadrill\n|-start|p2a: Excadrill|move: Leech Seed\n|\n|-heal|p2a: Excadrill|53\/100|[from] item: Leftovers\n|-damage|p2a: Excadrill|40\/100|[from] Leech Seed|[of] p1a: Ferrothorn\n|-heal|p1a: Ferrothorn|24\/100|[silent]\n|upkeep\n|turn|17\n|\n|t:|1668037584\n|switch|p2a: Dragapult|Dragapult, F|100\/100\n|move|p1a: Ferrothorn|Spikes|p2a: Dragapult\n|-sidestart|p2: triguntoprun|Spikes\n|\n|upkeep\n|turn|18\n|\n|t:|1668037589\n|move|p2a: Dragapult|Shadow Ball|p1a: Ferrothorn\n|-damage|p1a: Ferrothorn|0 fnt\n|faint|p1a: Ferrothorn\n|\n|upkeep\n|\n|t:|1668037599\n|switch|p1a: Celebi|Celebi|100\/100\n|-damage|p1a: Celebi|88\/100|[from] Stealth Rock\n|-damage|p1a: Celebi|63\/100|[from] Spikes\n|turn|19\n|\n|t:|1668037604\n|move|p2a: Dragapult|Shadow Ball|p1a: Celebi\n|-supereffective|p1a: Celebi\n|-damage|p1a: Celebi|0 fnt\n|faint|p1a: Celebi\n|\n|upkeep\n|c|\u2606kilimanjaroo12|gg\n|l| The Wubs\n|-message|kilimanjaroo12 forfeited.\n|\n|win|triguntoprun\n|raw|kilimanjaroo12's rating: 1315 &rarr; <strong>1294<\/strong><br \/>(-21 for losing)\n|raw|triguntoprun's rating: 1289 &rarr; <strong>1316<\/strong><br \/>(+27 for winning)\n|c|\u2606triguntoprun|gg\n|l|\u2606kilimanjaroo12\n||Ladder isn't responding, score probably updated but might not have (Request timeout).\n","uploadtime":1668037713,"views":4,"p1id":"kilimanjaroo12","p2id":"triguntoprun","formatid":"gen8ou","rating":1294,"private":0,"password":null}