{"id":"gen8ou-1697775491","p1":"Slaashhhh","p2":"Shinjou Akane","format":"gen8ou","log":"|j|\u2606Slaashhhh\n|j|\u2606Shinjou Akane\n|t:|1667041621\n|gametype|singles\n|player|p1|Slaashhhh|lucas-gen4pt|1509\n|player|p2|Shinjou Akane|elesa-gen5bw2|1545\n|teamsize|p1|6\n|teamsize|p2|6\n|gen|8\n|tier|[Gen 8] OU\n|rated|\n|rule|Sleep Clause Mod: Limit one foe put to sleep\n|rule|Species Clause: Limit one of each Pok\u00e9mon\n|rule|OHKO Clause: OHKO moves are banned\n|rule|Evasion Items Clause: Evasion items are banned\n|rule|Evasion Moves Clause: Evasion moves are banned\n|rule|Endless Battle Clause: Forcing endless battles is banned\n|rule|HP Percentage Mod: HP is shown in percentages\n|rule|Dynamax Clause: You cannot dynamax\n|clearpoke\n|poke|p1|Bisharp, F|\n|poke|p1|Shuckle, M|\n|poke|p1|Zapdos-Galar|\n|poke|p1|Blacephalon|\n|poke|p1|Nidoking, M|\n|poke|p1|Volcanion|\n|poke|p2|Klefki, F|\n|poke|p2|Nidoking, M|\n|poke|p2|Urshifu-*, F|\n|poke|p2|Kartana|\n|poke|p2|Tapu Fini|\n|poke|p2|Landorus-Therian, M|\n|teampreview\n|inactive|Battle timer is ON: inactive players will automatically lose when time's up. (requested by Slaashhhh)\n|\n|t:|1667041630\n|start\n|switch|p1a: Shuckle|Shuckle, M|100\/100\n|switch|p2a: Nidoking|Nidoking, M|100\/100\n|turn|1\n|\n|t:|1667041645\n|move|p2a: Nidoking|Earth Power|p1a: Shuckle\n|-damage|p1a: Shuckle|58\/100\n|move|p1a: Shuckle|Sticky Web|p2a: Nidoking\n|-sidestart|p2: Shinjou Akane|move: Sticky Web\n|\n|upkeep\n|turn|2\n|\n|t:|1667041651\n|move|p2a: Nidoking|Ice Beam|p1a: Shuckle\n|-damage|p1a: Shuckle|30\/100\n|move|p1a: Shuckle|Encore|p2a: Nidoking\n|-start|p2a: Nidoking|Encore\n|\n|upkeep\n|turn|3\n|\n|t:|1667041660\n|switch|p1a: Volcanion|Volcanion|100\/100\n|move|p2a: Nidoking|Ice Beam|p1a: Volcanion\n|-resisted|p1a: Volcanion\n|-damage|p1a: Volcanion|86\/100\n|\n|upkeep\n|turn|4\n|\n|t:|1667041666\n|switch|p2a: Tapu Fini|Tapu Fini, shiny|100\/100\n|-activate|p2a: Tapu Fini|move: Sticky Web\n|-unboost|p2a: Tapu Fini|spe|1\n|-fieldstart|move: Misty Terrain|[from] ability: Misty Surge|[of] p2a: Tapu Fini\n|move|p1a: Volcanion|Steam Eruption|p2a: Tapu Fini\n|-resisted|p2a: Tapu Fini\n|-damage|p2a: Tapu Fini|61\/100\n|\n|upkeep\n|turn|5\n|\n|t:|1667041673\n|move|p2a: Tapu Fini|Defog|p1a: Volcanion\n|-unboost|p1a: Volcanion|evasion|1\n|-sideend|p2: Shinjou Akane|Sticky Web|[from] move: Defog|[of] p2a: Tapu Fini\n|-fieldend|Misty Terrain\n|move|p1a: Volcanion|Steam Eruption|p2a: Tapu Fini\n|-resisted|p2a: Tapu Fini\n|-damage|p2a: Tapu Fini|18\/100\n|\n|upkeep\n|turn|6\n|\n|t:|1667041678\n|move|p2a: Tapu Fini|Defog|p1a: Volcanion\n|-unboost|p1a: Volcanion|evasion|1\n|move|p1a: Volcanion|Steam Eruption|p2a: Tapu Fini\n|-resisted|p2a: Tapu Fini\n|-damage|p2a: Tapu Fini|0 fnt\n|faint|p2a: Tapu Fini\n|\n|upkeep\n|\n|t:|1667041687\n|switch|p2a: Nidoking|Nidoking, M|100\/100\n|turn|7\n|\n|t:|1667041691\n|switch|p1a: Shuckle|Shuckle, M|30\/100\n|move|p2a: Nidoking|Earth Power|p1a: Shuckle\n|-damage|p1a: Shuckle|0 fnt\n|faint|p1a: Shuckle\n|\n|upkeep\n|\n|t:|1667041695\n|switch|p1a: Zapdos|Zapdos-Galar|100\/100\n|turn|8\n|\n|t:|1667041703\n|move|p1a: Zapdos|Brave Bird|p2a: Nidoking\n|-damage|p2a: Nidoking|15\/100\n|-damage|p1a: Zapdos|74\/100|[from] Recoil\n|move|p2a: Nidoking|Ice Beam|p1a: Zapdos\n|-supereffective|p1a: Zapdos\n|-crit|p1a: Zapdos\n|-damage|p1a: Zapdos|0 fnt\n|faint|p1a: Zapdos\n|\n|upkeep\n|\n|t:|1667041710\n|switch|p1a: Blacephalon|Blacephalon|100\/100\n|turn|9\n|\n|t:|1667041716\n|move|p1a: Blacephalon|Shadow Ball|p2a: Nidoking\n|-damage|p2a: Nidoking|0 fnt\n|faint|p2a: Nidoking\n|-ability|p1a: Blacephalon|Beast Boost|boost\n|-boost|p1a: Blacephalon|spe|1\n|\n|upkeep\n|\n|t:|1667041718\n|switch|p2a: Kartana|Kartana|100\/100\n|turn|10\n|\n|t:|1667041723\n|switch|p1a: Bisharp|Bisharp, F|100\/100\n|move|p2a: Kartana|Knock Off|p1a: Bisharp\n|-resisted|p1a: Bisharp\n|-damage|p1a: Bisharp|75\/100\n|-enditem|p1a: Bisharp|Black Glasses|[from] move: Knock Off|[of] p2a: Kartana\n|\n|upkeep\n|turn|11\n|\n|t:|1667041731\n|switch|p2a: Urshifu|Urshifu-Rapid-Strike, F|100\/100\n|switch|p1a: Volcanion|Volcanion|86\/100\n|\n|upkeep\n|turn|12\n|\n|t:|1667041736\n|move|p2a: Urshifu|Close Combat|p1a: Volcanion\n|-damage|p1a: Volcanion|0 fnt\n|-unboost|p2a: Urshifu|def|1\n|-unboost|p2a: Urshifu|spd|1\n|faint|p1a: Volcanion\n|\n|upkeep\n|\n|t:|1667041739\n|switch|p1a: Blacephalon|Blacephalon|100\/100\n|turn|13\n|\n|t:|1667041746\n|switch|p2a: Klefki|Klefki, F|100\/100\n|move|p1a: Blacephalon|Substitute|p1a: Blacephalon\n|-start|p1a: Blacephalon|Substitute\n|-damage|p1a: Blacephalon|76\/100\n|\n|-heal|p1a: Blacephalon|82\/100|[from] item: Leftovers\n|upkeep\n|turn|14\n|\n|t:|1667041750\n|move|p1a: Blacephalon|Calm Mind|p1a: Blacephalon\n|-boost|p1a: Blacephalon|spa|1\n|-boost|p1a: Blacephalon|spd|1\n|move|p2a: Klefki|Foul Play|p1a: Blacephalon\n|-supereffective|p1a: Blacephalon\n|-end|p1a: Blacephalon|Substitute\n|\n|-heal|p1a: Blacephalon|88\/100|[from] item: Leftovers\n|upkeep\n|turn|15\n|\n|t:|1667041754\n|move|p1a: Blacephalon|Flamethrower|p2a: Klefki\n|-supereffective|p2a: Klefki\n|-damage|p2a: Klefki|0 fnt\n|faint|p2a: Klefki\n|-ability|p1a: Blacephalon|Beast Boost|boost\n|-boost|p1a: Blacephalon|spe|1\n|\n|-heal|p1a: Blacephalon|94\/100|[from] item: Leftovers\n|upkeep\n|\n|t:|1667041757\n|switch|p2a: Kartana|Kartana|100\/100\n|turn|16\n|\n|t:|1667041759\n|move|p2a: Kartana|Knock Off|p1a: Blacephalon\n|-supereffective|p1a: Blacephalon\n|-damage|p1a: Blacephalon|0 fnt\n|-enditem|p1a: Blacephalon|Leftovers|[from] move: Knock Off|[of] p2a: Kartana\n|faint|p1a: Blacephalon\n|-ability|p2a: Kartana|Beast Boost|boost\n|-boost|p2a: Kartana|atk|1\n|\n|upkeep\n|\n|t:|1667041762\n|switch|p1a: Bisharp|Bisharp, F|75\/100\n|turn|17\n|\n|t:|1667041765\n|switch|p2a: Urshifu|Urshifu-Rapid-Strike, F|100\/100\n|move|p1a: Bisharp|Knock Off|p2a: Urshifu\n|-resisted|p2a: Urshifu\n|-damage|p2a: Urshifu|77\/100\n|-enditem|p2a: Urshifu|Choice Band|[from] move: Knock Off|[of] p1a: Bisharp\n|\n|upkeep\n|turn|18\n|\n|t:|1667041770\n|move|p1a: Bisharp|Sucker Punch|p2a: Urshifu\n|-resisted|p2a: Urshifu\n|-damage|p2a: Urshifu|61\/100\n|move|p2a: Urshifu|Surging Strikes|p1a: Bisharp\n|-crit|p1a: Bisharp\n|-damage|p1a: Bisharp|52\/100\n|-crit|p1a: Bisharp\n|-damage|p1a: Bisharp|29\/100\n|-crit|p1a: Bisharp\n|-damage|p1a: Bisharp|6\/100\n|-hitcount|p1a: Bisharp|3\n|\n|upkeep\n|turn|19\n|\n|t:|1667041772\n|move|p1a: Bisharp|Sucker Punch|p2a: Urshifu\n|-resisted|p2a: Urshifu\n|-damage|p2a: Urshifu|43\/100\n|move|p2a: Urshifu|Surging Strikes|p1a: Bisharp\n|-crit|p1a: Bisharp\n|-damage|p1a: Bisharp|0 fnt\n|faint|p1a: Bisharp\n|-hitcount|p1: Bisharp|1\n|\n|upkeep\n|\n|t:|1667041774\n|switch|p1a: Nidoking|Nidoking, M|100\/100\n|turn|20\n|\n|t:|1667041776\n|move|p2a: Urshifu|Surging Strikes|p1a: Nidoking\n|-supereffective|p1a: Nidoking\n|-crit|p1a: Nidoking\n|-damage|p1a: Nidoking|43\/100\n|-supereffective|p1a: Nidoking\n|-crit|p1a: Nidoking\n|-damage|p1a: Nidoking|0 fnt\n|faint|p1a: Nidoking\n|-hitcount|p1: Nidoking|2\n|\n|win|Shinjou Akane\n|raw|Slaashhhh's rating: 1509 &rarr; <strong>1492<\/strong><br \/>(-17 for losing)\n|raw|Shinjou Akane's rating: 1566 &rarr; <strong>1583<\/strong><br \/>(+17 for winning)\n|l|\u2606Slaashhhh\n","uploadtime":1667041785,"views":5,"p1id":"slaashhhh","p2id":"shinjouakane","formatid":"gen8ou","rating":1492,"private":0,"password":null}