{"id":"gen8vgc2021series9-1342473373","p1":"Lazarock","p2":"bhkg","format":"gen8vgc2021series9","log":"|j|\u2606Lazarock\n|j|\u2606bhkg\n|t:|1621293316\n|gametype|doubles\n|player|p1|Lazarock|ethan|1279\n|player|p2|bhkg|169|1339\n|teamsize|p1|6\n|teamsize|p2|6\n|gen|8\n|tier|[Gen 8] VGC 2021 Series 9\n|rated|\n|rule|Species Clause: Limit one of each Pok\u00e9mon\n|rule|Item Clause: Limit one of each item\n|clearpoke\n|poke|p1|Moltres-Galar, L50|\n|poke|p1|Kartana, L50|\n|poke|p1|Rotom-Heat, L50|\n|poke|p1|Tapu Fini, L50|\n|poke|p1|Mamoswine, L50, F|\n|poke|p1|Whimsicott, L50, F|\n|poke|p2|Flareon, L50, M|\n|poke|p2|Mamoswine, L50, M|\n|poke|p2|Zapdos-Galar, L50|\n|poke|p2|Porygon2, L50|\n|poke|p2|Dragapult, L50, M|\n|poke|p2|Tapu Koko, L50|\n|teampreview|4\n|\n|t:|1621293372\n|start\n|switch|p1a: Kartana|Kartana, L50|100\/100\n|switch|p1b: Rotom|Rotom-Heat, L50, shiny|100\/100\n|switch|p2a: Zapdos|Zapdos-Galar, L50|100\/100\n|switch|p2b: Tapu Koko|Tapu Koko, L50|100\/100\n|-fieldstart|move: Electric Terrain|[from] ability: Electric Surge|[of] p2b: Tapu Koko\n|turn|1\n|\n|t:|1621293404\n|-start|p2a: Zapdos|Dynamax\n|-heal|p2a: Zapdos|100\/100|[silent]\n|move|p2b: Tapu Koko|Electroweb|p1a: Kartana|[spread] p1a,p1b\n|-resisted|p1a: Kartana\n|-resisted|p1b: Rotom\n|-damage|p1a: Kartana|84\/100\n|-damage|p1b: Rotom|89\/100\n|-unboost|p1a: Kartana|spe|1\n|-unboost|p1b: Rotom|spe|1\n|move|p2a: Zapdos|Max Flare|p1a: Kartana\n|-supereffective|p1a: Kartana\n|-damage|p1a: Kartana|0 fnt\n|-weather|SunnyDay\n|faint|p1a: Kartana\n|-damage|p2a: Zapdos|96\/100|[from] item: Life Orb\n|move|p1b: Rotom|Overheat|p2b: Tapu Koko\n|-damage|p2b: Tapu Koko|0 fnt\n|-unboost|p1b: Rotom|spa|2\n|faint|p2b: Tapu Koko\n|\n|-weather|SunnyDay|[upkeep]\n|upkeep\n|\n|t:|1621293423\n|switch|p2b: Mamoswine|Mamoswine, L50, M|100\/100\n|switch|p1a: Moltres|Moltres-Galar, L50|100\/100\n|turn|2\n|\n|t:|1621293440\n|-start|p1a: Moltres|Dynamax\n|-heal|p1a: Moltres|100\/100|[silent]\n|move|p1b: Rotom|Protect|p1b: Rotom\n|-singleturn|p1b: Rotom|Protect\n|move|p2a: Zapdos|Max Airstream|p1a: Moltres\n|-damage|p1a: Moltres|51\/100\n|-boost|p2a: Zapdos|spe|1\n|-boost|p2b: Mamoswine|spe|1\n|-damage|p2a: Zapdos|91\/100|[from] item: Life Orb\n|move|p2b: Mamoswine|Icicle Crash|p1a: Moltres|[miss]\n|-miss|p2b: Mamoswine|p1a: Moltres\n|move|p1a: Moltres|Max Airstream|p2a: Zapdos\n|-supereffective|p2a: Zapdos\n|-damage|p2a: Zapdos|31\/100\n|-boost|p1a: Moltres|spe|1\n|-boost|p1b: Rotom|spe|1\n|\n|-weather|SunnyDay|[upkeep]\n|upkeep\n|turn|3\n|\n|t:|1621293470\n|move|p1a: Moltres|Max Guard|p1a: Moltres\n|-singleturn|p1a: Moltres|Max Guard\n|move|p2a: Zapdos|Max Airstream|p1b: Rotom\n|-resisted|p1b: Rotom\n|-damage|p1b: Rotom|38\/100\n|-boost|p2a: Zapdos|spe|1\n|-boost|p2b: Mamoswine|spe|1\n|-damage|p2a: Zapdos|26\/100|[from] item: Life Orb\n|move|p2b: Mamoswine|Icicle Crash|p1a: Moltres\n|-activate|p1a: Moltres|move: Max Guard\n|move|p1b: Rotom|Overheat|p2b: Mamoswine\n|-supereffective|p2b: Mamoswine\n|-crit|p2b: Mamoswine\n|-enditem|p2b: Mamoswine|Focus Sash\n|-damage|p2b: Mamoswine|1\/100\n|-unboost|p1b: Rotom|spa|2\n|\n|-weather|SunnyDay|[upkeep]\n|-end|p2a: Zapdos|Dynamax\n|-heal|p2a: Zapdos|26\/100|[silent]\n|upkeep\n|turn|4\n|\n|t:|1621293496\n|move|p1b: Rotom|Protect|p1b: Rotom\n|-singleturn|p1b: Rotom|Protect\n|move|p2a: Zapdos|Close Combat|p1b: Rotom\n|-activate|p1b: Rotom|move: Protect\n|move|p2b: Mamoswine|Icicle Crash|p1a: Moltres\n|-supereffective|p1a: Moltres\n|-damage|p1a: Moltres|5\/100\n|-enditem|p1a: Moltres|Weakness Policy\n|-boost|p1a: Moltres|atk|2|[from] item: Weakness Policy\n|-boost|p1a: Moltres|spa|2|[from] item: Weakness Policy\n|-ability|p1a: Moltres|Berserk|boost\n|-boost|p1a: Moltres|spa|1\n|move|p1a: Moltres|Max Airstream|p2a: Zapdos\n|-supereffective|p2a: Zapdos\n|-damage|p2a: Zapdos|0 fnt\n|-boost|p1a: Moltres|spe|1\n|-boost|p1b: Rotom|spe|1\n|faint|p2a: Zapdos\n|\n|-weather|SunnyDay|[upkeep]\n|-end|p1a: Moltres|Dynamax\n|-heal|p1a: Moltres|5\/100|[silent]\n|upkeep\n|\n|t:|1621293507\n|switch|p2a: Dragapult|Dragapult, L50, M|100\/100\n|turn|5\n|\n|t:|1621293536\n|move|p1a: Moltres|Protect|p1a: Moltres\n|-singleturn|p1a: Moltres|Protect\n|move|p2b: Mamoswine|Protect|p2b: Mamoswine\n|-singleturn|p2b: Mamoswine|Protect\n|move|p2a: Dragapult|Protect|p2a: Dragapult\n|-singleturn|p2a: Dragapult|Protect\n|move|p1b: Rotom|Overheat|p2b: Mamoswine\n|-activate|p2b: Mamoswine|move: Protect\n|\n|-weather|none\n|-fieldend|move: Electric Terrain\n|upkeep\n|turn|6\n|\n|t:|1621293555\n|move|p2b: Mamoswine|Ice Shard|p1a: Moltres\n|-supereffective|p1a: Moltres\n|-damage|p1a: Moltres|0 fnt\n|faint|p1a: Moltres\n|move|p2a: Dragapult|Shadow Ball|p1b: Rotom\n|-damage|p1b: Rotom|0 fnt\n|faint|p1b: Rotom\n|\n|upkeep\n|\n|t:|1621293565\n|switch|p1a: Mamoswine|Mamoswine, L50, F|100\/100\n|turn|7\n|\n|t:|1621293573\n|move|p2b: Mamoswine|High Horsepower|p1a: Mamoswine\n|-damage|p1a: Mamoswine|43\/100\n|move|p2a: Dragapult|Draco Meteor|p1a: Mamoswine\n|-damage|p1a: Mamoswine|0 fnt\n|-unboost|p2a: Dragapult|spa|2\n|faint|p1a: Mamoswine\n|\n|win|bhkg\n|raw|Lazarock's rating: 1279 &rarr; <strong>1258<\/strong><br \/>(-21 for losing)\n|raw|bhkg's rating: 1339 &rarr; <strong>1356<\/strong><br \/>(+17 for winning)\n|c|\u2606bhkg|gg\n","uploadtime":1621293583,"views":19,"p1id":"lazarock","p2id":"bhkg","formatid":"gen8vgc2021series9","rating":1258,"private":0,"password":null}