{"id":"gen8randombattle-1105442489","p1":"A","p2":"WinningJ","format":"gen8randombattle","log":"|j|\u2606A\n|j|\u2606WinningJ\n|player|p1|A|clemont|1351\n|player|p2|WinningJ|2|1319\n|teamsize|p1|6\n|teamsize|p2|6\n|gametype|singles\n|gen|8\n|tier|[Gen 8] Random Battle\n|rated|\n|rule|Species Clause: Limit one of each Pok\u00e9mon\n|rule|HP Percentage Mod: HP is shown in percentages\n|rule|Sleep Clause Mod: Limit one foe put to sleep\n|\n|start\n|switch|p1a: Eternatus|Eternatus, L72|321\/321\n|switch|p2a: Octillery|Octillery, L88, M|275\/275\n|-ability|p1a: Eternatus|Pressure\n|turn|1\n|inactive|Battle timer is ON: inactive players will automatically lose when time's up. (requested by A)\n|inactive|WinningJ has 120 seconds left.\n|\n|move|p1a: Eternatus|Sludge Wave|p2a: Octillery\n|-damage|p2a: Octillery|155\/275\n|move|p2a: Octillery|Hydro Pump|p1a: Eternatus\n|-resisted|p1a: Eternatus\n|-damage|p1a: Eternatus|211\/321\n|\n|upkeep\n|turn|2\n|\n|switch|p2a: Garbodor|Garbodor, L86, F|278\/278\n|move|p1a: Eternatus|Sludge Wave|p2a: Garbodor\n|-resisted|p2a: Garbodor\n|-damage|p2a: Garbodor|218\/278\n|\n|-heal|p2a: Garbodor|235\/278|[from] item: Black Sludge\n|upkeep\n|turn|3\n|\n|move|p1a: Eternatus|Dynamax Cannon|p2a: Garbodor\n|-damage|p2a: Garbodor|124\/278\n|move|p2a: Garbodor|Spikes|p1a: Eternatus\n|-sidestart|p1: A|Spikes\n|\n|-heal|p2a: Garbodor|141\/278|[from] item: Black Sludge\n|upkeep\n|turn|4\n|\n|move|p1a: Eternatus|Recover|p1a: Eternatus\n|-heal|p1a: Eternatus|321\/321\n|move|p2a: Garbodor|Pain Split|p1a: Eternatus\n|-sethp|p1a: Eternatus|231\/321|[from] move: Pain Split|[silent]\n|-sethp|p2a: Garbodor|231\/278|[from] move: Pain Split\n|\n|-heal|p2a: Garbodor|248\/278|[from] item: Black Sludge\n|upkeep\n|turn|5\n|\n|move|p1a: Eternatus|Dynamax Cannon|p2a: Garbodor\n|-damage|p2a: Garbodor|134\/278\n|move|p2a: Garbodor|Spikes|p1a: Eternatus\n|-sidestart|p1: A|Spikes\n|\n|-heal|p2a: Garbodor|151\/278|[from] item: Black Sludge\n|upkeep\n|turn|6\n|\n|move|p1a: Eternatus|Dynamax Cannon|p2a: Garbodor\n|-damage|p2a: Garbodor|14\/278\n|move|p2a: Garbodor|Pain Split|p1a: Eternatus\n|-sethp|p1a: Eternatus|122\/321|[from] move: Pain Split|[silent]\n|-sethp|p2a: Garbodor|122\/278|[from] move: Pain Split\n|\n|-heal|p2a: Garbodor|139\/278|[from] item: Black Sludge\n|upkeep\n|turn|7\n|\n|move|p1a: Eternatus|Dynamax Cannon|p2a: Garbodor\n|-damage|p2a: Garbodor|0 fnt\n|faint|p2a: Garbodor\n|\n|upkeep\n|inactive|WinningJ has 120 seconds left.\n|\n|switch|p2a: Octillery|Octillery, L88, M|155\/275\n|turn|8\n|inactive|WinningJ has 120 seconds left.\n|\n|move|p1a: Eternatus|Dynamax Cannon|p2a: Octillery\n|-damage|p2a: Octillery|0 fnt\n|faint|p2a: Octillery\n|\n|upkeep\n|inactive|WinningJ has 120 seconds left.\n|inactive|WinningJ has 90 seconds left.\n|\n|switch|p2a: Umbreon|Umbreon, L82, M|290\/290\n|turn|9\n|\n|move|p1a: Eternatus|Recover|p1a: Eternatus\n|-heal|p1a: Eternatus|283\/321\n|move|p2a: Umbreon|Foul Play|p1a: Eternatus\n|-damage|p1a: Eternatus|217\/321\n|\n|upkeep\n|turn|10\n|\n|move|p1a: Eternatus|Dynamax Cannon|p2a: Umbreon\n|-damage|p2a: Umbreon|211\/290\n|move|p2a: Umbreon|Toxic|p1a: Eternatus\n|-immune|p1a: Eternatus\n|\n|-heal|p2a: Umbreon|229\/290|[from] item: Leftovers\n|upkeep\n|turn|11\n|\n|move|p1a: Eternatus|Sludge Wave|p2a: Umbreon\n|-damage|p2a: Umbreon|154\/290\n|move|p2a: Umbreon|Wish|p2a: Umbreon\n|\n|-heal|p2a: Umbreon|172\/290|[from] item: Leftovers\n|upkeep\n|turn|12\n|\n|move|p2a: Umbreon|Protect|p2a: Umbreon\n|-singleturn|p2a: Umbreon|Protect\n|move|p1a: Eternatus|Sludge Wave|p2a: Umbreon\n|-activate|p2a: Umbreon|move: Protect\n|\n|-heal|p2a: Umbreon|290\/290|[from] move: Wish|[wisher] Umbreon\n|upkeep\n|turn|13\n|inactive|WinningJ has 60 seconds left.\n|\n|switch|p2a: Moltres|Moltres, L80|275\/275\n|move|p1a: Eternatus|Recover|p1a: Eternatus\n|-heal|p1a: Eternatus|321\/321\n|\n|upkeep\n|turn|14\n|inactive|WinningJ has 60 seconds left.\n|\n|-start|p2a: Moltres|Dynamax\n|-heal|p2a: Moltres|550\/550|[silent]\n|move|p1a: Eternatus|Sludge Wave|p2a: Moltres\n|-damage|p2a: Moltres|433\/550\n|move|p2a: Moltres|Max Airstream|p1a: Eternatus\n|-damage|p1a: Eternatus|156\/321\n|-boost|p2a: Moltres|spe|1\n|\n|upkeep\n|turn|15\n|inactive|WinningJ has 60 seconds left.\n|\n|switch|p1a: Articuno|Articuno, L84|287\/287\n|-ability|p1a: Articuno|Pressure\n|move|p2a: Moltres|Max Airstream|p1a: Articuno\n|-damage|p1a: Articuno|158\/287\n|-boost|p2a: Moltres|spe|1\n|\n|upkeep\n|turn|16\n|inactive|WinningJ has 60 seconds left.\n|j| piaa\n|\n|switch|p1a: Umbreon|Umbreon, L82, M|290\/290\n|-damage|p1a: Umbreon|242\/290|[from] Spikes\n|move|p2a: Moltres|Max Flare|p1a: Umbreon\n|-damage|p1a: Umbreon|107\/290\n|-weather|SunnyDay\n|\n|-weather|SunnyDay|[upkeep]\n|-heal|p1a: Umbreon|125\/290|[from] item: Leftovers\n|-end|p2a: Moltres|Dynamax\n|-heal|p2a: Moltres|217\/275|[silent]\n|upkeep\n|turn|17\n|inactive|WinningJ has 60 seconds left.\n|\n|move|p1a: Umbreon|Protect|p1a: Umbreon\n|-singleturn|p1a: Umbreon|Protect\n|move|p2a: Moltres|Air Slash|p1a: Umbreon\n|-activate|p1a: Umbreon|move: Protect\n|\n|-weather|SunnyDay|[upkeep]\n|-heal|p1a: Umbreon|143\/290|[from] item: Leftovers\n|upkeep\n|turn|18\n|\n|move|p2a: Moltres|Air Slash|p1a: Umbreon\n|-damage|p1a: Umbreon|70\/290\n|move|p1a: Umbreon|Wish|p1a: Umbreon\n|\n|-weather|SunnyDay|[upkeep]\n|-heal|p1a: Umbreon|88\/290|[from] item: Leftovers\n|upkeep\n|turn|19\n|\n|move|p1a: Umbreon|Protect|p1a: Umbreon\n|-singleturn|p1a: Umbreon|Protect\n|move|p2a: Moltres|Roost|p2a: Moltres\n|-heal|p2a: Moltres|275\/275\n|-singleturn|p2a: Moltres|move: Roost\n|\n|-weather|SunnyDay|[upkeep]\n|-heal|p1a: Umbreon|233\/290|[from] move: Wish|[wisher] Umbreon\n|-heal|p1a: Umbreon|251\/290|[from] item: Leftovers\n|upkeep\n|turn|20\n|\n|move|p2a: Moltres|Air Slash|p1a: Umbreon\n|-damage|p1a: Umbreon|176\/290\n|cant|p1a: Umbreon|flinch\n|\n|-weather|none\n|-heal|p1a: Umbreon|194\/290|[from] item: Leftovers\n|upkeep\n|turn|21\n|\n|move|p2a: Moltres|U-turn|p1a: Umbreon\n|-supereffective|p1a: Umbreon\n|-damage|p1a: Umbreon|114\/290\n|\n|switch|p2a: Vikavolt|Vikavolt, L84, M|267\/267\n|move|p1a: Umbreon|Wish|p1a: Umbreon\n|\n|-heal|p1a: Umbreon|132\/290|[from] item: Leftovers\n|upkeep\n|turn|22\n|\n|switch|p1a: Eternatus|Eternatus, L72|156\/321\n|-damage|p1a: Eternatus|103\/321|[from] Spikes\n|-ability|p1a: Eternatus|Pressure\n|move|p2a: Vikavolt|Sticky Web|p1a: Eternatus\n|-sidestart|p1: A|move: Sticky Web\n|\n|-heal|p1a: Eternatus|248\/321|[from] move: Wish|[wisher] Umbreon\n|upkeep\n|turn|23\n|c|\u2606WinningJ|Well played\n|inactive|WinningJ has 30 seconds left.\n|c|\u2606A|thanks\n|\n|move|p1a: Eternatus|Flamethrower|p2a: Vikavolt\n|-supereffective|p2a: Vikavolt\n|-damage|p2a: Vikavolt|117\/267\n|move|p2a: Vikavolt|Thunderbolt|p1a: Eternatus\n|-resisted|p1a: Eternatus\n|-damage|p1a: Eternatus|162\/321\n|-status|p1a: Eternatus|par\n|-damage|p2a: Vikavolt|91\/267|[from] item: Life Orb\n|\n|upkeep\n|turn|24\n|c|\u2606A|oh hm\n|inactive|WinningJ has 30 seconds left.\n|\n|move|p2a: Vikavolt|Bug Buzz|p1a: Eternatus\n|-resisted|p1a: Eternatus\n|-damage|p1a: Eternatus|68\/321 par\n|-damage|p2a: Vikavolt|65\/267|[from] item: Life Orb\n|move|p1a: Eternatus|Recover|p1a: Eternatus\n|-heal|p1a: Eternatus|229\/321 par\n|\n|upkeep\n|turn|25\n|inactive|WinningJ has 30 seconds left.\n|\n|move|p2a: Vikavolt|Energy Ball|p1a: Eternatus\n|-resisted|p1a: Eternatus\n|-damage|p1a: Eternatus|197\/321 par\n|-damage|p2a: Vikavolt|39\/267|[from] item: Life Orb\n|move|p1a: Eternatus|Recover|p1a: Eternatus\n|-heal|p1a: Eternatus|321\/321 par\n|\n|upkeep\n|turn|26\n|inactive|WinningJ has 30 seconds left.\n|\n|switch|p1a: Articuno|Articuno, L84|158\/287\n|-ability|p1a: Articuno|Pressure\n|move|p2a: Vikavolt|Bug Buzz|p1a: Articuno\n|-resisted|p1a: Articuno\n|-damage|p1a: Articuno|88\/287\n|-damage|p2a: Vikavolt|13\/267|[from] item: Life Orb\n|\n|upkeep\n|turn|27\n|inactive|WinningJ has 30 seconds left.\n|\n|move|p1a: Articuno|Heal Bell|p1a: Articuno\n|-activate|p1a: Articuno|move: Heal Bell\n|-curestatus|p1: Eternatus|par|[msg]\n|move|p2a: Vikavolt|Thunderbolt|p1a: Articuno\n|-supereffective|p1a: Articuno\n|-damage|p1a: Articuno|0 fnt\n|-damage|p2a: Vikavolt|0 fnt|[from] item: Life Orb\n|faint|p1a: Articuno\n|faint|p2a: Vikavolt\n|\n|upkeep\n|inactive|WinningJ has 30 seconds left.\n|inactive|WinningJ has 20 seconds left.\n|inactive|WinningJ has 15 seconds left.\n|inactive|WinningJ has 10 seconds left.\n|\n|switch|p1a: Eternatus|Eternatus, L72|321\/321\n|switch|p2a: Pelipper|Pelipper, L80, M|227\/227\n|-activate|p1a: Eternatus|move: Sticky Web\n|-unboost|p1a: Eternatus|spe|1\n|-damage|p1a: Eternatus|268\/321|[from] Spikes\n|-ability|p1a: Eternatus|Pressure\n|-weather|RainDance|[from] ability: Drizzle|[of] p2a: Pelipper\n|turn|28\n|inactive|WinningJ has 20 seconds left this turn.\n|inactive|WinningJ has 15 seconds left.\n|inactive|WinningJ has 10 seconds left.\n|\n|move|p1a: Eternatus|Dynamax Cannon|p2a: Pelipper\n|-damage|p2a: Pelipper|88\/227\n|move|p2a: Pelipper|Hurricane|p1a: Eternatus\n|-damage|p1a: Eternatus|151\/321\n|-start|p1a: Eternatus|confusion\n|\n|-weather|RainDance|[upkeep]\n|upkeep\n|turn|29\n|inactive|WinningJ has 20 seconds left this turn.\n|inactive|WinningJ has 15 seconds left.\n|inactive|WinningJ has 10 seconds left.\n|\n|-activate|p1a: Eternatus|confusion\n|move|p1a: Eternatus|Dynamax Cannon|p2a: Pelipper\n|-damage|p2a: Pelipper|0 fnt\n|faint|p2a: Pelipper\n|\n|-weather|RainDance|[upkeep]\n|upkeep\n|inactive|WinningJ has 15 seconds left this turn.\n|inactive|WinningJ has 10 seconds left.\n|\n|switch|p2a: Moltres|Moltres, L80|275\/275\n|turn|30\n|inactive|WinningJ has 20 seconds left this turn.\n|inactive|WinningJ has 15 seconds left.\n|inactive|WinningJ has 10 seconds left.\n|\n|switch|p1a: Sudowoodo|Sudowoodo, L88, M|266\/266\n|-damage|p1a: Sudowoodo|222\/266|[from] Spikes\n|-activate|p1a: Sudowoodo|move: Sticky Web\n|-unboost|p1a: Sudowoodo|spe|1\n|move|p2a: Moltres|Air Slash|p1a: Sudowoodo\n|-resisted|p1a: Sudowoodo\n|-damage|p1a: Sudowoodo|165\/266\n|\n|-weather|RainDance|[upkeep]\n|-heal|p1a: Sudowoodo|181\/266|[from] item: Leftovers\n|upkeep\n|turn|31\n|inactive|WinningJ has 20 seconds left this turn.\n|inactive|WinningJ has 15 seconds left.\n|inactive|WinningJ has 10 seconds left.\n|\n|move|p2a: Moltres|U-turn|p1a: Sudowoodo\n|-damage|p1a: Sudowoodo|142\/266\n|inactive|WinningJ has 15 seconds left this turn.\n|\n|switch|p2a: Umbreon|Umbreon, L82, M|290\/290\n|move|p1a: Sudowoodo|Head Smash|p2a: Umbreon|[miss]\n|-miss|p1a: Sudowoodo|p2a: Umbreon\n|\n|-weather|RainDance|[upkeep]\n|-heal|p1a: Sudowoodo|158\/266|[from] item: Leftovers\n|upkeep\n|turn|32\n|inactive|WinningJ has 25 seconds left this turn.\n|inactive|WinningJ has 20 seconds left.\n|inactive|WinningJ has 15 seconds left.\n|\n|switch|p1a: Umbreon|Umbreon, L82, M|132\/290\n|-damage|p1a: Umbreon|84\/290|[from] Spikes\n|-activate|p1a: Umbreon|move: Sticky Web\n|-unboost|p1a: Umbreon|spe|1\n|move|p2a: Umbreon|Foul Play|p1a: Umbreon\n|-resisted|p1a: Umbreon\n|-damage|p1a: Umbreon|54\/290\n|\n|-weather|none\n|-heal|p1a: Umbreon|72\/290|[from] item: Leftovers\n|upkeep\n|turn|33\n|inactive|WinningJ has 25 seconds left this turn.\n|inactive|WinningJ has 20 seconds left.\n|inactive|WinningJ has 15 seconds left.\n|\n|move|p2a: Umbreon|Toxic|p1a: Umbreon\n|-status|p1a: Umbreon|tox\n|-activate|p1a: Umbreon|ability: Synchronize\n|-status|p2a: Umbreon|tox\n|-activate|p2a: Umbreon|ability: Synchronize\n|-fail|p1a: Umbreon|tox\n|move|p1a: Umbreon|Wish|p1a: Umbreon\n|\n|-heal|p1a: Umbreon|90\/290 tox|[from] item: Leftovers\n|-damage|p2a: Umbreon|272\/290 tox|[from] psn\n|-damage|p1a: Umbreon|72\/290 tox|[from] psn\n|upkeep\n|turn|34\n|inactive|WinningJ has 25 seconds left this turn.\n|inactive|WinningJ has 20 seconds left.\n|inactive|WinningJ has 15 seconds left.\n|\n|switch|p1a: Eternatus|Eternatus, L72|151\/321\n|-damage|p1a: Eternatus|98\/321|[from] Spikes\n|-activate|p1a: Eternatus|move: Sticky Web\n|-unboost|p1a: Eternatus|spe|1\n|-ability|p1a: Eternatus|Pressure\n|move|p2a: Umbreon|Foul Play|p1a: Eternatus\n|-damage|p1a: Eternatus|40\/321\n|\n|-heal|p1a: Eternatus|185\/321|[from] move: Wish|[wisher] Umbreon\n|-heal|p2a: Umbreon|290\/290 tox|[from] item: Leftovers\n|-damage|p2a: Umbreon|254\/290 tox|[from] psn\n|upkeep\n|turn|35\n|inactive|WinningJ has 25 seconds left this turn.\n|inactive|WinningJ has 20 seconds left.\n|inactive|WinningJ has 15 seconds left.\n|inactive|WinningJ has 10 seconds left.\n|inactive|WinningJ has 5 seconds left.\n|\n|move|p2a: Umbreon|Wish|p2a: Umbreon\n|move|p1a: Eternatus|Recover|p1a: Eternatus\n|-heal|p1a: Eternatus|321\/321\n|\n|-heal|p2a: Umbreon|272\/290 tox|[from] item: Leftovers\n|-damage|p2a: Umbreon|218\/290 tox|[from] psn\n|upkeep\n|turn|36\n|inactive|WinningJ has 15 seconds left this turn.\n|inactive|WinningJ has 10 seconds left.\n|\n|move|p2a: Umbreon|Protect|p2a: Umbreon\n|-singleturn|p2a: Umbreon|Protect\n|move|p1a: Eternatus|Sludge Wave|p2a: Umbreon\n|-activate|p2a: Umbreon|move: Protect\n|\n|-heal|p2a: Umbreon|290\/290 tox|[from] move: Wish|[wisher] Umbreon\n|-damage|p2a: Umbreon|218\/290 tox|[from] psn\n|upkeep\n|turn|37\n|inactive|WinningJ has 20 seconds left this turn.\n|inactive|WinningJ has 15 seconds left.\n|inactive|WinningJ has 10 seconds left.\n|\n|switch|p2a: Moltres|Moltres, L80|275\/275\n|move|p1a: Eternatus|Sludge Wave|p2a: Moltres\n|-damage|p2a: Moltres|161\/275\n|-status|p2a: Moltres|psn\n|\n|-damage|p2a: Moltres|127\/275 psn|[from] psn\n|upkeep\n|turn|38\n|inactive|WinningJ has 20 seconds left this turn.\n|inactive|WinningJ has 15 seconds left.\n|inactive|WinningJ has 10 seconds left.\n|\n|move|p2a: Moltres|Roost|p2a: Moltres\n|-heal|p2a: Moltres|265\/275 psn\n|-singleturn|p2a: Moltres|move: Roost\n|move|p1a: Eternatus|Sludge Wave|p2a: Moltres\n|-damage|p2a: Moltres|131\/275 psn\n|\n|-damage|p2a: Moltres|97\/275 psn|[from] psn\n|upkeep\n|turn|39\n|inactive|WinningJ has 20 seconds left this turn.\n|inactive|WinningJ has 15 seconds left.\n|inactive|WinningJ has 10 seconds left.\n|\n|move|p2a: Moltres|Roost|p2a: Moltres\n|-heal|p2a: Moltres|235\/275 psn\n|-singleturn|p2a: Moltres|move: Roost\n|move|p1a: Eternatus|Sludge Wave|p2a: Moltres\n|-damage|p2a: Moltres|84\/275 psn\n|\n|-damage|p2a: Moltres|50\/275 psn|[from] psn\n|upkeep\n|turn|40\n|inactive|WinningJ has 20 seconds left this turn.\n|inactive|WinningJ has 15 seconds left.\n|inactive|WinningJ has 10 seconds left.\n|\n|move|p2a: Moltres|Roost|p2a: Moltres\n|-heal|p2a: Moltres|188\/275 psn\n|-singleturn|p2a: Moltres|move: Roost\n|move|p1a: Eternatus|Sludge Wave|p2a: Moltres\n|-damage|p2a: Moltres|18\/275 psn\n|\n|-damage|p2a: Moltres|0 fnt|[from] psn\n|faint|p2a: Moltres\n|upkeep\n|inactive|WinningJ has 15 seconds left this turn.\n|inactive|WinningJ has 10 seconds left.\n|inactive|WinningJ has 5 seconds left.\n|\n|switch|p2a: Umbreon|Umbreon, L82, M|218\/290 tox\n|turn|41\n|inactive|WinningJ has 15 seconds left this turn.\n|inactive|WinningJ has 10 seconds left.\n|\n|move|p2a: Umbreon|Protect|p2a: Umbreon\n|-singleturn|p2a: Umbreon|Protect\n|move|p1a: Eternatus|Sludge Wave|p2a: Umbreon\n|-activate|p2a: Umbreon|move: Protect\n|\n|-heal|p2a: Umbreon|236\/290 tox|[from] item: Leftovers\n|-damage|p2a: Umbreon|218\/290 tox|[from] psn\n|upkeep\n|turn|42\n|inactive|WinningJ has 20 seconds left this turn.\n|inactive|WinningJ has 15 seconds left.\n|inactive|WinningJ has 10 seconds left.\n|\n|move|p2a: Umbreon|Foul Play|p1a: Eternatus\n|-damage|p1a: Eternatus|261\/321\n|move|p1a: Eternatus|Sludge Wave|p2a: Umbreon\n|-damage|p2a: Umbreon|139\/290 tox\n|\n|-heal|p2a: Umbreon|157\/290 tox|[from] item: Leftovers\n|-damage|p2a: Umbreon|121\/290 tox|[from] psn\n|upkeep\n|turn|43\n|inactive|WinningJ has 20 seconds left this turn.\n|inactive|WinningJ has 15 seconds left.\n|\n|move|p2a: Umbreon|Wish|p2a: Umbreon\n|move|p1a: Eternatus|Sludge Wave|p2a: Umbreon\n|-crit|p2a: Umbreon\n|-damage|p2a: Umbreon|0 fnt\n|faint|p2a: Umbreon\n|\n|win|A\n|inactive|WinningJ has 20 seconds left this turn.\n","inputlog":">version 839c835752c0139e0785101cfc74f459d73e8bf4\n>start {\"formatid\":\"gen8randombattle\",\"seed\":[64267,163,21651,28437],\"rated\":\"Rated battle\"}\n>player p1 {\"name\":\"A\",\"avatar\":\"clemont\",\"team\":\"\",\"rating\":1351,\"seed\":[54156,39847,3223,27602]}\n>player p2 {\"name\":\"WinningJ\",\"avatar\":\"2\",\"team\":\"\",\"rating\":1319,\"seed\":[17732,39844,34630,16920]}\n>p1 move sludgewave\n>p2 move hydropump\n>p1 move sludgewave\n>p2 switch 2\n>p1 move dynamaxcannon\n>p2 move spikes\n>p1 move recover\n>p2 move painsplit\n>p1 move dynamaxcannon\n>p2 move spikes\n>p1 move dynamaxcannon\n>p2 move painsplit\n>p1 move dynamaxcannon\n>p2 move spikes\n>p2 switch 2\n>p1 move dynamaxcannon\n>p2 move icebeam\n>p2 switch 3\n>p1 move recover\n>p2 move foulplay\n>p1 move dynamaxcannon\n>p2 move toxic\n>p1 move sludgewave\n>p2 move wish\n>p1 move sludgewave\n>p2 move protect\n>p1 move recover\n>p2 switch 4\n>p1 move sludgewave\n>p2 move airslash dynamax\n>p1 switch 4\n>p2 move airslash dynamax\n>p1 switch 6\n>p2 move fireblast dynamax\n>p1 move protect\n>p2 move airslash\n>p1 move wish\n>p2 move airslash\n>p1 move protect\n>p2 move roost\n>p1 move wish\n>p2 move airslash\n>p1 move wish\n>p2 move uturn\n>p2 switch 5\n>p1 switch 4\n>p2 move stickyweb\n>p1 move flamethrower\n>p2 move thunderbolt\n>p1 move recover\n>p2 move bugbuzz\n>p1 move recover\n>p2 move energyball\n>p1 switch 6\n>p2 move bugbuzz\n>p1 move healbell\n>p2 move thunderbolt\n>p1 switch 6\n>p2 switch 6\n>p1 move dynamaxcannon\n>p2 move hurricane\n>p1 move dynamaxcannon\n>p2 move roost\n>p2 switch 5\n>p1 switch 5\n>p2 move airslash\n>p1 move headsmash\n>p2 move uturn\n>p2 switch 4\n>p1 switch 4\n>p2 move foulplay\n>p1 move wish\n>p2 move toxic\n>p1 switch 5\n>p2 move foulplay\n>p1 move recover\n>p2 move wish\n>p1 move sludgewave\n>p2 move protect\n>p1 move sludgewave\n>p2 switch 4\n>p1 move sludgewave\n>p2 move roost\n>p1 move sludgewave\n>p2 move roost\n>p1 move sludgewave\n>p2 move roost\n>p2 switch 4\n>p1 move sludgewave\n>p2 move protect\n>p1 move sludgewave\n>p2 move foulplay\n>p1 move sludgewave\n>p2 move wish","uploadtime":1588158062,"views":21,"p1id":"a","p2id":"winningj","formatid":"gen8randombattle","rating":0,"private":0,"password":null}