{"id":"gen8oublitz-1181978505","p1":"ezwz","p2":"Ox the Fox","format":"gen8oublitz","log":"|inactive|Battle timer is ON: inactive players will automatically lose when time's up.\n|j|\u2606ezwz\n|j|\u2606Ox the Fox\n|t:|1599354314\n|player|p1|ezwz|youngster-gen4|\n|player|p2|Ox the Fox|wallace-gen6|\n|teamsize|p1|6\n|teamsize|p2|6\n|gametype|singles\n|gen|8\n|tier|[Gen 8] OU (Blitz)\n|rated|Tournament battle\n|clearpoke\n|poke|p1|Torkoal, M|\n|poke|p1|Venusaur, M|\n|poke|p1|Charizard, M|\n|poke|p1|Volcarona, F|\n|poke|p1|Comfey, F|\n|poke|p1|Hatterene, F|\n|poke|p2|Excadrill, M|\n|poke|p2|Magnezone|\n|poke|p2|Skarmory, M|\n|poke|p2|Tyranitar, F|\n|poke|p2|Amoonguss, F|\n|poke|p2|Clefable, F|\n|rule|Sleep Clause Mod: Limit one foe put to sleep\n|rule|Species Clause: Limit one of each Pok\u00e9mon\n|rule|OHKO Clause: OHKO moves are banned\n|rule|Evasion Moves Clause: Evasion moves are banned\n|rule|Endless Battle Clause: Forcing endless battles is banned\n|rule|HP Percentage Mod: HP is shown in percentages\n|rule|Dynamax Clause: You cannot dynamax\n|rule|Blitz: Super-fast timer\n|teampreview\n|j| HeckinShibes\n|j| MemusExtremus\n|j| georgiethefirst\n|j| DoYouLikeJazz123\n|c|\u2606ezwz|rip\n|j| LT74PF siac\n|c|\u2606Ox the Fox|not the body press torkoal\n|inactive|ezwz has 30 seconds left.\n|inactive|Ox the Fox has 30 seconds left.\n|j| BasedWhat?\n|j| storm zone\n|j| fernbae\n|j| Atlhoe\n|j| lebronisugly\n|inactive|ezwz has 20 seconds left.\n|l| DoYouLikeJazz123\n|j|@power\n|c|\u2606ezwz|im not storm zone bruh\n|j|%gomikyu\u30b7\n|inactive|ezwz has 15 seconds left.\n|c| storm zone|lol\n|\n|t:|1599354344\n|start\n|switch|p1a: Torkoal|Torkoal, M|100\/100\n|switch|p2a: Magnezone|Magnezone|100\/100\n|-weather|SunnyDay|[from] ability: Drought|[of] p1a: Torkoal\n|turn|1\n|inactive|ezwz has 10 seconds left.\n|c|@power|bro body press torkoal is goat\n|inactive|ezwz has 5 seconds left.\n|\n|t:|1599354355\n|move|p2a: Magnezone|Discharge|p1a: Torkoal\n|-damage|p1a: Torkoal|56\/100\n|-status|p1a: Torkoal|par\n|move|p1a: Torkoal|Overheat|p2a: Magnezone\n|-supereffective|p2a: Magnezone\n|-damage|p2a: Magnezone|0 fnt\n|-unboost|p1a: Torkoal|spa|2\n|faint|p2a: Magnezone\n|\n|-weather|SunnyDay|[upkeep]\n|upkeep\n|inactive|ezwz has 10 seconds left this turn.\n|c|@power|only set in ttar meta\n|j| zbajd\n|\n|t:|1599354360\n|switch|p2a: Tyranitar|Tyranitar, F|100\/100\n|-weather|Sandstorm|[from] ability: Sand Stream|[of] p2a: Tyranitar\n|turn|2\n|\n|t:|1599354363\n|switch|p2a: Excadrill|Excadrill, M|100\/100\n|switch|p1a: Hatterene|Hatterene, F|100\/100\n|\n|-weather|Sandstorm|[upkeep]\n|-damage|p1a: Hatterene|95\/100|[from] Sandstorm\n|-heal|p1a: Hatterene|100\/100|[from] item: Leftovers\n|upkeep\n|turn|3\n|inactive|ezwz has 10 seconds left.\n|inactive|ezwz has 5 seconds left.\n|\n|t:|1599354374\n|move|p2a: Excadrill|Iron Head|p1a: Hatterene\n|-supereffective|p1a: Hatterene\n|-damage|p1a: Hatterene|27\/100\n|cant|p1a: Hatterene|flinch\n|\n|-weather|Sandstorm|[upkeep]\n|-damage|p1a: Hatterene|21\/100|[from] Sandstorm\n|-heal|p1a: Hatterene|27\/100|[from] item: Leftovers\n|upkeep\n|turn|4\n|inactive|ezwz has 10 seconds left this turn.\n|j| hyouka12\n|\n|t:|1599354377\n|move|p2a: Excadrill|Rock Slide|p1a: Hatterene\n|-damage|p1a: Hatterene|4\/100\n|move|p1a: Hatterene|Mystical Fire|p2a: Excadrill\n|-supereffective|p2a: Excadrill\n|-damage|p2a: Excadrill|45\/100\n|-unboost|p2a: Excadrill|spa|1\n|\n|-weather|Sandstorm|[upkeep]\n|-damage|p1a: Hatterene|0 fnt|[from] Sandstorm\n|faint|p1a: Hatterene\n|-heal|p2a: Excadrill|51\/100|[from] item: Leftovers\n|upkeep\n|\n|t:|1599354380\n|switch|p1a: Venusaur|Venusaur, M|100\/100\n|turn|5\n|c|@power|torkoal straight up has like 140 def\n|inactive|ezwz has 10 seconds left.\n|\n|t:|1599354385\n|switch|p2a: Amoonguss|Amoonguss, F, shiny|100\/100\n|switch|p1a: Torkoal|Torkoal, M|56\/100 par\n|-weather|SunnyDay|[from] ability: Drought|[of] p1a: Torkoal\n|\n|-weather|SunnyDay|[upkeep]\n|upkeep\n|turn|6\n|inactive|ezwz has 10 seconds left.\n|\n|t:|1599354393\n|switch|p2a: Tyranitar|Tyranitar, F|100\/100\n|-weather|Sandstorm|[from] ability: Sand Stream|[of] p2a: Tyranitar\n|switch|p1a: Charizard|Charizard, M|100\/100\n|\n|-weather|Sandstorm|[upkeep]\n|-damage|p1a: Charizard|94\/100|[from] Sandstorm\n|upkeep\n|turn|7\n|\n|t:|1599354397\n|switch|p2a: Clefable|Clefable, F, shiny|100\/100\n|move|p1a: Charizard|Fire Blast|p2a: Clefable\n|-damage|p2a: Clefable|27\/100\n|\n|-weather|Sandstorm|[upkeep]\n|-damage|p1a: Charizard|88\/100|[from] Sandstorm\n|upkeep\n|turn|8\n|c|@power|OML\n|c|@power|GOAT\n|inactive|ezwz has 10 seconds left.\n|\n|t:|1599354403\n|switch|p1a: Torkoal|Torkoal, M|56\/100 par\n|-weather|SunnyDay|[from] ability: Drought|[of] p1a: Torkoal\n|move|p2a: Clefable|Trick|p1a: Torkoal\n|-activate|p2a: Clefable|move: Trick|[of] p1a: Torkoal\n|-item|p1a: Torkoal|Sticky Barb|[from] move: Trick\n|-item|p2a: Clefable|Heat Rock|[from] move: Trick\n|\n|-weather|SunnyDay|[upkeep]\n|-damage|p1a: Torkoal|44\/100 par|[from] item: Sticky Barb\n|upkeep\n|turn|9\n|c|%gomikyu\u30b7|reads\n|inactive|ezwz has 10 seconds left.\n|c|\u2606ezwz|nah im bad\n|j| DoYouLikeJazz123\n|inactive|ezwz has 5 seconds left.\n|\n|t:|1599354415\n|switch|p2a: Tyranitar|Tyranitar, F|100\/100\n|-weather|Sandstorm|[from] ability: Sand Stream|[of] p2a: Tyranitar\n|switch|p1a: Charizard|Charizard, M|88\/100\n|\n|-weather|Sandstorm|[upkeep]\n|-damage|p1a: Charizard|82\/100|[from] Sandstorm\n|upkeep\n|turn|10\n|inactive|ezwz has 10 seconds left this turn.\n|inactive|ezwz has 5 seconds left.\n|\n|t:|1599354420\n|switch|p2a: Clefable|Clefable, F, shiny|27\/100\n|move|p1a: Charizard|Fire Blast|p2a: Clefable\n|-crit|p2a: Clefable\n|-damage|p2a: Clefable|0 fnt\n|faint|p2a: Clefable\n|\n|-weather|Sandstorm|[upkeep]\n|-damage|p1a: Charizard|76\/100|[from] Sandstorm\n|upkeep\n|inactive|ezwz has 10 seconds left this turn.\n|\n|t:|1599354422\n|switch|p2a: Tyranitar|Tyranitar, F|100\/100\n|turn|11\n|c| storm zone|LOL\n|inactive|ezwz has 10 seconds left.\n|\n|t:|1599354430\n|switch|p1a: Comfey|Comfey, F|100\/100\n|move|p2a: Tyranitar|Stealth Rock|p1a: Comfey\n|-sidestart|p1: ezwz|move: Stealth Rock\n|\n|-weather|Sandstorm|[upkeep]\n|-damage|p1a: Comfey|94\/100|[from] Sandstorm\n|-heal|p1a: Comfey|100\/100|[from] item: Leftovers\n|upkeep\n|turn|12\n|\n|t:|1599354435\n|switch|p2a: Excadrill|Excadrill, M|51\/100\n|move|p1a: Comfey|U-turn|p2a: Excadrill\n|-resisted|p2a: Excadrill\n|-damage|p2a: Excadrill|44\/100\n|c|@power|ya double made no sense cause charizard goes back before clef\n|\n|t:|1599354439\n|switch|p1a: Venusaur|Venusaur, M|100\/100|[from]move: U-turn\n|-damage|p1a: Venusaur|88\/100|[from] Stealth Rock\n|\n|-weather|Sandstorm|[upkeep]\n|-damage|p1a: Venusaur|82\/100|[from] Sandstorm\n|-heal|p2a: Excadrill|50\/100|[from] item: Leftovers\n|upkeep\n|turn|13\n|j| North Tangela\n|c|@power|so sand stays up\n|inactive|ezwz has 10 seconds left.\n|\n|t:|1599354448\n|switch|p2a: Amoonguss|Amoonguss, F, shiny|100\/100\n|move|p1a: Venusaur|Weather Ball|p2a: Amoonguss\n|-damage|p2a: Amoonguss|65\/100\n|-damage|p1a: Venusaur|72\/100|[from] item: Life Orb\n|\n|-weather|none\n|-heal|p2a: Amoonguss|71\/100|[from] item: Black Sludge\n|upkeep\n|turn|14\n|inactive|ezwz has 10 seconds left.\n|\n|t:|1599354457\n|switch|p1a: Torkoal|Torkoal, M|44\/100 par\n|-damage|p1a: Torkoal|19\/100 par|[from] Stealth Rock\n|-weather|SunnyDay|[from] ability: Drought|[of] p1a: Torkoal\n|move|p2a: Amoonguss|Sludge Bomb|p1a: Torkoal\n|-damage|p1a: Torkoal|0 fnt\n|faint|p1a: Torkoal\n|\n|-weather|SunnyDay|[upkeep]\n|-heal|p2a: Amoonguss|77\/100|[from] item: Black Sludge\n|upkeep\n|inactive|ezwz has 10 seconds left.\n|\n|t:|1599354464\n|switch|p1a: Charizard|Charizard, M|76\/100\n|-damage|p1a: Charizard|26\/100|[from] Stealth Rock\n|turn|15\n|\n|t:|1599354468\n|switch|p2a: Tyranitar|Tyranitar, F|100\/100\n|-weather|Sandstorm|[from] ability: Sand Stream|[of] p2a: Tyranitar\n|move|p1a: Charizard|Weather Ball|p2a: Tyranitar\n|-damage|p2a: Tyranitar|80\/100\n|\n|-weather|Sandstorm|[upkeep]\n|-damage|p1a: Charizard|20\/100|[from] Sandstorm\n|-heal|p2a: Tyranitar|86\/100|[from] item: Leftovers\n|upkeep\n|turn|16\n|\n|t:|1599354472\n|move|p1a: Charizard|Weather Ball|p2a: Tyranitar\n|-damage|p2a: Tyranitar|67\/100\n|move|p2a: Tyranitar|Rock Blast|p1a: Charizard\n|-supereffective|p1a: Charizard\n|-damage|p1a: Charizard|0 fnt\n|-hitcount|p1a: Charizard|1\n|faint|p1a: Charizard\n|\n|-weather|Sandstorm|[upkeep]\n|-heal|p2a: Tyranitar|73\/100|[from] item: Leftovers\n|upkeep\n|l| lebronisugly\n|inactive|ezwz has 10 seconds left.\n|\n|t:|1599354482\n|switch|p1a: Venusaur|Venusaur, M|72\/100\n|-damage|p1a: Venusaur|60\/100|[from] Stealth Rock\n|turn|17\n|\n|t:|1599354483\n|switch|p2a: Amoonguss|Amoonguss, F, shiny|100\/100\n|move|p1a: Venusaur|Giga Drain|p2a: Amoonguss\n|-resisted|p2a: Amoonguss\n|-damage|p2a: Amoonguss|91\/100\n|-heal|p1a: Venusaur|67\/100|[from] drain|[of] p2a: Amoonguss\n|-damage|p1a: Venusaur|57\/100|[from] item: Life Orb\n|\n|-weather|Sandstorm|[upkeep]\n|-damage|p1a: Venusaur|51\/100|[from] Sandstorm\n|-damage|p2a: Amoonguss|84\/100|[from] Sandstorm\n|-heal|p2a: Amoonguss|91\/100|[from] item: Black Sludge\n|upkeep\n|turn|18\n|\n|t:|1599354488\n|move|p1a: Venusaur|Growth|p1a: Venusaur\n|-boost|p1a: Venusaur|atk|1\n|-boost|p1a: Venusaur|spa|1\n|move|p2a: Amoonguss|Sludge Bomb|p1a: Venusaur\n|-damage|p1a: Venusaur|18\/100\n|\n|-weather|Sandstorm|[upkeep]\n|-damage|p1a: Venusaur|12\/100|[from] Sandstorm\n|-damage|p2a: Amoonguss|84\/100|[from] Sandstorm\n|-heal|p2a: Amoonguss|91\/100|[from] item: Black Sludge\n|upkeep\n|turn|19\n|\n|t:|1599354492\n|move|p1a: Venusaur|Weather Ball|p2a: Amoonguss\n|-damage|p2a: Amoonguss|39\/100\n|-damage|p1a: Venusaur|2\/100|[from] item: Life Orb\n|move|p2a: Amoonguss|Sludge Bomb|p1a: Venusaur\n|-damage|p1a: Venusaur|0 fnt\n|faint|p1a: Venusaur\n|\n|-weather|none\n|-heal|p2a: Amoonguss|45\/100|[from] item: Black Sludge\n|upkeep\n|inactive|ezwz has 10 seconds left.\n|\n|t:|1599354497\n|switch|p1a: Volcarona|Volcarona, F|100\/100\n|turn|20\n|\n|t:|1599354501\n|switch|p2a: Tyranitar|Tyranitar, F|73\/100\n|-weather|Sandstorm|[from] ability: Sand Stream|[of] p2a: Tyranitar\n|move|p1a: Volcarona|Fire Blast|p2a: Tyranitar\n|-resisted|p2a: Tyranitar\n|-damage|p2a: Tyranitar|58\/100\n|\n|-weather|Sandstorm|[upkeep]\n|-damage|p1a: Volcarona|94\/100|[from] Sandstorm\n|-heal|p2a: Tyranitar|64\/100|[from] item: Leftovers\n|upkeep\n|turn|21\n|j| metroid90\n|j| BaldNick\n|c|\u2606ezwz|gg\n|l| metroid90\n|inactive|ezwz has 10 seconds left.\n|\n|t:|1599354507\n|move|p1a: Volcarona|Giga Drain|p2a: Tyranitar\n|-supereffective|p2a: Tyranitar\n|-damage|p2a: Tyranitar|42\/100\n|-heal|p1a: Volcarona|100\/100|[from] drain|[of] p2a: Tyranitar\n|move|p2a: Tyranitar|Rock Blast|p1a: Volcarona\n|-supereffective|p1a: Volcarona\n|-damage|p1a: Volcarona|34\/100\n|-supereffective|p1a: Volcarona\n|-damage|p1a: Volcarona|0 fnt\n|-hitcount|p1a: Volcarona|2\n|faint|p1a: Volcarona\n|\n|-weather|Sandstorm|[upkeep]\n|-heal|p2a: Tyranitar|48\/100|[from] item: Leftovers\n|upkeep\n|l| BaldNick\n|c|\u2606Ox the Fox|gg\n|\n|t:|1599354511\n|switch|p1a: Comfey|Comfey, F|100\/100\n|-damage|p1a: Comfey|88\/100|[from] Stealth Rock\n|turn|22\n|\n|t:|1599354513\n|move|p1a: Comfey|Draining Kiss|p2a: Tyranitar\n|-supereffective|p2a: Tyranitar\n|-damage|p2a: Tyranitar|36\/100\n|-heal|p1a: Comfey|99\/100|[from] drain|[of] p2a: Tyranitar\n|move|p2a: Tyranitar|Thunder Wave|p1a: Comfey\n|-status|p1a: Comfey|par\n|\n|-weather|Sandstorm|[upkeep]\n|-damage|p1a: Comfey|94\/100 par|[from] Sandstorm\n|-heal|p2a: Tyranitar|43\/100|[from] item: Leftovers\n|-heal|p1a: Comfey|99\/100 par|[from] item: Leftovers\n|upkeep\n|turn|23\n|inactive|ezwz has 10 seconds left.\n|c|\u2606ezwz|comfey will win\n|\n|t:|1599354521\n|switch|p2a: Excadrill|Excadrill, M|50\/100\n|move|p1a: Comfey|Draining Kiss|p2a: Excadrill\n|-resisted|p2a: Excadrill\n|-damage|p2a: Excadrill|40\/100\n|-heal|p1a: Comfey|100\/100 par|[from] drain|[of] p2a: Excadrill\n|\n|-weather|Sandstorm|[upkeep]\n|-damage|p1a: Comfey|94\/100 par|[from] Sandstorm\n|-heal|p2a: Excadrill|46\/100|[from] item: Leftovers\n|-heal|p1a: Comfey|100\/100 par|[from] item: Leftovers\n|upkeep\n|turn|24\n|j| TheNewBrends11@!\n|\n|t:|1599354525\n|move|p1a: Comfey|Draining Kiss|p2a: Excadrill\n|-resisted|p2a: Excadrill\n|-damage|p2a: Excadrill|36\/100\n|move|p2a: Excadrill|Rock Slide|p1a: Comfey\n|-damage|p1a: Comfey|72\/100 par\n|\n|-weather|none\n|-heal|p2a: Excadrill|42\/100|[from] item: Leftovers\n|-heal|p1a: Comfey|78\/100 par|[from] item: Leftovers\n|upkeep\n|turn|25\n|\n|t:|1599354529\n|move|p2a: Excadrill|Iron Head|p1a: Comfey\n|-supereffective|p1a: Comfey\n|-damage|p1a: Comfey|0 fnt\n|faint|p1a: Comfey\n|\n|win|Ox the Fox\n|l| HeckinShibes\n|l| zbajd\n","uploadtime":1599354530,"views":249,"p1id":"ezwz","p2id":"oxthefox","formatid":"gen8oublitz","rating":0,"private":0,"password":null}