{"id":"gen8unratedrandombattle-1675448001","p1":"Spectre Ace","p2":"Edd1Av","format":"gen8unratedrandombattle","log":"|j|\u2606Spectre Ace\n|j|\u2606Edd1Av\n|t:|1664677673\n|gametype|singles\n|player|p1|Spectre Ace|juggler|\n|player|p2|Edd1Av|102|\n|teamsize|p1|6\n|teamsize|p2|6\n|gen|8\n|tier|[Gen 8] Unrated Random Battle\n|rule|Species Clause: Limit one of each Pok\u00e9mon\n|rule|HP Percentage Mod: HP is shown in percentages\n|rule|Sleep Clause Mod: Limit one foe put to sleep\n|\n|t:|1664677673\n|start\n|switch|p1a: Claydol|Claydol, L86|243\/243\n|switch|p2a: Cradily|Cradily, L86, F|288\/288\n|turn|1\n|\n|t:|1664677685\n|move|p1a: Claydol|Toxic|p2a: Cradily\n|-status|p2a: Cradily|tox\n|move|p2a: Cradily|Swords Dance|p2a: Cradily\n|-boost|p2a: Cradily|atk|2\n|\n|-damage|p2a: Cradily|270\/288 tox|[from] psn\n|upkeep\n|turn|2\n|\n|t:|1664677695\n|switch|p1a: Crobat|Crobat, L82, F|274\/274\n|move|p2a: Cradily|Power Whip|p1a: Crobat\n|-resisted|p1a: Crobat\n|-damage|p1a: Crobat|210\/274\n|\n|-heal|p2a: Cradily|288\/288 tox|[from] item: Leftovers\n|-damage|p2a: Cradily|252\/288 tox|[from] psn\n|upkeep\n|turn|3\n|\n|t:|1664677704\n|switch|p1a: Claydol|Claydol, L86|243\/243\n|move|p2a: Cradily|Stone Edge|p1a: Claydol|[miss]\n|-miss|p2a: Cradily|p1a: Claydol\n|\n|-heal|p2a: Cradily|270\/288 tox|[from] item: Leftovers\n|-damage|p2a: Cradily|216\/288 tox|[from] psn\n|upkeep\n|turn|4\n|\n|t:|1664677733\n|switch|p1a: Crobat|Crobat, L82, F|210\/274\n|switch|p2a: Kartana|Kartana, L74|209\/209\n|\n|upkeep\n|turn|5\n|\n|t:|1664677753\n|move|p1a: Crobat|Taunt|p2a: Kartana\n|-start|p2a: Kartana|move: Taunt\n|move|p2a: Kartana|Knock Off|p1a: Crobat\n|-damage|p1a: Crobat|51\/274\n|-enditem|p1a: Crobat|Heavy-Duty Boots|[from] move: Knock Off|[of] p2a: Kartana\n|\n|upkeep\n|turn|6\n|\n|t:|1664677760\n|move|p1a: Crobat|Brave Bird|p2a: Kartana\n|-damage|p2a: Kartana|109\/209\n|-damage|p1a: Crobat|18\/274|[from] Recoil\n|move|p2a: Kartana|Knock Off|p1a: Crobat\n|-damage|p1a: Crobat|0 fnt\n|faint|p1a: Crobat\n|-ability|p2a: Kartana|Beast Boost|boost\n|-boost|p2a: Kartana|atk|1\n|\n|upkeep\n|\n|t:|1664677783\n|switch|p1a: Silvally|Silvally-Flying, L84|297\/297\n|turn|7\n|\n|t:|1664677788\n|move|p1a: Silvally|Flame Charge|p2a: Kartana\n|-supereffective|p2a: Kartana\n|-damage|p2a: Kartana|0 fnt\n|-boost|p1a: Silvally|spe|1\n|faint|p2a: Kartana\n|\n|upkeep\n|\n|t:|1664677811\n|switch|p2a: Cradily|Cradily, L86, F|216\/288 tox\n|turn|8\n|\n|t:|1664677819\n|move|p1a: Silvally|Swords Dance|p1a: Silvally\n|-boost|p1a: Silvally|atk|2\n|move|p2a: Cradily|Stone Edge|p1a: Silvally\n|-supereffective|p1a: Silvally\n|-damage|p1a: Silvally|129\/297\n|\n|-heal|p2a: Cradily|234\/288 tox|[from] item: Leftovers\n|-damage|p2a: Cradily|216\/288 tox|[from] psn\n|upkeep\n|turn|9\n|\n|t:|1664677830\n|move|p1a: Silvally|Multi-Attack|p2a: Cradily\n|-damage|p2a: Cradily|0 fnt\n|faint|p2a: Cradily\n|\n|upkeep\n|\n|t:|1664677880\n|switch|p2a: Moltres|Moltres, L80|275\/275\n|turn|10\n|\n|t:|1664677897\n|-start|p2a: Moltres|Dynamax|\n|-heal|p2a: Moltres|550\/550|[silent]\n|move|p1a: Silvally|Rock Slide|p2a: Moltres\n|-supereffective|p2a: Moltres\n|-damage|p2a: Moltres|134\/550\n|move|p2a: Moltres|Max Airstream|p1a: Silvally\n|-damage|p1a: Silvally|0 fnt\n|-boost|p2a: Moltres|spe|1\n|faint|p1a: Silvally\n|\n|upkeep\n|\n|t:|1664677911\n|switch|p1a: Claydol|Claydol, L86|243\/243\n|turn|11\n|\n|t:|1664677915\n|move|p2a: Moltres|Max Flare|p1a: Claydol\n|-damage|p1a: Claydol|107\/243\n|-weather|SunnyDay\n|move|p1a: Claydol|Toxic|p2a: Moltres\n|-status|p2a: Moltres|tox\n|\n|-weather|SunnyDay|[upkeep]\n|-heal|p1a: Claydol|122\/243|[from] item: Leftovers\n|-damage|p2a: Moltres|117\/550 tox|[from] psn\n|upkeep\n|turn|12\n|\n|t:|1664677944\n|move|p2a: Moltres|Max Flare|p1a: Claydol\n|-damage|p1a: Claydol|0 fnt\n|faint|p1a: Claydol\n|\n|-weather|SunnyDay|[upkeep]\n|-damage|p2a: Moltres|83\/550 tox|[from] psn\n|upkeep\n|\n|t:|1664677948\n|switch|p1a: Hydreigon|Hydreigon, L80, F|278\/278\n|-end|p2a: Moltres|Dynamax\n|-heal|p2a: Moltres|42\/275 tox|[silent]\n|turn|13\n|\n|t:|1664677962\n|move|p2a: Moltres|Air Slash|p1a: Hydreigon\n|-damage|p1a: Hydreigon|182\/278\n|move|p1a: Hydreigon|Nasty Plot|p1a: Hydreigon\n|-boost|p1a: Hydreigon|spa|2\n|\n|-weather|SunnyDay|[upkeep]\n|-heal|p1a: Hydreigon|199\/278|[from] item: Leftovers\n|-damage|p2a: Moltres|0 fnt|[from] psn\n|faint|p2a: Moltres\n|upkeep\n|\n|t:|1664677971\n|switch|p2a: Sylveon|Sylveon, L84, M|297\/297\n|turn|14\n|\n|t:|1664677984\n|switch|p1a: Gardevoir|Gardevoir, L82, M|246\/246\n|-ability|p1a: Gardevoir|Pixilate|[from] ability: Trace|[of] p2a: Sylveon\n|move|p2a: Sylveon|Hyper Voice|p1a: Gardevoir\n|-damage|p1a: Gardevoir|147\/246\n|\n|-weather|SunnyDay|[upkeep]\n|upkeep\n|turn|15\n|\n|t:|1664677994\n|move|p1a: Gardevoir|Calm Mind|p1a: Gardevoir\n|-boost|p1a: Gardevoir|spa|1\n|-boost|p1a: Gardevoir|spd|1\n|move|p2a: Sylveon|Calm Mind|p2a: Sylveon\n|-boost|p2a: Sylveon|spa|1\n|-boost|p2a: Sylveon|spd|1\n|\n|-weather|none\n|upkeep\n|turn|16\n|\n|t:|1664678003\n|move|p1a: Gardevoir|Calm Mind|p1a: Gardevoir\n|-boost|p1a: Gardevoir|spa|1\n|-boost|p1a: Gardevoir|spd|1\n|move|p2a: Sylveon|Hyper Voice|p1a: Gardevoir\n|-damage|p1a: Gardevoir|68\/246\n|\n|upkeep\n|turn|17\n|\n|t:|1664678010\n|move|p1a: Gardevoir|Psyshock|p2a: Sylveon\n|-damage|p2a: Sylveon|0 fnt\n|faint|p2a: Sylveon\n|-damage|p1a: Gardevoir|44\/246|[from] item: Life Orb\n|\n|upkeep\n|\n|t:|1664678022\n|switch|p2a: Dunsparce|Dunsparce, L90, M|326\/326\n|turn|18\n|\n|t:|1664678032\n|move|p1a: Gardevoir|Psyshock|p2a: Dunsparce\n|-damage|p2a: Dunsparce|52\/326\n|-damage|p1a: Gardevoir|20\/246|[from] item: Life Orb\n|move|p2a: Dunsparce|Body Slam|p1a: Gardevoir\n|-damage|p1a: Gardevoir|0 fnt\n|faint|p1a: Gardevoir\n|\n|-heal|p2a: Dunsparce|72\/326|[from] item: Leftovers\n|upkeep\n|\n|t:|1664678034\n|switch|p1a: Weavile|Weavile, L79, M|239\/239\n|turn|19\n|\n|t:|1664678043\n|move|p1a: Weavile|Knock Off|p2a: Dunsparce\n|-crit|p2a: Dunsparce\n|-damage|p2a: Dunsparce|0 fnt\n|-enditem|p2a: Dunsparce|Leftovers|[from] move: Knock Off|[of] p1a: Weavile\n|faint|p2a: Dunsparce\n|\n|upkeep\n|\n|t:|1664678050\n|switch|p2a: Frosmoth|Frosmoth, L82, F|249\/249\n|turn|20\n|\n|t:|1664678064\n|move|p1a: Weavile|Knock Off|p2a: Frosmoth\n|-damage|p2a: Frosmoth|48\/249\n|-enditem|p2a: Frosmoth|Heavy-Duty Boots|[from] move: Knock Off|[of] p1a: Weavile\n|move|p2a: Frosmoth|Quiver Dance|p2a: Frosmoth\n|-boost|p2a: Frosmoth|spa|1\n|-boost|p2a: Frosmoth|spd|1\n|-boost|p2a: Frosmoth|spe|1\n|\n|upkeep\n|turn|21\n|\n|t:|1664678074\n|-start|p1a: Weavile|Dynamax|\n|-heal|p1a: Weavile|478\/478|[silent]\n|move|p1a: Weavile|Max Darkness|p2a: Frosmoth\n|-damage|p2a: Frosmoth|0 fnt\n|faint|p2a: Frosmoth\n|\n|win|Spectre Ace\n|l|\u2606Edd1Av\n","inputlog":">version ada2e1bce654ffdfc9a93da4ff105a49d2af2ffc\n>start {\"formatid\":\"gen8unratedrandombattle\",\"seed\":[47559,51698,27082,26730]}\n>player p1 {\"name\":\"Spectre Ace\",\"avatar\":\"juggler\",\"rating\":0,\"seed\":[37853,6387,20210,32058]}\n>player p2 {\"name\":\"Edd1Av\",\"avatar\":\"102\",\"rating\":0,\"seed\":[33752,8967,21873,59997]}\n>p1 move toxic\n>p2 move swordsdance\n>p1 switch 5\n>p2 move powerwhip\n>p1 switch 5\n>p2 move stoneedge\n>p1 switch 5\n>p2 switch 2\n>p1 move taunt\n>p2 move knockoff\n>p1 move bravebird\n>p2 move knockoff\n>p1 switch 6\n>p1 move flamecharge\n>p2 move knockoff\n>p2 switch 2\n>p1 move swordsdance\n>p2 move stoneedge\n>p1 move multiattack\n>p2 move stoneedge\n>p2 switch 3\n>p1 move rockslide\n>p2 move airslash dynamax\n>p1 switch 5\n>p1 move toxic\n>p2 move fireblast dynamax\n>p1 move earthquake\n>p2 move fireblast dynamax\n>p1 switch 3\n>p1 move nastyplot\n>p2 move airslash\n>p2 switch 6\n>p1 switch 2\n>p2 move hypervoice\n>p1 move calmmind\n>p2 move calmmind\n>p1 move calmmind\n>p2 move hypervoice\n>p1 move psyshock\n>p2 move hypervoice\n>p2 switch 5\n>p1 move psyshock\n>p2 move bodyslam\n>p1 switch 4\n>p1 move knockoff\n>p2 move bodyslam\n>p2 switch 4\n>p1 move knockoff\n>p2 move quiverdance\n>p1 move knockoff dynamax\n>p2 move gigadrain","uploadtime":1664678089,"views":7,"p1id":"spectreace","p2id":"edd1av","formatid":"gen8unratedrandombattle","rating":0,"private":0,"password":null}