{"id":"gen8ou-1354213912","p1":"Del chef","p2":"im tofa","format":"gen8ou","log":"|j|\u2606Del chef\n|j|\u2606im tofa\n|t:|1623004626\n|gametype|singles\n|player|p1|Del chef|bugcatcher-gen1|1588\n|player|p2|im tofa|battlegirl-gen4|1634\n|teamsize|p1|6\n|teamsize|p2|6\n|gen|8\n|tier|[Gen 8] OU\n|rated|\n|rule|Sleep Clause Mod: Limit one foe put to sleep\n|rule|Species Clause: Limit one of each Pok\u00e9mon\n|rule|OHKO Clause: OHKO moves are banned\n|rule|Evasion Moves Clause: Evasion moves are banned\n|rule|Endless Battle Clause: Forcing endless battles is banned\n|rule|HP Percentage Mod: HP is shown in percentages\n|rule|Dynamax Clause: You cannot dynamax\n|clearpoke\n|poke|p1|Aegislash, F|\n|poke|p1|Corviknight, F|\n|poke|p1|Amoonguss, F|\n|poke|p1|Lycanroc-Dusk, M|\n|poke|p1|Clefable, F|\n|poke|p1|Blissey, F|\n|poke|p2|Lucario, M|\n|poke|p2|Landorus-Therian, M|\n|poke|p2|Dragonite, F|\n|poke|p2|Ferrothorn, M|\n|poke|p2|Scizor, M|\n|poke|p2|Moltres|\n|teampreview\n|\n|t:|1623004657\n|start\n|switch|p1a: Clefable|Clefable, F, shiny|100\/100\n|switch|p2a: Landorus|Landorus-Therian, M|100\/100\n|-ability|p2a: Landorus|Intimidate|boost\n|-unboost|p1a: Clefable|atk|1\n|turn|1\n|\n|t:|1623004705\n|move|p2a: Landorus|Stealth Rock|p1a: Clefable\n|-sidestart|p1: Del chef|move: Stealth Rock\n|move|p1a: Clefable|Moonblast|p2a: Landorus\n|-damage|p2a: Landorus|55\/100\n|\n|-heal|p2a: Landorus|61\/100|[from] item: Leftovers\n|upkeep\n|turn|2\n|inactive|Battle timer is ON: inactive players will automatically lose when time's up. (requested by Del chef)\n|\n|t:|1623004751\n|move|p2a: Landorus|U-turn|p1a: Clefable\n|-resisted|p1a: Clefable\n|-damage|p1a: Clefable|92\/100\n|\n|t:|1623004755\n|switch|p2a: Moltres|Moltres|100\/100|[from]move: U-turn\n|move|p1a: Clefable|Moonblast|p2a: Moltres\n|-resisted|p2a: Moltres\n|-damage|p2a: Moltres|86\/100\n|\n|upkeep\n|turn|3\n|\n|t:|1623004767\n|move|p2a: Moltres|Mystical Fire|p1a: Clefable\n|-damage|p1a: Clefable|62\/100\n|-unboost|p1a: Clefable|spa|1\n|move|p1a: Clefable|Calm Mind|p1a: Clefable\n|-boost|p1a: Clefable|spa|1\n|-boost|p1a: Clefable|spd|1\n|\n|upkeep\n|turn|4\n|\n|t:|1623004791\n|switch|p2a: Lucario|Lucario, M|100\/100\n|move|p1a: Clefable|Soft-Boiled|p1a: Clefable\n|-heal|p1a: Clefable|100\/100\n|\n|upkeep\n|turn|5\n|\n|t:|1623004801\n|switch|p1a: Corviknight|Corviknight, F, shiny|100\/100\n|-damage|p1a: Corviknight|88\/100|[from] Stealth Rock\n|-ability|p1a: Corviknight|Pressure\n|move|p2a: Lucario|Flash Cannon|p1a: Corviknight\n|-resisted|p1a: Corviknight\n|-damage|p1a: Corviknight|68\/100\n|\n|upkeep\n|turn|6\n|inactive|im tofa has 120 seconds left.\n|\n|t:|1623004841\n|move|p2a: Lucario|Nasty Plot|p2a: Lucario\n|-boost|p2a: Lucario|spa|2\n|move|p1a: Corviknight|Defog|p2a: Lucario\n|-unboost|p2a: Lucario|evasion|1\n|-sideend|p1: Del chef|Stealth Rock|[from] move: Defog|[of] p1a: Corviknight\n|\n|upkeep\n|turn|7\n|\n|t:|1623004851\n|switch|p1a: Aegislash|Aegislash, F, shiny|100\/100\n|move|p2a: Lucario|Flash Cannon|p1a: Aegislash\n|-resisted|p1a: Aegislash\n|-damage|p1a: Aegislash|77\/100\n|\n|-heal|p1a: Aegislash|84\/100|[from] item: Leftovers\n|upkeep\n|turn|8\n|inactive|im tofa has 120 seconds left.\n|\n|t:|1623004862\n|switch|p2a: Scizor|Scizor, M|100\/100\n|move|p1a: Aegislash|Substitute|p1a: Aegislash\n|-start|p1a: Aegislash|Substitute\n|-damage|p1a: Aegislash|59\/100\n|\n|-heal|p1a: Aegislash|65\/100|[from] item: Leftovers\n|upkeep\n|turn|9\n|\n|t:|1623004866\n|move|p1a: Aegislash|King's Shield|p1a: Aegislash\n|-singleturn|p1a: Aegislash|Protect\n|move|p2a: Scizor|Knock Off|p1a: Aegislash\n|-activate|p1a: Aegislash|move: Protect\n|-unboost|p2a: Scizor|atk|1\n|\n|-heal|p1a: Aegislash|71\/100|[from] item: Leftovers\n|upkeep\n|turn|10\n|\n|t:|1623004869\n|move|p2a: Scizor|Knock Off|p1a: Aegislash\n|-supereffective|p1a: Aegislash\n|-end|p1a: Aegislash|Substitute\n|-formechange|p1a: Aegislash|Aegislash-Blade||[from] ability: Stance Change\n|move|p1a: Aegislash|Shadow Ball|p2a: Scizor\n|-damage|p2a: Scizor|72\/100\n|\n|-heal|p1a: Aegislash|77\/100|[from] item: Leftovers\n|upkeep\n|turn|11\n|\n|t:|1623004877\n|switch|p1a: Amoonguss|Amoonguss, F, shiny|100\/100\n|move|p2a: Scizor|Roost|p2a: Scizor\n|-heal|p2a: Scizor|100\/100\n|-singleturn|p2a: Scizor|move: Roost\n|\n|upkeep\n|turn|12\n|\n|t:|1623004884\n|switch|p1a: Clefable|Clefable, F, shiny|100\/100\n|move|p2a: Scizor|U-turn|p1a: Clefable\n|-resisted|p1a: Clefable\n|-damage|p1a: Clefable|92\/100\n|inactive|im tofa has 120 seconds left.\n|\n|t:|1623004940\n|switch|p2a: Lucario|Lucario, M|100\/100|[from]move: U-turn\n|\n|upkeep\n|turn|13\n|inactive|Del chef has 120 seconds left.\n|\n|t:|1623004994\n|switch|p1a: Corviknight|Corviknight, F, shiny|68\/100\n|-ability|p1a: Corviknight|Pressure\n|move|p2a: Lucario|Flash Cannon|p1a: Corviknight\n|-resisted|p1a: Corviknight\n|-damage|p1a: Corviknight|48\/100\n|\n|upkeep\n|turn|14\n|\n|t:|1623005002\n|move|p2a: Lucario|Focus Blast|p1a: Corviknight\n|-damage|p1a: Corviknight|0 fnt\n|faint|p1a: Corviknight\n|\n|upkeep\n|\n|t:|1623005009\n|switch|p1a: Lycanroc|Lycanroc-Dusk, M, shiny|100\/100\n|turn|15\n|inactive|im tofa has 120 seconds left.\n|\n|t:|1623005017\n|switch|p2a: Landorus|Landorus-Therian, M|61\/100\n|-ability|p2a: Landorus|Intimidate|boost\n|-unboost|p1a: Lycanroc|atk|1\n|move|p1a: Lycanroc|Swords Dance|p1a: Lycanroc\n|-boost|p1a: Lycanroc|atk|2\n|\n|-heal|p2a: Landorus|67\/100|[from] item: Leftovers\n|upkeep\n|turn|16\n|inactive|im tofa has 120 seconds left.\n|\n|t:|1623005054\n|move|p1a: Lycanroc|Accelerock|p2a: Landorus\n|-damage|p2a: Landorus|37\/100\n|move|p2a: Landorus|U-turn|p1a: Lycanroc\n|-damage|p1a: Lycanroc|62\/100\n|\n|t:|1623005059\n|switch|p2a: Scizor|Scizor, M|100\/100|[from]move: U-turn\n|\n|upkeep\n|turn|17\n|\n|t:|1623005065\n|switch|p1a: Amoonguss|Amoonguss, F, shiny|100\/100\n|move|p2a: Scizor|Knock Off|p1a: Amoonguss\n|-damage|p1a: Amoonguss|80\/100\n|-enditem|p1a: Amoonguss|Black Sludge|[from] move: Knock Off|[of] p2a: Scizor\n|\n|upkeep\n|turn|18\n|\n|t:|1623005070\n|move|p2a: Scizor|U-turn|p1a: Amoonguss\n|-damage|p1a: Amoonguss|56\/100\n|\n|t:|1623005074\n|switch|p2a: Ferrothorn|Ferrothorn, M|100\/100|[from]move: U-turn\n|move|p1a: Amoonguss|Foul Play|p2a: Ferrothorn\n|-damage|p2a: Ferrothorn|86\/100\n|-damage|p1a: Amoonguss|44\/100|[from] ability: Iron Barbs|[of] p2a: Ferrothorn\n|\n|-heal|p2a: Ferrothorn|92\/100|[from] item: Leftovers\n|upkeep\n|turn|19\n|inactive|im tofa has 120 seconds left.\n|\n|t:|1623005082\n|switch|p1a: Clefable|Clefable, F, shiny|92\/100\n|move|p2a: Ferrothorn|Knock Off|p1a: Clefable\n|-resisted|p1a: Clefable\n|-damage|p1a: Clefable|85\/100\n|-enditem|p1a: Clefable|Life Orb|[from] move: Knock Off|[of] p2a: Ferrothorn\n|\n|-heal|p2a: Ferrothorn|98\/100|[from] item: Leftovers\n|upkeep\n|turn|20\n|inactive|im tofa has 120 seconds left.\n|\n|t:|1623005095\n|switch|p2a: Lucario|Lucario, M|100\/100\n|move|p1a: Clefable|Flamethrower|p2a: Lucario\n|-supereffective|p2a: Lucario\n|-damage|p2a: Lucario|35\/100\n|-status|p2a: Lucario|brn\n|\n|-heal|p2a: Lucario|41\/100 brn|[from] item: Leftovers\n|-damage|p2a: Lucario|35\/100 brn|[from] brn\n|upkeep\n|turn|21\n|\n|t:|1623005101\n|move|p2a: Lucario|Flash Cannon|p1a: Clefable\n|-supereffective|p1a: Clefable\n|-damage|p1a: Clefable|5\/100\n|move|p1a: Clefable|Flamethrower|p2a: Lucario\n|-supereffective|p2a: Lucario\n|-damage|p2a: Lucario|0 fnt\n|faint|p2a: Lucario\n|\n|upkeep\n|\n|t:|1623005110\n|switch|p2a: Landorus|Landorus-Therian, M|37\/100\n|-ability|p2a: Landorus|Intimidate|boost\n|-unboost|p1a: Clefable|atk|1\n|turn|22\n|\n|t:|1623005115\n|switch|p1a: Amoonguss|Amoonguss, F, shiny|77\/100\n|move|p2a: Landorus|Earthquake|p1a: Amoonguss\n|-damage|p1a: Amoonguss|39\/100\n|\n|-heal|p2a: Landorus|43\/100|[from] item: Leftovers\n|upkeep\n|turn|23\n|\n|t:|1623005128\n|move|p2a: Landorus|U-turn|p1a: Amoonguss\n|-damage|p1a: Amoonguss|21\/100\n|\n|t:|1623005130\n|switch|p2a: Ferrothorn|Ferrothorn, M|98\/100|[from]move: U-turn\n|move|p1a: Amoonguss|Spore|p2a: Ferrothorn\n|-immune|p2a: Ferrothorn\n|\n|-heal|p2a: Ferrothorn|100\/100|[from] item: Leftovers\n|upkeep\n|turn|24\n|\n|t:|1623005136\n|switch|p1a: Blissey|Blissey, F, shiny|100\/100\n|move|p2a: Ferrothorn|Knock Off|p1a: Blissey\n|-damage|p1a: Blissey|81\/100\n|-enditem|p1a: Blissey|Heavy-Duty Boots|[from] move: Knock Off|[of] p2a: Ferrothorn\n|\n|upkeep\n|turn|25\n|\n|t:|1623005143\n|switch|p2a: Landorus|Landorus-Therian, M|43\/100\n|-ability|p2a: Landorus|Intimidate|boost\n|-unboost|p1a: Blissey|atk|1\n|move|p1a: Blissey|Teleport|p1a: Blissey\n|\n|t:|1623005147\n|switch|p1a: Amoonguss|Amoonguss, F, shiny|54\/100|[from]move: Teleport\n|\n|-heal|p2a: Landorus|49\/100|[from] item: Leftovers\n|upkeep\n|turn|26\n|\n|t:|1623005153\n|move|p2a: Landorus|U-turn|p1a: Amoonguss\n|-damage|p1a: Amoonguss|36\/100\n|\n|t:|1623005163\n|switch|p2a: Ferrothorn|Ferrothorn, M|100\/100|[from]move: U-turn\n|move|p1a: Amoonguss|Spore|p2a: Ferrothorn\n|-immune|p2a: Ferrothorn\n|\n|upkeep\n|turn|27\n|\n|t:|1623005178\n|switch|p1a: Blissey|Blissey, F, shiny|81\/100\n|move|p2a: Ferrothorn|Spikes|p1a: Blissey\n|-sidestart|p1: Del chef|Spikes\n|\n|upkeep\n|turn|28\n|inactive|Del chef has 120 seconds left.\n|inactive|im tofa has 120 seconds left.\n|\n|t:|1623005227\n|switch|p2a: Scizor|Scizor, M|100\/100\n|move|p1a: Blissey|Seismic Toss|p2a: Scizor\n|-damage|p2a: Scizor|71\/100\n|\n|upkeep\n|turn|29\n|inactive|Del chef has 120 seconds left.\n|\n|t:|1623005233\n|switch|p1a: Amoonguss|Amoonguss, F, shiny|69\/100\n|-damage|p1a: Amoonguss|57\/100|[from] Spikes\n|move|p2a: Scizor|U-turn|p1a: Amoonguss\n|-damage|p1a: Amoonguss|31\/100\n|\n|t:|1623005239\n|switch|p2a: Landorus|Landorus-Therian, M|49\/100|[from]move: U-turn\n|-ability|p2a: Landorus|Intimidate|boost\n|-unboost|p1a: Amoonguss|atk|1\n|\n|-heal|p2a: Landorus|55\/100|[from] item: Leftovers\n|upkeep\n|turn|30\n|\n|t:|1623005246\n|move|p2a: Landorus|Earthquake|p1a: Amoonguss\n|-damage|p1a: Amoonguss|0 fnt\n|faint|p1a: Amoonguss\n|\n|-heal|p2a: Landorus|61\/100|[from] item: Leftovers\n|upkeep\n|-message|Del chef forfeited.\n|\n|win|im tofa\n|raw|Del chef's rating: 1588 &rarr; <strong>1571<\/strong><br \/>(-17 for losing)\n|raw|im tofa's rating: 1634 &rarr; <strong>1651<\/strong><br \/>(+17 for winning)\n|l|\u2606Del chef\n","uploadtime":1623005261,"views":11,"p1id":"delchef","p2id":"imtofa","formatid":"gen8ou","rating":1571,"private":0,"password":null}