{"id":"gen8ou-1647694361","p1":"NFGraves","p2":"A3720","format":"gen8ou","log":"|j|\u2606NFGraves\n|j|\u2606A3720\n|t:|1661405339\n|gametype|singles\n|player|p1|NFGraves|medium-gen2jp|1610\n|player|p2|A3720|1|1565\n|teamsize|p1|6\n|teamsize|p2|6\n|gen|8\n|tier|[Gen 8] OU\n|rated|\n|rule|Sleep Clause Mod: Limit one foe put to sleep\n|rule|Species Clause: Limit one of each Pok\u00e9mon\n|rule|OHKO Clause: OHKO moves are banned\n|rule|Evasion Items Clause: Evasion items are banned\n|rule|Evasion Moves Clause: Evasion moves are banned\n|rule|Endless Battle Clause: Forcing endless battles is banned\n|rule|HP Percentage Mod: HP is shown in percentages\n|rule|Dynamax Clause: You cannot dynamax\n|clearpoke\n|poke|p1|Aegislash, M|\n|poke|p1|Skarmory, F|\n|poke|p1|Kartana|\n|poke|p1|Zeraora|\n|poke|p1|Tornadus-Therian, M|\n|poke|p1|Slowking-Galar, M|\n|poke|p2|Arctovish|\n|poke|p2|Hatterene, F|\n|poke|p2|Pelipper, M|\n|poke|p2|Runerigus, M|\n|poke|p2|Melmetal|\n|poke|p2|Barraskewda, M|\n|teampreview\n|c|\u2606NFGraves|hf\n|\n|t:|1661405349\n|start\n|switch|p1a: Kartana|Kartana|100\/100\n|switch|p2a: Pelipper|Pelipper, M|100\/100\n|-weather|RainDance|[from] ability: Drizzle|[of] p2a: Pelipper\n|turn|1\n|c|\u2606A3720|u2\n|\n|t:|1661405360\n|move|p1a: Kartana|Substitute|p1a: Kartana\n|-start|p1a: Kartana|Substitute\n|-damage|p1a: Kartana|75\/100\n|move|p2a: Pelipper|Hurricane|p1a: Kartana\n|-end|p1a: Kartana|Substitute\n|\n|-weather|RainDance|[upkeep]\n|upkeep\n|turn|2\n|j| BrothaOptions\n|\n|t:|1661405367\n|switch|p1a: Slowking|Slowking-Galar, M|100\/100\n|move|p2a: Pelipper|U-turn|p1a: Slowking\n|-crit|p1a: Slowking\n|-damage|p1a: Slowking|87\/100\n|\n|t:|1661405386\n|switch|p2a: Arctovish|Arctovish|100\/100|[from]move: U-turn\n|\n|-weather|RainDance|[upkeep]\n|upkeep\n|turn|3\n|\n|t:|1661405396\n|move|p2a: Arctovish|Fishious Rend|p1a: Slowking\n|-damage|p1a: Slowking|0 fnt\n|faint|p1a: Slowking\n|\n|-weather|RainDance|[upkeep]\n|upkeep\n|\n|t:|1661405414\n|switch|p1a: Tornadus|Tornadus-Therian, M|100\/100\n|turn|4\n|\n|t:|1661405421\n|switch|p2a: Runerigus|Runerigus, M|100\/100\n|move|p1a: Tornadus|Hurricane|p2a: Runerigus\n|-damage|p2a: Runerigus|65\/100\n|-enditem|p2a: Runerigus|Eject Button\n|\n|t:|1661405424\n|switch|p2a: Hatterene|Hatterene, F|100\/100\n|\n|-weather|RainDance|[upkeep]\n|upkeep\n|turn|5\n|\n|t:|1661405432\n|move|p1a: Tornadus|Nasty Plot|p1a: Tornadus\n|-boost|p1a: Tornadus|spa|2\n|move|p2a: Hatterene|Trick Room|p2a: Hatterene\n|-fieldstart|move: Trick Room|[of] p2a: Hatterene\n|\n|-weather|RainDance|[upkeep]\n|upkeep\n|turn|6\n|\n|t:|1661405434\n|move|p2a: Hatterene|Healing Wish|p2a: Hatterene\n|faint|p2a: Hatterene\n|move|p1a: Tornadus|Hurricane|p2: Hatterene|[notarget]\n|-fail|p1a: Tornadus\n|\n|-weather|RainDance|[upkeep]\n|upkeep\n|\n|t:|1661405438\n|switch|p2a: Arctovish|Arctovish|100\/100\n|turn|7\n|j| Fourthstar\n|\n|t:|1661405444\n|switch|p1a: Skarmory|Skarmory, F|100\/100\n|move|p2a: Arctovish|Fishious Rend|p1a: Skarmory\n|-crit|p1a: Skarmory\n|-ability|p1a: Skarmory|Sturdy\n|-damage|p1a: Skarmory|1\/100\n|-damage|p2a: Arctovish|84\/100|[from] item: Rocky Helmet|[of] p1a: Skarmory\n|\n|-weather|RainDance|[upkeep]\n|upkeep\n|turn|8\n|\n|t:|1661405449\n|move|p2a: Arctovish|Fishious Rend|p1a: Skarmory\n|-damage|p1a: Skarmory|0 fnt\n|-damage|p2a: Arctovish|68\/100|[from] item: Rocky Helmet|[of] p1a: Skarmory\n|faint|p1a: Skarmory\n|\n|-weather|none\n|upkeep\n|\n|t:|1661405453\n|switch|p1a: Aegislash|Aegislash, M|100\/100\n|turn|9\n|\n|t:|1661405455\n|move|p1a: Aegislash|King's Shield|p1a: Aegislash\n|-singleturn|p1a: Aegislash|Protect\n|move|p2a: Arctovish|Fishious Rend|p1a: Aegislash\n|-activate|p1a: Aegislash|move: Protect\n|-unboost|p2a: Arctovish|atk|1\n|\n|-fieldend|move: Trick Room\n|upkeep\n|turn|10\n|\n|t:|1661405464\n|switch|p2a: Pelipper|Pelipper, M|100\/100\n|-weather|RainDance|[from] ability: Drizzle|[of] p2a: Pelipper\n|-formechange|p1a: Aegislash|Aegislash-Blade||[from] ability: Stance Change\n|move|p1a: Aegislash|Close Combat|p2a: Pelipper\n|-resisted|p2a: Pelipper\n|-damage|p2a: Pelipper|73\/100\n|-unboost|p1a: Aegislash|def|1\n|-unboost|p1a: Aegislash|spd|1\n|\n|-weather|RainDance|[upkeep]\n|upkeep\n|turn|11\n|\n|t:|1661405473\n|-formechange|p1a: Aegislash|Aegislash||[from] ability: Stance Change\n|move|p1a: Aegislash|King's Shield|p1a: Aegislash\n|-singleturn|p1a: Aegislash|Protect\n|move|p2a: Pelipper|Scald|p1a: Aegislash\n|-activate|p1a: Aegislash|move: Protect\n|\n|-weather|RainDance|[upkeep]\n|upkeep\n|turn|12\n|\n|t:|1661405478\n|switch|p1a: Zeraora|Zeraora|100\/100\n|move|p2a: Pelipper|Scald|p1a: Zeraora\n|-damage|p1a: Zeraora|35\/100\n|\n|-weather|RainDance|[upkeep]\n|upkeep\n|turn|13\n|\n|t:|1661405496\n|switch|p2a: Runerigus|Runerigus, M|65\/100\n|-heal|p2a: Runerigus|100\/100|[from] move: Healing Wish\n|move|p1a: Zeraora|Volt Switch|p2a: Runerigus\n|-immune|p2a: Runerigus\n|\n|-weather|RainDance|[upkeep]\n|upkeep\n|turn|14\n|\n|t:|1661405515\n|move|p1a: Zeraora|Taunt|p2a: Runerigus\n|-start|p2a: Runerigus|move: Taunt\n|cant|p2a: Runerigus|move: Taunt|Trick Room\n|\n|-weather|RainDance|[upkeep]\n|upkeep\n|turn|15\n|\n|t:|1661405531\n|switch|p2a: Melmetal|Melmetal|100\/100\n|move|p1a: Zeraora|Plasma Fists|p2a: Melmetal\n|-damage|p2a: Melmetal|74\/100\n|-fieldactivate|move: Ion Deluge\n|-hint|Normal-type moves become Electric-type after using Plasma Fists.\n|\n|-weather|RainDance|[upkeep]\n|upkeep\n|turn|16\n|\n|t:|1661405539\n|move|p1a: Zeraora|Volt Switch|p2a: Melmetal\n|-damage|p2a: Melmetal|50\/100\n|\n|t:|1661405543\n|switch|p1a: Aegislash|Aegislash, M|100\/100|[from]move: Volt Switch\n|move|p2a: Melmetal|Double Iron Bash|p1a: Aegislash\n|-resisted|p1a: Aegislash\n|-damage|p1a: Aegislash|75\/100\n|-resisted|p1a: Aegislash\n|-damage|p1a: Aegislash|50\/100\n|-hitcount|p1a: Aegislash|2\n|\n|-weather|RainDance|[upkeep]\n|upkeep\n|turn|17\n|\n|t:|1661405555\n|-formechange|p1a: Aegislash|Aegislash-Blade||[from] ability: Stance Change\n|move|p1a: Aegislash|Close Combat|p2a: Melmetal\n|-supereffective|p2a: Melmetal\n|-damage|p2a: Melmetal|0 fnt\n|-unboost|p1a: Aegislash|def|1\n|-unboost|p1a: Aegislash|spd|1\n|faint|p2a: Melmetal\n|\n|-weather|none\n|upkeep\n|\n|t:|1661405565\n|switch|p2a: Pelipper|Pelipper, M|73\/100\n|-weather|RainDance|[from] ability: Drizzle|[of] p2a: Pelipper\n|turn|18\n|\n|t:|1661405583\n|switch|p1a: Zeraora|Zeraora|35\/100\n|move|p2a: Pelipper|U-turn|p1a: Zeraora\n|-damage|p1a: Zeraora|23\/100\n|\n|t:|1661405591\n|switch|p2a: Barraskewda|Barraskewda, M|100\/100|[from]move: U-turn\n|\n|-weather|RainDance|[upkeep]\n|upkeep\n|turn|19\n|\n|t:|1661405612\n|move|p2a: Barraskewda|Flip Turn|p1a: Zeraora\n|-damage|p1a: Zeraora|0 fnt\n|faint|p1a: Zeraora\n|\n|t:|1661405625\n|switch|p2a: Runerigus|Runerigus, M|100\/100|[from]move: Flip Turn\n|\n|-weather|RainDance|[upkeep]\n|upkeep\n|\n|t:|1661405630\n|switch|p1a: Kartana|Kartana|75\/100\n|turn|20\n|\n|t:|1661405634\n|move|p1a: Kartana|Substitute|p1a: Kartana\n|-start|p1a: Kartana|Substitute\n|-damage|p1a: Kartana|50\/100\n|move|p2a: Runerigus|Trick Room|p2a: Runerigus\n|-fieldstart|move: Trick Room|[of] p2a: Runerigus\n|\n|-weather|RainDance|[upkeep]\n|upkeep\n|turn|21\n|\n|t:|1661405642\n|move|p2a: Runerigus|Earthquake|p1a: Kartana\n|-crit|p1a: Kartana\n|-end|p1a: Kartana|Substitute\n|move|p1a: Kartana|Leaf Blade|p2a: Runerigus\n|-supereffective|p2a: Runerigus\n|-damage|p2a: Runerigus|8\/100\n|-activate|p2a: Runerigus|ability: Wandering Spirit|Beast Boost|Wandering Spirit|[of] p1a: Kartana\n|\n|-weather|RainDance|[upkeep]\n|upkeep\n|turn|22\n|\n|t:|1661405652\n|switch|p1a: Tornadus|Tornadus-Therian, M|100\/100\n|move|p2a: Runerigus|Earthquake|p1a: Tornadus\n|-immune|p1a: Tornadus\n|\n|-weather|RainDance|[upkeep]\n|upkeep\n|turn|23\n|\n|t:|1661405658\n|move|p2a: Runerigus|Memento|p1a: Tornadus\n|-unboost|p1a: Tornadus|atk|2\n|-unboost|p1a: Tornadus|spa|2\n|faint|p2a: Runerigus\n|move|p1a: Tornadus|Psychic|p2: Runerigus|[notarget]\n|-fail|p1a: Tornadus\n|\n|-weather|RainDance|[upkeep]\n|upkeep\n|\n|t:|1661405662\n|switch|p2a: Arctovish|Arctovish|68\/100\n|turn|24\n|\n|t:|1661405681\n|move|p2a: Arctovish|Fishious Rend|p1a: Tornadus\n|-damage|p1a: Tornadus|0 fnt\n|faint|p1a: Tornadus\n|\n|-weather|RainDance|[upkeep]\n|-fieldend|move: Trick Room\n|upkeep\n|\n|t:|1661405687\n|switch|p1a: Kartana|Kartana|50\/100\n|turn|25\n|\n|t:|1661405693\n|move|p1a: Kartana|Leaf Blade|p2a: Arctovish\n|-supereffective|p2a: Arctovish\n|-damage|p2a: Arctovish|0 fnt\n|faint|p2a: Arctovish\n|-ability|p1a: Kartana|Beast Boost|boost\n|-boost|p1a: Kartana|atk|1\n|\n|-weather|none\n|upkeep\n|\n|t:|1661405696\n|switch|p2a: Pelipper|Pelipper, M|73\/100\n|-weather|RainDance|[from] ability: Drizzle|[of] p2a: Pelipper\n|turn|26\n|inactive|Battle timer is ON: inactive players will automatically lose when time's up. (requested by A3720)\n|\n|t:|1661405727\n|switch|p1a: Aegislash|Aegislash, M|50\/100\n|move|p2a: Pelipper|Hurricane|p1a: Aegislash\n|-resisted|p1a: Aegislash\n|-damage|p1a: Aegislash|33\/100\n|-start|p1a: Aegislash|confusion\n|\n|-weather|RainDance|[upkeep]\n|upkeep\n|turn|27\n|\n|t:|1661405731\n|-activate|p1a: Aegislash|confusion\n|move|p1a: Aegislash|Swords Dance|p1a: Aegislash\n|-boost|p1a: Aegislash|atk|2\n|move|p2a: Pelipper|Scald|p1a: Aegislash\n|-damage|p1a: Aegislash|0 fnt\n|faint|p1a: Aegislash\n|\n|-weather|RainDance|[upkeep]\n|upkeep\n|\n|t:|1661405739\n|switch|p1a: Kartana|Kartana|50\/100\n|turn|28\n|c|\u2606A3720|gg\n|\n|t:|1661405743\n|move|p1a: Kartana|Substitute|p1a: Kartana\n|-start|p1a: Kartana|Substitute\n|-damage|p1a: Kartana|25\/100\n|-enditem|p1a: Kartana|Salac Berry|[eat]\n|-boost|p1a: Kartana|spe|1|[from] item: Salac Berry\n|move|p2a: Pelipper|Hurricane|p1a: Kartana\n|-end|p1a: Kartana|Substitute\n|\n|-weather|RainDance|[upkeep]\n|upkeep\n|turn|29\n|\n|t:|1661405750\n|move|p1a: Kartana|Leaf Blade|p2a: Pelipper\n|-crit|p2a: Pelipper\n|-damage|p2a: Pelipper|0 fnt\n|faint|p2a: Pelipper\n|-ability|p1a: Kartana|Beast Boost|boost\n|-boost|p1a: Kartana|atk|1\n|\n|-weather|RainDance|[upkeep]\n|upkeep\n|\n|t:|1661405753\n|switch|p2a: Barraskewda|Barraskewda, M|100\/100\n|turn|30\n|\n|t:|1661405759\n|move|p2a: Barraskewda|Flip Turn|p1a: Kartana\n|-resisted|p1a: Kartana\n|-damage|p1a: Kartana|0 fnt\n|faint|p1a: Kartana\n|\n|win|A3720\n|raw|NFGraves's rating: 1610 &rarr; <strong>1587<\/strong><br \/>(-23 for losing)\n|raw|A3720's rating: 1565 &rarr; <strong>1588<\/strong><br \/>(+23 for winning)\n|c|\u2606NFGraves|gg\n","uploadtime":1661405769,"views":10,"p1id":"nfgraves","p2id":"a3720","formatid":"gen8ou","rating":1587,"private":0,"password":null}