{"id":"gen8ubers-1105565421","p1":"Blue chen","p2":"Pomerodense","format":"gen8ubers","log":"|j|\u2606Blue chen\n|j|\u2606Pomerodense\n|player|p1|Blue chen|clair|1726\n|player|p2|Pomerodense|silver|1546\n|teamsize|p1|6\n|teamsize|p2|6\n|gametype|singles\n|gen|8\n|tier|[Gen 8] Ubers\n|rated|\n|clearpoke\n|poke|p1|Eternatus|\n|poke|p1|Lunala|\n|poke|p1|Torkoal, M|\n|poke|p1|Charizard, M|\n|poke|p1|Necrozma-Dusk-Mane|\n|poke|p1|Zacian-Crowned|\n|poke|p2|Zacian-Crowned|\n|poke|p2|Torkoal, F|\n|poke|p2|Charizard, M|\n|poke|p2|Eternatus|\n|poke|p2|Ditto|\n|poke|p2|Reshiram|\n|rule|Sleep Clause Mod: Limit one foe put to sleep\n|rule|Species Clause: Limit one of each Pok\u00e9mon\n|rule|OHKO Clause: OHKO moves are banned\n|rule|Evasion Moves Clause: Evasion moves are banned\n|rule|Endless Battle Clause: Forcing endless battles is banned\n|rule|HP Percentage Mod: HP is shown in percentages\n|html|Ubers Dynamax Clause: Pok\u00e9mon on the <a href=\"https:\/\/www.smogon.com\/dex\/ss\/formats\/uber\/\">Ubers Dynamax Banlist<\/a> cannot Dynamax.\n|teampreview\n|\n|start\n|switch|p1a: Lunala|Lunala|100\/100\n|switch|p2a: Eternatus|Eternatus|100\/100\n|-ability|p2a: Eternatus|Pressure\n|turn|1\n|\n|switch|p2a: Reshiram|Reshiram|100\/100\n|-ability|p2a: Reshiram|Turboblaze\n|move|p1a: Lunala|Moongeist Beam|p2a: Reshiram\n|-crit|p2a: Reshiram\n|-damage|p2a: Reshiram|45\/100\n|\n|upkeep\n|turn|2\n|\n|move|p1a: Lunala|Moongeist Beam|p2a: Reshiram\n|-damage|p2a: Reshiram|4\/100\n|move|p2a: Reshiram|Roost|p2a: Reshiram\n|-heal|p2a: Reshiram|54\/100\n|-singleturn|p2a: Reshiram|move: Roost\n|\n|upkeep\n|turn|3\n|\n|switch|p1a: Eternatus|Eternatus|100\/100\n|-ability|p1a: Eternatus|Pressure\n|move|p2a: Reshiram|Roost|p2a: Reshiram\n|-heal|p2a: Reshiram|100\/100\n|-singleturn|p2a: Reshiram|move: Roost\n|\n|upkeep\n|turn|4\n|\n|switch|p2a: Torkoal|Torkoal, F|100\/100\n|-weather|SunnyDay|[from] ability: Drought|[of] p2a: Torkoal\n|move|p1a: Eternatus|Substitute|p1a: Eternatus\n|-start|p1a: Eternatus|Substitute\n|-damage|p1a: Eternatus|76\/100\n|\n|-weather|SunnyDay|[upkeep]\n|-heal|p1a: Eternatus|82\/100|[from] item: Black Sludge\n|upkeep\n|turn|5\n|\n|move|p1a: Eternatus|Dynamax Cannon|p2a: Torkoal\n|-damage|p2a: Torkoal|21\/100\n|move|p2a: Torkoal|Explosion|p1a: Eternatus\n|-end|p1a: Eternatus|Substitute\n|faint|p2a: Torkoal\n|\n|-weather|SunnyDay|[upkeep]\n|-heal|p1a: Eternatus|88\/100|[from] item: Black Sludge\n|upkeep\n|\n|switch|p2a: Charizard|Charizard, M|100\/100\n|turn|6\n|\n|switch|p2a: Zacian|Zacian-Crowned|100\/100\n|-ability|p2a: Zacian|Intrepid Sword|boost\n|-boost|p2a: Zacian|atk|1\n|move|p1a: Eternatus|Dynamax Cannon|p2a: Zacian\n|-immune|p2a: Zacian\n|\n|-weather|SunnyDay|[upkeep]\n|-heal|p1a: Eternatus|94\/100|[from] item: Black Sludge\n|upkeep\n|turn|7\n|\n|move|p2a: Zacian|Behemoth Blade|p1a: Eternatus\n|-damage|p1a: Eternatus|20\/100\n|move|p1a: Eternatus|Flamethrower|p2a: Zacian\n|-supereffective|p2a: Zacian\n|-crit|p2a: Zacian\n|-damage|p2a: Zacian|0 fnt\n|faint|p2a: Zacian\n|\n|-weather|SunnyDay|[upkeep]\n|-heal|p1a: Eternatus|26\/100|[from] item: Black Sludge\n|upkeep\n|\n|switch|p2a: Eternatus|Eternatus|100\/100\n|-ability|p2a: Eternatus|Pressure\n|turn|8\n|\n|switch|p1a: Necrozma|Necrozma-Dusk-Mane|100\/100\n|move|p2a: Eternatus|Shadow Ball|p1a: Necrozma\n|-supereffective|p1a: Necrozma\n|-damage|p1a: Necrozma|59\/100\n|\n|-weather|SunnyDay|[upkeep]\n|-heal|p1a: Necrozma|65\/100|[from] item: Leftovers\n|upkeep\n|turn|9\n|\n|move|p2a: Eternatus|Shadow Ball|p1a: Necrozma\n|-supereffective|p1a: Necrozma\n|-damage|p1a: Necrozma|23\/100\n|move|p1a: Necrozma|Thunder Wave|p2a: Eternatus\n|-status|p2a: Eternatus|par\n|\n|-weather|SunnyDay|[upkeep]\n|-heal|p1a: Necrozma|29\/100|[from] item: Leftovers\n|upkeep\n|turn|10\n|\n|move|p2a: Eternatus|Shadow Ball|p1a: Necrozma\n|-supereffective|p1a: Necrozma\n|-damage|p1a: Necrozma|0 fnt\n|faint|p1a: Necrozma\n|\n|-weather|SunnyDay|[upkeep]\n|upkeep\n|\n|switch|p1a: Eternatus|Eternatus|26\/100\n|-ability|p1a: Eternatus|Pressure\n|turn|11\n|\n|move|p1a: Eternatus|Dynamax Cannon|p2a: Eternatus\n|-supereffective|p2a: Eternatus\n|-damage|p2a: Eternatus|7\/100 par\n|move|p2a: Eternatus|Shadow Ball|p1a: Eternatus\n|-damage|p1a: Eternatus|0 fnt\n|faint|p1a: Eternatus\n|\n|-weather|none\n|upkeep\n|\n|switch|p1a: Lunala|Lunala|100\/100\n|turn|12\n|\n|move|p1a: Lunala|Moongeist Beam|p2a: Eternatus\n|-damage|p2a: Eternatus|0 fnt\n|faint|p2a: Eternatus\n|\n|upkeep\n|\n|switch|p2a: Reshiram|Reshiram|100\/100\n|-ability|p2a: Reshiram|Turboblaze\n|turn|13\n|\n|move|p1a: Lunala|Calm Mind|p1a: Lunala\n|-boost|p1a: Lunala|spa|1\n|-boost|p1a: Lunala|spd|1\n|move|p2a: Reshiram|Blue Flare|p1a: Lunala\n|-crit|p1a: Lunala\n|-damage|p1a: Lunala|57\/100\n|\n|upkeep\n|turn|14\n|\n|move|p1a: Lunala|Moongeist Beam|p2a: Reshiram\n|-damage|p2a: Reshiram|43\/100\n|move|p2a: Reshiram|Blue Flare|p1a: Lunala\n|-damage|p1a: Lunala|20\/100\n|-status|p1a: Lunala|brn\n|\n|-damage|p1a: Lunala|14\/100 brn|[from] brn\n|upkeep\n|turn|15\n|\n|move|p1a: Lunala|Moonblast|p2a: Reshiram\n|-damage|p2a: Reshiram|4\/100\n|move|p2a: Reshiram|Dragon Pulse|p1a: Lunala\n|-damage|p1a: Lunala|0 fnt\n|faint|p1a: Lunala\n|\n|upkeep\n|\n|switch|p1a: Charizard|Charizard, M|100\/100\n|turn|16\n|\n|-start|p1a: Charizard|Dynamax\n|-formechange|p1a: Charizard|Charizard-Gmax\n|-heal|p1a: Charizard|100\/100|[silent]\n|move|p1a: Charizard|Max Airstream|p2a: Reshiram\n|-damage|p2a: Reshiram|0 fnt\n|-boost|p1a: Charizard|spe|1\n|faint|p2a: Reshiram\n|\n|upkeep\n|\n|switch|p2a: Ditto|Ditto|100\/100\n|-transform|p2a: Ditto|p1a: Charizard|[from] ability: Imposter\n|turn|17\n|\n|move|p2a: Ditto|Hurricane|p1a: Charizard\n|-damage|p1a: Charizard|67\/100\n|move|p1a: Charizard|Max Airstream|p2a: Ditto\n|-damage|p2a: Ditto|0 fnt\n|-boost|p1a: Charizard|spe|1\n|faint|p2a: Ditto\n|\n|upkeep\n|\n|switch|p2a: Charizard|Charizard, M|100\/100\n|turn|18\n|\n|-start|p2a: Charizard|Dynamax\n|-formechange|p2a: Charizard|Charizard-Gmax\n|-heal|p2a: Charizard|100\/100|[silent]\n|move|p1a: Charizard|Max Airstream|p2a: Charizard\n|-damage|p2a: Charizard|60\/100\n|-boost|p1a: Charizard|spe|1\n|move|p2a: Charizard|Max Airstream|p1a: Charizard\n|-damage|p1a: Charizard|19\/100\n|-boost|p2a: Charizard|spe|1\n|-damage|p2a: Charizard|55\/100|[from] item: Life Orb\n|\n|-end|p1a: Charizard|Dynamax\n|-formechange|p1a: Charizard|Charizard\n|-heal|p1a: Charizard|19\/100|[silent]\n|upkeep\n|turn|19\n|\n|move|p1a: Charizard|Hurricane|p2a: Charizard|[miss]\n|-miss|p1a: Charizard|p2a: Charizard\n|move|p2a: Charizard|Max Airstream|p1a: Charizard\n|-damage|p1a: Charizard|0 fnt\n|-boost|p2a: Charizard|spe|1\n|-damage|p2a: Charizard|50\/100|[from] item: Life Orb\n|faint|p1a: Charizard\n|\n|upkeep\n|\n|switch|p1a: Zacian|Zacian-Crowned|100\/100\n|-ability|p1a: Zacian|Intrepid Sword|boost\n|-boost|p1a: Zacian|atk|1\n|turn|20\n|\n|move|p2a: Charizard|G-Max Wildfire|p1a: Zacian\n|-supereffective|p1a: Zacian\n|-damage|p1a: Zacian|0 fnt\n|-sidestart|p1: Blue chen|G-Max Wildfire\n|-damage|p2a: Charizard|45\/100|[from] item: Life Orb\n|faint|p1a: Zacian\n|\n|-end|p2a: Charizard|Dynamax\n|-formechange|p2a: Charizard|Charizard\n|-heal|p2a: Charizard|45\/100|[silent]\n|upkeep\n|\n|switch|p1a: Torkoal|Torkoal, M|100\/100\n|-weather|SunnyDay|[from] ability: Drought|[of] p1a: Torkoal\n|turn|21\n|\n|move|p2a: Charizard|Air Slash|p1a: Torkoal\n|-damage|p1a: Torkoal|13\/100\n|-damage|p2a: Charizard|36\/100|[from] item: Life Orb\n|move|p1a: Torkoal|Lava Plume|p2a: Charizard\n|-resisted|p2a: Charizard\n|-damage|p2a: Charizard|14\/100\n|\n|-weather|SunnyDay|[upkeep]\n|-damage|p2a: Charizard|1\/100|[from] ability: Solar Power|[of] p2a: Charizard\n|upkeep\n|turn|22\n|\n|move|p2a: Charizard|Dragon Pulse|p1a: Torkoal\n|-damage|p1a: Torkoal|0 fnt\n|-damage|p2a: Charizard|0 fnt|[from] item: Life Orb\n|faint|p1a: Torkoal\n|faint|p2a: Charizard\n|\n|win|Pomerodense\n|l|\u2606Blue chen\n|c|\u2606Pomerodense|gg\n||Ladder (probably) updated, but score could not be retrieved (Response not received).\n","uploadtime":1588174946,"views":22,"p1id":"bluechen","p2id":"pomerodense","formatid":"gen8ubers","rating":0,"private":0,"password":null}