{"id":"gen8nationaldex-1681971786","p1":"matirivero2603","p2":"Darkman64","format":"gen8nationaldex","log":"|j|\u2606matirivero2603\n|j|\u2606Darkman64\n|t:|1665371536\n|gametype|singles\n|player|p1|matirivero2603|giovanni|\n|player|p2|Darkman64|juan|\n|teamsize|p1|6\n|teamsize|p2|6\n|gen|8\n|tier|[Gen 8] National Dex\n|rule|HP Percentage Mod: HP is shown in percentages\n|rule|Endless Battle Clause: Forcing endless battles is banned\n|rule|OHKO Clause: OHKO moves are banned\n|rule|Evasion Moves Clause: Evasion moves are banned\n|rule|Species Clause: Limit one of each Pok\u00e9mon\n|rule|Dynamax Clause: You cannot dynamax\n|rule|Sleep Clause Mod: Limit one foe put to sleep\n|clearpoke\n|poke|p1|Mismagius, M|\n|poke|p1|Swampert, M|\n|poke|p1|Volbeat, M|\n|poke|p1|Vikavolt, F|\n|poke|p1|Lurantis, F|\n|poke|p1|Pachirisu, M|\n|poke|p2|Mismagius, F|\n|poke|p2|Lurantis, F|\n|poke|p2|Pachirisu, F|\n|poke|p2|Swampert, F|\n|poke|p2|Vikavolt, F|\n|poke|p2|Volbeat, M|\n|teampreview\n|\n|t:|1665371542\n|start\n|switch|p1a: Mismagius|Mismagius, M|100\/100\n|switch|p2a: Lurantis|Lurantis, F|100\/100\n|turn|1\n|\n|t:|1665371588\n|switch|p1a: Lurantis|Lurantis, F|100\/100\n|switch|p2a: Pachirisu|Pachirisu, F|100\/100\n|\n|upkeep\n|turn|2\n|\n|t:|1665371643\n|switch|p1a: Swampert|Swampert, M|100\/100\n|move|p2a: Pachirisu|Toxic|p1a: Swampert\n|-status|p1a: Swampert|tox\n|\n|-damage|p1a: Swampert|94\/100 tox|[from] psn\n|upkeep\n|turn|3\n|\n|t:|1665371657\n|move|p2a: Pachirisu|Grass Knot|p1a: Swampert\n|-supereffective|p1a: Swampert\n|-damage|p1a: Swampert|53\/100 tox\n|move|p1a: Swampert|Ice Punch|p2a: Pachirisu\n|-damage|p2a: Pachirisu|44\/100\n|\n|-damage|p1a: Swampert|41\/100 tox|[from] psn\n|upkeep\n|turn|4\n|c|\u2606Darkman64|eso\n|c|\u2606Darkman64|va muy band\n|c|\u2606Darkman64|o 252\n|\n|t:|1665371691\n|switch|p2a: Swampert|Swampert, F|100\/100\n|switch|p1a: Mismagius|Mismagius, M|100\/100\n|\n|upkeep\n|turn|5\n|\n|t:|1665371723\n|move|p2a: Swampert|Protect|p2a: Swampert\n|-singleturn|p2a: Swampert|Protect\n|move|p1a: Mismagius|Substitute|p1a: Mismagius\n|-start|p1a: Mismagius|Substitute\n|-damage|p1a: Mismagius|76\/100\n|\n|upkeep\n|turn|6\n|\n|t:|1665371728\n|move|p1a: Mismagius|Calm Mind|p1a: Mismagius\n|-boost|p1a: Mismagius|spa|1\n|-boost|p1a: Mismagius|spd|1\n|move|p2a: Swampert|Flip Turn|p1a: Mismagius\n|-end|p1a: Mismagius|Substitute\n|\n|t:|1665371732\n|switch|p2a: Mismagius|Mismagius, F|100\/100|[from]move: Flip Turn\n|\n|upkeep\n|turn|7\n|\n|t:|1665371736\n|move|p2a: Mismagius|Shadow Ball|p1a: Mismagius\n|-supereffective|p1a: Mismagius\n|-damage|p1a: Mismagius|6\/100\n|move|p1a: Mismagius|Shadow Ball|p2a: Mismagius\n|-supereffective|p2a: Mismagius\n|-damage|p2a: Mismagius|0 fnt\n|faint|p2a: Mismagius\n|\n|upkeep\n|c|\u2606Darkman64|estoy jodido\n|c|\u2606Darkman64|jaja\n|\n|t:|1665371759\n|switch|p2a: Volbeat|Volbeat, M|100\/100\n|turn|8\n|\n|t:|1665371770\n|switch|p1a: Swampert|Swampert, M|41\/100 tox\n|move|p2a: Volbeat|Bug Buzz|p1a: Swampert\n|-damage|p1a: Swampert|23\/100 tox\n|\n|-damage|p1a: Swampert|17\/100 tox|[from] psn\n|upkeep\n|turn|9\n|\n|t:|1665371796\n|move|p1a: Swampert|Ice Punch|p2a: Volbeat\n|-damage|p2a: Volbeat|58\/100\n|move|p2a: Volbeat|Bug Buzz|p1a: Swampert\n|-damage|p1a: Swampert|0 fnt\n|faint|p1a: Swampert\n|\n|upkeep\n|\n|t:|1665371809\n|switch|p1a: Mismagius|Mismagius, M|6\/100\n|turn|10\n|\n|t:|1665371828\n|move|p1a: Mismagius|Shadow Ball|p2a: Volbeat\n|-damage|p2a: Volbeat|30\/100\n|-unboost|p2a: Volbeat|spd|1\n|move|p2a: Volbeat|Bug Buzz|p1a: Mismagius\n|-resisted|p1a: Mismagius\n|-damage|p1a: Mismagius|0 fnt\n|faint|p1a: Mismagius\n|\n|upkeep\n|c|\u2606matirivero2603|nashe\n|\n|t:|1665371851\n|switch|p1a: Lurantis|Lurantis, F|100\/100\n|turn|11\n|\n|t:|1665371871\n|move|p2a: Volbeat|Bug Buzz|p1a: Lurantis\n|-supereffective|p1a: Lurantis\n|-damage|p1a: Lurantis|81\/100\n|-boost|p1a: Lurantis|spd|1\n|move|p1a: Lurantis|Leaf Storm|p2a: Volbeat\n|-resisted|p2a: Volbeat\n|-damage|p2a: Volbeat|5\/100\n|-boost|p1a: Lurantis|spa|2\n|\n|upkeep\n|turn|12\n|c|\u2606Darkman64|o shit\n|\n|t:|1665371888\n|move|p2a: Volbeat|Encore|p1a: Lurantis\n|-start|p1a: Lurantis|Encore\n|move|p1a: Lurantis|Leaf Storm|p2a: Volbeat\n|-resisted|p2a: Volbeat\n|-damage|p2a: Volbeat|0 fnt\n|-boost|p1a: Lurantis|spa|2\n|faint|p2a: Volbeat\n|\n|upkeep\n|\n|t:|1665371891\n|switch|p2a: Vikavolt|Vikavolt, F|100\/100\n|turn|13\n|\n|t:|1665371895\n|move|p1a: Lurantis|Leaf Storm|p2a: Vikavolt\n|-resisted|p2a: Vikavolt\n|-damage|p2a: Vikavolt|20\/100\n|-boost|p1a: Lurantis|spa|2\n|move|p2a: Vikavolt|Bug Buzz|p1a: Lurantis\n|-supereffective|p1a: Lurantis\n|-damage|p1a: Lurantis|44\/100\n|\n|upkeep\n|turn|14\n|\n|t:|1665371924\n|move|p1a: Lurantis|Leaf Storm|p2a: Vikavolt\n|-resisted|p2a: Vikavolt\n|-damage|p2a: Vikavolt|0 fnt\n|faint|p2a: Vikavolt\n|\n|-end|p1a: Lurantis|Encore\n|upkeep\n|\n|t:|1665371926\n|switch|p2a: Lurantis|Lurantis, F|100\/100\n|turn|15\n|c|\u2606Darkman64|a dios le pido\n|\n|t:|1665371967\n|move|p1a: Lurantis|Signal Beam|p2a: Lurantis\n|-supereffective|p2a: Lurantis\n|-damage|p2a: Lurantis|3\/100\n|move|p2a: Lurantis|Leaf Storm|p1a: Lurantis|[miss]\n|-miss|p2a: Lurantis|p1a: Lurantis\n|\n|-heal|p2a: Lurantis|9\/100|[from] item: Leftovers\n|upkeep\n|turn|16\n|c|\u2606matirivero2603|ta bien\n|c|\u2606Darkman64|buena hax\n|\n|t:|1665371980\n|switch|p2a: Pachirisu|Pachirisu, F|44\/100\n|move|p1a: Lurantis|Superpower|p2a: Pachirisu\n|-damage|p2a: Pachirisu|0 fnt\n|-boost|p1a: Lurantis|atk|1\n|-boost|p1a: Lurantis|def|1\n|faint|p2a: Pachirisu\n|\n|upkeep\n|\n|t:|1665371982\n|switch|p2a: Swampert|Swampert, F|100\/100\n|turn|17\n|c|\u2606matirivero2603|q?\n|c|\u2606matirivero2603|si no quitas nada\n|c|\u2606matirivero2603|de leaf storm\n|c|\u2606matirivero2603|como mucho 3 %\n|c|\u2606matirivero2603|soy av\n|c|\u2606Darkman64|pq?\n|\n|t:|1665371999\n|move|p2a: Swampert|Protect|p2a: Swampert\n|-singleturn|p2a: Swampert|Protect\n|move|p1a: Lurantis|Leaf Storm|p2a: Swampert\n|-activate|p2a: Swampert|move: Protect\n|\n|upkeep\n|turn|18\n|c|\u2606Darkman64|a\n|\n|t:|1665372002\n|switch|p2a: Lurantis|Lurantis, F|9\/100\n|move|p1a: Lurantis|Leaf Storm|p2a: Lurantis\n|-resisted|p2a: Lurantis\n|-damage|p2a: Lurantis|0 fnt\n|faint|p2a: Lurantis\n|\n|upkeep\n|\n|t:|1665372007\n|switch|p2a: Swampert|Swampert, F|100\/100\n|turn|19\n|\n|t:|1665372013\n|move|p2a: Swampert|Earthquake|p1a: Lurantis\n|-resisted|p1a: Lurantis\n|-damage|p1a: Lurantis|29\/100\n|move|p1a: Lurantis|Superpower|p2a: Swampert\n|-damage|p2a: Swampert|74\/100\n|-boost|p1a: Lurantis|atk|1\n|-boost|p1a: Lurantis|def|1\n|\n|-heal|p2a: Swampert|80\/100|[from] item: Leftovers\n|upkeep\n|turn|20\n|\n|t:|1665372017\n|move|p2a: Swampert|Protect|p2a: Swampert\n|-singleturn|p2a: Swampert|Protect\n|move|p1a: Lurantis|Leaf Storm|p2a: Swampert\n|-activate|p2a: Swampert|move: Protect\n|\n|-heal|p2a: Swampert|86\/100|[from] item: Leftovers\n|upkeep\n|turn|21\n|\n|t:|1665372021\n|move|p2a: Swampert|Earthquake|p1a: Lurantis\n|-resisted|p1a: Lurantis\n|-damage|p1a: Lurantis|18\/100\n|move|p1a: Lurantis|Leaf Storm|p2a: Swampert\n|-supereffective|p2a: Swampert\n|-damage|p2a: Swampert|0 fnt\n|faint|p2a: Swampert\n|\n|win|matirivero2603\n","uploadtime":1665372024,"views":16,"p1id":"matirivero2603","p2id":"darkman64","formatid":"gen8nationaldex","rating":0,"private":0,"password":null}