{"id":"gen8nationaldex-1561527488","p1":"Official Poyo","p2":"Alu9204","format":"gen8nationaldex","log":"|j|\u2606Official Poyo\n|j|\u2606Alu9204\n|t:|1650952901\n|gametype|singles\n|player|p1|Official Poyo|veteran|1544\n|player|p2|Alu9204|burglar|1523\n|teamsize|p1|6\n|teamsize|p2|6\n|gen|8\n|tier|[Gen 8] National Dex\n|rated|\n|rule|HP Percentage Mod: HP is shown in percentages\n|rule|Endless Battle Clause: Forcing endless battles is banned\n|rule|OHKO Clause: OHKO moves are banned\n|rule|Evasion Moves Clause: Evasion moves are banned\n|rule|Species Clause: Limit one of each Pok\u00e9mon\n|rule|Dynamax Clause: You cannot dynamax\n|rule|Sleep Clause Mod: Limit one foe put to sleep\n|clearpoke\n|poke|p1|Hydreigon, M|\n|poke|p1|Scizor, F|\n|poke|p1|Landorus-Therian, M|\n|poke|p1|Greninja, M|\n|poke|p1|Heatran, M|\n|poke|p1|Clefable, F|\n|poke|p2|Breloom, M|\n|poke|p2|Landorus-Therian, M|\n|poke|p2|Zeraora|\n|poke|p2|Corviknight, F|\n|poke|p2|Zapdos-Galar|\n|poke|p2|Latios, M|\n|teampreview\n|inactive|Battle timer is ON: inactive players will automatically lose when time's up. (requested by Official Poyo)\n|\n|t:|1650952920\n|start\n|switch|p1a: Greninja|Greninja, M|100\/100\n|switch|p2a: Breloom|Breloom, M|100\/100\n|turn|1\n|\n|t:|1650952927\n|move|p2a: Breloom|Mach Punch|p1a: Greninja\n|-supereffective|p1a: Greninja\n|-damage|p1a: Greninja|0 fnt\n|faint|p1a: Greninja\n|\n|upkeep\n|\n|t:|1650952936\n|switch|p1a: Heatran|Heatran, M|100\/100\n|turn|2\n|\n|t:|1650952945\n|move|p1a: Heatran|Magma Storm|p2a: Breloom\n|-supereffective|p2a: Breloom\n|-enditem|p2a: Breloom|Focus Sash\n|-damage|p2a: Breloom|1\/100\n|-activate|p2a: Breloom|move: Magma Storm|[of] p1a: Heatran\n|move|p2a: Breloom|Spore|p1a: Heatran\n|-status|p1a: Heatran|slp|[from] move: Spore\n|\n|-damage|p2a: Breloom|0 fnt|[from] move: Magma Storm|[partiallytrapped]\n|faint|p2a: Breloom\n|upkeep\n|\n|t:|1650952948\n|switch|p2a: Zapdos|Zapdos-Galar|100\/100\n|turn|3\n|\n|t:|1650952956\n|switch|p1a: Clefable|Clefable, F|100\/100\n|move|p2a: Zapdos|Brave Bird|p1a: Clefable\n|-damage|p1a: Clefable|7\/100\n|-damage|p2a: Zapdos|62\/100|[from] Recoil\n|\n|-heal|p1a: Clefable|13\/100|[from] item: Leftovers\n|upkeep\n|turn|4\n|\n|t:|1650952965\n|move|p1a: Clefable|Protect|p1a: Clefable\n|-singleturn|p1a: Clefable|Protect\n|move|p2a: Zapdos|Brave Bird|p1a: Clefable\n|-activate|p1a: Clefable|move: Protect\n|\n|-heal|p1a: Clefable|19\/100|[from] item: Leftovers\n|upkeep\n|turn|5\n|\n|t:|1650952968\n|switch|p1a: Heatran|Heatran, M|100\/100 slp\n|move|p2a: Zapdos|Brave Bird|p1a: Heatran\n|-resisted|p1a: Heatran\n|-damage|p1a: Heatran|52\/100 slp\n|-damage|p2a: Zapdos|47\/100|[from] Recoil\n|\n|upkeep\n|turn|6\n|\n|t:|1650952971\n|switch|p2a: Landorus|Landorus-Therian, M|100\/100\n|-ability|p2a: Landorus|Intimidate|boost\n|-unboost|p1a: Heatran|atk|1\n|cant|p1a: Heatran|slp\n|\n|upkeep\n|turn|7\n|\n|t:|1650952978\n|switch|p1a: Landorus|Landorus-Therian, M|100\/100\n|-ability|p1a: Landorus|Intimidate|boost\n|-unboost|p2a: Landorus|atk|1\n|move|p2a: Landorus|Stealth Rock|p1a: Landorus\n|-sidestart|p1: Official Poyo|move: Stealth Rock\n|\n|upkeep\n|turn|8\n|\n|t:|1650952982\n|move|p2a: Landorus|U-turn|p1a: Landorus\n|-resisted|p1a: Landorus\n|-damage|p1a: Landorus|95\/100\n|\n|t:|1650952987\n|switch|p2a: Corviknight|Corviknight, F|100\/100|[from]move: U-turn\n|-ability|p2a: Corviknight|Pressure\n|move|p1a: Landorus|U-turn|p2a: Corviknight\n|-resisted|p2a: Corviknight\n|-damage|p2a: Corviknight|96\/100\n|-damage|p1a: Landorus|79\/100|[from] item: Rocky Helmet|[of] p2a: Corviknight\n|\n|t:|1650952996\n|switch|p1a: Hydreigon|Hydreigon, M|100\/100|[from]move: U-turn\n|-damage|p1a: Hydreigon|88\/100|[from] Stealth Rock\n|\n|upkeep\n|turn|9\n|\n|t:|1650953002\n|move|p1a: Hydreigon|Substitute|p1a: Hydreigon\n|-start|p1a: Hydreigon|Substitute\n|-damage|p1a: Hydreigon|63\/100\n|move|p2a: Corviknight|U-turn|p1a: Hydreigon\n|-supereffective|p1a: Hydreigon\n|-end|p1a: Hydreigon|Substitute\n|\n|t:|1650953007\n|switch|p2a: Zeraora|Zeraora|100\/100|[from]move: U-turn\n|\n|upkeep\n|turn|10\n|\n|t:|1650953015\n|switch|p1a: Clefable|Clefable, F|19\/100\n|move|p2a: Zeraora|Play Rough|p1a: Clefable|[miss]\n|-miss|p2a: Zeraora|p1a: Clefable\n|\n|-heal|p1a: Clefable|25\/100|[from] item: Leftovers\n|upkeep\n|turn|11\n|\n|t:|1650953023\n|move|p2a: Zeraora|Plasma Fists|p1a: Clefable\n|-damage|p1a: Clefable|0 fnt\n|-fieldactivate|move: Ion Deluge\n|-hint|Normal-type moves become Electric-type after using Plasma Fists.\n|faint|p1a: Clefable\n|-damage|p2a: Zeraora|91\/100|[from] item: Life Orb\n|\n|upkeep\n|\n|t:|1650953030\n|switch|p1a: Landorus|Landorus-Therian, M|79\/100\n|-damage|p1a: Landorus|66\/100|[from] Stealth Rock\n|-ability|p1a: Landorus|Intimidate|boost\n|-unboost|p2a: Zeraora|atk|1\n|turn|12\n|inactive|Official Poyo has 120 seconds left.\n|\n|t:|1650953065\n|switch|p2a: Landorus|Landorus-Therian, M|100\/100\n|-ability|p2a: Landorus|Intimidate|boost\n|-unboost|p1a: Landorus|atk|1\n|move|p1a: Landorus|Stealth Rock|p2a: Landorus\n|-sidestart|p2: Alu9204|move: Stealth Rock\n|\n|-heal|p1a: Landorus|72\/100|[from] item: Leftovers\n|upkeep\n|turn|13\n|\n|t:|1650953074\n|move|p2a: Landorus|Toxic|p1a: Landorus\n|-status|p1a: Landorus|tox\n|move|p1a: Landorus|U-turn|p2a: Landorus\n|-resisted|p2a: Landorus\n|-damage|p2a: Landorus|94\/100\n|\n|t:|1650953082\n|switch|p1a: Heatran|Heatran, M|52\/100 slp|[from]move: U-turn\n|-damage|p1a: Heatran|40\/100 slp|[from] Stealth Rock\n|\n|-heal|p2a: Landorus|99\/100|[from] item: Leftovers\n|upkeep\n|turn|14\n|\n|t:|1650953094\n|cant|p1a: Heatran|slp\n|move|p2a: Landorus|Earthquake|p1a: Heatran\n|-supereffective|p1a: Heatran\n|-damage|p1a: Heatran|0 fnt\n|faint|p1a: Heatran\n|\n|-heal|p2a: Landorus|100\/100|[from] item: Leftovers\n|upkeep\n|\n|t:|1650953110\n|switch|p1a: Hydreigon|Hydreigon, M|63\/100\n|-damage|p1a: Hydreigon|51\/100|[from] Stealth Rock\n|turn|15\n|\n|t:|1650953114\n|move|p1a: Hydreigon|Substitute|p1a: Hydreigon\n|-start|p1a: Hydreigon|Substitute\n|-damage|p1a: Hydreigon|26\/100\n|move|p2a: Landorus|U-turn|p1a: Hydreigon\n|-supereffective|p1a: Hydreigon\n|-end|p1a: Hydreigon|Substitute\n|\n|t:|1650953123\n|switch|p2a: Latios|Latios, M|100\/100|[from]move: U-turn\n|-damage|p2a: Latios|88\/100|[from] Stealth Rock\n|\n|upkeep\n|turn|16\n|\n|t:|1650953130\n|detailschange|p2a: Latios|Latios-Mega, M\n|-mega|p2a: Latios|Latios|Latiosite\n|move|p2a: Latios|Ice Beam|p1a: Hydreigon\n|-supereffective|p1a: Hydreigon\n|-damage|p1a: Hydreigon|0 fnt\n|faint|p1a: Hydreigon\n|\n|upkeep\n|\n|t:|1650953134\n|switch|p1a: Scizor|Scizor, F|100\/100\n|-damage|p1a: Scizor|88\/100|[from] Stealth Rock\n|turn|17\n|\n|t:|1650953143\n|switch|p2a: Zapdos|Zapdos-Galar|47\/100\n|-damage|p2a: Zapdos|34\/100|[from] Stealth Rock\n|detailschange|p1a: Scizor|Scizor-Mega, F\n|-mega|p1a: Scizor|Scizor|Scizorite\n|move|p1a: Scizor|U-turn|p2a: Zapdos\n|-resisted|p2a: Zapdos\n|-damage|p2a: Zapdos|22\/100\n|\n|t:|1650953146\n|switch|p1a: Landorus|Landorus-Therian, M|72\/100 tox|[from]move: U-turn\n|-damage|p1a: Landorus|60\/100 tox|[from] Stealth Rock\n|-ability|p1a: Landorus|Intimidate|boost\n|-unboost|p2a: Zapdos|atk|1\n|-ability|p2a: Zapdos|Defiant\n|-boost|p2a: Zapdos|atk|2\n|\n|-heal|p1a: Landorus|66\/100 tox|[from] item: Leftovers\n|-damage|p1a: Landorus|60\/100 tox|[from] psn\n|upkeep\n|turn|18\n|\n|t:|1650953153\n|switch|p2a: Corviknight|Corviknight, F|96\/100\n|-damage|p2a: Corviknight|83\/100|[from] Stealth Rock\n|-ability|p2a: Corviknight|Pressure\n|move|p1a: Landorus|Smack Down|p2a: Corviknight\n|-damage|p2a: Corviknight|70\/100\n|-start|p2a: Corviknight|Smack Down\n|\n|-heal|p1a: Landorus|66\/100 tox|[from] item: Leftovers\n|-damage|p1a: Landorus|54\/100 tox|[from] psn\n|upkeep\n|turn|19\n|\n|t:|1650953159\n|move|p1a: Landorus|Earthquake|p2a: Corviknight\n|-supereffective|p2a: Corviknight\n|-damage|p2a: Corviknight|0 fnt\n|faint|p2a: Corviknight\n|\n|-heal|p1a: Landorus|60\/100 tox|[from] item: Leftovers\n|-damage|p1a: Landorus|42\/100 tox|[from] psn\n|upkeep\n|\n|t:|1650953166\n|switch|p2a: Latios|Latios-Mega, M|88\/100\n|-damage|p2a: Latios|76\/100|[from] Stealth Rock\n|turn|20\n|\n|t:|1650953177\n|switch|p1a: Scizor|Scizor-Mega, F|88\/100\n|-damage|p1a: Scizor|76\/100|[from] Stealth Rock\n|move|p2a: Latios|Ice Beam|p1a: Scizor\n|-resisted|p1a: Scizor\n|-damage|p1a: Scizor|55\/100\n|\n|upkeep\n|turn|21\n|\n|t:|1650953192\n|switch|p2a: Landorus|Landorus-Therian, M|100\/100\n|-damage|p2a: Landorus|88\/100|[from] Stealth Rock\n|-ability|p2a: Landorus|Intimidate|boost\n|-unboost|p1a: Scizor|atk|1\n|move|p1a: Scizor|Roost|p1a: Scizor\n|-heal|p1a: Scizor|100\/100\n|-singleturn|p1a: Scizor|move: Roost\n|\n|-heal|p2a: Landorus|94\/100|[from] item: Leftovers\n|upkeep\n|turn|22\n|\n|t:|1650953196\n|move|p1a: Scizor|Swords Dance|p1a: Scizor\n|-boost|p1a: Scizor|atk|2\n|move|p2a: Landorus|U-turn|p1a: Scizor\n|-resisted|p1a: Scizor\n|-damage|p1a: Scizor|91\/100\n|\n|t:|1650953202\n|switch|p2a: Zapdos|Zapdos-Galar|22\/100|[from]move: U-turn\n|-damage|p2a: Zapdos|10\/100|[from] Stealth Rock\n|\n|upkeep\n|turn|23\n|\n|t:|1650953208\n|move|p1a: Scizor|Bullet Punch|p2a: Zapdos\n|-damage|p2a: Zapdos|0 fnt\n|faint|p2a: Zapdos\n|\n|upkeep\n|\n|t:|1650953211\n|switch|p2a: Landorus|Landorus-Therian, M|94\/100\n|-damage|p2a: Landorus|82\/100|[from] Stealth Rock\n|-ability|p2a: Landorus|Intimidate|boost\n|-unboost|p1a: Scizor|atk|1\n|turn|24\n|\n|t:|1650953217\n|move|p1a: Scizor|Swords Dance|p1a: Scizor\n|-boost|p1a: Scizor|atk|2\n|move|p2a: Landorus|Earthquake|p1a: Scizor\n|-damage|p1a: Scizor|47\/100\n|\n|-heal|p2a: Landorus|88\/100|[from] item: Leftovers\n|upkeep\n|turn|25\n|\n|t:|1650953220\n|move|p1a: Scizor|Roost|p1a: Scizor\n|-heal|p1a: Scizor|97\/100\n|-singleturn|p1a: Scizor|move: Roost\n|move|p2a: Landorus|Earthquake|p1a: Scizor\n|-crit|p1a: Scizor\n|-damage|p1a: Scizor|32\/100\n|\n|-heal|p2a: Landorus|94\/100|[from] item: Leftovers\n|upkeep\n|turn|26\n|\n|t:|1650953229\n|move|p1a: Scizor|Roost|p1a: Scizor\n|-heal|p1a: Scizor|82\/100\n|-singleturn|p1a: Scizor|move: Roost\n|move|p2a: Landorus|Earthquake|p1a: Scizor\n|-damage|p1a: Scizor|44\/100\n|\n|-heal|p2a: Landorus|99\/100|[from] item: Leftovers\n|upkeep\n|turn|27\n|\n|t:|1650953234\n|move|p1a: Scizor|Roost|p1a: Scizor\n|-heal|p1a: Scizor|94\/100\n|-singleturn|p1a: Scizor|move: Roost\n|move|p2a: Landorus|Earthquake|p1a: Scizor\n|-damage|p1a: Scizor|52\/100\n|\n|-heal|p2a: Landorus|100\/100|[from] item: Leftovers\n|upkeep\n|turn|28\n|\n|t:|1650953237\n|move|p1a: Scizor|Roost|p1a: Scizor\n|-heal|p1a: Scizor|100\/100\n|-singleturn|p1a: Scizor|move: Roost\n|move|p2a: Landorus|Earthquake|p1a: Scizor\n|-damage|p1a: Scizor|59\/100\n|\n|upkeep\n|turn|29\n|\n|t:|1650953240\n|move|p1a: Scizor|Bullet Punch|p2a: Landorus\n|-damage|p2a: Landorus|44\/100\n|move|p2a: Landorus|Earthquake|p1a: Scizor\n|-damage|p1a: Scizor|22\/100\n|\n|-heal|p2a: Landorus|50\/100|[from] item: Leftovers\n|upkeep\n|turn|30\n|\n|t:|1650953251\n|switch|p2a: Zeraora|Zeraora|91\/100\n|-damage|p2a: Zeraora|78\/100|[from] Stealth Rock\n|move|p1a: Scizor|Roost|p1a: Scizor\n|-heal|p1a: Scizor|72\/100\n|-singleturn|p1a: Scizor|move: Roost\n|\n|upkeep\n|turn|31\n|\n|t:|1650953256\n|move|p2a: Zeraora|Plasma Fists|p1a: Scizor\n|-damage|p1a: Scizor|27\/100\n|-fieldactivate|move: Ion Deluge\n|-hint|Normal-type moves become Electric-type after using Plasma Fists.\n|-damage|p2a: Zeraora|69\/100|[from] item: Life Orb\n|move|p1a: Scizor|Roost|p1a: Scizor\n|-heal|p1a: Scizor|77\/100\n|-singleturn|p1a: Scizor|move: Roost\n|\n|upkeep\n|turn|32\n|\n|t:|1650953266\n|move|p2a: Zeraora|Plasma Fists|p1a: Scizor\n|-damage|p1a: Scizor|33\/100\n|-fieldactivate|move: Ion Deluge\n|-hint|Normal-type moves become Electric-type after using Plasma Fists.\n|-damage|p2a: Zeraora|59\/100|[from] item: Life Orb\n|move|p1a: Scizor|Swords Dance|p1a: Scizor\n|-boost|p1a: Scizor|atk|2\n|\n|upkeep\n|turn|33\n|\n|t:|1650953274\n|move|p1a: Scizor|Bullet Punch|p2a: Zeraora\n|-resisted|p2a: Zeraora\n|-damage|p2a: Zeraora|0 fnt\n|faint|p2a: Zeraora\n|\n|upkeep\n|\n|t:|1650953278\n|switch|p2a: Landorus|Landorus-Therian, M|50\/100\n|-damage|p2a: Landorus|38\/100|[from] Stealth Rock\n|-ability|p2a: Landorus|Intimidate|boost\n|-unboost|p1a: Scizor|atk|1\n|turn|34\n|\n|t:|1650953280\n|move|p1a: Scizor|Bullet Punch|p2a: Landorus\n|-damage|p2a: Landorus|0 fnt\n|faint|p2a: Landorus\n|\n|upkeep\n|\n|t:|1650953283\n|switch|p2a: Latios|Latios-Mega, M|76\/100\n|-damage|p2a: Latios|64\/100|[from] Stealth Rock\n|turn|35\n|\n|t:|1650953286\n|move|p2a: Latios|Ice Beam|p1a: Scizor\n|-resisted|p1a: Scizor\n|-damage|p1a: Scizor|12\/100\n|move|p1a: Scizor|Roost|p1a: Scizor\n|-heal|p1a: Scizor|62\/100\n|-singleturn|p1a: Scizor|move: Roost\n|\n|upkeep\n|turn|36\n|\n|t:|1650953291\n|move|p1a: Scizor|Bullet Punch|p2a: Latios\n|-damage|p2a: Latios|0 fnt\n|faint|p2a: Latios\n|\n|win|Official Poyo\n|raw|Official Poyo's rating: 1544 &rarr; <strong>1563<\/strong><br \/>(+19 for winning)\n|raw|Alu9204's rating: 1523 &rarr; <strong>1504<\/strong><br \/>(-19 for losing)\n|c|\u2606Official Poyo|gg\n|l|\u2606Alu9204\n","uploadtime":1650953299,"views":7,"p1id":"officialpoyo","p2id":"alu9204","formatid":"gen8nationaldex","rating":1504,"private":0,"password":null}