{"id":"gen8ou-1683696724","p1":"minimax_ai","p2":"RggV_YT","format":"gen8ou","log":"|j|\u2606minimax_ai\n|j|\u2606RggV_YT\n|t:|1665554076\n|gametype|singles\n|player|p1|minimax_ai|lusamine-nihilego|1732\n|player|p2|RggV_YT|scientist-gen4|1876\n|teamsize|p1|6\n|teamsize|p2|6\n|gen|8\n|tier|[Gen 8] OU\n|rated|\n|rule|Sleep Clause Mod: Limit one foe put to sleep\n|rule|Species Clause: Limit one of each Pok\u00e9mon\n|rule|OHKO Clause: OHKO moves are banned\n|rule|Evasion Items Clause: Evasion items are banned\n|rule|Evasion Moves Clause: Evasion moves are banned\n|rule|Endless Battle Clause: Forcing endless battles is banned\n|rule|HP Percentage Mod: HP is shown in percentages\n|rule|Dynamax Clause: You cannot dynamax\n|clearpoke\n|poke|p1|Rotom-Wash|\n|poke|p1|Weavile, M|\n|poke|p1|Landorus-Therian, M|\n|poke|p1|Heatran, M|\n|poke|p1|Tangrowth, M|\n|poke|p1|Melmetal|\n|poke|p2|Dragapult, M|\n|poke|p2|Rotom-Wash|\n|poke|p2|Landorus-Therian, M|\n|poke|p2|Melmetal|\n|poke|p2|Weavile, M|\n|poke|p2|Kartana|\n|teampreview\n|inactive|Battle timer is ON: inactive players will automatically lose when time's up. (requested by RggV_YT)\n|c|\u2606minimax_ai|hf\n|inactive|minimax_ai also wants the timer to be on.\n|\n|t:|1665554082\n|start\n|switch|p1a: landorustherian|Landorus-Therian, M|100\/100\n|switch|p2a: Bandit|Weavile, M, shiny|100\/100\n|-ability|p2a: Bandit|Pressure\n|-ability|p1a: landorustherian|Intimidate|boost\n|-unboost|p2a: Bandit|atk|1\n|turn|1\n|\n|t:|1665554087\n|switch|p1a: Melmetal|Melmetal|100\/100\n|move|p2a: Bandit|Beat Up|p1a: Melmetal\n|-damage|p1a: Melmetal|95\/100\n|-damage|p1a: Melmetal|92\/100\n|-damage|p1a: Melmetal|86\/100\n|-damage|p1a: Melmetal|80\/100\n|-damage|p1a: Melmetal|75\/100\n|-damage|p1a: Melmetal|68\/100\n|-hitcount|p1a: Melmetal|6\n|\n|upkeep\n|turn|2\n|\n|t:|1665554090\n|switch|p2a: Phantom|Rotom-Wash, shiny|100\/100\n|move|p1a: Melmetal|Ice Punch|p2a: Phantom\n|-resisted|p2a: Phantom\n|-damage|p2a: Phantom|78\/100\n|\n|-heal|p2a: Phantom|84\/100|[from] item: Leftovers\n|upkeep\n|turn|3\n|\n|t:|1665554092\n|switch|p1a: Tangrowth|Tangrowth, M|100\/100\n|move|p2a: Phantom|Volt Switch|p1a: Tangrowth\n|-resisted|p1a: Tangrowth\n|-damage|p1a: Tangrowth|80\/100\n|\n|t:|1665554094\n|switch|p2a: Leviathan|Dragapult, M, shiny|100\/100|[from]move: Volt Switch\n|\n|upkeep\n|turn|4\n|\n|t:|1665554104\n|switch|p1a: landorustherian|Landorus-Therian, M|100\/100\n|-ability|p1a: landorustherian|Intimidate|boost\n|-unboost|p2a: Leviathan|atk|1\n|move|p2a: Leviathan|Flamethrower|p1a: landorustherian\n|-damage|p1a: landorustherian|66\/100\n|-status|p1a: landorustherian|brn\n|\n|-heal|p1a: landorustherian|72\/100 brn|[from] item: Leftovers\n|-damage|p1a: landorustherian|66\/100 brn|[from] brn\n|upkeep\n|turn|5\n|\n|t:|1665554108\n|switch|p2a: Enten|Landorus-Therian, M, shiny|100\/100\n|-ability|p2a: Enten|Intimidate|boost\n|-unboost|p1a: landorustherian|atk|1\n|move|p1a: landorustherian|Toxic|p2a: Enten\n|-status|p2a: Enten|tox\n|\n|-heal|p1a: landorustherian|72\/100 brn|[from] item: Leftovers\n|-damage|p2a: Enten|94\/100 tox|[from] psn\n|-damage|p1a: landorustherian|66\/100 brn|[from] brn\n|upkeep\n|turn|6\n|\n|t:|1665554111\n|switch|p1a: Tangrowth|Tangrowth, M|100\/100\n|move|p2a: Enten|U-turn|p1a: Tangrowth\n|-supereffective|p1a: Tangrowth\n|-damage|p1a: Tangrowth|76\/100\n|-damage|p2a: Enten|78\/100 tox|[from] item: Rocky Helmet|[of] p1a: Tangrowth\n|\n|t:|1665554113\n|switch|p2a: Leviathan|Dragapult, M, shiny|100\/100|[from]move: U-turn\n|\n|upkeep\n|turn|7\n|\n|t:|1665554115\n|switch|p1a: landorustherian|Landorus-Therian, M|66\/100 brn\n|-ability|p1a: landorustherian|Intimidate|boost\n|-unboost|p2a: Leviathan|atk|1\n|move|p2a: Leviathan|Shadow Ball|p1a: landorustherian\n|-damage|p1a: landorustherian|24\/100 brn\n|\n|-heal|p1a: landorustherian|30\/100 brn|[from] item: Leftovers\n|-damage|p1a: landorustherian|24\/100 brn|[from] brn\n|upkeep\n|turn|8\n|\n|t:|1665554117\n|switch|p1a: Melmetal|Melmetal|68\/100\n|move|p2a: Leviathan|Shadow Ball|p1a: Melmetal\n|-damage|p1a: Melmetal|35\/100\n|\n|upkeep\n|turn|9\n|\n|t:|1665554121\n|switch|p2a: Phantom|Rotom-Wash, shiny|84\/100\n|move|p1a: Melmetal|Double Iron Bash|p2a: Phantom\n|-resisted|p2a: Phantom\n|-damage|p2a: Phantom|71\/100\n|-resisted|p2a: Phantom\n|-damage|p2a: Phantom|58\/100\n|-hitcount|p2a: Phantom|2\n|\n|-heal|p2a: Phantom|64\/100|[from] item: Leftovers\n|upkeep\n|turn|10\n|\n|t:|1665554124\n|move|p2a: Phantom|Volt Switch|p1a: Melmetal\n|-damage|p1a: Melmetal|18\/100\n|\n|t:|1665554127\n|switch|p2a: Fate|Melmetal, shiny|100\/100|[from]move: Volt Switch\n|move|p1a: Melmetal|Ice Punch|p2a: Fate\n|-resisted|p2a: Fate\n|-damage|p2a: Fate|92\/100\n|\n|upkeep\n|turn|11\n|\n|t:|1665554130\n|switch|p2a: Phantom|Rotom-Wash, shiny|64\/100\n|switch|p1a: rotomwash|Rotom-Wash|100\/100\n|\n|-heal|p2a: Phantom|71\/100|[from] item: Leftovers\n|upkeep\n|turn|12\n|\n|t:|1665554135\n|move|p2a: Phantom|Nasty Plot|p2a: Phantom\n|-boost|p2a: Phantom|spa|2\n|move|p1a: rotomwash|Thunderbolt|p2a: Phantom\n|-damage|p2a: Phantom|27\/100\n|\n|-heal|p2a: Phantom|33\/100|[from] item: Leftovers\n|upkeep\n|turn|13\n|\n|t:|1665554136\n|switch|p1a: landorustherian|Landorus-Therian, M|24\/100 brn\n|-ability|p1a: landorustherian|Intimidate|boost\n|-unboost|p2a: Phantom|atk|1\n|move|p2a: Phantom|Pain Split|p1a: landorustherian\n|-sethp|p1a: landorustherian|23\/100 brn|[from] move: Pain Split|[silent]\n|-sethp|p2a: Phantom|35\/100|[from] move: Pain Split\n|\n|-heal|p2a: Phantom|42\/100|[from] item: Leftovers\n|-heal|p1a: landorustherian|29\/100 brn|[from] item: Leftovers\n|-damage|p1a: landorustherian|23\/100 brn|[from] brn\n|upkeep\n|turn|14\n|\n|t:|1665554138\n|move|p2a: Phantom|Hydro Pump|p1a: landorustherian\n|-supereffective|p1a: landorustherian\n|-damage|p1a: landorustherian|0 fnt\n|faint|p1a: landorustherian\n|\n|-heal|p2a: Phantom|48\/100|[from] item: Leftovers\n|upkeep\n|\n|t:|1665554138\n|switch|p1a: Weavile|Weavile, M|100\/100\n|-ability|p1a: Weavile|Pressure\n|turn|15\n|j| fork gaming\n|\n|t:|1665554140\n|switch|p2a: Fate|Melmetal, shiny|92\/100\n|move|p1a: Weavile|Knock Off|p2a: Fate\n|-damage|p2a: Fate|54\/100\n|-enditem|p2a: Fate|Choice Band|[from] move: Knock Off|[of] p1a: Weavile\n|\n|upkeep\n|turn|16\n|\n|t:|1665554149\n|switch|p1a: rotomwash|Rotom-Wash|100\/100\n|move|p2a: Fate|Superpower|p1a: rotomwash\n|-damage|p1a: rotomwash|51\/100\n|-unboost|p2a: Fate|atk|1\n|-unboost|p2a: Fate|def|1\n|\n|-heal|p1a: rotomwash|57\/100|[from] item: Leftovers\n|upkeep\n|turn|17\n|\n|t:|1665554153\n|switch|p2a: Phantom|Rotom-Wash, shiny|48\/100\n|move|p1a: rotomwash|Pain Split|p2a: Phantom\n|-sethp|p2a: Phantom|60\/100|[from] move: Pain Split|[silent]\n|-sethp|p1a: rotomwash|48\/100|[from] move: Pain Split\n|\n|-heal|p2a: Phantom|66\/100|[from] item: Leftovers\n|-heal|p1a: rotomwash|54\/100|[from] item: Leftovers\n|upkeep\n|turn|18\n|\n|t:|1665554155\n|move|p2a: Phantom|Nasty Plot|p2a: Phantom\n|-boost|p2a: Phantom|spa|2\n|move|p1a: rotomwash|Thunderbolt|p2a: Phantom\n|-damage|p2a: Phantom|21\/100\n|\n|-heal|p2a: Phantom|27\/100|[from] item: Leftovers\n|-heal|p1a: rotomwash|60\/100|[from] item: Leftovers\n|upkeep\n|turn|19\n|\n|t:|1665554157\n|move|p2a: Phantom|Volt Switch|p1a: rotomwash\n|-damage|p1a: rotomwash|0 fnt\n|faint|p1a: rotomwash\n|\n|t:|1665554164\n|switch|p2a: Leviathan|Dragapult, M, shiny|100\/100|[from]move: Volt Switch\n|\n|upkeep\n|\n|t:|1665554164\n|switch|p1a: Heatran|Heatran, M|100\/100\n|-item|p1a: Heatran|Air Balloon\n|turn|20\n|\n|t:|1665554166\n|move|p2a: Leviathan|Shadow Ball|p1a: Heatran\n|-damage|p1a: Heatran|45\/100\n|-unboost|p1a: Heatran|spd|1\n|-enditem|p1a: Heatran|Air Balloon\n|move|p1a: Heatran|Stealth Rock|p2a: Leviathan\n|-sidestart|p2: RggV_YT|move: Stealth Rock\n|\n|upkeep\n|turn|21\n|\n|t:|1665554167\n|switch|p1a: Weavile|Weavile, M|100\/100\n|-ability|p1a: Weavile|Pressure\n|move|p2a: Leviathan|Shadow Ball|p1a: Weavile\n|-resisted|p1a: Weavile\n|-damage|p1a: Weavile|61\/100\n|\n|upkeep\n|turn|22\n|\n|t:|1665554170\n|switch|p2a: Phantom|Rotom-Wash, shiny|27\/100\n|-damage|p2a: Phantom|15\/100|[from] Stealth Rock\n|move|p1a: Weavile|Knock Off|p2a: Phantom\n|-damage|p2a: Phantom|0 fnt\n|-enditem|p2a: Phantom|Leftovers|[from] move: Knock Off|[of] p1a: Weavile\n|faint|p2a: Phantom\n|\n|upkeep\n|\n|t:|1665554175\n|switch|p2a: Fate|Melmetal, shiny|54\/100\n|-damage|p2a: Fate|48\/100|[from] Stealth Rock\n|turn|23\n|\n|t:|1665554177\n|switch|p1a: Tangrowth|Tangrowth, M|100\/100\n|move|p2a: Fate|Ice Punch|p1a: Tangrowth\n|-supereffective|p1a: Tangrowth\n|-damage|p1a: Tangrowth|59\/100\n|-damage|p2a: Fate|31\/100|[from] item: Rocky Helmet|[of] p1a: Tangrowth\n|\n|upkeep\n|turn|24\n|\n|t:|1665554181\n|move|p1a: Tangrowth|Sleep Powder|p2a: Fate\n|-status|p2a: Fate|slp|[from] move: Sleep Powder\n|cant|p2a: Fate|slp\n|\n|upkeep\n|turn|25\n|\n|t:|1665554186\n|switch|p1a: Weavile|Weavile, M|61\/100\n|-ability|p1a: Weavile|Pressure\n|switch|p2a: Enten|Landorus-Therian, M, shiny|78\/100 tox\n|-damage|p2a: Enten|66\/100 tox|[from] Stealth Rock\n|-ability|p2a: Enten|Intimidate|boost\n|-unboost|p1a: Weavile|atk|1\n|\n|-heal|p2a: Enten|72\/100 tox|[from] item: Leftovers\n|-damage|p2a: Enten|66\/100 tox|[from] psn\n|upkeep\n|turn|26\n|\n|t:|1665554189\n|switch|p2a: Fate|Melmetal, shiny|31\/100 slp\n|-damage|p2a: Fate|25\/100 slp|[from] Stealth Rock\n|move|p1a: Weavile|Triple Axel|p2a: Fate\n|-resisted|p2a: Fate\n|-damage|p2a: Fate|22\/100 slp\n|-resisted|p2a: Fate\n|-damage|p2a: Fate|17\/100 slp\n|-resisted|p2a: Fate\n|-damage|p2a: Fate|8\/100 slp\n|-hitcount|p2a: Fate|3\n|\n|upkeep\n|turn|27\n|\n|t:|1665554190\n|move|p1a: Weavile|Triple Axel|p2a: Fate\n|-resisted|p2a: Fate\n|-damage|p2a: Fate|6\/100 slp\n|-resisted|p2a: Fate\n|-damage|p2a: Fate|1\/100 slp\n|-resisted|p2a: Fate\n|-damage|p2a: Fate|0 fnt\n|faint|p2a: Fate\n|-hitcount|p2: Fate|3\n|\n|upkeep\n|\n|t:|1665554192\n|switch|p2a: Leviathan|Dragapult, M, shiny|100\/100\n|-damage|p2a: Leviathan|88\/100|[from] Stealth Rock\n|turn|28\n|\n|t:|1665554194\n|switch|p1a: Melmetal|Melmetal|18\/100\n|move|p2a: Leviathan|Draco Meteor|p1a: Melmetal\n|-resisted|p1a: Melmetal\n|-damage|p1a: Melmetal|0 fnt\n|-unboost|p2a: Leviathan|spa|2\n|faint|p1a: Melmetal\n|\n|upkeep\n|\n|t:|1665554194\n|switch|p1a: Weavile|Weavile, M|61\/100\n|-ability|p1a: Weavile|Pressure\n|turn|29\n|\n|t:|1665554204\n|switch|p2a: Enten|Landorus-Therian, M, shiny|66\/100 tox\n|-damage|p2a: Enten|53\/100 tox|[from] Stealth Rock\n|-ability|p2a: Enten|Intimidate|boost\n|-unboost|p1a: Weavile|atk|1\n|move|p1a: Weavile|Knock Off|p2a: Enten\n|-damage|p2a: Enten|12\/100 tox\n|-enditem|p2a: Enten|Leftovers|[from] move: Knock Off|[of] p1a: Weavile\n|\n|-damage|p2a: Enten|5\/100 tox|[from] psn\n|upkeep\n|turn|30\n|\n|t:|1665554206\n|move|p1a: Weavile|Knock Off|p2a: Enten\n|-damage|p2a: Enten|0 fnt\n|faint|p2a: Enten\n|\n|upkeep\n|\n|t:|1665554209\n|switch|p2a: Deathstroke|Kartana, shiny|100\/100\n|-damage|p2a: Deathstroke|94\/100|[from] Stealth Rock\n|turn|31\n|\n|t:|1665554210\n|switch|p2a: Leviathan|Dragapult, M, shiny|88\/100\n|-damage|p2a: Leviathan|76\/100|[from] Stealth Rock\n|switch|p1a: Tangrowth|Tangrowth, M|92\/100\n|\n|upkeep\n|turn|32\n|j| monoboe\n|\n|t:|1665554213\n|switch|p1a: Heatran|Heatran, M|45\/100\n|move|p2a: Leviathan|Shadow Ball|p1a: Heatran\n|-damage|p1a: Heatran|0 fnt\n|faint|p1a: Heatran\n|\n|upkeep\n|\n|t:|1665554213\n|switch|p1a: Weavile|Weavile, M|61\/100\n|-ability|p1a: Weavile|Pressure\n|turn|33\n|\n|t:|1665554218\n|switch|p2a: Deathstroke|Kartana, shiny|94\/100\n|-damage|p2a: Deathstroke|88\/100|[from] Stealth Rock\n|move|p1a: Weavile|Knock Off|p2a: Deathstroke\n|-damage|p2a: Deathstroke|16\/100\n|-enditem|p2a: Deathstroke|Choice Scarf|[from] move: Knock Off|[of] p1a: Weavile\n|\n|upkeep\n|turn|34\n|j| nightsuwu\n|\n|t:|1665554221\n|move|p1a: Weavile|Knock Off|p2a: Deathstroke\n|-damage|p2a: Deathstroke|0 fnt\n|faint|p2a: Deathstroke\n|\n|upkeep\n|\n|t:|1665554222\n|switch|p2a: Bandit|Weavile, M, shiny|100\/100\n|-damage|p2a: Bandit|76\/100|[from] Stealth Rock\n|-ability|p2a: Bandit|Pressure\n|turn|35\n|\n|t:|1665554223\n|switch|p1a: Tangrowth|Tangrowth, M|100\/100\n|move|p2a: Bandit|Triple Axel|p1a: Tangrowth\n|-supereffective|p1a: Tangrowth\n|-damage|p1a: Tangrowth|86\/100\n|-damage|p2a: Bandit|59\/100|[from] item: Rocky Helmet|[of] p1a: Tangrowth\n|-supereffective|p1a: Tangrowth\n|-damage|p1a: Tangrowth|56\/100\n|-damage|p2a: Bandit|43\/100|[from] item: Rocky Helmet|[of] p1a: Tangrowth\n|-supereffective|p1a: Tangrowth\n|-damage|p1a: Tangrowth|6\/100\n|-damage|p2a: Bandit|26\/100|[from] item: Rocky Helmet|[of] p1a: Tangrowth\n|-hitcount|p1a: Tangrowth|3\n|\n|upkeep\n|turn|36\n|\n|t:|1665554228\n|move|p2a: Bandit|Triple Axel|p1a: Tangrowth|[miss]\n|-miss|p2a: Bandit|p1a: Tangrowth\n|move|p1a: Tangrowth|Giga Drain|p2a: Bandit\n|-damage|p2a: Bandit|0 fnt\n|-heal|p1a: Tangrowth|16\/100|[from] drain|[of] p2a: Bandit\n|faint|p2a: Bandit\n|\n|upkeep\n|\n|t:|1665554229\n|switch|p2a: Leviathan|Dragapult, M, shiny|76\/100\n|-damage|p2a: Leviathan|64\/100|[from] Stealth Rock\n|turn|37\n|\n|t:|1665554230\n|move|p2a: Leviathan|Flamethrower|p1a: Tangrowth\n|-supereffective|p1a: Tangrowth\n|-crit|p1a: Tangrowth\n|-damage|p1a: Tangrowth|0 fnt\n|faint|p1a: Tangrowth\n|\n|upkeep\n|\n|t:|1665554230\n|switch|p1a: Weavile|Weavile, M|61\/100\n|-ability|p1a: Weavile|Pressure\n|turn|38\n|\n|t:|1665554232\n|move|p1a: Weavile|Ice Shard|p2a: Leviathan\n|-supereffective|p2a: Leviathan\n|-damage|p2a: Leviathan|0 fnt\n|faint|p2a: Leviathan\n|\n|win|minimax_ai\n|raw|minimax_ai's rating: 1732 &rarr; <strong>1760<\/strong><br \/>(+28 for winning)\n|raw|RggV_YT's rating: 1876 &rarr; <strong>1848<\/strong><br \/>(-28 for losing)\n|c|\u2606minimax_ai|gg\n","uploadtime":1665554233,"views":19,"p1id":"minimaxai","p2id":"rggvyt","formatid":"gen8ou","rating":1760,"private":0,"password":null}