{"id":"gen8bdspou-1477042753","p1":"Arcangel666","p2":"erradikalz","format":"gen8bdspou","log":"|j|\u2606Arcangel666\n|j|\u2606erradikalz\n|t:|1640034108\n|gametype|singles\n|player|p1|Arcangel666|grimsley|1174\n|player|p2|erradikalz|burglar|1222\n|teamsize|p1|6\n|teamsize|p2|6\n|gen|8\n|tier|[Gen 8 BDSP] OU\n|rated|\n|rule|Sleep Clause Mod: Limit one foe put to sleep\n|rule|Species Clause: Limit one of each Pok\u00e9mon\n|rule|OHKO Clause: OHKO moves are banned\n|rule|Evasion Moves Clause: Evasion moves are banned\n|rule|Endless Battle Clause: Forcing endless battles is banned\n|rule|HP Percentage Mod: HP is shown in percentages\n|clearpoke\n|poke|p1|Garchomp, M|\n|poke|p1|Weavile, M|\n|poke|p1|Gliscor, M|\n|poke|p1|Infernape, M|\n|poke|p1|Clefable, F|\n|poke|p1|Magnezone|\n|poke|p2|Starmie|\n|poke|p2|Alakazam, M|\n|poke|p2|Dragonite, M|\n|poke|p2|Scizor, M|\n|poke|p2|Gliscor, M|\n|poke|p2|Tangrowth, M|\n|teampreview\n|\n|t:|1640034172\n|start\n|switch|p1a: Magnezone|Magnezone, shiny|100\/100\n|switch|p2a: Starmie|Starmie|100\/100\n|turn|1\n|\n|t:|1640034183\n|switch|p2a: Tangrowth|Tangrowth, M|100\/100\n|move|p1a: Magnezone|Volt Switch|p2a: Tangrowth\n|-resisted|p2a: Tangrowth\n|-damage|p2a: Tangrowth|74\/100\n|\n|t:|1640034192\n|switch|p1a: Clefable|Clefable, F|100\/100|[from]move: Volt Switch\n|\n|upkeep\n|turn|2\n|\n|t:|1640034196\n|move|p1a: Clefable|Stealth Rock|p2a: Tangrowth\n|-sidestart|p2: erradikalz|move: Stealth Rock\n|move|p2a: Tangrowth|Sleep Powder|p1a: Clefable\n|-status|p1a: Clefable|slp|[from] move: Sleep Powder\n|\n|upkeep\n|turn|3\n|\n|t:|1640034205\n|switch|p1a: Infernape|Infernape, M|100\/100\n|switch|p2a: Starmie|Starmie|100\/100\n|-damage|p2a: Starmie|88\/100|[from] Stealth Rock\n|\n|upkeep\n|turn|4\n|\n|t:|1640034212\n|switch|p1a: Magnezone|Magnezone, shiny|100\/100\n|move|p2a: Starmie|Hydro Pump|p1a: Magnezone|[miss]\n|-miss|p2a: Starmie|p1a: Magnezone\n|\n|upkeep\n|turn|5\n|\n|t:|1640034218\n|switch|p2a: Tangrowth|Tangrowth, M|100\/100\n|-damage|p2a: Tangrowth|88\/100|[from] Stealth Rock\n|move|p1a: Magnezone|Tri Attack|p2a: Tangrowth\n|-damage|p2a: Tangrowth|51\/100\n|-status|p2a: Tangrowth|frz\n|\n|upkeep\n|turn|6\n|\n|t:|1640034228\n|switch|p1a: Weavile|Weavile, M|100\/100\n|cant|p2a: Tangrowth|frz\n|\n|upkeep\n|turn|7\n|\n|t:|1640034234\n|move|p1a: Weavile|Throat Chop|p2a: Tangrowth\n|-damage|p2a: Tangrowth|24\/100 frz\n|-start|p2a: Tangrowth|Throat Chop|[silent]\n|-damage|p1a: Weavile|91\/100|[from] item: Life Orb\n|-curestatus|p2a: Tangrowth|frz|[msg]\n|move|p2a: Tangrowth|Knock Off|p1a: Weavile\n|-resisted|p1a: Weavile\n|-damage|p1a: Weavile|71\/100\n|-enditem|p1a: Weavile|Life Orb|[from] move: Knock Off|[of] p2a: Tangrowth\n|-enditem|p2a: Tangrowth|Big Root|[silent]|[from] ability: Pickpocket|[of] p2a: Tangrowth\n|-item|p1a: Weavile|Big Root|[from] ability: Pickpocket|[of] p2a: Tangrowth\n|\n|upkeep\n|turn|8\n|\n|t:|1640034245\n|move|p1a: Weavile|Icicle Crash|p2a: Tangrowth\n|-supereffective|p2a: Tangrowth\n|-damage|p2a: Tangrowth|0 fnt\n|faint|p2a: Tangrowth\n|\n|upkeep\n|\n|t:|1640034253\n|switch|p2a: Scizor|Scizor, M|100\/100\n|-damage|p2a: Scizor|88\/100|[from] Stealth Rock\n|turn|9\n|\n|t:|1640034259\n|switch|p1a: Magnezone|Magnezone, shiny|100\/100\n|move|p2a: Scizor|Defog|p1a: Magnezone\n|-unboost|p1a: Magnezone|evasion|1\n|-sideend|p2: erradikalz|Stealth Rock|[from] move: Defog|[of] p2a: Scizor\n|\n|-heal|p2a: Scizor|94\/100|[from] item: Leftovers\n|upkeep\n|turn|10\n|\n|t:|1640034265\n|move|p1a: Magnezone|Thunderbolt|p2a: Scizor\n|-damage|p2a: Scizor|58\/100\n|move|p2a: Scizor|U-turn|p1a: Magnezone\n|-resisted|p1a: Magnezone\n|-damage|p1a: Magnezone|84\/100\n|\n|t:|1640034269\n|switch|p2a: Dragonite|Dragonite, M|100\/100|[from]move: U-turn\n|\n|upkeep\n|turn|11\n|\n|t:|1640034273\n|switch|p1a: Gliscor|Gliscor, M, shiny|100\/100\n|move|p2a: Dragonite|Dragon Dance|p2a: Dragonite\n|-boost|p2a: Dragonite|atk|1\n|-boost|p2a: Dragonite|spe|1\n|\n|-status|p1a: Gliscor|tox|[from] item: Toxic Orb\n|upkeep\n|turn|12\n|\n|t:|1640034276\n|move|p2a: Dragonite|Dragon Dance|p2a: Dragonite\n|-boost|p2a: Dragonite|atk|1\n|-boost|p2a: Dragonite|spe|1\n|move|p1a: Gliscor|Knock Off|p2a: Dragonite\n|-damage|p2a: Dragonite|88\/100\n|-enditem|p2a: Dragonite|Lum Berry|[from] move: Knock Off|[of] p1a: Gliscor\n|\n|upkeep\n|turn|13\n|\n|t:|1640034279\n|move|p2a: Dragonite|Dragon Dance|p2a: Dragonite\n|-boost|p2a: Dragonite|atk|1\n|-boost|p2a: Dragonite|spe|1\n|move|p1a: Gliscor|Knock Off|p2a: Dragonite\n|-damage|p2a: Dragonite|72\/100\n|\n|upkeep\n|turn|14\n|\n|t:|1640034281\n|move|p2a: Dragonite|Dragon Dance|p2a: Dragonite\n|-boost|p2a: Dragonite|atk|1\n|-boost|p2a: Dragonite|spe|1\n|move|p1a: Gliscor|Knock Off|p2a: Dragonite\n|-damage|p2a: Dragonite|56\/100\n|\n|upkeep\n|turn|15\n|\n|t:|1640034283\n|move|p2a: Dragonite|Dragon Dance|p2a: Dragonite\n|-boost|p2a: Dragonite|atk|1\n|-boost|p2a: Dragonite|spe|1\n|move|p1a: Gliscor|Knock Off|p2a: Dragonite\n|-damage|p2a: Dragonite|40\/100\n|\n|upkeep\n|turn|16\n|\n|t:|1640034287\n|switch|p1a: Weavile|Weavile, M|71\/100\n|move|p2a: Dragonite|Dragon Dance|p2a: Dragonite\n|-boost|p2a: Dragonite|atk|1\n|-boost|p2a: Dragonite|spe|1\n|\n|upkeep\n|turn|17\n|\n|t:|1640034289\n|move|p2a: Dragonite|Extreme Speed|p1a: Weavile\n|-damage|p1a: Weavile|0 fnt\n|faint|p1a: Weavile\n|\n|upkeep\n|\n|t:|1640034292\n|switch|p1a: Clefable|Clefable, F|100\/100 slp\n|turn|18\n|\n|t:|1640034294\n|move|p2a: Dragonite|Extreme Speed|p1a: Clefable\n|-damage|p1a: Clefable|0 fnt\n|faint|p1a: Clefable\n|\n|upkeep\n|\n|t:|1640034298\n|switch|p1a: Gliscor|Gliscor, M, shiny|100\/100 tox\n|turn|19\n|\n|t:|1640034300\n|move|p2a: Dragonite|Extreme Speed|p1a: Gliscor\n|-damage|p1a: Gliscor|30\/100 tox\n|move|p1a: Gliscor|Knock Off|p2a: Dragonite\n|-damage|p2a: Dragonite|24\/100\n|\n|-heal|p1a: Gliscor|42\/100 tox|[from] ability: Poison Heal\n|upkeep\n|turn|20\n|\n|t:|1640034305\n|move|p2a: Dragonite|Extreme Speed|p1a: Gliscor\n|-damage|p1a: Gliscor|0 fnt\n|faint|p1a: Gliscor\n|\n|upkeep\n|\n|t:|1640034307\n|switch|p1a: Garchomp|Garchomp, M, shiny|100\/100\n|turn|21\n|\n|t:|1640034310\n|move|p2a: Dragonite|Outrage|p1a: Garchomp\n|-supereffective|p1a: Garchomp\n|-damage|p1a: Garchomp|0 fnt\n|-damage|p2a: Dragonite|11\/100|[from] ability: Rough Skin|[of] p1a: Garchomp\n|faint|p1a: Garchomp\n|\n|upkeep\n|\n|t:|1640034313\n|switch|p1a: Magnezone|Magnezone, shiny|84\/100\n|turn|22\n|\n|t:|1640034315\n|move|p2a: Dragonite|Outrage|p1a: Magnezone|[from]lockedmove\n|-resisted|p1a: Magnezone\n|-damage|p1a: Magnezone|0 fnt\n|faint|p1a: Magnezone\n|\n|upkeep\n|\n|t:|1640034318\n|switch|p1a: Infernape|Infernape, M|100\/100\n|turn|23\n|\n|t:|1640034320\n|move|p2a: Dragonite|Outrage|p1a: Infernape|[from]lockedmove\n|-damage|p1a: Infernape|0 fnt\n|faint|p1a: Infernape\n|-start|p2a: Dragonite|confusion|[fatigue]\n|\n|win|erradikalz\n|raw|Arcangel666's rating: 1174 &rarr; <strong>1152<\/strong><br \/>(-22 for losing)\n|raw|erradikalz's rating: 1222 &rarr; <strong>1244<\/strong><br \/>(+22 for winning)\n|l|\u2606Arcangel666\n||Ladder isn't responding, score probably updated but might not have (Request timeout).\n","uploadtime":1640034348,"views":25,"p1id":"arcangel666","p2id":"erradikalz","formatid":"gen8bdspou","rating":1152,"private":0,"password":null}