{"id":"gen8ou-1698124943","p1":"Kwaga","p2":"Mewthree69","format":"gen8ou","log":"|j|\u2606Kwaga\n|j|\u2606Mewthree69\n|t:|1667078485\n|gametype|singles\n|player|p1|Kwaga|brock-gen1rb|1726\n|player|p2|Mewthree69|doctor|1777\n|teamsize|p1|6\n|teamsize|p2|6\n|gen|8\n|tier|[Gen 8] OU\n|rated|\n|rule|Sleep Clause Mod: Limit one foe put to sleep\n|rule|Species Clause: Limit one of each Pok\u00e9mon\n|rule|OHKO Clause: OHKO moves are banned\n|rule|Evasion Items Clause: Evasion items are banned\n|rule|Evasion Moves Clause: Evasion moves are banned\n|rule|Endless Battle Clause: Forcing endless battles is banned\n|rule|HP Percentage Mod: HP is shown in percentages\n|rule|Dynamax Clause: You cannot dynamax\n|clearpoke\n|poke|p1|Weavile, M|\n|poke|p1|Melmetal|\n|poke|p1|Volcanion|\n|poke|p1|Kartana|\n|poke|p1|Zapdos|\n|poke|p1|Landorus-Therian, M|\n|poke|p2|Xatu, F|\n|poke|p2|Volcanion|\n|poke|p2|Weavile, F|\n|poke|p2|Urshifu-*, M|\n|poke|p2|Kartana|\n|poke|p2|Landorus-Therian, M|\n|teampreview\n|j| RazorForce21\n|inactive|Battle timer is ON: inactive players will automatically lose when time's up. (requested by Kwaga)\n|\n|t:|1667078547\n|start\n|switch|p1a: Zapdos|Zapdos|100\/100\n|switch|p2a: Urshifu|Urshifu-Rapid-Strike, M|100\/100\n|turn|1\n|\n|t:|1667078559\n|move|p1a: Zapdos|Hurricane|p2a: Urshifu\n|-supereffective|p2a: Urshifu\n|-damage|p2a: Urshifu|0 fnt\n|faint|p2a: Urshifu\n|\n|upkeep\n|\n|t:|1667078565\n|switch|p2a: Landorus|Landorus-Therian, M|100\/100\n|-ability|p2a: Landorus|Intimidate|boost\n|-unboost|p1a: Zapdos|atk|1\n|turn|2\n|\n|t:|1667078570\n|switch|p1a: Landorus|Landorus-Therian, M|100\/100\n|-ability|p1a: Landorus|Intimidate|boost\n|-unboost|p2a: Landorus|atk|1\n|move|p2a: Landorus|Stealth Rock|p1a: Landorus\n|-sidestart|p1: Kwaga|move: Stealth Rock\n|\n|upkeep\n|turn|3\n|\n|t:|1667078583\n|move|p2a: Landorus|U-turn|p1a: Landorus\n|-resisted|p1a: Landorus\n|-damage|p1a: Landorus|94\/100\n|\n|t:|1667078587\n|switch|p2a: Volcanion|Volcanion|100\/100|[from]move: U-turn\n|move|p1a: Landorus|Defog|p2a: Volcanion\n|-unboost|p2a: Volcanion|evasion|1\n|-sideend|p1: Kwaga|Stealth Rock|[from] move: Defog|[of] p1a: Landorus\n|\n|-heal|p1a: Landorus|99\/100|[from] item: Leftovers\n|upkeep\n|turn|4\n|\n|t:|1667078597\n|switch|p1a: Volcanion|Volcanion|100\/100\n|move|p2a: Volcanion|Steam Eruption|p1a: Volcanion\n|-immune|p1a: Volcanion|[from] ability: Water Absorb\n|\n|upkeep\n|turn|5\n|j| BabyPigsAreLaughin\n|\n|t:|1667078626\n|move|p2a: Volcanion|Steam Eruption|p1a: Volcanion\n|-immune|p1a: Volcanion|[from] ability: Water Absorb\n|move|p1a: Volcanion|Earth Power|p2a: Volcanion\n|-supereffective|p2a: Volcanion\n|-damage|p2a: Volcanion|0 fnt\n|faint|p2a: Volcanion\n|\n|upkeep\n|\n|t:|1667078633\n|switch|p2a: Kartana|Kartana|100\/100\n|turn|6\n|\n|t:|1667078637\n|switch|p1a: Landorus|Landorus-Therian, M|99\/100\n|-ability|p1a: Landorus|Intimidate|boost\n|-unboost|p2a: Kartana|atk|1\n|move|p2a: Kartana|Leaf Blade|p1a: Landorus\n|-damage|p1a: Landorus|59\/100\n|\n|-heal|p1a: Landorus|65\/100|[from] item: Leftovers\n|upkeep\n|turn|7\n|-message|Mewthree69 forfeited.\n|\n|win|Kwaga\n|raw|Kwaga's rating: 1726 &rarr; <strong>1749<\/strong><br \/>(+23 for winning)\n|raw|Mewthree69's rating: 1777 &rarr; <strong>1754<\/strong><br \/>(-23 for losing)\n|l|\u2606Mewthree69\n","uploadtime":1667078648,"views":16,"p1id":"kwaga","p2id":"mewthree69","formatid":"gen8ou","rating":1749,"private":0,"password":null}