{"id":"gen8ubers-1130695099","p1":"willcoxw","p2":"IMPAQT","format":"gen8ubers","log":"|j|\u2606willcoxw\n|j|\u2606IMPAQT\n|player|p1|willcoxw|karen|1731\n|player|p2|IMPAQT|iris-gen5bw2|1418\n|teamsize|p1|6\n|teamsize|p2|6\n|gametype|singles\n|gen|8\n|tier|[Gen 8] Ubers\n|rated|\n|clearpoke\n|poke|p1|Pelipper, M|\n|poke|p1|Eternatus|\n|poke|p1|Drednaw, M|\n|poke|p1|Hydreigon, M|\n|poke|p1|Necrozma-Dusk-Mane|\n|poke|p1|Zacian-Crowned|\n|poke|p2|Ditto|\n|poke|p2|Eternatus|\n|poke|p2|Tyranitar, M|\n|poke|p2|Quagsire, M|\n|poke|p2|Zacian-Crowned|\n|poke|p2|Clefable, M|\n|rule|Sleep Clause Mod: Limit one foe put to sleep\n|rule|Species Clause: Limit one of each Pok\u00e9mon\n|rule|OHKO Clause: OHKO moves are banned\n|rule|Evasion Moves Clause: Evasion moves are banned\n|rule|Endless Battle Clause: Forcing endless battles is banned\n|rule|HP Percentage Mod: HP is shown in percentages\n|html|Ubers Dynamax Clause: Pok\u00e9mon on the <a href=\"https:\/\/www.smogon.com\/dex\/ss\/formats\/uber\/\">Ubers Dynamax Banlist<\/a> cannot Dynamax.\n|teampreview\n|\n|start\n|switch|p1a: Eternatus|Eternatus|100\/100\n|switch|p2a: Eternatus|Eternatus|100\/100\n|-ability|p1a: Eternatus|Pressure\n|-ability|p2a: Eternatus|Pressure\n|turn|1\n|inactive|Battle timer is ON: inactive players will automatically lose when time's up. (requested by IMPAQT)\n|\n|switch|p2a: Tyranitar|Tyranitar, M|100\/100\n|-weather|Sandstorm|[from] ability: Sand Stream|[of] p2a: Tyranitar\n|switch|p1a: Necrozma|Necrozma-Dusk-Mane|100\/100\n|\n|-weather|Sandstorm|[upkeep]\n|upkeep\n|turn|2\n|\n|switch|p2a: Quagsire|Quagsire, M|100\/100\n|move|p1a: Necrozma|Knock Off|p2a: Quagsire\n|-damage|p2a: Quagsire|75\/100\n|-enditem|p2a: Quagsire|Leftovers|[from] move: Knock Off|[of] p1a: Necrozma\n|\n|-weather|Sandstorm|[upkeep]\n|upkeep\n|turn|3\n|\n|switch|p1a: Pelipper|Pelipper, M|100\/100\n|-weather|RainDance|[from] ability: Drizzle|[of] p1a: Pelipper\n|move|p2a: Quagsire|Recover|p2a: Quagsire\n|-heal|p2a: Quagsire|100\/100\n|\n|-weather|RainDance|[upkeep]\n|upkeep\n|turn|4\n|\n|switch|p2a: Tyranitar|Tyranitar, M|100\/100\n|-weather|Sandstorm|[from] ability: Sand Stream|[of] p2a: Tyranitar\n|move|p1a: Pelipper|U-turn|p2a: Tyranitar\n|-supereffective|p2a: Tyranitar\n|-damage|p2a: Tyranitar|87\/100\n|\n|switch|p1a: Hydreigon|Hydreigon, M|100\/100|[from]move: U-turn\n|\n|-weather|Sandstorm|[upkeep]\n|-damage|p1a: Hydreigon|94\/100|[from] Sandstorm\n|-heal|p1a: Hydreigon|100\/100|[from] item: Leftovers\n|-heal|p2a: Tyranitar|93\/100|[from] item: Leftovers\n|upkeep\n|turn|5\n|\n|move|p1a: Hydreigon|Substitute|p1a: Hydreigon\n|-start|p1a: Hydreigon|Substitute\n|-damage|p1a: Hydreigon|76\/100\n|move|p2a: Tyranitar|Stealth Rock|p1a: Hydreigon\n|-sidestart|p1: willcoxw|move: Stealth Rock\n|\n|-weather|Sandstorm|[upkeep]\n|-damage|p1a: Hydreigon|69\/100|[from] Sandstorm\n|-heal|p1a: Hydreigon|76\/100|[from] item: Leftovers\n|-heal|p2a: Tyranitar|99\/100|[from] item: Leftovers\n|upkeep\n|turn|6\n|\n|switch|p2a: Clefable|Clefable, M|100\/100\n|move|p1a: Hydreigon|Nasty Plot|p1a: Hydreigon\n|-boost|p1a: Hydreigon|spa|2\n|\n|-weather|Sandstorm|[upkeep]\n|-damage|p1a: Hydreigon|69\/100|[from] Sandstorm\n|-heal|p1a: Hydreigon|76\/100|[from] item: Leftovers\n|upkeep\n|turn|7\n|\n|move|p1a: Hydreigon|Earth Power|p2a: Clefable\n|-damage|p2a: Clefable|41\/100\n|move|p2a: Clefable|Moonblast|p1a: Hydreigon\n|-supereffective|p1a: Hydreigon\n|-end|p1a: Hydreigon|Substitute\n|\n|-weather|Sandstorm|[upkeep]\n|-damage|p1a: Hydreigon|69\/100|[from] Sandstorm\n|-heal|p1a: Hydreigon|76\/100|[from] item: Leftovers\n|upkeep\n|turn|8\n|\n|-start|p2a: Clefable|Dynamax\n|-heal|p2a: Clefable|41\/100|[silent]\n|move|p1a: Hydreigon|Earth Power|p2a: Clefable\n|-crit|p2a: Clefable\n|-damage|p2a: Clefable|0 fnt\n|faint|p2a: Clefable\n|\n|-weather|none\n|-heal|p1a: Hydreigon|82\/100|[from] item: Leftovers\n|upkeep\n|\n|switch|p2a: Eternatus|Eternatus|100\/100\n|-ability|p2a: Eternatus|Pressure\n|turn|9\n|\n|switch|p1a: Necrozma|Necrozma-Dusk-Mane|100\/100\n|-damage|p1a: Necrozma|94\/100|[from] Stealth Rock\n|move|p2a: Eternatus|Dynamax Cannon|p1a: Necrozma\n|-resisted|p1a: Necrozma\n|-damage|p1a: Necrozma|65\/100\n|-damage|p2a: Eternatus|91\/100|[from] item: Life Orb\n|\n|-heal|p1a: Necrozma|71\/100|[from] item: Leftovers\n|upkeep\n|turn|10\n|c|\u2606IMPAQT|burn\n|\n|move|p2a: Eternatus|Flamethrower|p1a: Necrozma\n|-supereffective|p1a: Necrozma\n|-damage|p1a: Necrozma|21\/100\n|-damage|p2a: Eternatus|81\/100|[from] item: Life Orb\n|move|p1a: Necrozma|Moonlight|p1a: Necrozma\n|-heal|p1a: Necrozma|71\/100\n|\n|-heal|p1a: Necrozma|77\/100|[from] item: Leftovers\n|upkeep\n|turn|11\n|\n|move|p2a: Eternatus|Flamethrower|p1a: Necrozma\n|-supereffective|p1a: Necrozma\n|-damage|p1a: Necrozma|20\/100\n|-damage|p2a: Eternatus|71\/100|[from] item: Life Orb\n|move|p1a: Necrozma|Thunder Wave|p2a: Eternatus\n|-status|p2a: Eternatus|par\n|\n|-heal|p1a: Necrozma|26\/100|[from] item: Leftovers\n|upkeep\n|turn|12\n|\n|cant|p2a: Eternatus|par\n|move|p1a: Necrozma|Moonlight|p1a: Necrozma\n|-heal|p1a: Necrozma|76\/100\n|\n|-heal|p1a: Necrozma|82\/100|[from] item: Leftovers\n|upkeep\n|turn|13\n|\n|move|p2a: Eternatus|Flamethrower|p1a: Necrozma\n|-supereffective|p1a: Necrozma\n|-damage|p1a: Necrozma|32\/100\n|-damage|p2a: Eternatus|61\/100 par|[from] item: Life Orb\n|move|p1a: Necrozma|Knock Off|p2a: Eternatus\n|-damage|p2a: Eternatus|33\/100 par\n|-enditem|p2a: Eternatus|Life Orb|[from] move: Knock Off|[of] p1a: Necrozma\n|\n|-heal|p1a: Necrozma|38\/100|[from] item: Leftovers\n|upkeep\n|turn|14\n|\n|move|p2a: Eternatus|Flamethrower|p1a: Necrozma\n|-supereffective|p1a: Necrozma\n|-damage|p1a: Necrozma|0 fnt\n|faint|p1a: Necrozma\n|\n|upkeep\n|\n|switch|p1a: Pelipper|Pelipper, M|100\/100\n|-damage|p1a: Pelipper|76\/100|[from] Stealth Rock\n|-weather|RainDance|[from] ability: Drizzle|[of] p1a: Pelipper\n|turn|15\n|\n|move|p2a: Eternatus|Dynamax Cannon|p1a: Pelipper\n|-damage|p1a: Pelipper|1\/100\n|move|p1a: Pelipper|Defog|p2a: Eternatus\n|-unboost|p2a: Eternatus|evasion|1\n|-sideend|p1: willcoxw|Stealth Rock|[from] move: Defog|[of] p1a: Pelipper\n|\n|-weather|RainDance|[upkeep]\n|upkeep\n|turn|16\n|\n|cant|p2a: Eternatus|par\n|move|p1a: Pelipper|U-turn|p2a: Eternatus\n|-resisted|p2a: Eternatus\n|-damage|p2a: Eternatus|29\/100 par\n|\n|switch|p1a: Drednaw|Drednaw, M|100\/100|[from]move: U-turn\n|\n|-weather|RainDance|[upkeep]\n|upkeep\n|turn|17\n|\n|move|p1a: Drednaw|Earthquake|p2a: Eternatus\n|-supereffective|p2a: Eternatus\n|-damage|p2a: Eternatus|0 fnt\n|-damage|p1a: Drednaw|91\/100|[from] item: Life Orb\n|faint|p2a: Eternatus\n|\n|-weather|RainDance|[upkeep]\n|upkeep\n|\n|switch|p2a: Quagsire|Quagsire, M|100\/100\n|turn|18\n|\n|-start|p1a: Drednaw|Dynamax\n|-formechange|p1a: Drednaw|Drednaw-Gmax\n|-heal|p1a: Drednaw|91\/100|[silent]\n|move|p1a: Drednaw|G-Max Stonesurge|p2a: Quagsire\n|-damage|p2a: Quagsire|10\/100\n|-sidestart|p2: IMPAQT|move: Stealth Rock\n|-damage|p1a: Drednaw|86\/100|[from] item: Life Orb\n|move|p2a: Quagsire|Earthquake|p1a: Drednaw\n|-supereffective|p1a: Drednaw\n|-damage|p1a: Drednaw|49\/100\n|\n|-weather|RainDance|[upkeep]\n|upkeep\n|turn|19\n|\n|move|p1a: Drednaw|Max Quake|p2a: Quagsire\n|-damage|p2a: Quagsire|0 fnt\n|-boost|p1a: Drednaw|spd|1\n|-damage|p1a: Drednaw|44\/100|[from] item: Life Orb\n|faint|p2a: Quagsire\n|\n|-weather|RainDance|[upkeep]\n|upkeep\n|\n|switch|p2a: Ditto|Ditto|100\/100\n|-damage|p2a: Ditto|88\/100|[from] Stealth Rock\n|-transform|p2a: Ditto|p1a: Drednaw|[from] ability: Imposter\n|turn|20\n|\n|move|p2a: Ditto|Superpower|p1a: Drednaw\n|-supereffective|p1a: Drednaw\n|-crit|p1a: Drednaw\n|-damage|p1a: Drednaw|0 fnt\n|-unboost|p2a: Ditto|atk|1\n|-unboost|p2a: Ditto|def|1\n|faint|p1a: Drednaw\n|\n|-weather|RainDance|[upkeep]\n|upkeep\n|\n|switch|p1a: Pelipper|Pelipper, M|1\/100\n|turn|21\n|\n|switch|p2a: Tyranitar|Tyranitar, M|99\/100\n|-damage|p2a: Tyranitar|87\/100|[from] Stealth Rock\n|-weather|Sandstorm|[from] ability: Sand Stream|[of] p2a: Tyranitar\n|move|p1a: Pelipper|U-turn|p2a: Tyranitar\n|-supereffective|p2a: Tyranitar\n|-damage|p2a: Tyranitar|74\/100\n|\n|switch|p1a: Hydreigon|Hydreigon, M|82\/100|[from]move: U-turn\n|\n|-weather|Sandstorm|[upkeep]\n|-damage|p1a: Hydreigon|76\/100|[from] Sandstorm\n|-heal|p1a: Hydreigon|82\/100|[from] item: Leftovers\n|-heal|p2a: Tyranitar|80\/100|[from] item: Leftovers\n|upkeep\n|turn|22\n|\n|switch|p2a: Zacian|Zacian-Crowned|100\/100\n|-damage|p2a: Zacian|94\/100|[from] Stealth Rock\n|-ability|p2a: Zacian|Intrepid Sword|boost\n|-boost|p2a: Zacian|atk|1\n|move|p1a: Hydreigon|Substitute|p1a: Hydreigon\n|-start|p1a: Hydreigon|Substitute\n|-damage|p1a: Hydreigon|57\/100\n|\n|-weather|Sandstorm|[upkeep]\n|-damage|p1a: Hydreigon|51\/100|[from] Sandstorm\n|-heal|p1a: Hydreigon|57\/100|[from] item: Leftovers\n|upkeep\n|turn|23\n|\n|move|p2a: Zacian|Behemoth Blade|p1a: Hydreigon\n|-end|p1a: Hydreigon|Substitute\n|move|p1a: Hydreigon|Earth Power|p2a: Zacian\n|-supereffective|p2a: Zacian\n|-crit|p2a: Zacian\n|-damage|p2a: Zacian|17\/100\n|\n|-weather|Sandstorm|[upkeep]\n|-damage|p1a: Hydreigon|51\/100|[from] Sandstorm\n|-heal|p1a: Hydreigon|57\/100|[from] item: Leftovers\n|upkeep\n|turn|24\n|\n|switch|p1a: Pelipper|Pelipper, M|1\/100\n|-weather|RainDance|[from] ability: Drizzle|[of] p1a: Pelipper\n|move|p2a: Zacian|Behemoth Blade|p1a: Pelipper\n|-resisted|p1a: Pelipper\n|-crit|p1a: Pelipper\n|-damage|p1a: Pelipper|0 fnt\n|faint|p1a: Pelipper\n|\n|-weather|RainDance|[upkeep]\n|upkeep\n|\n|switch|p1a: Eternatus|Eternatus|100\/100\n|-ability|p1a: Eternatus|Pressure\n|turn|25\n|\n|switch|p2a: Tyranitar|Tyranitar, M|80\/100\n|-damage|p2a: Tyranitar|67\/100|[from] Stealth Rock\n|-weather|Sandstorm|[from] ability: Sand Stream|[of] p2a: Tyranitar\n|move|p1a: Eternatus|Flamethrower|p2a: Tyranitar\n|-resisted|p2a: Tyranitar\n|-damage|p2a: Tyranitar|61\/100\n|\n|-weather|Sandstorm|[upkeep]\n|-damage|p1a: Eternatus|94\/100|[from] Sandstorm\n|-heal|p1a: Eternatus|100\/100|[from] item: Black Sludge\n|-heal|p2a: Tyranitar|67\/100|[from] item: Leftovers\n|upkeep\n|turn|26\n|\n|move|p1a: Eternatus|Substitute|p1a: Eternatus\n|-start|p1a: Eternatus|Substitute\n|-damage|p1a: Eternatus|76\/100\n|move|p2a: Tyranitar|Thunder Wave||[still]\n|-fail|p2a: Tyranitar\n|\n|-weather|Sandstorm|[upkeep]\n|-damage|p1a: Eternatus|69\/100|[from] Sandstorm\n|-heal|p1a: Eternatus|76\/100|[from] item: Black Sludge\n|-heal|p2a: Tyranitar|73\/100|[from] item: Leftovers\n|upkeep\n|turn|27\n|\n|move|p1a: Eternatus|Toxic|p2a: Tyranitar\n|-status|p2a: Tyranitar|tox\n|move|p2a: Tyranitar|Stealth Rock|p1a: Eternatus\n|-sidestart|p1: willcoxw|move: Stealth Rock\n|\n|-weather|Sandstorm|[upkeep]\n|-damage|p1a: Eternatus|69\/100|[from] Sandstorm\n|-heal|p1a: Eternatus|76\/100|[from] item: Black Sludge\n|-heal|p2a: Tyranitar|79\/100 tox|[from] item: Leftovers\n|-damage|p2a: Tyranitar|73\/100 tox|[from] psn\n|upkeep\n|turn|28\n|\n|move|p1a: Eternatus|Dynamax Cannon|p2a: Tyranitar\n|-damage|p2a: Tyranitar|51\/100 tox\n|move|p2a: Tyranitar|Crunch|p1a: Eternatus\n|-end|p1a: Eternatus|Substitute\n|\n|-weather|Sandstorm|[upkeep]\n|-damage|p1a: Eternatus|69\/100|[from] Sandstorm\n|-heal|p1a: Eternatus|76\/100|[from] item: Black Sludge\n|-heal|p2a: Tyranitar|58\/100 tox|[from] item: Leftovers\n|-damage|p2a: Tyranitar|45\/100 tox|[from] psn\n|upkeep\n|turn|29\n|\n|move|p1a: Eternatus|Substitute|p1a: Eternatus\n|-start|p1a: Eternatus|Substitute\n|-damage|p1a: Eternatus|51\/100\n|move|p2a: Tyranitar|Crunch|p1a: Eternatus\n|-end|p1a: Eternatus|Substitute\n|\n|-weather|none\n|-heal|p1a: Eternatus|57\/100|[from] item: Black Sludge\n|-heal|p2a: Tyranitar|51\/100 tox|[from] item: Leftovers\n|-damage|p2a: Tyranitar|33\/100 tox|[from] psn\n|upkeep\n|turn|30\n|\n|move|p1a: Eternatus|Substitute|p1a: Eternatus\n|-start|p1a: Eternatus|Substitute\n|-damage|p1a: Eternatus|32\/100\n|move|p2a: Tyranitar|Crunch|p1a: Eternatus\n|-end|p1a: Eternatus|Substitute\n|\n|-heal|p1a: Eternatus|38\/100|[from] item: Black Sludge\n|-heal|p2a: Tyranitar|39\/100 tox|[from] item: Leftovers\n|-damage|p2a: Tyranitar|14\/100 tox|[from] psn\n|upkeep\n|turn|31\n|\n|move|p1a: Eternatus|Substitute|p1a: Eternatus\n|-start|p1a: Eternatus|Substitute\n|-damage|p1a: Eternatus|13\/100\n|move|p2a: Tyranitar|Crunch|p1a: Eternatus\n|-end|p1a: Eternatus|Substitute\n|\n|-heal|p1a: Eternatus|19\/100|[from] item: Black Sludge\n|-heal|p2a: Tyranitar|20\/100 tox|[from] item: Leftovers\n|-damage|p2a: Tyranitar|0 fnt|[from] psn\n|faint|p2a: Tyranitar\n|upkeep\n|\n|switch|p2a: Ditto|Ditto|88\/100\n|-damage|p2a: Ditto|76\/100|[from] Stealth Rock\n|-transform|p2a: Ditto|p1a: Eternatus|[from] ability: Imposter\n|-ability|p2a: Ditto|Pressure\n|turn|32\n|\n|move|p2a: Ditto|Dynamax Cannon|p1a: Eternatus\n|-supereffective|p1a: Eternatus\n|-damage|p1a: Eternatus|0 fnt\n|faint|p1a: Eternatus\n|\n|upkeep\n|\n|switch|p1a: Zacian|Zacian-Crowned|100\/100\n|-damage|p1a: Zacian|94\/100|[from] Stealth Rock\n|-ability|p1a: Zacian|Intrepid Sword|boost\n|-boost|p1a: Zacian|atk|1\n|turn|33\n|\n|switch|p2a: Zacian|Zacian-Crowned|17\/100\n|-damage|p2a: Zacian|11\/100|[from] Stealth Rock\n|-ability|p2a: Zacian|Intrepid Sword|boost\n|-boost|p2a: Zacian|atk|1\n|move|p1a: Zacian|Behemoth Blade|p2a: Zacian\n|-damage|p2a: Zacian|0 fnt\n|faint|p2a: Zacian\n|\n|upkeep\n|\n|switch|p2a: Ditto|Ditto|76\/100\n|-damage|p2a: Ditto|63\/100|[from] Stealth Rock\n|-transform|p2a: Ditto|p1a: Zacian|[from] ability: Imposter\n|-ability|p2a: Ditto|Intrepid Sword|boost\n|-boost|p2a: Ditto|atk|1\n|turn|34\n|-message|willcoxw forfeited.\n|\n|win|IMPAQT\n|l|\u2606willcoxw\n|raw|willcoxw's rating: 1732 &rarr; <strong>1697<\/strong><br \/>(-35 for losing)\n|raw|IMPAQT's rating: 1418 &rarr; <strong>1453<\/strong><br \/>(+35 for winning)\n","uploadtime":1591864804,"views":34,"p1id":"willcoxw","p2id":"impaqt","formatid":"gen8ubers","rating":1453,"private":0,"password":null}