{"id":"gen8ou-1706383876","p1":"minimax_ai","p2":"LT94JE Allistair","format":"gen8ou","log":"|j|\u2606minimax_ai\n|j|\u2606LT94JE Allistair\n|t:|1667983053\n|gametype|singles\n|player|p1|minimax_ai|169|1651\n|player|p2|LT94JE Allistair|169|1677\n|teamsize|p1|6\n|teamsize|p2|6\n|gen|8\n|tier|[Gen 8] OU\n|rated|\n|rule|Sleep Clause Mod: Limit one foe put to sleep\n|rule|Species Clause: Limit one of each Pok\u00e9mon\n|rule|OHKO Clause: OHKO moves are banned\n|rule|Evasion Items Clause: Evasion items are banned\n|rule|Evasion Moves Clause: Evasion moves are banned\n|rule|Endless Battle Clause: Forcing endless battles is banned\n|rule|HP Percentage Mod: HP is shown in percentages\n|rule|Dynamax Clause: You cannot dynamax\n|clearpoke\n|poke|p1|Rotom-Wash|\n|poke|p1|Weavile, M|\n|poke|p1|Landorus-Therian, M|\n|poke|p1|Heatran, M|\n|poke|p1|Tangrowth, F|\n|poke|p1|Melmetal|\n|poke|p2|Mew|\n|poke|p2|Slurpuff, M|\n|poke|p2|Vanilluxe, M|\n|poke|p2|Jirachi|\n|poke|p2|Registeel|\n|poke|p2|Heatran, M|\n|teampreview\n|c|\u2606minimax_ai|hf\n|inactive|Battle timer is ON: inactive players will automatically lose when time's up. (requested by minimax_ai)\n|c|\u2606LT94JE Allistair|hf\n|\n|t:|1667983067\n|start\n|switch|p1a: Heatran|Heatran, M|100\/100\n|switch|p2a: Slurpuff|Slurpuff, M|100\/100\n|-item|p1a: Heatran|Air Balloon\n|turn|1\n|\n|t:|1667983072\n|move|p1a: Heatran|Eruption|p2a: Slurpuff\n|-enditem|p2a: Slurpuff|Focus Sash\n|-damage|p2a: Slurpuff|1\/100\n|move|p2a: Slurpuff|Sticky Web|p1a: Heatran\n|-sidestart|p1: minimax_ai|move: Sticky Web\n|\n|upkeep\n|turn|2\n|\n|t:|1667983075\n|move|p2a: Slurpuff|Misty Explosion|p1a: Heatran\n|-resisted|p1a: Heatran\n|-damage|p1a: Heatran|93\/100\n|-enditem|p1a: Heatran|Air Balloon\n|faint|p2a: Slurpuff\n|move|p1a: Heatran|Eruption|p2: Slurpuff|[notarget]\n|-fail|p1a: Heatran\n|\n|upkeep\n|j| Clefan\n|\n|t:|1667983103\n|switch|p2a: Mew|Mew|100\/100\n|turn|3\n|\n|t:|1667983106\n|move|p2a: Mew|Cosmic Power|p2a: Mew\n|-boost|p2a: Mew|def|1\n|-boost|p2a: Mew|spd|1\n|move|p1a: Heatran|Stealth Rock|p2a: Mew\n|-sidestart|p2: LT94JE Allistair|move: Stealth Rock\n|\n|upkeep\n|turn|4\n|\n|t:|1667983112\n|move|p2a: Mew|Cosmic Power|p2a: Mew\n|-boost|p2a: Mew|def|1\n|-boost|p2a: Mew|spd|1\n|move|p1a: Heatran|Magma Storm|p2a: Mew|[miss]\n|-miss|p1a: Heatran|p2a: Mew\n|\n|upkeep\n|turn|5\n|\n|t:|1667983116\n|move|p2a: Mew|Cosmic Power|p2a: Mew\n|-boost|p2a: Mew|def|1\n|-boost|p2a: Mew|spd|1\n|move|p1a: Heatran|Magma Storm|p2a: Mew\n|-damage|p2a: Mew|81\/100\n|-activate|p2a: Mew|move: Magma Storm|[of] p1a: Heatran\n|\n|-damage|p2a: Mew|69\/100|[from] move: Magma Storm|[partiallytrapped]\n|upkeep\n|turn|6\n|\n|t:|1667983119\n|switch|p1a: Weavile|Weavile, M|100\/100\n|-activate|p1a: Weavile|move: Sticky Web\n|-unboost|p1a: Weavile|spe|1\n|-ability|p1a: Weavile|Pressure\n|move|p2a: Mew|Stored Power|p1a: Weavile\n|-immune|p1a: Weavile\n|\n|-end|p2a: Mew|Magma Storm|[partiallytrapped]|[silent]\n|upkeep\n|turn|7\n|\n|t:|1667983127\n|move|p2a: Mew|Taunt|p1a: Weavile\n|-start|p1a: Weavile|move: Taunt\n|move|p1a: Weavile|Knock Off|p2a: Mew\n|-supereffective|p2a: Mew\n|-damage|p2a: Mew|19\/100\n|-enditem|p2a: Mew|Weakness Policy\n|-boost|p2a: Mew|atk|2|[from] item: Weakness Policy\n|-boost|p2a: Mew|spa|2|[from] item: Weakness Policy\n|\n|upkeep\n|turn|8\n|\n|t:|1667983129\n|move|p2a: Mew|Roost|p2a: Mew\n|-heal|p2a: Mew|69\/100\n|-singleturn|p2a: Mew|move: Roost\n|move|p1a: Weavile|Knock Off|p2a: Mew\n|-supereffective|p2a: Mew\n|-damage|p2a: Mew|34\/100\n|\n|upkeep\n|turn|9\n|\n|t:|1667983132\n|move|p2a: Mew|Roost|p2a: Mew\n|-heal|p2a: Mew|84\/100\n|-singleturn|p2a: Mew|move: Roost\n|move|p1a: Weavile|Knock Off|p2a: Mew\n|-supereffective|p2a: Mew\n|-damage|p2a: Mew|50\/100\n|\n|-end|p1a: Weavile|move: Taunt\n|upkeep\n|turn|10\n|\n|t:|1667983134\n|move|p2a: Mew|Cosmic Power|p2a: Mew\n|-boost|p2a: Mew|def|1\n|-boost|p2a: Mew|spd|1\n|move|p1a: Weavile|Knock Off|p2a: Mew\n|-supereffective|p2a: Mew\n|-crit|p2a: Mew\n|-damage|p2a: Mew|0 fnt\n|faint|p2a: Mew\n|\n|upkeep\n|\n|t:|1667983145\n|switch|p2a: Vanilluxe|Vanilluxe, M|100\/100\n|-damage|p2a: Vanilluxe|76\/100|[from] Stealth Rock\n|-weather|Hail|[from] ability: Snow Warning|[of] p2a: Vanilluxe\n|turn|11\n|\n|t:|1667983147\n|switch|p1a: Heatran|Heatran, M|93\/100\n|-activate|p1a: Heatran|move: Sticky Web\n|-unboost|p1a: Heatran|spe|1\n|move|p2a: Vanilluxe|Aurora Veil|p2a: Vanilluxe\n|-sidestart|p2: LT94JE Allistair|move: Aurora Veil\n|\n|-weather|Hail|[upkeep]\n|-damage|p1a: Heatran|87\/100|[from] Hail\n|upkeep\n|turn|12\n|\n|t:|1667983154\n|switch|p1a: landorustherian|Landorus-Therian, M|100\/100\n|-ability|p1a: landorustherian|Intimidate|boost\n|-unboost|p2a: Vanilluxe|atk|1\n|move|p2a: Vanilluxe|Explosion|p1a: landorustherian\n|-damage|p1a: landorustherian|59\/100\n|faint|p2a: Vanilluxe\n|\n|-weather|Hail|[upkeep]\n|-damage|p1a: landorustherian|53\/100|[from] Hail\n|-heal|p1a: landorustherian|59\/100|[from] item: Leftovers\n|upkeep\n|\n|t:|1667983163\n|switch|p2a: Registeel|Registeel|100\/100\n|-damage|p2a: Registeel|94\/100|[from] Stealth Rock\n|turn|13\n|\n|t:|1667983168\n|move|p1a: landorustherian|Defog|p2a: Registeel\n|-fail|p2a: Registeel|unboost|[from] ability: Clear Body|[of] p2a: Registeel\n|-sideend|p2: LT94JE Allistair|move: Aurora Veil\n|-sideend|p2: LT94JE Allistair|Stealth Rock|[from] move: Defog|[of] p1a: landorustherian\n|-sideend|p1: minimax_ai|Sticky Web|[from] move: Defog|[of] p1a: landorustherian\n|move|p2a: Registeel|Iron Defense|p2a: Registeel\n|-boost|p2a: Registeel|def|2\n|\n|-weather|Hail|[upkeep]\n|-damage|p1a: landorustherian|53\/100|[from] Hail\n|-damage|p2a: Registeel|88\/100|[from] Hail\n|-heal|p1a: landorustherian|59\/100|[from] item: Leftovers\n|-heal|p2a: Registeel|94\/100|[from] item: Leftovers\n|upkeep\n|turn|14\n|\n|t:|1667983171\n|move|p1a: landorustherian|Earthquake|p2a: Registeel\n|-supereffective|p2a: Registeel\n|-damage|p2a: Registeel|59\/100\n|move|p2a: Registeel|Rock Polish|p2a: Registeel\n|-boost|p2a: Registeel|spe|2\n|\n|-weather|Hail|[upkeep]\n|-damage|p2a: Registeel|53\/100|[from] Hail\n|-damage|p1a: landorustherian|53\/100|[from] Hail\n|-heal|p2a: Registeel|59\/100|[from] item: Leftovers\n|-heal|p1a: landorustherian|59\/100|[from] item: Leftovers\n|upkeep\n|turn|15\n|\n|t:|1667983177\n|move|p2a: Registeel|Iron Defense|p2a: Registeel\n|-boost|p2a: Registeel|def|2\n|move|p1a: landorustherian|U-turn|p2a: Registeel\n|-resisted|p2a: Registeel\n|-damage|p2a: Registeel|57\/100\n|\n|t:|1667983177\n|switch|p1a: Heatran|Heatran, M|87\/100|[from]move: U-turn\n|\n|-weather|none\n|-heal|p2a: Registeel|63\/100|[from] item: Leftovers\n|upkeep\n|turn|16\n|\n|t:|1667983184\n|move|p2a: Registeel|Body Press|p1a: Heatran\n|-supereffective|p1a: Heatran\n|-crit|p1a: Heatran\n|-damage|p1a: Heatran|0 fnt\n|faint|p1a: Heatran\n|\n|-heal|p2a: Registeel|69\/100|[from] item: Leftovers\n|upkeep\n|\n|t:|1667983184\n|switch|p1a: Tangrowth|Tangrowth, F|100\/100\n|turn|17\n|j| Horuskoria\n|\n|t:|1667983197\n|move|p2a: Registeel|Iron Defense|p2a: Registeel\n|-boost|p2a: Registeel|def|2\n|move|p1a: Tangrowth|Sleep Powder|p2a: Registeel\n|-status|p2a: Registeel|slp|[from] move: Sleep Powder\n|\n|-heal|p2a: Registeel|75\/100 slp|[from] item: Leftovers\n|upkeep\n|turn|18\n|\n|t:|1667983202\n|cant|p2a: Registeel|slp\n|move|p1a: Tangrowth|Focus Blast|p2a: Registeel\n|-supereffective|p2a: Registeel\n|-damage|p2a: Registeel|42\/100 slp\n|\n|-heal|p2a: Registeel|48\/100 slp|[from] item: Leftovers\n|upkeep\n|turn|19\n|\n|t:|1667983207\n|cant|p2a: Registeel|slp\n|move|p1a: Tangrowth|Focus Blast|p2a: Registeel\n|-supereffective|p2a: Registeel\n|-damage|p2a: Registeel|15\/100 slp\n|\n|-heal|p2a: Registeel|21\/100 slp|[from] item: Leftovers\n|upkeep\n|turn|20\n|\n|t:|1667983213\n|cant|p2a: Registeel|slp\n|move|p1a: Tangrowth|Focus Blast|p2a: Registeel|[miss]\n|-miss|p1a: Tangrowth|p2a: Registeel\n|\n|-heal|p2a: Registeel|27\/100 slp|[from] item: Leftovers\n|upkeep\n|turn|21\n|j| broked on bricks\n|\n|t:|1667983220\n|-curestatus|p2a: Registeel|slp|[msg]\n|move|p2a: Registeel|Rest|p2a: Registeel\n|-status|p2a: Registeel|slp|[from] move: Rest\n|-heal|p2a: Registeel|100\/100 slp|[silent]\n|move|p1a: Tangrowth|Focus Blast|p2a: Registeel|[miss]\n|-miss|p1a: Tangrowth|p2a: Registeel\n|\n|upkeep\n|turn|22\n|\n|t:|1667983223\n|cant|p2a: Registeel|slp\n|move|p1a: Tangrowth|Sleep Powder|p2a: Registeel\n|-fail|p2a: Registeel|slp\n|\n|upkeep\n|turn|23\n|\n|t:|1667983228\n|cant|p2a: Registeel|slp\n|move|p1a: Tangrowth|Sleep Powder|p2a: Registeel\n|-fail|p2a: Registeel|slp\n|\n|upkeep\n|turn|24\n|\n|t:|1667983233\n|-curestatus|p2a: Registeel|slp|[msg]\n|move|p2a: Registeel|Rock Polish|p2a: Registeel\n|-boost|p2a: Registeel|spe|2\n|move|p1a: Tangrowth|Sleep Powder|p2a: Registeel\n|-status|p2a: Registeel|slp|[from] move: Sleep Powder\n|\n|upkeep\n|turn|25\n|\n|t:|1667983239\n|cant|p2a: Registeel|slp\n|move|p1a: Tangrowth|Sleep Powder|p2a: Registeel|[miss]\n|-miss|p1a: Tangrowth|p2a: Registeel\n|\n|upkeep\n|turn|26\n|\n|t:|1667983243\n|cant|p2a: Registeel|slp\n|move|p1a: Tangrowth|Sleep Powder|p2a: Registeel\n|-fail|p2a: Registeel|slp\n|\n|upkeep\n|turn|27\n|\n|t:|1667983246\n|-curestatus|p2a: Registeel|slp|[msg]\n|move|p2a: Registeel|Body Press|p1a: Tangrowth\n|-damage|p1a: Tangrowth|44\/100\n|-damage|p2a: Registeel|84\/100|[from] item: Rocky Helmet|[of] p1a: Tangrowth\n|move|p1a: Tangrowth|Sleep Powder|p2a: Registeel\n|-status|p2a: Registeel|slp|[from] move: Sleep Powder\n|\n|-heal|p2a: Registeel|90\/100 slp|[from] item: Leftovers\n|upkeep\n|turn|28\n|\n|t:|1667983252\n|cant|p2a: Registeel|slp\n|move|p1a: Tangrowth|Focus Blast|p2a: Registeel|[miss]\n|-miss|p1a: Tangrowth|p2a: Registeel\n|\n|-heal|p2a: Registeel|96\/100 slp|[from] item: Leftovers\n|upkeep\n|turn|29\n|\n|t:|1667983255\n|-curestatus|p2a: Registeel|slp|[msg]\n|move|p2a: Registeel|Body Press|p1a: Tangrowth\n|-damage|p1a: Tangrowth|0 fnt\n|-damage|p2a: Registeel|80\/100|[from] item: Rocky Helmet|[of] p1a: Tangrowth\n|faint|p1a: Tangrowth\n|\n|-heal|p2a: Registeel|86\/100|[from] item: Leftovers\n|upkeep\n|\n|t:|1667983255\n|switch|p1a: rotomwash|Rotom-Wash|100\/100\n|turn|30\n|\n|t:|1667983264\n|switch|p1a: landorustherian|Landorus-Therian, M|59\/100\n|-ability|p1a: landorustherian|Intimidate|boost\n|-fail|p2a: Registeel|unboost|[from] ability: Clear Body|[of] p2a: Registeel\n|move|p2a: Registeel|Body Press|p1a: landorustherian\n|-resisted|p1a: landorustherian\n|-damage|p1a: landorustherian|11\/100\n|\n|-heal|p2a: Registeel|92\/100|[from] item: Leftovers\n|-heal|p1a: landorustherian|17\/100|[from] item: Leftovers\n|upkeep\n|turn|31\n|\n|t:|1667983272\n|move|p2a: Registeel|Body Press|p1a: landorustherian\n|-resisted|p1a: landorustherian\n|-damage|p1a: landorustherian|0 fnt\n|faint|p1a: landorustherian\n|\n|-heal|p2a: Registeel|98\/100|[from] item: Leftovers\n|upkeep\n|\n|t:|1667983272\n|switch|p1a: Weavile|Weavile, M|100\/100\n|-ability|p1a: Weavile|Pressure\n|turn|32\n|\n|t:|1667983281\n|move|p2a: Registeel|Body Press|p1a: Weavile\n|-supereffective|p1a: Weavile\n|-damage|p1a: Weavile|0 fnt\n|faint|p1a: Weavile\n|\n|-heal|p2a: Registeel|100\/100|[from] item: Leftovers\n|upkeep\n|\n|t:|1667983282\n|switch|p1a: rotomwash|Rotom-Wash|100\/100\n|turn|33\n|\n|t:|1667983290\n|move|p2a: Registeel|Body Press|p1a: rotomwash\n|-damage|p1a: rotomwash|0 fnt\n|faint|p1a: rotomwash\n|\n|upkeep\n|\n|t:|1667983290\n|switch|p1a: Melmetal|Melmetal|100\/100\n|turn|34\n|c|\u2606LT94JE Allistair|gg\n|\n|t:|1667983298\n|move|p2a: Registeel|Body Press|p1a: Melmetal\n|-supereffective|p1a: Melmetal\n|-damage|p1a: Melmetal|0 fnt\n|faint|p1a: Melmetal\n|\n|win|LT94JE Allistair\n|raw|minimax_ai's rating: 1651 &rarr; <strong>1632<\/strong><br \/>(-19 for losing)\n|raw|LT94JE Allistair's rating: 1677 &rarr; <strong>1696<\/strong><br \/>(+19 for winning)\n|c|\u2606minimax_ai|gg\n","uploadtime":1667983301,"views":3,"p1id":"minimaxai","p2id":"lt94jeallistair","formatid":"gen8ou","rating":1632,"private":0,"password":null}