{"id":"gen8ou-1637126566","p1":"LT92PF Maya","p2":"OldBoyASM","format":"gen8ou","log":"|raw|<div class=\"broadcast-blue\"><strong>This battle is required to be public due to a player having a name starting with 'lt92pf'.<\/div>\n|j|\u2606LT92PF Maya\n|j|\u2606OldBoyASM\n|t:|1660201540\n|gametype|singles\n|player|p1|LT92PF Maya|zinnia|1700\n|player|p2|OldBoyASM|265|1594\n|teamsize|p1|6\n|teamsize|p2|6\n|gen|8\n|tier|[Gen 8] OU\n|rated|\n|rule|Sleep Clause Mod: Limit one foe put to sleep\n|rule|Species Clause: Limit one of each Pok\u00e9mon\n|rule|OHKO Clause: OHKO moves are banned\n|rule|Evasion Items Clause: Evasion items are banned\n|rule|Evasion Moves Clause: Evasion moves are banned\n|rule|Endless Battle Clause: Forcing endless battles is banned\n|rule|HP Percentage Mod: HP is shown in percentages\n|rule|Dynamax Clause: You cannot dynamax\n|clearpoke\n|poke|p1|Tornadus, M|\n|poke|p1|Volcanion|\n|poke|p1|Whimsicott, F|\n|poke|p1|Dracozolt|\n|poke|p1|Bisharp, F|\n|poke|p1|Landorus-Therian, M|\n|poke|p2|Blaziken, M|\n|poke|p2|Tapu Koko|\n|poke|p2|Latios, M|\n|poke|p2|Landorus-Therian, M|\n|poke|p2|Dragapult, M|\n|poke|p2|Azumarill, M|\n|teampreview\n|c|\u2606LT92PF Maya|cool team dude\n|inactive|Battle timer is ON: inactive players will automatically lose when time's up. (requested by OldBoyASM)\n|j| Estuardo19 >\"<\n|inactive|LT92PF Maya has 120 seconds left.\n|inactive|LT92PF Maya has 90 seconds left.\n|\n|t:|1660201620\n|start\n|switch|p1a: Whimsicott|Whimsicott, F|100\/100\n|switch|p2a: Landeau Russe|Landorus-Therian, M|100\/100\n|-ability|p2a: Landeau Russe|Intimidate|boost\n|-unboost|p1a: Whimsicott|atk|1\n|turn|1\n|\n|t:|1660201627\n|move|p1a: Whimsicott|Taunt|p2a: Landeau Russe\n|-start|p2a: Landeau Russe|move: Taunt\n|cant|p2a: Landeau Russe|move: Taunt|Stealth Rock\n|\n|upkeep\n|turn|2\n|\n|t:|1660201634\n|move|p1a: Whimsicott|Tailwind|p1a: Whimsicott\n|-sidestart|p1: LT92PF Maya|move: Tailwind\n|move|p2a: Landeau Russe|Rock Tomb|p1a: Whimsicott\n|-damage|p1a: Whimsicott|66\/100\n|-unboost|p1a: Whimsicott|spe|1\n|\n|upkeep\n|turn|3\n|\n|t:|1660201649\n|switch|p1a: Bisharp|Bisharp, F|100\/100\n|move|p2a: Landeau Russe|Rock Tomb|p1a: Bisharp\n|-resisted|p1a: Bisharp\n|-damage|p1a: Bisharp|86\/100\n|-unboost|p1a: Bisharp|spe|1\n|-ability|p1a: Bisharp|Defiant\n|-boost|p1a: Bisharp|atk|2\n|\n|-end|p2a: Landeau Russe|move: Taunt\n|upkeep\n|turn|4\n|\n|t:|1660201663\n|move|p1a: Bisharp|Knock Off|p2a: Landeau Russe\n|-enditem|p2a: Landeau Russe|Focus Sash\n|-damage|p2a: Landeau Russe|1\/100\n|move|p2a: Landeau Russe|Stealth Rock|p1a: Bisharp\n|-sidestart|p1: LT92PF Maya|move: Stealth Rock\n|\n|upkeep\n|turn|5\n|\n|t:|1660201670\n|move|p1a: Bisharp|Knock Off|p2a: Landeau Russe\n|-damage|p2a: Landeau Russe|0 fnt\n|faint|p2a: Landeau Russe\n|\n|-sideend|p1: LT92PF Maya|move: Tailwind\n|upkeep\n|\n|t:|1660201672\n|switch|p2a: Sanders' Bird|Blaziken, M|100\/100\n|turn|6\n|\n|t:|1660201677\n|move|p1a: Bisharp|Sucker Punch|p2a: Sanders' Bird\n|-resisted|p2a: Sanders' Bird\n|-damage|p2a: Sanders' Bird|24\/100\n|move|p2a: Sanders' Bird|Flare Blitz|p1a: Bisharp\n|-supereffective|p1a: Bisharp\n|-damage|p1a: Bisharp|0 fnt\n|faint|p1a: Bisharp\n|-damage|p2a: Sanders' Bird|0 fnt|[from] Recoil\n|faint|p2a: Sanders' Bird\n|\n|upkeep\n|\n|t:|1660201690\n|switch|p2a: Marill Le Pen|Azumarill, M|100\/100\n|switch|p1a: Whimsicott|Whimsicott, F|66\/100\n|-damage|p1a: Whimsicott|54\/100|[from] Stealth Rock\n|turn|7\n|\n|t:|1660201698\n|move|p1a: Whimsicott|Tailwind|p1a: Whimsicott\n|-sidestart|p1: LT92PF Maya|move: Tailwind\n|move|p2a: Marill Le Pen|Play Rough|p1a: Whimsicott\n|-damage|p1a: Whimsicott|0 fnt\n|faint|p1a: Whimsicott\n|\n|upkeep\n|\n|t:|1660201714\n|switch|p1a: Dracozolt|Dracozolt|100\/100\n|-damage|p1a: Dracozolt|88\/100|[from] Stealth Rock\n|turn|8\n|\n|t:|1660201722\n|move|p2a: Marill Le Pen|Aqua Jet|p1a: Dracozolt\n|-resisted|p1a: Dracozolt\n|-damage|p1a: Dracozolt|72\/100\n|move|p1a: Dracozolt|Bolt Beak|p2a: Marill Le Pen\n|-supereffective|p2a: Marill Le Pen\n|-damage|p2a: Marill Le Pen|0 fnt\n|faint|p2a: Marill Le Pen\n|\n|upkeep\n|\n|t:|1660201725\n|switch|p2a: Henry Ledore|Dragapult, M|100\/100\n|turn|9\n|\n|t:|1660201731\n|move|p2a: Henry Ledore|Draco Meteor|p1a: Dracozolt\n|-supereffective|p1a: Dracozolt\n|-damage|p1a: Dracozolt|0 fnt\n|-unboost|p2a: Henry Ledore|spa|2\n|faint|p1a: Dracozolt\n|\n|upkeep\n|c|\u2606LT92PF Maya|ah\n|inactive|LT92PF Maya has 120 seconds left.\n|\n|t:|1660201765\n|switch|p1a: Volcanion|Volcanion|100\/100\n|-damage|p1a: Volcanion|76\/100|[from] Stealth Rock\n|turn|10\n|\n|t:|1660201769\n|switch|p2a: Super Jet|Latios, M|100\/100\n|move|p1a: Volcanion|Steam Eruption|p2a: Super Jet\n|-resisted|p2a: Super Jet\n|-damage|p2a: Super Jet|53\/100\n|-status|p2a: Super Jet|brn\n|\n|-damage|p2a: Super Jet|47\/100 brn|[from] brn\n|-sideend|p1: LT92PF Maya|move: Tailwind\n|upkeep\n|turn|11\n|\n|t:|1660201782\n|move|p2a: Super Jet|Psyshock|p1a: Volcanion\n|-damage|p1a: Volcanion|25\/100\n|move|p1a: Volcanion|Steam Eruption|p2a: Super Jet\n|-resisted|p2a: Super Jet\n|-damage|p2a: Super Jet|0 fnt\n|faint|p2a: Super Jet\n|\n|upkeep\n|\n|t:|1660201786\n|switch|p2a: Henry Ledore|Dragapult, M|100\/100\n|turn|12\n|\n|t:|1660201792\n|move|p2a: Henry Ledore|Shadow Ball|p1a: Volcanion\n|-crit|p1a: Volcanion\n|-damage|p1a: Volcanion|0 fnt\n|faint|p1a: Volcanion\n|\n|upkeep\n|\n|t:|1660201797\n|switch|p1a: Tornadus|Tornadus, M|100\/100\n|turn|13\n|\n|t:|1660201810\n|move|p2a: Henry Ledore|Shadow Ball|p1a: Tornadus\n|-damage|p1a: Tornadus|53\/100\n|move|p1a: Tornadus|Heat Wave|p2a: Henry Ledore\n|-resisted|p2a: Henry Ledore\n|-damage|p2a: Henry Ledore|83\/100\n|\n|upkeep\n|turn|14\n|\n|t:|1660201821\n|move|p1a: Tornadus|Tailwind|p1a: Tornadus\n|-sidestart|p1: LT92PF Maya|move: Tailwind\n|move|p2a: Henry Ledore|Shadow Ball|p1a: Tornadus\n|-damage|p1a: Tornadus|7\/100\n|\n|upkeep\n|turn|15\n|\n|t:|1660201832\n|move|p1a: Tornadus|Heat Wave|p2a: Henry Ledore\n|-resisted|p2a: Henry Ledore\n|-damage|p2a: Henry Ledore|64\/100\n|move|p2a: Henry Ledore|Shadow Ball|p1a: Tornadus\n|-damage|p1a: Tornadus|0 fnt\n|faint|p1a: Tornadus\n|\n|upkeep\n|\n|t:|1660201839\n|switch|p1a: Landorus|Landorus-Therian, M|100\/100\n|-damage|p1a: Landorus|88\/100|[from] Stealth Rock\n|-ability|p1a: Landorus|Intimidate|boost\n|-unboost|p2a: Henry Ledore|atk|1\n|turn|16\n|\n|t:|1660201846\n|move|p2a: Henry Ledore|Shadow Ball|p1a: Landorus\n|-damage|p1a: Landorus|38\/100\n|move|p1a: Landorus|Earthquake|p2a: Henry Ledore\n|-damage|p2a: Henry Ledore|0 fnt\n|faint|p2a: Henry Ledore\n|\n|upkeep\n|c| Estuardo19 >\"<|Era mejor atacar primero\n|c| Estuardo19 >\"<|Y luego el wind\n|\n|t:|1660201850\n|switch|p2a: Eric Tokk\u00e9ommour|Tapu Koko|100\/100\n|-fieldstart|move: Electric Terrain|[from] ability: Electric Surge|[of] p2a: Eric Tokk\u00e9ommour\n|turn|17\n|c| Estuardo19 >\"<|Xd\n|c| Estuardo19 >\"<|Pero igual ganas\n|c|\u2606LT92PF Maya|y si me critea\n|c|\u2606LT92PF Maya|pierdo\n|c|\u2606LT92PF Maya|100%\n|c| Estuardo19 >\"<|Asi que didint matter\n|inactive|LT92PF Maya has 120 seconds left.\n|\n|t:|1660201888\n|move|p1a: Landorus|Earthquake|p2a: Eric Tokk\u00e9ommour\n|-supereffective|p2a: Eric Tokk\u00e9ommour\n|-damage|p2a: Eric Tokk\u00e9ommour|0 fnt\n|faint|p2a: Eric Tokk\u00e9ommour\n|\n|win|LT92PF Maya\n|raw|LT92PF Maya's rating: 1700 &rarr; <strong>1714<\/strong><br \/>(+14 for winning)\n|raw|OldBoyASM's rating: 1594 &rarr; <strong>1580<\/strong><br \/>(-14 for losing)\n|l|\u2606OldBoyASM\n|l| Estuardo19 >\"<\n","uploadtime":1660201906,"views":10,"p1id":"lt92pfmaya","p2id":"oldboyasm","formatid":"gen8ou","rating":1580,"private":0,"password":null}