{"id":"gen8nationaldex-1563784555","p1":"Alu9204","p2":"stall no context","format":"gen8nationaldex","log":"|j|\u2606Alu9204\n|j|\u2606stall no context\n|t:|1651214311\n|gametype|singles\n|player|p1|Alu9204|burglar|1524\n|player|p2|stall no context|102|1409\n|teamsize|p1|6\n|teamsize|p2|6\n|gen|8\n|tier|[Gen 8] National Dex\n|rated|\n|rule|HP Percentage Mod: HP is shown in percentages\n|rule|Endless Battle Clause: Forcing endless battles is banned\n|rule|OHKO Clause: OHKO moves are banned\n|rule|Evasion Moves Clause: Evasion moves are banned\n|rule|Species Clause: Limit one of each Pok\u00e9mon\n|rule|Dynamax Clause: You cannot dynamax\n|rule|Sleep Clause Mod: Limit one foe put to sleep\n|clearpoke\n|poke|p1|Breloom, F|\n|poke|p1|Landorus-Therian, M|\n|poke|p1|Zeraora|\n|poke|p1|Corviknight, F|\n|poke|p1|Zapdos-Galar|\n|poke|p1|Latios, M|\n|poke|p2|Tapu Koko|\n|poke|p2|Mew|\n|poke|p2|Hawlucha, M|\n|poke|p2|Tyranitar, F|\n|poke|p2|Volcarona, F|\n|poke|p2|Bisharp, M|\n|teampreview\n|inactive|Battle timer is ON: inactive players will automatically lose when time's up. (requested by stall no context)\n|\n|t:|1651214323\n|start\n|switch|p1a: Breloom|Breloom, F|100\/100\n|switch|p2a: Tapu Koko|Tapu Koko|100\/100\n|-fieldstart|move: Electric Terrain|[from] ability: Electric Surge|[of] p2a: Tapu Koko\n|turn|1\n|\n|t:|1651214333\n|move|p2a: Tapu Koko|Taunt|p1a: Breloom\n|-start|p1a: Breloom|move: Taunt\n|move|p1a: Breloom|Bullet Seed|p2a: Tapu Koko\n|-damage|p2a: Tapu Koko|77\/100\n|-damage|p2a: Tapu Koko|55\/100\n|-damage|p2a: Tapu Koko|32\/100\n|-hitcount|p2a: Tapu Koko|3\n|\n|upkeep\n|turn|2\n|\n|t:|1651214349\n|switch|p1a: Landorus|Landorus-Therian, M|100\/100\n|-ability|p1a: Landorus|Intimidate|boost\n|-unboost|p2a: Tapu Koko|atk|1\n|move|p2a: Tapu Koko|Reflect|p2a: Tapu Koko\n|-sidestart|p2: stall no context|Reflect\n|\n|upkeep\n|turn|3\n|\n|t:|1651214359\n|switch|p2a: Hawlucha|Hawlucha, M|100\/100\n|-enditem|p2a: Hawlucha|Electric Seed\n|-boost|p2a: Hawlucha|def|1|[from] item: Electric Seed\n|move|p1a: Landorus|Earthquake|p2a: Hawlucha\n|-immune|p2a: Hawlucha\n|\n|upkeep\n|turn|4\n|\n|t:|1651214363\n|move|p2a: Hawlucha|Substitute|p2a: Hawlucha\n|-start|p2a: Hawlucha|Substitute\n|-damage|p2a: Hawlucha|76\/100\n|move|p1a: Landorus|Toxic||[still]\n|-fail|p1a: Landorus\n|\n|upkeep\n|turn|5\n|\n|t:|1651214370\n|switch|p1a: Corviknight|Corviknight, F|100\/100\n|-ability|p1a: Corviknight|Pressure\n|move|p2a: Hawlucha|Swords Dance|p2a: Hawlucha\n|-boost|p2a: Hawlucha|atk|2\n|\n|-fieldend|move: Electric Terrain\n|upkeep\n|turn|6\n|\n|t:|1651214375\n|move|p2a: Hawlucha|Swords Dance|p2a: Hawlucha\n|-boost|p2a: Hawlucha|atk|2\n|move|p1a: Corviknight|Brave Bird|p2a: Hawlucha\n|-supereffective|p2a: Hawlucha\n|-end|p2a: Hawlucha|Substitute\n|-damage|p1a: Corviknight|94\/100|[from] Recoil|[of] p2a: Hawlucha\n|\n|upkeep\n|turn|7\n|\n|t:|1651214378\n|move|p2a: Hawlucha|Close Combat|p1a: Corviknight\n|-damage|p1a: Corviknight|0 fnt\n|-unboost|p2a: Hawlucha|def|1\n|-unboost|p2a: Hawlucha|spd|1\n|-damage|p2a: Hawlucha|59\/100|[from] item: Rocky Helmet|[of] p1a: Corviknight\n|faint|p1a: Corviknight\n|\n|upkeep\n|\n|t:|1651214381\n|switch|p1a: Landorus|Landorus-Therian, M|100\/100\n|-ability|p1a: Landorus|Intimidate|boost\n|-unboost|p2a: Hawlucha|atk|1\n|turn|8\n|\n|t:|1651214389\n|move|p2a: Hawlucha|Substitute|p2a: Hawlucha\n|-start|p2a: Hawlucha|Substitute\n|-damage|p2a: Hawlucha|34\/100\n|move|p1a: Landorus|U-turn|p2a: Hawlucha\n|-resisted|p2a: Hawlucha\n|-crit|p2a: Hawlucha\n|-activate|p2a: Hawlucha|move: Substitute|[damage]\n|\n|t:|1651214396\n|switch|p1a: Breloom|Breloom, F|100\/100|[from]move: U-turn\n|\n|upkeep\n|turn|9\n|\n|t:|1651214401\n|move|p2a: Hawlucha|Acrobatics|p1a: Breloom\n|-supereffective|p1a: Breloom\n|-enditem|p1a: Breloom|Focus Sash\n|-damage|p1a: Breloom|1\/100\n|move|p1a: Breloom|Bullet Seed|p2a: Hawlucha\n|-resisted|p2a: Hawlucha\n|-activate|p2a: Hawlucha|move: Substitute|[damage]\n|-resisted|p2a: Hawlucha\n|-activate|p2a: Hawlucha|move: Substitute|[damage]\n|-hitcount|p2a: Hawlucha|2\n|\n|-sideend|p2: stall no context|Reflect\n|upkeep\n|turn|10\n|\n|t:|1651214405\n|move|p1a: Breloom|Mach Punch|p2a: Hawlucha\n|-resisted|p2a: Hawlucha\n|-end|p2a: Hawlucha|Substitute\n|move|p2a: Hawlucha|Acrobatics|p1a: Breloom\n|-supereffective|p1a: Breloom\n|-damage|p1a: Breloom|0 fnt\n|faint|p1a: Breloom\n|\n|upkeep\n|\n|t:|1651214415\n|switch|p1a: Landorus|Landorus-Therian, M|100\/100\n|-ability|p1a: Landorus|Intimidate|boost\n|-unboost|p2a: Hawlucha|atk|1\n|turn|11\n|\n|t:|1651214420\n|move|p2a: Hawlucha|Substitute|p2a: Hawlucha\n|-start|p2a: Hawlucha|Substitute\n|-damage|p2a: Hawlucha|9\/100\n|move|p1a: Landorus|U-turn|p2a: Hawlucha\n|-resisted|p2a: Hawlucha\n|-activate|p2a: Hawlucha|move: Substitute|[damage]\n|\n|t:|1651214428\n|switch|p1a: Zapdos|Zapdos-Galar|100\/100|[from]move: U-turn\n|\n|upkeep\n|turn|12\n|\n|t:|1651214432\n|switch|p1a: Landorus|Landorus-Therian, M|100\/100\n|-ability|p1a: Landorus|Intimidate|boost\n|-immune|p2a: Hawlucha\n|move|p2a: Hawlucha|Acrobatics|p1a: Landorus\n|-damage|p1a: Landorus|19\/100\n|\n|-heal|p1a: Landorus|25\/100|[from] item: Leftovers\n|upkeep\n|turn|13\n|\n|t:|1651214434\n|move|p2a: Hawlucha|Acrobatics|p1a: Landorus\n|-crit|p1a: Landorus\n|-damage|p1a: Landorus|0 fnt\n|faint|p1a: Landorus\n|\n|upkeep\n|c|\u2606stall no context|ggez\n|\n|t:|1651214441\n|switch|p1a: Zeraora|Zeraora|100\/100\n|turn|14\n|\n|t:|1651214443\n|move|p2a: Hawlucha|Close Combat|p1a: Zeraora\n|-damage|p1a: Zeraora|0 fnt\n|-unboost|p2a: Hawlucha|def|1\n|-unboost|p2a: Hawlucha|spd|1\n|faint|p1a: Zeraora\n|\n|upkeep\n|\n|t:|1651214449\n|switch|p1a: Zapdos|Zapdos-Galar|100\/100\n|turn|15\n|\n|t:|1651214453\n|move|p2a: Hawlucha|Acrobatics|p1a: Zapdos\n|-supereffective|p1a: Zapdos\n|-damage|p1a: Zapdos|0 fnt\n|faint|p1a: Zapdos\n|\n|upkeep\n|\n|t:|1651214455\n|switch|p1a: Latios|Latios, M|100\/100\n|turn|16\n|-message|Alu9204 forfeited.\n|\n|win|stall no context\n|raw|Alu9204's rating: 1524 &rarr; <strong>1498<\/strong><br \/>(-26 for losing)\n|raw|stall no context's rating: 1409 &rarr; <strong>1435<\/strong><br \/>(+26 for winning)\n|l|\u2606Alu9204\n","uploadtime":1651214469,"views":6,"p1id":"alu9204","p2id":"stallnocontext","formatid":"gen8nationaldex","rating":1435,"private":0,"password":null}