{"id":"gen8monotype-1410313776","p1":"TheonReekGreyjoy","p2":"Gamblero","format":"gen8monotype","log":"|j|\u2606TheonReekGreyjoy\n|j|\u2606Gamblero\n|t:|1630792951\n|gametype|singles\n|player|p1|TheonReekGreyjoy|102|\n|player|p2|Gamblero|preschooler|\n|teamsize|p1|6\n|teamsize|p2|6\n|gen|8\n|tier|[Gen 8] Monotype\n|rule|Same Type Clause: Pok\u00e9mon in a team must share a type\n|rule|Sleep Clause Mod: Limit one foe put to sleep\n|rule|Species Clause: Limit one of each Pok\u00e9mon\n|rule|OHKO Clause: OHKO moves are banned\n|rule|Evasion Moves Clause: Evasion moves are banned\n|rule|Endless Battle Clause: Forcing endless battles is banned\n|rule|HP Percentage Mod: HP is shown in percentages\n|rule|Dynamax Clause: You cannot dynamax\n|clearpoke\n|poke|p1|Ninetales-Alola, M|\n|poke|p1|Arctozolt|\n|poke|p1|Sandslash-Alola, F|\n|poke|p1|Piloswine, M|\n|poke|p1|Weavile, M|\n|poke|p1|Darmanitan-Galar, F|\n|poke|p2|Blacephalon|\n|poke|p2|Torkoal, M|\n|poke|p2|Incineroar, M|\n|poke|p2|Moltres|\n|poke|p2|Marowak-Alola, M|\n|poke|p2|Rotom-Heat|\n|teampreview\n|c|\u2606Gamblero|Glhf\n|c|\u2606Gamblero|Actually\n|c|\u2606Gamblero|Nvm\n|c|\u2606Gamblero|Ihy\n|c|\u2606TheonReekGreyjoy|U2\n|c|\u2606TheonReekGreyjoy|Lmao\n|c|\u2606Gamblero|Why tf did you pick ice\n|c|\u2606Gamblero|No shame in losing to you\n|c|\u2606Gamblero|But now there is with this matchup\n|\n|t:|1630793023\n|start\n|switch|p1a: Piloswine|Piloswine, M|100\/100\n|switch|p2a: Incineroar|Incineroar, M|100\/100\n|-ability|p2a: Incineroar|Intimidate|boost\n|-unboost|p1a: Piloswine|atk|1\n|turn|1\n|\n|t:|1630793032\n|move|p2a: Incineroar|Fake Out|p1a: Piloswine\n|-damage|p1a: Piloswine|91\/100\n|cant|p1a: Piloswine|flinch\n|\n|upkeep\n|turn|2\n|\n|t:|1630793051\n|move|p2a: Incineroar|Knock Off|p1a: Piloswine\n|-damage|p1a: Piloswine|58\/100\n|-enditem|p1a: Piloswine|Eviolite|[from] move: Knock Off|[of] p2a: Incineroar\n|move|p1a: Piloswine|Stealth Rock|p2a: Incineroar\n|-sidestart|p2: Gamblero|move: Stealth Rock\n|\n|upkeep\n|turn|3\n|\n|t:|1630793066\n|move|p2a: Incineroar|U-turn|p1a: Piloswine\n|-damage|p1a: Piloswine|31\/100\n|\n|t:|1630793069\n|switch|p2a: Torkoal|Torkoal, M|100\/100|[from]move: U-turn\n|-damage|p2a: Torkoal|76\/100|[from] Stealth Rock\n|-weather|SunnyDay|[from] ability: Drought|[of] p2a: Torkoal\n|move|p1a: Piloswine|Roar|p2a: Torkoal\n|drag|p2a: Incineroar|Incineroar, M|100\/100\n|-damage|p2a: Incineroar|76\/100|[from] Stealth Rock\n|-ability|p2a: Incineroar|Intimidate|boost\n|-unboost|p1a: Piloswine|atk|1\n|\n|-weather|SunnyDay|[upkeep]\n|upkeep\n|turn|4\n|\n|t:|1630793091\n|move|p2a: Incineroar|Flare Blitz|p1a: Piloswine\n|-supereffective|p1a: Piloswine\n|-damage|p1a: Piloswine|0 fnt\n|faint|p1a: Piloswine\n|-damage|p2a: Incineroar|65\/100|[from] Recoil\n|\n|-weather|SunnyDay|[upkeep]\n|upkeep\n|\n|t:|1630793127\n|switch|p1a: Sandslash|Sandslash-Alola, F|100\/100\n|turn|5\n|\n|t:|1630793142\n|move|p1a: Sandslash|Earthquake|p2a: Incineroar\n|-supereffective|p2a: Incineroar\n|-damage|p2a: Incineroar|5\/100\n|move|p2a: Incineroar|Flare Blitz|p1a: Sandslash\n|-supereffective|p1a: Sandslash\n|-damage|p1a: Sandslash|0 fnt\n|faint|p1a: Sandslash\n|-damage|p2a: Incineroar|0 fnt|[from] Recoil\n|faint|p2a: Incineroar\n|\n|-weather|SunnyDay|[upkeep]\n|upkeep\n|\n|t:|1630793167\n|switch|p1a: Darmanitan|Darmanitan-Galar, F|100\/100\n|switch|p2a: Blacephalon|Blacephalon|100\/100\n|-damage|p2a: Blacephalon|76\/100|[from] Stealth Rock\n|turn|6\n|j| NiMbLess\n|\n|t:|1630793178\n|move|p2a: Blacephalon|Fire Blast|p1a: Darmanitan|[miss]\n|-miss|p2a: Blacephalon|p1a: Darmanitan\n|move|p1a: Darmanitan|Earthquake|p2a: Blacephalon\n|-supereffective|p2a: Blacephalon\n|-damage|p2a: Blacephalon|0 fnt\n|faint|p2a: Blacephalon\n|\n|-weather|SunnyDay|[upkeep]\n|upkeep\n|c|\u2606Gamblero|Disgusting\n|\n|t:|1630793190\n|switch|p2a: Moltres|Moltres|100\/100\n|turn|7\n|c|\u2606TheonReekGreyjoy|Sorry\n|c|\u2606Gamblero|No\n|\n|t:|1630793203\n|switch|p1a: Ninetales|Ninetales-Alola, M|100\/100\n|-weather|Hail|[from] ability: Snow Warning|[of] p1a: Ninetales\n|move|p2a: Moltres|Defog|p1a: Ninetales\n|-unboost|p1a: Ninetales|evasion|1\n|-sideend|p2: Gamblero|Stealth Rock|[from] move: Defog|[of] p2a: Moltres\n|\n|-weather|Hail|[upkeep]\n|-damage|p2a: Moltres|94\/100|[from] Hail\n|upkeep\n|turn|8\n|\n|t:|1630793220\n|switch|p2a: Torkoal|Torkoal, M|76\/100\n|-weather|SunnyDay|[from] ability: Drought|[of] p2a: Torkoal\n|move|p1a: Ninetales|Aurora Veil||[still]\n|-fail|p1a: Ninetales\n|\n|-weather|SunnyDay|[upkeep]\n|upkeep\n|turn|9\n|\n|t:|1630793246\n|move|p1a: Ninetales|Freeze-Dry|p2a: Torkoal\n|-resisted|p2a: Torkoal\n|-damage|p2a: Torkoal|63\/100\n|move|p2a: Torkoal|Stealth Rock|p1a: Ninetales\n|-sidestart|p1: TheonReekGreyjoy|move: Stealth Rock\n|\n|-weather|SunnyDay|[upkeep]\n|upkeep\n|turn|10\n|\n|t:|1630793261\n|move|p1a: Ninetales|Encore|p2a: Torkoal\n|-start|p2a: Torkoal|Encore\n|move|p2a: Torkoal|Stealth Rock||[still]\n|-fail|p2a: Torkoal\n|\n|-weather|SunnyDay|[upkeep]\n|upkeep\n|turn|11\n|\n|t:|1630793273\n|switch|p1a: Weavile|Weavile, M|100\/100\n|-damage|p1a: Weavile|76\/100|[from] Stealth Rock\n|-ability|p1a: Weavile|Pressure\n|switch|p2a: Marowak|Marowak-Alola, M|100\/100\n|\n|-weather|SunnyDay|[upkeep]\n|upkeep\n|turn|12\n|\n|t:|1630793286\n|move|p1a: Weavile|Knock Off|p2a: Marowak\n|-supereffective|p2a: Marowak\n|-damage|p2a: Marowak|14\/100\n|-enditem|p2a: Marowak|Thick Club|[from] move: Knock Off|[of] p1a: Weavile\n|move|p2a: Marowak|Flare Blitz|p1a: Weavile\n|-supereffective|p1a: Weavile\n|-damage|p1a: Weavile|0 fnt\n|faint|p1a: Weavile\n|\n|-weather|SunnyDay|[upkeep]\n|upkeep\n|\n|t:|1630793298\n|switch|p1a: Ninetales|Ninetales-Alola, M|100\/100\n|-damage|p1a: Ninetales|76\/100|[from] Stealth Rock\n|-weather|Hail|[from] ability: Snow Warning|[of] p1a: Ninetales\n|turn|13\n|\n|t:|1630793305\n|switch|p2a: Torkoal|Torkoal, M|63\/100\n|-weather|SunnyDay|[from] ability: Drought|[of] p2a: Torkoal\n|move|p1a: Ninetales|Moonblast|p2a: Torkoal\n|-resisted|p2a: Torkoal\n|-damage|p2a: Torkoal|45\/100\n|\n|-weather|SunnyDay|[upkeep]\n|upkeep\n|turn|14\n|\n|t:|1630793317\n|switch|p2a: Rotom|Rotom-Heat|100\/100\n|move|p1a: Ninetales|Moonblast|p2a: Rotom\n|-resisted|p2a: Rotom\n|-damage|p2a: Rotom|91\/100\n|\n|-weather|SunnyDay|[upkeep]\n|-heal|p2a: Rotom|97\/100|[from] item: Leftovers\n|upkeep\n|turn|15\n|\n|t:|1630793332\n|move|p1a: Ninetales|Moonblast|p2a: Rotom\n|-resisted|p2a: Rotom\n|-damage|p2a: Rotom|86\/100\n|move|p2a: Rotom|Overheat|p1a: Ninetales\n|-supereffective|p1a: Ninetales\n|-damage|p1a: Ninetales|0 fnt\n|-unboost|p2a: Rotom|spa|2\n|faint|p1a: Ninetales\n|\n|-weather|SunnyDay|[upkeep]\n|-heal|p2a: Rotom|92\/100|[from] item: Leftovers\n|upkeep\n|\n|t:|1630793344\n|switch|p1a: Arctozolt|Arctozolt|100\/100\n|turn|16\n|\n|t:|1630793351\n|switch|p2a: Marowak|Marowak-Alola, M|14\/100\n|move|p1a: Arctozolt|Substitute|p1a: Arctozolt\n|-start|p1a: Arctozolt|Substitute\n|-damage|p1a: Arctozolt|76\/100\n|\n|-weather|SunnyDay|[upkeep]\n|upkeep\n|turn|17\n|\n|t:|1630793363\n|move|p1a: Arctozolt|Low Kick|p2a: Marowak\n|-immune|p2a: Marowak\n|move|p2a: Marowak|Flare Blitz|p1a: Arctozolt\n|-supereffective|p1a: Arctozolt\n|-end|p1a: Arctozolt|Substitute\n|\n|-weather|SunnyDay|[upkeep]\n|upkeep\n|turn|18\n|c|\u2606TheonReekGreyjoy|Missclick lol\n|\n|t:|1630793381\n|move|p1a: Arctozolt|Bolt Beak|p2a: Marowak\n|-damage|p2a: Marowak|0 fnt\n|faint|p2a: Marowak\n|\n|-weather|SunnyDay|[upkeep]\n|upkeep\n|\n|t:|1630793393\n|switch|p2a: Torkoal|Torkoal, M|45\/100\n|turn|19\n|\n|t:|1630793402\n|move|p1a: Arctozolt|Bolt Beak|p2a: Torkoal\n|-damage|p2a: Torkoal|1\/100\n|move|p2a: Torkoal|Lava Plume|p1a: Arctozolt\n|-supereffective|p1a: Arctozolt\n|-damage|p1a: Arctozolt|0 fnt\n|faint|p1a: Arctozolt\n|\n|-weather|SunnyDay|[upkeep]\n|upkeep\n|\n|t:|1630793411\n|switch|p1a: Darmanitan|Darmanitan-Galar, F|100\/100\n|-damage|p1a: Darmanitan|76\/100|[from] Stealth Rock\n|turn|20\n|\n|t:|1630793419\n|move|p1a: Darmanitan|Icicle Crash|p2a: Torkoal\n|-resisted|p2a: Torkoal\n|-damage|p2a: Torkoal|0 fnt\n|faint|p2a: Torkoal\n|\n|-weather|none\n|upkeep\n|c|\u2606TheonReekGreyjoy|Ggf\n|\n|t:|1630793430\n|switch|p2a: Rotom|Rotom-Heat|92\/100\n|turn|21\n|c|\u2606Gamblero|Ggs man\n|\n|t:|1630793446\n|move|p1a: Darmanitan|Icicle Crash|p2a: Rotom\n|-resisted|p2a: Rotom\n|-damage|p2a: Rotom|52\/100\n|move|p2a: Rotom|Overheat|p1a: Darmanitan\n|-supereffective|p1a: Darmanitan\n|-damage|p1a: Darmanitan|0 fnt\n|-unboost|p2a: Rotom|spa|2\n|faint|p1a: Darmanitan\n|\n|win|Gamblero\n","uploadtime":1630793459,"views":82,"p1id":"theonreekgreyjoy","p2id":"gamblero","formatid":"gen8monotype","rating":0,"private":0,"password":null}