{"id":"gen8ou-1187930037","p1":"Moth.o","p2":"ArcanineSquad","format":"gen8ou","log":"|j|\u2606Moth.o\n|j|\u2606ArcanineSquad\n|t:|1600268257\n|player|p1|Moth.o|roxie|1460\n|player|p2|ArcanineSquad|cynthia-gen4|1423\n|teamsize|p1|6\n|teamsize|p2|6\n|gametype|singles\n|gen|8\n|tier|[Gen 8] OU\n|rated|\n|html|<div class=\"broadcast-blue\"><strong>OU is currently suspecting Cinderace! For information on how to participate check out the <a href=\"https:\/\/www.smogon.com\/forums\/threads\/3670532\/\">suspect thread<\/a>.<\/strong><\/div>\n|clearpoke\n|poke|p1|Cinccino, F|\n|poke|p1|Magnezone|\n|poke|p1|Primarina, F|\n|poke|p1|Silvally-*|\n|poke|p1|Arcanine, F|\n|poke|p1|Celebi|\n|poke|p2|Pincurchin, F|\n|poke|p2|Clefable, M|\n|poke|p2|Raichu-Alola, M|\n|poke|p2|Cinderace, F|\n|poke|p2|Tangrowth, M|\n|poke|p2|Crawdaunt, M|\n|rule|Sleep Clause Mod: Limit one foe put to sleep\n|rule|Species Clause: Limit one of each Pok\u00e9mon\n|rule|OHKO Clause: OHKO moves are banned\n|rule|Evasion Moves Clause: Evasion moves are banned\n|rule|Endless Battle Clause: Forcing endless battles is banned\n|rule|HP Percentage Mod: HP is shown in percentages\n|rule|Dynamax Clause: You cannot dynamax\n|teampreview\n|inactive|Battle timer is ON: inactive players will automatically lose when time's up. (requested by ArcanineSquad)\n|\n|t:|1600268283\n|start\n|switch|p1a: Cinccino|Cinccino, F|100\/100\n|switch|p2a: Cinderace|Cinderace, F|100\/100\n|turn|1\n|\n|t:|1600268292\n|switch|p1a: Arcanine|Arcanine, F|100\/100\n|-ability|p1a: Arcanine|Intimidate|boost\n|-unboost|p2a: Cinderace|atk|1\n|move|p2a: Cinderace|Pyro Ball|p1a: Arcanine\n|-resisted|p1a: Arcanine\n|-damage|p1a: Arcanine|80\/100\n|\n|upkeep\n|turn|2\n|\n|t:|1600268303\n|move|p2a: Cinderace|U-turn|p1a: Arcanine\n|-start|p2a: Cinderace|typechange|Bug|[from] ability: Libero\n|-resisted|p1a: Arcanine\n|-damage|p1a: Arcanine|67\/100\n|\n|t:|1600268309\n|switch|p2a: Clefable|Clefable, M, shiny|100\/100|[from]move: U-turn\n|move|p1a: Arcanine|Teleport|p1a: Arcanine\n|\n|t:|1600268315\n|switch|p1a: Magnezone|Magnezone|100\/100|[from]move: Teleport\n|\n|upkeep\n|turn|3\n|\n|t:|1600268321\n|switch|p2a: Tangrowth|Tangrowth, M, shiny|100\/100\n|move|p1a: Magnezone|Flash Cannon|p2a: Tangrowth\n|-damage|p2a: Tangrowth|39\/100\n|\n|upkeep\n|turn|4\n|\n|t:|1600268328\n|move|p1a: Magnezone|Flash Cannon|p2a: Tangrowth\n|-damage|p2a: Tangrowth|0 fnt\n|faint|p2a: Tangrowth\n|\n|upkeep\n|\n|t:|1600268332\n|switch|p2a: Cinderace|Cinderace, F|100\/100\n|turn|5\n|\n|t:|1600268337\n|move|p2a: Cinderace|U-turn|p1a: Magnezone\n|-start|p2a: Cinderace|typechange|Bug|[from] ability: Libero\n|-resisted|p1a: Magnezone\n|-damage|p1a: Magnezone|85\/100\n|\n|t:|1600268342\n|switch|p2a: Pincurchin|Pincurchin, F|100\/100|[from]move: U-turn\n|-fieldstart|move: Electric Terrain|[from] ability: Electric Surge|[of] p2a: Pincurchin\n|move|p1a: Magnezone|Flash Cannon|p2a: Pincurchin\n|-resisted|p2a: Pincurchin\n|-damage|p2a: Pincurchin|39\/100\n|\n|upkeep\n|turn|6\n|\n|t:|1600268350\n|move|p1a: Magnezone|Flash Cannon|p2a: Pincurchin\n|-resisted|p2a: Pincurchin\n|-damage|p2a: Pincurchin|0 fnt\n|faint|p2a: Pincurchin\n|\n|upkeep\n|\n|t:|1600268354\n|switch|p2a: Cinderace|Cinderace, F|100\/100\n|turn|7\n|\n|t:|1600268359\n|switch|p1a: Arcanine|Arcanine, F|67\/100\n|-ability|p1a: Arcanine|Intimidate|boost\n|-unboost|p2a: Cinderace|atk|1\n|move|p2a: Cinderace|U-turn|p1a: Arcanine\n|-start|p2a: Cinderace|typechange|Bug|[from] ability: Libero\n|-resisted|p1a: Arcanine\n|-damage|p1a: Arcanine|54\/100\n|\n|t:|1600268367\n|switch|p2a: Crawdaunt|Crawdaunt, M, shiny|100\/100|[from]move: U-turn\n|\n|upkeep\n|turn|8\n|\n|t:|1600268372\n|move|p1a: Arcanine|Will-O-Wisp|p2a: Crawdaunt\n|-status|p2a: Crawdaunt|brn\n|move|p2a: Crawdaunt|Knock Off|p1a: Arcanine\n|-damage|p1a: Arcanine|7\/100\n|-enditem|p1a: Arcanine|Heavy-Duty Boots|[from] move: Knock Off|[of] p2a: Crawdaunt\n|-damage|p2a: Crawdaunt|91\/100 brn|[from] item: Life Orb\n|\n|-damage|p2a: Crawdaunt|85\/100 brn|[from] brn\n|upkeep\n|turn|9\n|\n|t:|1600268383\n|switch|p1a: Primarina|Primarina, F|100\/100\n|move|p2a: Crawdaunt|Knock Off|p1a: Primarina\n|-resisted|p1a: Primarina\n|-damage|p1a: Primarina|83\/100\n|-enditem|p1a: Primarina|Leftovers|[from] move: Knock Off|[of] p2a: Crawdaunt\n|-damage|p2a: Crawdaunt|75\/100 brn|[from] item: Life Orb\n|\n|-damage|p2a: Crawdaunt|69\/100 brn|[from] brn\n|upkeep\n|turn|10\n|\n|t:|1600268397\n|switch|p2a: Raichu|Raichu-Alola, M|100\/100\n|move|p1a: Primarina|Moonblast|p2a: Raichu\n|-damage|p2a: Raichu|45\/100\n|-unboost|p2a: Raichu|spa|1\n|\n|upkeep\n|turn|11\n|\n|t:|1600268414\n|switch|p1a: Cinccino|Cinccino, F|100\/100\n|move|p2a: Raichu|Nasty Plot|p2a: Raichu\n|-boost|p2a: Raichu|spa|2\n|\n|upkeep\n|turn|12\n|\n|t:|1600268441\n|switch|p1a: Celebi|Celebi, shiny|100\/100\n|move|p2a: Raichu|Rising Voltage|p1a: Celebi\n|-resisted|p1a: Celebi\n|-crit|p1a: Celebi\n|-damage|p1a: Celebi|0 fnt\n|faint|p1a: Celebi\n|\n|-fieldend|move: Electric Terrain\n|upkeep\n|inactive|Moth.o has 120 seconds left.\n|\n|t:|1600268453\n|switch|p1a: Cinccino|Cinccino, F|100\/100\n|turn|13\n|\n|t:|1600268457\n|switch|p2a: Clefable|Clefable, M, shiny|100\/100\n|move|p1a: Cinccino|U-turn|p2a: Clefable\n|-resisted|p2a: Clefable\n|-damage|p2a: Clefable|90\/100\n|\n|t:|1600268463\n|switch|p1a: Magnezone|Magnezone|85\/100|[from]move: U-turn\n|\n|-heal|p2a: Clefable|96\/100|[from] item: Leftovers\n|upkeep\n|turn|14\n|\n|t:|1600268470\n|switch|p2a: Cinderace|Cinderace, F|100\/100\n|move|p1a: Magnezone|Flash Cannon|p2a: Cinderace\n|-resisted|p2a: Cinderace\n|-damage|p2a: Cinderace|32\/100\n|-unboost|p2a: Cinderace|spd|1\n|\n|upkeep\n|turn|15\n|\n|t:|1600268485\n|switch|p1a: Primarina|Primarina, F|83\/100\n|move|p2a: Cinderace|Pyro Ball|p1a: Primarina\n|-resisted|p1a: Primarina\n|-damage|p1a: Primarina|59\/100\n|\n|upkeep\n|turn|16\n|\n|t:|1600268502\n|move|p2a: Cinderace|Gunk Shot|p1a: Primarina\n|-start|p2a: Cinderace|typechange|Poison|[from] ability: Libero\n|-supereffective|p1a: Primarina\n|-damage|p1a: Primarina|0 fnt\n|faint|p1a: Primarina\n|\n|upkeep\n|\n|t:|1600268512\n|switch|p1a: Arcanine|Arcanine, F|7\/100\n|-ability|p1a: Arcanine|Intimidate|boost\n|-unboost|p2a: Cinderace|atk|1\n|turn|17\n|\n|t:|1600268522\n|switch|p1a: Cinccino|Cinccino, F|100\/100\n|move|p2a: Cinderace|U-turn|p1a: Cinccino\n|-start|p2a: Cinderace|typechange|Bug|[from] ability: Libero\n|-damage|p1a: Cinccino|54\/100\n|\n|t:|1600268529\n|switch|p2a: Crawdaunt|Crawdaunt, M, shiny|69\/100 brn|[from]move: U-turn\n|\n|-damage|p2a: Crawdaunt|63\/100 brn|[from] brn\n|upkeep\n|turn|18\n|\n|t:|1600268536\n|move|p1a: Cinccino|U-turn|p2a: Crawdaunt\n|-supereffective|p2a: Crawdaunt\n|-damage|p2a: Crawdaunt|10\/100 brn\n|\n|t:|1600268542\n|switch|p1a: Silvally|Silvally-Flying|100\/100|[from]move: U-turn\n|cant|p2a: Crawdaunt|flinch\n|\n|-damage|p2a: Crawdaunt|4\/100 brn|[from] brn\n|upkeep\n|turn|19\n|\n|t:|1600268554\n|move|p2a: Crawdaunt|Aqua Jet|p1a: Silvally\n|-damage|p1a: Silvally|81\/100\n|-damage|p2a: Crawdaunt|0 fnt|[from] item: Life Orb\n|faint|p2a: Crawdaunt\n|move|p1a: Silvally|Flame Charge|p2: Crawdaunt|[notarget]\n|-fail|p1a: Silvally\n|\n|upkeep\n|\n|t:|1600268562\n|switch|p2a: Raichu|Raichu-Alola, M|45\/100\n|turn|20\n|\n|t:|1600268570\n|move|p1a: Silvally|Parting Shot|p2a: Raichu\n|-unboost|p2a: Raichu|atk|1\n|-unboost|p2a: Raichu|spa|1\n|\n|t:|1600268575\n|switch|p1a: Magnezone|Magnezone|85\/100|[from]move: Parting Shot\n|move|p2a: Raichu|Rising Voltage|p1a: Magnezone\n|-resisted|p1a: Magnezone\n|-damage|p1a: Magnezone|70\/100\n|\n|upkeep\n|turn|21\n|\n|t:|1600268587\n|move|p2a: Raichu|Substitute|p2a: Raichu\n|-start|p2a: Raichu|Substitute\n|-damage|p2a: Raichu|20\/100\n|move|p1a: Magnezone|Thunderbolt|p2a: Raichu\n|-resisted|p2a: Raichu\n|-end|p2a: Raichu|Substitute\n|\n|upkeep\n|turn|22\n|\n|t:|1600268594\n|move|p2a: Raichu|Rising Voltage|p1a: Magnezone\n|-resisted|p1a: Magnezone\n|-damage|p1a: Magnezone|57\/100\n|move|p1a: Magnezone|Thunderbolt|p2a: Raichu\n|-resisted|p2a: Raichu\n|-damage|p2a: Raichu|0 fnt\n|faint|p2a: Raichu\n|\n|upkeep\n|\n|t:|1600268602\n|switch|p2a: Cinderace|Cinderace, F|32\/100\n|turn|23\n|\n|t:|1600268606\n|switch|p1a: Cinccino|Cinccino, F|54\/100\n|move|p2a: Cinderace|Pyro Ball|p1a: Cinccino\n|-damage|p1a: Cinccino|0 fnt\n|faint|p1a: Cinccino\n|\n|upkeep\n|\n|t:|1600268613\n|switch|p1a: Arcanine|Arcanine, F|7\/100\n|-ability|p1a: Arcanine|Intimidate|boost\n|-unboost|p2a: Cinderace|atk|1\n|turn|24\n|\n|t:|1600268622\n|move|p2a: Cinderace|Pyro Ball|p1a: Arcanine\n|-resisted|p1a: Arcanine\n|-damage|p1a: Arcanine|0 fnt\n|faint|p1a: Arcanine\n|\n|upkeep\n|\n|t:|1600268627\n|switch|p1a: Silvally|Silvally-Flying|81\/100\n|turn|25\n|\n|t:|1600268634\n|switch|p2a: Clefable|Clefable, M, shiny|96\/100\n|move|p1a: Silvally|Multi-Attack|p2a: Clefable\n|-damage|p2a: Clefable|36\/100\n|\n|-heal|p2a: Clefable|42\/100|[from] item: Leftovers\n|upkeep\n|turn|26\n|\n|t:|1600268643\n|move|p1a: Silvally|Swords Dance|p1a: Silvally\n|-boost|p1a: Silvally|atk|2\n|move|p2a: Clefable|Teleport|p2a: Clefable\n|\n|t:|1600268646\n|switch|p2a: Cinderace|Cinderace, F|32\/100|[from]move: Teleport\n|\n|upkeep\n|turn|27\n|\n|t:|1600268654\n|move|p2a: Cinderace|Pyro Ball|p1a: Silvally\n|-damage|p1a: Silvally|8\/100\n|move|p1a: Silvally|Flame Charge|p2a: Cinderace\n|-resisted|p2a: Cinderace\n|-damage|p2a: Cinderace|12\/100\n|-boost|p1a: Silvally|spe|1\n|\n|upkeep\n|turn|28\n|\n|t:|1600268664\n|move|p1a: Silvally|Multi-Attack|p2a: Cinderace\n|-damage|p2a: Cinderace|0 fnt\n|faint|p2a: Cinderace\n|\n|upkeep\n|\n|t:|1600268668\n|switch|p2a: Clefable|Clefable, M, shiny|42\/100\n|turn|29\n|-message|ArcanineSquad forfeited.\n|\n|win|Moth.o\n|l|\u2606ArcanineSquad\n||Ladder (probably) updated, but score could not be retrieved (Request timeout).\n","uploadtime":1600268695,"views":5,"p1id":"motho","p2id":"arcaninesquad","formatid":"gen8ou","rating":0,"private":0,"password":null}