{"id":"gen8randombattle-1299775628","p1":"TehranTyphlosions","p2":"gerybdn","format":"gen8randombattle","log":"|j|\u2606TehranTyphlosions\n|j|\u2606gerybdn\n|t:|1615539542\n|player|p1|TehranTyphlosions|clair|1893\n|player|p2|gerybdn|226|1904\n|teamsize|p1|6\n|teamsize|p2|6\n|gametype|singles\n|gen|8\n|tier|[Gen 8] Random Battle\n|rated|\n|rule|Species Clause: Limit one of each Pok\u00e9mon\n|rule|HP Percentage Mod: HP is shown in percentages\n|rule|Sleep Clause Mod: Limit one foe put to sleep\n|\n|t:|1615539542\n|start\n|switch|p1a: Orbeetle|Orbeetle, L86, F|243\/243\n|switch|p2a: Rayquaza|Rayquaza, L74|277\/277\n|-item|p2a: Rayquaza|Heavy-Duty Boots|[from] ability: Frisk|[of] p1a: Orbeetle|[identify]\n|-ability|p2a: Rayquaza|Air Lock\n|turn|1\n|\n|t:|1615539550\n|switch|p1a: Registeel|Registeel, L82|265\/265\n|move|p2a: Rayquaza|Swords Dance|p2a: Rayquaza\n|-boost|p2a: Rayquaza|atk|2\n|\n|upkeep\n|turn|2\n|\n|t:|1615539554\n|-start|p2a: Rayquaza|Dynamax\n|-heal|p2a: Rayquaza|554\/554|[silent]\n|move|p2a: Rayquaza|Max Quake|p1a: Registeel\n|-supereffective|p1a: Registeel\n|-damage|p1a: Registeel|0 fnt\n|-boost|p2a: Rayquaza|spd|1\n|faint|p1a: Registeel\n|\n|upkeep\n|\n|t:|1615539561\n|switch|p1a: Goodra|Goodra, L82, M|282\/282\n|turn|3\n|\n|t:|1615539565\n|-start|p1a: Goodra|Dynamax\n|-heal|p1a: Goodra|564\/564|[silent]\n|move|p2a: Rayquaza|Max Airstream|p1a: Goodra\n|-crit|p1a: Goodra\n|-damage|p1a: Goodra|14\/564\n|-boost|p2a: Rayquaza|spe|1\n|move|p1a: Goodra|Max Wyrmwind|p2a: Rayquaza\n|-supereffective|p2a: Rayquaza\n|-damage|p2a: Rayquaza|338\/554\n|-unboost|p2a: Rayquaza|atk|1\n|\n|upkeep\n|turn|4\n|\n|t:|1615539576\n|move|p2a: Rayquaza|Max Quake|p1a: Goodra\n|-damage|p1a: Goodra|0 fnt\n|-boost|p2a: Rayquaza|spd|1\n|faint|p1a: Goodra\n|\n|-end|p2a: Rayquaza|Dynamax\n|-heal|p2a: Rayquaza|169\/277|[silent]\n|upkeep\n|\n|t:|1615539581\n|switch|p1a: Tapu Fini|Tapu Fini, L78|237\/237\n|-fieldstart|move: Misty Terrain|[from] ability: Misty Surge|[of] p1a: Tapu Fini\n|turn|5\n|\n|t:|1615539595\n|move|p2a: Rayquaza|Earthquake|p1a: Tapu Fini\n|-damage|p1a: Tapu Fini|131\/237\n|move|p1a: Tapu Fini|Moonblast|p2a: Rayquaza\n|-supereffective|p2a: Rayquaza\n|-damage|p2a: Rayquaza|79\/277\n|\n|-heal|p1a: Tapu Fini|145\/237|[from] item: Leftovers\n|upkeep\n|turn|6\n|\n|t:|1615539600\n|move|p2a: Rayquaza|Dragon Ascent|p1a: Tapu Fini\n|-damage|p1a: Tapu Fini|0 fnt\n|-unboost|p2a: Rayquaza|def|1\n|-unboost|p2a: Rayquaza|spd|1\n|faint|p1a: Tapu Fini\n|\n|upkeep\n|\n|t:|1615539605\n|switch|p1a: Toxapex|Toxapex, L82, M|216\/216\n|turn|7\n|\n|t:|1615539608\n|move|p2a: Rayquaza|Earthquake|p1a: Toxapex\n|-supereffective|p1a: Toxapex\n|-damage|p1a: Toxapex|68\/216\n|move|p1a: Toxapex|Toxic|p2a: Rayquaza\n|-status|p2a: Rayquaza|tox\n|\n|-heal|p1a: Toxapex|81\/216|[from] item: Black Sludge\n|-damage|p2a: Rayquaza|62\/277 tox|[from] psn\n|upkeep\n|turn|8\n|\n|t:|1615539615\n|move|p1a: Toxapex|Baneful Bunker|p1a: Toxapex\n|-singleturn|p1a: Toxapex|move: Protect\n|move|p2a: Rayquaza|Earthquake|p1a: Toxapex\n|-activate|p1a: Toxapex|move: Protect\n|\n|-heal|p1a: Toxapex|94\/216|[from] item: Black Sludge\n|-damage|p2a: Rayquaza|28\/277 tox|[from] psn\n|upkeep\n|turn|9\n|\n|t:|1615539620\n|switch|p1a: Skarmory|Skarmory, L80, M|235\/235\n|move|p2a: Rayquaza|Dragon Ascent|p1a: Skarmory\n|-resisted|p1a: Skarmory\n|-damage|p1a: Skarmory|163\/235\n|-unboost|p2a: Rayquaza|def|1\n|-unboost|p2a: Rayquaza|spd|1\n|\n|-heal|p1a: Skarmory|177\/235|[from] item: Leftovers\n|-damage|p2a: Rayquaza|0 fnt|[from] psn\n|faint|p2a: Rayquaza\n|-fieldend|Misty Terrain\n|upkeep\n|\n|t:|1615539624\n|switch|p2a: Rotom|Rotom-Wash, L82|216\/216\n|turn|10\n|c|\u2606TehranTyphlosions|all right rough start\n|\n|t:|1615539633\n|move|p2a: Rotom|Thunderbolt|p1a: Skarmory\n|-supereffective|p1a: Skarmory\n|-damage|p1a: Skarmory|0 fnt\n|faint|p1a: Skarmory\n|\n|upkeep\n|\n|t:|1615539635\n|switch|p1a: Orbeetle|Orbeetle, L86, F|243\/243\n|-item|p2a: Rotom|Choice Scarf|[from] ability: Frisk|[of] p1a: Orbeetle|[identify]\n|turn|11\n|\n|t:|1615539641\n|switch|p2a: Gallade|Gallade, L82, M|246\/246\n|move|p1a: Orbeetle|Calm Mind|p1a: Orbeetle\n|-boost|p1a: Orbeetle|spa|1\n|-boost|p1a: Orbeetle|spd|1\n|\n|upkeep\n|turn|12\n|\n|t:|1615539645\n|move|p2a: Gallade|Shadow Sneak|p1a: Orbeetle\n|-supereffective|p1a: Orbeetle\n|-crit|p1a: Orbeetle\n|-damage|p1a: Orbeetle|139\/243\n|-damage|p2a: Gallade|222\/246|[from] item: Life Orb\n|move|p1a: Orbeetle|Psychic|p2a: Gallade\n|-damage|p2a: Gallade|105\/246\n|\n|upkeep\n|turn|13\n|\n|t:|1615539653\n|move|p2a: Gallade|Shadow Sneak|p1a: Orbeetle\n|-supereffective|p1a: Orbeetle\n|-damage|p1a: Orbeetle|74\/243\n|-damage|p2a: Gallade|81\/246|[from] item: Life Orb\n|move|p1a: Orbeetle|Recover|p1a: Orbeetle\n|-heal|p1a: Orbeetle|196\/243\n|\n|upkeep\n|turn|14\n|\n|t:|1615539657\n|move|p2a: Gallade|Shadow Sneak|p1a: Orbeetle\n|-supereffective|p1a: Orbeetle\n|-damage|p1a: Orbeetle|123\/243\n|-damage|p2a: Gallade|57\/246|[from] item: Life Orb\n|move|p1a: Orbeetle|Recover|p1a: Orbeetle\n|-heal|p1a: Orbeetle|243\/243\n|\n|upkeep\n|turn|15\n|\n|t:|1615539662\n|move|p2a: Gallade|Shadow Sneak|p1a: Orbeetle\n|-supereffective|p1a: Orbeetle\n|-damage|p1a: Orbeetle|168\/243\n|-damage|p2a: Gallade|33\/246|[from] item: Life Orb\n|move|p1a: Orbeetle|Calm Mind|p1a: Orbeetle\n|-boost|p1a: Orbeetle|spa|1\n|-boost|p1a: Orbeetle|spd|1\n|\n|upkeep\n|turn|16\n|\n|t:|1615539671\n|move|p2a: Gallade|Shadow Sneak|p1a: Orbeetle\n|-supereffective|p1a: Orbeetle\n|-damage|p1a: Orbeetle|98\/243\n|-damage|p2a: Gallade|9\/246|[from] item: Life Orb\n|move|p1a: Orbeetle|Recover|p1a: Orbeetle\n|-heal|p1a: Orbeetle|220\/243\n|\n|upkeep\n|turn|17\n|\n|t:|1615539673\n|move|p2a: Gallade|Shadow Sneak|p1a: Orbeetle\n|-supereffective|p1a: Orbeetle\n|-damage|p1a: Orbeetle|147\/243\n|-damage|p2a: Gallade|0 fnt|[from] item: Life Orb\n|faint|p2a: Gallade\n|move|p1a: Orbeetle|Recover|p1a: Orbeetle\n|-heal|p1a: Orbeetle|243\/243\n|\n|upkeep\n|\n|t:|1615539694\n|switch|p2a: Rotom|Rotom-Wash, L82|216\/216\n|turn|18\n|\n|t:|1615539696\n|move|p2a: Rotom|Trick|p1a: Orbeetle\n|-activate|p2a: Rotom|move: Trick|[of] p1a: Orbeetle\n|-item|p1a: Orbeetle|Choice Scarf|[from] move: Trick\n|-item|p2a: Rotom|Heavy-Duty Boots|[from] move: Trick\n|move|p1a: Orbeetle|Psychic|p2a: Rotom\n|-damage|p2a: Rotom|74\/216\n|\n|upkeep\n|turn|19\n|\n|t:|1615539703\n|switch|p2a: Claydol|Claydol, L86|243\/243\n|move|p1a: Orbeetle|Psychic|p2a: Claydol\n|-resisted|p2a: Claydol\n|-damage|p2a: Claydol|198\/243\n|\n|upkeep\n|turn|20\n|\n|t:|1615539712\n|move|p1a: Orbeetle|Psychic|p2a: Claydol\n|-resisted|p2a: Claydol\n|-damage|p2a: Claydol|154\/243\n|move|p2a: Claydol|Earthquake|p1a: Orbeetle\n|-resisted|p1a: Orbeetle\n|-damage|p1a: Orbeetle|206\/243\n|\n|upkeep\n|turn|21\n|\n|t:|1615539722\n|move|p1a: Orbeetle|Psychic|p2a: Claydol\n|-resisted|p2a: Claydol\n|-damage|p2a: Claydol|108\/243\n|move|p2a: Claydol|Rapid Spin|p1a: Orbeetle\n|-damage|p1a: Orbeetle|181\/243\n|-boost|p2a: Claydol|spe|1\n|\n|upkeep\n|turn|22\n|\n|t:|1615539724\n|move|p1a: Orbeetle|Psychic|p2a: Claydol\n|-resisted|p2a: Claydol\n|-damage|p2a: Claydol|66\/243\n|move|p2a: Claydol|Rapid Spin|p1a: Orbeetle\n|-damage|p1a: Orbeetle|156\/243\n|-boost|p2a: Claydol|spe|1\n|\n|upkeep\n|turn|23\n|\n|t:|1615539735\n|move|p2a: Claydol|Earthquake|p1a: Orbeetle\n|-resisted|p1a: Orbeetle\n|-damage|p1a: Orbeetle|120\/243\n|move|p1a: Orbeetle|Psychic|p2a: Claydol\n|-resisted|p2a: Claydol\n|-damage|p2a: Claydol|24\/243\n|-unboost|p2a: Claydol|spd|1\n|\n|upkeep\n|turn|24\n|\n|t:|1615539739\n|move|p2a: Claydol|Earthquake|p1a: Orbeetle\n|-resisted|p1a: Orbeetle\n|-damage|p1a: Orbeetle|83\/243\n|move|p1a: Orbeetle|Psychic|p2a: Claydol\n|-resisted|p2a: Claydol\n|-damage|p2a: Claydol|0 fnt\n|faint|p2a: Claydol\n|\n|upkeep\n|\n|t:|1615539774\n|switch|p2a: Passimian|Passimian, L82, M|298\/298\n|turn|25\n|\n|t:|1615539778\n|move|p1a: Orbeetle|Psychic|p2a: Passimian\n|-supereffective|p2a: Passimian\n|-damage|p2a: Passimian|0 fnt\n|faint|p2a: Passimian\n|\n|upkeep\n|\n|t:|1615539780\n|switch|p2a: Salazzle|Salazzle, L82, F|246\/246\n|turn|26\n|\n|t:|1615539783\n|move|p1a: Orbeetle|Psychic|p2a: Salazzle\n|-supereffective|p2a: Salazzle\n|-damage|p2a: Salazzle|0 fnt\n|faint|p2a: Salazzle\n|\n|upkeep\n|\n|t:|1615539785\n|switch|p2a: Rotom|Rotom-Wash, L82|74\/216\n|turn|27\n|c|\u2606TehranTyphlosions|gg\n|\n|t:|1615539788\n|move|p1a: Orbeetle|Psychic|p2a: Rotom\n|-damage|p2a: Rotom|0 fnt\n|faint|p2a: Rotom\n|\n|win|TehranTyphlosions\n|raw|TehranTyphlosions's rating: 1893 &rarr; <strong>1910<\/strong><br \/>(+17 for winning)\n|raw|gerybdn's rating: 1904 &rarr; <strong>1887<\/strong><br \/>(-17 for losing)\n|l|\u2606gerybdn\n","inputlog":">version 04f2e7d588c5542f69313a0aac63770d12fffa24\n>start {\"formatid\":\"gen8randombattle\",\"seed\":[38727,19968,20119,43456],\"rated\":\"Rated battle\"}\n>player p1 {\"name\":\"TehranTyphlosions\",\"avatar\":\"clair\",\"team\":\"\",\"rating\":1893,\"seed\":[9417,27235,35142,32142]}\n>player p2 {\"name\":\"gerybdn\",\"avatar\":\"226\",\"team\":\"\",\"rating\":1904,\"seed\":[45464,55764,59029,32393]}\n>p1 switch 4\n>p2 move swordsdance\n>p1 move toxic\n>p2 move earthquake dynamax\n>p1 switch 5\n>p1 move dracometeor dynamax\n>p2 move dragonascent dynamax\n>p1 move dracometeor dynamax\n>p2 move earthquake dynamax\n>p1 switch 3\n>p1 move moonblast\n>p2 move earthquake\n>p1 move moonblast\n>p2 move dragonascent\n>p1 switch 2\n>p1 move toxic\n>p2 move earthquake\n>p1 move banefulbunker\n>p2 move earthquake\n>p1 switch 6\n>p2 move dragonascent\n>p2 switch 6\n>chat \u2606TehranTyphlosions|all right rough start\n>p1 move roost\n>p2 move thunderbolt\n>p1 switch 4\n>p1 move calmmind\n>p2 switch 4\n>p1 move psychic\n>p2 move shadowsneak\n>p1 move recover\n>p2 move shadowsneak\n>p1 move recover\n>p2 move shadowsneak\n>p1 move calmmind\n>p2 move shadowsneak\n>p1 move recover\n>p2 move shadowsneak\n>p1 move recover\n>p2 move shadowsneak\n>p2 switch 4\n>p1 move psychic\n>p2 move trick\n>p1 move psychic\n>p2 switch 3\n>p1 move psychic\n>p2 move earthquake\n>p1 move psychic\n>p2 move rapidspin\n>p1 move psychic\n>p2 move rapidspin\n>p1 move psychic\n>p2 move earthquake\n>p1 move psychic\n>p2 move earthquake\n>p2 switch 2\n>p1 move psychic\n>p2 move knockoff\n>p2 switch 5\n>p1 move psychic\n>p2 move flamethrower\n>p2 switch 3\n>chat \u2606TehranTyphlosions|gg\n>p1 move psychic\n>p2 move thunderbolt","uploadtime":1615539792,"views":21,"p1id":"tehrantyphlosions","p2id":"gerybdn","formatid":"gen8randombattle","rating":1887,"private":0,"password":null}