{"id":"gen8anythinggoes-1698197686","p1":"sadvoid","p2":"IIIodyne","format":"gen8anythinggoes","log":"|j|\u2606sadvoid\n|j|\u2606IIIodyne\n|inactive|Battle timer is ON: inactive players will automatically lose when time's up.\n|t:|1667086251\n|gametype|singles\n|player|p1|sadvoid|unknownf|\n|player|p2|IIIodyne|102|\n|teamsize|p1|6\n|teamsize|p2|6\n|gen|8\n|tier|[Gen 8] Anything Goes\n|rated|Tournament battle\n|rule|HP Percentage Mod: HP is shown in percentages\n|rule|Endless Battle Clause: Forcing endless battles is banned\n|rule|Species Clause: Limit one of each Pok\u00e9mon\n|rule|OHKO Clause: OHKO moves are banned\n|rule|Evasion Moves Clause: Evasion moves are banned\n|rule|Dynamax Clause: You cannot dynamax\n|rule|First Blood Rule: The first team to have a Pok\u00e9mon faint loses.\n|rule|Sleep Clause Mod: Limit one foe put to sleep\n|clearpoke\n|poke|p1|Nihilego|\n|poke|p1|Landorus-Therian, M|\n|poke|p1|Urshifu-*, F|\n|poke|p1|Ferrothorn, F|\n|poke|p1|Victini|\n|poke|p1|Shuckle, F|\n|poke|p2|Snorlax, F|\n|poke|p2|Suicune|\n|poke|p2|Melmetal|\n|poke|p2|Victini|\n|poke|p2|Landorus-Therian, M|\n|poke|p2|Zapdos|\n|teampreview\n|inactive|IIIodyne also wants the timer to be on.\n|c|\u2606IIIodyne|hf\n|j|%KaenSoul\n|j| oaklies\n|\n|t:|1667086271\n|start\n|switch|p1a: *chuckles*|Shuckle, F|100\/100\n|switch|p2a: Landorus|Landorus-Therian, M|100\/100\n|-ability|p2a: Landorus|Intimidate|boost\n|-boost|p1a: *chuckles*|atk|1\n|turn|1\n|\n|t:|1667086281\n|move|p2a: Landorus|U-turn|p1a: *chuckles*\n|-damage|p1a: *chuckles*|86\/100\n|\n|t:|1667086288\n|switch|p2a: Victini|Victini|100\/100|[from]move: U-turn\n|move|p1a: *chuckles*|Infestation|p2a: Victini\n|-damage|p2a: Victini|99\/100\n|-activate|p2a: Victini|move: Infestation|[of] p1a: *chuckles*\n|\n|-heal|p1a: *chuckles*|92\/100|[from] item: Leftovers\n|-damage|p2a: Victini|86\/100|[from] move: Infestation|[partiallytrapped]\n|upkeep\n|turn|2\n|\n|t:|1667086293\n|move|p2a: Victini|V-create|p1a: *chuckles*\n|-damage|p1a: *chuckles*|25\/100\n|-unboost|p2a: Victini|spe|1\n|-unboost|p2a: Victini|def|1\n|-unboost|p2a: Victini|spd|1\n|move|p1a: *chuckles*|Toxic|p2a: Victini\n|-status|p2a: Victini|tox\n|\n|-heal|p1a: *chuckles*|31\/100|[from] item: Leftovers\n|-damage|p2a: Victini|80\/100 tox|[from] psn\n|-damage|p2a: Victini|68\/100 tox|[from] move: Infestation|[partiallytrapped]\n|upkeep\n|turn|3\n|\n|t:|1667086301\n|switch|p1a: Master Shifu|Urshifu-Rapid-Strike, F|100\/100\n|move|p2a: Victini|V-create|p1a: Master Shifu\n|-resisted|p1a: Master Shifu\n|-damage|p1a: Master Shifu|54\/100\n|-unboost|p2a: Victini|spe|1\n|-unboost|p2a: Victini|def|1\n|-unboost|p2a: Victini|spd|1\n|\n|-damage|p2a: Victini|56\/100 tox|[from] psn\n|-end|p2a: Victini|Infestation|[partiallytrapped]|[silent]\n|upkeep\n|turn|4\n|\n|t:|1667086310\n|switch|p2a: Suicune|Suicune|100\/100\n|-ability|p2a: Suicune|Pressure\n|move|p1a: Master Shifu|Close Combat|p2a: Suicune\n|-damage|p2a: Suicune|40\/100\n|-unboost|p1a: Master Shifu|def|1\n|-unboost|p1a: Master Shifu|spd|1\n|\n|-heal|p2a: Suicune|46\/100|[from] item: Leftovers\n|upkeep\n|turn|5\n|\n|t:|1667086317\n|switch|p1a: UTTER TERROR|Ferrothorn, F, shiny|100\/100\n|switch|p2a: Landorus|Landorus-Therian, M|100\/100\n|-ability|p2a: Landorus|Intimidate|boost\n|-unboost|p1a: UTTER TERROR|atk|1\n|\n|upkeep\n|turn|6\n|\n|t:|1667086321\n|switch|p2a: Zapdos|Zapdos|100\/100\n|move|p1a: UTTER TERROR|Substitute|p1a: UTTER TERROR\n|-start|p1a: UTTER TERROR|Substitute\n|-damage|p1a: UTTER TERROR|76\/100\n|\n|-heal|p1a: UTTER TERROR|82\/100|[from] item: Leftovers\n|upkeep\n|turn|7\n|\n|t:|1667086325\n|move|p2a: Zapdos|Heat Wave|p1a: UTTER TERROR\n|-supereffective|p1a: UTTER TERROR\n|-end|p1a: UTTER TERROR|Substitute\n|move|p1a: UTTER TERROR|Leech Seed|p2a: Zapdos\n|-start|p2a: Zapdos|move: Leech Seed\n|\n|-heal|p1a: UTTER TERROR|88\/100|[from] item: Leftovers\n|-damage|p2a: Zapdos|88\/100|[from] Leech Seed|[of] p1a: UTTER TERROR\n|-heal|p1a: UTTER TERROR|99\/100|[silent]\n|upkeep\n|turn|8\n|\n|t:|1667086333\n|switch|p2a: Victini|Victini|56\/100 tox\n|move|p1a: UTTER TERROR|Protect||[still]\n|-fail|p1a: UTTER TERROR\n|\n|-heal|p1a: UTTER TERROR|100\/100|[from] item: Leftovers\n|-damage|p2a: Victini|49\/100 tox|[from] psn\n|upkeep\n|turn|9\n|\n|t:|1667086338\n|move|p1a: UTTER TERROR|Protect|p1a: UTTER TERROR\n|-singleturn|p1a: UTTER TERROR|Protect\n|move|p2a: Victini|V-create|p1a: UTTER TERROR\n|-activate|p1a: UTTER TERROR|move: Protect\n|\n|-damage|p2a: Victini|37\/100 tox|[from] psn\n|upkeep\n|turn|10\n|\n|t:|1667086346\n|switch|p1a: Trickster|Victini|100\/100\n|move|p2a: Victini|V-create|p1a: Trickster\n|-resisted|p1a: Trickster\n|-damage|p1a: Trickster|49\/100\n|-unboost|p2a: Victini|spe|1\n|-unboost|p2a: Victini|def|1\n|-unboost|p2a: Victini|spd|1\n|\n|-damage|p2a: Victini|19\/100 tox|[from] psn\n|upkeep\n|turn|11\n|\n|t:|1667086352\n|switch|p1a: UTTER TERROR|Ferrothorn, F, shiny|100\/100\n|switch|p2a: Snorlax|Snorlax, F|100\/100\n|\n|upkeep\n|turn|12\n|\n|t:|1667086355\n|move|p2a: Snorlax|Heat Crash|p1a: UTTER TERROR\n|-supereffective|p1a: UTTER TERROR\n|-damage|p1a: UTTER TERROR|38\/100\n|-damage|p2a: Snorlax|88\/100|[from] ability: Iron Barbs|[of] p1a: UTTER TERROR\n|move|p1a: UTTER TERROR|Leech Seed|p2a: Snorlax\n|-start|p2a: Snorlax|move: Leech Seed\n|\n|-heal|p2a: Snorlax|94\/100|[from] item: Leftovers\n|-heal|p1a: UTTER TERROR|44\/100|[from] item: Leftovers\n|-damage|p2a: Snorlax|82\/100|[from] Leech Seed|[of] p1a: UTTER TERROR\n|-heal|p1a: UTTER TERROR|62\/100|[silent]\n|upkeep\n|turn|13\n|\n|t:|1667086363\n|switch|p2a: Zapdos|Zapdos|88\/100\n|move|p1a: UTTER TERROR|Protect||[still]\n|-fail|p1a: UTTER TERROR\n|\n|-heal|p1a: UTTER TERROR|68\/100|[from] item: Leftovers\n|upkeep\n|turn|14\n|\n|t:|1667086367\n|switch|p1a: Landorus|Landorus-Therian, M|100\/100\n|-ability|p1a: Landorus|Intimidate|boost\n|-unboost|p2a: Zapdos|atk|1\n|move|p2a: Zapdos|Heat Wave|p1a: Landorus\n|-damage|p1a: Landorus|59\/100\n|\n|upkeep\n|turn|15\n|\n|t:|1667086373\n|move|p1a: Landorus|U-turn|p2a: Zapdos\n|-resisted|p2a: Zapdos\n|-damage|p2a: Zapdos|73\/100\n|\n|t:|1667086376\n|switch|p1a: \u2661pretty\ud83d\udc96|Nihilego|100\/100|[from]move: U-turn\n|move|p2a: Zapdos|Hurricane|p1a: \u2661pretty\ud83d\udc96\n|-resisted|p1a: \u2661pretty\ud83d\udc96\n|-damage|p1a: \u2661pretty\ud83d\udc96|79\/100\n|-start|p1a: \u2661pretty\ud83d\udc96|confusion\n|\n|upkeep\n|turn|16\n|\n|t:|1667086381\n|switch|p1a: Master Shifu|Urshifu-Rapid-Strike, F|54\/100\n|switch|p2a: Melmetal|Melmetal|100\/100\n|\n|upkeep\n|turn|17\n|c|\u2606IIIodyne|gg\n|\n|t:|1667086392\n|move|p1a: Master Shifu|Close Combat|p2a: Melmetal\n|-supereffective|p2a: Melmetal\n|-damage|p2a: Melmetal|0 fnt\n|-unboost|p1a: Master Shifu|def|1\n|-unboost|p1a: Master Shifu|spd|1\n|faint|p2a: Melmetal\n|\n|win|sadvoid\n|n|\u2606sadvoid|sadvoid\n|n|\u2606IIIodyne|iiiodyne\n|n| KaenSoul|kaensoul\n|n| oaklies|oaklies\n","uploadtime":1667086394,"views":11,"p1id":"sadvoid","p2id":"iiiodyne","formatid":"gen8anythinggoes","rating":0,"private":0,"password":null}