{"id":"gen8ru-1291666512","p1":"A floor mat","p2":"DiameteR\u272fXtreme","format":"gen8ru","log":"|j|\u2606A floor mat\n|j|\u2606DiameteR\u272fXtreme\n|t:|1614540863\n|player|p1|A floor mat|unknown|1417\n|player|p2|DiameteR\u272fXtreme|jasmine-gen2|1494\n|teamsize|p1|6\n|teamsize|p2|6\n|gametype|singles\n|gen|8\n|tier|[Gen 8] RU\n|rated|\n|clearpoke\n|poke|p1|Golisopod, F|\n|poke|p1|Zarude-Dada|\n|poke|p1|Toxtricity, M|\n|poke|p1|Zygarde-10%|\n|poke|p1|Togekiss, F|\n|poke|p1|Darmanitan, M|\n|poke|p2|Zarude|\n|poke|p2|Toxtricity, F|\n|poke|p2|Cobalion|\n|poke|p2|Golisopod, M|\n|poke|p2|Porygon2|\n|poke|p2|Mantine, M|\n|rule|Sleep Clause Mod: Limit one foe put to sleep\n|rule|Species Clause: Limit one of each Pok\u00e9mon\n|rule|OHKO Clause: OHKO moves are banned\n|rule|Evasion Moves Clause: Evasion moves are banned\n|rule|Endless Battle Clause: Forcing endless battles is banned\n|rule|HP Percentage Mod: HP is shown in percentages\n|rule|Dynamax Clause: You cannot dynamax\n|teampreview\n|c|\u2606A floor mat|hf!\n|inactive|Battle timer is ON: inactive players will automatically lose when time's up. (requested by A floor mat)\n|c|\u2606DiameteR\u272fXtreme|u2\n|inactive|DiameteR\u272fXtreme has 120 seconds left.\n|\n|t:|1614540916\n|start\n|switch|p1a: Golisopod|Golisopod, F|100\/100\n|switch|p2a: Cobalion|Cobalion|100\/100\n|turn|1\n|\n|t:|1614540921\n|move|p2a: Cobalion|Volt Switch|p1a: Golisopod\n|-supereffective|p1a: Golisopod\n|-damage|p1a: Golisopod|70\/100\n|\n|t:|1614540924\n|switch|p2a: Toxtricity|Toxtricity, F|100\/100|[from]move: Volt Switch\n|move|p1a: Golisopod|Spikes|p2a: Toxtricity\n|-sidestart|p2: DiameteR\u272fXtreme|Spikes\n|\n|upkeep\n|turn|2\n|\n|t:|1614540947\n|switch|p1a: Zarude|Zarude-Dada|100\/100\n|move|p2a: Toxtricity|Boomburst|p1a: Zarude\n|-damage|p1a: Zarude|0 fnt\n|faint|p1a: Zarude\n|\n|upkeep\n|\n|t:|1614540953\n|switch|p1a: Zygarde|Zygarde-10%|100\/100\n|-ability|p1a: Zygarde|Aura Break\n|turn|3\n|\n|t:|1614540958\n|switch|p1a: Toxtricity|Toxtricity, M|100\/100\n|switch|p2a: Golisopod|Golisopod, M|100\/100\n|\n|upkeep\n|turn|4\n|\n|t:|1614540963\n|switch|p2a: Porygon2|Porygon2|100\/100\n|-damage|p2a: Porygon2|88\/100|[from] Spikes\n|-ability|p2a: Porygon2|Punk Rock|[from] ability: Trace|[of] p1a: Toxtricity\n|move|p1a: Toxtricity|Volt Switch|p2a: Porygon2\n|-damage|p2a: Porygon2|62\/100\n|\n|t:|1614540971\n|switch|p1a: Golisopod|Golisopod, F|70\/100|[from]move: Volt Switch\n|\n|upkeep\n|turn|5\n|\n|t:|1614540975\n|move|p2a: Porygon2|Toxic|p1a: Golisopod\n|-status|p1a: Golisopod|tox\n|move|p1a: Golisopod|Knock Off|p2a: Porygon2\n|-damage|p2a: Porygon2|38\/100\n|-enditem|p2a: Porygon2|Eviolite|[from] move: Knock Off|[of] p1a: Golisopod\n|\n|-damage|p1a: Golisopod|64\/100 tox|[from] psn\n|upkeep\n|turn|6\n|\n|t:|1614540982\n|move|p2a: Porygon2|Recover|p2a: Porygon2\n|-heal|p2a: Porygon2|88\/100\n|move|p1a: Golisopod|Spikes|p2a: Porygon2\n|-sidestart|p2: DiameteR\u272fXtreme|Spikes\n|\n|-damage|p1a: Golisopod|52\/100 tox|[from] psn\n|upkeep\n|turn|7\n|\n|t:|1614540988\n|move|p1a: Golisopod|Liquidation|p2a: Porygon2\n|-damage|p2a: Porygon2|37\/100\n|move|p2a: Porygon2|Teleport|p2a: Porygon2\n|\n|t:|1614541001\n|switch|p2a: Zarude|Zarude|100\/100|[from]move: Teleport\n|\n|-damage|p1a: Golisopod|33\/100 tox|[from] psn\n|upkeep\n|-activate|p1a: Golisopod|ability: Emergency Exit\n|\n|t:|1614541007\n|switch|p1a: Darmanitan|Darmanitan, M|100\/100\n|turn|8\n|\n|t:|1614541025\n|switch|p2a: Porygon2|Porygon2|37\/100\n|-damage|p2a: Porygon2|21\/100|[from] Spikes\n|-ability|p2a: Porygon2|Sheer Force|[from] ability: Trace|[of] p1a: Darmanitan\n|move|p1a: Darmanitan|U-turn|p2a: Porygon2\n|-damage|p2a: Porygon2|0 fnt\n|faint|p2a: Porygon2\n|\n|t:|1614541033\n|switch|p1a: Golisopod|Golisopod, F|33\/100 tox|[from]move: U-turn\n|\n|-damage|p1a: Golisopod|27\/100 tox|[from] psn\n|upkeep\n|\n|t:|1614541037\n|switch|p2a: Mantine|Mantine, M|100\/100\n|turn|9\n|\n|t:|1614541040\n|switch|p1a: Toxtricity|Toxtricity, M|100\/100\n|move|p2a: Mantine|Defog|p1a: Toxtricity\n|-unboost|p1a: Toxtricity|evasion|1\n|-sideend|p2: DiameteR\u272fXtreme|Spikes|[from] move: Defog|[of] p2a: Mantine\n|\n|upkeep\n|turn|10\n|\n|t:|1614541049\n|move|p1a: Toxtricity|Volt Switch|p2a: Mantine\n|-supereffective|p2a: Mantine\n|-damage|p2a: Mantine|0 fnt\n|faint|p2a: Mantine\n|\n|t:|1614541056\n|switch|p1a: Darmanitan|Darmanitan, M|100\/100|[from]move: Volt Switch\n|\n|upkeep\n|\n|t:|1614541060\n|switch|p2a: Golisopod|Golisopod, M|100\/100\n|turn|11\n|\n|t:|1614541063\n|switch|p1a: Golisopod|Golisopod, F|27\/100 tox\n|move|p2a: Golisopod|Spikes|p1a: Golisopod\n|-sidestart|p1: A floor mat|Spikes\n|\n|-damage|p1a: Golisopod|21\/100 tox|[from] psn\n|upkeep\n|turn|12\n|\n|t:|1614541069\n|move|p2a: Golisopod|Knock Off|p1a: Golisopod\n|-damage|p1a: Golisopod|0 fnt\n|-enditem|p1a: Golisopod|Heavy-Duty Boots|[from] move: Knock Off|[of] p2a: Golisopod\n|faint|p1a: Golisopod\n|\n|upkeep\n|\n|t:|1614541075\n|switch|p1a: Toxtricity|Toxtricity, M|100\/100\n|-damage|p1a: Toxtricity|88\/100|[from] Spikes\n|turn|13\n|\n|t:|1614541103\n|switch|p2a: Zarude|Zarude|100\/100\n|move|p1a: Toxtricity|Volt Switch|p2a: Zarude\n|-resisted|p2a: Zarude\n|-damage|p2a: Zarude|74\/100\n|\n|t:|1614541108\n|switch|p1a: Darmanitan|Darmanitan, M|100\/100|[from]move: Volt Switch\n|-damage|p1a: Darmanitan|88\/100|[from] Spikes\n|\n|upkeep\n|turn|14\n|\n|t:|1614541114\n|switch|p2a: Golisopod|Golisopod, M|100\/100\n|move|p1a: Darmanitan|U-turn|p2a: Golisopod\n|-damage|p2a: Golisopod|82\/100\n|\n|t:|1614541119\n|switch|p1a: Toxtricity|Toxtricity, M|88\/100|[from]move: U-turn\n|-damage|p1a: Toxtricity|76\/100|[from] Spikes\n|\n|upkeep\n|turn|15\n|\n|t:|1614541124\n|move|p2a: Golisopod|First Impression|p1a: Toxtricity\n|-resisted|p1a: Toxtricity\n|-damage|p1a: Toxtricity|38\/100\n|move|p1a: Toxtricity|Volt Switch|p2a: Golisopod\n|-supereffective|p2a: Golisopod\n|-damage|p2a: Golisopod|0 fnt\n|faint|p2a: Golisopod\n|\n|t:|1614541131\n|switch|p1a: Togekiss|Togekiss, F|100\/100|[from]move: Volt Switch\n|\n|upkeep\n|\n|t:|1614541134\n|switch|p2a: Toxtricity|Toxtricity, F|100\/100\n|turn|16\n|\n|t:|1614541142\n|move|p1a: Togekiss|Defog|p2a: Toxtricity\n|-unboost|p2a: Toxtricity|evasion|1\n|-sideend|p1: A floor mat|Spikes|[from] move: Defog|[of] p1a: Togekiss\n|move|p2a: Toxtricity|Boomburst|p1a: Togekiss\n|-damage|p1a: Togekiss|22\/100\n|\n|upkeep\n|turn|17\n|\n|t:|1614541149\n|move|p1a: Togekiss|Air Slash|p2a: Toxtricity\n|-resisted|p2a: Toxtricity\n|-damage|p2a: Toxtricity|76\/100\n|move|p2a: Toxtricity|Boomburst|p1a: Togekiss\n|-damage|p1a: Togekiss|0 fnt\n|faint|p1a: Togekiss\n|\n|upkeep\n|\n|t:|1614541156\n|switch|p1a: Darmanitan|Darmanitan, M|88\/100\n|turn|18\n|\n|t:|1614541159\n|switch|p2a: Cobalion|Cobalion|100\/100\n|move|p1a: Darmanitan|Flare Blitz|p2a: Cobalion\n|-supereffective|p2a: Cobalion\n|-damage|p2a: Cobalion|0 fnt\n|-damage|p1a: Darmanitan|72\/100|[from] item: Rocky Helmet|[of] p2a: Cobalion\n|-damage|p1a: Darmanitan|41\/100|[from] Recoil\n|faint|p2a: Cobalion\n|\n|upkeep\n|\n|t:|1614541166\n|switch|p2a: Zarude|Zarude|74\/100\n|turn|19\n|\n|t:|1614541171\n|move|p1a: Darmanitan|Flare Blitz|p2a: Zarude\n|-supereffective|p2a: Zarude\n|-damage|p2a: Zarude|0 fnt\n|-damage|p1a: Darmanitan|17\/100|[from] Recoil\n|faint|p2a: Zarude\n|\n|upkeep\n|\n|t:|1614541174\n|switch|p2a: Toxtricity|Toxtricity, F|76\/100\n|turn|20\n|c|\u2606A floor mat|gg\n|c|\u2606DiameteR\u272fXtreme|gg\n|-message|DiameteR\u272fXtreme forfeited.\n|\n|win|A floor mat\n|l|\u2606DiameteR\u272fXtreme\n|c|\u2606A floor mat|very wp\n||Ladder (probably) updated, but score could not be retrieved (Request timeout).\n","uploadtime":1614541185,"views":49,"p1id":"afloormat","p2id":"diameterxtreme","formatid":"gen8ru","rating":0,"private":0,"password":null}