{"id":"gen8uu-1433681131","p1":"SkipTheDripBayless","p2":"Jusfordlolz","format":"gen8uu","log":"|j|\u2606SkipTheDripBayless\n|j|\u2606Jusfordlolz\n|t:|1633997747\n|gametype|singles\n|player|p1|SkipTheDripBayless|hau|1611\n|player|p2|Jusfordlolz|1|1483\n|teamsize|p1|6\n|teamsize|p2|6\n|gen|8\n|tier|[Gen 8] UU\n|rated|\n|rule|Sleep Clause Mod: Limit one foe put to sleep\n|rule|Species Clause: Limit one of each Pok\u00e9mon\n|rule|OHKO Clause: OHKO moves are banned\n|rule|Evasion Moves Clause: Evasion moves are banned\n|rule|Endless Battle Clause: Forcing endless battles is banned\n|rule|HP Percentage Mod: HP is shown in percentages\n|rule|Dynamax Clause: You cannot dynamax\n|clearpoke\n|poke|p1|Mandibuzz, F|\n|poke|p1|Jirachi|\n|poke|p1|Comfey, M|\n|poke|p1|Magneton|\n|poke|p1|Excadrill, M|\n|poke|p1|Latias, F|\n|poke|p2|Excadrill, F|\n|poke|p2|Gigalith, F|\n|poke|p2|Zarude-Dada|\n|poke|p2|Salamence, F|\n|poke|p2|Nidoking, M|\n|poke|p2|Primarina, F|\n|teampreview\n|inactive|Battle timer is ON: inactive players will automatically lose when time's up. (requested by SkipTheDripBayless)\n|\n|t:|1633997761\n|start\n|switch|p1a: Excadrill|Excadrill, M|100\/100\n|switch|p2a: Primarina|Primarina, F|100\/100\n|-ability|p1a: Excadrill|Mold Breaker\n|turn|1\n|\n|t:|1633997767\n|move|p1a: Excadrill|Stealth Rock|p2a: Primarina\n|-sidestart|p2: Jusfordlolz|move: Stealth Rock\n|move|p2a: Primarina|Flip Turn|p1a: Excadrill\n|-supereffective|p1a: Excadrill\n|-damage|p1a: Excadrill|63\/100\n|\n|t:|1633997774\n|switch|p2a: Zarude|Zarude-Dada|100\/100|[from]move: Flip Turn\n|-damage|p2a: Zarude|88\/100|[from] Stealth Rock\n|\n|upkeep\n|turn|2\n|\n|t:|1633997783\n|move|p2a: Zarude|U-turn|p1a: Excadrill\n|-resisted|p1a: Excadrill\n|-damage|p1a: Excadrill|40\/100\n|\n|t:|1633997786\n|switch|p2a: Salamence|Salamence, F|100\/100|[from]move: U-turn\n|-ability|p2a: Salamence|Intimidate|boost\n|-unboost|p1a: Excadrill|atk|1\n|move|p1a: Excadrill|Toxic|p2a: Salamence\n|-status|p2a: Salamence|tox\n|\n|-damage|p2a: Salamence|94\/100 tox|[from] psn\n|upkeep\n|turn|3\n|\n|t:|1633997794\n|move|p2a: Salamence|Earthquake|p1a: Excadrill\n|-supereffective|p1a: Excadrill\n|-damage|p1a: Excadrill|0 fnt\n|faint|p1a: Excadrill\n|\n|-damage|p2a: Salamence|82\/100 tox|[from] psn\n|upkeep\n|\n|t:|1633997808\n|switch|p1a: Latias|Latias, F, shiny|100\/100\n|turn|4\n|\n|t:|1633997813\n|switch|p2a: Zarude|Zarude-Dada|88\/100\n|-damage|p2a: Zarude|76\/100|[from] Stealth Rock\n|move|p1a: Latias|Agility|p1a: Latias\n|-boost|p1a: Latias|spe|2\n|\n|upkeep\n|turn|5\n|\n|t:|1633997821\n|move|p1a: Latias|Aura Sphere|p2a: Zarude\n|-supereffective|p2a: Zarude\n|-damage|p2a: Zarude|33\/100\n|move|p2a: Zarude|Darkest Lariat|p1a: Latias\n|-supereffective|p1a: Latias\n|-damage|p1a: Latias|0 fnt\n|faint|p1a: Latias\n|\n|upkeep\n|\n|t:|1633997832\n|switch|p1a: Magneton|Magneton|100\/100\n|-item|p1a: Magneton|Air Balloon\n|turn|6\n|\n|t:|1633997842\n|switch|p2a: Nidoking|Nidoking, M|100\/100\n|-damage|p2a: Nidoking|95\/100|[from] Stealth Rock\n|move|p1a: Magneton|Flash Cannon|p2a: Nidoking\n|-damage|p2a: Nidoking|37\/100\n|\n|upkeep\n|turn|7\n|\n|t:|1633997848\n|move|p2a: Nidoking|Flamethrower|p1a: Magneton\n|-supereffective|p1a: Magneton\n|-crit|p1a: Magneton\n|-damage|p1a: Magneton|0 fnt\n|-enditem|p1a: Magneton|Air Balloon\n|faint|p1a: Magneton\n|\n|upkeep\n|\n|t:|1633997855\n|switch|p1a: Jirachi|Jirachi|100\/100\n|turn|8\n|\n|t:|1633997862\n|switch|p2a: Salamence|Salamence, F|82\/100 tox\n|-ability|p2a: Salamence|Intimidate|boost\n|-unboost|p1a: Jirachi|atk|1\n|move|p1a: Jirachi|Cosmic Power|p1a: Jirachi\n|-boost|p1a: Jirachi|def|1\n|-boost|p1a: Jirachi|spd|1\n|\n|-damage|p2a: Salamence|76\/100 tox|[from] psn\n|upkeep\n|turn|9\n|\n|t:|1633997871\n|move|p1a: Jirachi|Cosmic Power|p1a: Jirachi\n|-boost|p1a: Jirachi|def|1\n|-boost|p1a: Jirachi|spd|1\n|move|p2a: Salamence|Dragon Dance|p2a: Salamence\n|-boost|p2a: Salamence|atk|1\n|-boost|p2a: Salamence|spe|1\n|\n|-damage|p2a: Salamence|64\/100 tox|[from] psn\n|upkeep\n|turn|10\n|\n|t:|1633997878\n|move|p2a: Salamence|Earthquake|p1a: Jirachi\n|-supereffective|p1a: Jirachi\n|-damage|p1a: Jirachi|58\/100\n|-enditem|p1a: Jirachi|Weakness Policy\n|-boost|p1a: Jirachi|atk|2|[from] item: Weakness Policy\n|-boost|p1a: Jirachi|spa|2|[from] item: Weakness Policy\n|move|p1a: Jirachi|Stored Power|p2a: Salamence\n|-damage|p2a: Salamence|0 fnt\n|faint|p2a: Salamence\n|\n|upkeep\n|\n|t:|1633997887\n|switch|p2a: Zarude|Zarude-Dada|33\/100\n|-damage|p2a: Zarude|21\/100|[from] Stealth Rock\n|turn|11\n|\n|t:|1633997891\n|switch|p1a: Mandibuzz|Mandibuzz, F|100\/100\n|move|p2a: Zarude|Darkest Lariat|p1a: Mandibuzz\n|-resisted|p1a: Mandibuzz\n|-damage|p1a: Mandibuzz|75\/100\n|-ability|p1a: Mandibuzz|Weak Armor|boost\n|-unboost|p1a: Mandibuzz|def|1\n|-boost|p1a: Mandibuzz|spe|2\n|\n|upkeep\n|turn|12\n|\n|t:|1633997907\n|switch|p2a: Primarina|Primarina, F|100\/100\n|-damage|p2a: Primarina|88\/100|[from] Stealth Rock\n|move|p1a: Mandibuzz|Nasty Plot|p1a: Mandibuzz\n|-boost|p1a: Mandibuzz|spa|2\n|\n|upkeep\n|turn|13\n|\n|t:|1633997915\n|switch|p1a: Jirachi|Jirachi|58\/100\n|move|p2a: Primarina|Hydro Pump|p1a: Jirachi\n|-damage|p1a: Jirachi|0 fnt\n|faint|p1a: Jirachi\n|\n|upkeep\n|\n|t:|1633997919\n|switch|p1a: Comfey|Comfey, M|100\/100\n|turn|14\n|\n|t:|1633997927\n|switch|p2a: Gigalith|Gigalith, F|100\/100\n|-damage|p2a: Gigalith|88\/100|[from] Stealth Rock\n|-weather|Sandstorm|[from] ability: Sand Stream|[of] p2a: Gigalith\n|move|p1a: Comfey|Calm Mind|p1a: Comfey\n|-boost|p1a: Comfey|spa|1\n|-boost|p1a: Comfey|spd|1\n|\n|-weather|Sandstorm|[upkeep]\n|-damage|p1a: Comfey|94\/100|[from] Sandstorm\n|upkeep\n|turn|15\n|\n|t:|1633997937\n|move|p1a: Comfey|Calm Mind|p1a: Comfey\n|-boost|p1a: Comfey|spa|1\n|-boost|p1a: Comfey|spd|1\n|move|p2a: Gigalith|Toxic|p1a: Comfey|[miss]\n|-miss|p2a: Gigalith|p1a: Comfey\n|\n|-weather|Sandstorm|[upkeep]\n|-damage|p1a: Comfey|88\/100|[from] Sandstorm\n|upkeep\n|turn|16\n|\n|t:|1633997944\n|move|p1a: Comfey|Giga Drain|p2a: Gigalith\n|-supereffective|p2a: Gigalith\n|-damage|p2a: Gigalith|23\/100\n|-heal|p1a: Comfey|100\/100|[from] drain|[of] p2a: Gigalith\n|-damage|p1a: Comfey|91\/100|[from] item: Life Orb\n|move|p2a: Gigalith|Toxic|p1a: Comfey\n|-status|p1a: Comfey|tox\n|\n|-weather|Sandstorm|[upkeep]\n|-damage|p1a: Comfey|84\/100 tox|[from] Sandstorm\n|-damage|p1a: Comfey|78\/100 tox|[from] psn\n|upkeep\n|turn|17\n|\n|t:|1633997964\n|switch|p2a: Zarude|Zarude-Dada|21\/100\n|-damage|p2a: Zarude|9\/100|[from] Stealth Rock\n|move|p1a: Comfey|Giga Drain|p2a: Zarude\n|-resisted|p2a: Zarude\n|-damage|p2a: Zarude|0 fnt\n|-heal|p1a: Comfey|83\/100 tox|[from] drain|[of] p2a: Zarude\n|faint|p2a: Zarude\n|-damage|p1a: Comfey|73\/100 tox|[from] item: Life Orb\n|\n|-weather|Sandstorm|[upkeep]\n|-damage|p1a: Comfey|67\/100 tox|[from] Sandstorm\n|-damage|p1a: Comfey|55\/100 tox|[from] psn\n|upkeep\n|\n|t:|1633997975\n|switch|p2a: Excadrill|Excadrill, F|100\/100\n|-damage|p2a: Excadrill|97\/100|[from] Stealth Rock\n|turn|18\n|\n|t:|1633997980\n|move|p1a: Comfey|Giga Drain|p2a: Excadrill\n|-damage|p2a: Excadrill|27\/100\n|-heal|p1a: Comfey|96\/100 tox|[from] drain|[of] p2a: Excadrill\n|-damage|p1a: Comfey|86\/100 tox|[from] item: Life Orb\n|move|p2a: Excadrill|Iron Head|p1a: Comfey\n|-supereffective|p1a: Comfey\n|-damage|p1a: Comfey|0 fnt\n|faint|p1a: Comfey\n|\n|-weather|Sandstorm|[upkeep]\n|-heal|p2a: Excadrill|33\/100|[from] item: Leftovers\n|upkeep\n|\n|t:|1633997982\n|switch|p1a: Mandibuzz|Mandibuzz, F|75\/100\n|turn|19\n|\n|t:|1633997993\n|move|p2a: Excadrill|Rock Slide|p1a: Mandibuzz\n|-supereffective|p1a: Mandibuzz\n|-damage|p1a: Mandibuzz|27\/100\n|-ability|p1a: Mandibuzz|Weak Armor|boost\n|-unboost|p1a: Mandibuzz|def|1\n|-boost|p1a: Mandibuzz|spe|2\n|cant|p1a: Mandibuzz|flinch\n|\n|-weather|Sandstorm|[upkeep]\n|-damage|p1a: Mandibuzz|21\/100|[from] Sandstorm\n|-heal|p2a: Excadrill|40\/100|[from] item: Leftovers\n|upkeep\n|turn|20\n|-message|SkipTheDripBayless forfeited.\n|\n|win|Jusfordlolz\n|raw|SkipTheDripBayless's rating: 1611 &rarr; <strong>1584<\/strong><br \/>(-27 for losing)\n|raw|Jusfordlolz's rating: 1483 &rarr; <strong>1510<\/strong><br \/>(+27 for winning)\n|l|\u2606SkipTheDripBayless\n","uploadtime":1633998008,"views":34,"p1id":"skipthedripbayless","p2id":"jusfordlolz","formatid":"gen8uu","rating":1510,"private":0,"password":null}