{"id":"gen8ou-1377336272","p1":"LT82ZW Makime","p2":"RTSG tests","format":"gen8ou","log":"|raw|<div class=\"broadcast-blue\"><strong>This battle is required to be public due to a player having a name starting with 'lt82zw'.<\/div>\n|j|\u2606LT82ZW Makime\n|j|\u2606RTSG tests\n|t:|1626339892\n|gametype|singles\n|player|p1|LT82ZW Makime|#maki|1762\n|player|p2|RTSG tests|hilbert|1627\n|teamsize|p1|6\n|teamsize|p2|6\n|gen|8\n|tier|[Gen 8] OU\n|rated|\n|rule|Sleep Clause Mod: Limit one foe put to sleep\n|rule|Species Clause: Limit one of each Pok\u00e9mon\n|rule|OHKO Clause: OHKO moves are banned\n|rule|Evasion Moves Clause: Evasion moves are banned\n|rule|Endless Battle Clause: Forcing endless battles is banned\n|rule|HP Percentage Mod: HP is shown in percentages\n|rule|Dynamax Clause: You cannot dynamax\n|clearpoke\n|poke|p1|Urshifu-*, M|\n|poke|p1|Landorus-Therian, M|\n|poke|p1|Slowking-Galar, F|\n|poke|p1|Tornadus-Therian, M|\n|poke|p1|Buzzwole|\n|poke|p1|Ferrothorn, M|\n|poke|p2|Tapu Koko|\n|poke|p2|Hawlucha, M|\n|poke|p2|Mew|\n|poke|p2|Kommo-o, F|\n|poke|p2|Aegislash, M|\n|poke|p2|Zeraora|\n|teampreview\n|\n|t:|1626339901\n|start\n|switch|p1a: Landorus|Landorus-Therian, M|100\/100\n|switch|p2a: Mew|Mew|100\/100\n|-ability|p1a: Landorus|Intimidate|boost\n|-unboost|p2a: Mew|atk|1\n|turn|1\n|\n|t:|1626339905\n|move|p2a: Mew|Ice Beam|p1a: Landorus\n|-supereffective|p1a: Landorus\n|-damage|p1a: Landorus|0 fnt\n|faint|p1a: Landorus\n|\n|upkeep\n|\n|t:|1626339907\n|switch|p1a: Urshifu|Urshifu-Rapid-Strike, M|100\/100\n|turn|2\n|\n|t:|1626339910\n|move|p2a: Mew|Stealth Rock|p1a: Urshifu\n|-sidestart|p1: LT82ZW Makime|move: Stealth Rock\n|move|p1a: Urshifu|U-turn|p2a: Mew\n|-supereffective|p2a: Mew\n|-damage|p2a: Mew|33\/100\n|\n|t:|1626339912\n|switch|p1a: Tornadus|Tornadus-Therian, M, shiny|100\/100|[from]move: U-turn\n|\n|upkeep\n|turn|3\n|\n|t:|1626339916\n|move|p1a: Tornadus|U-turn|p2a: Mew\n|-supereffective|p2a: Mew\n|-damage|p2a: Mew|8\/100\n|\n|t:|1626339923\n|switch|p1a: Slowking|Slowking-Galar, F|100\/100|[from]move: U-turn\n|-damage|p1a: Slowking|88\/100|[from] Stealth Rock\n|move|p2a: Mew|Stealth Rock||[still]\n|-fail|p2a: Mew\n|\n|upkeep\n|turn|4\n|\n|t:|1626339927\n|move|p2a: Mew|Spikes|p1a: Slowking\n|-sidestart|p1: LT82ZW Makime|Spikes\n|move|p1a: Slowking|Future Sight|p2a: Mew\n|-start|p1a: Slowking|move: Future Sight\n|\n|upkeep\n|turn|5\n|\n|t:|1626339941\n|move|p2a: Mew|Spikes|p1a: Slowking\n|-sidestart|p1: LT82ZW Makime|Spikes\n|move|p1a: Slowking|Sludge Bomb|p2a: Mew\n|-damage|p2a: Mew|0 fnt\n|faint|p2a: Mew\n|\n|upkeep\n|\n|t:|1626339945\n|switch|p2a: Aegislash|Aegislash, M|100\/100\n|turn|6\n|\n|t:|1626339955\n|move|p2a: Aegislash|Autotomize|p2a: Aegislash\n|-boost|p2a: Aegislash|spe|2\n|-start|p2a: Aegislash|Autotomize\n|move|p1a: Slowking|Earthquake|p2a: Aegislash\n|-supereffective|p2a: Aegislash\n|-damage|p2a: Aegislash|70\/100\n|-enditem|p2a: Aegislash|Weakness Policy\n|-boost|p2a: Aegislash|atk|2|[from] item: Weakness Policy\n|-boost|p2a: Aegislash|spa|2|[from] item: Weakness Policy\n|\n|-end|p2a: Aegislash|move: Future Sight\n|-resisted|p2a: Aegislash\n|-damage|p2a: Aegislash|44\/100\n|upkeep\n|turn|7\n|\n|t:|1626339963\n|switch|p1a: Ferrothorn|Ferrothorn, M|100\/100\n|-damage|p1a: Ferrothorn|95\/100|[from] Stealth Rock\n|-damage|p1a: Ferrothorn|78\/100|[from] Spikes\n|-formechange|p2a: Aegislash|Aegislash-Blade||[from] ability: Stance Change\n|move|p2a: Aegislash|Shadow Ball|p1a: Ferrothorn\n|-damage|p1a: Ferrothorn|19\/100\n|\n|-heal|p1a: Ferrothorn|25\/100|[from] item: Leftovers\n|upkeep\n|turn|8\n|\n|t:|1626339968\n|move|p2a: Aegislash|Shadow Ball|p1a: Ferrothorn\n|-damage|p1a: Ferrothorn|0 fnt\n|faint|p1a: Ferrothorn\n|\n|upkeep\n|\n|t:|1626339973\n|switch|p1a: Tornadus|Tornadus-Therian, M, shiny|100\/100\n|turn|9\n|\n|t:|1626339975\n|move|p2a: Aegislash|Shadow Ball|p1a: Tornadus\n|-damage|p1a: Tornadus|16\/100\n|move|p1a: Tornadus|Heat Wave|p2a: Aegislash\n|-supereffective|p2a: Aegislash\n|-damage|p2a: Aegislash|0 fnt\n|faint|p2a: Aegislash\n|\n|upkeep\n|\n|t:|1626339986\n|switch|p2a: Tapu Koko|Tapu Koko|100\/100\n|-fieldstart|move: Electric Terrain|[from] ability: Electric Surge|[of] p2a: Tapu Koko\n|turn|10\n|\n|t:|1626339993\n|switch|p1a: Slowking|Slowking-Galar, F|100\/100\n|-damage|p1a: Slowking|84\/100|[from] Spikes\n|-damage|p1a: Slowking|72\/100|[from] Stealth Rock\n|move|p2a: Tapu Koko|Taunt|p1a: Slowking\n|-start|p1a: Slowking|move: Taunt\n|\n|upkeep\n|turn|11\n|\n|t:|1626339996\n|move|p2a: Tapu Koko|Light Screen|p2a: Tapu Koko\n|-sidestart|p2: RTSG tests|move: Light Screen\n|move|p1a: Slowking|Sludge Bomb|p2a: Tapu Koko\n|-supereffective|p2a: Tapu Koko\n|-damage|p2a: Tapu Koko|53\/100\n|\n|upkeep\n|turn|12\n|\n|t:|1626340000\n|move|p2a: Tapu Koko|U-turn|p1a: Slowking\n|-damage|p1a: Slowking|55\/100\n|\n|t:|1626340002\n|switch|p2a: Kommo-o|Kommo-o, F|100\/100|[from]move: U-turn\n|move|p1a: Slowking|Sludge Bomb|p2a: Kommo-o\n|-immune|p2a: Kommo-o|[from] ability: Bulletproof\n|\n|-end|p1a: Slowking|move: Taunt\n|upkeep\n|turn|13\n|\n|t:|1626340005\n|move|p2a: Kommo-o|Substitute|p2a: Kommo-o\n|-start|p2a: Kommo-o|Substitute\n|-damage|p2a: Kommo-o|75\/100\n|move|p1a: Slowking|Future Sight|p2a: Kommo-o\n|-start|p1a: Slowking|move: Future Sight\n|\n|upkeep\n|turn|14\n|\n|t:|1626340013\n|move|p2a: Kommo-o|Belly Drum|p2a: Kommo-o\n|-damage|p2a: Kommo-o|25\/100\n|-setboost|p2a: Kommo-o|atk|6|[from] move: Belly Drum\n|-enditem|p2a: Kommo-o|Salac Berry|[eat]\n|-boost|p2a: Kommo-o|spe|1|[from] item: Salac Berry\n|move|p1a: Slowking|Ice Beam|p2a: Kommo-o\n|-supereffective|p2a: Kommo-o\n|-end|p2a: Kommo-o|Substitute\n|\n|-fieldend|move: Electric Terrain\n|upkeep\n|turn|15\n|\n|t:|1626340024\n|switch|p1a: Tornadus|Tornadus-Therian, M, shiny|49\/100\n|move|p2a: Kommo-o|Ice Punch|p1a: Tornadus\n|-supereffective|p1a: Tornadus\n|-damage|p1a: Tornadus|0 fnt\n|faint|p1a: Tornadus\n|\n|-end|p2a: Kommo-o|move: Future Sight\n|-supereffective|p2a: Kommo-o\n|-damage|p2a: Kommo-o|0 fnt\n|faint|p2a: Kommo-o\n|upkeep\n|\n|t:|1626340040\n|switch|p1a: Slowking|Slowking-Galar, F|88\/100\n|switch|p2a: Tapu Koko|Tapu Koko|53\/100\n|-fieldstart|move: Electric Terrain|[from] ability: Electric Surge|[of] p2a: Tapu Koko\n|-damage|p1a: Slowking|71\/100|[from] Spikes\n|-damage|p1a: Slowking|59\/100|[from] Stealth Rock\n|turn|16\n|\n|t:|1626340043\n|move|p2a: Tapu Koko|Reflect|p2a: Tapu Koko\n|-sidestart|p2: RTSG tests|Reflect\n|move|p1a: Slowking|Sludge Bomb|p2a: Tapu Koko\n|-supereffective|p2a: Tapu Koko\n|-damage|p2a: Tapu Koko|5\/100\n|\n|upkeep\n|turn|17\n|\n|t:|1626340048\n|move|p2a: Tapu Koko|Taunt|p1a: Slowking\n|-start|p1a: Slowking|move: Taunt\n|move|p1a: Slowking|Future Sight|p2a: Tapu Koko\n|-start|p1a: Slowking|move: Future Sight\n|\n|upkeep\n|turn|18\n|j| clozap9\n|\n|t:|1626340099\n|move|p2a: Tapu Koko|U-turn|p1a: Slowking\n|-damage|p1a: Slowking|41\/100\n|\n|t:|1626340103\n|switch|p2a: Zeraora|Zeraora|100\/100|[from]move: U-turn\n|move|p1a: Slowking|Sludge Bomb|p2a: Zeraora\n|-damage|p2a: Zeraora|77\/100\n|\n|-sideend|p2: RTSG tests|move: Light Screen\n|upkeep\n|turn|19\n|\n|t:|1626340106\n|switch|p1a: Buzzwole|Buzzwole|100\/100\n|-damage|p1a: Buzzwole|88\/100|[from] Stealth Rock\n|-damage|p1a: Buzzwole|72\/100|[from] Spikes\n|move|p2a: Zeraora|Bulk Up|p2a: Zeraora\n|-boost|p2a: Zeraora|atk|1\n|-boost|p2a: Zeraora|def|1\n|\n|-end|p2a: Zeraora|move: Future Sight\n|-damage|p2a: Zeraora|11\/100\n|upkeep\n|turn|20\n|\n|t:|1626340114\n|move|p2a: Zeraora|Plasma Fists|p1a: Buzzwole\n|-damage|p1a: Buzzwole|4\/100\n|-damage|p2a: Zeraora|0 fnt|[from] item: Rocky Helmet|[of] p1a: Buzzwole\n|faint|p2a: Zeraora\n|move|p1a: Buzzwole|Leech Life|p2: Zeraora|[notarget]\n|-fail|p1a: Buzzwole\n|\n|-fieldend|move: Electric Terrain\n|upkeep\n|\n|t:|1626340119\n|switch|p2a: Tapu Koko|Tapu Koko|5\/100\n|-fieldstart|move: Electric Terrain|[from] ability: Electric Surge|[of] p2a: Tapu Koko\n|turn|21\n|\n|t:|1626340123\n|move|p2a: Tapu Koko|Light Screen|p2a: Tapu Koko\n|-sidestart|p2: RTSG tests|move: Light Screen\n|move|p1a: Buzzwole|Roost|p1a: Buzzwole\n|-heal|p1a: Buzzwole|54\/100\n|-singleturn|p1a: Buzzwole|move: Roost\n|\n|upkeep\n|turn|22\n|\n|t:|1626340128\n|move|p2a: Tapu Koko|Taunt|p1a: Buzzwole\n|-start|p1a: Buzzwole|move: Taunt\n|move|p1a: Buzzwole|Ice Punch|p2a: Tapu Koko\n|-damage|p2a: Tapu Koko|0 fnt\n|faint|p2a: Tapu Koko\n|-ability|p1a: Buzzwole|Beast Boost|boost\n|-boost|p1a: Buzzwole|atk|1\n|\n|upkeep\n|\n|t:|1626340131\n|switch|p2a: Hawlucha|Hawlucha, M|100\/100\n|-enditem|p2a: Hawlucha|Electric Seed\n|-boost|p2a: Hawlucha|def|1|[from] item: Electric Seed\n|turn|23\n|\n|t:|1626340133\n|move|p2a: Hawlucha|Swords Dance|p2a: Hawlucha\n|-boost|p2a: Hawlucha|atk|2\n|move|p1a: Buzzwole|Ice Punch|p2a: Hawlucha\n|-supereffective|p2a: Hawlucha\n|-damage|p2a: Hawlucha|59\/100\n|\n|-sideend|p2: RTSG tests|Reflect\n|upkeep\n|turn|24\n|\n|t:|1626340136\n|move|p2a: Hawlucha|Acrobatics|p1a: Buzzwole\n|-supereffective|p1a: Buzzwole\n|-damage|p1a: Buzzwole|0 fnt\n|-damage|p2a: Hawlucha|43\/100|[from] item: Rocky Helmet|[of] p1a: Buzzwole\n|faint|p1a: Buzzwole\n|\n|upkeep\n|\n|t:|1626340141\n|switch|p1a: Urshifu|Urshifu-Rapid-Strike, M|100\/100\n|-damage|p1a: Urshifu|84\/100|[from] Spikes\n|-damage|p1a: Urshifu|78\/100|[from] Stealth Rock\n|turn|25\n|\n|t:|1626340144\n|move|p1a: Urshifu|Aqua Jet|p2a: Hawlucha\n|-damage|p2a: Hawlucha|17\/100\n|move|p2a: Hawlucha|Acrobatics|p1a: Urshifu\n|-supereffective|p1a: Urshifu\n|-crit|p1a: Urshifu\n|-damage|p1a: Urshifu|0 fnt\n|faint|p1a: Urshifu\n|\n|-fieldend|move: Electric Terrain\n|upkeep\n|-message|LT82ZW Makime forfeited.\n|\n|win|RTSG tests\n|l|\u2606LT82ZW Makime\n|raw|LT82ZW Makime's rating: 1744 &rarr; <strong>1718<\/strong><br \/>(-26 for losing)\n|raw|RTSG tests's rating: 1627 &rarr; <strong>1653<\/strong><br \/>(+26 for winning)\n","uploadtime":1626340155,"views":43,"p1id":"lt82zwmakime","p2id":"rtsgtests","formatid":"gen8ou","rating":1653,"private":0,"password":null}