{"id":"gen8randombattle-1540897662","p1":"Arcangel666","p2":"crash93","format":"gen8randombattle","log":"|j|\u2606Arcangel666\n|j|\u2606crash93\n|t:|1648505375\n|gametype|singles\n|player|p1|Arcangel666|grimsley|2013\n|player|p2|crash93|giovanni|1991\n|teamsize|p1|6\n|teamsize|p2|6\n|gen|8\n|tier|[Gen 8] Random Battle\n|rated|\n|rule|Species Clause: Limit one of each Pok\u00e9mon\n|rule|HP Percentage Mod: HP is shown in percentages\n|rule|Sleep Clause Mod: Limit one foe put to sleep\n|\n|t:|1648505375\n|start\n|switch|p1a: Magnezone|Magnezone, L84|255\/255\n|switch|p2a: Arctovish|Arctovish, L86|295\/295\n|turn|1\n|\n|t:|1648505381\n|move|p1a: Magnezone|Thunderbolt|p2a: Arctovish\n|-supereffective|p2a: Arctovish\n|-damage|p2a: Arctovish|151\/295\n|move|p2a: Arctovish|Fishious Rend|p1a: Magnezone\n|-damage|p1a: Magnezone|188\/255\n|\n|upkeep\n|turn|2\n|\n|t:|1648505387\n|move|p1a: Magnezone|Thunderbolt|p2a: Arctovish\n|-supereffective|p2a: Arctovish\n|-damage|p2a: Arctovish|0 fnt\n|faint|p2a: Arctovish\n|\n|upkeep\n|\n|t:|1648505399\n|switch|p2a: Slowbro|Slowbro-Galar, L86, M|304\/304\n|turn|3\n|\n|t:|1648505404\n|move|p1a: Magnezone|Volt Switch|p2a: Slowbro\n|-damage|p2a: Slowbro|193\/304\n|\n|t:|1648505408\n|switch|p1a: Rhydon|Rhydon, L87, F|324\/324\n|move|p2a: Slowbro|Flamethrower|p1a: Rhydon\n|-resisted|p1a: Rhydon\n|-damage|p1a: Rhydon|282\/324\n|-damage|p2a: Slowbro|163\/304|[from] item: Life Orb\n|\n|upkeep\n|turn|4\n|\n|t:|1648505414\n|switch|p2a: Pelipper|Pelipper, L86, F|243\/243\n|-weather|RainDance|[from] ability: Drizzle|[of] p2a: Pelipper\n|move|p1a: Rhydon|Earthquake|p2a: Pelipper\n|-immune|p2a: Pelipper\n|\n|-weather|RainDance|[upkeep]\n|upkeep\n|turn|5\n|\n|t:|1648505418\n|switch|p1a: Magnezone|Magnezone, L84|188\/255\n|move|p2a: Pelipper|Scald|p1a: Magnezone\n|-damage|p1a: Magnezone|103\/255\n|\n|-weather|RainDance|[upkeep]\n|upkeep\n|turn|6\n|\n|t:|1648505429\n|switch|p2a: Slowbro|Slowbro-Galar, L86, M|264\/304\n|move|p1a: Magnezone|Volt Switch|p2a: Slowbro\n|-damage|p2a: Slowbro|147\/304\n|\n|t:|1648505434\n|switch|p1a: Rhydon|Rhydon, L87, F|282\/324\n|\n|-weather|RainDance|[upkeep]\n|upkeep\n|turn|7\n|\n|t:|1648505437\n|move|p1a: Rhydon|Stone Edge|p2a: Slowbro\n|-damage|p2a: Slowbro|18\/304\n|move|p2a: Slowbro|Psychic|p1a: Rhydon\n|-damage|p1a: Rhydon|156\/324\n|-damage|p2a: Slowbro|0 fnt|[from] item: Life Orb\n|faint|p2a: Slowbro\n|\n|-weather|RainDance|[upkeep]\n|upkeep\n|\n|t:|1648505440\n|switch|p2a: Pelipper|Pelipper, L86, F|243\/243\n|turn|8\n|\n|t:|1648505444\n|switch|p1a: Cramorant|Cramorant, L84, F|255\/255\n|move|p2a: Pelipper|Scald|p1a: Cramorant\n|-resisted|p1a: Cramorant\n|-crit|p1a: Cramorant\n|-damage|p1a: Cramorant|159\/255\n|\n|-weather|none\n|upkeep\n|turn|9\n|\n|t:|1648505451\n|move|p1a: Cramorant|Roost|p1a: Cramorant\n|-heal|p1a: Cramorant|255\/255\n|-singleturn|p1a: Cramorant|move: Roost\n|move|p2a: Pelipper|Hurricane|p1a: Cramorant\n|-damage|p1a: Cramorant|144\/255\n|\n|upkeep\n|turn|10\n|\n|t:|1648505458\n|switch|p2a: Azelf|Azelf, L82|257\/257\n|move|p1a: Cramorant|Brave Bird|p2a: Azelf\n|-damage|p2a: Azelf|106\/257\n|-damage|p1a: Cramorant|94\/255|[from] Recoil\n|\n|upkeep\n|turn|11\n|\n|t:|1648505465\n|move|p2a: Azelf|Psyshock|p1a: Cramorant\n|-damage|p1a: Cramorant|0 fnt\n|faint|p1a: Cramorant\n|\n|upkeep\n|\n|t:|1648505469\n|switch|p1a: Azumarill|Azumarill, L84, M|305\/305\n|turn|12\n|\n|t:|1648505472\n|move|p2a: Azelf|Psyshock|p1a: Azumarill\n|-damage|p1a: Azumarill|149\/305\n|move|p1a: Azumarill|Liquidation|p2a: Azelf\n|-damage|p2a: Azelf|0 fnt\n|faint|p2a: Azelf\n|\n|upkeep\n|\n|t:|1648505476\n|switch|p2a: Pelipper|Pelipper, L86, F|243\/243\n|-weather|RainDance|[from] ability: Drizzle|[of] p2a: Pelipper\n|turn|13\n|\n|t:|1648505481\n|move|p2a: Pelipper|Hurricane|p1a: Azumarill\n|-damage|p1a: Azumarill|31\/305\n|move|p1a: Azumarill|Liquidation|p2a: Pelipper\n|-resisted|p2a: Pelipper\n|-damage|p2a: Pelipper|135\/243\n|\n|-weather|RainDance|[upkeep]\n|upkeep\n|turn|14\n|inactive|Battle timer is ON: inactive players will automatically lose when time's up. (requested by crash93)\n|\n|t:|1648505484\n|move|p2a: Pelipper|Scald|p1a: Azumarill\n|-resisted|p1a: Azumarill\n|-damage|p1a: Azumarill|0 fnt\n|faint|p1a: Azumarill\n|\n|-weather|RainDance|[upkeep]\n|upkeep\n|\n|t:|1648505486\n|switch|p1a: Magnezone|Magnezone, L84|103\/255\n|turn|15\n|\n|t:|1648505489\n|switch|p2a: Copperajah|Copperajah, L84, F|342\/342\n|move|p1a: Magnezone|Volt Switch|p2a: Copperajah\n|-damage|p2a: Copperajah|237\/342\n|\n|t:|1648505495\n|switch|p1a: Rhydon|Rhydon, L87, F|156\/324\n|\n|-weather|RainDance|[upkeep]\n|upkeep\n|turn|16\n|\n|t:|1648505498\n|switch|p2a: Pelipper|Pelipper, L86, F|135\/243\n|move|p1a: Rhydon|Earthquake|p2a: Pelipper\n|-immune|p2a: Pelipper\n|\n|-weather|RainDance|[upkeep]\n|upkeep\n|turn|17\n|\n|t:|1648505500\n|move|p2a: Pelipper|Scald|p1a: Rhydon\n|-supereffective|p1a: Rhydon\n|-damage|p1a: Rhydon|0 fnt\n|faint|p1a: Rhydon\n|\n|-weather|none\n|upkeep\n|\n|t:|1648505502\n|switch|p1a: Magnezone|Magnezone, L84|103\/255\n|turn|18\n|\n|t:|1648505508\n|switch|p2a: Copperajah|Copperajah, L84, F|237\/342\n|move|p1a: Magnezone|Thunderbolt|p2a: Copperajah\n|-damage|p2a: Copperajah|89\/342\n|\n|upkeep\n|turn|19\n|\n|t:|1648505512\n|move|p1a: Magnezone|Thunderbolt|p2a: Copperajah\n|-damage|p2a: Copperajah|0 fnt\n|faint|p2a: Copperajah\n|\n|upkeep\n|\n|t:|1648505515\n|switch|p2a: Darmanitan|Darmanitan-Galar, L78, M|292\/292\n|turn|20\n|\n|t:|1648505520\n|switch|p1a: Xatu|Xatu, L89, M|260\/260\n|move|p2a: Darmanitan|Substitute|p2a: Darmanitan\n|-start|p2a: Darmanitan|Substitute\n|-damage|p2a: Darmanitan|219\/292\n|\n|upkeep\n|turn|21\n|\n|t:|1648505526\n|move|p1a: Xatu|Heat Wave|p2a: Darmanitan\n|-supereffective|p2a: Darmanitan\n|-end|p2a: Darmanitan|Substitute\n|move|p2a: Darmanitan|Belly Drum|p2a: Darmanitan\n|-damage|p2a: Darmanitan|73\/292\n|-setboost|p2a: Darmanitan|atk|6|[from] move: Belly Drum\n|-enditem|p2a: Darmanitan|Salac Berry|[eat]\n|-boost|p2a: Darmanitan|spe|1|[from] item: Salac Berry\n|\n|-formechange|p2a: Darmanitan|Darmanitan-Galar-Zen|\n|upkeep\n|turn|22\n|\n|t:|1648505528\n|-start|p2a: Darmanitan|Dynamax|\n|-heal|p2a: Darmanitan|146\/584|[silent]\n|move|p2a: Darmanitan|Max Hailstorm|p1a: Xatu\n|-supereffective|p1a: Xatu\n|-damage|p1a: Xatu|0 fnt\n|-weather|Hail\n|faint|p1a: Xatu\n|\n|-weather|Hail|[upkeep]\n|upkeep\n|\n|t:|1648505532\n|switch|p1a: Gardevoir|Gardevoir, L82, F|246\/246\n|turn|23\n|\n|t:|1648505534\n|move|p2a: Darmanitan|Max Hailstorm|p1a: Gardevoir\n|-damage|p1a: Gardevoir|0 fnt\n|faint|p1a: Gardevoir\n|\n|-weather|Hail|[upkeep]\n|upkeep\n|\n|t:|1648505536\n|switch|p1a: Magnezone|Magnezone, L84|103\/255\n|turn|24\n|\n|t:|1648505538\n|move|p2a: Darmanitan|Max Quake|p1a: Magnezone\n|-supereffective|p1a: Magnezone\n|-damage|p1a: Magnezone|0 fnt\n|-boost|p2a: Darmanitan|spd|1\n|faint|p1a: Magnezone\n|\n|win|crash93\n|raw|Arcangel666's rating: 2013 &rarr; <strong>1992<\/strong><br \/>(-21 for losing)\n|raw|crash93's rating: 1991 &rarr; <strong>2012<\/strong><br \/>(+21 for winning)\n|l|\u2606Arcangel666\n","inputlog":">version 288e04d5df9c6ca13bb3133c7709627f15306b80\n>start {\"formatid\":\"gen8randombattle\",\"seed\":[54341,33639,61277,47303],\"rated\":\"Rated battle\"}\n>player p1 {\"name\":\"Arcangel666\",\"avatar\":\"grimsley\",\"rating\":2013,\"seed\":[11537,12399,44149,46112]}\n>player p2 {\"name\":\"crash93\",\"avatar\":\"giovanni\",\"rating\":1991,\"seed\":[19080,45748,57556,30866]}\n>p1 move thunderbolt\n>p2 move fishiousrend\n>p1 move thunderbolt\n>p2 move fishiousrend\n>p2 switch 6\n>p1 move voltswitch\n>p2 move flamethrower\n>p1 switch 3\n>p1 move earthquake\n>p2 switch 5\n>p1 switch 3\n>p2 move scald\n>p1 move voltswitch\n>p2 switch 5\n>p1 switch 3\n>p1 move stoneedge\n>p2 move psychic\n>p2 switch 5\n>p1 switch 6\n>p2 move scald\n>p1 move roost\n>p2 move hurricane\n>p1 move bravebird\n>p2 switch 4\n>p1 move bravebird\n>p2 move psyshock\n>p1 switch 4\n>p1 move liquidation\n>p2 move psyshock\n>p2 switch 4\n>p1 move liquidation\n>p2 move hurricane\n>p1 move liquidation\n>p2 move scald\n>p1 switch 3\n>p1 move voltswitch\n>p2 switch 3\n>p1 switch 6\n>p1 move earthquake\n>p2 switch 3\n>p1 move stoneedge\n>p2 move scald\n>p1 switch 6\n>p1 move thunderbolt\n>p2 switch 3\n>p1 move thunderbolt\n>p2 move heatcrash\n>p2 switch 2\n>p1 switch 5\n>p2 move substitute\n>p1 move heatwave\n>p2 move bellydrum\n>p1 move heatwave\n>p2 move iciclecrash dynamax\n>p1 switch 2\n>p1 move calmmind\n>p2 move iciclecrash dynamax\n>p1 switch 5\n>p1 move mirrorcoat\n>p2 move earthquake dynamax","uploadtime":1648505548,"views":4,"p1id":"arcangel666","p2id":"crash93","formatid":"gen8randombattle","rating":1992,"private":0,"password":null}