{"id":"gen8vgc2020-1229115002","p1":"Trogba Trogba","p2":"CliffordTDog","format":"gen8vgc2020","log":"|j|\u2606Trogba Trogba\n|j|\u2606CliffordTDog\n|t:|1606065800\n|player|p1|Trogba Trogba|lance|\n|player|p2|CliffordTDog|170|\n|teamsize|p1|6\n|teamsize|p2|6\n|gametype|doubles\n|gen|8\n|tier|[Gen 8] VGC 2020\n|clearpoke\n|poke|p1|Shedinja, L50|\n|poke|p1|Grimmsnarl, L50, M|\n|poke|p1|Politoed, L50, M|\n|poke|p1|Dracovish, L50|\n|poke|p1|Cinderace, L50, F|\n|poke|p1|Ludicolo, L50, F|\n|poke|p2|Mudsdale, L50, M|\n|poke|p2|Hatterene, L50, F|\n|poke|p2|Tsareena, L50, F|\n|poke|p2|Snorlax, L50, F|\n|poke|p2|Durant, L50, M|\n|poke|p2|Reuniclus, L50, F|\n|rule|Species Clause: Limit one of each Pok\u00e9mon\n|rule|Item Clause: Limit one of each item\n|teampreview|4\n|j| Sc3ptil3\n|inactive|Battle timer is ON: inactive players will automatically lose when time's up. (requested by CliffordTDog)\n|\n|t:|1606065854\n|start\n|switch|p1a: Grimmsnarl|Grimmsnarl, L50, M|48\/48\n|switch|p1b: Dracovish|Dracovish, L50|48\/48\n|switch|p2a: Durant|Durant, L50, M, shiny|48\/48\n|switch|p2b: Hat|Hatterene, L50, F|48\/48\n|turn|1\n|inactive|CliffordTDog has 30 seconds left.\n|\n|t:|1606065884\n|switch|p1a: Shedinja|Shedinja, L50|48\/48\n|-start|p2a: Durant|Dynamax\n|-heal|p2a: Durant|48\/48|[silent]\n|move|p1b: Dracovish|Fishious Rend|p2b: Hat\n|-damage|p2b: Hat|0 fnt\n|faint|p2b: Hat\n|move|p2a: Durant|Max Steelspike|p1a: Shedinja\n|-immune|p1a: Shedinja|[from] ability: Wonder Guard\n|\n|upkeep\n|\n|t:|1606065901\n|switch|p2b: I Sleep|Snorlax, L50, F|48\/48\n|turn|2\n|inactive|CliffordTDog has 30 seconds left.\n|\n|t:|1606065927\n|move|p1a: Shedinja|Ally Switch|p1a: Shedinja\n|swap|p1a: Shedinja|1|[from] move: Ally Switch\n|move|p1a: Dracovish|Fishious Rend|p2a: Durant\n|-damage|p2a: Durant|13\/48\n|move|p2a: Durant|Max Strike|p1b: Shedinja\n|-immune|p1b: Shedinja|[from] ability: Wonder Guard\n|move|p2b: I Sleep|Rock Slide|p1a: Dracovish|[spread] p1a,p1b\n|-supereffective|p1b: Shedinja\n|-damage|p1a: Dracovish|40\/48\n|-enditem|p1b: Shedinja|Focus Sash\n|-damage|p1b: Shedinja|48\/48\n|\n|upkeep\n|turn|3\n|\n|t:|1606065948\n|move|p1b: Shedinja|Endure|p1b: Shedinja\n|-singleturn|p1b: Shedinja|move: Endure\n|move|p1a: Dracovish|Fishious Rend|p2a: Durant\n|-damage|p2a: Durant|0 fnt\n|faint|p2a: Durant\n|move|p2b: I Sleep|Rock Slide|p1a: Dracovish|[spread] p1a\n|-miss|p2b: I Sleep|p1b: Shedinja\n|-damage|p1a: Dracovish|32\/48\n|\n|upkeep\n|\n|t:|1606065958\n|switch|p2a: Tsareena|Tsareena, L50, F, shiny|48\/48\n|turn|4\n|\n|t:|1606065973\n|move|p1a: Dracovish|Fishious Rend|p2b: I Sleep\n|-damage|p2b: I Sleep|0 fnt\n|faint|p2b: I Sleep\n|move|p2a: Tsareena|Triple Axel|p1b: Shedinja\n|-immune|p1b: Shedinja|[from] ability: Wonder Guard\n|move|p1b: Shedinja|Poltergeist|p2a: Tsareena\n|-activate|p2a: Tsareena|move: Poltergeist|Focus Sash\n|-damage|p2a: Tsareena|17\/48\n|\n|upkeep\n|turn|5\n|\n|t:|1606065986\n|move|p1b: Shedinja|Endure|p1b: Shedinja\n|-singleturn|p1b: Shedinja|move: Endure\n|move|p1a: Dracovish|Fishious Rend|p2a: Tsareena\n|-resisted|p2a: Tsareena\n|-damage|p2a: Tsareena|0 fnt\n|faint|p2a: Tsareena\n|\n|win|Trogba Trogba\n","uploadtime":1606065995,"views":9,"p1id":"trogbatrogba","p2id":"cliffordtdog","formatid":"gen8vgc2020","rating":0,"private":0,"password":null}