{"id":"gen8ou-1629744245","p1":"Frager","p2":"Daevank5","format":"gen8ou","log":"|j|\u2606Frager\n|j|\u2606Daevank5\n|inactive|Battle timer is ON: inactive players will automatically lose when time's up.\n|t:|1659341877\n|gametype|singles\n|player|p1|Frager|101|\n|player|p2|Daevank5|102|\n|teamsize|p1|6\n|teamsize|p2|6\n|gen|8\n|tier|[Gen 8] OU\n|rated|Tournament battle\n|rule|Sleep Clause Mod: Limit one foe put to sleep\n|rule|Species Clause: Limit one of each Pok\u00e9mon\n|rule|OHKO Clause: OHKO moves are banned\n|rule|Evasion Moves Clause: Evasion moves are banned\n|rule|Endless Battle Clause: Forcing endless battles is banned\n|rule|HP Percentage Mod: HP is shown in percentages\n|rule|Dynamax Clause: You cannot dynamax\n|clearpoke\n|poke|p1|Heatran, M|\n|poke|p1|Venusaur, M|\n|poke|p1|Torkoal, F|\n|poke|p1|Blissey, F|\n|poke|p1|Landorus-Therian, M|\n|poke|p1|Clefable, M|\n|poke|p2|Regigigas|\n|poke|p2|Tapu Bulu|\n|poke|p2|Magnezone|\n|poke|p2|Garchomp, M|\n|poke|p2|Kartana|\n|poke|p2|Slowbro, M|\n|teampreview\n|j| Pk Fire 2445\n|j| Rosaism\n|c|\u2606Frager|hi\n|j| quark discord\n|c|\u2606Daevank5|hi\n|c|\u2606Frager|gl hf\n|c|\u2606Daevank5|it seems like\n|c|\u2606Daevank5|venusaur kinda rolls me\n|c| quark discord|Wow\n|c|\u2606Daevank5|gl hf\n|c|\u2606Frager|even gl shouldn't be useful\n|inactive|Frager has 120 seconds left.\n|inactive|Daevank5 has 120 seconds left.\n|c| quark discord|wow\n|\n|t:|1659341918\n|start\n|switch|p1a: Torkoal|Torkoal, F|100\/100\n|switch|p2a: Garchomp|Garchomp, M|100\/100\n|-weather|SunnyDay|[from] ability: Drought|[of] p1a: Torkoal\n|turn|1\n|j| FaeRen S\n|l| quark discord\n|\n|t:|1659341935\n|switch|p1a: Landorus|Landorus-Therian, M|100\/100\n|-ability|p1a: Landorus|Intimidate|boost\n|-unboost|p2a: Garchomp|atk|1\n|move|p2a: Garchomp|Toxic|p1a: Landorus\n|-status|p1a: Landorus|tox\n|\n|-weather|SunnyDay|[upkeep]\n|-damage|p1a: Landorus|95\/100 tox|[from] psn\n|upkeep\n|turn|2\n|j| angelelreydelmambo\n|\n|t:|1659341947\n|switch|p2a: Slowbro|Slowbro, M|100\/100\n|move|p1a: Landorus|Earthquake|p2a: Slowbro\n|-damage|p2a: Slowbro|68\/100\n|\n|-weather|SunnyDay|[upkeep]\n|-damage|p1a: Landorus|83\/100 tox|[from] psn\n|upkeep\n|turn|3\n|\n|t:|1659341960\n|switch|p1a: Blissey|Blissey, F|100\/100\n|move|p2a: Slowbro|Teleport|p2a: Slowbro\n|inactive|Daevank5 has 120 seconds left.\n|c|\u2606Frager|I can feel his focus XD\n|\n|t:|1659341993\n|switch|p2a: Magnezone|Magnezone|100\/100|[from]move: Teleport\n|\n|-weather|SunnyDay|[upkeep]\n|upkeep\n|turn|4\n|c| angelelreydelmambo|you actually using Regigias?\n|\n|t:|1659342006\n|move|p2a: Magnezone|Body Press|p1a: Blissey\n|-supereffective|p1a: Blissey\n|-damage|p1a: Blissey|59\/100\n|move|p1a: Blissey|Teleport|p1a: Blissey\n|\n|t:|1659342011\n|switch|p1a: Heatran|Heatran, M|100\/100|[from]move: Teleport\n|\n|-weather|SunnyDay|[upkeep]\n|upkeep\n|turn|5\n|c| angelelreydelmambo|Thats pretty original :)\n|\n|t:|1659342015\n|switch|p2a: Garchomp|Garchomp, M|100\/100\n|move|p1a: Heatran|Eruption|p2a: Garchomp\n|-resisted|p2a: Garchomp\n|-damage|p2a: Garchomp|39\/100\n|\n|-weather|SunnyDay|[upkeep]\n|-heal|p2a: Garchomp|45\/100|[from] item: Leftovers\n|upkeep\n|turn|6\n|c|\u2606Daevank5|yep\n|c|\u2606Daevank5|that makes sense\n|c|\u2606Frager|uch\n|c|\u2606Daevank5|im literally\n|c|\u2606Daevank5|max max\n|c|\u2606Daevank5|careful\n|\n|t:|1659342033\n|switch|p1a: Clefable|Clefable, M|100\/100\n|move|p2a: Garchomp|Protect||[still]\n|-fail|p2a: Garchomp\n|\n|-weather|SunnyDay|[upkeep]\n|-heal|p2a: Garchomp|51\/100|[from] item: Leftovers\n|upkeep\n|turn|7\n|inactive|Daevank5 has 120 seconds left.\n|\n|t:|1659342063\n|switch|p2a: Slowbro|Slowbro, M|100\/100\n|move|p1a: Clefable|Moonblast|p2a: Slowbro\n|-damage|p2a: Slowbro|68\/100\n|\n|-weather|SunnyDay|[upkeep]\n|upkeep\n|turn|8\n|c|\u2606Frager|and Idk what am I doing but it's ok\n|inactive|Daevank5 has 120 seconds left.\n|\n|t:|1659342082\n|switch|p2a: Tapu Bulu|Tapu Bulu|100\/100\n|-fieldstart|move: Grassy Terrain|[from] ability: Grassy Surge|[of] p2a: Tapu Bulu\n|move|p1a: Clefable|Moonblast|p2a: Tapu Bulu\n|-damage|p2a: Tapu Bulu|62\/100\n|-unboost|p2a: Tapu Bulu|spa|1\n|\n|-weather|none\n|-heal|p2a: Tapu Bulu|68\/100|[from] Grassy Terrain\n|upkeep\n|turn|9\n|inactive|Daevank5 has 120 seconds left.\n|j| Drake Ferarri\n|l| Rosaism\n|\n|t:|1659342116\n|switch|p1a: Torkoal|Torkoal, F|100\/100\n|-weather|SunnyDay|[from] ability: Drought|[of] p1a: Torkoal\n|move|p2a: Tapu Bulu|Swords Dance|p2a: Tapu Bulu\n|-boost|p2a: Tapu Bulu|atk|2\n|\n|-weather|SunnyDay|[upkeep]\n|-heal|p2a: Tapu Bulu|74\/100|[from] Grassy Terrain\n|upkeep\n|turn|10\n|\n|t:|1659342126\n|move|p2a: Tapu Bulu|Stone Edge|p1a: Torkoal\n|-supereffective|p1a: Torkoal\n|-damage|p1a: Torkoal|4\/100\n|-damage|p2a: Tapu Bulu|64\/100|[from] item: Life Orb\n|move|p1a: Torkoal|Yawn|p2a: Tapu Bulu\n|-start|p2a: Tapu Bulu|move: Yawn|[of] p1a: Torkoal\n|\n|-weather|SunnyDay|[upkeep]\n|-heal|p2a: Tapu Bulu|70\/100|[from] Grassy Terrain\n|-heal|p1a: Torkoal|10\/100|[from] Grassy Terrain\n|upkeep\n|turn|11\n|c| Drake Ferarri|nice one goober\n|c|\u2606Frager|uchh\n|inactive|Daevank5 has 90 seconds left.\n|\n|t:|1659342156\n|switch|p1a: Clefable|Clefable, M|100\/100\n|move|p2a: Tapu Bulu|Horn Leech|p1a: Clefable\n|-damage|p1a: Clefable|0 fnt\n|-heal|p2a: Tapu Bulu|100\/100|[from] drain|[of] p1a: Clefable\n|faint|p1a: Clefable\n|-damage|p2a: Tapu Bulu|91\/100|[from] item: Life Orb\n|\n|-weather|SunnyDay|[upkeep]\n|-heal|p2a: Tapu Bulu|97\/100|[from] Grassy Terrain\n|-end|p2a: Tapu Bulu|move: Yawn|[silent]\n|-status|p2a: Tapu Bulu|slp\n|upkeep\n|c|\u2606Frager|okk\n|inactive|Frager has 120 seconds left.\n|\n|t:|1659342169\n|switch|p1a: Heatran|Heatran, M|100\/100\n|turn|12\n|c| angelelreydelmambo|that was hard\n|\n|t:|1659342178\n|cant|p2a: Tapu Bulu|slp\n|move|p1a: Heatran|Eruption|p2a: Tapu Bulu\n|-supereffective|p2a: Tapu Bulu\n|-damage|p2a: Tapu Bulu|0 fnt\n|faint|p2a: Tapu Bulu\n|\n|-weather|SunnyDay|[upkeep]\n|-fieldend|move: Grassy Terrain\n|upkeep\n|c|\u2606Frager|damage\n|inactive|Daevank5 has 90 seconds left.\n|c| Drake Ferarri|drake ferarri\n|inactive|Daevank5 has 60 seconds left.\n|j| yoyolord\n|l| yoyolord\n|l| Drake Ferarri\n|c|\u2606Frager|Frager\n|inactive|Daevank5 has 30 seconds left.\n|\n|t:|1659342258\n|switch|p2a: Regigigas|Regigigas|100\/100\n|-start|p2a: Regigigas|ability: Slow Start\n|turn|13\n|c|\u2606Frager|r u dead ?\n|c|\u2606Frager|ok\n|c|\u2606Daevank5|the boss is in\n|c|\u2606Daevank5|just running calcs\n|\n|t:|1659342268\n|move|p1a: Heatran|Eruption|p2a: Regigigas\n|-damage|p2a: Regigigas|4\/100\n|move|p2a: Regigigas|Earthquake|p1a: Heatran\n|-supereffective|p1a: Heatran\n|-damage|p1a: Heatran|39\/100\n|\n|-weather|SunnyDay|[upkeep]\n|-heal|p2a: Regigigas|10\/100|[from] item: Leftovers\n|upkeep\n|turn|14\n|c|\u2606Frager|uch\n|c|\u2606Daevank5|LETS GOOOOO\n|\n|t:|1659342279\n|move|p2a: Regigigas|Protect|p2a: Regigigas\n|-singleturn|p2a: Regigigas|Protect\n|move|p1a: Heatran|Eruption|p2a: Regigigas\n|-activate|p2a: Regigigas|move: Protect\n|\n|-weather|SunnyDay|[upkeep]\n|-heal|p2a: Regigigas|17\/100|[from] item: Leftovers\n|upkeep\n|turn|15\n|\n|t:|1659342287\n|-end|p2a: Regigigas|Slow Start|[silent]\n|switch|p2a: Slowbro|Slowbro, M|100\/100\n|move|p1a: Heatran|Eruption|p2a: Slowbro\n|-resisted|p2a: Slowbro\n|-damage|p2a: Slowbro|60\/100\n|\n|-weather|SunnyDay|[upkeep]\n|upkeep\n|turn|16\n|c|\u2606Frager|damages are insane\n|\n|t:|1659342302\n|switch|p1a: Blissey|Blissey, F|59\/100\n|move|p2a: Slowbro|Teleport|p2a: Slowbro\n|inactive|Daevank5 has 30 seconds left.\n|inactive|Daevank5 has 20 seconds left.\n|inactive|Daevank5 has 15 seconds left.\n|\n|t:|1659342332\n|switch|p2a: Garchomp|Garchomp, M|51\/100|[from]move: Teleport\n|\n|-weather|none\n|-heal|p2a: Garchomp|58\/100|[from] item: Leftovers\n|upkeep\n|turn|17\n|inactive|Daevank5 has 25 seconds left this turn.\n|\n|t:|1659342338\n|move|p2a: Garchomp|Stealth Rock|p1a: Blissey\n|-sidestart|p1: Frager|move: Stealth Rock\n|move|p1a: Blissey|Soft-Boiled|p1a: Blissey\n|-heal|p1a: Blissey|100\/100\n|\n|-heal|p2a: Garchomp|64\/100|[from] item: Leftovers\n|upkeep\n|turn|18\n|\n|t:|1659342345\n|switch|p2a: Slowbro|Slowbro, M|93\/100\n|move|p1a: Blissey|Teleport|p1a: Blissey\n|\n|t:|1659342348\n|switch|p1a: Landorus|Landorus-Therian, M|83\/100 tox|[from]move: Teleport\n|-damage|p1a: Landorus|70\/100 tox|[from] Stealth Rock\n|-ability|p1a: Landorus|Intimidate|boost\n|-unboost|p2a: Slowbro|atk|1\n|\n|-damage|p1a: Landorus|64\/100 tox|[from] psn\n|upkeep\n|turn|19\n|\n|t:|1659342356\n|move|p1a: Landorus|Defog|p2a: Slowbro\n|-unboost|p2a: Slowbro|evasion|1\n|-sideend|p1: Frager|Stealth Rock|[from] move: Defog|[of] p1a: Landorus\n|move|p2a: Slowbro|Scald|p1a: Landorus\n|-supereffective|p1a: Landorus\n|-damage|p1a: Landorus|0 fnt\n|faint|p1a: Landorus\n|\n|upkeep\n|j| yoyolord\n|\n|t:|1659342362\n|switch|p1a: Torkoal|Torkoal, F|10\/100\n|-weather|SunnyDay|[from] ability: Drought|[of] p1a: Torkoal\n|turn|20\n|\n|t:|1659342369\n|switch|p1a: Venusaur|Venusaur, M|100\/100\n|move|p2a: Slowbro|Future Sight|p1a: Venusaur\n|-start|p2a: Slowbro|move: Future Sight\n|\n|-weather|SunnyDay|[upkeep]\n|upkeep\n|turn|21\n|inactive|Daevank5 has 60 seconds left.\n|\n|t:|1659342385\n|move|p1a: Venusaur|Weather Ball|p2a: Slowbro\n|-resisted|p2a: Slowbro\n|-damage|p2a: Slowbro|62\/100\n|-damage|p1a: Venusaur|91\/100|[from] item: Life Orb\n|move|p2a: Slowbro|Teleport|p2a: Slowbro\n|\n|t:|1659342393\n|switch|p2a: Garchomp|Garchomp, M|64\/100|[from]move: Teleport\n|\n|-weather|SunnyDay|[upkeep]\n|-heal|p2a: Garchomp|70\/100|[from] item: Leftovers\n|upkeep\n|turn|22\n|c|\u2606Frager|Future Sight bad for mr\n|inactive|Daevank5 has 60 seconds left.\n|l| yoyolord\n|\n|t:|1659342422\n|switch|p1a: Blissey|Blissey, F|100\/100\n|move|p2a: Garchomp|Stealth Rock|p1a: Blissey\n|-sidestart|p1: Frager|move: Stealth Rock\n|\n|-weather|SunnyDay|[upkeep]\n|-end|p1a: Blissey|move: Future Sight\n|-damage|p1a: Blissey|86\/100\n|-heal|p2a: Garchomp|76\/100|[from] item: Leftovers\n|upkeep\n|turn|23\n|\n|t:|1659342449\n|move|p2a: Garchomp|Protect|p2a: Garchomp\n|-singleturn|p2a: Garchomp|Protect\n|move|p1a: Blissey|Toxic|p2a: Garchomp\n|-activate|p2a: Garchomp|move: Protect\n|\n|-weather|SunnyDay|[upkeep]\n|-heal|p2a: Garchomp|82\/100|[from] item: Leftovers\n|upkeep\n|turn|24\n|\n|t:|1659342462\n|switch|p2a: Regigigas|Regigigas|17\/100\n|-start|p2a: Regigigas|ability: Slow Start\n|switch|p1a: Heatran|Heatran, M|39\/100\n|-damage|p1a: Heatran|27\/100|[from] Stealth Rock\n|\n|-weather|SunnyDay|[upkeep]\n|-heal|p2a: Regigigas|23\/100|[from] item: Leftovers\n|upkeep\n|turn|25\n|\n|t:|1659342476\n|move|p2a: Regigigas|Protect|p2a: Regigigas\n|-singleturn|p2a: Regigigas|Protect\n|move|p1a: Heatran|Lava Plume|p2a: Regigigas\n|-activate|p2a: Regigigas|move: Protect\n|\n|-weather|SunnyDay|[upkeep]\n|-heal|p2a: Regigigas|29\/100|[from] item: Leftovers\n|upkeep\n|turn|26\n|\n|t:|1659342480\n|-end|p2a: Regigigas|Slow Start|[silent]\n|switch|p2a: Slowbro|Slowbro, M|95\/100\n|move|p1a: Heatran|Lava Plume|p2a: Slowbro\n|-resisted|p2a: Slowbro\n|-damage|p2a: Slowbro|37\/100\n|\n|-weather|SunnyDay|[upkeep]\n|upkeep\n|turn|27\n|c|\u2606Frager|damage\n|c|\u2606Frager|Heatran is angry\n|inactive|Daevank5 has 60 seconds left.\n|\n|t:|1659342522\n|switch|p2a: Regigigas|Regigigas|29\/100\n|-start|p2a: Regigigas|ability: Slow Start\n|move|p1a: Heatran|Lava Plume|p2a: Regigigas\n|-damage|p2a: Regigigas|0 fnt\n|faint|p2a: Regigigas\n|-end|p2a: Regigigas|Slow Start|[silent]\n|\n|-weather|none\n|upkeep\n|\n|t:|1659342532\n|switch|p2a: Kartana|Kartana|100\/100\n|turn|28\n|\n|t:|1659342539\n|switch|p1a: Torkoal|Torkoal, F|10\/100\n|-damage|p1a: Torkoal|0 fnt|[from] Stealth Rock\n|faint|p1a: Torkoal\n|move|p2a: Kartana|Knock Off|p1: Torkoal|[notarget]\n|-fail|p2a: Kartana\n|\n|upkeep\n|\n|t:|1659342548\n|switch|p1a: Venusaur|Venusaur, M|91\/100\n|-damage|p1a: Venusaur|78\/100|[from] Stealth Rock\n|turn|29\n|inactive|Daevank5 has 60 seconds left.\n|\n|t:|1659342573\n|move|p2a: Kartana|Knock Off|p1a: Venusaur\n|-damage|p1a: Venusaur|22\/100\n|-enditem|p1a: Venusaur|Life Orb|[from] move: Knock Off|[of] p2a: Kartana\n|move|p1a: Venusaur|Weather Ball|p2a: Kartana\n|-resisted|p2a: Kartana\n|-damage|p2a: Kartana|74\/100\n|\n|upkeep\n|turn|30\n|c|\u2606Daevank5|no sun?\n|\n|t:|1659342581\n|move|p2a: Kartana|Knock Off|p1a: Venusaur\n|-damage|p1a: Venusaur|0 fnt\n|faint|p1a: Venusaur\n|-ability|p2a: Kartana|Beast Boost|boost\n|-boost|p2a: Kartana|atk|1\n|\n|upkeep\n|c|\u2606Daevank5|why did you weather ball?\n|c|\u2606Frager|no dead before\n|inactive|Frager has 120 seconds left.\n|c|\u2606Daevank5|do you not have earth power?\n|c|\u2606Frager|no\n|c|\u2606Daevank5|ahhhh okay\n|c|\u2606Frager|s wave giga d weather b\n|inactive|Frager has 90 seconds left.\n|\n|t:|1659342635\n|switch|p1a: Blissey|Blissey, F|86\/100\n|turn|31\n|inactive|Frager has 90 seconds left.\n|inactive|Daevank5 has 60 seconds left.\n|\n|t:|1659342659\n|move|p2a: Kartana|Knock Off|p1a: Blissey\n|-damage|p1a: Blissey|25\/100\n|-enditem|p1a: Blissey|Heavy-Duty Boots|[from] move: Knock Off|[of] p2a: Kartana\n|move|p1a: Blissey|Seismic Toss|p2a: Kartana\n|-damage|p2a: Kartana|36\/100\n|\n|upkeep\n|turn|32\n|c|\u2606Daevank5|gg\n|\n|t:|1659342664\n|move|p2a: Kartana|Knock Off|p1a: Blissey\n|-damage|p1a: Blissey|0 fnt\n|faint|p1a: Blissey\n|-ability|p2a: Kartana|Beast Boost|boost\n|-boost|p2a: Kartana|atk|1\n|\n|upkeep\n|\n|t:|1659342667\n|switch|p1a: Heatran|Heatran, M|27\/100\n|-damage|p1a: Heatran|14\/100|[from] Stealth Rock\n|turn|33\n|c|\u2606Frager|gg\n|\n|t:|1659342674\n|move|p2a: Kartana|Knock Off|p1a: Heatran\n|-damage|p1a: Heatran|0 fnt\n|-enditem|p1a: Heatran|Choice Specs|[from] move: Knock Off|[of] p2a: Kartana\n|faint|p1a: Heatran\n|\n|win|Daevank5\n|n|\u2606Frager|frager\n|n|\u2606Daevank5|daevank5\n|n| Pk Fire 2445|pkfire2445\n|n| FaeRen S|faerens\n|n| angelelreydelmambo|angelelreydelmambo\n|c| angelelreydelmambo|gg\n|c|\u2606Daevank5|regigigas put the team on his back there\n|l| Pk Fire 2445\n","uploadtime":1659342681,"views":32,"p1id":"frager","p2id":"daevank5","formatid":"gen8ou","rating":0,"private":0,"password":null}