{"id":"gen8randomdoublesbattle-1189552647","p1":"KillaLeston","p2":"Chickpiee","format":"gen8randomdoublesbattle","log":"|j|\u2606KillaLeston\n|j|\u2606Chickpiee\n|t:|1600512344\n|player|p1|KillaLeston|supernerd|\n|player|p2|Chickpiee|caitlin|\n|teamsize|p1|6\n|teamsize|p2|6\n|gametype|doubles\n|gen|8\n|tier|[Gen 8] Random Doubles Battle\n|rated|Tournament battle\n|rule|Species Clause: Limit one of each Pok\u00e9mon\n|rule|HP Percentage Mod: HP is shown in percentages\n|\n|t:|1600512344\n|start\n|switch|p1a: Poliwrath|Poliwrath, L88, M|302\/302\n|switch|p1b: Gourgeist|Gourgeist-Small, L88, F|240\/240\n|switch|p2a: Poliwrath|Poliwrath, L88, F|302\/302\n|switch|p2b: Cobalion|Cobalion, L86|297\/297\n|-item|p2a: Poliwrath|Sitrus Berry|[from] ability: Frisk|[of] p1b: Gourgeist|[identify]\n|-item|p2b: Cobalion|Sitrus Berry|[from] ability: Frisk|[of] p1b: Gourgeist|[identify]\n|turn|1\n|j| Harshal~08\n|c|\u2606Chickpiee|HF\n|inactive|Battle timer is ON: inactive players will automatically lose when time's up. (requested by Chickpiee)\n|j|%abd1710\n|j| Tomoba\n|c| Tomoba|:o\n|j| Krishnakant\n|c| Tomoba|both of them with OP poliwrath\n|c| Tomoba|:o\n|c|\u2606KillaLeston|hf\n|inactive|KillaLeston has 120 seconds left.\n|inactive|Chickpiee has 120 seconds left.\n|j|*PartBot\n|c|\u2606Chickpiee|My team is a meme\n|c| Tomoba|:o\n|j| Sanskriti99\n|c| Tomoba|but u are cute\n|c| Tomoba|lol\n|c| Sanskriti99|o.o\n|inactive|Chickpiee has 90 seconds left.\n|c| Krishnakant|Partbot joined\n|c| Tomoba|poori duniya join karegi ye\n|\n|t:|1600512433\n|move|p2b: Cobalion|Swords Dance|p2b: Cobalion\n|-boost|p2b: Cobalion|atk|2\n|move|p1b: Gourgeist|Substitute|p1b: Gourgeist\n|-start|p1b: Gourgeist|Substitute\n|-damage|p1b: Gourgeist|180\/240\n|move|p1a: Poliwrath|Icy Wind|p2a: Poliwrath|[spread] p2a,p2b\n|-resisted|p2a: Poliwrath\n|-resisted|p2b: Cobalion\n|-damage|p2a: Poliwrath|290\/302\n|-damage|p2b: Cobalion|284\/297\n|-unboost|p2a: Poliwrath|spe|1\n|-unboost|p2b: Cobalion|spe|1\n|move|p2a: Poliwrath|Darkest Lariat|p1b: Gourgeist\n|-supereffective|p1b: Gourgeist\n|-end|p1b: Gourgeist|Substitute\n|\n|upkeep\n|turn|2\n|c| Tomoba|ruko tum\n|\n|t:|1600512455\n|move|p2a: Poliwrath|Helping Hand|p2b: Cobalion\n|-singleturn|p2b: Cobalion|Helping Hand|[of] p2a: Poliwrath\n|move|p1b: Gourgeist|Power Whip|p2a: Poliwrath\n|-supereffective|p2a: Poliwrath\n|-damage|p2a: Poliwrath|48\/302\n|-enditem|p2a: Poliwrath|Sitrus Berry|[eat]\n|-heal|p2a: Poliwrath|123\/302|[from] item: Sitrus Berry\n|move|p1a: Poliwrath|Close Combat|p2b: Cobalion\n|-supereffective|p2b: Cobalion\n|-damage|p2b: Cobalion|66\/297\n|-unboost|p1a: Poliwrath|def|1\n|-unboost|p1a: Poliwrath|spd|1\n|-enditem|p2b: Cobalion|Sitrus Berry|[eat]\n|-heal|p2b: Cobalion|140\/297|[from] item: Sitrus Berry\n|move|p2b: Cobalion|Close Combat|p1a: Poliwrath\n|-damage|p1a: Poliwrath|0 fnt\n|-unboost|p2b: Cobalion|def|1\n|-unboost|p2b: Cobalion|spd|1\n|faint|p1a: Poliwrath\n|\n|upkeep\n|c| Krishnakant|Ruk gya\n|inactive|KillaLeston has 120 seconds left.\n|c| Tomoba|:o\n|c| Tomoba|D:\n|\n|t:|1600512489\n|switch|p1a: Virizion|Virizion, L86|297\/297\n|turn|3\n|inactive|KillaLeston has 120 seconds left.\n|inactive|Chickpiee has 120 seconds left.\n|\n|t:|1600512522\n|move|p2b: Cobalion|Protect|p2b: Cobalion\n|-singleturn|p2b: Cobalion|Protect\n|move|p1a: Virizion|Leaf Blade|p2a: Poliwrath\n|-supereffective|p2a: Poliwrath\n|-damage|p2a: Poliwrath|0 fnt\n|faint|p2a: Poliwrath\n|move|p1b: Gourgeist|Poltergeist||[still]\n|-fail|p1b: Gourgeist\n|\n|upkeep\n|inactive|Chickpiee has 120 seconds left.\n|\n|t:|1600512531\n|switch|p2a: Turtonator|Turtonator, L84, F|238\/238\n|turn|4\n|inactive|KillaLeston has 120 seconds left.\n|c| Tomoba|o.o\n|inactive|KillaLeston has 90 seconds left.\n|\n|t:|1600512585\n|switch|p2b: Blissey|Blissey, L84, F|566\/566\n|-start|p1a: Virizion|Dynamax\n|-heal|p1a: Virizion|594\/594|[silent]\n|move|p1a: Virizion|Max Knuckle|p2a: Turtonator\n|-damage|p2a: Turtonator|171\/238\n|-boost|p1a: Virizion|atk|1\n|-boost|p1b: Gourgeist|atk|1\n|move|p1b: Gourgeist|Poltergeist|p2b: Blissey\n|-immune|p2b: Blissey\n|move|p2a: Turtonator|Shell Smash|p2a: Turtonator\n|-unboost|p2a: Turtonator|def|1\n|-unboost|p2a: Turtonator|spd|1\n|-boost|p2a: Turtonator|atk|2\n|-boost|p2a: Turtonator|spa|2\n|-boost|p2a: Turtonator|spe|2\n|-enditem|p2a: Turtonator|White Herb\n|-clearnegativeboost|p2a: Turtonator|[silent]\n|\n|upkeep\n|turn|5\n|inactive|KillaLeston has 90 seconds left.\n|c| Tomoba|o.o\n|\n|t:|1600512621\n|move|p2a: Turtonator|Protect|p2a: Turtonator\n|-singleturn|p2a: Turtonator|Protect\n|move|p1a: Virizion|Max Knuckle|p2a: Turtonator\n|-zbroken|p2a: Turtonator\n|-damage|p2a: Turtonator|143\/238\n|-boost|p1a: Virizion|atk|1\n|-boost|p1b: Gourgeist|atk|1\n|move|p1b: Gourgeist|Power Whip|p2b: Blissey\n|-damage|p2b: Blissey|0 fnt\n|faint|p2b: Blissey\n|\n|upkeep\n|inactive|Chickpiee has 120 seconds left.\n|\n|t:|1600512659\n|switch|p2b: Cobalion|Cobalion, L86|140\/297\n|turn|6\n|inactive|KillaLeston has 90 seconds left.\n|inactive|Chickpiee has 90 seconds left.\n|inactive|KillaLeston has 60 seconds left.\n|\n|t:|1600512702\n|switch|p1b: Volcarona|Volcarona, L80, M|267\/267\n|-start|p2a: Turtonator|Dynamax\n|-heal|p2a: Turtonator|286\/476|[silent]\n|move|p2a: Turtonator|Max Guard||[still]\n|-fail|p2a: Turtonator\n|move|p2b: Cobalion|Iron Head|p1b: Volcarona\n|-resisted|p1b: Volcarona\n|-damage|p1b: Volcarona|213\/267\n|move|p1a: Virizion|Max Knuckle|p2a: Turtonator\n|-damage|p2a: Turtonator|154\/476\n|-boost|p1a: Virizion|atk|1\n|-boost|p1b: Volcarona|atk|1\n|\n|-end|p1a: Virizion|Dynamax\n|-heal|p1a: Virizion|297\/297|[silent]\n|upkeep\n|turn|7\n|c| Krishnakant|Kaas iss match me koi ak jite aur koi ak haare\n|c|\u2606Chickpiee|Oh\n|c| Tomoba|-_-\n|c|\u2606Chickpiee|This is why I don't play on phone\n|c| Tomoba|OMG KK did ghosting\n|inactive|Chickpiee has 90 seconds left.\n|inactive|KillaLeston has 60 seconds left.\n|c| Tomoba|KK ne phele hi batadia ki koi ek jeetega D:\n|\n|t:|1600512746\n|move|p1a: Virizion|Protect|p1a: Virizion\n|-singleturn|p1a: Virizion|Protect\n|move|p2b: Cobalion|Iron Head|p1b: Volcarona\n|-resisted|p1b: Volcarona\n|-damage|p1b: Volcarona|160\/267\n|move|p2a: Turtonator|Max Flare|p1a: Virizion\n|-supereffective|p1a: Virizion\n|-zbroken|p1a: Virizion\n|-damage|p1a: Virizion|198\/297\n|-weather|SunnyDay\n|move|p1b: Volcarona|Heat Wave|p2b: Cobalion|[spread] p2a,p2b\n|-resisted|p2a: Turtonator\n|-supereffective|p2b: Cobalion\n|-damage|p2a: Turtonator|119\/476\n|-damage|p2b: Cobalion|0 fnt\n|faint|p2b: Cobalion\n|\n|-weather|SunnyDay|[upkeep]\n|upkeep\n|\n|t:|1600512754\n|switch|p2b: Golduck|Golduck, L88, M|284\/284\n|turn|8\n|inactive|KillaLeston has 60 seconds left.\n|\n|t:|1600512775\n|switch|p1a: Gourgeist|Gourgeist-Small, L88, F|180\/240\n|-item|p2b: Golduck|Sitrus Berry|[from] ability: Frisk|[of] p1a: Gourgeist|[identify]\n|move|p1b: Volcarona|Protect|p1b: Volcarona\n|-singleturn|p1b: Volcarona|Protect\n|move|p2a: Turtonator|Max Flare|p1a: Gourgeist\n|-supereffective|p1a: Gourgeist\n|-damage|p1a: Gourgeist|0 fnt\n|faint|p1a: Gourgeist\n|move|p2b: Golduck|Muddy Water|p1b: Volcarona\n|-activate|p1b: Volcarona|move: Protect\n|\n|-weather|SunnyDay|[upkeep]\n|-end|p2a: Turtonator|Dynamax\n|-heal|p2a: Turtonator|60\/238|[silent]\n|upkeep\n|c| Sanskriti99|Cloud nine -_-\n|\n|t:|1600512790\n|switch|p1a: Slowbro|Slowbro-Galar, L84, M|297\/297\n|turn|9\n|c| Harshal~08|Tf\n|inactive|Chickpiee has 120 seconds left.\n|c| Harshal~08|Why did he switched virizion\n|\n|t:|1600512810\n|move|p2a: Turtonator|Fire Blast|p1a: Slowbro\n|-damage|p1a: Slowbro|0 fnt\n|faint|p1a: Slowbro\n|move|p1b: Volcarona|Hurricane|p2b: Golduck\n|-damage|p2b: Golduck|180\/284\n|move|p2b: Golduck|Encore|p1b: Volcarona\n|-start|p1b: Volcarona|Encore\n|\n|-weather|SunnyDay|[upkeep]\n|upkeep\n|c| Sanskriti99|Partbot kya kar raha hai is battle mein lol\n|inactive|KillaLeston has 60 seconds left.\n|c| Harshal~08|Lol\n|\n|t:|1600512829\n|switch|p1a: Cinderace|Cinderace, L80, M|259\/259\n|turn|10\n|c|\u2606Chickpiee|Hurricane in Sun\n|c| Sanskriti99|Hurricane in sun :o\n|j|+Raj 00\n|c| Sanskriti99|Chickpiee ~~copycat~~\n|c|%abd1710|Not cloud nine F\n|\n|t:|1600512843\n|move|p1a: Cinderace|Gunk Shot|p2a: Turtonator\n|-start|p1a: Cinderace|typechange|Poison|[from] ability: Libero\n|-damage|p2a: Turtonator|0 fnt\n|faint|p2a: Turtonator\n|move|p1b: Volcarona|Hurricane|p2b: Golduck\n|-damage|p2b: Golduck|87\/284\n|-enditem|p2b: Golduck|Sitrus Berry|[eat]\n|-heal|p2b: Golduck|158\/284|[from] item: Sitrus Berry\n|move|p2b: Golduck|Muddy Water|p1b: Volcarona|[spread] p1a,p1b\n|-supereffective|p1b: Volcarona\n|-damage|p1a: Cinderace|211\/259\n|-damage|p1b: Volcarona|88\/267\n|-unboost|p1b: Volcarona|accuracy|1\n|\n|-weather|SunnyDay|[upkeep]\n|upkeep\n|l|+Raj 00\n|c| Sanskriti99|It's cloud nine ig o.o'\n|inactive|Chickpiee has 120 seconds left.\n|\n|t:|1600512859\n|switch|p2a: Perrserker|Perrserker, L88, F|266\/266\n|turn|11\n|\n|t:|1600512871\n|move|p1a: Cinderace|Pyro Ball|p2a: Perrserker|[miss]\n|-start|p1a: Cinderace|typechange|Fire|[from] ability: Libero\n|-miss|p1a: Cinderace|p2a: Perrserker\n|move|p1b: Volcarona|Hurricane|p2b: Golduck|[miss]\n|-miss|p1b: Volcarona|p2b: Golduck\n|move|p2b: Golduck|Muddy Water|p1b: Volcarona|[spread] p1a,p1b\n|-supereffective|p1a: Cinderace\n|-supereffective|p1b: Volcarona\n|-damage|p1a: Cinderace|125\/259\n|-damage|p1b: Volcarona|22\/267\n|-unboost|p1a: Cinderace|accuracy|1\n|-unboost|p1b: Volcarona|accuracy|1\n|-enditem|p1a: Cinderace|Sitrus Berry|[eat]\n|-heal|p1a: Cinderace|189\/259|[from] item: Sitrus Berry\n|move|p2a: Perrserker|Iron Head|p1a: Cinderace\n|-resisted|p1a: Cinderace\n|-damage|p1a: Cinderace|46\/259\n|\n|-weather|none\n|upkeep\n|turn|12\n|c|*PartBot|F\n|c|*PartBot|F\n|c|%abd1710|F\n|c| Harshal~08|F\n|c| Sanskriti99|Rip\n|\n|t:|1600512896\n|move|p1a: Cinderace|Protect|p1a: Cinderace\n|-start|p1a: Cinderace|typechange|Normal|[from] ability: Libero\n|-singleturn|p1a: Cinderace|Protect\n|move|p1b: Volcarona|Hurricane|p2a: Perrserker|[miss]\n|-miss|p1b: Volcarona|p2a: Perrserker\n|move|p2b: Golduck|Muddy Water|p1b: Volcarona|[spread] p1b\n|-activate|p1a: Cinderace|move: Protect\n|-supereffective|p1b: Volcarona\n|-damage|p1b: Volcarona|0 fnt\n|faint|p1b: Volcarona\n|move|p2a: Perrserker|Iron Head|p1a: Cinderace\n|-activate|p1a: Cinderace|move: Protect\n|\n|upkeep\n|c|*PartBot|F\n|\n|t:|1600512904\n|switch|p1b: Virizion|Virizion, L86|198\/297\n|turn|13\n|c| Tomoba|hlo partbot\n|c| Tomoba|yahan kaise aana hua?\n|\n|t:|1600512915\n|move|p1a: Cinderace|Pyro Ball|p2a: Perrserker|[miss]\n|-start|p1a: Cinderace|typechange|Fire|[from] ability: Libero\n|-miss|p1a: Cinderace|p2a: Perrserker\n|move|p1b: Virizion|Leaf Blade|p2b: Golduck\n|-supereffective|p2b: Golduck\n|-crit|p2b: Golduck\n|-damage|p2b: Golduck|0 fnt\n|faint|p2b: Golduck\n|move|p2a: Perrserker|Iron Head|p1b: Virizion\n|-damage|p1b: Virizion|0 fnt\n|faint|p1b: Virizion\n|\n|upkeep\n|turn|14\n|c|*PartBot|F\n|c|*PartBot|>crit\n|c|%abd1710|Yikes\n|c| Sanskriti99|Rip\n|c|\u2606Chickpiee|Omg\n|c| Krishnakant|I am partbot\n|c| Tomoba|one hit\n|c| Tomoba|cmon\n|c|%abd1710|Does it one shot\n|c|\u2606Chickpiee|Going for the agency Dodge\n|c| Tomoba|wo lag jata toh accha rehta\n|c|\u2606Chickpiee|What a match keo\n|inactive|Chickpiee has 120 seconds left.\n|c|\u2606Chickpiee|*lol\n|c| Tomoba|bad luck killaleston\n|c|\u2606KillaLeston|:(\n|\n|t:|1600512964\n|move|p1a: Cinderace|Pyro Ball|p2a: Perrserker\n|-supereffective|p2a: Perrserker\n|-damage|p2a: Perrserker|30\/266\n|move|p2a: Perrserker|Iron Head|p1a: Cinderace\n|-resisted|p1a: Cinderace\n|-damage|p1a: Cinderace|0 fnt\n|faint|p1a: Cinderace\n|\n|win|Chickpiee\n|c| PartBot|GG, both!\n|l| PartBot\n|c|\u2606Chickpiee|Oof\n|c|\u2606KillaLeston|gg\n|c|\u2606Chickpiee|WP\n|c| Sanskriti99|Gg\n|l| Krishnakant\n|c|\u2606Chickpiee|Gg\n|l| Harshal~08\n|l| Sanskriti99\n|l| abd1710\n|l|\u2606KillaLeston\n","inputlog":">version 360668b00e8469b0b2e96100b012fe6ff0abcaec\n>version-origin 5d714fbb5668ce46b55f2f7b758301f789b05eaf\n>start {\"formatid\":\"gen8randomdoublesbattle\",\"seed\":[18307,22430,22246,14150],\"rated\":\"Tournament battle\"}\n>player p1 {\"name\":\"KillaLeston\",\"avatar\":\"supernerd\",\"team\":\"\",\"rating\":0,\"seed\":[25972,37490,24867,29434]}\n>player p2 {\"name\":\"Chickpiee\",\"avatar\":\"caitlin\",\"team\":\"\",\"rating\":0,\"seed\":[3472,44832,60660,44335]}\n>chat \u2606Chickpiee|HF\n>chat  Tomoba|:o\n>chat  Tomoba|both of them with OP poliwrath\n>chat  Tomoba|:o\n>chat \u2606KillaLeston|hf\n>chat *PartBot|.\n>chat \u2606Chickpiee|My team is a meme\n>chat  Tomoba|:o\n>chat  Tomoba|but u are cute\n>chat  Tomoba|lol\n>chat  Sanskriti99|o.o\n>chat  Krishnakant|Partbot joined\n>chat  Tomoba|poori duniya join karegi ye\n>p1 move icywind, move substitute\n>p2 move darkestlariat +2, move swordsdance\n>chat  Tomoba|ruko tum\n>p1 move closecombat +2, move powerwhip +1\n>p2 move helpinghand -2, move closecombat +1\n>chat  Krishnakant|Ruk gya\n>chat  Tomoba|:o\n>chat  Tomoba|D:\n>p1 switch 5, pass\n>p1 move leafblade +1, move poltergeist +2\n>p2 move darkestlariat +2, move protect\n>p2 switch 5, pass\n>chat  Tomoba|o.o\n>p1 move closecombat +1 dynamax, move poltergeist +2\n>p2 move shellsmash, switch 6\n>chat  Tomoba|o.o\n>p1 move closecombat +1 dynamax, move powerwhip +2\n>p2 move protect, move thunderwave +1\n>p2 pass, switch 6\n>p1 move closecombat +1 dynamax, switch 6\n>p2 move shellsmash dynamax, move ironhead +2\n>chat  Krishnakant|Kaas iss match me koi ak jite aur koi ak haare\n>chat \u2606Chickpiee|Oh\n>chat  Tomoba|-_-\n>chat \u2606Chickpiee|This is why I don't play on phone\n>chat  Tomoba|OMG KK did ghosting\n>chat  Tomoba|KK ne phele hi batadia ki koi ek jeetega D:\n>p1 move protect, move heatwave\n>p2 move fireblast +1 dynamax, move ironhead +2\n>p2 pass, switch 4\n>p1 switch 6, move protect\n>p2 move fireblast +1 dynamax, move muddywater\n>chat  Sanskriti99|Cloud nine -_-\n>p1 switch 4, pass\n>chat  Harshal~08|Tf\n>chat  Harshal~08|Why did he switched virizion\n>p1 move psychic +1, move hurricane +2\n>p2 move fireblast +1, move encore +2\n>chat  Sanskriti99|Partbot kya kar raha hai is battle mein lol\n>chat  Harshal~08|Lol\n>p1 switch 3, pass\n>chat \u2606Chickpiee|Hurricane in Sun\n>chat  Sanskriti99|Hurricane in sun :o\n>chat  Sanskriti99|Chickpiee ~~copycat~~\n>chat %abd1710|Not cloud nine F\n>p1 move gunkshot +1, move hurricane +2\n>p2 move fireblast +2, move muddywater\n>chat  Sanskriti99|It's cloud nine ig o.o'\n>p2 switch 3, pass\n>p1 move pyroball +1, move hurricane +2\n>p2 move ironhead +1, move muddywater\n>chat *PartBot|F\n>chat *PartBot|F\n>chat %abd1710|F\n>chat  Harshal~08|F\n>chat  Sanskriti99|Rip\n>p1 move protect, move hurricane +1\n>p2 move ironhead +1, move muddywater\n>chat *PartBot|F\n>p1 pass, switch 6\n>chat  Tomoba|hlo partbot\n>chat  Tomoba|yahan kaise aana hua?\n>p1 move pyroball +1, move leafblade +2\n>p2 move ironhead +2, move icebeam +2\n>chat *PartBot|F\n>chat *PartBot|>crit\n>chat %abd1710|Yikes\n>chat  Sanskriti99|Rip\n>chat \u2606Chickpiee|Omg\n>chat  Krishnakant|I am partbot\n>chat  Tomoba|one hit\n>chat  Tomoba|cmon\n>chat %abd1710|Does it one shot\n>chat \u2606Chickpiee|Going for the agency Dodge\n>chat  Tomoba|wo lag jata toh accha rehta\n>chat \u2606Chickpiee|What a match keo\n>chat \u2606Chickpiee|*lol\n>chat  Tomoba|bad luck killaleston\n>chat \u2606KillaLeston|:(\n>p1 move pyroball +1, pass\n>p2 move ironhead +1, pass","uploadtime":1600512982,"views":8,"p1id":"killaleston","p2id":"chickpiee","formatid":"gen8randomdoublesbattle","rating":0,"private":0,"password":null}