{"id":"gen8randombattle-1091252559","p1":"wolfwarrior","p2":"thekalekrusher","format":"gen8randombattle","log":"|j|\u2606wolfwarrior\n|j|\u2606thekalekrusher\n|player|p1|wolfwarrior|162|1390\n|player|p2|thekalekrusher|226|1362\n|teamsize|p1|6\n|teamsize|p2|6\n|gametype|singles\n|gen|8\n|tier|[Gen 8] Random Battle\n|rated|\n|html|<div class=\"broadcast-red\"><strong>Random Battle is currently suspecting Dynamax! For information on how to participate check out the <a href=\"https:\/\/www.smogon.com\/forums\/threads\/3662006\/\">suspect thread<\/a>.<\/strong><\/div>\n|rule|Species Clause: Limit one of each Pok\u00e9mon\n|rule|HP Percentage Mod: HP is shown in percentages\n|rule|Sleep Clause Mod: Limit one foe put to sleep\n|\n|start\n|switch|p1a: Torkoal|Torkoal, L82, M|249\/249\n|switch|p2a: Mamoswine|Mamoswine, L82, F|315\/315\n|-weather|SunnyDay|[from] ability: Drought|[of] p1a: Torkoal\n|turn|1\n|\n|move|p2a: Mamoswine|Earthquake|p1a: Torkoal\n|-supereffective|p1a: Torkoal\n|-damage|p1a: Torkoal|85\/249\n|move|p1a: Torkoal|Lava Plume|p2a: Mamoswine\n|-supereffective|p2a: Mamoswine\n|-damage|p2a: Mamoswine|181\/315\n|\n|-weather|SunnyDay|[upkeep]\n|upkeep\n|turn|2\n|\n|switch|p1a: Tsareena|Tsareena, L82, F|252\/252\n|move|p2a: Mamoswine|Knock Off|p1a: Tsareena\n|-damage|p1a: Tsareena|178\/252\n|-enditem|p1a: Tsareena|Leftovers|[from] move: Knock Off|[of] p2a: Mamoswine\n|\n|-weather|SunnyDay|[upkeep]\n|upkeep\n|turn|3\n|\n|move|p2a: Mamoswine|Icicle Crash|p1a: Tsareena\n|-supereffective|p1a: Tsareena\n|-damage|p1a: Tsareena|0 fnt\n|faint|p1a: Tsareena\n|\n|-weather|SunnyDay|[upkeep]\n|upkeep\n|\n|switch|p1a: Rapidash|Rapidash-Galar, L86, F|252\/252\n|turn|4\n|\n|move|p1a: Rapidash|Swords Dance|p1a: Rapidash\n|-boost|p1a: Rapidash|atk|2\n|move|p2a: Mamoswine|Stealth Rock|p1a: Rapidash\n|-sidestart|p1: wolfwarrior|move: Stealth Rock\n|\n|-weather|SunnyDay|[upkeep]\n|upkeep\n|turn|5\n|\n|move|p1a: Rapidash|Play Rough|p2a: Mamoswine\n|-damage|p2a: Mamoswine|0 fnt\n|faint|p2a: Mamoswine\n|\n|-weather|none\n|upkeep\n|\n|switch|p2a: Liepard|Liepard, L88, M|256\/256\n|turn|6\n|\n|move|p2a: Liepard|Thunder Wave|p1a: Rapidash\n|-status|p1a: Rapidash|par\n|cant|p1a: Rapidash|par\n|\n|upkeep\n|turn|7\n|\n|move|p2a: Liepard|Knock Off|p1a: Rapidash\n|-damage|p1a: Rapidash|122\/252 par\n|-enditem|p1a: Rapidash|Leftovers|[from] move: Knock Off|[of] p2a: Liepard\n|move|p1a: Rapidash|Play Rough|p2a: Liepard\n|-supereffective|p2a: Liepard\n|-damage|p2a: Liepard|0 fnt\n|faint|p2a: Liepard\n|\n|upkeep\n|\n|switch|p2a: Dracovish|Dracovish, L80|275\/275\n|turn|8\n|c|\u2606wolfwarrior|ofc\n|\n|switch|p1a: Torkoal|Torkoal, L82, M|85\/249\n|-weather|SunnyDay|[from] ability: Drought|[of] p1a: Torkoal\n|move|p2a: Dracovish|Fishious Rend|p1a: Torkoal\n|-supereffective|p1a: Torkoal\n|-damage|p1a: Torkoal|0 fnt\n|faint|p1a: Torkoal\n|\n|-weather|SunnyDay|[upkeep]\n|upkeep\n|\n|switch|p1a: Flapple|Flapple, L84, F|255\/255\n|-damage|p1a: Flapple|224\/255|[from] Stealth Rock\n|turn|9\n|\n|-start|p2a: Dracovish|Dynamax\n|-heal|p2a: Dracovish|550\/550|[silent]\n|move|p1a: Flapple|Dragon Dance|p1a: Flapple\n|-boost|p1a: Flapple|atk|1\n|-boost|p1a: Flapple|spe|1\n|move|p2a: Dracovish|Max Hailstorm|p1a: Flapple\n|-supereffective|p1a: Flapple\n|-damage|p1a: Flapple|0 fnt\n|-weather|Hail\n|faint|p1a: Flapple\n|\n|-weather|Hail|[upkeep]\n|-damage|p2a: Dracovish|533\/550|[from] Hail\n|upkeep\n|-message|wolfwarrior forfeited.\n|\n|win|thekalekrusher\n|l|\u2606wolfwarrior\n|raw|wolfwarrior's rating: 1391 &rarr; <strong>1369<\/strong><br \/>(-22 for losing)\n|raw|thekalekrusher's rating: 1362 &rarr; <strong>1384<\/strong><br \/>(+22 for winning)\n","inputlog":">version 7e451bd6a0ca7f54ac8d68bd16a3e6f36ad17d45\n>version-origin 73f39e90060364886a8a41ec599411182a71de53\n>start {\"formatid\":\"gen8randombattle\",\"seed\":[926,26161,57346,21407],\"rated\":\"Rated battle\"}\n>player p1 {\"name\":\"wolfwarrior\",\"avatar\":\"162\",\"team\":\"\",\"rating\":1390,\"seed\":[15423,24036,46150,311]}\n>player p2 {\"name\":\"thekalekrusher\",\"avatar\":\"226\",\"team\":\"\",\"rating\":1362,\"seed\":[39082,46941,20754,49168]}\n>p1 move lavaplume\n>p2 move earthquake\n>p1 switch 5\n>p2 move knockoff\n>p1 move synthesis\n>p2 move iciclecrash\n>p1 switch 4\n>p1 move swordsdance\n>p2 move stealthrock\n>p1 move playrough\n>p2 move knockoff\n>p2 switch 5\n>p1 move playrough\n>p2 move thunderwave\n>p1 move playrough\n>p2 move knockoff\n>p2 switch 6\n>p1 switch 5\n>p2 move fishiousrend\n>p1 switch 6\n>p1 move dragondance\n>p2 move icefang dynamax","uploadtime":1586065494,"views":1,"p1id":"wolfwarrior","p2id":"thekalekrusher","formatid":"gen8randombattle","rating":1369,"private":0,"password":null}