{"id":"gen8ou-1180653233","p1":"isheavydead","p2":"LT74PF ZESTI","format":"gen8ou","log":"|raw|<div class=\"broadcast-blue\"><strong>This battle is required to be public due to a player having a name starting with 'LT74PF'.<\/div>\n|j|\u2606isheavydead\n|j|\u2606LT74PF ZESTI\n|t:|1599158790\n|player|p1|isheavydead|266|1785\n|player|p2|LT74PF ZESTI|dancer|1790\n|teamsize|p1|6\n|teamsize|p2|6\n|gametype|singles\n|gen|8\n|tier|[Gen 8] OU\n|rated|\n|clearpoke\n|poke|p1|Haxorus, M|\n|poke|p1|Volcarona, F|\n|poke|p1|Ninetales-Alola, F|\n|poke|p1|Excadrill, M|\n|poke|p1|Urshifu-*, M|\n|poke|p1|Azumarill, F|\n|poke|p2|Grimmsnarl, M|\n|poke|p2|Jirachi|\n|poke|p2|Kommo-o, F|\n|poke|p2|Volcarona, M|\n|poke|p2|Rillaboom, M|\n|poke|p2|Incineroar, M|\n|rule|Sleep Clause Mod: Limit one foe put to sleep\n|rule|Species Clause: Limit one of each Pok\u00e9mon\n|rule|OHKO Clause: OHKO moves are banned\n|rule|Evasion Moves Clause: Evasion moves are banned\n|rule|Endless Battle Clause: Forcing endless battles is banned\n|rule|HP Percentage Mod: HP is shown in percentages\n|rule|Dynamax Clause: You cannot dynamax\n|teampreview\n|inactive|Battle timer is ON: inactive players will automatically lose when time's up. (requested by isheavydead)\n|\n|t:|1599158797\n|start\n|switch|p1a: Excadrill|Excadrill, M, shiny|100\/100\n|switch|p2a: Grimmsnarl|Grimmsnarl, M|100\/100\n|-ability|p1a: Excadrill|Mold Breaker\n|turn|1\n|\n|t:|1599158808\n|move|p2a: Grimmsnarl|Reflect|p2a: Grimmsnarl\n|-sidestart|p2: LT74PF ZESTI|Reflect\n|move|p1a: Excadrill|Stealth Rock|p2a: Grimmsnarl\n|-sidestart|p2: LT74PF ZESTI|move: Stealth Rock\n|\n|upkeep\n|turn|2\n|\n|t:|1599158819\n|move|p2a: Grimmsnarl|Light Screen|p2a: Grimmsnarl\n|-sidestart|p2: LT74PF ZESTI|move: Light Screen\n|move|p1a: Excadrill|Earthquake|p2a: Grimmsnarl\n|-damage|p2a: Grimmsnarl|64\/100\n|\n|upkeep\n|turn|3\n|\n|t:|1599158822\n|move|p2a: Grimmsnarl|Taunt|p1a: Excadrill\n|-start|p1a: Excadrill|move: Taunt\n|move|p1a: Excadrill|Steel Beam|p2a: Grimmsnarl\n|-supereffective|p2a: Grimmsnarl\n|-damage|p2a: Grimmsnarl|33\/100\n|-damage|p1a: Excadrill|50\/100|[from] mindblown\n|\n|upkeep\n|turn|4\n|\n|t:|1599158826\n|move|p1a: Excadrill|Steel Beam|p2a: Grimmsnarl\n|-supereffective|p2a: Grimmsnarl\n|-damage|p2a: Grimmsnarl|2\/100\n|-damage|p1a: Excadrill|0 fnt|[from] mindblown\n|faint|p1a: Excadrill\n|move|p2a: Grimmsnarl|Spirit Break|p1: Excadrill|[notarget]\n|-fail|p2a: Grimmsnarl\n|\n|upkeep\n|\n|t:|1599158832\n|switch|p1a: Azumarill|Azumarill, F|100\/100\n|turn|5\n|\n|t:|1599158834\n|move|p2a: Grimmsnarl|Taunt|p1a: Azumarill\n|-start|p1a: Azumarill|move: Taunt\n|move|p1a: Azumarill|Aqua Jet|p2a: Grimmsnarl\n|-damage|p2a: Grimmsnarl|0 fnt\n|faint|p2a: Grimmsnarl\n|\n|upkeep\n|\n|t:|1599158842\n|switch|p2a: Jirachi|Jirachi, shiny|100\/100\n|-damage|p2a: Jirachi|94\/100|[from] Stealth Rock\n|turn|6\n|\n|t:|1599158846\n|move|p2a: Jirachi|Cosmic Power|p2a: Jirachi\n|-boost|p2a: Jirachi|def|1\n|-boost|p2a: Jirachi|spd|1\n|move|p1a: Azumarill|Knock Off|p2a: Jirachi\n|-supereffective|p2a: Jirachi\n|-damage|p2a: Jirachi|71\/100\n|-enditem|p2a: Jirachi|Weakness Policy\n|-boost|p2a: Jirachi|atk|2|[from] item: Weakness Policy\n|-boost|p2a: Jirachi|spa|2|[from] item: Weakness Policy\n|\n|upkeep\n|turn|7\n|\n|t:|1599158859\n|switch|p1a: Volcarona|Volcarona, F|100\/100\n|move|p2a: Jirachi|Stored Power|p1a: Volcarona\n|-damage|p1a: Volcarona|7\/100\n|\n|upkeep\n|turn|8\n|\n|t:|1599158863\n|move|p1a: Volcarona|Fiery Dance|p2a: Jirachi\n|-supereffective|p2a: Jirachi\n|-damage|p2a: Jirachi|49\/100\n|move|p2a: Jirachi|Stored Power|p1a: Volcarona\n|-damage|p1a: Volcarona|0 fnt\n|faint|p1a: Volcarona\n|\n|-sideend|p2: LT74PF ZESTI|Reflect\n|upkeep\n|\n|t:|1599158867\n|switch|p1a: Ninetales|Ninetales-Alola, F, shiny|100\/100\n|-weather|Hail|[from] ability: Snow Warning|[of] p1a: Ninetales\n|turn|9\n|\n|t:|1599158884\n|move|p1a: Ninetales|Encore|p2a: Jirachi\n|-start|p2a: Jirachi|Encore\n|move|p2a: Jirachi|Stored Power|p1a: Ninetales\n|-damage|p1a: Ninetales|9\/100\n|\n|-weather|Hail|[upkeep]\n|-damage|p2a: Jirachi|43\/100|[from] Hail\n|-sideend|p2: LT74PF ZESTI|move: Light Screen\n|upkeep\n|turn|10\n|\n|t:|1599158886\n|move|p1a: Ninetales|Aurora Veil|p1a: Ninetales\n|-sidestart|p1: isheavydead|move: Aurora Veil\n|move|p2a: Jirachi|Stored Power|p1a: Ninetales\n|-damage|p1a: Ninetales|0 fnt\n|faint|p1a: Ninetales\n|\n|-weather|Hail|[upkeep]\n|-damage|p2a: Jirachi|37\/100|[from] Hail\n|upkeep\n|\n|t:|1599158889\n|switch|p1a: Urshifu|Urshifu, M|100\/100\n|turn|11\n|\n|t:|1599158899\n|switch|p2a: Incineroar|Incineroar, M|100\/100\n|-damage|p2a: Incineroar|76\/100|[from] Stealth Rock\n|-ability|p2a: Incineroar|Intimidate|boost\n|-unboost|p1a: Urshifu|atk|1\n|move|p1a: Urshifu|Wicked Blow|p2a: Incineroar\n|-resisted|p2a: Incineroar\n|-crit|p2a: Incineroar\n|-damage|p2a: Incineroar|31\/100\n|\n|-weather|Hail|[upkeep]\n|-damage|p1a: Urshifu|94\/100|[from] Hail\n|-damage|p2a: Incineroar|25\/100|[from] Hail\n|upkeep\n|turn|12\n|\n|t:|1599158905\n|move|p1a: Urshifu|Bulk Up|p1a: Urshifu\n|-boost|p1a: Urshifu|atk|1\n|-boost|p1a: Urshifu|def|1\n|move|p2a: Incineroar|Drain Punch|p1a: Urshifu\n|-supereffective|p1a: Urshifu\n|-damage|p1a: Urshifu|77\/100\n|-heal|p2a: Incineroar|34\/100|[from] drain|[of] p1a: Urshifu\n|\n|-weather|Hail|[upkeep]\n|-damage|p1a: Urshifu|71\/100|[from] Hail\n|-damage|p2a: Incineroar|28\/100|[from] Hail\n|upkeep\n|turn|13\n|\n|t:|1599158912\n|move|p1a: Urshifu|Bulk Up|p1a: Urshifu\n|-boost|p1a: Urshifu|atk|1\n|-boost|p1a: Urshifu|def|1\n|move|p2a: Incineroar|Flame Charge|p1a: Urshifu\n|-damage|p1a: Urshifu|64\/100\n|-boost|p2a: Incineroar|spe|1\n|\n|-weather|none\n|upkeep\n|turn|14\n|\n|t:|1599158917\n|move|p2a: Incineroar|Drain Punch|p1a: Urshifu\n|-supereffective|p1a: Urshifu\n|-damage|p1a: Urshifu|51\/100\n|-heal|p2a: Incineroar|35\/100|[from] drain|[of] p1a: Urshifu\n|move|p1a: Urshifu|Drain Punch|p2a: Incineroar\n|-supereffective|p2a: Incineroar\n|-damage|p2a: Incineroar|0 fnt\n|-heal|p1a: Urshifu|68\/100|[from] drain|[of] p2a: Incineroar\n|faint|p2a: Incineroar\n|\n|upkeep\n|\n|t:|1599158925\n|switch|p2a: Rillaboom|Rillaboom, M|100\/100\n|-damage|p2a: Rillaboom|88\/100|[from] Stealth Rock\n|-fieldstart|move: Grassy Terrain|[from] ability: Grassy Surge|[of] p2a: Rillaboom\n|turn|15\n|\n|t:|1599158933\n|move|p2a: Rillaboom|Grassy Glide|p1a: Urshifu\n|-crit|p1a: Urshifu\n|-damage|p1a: Urshifu|0 fnt\n|-damage|p2a: Rillaboom|78\/100|[from] item: Life Orb\n|faint|p1a: Urshifu\n|\n|-heal|p2a: Rillaboom|84\/100|[from] Grassy Terrain\n|upkeep\n|c|\u2606isheavydead|BROOOOOOOOO\n|\n|t:|1599158940\n|switch|p1a: Haxorus|Haxorus, M, shiny|100\/100\n|-ability|p1a: Haxorus|Mold Breaker\n|turn|16\n|\n|t:|1599158951\n|switch|p2a: Jirachi|Jirachi, shiny|37\/100\n|-damage|p2a: Jirachi|30\/100|[from] Stealth Rock\n|move|p1a: Haxorus|Swords Dance|p1a: Haxorus\n|-boost|p1a: Haxorus|atk|2\n|\n|-heal|p2a: Jirachi|37\/100|[from] Grassy Terrain\n|upkeep\n|turn|17\n|\n|t:|1599158960\n|move|p2a: Jirachi|Moonblast|p1a: Haxorus\n|-supereffective|p1a: Haxorus\n|-damage|p1a: Haxorus|64\/100\n|move|p1a: Haxorus|Scale Shot|p2a: Jirachi|[miss]\n|-miss|p1a: Haxorus|p2a: Jirachi\n|\n|-heal|p2a: Jirachi|43\/100|[from] Grassy Terrain\n|-heal|p1a: Haxorus|70\/100|[from] Grassy Terrain\n|-sideend|p1: isheavydead|move: Aurora Veil\n|upkeep\n|turn|18\n|c|\u2606isheavydead|FUCK OFF\n|\n|t:|1599158966\n|move|p2a: Jirachi|Moonblast|p1a: Haxorus\n|-supereffective|p1a: Haxorus\n|-damage|p1a: Haxorus|3\/100\n|-unboost|p1a: Haxorus|spa|1\n|move|p1a: Haxorus|Close Combat|p2a: Jirachi\n|-damage|p2a: Jirachi|0 fnt\n|-unboost|p1a: Haxorus|def|1\n|-unboost|p1a: Haxorus|spd|1\n|faint|p2a: Jirachi\n|\n|-heal|p1a: Haxorus|9\/100|[from] Grassy Terrain\n|upkeep\n|\n|t:|1599158969\n|switch|p2a: Rillaboom|Rillaboom, M|84\/100\n|-damage|p2a: Rillaboom|72\/100|[from] Stealth Rock\n|turn|19\n|\n|t:|1599158972\n|switch|p1a: Azumarill|Azumarill, F|100\/100\n|move|p2a: Rillaboom|Grassy Glide|p1a: Azumarill\n|-supereffective|p1a: Azumarill\n|-damage|p1a: Azumarill|0 fnt\n|-damage|p2a: Rillaboom|62\/100|[from] item: Life Orb\n|faint|p1a: Azumarill\n|\n|-heal|p2a: Rillaboom|68\/100|[from] Grassy Terrain\n|-fieldend|move: Grassy Terrain\n|upkeep\n|\n|t:|1599158973\n|switch|p1a: Haxorus|Haxorus, M, shiny|9\/100\n|-ability|p1a: Haxorus|Mold Breaker\n|turn|20\n|j| zaaya \u25dc\u203f\u25dd\n|c| zaaya \u25dc\u203f\u25dd|lol\n|\n|t:|1599158984\n|move|p1a: Haxorus|Swords Dance|p1a: Haxorus\n|-boost|p1a: Haxorus|atk|2\n|move|p2a: Rillaboom|Grassy Glide|p1a: Haxorus\n|-resisted|p1a: Haxorus\n|-damage|p1a: Haxorus|0 fnt\n|-damage|p2a: Rillaboom|58\/100|[from] item: Life Orb\n|faint|p1a: Haxorus\n|\n|win|LT74PF ZESTI\n|l|\u2606LT74PF ZESTI\n","uploadtime":1599159005,"views":99,"p1id":"isheavydead","p2id":"lt74pfzesti","formatid":"gen8ou","rating":0,"private":0,"password":null}