{"id":"gen8bdspou-1475852875","p1":"y0ungster","p2":"Alu9204","format":"gen8bdspou","log":"|j|\u2606y0ungster\n|j|\u2606Alu9204\n|t:|1639856222\n|gametype|singles\n|player|p1|y0ungster|archie-gen3|1255\n|player|p2|Alu9204|burglar|1281\n|teamsize|p1|6\n|teamsize|p2|6\n|gen|8\n|tier|[Gen 8 BDSP] OU\n|rated|\n|rule|Sleep Clause Mod: Limit one foe put to sleep\n|rule|Species Clause: Limit one of each Pok\u00e9mon\n|rule|OHKO Clause: OHKO moves are banned\n|rule|Evasion Moves Clause: Evasion moves are banned\n|rule|Endless Battle Clause: Forcing endless battles is banned\n|rule|HP Percentage Mod: HP is shown in percentages\n|clearpoke\n|poke|p1|Steelix, M|\n|poke|p1|Gastrodon-East, M|\n|poke|p1|Houndoom, M|\n|poke|p1|Tyranitar, F|\n|poke|p1|Dragonite, M|\n|poke|p1|Scizor, F|\n|poke|p2|Breloom, M|\n|poke|p2|Latios, M|\n|poke|p2|Azelf|\n|poke|p2|Scizor, M|\n|poke|p2|Crawdaunt, M|\n|poke|p2|Gengar, F|\n|teampreview\n|\n|t:|1639856239\n|start\n|switch|p1a: Tyranitar|Tyranitar, F|100\/100\n|switch|p2a: Azelf|Azelf|100\/100\n|-weather|Sandstorm|[from] ability: Sand Stream|[of] p1a: Tyranitar\n|turn|1\n|inactive|Battle timer is ON: inactive players will automatically lose when time's up. (requested by Alu9204)\n|\n|t:|1639856250\n|move|p2a: Azelf|Taunt|p1a: Tyranitar\n|-start|p1a: Tyranitar|move: Taunt\n|cant|p1a: Tyranitar|move: Taunt|Thunder Wave\n|\n|-weather|Sandstorm|[upkeep]\n|-damage|p2a: Azelf|94\/100|[from] Sandstorm\n|upkeep\n|turn|2\n|\n|t:|1639856259\n|move|p2a: Azelf|Stealth Rock|p1a: Tyranitar\n|-sidestart|p1: y0ungster|move: Stealth Rock\n|move|p1a: Tyranitar|Stone Edge|p2a: Azelf\n|-damage|p2a: Azelf|24\/100\n|\n|-weather|Sandstorm|[upkeep]\n|-damage|p2a: Azelf|18\/100|[from] Sandstorm\n|upkeep\n|turn|3\n|inactive|Alu9204 has 120 seconds left.\n|\n|t:|1639856295\n|move|p2a: Azelf|U-turn|p1a: Tyranitar\n|-supereffective|p1a: Tyranitar\n|-damage|p1a: Tyranitar|67\/100\n|\n|t:|1639856297\n|switch|p2a: Scizor|Scizor, M|100\/100|[from]move: U-turn\n|move|p1a: Tyranitar|Crunch|p2a: Scizor\n|-damage|p2a: Scizor|56\/100\n|\n|-weather|Sandstorm|[upkeep]\n|-end|p1a: Tyranitar|move: Taunt\n|upkeep\n|turn|4\n|inactive|Alu9204 has 120 seconds left.\n|\n|t:|1639856318\n|switch|p1a: Gastrodon|Gastrodon-East, M|100\/100\n|-damage|p1a: Gastrodon|94\/100|[from] Stealth Rock\n|move|p2a: Scizor|Swords Dance|p2a: Scizor\n|-boost|p2a: Scizor|atk|2\n|\n|-weather|Sandstorm|[upkeep]\n|-heal|p1a: Gastrodon|100\/100|[from] item: Leftovers\n|upkeep\n|turn|5\n|inactive|Alu9204 has 120 seconds left.\n|\n|t:|1639856329\n|move|p2a: Scizor|U-turn|p1a: Gastrodon\n|-damage|p1a: Gastrodon|26\/100\n|-damage|p2a: Scizor|46\/100|[from] item: Life Orb\n|inactive|Alu9204 has 120 seconds left.\n|\n|t:|1639856340\n|switch|p2a: Latios|Latios, M|100\/100|[from]move: U-turn\n|move|p1a: Gastrodon|Yawn|p2a: Latios\n|-start|p2a: Latios|move: Yawn|[of] p1a: Gastrodon\n|\n|-weather|none\n|-heal|p1a: Gastrodon|32\/100|[from] item: Leftovers\n|upkeep\n|turn|6\n|inactive|Alu9204 has 120 seconds left.\n|\n|t:|1639856350\n|move|p2a: Latios|Draco Meteor|p1a: Gastrodon|[miss]\n|-miss|p2a: Latios|p1a: Gastrodon\n|move|p1a: Gastrodon|Recover|p1a: Gastrodon\n|-heal|p1a: Gastrodon|82\/100\n|\n|-heal|p1a: Gastrodon|88\/100|[from] item: Leftovers\n|-end|p2a: Latios|move: Yawn|[silent]\n|-status|p2a: Latios|slp\n|upkeep\n|turn|7\n|inactive|Alu9204 has 120 seconds left.\n|\n|t:|1639856365\n|switch|p1a: Houndoom|Houndoom, M|100\/100\n|-damage|p1a: Houndoom|76\/100|[from] Stealth Rock\n|cant|p2a: Latios|slp\n|\n|upkeep\n|turn|8\n|\n|t:|1639856382\n|switch|p2a: Azelf|Azelf|18\/100\n|move|p1a: Houndoom|Sucker Punch||[still]\n|-fail|p1a: Houndoom\n|\n|upkeep\n|turn|9\n|\n|t:|1639856390\n|move|p2a: Azelf|Explosion|p1a: Houndoom\n|-damage|p1a: Houndoom|0 fnt\n|faint|p2a: Azelf\n|faint|p1a: Houndoom\n|\n|upkeep\n|\n|t:|1639856410\n|switch|p2a: Crawdaunt|Crawdaunt, M|100\/100\n|switch|p1a: Dragonite|Dragonite, M|100\/100\n|-damage|p1a: Dragonite|76\/100|[from] Stealth Rock\n|turn|10\n|\n|t:|1639856417\n|move|p1a: Dragonite|Thunder Punch|p2a: Crawdaunt\n|-supereffective|p2a: Crawdaunt\n|-damage|p2a: Crawdaunt|0 fnt\n|faint|p2a: Crawdaunt\n|\n|upkeep\n|\n|t:|1639856424\n|switch|p2a: Breloom|Breloom, M|100\/100\n|turn|11\n|\n|t:|1639856432\n|switch|p1a: Gastrodon|Gastrodon-East, M|88\/100\n|-damage|p1a: Gastrodon|82\/100|[from] Stealth Rock\n|move|p2a: Breloom|Spore|p1a: Gastrodon\n|-status|p1a: Gastrodon|slp|[from] move: Spore\n|\n|-heal|p1a: Gastrodon|88\/100 slp|[from] item: Leftovers\n|upkeep\n|turn|12\n|\n|t:|1639856444\n|switch|p1a: Scizor|Scizor, F|100\/100\n|-damage|p1a: Scizor|88\/100|[from] Stealth Rock\n|move|p2a: Breloom|Bullet Seed|p1a: Scizor\n|-resisted|p1a: Scizor\n|-damage|p1a: Scizor|84\/100\n|-resisted|p1a: Scizor\n|-damage|p1a: Scizor|79\/100\n|-resisted|p1a: Scizor\n|-damage|p1a: Scizor|74\/100\n|-resisted|p1a: Scizor\n|-damage|p1a: Scizor|70\/100\n|-resisted|p1a: Scizor\n|-damage|p1a: Scizor|64\/100\n|-hitcount|p1a: Scizor|5\n|\n|upkeep\n|turn|13\n|\n|t:|1639856461\n|switch|p2a: Latios|Latios, M|100\/100 slp\n|move|p1a: Scizor|U-turn|p2a: Latios\n|-supereffective|p2a: Latios\n|-damage|p2a: Latios|0 fnt\n|faint|p2a: Latios\n|inactive|y0ungster has 120 seconds left.\n|\n|t:|1639856490\n|switch|p1a: Dragonite|Dragonite, M|76\/100|[from]move: U-turn\n|-damage|p1a: Dragonite|51\/100|[from] Stealth Rock\n|\n|upkeep\n|\n|t:|1639856496\n|switch|p2a: Breloom|Breloom, M|100\/100\n|turn|14\n|inactive|y0ungster has 120 seconds left.\n|\n|t:|1639856510\n|move|p2a: Breloom|Rock Tomb|p1a: Dragonite\n|-supereffective|p1a: Dragonite\n|-crit|p1a: Dragonite\n|-damage|p1a: Dragonite|0 fnt\n|faint|p1a: Dragonite\n|\n|upkeep\n|inactive|y0ungster has 120 seconds left.\n|\n|t:|1639856516\n|switch|p1a: Steelix|Steelix, M|100\/100\n|-damage|p1a: Steelix|97\/100|[from] Stealth Rock\n|turn|15\n|\n|t:|1639856523\n|move|p2a: Breloom|Mach Punch|p1a: Steelix\n|-supereffective|p1a: Steelix\n|-damage|p1a: Steelix|63\/100\n|move|p1a: Steelix|Curse|p1a: Steelix\n|-unboost|p1a: Steelix|spe|1\n|-boost|p1a: Steelix|atk|1\n|-boost|p1a: Steelix|def|1\n|\n|-heal|p1a: Steelix|69\/100|[from] item: Leftovers\n|upkeep\n|turn|16\n|\n|t:|1639856532\n|move|p2a: Breloom|Mach Punch|p1a: Steelix\n|-supereffective|p1a: Steelix\n|-damage|p1a: Steelix|47\/100\n|move|p1a: Steelix|Gyro Ball|p2a: Breloom\n|-crit|p2a: Breloom\n|-enditem|p2a: Breloom|Focus Sash\n|-damage|p2a: Breloom|1\/100\n|\n|-heal|p1a: Steelix|53\/100|[from] item: Leftovers\n|upkeep\n|turn|17\n|\n|t:|1639856542\n|move|p2a: Breloom|Mach Punch|p1a: Steelix\n|-supereffective|p1a: Steelix\n|-crit|p1a: Steelix\n|-damage|p1a: Steelix|0 fnt\n|faint|p1a: Steelix\n|\n|upkeep\n|\n|t:|1639856550\n|switch|p1a: Scizor|Scizor, F|64\/100\n|-damage|p1a: Scizor|52\/100|[from] Stealth Rock\n|turn|18\n|\n|t:|1639856556\n|move|p2a: Breloom|Mach Punch|p1a: Scizor\n|-damage|p1a: Scizor|21\/100\n|move|p1a: Scizor|Bullet Punch|p2a: Breloom\n|-damage|p2a: Breloom|0 fnt\n|faint|p2a: Breloom\n|\n|upkeep\n|\n|t:|1639856563\n|switch|p2a: Scizor|Scizor, M|46\/100\n|turn|19\n|\n|t:|1639856578\n|move|p1a: Scizor|Bullet Punch|p2a: Scizor\n|-resisted|p2a: Scizor\n|-damage|p2a: Scizor|17\/100\n|move|p2a: Scizor|Swords Dance|p2a: Scizor\n|-boost|p2a: Scizor|atk|2\n|\n|upkeep\n|turn|20\n|\n|t:|1639856584\n|move|p2a: Scizor|Bullet Punch|p1a: Scizor\n|-resisted|p1a: Scizor\n|-damage|p1a: Scizor|0 fnt\n|faint|p1a: Scizor\n|-damage|p2a: Scizor|7\/100|[from] item: Life Orb\n|\n|upkeep\n|c|\u2606y0ungster|gg\n|\n|t:|1639856594\n|switch|p1a: Gastrodon|Gastrodon-East, M|88\/100 slp\n|-damage|p1a: Gastrodon|82\/100 slp|[from] Stealth Rock\n|turn|21\n|\n|t:|1639856601\n|switch|p2a: Gengar|Gengar, F|100\/100\n|cant|p1a: Gastrodon|slp\n|\n|-heal|p1a: Gastrodon|88\/100 slp|[from] item: Leftovers\n|upkeep\n|turn|22\n|\n|t:|1639856609\n|move|p2a: Gengar|Substitute|p2a: Gengar\n|-start|p2a: Gengar|Substitute\n|-damage|p2a: Gengar|76\/100\n|-curestatus|p1a: Gastrodon|slp|[msg]\n|move|p1a: Gastrodon|Earth Power|p2a: Gengar\n|-supereffective|p2a: Gengar\n|-end|p2a: Gengar|Substitute\n|\n|-heal|p1a: Gastrodon|94\/100|[from] item: Leftovers\n|upkeep\n|turn|23\n|\n|t:|1639856620\n|move|p2a: Gengar|Shadow Ball|p1a: Gastrodon\n|-damage|p1a: Gastrodon|43\/100\n|move|p1a: Gastrodon|Earth Power|p2a: Gengar\n|-supereffective|p2a: Gengar\n|-damage|p2a: Gengar|0 fnt\n|faint|p2a: Gengar\n|\n|-heal|p1a: Gastrodon|49\/100|[from] item: Leftovers\n|upkeep\n|\n|t:|1639856630\n|switch|p2a: Scizor|Scizor, M|7\/100\n|turn|24\n|\n|t:|1639856636\n|move|p2a: Scizor|U-turn|p1a: Gastrodon\n|-damage|p1a: Gastrodon|13\/100\n|-damage|p2a: Scizor|0 fnt|[from] item: Life Orb\n|faint|p2a: Scizor\n|\n|win|y0ungster\n|raw|y0ungster's rating: 1255 &rarr; <strong>1282<\/strong><br \/>(+27 for winning)\n|raw|Alu9204's rating: 1281 &rarr; <strong>1254<\/strong><br \/>(-27 for losing)\n","uploadtime":1639856654,"views":11,"p1id":"y0ungster","p2id":"alu9204","formatid":"gen8bdspou","rating":1254,"private":0,"password":null}