{"id":"gen8ou-1701094076","p1":"XuYyi","p2":"The Teal Scizor","format":"gen8ou","log":"|j|\u2606XuYyi\n|j|\u2606The Teal Scizor\n|t:|1667411942\n|gametype|singles\n|player|p1|XuYyi|pokemonrangerf-gen4|1492\n|player|p2|The Teal Scizor|169|1542\n|teamsize|p1|6\n|teamsize|p2|6\n|gen|8\n|tier|[Gen 8] OU\n|rated|\n|rule|Sleep Clause Mod: Limit one foe put to sleep\n|rule|Species Clause: Limit one of each Pok\u00e9mon\n|rule|OHKO Clause: OHKO moves are banned\n|rule|Evasion Items Clause: Evasion items are banned\n|rule|Evasion Moves Clause: Evasion moves are banned\n|rule|Endless Battle Clause: Forcing endless battles is banned\n|rule|HP Percentage Mod: HP is shown in percentages\n|rule|Dynamax Clause: You cannot dynamax\n|clearpoke\n|poke|p1|Landorus-Therian, M|\n|poke|p1|Zapdos|\n|poke|p1|Blacephalon|\n|poke|p1|Bisharp, M|\n|poke|p1|Rillaboom, F|\n|poke|p1|Urshifu-*, F|\n|poke|p2|Dragapult, M|\n|poke|p2|Landorus-Therian, M|\n|poke|p2|Heatran, F|\n|poke|p2|Slowking, F|\n|poke|p2|Toxapex, M|\n|poke|p2|Urshifu-*, F|\n|teampreview\n|inactive|Battle timer is ON: inactive players will automatically lose when time's up. (requested by XuYyi)\n|\n|t:|1667411975\n|start\n|switch|p1a: Landorus|Landorus-Therian, M|100\/100\n|switch|p2a: Toxapex|Toxapex, M|100\/100\n|-ability|p1a: Landorus|Intimidate|boost\n|-unboost|p2a: Toxapex|atk|1\n|turn|1\n|\n|t:|1667411979\n|move|p1a: Landorus|Stealth Rock|p2a: Toxapex\n|-sidestart|p2: The Teal Scizor|move: Stealth Rock\n|move|p2a: Toxapex|Toxic Spikes|p1a: Landorus\n|-sidestart|p1: XuYyi|move: Toxic Spikes\n|\n|upkeep\n|turn|2\n|\n|t:|1667411985\n|move|p1a: Landorus|U-turn|p2a: Toxapex\n|-resisted|p2a: Toxapex\n|-damage|p2a: Toxapex|93\/100\n|\n|t:|1667411988\n|switch|p1a: Zapdos|Zapdos|100\/100|[from]move: U-turn\n|move|p2a: Toxapex|Knock Off|p1a: Zapdos\n|-damage|p1a: Zapdos|93\/100\n|-enditem|p1a: Zapdos|Heavy-Duty Boots|[from] move: Knock Off|[of] p2a: Toxapex\n|\n|-heal|p2a: Toxapex|99\/100|[from] item: Black Sludge\n|upkeep\n|turn|3\n|\n|t:|1667412014\n|move|p1a: Zapdos|Volt Switch|p2a: Toxapex\n|-supereffective|p2a: Toxapex\n|-damage|p2a: Toxapex|52\/100\n|\n|t:|1667412018\n|switch|p1a: Landorus|Landorus-Therian, M|100\/100|[from]move: Volt Switch\n|-ability|p1a: Landorus|Intimidate|boost\n|-unboost|p2a: Toxapex|atk|1\n|move|p2a: Toxapex|Toxic Spikes|p1a: Landorus\n|-sidestart|p1: XuYyi|move: Toxic Spikes\n|\n|-heal|p2a: Toxapex|58\/100|[from] item: Black Sludge\n|upkeep\n|turn|4\n|\n|t:|1667412028\n|switch|p2a: Landorus|Landorus-Therian, M|100\/100\n|-damage|p2a: Landorus|88\/100|[from] Stealth Rock\n|-ability|p2a: Landorus|Intimidate|boost\n|-unboost|p1a: Landorus|atk|1\n|move|p1a: Landorus|Earthquake|p2a: Landorus\n|-immune|p2a: Landorus\n|\n|-heal|p2a: Landorus|94\/100|[from] item: Leftovers\n|upkeep\n|turn|5\n|\n|t:|1667412039\n|move|p1a: Landorus|U-turn|p2a: Landorus\n|-resisted|p2a: Landorus\n|-damage|p2a: Landorus|88\/100\n|\n|t:|1667412041\n|switch|p1a: Zapdos|Zapdos|93\/100|[from]move: U-turn\n|move|p2a: Landorus|Toxic|p1a: Zapdos\n|-status|p1a: Zapdos|tox\n|\n|-heal|p2a: Landorus|94\/100|[from] item: Leftovers\n|-damage|p1a: Zapdos|87\/100 tox|[from] psn\n|upkeep\n|turn|6\n|\n|t:|1667412052\n|switch|p2a: Heatran|Heatran, F|100\/100\n|-damage|p2a: Heatran|88\/100|[from] Stealth Rock\n|move|p1a: Zapdos|Defog|p2a: Heatran\n|-unboost|p2a: Heatran|evasion|1\n|-sideend|p2: The Teal Scizor|Stealth Rock|[from] move: Defog|[of] p1a: Zapdos\n|-sideend|p1: XuYyi|Toxic Spikes|[from] move: Defog|[of] p1a: Zapdos\n|\n|-heal|p2a: Heatran|94\/100|[from] item: Leftovers\n|-damage|p1a: Zapdos|75\/100 tox|[from] psn\n|upkeep\n|turn|7\n|\n|t:|1667412067\n|move|p1a: Zapdos|Volt Switch|p2a: Heatran\n|-damage|p2a: Heatran|75\/100\n|\n|t:|1667412070\n|switch|p1a: Landorus|Landorus-Therian, M|100\/100|[from]move: Volt Switch\n|-ability|p1a: Landorus|Intimidate|boost\n|-unboost|p2a: Heatran|atk|1\n|move|p2a: Heatran|Stealth Rock|p1a: Landorus\n|-sidestart|p1: XuYyi|move: Stealth Rock\n|\n|-heal|p2a: Heatran|82\/100|[from] item: Leftovers\n|upkeep\n|turn|8\n|\n|t:|1667412077\n|switch|p2a: Landorus|Landorus-Therian, M|94\/100\n|-ability|p2a: Landorus|Intimidate|boost\n|-unboost|p1a: Landorus|atk|1\n|move|p1a: Landorus|Stealth Rock|p2a: Landorus\n|-sidestart|p2: The Teal Scizor|move: Stealth Rock\n|\n|-heal|p2a: Landorus|99\/100|[from] item: Leftovers\n|upkeep\n|turn|9\n|\n|t:|1667412085\n|move|p1a: Landorus|U-turn|p2a: Landorus\n|-resisted|p2a: Landorus\n|-damage|p2a: Landorus|94\/100\n|\n|t:|1667412099\n|switch|p1a: Urshifu|Urshifu-Rapid-Strike, F|100\/100|[from]move: U-turn\n|-damage|p1a: Urshifu|94\/100|[from] Stealth Rock\n|move|p2a: Landorus|Knock Off|p1a: Urshifu\n|-resisted|p1a: Urshifu\n|-damage|p1a: Urshifu|80\/100\n|-enditem|p1a: Urshifu|Choice Scarf|[from] move: Knock Off|[of] p2a: Landorus\n|\n|-heal|p2a: Landorus|99\/100|[from] item: Leftovers\n|upkeep\n|turn|10\n|\n|t:|1667412107\n|switch|p2a: Toxapex|Toxapex, M|91\/100\n|-damage|p2a: Toxapex|79\/100|[from] Stealth Rock\n|move|p1a: Urshifu|U-turn|p2a: Toxapex\n|-resisted|p2a: Toxapex\n|-damage|p2a: Toxapex|71\/100\n|\n|t:|1667412113\n|switch|p1a: Bisharp|Bisharp, M|100\/100|[from]move: U-turn\n|-damage|p1a: Bisharp|95\/100|[from] Stealth Rock\n|\n|-heal|p2a: Toxapex|77\/100|[from] item: Black Sludge\n|upkeep\n|turn|11\n|\n|t:|1667412121\n|switch|p2a: Urshifu|Urshifu-Rapid-Strike, F|100\/100\n|-damage|p2a: Urshifu|94\/100|[from] Stealth Rock\n|move|p1a: Bisharp|Swords Dance|p1a: Bisharp\n|-boost|p1a: Bisharp|atk|2\n|\n|upkeep\n|turn|12\n|\n|t:|1667412136\n|switch|p1a: Zapdos|Zapdos|75\/100 tox\n|-damage|p1a: Zapdos|51\/100 tox|[from] Stealth Rock\n|move|p2a: Urshifu|Close Combat|p1a: Zapdos\n|-resisted|p1a: Zapdos\n|-damage|p1a: Zapdos|29\/100 tox\n|-unboost|p2a: Urshifu|def|1\n|-unboost|p2a: Urshifu|spd|1\n|\n|-damage|p1a: Zapdos|23\/100 tox|[from] psn\n|upkeep\n|turn|13\n|\n|t:|1667412154\n|move|p2a: Urshifu|Close Combat|p1a: Zapdos\n|-resisted|p1a: Zapdos\n|-damage|p1a: Zapdos|2\/100 tox\n|-unboost|p2a: Urshifu|def|1\n|-unboost|p2a: Urshifu|spd|1\n|move|p1a: Zapdos|Roost|p1a: Zapdos\n|-heal|p1a: Zapdos|52\/100 tox\n|-singleturn|p1a: Zapdos|move: Roost\n|\n|-damage|p1a: Zapdos|40\/100 tox|[from] psn\n|upkeep\n|turn|14\n|\n|t:|1667412164\n|switch|p2a: Heatran|Heatran, F|82\/100\n|-damage|p2a: Heatran|69\/100|[from] Stealth Rock\n|move|p1a: Zapdos|Volt Switch|p2a: Heatran\n|-damage|p2a: Heatran|52\/100\n|\n|t:|1667412174\n|switch|p1a: Blacephalon|Blacephalon|100\/100|[from]move: Volt Switch\n|-damage|p1a: Blacephalon|76\/100|[from] Stealth Rock\n|\n|-heal|p2a: Heatran|58\/100|[from] item: Leftovers\n|upkeep\n|turn|15\n|\n|t:|1667412178\n|move|p1a: Blacephalon|Shadow Ball|p2a: Heatran\n|-damage|p2a: Heatran|15\/100\n|move|p2a: Heatran|Earth Power|p1a: Blacephalon\n|-supereffective|p1a: Blacephalon\n|-damage|p1a: Blacephalon|0 fnt\n|faint|p1a: Blacephalon\n|\n|-heal|p2a: Heatran|21\/100|[from] item: Leftovers\n|upkeep\n|\n|t:|1667412188\n|switch|p1a: Bisharp|Bisharp, M|95\/100\n|-damage|p1a: Bisharp|89\/100|[from] Stealth Rock\n|turn|16\n|\n|t:|1667412193\n|move|p1a: Bisharp|Knock Off|p2a: Heatran\n|-damage|p2a: Heatran|0 fnt\n|-enditem|p2a: Heatran|Leftovers|[from] move: Knock Off|[of] p1a: Bisharp\n|faint|p2a: Heatran\n|\n|upkeep\n|\n|t:|1667412200\n|switch|p2a: Urshifu|Urshifu-Rapid-Strike, F|94\/100\n|-damage|p2a: Urshifu|88\/100|[from] Stealth Rock\n|turn|17\n|\n|t:|1667412208\n|switch|p1a: Landorus|Landorus-Therian, M|100\/100\n|-damage|p1a: Landorus|88\/100|[from] Stealth Rock\n|-ability|p1a: Landorus|Intimidate|boost\n|-unboost|p2a: Urshifu|atk|1\n|move|p2a: Urshifu|Surging Strikes|p1a: Landorus\n|-supereffective|p1a: Landorus\n|-crit|p1a: Landorus\n|-damage|p1a: Landorus|39\/100\n|-supereffective|p1a: Landorus\n|-crit|p1a: Landorus\n|-damage|p1a: Landorus|0 fnt\n|faint|p1a: Landorus\n|-hitcount|p1: Landorus|2\n|\n|upkeep\n|\n|t:|1667412218\n|switch|p1a: Rillaboom|Rillaboom, F|100\/100\n|-damage|p1a: Rillaboom|88\/100|[from] Stealth Rock\n|-fieldstart|move: Grassy Terrain|[from] ability: Grassy Surge|[of] p1a: Rillaboom\n|turn|18\n|\n|t:|1667412226\n|switch|p2a: Toxapex|Toxapex, M|100\/100\n|-damage|p2a: Toxapex|88\/100|[from] Stealth Rock\n|move|p1a: Rillaboom|U-turn|p2a: Toxapex\n|-resisted|p2a: Toxapex\n|-damage|p2a: Toxapex|75\/100\n|\n|t:|1667412230\n|switch|p1a: Bisharp|Bisharp, M|89\/100|[from]move: U-turn\n|-damage|p1a: Bisharp|83\/100|[from] Stealth Rock\n|\n|-heal|p1a: Bisharp|89\/100|[from] Grassy Terrain\n|-heal|p2a: Toxapex|82\/100|[from] Grassy Terrain\n|-heal|p2a: Toxapex|88\/100|[from] item: Black Sludge\n|upkeep\n|turn|19\n|\n|t:|1667412236\n|move|p1a: Bisharp|Knock Off|p2a: Toxapex\n|-damage|p2a: Toxapex|47\/100\n|-enditem|p2a: Toxapex|Black Sludge|[from] move: Knock Off|[of] p1a: Bisharp\n|move|p2a: Toxapex|Toxic Spikes|p1a: Bisharp\n|-sidestart|p1: XuYyi|move: Toxic Spikes\n|\n|-heal|p1a: Bisharp|95\/100|[from] Grassy Terrain\n|-heal|p2a: Toxapex|53\/100|[from] Grassy Terrain\n|upkeep\n|turn|20\n|\n|t:|1667412242\n|switch|p2a: Urshifu|Urshifu-Rapid-Strike, F|88\/100\n|-damage|p2a: Urshifu|82\/100|[from] Stealth Rock\n|move|p1a: Bisharp|Swords Dance|p1a: Bisharp\n|-boost|p1a: Bisharp|atk|2\n|\n|-heal|p2a: Urshifu|88\/100|[from] Grassy Terrain\n|-heal|p1a: Bisharp|100\/100|[from] Grassy Terrain\n|upkeep\n|turn|21\n|\n|t:|1667412249\n|move|p1a: Bisharp|Sucker Punch|p2a: Urshifu\n|-resisted|p2a: Urshifu\n|-damage|p2a: Urshifu|40\/100\n|move|p2a: Urshifu|Close Combat|p1a: Bisharp\n|-supereffective|p1a: Bisharp\n|-damage|p1a: Bisharp|0 fnt\n|-unboost|p2a: Urshifu|def|1\n|-unboost|p2a: Urshifu|spd|1\n|faint|p1a: Bisharp\n|\n|-heal|p2a: Urshifu|46\/100|[from] Grassy Terrain\n|upkeep\n|\n|t:|1667412257\n|switch|p1a: Zapdos|Zapdos|40\/100 tox\n|-damage|p1a: Zapdos|15\/100 tox|[from] Stealth Rock\n|turn|22\n|\n|t:|1667412267\n|move|p2a: Urshifu|Close Combat|p1a: Zapdos\n|-resisted|p1a: Zapdos\n|-damage|p1a: Zapdos|0 fnt\n|-unboost|p2a: Urshifu|def|1\n|-unboost|p2a: Urshifu|spd|1\n|faint|p1a: Zapdos\n|\n|-heal|p2a: Urshifu|52\/100|[from] Grassy Terrain\n|-fieldend|move: Grassy Terrain\n|upkeep\n|-message|XuYyi forfeited.\n|\n|win|The Teal Scizor\n|raw|XuYyi's rating: 1492 &rarr; <strong>1475<\/strong><br \/>(-17 for losing)\n|raw|The Teal Scizor's rating: 1542 &rarr; <strong>1559<\/strong><br \/>(+17 for winning)\n|l|\u2606XuYyi\n","uploadtime":1667412284,"views":2,"p1id":"xuyyi","p2id":"thetealscizor","formatid":"gen8ou","rating":1475,"private":0,"password":null}