{"id":"gen8ou-1262282791","p1":"isheavydead","p2":"Costrofobic Darren","format":"gen8ou","log":"|j|\u2606isheavydead\n|j|\u2606Costrofobic Darren\n|inactive|Battle timer is ON: inactive players will automatically lose when time's up.\n|t:|1610651108\n|player|p1|isheavydead|101|\n|player|p2|Costrofobic Darren|fantina|\n|teamsize|p1|6\n|teamsize|p2|6\n|gametype|singles\n|gen|8\n|tier|[Gen 8] OU\n|rated|Tournament battle\n|clearpoke\n|poke|p1|Tornadus-Therian, M|\n|poke|p1|Pelipper, M|\n|poke|p1|Ferrothorn, F|\n|poke|p1|Crawdaunt, M|\n|poke|p1|Magearna|\n|poke|p1|Seismitoad, M|\n|poke|p2|Latios, M|\n|poke|p2|Heatran, F|\n|poke|p2|Obstagoon, F|\n|poke|p2|Landorus-Therian, M|\n|poke|p2|Zapdos|\n|poke|p2|Magearna|\n|rule|Sleep Clause Mod: Limit one foe put to sleep\n|rule|Species Clause: Limit one of each Pok\u00e9mon\n|rule|OHKO Clause: OHKO moves are banned\n|rule|Evasion Moves Clause: Evasion moves are banned\n|rule|Endless Battle Clause: Forcing endless battles is banned\n|rule|HP Percentage Mod: HP is shown in percentages\n|rule|Dynamax Clause: You cannot dynamax\n|teampreview\n|c|\u2606Costrofobic Darren|gl hf\n|c|\u2606isheavydead|u2\n|j| Endrince\n|j| sliggoo\n|\n|t:|1610651117\n|start\n|switch|p1a: Magearna|Magearna|100\/100\n|switch|p2a: Latios|Latios, M|100\/100\n|turn|1\n|l| Endrince\n|j| E1992F\n|j| Serp IV\n|\n|t:|1610651124\n|switch|p2a: Heatran|Heatran, F|100\/100\n|move|p1a: Magearna|Fleur Cannon|p2a: Heatran\n|-resisted|p2a: Heatran\n|-damage|p2a: Heatran|84\/100\n|-unboost|p1a: Magearna|spa|2\n|\n|-heal|p2a: Heatran|91\/100|[from] item: Leftovers\n|upkeep\n|turn|2\n|\n|t:|1610651128\n|switch|p1a: Pelipper|Pelipper, M|100\/100\n|-weather|RainDance|[from] ability: Drizzle|[of] p1a: Pelipper\n|move|p2a: Heatran|Stealth Rock|p1a: Pelipper\n|-sidestart|p1: isheavydead|move: Stealth Rock\n|\n|-weather|RainDance|[upkeep]\n|-heal|p2a: Heatran|97\/100|[from] item: Leftovers\n|upkeep\n|turn|3\n|j| epsilon_xd\n|\n|t:|1610651132\n|move|p2a: Heatran|Protect|p2a: Heatran\n|-singleturn|p2a: Heatran|Protect\n|move|p1a: Pelipper|U-turn|p2a: Heatran\n|-activate|p2a: Heatran|move: Protect\n|\n|-weather|RainDance|[upkeep]\n|-heal|p2a: Heatran|100\/100|[from] item: Leftovers\n|upkeep\n|turn|4\n|\n|t:|1610651135\n|switch|p2a: Zapdos|Zapdos|100\/100\n|move|p1a: Pelipper|Defog|p2a: Zapdos\n|-unboost|p2a: Zapdos|evasion|1\n|-sideend|p1: isheavydead|Stealth Rock|[from] move: Defog|[of] p1a: Pelipper\n|\n|-weather|RainDance|[upkeep]\n|upkeep\n|turn|5\n|\n|t:|1610651140\n|switch|p1a: Seismitoad|Seismitoad, M|100\/100\n|move|p2a: Zapdos|Hurricane|p1a: Seismitoad\n|-damage|p1a: Seismitoad|42\/100\n|-start|p1a: Seismitoad|confusion\n|\n|-weather|RainDance|[upkeep]\n|upkeep\n|turn|6\n|\n|t:|1610651144\n|-activate|p1a: Seismitoad|confusion\n|-damage|p1a: Seismitoad|34\/100|[from] confusion\n|move|p2a: Zapdos|Hurricane|p1a: Seismitoad\n|-damage|p1a: Seismitoad|0 fnt\n|faint|p1a: Seismitoad\n|\n|-weather|RainDance|[upkeep]\n|upkeep\n|\n|t:|1610651148\n|switch|p1a: Magearna|Magearna|100\/100\n|turn|7\n|\n|t:|1610651155\n|move|p2a: Zapdos|Discharge|p1a: Magearna\n|-damage|p1a: Magearna|68\/100\n|-status|p1a: Magearna|par\n|move|p1a: Magearna|Volt Switch|p2a: Zapdos\n|-crit|p2a: Zapdos\n|-damage|p2a: Zapdos|46\/100\n|c|\u2606isheavydead|i think i just lose\n|c| Serp IV|This man out here rebelling against the Barraskewda rein.\n|\n|t:|1610651162\n|switch|p1a: Crawdaunt|Crawdaunt, M|100\/100|[from]move: Volt Switch\n|\n|-weather|RainDance|[upkeep]\n|upkeep\n|turn|8\n|\n|t:|1610651166\n|move|p1a: Crawdaunt|Aqua Jet|p2a: Zapdos\n|-damage|p2a: Zapdos|7\/100\n|-damage|p1a: Crawdaunt|91\/100|[from] item: Life Orb\n|move|p2a: Zapdos|Discharge|p1a: Crawdaunt\n|-supereffective|p1a: Crawdaunt\n|-damage|p1a: Crawdaunt|0 fnt\n|faint|p1a: Crawdaunt\n|\n|-weather|RainDance|[upkeep]\n|upkeep\n|\n|t:|1610651170\n|switch|p1a: Tornadus|Tornadus-Therian, M|100\/100\n|turn|9\n|\n|t:|1610651173\n|switch|p2a: Heatran|Heatran, F|100\/100\n|move|p1a: Tornadus|Hurricane|p2a: Heatran\n|-resisted|p2a: Heatran\n|-damage|p2a: Heatran|83\/100\n|\n|-weather|none\n|-heal|p2a: Heatran|90\/100|[from] item: Leftovers\n|upkeep\n|turn|10\n|c|\u2606isheavydead|ayo gg\n|\n|t:|1610651177\n|switch|p1a: Pelipper|Pelipper, M|100\/100\n|-weather|RainDance|[from] ability: Drizzle|[of] p1a: Pelipper\n|move|p2a: Heatran|Stealth Rock|p1a: Pelipper\n|-sidestart|p1: isheavydead|move: Stealth Rock\n|\n|-weather|RainDance|[upkeep]\n|-heal|p2a: Heatran|96\/100|[from] item: Leftovers\n|upkeep\n|turn|11\n|j| Mega Garbo\n|j| Aroma Zeddy&Jevil\n|j| Appleking123\n|\n|t:|1610651182\n|move|p2a: Heatran|Magma Storm|p1a: Pelipper\n|-resisted|p1a: Pelipper\n|-damage|p1a: Pelipper|86\/100\n|-activate|p1a: Pelipper|move: Magma Storm|[of] p2a: Heatran\n|move|p1a: Pelipper|U-turn|p2a: Heatran\n|-resisted|p2a: Heatran\n|-damage|p2a: Heatran|94\/100\n|\n|t:|1610651188\n|switch|p1a: Tornadus|Tornadus-Therian, M|100\/100|[from]move: U-turn\n|\n|-weather|RainDance|[upkeep]\n|-heal|p2a: Heatran|99\/100|[from] item: Leftovers\n|upkeep\n|turn|12\n|\n|t:|1610651190\n|move|p1a: Tornadus|Nasty Plot|p1a: Tornadus\n|-boost|p1a: Tornadus|spa|2\n|move|p2a: Heatran|Magma Storm|p1a: Tornadus\n|-damage|p1a: Tornadus|76\/100\n|-activate|p1a: Tornadus|move: Magma Storm|[of] p2a: Heatran\n|\n|-weather|RainDance|[upkeep]\n|-heal|p2a: Heatran|100\/100|[from] item: Leftovers\n|-damage|p1a: Tornadus|64\/100|[from] move: Magma Storm|[partiallytrapped]\n|upkeep\n|turn|13\n|\n|t:|1610651193\n|move|p2a: Heatran|Protect|p2a: Heatran\n|-singleturn|p2a: Heatran|Protect\n|move|p1a: Tornadus|Weather Ball|p2a: Heatran\n|-activate|p2a: Heatran|move: Protect\n|\n|-weather|RainDance|[upkeep]\n|-damage|p1a: Tornadus|51\/100|[from] move: Magma Storm|[partiallytrapped]\n|upkeep\n|turn|14\n|l| Appleking123\n|\n|t:|1610651199\n|move|p1a: Tornadus|Weather Ball|p2a: Heatran\n|-supereffective|p2a: Heatran\n|-damage|p2a: Heatran|0 fnt\n|faint|p2a: Heatran\n|\n|-weather|RainDance|[upkeep]\n|-end|p1a: Tornadus|Magma Storm|[partiallytrapped]|[silent]\n|upkeep\n|\n|t:|1610651204\n|switch|p2a: Magearna|Magearna|100\/100\n|turn|15\n|\n|t:|1610651207\n|switch|p1a: Magearna|Magearna|68\/100 par\n|-damage|p1a: Magearna|62\/100 par|[from] Stealth Rock\n|move|p2a: Magearna|Volt Switch|p1a: Magearna\n|-damage|p1a: Magearna|38\/100 par\n|\n|t:|1610651210\n|switch|p2a: Obstagoon|Obstagoon, F|100\/100|[from]move: Volt Switch\n|\n|-weather|RainDance|[upkeep]\n|-status|p2a: Obstagoon|brn|[from] item: Flame Orb\n|upkeep\n|turn|16\n|\n|t:|1610651213\n|move|p2a: Obstagoon|Facade|p1a: Magearna\n|-resisted|p1a: Magearna\n|-damage|p1a: Magearna|1\/100 par\n|move|p1a: Magearna|Fleur Cannon|p2a: Obstagoon|[miss]\n|-miss|p1a: Magearna|p2a: Obstagoon\n|\n|-weather|RainDance|[upkeep]\n|-damage|p2a: Obstagoon|94\/100 brn|[from] brn\n|upkeep\n|turn|17\n|l| E1992F\n|\n|t:|1610651217\n|move|p2a: Obstagoon|Facade|p1a: Magearna\n|-resisted|p1a: Magearna\n|-damage|p1a: Magearna|0 fnt\n|faint|p1a: Magearna\n|\n|-weather|none\n|-damage|p2a: Obstagoon|88\/100 brn|[from] brn\n|upkeep\n|\n|t:|1610651220\n|switch|p1a: Ferrothorn|Ferrothorn, F|100\/100\n|-damage|p1a: Ferrothorn|94\/100|[from] Stealth Rock\n|turn|18\n|\n|t:|1610651224\n|move|p2a: Obstagoon|Close Combat|p1a: Ferrothorn\n|-supereffective|p1a: Ferrothorn\n|-damage|p1a: Ferrothorn|35\/100\n|-unboost|p2a: Obstagoon|def|1\n|-unboost|p2a: Obstagoon|spd|1\n|-damage|p2a: Obstagoon|76\/100 brn|[from] ability: Iron Barbs|[of] p1a: Ferrothorn\n|move|p1a: Ferrothorn|Body Press|p2a: Obstagoon\n|-supereffective|p2a: Obstagoon\n|-damage|p2a: Obstagoon|0 fnt\n|faint|p2a: Obstagoon\n|\n|-heal|p1a: Ferrothorn|41\/100|[from] item: Leftovers\n|upkeep\n|j| yaboiashK.\n|\n|t:|1610651238\n|switch|p2a: Latios|Latios, M|100\/100\n|turn|19\n|\n|t:|1610651242\n|move|p2a: Latios|Aura Sphere|p1a: Ferrothorn\n|-supereffective|p1a: Ferrothorn\n|-damage|p1a: Ferrothorn|0 fnt\n|faint|p1a: Ferrothorn\n|\n|upkeep\n|\n|t:|1610651244\n|switch|p1a: Pelipper|Pelipper, M|86\/100\n|-damage|p1a: Pelipper|61\/100|[from] Stealth Rock\n|-weather|RainDance|[from] ability: Drizzle|[of] p1a: Pelipper\n|turn|20\n|\n|t:|1610651249\n|switch|p2a: Landorus|Landorus-Therian, M|100\/100\n|-ability|p2a: Landorus|Intimidate|boost\n|-unboost|p1a: Pelipper|atk|1\n|move|p1a: Pelipper|Hurricane|p2a: Landorus\n|-damage|p2a: Landorus|51\/100\n|\n|-weather|RainDance|[upkeep]\n|upkeep\n|turn|21\n|l| yaboiashK.\n|\n|t:|1610651255\n|move|p2a: Landorus|Knock Off|p1a: Pelipper\n|-damage|p1a: Pelipper|34\/100\n|-enditem|p1a: Pelipper|Damp Rock|[from] move: Knock Off|[of] p2a: Landorus\n|move|p1a: Pelipper|Hurricane|p2a: Landorus\n|-damage|p2a: Landorus|4\/100\n|\n|-weather|RainDance|[upkeep]\n|upkeep\n|turn|22\n|\n|t:|1610651258\n|move|p2a: Landorus|Knock Off|p1a: Pelipper\n|-damage|p1a: Pelipper|14\/100\n|move|p1a: Pelipper|Roost|p1a: Pelipper\n|-heal|p1a: Pelipper|64\/100\n|-singleturn|p1a: Pelipper|move: Roost\n|\n|-weather|RainDance|[upkeep]\n|upkeep\n|turn|23\n|\n|t:|1610651261\n|move|p2a: Landorus|Knock Off|p1a: Pelipper\n|-damage|p1a: Pelipper|44\/100\n|move|p1a: Pelipper|Hurricane|p2a: Landorus\n|-damage|p2a: Landorus|0 fnt\n|faint|p2a: Landorus\n|\n|-weather|RainDance|[upkeep]\n|upkeep\n|\n|t:|1610651264\n|switch|p2a: Zapdos|Zapdos|7\/100\n|turn|24\n|j| yugiuhg\n|\n|t:|1610651269\n|move|p2a: Zapdos|Discharge|p1a: Pelipper\n|-supereffective|p1a: Pelipper\n|-damage|p1a: Pelipper|0 fnt\n|faint|p1a: Pelipper\n|\n|-weather|RainDance|[upkeep]\n|upkeep\n|\n|t:|1610651271\n|switch|p1a: Tornadus|Tornadus-Therian, M|84\/100\n|turn|25\n|c|\u2606isheavydead|gg\n|c|\u2606isheavydead|f\n|c|\u2606Costrofobic Darren|gg\n|l| Mega Garbo\n|\n|t:|1610651280\n|move|p1a: Tornadus|Nasty Plot|p1a: Tornadus\n|-boost|p1a: Tornadus|spa|2\n|move|p2a: Zapdos|Discharge|p1a: Tornadus\n|-supereffective|p1a: Tornadus\n|-damage|p1a: Tornadus|0 fnt\n|faint|p1a: Tornadus\n|\n|win|Costrofobic Darren\n|n|\u2606isheavydead|isheavydead\n|n|\u2606Costrofobic Darren|costrofobicdarren\n|n| sliggoo|sliggoo\n|n| Serp IV|serpiv\n|n| epsilon_xd|epsilonxd\n|n| Aroma Zeddy&Jevil|aromazeddyjevil\n|n| yugiuhg|yugiuhg\n","uploadtime":1610651282,"views":213,"p1id":"isheavydead","p2id":"costrofobicdarren","formatid":"gen8ou","rating":0,"private":0,"password":null}