{"id":"gen8ou-1518558598","p1":"66633a real","p2":"Infernoss","format":"gen8ou","log":"|j|\u260666633a real\n|j|\u2606Infernoss\n|t:|1645799428\n|gametype|singles\n|player|p1|66633a real|fisherman-gen4|1625\n|player|p2|Infernoss|chili|1608\n|teamsize|p1|6\n|teamsize|p2|6\n|gen|8\n|tier|[Gen 8] OU\n|rated|\n|rule|Sleep Clause Mod: Limit one foe put to sleep\n|rule|Species Clause: Limit one of each Pok\u00e9mon\n|rule|OHKO Clause: OHKO moves are banned\n|rule|Evasion Moves Clause: Evasion moves are banned\n|rule|Endless Battle Clause: Forcing endless battles is banned\n|rule|HP Percentage Mod: HP is shown in percentages\n|rule|Dynamax Clause: You cannot dynamax\n|clearpoke\n|poke|p1|Tyranitar, M|\n|poke|p1|Excadrill, M|\n|poke|p1|Ferrothorn, M|\n|poke|p1|Volcarona, F|\n|poke|p1|Kartana|\n|poke|p1|Zapdos|\n|poke|p2|Slowbro, M|\n|poke|p2|Hatterene, F|\n|poke|p2|Marowak-Alola, F|\n|poke|p2|Ferrothorn, F|\n|poke|p2|Garchomp, F|\n|poke|p2|Drampa, M|\n|teampreview\n|inactive|Battle timer is ON: inactive players will automatically lose when time's up. (requested by 66633a real)\n|\n|t:|1645799435\n|start\n|switch|p1a: Tyranitar|Tyranitar, M|100\/100\n|switch|p2a: Sharpo|Garchomp, F|100\/100\n|-weather|Sandstorm|[from] ability: Sand Stream|[of] p1a: Tyranitar\n|turn|1\n|\n|t:|1645799441\n|move|p2a: Sharpo|Earthquake|p1a: Tyranitar\n|-supereffective|p1a: Tyranitar\n|-damage|p1a: Tyranitar|17\/100\n|move|p1a: Tyranitar|Ice Beam|p2a: Sharpo\n|-supereffective|p2a: Sharpo\n|-damage|p2a: Sharpo|0 fnt\n|faint|p2a: Sharpo\n|\n|-weather|Sandstorm|[upkeep]\n|upkeep\n|\n|t:|1645799455\n|switch|p2a: Hatterene|Hatterene, F|100\/100\n|turn|2\n|\n|t:|1645799460\n|move|p1a: Tyranitar|Earthquake|p2a: Hatterene\n|-damage|p2a: Hatterene|67\/100\n|move|p2a: Hatterene|Trick Room|p2a: Hatterene\n|-fieldstart|move: Trick Room|[of] p2a: Hatterene\n|\n|-weather|Sandstorm|[upkeep]\n|-damage|p2a: Hatterene|61\/100|[from] Sandstorm\n|upkeep\n|turn|3\n|\n|t:|1645799469\n|move|p2a: Hatterene|Draining Kiss|p1a: Tyranitar\n|-supereffective|p1a: Tyranitar\n|-damage|p1a: Tyranitar|0 fnt\n|-heal|p2a: Hatterene|77\/100|[from] drain|[of] p1a: Tyranitar\n|faint|p1a: Tyranitar\n|\n|-weather|Sandstorm|[upkeep]\n|-damage|p2a: Hatterene|71\/100|[from] Sandstorm\n|upkeep\n|\n|t:|1645799472\n|switch|p1a: Excadrill|Excadrill, M|100\/100\n|turn|4\n|j| Flying Ducheman\n|\n|t:|1645799480\n|switch|p2a: Falko|Drampa, M|100\/100\n|move|p1a: Excadrill|Earthquake|p2a: Falko\n|-damage|p2a: Falko|15\/100\n|-ability|p2a: Falko|Berserk|boost\n|-boost|p2a: Falko|spa|1\n|-damage|p1a: Excadrill|91\/100|[from] item: Life Orb\n|\n|-weather|Sandstorm|[upkeep]\n|-damage|p2a: Falko|9\/100|[from] Sandstorm\n|upkeep\n|turn|5\n|\n|t:|1645799492\n|switch|p1a: Zapdos|Zapdos|100\/100\n|move|p2a: Falko|Focus Blast|p1a: Zapdos\n|-resisted|p1a: Zapdos\n|-damage|p1a: Zapdos|55\/100\n|-damage|p2a: Falko|0 fnt|[from] item: Life Orb\n|faint|p2a: Falko\n|\n|-weather|Sandstorm|[upkeep]\n|-damage|p1a: Zapdos|49\/100|[from] Sandstorm\n|upkeep\n|inactive|Infernoss has 120 seconds left.\n|\n|t:|1645799525\n|switch|p2a: Billy B.|Marowak-Alola, F|100\/100\n|turn|6\n|\n|t:|1645799528\n|switch|p1a: Ferrothorn|Ferrothorn, M|100\/100\n|move|p2a: Billy B.|Flare Blitz|p1a: Ferrothorn\n|-supereffective|p1a: Ferrothorn\n|-damage|p1a: Ferrothorn|0 fnt\n|-damage|p2a: Billy B.|88\/100|[from] ability: Iron Barbs|[of] p1a: Ferrothorn\n|-damage|p2a: Billy B.|72\/100|[from] item: Rocky Helmet|[of] p1a: Ferrothorn\n|faint|p1a: Ferrothorn\n|\n|-weather|Sandstorm|[upkeep]\n|-damage|p2a: Billy B.|66\/100|[from] Sandstorm\n|-fieldend|move: Trick Room\n|upkeep\n|\n|t:|1645799540\n|switch|p1a: Excadrill|Excadrill, M|91\/100\n|turn|7\n|\n|t:|1645799544\n|switch|p2a: Sonso|Slowbro, M|100\/100\n|move|p1a: Excadrill|Earthquake|p2a: Sonso\n|-damage|p2a: Sonso|59\/100\n|-damage|p1a: Excadrill|81\/100|[from] item: Life Orb\n|\n|-weather|Sandstorm|[upkeep]\n|-damage|p2a: Sonso|53\/100|[from] Sandstorm\n|upkeep\n|turn|8\n|\n|t:|1645799555\n|move|p1a: Excadrill|Iron Head|p2a: Sonso\n|-resisted|p2a: Sonso\n|-damage|p2a: Sonso|34\/100\n|-damage|p1a: Excadrill|71\/100|[from] item: Life Orb\n|move|p2a: Sonso|Trick Room|p2a: Sonso\n|-fieldstart|move: Trick Room|[of] p2a: Sonso\n|\n|-weather|none\n|upkeep\n|turn|9\n|\n|t:|1645799562\n|move|p2a: Sonso|Scald|p1a: Excadrill\n|-supereffective|p1a: Excadrill\n|-damage|p1a: Excadrill|0 fnt\n|faint|p1a: Excadrill\n|\n|upkeep\n|\n|t:|1645799565\n|switch|p1a: Zapdos|Zapdos|49\/100\n|turn|10\n|j| LT_Alt1\n|\n|t:|1645799576\n|switch|p2a: Hatterene|Hatterene, F|71\/100\n|move|p1a: Zapdos|Roost|p1a: Zapdos\n|-heal|p1a: Zapdos|99\/100\n|-singleturn|p1a: Zapdos|move: Roost\n|\n|upkeep\n|turn|11\n|\n|t:|1645799583\n|move|p2a: Hatterene|Mystical Fire|p1a: Zapdos\n|-damage|p1a: Zapdos|79\/100\n|-unboost|p1a: Zapdos|spa|1\n|move|p1a: Zapdos|Hurricane|p2a: Hatterene\n|-damage|p2a: Hatterene|49\/100\n|-start|p2a: Hatterene|confusion\n|\n|upkeep\n|turn|12\n|\n|t:|1645799594\n|-activate|p2a: Hatterene|confusion\n|-damage|p2a: Hatterene|40\/100|[from] confusion\n|move|p1a: Zapdos|Volt Switch|p2a: Hatterene\n|-damage|p2a: Hatterene|24\/100\n|\n|t:|1645799598\n|switch|p1a: Kartana|Kartana|100\/100|[from]move: Volt Switch\n|\n|-fieldend|move: Trick Room\n|upkeep\n|turn|13\n|\n|t:|1645799602\n|switch|p2a: Thorns|Ferrothorn, F|100\/100\n|move|p1a: Kartana|Knock Off|p2a: Thorns\n|-damage|p2a: Thorns|65\/100\n|-damage|p1a: Kartana|88\/100|[from] ability: Iron Barbs|[of] p2a: Thorns\n|-enditem|p2a: Thorns|Shed Shell|[from] move: Knock Off|[of] p1a: Kartana\n|\n|upkeep\n|turn|14\n|\n|t:|1645799610\n|switch|p1a: Volcarona|Volcarona, F|100\/100\n|move|p2a: Thorns|Leech Seed|p1a: Volcarona|[miss]\n|-miss|p2a: Thorns|p1a: Volcarona\n|\n|upkeep\n|turn|15\n|j| weatecdvf\n|c|\u2606Infernoss|of curse\n|\n|t:|1645799620\n|move|p1a: Volcarona|Quiver Dance|p1a: Volcarona\n|-boost|p1a: Volcarona|spa|1\n|-boost|p1a: Volcarona|spd|1\n|-boost|p1a: Volcarona|spe|1\n|move|p2a: Thorns|Leech Seed|p1a: Volcarona\n|-start|p1a: Volcarona|move: Leech Seed\n|\n|-damage|p1a: Volcarona|88\/100|[from] Leech Seed|[of] p2a: Thorns\n|-heal|p2a: Thorns|78\/100|[silent]\n|upkeep\n|turn|16\n|\n|t:|1645799628\n|switch|p2a: Sonso|Slowbro, M|67\/100\n|move|p1a: Volcarona|Quiver Dance|p1a: Volcarona\n|-boost|p1a: Volcarona|spa|1\n|-boost|p1a: Volcarona|spd|1\n|-boost|p1a: Volcarona|spe|1\n|\n|-damage|p1a: Volcarona|76\/100|[from] Leech Seed|[of] p2a: Sonso\n|-heal|p2a: Sonso|79\/100|[silent]\n|upkeep\n|turn|17\n|\n|t:|1645799641\n|switch|p2a: Thorns|Ferrothorn, F|78\/100\n|move|p1a: Volcarona|Bug Buzz|p2a: Thorns\n|-damage|p2a: Thorns|31\/100\n|\n|-damage|p1a: Volcarona|64\/100|[from] Leech Seed|[of] p2a: Thorns\n|-heal|p2a: Thorns|44\/100|[silent]\n|upkeep\n|turn|18\n|\n|t:|1645799653\n|switch|p2a: Billy B.|Marowak-Alola, F|66\/100\n|move|p1a: Volcarona|Quiver Dance|p1a: Volcarona\n|-boost|p1a: Volcarona|spa|1\n|-boost|p1a: Volcarona|spd|1\n|-boost|p1a: Volcarona|spe|1\n|\n|-damage|p1a: Volcarona|51\/100|[from] Leech Seed|[of] p2a: Billy B.\n|-heal|p2a: Billy B.|80\/100|[silent]\n|upkeep\n|turn|19\n|\n|t:|1645799664\n|move|p1a: Volcarona|Fiery Dance|p2a: Billy B.\n|-resisted|p2a: Billy B.\n|-damage|p2a: Billy B.|23\/100\n|move|p2a: Billy B.|Flare Blitz|p1a: Volcarona\n|-damage|p1a: Volcarona|0 fnt\n|faint|p1a: Volcarona\n|\n|upkeep\n|\n|t:|1645799667\n|switch|p1a: Kartana|Kartana|88\/100\n|turn|20\n|\n|t:|1645799675\n|switch|p2a: Thorns|Ferrothorn, F|44\/100\n|move|p1a: Kartana|Knock Off|p2a: Thorns\n|-damage|p2a: Thorns|22\/100\n|-damage|p1a: Kartana|76\/100|[from] ability: Iron Barbs|[of] p2a: Thorns\n|\n|upkeep\n|turn|21\n|\n|t:|1645799698\n|move|p1a: Kartana|Knock Off|p2a: Thorns\n|-damage|p2a: Thorns|0 fnt\n|-damage|p1a: Kartana|63\/100|[from] ability: Iron Barbs|[of] p2a: Thorns\n|faint|p2a: Thorns\n|-ability|p1a: Kartana|Beast Boost|boost\n|-boost|p1a: Kartana|atk|1\n|\n|upkeep\n|\n|t:|1645799704\n|switch|p2a: Sonso|Slowbro, M|100\/100\n|turn|22\n|\n|t:|1645799707\n|move|p1a: Kartana|Knock Off|p2a: Sonso\n|-supereffective|p2a: Sonso\n|-enditem|p2a: Sonso|Colbur Berry|[eat]\n|-enditem|p2a: Sonso|Colbur Berry|[weaken]\n|-damage|p2a: Sonso|61\/100\n|move|p2a: Sonso|Trick Room|p2a: Sonso\n|-fieldstart|move: Trick Room|[of] p2a: Sonso\n|\n|upkeep\n|turn|23\n|\n|t:|1645799713\n|switch|p2a: Hatterene|Hatterene, F|24\/100\n|move|p1a: Kartana|Knock Off|p2a: Hatterene\n|-damage|p2a: Hatterene|0 fnt\n|-enditem|p2a: Hatterene|Kasib Berry|[from] move: Knock Off|[of] p1a: Kartana\n|faint|p2a: Hatterene\n|-ability|p1a: Kartana|Beast Boost|boost\n|-boost|p1a: Kartana|atk|1\n|\n|upkeep\n|\n|t:|1645799721\n|switch|p2a: Billy B.|Marowak-Alola, F|23\/100\n|turn|24\n|\n|t:|1645799728\n|move|p2a: Billy B.|Flare Blitz|p1a: Kartana\n|-supereffective|p1a: Kartana\n|-damage|p1a: Kartana|0 fnt\n|faint|p1a: Kartana\n|\n|upkeep\n|\n|t:|1645799729\n|switch|p1a: Zapdos|Zapdos|79\/100\n|turn|25\n|\n|t:|1645799734\n|move|p2a: Billy B.|Flare Blitz|p1a: Zapdos\n|-damage|p1a: Zapdos|0 fnt\n|faint|p1a: Zapdos\n|\n|win|Infernoss\n|raw|66633a real's rating: 1625 &rarr; <strong>1604<\/strong><br \/>(-21 for losing)\n|raw|Infernoss's rating: 1608 &rarr; <strong>1629<\/strong><br \/>(+21 for winning)\n|l|\u260666633a real\n||Ladder isn't responding, score probably updated but might not have (Request timeout).\n","uploadtime":1645799741,"views":105,"p1id":"66633areal","p2id":"infernoss","formatid":"gen8ou","rating":1604,"private":0,"password":null}