{"id":"gen8ou-1114639482","p1":"Rorschach I","p2":"alternate amount","format":"gen8ou","log":"|j|\u2606Rorschach I\n|j|\u2606alternate amount\n|player|p1|Rorschach I|cynthia|1847\n|player|p2|alternate amount|265|1852\n|teamsize|p1|6\n|teamsize|p2|6\n|gametype|singles\n|gen|8\n|tier|[Gen 8] OU\n|rated|\n|clearpoke\n|poke|p1|Terrakion|\n|poke|p1|Aegislash, F|\n|poke|p1|Crawdaunt, M|\n|poke|p1|Zeraora|\n|poke|p1|Kyurem|\n|poke|p1|Togekiss, F|\n|poke|p2|Kyurem|\n|poke|p2|Toxapex, M|\n|poke|p2|Rotom-Heat|\n|poke|p2|Dragapult, F|\n|poke|p2|Corviknight, M|\n|poke|p2|Excadrill, M|\n|rule|Sleep Clause Mod: Limit one foe put to sleep\n|rule|Species Clause: Limit one of each Pok\u00e9mon\n|rule|OHKO Clause: OHKO moves are banned\n|rule|Evasion Moves Clause: Evasion moves are banned\n|rule|Endless Battle Clause: Forcing endless battles is banned\n|rule|HP Percentage Mod: HP is shown in percentages\n|rule|Dynamax Clause: You cannot dynamax\n|teampreview\n|j| abz minn dan tbh\n|\n|start\n|switch|p1a: Kyurem|Kyurem|100\/100\n|switch|p2a: Dragapult|Dragapult, F|100\/100\n|-ability|p1a: Kyurem|Pressure\n|turn|1\n|j| iii999i9i9i9\n|\n|move|p2a: Dragapult|U-turn|p1a: Kyurem\n|-damage|p1a: Kyurem|84\/100\n|j| spriiko\n|\n|switch|p2a: Toxapex|Toxapex, M|100\/100|[from]move: U-turn\n|move|p1a: Kyurem|Freeze-Dry|p2a: Toxapex\n|-supereffective|p2a: Toxapex\n|-damage|p2a: Toxapex|7\/100\n|-status|p2a: Toxapex|frz\n|\n|-heal|p2a: Toxapex|13\/100 frz|[from] item: Black Sludge\n|upkeep\n|turn|2\n|\n|switch|p2a: Rotom|Rotom-Heat|100\/100\n|move|p1a: Kyurem|Freeze-Dry|p2a: Rotom\n|-resisted|p2a: Rotom\n|-damage|p2a: Rotom|72\/100\n|\n|upkeep\n|turn|3\n|\n|switch|p1a: Terrakion|Terrakion|100\/100\n|switch|p2a: Toxapex|Toxapex, M|47\/100 frz\n|\n|-heal|p2a: Toxapex|53\/100 frz|[from] item: Black Sludge\n|upkeep\n|turn|4\n|\n|move|p1a: Terrakion|Stone Edge|p2a: Toxapex\n|-damage|p2a: Toxapex|19\/100 frz\n|-curestatus|p2a: Toxapex|frz|[from] move: Scald\n|move|p2a: Toxapex|Scald|p1a: Terrakion\n|-supereffective|p1a: Terrakion\n|-damage|p1a: Terrakion|63\/100\n|-status|p1a: Terrakion|brn\n|\n|-heal|p2a: Toxapex|25\/100|[from] item: Black Sludge\n|-damage|p1a: Terrakion|57\/100 brn|[from] brn\n|upkeep\n|turn|5\n|j| stormorax\n|\n|move|p1a: Terrakion|Taunt|p2a: Toxapex\n|-start|p2a: Toxapex|move: Taunt\n|cant|p2a: Toxapex|move: Taunt|Recover\n|\n|-heal|p2a: Toxapex|32\/100|[from] item: Black Sludge\n|-damage|p1a: Terrakion|50\/100 brn|[from] brn\n|upkeep\n|turn|6\n|\n|switch|p2a: Corviknight|Corviknight, M|100\/100\n|-ability|p2a: Corviknight|Pressure\n|move|p1a: Terrakion|Stealth Rock|p2a: Corviknight\n|-sidestart|p2: alternate amount|move: Stealth Rock\n|\n|-damage|p1a: Terrakion|44\/100 brn|[from] brn\n|upkeep\n|turn|7\n|\n|move|p1a: Terrakion|Taunt|p2a: Corviknight\n|-start|p2a: Corviknight|move: Taunt\n|cant|p2a: Corviknight|move: Taunt|Defog\n|\n|-damage|p1a: Terrakion|38\/100 brn|[from] brn\n|upkeep\n|turn|8\n|l| stormorax\n|\n|switch|p1a: Kyurem|Kyurem|84\/100\n|-ability|p1a: Kyurem|Pressure\n|switch|p2a: Toxapex|Toxapex, M|65\/100\n|-damage|p2a: Toxapex|52\/100|[from] Stealth Rock\n|\n|-heal|p2a: Toxapex|59\/100|[from] item: Black Sludge\n|upkeep\n|turn|9\n|\n|switch|p2a: Rotom|Rotom-Heat|72\/100\n|move|p1a: Kyurem|Freeze-Dry|p2a: Rotom\n|-resisted|p2a: Rotom\n|-damage|p2a: Rotom|42\/100\n|\n|upkeep\n|turn|10\n|\n|move|p1a: Kyurem|Freeze-Dry|p2a: Rotom\n|-resisted|p2a: Rotom\n|-damage|p2a: Rotom|15\/100\n|move|p2a: Rotom|Pain Split|p1a: Kyurem\n|-sethp|p1a: Kyurem|48\/100|[from] move: Pain Split|[silent]\n|-sethp|p2a: Rotom|61\/100|[from] move: Pain Split\n|\n|upkeep\n|turn|11\n|l| iii999i9i9i9\n|\n|switch|p1a: Terrakion|Terrakion|38\/100 brn\n|move|p2a: Rotom|Volt Switch|p1a: Terrakion\n|-damage|p1a: Terrakion|8\/100 brn\n|\n|switch|p2a: Excadrill|Excadrill, M|100\/100|[from]move: Volt Switch\n|-damage|p2a: Excadrill|97\/100|[from] Stealth Rock\n|-ability|p2a: Excadrill|Mold Breaker\n|\n|-damage|p1a: Terrakion|2\/100 brn|[from] brn\n|upkeep\n|turn|12\n|j| mic29\n|\n|move|p2a: Excadrill|Rapid Spin|p1a: Terrakion\n|-resisted|p1a: Terrakion\n|-damage|p1a: Terrakion|0 fnt\n|-boost|p2a: Excadrill|spe|1\n|-sideend|p2: alternate amount|Stealth Rock|[from] move: Rapid Spin|[of] p2a: Excadrill\n|faint|p1a: Terrakion\n|\n|upkeep\n|\n|switch|p1a: Kyurem|Kyurem|48\/100\n|-ability|p1a: Kyurem|Pressure\n|turn|13\n|\n|switch|p2a: Kyurem|Kyurem|100\/100\n|-ability|p2a: Kyurem|Pressure\n|move|p1a: Kyurem|Freeze-Dry|p2a: Kyurem\n|-damage|p2a: Kyurem|54\/100\n|\n|-heal|p2a: Kyurem|61\/100|[from] item: Leftovers\n|upkeep\n|turn|14\n|\n|move|p1a: Kyurem|Freeze-Dry|p2a: Kyurem\n|-damage|p2a: Kyurem|13\/100\n|move|p2a: Kyurem|Roost|p2a: Kyurem\n|-heal|p2a: Kyurem|63\/100\n|-singleturn|p2a: Kyurem|move: Roost\n|\n|-heal|p2a: Kyurem|69\/100|[from] item: Leftovers\n|upkeep\n|turn|15\n|\n|move|p2a: Kyurem|Substitute|p2a: Kyurem\n|-start|p2a: Kyurem|Substitute\n|-damage|p2a: Kyurem|44\/100\n|move|p1a: Kyurem|Freeze-Dry|p2a: Kyurem\n|-end|p2a: Kyurem|Substitute\n|\n|-heal|p2a: Kyurem|50\/100|[from] item: Leftovers\n|upkeep\n|turn|16\n|\n|move|p1a: Kyurem|Freeze-Dry|p2a: Kyurem\n|-damage|p2a: Kyurem|3\/100\n|move|p2a: Kyurem|Roost|p2a: Kyurem\n|-heal|p2a: Kyurem|53\/100\n|-singleturn|p2a: Kyurem|move: Roost\n|\n|-heal|p2a: Kyurem|60\/100|[from] item: Leftovers\n|upkeep\n|turn|17\n|\n|move|p1a: Kyurem|Freeze-Dry|p2a: Kyurem\n|-damage|p2a: Kyurem|12\/100\n|move|p2a: Kyurem|Roost|p2a: Kyurem\n|-heal|p2a: Kyurem|62\/100\n|-singleturn|p2a: Kyurem|move: Roost\n|\n|-heal|p2a: Kyurem|68\/100|[from] item: Leftovers\n|upkeep\n|turn|18\n|\n|move|p1a: Kyurem|Freeze-Dry|p2a: Kyurem\n|-damage|p2a: Kyurem|23\/100\n|move|p2a: Kyurem|Roost|p2a: Kyurem\n|-heal|p2a: Kyurem|73\/100\n|-singleturn|p2a: Kyurem|move: Roost\n|\n|-heal|p2a: Kyurem|79\/100|[from] item: Leftovers\n|upkeep\n|turn|19\n|j| ADM03\n|\n|move|p1a: Kyurem|Freeze-Dry|p2a: Kyurem\n|-damage|p2a: Kyurem|27\/100\n|move|p2a: Kyurem|Substitute|p2a: Kyurem\n|-start|p2a: Kyurem|Substitute\n|-damage|p2a: Kyurem|2\/100\n|\n|-heal|p2a: Kyurem|8\/100|[from] item: Leftovers\n|upkeep\n|turn|20\n|\n|move|p2a: Kyurem|Roost|p2a: Kyurem\n|-heal|p2a: Kyurem|58\/100\n|-singleturn|p2a: Kyurem|move: Roost\n|move|p1a: Kyurem|Freeze-Dry|p2a: Kyurem\n|-end|p2a: Kyurem|Substitute\n|\n|-heal|p2a: Kyurem|65\/100|[from] item: Leftovers\n|upkeep\n|turn|21\n|\n|switch|p1a: Aegislash|Aegislash, F|100\/100\n|-item|p1a: Aegislash|Air Balloon\n|move|p2a: Kyurem|Roost|p2a: Kyurem\n|-heal|p2a: Kyurem|100\/100\n|-singleturn|p2a: Kyurem|move: Roost\n|\n|upkeep\n|turn|22\n|\n|switch|p2a: Toxapex|Toxapex, M|92\/100\n|switch|p1a: Kyurem|Kyurem|48\/100\n|-ability|p1a: Kyurem|Pressure\n|\n|-heal|p2a: Toxapex|98\/100|[from] item: Black Sludge\n|upkeep\n|turn|23\n|\n|move|p1a: Kyurem|Freeze-Dry|p2a: Toxapex\n|-supereffective|p2a: Toxapex\n|-damage|p2a: Toxapex|5\/100\n|move|p2a: Toxapex|Recover|p2a: Toxapex\n|-heal|p2a: Toxapex|55\/100\n|\n|-heal|p2a: Toxapex|61\/100|[from] item: Black Sludge\n|upkeep\n|turn|24\n|\n|switch|p2a: Kyurem|Kyurem|100\/100\n|-ability|p2a: Kyurem|Pressure\n|move|p1a: Kyurem|Freeze-Dry|p2a: Kyurem\n|-damage|p2a: Kyurem|51\/100\n|\n|-heal|p2a: Kyurem|58\/100|[from] item: Leftovers\n|upkeep\n|turn|25\n|\n|switch|p1a: Aegislash|Aegislash, F|100\/100\n|-item|p1a: Aegislash|Air Balloon\n|move|p2a: Kyurem|Roost|p2a: Kyurem\n|-heal|p2a: Kyurem|100\/100\n|-singleturn|p2a: Kyurem|move: Roost\n|\n|upkeep\n|turn|26\n|\n|switch|p2a: Toxapex|Toxapex, M|94\/100\n|-formechange|p1a: Aegislash|Aegislash-Blade||[from] ability: Stance Change\n|move|p1a: Aegislash|Iron Head|p2a: Toxapex\n|-resisted|p2a: Toxapex\n|-damage|p2a: Toxapex|79\/100\n|\n|-heal|p2a: Toxapex|86\/100|[from] item: Black Sludge\n|upkeep\n|turn|27\n|\n|switch|p1a: Kyurem|Kyurem|48\/100\n|-ability|p1a: Kyurem|Pressure\n|move|p2a: Toxapex|Toxic Spikes|p1a: Kyurem\n|-sidestart|p1: Rorschach I|move: Toxic Spikes\n|\n|-heal|p2a: Toxapex|92\/100|[from] item: Black Sludge\n|upkeep\n|turn|28\n|\n|move|p1a: Kyurem|Freeze-Dry|p2a: Toxapex\n|-supereffective|p2a: Toxapex\n|-damage|p2a: Toxapex|0 fnt\n|faint|p2a: Toxapex\n|\n|upkeep\n|\n|switch|p2a: Kyurem|Kyurem|100\/100\n|-ability|p2a: Kyurem|Pressure\n|turn|29\n|\n|switch|p1a: Aegislash|Aegislash, F|100\/100\n|-item|p1a: Aegislash|Air Balloon\n|move|p2a: Kyurem|Dragon Dance|p2a: Kyurem\n|-boost|p2a: Kyurem|atk|1\n|-boost|p2a: Kyurem|spe|1\n|\n|upkeep\n|turn|30\n|\n|switch|p2a: Rotom|Rotom-Heat|61\/100\n|-formechange|p1a: Aegislash|Aegislash-Blade||[from] ability: Stance Change\n|move|p1a: Aegislash|Iron Head|p2a: Rotom\n|-resisted|p2a: Rotom\n|-damage|p2a: Rotom|50\/100\n|\n|upkeep\n|turn|31\n|\n|switch|p1a: Kyurem|Kyurem|48\/100\n|-status|p1a: Kyurem|psn\n|-ability|p1a: Kyurem|Pressure\n|move|p2a: Rotom|Pain Split|p1a: Kyurem\n|-sethp|p1a: Kyurem|43\/100 psn|[from] move: Pain Split|[silent]\n|-sethp|p2a: Rotom|55\/100|[from] move: Pain Split\n|\n|-damage|p1a: Kyurem|31\/100 psn|[from] psn\n|upkeep\n|turn|32\n|\n|switch|p2a: Kyurem|Kyurem|100\/100\n|-ability|p2a: Kyurem|Pressure\n|move|p1a: Kyurem|Draco Meteor|p2a: Kyurem\n|-supereffective|p2a: Kyurem\n|-damage|p2a: Kyurem|0 fnt\n|-unboost|p1a: Kyurem|spa|2\n|faint|p2a: Kyurem\n|\n|-damage|p1a: Kyurem|19\/100 psn|[from] psn\n|upkeep\n|\n|switch|p2a: Dragapult|Dragapult, F|100\/100\n|turn|33\n|\n|switch|p1a: Togekiss|Togekiss, F|100\/100\n|move|p2a: Dragapult|Hex|p1a: Togekiss\n|-crit|p1a: Togekiss\n|-damage|p1a: Togekiss|53\/100\n|\n|upkeep\n|turn|34\n|\n|switch|p2a: Excadrill|Excadrill, M|97\/100\n|-ability|p2a: Excadrill|Mold Breaker\n|move|p1a: Togekiss|Flamethrower|p2a: Excadrill\n|-supereffective|p2a: Excadrill\n|-damage|p2a: Excadrill|20\/100\n|\n|upkeep\n|turn|35\n|\n|switch|p1a: Aegislash|Aegislash, F|100\/100\n|-item|p1a: Aegislash|Air Balloon\n|move|p2a: Excadrill|Iron Head|p1a: Aegislash\n|-resisted|p1a: Aegislash\n|-damage|p1a: Aegislash|80\/100\n|-enditem|p1a: Aegislash|Air Balloon\n|\n|upkeep\n|turn|36\n|\n|switch|p2a: Corviknight|Corviknight, M|100\/100\n|-ability|p2a: Corviknight|Pressure\n|-formechange|p1a: Aegislash|Aegislash-Blade||[from] ability: Stance Change\n|move|p1a: Aegislash|Shadow Sneak|p2a: Corviknight\n|-damage|p2a: Corviknight|83\/100\n|-damage|p1a: Aegislash|64\/100|[from] item: Rocky Helmet|[of] p2a: Corviknight\n|\n|upkeep\n|turn|37\n|\n|switch|p1a: Togekiss|Togekiss, F|53\/100\n|move|p2a: Corviknight|Brave Bird|p1a: Togekiss\n|-damage|p1a: Togekiss|11\/100\n|-damage|p2a: Corviknight|72\/100|[from] Recoil\n|\n|upkeep\n|turn|38\n|j| Dapeer\n|\n|switch|p2a: Rotom|Rotom-Heat|55\/100\n|move|p1a: Togekiss|Trick|p2a: Rotom\n|-activate|p1a: Togekiss|move: Trick|[of] p2a: Rotom\n|-item|p2a: Rotom|Choice Scarf|[from] move: Trick\n|-item|p1a: Togekiss|Heavy-Duty Boots|[from] move: Trick\n|\n|upkeep\n|turn|39\n|\n|move|p2a: Rotom|Volt Switch|p1a: Togekiss\n|-supereffective|p1a: Togekiss\n|-damage|p1a: Togekiss|0 fnt\n|faint|p1a: Togekiss\n|j| Inklyng\n|\n|switch|p2a: Excadrill|Excadrill, M|20\/100|[from]move: Volt Switch\n|-ability|p2a: Excadrill|Mold Breaker\n|\n|upkeep\n|\n|switch|p1a: Aegislash|Aegislash, F|64\/100\n|turn|40\n|\n|switch|p2a: Corviknight|Corviknight, M|72\/100\n|-ability|p2a: Corviknight|Pressure\n|-formechange|p1a: Aegislash|Aegislash-Blade||[from] ability: Stance Change\n|move|p1a: Aegislash|Shadow Sneak|p2a: Corviknight\n|-damage|p2a: Corviknight|55\/100\n|-damage|p1a: Aegislash|47\/100|[from] item: Rocky Helmet|[of] p2a: Corviknight\n|\n|upkeep\n|turn|41\n|\n|switch|p1a: Crawdaunt|Crawdaunt, M|100\/100\n|-status|p1a: Crawdaunt|psn\n|move|p2a: Corviknight|Roost|p2a: Corviknight\n|-heal|p2a: Corviknight|100\/100\n|-singleturn|p2a: Corviknight|move: Roost\n|\n|-damage|p1a: Crawdaunt|88\/100 psn|[from] psn\n|upkeep\n|turn|42\n|j| Disable animations\n|\n|switch|p1a: Aegislash|Aegislash, F|47\/100\n|switch|p2a: Dragapult|Dragapult, F|100\/100\n|\n|upkeep\n|turn|43\n|\n|-formechange|p1a: Aegislash|Aegislash-Blade||[from] ability: Stance Change\n|move|p1a: Aegislash|Shadow Sneak|p2a: Dragapult\n|-supereffective|p2a: Dragapult\n|-damage|p2a: Dragapult|29\/100\n|move|p2a: Dragapult|Hex|p1a: Aegislash\n|-supereffective|p1a: Aegislash\n|-damage|p1a: Aegislash|0 fnt\n|faint|p1a: Aegislash\n|\n|upkeep\n|j| Youngster Maxance\n|\n|switch|p1a: Zeraora|Zeraora|100\/100\n|-status|p1a: Zeraora|psn\n|turn|44\n|l| Youngster Maxance\n|\n|move|p1a: Zeraora|Play Rough|p2a: Dragapult\n|-supereffective|p2a: Dragapult\n|-damage|p2a: Dragapult|0 fnt\n|-damage|p1a: Zeraora|91\/100 psn|[from] item: Life Orb\n|faint|p2a: Dragapult\n|\n|-damage|p1a: Zeraora|78\/100 psn|[from] psn\n|upkeep\n|\n|switch|p2a: Excadrill|Excadrill, M|20\/100\n|-ability|p2a: Excadrill|Mold Breaker\n|turn|45\n|\n|switch|p1a: Kyurem|Kyurem|19\/100 psn\n|-ability|p1a: Kyurem|Pressure\n|move|p2a: Excadrill|Earthquake|p1a: Kyurem\n|-damage|p1a: Kyurem|0 fnt\n|faint|p1a: Kyurem\n|\n|upkeep\n|\n|switch|p1a: Crawdaunt|Crawdaunt, M|88\/100 psn\n|turn|46\n|\n|switch|p2a: Rotom|Rotom-Heat|55\/100\n|move|p1a: Crawdaunt|Swords Dance|p1a: Crawdaunt\n|-boost|p1a: Crawdaunt|atk|2\n|\n|-damage|p1a: Crawdaunt|76\/100 psn|[from] psn\n|upkeep\n|turn|47\n|j| Der Schacht\n|\n|switch|p2a: Corviknight|Corviknight, M|100\/100\n|-ability|p2a: Corviknight|Pressure\n|move|p1a: Crawdaunt|Aqua Jet|p2a: Corviknight\n|-damage|p2a: Corviknight|59\/100\n|-damage|p1a: Crawdaunt|59\/100 psn|[from] item: Rocky Helmet|[of] p2a: Corviknight\n|-damage|p1a: Crawdaunt|50\/100 psn|[from] item: Life Orb\n|\n|-damage|p1a: Crawdaunt|37\/100 psn|[from] psn\n|upkeep\n|turn|48\n|\n|switch|p2a: Rotom|Rotom-Heat|55\/100\n|move|p1a: Crawdaunt|Knock Off|p2a: Rotom\n|-damage|p2a: Rotom|0 fnt\n|-enditem|p2a: Rotom|Choice Scarf|[from] move: Knock Off|[of] p1a: Crawdaunt\n|-damage|p1a: Crawdaunt|27\/100 psn|[from] item: Life Orb\n|faint|p2a: Rotom\n|\n|-damage|p1a: Crawdaunt|15\/100 psn|[from] psn\n|upkeep\n|\n|switch|p2a: Corviknight|Corviknight, M|59\/100\n|-ability|p2a: Corviknight|Pressure\n|turn|49\n|\n|move|p1a: Crawdaunt|Knock Off|p2a: Corviknight\n|-damage|p2a: Corviknight|0 fnt\n|-damage|p1a: Crawdaunt|0 fnt|[from] item: Rocky Helmet|[of] p2a: Corviknight\n|faint|p2a: Corviknight\n|faint|p1a: Crawdaunt\n|\n|upkeep\n|c|\u2606alternate amount|gg\n|c|\u2606Rorschach I|gg\n|\n|switch|p1a: Zeraora|Zeraora|78\/100 psn\n|switch|p2a: Excadrill|Excadrill, M|20\/100\n|-ability|p2a: Excadrill|Mold Breaker\n|turn|50\n|\n|move|p2a: Excadrill|Earthquake|p1a: Zeraora\n|-supereffective|p1a: Zeraora\n|-damage|p1a: Zeraora|0 fnt\n|faint|p1a: Zeraora\n|\n|win|alternate amount\n|l|\u2606alternate amount\n","uploadtime":1589480138,"views":161,"p1id":"rorschachi","p2id":"alternateamount","formatid":"gen8ou","rating":0,"private":0,"password":null}