{"id":"gen8randombattle-1519518907","p1":"Awing3382","p2":"Chaud74","format":"gen8randombattle","log":"|j|\u2606Awing3382\n|j|\u2606Chaud74\n|t:|1645920860\n|gametype|singles\n|player|p1|Awing3382|selene|1966\n|player|p2|Chaud74|169|2028\n|teamsize|p1|6\n|teamsize|p2|6\n|gen|8\n|tier|[Gen 8] Random Battle\n|rated|\n|rule|Species Clause: Limit one of each Pok\u00e9mon\n|rule|HP Percentage Mod: HP is shown in percentages\n|rule|Sleep Clause Mod: Limit one foe put to sleep\n|\n|t:|1645920860\n|start\n|switch|p1a: Urshifu|Urshifu, L76, M|277\/277\n|switch|p2a: Metagross|Metagross, L79|256\/256\n|turn|1\n|inactive|Battle timer is ON: inactive players will automatically lose when time's up. (requested by Chaud74)\n|\n|t:|1645920881\n|switch|p2a: Conkeldurr|Conkeldurr, L80, F|299\/299\n|move|p1a: Urshifu|Bulk Up|p1a: Urshifu\n|-boost|p1a: Urshifu|atk|1\n|-boost|p1a: Urshifu|def|1\n|\n|-status|p2a: Conkeldurr|brn|[from] item: Flame Orb\n|upkeep\n|turn|2\n|\n|t:|1645920890\n|move|p1a: Urshifu|Substitute|p1a: Urshifu\n|-start|p1a: Urshifu|Substitute\n|-damage|p1a: Urshifu|208\/277\n|move|p2a: Conkeldurr|Close Combat|p1a: Urshifu\n|-supereffective|p1a: Urshifu\n|-end|p1a: Urshifu|Substitute\n|-unboost|p2a: Conkeldurr|def|1\n|-unboost|p2a: Conkeldurr|spd|1\n|\n|-heal|p1a: Urshifu|225\/277|[from] item: Leftovers\n|-damage|p2a: Conkeldurr|281\/299 brn|[from] brn\n|upkeep\n|turn|3\n|\n|t:|1645920900\n|move|p2a: Conkeldurr|Mach Punch|p1a: Urshifu\n|-supereffective|p1a: Urshifu\n|-crit|p1a: Urshifu\n|-damage|p1a: Urshifu|0 fnt\n|faint|p1a: Urshifu\n|\n|-damage|p2a: Conkeldurr|263\/299 brn|[from] brn\n|upkeep\n|\n|t:|1645920908\n|switch|p1a: Scyther|Scyther, L81, F|246\/246\n|turn|4\n|\n|t:|1645920914\n|move|p1a: Scyther|Dual Wingbeat|p2a: Conkeldurr\n|-supereffective|p2a: Conkeldurr\n|-damage|p2a: Conkeldurr|59\/299 brn\n|-supereffective|p2a: Conkeldurr\n|-damage|p2a: Conkeldurr|0 fnt\n|faint|p2a: Conkeldurr\n|-hitcount|p2: Conkeldurr|2\n|\n|upkeep\n|\n|t:|1645920925\n|switch|p2a: Coalossal|Coalossal, L87, F|333\/333\n|turn|5\n|\n|t:|1645920934\n|switch|p1a: Regirock|Regirock, L85|275\/275\n|move|p2a: Coalossal|Stealth Rock|p1a: Regirock\n|-sidestart|p1: Awing3382|move: Stealth Rock\n|\n|upkeep\n|turn|6\n|\n|t:|1645920947\n|switch|p2a: Toxicroak|Toxicroak, L84, M|277\/277\n|move|p1a: Regirock|Curse|p1a: Regirock\n|-unboost|p1a: Regirock|spe|1\n|-boost|p1a: Regirock|atk|1\n|-boost|p1a: Regirock|def|1\n|\n|upkeep\n|turn|7\n|\n|t:|1645920953\n|move|p2a: Toxicroak|Swords Dance|p2a: Toxicroak\n|-boost|p2a: Toxicroak|atk|2\n|move|p1a: Regirock|Curse|p1a: Regirock\n|-unboost|p1a: Regirock|spe|1\n|-boost|p1a: Regirock|atk|1\n|-boost|p1a: Regirock|def|1\n|\n|upkeep\n|turn|8\n|\n|t:|1645920960\n|move|p2a: Toxicroak|Swords Dance|p2a: Toxicroak\n|-boost|p2a: Toxicroak|atk|2\n|move|p1a: Regirock|Earthquake|p2a: Toxicroak\n|-supereffective|p2a: Toxicroak\n|-damage|p2a: Toxicroak|0 fnt\n|faint|p2a: Toxicroak\n|\n|upkeep\n|\n|t:|1645920974\n|switch|p2a: Rotom|Rotom-Frost, L84|221\/221\n|turn|9\n|\n|t:|1645920985\n|move|p2a: Rotom|Thunderbolt|p1a: Regirock\n|-damage|p1a: Regirock|187\/275\n|move|p1a: Regirock|Rock Slide|p2a: Rotom\n|-supereffective|p2a: Rotom\n|-damage|p2a: Rotom|0 fnt\n|faint|p2a: Rotom\n|\n|upkeep\n|\n|t:|1645920992\n|switch|p2a: Alakazam|Alakazam, L78, F|214\/214\n|turn|10\n|\n|t:|1645921003\n|move|p2a: Alakazam|Focus Blast|p1a: Regirock\n|-supereffective|p1a: Regirock\n|-damage|p1a: Regirock|0 fnt\n|faint|p1a: Regirock\n|\n|upkeep\n|\n|t:|1645921011\n|switch|p1a: Gourgeist|Gourgeist-Super, L84, M|280\/280\n|-damage|p1a: Gourgeist|245\/280|[from] Stealth Rock\n|-item|p2a: Alakazam|Life Orb|[from] ability: Frisk|[of] p1a: Gourgeist|[identify]\n|turn|11\n|\n|t:|1645921021\n|move|p2a: Alakazam|Shadow Ball|p1a: Gourgeist\n|-supereffective|p1a: Gourgeist\n|-damage|p1a: Gourgeist|50\/280\n|move|p1a: Gourgeist|Poltergeist|p2a: Alakazam|[miss]\n|-miss|p1a: Gourgeist|p2a: Alakazam\n|\n|upkeep\n|turn|12\n|\n|t:|1645921028\n|move|p2a: Alakazam|Psychic|p1a: Gourgeist\n|-damage|p1a: Gourgeist|0 fnt\n|faint|p1a: Gourgeist\n|\n|upkeep\n|\n|t:|1645921030\n|switch|p1a: Sharpedo|Sharpedo, L82, F|249\/249\n|-damage|p1a: Sharpedo|218\/249|[from] Stealth Rock\n|turn|13\n|\n|t:|1645921037\n|switch|p2a: Metagross|Metagross, L79|256\/256\n|move|p1a: Sharpedo|Protect||[still]\n|-fail|p1a: Sharpedo\n|\n|-ability|p1a: Sharpedo|Speed Boost|boost\n|-boost|p1a: Sharpedo|spe|1\n|upkeep\n|turn|14\n|\n|t:|1645921047\n|-start|p1a: Sharpedo|Dynamax\n|-heal|p1a: Sharpedo|436\/498|[silent]\n|move|p1a: Sharpedo|Max Geyser|p2a: Metagross\n|-damage|p2a: Metagross|53\/256\n|-weather|RainDance\n|-damage|p1a: Sharpedo|412\/498|[from] item: Life Orb\n|move|p2a: Metagross|Thunder Punch|p1a: Sharpedo\n|-supereffective|p1a: Sharpedo\n|-damage|p1a: Sharpedo|188\/498\n|\n|-weather|RainDance|[upkeep]\n|-ability|p1a: Sharpedo|Speed Boost|boost\n|-boost|p1a: Sharpedo|spe|1\n|upkeep\n|turn|15\n|\n|t:|1645921063\n|switch|p2a: Coalossal|Coalossal, L87, F|333\/333\n|move|p1a: Sharpedo|Max Knuckle|p2a: Coalossal\n|-supereffective|p2a: Coalossal\n|-damage|p2a: Coalossal|193\/333\n|-boost|p1a: Sharpedo|atk|1\n|-damage|p1a: Sharpedo|164\/498|[from] item: Life Orb\n|\n|-weather|RainDance|[upkeep]\n|-ability|p1a: Sharpedo|Speed Boost|boost\n|-boost|p1a: Sharpedo|spe|1\n|upkeep\n|turn|16\n|\n|t:|1645921075\n|switch|p2a: Metagross|Metagross, L79|53\/256\n|move|p1a: Sharpedo|Max Geyser|p2a: Metagross\n|-damage|p2a: Metagross|0 fnt\n|faint|p2a: Metagross\n|-damage|p1a: Sharpedo|140\/498|[from] item: Life Orb\n|\n|-weather|RainDance|[upkeep]\n|-ability|p1a: Sharpedo|Speed Boost|boost\n|-boost|p1a: Sharpedo|spe|1\n|-end|p1a: Sharpedo|Dynamax\n|-heal|p1a: Sharpedo|70\/249|[silent]\n|upkeep\n|\n|t:|1645921087\n|switch|p2a: Alakazam|Alakazam, L78, F|214\/214\n|turn|17\n|\n|t:|1645921092\n|-start|p2a: Alakazam|Dynamax\n|-heal|p2a: Alakazam|428\/428|[silent]\n|move|p1a: Sharpedo|Crunch|p2a: Alakazam\n|-supereffective|p2a: Alakazam\n|-damage|p2a: Alakazam|0 fnt\n|faint|p2a: Alakazam\n|-damage|p1a: Sharpedo|46\/249|[from] item: Life Orb\n|\n|-weather|RainDance|[upkeep]\n|-ability|p1a: Sharpedo|Speed Boost|boost\n|-boost|p1a: Sharpedo|spe|1\n|upkeep\n|-message|Chaud74 forfeited.\n|\n|win|Awing3382\n|raw|Awing3382's rating: 1966 &rarr; <strong>1990<\/strong><br \/>(+24 for winning)\n|raw|Chaud74's rating: 2028 &rarr; <strong>2004<\/strong><br \/>(-24 for losing)\n|l|\u2606Chaud74\n|c|\u2606Awing3382|gg\n||Ladder isn't responding, score probably updated but might not have (Request timeout).\n","inputlog":">version 4cbbdf94d72641525b7130d713438791e0e1bacf\n>start {\"formatid\":\"gen8randombattle\",\"seed\":[19452,57476,56350,27989],\"rated\":\"Rated battle\"}\n>player p1 {\"name\":\"Awing3382\",\"avatar\":\"selene\",\"rating\":1966,\"seed\":[8711,1417,35694,38748]}\n>player p2 {\"name\":\"Chaud74\",\"avatar\":\"169\",\"rating\":2028,\"seed\":[35378,46659,60269,14959]}\n>p1 move bulkup\n>p2 switch 3\n>p1 move substitute\n>p2 move closecombat\n>p1 move substitute\n>p2 move machpunch\n>p1 switch 4\n>p1 move dualwingbeat\n>p2 move facade\n>p2 switch 5\n>p1 switch 3\n>p2 move stealthrock\n>p1 move curse\n>p2 switch 6\n>p1 move curse\n>p2 move swordsdance\n>p1 move earthquake\n>p2 move swordsdance\n>p2 switch 4\n>p1 move rockslide\n>p2 move thunderbolt\n>p2 switch 2\n>p1 move earthquake\n>p2 move focusblast\n>p1 switch 2\n>p1 move poltergeist\n>p2 move shadowball\n>p1 move poltergeist\n>p2 move psychic\n>p1 switch 5\n>p1 move protect\n>p2 switch 3\n>p1 move hydropump dynamax\n>p2 move thunderpunch\n>p1 move closecombat dynamax\n>p2 switch 6\n>p1 move hydropump dynamax\n>p2 switch 6\n>p2 switch 3\n>p1 move crunch\n>p2 move focusblast dynamax\n>forcelose p2","uploadtime":1645921100,"views":7,"p1id":"awing3382","p2id":"chaud74","formatid":"gen8randombattle","rating":1990,"private":0,"password":null}