{"id":"gen8bdspou-1464827950","p1":"Apex_L3o","p2":"Arcangel666","format":"gen8bdspou","log":"|html|<div class=\"broadcast-blue\"><strong>[Gen 8 BDSP] OU is currently suspecting Latios! For information on how to participate check out the <a href=\"https:\/\/www.smogon.com\/forums\/threads\/np-bdsp-ou-suspect-process-round-1-mr-blue-sky.3694109\/\">suspect thread<\/a>.<\/strong><\/div>\n|j|\u2606Apex_L3o\n|j|\u2606Arcangel666\n|t:|1638408446\n|gametype|singles\n|player|p1|Apex_L3o|cynthia|1056\n|player|p2|Arcangel666|grimsley|1000\n|teamsize|p1|6\n|teamsize|p2|6\n|gen|8\n|tier|[Gen 8 BDSP] OU\n|rated|\n|rule|Sleep Clause Mod: Limit one foe put to sleep\n|rule|Species Clause: Limit one of each Pok\u00e9mon\n|rule|OHKO Clause: OHKO moves are banned\n|rule|Evasion Moves Clause: Evasion moves are banned\n|rule|Endless Battle Clause: Forcing endless battles is banned\n|rule|HP Percentage Mod: HP is shown in percentages\n|clearpoke\n|poke|p1|Hippowdon, F|\n|poke|p1|Garchomp, M|\n|poke|p1|Rotom-Wash|\n|poke|p1|Tyranitar, F|\n|poke|p1|Slowbro, M|\n|poke|p1|Honchkrow, F|\n|poke|p2|Garchomp, M|\n|poke|p2|Glaceon, F|\n|poke|p2|Infernape, M|\n|poke|p2|Blastoise, F|\n|poke|p2|Bronzong|\n|poke|p2|Togekiss, F|\n|teampreview\n|\n|t:|1638408456\n|start\n|switch|p1a: Rotom|Rotom-Wash|100\/100\n|switch|p2a: Infernape|Infernape, M|100\/100\n|turn|1\n|\n|t:|1638408466\n|move|p1a: Rotom|Hydro Pump|p2a: Infernape\n|-supereffective|p2a: Infernape\n|-damage|p2a: Infernape|0 fnt\n|faint|p2a: Infernape\n|\n|upkeep\n|\n|t:|1638408471\n|switch|p2a: Bronzong|Bronzong, shiny|100\/100\n|turn|2\n|\n|t:|1638408485\n|switch|p1a: Honchkrow|Honchkrow, F|100\/100\n|move|p2a: Bronzong|Stealth Rock|p1a: Honchkrow\n|-sidestart|p1: Apex_L3o|move: Stealth Rock\n|\n|upkeep\n|turn|3\n|\n|t:|1638408490\n|switch|p2a: Togekiss|Togekiss, F, shiny|100\/100\n|move|p1a: Honchkrow|Night Slash|p2a: Togekiss\n|-resisted|p2a: Togekiss\n|-damage|p2a: Togekiss|74\/100\n|-damage|p1a: Honchkrow|91\/100|[from] item: Life Orb\n|\n|upkeep\n|turn|4\n|\n|t:|1638408507\n|switch|p2a: Garchomp|Garchomp, M, shiny|100\/100\n|switch|p1a: Rotom|Rotom-Wash|100\/100\n|-damage|p1a: Rotom|88\/100|[from] Stealth Rock\n|\n|upkeep\n|turn|5\n|\n|t:|1638408518\n|switch|p2a: Glaceon|Glaceon, F, shiny|100\/100\n|move|p1a: Rotom|Will-O-Wisp|p2a: Glaceon\n|-status|p2a: Glaceon|brn\n|\n|-damage|p2a: Glaceon|95\/100 brn|[from] brn\n|upkeep\n|turn|6\n|\n|t:|1638408537\n|switch|p1a: Slowbro|Slowbro, M|100\/100\n|-damage|p1a: Slowbro|88\/100|[from] Stealth Rock\n|move|p2a: Glaceon|Wish|p2a: Glaceon\n|\n|-heal|p2a: Glaceon|100\/100 brn|[from] item: Leftovers\n|-damage|p2a: Glaceon|95\/100 brn|[from] brn\n|upkeep\n|turn|7\n|\n|t:|1638408545\n|move|p2a: Glaceon|Freeze-Dry|p1a: Slowbro\n|-supereffective|p1a: Slowbro\n|-damage|p1a: Slowbro|10\/100\n|-status|p1a: Slowbro|frz\n|cant|p1a: Slowbro|frz\n|\n|-heal|p2a: Glaceon|100\/100 brn|[from] move: Wish|[wisher] Glaceon\n|-damage|p2a: Glaceon|95\/100 brn|[from] brn\n|upkeep\n|turn|8\n|\n|t:|1638408550\n|move|p2a: Glaceon|Ice Beam|p1a: Slowbro\n|-resisted|p1a: Slowbro\n|-damage|p1a: Slowbro|0 fnt\n|faint|p1a: Slowbro\n|\n|-heal|p2a: Glaceon|100\/100 brn|[from] item: Leftovers\n|-damage|p2a: Glaceon|95\/100 brn|[from] brn\n|upkeep\n|\n|t:|1638408558\n|switch|p1a: Garchomp|Garchomp, M|100\/100\n|-damage|p1a: Garchomp|94\/100|[from] Stealth Rock\n|turn|9\n|\n|t:|1638408563\n|move|p1a: Garchomp|Stone Edge|p2a: Glaceon\n|-supereffective|p2a: Glaceon\n|-damage|p2a: Glaceon|26\/100 brn\n|move|p2a: Glaceon|Ice Beam|p1a: Garchomp\n|-supereffective|p1a: Garchomp\n|-damage|p1a: Garchomp|0 fnt\n|faint|p1a: Garchomp\n|\n|-heal|p2a: Glaceon|32\/100 brn|[from] item: Leftovers\n|-damage|p2a: Glaceon|26\/100 brn|[from] brn\n|upkeep\n|\n|t:|1638408570\n|switch|p1a: Tyranitar|Tyranitar, F|100\/100\n|-damage|p1a: Tyranitar|88\/100|[from] Stealth Rock\n|-weather|Sandstorm|[from] ability: Sand Stream|[of] p1a: Tyranitar\n|turn|10\n|\n|t:|1638408576\n|switch|p2a: Togekiss|Togekiss, F, shiny|74\/100\n|move|p1a: Tyranitar|Flamethrower|p2a: Togekiss\n|-damage|p2a: Togekiss|33\/100\n|\n|-weather|Sandstorm|[upkeep]\n|-damage|p2a: Togekiss|27\/100|[from] Sandstorm\n|upkeep\n|turn|11\n|\n|t:|1638408583\n|move|p2a: Togekiss|Roost|p2a: Togekiss\n|-heal|p2a: Togekiss|77\/100\n|-singleturn|p2a: Togekiss|move: Roost\n|move|p1a: Tyranitar|Flamethrower|p2a: Togekiss\n|-damage|p2a: Togekiss|38\/100\n|\n|-weather|Sandstorm|[upkeep]\n|-damage|p2a: Togekiss|32\/100|[from] Sandstorm\n|upkeep\n|turn|12\n|\n|t:|1638408589\n|move|p2a: Togekiss|Roost|p2a: Togekiss\n|-heal|p2a: Togekiss|82\/100\n|-singleturn|p2a: Togekiss|move: Roost\n|move|p1a: Tyranitar|Flamethrower|p2a: Togekiss\n|-damage|p2a: Togekiss|41\/100\n|-status|p2a: Togekiss|brn\n|\n|-weather|Sandstorm|[upkeep]\n|-damage|p2a: Togekiss|34\/100 brn|[from] Sandstorm\n|-damage|p2a: Togekiss|28\/100 brn|[from] brn\n|upkeep\n|turn|13\n|\n|t:|1638408595\n|move|p2a: Togekiss|Roost|p2a: Togekiss\n|-heal|p2a: Togekiss|78\/100 brn\n|-singleturn|p2a: Togekiss|move: Roost\n|move|p1a: Tyranitar|Flamethrower|p2a: Togekiss\n|-damage|p2a: Togekiss|37\/100 brn\n|\n|-weather|Sandstorm|[upkeep]\n|-damage|p2a: Togekiss|31\/100 brn|[from] Sandstorm\n|-damage|p2a: Togekiss|25\/100 brn|[from] brn\n|upkeep\n|-enditem|p2a: Togekiss|Iapapa Berry|[eat]\n|-heal|p2a: Togekiss|58\/100 brn|[from] item: Iapapa Berry\n|turn|14\n|\n|t:|1638408600\n|switch|p1a: Rotom|Rotom-Wash|88\/100\n|-damage|p1a: Rotom|76\/100|[from] Stealth Rock\n|move|p2a: Togekiss|Dazzling Gleam|p1a: Rotom\n|-damage|p1a: Rotom|24\/100\n|\n|-weather|none\n|-damage|p2a: Togekiss|52\/100 brn|[from] brn\n|upkeep\n|turn|15\n|\n|t:|1638408606\n|move|p1a: Rotom|Volt Switch|p2a: Togekiss\n|-supereffective|p2a: Togekiss\n|-damage|p2a: Togekiss|0 fnt\n|faint|p2a: Togekiss\n|\n|t:|1638408613\n|switch|p1a: Tyranitar|Tyranitar, F|88\/100|[from]move: Volt Switch\n|-damage|p1a: Tyranitar|76\/100|[from] Stealth Rock\n|-weather|Sandstorm|[from] ability: Sand Stream|[of] p1a: Tyranitar\n|\n|-weather|Sandstorm|[upkeep]\n|upkeep\n|\n|t:|1638408616\n|switch|p2a: Garchomp|Garchomp, M, shiny|100\/100\n|turn|16\n|\n|t:|1638408619\n|move|p2a: Garchomp|Dragon Claw|p1a: Tyranitar\n|-damage|p1a: Tyranitar|28\/100\n|-damage|p2a: Garchomp|91\/100|[from] item: Life Orb\n|move|p1a: Tyranitar|Ice Beam|p2a: Garchomp\n|-supereffective|p2a: Garchomp\n|-crit|p2a: Garchomp\n|-damage|p2a: Garchomp|0 fnt\n|faint|p2a: Garchomp\n|\n|-weather|Sandstorm|[upkeep]\n|upkeep\n|\n|t:|1638408621\n|switch|p2a: Blastoise|Blastoise, F|100\/100\n|turn|17\n|\n|t:|1638408633\n|move|p2a: Blastoise|Shell Smash|p2a: Blastoise\n|-unboost|p2a: Blastoise|def|1\n|-unboost|p2a: Blastoise|spd|1\n|-boost|p2a: Blastoise|atk|2\n|-boost|p2a: Blastoise|spa|2\n|-boost|p2a: Blastoise|spe|2\n|-enditem|p2a: Blastoise|White Herb\n|-clearnegativeboost|p2a: Blastoise|[silent]\n|move|p1a: Tyranitar|Ice Beam|p2a: Blastoise\n|-resisted|p2a: Blastoise\n|-damage|p2a: Blastoise|76\/100\n|-status|p2a: Blastoise|frz\n|\n|-weather|Sandstorm|[upkeep]\n|-damage|p2a: Blastoise|70\/100 frz|[from] Sandstorm\n|upkeep\n|turn|18\n|\n|t:|1638408637\n|switch|p1a: Rotom|Rotom-Wash|24\/100\n|-damage|p1a: Rotom|11\/100|[from] Stealth Rock\n|cant|p2a: Blastoise|frz\n|\n|-weather|Sandstorm|[upkeep]\n|-damage|p2a: Blastoise|64\/100 frz|[from] Sandstorm\n|-damage|p1a: Rotom|5\/100|[from] Sandstorm\n|upkeep\n|turn|19\n|\n|t:|1638408642\n|cant|p2a: Blastoise|frz\n|move|p1a: Rotom|Trick|p2a: Blastoise\n|-activate|p1a: Rotom|move: Trick|[of] p2a: Blastoise\n|-item|p2a: Blastoise|Choice Scarf|[from] move: Trick\n|-enditem|p1a: Rotom|Choice Scarf|[silent]|[from] move: Trick\n|\n|-weather|none\n|upkeep\n|turn|20\n|\n|t:|1638408651\n|cant|p2a: Blastoise|frz\n|move|p1a: Rotom|Volt Switch|p2a: Blastoise\n|-supereffective|p2a: Blastoise\n|-damage|p2a: Blastoise|0 fnt\n|faint|p2a: Blastoise\n|\n|t:|1638408656\n|switch|p1a: Honchkrow|Honchkrow, F|91\/100|[from]move: Volt Switch\n|-damage|p1a: Honchkrow|66\/100|[from] Stealth Rock\n|\n|upkeep\n|\n|t:|1638408660\n|switch|p2a: Glaceon|Glaceon, F, shiny|26\/100 brn\n|turn|21\n|\n|t:|1638408662\n|move|p1a: Honchkrow|Sucker Punch|p2a: Glaceon\n|-damage|p2a: Glaceon|0 fnt\n|faint|p2a: Glaceon\n|-ability|p1a: Honchkrow|Moxie|boost\n|-boost|p1a: Honchkrow|atk|1\n|-damage|p1a: Honchkrow|56\/100|[from] item: Life Orb\n|\n|upkeep\n|\n|t:|1638408665\n|switch|p2a: Bronzong|Bronzong, shiny|100\/100\n|turn|22\n|\n|t:|1638408667\n|move|p1a: Honchkrow|Night Slash|p2a: Bronzong\n|-supereffective|p2a: Bronzong\n|-damage|p2a: Bronzong|0 fnt\n|faint|p2a: Bronzong\n|-damage|p1a: Honchkrow|46\/100|[from] item: Life Orb\n|\n|win|Apex_L3o\n|raw|Apex_L3o's rating: 1056 &rarr; <strong>1083<\/strong><br \/>(+27 for winning)\n|raw|Arcangel666's rating: 1000 &rarr; <strong>1000<\/strong><br \/>(+0 for losing)\n|l|\u2606Arcangel666\n||Ladder isn't responding, score probably updated but might not have (Request timeout).\n","uploadtime":1638408678,"views":9,"p1id":"apexl3o","p2id":"arcangel666","formatid":"gen8bdspou","rating":1000,"private":0,"password":null}