{"id":"gen8nationaldex-1706954060","p1":"tringlular","p2":"tuskswagg","format":"gen8nationaldex","log":"|j|\u2606tringlular\n|j|\u2606tuskswagg\n|t:|1668035918\n|gametype|singles\n|player|p1|tringlular|psychic-gen4|\n|player|p2|tuskswagg|clerkf|\n|teamsize|p1|6\n|teamsize|p2|6\n|gen|8\n|tier|[Gen 8] National Dex\n|rule|HP Percentage Mod: HP is shown in percentages\n|rule|Endless Battle Clause: Forcing endless battles is banned\n|rule|OHKO Clause: OHKO moves are banned\n|rule|Evasion Moves Clause: Evasion moves are banned\n|rule|Species Clause: Limit one of each Pok\u00e9mon\n|rule|Dynamax Clause: You cannot dynamax\n|rule|Sleep Clause Mod: Limit one foe put to sleep\n|clearpoke\n|poke|p1|Tapu Koko|\n|poke|p1|Raichu-Alola, F|\n|poke|p1|Gliscor, M|\n|poke|p1|Amoonguss, F|\n|poke|p1|Ninetales-Alola, M|\n|poke|p1|Medicham, F|\n|poke|p2|Beedrill, M|\n|poke|p2|Swampert, M|\n|poke|p2|Thundurus-Therian, M|\n|poke|p2|Hawlucha, F|\n|poke|p2|Tapu Bulu|\n|poke|p2|Starmie|\n|teampreview\n|\n|t:|1668035950\n|start\n|switch|p1a: nutcracker|Tapu Koko|100\/100\n|switch|p2a: Swampert|Swampert, M|100\/100\n|-fieldstart|move: Electric Terrain|[from] ability: Electric Surge|[of] p1a: nutcracker\n|turn|1\n|\n|t:|1668035960\n|switch|p2a: Tapu Bulu|Tapu Bulu|100\/100\n|-fieldstart|move: Grassy Terrain|[from] ability: Grassy Surge|[of] p2a: Tapu Bulu\n|move|p1a: nutcracker|U-turn|p2a: Tapu Bulu\n|-damage|p2a: Tapu Bulu|83\/100\n|-damage|p1a: nutcracker|91\/100|[from] item: Life Orb\n|\n|t:|1668035978\n|switch|p1a: furry bait|Ninetales-Alola, M|100\/100|[from]move: U-turn\n|-weather|Hail|[from] ability: Snow Warning|[of] p1a: furry bait\n|\n|-weather|Hail|[upkeep]\n|-damage|p2a: Tapu Bulu|77\/100|[from] Hail\n|-heal|p2a: Tapu Bulu|83\/100|[from] Grassy Terrain\n|-heal|p2a: Tapu Bulu|89\/100|[from] item: Leftovers\n|upkeep\n|turn|2\n|c|\u2606tuskswagg|Here pause til we get link postsd\n|\n|t:|1668035997\n|move|p1a: furry bait|Aurora Veil|p1a: furry bait\n|-sidestart|p1: tringlular|move: Aurora Veil\n|move|p2a: Tapu Bulu|Leech Seed|p1a: furry bait\n|-start|p1a: furry bait|move: Leech Seed\n|\n|-weather|Hail|[upkeep]\n|-damage|p2a: Tapu Bulu|83\/100|[from] Hail\n|-heal|p2a: Tapu Bulu|89\/100|[from] Grassy Terrain\n|-heal|p2a: Tapu Bulu|95\/100|[from] item: Leftovers\n|-damage|p1a: furry bait|88\/100|[from] Leech Seed|[of] p2a: Tapu Bulu\n|-heal|p2a: Tapu Bulu|100\/100|[silent]\n|upkeep\n|turn|3\n|c|\u2606tuskswagg|Can you do it?\n|c|\u2606tringlular|got it\n|c|\u2606tuskswagg|Bet\n|j| v crater\n|c|\u2606tuskswagg|Back to it\n|\n|t:|1668036098\n|switch|p2a: Starmie|Starmie|100\/100\n|move|p1a: furry bait|Freeze-Dry|p2a: Starmie\n|-supereffective|p2a: Starmie\n|-damage|p2a: Starmie|56\/100\n|\n|-weather|Hail|[upkeep]\n|-damage|p2a: Starmie|50\/100|[from] Hail\n|-heal|p1a: furry bait|94\/100|[from] Grassy Terrain\n|-heal|p2a: Starmie|56\/100|[from] Grassy Terrain\n|-damage|p1a: furry bait|82\/100|[from] Leech Seed|[of] p2a: Starmie\n|-heal|p2a: Starmie|67\/100|[silent]\n|upkeep\n|turn|4\n|\n|t:|1668036127\n|switch|p2a: Tapu Bulu|Tapu Bulu|100\/100\n|move|p1a: furry bait|Freeze-Dry|p2a: Tapu Bulu\n|-supereffective|p2a: Tapu Bulu\n|-damage|p2a: Tapu Bulu|44\/100\n|\n|-weather|Hail|[upkeep]\n|-damage|p2a: Tapu Bulu|38\/100|[from] Hail\n|-heal|p1a: furry bait|88\/100|[from] Grassy Terrain\n|-heal|p2a: Tapu Bulu|44\/100|[from] Grassy Terrain\n|-heal|p2a: Tapu Bulu|50\/100|[from] item: Leftovers\n|-damage|p1a: furry bait|76\/100|[from] Leech Seed|[of] p2a: Tapu Bulu\n|-heal|p2a: Tapu Bulu|60\/100|[silent]\n|upkeep\n|turn|5\n|\n|t:|1668036141\n|move|p2a: Tapu Bulu|Protect|p2a: Tapu Bulu\n|-singleturn|p2a: Tapu Bulu|Protect\n|move|p1a: furry bait|Freeze-Dry|p2a: Tapu Bulu\n|-activate|p2a: Tapu Bulu|move: Protect\n|\n|-weather|none\n|-heal|p1a: furry bait|82\/100|[from] Grassy Terrain\n|-heal|p2a: Tapu Bulu|66\/100|[from] Grassy Terrain\n|-heal|p2a: Tapu Bulu|73\/100|[from] item: Leftovers\n|-damage|p1a: furry bait|69\/100|[from] Leech Seed|[of] p2a: Tapu Bulu\n|-heal|p2a: Tapu Bulu|83\/100|[silent]\n|-fieldend|move: Grassy Terrain\n|upkeep\n|turn|6\n|\n|t:|1668036171\n|switch|p2a: Starmie|Starmie|67\/100\n|move|p1a: furry bait|Freeze-Dry|p2a: Starmie\n|-supereffective|p2a: Starmie\n|-damage|p2a: Starmie|21\/100\n|\n|-damage|p1a: furry bait|57\/100|[from] Leech Seed|[of] p2a: Starmie\n|-heal|p2a: Starmie|33\/100|[silent]\n|upkeep\n|turn|7\n|\n|t:|1668036181\n|switch|p2a: Tapu Bulu|Tapu Bulu|83\/100\n|-fieldstart|move: Grassy Terrain|[from] ability: Grassy Surge|[of] p2a: Tapu Bulu\n|move|p1a: furry bait|Freeze-Dry|p2a: Tapu Bulu\n|-supereffective|p2a: Tapu Bulu\n|-damage|p2a: Tapu Bulu|32\/100\n|\n|-heal|p1a: furry bait|63\/100|[from] Grassy Terrain\n|-heal|p2a: Tapu Bulu|38\/100|[from] Grassy Terrain\n|-heal|p2a: Tapu Bulu|44\/100|[from] item: Leftovers\n|-damage|p1a: furry bait|51\/100|[from] Leech Seed|[of] p2a: Tapu Bulu\n|-heal|p2a: Tapu Bulu|54\/100|[silent]\n|upkeep\n|turn|8\n|\n|t:|1668036200\n|switch|p1a: ugly|Amoonguss, F|100\/100\n|move|p2a: Tapu Bulu|Protect||[still]\n|-fail|p2a: Tapu Bulu\n|\n|-heal|p2a: Tapu Bulu|60\/100|[from] Grassy Terrain\n|-heal|p2a: Tapu Bulu|66\/100|[from] item: Leftovers\n|upkeep\n|turn|9\n|j| tikaoo\n|\n|t:|1668036222\n|move|p2a: Tapu Bulu|Dazzling Gleam|p1a: ugly\n|-resisted|p1a: ugly\n|-damage|p1a: ugly|97\/100\n|move|p1a: ugly|Spore|p2a: Tapu Bulu\n|-immune|p2a: Tapu Bulu\n|\n|-heal|p2a: Tapu Bulu|72\/100|[from] Grassy Terrain\n|-heal|p2a: Tapu Bulu|78\/100|[from] item: Leftovers\n|-heal|p1a: ugly|100\/100|[from] Grassy Terrain\n|-sideend|p1: tringlular|move: Aurora Veil\n|upkeep\n|turn|10\n|c| v crater|love the ninetales name\n|\n|t:|1668036238\n|move|p2a: Tapu Bulu|Horn Leech|p1a: ugly\n|-resisted|p1a: ugly\n|-damage|p1a: ugly|89\/100\n|-heal|p2a: Tapu Bulu|86\/100|[from] drain|[of] p1a: ugly\n|move|p1a: ugly|Sludge Bomb|p2a: Tapu Bulu\n|-supereffective|p2a: Tapu Bulu\n|-damage|p2a: Tapu Bulu|0 fnt\n|faint|p2a: Tapu Bulu\n|\n|-heal|p1a: ugly|95\/100|[from] Grassy Terrain\n|-heal|p1a: ugly|100\/100|[from] item: Black Sludge\n|upkeep\n|\n|t:|1668036244\n|switch|p2a: Hawlucha|Hawlucha, F|100\/100\n|-enditem|p2a: Hawlucha|Grassy Seed\n|-boost|p2a: Hawlucha|def|1|[from] item: Grassy Seed\n|turn|11\n|c|\u2606tuskswagg|I lose these\n|c|\u2606tuskswagg|Dw i clutch\n|\n|t:|1668036366\n|move|p2a: Hawlucha|Substitute|p2a: Hawlucha\n|-start|p2a: Hawlucha|Substitute\n|-damage|p2a: Hawlucha|76\/100\n|move|p1a: ugly|Spore||[still]\n|-fail|p1a: ugly\n|\n|-fieldend|move: Grassy Terrain\n|upkeep\n|turn|12\n|c| v crater|you got this tusk\n|c|\u2606tringlular|oh no\n|\n|t:|1668036421\n|move|p2a: Hawlucha|Swords Dance|p2a: Hawlucha\n|-boost|p2a: Hawlucha|atk|2\n|move|p1a: ugly|Sludge Bomb|p2a: Hawlucha\n|-end|p2a: Hawlucha|Substitute\n|\n|upkeep\n|turn|13\n|\n|t:|1668036431\n|move|p2a: Hawlucha|Acrobatics|p1a: ugly\n|-supereffective|p1a: ugly\n|-damage|p1a: ugly|0 fnt\n|faint|p1a: ugly\n|\n|upkeep\n|\n|t:|1668036436\n|switch|p1a: nutcracker|Tapu Koko|91\/100\n|-fieldstart|move: Electric Terrain|[from] ability: Electric Surge|[of] p1a: nutcracker\n|turn|14\n|\n|t:|1668036448\n|move|p2a: Hawlucha|Substitute|p2a: Hawlucha\n|-start|p2a: Hawlucha|Substitute\n|-damage|p2a: Hawlucha|51\/100\n|move|p1a: nutcracker|Thunderbolt|p2a: Hawlucha\n|-supereffective|p2a: Hawlucha\n|-end|p2a: Hawlucha|Substitute\n|-damage|p1a: nutcracker|81\/100|[from] item: Life Orb\n|\n|upkeep\n|turn|15\n|\n|t:|1668036455\n|move|p2a: Hawlucha|Substitute|p2a: Hawlucha\n|-start|p2a: Hawlucha|Substitute\n|-damage|p2a: Hawlucha|26\/100\n|move|p1a: nutcracker|Thunderbolt|p2a: Hawlucha\n|-supereffective|p2a: Hawlucha\n|-end|p2a: Hawlucha|Substitute\n|-damage|p1a: nutcracker|71\/100|[from] item: Life Orb\n|\n|upkeep\n|turn|16\n|\n|t:|1668036469\n|move|p2a: Hawlucha|Substitute|p2a: Hawlucha\n|-start|p2a: Hawlucha|Substitute\n|-damage|p2a: Hawlucha|1\/100\n|move|p1a: nutcracker|Thunderbolt|p2a: Hawlucha\n|-supereffective|p2a: Hawlucha\n|-end|p2a: Hawlucha|Substitute\n|-damage|p1a: nutcracker|61\/100|[from] item: Life Orb\n|\n|upkeep\n|turn|17\n|\n|t:|1668036487\n|switch|p1a: furry bait|Ninetales-Alola, M|51\/100\n|-weather|Hail|[from] ability: Snow Warning|[of] p1a: furry bait\n|move|p2a: Hawlucha|Close Combat|p1a: furry bait\n|-damage|p1a: furry bait|0 fnt\n|-unboost|p2a: Hawlucha|def|1\n|-unboost|p2a: Hawlucha|spd|1\n|faint|p1a: furry bait\n|\n|-weather|Hail|[upkeep]\n|-damage|p2a: Hawlucha|0 fnt|[from] Hail\n|faint|p2a: Hawlucha\n|upkeep\n|\n|t:|1668036512\n|switch|p1a: pink|Medicham, F|100\/100\n|switch|p2a: Starmie|Starmie|33\/100\n|turn|18\n|\n|t:|1668036527\n|switch|p2a: Swampert|Swampert, M|100\/100\n|detailschange|p1a: pink|Medicham-Mega, F\n|-mega|p1a: pink|Medicham|Medichamite\n|move|p1a: pink|Fake Out|p2a: Swampert\n|-damage|p2a: Swampert|84\/100\n|\n|-weather|Hail|[upkeep]\n|-damage|p1a: pink|94\/100|[from] Hail\n|-damage|p2a: Swampert|78\/100|[from] Hail\n|-heal|p2a: Swampert|84\/100|[from] item: Leftovers\n|-fieldend|move: Electric Terrain\n|upkeep\n|turn|19\n|\n|t:|1668036627\n|move|p1a: pink|High Jump Kick|p2a: Swampert\n|-damage|p2a: Swampert|1\/100\n|move|p2a: Swampert|Flip Turn|p1a: pink\n|-damage|p1a: pink|39\/100\n|\n|t:|1668036637\n|switch|p2a: Beedrill|Beedrill, M|100\/100|[from]move: Flip Turn\n|\n|-weather|Hail|[upkeep]\n|-damage|p1a: pink|33\/100|[from] Hail\n|-damage|p2a: Beedrill|95\/100|[from] Hail\n|upkeep\n|turn|20\n|\n|t:|1668036647\n|switch|p1a: grey|Gliscor, M|100\/100\n|detailschange|p2a: Beedrill|Beedrill-Mega, M\n|-mega|p2a: Beedrill|Beedrill|Beedrillite\n|move|p2a: Beedrill|U-turn|p1a: grey\n|-resisted|p1a: grey\n|-damage|p1a: grey|80\/100\n|\n|t:|1668036654\n|switch|p2a: Starmie|Starmie|33\/100|[from]move: U-turn\n|\n|-weather|Hail|[upkeep]\n|-damage|p2a: Starmie|27\/100|[from] Hail\n|-damage|p1a: grey|74\/100|[from] Hail\n|-status|p1a: grey|tox|[from] item: Toxic Orb\n|upkeep\n|turn|21\n|\n|t:|1668036667\n|move|p2a: Starmie|Ice Beam|p1a: grey\n|-supereffective|p1a: grey\n|-damage|p1a: grey|0 fnt\n|faint|p1a: grey\n|\n|-weather|none\n|upkeep\n|\n|t:|1668036676\n|switch|p1a: nutcracker|Tapu Koko|61\/100\n|-fieldstart|move: Electric Terrain|[from] ability: Electric Surge|[of] p1a: nutcracker\n|turn|22\n|\n|t:|1668036688\n|move|p1a: nutcracker|U-turn|p2a: Starmie\n|-supereffective|p2a: Starmie\n|-crit|p2a: Starmie\n|-damage|p2a: Starmie|0 fnt\n|faint|p2a: Starmie\n|-damage|p1a: nutcracker|51\/100|[from] item: Life Orb\n|\n|t:|1668036695\n|switch|p1a: pikachu but high|Raichu-Alola, F|100\/100|[from]move: U-turn\n|\n|upkeep\n|\n|t:|1668036703\n|switch|p2a: Thundurus|Thundurus-Therian, M|100\/100\n|turn|23\n|\n|t:|1668036719\n|move|p1a: pikachu but high|Psychic|p2a: Thundurus\n|-damage|p2a: Thundurus|28\/100\n|move|p2a: Thundurus|Sludge Wave|p1a: pikachu but high\n|-damage|p1a: pikachu but high|29\/100\n|-damage|p2a: Thundurus|19\/100|[from] item: Life Orb\n|\n|upkeep\n|turn|24\n|\n|t:|1668036732\n|move|p1a: pikachu but high|Psychic|p2a: Thundurus\n|-damage|p2a: Thundurus|0 fnt\n|faint|p2a: Thundurus\n|\n|upkeep\n|\n|t:|1668036740\n|switch|p2a: Swampert|Swampert, M|1\/100\n|turn|25\n|\n|t:|1668036743\n|move|p1a: pikachu but high|Psychic|p2a: Swampert\n|-damage|p2a: Swampert|0 fnt\n|faint|p2a: Swampert\n|\n|upkeep\n|\n|t:|1668036747\n|switch|p2a: Beedrill|Beedrill-Mega, M|95\/100\n|turn|26\n|\n|t:|1668036751\n|move|p1a: pikachu but high|Psychic|p2a: Beedrill\n|-supereffective|p2a: Beedrill\n|-damage|p2a: Beedrill|0 fnt\n|faint|p2a: Beedrill\n|\n|win|tringlular\n|c|\u2606tringlular|gg\n|c|\u2606tuskswagg|Gg\n","uploadtime":1668036761,"views":12,"p1id":"tringlular","p2id":"tuskswagg","formatid":"gen8nationaldex","rating":0,"private":0,"password":null}