{"id":"gen8nationaldex-1579134816","p1":"Kakashi gamerkid","p2":"Sir Fresh","format":"gen8nationaldex","log":"|j|\u2606Kakashi gamerkid\n|j|\u2606Sir Fresh\n|t:|1653065378\n|gametype|singles\n|player|p1|Kakashi gamerkid|266|\n|player|p2|Sir Fresh|palmer|\n|teamsize|p1|6\n|teamsize|p2|6\n|gen|8\n|tier|[Gen 8] National Dex\n|rule|HP Percentage Mod: HP is shown in percentages\n|rule|Endless Battle Clause: Forcing endless battles is banned\n|rule|OHKO Clause: OHKO moves are banned\n|rule|Evasion Moves Clause: Evasion moves are banned\n|rule|Species Clause: Limit one of each Pok\u00e9mon\n|rule|Dynamax Clause: You cannot dynamax\n|rule|Sleep Clause Mod: Limit one foe put to sleep\n|clearpoke\n|poke|p1|Tyranitar, M|\n|poke|p1|Raikou|\n|poke|p1|Scizor, M|\n|poke|p1|Blissey, F|\n|poke|p1|Skarmory, M|\n|poke|p1|Mantine, F|\n|poke|p2|Skarmory, M|\n|poke|p2|Umbreon, M|\n|poke|p2|Feraligatr, M|\n|poke|p2|Gligar, M|\n|poke|p2|Typhlosion, M|\n|poke|p2|Ampharos, F|\n|teampreview\n|inactive|Battle timer is ON: inactive players will automatically lose when time's up. (requested by Kakashi gamerkid)\n|c|\u2606Sir Fresh|Glhf\n|inactiveoff|Battle timer is now OFF.\n|c|\u2606Kakashi gamerkid|u2\n|\n|t:|1653065408\n|start\n|switch|p1a: Raikou|Raikou|100\/100\n|switch|p2a: Gligar|Gligar, M|100\/100\n|-ability|p1a: Raikou|Pressure\n|turn|1\n|j| Daviasd\n|\n|t:|1653065417\n|switch|p1a: Skarmory|Skarmory, M|100\/100\n|move|p2a: Gligar|Knock Off|p1a: Skarmory\n|-damage|p1a: Skarmory|90\/100\n|-damage|p2a: Gligar|84\/100|[from] item: Rocky Helmet|[of] p1a: Skarmory\n|-enditem|p1a: Skarmory|Rocky Helmet|[from] move: Knock Off|[of] p2a: Gligar\n|\n|upkeep\n|turn|2\n|\n|t:|1653065436\n|switch|p2a: Ampharos|Ampharos, F|100\/100\n|move|p1a: Skarmory|Spikes|p2a: Ampharos\n|-sidestart|p2: Sir Fresh|Spikes\n|\n|upkeep\n|turn|3\n|\n|t:|1653065445\n|switch|p1a: Blissey|Blissey, F|100\/100\n|detailschange|p2a: Ampharos|Ampharos-Mega, F\n|-mega|p2a: Ampharos|Ampharos|Ampharosite\n|-ability|p2a: Ampharos|Mold Breaker\n|move|p2a: Ampharos|Volt Switch|p1a: Blissey\n|-damage|p1a: Blissey|83\/100\n|\n|t:|1653065456\n|switch|p2a: Gligar|Gligar, M|84\/100|[from]move: Volt Switch\n|\n|upkeep\n|turn|4\n|j| Drew0723\n|\n|t:|1653065467\n|switch|p1a: Skarmory|Skarmory, M|90\/100\n|move|p2a: Gligar|Stealth Rock|p1a: Skarmory\n|-sidestart|p1: Kakashi gamerkid|move: Stealth Rock\n|\n|upkeep\n|turn|5\n|\n|t:|1653065473\n|switch|p2a: Ampharos|Ampharos-Mega, F|100\/100\n|-damage|p2a: Ampharos|88\/100|[from] Spikes\n|-ability|p2a: Ampharos|Mold Breaker\n|move|p1a: Skarmory|Spikes|p2a: Ampharos\n|-sidestart|p2: Sir Fresh|Spikes\n|\n|upkeep\n|turn|6\n|\n|t:|1653065486\n|switch|p1a: Blissey|Blissey, F|83\/100\n|move|p2a: Ampharos|Volt Switch|p1a: Blissey\n|-damage|p1a: Blissey|66\/100\n|\n|t:|1653065489\n|switch|p2a: Skarmory|Skarmory, M|100\/100|[from]move: Volt Switch\n|\n|upkeep\n|turn|7\n|\n|t:|1653065494\n|move|p2a: Skarmory|Body Press|p1a: Blissey\n|-supereffective|p1a: Blissey\n|-damage|p1a: Blissey|12\/100\n|move|p1a: Blissey|Soft-Boiled|p1a: Blissey\n|-heal|p1a: Blissey|62\/100\n|\n|upkeep\n|turn|8\n|\n|t:|1653065504\n|switch|p1a: Mantine|Mantine, F|100\/100\n|move|p2a: Skarmory|Body Press|p1a: Mantine\n|-resisted|p1a: Mantine\n|-damage|p1a: Mantine|85\/100\n|\n|upkeep\n|turn|9\n|\n|t:|1653065511\n|switch|p2a: Umbreon|Umbreon, M|100\/100\n|-damage|p2a: Umbreon|84\/100|[from] Spikes\n|move|p1a: Mantine|Scald|p2a: Umbreon\n|-damage|p2a: Umbreon|72\/100\n|\n|-heal|p2a: Umbreon|78\/100|[from] item: Leftovers\n|upkeep\n|turn|10\n|\n|t:|1653065525\n|switch|p1a: Blissey|Blissey, F|62\/100\n|move|p2a: Umbreon|Wish|p2a: Umbreon\n|\n|-heal|p2a: Umbreon|84\/100|[from] item: Leftovers\n|upkeep\n|turn|11\n|\n|t:|1653065533\n|switch|p2a: Gligar|Gligar, M|84\/100\n|move|p1a: Blissey|Teleport|p1a: Blissey\n|\n|t:|1653065542\n|switch|p1a: Mantine|Mantine, F|85\/100|[from]move: Teleport\n|\n|-heal|p2a: Gligar|100\/100|[from] move: Wish|[wisher] Umbreon\n|upkeep\n|turn|12\n|\n|t:|1653065552\n|move|p2a: Gligar|Knock Off|p1a: Mantine\n|-damage|p1a: Mantine|67\/100\n|-enditem|p1a: Mantine|Heavy-Duty Boots|[from] move: Knock Off|[of] p2a: Gligar\n|move|p1a: Mantine|Scald|p2a: Gligar\n|-supereffective|p2a: Gligar\n|-damage|p2a: Gligar|59\/100\n|\n|upkeep\n|turn|13\n|\n|t:|1653065567\n|move|p2a: Gligar|Roost|p2a: Gligar\n|-heal|p2a: Gligar|100\/100\n|-singleturn|p2a: Gligar|move: Roost\n|move|p1a: Mantine|Defog|p2a: Gligar\n|-unboost|p2a: Gligar|evasion|1\n|-sideend|p2: Sir Fresh|Spikes|[from] move: Defog|[of] p1a: Mantine\n|-sideend|p1: Kakashi gamerkid|Stealth Rock|[from] move: Defog|[of] p1a: Mantine\n|\n|upkeep\n|turn|14\n|\n|t:|1653065580\n|switch|p2a: Ampharos|Ampharos-Mega, F|88\/100\n|-ability|p2a: Ampharos|Mold Breaker\n|move|p1a: Mantine|Roost|p1a: Mantine\n|-heal|p1a: Mantine|100\/100\n|-singleturn|p1a: Mantine|move: Roost\n|\n|upkeep\n|turn|15\n|\n|t:|1653065600\n|switch|p1a: Scizor|Scizor, M|100\/100\n|move|p2a: Ampharos|Focus Blast|p1a: Scizor\n|-damage|p1a: Scizor|20\/100\n|\n|upkeep\n|turn|16\n|\n|t:|1653065608\n|switch|p2a: Skarmory|Skarmory, M|100\/100\n|move|p1a: Scizor|U-turn|p2a: Skarmory\n|-resisted|p2a: Skarmory\n|-damage|p2a: Skarmory|91\/100\n|-damage|p1a: Scizor|4\/100|[from] item: Rocky Helmet|[of] p2a: Skarmory\n|\n|t:|1653065615\n|switch|p1a: Raikou|Raikou|100\/100|[from]move: U-turn\n|-ability|p1a: Raikou|Pressure\n|\n|upkeep\n|turn|17\n|\n|t:|1653065620\n|switch|p2a: Umbreon|Umbreon, M|84\/100\n|move|p1a: Raikou|Volt Switch|p2a: Umbreon\n|-damage|p2a: Umbreon|68\/100\n|\n|t:|1653065631\n|switch|p1a: Scizor|Scizor, M|4\/100|[from]move: Volt Switch\n|\n|-heal|p2a: Umbreon|74\/100|[from] item: Leftovers\n|upkeep\n|turn|18\n|\n|t:|1653065637\n|switch|p1a: Raikou|Raikou|100\/100\n|-ability|p1a: Raikou|Pressure\n|switch|p2a: Skarmory|Skarmory, M|91\/100\n|\n|upkeep\n|turn|19\n|\n|t:|1653065644\n|switch|p2a: Umbreon|Umbreon, M|74\/100\n|move|p1a: Raikou|Scald|p2a: Umbreon\n|-damage|p2a: Umbreon|60\/100\n|\n|-heal|p2a: Umbreon|66\/100|[from] item: Leftovers\n|upkeep\n|turn|20\n|\n|t:|1653065649\n|move|p1a: Raikou|Volt Switch|p2a: Umbreon\n|-damage|p2a: Umbreon|50\/100\n|\n|t:|1653065653\n|switch|p1a: Tyranitar|Tyranitar, M|100\/100|[from]move: Volt Switch\n|-weather|Sandstorm|[from] ability: Sand Stream|[of] p1a: Tyranitar\n|move|p2a: Umbreon|Wish|p2a: Umbreon\n|\n|-weather|Sandstorm|[upkeep]\n|-damage|p2a: Umbreon|44\/100|[from] Sandstorm\n|-heal|p2a: Umbreon|50\/100|[from] item: Leftovers\n|upkeep\n|turn|21\n|\n|t:|1653065658\n|detailschange|p1a: Tyranitar|Tyranitar-Mega, M\n|-mega|p1a: Tyranitar|Tyranitar|Tyranitarite\n|move|p2a: Umbreon|Protect|p2a: Umbreon\n|-singleturn|p2a: Umbreon|Protect\n|move|p1a: Tyranitar|Dragon Dance|p1a: Tyranitar\n|-boost|p1a: Tyranitar|atk|1\n|-boost|p1a: Tyranitar|spe|1\n|\n|-weather|Sandstorm|[upkeep]\n|-damage|p2a: Umbreon|44\/100|[from] Sandstorm\n|-heal|p2a: Umbreon|94\/100|[from] move: Wish|[wisher] Umbreon\n|-heal|p2a: Umbreon|99\/100|[from] item: Leftovers\n|upkeep\n|turn|22\n|\n|t:|1653065667\n|switch|p2a: Skarmory|Skarmory, M|91\/100\n|move|p1a: Tyranitar|Dragon Dance|p1a: Tyranitar\n|-boost|p1a: Tyranitar|atk|1\n|-boost|p1a: Tyranitar|spe|1\n|\n|-weather|Sandstorm|[upkeep]\n|upkeep\n|turn|23\n|\n|t:|1653065672\n|move|p1a: Tyranitar|Fire Punch|p2a: Skarmory\n|-supereffective|p2a: Skarmory\n|-damage|p2a: Skarmory|16\/100\n|-damage|p1a: Tyranitar|84\/100|[from] item: Rocky Helmet|[of] p2a: Skarmory\n|move|p2a: Skarmory|Body Press|p1a: Tyranitar\n|-supereffective|p1a: Tyranitar\n|-damage|p1a: Tyranitar|0 fnt\n|faint|p1a: Tyranitar\n|\n|-weather|Sandstorm|[upkeep]\n|upkeep\n|\n|t:|1653065679\n|switch|p1a: Raikou|Raikou|100\/100\n|-ability|p1a: Raikou|Pressure\n|turn|24\n|\n|t:|1653065684\n|switch|p2a: Umbreon|Umbreon, M|99\/100\n|move|p1a: Raikou|Volt Switch|p2a: Umbreon\n|-damage|p2a: Umbreon|83\/100\n|\n|t:|1653065691\n|switch|p1a: Scizor|Scizor, M|4\/100|[from]move: Volt Switch\n|\n|-weather|none\n|-heal|p2a: Umbreon|90\/100|[from] item: Leftovers\n|upkeep\n|turn|25\n|\n|t:|1653065695\n|switch|p2a: Skarmory|Skarmory, M|16\/100\n|move|p1a: Scizor|Bug Bite|p2a: Skarmory\n|-resisted|p2a: Skarmory\n|-damage|p2a: Skarmory|4\/100\n|-damage|p1a: Scizor|0 fnt|[from] item: Rocky Helmet|[of] p2a: Skarmory\n|faint|p1a: Scizor\n|\n|upkeep\n|\n|t:|1653065701\n|switch|p1a: Raikou|Raikou|100\/100\n|-ability|p1a: Raikou|Pressure\n|turn|26\n|\n|t:|1653065706\n|switch|p2a: Gligar|Gligar, M|100\/100\n|move|p1a: Raikou|Volt Switch|p2a: Gligar\n|-immune|p2a: Gligar\n|\n|upkeep\n|turn|27\n|\n|t:|1653065713\n|move|p1a: Raikou|Scald|p2a: Gligar\n|-supereffective|p2a: Gligar\n|-damage|p2a: Gligar|48\/100\n|move|p2a: Gligar|Stealth Rock|p1a: Raikou\n|-sidestart|p1: Kakashi gamerkid|move: Stealth Rock\n|\n|upkeep\n|turn|28\n|\n|t:|1653065727\n|switch|p2a: Umbreon|Umbreon, M|90\/100\n|move|p1a: Raikou|Volt Switch|p2a: Umbreon\n|-damage|p2a: Umbreon|73\/100\n|\n|t:|1653065733\n|switch|p1a: Blissey|Blissey, F|62\/100|[from]move: Volt Switch\n|\n|-heal|p2a: Umbreon|79\/100|[from] item: Leftovers\n|upkeep\n|turn|29\n|\n|t:|1653065737\n|switch|p2a: Skarmory|Skarmory, M|4\/100\n|move|p1a: Blissey|Soft-Boiled|p1a: Blissey\n|-heal|p1a: Blissey|100\/100\n|\n|upkeep\n|turn|30\n|\n|t:|1653065743\n|move|p2a: Skarmory|Roost|p2a: Skarmory\n|-heal|p2a: Skarmory|54\/100\n|-singleturn|p2a: Skarmory|move: Roost\n|move|p1a: Blissey|Teleport|p1a: Blissey\n|\n|t:|1653065745\n|switch|p1a: Raikou|Raikou|100\/100|[from]move: Teleport\n|-ability|p1a: Raikou|Pressure\n|\n|upkeep\n|turn|31\n|\n|t:|1653065753\n|switch|p2a: Umbreon|Umbreon, M|79\/100\n|move|p1a: Raikou|Thunderbolt|p2a: Umbreon\n|-damage|p2a: Umbreon|57\/100\n|\n|-heal|p2a: Umbreon|63\/100|[from] item: Leftovers\n|upkeep\n|turn|32\n|\n|t:|1653065757\n|move|p1a: Raikou|Thunderbolt|p2a: Umbreon\n|-damage|p2a: Umbreon|41\/100\n|move|p2a: Umbreon|Wish|p2a: Umbreon\n|\n|-heal|p2a: Umbreon|47\/100|[from] item: Leftovers\n|upkeep\n|turn|33\n|\n|t:|1653065769\n|switch|p1a: Skarmory|Skarmory, M|90\/100\n|-damage|p1a: Skarmory|78\/100|[from] Stealth Rock\n|move|p2a: Umbreon|Foul Play|p1a: Skarmory\n|-damage|p1a: Skarmory|61\/100\n|\n|-heal|p2a: Umbreon|97\/100|[from] move: Wish|[wisher] Umbreon\n|-heal|p2a: Umbreon|100\/100|[from] item: Leftovers\n|upkeep\n|turn|34\n|\n|t:|1653065776\n|switch|p1a: Raikou|Raikou|100\/100\n|-ability|p1a: Raikou|Pressure\n|switch|p2a: Ampharos|Ampharos-Mega, F|88\/100\n|-ability|p2a: Ampharos|Mold Breaker\n|\n|upkeep\n|turn|35\n|\n|t:|1653065786\n|move|p1a: Raikou|Volt Switch|p2a: Ampharos\n|-resisted|p2a: Ampharos\n|-damage|p2a: Ampharos|81\/100\n|\n|t:|1653065790\n|switch|p1a: Blissey|Blissey, F|100\/100|[from]move: Volt Switch\n|move|p2a: Ampharos|Dragon Pulse|p1a: Blissey\n|-damage|p1a: Blissey|78\/100\n|\n|upkeep\n|turn|36\n|\n|t:|1653065847\n|move|p1a: Blissey|Toxic|p2a: Ampharos\n|-status|p2a: Ampharos|tox\n|move|p2a: Ampharos|Focus Blast|p1a: Blissey\n|-supereffective|p1a: Blissey\n|-damage|p1a: Blissey|40\/100\n|\n|-damage|p2a: Ampharos|75\/100 tox|[from] psn\n|upkeep\n|turn|37\n|\n|t:|1653065861\n|switch|p2a: Umbreon|Umbreon, M|100\/100\n|move|p1a: Blissey|Soft-Boiled|p1a: Blissey\n|-heal|p1a: Blissey|90\/100\n|\n|upkeep\n|turn|38\n|\n|t:|1653065865\n|move|p2a: Umbreon|Heal Bell|p2a: Umbreon\n|-activate|p2a: Umbreon|move: Heal Bell\n|-curestatus|p2: Ampharos|tox|[msg]\n|move|p1a: Blissey|Toxic|p2a: Umbreon\n|-status|p2a: Umbreon|tox\n|-activate|p2a: Umbreon|ability: Synchronize\n|-status|p1a: Blissey|tox\n|\n|-damage|p2a: Umbreon|94\/100 tox|[from] psn\n|-damage|p1a: Blissey|84\/100 tox|[from] psn\n|upkeep\n|turn|39\n|\n|t:|1653065869\n|move|p2a: Umbreon|Wish|p2a: Umbreon\n|move|p1a: Blissey|Teleport|p1a: Blissey\n|\n|t:|1653065875\n|-curestatus|p1a: Blissey|tox|[from] ability: Natural Cure\n|switch|p1a: Skarmory|Skarmory, M|61\/100|[from]move: Teleport\n|-damage|p1a: Skarmory|48\/100|[from] Stealth Rock\n|\n|-heal|p2a: Umbreon|100\/100 tox|[from] item: Leftovers\n|-damage|p2a: Umbreon|88\/100 tox|[from] psn\n|upkeep\n|turn|40\n|\n|t:|1653065881\n|switch|p1a: Blissey|Blissey, F|84\/100\n|switch|p2a: Skarmory|Skarmory, M|54\/100\n|\n|-heal|p2a: Skarmory|100\/100|[from] move: Wish|[wisher] Umbreon\n|upkeep\n|turn|41\n|\n|t:|1653065886\n|move|p2a: Skarmory|Body Press|p1a: Blissey\n|-supereffective|p1a: Blissey\n|-damage|p1a: Blissey|23\/100\n|move|p1a: Blissey|Soft-Boiled|p1a: Blissey\n|-heal|p1a: Blissey|73\/100\n|\n|upkeep\n|turn|42\n|\n|t:|1653065894\n|switch|p1a: Skarmory|Skarmory, M|48\/100\n|-damage|p1a: Skarmory|36\/100|[from] Stealth Rock\n|move|p2a: Skarmory|Body Press|p1a: Skarmory\n|-damage|p1a: Skarmory|18\/100\n|\n|upkeep\n|turn|43\n|\n|t:|1653065899\n|move|p1a: Skarmory|Roost|p1a: Skarmory\n|-heal|p1a: Skarmory|68\/100\n|-singleturn|p1a: Skarmory|move: Roost\n|move|p2a: Skarmory|Iron Defense|p2a: Skarmory\n|-boost|p2a: Skarmory|def|2\n|\n|upkeep\n|turn|44\n|\n|t:|1653065911\n|switch|p1a: Mantine|Mantine, F|100\/100\n|-damage|p1a: Mantine|76\/100|[from] Stealth Rock\n|move|p2a: Skarmory|Body Press|p1a: Mantine\n|-resisted|p1a: Mantine\n|-crit|p1a: Mantine\n|-damage|p1a: Mantine|34\/100\n|\n|upkeep\n|turn|45\n|\n|t:|1653065917\n|switch|p2a: Ampharos|Ampharos-Mega, F|75\/100\n|-ability|p2a: Ampharos|Mold Breaker\n|move|p1a: Mantine|Roost|p1a: Mantine\n|-heal|p1a: Mantine|84\/100\n|-singleturn|p1a: Mantine|move: Roost\n|\n|upkeep\n|turn|46\n|\n|t:|1653065922\n|switch|p1a: Blissey|Blissey, F|73\/100\n|move|p2a: Ampharos|Volt Switch|p1a: Blissey\n|-damage|p1a: Blissey|54\/100\n|\n|t:|1653065928\n|switch|p2a: Feraligatr|Feraligatr, M|100\/100|[from]move: Volt Switch\n|\n|upkeep\n|turn|47\n|\n|t:|1653065933\n|move|p2a: Feraligatr|Dragon Dance|p2a: Feraligatr\n|-boost|p2a: Feraligatr|atk|1\n|-boost|p2a: Feraligatr|spe|1\n|move|p1a: Blissey|Toxic|p2a: Feraligatr\n|-status|p2a: Feraligatr|tox\n|\n|-damage|p2a: Feraligatr|94\/100 tox|[from] psn\n|upkeep\n|turn|48\n|\n|t:|1653065939\n|switch|p1a: Skarmory|Skarmory, M|68\/100\n|-damage|p1a: Skarmory|56\/100|[from] Stealth Rock\n|move|p2a: Feraligatr|Dragon Dance|p2a: Feraligatr\n|-boost|p2a: Feraligatr|atk|1\n|-boost|p2a: Feraligatr|spe|1\n|\n|-damage|p2a: Feraligatr|82\/100 tox|[from] psn\n|upkeep\n|turn|49\n|\n|t:|1653065942\n|move|p2a: Feraligatr|Crunch|p1a: Skarmory\n|-damage|p1a: Skarmory|6\/100\n|move|p1a: Skarmory|Roost|p1a: Skarmory\n|-heal|p1a: Skarmory|56\/100\n|-singleturn|p1a: Skarmory|move: Roost\n|\n|-damage|p2a: Feraligatr|64\/100 tox|[from] psn\n|upkeep\n|turn|50\n|\n|t:|1653065949\n|switch|p1a: Mantine|Mantine, F|84\/100\n|-damage|p1a: Mantine|59\/100|[from] Stealth Rock\n|move|p2a: Feraligatr|Waterfall|p1a: Mantine\n|-heal|p1a: Mantine|84\/100|[from] ability: Water Absorb|[of] p2a: Feraligatr\n|\n|-damage|p2a: Feraligatr|39\/100 tox|[from] psn\n|upkeep\n|turn|51\n|\n|t:|1653065981\n|move|p2a: Feraligatr|Crunch|p1a: Mantine\n|-damage|p1a: Mantine|0 fnt\n|faint|p1a: Mantine\n|\n|-damage|p2a: Feraligatr|9\/100 tox|[from] psn\n|upkeep\n|\n|t:|1653065984\n|switch|p1a: Skarmory|Skarmory, M|56\/100\n|-damage|p1a: Skarmory|44\/100|[from] Stealth Rock\n|turn|52\n|\n|t:|1653066030\n|move|p2a: Feraligatr|Waterfall|p1a: Skarmory\n|-damage|p1a: Skarmory|0 fnt\n|faint|p1a: Skarmory\n|\n|-damage|p2a: Feraligatr|0 fnt|[from] psn\n|faint|p2a: Feraligatr\n|upkeep\n|\n|t:|1653066054\n|switch|p2a: Typhlosion|Typhlosion, M|100\/100\n|switch|p1a: Blissey|Blissey, F|54\/100\n|turn|53\n|\n|t:|1653066061\n|switch|p2a: Gligar|Gligar, M|48\/100\n|move|p1a: Blissey|Soft-Boiled|p1a: Blissey\n|-heal|p1a: Blissey|100\/100\n|\n|upkeep\n|turn|54\n|\n|t:|1653066066\n|move|p2a: Gligar|Knock Off|p1a: Blissey\n|-damage|p1a: Blissey|85\/100\n|-enditem|p1a: Blissey|Heavy-Duty Boots|[from] move: Knock Off|[of] p2a: Gligar\n|move|p1a: Blissey|Seismic Toss|p2a: Gligar\n|-damage|p2a: Gligar|18\/100\n|\n|upkeep\n|turn|55\n|\n|t:|1653066074\n|move|p2a: Gligar|Roost|p2a: Gligar\n|-heal|p2a: Gligar|68\/100\n|-singleturn|p2a: Gligar|move: Roost\n|move|p1a: Blissey|Seismic Toss|p2a: Gligar\n|-damage|p2a: Gligar|38\/100\n|\n|upkeep\n|turn|56\n|\n|t:|1653066078\n|move|p2a: Gligar|Roost|p2a: Gligar\n|-heal|p2a: Gligar|88\/100\n|-singleturn|p2a: Gligar|move: Roost\n|move|p1a: Blissey|Seismic Toss|p2a: Gligar\n|-damage|p2a: Gligar|58\/100\n|\n|upkeep\n|turn|57\n|c|\u2606Kakashi gamerkid|can i forfiet?\n|\n|t:|1653066093\n|move|p2a: Gligar|Roost|p2a: Gligar\n|-heal|p2a: Gligar|100\/100\n|-singleturn|p2a: Gligar|move: Roost\n|move|p1a: Blissey|Seismic Toss|p2a: Gligar\n|-damage|p2a: Gligar|71\/100\n|\n|upkeep\n|turn|58\n|c|\u2606Sir Fresh|Yeah\n|\n|t:|1653066119\n|switch|p2a: Umbreon|Umbreon, M|88\/100 tox\n|move|p1a: Blissey|Toxic|p2a: Umbreon\n|-fail|p2a: Umbreon|tox\n|\n|-heal|p2a: Umbreon|94\/100 tox|[from] item: Leftovers\n|-damage|p2a: Umbreon|88\/100 tox|[from] psn\n|upkeep\n|turn|59\n|-message|Kakashi gamerkid forfeited.\n|\n|win|Sir Fresh\n|c|\u2606Kakashi gamerkid|ggs\n|c|\u2606Sir Fresh|Gg\n|l|\u2606Kakashi gamerkid\n","uploadtime":1653066131,"views":15,"p1id":"kakashigamerkid","p2id":"sirfresh","formatid":"gen8nationaldex","rating":0,"private":0,"password":null}