{"id":"gen8battlestadiumsingles-1041671517","p1":"Yuta Koido","p2":"2222mm","format":"gen8battlestadiumsingles","log":"|j|\u2606Yuta Koido\n|j|\u26062222mm\n|player|p1|Yuta Koido|hilda|1140\n|player|p2|2222mm|wallace|1089\n|teamsize|p1|6\n|teamsize|p2|6\n|gametype|singles\n|gen|8\n|tier|[Gen 8] Battle Stadium Singles\n|rated|\n|rule|Species Clause: Limit one of each Pok\u00e9mon\n|rule|Item Clause: Limit one of each item\n|clearpoke\n|poke|p1|Lucario, L50, F|\n|poke|p1|Rotom-Heat, L50|\n|poke|p1|Morpeko, L50, M|\n|poke|p1|Dragapult, L50, F|\n|poke|p1|Gyarados, L50, M|\n|poke|p1|Mudsdale, L50, M|\n|poke|p2|Clefable, L50, F|\n|poke|p2|Hippowdon, L50, M|\n|poke|p2|Excadrill, L50, M|\n|poke|p2|Dracozolt, L50|\n|poke|p2|Ferrothorn, L50, M|\n|poke|p2|Gigalith, L50, M|\n|teampreview|3\n|inactive|Battle timer is ON: inactive players will automatically lose when time's up. (requested by 2222mm)\n|\n|start\n|switch|p1a: Lucario|Lucario, L50, F|48\/48\n|switch|p2a: Clefable|Clefable, L50, F|48\/48\n|turn|1\n|\n|move|p1a: Lucario|Meteor Mash|p2a: Clefable\n|-supereffective|p2a: Clefable\n|-damage|p2a: Clefable|6\/48\n|-damage|p1a: Lucario|43\/48|[from] item: Life Orb\n|move|p2a: Clefable|Thunder Wave|p1a: Lucario\n|-status|p1a: Lucario|par\n|\n|upkeep\n|turn|2\n|\n|cant|p1a: Lucario|par\n|move|p2a: Clefable|Gravity|p2a: Clefable\n|-fieldstart|move: Gravity\n|\n|upkeep\n|turn|3\n|\n|switch|p2a: Hippowdon|Hippowdon, L50, M|48\/48\n|-weather|Sandstorm|[from] ability: Sand Stream|[of] p2a: Hippowdon\n|move|p1a: Lucario|Bullet Punch|p2a: Hippowdon\n|-damage|p2a: Hippowdon|40\/48\n|-enditem|p2a: Hippowdon|Eject Button\n|-damage|p1a: Lucario|38\/48 par|[from] item: Life Orb\n|\n|switch|p2a: Excadrill|Excadrill, L50, M|48\/48\n|\n|-weather|Sandstorm|[upkeep]\n|upkeep\n|turn|4\n|\n|switch|p1a: Gyarados|Gyarados, L50, M|48\/48\n|move|p2a: Excadrill|Earthquake|p1a: Gyarados\n|-damage|p1a: Gyarados|1\/48\n|-damage|p2a: Excadrill|43\/48|[from] item: Life Orb\n|\n|-weather|Sandstorm|[upkeep]\n|-damage|p1a: Gyarados|0 fnt|[from] Sandstorm\n|faint|p1a: Gyarados\n|upkeep\n|\n|switch|p1a: Mudsdale|Mudsdale, L50, M|48\/48\n|turn|5\n|\n|-start|p2a: Excadrill|Dynamax\n|-heal|p2a: Excadrill|43\/48|[silent]\n|-start|p1a: Mudsdale|Dynamax\n|-heal|p1a: Mudsdale|48\/48|[silent]\n|move|p2a: Excadrill|Max Quake|p1a: Mudsdale\n|-damage|p1a: Mudsdale|30\/48\n|-ability|p1a: Mudsdale|Stamina|boost\n|-boost|p1a: Mudsdale|def|1\n|-boost|p2a: Excadrill|spd|1\n|-damage|p2a: Excadrill|40\/48|[from] item: Life Orb\n|move|p1a: Mudsdale|Max Quake|p2a: Excadrill\n|-supereffective|p2a: Excadrill\n|-damage|p2a: Excadrill|5\/48\n|-boost|p1a: Mudsdale|spd|1\n|\n|-weather|Sandstorm|[upkeep]\n|upkeep\n|turn|6\n|\n|-end|p2a: Excadrill|Dynamax\n|-heal|p2a: Excadrill|5\/48|[silent]\n|switch|p2a: Clefable|Clefable, L50, F|6\/48\n|move|p1a: Mudsdale|Max Quake|p2a: Clefable\n|-damage|p2a: Clefable|0 fnt\n|-boost|p1a: Mudsdale|spd|1\n|faint|p2a: Clefable\n|\n|-weather|Sandstorm|[upkeep]\n|-fieldend|move: Gravity\n|upkeep\n|\n|switch|p2a: Hippowdon|Hippowdon, L50, M|40\/48\n|turn|7\n|\n|move|p2a: Hippowdon|Curse|p2a: Hippowdon\n|-unboost|p2a: Hippowdon|spe|1\n|-boost|p2a: Hippowdon|atk|1\n|-boost|p2a: Hippowdon|def|1\n|move|p1a: Mudsdale|Max Quake|p2a: Hippowdon\n|-damage|p2a: Hippowdon|31\/48\n|-boost|p1a: Mudsdale|spd|1\n|\n|-weather|none\n|-end|p1a: Mudsdale|Dynamax\n|-heal|p1a: Mudsdale|30\/48|[silent]\n|upkeep\n|turn|8\n|\n|move|p1a: Mudsdale|Earthquake|p2a: Hippowdon\n|-damage|p2a: Hippowdon|24\/48g\n|move|p2a: Hippowdon|Slack Off|p2a: Hippowdon\n|-heal|p2a: Hippowdon|48\/48\n|\n|upkeep\n|turn|9\n|\n|move|p1a: Mudsdale|Earthquake|p2a: Hippowdon\n|-damage|p2a: Hippowdon|41\/48\n|move|p2a: Hippowdon|Curse|p2a: Hippowdon\n|-unboost|p2a: Hippowdon|spe|1\n|-boost|p2a: Hippowdon|atk|1\n|-boost|p2a: Hippowdon|def|1\n|\n|upkeep\n|turn|10\n|\n|move|p1a: Mudsdale|Earthquake|p2a: Hippowdon\n|-damage|p2a: Hippowdon|35\/48\n|move|p2a: Hippowdon|Curse|p2a: Hippowdon\n|-unboost|p2a: Hippowdon|spe|1\n|-boost|p2a: Hippowdon|atk|1\n|-boost|p2a: Hippowdon|def|1\n|\n|upkeep\n|turn|11\n|\n|move|p1a: Mudsdale|Earthquake|p2a: Hippowdon\n|-damage|p2a: Hippowdon|31\/48\n|move|p2a: Hippowdon|Slack Off|p2a: Hippowdon\n|-heal|p2a: Hippowdon|48\/48\n|\n|upkeep\n|turn|12\n|\n|move|p1a: Mudsdale|Earthquake|p2a: Hippowdon\n|-damage|p2a: Hippowdon|43\/48\n|move|p2a: Hippowdon|Curse|p2a: Hippowdon\n|-unboost|p2a: Hippowdon|spe|1\n|-boost|p2a: Hippowdon|atk|1\n|-boost|p2a: Hippowdon|def|1\n|\n|upkeep\n|turn|13\n|\n|move|p1a: Mudsdale|Rest|p1a: Mudsdale\n|-status|p1a: Mudsdale|slp|[from] move: Rest\n|-heal|p1a: Mudsdale|48\/48 slp|[silent]\n|-enditem|p1a: Mudsdale|Chesto Berry|[eat]\n|-curestatus|p1a: Mudsdale|slp|[msg]\n|move|p2a: Hippowdon|Earthquake|p1a: Mudsdale\n|-damage|p1a: Mudsdale|22\/48\n|-ability|p1a: Mudsdale|Stamina|boost\n|-boost|p1a: Mudsdale|def|1\n|\n|upkeep\n|turn|14\n|\n|move|p1a: Mudsdale|Rest|p1a: Mudsdale\n|-status|p1a: Mudsdale|slp|[from] move: Rest\n|-heal|p1a: Mudsdale|48\/48 slp|[silent]\n|move|p2a: Hippowdon|Earthquake|p1a: Mudsdale\n|-damage|p1a: Mudsdale|29\/48 slp\n|-ability|p1a: Mudsdale|Stamina|boost\n|-boost|p1a: Mudsdale|def|1\n|\n|upkeep\n|turn|15\n|\n|cant|p1a: Mudsdale|slp\n|move|p2a: Hippowdon|Whirlwind|p1a: Mudsdale\n|drag|p1a: Lucario|Lucario, L50, F|38\/48 par\n|\n|upkeep\n|turn|16\n|\n|move|p1a: Lucario|Close Combat|p2a: Hippowdon\n|-damage|p2a: Hippowdon|36\/48\n|-unboost|p1a: Lucario|def|1\n|-unboost|p1a: Lucario|spd|1\n|-damage|p1a: Lucario|34\/48 par|[from] item: Life Orb\n|move|p2a: Hippowdon|Earthquake|p1a: Lucario\n|-supereffective|p1a: Lucario\n|-damage|p1a: Lucario|0 fnt\n|faint|p1a: Lucario\n|\n|upkeep\n|\n|switch|p1a: Mudsdale|Mudsdale, L50, M|29\/48 slp\n|turn|17\n|\n|cant|p1a: Mudsdale|slp\n|move|p2a: Hippowdon|Earthquake|p1a: Mudsdale\n|-damage|p1a: Mudsdale|0 fnt\n|faint|p1a: Mudsdale\n|\n|win|2222mm\n|raw|Yuta Koido's rating: 1140 &rarr; <strong>1112<\/strong><br \/>(-28 for losing)\n|raw|2222mm's rating: 1089 &rarr; <strong>1120<\/strong><br \/>(+31 for winning)\n|l|\u2606Yuta Koido\n","uploadtime":1578285094,"views":8,"p1id":"yutakoido","p2id":"2222mm","formatid":"gen8battlestadiumsingles","rating":1112,"private":0,"password":null}