{"id":"gen8randombattle-1675356903","p1":"Dindon Ductile","p2":"dippyg","format":"gen8randombattle","log":"|j|\u2606Dindon Ductile\n|j|\u2606dippyg\n|t:|1664667831\n|gametype|singles\n|player|p1|Dindon Ductile|bruno|1546\n|player|p2|dippyg|hugh|1568\n|teamsize|p1|6\n|teamsize|p2|6\n|gen|8\n|tier|[Gen 8] Random Battle\n|rated|\n|rule|Species Clause: Limit one of each Pok\u00e9mon\n|rule|HP Percentage Mod: HP is shown in percentages\n|rule|Sleep Clause Mod: Limit one foe put to sleep\n|\n|t:|1664667831\n|start\n|switch|p1a: Darmanitan|Darmanitan, L80, F, shiny|299\/299\n|switch|p2a: Virizion|Virizion, L82|283\/283\n|turn|1\n|\n|t:|1664667848\n|switch|p2a: Jellicent|Jellicent, L84, M|305\/305\n|move|p1a: Darmanitan|Flare Blitz|p2a: Jellicent\n|-resisted|p2a: Jellicent\n|-damage|p2a: Jellicent|162\/305\n|-damage|p1a: Darmanitan|252\/299|[from] Recoil\n|\n|-heal|p2a: Jellicent|181\/305|[from] item: Leftovers\n|upkeep\n|turn|2\n|inactive|Battle timer is ON: inactive players will automatically lose when time's up. (requested by dippyg)\n|\n|t:|1664667872\n|move|p1a: Darmanitan|Rock Slide|p2a: Jellicent\n|-damage|p2a: Jellicent|50\/305\n|move|p2a: Jellicent|Recover|p2a: Jellicent\n|-heal|p2a: Jellicent|203\/305\n|\n|-heal|p2a: Jellicent|222\/305|[from] item: Leftovers\n|upkeep\n|turn|3\n|\n|t:|1664667877\n|move|p1a: Darmanitan|Rock Slide|p2a: Jellicent|[miss]\n|-miss|p1a: Darmanitan|p2a: Jellicent\n|move|p2a: Jellicent|Recover|p2a: Jellicent\n|-heal|p2a: Jellicent|305\/305\n|\n|upkeep\n|turn|4\n|\n|t:|1664667885\n|switch|p1a: Frosmoth|Frosmoth, L82, F|249\/249\n|move|p2a: Jellicent|Scald|p1a: Frosmoth\n|-damage|p1a: Frosmoth|209\/249\n|\n|upkeep\n|turn|5\n|\n|t:|1664667890\n|move|p1a: Frosmoth|Quiver Dance|p1a: Frosmoth\n|-boost|p1a: Frosmoth|spa|1\n|-boost|p1a: Frosmoth|spd|1\n|-boost|p1a: Frosmoth|spe|1\n|move|p2a: Jellicent|Toxic|p1a: Frosmoth\n|-status|p1a: Frosmoth|tox\n|\n|-damage|p1a: Frosmoth|194\/249 tox|[from] psn\n|upkeep\n|turn|6\n|\n|t:|1664667897\n|switch|p2a: Indeedee|Indeedee, L83, M|235\/235\n|-fieldstart|move: Psychic Terrain|[from] ability: Psychic Surge|[of] p2a: Indeedee\n|move|p1a: Frosmoth|Quiver Dance|p1a: Frosmoth\n|-boost|p1a: Frosmoth|spa|1\n|-boost|p1a: Frosmoth|spd|1\n|-boost|p1a: Frosmoth|spe|1\n|\n|-damage|p1a: Frosmoth|164\/249 tox|[from] psn\n|upkeep\n|turn|7\n|\n|t:|1664667905\n|move|p1a: Frosmoth|Quiver Dance|p1a: Frosmoth\n|-boost|p1a: Frosmoth|spa|1\n|-boost|p1a: Frosmoth|spd|1\n|-boost|p1a: Frosmoth|spe|1\n|move|p2a: Indeedee|Trick|p1a: Frosmoth\n|-activate|p2a: Indeedee|move: Trick|[of] p1a: Frosmoth\n|-item|p1a: Frosmoth|Choice Scarf|[from] move: Trick\n|-item|p2a: Indeedee|Heavy-Duty Boots|[from] move: Trick\n|\n|-damage|p1a: Frosmoth|119\/249 tox|[from] psn\n|upkeep\n|turn|8\n|\n|t:|1664667913\n|move|p1a: Frosmoth|Giga Drain|p2a: Indeedee\n|-damage|p2a: Indeedee|93\/235\n|-heal|p1a: Frosmoth|190\/249 tox|[from] drain|[of] p2a: Indeedee\n|move|p2a: Indeedee|Expanding Force|p1a: Frosmoth\n|-damage|p1a: Frosmoth|158\/249 tox\n|\n|-damage|p1a: Frosmoth|98\/249 tox|[from] psn\n|upkeep\n|turn|9\n|\n|t:|1664667920\n|switch|p2a: Copperajah|Copperajah, L84, M|342\/342\n|move|p1a: Frosmoth|Giga Drain|p2a: Copperajah\n|-resisted|p2a: Copperajah\n|-damage|p2a: Copperajah|244\/342\n|-heal|p1a: Frosmoth|147\/249 tox|[from] drain|[of] p2a: Copperajah\n|\n|-damage|p1a: Frosmoth|72\/249 tox|[from] psn\n|upkeep\n|turn|10\n|\n|t:|1664667929\n|move|p1a: Frosmoth|Giga Drain|p2a: Copperajah\n|-resisted|p2a: Copperajah\n|-damage|p2a: Copperajah|146\/342\n|-heal|p1a: Frosmoth|121\/249 tox|[from] drain|[of] p2a: Copperajah\n|move|p2a: Copperajah|Heat Crash|p1a: Frosmoth\n|-supereffective|p1a: Frosmoth\n|-damage|p1a: Frosmoth|0 fnt\n|faint|p1a: Frosmoth\n|\n|-fieldend|move: Psychic Terrain\n|upkeep\n|\n|t:|1664667943\n|switch|p1a: Noivern|Noivern, L82, F|274\/274\n|turn|11\n|\n|t:|1664667952\n|move|p1a: Noivern|Hurricane|p2a: Copperajah|[miss]\n|-miss|p1a: Noivern|p2a: Copperajah\n|move|p2a: Copperajah|Heat Crash|p1a: Noivern\n|-resisted|p1a: Noivern\n|-damage|p1a: Noivern|186\/274\n|\n|upkeep\n|turn|12\n|\n|t:|1664667960\n|switch|p2a: Jellicent|Jellicent, L84, M|305\/305\n|move|p1a: Noivern|Hurricane|p2a: Jellicent\n|-damage|p2a: Jellicent|166\/305\n|\n|-heal|p2a: Jellicent|185\/305|[from] item: Leftovers\n|upkeep\n|turn|13\n|\n|t:|1664667972\n|-start|p1a: Noivern|Dynamax|\n|-heal|p1a: Noivern|372\/548|[silent]\n|move|p1a: Noivern|Max Wyrmwind|p2a: Jellicent\n|-damage|p2a: Jellicent|65\/305\n|-unboost|p2a: Jellicent|atk|1\n|move|p2a: Jellicent|Recover|p2a: Jellicent\n|-heal|p2a: Jellicent|218\/305\n|\n|-heal|p2a: Jellicent|237\/305|[from] item: Leftovers\n|upkeep\n|turn|14\n|-message|Dindon Ductile forfeited.\n|\n|win|dippyg\n|raw|Dindon Ductile's rating: 1546 &rarr; <strong>1527<\/strong><br \/>(-19 for losing)\n|raw|dippyg's rating: 1568 &rarr; <strong>1587<\/strong><br \/>(+19 for winning)\n|l|\u2606Dindon Ductile\n","inputlog":">version ada2e1bce654ffdfc9a93da4ff105a49d2af2ffc\n>start {\"formatid\":\"gen8randombattle\",\"seed\":[45548,54121,56011,33875],\"rated\":\"Rated battle\"}\n>player p1 {\"name\":\"Dindon Ductile\",\"avatar\":\"bruno\",\"rating\":1546,\"seed\":[65123,31074,43643,6788]}\n>player p2 {\"name\":\"dippyg\",\"avatar\":\"hugh\",\"rating\":1568,\"seed\":[5717,35902,4010,13247]}\n>p1 move flareblitz\n>p2 switch 5\n>p1 move rockslide\n>p2 move recover\n>p1 move rockslide\n>p2 move recover\n>p1 switch 2\n>p2 move scald\n>p1 move quiverdance\n>p2 move toxic\n>p1 move quiverdance\n>p2 switch 6\n>p1 move quiverdance\n>p2 move trick\n>p1 move gigadrain\n>p2 move expandingforce\n>p1 move gigadrain\n>p2 switch 2\n>p1 move gigadrain\n>p2 move heatcrash\n>p1 switch 4\n>p1 move hurricane\n>p2 move heatcrash\n>p1 move hurricane\n>p2 switch 6\n>p1 move dracometeor dynamax\n>p2 move recover\n>forcelose p1","uploadtime":1664667989,"views":11,"p1id":"dindonductile","p2id":"dippyg","formatid":"gen8randombattle","rating":1527,"private":0,"password":null}