{"id":"gen8ou-1663942520","p1":"Bloody Busybody","p2":"minimax_ai","format":"gen8ou","log":"|j|\u2606Bloody Busybody\n|j|\u2606minimax_ai\n|t:|1663150769\n|gametype|singles\n|player|p1|Bloody Busybody|bugcatcher|1597\n|player|p2|minimax_ai|lusamine-nihilego|1587\n|teamsize|p1|6\n|teamsize|p2|6\n|gen|8\n|tier|[Gen 8] OU\n|rated|\n|rule|Sleep Clause Mod: Limit one foe put to sleep\n|rule|Species Clause: Limit one of each Pok\u00e9mon\n|rule|OHKO Clause: OHKO moves are banned\n|rule|Evasion Items Clause: Evasion items are banned\n|rule|Evasion Moves Clause: Evasion moves are banned\n|rule|Endless Battle Clause: Forcing endless battles is banned\n|rule|HP Percentage Mod: HP is shown in percentages\n|rule|Dynamax Clause: You cannot dynamax\n|clearpoke\n|poke|p1|Volcanion|\n|poke|p1|Corviknight, M|\n|poke|p1|Landorus-Therian, M|\n|poke|p1|Blissey, F|\n|poke|p1|Weavile, M|\n|poke|p1|Tapu Fini|\n|poke|p2|Rotom-Wash|\n|poke|p2|Weavile, M|\n|poke|p2|Landorus-Therian, M|\n|poke|p2|Heatran, M|\n|poke|p2|Tangrowth, F|\n|poke|p2|Melmetal|\n|teampreview\n|inactive|Battle timer is ON: inactive players will automatically lose when time's up. (requested by Bloody Busybody)\n|\n|t:|1663150772\n|start\n|switch|p1a: Volcanion|Volcanion|100\/100\n|switch|p2a: rotomwash|Rotom-Wash|100\/100\n|turn|1\n|c|\u2606minimax_ai|hf\n|inactive|minimax_ai also wants the timer to be on.\n|c|\u2606Bloody Busybody|u2\n|\n|t:|1663150783\n|switch|p1a: Landorus|Landorus-Therian, M|100\/100\n|-ability|p1a: Landorus|Intimidate|boost\n|-unboost|p2a: rotomwash|atk|1\n|move|p2a: rotomwash|Nasty Plot|p2a: rotomwash\n|-boost|p2a: rotomwash|spa|2\n|\n|upkeep\n|turn|2\n|\n|t:|1663150785\n|switch|p1a: Blissey|Blissey, F|100\/100\n|move|p2a: rotomwash|Hydro Pump|p1a: Blissey\n|-damage|p1a: Blissey|68\/100\n|\n|upkeep\n|turn|3\n|\n|t:|1663150789\n|move|p2a: rotomwash|Nasty Plot|p2a: rotomwash\n|-boost|p2a: rotomwash|spa|2\n|move|p1a: Blissey|Toxic|p2a: rotomwash\n|-status|p2a: rotomwash|tox\n|\n|-damage|p2a: rotomwash|94\/100 tox|[from] psn\n|upkeep\n|turn|4\n|\n|t:|1663150791\n|move|p2a: rotomwash|Hydro Pump|p1a: Blissey\n|-damage|p1a: Blissey|22\/100\n|move|p1a: Blissey|Soft-Boiled|p1a: Blissey\n|-heal|p1a: Blissey|72\/100\n|\n|-heal|p2a: rotomwash|100\/100 tox|[from] item: Leftovers\n|-damage|p2a: rotomwash|88\/100 tox|[from] psn\n|upkeep\n|turn|5\n|\n|t:|1663150793\n|move|p2a: rotomwash|Hydro Pump|p1a: Blissey\n|-damage|p1a: Blissey|21\/100\n|move|p1a: Blissey|Soft-Boiled|p1a: Blissey\n|-heal|p1a: Blissey|71\/100\n|\n|-heal|p2a: rotomwash|94\/100 tox|[from] item: Leftovers\n|-damage|p2a: rotomwash|75\/100 tox|[from] psn\n|upkeep\n|turn|6\n|\n|t:|1663150795\n|move|p2a: rotomwash|Nasty Plot|p2a: rotomwash\n|-boost|p2a: rotomwash|spa|2\n|move|p1a: Blissey|Soft-Boiled|p1a: Blissey\n|-heal|p1a: Blissey|100\/100\n|\n|-heal|p2a: rotomwash|82\/100 tox|[from] item: Leftovers\n|-damage|p2a: rotomwash|57\/100 tox|[from] psn\n|upkeep\n|turn|7\n|\n|t:|1663150797\n|move|p2a: rotomwash|Pain Split|p1a: Blissey\n|-sethp|p1a: Blissey|62\/100|[from] move: Pain Split|[silent]\n|-sethp|p2a: rotomwash|100\/100 tox|[from] move: Pain Split\n|move|p1a: Blissey|Soft-Boiled|p1a: Blissey\n|-heal|p1a: Blissey|100\/100\n|\n|-damage|p2a: rotomwash|69\/100 tox|[from] psn\n|upkeep\n|turn|8\n|\n|t:|1663150801\n|move|p2a: rotomwash|Hydro Pump|p1a: Blissey\n|-damage|p1a: Blissey|35\/100\n|move|p1a: Blissey|Seismic Toss|p2a: rotomwash\n|-damage|p2a: rotomwash|36\/100 tox\n|\n|-heal|p2a: rotomwash|43\/100 tox|[from] item: Leftovers\n|-damage|p2a: rotomwash|5\/100 tox|[from] psn\n|upkeep\n|turn|9\n|\n|t:|1663150805\n|switch|p1a: Volcanion|Volcanion|100\/100\n|move|p2a: rotomwash|Pain Split|p1a: Volcanion\n|-sethp|p1a: Volcanion|52\/100|[from] move: Pain Split|[silent]\n|-sethp|p2a: rotomwash|62\/100 tox|[from] move: Pain Split\n|\n|-heal|p2a: rotomwash|69\/100 tox|[from] item: Leftovers\n|-damage|p2a: rotomwash|25\/100 tox|[from] psn\n|upkeep\n|turn|10\n|\n|t:|1663150809\n|switch|p1a: Landorus|Landorus-Therian, M|100\/100\n|-ability|p1a: Landorus|Intimidate|boost\n|-unboost|p2a: rotomwash|atk|1\n|move|p2a: rotomwash|Pain Split|p1a: Landorus\n|-sethp|p1a: Landorus|60\/100|[from] move: Pain Split|[silent]\n|-sethp|p2a: rotomwash|75\/100 tox|[from] move: Pain Split\n|\n|-heal|p2a: rotomwash|82\/100 tox|[from] item: Leftovers\n|-heal|p1a: Landorus|66\/100|[from] item: Leftovers\n|-damage|p2a: rotomwash|32\/100 tox|[from] psn\n|upkeep\n|turn|11\n|\n|t:|1663150815\n|switch|p2a: landorustherian|Landorus-Therian, M|100\/100\n|-ability|p2a: landorustherian|Intimidate|boost\n|-unboost|p1a: Landorus|atk|1\n|move|p1a: Landorus|Stealth Rock|p2a: landorustherian\n|-sidestart|p2: minimax_ai|move: Stealth Rock\n|\n|-heal|p1a: Landorus|72\/100|[from] item: Leftovers\n|upkeep\n|turn|12\n|\n|t:|1663150820\n|move|p1a: Landorus|U-turn|p2a: landorustherian\n|-resisted|p2a: landorustherian\n|-damage|p2a: landorustherian|93\/100\n|\n|t:|1663150821\n|switch|p1a: Weavile|Weavile, M|100\/100|[from]move: U-turn\n|-ability|p1a: Weavile|Pressure\n|move|p2a: landorustherian|Earthquake|p1a: Weavile\n|-damage|p1a: Weavile|18\/100\n|\n|-heal|p2a: landorustherian|99\/100|[from] item: Leftovers\n|upkeep\n|turn|13\n|\n|t:|1663150825\n|switch|p2a: rotomwash|Rotom-Wash|32\/100 tox\n|-damage|p2a: rotomwash|19\/100 tox|[from] Stealth Rock\n|move|p1a: Weavile|Knock Off|p2a: rotomwash\n|-damage|p2a: rotomwash|0 fnt\n|-enditem|p2a: rotomwash|Leftovers|[from] move: Knock Off|[of] p1a: Weavile\n|faint|p2a: rotomwash\n|\n|upkeep\n|\n|t:|1663150825\n|switch|p2a: Heatran|Heatran, M|100\/100\n|-damage|p2a: Heatran|88\/100|[from] Stealth Rock\n|-item|p2a: Heatran|Air Balloon\n|turn|14\n|\n|t:|1663150829\n|move|p1a: Weavile|Knock Off|p2a: Heatran\n|-damage|p2a: Heatran|18\/100\n|-enditem|p2a: Heatran|Air Balloon\n|move|p2a: Heatran|Magma Storm|p1a: Weavile\n|-supereffective|p1a: Weavile\n|-damage|p1a: Weavile|0 fnt\n|faint|p1a: Weavile\n|\n|upkeep\n|\n|t:|1663150834\n|switch|p1a: Landorus|Landorus-Therian, M|72\/100\n|-ability|p1a: Landorus|Intimidate|boost\n|-unboost|p2a: Heatran|atk|1\n|turn|15\n|\n|t:|1663150835\n|move|p2a: Heatran|Magma Storm|p1a: Landorus\n|-damage|p1a: Landorus|15\/100\n|-activate|p1a: Landorus|move: Magma Storm|[of] p2a: Heatran\n|move|p1a: Landorus|Knock Off|p2a: Heatran\n|-damage|p2a: Heatran|0 fnt\n|faint|p2a: Heatran\n|\n|-heal|p1a: Landorus|21\/100|[from] item: Leftovers\n|-end|p1a: Landorus|Magma Storm|[partiallytrapped]|[silent]\n|upkeep\n|\n|t:|1663150835\n|switch|p2a: landorustherian|Landorus-Therian, M|99\/100\n|-damage|p2a: landorustherian|87\/100|[from] Stealth Rock\n|-ability|p2a: landorustherian|Intimidate|boost\n|-unboost|p1a: Landorus|atk|1\n|turn|16\n|\n|t:|1663150839\n|move|p1a: Landorus|Knock Off|p2a: landorustherian\n|-damage|p2a: landorustherian|69\/100\n|-enditem|p2a: landorustherian|Leftovers|[from] move: Knock Off|[of] p1a: Landorus\n|move|p2a: landorustherian|Earthquake|p1a: Landorus\n|-immune|p1a: Landorus\n|\n|-heal|p1a: Landorus|27\/100|[from] item: Leftovers\n|upkeep\n|turn|17\n|\n|t:|1663150843\n|move|p1a: Landorus|U-turn|p2a: landorustherian\n|-resisted|p2a: landorustherian\n|-crit|p2a: landorustherian\n|-damage|p2a: landorustherian|53\/100\n|\n|t:|1663150845\n|switch|p1a: Corviknight|Corviknight, M|100\/100|[from]move: U-turn\n|-ability|p1a: Corviknight|Pressure\n|move|p2a: landorustherian|Earthquake|p1a: Corviknight\n|-immune|p1a: Corviknight\n|\n|upkeep\n|turn|18\n|\n|t:|1663150848\n|move|p2a: landorustherian|U-turn|p1a: Corviknight\n|-resisted|p1a: Corviknight\n|-damage|p1a: Corviknight|97\/100\n|-damage|p2a: landorustherian|36\/100|[from] item: Rocky Helmet|[of] p1a: Corviknight\n|\n|t:|1663150848\n|switch|p2a: Tangrowth|Tangrowth, F|100\/100|[from]move: U-turn\n|-damage|p2a: Tangrowth|88\/100|[from] Stealth Rock\n|move|p1a: Corviknight|U-turn|p2a: Tangrowth\n|-supereffective|p2a: Tangrowth\n|-damage|p2a: Tangrowth|73\/100\n|-damage|p1a: Corviknight|81\/100|[from] item: Rocky Helmet|[of] p2a: Tangrowth\n|\n|t:|1663150853\n|switch|p1a: Volcanion|Volcanion|52\/100|[from]move: U-turn\n|\n|upkeep\n|turn|19\n|\n|t:|1663150859\n|switch|p2a: landorustherian|Landorus-Therian, M|36\/100\n|-damage|p2a: landorustherian|24\/100|[from] Stealth Rock\n|-ability|p2a: landorustherian|Intimidate|boost\n|-unboost|p1a: Volcanion|atk|1\n|move|p1a: Volcanion|Fire Blast|p2a: landorustherian\n|-damage|p2a: landorustherian|0 fnt\n|faint|p2a: landorustherian\n|\n|upkeep\n|\n|t:|1663150859\n|switch|p2a: Weavile|Weavile, M|100\/100\n|-damage|p2a: Weavile|76\/100|[from] Stealth Rock\n|-ability|p2a: Weavile|Pressure\n|turn|20\n|\n|t:|1663150863\n|switch|p1a: Tapu Fini|Tapu Fini|100\/100\n|-fieldstart|move: Misty Terrain|[from] ability: Misty Surge|[of] p1a: Tapu Fini\n|move|p2a: Weavile|Knock Off|p1a: Tapu Fini\n|-resisted|p1a: Tapu Fini\n|-damage|p1a: Tapu Fini|73\/100\n|-enditem|p1a: Tapu Fini|Leftovers|[from] move: Knock Off|[of] p2a: Weavile\n|\n|upkeep\n|turn|21\n|\n|t:|1663150867\n|switch|p2a: Melmetal|Melmetal|100\/100\n|-damage|p2a: Melmetal|94\/100|[from] Stealth Rock\n|move|p1a: Tapu Fini|Draining Kiss|p2a: Melmetal\n|-resisted|p2a: Melmetal\n|-damage|p2a: Melmetal|90\/100\n|-heal|p1a: Tapu Fini|78\/100|[from] drain|[of] p2a: Melmetal\n|\n|upkeep\n|turn|22\n|\n|t:|1663150870\n|switch|p1a: Landorus|Landorus-Therian, M|27\/100\n|-ability|p1a: Landorus|Intimidate|boost\n|-unboost|p2a: Melmetal|atk|1\n|move|p2a: Melmetal|Earthquake|p1a: Landorus\n|-immune|p1a: Landorus\n|\n|-heal|p1a: Landorus|33\/100|[from] item: Leftovers\n|upkeep\n|turn|23\n|\n|t:|1663150874\n|move|p1a: Landorus|U-turn|p2a: Melmetal\n|-resisted|p2a: Melmetal\n|-damage|p2a: Melmetal|83\/100\n|\n|t:|1663150876\n|switch|p1a: Corviknight|Corviknight, M|81\/100|[from]move: U-turn\n|-ability|p1a: Corviknight|Pressure\n|move|p2a: Melmetal|Earthquake|p1a: Corviknight\n|-immune|p1a: Corviknight\n|\n|upkeep\n|turn|24\n|\n|t:|1663150878\n|move|p1a: Corviknight|Body Press|p2a: Melmetal\n|-supereffective|p2a: Melmetal\n|-damage|p2a: Melmetal|51\/100\n|move|p2a: Melmetal|Earthquake|p1a: Corviknight\n|-immune|p1a: Corviknight\n|\n|-fieldend|Misty Terrain\n|upkeep\n|turn|25\n|\n|t:|1663150881\n|move|p1a: Corviknight|Body Press|p2a: Melmetal\n|-supereffective|p2a: Melmetal\n|-damage|p2a: Melmetal|19\/100\n|move|p2a: Melmetal|Thunder Punch|p1a: Corviknight\n|-supereffective|p1a: Corviknight\n|-damage|p1a: Corviknight|52\/100\n|-damage|p2a: Melmetal|3\/100|[from] item: Rocky Helmet|[of] p1a: Corviknight\n|\n|upkeep\n|turn|26\n|\n|t:|1663150885\n|move|p1a: Corviknight|Roost|p1a: Corviknight\n|-heal|p1a: Corviknight|100\/100\n|-singleturn|p1a: Corviknight|move: Roost\n|move|p2a: Melmetal|Thunder Punch|p1a: Corviknight\n|-damage|p1a: Corviknight|86\/100\n|-damage|p2a: Melmetal|0 fnt|[from] item: Rocky Helmet|[of] p1a: Corviknight\n|faint|p2a: Melmetal\n|\n|upkeep\n|\n|t:|1663150885\n|switch|p2a: Tangrowth|Tangrowth, F|100\/100\n|-damage|p2a: Tangrowth|88\/100|[from] Stealth Rock\n|turn|27\n|\n|t:|1663150889\n|move|p1a: Corviknight|U-turn|p2a: Tangrowth\n|-supereffective|p2a: Tangrowth\n|-damage|p2a: Tangrowth|73\/100\n|-damage|p1a: Corviknight|69\/100|[from] item: Rocky Helmet|[of] p2a: Tangrowth\n|\n|t:|1663150891\n|switch|p1a: Blissey|Blissey, F|35\/100|[from]move: U-turn\n|move|p2a: Tangrowth|Sleep Powder|p1a: Blissey\n|-status|p1a: Blissey|slp|[from] move: Sleep Powder\n|\n|upkeep\n|turn|28\n|\n|t:|1663150894\n|move|p2a: Tangrowth|Sleep Powder|p1a: Blissey|[miss]\n|-miss|p2a: Tangrowth|p1a: Blissey\n|cant|p1a: Blissey|slp\n|\n|upkeep\n|turn|29\n|\n|t:|1663150896\n|move|p2a: Tangrowth|Sleep Powder|p1a: Blissey\n|-fail|p1a: Blissey|slp\n|-curestatus|p1a: Blissey|slp|[msg]\n|move|p1a: Blissey|Teleport|p1a: Blissey\n|\n|t:|1663150898\n|switch|p1a: Volcanion|Volcanion|52\/100|[from]move: Teleport\n|\n|upkeep\n|turn|30\n|\n|t:|1663150900\n|switch|p2a: Weavile|Weavile, M|76\/100\n|-damage|p2a: Weavile|51\/100|[from] Stealth Rock\n|-ability|p2a: Weavile|Pressure\n|move|p1a: Volcanion|Fire Blast|p2a: Weavile|[miss]\n|-miss|p1a: Volcanion|p2a: Weavile\n|\n|upkeep\n|turn|31\n|\n|t:|1663150903\n|switch|p1a: Tapu Fini|Tapu Fini|78\/100\n|-fieldstart|move: Misty Terrain|[from] ability: Misty Surge|[of] p1a: Tapu Fini\n|move|p2a: Weavile|Knock Off|p1a: Tapu Fini\n|-resisted|p1a: Tapu Fini\n|-damage|p1a: Tapu Fini|61\/100\n|\n|upkeep\n|turn|32\n|\n|t:|1663150905\n|move|p2a: Weavile|Knock Off|p1a: Tapu Fini\n|-resisted|p1a: Tapu Fini\n|-damage|p1a: Tapu Fini|45\/100\n|move|p1a: Tapu Fini|Draining Kiss|p2a: Weavile\n|-supereffective|p2a: Weavile\n|-damage|p2a: Weavile|6\/100\n|-heal|p1a: Tapu Fini|73\/100|[from] drain|[of] p2a: Weavile\n|\n|upkeep\n|turn|33\n|\n|t:|1663150907\n|move|p2a: Weavile|Knock Off|p1a: Tapu Fini\n|-resisted|p1a: Tapu Fini\n|-damage|p1a: Tapu Fini|54\/100\n|move|p1a: Tapu Fini|Calm Mind|p1a: Tapu Fini\n|-boost|p1a: Tapu Fini|spa|1\n|-boost|p1a: Tapu Fini|spd|1\n|\n|upkeep\n|turn|34\n|\n|t:|1663150909\n|switch|p2a: Tangrowth|Tangrowth, F|100\/100\n|-damage|p2a: Tangrowth|88\/100|[from] Stealth Rock\n|move|p1a: Tapu Fini|Draining Kiss|p2a: Tangrowth\n|-damage|p2a: Tangrowth|54\/100\n|-heal|p1a: Tapu Fini|85\/100|[from] drain|[of] p2a: Tangrowth\n|-damage|p1a: Tapu Fini|68\/100|[from] item: Rocky Helmet|[of] p2a: Tangrowth\n|\n|upkeep\n|turn|35\n|\n|t:|1663150911\n|switch|p2a: Weavile|Weavile, M|6\/100\n|-damage|p2a: Weavile|0 fnt|[from] Stealth Rock\n|faint|p2a: Weavile\n|move|p1a: Tapu Fini|Taunt|p2: Weavile|[notarget]\n|-fail|p1a: Tapu Fini\n|\n|-fieldend|Misty Terrain\n|upkeep\n|\n|t:|1663150911\n|switch|p2a: Tangrowth|Tangrowth, F|87\/100\n|-damage|p2a: Tangrowth|75\/100|[from] Stealth Rock\n|turn|36\n|\n|t:|1663150913\n|move|p1a: Tapu Fini|Taunt|p2a: Tangrowth\n|-start|p2a: Tangrowth|move: Taunt\n|cant|p2a: Tangrowth|move: Taunt|Sleep Powder\n|\n|upkeep\n|turn|37\n|\n|t:|1663150916\n|move|p1a: Tapu Fini|Draining Kiss|p2a: Tangrowth\n|-damage|p2a: Tangrowth|41\/100\n|-heal|p1a: Tapu Fini|98\/100|[from] drain|[of] p2a: Tangrowth\n|-damage|p1a: Tapu Fini|81\/100|[from] item: Rocky Helmet|[of] p2a: Tangrowth\n|move|p2a: Tangrowth|Giga Drain|p1a: Tapu Fini\n|-supereffective|p1a: Tapu Fini\n|-damage|p1a: Tapu Fini|50\/100\n|-heal|p2a: Tangrowth|54\/100|[from] drain|[of] p1a: Tapu Fini\n|\n|upkeep\n|turn|38\n|\n|t:|1663150918\n|move|p1a: Tapu Fini|Draining Kiss|p2a: Tangrowth\n|-damage|p2a: Tangrowth|16\/100\n|-heal|p1a: Tapu Fini|83\/100|[from] drain|[of] p2a: Tangrowth\n|-damage|p1a: Tapu Fini|67\/100|[from] item: Rocky Helmet|[of] p2a: Tangrowth\n|move|p2a: Tangrowth|Giga Drain|p1a: Tapu Fini\n|-supereffective|p1a: Tapu Fini\n|-damage|p1a: Tapu Fini|37\/100\n|-heal|p2a: Tangrowth|29\/100|[from] drain|[of] p1a: Tapu Fini\n|\n|-end|p2a: Tangrowth|move: Taunt\n|upkeep\n|turn|39\n|\n|t:|1663150920\n|move|p1a: Tapu Fini|Draining Kiss|p2a: Tangrowth\n|-damage|p2a: Tangrowth|0 fnt\n|-heal|p1a: Tapu Fini|62\/100|[from] drain|[of] p2a: Tangrowth\n|-damage|p1a: Tapu Fini|45\/100|[from] item: Rocky Helmet|[of] p2a: Tangrowth\n|faint|p2a: Tangrowth\n|\n|win|Bloody Busybody\n|raw|Bloody Busybody's rating: 1597 &rarr; <strong>1616<\/strong><br \/>(+19 for winning)\n|raw|minimax_ai's rating: 1587 &rarr; <strong>1568<\/strong><br \/>(-19 for losing)\n|c|\u2606minimax_ai|gg\n|l|\u2606minimax_ai\n|c|\u2606Bloody Busybody|gg\n","uploadtime":1663150922,"views":21,"p1id":"bloodybusybody","p2id":"minimaxai","formatid":"gen8ou","rating":1568,"private":0,"password":null}