{"id":"gen8doublescustomgame-1231389738","p1":"BryboVelocity","p2":"I'M AT MY LIMIT!","format":"gen8doublescustomgame","log":"|j|\u2606BryboVelocity\n|j|\u2606I'M AT MY LIMIT!\n|t:|1606336651\n|player|p1|BryboVelocity|hau|\n|player|p2|I'M AT MY LIMIT!|hilda|\n|teamsize|p1|6\n|teamsize|p2|6\n|gametype|doubles\n|gen|8\n|tier|[Gen 8] Doubles Custom Game\n|clearpoke\n|poke|p1|Komala, L9999, M|\n|poke|p1|Zeraora, L9999|\n|poke|p1|Tapu Lele, L9999|\n|poke|p1|Calyrex-Ice, L9999|\n|poke|p1|Calyrex-Shadow, L9999|\n|poke|p1|Zygarde, L9999|\n|poke|p2|Blissey, L9999, F|\n|poke|p2|Urshifu-*, L9999, M|\n|poke|p2|Mewtwo-Mega-X, L9999|\n|poke|p2|Zygarde-Complete, L9999|\n|poke|p2|Calyrex-Shadow|\n|poke|p2|Rayquaza-Mega, L9999|\n|teampreview|24\n|\n|t:|1606336661\n|start\n|switch|p1a: JJ 21|Tapu Lele, L9999, shiny|33406\/33406\n|switch|p1b: FortniteGame12|Zeraora, L9999, shiny|37006\/37006\n|switch|p2a: Say it with me|Calyrex-Shadow|404\/404\n|switch|p2b: take two|Urshifu, L9999, M|39406\/39406\n|-fieldstart|move: Psychic Terrain|[from] ability: Psychic Surge|[of] p1a: JJ 21\n|-weather|PrimordialSea|[from] ability: Primordial Sea|[of] p1b: FortniteGame12\n|turn|1\n|\n|t:|1606336698\n|move|p1a: JJ 21|Expanding Force|p2b: take two|[spread] p2a\n|-immune|p2b: take two\n|-enditem|p1a: JJ 21|Psychic Gem|[from] gem\n|debug|terrain buff\n|debug|Gem Boost\n|debug|psychic terrain boost\n|debug|Spread modifier: 0.75\n|-resisted|p2a: Say it with me\n|-damage|p2a: Say it with me|0 fnt\n|faint|p2a: Say it with me\n|move|p2b: take two|Wicked Blow|p1a: JJ 21\n|-crit|p1a: JJ 21\n|-damage|p1a: JJ 21|0 fnt\n|faint|p1a: JJ 21\n|move|p1b: FortniteGame12|10,000,000 Volt Thunderbolt|p2b: take two\n|-crit|p2b: take two\n|-damage|p2b: take two|0 fnt\n|faint|p2b: take two\n|\n|-weather|PrimordialSea|[upkeep]\n|upkeep\n|\n|t:|1606336714\n|switch|p2b: HWRUJW#R3r|Mewtwo-Mega-X, L9999|40605\/40605\n|switch|p1a: Vulpix (Alolan)|Calyrex-Ice, L9999, shiny|39406\/39406\n|switch|p2a: Light|Zygarde-Complete, L9999|62603\/62603\n|-ability|p1a: Vulpix (Alolan)|Snow Warning|[from] primordialsea|[fail]\n|turn|2\n|\n|t:|1606336727\n|move|p1b: FortniteGame12|Catastropika|p2a: Light\n|-immune|p2a: Light\n|move|p2b: HWRUJW#R3r|Close Combat|p1a: Vulpix (Alolan)\n|-damage|p1a: Vulpix (Alolan)|0 fnt\n|-unboost|p2b: HWRUJW#R3r|def|1\n|-unboost|p2b: HWRUJW#R3r|spd|1\n|faint|p1a: Vulpix (Alolan)\n|move|p2a: Light|Substitute|p2a: Light\n|-start|p2a: Light|Substitute\n|-damage|p2a: Light|46953\/62603\n|\n|-weather|PrimordialSea|[upkeep]\n|-heal|p2a: Light|50865\/62603|[from] item: Leftovers\n|upkeep\n|\n|t:|1606336738\n|switch|p1a: Slurp Juice|Zygarde, L9999, shiny|32406\/32406\n|turn|3\n|\n|t:|1606336759\n|move|p2b: HWRUJW#R3r|Close Combat|p1a: Slurp Juice\n|-supereffective|p1a: Slurp Juice\n|-damage|p1a: Slurp Juice|0 fnt\n|-unboost|p2b: HWRUJW#R3r|def|1\n|-unboost|p2b: HWRUJW#R3r|spd|1\n|debug|illusion cleared\n|replace|p1a: Travis Scott 2|Komala, L9999, M, shiny\n|-end|p1a: Travis Scott 2|Illusion\n|faint|p1a: Travis Scott 2\n|move|p2a: Light|Toxic|p1b: FortniteGame12\n|-status|p1b: FortniteGame12|tox\n|move|p1b: FortniteGame12|G-Max Stun Shock|p2b: HWRUJW#R3r\n|-damage|p2b: HWRUJW#R3r|37643\/40605\n|-status|p2a: Light|par\n|-status|p2b: HWRUJW#R3r|psn\n|\n|-weather|PrimordialSea|[upkeep]\n|-heal|p2a: Light|54777\/62603 par|[from] item: Leftovers\n|-damage|p1b: FortniteGame12|34694\/37006 tox|[from] psn\n|-damage|p2b: HWRUJW#R3r|32568\/40605 psn|[from] psn\n|upkeep\n|\n|t:|1606336775\n|switch|p1a: Slurp Juice|Zygarde, L9999, shiny|41005\/41005\n|turn|4\n|\n|t:|1606336783\n|move|p2a: Light|Coil|p2a: Light\n|-boost|p2a: Light|atk|1\n|-boost|p2a: Light|def|1\n|-boost|p2a: Light|accuracy|1\n|move|p1a: Slurp Juice|G-Max Snooze|p2a: Light\n|-activate|p2a: Light|move: Substitute|[damage]\n|move|p2b: HWRUJW#R3r|Close Combat|p1a: Slurp Juice\n|-damage|p1a: Slurp Juice|0 fnt\n|-unboost|p2b: HWRUJW#R3r|def|1\n|-unboost|p2b: HWRUJW#R3r|spd|1\n|faint|p1a: Slurp Juice\n|move|p1b: FortniteGame12|Stoked Sparksurfer|p2b: HWRUJW#R3r\n|-damage|p2b: HWRUJW#R3r|0 fnt\n|debug|move failed because it did nothing\n|faint|p2b: HWRUJW#R3r\n|\n|-weather|PrimordialSea|[upkeep]\n|-heal|p2a: Light|58689\/62603 par|[from] item: Leftovers\n|-damage|p1b: FortniteGame12|30070\/37006 tox|[from] psn\n|upkeep\n|\n|t:|1606336803\n|switch|p1a: GHOUL WOOOH|Calyrex-Shadow, L9999, shiny|39406\/39406\n|switch|p2b: E|Rayquaza-Mega, L9999|40405\/40405\n|turn|5\n|\n|t:|1606336818\n|move|p1b: FortniteGame12|G-Max Stun Shock|p2b: E\n|-damage|p2b: E|39079\/40405\n|-status|p2b: E|psn\n|move|p2a: Light|Toxic|p1a: GHOUL WOOOH\n|-status|p1a: GHOUL WOOOH|tox\n|move|p1a: GHOUL WOOOH|Trick|p2b: E\n|-activate|p1a: GHOUL WOOOH|move: Trick|[of] p2b: E\n|-item|p2b: E|Flame Orb|[from] move: Trick\n|-item|p1a: GHOUL WOOOH|Leftovers|[from] move: Trick\n|move|p2b: E|Substitute|p2b: E\n|-start|p2b: E|Substitute\n|-damage|p2b: E|28978\/40405 psn\n|\n|-weather|PrimordialSea|[upkeep]\n|-heal|p2a: Light|62601\/62603 par|[from] item: Leftovers\n|-damage|p1b: FortniteGame12|23134\/37006 tox|[from] psn\n|-damage|p1a: GHOUL WOOOH|36944\/39406 tox|[from] psn\n|-damage|p2b: E|23928\/40405 psn|[from] psn\n|-fieldend|move: Psychic Terrain\n|upkeep\n|turn|6\n|\n|t:|1606336846\n|move|p2a: Light|Coil|p2a: Light\n|-boost|p2a: Light|atk|1\n|-boost|p2a: Light|def|1\n|-boost|p2a: Light|accuracy|1\n|move|p2b: E|Dragon Ascent|p1b: FortniteGame12\n|-resisted|p1b: FortniteGame12\n|-damage|p1b: FortniteGame12|8542\/37006 tox\n|-boost|p2b: E|def|1\n|-boost|p2b: E|spd|1\n|move|p1b: FortniteGame12|Extreme Evoboost|p1b: FortniteGame12\n|-boost|p1b: FortniteGame12|atk|2\n|-boost|p1b: FortniteGame12|def|2\n|-boost|p1b: FortniteGame12|spa|2\n|-boost|p1b: FortniteGame12|spd|2\n|-boost|p1b: FortniteGame12|spe|2\n|move|p1a: GHOUL WOOOH|Astral Barrage|p2a: Light|[spread] p2a,p2b\n|debug|Spread modifier: 0.75\n|-end|p2a: Light|Substitute\n|debug|Spread modifier: 0.75\n|-end|p2b: E|Substitute\n|\n|-weather|PrimordialSea|[upkeep]\n|-heal|p2a: Light|62603\/62603 par|[from] item: Leftovers\n|-heal|p1a: GHOUL WOOOH|39406\/39406 tox|[from] item: Leftovers\n|-damage|p1b: FortniteGame12|0 fnt|[from] psn\n|faint|p1b: FortniteGame12\n|-weather|none\n|-damage|p1a: GHOUL WOOOH|34482\/39406 tox|[from] psn\n|-damage|p2b: E|18878\/40405 psn|[from] psn\n|upkeep\n|turn|7\n|\n|t:|1606336870\n|move|p2b: E|V-create|p1a: GHOUL WOOOH\n|debug|Wonder Guard immunity: vcreate\n|-immune|p1a: GHOUL WOOOH|[from] ability: Wonder Guard\n|move|p1a: GHOUL WOOOH|Astral Barrage|p2b: E|[spread] p2a,p2b\n|debug|Spread modifier: 0.75\n|debug|Spread modifier: 0.75\n|-damage|p2a: Light|47605\/62603 par\n|-damage|p2b: E|9427\/40405 psn\n|move|p2a: Light|Substitute|p2a: Light\n|-start|p2a: Light|Substitute\n|-damage|p2a: Light|31955\/62603 par\n|\n|-heal|p2a: Light|35867\/62603 par|[from] item: Leftovers\n|-heal|p1a: GHOUL WOOOH|36944\/39406 tox|[from] item: Leftovers\n|-damage|p1a: GHOUL WOOOH|29558\/39406 tox|[from] psn\n|-damage|p2b: E|4377\/40405 psn|[from] psn\n|upkeep\n|turn|8\n|\n|t:|1606336881\n|move|p2a: Light|Recover|p2a: Light\n|-heal|p2a: Light|62603\/62603 par\n|move|p2b: E|Dragon Ascent|p1a: GHOUL WOOOH\n|debug|Wonder Guard immunity: dragonascent\n|-immune|p1a: GHOUL WOOOH|[from] ability: Wonder Guard\n|move|p1a: GHOUL WOOOH|Extreme Evoboost|p1a: GHOUL WOOOH\n|-boost|p1a: GHOUL WOOOH|atk|2\n|-boost|p1a: GHOUL WOOOH|def|2\n|-boost|p1a: GHOUL WOOOH|spa|2\n|-boost|p1a: GHOUL WOOOH|spd|2\n|-boost|p1a: GHOUL WOOOH|spe|2\n|\n|-heal|p1a: GHOUL WOOOH|32020\/39406 tox|[from] item: Leftovers\n|-damage|p1a: GHOUL WOOOH|22172\/39406 tox|[from] psn\n|-damage|p2b: E|0 fnt|[from] psn\n|faint|p2b: E\n|upkeep\n|\n|t:|1606336887\n|switch|p2b: hi.|Blissey, L9999, F|70402\/70402\n|-transform|p2b: hi.|p1a: GHOUL WOOOH|[from] ability: Imposter\n|turn|9\n|\n|t:|1606336901\n|-start|p1a: GHOUL WOOOH|Dynamax\n|-heal|p1a: GHOUL WOOOH|44344\/78812 tox|[silent]\n|move|p1a: GHOUL WOOOH|Max Phantasm|p2b: hi.\n|debug|Wonder Guard immunity: maxphantasm\n|-supereffective|p2b: hi.\n|-damage|p2b: hi.|69930\/70402\n|-unboost|p2a: Light|def|1\n|-unboost|p2b: hi.|def|1\n|move|p2a: Light|Coil|p2a: Light\n|-boost|p2a: Light|atk|1\n|-boost|p2a: Light|def|1\n|-boost|p2a: Light|accuracy|1\n|move|p2b: hi.|Sinister Arrow Raid|p1a: GHOUL WOOOH\n|debug|Wonder Guard immunity: sinisterarrowraid\n|-supereffective|p1a: GHOUL WOOOH\n|-damage|p1a: GHOUL WOOOH|0 fnt\n|faint|p1a: GHOUL WOOOH\n|\n|win|I'M AT MY LIMIT!\n","uploadtime":1606336907,"views":7,"p1id":"brybovelocity","p2id":"imatmylimit","formatid":"gen8doublescustomgame","rating":0,"private":0,"password":null}