{"id":"gen8ou-1133075419","p1":"mongwong","p2":"Abacrust","format":"gen8ou","log":"|j|\u2606mongwong\n|j|\u2606Abacrust\n|player|p1|mongwong|silver|1337\n|player|p2|Abacrust|101|1291\n|teamsize|p1|6\n|teamsize|p2|6\n|gametype|singles\n|gen|8\n|tier|[Gen 8] OU\n|rated|\n|clearpoke\n|poke|p1|Inteleon, F|\n|poke|p1|Cinderace, M|\n|poke|p1|Conkeldurr, M|\n|poke|p1|Clefable, M|\n|poke|p1|Ribombee, F|\n|poke|p1|Mew|\n|poke|p2|Kommo-o, M|\n|poke|p2|Arcanine, F|\n|poke|p2|Clefable, F|\n|poke|p2|Hippowdon, F|\n|poke|p2|Togekiss, F|\n|poke|p2|Excadrill, M|\n|rule|Sleep Clause Mod: Limit one foe put to sleep\n|rule|Species Clause: Limit one of each Pok\u00e9mon\n|rule|OHKO Clause: OHKO moves are banned\n|rule|Evasion Moves Clause: Evasion moves are banned\n|rule|Endless Battle Clause: Forcing endless battles is banned\n|rule|HP Percentage Mod: HP is shown in percentages\n|rule|Dynamax Clause: You cannot dynamax\n|teampreview\n|inactive|Battle timer is ON: inactive players will automatically lose when time's up. (requested by mongwong)\n|\n|start\n|switch|p1a: Ribombee|Ribombee, F|100\/100\n|switch|p2a: Excadrill|Excadrill, M|100\/100\n|turn|1\n|\n|switch|p1a: Conkeldurr|Conkeldurr, M|100\/100\n|move|p2a: Excadrill|Rapid Spin|p1a: Conkeldurr\n|-damage|p1a: Conkeldurr|77\/100\n|-boost|p2a: Excadrill|spe|1\n|-damage|p2a: Excadrill|91\/100|[from] item: Life Orb\n|\n|-status|p1a: Conkeldurr|brn|[from] item: Flame Orb\n|upkeep\n|turn|2\n|\n|switch|p2a: Arcanine|Arcanine, F|100\/100\n|-ability|p2a: Arcanine|Intimidate|boost\n|-unboost|p1a: Conkeldurr|atk|1\n|move|p1a: Conkeldurr|Drain Punch|p2a: Arcanine\n|-damage|p2a: Arcanine|51\/100\n|-heal|p1a: Conkeldurr|99\/100 brn|[from] drain|[of] p2a: Arcanine\n|\n|-damage|p1a: Conkeldurr|93\/100 brn|[from] brn\n|upkeep\n|turn|3\n|\n|switch|p2a: Hippowdon|Hippowdon, F|100\/100\n|-weather|Sandstorm|[from] ability: Sand Stream|[of] p2a: Hippowdon\n|move|p1a: Conkeldurr|Facade|p2a: Hippowdon\n|-damage|p2a: Hippowdon|69\/100\n|-damage|p1a: Conkeldurr|77\/100 brn|[from] item: Rocky Helmet|[of] p2a: Hippowdon\n|\n|-weather|Sandstorm|[upkeep]\n|-damage|p1a: Conkeldurr|71\/100 brn|[from] Sandstorm\n|-damage|p1a: Conkeldurr|65\/100 brn|[from] brn\n|upkeep\n|turn|4\n|\n|move|p2a: Hippowdon|Slack Off|p2a: Hippowdon\n|-heal|p2a: Hippowdon|100\/100\n|move|p1a: Conkeldurr|Knock Off|p2a: Hippowdon\n|-damage|p2a: Hippowdon|81\/100\n|-damage|p1a: Conkeldurr|48\/100 brn|[from] item: Rocky Helmet|[of] p2a: Hippowdon\n|-enditem|p2a: Hippowdon|Rocky Helmet|[from] move: Knock Off|[of] p1a: Conkeldurr\n|\n|-weather|Sandstorm|[upkeep]\n|-damage|p1a: Conkeldurr|42\/100 brn|[from] Sandstorm\n|-damage|p1a: Conkeldurr|36\/100 brn|[from] brn\n|upkeep\n|turn|5\n|\n|switch|p1a: Clefable|Clefable, M|100\/100\n|move|p2a: Hippowdon|Earthquake|p1a: Clefable\n|-damage|p1a: Clefable|59\/100\n|\n|-weather|Sandstorm|[upkeep]\n|-heal|p1a: Clefable|65\/100|[from] item: Leftovers\n|upkeep\n|turn|6\n|\n|move|p1a: Clefable|Teleport|p1a: Clefable\n|\n|switch|p1a: Conkeldurr|Conkeldurr, M|36\/100 brn|[from]move: Teleport\n|move|p2a: Hippowdon|Whirlwind|p1a: Conkeldurr\n|drag|p1a: Clefable|Clefable, M|65\/100\n|\n|-weather|Sandstorm|[upkeep]\n|-heal|p1a: Clefable|71\/100|[from] item: Leftovers\n|upkeep\n|turn|7\n|\n|move|p1a: Clefable|Wish|p1a: Clefable\n|move|p2a: Hippowdon|Earthquake|p1a: Clefable\n|-damage|p1a: Clefable|27\/100\n|\n|-weather|none\n|-heal|p1a: Clefable|33\/100|[from] item: Leftovers\n|upkeep\n|turn|8\n|\n|move|p1a: Clefable|Protect|p1a: Clefable\n|-singleturn|p1a: Clefable|Protect\n|move|p2a: Hippowdon|Stealth Rock|p1a: Clefable\n|-sidestart|p1: mongwong|move: Stealth Rock\n|\n|-heal|p1a: Clefable|83\/100|[from] move: Wish|[wisher] Clefable\n|-heal|p1a: Clefable|89\/100|[from] item: Leftovers\n|upkeep\n|turn|9\n|\n|move|p1a: Clefable|Wish|p1a: Clefable\n|move|p2a: Hippowdon|Earthquake|p1a: Clefable\n|-damage|p1a: Clefable|46\/100\n|\n|-heal|p1a: Clefable|52\/100|[from] item: Leftovers\n|upkeep\n|turn|10\n|\n|move|p1a: Clefable|Teleport|p1a: Clefable\n|\n|switch|p1a: Conkeldurr|Conkeldurr, M|36\/100 brn|[from]move: Teleport\n|-damage|p1a: Conkeldurr|30\/100 brn|[from] Stealth Rock\n|move|p2a: Hippowdon|Whirlwind|p1a: Conkeldurr\n|drag|p1a: Ribombee|Ribombee, F|100\/100\n|-damage|p1a: Ribombee|76\/100|[from] Stealth Rock\n|\n|-heal|p1a: Ribombee|100\/100|[from] move: Wish|[wisher] Clefable\n|upkeep\n|turn|11\n|\n|switch|p2a: Excadrill|Excadrill, M|91\/100\n|move|p1a: Ribombee|Defog|p2a: Excadrill\n|-unboost|p2a: Excadrill|evasion|1\n|-sideend|p1: mongwong|Stealth Rock|[from] move: Defog|[of] p1a: Ribombee\n|\n|upkeep\n|turn|12\n|\n|move|p1a: Ribombee|Stun Spore|p2a: Excadrill\n|-status|p2a: Excadrill|par\n|move|p2a: Excadrill|Iron Head|p1a: Ribombee\n|-supereffective|p1a: Ribombee\n|-enditem|p1a: Ribombee|Focus Sash\n|-damage|p1a: Ribombee|1\/100\n|-damage|p2a: Excadrill|81\/100 par|[from] item: Life Orb\n|\n|upkeep\n|turn|13\n|\n|switch|p1a: Mew|Mew|100\/100\n|cant|p2a: Excadrill|par\n|\n|upkeep\n|turn|14\n|\n|switch|p2a: Clefable|Clefable, F|100\/100\n|move|p1a: Mew|Dragon Dance|p1a: Mew\n|-boost|p1a: Mew|atk|1\n|-boost|p1a: Mew|spe|1\n|\n|upkeep\n|turn|15\n|\n|move|p1a: Mew|Psychic Fangs|p2a: Clefable\n|-damage|p2a: Clefable|13\/100\n|-damage|p1a: Mew|91\/100|[from] item: Life Orb\n|move|p2a: Clefable|Teleport|p2a: Clefable\n|\n|switch|p2a: Hippowdon|Hippowdon, F|81\/100|[from]move: Teleport\n|-weather|Sandstorm|[from] ability: Sand Stream|[of] p2a: Hippowdon\n|\n|-weather|Sandstorm|[upkeep]\n|-damage|p1a: Mew|84\/100|[from] Sandstorm\n|upkeep\n|turn|16\n|\n|move|p1a: Mew|Psychic Fangs|p2a: Hippowdon\n|-damage|p2a: Hippowdon|43\/100\n|-damage|p1a: Mew|74\/100|[from] item: Life Orb\n|move|p2a: Hippowdon|Whirlwind|p1a: Mew\n|drag|p1a: Cinderace|Cinderace, M|100\/100\n|\n|-weather|Sandstorm|[upkeep]\n|-damage|p1a: Cinderace|95\/100|[from] Sandstorm\n|upkeep\n|turn|17\n|\n|move|p1a: Cinderace|Pyro Ball|p2a: Hippowdon\n|-damage|p2a: Hippowdon|0 fnt\n|faint|p2a: Hippowdon\n|\n|-weather|Sandstorm|[upkeep]\n|-damage|p1a: Cinderace|89\/100|[from] Sandstorm\n|upkeep\n|\n|switch|p2a: Kommo-o|Kommo-o, M|100\/100\n|turn|18\n|\n|switch|p1a: Clefable|Clefable, M|52\/100\n|move|p2a: Kommo-o|Substitute|p2a: Kommo-o\n|-start|p2a: Kommo-o|Substitute\n|-damage|p2a: Kommo-o|75\/100\n|\n|-weather|Sandstorm|[upkeep]\n|-damage|p2a: Kommo-o|69\/100|[from] Sandstorm\n|-heal|p1a: Clefable|58\/100|[from] item: Leftovers\n|upkeep\n|turn|19\n|\n|move|p2a: Kommo-o|Belly Drum|p2a: Kommo-o\n|-damage|p2a: Kommo-o|19\/100\n|-setboost|p2a: Kommo-o|atk|6|[from] move: Belly Drum\n|-enditem|p2a: Kommo-o|Salac Berry|[eat]\n|-boost|p2a: Kommo-o|spe|1|[from] item: Salac Berry\n|move|p1a: Clefable|Moonblast|p2a: Kommo-o\n|-supereffective|p2a: Kommo-o\n|-end|p2a: Kommo-o|Substitute\n|\n|-weather|none\n|-heal|p1a: Clefable|64\/100|[from] item: Leftovers\n|upkeep\n|turn|20\n|\n|switch|p1a: Ribombee|Ribombee, F|1\/100\n|move|p2a: Kommo-o|Drain Punch|p1a: Ribombee\n|-resisted|p1a: Ribombee\n|-damage|p1a: Ribombee|0 fnt\n|-heal|p2a: Kommo-o|20\/100|[from] drain|[of] p1a: Ribombee\n|faint|p1a: Ribombee\n|\n|upkeep\n|\n|switch|p1a: Conkeldurr|Conkeldurr, M|30\/100 brn\n|turn|21\n|\n|move|p1a: Conkeldurr|Mach Punch|p2a: Kommo-o\n|-damage|p2a: Kommo-o|0 fnt\n|faint|p2a: Kommo-o\n|\n|-damage|p1a: Conkeldurr|24\/100 brn|[from] brn\n|upkeep\n|\n|switch|p2a: Arcanine|Arcanine, F|51\/100\n|-ability|p2a: Arcanine|Intimidate|boost\n|-unboost|p1a: Conkeldurr|atk|1\n|turn|22\n|\n|move|p2a: Arcanine|Flare Blitz|p1a: Conkeldurr\n|-damage|p1a: Conkeldurr|0 fnt\n|-damage|p2a: Arcanine|43\/100|[from] Recoil\n|faint|p1a: Conkeldurr\n|\n|upkeep\n|\n|switch|p1a: Inteleon|Inteleon, F|100\/100\n|turn|23\n|\n|switch|p2a: Clefable|Clefable, F|13\/100\n|move|p1a: Inteleon|Focus Energy|p1a: Inteleon\n|-start|p1a: Inteleon|move: Focus Energy\n|\n|-heal|p2a: Clefable|19\/100|[from] item: Leftovers\n|upkeep\n|turn|24\n|\n|move|p1a: Inteleon|Snipe Shot|p2a: Clefable\n|-crit|p2a: Clefable\n|-damage|p2a: Clefable|0 fnt\n|faint|p2a: Clefable\n|\n|upkeep\n|\n|switch|p2a: Togekiss|Togekiss, F|100\/100\n|turn|25\n|\n|move|p2a: Togekiss|Air Slash|p1a: Inteleon\n|-damage|p1a: Inteleon|41\/100\n|cant|p1a: Inteleon|flinch\n|\n|upkeep\n|turn|26\n|\n|switch|p1a: Clefable|Clefable, M|64\/100\n|move|p2a: Togekiss|Air Slash|p1a: Clefable\n|-damage|p1a: Clefable|37\/100\n|\n|-heal|p1a: Clefable|43\/100|[from] item: Leftovers\n|upkeep\n|turn|27\n|\n|move|p2a: Togekiss|Air Slash|p1a: Clefable|[miss]\n|-miss|p2a: Togekiss|p1a: Clefable\n|move|p1a: Clefable|Wish|p1a: Clefable\n|\n|-heal|p1a: Clefable|49\/100|[from] item: Leftovers\n|upkeep\n|turn|28\n|\n|switch|p2a: Arcanine|Arcanine, F|43\/100\n|-ability|p2a: Arcanine|Intimidate|boost\n|-unboost|p1a: Clefable|atk|1\n|switch|p1a: Mew|Mew|74\/100\n|\n|-heal|p1a: Mew|100\/100|[from] move: Wish|[wisher] Clefable\n|upkeep\n|turn|29\n|\n|move|p1a: Mew|Dragon Dance|p1a: Mew\n|-boost|p1a: Mew|atk|1\n|-boost|p1a: Mew|spe|1\n|move|p2a: Arcanine|Will-O-Wisp|p1a: Mew\n|-status|p1a: Mew|brn\n|-activate|p1a: Mew|ability: Synchronize\n|-immune|p2a: Arcanine\n|\n|-damage|p1a: Mew|94\/100 brn|[from] brn\n|upkeep\n|turn|30\n|\n|move|p1a: Mew|Dragon Dance|p1a: Mew\n|-boost|p1a: Mew|atk|1\n|-boost|p1a: Mew|spe|1\n|move|p2a: Arcanine|Flare Blitz|p1a: Mew\n|-damage|p1a: Mew|51\/100 brn\n|-damage|p2a: Arcanine|30\/100|[from] Recoil\n|\n|-damage|p1a: Mew|45\/100 brn|[from] brn\n|upkeep\n|turn|31\n|\n|move|p1a: Mew|Drain Punch|p2a: Arcanine\n|-damage|p2a: Arcanine|0 fnt\n|-heal|p1a: Mew|61\/100 brn|[from] drain|[of] p2a: Arcanine\n|-damage|p1a: Mew|52\/100 brn|[from] item: Life Orb\n|faint|p2a: Arcanine\n|\n|-damage|p1a: Mew|45\/100 brn|[from] brn\n|upkeep\n|\n|switch|p2a: Togekiss|Togekiss, F|100\/100\n|turn|32\n|\n|move|p1a: Mew|Psychic Fangs|p2a: Togekiss\n|-damage|p2a: Togekiss|45\/100\n|-damage|p1a: Mew|35\/100 brn|[from] item: Life Orb\n|move|p2a: Togekiss|Air Slash|p1a: Mew\n|-damage|p1a: Mew|0 fnt\n|faint|p1a: Mew\n|\n|upkeep\n|\n|switch|p1a: Cinderace|Cinderace, M|89\/100\n|turn|33\n|\n|move|p2a: Togekiss|Air Slash|p1a: Cinderace\n|-damage|p1a: Cinderace|38\/100\n|cant|p1a: Cinderace|flinch\n|\n|upkeep\n|turn|34\n|\n|move|p2a: Togekiss|Air Slash|p1a: Cinderace\n|-damage|p1a: Cinderace|0 fnt\n|faint|p1a: Cinderace\n|\n|upkeep\n|\n|switch|p1a: Clefable|Clefable, M|49\/100\n|turn|35\n|\n|switch|p2a: Excadrill|Excadrill, M|81\/100 par\n|move|p1a: Clefable|Protect||[still]\n|-fail|p1a: Clefable\n|\n|-heal|p1a: Clefable|55\/100|[from] item: Leftovers\n|upkeep\n|turn|36\n|\n|switch|p1a: Inteleon|Inteleon, F|41\/100\n|cant|p2a: Excadrill|par\n|\n|upkeep\n|turn|37\n|\n|move|p1a: Inteleon|Snipe Shot|p2a: Excadrill\n|-supereffective|p2a: Excadrill\n|-damage|p2a: Excadrill|0 fnt\n|faint|p2a: Excadrill\n|\n|upkeep\n|\n|switch|p2a: Togekiss|Togekiss, F|45\/100\n|turn|38\n|\n|move|p2a: Togekiss|Air Slash|p1a: Inteleon\n|-damage|p1a: Inteleon|0 fnt\n|faint|p1a: Inteleon\n|\n|upkeep\n|\n|switch|p1a: Clefable|Clefable, M|55\/100\n|turn|39\n|\n|move|p1a: Clefable|Protect|p1a: Clefable\n|-singleturn|p1a: Clefable|Protect\n|move|p2a: Togekiss|Air Slash|p1a: Clefable\n|-activate|p1a: Clefable|move: Protect\n|\n|-heal|p1a: Clefable|61\/100|[from] item: Leftovers\n|upkeep\n|turn|40\n|\n|move|p2a: Togekiss|Air Slash|p1a: Clefable\n|-damage|p1a: Clefable|38\/100\n|cant|p1a: Clefable|flinch\n|\n|-heal|p1a: Clefable|44\/100|[from] item: Leftovers\n|upkeep\n|turn|41\n|\n|move|p1a: Clefable|Protect|p1a: Clefable\n|-singleturn|p1a: Clefable|Protect\n|move|p2a: Togekiss|Air Slash|p1a: Clefable\n|-activate|p1a: Clefable|move: Protect\n|\n|-heal|p1a: Clefable|50\/100|[from] item: Leftovers\n|upkeep\n|turn|42\n|\n|move|p2a: Togekiss|Air Slash|p1a: Clefable\n|-damage|p1a: Clefable|27\/100\n|cant|p1a: Clefable|flinch\n|\n|-heal|p1a: Clefable|33\/100|[from] item: Leftovers\n|upkeep\n|turn|43\n|\n|move|p1a: Clefable|Protect|p1a: Clefable\n|-singleturn|p1a: Clefable|Protect\n|move|p2a: Togekiss|Air Slash|p1a: Clefable\n|-activate|p1a: Clefable|move: Protect\n|\n|-heal|p1a: Clefable|39\/100|[from] item: Leftovers\n|upkeep\n|turn|44\n|\n|move|p2a: Togekiss|Air Slash|p1a: Clefable\n|-damage|p1a: Clefable|15\/100\n|cant|p1a: Clefable|flinch\n|\n|-heal|p1a: Clefable|21\/100|[from] item: Leftovers\n|upkeep\n|turn|45\n|\n|move|p1a: Clefable|Protect|p1a: Clefable\n|-singleturn|p1a: Clefable|Protect\n|move|p2a: Togekiss|Air Slash|p1a: Clefable\n|-activate|p1a: Clefable|move: Protect\n|\n|-heal|p1a: Clefable|27\/100|[from] item: Leftovers\n|upkeep\n|turn|46\n|\n|move|p2a: Togekiss|Air Slash|p1a: Clefable\n|-damage|p1a: Clefable|1\/100\n|cant|p1a: Clefable|flinch\n|\n|-heal|p1a: Clefable|7\/100|[from] item: Leftovers\n|upkeep\n|turn|47\n|\n|move|p1a: Clefable|Protect|p1a: Clefable\n|-singleturn|p1a: Clefable|Protect\n|move|p2a: Togekiss|Air Slash|p1a: Clefable\n|-activate|p1a: Clefable|move: Protect\n|\n|-heal|p1a: Clefable|13\/100|[from] item: Leftovers\n|upkeep\n|turn|48\n|\n|move|p1a: Clefable|Protect||[still]\n|-fail|p1a: Clefable\n|move|p2a: Togekiss|Air Slash|p1a: Clefable\n|-damage|p1a: Clefable|0 fnt\n|faint|p1a: Clefable\n|\n|win|Abacrust\n|l|\u2606mongwong\n","uploadtime":1592231061,"views":4,"p1id":"mongwong","p2id":"abacrust","formatid":"gen8ou","rating":0,"private":0,"password":null}