{"id":"gen8nationaldex-1276483085","p1":"BugCatcherWeevil","p2":"Ohseb","format":"gen8nationaldex","log":"|j|\u2606BugCatcherWeevil\n|j|\u2606Ohseb\n|t:|1612511956\n|player|p1|BugCatcherWeevil|7|\n|player|p2|Ohseb|2|\n|teamsize|p1|6\n|teamsize|p2|6\n|gametype|singles\n|gen|8\n|tier|[Gen 8] National Dex\n|clearpoke\n|poke|p1|Aurorus, F|\n|poke|p1|Arctozolt|\n|poke|p1|Silvally-*|\n|poke|p1|Cobalion|\n|poke|p1|Moltres|\n|poke|p1|Cofagrigus, M|\n|poke|p2|Incineroar, F|\n|poke|p2|Hitmontop, M|\n|poke|p2|Probopass, M|\n|poke|p2|Torterra, F|\n|poke|p2|Haunter, M|\n|poke|p2|Drampa, F|\n|rule|HP Percentage Mod: HP is shown in percentages\n|rule|Endless Battle Clause: Forcing endless battles is banned\n|rule|OHKO Clause: OHKO moves are banned\n|rule|Evasion Moves Clause: Evasion moves are banned\n|rule|Species Clause: Limit one of each Pok\u00e9mon\n|rule|Dynamax Clause: You cannot dynamax\n|rule|Sleep Clause Mod: Limit one foe put to sleep\n|teampreview\n|\n|t:|1612511990\n|start\n|switch|p1a: Cobalion|Cobalion|100\/100\n|switch|p2a: Hitmontop|Hitmontop, M, shiny|100\/100\n|-ability|p2a: Hitmontop|Intimidate|boost\n|-unboost|p1a: Cobalion|atk|1\n|turn|1\n|\n|t:|1612512009\n|move|p1a: Cobalion|Volt Switch|p2a: Hitmontop\n|-damage|p2a: Hitmontop|87\/100\n|\n|t:|1612512033\n|switch|p1a: Cofagrigus|Cofagrigus, M|100\/100|[from]move: Volt Switch\n|move|p2a: Hitmontop|Close Combat|p1a: Cofagrigus\n|-immune|p1a: Cofagrigus\n|\n|upkeep\n|turn|2\n|\n|t:|1612512073\n|switch|p2a: Drampa|Drampa, F, shiny|100\/100\n|move|p1a: Cofagrigus|Toxic Spikes|p2a: Drampa\n|-sidestart|p2: Ohseb|move: Toxic Spikes\n|\n|upkeep\n|turn|3\n|\n|t:|1612512092\n|switch|p1a: Aurorus|Aurorus, F|100\/100\n|-weather|Hail|[from] ability: Snow Warning|[of] p1a: Aurorus\n|move|p2a: Drampa|Flamethrower|p1a: Aurorus\n|-damage|p1a: Aurorus|72\/100\n|\n|-weather|Hail|[upkeep]\n|-damage|p2a: Drampa|94\/100|[from] Hail\n|upkeep\n|turn|4\n|\n|t:|1612512170\n|switch|p2a: Probopass|Probopass, M, shiny|100\/100\n|move|p1a: Aurorus|Blizzard|p2a: Probopass\n|-resisted|p2a: Probopass\n|-damage|p2a: Probopass|88\/100\n|\n|-weather|Hail|[upkeep]\n|-damage|p2a: Probopass|82\/100|[from] Hail\n|upkeep\n|turn|5\n|\n|t:|1612512207\n|switch|p1a: Cobalion|Cobalion|100\/100\n|move|p2a: Probopass|Flash Cannon|p1a: Cobalion\n|-resisted|p1a: Cobalion\n|-damage|p1a: Cobalion|82\/100\n|\n|-weather|Hail|[upkeep]\n|-damage|p1a: Cobalion|76\/100|[from] Hail\n|-damage|p2a: Probopass|76\/100|[from] Hail\n|-heal|p1a: Cobalion|82\/100|[from] item: Leftovers\n|upkeep\n|turn|6\n|\n|t:|1612512261\n|move|p1a: Cobalion|Sacred Sword|p2a: Probopass\n|-supereffective|p2a: Probopass\n|-damage|p2a: Probopass|0 fnt\n|faint|p2a: Probopass\n|\n|-weather|Hail|[upkeep]\n|-damage|p1a: Cobalion|76\/100|[from] Hail\n|-heal|p1a: Cobalion|82\/100|[from] item: Leftovers\n|upkeep\n|c|\u2606Ohseb|Good call\n|c|\u2606BugCatcherWeevil|thanks\n|\n|t:|1612512291\n|switch|p2a: Incineroar|Incineroar, F, shiny|100\/100\n|-ability|p2a: Incineroar|Intimidate|boost\n|-unboost|p1a: Cobalion|atk|1\n|turn|7\n|\n|t:|1612512304\n|move|p1a: Cobalion|Volt Switch|p2a: Incineroar\n|-damage|p2a: Incineroar|91\/100\n|\n|t:|1612512330\n|switch|p1a: Moltres|Moltres|100\/100|[from]move: Volt Switch\n|move|p2a: Incineroar|Knock Off|p1a: Moltres\n|-damage|p1a: Moltres|71\/100\n|-enditem|p1a: Moltres|Heavy-Duty Boots|[from] move: Knock Off|[of] p2a: Incineroar\n|\n|-weather|none\n|upkeep\n|turn|8\n|\n|t:|1612512369\n|switch|p2a: Haunter|Haunter, M, shiny|100\/100\n|move|p1a: Moltres|Scorching Sands|p2a: Haunter\n|-immune|p2a: Haunter|[from] ability: Levitate\n|\n|upkeep\n|turn|9\n|c|\u2606BugCatcherWeevil|nice one\n|\n|t:|1612512435\n|switch|p2a: Torterra|Torterra, F, shiny|100\/100\n|-status|p2a: Torterra|psn\n|move|p1a: Moltres|Mystical Fire|p2a: Torterra\n|-supereffective|p2a: Torterra\n|-damage|p2a: Torterra|24\/100 psn\n|-unboost|p2a: Torterra|spa|1\n|\n|-heal|p2a: Torterra|30\/100 psn|[from] item: Leftovers\n|-damage|p2a: Torterra|17\/100 psn|[from] psn\n|upkeep\n|turn|10\n|\n|t:|1612512467\n|move|p1a: Moltres|Mystical Fire|p2a: Torterra\n|-supereffective|p2a: Torterra\n|-damage|p2a: Torterra|0 fnt\n|faint|p2a: Torterra\n|\n|upkeep\n|\n|t:|1612512510\n|switch|p2a: Drampa|Drampa, F, shiny|94\/100\n|-status|p2a: Drampa|psn\n|turn|11\n|\n|t:|1612512528\n|switch|p1a: Silvally|Silvally-Fairy|100\/100\n|move|p2a: Drampa|Hyper Voice|p1a: Silvally\n|-damage|p1a: Silvally|42\/100\n|\n|-damage|p2a: Drampa|82\/100 psn|[from] psn\n|upkeep\n|turn|12\n|\n|t:|1612512539\n|move|p1a: Silvally|Multi-Attack|p2a: Drampa\n|-supereffective|p2a: Drampa\n|-damage|p2a: Drampa|0 fnt\n|faint|p2a: Drampa\n|\n|upkeep\n|\n|t:|1612512548\n|switch|p2a: Haunter|Haunter, M, shiny|100\/100\n|turn|13\n|\n|t:|1612512580\n|switch|p1a: Aurorus|Aurorus, F|72\/100\n|-weather|Hail|[from] ability: Snow Warning|[of] p1a: Aurorus\n|move|p2a: Haunter|Shadow Ball|p1a: Aurorus\n|-damage|p1a: Aurorus|50\/100\n|\n|-weather|Hail|[upkeep]\n|-damage|p2a: Haunter|94\/100|[from] Hail\n|upkeep\n|turn|14\n|\n|t:|1612512656\n|switch|p2a: Incineroar|Incineroar, F, shiny|91\/100\n|-ability|p2a: Incineroar|Intimidate|boost\n|-unboost|p1a: Aurorus|atk|1\n|move|p1a: Aurorus|Blizzard|p2a: Incineroar\n|-resisted|p2a: Incineroar\n|-damage|p2a: Incineroar|76\/100\n|\n|-weather|Hail|[upkeep]\n|-damage|p2a: Incineroar|70\/100|[from] Hail\n|upkeep\n|turn|15\n|\n|t:|1612512672\n|switch|p1a: Moltres|Moltres|71\/100\n|move|p2a: Incineroar|Blaze Kick|p1a: Moltres\n|-resisted|p1a: Moltres\n|-damage|p1a: Moltres|57\/100\n|\n|-weather|Hail|[upkeep]\n|-damage|p1a: Moltres|51\/100|[from] Hail\n|-damage|p2a: Incineroar|64\/100|[from] Hail\n|upkeep\n|turn|16\n|\n|t:|1612512685\n|move|p1a: Moltres|Roost|p1a: Moltres\n|-heal|p1a: Moltres|100\/100\n|-singleturn|p1a: Moltres|move: Roost\n|move|p2a: Incineroar|Parting Shot|p1a: Moltres\n|-unboost|p1a: Moltres|atk|1\n|-unboost|p1a: Moltres|spa|1\n|\n|t:|1612512698\n|switch|p2a: Hitmontop|Hitmontop, M, shiny|87\/100|[from]move: Parting Shot\n|-status|p2a: Hitmontop|psn\n|-ability|p2a: Hitmontop|Intimidate|boost\n|-unboost|p1a: Moltres|atk|1\n|\n|-weather|Hail|[upkeep]\n|-damage|p1a: Moltres|94\/100|[from] Hail\n|-damage|p2a: Hitmontop|81\/100 psn|[from] Hail\n|-damage|p2a: Hitmontop|68\/100 psn|[from] psn\n|upkeep\n|turn|17\n|\n|t:|1612512709\n|switch|p1a: Cofagrigus|Cofagrigus, M|100\/100\n|move|p2a: Hitmontop|Rock Slide|p1a: Cofagrigus\n|-damage|p1a: Cofagrigus|82\/100\n|-damage|p2a: Hitmontop|59\/100 psn|[from] item: Life Orb\n|\n|-weather|none\n|-heal|p1a: Cofagrigus|88\/100|[from] item: Leftovers\n|-damage|p2a: Hitmontop|46\/100 psn|[from] psn\n|upkeep\n|turn|18\n|c|\u2606BugCatcherWeevil|good call, i was afraid of that\n|\n|t:|1612512726\n|switch|p2a: Incineroar|Incineroar, F, shiny|64\/100\n|-ability|p2a: Incineroar|Intimidate|boost\n|-unboost|p1a: Cofagrigus|atk|1\n|move|p1a: Cofagrigus|Shadow Ball|p2a: Incineroar\n|-resisted|p2a: Incineroar\n|-damage|p2a: Incineroar|55\/100\n|\n|-heal|p1a: Cofagrigus|94\/100|[from] item: Leftovers\n|upkeep\n|turn|19\n|\n|t:|1612512740\n|switch|p1a: Moltres|Moltres|94\/100\n|move|p2a: Incineroar|Knock Off|p1a: Moltres\n|-damage|p1a: Moltres|73\/100\n|\n|upkeep\n|turn|20\n|\n|t:|1612512751\n|move|p1a: Moltres|Mystical Fire|p2a: Incineroar\n|-resisted|p2a: Incineroar\n|-damage|p2a: Incineroar|43\/100\n|-unboost|p2a: Incineroar|spa|1\n|move|p2a: Incineroar|Knock Off|p1a: Moltres\n|-damage|p1a: Moltres|53\/100\n|\n|upkeep\n|turn|21\n|\n|t:|1612512758\n|move|p1a: Moltres|Roost|p1a: Moltres\n|-heal|p1a: Moltres|100\/100\n|-singleturn|p1a: Moltres|move: Roost\n|move|p2a: Incineroar|Knock Off|p1a: Moltres\n|-damage|p1a: Moltres|80\/100\n|\n|upkeep\n|turn|22\n|c|\u2606Ohseb|Well played. You\u2019ve got this won\n|c|\u2606BugCatcherWeevil|u2\n|\n|t:|1612512791\n|move|p1a: Moltres|Scorching Sands|p2a: Incineroar\n|-supereffective|p2a: Incineroar\n|-damage|p2a: Incineroar|18\/100\n|move|p2a: Incineroar|Knock Off|p1a: Moltres\n|-damage|p1a: Moltres|59\/100\n|\n|upkeep\n|turn|23\n|\n|t:|1612512801\n|switch|p2a: Haunter|Haunter, M, shiny|94\/100\n|move|p1a: Moltres|Roost|p1a: Moltres\n|-heal|p1a: Moltres|100\/100\n|-singleturn|p1a: Moltres|move: Roost\n|\n|upkeep\n|turn|24\n|\n|t:|1612512815\n|move|p2a: Haunter|Trick|p1a: Moltres\n|-activate|p2a: Haunter|move: Trick|[of] p1a: Moltres\n|-item|p1a: Moltres|Choice Scarf|[from] move: Trick\n|-enditem|p2a: Haunter|Choice Scarf|[silent]|[from] move: Trick\n|move|p1a: Moltres|Mystical Fire|p2a: Haunter\n|-damage|p2a: Haunter|20\/100\n|-unboost|p2a: Haunter|spa|1\n|\n|upkeep\n|turn|25\n|\n|t:|1612512830\n|move|p1a: Moltres|Mystical Fire|p2a: Haunter\n|-damage|p2a: Haunter|0 fnt\n|faint|p2a: Haunter\n|\n|upkeep\n|\n|t:|1612512841\n|switch|p2a: Hitmontop|Hitmontop, M, shiny|46\/100 psn\n|-ability|p2a: Hitmontop|Intimidate|boost\n|-unboost|p1a: Moltres|atk|1\n|turn|26\n|\n|t:|1612512846\n|switch|p1a: Cofagrigus|Cofagrigus, M|94\/100\n|move|p2a: Hitmontop|Rock Slide|p1a: Cofagrigus\n|-damage|p1a: Cofagrigus|77\/100\n|-damage|p2a: Hitmontop|36\/100 psn|[from] item: Life Orb\n|\n|-heal|p1a: Cofagrigus|83\/100|[from] item: Leftovers\n|-damage|p2a: Hitmontop|24\/100 psn|[from] psn\n|upkeep\n|turn|27\n|\n|t:|1612512858\n|move|p2a: Hitmontop|Rock Slide|p1a: Cofagrigus\n|-damage|p1a: Cofagrigus|65\/100\n|-damage|p2a: Hitmontop|14\/100 psn|[from] item: Life Orb\n|move|p1a: Cofagrigus|Body Press|p2a: Hitmontop\n|-damage|p2a: Hitmontop|0 fnt\n|faint|p2a: Hitmontop\n|\n|-heal|p1a: Cofagrigus|71\/100|[from] item: Leftovers\n|upkeep\n|\n|t:|1612512869\n|switch|p2a: Incineroar|Incineroar, F, shiny|18\/100\n|-ability|p2a: Incineroar|Intimidate|boost\n|-unboost|p1a: Cofagrigus|atk|1\n|turn|28\n|\n|t:|1612512875\n|move|p2a: Incineroar|Knock Off|p1a: Cofagrigus\n|-supereffective|p1a: Cofagrigus\n|-damage|p1a: Cofagrigus|30\/100\n|-activate|p1a: Cofagrigus|ability: Mummy|Intimidate|[of] p2a: Incineroar\n|-enditem|p1a: Cofagrigus|Leftovers|[from] move: Knock Off|[of] p2a: Incineroar\n|move|p1a: Cofagrigus|Body Press|p2a: Incineroar\n|-supereffective|p2a: Incineroar\n|-damage|p2a: Incineroar|0 fnt\n|faint|p2a: Incineroar\n|\n|win|BugCatcherWeevil\n|c|\u2606BugCatcherWeevil|gg\n","uploadtime":1612512888,"views":52,"p1id":"bugcatcherweevil","p2id":"ohseb","formatid":"gen8nationaldex","rating":0,"private":0,"password":null}