{"id":"gen8ou-1701264313","p1":"64j3t3hrt3h","p2":"SDK04","format":"gen8ou","log":"|j|\u260664j3t3hrt3h\n|j|\u2606SDK04\n|t:|1667425551\n|gametype|singles\n|player|p1|64j3t3hrt3h|265|1568\n|player|p2|SDK04|nate|1573\n|teamsize|p1|6\n|teamsize|p2|6\n|gen|8\n|tier|[Gen 8] OU\n|rated|\n|rule|Sleep Clause Mod: Limit one foe put to sleep\n|rule|Species Clause: Limit one of each Pok\u00e9mon\n|rule|OHKO Clause: OHKO moves are banned\n|rule|Evasion Items Clause: Evasion items are banned\n|rule|Evasion Moves Clause: Evasion moves are banned\n|rule|Endless Battle Clause: Forcing endless battles is banned\n|rule|HP Percentage Mod: HP is shown in percentages\n|rule|Dynamax Clause: You cannot dynamax\n|clearpoke\n|poke|p1|Buzzwole|\n|poke|p1|Landorus-Therian, M|\n|poke|p1|Magnezone|\n|poke|p1|Tyranitar, F|\n|poke|p1|Tapu Lele|\n|poke|p1|Toxapex, F|\n|poke|p2|Volcanion|\n|poke|p2|Landorus-Therian, M|\n|poke|p2|Zapdos|\n|poke|p2|Melmetal|\n|poke|p2|Tapu Lele|\n|poke|p2|Dragapult, F|\n|teampreview\n|inactive|Battle timer is ON: inactive players will automatically lose when time's up. (requested by SDK04)\n|j| i love coffqe\n|\n|t:|1667425556\n|start\n|switch|p1a: Tapu Lele|Tapu Lele, shiny|100\/100\n|switch|p2a: Dragapult|Dragapult, F|100\/100\n|-fieldstart|move: Psychic Terrain|[from] ability: Psychic Surge|[of] p1a: Tapu Lele\n|turn|1\n|\n|t:|1667425561\n|switch|p2a: Melmetal|Melmetal|100\/100\n|switch|p1a: Tyranitar|Tyranitar, F|100\/100\n|-weather|Sandstorm|[from] ability: Sand Stream|[of] p1a: Tyranitar\n|\n|-weather|Sandstorm|[upkeep]\n|upkeep\n|turn|2\n|\n|t:|1667425567\n|switch|p1a: Toxapex|Toxapex, F|100\/100\n|move|p2a: Melmetal|Double Iron Bash|p1a: Toxapex\n|-resisted|p1a: Toxapex\n|-damage|p1a: Toxapex|88\/100\n|-damage|p2a: Melmetal|84\/100|[from] item: Rocky Helmet|[of] p1a: Toxapex\n|-resisted|p1a: Toxapex\n|-damage|p1a: Toxapex|75\/100\n|-damage|p2a: Melmetal|67\/100|[from] item: Rocky Helmet|[of] p1a: Toxapex\n|-hitcount|p1a: Toxapex|2\n|\n|-weather|Sandstorm|[upkeep]\n|-damage|p1a: Toxapex|69\/100|[from] Sandstorm\n|upkeep\n|turn|3\n|\n|t:|1667425575\n|move|p2a: Melmetal|Earthquake|p1a: Toxapex\n|-supereffective|p1a: Toxapex\n|-damage|p1a: Toxapex|16\/100\n|move|p1a: Toxapex|Knock Off|p2a: Melmetal\n|-damage|p2a: Melmetal|57\/100\n|-enditem|p2a: Melmetal|Assault Vest|[from] move: Knock Off|[of] p1a: Toxapex\n|\n|-weather|Sandstorm|[upkeep]\n|-damage|p1a: Toxapex|10\/100|[from] Sandstorm\n|upkeep\n|turn|4\n|\n|t:|1667425580\n|switch|p1a: Landorus|Landorus-Therian, M|100\/100\n|-ability|p1a: Landorus|Intimidate|boost\n|-unboost|p2a: Melmetal|atk|1\n|move|p2a: Melmetal|Double Iron Bash|p1a: Landorus\n|-damage|p1a: Landorus|70\/100\n|-damage|p1a: Landorus|40\/100\n|-hitcount|p1a: Landorus|2\n|\n|-weather|Sandstorm|[upkeep]\n|-heal|p1a: Landorus|46\/100|[from] item: Leftovers\n|upkeep\n|turn|5\n|\n|t:|1667425587\n|move|p1a: Landorus|U-turn|p2a: Melmetal\n|-resisted|p2a: Melmetal\n|-damage|p2a: Melmetal|50\/100\n|\n|t:|1667425589\n|switch|p1a: Magnezone|Magnezone|100\/100|[from]move: U-turn\n|move|p2a: Melmetal|Double Iron Bash|p1a: Magnezone\n|-resisted|p1a: Magnezone\n|-damage|p1a: Magnezone|95\/100\n|-resisted|p1a: Magnezone\n|-damage|p1a: Magnezone|90\/100\n|-hitcount|p1a: Magnezone|2\n|\n|-weather|none\n|-heal|p1a: Magnezone|96\/100|[from] item: Leftovers\n|-fieldend|move: Psychic Terrain\n|upkeep\n|turn|6\n|\n|t:|1667425592\n|move|p1a: Magnezone|Magnet Rise|p1a: Magnezone\n|-start|p1a: Magnezone|Magnet Rise\n|move|p2a: Melmetal|Earthquake|p1a: Magnezone\n|-immune|p1a: Magnezone\n|\n|-heal|p1a: Magnezone|100\/100|[from] item: Leftovers\n|upkeep\n|turn|7\n|\n|t:|1667425595\n|move|p1a: Magnezone|Iron Defense|p1a: Magnezone\n|-boost|p1a: Magnezone|def|2\n|move|p2a: Melmetal|Superpower|p1a: Magnezone\n|-supereffective|p1a: Magnezone\n|-crit|p1a: Magnezone\n|-damage|p1a: Magnezone|0 fnt\n|-unboost|p2a: Melmetal|atk|1\n|-unboost|p2a: Melmetal|def|1\n|faint|p1a: Magnezone\n|\n|upkeep\n|-message|64j3t3hrt3h forfeited.\n|\n|win|SDK04\n|raw|64j3t3hrt3h's rating: 1568 &rarr; <strong>1548<\/strong><br \/>(-20 for losing)\n|raw|SDK04's rating: 1573 &rarr; <strong>1593<\/strong><br \/>(+20 for winning)\n|l|\u260664j3t3hrt3h\n","uploadtime":1667425602,"views":7,"p1id":"64j3t3hrt3h","p2id":"sdk04","formatid":"gen8ou","rating":1548,"private":0,"password":null}