{"id":"gen8ru-1371556778","p1":"RTSG tests","p2":"RULT50Y DR Stone","format":"gen8ru","log":"|raw|<div class=\"broadcast-blue\"><strong>This battle is required to be public due to a player having a name starting with 'rult50'.<\/div>\n|j|\u2606RTSG tests\n|j|\u2606RULT50Y DR Stone\n|t:|1625570171\n|gametype|singles\n|player|p1|RTSG tests|hilbert|1230\n|player|p2|RULT50Y DR Stone|steven-gen3|1325\n|teamsize|p1|6\n|teamsize|p2|6\n|gen|8\n|tier|[Gen 8] RU\n|rated|\n|rule|Sleep Clause Mod: Limit one foe put to sleep\n|rule|Species Clause: Limit one of each Pok\u00e9mon\n|rule|OHKO Clause: OHKO moves are banned\n|rule|Evasion Moves Clause: Evasion moves are banned\n|rule|Endless Battle Clause: Forcing endless battles is banned\n|rule|HP Percentage Mod: HP is shown in percentages\n|rule|Dynamax Clause: You cannot dynamax\n|clearpoke\n|poke|p1|Indeedee, M|\n|poke|p1|Sceptile, M|\n|poke|p1|Starmie|\n|poke|p1|Aerodactyl, F|\n|poke|p1|Darmanitan, M|\n|poke|p1|Toxtricity, F|\n|poke|p2|Necrozma|\n|poke|p2|Gardevoir, F|\n|poke|p2|Metagross|\n|poke|p2|Mimikyu, F|\n|poke|p2|Incineroar, M|\n|poke|p2|Sharpedo, M|\n|teampreview\n|inactive|Battle timer is ON: inactive players will automatically lose when time's up. (requested by RULT50Y DR Stone)\n|c|\u2606RTSG tests|RULT started?\n|\n|t:|1625570186\n|start\n|switch|p1a: Aerodactyl|Aerodactyl, F|100\/100\n|switch|p2a: Necrozma|Necrozma|100\/100\n|-ability|p1a: Aerodactyl|Pressure\n|turn|1\n|\n|t:|1625570191\n|move|p1a: Aerodactyl|Taunt|p2a: Necrozma\n|-start|p2a: Necrozma|move: Taunt\n|move|p2a: Necrozma|Meteor Beam||[still]\n|-prepare|p2a: Necrozma|Meteor Beam\n|-boost|p2a: Necrozma|spa|1\n|-enditem|p2a: Necrozma|Power Herb\n|-anim|p2a: Necrozma|Meteor Beam|p1a: Aerodactyl\n|-supereffective|p1a: Aerodactyl\n|-enditem|p1a: Aerodactyl|Focus Sash\n|-damage|p1a: Aerodactyl|1\/100\n|\n|upkeep\n|turn|2\n|\n|t:|1625570197\n|move|p1a: Aerodactyl|Stealth Rock|p2a: Necrozma\n|-sidestart|p2: RULT50Y DR Stone|move: Stealth Rock\n|move|p2a: Necrozma|Photon Geyser|p1a: Aerodactyl\n|-damage|p1a: Aerodactyl|0 fnt\n|faint|p1a: Aerodactyl\n|\n|upkeep\n|c|\u2606RULT50Y DR Stone|Yes\n|\n|t:|1625570208\n|switch|p1a: Darmanitan|Darmanitan, M|100\/100\n|turn|3\n|\n|t:|1625570215\n|move|p1a: Darmanitan|U-turn|p2a: Necrozma\n|-supereffective|p2a: Necrozma\n|-damage|p2a: Necrozma|62\/100\n|\n|t:|1625570220\n|switch|p1a: Starmie|Starmie|100\/100|[from]move: U-turn\n|move|p2a: Necrozma|Photon Geyser|p1a: Starmie\n|-resisted|p1a: Starmie\n|-damage|p1a: Starmie|47\/100\n|\n|-end|p2a: Necrozma|move: Taunt\n|upkeep\n|turn|4\n|\n|t:|1625570229\n|move|p1a: Starmie|Hydro Pump|p2a: Necrozma\n|-damage|p2a: Necrozma|0 fnt\n|faint|p2a: Necrozma\n|-damage|p1a: Starmie|37\/100|[from] item: Life Orb\n|\n|upkeep\n|\n|t:|1625570250\n|switch|p2a: Mimikyu|Mimikyu, F|100\/100\n|-damage|p2a: Mimikyu|88\/100|[from] Stealth Rock\n|turn|5\n|\n|t:|1625570257\n|switch|p1a: Indeedee|Indeedee, M|100\/100\n|-fieldstart|move: Psychic Terrain|[from] ability: Psychic Surge|[of] p1a: Indeedee\n|move|p2a: Mimikyu|Shadow Sneak|p1a: Indeedee\n|-activate|p1a: Indeedee|move: Psychic Terrain\n|\n|upkeep\n|turn|6\n|\n|t:|1625570265\n|switch|p1a: Toxtricity|Toxtricity, F|100\/100\n|move|p2a: Mimikyu|Swords Dance|p2a: Mimikyu\n|-boost|p2a: Mimikyu|atk|2\n|\n|upkeep\n|turn|7\n|\n|t:|1625570273\n|move|p2a: Mimikyu|Play Rough|p1a: Toxtricity\n|-resisted|p1a: Toxtricity\n|-damage|p1a: Toxtricity|42\/100\n|move|p1a: Toxtricity|Volt Switch|p2a: Mimikyu\n|-activate|p2a: Mimikyu|ability: Disguise\n|-damage|p2a: Mimikyu|88\/100\n|detailschange|p2a: Mimikyu|Mimikyu-Busted, F\n|-damage|p2a: Mimikyu|76\/100|[from] pokemon: Mimikyu-Busted\n|-enditem|p2a: Mimikyu|Red Card|[of] p1a: Toxtricity\n|drag|p1a: Indeedee|Indeedee, M|100\/100\n|\n|upkeep\n|turn|8\n|\n|t:|1625570286\n|switch|p1a: Starmie|Starmie|37\/100\n|move|p2a: Mimikyu|Play Rough|p1a: Starmie\n|-damage|p1a: Starmie|0 fnt\n|faint|p1a: Starmie\n|\n|upkeep\n|\n|t:|1625570296\n|switch|p1a: Darmanitan|Darmanitan, M|100\/100\n|turn|9\n|\n|t:|1625570300\n|move|p1a: Darmanitan|Flare Blitz|p2a: Mimikyu\n|-damage|p2a: Mimikyu|0 fnt\n|faint|p2a: Mimikyu\n|-damage|p1a: Darmanitan|83\/100|[from] Recoil\n|\n|upkeep\n|\n|t:|1625570304\n|switch|p2a: Incineroar|Incineroar, M|100\/100\n|-damage|p2a: Incineroar|76\/100|[from] Stealth Rock\n|-ability|p2a: Incineroar|Intimidate|boost\n|-unboost|p1a: Darmanitan|atk|1\n|turn|10\n|\n|t:|1625570316\n|switch|p1a: Toxtricity|Toxtricity, F|42\/100\n|move|p2a: Incineroar|Flame Charge|p1a: Toxtricity\n|-damage|p1a: Toxtricity|1\/100\n|-boost|p2a: Incineroar|spe|1\n|\n|upkeep\n|turn|11\n|\n|t:|1625570322\n|move|p2a: Incineroar|Flame Charge|p1a: Toxtricity\n|-damage|p1a: Toxtricity|0 fnt\n|-boost|p2a: Incineroar|spe|1\n|faint|p1a: Toxtricity\n|\n|upkeep\n|\n|t:|1625570325\n|switch|p1a: Darmanitan|Darmanitan, M|83\/100\n|turn|12\n|\n|t:|1625570332\n|move|p2a: Incineroar|Bulk Up|p2a: Incineroar\n|-boost|p2a: Incineroar|atk|1\n|-boost|p2a: Incineroar|def|1\n|move|p1a: Darmanitan|Earthquake|p2a: Incineroar\n|-supereffective|p2a: Incineroar\n|-damage|p2a: Incineroar|24\/100\n|-enditem|p2a: Incineroar|Weakness Policy\n|-boost|p2a: Incineroar|atk|2|[from] item: Weakness Policy\n|-boost|p2a: Incineroar|spa|2|[from] item: Weakness Policy\n|\n|-fieldend|move: Psychic Terrain\n|upkeep\n|turn|13\n|\n|t:|1625570346\n|switch|p1a: Indeedee|Indeedee, M|100\/100\n|-fieldstart|move: Psychic Terrain|[from] ability: Psychic Surge|[of] p1a: Indeedee\n|move|p2a: Incineroar|Power Trip|p1a: Indeedee\n|-supereffective|p1a: Indeedee\n|-damage|p1a: Indeedee|0 fnt\n|faint|p1a: Indeedee\n|\n|upkeep\n|\n|t:|1625570349\n|switch|p1a: Sceptile|Sceptile, M|100\/100\n|-enditem|p1a: Sceptile|Psychic Seed\n|-boost|p1a: Sceptile|spd|1|[from] item: Psychic Seed\n|turn|14\n|\n|t:|1625570355\n|move|p1a: Sceptile|Earthquake|p2a: Incineroar\n|-supereffective|p2a: Incineroar\n|-damage|p2a: Incineroar|0 fnt\n|faint|p2a: Incineroar\n|\n|upkeep\n|\n|t:|1625570365\n|switch|p2a: Metagross|Metagross|100\/100\n|-damage|p2a: Metagross|95\/100|[from] Stealth Rock\n|turn|15\n|\n|t:|1625570370\n|move|p1a: Sceptile|Swords Dance|p1a: Sceptile\n|-boost|p1a: Sceptile|atk|2\n|move|p2a: Metagross|Meteor Mash|p1a: Sceptile\n|-damage|p1a: Sceptile|16\/100\n|\n|upkeep\n|turn|16\n|\n|t:|1625570382\n|move|p1a: Sceptile|Earthquake|p2a: Metagross\n|-supereffective|p2a: Metagross\n|-damage|p2a: Metagross|0 fnt\n|faint|p2a: Metagross\n|\n|upkeep\n|\n|t:|1625570389\n|switch|p2a: Sharpedo|Sharpedo, M|100\/100\n|-damage|p2a: Sharpedo|88\/100|[from] Stealth Rock\n|turn|17\n|\n|t:|1625570392\n|move|p2a: Sharpedo|Protect|p2a: Sharpedo\n|-singleturn|p2a: Sharpedo|Protect\n|move|p1a: Sceptile|Leaf Blade|p2a: Sharpedo\n|-activate|p2a: Sharpedo|move: Protect\n|\n|-ability|p2a: Sharpedo|Speed Boost|boost\n|-boost|p2a: Sharpedo|spe|1\n|upkeep\n|turn|18\n|\n|t:|1625570396\n|move|p2a: Sharpedo|Protect||[still]\n|-fail|p2a: Sharpedo\n|move|p1a: Sceptile|Leaf Blade|p2a: Sharpedo\n|-supereffective|p2a: Sharpedo\n|-damage|p2a: Sharpedo|0 fnt\n|faint|p2a: Sharpedo\n|\n|upkeep\n|\n|t:|1625570398\n|switch|p2a: Gardevoir|Gardevoir, F|100\/100\n|-damage|p2a: Gardevoir|88\/100|[from] Stealth Rock\n|-ability|p2a: Gardevoir|Unburden|[from] ability: Trace|[of] p1a: Sceptile\n|turn|19\n|\n|t:|1625570401\n|move|p1a: Sceptile|Leaf Blade|p2a: Gardevoir\n|-damage|p2a: Gardevoir|0 fnt\n|faint|p2a: Gardevoir\n|\n|win|RTSG tests\n|raw|RTSG tests's rating: 1230 &rarr; <strong>1262<\/strong><br \/>(+32 for winning)\n|raw|RULT50Y DR Stone's rating: 1325 &rarr; <strong>1300<\/strong><br \/>(-25 for losing)\n|c|\u2606RTSG tests|gg\n|c|\u2606RULT50Y DR Stone|gg\n|l|\u2606RULT50Y DR Stone\n","uploadtime":1625570407,"views":22,"p1id":"rtsgtests","p2id":"rult50ydrstone","formatid":"gen8ru","rating":1262,"private":0,"password":null}