{"id":"gen8ubers-1490078842","p1":"Ivyon","p2":"done questin","format":"gen8ubers","log":"|j|\u2606Ivyon\n|j|\u2606done questin\n|t:|1641995765\n|gametype|singles\n|player|p1|Ivyon|blue|1308\n|player|p2|done questin|2|1579\n|teamsize|p1|6\n|teamsize|p2|6\n|gen|8\n|tier|[Gen 8] Ubers\n|rated|\n|rule|Sleep Clause Mod: Limit one foe put to sleep\n|rule|Species Clause: Limit one of each Pok\u00e9mon\n|rule|OHKO Clause: OHKO moves are banned\n|rule|Evasion Moves Clause: Evasion moves are banned\n|rule|Endless Battle Clause: Forcing endless battles is banned\n|rule|HP Percentage Mod: HP is shown in percentages\n|rule|Dynamax Clause: You cannot dynamax\n|clearpoke\n|poke|p1|Sharpedo, F|\n|poke|p1|Dragonite, M|\n|poke|p1|Blaziken, M|\n|poke|p1|Cloyster, M|\n|poke|p1|Espeon, F|\n|poke|p1|Mimikyu, M|\n|poke|p2|Yveltal|\n|poke|p2|Xerneas-*|\n|poke|p2|Kyogre|\n|poke|p2|Zygarde|\n|poke|p2|Necrozma-Dusk-Mane|\n|poke|p2|Ditto|\n|teampreview\n|j| g7vd53oah\n|l| g7vd53oah\n|j| EarlyNoob1994\n|inactive|Battle timer is ON: inactive players will automatically lose when time's up. (requested by Ivyon)\n|inactive|done questin has 120 seconds left.\n|\n|t:|1641995839\n|start\n|switch|p1a: Sharpedo|Sharpedo, F|100\/100\n|switch|p2a: Yveltal|Yveltal|100\/100\n|-ability|p2a: Yveltal|Dark Aura\n|turn|1\n|\n|t:|1641995845\n|switch|p2a: Xerneas|Xerneas|100\/100\n|-ability|p2a: Xerneas|Fairy Aura\n|move|p1a: Sharpedo|Taunt|p2a: Xerneas\n|-start|p2a: Xerneas|move: Taunt\n|\n|-ability|p1a: Sharpedo|Speed Boost|boost\n|-boost|p1a: Sharpedo|spe|1\n|upkeep\n|turn|2\n|\n|t:|1641995854\n|move|p1a: Sharpedo|Crunch|p2a: Xerneas\n|-resisted|p2a: Xerneas\n|-damage|p2a: Xerneas|89\/100\n|move|p2a: Xerneas|Moonblast|p1a: Sharpedo\n|-supereffective|p1a: Sharpedo\n|-enditem|p1a: Sharpedo|Focus Sash\n|-damage|p1a: Sharpedo|1\/100\n|\n|-ability|p1a: Sharpedo|Speed Boost|boost\n|-boost|p1a: Sharpedo|spe|1\n|upkeep\n|turn|3\n|\n|t:|1641995863\n|move|p1a: Sharpedo|Destiny Bond|p1a: Sharpedo\n|-singlemove|p1a: Sharpedo|Destiny Bond\n|move|p2a: Xerneas|Moonblast|p1a: Sharpedo\n|-supereffective|p1a: Sharpedo\n|-damage|p1a: Sharpedo|0 fnt\n|faint|p1a: Sharpedo\n|-activate|p1a: Sharpedo|move: Destiny Bond\n|faint|p2a: Xerneas\n|\n|upkeep\n|\n|t:|1641995876\n|switch|p1a: Espeon|Espeon, F|100\/100\n|switch|p2a: Yveltal|Yveltal|100\/100\n|-ability|p2a: Yveltal|Dark Aura\n|turn|4\n|\n|t:|1641995882\n|move|p1a: Espeon|Dazzling Gleam|p2a: Yveltal\n|-supereffective|p2a: Yveltal\n|-damage|p2a: Yveltal|51\/100\n|move|p2a: Yveltal|Knock Off|p1a: Espeon\n|-supereffective|p1a: Espeon\n|-enditem|p1a: Espeon|Focus Sash\n|-damage|p1a: Espeon|1\/100\n|\n|upkeep\n|turn|5\n|\n|t:|1641995890\n|move|p1a: Espeon|Wish|p1a: Espeon\n|move|p2a: Yveltal|U-turn|p1a: Espeon\n|-supereffective|p1a: Espeon\n|-damage|p1a: Espeon|0 fnt\n|faint|p1a: Espeon\n|\n|t:|1641995894\n|switch|p2a: Zygarde|Zygarde|100\/100|[from]move: U-turn\n|\n|upkeep\n|\n|t:|1641995911\n|switch|p1a: Mimikyu|Mimikyu, M, shiny|100\/100\n|turn|6\n|\n|t:|1641995920\n|move|p1a: Mimikyu|Substitute|p1a: Mimikyu\n|-start|p1a: Mimikyu|Substitute\n|-damage|p1a: Mimikyu|75\/100\n|move|p2a: Zygarde|Thousand Arrows|p1a: Mimikyu\n|-end|p1a: Mimikyu|Substitute\n|\n|-heal|p1a: Mimikyu|100\/100|[from] move: Wish|[wisher] Espeon\n|upkeep\n|turn|7\n|\n|t:|1641995929\n|move|p1a: Mimikyu|Swords Dance|p1a: Mimikyu\n|-boost|p1a: Mimikyu|atk|2\n|move|p2a: Zygarde|Thousand Arrows|p1a: Mimikyu\n|-activate|p1a: Mimikyu|ability: Disguise\n|-damage|p1a: Mimikyu|100\/100\n|detailschange|p1a: Mimikyu|Mimikyu-Busted, M, shiny\n|-damage|p1a: Mimikyu|88\/100|[from] pokemon: Mimikyu-Busted\n|\n|upkeep\n|turn|8\n|j| owored\n|\n|t:|1641995940\n|move|p1a: Mimikyu|Play Rough|p2a: Zygarde\n|-supereffective|p2a: Zygarde\n|-damage|p2a: Zygarde|0 fnt\n|faint|p2a: Zygarde\n|\n|upkeep\n|\n|t:|1641995944\n|switch|p2a: Ditto|Ditto|100\/100\n|-transform|p2a: Ditto|p1a: Mimikyu|[from] ability: Imposter\n|turn|9\n|\n|t:|1641995953\n|move|p1a: Mimikyu|Shadow Sneak|p2a: Ditto\n|-supereffective|p2a: Ditto\n|-damage|p2a: Ditto|10\/100\n|move|p2a: Ditto|Play Rough|p1a: Mimikyu\n|-damage|p1a: Mimikyu|0 fnt\n|faint|p1a: Mimikyu\n|\n|upkeep\n|\n|t:|1641995981\n|switch|p1a: Blaziken|Blaziken, M, shiny|100\/100\n|turn|10\n|\n|t:|1641995985\n|switch|p2a: Kyogre|Kyogre|100\/100\n|-weather|RainDance|[from] ability: Drizzle|[of] p2a: Kyogre\n|move|p1a: Blaziken|Swords Dance|p1a: Blaziken\n|-boost|p1a: Blaziken|atk|2\n|\n|-weather|RainDance|[upkeep]\n|-ability|p1a: Blaziken|Speed Boost|boost\n|-boost|p1a: Blaziken|spe|1\n|upkeep\n|turn|11\n|\n|t:|1641995994\n|move|p1a: Blaziken|Close Combat|p2a: Kyogre\n|-damage|p2a: Kyogre|0 fnt\n|-unboost|p1a: Blaziken|def|1\n|-unboost|p1a: Blaziken|spd|1\n|faint|p2a: Kyogre\n|\n|-weather|RainDance|[upkeep]\n|-ability|p1a: Blaziken|Speed Boost|boost\n|-boost|p1a: Blaziken|spe|1\n|upkeep\n|\n|t:|1641995997\n|switch|p2a: Ditto|Ditto|10\/100\n|-transform|p2a: Ditto|p1a: Blaziken|[from] ability: Imposter\n|turn|12\n|\n|t:|1641996005\n|move|p2a: Ditto|Close Combat|p1a: Blaziken\n|-enditem|p1a: Blaziken|Focus Sash\n|-damage|p1a: Blaziken|1\/100\n|-unboost|p2a: Ditto|def|1\n|-unboost|p2a: Ditto|spd|1\n|move|p1a: Blaziken|Knock Off|p2a: Ditto\n|-resisted|p2a: Ditto\n|-damage|p2a: Ditto|0 fnt\n|-enditem|p2a: Ditto|Choice Scarf|[from] move: Knock Off|[of] p1a: Blaziken\n|faint|p2a: Ditto\n|\n|-weather|RainDance|[upkeep]\n|-ability|p1a: Blaziken|Speed Boost|boost\n|-boost|p1a: Blaziken|spe|1\n|upkeep\n|\n|t:|1641996009\n|switch|p2a: Yveltal|Yveltal|51\/100\n|-ability|p2a: Yveltal|Dark Aura\n|turn|13\n|\n|t:|1641996020\n|move|p2a: Yveltal|Sucker Punch||[still]\n|-fail|p2a: Yveltal\n|move|p1a: Blaziken|Swords Dance|p1a: Blaziken\n|-boost|p1a: Blaziken|atk|2\n|\n|-weather|RainDance|[upkeep]\n|-ability|p1a: Blaziken|Speed Boost|boost\n|-boost|p1a: Blaziken|spe|1\n|upkeep\n|turn|14\n|\n|t:|1641996026\n|move|p2a: Yveltal|Sucker Punch||[still]\n|-fail|p2a: Yveltal\n|move|p1a: Blaziken|Swords Dance|p1a: Blaziken\n|-boost|p1a: Blaziken|atk|2\n|\n|-weather|none\n|-ability|p1a: Blaziken|Speed Boost|boost\n|-boost|p1a: Blaziken|spe|1\n|upkeep\n|turn|15\n|\n|t:|1641996033\n|move|p2a: Yveltal|Sucker Punch||[still]\n|-fail|p2a: Yveltal\n|move|p1a: Blaziken|Swords Dance|p1a: Blaziken\n|-boost|p1a: Blaziken|atk|0\n|\n|-ability|p1a: Blaziken|Speed Boost|boost\n|-boost|p1a: Blaziken|spe|1\n|upkeep\n|turn|16\n|\n|t:|1641996043\n|move|p2a: Yveltal|Sucker Punch||[still]\n|-fail|p2a: Yveltal\n|move|p1a: Blaziken|Swords Dance|p1a: Blaziken\n|-boost|p1a: Blaziken|atk|0\n|\n|upkeep\n|turn|17\n|\n|t:|1641996048\n|move|p1a: Blaziken|Close Combat|p2a: Yveltal\n|-damage|p2a: Yveltal|0 fnt\n|-unboost|p1a: Blaziken|def|1\n|-unboost|p1a: Blaziken|spd|1\n|-damage|p1a: Blaziken|0 fnt|[from] item: Rocky Helmet|[of] p2a: Yveltal\n|faint|p2a: Yveltal\n|faint|p1a: Blaziken\n|\n|upkeep\n|\n|t:|1641996066\n|switch|p2a: Necrozma|Necrozma-Dusk-Mane|100\/100\n|switch|p1a: Dragonite|Dragonite, M, shiny|100\/100\n|turn|18\n|\n|t:|1641996070\n|move|p2a: Necrozma|Dragon Dance|p2a: Necrozma\n|-boost|p2a: Necrozma|atk|1\n|-boost|p2a: Necrozma|spe|1\n|move|p1a: Dragonite|Dragon Dance|p1a: Dragonite\n|-boost|p1a: Dragonite|atk|1\n|-boost|p1a: Dragonite|spe|1\n|\n|upkeep\n|turn|19\n|\n|t:|1641996083\n|move|p2a: Necrozma|Sunsteel Strike|p1a: Dragonite\n|-damage|p1a: Dragonite|11\/100\n|move|p1a: Dragonite|Fire Punch|p2a: Necrozma\n|-supereffective|p2a: Necrozma\n|-damage|p2a: Necrozma|47\/100\n|-enditem|p2a: Necrozma|Weakness Policy\n|-boost|p2a: Necrozma|atk|2|[from] item: Weakness Policy\n|-boost|p2a: Necrozma|spa|2|[from] item: Weakness Policy\n|\n|upkeep\n|turn|20\n|\n|t:|1641996095\n|move|p1a: Dragonite|Extreme Speed|p2a: Necrozma\n|-resisted|p2a: Necrozma\n|-damage|p2a: Necrozma|27\/100\n|move|p2a: Necrozma|Sunsteel Strike|p1a: Dragonite\n|-damage|p1a: Dragonite|0 fnt\n|faint|p1a: Dragonite\n|\n|upkeep\n|\n|t:|1641996104\n|switch|p1a: Cloyster|Cloyster, M|100\/100\n|turn|21\n|\n|t:|1641996126\n|move|p2a: Necrozma|Sunsteel Strike|p1a: Cloyster\n|-enditem|p1a: Cloyster|Focus Sash\n|-damage|p1a: Cloyster|1\/100\n|move|p1a: Cloyster|Shell Smash|p1a: Cloyster\n|-unboost|p1a: Cloyster|def|1\n|-unboost|p1a: Cloyster|spd|1\n|-boost|p1a: Cloyster|atk|2\n|-boost|p1a: Cloyster|spa|2\n|-boost|p1a: Cloyster|spe|2\n|\n|upkeep\n|turn|22\n|\n|t:|1641996136\n|move|p1a: Cloyster|Liquidation|p2a: Necrozma\n|-crit|p2a: Necrozma\n|-damage|p2a: Necrozma|0 fnt\n|faint|p2a: Necrozma\n|\n|win|Ivyon\n|raw|Ivyon's rating: 1308 &rarr; <strong>1341<\/strong><br \/>(+33 for winning)\n|raw|done questin's rating: 1579 &rarr; <strong>1546<\/strong><br \/>(-33 for losing)\n|l|\u2606done questin\n|c|\u2606Ivyon|gg\n|j| Tggfgfghytgh\n||Ladder isn't responding, score probably updated but might not have (Request timeout).\n","uploadtime":1641996151,"views":14,"p1id":"ivyon","p2id":"donequestin","formatid":"gen8ubers","rating":1341,"private":0,"password":null}