{"id":"gen8nationaldexag-1673684469","p1":"paolode99","p2":"MurderousMantyke","format":"gen8nationaldexag","log":"|j|\u2606paolode99\n|j|\u2606MurderousMantyke\n|t:|1664487289\n|gametype|singles\n|player|p1|paolode99|lance-lgpe|\n|player|p2|MurderousMantyke|#helpstaffxmas|\n|teamsize|p1|6\n|teamsize|p2|6\n|gen|8\n|tier|[Gen 8] National Dex AG\n|rated|Tournament battle\n|rule|HP Percentage Mod: HP is shown in percentages\n|rule|Endless Battle Clause: Forcing endless battles is banned\n|rule|Dynamax Clause: You cannot dynamax\n|rule|Evasion Moves Clause: Evasion moves are banned\n|rule|Mega Rayquaza Clause: You cannot mega evolve Rayquaza\n|rule|OHKO Clause: OHKO moves are banned\n|rule|Same Type Clause: Pok\u00e9mon in a team must share a type\n|rule|Sleep Clause Mod: Limit one foe put to sleep\n|rule|Species Clause: Limit one of each Pok\u00e9mon\n|clearpoke\n|poke|p1|Corviknight, M|\n|poke|p1|Dialga|\n|poke|p1|Kartana|\n|poke|p1|Scizor, M|\n|poke|p1|Necrozma-Dusk-Mane|\n|poke|p1|Heatran, M|\n|poke|p2|Arceus-*|\n|poke|p2|Ho-Oh|\n|poke|p2|Landorus, M|\n|poke|p2|Salamence, F|\n|poke|p2|Yveltal|\n|poke|p2|Lugia|\n|teampreview\n|inactive|Battle timer is ON: inactive players will automatically lose when time's up. (requested by MurderousMantyke)\n|inactive|paolode99 also wants the timer to be on.\n|c|\u2606MurderousMantyke|hf\n|inactive|paolode99 has 120 seconds left.\n|c|\u2606paolode99|hf bro\n|inactive|paolode99 has 90 seconds left.\n|\n|t:|1664487354\n|start\n|switch|p1a: Dialga|Dialga|100\/100\n|switch|p2a: Landorus|Landorus, M|100\/100\n|-ability|p1a: Dialga|Pressure\n|turn|1\n|\n|t:|1664487372\n|move|p2a: Landorus|Stealth Rock|p1a: Dialga\n|-sidestart|p1: paolode99|move: Stealth Rock\n|move|p1a: Dialga|Stealth Rock|p2a: Landorus\n|-sidestart|p2: MurderousMantyke|move: Stealth Rock\n|\n|upkeep\n|turn|2\n|\n|t:|1664487399\n|move|p2a: Landorus|Earth Power|p1a: Dialga\n|-supereffective|p1a: Dialga\n|-enditem|p1a: Dialga|Shuca Berry|[eat]\n|-enditem|p1a: Dialga|Shuca Berry|[weaken]\n|-damage|p1a: Dialga|36\/100\n|move|p1a: Dialga|Dragon Pulse|p2a: Landorus\n|-damage|p2a: Landorus|47\/100\n|\n|upkeep\n|turn|3\n|inactive|paolode99 has 120 seconds left.\n|\n|t:|1664487426\n|switch|p2a: Ho-Oh|Ho-Oh|100\/100\n|switch|p1a: Corviknight|Corviknight, M|100\/100\n|-damage|p1a: Corviknight|88\/100|[from] Stealth Rock\n|-ability|p1a: Corviknight|Pressure\n|\n|upkeep\n|turn|4\n|\n|t:|1664487454\n|move|p2a: Ho-Oh|Thunder Wave|p1a: Corviknight\n|-status|p1a: Corviknight|par\n|cant|p1a: Corviknight|par\n|\n|upkeep\n|turn|5\n|inactive|paolode99 has 120 seconds left.\n|\n|t:|1664487464\n|move|p2a: Ho-Oh|Sacred Fire|p1a: Corviknight\n|-supereffective|p1a: Corviknight\n|-damage|p1a: Corviknight|31\/100 par\n|move|p1a: Corviknight|U-turn|p2a: Ho-Oh\n|-resisted|p2a: Ho-Oh\n|-damage|p2a: Ho-Oh|98\/100\n|inactive|paolode99 has 120 seconds left.\n|\n|t:|1664487474\n|switch|p1a: Necrozma|Necrozma-Dusk-Mane|100\/100|[from]move: U-turn\n|-damage|p1a: Necrozma|94\/100|[from] Stealth Rock\n|\n|-heal|p1a: Necrozma|100\/100|[from] item: Leftovers\n|upkeep\n|turn|6\n|j| LocalMetagross\n|\n|t:|1664487479\n|move|p2a: Ho-Oh|Sacred Fire|p1a: Necrozma\n|-supereffective|p1a: Necrozma\n|-damage|p1a: Necrozma|55\/100\n|-status|p1a: Necrozma|brn\n|move|p1a: Necrozma|Toxic|p2a: Ho-Oh\n|-status|p2a: Ho-Oh|tox\n|\n|-heal|p1a: Necrozma|61\/100 brn|[from] item: Leftovers\n|-damage|p2a: Ho-Oh|92\/100 tox|[from] psn\n|-damage|p1a: Necrozma|55\/100 brn|[from] brn\n|upkeep\n|turn|7\n|\n|t:|1664487484\n|move|p2a: Ho-Oh|Sacred Fire|p1a: Necrozma\n|-supereffective|p1a: Necrozma\n|-damage|p1a: Necrozma|11\/100 brn\n|move|p1a: Necrozma|Morning Sun|p1a: Necrozma\n|-heal|p1a: Necrozma|61\/100 brn\n|\n|-heal|p1a: Necrozma|67\/100 brn|[from] item: Leftovers\n|-damage|p2a: Ho-Oh|80\/100 tox|[from] psn\n|-damage|p1a: Necrozma|61\/100 brn|[from] brn\n|upkeep\n|turn|8\n|\n|t:|1664487488\n|switch|p2a: Yveltal|Yveltal|100\/100\n|-damage|p2a: Yveltal|76\/100|[from] Stealth Rock\n|-ability|p2a: Yveltal|Dark Aura\n|move|p1a: Necrozma|Morning Sun|p1a: Necrozma\n|-heal|p1a: Necrozma|100\/100 brn\n|\n|-damage|p1a: Necrozma|94\/100 brn|[from] brn\n|upkeep\n|turn|9\n|\n|t:|1664487492\n|move|p2a: Yveltal|Dark Pulse|p1a: Necrozma\n|-supereffective|p1a: Necrozma\n|-damage|p1a: Necrozma|28\/100 brn\n|-damage|p2a: Yveltal|66\/100|[from] item: Life Orb\n|move|p1a: Necrozma|Toxic|p2a: Yveltal|[miss]\n|-miss|p1a: Necrozma|p2a: Yveltal\n|\n|-heal|p1a: Necrozma|34\/100 brn|[from] item: Leftovers\n|-damage|p1a: Necrozma|28\/100 brn|[from] brn\n|upkeep\n|turn|10\n|c|\u2606MurderousMantyke|unfort\n|\n|t:|1664487499\n|move|p2a: Yveltal|Dark Pulse|p1a: Necrozma\n|-supereffective|p1a: Necrozma\n|-damage|p1a: Necrozma|0 fnt\n|faint|p1a: Necrozma\n|-damage|p2a: Yveltal|56\/100|[from] item: Life Orb\n|\n|upkeep\n|\n|t:|1664487510\n|switch|p1a: Dialga|Dialga|36\/100\n|-damage|p1a: Dialga|30\/100|[from] Stealth Rock\n|-ability|p1a: Dialga|Pressure\n|turn|11\n|\n|t:|1664487514\n|switch|p2a: Ho-Oh|Ho-Oh|100\/100 tox\n|move|p1a: Dialga|Thunder Wave||[still]\n|-fail|p1a: Dialga\n|\n|-damage|p2a: Ho-Oh|94\/100 tox|[from] psn\n|upkeep\n|turn|12\n|inactive|MurderousMantyke has 120 seconds left.\n|l| LocalMetagross\n|\n|t:|1664487554\n|move|p1a: Dialga|Dragon Pulse|p2a: Ho-Oh\n|-damage|p2a: Ho-Oh|75\/100 tox\n|move|p2a: Ho-Oh|Sacred Fire|p1a: Dialga\n|-damage|p1a: Dialga|8\/100\n|-status|p1a: Dialga|brn\n|\n|-damage|p2a: Ho-Oh|63\/100 tox|[from] psn\n|-damage|p1a: Dialga|2\/100 brn|[from] brn\n|upkeep\n|turn|13\n|\n|t:|1664487566\n|move|p1a: Dialga|Thunder Wave||[still]\n|-fail|p1a: Dialga\n|move|p2a: Ho-Oh|Defog|p1a: Dialga\n|-unboost|p1a: Dialga|evasion|1\n|-sideend|p1: paolode99|Stealth Rock|[from] move: Defog|[of] p2a: Ho-Oh\n|-sideend|p2: MurderousMantyke|Stealth Rock|[from] move: Defog|[of] p2a: Ho-Oh\n|\n|-damage|p2a: Ho-Oh|45\/100 tox|[from] psn\n|-damage|p1a: Dialga|0 fnt|[from] brn\n|faint|p1a: Dialga\n|upkeep\n|j| LocalMetagross\n|\n|t:|1664487590\n|switch|p1a: Heatran|Heatran, M|100\/100\n|-item|p1a: Heatran|Air Balloon\n|turn|14\n|inactive|MurderousMantyke has 120 seconds left.\n|j|#maroon\n|inactive|MurderousMantyke has 90 seconds left.\n|\n|t:|1664487654\n|move|p1a: Heatran|Eruption|p2a: Ho-Oh\n|-resisted|p2a: Ho-Oh\n|-damage|p2a: Ho-Oh|27\/100 tox\n|move|p2a: Ho-Oh|Thunder Wave|p1a: Heatran\n|-status|p1a: Heatran|par\n|\n|-damage|p2a: Ho-Oh|2\/100 tox|[from] psn\n|upkeep\n|turn|15\n|\n|t:|1664487667\n|switch|p2a: Landorus|Landorus, M|47\/100\n|move|p1a: Heatran|Toxic|p2a: Landorus\n|-status|p2a: Landorus|tox\n|\n|-damage|p2a: Landorus|41\/100 tox|[from] psn\n|upkeep\n|turn|16\n|l| LocalMetagross\n|\n|t:|1664487674\n|switch|p1a: Corviknight|Corviknight, M|31\/100 par\n|-ability|p1a: Corviknight|Pressure\n|move|p2a: Landorus|Grass Knot|p1a: Corviknight\n|-resisted|p1a: Corviknight\n|-damage|p1a: Corviknight|22\/100 par\n|-damage|p2a: Landorus|24\/100 tox|[from] item: Rocky Helmet|[of] p1a: Corviknight\n|-damage|p2a: Landorus|15\/100 tox|[from] item: Life Orb\n|\n|-damage|p2a: Landorus|3\/100 tox|[from] psn\n|upkeep\n|turn|17\n|\n|t:|1664487681\n|move|p2a: Landorus|Stealth Rock|p1a: Corviknight\n|-sidestart|p1: paolode99|move: Stealth Rock\n|cant|p1a: Corviknight|par\n|\n|-damage|p2a: Landorus|0 fnt|[from] psn\n|faint|p2a: Landorus\n|upkeep\n|\n|t:|1664487688\n|switch|p2a: Yveltal|Yveltal|56\/100\n|-ability|p2a: Yveltal|Dark Aura\n|turn|18\n|c|\u2606paolode99|clicked defog...\n|c|\u2606MurderousMantyke|ah\n|\n|t:|1664487696\n|move|p2a: Yveltal|Dark Pulse|p1a: Corviknight\n|-damage|p1a: Corviknight|0 fnt\n|faint|p1a: Corviknight\n|-damage|p2a: Yveltal|46\/100|[from] item: Life Orb\n|\n|upkeep\n|j|+ISZA\n|inactive|paolode99 has 120 seconds left.\n|c|#maroon|murderousmantyke\n|c|#maroon|did yk i have a regen hooh in sword\n|c|#maroon|:cwl:\n|\n|t:|1664487743\n|switch|p1a: Heatran|Heatran, M|100\/100 par\n|-damage|p1a: Heatran|88\/100 par|[from] Stealth Rock\n|-item|p1a: Heatran|Air Balloon\n|turn|19\n|\n|t:|1664487748\n|move|p2a: Yveltal|Dark Pulse|p1a: Heatran\n|-damage|p1a: Heatran|9\/100 par\n|-enditem|p1a: Heatran|Air Balloon\n|-damage|p2a: Yveltal|36\/100|[from] item: Life Orb\n|cant|p1a: Heatran|flinch\n|\n|upkeep\n|turn|20\n|inactive|paolode99 has 120 seconds left.\n|\n|t:|1664487757\n|move|p2a: Yveltal|Oblivion Wing|p1a: Heatran\n|-resisted|p1a: Heatran\n|-damage|p1a: Heatran|0 fnt\n|-heal|p2a: Yveltal|42\/100|[from] drain|[of] p1a: Heatran\n|faint|p1a: Heatran\n|-damage|p2a: Yveltal|32\/100|[from] item: Life Orb\n|\n|upkeep\n|c|\u2606MurderousMantyke|goated\n|inactive|paolode99 has 120 seconds left.\n|\n|t:|1664487770\n|switch|p1a: Kartana|Kartana|100\/100\n|-damage|p1a: Kartana|94\/100|[from] Stealth Rock\n|turn|21\n|\n|t:|1664487775\n|switch|p2a: Arceus|Arceus-Flying|100\/100\n|move|p1a: Kartana|Smart Strike|p2a: Arceus\n|-damage|p2a: Arceus|67\/100\n|\n|upkeep\n|turn|22\n|\n|t:|1664487786\n|move|p1a: Kartana|Smart Strike|p2a: Arceus\n|-damage|p2a: Arceus|34\/100\n|move|p2a: Arceus|Judgment|p1a: Kartana\n|-damage|p1a: Kartana|0 fnt\n|faint|p1a: Kartana\n|\n|upkeep\n|\n|t:|1664487792\n|switch|p1a: Scizor|Scizor, M|100\/100\n|-damage|p1a: Scizor|88\/100|[from] Stealth Rock\n|turn|23\n|\n|t:|1664487811\n|detailschange|p1a: Scizor|Scizor-Mega, M\n|-mega|p1a: Scizor|Scizor|Scizorite\n|move|p2a: Arceus|Judgment|p1a: Scizor\n|-damage|p1a: Scizor|43\/100\n|move|p1a: Scizor|Curse|p1a: Scizor\n|-unboost|p1a: Scizor|spe|1\n|-boost|p1a: Scizor|atk|1\n|-boost|p1a: Scizor|def|1\n|\n|upkeep\n|turn|24\n|\n|t:|1664487821\n|move|p1a: Scizor|Bullet Punch|p2a: Arceus\n|-damage|p2a: Arceus|4\/100\n|move|p2a: Arceus|Judgment|p1a: Scizor\n|-damage|p1a: Scizor|0 fnt\n|faint|p1a: Scizor\n|\n|win|MurderousMantyke\n|n|\u2606paolode99|paolode99\n|n|\u2606MurderousMantyke|murderousmantyke\n|n|+maroon|maroon\n|n| ISZA|isza\n","uploadtime":1664487822,"views":7,"p1id":"paolode99","p2id":"murderousmantyke","formatid":"gen8nationaldexag","rating":0,"private":0,"password":null}