{"id":"gen8ou-1616890180","p1":"Rick Boogs","p2":"Not Sarcasm","format":"gen8ou","log":"|j|\u2606Rick Boogs\n|j|\u2606Not Sarcasm\n|t:|1657770997\n|gametype|singles\n|player|p1|Rick Boogs|265|1582\n|player|p2|Not Sarcasm|102|1498\n|teamsize|p1|6\n|teamsize|p2|6\n|gen|8\n|tier|[Gen 8] OU\n|rated|\n|rule|Sleep Clause Mod: Limit one foe put to sleep\n|rule|Species Clause: Limit one of each Pok\u00e9mon\n|rule|OHKO Clause: OHKO moves are banned\n|rule|Evasion Moves Clause: Evasion moves are banned\n|rule|Endless Battle Clause: Forcing endless battles is banned\n|rule|HP Percentage Mod: HP is shown in percentages\n|rule|Dynamax Clause: You cannot dynamax\n|clearpoke\n|poke|p1|Swampert, F|\n|poke|p1|Mandibuzz, F|\n|poke|p1|Ferrothorn, M|\n|poke|p1|Blaziken, F|\n|poke|p1|Landorus-Therian, M|\n|poke|p1|Weavile, M|\n|poke|p2|Dragapult, M|\n|poke|p2|Melmetal|\n|poke|p2|Garchomp, F|\n|poke|p2|Slowbro, F|\n|poke|p2|Landorus-Therian, M|\n|poke|p2|Tapu Lele|\n|teampreview\n|inactive|Battle timer is ON: inactive players will automatically lose when time's up. (requested by Rick Boogs)\n|\n|t:|1657771031\n|start\n|switch|p1a: Landorus|Landorus-Therian, M|100\/100\n|switch|p2a: Dragapult|Dragapult, M|100\/100\n|-ability|p1a: Landorus|Intimidate|boost\n|-fail|p2a: Dragapult|unboost|[from] ability: Clear Body|[of] p2a: Dragapult\n|turn|1\n|\n|t:|1657771039\n|move|p1a: Landorus|U-turn|p2a: Dragapult\n|-resisted|p2a: Dragapult\n|-damage|p2a: Dragapult|82\/100\n|\n|t:|1657771044\n|switch|p1a: Ferrothorn|Ferrothorn, M|100\/100|[from]move: U-turn\n|move|p2a: Dragapult|Dragon Darts|p1a: Ferrothorn\n|-resisted|p1a: Ferrothorn\n|-damage|p1a: Ferrothorn|86\/100\n|-anim|p2a: Dragapult|Dragon Darts|p1a: Ferrothorn\n|-resisted|p1a: Ferrothorn\n|-damage|p1a: Ferrothorn|73\/100\n|\n|-heal|p1a: Ferrothorn|79\/100|[from] item: Leftovers\n|upkeep\n|turn|2\n|\n|t:|1657771054\n|switch|p2a: Slowbro|Slowbro, F|100\/100\n|move|p1a: Ferrothorn|Knock Off|p2a: Slowbro\n|-supereffective|p2a: Slowbro\n|-damage|p2a: Slowbro|75\/100\n|-enditem|p2a: Slowbro|Heavy-Duty Boots|[from] move: Knock Off|[of] p1a: Ferrothorn\n|\n|-heal|p1a: Ferrothorn|85\/100|[from] item: Leftovers\n|upkeep\n|turn|3\n|\n|t:|1657771062\n|move|p1a: Ferrothorn|Spikes|p2a: Slowbro\n|-sidestart|p2: Not Sarcasm|Spikes\n|move|p2a: Slowbro|Scald|p1a: Ferrothorn\n|-resisted|p1a: Ferrothorn\n|-damage|p1a: Ferrothorn|76\/100\n|\n|-heal|p1a: Ferrothorn|82\/100|[from] item: Leftovers\n|upkeep\n|turn|4\n|\n|t:|1657771069\n|move|p1a: Ferrothorn|Spikes|p2a: Slowbro\n|-sidestart|p2: Not Sarcasm|Spikes\n|move|p2a: Slowbro|Scald|p1a: Ferrothorn\n|-resisted|p1a: Ferrothorn\n|-crit|p1a: Ferrothorn\n|-damage|p1a: Ferrothorn|70\/100\n|\n|-heal|p1a: Ferrothorn|76\/100|[from] item: Leftovers\n|upkeep\n|turn|5\n|\n|t:|1657771076\n|move|p1a: Ferrothorn|Spikes|p2a: Slowbro\n|-sidestart|p2: Not Sarcasm|Spikes\n|move|p2a: Slowbro|Scald|p1a: Ferrothorn\n|-resisted|p1a: Ferrothorn\n|-damage|p1a: Ferrothorn|68\/100\n|\n|-heal|p1a: Ferrothorn|74\/100|[from] item: Leftovers\n|upkeep\n|turn|6\n|\n|t:|1657771082\n|move|p1a: Ferrothorn|Power Whip|p2a: Slowbro\n|-supereffective|p2a: Slowbro\n|-damage|p2a: Slowbro|26\/100\n|move|p2a: Slowbro|Scald|p1a: Ferrothorn\n|-resisted|p1a: Ferrothorn\n|-damage|p1a: Ferrothorn|65\/100\n|\n|-heal|p1a: Ferrothorn|72\/100|[from] item: Leftovers\n|upkeep\n|turn|7\n|\n|t:|1657771091\n|switch|p2a: Landorus|Landorus-Therian, M|100\/100\n|-ability|p2a: Landorus|Intimidate|boost\n|-unboost|p1a: Ferrothorn|atk|1\n|move|p1a: Ferrothorn|Knock Off|p2a: Landorus\n|-damage|p2a: Landorus|86\/100\n|-enditem|p2a: Landorus|Leftovers|[from] move: Knock Off|[of] p1a: Ferrothorn\n|\n|-heal|p1a: Ferrothorn|78\/100|[from] item: Leftovers\n|upkeep\n|turn|8\n|c|\u2606Not Sarcasm|you immune to burn?\n|\n|t:|1657771100\n|move|p2a: Landorus|Defog|p1a: Ferrothorn\n|-unboost|p1a: Ferrothorn|evasion|1\n|-sideend|p2: Not Sarcasm|Spikes|[from] move: Defog|[of] p2a: Landorus\n|move|p1a: Ferrothorn|Leech Seed|p2a: Landorus\n|-start|p2a: Landorus|move: Leech Seed\n|\n|-heal|p1a: Ferrothorn|84\/100|[from] item: Leftovers\n|-damage|p2a: Landorus|74\/100|[from] Leech Seed|[of] p1a: Ferrothorn\n|-heal|p1a: Ferrothorn|97\/100|[silent]\n|upkeep\n|turn|9\n|\n|t:|1657771109\n|switch|p2a: Slowbro|Slowbro, F|59\/100\n|move|p1a: Ferrothorn|Spikes|p2a: Slowbro\n|-sidestart|p2: Not Sarcasm|Spikes\n|\n|-heal|p1a: Ferrothorn|100\/100|[from] item: Leftovers\n|upkeep\n|turn|10\n|\n|t:|1657771116\n|move|p1a: Ferrothorn|Power Whip|p2a: Slowbro\n|-supereffective|p2a: Slowbro\n|-damage|p2a: Slowbro|28\/100\n|move|p2a: Slowbro|Slack Off|p2a: Slowbro\n|-heal|p2a: Slowbro|79\/100\n|\n|upkeep\n|turn|11\n|\n|t:|1657771122\n|move|p1a: Ferrothorn|Leech Seed|p2a: Slowbro\n|-start|p2a: Slowbro|move: Leech Seed\n|move|p2a: Slowbro|Scald|p1a: Ferrothorn\n|-resisted|p1a: Ferrothorn\n|-damage|p1a: Ferrothorn|92\/100\n|\n|-heal|p1a: Ferrothorn|99\/100|[from] item: Leftovers\n|-damage|p2a: Slowbro|66\/100|[from] Leech Seed|[of] p1a: Ferrothorn\n|-heal|p1a: Ferrothorn|100\/100|[silent]\n|upkeep\n|turn|12\n|\n|t:|1657771130\n|move|p1a: Ferrothorn|Spikes|p2a: Slowbro\n|-sidestart|p2: Not Sarcasm|Spikes\n|move|p2a: Slowbro|Scald|p1a: Ferrothorn\n|-resisted|p1a: Ferrothorn\n|-damage|p1a: Ferrothorn|92\/100\n|\n|-heal|p1a: Ferrothorn|98\/100|[from] item: Leftovers\n|-damage|p2a: Slowbro|54\/100|[from] Leech Seed|[of] p1a: Ferrothorn\n|-heal|p1a: Ferrothorn|100\/100|[silent]\n|upkeep\n|turn|13\n|\n|t:|1657771140\n|move|p1a: Ferrothorn|Spikes|p2a: Slowbro\n|-sidestart|p2: Not Sarcasm|Spikes\n|move|p2a: Slowbro|Scald|p1a: Ferrothorn\n|-resisted|p1a: Ferrothorn\n|-damage|p1a: Ferrothorn|92\/100\n|-status|p1a: Ferrothorn|brn\n|\n|-heal|p1a: Ferrothorn|99\/100 brn|[from] item: Leftovers\n|-damage|p2a: Slowbro|41\/100|[from] Leech Seed|[of] p1a: Ferrothorn\n|-heal|p1a: Ferrothorn|100\/100 brn|[silent]\n|-damage|p1a: Ferrothorn|94\/100 brn|[from] brn\n|upkeep\n|turn|14\n|\n|t:|1657771150\n|switch|p1a: Weavile|Weavile, M|100\/100\n|-ability|p1a: Weavile|Pressure\n|move|p2a: Slowbro|Slack Off|p2a: Slowbro\n|-heal|p2a: Slowbro|91\/100\n|\n|-damage|p2a: Slowbro|79\/100|[from] Leech Seed|[of] p1a: Weavile\n|upkeep\n|turn|15\n|\n|t:|1657771158\n|move|p1a: Weavile|Swords Dance|p1a: Weavile\n|-boost|p1a: Weavile|atk|2\n|move|p2a: Slowbro|Teleport|p2a: Slowbro\n|\n|t:|1657771161\n|switch|p2a: Tapu Lele|Tapu Lele|100\/100|[from]move: Teleport\n|-damage|p2a: Tapu Lele|76\/100|[from] Spikes\n|-fieldstart|move: Psychic Terrain|[from] ability: Psychic Surge|[of] p2a: Tapu Lele\n|\n|upkeep\n|turn|16\n|\n|t:|1657771170\n|switch|p1a: Ferrothorn|Ferrothorn, M|94\/100 brn\n|move|p2a: Tapu Lele|Moonblast|p1a: Ferrothorn\n|-resisted|p1a: Ferrothorn\n|-damage|p1a: Ferrothorn|78\/100 brn\n|\n|-heal|p1a: Ferrothorn|84\/100 brn|[from] item: Leftovers\n|-damage|p1a: Ferrothorn|78\/100 brn|[from] brn\n|upkeep\n|turn|17\n|\n|t:|1657771178\n|switch|p2a: Landorus|Landorus-Therian, M|74\/100\n|-ability|p2a: Landorus|Intimidate|boost\n|-unboost|p1a: Ferrothorn|atk|1\n|switch|p1a: Weavile|Weavile, M|100\/100\n|-ability|p1a: Weavile|Pressure\n|\n|upkeep\n|turn|18\n|\n|t:|1657771186\n|move|p1a: Weavile|Triple Axel|p2a: Landorus\n|-supereffective|p2a: Landorus\n|-damage|p2a: Landorus|33\/100\n|-supereffective|p2a: Landorus\n|-damage|p2a: Landorus|0 fnt\n|faint|p2a: Landorus\n|-hitcount|p2: Landorus|2\n|\n|upkeep\n|c|\u2606Not Sarcasm|immune to misses too huh?\n|\n|t:|1657771203\n|switch|p2a: Melmetal|Melmetal|100\/100\n|-damage|p2a: Melmetal|76\/100|[from] Spikes\n|turn|19\n|\n|t:|1657771209\n|switch|p1a: Landorus|Landorus-Therian, M|100\/100\n|-ability|p1a: Landorus|Intimidate|boost\n|-unboost|p2a: Melmetal|atk|1\n|move|p2a: Melmetal|Earthquake|p1a: Landorus\n|-immune|p1a: Landorus\n|\n|-heal|p2a: Melmetal|82\/100|[from] item: Leftovers\n|-fieldend|move: Psychic Terrain\n|upkeep\n|turn|20\n|c|\u2606Not Sarcasm|fucking lando lmao\n|\n|t:|1657771219\n|move|p1a: Landorus|Earthquake|p2a: Melmetal\n|-supereffective|p2a: Melmetal\n|-damage|p2a: Melmetal|11\/100\n|move|p2a: Melmetal|Toxic|p1a: Landorus\n|-status|p1a: Landorus|tox\n|\n|-heal|p2a: Melmetal|17\/100|[from] item: Leftovers\n|-damage|p1a: Landorus|95\/100 tox|[from] psn\n|upkeep\n|turn|21\n|\n|t:|1657771227\n|move|p2a: Melmetal|Protect|p2a: Melmetal\n|-singleturn|p2a: Melmetal|Protect\n|move|p1a: Landorus|Earthquake|p2a: Melmetal\n|-activate|p2a: Melmetal|move: Protect\n|\n|-heal|p2a: Melmetal|23\/100|[from] item: Leftovers\n|-damage|p1a: Landorus|83\/100 tox|[from] psn\n|upkeep\n|turn|22\n|\n|t:|1657771235\n|move|p2a: Melmetal|Protect||[still]\n|-fail|p2a: Melmetal\n|move|p1a: Landorus|Earthquake|p2a: Melmetal\n|-supereffective|p2a: Melmetal\n|-damage|p2a: Melmetal|0 fnt\n|faint|p2a: Melmetal\n|\n|-damage|p1a: Landorus|65\/100 tox|[from] psn\n|upkeep\n|\n|t:|1657771243\n|switch|p2a: Slowbro|Slowbro, F|100\/100\n|-damage|p2a: Slowbro|76\/100|[from] Spikes\n|turn|23\n|\n|t:|1657771252\n|switch|p1a: Ferrothorn|Ferrothorn, M|78\/100 brn\n|move|p2a: Slowbro|Scald|p1a: Ferrothorn\n|-resisted|p1a: Ferrothorn\n|-damage|p1a: Ferrothorn|70\/100 brn\n|\n|-heal|p1a: Ferrothorn|76\/100 brn|[from] item: Leftovers\n|-damage|p1a: Ferrothorn|70\/100 brn|[from] brn\n|upkeep\n|turn|24\n|\n|t:|1657771260\n|move|p1a: Ferrothorn|Leech Seed|p2a: Slowbro\n|-start|p2a: Slowbro|move: Leech Seed\n|move|p2a: Slowbro|Teleport|p2a: Slowbro\n|\n|t:|1657771264\n|switch|p2a: Garchomp|Garchomp, F|100\/100|[from]move: Teleport\n|-damage|p2a: Garchomp|76\/100|[from] Spikes\n|\n|-heal|p2a: Garchomp|82\/100|[from] item: Leftovers\n|-heal|p1a: Ferrothorn|76\/100 brn|[from] item: Leftovers\n|-damage|p1a: Ferrothorn|70\/100 brn|[from] brn\n|upkeep\n|turn|25\n|\n|t:|1657771272\n|move|p2a: Garchomp|Earthquake|p1a: Ferrothorn\n|-damage|p1a: Ferrothorn|31\/100 brn\n|move|p1a: Ferrothorn|Leech Seed|p2a: Garchomp\n|-start|p2a: Garchomp|move: Leech Seed\n|\n|-heal|p2a: Garchomp|88\/100|[from] item: Leftovers\n|-heal|p1a: Ferrothorn|37\/100 brn|[from] item: Leftovers\n|-damage|p2a: Garchomp|76\/100|[from] Leech Seed|[of] p1a: Ferrothorn\n|-heal|p1a: Ferrothorn|50\/100 brn|[silent]\n|-damage|p1a: Ferrothorn|43\/100 brn|[from] brn\n|upkeep\n|turn|26\n|\n|t:|1657771281\n|switch|p2a: Slowbro|Slowbro, F|100\/100\n|-damage|p2a: Slowbro|76\/100|[from] Spikes\n|switch|p1a: Mandibuzz|Mandibuzz, F|100\/100\n|\n|upkeep\n|turn|27\n|\n|t:|1657771288\n|move|p1a: Mandibuzz|Foul Play|p2a: Slowbro\n|-supereffective|p2a: Slowbro\n|-damage|p2a: Slowbro|48\/100\n|move|p2a: Slowbro|Teleport|p2a: Slowbro\n|\n|t:|1657771291\n|switch|p2a: Tapu Lele|Tapu Lele|76\/100|[from]move: Teleport\n|-damage|p2a: Tapu Lele|51\/100|[from] Spikes\n|-fieldstart|move: Psychic Terrain|[from] ability: Psychic Surge|[of] p2a: Tapu Lele\n|\n|upkeep\n|turn|28\n|\n|t:|1657771297\n|switch|p1a: Ferrothorn|Ferrothorn, M|43\/100 brn\n|move|p2a: Tapu Lele|Moonblast|p1a: Ferrothorn\n|-resisted|p1a: Ferrothorn\n|-damage|p1a: Ferrothorn|27\/100 brn\n|-unboost|p1a: Ferrothorn|spa|1\n|\n|-heal|p1a: Ferrothorn|33\/100 brn|[from] item: Leftovers\n|-damage|p1a: Ferrothorn|27\/100 brn|[from] brn\n|upkeep\n|turn|29\n|\n|t:|1657771307\n|switch|p2a: Slowbro|Slowbro, F|81\/100\n|-damage|p2a: Slowbro|56\/100|[from] Spikes\n|move|p1a: Ferrothorn|Leech Seed|p2a: Slowbro\n|-start|p2a: Slowbro|move: Leech Seed\n|\n|-heal|p1a: Ferrothorn|33\/100 brn|[from] item: Leftovers\n|-damage|p2a: Slowbro|44\/100|[from] Leech Seed|[of] p1a: Ferrothorn\n|-heal|p1a: Ferrothorn|47\/100 brn|[silent]\n|-damage|p1a: Ferrothorn|41\/100 brn|[from] brn\n|upkeep\n|turn|30\n|\n|t:|1657771316\n|move|p1a: Ferrothorn|Power Whip|p2a: Slowbro\n|-supereffective|p2a: Slowbro\n|-damage|p2a: Slowbro|22\/100\n|move|p2a: Slowbro|Future Sight|p1a: Ferrothorn\n|-start|p2a: Slowbro|move: Future Sight\n|\n|-heal|p1a: Ferrothorn|47\/100 brn|[from] item: Leftovers\n|-damage|p2a: Slowbro|10\/100|[from] Leech Seed|[of] p1a: Ferrothorn\n|-heal|p1a: Ferrothorn|61\/100 brn|[silent]\n|-damage|p1a: Ferrothorn|54\/100 brn|[from] brn\n|upkeep\n|turn|31\n|\n|t:|1657771325\n|move|p1a: Ferrothorn|Power Whip|p2a: Slowbro\n|-supereffective|p2a: Slowbro\n|-damage|p2a: Slowbro|0 fnt\n|faint|p2a: Slowbro\n|\n|-heal|p1a: Ferrothorn|61\/100 brn|[from] item: Leftovers\n|-damage|p1a: Ferrothorn|54\/100 brn|[from] brn\n|-fieldend|move: Psychic Terrain\n|upkeep\n|\n|t:|1657771332\n|switch|p2a: Garchomp|Garchomp, F|76\/100\n|-damage|p2a: Garchomp|51\/100|[from] Spikes\n|turn|32\n|\n|t:|1657771337\n|move|p2a: Garchomp|Swords Dance|p2a: Garchomp\n|-boost|p2a: Garchomp|atk|2\n|move|p1a: Ferrothorn|Leech Seed|p2a: Garchomp\n|-start|p2a: Garchomp|move: Leech Seed\n|\n|-end|p1a: Ferrothorn|move: Future Sight\n|-resisted|p1a: Ferrothorn\n|-damage|p1a: Ferrothorn|41\/100 brn\n|-heal|p2a: Garchomp|57\/100|[from] item: Leftovers\n|-heal|p1a: Ferrothorn|47\/100 brn|[from] item: Leftovers\n|-damage|p2a: Garchomp|44\/100|[from] Leech Seed|[of] p1a: Ferrothorn\n|-heal|p1a: Ferrothorn|60\/100 brn|[silent]\n|-damage|p1a: Ferrothorn|54\/100 brn|[from] brn\n|upkeep\n|turn|33\n|\n|t:|1657771349\n|move|p2a: Garchomp|Scale Shot|p1a: Ferrothorn\n|-resisted|p1a: Ferrothorn\n|-damage|p1a: Ferrothorn|44\/100 brn\n|-resisted|p1a: Ferrothorn\n|-damage|p1a: Ferrothorn|35\/100 brn\n|-hitcount|p1a: Ferrothorn|2\n|-unboost|p2a: Garchomp|def|1\n|-boost|p2a: Garchomp|spe|1\n|move|p1a: Ferrothorn|Power Whip|p2a: Garchomp\n|-damage|p2a: Garchomp|14\/100\n|-damage|p1a: Ferrothorn|22\/100 brn|[from] ability: Rough Skin|[of] p2a: Garchomp\n|\n|-heal|p2a: Garchomp|20\/100|[from] item: Leftovers\n|-heal|p1a: Ferrothorn|28\/100 brn|[from] item: Leftovers\n|-damage|p2a: Garchomp|8\/100|[from] Leech Seed|[of] p1a: Ferrothorn\n|-heal|p1a: Ferrothorn|41\/100 brn|[silent]\n|-damage|p1a: Ferrothorn|35\/100 brn|[from] brn\n|upkeep\n|turn|34\n|c|\u2606Not Sarcasm|fucking low ladder noob\n|c|&|\/log Not Sarcasm was warned by Artemis (\u2606Not Sarcasm: fucking low ladder noob)\n|c|&|\/raw <small>This action was done automatically. Want to learn more about the AI? <a href=\"https:\/\/www.smogon.com\/forums\/threads\/3570628\/#post-9056769\">Visit the information thread<\/a>.<\/small>\n|\n|t:|1657771365\n|move|p2a: Garchomp|Scale Shot|p1a: Ferrothorn|[miss]\n|-miss|p2a: Garchomp|p1a: Ferrothorn\n|move|p1a: Ferrothorn|Power Whip|p2a: Garchomp\n|-damage|p2a: Garchomp|0 fnt\n|-damage|p1a: Ferrothorn|22\/100 brn|[from] ability: Rough Skin|[of] p2a: Garchomp\n|faint|p2a: Garchomp\n|\n|-heal|p1a: Ferrothorn|28\/100 brn|[from] item: Leftovers\n|-damage|p1a: Ferrothorn|22\/100 brn|[from] brn\n|upkeep\n|-message|Not Sarcasm forfeited.\n|\n|win|Rick Boogs\n|raw|Rick Boogs's rating: 1582 &rarr; <strong>1597<\/strong><br \/>(+15 for winning)\n|raw|Not Sarcasm's rating: 1498 &rarr; <strong>1483<\/strong><br \/>(-15 for losing)\n|l|\u2606Not Sarcasm\n||Ladder isn't responding, score probably updated but might not have (Request timeout).\n","uploadtime":1657771356,"views":11,"p1id":"rickboogs","p2id":"notsarcasm","formatid":"gen8ou","rating":1483,"private":0,"password":null}