{"id":"gen8ou-1608138373","p1":"dracaufeu shiny","p2":"thebugo","format":"gen8ou","log":"|j|\u2606dracaufeu shiny\n|j|\u2606thebugo\n|t:|1656687613\n|gametype|singles\n|player|p1|dracaufeu shiny|red|1286\n|player|p2|thebugo|cynthia|1332\n|teamsize|p1|6\n|teamsize|p2|6\n|gen|8\n|tier|[Gen 8] OU\n|rated|\n|rule|Sleep Clause Mod: Limit one foe put to sleep\n|rule|Species Clause: Limit one of each Pok\u00e9mon\n|rule|OHKO Clause: OHKO moves are banned\n|rule|Evasion Moves Clause: Evasion moves are banned\n|rule|Endless Battle Clause: Forcing endless battles is banned\n|rule|HP Percentage Mod: HP is shown in percentages\n|rule|Dynamax Clause: You cannot dynamax\n|clearpoke\n|poke|p1|Pelipper, F|\n|poke|p1|Ferrothorn, M|\n|poke|p1|Zapdos|\n|poke|p1|Barraskewda, M|\n|poke|p1|Crawdaunt, M|\n|poke|p1|Seismitoad, F|\n|poke|p2|Slowbro, M|\n|poke|p2|Tornadus-Therian, M|\n|poke|p2|Tyranitar, M|\n|poke|p2|Excadrill, F|\n|poke|p2|Ferrothorn, M|\n|poke|p2|Nidoking, M|\n|teampreview\n|inactive|Battle timer is ON: inactive players will automatically lose when time's up. (requested by thebugo)\n|\n|t:|1656687619\n|start\n|switch|p1a: Pelipper|Pelipper, F|100\/100\n|switch|p2a: Slowbro|Slowbro, M|100\/100\n|-weather|RainDance|[from] ability: Drizzle|[of] p1a: Pelipper\n|turn|1\n|inactive|dracaufeu shiny has 120 seconds left.\n|\n|t:|1656687654\n|move|p1a: Pelipper|U-turn|p2a: Slowbro\n|-supereffective|p2a: Slowbro\n|-damage|p2a: Slowbro|90\/100\n|-damage|p1a: Pelipper|84\/100|[from] item: Rocky Helmet|[of] p2a: Slowbro\n|inactive|dracaufeu shiny has 120 seconds left.\n|\n|t:|1656687659\n|switch|p1a: Ferrothorn|Ferrothorn, M|100\/100|[from]move: U-turn\n|move|p2a: Slowbro|Future Sight|p1a: Ferrothorn\n|-start|p2a: Slowbro|move: Future Sight\n|\n|-weather|RainDance|[upkeep]\n|upkeep\n|turn|2\n|inactive|dracaufeu shiny has 120 seconds left.\n|\n|t:|1656687671\n|move|p1a: Ferrothorn|Stealth Rock|p2a: Slowbro\n|-sidestart|p2: thebugo|move: Stealth Rock\n|move|p2a: Slowbro|Teleport|p2a: Slowbro\n|\n|t:|1656687674\n|switch|p2a: Nidoking|Nidoking, M, shiny|100\/100|[from]move: Teleport\n|-damage|p2a: Nidoking|95\/100|[from] Stealth Rock\n|\n|-weather|RainDance|[upkeep]\n|upkeep\n|turn|3\n|inactive|dracaufeu shiny has 120 seconds left.\n|\n|t:|1656687708\n|move|p2a: Nidoking|Flamethrower|p1a: Ferrothorn\n|-supereffective|p1a: Ferrothorn\n|-damage|p1a: Ferrothorn|22\/100\n|move|p1a: Ferrothorn|Knock Off|p2a: Nidoking\n|-damage|p2a: Nidoking|65\/100\n|-enditem|p2a: Nidoking|Life Orb|[from] move: Knock Off|[of] p1a: Ferrothorn\n|\n|-weather|RainDance|[upkeep]\n|-end|p1a: Ferrothorn|move: Future Sight\n|-resisted|p1a: Ferrothorn\n|-crit|p1a: Ferrothorn\n|-damage|p1a: Ferrothorn|0 fnt\n|faint|p1a: Ferrothorn\n|upkeep\n|\n|t:|1656687723\n|switch|p1a: Zapdos|Zapdos|100\/100\n|turn|4\n|\n|t:|1656687732\n|switch|p2a: Tyranitar|Tyranitar, M, shiny|100\/100\n|-damage|p2a: Tyranitar|88\/100|[from] Stealth Rock\n|-weather|Sandstorm|[from] ability: Sand Stream|[of] p2a: Tyranitar\n|move|p1a: Zapdos|Hurricane|p2a: Tyranitar|[miss]\n|-miss|p1a: Zapdos|p2a: Tyranitar\n|\n|-weather|Sandstorm|[upkeep]\n|-damage|p1a: Zapdos|94\/100|[from] Sandstorm\n|-heal|p2a: Tyranitar|94\/100|[from] item: Leftovers\n|upkeep\n|turn|5\n|\n|t:|1656687745\n|switch|p1a: Pelipper|Pelipper, F|84\/100\n|-weather|RainDance|[from] ability: Drizzle|[of] p1a: Pelipper\n|move|p2a: Tyranitar|Stealth Rock|p1a: Pelipper\n|-sidestart|p1: dracaufeu shiny|move: Stealth Rock\n|\n|-weather|RainDance|[upkeep]\n|-heal|p2a: Tyranitar|100\/100|[from] item: Leftovers\n|upkeep\n|turn|6\n|\n|t:|1656687760\n|move|p2a: Tyranitar|Thunder Wave|p1a: Pelipper\n|-status|p1a: Pelipper|par\n|move|p1a: Pelipper|Scald|p2a: Tyranitar\n|-supereffective|p2a: Tyranitar\n|-damage|p2a: Tyranitar|49\/100\n|\n|-weather|RainDance|[upkeep]\n|-heal|p2a: Tyranitar|56\/100|[from] item: Leftovers\n|upkeep\n|turn|7\n|\n|t:|1656687770\n|switch|p2a: Ferrothorn|Ferrothorn, M, shiny|100\/100\n|-damage|p2a: Ferrothorn|94\/100|[from] Stealth Rock\n|cant|p1a: Pelipper|par\n|\n|-weather|RainDance|[upkeep]\n|-heal|p2a: Ferrothorn|100\/100|[from] item: Leftovers\n|upkeep\n|turn|8\n|\n|t:|1656687787\n|switch|p1a: Zapdos|Zapdos|94\/100\n|move|p2a: Ferrothorn|Knock Off|p1a: Zapdos\n|-damage|p1a: Zapdos|68\/100\n|-status|p2a: Ferrothorn|par|[from] ability: Static|[of] p1a: Zapdos\n|-enditem|p1a: Zapdos|Heavy-Duty Boots|[from] move: Knock Off|[of] p2a: Ferrothorn\n|\n|-weather|RainDance|[upkeep]\n|upkeep\n|turn|9\n|\n|t:|1656687798\n|move|p1a: Zapdos|Hurricane|p2a: Ferrothorn\n|-damage|p2a: Ferrothorn|66\/100 par\n|-start|p2a: Ferrothorn|confusion\n|-activate|p2a: Ferrothorn|confusion\n|-damage|p2a: Ferrothorn|59\/100 par|[from] confusion\n|\n|-weather|RainDance|[upkeep]\n|-heal|p2a: Ferrothorn|65\/100 par|[from] item: Leftovers\n|upkeep\n|turn|10\n|\n|t:|1656687808\n|switch|p2a: Tyranitar|Tyranitar, M, shiny|56\/100\n|-damage|p2a: Tyranitar|43\/100|[from] Stealth Rock\n|-weather|Sandstorm|[from] ability: Sand Stream|[of] p2a: Tyranitar\n|move|p1a: Zapdos|Hurricane|p2a: Tyranitar\n|-resisted|p2a: Tyranitar\n|-damage|p2a: Tyranitar|31\/100\n|\n|-weather|Sandstorm|[upkeep]\n|-damage|p1a: Zapdos|62\/100|[from] Sandstorm\n|-heal|p2a: Tyranitar|37\/100|[from] item: Leftovers\n|upkeep\n|turn|11\n|\n|t:|1656687823\n|move|p1a: Zapdos|Volt Switch|p2a: Tyranitar\n|-damage|p2a: Tyranitar|22\/100\n|\n|t:|1656687834\n|switch|p1a: Crawdaunt|Crawdaunt, M|100\/100|[from]move: Volt Switch\n|-damage|p1a: Crawdaunt|88\/100|[from] Stealth Rock\n|move|p2a: Tyranitar|Fire Punch|p1a: Crawdaunt\n|-resisted|p1a: Crawdaunt\n|-damage|p1a: Crawdaunt|72\/100\n|\n|-weather|Sandstorm|[upkeep]\n|-damage|p1a: Crawdaunt|66\/100|[from] Sandstorm\n|-heal|p2a: Tyranitar|28\/100|[from] item: Leftovers\n|upkeep\n|turn|12\n|\n|t:|1656687849\n|switch|p2a: Ferrothorn|Ferrothorn, M, shiny|65\/100 par\n|-damage|p2a: Ferrothorn|59\/100 par|[from] Stealth Rock\n|move|p1a: Crawdaunt|Knock Off|p2a: Ferrothorn\n|-damage|p2a: Ferrothorn|0 fnt\n|-damage|p1a: Crawdaunt|54\/100|[from] ability: Iron Barbs|[of] p2a: Ferrothorn\n|-enditem|p2a: Ferrothorn|Leftovers|[from] move: Knock Off|[of] p1a: Crawdaunt\n|faint|p2a: Ferrothorn\n|-damage|p1a: Crawdaunt|44\/100|[from] item: Life Orb\n|\n|-weather|Sandstorm|[upkeep]\n|-damage|p1a: Crawdaunt|38\/100|[from] Sandstorm\n|upkeep\n|\n|t:|1656687867\n|switch|p2a: Tornadus|Tornadus-Therian, M, shiny|100\/100\n|turn|13\n|\n|t:|1656687875\n|move|p2a: Tornadus|U-turn|p1a: Crawdaunt\n|-supereffective|p1a: Crawdaunt\n|-damage|p1a: Crawdaunt|0 fnt\n|faint|p1a: Crawdaunt\n|\n|t:|1656687880\n|switch|p2a: Slowbro|Slowbro, M|100\/100|[from]move: U-turn\n|-damage|p2a: Slowbro|88\/100|[from] Stealth Rock\n|\n|-weather|Sandstorm|[upkeep]\n|-damage|p2a: Slowbro|82\/100|[from] Sandstorm\n|upkeep\n|\n|t:|1656687888\n|switch|p1a: Zapdos|Zapdos|62\/100\n|-damage|p1a: Zapdos|37\/100|[from] Stealth Rock\n|turn|14\n|\n|t:|1656687894\n|move|p1a: Zapdos|Thunder|p2a: Slowbro\n|-supereffective|p2a: Slowbro\n|-damage|p2a: Slowbro|0 fnt\n|faint|p2a: Slowbro\n|\n|-weather|none\n|upkeep\n|\n|t:|1656687904\n|switch|p2a: Tyranitar|Tyranitar, M, shiny|28\/100\n|-damage|p2a: Tyranitar|16\/100|[from] Stealth Rock\n|-weather|Sandstorm|[from] ability: Sand Stream|[of] p2a: Tyranitar\n|turn|15\n|\n|t:|1656687916\n|switch|p2a: Excadrill|Excadrill, F, shiny|100\/100\n|-damage|p2a: Excadrill|97\/100|[from] Stealth Rock\n|move|p1a: Zapdos|Thunder|p2a: Excadrill\n|-immune|p2a: Excadrill\n|\n|-weather|Sandstorm|[upkeep]\n|-damage|p1a: Zapdos|31\/100|[from] Sandstorm\n|-heal|p2a: Excadrill|100\/100|[from] item: Leftovers\n|upkeep\n|turn|16\n|\n|t:|1656687929\n|move|p2a: Excadrill|Rock Slide|p1a: Zapdos\n|-supereffective|p1a: Zapdos\n|-crit|p1a: Zapdos\n|-damage|p1a: Zapdos|0 fnt\n|faint|p1a: Zapdos\n|\n|-weather|Sandstorm|[upkeep]\n|upkeep\n|\n|t:|1656687938\n|switch|p1a: Seismitoad|Seismitoad, F|100\/100\n|-damage|p1a: Seismitoad|95\/100|[from] Stealth Rock\n|turn|17\n|\n|t:|1656687949\n|switch|p2a: Tornadus|Tornadus-Therian, M, shiny|100\/100\n|move|p1a: Seismitoad|Earth Power|p2a: Tornadus\n|-immune|p2a: Tornadus\n|\n|-weather|Sandstorm|[upkeep]\n|-damage|p2a: Tornadus|94\/100|[from] Sandstorm\n|upkeep\n|turn|18\n|\n|t:|1656687960\n|move|p2a: Tornadus|Toxic|p1a: Seismitoad\n|-status|p1a: Seismitoad|tox\n|move|p1a: Seismitoad|Weather Ball|p2a: Tornadus\n|-supereffective|p2a: Tornadus\n|-damage|p2a: Tornadus|22\/100\n|-damage|p1a: Seismitoad|85\/100 tox|[from] item: Life Orb\n|\n|-weather|Sandstorm|[upkeep]\n|-damage|p2a: Tornadus|15\/100|[from] Sandstorm\n|-damage|p1a: Seismitoad|79\/100 tox|[from] psn\n|upkeep\n|turn|19\n|\n|t:|1656687972\n|switch|p1a: Pelipper|Pelipper, F|84\/100 par\n|-damage|p1a: Pelipper|59\/100 par|[from] Stealth Rock\n|-weather|RainDance|[from] ability: Drizzle|[of] p1a: Pelipper\n|move|p2a: Tornadus|U-turn|p1a: Pelipper\n|-resisted|p1a: Pelipper\n|-damage|p1a: Pelipper|50\/100 par\n|\n|t:|1656687980\n|switch|p2a: Tyranitar|Tyranitar, M, shiny|16\/100|[from]move: U-turn\n|-damage|p2a: Tyranitar|3\/100|[from] Stealth Rock\n|-weather|Sandstorm|[from] ability: Sand Stream|[of] p2a: Tyranitar\n|\n|-weather|Sandstorm|[upkeep]\n|-damage|p1a: Pelipper|44\/100 par|[from] Sandstorm\n|-heal|p2a: Tyranitar|10\/100|[from] item: Leftovers\n|upkeep\n|turn|20\n|\n|t:|1656687999\n|switch|p2a: Tornadus|Tornadus-Therian, M, shiny|49\/100\n|switch|p1a: Seismitoad|Seismitoad, F|79\/100 tox\n|-damage|p1a: Seismitoad|73\/100 tox|[from] Stealth Rock\n|\n|-weather|Sandstorm|[upkeep]\n|-damage|p2a: Tornadus|43\/100|[from] Sandstorm\n|-damage|p1a: Seismitoad|67\/100 tox|[from] psn\n|upkeep\n|turn|21\n|\n|t:|1656688013\n|move|p2a: Tornadus|Knock Off|p1a: Seismitoad\n|-damage|p1a: Seismitoad|41\/100 tox\n|-enditem|p1a: Seismitoad|Life Orb|[from] move: Knock Off|[of] p2a: Tornadus\n|move|p1a: Seismitoad|Weather Ball|p2a: Tornadus\n|-supereffective|p2a: Tornadus\n|-damage|p2a: Tornadus|0 fnt\n|faint|p2a: Tornadus\n|\n|-weather|Sandstorm|[upkeep]\n|-damage|p1a: Seismitoad|29\/100 tox|[from] psn\n|upkeep\n|\n|t:|1656688024\n|switch|p2a: Excadrill|Excadrill, F, shiny|100\/100\n|-damage|p2a: Excadrill|97\/100|[from] Stealth Rock\n|turn|22\n|\n|t:|1656688036\n|move|p2a: Excadrill|Rock Slide|p1a: Seismitoad\n|-resisted|p1a: Seismitoad\n|-damage|p1a: Seismitoad|9\/100 tox\n|cant|p1a: Seismitoad|flinch\n|\n|-weather|Sandstorm|[upkeep]\n|-heal|p2a: Excadrill|100\/100|[from] item: Leftovers\n|-damage|p1a: Seismitoad|0 fnt|[from] psn\n|faint|p1a: Seismitoad\n|upkeep\n|\n|t:|1656688046\n|switch|p1a: Pelipper|Pelipper, F|44\/100 par\n|-damage|p1a: Pelipper|19\/100 par|[from] Stealth Rock\n|-weather|RainDance|[from] ability: Drizzle|[of] p1a: Pelipper\n|turn|23\n|\n|t:|1656688055\n|move|p2a: Excadrill|Iron Head|p1a: Pelipper\n|-resisted|p1a: Pelipper\n|-damage|p1a: Pelipper|0 fnt\n|faint|p1a: Pelipper\n|\n|-weather|RainDance|[upkeep]\n|upkeep\n|\n|t:|1656688062\n|switch|p1a: Barraskewda|Barraskewda, M|100\/100\n|-damage|p1a: Barraskewda|88\/100|[from] Stealth Rock\n|turn|24\n|\n|t:|1656688067\n|switch|p2a: Tyranitar|Tyranitar, M, shiny|10\/100\n|-damage|p2a: Tyranitar|0 fnt|[from] Stealth Rock\n|faint|p2a: Tyranitar\n|move|p1a: Barraskewda|Aqua Jet|p2: Tyranitar|[notarget]\n|-fail|p1a: Barraskewda\n|\n|-weather|RainDance|[upkeep]\n|upkeep\n|-message|thebugo forfeited.\n|\n|win|dracaufeu shiny\n|raw|dracaufeu shiny's rating: 1286 &rarr; <strong>1314<\/strong><br \/>(+28 for winning)\n|raw|thebugo's rating: 1332 &rarr; <strong>1309<\/strong><br \/>(-23 for losing)\n|l|\u2606thebugo\n||Ladder isn't responding, score probably updated but might not have (Request timeout).\n","uploadtime":1656688341,"views":8,"p1id":"dracaufeushiny","p2id":"thebugo","formatid":"gen8ou","rating":1309,"private":0,"password":null}