{"id":"gen8ou-1700670501","p1":"EL BAMZUKA","p2":"machugen","format":"gen8ou","log":"|j|\u2606EL BAMZUKA\n|j|\u2606machugen\n|t:|1667364935\n|gametype|singles\n|player|p1|EL BAMZUKA|ethan-masters|1684\n|player|p2|machugen|brock-gen1rb|1724\n|teamsize|p1|6\n|teamsize|p2|6\n|gen|8\n|tier|[Gen 8] OU\n|rated|\n|rule|Sleep Clause Mod: Limit one foe put to sleep\n|rule|Species Clause: Limit one of each Pok\u00e9mon\n|rule|OHKO Clause: OHKO moves are banned\n|rule|Evasion Items Clause: Evasion items are banned\n|rule|Evasion Moves Clause: Evasion moves are banned\n|rule|Endless Battle Clause: Forcing endless battles is banned\n|rule|HP Percentage Mod: HP is shown in percentages\n|rule|Dynamax Clause: You cannot dynamax\n|clearpoke\n|poke|p1|Rillaboom, M|\n|poke|p1|Tornadus-Therian, M|\n|poke|p1|Blaziken, F|\n|poke|p1|Melmetal|\n|poke|p1|Garchomp, M|\n|poke|p1|Slowbro, F|\n|poke|p2|Weavile, M|\n|poke|p2|Dragapult, M|\n|poke|p2|Volcanion|\n|poke|p2|Melmetal|\n|poke|p2|Kartana|\n|poke|p2|Landorus-Therian, M|\n|teampreview\n|inactive|Battle timer is ON: inactive players will automatically lose when time's up. (requested by EL BAMZUKA)\n|\n|t:|1667364954\n|start\n|switch|p1a: Garchomp|Garchomp, M|100\/100\n|switch|p2a: Weavile|Weavile, M|100\/100\n|-ability|p2a: Weavile|Pressure\n|turn|1\n|\n|t:|1667364956\n|move|p1a: Garchomp|Protect|p1a: Garchomp\n|-singleturn|p1a: Garchomp|Protect\n|move|p2a: Weavile|Beat Up|p1a: Garchomp\n|-activate|p1a: Garchomp|move: Protect\n|\n|upkeep\n|turn|2\n|\n|t:|1667364962\n|move|p2a: Weavile|Beat Up|p1a: Garchomp\n|-damage|p1a: Garchomp|88\/100\n|-damage|p1a: Garchomp|75\/100\n|-damage|p1a: Garchomp|64\/100\n|-damage|p1a: Garchomp|52\/100\n|-damage|p1a: Garchomp|36\/100\n|-damage|p1a: Garchomp|22\/100\n|-hitcount|p1a: Garchomp|6\n|move|p1a: Garchomp|Earthquake|p2a: Weavile\n|-damage|p2a: Weavile|24\/100\n|\n|-heal|p1a: Garchomp|28\/100|[from] item: Leftovers\n|upkeep\n|turn|3\n|\n|t:|1667364968\n|move|p1a: Garchomp|Protect|p1a: Garchomp\n|-singleturn|p1a: Garchomp|Protect\n|move|p2a: Weavile|Beat Up|p1a: Garchomp\n|-activate|p1a: Garchomp|move: Protect\n|\n|-heal|p1a: Garchomp|35\/100|[from] item: Leftovers\n|upkeep\n|turn|4\n|\n|t:|1667364979\n|switch|p1a: Blaziken|Blaziken, F|100\/100\n|move|p2a: Weavile|Beat Up|p1a: Blaziken\n|-resisted|p1a: Blaziken\n|-damage|p1a: Blaziken|91\/100\n|-resisted|p1a: Blaziken\n|-damage|p1a: Blaziken|81\/100\n|-resisted|p1a: Blaziken\n|-damage|p1a: Blaziken|72\/100\n|-resisted|p1a: Blaziken\n|-damage|p1a: Blaziken|61\/100\n|-resisted|p1a: Blaziken\n|-damage|p1a: Blaziken|48\/100\n|-resisted|p1a: Blaziken\n|-damage|p1a: Blaziken|37\/100\n|-hitcount|p1a: Blaziken|6\n|\n|-heal|p1a: Blaziken|44\/100|[from] item: Leftovers\n|upkeep\n|turn|5\n|\n|t:|1667364984\n|switch|p2a: Landorus|Landorus-Therian, M|100\/100\n|-ability|p2a: Landorus|Intimidate|boost\n|-unboost|p1a: Blaziken|atk|1\n|move|p1a: Blaziken|Protect||[still]\n|-fail|p1a: Blaziken\n|\n|-heal|p1a: Blaziken|50\/100|[from] item: Leftovers\n|-ability|p1a: Blaziken|Speed Boost|boost\n|-boost|p1a: Blaziken|spe|1\n|upkeep\n|turn|6\n|\n|t:|1667365001\n|switch|p1a: Garchomp|Garchomp, M|35\/100\n|move|p2a: Landorus|U-turn|p1a: Garchomp\n|-damage|p1a: Garchomp|14\/100\n|-damage|p2a: Landorus|88\/100|[from] ability: Rough Skin|[of] p1a: Garchomp\n|\n|t:|1667365003\n|switch|p2a: Weavile|Weavile, M|24\/100|[from]move: U-turn\n|-ability|p2a: Weavile|Pressure\n|\n|-heal|p1a: Garchomp|21\/100|[from] item: Leftovers\n|upkeep\n|turn|7\n|\n|t:|1667365005\n|move|p1a: Garchomp|Protect|p1a: Garchomp\n|-singleturn|p1a: Garchomp|Protect\n|move|p2a: Weavile|Beat Up|p1a: Garchomp\n|-activate|p1a: Garchomp|move: Protect\n|\n|-heal|p1a: Garchomp|27\/100|[from] item: Leftovers\n|upkeep\n|turn|8\n|\n|t:|1667365013\n|switch|p1a: Rillaboom|Rillaboom, M|100\/100\n|-fieldstart|move: Grassy Terrain|[from] ability: Grassy Surge|[of] p1a: Rillaboom\n|move|p2a: Weavile|Beat Up|p1a: Rillaboom\n|-damage|p1a: Rillaboom|88\/100\n|-damage|p1a: Rillaboom|75\/100\n|-damage|p1a: Rillaboom|64\/100\n|-damage|p1a: Rillaboom|49\/100\n|-damage|p1a: Rillaboom|30\/100\n|-damage|p1a: Rillaboom|15\/100\n|-hitcount|p1a: Rillaboom|6\n|\n|-heal|p2a: Weavile|30\/100|[from] Grassy Terrain\n|-heal|p1a: Rillaboom|22\/100|[from] Grassy Terrain\n|-heal|p1a: Rillaboom|28\/100|[from] item: Leftovers\n|upkeep\n|turn|9\n|\n|t:|1667365024\n|switch|p2a: Melmetal|Melmetal|100\/100\n|switch|p1a: Garchomp|Garchomp, M|27\/100\n|\n|-heal|p1a: Garchomp|33\/100|[from] Grassy Terrain\n|-heal|p1a: Garchomp|39\/100|[from] item: Leftovers\n|upkeep\n|turn|10\n|\n|t:|1667365027\n|move|p1a: Garchomp|Stealth Rock|p2a: Melmetal\n|-sidestart|p2: machugen|move: Stealth Rock\n|move|p2a: Melmetal|Double Iron Bash|p1a: Garchomp\n|-damage|p1a: Garchomp|0 fnt\n|-damage|p2a: Melmetal|88\/100|[from] ability: Rough Skin|[of] p1a: Garchomp\n|faint|p1a: Garchomp\n|-hitcount|p1: Garchomp|1\n|\n|-heal|p2a: Melmetal|94\/100|[from] Grassy Terrain\n|-heal|p2a: Melmetal|99\/100|[from] item: Leftovers\n|upkeep\n|\n|t:|1667365038\n|switch|p1a: Slowbro|Slowbro, F|100\/100\n|turn|11\n|\n|t:|1667365042\n|switch|p2a: Volcanion|Volcanion|100\/100\n|move|p1a: Slowbro|Scald|p2a: Volcanion\n|-immune|p2a: Volcanion|[from] ability: Water Absorb\n|\n|upkeep\n|turn|12\n|\n|t:|1667365045\n|move|p2a: Volcanion|Defog|p1a: Slowbro\n|-unboost|p1a: Slowbro|evasion|1\n|-sideend|p2: machugen|Stealth Rock|[from] move: Defog|[of] p2a: Volcanion\n|-fieldend|move: Grassy Terrain\n|move|p1a: Slowbro|Toxic|p2a: Volcanion|[miss]\n|-miss|p1a: Slowbro|p2a: Volcanion\n|\n|upkeep\n|turn|13\n|\n|t:|1667365054\n|move|p2a: Volcanion|Steam Eruption|p1a: Slowbro\n|-resisted|p1a: Slowbro\n|-damage|p1a: Slowbro|70\/100\n|move|p1a: Slowbro|Teleport|p1a: Slowbro\n|\n|t:|1667365057\n|switch|p1a: Blaziken|Blaziken, F|50\/100|[from]move: Teleport\n|\n|-heal|p1a: Blaziken|56\/100|[from] item: Leftovers\n|upkeep\n|turn|14\n|\n|t:|1667365059\n|switch|p1a: Slowbro|Slowbro, F|100\/100\n|move|p2a: Volcanion|Steam Eruption|p1a: Slowbro\n|-resisted|p1a: Slowbro\n|-damage|p1a: Slowbro|65\/100\n|-status|p1a: Slowbro|brn\n|\n|-damage|p1a: Slowbro|59\/100 brn|[from] brn\n|upkeep\n|turn|15\n|\n|t:|1667365068\n|move|p2a: Volcanion|Earth Power|p1a: Slowbro\n|-damage|p1a: Slowbro|26\/100 brn\n|move|p1a: Slowbro|Toxic|p2a: Volcanion\n|-status|p2a: Volcanion|tox\n|\n|-damage|p2a: Volcanion|95\/100 tox|[from] psn\n|-damage|p1a: Slowbro|20\/100 brn|[from] brn\n|upkeep\n|turn|16\n|\n|t:|1667365073\n|switch|p1a: Tornadus|Tornadus-Therian, M|100\/100\n|move|p2a: Volcanion|Steam Eruption|p1a: Tornadus\n|-damage|p1a: Tornadus|39\/100\n|\n|-damage|p2a: Volcanion|83\/100 tox|[from] psn\n|upkeep\n|turn|17\n|\n|t:|1667365079\n|move|p1a: Tornadus|U-turn|p2a: Volcanion\n|-resisted|p2a: Volcanion\n|-damage|p2a: Volcanion|76\/100 tox\n|\n|t:|1667365081\n|switch|p1a: Slowbro|Slowbro, F|53\/100 brn|[from]move: U-turn\n|move|p2a: Volcanion|Earth Power|p1a: Slowbro\n|-crit|p1a: Slowbro\n|-damage|p1a: Slowbro|0 fnt\n|faint|p1a: Slowbro\n|\n|-damage|p2a: Volcanion|58\/100 tox|[from] psn\n|upkeep\n|\n|t:|1667365087\n|switch|p1a: Blaziken|Blaziken, F|56\/100\n|turn|18\n|\n|t:|1667365089\n|switch|p2a: Landorus|Landorus-Therian, M|88\/100\n|-ability|p2a: Landorus|Intimidate|boost\n|-unboost|p1a: Blaziken|atk|1\n|move|p1a: Blaziken|Protect||[still]\n|-fail|p1a: Blaziken\n|\n|-heal|p1a: Blaziken|62\/100|[from] item: Leftovers\n|-heal|p2a: Landorus|94\/100|[from] item: Leftovers\n|-ability|p1a: Blaziken|Speed Boost|boost\n|-boost|p1a: Blaziken|spe|1\n|upkeep\n|turn|19\n|\n|t:|1667365094\n|switch|p1a: Tornadus|Tornadus-Therian, M|72\/100\n|move|p2a: Landorus|Stealth Rock|p1a: Tornadus\n|-sidestart|p1: EL BAMZUKA|move: Stealth Rock\n|\n|-heal|p2a: Landorus|99\/100|[from] item: Leftovers\n|upkeep\n|turn|20\n|\n|t:|1667365100\n|move|p1a: Tornadus|Defog|p2a: Landorus\n|-unboost|p2a: Landorus|evasion|1\n|-sideend|p1: EL BAMZUKA|Stealth Rock|[from] move: Defog|[of] p1a: Tornadus\n|move|p2a: Landorus|U-turn|p1a: Tornadus\n|-resisted|p1a: Tornadus\n|-damage|p1a: Tornadus|60\/100\n|\n|t:|1667365102\n|switch|p2a: Dragapult|Dragapult, M|100\/100|[from]move: U-turn\n|\n|upkeep\n|turn|21\n|\n|t:|1667365107\n|switch|p1a: Melmetal|Melmetal|100\/100\n|move|p2a: Dragapult|Draco Meteor|p1a: Melmetal\n|-resisted|p1a: Melmetal\n|-damage|p1a: Melmetal|57\/100\n|-unboost|p2a: Dragapult|spa|2\n|\n|-heal|p1a: Melmetal|63\/100|[from] item: Leftovers\n|upkeep\n|turn|22\n|\n|t:|1667365112\n|switch|p2a: Volcanion|Volcanion|58\/100 tox\n|switch|p1a: Blaziken|Blaziken, F|62\/100\n|\n|-heal|p1a: Blaziken|68\/100|[from] item: Leftovers\n|-damage|p2a: Volcanion|52\/100 tox|[from] psn\n|upkeep\n|turn|23\n|\n|t:|1667365117\n|move|p2a: Volcanion|Steam Eruption|p1a: Blaziken\n|-supereffective|p1a: Blaziken\n|-crit|p1a: Blaziken\n|-damage|p1a: Blaziken|0 fnt\n|faint|p1a: Blaziken\n|\n|-damage|p2a: Volcanion|40\/100 tox|[from] psn\n|upkeep\n|-message|EL BAMZUKA forfeited.\n|\n|win|machugen\n|raw|EL BAMZUKA's rating: 1684 &rarr; <strong>1666<\/strong><br \/>(-18 for losing)\n|raw|machugen's rating: 1724 &rarr; <strong>1742<\/strong><br \/>(+18 for winning)\n|l|\u2606EL BAMZUKA\n","uploadtime":1667365123,"views":10,"p1id":"elbamzuka","p2id":"machugen","formatid":"gen8ou","rating":1666,"private":0,"password":null}