{"id":"gen8nationaldexag-1634943793","p1":"Rediyu","p2":"Boras0125","format":"gen8nationaldexag","log":"|j|\u2606Rediyu\n|j|\u2606Boras0125\n|t:|1659962883\n|gametype|singles\n|player|p1|Rediyu|guitarist|\n|player|p2|Boras0125|1|\n|teamsize|p1|6\n|teamsize|p2|6\n|gen|8\n|tier|[Gen 8] National Dex AG\n|rule|HP Percentage Mod: HP is shown in percentages\n|rule|Endless Battle Clause: Forcing endless battles is banned\n|clearpoke\n|poke|p1|Spectrier|\n|poke|p1|Registeel|\n|poke|p1|Suicune|\n|poke|p1|Mesprit|\n|poke|p1|Absol, M|\n|poke|p1|Shaymin|\n|poke|p2|Whimsicott, F|\n|poke|p2|Magmortar, M|\n|poke|p2|Gligar, M|\n|poke|p2|Haxorus, M|\n|poke|p2|Slowbro, F|\n|poke|p2|Swellow, M|\n|teampreview\n|c|\u2606Rediyu|gl hf\n|c|\u2606Boras0125|gl hf\n|\n|t:|1659962928\n|start\n|switch|p1a: Psychic Elfe|Mesprit|100\/100\n|switch|p2a: Gligar|Gligar, M|100\/100\n|turn|1\n|\n|t:|1659962935\n|move|p2a: Gligar|Stealth Rock|p1a: Psychic Elfe\n|-sidestart|p1: Rediyu|move: Stealth Rock\n|move|p1a: Psychic Elfe|Ice Beam|p2a: Gligar\n|-supereffective|p2a: Gligar\n|-damage|p2a: Gligar|18\/100\n|\n|upkeep\n|turn|2\n|\n|t:|1659962945\n|move|p2a: Gligar|U-turn|p1a: Psychic Elfe\n|-supereffective|p1a: Psychic Elfe\n|-damage|p1a: Psychic Elfe|77\/100\n|\n|t:|1659962963\n|switch|p2a: Slowbro|Slowbro, F|100\/100|[from]move: U-turn\n|move|p1a: Psychic Elfe|Stealth Rock|p2a: Slowbro\n|-sidestart|p2: Boras0125|move: Stealth Rock\n|\n|upkeep\n|turn|3\n|\n|t:|1659962969\n|move|p1a: Psychic Elfe|U-turn|p2a: Slowbro\n|-supereffective|p2a: Slowbro\n|-damage|p2a: Slowbro|83\/100\n|\n|t:|1659962972\n|switch|p1a: Steel Regi|Registeel|100\/100|[from]move: U-turn\n|-damage|p1a: Steel Regi|94\/100|[from] Stealth Rock\n|move|p2a: Slowbro|Calm Mind|p2a: Slowbro\n|-boost|p2a: Slowbro|spa|1\n|-boost|p2a: Slowbro|spd|1\n|\n|-heal|p2a: Slowbro|89\/100|[from] item: Leftovers\n|upkeep\n|turn|4\n|\n|t:|1659962980\n|move|p1a: Steel Regi|Toxic|p2a: Slowbro\n|-status|p2a: Slowbro|tox\n|move|p2a: Slowbro|Calm Mind|p2a: Slowbro\n|-boost|p2a: Slowbro|spa|1\n|-boost|p2a: Slowbro|spd|1\n|\n|-heal|p2a: Slowbro|95\/100 tox|[from] item: Leftovers\n|-damage|p2a: Slowbro|89\/100 tox|[from] psn\n|upkeep\n|turn|5\n|\n|t:|1659962990\n|switch|p1a: Water Eis|Suicune|100\/100\n|-damage|p1a: Water Eis|88\/100|[from] Stealth Rock\n|-ability|p1a: Water Eis|Pressure\n|move|p2a: Slowbro|Flamethrower|p1a: Water Eis\n|-resisted|p1a: Water Eis\n|-damage|p1a: Water Eis|72\/100\n|\n|-heal|p1a: Water Eis|78\/100|[from] item: Leftovers\n|-heal|p2a: Slowbro|95\/100 tox|[from] item: Leftovers\n|-damage|p2a: Slowbro|83\/100 tox|[from] psn\n|upkeep\n|turn|6\n|\n|t:|1659963013\n|move|p1a: Water Eis|Calm Mind|p1a: Water Eis\n|-boost|p1a: Water Eis|spa|1\n|-boost|p1a: Water Eis|spd|1\n|move|p2a: Slowbro|Psyshock|p1a: Water Eis\n|-damage|p1a: Water Eis|49\/100\n|\n|-heal|p1a: Water Eis|55\/100|[from] item: Leftovers\n|-heal|p2a: Slowbro|89\/100 tox|[from] item: Leftovers\n|-damage|p2a: Slowbro|71\/100 tox|[from] psn\n|upkeep\n|turn|7\n|\n|t:|1659963044\n|move|p1a: Water Eis|Scald|p2a: Slowbro\n|-resisted|p2a: Slowbro\n|-damage|p2a: Slowbro|61\/100 tox\n|move|p2a: Slowbro|Psyshock|p1a: Water Eis\n|-damage|p1a: Water Eis|21\/100\n|\n|-heal|p1a: Water Eis|28\/100|[from] item: Leftovers\n|-heal|p2a: Slowbro|67\/100 tox|[from] item: Leftovers\n|-damage|p2a: Slowbro|42\/100 tox|[from] psn\n|upkeep\n|turn|8\n|\n|t:|1659963053\n|move|p1a: Water Eis|Substitute|p1a: Water Eis\n|-start|p1a: Water Eis|Substitute\n|-damage|p1a: Water Eis|3\/100\n|move|p2a: Slowbro|Psyshock|p1a: Water Eis\n|-end|p1a: Water Eis|Substitute\n|\n|-heal|p1a: Water Eis|9\/100|[from] item: Leftovers\n|-heal|p2a: Slowbro|48\/100 tox|[from] item: Leftovers\n|-damage|p2a: Slowbro|18\/100 tox|[from] psn\n|upkeep\n|turn|9\n|\n|t:|1659963068\n|move|p1a: Water Eis|Ice Beam|p2a: Slowbro\n|-resisted|p2a: Slowbro\n|-damage|p2a: Slowbro|11\/100 tox\n|move|p2a: Slowbro|Slack Off|p2a: Slowbro\n|-heal|p2a: Slowbro|61\/100 tox\n|\n|-heal|p1a: Water Eis|15\/100|[from] item: Leftovers\n|-heal|p2a: Slowbro|67\/100 tox|[from] item: Leftovers\n|-damage|p2a: Slowbro|31\/100 tox|[from] psn\n|upkeep\n|turn|10\n|\n|t:|1659963084\n|switch|p1a: Psychic Elfe|Mesprit|77\/100\n|-damage|p1a: Psychic Elfe|64\/100|[from] Stealth Rock\n|move|p2a: Slowbro|Psyshock|p1a: Psychic Elfe\n|-resisted|p1a: Psychic Elfe\n|-damage|p1a: Psychic Elfe|41\/100\n|\n|-heal|p2a: Slowbro|37\/100 tox|[from] item: Leftovers\n|-damage|p2a: Slowbro|0 fnt|[from] psn\n|faint|p2a: Slowbro\n|upkeep\n|\n|t:|1659963111\n|switch|p2a: Gligar|Gligar, M|18\/100\n|-damage|p2a: Gligar|6\/100|[from] Stealth Rock\n|turn|11\n|\n|t:|1659963116\n|move|p2a: Gligar|Roost|p2a: Gligar\n|-heal|p2a: Gligar|56\/100\n|-singleturn|p2a: Gligar|move: Roost\n|move|p1a: Psychic Elfe|Ice Beam|p2a: Gligar\n|-supereffective|p2a: Gligar\n|-damage|p2a: Gligar|16\/100\n|\n|upkeep\n|turn|12\n|\n|t:|1659963124\n|move|p2a: Gligar|Roost|p2a: Gligar\n|-heal|p2a: Gligar|66\/100\n|-singleturn|p2a: Gligar|move: Roost\n|move|p1a: Psychic Elfe|Ice Beam|p2a: Gligar\n|-supereffective|p2a: Gligar\n|-damage|p2a: Gligar|25\/100\n|\n|upkeep\n|turn|13\n|\n|t:|1659963169\n|switch|p1a: Dark Chaos|Absol, M|100\/100\n|-damage|p1a: Dark Chaos|88\/100|[from] Stealth Rock\n|move|p2a: Gligar|Roost|p2a: Gligar\n|-heal|p2a: Gligar|75\/100\n|-singleturn|p2a: Gligar|move: Roost\n|\n|upkeep\n|turn|14\n|\n|t:|1659963226\n|switch|p2a: Whimsicott|Whimsicott, F|100\/100\n|-damage|p2a: Whimsicott|88\/100|[from] Stealth Rock\n|detailschange|p1a: Dark Chaos|Absol-Mega, M\n|-mega|p1a: Dark Chaos|Absol|Absolite\n|move|p1a: Dark Chaos|Ice Beam|p2a: Whimsicott\n|-supereffective|p2a: Whimsicott\n|-damage|p2a: Whimsicott|12\/100\n|\n|upkeep\n|turn|15\n|\n|t:|1659963241\n|move|p1a: Dark Chaos|Sucker Punch|p2a: Whimsicott\n|-resisted|p2a: Whimsicott\n|-damage|p2a: Whimsicott|0 fnt\n|faint|p2a: Whimsicott\n|\n|upkeep\n|\n|t:|1659963272\n|switch|p2a: Magmortar|Magmortar, M|100\/100\n|-damage|p2a: Magmortar|76\/100|[from] Stealth Rock\n|turn|16\n|\n|t:|1659963295\n|switch|p1a: Water Eis|Suicune|15\/100\n|-damage|p1a: Water Eis|3\/100|[from] Stealth Rock\n|-ability|p1a: Water Eis|Pressure\n|move|p2a: Magmortar|Mach Punch|p1a: Water Eis\n|-damage|p1a: Water Eis|0 fnt\n|faint|p1a: Water Eis\n|\n|upkeep\n|\n|t:|1659963298\n|switch|p1a: Ghost Ponny|Spectrier|100\/100\n|-damage|p1a: Ghost Ponny|88\/100|[from] Stealth Rock\n|turn|17\n|\n|t:|1659963324\n|move|p1a: Ghost Ponny|Dark Pulse|p2a: Magmortar\n|-damage|p2a: Magmortar|36\/100\n|move|p2a: Magmortar|Flare Blitz|p1a: Ghost Ponny\n|-damage|p1a: Ghost Ponny|18\/100\n|-damage|p2a: Magmortar|9\/100|[from] Recoil\n|\n|upkeep\n|turn|18\n|\n|t:|1659963339\n|move|p1a: Ghost Ponny|Dark Pulse|p2a: Magmortar\n|-damage|p2a: Magmortar|0 fnt\n|faint|p2a: Magmortar\n|-ability|p1a: Ghost Ponny|Grim Neigh|boost\n|-boost|p1a: Ghost Ponny|spa|1\n|\n|upkeep\n|\n|t:|1659963354\n|switch|p2a: Gligar|Gligar, M|75\/100\n|-damage|p2a: Gligar|62\/100|[from] Stealth Rock\n|turn|19\n|\n|t:|1659963368\n|move|p1a: Ghost Ponny|Dark Pulse|p2a: Gligar\n|-damage|p2a: Gligar|17\/100\n|move|p2a: Gligar|Knock Off|p1a: Ghost Ponny\n|-supereffective|p1a: Ghost Ponny\n|-crit|p1a: Ghost Ponny\n|-damage|p1a: Ghost Ponny|0 fnt\n|-enditem|p1a: Ghost Ponny|Choice Scarf|[from] move: Knock Off|[of] p2a: Gligar\n|faint|p1a: Ghost Ponny\n|\n|upkeep\n|\n|t:|1659963391\n|switch|p1a: Grass Igel|Shaymin|100\/100\n|-damage|p1a: Grass Igel|88\/100|[from] Stealth Rock\n|turn|20\n|\n|t:|1659963400\n|-zpower|p1a: Grass Igel\n|move|p1a: Grass Igel|Z-Celebrate|p1a: Grass Igel|[anim]Celebrate\n|-boost|p1a: Grass Igel|atk|1|[zeffect]\n|-boost|p1a: Grass Igel|def|1|[zeffect]\n|-boost|p1a: Grass Igel|spa|1|[zeffect]\n|-boost|p1a: Grass Igel|spd|1|[zeffect]\n|-boost|p1a: Grass Igel|spe|1|[zeffect]\n|-activate|p1a: Grass Igel|move: Celebrate\n|move|p2a: Gligar|Roost|p2a: Gligar\n|-heal|p2a: Gligar|67\/100\n|-singleturn|p2a: Gligar|move: Roost\n|\n|upkeep\n|turn|21\n|\n|t:|1659963418\n|move|p1a: Grass Igel|Energy Ball|p2a: Gligar\n|-damage|p2a: Gligar|8\/100\n|move|p2a: Gligar|U-turn|p1a: Grass Igel\n|-supereffective|p1a: Grass Igel\n|-damage|p1a: Grass Igel|71\/100\n|\n|t:|1659963431\n|switch|p2a: Swellow|Swellow, M|100\/100|[from]move: U-turn\n|-damage|p2a: Swellow|76\/100|[from] Stealth Rock\n|\n|upkeep\n|turn|22\n|\n|t:|1659963442\n|move|p1a: Grass Igel|Psychic|p2a: Swellow\n|-damage|p2a: Swellow|0 fnt\n|faint|p2a: Swellow\n|\n|upkeep\n|\n|t:|1659963446\n|switch|p2a: Haxorus|Haxorus, M|100\/100\n|-damage|p2a: Haxorus|88\/100|[from] Stealth Rock\n|-ability|p2a: Haxorus|Mold Breaker\n|turn|23\n|\n|t:|1659963457\n|move|p1a: Grass Igel|Dazzling Gleam|p2a: Haxorus\n|-supereffective|p2a: Haxorus\n|-damage|p2a: Haxorus|0 fnt\n|faint|p2a: Haxorus\n|\n|upkeep\n|\n|t:|1659963462\n|switch|p2a: Gligar|Gligar, M|8\/100\n|-damage|p2a: Gligar|0 fnt|[from] Stealth Rock\n|faint|p2a: Gligar\n|\n|win|Rediyu\n|c|\u2606Rediyu|gg\n","uploadtime":1659963468,"views":14,"p1id":"rediyu","p2id":"boras0125","formatid":"gen8nationaldexag","rating":0,"private":0,"password":null}