{"id":"gen8randombattle-1706974205","p1":"TheNitroGeneral","p2":"BlizzardZeeshan","format":"gen8randombattle","log":"|j|\u2606TheNitroGeneral\n|j|\u2606BlizzardZeeshan\n|t:|1668037911\n|gametype|singles\n|player|p1|TheNitroGeneral|roxie|1472\n|player|p2|BlizzardZeeshan|lance|1483\n|teamsize|p1|6\n|teamsize|p2|6\n|gen|8\n|tier|[Gen 8] Random Battle\n|rated|\n|rule|Species Clause: Limit one of each Pok\u00e9mon\n|rule|HP Percentage Mod: HP is shown in percentages\n|rule|Sleep Clause Mod: Limit one foe put to sleep\n|\n|t:|1668037911\n|start\n|switch|p1a: Necrozma|Necrozma-Dusk-Mane, L67|241\/241\n|switch|p2a: Glaceon|Glaceon, L88, M|258\/258\n|turn|1\n|inactive|Battle timer is ON: inactive players will automatically lose when time's up. (requested by BlizzardZeeshan)\n|\n|t:|1668037919\n|switch|p2a: Tangrowth|Tangrowth, L84, M|305\/305\n|move|p1a: Necrozma|Dragon Dance|p1a: Necrozma\n|-boost|p1a: Necrozma|atk|1\n|-boost|p1a: Necrozma|spe|1\n|\n|upkeep\n|turn|2\n|c|\u2606TheNitroGeneral|Glhf\n|\n|t:|1668037932\n|move|p1a: Necrozma|Dragon Dance|p1a: Necrozma\n|-boost|p1a: Necrozma|atk|1\n|-boost|p1a: Necrozma|spe|1\n|move|p2a: Tangrowth|Sleep Powder|p1a: Necrozma\n|-status|p1a: Necrozma|slp|[from] move: Sleep Powder\n|\n|upkeep\n|turn|3\n|\n|t:|1668037959\n|cant|p1a: Necrozma|slp\n|move|p2a: Tangrowth|Leech Seed|p1a: Necrozma\n|-start|p1a: Necrozma|move: Leech Seed\n|\n|-damage|p1a: Necrozma|211\/241 slp|[from] Leech Seed|[of] p2a: Tangrowth\n|upkeep\n|turn|4\n|\n|t:|1668037967\n|switch|p2a: Gallade|Gallade, L82, M|246\/246\n|cant|p1a: Necrozma|slp\n|\n|-damage|p1a: Necrozma|181\/241 slp|[from] Leech Seed|[of] p2a: Gallade\n|upkeep\n|turn|5\n|\n|t:|1668037975\n|switch|p1a: Oranguru|Oranguru, L86, M|295\/295\n|move|p2a: Gallade|Trick|p1a: Oranguru\n|-activate|p2a: Gallade|move: Trick|[of] p1a: Oranguru\n|-item|p1a: Oranguru|Choice Scarf|[from] move: Trick\n|-item|p2a: Gallade|Leftovers|[from] move: Trick\n|\n|upkeep\n|turn|6\n|\n|t:|1668037994\n|switch|p2a: Glaceon|Glaceon, L88, M|258\/258\n|move|p1a: Oranguru|Psychic|p2a: Glaceon\n|-crit|p2a: Glaceon\n|-damage|p2a: Glaceon|119\/258\n|-unboost|p2a: Glaceon|spd|1\n|\n|-heal|p2a: Glaceon|135\/258|[from] item: Leftovers\n|upkeep\n|turn|7\n|\n|t:|1668037997\n|move|p2a: Glaceon|Protect|p2a: Glaceon\n|-singleturn|p2a: Glaceon|Protect\n|move|p1a: Oranguru|Psychic|p2a: Glaceon\n|-activate|p2a: Glaceon|move: Protect\n|\n|-heal|p2a: Glaceon|151\/258|[from] item: Leftovers\n|upkeep\n|turn|8\n|\n|t:|1668038000\n|switch|p2a: Gallade|Gallade, L82, M|246\/246\n|move|p1a: Oranguru|Psychic|p2a: Gallade\n|-damage|p2a: Gallade|162\/246\n|\n|-heal|p2a: Gallade|177\/246|[from] item: Leftovers\n|upkeep\n|turn|9\n|\n|t:|1668038003\n|move|p2a: Gallade|Close Combat|p1a: Oranguru\n|-damage|p1a: Oranguru|153\/295\n|-unboost|p2a: Gallade|def|1\n|-unboost|p2a: Gallade|spd|1\n|move|p1a: Oranguru|Psychic|p2a: Gallade\n|-damage|p2a: Gallade|59\/246\n|\n|-heal|p2a: Gallade|74\/246|[from] item: Leftovers\n|upkeep\n|turn|10\n|\n|t:|1668038018\n|move|p2a: Gallade|Close Combat|p1a: Oranguru\n|-damage|p1a: Oranguru|11\/295\n|-unboost|p2a: Gallade|def|1\n|-unboost|p2a: Gallade|spd|1\n|move|p1a: Oranguru|Psychic|p2a: Gallade\n|-damage|p2a: Gallade|0 fnt\n|faint|p2a: Gallade\n|\n|upkeep\n|\n|t:|1668038024\n|switch|p2a: Seismitoad|Seismitoad, L84, F|314\/314\n|turn|11\n|\n|t:|1668038028\n|move|p2a: Seismitoad|Liquidation|p1a: Oranguru\n|-crit|p1a: Oranguru\n|-damage|p1a: Oranguru|0 fnt\n|faint|p1a: Oranguru\n|-damage|p2a: Seismitoad|283\/314|[from] item: Life Orb\n|\n|upkeep\n|\n|t:|1668038040\n|switch|p1a: Gurdurr|Gurdurr, L83, F|277\/277\n|turn|12\n|\n|t:|1668038044\n|move|p2a: Seismitoad|Stealth Rock|p1a: Gurdurr\n|-sidestart|p1: TheNitroGeneral|move: Stealth Rock\n|move|p1a: Gurdurr|Bulk Up|p1a: Gurdurr\n|-boost|p1a: Gurdurr|atk|1\n|-boost|p1a: Gurdurr|def|1\n|\n|upkeep\n|turn|13\n|\n|t:|1668038047\n|switch|p2a: Tangrowth|Tangrowth, L84, M|305\/305\n|move|p1a: Gurdurr|Bulk Up|p1a: Gurdurr\n|-boost|p1a: Gurdurr|atk|1\n|-boost|p1a: Gurdurr|def|1\n|\n|upkeep\n|turn|14\n|\n|t:|1668038053\n|move|p2a: Tangrowth|Leech Seed|p1a: Gurdurr\n|-start|p1a: Gurdurr|move: Leech Seed\n|move|p1a: Gurdurr|Drain Punch|p2a: Tangrowth\n|-damage|p2a: Tangrowth|172\/305\n|-damage|p1a: Gurdurr|231\/277|[from] item: Rocky Helmet|[of] p2a: Tangrowth\n|\n|-damage|p1a: Gurdurr|197\/277|[from] Leech Seed|[of] p2a: Tangrowth\n|-heal|p2a: Tangrowth|206\/305|[silent]\n|upkeep\n|turn|15\n|\n|t:|1668038059\n|move|p2a: Tangrowth|Giga Drain|p1a: Gurdurr\n|-damage|p1a: Gurdurr|110\/277\n|-heal|p2a: Tangrowth|250\/305|[from] drain|[of] p1a: Gurdurr\n|move|p1a: Gurdurr|Drain Punch|p2a: Tangrowth\n|-damage|p2a: Tangrowth|114\/305\n|-heal|p1a: Gurdurr|178\/277|[from] drain|[of] p2a: Tangrowth\n|-damage|p1a: Gurdurr|132\/277|[from] item: Rocky Helmet|[of] p2a: Tangrowth\n|\n|-damage|p1a: Gurdurr|98\/277|[from] Leech Seed|[of] p2a: Tangrowth\n|-heal|p2a: Tangrowth|148\/305|[silent]\n|upkeep\n|turn|16\n|\n|t:|1668038064\n|-start|p1a: Gurdurr|Dynamax|\n|-heal|p1a: Gurdurr|196\/554|[silent]\n|move|p2a: Tangrowth|Giga Drain|p1a: Gurdurr\n|-damage|p1a: Gurdurr|108\/554\n|-heal|p2a: Tangrowth|192\/305|[from] drain|[of] p1a: Gurdurr\n|move|p1a: Gurdurr|Max Knuckle|p2a: Tangrowth\n|-damage|p2a: Tangrowth|50\/305\n|-boost|p1a: Gurdurr|atk|1\n|\n|-damage|p1a: Gurdurr|74\/554|[from] Leech Seed|[of] p2a: Tangrowth\n|-heal|p2a: Tangrowth|84\/305|[silent]\n|upkeep\n|turn|17\n|\n|t:|1668038068\n|switch|p2a: Chandelure|Chandelure, L82, F|233\/233\n|move|p1a: Gurdurr|Max Knuckle|p2a: Chandelure\n|-immune|p2a: Chandelure\n|\n|-damage|p1a: Gurdurr|40\/554|[from] Leech Seed|[of] p2a: Chandelure\n|upkeep\n|turn|18\n|\n|t:|1668038071\n|move|p2a: Chandelure|Shadow Ball|p1a: Gurdurr\n|-damage|p1a: Gurdurr|0 fnt\n|faint|p1a: Gurdurr\n|\n|upkeep\n|\n|t:|1668038074\n|switch|p1a: Drapion|Drapion, L82, F|249\/249\n|-damage|p1a: Drapion|218\/249|[from] Stealth Rock\n|turn|19\n|\n|t:|1668038082\n|switch|p2a: Glaceon|Glaceon, L88, M|151\/258\n|move|p1a: Drapion|Knock Off|p2a: Glaceon\n|-damage|p2a: Glaceon|46\/258\n|-enditem|p2a: Glaceon|Leftovers|[from] move: Knock Off|[of] p1a: Drapion\n|-damage|p1a: Drapion|194\/249|[from] item: Life Orb\n|\n|upkeep\n|turn|20\n|\n|t:|1668038088\n|move|p1a: Drapion|Poison Jab|p2a: Glaceon\n|-damage|p2a: Glaceon|0 fnt\n|faint|p2a: Glaceon\n|-damage|p1a: Drapion|170\/249|[from] item: Life Orb\n|\n|upkeep\n|\n|t:|1668038104\n|switch|p2a: Seismitoad|Seismitoad, L84, F|283\/314\n|turn|21\n|\n|t:|1668038110\n|move|p1a: Drapion|Knock Off|p2a: Seismitoad\n|-crit|p2a: Seismitoad\n|-damage|p2a: Seismitoad|0 fnt\n|-enditem|p2a: Seismitoad|Life Orb|[from] move: Knock Off|[of] p1a: Drapion\n|faint|p2a: Seismitoad\n|-damage|p1a: Drapion|146\/249|[from] item: Life Orb\n|\n|upkeep\n|\n|t:|1668038116\n|switch|p2a: Chandelure|Chandelure, L82, F|233\/233\n|turn|22\n|c|\u2606TheNitroGeneral|God damn\n|\n|t:|1668038121\n|move|p2a: Chandelure|Fire Blast|p1a: Drapion\n|-damage|p1a: Drapion|0 fnt\n|faint|p1a: Drapion\n|\n|upkeep\n|\n|t:|1668038124\n|switch|p1a: Lycanroc|Lycanroc, L80, M|251\/251\n|-damage|p1a: Lycanroc|220\/251|[from] Stealth Rock\n|turn|23\n|\n|t:|1668038134\n|switch|p2a: Tangrowth|Tangrowth, L84, M|185\/305\n|move|p1a: Lycanroc|Swords Dance|p1a: Lycanroc\n|-boost|p1a: Lycanroc|atk|2\n|\n|upkeep\n|turn|24\n|\n|t:|1668038139\n|switch|p1a: Incineroar|Incineroar, L80, F|283\/283\n|-ability|p1a: Incineroar|Intimidate|boost\n|-unboost|p2a: Tangrowth|atk|1\n|move|p2a: Tangrowth|Giga Drain|p1a: Incineroar\n|-resisted|p1a: Incineroar\n|-crit|p1a: Incineroar\n|-damage|p1a: Incineroar|210\/283\n|-heal|p2a: Tangrowth|222\/305|[from] drain|[of] p1a: Incineroar\n|\n|upkeep\n|turn|25\n|\n|t:|1668038148\n|switch|p2a: Chandelure|Chandelure, L82, F|233\/233\n|move|p1a: Incineroar|Knock Off|p2a: Chandelure\n|-supereffective|p2a: Chandelure\n|-damage|p2a: Chandelure|15\/233\n|-enditem|p2a: Chandelure|Choice Scarf|[from] move: Knock Off|[of] p1a: Incineroar\n|\n|upkeep\n|turn|26\n|c|\u2606TheNitroGeneral|Im not stupid\n|\n|t:|1668038163\n|move|p2a: Chandelure|Fire Blast|p1a: Incineroar\n|-resisted|p1a: Incineroar\n|-damage|p1a: Incineroar|126\/283\n|move|p1a: Incineroar|Knock Off|p2a: Chandelure\n|-supereffective|p2a: Chandelure\n|-damage|p2a: Chandelure|0 fnt\n|faint|p2a: Chandelure\n|\n|upkeep\n|\n|t:|1668038167\n|switch|p2a: Exeggutor|Exeggutor-Alola, L87, M|307\/307\n|-item|p1a: Incineroar|Heavy-Duty Boots|[from] ability: Frisk|[of] p2a: Exeggutor|[identify]\n|turn|27\n|\n|t:|1668038170\n|switch|p1a: Necrozma|Necrozma-Dusk-Mane, L67|181\/241 slp\n|-damage|p1a: Necrozma|166\/241 slp|[from] Stealth Rock\n|-start|p2a: Exeggutor|Dynamax|\n|-heal|p2a: Exeggutor|614\/614|[silent]\n|move|p2a: Exeggutor|Max Wyrmwind|p1a: Necrozma\n|-resisted|p1a: Necrozma\n|-damage|p1a: Necrozma|63\/241 slp\n|-unboost|p1a: Necrozma|atk|1\n|\n|upkeep\n|turn|28\n|c|\u2606BlizzardZeeshan|good to know\n|\n|t:|1668038179\n|cant|p1a: Necrozma|slp\n|move|p2a: Exeggutor|Max Flare|p1a: Necrozma\n|-supereffective|p1a: Necrozma\n|-damage|p1a: Necrozma|0 fnt\n|-weather|SunnyDay\n|faint|p1a: Necrozma\n|\n|-weather|SunnyDay|[upkeep]\n|upkeep\n|\n|t:|1668038188\n|switch|p1a: Incineroar|Incineroar, L80, F|126\/283\n|-ability|p1a: Incineroar|Intimidate|boost\n|-unboost|p2a: Exeggutor|atk|1\n|turn|29\n|\n|t:|1668038194\n|move|p1a: Incineroar|Flare Blitz|p2a: Exeggutor\n|-damage|p2a: Exeggutor|427\/614\n|-damage|p1a: Incineroar|64\/283|[from] Recoil\n|move|p2a: Exeggutor|Max Wyrmwind|p1a: Incineroar\n|-damage|p1a: Incineroar|0 fnt\n|faint|p1a: Incineroar\n|\n|-weather|SunnyDay|[upkeep]\n|upkeep\n|\n|t:|1668038201\n|switch|p1a: Lycanroc|Lycanroc, L80, M|220\/251\n|-damage|p1a: Lycanroc|189\/251|[from] Stealth Rock\n|-end|p2a: Exeggutor|Dynamax\n|-heal|p2a: Exeggutor|214\/307|[silent]\n|turn|30\n|\n|t:|1668038205\n|move|p1a: Lycanroc|Stone Edge|p2a: Exeggutor\n|-damage|p2a: Exeggutor|66\/307\n|-damage|p1a: Lycanroc|164\/251|[from] item: Life Orb\n|move|p2a: Exeggutor|Giga Drain|p1a: Lycanroc\n|-supereffective|p1a: Lycanroc\n|-damage|p1a: Lycanroc|0 fnt\n|-heal|p2a: Exeggutor|148\/307|[from] drain|[of] p1a: Lycanroc\n|faint|p1a: Lycanroc\n|\n|win|BlizzardZeeshan\n|raw|TheNitroGeneral's rating: 1472 &rarr; <strong>1455<\/strong><br \/>(-17 for losing)\n|raw|BlizzardZeeshan's rating: 1518 &rarr; <strong>1535<\/strong><br \/>(+17 for winning)\n|l|\u2606TheNitroGeneral\n||Ladder isn't responding, score probably updated but might not have (Request timeout).\n","inputlog":">version 453a3ad56483cc6a5c08448f6577d394b68621b7\n>start {\"formatid\":\"gen8randombattle\",\"seed\":[63803,38048,4649,50530],\"rated\":\"Rated battle\"}\n>player p1 {\"name\":\"TheNitroGeneral\",\"avatar\":\"roxie\",\"rating\":1472,\"seed\":[42446,26996,17085,216]}\n>player p2 {\"name\":\"BlizzardZeeshan\",\"avatar\":\"lance\",\"rating\":1483,\"seed\":[60360,15210,51885,26061]}\n>p1 move dragondance\n>p2 switch 3\n>chat \u2606TheNitroGeneral|Glhf\n>p1 move dragondance\n>p2 move sleeppowder\n>p1 move sunsteelstrike\n>p2 move leechseed\n>p1 move sunsteelstrike\n>p2 switch 5\n>p1 switch 2\n>p2 move trick\n>p1 move psychic\n>p2 switch 3\n>p1 move psychic\n>p2 move protect\n>p1 move psychic\n>p2 switch 3\n>p1 move psychic\n>p2 move closecombat\n>p1 move psychic\n>p2 move closecombat\n>p2 switch 4\n>p1 move psychic\n>p2 move liquidation\n>p1 switch 6\n>p1 move bulkup\n>p2 move stealthrock\n>p1 move bulkup\n>p2 switch 5\n>p1 move drainpunch\n>p2 move leechseed\n>p1 move drainpunch\n>p2 move gigadrain\n>p1 move drainpunch dynamax\n>p2 move gigadrain\n>p1 move drainpunch dynamax\n>p2 switch 2\n>p1 move knockoff dynamax\n>p2 move shadowball\n>p1 switch 5\n>p1 move knockoff\n>p2 switch 3\n>p1 move poisonjab\n>p2 move freezedry\n>p2 switch 5\n>p1 move knockoff\n>p2 move earthquake\n>p2 switch 3\n>chat \u2606TheNitroGeneral|God damn\n>p1 move knockoff\n>p2 move fireblast\n>p1 switch 4\n>p1 move swordsdance\n>p2 switch 2\n>p1 switch 3\n>p2 move gigadrain\n>p1 move knockoff\n>p2 switch 2\n>chat \u2606TheNitroGeneral|Im not stupid\n>p1 move knockoff\n>p2 move fireblast\n>p2 switch 6\n>p1 switch 2\n>p2 move dracometeor dynamax\n>chat \u2606BlizzardZeeshan|good to know\n>p1 move sunsteelstrike\n>p2 move flamethrower dynamax\n>p1 switch 2\n>p1 move flareblitz\n>p2 move dracometeor dynamax\n>p1 switch 3\n>p1 move stoneedge\n>p2 move gigadrain","uploadtime":1668038209,"views":3,"p1id":"thenitrogeneral","p2id":"blizzardzeeshan","formatid":"gen8randombattle","rating":1455,"private":0,"password":null}