{"id":"gen8ou-1295233417","p1":"Contorted Lies","p2":"limexthree","format":"gen8ou","log":"|j|\u2606Contorted Lies\n|j|\u2606limexthree\n|t:|1614968955\n|player|p1|Contorted Lies|102|1849\n|player|p2|limexthree|170|1778\n|teamsize|p1|6\n|teamsize|p2|6\n|gametype|singles\n|gen|8\n|tier|[Gen 8] OU\n|rated|\n|clearpoke\n|poke|p1|Nidoking, M|\n|poke|p1|Kartana|\n|poke|p1|Slowking-Galar, M|\n|poke|p1|Landorus-Therian, M|\n|poke|p1|Clefable, M|\n|poke|p1|Hydreigon, M|\n|poke|p2|Heatran, M|\n|poke|p2|Tapu Koko|\n|poke|p2|Landorus-Therian, M|\n|poke|p2|Melmetal|\n|poke|p2|Slowbro, M|\n|poke|p2|Mandibuzz, F|\n|rule|Sleep Clause Mod: Limit one foe put to sleep\n|rule|Species Clause: Limit one of each Pok\u00e9mon\n|rule|OHKO Clause: OHKO moves are banned\n|rule|Evasion Moves Clause: Evasion moves are banned\n|rule|Endless Battle Clause: Forcing endless battles is banned\n|rule|HP Percentage Mod: HP is shown in percentages\n|rule|Dynamax Clause: You cannot dynamax\n|teampreview\n|j| OU make me yawn\n|j| Etika likes feet\n|\n|t:|1614968963\n|start\n|switch|p1a: Clefable|Clefable, M|100\/100\n|switch|p2a: Landorus|Landorus-Therian, M|100\/100\n|-ability|p2a: Landorus|Intimidate|boost\n|-unboost|p1a: Clefable|atk|1\n|turn|1\n|j| Meditate Golisopod\n|j| trolllorddd\n|\n|t:|1614968971\n|move|p2a: Landorus|U-turn|p1a: Clefable\n|-resisted|p1a: Clefable\n|-damage|p1a: Clefable|90\/100\n|\n|t:|1614968974\n|switch|p2a: Heatran|Heatran, M|100\/100|[from]move: U-turn\n|move|p1a: Clefable|Stealth Rock|p2a: Heatran\n|-sidestart|p2: limexthree|move: Stealth Rock\n|\n|-heal|p1a: Clefable|96\/100|[from] item: Leftovers\n|upkeep\n|turn|2\n|inactive|Battle timer is ON: inactive players will automatically lose when time's up. (requested by limexthree)\n|\n|t:|1614968985\n|switch|p1a: Hydreigon|Hydreigon, M|100\/100\n|move|p2a: Heatran|Stealth Rock|p1a: Hydreigon\n|-sidestart|p1: Contorted Lies|move: Stealth Rock\n|\n|upkeep\n|turn|3\n|\n|t:|1614968993\n|switch|p2a: Landorus|Landorus-Therian, M|100\/100\n|-damage|p2a: Landorus|88\/100|[from] Stealth Rock\n|-ability|p2a: Landorus|Intimidate|boost\n|-unboost|p1a: Hydreigon|atk|1\n|move|p1a: Hydreigon|Earth Power|p2a: Landorus\n|-immune|p2a: Landorus\n|\n|upkeep\n|turn|4\n|j| Supershrimps2\n|\n|t:|1614969000\n|move|p2a: Landorus|U-turn|p1a: Hydreigon\n|-supereffective|p1a: Hydreigon\n|-damage|p1a: Hydreigon|42\/100\n|\n|t:|1614969009\n|switch|p2a: Heatran|Heatran, M|100\/100|[from]move: U-turn\n|-damage|p2a: Heatran|88\/100|[from] Stealth Rock\n|move|p1a: Hydreigon|Roost|p1a: Hydreigon\n|-heal|p1a: Hydreigon|92\/100\n|-singleturn|p1a: Hydreigon|move: Roost\n|\n|-heal|p2a: Heatran|94\/100|[from] item: Leftovers\n|upkeep\n|turn|5\n|\n|t:|1614969037\n|switch|p2a: Mandibuzz|Mandibuzz, F|100\/100\n|move|p1a: Hydreigon|Earth Power|p2a: Mandibuzz\n|-immune|p2a: Mandibuzz\n|\n|upkeep\n|turn|6\n|\n|t:|1614969044\n|switch|p2a: Tapu Koko|Tapu Koko|100\/100\n|-fieldstart|move: Electric Terrain|[from] ability: Electric Surge|[of] p2a: Tapu Koko\n|move|p1a: Hydreigon|Draco Meteor|p2a: Tapu Koko\n|-immune|p2a: Tapu Koko\n|\n|upkeep\n|turn|7\n|\n|t:|1614969050\n|switch|p1a: Slowking|Slowking-Galar, M|100\/100\n|-damage|p1a: Slowking|88\/100|[from] Stealth Rock\n|move|p2a: Tapu Koko|Dazzling Gleam|p1a: Slowking\n|-resisted|p1a: Slowking\n|-damage|p1a: Slowking|79\/100\n|\n|upkeep\n|turn|8\n|\n|t:|1614969056\n|move|p2a: Tapu Koko|U-turn|p1a: Slowking\n|-damage|p1a: Slowking|61\/100\n|\n|t:|1614969075\n|switch|p2a: Heatran|Heatran, M|94\/100|[from]move: U-turn\n|-damage|p2a: Heatran|82\/100|[from] Stealth Rock\n|move|p1a: Slowking|Future Sight|p2a: Heatran\n|-start|p1a: Slowking|move: Future Sight\n|\n|-heal|p2a: Heatran|88\/100|[from] item: Leftovers\n|upkeep\n|turn|9\n|\n|t:|1614969082\n|switch|p1a: Hydreigon|Hydreigon, M|92\/100\n|-damage|p1a: Hydreigon|80\/100|[from] Stealth Rock\n|move|p2a: Heatran|Magma Storm|p1a: Hydreigon\n|-resisted|p1a: Hydreigon\n|-damage|p1a: Hydreigon|54\/100\n|-activate|p1a: Hydreigon|move: Magma Storm|[of] p2a: Heatran\n|\n|-heal|p2a: Heatran|94\/100|[from] item: Leftovers\n|-damage|p1a: Hydreigon|42\/100|[from] move: Magma Storm|[partiallytrapped]\n|upkeep\n|turn|10\n|\n|t:|1614969108\n|switch|p2a: Landorus|Landorus-Therian, M|88\/100\n|-damage|p2a: Landorus|76\/100|[from] Stealth Rock\n|-ability|p2a: Landorus|Intimidate|boost\n|-unboost|p1a: Hydreigon|atk|1\n|move|p1a: Hydreigon|Roost|p1a: Hydreigon\n|-heal|p1a: Hydreigon|92\/100\n|-singleturn|p1a: Hydreigon|move: Roost\n|\n|-end|p2a: Landorus|move: Future Sight\n|-damage|p2a: Landorus|0 fnt\n|-end|p1a: Hydreigon|Magma Storm|[partiallytrapped]|[silent]\n|faint|p2a: Landorus\n|-fieldend|move: Electric Terrain\n|upkeep\n|\n|t:|1614969116\n|switch|p2a: Tapu Koko|Tapu Koko|100\/100\n|-fieldstart|move: Electric Terrain|[from] ability: Electric Surge|[of] p2a: Tapu Koko\n|turn|11\n|\n|t:|1614969122\n|switch|p1a: Nidoking|Nidoking, M|100\/100\n|-damage|p1a: Nidoking|95\/100|[from] Stealth Rock\n|move|p2a: Tapu Koko|Thunderbolt|p1a: Nidoking\n|-immune|p1a: Nidoking\n|\n|upkeep\n|turn|12\n|j| ChimeWizard\n|\n|t:|1614969129\n|move|p2a: Tapu Koko|U-turn|p1a: Nidoking\n|-resisted|p1a: Nidoking\n|-damage|p1a: Nidoking|83\/100\n|\n|t:|1614969132\n|switch|p2a: Mandibuzz|Mandibuzz, F|100\/100|[from]move: U-turn\n|move|p1a: Nidoking|Sludge Wave|p2a: Mandibuzz\n|-damage|p2a: Mandibuzz|41\/100\n|\n|upkeep\n|turn|13\n|\n|t:|1614969136\n|move|p1a: Nidoking|Ice Beam|p2a: Mandibuzz\n|-supereffective|p2a: Mandibuzz\n|-damage|p2a: Mandibuzz|0 fnt\n|faint|p2a: Mandibuzz\n|\n|upkeep\n|j| AwesomeAdams\n|\n|t:|1614969141\n|switch|p2a: Slowbro|Slowbro, M|100\/100\n|-damage|p2a: Slowbro|88\/100|[from] Stealth Rock\n|turn|14\n|l| Supershrimps2\n|\n|t:|1614969156\n|switch|p1a: Clefable|Clefable, M|96\/100\n|move|p2a: Slowbro|Scald|p1a: Clefable\n|-crit|p1a: Clefable\n|-damage|p1a: Clefable|55\/100\n|\n|-heal|p1a: Clefable|61\/100|[from] item: Leftovers\n|upkeep\n|turn|15\n|\n|t:|1614969166\n|move|p1a: Clefable|Thunder Wave|p2a: Slowbro|[miss]\n|-miss|p1a: Clefable|p2a: Slowbro\n|move|p2a: Slowbro|Teleport|p2a: Slowbro\n|\n|t:|1614969170\n|switch|p2a: Melmetal|Melmetal|100\/100|[from]move: Teleport\n|-damage|p2a: Melmetal|94\/100|[from] Stealth Rock\n|\n|-heal|p1a: Clefable|67\/100|[from] item: Leftovers\n|-fieldend|move: Electric Terrain\n|upkeep\n|turn|16\n|\n|t:|1614969181\n|move|p2a: Melmetal|Double Iron Bash|p1a: Clefable\n|-supereffective|p1a: Clefable\n|-damage|p1a: Clefable|0 fnt\n|-hitcount|p1a: Clefable|1\n|faint|p1a: Clefable\n|\n|upkeep\n|\n|t:|1614969184\n|switch|p1a: Nidoking|Nidoking, M|83\/100\n|-damage|p1a: Nidoking|77\/100|[from] Stealth Rock\n|turn|17\n|\n|t:|1614969197\n|move|p1a: Nidoking|Earth Power|p2a: Melmetal\n|-supereffective|p2a: Melmetal\n|-damage|p2a: Melmetal|0 fnt\n|faint|p2a: Melmetal\n|\n|upkeep\n|\n|t:|1614969203\n|switch|p2a: Slowbro|Slowbro, M|100\/100\n|-damage|p2a: Slowbro|88\/100|[from] Stealth Rock\n|turn|18\n|\n|t:|1614969217\n|switch|p1a: Slowking|Slowking-Galar, M|94\/100\n|-damage|p1a: Slowking|82\/100|[from] Stealth Rock\n|move|p2a: Slowbro|Scald|p1a: Slowking\n|-damage|p1a: Slowking|67\/100\n|\n|upkeep\n|turn|19\n|j| buteko\n|\n|t:|1614969228\n|move|p1a: Slowking|Future Sight|p2a: Slowbro\n|-start|p1a: Slowking|move: Future Sight\n|move|p2a: Slowbro|Teleport|p2a: Slowbro\n|\n|t:|1614969233\n|switch|p2a: Heatran|Heatran, M|94\/100|[from]move: Teleport\n|-damage|p2a: Heatran|82\/100|[from] Stealth Rock\n|\n|-heal|p2a: Heatran|88\/100|[from] item: Leftovers\n|upkeep\n|turn|20\n|\n|t:|1614969239\n|switch|p1a: Hydreigon|Hydreigon, M|92\/100\n|-damage|p1a: Hydreigon|80\/100|[from] Stealth Rock\n|move|p2a: Heatran|Magma Storm|p1a: Hydreigon\n|-resisted|p1a: Hydreigon\n|-crit|p1a: Hydreigon\n|-damage|p1a: Hydreigon|40\/100\n|-activate|p1a: Hydreigon|move: Magma Storm|[of] p2a: Heatran\n|\n|-heal|p2a: Heatran|94\/100|[from] item: Leftovers\n|-damage|p1a: Hydreigon|28\/100|[from] move: Magma Storm|[partiallytrapped]\n|upkeep\n|turn|21\n|\n|t:|1614969252\n|move|p1a: Hydreigon|Earth Power|p2a: Heatran\n|-supereffective|p2a: Heatran\n|-damage|p2a: Heatran|4\/100\n|-damage|p1a: Hydreigon|18\/100|[from] item: Life Orb\n|move|p2a: Heatran|Magma Storm|p1a: Hydreigon\n|-resisted|p1a: Hydreigon\n|-damage|p1a: Hydreigon|0 fnt\n|faint|p1a: Hydreigon\n|\n|-end|p2a: Heatran|move: Future Sight\n|-resisted|p2a: Heatran\n|-damage|p2a: Heatran|0 fnt\n|faint|p2a: Heatran\n|upkeep\n|\n|t:|1614969264\n|switch|p1a: Slowking|Slowking-Galar, M|100\/100\n|switch|p2a: Slowbro|Slowbro, M|100\/100\n|-damage|p1a: Slowking|88\/100|[from] Stealth Rock\n|-damage|p2a: Slowbro|88\/100|[from] Stealth Rock\n|turn|22\n|\n|t:|1614969271\n|move|p1a: Slowking|Future Sight|p2a: Slowbro\n|-start|p1a: Slowking|move: Future Sight\n|move|p2a: Slowbro|Scald|p1a: Slowking\n|-damage|p1a: Slowking|73\/100\n|\n|upkeep\n|turn|23\n|c|\u2606Contorted Lies|Gg\n|\n|t:|1614969280\n|move|p1a: Slowking|Sludge Bomb|p2a: Slowbro\n|-damage|p2a: Slowbro|44\/100\n|move|p2a: Slowbro|Scald|p1a: Slowking\n|-damage|p1a: Slowking|59\/100\n|\n|upkeep\n|turn|24\n|\n|t:|1614969287\n|move|p1a: Slowking|Sludge Bomb|p2a: Slowbro\n|-damage|p2a: Slowbro|0 fnt\n|faint|p2a: Slowbro\n|\n|-hint|Future Sight did not hit because the target is fainted.\n|upkeep\n|-message|limexthree forfeited.\n|\n|win|Contorted Lies\n|l|\u2606limexthree\n|l| AwesomeAdams\n|l| trolllorddd\n|l|\u2606Contorted Lies\n|j| Rowlet 145\n","uploadtime":1614969318,"views":28,"p1id":"contortedlies","p2id":"limexthree","formatid":"gen8ou","rating":0,"private":0,"password":null}