{"id":"gen8nationaldexag-1706967737","p1":"Seelmonster","p2":"HexAmnesia","format":"gen8nationaldexag","log":"|j|\u2606Seelmonster\n|j|\u2606HexAmnesia\n|t:|1668037268\n|gametype|singles\n|player|p1|Seelmonster|falkner|\n|player|p2|HexAmnesia|firebreather-gen2|\n|teamsize|p1|6\n|teamsize|p2|6\n|gen|8\n|tier|[Gen 8] National Dex AG\n|rule|HP Percentage Mod: HP is shown in percentages\n|rule|Endless Battle Clause: Forcing endless battles is banned\n|clearpoke\n|poke|p1|Shaymin-Sky|\n|poke|p1|Dracovish|\n|poke|p1|Galvantula, F|\n|poke|p1|Medicham, F|\n|poke|p1|Porygon2|\n|poke|p1|Diancie|\n|poke|p2|Alomomola, F|\n|poke|p2|Rotom-Heat|\n|poke|p2|Corviknight, M|\n|poke|p2|Gourgeist-*, F|\n|poke|p2|Greninja, M|\n|poke|p2|Terrakion|\n|teampreview\n|inactive|Battle timer is ON: inactive players will automatically lose when time's up. (requested by HexAmnesia)\n|inactiveoff|Battle timer is now OFF.\n|c|\u2606HexAmnesia|glhf\n|c|\u2606Seelmonster|u2\n|j| GoatExpress\n|c|\u2606Seelmonster|Knew that pumpkin was coming :(\n|c|\u2606HexAmnesia|i love him\n|c| GoatExpress|darkrai in here\n|c|\u2606Seelmonster|I do too, underrated\n|c|\u2606Seelmonster|Espeically when you have a vast speed tier coverage\n|c|\u2606HexAmnesia|yeah its awesome i never used it but its good\n|\n|t:|1668037393\n|start\n|switch|p1a: Flora|Shaymin-Sky|100\/100\n|switch|p2a: Terrakion|Terrakion|100\/100\n|turn|1\n|\n|t:|1668037438\n|move|p1a: Flora|Air Slash|p2a: Terrakion\n|-damage|p2a: Terrakion|58\/100\n|move|p2a: Terrakion|Rock Blast|p1a: Flora\n|-supereffective|p1a: Flora\n|-damage|p1a: Flora|67\/100\n|-supereffective|p1a: Flora\n|-damage|p1a: Flora|36\/100\n|-supereffective|p1a: Flora\n|-damage|p1a: Flora|7\/100\n|-supereffective|p1a: Flora\n|-damage|p1a: Flora|0 fnt\n|faint|p1a: Flora\n|-hitcount|p1: Flora|4\n|\n|upkeep\n|\n|t:|1668037468\n|switch|p1a: Rhianna|Diancie|100\/100\n|turn|2\n|\n|t:|1668037492\n|switch|p2a: Corviknight|Corviknight, M|100\/100\n|-ability|p2a: Corviknight|Pressure\n|move|p1a: Rhianna|Rock Polish|p1a: Rhianna\n|-boost|p1a: Rhianna|spe|2\n|\n|upkeep\n|turn|3\n|\n|t:|1668037504\n|move|p1a: Rhianna|Mystical Fire|p2a: Corviknight\n|-supereffective|p2a: Corviknight\n|-damage|p2a: Corviknight|55\/100\n|-unboost|p2a: Corviknight|spa|1\n|move|p2a: Corviknight|Defog||[still]\n|-fail|p1a: Rhianna|unboost|[from] ability: Clear Body|[of] p1a: Rhianna\n|-fail|p2a: Corviknight\n|\n|upkeep\n|turn|4\n|\n|t:|1668037512\n|move|p1a: Rhianna|Mystical Fire|p2a: Corviknight\n|-supereffective|p2a: Corviknight\n|-crit|p2a: Corviknight\n|-damage|p2a: Corviknight|0 fnt\n|faint|p2a: Corviknight\n|\n|upkeep\n|c|\u2606HexAmnesia|bruh\n|\n|t:|1668037525\n|switch|p2a: Alomomola|Alomomola, F|100\/100\n|turn|5\n|\n|t:|1668037529\n|move|p1a: Rhianna|Moonblast|p2a: Alomomola\n|-damage|p2a: Alomomola|53\/100\n|move|p2a: Alomomola|Wish|p2a: Alomomola\n|\n|-heal|p2a: Alomomola|59\/100|[from] item: Leftovers\n|upkeep\n|turn|6\n|\n|t:|1668037535\n|move|p1a: Rhianna|Moonblast|p2a: Alomomola\n|-damage|p2a: Alomomola|17\/100\n|-unboost|p2a: Alomomola|spa|1\n|move|p2a: Alomomola|Knock Off|p1a: Rhianna\n|-resisted|p1a: Rhianna\n|-damage|p1a: Rhianna|92\/100\n|-enditem|p1a: Rhianna|Weakness Policy|[from] move: Knock Off|[of] p2a: Alomomola\n|\n|-heal|p2a: Alomomola|67\/100|[from] move: Wish|[wisher] Alomomola\n|-heal|p2a: Alomomola|73\/100|[from] item: Leftovers\n|upkeep\n|turn|7\n|c|\u2606Seelmonster|smart\n|\n|t:|1668037543\n|move|p1a: Rhianna|Moonblast|p2a: Alomomola\n|-damage|p2a: Alomomola|29\/100\n|move|p2a: Alomomola|Wish|p2a: Alomomola\n|\n|-heal|p2a: Alomomola|35\/100|[from] item: Leftovers\n|upkeep\n|turn|8\n|\n|t:|1668037551\n|move|p2a: Alomomola|Protect|p2a: Alomomola\n|-singleturn|p2a: Alomomola|Protect\n|move|p1a: Rhianna|Moonblast|p2a: Alomomola\n|-activate|p2a: Alomomola|move: Protect\n|\n|-heal|p2a: Alomomola|85\/100|[from] move: Wish|[wisher] Alomomola\n|-heal|p2a: Alomomola|91\/100|[from] item: Leftovers\n|upkeep\n|turn|9\n|\n|t:|1668037554\n|move|p1a: Rhianna|Moonblast|p2a: Alomomola\n|-damage|p2a: Alomomola|44\/100\n|-unboost|p2a: Alomomola|spa|1\n|move|p2a: Alomomola|Wish|p2a: Alomomola\n|\n|-heal|p2a: Alomomola|50\/100|[from] item: Leftovers\n|upkeep\n|turn|10\n|\n|t:|1668037562\n|move|p2a: Alomomola|Protect|p2a: Alomomola\n|-singleturn|p2a: Alomomola|Protect\n|move|p1a: Rhianna|Mystical Fire|p2a: Alomomola\n|-activate|p2a: Alomomola|move: Protect\n|\n|-heal|p2a: Alomomola|99\/100|[from] move: Wish|[wisher] Alomomola\n|-heal|p2a: Alomomola|100\/100|[from] item: Leftovers\n|upkeep\n|turn|11\n|\n|t:|1668037567\n|move|p1a: Rhianna|Moonblast|p2a: Alomomola\n|-damage|p2a: Alomomola|53\/100\n|move|p2a: Alomomola|Wish|p2a: Alomomola\n|\n|-heal|p2a: Alomomola|59\/100|[from] item: Leftovers\n|upkeep\n|turn|12\n|\n|t:|1668037571\n|move|p1a: Rhianna|Mystical Fire|p2a: Alomomola\n|-resisted|p2a: Alomomola\n|-damage|p2a: Alomomola|47\/100\n|-unboost|p2a: Alomomola|spa|1\n|move|p2a: Alomomola|Liquidation|p1a: Rhianna\n|-supereffective|p1a: Rhianna\n|-damage|p1a: Rhianna|51\/100\n|\n|-heal|p2a: Alomomola|97\/100|[from] move: Wish|[wisher] Alomomola\n|-heal|p2a: Alomomola|100\/100|[from] item: Leftovers\n|upkeep\n|turn|13\n|\n|t:|1668037578\n|move|p1a: Rhianna|Moonblast|p2a: Alomomola\n|-damage|p2a: Alomomola|58\/100\n|move|p2a: Alomomola|Liquidation|p1a: Rhianna\n|-supereffective|p1a: Rhianna\n|-damage|p1a: Rhianna|6\/100\n|\n|-heal|p2a: Alomomola|64\/100|[from] item: Leftovers\n|upkeep\n|turn|14\n|\n|t:|1668037580\n|move|p2a: Alomomola|Protect|p2a: Alomomola\n|-singleturn|p2a: Alomomola|Protect\n|move|p1a: Rhianna|Moonblast|p2a: Alomomola\n|-activate|p2a: Alomomola|move: Protect\n|\n|-heal|p2a: Alomomola|71\/100|[from] item: Leftovers\n|upkeep\n|turn|15\n|\n|t:|1668037583\n|move|p1a: Rhianna|Moonblast|p2a: Alomomola\n|-damage|p2a: Alomomola|22\/100\n|-unboost|p2a: Alomomola|spa|1\n|move|p2a: Alomomola|Wish|p2a: Alomomola\n|\n|-heal|p2a: Alomomola|29\/100|[from] item: Leftovers\n|upkeep\n|turn|16\n|\n|t:|1668037588\n|switch|p1a: Big Brunch|Dracovish|100\/100\n|move|p2a: Alomomola|Protect||[still]\n|-fail|p2a: Alomomola\n|\n|-heal|p2a: Alomomola|78\/100|[from] move: Wish|[wisher] Alomomola\n|-heal|p2a: Alomomola|85\/100|[from] item: Leftovers\n|upkeep\n|turn|17\n|\n|t:|1668037593\n|move|p2a: Alomomola|Protect|p2a: Alomomola\n|-singleturn|p2a: Alomomola|Protect\n|move|p1a: Big Brunch|Substitute|p1a: Big Brunch\n|-start|p1a: Big Brunch|Substitute\n|-damage|p1a: Big Brunch|76\/100\n|\n|-heal|p1a: Big Brunch|82\/100|[from] item: Leftovers\n|-heal|p2a: Alomomola|91\/100|[from] item: Leftovers\n|upkeep\n|turn|18\n|\n|t:|1668037600\n|move|p1a: Big Brunch|Rain Dance|p1a: Big Brunch\n|-weather|RainDance\n|move|p2a: Alomomola|Knock Off|p1a: Big Brunch\n|-activate|p1a: Big Brunch|move: Substitute|[damage]\n|\n|-weather|RainDance|[upkeep]\n|-heal|p1a: Big Brunch|88\/100|[from] item: Leftovers\n|-heal|p2a: Alomomola|97\/100|[from] item: Leftovers\n|upkeep\n|turn|19\n|\n|t:|1668037603\n|move|p1a: Big Brunch|Super Fang|p2a: Alomomola|[miss]\n|-miss|p1a: Big Brunch|p2a: Alomomola\n|move|p2a: Alomomola|Knock Off|p1a: Big Brunch\n|-end|p1a: Big Brunch|Substitute\n|\n|-weather|RainDance|[upkeep]\n|-heal|p1a: Big Brunch|94\/100|[from] item: Leftovers\n|-heal|p2a: Alomomola|100\/100|[from] item: Leftovers\n|upkeep\n|turn|20\n|\n|t:|1668037639\n|move|p1a: Big Brunch|Substitute|p1a: Big Brunch\n|-start|p1a: Big Brunch|Substitute\n|-damage|p1a: Big Brunch|69\/100\n|move|p2a: Alomomola|Wish|p2a: Alomomola\n|\n|-weather|RainDance|[upkeep]\n|-heal|p1a: Big Brunch|76\/100|[from] item: Leftovers\n|upkeep\n|turn|21\n|\n|t:|1668037645\n|move|p1a: Big Brunch|Fishious Rend|p2a: Alomomola\n|-resisted|p2a: Alomomola\n|-damage|p2a: Alomomola|57\/100\n|move|p2a: Alomomola|Knock Off|p1a: Big Brunch\n|-activate|p1a: Big Brunch|move: Substitute|[damage]\n|\n|-weather|RainDance|[upkeep]\n|-heal|p2a: Alomomola|100\/100|[from] move: Wish|[wisher] Alomomola\n|-heal|p1a: Big Brunch|82\/100|[from] item: Leftovers\n|upkeep\n|turn|22\n|\n|t:|1668037686\n|move|p1a: Big Brunch|Super Fang|p2a: Alomomola\n|-damage|p2a: Alomomola|51\/100\n|move|p2a: Alomomola|Wish|p2a: Alomomola\n|\n|-weather|none\n|-heal|p1a: Big Brunch|88\/100|[from] item: Leftovers\n|-heal|p2a: Alomomola|57\/100|[from] item: Leftovers\n|upkeep\n|turn|23\n|\n|t:|1668037697\n|switch|p2a: Gourgeist|Gourgeist-Super, F|100\/100\n|-item|p1a: Big Brunch|Leftovers|[from] ability: Frisk|[of] p2a: Gourgeist|[identify]\n|move|p1a: Big Brunch|Rain Dance|p1a: Big Brunch\n|-weather|RainDance\n|\n|-weather|RainDance|[upkeep]\n|-heal|p1a: Big Brunch|94\/100|[from] item: Leftovers\n|upkeep\n|turn|24\n|\n|t:|1668037702\n|move|p1a: Big Brunch|Fishious Rend|p2a: Gourgeist\n|-resisted|p2a: Gourgeist\n|-damage|p2a: Gourgeist|57\/100\n|move|p2a: Gourgeist|Poltergeist|p1a: Big Brunch\n|-activate|p1a: Big Brunch|move: Poltergeist|Leftovers\n|-end|p1a: Big Brunch|Substitute\n|\n|-weather|RainDance|[upkeep]\n|-heal|p1a: Big Brunch|100\/100|[from] item: Leftovers\n|-heal|p2a: Gourgeist|63\/100|[from] item: Leftovers\n|upkeep\n|turn|25\n|\n|t:|1668037711\n|move|p1a: Big Brunch|Substitute|p1a: Big Brunch\n|-start|p1a: Big Brunch|Substitute\n|-damage|p1a: Big Brunch|76\/100\n|move|p2a: Gourgeist|Leech Seed||[still]\n|-fail|p2a: Gourgeist\n|\n|-weather|RainDance|[upkeep]\n|-heal|p1a: Big Brunch|82\/100|[from] item: Leftovers\n|-heal|p2a: Gourgeist|69\/100|[from] item: Leftovers\n|upkeep\n|turn|26\n|\n|t:|1668037723\n|switch|p2a: Alomomola|Alomomola, F|90\/100\n|move|p1a: Big Brunch|Fishious Rend|p2a: Alomomola\n|-resisted|p2a: Alomomola\n|-damage|p2a: Alomomola|44\/100\n|\n|-weather|RainDance|[upkeep]\n|-heal|p1a: Big Brunch|88\/100|[from] item: Leftovers\n|-heal|p2a: Alomomola|50\/100|[from] item: Leftovers\n|upkeep\n|turn|27\n|\n|t:|1668037730\n|move|p2a: Alomomola|Protect|p2a: Alomomola\n|-singleturn|p2a: Alomomola|Protect\n|move|p1a: Big Brunch|Super Fang|p2a: Alomomola\n|-activate|p2a: Alomomola|move: Protect\n|\n|-weather|none\n|-heal|p1a: Big Brunch|94\/100|[from] item: Leftovers\n|-heal|p2a: Alomomola|57\/100|[from] item: Leftovers\n|upkeep\n|turn|28\n|\n|t:|1668037760\n|move|p1a: Big Brunch|Rain Dance|p1a: Big Brunch\n|-weather|RainDance\n|move|p2a: Alomomola|Wish|p2a: Alomomola\n|\n|-weather|RainDance|[upkeep]\n|-heal|p1a: Big Brunch|100\/100|[from] item: Leftovers\n|-heal|p2a: Alomomola|63\/100|[from] item: Leftovers\n|upkeep\n|turn|29\n|\n|t:|1668037769\n|switch|p2a: Gourgeist|Gourgeist-Super, F|69\/100\n|-item|p1a: Big Brunch|Leftovers|[from] ability: Frisk|[of] p2a: Gourgeist|[identify]\n|move|p1a: Big Brunch|Fishious Rend|p2a: Gourgeist\n|-resisted|p2a: Gourgeist\n|-damage|p2a: Gourgeist|25\/100\n|\n|-weather|RainDance|[upkeep]\n|-heal|p2a: Gourgeist|92\/100|[from] move: Wish|[wisher] Alomomola\n|-heal|p2a: Gourgeist|98\/100|[from] item: Leftovers\n|upkeep\n|turn|30\n|\n|t:|1668037777\n|move|p1a: Big Brunch|Fishious Rend|p2a: Gourgeist\n|-resisted|p2a: Gourgeist\n|-damage|p2a: Gourgeist|52\/100\n|move|p2a: Gourgeist|Power Whip|p1a: Big Brunch\n|-end|p1a: Big Brunch|Substitute\n|\n|-weather|RainDance|[upkeep]\n|-heal|p2a: Gourgeist|59\/100|[from] item: Leftovers\n|upkeep\n|turn|31\n|\n|t:|1668037784\n|switch|p1a: Rhianna|Diancie|6\/100\n|move|p2a: Gourgeist|Power Whip|p1a: Rhianna\n|-supereffective|p1a: Rhianna\n|-damage|p1a: Rhianna|0 fnt\n|faint|p1a: Rhianna\n|\n|-weather|RainDance|[upkeep]\n|-heal|p2a: Gourgeist|65\/100|[from] item: Leftovers\n|upkeep\n|\n|t:|1668037857\n|switch|p1a: Porygod2|Porygon2|100\/100\n|-ability|p1a: Porygod2|Download|boost\n|-boost|p1a: Porygod2|spa|1\n|turn|32\n|\n|t:|1668037890\n|switch|p2a: Rotom|Rotom-Heat|100\/100\n|move|p1a: Porygod2|Ice Beam|p2a: Rotom\n|-resisted|p2a: Rotom\n|-damage|p2a: Rotom|84\/100\n|\n|-weather|none\n|upkeep\n|turn|33\n|\n|t:|1668037904\n|switch|p1a: Arachnae|Galvantula, F|100\/100\n|move|p2a: Rotom|Toxic|p1a: Arachnae\n|-status|p1a: Arachnae|tox\n|\n|-damage|p1a: Arachnae|95\/100 tox|[from] psn\n|upkeep\n|turn|34\n|\n|t:|1668037915\n|move|p1a: Arachnae|Volt Switch|p2a: Rotom\n|-resisted|p2a: Rotom\n|-damage|p2a: Rotom|71\/100\n|\n|t:|1668037919\n|switch|p1a: Porygod2|Porygon2|100\/100|[from]move: Volt Switch\n|-ability|p1a: Porygod2|Download|boost\n|-boost|p1a: Porygod2|spa|1\n|move|p2a: Rotom|Overheat|p1a: Porygod2|[miss]\n|-miss|p2a: Rotom|p1a: Porygod2\n|\n|upkeep\n|turn|35\n|\n|t:|1668037925\n|switch|p1a: Arachnae|Galvantula, F|95\/100 tox\n|move|p2a: Rotom|Toxic|p1a: Arachnae\n|-fail|p1a: Arachnae|tox\n|\n|-damage|p1a: Arachnae|89\/100 tox|[from] psn\n|upkeep\n|turn|36\n|\n|t:|1668037944\n|move|p1a: Arachnae|Light Screen|p1a: Arachnae\n|-sidestart|p1: Seelmonster|move: Light Screen\n|move|p2a: Rotom|Volt Switch|p1a: Arachnae\n|-resisted|p1a: Arachnae\n|-damage|p1a: Arachnae|78\/100 tox\n|\n|t:|1668037946\n|switch|p2a: Terrakion|Terrakion|58\/100|[from]move: Volt Switch\n|\n|-damage|p1a: Arachnae|66\/100 tox|[from] psn\n|upkeep\n|turn|37\n|\n|t:|1668037960\n|move|p1a: Arachnae|Volt Switch|p2a: Terrakion\n|-damage|p2a: Terrakion|30\/100\n|\n|t:|1668037965\n|switch|p1a: Tai Chi|Medicham, F|100\/100|[from]move: Volt Switch\n|move|p2a: Terrakion|Rock Blast|p1a: Tai Chi\n|-resisted|p1a: Tai Chi\n|-damage|p1a: Tai Chi|89\/100\n|-resisted|p1a: Tai Chi\n|-damage|p1a: Tai Chi|79\/100\n|-hitcount|p1a: Tai Chi|2\n|\n|upkeep\n|turn|38\n|\n|t:|1668038010\n|detailschange|p1a: Tai Chi|Medicham-Mega, F\n|-mega|p1a: Tai Chi|Medicham|Medichamite\n|move|p2a: Terrakion|Close Combat|p1a: Tai Chi\n|-resisted|p1a: Tai Chi\n|-damage|p1a: Tai Chi|31\/100\n|-unboost|p2a: Terrakion|def|1\n|-unboost|p2a: Terrakion|spd|1\n|move|p1a: Tai Chi|Zen Headbutt|p2a: Terrakion\n|-supereffective|p2a: Terrakion\n|-damage|p2a: Terrakion|0 fnt\n|faint|p2a: Terrakion\n|\n|upkeep\n|\n|t:|1668038042\n|switch|p2a: Greninja|Greninja, M|100\/100\n|turn|39\n|\n|t:|1668038049\n|switch|p1a: Porygod2|Porygon2|100\/100\n|-ability|p1a: Porygod2|Download|boost\n|-boost|p1a: Porygod2|spa|1\n|move|p2a: Greninja|U-turn|p1a: Porygod2\n|-start|p2a: Greninja|typechange|Bug|[from] ability: Protean\n|-damage|p1a: Porygod2|85\/100\n|\n|t:|1668038053\n|switch|p2a: Rotom|Rotom-Heat|71\/100|[from]move: U-turn\n|\n|upkeep\n|turn|40\n|\n|t:|1668038057\n|move|p2a: Rotom|Volt Switch|p1a: Porygod2\n|-damage|p1a: Porygod2|78\/100\n|\n|t:|1668038060\n|switch|p2a: Alomomola|Alomomola, F|96\/100|[from]move: Volt Switch\n|move|p1a: Porygod2|Teleport|p1a: Porygod2\n|\n|t:|1668038064\n|switch|p1a: Big Brunch|Dracovish|100\/100|[from]move: Teleport\n|\n|-heal|p2a: Alomomola|100\/100|[from] item: Leftovers\n|upkeep\n|turn|41\n|\n|t:|1668038068\n|move|p1a: Big Brunch|Substitute|p1a: Big Brunch\n|-start|p1a: Big Brunch|Substitute\n|-damage|p1a: Big Brunch|76\/100\n|move|p2a: Alomomola|Wish|p2a: Alomomola\n|\n|-heal|p1a: Big Brunch|82\/100|[from] item: Leftovers\n|upkeep\n|turn|42\n|\n|t:|1668038071\n|switch|p2a: Gourgeist|Gourgeist-Super, F|65\/100\n|-item|p1a: Big Brunch|Leftovers|[from] ability: Frisk|[of] p2a: Gourgeist|[identify]\n|move|p1a: Big Brunch|Rain Dance|p1a: Big Brunch\n|-weather|RainDance\n|\n|-weather|RainDance|[upkeep]\n|-heal|p2a: Gourgeist|100\/100|[from] move: Wish|[wisher] Alomomola\n|-heal|p1a: Big Brunch|88\/100|[from] item: Leftovers\n|upkeep\n|turn|43\n|\n|t:|1668038078\n|move|p1a: Big Brunch|Fishious Rend|p2a: Gourgeist\n|-resisted|p2a: Gourgeist\n|-damage|p2a: Gourgeist|58\/100\n|move|p2a: Gourgeist|Power Whip|p1a: Big Brunch\n|-end|p1a: Big Brunch|Substitute\n|\n|-weather|RainDance|[upkeep]\n|-heal|p1a: Big Brunch|94\/100|[from] item: Leftovers\n|-heal|p2a: Gourgeist|64\/100|[from] item: Leftovers\n|-sideend|p1: Seelmonster|move: Light Screen\n|upkeep\n|turn|44\n|\n|t:|1668038081\n|move|p1a: Big Brunch|Fishious Rend|p2a: Gourgeist\n|-resisted|p2a: Gourgeist\n|-damage|p2a: Gourgeist|22\/100\n|move|p2a: Gourgeist|Power Whip|p1a: Big Brunch\n|-damage|p1a: Big Brunch|49\/100\n|\n|-weather|RainDance|[upkeep]\n|-heal|p1a: Big Brunch|56\/100|[from] item: Leftovers\n|-heal|p2a: Gourgeist|28\/100|[from] item: Leftovers\n|upkeep\n|turn|45\n|\n|t:|1668038087\n|move|p1a: Big Brunch|Substitute|p1a: Big Brunch\n|-start|p1a: Big Brunch|Substitute\n|-damage|p1a: Big Brunch|31\/100\n|move|p2a: Gourgeist|Power Whip|p1a: Big Brunch|[miss]\n|-miss|p2a: Gourgeist|p1a: Big Brunch\n|\n|-weather|RainDance|[upkeep]\n|-heal|p1a: Big Brunch|37\/100|[from] item: Leftovers\n|-heal|p2a: Gourgeist|34\/100|[from] item: Leftovers\n|upkeep\n|turn|46\n|c|\u2606HexAmnesia|ofc\n|\n|t:|1668038092\n|switch|p2a: Alomomola|Alomomola, F|100\/100\n|move|p1a: Big Brunch|Fishious Rend|p2a: Alomomola\n|-resisted|p2a: Alomomola\n|-damage|p2a: Alomomola|60\/100\n|\n|-weather|none\n|-heal|p1a: Big Brunch|43\/100|[from] item: Leftovers\n|-heal|p2a: Alomomola|66\/100|[from] item: Leftovers\n|upkeep\n|turn|47\n|\n|t:|1668038105\n|switch|p1a: Arachnae|Galvantula, F|66\/100 tox\n|move|p2a: Alomomola|Wish|p2a: Alomomola\n|\n|-heal|p2a: Alomomola|72\/100|[from] item: Leftovers\n|-damage|p1a: Arachnae|60\/100 tox|[from] psn\n|upkeep\n|turn|48\n|\n|t:|1668038111\n|switch|p2a: Rotom|Rotom-Heat|71\/100\n|move|p1a: Arachnae|Sticky Web|p2a: Rotom\n|-sidestart|p2: HexAmnesia|move: Sticky Web\n|\n|-heal|p2a: Rotom|100\/100|[from] move: Wish|[wisher] Alomomola\n|-damage|p1a: Arachnae|48\/100 tox|[from] psn\n|upkeep\n|turn|49\n|\n|t:|1668038136\n|move|p1a: Arachnae|Light Screen|p1a: Arachnae\n|-sidestart|p1: Seelmonster|move: Light Screen\n|move|p2a: Rotom|Volt Switch|p1a: Arachnae\n|-resisted|p1a: Arachnae\n|-damage|p1a: Arachnae|38\/100 tox\n|\n|t:|1668038140\n|switch|p2a: Gourgeist|Gourgeist-Super, F|34\/100|[from]move: Volt Switch\n|-activate|p2a: Gourgeist|move: Sticky Web\n|-unboost|p2a: Gourgeist|spe|1\n|-item|p1a: Arachnae|Light Clay|[from] ability: Frisk|[of] p2a: Gourgeist|[identify]\n|\n|-heal|p2a: Gourgeist|40\/100|[from] item: Leftovers\n|-damage|p1a: Arachnae|20\/100 tox|[from] psn\n|upkeep\n|turn|50\n|\n|t:|1668038143\n|move|p1a: Arachnae|Bug Buzz|p2a: Gourgeist\n|-damage|p2a: Gourgeist|0 fnt\n|faint|p2a: Gourgeist\n|\n|-damage|p1a: Arachnae|0 fnt|[from] psn\n|faint|p1a: Arachnae\n|upkeep\n|\n|t:|1668038170\n|switch|p1a: Porygod2|Porygon2|78\/100\n|switch|p2a: Greninja|Greninja, M|100\/100\n|-activate|p2a: Greninja|move: Sticky Web\n|-unboost|p2a: Greninja|spe|1\n|-ability|p1a: Porygod2|Download|boost\n|-boost|p1a: Porygod2|spa|1\n|turn|51\n|\n|t:|1668038177\n|move|p2a: Greninja|Dark Pulse|p1a: Porygod2\n|-start|p2a: Greninja|typechange|Dark|[from] ability: Protean\n|-damage|p1a: Porygod2|69\/100\n|move|p1a: Porygod2|Thunderbolt|p2a: Greninja\n|-damage|p2a: Greninja|41\/100\n|-status|p2a: Greninja|par\n|\n|upkeep\n|turn|52\n|c|\u2606HexAmnesia|gg man\n|c|\u2606HexAmnesia|whatever\n|c|\u2606Seelmonster|im sorry about that one\n|c|\u2606HexAmnesia|ya\n|\n|t:|1668038201\n|switch|p2a: Rotom|Rotom-Heat|100\/100\n|move|p1a: Porygod2|Recover|p1a: Porygod2\n|-heal|p1a: Porygod2|100\/100\n|\n|upkeep\n|turn|53\n|\n|t:|1668038218\n|move|p2a: Rotom|Toxic|p1a: Porygod2\n|-status|p1a: Porygod2|tox\n|move|p1a: Porygod2|Teleport|p1a: Porygod2\n|\n|t:|1668038221\n|switch|p1a: Tai Chi|Medicham-Mega, F|31\/100|[from]move: Teleport\n|\n|upkeep\n|turn|54\n|\n|t:|1668038226\n|move|p1a: Tai Chi|Drain Punch|p2a: Rotom\n|-damage|p2a: Rotom|29\/100\n|-heal|p1a: Tai Chi|71\/100|[from] drain|[of] p2a: Rotom\n|move|p2a: Rotom|Volt Switch|p1a: Tai Chi\n|-damage|p1a: Tai Chi|53\/100\n|\n|t:|1668038231\n|switch|p2a: Alomomola|Alomomola, F|100\/100|[from]move: Volt Switch\n|-activate|p2a: Alomomola|move: Sticky Web\n|-unboost|p2a: Alomomola|spe|1\n|\n|upkeep\n|turn|55\n|\n|t:|1668038238\n|move|p1a: Tai Chi|Bulk Up|p1a: Tai Chi\n|-boost|p1a: Tai Chi|atk|1\n|-boost|p1a: Tai Chi|def|1\n|move|p2a: Alomomola|Liquidation|p1a: Tai Chi\n|-damage|p1a: Tai Chi|31\/100\n|\n|upkeep\n|turn|56\n|\n|t:|1668038241\n|move|p1a: Tai Chi|Drain Punch|p2a: Alomomola\n|-damage|p2a: Alomomola|44\/100\n|-heal|p1a: Tai Chi|83\/100|[from] drain|[of] p2a: Alomomola\n|move|p2a: Alomomola|Wish|p2a: Alomomola\n|\n|-heal|p2a: Alomomola|50\/100|[from] item: Leftovers\n|-sideend|p1: Seelmonster|move: Light Screen\n|upkeep\n|turn|57\n|\n|t:|1668038247\n|move|p1a: Tai Chi|Bulk Up|p1a: Tai Chi\n|-boost|p1a: Tai Chi|atk|1\n|-boost|p1a: Tai Chi|def|1\n|move|p2a: Alomomola|Liquidation|p1a: Tai Chi\n|-damage|p1a: Tai Chi|65\/100\n|-unboost|p1a: Tai Chi|def|1\n|\n|-heal|p2a: Alomomola|99\/100|[from] move: Wish|[wisher] Alomomola\n|-heal|p2a: Alomomola|100\/100|[from] item: Leftovers\n|upkeep\n|turn|58\n|\n|t:|1668038249\n|move|p1a: Tai Chi|Drain Punch|p2a: Alomomola\n|-damage|p2a: Alomomola|31\/100\n|-heal|p1a: Tai Chi|100\/100|[from] drain|[of] p2a: Alomomola\n|move|p2a: Alomomola|Liquidation|p1a: Tai Chi\n|-damage|p1a: Tai Chi|76\/100\n|\n|-heal|p2a: Alomomola|37\/100|[from] item: Leftovers\n|upkeep\n|turn|59\n|\n|t:|1668038251\n|move|p1a: Tai Chi|Drain Punch|p2a: Alomomola\n|-damage|p2a: Alomomola|0 fnt\n|-heal|p1a: Tai Chi|100\/100|[from] drain|[of] p2a: Alomomola\n|faint|p2a: Alomomola\n|\n|upkeep\n|\n|t:|1668038252\n|switch|p2a: Greninja|Greninja, M|41\/100 par\n|-activate|p2a: Greninja|move: Sticky Web\n|-unboost|p2a: Greninja|spe|1\n|turn|60\n|\n|t:|1668038254\n|move|p1a: Tai Chi|Drain Punch|p2a: Greninja\n|-supereffective|p2a: Greninja\n|-damage|p2a: Greninja|0 fnt\n|faint|p2a: Greninja\n|\n|upkeep\n|\n|t:|1668038256\n|switch|p2a: Rotom|Rotom-Heat|29\/100\n|turn|61\n|\n|t:|1668038258\n|move|p1a: Tai Chi|Drain Punch|p2a: Rotom\n|-damage|p2a: Rotom|0 fnt\n|faint|p2a: Rotom\n|\n|win|Seelmonster\n|l|\u2606HexAmnesia\n|c|\u2606Seelmonster|ggs\n","uploadtime":1668038270,"views":22,"p1id":"seelmonster","p2id":"hexamnesia","formatid":"gen8nationaldexag","rating":0,"private":0,"password":null}