{"id":"gen8monotyperandombattle-1681150857","p1":"Alolans Creed","p2":"misplayin","format":"gen8monotyperandombattle","log":"|j|\u2606Alolans Creed\n|j|\u2606misplayin\n|t:|1665275500\n|gametype|singles\n|player|p1|Alolans Creed|kukui-stand|\n|player|p2|misplayin|pokemonrangerf-gen4|\n|teamsize|p1|6\n|teamsize|p2|6\n|gen|8\n|tier|[Gen 8] Monotype Random Battle\n|rule|Same Type Clause: Pok\u00e9mon in a team must share a type\n|rule|HP Percentage Mod: HP is shown in percentages\n|rule|Sleep Clause Mod: Limit one foe put to sleep\n|\n|t:|1665275500\n|start\n|switch|p1a: Metagross|Metagross, L79|256\/256\n|switch|p2a: Silvally|Silvally-Electric, L84|297\/297\n|turn|1\n|inactive|Battle timer is ON: inactive players will automatically lose when time's up. (requested by misplayin)\n|inactive|misplayin has 270 seconds left.\n|j| doopishere\n|c|\u2606misplayin|gl friend\n|inactive|misplayin has 240 seconds left.\n|c|\u2606Alolans Creed|you too\n|j| UnstoppableUg\n|\n|t:|1665275567\n|move|p2a: Silvally|Flamethrower|p1a: Metagross\n|-supereffective|p1a: Metagross\n|-damage|p1a: Metagross|114\/256\n|-status|p1a: Metagross|brn\n|-enditem|p1a: Metagross|Weakness Policy\n|-boost|p1a: Metagross|atk|2|[from] item: Weakness Policy\n|-boost|p1a: Metagross|spa|2|[from] item: Weakness Policy\n|move|p1a: Metagross|Earthquake|p2a: Silvally\n|-supereffective|p2a: Silvally\n|-damage|p2a: Silvally|135\/297\n|\n|-damage|p1a: Metagross|98\/256 brn|[from] brn\n|upkeep\n|turn|2\n|l| UnstoppableUg\n|j| mim21\n|\n|t:|1665275578\n|move|p2a: Silvally|Flamethrower|p1a: Metagross\n|-supereffective|p1a: Metagross\n|-damage|p1a: Metagross|0 fnt\n|faint|p1a: Metagross\n|\n|upkeep\n|\n|t:|1665275580\n|switch|p1a: Latias|Latias, L80, F|259\/259\n|turn|3\n|\n|t:|1665275584\n|move|p1a: Latias|Psychic|p2a: Silvally\n|-damage|p2a: Silvally|39\/297\n|move|p2a: Silvally|Parting Shot|p1a: Latias\n|-unboost|p1a: Latias|atk|1\n|-unboost|p1a: Latias|spa|1\n|\n|t:|1665275590\n|switch|p2a: Magnezone|Magnezone, L84|255\/255\n|\n|upkeep\n|turn|4\n|\n|t:|1665275593\n|move|p2a: Magnezone|Flash Cannon|p1a: Latias\n|-damage|p1a: Latias|175\/259\n|move|p1a: Latias|Mystical Fire|p2a: Magnezone\n|-supereffective|p2a: Magnezone\n|-damage|p2a: Magnezone|181\/255\n|-unboost|p2a: Magnezone|spa|1\n|\n|-heal|p1a: Latias|191\/259|[from] item: Leftovers\n|upkeep\n|turn|5\n|\n|t:|1665275615\n|move|p2a: Magnezone|Flash Cannon|p1a: Latias\n|-damage|p1a: Latias|137\/259\n|move|p1a: Latias|Roost|p1a: Latias\n|-heal|p1a: Latias|259\/259\n|-singleturn|p1a: Latias|move: Roost\n|\n|upkeep\n|turn|6\n|j| UnstoppableUg\n|\n|t:|1665275622\n|switch|p1a: Orbeetle|Orbeetle, L86, F|243\/243\n|-item|p2a: Magnezone|Choice Scarf|[from] ability: Frisk|[of] p1a: Orbeetle|[identify]\n|move|p2a: Magnezone|Flash Cannon|p1a: Orbeetle\n|-damage|p1a: Orbeetle|183\/243\n|\n|upkeep\n|turn|7\n|\n|t:|1665275634\n|switch|p2a: Boltund|Boltund, L84, F|253\/253\n|move|p1a: Orbeetle|Sticky Web|p2a: Boltund\n|-sidestart|p2: misplayin|move: Sticky Web\n|\n|upkeep\n|turn|8\n|\n|t:|1665275640\n|move|p2a: Boltund|Fire Fang|p1a: Orbeetle\n|-supereffective|p1a: Orbeetle\n|-damage|p1a: Orbeetle|37\/243\n|-damage|p2a: Boltund|228\/253|[from] item: Life Orb\n|move|p1a: Orbeetle|Psychic|p2a: Boltund\n|-damage|p2a: Boltund|107\/253\n|\n|upkeep\n|turn|9\n|\n|t:|1665275644\n|move|p2a: Boltund|Fire Fang|p1a: Orbeetle\n|-supereffective|p1a: Orbeetle\n|-damage|p1a: Orbeetle|0 fnt\n|faint|p1a: Orbeetle\n|-damage|p2a: Boltund|82\/253|[from] item: Life Orb\n|\n|upkeep\n|\n|t:|1665275652\n|switch|p1a: Latias|Latias, L80, F|259\/259\n|turn|10\n|\n|t:|1665275655\n|move|p2a: Boltund|Volt Switch|p1a: Latias\n|-resisted|p1a: Latias\n|-damage|p1a: Latias|227\/259\n|-damage|p2a: Boltund|57\/253|[from] item: Life Orb\n|\n|t:|1665275659\n|switch|p2a: Silvally|Silvally-Electric, L84|39\/297\n|-activate|p2a: Silvally|move: Sticky Web\n|-unboost|p2a: Silvally|spe|1\n|move|p1a: Latias|Psychic|p2a: Silvally\n|-damage|p2a: Silvally|0 fnt\n|faint|p2a: Silvally\n|\n|-heal|p1a: Latias|243\/259|[from] item: Leftovers\n|upkeep\n|\n|t:|1665275669\n|switch|p2a: Zapdos|Zapdos, L78|268\/268\n|turn|11\n|l| mim21\n|\n|t:|1665275673\n|move|p1a: Latias|Mystical Fire|p2a: Zapdos\n|-damage|p2a: Zapdos|208\/268\n|-unboost|p2a: Zapdos|spa|1\n|move|p2a: Zapdos|Hurricane|p1a: Latias\n|-damage|p1a: Latias|182\/259\n|\n|-heal|p1a: Latias|198\/259|[from] item: Leftovers\n|upkeep\n|turn|12\n|\n|t:|1665275677\n|move|p1a: Latias|Psychic|p2a: Zapdos\n|-damage|p2a: Zapdos|112\/268\n|move|p2a: Zapdos|Hurricane|p1a: Latias|[miss]\n|-miss|p2a: Zapdos|p1a: Latias\n|\n|-heal|p1a: Latias|214\/259|[from] item: Leftovers\n|upkeep\n|turn|13\n|\n|t:|1665275682\n|move|p1a: Latias|Draco Meteor|p2a: Zapdos\n|-damage|p2a: Zapdos|0 fnt\n|-unboost|p1a: Latias|spa|2\n|faint|p2a: Zapdos\n|\n|-heal|p1a: Latias|230\/259|[from] item: Leftovers\n|upkeep\n|\n|t:|1665275686\n|switch|p2a: Raichu|Raichu-Alola, L84, M|238\/238\n|-activate|p2a: Raichu|move: Sticky Web\n|-unboost|p2a: Raichu|spe|1\n|turn|14\n|j| mim21\n|\n|t:|1665275693\n|switch|p1a: Mewtwo|Mewtwo, L72|272\/272\n|-ability|p1a: Mewtwo|Unnerve\n|move|p2a: Raichu|Nasty Plot|p2a: Raichu\n|-boost|p2a: Raichu|spa|2\n|\n|upkeep\n|turn|15\n|n| Mim21|mim21\n|\n|t:|1665275696\n|-start|p2a: Raichu|Dynamax|\n|-heal|p2a: Raichu|476\/476|[silent]\n|move|p1a: Mewtwo|Shadow Ball|p2a: Raichu\n|-supereffective|p2a: Raichu\n|-damage|p2a: Raichu|323\/476\n|-damage|p1a: Mewtwo|245\/272|[from] item: Life Orb\n|move|p2a: Raichu|Max Lightning|p1a: Mewtwo\n|-damage|p1a: Mewtwo|0 fnt\n|-fieldstart|move: Electric Terrain\n|faint|p1a: Mewtwo\n|-damage|p2a: Raichu|300\/476|[from] item: Life Orb\n|\n|upkeep\n|\n|t:|1665275712\n|switch|p1a: Latias|Latias, L80, F|230\/259\n|turn|16\n|\n|t:|1665275715\n|-start|p1a: Latias|Dynamax|\n|-heal|p1a: Latias|460\/518|[silent]\n|move|p2a: Raichu|Max Lightning|p1a: Latias\n|-resisted|p1a: Latias\n|-damage|p1a: Latias|300\/518\n|-damage|p2a: Raichu|277\/476|[from] item: Life Orb\n|move|p1a: Latias|Max Wyrmwind|p2a: Raichu\n|-damage|p2a: Raichu|123\/476\n|-unboost|p2a: Raichu|atk|1\n|\n|-heal|p1a: Latias|316\/518|[from] item: Leftovers\n|upkeep\n|turn|17\n|\n|t:|1665275720\n|move|p2a: Raichu|Max Lightning|p1a: Latias\n|-resisted|p1a: Latias\n|-damage|p1a: Latias|130\/518\n|-damage|p2a: Raichu|100\/476|[from] item: Life Orb\n|move|p1a: Latias|Max Wyrmwind|p2a: Raichu\n|-damage|p2a: Raichu|0 fnt\n|faint|p2a: Raichu\n|\n|-heal|p1a: Latias|146\/518|[from] item: Leftovers\n|upkeep\n|l| Mim21\n|\n|t:|1665275744\n|switch|p2a: Magnezone|Magnezone, L84|181\/255\n|-activate|p2a: Magnezone|move: Sticky Web\n|-unboost|p2a: Magnezone|spe|1\n|turn|18\n|\n|t:|1665275749\n|switch|p2a: Boltund|Boltund, L84, F|57\/253\n|-activate|p2a: Boltund|move: Sticky Web\n|-unboost|p2a: Boltund|spe|1\n|move|p1a: Latias|Max Flare|p2a: Boltund\n|-damage|p2a: Boltund|0 fnt\n|-weather|SunnyDay\n|faint|p2a: Boltund\n|\n|-weather|SunnyDay|[upkeep]\n|-heal|p1a: Latias|162\/518|[from] item: Leftovers\n|upkeep\n|\n|t:|1665275759\n|switch|p2a: Thundurus|Thundurus-Therian, L80, M|258\/258\n|-end|p1a: Latias|Dynamax\n|-heal|p1a: Latias|81\/259|[silent]\n|turn|19\n|\n|t:|1665275762\n|move|p1a: Latias|Roost|p1a: Latias\n|-heal|p1a: Latias|211\/259\n|-singleturn|p1a: Latias|move: Roost\n|move|p2a: Thundurus|Thunderbolt|p1a: Latias\n|-resisted|p1a: Latias\n|-damage|p1a: Latias|161\/259\n|\n|-weather|SunnyDay|[upkeep]\n|-heal|p1a: Latias|177\/259|[from] item: Leftovers\n|-fieldend|move: Electric Terrain\n|upkeep\n|turn|20\n|\n|t:|1665275767\n|move|p1a: Latias|Psychic|p2a: Thundurus\n|-damage|p2a: Thundurus|155\/258\n|move|p2a: Thundurus|Nasty Plot|p2a: Thundurus\n|-boost|p2a: Thundurus|spa|2\n|\n|-weather|SunnyDay|[upkeep]\n|-heal|p1a: Latias|193\/259|[from] item: Leftovers\n|upkeep\n|turn|21\n|\n|t:|1665275773\n|move|p1a: Latias|Mystical Fire|p2a: Thundurus\n|-damage|p2a: Thundurus|64\/258\n|-unboost|p2a: Thundurus|spa|1\n|move|p2a: Thundurus|Thunderbolt|p1a: Latias\n|-resisted|p1a: Latias\n|-damage|p1a: Latias|117\/259\n|\n|-weather|SunnyDay|[upkeep]\n|-heal|p1a: Latias|133\/259|[from] item: Leftovers\n|upkeep\n|turn|22\n|\n|t:|1665275776\n|move|p1a: Latias|Psychic|p2a: Thundurus\n|-damage|p2a: Thundurus|0 fnt\n|faint|p2a: Thundurus\n|\n|-weather|none\n|-heal|p1a: Latias|149\/259|[from] item: Leftovers\n|upkeep\n|\n|t:|1665275778\n|switch|p2a: Magnezone|Magnezone, L84|181\/255\n|-activate|p2a: Magnezone|move: Sticky Web\n|-unboost|p2a: Magnezone|spe|1\n|turn|23\n|\n|t:|1665275780\n|move|p1a: Latias|Mystical Fire|p2a: Magnezone\n|-supereffective|p2a: Magnezone\n|-damage|p2a: Magnezone|83\/255\n|-unboost|p2a: Magnezone|spa|1\n|move|p2a: Magnezone|Flash Cannon|p1a: Latias\n|-damage|p1a: Latias|95\/259\n|\n|-heal|p1a: Latias|111\/259|[from] item: Leftovers\n|upkeep\n|turn|24\n|\n|t:|1665275782\n|move|p1a: Latias|Mystical Fire|p2a: Magnezone\n|-supereffective|p2a: Magnezone\n|-damage|p2a: Magnezone|0 fnt\n|faint|p2a: Magnezone\n|\n|win|Alolans Creed\n|c|\u2606misplayin|gg\n|c|\u2606Alolans Creed|gg\n","inputlog":">version 32f46a6ad649acfea1118f353a8397cce22409d0\n>start {\"formatid\":\"gen8monotyperandombattle\",\"seed\":[57521,61907,51129,65012]}\n>player p1 {\"name\":\"Alolans Creed\",\"avatar\":\"kukui-stand\",\"rating\":0,\"seed\":[43579,11702,56933,1470]}\n>player p2 {\"name\":\"misplayin\",\"avatar\":\"pokemonrangerf-gen4\",\"rating\":0,\"seed\":[25093,12093,54650,40232]}\n>chat \u2606misplayin|gl friend \n>chat \u2606Alolans Creed|you too\n>p1 move earthquake\n>p2 move flamethrower\n>p1 move earthquake\n>p2 move flamethrower\n>p1 switch 5\n>p1 move psychic\n>p2 move partingshot\n>p2 switch 4\n>p1 move mysticalfire\n>p2 move flashcannon\n>p1 move roost\n>p2 move flashcannon\n>p1 switch 4\n>p2 move flashcannon\n>p1 move stickyweb\n>p2 switch 2\n>p1 move psychic\n>p2 move firefang\n>p1 move psychic\n>p2 move firefang\n>p1 switch 4\n>p1 move psychic\n>p2 move voltswitch\n>p2 switch 4\n>p2 switch 5\n>p1 move mysticalfire\n>p2 move hurricane\n>p1 move psychic\n>p2 move hurricane\n>p1 move dracometeor\n>p2 move roost\n>p2 switch 6\n>p1 switch 3\n>p2 move nastyplot\n>p1 move shadowball\n>p2 move thunderbolt dynamax\n>p1 switch 3\n>p1 move dracometeor dynamax\n>p2 move thunderbolt dynamax\n>p1 move dracometeor dynamax\n>p2 move thunderbolt dynamax\n>p2 switch 2\n>p1 move mysticalfire dynamax\n>p2 switch 4\n>p2 switch 3\n>p1 move roost\n>p2 move thunderbolt\n>p1 move psychic\n>p2 move nastyplot\n>p1 move mysticalfire\n>p2 move thunderbolt\n>p1 move psychic\n>p2 move thunderbolt\n>p2 switch 4\n>p1 move mysticalfire\n>p2 move flashcannon\n>p1 move mysticalfire\n>p2 move flashcannon","uploadtime":1665275787,"views":7,"p1id":"alolanscreed","p2id":"misplayin","formatid":"gen8monotyperandombattle","rating":0,"private":0,"password":null}