{"id":"gen8ou-1698650915","p1":"Shinjou Akane","p2":"Nitro.zzz","format":"gen8ou","log":"|j|\u2606Shinjou Akane\n|j|\u2606Nitro.zzz\n|t:|1667148833\n|gametype|singles\n|player|p1|Shinjou Akane|nurse|1631\n|player|p2|Nitro.zzz|steven|1561\n|teamsize|p1|6\n|teamsize|p2|6\n|gen|8\n|tier|[Gen 8] OU\n|rated|\n|rule|Sleep Clause Mod: Limit one foe put to sleep\n|rule|Species Clause: Limit one of each Pok\u00e9mon\n|rule|OHKO Clause: OHKO moves are banned\n|rule|Evasion Items Clause: Evasion items are banned\n|rule|Evasion Moves Clause: Evasion moves are banned\n|rule|Endless Battle Clause: Forcing endless battles is banned\n|rule|HP Percentage Mod: HP is shown in percentages\n|rule|Dynamax Clause: You cannot dynamax\n|clearpoke\n|poke|p1|Klefki, M|\n|poke|p1|Nidoking, M|\n|poke|p1|Urshifu-*, M|\n|poke|p1|Kartana|\n|poke|p1|Tapu Fini|\n|poke|p1|Landorus-Therian, M|\n|poke|p2|Mew|\n|poke|p2|Weavile, F|\n|poke|p2|Celesteela|\n|poke|p2|Garchomp, F|\n|poke|p2|Blacephalon|\n|poke|p2|Crawdaunt, F|\n|teampreview\n|\n|t:|1667148855\n|start\n|switch|p1a: Tapu Fini|Tapu Fini, shiny|100\/100\n|switch|p2a: Blacephalon|Blacephalon, shiny|100\/100\n|-fieldstart|move: Misty Terrain|[from] ability: Misty Surge|[of] p1a: Tapu Fini\n|turn|1\n|\n|t:|1667148857\n|move|p2a: Blacephalon|Trick|p1a: Tapu Fini\n|-activate|p2a: Blacephalon|move: Trick|[of] p1a: Tapu Fini\n|-item|p1a: Tapu Fini|Choice Scarf|[from] move: Trick\n|-item|p2a: Blacephalon|Choice Scarf|[from] move: Trick\n|move|p1a: Tapu Fini|Surf|p2a: Blacephalon\n|-supereffective|p2a: Blacephalon\n|-damage|p2a: Blacephalon|0 fnt\n|faint|p2a: Blacephalon\n|\n|upkeep\n|\n|t:|1667148865\n|switch|p2a: Celesteela|Celesteela, shiny|100\/100\n|turn|2\n|\n|t:|1667148879\n|move|p1a: Tapu Fini|Surf|p2a: Celesteela\n|-damage|p2a: Celesteela|62\/100\n|move|p2a: Celesteela|Autotomize|p2a: Celesteela\n|-boost|p2a: Celesteela|spe|2\n|-start|p2a: Celesteela|Autotomize\n|\n|upkeep\n|turn|3\n|\n|t:|1667148888\n|move|p1a: Tapu Fini|Surf|p2a: Celesteela\n|-damage|p2a: Celesteela|22\/100\n|move|p2a: Celesteela|Meteor Beam||[still]\n|-prepare|p2a: Celesteela|Meteor Beam\n|-boost|p2a: Celesteela|spa|1\n|-enditem|p2a: Celesteela|Power Herb\n|-anim|p2a: Celesteela|Meteor Beam|p1a: Tapu Fini\n|-damage|p1a: Tapu Fini|41\/100\n|\n|upkeep\n|turn|4\n|\n|t:|1667148895\n|move|p1a: Tapu Fini|Surf|p2a: Celesteela\n|-damage|p2a: Celesteela|0 fnt\n|faint|p2a: Celesteela\n|\n|upkeep\n|l|\u2606Nitro.zzz\n|player|p2|\n|j|\u2606Nitro.zzz\n|player|p2|Nitro.zzz|steven\n|\n|t:|1667148920\n|switch|p2a: Mew|Mew|100\/100\n|turn|5\n|\n|t:|1667148929\n|move|p1a: Tapu Fini|Surf|p2a: Mew\n|-damage|p2a: Mew|69\/100\n|move|p2a: Mew|Stealth Rock|p1a: Tapu Fini\n|-sidestart|p1: Shinjou Akane|move: Stealth Rock\n|\n|-fieldend|Misty Terrain\n|upkeep\n|turn|6\n|\n|t:|1667148963\n|switch|p1a: Kartana|Kartana|100\/100\n|-damage|p1a: Kartana|94\/100|[from] Stealth Rock\n|move|p2a: Mew|Thunder Wave|p1a: Kartana\n|-status|p1a: Kartana|par\n|\n|upkeep\n|turn|7\n|\n|t:|1667148983\n|move|p2a: Mew|Spikes|p1a: Kartana\n|-sidestart|p1: Shinjou Akane|Spikes\n|move|p1a: Kartana|Knock Off|p2a: Mew\n|-supereffective|p2a: Mew\n|-enditem|p2a: Mew|Colbur Berry|[eat]\n|-enditem|p2a: Mew|Colbur Berry|[weaken]\n|-damage|p2a: Mew|33\/100\n|\n|upkeep\n|turn|8\n|\n|t:|1667148989\n|move|p2a: Mew|Spikes|p1a: Kartana\n|-sidestart|p1: Shinjou Akane|Spikes\n|move|p1a: Kartana|Knock Off|p2a: Mew\n|-supereffective|p2a: Mew\n|-damage|p2a: Mew|0 fnt\n|faint|p2a: Mew\n|-ability|p1a: Kartana|Beast Boost|boost\n|-boost|p1a: Kartana|atk|1\n|\n|upkeep\n|\n|t:|1667148996\n|switch|p2a: Garchomp|Garchomp, F|100\/100\n|turn|9\n|\n|t:|1667148998\n|move|p2a: Garchomp|Swords Dance|p2a: Garchomp\n|-boost|p2a: Garchomp|atk|2\n|move|p1a: Kartana|Knock Off|p2a: Garchomp\n|-damage|p2a: Garchomp|40\/100\n|-damage|p1a: Kartana|82\/100 par|[from] ability: Rough Skin|[of] p2a: Garchomp\n|-enditem|p2a: Garchomp|Lum Berry|[from] move: Knock Off|[of] p1a: Kartana\n|\n|upkeep\n|turn|10\n|\n|t:|1667149004\n|move|p2a: Garchomp|Fire Fang|p1a: Kartana\n|-supereffective|p1a: Kartana\n|-damage|p1a: Kartana|0 fnt\n|faint|p1a: Kartana\n|\n|upkeep\n|\n|t:|1667149007\n|switch|p1a: Tapu Fini|Tapu Fini, shiny|41\/100\n|-damage|p1a: Tapu Fini|29\/100|[from] Stealth Rock\n|-damage|p1a: Tapu Fini|13\/100|[from] Spikes\n|-fieldstart|move: Misty Terrain|[from] ability: Misty Surge|[of] p1a: Tapu Fini\n|turn|11\n|\n|t:|1667149013\n|move|p1a: Tapu Fini|Moonblast|p2a: Garchomp\n|-supereffective|p2a: Garchomp\n|-damage|p2a: Garchomp|0 fnt\n|faint|p2a: Garchomp\n|\n|upkeep\n|\n|t:|1667149016\n|switch|p2a: Crawdaunt|Crawdaunt, F|100\/100\n|turn|12\n|\n|t:|1667149021\n|move|p2a: Crawdaunt|Aqua Jet|p1a: Tapu Fini\n|-resisted|p1a: Tapu Fini\n|-damage|p1a: Tapu Fini|0 fnt\n|faint|p1a: Tapu Fini\n|-damage|p2a: Crawdaunt|91\/100|[from] item: Life Orb\n|\n|upkeep\n|\n|t:|1667149023\n|switch|p1a: Urshifu|Urshifu-Rapid-Strike, M|100\/100\n|-damage|p1a: Urshifu|94\/100|[from] Stealth Rock\n|-damage|p1a: Urshifu|78\/100|[from] Spikes\n|turn|13\n|\n|t:|1667149028\n|move|p1a: Urshifu|Close Combat|p2a: Crawdaunt\n|-supereffective|p2a: Crawdaunt\n|-damage|p2a: Crawdaunt|0 fnt\n|-unboost|p1a: Urshifu|def|1\n|-unboost|p1a: Urshifu|spd|1\n|faint|p2a: Crawdaunt\n|\n|upkeep\n|\n|t:|1667149030\n|switch|p2a: Weavile|Weavile, F|100\/100\n|-ability|p2a: Weavile|Pressure\n|turn|14\n|\n|t:|1667149032\n|switch|p1a: Landorus|Landorus-Therian, M|100\/100\n|-damage|p1a: Landorus|88\/100|[from] Stealth Rock\n|-ability|p1a: Landorus|Intimidate|boost\n|-unboost|p2a: Weavile|atk|1\n|move|p2a: Weavile|Swords Dance|p2a: Weavile\n|-boost|p2a: Weavile|atk|2\n|\n|upkeep\n|turn|15\n|\n|t:|1667149039\n|move|p2a: Weavile|Triple Axel|p1a: Landorus\n|-supereffective|p1a: Landorus\n|-damage|p1a: Landorus|5\/100\n|-damage|p2a: Weavile|84\/100|[from] item: Rocky Helmet|[of] p1a: Landorus\n|-supereffective|p1a: Landorus\n|-damage|p1a: Landorus|0 fnt\n|-damage|p2a: Weavile|68\/100|[from] item: Rocky Helmet|[of] p1a: Landorus\n|faint|p1a: Landorus\n|-hitcount|p1: Landorus|2\n|-damage|p2a: Weavile|58\/100|[from] item: Life Orb\n|\n|-fieldend|Misty Terrain\n|upkeep\n|\n|t:|1667149043\n|switch|p1a: Klefki|Klefki, M|100\/100\n|-damage|p1a: Klefki|95\/100|[from] Stealth Rock\n|-damage|p1a: Klefki|78\/100|[from] Spikes\n|turn|16\n|\n|t:|1667149046\n|move|p1a: Klefki|Thunder Wave|p2a: Weavile\n|-hint|Since gen 7, Dark is immune to Prankster moves.\n|-immune|p2a: Weavile\n|move|p2a: Weavile|Knock Off|p1a: Klefki\n|-resisted|p1a: Klefki\n|-damage|p1a: Klefki|25\/100\n|-enditem|p1a: Klefki|Eject Button|[from] move: Knock Off|[of] p2a: Weavile\n|-damage|p2a: Weavile|48\/100|[from] item: Life Orb\n|\n|upkeep\n|turn|17\n|\n|t:|1667149068\n|move|p2a: Weavile|Swords Dance|p2a: Weavile\n|-boost|p2a: Weavile|atk|2\n|move|p1a: Klefki|Foul Play|p2a: Weavile\n|-resisted|p2a: Weavile\n|-damage|p2a: Weavile|0 fnt\n|faint|p2a: Weavile\n|\n|win|Shinjou Akane\n|raw|Shinjou Akane's rating: 1631 &rarr; <strong>1647<\/strong><br \/>(+16 for winning)\n|raw|Nitro.zzz's rating: 1561 &rarr; <strong>1545<\/strong><br \/>(-16 for losing)\n","uploadtime":1667149076,"views":12,"p1id":"shinjouakane","p2id":"nitrozzz","formatid":"gen8ou","rating":1545,"private":0,"password":null}