{"id":"gen8ou-1092145987","p1":"Storm Zone","p2":"testotesto321","format":"gen8ou","log":"|j|\u2606Storm Zone\n|j|\u2606testotesto321\n|player|p1|Storm Zone|zinnia|1884\n|player|p2|testotesto321|bellelba|1668\n|teamsize|p1|6\n|teamsize|p2|6\n|gametype|singles\n|gen|8\n|tier|[Gen 8] OU\n|rated|\n|html|<div class=\"broadcast-red\"><strong>OU is currently suspecting Melmetal! For information on how to participate check out the <a href=\"https:\/\/www.smogon.com\/forums\/threads\/3662190\/\">suspect thread<\/a>.<\/strong><\/div>\n|clearpoke\n|poke|p1|Grimmsnarl, M|\n|poke|p1|Dragapult, M|\n|poke|p1|Snorlax, M|\n|poke|p1|Gyarados, M|\n|poke|p1|Claydol|\n|poke|p1|Roserade, M|\n|poke|p2|Melmetal|\n|poke|p2|Zeraora|\n|poke|p2|Dragapult, F|\n|poke|p2|Arcanine, F|\n|poke|p2|Corviknight, F|\n|poke|p2|Seismitoad, F|\n|rule|Sleep Clause Mod: Limit one foe put to sleep\n|rule|Species Clause: Limit one of each Pok\u00e9mon\n|rule|OHKO Clause: OHKO moves are banned\n|rule|Evasion Moves Clause: Evasion moves are banned\n|rule|Endless Battle Clause: Forcing endless battles is banned\n|rule|HP Percentage Mod: HP is shown in percentages\n|rule|Dynamax Clause: You cannot dynamax\n|teampreview\n|\n|start\n|switch|p1a: H1N1|Claydol, shiny|100\/100\n|switch|p2a: Arcanine|Arcanine, F|100\/100\n|-ability|p2a: Arcanine|Intimidate|boost\n|-unboost|p1a: H1N1|atk|1\n|turn|1\n|\n|switch|p2a: Corviknight|Corviknight, F, shiny|100\/100\n|-ability|p2a: Corviknight|Pressure\n|move|p1a: H1N1|Stealth Rock|p2a: Corviknight\n|-sidestart|p2: testotesto321|move: Stealth Rock\n|\n|upkeep\n|turn|2\n|\n|switch|p1a: Gemariah|Roserade, M|100\/100\n|move|p2a: Corviknight|Defog|p1a: Gemariah\n|-unboost|p1a: Gemariah|evasion|1\n|-sideend|p2: testotesto321|Stealth Rock|[from] move: Defog|[of] p2a: Corviknight\n|\n|upkeep\n|turn|3\n|j| outj washed up\n|\n|move|p1a: Gemariah|Sleep Powder|p2a: Corviknight\n|-status|p2a: Corviknight|slp|[from] move: Sleep Powder\n|cant|p2a: Corviknight|slp\n|\n|upkeep\n|turn|4\n|\n|switch|p1a: H1N1|Claydol, shiny|100\/100\n|switch|p2a: Arcanine|Arcanine, F|100\/100\n|-ability|p2a: Arcanine|Intimidate|boost\n|-unboost|p1a: H1N1|atk|1\n|\n|upkeep\n|turn|5\n|\n|switch|p2a: Corviknight|Corviknight, F, shiny|100\/100 slp\n|-ability|p2a: Corviknight|Pressure\n|move|p1a: H1N1|Trick|p2a: Corviknight\n|-activate|p1a: H1N1|move: Trick|[of] p2a: Corviknight\n|-item|p2a: Corviknight|Choice Scarf|[from] move: Trick\n|-item|p1a: H1N1|Leftovers|[from] move: Trick\n|\n|upkeep\n|turn|6\n|\n|cant|p2a: Corviknight|slp\n|move|p1a: H1N1|Stealth Rock|p2a: Corviknight\n|-sidestart|p2: testotesto321|move: Stealth Rock\n|\n|upkeep\n|turn|7\n|\n|switch|p1a: Serpentine|Dragapult, M|100\/100\n|-curestatus|p2a: Corviknight|slp|[msg]\n|move|p2a: Corviknight|Defog|p1a: Serpentine\n|-unboost|p1a: Serpentine|evasion|1\n|-sideend|p2: testotesto321|Stealth Rock|[from] move: Defog|[of] p2a: Corviknight\n|\n|upkeep\n|turn|8\n|\n|switch|p1a: H1N1|Claydol, shiny|100\/100\n|switch|p2a: Seismitoad|Seismitoad, F|100\/100\n|\n|upkeep\n|turn|9\n|\n|move|p1a: H1N1|Stealth Rock|p2a: Seismitoad\n|-sidestart|p2: testotesto321|move: Stealth Rock\n|move|p2a: Seismitoad|Scald|p1a: H1N1\n|-supereffective|p1a: H1N1\n|-damage|p1a: H1N1|56\/100\n|\n|-heal|p1a: H1N1|62\/100|[from] item: Leftovers\n|upkeep\n|turn|10\n|\n|switch|p1a: Gemariah|Roserade, M|100\/100\n|move|p2a: Seismitoad|Stealth Rock|p1a: Gemariah\n|-sidestart|p1: Storm Zone|move: Stealth Rock\n|\n|upkeep\n|turn|11\n|\n|switch|p1a: Predator|Gyarados, M|100\/100\n|switch|p2a: Corviknight|Corviknight, F, shiny|100\/100\n|-damage|p2a: Corviknight|88\/100|[from] Stealth Rock\n|-ability|p2a: Corviknight|Pressure\n|\n|upkeep\n|turn|12\n|\n|move|p1a: Predator|Dragon Dance|p1a: Predator\n|-boost|p1a: Predator|atk|1\n|-boost|p1a: Predator|spe|1\n|move|p2a: Corviknight|U-turn|p1a: Predator\n|-resisted|p1a: Predator\n|-damage|p1a: Predator|91\/100\n|j| Gayskeletor\n|\n|switch|p2a: Dragapult|Dragapult, F|100\/100|[from]move: U-turn\n|-damage|p2a: Dragapult|88\/100|[from] Stealth Rock\n|\n|upkeep\n|turn|13\n|\n|move|p2a: Dragapult|Thunderbolt|p1a: Predator\n|-supereffective|p1a: Predator\n|-damage|p1a: Predator|0 fnt\n|faint|p1a: Predator\n|\n|upkeep\n|\n|switch|p1a: Life|Snorlax, M|100\/100\n|-damage|p1a: Life|88\/100|[from] Stealth Rock\n|turn|14\n|\n|switch|p2a: Melmetal|Melmetal|100\/100\n|-damage|p2a: Melmetal|94\/100|[from] Stealth Rock\n|move|p1a: Life|Curse|p1a: Life\n|-unboost|p1a: Life|spe|1\n|-boost|p1a: Life|atk|1\n|-boost|p1a: Life|def|1\n|\n|upkeep\n|turn|15\n|\n|move|p2a: Melmetal|Superpower|p1a: Life\n|-supereffective|p1a: Life\n|-damage|p1a: Life|0 fnt\n|-unboost|p2a: Melmetal|atk|1\n|-unboost|p2a: Melmetal|def|1\n|faint|p1a: Life\n|\n|upkeep\n|\n|switch|p1a: Serpentine|Dragapult, M|100\/100\n|-damage|p1a: Serpentine|88\/100|[from] Stealth Rock\n|turn|16\n|\n|switch|p2a: Corviknight|Corviknight, F, shiny|88\/100\n|-damage|p2a: Corviknight|75\/100|[from] Stealth Rock\n|-ability|p2a: Corviknight|Pressure\n|move|p1a: Serpentine|Dragon Dance|p1a: Serpentine\n|-boost|p1a: Serpentine|atk|1\n|-boost|p1a: Serpentine|spe|1\n|\n|-heal|p1a: Serpentine|94\/100|[from] item: Leftovers\n|upkeep\n|turn|17\n|\n|move|p1a: Serpentine|Dragon Dance|p1a: Serpentine\n|-boost|p1a: Serpentine|atk|1\n|-boost|p1a: Serpentine|spe|1\n|move|p2a: Corviknight|Iron Head|p1a: Serpentine\n|-damage|p1a: Serpentine|61\/100\n|\n|-heal|p1a: Serpentine|67\/100|[from] item: Leftovers\n|upkeep\n|turn|18\n|\n|move|p1a: Serpentine|Dragon Dance|p1a: Serpentine\n|-boost|p1a: Serpentine|atk|1\n|-boost|p1a: Serpentine|spe|1\n|move|p2a: Corviknight|Iron Head|p1a: Serpentine\n|-damage|p1a: Serpentine|31\/100\n|\n|-heal|p1a: Serpentine|37\/100|[from] item: Leftovers\n|upkeep\n|turn|19\n|\n|move|p1a: Serpentine|Dragon Dance|p1a: Serpentine\n|-boost|p1a: Serpentine|atk|1\n|-boost|p1a: Serpentine|spe|1\n|move|p2a: Corviknight|Iron Head|p1a: Serpentine\n|-damage|p1a: Serpentine|5\/100\n|\n|-heal|p1a: Serpentine|11\/100|[from] item: Leftovers\n|upkeep\n|turn|20\n|\n|move|p1a: Serpentine|Phantom Force||[still]\n|-prepare|p1a: Serpentine|Phantom Force|p2a: Corviknight\n|move|p2a: Corviknight|Iron Head|p1a: Serpentine|[miss]\n|-miss|p2a: Corviknight|p1a: Serpentine\n|\n|-heal|p1a: Serpentine|17\/100|[from] item: Leftovers\n|upkeep\n|turn|21\n|\n|move|p1a: Serpentine|Phantom Force|p2a: Corviknight|[from]lockedmove\n|-crit|p2a: Corviknight\n|-damage|p2a: Corviknight|0 fnt\n|faint|p2a: Corviknight\n|\n|-heal|p1a: Serpentine|23\/100|[from] item: Leftovers\n|upkeep\n|\n|switch|p2a: Arcanine|Arcanine, F|100\/100\n|-ability|p2a: Arcanine|Intimidate|boost\n|-unboost|p1a: Serpentine|atk|1\n|turn|22\n|\n|move|p1a: Serpentine|Dragon Darts|p2a: Arcanine\n|-damage|p2a: Arcanine|52\/100\n|-anim|p1a: Serpentine|Dragon Darts|p2a: Arcanine\n|-damage|p2a: Arcanine|0 fnt\n|faint|p2a: Arcanine\n|\n|-heal|p1a: Serpentine|29\/100|[from] item: Leftovers\n|upkeep\n|\n|switch|p2a: Seismitoad|Seismitoad, F|100\/100\n|-damage|p2a: Seismitoad|94\/100|[from] Stealth Rock\n|turn|23\n|\n|move|p1a: Serpentine|Dragon Darts|p2a: Seismitoad\n|-damage|p2a: Seismitoad|49\/100\n|-anim|p1a: Serpentine|Dragon Darts|p2a: Seismitoad\n|-damage|p2a: Seismitoad|3\/100\n|move|p2a: Seismitoad|Earth Power|p1a: Serpentine\n|-damage|p1a: Serpentine|0 fnt\n|faint|p1a: Serpentine\n|\n|upkeep\n|\n|switch|p1a: H1N1|Claydol, shiny|62\/100\n|-damage|p1a: H1N1|56\/100|[from] Stealth Rock\n|turn|24\n|\n|move|p1a: H1N1|Rapid Spin|p2a: Seismitoad\n|-damage|p2a: Seismitoad|0 fnt\n|-boost|p1a: H1N1|spe|1\n|-damage|p1a: H1N1|39\/100|[from] item: Rocky Helmet|[of] p2a: Seismitoad\n|-sideend|p1: Storm Zone|Stealth Rock|[from] move: Rapid Spin|[of] p1a: H1N1\n|faint|p2a: Seismitoad\n|\n|-heal|p1a: H1N1|46\/100|[from] item: Leftovers\n|upkeep\n|\n|switch|p2a: Dragapult|Dragapult, F|88\/100\n|-damage|p2a: Dragapult|76\/100|[from] Stealth Rock\n|turn|25\n|\n|move|p2a: Dragapult|U-turn|p1a: H1N1\n|-supereffective|p1a: H1N1\n|-damage|p1a: H1N1|19\/100\n|\n|switch|p2a: Zeraora|Zeraora|100\/100|[from]move: U-turn\n|-damage|p2a: Zeraora|88\/100|[from] Stealth Rock\n|move|p1a: H1N1|Psyshock|p2a: Zeraora\n|-damage|p2a: Zeraora|60\/100\n|\n|-heal|p2a: Zeraora|66\/100|[from] item: Leftovers\n|-heal|p1a: H1N1|25\/100|[from] item: Leftovers\n|upkeep\n|turn|26\n|\n|switch|p1a: Gemariah|Roserade, M|100\/100\n|move|p2a: Zeraora|Play Rough|p1a: Gemariah\n|-resisted|p1a: Gemariah\n|-damage|p1a: Gemariah|74\/100\n|\n|-heal|p2a: Zeraora|72\/100|[from] item: Leftovers\n|-heal|p1a: Gemariah|81\/100|[from] item: Leftovers\n|upkeep\n|turn|27\n|\n|move|p2a: Zeraora|Bulk Up|p2a: Zeraora\n|-boost|p2a: Zeraora|atk|1\n|-boost|p2a: Zeraora|def|1\n|move|p1a: Gemariah|Giga Drain|p2a: Zeraora\n|-damage|p2a: Zeraora|22\/100\n|-heal|p1a: Gemariah|100\/100|[from] drain|[of] p2a: Zeraora\n|\n|-heal|p2a: Zeraora|28\/100|[from] item: Leftovers\n|upkeep\n|turn|28\n|\n|move|p2a: Zeraora|Plasma Fists|p1a: Gemariah\n|-resisted|p1a: Gemariah\n|-damage|p1a: Gemariah|39\/100\n|-fieldactivate|move: Ion Deluge\n|move|p1a: Gemariah|Giga Drain|p2a: Zeraora\n|-damage|p2a: Zeraora|0 fnt\n|-heal|p1a: Gemariah|56\/100|[from] drain|[of] p2a: Zeraora\n|faint|p2a: Zeraora\n|\n|-heal|p1a: Gemariah|62\/100|[from] item: Leftovers\n|upkeep\n|\n|switch|p2a: Dragapult|Dragapult, F|76\/100\n|-damage|p2a: Dragapult|64\/100|[from] Stealth Rock\n|turn|29\n|\n|switch|p1a: H1N1|Claydol, shiny|25\/100\n|move|p2a: Dragapult|Shadow Ball|p1a: H1N1\n|-supereffective|p1a: H1N1\n|-damage|p1a: H1N1|0 fnt\n|faint|p1a: H1N1\n|\n|upkeep\n|\n|switch|p1a: Lord Hector|Grimmsnarl, M|100\/100\n|turn|30\n|\n|switch|p2a: Melmetal|Melmetal|94\/100\n|-damage|p2a: Melmetal|88\/100|[from] Stealth Rock\n|switch|p1a: Gemariah|Roserade, M|62\/100\n|\n|-heal|p1a: Gemariah|68\/100|[from] item: Leftovers\n|upkeep\n|turn|31\n|\n|switch|p2a: Dragapult|Dragapult, F|64\/100\n|-damage|p2a: Dragapult|51\/100|[from] Stealth Rock\n|move|p1a: Gemariah|Sleep Powder|p2a: Dragapult|[miss]\n|-miss|p1a: Gemariah|p2a: Dragapult\n|\n|-heal|p1a: Gemariah|74\/100|[from] item: Leftovers\n|upkeep\n|turn|32\n|\n|move|p2a: Dragapult|Shadow Ball|p1a: Gemariah\n|-damage|p1a: Gemariah|28\/100\n|move|p1a: Gemariah|Giga Drain|p2a: Dragapult\n|-resisted|p2a: Dragapult\n|-damage|p2a: Dragapult|24\/100\n|-heal|p1a: Gemariah|45\/100|[from] drain|[of] p2a: Dragapult\n|\n|-heal|p1a: Gemariah|51\/100|[from] item: Leftovers\n|upkeep\n|turn|33\n|\n|move|p2a: Dragapult|Shadow Ball|p1a: Gemariah\n|-damage|p1a: Gemariah|3\/100\n|move|p1a: Gemariah|Giga Drain|p2a: Dragapult\n|-resisted|p2a: Dragapult\n|-damage|p2a: Dragapult|0 fnt\n|-heal|p1a: Gemariah|17\/100|[from] drain|[of] p2a: Dragapult\n|faint|p2a: Dragapult\n|\n|-heal|p1a: Gemariah|23\/100|[from] item: Leftovers\n|upkeep\n|j| Heracrossrocks\n|\n|switch|p2a: Melmetal|Melmetal|88\/100\n|-damage|p2a: Melmetal|82\/100|[from] Stealth Rock\n|turn|34\n|\n|move|p1a: Gemariah|Sleep Powder|p2a: Melmetal|[miss]\n|-miss|p1a: Gemariah|p2a: Melmetal\n|move|p2a: Melmetal|Double Iron Bash|p1a: Gemariah\n|-damage|p1a: Gemariah|0 fnt\n|-hitcount|p1a: Gemariah|1\n|faint|p1a: Gemariah\n|\n|upkeep\n|\n|switch|p1a: Lord Hector|Grimmsnarl, M|100\/100\n|turn|35\n|\n|move|p1a: Lord Hector|Sucker Punch|p2a: Melmetal\n|-damage|p2a: Melmetal|66\/100\n|move|p2a: Melmetal|Double Iron Bash|p1a: Lord Hector\n|-supereffective|p1a: Lord Hector\n|-damage|p1a: Lord Hector|0 fnt\n|-hitcount|p1a: Lord Hector|1\n|faint|p1a: Lord Hector\n|\n|win|testotesto321\n|l|\u2606Storm Zone\n|l| Gayskeletor\n|c|\u2606testotesto321|gg bro bad miss on the sleep powder\n||Ladder (probably) updated, but score could not be retrieved (Response not received).\n|l| Heracrossrocks\n","uploadtime":1586206039,"views":70,"p1id":"stormzone","p2id":"testotesto321","formatid":"gen8ou","rating":0,"private":0,"password":null}