{"id":"gen8ou-1700461138","p1":"Scoots Mgee","p2":"Felckon","format":"gen8ou","log":"|j|\u2606Scoots Mgee\n|j|\u2606Felckon\n|t:|1667341958\n|gametype|singles\n|player|p1|Scoots Mgee|acetrainerf|1337\n|player|p2|Felckon|acetrainersnow|1389\n|teamsize|p1|6\n|teamsize|p2|6\n|gen|8\n|tier|[Gen 8] OU\n|rated|\n|rule|Sleep Clause Mod: Limit one foe put to sleep\n|rule|Species Clause: Limit one of each Pok\u00e9mon\n|rule|OHKO Clause: OHKO moves are banned\n|rule|Evasion Items Clause: Evasion items are banned\n|rule|Evasion Moves Clause: Evasion moves are banned\n|rule|Endless Battle Clause: Forcing endless battles is banned\n|rule|HP Percentage Mod: HP is shown in percentages\n|rule|Dynamax Clause: You cannot dynamax\n|clearpoke\n|poke|p1|Garchomp, F|\n|poke|p1|Rillaboom, M|\n|poke|p1|Corviknight, M|\n|poke|p1|Blissey, F|\n|poke|p1|Tapu Lele|\n|poke|p1|Zapdos|\n|poke|p2|Articuno|\n|poke|p2|Garchomp, M|\n|poke|p2|Corviknight, M|\n|poke|p2|Swampert, M|\n|poke|p2|Buzzwole|\n|poke|p2|Cloyster, F|\n|teampreview\n|inactive|Battle timer is ON: inactive players will automatically lose when time's up. (requested by Scoots Mgee)\n|\n|t:|1667341978\n|start\n|switch|p1a: Tapu Lele|Tapu Lele|100\/100\n|switch|p2a: Felkon|Articuno|100\/100\n|-fieldstart|move: Psychic Terrain|[from] ability: Psychic Surge|[of] p1a: Tapu Lele\n|-ability|p2a: Felkon|Pressure\n|turn|1\n|\n|t:|1667341983\n|move|p1a: Tapu Lele|Future Sight|p2a: Felkon\n|-start|p1a: Tapu Lele|move: Future Sight\n|move|p2a: Felkon|Ice Beam|p1a: Tapu Lele\n|-damage|p1a: Tapu Lele|40\/100\n|\n|upkeep\n|turn|2\n|\n|t:|1667341986\n|switch|p1a: Blissey|Blissey, F|100\/100\n|move|p2a: Felkon|Ice Beam|p1a: Blissey\n|-damage|p1a: Blissey|79\/100\n|\n|upkeep\n|turn|3\n|\n|t:|1667341990\n|switch|p2a: Uncle Gant|Corviknight, M|100\/100\n|-ability|p2a: Uncle Gant|Pressure\n|move|p1a: Blissey|Wish|p1a: Blissey\n|\n|-end|p2a: Uncle Gant|move: Future Sight\n|-resisted|p2a: Uncle Gant\n|-damage|p2a: Uncle Gant|63\/100\n|upkeep\n|turn|4\n|\n|t:|1667341995\n|switch|p1a: Tapu Lele|Tapu Lele|40\/100\n|move|p2a: Uncle Gant|Roost|p2a: Uncle Gant\n|-heal|p2a: Uncle Gant|100\/100\n|-singleturn|p2a: Uncle Gant|move: Roost\n|\n|-heal|p1a: Tapu Lele|100\/100|[from] move: Wish|[wisher] Blissey\n|upkeep\n|turn|5\n|\n|t:|1667342000\n|move|p1a: Tapu Lele|Future Sight|p2a: Uncle Gant\n|-start|p1a: Tapu Lele|move: Future Sight\n|move|p2a: Uncle Gant|Brave Bird|p1a: Tapu Lele\n|-damage|p1a: Tapu Lele|42\/100\n|-damage|p2a: Uncle Gant|87\/100|[from] Recoil\n|\n|-fieldend|move: Psychic Terrain\n|upkeep\n|turn|6\n|\n|t:|1667342003\n|switch|p1a: Zapdos|Zapdos|100\/100\n|move|p2a: Uncle Gant|Brave Bird|p1a: Zapdos\n|-resisted|p1a: Zapdos\n|-damage|p1a: Zapdos|80\/100\n|-damage|p2a: Uncle Gant|81\/100|[from] Recoil\n|\n|upkeep\n|turn|7\n|\n|t:|1667342010\n|switch|p2a: Swampert|Swampert, M|100\/100\n|move|p1a: Zapdos|Hurricane|p2a: Swampert\n|-damage|p2a: Swampert|45\/100\n|-start|p2a: Swampert|confusion\n|\n|-end|p2a: Swampert|move: Future Sight\n|-crit|p2a: Swampert\n|-damage|p2a: Swampert|0 fnt\n|faint|p2a: Swampert\n|upkeep\n|\n|t:|1667342029\n|switch|p2a: Ground Taco|Garchomp, M|100\/100\n|turn|8\n|\n|t:|1667342031\n|switch|p1a: Blissey|Blissey, F|79\/100\n|move|p2a: Ground Taco|Stone Edge|p1a: Blissey\n|-damage|p1a: Blissey|50\/100\n|\n|upkeep\n|turn|9\n|\n|t:|1667342037\n|switch|p2a: Cloyster|Cloyster, F|100\/100\n|switch|p1a: Tapu Lele|Tapu Lele|42\/100\n|-fieldstart|move: Psychic Terrain|[from] ability: Psychic Surge|[of] p1a: Tapu Lele\n|\n|upkeep\n|turn|10\n|\n|t:|1667342042\n|move|p1a: Tapu Lele|Future Sight|p2a: Cloyster\n|-start|p1a: Tapu Lele|move: Future Sight\n|move|p2a: Cloyster|Shell Smash|p2a: Cloyster\n|-unboost|p2a: Cloyster|def|1\n|-unboost|p2a: Cloyster|spd|1\n|-boost|p2a: Cloyster|atk|2\n|-boost|p2a: Cloyster|spa|2\n|-boost|p2a: Cloyster|spe|2\n|-enditem|p2a: Cloyster|White Herb\n|-clearnegativeboost|p2a: Cloyster|[silent]\n|\n|upkeep\n|turn|11\n|\n|t:|1667342053\n|switch|p1a: Corviknight|Corviknight, M|100\/100\n|-ability|p1a: Corviknight|Pressure\n|move|p2a: Cloyster|Icicle Spear|p1a: Corviknight\n|-damage|p1a: Corviknight|86\/100\n|-damage|p1a: Corviknight|73\/100\n|-damage|p1a: Corviknight|60\/100\n|-damage|p1a: Corviknight|44\/100\n|-damage|p1a: Corviknight|30\/100\n|-hitcount|p1a: Corviknight|5\n|\n|upkeep\n|turn|12\n|\n|t:|1667342058\n|move|p2a: Cloyster|Icicle Spear|p1a: Corviknight\n|-damage|p1a: Corviknight|15\/100\n|-damage|p1a: Corviknight|1\/100\n|-damage|p1a: Corviknight|0 fnt\n|faint|p1a: Corviknight\n|-hitcount|p1: Corviknight|3\n|\n|-end|p2a: Cloyster|move: Future Sight\n|-damage|p2a: Cloyster|0 fnt\n|faint|p2a: Cloyster\n|upkeep\n|\n|t:|1667342065\n|switch|p2a: Felkon|Articuno|100\/100\n|switch|p1a: Blissey|Blissey, F|50\/100\n|-ability|p2a: Felkon|Pressure\n|turn|13\n|\n|t:|1667342069\n|move|p2a: Felkon|U-turn|p1a: Blissey\n|-damage|p1a: Blissey|39\/100\n|\n|t:|1667342071\n|switch|p2a: Buzzwole|Buzzwole|100\/100|[from]move: U-turn\n|move|p1a: Blissey|Wish|p1a: Blissey\n|\n|-fieldend|move: Psychic Terrain\n|upkeep\n|turn|14\n|\n|t:|1667342075\n|switch|p1a: Tapu Lele|Tapu Lele|42\/100\n|-fieldstart|move: Psychic Terrain|[from] ability: Psychic Surge|[of] p1a: Tapu Lele\n|move|p2a: Buzzwole|Close Combat|p1a: Tapu Lele\n|-resisted|p1a: Tapu Lele\n|-crit|p1a: Tapu Lele\n|-damage|p1a: Tapu Lele|6\/100\n|-unboost|p2a: Buzzwole|def|1\n|-unboost|p2a: Buzzwole|spd|1\n|\n|-heal|p1a: Tapu Lele|100\/100|[from] move: Wish|[wisher] Blissey\n|upkeep\n|turn|15\n|\n|t:|1667342080\n|switch|p1a: Zapdos|Zapdos|80\/100\n|switch|p2a: Uncle Gant|Corviknight, M|81\/100\n|-ability|p2a: Uncle Gant|Pressure\n|\n|upkeep\n|turn|16\n|\n|t:|1667342083\n|switch|p2a: Ground Taco|Garchomp, M|100\/100\n|move|p1a: Zapdos|Heat Wave|p2a: Ground Taco\n|-resisted|p2a: Ground Taco\n|-damage|p2a: Ground Taco|72\/100\n|\n|upkeep\n|turn|17\n|\n|t:|1667342099\n|switch|p1a: Garchomp|Garchomp, F|100\/100\n|move|p2a: Ground Taco|Stone Edge|p1a: Garchomp\n|-resisted|p1a: Garchomp\n|-damage|p1a: Garchomp|85\/100\n|\n|-heal|p1a: Garchomp|91\/100|[from] item: Leftovers\n|upkeep\n|turn|18\n|\n|t:|1667342102\n|switch|p2a: Buzzwole|Buzzwole|100\/100\n|switch|p1a: Tapu Lele|Tapu Lele|100\/100\n|\n|-fieldend|move: Psychic Terrain\n|upkeep\n|turn|19\n|\n|t:|1667342108\n|move|p1a: Tapu Lele|Moonblast|p2a: Buzzwole\n|-supereffective|p2a: Buzzwole\n|-damage|p2a: Buzzwole|0 fnt\n|faint|p2a: Buzzwole\n|\n|upkeep\n|\n|t:|1667342113\n|switch|p2a: Felkon|Articuno|100\/100\n|-ability|p2a: Felkon|Pressure\n|turn|20\n|\n|t:|1667342117\n|move|p1a: Tapu Lele|Moonblast|p2a: Felkon\n|-damage|p2a: Felkon|54\/100\n|-unboost|p2a: Felkon|spa|1\n|move|p2a: Felkon|U-turn|p1a: Tapu Lele\n|-damage|p1a: Tapu Lele|80\/100\n|\n|t:|1667342120\n|switch|p2a: Ground Taco|Garchomp, M|72\/100|[from]move: U-turn\n|\n|upkeep\n|turn|21\n|\n|t:|1667342122\n|move|p2a: Ground Taco|Iron Head|p1a: Tapu Lele\n|-supereffective|p1a: Tapu Lele\n|-damage|p1a: Tapu Lele|0 fnt\n|faint|p1a: Tapu Lele\n|\n|upkeep\n|\n|t:|1667342127\n|switch|p1a: Zapdos|Zapdos|80\/100\n|turn|22\n|\n|t:|1667342131\n|move|p2a: Ground Taco|Iron Head|p1a: Zapdos\n|-resisted|p1a: Zapdos\n|-damage|p1a: Zapdos|63\/100\n|cant|p1a: Zapdos|flinch\n|\n|upkeep\n|turn|23\n|\n|t:|1667342137\n|switch|p2a: Uncle Gant|Corviknight, M|81\/100\n|-ability|p2a: Uncle Gant|Pressure\n|move|p1a: Zapdos|Hurricane|p2a: Uncle Gant\n|-resisted|p2a: Uncle Gant\n|-damage|p2a: Uncle Gant|48\/100\n|\n|upkeep\n|turn|24\n|\n|t:|1667342141\n|switch|p1a: Blissey|Blissey, F|39\/100\n|switch|p2a: Ground Taco|Garchomp, M|72\/100\n|\n|upkeep\n|turn|25\n|\n|t:|1667342145\n|move|p1a: Blissey|Protect|p1a: Blissey\n|-singleturn|p1a: Blissey|Protect\n|move|p2a: Ground Taco|Outrage|p1a: Blissey\n|-activate|p1a: Blissey|move: Protect\n|\n|upkeep\n|turn|26\n|\n|t:|1667342156\n|switch|p1a: Rillaboom|Rillaboom, M|100\/100\n|-fieldstart|move: Grassy Terrain|[from] ability: Grassy Surge|[of] p1a: Rillaboom\n|move|p2a: Ground Taco|Outrage|p1a: Rillaboom\n|-damage|p1a: Rillaboom|27\/100\n|\n|-heal|p2a: Ground Taco|78\/100|[from] Grassy Terrain\n|-heal|p1a: Rillaboom|33\/100|[from] Grassy Terrain\n|upkeep\n|turn|27\n|\n|t:|1667342159\n|move|p1a: Rillaboom|Grassy Glide|p2a: Ground Taco\n|-damage|p2a: Ground Taco|12\/100\n|-damage|p1a: Rillaboom|21\/100|[from] ability: Rough Skin|[of] p2a: Ground Taco\n|move|p2a: Ground Taco|Outrage|p1a: Rillaboom|[from]lockedmove\n|-damage|p1a: Rillaboom|0 fnt\n|faint|p1a: Rillaboom\n|\n|-heal|p2a: Ground Taco|18\/100|[from] Grassy Terrain\n|upkeep\n|\n|t:|1667342167\n|switch|p1a: Zapdos|Zapdos|63\/100\n|turn|28\n|\n|t:|1667342173\n|move|p2a: Ground Taco|Outrage|p1a: Zapdos|[from]lockedmove\n|-damage|p1a: Zapdos|0 fnt\n|faint|p1a: Zapdos\n|-start|p2a: Ground Taco|confusion|[fatigue]\n|\n|-heal|p2a: Ground Taco|24\/100|[from] Grassy Terrain\n|upkeep\n|\n|t:|1667342176\n|switch|p1a: Garchomp|Garchomp, F|91\/100\n|turn|29\n|\n|t:|1667342180\n|-activate|p2a: Ground Taco|confusion\n|-damage|p2a: Ground Taco|10\/100|[from] confusion\n|move|p1a: Garchomp|Earthquake|p2a: Ground Taco\n|-damage|p2a: Ground Taco|0 fnt\n|faint|p2a: Ground Taco\n|\n|-heal|p1a: Garchomp|97\/100|[from] Grassy Terrain\n|-heal|p1a: Garchomp|100\/100|[from] item: Leftovers\n|upkeep\n|\n|t:|1667342183\n|switch|p2a: Felkon|Articuno|54\/100\n|-ability|p2a: Felkon|Pressure\n|turn|30\n|\n|t:|1667342187\n|switch|p1a: Blissey|Blissey, F|39\/100\n|move|p2a: Felkon|Ice Beam|p1a: Blissey\n|-damage|p1a: Blissey|16\/100\n|\n|-heal|p1a: Blissey|22\/100|[from] Grassy Terrain\n|-fieldend|move: Grassy Terrain\n|upkeep\n|turn|31\n|\n|t:|1667342190\n|move|p2a: Felkon|Ice Beam|p1a: Blissey\n|-damage|p1a: Blissey|2\/100\n|move|p1a: Blissey|Wish|p1a: Blissey\n|\n|upkeep\n|turn|32\n|\n|t:|1667342193\n|move|p1a: Blissey|Protect|p1a: Blissey\n|-singleturn|p1a: Blissey|Protect\n|move|p2a: Felkon|Ice Beam|p1a: Blissey\n|-activate|p1a: Blissey|move: Protect\n|\n|-heal|p1a: Blissey|52\/100|[from] move: Wish|[wisher] Blissey\n|upkeep\n|turn|33\n|\n|t:|1667342195\n|move|p2a: Felkon|Ice Beam|p1a: Blissey\n|-damage|p1a: Blissey|33\/100\n|move|p1a: Blissey|Wish|p1a: Blissey\n|\n|upkeep\n|turn|34\n|\n|t:|1667342197\n|move|p2a: Felkon|Ice Beam|p1a: Blissey\n|-damage|p1a: Blissey|13\/100\n|move|p1a: Blissey|Thunder Wave|p2a: Felkon\n|-status|p2a: Felkon|par\n|\n|-heal|p1a: Blissey|63\/100|[from] move: Wish|[wisher] Blissey\n|upkeep\n|turn|35\n|\n|t:|1667342199\n|cant|p2a: Felkon|par\n|move|p1a: Blissey|Wish|p1a: Blissey\n|\n|upkeep\n|turn|36\n|\n|t:|1667342200\n|cant|p2a: Felkon|par\n|move|p1a: Blissey|Seismic Toss|p2a: Felkon\n|-damage|p2a: Felkon|23\/100 par\n|\n|-heal|p1a: Blissey|100\/100|[from] move: Wish|[wisher] Blissey\n|upkeep\n|turn|37\n|\n|t:|1667342203\n|move|p2a: Felkon|Ice Beam|p1a: Blissey\n|-damage|p1a: Blissey|80\/100\n|move|p1a: Blissey|Seismic Toss|p2a: Felkon\n|-damage|p2a: Felkon|0 fnt\n|faint|p2a: Felkon\n|\n|upkeep\n|\n|t:|1667342205\n|switch|p2a: Uncle Gant|Corviknight, M|48\/100\n|-ability|p2a: Uncle Gant|Pressure\n|turn|38\n|c|\u2606Felckon|asd,';as\n|\n|t:|1667342208\n|move|p1a: Blissey|Thunder Wave|p2a: Uncle Gant\n|-status|p2a: Uncle Gant|par\n|move|p2a: Uncle Gant|Roost|p2a: Uncle Gant\n|-heal|p2a: Uncle Gant|98\/100 par\n|-singleturn|p2a: Uncle Gant|move: Roost\n|\n|upkeep\n|turn|39\n|c|\u2606Felckon|so lucky\n|c|\u2606Felckon|damn\n|c|\u2606Felckon|gg\n|\n|t:|1667342222\n|move|p1a: Blissey|Wish|p1a: Blissey\n|move|p2a: Uncle Gant|Brave Bird|p1a: Blissey\n|-damage|p1a: Blissey|46\/100\n|-damage|p2a: Uncle Gant|77\/100 par|[from] Recoil\n|\n|upkeep\n|turn|40\n|\n|t:|1667342229\n|move|p1a: Blissey|Seismic Toss|p2a: Uncle Gant\n|-damage|p2a: Uncle Gant|52\/100 par\n|-damage|p1a: Blissey|29\/100|[from] item: Rocky Helmet|[of] p2a: Uncle Gant\n|move|p2a: Uncle Gant|Brave Bird|p1a: Blissey\n|-damage|p1a: Blissey|0 fnt\n|faint|p1a: Blissey\n|-damage|p2a: Uncle Gant|35\/100 par|[from] Recoil\n|\n|upkeep\n|\n|t:|1667342233\n|switch|p1a: Garchomp|Garchomp, F|100\/100\n|turn|41\n|\n|t:|1667342235\n|move|p1a: Garchomp|Earthquake|p2a: Uncle Gant\n|-immune|p2a: Uncle Gant\n|move|p2a: Uncle Gant|Roost|p2a: Uncle Gant\n|-heal|p2a: Uncle Gant|85\/100 par\n|-singleturn|p2a: Uncle Gant|move: Roost\n|\n|upkeep\n|turn|42\n|-message|Scoots Mgee forfeited.\n|\n|win|Felckon\n|raw|Scoots Mgee's rating: 1337 &rarr; <strong>1320<\/strong><br \/>(-17 for losing)\n|raw|Felckon's rating: 1389 &rarr; <strong>1406<\/strong><br \/>(+17 for winning)\n|l|\u2606Scoots Mgee\n|c|\u2606Felckon|huh\n||Ladder isn't responding, score probably updated but might not have (Request timeout).\n","uploadtime":1667342254,"views":12,"p1id":"scootsmgee","p2id":"felckon","formatid":"gen8ou","rating":1320,"private":0,"password":null}