{"id":"gen8ou-1697777136","p1":"Shinjou Akane","p2":"by eueu","format":"gen8ou","log":"|j|\u2606Shinjou Akane\n|j|\u2606by eueu\n|t:|1667041875\n|gametype|singles\n|player|p1|Shinjou Akane|elesa-gen5bw2|1583\n|player|p2|by eueu|102|1585\n|teamsize|p1|6\n|teamsize|p2|6\n|gen|8\n|tier|[Gen 8] OU\n|rated|\n|rule|Sleep Clause Mod: Limit one foe put to sleep\n|rule|Species Clause: Limit one of each Pok\u00e9mon\n|rule|OHKO Clause: OHKO moves are banned\n|rule|Evasion Items Clause: Evasion items are banned\n|rule|Evasion Moves Clause: Evasion moves are banned\n|rule|Endless Battle Clause: Forcing endless battles is banned\n|rule|HP Percentage Mod: HP is shown in percentages\n|rule|Dynamax Clause: You cannot dynamax\n|clearpoke\n|poke|p1|Klefki, M|\n|poke|p1|Nidoking, M|\n|poke|p1|Urshifu-*, F|\n|poke|p1|Kartana|\n|poke|p1|Tapu Fini|\n|poke|p1|Landorus-Therian, M|\n|poke|p2|Landorus-Therian, M|\n|poke|p2|Ferrothorn, F|\n|poke|p2|Tapu Lele|\n|poke|p2|Alakazam, F|\n|poke|p2|Moltres-Galar|\n|poke|p2|Rotom-Wash|\n|teampreview\n|\n|t:|1667041880\n|start\n|switch|p1a: Klefki|Klefki, M|100\/100\n|switch|p2a: Tapu Lele|Tapu Lele|100\/100\n|-fieldstart|move: Psychic Terrain|[from] ability: Psychic Surge|[of] p2a: Tapu Lele\n|turn|1\n|\n|t:|1667041901\n|switch|p2a: Landorus|Landorus-Therian, M|100\/100\n|-ability|p2a: Landorus|Intimidate|boost\n|-unboost|p1a: Klefki|atk|1\n|move|p1a: Klefki|Fairy Lock|p1a: Klefki\n|-fieldactivate|move: Fairy Lock\n|\n|upkeep\n|turn|2\n|\n|t:|1667041904\n|move|p1a: Klefki|Spikes|p2a: Landorus\n|-sidestart|p2: by eueu|Spikes\n|move|p2a: Landorus|Earthquake|p1a: Klefki\n|-supereffective|p1a: Klefki\n|-damage|p1a: Klefki|9\/100\n|-enditem|p1a: Klefki|Eject Button\n|\n|t:|1667041910\n|switch|p1a: Nidoking|Nidoking, M|100\/100\n|\n|upkeep\n|turn|3\n|\n|t:|1667041917\n|switch|p2a: Rotom|Rotom-Wash|100\/100\n|move|p1a: Nidoking|Ice Beam|p2a: Rotom\n|-resisted|p2a: Rotom\n|-damage|p2a: Rotom|85\/100\n|\n|-heal|p2a: Rotom|91\/100|[from] item: Leftovers\n|upkeep\n|turn|4\n|\n|t:|1667041921\n|move|p1a: Nidoking|Sludge Wave|p2a: Rotom\n|-damage|p2a: Rotom|38\/100\n|move|p2a: Rotom|Hydro Pump|p1a: Nidoking\n|-supereffective|p1a: Nidoking\n|-damage|p1a: Nidoking|0 fnt\n|faint|p1a: Nidoking\n|\n|-heal|p2a: Rotom|44\/100|[from] item: Leftovers\n|upkeep\n|\n|t:|1667041927\n|switch|p1a: Kartana|Kartana|100\/100\n|turn|5\n|\n|t:|1667041941\n|switch|p2a: Ferrothorn|Ferrothorn, F|100\/100\n|-damage|p2a: Ferrothorn|88\/100|[from] Spikes\n|move|p1a: Kartana|Knock Off|p2a: Ferrothorn\n|-damage|p2a: Ferrothorn|63\/100\n|-damage|p1a: Kartana|88\/100|[from] ability: Iron Barbs|[of] p2a: Ferrothorn\n|-damage|p1a: Kartana|72\/100|[from] item: Rocky Helmet|[of] p2a: Ferrothorn\n|-enditem|p2a: Ferrothorn|Rocky Helmet|[from] move: Knock Off|[of] p1a: Kartana\n|\n|-fieldend|move: Psychic Terrain\n|upkeep\n|turn|6\n|\n|t:|1667041957\n|switch|p1a: Urshifu|Urshifu-Rapid-Strike, F|100\/100\n|move|p2a: Ferrothorn|Body Press|p1a: Urshifu\n|-damage|p1a: Urshifu|70\/100\n|\n|upkeep\n|turn|7\n|\n|t:|1667041960\n|switch|p2a: Rotom|Rotom-Wash|44\/100\n|move|p1a: Urshifu|Surging Strikes|p2a: Rotom\n|-resisted|p2a: Rotom\n|-crit|p2a: Rotom\n|-damage|p2a: Rotom|30\/100\n|-resisted|p2a: Rotom\n|-crit|p2a: Rotom\n|-damage|p2a: Rotom|14\/100\n|-resisted|p2a: Rotom\n|-crit|p2a: Rotom\n|-damage|p2a: Rotom|0 fnt\n|faint|p2a: Rotom\n|-hitcount|p2: Rotom|3\n|\n|upkeep\n|\n|t:|1667041974\n|switch|p2a: Tapu Lele|Tapu Lele|100\/100\n|-damage|p2a: Tapu Lele|88\/100|[from] Spikes\n|-fieldstart|move: Psychic Terrain|[from] ability: Psychic Surge|[of] p2a: Tapu Lele\n|turn|8\n|\n|t:|1667041982\n|switch|p1a: Tapu Fini|Tapu Fini, shiny|100\/100\n|-fieldstart|move: Misty Terrain|[from] ability: Misty Surge|[of] p1a: Tapu Fini\n|move|p2a: Tapu Lele|Psychic|p1a: Tapu Fini\n|-damage|p1a: Tapu Fini|54\/100\n|\n|upkeep\n|turn|9\n|\n|t:|1667041990\n|switch|p2a: Moltres|Moltres-Galar|100\/100\n|move|p1a: Tapu Fini|Moonblast|p2a: Moltres\n|-supereffective|p2a: Moltres\n|-damage|p2a: Moltres|29\/100\n|-ability|p2a: Moltres|Berserk|boost\n|-boost|p2a: Moltres|spa|1\n|\n|upkeep\n|turn|10\n|\n|t:|1667041995\n|move|p1a: Tapu Fini|Moonblast|p2a: Moltres\n|-supereffective|p2a: Moltres\n|-damage|p2a: Moltres|0 fnt\n|faint|p2a: Moltres\n|\n|upkeep\n|\n|t:|1667041998\n|switch|p2a: Ferrothorn|Ferrothorn, F|63\/100\n|-damage|p2a: Ferrothorn|51\/100|[from] Spikes\n|turn|11\n|\n|t:|1667042001\n|switch|p1a: Kartana|Kartana|72\/100\n|move|p2a: Ferrothorn|Leech Seed|p1a: Kartana\n|-immune|p1a: Kartana\n|\n|upkeep\n|turn|12\n|\n|t:|1667042009\n|move|p1a: Kartana|Knock Off|p2a: Ferrothorn\n|-crit|p2a: Ferrothorn\n|-damage|p2a: Ferrothorn|24\/100\n|-damage|p1a: Kartana|59\/100|[from] ability: Iron Barbs|[of] p2a: Ferrothorn\n|move|p2a: Ferrothorn|Body Press|p1a: Kartana\n|-supereffective|p1a: Kartana\n|-damage|p1a: Kartana|0 fnt\n|faint|p1a: Kartana\n|\n|-fieldend|Misty Terrain\n|upkeep\n|\n|t:|1667042014\n|switch|p1a: Urshifu|Urshifu-Rapid-Strike, F|70\/100\n|turn|13\n|\n|t:|1667042029\n|move|p1a: Urshifu|Surging Strikes|p2a: Ferrothorn\n|-resisted|p2a: Ferrothorn\n|-crit|p2a: Ferrothorn\n|-damage|p2a: Ferrothorn|15\/100\n|-damage|p1a: Urshifu|57\/100|[from] ability: Iron Barbs|[of] p2a: Ferrothorn\n|-resisted|p2a: Ferrothorn\n|-crit|p2a: Ferrothorn\n|-damage|p2a: Ferrothorn|6\/100\n|-damage|p1a: Urshifu|45\/100|[from] ability: Iron Barbs|[of] p2a: Ferrothorn\n|-resisted|p2a: Ferrothorn\n|-crit|p2a: Ferrothorn\n|-damage|p2a: Ferrothorn|0 fnt\n|-damage|p1a: Urshifu|33\/100|[from] ability: Iron Barbs|[of] p2a: Ferrothorn\n|faint|p2a: Ferrothorn\n|-hitcount|p2: Ferrothorn|3\n|\n|upkeep\n|\n|t:|1667042032\n|switch|p2a: Tapu Lele|Tapu Lele|88\/100\n|-damage|p2a: Tapu Lele|76\/100|[from] Spikes\n|-fieldstart|move: Psychic Terrain|[from] ability: Psychic Surge|[of] p2a: Tapu Lele\n|turn|14\n|\n|t:|1667042040\n|move|p2a: Tapu Lele|Psychic|p1a: Urshifu\n|-supereffective|p1a: Urshifu\n|-damage|p1a: Urshifu|0 fnt\n|faint|p1a: Urshifu\n|\n|upkeep\n|\n|t:|1667042043\n|switch|p1a: Klefki|Klefki, M|9\/100\n|turn|15\n|\n|t:|1667042052\n|switch|p2a: Landorus|Landorus-Therian, M|100\/100\n|-ability|p2a: Landorus|Intimidate|boost\n|-unboost|p1a: Klefki|atk|1\n|move|p1a: Klefki|Thunder Wave|p2a: Landorus\n|-immune|p2a: Landorus\n|\n|upkeep\n|turn|16\n|\n|t:|1667042057\n|move|p1a: Klefki|Fairy Lock|p1a: Klefki\n|-fieldactivate|move: Fairy Lock\n|move|p2a: Landorus|U-turn|p1a: Klefki\n|-resisted|p1a: Klefki\n|-crit|p1a: Klefki\n|-damage|p1a: Klefki|1\/100\n|\n|t:|1667042063\n|switch|p2a: Tapu Lele|Tapu Lele|76\/100|[from]move: U-turn\n|-damage|p2a: Tapu Lele|63\/100|[from] Spikes\n|\n|upkeep\n|turn|17\n|\n|t:|1667042067\n|move|p1a: Klefki|Thunder Wave|p2a: Tapu Lele\n|-activate|p2a: Tapu Lele|move: Psychic Terrain\n|move|p2a: Tapu Lele|Psychic|p1a: Klefki\n|-resisted|p1a: Klefki\n|-damage|p1a: Klefki|0 fnt\n|faint|p1a: Klefki\n|\n|upkeep\n|\n|t:|1667042078\n|switch|p1a: Tapu Fini|Tapu Fini, shiny|54\/100\n|-fieldstart|move: Misty Terrain|[from] ability: Misty Surge|[of] p1a: Tapu Fini\n|turn|18\n|\n|t:|1667042097\n|move|p1a: Tapu Fini|Surf|p2a: Tapu Lele\n|-damage|p2a: Tapu Lele|20\/100\n|move|p2a: Tapu Lele|Psychic|p1a: Tapu Fini\n|-damage|p1a: Tapu Fini|1\/100\n|\n|upkeep\n|turn|19\n|\n|t:|1667042120\n|switch|p2a: Landorus|Landorus-Therian, M|100\/100\n|-ability|p2a: Landorus|Intimidate|boost\n|-unboost|p1a: Tapu Fini|atk|1\n|move|p1a: Tapu Fini|Surf|p2a: Landorus\n|-supereffective|p2a: Landorus\n|-damage|p2a: Landorus|37\/100\n|\n|-heal|p2a: Landorus|43\/100|[from] item: Leftovers\n|upkeep\n|turn|20\n|\n|t:|1667042123\n|move|p1a: Tapu Fini|Surf|p2a: Landorus\n|-supereffective|p2a: Landorus\n|-damage|p2a: Landorus|0 fnt\n|faint|p2a: Landorus\n|\n|upkeep\n|\n|t:|1667042125\n|switch|p2a: Tapu Lele|Tapu Lele|20\/100\n|-damage|p2a: Tapu Lele|8\/100|[from] Spikes\n|-fieldstart|move: Psychic Terrain|[from] ability: Psychic Surge|[of] p2a: Tapu Lele\n|turn|21\n|\n|t:|1667042129\n|move|p1a: Tapu Fini|Surf|p2a: Tapu Lele\n|-damage|p2a: Tapu Lele|0 fnt\n|faint|p2a: Tapu Lele\n|\n|upkeep\n|\n|t:|1667042131\n|switch|p2a: Alakazam|Alakazam, F|100\/100\n|turn|22\n|\n|t:|1667042133\n|move|p1a: Tapu Fini|Surf|p2a: Alakazam\n|-damage|p2a: Alakazam|46\/100\n|move|p2a: Alakazam|Expanding Force|p1a: Tapu Fini\n|-damage|p1a: Tapu Fini|0 fnt\n|faint|p1a: Tapu Fini\n|\n|upkeep\n|\n|t:|1667042135\n|switch|p1a: Landorus|Landorus-Therian, M|100\/100\n|-ability|p1a: Landorus|Intimidate|boost\n|-unboost|p2a: Alakazam|atk|1\n|turn|23\n|\n|t:|1667042137\n|move|p2a: Alakazam|Expanding Force|p1a: Landorus\n|-damage|p1a: Landorus|34\/100\n|move|p1a: Landorus|Earthquake|p2a: Alakazam\n|-damage|p2a: Alakazam|0 fnt\n|faint|p2a: Alakazam\n|\n|win|Shinjou Akane\n|raw|Shinjou Akane's rating: 1583 &rarr; <strong>1603<\/strong><br \/>(+20 for winning)\n|raw|by eueu's rating: 1585 &rarr; <strong>1565<\/strong><br \/>(-20 for losing)\n|l|\u2606by eueu\n","uploadtime":1667042144,"views":11,"p1id":"shinjouakane","p2id":"byeueu","formatid":"gen8ou","rating":1565,"private":0,"password":null}