{"id":"gen8bdspou-1552903922","p1":"Tekt","p2":"Hgfhhfghfff","format":"gen8bdspou","log":"|j|\u203dTekt\n|j|\u2606Hgfhhfghfff\n|t:|1649895729\n|gametype|singles\n|player|p1|Tekt|blue|1513\n|player|p2|Hgfhhfghfff|2|1536\n|teamsize|p1|6\n|teamsize|p2|6\n|gen|8\n|tier|[Gen 8 BDSP] OU\n|rated|\n|rule|Sleep Clause Mod: Limit one foe put to sleep\n|rule|Species Clause: Limit one of each Pok\u00e9mon\n|rule|OHKO Clause: OHKO moves are banned\n|rule|Evasion Moves Clause: Evasion moves are banned\n|rule|Endless Battle Clause: Forcing endless battles is banned\n|rule|HP Percentage Mod: HP is shown in percentages\n|clearpoke\n|poke|p1|Starmie|\n|poke|p1|Arcanine, M|\n|poke|p1|Gyarados, F|\n|poke|p1|Blissey, F|\n|poke|p1|Gliscor, F|\n|poke|p1|Togekiss, F|\n|poke|p2|Jirachi|\n|poke|p2|Donphan, M|\n|poke|p2|Starmie|\n|poke|p2|Ursaring, F|\n|poke|p2|Rotom-Mow|\n|poke|p2|Azumarill, F|\n|teampreview\n|\n|t:|1649895741\n|start\n|switch|p1a: Arcanine|Arcanine, M|100\/100\n|switch|p2a: Starmie|Starmie|100\/100\n|-ability|p1a: Arcanine|Intimidate|boost\n|-unboost|p2a: Starmie|atk|1\n|turn|1\n|\n|t:|1649895748\n|switch|p2a: Ursaring|Ursaring, F|100\/100\n|switch|p1a: Blissey|Blissey, F|100\/100\n|\n|-status|p2a: Ursaring|brn|[from] item: Flame Orb\n|upkeep\n|turn|2\n|\n|t:|1649895758\n|switch|p1a: Gyarados|Gyarados, F|100\/100\n|-ability|p1a: Gyarados|Intimidate|boost\n|-unboost|p2a: Ursaring|atk|1\n|move|p2a: Ursaring|Facade|p1a: Gyarados\n|-damage|p1a: Gyarados|36\/100\n|\n|-heal|p1a: Gyarados|42\/100|[from] item: Leftovers\n|-damage|p2a: Ursaring|95\/100 brn|[from] brn\n|upkeep\n|turn|3\n|inactive|Battle timer is ON: inactive players will automatically lose when time's up. (requested by Tekt)\n|\n|t:|1649895774\n|move|p1a: Gyarados|Substitute|p1a: Gyarados\n|-start|p1a: Gyarados|Substitute\n|-damage|p1a: Gyarados|17\/100\n|move|p2a: Ursaring|Swords Dance|p2a: Ursaring\n|-boost|p2a: Ursaring|atk|2\n|\n|-heal|p1a: Gyarados|23\/100|[from] item: Leftovers\n|-damage|p2a: Ursaring|89\/100 brn|[from] brn\n|upkeep\n|turn|4\n|\n|t:|1649895778\n|move|p1a: Gyarados|Waterfall|p2a: Ursaring\n|-damage|p2a: Ursaring|44\/100 brn\n|cant|p2a: Ursaring|flinch\n|\n|-heal|p1a: Gyarados|30\/100|[from] item: Leftovers\n|-damage|p2a: Ursaring|38\/100 brn|[from] brn\n|upkeep\n|turn|5\n|\n|t:|1649895784\n|switch|p2a: Azumarill|Azumarill, F|100\/100\n|move|p1a: Gyarados|Waterfall|p2a: Azumarill\n|-resisted|p2a: Azumarill\n|-crit|p2a: Azumarill\n|-damage|p2a: Azumarill|74\/100\n|\n|-heal|p1a: Gyarados|36\/100|[from] item: Leftovers\n|upkeep\n|turn|6\n|\n|t:|1649895790\n|move|p1a: Gyarados|Thunder Wave|p2a: Azumarill\n|-status|p2a: Azumarill|par\n|move|p2a: Azumarill|Waterfall|p1a: Gyarados\n|-resisted|p1a: Gyarados\n|-activate|p1a: Gyarados|move: Substitute|[damage]\n|\n|-heal|p1a: Gyarados|42\/100|[from] item: Leftovers\n|upkeep\n|turn|7\n|\n|t:|1649895800\n|move|p2a: Azumarill|Aqua Jet|p1a: Gyarados\n|-resisted|p1a: Gyarados\n|-end|p1a: Gyarados|Substitute\n|move|p1a: Gyarados|Dragon Dance|p1a: Gyarados\n|-boost|p1a: Gyarados|atk|1\n|-boost|p1a: Gyarados|spe|1\n|\n|-heal|p1a: Gyarados|48\/100|[from] item: Leftovers\n|upkeep\n|turn|8\n|\n|t:|1649895804\n|move|p1a: Gyarados|Substitute|p1a: Gyarados\n|-start|p1a: Gyarados|Substitute\n|-damage|p1a: Gyarados|23\/100\n|move|p2a: Azumarill|Play Rough|p1a: Gyarados\n|-end|p1a: Gyarados|Substitute\n|\n|-heal|p1a: Gyarados|29\/100|[from] item: Leftovers\n|upkeep\n|turn|9\n|\n|t:|1649895809\n|switch|p1a: Arcanine|Arcanine, M|100\/100\n|-ability|p1a: Arcanine|Intimidate|boost\n|-unboost|p2a: Azumarill|atk|1\n|cant|p2a: Azumarill|par\n|\n|upkeep\n|turn|10\n|\n|t:|1649895815\n|switch|p1a: Gyarados|Gyarados, F|29\/100\n|-ability|p1a: Gyarados|Intimidate|boost\n|-unboost|p2a: Azumarill|atk|1\n|switch|p2a: Starmie|Starmie|100\/100\n|\n|-heal|p1a: Gyarados|35\/100|[from] item: Leftovers\n|upkeep\n|turn|11\n|\n|t:|1649895829\n|move|p2a: Starmie|Thunderbolt|p1a: Gyarados\n|-supereffective|p1a: Gyarados\n|-damage|p1a: Gyarados|0 fnt\n|faint|p1a: Gyarados\n|-damage|p2a: Starmie|91\/100|[from] item: Life Orb\n|\n|upkeep\n|\n|t:|1649895840\n|switch|p1a: Blissey|Blissey, F|100\/100\n|turn|12\n|\n|t:|1649895845\n|switch|p2a: Ursaring|Ursaring, F|38\/100 brn\n|move|p1a: Blissey|Seismic Toss|p2a: Ursaring\n|-damage|p2a: Ursaring|10\/100 brn\n|\n|-damage|p2a: Ursaring|4\/100 brn|[from] brn\n|upkeep\n|turn|13\n|\n|t:|1649895850\n|switch|p1a: Arcanine|Arcanine, M|100\/100\n|-ability|p1a: Arcanine|Intimidate|boost\n|-unboost|p2a: Ursaring|atk|1\n|move|p2a: Ursaring|Facade|p1a: Arcanine\n|-damage|p1a: Arcanine|42\/100\n|\n|-heal|p1a: Arcanine|48\/100|[from] item: Leftovers\n|-damage|p2a: Ursaring|0 fnt|[from] brn\n|faint|p2a: Ursaring\n|upkeep\n|\n|t:|1649895863\n|switch|p2a: Azumarill|Azumarill, F|74\/100 par\n|turn|14\n|\n|t:|1649895874\n|switch|p1a: Togekiss|Togekiss, F|100\/100\n|cant|p2a: Azumarill|par\n|\n|upkeep\n|turn|15\n|\n|t:|1649895882\n|switch|p2a: Rotom|Rotom-Mow|100\/100\n|move|p1a: Togekiss|Substitute|p1a: Togekiss\n|-start|p1a: Togekiss|Substitute\n|-damage|p1a: Togekiss|76\/100\n|\n|-heal|p1a: Togekiss|82\/100|[from] item: Leftovers\n|upkeep\n|turn|16\n|\n|t:|1649895885\n|move|p2a: Rotom|Volt Switch|p1a: Togekiss\n|-supereffective|p1a: Togekiss\n|-end|p1a: Togekiss|Substitute\n|\n|t:|1649895889\n|switch|p2a: Jirachi|Jirachi|100\/100|[from]move: Volt Switch\n|move|p1a: Togekiss|Air Slash|p2a: Jirachi\n|-resisted|p2a: Jirachi\n|-damage|p2a: Jirachi|89\/100\n|\n|-heal|p2a: Jirachi|95\/100|[from] item: Leftovers\n|-heal|p1a: Togekiss|88\/100|[from] item: Leftovers\n|upkeep\n|turn|17\n|\n|t:|1649895895\n|move|p2a: Jirachi|Doom Desire|p1a: Togekiss\n|-start|p2a: Jirachi|Doom Desire\n|move|p1a: Togekiss|Thunder Wave|p2a: Jirachi\n|-status|p2a: Jirachi|par\n|\n|-heal|p1a: Togekiss|94\/100|[from] item: Leftovers\n|-heal|p2a: Jirachi|100\/100 par|[from] item: Leftovers\n|upkeep\n|turn|18\n|\n|t:|1649895903\n|move|p1a: Togekiss|Substitute|p1a: Togekiss\n|-start|p1a: Togekiss|Substitute\n|-damage|p1a: Togekiss|69\/100\n|move|p2a: Jirachi|Psychic|p1a: Togekiss\n|-crit|p1a: Togekiss\n|-end|p1a: Togekiss|Substitute\n|\n|-heal|p1a: Togekiss|75\/100|[from] item: Leftovers\n|upkeep\n|turn|19\n|\n|t:|1649895913\n|switch|p1a: Blissey|Blissey, F|100\/100\n|move|p2a: Jirachi|Trick Room|p2a: Jirachi\n|-fieldstart|move: Trick Room|[of] p2a: Jirachi\n|\n|-end|p1a: Blissey|move: Doom Desire\n|-damage|p1a: Blissey|83\/100\n|-heal|p1a: Blissey|90\/100|[from] item: Leftovers\n|upkeep\n|turn|20\n|\n|t:|1649895923\n|move|p2a: Jirachi|U-turn|p1a: Blissey\n|-damage|p1a: Blissey|75\/100\n|\n|t:|1649895927\n|switch|p2a: Donphan|Donphan, M|100\/100|[from]move: U-turn\n|move|p1a: Blissey|Seismic Toss|p2a: Donphan\n|-damage|p2a: Donphan|73\/100\n|\n|-heal|p1a: Blissey|82\/100|[from] item: Leftovers\n|-heal|p2a: Donphan|80\/100|[from] item: Leftovers\n|upkeep\n|turn|21\n|\n|t:|1649895934\n|switch|p1a: Gliscor|Gliscor, F|100\/100\n|move|p2a: Donphan|Stealth Rock|p1a: Gliscor\n|-sidestart|p1: Tekt|move: Stealth Rock\n|\n|-heal|p2a: Donphan|86\/100|[from] item: Leftovers\n|-status|p1a: Gliscor|tox|[from] item: Toxic Orb\n|upkeep\n|turn|22\n|\n|t:|1649895939\n|move|p2a: Donphan|Ice Shard|p1a: Gliscor\n|-supereffective|p1a: Gliscor\n|-damage|p1a: Gliscor|63\/100 tox\n|move|p1a: Gliscor|Knock Off|p2a: Donphan\n|-damage|p2a: Donphan|68\/100\n|-enditem|p2a: Donphan|Leftovers|[from] move: Knock Off|[of] p1a: Gliscor\n|\n|-heal|p1a: Gliscor|75\/100 tox|[from] ability: Poison Heal\n|upkeep\n|turn|23\n|\n|t:|1649895945\n|switch|p2a: Azumarill|Azumarill, F|74\/100 par\n|move|p1a: Gliscor|Defog|p2a: Azumarill\n|-unboost|p2a: Azumarill|evasion|1\n|-sideend|p1: Tekt|Stealth Rock|[from] move: Defog|[of] p1a: Gliscor\n|\n|-heal|p1a: Gliscor|87\/100 tox|[from] ability: Poison Heal\n|-fieldend|move: Trick Room\n|upkeep\n|turn|24\n|\n|t:|1649895959\n|move|p1a: Gliscor|Knock Off|p2a: Azumarill\n|-resisted|p2a: Azumarill\n|-damage|p2a: Azumarill|64\/100 par\n|-enditem|p2a: Azumarill|Sitrus Berry|[from] move: Knock Off|[of] p1a: Gliscor\n|move|p2a: Azumarill|Waterfall|p1a: Gliscor\n|-supereffective|p1a: Gliscor\n|-damage|p1a: Gliscor|25\/100 tox\n|\n|-heal|p1a: Gliscor|37\/100 tox|[from] ability: Poison Heal\n|upkeep\n|turn|25\n|\n|t:|1649895969\n|switch|p1a: Starmie|Starmie, shiny|100\/100\n|move|p2a: Azumarill|Waterfall|p1a: Starmie\n|-resisted|p1a: Starmie\n|-damage|p1a: Starmie|60\/100\n|\n|upkeep\n|turn|26\n|\n|t:|1649895981\n|switch|p2a: Jirachi|Jirachi|100\/100 par\n|move|p1a: Starmie|Hydro Pump|p2a: Jirachi\n|-damage|p2a: Jirachi|62\/100 par\n|\n|-heal|p2a: Jirachi|68\/100 par|[from] item: Leftovers\n|upkeep\n|turn|27\n|\n|t:|1649895988\n|switch|p1a: Gliscor|Gliscor, F|37\/100 tox\n|move|p2a: Jirachi|U-turn|p1a: Gliscor\n|-resisted|p1a: Gliscor\n|-damage|p1a: Gliscor|33\/100 tox\n|\n|t:|1649895996\n|switch|p2a: Starmie|Starmie|91\/100|[from]move: U-turn\n|\n|-heal|p1a: Gliscor|45\/100 tox|[from] ability: Poison Heal\n|upkeep\n|turn|28\n|\n|t:|1649896003\n|switch|p2a: Donphan|Donphan, M|68\/100\n|switch|p1a: Blissey|Blissey, F|82\/100\n|\n|-heal|p1a: Blissey|88\/100|[from] item: Leftovers\n|upkeep\n|turn|29\n|\n|t:|1649896008\n|switch|p1a: Arcanine|Arcanine, M|48\/100\n|-ability|p1a: Arcanine|Intimidate|boost\n|-unboost|p2a: Donphan|atk|1\n|move|p2a: Donphan|Stealth Rock|p1a: Arcanine\n|-sidestart|p1: Tekt|move: Stealth Rock\n|\n|-heal|p1a: Arcanine|54\/100|[from] item: Leftovers\n|upkeep\n|turn|30\n|\n|t:|1649896018\n|switch|p2a: Azumarill|Azumarill, F|64\/100 par\n|move|p1a: Arcanine|Will-O-Wisp||[still]\n|-fail|p1a: Arcanine\n|\n|-heal|p1a: Arcanine|60\/100|[from] item: Leftovers\n|upkeep\n|turn|31\n|\n|t:|1649896047\n|switch|p1a: Gliscor|Gliscor, F|45\/100 tox\n|-damage|p1a: Gliscor|33\/100 tox|[from] Stealth Rock\n|move|p2a: Azumarill|Waterfall|p1a: Gliscor\n|-supereffective|p1a: Gliscor\n|-damage|p1a: Gliscor|0 fnt\n|faint|p1a: Gliscor\n|\n|upkeep\n|\n|t:|1649896049\n|switch|p1a: Starmie|Starmie, shiny|60\/100\n|-damage|p1a: Starmie|48\/100|[from] Stealth Rock\n|turn|32\n|\n|t:|1649896060\n|switch|p2a: Rotom|Rotom-Mow|100\/100\n|move|p1a: Starmie|Rapid Spin|p2a: Rotom\n|-damage|p2a: Rotom|86\/100\n|-boost|p1a: Starmie|spe|1\n|-sideend|p1: Tekt|Stealth Rock|[from] move: Rapid Spin|[of] p1a: Starmie\n|\n|upkeep\n|turn|33\n|\n|t:|1649896067\n|switch|p1a: Blissey|Blissey, F|88\/100\n|switch|p2a: Jirachi|Jirachi|68\/100 par\n|\n|-heal|p1a: Blissey|94\/100|[from] item: Leftovers\n|-heal|p2a: Jirachi|74\/100 par|[from] item: Leftovers\n|upkeep\n|turn|34\n|\n|t:|1649896073\n|move|p1a: Blissey|Stealth Rock|p2a: Jirachi\n|-sidestart|p2: Hgfhhfghfff|move: Stealth Rock\n|move|p2a: Jirachi|Trick Room|p2a: Jirachi\n|-fieldstart|move: Trick Room|[of] p2a: Jirachi\n|\n|-heal|p2a: Jirachi|80\/100 par|[from] item: Leftovers\n|-heal|p1a: Blissey|99\/100|[from] item: Leftovers\n|upkeep\n|turn|35\n|\n|t:|1649896080\n|switch|p1a: Arcanine|Arcanine, M|60\/100\n|-ability|p1a: Arcanine|Intimidate|boost\n|-unboost|p2a: Jirachi|atk|1\n|move|p2a: Jirachi|U-turn|p1a: Arcanine\n|-resisted|p1a: Arcanine\n|-damage|p1a: Arcanine|56\/100\n|\n|t:|1649896092\n|switch|p2a: Donphan|Donphan, M|68\/100|[from]move: U-turn\n|-damage|p2a: Donphan|62\/100|[from] Stealth Rock\n|\n|-heal|p1a: Arcanine|62\/100|[from] item: Leftovers\n|upkeep\n|turn|36\n|\n|t:|1649896096\n|switch|p1a: Togekiss|Togekiss, F|75\/100\n|move|p2a: Donphan|Earthquake|p1a: Togekiss\n|-immune|p1a: Togekiss\n|\n|-heal|p1a: Togekiss|81\/100|[from] item: Leftovers\n|upkeep\n|turn|37\n|\n|t:|1649896101\n|move|p2a: Donphan|Rapid Spin|p1a: Togekiss\n|-damage|p1a: Togekiss|63\/100\n|-boost|p2a: Donphan|spe|1\n|-sideend|p2: Hgfhhfghfff|Stealth Rock|[from] move: Rapid Spin|[of] p2a: Donphan\n|move|p1a: Togekiss|Substitute|p1a: Togekiss\n|-start|p1a: Togekiss|Substitute\n|-damage|p1a: Togekiss|38\/100\n|\n|-heal|p1a: Togekiss|44\/100|[from] item: Leftovers\n|upkeep\n|turn|38\n|\n|t:|1649896105\n|move|p2a: Donphan|Ice Shard|p1a: Togekiss\n|-supereffective|p1a: Togekiss\n|-end|p1a: Togekiss|Substitute\n|move|p1a: Togekiss|Air Slash|p2a: Donphan\n|-damage|p2a: Donphan|8\/100\n|\n|-heal|p1a: Togekiss|50\/100|[from] item: Leftovers\n|-fieldend|move: Trick Room\n|upkeep\n|turn|39\n|\n|t:|1649896110\n|switch|p1a: Starmie|Starmie, shiny|48\/100\n|move|p2a: Donphan|Stealth Rock|p1a: Starmie\n|-sidestart|p1: Tekt|move: Stealth Rock\n|\n|upkeep\n|turn|40\n|\n|t:|1649896116\n|move|p1a: Starmie|Rapid Spin|p2a: Donphan\n|-damage|p2a: Donphan|1\/100\n|-boost|p1a: Starmie|spe|1\n|-sideend|p1: Tekt|Stealth Rock|[from] move: Rapid Spin|[of] p1a: Starmie\n|move|p2a: Donphan|Earthquake|p1a: Starmie\n|-damage|p1a: Starmie|0 fnt\n|faint|p1a: Starmie\n|\n|upkeep\n|\n|t:|1649896119\n|switch|p1a: Arcanine|Arcanine, M|62\/100\n|-ability|p1a: Arcanine|Intimidate|boost\n|-unboost|p2a: Donphan|atk|1\n|turn|41\n|\n|t:|1649896125\n|switch|p2a: Starmie|Starmie|91\/100\n|move|p1a: Arcanine|Extreme Speed|p2a: Starmie\n|-damage|p2a: Starmie|60\/100\n|\n|-heal|p1a: Arcanine|68\/100|[from] item: Leftovers\n|upkeep\n|turn|42\n|\n|t:|1649896132\n|switch|p2a: Donphan|Donphan, M|1\/100\n|switch|p1a: Blissey|Blissey, F|99\/100\n|\n|-heal|p1a: Blissey|100\/100|[from] item: Leftovers\n|upkeep\n|turn|43\n|\n|t:|1649896137\n|move|p2a: Donphan|Stealth Rock|p1a: Blissey\n|-sidestart|p1: Tekt|move: Stealth Rock\n|move|p1a: Blissey|Seismic Toss|p2a: Donphan\n|-damage|p2a: Donphan|0 fnt\n|faint|p2a: Donphan\n|\n|upkeep\n|\n|t:|1649896153\n|switch|p2a: Azumarill|Azumarill, F|64\/100 par\n|turn|44\n|\n|t:|1649896158\n|move|p1a: Blissey|Seismic Toss|p2a: Azumarill\n|-damage|p2a: Azumarill|38\/100 par\n|move|p2a: Azumarill|Waterfall|p1a: Blissey\n|-crit|p1a: Blissey\n|-damage|p1a: Blissey|25\/100\n|\n|-heal|p1a: Blissey|31\/100|[from] item: Leftovers\n|upkeep\n|turn|45\n|\n|t:|1649896167\n|move|p1a: Blissey|Soft-Boiled|p1a: Blissey\n|-heal|p1a: Blissey|81\/100\n|move|p2a: Azumarill|Waterfall|p1a: Blissey\n|-damage|p1a: Blissey|34\/100\n|\n|-heal|p1a: Blissey|40\/100|[from] item: Leftovers\n|upkeep\n|turn|46\n|\n|t:|1649896174\n|switch|p2a: Rotom|Rotom-Mow|86\/100\n|move|p1a: Blissey|Soft-Boiled|p1a: Blissey\n|-heal|p1a: Blissey|90\/100\n|\n|-heal|p1a: Blissey|96\/100|[from] item: Leftovers\n|upkeep\n|turn|47\n|\n|t:|1649896181\n|switch|p1a: Arcanine|Arcanine, M|68\/100\n|-damage|p1a: Arcanine|43\/100|[from] Stealth Rock\n|-ability|p1a: Arcanine|Intimidate|boost\n|-unboost|p2a: Rotom|atk|1\n|move|p2a: Rotom|Trick|p1a: Arcanine\n|-activate|p2a: Rotom|move: Trick|[of] p1a: Arcanine\n|-item|p1a: Arcanine|Choice Scarf|[from] move: Trick\n|-item|p2a: Rotom|Leftovers|[from] move: Trick\n|\n|-heal|p2a: Rotom|92\/100|[from] item: Leftovers\n|upkeep\n|turn|48\n|\n|t:|1649896193\n|switch|p2a: Starmie|Starmie|60\/100\n|move|p1a: Arcanine|Flare Blitz|p2a: Starmie\n|-resisted|p2a: Starmie\n|-crit|p2a: Starmie\n|-damage|p2a: Starmie|10\/100\n|-damage|p1a: Arcanine|32\/100|[from] Recoil\n|\n|upkeep\n|turn|49\n|\n|t:|1649896202\n|move|p2a: Starmie|Recover|p2a: Starmie\n|-heal|p2a: Starmie|61\/100\n|move|p1a: Arcanine|Flare Blitz|p2a: Starmie\n|-resisted|p2a: Starmie\n|-damage|p2a: Starmie|30\/100\n|-damage|p1a: Arcanine|25\/100|[from] Recoil\n|\n|upkeep\n|turn|50\n|\n|t:|1649896211\n|move|p2a: Starmie|Recover|p2a: Starmie\n|-heal|p2a: Starmie|80\/100\n|move|p1a: Arcanine|Flare Blitz|p2a: Starmie\n|-resisted|p2a: Starmie\n|-damage|p2a: Starmie|45\/100\n|-damage|p1a: Arcanine|17\/100|[from] Recoil\n|\n|upkeep\n|turn|51\n|\n|t:|1649896216\n|switch|p1a: Blissey|Blissey, F|96\/100\n|-damage|p1a: Blissey|83\/100|[from] Stealth Rock\n|move|p2a: Starmie|Recover|p2a: Starmie\n|-heal|p2a: Starmie|95\/100\n|\n|-heal|p1a: Blissey|90\/100|[from] item: Leftovers\n|upkeep\n|turn|52\n|\n|t:|1649896228\n|switch|p2a: Jirachi|Jirachi|80\/100 par\n|move|p1a: Blissey|Stealth Rock|p2a: Jirachi\n|-sidestart|p2: Hgfhhfghfff|move: Stealth Rock\n|\n|-heal|p1a: Blissey|96\/100|[from] item: Leftovers\n|-heal|p2a: Jirachi|86\/100 par|[from] item: Leftovers\n|upkeep\n|turn|53\n|\n|t:|1649896235\n|move|p1a: Blissey|Seismic Toss|p2a: Jirachi\n|-damage|p2a: Jirachi|61\/100 par\n|move|p2a: Jirachi|Psychic|p1a: Blissey\n|-damage|p1a: Blissey|85\/100\n|-unboost|p1a: Blissey|spd|1\n|\n|-heal|p1a: Blissey|92\/100|[from] item: Leftovers\n|-heal|p2a: Jirachi|67\/100 par|[from] item: Leftovers\n|upkeep\n|turn|54\n|\n|t:|1649896243\n|move|p1a: Blissey|Seismic Toss|p2a: Jirachi\n|-damage|p2a: Jirachi|42\/100 par\n|move|p2a: Jirachi|Doom Desire|p1a: Blissey\n|-start|p2a: Jirachi|Doom Desire\n|\n|-heal|p1a: Blissey|98\/100|[from] item: Leftovers\n|-heal|p2a: Jirachi|48\/100 par|[from] item: Leftovers\n|upkeep\n|turn|55\n|\n|t:|1649896247\n|move|p1a: Blissey|Seismic Toss|p2a: Jirachi\n|-damage|p2a: Jirachi|22\/100 par\n|cant|p2a: Jirachi|par\n|\n|-heal|p1a: Blissey|100\/100|[from] item: Leftovers\n|-heal|p2a: Jirachi|28\/100 par|[from] item: Leftovers\n|upkeep\n|turn|56\n|\n|t:|1649896253\n|switch|p1a: Arcanine|Arcanine, M|17\/100\n|-damage|p1a: Arcanine|0 fnt|[from] Stealth Rock\n|faint|p1a: Arcanine\n|cant|p2a: Jirachi|par\n|\n|-hint|Doom Desire did not hit because the target is fainted.\n|-heal|p2a: Jirachi|35\/100 par|[from] item: Leftovers\n|upkeep\n|\n|t:|1649896257\n|switch|p1a: Togekiss|Togekiss, F|50\/100\n|-damage|p1a: Togekiss|25\/100|[from] Stealth Rock\n|turn|57\n|\n|t:|1649896264\n|move|p1a: Togekiss|Air Slash|p2a: Jirachi|[miss]\n|-miss|p1a: Togekiss|p2a: Jirachi\n|move|p2a: Jirachi|Trick Room|p2a: Jirachi\n|-fieldstart|move: Trick Room|[of] p2a: Jirachi\n|\n|-heal|p2a: Jirachi|41\/100 par|[from] item: Leftovers\n|-heal|p1a: Togekiss|31\/100|[from] item: Leftovers\n|upkeep\n|turn|58\n|\n|t:|1649896270\n|move|p2a: Jirachi|Psychic|p1a: Togekiss\n|-damage|p1a: Togekiss|6\/100\n|-unboost|p1a: Togekiss|spd|1\n|move|p1a: Togekiss|Substitute|p1a: Togekiss\n|-fail|p1a: Togekiss|move: Substitute|[weak]\n|\n|-heal|p2a: Jirachi|47\/100 par|[from] item: Leftovers\n|-heal|p1a: Togekiss|13\/100|[from] item: Leftovers\n|upkeep\n|turn|59\n|\n|t:|1649896275\n|cant|p2a: Jirachi|par\n|move|p1a: Togekiss|Air Slash|p2a: Jirachi\n|-resisted|p2a: Jirachi\n|-damage|p2a: Jirachi|34\/100 par\n|\n|-heal|p2a: Jirachi|40\/100 par|[from] item: Leftovers\n|-heal|p1a: Togekiss|19\/100|[from] item: Leftovers\n|upkeep\n|turn|60\n|\n|t:|1649896278\n|cant|p2a: Jirachi|par\n|move|p1a: Togekiss|Aura Sphere|p2a: Jirachi\n|-damage|p2a: Jirachi|22\/100 par\n|\n|-heal|p2a: Jirachi|28\/100 par|[from] item: Leftovers\n|-heal|p1a: Togekiss|25\/100|[from] item: Leftovers\n|upkeep\n|turn|61\n|\n|t:|1649896285\n|cant|p2a: Jirachi|par\n|move|p1a: Togekiss|Aura Sphere|p2a: Jirachi\n|-damage|p2a: Jirachi|11\/100 par\n|\n|-heal|p2a: Jirachi|17\/100 par|[from] item: Leftovers\n|-heal|p1a: Togekiss|31\/100|[from] item: Leftovers\n|-fieldend|move: Trick Room\n|upkeep\n|turn|62\n|\n|t:|1649896288\n|move|p1a: Togekiss|Aura Sphere|p2a: Jirachi\n|-damage|p2a: Jirachi|0 fnt\n|faint|p2a: Jirachi\n|\n|-heal|p1a: Togekiss|37\/100|[from] item: Leftovers\n|upkeep\n|\n|t:|1649896294\n|switch|p2a: Rotom|Rotom-Mow|92\/100\n|-damage|p2a: Rotom|79\/100|[from] Stealth Rock\n|turn|63\n|\n|t:|1649896300\n|switch|p1a: Blissey|Blissey, F|100\/100\n|-damage|p1a: Blissey|88\/100|[from] Stealth Rock\n|move|p2a: Rotom|Volt Switch|p1a: Blissey\n|-crit|p1a: Blissey\n|-damage|p1a: Blissey|73\/100\n|\n|t:|1649896310\n|switch|p2a: Azumarill|Azumarill, F|38\/100 par|[from]move: Volt Switch\n|-damage|p2a: Azumarill|25\/100 par|[from] Stealth Rock\n|\n|-heal|p1a: Blissey|79\/100|[from] item: Leftovers\n|upkeep\n|turn|64\n|\n|t:|1649896314\n|move|p1a: Blissey|Seismic Toss|p2a: Azumarill\n|-damage|p2a: Azumarill|0 fnt\n|faint|p2a: Azumarill\n|\n|-heal|p1a: Blissey|85\/100|[from] item: Leftovers\n|upkeep\n|inactiveoff|Battle timer is now OFF.\n|inactive|Battle timer is ON: inactive players will automatically lose when time's up. (requested by Tekt)\n|inactive|Hgfhhfghfff has 120 seconds left.\n|inactive|Hgfhhfghfff has 90 seconds left.\n|inactive|Hgfhhfghfff has 60 seconds left.\n|inactive|Hgfhhfghfff has 30 seconds left.\n|inactive|Hgfhhfghfff has 20 seconds left.\n|inactive|Hgfhhfghfff has 15 seconds left.\n|inactive|Hgfhhfghfff has 10 seconds left.\n|inactive|Hgfhhfghfff has 5 seconds left.\n|-message|Hgfhhfghfff lost due to inactivity.\n|\n|win|Tekt\n|raw|Tekt's rating: 1513 &rarr; <strong>1534<\/strong><br \/>(+21 for winning)\n|raw|Hgfhhfghfff's rating: 1536 &rarr; <strong>1515<\/strong><br \/>(-21 for losing)\n","uploadtime":1649896540,"views":5,"p1id":"tekt","p2id":"hgfhhfghfff","formatid":"gen8bdspou","rating":1515,"private":0,"password":null}