{"id":"gen8nationaldex-1354567462","p1":"kazt 5","p2":"skimmythegod","format":"gen8nationaldex","log":"|j|\u2606kazt 5\n|j|\u2606skimmythegod\n|inactive|Battle timer is ON: inactive players will automatically lose when time's up.\n|t:|1623061641\n|gametype|singles\n|player|p1|kazt 5|dawn|\n|player|p2|skimmythegod|ghetsis|\n|teamsize|p1|6\n|teamsize|p2|6\n|gen|8\n|tier|[Gen 8] National Dex\n|rated|Tournament battle\n|rule|HP Percentage Mod: HP is shown in percentages\n|rule|Endless Battle Clause: Forcing endless battles is banned\n|rule|OHKO Clause: OHKO moves are banned\n|rule|Evasion Moves Clause: Evasion moves are banned\n|rule|Species Clause: Limit one of each Pok\u00e9mon\n|rule|Dynamax Clause: You cannot dynamax\n|rule|Sleep Clause Mod: Limit one foe put to sleep\n|clearpoke\n|poke|p1|Mawile, M|\n|poke|p1|Rillaboom, M|\n|poke|p1|Toxapex, M|\n|poke|p1|Heatran, M|\n|poke|p1|Zapdos|\n|poke|p1|Landorus-Therian, M|\n|poke|p2|Quagsire, F|\n|poke|p2|Clefable, M|\n|poke|p2|Chansey, F|\n|poke|p2|Sableye, F|\n|poke|p2|Corviknight, M|\n|poke|p2|Shedinja|\n|teampreview\n|j| Nowno\n|c|\u2606skimmythegod|hf\n|j| Freeby\n|c|\u2606kazt 5|u2\n|j| jerryl309\n|l| Nowno\n|\n|t:|1623061670\n|start\n|switch|p1a: Landorus|Landorus-Therian, M|100\/100\n|switch|p2a: Sableye|Sableye, F|100\/100\n|-ability|p1a: Landorus|Intimidate|boost\n|-unboost|p2a: Sableye|atk|1\n|turn|1\n|\n|t:|1623061676\n|switch|p1a: Heatran|Heatran, M|100\/100\n|move|p2a: Sableye|Will-O-Wisp|p1a: Heatran\n|-start|p1a: Heatran|ability: Flash Fire\n|\n|upkeep\n|turn|2\n|\n|t:|1623061681\n|detailschange|p2a: Sableye|Sableye-Mega, F\n|-mega|p2a: Sableye|Sableye|Sablenite\n|move|p2a: Sableye|Protect|p2a: Sableye\n|-singleturn|p2a: Sableye|Protect\n|move|p1a: Heatran|Magma Storm|p2a: Sableye\n|-activate|p2a: Sableye|move: Protect\n|\n|upkeep\n|turn|3\n|j| Youmetfill\n|\n|t:|1623061690\n|switch|p2a: Quagsire|Quagsire, F|100\/100\n|move|p1a: Heatran|Toxic|p2a: Quagsire\n|-status|p2a: Quagsire|tox\n|\n|-damage|p2a: Quagsire|94\/100 tox|[from] psn\n|upkeep\n|turn|4\n|\n|t:|1623061696\n|-end|p1a: Heatran|ability: Flash Fire|[silent]\n|switch|p1a: Rillaboom|Rillaboom, M|100\/100\n|-fieldstart|move: Grassy Terrain|[from] ability: Grassy Surge|[of] p1a: Rillaboom\n|move|p2a: Quagsire|Earthquake|p1a: Rillaboom\n|-resisted|p1a: Rillaboom\n|-damage|p1a: Rillaboom|92\/100\n|\n|-heal|p1a: Rillaboom|98\/100|[from] Grassy Terrain\n|-heal|p2a: Quagsire|100\/100 tox|[from] Grassy Terrain\n|-damage|p2a: Quagsire|88\/100 tox|[from] psn\n|upkeep\n|turn|5\n|\n|t:|1623061701\n|switch|p2a: Corviknight|Corviknight, M|100\/100\n|-ability|p2a: Corviknight|Pressure\n|move|p1a: Rillaboom|Knock Off|p2a: Corviknight\n|-damage|p2a: Corviknight|69\/100\n|-enditem|p2a: Corviknight|Leftovers|[from] move: Knock Off|[of] p1a: Rillaboom\n|\n|-heal|p1a: Rillaboom|100\/100|[from] Grassy Terrain\n|upkeep\n|turn|6\n|\n|t:|1623061707\n|switch|p1a: Zapdos|Zapdos|100\/100\n|switch|p2a: Chansey|Chansey, F|100\/100\n|\n|upkeep\n|turn|7\n|j| player 4691\n|\n|t:|1623061709\n|move|p1a: Zapdos|Volt Switch|p2a: Chansey\n|-damage|p2a: Chansey|92\/100\n|\n|t:|1623061712\n|switch|p1a: Mawile|Mawile, M|100\/100|[from]move: Volt Switch\n|-ability|p1a: Mawile|Intimidate|boost\n|-unboost|p2a: Chansey|atk|1\n|move|p2a: Chansey|Aromatherapy|p2a: Chansey\n|-activate|p2a: Chansey|move: Aromatherapy\n|-curestatus|p2: Quagsire|tox|[msg]\n|\n|-heal|p2a: Chansey|98\/100|[from] Grassy Terrain\n|upkeep\n|turn|8\n|\n|t:|1623061721\n|switch|p2a: Corviknight|Corviknight, M|69\/100\n|-ability|p2a: Corviknight|Pressure\n|detailschange|p1a: Mawile|Mawile-Mega, M\n|-mega|p1a: Mawile|Mawile|Mawilite\n|move|p1a: Mawile|Substitute|p1a: Mawile\n|-start|p1a: Mawile|Substitute\n|-damage|p1a: Mawile|75\/100\n|\n|-heal|p1a: Mawile|82\/100|[from] Grassy Terrain\n|-fieldend|move: Grassy Terrain\n|upkeep\n|turn|9\n|\n|t:|1623061727\n|-singleturn|p1a: Mawile|move: Focus Punch\n|switch|p2a: Shedinja|Shedinja|100\/100\n|move|p1a: Mawile|Focus Punch|p2a: Shedinja\n|-immune|p2a: Shedinja|[from] ability: Wonder Guard\n|\n|upkeep\n|turn|10\n|\n|t:|1623061734\n|switch|p2a: Corviknight|Corviknight, M|69\/100\n|-ability|p2a: Corviknight|Pressure\n|move|p1a: Mawile|Substitute|p1a: Mawile\n|-fail|p1a: Mawile|move: Substitute\n|\n|upkeep\n|turn|11\n|\n|t:|1623061741\n|move|p2a: Corviknight|Roost|p2a: Corviknight\n|-heal|p2a: Corviknight|100\/100\n|-singleturn|p2a: Corviknight|move: Roost\n|move|p1a: Mawile|Swords Dance|p1a: Mawile\n|-boost|p1a: Mawile|atk|2\n|\n|upkeep\n|turn|12\n|\n|t:|1623061745\n|-singleturn|p1a: Mawile|move: Focus Punch\n|switch|p2a: Shedinja|Shedinja|100\/100\n|move|p1a: Mawile|Focus Punch|p2a: Shedinja\n|-immune|p2a: Shedinja|[from] ability: Wonder Guard\n|\n|upkeep\n|turn|13\n|\n|t:|1623061749\n|move|p2a: Shedinja|Poltergeist|p1a: Mawile\n|-activate|p1a: Mawile|move: Poltergeist|Mawilite\n|-end|p1a: Mawile|Substitute\n|move|p1a: Mawile|Swords Dance|p1a: Mawile\n|-boost|p1a: Mawile|atk|2\n|\n|upkeep\n|turn|14\n|\n|t:|1623061755\n|switch|p1a: Heatran|Heatran, M|100\/100\n|move|p2a: Shedinja|Swords Dance|p2a: Shedinja\n|-boost|p2a: Shedinja|atk|2\n|\n|upkeep\n|turn|15\n|\n|t:|1623061761\n|switch|p2a: Quagsire|Quagsire, F|88\/100\n|move|p1a: Heatran|Stealth Rock|p2a: Quagsire\n|-sidestart|p2: skimmythegod|move: Stealth Rock\n|\n|-heal|p2a: Quagsire|94\/100|[from] item: Leftovers\n|upkeep\n|turn|16\n|\n|t:|1623061767\n|switch|p1a: Rillaboom|Rillaboom, M|100\/100\n|-fieldstart|move: Grassy Terrain|[from] ability: Grassy Surge|[of] p1a: Rillaboom\n|move|p2a: Quagsire|Scald|p1a: Rillaboom\n|-resisted|p1a: Rillaboom\n|-damage|p1a: Rillaboom|89\/100\n|\n|-heal|p1a: Rillaboom|95\/100|[from] Grassy Terrain\n|-heal|p2a: Quagsire|100\/100|[from] Grassy Terrain\n|upkeep\n|turn|17\n|\n|t:|1623061769\n|switch|p2a: Corviknight|Corviknight, M|100\/100\n|-damage|p2a: Corviknight|88\/100|[from] Stealth Rock\n|-ability|p2a: Corviknight|Pressure\n|move|p1a: Rillaboom|U-turn|p2a: Corviknight\n|-resisted|p2a: Corviknight\n|-damage|p2a: Corviknight|82\/100\n|\n|t:|1623061776\n|switch|p1a: Zapdos|Zapdos|100\/100|[from]move: U-turn\n|\n|upkeep\n|turn|18\n|\n|t:|1623061781\n|switch|p2a: Quagsire|Quagsire, F|100\/100\n|-damage|p2a: Quagsire|94\/100|[from] Stealth Rock\n|move|p1a: Zapdos|Volt Switch|p2a: Quagsire\n|-immune|p2a: Quagsire\n|\n|-heal|p2a: Quagsire|100\/100|[from] Grassy Terrain\n|upkeep\n|turn|19\n|\n|t:|1623061786\n|switch|p1a: Toxapex|Toxapex, M|100\/100\n|move|p2a: Quagsire|Scald|p1a: Toxapex\n|-resisted|p1a: Toxapex\n|-damage|p1a: Toxapex|94\/100\n|\n|-heal|p1a: Toxapex|99\/100|[from] Grassy Terrain\n|-heal|p1a: Toxapex|100\/100|[from] item: Black Sludge\n|upkeep\n|turn|20\n|\n|t:|1623061791\n|switch|p2a: Sableye|Sableye-Mega, F|100\/100\n|-damage|p2a: Sableye|88\/100|[from] Stealth Rock\n|move|p1a: Toxapex|Toxic|p2a: Sableye\n|move|p2a: Sableye|Toxic|p1a: Toxapex|[from]ability: Magic Bounce\n|-immune|p1a: Toxapex\n|\n|-heal|p2a: Sableye|94\/100|[from] Grassy Terrain\n|-fieldend|move: Grassy Terrain\n|upkeep\n|turn|21\n|\n|t:|1623061795\n|switch|p1a: Heatran|Heatran, M|100\/100\n|move|p2a: Sableye|Knock Off|p1a: Heatran\n|-damage|p1a: Heatran|76\/100\n|-enditem|p1a: Heatran|Leftovers|[from] move: Knock Off|[of] p2a: Sableye\n|\n|upkeep\n|turn|22\n|\n|t:|1623061799\n|move|p2a: Sableye|Protect|p2a: Sableye\n|-singleturn|p2a: Sableye|Protect\n|move|p1a: Heatran|Earth Power|p2a: Sableye\n|-activate|p2a: Sableye|move: Protect\n|\n|upkeep\n|turn|23\n|\n|t:|1623061806\n|move|p1a: Heatran|Magma Storm|p2a: Sableye|[miss]\n|-miss|p1a: Heatran|p2a: Sableye\n|move|p2a: Sableye|Recover|p2a: Sableye\n|-heal|p2a: Sableye|100\/100\n|\n|upkeep\n|turn|24\n|c|\u2606kazt 5|I dont want to play this\n|c|\u2606kazt 5|not rn\n|c|\u2606skimmythegod|ok\n|c|\u2606kazt 5|gl\n|-message|kazt 5 forfeited.\n|\n|win|skimmythegod\n|n|\u2606kazt 5|kazt5\n|n|\u2606skimmythegod|skimmythegod\n|n| Freeby|freeby\n|n| jerryl309|jerryl309\n|n| Youmetfill|youmetfill\n|n| player 4691|player4691\n","uploadtime":1623061830,"views":9,"p1id":"kazt5","p2id":"skimmythegod","formatid":"gen8nationaldex","rating":0,"private":0,"password":null}