{"id":"gen8anythinggoes-1689432233","p1":"aglt5txkukurpuwali","p2":"Ivyon","format":"gen8anythinggoes","log":"|raw|<div class=\"broadcast-blue\"><strong>This battle is required to be public due to a player having a name starting with 'aglt5tx'.<\/div>\n|j|\u2606aglt5txkukurpuwali\n|j|\u2606Ivyon\n|t:|1666174647\n|gametype|singles\n|player|p1|aglt5txkukurpuwali|102|1984\n|player|p2|Ivyon|blue-gen2|1849\n|teamsize|p1|6\n|teamsize|p2|6\n|gen|8\n|tier|[Gen 8] Anything Goes\n|rated|\n|rule|HP Percentage Mod: HP is shown in percentages\n|rule|Endless Battle Clause: Forcing endless battles is banned\n|clearpoke\n|poke|p1|Ditto|\n|poke|p1|Kyogre|\n|poke|p1|Ferrothorn, M|\n|poke|p1|Eternatus|\n|poke|p1|Yveltal|\n|poke|p1|Necrozma-Dusk-Mane|\n|poke|p2|Zacian-*|\n|poke|p2|Calyrex-Shadow|\n|poke|p2|Necrozma-Dusk-Mane|\n|poke|p2|Eternatus|\n|poke|p2|Ditto|\n|poke|p2|Yveltal|\n|teampreview\n|inactive|Battle timer is ON: inactive players will automatically lose when time's up. (requested by aglt5txkukurpuwali)\n|l|\u2606aglt5txkukurpuwali\n|inactive|aglt5txkukurpuwali disconnected and has a minute to reconnect!\n|player|p1|\n|j|\u2606aglt5txkukurpuwali\n|inactive|aglt5txkukurpuwali reconnected and has 120 seconds left.\n|player|p1|aglt5txkukurpuwali|102\n|\n|t:|1666174688\n|start\n|switch|p1a: Ditto|Ditto|100\/100\n|switch|p2a: Eternatus|Eternatus|100\/100\n|-ability|p2a: Eternatus|Pressure\n|-transform|p1a: Ditto|p2a: Eternatus|[from] ability: Imposter\n|-ability|p1a: Ditto|Pressure\n|turn|1\n|\n|t:|1666174704\n|switch|p1a: Kyogre|Kyogre|100\/100\n|-weather|RainDance|[from] ability: Drizzle|[of] p1a: Kyogre\n|move|p2a: Eternatus|Dynamax Cannon|p1a: Kyogre\n|-damage|p1a: Kyogre|64\/100\n|\n|-weather|RainDance|[upkeep]\n|-heal|p1a: Kyogre|70\/100|[from] item: Leftovers\n|upkeep\n|turn|2\n|\n|t:|1666174709\n|move|p2a: Eternatus|Meteor Beam||[still]\n|-prepare|p2a: Eternatus|Meteor Beam\n|-boost|p2a: Eternatus|spa|1\n|-enditem|p2a: Eternatus|Power Herb\n|-anim|p2a: Eternatus|Meteor Beam|p1a: Kyogre\n|-damage|p1a: Kyogre|25\/100\n|move|p1a: Kyogre|Roar|p2a: Eternatus\n|drag|p2a: Calyrex|Calyrex-Shadow|100\/100\n|-ability|p2a: Calyrex|As One\n|-ability|p2a: Calyrex|Unnerve\n|\n|-weather|RainDance|[upkeep]\n|-heal|p1a: Kyogre|31\/100|[from] item: Leftovers\n|upkeep\n|turn|3\n|\n|t:|1666174716\n|switch|p1a: Yveltal|Yveltal, shiny|100\/100\n|-ability|p1a: Yveltal|Dark Aura\n|move|p2a: Calyrex|Nasty Plot|p2a: Calyrex\n|-boost|p2a: Calyrex|spa|2\n|\n|-weather|RainDance|[upkeep]\n|upkeep\n|turn|4\n|\n|t:|1666174719\n|-start|p2a: Calyrex|Dynamax|\n|-heal|p2a: Calyrex|100\/100|[silent]\n|move|p2a: Calyrex|Max Starfall|p1a: Yveltal\n|-supereffective|p1a: Yveltal\n|-damage|p1a: Yveltal|6\/100\n|-fieldstart|move: Misty Terrain\n|move|p1a: Yveltal|U-turn|p2a: Calyrex\n|-damage|p2a: Calyrex|87\/100\n|\n|t:|1666174722\n|switch|p1a: Ditto|Ditto|100\/100|[from]move: U-turn\n|-transform|p1a: Ditto|p2a: Calyrex|[from] ability: Imposter\n|\n|-weather|RainDance|[upkeep]\n|upkeep\n|turn|5\n|\n|t:|1666174728\n|move|p2a: Calyrex|Max Guard|p2a: Calyrex\n|-singleturn|p2a: Calyrex|Max Guard\n|move|p1a: Ditto|Astral Barrage|p2a: Calyrex\n|-activate|p2a: Calyrex|move: Max Guard\n|\n|-weather|none\n|upkeep\n|turn|6\n|j| ddddddabai\n|\n|t:|1666174736\n|-end|p2a: Calyrex|Dynamax\n|-heal|p2a: Calyrex|87\/100|[silent]\n|switch|p2a: Ditto|Ditto|100\/100\n|-start|p1a: Ditto|Dynamax|\n|-heal|p1a: Ditto|100\/100|[silent]\n|move|p1a: Ditto|Max Starfall|p2a: Ditto\n|-damage|p2a: Ditto|0 fnt\n|faint|p2a: Ditto\n|-ability|p1a: Ditto|Grim Neigh|boost\n|-boost|p1a: Ditto|spa|1\n|\n|upkeep\n|\n|t:|1666174744\n|switch|p2a: Yveltal|Yveltal|100\/100\n|-ability|p2a: Yveltal|Dark Aura\n|turn|7\n|\n|t:|1666174751\n|move|p1a: Ditto|Max Guard|p1a: Ditto\n|-singleturn|p1a: Ditto|Max Guard\n|move|p2a: Yveltal|Sucker Punch||[still]\n|-fail|p2a: Yveltal\n|\n|upkeep\n|turn|8\n|\n|t:|1666174756\n|move|p1a: Ditto|Max Starfall|p2a: Yveltal\n|-supereffective|p2a: Yveltal\n|-damage|p2a: Yveltal|0 fnt\n|faint|p2a: Yveltal\n|-ability|p1a: Ditto|Grim Neigh|boost\n|-boost|p1a: Ditto|spa|1\n|\n|-fieldend|Misty Terrain\n|upkeep\n|-message|Ivyon forfeited.\n|\n|win|aglt5txkukurpuwali\n|raw|aglt5txkukurpuwali's rating: 1984 &rarr; <strong>1997<\/strong><br \/>(+13 for winning)\n|raw|Ivyon's rating: 1849 &rarr; <strong>1836<\/strong><br \/>(-13 for losing)\n|l|\u2606Ivyon\n","uploadtime":1666174773,"views":29,"p1id":"aglt5txkukurpuwali","p2id":"ivyon","formatid":"gen8anythinggoes","rating":1836,"private":0,"password":null}