{"id":"gen8ou-1626856405","p1":"LT91BB BBats","p2":"Maverick shooters","format":"gen8ou","log":"|raw|<div class=\"broadcast-blue\"><strong>This battle is required to be public due to a player having a name starting with 'lt91bb'.<\/div>\n|j|\u2606LT91BB BBats\n|j|\u2606Maverick shooters\n|t:|1658982046\n|gametype|singles\n|player|p1|LT91BB BBats|n|1737\n|player|p2|Maverick shooters|102|1804\n|teamsize|p1|6\n|teamsize|p2|6\n|gen|8\n|tier|[Gen 8] OU\n|rated|\n|rule|Sleep Clause Mod: Limit one foe put to sleep\n|rule|Species Clause: Limit one of each Pok\u00e9mon\n|rule|OHKO Clause: OHKO moves are banned\n|rule|Evasion Moves Clause: Evasion moves are banned\n|rule|Endless Battle Clause: Forcing endless battles is banned\n|rule|HP Percentage Mod: HP is shown in percentages\n|rule|Dynamax Clause: You cannot dynamax\n|clearpoke\n|poke|p1|Zapdos|\n|poke|p1|Weavile, M|\n|poke|p1|Kartana|\n|poke|p1|Landorus-Therian, M|\n|poke|p1|Volcanion|\n|poke|p1|Melmetal|\n|poke|p2|Tyranitar, M|\n|poke|p2|Excadrill, M|\n|poke|p2|Heatran, M|\n|poke|p2|Tangrowth, M|\n|poke|p2|Slowking, M|\n|poke|p2|Tornadus-Therian, M|\n|teampreview\n|j| Zzzby\n|\n|t:|1658982060\n|start\n|switch|p1a: Weavile|Weavile, M|100\/100\n|switch|p2a: Birb|Tornadus-Therian, M, shiny|100\/100\n|-ability|p1a: Weavile|Pressure\n|turn|1\n|\n|t:|1658982068\n|switch|p2a: Hot Chunk|Heatran, M|100\/100\n|move|p1a: Weavile|Triple Axel|p2a: Hot Chunk\n|-resisted|p2a: Hot Chunk\n|-damage|p2a: Hot Chunk|98\/100\n|-resisted|p2a: Hot Chunk\n|-damage|p2a: Hot Chunk|92\/100\n|-resisted|p2a: Hot Chunk\n|-damage|p2a: Hot Chunk|83\/100\n|-hitcount|p2a: Hot Chunk|3\n|\n|-heal|p2a: Hot Chunk|90\/100|[from] item: Leftovers\n|upkeep\n|turn|2\n|\n|t:|1658982079\n|switch|p1a: Landorus|Landorus-Therian, M|100\/100\n|-ability|p1a: Landorus|Intimidate|boost\n|-unboost|p2a: Hot Chunk|atk|1\n|move|p2a: Hot Chunk|Stealth Rock|p1a: Landorus\n|-sidestart|p1: LT91BB BBats|move: Stealth Rock\n|\n|-heal|p2a: Hot Chunk|96\/100|[from] item: Leftovers\n|upkeep\n|turn|3\n|\n|t:|1658982083\n|switch|p2a: Medusa|Tangrowth, M, shiny|100\/100\n|move|p1a: Landorus|Defog|p2a: Medusa\n|-unboost|p2a: Medusa|evasion|1\n|-sideend|p1: LT91BB BBats|Stealth Rock|[from] move: Defog|[of] p1a: Landorus\n|\n|upkeep\n|turn|4\n|\n|t:|1658982087\n|move|p1a: Landorus|U-turn|p2a: Medusa\n|-supereffective|p2a: Medusa\n|-damage|p2a: Medusa|78\/100\n|-damage|p1a: Landorus|84\/100|[from] item: Rocky Helmet|[of] p2a: Medusa\n|\n|t:|1658982090\n|switch|p1a: Kartana|Kartana|100\/100|[from]move: U-turn\n|move|p2a: Medusa|Knock Off|p1a: Kartana\n|-damage|p1a: Kartana|78\/100\n|-enditem|p1a: Kartana|Choice Scarf|[from] move: Knock Off|[of] p2a: Medusa\n|\n|upkeep\n|turn|5\n|\n|t:|1658982097\n|switch|p1a: Zapdos|Zapdos|100\/100\n|move|p2a: Medusa|Focus Blast|p1a: Zapdos|[miss]\n|-miss|p2a: Medusa|p1a: Zapdos\n|\n|upkeep\n|turn|6\n|\n|t:|1658982111\n|switch|p1a: Landorus|Landorus-Therian, M|84\/100\n|-ability|p1a: Landorus|Intimidate|boost\n|-unboost|p2a: Medusa|atk|1\n|switch|p2a: Speed|Slowking, M, shiny|100\/100\n|\n|-heal|p1a: Landorus|90\/100|[from] item: Leftovers\n|upkeep\n|turn|7\n|\n|t:|1658982116\n|move|p1a: Landorus|U-turn|p2a: Speed\n|-supereffective|p2a: Speed\n|-damage|p2a: Speed|59\/100\n|\n|t:|1658982118\n|switch|p1a: Weavile|Weavile, M|100\/100|[from]move: U-turn\n|-ability|p1a: Weavile|Pressure\n|move|p2a: Speed|Scald|p1a: Weavile\n|-damage|p1a: Weavile|65\/100\n|\n|upkeep\n|turn|8\n|\n|t:|1658982127\n|switch|p2a: Hot Chunk|Heatran, M|96\/100\n|move|p1a: Weavile|Triple Axel|p2a: Hot Chunk\n|-resisted|p2a: Hot Chunk\n|-damage|p2a: Hot Chunk|93\/100\n|-resisted|p2a: Hot Chunk\n|-damage|p2a: Hot Chunk|88\/100\n|-status|p1a: Weavile|brn|[from] ability: Flame Body|[of] p2a: Hot Chunk\n|-hitcount|p2a: Hot Chunk|2\n|\n|-heal|p2a: Hot Chunk|94\/100|[from] item: Leftovers\n|-damage|p1a: Weavile|59\/100 brn|[from] brn\n|upkeep\n|turn|9\n|\n|t:|1658982142\n|switch|p1a: Landorus|Landorus-Therian, M|90\/100\n|-ability|p1a: Landorus|Intimidate|boost\n|-unboost|p2a: Hot Chunk|atk|1\n|move|p2a: Hot Chunk|Stealth Rock|p1a: Landorus\n|-sidestart|p1: LT91BB BBats|move: Stealth Rock\n|\n|-heal|p1a: Landorus|96\/100|[from] item: Leftovers\n|-heal|p2a: Hot Chunk|99\/100|[from] item: Leftovers\n|upkeep\n|turn|10\n|\n|t:|1658982148\n|switch|p2a: Medusa|Tangrowth, M, shiny|100\/100\n|move|p1a: Landorus|Defog|p2a: Medusa\n|-unboost|p2a: Medusa|evasion|1\n|-sideend|p1: LT91BB BBats|Stealth Rock|[from] move: Defog|[of] p1a: Landorus\n|\n|-heal|p1a: Landorus|100\/100|[from] item: Leftovers\n|upkeep\n|turn|11\n|\n|t:|1658982152\n|move|p1a: Landorus|Stealth Rock|p2a: Medusa\n|-sidestart|p2: Maverick shooters|move: Stealth Rock\n|move|p2a: Medusa|Sleep Powder|p1a: Landorus|[miss]\n|-miss|p2a: Medusa|p1a: Landorus\n|\n|upkeep\n|turn|12\n|\n|t:|1658982155\n|move|p1a: Landorus|U-turn|p2a: Medusa\n|-supereffective|p2a: Medusa\n|-damage|p2a: Medusa|79\/100\n|-damage|p1a: Landorus|84\/100|[from] item: Rocky Helmet|[of] p2a: Medusa\n|\n|t:|1658982157\n|switch|p1a: Weavile|Weavile, M|59\/100 brn|[from]move: U-turn\n|-ability|p1a: Weavile|Pressure\n|move|p2a: Medusa|Knock Off|p1a: Weavile\n|-resisted|p1a: Weavile\n|-damage|p1a: Weavile|40\/100 brn\n|-enditem|p1a: Weavile|Choice Band|[from] move: Knock Off|[of] p2a: Medusa\n|\n|-damage|p1a: Weavile|34\/100 brn|[from] brn\n|upkeep\n|turn|13\n|\n|t:|1658982165\n|switch|p1a: Volcanion|Volcanion|100\/100\n|move|p2a: Medusa|Knock Off|p1a: Volcanion\n|-damage|p1a: Volcanion|79\/100\n|-enditem|p1a: Volcanion|Choice Specs|[from] move: Knock Off|[of] p2a: Medusa\n|\n|upkeep\n|turn|14\n|j| t-yeu\n|\n|t:|1658982170\n|switch|p2a: Speed|Slowking, M, shiny|93\/100\n|move|p1a: Volcanion|Toxic|p2a: Speed\n|-status|p2a: Speed|tox\n|\n|-damage|p2a: Speed|87\/100 tox|[from] psn\n|upkeep\n|turn|15\n|\n|t:|1658982174\n|move|p1a: Volcanion|Earth Power|p2a: Speed\n|-damage|p2a: Speed|66\/100 tox\n|move|p2a: Speed|Teleport|p2a: Speed\n|\n|t:|1658982180\n|switch|p2a: Ol' reliable|Excadrill, M, shiny|100\/100|[from]move: Teleport\n|-damage|p2a: Ol' reliable|98\/100|[from] Stealth Rock\n|\n|-heal|p2a: Ol' reliable|100\/100|[from] item: Leftovers\n|upkeep\n|turn|16\n|\n|t:|1658982183\n|switch|p1a: Landorus|Landorus-Therian, M|84\/100\n|-ability|p1a: Landorus|Intimidate|boost\n|-unboost|p2a: Ol' reliable|atk|1\n|move|p2a: Ol' reliable|Rapid Spin|p1a: Landorus\n|-damage|p1a: Landorus|73\/100\n|-boost|p2a: Ol' reliable|spe|1\n|-sideend|p2: Maverick shooters|Stealth Rock|[from] move: Rapid Spin|[of] p2a: Ol' reliable\n|\n|-heal|p1a: Landorus|80\/100|[from] item: Leftovers\n|upkeep\n|turn|17\n|\n|t:|1658982188\n|switch|p2a: Birb|Tornadus-Therian, M, shiny|100\/100\n|move|p1a: Landorus|Stealth Rock|p2a: Birb\n|-sidestart|p2: Maverick shooters|move: Stealth Rock\n|\n|-heal|p1a: Landorus|86\/100|[from] item: Leftovers\n|upkeep\n|turn|18\n|\n|t:|1658982192\n|move|p2a: Birb|Hurricane|p1a: Landorus|[miss]\n|-miss|p2a: Birb|p1a: Landorus\n|move|p1a: Landorus|U-turn|p2a: Birb\n|-resisted|p2a: Birb\n|-damage|p2a: Birb|86\/100\n|\n|t:|1658982195\n|switch|p1a: Melmetal|Melmetal|100\/100|[from]move: U-turn\n|\n|upkeep\n|turn|19\n|\n|t:|1658982202\n|switch|p2a: Medusa|Tangrowth, M, shiny|100\/100\n|-damage|p2a: Medusa|88\/100|[from] Stealth Rock\n|move|p1a: Melmetal|Superpower|p2a: Medusa\n|-damage|p2a: Medusa|52\/100\n|-unboost|p1a: Melmetal|atk|1\n|-unboost|p1a: Melmetal|def|1\n|-damage|p1a: Melmetal|84\/100|[from] item: Rocky Helmet|[of] p2a: Medusa\n|\n|upkeep\n|turn|20\n|\n|t:|1658982206\n|switch|p1a: Zapdos|Zapdos|100\/100\n|move|p2a: Medusa|Knock Off|p1a: Zapdos\n|-damage|p1a: Zapdos|71\/100\n|-enditem|p1a: Zapdos|Heavy-Duty Boots|[from] move: Knock Off|[of] p2a: Medusa\n|\n|upkeep\n|turn|21\n|\n|t:|1658982214\n|switch|p2a: I killed the moth|Tyranitar, M, shiny|100\/100\n|-damage|p2a: I killed the moth|88\/100|[from] Stealth Rock\n|-weather|Sandstorm|[from] ability: Sand Stream|[of] p2a: I killed the moth\n|move|p1a: Zapdos|Volt Switch|p2a: I killed the moth\n|-damage|p2a: I killed the moth|61\/100\n|\n|t:|1658982217\n|switch|p1a: Kartana|Kartana|78\/100|[from]move: Volt Switch\n|\n|-weather|Sandstorm|[upkeep]\n|upkeep\n|turn|22\n|j| Ysudusys6s5s5\n|\n|t:|1658982222\n|switch|p2a: Medusa|Tangrowth, M, shiny|85\/100\n|-damage|p2a: Medusa|73\/100|[from] Stealth Rock\n|move|p1a: Kartana|Knock Off|p2a: Medusa\n|-damage|p2a: Medusa|52\/100\n|-damage|p1a: Kartana|62\/100|[from] item: Rocky Helmet|[of] p2a: Medusa\n|-enditem|p2a: Medusa|Rocky Helmet|[from] move: Knock Off|[of] p1a: Kartana\n|\n|-weather|Sandstorm|[upkeep]\n|-damage|p2a: Medusa|46\/100|[from] Sandstorm\n|upkeep\n|turn|23\n|\n|t:|1658982229\n|switch|p1a: Zapdos|Zapdos|71\/100\n|move|p2a: Medusa|Focus Blast|p1a: Zapdos|[miss]\n|-miss|p2a: Medusa|p1a: Zapdos\n|\n|-weather|Sandstorm|[upkeep]\n|-damage|p1a: Zapdos|65\/100|[from] Sandstorm\n|-damage|p2a: Medusa|39\/100|[from] Sandstorm\n|upkeep\n|turn|24\n|inactive|Battle timer is ON: inactive players will automatically lose when time's up. (requested by Maverick shooters)\n|\n|t:|1658982237\n|switch|p2a: Ol' reliable|Excadrill, M, shiny|100\/100\n|-damage|p2a: Ol' reliable|98\/100|[from] Stealth Rock\n|move|p1a: Zapdos|Hurricane|p2a: Ol' reliable|[miss]\n|-miss|p1a: Zapdos|p2a: Ol' reliable\n|\n|-weather|Sandstorm|[upkeep]\n|-damage|p1a: Zapdos|58\/100|[from] Sandstorm\n|-heal|p2a: Ol' reliable|100\/100|[from] item: Leftovers\n|upkeep\n|turn|25\n|\n|t:|1658982243\n|move|p2a: Ol' reliable|Rapid Spin|p1a: Zapdos\n|-damage|p1a: Zapdos|34\/100\n|-boost|p2a: Ol' reliable|spe|1\n|-status|p2a: Ol' reliable|par|[from] ability: Static|[of] p1a: Zapdos\n|-sideend|p2: Maverick shooters|Stealth Rock|[from] move: Rapid Spin|[of] p2a: Ol' reliable\n|move|p1a: Zapdos|Roost|p1a: Zapdos\n|-heal|p1a: Zapdos|85\/100\n|-singleturn|p1a: Zapdos|move: Roost\n|\n|-weather|none\n|upkeep\n|turn|26\n|\n|t:|1658982249\n|move|p1a: Zapdos|Volt Switch|p2a: Ol' reliable\n|-immune|p2a: Ol' reliable\n|cant|p2a: Ol' reliable|par\n|\n|upkeep\n|turn|27\n|\n|t:|1658982253\n|switch|p1a: Landorus|Landorus-Therian, M|86\/100\n|-ability|p1a: Landorus|Intimidate|boost\n|-unboost|p2a: Ol' reliable|atk|1\n|cant|p2a: Ol' reliable|par\n|\n|-heal|p1a: Landorus|92\/100|[from] item: Leftovers\n|upkeep\n|turn|28\n|l| Zzzby\n|\n|t:|1658982262\n|switch|p2a: Medusa|Tangrowth, M, shiny|73\/100\n|move|p1a: Landorus|Stealth Rock|p2a: Medusa\n|-sidestart|p2: Maverick shooters|move: Stealth Rock\n|\n|-heal|p1a: Landorus|98\/100|[from] item: Leftovers\n|upkeep\n|turn|29\n|\n|t:|1658982268\n|move|p1a: Landorus|U-turn|p2a: Medusa\n|-supereffective|p2a: Medusa\n|-damage|p2a: Medusa|48\/100\n|\n|t:|1658982270\n|switch|p1a: Weavile|Weavile, M|34\/100 brn|[from]move: U-turn\n|-ability|p1a: Weavile|Pressure\n|move|p2a: Medusa|Sleep Powder||[still]\n|-fail|p2a: Medusa\n|\n|-damage|p1a: Weavile|28\/100 brn|[from] brn\n|upkeep\n|turn|30\n|\n|t:|1658982277\n|switch|p2a: Hot Chunk|Heatran, M|99\/100\n|-damage|p2a: Hot Chunk|88\/100|[from] Stealth Rock\n|move|p1a: Weavile|Beat Up|p2a: Hot Chunk\n|-damage|p2a: Hot Chunk|84\/100\n|-damage|p2a: Hot Chunk|80\/100\n|-damage|p2a: Hot Chunk|76\/100\n|-damage|p2a: Hot Chunk|73\/100\n|-damage|p2a: Hot Chunk|70\/100\n|-damage|p2a: Hot Chunk|67\/100\n|-hitcount|p2a: Hot Chunk|6\n|\n|-heal|p2a: Hot Chunk|73\/100|[from] item: Leftovers\n|-damage|p1a: Weavile|22\/100 brn|[from] brn\n|upkeep\n|turn|31\n|\n|t:|1658982283\n|move|p1a: Weavile|Knock Off|p2a: Hot Chunk\n|-damage|p2a: Hot Chunk|54\/100\n|-enditem|p2a: Hot Chunk|Leftovers|[from] move: Knock Off|[of] p1a: Weavile\n|move|p2a: Hot Chunk|Stealth Rock|p1a: Weavile\n|-sidestart|p1: LT91BB BBats|move: Stealth Rock\n|\n|-damage|p1a: Weavile|16\/100 brn|[from] brn\n|upkeep\n|turn|32\n|\n|t:|1658982287\n|move|p1a: Weavile|Beat Up|p2a: Hot Chunk\n|-damage|p2a: Hot Chunk|51\/100\n|-damage|p2a: Hot Chunk|46\/100\n|-damage|p2a: Hot Chunk|43\/100\n|-damage|p2a: Hot Chunk|40\/100\n|-damage|p2a: Hot Chunk|36\/100\n|-damage|p2a: Hot Chunk|33\/100\n|-hitcount|p2a: Hot Chunk|6\n|move|p2a: Hot Chunk|Magma Storm|p1a: Weavile\n|-supereffective|p1a: Weavile\n|-damage|p1a: Weavile|0 fnt\n|faint|p1a: Weavile\n|\n|upkeep\n|\n|t:|1658982293\n|switch|p1a: Landorus|Landorus-Therian, M|98\/100\n|-damage|p1a: Landorus|85\/100|[from] Stealth Rock\n|-ability|p1a: Landorus|Intimidate|boost\n|-unboost|p2a: Hot Chunk|atk|1\n|turn|33\n|j| LT91BB Monkey King\n|\n|t:|1658982301\n|move|p1a: Landorus|Earthquake|p2a: Hot Chunk\n|-supereffective|p2a: Hot Chunk\n|-damage|p2a: Hot Chunk|0 fnt\n|faint|p2a: Hot Chunk\n|\n|-heal|p1a: Landorus|91\/100|[from] item: Leftovers\n|upkeep\n|\n|t:|1658982314\n|switch|p2a: Birb|Tornadus-Therian, M, shiny|100\/100\n|-damage|p2a: Birb|76\/100|[from] Stealth Rock\n|turn|34\n|\n|t:|1658982319\n|move|p2a: Birb|Nasty Plot|p2a: Birb\n|-boost|p2a: Birb|spa|2\n|move|p1a: Landorus|Defog|p2a: Birb\n|-unboost|p2a: Birb|evasion|1\n|-sideend|p2: Maverick shooters|Stealth Rock|[from] move: Defog|[of] p1a: Landorus\n|-sideend|p1: LT91BB BBats|Stealth Rock|[from] move: Defog|[of] p1a: Landorus\n|\n|-heal|p1a: Landorus|97\/100|[from] item: Leftovers\n|upkeep\n|turn|35\n|\n|t:|1658982323\n|move|p2a: Birb|Hurricane|p1a: Landorus\n|-damage|p1a: Landorus|0 fnt\n|faint|p1a: Landorus\n|-damage|p2a: Birb|66\/100|[from] item: Life Orb\n|\n|upkeep\n|\n|t:|1658982326\n|switch|p1a: Zapdos|Zapdos|85\/100\n|turn|36\n|\n|t:|1658982330\n|move|p2a: Birb|Hyper Beam|p1a: Zapdos\n|-damage|p1a: Zapdos|0 fnt\n|-mustrecharge|p2a: Birb\n|faint|p1a: Zapdos\n|-damage|p2a: Birb|56\/100|[from] item: Life Orb\n|\n|upkeep\n|\n|t:|1658982333\n|switch|p1a: Melmetal|Melmetal|84\/100\n|turn|37\n|\n|t:|1658982335\n|cant|p2a: Birb|recharge\n|move|p1a: Melmetal|Double Iron Bash|p2a: Birb\n|-damage|p2a: Birb|0 fnt\n|faint|p2a: Birb\n|-hitcount|p2: Birb|1\n|\n|upkeep\n|j| cqqccqqc\n|\n|t:|1658982350\n|switch|p2a: I killed the moth|Tyranitar, M, shiny|61\/100\n|-weather|Sandstorm|[from] ability: Sand Stream|[of] p2a: I killed the moth\n|turn|38\n|\n|t:|1658982354\n|move|p2a: I killed the moth|Superpower|p1a: Melmetal\n|-supereffective|p1a: Melmetal\n|-damage|p1a: Melmetal|5\/100\n|-unboost|p2a: I killed the moth|atk|1\n|-unboost|p2a: I killed the moth|def|1\n|move|p1a: Melmetal|Double Iron Bash|p2a: I killed the moth\n|-supereffective|p2a: I killed the moth\n|-damage|p2a: I killed the moth|0 fnt\n|faint|p2a: I killed the moth\n|-hitcount|p2: I killed the moth|1\n|\n|-weather|Sandstorm|[upkeep]\n|upkeep\n|\n|t:|1658982361\n|switch|p2a: Ol' reliable|Excadrill, M, shiny|100\/100 par\n|turn|39\n|\n|t:|1658982368\n|move|p2a: Ol' reliable|Rapid Spin|p1a: Melmetal\n|-resisted|p1a: Melmetal\n|-damage|p1a: Melmetal|0 fnt\n|-boost|p2a: Ol' reliable|spe|1\n|faint|p1a: Melmetal\n|\n|-weather|Sandstorm|[upkeep]\n|upkeep\n|\n|t:|1658982370\n|switch|p1a: Kartana|Kartana|62\/100\n|turn|40\n|\n|t:|1658982373\n|move|p2a: Ol' reliable|Earthquake|p1a: Kartana\n|-damage|p1a: Kartana|4\/100\n|move|p1a: Kartana|Sacred Sword|p2a: Ol' reliable\n|-supereffective|p2a: Ol' reliable\n|-damage|p2a: Ol' reliable|0 fnt\n|faint|p2a: Ol' reliable\n|-ability|p1a: Kartana|Beast Boost|boost\n|-boost|p1a: Kartana|atk|1\n|\n|-weather|Sandstorm|[upkeep]\n|upkeep\n|\n|t:|1658982380\n|switch|p2a: Medusa|Tangrowth, M, shiny|82\/100\n|turn|41\n|\n|t:|1658982385\n|move|p1a: Kartana|Smart Strike|p2a: Medusa\n|-damage|p2a: Medusa|43\/100\n|move|p2a: Medusa|Knock Off|p1a: Kartana\n|-damage|p1a: Kartana|0 fnt\n|faint|p1a: Kartana\n|\n|-weather|Sandstorm|[upkeep]\n|-damage|p2a: Medusa|36\/100|[from] Sandstorm\n|upkeep\n|\n|t:|1658982387\n|switch|p1a: Volcanion|Volcanion|79\/100\n|turn|42\n|\n|t:|1658982391\n|switch|p2a: Speed|Slowking, M, shiny|99\/100 tox\n|move|p1a: Volcanion|Flamethrower|p2a: Speed\n|-resisted|p2a: Speed\n|-damage|p2a: Speed|85\/100 tox\n|\n|-weather|none\n|-damage|p2a: Speed|79\/100 tox|[from] psn\n|upkeep\n|turn|43\n|\n|t:|1658982395\n|move|p1a: Volcanion|Earth Power|p2a: Speed\n|-damage|p2a: Speed|59\/100 tox\n|move|p2a: Speed|Future Sight|p1a: Volcanion\n|-start|p2a: Speed|move: Future Sight\n|\n|-damage|p2a: Speed|47\/100 tox|[from] psn\n|upkeep\n|turn|44\n|\n|t:|1658982401\n|move|p1a: Volcanion|Earth Power|p2a: Speed\n|-damage|p2a: Speed|29\/100 tox\n|move|p2a: Speed|Slack Off|p2a: Speed\n|-heal|p2a: Speed|79\/100 tox\n|\n|-damage|p2a: Speed|61\/100 tox|[from] psn\n|upkeep\n|turn|45\n|\n|t:|1658982405\n|move|p1a: Volcanion|Earth Power|p2a: Speed\n|-damage|p2a: Speed|40\/100 tox\n|move|p2a: Speed|Teleport|p2a: Speed\n|\n|t:|1658982407\n|switch|p2a: Medusa|Tangrowth, M, shiny|70\/100|[from]move: Teleport\n|\n|-end|p1a: Volcanion|move: Future Sight\n|-damage|p1a: Volcanion|28\/100\n|upkeep\n|turn|46\n|\n|t:|1658982409\n|switch|p2a: Speed|Slowking, M, shiny|74\/100 tox\n|move|p1a: Volcanion|Earth Power|p2a: Speed\n|-damage|p2a: Speed|55\/100 tox\n|\n|-damage|p2a: Speed|49\/100 tox|[from] psn\n|upkeep\n|turn|47\n|\n|t:|1658982413\n|move|p1a: Volcanion|Earth Power|p2a: Speed\n|-damage|p2a: Speed|27\/100 tox\n|move|p2a: Speed|Future Sight|p1a: Volcanion\n|-start|p2a: Speed|move: Future Sight\n|\n|-damage|p2a: Speed|15\/100 tox|[from] psn\n|upkeep\n|turn|48\n|\n|t:|1658982418\n|switch|p2a: Medusa|Tangrowth, M, shiny|100\/100\n|move|p1a: Volcanion|Flamethrower|p2a: Medusa\n|-supereffective|p2a: Medusa\n|-damage|p2a: Medusa|0 fnt\n|faint|p2a: Medusa\n|\n|upkeep\n|\n|t:|1658982423\n|switch|p2a: Speed|Slowking, M, shiny|49\/100 tox\n|turn|49\n|\n|t:|1658982424\n|move|p1a: Volcanion|Earth Power|p2a: Speed\n|-damage|p2a: Speed|30\/100 tox\n|move|p2a: Speed|Slack Off|p2a: Speed\n|-heal|p2a: Speed|80\/100 tox\n|\n|-end|p1a: Volcanion|move: Future Sight\n|-damage|p1a: Volcanion|0 fnt\n|faint|p1a: Volcanion\n|\n|win|Maverick shooters\n|upkeep\n|raw|LT91BB BBats's rating: 1737 &rarr; <strong>1721<\/strong><br \/>(-16 for losing)\n|raw|Maverick shooters's rating: 1804 &rarr; <strong>1820<\/strong><br \/>(+16 for winning)\n|c|\u2606Maverick shooters|gg\n|l| Ysudusys6s5s5\n|l|\u2606LT91BB BBats\n","uploadtime":1658982437,"views":36,"p1id":"lt91bbbbats","p2id":"maverickshooters","formatid":"gen8ou","rating":1721,"private":0,"password":null}