{"id":"gen8oublitz-1249113183","p1":"legitteambuilder","p2":"LaPommeDivine","format":"gen8oublitz","log":"|inactive|Battle timer is ON: inactive players will automatically lose when time's up.\n|j|\u2606legitteambuilder\n|j|\u2606LaPommeDivine\n|t:|1608743720\n|player|p1|legitteambuilder|lance|1344\n|player|p2|LaPommeDivine|53|1189\n|teamsize|p1|6\n|teamsize|p2|6\n|gametype|singles\n|gen|8\n|tier|[Gen 8] OU (Blitz)\n|rated|\n|clearpoke\n|poke|p1|Slowking-Galar, M|\n|poke|p1|Urshifu-*, F|\n|poke|p1|Clefable, M|\n|poke|p1|Zapdos|\n|poke|p1|Magearna|\n|poke|p1|Spectrier|\n|poke|p2|Spectrier|\n|poke|p2|Ninetales-Alola, F|\n|poke|p2|Melmetal|\n|poke|p2|Urshifu-*, M|\n|poke|p2|Tornadus-Therian, M|\n|poke|p2|Polteageist|\n|rule|Sleep Clause Mod: Limit one foe put to sleep\n|rule|Species Clause: Limit one of each Pok\u00e9mon\n|rule|OHKO Clause: OHKO moves are banned\n|rule|Evasion Moves Clause: Evasion moves are banned\n|rule|Endless Battle Clause: Forcing endless battles is banned\n|rule|HP Percentage Mod: HP is shown in percentages\n|rule|Dynamax Clause: You cannot dynamax\n|rule|Blitz: Super-fast timer\n|teampreview\n|inactive|legitteambuilder has 30 seconds left.\n|\n|t:|1608743737\n|start\n|switch|p1a: Magearna|Magearna|100\/100\n|switch|p2a: Ninetales|Ninetales-Alola, F|100\/100\n|-weather|Hail|[from] ability: Snow Warning|[of] p2a: Ninetales\n|turn|1\n|\n|t:|1608743739\n|move|p2a: Ninetales|Aurora Veil|p2a: Ninetales\n|-sidestart|p2: LaPommeDivine|move: Aurora Veil\n|move|p1a: Magearna|Flash Cannon|p2a: Ninetales\n|-supereffective|p2a: Ninetales\n|-damage|p2a: Ninetales|0 fnt\n|faint|p2a: Ninetales\n|-ability|p1a: Magearna|Soul-Heart|boost\n|-boost|p1a: Magearna|spa|1\n|\n|-weather|Hail|[upkeep]\n|-damage|p1a: Magearna|94\/100|[from] Hail\n|upkeep\n|inactive|LaPommeDivine has 10 seconds left.\n|\n|t:|1608743747\n|switch|p2a: Melmetal|Melmetal|100\/100\n|turn|2\n|\n|t:|1608743749\n|switch|p1a: Mega Tweety|Zapdos, shiny|100\/100\n|move|p2a: Melmetal|Earthquake|p1a: Mega Tweety\n|-immune|p1a: Mega Tweety\n|\n|-weather|Hail|[upkeep]\n|-damage|p1a: Mega Tweety|94\/100|[from] Hail\n|-damage|p2a: Melmetal|94\/100|[from] Hail\n|upkeep\n|turn|3\n|\n|t:|1608743752\n|switch|p2a: Tornadus|Tornadus-Therian, M|100\/100\n|move|p1a: Mega Tweety|Defog|p2a: Tornadus\n|-unboost|p2a: Tornadus|evasion|1\n|-sideend|p2: LaPommeDivine|move: Aurora Veil\n|\n|-weather|Hail|[upkeep]\n|-damage|p2a: Tornadus|94\/100|[from] Hail\n|-damage|p1a: Mega Tweety|88\/100|[from] Hail\n|upkeep\n|turn|4\n|inactive|legitteambuilder has 10 seconds left.\n|\n|t:|1608743759\n|switch|p1a: Wocky slushh|Slowking-Galar, M|100\/100\n|move|p2a: Tornadus|Hurricane|p1a: Wocky slushh|[miss]\n|-miss|p2a: Tornadus|p1a: Wocky slushh\n|\n|-weather|Hail|[upkeep]\n|-damage|p2a: Tornadus|88\/100|[from] Hail\n|-damage|p1a: Wocky slushh|94\/100|[from] Hail\n|upkeep\n|turn|5\n|\n|t:|1608743764\n|move|p2a: Tornadus|Hurricane|p1a: Wocky slushh\n|-damage|p1a: Wocky slushh|66\/100\n|move|p1a: Wocky slushh|Future Sight|p2a: Tornadus\n|-start|p1a: Wocky slushh|move: Future Sight\n|\n|-weather|none\n|upkeep\n|turn|6\n|\n|t:|1608743766\n|move|p2a: Tornadus|U-turn|p1a: Wocky slushh\n|-damage|p1a: Wocky slushh|50\/100\n|\n|t:|1608743769\n|switch|p2a: Urshifu|Urshifu, M|100\/100|[from]move: U-turn\n|move|p1a: Wocky slushh|Sludge Bomb|p2a: Urshifu\n|-damage|p2a: Urshifu|32\/100\n|-status|p2a: Urshifu|psn\n|\n|-damage|p2a: Urshifu|20\/100 psn|[from] psn\n|upkeep\n|turn|7\n|\n|t:|1608743773\n|switch|p1a: dat thang bleedn p|Clefable, M, shiny|100\/100\n|move|p2a: Urshifu|Wicked Blow|p1a: dat thang bleedn p\n|-resisted|p1a: dat thang bleedn p\n|-crit|p1a: dat thang bleedn p\n|-damage|p1a: dat thang bleedn p|70\/100\n|-damage|p2a: Urshifu|3\/100 psn|[from] item: Rocky Helmet|[of] p1a: dat thang bleedn p\n|-damage|p2a: Urshifu|0 fnt|[from] item: Life Orb\n|faint|p2a: Urshifu\n|\n|-hint|Future Sight did not hit because the target is fainted.\n|upkeep\n|\n|t:|1608743777\n|switch|p2a: Melmetal|Melmetal|94\/100\n|turn|8\n|\n|t:|1608743780\n|switch|p1a: Mega Tweety|Zapdos, shiny|88\/100\n|move|p2a: Melmetal|Double Iron Bash|p1a: Mega Tweety\n|-resisted|p1a: Mega Tweety\n|-damage|p1a: Mega Tweety|62\/100\n|-status|p2a: Melmetal|par|[from] ability: Static|[of] p1a: Mega Tweety\n|-resisted|p1a: Mega Tweety\n|-damage|p1a: Mega Tweety|37\/100\n|-hitcount|p1a: Mega Tweety|2\n|\n|upkeep\n|turn|9\n|\n|t:|1608743784\n|move|p1a: Mega Tweety|Roost|p1a: Mega Tweety\n|-heal|p1a: Mega Tweety|87\/100\n|-singleturn|p1a: Mega Tweety|move: Roost\n|cant|p2a: Melmetal|par\n|\n|upkeep\n|turn|10\n|\n|t:|1608743788\n|switch|p2a: Polteageist|Polteageist|100\/100\n|move|p1a: Mega Tweety|Discharge|p2a: Polteageist\n|-damage|p2a: Polteageist|68\/100\n|\n|upkeep\n|turn|11\n|\n|t:|1608743793\n|move|p1a: Mega Tweety|Discharge|p2a: Polteageist\n|-damage|p2a: Polteageist|36\/100\n|-start|p1a: Mega Tweety|Disable|Discharge|[from] ability: Cursed Body|[of] p2a: Polteageist\n|move|p2a: Polteageist|Shell Smash|p2a: Polteageist\n|-unboost|p2a: Polteageist|def|1\n|-unboost|p2a: Polteageist|spd|1\n|-boost|p2a: Polteageist|atk|2\n|-boost|p2a: Polteageist|spa|2\n|-boost|p2a: Polteageist|spe|2\n|-enditem|p2a: Polteageist|White Herb\n|-clearnegativeboost|p2a: Polteageist|[silent]\n|\n|upkeep\n|turn|12\n|inactive|legitteambuilder has 10 seconds left.\n|\n|t:|1608743798\n|move|p2a: Polteageist|Strength Sap|p1a: Mega Tweety\n|-unboost|p1a: Mega Tweety|atk|1\n|-heal|p2a: Polteageist|87\/100\n|move|p1a: Mega Tweety|Hurricane|p2a: Polteageist\n|-damage|p2a: Polteageist|44\/100\n|-start|p2a: Polteageist|confusion\n|\n|upkeep\n|turn|13\n|inactive|legitteambuilder has 10 seconds left.\n|inactive|legitteambuilder has 5 seconds left.\n|\n|t:|1608743810\n|switch|p1a: Magearna|Magearna|94\/100\n|-activate|p2a: Polteageist|confusion\n|move|p2a: Polteageist|Shadow Ball|p1a: Magearna\n|-damage|p1a: Magearna|24\/100\n|\n|upkeep\n|turn|14\n|inactive|legitteambuilder has 10 seconds left this turn.\n|\n|t:|1608743814\n|-activate|p2a: Polteageist|confusion\n|move|p2a: Polteageist|Shadow Ball|p1a: Magearna\n|-crit|p1a: Magearna\n|-damage|p1a: Magearna|0 fnt\n|faint|p1a: Magearna\n|\n|upkeep\n|inactive|legitteambuilder has 10 seconds left.\n|\n|t:|1608743824\n|switch|p1a: Tai Lung|Urshifu, F|100\/100\n|turn|15\n|\n|t:|1608743826\n|-activate|p2a: Polteageist|confusion\n|move|p2a: Polteageist|Strength Sap|p1a: Tai Lung\n|-unboost|p1a: Tai Lung|atk|1\n|-heal|p2a: Polteageist|100\/100\n|move|p1a: Tai Lung|Wicked Blow|p2a: Polteageist\n|-supereffective|p2a: Polteageist\n|-crit|p2a: Polteageist\n|-damage|p2a: Polteageist|0 fnt\n|-start|p1a: Tai Lung|Disable|Wicked Blow|[from] ability: Cursed Body|[of] p2a: Polteageist\n|faint|p2a: Polteageist\n|\n|upkeep\n|inactive|LaPommeDivine has 10 seconds left.\n|\n|t:|1608743831\n|switch|p2a: Spectrier|Spectrier|100\/100\n|turn|16\n|inactive|legitteambuilder has 10 seconds left.\n|\n|t:|1608743840\n|switch|p1a: Wocky slushh|Slowking-Galar, M|84\/100\n|move|p2a: Spectrier|Substitute|p2a: Spectrier\n|-start|p2a: Spectrier|Substitute\n|-damage|p2a: Spectrier|76\/100\n|\n|-heal|p2a: Spectrier|82\/100|[from] item: Leftovers\n|upkeep\n|turn|17\n|\n|t:|1608743844\n|move|p2a: Spectrier|Nasty Plot|p2a: Spectrier\n|-boost|p2a: Spectrier|spa|2\n|move|p1a: Wocky slushh|Flamethrower|p2a: Spectrier\n|-end|p2a: Spectrier|Substitute\n|\n|-heal|p2a: Spectrier|88\/100|[from] item: Leftovers\n|upkeep\n|turn|18\n|inactive|legitteambuilder has 10 seconds left.\n|inactive|legitteambuilder has 5 seconds left.\n|\n|t:|1608743855\n|move|p2a: Spectrier|Shadow Ball|p1a: Wocky slushh\n|-supereffective|p1a: Wocky slushh\n|-damage|p1a: Wocky slushh|0 fnt\n|faint|p1a: Wocky slushh\n|-ability|p2a: Spectrier|Grim Neigh|boost\n|-boost|p2a: Spectrier|spa|1\n|\n|-heal|p2a: Spectrier|94\/100|[from] item: Leftovers\n|upkeep\n|inactive|legitteambuilder has 10 seconds left this turn.\n|\n|t:|1608743858\n|switch|p1a: Tai Lung|Urshifu, F|100\/100\n|turn|19\n|\n|t:|1608743861\n|move|p2a: Spectrier|Substitute|p2a: Spectrier\n|-start|p2a: Spectrier|Substitute\n|-damage|p2a: Spectrier|69\/100\n|move|p1a: Tai Lung|Wicked Blow|p2a: Spectrier\n|-supereffective|p2a: Spectrier\n|-crit|p2a: Spectrier\n|-end|p2a: Spectrier|Substitute\n|\n|-heal|p2a: Spectrier|75\/100|[from] item: Leftovers\n|upkeep\n|turn|20\n|inactive|LaPommeDivine has 10 seconds left.\n|\n|t:|1608743866\n|move|p2a: Spectrier|Shadow Ball|p1a: Tai Lung\n|-resisted|p1a: Tai Lung\n|-damage|p1a: Tai Lung|11\/100\n|-unboost|p1a: Tai Lung|spd|1\n|move|p1a: Tai Lung|Wicked Blow|p2a: Spectrier\n|-supereffective|p2a: Spectrier\n|-crit|p2a: Spectrier\n|-damage|p2a: Spectrier|0 fnt\n|faint|p2a: Spectrier\n|\n|upkeep\n|inactive|LaPommeDivine has 10 seconds left.\n|\n|t:|1608743871\n|switch|p2a: Tornadus|Tornadus-Therian, M|100\/100\n|turn|21\n|\n|t:|1608743874\n|switch|p1a: Mega Tweety|Zapdos, shiny|87\/100\n|move|p2a: Tornadus|Nasty Plot|p2a: Tornadus\n|-boost|p2a: Tornadus|spa|2\n|\n|upkeep\n|turn|22\n|\n|t:|1608743877\n|move|p2a: Tornadus|Heat Wave|p1a: Mega Tweety\n|-damage|p1a: Mega Tweety|28\/100\n|move|p1a: Mega Tweety|Discharge|p2a: Tornadus\n|-supereffective|p2a: Tornadus\n|-damage|p2a: Tornadus|15\/100\n|\n|upkeep\n|turn|23\n|inactive|legitteambuilder has 10 seconds left.\n|\n|t:|1608743886\n|move|p2a: Tornadus|Heat Wave|p1a: Mega Tweety\n|-damage|p1a: Mega Tweety|0 fnt\n|faint|p1a: Mega Tweety\n|\n|upkeep\n|\n|t:|1608743891\n|switch|p1a: Tai Lung|Urshifu, F|11\/100\n|turn|24\n|\n|t:|1608743894\n|move|p1a: Tai Lung|Sucker Punch||[still]\n|-fail|p1a: Tai Lung\n|move|p2a: Tornadus|Nasty Plot|p2a: Tornadus\n|-boost|p2a: Tornadus|spa|2\n|\n|upkeep\n|turn|25\n|\n|t:|1608743897\n|move|p1a: Tai Lung|Sucker Punch||[still]\n|-fail|p1a: Tai Lung\n|move|p2a: Tornadus|Nasty Plot|p2a: Tornadus\n|-boost|p2a: Tornadus|spa|2\n|\n|upkeep\n|turn|26\n|\n|t:|1608743900\n|switch|p1a: dat thang bleedn p|Clefable, M, shiny|70\/100\n|move|p2a: Tornadus|Hurricane|p1a: dat thang bleedn p|[miss]\n|-miss|p2a: Tornadus|p1a: dat thang bleedn p\n|\n|upkeep\n|turn|27\n|\n|t:|1608743903\n|move|p2a: Tornadus|Hurricane|p1a: dat thang bleedn p\n|-damage|p1a: dat thang bleedn p|0 fnt\n|faint|p1a: dat thang bleedn p\n|\n|upkeep\n|\n|t:|1608743905\n|switch|p1a: Tai Lung|Urshifu, F|11\/100\n|turn|28\n|\n|t:|1608743907\n|move|p1a: Tai Lung|Sucker Punch||[still]\n|-fail|p1a: Tai Lung\n|move|p2a: Tornadus|Nasty Plot|p2a: Tornadus\n|-boost|p2a: Tornadus|spa|0\n|\n|upkeep\n|turn|29\n|\n|t:|1608743910\n|switch|p1a: Spectrier|Spectrier|100\/100\n|move|p2a: Tornadus|Heat Wave|p1a: Spectrier\n|-damage|p1a: Spectrier|0 fnt\n|faint|p1a: Spectrier\n|\n|upkeep\n|inactive|legitteambuilder has 10 seconds left.\n|-message|legitteambuilder forfeited.\n|\n|win|LaPommeDivine\n|l|\u2606legitteambuilder\n|raw|legitteambuilder's rating: 1382 &rarr; <strong>1353<\/strong><br \/>(-29 for losing)\n|raw|LaPommeDivine's rating: 1216 &rarr; <strong>1252<\/strong><br \/>(+36 for winning)\n","uploadtime":1608743920,"views":14,"p1id":"legitteambuilder","p2id":"lapommedivine","formatid":"gen8oublitz","rating":1252,"private":0,"password":null}