{"id":"gen8ou-1667973397","p1":"broked on bricks","p2":"PB3733732","format":"gen8ou","log":"|j|\u2606broked on bricks\n|j|\u2606PB3733732\n|t:|1663585941\n|gametype|singles\n|player|p1|broked on bricks|lance-masters|1756\n|player|p2|PB3733732|scientist|1815\n|teamsize|p1|6\n|teamsize|p2|6\n|gen|8\n|tier|[Gen 8] OU\n|rated|\n|rule|Sleep Clause Mod: Limit one foe put to sleep\n|rule|Species Clause: Limit one of each Pok\u00e9mon\n|rule|OHKO Clause: OHKO moves are banned\n|rule|Evasion Items Clause: Evasion items are banned\n|rule|Evasion Moves Clause: Evasion moves are banned\n|rule|Endless Battle Clause: Forcing endless battles is banned\n|rule|HP Percentage Mod: HP is shown in percentages\n|rule|Dynamax Clause: You cannot dynamax\n|clearpoke\n|poke|p1|Pelipper, F|\n|poke|p1|Keldeo-Resolute|\n|poke|p1|Dragapult, M|\n|poke|p1|Tapu Lele|\n|poke|p1|Melmetal|\n|poke|p1|Landorus-Therian, M|\n|poke|p2|Bronzong|\n|poke|p2|Marowak-Alola, F|\n|poke|p2|Crawdaunt, F|\n|poke|p2|Porygon2|\n|poke|p2|Cresselia, F|\n|poke|p2|Melmetal|\n|teampreview\n|inactive|Battle timer is ON: inactive players will automatically lose when time's up. (requested by PB3733732)\n|c|\u2606broked on bricks|glhf\n|\n|t:|1663585951\n|start\n|switch|p1a: SWAG LIKE OHIO|Landorus-Therian, M|100\/100\n|switch|p2a: Bronzong|Bronzong|100\/100\n|-ability|p1a: SWAG LIKE OHIO|Intimidate|boost\n|-unboost|p2a: Bronzong|atk|1\n|turn|1\n|j| red Mt.Silver-5\n|\n|t:|1663585970\n|move|p1a: SWAG LIKE OHIO|Knock Off|p2a: Bronzong\n|-supereffective|p2a: Bronzong\n|-damage|p2a: Bronzong|50\/100\n|-enditem|p2a: Bronzong|Focus Sash|[from] move: Knock Off|[of] p1a: SWAG LIKE OHIO\n|move|p2a: Bronzong|Trick Room|p2a: Bronzong\n|-fieldstart|move: Trick Room|[of] p2a: Bronzong\n|\n|upkeep\n|turn|2\n|c|\u2606broked on bricks|I like the bronzong anti mel tech\n|c|\u2606PB3733732|glhf\n|\n|t:|1663585985\n|move|p2a: Bronzong|Stealth Rock|p1a: SWAG LIKE OHIO\n|-sidestart|p1: broked on bricks|move: Stealth Rock\n|move|p1a: SWAG LIKE OHIO|Knock Off|p2a: Bronzong\n|-supereffective|p2a: Bronzong\n|-damage|p2a: Bronzong|12\/100\n|\n|upkeep\n|turn|3\n|\n|t:|1663585989\n|move|p2a: Bronzong|Explosion|p1a: SWAG LIKE OHIO\n|-damage|p1a: SWAG LIKE OHIO|51\/100\n|faint|p2a: Bronzong\n|-enditem|p1a: SWAG LIKE OHIO|Eject Button\n|\n|t:|1663585996\n|switch|p1a: These Bolts|Melmetal|100\/100\n|-damage|p1a: These Bolts|94\/100|[from] Stealth Rock\n|\n|-heal|p1a: These Bolts|100\/100|[from] item: Leftovers\n|upkeep\n|\n|t:|1663586002\n|switch|p2a: Marowak|Marowak-Alola, F|100\/100\n|turn|4\n|\n|t:|1663586007\n|switch|p1a: PENTADACTYL LIMB|Pelipper, F|100\/100\n|-damage|p1a: PENTADACTYL LIMB|76\/100|[from] Stealth Rock\n|-weather|RainDance|[from] ability: Drizzle|[of] p1a: PENTADACTYL LIMB\n|move|p2a: Marowak|Flare Blitz|p1a: PENTADACTYL LIMB\n|-resisted|p1a: PENTADACTYL LIMB\n|-damage|p1a: PENTADACTYL LIMB|46\/100\n|\n|-weather|RainDance|[upkeep]\n|upkeep\n|turn|5\n|\n|t:|1663586013\n|switch|p1a: SWAG LIKE OHIO|Landorus-Therian, M|51\/100\n|-damage|p1a: SWAG LIKE OHIO|38\/100|[from] Stealth Rock\n|-ability|p1a: SWAG LIKE OHIO|Intimidate|boost\n|-unboost|p2a: Marowak|atk|1\n|move|p2a: Marowak|Poltergeist||[still]\n|-fail|p2a: Marowak\n|\n|-weather|RainDance|[upkeep]\n|-fieldend|move: Trick Room\n|upkeep\n|turn|6\n|\n|t:|1663586021\n|switch|p2a: Porygon2|Porygon2|100\/100\n|-ability|p2a: Porygon2|Download|boost\n|-boost|p2a: Porygon2|atk|1\n|move|p1a: SWAG LIKE OHIO|Defog|p2a: Porygon2\n|-unboost|p2a: Porygon2|evasion|1\n|-sideend|p1: broked on bricks|Stealth Rock|[from] move: Defog|[of] p1a: SWAG LIKE OHIO\n|\n|-weather|RainDance|[upkeep]\n|upkeep\n|turn|7\n|\n|t:|1663586024\n|move|p1a: SWAG LIKE OHIO|Knock Off|p2a: Porygon2\n|-damage|p2a: Porygon2|86\/100\n|-enditem|p2a: Porygon2|Eviolite|[from] move: Knock Off|[of] p1a: SWAG LIKE OHIO\n|move|p2a: Porygon2|Trick Room|p2a: Porygon2\n|-fieldstart|move: Trick Room|[of] p2a: Porygon2\n|\n|-weather|RainDance|[upkeep]\n|upkeep\n|turn|8\n|j| LucaSienge\n|\n|t:|1663586027\n|move|p1a: SWAG LIKE OHIO|U-turn|p2a: Porygon2\n|-damage|p2a: Porygon2|71\/100\n|\n|t:|1663586029\n|switch|p1a: These Bolts|Melmetal|100\/100|[from]move: U-turn\n|move|p2a: Porygon2|Teleport|p2a: Porygon2\n|\n|t:|1663586033\n|switch|p2a: Marowak|Marowak-Alola, F|100\/100|[from]move: Teleport\n|\n|-weather|none\n|upkeep\n|turn|9\n|\n|t:|1663586042\n|switch|p1a: SWAG LIKE OHIO|Landorus-Therian, M|38\/100\n|-ability|p1a: SWAG LIKE OHIO|Intimidate|boost\n|-unboost|p2a: Marowak|atk|1\n|move|p2a: Marowak|Flare Blitz|p1a: SWAG LIKE OHIO\n|-damage|p1a: SWAG LIKE OHIO|0 fnt\n|faint|p1a: SWAG LIKE OHIO\n|\n|upkeep\n|\n|t:|1663586050\n|switch|p1a: PENTADACTYL LIMB|Pelipper, F|46\/100\n|-weather|RainDance|[from] ability: Drizzle|[of] p1a: PENTADACTYL LIMB\n|turn|10\n|\n|t:|1663586054\n|move|p2a: Marowak|Poltergeist|p1a: PENTADACTYL LIMB\n|-activate|p1a: PENTADACTYL LIMB|move: Poltergeist|Choice Specs\n|-damage|p1a: PENTADACTYL LIMB|0 fnt\n|faint|p1a: PENTADACTYL LIMB\n|\n|-weather|RainDance|[upkeep]\n|upkeep\n|\n|t:|1663586059\n|switch|p1a: These Bolts|Melmetal|100\/100\n|turn|11\n|\n|t:|1663586066\n|move|p2a: Marowak|Flare Blitz|p1a: These Bolts\n|-supereffective|p1a: These Bolts\n|-damage|p1a: These Bolts|58\/100\n|move|p1a: These Bolts|Double Iron Bash|p2a: Marowak\n|-resisted|p2a: Marowak\n|-damage|p2a: Marowak|79\/100\n|-resisted|p2a: Marowak\n|-damage|p2a: Marowak|57\/100\n|-hitcount|p2a: Marowak|2\n|\n|-weather|RainDance|[upkeep]\n|-heal|p1a: These Bolts|64\/100|[from] item: Leftovers\n|-fieldend|move: Trick Room\n|upkeep\n|turn|12\n|\n|t:|1663586074\n|move|p1a: These Bolts|Double Iron Bash|p2a: Marowak\n|-resisted|p2a: Marowak\n|-damage|p2a: Marowak|35\/100\n|-resisted|p2a: Marowak\n|-damage|p2a: Marowak|14\/100\n|-hitcount|p2a: Marowak|2\n|cant|p2a: Marowak|flinch\n|\n|-weather|RainDance|[upkeep]\n|-heal|p1a: These Bolts|70\/100|[from] item: Leftovers\n|upkeep\n|turn|13\n|\n|t:|1663586082\n|move|p1a: These Bolts|Double Iron Bash|p2a: Marowak\n|-resisted|p2a: Marowak\n|-damage|p2a: Marowak|0 fnt\n|faint|p2a: Marowak\n|-hitcount|p2: Marowak|1\n|\n|-weather|RainDance|[upkeep]\n|-heal|p1a: These Bolts|76\/100|[from] item: Leftovers\n|upkeep\n|\n|t:|1663586085\n|switch|p2a: Melmetal|Melmetal|100\/100\n|turn|14\n|\n|t:|1663586088\n|move|p1a: These Bolts|Protect|p1a: These Bolts\n|-singleturn|p1a: These Bolts|Protect\n|move|p2a: Melmetal|Earthquake|p1a: These Bolts\n|-activate|p1a: These Bolts|move: Protect\n|\n|-weather|none\n|-heal|p1a: These Bolts|82\/100|[from] item: Leftovers\n|upkeep\n|turn|15\n|j| tapu moxo\n|\n|t:|1663586099\n|switch|p1a: OC Horse|Keldeo-Resolute|100\/100\n|move|p2a: Melmetal|Superpower|p1a: OC Horse\n|-damage|p1a: OC Horse|32\/100\n|-unboost|p2a: Melmetal|atk|1\n|-unboost|p2a: Melmetal|def|1\n|-damage|p2a: Melmetal|91\/100|[from] item: Life Orb\n|\n|upkeep\n|turn|16\n|\n|t:|1663586104\n|switch|p2a: Cresselia|Cresselia, F|100\/100\n|move|p1a: OC Horse|Scald|p2a: Cresselia\n|-crit|p2a: Cresselia\n|-damage|p2a: Cresselia|43\/100\n|\n|upkeep\n|turn|17\n|\n|t:|1663586109\n|move|p1a: OC Horse|Scald|p2a: Cresselia\n|-damage|p2a: Cresselia|4\/100\n|move|p2a: Cresselia|Trick Room|p2a: Cresselia\n|-fieldstart|move: Trick Room|[of] p2a: Cresselia\n|\n|upkeep\n|turn|18\n|\n|t:|1663586115\n|switch|p1a: These Bolts|Melmetal|82\/100\n|move|p2a: Cresselia|Psychic|p1a: These Bolts\n|-resisted|p1a: These Bolts\n|-damage|p1a: These Bolts|72\/100\n|\n|-heal|p1a: These Bolts|78\/100|[from] item: Leftovers\n|upkeep\n|turn|19\n|\n|t:|1663586120\n|move|p1a: These Bolts|Toxic|p2a: Cresselia|[miss]\n|-miss|p1a: These Bolts|p2a: Cresselia\n|move|p2a: Cresselia|Lunar Dance|p2a: Cresselia\n|faint|p2a: Cresselia\n|\n|-heal|p1a: These Bolts|84\/100|[from] item: Leftovers\n|upkeep\n|\n|t:|1663586126\n|switch|p2a: Crawdaunt|Crawdaunt, F|100\/100\n|turn|20\n|l| LucaSienge\n|\n|t:|1663586130\n|move|p2a: Crawdaunt|Swords Dance|p2a: Crawdaunt\n|-boost|p2a: Crawdaunt|atk|2\n|move|p1a: These Bolts|Double Iron Bash|p2a: Crawdaunt\n|-resisted|p2a: Crawdaunt\n|-damage|p2a: Crawdaunt|72\/100\n|-resisted|p2a: Crawdaunt\n|-damage|p2a: Crawdaunt|47\/100\n|-hitcount|p2a: Crawdaunt|2\n|\n|-heal|p1a: These Bolts|90\/100|[from] item: Leftovers\n|upkeep\n|turn|21\n|\n|t:|1663586136\n|move|p1a: These Bolts|Protect|p1a: These Bolts\n|-singleturn|p1a: These Bolts|Protect\n|move|p2a: Crawdaunt|Swords Dance|p2a: Crawdaunt\n|-boost|p2a: Crawdaunt|atk|2\n|\n|-heal|p1a: These Bolts|96\/100|[from] item: Leftovers\n|-fieldend|move: Trick Room\n|upkeep\n|turn|22\n|\n|t:|1663586139\n|move|p1a: These Bolts|Double Iron Bash|p2a: Crawdaunt\n|-resisted|p2a: Crawdaunt\n|-damage|p2a: Crawdaunt|19\/100\n|-resisted|p2a: Crawdaunt\n|-damage|p2a: Crawdaunt|0 fnt\n|faint|p2a: Crawdaunt\n|-hitcount|p2: Crawdaunt|2\n|\n|-heal|p1a: These Bolts|100\/100|[from] item: Leftovers\n|upkeep\n|-message|PB3733732 forfeited.\n|\n|win|broked on bricks\n|raw|broked on bricks's rating: 1756 &rarr; <strong>1779<\/strong><br \/>(+23 for winning)\n|raw|PB3733732's rating: 1815 &rarr; <strong>1792<\/strong><br \/>(-23 for losing)\n|l|\u2606PB3733732\n|c|\u2606broked on bricks|gg\n|j| LucaSienge\n","uploadtime":1663586148,"views":33,"p1id":"brokedonbricks","p2id":"pb3733732","formatid":"gen8ou","rating":1779,"private":0,"password":null}