{"id":"gen8bdspou-1481907175","p1":"fentonscruggs","p2":"Alu9204","format":"gen8bdspou","log":"|j|\u2606fentonscruggs\n|j|\u2606Alu9204\n|t:|1640797096\n|gametype|singles\n|player|p1|fentonscruggs|medium|1364\n|player|p2|Alu9204|burglar|1274\n|teamsize|p1|6\n|teamsize|p2|6\n|gen|8\n|tier|[Gen 8 BDSP] OU\n|rated|\n|rule|Sleep Clause Mod: Limit one foe put to sleep\n|rule|Species Clause: Limit one of each Pok\u00e9mon\n|rule|OHKO Clause: OHKO moves are banned\n|rule|Evasion Moves Clause: Evasion moves are banned\n|rule|Endless Battle Clause: Forcing endless battles is banned\n|rule|HP Percentage Mod: HP is shown in percentages\n|clearpoke\n|poke|p1|Gengar, F|\n|poke|p1|Crawdaunt, F|\n|poke|p1|Breloom, M|\n|poke|p1|Mamoswine, F|\n|poke|p1|Scizor, M|\n|poke|p1|Azumarill, M|\n|poke|p2|Breloom, M|\n|poke|p2|Latios, M|\n|poke|p2|Rotom-Wash|\n|poke|p2|Scizor, F|\n|poke|p2|Crawdaunt, M|\n|poke|p2|Gengar, F|\n|teampreview\n|\n|t:|1640797122\n|start\n|switch|p1a: Scizor|Scizor, M|100\/100\n|switch|p2a: Latios|Latios, M|100\/100\n|turn|1\n|inactive|Battle timer is ON: inactive players will automatically lose when time's up. (requested by Alu9204)\n|\n|t:|1640797131\n|move|p2a: Latios|Reflect|p2a: Latios\n|-sidestart|p2: Alu9204|Reflect\n|move|p1a: Scizor|U-turn|p2a: Latios\n|-supereffective|p2a: Latios\n|-damage|p2a: Latios|60\/100\n|\n|t:|1640797139\n|switch|p1a: Breloom|Breloom, M|100\/100|[from]move: U-turn\n|\n|upkeep\n|turn|2\n|\n|t:|1640797148\n|move|p1a: Breloom|Spore|p2a: Latios\n|-status|p2a: Latios|slp|[from] move: Spore\n|cant|p2a: Latios|slp\n|\n|upkeep\n|turn|3\n|\n|t:|1640797160\n|switch|p1a: Gengar|Gengar, F|100\/100\n|cant|p2a: Latios|slp\n|\n|upkeep\n|turn|4\n|\n|t:|1640797169\n|switch|p2a: Crawdaunt|Crawdaunt, M|100\/100\n|move|p1a: Gengar|Shadow Ball|p2a: Crawdaunt\n|-resisted|p2a: Crawdaunt\n|-crit|p2a: Crawdaunt\n|-damage|p2a: Crawdaunt|9\/100\n|\n|upkeep\n|turn|5\n|\n|t:|1640797177\n|switch|p1a: Scizor|Scizor, M|100\/100\n|move|p2a: Crawdaunt|Aqua Jet|p1a: Scizor\n|-damage|p1a: Scizor|66\/100\n|-damage|p2a: Crawdaunt|0 fnt|[from] item: Life Orb\n|faint|p2a: Crawdaunt\n|\n|-heal|p1a: Scizor|73\/100|[from] item: Leftovers\n|upkeep\n|\n|t:|1640797184\n|switch|p2a: Breloom|Breloom, M|100\/100\n|turn|6\n|\n|t:|1640797189\n|move|p2a: Breloom|Spore|p1a: Scizor\n|-status|p1a: Scizor|slp|[from] move: Spore\n|cant|p1a: Scizor|slp\n|\n|-heal|p1a: Scizor|79\/100 slp|[from] item: Leftovers\n|upkeep\n|turn|7\n|\n|t:|1640797200\n|move|p2a: Breloom|Swords Dance|p2a: Breloom\n|-boost|p2a: Breloom|atk|2\n|-curestatus|p1a: Scizor|slp|[msg]\n|move|p1a: Scizor|U-turn|p2a: Breloom\n|-damage|p2a: Breloom|75\/100\n|\n|t:|1640797205\n|switch|p1a: Gengar|Gengar, F|100\/100|[from]move: U-turn\n|\n|upkeep\n|turn|8\n|\n|t:|1640797214\n|switch|p2a: Scizor|Scizor, F|100\/100\n|move|p1a: Gengar|Shadow Ball|p2a: Scizor\n|-damage|p2a: Scizor|2\/100\n|\n|-sideend|p2: Alu9204|Reflect\n|upkeep\n|turn|9\n|\n|t:|1640797223\n|switch|p1a: Scizor|Scizor, M|79\/100\n|move|p2a: Scizor|Bullet Punch|p1a: Scizor\n|-resisted|p1a: Scizor\n|-damage|p1a: Scizor|56\/100\n|-damage|p2a: Scizor|0 fnt|[from] item: Life Orb\n|faint|p2a: Scizor\n|\n|-heal|p1a: Scizor|62\/100|[from] item: Leftovers\n|upkeep\n|\n|t:|1640797235\n|switch|p2a: Rotom|Rotom-Wash|100\/100\n|turn|10\n|\n|t:|1640797240\n|move|p2a: Rotom|Will-O-Wisp|p1a: Scizor\n|-status|p1a: Scizor|brn\n|move|p1a: Scizor|U-turn|p2a: Rotom\n|-damage|p2a: Rotom|81\/100\n|\n|t:|1640797247\n|switch|p1a: Gengar|Gengar, F|100\/100|[from]move: U-turn\n|\n|-heal|p2a: Rotom|87\/100|[from] item: Leftovers\n|upkeep\n|turn|11\n|\n|t:|1640797258\n|switch|p2a: Breloom|Breloom, M|75\/100\n|move|p1a: Gengar|Shadow Ball|p2a: Breloom\n|-damage|p2a: Breloom|0 fnt\n|faint|p2a: Breloom\n|\n|upkeep\n|\n|t:|1640797267\n|switch|p2a: Gengar|Gengar, F|100\/100\n|turn|12\n|\n|t:|1640797271\n|switch|p1a: Scizor|Scizor, M|62\/100 brn\n|move|p2a: Gengar|Shadow Ball|p1a: Scizor\n|-damage|p1a: Scizor|16\/100 brn\n|\n|-heal|p1a: Scizor|22\/100 brn|[from] item: Leftovers\n|-damage|p1a: Scizor|16\/100 brn|[from] brn\n|upkeep\n|turn|13\n|\n|t:|1640797283\n|switch|p2a: Rotom|Rotom-Wash|87\/100\n|move|p1a: Scizor|U-turn|p2a: Rotom\n|-damage|p2a: Rotom|69\/100\n|\n|t:|1640797290\n|switch|p1a: Gengar|Gengar, F|100\/100|[from]move: U-turn\n|\n|-heal|p2a: Rotom|75\/100|[from] item: Leftovers\n|upkeep\n|turn|14\n|\n|t:|1640797300\n|move|p1a: Gengar|Shadow Ball|p2a: Rotom\n|-damage|p2a: Rotom|12\/100\n|move|p2a: Rotom|Volt Switch|p1a: Gengar\n|-damage|p1a: Gengar|62\/100\n|\n|t:|1640797307\n|switch|p2a: Gengar|Gengar, F|100\/100|[from]move: Volt Switch\n|\n|upkeep\n|turn|15\n|\n|t:|1640797313\n|switch|p1a: Scizor|Scizor, M|16\/100 brn\n|move|p2a: Gengar|Shadow Ball|p1a: Scizor\n|-damage|p1a: Scizor|0 fnt\n|faint|p1a: Scizor\n|\n|upkeep\n|\n|t:|1640797327\n|switch|p1a: Breloom|Breloom, M|100\/100\n|turn|16\n|\n|t:|1640797332\n|switch|p2a: Latios|Latios, M|60\/100 slp\n|move|p1a: Breloom|Spore|p2a: Latios\n|-fail|p2a: Latios|slp\n|\n|upkeep\n|turn|17\n|\n|t:|1640797344\n|switch|p1a: Azumarill|Azumarill, M|100\/100\n|-curestatus|p2a: Latios|slp|[msg]\n|move|p2a: Latios|Psychic|p1a: Azumarill\n|-damage|p1a: Azumarill|63\/100\n|\n|upkeep\n|turn|18\n|\n|t:|1640797355\n|move|p2a: Latios|Reflect|p2a: Latios\n|-sidestart|p2: Alu9204|Reflect\n|move|p1a: Azumarill|Belly Drum|p1a: Azumarill\n|-damage|p1a: Azumarill|13\/100\n|-setboost|p1a: Azumarill|atk|6|[from] move: Belly Drum\n|-enditem|p1a: Azumarill|Aguav Berry|[eat]\n|-heal|p1a: Azumarill|46\/100|[from] item: Aguav Berry\n|\n|upkeep\n|turn|19\n|\n|t:|1640797365\n|move|p2a: Latios|Psychic|p1a: Azumarill\n|-damage|p1a: Azumarill|7\/100\n|move|p1a: Azumarill|Play Rough|p2a: Latios\n|-supereffective|p2a: Latios\n|-damage|p2a: Latios|0 fnt\n|faint|p2a: Latios\n|\n|upkeep\n|\n|t:|1640797375\n|switch|p2a: Gengar|Gengar, F|100\/100\n|turn|20\n|\n|t:|1640797379\n|move|p1a: Azumarill|Aqua Jet|p2a: Gengar\n|-damage|p2a: Gengar|0 fnt\n|faint|p2a: Gengar\n|\n|upkeep\n|-message|Alu9204 forfeited.\n|\n|win|fentonscruggs\n|raw|fentonscruggs's rating: 1364 &rarr; <strong>1379<\/strong><br \/>(+15 for winning)\n|raw|Alu9204's rating: 1274 &rarr; <strong>1255<\/strong><br \/>(-19 for losing)\n|l|\u2606Alu9204\n","uploadtime":1640797392,"views":15,"p1id":"fentonscruggs","p2id":"alu9204","formatid":"gen8bdspou","rating":1255,"private":0,"password":null}