{"id":"gen8ou-1082130126","p1":"CarlyBae","p2":"demons in my head","format":"gen8ou","log":"|j|\u2606CarlyBae\n|j|\u2606demons in my head\n|player|p1|CarlyBae|dawn-gen4pt|1432\n|player|p2|demons in my head|unknown|1418\n|teamsize|p1|6\n|teamsize|p2|6\n|gametype|singles\n|gen|8\n|tier|[Gen 8] OU\n|rated|\n|html|<div class=\"broadcast-red\"><strong>OU is currently suspecting Arena Trap! For information on how to participate check out the <a href=\"https:\/\/www.smogon.com\/forums\/threads\/3661134\/\">suspect thread<\/a>.<\/strong><\/div>\n|clearpoke\n|poke|p1|Primarina, F|\n|poke|p1|Grimmsnarl, M|\n|poke|p1|Terrakion|\n|poke|p1|Kommo-o, M|\n|poke|p1|Blastoise, M|\n|poke|p1|Cinccino, F|\n|poke|p2|Pelipper, F|\n|poke|p2|Qwilfish, F|\n|poke|p2|Mantine, F|\n|poke|p2|Bisharp, F|\n|poke|p2|Clefable, M|\n|poke|p2|Dragapult, M|\n|rule|Sleep Clause Mod: Limit one foe put to sleep\n|rule|Species Clause: Limit one of each Pok\u00e9mon\n|rule|OHKO Clause: OHKO moves are banned\n|rule|Evasion Moves Clause: Evasion moves are banned\n|rule|Endless Battle Clause: Forcing endless battles is banned\n|rule|HP Percentage Mod: HP is shown in percentages\n|rule|Dynamax Clause: You cannot dynamax\n|teampreview\n|inactive|Battle timer is ON: inactive players will automatically lose when time's up. (requested by demons in my head)\n|\n|start\n|switch|p1a: Grimmito|Grimmsnarl, M|100\/100\n|switch|p2a: Pelipper|Pelipper, F|100\/100\n|-weather|RainDance|[from] ability: Drizzle|[of] p2a: Pelipper\n|turn|1\n|\n|switch|p2a: Clefable|Clefable, M|100\/100\n|move|p1a: Grimmito|Reflect|p1a: Grimmito\n|-sidestart|p1: CarlyBae|Reflect\n|\n|-weather|RainDance|[upkeep]\n|upkeep\n|turn|2\n|\n|move|p1a: Grimmito|Light Screen|p1a: Grimmito\n|-sidestart|p1: CarlyBae|move: Light Screen\n|move|p2a: Clefable|Stealth Rock|p1a: Grimmito\n|-sidestart|p1: CarlyBae|move: Stealth Rock\n|\n|-weather|RainDance|[upkeep]\n|upkeep\n|turn|3\n|\n|move|p1a: Grimmito|Thunder Wave|p2a: Clefable\n|-status|p2a: Clefable|par\n|cant|p2a: Clefable|par\n|\n|-weather|RainDance|[upkeep]\n|upkeep\n|turn|4\n|\n|switch|p1a: Sirenita|Primarina, F, shiny|100\/100\n|-damage|p1a: Sirenita|88\/100|[from] Stealth Rock\n|cant|p2a: Clefable|par\n|\n|-weather|RainDance|[upkeep]\n|-heal|p1a: Sirenita|94\/100|[from] item: Leftovers\n|upkeep\n|turn|5\n|\n|move|p1a: Sirenita|Calm Mind|p1a: Sirenita\n|-boost|p1a: Sirenita|spa|1\n|-boost|p1a: Sirenita|spd|1\n|move|p2a: Clefable|Thunder|p1a: Sirenita\n|-supereffective|p1a: Sirenita\n|-damage|p1a: Sirenita|77\/100\n|-status|p1a: Sirenita|par\n|\n|-weather|RainDance|[upkeep]\n|-heal|p1a: Sirenita|83\/100 par|[from] item: Leftovers\n|upkeep\n|turn|6\n|\n|cant|p1a: Sirenita|par\n|move|p2a: Clefable|Thunder|p1a: Sirenita\n|-supereffective|p1a: Sirenita\n|-damage|p1a: Sirenita|63\/100 par\n|\n|-weather|RainDance|[upkeep]\n|-heal|p1a: Sirenita|69\/100 par|[from] item: Leftovers\n|upkeep\n|turn|7\n|\n|move|p1a: Sirenita|Hydro Pump|p2a: Clefable\n|-damage|p2a: Clefable|0 fnt\n|faint|p2a: Clefable\n|\n|-weather|RainDance|[upkeep]\n|-heal|p1a: Sirenita|75\/100 par|[from] item: Leftovers\n|upkeep\n|\n|switch|p2a: Qwilfish|Qwilfish, F|100\/100\n|turn|8\n|\n|move|p2a: Qwilfish|Poison Jab|p1a: Sirenita\n|-supereffective|p1a: Sirenita\n|-damage|p1a: Sirenita|19\/100 par\n|-damage|p2a: Qwilfish|91\/100|[from] item: Life Orb\n|cant|p1a: Sirenita|par\n|\n|-weather|none\n|-heal|p1a: Sirenita|25\/100 par|[from] item: Leftovers\n|-sideend|p1: CarlyBae|Reflect\n|upkeep\n|turn|9\n|c|\u2606demons in my head|!dt reflect\n|raw|<ul class=\"utilichart\"><li class=\"result\"><span class=\"col movenamecol\"><a href=\"https:\/\/dex.pokemonshowdown.com\/moves\/reflect\">Reflect<\/a><\/span> <span class=\"col typecol\"><img src=\"\/\/play.pokemonshowdown.com\/sprites\/types\/Psychic.png\" alt=\"Psychic\" width=\"32\" height=\"14\"><img src=\"\/\/play.pokemonshowdown.com\/sprites\/categories\/Status.png\" alt=\"Status\" width=\"32\" height=\"14\"><\/span> <span class=\"col widelabelcol\"><em>Accuracy<\/em><br>\u2014<\/span> <span class=\"col pplabelcol\"><em>PP<\/em><br>32<\/span> <span class=\"col movedesccol\">For 5 turns, physical damage to allies is halved.<\/span> <\/li><li style=\"clear:both\"><\/li><\/ul>\n|raw|<font size=\"1\"><font color=\"#686868\">Priority:<\/font> 0&nbsp;|&ThickSpace;<font color=\"#686868\">Gen:<\/font> 1&nbsp;|&ThickSpace;<font color=\"#686868\">Z-Effect:<\/font>  Defense +1&nbsp;|&ThickSpace;<font color=\"#686868\">Target:<\/font> User's Side<\/font>\n\n|c|\u2606demons in my head|!weak primarina\n|html|<div class=\"infobox\">Primarina (ignoring abilities):<br \/><span class=\"message-effect-weak\">Weaknesses<\/span>: Electric, Grass, Poison<br \/><span class=\"message-effect-resist\">Resistances<\/span>: Bug, Dark, Fighting, Fire, Ice, Water<br \/><span class=\"message-effect-immune\">Immunities<\/span>: Dragon<\/div>\n|\n|move|p2a: Qwilfish|Poison Jab|p1a: Sirenita\n|-supereffective|p1a: Sirenita\n|-damage|p1a: Sirenita|0 fnt\n|-damage|p2a: Qwilfish|81\/100|[from] item: Life Orb\n|faint|p1a: Sirenita\n|\n|-sideend|p1: CarlyBae|move: Light Screen\n|upkeep\n|\n|switch|p1a: Tortuguito|Blastoise, M, shiny|100\/100\n|-damage|p1a: Tortuguito|88\/100|[from] Stealth Rock\n|turn|10\n|\n|switch|p2a: Dragapult|Dragapult, M|100\/100\n|switch|p1a: Cincinnita|Cinccino, F, shiny|100\/100\n|-damage|p1a: Cincinnita|88\/100|[from] Stealth Rock\n|\n|upkeep\n|turn|11\n|\n|move|p2a: Dragapult|Draco Meteor|p1a: Cincinnita\n|-damage|p1a: Cincinnita|0 fnt\n|-unboost|p2a: Dragapult|spa|2\n|faint|p1a: Cincinnita\n|\n|upkeep\n|\n|switch|p1a: Terrakito|Terrakion, shiny|100\/100\n|-damage|p1a: Terrakito|94\/100|[from] Stealth Rock\n|turn|12\n|\n|move|p2a: Dragapult|U-turn|p1a: Terrakito\n|-resisted|p1a: Terrakito\n|-damage|p1a: Terrakito|84\/100\n|\n|switch|p2a: Pelipper|Pelipper, F|100\/100|[from]move: U-turn\n|-weather|RainDance|[from] ability: Drizzle|[of] p2a: Pelipper\n|move|p1a: Terrakito|Stone Edge|p2a: Pelipper\n|-supereffective|p2a: Pelipper\n|-damage|p2a: Pelipper|27\/100\n|\n|-weather|RainDance|[upkeep]\n|upkeep\n|turn|13\n|\n|switch|p2a: Bisharp|Bisharp, F|100\/100\n|move|p1a: Terrakito|Stone Edge|p2a: Bisharp\n|-resisted|p2a: Bisharp\n|-damage|p2a: Bisharp|73\/100\n|\n|-weather|RainDance|[upkeep]\n|upkeep\n|turn|14\n|\n|move|p1a: Terrakito|Stone Edge|p2a: Bisharp\n|-resisted|p2a: Bisharp\n|-damage|p2a: Bisharp|41\/100\n|move|p2a: Bisharp|Iron Head|p1a: Terrakito\n|-supereffective|p1a: Terrakito\n|-damage|p1a: Terrakito|0 fnt\n|faint|p1a: Terrakito\n|\n|-weather|RainDance|[upkeep]\n|upkeep\n|\n|switch|p1a: Kommito|Kommo-o, M, shiny|100\/100\n|-damage|p1a: Kommito|94\/100|[from] Stealth Rock\n|turn|15\n|\n|move|p1a: Kommito|Clangorous Soul|p1a: Kommito\n|-boost|p1a: Kommito|atk|1\n|-boost|p1a: Kommito|def|1\n|-boost|p1a: Kommito|spa|1\n|-boost|p1a: Kommito|spd|1\n|-boost|p1a: Kommito|spe|1\n|-damage|p1a: Kommito|61\/100\n|-enditem|p1a: Kommito|Throat Spray\n|-boost|p1a: Kommito|spa|1|[from] item: Throat Spray\n|move|p2a: Bisharp|Iron Head|p1a: Kommito\n|-damage|p1a: Kommito|34\/100\n|\n|-weather|RainDance|[upkeep]\n|upkeep\n|turn|16\n|\n|move|p2a: Bisharp|Sucker Punch|p1a: Kommito\n|-resisted|p1a: Kommito\n|-damage|p1a: Kommito|20\/100\n|move|p1a: Kommito|Flamethrower|p2a: Bisharp\n|-supereffective|p2a: Bisharp\n|-damage|p2a: Bisharp|0 fnt\n|faint|p2a: Bisharp\n|\n|-weather|RainDance|[upkeep]\n|upkeep\n|\n|switch|p2a: Mantine|Mantine, F|100\/100\n|turn|17\n|\n|move|p2a: Mantine|Hurricane|p1a: Kommito\n|-supereffective|p1a: Kommito\n|-damage|p1a: Kommito|0 fnt\n|faint|p1a: Kommito\n|\n|-weather|RainDance|[upkeep]\n|upkeep\n|\n|switch|p1a: Grimmito|Grimmsnarl, M|100\/100\n|-damage|p1a: Grimmito|88\/100|[from] Stealth Rock\n|turn|18\n|\n|move|p1a: Grimmito|Light Screen|p1a: Grimmito\n|-sidestart|p1: CarlyBae|move: Light Screen\n|move|p2a: Mantine|Hurricane|p1a: Grimmito\n|-damage|p1a: Grimmito|55\/100\n|-start|p1a: Grimmito|confusion\n|\n|-weather|RainDance|[upkeep]\n|upkeep\n|turn|19\n|\n|-activate|p1a: Grimmito|confusion\n|move|p1a: Grimmito|Thunder Wave|p2a: Mantine\n|-status|p2a: Mantine|par\n|move|p2a: Mantine|Hurricane|p1a: Grimmito\n|-damage|p1a: Grimmito|17\/100\n|\n|-weather|none\n|upkeep\n|turn|20\n|\n|switch|p2a: Pelipper|Pelipper, F|27\/100\n|-weather|RainDance|[from] ability: Drizzle|[of] p2a: Pelipper\n|-end|p1a: Grimmito|confusion\n|move|p1a: Grimmito|Sucker Punch||[still]\n|-fail|p1a: Grimmito\n|\n|-weather|RainDance|[upkeep]\n|upkeep\n|turn|21\n|\n|move|p1a: Grimmito|Thunder Wave|p2a: Pelipper\n|-status|p2a: Pelipper|par\n|move|p2a: Pelipper|Roost|p2a: Pelipper\n|-heal|p2a: Pelipper|78\/100 par\n|-singleturn|p2a: Pelipper|move: Roost\n|\n|-weather|RainDance|[upkeep]\n|upkeep\n|turn|22\n|\n|move|p1a: Grimmito|Sucker Punch|p2a: Pelipper\n|-damage|p2a: Pelipper|51\/100 par\n|move|p2a: Pelipper|Hurricane|p1a: Grimmito\n|-damage|p1a: Grimmito|0 fnt\n|faint|p1a: Grimmito\n|\n|-weather|RainDance|[upkeep]\n|upkeep\n|\n|switch|p1a: Tortuguito|Blastoise, M, shiny|88\/100\n|-damage|p1a: Tortuguito|76\/100|[from] Stealth Rock\n|turn|23\n|\n|move|p1a: Tortuguito|Shell Smash|p1a: Tortuguito\n|-unboost|p1a: Tortuguito|def|1\n|-unboost|p1a: Tortuguito|spd|1\n|-boost|p1a: Tortuguito|atk|2\n|-boost|p1a: Tortuguito|spa|2\n|-boost|p1a: Tortuguito|spe|2\n|-enditem|p1a: Tortuguito|White Herb\n|-clearnegativeboost|p1a: Tortuguito|[silent]\n|move|p2a: Pelipper|U-turn|p1a: Tortuguito\n|-damage|p1a: Tortuguito|66\/100\n|\n|switch|p2a: Qwilfish|Qwilfish, F|81\/100|[from]move: U-turn\n|\n|-weather|RainDance|[upkeep]\n|-heal|p1a: Tortuguito|72\/100|[from] ability: Rain Dish\n|upkeep\n|turn|24\n|\n|move|p2a: Qwilfish|Explosion|p1a: Tortuguito\n|-damage|p1a: Tortuguito|0 fnt\n|faint|p2a: Qwilfish\n|faint|p1a: Tortuguito\n|\n|win|demons in my head\n|l|\u2606CarlyBae\n|raw|CarlyBae's rating: 1431 &rarr; <strong>1410<\/strong><br \/>(-21 for losing)\n|raw|demons in my head's rating: 1418 &rarr; <strong>1439<\/strong><br \/>(+21 for winning)\n","uploadtime":1584676229,"views":5,"p1id":"carlybae","p2id":"demonsinmyhead","formatid":"gen8ou","rating":1410,"private":0,"password":null}