{"id":"gen8almostanyability-1614707356","p1":"Unviabriel","p2":"longhiep341","format":"gen8almostanyability","log":"|j|\u2606Unviabriel\n|j|\u2606longhiep341\n|t:|1657508205\n|gametype|singles\n|player|p1|Unviabriel|shauntal|\n|player|p2|longhiep341|yellow|\n|teamsize|p1|6\n|teamsize|p2|6\n|gen|8\n|tier|[Gen 8] Almost Any Ability\n|rule|Species Clause: Limit one of each Pok\u00e9mon\n|rule|OHKO Clause: OHKO moves are banned\n|rule|Evasion Moves Clause: Evasion moves are banned\n|rule|Endless Battle Clause: Forcing endless battles is banned\n|rule|HP Percentage Mod: HP is shown in percentages\n|rule|2 Ability Clause: Limit two of each ability\n|rule|Dynamax Clause: You cannot dynamax\n|rule|Sleep Clause: Sleep-inducing moves are banned\n|clearpoke\n|poke|p1|Genesect|\n|poke|p1|Zapdos|\n|poke|p1|Ferrothorn, M|\n|poke|p1|Mandibuzz, F|\n|poke|p1|Garchomp, F|\n|poke|p1|Toxapex, M|\n|poke|p2|Escavalier, M|\n|poke|p2|Toxapex, M|\n|poke|p2|Zapdos|\n|poke|p2|Slowking-Galar, F|\n|poke|p2|Tapu Bulu|\n|poke|p2|Swampert, F|\n|teampreview\n|c|\u2606Unviabriel|glhf\n|c|\u2606longhiep341|u2\n|\n|t:|1657508267\n|start\n|switch|p1a: Ferrothorn|Ferrothorn, M|100\/100\n|switch|p2a: Escavalier|Escavalier, M|100\/100\n|turn|1\n|\n|t:|1657508296\n|switch|p1a: Toxapex|Toxapex, M|100\/100\n|switch|p2a: Tapu Bulu|Tapu Bulu|100\/100\n|\n|upkeep\n|turn|2\n|\n|t:|1657508307\n|move|p2a: Tapu Bulu|Horn Leech|p1a: Toxapex\n|-crit|p1a: Toxapex\n|-damage|p1a: Toxapex|68\/100\n|move|p1a: Toxapex|Scald|p2a: Tapu Bulu\n|-resisted|p2a: Tapu Bulu\n|-damage|p2a: Tapu Bulu|92\/100\n|\n|-heal|p2a: Tapu Bulu|98\/100|[from] item: Leftovers\n|-heal|p1a: Toxapex|74\/100|[from] item: Black Sludge\n|upkeep\n|turn|3\n|\n|t:|1657508319\n|switch|p2a: Swampert|Swampert, F|100\/100\n|move|p1a: Toxapex|Scald|p2a: Swampert\n|-damage|p2a: Swampert|85\/100\n|\n|-heal|p1a: Toxapex|80\/100|[from] item: Black Sludge\n|upkeep\n|turn|4\n|\n|t:|1657508330\n|switch|p1a: Ferrothorn|Ferrothorn, M|100\/100\n|move|p2a: Swampert|Stealth Rock|p1a: Ferrothorn\n|-sidestart|p1: Unviabriel|move: Stealth Rock\n|\n|upkeep\n|turn|5\n|\n|t:|1657508350\n|switch|p2a: Tapu Bulu|Tapu Bulu|98\/100\n|move|p1a: Ferrothorn|Stealth Rock|p2a: Tapu Bulu\n|move|p2a: Tapu Bulu|Stealth Rock||[from]ability: Magic Bounce|[still]\n|-fail|p2a: Tapu Bulu\n|\n|-heal|p2a: Tapu Bulu|100\/100|[from] item: Leftovers\n|upkeep\n|turn|6\n|\n|t:|1657508363\n|switch|p2a: Escavalier|Escavalier, M|100\/100\n|move|p1a: Ferrothorn|Knock Off|p2a: Escavalier\n|-damage|p2a: Escavalier|81\/100\n|-enditem|p2a: Escavalier|Assault Vest|[from] move: Knock Off|[of] p1a: Ferrothorn\n|\n|upkeep\n|turn|7\n|\n|t:|1657508385\n|switch|p2a: Tapu Bulu|Tapu Bulu|100\/100\n|move|p1a: Ferrothorn|Stealth Rock|p2a: Tapu Bulu\n|move|p2a: Tapu Bulu|Stealth Rock||[from]ability: Magic Bounce|[still]\n|-fail|p2a: Tapu Bulu\n|\n|upkeep\n|turn|8\n|\n|t:|1657508397\n|move|p2a: Tapu Bulu|Brick Break|p1a: Ferrothorn\n|-supereffective|p1a: Ferrothorn\n|-damage|p1a: Ferrothorn|66\/100\n|-damage|p2a: Tapu Bulu|84\/100|[from] item: Rocky Helmet|[of] p1a: Ferrothorn\n|move|p1a: Ferrothorn|Knock Off|p2a: Tapu Bulu\n|-resisted|p2a: Tapu Bulu\n|-damage|p2a: Tapu Bulu|77\/100\n|-enditem|p2a: Tapu Bulu|Leftovers|[from] move: Knock Off|[of] p1a: Ferrothorn\n|\n|upkeep\n|turn|9\n|\n|t:|1657508415\n|switch|p2a: Escavalier|Escavalier, M|100\/100\n|switch|p1a: Toxapex|Toxapex, M|80\/100\n|-damage|p1a: Toxapex|68\/100|[from] Stealth Rock\n|\n|-heal|p1a: Toxapex|74\/100|[from] item: Black Sludge\n|upkeep\n|turn|10\n|\n|t:|1657508434\n|move|p2a: Escavalier|Knock Off|p1a: Toxapex\n|-damage|p1a: Toxapex|53\/100\n|-enditem|p1a: Toxapex|Black Sludge|[from] move: Knock Off|[of] p2a: Escavalier\n|move|p1a: Toxapex|Scald|p2a: Escavalier\n|-damage|p2a: Escavalier|88\/100\n|-status|p2a: Escavalier|brn\n|\n|-damage|p2a: Escavalier|82\/100 brn|[from] brn\n|upkeep\n|turn|11\n|\n|t:|1657508447\n|switch|p2a: Slowking|Slowking-Galar, F|100\/100\n|move|p1a: Toxapex|Recover|p1a: Toxapex\n|-heal|p1a: Toxapex|100\/100\n|\n|upkeep\n|turn|12\n|\n|t:|1657508496\n|switch|p1a: Mandibuzz|Mandibuzz, F|100\/100\n|-ability|p1a: Mandibuzz|Dauntless Shield|boost\n|-boost|p1a: Mandibuzz|def|1\n|move|p2a: Slowking|Scald|p1a: Mandibuzz\n|-damage|p1a: Mandibuzz|85\/100\n|\n|upkeep\n|turn|13\n|inactive|Battle timer is ON: inactive players will automatically lose when time's up. (requested by longhiep341)\n|\n|t:|1657508511\n|move|p1a: Mandibuzz|Defog|p2a: Slowking\n|-unboost|p2a: Slowking|evasion|1\n|-sideend|p1: Unviabriel|Stealth Rock|[from] move: Defog|[of] p1a: Mandibuzz\n|move|p2a: Slowking|Sludge Bomb|p1a: Mandibuzz\n|-damage|p1a: Mandibuzz|58\/100\n|-status|p1a: Mandibuzz|psn\n|\n|-damage|p1a: Mandibuzz|46\/100 psn|[from] psn\n|upkeep\n|turn|14\n|\n|t:|1657508520\n|move|p1a: Mandibuzz|Roost|p1a: Mandibuzz\n|-heal|p1a: Mandibuzz|96\/100 psn\n|-singleturn|p1a: Mandibuzz|move: Roost\n|move|p2a: Slowking|Calm Mind|p2a: Slowking\n|-boost|p2a: Slowking|spa|1\n|-boost|p2a: Slowking|spd|1\n|\n|-damage|p1a: Mandibuzz|84\/100 psn|[from] psn\n|upkeep\n|turn|15\n|\n|t:|1657508533\n|move|p1a: Mandibuzz|U-turn|p2a: Slowking\n|-damage|p2a: Slowking|92\/100\n|\n|t:|1657508541\n|switch|p1a: Toxapex|Toxapex, M|100\/100|[from]move: U-turn\n|move|p2a: Slowking|Scald|p1a: Toxapex\n|-resisted|p1a: Toxapex\n|-damage|p1a: Toxapex|89\/100\n|\n|upkeep\n|turn|16\n|\n|t:|1657508550\n|move|p1a: Toxapex|Haze|p1a: Toxapex\n|-clearallboost\n|move|p2a: Slowking|Scald|p1a: Toxapex\n|-resisted|p1a: Toxapex\n|-damage|p1a: Toxapex|81\/100\n|-status|p1a: Toxapex|brn\n|\n|-damage|p1a: Toxapex|75\/100 brn|[from] brn\n|upkeep\n|turn|17\n|\n|t:|1657508566\n|switch|p2a: Swampert|Swampert, F|100\/100\n|move|p1a: Toxapex|Scald|p2a: Swampert\n|-crit|p2a: Swampert\n|-damage|p2a: Swampert|76\/100\n|\n|-damage|p1a: Toxapex|69\/100 brn|[from] brn\n|upkeep\n|turn|18\n|inactive|Unviabriel has 270 seconds left.\n|\n|t:|1657508605\n|switch|p1a: Ferrothorn|Ferrothorn, M|99\/100\n|move|p2a: Swampert|Stealth Rock|p1a: Ferrothorn\n|-sidestart|p1: Unviabriel|move: Stealth Rock\n|\n|upkeep\n|turn|19\n|inactive|Unviabriel has 270 seconds left.\n|\n|t:|1657508611\n|switch|p2a: Tapu Bulu|Tapu Bulu|77\/100\n|move|p1a: Ferrothorn|Knock Off|p2a: Tapu Bulu\n|-resisted|p2a: Tapu Bulu\n|-damage|p2a: Tapu Bulu|72\/100\n|\n|upkeep\n|turn|20\n|inactive|Unviabriel has 270 seconds left.\n|\n|t:|1657508633\n|switch|p1a: Genesect|Genesect, shiny|100\/100\n|-damage|p1a: Genesect|88\/100|[from] Stealth Rock\n|move|p2a: Tapu Bulu|Bulk Up|p2a: Tapu Bulu\n|-boost|p2a: Tapu Bulu|atk|1\n|-boost|p2a: Tapu Bulu|def|1\n|\n|upkeep\n|turn|21\n|\n|t:|1657508653\n|switch|p2a: Swampert|Swampert, F|100\/100\n|move|p1a: Genesect|U-turn|p2a: Swampert\n|-damage|p2a: Swampert|78\/100\n|-damage|p1a: Genesect|72\/100|[from] item: Rocky Helmet|[of] p2a: Swampert\n|inactive|Unviabriel has 240 seconds left.\n|\n|t:|1657508698\n|switch|p1a: Ferrothorn|Ferrothorn, M|100\/100|[from]move: U-turn\n|-damage|p1a: Ferrothorn|95\/100|[from] Stealth Rock\n|\n|upkeep\n|turn|22\n|\n|t:|1657508710\n|move|p2a: Swampert|Flip Turn|p1a: Ferrothorn\n|-resisted|p1a: Ferrothorn\n|-damage|p1a: Ferrothorn|86\/100\n|-damage|p2a: Swampert|62\/100|[from] item: Rocky Helmet|[of] p1a: Ferrothorn\n|\n|t:|1657508713\n|switch|p2a: Tapu Bulu|Tapu Bulu|72\/100|[from]move: Flip Turn\n|move|p1a: Ferrothorn|Stealth Rock|p2a: Tapu Bulu\n|move|p2a: Tapu Bulu|Stealth Rock||[from]ability: Magic Bounce|[still]\n|-fail|p2a: Tapu Bulu\n|\n|upkeep\n|turn|23\n|\n|t:|1657508721\n|switch|p1a: Genesect|Genesect, shiny|100\/100\n|-damage|p1a: Genesect|88\/100|[from] Stealth Rock\n|move|p2a: Tapu Bulu|Bulk Up|p2a: Tapu Bulu\n|-boost|p2a: Tapu Bulu|atk|1\n|-boost|p2a: Tapu Bulu|def|1\n|\n|upkeep\n|turn|24\n|\n|t:|1657508731\n|switch|p2a: Swampert|Swampert, F|95\/100\n|move|p1a: Genesect|Gunk Shot|p2a: Swampert\n|-resisted|p2a: Swampert\n|-damage|p2a: Swampert|83\/100\n|\n|upkeep\n|turn|25\n|inactive|Unviabriel has 240 seconds left.\n|\n|t:|1657508743\n|switch|p1a: Ferrothorn|Ferrothorn, M|100\/100\n|-damage|p1a: Ferrothorn|95\/100|[from] Stealth Rock\n|move|p2a: Swampert|Scald|p1a: Ferrothorn\n|-resisted|p1a: Ferrothorn\n|-damage|p1a: Ferrothorn|87\/100\n|\n|upkeep\n|turn|26\n|inactive|Unviabriel has 240 seconds left.\n|inactive|Unviabriel has 210 seconds left.\n|j|+Quantum Tesseract\n|\n|t:|1657508780\n|switch|p1a: Mandibuzz|Mandibuzz, F|84\/100 psn\n|-ability|p1a: Mandibuzz|Dauntless Shield|boost\n|-boost|p1a: Mandibuzz|def|1\n|move|p2a: Swampert|Flip Turn|p1a: Mandibuzz\n|-damage|p1a: Mandibuzz|75\/100 psn\n|\n|t:|1657508794\n|switch|p2a: Zapdos|Zapdos|100\/100|[from]move: Flip Turn\n|-weather|PrimordialSea|[from] ability: Primordial Sea|[of] p2a: Zapdos\n|\n|-weather|PrimordialSea|[upkeep]\n|-damage|p1a: Mandibuzz|63\/100 psn|[from] psn\n|upkeep\n|turn|27\n|inactive|Unviabriel has 210 seconds left.\n|inactive|Unviabriel has 180 seconds left.\n|\n|t:|1657508860\n|switch|p1a: Ferrothorn|Ferrothorn, M|100\/100\n|-damage|p1a: Ferrothorn|95\/100|[from] Stealth Rock\n|move|p2a: Zapdos|Hurricane|p1a: Ferrothorn\n|-damage|p1a: Ferrothorn|63\/100\n|\n|-weather|PrimordialSea|[upkeep]\n|upkeep\n|turn|28\n|inactive|Unviabriel has 150 seconds left.\n|\n|t:|1657508887\n|move|p2a: Zapdos|Hurricane|p1a: Ferrothorn\n|-damage|p1a: Ferrothorn|31\/100\n|move|p1a: Ferrothorn|Knock Off|p2a: Zapdos\n|-damage|p2a: Zapdos|84\/100\n|-enditem|p2a: Zapdos|Heavy-Duty Boots|[from] move: Knock Off|[of] p1a: Ferrothorn\n|\n|-weather|PrimordialSea|[upkeep]\n|upkeep\n|turn|29\n|inactive|Unviabriel has 150 seconds left.\n|inactive|Unviabriel has 120 seconds left.\n|\n|t:|1657508945\n|switch|p1a: Zapdos|Zapdos|100\/100\n|move|p2a: Zapdos|Thunder|p1a: Zapdos\n|-damage|p1a: Zapdos|51\/100\n|\n|-weather|PrimordialSea|[upkeep]\n|upkeep\n|turn|30\n|\n|t:|1657508961\n|switch|p2a: Swampert|Swampert, F|100\/100\n|move|p1a: Zapdos|Roost|p1a: Zapdos\n|-heal|p1a: Zapdos|100\/100\n|-singleturn|p1a: Zapdos|move: Roost\n|\n|-weather|PrimordialSea|[upkeep]\n|upkeep\n|turn|31\n|inactive|Unviabriel has 90 seconds left.\n|\n|t:|1657508998\n|move|p1a: Zapdos|Hurricane|p2a: Swampert\n|-damage|p2a: Swampert|44\/100\n|move|p2a: Swampert|Scald|p1a: Zapdos\n|-damage|p1a: Zapdos|62\/100\n|-status|p1a: Zapdos|brn\n|\n|-weather|PrimordialSea|[upkeep]\n|-damage|p1a: Zapdos|56\/100 brn|[from] brn\n|upkeep\n|turn|32\n|\n|t:|1657509008\n|switch|p2a: Escavalier|Escavalier, M|100\/100 brn\n|move|p1a: Zapdos|Hurricane|p2a: Escavalier\n|-damage|p2a: Escavalier|58\/100 brn\n|\n|-weather|PrimordialSea|[upkeep]\n|-damage|p1a: Zapdos|50\/100 brn|[from] brn\n|-damage|p2a: Escavalier|52\/100 brn|[from] brn\n|upkeep\n|turn|33\n|inactive|Unviabriel has 60 seconds left.\n|\n|t:|1657509049\n|move|p1a: Zapdos|Hurricane|p2a: Escavalier\n|-damage|p2a: Escavalier|12\/100 brn\n|-start|p2a: Escavalier|confusion\n|-activate|p2a: Escavalier|confusion\n|move|p2a: Escavalier|Knock Off|p1a: Zapdos\n|-damage|p1a: Zapdos|34\/100 brn\n|-enditem|p1a: Zapdos|Heavy-Duty Boots|[from] move: Knock Off|[of] p2a: Escavalier\n|\n|-weather|PrimordialSea|[upkeep]\n|-damage|p1a: Zapdos|28\/100 brn|[from] brn\n|-damage|p2a: Escavalier|6\/100 brn|[from] brn\n|upkeep\n|turn|34\n|\n|t:|1657509059\n|switch|p2a: Swampert|Swampert, F|77\/100\n|move|p1a: Zapdos|Hurricane|p2a: Swampert\n|-damage|p2a: Swampert|18\/100\n|\n|-weather|PrimordialSea|[upkeep]\n|-damage|p1a: Zapdos|22\/100 brn|[from] brn\n|upkeep\n|turn|35\n|\n|t:|1657509066\n|switch|p2a: Zapdos|Zapdos|84\/100\n|move|p1a: Zapdos|Hurricane|p2a: Zapdos\n|-resisted|p2a: Zapdos\n|-damage|p2a: Zapdos|54\/100\n|\n|-weather|PrimordialSea|[upkeep]\n|-damage|p1a: Zapdos|15\/100 brn|[from] brn\n|upkeep\n|turn|36\n|j| Ad.... 067 \u30c4\n|inactive|Unviabriel has 60 seconds left.\n|inactive|longhiep341 has 270 seconds left.\n|\n|t:|1657509099\n|switch|p2a: Slowking|Slowking-Galar, F|92\/100\n|move|p1a: Zapdos|Weather Ball|p2a: Slowking\n|-damage|p2a: Slowking|52\/100\n|\n|-weather|PrimordialSea|[upkeep]\n|-damage|p1a: Zapdos|9\/100 brn|[from] brn\n|upkeep\n|turn|37\n|n| Ad.... 0777 \u30c4|ad067\n|inactive|Unviabriel has 30 seconds left.\n|inactive|Unviabriel has 20 seconds left.\n|inactive|Unviabriel has 15 seconds left.\n|inactive|Unviabriel has 10 seconds left.\n|\n|t:|1657509150\n|move|p1a: Zapdos|Volt Switch|p2a: Slowking\n|-heal|p2a: Slowking|76\/100|[from] ability: Volt Absorb|[of] p1a: Zapdos\n|move|p2a: Slowking|Slack Off|p2a: Slowking\n|-heal|p2a: Slowking|100\/100\n|\n|-weather|PrimordialSea|[upkeep]\n|-damage|p1a: Zapdos|3\/100 brn|[from] brn\n|upkeep\n|turn|38\n|inactive|Unviabriel has 20 seconds left this turn.\n|inactive|Unviabriel has 15 seconds left.\n|inactive|longhiep341 has 270 seconds left.\n|inactive|Unviabriel has 10 seconds left.\n|inactive|Unviabriel has 5 seconds left.\n|\n|t:|1657509166\n|-weather|none\n|switch|p1a: Mandibuzz|Mandibuzz, F|63\/100 psn\n|-ability|p1a: Mandibuzz|Dauntless Shield|boost\n|-boost|p1a: Mandibuzz|def|1\n|move|p2a: Slowking|Sludge Bomb|p1a: Mandibuzz\n|-damage|p1a: Mandibuzz|34\/100 psn\n|\n|-damage|p1a: Mandibuzz|22\/100 psn|[from] psn\n|upkeep\n|turn|39\n|inactive|Unviabriel has 15 seconds left this turn.\n|inactive|Unviabriel has 10 seconds left.\n|\n|t:|1657509171\n|switch|p2a: Swampert|Swampert, F|51\/100\n|move|p1a: Mandibuzz|Defog|p2a: Swampert\n|-unboost|p2a: Swampert|evasion|1\n|-sideend|p1: Unviabriel|Stealth Rock|[from] move: Defog|[of] p1a: Mandibuzz\n|\n|-damage|p1a: Mandibuzz|10\/100 psn|[from] psn\n|upkeep\n|turn|40\n|inactive|Unviabriel has 20 seconds left this turn.\n|inactive|Unviabriel has 15 seconds left.\n|inactive|Unviabriel has 10 seconds left.\n|\n|t:|1657509183\n|switch|p1a: Ferrothorn|Ferrothorn, M|64\/100\n|move|p2a: Swampert|Stealth Rock|p1a: Ferrothorn\n|-sidestart|p1: Unviabriel|move: Stealth Rock\n|\n|upkeep\n|turn|41\n|inactive|Unviabriel has 20 seconds left this turn.\n|inactive|Unviabriel has 15 seconds left.\n|inactive|Unviabriel has 10 seconds left.\n|\n|t:|1657509193\n|switch|p2a: Tapu Bulu|Tapu Bulu|72\/100\n|move|p1a: Ferrothorn|Iron Defense|p1a: Ferrothorn\n|-boost|p1a: Ferrothorn|def|2\n|\n|upkeep\n|turn|42\n|inactive|Unviabriel has 20 seconds left this turn.\n|inactive|Unviabriel has 15 seconds left.\n|inactive|Unviabriel has 10 seconds left.\n|\n|t:|1657509206\n|move|p2a: Tapu Bulu|Bulk Up|p2a: Tapu Bulu\n|-boost|p2a: Tapu Bulu|atk|1\n|-boost|p2a: Tapu Bulu|def|1\n|move|p1a: Ferrothorn|Iron Defense|p1a: Ferrothorn\n|-boost|p1a: Ferrothorn|def|2\n|\n|upkeep\n|turn|43\n|inactive|Unviabriel has 20 seconds left this turn.\n|\n|t:|1657509211\n|move|p2a: Tapu Bulu|Bulk Up|p2a: Tapu Bulu\n|-boost|p2a: Tapu Bulu|atk|1\n|-boost|p2a: Tapu Bulu|def|1\n|move|p1a: Ferrothorn|Iron Defense|p1a: Ferrothorn\n|-boost|p1a: Ferrothorn|def|2\n|\n|upkeep\n|turn|44\n|inactive|Unviabriel has 30 seconds left this turn.\n|\n|t:|1657509215\n|move|p2a: Tapu Bulu|Bulk Up|p2a: Tapu Bulu\n|-boost|p2a: Tapu Bulu|atk|1\n|-boost|p2a: Tapu Bulu|def|1\n|move|p1a: Ferrothorn|Body Press|p2a: Tapu Bulu\n|-resisted|p2a: Tapu Bulu\n|-damage|p2a: Tapu Bulu|59\/100\n|\n|upkeep\n|turn|45\n|inactive|Unviabriel has 30 seconds left.\n|\n|t:|1657509231\n|switch|p1a: Zapdos|Zapdos|3\/100 brn\n|-damage|p1a: Zapdos|0 fnt|[from] Stealth Rock\n|faint|p1a: Zapdos\n|move|p2a: Tapu Bulu|Synthesis|p2a: Tapu Bulu\n|-heal|p2a: Tapu Bulu|100\/100\n|\n|upkeep\n|inactive|Unviabriel has 30 seconds left this turn.\n|\n|t:|1657509237\n|switch|p1a: Genesect|Genesect, shiny|100\/100\n|-damage|p1a: Genesect|88\/100|[from] Stealth Rock\n|turn|46\n|inactive|Unviabriel has 30 seconds left.\n|inactive|Unviabriel has 20 seconds left.\n|inactive|Unviabriel has 15 seconds left.\n|\n|t:|1657509258\n|switch|p2a: Toxapex|Toxapex, M|100\/100\n|move|p1a: Genesect|U-turn|p2a: Toxapex\n|-resisted|p2a: Toxapex\n|-damage|p2a: Toxapex|91\/100\n|-damage|p1a: Genesect|72\/100|[from] item: Rocky Helmet|[of] p2a: Toxapex\n|inactive|Unviabriel has 20 seconds left this turn.\n|inactive|Unviabriel has 15 seconds left.\n|inactive|Unviabriel has 10 seconds left.\n|\n|t:|1657509271\n|switch|p1a: Garchomp|Garchomp, F|100\/100|[from]move: U-turn\n|-damage|p1a: Garchomp|94\/100|[from] Stealth Rock\n|\n|upkeep\n|turn|47\n|inactive|Unviabriel has 20 seconds left this turn.\n|\n|t:|1657509275\n|switch|p2a: Tapu Bulu|Tapu Bulu|100\/100\n|move|p1a: Garchomp|Earthquake|p2a: Tapu Bulu\n|-resisted|p2a: Tapu Bulu\n|-damage|p2a: Tapu Bulu|78\/100\n|\n|upkeep\n|turn|48\n|inactive|Unviabriel has 30 seconds left this turn.\n|\n|t:|1657509281\n|switch|p1a: Genesect|Genesect, shiny|100\/100\n|-damage|p1a: Genesect|88\/100|[from] Stealth Rock\n|move|p2a: Tapu Bulu|Bulk Up|p2a: Tapu Bulu\n|-boost|p2a: Tapu Bulu|atk|1\n|-boost|p2a: Tapu Bulu|def|1\n|\n|upkeep\n|turn|49\n|inactive|Unviabriel has 30 seconds left.\n|\n|t:|1657509292\n|switch|p2a: Swampert|Swampert, F|85\/100\n|move|p1a: Genesect|U-turn|p2a: Swampert\n|-damage|p2a: Swampert|65\/100\n|-damage|p1a: Genesect|72\/100|[from] item: Rocky Helmet|[of] p2a: Swampert\n|inactive|Unviabriel has 30 seconds left this turn.\n|l| Ad.... 0777 \u30c4\n|inactive|Unviabriel has 20 seconds left.\n|inactive|Unviabriel has 15 seconds left.\n|inactive|Unviabriel has 10 seconds left.\n|\n|t:|1657509315\n|switch|p1a: Garchomp|Garchomp, F|94\/100|[from]move: U-turn\n|-damage|p1a: Garchomp|88\/100|[from] Stealth Rock\n|\n|upkeep\n|turn|50\n|inactive|Unviabriel has 20 seconds left this turn.\n|inactive|Unviabriel has 15 seconds left.\n|inactive|Unviabriel has 10 seconds left.\n|\n|t:|1657509331\n|switch|p2a: Tapu Bulu|Tapu Bulu|78\/100\n|move|p1a: Garchomp|Earthquake|p2a: Tapu Bulu\n|-resisted|p2a: Tapu Bulu\n|-damage|p2a: Tapu Bulu|50\/100\n|\n|upkeep\n|turn|51\n|inactive|Unviabriel has 20 seconds left this turn.\n|inactive|Unviabriel has 15 seconds left.\n|\n|t:|1657509336\n|switch|p1a: Genesect|Genesect, shiny|100\/100\n|-damage|p1a: Genesect|88\/100|[from] Stealth Rock\n|move|p2a: Tapu Bulu|Synthesis|p2a: Tapu Bulu\n|-heal|p2a: Tapu Bulu|100\/100\n|\n|upkeep\n|turn|52\n|inactive|Unviabriel has 25 seconds left this turn.\n|\n|t:|1657509345\n|switch|p2a: Swampert|Swampert, F|98\/100\n|move|p1a: Genesect|U-turn|p2a: Swampert\n|-crit|p2a: Swampert\n|-damage|p2a: Swampert|67\/100\n|-damage|p1a: Genesect|72\/100|[from] item: Rocky Helmet|[of] p2a: Swampert\n|inactive|Unviabriel has 30 seconds left this turn.\n|inactive|Unviabriel has 20 seconds left.\n|inactive|Unviabriel has 15 seconds left.\n|inactive|Unviabriel has 10 seconds left.\n|\n|t:|1657509366\n|switch|p1a: Garchomp|Garchomp, F|88\/100|[from]move: U-turn\n|-damage|p1a: Garchomp|82\/100|[from] Stealth Rock\n|\n|upkeep\n|turn|53\n|inactive|Unviabriel has 20 seconds left this turn.\n|inactive|Unviabriel has 15 seconds left.\n|inactive|Unviabriel has 10 seconds left.\n|\n|t:|1657509376\n|move|p1a: Garchomp|Outrage|p2a: Swampert\n|-damage|p2a: Swampert|0 fnt\n|-damage|p1a: Garchomp|65\/100|[from] item: Rocky Helmet|[of] p2a: Swampert\n|faint|p2a: Swampert\n|\n|upkeep\n|inactive|Unviabriel has 15 seconds left this turn.\n|\n|t:|1657509386\n|switch|p2a: Tapu Bulu|Tapu Bulu|100\/100\n|turn|54\n|inactive|Unviabriel has 25 seconds left this turn.\n|\n|t:|1657509388\n|move|p1a: Garchomp|Outrage|p2a: Tapu Bulu|[from]lockedmove\n|-immune|p2a: Tapu Bulu\n|move|p2a: Tapu Bulu|Horn Leech|p1a: Garchomp\n|-damage|p1a: Garchomp|33\/100\n|\n|upkeep\n|turn|55\n|\n|t:|1657509402\n|switch|p1a: Genesect|Genesect, shiny|100\/100\n|-damage|p1a: Genesect|88\/100|[from] Stealth Rock\n|move|p2a: Tapu Bulu|Horn Leech|p1a: Genesect\n|-resisted|p1a: Genesect\n|-damage|p1a: Genesect|79\/100\n|\n|upkeep\n|turn|56\n|\n|t:|1657509409\n|switch|p2a: Escavalier|Escavalier, M|39\/100 brn\n|move|p1a: Genesect|U-turn|p2a: Escavalier\n|-resisted|p2a: Escavalier\n|-damage|p2a: Escavalier|23\/100 brn\n|inactive|Unviabriel has 30 seconds left.\n|\n|t:|1657509425\n|switch|p1a: Toxapex|Toxapex, M|69\/100 brn|[from]move: U-turn\n|-damage|p1a: Toxapex|56\/100 brn|[from] Stealth Rock\n|\n|-damage|p2a: Escavalier|16\/100 brn|[from] brn\n|-damage|p1a: Toxapex|50\/100 brn|[from] brn\n|upkeep\n|turn|57\n|\n|t:|1657509448\n|switch|p2a: Zapdos|Zapdos|54\/100\n|-weather|PrimordialSea|[from] ability: Primordial Sea|[of] p2a: Zapdos\n|move|p1a: Toxapex|Scald|p2a: Zapdos\n|-damage|p2a: Zapdos|28\/100\n|\n|-weather|PrimordialSea|[upkeep]\n|-damage|p1a: Toxapex|44\/100 brn|[from] brn\n|upkeep\n|turn|58\n|inactive|Unviabriel has 30 seconds left.\n|j| lazzerpenguin\n|inactive|Unviabriel has 20 seconds left.\n|\n|t:|1657509481\n|switch|p1a: Mandibuzz|Mandibuzz, F|10\/100 psn\n|-ability|p1a: Mandibuzz|Dauntless Shield|boost\n|-boost|p1a: Mandibuzz|def|1\n|move|p2a: Zapdos|Roost|p2a: Zapdos\n|-heal|p2a: Zapdos|78\/100\n|-singleturn|p2a: Zapdos|move: Roost\n|\n|-weather|PrimordialSea|[upkeep]\n|-damage|p1a: Mandibuzz|0 fnt|[from] psn\n|faint|p1a: Mandibuzz\n|upkeep\n|inactive|Unviabriel has 25 seconds left this turn.\n|inactive|Unviabriel has 20 seconds left.\n|inactive|Unviabriel has 15 seconds left.\n|\n|t:|1657509496\n|switch|p1a: Genesect|Genesect, shiny|100\/100\n|-damage|p1a: Genesect|88\/100|[from] Stealth Rock\n|turn|59\n|inactive|Unviabriel has 25 seconds left this turn.\n|inactive|Unviabriel has 20 seconds left.\n|\n|t:|1657509503\n|-weather|none\n|switch|p2a: Escavalier|Escavalier, M|50\/100 brn\n|move|p1a: Genesect|Ice Beam|p2a: Escavalier\n|-resisted|p2a: Escavalier\n|-damage|p2a: Escavalier|41\/100 brn\n|\n|-damage|p2a: Escavalier|35\/100 brn|[from] brn\n|upkeep\n|turn|60\n|inactive|Unviabriel has 30 seconds left this turn.\n|\n|t:|1657509513\n|switch|p1a: Ferrothorn|Ferrothorn, M|98\/100\n|-damage|p1a: Ferrothorn|92\/100|[from] Stealth Rock\n|switch|p2a: Zapdos|Zapdos|78\/100\n|-weather|PrimordialSea|[from] ability: Primordial Sea|[of] p2a: Zapdos\n|\n|-weather|PrimordialSea|[upkeep]\n|upkeep\n|turn|61\n|inactive|Unviabriel has 30 seconds left.\n|\n|t:|1657509526\n|-weather|none\n|switch|p2a: Tapu Bulu|Tapu Bulu|100\/100\n|move|p1a: Ferrothorn|Iron Defense|p1a: Ferrothorn\n|-boost|p1a: Ferrothorn|def|2\n|\n|upkeep\n|turn|62\n|\n|t:|1657509533\n|switch|p1a: Genesect|Genesect, shiny|100\/100\n|-damage|p1a: Genesect|88\/100|[from] Stealth Rock\n|move|p2a: Tapu Bulu|Bulk Up|p2a: Tapu Bulu\n|-boost|p2a: Tapu Bulu|atk|1\n|-boost|p2a: Tapu Bulu|def|1\n|\n|upkeep\n|turn|63\n|\n|t:|1657509544\n|switch|p2a: Toxapex|Toxapex, M|91\/100\n|move|p1a: Genesect|Gunk Shot|p2a: Toxapex\n|-resisted|p2a: Toxapex\n|-damage|p2a: Toxapex|79\/100\n|\n|upkeep\n|turn|64\n|\n|t:|1657509552\n|switch|p1a: Toxapex|Toxapex, M|44\/100 brn\n|-damage|p1a: Toxapex|31\/100 brn|[from] Stealth Rock\n|move|p2a: Toxapex|Knock Off|p1a: Toxapex\n|-damage|p1a: Toxapex|25\/100 brn\n|\n|-damage|p1a: Toxapex|18\/100 brn|[from] brn\n|upkeep\n|turn|65\n|\n|t:|1657509576\n|switch|p2a: Zapdos|Zapdos|78\/100\n|-weather|PrimordialSea|[from] ability: Primordial Sea|[of] p2a: Zapdos\n|move|p1a: Toxapex|Recover|p1a: Toxapex\n|-heal|p1a: Toxapex|68\/100 brn\n|\n|-weather|PrimordialSea|[upkeep]\n|-damage|p1a: Toxapex|62\/100 brn|[from] brn\n|upkeep\n|turn|66\n|\n|t:|1657509592\n|switch|p1a: Ferrothorn|Ferrothorn, M|100\/100\n|-damage|p1a: Ferrothorn|95\/100|[from] Stealth Rock\n|move|p2a: Zapdos|Hurricane|p1a: Ferrothorn\n|-damage|p1a: Ferrothorn|63\/100\n|\n|-weather|PrimordialSea|[upkeep]\n|upkeep\n|turn|67\n|\n|t:|1657509607\n|-weather|none\n|switch|p2a: Tapu Bulu|Tapu Bulu|100\/100\n|move|p1a: Ferrothorn|Stealth Rock|p2a: Tapu Bulu\n|move|p2a: Tapu Bulu|Stealth Rock||[from]ability: Magic Bounce|[still]\n|-fail|p2a: Tapu Bulu\n|\n|upkeep\n|turn|68\n|\n|t:|1657509624\n|switch|p1a: Genesect|Genesect, shiny|100\/100\n|-damage|p1a: Genesect|88\/100|[from] Stealth Rock\n|move|p2a: Tapu Bulu|Brick Break|p1a: Genesect\n|-damage|p1a: Genesect|63\/100\n|\n|upkeep\n|turn|69\n|inactive|Unviabriel has 60 seconds left.\n|\n|t:|1657509633\n|switch|p2a: Toxapex|Toxapex, M|79\/100\n|move|p1a: Genesect|U-turn|p2a: Toxapex\n|-resisted|p2a: Toxapex\n|-damage|p2a: Toxapex|69\/100\n|-damage|p1a: Genesect|46\/100|[from] item: Rocky Helmet|[of] p2a: Toxapex\n|inactive|Unviabriel has 60 seconds left.\n|\n|t:|1657509655\n|switch|p1a: Garchomp|Garchomp, F|33\/100|[from]move: U-turn\n|-damage|p1a: Garchomp|27\/100|[from] Stealth Rock\n|\n|upkeep\n|turn|70\n|\n|t:|1657509661\n|switch|p1a: Genesect|Genesect, shiny|80\/100\n|-damage|p1a: Genesect|67\/100|[from] Stealth Rock\n|switch|p2a: Tapu Bulu|Tapu Bulu|100\/100\n|\n|upkeep\n|turn|71\n|inactive|Unviabriel has 60 seconds left.\n|\n|t:|1657509670\n|switch|p2a: Escavalier|Escavalier, M|68\/100 brn\n|move|p1a: Genesect|U-turn|p2a: Escavalier\n|-resisted|p2a: Escavalier\n|-damage|p2a: Escavalier|53\/100 brn\n|inactive|Unviabriel has 60 seconds left.\n|\n|t:|1657509683\n|switch|p1a: Toxapex|Toxapex, M|62\/100 brn|[from]move: U-turn\n|-damage|p1a: Toxapex|50\/100 brn|[from] Stealth Rock\n|\n|-damage|p2a: Escavalier|46\/100 brn|[from] brn\n|-damage|p1a: Toxapex|43\/100 brn|[from] brn\n|upkeep\n|turn|72\n|inactive|Unviabriel has 60 seconds left.\n|\n|t:|1657509713\n|switch|p2a: Zapdos|Zapdos|78\/100\n|-weather|PrimordialSea|[from] ability: Primordial Sea|[of] p2a: Zapdos\n|move|p1a: Toxapex|Recover|p1a: Toxapex\n|-heal|p1a: Toxapex|93\/100 brn\n|\n|-weather|PrimordialSea|[upkeep]\n|-damage|p1a: Toxapex|87\/100 brn|[from] brn\n|upkeep\n|turn|73\n|inactive|Unviabriel has 60 seconds left.\n|\n|t:|1657509732\n|switch|p1a: Ferrothorn|Ferrothorn, M|96\/100\n|-damage|p1a: Ferrothorn|90\/100|[from] Stealth Rock\n|move|p2a: Zapdos|Thunder|p1a: Ferrothorn\n|-resisted|p1a: Ferrothorn\n|-damage|p1a: Ferrothorn|74\/100\n|\n|-weather|PrimordialSea|[upkeep]\n|upkeep\n|turn|74\n|inactive|Unviabriel has 60 seconds left.\n|\n|t:|1657509741\n|-weather|none\n|switch|p2a: Tapu Bulu|Tapu Bulu|100\/100\n|move|p1a: Ferrothorn|Stealth Rock|p2a: Tapu Bulu\n|move|p2a: Tapu Bulu|Stealth Rock||[from]ability: Magic Bounce|[still]\n|-fail|p2a: Tapu Bulu\n|\n|upkeep\n|turn|75\n|\n|t:|1657509758\n|switch|p2a: Escavalier|Escavalier, M|80\/100 brn\n|switch|p1a: Toxapex|Toxapex, M|87\/100 brn\n|-damage|p1a: Toxapex|75\/100 brn|[from] Stealth Rock\n|\n|-damage|p2a: Escavalier|73\/100 brn|[from] brn\n|-damage|p1a: Toxapex|68\/100 brn|[from] brn\n|upkeep\n|turn|76\n|\n|t:|1657509768\n|move|p2a: Escavalier|Drill Run|p1a: Toxapex\n|-supereffective|p1a: Toxapex\n|-damage|p1a: Toxapex|51\/100 brn\n|move|p1a: Toxapex|Scald|p2a: Escavalier\n|-damage|p2a: Escavalier|61\/100 brn\n|\n|-damage|p2a: Escavalier|55\/100 brn|[from] brn\n|-damage|p1a: Toxapex|45\/100 brn|[from] brn\n|upkeep\n|turn|77\n|\n|t:|1657509777\n|switch|p2a: Slowking|Slowking-Galar, F|100\/100\n|move|p1a: Toxapex|Scald|p2a: Slowking\n|-damage|p2a: Slowking|88\/100\n|\n|-damage|p1a: Toxapex|38\/100 brn|[from] brn\n|upkeep\n|turn|78\n|\n|t:|1657509786\n|move|p1a: Toxapex|Recover|p1a: Toxapex\n|-heal|p1a: Toxapex|88\/100 brn\n|move|p2a: Slowking|Calm Mind|p2a: Slowking\n|-boost|p2a: Slowking|spa|1\n|-boost|p2a: Slowking|spd|1\n|\n|-damage|p1a: Toxapex|82\/100 brn|[from] brn\n|upkeep\n|turn|79\n|\n|t:|1657509794\n|move|p2a: Slowking|Scald|p1a: Toxapex\n|-resisted|p1a: Toxapex\n|-damage|p1a: Toxapex|72\/100 brn\n|move|p1a: Toxapex|Scald|p2a: Slowking\n|-damage|p2a: Slowking|79\/100\n|\n|-damage|p1a: Toxapex|65\/100 brn|[from] brn\n|upkeep\n|turn|80\n|inactive|Unviabriel has 90 seconds left.\n|\n|t:|1657509800\n|switch|p2a: Escavalier|Escavalier, M|88\/100 brn\n|move|p1a: Toxapex|Scald|p2a: Escavalier\n|-damage|p2a: Escavalier|77\/100 brn\n|\n|-damage|p2a: Escavalier|71\/100 brn|[from] brn\n|-damage|p1a: Toxapex|59\/100 brn|[from] brn\n|upkeep\n|turn|81\n|\n|t:|1657509807\n|move|p1a: Toxapex|Recover|p1a: Toxapex\n|-heal|p1a: Toxapex|100\/100 brn\n|move|p2a: Escavalier|Drill Run|p1a: Toxapex\n|-supereffective|p1a: Toxapex\n|-damage|p1a: Toxapex|83\/100 brn\n|\n|-damage|p2a: Escavalier|64\/100 brn|[from] brn\n|-damage|p1a: Toxapex|77\/100 brn|[from] brn\n|upkeep\n|turn|82\n|\n|t:|1657509819\n|switch|p2a: Toxapex|Toxapex, M|69\/100\n|move|p1a: Toxapex|Scald|p2a: Toxapex\n|-resisted|p2a: Toxapex\n|-damage|p2a: Toxapex|63\/100\n|-status|p2a: Toxapex|brn\n|\n|-damage|p2a: Toxapex|57\/100 brn|[from] brn\n|-damage|p1a: Toxapex|71\/100 brn|[from] brn\n|upkeep\n|turn|83\n|\n|t:|1657509830\n|move|p2a: Toxapex|Recover|p2a: Toxapex\n|-heal|p2a: Toxapex|100\/100 brn\n|move|p1a: Toxapex|Knock Off|p2a: Toxapex\n|-damage|p2a: Toxapex|96\/100 brn\n|-damage|p1a: Toxapex|54\/100 brn|[from] item: Rocky Helmet|[of] p2a: Toxapex\n|-enditem|p2a: Toxapex|Rocky Helmet|[from] move: Knock Off|[of] p1a: Toxapex\n|\n|-damage|p2a: Toxapex|90\/100 brn|[from] brn\n|-damage|p1a: Toxapex|48\/100 brn|[from] brn\n|upkeep\n|turn|84\n|\n|t:|1657509837\n|move|p1a: Toxapex|Recover|p1a: Toxapex\n|-heal|p1a: Toxapex|98\/100 brn\n|move|p2a: Toxapex|Scald|p1a: Toxapex\n|-resisted|p1a: Toxapex\n|-damage|p1a: Toxapex|92\/100 brn\n|\n|-damage|p2a: Toxapex|84\/100 brn|[from] brn\n|-damage|p1a: Toxapex|86\/100 brn|[from] brn\n|upkeep\n|turn|85\n|\n|t:|1657509847\n|move|p1a: Toxapex|Haze|p1a: Toxapex\n|-clearallboost\n|move|p2a: Toxapex|Knock Off|p1a: Toxapex\n|-damage|p1a: Toxapex|82\/100 brn\n|\n|-damage|p2a: Toxapex|78\/100 brn|[from] brn\n|-damage|p1a: Toxapex|76\/100 brn|[from] brn\n|upkeep\n|turn|86\n|\n|t:|1657509869\n|switch|p1a: Ferrothorn|Ferrothorn, M|100\/100\n|-damage|p1a: Ferrothorn|95\/100|[from] Stealth Rock\n|move|p2a: Toxapex|Scald|p1a: Ferrothorn\n|-resisted|p1a: Ferrothorn\n|-damage|p1a: Ferrothorn|89\/100\n|-status|p1a: Ferrothorn|brn\n|\n|-damage|p2a: Toxapex|72\/100 brn|[from] brn\n|-damage|p1a: Ferrothorn|83\/100 brn|[from] brn\n|upkeep\n|turn|87\n|\n|t:|1657509877\n|switch|p2a: Tapu Bulu|Tapu Bulu|100\/100\n|switch|p1a: Genesect|Genesect, shiny|100\/100\n|-damage|p1a: Genesect|88\/100|[from] Stealth Rock\n|\n|upkeep\n|turn|88\n|\n|t:|1657509887\n|switch|p2a: Toxapex|Toxapex, M|72\/100 brn\n|move|p1a: Genesect|U-turn|p2a: Toxapex\n|-resisted|p2a: Toxapex\n|-damage|p2a: Toxapex|64\/100 brn\n|inactive|Unviabriel has 90 seconds left.\n|\n|t:|1657509914\n|switch|p1a: Ferrothorn|Ferrothorn, M|100\/100 brn|[from]move: U-turn\n|-damage|p1a: Ferrothorn|95\/100 brn|[from] Stealth Rock\n|\n|-damage|p2a: Toxapex|58\/100 brn|[from] brn\n|-damage|p1a: Ferrothorn|89\/100 brn|[from] brn\n|upkeep\n|turn|89\n|\n|t:|1657509922\n|switch|p2a: Tapu Bulu|Tapu Bulu|100\/100\n|move|p1a: Ferrothorn|Knock Off|p2a: Tapu Bulu\n|-resisted|p2a: Tapu Bulu\n|-damage|p2a: Tapu Bulu|98\/100\n|\n|-damage|p1a: Ferrothorn|83\/100 brn|[from] brn\n|upkeep\n|turn|90\n|inactive|longhiep341 has 270 seconds left.\n|\n|t:|1657509954\n|switch|p2a: Escavalier|Escavalier, M|98\/100 brn\n|switch|p1a: Genesect|Genesect, shiny|100\/100\n|-damage|p1a: Genesect|88\/100|[from] Stealth Rock\n|\n|-damage|p2a: Escavalier|91\/100 brn|[from] brn\n|upkeep\n|turn|91\n|\n|t:|1657509966\n|move|p1a: Genesect|U-turn|p2a: Escavalier\n|-resisted|p2a: Escavalier\n|-damage|p2a: Escavalier|77\/100 brn\n|j| Ren\n|inactive|Unviabriel has 90 seconds left.\n|\n|t:|1657509978\n|switch|p1a: Ferrothorn|Ferrothorn, M|100\/100 brn|[from]move: U-turn\n|-damage|p1a: Ferrothorn|95\/100 brn|[from] Stealth Rock\n|move|p2a: Escavalier|Metal Burst|p1a: Ferrothorn\n|-damage|p1a: Ferrothorn|74\/100 brn\n|\n|-damage|p1a: Ferrothorn|68\/100 brn|[from] brn\n|-damage|p2a: Escavalier|71\/100 brn|[from] brn\n|upkeep\n|turn|92\n|inactive|Unviabriel has 90 seconds left.\n|\n|t:|1657509993\n|switch|p2a: Tapu Bulu|Tapu Bulu|98\/100\n|move|p1a: Ferrothorn|Body Press|p2a: Tapu Bulu\n|-resisted|p2a: Tapu Bulu\n|-crit|p2a: Tapu Bulu\n|-damage|p2a: Tapu Bulu|92\/100\n|\n|-damage|p1a: Ferrothorn|62\/100 brn|[from] brn\n|upkeep\n|turn|93\n|\n|t:|1657510016\n|switch|p1a: Genesect|Genesect, shiny|100\/100\n|-damage|p1a: Genesect|88\/100|[from] Stealth Rock\n|move|p2a: Tapu Bulu|Bulk Up|p2a: Tapu Bulu\n|-boost|p2a: Tapu Bulu|atk|1\n|-boost|p2a: Tapu Bulu|def|1\n|\n|upkeep\n|turn|94\n|\n|t:|1657510025\n|switch|p2a: Escavalier|Escavalier, M|100\/100 brn\n|move|p1a: Genesect|U-turn|p2a: Escavalier\n|-resisted|p2a: Escavalier\n|-damage|p2a: Escavalier|85\/100 brn\n|\n|t:|1657510040\n|switch|p1a: Toxapex|Toxapex, M|76\/100 brn|[from]move: U-turn\n|-damage|p1a: Toxapex|63\/100 brn|[from] Stealth Rock\n|\n|-damage|p2a: Escavalier|79\/100 brn|[from] brn\n|-damage|p1a: Toxapex|57\/100 brn|[from] brn\n|upkeep\n|turn|95\n|\n|t:|1657510050\n|switch|p1a: Genesect|Genesect, shiny|100\/100\n|-damage|p1a: Genesect|88\/100|[from] Stealth Rock\n|move|p2a: Escavalier|Drill Run|p1a: Genesect\n|-damage|p1a: Genesect|74\/100\n|\n|-damage|p2a: Escavalier|73\/100 brn|[from] brn\n|upkeep\n|turn|96\n|\n|t:|1657510066\n|switch|p2a: Zapdos|Zapdos|78\/100\n|-weather|PrimordialSea|[from] ability: Primordial Sea|[of] p2a: Zapdos\n|move|p1a: Genesect|U-turn|p2a: Zapdos\n|-resisted|p2a: Zapdos\n|-damage|p2a: Zapdos|67\/100\n|inactive|Unviabriel has 90 seconds left.\n|\n|t:|1657510092\n|switch|p1a: Garchomp|Garchomp, F|27\/100|[from]move: U-turn\n|-damage|p1a: Garchomp|20\/100|[from] Stealth Rock\n|\n|-weather|PrimordialSea|[upkeep]\n|upkeep\n|turn|97\n|\n|t:|1657510106\n|-weather|none\n|switch|p2a: Tapu Bulu|Tapu Bulu|92\/100\n|move|p1a: Garchomp|Scale Shot|p2a: Tapu Bulu\n|-immune|p2a: Tapu Bulu\n|\n|upkeep\n|turn|98\n|\n|t:|1657510114\n|switch|p1a: Genesect|Genesect, shiny|100\/100\n|-damage|p1a: Genesect|88\/100|[from] Stealth Rock\n|move|p2a: Tapu Bulu|Bulk Up|p2a: Tapu Bulu\n|-boost|p2a: Tapu Bulu|atk|1\n|-boost|p2a: Tapu Bulu|def|1\n|\n|upkeep\n|turn|99\n|inactive|Unviabriel has 90 seconds left.\n|\n|t:|1657510127\n|switch|p2a: Escavalier|Escavalier, M|100\/100 brn\n|move|p1a: Genesect|U-turn|p2a: Escavalier\n|-resisted|p2a: Escavalier\n|-damage|p2a: Escavalier|86\/100 brn\n|\n|t:|1657510133\n|switch|p1a: Ferrothorn|Ferrothorn, M|95\/100 brn|[from]move: U-turn\n|-damage|p1a: Ferrothorn|89\/100 brn|[from] Stealth Rock\n|\n|-damage|p1a: Ferrothorn|83\/100 brn|[from] brn\n|-damage|p2a: Escavalier|80\/100 brn|[from] brn\n|upkeep\n|turn|100\n|\n|t:|1657510142\n|switch|p1a: Genesect|Genesect, shiny|100\/100\n|-damage|p1a: Genesect|88\/100|[from] Stealth Rock\n|switch|p2a: Tapu Bulu|Tapu Bulu|92\/100\n|\n|upkeep\n|turn|101\n|\n|t:|1657510149\n|switch|p2a: Escavalier|Escavalier, M|100\/100 brn\n|move|p1a: Genesect|U-turn|p2a: Escavalier\n|-resisted|p2a: Escavalier\n|-damage|p2a: Escavalier|86\/100 brn\n|\n|t:|1657510152\n|switch|p1a: Ferrothorn|Ferrothorn, M|100\/100 brn|[from]move: U-turn\n|-damage|p1a: Ferrothorn|95\/100 brn|[from] Stealth Rock\n|\n|-damage|p1a: Ferrothorn|89\/100 brn|[from] brn\n|-damage|p2a: Escavalier|80\/100 brn|[from] brn\n|upkeep\n|turn|102\n|\n|t:|1657510157\n|switch|p2a: Tapu Bulu|Tapu Bulu|92\/100\n|switch|p1a: Genesect|Genesect, shiny|100\/100\n|-damage|p1a: Genesect|88\/100|[from] Stealth Rock\n|\n|upkeep\n|turn|103\n|inactive|Unviabriel has 120 seconds left.\n|\n|t:|1657510165\n|switch|p2a: Escavalier|Escavalier, M|100\/100 brn\n|move|p1a: Genesect|Flamethrower|p2a: Escavalier\n|-supereffective|p2a: Escavalier\n|-damage|p2a: Escavalier|30\/100 brn\n|\n|-damage|p2a: Escavalier|23\/100 brn|[from] brn\n|upkeep\n|turn|104\n|inactive|Unviabriel has 120 seconds left.\n|\n|t:|1657510179\n|switch|p1a: Ferrothorn|Ferrothorn, M|100\/100 brn\n|-damage|p1a: Ferrothorn|95\/100 brn|[from] Stealth Rock\n|switch|p2a: Toxapex|Toxapex, M|58\/100 brn\n|\n|-damage|p2a: Toxapex|52\/100 brn|[from] brn\n|-damage|p1a: Ferrothorn|89\/100 brn|[from] brn\n|upkeep\n|turn|105\n|\n|t:|1657510200\n|switch|p2a: Tapu Bulu|Tapu Bulu|92\/100\n|switch|p1a: Genesect|Genesect, shiny|100\/100\n|-damage|p1a: Genesect|88\/100|[from] Stealth Rock\n|\n|upkeep\n|turn|106\n|inactive|Unviabriel has 120 seconds left.\n|\n|t:|1657510233\n|switch|p2a: Slowking|Slowking-Galar, F|79\/100\n|move|p1a: Genesect|U-turn|p2a: Slowking\n|-damage|p2a: Slowking|56\/100\n|\n|t:|1657510241\n|switch|p1a: Toxapex|Toxapex, M|57\/100 brn|[from]move: U-turn\n|-damage|p1a: Toxapex|45\/100 brn|[from] Stealth Rock\n|\n|-damage|p1a: Toxapex|38\/100 brn|[from] brn\n|upkeep\n|turn|107\n|\n|t:|1657510250\n|move|p2a: Slowking|Slack Off|p2a: Slowking\n|-heal|p2a: Slowking|100\/100\n|move|p1a: Toxapex|Scald|p2a: Slowking\n|-damage|p2a: Slowking|87\/100\n|\n|-damage|p1a: Toxapex|32\/100 brn|[from] brn\n|upkeep\n|turn|108\n|\n|t:|1657510254\n|switch|p2a: Escavalier|Escavalier, M|57\/100 brn\n|move|p1a: Toxapex|Recover|p1a: Toxapex\n|-heal|p1a: Toxapex|82\/100 brn\n|\n|-damage|p2a: Escavalier|50\/100 brn|[from] brn\n|-damage|p1a: Toxapex|76\/100 brn|[from] brn\n|upkeep\n|turn|109\n|\n|t:|1657510259\n|switch|p2a: Toxapex|Toxapex, M|52\/100 brn\n|switch|p1a: Genesect|Genesect, shiny|100\/100\n|-damage|p1a: Genesect|88\/100|[from] Stealth Rock\n|\n|-damage|p2a: Toxapex|46\/100 brn|[from] brn\n|upkeep\n|turn|110\n|\n|t:|1657510264\n|move|p2a: Toxapex|Recover|p2a: Toxapex\n|-heal|p2a: Toxapex|96\/100 brn\n|move|p1a: Genesect|U-turn|p2a: Toxapex\n|-resisted|p2a: Toxapex\n|-damage|p2a: Toxapex|86\/100 brn\n|c|\u2606Unviabriel|whatever this is pointless\n|c|\u2606Unviabriel|gg\n|-message|Unviabriel forfeited.\n|\n|win|longhiep341\n|c|\u2606longhiep341|gg\n|l|\u2606longhiep341\n|j| Nix & Nega\n|l| Nix & Nega\n|l| Ren\n|l|\u2606Unviabriel\n|j|\u2606longhiep341\n|player|p2|longhiep341|yellow\n","uploadtime":1657510284,"views":196,"p1id":"unviabriel","p2id":"longhiep341","formatid":"gen8almostanyability","rating":0,"private":0,"password":null}