{"id":"gen8ou-1686823937","p1":"Pinkacross","p2":"GLOCKED","format":"gen8ou","log":"|j|\u2606Pinkacross\n|j|\u2606GLOCKED\n|inactive|Battle timer is ON: inactive players will automatically lose when time's up.\n|t:|1665886388\n|gametype|singles\n|player|p1|Pinkacross|266|\n|player|p2|GLOCKED|lucy-gen3|\n|teamsize|p1|6\n|teamsize|p2|6\n|gen|8\n|tier|[Gen 8] OU\n|rated|Tournament battle\n|rule|Sleep Clause Mod: Limit one foe put to sleep\n|rule|Species Clause: Limit one of each Pok\u00e9mon\n|rule|OHKO Clause: OHKO moves are banned\n|rule|Evasion Items Clause: Evasion items are banned\n|rule|Evasion Moves Clause: Evasion moves are banned\n|rule|Endless Battle Clause: Forcing endless battles is banned\n|rule|HP Percentage Mod: HP is shown in percentages\n|rule|Dynamax Clause: You cannot dynamax\n|clearpoke\n|poke|p1|Regieleki|\n|poke|p1|Magnezone|\n|poke|p1|Tapu Koko|\n|poke|p1|Lanturn, M|\n|poke|p1|Diglett-Alola, F|\n|poke|p1|Hatterene, F|\n|poke|p2|Abomasnow, F|\n|poke|p2|Tornadus-Therian, M|\n|poke|p2|Terrakion|\n|poke|p2|Ninetales-Alola, M|\n|poke|p2|Heatran, F|\n|poke|p2|Absol, M|\n|teampreview\n|j| NeonJolteonWasUsed\n|j|%htcl\n|j| d18l\n|j| shxwk\n|c| NeonJolteonWasUsed|Ay we got a Terrakion here\n|inactive|Pinkacross has 120 seconds left.\n|j| SpookElekiElectric\n|c| shxwk|I FUCKING\n|c| shxwk|KNEW IT\n|c| SpookElekiElectric|yoo\n|c| NeonJolteonWasUsed|Man\/Woman\/Themperor of Culture\n|c|\u2606GLOCKED|wats that diglet\n|c| SpookElekiElectric|WHATS THE STRAT\n|c| SpookElekiElectric|WAIT\n|c| SpookElekiElectric|LANTURN?\n|\n|t:|1665886431\n|start\n|switch|p1a: Tapu Koko|Tapu Koko|100\/100\n|switch|p2a: Abomasnow|Abomasnow, F|100\/100\n|-fieldstart|move: Electric Terrain|[from] ability: Electric Surge|[of] p1a: Tapu Koko\n|-weather|Hail|[from] ability: Snow Warning|[of] p2a: Abomasnow\n|turn|1\n|c| SpookElekiElectric|IM SO CONFUSED\n|c| shxwk|gdi pink\n|c| SpookElekiElectric|WHATS THE STRAT???\n|c| shxwk|why are you\n|\n|t:|1665886446\n|move|p1a: Tapu Koko|U-turn|p2a: Abomasnow\n|-supereffective|p2a: Abomasnow\n|-damage|p2a: Abomasnow|67\/100\n|c| shxwk|so fucking obsessed\n|c| shxwk|with this fish\n|\n|t:|1665886448\n|switch|p1a: Lanturn|Lanturn, M|100\/100|[from]move: U-turn\n|move|p2a: Abomasnow|Aurora Veil|p2a: Abomasnow\n|-sidestart|p2: GLOCKED|move: Aurora Veil\n|\n|-weather|Hail|[upkeep]\n|-damage|p1a: Lanturn|94\/100|[from] Hail\n|-heal|p1a: Lanturn|100\/100|[from] item: Leftovers\n|upkeep\n|turn|2\n|c| SpookElekiElectric|bc\n|c| SpookElekiElectric|pinkacross\n|c| SpookElekiElectric|is\n|l| d18l\n|c| SpookElekiElectric|a man of respect\n|c| SpookElekiElectric|a man of eleki\n|\n|t:|1665886457\n|move|p1a: Lanturn|Rising Voltage|p2a: Abomasnow\n|-hint|Rising Voltage's BP doubled on grounded target.\n|-resisted|p2a: Abomasnow\n|-damage|p2a: Abomasnow|54\/100\n|move|p2a: Abomasnow|Leaf Storm|p1a: Lanturn\n|-supereffective|p1a: Lanturn\n|-damage|p1a: Lanturn|22\/100\n|-unboost|p2a: Abomasnow|spa|2\n|\n|-weather|Hail|[upkeep]\n|-damage|p1a: Lanturn|16\/100|[from] Hail\n|-heal|p1a: Lanturn|22\/100|[from] item: Leftovers\n|upkeep\n|turn|3\n|c|%htcl|13 is crazy\n|l| SpookElekiElectric\n|\n|t:|1665886470\n|move|p1a: Lanturn|Volt Switch|p2a: Abomasnow\n|-resisted|p2a: Abomasnow\n|-damage|p2a: Abomasnow|47\/100\n|\n|t:|1665886476\n|switch|p1a: Diglett|Diglett-Alola, F|100\/100|[from]move: Volt Switch\n|move|p2a: Abomasnow|Leaf Storm|p1a: Diglett\n|-crit|p1a: Diglett\n|-damage|p1a: Diglett|0 fnt\n|-unboost|p2a: Abomasnow|spa|2\n|faint|p1a: Diglett\n|\n|-weather|Hail|[upkeep]\n|upkeep\n|c|\u2606GLOCKED|lol\n|c|\u2606Pinkacross|dang\n|c|%htcl|hax\n|c|%htcl|without crit it lived\n|c|\u2606Pinkacross|it woulda lived too\n|c|%htcl|for sure\n|c|\u2606Pinkacross|im max spdef\n|c| NeonJolteonWasUsed|and that would've been gg if they had Eleki\n|\n|t:|1665886493\n|switch|p1a: Hatterene|Hatterene, F|100\/100\n|turn|4\n|\n|t:|1665886499\n|switch|p2a: Heatran|Heatran, F|100\/100\n|move|p1a: Hatterene|Calm Mind|p1a: Hatterene\n|-boost|p1a: Hatterene|spa|1\n|-boost|p1a: Hatterene|spd|1\n|\n|-weather|Hail|[upkeep]\n|-damage|p2a: Heatran|94\/100|[from] Hail\n|-damage|p1a: Hatterene|95\/100|[from] Hail\n|-heal|p1a: Hatterene|100\/100|[from] item: Leftovers\n|upkeep\n|turn|5\n|\n|t:|1665886503\n|move|p1a: Hatterene|Protect|p1a: Hatterene\n|-singleturn|p1a: Hatterene|Protect\n|move|p2a: Heatran|Magma Storm|p1a: Hatterene\n|-activate|p1a: Hatterene|move: Protect\n|\n|-weather|none\n|upkeep\n|turn|6\n|\n|t:|1665886508\n|switch|p1a: Lanturn|Lanturn, M|22\/100\n|move|p2a: Heatran|Magma Storm|p1a: Lanturn|[miss]\n|-miss|p2a: Heatran|p1a: Lanturn\n|\n|-heal|p1a: Lanturn|28\/100|[from] item: Leftovers\n|upkeep\n|turn|7\n|j| d18l\n|\n|t:|1665886517\n|switch|p2a: Abomasnow|Abomasnow, F|47\/100\n|-weather|Hail|[from] ability: Snow Warning|[of] p2a: Abomasnow\n|move|p1a: Lanturn|Rising Voltage|p2a: Abomasnow\n|-hint|Rising Voltage's BP doubled on grounded target.\n|-resisted|p2a: Abomasnow\n|-damage|p2a: Abomasnow|34\/100\n|\n|-weather|Hail|[upkeep]\n|-damage|p1a: Lanturn|22\/100|[from] Hail\n|-heal|p1a: Lanturn|28\/100|[from] item: Leftovers\n|upkeep\n|turn|8\n|\n|t:|1665886521\n|move|p1a: Lanturn|Volt Switch|p2a: Abomasnow\n|-resisted|p2a: Abomasnow\n|-damage|p2a: Abomasnow|27\/100\n|\n|t:|1665886523\n|switch|p1a: Magnezone|Magnezone|100\/100|[from]move: Volt Switch\n|move|p2a: Abomasnow|Leaf Storm|p1a: Magnezone\n|-resisted|p1a: Magnezone\n|-damage|p1a: Magnezone|74\/100\n|-unboost|p2a: Abomasnow|spa|2\n|\n|-weather|Hail|[upkeep]\n|-damage|p1a: Magnezone|68\/100|[from] Hail\n|-sideend|p2: GLOCKED|move: Aurora Veil\n|-fieldend|move: Electric Terrain\n|upkeep\n|turn|9\n|\n|t:|1665886532\n|move|p1a: Magnezone|Volt Switch|p2a: Abomasnow\n|-resisted|p2a: Abomasnow\n|-damage|p2a: Abomasnow|16\/100\n|\n|t:|1665886534\n|switch|p1a: Tapu Koko|Tapu Koko|100\/100|[from]move: Volt Switch\n|-fieldstart|move: Electric Terrain|[from] ability: Electric Surge|[of] p1a: Tapu Koko\n|move|p2a: Abomasnow|Focus Blast|p1a: Tapu Koko\n|-resisted|p1a: Tapu Koko\n|-damage|p1a: Tapu Koko|92\/100\n|\n|-weather|Hail|[upkeep]\n|-damage|p1a: Tapu Koko|86\/100|[from] Hail\n|upkeep\n|turn|10\n|\n|t:|1665886540\n|move|p1a: Tapu Koko|U-turn|p2a: Abomasnow\n|-supereffective|p2a: Abomasnow\n|-damage|p2a: Abomasnow|0 fnt\n|faint|p2a: Abomasnow\n|\n|t:|1665886542\n|switch|p1a: Regieleki|Regieleki|100\/100|[from]move: U-turn\n|\n|-weather|Hail|[upkeep]\n|-damage|p1a: Regieleki|95\/100|[from] Hail\n|upkeep\n|\n|t:|1665886550\n|switch|p2a: Absol|Absol, M|100\/100\n|turn|11\n|\n|t:|1665886553\n|move|p2a: Absol|Sucker Punch|p1a: Regieleki\n|-damage|p1a: Regieleki|13\/100\n|move|p1a: Regieleki|Volt Switch|p2a: Absol\n|-damage|p2a: Absol|0 fnt\n|faint|p2a: Absol\n|\n|t:|1665886559\n|switch|p1a: Magnezone|Magnezone|68\/100|[from]move: Volt Switch\n|\n|-weather|none\n|upkeep\n|\n|t:|1665886561\n|switch|p2a: idgaf spam|Ninetales-Alola, M|100\/100\n|-weather|Hail|[from] ability: Snow Warning|[of] p2a: idgaf spam\n|turn|12\n|j| Elder Manny\n|\n|t:|1665886564\n|move|p2a: idgaf spam|Aurora Veil|p2a: idgaf spam\n|-sidestart|p2: GLOCKED|move: Aurora Veil\n|move|p1a: Magnezone|Flash Cannon|p2a: idgaf spam\n|-supereffective|p2a: idgaf spam\n|-damage|p2a: idgaf spam|21\/100\n|\n|-weather|Hail|[upkeep]\n|-damage|p1a: Magnezone|62\/100|[from] Hail\n|upkeep\n|turn|13\n|l| Elder Manny\n|\n|t:|1665886571\n|switch|p1a: Hatterene|Hatterene, F|100\/100\n|move|p2a: idgaf spam|Hypnosis|p1a: Hatterene\n|move|p1a: Hatterene|Hypnosis|p2a: idgaf spam|[from]ability: Magic Bounce\n|-activate|p2a: idgaf spam|move: Electric Terrain\n|\n|-weather|Hail|[upkeep]\n|-damage|p1a: Hatterene|95\/100|[from] Hail\n|-heal|p1a: Hatterene|100\/100|[from] item: Leftovers\n|upkeep\n|turn|14\n|j| sbhshsgehfhf\n|c|\u2606GLOCKED|o.o\n|\n|t:|1665886580\n|switch|p2a: Heatran|Heatran, F|94\/100\n|move|p1a: Hatterene|Calm Mind|p1a: Hatterene\n|-boost|p1a: Hatterene|spa|1\n|-boost|p1a: Hatterene|spd|1\n|\n|-weather|Hail|[upkeep]\n|-damage|p2a: Heatran|88\/100|[from] Hail\n|-damage|p1a: Hatterene|95\/100|[from] Hail\n|-heal|p1a: Hatterene|100\/100|[from] item: Leftovers\n|upkeep\n|turn|15\n|c|\u2606Pinkacross|lol\n|c| NeonJolteonWasUsed|calculated\n|c| NeonJolteonWasUsed|I assume\n|\n|t:|1665886587\n|move|p1a: Hatterene|Protect|p1a: Hatterene\n|-singleturn|p1a: Hatterene|Protect\n|move|p2a: Heatran|Magma Storm|p1a: Hatterene\n|-activate|p1a: Hatterene|move: Protect\n|\n|-weather|Hail|[upkeep]\n|-damage|p2a: Heatran|82\/100|[from] Hail\n|-damage|p1a: Hatterene|95\/100|[from] Hail\n|-heal|p1a: Hatterene|100\/100|[from] item: Leftovers\n|upkeep\n|turn|16\n|\n|t:|1665886596\n|move|p2a: Heatran|Magma Storm|p1a: Hatterene\n|-damage|p1a: Hatterene|71\/100\n|-activate|p1a: Hatterene|move: Magma Storm|[of] p2a: Heatran\n|move|p1a: Hatterene|Calm Mind|p1a: Hatterene\n|-boost|p1a: Hatterene|spa|1\n|-boost|p1a: Hatterene|spd|1\n|\n|-weather|none\n|-heal|p1a: Hatterene|77\/100|[from] item: Leftovers\n|-damage|p1a: Hatterene|65\/100|[from] move: Magma Storm|[partiallytrapped]\n|-fieldend|move: Electric Terrain\n|upkeep\n|turn|17\n|\n|t:|1665886598\n|move|p1a: Hatterene|Protect|p1a: Hatterene\n|-singleturn|p1a: Hatterene|Protect\n|move|p2a: Heatran|Flame Charge|p1a: Hatterene\n|-activate|p1a: Hatterene|move: Protect\n|\n|-heal|p1a: Hatterene|71\/100|[from] item: Leftovers\n|-damage|p1a: Hatterene|59\/100|[from] move: Magma Storm|[partiallytrapped]\n|upkeep\n|turn|18\n|\n|t:|1665886603\n|move|p2a: Heatran|Flame Charge|p1a: Hatterene\n|-damage|p1a: Hatterene|47\/100\n|-boost|p2a: Heatran|spe|1\n|move|p1a: Hatterene|Calm Mind|p1a: Hatterene\n|-boost|p1a: Hatterene|spa|1\n|-boost|p1a: Hatterene|spd|1\n|\n|-heal|p1a: Hatterene|53\/100|[from] item: Leftovers\n|-damage|p1a: Hatterene|41\/100|[from] move: Magma Storm|[partiallytrapped]\n|upkeep\n|turn|19\n|c| NeonJolteonWasUsed|Ayo\n|\n|t:|1665886609\n|move|p1a: Hatterene|Protect|p1a: Hatterene\n|-singleturn|p1a: Hatterene|Protect\n|move|p2a: Heatran|Flame Charge|p1a: Hatterene\n|-activate|p1a: Hatterene|move: Protect\n|\n|-heal|p1a: Hatterene|47\/100|[from] item: Leftovers\n|-damage|p1a: Hatterene|34\/100|[from] move: Magma Storm|[partiallytrapped]\n|-sideend|p2: GLOCKED|move: Aurora Veil\n|upkeep\n|turn|20\n|\n|t:|1665886611\n|move|p2a: Heatran|Flame Charge|p1a: Hatterene\n|-damage|p1a: Hatterene|23\/100\n|-boost|p2a: Heatran|spe|1\n|move|p1a: Hatterene|Draining Kiss|p2a: Heatran\n|-resisted|p2a: Heatran\n|-damage|p2a: Heatran|75\/100\n|-heal|p1a: Hatterene|29\/100|[from] drain|[of] p2a: Heatran\n|\n|-heal|p1a: Hatterene|35\/100|[from] item: Leftovers\n|-damage|p1a: Hatterene|23\/100|[from] move: Magma Storm|[partiallytrapped]\n|upkeep\n|turn|21\n|c| NeonJolteonWasUsed|we pulling out the BW strats\n|\n|t:|1665886615\n|move|p2a: Heatran|Flame Charge|p1a: Hatterene\n|-crit|p1a: Hatterene\n|-damage|p1a: Hatterene|4\/100\n|-boost|p2a: Heatran|spe|1\n|move|p1a: Hatterene|Draining Kiss|p2a: Heatran\n|-resisted|p2a: Heatran\n|-crit|p2a: Heatran\n|-damage|p2a: Heatran|63\/100\n|-heal|p1a: Hatterene|14\/100|[from] drain|[of] p2a: Heatran\n|\n|-heal|p1a: Hatterene|20\/100|[from] item: Leftovers\n|-end|p1a: Hatterene|Magma Storm|[partiallytrapped]\n|upkeep\n|turn|22\n|\n|t:|1665886622\n|move|p1a: Hatterene|Protect|p1a: Hatterene\n|-singleturn|p1a: Hatterene|Protect\n|move|p2a: Heatran|Flash Cannon|p1a: Hatterene\n|-activate|p1a: Hatterene|move: Protect\n|\n|-heal|p1a: Hatterene|26\/100|[from] item: Leftovers\n|upkeep\n|turn|23\n|\n|t:|1665886625\n|move|p2a: Heatran|Flash Cannon|p1a: Hatterene\n|-supereffective|p1a: Hatterene\n|-damage|p1a: Hatterene|0 fnt\n|faint|p1a: Hatterene\n|\n|upkeep\n|\n|t:|1665886636\n|switch|p1a: Lanturn|Lanturn, M|28\/100\n|turn|24\n|\n|t:|1665886645\n|move|p2a: Heatran|Earth Power|p1a: Lanturn\n|-supereffective|p1a: Lanturn\n|-damage|p1a: Lanturn|0 fnt\n|faint|p1a: Lanturn\n|\n|upkeep\n|\n|t:|1665886649\n|switch|p1a: Tapu Koko|Tapu Koko|86\/100\n|-fieldstart|move: Electric Terrain|[from] ability: Electric Surge|[of] p1a: Tapu Koko\n|turn|25\n|\n|t:|1665886654\n|move|p2a: Heatran|Earth Power|p1a: Tapu Koko\n|-supereffective|p1a: Tapu Koko\n|-damage|p1a: Tapu Koko|13\/100\n|move|p1a: Tapu Koko|Thunderbolt|p2a: Heatran\n|-damage|p2a: Heatran|37\/100\n|\n|upkeep\n|turn|26\n|\n|t:|1665886657\n|switch|p1a: Magnezone|Magnezone|62\/100\n|move|p2a: Heatran|Earth Power|p1a: Magnezone\n|-supereffective|p1a: Magnezone\n|-damage|p1a: Magnezone|0 fnt\n|faint|p1a: Magnezone\n|\n|upkeep\n|c| NeonJolteonWasUsed|wait did they just win?\n|\n|t:|1665886659\n|switch|p1a: Regieleki|Regieleki|13\/100\n|turn|27\n|\n|t:|1665886661\n|move|p1a: Regieleki|Rising Voltage|p2a: Heatran\n|-hint|Rising Voltage's BP doubled on grounded target.\n|-damage|p2a: Heatran|0 fnt\n|faint|p2a: Heatran\n|\n|upkeep\n|c|\u2606Pinkacross|O\n|c|\u2606GLOCKED|nooo\n|\n|t:|1665886675\n|switch|p2a: idgaf spam|Ninetales-Alola, M|21\/100\n|-weather|Hail|[from] ability: Snow Warning|[of] p2a: idgaf spam\n|turn|28\n|c|\u2606Pinkacross|it depends on whether terrak has qatk\n|\n|t:|1665886686\n|move|p1a: Regieleki|Rising Voltage|p2a: idgaf spam\n|-hint|Rising Voltage's BP doubled on grounded target.\n|-damage|p2a: idgaf spam|0 fnt\n|faint|p2a: idgaf spam\n|\n|-weather|Hail|[upkeep]\n|-damage|p1a: Regieleki|7\/100|[from] Hail\n|upkeep\n|\n|t:|1665886693\n|switch|p2a: Tornadus|Tornadus-Therian, M|100\/100\n|turn|29\n|\n|t:|1665886696\n|move|p1a: Regieleki|Rising Voltage|p2a: Tornadus\n|-supereffective|p2a: Tornadus\n|-damage|p2a: Tornadus|0 fnt\n|faint|p2a: Tornadus\n|\n|-weather|Hail|[upkeep]\n|-damage|p1a: Regieleki|1\/100|[from] Hail\n|upkeep\n|l| shxwk\n|c|\u2606GLOCKED|gg\n|\n|t:|1665886702\n|switch|p2a: modded|Terrakion|100\/100\n|turn|30\n|\n|t:|1665886705\n|move|p1a: Regieleki|Rising Voltage|p2a: modded\n|-hint|Rising Voltage's BP doubled on grounded target.\n|-damage|p2a: modded|0 fnt\n|faint|p2a: modded\n|\n|win|Pinkacross\n|n|\u2606Pinkacross|pinkacross\n|n|\u2606GLOCKED|glocked\n|n| NeonJolteonWasUsed|neonjolteonwasused\n|n| htcl|htcl\n|n| d18l|d18l\n|n| sbhshsgehfhf|sbhshsgehfhf\n|c|\u2606Pinkacross|gg\n|c|\u2606Pinkacross|phew\n|c| NeonJolteonWasUsed|It didn't\n|c|\u2606Pinkacross|close one lol\n|l|\u2606GLOCKED\n|l| sbhshsgehfhf\n|l| htcl\n","uploadtime":1665886718,"views":64,"p1id":"pinkacross","p2id":"glocked","formatid":"gen8ou","rating":0,"private":0,"password":null}