{"id":"gen8ou-1706965263","p1":"minimax_ai","p2":"testingbot42o","format":"gen8ou","log":"|j|\u2606minimax_ai\n|j|\u203dtestingbot42o\n|t:|1668037022\n|gametype|singles\n|player|p1|minimax_ai|169|1478\n|player|p2|testingbot42o|2|1400\n|teamsize|p1|6\n|teamsize|p2|6\n|gen|8\n|tier|[Gen 8] OU\n|rated|\n|rule|Sleep Clause Mod: Limit one foe put to sleep\n|rule|Species Clause: Limit one of each Pok\u00e9mon\n|rule|OHKO Clause: OHKO moves are banned\n|rule|Evasion Items Clause: Evasion items are banned\n|rule|Evasion Moves Clause: Evasion moves are banned\n|rule|Endless Battle Clause: Forcing endless battles is banned\n|rule|HP Percentage Mod: HP is shown in percentages\n|rule|Dynamax Clause: You cannot dynamax\n|clearpoke\n|poke|p1|Rotom-Wash|\n|poke|p1|Weavile, F|\n|poke|p1|Landorus-Therian, M|\n|poke|p1|Heatran, M|\n|poke|p1|Tangrowth, F|\n|poke|p1|Melmetal|\n|poke|p2|Clefable, M|\n|poke|p2|Corviknight, M|\n|poke|p2|Hydreigon, F|\n|poke|p2|Rotom-Wash|\n|poke|p2|Hippowdon, M|\n|poke|p2|Excadrill, F|\n|teampreview\n|\n|t:|1668037025\n|start\n|switch|p1a: Melmetal|Melmetal|100\/100\n|switch|p2a: Rotom|Rotom-Wash|100\/100\n|turn|1\n|c|\u2606minimax_ai|hf\n|inactive|Battle timer is ON: inactive players will automatically lose when time's up. (requested by testingbot42o)\n|inactive|minimax_ai also wants the timer to be on.\n|\n|t:|1668037027\n|switch|p1a: rotomwash|Rotom-Wash|100\/100\n|move|p2a: Rotom|Volt Switch|p1a: rotomwash\n|-damage|p1a: rotomwash|69\/100\n|\n|t:|1668037027\n|switch|p2a: Hydreigon|Hydreigon, F|100\/100|[from]move: Volt Switch\n|\n|-heal|p1a: rotomwash|75\/100|[from] item: Leftovers\n|upkeep\n|turn|2\n|\n|t:|1668037036\n|switch|p1a: landorustherian|Landorus-Therian, M|100\/100\n|-ability|p1a: landorustherian|Intimidate|boost\n|-unboost|p2a: Hydreigon|atk|1\n|move|p2a: Hydreigon|Substitute|p2a: Hydreigon\n|-start|p2a: Hydreigon|Substitute\n|-damage|p2a: Hydreigon|76\/100\n|\n|-heal|p2a: Hydreigon|82\/100|[from] item: Leftovers\n|upkeep\n|turn|3\n|\n|t:|1668037037\n|move|p2a: Hydreigon|Dark Pulse|p1a: landorustherian\n|-damage|p1a: landorustherian|73\/100\n|cant|p1a: landorustherian|flinch\n|\n|-heal|p2a: Hydreigon|88\/100|[from] item: Leftovers\n|-heal|p1a: landorustherian|79\/100|[from] item: Leftovers\n|upkeep\n|turn|4\n|\n|t:|1668037038\n|move|p2a: Hydreigon|Dark Pulse|p1a: landorustherian\n|-damage|p1a: landorustherian|50\/100\n|move|p1a: landorustherian|U-turn|p2a: Hydreigon\n|-supereffective|p2a: Hydreigon\n|-end|p2a: Hydreigon|Substitute\n|\n|t:|1668037038\n|switch|p1a: Weavile|Weavile, F|100\/100|[from]move: U-turn\n|-ability|p1a: Weavile|Pressure\n|\n|-heal|p2a: Hydreigon|94\/100|[from] item: Leftovers\n|upkeep\n|turn|5\n|\n|t:|1668037043\n|move|p1a: Weavile|Triple Axel|p2a: Hydreigon\n|-supereffective|p2a: Hydreigon\n|-damage|p2a: Hydreigon|57\/100\n|-supereffective|p2a: Hydreigon\n|-damage|p2a: Hydreigon|0 fnt\n|faint|p2a: Hydreigon\n|-hitcount|p2: Hydreigon|2\n|\n|upkeep\n|\n|t:|1668037043\n|switch|p2a: Corviknight|Corviknight, M|100\/100\n|-ability|p2a: Corviknight|Pressure\n|turn|6\n|\n|t:|1668037045\n|switch|p1a: rotomwash|Rotom-Wash|75\/100\n|move|p2a: Corviknight|Substitute|p2a: Corviknight\n|-start|p2a: Corviknight|Substitute\n|-damage|p2a: Corviknight|75\/100\n|\n|-heal|p1a: rotomwash|81\/100|[from] item: Leftovers\n|-heal|p2a: Corviknight|82\/100|[from] item: Leftovers\n|upkeep\n|turn|7\n|\n|t:|1668037046\n|move|p1a: rotomwash|Thunderbolt|p2a: Corviknight\n|-supereffective|p2a: Corviknight\n|-end|p2a: Corviknight|Substitute\n|move|p2a: Corviknight|Bulk Up|p2a: Corviknight\n|-boost|p2a: Corviknight|atk|1\n|-boost|p2a: Corviknight|def|1\n|\n|-heal|p1a: rotomwash|87\/100|[from] item: Leftovers\n|-heal|p2a: Corviknight|88\/100|[from] item: Leftovers\n|upkeep\n|turn|8\n|\n|t:|1668037047\n|switch|p2a: Rotom|Rotom-Wash|100\/100\n|move|p1a: rotomwash|Nasty Plot|p1a: rotomwash\n|-boost|p1a: rotomwash|spa|2\n|\n|-heal|p1a: rotomwash|94\/100|[from] item: Leftovers\n|upkeep\n|turn|9\n|\n|t:|1668037048\n|move|p2a: Rotom|Volt Switch|p1a: rotomwash\n|-damage|p1a: rotomwash|62\/100\n|\n|t:|1668037048\n|switch|p2a: Excadrill|Excadrill, F|100\/100|[from]move: Volt Switch\n|move|p1a: rotomwash|Nasty Plot|p1a: rotomwash\n|-boost|p1a: rotomwash|spa|2\n|\n|-heal|p1a: rotomwash|68\/100|[from] item: Leftovers\n|upkeep\n|turn|10\n|\n|t:|1668037049\n|move|p2a: Excadrill|Rock Slide|p1a: rotomwash\n|-damage|p1a: rotomwash|32\/100\n|-damage|p2a: Excadrill|91\/100|[from] item: Life Orb\n|move|p1a: rotomwash|Hydro Pump|p2a: Excadrill\n|-supereffective|p2a: Excadrill\n|-damage|p2a: Excadrill|0 fnt\n|faint|p2a: Excadrill\n|\n|-heal|p1a: rotomwash|39\/100|[from] item: Leftovers\n|upkeep\n|\n|t:|1668037050\n|switch|p2a: Rotom|Rotom-Wash|100\/100\n|turn|11\n|\n|t:|1668037050\n|move|p2a: Rotom|Volt Switch|p1a: rotomwash\n|-damage|p1a: rotomwash|5\/100\n|\n|t:|1668037051\n|switch|p2a: Hippowdon|Hippowdon, M|100\/100|[from]move: Volt Switch\n|-weather|Sandstorm|[from] ability: Sand Stream|[of] p2a: Hippowdon\n|move|p1a: rotomwash|Pain Split|p2a: Hippowdon\n|-sethp|p2a: Hippowdon|52\/100|[from] move: Pain Split|[silent]\n|-sethp|p1a: rotomwash|72\/100|[from] move: Pain Split\n|\n|-weather|Sandstorm|[upkeep]\n|-damage|p1a: rotomwash|66\/100|[from] Sandstorm\n|-heal|p1a: rotomwash|72\/100|[from] item: Leftovers\n|upkeep\n|turn|12\n|\n|t:|1668037052\n|move|p1a: rotomwash|Hydro Pump|p2a: Hippowdon\n|-supereffective|p2a: Hippowdon\n|-damage|p2a: Hippowdon|0 fnt\n|faint|p2a: Hippowdon\n|\n|-weather|Sandstorm|[upkeep]\n|-damage|p1a: rotomwash|66\/100|[from] Sandstorm\n|-heal|p1a: rotomwash|72\/100|[from] item: Leftovers\n|upkeep\n|\n|t:|1668037053\n|switch|p2a: Rotom|Rotom-Wash|100\/100\n|turn|13\n|\n|t:|1668037053\n|move|p2a: Rotom|Hydro Pump|p1a: rotomwash\n|-resisted|p1a: rotomwash\n|-damage|p1a: rotomwash|44\/100\n|move|p1a: rotomwash|Nasty Plot|p1a: rotomwash\n|-boost|p1a: rotomwash|spa|2\n|\n|-weather|Sandstorm|[upkeep]\n|-damage|p2a: Rotom|95\/100|[from] Sandstorm\n|-damage|p1a: rotomwash|38\/100|[from] Sandstorm\n|-heal|p1a: rotomwash|44\/100|[from] item: Leftovers\n|upkeep\n|turn|14\n|\n|t:|1668037054\n|switch|p2a: Corviknight|Corviknight, M|88\/100\n|-ability|p2a: Corviknight|Pressure\n|move|p1a: rotomwash|Pain Split|p2a: Corviknight\n|-sethp|p2a: Corviknight|61\/100|[from] move: Pain Split|[silent]\n|-sethp|p1a: rotomwash|80\/100|[from] move: Pain Split\n|\n|-weather|Sandstorm|[upkeep]\n|-damage|p1a: rotomwash|74\/100|[from] Sandstorm\n|-heal|p1a: rotomwash|80\/100|[from] item: Leftovers\n|-heal|p2a: Corviknight|67\/100|[from] item: Leftovers\n|upkeep\n|turn|15\n|\n|t:|1668037055\n|move|p1a: rotomwash|Thunderbolt|p2a: Corviknight\n|-supereffective|p2a: Corviknight\n|-damage|p2a: Corviknight|0 fnt\n|faint|p2a: Corviknight\n|\n|-weather|Sandstorm|[upkeep]\n|-damage|p1a: rotomwash|74\/100|[from] Sandstorm\n|-heal|p1a: rotomwash|80\/100|[from] item: Leftovers\n|upkeep\n|\n|t:|1668037055\n|switch|p2a: Rotom|Rotom-Wash|95\/100\n|turn|16\n|\n|t:|1668037056\n|move|p2a: Rotom|Hydro Pump|p1a: rotomwash|[miss]\n|-miss|p2a: Rotom|p1a: rotomwash\n|move|p1a: rotomwash|Thunderbolt|p2a: Rotom\n|-damage|p2a: Rotom|0 fnt\n|faint|p2a: Rotom\n|\n|-weather|Sandstorm|[upkeep]\n|-damage|p1a: rotomwash|74\/100|[from] Sandstorm\n|-heal|p1a: rotomwash|80\/100|[from] item: Leftovers\n|upkeep\n|\n|t:|1668037056\n|switch|p2a: Clefable|Clefable, M|100\/100\n|turn|17\n|\n|t:|1668037057\n|move|p1a: rotomwash|Hydro Pump|p2a: Clefable\n|-damage|p2a: Clefable|0 fnt\n|faint|p2a: Clefable\n|\n|win|minimax_ai\n|raw|minimax_ai's rating: 1478 &rarr; <strong>1494<\/strong><br \/>(+16 for winning)\n|raw|testingbot42o's rating: 1400 &rarr; <strong>1384<\/strong><br \/>(-16 for losing)\n|c|\u2606minimax_ai|gg\n","uploadtime":1668037065,"views":3,"p1id":"minimaxai","p2id":"testingbot42o","formatid":"gen8ou","rating":1384,"private":0,"password":null}