{"id":"gen8nationaldex-1702229705","p1":"TrollingtotheTop","p2":"brettfavreinnocent","format":"gen8nationaldex","log":"|j|\u2606TrollingtotheTop\n|j|\u203dbrettfavreinnocent\n|t:|1667523639\n|gametype|singles\n|player|p1|TrollingtotheTop|ethan|1815\n|player|p2|brettfavreinnocent|fantina|1835\n|teamsize|p1|6\n|teamsize|p2|6\n|gen|8\n|tier|[Gen 8] National Dex\n|rated|\n|rule|HP Percentage Mod: HP is shown in percentages\n|rule|Endless Battle Clause: Forcing endless battles is banned\n|rule|OHKO Clause: OHKO moves are banned\n|rule|Evasion Moves Clause: Evasion moves are banned\n|rule|Species Clause: Limit one of each Pok\u00e9mon\n|rule|Dynamax Clause: You cannot dynamax\n|rule|Sleep Clause Mod: Limit one foe put to sleep\n|clearpoke\n|poke|p1|Charizard, M|\n|poke|p1|Kyurem|\n|poke|p1|Kartana|\n|poke|p1|Dragonite, M|\n|poke|p1|Corviknight, M|\n|poke|p1|Mamoswine, M|\n|poke|p2|Kyurem|\n|poke|p2|Ferrothorn, M|\n|poke|p2|Rillaboom, F|\n|poke|p2|Swampert, M|\n|poke|p2|Pelipper, F|\n|poke|p2|Greninja, M|\n|teampreview\n|inactive|Battle timer is ON: inactive players will automatically lose when time's up. (requested by TrollingtotheTop)\n|\n|t:|1667523653\n|start\n|switch|p1a: x or y?|Charizard, M, shiny|100\/100\n|switch|p2a: Kyurem|Kyurem|100\/100\n|-ability|p2a: Kyurem|Pressure\n|turn|1\n|\n|t:|1667523659\n|detailschange|p1a: x or y?|Charizard-Mega-X, M, shiny\n|-mega|p1a: x or y?|Charizard|Charizardite X\n|move|p1a: x or y?|Dragon Claw|p2a: Kyurem\n|-supereffective|p2a: Kyurem\n|-damage|p2a: Kyurem|0 fnt\n|faint|p2a: Kyurem\n|\n|upkeep\n|\n|t:|1667523668\n|switch|p2a: Greninja|Greninja, M|100\/100\n|turn|2\n|\n|t:|1667523672\n|switch|p1a: Drago|Dragonite, M|100\/100\n|move|p2a: Greninja|Dark Pulse|p1a: Drago\n|-damage|p1a: Drago|85\/100\n|\n|upkeep\n|turn|3\n|\n|t:|1667523681\n|switch|p2a: Ferrothorn|Ferrothorn, M|100\/100\n|move|p1a: Drago|Roost|p1a: Drago\n|-heal|p1a: Drago|100\/100\n|-singleturn|p1a: Drago|move: Roost\n|\n|upkeep\n|turn|4\n|\n|t:|1667523709\n|switch|p1a: x or y?|Charizard-Mega-X, M, shiny|100\/100\n|move|p2a: Ferrothorn|Stealth Rock|p1a: x or y?\n|-sidestart|p1: TrollingtotheTop|move: Stealth Rock\n|\n|upkeep\n|turn|5\n|\n|t:|1667523713\n|switch|p2a: Pelipper|Pelipper, F|100\/100\n|-weather|RainDance|[from] ability: Drizzle|[of] p2a: Pelipper\n|move|p1a: x or y?|Dragon Dance|p1a: x or y?\n|-boost|p1a: x or y?|atk|1\n|-boost|p1a: x or y?|spe|1\n|\n|-weather|RainDance|[upkeep]\n|upkeep\n|turn|6\n|\n|t:|1667523717\n|move|p1a: x or y?|Dragon Dance|p1a: x or y?\n|-boost|p1a: x or y?|atk|1\n|-boost|p1a: x or y?|spe|1\n|move|p2a: Pelipper|Scald|p1a: x or y?\n|-damage|p1a: x or y?|53\/100\n|\n|-weather|RainDance|[upkeep]\n|upkeep\n|turn|7\n|\n|t:|1667523722\n|move|p1a: x or y?|Dragon Dance|p1a: x or y?\n|-boost|p1a: x or y?|atk|1\n|-boost|p1a: x or y?|spe|1\n|move|p2a: Pelipper|U-turn|p1a: x or y?\n|-resisted|p1a: x or y?\n|-damage|p1a: x or y?|48\/100\n|\n|t:|1667523724\n|switch|p2a: Greninja|Greninja, M|100\/100|[from]move: U-turn\n|\n|-weather|RainDance|[upkeep]\n|upkeep\n|turn|8\n|\n|t:|1667523726\n|switch|p1a: Drago|Dragonite, M|100\/100\n|move|p2a: Greninja|Water Shuriken|p1a: Drago\n|-resisted|p1a: Drago\n|-damage|p1a: Drago|98\/100\n|-resisted|p1a: Drago\n|-damage|p1a: Drago|94\/100\n|-resisted|p1a: Drago\n|-damage|p1a: Drago|89\/100\n|-resisted|p1a: Drago\n|-damage|p1a: Drago|84\/100\n|-hitcount|p1a: Drago|4\n|\n|-weather|RainDance|[upkeep]\n|upkeep\n|turn|9\n|\n|t:|1667523731\n|switch|p2a: Swampert|Swampert, M|100\/100\n|switch|p1a: beijing corn|Corviknight, M, shiny|100\/100\n|-damage|p1a: beijing corn|88\/100|[from] Stealth Rock\n|-ability|p1a: beijing corn|Pressure\n|\n|-weather|RainDance|[upkeep]\n|upkeep\n|turn|10\n|\n|t:|1667523735\n|detailschange|p2a: Swampert|Swampert-Mega, M\n|-mega|p2a: Swampert|Swampert|Swampertite\n|move|p2a: Swampert|Liquidation|p1a: beijing corn\n|-damage|p1a: beijing corn|39\/100\n|-damage|p2a: Swampert|84\/100|[from] item: Rocky Helmet|[of] p1a: beijing corn\n|move|p1a: beijing corn|Defog|p2a: Swampert\n|-unboost|p2a: Swampert|evasion|1\n|-sideend|p1: TrollingtotheTop|Stealth Rock|[from] move: Defog|[of] p1a: beijing corn\n|\n|-weather|RainDance|[upkeep]\n|upkeep\n|turn|11\n|\n|t:|1667523741\n|move|p2a: Swampert|Liquidation|p1a: beijing corn\n|-damage|p1a: beijing corn|0 fnt\n|-damage|p2a: Swampert|68\/100|[from] item: Rocky Helmet|[of] p1a: beijing corn\n|faint|p1a: beijing corn\n|\n|-weather|RainDance|[upkeep]\n|upkeep\n|\n|t:|1667523744\n|switch|p1a: Kars|Kartana, shiny|100\/100\n|turn|12\n|\n|t:|1667523747\n|switch|p2a: Ferrothorn|Ferrothorn, M|100\/100\n|move|p1a: Kars|Leaf Blade|p2a: Ferrothorn\n|-resisted|p2a: Ferrothorn\n|-damage|p2a: Ferrothorn|90\/100\n|-damage|p1a: Kars|88\/100|[from] ability: Iron Barbs|[of] p2a: Ferrothorn\n|\n|-weather|none\n|-heal|p2a: Ferrothorn|96\/100|[from] item: Leftovers\n|upkeep\n|turn|13\n|\n|t:|1667523756\n|move|p1a: Kars|Sacred Sword|p2a: Ferrothorn\n|-supereffective|p2a: Ferrothorn\n|-damage|p2a: Ferrothorn|36\/100\n|-damage|p1a: Kars|76\/100|[from] ability: Iron Barbs|[of] p2a: Ferrothorn\n|move|p2a: Ferrothorn|Stealth Rock|p1a: Kars\n|-sidestart|p1: TrollingtotheTop|move: Stealth Rock\n|\n|-heal|p2a: Ferrothorn|42\/100|[from] item: Leftovers\n|upkeep\n|turn|14\n|\n|t:|1667523764\n|switch|p2a: Pelipper|Pelipper, F|100\/100\n|-weather|RainDance|[from] ability: Drizzle|[of] p2a: Pelipper\n|move|p1a: Kars|Swords Dance|p1a: Kars\n|-boost|p1a: Kars|atk|2\n|\n|-weather|RainDance|[upkeep]\n|upkeep\n|turn|15\n|\n|t:|1667523770\n|-zpower|p1a: Kars\n|move|p1a: Kars|Breakneck Blitz|p2a: Pelipper|[zeffect]\n|-damage|p2a: Pelipper|0 fnt\n|faint|p2a: Pelipper\n|-ability|p1a: Kars|Beast Boost|boost\n|-boost|p1a: Kars|atk|1\n|\n|-weather|RainDance|[upkeep]\n|upkeep\n|\n|t:|1667523778\n|switch|p2a: Greninja|Greninja, M|100\/100\n|turn|16\n|\n|t:|1667523780\n|switch|p1a: Drago|Dragonite, M|84\/100\n|move|p2a: Greninja|Dark Pulse|p1a: Drago\n|-damage|p1a: Drago|51\/100\n|\n|-weather|RainDance|[upkeep]\n|upkeep\n|turn|17\n|\n|t:|1667523783\n|move|p2a: Greninja|Dark Pulse|p1a: Drago\n|-damage|p1a: Drago|15\/100\n|cant|p1a: Drago|flinch\n|\n|-weather|RainDance|[upkeep]\n|upkeep\n|turn|18\n|\n|t:|1667523789\n|move|p2a: Greninja|Dark Pulse|p1a: Drago\n|-damage|p1a: Drago|0 fnt\n|faint|p1a: Drago\n|-activate|p2a: Greninja|ability: Battle Bond\n|detailschange|p2a: Greninja|Greninja-Ash, M\n|\n|-weather|RainDance|[upkeep]\n|upkeep\n|\n|t:|1667523791\n|switch|p1a: Kyurem|Kyurem|100\/100\n|-damage|p1a: Kyurem|76\/100|[from] Stealth Rock\n|-ability|p1a: Kyurem|Pressure\n|turn|19\n|\n|t:|1667523797\n|switch|p2a: Ferrothorn|Ferrothorn, M|42\/100\n|move|p1a: Kyurem|Freeze-Dry|p2a: Ferrothorn\n|-damage|p2a: Ferrothorn|20\/100\n|\n|-weather|RainDance|[upkeep]\n|-heal|p2a: Ferrothorn|26\/100|[from] item: Leftovers\n|upkeep\n|turn|20\n|\n|t:|1667523806\n|switch|p1a: Kars|Kartana, shiny|76\/100\n|-damage|p1a: Kars|70\/100|[from] Stealth Rock\n|move|p2a: Ferrothorn|Knock Off|p1a: Kars\n|-damage|p1a: Kars|55\/100\n|\n|-weather|RainDance|[upkeep]\n|-heal|p2a: Ferrothorn|32\/100|[from] item: Leftovers\n|upkeep\n|turn|21\n|\n|t:|1667523823\n|move|p1a: Kars|Swords Dance|p1a: Kars\n|-boost|p1a: Kars|atk|2\n|move|p2a: Ferrothorn|Knock Off|p1a: Kars\n|-damage|p1a: Kars|40\/100\n|\n|-weather|none\n|-heal|p2a: Ferrothorn|39\/100|[from] item: Leftovers\n|upkeep\n|turn|22\n|\n|t:|1667523831\n|move|p1a: Kars|Sacred Sword|p2a: Ferrothorn\n|-supereffective|p2a: Ferrothorn\n|-damage|p2a: Ferrothorn|0 fnt\n|-damage|p1a: Kars|28\/100|[from] ability: Iron Barbs|[of] p2a: Ferrothorn\n|faint|p2a: Ferrothorn\n|-ability|p1a: Kars|Beast Boost|boost\n|-boost|p1a: Kars|atk|1\n|\n|upkeep\n|\n|t:|1667523833\n|switch|p2a: Greninja|Greninja-Ash, M|100\/100\n|turn|23\n|\n|t:|1667523836\n|move|p2a: Greninja|Dark Pulse|p1a: Kars\n|-damage|p1a: Kars|0 fnt\n|faint|p1a: Kars\n|\n|upkeep\n|\n|t:|1667523837\n|switch|p1a: Kyurem|Kyurem|76\/100\n|-damage|p1a: Kyurem|51\/100|[from] Stealth Rock\n|-ability|p1a: Kyurem|Pressure\n|turn|24\n|\n|t:|1667523845\n|move|p1a: Kyurem|Freeze-Dry|p2a: Greninja\n|-supereffective|p2a: Greninja\n|-damage|p2a: Greninja|0 fnt\n|faint|p2a: Greninja\n|\n|upkeep\n|\n|t:|1667523851\n|switch|p2a: Rillaboom|Rillaboom, F|100\/100\n|-fieldstart|move: Grassy Terrain|[from] ability: Grassy Surge|[of] p2a: Rillaboom\n|turn|25\n|\n|t:|1667523858\n|move|p1a: Kyurem|Freeze-Dry|p2a: Rillaboom\n|-supereffective|p2a: Rillaboom\n|-damage|p2a: Rillaboom|8\/100\n|move|p2a: Rillaboom|Superpower|p1a: Kyurem\n|-supereffective|p1a: Kyurem\n|-damage|p1a: Kyurem|0 fnt\n|-unboost|p2a: Rillaboom|atk|1\n|-unboost|p2a: Rillaboom|def|1\n|faint|p1a: Kyurem\n|-damage|p2a: Rillaboom|0 fnt|[from] item: Life Orb\n|faint|p2a: Rillaboom\n|\n|upkeep\n|\n|t:|1667523862\n|switch|p1a: x or y?|Charizard-Mega-X, M, shiny|48\/100\n|switch|p2a: Swampert|Swampert-Mega, M|68\/100\n|-damage|p1a: x or y?|23\/100|[from] Stealth Rock\n|turn|26\n|\n|t:|1667523868\n|move|p1a: x or y?|Dragon Claw|p2a: Swampert\n|-damage|p2a: Swampert|22\/100\n|move|p2a: Swampert|High Horsepower|p1a: x or y?\n|-supereffective|p1a: x or y?\n|-damage|p1a: x or y?|0 fnt\n|faint|p1a: x or y?\n|\n|-heal|p2a: Swampert|28\/100|[from] Grassy Terrain\n|upkeep\n|\n|t:|1667523870\n|switch|p1a: Mamo|Mamoswine, M, shiny|100\/100\n|-damage|p1a: Mamo|88\/100|[from] Stealth Rock\n|turn|27\n|\n|t:|1667523873\n|move|p1a: Mamo|Ice Shard|p2a: Swampert\n|-damage|p2a: Swampert|1\/100\n|-damage|p1a: Mamo|78\/100|[from] item: Life Orb\n|move|p2a: Swampert|Liquidation|p1a: Mamo\n|-supereffective|p1a: Mamo\n|-damage|p1a: Mamo|0 fnt\n|faint|p1a: Mamo\n|\n|win|brettfavreinnocent\n|raw|TrollingtotheTop's rating: 1815 &rarr; <strong>1796<\/strong><br \/>(-19 for losing)\n|raw|brettfavreinnocent's rating: 1835 &rarr; <strong>1854<\/strong><br \/>(+19 for winning)\n|c|\u2606TrollingtotheTop|bruh\n||Ladder isn't responding, score probably updated but might not have (Request timeout).\n","uploadtime":1667523906,"views":13,"p1id":"trollingtothetop","p2id":"brettfavreinnocent","formatid":"gen8nationaldex","rating":1796,"private":0,"password":null}