{"id":"gen8nationaldexmonotype-1549389658","p1":"DhumbThicc","p2":"Eclipse77","format":"gen8nationaldexmonotype","log":"|j|\u2606DhumbThicc\n|j|\u2606Eclipse77\n|t:|1649475942\n|gametype|singles\n|player|p1|DhumbThicc|gambler|1305\n|player|p2|Eclipse77|hilda-wonderlauncher|1617\n|teamsize|p1|6\n|teamsize|p2|6\n|gen|8\n|tier|[Gen 8] National Dex Monotype\n|rated|\n|rule|HP Percentage Mod: HP is shown in percentages\n|rule|Endless Battle Clause: Forcing endless battles is banned\n|rule|Same Type Clause: Pok\u00e9mon in a team must share a type\n|rule|Species Clause: Limit one of each Pok\u00e9mon\n|rule|OHKO Clause: OHKO moves are banned\n|rule|Evasion Moves Clause: Evasion moves are banned\n|rule|Dynamax Clause: You cannot dynamax\n|rule|Sleep Clause Mod: Limit one foe put to sleep\n|clearpoke\n|poke|p1|Ninetales-Alola, M|\n|poke|p1|Abomasnow, M|\n|poke|p1|Darmanitan-Galar, M|\n|poke|p1|Avalugg, F|\n|poke|p1|Walrein, M|\n|poke|p1|Mr. Rime, M|\n|poke|p2|Greninja, F|\n|poke|p2|Pelipper, M|\n|poke|p2|Toxapex, M|\n|poke|p2|Urshifu-*, M|\n|poke|p2|Slowking, M|\n|poke|p2|Swampert, F|\n|teampreview\n|inactive|Battle timer is ON: inactive players will automatically lose when time's up. (requested by DhumbThicc)\n|\n|t:|1649475952\n|start\n|switch|p1a: Mr. Rime|Mr. Rime, M|100\/100\n|switch|p2a: Pelipper|Pelipper, M|100\/100\n|-weather|RainDance|[from] ability: Drizzle|[of] p2a: Pelipper\n|turn|1\n|\n|t:|1649475959\n|switch|p2a: Slowking|Slowking, M|100\/100\n|move|p1a: Mr. Rime|Freeze-Dry|p2a: Slowking\n|-supereffective|p2a: Slowking\n|-damage|p2a: Slowking|65\/100\n|\n|-weather|RainDance|[upkeep]\n|upkeep\n|turn|2\n|\n|t:|1649475967\n|move|p1a: Mr. Rime|Freeze-Dry|p2a: Slowking\n|-supereffective|p2a: Slowking\n|-damage|p2a: Slowking|26\/100\n|move|p2a: Slowking|Teleport|p2a: Slowking\n|\n|t:|1649475971\n|switch|p2a: Urshifu|Urshifu-Rapid-Strike, M|100\/100|[from]move: Teleport\n|\n|-weather|RainDance|[upkeep]\n|upkeep\n|turn|3\n|\n|t:|1649475976\n|switch|p1a: Avalugg|Avalugg, F|100\/100\n|move|p2a: Urshifu|Close Combat|p1a: Avalugg\n|-supereffective|p1a: Avalugg\n|-damage|p1a: Avalugg|32\/100\n|-unboost|p2a: Urshifu|def|1\n|-unboost|p2a: Urshifu|spd|1\n|-damage|p2a: Urshifu|84\/100|[from] item: Rocky Helmet|[of] p1a: Avalugg\n|\n|-weather|RainDance|[upkeep]\n|upkeep\n|turn|4\n|\n|t:|1649475981\n|move|p2a: Urshifu|Close Combat|p1a: Avalugg\n|-supereffective|p1a: Avalugg\n|-damage|p1a: Avalugg|0 fnt\n|-unboost|p2a: Urshifu|def|1\n|-unboost|p2a: Urshifu|spd|1\n|-damage|p2a: Urshifu|68\/100|[from] item: Rocky Helmet|[of] p1a: Avalugg\n|faint|p1a: Avalugg\n|\n|-weather|RainDance|[upkeep]\n|upkeep\n|\n|t:|1649475989\n|switch|p1a: Darmanitan|Darmanitan-Galar, M|100\/100\n|turn|5\n|\n|t:|1649475993\n|switch|p2a: Toxapex|Toxapex, M|100\/100\n|move|p1a: Darmanitan|Earthquake|p2a: Toxapex\n|-supereffective|p2a: Toxapex\n|-damage|p2a: Toxapex|58\/100\n|\n|-weather|none\n|-heal|p2a: Toxapex|65\/100|[from] item: Black Sludge\n|upkeep\n|turn|6\n|\n|t:|1649476002\n|switch|p1a: Ninetales|Ninetales-Alola, M|100\/100\n|-weather|Hail|[from] ability: Snow Warning|[of] p1a: Ninetales\n|switch|p2a: Pelipper|Pelipper, M|100\/100\n|-weather|RainDance|[from] ability: Drizzle|[of] p2a: Pelipper\n|\n|-weather|RainDance|[upkeep]\n|upkeep\n|turn|7\n|\n|t:|1649476005\n|switch|p2a: Slowking|Slowking, M|60\/100\n|move|p1a: Ninetales|Freeze-Dry|p2a: Slowking\n|-supereffective|p2a: Slowking\n|-damage|p2a: Slowking|31\/100\n|\n|-weather|RainDance|[upkeep]\n|upkeep\n|turn|8\n|\n|t:|1649476011\n|move|p1a: Ninetales|Freeze-Dry|p2a: Slowking\n|-supereffective|p2a: Slowking\n|-damage|p2a: Slowking|1\/100\n|move|p2a: Slowking|Slack Off|p2a: Slowking\n|-heal|p2a: Slowking|51\/100\n|\n|-weather|RainDance|[upkeep]\n|upkeep\n|turn|9\n|\n|t:|1649476014\n|switch|p1a: Abomasnow|Abomasnow, M|100\/100\n|-weather|Hail|[from] ability: Snow Warning|[of] p1a: Abomasnow\n|move|p2a: Slowking|Slack Off|p2a: Slowking\n|-heal|p2a: Slowking|100\/100\n|\n|-weather|Hail|[upkeep]\n|-damage|p2a: Slowking|94\/100|[from] Hail\n|upkeep\n|turn|10\n|\n|t:|1649476018\n|switch|p2a: Toxapex|Toxapex, M|98\/100\n|detailschange|p1a: Abomasnow|Abomasnow-Mega, M\n|-mega|p1a: Abomasnow|Abomasnow|Abomasite\n|move|p1a: Abomasnow|Substitute|p1a: Abomasnow\n|-start|p1a: Abomasnow|Substitute\n|-damage|p1a: Abomasnow|76\/100\n|\n|-weather|Hail|[upkeep]\n|-damage|p2a: Toxapex|92\/100|[from] Hail\n|-heal|p2a: Toxapex|98\/100|[from] item: Black Sludge\n|upkeep\n|turn|11\n|\n|t:|1649476023\n|move|p2a: Toxapex|Haze|p2a: Toxapex\n|-clearallboost\n|move|p1a: Abomasnow|Leech Seed|p2a: Toxapex|[miss]\n|-miss|p1a: Abomasnow|p2a: Toxapex\n|\n|-weather|Hail|[upkeep]\n|-damage|p2a: Toxapex|92\/100|[from] Hail\n|-heal|p2a: Toxapex|98\/100|[from] item: Black Sludge\n|upkeep\n|turn|12\n|\n|t:|1649476029\n|switch|p2a: Greninja|Greninja, F|100\/100\n|move|p1a: Abomasnow|Giga Drain|p2a: Greninja\n|-supereffective|p2a: Greninja\n|-damage|p2a: Greninja|0 fnt\n|-heal|p1a: Abomasnow|100\/100|[from] drain|[of] p2a: Greninja\n|faint|p2a: Greninja\n|\n|-weather|Hail|[upkeep]\n|upkeep\n|\n|t:|1649476036\n|switch|p2a: Pelipper|Pelipper, M|100\/100\n|-weather|RainDance|[from] ability: Drizzle|[of] p2a: Pelipper\n|turn|13\n|\n|t:|1649476040\n|move|p2a: Pelipper|Hurricane|p1a: Abomasnow\n|-supereffective|p1a: Abomasnow\n|-end|p1a: Abomasnow|Substitute\n|move|p1a: Abomasnow|Substitute|p1a: Abomasnow\n|-start|p1a: Abomasnow|Substitute\n|-damage|p1a: Abomasnow|76\/100\n|\n|-weather|RainDance|[upkeep]\n|upkeep\n|turn|14\n|\n|t:|1649476046\n|move|p2a: Pelipper|Hurricane|p1a: Abomasnow\n|-supereffective|p1a: Abomasnow\n|-end|p1a: Abomasnow|Substitute\n|move|p1a: Abomasnow|Leech Seed|p2a: Pelipper\n|-start|p2a: Pelipper|move: Leech Seed\n|\n|-weather|RainDance|[upkeep]\n|-damage|p2a: Pelipper|88\/100|[from] Leech Seed|[of] p1a: Abomasnow\n|-heal|p1a: Abomasnow|84\/100|[silent]\n|upkeep\n|turn|15\n|\n|t:|1649476053\n|switch|p1a: Ninetales|Ninetales-Alola, M|100\/100\n|-weather|Hail|[from] ability: Snow Warning|[of] p1a: Ninetales\n|move|p2a: Pelipper|Hurricane|p1a: Ninetales\n|-damage|p1a: Ninetales|16\/100\n|\n|-weather|Hail|[upkeep]\n|-damage|p2a: Pelipper|82\/100|[from] Hail\n|-damage|p2a: Pelipper|70\/100|[from] Leech Seed|[of] p1a: Ninetales\n|-heal|p1a: Ninetales|27\/100|[silent]\n|upkeep\n|turn|16\n|\n|t:|1649476058\n|switch|p2a: Slowking|Slowking, M|100\/100\n|move|p1a: Ninetales|Aurora Veil|p1a: Ninetales\n|-sidestart|p1: DhumbThicc|move: Aurora Veil\n|\n|-weather|Hail|[upkeep]\n|-damage|p2a: Slowking|94\/100|[from] Hail\n|upkeep\n|turn|17\n|\n|t:|1649476069\n|switch|p1a: Mr. Rime|Mr. Rime, M|100\/100\n|move|p2a: Slowking|Teleport|p2a: Slowking\n|\n|t:|1649476077\n|switch|p2a: Urshifu|Urshifu-Rapid-Strike, M|68\/100|[from]move: Teleport\n|\n|-weather|Hail|[upkeep]\n|-damage|p2a: Urshifu|61\/100|[from] Hail\n|upkeep\n|turn|18\n|\n|t:|1649476080\n|move|p2a: Urshifu|Surging Strikes|p1a: Mr. Rime\n|-crit|p1a: Mr. Rime\n|-damage|p1a: Mr. Rime|69\/100\n|-crit|p1a: Mr. Rime\n|-damage|p1a: Mr. Rime|41\/100\n|-crit|p1a: Mr. Rime\n|-damage|p1a: Mr. Rime|15\/100\n|-hitcount|p1a: Mr. Rime|3\n|move|p1a: Mr. Rime|Psychic|p2a: Urshifu\n|-supereffective|p2a: Urshifu\n|-damage|p2a: Urshifu|0 fnt\n|faint|p2a: Urshifu\n|\n|-weather|Hail|[upkeep]\n|-heal|p1a: Mr. Rime|21\/100|[from] ability: Ice Body\n|upkeep\n|\n|t:|1649476088\n|switch|p2a: Slowking|Slowking, M|100\/100\n|turn|19\n|\n|t:|1649476096\n|switch|p1a: Abomasnow|Abomasnow-Mega, M|84\/100\n|move|p2a: Slowking|Scald|p1a: Abomasnow\n|-resisted|p1a: Abomasnow\n|-damage|p1a: Abomasnow|78\/100\n|\n|-weather|none\n|upkeep\n|turn|20\n|\n|t:|1649476099\n|move|p1a: Abomasnow|Substitute|p1a: Abomasnow\n|-start|p1a: Abomasnow|Substitute\n|-damage|p1a: Abomasnow|54\/100\n|move|p2a: Slowking|Teleport|p2a: Slowking\n|\n|t:|1649476103\n|switch|p2a: Pelipper|Pelipper, M|70\/100|[from]move: Teleport\n|-weather|RainDance|[from] ability: Drizzle|[of] p2a: Pelipper\n|\n|-weather|RainDance|[upkeep]\n|upkeep\n|turn|21\n|\n|t:|1649476107\n|move|p2a: Pelipper|Hurricane|p1a: Abomasnow\n|-supereffective|p1a: Abomasnow\n|-end|p1a: Abomasnow|Substitute\n|move|p1a: Abomasnow|Blizzard|p2a: Pelipper|[miss]\n|-miss|p1a: Abomasnow|p2a: Pelipper\n|\n|-weather|RainDance|[upkeep]\n|upkeep\n|turn|22\n|\n|t:|1649476114\n|switch|p1a: Walrein|Walrein, M|100\/100\n|move|p2a: Pelipper|Hurricane|p1a: Walrein\n|-damage|p1a: Walrein|76\/100\n|-start|p1a: Walrein|confusion\n|\n|-weather|RainDance|[upkeep]\n|-heal|p1a: Walrein|82\/100|[from] item: Leftovers\n|upkeep\n|turn|23\n|\n|t:|1649476120\n|move|p2a: Pelipper|Hurricane|p1a: Walrein\n|-damage|p1a: Walrein|60\/100\n|-activate|p1a: Walrein|confusion\n|move|p1a: Walrein|Toxic|p2a: Pelipper\n|-status|p2a: Pelipper|tox\n|\n|-weather|RainDance|[upkeep]\n|-heal|p1a: Walrein|66\/100|[from] item: Leftovers\n|-damage|p2a: Pelipper|64\/100 tox|[from] psn\n|-sideend|p1: DhumbThicc|move: Aurora Veil\n|upkeep\n|turn|24\n|\n|t:|1649476128\n|move|p2a: Pelipper|Hurricane|p1a: Walrein\n|-damage|p1a: Walrein|22\/100\n|-end|p1a: Walrein|confusion\n|move|p1a: Walrein|Rest|p1a: Walrein\n|-status|p1a: Walrein|slp|[from] move: Rest\n|-heal|p1a: Walrein|100\/100 slp|[silent]\n|\n|-weather|none\n|-damage|p2a: Pelipper|51\/100 tox|[from] psn\n|upkeep\n|turn|25\n|-message|Eclipse77 forfeited.\n|\n|win|DhumbThicc\n|raw|DhumbThicc's rating: 1305 &rarr; <strong>1339<\/strong><br \/>(+34 for winning)\n|raw|Eclipse77's rating: 1617 &rarr; <strong>1583<\/strong><br \/>(-34 for losing)\n|l|\u2606Eclipse77\n|l|\u2606DhumbThicc\n","uploadtime":1649476142,"views":9,"p1id":"dhumbthicc","p2id":"eclipse77","formatid":"gen8nationaldexmonotype","rating":1339,"private":0,"password":null}