{"id":"gen8ou-1614313254","p1":"Chevalierglacial","p2":"dracaufeu shiny","format":"gen8ou","log":"|j|\u2606Chevalierglacial\n|j|\u2606dracaufeu shiny\n|t:|1657464745\n|gametype|singles\n|player|p1|Chevalierglacial|nurse|1595\n|player|p2|dracaufeu shiny|red|1682\n|teamsize|p1|6\n|teamsize|p2|6\n|gen|8\n|tier|[Gen 8] OU\n|rated|\n|rule|Sleep Clause Mod: Limit one foe put to sleep\n|rule|Species Clause: Limit one of each Pok\u00e9mon\n|rule|OHKO Clause: OHKO moves are banned\n|rule|Evasion Moves Clause: Evasion moves are banned\n|rule|Endless Battle Clause: Forcing endless battles is banned\n|rule|HP Percentage Mod: HP is shown in percentages\n|rule|Dynamax Clause: You cannot dynamax\n|clearpoke\n|poke|p1|Pelipper, M|\n|poke|p1|Ferrothorn, M|\n|poke|p1|Zapdos|\n|poke|p1|Barraskewda, F|\n|poke|p1|Crawdaunt, F|\n|poke|p1|Seismitoad, M|\n|poke|p2|Mandibuzz, F|\n|poke|p2|Toxapex, F|\n|poke|p2|Landorus-Therian, M|\n|poke|p2|Melmetal|\n|poke|p2|Zapdos-Galar|\n|poke|p2|Regieleki|\n|teampreview\n|\n|t:|1657464761\n|start\n|switch|p1a: Pelipper|Pelipper, M|100\/100\n|switch|p2a: Toxapex|Toxapex, F|100\/100\n|-weather|RainDance|[from] ability: Drizzle|[of] p1a: Pelipper\n|turn|1\n|inactive|Battle timer is ON: inactive players will automatically lose when time's up. (requested by dracaufeu shiny)\n|\n|t:|1657464769\n|switch|p1a: Zapdos|Zapdos|100\/100\n|move|p2a: Toxapex|Toxic Spikes|p1a: Zapdos\n|-sidestart|p1: Chevalierglacial|move: Toxic Spikes\n|\n|-weather|RainDance|[upkeep]\n|upkeep\n|turn|2\n|\n|t:|1657464785\n|switch|p2a: Mandibuzz|Mandibuzz, F|100\/100\n|move|p1a: Zapdos|Hurricane|p2a: Mandibuzz\n|-damage|p2a: Mandibuzz|61\/100\n|-start|p2a: Mandibuzz|confusion\n|\n|-weather|RainDance|[upkeep]\n|upkeep\n|turn|3\n|\n|t:|1657464794\n|switch|p2a: Landorus|Landorus-Therian, M|100\/100\n|-ability|p2a: Landorus|Intimidate|boost\n|-unboost|p1a: Zapdos|atk|1\n|move|p1a: Zapdos|Thunder|p2a: Landorus\n|-immune|p2a: Landorus\n|\n|-weather|RainDance|[upkeep]\n|upkeep\n|turn|4\n|\n|t:|1657464809\n|switch|p2a: Toxapex|Toxapex, F|100\/100\n|move|p1a: Zapdos|Hurricane|p2a: Toxapex\n|-damage|p2a: Toxapex|52\/100\n|\n|-weather|RainDance|[upkeep]\n|-heal|p2a: Toxapex|58\/100|[from] item: Black Sludge\n|upkeep\n|turn|5\n|\n|t:|1657464824\n|switch|p2a: Landorus|Landorus-Therian, M|100\/100\n|-ability|p2a: Landorus|Intimidate|boost\n|-unboost|p1a: Zapdos|atk|1\n|move|p1a: Zapdos|Thunder|p2a: Landorus\n|-immune|p2a: Landorus\n|\n|-weather|RainDance|[upkeep]\n|upkeep\n|turn|6\n|\n|t:|1657464833\n|move|p1a: Zapdos|Hurricane|p2a: Landorus\n|-damage|p2a: Landorus|62\/100\n|move|p2a: Landorus|Stealth Rock|p1a: Zapdos\n|-sidestart|p1: Chevalierglacial|move: Stealth Rock\n|\n|-weather|RainDance|[upkeep]\n|-heal|p2a: Landorus|68\/100|[from] item: Leftovers\n|upkeep\n|turn|7\n|\n|t:|1657464844\n|move|p1a: Zapdos|Hurricane|p2a: Landorus\n|-damage|p2a: Landorus|25\/100\n|move|p2a: Landorus|U-turn|p1a: Zapdos\n|-resisted|p1a: Zapdos\n|-damage|p1a: Zapdos|88\/100\n|\n|t:|1657464850\n|switch|p2a: Regieleki|Regieleki|100\/100|[from]move: U-turn\n|\n|-weather|RainDance|[upkeep]\n|upkeep\n|turn|8\n|\n|t:|1657464856\n|move|p2a: Regieleki|Thunderbolt|p1a: Zapdos\n|-damage|p1a: Zapdos|0 fnt\n|faint|p1a: Zapdos\n|\n|-weather|none\n|upkeep\n|\n|t:|1657464860\n|switch|p1a: Pelipper|Pelipper, M|100\/100\n|-damage|p1a: Pelipper|76\/100|[from] Stealth Rock\n|-weather|RainDance|[from] ability: Drizzle|[of] p1a: Pelipper\n|turn|9\n|\n|t:|1657464867\n|switch|p1a: Seismitoad|Seismitoad, M|100\/100\n|-status|p1a: Seismitoad|psn\n|-damage|p1a: Seismitoad|95\/100 psn|[from] Stealth Rock\n|move|p2a: Regieleki|Thunderbolt|p1a: Seismitoad\n|-immune|p1a: Seismitoad\n|\n|-weather|RainDance|[upkeep]\n|-damage|p1a: Seismitoad|82\/100 psn|[from] psn\n|upkeep\n|turn|10\n|\n|t:|1657464883\n|switch|p2a: Landorus|Landorus-Therian, M|25\/100\n|-ability|p2a: Landorus|Intimidate|boost\n|-unboost|p1a: Seismitoad|atk|1\n|move|p1a: Seismitoad|Weather Ball|p2a: Landorus\n|-supereffective|p2a: Landorus\n|-damage|p2a: Landorus|0 fnt\n|faint|p2a: Landorus\n|-damage|p1a: Seismitoad|72\/100 psn|[from] item: Life Orb\n|\n|-weather|RainDance|[upkeep]\n|-damage|p1a: Seismitoad|60\/100 psn|[from] psn\n|upkeep\n|\n|t:|1657464897\n|switch|p2a: Melmetal|Melmetal|100\/100\n|turn|11\n|\n|t:|1657464921\n|move|p1a: Seismitoad|Earth Power|p2a: Melmetal\n|-supereffective|p2a: Melmetal\n|-damage|p2a: Melmetal|5\/100\n|-damage|p1a: Seismitoad|50\/100 psn|[from] item: Life Orb\n|move|p2a: Melmetal|Double Iron Bash|p1a: Seismitoad\n|-resisted|p1a: Seismitoad\n|-damage|p1a: Seismitoad|24\/100 psn\n|-resisted|p1a: Seismitoad\n|-damage|p1a: Seismitoad|0 fnt\n|faint|p1a: Seismitoad\n|-hitcount|p1: Seismitoad|2\n|\n|-weather|RainDance|[upkeep]\n|upkeep\n|\n|t:|1657464932\n|switch|p1a: Ferrothorn|Ferrothorn, M|100\/100\n|-damage|p1a: Ferrothorn|95\/100|[from] Stealth Rock\n|turn|12\n|\n|t:|1657464937\n|move|p2a: Melmetal|Double Iron Bash|p1a: Ferrothorn\n|-resisted|p1a: Ferrothorn\n|-damage|p1a: Ferrothorn|81\/100\n|-activate|p1a: Ferrothorn|ability: Iron Barbs\n|-activate|p2a: Melmetal|item: Protective Pads\n|-resisted|p1a: Ferrothorn\n|-damage|p1a: Ferrothorn|68\/100\n|-activate|p1a: Ferrothorn|ability: Iron Barbs\n|-activate|p2a: Melmetal|item: Protective Pads\n|-hitcount|p1a: Ferrothorn|2\n|cant|p1a: Ferrothorn|flinch\n|\n|-weather|RainDance|[upkeep]\n|upkeep\n|turn|13\n|\n|t:|1657464949\n|move|p2a: Melmetal|Double Iron Bash|p1a: Ferrothorn\n|-resisted|p1a: Ferrothorn\n|-damage|p1a: Ferrothorn|56\/100\n|-activate|p1a: Ferrothorn|ability: Iron Barbs\n|-activate|p2a: Melmetal|item: Protective Pads\n|-resisted|p1a: Ferrothorn\n|-damage|p1a: Ferrothorn|43\/100\n|-activate|p1a: Ferrothorn|ability: Iron Barbs\n|-activate|p2a: Melmetal|item: Protective Pads\n|-hitcount|p1a: Ferrothorn|2\n|cant|p1a: Ferrothorn|flinch\n|\n|-weather|RainDance|[upkeep]\n|upkeep\n|turn|14\n|\n|t:|1657464961\n|move|p2a: Melmetal|Double Iron Bash|p1a: Ferrothorn\n|-resisted|p1a: Ferrothorn\n|-damage|p1a: Ferrothorn|30\/100\n|-activate|p1a: Ferrothorn|ability: Iron Barbs\n|-activate|p2a: Melmetal|item: Protective Pads\n|-resisted|p1a: Ferrothorn\n|-damage|p1a: Ferrothorn|16\/100\n|-activate|p1a: Ferrothorn|ability: Iron Barbs\n|-activate|p2a: Melmetal|item: Protective Pads\n|-hitcount|p1a: Ferrothorn|2\n|move|p1a: Ferrothorn|Knock Off|p2a: Melmetal\n|-damage|p2a: Melmetal|0 fnt\n|-enditem|p2a: Melmetal|Protective Pads|[from] move: Knock Off|[of] p1a: Ferrothorn\n|faint|p2a: Melmetal\n|\n|-weather|RainDance|[upkeep]\n|upkeep\n|\n|t:|1657464976\n|switch|p2a: Regieleki|Regieleki|100\/100\n|turn|15\n|\n|t:|1657464981\n|move|p2a: Regieleki|Thunderbolt|p1a: Ferrothorn\n|-resisted|p1a: Ferrothorn\n|-damage|p1a: Ferrothorn|0 fnt\n|faint|p1a: Ferrothorn\n|\n|-weather|RainDance|[upkeep]\n|upkeep\n|\n|t:|1657464987\n|switch|p1a: Barraskewda|Barraskewda, F|100\/100\n|-status|p1a: Barraskewda|psn\n|-damage|p1a: Barraskewda|88\/100 psn|[from] Stealth Rock\n|turn|16\n|\n|t:|1657464994\n|switch|p2a: Toxapex|Toxapex, F|92\/100\n|move|p1a: Barraskewda|Flip Turn|p2a: Toxapex\n|-resisted|p2a: Toxapex\n|-damage|p2a: Toxapex|71\/100\n|\n|t:|1657465000\n|switch|p1a: Crawdaunt|Crawdaunt, F|100\/100|[from]move: Flip Turn\n|-status|p1a: Crawdaunt|psn\n|-damage|p1a: Crawdaunt|88\/100 psn|[from] Stealth Rock\n|\n|-weather|none\n|-heal|p2a: Toxapex|77\/100|[from] item: Black Sludge\n|-damage|p1a: Crawdaunt|76\/100 psn|[from] psn\n|upkeep\n|turn|17\n|\n|t:|1657465014\n|move|p1a: Crawdaunt|Swords Dance|p1a: Crawdaunt\n|-boost|p1a: Crawdaunt|atk|2\n|move|p2a: Toxapex|Recover|p2a: Toxapex\n|-heal|p2a: Toxapex|100\/100\n|\n|-damage|p1a: Crawdaunt|63\/100 psn|[from] psn\n|upkeep\n|turn|18\n|\n|t:|1657465023\n|switch|p2a: Mandibuzz|Mandibuzz, F|61\/100\n|move|p1a: Crawdaunt|Knock Off|p2a: Mandibuzz\n|-resisted|p2a: Mandibuzz\n|-damage|p2a: Mandibuzz|0 fnt\n|-enditem|p2a: Mandibuzz|Heavy-Duty Boots|[from] move: Knock Off|[of] p1a: Crawdaunt\n|faint|p2a: Mandibuzz\n|-damage|p1a: Crawdaunt|54\/100 psn|[from] item: Life Orb\n|\n|-damage|p1a: Crawdaunt|41\/100 psn|[from] psn\n|upkeep\n|\n|t:|1657465037\n|switch|p2a: Zapdos|Zapdos-Galar|100\/100\n|turn|19\n|\n|t:|1657465042\n|move|p1a: Crawdaunt|Aqua Jet|p2a: Zapdos\n|-damage|p2a: Zapdos|8\/100\n|-damage|p1a: Crawdaunt|32\/100 psn|[from] item: Life Orb\n|move|p2a: Zapdos|U-turn|p1a: Crawdaunt\n|-supereffective|p1a: Crawdaunt\n|-damage|p1a: Crawdaunt|0 fnt\n|faint|p1a: Crawdaunt\n|\n|t:|1657465051\n|switch|p2a: Regieleki|Regieleki|100\/100|[from]move: U-turn\n|\n|upkeep\n|\n|t:|1657465055\n|switch|p1a: Pelipper|Pelipper, M|76\/100\n|-damage|p1a: Pelipper|51\/100|[from] Stealth Rock\n|-weather|RainDance|[from] ability: Drizzle|[of] p1a: Pelipper\n|turn|20\n|\n|t:|1657465061\n|move|p2a: Regieleki|Thunderbolt|p1a: Pelipper\n|-supereffective|p1a: Pelipper\n|-damage|p1a: Pelipper|0 fnt\n|faint|p1a: Pelipper\n|\n|-weather|RainDance|[upkeep]\n|upkeep\n|\n|t:|1657465064\n|switch|p1a: Barraskewda|Barraskewda, F|88\/100 psn\n|-damage|p1a: Barraskewda|76\/100 psn|[from] Stealth Rock\n|turn|21\n|\n|t:|1657465072\n|switch|p2a: Zapdos|Zapdos-Galar|8\/100\n|move|p1a: Barraskewda|Liquidation|p2a: Zapdos\n|-crit|p2a: Zapdos\n|-damage|p2a: Zapdos|0 fnt\n|faint|p2a: Zapdos\n|\n|-weather|RainDance|[upkeep]\n|-damage|p1a: Barraskewda|64\/100 psn|[from] psn\n|upkeep\n|\n|t:|1657465085\n|switch|p2a: Toxapex|Toxapex, F|100\/100\n|turn|22\n|\n|t:|1657465096\n|move|p1a: Barraskewda|Liquidation|p2a: Toxapex\n|-resisted|p2a: Toxapex\n|-damage|p2a: Toxapex|71\/100\n|-unboost|p2a: Toxapex|def|1\n|move|p2a: Toxapex|Recover|p2a: Toxapex\n|-heal|p2a: Toxapex|100\/100\n|\n|-weather|RainDance|[upkeep]\n|-damage|p1a: Barraskewda|52\/100 psn|[from] psn\n|upkeep\n|turn|23\n|\n|t:|1657465107\n|move|p1a: Barraskewda|Liquidation|p2a: Toxapex\n|-resisted|p2a: Toxapex\n|-crit|p2a: Toxapex\n|-damage|p2a: Toxapex|27\/100\n|move|p2a: Toxapex|Recover|p2a: Toxapex\n|-heal|p2a: Toxapex|77\/100\n|\n|-weather|RainDance|[upkeep]\n|-heal|p2a: Toxapex|84\/100|[from] item: Black Sludge\n|-damage|p1a: Barraskewda|40\/100 psn|[from] psn\n|upkeep\n|turn|24\n|\n|t:|1657465118\n|move|p1a: Barraskewda|Liquidation|p2a: Toxapex\n|-resisted|p2a: Toxapex\n|-damage|p2a: Toxapex|38\/100\n|-unboost|p2a: Toxapex|def|1\n|move|p2a: Toxapex|Recover|p2a: Toxapex\n|-heal|p2a: Toxapex|88\/100\n|\n|-weather|RainDance|[upkeep]\n|-heal|p2a: Toxapex|95\/100|[from] item: Black Sludge\n|-damage|p1a: Barraskewda|27\/100 psn|[from] psn\n|upkeep\n|turn|25\n|j| BlueOcean227\n|c|\u2606dracaufeu shiny|Really\n|\n|t:|1657465139\n|switch|p2a: Regieleki|Regieleki|100\/100\n|move|p1a: Barraskewda|Liquidation|p2a: Regieleki\n|-damage|p2a: Regieleki|0 fnt\n|faint|p2a: Regieleki\n|\n|-weather|RainDance|[upkeep]\n|-damage|p1a: Barraskewda|15\/100 psn|[from] psn\n|upkeep\n|\n|t:|1657465149\n|switch|p2a: Toxapex|Toxapex, F|100\/100\n|turn|26\n|\n|t:|1657465155\n|move|p1a: Barraskewda|Liquidation|p2a: Toxapex\n|-resisted|p2a: Toxapex\n|-damage|p2a: Toxapex|70\/100\n|-unboost|p2a: Toxapex|def|1\n|move|p2a: Toxapex|Recover|p2a: Toxapex\n|-heal|p2a: Toxapex|100\/100\n|\n|-weather|RainDance|[upkeep]\n|-damage|p1a: Barraskewda|3\/100 psn|[from] psn\n|upkeep\n|turn|27\n|\n|t:|1657465166\n|move|p1a: Barraskewda|Liquidation|p2a: Toxapex\n|-resisted|p2a: Toxapex\n|-damage|p2a: Toxapex|56\/100\n|move|p2a: Toxapex|Recover|p2a: Toxapex\n|-heal|p2a: Toxapex|100\/100\n|\n|-weather|none\n|-damage|p1a: Barraskewda|0 fnt|[from] psn\n|faint|p1a: Barraskewda\n|\n|win|dracaufeu shiny\n|upkeep\n|raw|Chevalierglacial's rating: 1595 &rarr; <strong>1580<\/strong><br \/>(-15 for losing)\n|raw|dracaufeu shiny's rating: 1682 &rarr; <strong>1697<\/strong><br \/>(+15 for winning)\n|l| BlueOcean227\n|l|\u2606dracaufeu shiny\n|l|\u2606Chevalierglacial\n||Ladder isn't responding, score probably updated but might not have (Request timeout).\n","uploadtime":1657465221,"views":7,"p1id":"chevalierglacial","p2id":"dracaufeushiny","formatid":"gen8ou","rating":1580,"private":0,"password":null}