{"id":"gen8randombattle-1526387127","p1":"corumba","p2":"Satyaki Roy","format":"gen8randombattle","log":"|j|\u2606corumba\n|j|\u2606Satyaki Roy\n|t:|1646765564\n|gametype|singles\n|player|p1|corumba|266|1791\n|player|p2|Satyaki Roy|170|1717\n|teamsize|p1|6\n|teamsize|p2|6\n|gen|8\n|tier|[Gen 8] Random Battle\n|rated|\n|rule|Species Clause: Limit one of each Pok\u00e9mon\n|rule|HP Percentage Mod: HP is shown in percentages\n|rule|Sleep Clause Mod: Limit one foe put to sleep\n|\n|t:|1646765564\n|start\n|switch|p1a: Mienshao|Mienshao, L82, M|241\/241\n|switch|p2a: Salamence|Salamence, L76, F|269\/269\n|turn|1\n|inactive|Battle timer is ON: inactive players will automatically lose when time's up. (requested by Satyaki Roy)\n|\n|t:|1646765598\n|switch|p1a: Tangrowth|Tangrowth, L84, F|305\/305\n|move|p2a: Salamence|Dragon Dance|p2a: Salamence\n|-boost|p2a: Salamence|atk|1\n|-boost|p2a: Salamence|spe|1\n|\n|upkeep\n|turn|2\n|inactive|Satyaki Roy has 120 seconds left.\n|\n|t:|1646765631\n|move|p2a: Salamence|Outrage|p1a: Tangrowth\n|-damage|p1a: Tangrowth|139\/305\n|-damage|p2a: Salamence|225\/269|[from] item: Rocky Helmet|[of] p1a: Tangrowth\n|move|p1a: Tangrowth|Sleep Powder|p2a: Salamence|[miss]\n|-miss|p1a: Tangrowth|p2a: Salamence\n|\n|upkeep\n|turn|3\n|\n|t:|1646765650\n|switch|p1a: Toxicroak|Toxicroak, L84, F|277\/277\n|move|p2a: Salamence|Outrage|p1a: Toxicroak|[from]lockedmove\n|-damage|p1a: Toxicroak|37\/277\n|\n|upkeep\n|turn|4\n|\n|t:|1646765666\n|move|p2a: Salamence|Outrage|p1a: Toxicroak|[from]lockedmove\n|-damage|p1a: Toxicroak|0 fnt\n|faint|p1a: Toxicroak\n|-ability|p2a: Salamence|Moxie|boost\n|-boost|p2a: Salamence|atk|1\n|-start|p2a: Salamence|confusion|[fatigue]\n|\n|upkeep\n|\n|t:|1646765671\n|switch|p1a: Kyogre|Kyogre, L72|263\/263\n|-weather|RainDance|[from] ability: Drizzle|[of] p1a: Kyogre\n|turn|5\n|\n|t:|1646765676\n|-activate|p2a: Salamence|confusion\n|move|p2a: Salamence|Outrage|p1a: Kyogre\n|-damage|p1a: Kyogre|0 fnt\n|faint|p1a: Kyogre\n|-ability|p2a: Salamence|Moxie|boost\n|-boost|p2a: Salamence|atk|1\n|\n|-weather|RainDance|[upkeep]\n|upkeep\n|\n|t:|1646765693\n|switch|p1a: Tauros|Tauros, L82, M|257\/257\n|turn|6\n|\n|t:|1646765697\n|-end|p2a: Salamence|confusion\n|move|p2a: Salamence|Outrage|p1a: Tauros|[from]lockedmove\n|-damage|p1a: Tauros|0 fnt\n|faint|p1a: Tauros\n|-ability|p2a: Salamence|Moxie|boost\n|-boost|p2a: Salamence|atk|1\n|-start|p2a: Salamence|confusion|[fatigue]\n|\n|-weather|RainDance|[upkeep]\n|upkeep\n|\n|t:|1646765716\n|switch|p1a: Tangrowth|Tangrowth, L84, F|240\/305\n|turn|7\n|\n|t:|1646765722\n|-activate|p2a: Salamence|confusion\n|move|p2a: Salamence|Outrage|p1a: Tangrowth\n|-damage|p1a: Tangrowth|0 fnt\n|-damage|p2a: Salamence|181\/269|[from] item: Rocky Helmet|[of] p1a: Tangrowth\n|faint|p1a: Tangrowth\n|-ability|p2a: Salamence|Moxie|boost\n|-boost|p2a: Salamence|atk|1\n|\n|-weather|RainDance|[upkeep]\n|upkeep\n|\n|t:|1646765731\n|switch|p1a: Mienshao|Mienshao, L82, M|241\/241\n|turn|8\n|\n|t:|1646765746\n|-end|p2a: Salamence|confusion\n|move|p2a: Salamence|Outrage|p1a: Mienshao|[from]lockedmove\n|-enditem|p1a: Mienshao|Focus Sash\n|-damage|p1a: Mienshao|1\/241\n|-start|p2a: Salamence|confusion|[fatigue]\n|move|p1a: Mienshao|Knock Off|p2a: Salamence\n|-damage|p2a: Salamence|85\/269\n|-enditem|p2a: Salamence|Heavy-Duty Boots|[from] move: Knock Off|[of] p1a: Mienshao\n|\n|-weather|RainDance|[upkeep]\n|upkeep\n|turn|9\n|\n|t:|1646765758\n|-activate|p2a: Salamence|confusion\n|move|p2a: Salamence|Earthquake|p1a: Mienshao\n|-damage|p1a: Mienshao|0 fnt\n|faint|p1a: Mienshao\n|-ability|p2a: Salamence|Moxie|boost\n|-boost|p2a: Salamence|atk|1\n|\n|-weather|none\n|upkeep\n|\n|t:|1646765764\n|switch|p1a: Luxray|Luxray, L84, F|272\/272\n|turn|10\n|\n|t:|1646765772\n|-end|p2a: Salamence|confusion\n|move|p2a: Salamence|Earthquake|p1a: Luxray\n|-supereffective|p1a: Luxray\n|-damage|p1a: Luxray|0 fnt\n|faint|p1a: Luxray\n|\n|win|Satyaki Roy\n|raw|corumba's rating: 1791 &rarr; <strong>1767<\/strong><br \/>(-24 for losing)\n|raw|Satyaki Roy's rating: 1717 &rarr; <strong>1741<\/strong><br \/>(+24 for winning)\n|l|\u2606corumba\n","inputlog":">version 394449f088c54b433e874ac95e4a5f190ae695af\n>start {\"formatid\":\"gen8randombattle\",\"seed\":[23456,1314,28521,56747],\"rated\":\"Rated battle\"}\n>player p1 {\"name\":\"corumba\",\"avatar\":\"266\",\"rating\":1791,\"seed\":[1985,19756,39868,50548]}\n>player p2 {\"name\":\"Satyaki Roy\",\"avatar\":\"170\",\"rating\":1717,\"seed\":[22520,43885,33281,65441]}\n>p1 switch 2\n>p2 move dragondance\n>p1 move sleeppowder\n>p2 move outrage\n>p1 switch 5\n>p2 move outrage\n>p1 move gunkshot\n>p2 move outrage\n>p1 switch 4\n>p1 move icebeam\n>p2 move outrage\n>p1 switch 6\n>p1 move rockslide\n>p2 move outrage\n>p1 switch 5\n>p1 move sludgebomb\n>p2 move outrage\n>p1 switch 2\n>p1 move knockoff\n>p2 move outrage\n>p1 move closecombat\n>p2 move earthquake\n>p1 switch 3\n>p1 move agility\n>p2 move earthquake","uploadtime":1646765779,"views":7,"p1id":"corumba","p2id":"satyakiroy","formatid":"gen8randombattle","rating":1741,"private":0,"password":null}