{"id":"gen8lc-1701623619","p1":"Laroxyl","p2":"JustNot","format":"gen8lc","log":"|html|<div class=\"broadcast-blue\"><strong>[Gen 8] LC is currently suspecting Magby! For information on how to participate check out the <a href=\"https:\/\/www.smogon.com\/forums\/threads\/lc-suspect-%E2%80%94-the-drum.3709906\/\">suspect thread<\/a>.<\/strong><\/div>\n|j|\u2606Laroxyl\n|j|\u2606JustNot\n|t:|1667472629\n|gametype|singles\n|player|p1|Laroxyl|#scl1spartans|\n|player|p2|JustNot|janitor|\n|teamsize|p1|6\n|teamsize|p2|6\n|gen|8\n|tier|[Gen 8] LC\n|rule|Sleep Clause Mod: Limit one foe put to sleep\n|rule|Species Clause: Limit one of each Pok\u00e9mon\n|rule|OHKO Clause: OHKO moves are banned\n|rule|Evasion Items Clause: Evasion items are banned\n|rule|Evasion Moves Clause: Evasion moves are banned\n|rule|Endless Battle Clause: Forcing endless battles is banned\n|rule|HP Percentage Mod: HP is shown in percentages\n|rule|Dynamax Clause: You cannot dynamax\n|clearpoke\n|poke|p1|Tyrunt, L5, M|\n|poke|p1|Magby, L5, M|\n|poke|p1|Venipede, L5, M|\n|poke|p1|Diglett, L5, M|\n|poke|p1|Grookey, L5, F|\n|poke|p1|Frillish, L5, M|\n|poke|p2|Porygon, L5|\n|poke|p2|Trapinch, L5, M|\n|poke|p2|Minccino, L5, M|\n|poke|p2|Mienfoo, L5, M|\n|poke|p2|Dwebble, L5, M|\n|poke|p2|Abra, L5, M|\n|teampreview\n|j| maglc kipkluif\n|c|\u2606JustNot|Not the trio\n|\n|t:|1667472651\n|start\n|switch|p1a: Frillish|Frillish, L5, M|100\/100\n|switch|p2a: Mienfoo|Mienfoo, L5, M|100\/100\n|turn|1\n|inactive|Battle timer is ON: inactive players will automatically lose when time's up. (requested by Laroxyl)\n|j| Aranacana\n|j| Catgirl Sprigatito\n|\n|t:|1667472684\n|switch|p1a: Venipede|Venipede, L5, M|100\/100\n|move|p2a: Mienfoo|Knock Off|p1a: Venipede\n|-damage|p1a: Venipede|72\/100\n|-enditem|p1a: Venipede|Eviolite|[from] move: Knock Off|[of] p2a: Mienfoo\n|\n|upkeep\n|turn|2\n|\n|t:|1667472698\n|switch|p2a: Dwebble|Dwebble, L5, M|100\/100\n|move|p1a: Venipede|Spikes|p2a: Dwebble\n|-sidestart|p2: JustNot|Spikes\n|\n|-ability|p1a: Venipede|Speed Boost|boost\n|-boost|p1a: Venipede|spe|1\n|upkeep\n|turn|3\n|\n|t:|1667472714\n|move|p1a: Venipede|Spikes|p2a: Dwebble\n|-sidestart|p2: JustNot|Spikes\n|move|p2a: Dwebble|Stealth Rock|p1a: Venipede\n|-sidestart|p1: Laroxyl|move: Stealth Rock\n|\n|-ability|p1a: Venipede|Speed Boost|boost\n|-boost|p1a: Venipede|spe|1\n|upkeep\n|turn|4\n|l| Catgirl Sprigatito\n|j| BlueWollyWog\n|\n|t:|1667472719\n|move|p1a: Venipede|Spikes|p2a: Dwebble\n|-sidestart|p2: JustNot|Spikes\n|move|p2a: Dwebble|Rock Blast|p1a: Venipede\n|-supereffective|p1a: Venipede\n|-damage|p1a: Venipede|34\/100\n|-supereffective|p1a: Venipede\n|-damage|p1a: Venipede|0 fnt\n|faint|p1a: Venipede\n|-hitcount|p1: Venipede|2\n|\n|upkeep\n|c| Aranacana|why'd y'all leave all the fun innovations for the end of the gen\n|c| Aranacana|gible, venipede\n|\n|t:|1667472735\n|switch|p1a: Frillish|Frillish, L5, M|100\/100\n|-damage|p1a: Frillish|92\/100|[from] Stealth Rock\n|turn|5\n|\n|t:|1667472741\n|move|p1a: Frillish|Water Spout|p2a: Dwebble\n|-supereffective|p2a: Dwebble\n|-damage|p2a: Dwebble|0 fnt\n|faint|p2a: Dwebble\n|\n|upkeep\n|c| BlueWollyWog|this for lpl?\n|c|\u2606JustNot|Welp, now i know the set\n|\n|t:|1667472758\n|switch|p2a: Porygon|Porygon, L5|100\/100\n|-damage|p2a: Porygon|79\/100|[from] Spikes\n|-ability|p2a: Porygon|Download|boost\n|-boost|p2a: Porygon|atk|1\n|turn|6\n|inactive|JustNot has 270 seconds left.\n|\n|t:|1667472784\n|move|p2a: Porygon|Thunderbolt|p1a: Frillish\n|-supereffective|p1a: Frillish\n|-damage|p1a: Frillish|22\/100\n|-start|p2a: Porygon|Disable|Thunderbolt|[from] ability: Cursed Body|[of] p1a: Frillish\n|move|p1a: Frillish|Water Spout|p2a: Porygon\n|-damage|p2a: Porygon|61\/100\n|\n|upkeep\n|turn|7\n|inactive|JustNot has 270 seconds left.\n|c| maglc kipkluif|last chance prob bww\n|c|\u2606JustNot|Its last chance\n|\n|t:|1667472814\n|switch|p1a: Diglett|Diglett, L5, M|100\/100\n|-damage|p1a: Diglett|95\/100|[from] Stealth Rock\n|switch|p2a: Abra|Abra, L5, M|100\/100\n|\n|upkeep\n|turn|8\n|c| BlueWollyWog|ah i see \ud83d\udc40\n|inactive|Laroxyl has 270 seconds left.\n|inactive|JustNot has 240 seconds left.\n|\n|t:|1667472837\n|switch|p2a: Porygon|Porygon, L5|61\/100\n|-damage|p2a: Porygon|40\/100|[from] Spikes\n|-ability|p2a: Porygon|Download|boost\n|-boost|p2a: Porygon|atk|1\n|move|p1a: Diglett|Earthquake|p2a: Porygon\n|-damage|p2a: Porygon|0 fnt\n|faint|p2a: Porygon\n|\n|upkeep\n|inactive|JustNot has 240 seconds left.\n|\n|t:|1667472845\n|switch|p2a: Trapinch|Trapinch, L5, M|100\/100\n|-damage|p2a: Trapinch|77\/100|[from] Spikes\n|turn|9\n|inactive|JustNot has 240 seconds left.\n|\n|t:|1667472861\n|move|p1a: Diglett|Protect|p1a: Diglett\n|-singleturn|p1a: Diglett|Protect\n|move|p2a: Trapinch|Earthquake|p1a: Diglett\n|-activate|p1a: Diglett|move: Protect\n|\n|upkeep\n|turn|10\n|c|\u2606JustNot|I am so nervous\n|inactive|Laroxyl has 270 seconds left.\n|\n|t:|1667472896\n|move|p1a: Diglett|Earthquake|p2a: Trapinch\n|-damage|p2a: Trapinch|34\/100\n|move|p2a: Trapinch|Earthquake|p1a: Diglett\n|-damage|p1a: Diglett|0 fnt\n|faint|p1a: Diglett\n|\n|upkeep\n|inactive|Laroxyl has 240 seconds left.\n|\n|t:|1667472936\n|switch|p1a: Tyrunt|Tyrunt, L5, M|100\/100\n|-damage|p1a: Tyrunt|91\/100|[from] Stealth Rock\n|turn|11\n|c|\u2606JustNot|Wait\n|c|\u2606JustNot|somethings wrong i can feel it\n|inactive|JustNot has 240 seconds left.\n|\n|t:|1667472959\n|move|p1a: Tyrunt|Psychic Fangs|p2a: Trapinch\n|-damage|p2a: Trapinch|0 fnt\n|faint|p2a: Trapinch\n|\n|upkeep\n|inactive|JustNot has 240 seconds left.\n|c|\u2606JustNot|Nope i feel nothing\n|\n|t:|1667472992\n|switch|p2a: Minccino|Minccino, L5, M|100\/100\n|-damage|p2a: Minccino|78\/100|[from] Spikes\n|turn|12\n|\n|t:|1667473004\n|move|p2a: Minccino|Substitute|p2a: Minccino\n|-start|p2a: Minccino|Substitute\n|-damage|p2a: Minccino|55\/100\n|move|p1a: Tyrunt|Psychic Fangs|p2a: Minccino\n|-end|p2a: Minccino|Substitute\n|\n|upkeep\n|turn|13\n|\n|t:|1667473008\n|move|p2a: Minccino|Triple Axel|p1a: Tyrunt\n|-supereffective|p1a: Tyrunt\n|-damage|p1a: Tyrunt|69\/100\n|-supereffective|p1a: Tyrunt\n|-damage|p1a: Tyrunt|32\/100\n|-supereffective|p1a: Tyrunt\n|-damage|p1a: Tyrunt|0 fnt\n|faint|p1a: Tyrunt\n|-hitcount|p1: Tyrunt|3\n|-damage|p2a: Minccino|46\/100|[from] item: Life Orb\n|\n|upkeep\n|inactive|Laroxyl has 240 seconds left.\n|\n|t:|1667473043\n|switch|p1a: Grookey|Grookey, L5, F|100\/100\n|-damage|p1a: Grookey|91\/100|[from] Stealth Rock\n|-fieldstart|move: Grassy Terrain|[from] ability: Grassy Surge|[of] p1a: Grookey\n|-enditem|p1a: Grookey|Grassy Seed\n|-boost|p1a: Grookey|def|1|[from] item: Grassy Seed\n|turn|14\n|inactive|JustNot has 210 seconds left.\n|\n|t:|1667473077\n|move|p1a: Grookey|Grassy Glide|p2a: Minccino\n|-damage|p2a: Minccino|0 fnt\n|faint|p2a: Minccino\n|\n|-heal|p1a: Grookey|96\/100|[from] Grassy Terrain\n|upkeep\n|\n|t:|1667473080\n|switch|p2a: Mienfoo|Mienfoo, L5, M|100\/100\n|-damage|p2a: Mienfoo|77\/100|[from] Spikes\n|turn|15\n|\n|t:|1667473084\n|move|p2a: Mienfoo|Fake Out|p1a: Grookey\n|-damage|p1a: Grookey|81\/100\n|cant|p1a: Grookey|flinch\n|\n|-heal|p1a: Grookey|86\/100|[from] Grassy Terrain\n|-heal|p2a: Mienfoo|81\/100|[from] Grassy Terrain\n|upkeep\n|turn|16\n|\n|t:|1667473091\n|move|p2a: Mienfoo|High Jump Kick|p1a: Grookey|[miss]\n|-miss|p2a: Mienfoo|p1a: Grookey\n|-damage|p2a: Mienfoo|34\/100|[from] highjumpkick\n|move|p1a: Grookey|Acrobatics|p2a: Mienfoo\n|-supereffective|p2a: Mienfoo\n|-damage|p2a: Mienfoo|0 fnt\n|faint|p2a: Mienfoo\n|\n|-heal|p1a: Grookey|91\/100|[from] Grassy Terrain\n|upkeep\n|c|\u2606Laroxyl|gg\n|c|\u2606JustNot|Now that\n|c|\u2606JustNot|is insult to injury\n|\n|t:|1667473106\n|switch|p2a: Abra|Abra, L5, M|100\/100\n|turn|17\n|c|\u2606Laroxyl|it doesn\u2019t matter\n|\n|t:|1667473115\n|move|p1a: Grookey|Grassy Glide|p2a: Abra\n|-damage|p2a: Abra|0 fnt\n|faint|p2a: Abra\n|\n|win|Laroxyl\n|c|\u2606JustNot|Gg\n|l|\u2606JustNot\n","uploadtime":1667473124,"views":39,"p1id":"laroxyl","p2id":"justnot","formatid":"gen8lc","rating":0,"private":0,"password":null}