{"id":"gen8ou-1518231020","p1":"T7","p2":"Infernoss","format":"gen8ou","log":"|j|\u2606T7\n|j|\u2606Infernoss\n|t:|1645750649\n|gametype|singles\n|player|p1|T7|hiker-gen4|1484\n|player|p2|Infernoss|chili|1589\n|teamsize|p1|6\n|teamsize|p2|6\n|gen|8\n|tier|[Gen 8] OU\n|rated|\n|rule|Sleep Clause Mod: Limit one foe put to sleep\n|rule|Species Clause: Limit one of each Pok\u00e9mon\n|rule|OHKO Clause: OHKO moves are banned\n|rule|Evasion Moves Clause: Evasion moves are banned\n|rule|Endless Battle Clause: Forcing endless battles is banned\n|rule|HP Percentage Mod: HP is shown in percentages\n|rule|Dynamax Clause: You cannot dynamax\n|clearpoke\n|poke|p1|Ninetales-Alola, M|\n|poke|p1|Nidoking, M|\n|poke|p1|Zeraora|\n|poke|p1|Blissey, F|\n|poke|p1|Umbreon, M|\n|poke|p1|Skarmory, M|\n|poke|p2|Slowbro, F|\n|poke|p2|Hatterene, F|\n|poke|p2|Marowak-Alola, M|\n|poke|p2|Ferrothorn, M|\n|poke|p2|Garchomp, M|\n|poke|p2|Drampa, M|\n|teampreview\n|inactive|Battle timer is ON: inactive players will automatically lose when time's up. (requested by T7)\n|\n|t:|1645750656\n|start\n|switch|p1a: Nidoking|Nidoking, M|100\/100\n|switch|p2a: Sharpo|Garchomp, M|100\/100\n|turn|1\n|\n|t:|1645750661\n|switch|p1a: Skarmory|Skarmory, M|100\/100\n|move|p2a: Sharpo|Earthquake|p1a: Skarmory\n|-immune|p1a: Skarmory\n|\n|upkeep\n|turn|2\n|\n|t:|1645750668\n|switch|p2a: Hatterene|Hatterene, F|100\/100\n|move|p1a: Skarmory|Taunt|p2a: Hatterene\n|move|p2a: Hatterene|Taunt|p1a: Skarmory|[from]ability: Magic Bounce\n|-start|p1a: Skarmory|move: Taunt\n|\n|upkeep\n|turn|3\n|\n|t:|1645750678\n|switch|p1a: Ninetales|Ninetales-Alola, M|100\/100\n|-weather|Hail|[from] ability: Snow Warning|[of] p1a: Ninetales\n|move|p2a: Hatterene|Mystical Fire|p1a: Ninetales\n|-supereffective|p1a: Ninetales\n|-damage|p1a: Ninetales|44\/100\n|-unboost|p1a: Ninetales|spa|1\n|\n|-weather|Hail|[upkeep]\n|-damage|p2a: Hatterene|95\/100|[from] Hail\n|upkeep\n|turn|4\n|\n|t:|1645750691\n|move|p1a: Ninetales|Aurora Veil|p1a: Ninetales\n|-sidestart|p1: T7|move: Aurora Veil\n|move|p2a: Hatterene|Trick Room|p2a: Hatterene\n|-fieldstart|move: Trick Room|[of] p2a: Hatterene\n|\n|-weather|Hail|[upkeep]\n|-damage|p2a: Hatterene|89\/100|[from] Hail\n|upkeep\n|turn|5\n|\n|t:|1645750702\n|switch|p2a: Billy B.|Marowak-Alola, M|100\/100\n|switch|p1a: Zeraora|Zeraora|100\/100\n|\n|-weather|Hail|[upkeep]\n|-damage|p2a: Billy B.|94\/100|[from] Hail\n|-damage|p1a: Zeraora|95\/100|[from] Hail\n|-heal|p1a: Zeraora|100\/100|[from] item: Leftovers\n|upkeep\n|turn|6\n|\n|t:|1645750715\n|switch|p2a: Sharpo|Garchomp, M|100\/100\n|move|p1a: Zeraora|Knock Off|p2a: Sharpo\n|-damage|p2a: Sharpo|72\/100\n|-damage|p1a: Zeraora|88\/100|[from] ability: Rough Skin|[of] p2a: Sharpo\n|-enditem|p2a: Sharpo|Leftovers|[from] move: Knock Off|[of] p1a: Zeraora\n|\n|-weather|Hail|[upkeep]\n|-damage|p2a: Sharpo|66\/100|[from] Hail\n|-damage|p1a: Zeraora|82\/100|[from] Hail\n|-heal|p1a: Zeraora|88\/100|[from] item: Leftovers\n|upkeep\n|turn|7\n|\n|t:|1645750726\n|switch|p1a: Skarmory|Skarmory, M|100\/100\n|move|p2a: Sharpo|Swords Dance|p2a: Sharpo\n|-boost|p2a: Sharpo|atk|2\n|\n|-weather|none\n|upkeep\n|turn|8\n|\n|t:|1645750732\n|move|p1a: Skarmory|Body Press|p2a: Sharpo\n|-damage|p2a: Sharpo|31\/100\n|-damage|p1a: Skarmory|88\/100|[from] ability: Rough Skin|[of] p2a: Sharpo\n|move|p2a: Sharpo|Swords Dance|p2a: Sharpo\n|-boost|p2a: Sharpo|atk|2\n|\n|-fieldend|move: Trick Room\n|upkeep\n|turn|9\n|\n|t:|1645750742\n|switch|p2a: Hatterene|Hatterene, F|89\/100\n|move|p1a: Skarmory|Body Press|p2a: Hatterene\n|-resisted|p2a: Hatterene\n|-damage|p2a: Hatterene|79\/100\n|\n|upkeep\n|turn|10\n|\n|t:|1645750748\n|switch|p1a: Nidoking|Nidoking, M|100\/100\n|move|p2a: Hatterene|Trick Room|p2a: Hatterene\n|-fieldstart|move: Trick Room|[of] p2a: Hatterene\n|\n|upkeep\n|turn|11\n|\n|t:|1645750759\n|switch|p2a: Falko|Drampa, M|100\/100\n|move|p1a: Nidoking|Sludge Wave|p2a: Falko\n|-damage|p2a: Falko|39\/100\n|\n|-sideend|p1: T7|move: Aurora Veil\n|upkeep\n|turn|12\n|\n|t:|1645750774\n|switch|p1a: Blissey|Blissey, F|100\/100\n|move|p2a: Falko|Roost|p2a: Falko\n|-heal|p2a: Falko|89\/100\n|-singleturn|p2a: Falko|move: Roost\n|\n|upkeep\n|turn|13\n|\n|t:|1645750780\n|move|p2a: Falko|Focus Blast|p1a: Blissey\n|-supereffective|p1a: Blissey\n|-damage|p1a: Blissey|60\/100\n|-unboost|p1a: Blissey|spd|1\n|-damage|p2a: Falko|80\/100|[from] item: Life Orb\n|move|p1a: Blissey|Toxic|p2a: Falko\n|-status|p2a: Falko|tox\n|\n|-heal|p1a: Blissey|67\/100|[from] item: Leftovers\n|-damage|p2a: Falko|73\/100 tox|[from] psn\n|upkeep\n|turn|14\n|\n|t:|1645750793\n|move|p2a: Falko|Ice Beam|p1a: Blissey\n|-damage|p1a: Blissey|45\/100\n|-damage|p2a: Falko|64\/100 tox|[from] item: Life Orb\n|move|p1a: Blissey|Wish|p1a: Blissey\n|\n|-heal|p1a: Blissey|52\/100|[from] item: Leftovers\n|-damage|p2a: Falko|51\/100 tox|[from] psn\n|-fieldend|move: Trick Room\n|upkeep\n|turn|15\n|\n|t:|1645750804\n|move|p1a: Blissey|Toxic|p2a: Falko\n|-fail|p2a: Falko|tox\n|move|p2a: Falko|Focus Blast|p1a: Blissey\n|-supereffective|p1a: Blissey\n|-damage|p1a: Blissey|0 fnt\n|faint|p1a: Blissey\n|-damage|p2a: Falko|42\/100 tox|[from] item: Life Orb\n|\n|-damage|p2a: Falko|23\/100 tox|[from] psn\n|upkeep\n|\n|t:|1645750809\n|switch|p1a: Nidoking|Nidoking, M|100\/100\n|turn|16\n|\n|t:|1645750815\n|switch|p2a: Thorns|Ferrothorn, M|100\/100\n|move|p1a: Nidoking|Ice Beam|p2a: Thorns\n|-damage|p2a: Thorns|74\/100\n|\n|upkeep\n|turn|17\n|\n|t:|1645750822\n|switch|p2a: Sonso|Slowbro, F|100\/100\n|move|p1a: Nidoking|Flamethrower|p2a: Sonso\n|-resisted|p2a: Sonso\n|-damage|p2a: Sonso|81\/100\n|\n|upkeep\n|turn|18\n|\n|t:|1645750828\n|switch|p1a: Umbreon|Umbreon, M|100\/100\n|move|p2a: Sonso|Trick Room|p2a: Sonso\n|-fieldstart|move: Trick Room|[of] p2a: Sonso\n|\n|upkeep\n|turn|19\n|\n|t:|1645750834\n|switch|p2a: Thorns|Ferrothorn, M|74\/100\n|move|p1a: Umbreon|Wish|p1a: Umbreon\n|\n|upkeep\n|turn|20\n|\n|t:|1645750839\n|switch|p1a: Nidoking|Nidoking, M|100\/100\n|move|p2a: Thorns|Stealth Rock|p1a: Nidoking\n|-sidestart|p1: T7|move: Stealth Rock\n|\n|upkeep\n|turn|21\n|\n|t:|1645750844\n|move|p2a: Thorns|Gyro Ball|p1a: Nidoking\n|-damage|p1a: Nidoking|36\/100\n|move|p1a: Nidoking|Flamethrower|p2a: Thorns\n|-supereffective|p2a: Thorns\n|-damage|p2a: Thorns|0 fnt\n|faint|p2a: Thorns\n|\n|upkeep\n|\n|t:|1645750855\n|switch|p2a: Falko|Drampa, M|23\/100 tox\n|turn|22\n|\n|t:|1645750862\n|switch|p1a: Umbreon|Umbreon, M|100\/100\n|-damage|p1a: Umbreon|88\/100|[from] Stealth Rock\n|move|p2a: Falko|Ice Beam|p1a: Umbreon\n|-damage|p1a: Umbreon|57\/100\n|-damage|p2a: Falko|14\/100 tox|[from] item: Life Orb\n|\n|-heal|p1a: Umbreon|63\/100|[from] item: Leftovers\n|-damage|p2a: Falko|7\/100 tox|[from] psn\n|-fieldend|move: Trick Room\n|upkeep\n|turn|23\n|\n|t:|1645750874\n|switch|p2a: Hatterene|Hatterene, F|79\/100\n|move|p1a: Umbreon|Foul Play|p2a: Hatterene\n|-damage|p2a: Hatterene|49\/100\n|\n|-heal|p1a: Umbreon|69\/100|[from] item: Leftovers\n|upkeep\n|turn|24\n|\n|t:|1645750881\n|move|p1a: Umbreon|Foul Play|p2a: Hatterene\n|-crit|p2a: Hatterene\n|-damage|p2a: Hatterene|2\/100\n|move|p2a: Hatterene|Trick Room|p2a: Hatterene\n|-fieldstart|move: Trick Room|[of] p2a: Hatterene\n|\n|-heal|p1a: Umbreon|75\/100|[from] item: Leftovers\n|upkeep\n|turn|25\n|\n|t:|1645750887\n|move|p2a: Hatterene|Healing Wish|p2a: Hatterene\n|faint|p2a: Hatterene\n|move|p1a: Umbreon|Foul Play|p2: Hatterene|[notarget]\n|-fail|p1a: Umbreon\n|\n|-heal|p1a: Umbreon|81\/100|[from] item: Leftovers\n|upkeep\n|\n|t:|1645750893\n|switch|p2a: Falko|Drampa, M|7\/100 tox\n|-heal|p2a: Falko|100\/100|[from] move: Healing Wish\n|turn|26\n|\n|t:|1645750899\n|move|p1a: Umbreon|Protect|p1a: Umbreon\n|-singleturn|p1a: Umbreon|Protect\n|move|p2a: Falko|Focus Blast|p1a: Umbreon\n|-activate|p1a: Umbreon|move: Protect\n|\n|-heal|p1a: Umbreon|87\/100|[from] item: Leftovers\n|upkeep\n|turn|27\n|\n|t:|1645750907\n|move|p2a: Falko|Focus Blast|p1a: Umbreon\n|-supereffective|p1a: Umbreon\n|-damage|p1a: Umbreon|0 fnt\n|faint|p1a: Umbreon\n|-damage|p2a: Falko|91\/100|[from] item: Life Orb\n|\n|upkeep\n|\n|t:|1645750926\n|switch|p1a: Skarmory|Skarmory, M|88\/100\n|-damage|p1a: Skarmory|76\/100|[from] Stealth Rock\n|turn|28\n|\n|t:|1645750931\n|switch|p2a: Sonso|Slowbro, F|100\/100\n|move|p1a: Skarmory|Roost|p1a: Skarmory\n|-heal|p1a: Skarmory|100\/100\n|-singleturn|p1a: Skarmory|move: Roost\n|\n|-fieldend|move: Trick Room\n|upkeep\n|turn|29\n|\n|t:|1645750939\n|move|p1a: Skarmory|Defog|p2a: Sonso\n|-unboost|p2a: Sonso|evasion|1\n|-sideend|p1: T7|Stealth Rock|[from] move: Defog|[of] p1a: Skarmory\n|move|p2a: Sonso|Scald|p1a: Skarmory\n|-damage|p1a: Skarmory|59\/100\n|\n|upkeep\n|turn|30\n|\n|t:|1645750947\n|move|p1a: Skarmory|Taunt|p2a: Sonso\n|-start|p2a: Sonso|move: Taunt\n|move|p2a: Sonso|Scald|p1a: Skarmory\n|-damage|p1a: Skarmory|20\/100\n|\n|upkeep\n|turn|31\n|\n|t:|1645750954\n|move|p1a: Skarmory|Roost|p1a: Skarmory\n|-heal|p1a: Skarmory|70\/100\n|-singleturn|p1a: Skarmory|move: Roost\n|move|p2a: Sonso|Scald|p1a: Skarmory\n|-damage|p1a: Skarmory|35\/100\n|\n|upkeep\n|turn|32\n|\n|t:|1645750963\n|switch|p1a: Ninetales|Ninetales-Alola, M|44\/100\n|-weather|Hail|[from] ability: Snow Warning|[of] p1a: Ninetales\n|move|p2a: Sonso|Scald|p1a: Ninetales\n|-damage|p1a: Ninetales|8\/100\n|-status|p1a: Ninetales|brn\n|\n|-weather|Hail|[upkeep]\n|-damage|p2a: Sonso|94\/100|[from] Hail\n|-damage|p1a: Ninetales|2\/100 brn|[from] brn\n|-end|p2a: Sonso|move: Taunt\n|upkeep\n|turn|33\n|\n|t:|1645750983\n|move|p1a: Ninetales|Aurora Veil|p1a: Ninetales\n|-sidestart|p1: T7|move: Aurora Veil\n|move|p2a: Sonso|Trick Room|p2a: Sonso\n|-fieldstart|move: Trick Room|[of] p2a: Sonso\n|\n|-weather|Hail|[upkeep]\n|-damage|p2a: Sonso|88\/100|[from] Hail\n|-damage|p1a: Ninetales|0 fnt|[from] brn\n|faint|p1a: Ninetales\n|upkeep\n|\n|t:|1645750991\n|switch|p1a: Zeraora|Zeraora|88\/100\n|turn|34\n|\n|t:|1645750994\n|move|p2a: Sonso|Scald|p1a: Zeraora\n|-damage|p1a: Zeraora|70\/100\n|move|p1a: Zeraora|Bulk Up|p1a: Zeraora\n|-boost|p1a: Zeraora|atk|1\n|-boost|p1a: Zeraora|def|1\n|\n|-weather|Hail|[upkeep]\n|-damage|p2a: Sonso|82\/100|[from] Hail\n|-damage|p1a: Zeraora|64\/100|[from] Hail\n|-heal|p1a: Zeraora|70\/100|[from] item: Leftovers\n|upkeep\n|turn|35\n|\n|t:|1645751005\n|switch|p2a: Sharpo|Garchomp, M|31\/100\n|move|p1a: Zeraora|Plasma Fists|p2a: Sharpo\n|-immune|p2a: Sharpo\n|\n|-weather|Hail|[upkeep]\n|-damage|p2a: Sharpo|25\/100|[from] Hail\n|-damage|p1a: Zeraora|64\/100|[from] Hail\n|-heal|p1a: Zeraora|70\/100|[from] item: Leftovers\n|upkeep\n|turn|36\n|\n|t:|1645751014\n|move|p2a: Sharpo|Earthquake|p1a: Zeraora\n|-supereffective|p1a: Zeraora\n|-damage|p1a: Zeraora|19\/100\n|move|p1a: Zeraora|Knock Off|p2a: Sharpo\n|-damage|p2a: Sharpo|0 fnt\n|-damage|p1a: Zeraora|7\/100|[from] ability: Rough Skin|[of] p2a: Sharpo\n|faint|p2a: Sharpo\n|\n|-weather|none\n|-heal|p1a: Zeraora|13\/100|[from] item: Leftovers\n|upkeep\n|\n|t:|1645751024\n|switch|p2a: Sonso|Slowbro, F|100\/100\n|turn|37\n|\n|t:|1645751030\n|switch|p1a: Skarmory|Skarmory, M|35\/100\n|move|p2a: Sonso|Scald|p1a: Skarmory\n|-damage|p1a: Skarmory|15\/100\n|\n|-fieldend|move: Trick Room\n|upkeep\n|turn|38\n|\n|t:|1645751037\n|move|p1a: Skarmory|Body Press|p2a: Sonso\n|-resisted|p2a: Sonso\n|-damage|p2a: Sonso|91\/100\n|move|p2a: Sonso|Scald|p1a: Skarmory\n|-damage|p1a: Skarmory|0 fnt\n|faint|p1a: Skarmory\n|\n|upkeep\n|\n|t:|1645751045\n|switch|p1a: Nidoking|Nidoking, M|36\/100\n|turn|39\n|\n|t:|1645751049\n|move|p1a: Nidoking|Earth Power|p2a: Sonso\n|-damage|p2a: Sonso|27\/100\n|move|p2a: Sonso|Scald|p1a: Nidoking\n|-supereffective|p1a: Nidoking\n|-damage|p1a: Nidoking|0 fnt\n|faint|p1a: Nidoking\n|\n|upkeep\n|\n|t:|1645751053\n|switch|p1a: Zeraora|Zeraora|13\/100\n|turn|40\n|\n|t:|1645751062\n|move|p1a: Zeraora|Plasma Fists|p2a: Sonso\n|-supereffective|p2a: Sonso\n|-damage|p2a: Sonso|0 fnt\n|-fieldactivate|move: Ion Deluge\n|-hint|Normal-type moves become Electric-type after using Plasma Fists.\n|faint|p2a: Sonso\n|\n|-heal|p1a: Zeraora|19\/100|[from] item: Leftovers\n|-sideend|p1: T7|move: Aurora Veil\n|upkeep\n|\n|t:|1645751070\n|switch|p2a: Billy B.|Marowak-Alola, M|94\/100\n|turn|41\n|\n|t:|1645751073\n|move|p1a: Zeraora|Knock Off|p2a: Billy B.\n|-supereffective|p2a: Billy B.\n|-damage|p2a: Billy B.|32\/100\n|-enditem|p2a: Billy B.|Thick Club|[from] move: Knock Off|[of] p1a: Zeraora\n|move|p2a: Billy B.|Flare Blitz|p1a: Zeraora\n|-damage|p1a: Zeraora|0 fnt\n|faint|p1a: Zeraora\n|\n|win|Infernoss\n|raw|T7's rating: 1484 &rarr; <strong>1470<\/strong><br \/>(-14 for losing)\n|raw|Infernoss's rating: 1589 &rarr; <strong>1603<\/strong><br \/>(+14 for winning)\n|l|\u2606T7\n","uploadtime":1645751084,"views":97,"p1id":"t7","p2id":"infernoss","formatid":"gen8ou","rating":1470,"private":0,"password":null}