{"id":"gen8ou-1209968478","p1":"Aphro Mari","p2":"SpookyHard","format":"gen8ou","log":"|j|\u2606Aphro Mari\n|j|\u2606SpookyHard\n|t:|1603728075\n|player|p1|Aphro Mari|ghetsis|1373\n|player|p2|SpookyHard|ethan|1411\n|teamsize|p1|6\n|teamsize|p2|6\n|gametype|singles\n|gen|8\n|tier|[Gen 8] OU\n|rated|\n|clearpoke\n|poke|p1|Torkoal, F|\n|poke|p1|Venusaur, F|\n|poke|p1|Charizard, M|\n|poke|p1|Urshifu-*, M|\n|poke|p1|Hatterene, F|\n|poke|p1|Seismitoad, M|\n|poke|p2|Ribombee, M|\n|poke|p2|Regidrago|\n|poke|p2|Heatran, M|\n|poke|p2|Regieleki|\n|poke|p2|Zapdos-Galar|\n|poke|p2|Landorus, M|\n|rule|Sleep Clause Mod: Limit one foe put to sleep\n|rule|Species Clause: Limit one of each Pok\u00e9mon\n|rule|OHKO Clause: OHKO moves are banned\n|rule|Evasion Moves Clause: Evasion moves are banned\n|rule|Endless Battle Clause: Forcing endless battles is banned\n|rule|HP Percentage Mod: HP is shown in percentages\n|rule|Dynamax Clause: You cannot dynamax\n|teampreview\n|inactive|Battle timer is ON: inactive players will automatically lose when time's up. (requested by Aphro Mari)\n|\n|t:|1603728087\n|start\n|switch|p1a: Urshifu|Urshifu, M|100\/100\n|switch|p2a: Regieleki|Regieleki|100\/100\n|turn|1\n|\n|t:|1603728102\n|switch|p1a: Seismitoad|Seismitoad, M|100\/100\n|move|p2a: Regieleki|Reflect|p2a: Regieleki\n|-sidestart|p2: SpookyHard|Reflect\n|\n|upkeep\n|turn|2\n|\n|t:|1603728109\n|switch|p2a: Ribombee|Ribombee, M|100\/100\n|move|p1a: Seismitoad|Stealth Rock|p2a: Ribombee\n|-sidestart|p2: SpookyHard|move: Stealth Rock\n|\n|upkeep\n|turn|3\n|\n|t:|1603728116\n|switch|p1a: Hatterene|Hatterene, F, shiny|100\/100\n|move|p2a: Ribombee|Sticky Web|p1a: Hatterene\n|move|p1a: Hatterene|Sticky Web|p2a: Ribombee|[from]Magic Bounce\n|-sidestart|p2: SpookyHard|move: Sticky Web\n|\n|upkeep\n|turn|4\n|\n|t:|1603728125\n|move|p2a: Ribombee|Quiver Dance|p2a: Ribombee\n|-boost|p2a: Ribombee|spa|1\n|-boost|p2a: Ribombee|spd|1\n|-boost|p2a: Ribombee|spe|1\n|move|p1a: Hatterene|Trick Room|p1a: Hatterene\n|-fieldstart|move: Trick Room|[of] p1a: Hatterene\n|\n|upkeep\n|turn|5\n|\n|t:|1603728133\n|move|p1a: Hatterene|Mystical Fire|p2a: Ribombee\n|-supereffective|p2a: Ribombee\n|-damage|p2a: Ribombee|26\/100\n|move|p2a: Ribombee|Moonblast|p1a: Hatterene\n|-damage|p1a: Hatterene|38\/100\n|-unboost|p1a: Hatterene|spa|1\n|\n|-heal|p1a: Hatterene|44\/100|[from] item: Leftovers\n|upkeep\n|turn|6\n|\n|t:|1603728152\n|move|p1a: Hatterene|Mystical Fire|p2a: Ribombee\n|-supereffective|p2a: Ribombee\n|-damage|p2a: Ribombee|0 fnt\n|faint|p2a: Ribombee\n|\n|-heal|p1a: Hatterene|50\/100|[from] item: Leftovers\n|upkeep\n|\n|t:|1603728154\n|switch|p2a: Heatran|Heatran, M|100\/100\n|-damage|p2a: Heatran|88\/100|[from] Stealth Rock\n|-activate|p2a: Heatran|move: Sticky Web\n|-unboost|p2a: Heatran|spe|1\n|turn|7\n|\n|t:|1603728166\n|switch|p1a: Seismitoad|Seismitoad, M|100\/100\n|move|p2a: Heatran|Flash Cannon|p1a: Seismitoad\n|-resisted|p1a: Seismitoad\n|-damage|p1a: Seismitoad|67\/100\n|\n|-heal|p1a: Seismitoad|73\/100|[from] item: Leftovers\n|upkeep\n|turn|8\n|\n|t:|1603728177\n|switch|p2a: Regieleki|Regieleki|100\/100\n|-damage|p2a: Regieleki|88\/100|[from] Stealth Rock\n|-activate|p2a: Regieleki|move: Sticky Web\n|-unboost|p2a: Regieleki|spe|1\n|move|p1a: Seismitoad|Earth Power|p2a: Regieleki\n|-supereffective|p2a: Regieleki\n|-damage|p2a: Regieleki|0 fnt\n|faint|p2a: Regieleki\n|\n|-heal|p1a: Seismitoad|79\/100|[from] item: Leftovers\n|-sideend|p2: SpookyHard|Reflect\n|-fieldend|move: Trick Room\n|upkeep\n|\n|t:|1603728187\n|switch|p2a: Landorus|Landorus, M|100\/100\n|-damage|p2a: Landorus|88\/100|[from] Stealth Rock\n|turn|9\n|\n|t:|1603728196\n|move|p2a: Landorus|Earth Power|p1a: Seismitoad\n|-damage|p1a: Seismitoad|6\/100\n|move|p1a: Seismitoad|Scald|p2a: Landorus\n|-supereffective|p2a: Landorus\n|-damage|p2a: Landorus|24\/100\n|\n|-heal|p1a: Seismitoad|12\/100|[from] item: Leftovers\n|upkeep\n|turn|10\n|\n|t:|1603728207\n|move|p2a: Landorus|Earth Power|p1a: Seismitoad\n|-damage|p1a: Seismitoad|0 fnt\n|faint|p1a: Seismitoad\n|\n|upkeep\n|\n|t:|1603728213\n|switch|p1a: Urshifu|Urshifu, M|100\/100\n|turn|11\n|\n|t:|1603728226\n|switch|p2a: Zapdos|Zapdos-Galar|100\/100\n|-damage|p2a: Zapdos|88\/100|[from] Stealth Rock\n|move|p1a: Urshifu|Close Combat|p2a: Zapdos\n|-resisted|p2a: Zapdos\n|-damage|p2a: Zapdos|50\/100\n|-unboost|p1a: Urshifu|def|1\n|-unboost|p1a: Urshifu|spd|1\n|\n|-heal|p2a: Zapdos|56\/100|[from] item: Leftovers\n|upkeep\n|turn|12\n|\n|t:|1603728244\n|switch|p1a: Torkoal|Torkoal, F|100\/100\n|-weather|SunnyDay|[from] ability: Drought|[of] p1a: Torkoal\n|move|p2a: Zapdos|Thunderous Kick|p1a: Torkoal\n|-damage|p1a: Torkoal|76\/100\n|-unboost|p1a: Torkoal|def|1\n|\n|-weather|SunnyDay|[upkeep]\n|-heal|p2a: Zapdos|62\/100|[from] item: Leftovers\n|upkeep\n|turn|13\n|\n|t:|1603728256\n|move|p2a: Zapdos|Thunderous Kick|p1a: Torkoal\n|-damage|p1a: Torkoal|34\/100\n|-unboost|p1a: Torkoal|def|1\n|move|p1a: Torkoal|Toxic|p2a: Zapdos\n|-status|p2a: Zapdos|tox\n|\n|-weather|SunnyDay|[upkeep]\n|-heal|p2a: Zapdos|69\/100 tox|[from] item: Leftovers\n|-damage|p2a: Zapdos|62\/100 tox|[from] psn\n|upkeep\n|turn|14\n|\n|t:|1603728268\n|switch|p1a: Urshifu|Urshifu, M|100\/100\n|move|p2a: Zapdos|Thunderous Kick|p1a: Urshifu\n|-supereffective|p1a: Urshifu\n|-damage|p1a: Urshifu|15\/100\n|-unboost|p1a: Urshifu|def|1\n|\n|-weather|SunnyDay|[upkeep]\n|-heal|p2a: Zapdos|69\/100 tox|[from] item: Leftovers\n|-damage|p2a: Zapdos|56\/100 tox|[from] psn\n|upkeep\n|turn|15\n|\n|t:|1603728283\n|move|p1a: Urshifu|Wicked Blow|p2a: Zapdos\n|-resisted|p2a: Zapdos\n|-crit|p2a: Zapdos\n|-damage|p2a: Zapdos|20\/100 tox\n|move|p2a: Zapdos|Brave Bird|p1a: Urshifu\n|-supereffective|p1a: Urshifu\n|-crit|p1a: Urshifu\n|-damage|p1a: Urshifu|0 fnt\n|-damage|p2a: Zapdos|14\/100 tox|[from] Recoil\n|faint|p1a: Urshifu\n|\n|-weather|SunnyDay|[upkeep]\n|-heal|p2a: Zapdos|20\/100 tox|[from] item: Leftovers\n|-damage|p2a: Zapdos|2\/100 tox|[from] psn\n|upkeep\n|\n|t:|1603728297\n|switch|p1a: Venusaur|Venusaur, F, shiny|100\/100\n|turn|16\n|\n|t:|1603728302\n|move|p1a: Venusaur|Giga Drain|p2a: Zapdos\n|-resisted|p2a: Zapdos\n|-damage|p2a: Zapdos|0 fnt\n|-damage|p1a: Venusaur|91\/100|[from] item: Life Orb\n|faint|p2a: Zapdos\n|\n|-weather|SunnyDay|[upkeep]\n|upkeep\n|\n|t:|1603728306\n|switch|p2a: Regidrago|Regidrago|100\/100\n|-activate|p2a: Regidrago|move: Sticky Web\n|-unboost|p2a: Regidrago|spe|1\n|-damage|p2a: Regidrago|88\/100|[from] Stealth Rock\n|turn|17\n|\n|t:|1603728319\n|move|p1a: Venusaur|Weather Ball|p2a: Regidrago\n|-resisted|p2a: Regidrago\n|-damage|p2a: Regidrago|57\/100\n|-damage|p1a: Venusaur|81\/100|[from] item: Life Orb\n|move|p2a: Regidrago|Dragon Energy|p1a: Venusaur\n|-crit|p1a: Venusaur\n|-damage|p1a: Venusaur|0 fnt\n|faint|p1a: Venusaur\n|\n|-weather|SunnyDay|[upkeep]\n|upkeep\n|\n|t:|1603728333\n|switch|p1a: Charizard|Charizard, M, shiny|100\/100\n|turn|18\n|\n|t:|1603728343\n|move|p1a: Charizard|Fire Blast|p2a: Regidrago\n|-resisted|p2a: Regidrago\n|-damage|p2a: Regidrago|0 fnt\n|faint|p2a: Regidrago\n|\n|-weather|SunnyDay|[upkeep]\n|-damage|p1a: Charizard|88\/100|[from] ability: Solar Power|[of] p1a: Charizard\n|upkeep\n|\n|t:|1603728347\n|switch|p2a: Heatran|Heatran, M|88\/100\n|-damage|p2a: Heatran|76\/100|[from] Stealth Rock\n|-activate|p2a: Heatran|move: Sticky Web\n|-unboost|p2a: Heatran|spe|1\n|turn|19\n|\n|t:|1603728358\n|switch|p1a: Hatterene|Hatterene, F, shiny|50\/100\n|move|p2a: Heatran|Fire Blast|p1a: Hatterene\n|-damage|p1a: Hatterene|0 fnt\n|faint|p1a: Hatterene\n|\n|-weather|none\n|upkeep\n|\n|t:|1603728367\n|switch|p1a: Charizard|Charizard, M, shiny|88\/100\n|turn|20\n|\n|t:|1603728375\n|move|p1a: Charizard|Focus Blast|p2a: Heatran\n|-supereffective|p2a: Heatran\n|-damage|p2a: Heatran|0 fnt\n|faint|p2a: Heatran\n|\n|upkeep\n|\n|t:|1603728378\n|switch|p2a: Landorus|Landorus, M|24\/100\n|-damage|p2a: Landorus|12\/100|[from] Stealth Rock\n|turn|21\n|\n|t:|1603728386\n|switch|p1a: Torkoal|Torkoal, F|34\/100\n|-weather|SunnyDay|[from] ability: Drought|[of] p1a: Torkoal\n|move|p2a: Landorus|Sludge Wave|p1a: Torkoal\n|-crit|p1a: Torkoal\n|-damage|p1a: Torkoal|0 fnt\n|faint|p1a: Torkoal\n|\n|-weather|SunnyDay|[upkeep]\n|upkeep\n|\n|t:|1603728396\n|switch|p1a: Charizard|Charizard, M, shiny|88\/100\n|turn|22\n|\n|t:|1603728402\n|move|p2a: Landorus|Sludge Wave|p1a: Charizard\n|-damage|p1a: Charizard|20\/100\n|move|p1a: Charizard|Solar Beam||[still]\n|-prepare|p1a: Charizard|Solar Beam\n|-anim|p1a: Charizard|Solar Beam|p2a: Landorus\n|-damage|p2a: Landorus|0 fnt\n|faint|p2a: Landorus\n|\n|win|Aphro Mari\n||Ladder (probably) updated, but score could not be retrieved (Request timeout).\n","uploadtime":1603728413,"views":29,"p1id":"aphromari","p2id":"spookyhard","formatid":"gen8ou","rating":0,"private":0,"password":null}