{"id":"gen8nationaldexmonotype-1545799150","p1":"fabianclaros","p2":"Eclipse77","format":"gen8nationaldexmonotype","log":"|j|\u2606fabianclaros\n|j|\u2606Eclipse77\n|inactive|Battle timer is ON: inactive players will automatically lose when time's up.\n|t:|1649083878\n|gametype|singles\n|player|p1|fabianclaros|volkner|\n|player|p2|Eclipse77|hilda-wonderlauncher|\n|teamsize|p1|6\n|teamsize|p2|6\n|gen|8\n|tier|[Gen 8] National Dex Monotype\n|rated|Tournament battle\n|rule|HP Percentage Mod: HP is shown in percentages\n|rule|Endless Battle Clause: Forcing endless battles is banned\n|rule|Same Type Clause: Pok\u00e9mon in a team must share a type\n|rule|Species Clause: Limit one of each Pok\u00e9mon\n|rule|OHKO Clause: OHKO moves are banned\n|rule|Evasion Moves Clause: Evasion moves are banned\n|rule|Dynamax Clause: You cannot dynamax\n|rule|Sleep Clause Mod: Limit one foe put to sleep\n|clearpoke\n|poke|p1|Galvantula, M|\n|poke|p1|Rotom-Wash|\n|poke|p1|Luxray, F|\n|poke|p1|Tapu Koko|\n|poke|p1|Raichu-Alola, F|\n|poke|p1|Zeraora|\n|poke|p2|Greninja, M|\n|poke|p2|Pelipper, F|\n|poke|p2|Toxapex, M|\n|poke|p2|Urshifu-*, M|\n|poke|p2|Slowking, M|\n|poke|p2|Swampert, F|\n|teampreview\n|c|\u2606Eclipse77|Rip\n|\n|t:|1649083893\n|start\n|switch|p1a: Galvantula|Galvantula, M, shiny|100\/100\n|switch|p2a: Pelipper|Pelipper, F|100\/100\n|-weather|RainDance|[from] ability: Drizzle|[of] p2a: Pelipper\n|turn|1\n|j| itscoarseandrough\n|\n|t:|1649083907\n|switch|p2a: Swampert|Swampert, F, shiny|100\/100\n|move|p1a: Galvantula|Sticky Web|p2a: Swampert\n|-sidestart|p2: Eclipse77|move: Sticky Web\n|\n|-weather|RainDance|[upkeep]\n|upkeep\n|turn|2\n|\n|t:|1649083914\n|detailschange|p2a: Swampert|Swampert-Mega, F, shiny\n|-mega|p2a: Swampert|Swampert|Swampertite\n|move|p2a: Swampert|Waterfall|p1a: Galvantula\n|-crit|p1a: Galvantula\n|-enditem|p1a: Galvantula|Focus Sash\n|-damage|p1a: Galvantula|1\/100\n|move|p1a: Galvantula|Giga Drain|p2a: Swampert\n|-supereffective|p2a: Swampert\n|-damage|p2a: Swampert|22\/100\n|-heal|p1a: Galvantula|49\/100|[from] drain|[of] p2a: Swampert\n|\n|-weather|RainDance|[upkeep]\n|upkeep\n|turn|3\n|\n|t:|1649083925\n|move|p2a: Swampert|Waterfall|p1a: Galvantula\n|-damage|p1a: Galvantula|0 fnt\n|faint|p1a: Galvantula\n|\n|-weather|RainDance|[upkeep]\n|upkeep\n|\n|t:|1649083929\n|switch|p1a: Tapu Koko|Tapu Koko, shiny|100\/100\n|-fieldstart|move: Electric Terrain|[from] ability: Electric Surge|[of] p1a: Tapu Koko\n|turn|4\n|\n|t:|1649083933\n|move|p1a: Tapu Koko|Grass Knot|p2a: Swampert\n|-supereffective|p2a: Swampert\n|-damage|p2a: Swampert|0 fnt\n|faint|p2a: Swampert\n|\n|-weather|RainDance|[upkeep]\n|upkeep\n|\n|t:|1649083937\n|switch|p2a: Toxapex|Toxapex, M, shiny|100\/100\n|-activate|p2a: Toxapex|move: Sticky Web\n|-unboost|p2a: Toxapex|spe|1\n|turn|5\n|j| IDrinkSteelTears\n|\n|t:|1649083942\n|switch|p1a: Raichu|Raichu-Alola, F, shiny|100\/100\n|move|p2a: Toxapex|Toxic|p1a: Raichu\n|-status|p1a: Raichu|tox\n|\n|-weather|none\n|-damage|p1a: Raichu|94\/100 tox|[from] psn\n|upkeep\n|turn|6\n|\n|t:|1649083945\n|switch|p2a: Slowking|Slowking, M|100\/100\n|move|p1a: Raichu|Psyshock|p2a: Slowking\n|-resisted|p2a: Slowking\n|-damage|p2a: Slowking|80\/100\n|-damage|p1a: Raichu|84\/100 tox|[from] item: Life Orb\n|\n|-damage|p1a: Raichu|72\/100 tox|[from] psn\n|upkeep\n|turn|7\n|l| IDrinkSteelTears\n|j| Icecold09\n|\n|t:|1649083973\n|switch|p2a: Toxapex|Toxapex, M, shiny|100\/100\n|-activate|p2a: Toxapex|move: Sticky Web\n|-unboost|p2a: Toxapex|spe|1\n|move|p1a: Raichu|Electro Ball|p2a: Toxapex\n|-supereffective|p2a: Toxapex\n|-damage|p2a: Toxapex|0 fnt\n|faint|p2a: Toxapex\n|-damage|p1a: Raichu|62\/100 tox|[from] item: Life Orb\n|\n|-damage|p1a: Raichu|44\/100 tox|[from] psn\n|upkeep\n|inactive|Eclipse77 has 120 seconds left.\n|c|\u2606Eclipse77|Electro ball over rising voltage?\n|\n|t:|1649084000\n|switch|p2a: Slowking|Slowking, M|100\/100\n|turn|8\n|\n|t:|1649084006\n|move|p1a: Raichu|Electro Ball|p2a: Slowking\n|-supereffective|p2a: Slowking\n|-damage|p2a: Slowking|0 fnt\n|faint|p2a: Slowking\n|-damage|p1a: Raichu|34\/100 tox|[from] item: Life Orb\n|\n|-damage|p1a: Raichu|9\/100 tox|[from] psn\n|-fieldend|move: Electric Terrain\n|upkeep\n|inactive|Eclipse77 has 120 seconds left.\n|\n|t:|1649084012\n|switch|p2a: Greninja|Greninja, M, shiny|100\/100\n|-activate|p2a: Greninja|move: Sticky Web\n|-unboost|p2a: Greninja|spe|1\n|turn|9\n|\n|t:|1649084017\n|switch|p1a: Luxray|Luxray, F, shiny|100\/100\n|-ability|p1a: Luxray|Intimidate|boost\n|-unboost|p2a: Greninja|atk|1\n|move|p2a: Greninja|U-turn|p1a: Luxray\n|-start|p2a: Greninja|typechange|Bug|[from] ability: Protean\n|-damage|p1a: Luxray|82\/100\n|\n|t:|1649084025\n|switch|p2a: Urshifu|Urshifu-Rapid-Strike, M|100\/100|[from]move: U-turn\n|-activate|p2a: Urshifu|move: Sticky Web\n|-unboost|p2a: Urshifu|spe|1\n|\n|upkeep\n|turn|10\n|\n|t:|1649084031\n|move|p2a: Urshifu|Surging Strikes|p1a: Luxray\n|-crit|p1a: Luxray\n|-damage|p1a: Luxray|61\/100\n|-crit|p1a: Luxray\n|-damage|p1a: Luxray|38\/100\n|-crit|p1a: Luxray\n|-damage|p1a: Luxray|15\/100\n|-hitcount|p1a: Luxray|3\n|-zpower|p1a: Luxray\n|move|p1a: Luxray|Gigavolt Havoc|p2a: Urshifu|[zeffect]\n|-supereffective|p2a: Urshifu\n|-damage|p2a: Urshifu|0 fnt\n|faint|p2a: Urshifu\n|\n|upkeep\n|\n|t:|1649084037\n|switch|p2a: Greninja|Greninja, M, shiny|100\/100\n|-activate|p2a: Greninja|move: Sticky Web\n|-unboost|p2a: Greninja|spe|1\n|turn|11\n|\n|t:|1649084040\n|move|p2a: Greninja|U-turn|p1a: Luxray\n|-start|p2a: Greninja|typechange|Bug|[from] ability: Protean\n|-damage|p1a: Luxray|0 fnt\n|faint|p1a: Luxray\n|\n|t:|1649084042\n|switch|p2a: Pelipper|Pelipper, F|100\/100|[from]move: U-turn\n|-weather|RainDance|[from] ability: Drizzle|[of] p2a: Pelipper\n|\n|-weather|RainDance|[upkeep]\n|upkeep\n|\n|t:|1649084051\n|switch|p1a: Raichu|Raichu-Alola, F, shiny|9\/100 tox\n|turn|12\n|\n|t:|1649084058\n|move|p1a: Raichu|Electro Ball|p2a: Pelipper\n|-supereffective|p2a: Pelipper\n|-damage|p2a: Pelipper|0 fnt\n|faint|p2a: Pelipper\n|-damage|p1a: Raichu|0 fnt|[from] item: Life Orb\n|faint|p1a: Raichu\n|\n|-weather|RainDance|[upkeep]\n|upkeep\n|\n|t:|1649084064\n|switch|p1a: Rotom|Rotom-Wash, shiny|100\/100\n|switch|p2a: Greninja|Greninja, M, shiny|100\/100\n|-activate|p2a: Greninja|move: Sticky Web\n|-unboost|p2a: Greninja|spe|1\n|turn|13\n|\n|t:|1649084075\n|move|p2a: Greninja|Gunk Shot|p1a: Rotom|[miss]\n|-start|p2a: Greninja|typechange|Poison|[from] ability: Protean\n|-miss|p2a: Greninja|p1a: Rotom\n|move|p1a: Rotom|Will-O-Wisp|p2a: Greninja\n|-status|p2a: Greninja|brn\n|\n|-weather|RainDance|[upkeep]\n|-damage|p2a: Greninja|95\/100 brn|[from] brn\n|upkeep\n|turn|14\n|-message|Eclipse77 forfeited.\n|\n|win|fabianclaros\n|n|\u2606fabianclaros|fabianclaros\n|n|\u2606Eclipse77|eclipse77\n|n| itscoarseandrough|itscoarseandrough\n|n| Icecold09|icecold09\n|l|\u2606Eclipse77\n|l|\u2606fabianclaros\n","uploadtime":1649084090,"views":6,"p1id":"fabianclaros","p2id":"eclipse77","formatid":"gen8nationaldexmonotype","rating":0,"private":0,"password":null}