{"id":"gen8ou-1662794642","p1":"Naturalharmoniax","p2":"RggV_YT","format":"gen8ou","log":"|j|\u2606Naturalharmoniax\n|j|\u2606RggV_YT\n|t:|1663024895\n|gametype|singles\n|player|p1|Naturalharmoniax|dawn|1769\n|player|p2|RggV_YT|scientist-gen4|1825\n|teamsize|p1|6\n|teamsize|p2|6\n|gen|8\n|tier|[Gen 8] OU\n|rated|\n|rule|Sleep Clause Mod: Limit one foe put to sleep\n|rule|Species Clause: Limit one of each Pok\u00e9mon\n|rule|OHKO Clause: OHKO moves are banned\n|rule|Evasion Items Clause: Evasion items are banned\n|rule|Evasion Moves Clause: Evasion moves are banned\n|rule|Endless Battle Clause: Forcing endless battles is banned\n|rule|HP Percentage Mod: HP is shown in percentages\n|rule|Dynamax Clause: You cannot dynamax\n|clearpoke\n|poke|p1|Dragonite, F|\n|poke|p1|Quagsire, F|\n|poke|p1|Toxapex, M|\n|poke|p1|Chansey, F|\n|poke|p1|Corviknight, F|\n|poke|p1|Amoonguss, M|\n|poke|p2|Politoed, M|\n|poke|p2|Heliolisk, F|\n|poke|p2|Kingdra, F|\n|poke|p2|Mudsdale, F|\n|poke|p2|Scizor, F|\n|poke|p2|Victini|\n|teampreview\n|inactive|Battle timer is ON: inactive players will automatically lose when time's up. (requested by RggV_YT)\n|inactive|Naturalharmoniax also wants the timer to be on.\n|j| UrSheerForce\n|j| Jongruenwald\n|inactive|RggV_YT has 120 seconds left.\n|\n|t:|1663024928\n|start\n|switch|p1a: Queenie|Toxapex, M|100\/100\n|switch|p2a: Heliolisk|Heliolisk, F|100\/100\n|turn|1\n|inactive|Naturalharmoniax has 120 seconds left.\n|\n|t:|1663024963\n|move|p2a: Heliolisk|Thunder|p1a: Queenie\n|-supereffective|p1a: Queenie\n|-damage|p1a: Queenie|0 fnt\n|faint|p1a: Queenie\n|-damage|p2a: Heliolisk|91\/100|[from] item: Life Orb\n|\n|upkeep\n|inactive|Naturalharmoniax has 120 seconds left.\n|\n|t:|1663024969\n|switch|p1a: Egg Woman|Chansey, F|100\/100\n|turn|2\n|j| Cra3k\n|\n|t:|1663024978\n|move|p2a: Heliolisk|Volt Switch|p1a: Egg Woman\n|-damage|p1a: Egg Woman|88\/100\n|-damage|p2a: Heliolisk|81\/100|[from] item: Life Orb\n|\n|t:|1663024980\n|switch|p2a: Scizor|Scizor, F|100\/100|[from]move: Volt Switch\n|move|p1a: Egg Woman|Stealth Rock|p2a: Scizor\n|-sidestart|p2: RggV_YT|move: Stealth Rock\n|\n|upkeep\n|turn|3\n|\n|t:|1663024984\n|switch|p1a: Lance|Dragonite, F|100\/100\n|move|p2a: Scizor|Defog|p1a: Lance\n|-unboost|p1a: Lance|evasion|1\n|-sideend|p2: RggV_YT|Stealth Rock|[from] move: Defog|[of] p2a: Scizor\n|\n|upkeep\n|turn|4\n|\n|t:|1663024988\n|switch|p2a: Politoed|Politoed, M|100\/100\n|-weather|RainDance|[from] ability: Drizzle|[of] p2a: Politoed\n|move|p1a: Lance|Flamethrower|p2a: Politoed\n|-resisted|p2a: Politoed\n|-damage|p2a: Politoed|96\/100\n|\n|-weather|RainDance|[upkeep]\n|upkeep\n|turn|5\n|\n|t:|1663024995\n|switch|p1a: Funguy|Amoonguss, M|100\/100\n|move|p2a: Politoed|Toxic|p1a: Funguy\n|-immune|p1a: Funguy\n|\n|-weather|RainDance|[upkeep]\n|upkeep\n|turn|6\n|\n|t:|1663024997\n|switch|p2a: Scizor|Scizor, F|100\/100\n|move|p1a: Funguy|Spore|p2a: Scizor\n|-status|p2a: Scizor|slp|[from] move: Spore\n|\n|-weather|RainDance|[upkeep]\n|upkeep\n|turn|7\n|\n|t:|1663025003\n|switch|p1a: WOOPY BOI|Quagsire, F|100\/100\n|cant|p2a: Scizor|slp\n|\n|-weather|RainDance|[upkeep]\n|upkeep\n|turn|8\n|inactive|RggV_YT has 120 seconds left.\n|j| Toxic Facade\n|\n|t:|1663025058\n|-curestatus|p2a: Scizor|slp|[msg]\n|move|p2a: Scizor|Knock Off|p1a: WOOPY BOI\n|-damage|p1a: WOOPY BOI|75\/100\n|-enditem|p1a: WOOPY BOI|Leftovers|[from] move: Knock Off|[of] p2a: Scizor\n|move|p1a: WOOPY BOI|Curse|p1a: WOOPY BOI\n|-unboost|p1a: WOOPY BOI|spe|1\n|-boost|p1a: WOOPY BOI|atk|1\n|-boost|p1a: WOOPY BOI|def|1\n|\n|-weather|RainDance|[upkeep]\n|upkeep\n|turn|9\n|\n|t:|1663025063\n|switch|p2a: Kingdra|Kingdra, F|100\/100\n|move|p1a: WOOPY BOI|Scald|p2a: Kingdra\n|-resisted|p2a: Kingdra\n|-damage|p2a: Kingdra|92\/100\n|\n|-weather|RainDance|[upkeep]\n|upkeep\n|turn|10\n|\n|t:|1663025067\n|switch|p1a: Egg Woman|Chansey, F|88\/100\n|move|p2a: Kingdra|Draco Meteor|p1a: Egg Woman\n|-damage|p1a: Egg Woman|60\/100\n|-unboost|p2a: Kingdra|spa|2\n|\n|-weather|RainDance|[upkeep]\n|upkeep\n|turn|11\n|inactive|RggV_YT has 120 seconds left.\n|\n|t:|1663025072\n|switch|p2a: Victini|Victini|100\/100\n|move|p1a: Egg Woman|Soft-Boiled|p1a: Egg Woman\n|-heal|p1a: Egg Woman|100\/100\n|\n|-weather|none\n|upkeep\n|turn|12\n|\n|t:|1663025075\n|switch|p1a: Lance|Dragonite, F|100\/100\n|move|p2a: Victini|V-create|p1a: Lance\n|-resisted|p1a: Lance\n|-damage|p1a: Lance|81\/100\n|-unboost|p2a: Victini|spe|1\n|-unboost|p2a: Victini|def|1\n|-unboost|p2a: Victini|spd|1\n|\n|upkeep\n|turn|13\n|\n|t:|1663025081\n|switch|p2a: Mudsdale|Mudsdale, F, shiny|100\/100\n|move|p1a: Lance|Earthquake|p2a: Mudsdale\n|-damage|p2a: Mudsdale|85\/100\n|-ability|p2a: Mudsdale|Stamina|boost\n|-boost|p2a: Mudsdale|def|1\n|\n|-heal|p2a: Mudsdale|91\/100|[from] item: Leftovers\n|upkeep\n|turn|14\n|\n|t:|1663025084\n|switch|p1a: Funguy|Amoonguss, M|100\/100\n|move|p2a: Mudsdale|Stealth Rock|p1a: Funguy\n|-sidestart|p1: Naturalharmoniax|move: Stealth Rock\n|\n|-heal|p2a: Mudsdale|97\/100|[from] item: Leftovers\n|upkeep\n|turn|15\n|\n|t:|1663025087\n|switch|p2a: Scizor|Scizor, F|100\/100\n|move|p1a: Funguy|Spore|p2a: Scizor\n|-status|p2a: Scizor|slp|[from] move: Spore\n|\n|upkeep\n|turn|16\n|inactive|RggV_YT has 120 seconds left.\n|\n|t:|1663025126\n|switch|p1a: Metalbirb|Corviknight, F|100\/100\n|-damage|p1a: Metalbirb|88\/100|[from] Stealth Rock\n|-ability|p1a: Metalbirb|Pressure\n|cant|p2a: Scizor|slp\n|\n|upkeep\n|turn|17\n|\n|t:|1663025132\n|switch|p2a: Victini|Victini|100\/100\n|move|p1a: Metalbirb|Defog|p2a: Victini\n|-unboost|p2a: Victini|evasion|1\n|-sideend|p1: Naturalharmoniax|Stealth Rock|[from] move: Defog|[of] p1a: Metalbirb\n|\n|upkeep\n|turn|18\n|j| Golgo27\n|inactive|RggV_YT has 120 seconds left.\n|\n|t:|1663025151\n|switch|p1a: Lance|Dragonite, F|81\/100\n|move|p2a: Victini|Trick|p1a: Lance\n|-activate|p2a: Victini|move: Trick|[of] p1a: Lance\n|-item|p1a: Lance|Choice Band|[from] move: Trick\n|-item|p2a: Victini|Heavy-Duty Boots|[from] move: Trick\n|\n|upkeep\n|turn|19\n|\n|t:|1663025157\n|move|p2a: Victini|U-turn|p1a: Lance\n|-resisted|p1a: Lance\n|-damage|p1a: Lance|75\/100\n|inactive|RggV_YT has 120 seconds left.\n|\n|t:|1663025178\n|switch|p2a: Mudsdale|Mudsdale, F, shiny|97\/100|[from]move: U-turn\n|move|p1a: Lance|Earthquake|p2a: Mudsdale\n|-crit|p2a: Mudsdale\n|-damage|p2a: Mudsdale|60\/100\n|-ability|p2a: Mudsdale|Stamina|boost\n|-boost|p2a: Mudsdale|def|1\n|\n|-heal|p2a: Mudsdale|66\/100|[from] item: Leftovers\n|upkeep\n|turn|20\n|\n|t:|1663025188\n|switch|p1a: Funguy|Amoonguss, M|100\/100\n|move|p2a: Mudsdale|Body Press|p1a: Funguy\n|-resisted|p1a: Funguy\n|-damage|p1a: Funguy|86\/100\n|\n|-heal|p1a: Funguy|92\/100|[from] item: Black Sludge\n|-heal|p2a: Mudsdale|73\/100|[from] item: Leftovers\n|upkeep\n|turn|21\n|l| UrSheerForce\n|\n|t:|1663025192\n|move|p1a: Funguy|Sludge Bomb|p2a: Mudsdale\n|-resisted|p2a: Mudsdale\n|-damage|p2a: Mudsdale|60\/100\n|-ability|p2a: Mudsdale|Stamina|boost\n|-boost|p2a: Mudsdale|def|1\n|move|p2a: Mudsdale|Stealth Rock|p1a: Funguy\n|-sidestart|p1: Naturalharmoniax|move: Stealth Rock\n|\n|-heal|p1a: Funguy|99\/100|[from] item: Black Sludge\n|-heal|p2a: Mudsdale|67\/100|[from] item: Leftovers\n|upkeep\n|turn|22\n|j| UrSheerForce\n|\n|t:|1663025197\n|switch|p2a: Victini|Victini|100\/100\n|move|p1a: Funguy|Spore|p2a: Victini\n|-message|Sleep Clause Mod activated.\n|\n|-heal|p1a: Funguy|100\/100|[from] item: Black Sludge\n|upkeep\n|turn|23\n|\n|t:|1663025207\n|switch|p1a: Lance|Dragonite, F|75\/100\n|-damage|p1a: Lance|50\/100|[from] Stealth Rock\n|move|p2a: Victini|V-create|p1a: Lance\n|-resisted|p1a: Lance\n|-damage|p1a: Lance|23\/100\n|-unboost|p2a: Victini|spe|1\n|-unboost|p2a: Victini|def|1\n|-unboost|p2a: Victini|spd|1\n|\n|upkeep\n|turn|24\n|\n|t:|1663025215\n|move|p2a: Victini|Bolt Strike|p1a: Lance|[miss]\n|-miss|p2a: Victini|p1a: Lance\n|move|p1a: Lance|Earthquake|p2a: Victini\n|-supereffective|p2a: Victini\n|-damage|p2a: Victini|0 fnt\n|faint|p2a: Victini\n|\n|upkeep\n|\n|t:|1663025223\n|switch|p2a: Heliolisk|Heliolisk, F|81\/100\n|turn|25\n|\n|t:|1663025226\n|switch|p1a: Egg Woman|Chansey, F|100\/100\n|-damage|p1a: Egg Woman|88\/100|[from] Stealth Rock\n|move|p2a: Heliolisk|Volt Switch|p1a: Egg Woman\n|-damage|p1a: Egg Woman|75\/100\n|-damage|p2a: Heliolisk|71\/100|[from] item: Life Orb\n|j| Congwuyu\n|\n|t:|1663025232\n|switch|p2a: Scizor|Scizor, F|100\/100 slp|[from]move: Volt Switch\n|\n|upkeep\n|turn|26\n|\n|t:|1663025244\n|switch|p1a: Metalbirb|Corviknight, F|88\/100\n|-damage|p1a: Metalbirb|75\/100|[from] Stealth Rock\n|-ability|p1a: Metalbirb|Pressure\n|-curestatus|p2a: Scizor|slp|[msg]\n|move|p2a: Scizor|Knock Off|p1a: Metalbirb\n|-damage|p1a: Metalbirb|52\/100\n|-damage|p2a: Scizor|84\/100|[from] item: Rocky Helmet|[of] p1a: Metalbirb\n|-enditem|p1a: Metalbirb|Rocky Helmet|[from] move: Knock Off|[of] p2a: Scizor\n|\n|-heal|p2a: Scizor|90\/100|[from] item: Leftovers\n|upkeep\n|turn|27\n|\n|t:|1663025258\n|switch|p2a: Heliolisk|Heliolisk, F|71\/100\n|move|p1a: Metalbirb|Roost|p1a: Metalbirb\n|-heal|p1a: Metalbirb|100\/100\n|-singleturn|p1a: Metalbirb|move: Roost\n|\n|upkeep\n|turn|28\n|\n|t:|1663025264\n|switch|p1a: Egg Woman|Chansey, F|75\/100\n|-damage|p1a: Egg Woman|62\/100|[from] Stealth Rock\n|move|p2a: Heliolisk|Volt Switch|p1a: Egg Woman\n|-damage|p1a: Egg Woman|49\/100\n|-damage|p2a: Heliolisk|61\/100|[from] item: Life Orb\n|\n|t:|1663025265\n|switch|p2a: Scizor|Scizor, F|90\/100|[from]move: Volt Switch\n|\n|-heal|p2a: Scizor|96\/100|[from] item: Leftovers\n|upkeep\n|turn|29\n|\n|t:|1663025269\n|switch|p2a: Heliolisk|Heliolisk, F|61\/100\n|switch|p1a: Metalbirb|Corviknight, F|100\/100\n|-damage|p1a: Metalbirb|88\/100|[from] Stealth Rock\n|-ability|p1a: Metalbirb|Pressure\n|\n|upkeep\n|turn|30\n|\n|t:|1663025274\n|switch|p1a: WOOPY BOI|Quagsire, F|75\/100\n|-damage|p1a: WOOPY BOI|69\/100|[from] Stealth Rock\n|move|p2a: Heliolisk|Volt Switch|p1a: WOOPY BOI\n|-immune|p1a: WOOPY BOI\n|\n|upkeep\n|turn|31\n|\n|t:|1663025277\n|move|p2a: Heliolisk|Grass Knot|p1a: WOOPY BOI\n|-supereffective|p1a: WOOPY BOI\n|-damage|p1a: WOOPY BOI|0 fnt\n|faint|p1a: WOOPY BOI\n|-damage|p2a: Heliolisk|51\/100|[from] item: Life Orb\n|\n|upkeep\n|\n|t:|1663025280\n|switch|p1a: Egg Woman|Chansey, F|49\/100\n|-damage|p1a: Egg Woman|37\/100|[from] Stealth Rock\n|turn|32\n|\n|t:|1663025284\n|move|p2a: Heliolisk|Thunder|p1a: Egg Woman\n|-damage|p1a: Egg Woman|16\/100\n|-damage|p2a: Heliolisk|42\/100|[from] item: Life Orb\n|move|p1a: Egg Woman|Soft-Boiled|p1a: Egg Woman\n|-heal|p1a: Egg Woman|66\/100\n|\n|upkeep\n|turn|33\n|\n|t:|1663025289\n|switch|p2a: Politoed|Politoed, M|96\/100\n|-weather|RainDance|[from] ability: Drizzle|[of] p2a: Politoed\n|move|p1a: Egg Woman|Toxic|p2a: Politoed\n|-status|p2a: Politoed|tox\n|\n|-weather|RainDance|[upkeep]\n|-damage|p2a: Politoed|90\/100 tox|[from] psn\n|upkeep\n|turn|34\n|\n|t:|1663025294\n|move|p2a: Politoed|Encore|p1a: Egg Woman\n|-start|p1a: Egg Woman|Encore\n|move|p1a: Egg Woman|Toxic|p2a: Politoed\n|-fail|p2a: Politoed|tox\n|\n|-weather|RainDance|[upkeep]\n|-damage|p2a: Politoed|78\/100 tox|[from] psn\n|upkeep\n|turn|35\n|\n|t:|1663025298\n|switch|p2a: Scizor|Scizor, F|96\/100\n|move|p1a: Egg Woman|Toxic|p2a: Scizor\n|-immune|p2a: Scizor\n|\n|-weather|RainDance|[upkeep]\n|-heal|p2a: Scizor|100\/100|[from] item: Leftovers\n|upkeep\n|turn|36\n|\n|t:|1663025302\n|switch|p1a: Metalbirb|Corviknight, F|88\/100\n|-damage|p1a: Metalbirb|75\/100|[from] Stealth Rock\n|-ability|p1a: Metalbirb|Pressure\n|move|p2a: Scizor|Knock Off|p1a: Metalbirb\n|-damage|p1a: Metalbirb|59\/100\n|\n|-weather|RainDance|[upkeep]\n|upkeep\n|turn|37\n|\n|t:|1663025304\n|switch|p2a: Heliolisk|Heliolisk, F|42\/100\n|move|p1a: Metalbirb|Roost|p1a: Metalbirb\n|-heal|p1a: Metalbirb|100\/100\n|-singleturn|p1a: Metalbirb|move: Roost\n|\n|-weather|RainDance|[upkeep]\n|-heal|p2a: Heliolisk|54\/100|[from] ability: Dry Skin\n|upkeep\n|turn|38\n|j| BabyPigsAreLaughin\n|\n|t:|1663025310\n|switch|p1a: Egg Woman|Chansey, F|66\/100\n|-damage|p1a: Egg Woman|54\/100|[from] Stealth Rock\n|move|p2a: Heliolisk|Volt Switch|p1a: Egg Woman\n|-damage|p1a: Egg Woman|40\/100\n|-damage|p2a: Heliolisk|44\/100|[from] item: Life Orb\n|\n|t:|1663025312\n|switch|p2a: Scizor|Scizor, F|100\/100|[from]move: Volt Switch\n|\n|-weather|RainDance|[upkeep]\n|upkeep\n|turn|39\n|\n|t:|1663025314\n|switch|p2a: Heliolisk|Heliolisk, F|44\/100\n|switch|p1a: Metalbirb|Corviknight, F|100\/100\n|-damage|p1a: Metalbirb|88\/100|[from] Stealth Rock\n|-ability|p1a: Metalbirb|Pressure\n|\n|-weather|RainDance|[upkeep]\n|-heal|p2a: Heliolisk|57\/100|[from] ability: Dry Skin\n|upkeep\n|turn|40\n|\n|t:|1663025336\n|switch|p1a: Funguy|Amoonguss, M|100\/100\n|-damage|p1a: Funguy|88\/100|[from] Stealth Rock\n|move|p2a: Heliolisk|Volt Switch|p1a: Funguy\n|-resisted|p1a: Funguy\n|-damage|p1a: Funguy|68\/100\n|-damage|p2a: Heliolisk|47\/100|[from] item: Life Orb\n|\n|t:|1663025338\n|switch|p2a: Kingdra|Kingdra, F|92\/100|[from]move: Volt Switch\n|\n|-weather|none\n|-heal|p1a: Funguy|74\/100|[from] item: Black Sludge\n|upkeep\n|turn|41\n|\n|t:|1663025349\n|move|p2a: Kingdra|Draco Meteor|p1a: Funguy|[miss]\n|-miss|p2a: Kingdra|p1a: Funguy\n|move|p1a: Funguy|Spore|p2a: Kingdra\n|-status|p2a: Kingdra|slp|[from] move: Spore\n|\n|-heal|p1a: Funguy|81\/100|[from] item: Black Sludge\n|upkeep\n|turn|42\n|\n|t:|1663025358\n|switch|p2a: Scizor|Scizor, F|100\/100\n|move|p1a: Funguy|Sludge Bomb|p2a: Scizor\n|-immune|p2a: Scizor\n|\n|-heal|p1a: Funguy|87\/100|[from] item: Black Sludge\n|upkeep\n|turn|43\n|\n|t:|1663025361\n|switch|p1a: Metalbirb|Corviknight, F|88\/100\n|-damage|p1a: Metalbirb|75\/100|[from] Stealth Rock\n|-ability|p1a: Metalbirb|Pressure\n|move|p2a: Scizor|Knock Off|p1a: Metalbirb\n|-damage|p1a: Metalbirb|59\/100\n|\n|upkeep\n|turn|44\n|\n|t:|1663025363\n|switch|p2a: Politoed|Politoed, M|78\/100 tox\n|-weather|RainDance|[from] ability: Drizzle|[of] p2a: Politoed\n|move|p1a: Metalbirb|Body Press|p2a: Politoed\n|-damage|p2a: Politoed|57\/100 tox\n|\n|-weather|RainDance|[upkeep]\n|-damage|p2a: Politoed|51\/100 tox|[from] psn\n|upkeep\n|turn|45\n|\n|t:|1663025370\n|switch|p2a: Heliolisk|Heliolisk, F|47\/100\n|move|p1a: Metalbirb|Roost|p1a: Metalbirb\n|-heal|p1a: Metalbirb|100\/100\n|-singleturn|p1a: Metalbirb|move: Roost\n|\n|-weather|RainDance|[upkeep]\n|-heal|p2a: Heliolisk|59\/100|[from] ability: Dry Skin\n|upkeep\n|turn|46\n|\n|t:|1663025374\n|switch|p1a: Funguy|Amoonguss, M|100\/100\n|-damage|p1a: Funguy|88\/100|[from] Stealth Rock\n|move|p2a: Heliolisk|Thunder|p1a: Funguy\n|-resisted|p1a: Funguy\n|-damage|p1a: Funguy|58\/100\n|-status|p1a: Funguy|par\n|-damage|p2a: Heliolisk|50\/100|[from] item: Life Orb\n|\n|-weather|RainDance|[upkeep]\n|-heal|p2a: Heliolisk|62\/100|[from] ability: Dry Skin\n|-heal|p1a: Funguy|64\/100 par|[from] item: Black Sludge\n|upkeep\n|turn|47\n|\n|t:|1663025380\n|move|p2a: Heliolisk|Volt Switch|p1a: Funguy\n|-resisted|p1a: Funguy\n|-damage|p1a: Funguy|45\/100 par\n|-damage|p2a: Heliolisk|52\/100|[from] item: Life Orb\n|\n|t:|1663025382\n|switch|p2a: Scizor|Scizor, F|100\/100|[from]move: Volt Switch\n|move|p1a: Funguy|Giga Drain|p2a: Scizor\n|-resisted|p2a: Scizor\n|-damage|p2a: Scizor|93\/100\n|-heal|p1a: Funguy|48\/100 par|[from] drain|[of] p2a: Scizor\n|\n|-weather|RainDance|[upkeep]\n|-heal|p2a: Scizor|99\/100|[from] item: Leftovers\n|-heal|p1a: Funguy|54\/100 par|[from] item: Black Sludge\n|upkeep\n|turn|48\n|\n|t:|1663025386\n|switch|p2a: Heliolisk|Heliolisk, F|52\/100\n|switch|p1a: Metalbirb|Corviknight, F|100\/100\n|-damage|p1a: Metalbirb|88\/100|[from] Stealth Rock\n|-ability|p1a: Metalbirb|Pressure\n|\n|-weather|RainDance|[upkeep]\n|-heal|p2a: Heliolisk|65\/100|[from] ability: Dry Skin\n|upkeep\n|turn|49\n|\n|t:|1663025389\n|switch|p1a: Funguy|Amoonguss, M|88\/100 par\n|-damage|p1a: Funguy|75\/100 par|[from] Stealth Rock\n|move|p2a: Heliolisk|Thunder|p1a: Funguy\n|-resisted|p1a: Funguy\n|-damage|p1a: Funguy|44\/100 par\n|-damage|p2a: Heliolisk|55\/100|[from] item: Life Orb\n|\n|-weather|RainDance|[upkeep]\n|-heal|p2a: Heliolisk|67\/100|[from] ability: Dry Skin\n|-heal|p1a: Funguy|50\/100 par|[from] item: Black Sludge\n|upkeep\n|turn|50\n|\n|t:|1663025401\n|move|p2a: Heliolisk|Volt Switch|p1a: Funguy\n|-resisted|p1a: Funguy\n|-damage|p1a: Funguy|32\/100 par\n|-damage|p2a: Heliolisk|57\/100|[from] item: Life Orb\n|\n|t:|1663025403\n|switch|p2a: Scizor|Scizor, F|99\/100|[from]move: Volt Switch\n|move|p1a: Funguy|Sludge Bomb|p2a: Scizor\n|-immune|p2a: Scizor\n|\n|-weather|RainDance|[upkeep]\n|-heal|p2a: Scizor|100\/100|[from] item: Leftovers\n|-heal|p1a: Funguy|39\/100 par|[from] item: Black Sludge\n|upkeep\n|turn|51\n|\n|t:|1663025408\n|switch|p2a: Kingdra|Kingdra, F|92\/100 slp\n|switch|p1a: Metalbirb|Corviknight, F|88\/100\n|-damage|p1a: Metalbirb|75\/100|[from] Stealth Rock\n|-ability|p1a: Metalbirb|Pressure\n|\n|-weather|none\n|upkeep\n|turn|52\n|\n|t:|1663025410\n|cant|p2a: Kingdra|slp\n|move|p1a: Metalbirb|Iron Defense|p1a: Metalbirb\n|-boost|p1a: Metalbirb|def|2\n|\n|upkeep\n|turn|53\n|j| jeanmilapipe\n|\n|t:|1663025413\n|cant|p2a: Kingdra|slp\n|move|p1a: Metalbirb|Body Press|p2a: Kingdra\n|-damage|p2a: Kingdra|33\/100 slp\n|\n|upkeep\n|turn|54\n|\n|t:|1663025417\n|switch|p2a: Politoed|Politoed, M|51\/100 tox\n|-weather|RainDance|[from] ability: Drizzle|[of] p2a: Politoed\n|move|p1a: Metalbirb|Roost|p1a: Metalbirb\n|-heal|p1a: Metalbirb|100\/100\n|-singleturn|p1a: Metalbirb|move: Roost\n|\n|-weather|RainDance|[upkeep]\n|-damage|p2a: Politoed|45\/100 tox|[from] psn\n|upkeep\n|turn|55\n|\n|t:|1663025422\n|move|p2a: Politoed|Encore|p1a: Metalbirb\n|-start|p1a: Metalbirb|Encore\n|move|p1a: Metalbirb|Roost||[still]\n|-fail|p1a: Metalbirb|heal\n|\n|-weather|RainDance|[upkeep]\n|-damage|p2a: Politoed|32\/100 tox|[from] psn\n|upkeep\n|turn|56\n|\n|t:|1663025426\n|switch|p2a: Kingdra|Kingdra, F|33\/100 slp\n|move|p1a: Metalbirb|Roost||[still]\n|-fail|p1a: Metalbirb|heal\n|\n|-weather|RainDance|[upkeep]\n|upkeep\n|turn|57\n|\n|t:|1663025429\n|-curestatus|p2a: Kingdra|slp|[msg]\n|move|p2a: Kingdra|Surf|p1a: Metalbirb\n|-damage|p1a: Metalbirb|23\/100\n|move|p1a: Metalbirb|Roost|p1a: Metalbirb\n|-heal|p1a: Metalbirb|73\/100\n|-singleturn|p1a: Metalbirb|move: Roost\n|\n|-weather|RainDance|[upkeep]\n|-end|p1a: Metalbirb|Encore\n|upkeep\n|turn|58\n|\n|t:|1663025437\n|switch|p1a: Egg Woman|Chansey, F|40\/100\n|-damage|p1a: Egg Woman|28\/100|[from] Stealth Rock\n|move|p2a: Kingdra|Surf|p1a: Egg Woman\n|-damage|p1a: Egg Woman|0 fnt\n|faint|p1a: Egg Woman\n|\n|-weather|RainDance|[upkeep]\n|upkeep\n|-message|Naturalharmoniax forfeited.\n|\n|win|RggV_YT\n|raw|Naturalharmoniax's rating: 1769 &rarr; <strong>1752<\/strong><br \/>(-17 for losing)\n|raw|RggV_YT's rating: 1825 &rarr; <strong>1842<\/strong><br \/>(+17 for winning)\n|l|\u2606Naturalharmoniax\n|c|\u2606RggV_YT|Phew\n|l| Congwuyu\n||Ladder isn't responding, score probably updated but might not have (Request timeout).\n|c| jeanmilapipe|it is a pleasure to see that ass stall beaten\n|c| jeanmilapipe|plus the guy is a total immature idiot\n","uploadtime":1663025519,"views":52,"p1id":"naturalharmoniax","p2id":"rggvyt","formatid":"gen8ou","rating":1752,"private":0,"password":null}