{"id":"gen8vgc2021series9-1349889108","p1":"Coalolsal","p2":"bhkg","format":"gen8vgc2021series9","log":"|j|\u2606Coalolsal\n|j|\u2606bhkg\n|t:|1622344702\n|gametype|doubles\n|player|p1|Coalolsal|1|1433\n|player|p2|bhkg|2|1302\n|teamsize|p1|6\n|teamsize|p2|6\n|gen|8\n|tier|[Gen 8] VGC 2021 Series 9\n|rated|\n|rule|Species Clause: Limit one of each Pok\u00e9mon\n|rule|Item Clause: Limit one of each item\n|clearpoke\n|poke|p1|Hatterene, L50, F|\n|poke|p1|Indeedee-F, L50, F|\n|poke|p1|Stakataka, L50|\n|poke|p1|Urshifu-*, L50, F|\n|poke|p1|Dragapult, L50, F|\n|poke|p1|Incineroar, L50, M|\n|poke|p2|Scizor, L50, F|\n|poke|p2|Glastrier, L50|\n|poke|p2|Chandelure, L50, M|\n|poke|p2|Urshifu-*, L50, F|\n|poke|p2|Gastrodon, L50, F|\n|poke|p2|Tapu Koko, L50|\n|teampreview|4\n|inactive|Battle timer is ON: inactive players will automatically lose when time's up. (requested by Coalolsal)\n|inactive|bhkg has 60 seconds left.\n|\n|t:|1622344749\n|start\n|switch|p1a: Dragapult|Dragapult, L50, F|100\/100\n|switch|p1b: Indeedee|Indeedee-F, L50, F|100\/100\n|switch|p2a: Glastrier|Glastrier, L50|100\/100\n|switch|p2b: Gastrodon|Gastrodon, L50, F|100\/100\n|-fieldstart|move: Psychic Terrain|[from] ability: Psychic Surge|[of] p1b: Indeedee\n|-enditem|p1a: Dragapult|Psychic Seed\n|-boost|p1a: Dragapult|spd|1|[from] item: Psychic Seed\n|turn|1\n|\n|t:|1622344770\n|switch|p2b: Chandelure|Chandelure, L50, M|100\/100\n|-start|p2a: Glastrier|Dynamax\n|-heal|p2a: Glastrier|100\/100|[silent]\n|move|p1b: Indeedee|Follow Me|p1b: Indeedee\n|-singleturn|p1b: Indeedee|move: Follow Me\n|move|p1a: Dragapult|Dragon Dance|p1a: Dragapult\n|-boost|p1a: Dragapult|atk|1\n|-boost|p1a: Dragapult|spe|1\n|move|p2a: Glastrier|Max Steelspike|p1b: Indeedee\n|-damage|p1b: Indeedee|53\/100\n|-boost|p2a: Glastrier|def|1\n|-boost|p2b: Chandelure|def|1\n|\n|upkeep\n|turn|2\n|\n|t:|1622344786\n|move|p1b: Indeedee|Protect|p1b: Indeedee\n|-singleturn|p1b: Indeedee|Protect\n|move|p1a: Dragapult|Phantom Force||[still]\n|-prepare|p1a: Dragapult|Phantom Force\n|move|p2a: Glastrier|Max Steelspike|p1a: Dragapult|[miss]\n|-miss|p2a: Glastrier|p1a: Dragapult\n|move|p2b: Chandelure|Trick Room|p2b: Chandelure\n|-fieldstart|move: Trick Room|[of] p2b: Chandelure\n|\n|upkeep\n|turn|3\n|\n|t:|1622344804\n|move|p2a: Glastrier|Max Hailstorm|p1b: Indeedee\n|-damage|p1b: Indeedee|0 fnt\n|-weather|Hail\n|faint|p1b: Indeedee\n|-ability|p2a: Glastrier|Chilling Neigh|boost\n|-boost|p2a: Glastrier|atk|1\n|move|p2b: Chandelure|Shadow Ball|p1a: Dragapult|[miss]\n|-miss|p2b: Chandelure|p1a: Dragapult\n|move|p1a: Dragapult|Phantom Force|p2b: Chandelure|[from]lockedmove\n|-supereffective|p2b: Chandelure\n|-enditem|p2b: Chandelure|Focus Sash\n|-damage|p2b: Chandelure|1\/100\n|\n|-weather|Hail|[upkeep]\n|-damage|p2b: Chandelure|0 fnt|[from] Hail\n|-damage|p1a: Dragapult|95\/100|[from] Hail\n|faint|p2b: Chandelure\n|-end|p2a: Glastrier|Dynamax\n|-heal|p2a: Glastrier|100\/100|[silent]\n|upkeep\n|\n|t:|1622344818\n|switch|p1b: Hatterene|Hatterene, L50, F|100\/100\n|switch|p2b: Tapu Koko|Tapu Koko, L50|100\/100\n|-fieldstart|move: Electric Terrain|[from] ability: Electric Surge|[of] p2b: Tapu Koko\n|turn|4\n|\n|t:|1622344830\n|switch|p1a: Incineroar|Incineroar, L50, M, shiny|100\/100\n|-ability|p1a: Incineroar|Intimidate|boost\n|-unboost|p2a: Glastrier|atk|1\n|-unboost|p2b: Tapu Koko|atk|1\n|-start|p1b: Hatterene|Dynamax\n|-formechange|p1b: Hatterene|Hatterene-Gmax\n|-heal|p1b: Hatterene|100\/100|[silent]\n|move|p2a: Glastrier|Icicle Crash|p1a: Incineroar\n|-resisted|p1a: Incineroar\n|-damage|p1a: Incineroar|75\/100\n|move|p1b: Hatterene|G-Max Smite|p2a: Glastrier\n|-damage|p2a: Glastrier|42\/100\n|-start|p2a: Glastrier|confusion\n|-start|p2b: Tapu Koko|confusion\n|-damage|p1b: Hatterene|96\/100|[from] item: Life Orb\n|-activate|p2b: Tapu Koko|confusion\n|move|p2b: Tapu Koko|Light Screen|p2b: Tapu Koko\n|-sidestart|p2: bhkg|move: Light Screen\n|\n|-weather|Hail|[upkeep]\n|-damage|p1b: Hatterene|93\/100|[from] Hail\n|-damage|p1a: Incineroar|69\/100|[from] Hail\n|-damage|p2b: Tapu Koko|94\/100|[from] Hail\n|upkeep\n|turn|5\n|-message|bhkg forfeited.\n|\n|win|Coalolsal\n|raw|Coalolsal's rating: 1433 &rarr; <strong>1446<\/strong><br \/>(+13 for winning)\n|raw|bhkg's rating: 1302 &rarr; <strong>1289<\/strong><br \/>(-13 for losing)\n","uploadtime":1622344858,"views":21,"p1id":"coalolsal","p2id":"bhkg","formatid":"gen8vgc2021series9","rating":1289,"private":0,"password":null}