{"id":"gen8bdspou-1506926413","p1":"Anibunnysomoney","p2":"eserp","format":"gen8bdspou","log":"|html|<div class=\"broadcast-blue\"><strong>[Gen 8 BDSP] OU is currently suspecting Gengar! For information on how to participate check out the <a href=\"https:\/\/www.smogon.com\/forums\/threads\/np-bdsp-ou-suspect-process-round-3-ghost-town.3696830\/\">suspect thread<\/a>.<\/strong><\/div>\n|j|\u2606Anibunnysomoney\n|j|\u2606eserp\n|t:|1644350220\n|gametype|singles\n|player|p1|Anibunnysomoney|bugcatcher-gen4dp|\n|player|p2|eserp|2|\n|teamsize|p1|6\n|teamsize|p2|6\n|gen|8\n|tier|[Gen 8 BDSP] OU\n|rule|Sleep Clause Mod: Limit one foe put to sleep\n|rule|Species Clause: Limit one of each Pok\u00e9mon\n|rule|OHKO Clause: OHKO moves are banned\n|rule|Evasion Moves Clause: Evasion moves are banned\n|rule|Endless Battle Clause: Forcing endless battles is banned\n|rule|HP Percentage Mod: HP is shown in percentages\n|clearpoke\n|poke|p1|Venusaur, M|\n|poke|p1|Gallade, M|\n|poke|p1|Azumarill, M|\n|poke|p1|Honchkrow, M|\n|poke|p1|Flygon, M|\n|poke|p1|Entei|\n|poke|p2|Qwilfish, F|\n|poke|p2|Lanturn, M|\n|poke|p2|Slowking, F|\n|poke|p2|Latios, M|\n|poke|p2|Donphan, M|\n|poke|p2|Metagross|\n|teampreview\n|\n|t:|1644350236\n|start\n|switch|p1a: Venusaur|Venusaur, M|100\/100\n|switch|p2a: Donphan|Donphan, M|100\/100\n|turn|1\n|\n|t:|1644350253\n|move|p2a: Donphan|Earthquake|p1a: Venusaur\n|-crit|p1a: Venusaur\n|-damage|p1a: Venusaur|10\/100\n|move|p1a: Venusaur|Sleep Powder|p2a: Donphan\n|-status|p2a: Donphan|slp|[from] move: Sleep Powder\n|\n|upkeep\n|turn|2\n|\n|t:|1644350261\n|cant|p2a: Donphan|slp\n|move|p1a: Venusaur|Giga Drain|p2a: Donphan\n|-supereffective|p2a: Donphan\n|-damage|p2a: Donphan|16\/100 slp\n|-heal|p1a: Venusaur|48\/100|[from] drain|[of] p2a: Donphan\n|\n|upkeep\n|turn|3\n|\n|t:|1644350277\n|switch|p2a: Metagross|Metagross|100\/100\n|move|p1a: Venusaur|Giga Drain|p2a: Metagross\n|-resisted|p2a: Metagross\n|-damage|p2a: Metagross|85\/100\n|-heal|p1a: Venusaur|54\/100|[from] drain|[of] p2a: Metagross\n|\n|upkeep\n|turn|4\n|\n|t:|1644350295\n|move|p2a: Metagross|Meteor Mash|p1a: Venusaur\n|-damage|p1a: Venusaur|8\/100\n|-boost|p2a: Metagross|atk|1\n|move|p1a: Venusaur|Earthquake|p2a: Metagross\n|-supereffective|p2a: Metagross\n|-damage|p2a: Metagross|52\/100\n|\n|upkeep\n|turn|5\n|\n|t:|1644350316\n|move|p2a: Metagross|Meteor Mash|p1a: Venusaur\n|-damage|p1a: Venusaur|0 fnt\n|-boost|p2a: Metagross|atk|1\n|faint|p1a: Venusaur\n|\n|upkeep\n|\n|t:|1644350335\n|switch|p1a: Honchkrow|Honchkrow, M|100\/100\n|turn|6\n|\n|t:|1644350394\n|switch|p2a: Qwilfish|Qwilfish, F|100\/100\n|-ability|p2a: Qwilfish|Intimidate|boost\n|-unboost|p1a: Honchkrow|atk|1\n|move|p1a: Honchkrow|Night Slash|p2a: Qwilfish\n|-damage|p2a: Qwilfish|79\/100\n|\n|-heal|p2a: Qwilfish|85\/100|[from] item: Leftovers\n|upkeep\n|turn|7\n|\n|t:|1644350448\n|switch|p1a: Flygon|Flygon, M, shiny|100\/100\n|move|p2a: Qwilfish|Toxic|p1a: Flygon\n|-status|p1a: Flygon|tox\n|-enditem|p1a: Flygon|Lum Berry|[eat]\n|-curestatus|p1a: Flygon|tox|[msg]\n|\n|-heal|p2a: Qwilfish|91\/100|[from] item: Leftovers\n|upkeep\n|turn|8\n|c|\u2606Anibunnysomoney|Scarf Phan?\n|\n|t:|1644350468\n|switch|p2a: Slowking|Slowking, F|100\/100\n|move|p1a: Flygon|Dragon Dance|p1a: Flygon\n|-boost|p1a: Flygon|atk|1\n|-boost|p1a: Flygon|spe|1\n|\n|upkeep\n|turn|9\n|c|\u2606eserp|poop phan\n|\n|t:|1644350528\n|move|p1a: Flygon|Earthquake|p2a: Slowking\n|-damage|p2a: Slowking|54\/100\n|move|p2a: Slowking|Ice Beam|p1a: Flygon\n|-supereffective|p1a: Flygon\n|-damage|p1a: Flygon|0 fnt\n|faint|p1a: Flygon\n|\n|-heal|p2a: Slowking|60\/100|[from] item: Leftovers\n|upkeep\n|\n|t:|1644350578\n|switch|p1a: Gallade|Gallade, M|100\/100\n|turn|10\n|\n|t:|1644350623\n|switch|p2a: Lanturn|Lanturn, M|100\/100\n|move|p1a: Gallade|Knock Off|p2a: Lanturn\n|-damage|p2a: Lanturn|65\/100\n|-enditem|p2a: Lanturn|Choice Specs|[from] move: Knock Off|[of] p1a: Gallade\n|\n|upkeep\n|turn|11\n|\n|t:|1644350645\n|move|p1a: Gallade|Knock Off|p2a: Lanturn\n|-damage|p2a: Lanturn|41\/100\n|move|p2a: Lanturn|Volt Switch|p1a: Gallade\n|-damage|p1a: Gallade|80\/100\n|\n|t:|1644350721\n|switch|p2a: Qwilfish|Qwilfish, F|91\/100|[from]move: Volt Switch\n|-ability|p2a: Qwilfish|Intimidate|boost\n|-unboost|p1a: Gallade|atk|1\n|\n|-heal|p2a: Qwilfish|97\/100|[from] item: Leftovers\n|upkeep\n|turn|12\n|\n|t:|1644350817\n|move|p2a: Qwilfish|Toxic|p1a: Gallade\n|-status|p1a: Gallade|tox\n|move|p1a: Gallade|Knock Off|p2a: Qwilfish\n|-damage|p2a: Qwilfish|78\/100\n|-enditem|p2a: Qwilfish|Leftovers|[from] move: Knock Off|[of] p1a: Gallade\n|\n|-damage|p1a: Gallade|74\/100 tox|[from] psn\n|upkeep\n|turn|13\n|\n|t:|1644350827\n|move|p2a: Qwilfish|Scald|p1a: Gallade\n|-damage|p1a: Gallade|60\/100 tox\n|move|p1a: Gallade|Earthquake|p2a: Qwilfish\n|-supereffective|p2a: Qwilfish\n|-damage|p2a: Qwilfish|43\/100\n|\n|-damage|p1a: Gallade|48\/100 tox|[from] psn\n|upkeep\n|turn|14\n|c|\u2606eserp|expert?\n|c|\u2606Anibunnysomoney|Nah lol\n|c|\u2606Anibunnysomoney|Would\u2019ve been decent tho, thought water resists ground for some reason\n|\n|t:|1644350979\n|move|p2a: Qwilfish|Scald|p1a: Gallade\n|-damage|p1a: Gallade|35\/100 tox\n|move|p1a: Gallade|Knock Off|p2a: Qwilfish\n|-damage|p2a: Qwilfish|30\/100\n|\n|-damage|p1a: Gallade|16\/100 tox|[from] psn\n|upkeep\n|turn|15\n|\n|t:|1644351004\n|move|p1a: Gallade|Shadow Sneak|p2a: Qwilfish\n|-damage|p2a: Qwilfish|23\/100\n|move|p2a: Qwilfish|Scald|p1a: Gallade\n|-damage|p1a: Gallade|4\/100 tox\n|\n|-damage|p1a: Gallade|0 fnt|[from] psn\n|faint|p1a: Gallade\n|upkeep\n|\n|t:|1644351017\n|switch|p1a: Entei|Entei|100\/100\n|turn|16\n|\n|t:|1644351033\n|switch|p2a: Slowking|Slowking, F|93\/100\n|move|p1a: Entei|Crunch|p2a: Slowking\n|-supereffective|p2a: Slowking\n|-damage|p2a: Slowking|41\/100\n|-unboost|p2a: Slowking|def|1\n|\n|-heal|p2a: Slowking|47\/100|[from] item: Leftovers\n|upkeep\n|turn|17\n|\n|t:|1644351068\n|switch|p2a: Qwilfish|Qwilfish, F|23\/100\n|-ability|p2a: Qwilfish|Intimidate|boost\n|-fail|p1a: Entei|unboost|Attack|[from] ability: Inner Focus|[of] p1a: Entei\n|move|p1a: Entei|Crunch|p2a: Qwilfish\n|-damage|p2a: Qwilfish|0 fnt\n|faint|p2a: Qwilfish\n|\n|upkeep\n|\n|t:|1644351080\n|switch|p2a: Slowking|Slowking, F|80\/100\n|turn|18\n|c|\u2606Anibunnysomoney|Had colbur for drapion on gallade lol\n|\n|t:|1644351094\n|move|p1a: Entei|Crunch|p2a: Slowking\n|-supereffective|p2a: Slowking\n|-damage|p2a: Slowking|27\/100\n|move|p2a: Slowking|Scald|p1a: Entei\n|-supereffective|p1a: Entei\n|-damage|p1a: Entei|32\/100\n|\n|-heal|p2a: Slowking|33\/100|[from] item: Leftovers\n|upkeep\n|turn|19\n|c|\u2606eserp|gallade is neutral\n|c|\u2606eserp|lol\n|c|\u2606Anibunnysomoney|Lmaoo fuck\n|c|\u2606eserp|so colbur useless\n|c|\u2606Anibunnysomoney|that\u2019s why the calc didn\u2019t change on calculator lmao\n|\n|t:|1644351145\n|switch|p2a: Lanturn|Lanturn, M|41\/100\n|move|p1a: Entei|Crunch|p2a: Lanturn\n|-damage|p2a: Lanturn|0 fnt\n|faint|p2a: Lanturn\n|\n|upkeep\n|c|\u2606Anibunnysomoney|Noob shit\n|\n|t:|1644351219\n|switch|p2a: Slowking|Slowking, F|66\/100\n|turn|20\n|\n|t:|1644351243\n|move|p1a: Entei|Crunch|p2a: Slowking\n|-supereffective|p2a: Slowking\n|-damage|p2a: Slowking|11\/100\n|move|p2a: Slowking|Scald|p1a: Entei\n|-supereffective|p1a: Entei\n|-damage|p1a: Entei|0 fnt\n|faint|p1a: Entei\n|\n|-heal|p2a: Slowking|17\/100|[from] item: Leftovers\n|upkeep\n|\n|t:|1644351255\n|switch|p1a: Honchkrow|Honchkrow, M|100\/100\n|turn|21\n|\n|t:|1644351284\n|move|p1a: Honchkrow|Night Slash|p2a: Slowking\n|-supereffective|p2a: Slowking\n|-damage|p2a: Slowking|0 fnt\n|faint|p2a: Slowking\n|-ability|p1a: Honchkrow|Moxie|boost\n|-boost|p1a: Honchkrow|atk|1\n|\n|upkeep\n|\n|t:|1644351357\n|switch|p2a: Latios|Latios, M|100\/100\n|turn|22\n|\n|t:|1644351398\n|switch|p2a: Donphan|Donphan, M|16\/100 slp\n|move|p1a: Honchkrow|Night Slash|p2a: Donphan\n|-crit|p2a: Donphan\n|-damage|p2a: Donphan|0 fnt\n|faint|p2a: Donphan\n|-ability|p1a: Honchkrow|Moxie|boost\n|-boost|p1a: Honchkrow|atk|1\n|\n|upkeep\n|\n|t:|1644351401\n|switch|p2a: Latios|Latios, M|100\/100\n|turn|23\n|\n|t:|1644351414\n|move|p1a: Honchkrow|Night Slash|p2a: Latios\n|-supereffective|p2a: Latios\n|-damage|p2a: Latios|0 fnt\n|faint|p2a: Latios\n|-ability|p1a: Honchkrow|Moxie|boost\n|-boost|p1a: Honchkrow|atk|1\n|\n|upkeep\n|\n|t:|1644351417\n|switch|p2a: Metagross|Metagross|52\/100\n|turn|24\n|c|\u2606eserp|gg\n|\n|t:|1644351423\n|move|p1a: Honchkrow|Night Slash|p2a: Metagross\n|-supereffective|p2a: Metagross\n|-damage|p2a: Metagross|0 fnt\n|faint|p2a: Metagross\n|\n|win|Anibunnysomoney\n|c|\u2606Anibunnysomoney|Gg\n|c|\u2606Anibunnysomoney|your team has the same problem as max but against dark moves lol\n","uploadtime":1644351465,"views":18,"p1id":"anibunnysomoney","p2id":"eserp","formatid":"gen8bdspou","rating":0,"private":0,"password":null}