{"id":"gen8ou-1612252266","p1":"andrewm0n","p2":"AgencyIsOwn","format":"gen8ou","log":"|j|\u2606andrewm0n\n|j|\u2606AgencyIsOwn\n|t:|1657203528\n|gametype|singles\n|player|p1|andrewm0n|swimmerf|1808\n|player|p2|AgencyIsOwn|zinnia|1890\n|teamsize|p1|6\n|teamsize|p2|6\n|gen|8\n|tier|[Gen 8] OU\n|rated|\n|rule|Sleep Clause Mod: Limit one foe put to sleep\n|rule|Species Clause: Limit one of each Pok\u00e9mon\n|rule|OHKO Clause: OHKO moves are banned\n|rule|Evasion Moves Clause: Evasion moves are banned\n|rule|Endless Battle Clause: Forcing endless battles is banned\n|rule|HP Percentage Mod: HP is shown in percentages\n|rule|Dynamax Clause: You cannot dynamax\n|clearpoke\n|poke|p1|Blaziken, M|\n|poke|p1|Clefable, F|\n|poke|p1|Slowbro-Galar, M|\n|poke|p1|Corviknight, M|\n|poke|p1|Seismitoad, M|\n|poke|p1|Rillaboom, M|\n|poke|p2|Landorus-Therian, M|\n|poke|p2|Magnezone|\n|poke|p2|Tapu Lele|\n|poke|p2|Kartana|\n|poke|p2|Tapu Fini|\n|poke|p2|Garchomp, M|\n|teampreview\n|inactive|Battle timer is ON: inactive players will automatically lose when time's up. (requested by andrewm0n)\n|\n|t:|1657203566\n|start\n|switch|p1a: Rillaboom|Rillaboom, M|100\/100\n|switch|p2a: Landorus|Landorus-Therian, M, shiny|100\/100\n|-fieldstart|move: Grassy Terrain|[from] ability: Grassy Surge|[of] p1a: Rillaboom\n|-ability|p2a: Landorus|Intimidate|boost\n|-unboost|p1a: Rillaboom|atk|1\n|turn|1\n|inactive|andrewm0n has 120 seconds left.\n|inactive|AgencyIsOwn has 120 seconds left.\n|\n|t:|1657203612\n|move|p1a: Rillaboom|Wood Hammer|p2a: Landorus\n|-damage|p2a: Landorus|31\/100\n|-damage|p1a: Rillaboom|75\/100|[from] Recoil\n|move|p2a: Landorus|U-turn|p1a: Rillaboom\n|-supereffective|p1a: Rillaboom\n|-damage|p1a: Rillaboom|29\/100\n|inactive|AgencyIsOwn has 120 seconds left.\n|\n|t:|1657203631\n|switch|p2a: Tapu Lele|Tapu Lele|100\/100|[from]move: U-turn\n|-fieldstart|move: Psychic Terrain|[from] ability: Psychic Surge|[of] p2a: Tapu Lele\n|\n|upkeep\n|turn|2\n|\n|t:|1657203645\n|switch|p1a: Corviknight|Corviknight, M|100\/100\n|move|p2a: Tapu Lele|Psychic|p1a: Corviknight\n|-resisted|p1a: Corviknight\n|-damage|p1a: Corviknight|65\/100\n|-ability|p1a: Corviknight|Mirror Armor\n|-unboost|p2a: Tapu Lele|spd|1\n|\n|upkeep\n|turn|3\n|inactive|AgencyIsOwn has 120 seconds left.\n|\n|t:|1657203668\n|switch|p2a: Magnezone|Magnezone|100\/100\n|move|p1a: Corviknight|U-turn|p2a: Magnezone\n|-resisted|p2a: Magnezone\n|-damage|p2a: Magnezone|95\/100\n|-damage|p1a: Corviknight|48\/100|[from] item: Rocky Helmet|[of] p2a: Magnezone\n|j| Jorgeta57\n|inactive|andrewm0n has 120 seconds left.\n|\n|t:|1657203694\n|switch|p1a: Seismitoad|Seismitoad, M|100\/100|[from]move: U-turn\n|\n|upkeep\n|turn|4\n|\n|t:|1657203701\n|switch|p2a: Tapu Lele|Tapu Lele|100\/100\n|move|p1a: Seismitoad|Stealth Rock|p2a: Tapu Lele\n|-sidestart|p2: AgencyIsOwn|move: Stealth Rock\n|\n|upkeep\n|turn|5\n|\n|t:|1657203713\n|move|p2a: Tapu Lele|Psychic|p1a: Seismitoad\n|-damage|p1a: Seismitoad|22\/100\n|move|p1a: Seismitoad|Knock Off|p2a: Tapu Lele\n|-damage|p2a: Tapu Lele|70\/100\n|-enditem|p2a: Tapu Lele|Choice Specs|[from] move: Knock Off|[of] p1a: Seismitoad\n|\n|-heal|p1a: Seismitoad|28\/100|[from] item: Leftovers\n|-fieldend|move: Psychic Terrain\n|upkeep\n|turn|6\n|inactive|AgencyIsOwn has 120 seconds left.\n|\n|t:|1657203729\n|switch|p1a: Slowbro|Slowbro-Galar, M|100\/100\n|move|p2a: Tapu Lele|Psychic|p1a: Slowbro\n|-damage|p1a: Slowbro|67\/100\n|\n|upkeep\n|turn|7\n|\n|t:|1657203735\n|switch|p2a: Landorus|Landorus-Therian, M, shiny|31\/100\n|-damage|p2a: Landorus|19\/100|[from] Stealth Rock\n|-ability|p2a: Landorus|Intimidate|boost\n|-unboost|p1a: Slowbro|atk|1\n|move|p1a: Slowbro|Future Sight|p2a: Landorus\n|-start|p1a: Slowbro|move: Future Sight\n|\n|-heal|p2a: Landorus|25\/100|[from] item: Leftovers\n|upkeep\n|turn|8\n|\n|t:|1657203739\n|switch|p1a: Corviknight|Corviknight, M|48\/100\n|move|p2a: Landorus|Stealth Rock|p1a: Corviknight\n|-sidestart|p1: andrewm0n|move: Stealth Rock\n|\n|-heal|p2a: Landorus|31\/100|[from] item: Leftovers\n|upkeep\n|turn|9\n|\n|t:|1657203741\n|move|p2a: Landorus|U-turn|p1a: Corviknight\n|-resisted|p1a: Corviknight\n|-damage|p1a: Corviknight|44\/100\n|-damage|p2a: Landorus|14\/100|[from] item: Rocky Helmet|[of] p1a: Corviknight\n|\n|t:|1657203743\n|switch|p2a: Magnezone|Magnezone|95\/100|[from]move: U-turn\n|-damage|p2a: Magnezone|89\/100|[from] Stealth Rock\n|move|p1a: Corviknight|U-turn|p2a: Magnezone\n|-resisted|p2a: Magnezone\n|-damage|p2a: Magnezone|84\/100\n|-damage|p1a: Corviknight|28\/100|[from] item: Rocky Helmet|[of] p2a: Magnezone\n|\n|t:|1657203756\n|switch|p1a: Seismitoad|Seismitoad, M|28\/100|[from]move: U-turn\n|-damage|p1a: Seismitoad|22\/100|[from] Stealth Rock\n|\n|-end|p2a: Magnezone|move: Future Sight\n|-resisted|p2a: Magnezone\n|-damage|p2a: Magnezone|59\/100\n|-heal|p1a: Seismitoad|28\/100|[from] item: Leftovers\n|upkeep\n|turn|10\n|\n|t:|1657203769\n|switch|p2a: Landorus|Landorus-Therian, M, shiny|14\/100\n|-damage|p2a: Landorus|2\/100|[from] Stealth Rock\n|-ability|p2a: Landorus|Intimidate|boost\n|-unboost|p1a: Seismitoad|atk|1\n|move|p1a: Seismitoad|Earth Power|p2a: Landorus\n|-immune|p2a: Landorus\n|\n|-heal|p2a: Landorus|8\/100|[from] item: Leftovers\n|-heal|p1a: Seismitoad|34\/100|[from] item: Leftovers\n|upkeep\n|turn|11\n|\n|t:|1657203784\n|switch|p1a: Corviknight|Corviknight, M|28\/100\n|-damage|p1a: Corviknight|15\/100|[from] Stealth Rock\n|move|p2a: Landorus|Knock Off|p1a: Corviknight\n|-damage|p1a: Corviknight|0 fnt\n|-damage|p2a: Landorus|0 fnt|[from] item: Rocky Helmet|[of] p1a: Corviknight\n|faint|p1a: Corviknight\n|faint|p2a: Landorus\n|\n|upkeep\n|\n|t:|1657203802\n|switch|p2a: Tapu Fini|Tapu Fini|100\/100\n|switch|p1a: Rillaboom|Rillaboom, M|29\/100\n|-damage|p1a: Rillaboom|17\/100|[from] Stealth Rock\n|-fieldstart|move: Grassy Terrain|[from] ability: Grassy Surge|[of] p1a: Rillaboom\n|-damage|p2a: Tapu Fini|88\/100|[from] Stealth Rock\n|-fieldstart|move: Misty Terrain|[from] ability: Misty Surge|[of] p2a: Tapu Fini\n|turn|12\n|\n|t:|1657203808\n|switch|p1a: Slowbro|Slowbro-Galar, M|99\/100\n|-damage|p1a: Slowbro|88\/100|[from] Stealth Rock\n|switch|p2a: Magnezone|Magnezone|59\/100\n|-damage|p2a: Magnezone|53\/100|[from] Stealth Rock\n|\n|upkeep\n|turn|13\n|inactive|AgencyIsOwn has 120 seconds left.\n|\n|t:|1657203853\n|switch|p2a: Garchomp|Garchomp, M|100\/100\n|-damage|p2a: Garchomp|94\/100|[from] Stealth Rock\n|move|p1a: Slowbro|Future Sight|p2a: Garchomp\n|-start|p1a: Slowbro|move: Future Sight\n|\n|upkeep\n|turn|14\n|\n|t:|1657203865\n|switch|p1a: Clefable|Clefable, F|100\/100\n|-damage|p1a: Clefable|88\/100|[from] Stealth Rock\n|move|p2a: Garchomp|Earthquake|p1a: Clefable\n|-damage|p1a: Clefable|39\/100\n|-damage|p2a: Garchomp|85\/100|[from] item: Life Orb\n|\n|-heal|p1a: Clefable|45\/100|[from] item: Leftovers\n|upkeep\n|turn|15\n|inactive|AgencyIsOwn has 120 seconds left.\n|\n|t:|1657203871\n|move|p1a: Clefable|Protect|p1a: Clefable\n|-singleturn|p1a: Clefable|Protect\n|move|p2a: Garchomp|Earthquake|p1a: Clefable\n|-activate|p1a: Clefable|move: Protect\n|\n|-end|p2a: Garchomp|move: Future Sight\n|-damage|p2a: Garchomp|37\/100\n|-heal|p1a: Clefable|52\/100|[from] item: Leftovers\n|upkeep\n|turn|16\n|\n|t:|1657203873\n|move|p2a: Garchomp|Earthquake|p1a: Clefable\n|-damage|p1a: Clefable|0 fnt\n|faint|p1a: Clefable\n|-damage|p2a: Garchomp|27\/100|[from] item: Life Orb\n|\n|-fieldend|Misty Terrain\n|upkeep\n|\n|t:|1657203882\n|switch|p1a: Blaziken|Blaziken, M|100\/100\n|-damage|p1a: Blaziken|88\/100|[from] Stealth Rock\n|turn|17\n|\n|t:|1657203896\n|switch|p2a: Tapu Fini|Tapu Fini|88\/100\n|-damage|p2a: Tapu Fini|75\/100|[from] Stealth Rock\n|-fieldstart|move: Misty Terrain|[from] ability: Misty Surge|[of] p2a: Tapu Fini\n|move|p1a: Blaziken|Protect||[still]\n|-fail|p1a: Blaziken\n|\n|-heal|p1a: Blaziken|94\/100|[from] item: Leftovers\n|-heal|p2a: Tapu Fini|82\/100|[from] item: Leftovers\n|-ability|p1a: Blaziken|Speed Boost|boost\n|-boost|p1a: Blaziken|spe|1\n|upkeep\n|turn|18\n|\n|t:|1657203903\n|switch|p1a: Slowbro|Slowbro-Galar, M|100\/100\n|-damage|p1a: Slowbro|88\/100|[from] Stealth Rock\n|move|p2a: Tapu Fini|Scald|p1a: Slowbro\n|-damage|p1a: Slowbro|71\/100\n|\n|-heal|p2a: Tapu Fini|88\/100|[from] item: Leftovers\n|upkeep\n|turn|19\n|\n|t:|1657203921\n|switch|p2a: Garchomp|Garchomp, M|27\/100\n|-damage|p2a: Garchomp|21\/100|[from] Stealth Rock\n|move|p1a: Slowbro|Future Sight|p2a: Garchomp\n|-start|p1a: Slowbro|move: Future Sight\n|\n|upkeep\n|turn|20\n|\n|t:|1657203925\n|switch|p1a: Seismitoad|Seismitoad, M|34\/100\n|-damage|p1a: Seismitoad|28\/100|[from] Stealth Rock\n|move|p2a: Garchomp|Earthquake|p1a: Seismitoad\n|-damage|p1a: Seismitoad|0 fnt\n|faint|p1a: Seismitoad\n|-damage|p2a: Garchomp|11\/100|[from] item: Life Orb\n|\n|upkeep\n|\n|t:|1657203927\n|switch|p1a: Rillaboom|Rillaboom, M|17\/100\n|-damage|p1a: Rillaboom|5\/100|[from] Stealth Rock\n|-fieldstart|move: Grassy Terrain|[from] ability: Grassy Surge|[of] p1a: Rillaboom\n|turn|21\n|\n|t:|1657203933\n|move|p1a: Rillaboom|Grassy Glide|p2a: Garchomp\n|-damage|p2a: Garchomp|0 fnt\n|-damage|p1a: Rillaboom|0 fnt|[from] ability: Rough Skin|[of] p2a: Garchomp\n|faint|p2a: Garchomp\n|faint|p1a: Rillaboom\n|\n|-hint|Future Sight did not hit because the target is fainted.\n|upkeep\n|\n|t:|1657203945\n|switch|p2a: Tapu Lele|Tapu Lele|70\/100\n|switch|p1a: Blaziken|Blaziken, M|94\/100\n|-damage|p2a: Tapu Lele|57\/100|[from] Stealth Rock\n|-fieldstart|move: Psychic Terrain|[from] ability: Psychic Surge|[of] p2a: Tapu Lele\n|-damage|p1a: Blaziken|82\/100|[from] Stealth Rock\n|turn|22\n|\n|t:|1657203959\n|switch|p2a: Tapu Fini|Tapu Fini|88\/100\n|-damage|p2a: Tapu Fini|75\/100|[from] Stealth Rock\n|-fieldstart|move: Misty Terrain|[from] ability: Misty Surge|[of] p2a: Tapu Fini\n|move|p1a: Blaziken|Protect||[still]\n|-fail|p1a: Blaziken\n|\n|-heal|p1a: Blaziken|88\/100|[from] item: Leftovers\n|-heal|p2a: Tapu Fini|81\/100|[from] item: Leftovers\n|-ability|p1a: Blaziken|Speed Boost|boost\n|-boost|p1a: Blaziken|spe|1\n|upkeep\n|turn|23\n|\n|t:|1657203967\n|switch|p1a: Slowbro|Slowbro-Galar, M|100\/100\n|-damage|p1a: Slowbro|88\/100|[from] Stealth Rock\n|switch|p2a: Tapu Lele|Tapu Lele|57\/100\n|-damage|p2a: Tapu Lele|45\/100|[from] Stealth Rock\n|-fieldstart|move: Psychic Terrain|[from] ability: Psychic Surge|[of] p2a: Tapu Lele\n|\n|upkeep\n|turn|24\n|\n|t:|1657203971\n|move|p2a: Tapu Lele|Psyshock|p1a: Slowbro\n|-damage|p1a: Slowbro|41\/100\n|move|p1a: Slowbro|Shell Side Arm|p2a: Tapu Lele|[anim] Shell Side Arm Physical\n|-supereffective|p2a: Tapu Lele\n|-damage|p2a: Tapu Lele|0 fnt\n|-hint|Physical Shell Side Arm\n|faint|p2a: Tapu Lele\n|\n|upkeep\n|\n|t:|1657203977\n|switch|p2a: Kartana|Kartana, shiny|100\/100\n|-damage|p2a: Kartana|94\/100|[from] Stealth Rock\n|turn|25\n|\n|t:|1657203981\n|switch|p1a: Blaziken|Blaziken, M|88\/100\n|-damage|p1a: Blaziken|76\/100|[from] Stealth Rock\n|move|p2a: Kartana|Knock Off|p1a: Blaziken\n|-resisted|p1a: Blaziken\n|-damage|p1a: Blaziken|45\/100\n|-enditem|p1a: Blaziken|Leftovers|[from] move: Knock Off|[of] p2a: Kartana\n|\n|upkeep\n|turn|26\n|j| close you\n|\n|t:|1657203984\n|switch|p2a: Tapu Fini|Tapu Fini|81\/100\n|-damage|p2a: Tapu Fini|69\/100|[from] Stealth Rock\n|-fieldstart|move: Misty Terrain|[from] ability: Misty Surge|[of] p2a: Tapu Fini\n|move|p1a: Blaziken|Flare Blitz|p2a: Tapu Fini\n|-resisted|p2a: Tapu Fini\n|-damage|p2a: Tapu Fini|49\/100\n|-damage|p1a: Blaziken|38\/100|[from] Recoil\n|\n|-heal|p2a: Tapu Fini|55\/100|[from] item: Leftovers\n|-ability|p1a: Blaziken|Speed Boost|boost\n|-boost|p1a: Blaziken|spe|1\n|upkeep\n|turn|27\n|\n|t:|1657203991\n|move|p1a: Blaziken|Flare Blitz|p2a: Tapu Fini\n|-resisted|p2a: Tapu Fini\n|-damage|p2a: Tapu Fini|35\/100\n|-damage|p1a: Blaziken|30\/100|[from] Recoil\n|move|p2a: Tapu Fini|Scald|p1a: Blaziken\n|-supereffective|p1a: Blaziken\n|-damage|p1a: Blaziken|0 fnt\n|faint|p1a: Blaziken\n|\n|-heal|p2a: Tapu Fini|41\/100|[from] item: Leftovers\n|upkeep\n|-message|andrewm0n forfeited.\n|\n|win|AgencyIsOwn\n|raw|andrewm0n's rating: 1808 &rarr; <strong>1793<\/strong><br \/>(-15 for losing)\n|raw|AgencyIsOwn's rating: 1890 &rarr; <strong>1905<\/strong><br \/>(+15 for winning)\n|l|\u2606andrewm0n\n|l|\u2606AgencyIsOwn\n","uploadtime":1657204004,"views":57,"p1id":"andrewm0n","p2id":"agencyisown","formatid":"gen8ou","rating":1793,"private":0,"password":null}