{"id":"gen8nationaldex-1576000922","p1":"fathxpelxss","p2":"TestingTesting1","format":"gen8nationaldex","log":"|j|\u2606fathxpelxss\n|j|\u2606TestingTesting1\n|t:|1652708789\n|gametype|singles\n|player|p1|fathxpelxss|lance|1549\n|player|p2|TestingTesting1|170|1739\n|teamsize|p1|6\n|teamsize|p2|6\n|gen|8\n|tier|[Gen 8] National Dex\n|rated|\n|rule|HP Percentage Mod: HP is shown in percentages\n|rule|Endless Battle Clause: Forcing endless battles is banned\n|rule|OHKO Clause: OHKO moves are banned\n|rule|Evasion Moves Clause: Evasion moves are banned\n|rule|Species Clause: Limit one of each Pok\u00e9mon\n|rule|Dynamax Clause: You cannot dynamax\n|rule|Sleep Clause Mod: Limit one foe put to sleep\n|clearpoke\n|poke|p1|Dracozolt|\n|poke|p1|Tapu Fini|\n|poke|p1|Corviknight, M|\n|poke|p1|Serperior, M|\n|poke|p1|Lopunny, M|\n|poke|p1|Heatran, M|\n|poke|p2|Pelipper, F|\n|poke|p2|Urshifu-*, F|\n|poke|p2|Charizard, M|\n|poke|p2|Darmanitan, M|\n|poke|p2|Hippowdon, F|\n|poke|p2|Excadrill, F|\n|teampreview\n|inactive|Battle timer is ON: inactive players will automatically lose when time's up. (requested by fathxpelxss)\n|j| SageModeMaster2\n|inactive|TestingTesting1 has 120 seconds left.\n|\n|t:|1652708838\n|start\n|switch|p1a: Lopunny|Lopunny, M|100\/100\n|switch|p2a: Urshifu|Urshifu-Rapid-Strike, F|100\/100\n|turn|1\n|\n|t:|1652708846\n|detailschange|p1a: Lopunny|Lopunny-Mega, M\n|-mega|p1a: Lopunny|Lopunny|Lopunnite\n|move|p1a: Lopunny|Fake Out|p2a: Urshifu\n|-damage|p2a: Urshifu|77\/100\n|cant|p2a: Urshifu|flinch\n|\n|upkeep\n|turn|2\n|\n|t:|1652708854\n|switch|p1a: Corviknight|Corviknight, M|100\/100\n|-ability|p1a: Corviknight|Pressure\n|move|p2a: Urshifu|U-turn|p1a: Corviknight\n|-resisted|p1a: Corviknight\n|-damage|p1a: Corviknight|97\/100\n|-damage|p2a: Urshifu|61\/100|[from] item: Rocky Helmet|[of] p1a: Corviknight\n|\n|t:|1652708865\n|switch|p2a: Charizard|Charizard, M|100\/100|[from]move: U-turn\n|\n|upkeep\n|turn|3\n|\n|t:|1652708893\n|switch|p1a: Heatran|Heatran, M|100\/100\n|detailschange|p2a: Charizard|Charizard-Mega-Y, M\n|-mega|p2a: Charizard|Charizard|Charizardite Y\n|-weather|SunnyDay|[from] ability: Drought|[of] p2a: Charizard\n|move|p2a: Charizard|Weather Ball|p1a: Heatran\n|-start|p1a: Heatran|ability: Flash Fire\n|\n|-weather|SunnyDay|[upkeep]\n|upkeep\n|turn|4\n|\n|t:|1652708902\n|move|p2a: Charizard|Focus Blast|p1a: Heatran\n|-supereffective|p1a: Heatran\n|-damage|p1a: Heatran|42\/100\n|move|p1a: Heatran|Toxic|p2a: Charizard|[miss]\n|-miss|p1a: Heatran|p2a: Charizard\n|\n|-weather|SunnyDay|[upkeep]\n|-heal|p1a: Heatran|49\/100|[from] item: Leftovers\n|upkeep\n|turn|5\n|c|\u2606fathxpelxss|tf\n|\n|t:|1652708918\n|move|p2a: Charizard|Focus Blast|p1a: Heatran\n|-supereffective|p1a: Heatran\n|-damage|p1a: Heatran|0 fnt\n|faint|p1a: Heatran\n|\n|-weather|SunnyDay|[upkeep]\n|upkeep\n|c|\u2606TestingTesting1|sorry\n|inactive|fathxpelxss has 120 seconds left.\n|c|\u2606fathxpelxss|lmao\n|\n|t:|1652708941\n|switch|p1a: Dracozolt|Dracozolt|100\/100\n|turn|6\n|\n|t:|1652708945\n|switch|p2a: Hippowdon|Hippowdon, F|100\/100\n|-weather|Sandstorm|[from] ability: Sand Stream|[of] p2a: Hippowdon\n|move|p1a: Dracozolt|Bolt Beak|p2a: Hippowdon\n|-immune|p2a: Hippowdon\n|\n|-weather|Sandstorm|[upkeep]\n|-damage|p1a: Dracozolt|94\/100|[from] Sandstorm\n|upkeep\n|turn|7\n|\n|t:|1652708954\n|switch|p1a: Corviknight|Corviknight, M|97\/100\n|-ability|p1a: Corviknight|Pressure\n|move|p2a: Hippowdon|Toxic|p1a: Corviknight\n|-immune|p1a: Corviknight\n|\n|-weather|Sandstorm|[upkeep]\n|upkeep\n|turn|8\n|\n|t:|1652708961\n|move|p1a: Corviknight|U-turn|p2a: Hippowdon\n|-damage|p2a: Hippowdon|90\/100\n|\n|t:|1652708963\n|switch|p1a: Serperior|Serperior, M|100\/100|[from]move: U-turn\n|move|p2a: Hippowdon|Stealth Rock|p1a: Serperior\n|-sidestart|p1: fathxpelxss|move: Stealth Rock\n|\n|-weather|Sandstorm|[upkeep]\n|-damage|p1a: Serperior|95\/100|[from] Sandstorm\n|-heal|p1a: Serperior|100\/100|[from] item: Leftovers\n|-heal|p2a: Hippowdon|97\/100|[from] item: Leftovers\n|upkeep\n|turn|9\n|\n|t:|1652708975\n|switch|p2a: Charizard|Charizard-Mega-Y, M|100\/100\n|-weather|SunnyDay|[from] ability: Drought|[of] p2a: Charizard\n|move|p1a: Serperior|Substitute|p1a: Serperior\n|-start|p1a: Serperior|Substitute\n|-damage|p1a: Serperior|76\/100\n|\n|-weather|SunnyDay|[upkeep]\n|-heal|p1a: Serperior|82\/100|[from] item: Leftovers\n|upkeep\n|turn|10\n|\n|t:|1652708986\n|switch|p2a: Urshifu|Urshifu-Rapid-Strike, F|61\/100\n|move|p1a: Serperior|Glare|p2a: Urshifu\n|-status|p2a: Urshifu|par\n|\n|-weather|SunnyDay|[upkeep]\n|-heal|p1a: Serperior|88\/100|[from] item: Leftovers\n|upkeep\n|turn|11\n|\n|t:|1652708997\n|move|p1a: Serperior|Leaf Storm|p2a: Urshifu\n|-supereffective|p2a: Urshifu\n|-damage|p2a: Urshifu|0 fnt\n|-boost|p1a: Serperior|spa|2\n|faint|p2a: Urshifu\n|\n|-weather|SunnyDay|[upkeep]\n|-heal|p1a: Serperior|94\/100|[from] item: Leftovers\n|upkeep\n|l| SageModeMaster2\n|\n|t:|1652709004\n|switch|p2a: Charizard|Charizard-Mega-Y, M|100\/100\n|turn|12\n|inactive|fathxpelxss has 120 seconds left.\n|\n|t:|1652709040\n|move|p1a: Serperior|Glare|p2a: Charizard\n|-status|p2a: Charizard|par\n|cant|p2a: Charizard|par\n|\n|-weather|SunnyDay|[upkeep]\n|-heal|p1a: Serperior|99\/100|[from] item: Leftovers\n|upkeep\n|turn|13\n|\n|t:|1652709048\n|move|p1a: Serperior|Leaf Storm|p2a: Charizard\n|-resisted|p2a: Charizard\n|-damage|p2a: Charizard|75\/100 par\n|-boost|p1a: Serperior|spa|2\n|move|p2a: Charizard|Weather Ball|p1a: Serperior\n|-supereffective|p1a: Serperior\n|-end|p1a: Serperior|Substitute\n|\n|-weather|none\n|-heal|p1a: Serperior|100\/100|[from] item: Leftovers\n|upkeep\n|turn|14\n|j| SageModeMaster2\n|\n|t:|1652709066\n|switch|p2a: Darmanitan|Darmanitan, M|100\/100\n|move|p1a: Serperior|Substitute|p1a: Serperior\n|-start|p1a: Serperior|Substitute\n|-damage|p1a: Serperior|76\/100\n|\n|-heal|p1a: Serperior|82\/100|[from] item: Leftovers\n|upkeep\n|turn|15\n|\n|t:|1652709072\n|move|p1a: Serperior|Glare|p2a: Darmanitan\n|-status|p2a: Darmanitan|par\n|move|p2a: Darmanitan|U-turn|p1a: Serperior\n|-supereffective|p1a: Serperior\n|-crit|p1a: Serperior\n|-end|p1a: Serperior|Substitute\n|\n|t:|1652709080\n|switch|p2a: Charizard|Charizard-Mega-Y, M|75\/100 par|[from]move: U-turn\n|-weather|SunnyDay|[from] ability: Drought|[of] p2a: Charizard\n|\n|-weather|SunnyDay|[upkeep]\n|-heal|p1a: Serperior|88\/100|[from] item: Leftovers\n|upkeep\n|turn|16\n|\n|t:|1652709091\n|move|p1a: Serperior|Substitute|p1a: Serperior\n|-start|p1a: Serperior|Substitute\n|-damage|p1a: Serperior|63\/100\n|cant|p2a: Charizard|par\n|\n|-weather|SunnyDay|[upkeep]\n|-heal|p1a: Serperior|69\/100|[from] item: Leftovers\n|upkeep\n|turn|17\n|-message|TestingTesting1 forfeited.\n|\n|win|fathxpelxss\n|raw|fathxpelxss's rating: 1549 &rarr; <strong>1579<\/strong><br \/>(+30 for winning)\n|raw|TestingTesting1's rating: 1739 &rarr; <strong>1709<\/strong><br \/>(-30 for losing)\n|l|\u2606TestingTesting1\n|l|\u2606fathxpelxss\n||Ladder isn't responding, score probably updated but might not have (Request timeout).\n|l| SageModeMaster2\n","uploadtime":1652709340,"views":10,"p1id":"fathxpelxss","p2id":"testingtesting1","formatid":"gen8nationaldex","rating":1579,"private":0,"password":null}