{"id":"gen8nu-1091159192","p1":"BaddyGames","p2":"chrono fat as hell","format":"gen8nu","log":"|j|\u2606BaddyGames\n|j|\u2606chrono fat as hell\n|player|p1|BaddyGames|275|1000\n|player|p2|chrono fat as hell|249|1210\n|teamsize|p1|6\n|teamsize|p2|6\n|gametype|singles\n|gen|8\n|tier|[Gen 8] NU\n|rated|\n|clearpoke\n|poke|p1|Butterfree, F|\n|poke|p1|Ferroseed, F|\n|poke|p1|Malamar, F|\n|poke|p1|Arctozolt|\n|poke|p1|Rotom-Fan|\n|poke|p1|Quagsire, F|\n|poke|p2|Rapidash-Galar, F|\n|poke|p2|Rotom-Fan|\n|poke|p2|Heatmor, M|\n|poke|p2|Malamar, M|\n|poke|p2|Sandaconda, M|\n|poke|p2|Eldegoss, F|\n|rule|Sleep Clause Mod: Limit one foe put to sleep\n|rule|Species Clause: Limit one of each Pok\u00e9mon\n|rule|OHKO Clause: OHKO moves are banned\n|rule|Evasion Moves Clause: Evasion moves are banned\n|rule|Endless Battle Clause: Forcing endless battles is banned\n|rule|HP Percentage Mod: HP is shown in percentages\n|rule|Dynamax Clause: You cannot dynamax\n|teampreview\n|\n|start\n|switch|p1a: Ferroseed|Ferroseed, F|100\/100\n|switch|p2a: Heatmor|Heatmor, M|100\/100\n|turn|1\n|\n|switch|p1a: Quagsire|Quagsire, F|100\/100\n|move|p2a: Heatmor|Fire Blast|p1a: Quagsire\n|-resisted|p1a: Quagsire\n|-damage|p1a: Quagsire|55\/100\n|\n|-heal|p1a: Quagsire|61\/100|[from] item: Leftovers\n|upkeep\n|turn|2\n|\n|switch|p2a: Eldegoss|Eldegoss, F|100\/100\n|switch|p1a: Rotom|Rotom-Fan|100\/100\n|\n|upkeep\n|turn|3\n|\n|move|p1a: Rotom|Air Slash|p2a: Eldegoss\n|-supereffective|p2a: Eldegoss\n|-damage|p2a: Eldegoss|37\/100\n|move|p2a: Eldegoss|Leech Seed|p1a: Rotom\n|-start|p1a: Rotom|move: Leech Seed\n|\n|-damage|p1a: Rotom|88\/100|[from] Leech Seed|[of] p2a: Eldegoss\n|-heal|p2a: Eldegoss|46\/100|[silent]\n|upkeep\n|turn|4\n|\n|switch|p2a: Rotom|Rotom-Fan|100\/100\n|move|p1a: Rotom|Air Slash|p2a: Rotom\n|-resisted|p2a: Rotom\n|-damage|p2a: Rotom|77\/100\n|\n|-damage|p1a: Rotom|76\/100|[from] Leech Seed|[of] p2a: Rotom\n|-heal|p2a: Rotom|90\/100|[silent]\n|upkeep\n|turn|5\n|\n|switch|p1a: Quagsire|Quagsire, F|61\/100\n|switch|p2a: Heatmor|Heatmor, M|100\/100\n|\n|-heal|p1a: Quagsire|67\/100|[from] item: Leftovers\n|upkeep\n|turn|6\n|\n|move|p2a: Heatmor|Giga Drain|p1a: Quagsire\n|-supereffective|p1a: Quagsire\n|-damage|p1a: Quagsire|0 fnt\n|faint|p1a: Quagsire\n|\n|upkeep\n|\n|switch|p1a: Butterfree|Butterfree, F|100\/100\n|turn|7\n|\n|switch|p2a: Eldegoss|Eldegoss, F|80\/100\n|move|p1a: Butterfree|Sleep Powder|p2a: Eldegoss\n|-immune|p2a: Eldegoss\n|\n|upkeep\n|turn|8\n|\n|switch|p2a: Rotom|Rotom-Fan|90\/100\n|move|p1a: Butterfree|Quiver Dance|p1a: Butterfree\n|-boost|p1a: Butterfree|spa|1\n|-boost|p1a: Butterfree|spd|1\n|-boost|p1a: Butterfree|spe|1\n|\n|upkeep\n|turn|9\n|\n|move|p1a: Butterfree|Sleep Powder|p2a: Rotom\n|-status|p2a: Rotom|slp|[from] move: Sleep Powder\n|cant|p2a: Rotom|slp\n|\n|upkeep\n|turn|10\n|\n|switch|p1a: Ferroseed|Ferroseed, F|100\/100\n|cant|p2a: Rotom|slp\n|\n|upkeep\n|turn|11\n|\n|cant|p2a: Rotom|slp\n|move|p1a: Ferroseed|Stealth Rock|p2a: Rotom\n|-sidestart|p2: chrono fat as hell|move: Stealth Rock\n|\n|upkeep\n|turn|12\n|\n|-curestatus|p2a: Rotom|slp|[msg]\n|move|p2a: Rotom|Volt Switch|p1a: Ferroseed\n|-resisted|p1a: Ferroseed\n|-crit|p1a: Ferroseed\n|-damage|p1a: Ferroseed|80\/100\n|\n|switch|p2a: Eldegoss|Eldegoss, F|100\/100|[from]move: Volt Switch\n|move|p1a: Ferroseed|Leech Seed|p2a: Eldegoss\n|-immune|p2a: Eldegoss\n|\n|upkeep\n|turn|13\n|\n|move|p2a: Eldegoss|Rapid Spin|p1a: Ferroseed\n|-resisted|p1a: Ferroseed\n|-damage|p1a: Ferroseed|79\/100\n|-boost|p2a: Eldegoss|spe|1\n|-damage|p2a: Eldegoss|88\/100|[from] ability: Iron Barbs|[of] p1a: Ferroseed\n|-sideend|p2: chrono fat as hell|Stealth Rock|[from] move: Rapid Spin|[of] p2a: Eldegoss\n|move|p1a: Ferroseed|Toxic|p2a: Eldegoss\n|-status|p2a: Eldegoss|tox\n|\n|-damage|p2a: Eldegoss|82\/100 tox|[from] psn\n|upkeep\n|turn|14\n|\n|switch|p2a: Heatmor|Heatmor, M|100\/100\n|move|p1a: Ferroseed|Stealth Rock|p2a: Heatmor\n|-sidestart|p2: chrono fat as hell|move: Stealth Rock\n|\n|upkeep\n|turn|15\n|\n|switch|p1a: Rotom|Rotom-Fan|76\/100\n|move|p2a: Heatmor|Fire Blast|p1a: Rotom\n|-crit|p1a: Rotom\n|-damage|p1a: Rotom|0 fnt\n|faint|p1a: Rotom\n|\n|upkeep\n|\n|switch|p1a: Butterfree|Butterfree, F|100\/100\n|turn|16\n|\n|switch|p2a: Eldegoss|Eldegoss, F|100\/100 tox\n|move|p1a: Butterfree|Sleep Powder|p2a: Eldegoss\n|-immune|p2a: Eldegoss\n|\n|-damage|p2a: Eldegoss|94\/100 tox|[from] psn\n|upkeep\n|turn|17\n|\n|move|p1a: Butterfree|Quiver Dance|p1a: Butterfree\n|-boost|p1a: Butterfree|spa|1\n|-boost|p1a: Butterfree|spd|1\n|-boost|p1a: Butterfree|spe|1\n|move|p2a: Eldegoss|Rapid Spin|p1a: Butterfree\n|-damage|p1a: Butterfree|89\/100\n|-boost|p2a: Eldegoss|spe|1\n|-sideend|p2: chrono fat as hell|Stealth Rock|[from] move: Rapid Spin|[of] p2a: Eldegoss\n|\n|-damage|p2a: Eldegoss|82\/100 tox|[from] psn\n|upkeep\n|turn|18\n|\n|move|p1a: Butterfree|Bug Buzz|p2a: Eldegoss\n|-supereffective|p2a: Eldegoss\n|-damage|p2a: Eldegoss|0 fnt\n|faint|p2a: Eldegoss\n|\n|upkeep\n|\n|switch|p2a: Rapidash|Rapidash-Galar, F|100\/100\n|turn|19\n|\n|move|p2a: Rapidash|Play Rough|p1a: Butterfree\n|-damage|p1a: Butterfree|0 fnt\n|faint|p1a: Butterfree\n|\n|upkeep\n|\n|switch|p1a: Ferroseed|Ferroseed, F|79\/100\n|turn|20\n|\n|switch|p2a: Heatmor|Heatmor, M|100\/100\n|move|p1a: Ferroseed|Leech Seed|p2a: Heatmor\n|-start|p2a: Heatmor|move: Leech Seed\n|\n|-damage|p2a: Heatmor|88\/100|[from] Leech Seed|[of] p1a: Ferroseed\n|-heal|p1a: Ferroseed|92\/100|[silent]\n|upkeep\n|turn|21\n|\n|switch|p1a: Malamar|Malamar, F|100\/100\n|move|p2a: Heatmor|Fire Blast|p1a: Malamar\n|-damage|p1a: Malamar|42\/100\n|\n|-damage|p2a: Heatmor|76\/100|[from] Leech Seed|[of] p1a: Malamar\n|-heal|p1a: Malamar|52\/100|[silent]\n|upkeep\n|turn|22\n|\n|move|p2a: Heatmor|Fire Blast|p1a: Malamar\n|-damage|p1a: Malamar|0 fnt\n|faint|p1a: Malamar\n|\n|upkeep\n|\n|switch|p1a: Arctozolt|Arctozolt|100\/100\n|turn|23\n|\n|switch|p2a: Sandaconda|Sandaconda, M|100\/100\n|move|p1a: Arctozolt|Rock Slide|p2a: Sandaconda\n|-resisted|p2a: Sandaconda\n|-damage|p2a: Sandaconda|91\/100\n|\n|-heal|p2a: Sandaconda|97\/100|[from] item: Leftovers\n|upkeep\n|turn|24\n|\n|switch|p2a: Heatmor|Heatmor, M|76\/100\n|move|p1a: Arctozolt|Icicle Crash|p2a: Heatmor|[miss]\n|-miss|p1a: Arctozolt|p2a: Heatmor\n|\n|upkeep\n|turn|25\n|\n|switch|p2a: Sandaconda|Sandaconda, M|97\/100\n|move|p1a: Arctozolt|Bolt Beak|p2a: Sandaconda\n|-immune|p2a: Sandaconda\n|\n|-heal|p2a: Sandaconda|100\/100|[from] item: Leftovers\n|upkeep\n|turn|26\n|\n|move|p2a: Sandaconda|Earthquake|p1a: Arctozolt\n|-supereffective|p1a: Arctozolt\n|-damage|p1a: Arctozolt|0 fnt\n|faint|p1a: Arctozolt\n|\n|upkeep\n|\n|switch|p1a: Ferroseed|Ferroseed, F|92\/100\n|turn|27\n|\n|move|p2a: Sandaconda|Glare|p1a: Ferroseed\n|-status|p1a: Ferroseed|par\n|cant|p1a: Ferroseed|par\n|\n|upkeep\n|turn|28\n|\n|switch|p2a: Heatmor|Heatmor, M|76\/100\n|move|p1a: Ferroseed|Leech Seed|p2a: Heatmor\n|-start|p2a: Heatmor|move: Leech Seed\n|\n|-damage|p2a: Heatmor|64\/100|[from] Leech Seed|[of] p1a: Ferroseed\n|-heal|p1a: Ferroseed|100\/100 par|[silent]\n|upkeep\n|turn|29\n|c|\u2606chrono fat as hell|hh\n|\n|move|p2a: Heatmor|Flamethrower|p1a: Ferroseed\n|-supereffective|p1a: Ferroseed\n|-damage|p1a: Ferroseed|0 fnt\n|faint|p1a: Ferroseed\n|\n|win|chrono fat as hell\n|c|\u2606chrono fat as hell|gg\n|l|\u2606BaddyGames\n|raw|BaddyGames's rating: 1000 &rarr; <strong>1000<\/strong><br \/>(+0 for losing)\n|raw|chrono fat as hell's rating: 1211 &rarr; <strong>1222<\/strong><br \/>(+11 for winning)\n","uploadtime":1586050674,"views":18,"p1id":"baddygames","p2id":"chronofatashell","formatid":"gen8nu","rating":1000,"private":0,"password":null}