{"id":"gen8anythinggoes-1696044523","p1":"jushu114514","p2":"ashfqwer","format":"gen8anythinggoes","log":"|j|\u2606jushu114514\n|j|\u2606ashfqwer\n|t:|1666862019\n|gametype|singles\n|player|p1|jushu114514|265|1714\n|player|p2|ashfqwer|101|1793\n|teamsize|p1|6\n|teamsize|p2|6\n|gen|8\n|tier|[Gen 8] Anything Goes\n|rated|\n|rule|HP Percentage Mod: HP is shown in percentages\n|rule|Endless Battle Clause: Forcing endless battles is banned\n|clearpoke\n|poke|p1|Eternatus|\n|poke|p1|Calyrex-Shadow|\n|poke|p1|Necrozma-Dusk-Mane|\n|poke|p1|Kyogre|\n|poke|p1|Marshadow|\n|poke|p1|Yveltal|\n|poke|p2|Shedinja|\n|poke|p2|Steelix, M|\n|poke|p2|Snorlax, M|\n|poke|p2|Eternatus|\n|poke|p2|Yveltal|\n|poke|p2|Quagsire, M|\n|teampreview\n|inactive|Battle timer is ON: inactive players will automatically lose when time's up. (requested by ashfqwer)\n|inactive|ashfqwer has 120 seconds left.\n|\n|t:|1666862063\n|start\n|switch|p1a: Necrozma|Necrozma-Dusk-Mane|100\/100\n|switch|p2a: Steelix|Steelix, M|100\/100\n|turn|1\n|\n|t:|1666862074\n|move|p1a: Necrozma|Stealth Rock|p2a: Steelix\n|-sidestart|p2: ashfqwer|move: Stealth Rock\n|move|p2a: Steelix|Stealth Rock|p1a: Necrozma\n|-sidestart|p1: jushu114514|move: Stealth Rock\n|\n|upkeep\n|turn|2\n|inactive|jushu114514 has 120 seconds left.\n|\n|t:|1666862116\n|switch|p1a: Yveltal|Yveltal|100\/100\n|-ability|p1a: Yveltal|Dark Aura\n|move|p2a: Steelix|Earthquake|p1a: Yveltal\n|-immune|p1a: Yveltal\n|\n|upkeep\n|turn|3\n|j| KunVirgo\n|\n|t:|1666862129\n|move|p1a: Yveltal|Knock Off|p2a: Steelix\n|-damage|p2a: Steelix|76\/100\n|-enditem|p2a: Steelix|Leftovers|[from] move: Knock Off|[of] p1a: Yveltal\n|move|p2a: Steelix|Dragon Tail|p1a: Yveltal\n|-damage|p1a: Yveltal|92\/100\n|drag|p1a: Kyogre|Kyogre|100\/100\n|-damage|p1a: Kyogre|88\/100|[from] Stealth Rock\n|-weather|RainDance|[from] ability: Drizzle|[of] p1a: Kyogre\n|\n|-weather|RainDance|[upkeep]\n|-heal|p1a: Kyogre|94\/100|[from] item: Leftovers\n|upkeep\n|turn|4\n|\n|t:|1666862138\n|switch|p2a: Shedinja|Shedinja|100\/100\n|move|p1a: Kyogre|Calm Mind|p1a: Kyogre\n|-boost|p1a: Kyogre|spa|1\n|-boost|p1a: Kyogre|spd|1\n|\n|-weather|RainDance|[upkeep]\n|-heal|p1a: Kyogre|100\/100|[from] item: Leftovers\n|upkeep\n|turn|5\n|inactive|ashfqwer has 120 seconds left.\n|\n|t:|1666862189\n|switch|p1a: Necrozma|Necrozma-Dusk-Mane|100\/100\n|-damage|p1a: Necrozma|94\/100|[from] Stealth Rock\n|move|p2a: Shedinja|Toxic|p1a: Necrozma\n|-immune|p1a: Necrozma\n|\n|-weather|RainDance|[upkeep]\n|upkeep\n|turn|6\n|\n|t:|1666862195\n|switch|p2a: Steelix|Steelix, M|76\/100\n|-damage|p2a: Steelix|73\/100|[from] Stealth Rock\n|move|p1a: Necrozma|Earthquake|p2a: Steelix\n|-supereffective|p2a: Steelix\n|-damage|p2a: Steelix|47\/100\n|\n|-weather|RainDance|[upkeep]\n|upkeep\n|turn|7\n|\n|t:|1666862199\n|switch|p1a: Marshadow|Marshadow|100\/100\n|-damage|p1a: Marshadow|94\/100|[from] Stealth Rock\n|move|p2a: Steelix|Rest|p2a: Steelix\n|-status|p2a: Steelix|slp|[from] move: Rest\n|-heal|p2a: Steelix|100\/100 slp|[silent]\n|\n|-weather|none\n|upkeep\n|turn|8\n|inactive|jushu114514 has 120 seconds left.\n|\n|t:|1666862234\n|switch|p2a: Eternatus|Eternatus|100\/100\n|-ability|p2a: Eternatus|Pressure\n|move|p1a: Marshadow|Close Combat|p2a: Eternatus\n|-resisted|p2a: Eternatus\n|-damage|p2a: Eternatus|65\/100\n|-unboost|p1a: Marshadow|def|1\n|-unboost|p1a: Marshadow|spd|1\n|\n|upkeep\n|turn|9\n|\n|t:|1666862247\n|-start|p1a: Marshadow|Dynamax|\n|-heal|p1a: Marshadow|94\/100|[silent]\n|move|p1a: Marshadow|Max Hailstorm|p2a: Eternatus\n|-supereffective|p2a: Eternatus\n|-damage|p2a: Eternatus|1\/100\n|-weather|Hail\n|move|p2a: Eternatus|Recover|p2a: Eternatus\n|-heal|p2a: Eternatus|51\/100\n|\n|-weather|Hail|[upkeep]\n|-damage|p1a: Marshadow|91\/100|[from] Hail\n|-damage|p2a: Eternatus|45\/100|[from] Hail\n|upkeep\n|turn|10\n|inactive|jushu114514 has 120 seconds left.\n|\n|t:|1666862280\n|switch|p2a: Snorlax|Snorlax, M|100\/100\n|-damage|p2a: Snorlax|88\/100|[from] Stealth Rock\n|move|p1a: Marshadow|Max Knuckle|p2a: Snorlax\n|-supereffective|p2a: Snorlax\n|-damage|p2a: Snorlax|7\/100\n|-boost|p1a: Marshadow|atk|1\n|\n|-weather|Hail|[upkeep]\n|-damage|p1a: Marshadow|88\/100|[from] Hail\n|-damage|p2a: Snorlax|1\/100|[from] Hail\n|-heal|p2a: Snorlax|7\/100|[from] item: Leftovers\n|upkeep\n|turn|11\n|\n|t:|1666862295\n|move|p1a: Marshadow|Max Knuckle|p2a: Snorlax\n|-supereffective|p2a: Snorlax\n|-damage|p2a: Snorlax|0 fnt\n|-boost|p1a: Marshadow|atk|1\n|faint|p2a: Snorlax\n|\n|-weather|Hail|[upkeep]\n|-damage|p1a: Marshadow|85\/100|[from] Hail\n|upkeep\n|\n|t:|1666862300\n|switch|p2a: Shedinja|Shedinja|100\/100\n|-end|p1a: Marshadow|Dynamax\n|-heal|p1a: Marshadow|85\/100|[silent]\n|turn|12\n|inactive|jushu114514 has 120 seconds left.\n|\n|t:|1666862319\n|switch|p1a: Necrozma|Necrozma-Dusk-Mane|94\/100\n|-damage|p1a: Necrozma|88\/100|[from] Stealth Rock\n|move|p2a: Shedinja|Baton Pass|p2a: Shedinja\n|\n|t:|1666862328\n|switch|p2a: Steelix|Steelix, M|100\/100 slp|[from]move: Baton Pass\n|-damage|p2a: Steelix|97\/100 slp|[from] Stealth Rock\n|\n|-weather|Hail|[upkeep]\n|-damage|p1a: Necrozma|82\/100|[from] Hail\n|-damage|p2a: Steelix|91\/100 slp|[from] Hail\n|upkeep\n|turn|13\n|inactive|jushu114514 has 120 seconds left.\n|\n|t:|1666862360\n|switch|p1a: Kyogre|Kyogre|100\/100\n|-damage|p1a: Kyogre|88\/100|[from] Stealth Rock\n|-weather|RainDance|[from] ability: Drizzle|[of] p1a: Kyogre\n|cant|p2a: Steelix|slp\n|\n|-weather|RainDance|[upkeep]\n|-heal|p1a: Kyogre|94\/100|[from] item: Leftovers\n|upkeep\n|turn|14\n|\n|t:|1666862377\n|switch|p1a: Yveltal|Yveltal|92\/100\n|-ability|p1a: Yveltal|Dark Aura\n|switch|p2a: Shedinja|Shedinja|100\/100\n|\n|-weather|RainDance|[upkeep]\n|upkeep\n|turn|15\n|\n|t:|1666862383\n|switch|p2a: Steelix|Steelix, M|91\/100 slp\n|-damage|p2a: Steelix|88\/100 slp|[from] Stealth Rock\n|move|p1a: Yveltal|U-turn|p2a: Steelix\n|-resisted|p2a: Steelix\n|-damage|p2a: Steelix|83\/100 slp\n|inactive|jushu114514 has 120 seconds left.\n|\n|t:|1666862389\n|switch|p1a: Marshadow|Marshadow|85\/100|[from]move: U-turn\n|-damage|p1a: Marshadow|79\/100|[from] Stealth Rock\n|\n|-weather|RainDance|[upkeep]\n|upkeep\n|turn|16\n|\n|t:|1666862397\n|switch|p2a: Shedinja|Shedinja|100\/100\n|move|p1a: Marshadow|Spectral Thief|p2a: Shedinja\n|-supereffective|p2a: Shedinja\n|-damage|p2a: Shedinja|0 fnt\n|faint|p2a: Shedinja\n|\n|-weather|RainDance|[upkeep]\n|upkeep\n|-message|ashfqwer forfeited.\n|\n|win|jushu114514\n|raw|jushu114514's rating: 1714 &rarr; <strong>1738<\/strong><br \/>(+24 for winning)\n|raw|ashfqwer's rating: 1793 &rarr; <strong>1769<\/strong><br \/>(-24 for losing)\n|l|\u2606ashfqwer\n||Ladder isn't responding, score probably updated but might not have (Request timeout).\n","uploadtime":1666862441,"views":15,"p1id":"jushu114514","p2id":"ashfqwer","formatid":"gen8anythinggoes","rating":1738,"private":0,"password":null}