{"id":"gen8randombattle-1045683531","p1":"thounss","p2":"cebolyo","format":"gen8randombattle","log":"|j|\u2606thounss\n|j|\u2606cebolyo\n|player|p1|thounss|101|\n|player|p2|cebolyo|mrfuji-gen3|\n|teamsize|p1|6\n|teamsize|p2|6\n|gametype|singles\n|gen|8\n|tier|[Gen 8] Random Battle\n|rated|Tournament battle\n|rule|Species Clause: Limit one of each Pok\u00e9mon\n|rule|HP Percentage Mod: HP is shown in percentages\n|rule|Sleep Clause Mod: Limit one foe put to sleep\n|\n|start\n|switch|p1a: Noivern|Noivern, L82, M|274\/274\n|switch|p2a: Rapidash|Rapidash, L80, F|235\/235\n|turn|1\n|c|\u2606cebolyo|hf\n|j| Volstorm\n|j| rcyubooh\n|j| Fabicrack\n|j| uRufflux\n|\n|switch|p2a: Cofagrigus|Cofagrigus, L84, M|235\/235\n|move|p1a: Noivern|Draco Meteor|p2a: Cofagrigus\n|-damage|p2a: Cofagrigus|64\/235\n|-unboost|p1a: Noivern|spa|2\n|\n|-heal|p2a: Cofagrigus|78\/235|[from] item: Leftovers\n|upkeep\n|turn|2\n|j| FlyingRooster128\n|l| FlyingRooster128\n|\n|switch|p1a: Charizard|Charizard, L82, F|261\/261\n|move|p2a: Cofagrigus|Shadow Ball|p1a: Charizard\n|-damage|p1a: Charizard|177\/261\n|\n|-heal|p2a: Cofagrigus|92\/235|[from] item: Leftovers\n|upkeep\n|turn|3\n|\n|move|p1a: Charizard|Air Slash|p2a: Cofagrigus\n|-damage|p2a: Cofagrigus|17\/235\n|move|p2a: Cofagrigus|Memento|p1a: Charizard\n|-unboost|p1a: Charizard|atk|2\n|-unboost|p1a: Charizard|spa|2\n|faint|p2a: Cofagrigus\n|\n|upkeep\n|j| Adicire\n|\n|switch|p2a: Grimmsnarl|Grimmsnarl, L80, M|283\/283\n|turn|4\n|\n|switch|p1a: Hatterene|Hatterene, L80, F|222\/222\n|move|p2a: Grimmsnarl|Bulk Up|p2a: Grimmsnarl\n|-boost|p2a: Grimmsnarl|atk|1\n|-boost|p2a: Grimmsnarl|def|1\n|\n|upkeep\n|turn|5\n|c| Fabicrack|quien ganara\n|\n|-start|p2a: Grimmsnarl|Dynamax\n|-heal|p2a: Grimmsnarl|566\/566|[silent]\n|-start|p1a: Hatterene|Dynamax\n|-formechange|p1a: Hatterene|Hatterene-Gmax\n|-heal|p1a: Hatterene|444\/444|[silent]\n|move|p2a: Grimmsnarl|Max Starfall|p1a: Hatterene\n|-damage|p1a: Hatterene|210\/444\n|-fieldstart|move: Misty Terrain\n|move|p1a: Hatterene|G-Max Smite|p2a: Grimmsnarl\n|-supereffective|p2a: Grimmsnarl\n|-damage|p2a: Grimmsnarl|82\/566\n|-damage|p1a: Hatterene|188\/444|[from] item: Life Orb\n|\n|-heal|p2a: Grimmsnarl|99\/566|[from] item: Leftovers\n|upkeep\n|turn|6\n|c| Fabicrack|lo veremos en el proximo capitulo\n|c| Fabicrack|de pokemon\n|c| uRufflux|esta historia continuara\n|\n|move|p2a: Grimmsnarl|Max Guard|p2a: Grimmsnarl\n|-singleturn|p2a: Grimmsnarl|Max Guard\n|move|p1a: Hatterene|Max Guard||[still]\n|-fail|p1a: Hatterene\n|\n|-heal|p2a: Grimmsnarl|116\/566|[from] item: Leftovers\n|upkeep\n|turn|7\n|\n|move|p2a: Grimmsnarl|Max Starfall|p1a: Hatterene\n|-crit|p1a: Hatterene\n|-damage|p1a: Hatterene|0 fnt\n|faint|p1a: Hatterene\n|\n|-heal|p2a: Grimmsnarl|133\/566|[from] item: Leftovers\n|-end|p2a: Grimmsnarl|Dynamax\n|-heal|p2a: Grimmsnarl|67\/283|[silent]\n|upkeep\n|j| Marioplaya\n|c| uRufflux|*1 dia despues*\n|\n|switch|p1a: Noivern|Noivern, L82, M|274\/274\n|turn|8\n|j| Anghult\u265e\n|\n|move|p2a: Grimmsnarl|Rest||[still]\n|-fail|p2a: Grimmsnarl\n|move|p1a: Noivern|Boomburst|p2a: Grimmsnarl\n|-damage|p2a: Grimmsnarl|0 fnt\n|faint|p2a: Grimmsnarl\n|\n|upkeep\n|c| uRufflux|*suena la intro de Galar*\n|\n|switch|p2a: Abomasnow|Abomasnow, L84, M|287\/287\n|-weather|Hail|[from] ability: Snow Warning|[of] p2a: Abomasnow\n|turn|9\n|\n|switch|p1a: Escavalier|Escavalier, L84, M|255\/255\n|move|p2a: Abomasnow|Blizzard|p1a: Escavalier\n|-resisted|p1a: Escavalier\n|-damage|p1a: Escavalier|204\/255\n|\n|-weather|Hail|[upkeep]\n|-heal|p1a: Escavalier|219\/255|[from] item: Leftovers\n|-fieldend|Misty Terrain\n|upkeep\n|turn|10\n|c| uRufflux|hoy presentamos una final ardiente\n|j| Andsant23\n|c| Marioplaya|Ya ves\n|l| Andsant23\n|\n|switch|p2a: Rapidash|Rapidash, L80, F|235\/235\n|switch|p1a: Charizard|Charizard, L82, F|177\/261\n|\n|-weather|Hail|[upkeep]\n|-damage|p2a: Rapidash|221\/235|[from] Hail\n|-damage|p1a: Charizard|161\/261|[from] Hail\n|upkeep\n|turn|11\n|\n|move|p2a: Rapidash|Wild Charge|p1a: Charizard\n|-supereffective|p1a: Charizard\n|-damage|p1a: Charizard|0 fnt\n|-damage|p2a: Rapidash|181\/235|[from] Recoil\n|-damage|p2a: Rapidash|158\/235|[from] item: Life Orb\n|faint|p1a: Charizard\n|\n|-weather|Hail|[upkeep]\n|-damage|p2a: Rapidash|144\/235|[from] Hail\n|upkeep\n|c| Marioplaya|wow\n|c| Volstorm|ese Rapidash esta que arde\n|\n|switch|p1a: Noivern|Noivern, L82, M|274\/274\n|turn|12\n|\n|move|p1a: Noivern|Draco Meteor|p2a: Rapidash\n|-damage|p2a: Rapidash|0 fnt\n|-unboost|p1a: Noivern|spa|2\n|faint|p2a: Rapidash\n|\n|-weather|Hail|[upkeep]\n|-damage|p1a: Noivern|257\/274|[from] Hail\n|upkeep\n|j| DerpySeLaCome\n|c| Marioplaya|ya ves xd\n|\n|switch|p2a: Butterfree|Butterfree, L84, F|237\/237\n|turn|13\n|c| uRufflux|xd\n|\n|switch|p1a: Escavalier|Escavalier, L84, M|219\/255\n|move|p2a: Butterfree|Quiver Dance|p2a: Butterfree\n|-boost|p2a: Butterfree|spa|1\n|-boost|p2a: Butterfree|spd|1\n|-boost|p2a: Butterfree|spe|1\n|\n|-weather|none\n|-heal|p1a: Escavalier|234\/255|[from] item: Leftovers\n|upkeep\n|turn|14\n|j| Douglas Dotanuki\n|\n|move|p2a: Butterfree|Air Slash|p1a: Escavalier\n|-damage|p1a: Escavalier|135\/255\n|move|p1a: Escavalier|Iron Head|p2a: Butterfree\n|-damage|p2a: Butterfree|78\/237\n|\n|-heal|p1a: Escavalier|150\/255|[from] item: Leftovers\n|upkeep\n|turn|15\n|c| Volstorm|al menos est\u00e1 re\u00f1ido\n|\n|move|p2a: Butterfree|Air Slash|p1a: Escavalier\n|-damage|p1a: Escavalier|59\/255\n|cant|p1a: Escavalier|flinch\n|\n|-heal|p1a: Escavalier|74\/255|[from] item: Leftovers\n|upkeep\n|turn|16\n|c| Marioplaya|pero ahora le han bajado los humos al rapidash xd\n|c| uRufflux|todo el espectaculo con atencion observa esta batalla re\u00f1ida\n|c| Marioplaya|ya\n|\n|move|p2a: Butterfree|Air Slash|p1a: Escavalier\n|-damage|p1a: Escavalier|0 fnt\n|faint|p1a: Escavalier\n|\n|upkeep\n|j| Speedwaifu Requiem\n|l| Douglas Dotanuki\n|c| Marioplaya|wow\n|\n|switch|p1a: Passimian|Passimian, L84, F|305\/305\n|turn|17\n|c| Marioplaya|que intenso\n|\n|move|p1a: Passimian|Rock Slide|p2a: Butterfree\n|-supereffective|p2a: Butterfree\n|-damage|p2a: Butterfree|0 fnt\n|faint|p2a: Butterfree\n|\n|upkeep\n|c| Volstorm|y Butterfree sobrevive por la m\u00ednima\n|\n|switch|p2a: Braviary|Braviary, L82, M|298\/298\n|turn|18\n|c| uRufflux|passimian scarf\n|c| Volstorm|el ave brava contra el chango\n|c| Marioplaya|xddd\n|\n|move|p1a: Passimian|Rock Slide|p2a: Braviary\n|-supereffective|p2a: Braviary\n|-damage|p2a: Braviary|148\/298\n|move|p2a: Braviary|Brave Bird|p1a: Passimian\n|-supereffective|p1a: Passimian\n|-damage|p1a: Passimian|0 fnt\n|-damage|p2a: Braviary|47\/298|[from] Recoil\n|-damage|p2a: Braviary|18\/298|[from] item: Life Orb\n|faint|p1a: Passimian\n|\n|upkeep\n|c| Marioplaya|que tenso\n|c| uRufflux|braviary hazme un hijo xdd\n|\n|switch|p1a: Aegislash|Aegislash, L80, F|227\/227\n|turn|19\n|c| Marioplaya|hohoho\n|\n|move|p2a: Braviary|Brave Bird|p1a: Aegislash\n|-resisted|p1a: Aegislash\n|-damage|p1a: Aegislash|153\/227\n|-damage|p2a: Braviary|0 fnt|[from] Recoil\n|faint|p2a: Braviary\n|move|p1a: Aegislash|Swords Dance|p1a: Aegislash\n|-boost|p1a: Aegislash|atk|2\n|\n|-heal|p1a: Aegislash|167\/227|[from] item: Leftovers\n|upkeep\n|\n|switch|p2a: Abomasnow|Abomasnow, L84, M|287\/287\n|-weather|Hail|[from] ability: Snow Warning|[of] p2a: Abomasnow\n|turn|20\n|\n|move|p2a: Abomasnow|Earthquake|p1a: Aegislash\n|-supereffective|p1a: Aegislash\n|-damage|p1a: Aegislash|75\/227\n|-formechange|p1a: Aegislash|Aegislash-Blade||[from] ability: Stance Change\n|move|p1a: Aegislash|Iron Head|p2a: Abomasnow\n|-supereffective|p2a: Abomasnow\n|-damage|p2a: Abomasnow|0 fnt\n|faint|p2a: Abomasnow\n|\n|win|thounss\n","inputlog":">version 87844488c466a161a600897e56babbe42906b6d1\n>start {\"formatid\":\"gen8randombattle\",\"seed\":[34439,10981,38819,13231],\"rated\":\"Tournament battle\"}\n>player p1 {\"name\":\"thounss\",\"avatar\":\"101\",\"team\":\"\",\"rating\":0,\"seed\":[14042,17339,24147,34835]}\n>player p2 {\"name\":\"cebolyo\",\"avatar\":\"mrfuji-gen3\",\"team\":\"\",\"rating\":0,\"seed\":[1411,6026,58736,64186]}\n>p1 move dracometeor\n>p2 switch 2\n>p1 switch 5\n>p2 move shadowball\n>p1 move airslash\n>p2 move memento\n>p2 switch 5\n>p1 switch 3\n>p2 move bulkup\n>p1 move dazzlinggleam dynamax\n>p2 move spiritbreak dynamax\n>p1 move trickroom dynamax\n>p2 move bulkup dynamax\n>p1 move dazzlinggleam dynamax\n>p2 move spiritbreak dynamax\n>p1 switch 5\n>p1 move boomburst\n>p2 move rest\n>p2 switch 4\n>p1 switch 4\n>p2 move blizzard\n>p1 switch 3\n>p2 switch 2\n>p1 move earthquake\n>p2 move wildcharge\n>p1 switch 4\n>p1 move dracometeor\n>p2 move morningsun\n>p2 switch 3\n>p1 switch 3\n>p2 move quiverdance\n>p1 move ironhead\n>p2 move airslash\n>p1 move ironhead\n>p2 move airslash\n>p1 move ironhead\n>p2 move airslash\n>p1 switch 6\n>p1 move rockslide\n>p2 move sleeppowder\n>p2 switch 6\n>p1 move rockslide\n>p2 move bravebird\n>p1 switch 2\n>p1 move swordsdance\n>p2 move bravebird\n>p2 switch 2\n>p1 move ironhead\n>p2 move earthquake","uploadtime":1578937575,"views":4,"p1id":"thounss","p2id":"cebolyo","formatid":"gen8randombattle","rating":0,"private":0,"password":null}