{"id":"gen8ou-1661313732","p1":"Not Sarcasm","p2":"bignosestaraptor","format":"gen8ou","log":"|j|\u2606Not Sarcasm\n|j|\u2606bignosestaraptor\n|t:|1662865596\n|gametype|singles\n|player|p1|Not Sarcasm|170|1698\n|player|p2|bignosestaraptor|youngster-gen4dp|1621\n|teamsize|p1|6\n|teamsize|p2|6\n|gen|8\n|tier|[Gen 8] OU\n|rated|\n|rule|Sleep Clause Mod: Limit one foe put to sleep\n|rule|Species Clause: Limit one of each Pok\u00e9mon\n|rule|OHKO Clause: OHKO moves are banned\n|rule|Evasion Items Clause: Evasion items are banned\n|rule|Evasion Moves Clause: Evasion moves are banned\n|rule|Endless Battle Clause: Forcing endless battles is banned\n|rule|HP Percentage Mod: HP is shown in percentages\n|rule|Dynamax Clause: You cannot dynamax\n|clearpoke\n|poke|p1|Pelipper, M|\n|poke|p1|Seismitoad, F|\n|poke|p1|Zapdos|\n|poke|p1|Ferrothorn, M|\n|poke|p1|Barraskewda, M|\n|poke|p1|Crawdaunt, M|\n|poke|p2|Tapu Lele|\n|poke|p2|Tapu Koko|\n|poke|p2|Heatran, M|\n|poke|p2|Landorus-Therian, M|\n|poke|p2|Rotom-Wash|\n|poke|p2|Moltres-Galar|\n|teampreview\n|inactive|Battle timer is ON: inactive players will automatically lose when time's up. (requested by bignosestaraptor)\n|\n|t:|1662865609\n|start\n|switch|p1a: Ferrothorn|Ferrothorn, M|100\/100\n|switch|p2a: Rotom|Rotom-Wash|100\/100\n|turn|1\n|\n|t:|1662865616\n|move|p2a: Rotom|Will-O-Wisp|p1a: Ferrothorn\n|-status|p1a: Ferrothorn|brn\n|move|p1a: Ferrothorn|Stealth Rock|p2a: Rotom\n|-sidestart|p2: bignosestaraptor|move: Stealth Rock\n|\n|-damage|p1a: Ferrothorn|95\/100 brn|[from] brn\n|upkeep\n|turn|2\n|\n|t:|1662865624\n|move|p2a: Rotom|Volt Switch|p1a: Ferrothorn\n|-resisted|p1a: Ferrothorn\n|-damage|p1a: Ferrothorn|84\/100 brn\n|\n|t:|1662865626\n|switch|p2a: Heatran|Heatran, M|100\/100|[from]move: Volt Switch\n|-damage|p2a: Heatran|88\/100|[from] Stealth Rock\n|move|p1a: Ferrothorn|Knock Off|p2a: Heatran\n|-damage|p2a: Heatran|82\/100\n|-enditem|p2a: Heatran|Leftovers|[from] move: Knock Off|[of] p1a: Ferrothorn\n|\n|-heal|p1a: Ferrothorn|90\/100 brn|[from] item: Leftovers\n|-damage|p1a: Ferrothorn|84\/100 brn|[from] brn\n|upkeep\n|turn|3\n|\n|t:|1662865637\n|switch|p1a: Let's in the rain|Pelipper, M|100\/100\n|-weather|RainDance|[from] ability: Drizzle|[of] p1a: Let's in the rain\n|move|p2a: Heatran|Stealth Rock|p1a: Let's in the rain\n|-sidestart|p1: Not Sarcasm|move: Stealth Rock\n|\n|-weather|RainDance|[upkeep]\n|upkeep\n|turn|4\n|\n|t:|1662865651\n|move|p2a: Heatran|Protect|p2a: Heatran\n|-singleturn|p2a: Heatran|Protect\n|move|p1a: Let's in the rain|U-turn|p2a: Heatran\n|-activate|p2a: Heatran|move: Protect\n|\n|-weather|RainDance|[upkeep]\n|upkeep\n|turn|5\n|\n|t:|1662865660\n|move|p2a: Heatran|Toxic|p1a: Let's in the rain\n|-status|p1a: Let's in the rain|tox\n|move|p1a: Let's in the rain|U-turn|p2a: Heatran\n|-resisted|p2a: Heatran\n|-damage|p2a: Heatran|81\/100\n|\n|t:|1662865666\n|switch|p1a: Zapdos|Zapdos|100\/100|[from]move: U-turn\n|\n|-weather|RainDance|[upkeep]\n|upkeep\n|turn|6\n|\n|t:|1662865673\n|switch|p2a: Landorus|Landorus-Therian, M|100\/100\n|-damage|p2a: Landorus|88\/100|[from] Stealth Rock\n|-ability|p2a: Landorus|Intimidate|boost\n|-unboost|p1a: Zapdos|atk|1\n|move|p1a: Zapdos|Thunder|p2a: Landorus\n|-immune|p2a: Landorus\n|\n|-weather|RainDance|[upkeep]\n|-heal|p2a: Landorus|94\/100|[from] item: Leftovers\n|upkeep\n|turn|7\n|inactive|bignosestaraptor has 120 seconds left.\n|\n|t:|1662865707\n|switch|p2a: Rotom|Rotom-Wash|100\/100\n|-damage|p2a: Rotom|88\/100|[from] Stealth Rock\n|move|p1a: Zapdos|Weather Ball|p2a: Rotom\n|-resisted|p2a: Rotom\n|-damage|p2a: Rotom|69\/100\n|\n|-weather|RainDance|[upkeep]\n|-heal|p2a: Rotom|75\/100|[from] item: Leftovers\n|upkeep\n|turn|8\n|c|\u2606bignosestaraptor|u see me farm that guy w clef \ud83d\ude02\n|inactive|bignosestaraptor has 120 seconds left.\n|c|\u2606bignosestaraptor|yer\n|inactive|Not Sarcasm has 120 seconds left.\n|j| pok3banter\n|\n|t:|1662865746\n|move|p1a: Zapdos|Thunder|p2a: Rotom\n|-damage|p2a: Rotom|32\/100\n|move|p2a: Rotom|Volt Switch|p1a: Zapdos\n|-damage|p1a: Zapdos|72\/100\n|c|\u2606Not Sarcasm|what\n|c|\u2606bignosestaraptor|mono lose to rain choke squad\n|j| Xingxing_dada\n|\n|t:|1662865757\n|switch|p2a: Tapu Koko|Tapu Koko|100\/100|[from]move: Volt Switch\n|-fieldstart|move: Electric Terrain|[from] ability: Electric Surge|[of] p2a: Tapu Koko\n|\n|-weather|RainDance|[upkeep]\n|upkeep\n|turn|9\n|c|\u2606bignosestaraptor|dude this team is not it\n|c|\u2606bignosestaraptor|u get farmed\n|c|\u2606Not Sarcasm|what\n|c|\u2606bignosestaraptor|true\n|c|\u2606bignosestaraptor|yo not sarcasm u tryna read the odyssey with me we can start a book club\n|c|\u2606Not Sarcasm|what\n|\n|t:|1662865781\n|switch|p1a: Ferrothorn|Ferrothorn, M|84\/100 brn\n|-damage|p1a: Ferrothorn|78\/100 brn|[from] Stealth Rock\n|move|p2a: Tapu Koko|Thunderbolt|p1a: Ferrothorn\n|-resisted|p1a: Ferrothorn\n|-damage|p1a: Ferrothorn|59\/100 brn\n|\n|-weather|RainDance|[upkeep]\n|-heal|p1a: Ferrothorn|65\/100 brn|[from] item: Leftovers\n|-damage|p1a: Ferrothorn|59\/100 brn|[from] brn\n|upkeep\n|turn|10\n|c|\u2606Not Sarcasm|I speak english\n|\n|t:|1662865795\n|switch|p2a: Heatran|Heatran, M|81\/100\n|-damage|p2a: Heatran|68\/100|[from] Stealth Rock\n|move|p1a: Ferrothorn|Leech Seed|p2a: Heatran\n|-start|p2a: Heatran|move: Leech Seed\n|\n|-weather|none\n|-heal|p1a: Ferrothorn|65\/100 brn|[from] item: Leftovers\n|-damage|p2a: Heatran|56\/100|[from] Leech Seed|[of] p1a: Ferrothorn\n|-heal|p1a: Ferrothorn|79\/100 brn|[silent]\n|-damage|p1a: Ferrothorn|73\/100 brn|[from] brn\n|upkeep\n|turn|11\n|\n|t:|1662865813\n|switch|p2a: Tapu Lele|Tapu Lele|100\/100\n|-damage|p2a: Tapu Lele|88\/100|[from] Stealth Rock\n|-fieldstart|move: Psychic Terrain|[from] ability: Psychic Surge|[of] p2a: Tapu Lele\n|switch|p1a: Let's in the rain|Pelipper, M|100\/100 tox\n|-damage|p1a: Let's in the rain|76\/100 tox|[from] Stealth Rock\n|-weather|RainDance|[from] ability: Drizzle|[of] p1a: Let's in the rain\n|\n|-weather|RainDance|[upkeep]\n|-damage|p1a: Let's in the rain|70\/100 tox|[from] psn\n|upkeep\n|turn|12\n|\n|t:|1662865825\n|switch|p1a: Crawdaunt|Crawdaunt, M|100\/100\n|-damage|p1a: Crawdaunt|88\/100|[from] Stealth Rock\n|move|p2a: Tapu Lele|Psychic|p1a: Crawdaunt\n|-immune|p1a: Crawdaunt\n|\n|-weather|RainDance|[upkeep]\n|upkeep\n|turn|13\n|\n|t:|1662865833\n|switch|p2a: Rotom|Rotom-Wash|32\/100\n|-damage|p2a: Rotom|20\/100|[from] Stealth Rock\n|move|p1a: Crawdaunt|Liquidation|p2a: Rotom\n|-resisted|p2a: Rotom\n|-damage|p2a: Rotom|0 fnt\n|faint|p2a: Rotom\n|-damage|p1a: Crawdaunt|78\/100|[from] item: Life Orb\n|\n|-weather|RainDance|[upkeep]\n|upkeep\n|\n|t:|1662865839\n|switch|p2a: Tapu Lele|Tapu Lele|88\/100\n|-damage|p2a: Tapu Lele|76\/100|[from] Stealth Rock\n|turn|14\n|\n|t:|1662865846\n|switch|p1a: Ferrothorn|Ferrothorn, M|73\/100 brn\n|-damage|p1a: Ferrothorn|67\/100 brn|[from] Stealth Rock\n|move|p2a: Tapu Lele|Focus Blast|p1a: Ferrothorn|[miss]\n|-miss|p2a: Tapu Lele|p1a: Ferrothorn\n|\n|-weather|RainDance|[upkeep]\n|-heal|p1a: Ferrothorn|73\/100 brn|[from] item: Leftovers\n|-damage|p1a: Ferrothorn|67\/100 brn|[from] brn\n|upkeep\n|turn|15\n|\n|t:|1662865855\n|move|p2a: Tapu Lele|Focus Blast|p1a: Ferrothorn\n|-supereffective|p1a: Ferrothorn\n|-damage|p1a: Ferrothorn|0 fnt\n|faint|p1a: Ferrothorn\n|\n|-weather|RainDance|[upkeep]\n|-fieldend|move: Psychic Terrain\n|upkeep\n|\n|t:|1662865861\n|switch|p1a: Barraskewda|Barraskewda, M|100\/100\n|-damage|p1a: Barraskewda|88\/100|[from] Stealth Rock\n|turn|16\n|c|\u2606bignosestaraptor|wide lens?\n|c|\u2606bignosestaraptor|im so unlucky\n|inactive|bignosestaraptor has 120 seconds left.\n|c|\u2606bignosestaraptor|nah\n|c|\u2606Not Sarcasm|kid are you high\n|c|\u2606bignosestaraptor|scarf\n|c|\u2606Not Sarcasm|or are you multi logging like a tool?\n|c|\u2606bignosestaraptor|no shot\n|c|\u2606bignosestaraptor|im high\n|inactive|bignosestaraptor has 90 seconds left.\n|c|\u2606bignosestaraptor|having a schizo episode\n|c|\u2606bignosestaraptor|and high\n|c|\u2606bignosestaraptor|whats a ool\n|c|\u2606bignosestaraptor|i\u2019m not a kid\n|c|\u2606bignosestaraptor|i\u2019m 43\n|\n|t:|1662865914\n|move|p1a: Barraskewda|Liquidation|p2a: Tapu Lele\n|-damage|p2a: Tapu Lele|0 fnt\n|faint|p2a: Tapu Lele\n|\n|-weather|RainDance|[upkeep]\n|upkeep\n|c|\u2606bignosestaraptor|nice copy paste rain team\n|\n|t:|1662865924\n|switch|p2a: Heatran|Heatran, M|56\/100\n|-damage|p2a: Heatran|43\/100|[from] Stealth Rock\n|turn|17\n|c|\u2606bignosestaraptor|drone\n|c|\u2606bignosestaraptor|find a brain\n|c|\u2606Not Sarcasm|Are you trying to convince me or yourself?\n|\n|t:|1662865930\n|move|p2a: Heatran|Protect|p2a: Heatran\n|-singleturn|p2a: Heatran|Protect\n|move|p1a: Barraskewda|Liquidation|p2a: Heatran\n|-activate|p2a: Heatran|move: Protect\n|\n|-weather|RainDance|[upkeep]\n|upkeep\n|turn|18\n|c|\u2606bignosestaraptor|ur like the scarecrow from oz\n|c|\u2606bignosestaraptor|brainless\n|c|\u2606bignosestaraptor|go on a journey\n|inactive|bignosestaraptor has 90 seconds left.\n|c|\u2606bignosestaraptor|follow the yellow brick road\n|c|\u2606bignosestaraptor|no \ud83e\udde0\n|c|\u2606Not Sarcasm|what\n|\n|t:|1662865962\n|move|p2a: Heatran|Protect||[still]\n|-fail|p2a: Heatran\n|move|p1a: Barraskewda|Liquidation|p2a: Heatran\n|-supereffective|p2a: Heatran\n|-damage|p2a: Heatran|0 fnt\n|faint|p2a: Heatran\n|\n|-weather|none\n|upkeep\n|\n|t:|1662865964\n|switch|p2a: Tapu Koko|Tapu Koko|100\/100\n|-fieldstart|move: Electric Terrain|[from] ability: Electric Surge|[of] p2a: Tapu Koko\n|turn|19\n|c|\u2606bignosestaraptor|delete this team\n|\n|t:|1662865975\n|switch|p2a: Moltres|Moltres-Galar|100\/100\n|switch|p1a: Seismitoad|Seismitoad, F|100\/100\n|-damage|p1a: Seismitoad|95\/100|[from] Stealth Rock\n|\n|upkeep\n|turn|20\n|c|\u2606bignosestaraptor|u look like cheeseballs w water resists\n|c|\u2606bignosestaraptor|kk\n|c|\u2606bignosestaraptor|both of u need to delete\n|\n|t:|1662865981\n|move|p2a: Moltres|Nasty Plot|p2a: Moltres\n|-boost|p2a: Moltres|spa|2\n|move|p1a: Seismitoad|Icy Wind|p2a: Moltres\n|-supereffective|p2a: Moltres\n|-damage|p2a: Moltres|65\/100\n|-unboost|p2a: Moltres|spe|1\n|-damage|p1a: Seismitoad|85\/100|[from] item: Life Orb\n|\n|upkeep\n|turn|21\n|l| Xingxing_dada\n|\n|t:|1662865990\n|move|p1a: Seismitoad|Icy Wind|p2a: Moltres\n|-supereffective|p2a: Moltres\n|-damage|p2a: Moltres|27\/100\n|-unboost|p2a: Moltres|spe|1\n|-ability|p2a: Moltres|Berserk|boost\n|-boost|p2a: Moltres|spa|1\n|-damage|p1a: Seismitoad|75\/100|[from] item: Life Orb\n|move|p2a: Moltres|Fiery Wrath|p1a: Seismitoad\n|-crit|p1a: Seismitoad\n|-damage|p1a: Seismitoad|0 fnt\n|faint|p1a: Seismitoad\n|\n|upkeep\n|\n|t:|1662866006\n|switch|p1a: Barraskewda|Barraskewda, M|88\/100\n|-damage|p1a: Barraskewda|76\/100|[from] Stealth Rock\n|turn|22\n|c|\u2606Not Sarcasm|gg\n|c|\u2606Not Sarcasm|Thanks for the points\n|inactive|bignosestaraptor has 90 seconds left.\n|\n|t:|1662866032\n|switch|p2a: Landorus|Landorus-Therian, M|94\/100\n|-damage|p2a: Landorus|82\/100|[from] Stealth Rock\n|-ability|p2a: Landorus|Intimidate|boost\n|-unboost|p1a: Barraskewda|atk|1\n|move|p1a: Barraskewda|Flip Turn|p2a: Landorus\n|-supereffective|p2a: Landorus\n|-damage|p2a: Landorus|12\/100\n|c|\u2606bignosestaraptor|ur parents wish they had gotten that abortion\n|c|\u2606bignosestaraptor|facts\n|c|\u2606bignosestaraptor|u won a 100 0 MU\n|\n|t:|1662866047\n|switch|p1a: Let's in the rain|Pelipper, M|70\/100 tox|[from]move: Flip Turn\n|-damage|p1a: Let's in the rain|45\/100 tox|[from] Stealth Rock\n|-weather|RainDance|[from] ability: Drizzle|[of] p1a: Let's in the rain\n|\n|-weather|RainDance|[upkeep]\n|-heal|p2a: Landorus|18\/100|[from] item: Leftovers\n|-damage|p1a: Let's in the rain|39\/100 tox|[from] psn\n|upkeep\n|turn|23\n|c|\u2606bignosestaraptor|get a grip\n|c|\u2606bignosestaraptor|my dad hacked my PC\n|c|\u2606bignosestaraptor|and made me load this shit\n|\n|t:|1662866062\n|move|p2a: Landorus|U-turn|p1a: Let's in the rain\n|-resisted|p1a: Let's in the rain\n|-damage|p1a: Let's in the rain|26\/100 tox\n|\n|t:|1662866067\n|switch|p2a: Moltres|Moltres-Galar|27\/100|[from]move: U-turn\n|move|p1a: Let's in the rain|U-turn|p2a: Moltres\n|-damage|p2a: Moltres|16\/100\n|\n|t:|1662866074\n|switch|p1a: Barraskewda|Barraskewda, M|76\/100|[from]move: U-turn\n|-damage|p1a: Barraskewda|64\/100|[from] Stealth Rock\n|\n|-weather|RainDance|[upkeep]\n|-fieldend|move: Electric Terrain\n|upkeep\n|turn|24\n|c|\u2606bignosestaraptor|and I sacced rotom bc i was having an episode\n|c|\u2606bignosestaraptor|load mono lose to clef give me a game\n|\n|t:|1662866079\n|move|p1a: Barraskewda|Liquidation|p2a: Moltres\n|-damage|p2a: Moltres|0 fnt\n|faint|p2a: Moltres\n|\n|-weather|RainDance|[upkeep]\n|upkeep\n|c|\u2606bignosestaraptor|basically u got lucky\n|\n|t:|1662866087\n|switch|p2a: Tapu Koko|Tapu Koko|100\/100\n|-fieldstart|move: Electric Terrain|[from] ability: Electric Surge|[of] p2a: Tapu Koko\n|turn|25\n|\n|t:|1662866091\n|move|p1a: Barraskewda|Liquidation|p2a: Tapu Koko\n|-damage|p2a: Tapu Koko|0 fnt\n|faint|p2a: Tapu Koko\n|\n|-weather|RainDance|[upkeep]\n|upkeep\n|c|\u2606Not Sarcasm|what\n|\n|t:|1662866093\n|switch|p2a: Landorus|Landorus-Therian, M|18\/100\n|-damage|p2a: Landorus|6\/100|[from] Stealth Rock\n|-ability|p2a: Landorus|Intimidate|boost\n|-unboost|p1a: Barraskewda|atk|1\n|turn|26\n|-message|bignosestaraptor forfeited.\n|\n|win|Not Sarcasm\n|raw|Not Sarcasm's rating: 1698 &rarr; <strong>1715<\/strong><br \/>(+17 for winning)\n|raw|bignosestaraptor's rating: 1639 &rarr; <strong>1622<\/strong><br \/>(-17 for losing)\n|c|\u2606Not Sarcasm|thanks kid\n|c|\u2606bignosestaraptor|overall ur mid\n|c|\u2606Not Sarcasm|have a good day\n|c|\u2606bignosestaraptor|remember that\n|l|\u2606Not Sarcasm\n|c|\u2606bignosestaraptor|^^^\n|c| pok3banter|hahahaha\n|c|\u2606bignosestaraptor|lmao he got mind twisted\n|c|\u2606bignosestaraptor|brain on pretzel mode\n|c| pok3banter|personally if that was me, i wouldnt take that kind of disrespect\n|c|\u2606bignosestaraptor|don\u2019t blame you\n||Ladder isn't responding, score probably updated but might not have (Request timeout).\n|c|\u2606bignosestaraptor|id trace the IP and do something bout it\n","uploadtime":1662866176,"views":9,"p1id":"notsarcasm","p2id":"bignosestaraptor","formatid":"gen8ou","rating":1622,"private":0,"password":null}