{"id":"gen8ou-1659115094","p1":"average lando fan","p2":"RggV_YT","format":"gen8ou","log":"|j|\u2606average lando fan\n|j|\u2606RggV_YT\n|t:|1662640910\n|gametype|singles\n|player|p1|average lando fan|brycenman|1601\n|player|p2|RggV_YT|scientist-gen4|1601\n|teamsize|p1|6\n|teamsize|p2|6\n|gen|8\n|tier|[Gen 8] OU\n|rated|\n|rule|Sleep Clause Mod: Limit one foe put to sleep\n|rule|Species Clause: Limit one of each Pok\u00e9mon\n|rule|OHKO Clause: OHKO moves are banned\n|rule|Evasion Items Clause: Evasion items are banned\n|rule|Evasion Moves Clause: Evasion moves are banned\n|rule|Endless Battle Clause: Forcing endless battles is banned\n|rule|HP Percentage Mod: HP is shown in percentages\n|rule|Dynamax Clause: You cannot dynamax\n|clearpoke\n|poke|p1|Latios, M|\n|poke|p1|Regieleki|\n|poke|p1|Hawlucha, M|\n|poke|p1|Landorus-Therian, M|\n|poke|p1|Tapu Koko|\n|poke|p1|Heatran, M|\n|poke|p2|Regigigas|\n|poke|p2|Victini|\n|poke|p2|Slowbro, M|\n|poke|p2|Dragapult, F|\n|poke|p2|Rhyperior, M|\n|poke|p2|Tornadus-Therian, M|\n|teampreview\n|inactive|Battle timer is ON: inactive players will automatically lose when time's up. (requested by RggV_YT)\n|inactive|average lando fan also wants the timer to be on.\n|c|\u2606average lando fan|hf\n|\n|t:|1662640932\n|start\n|switch|p1a: Landorus|Landorus-Therian, M|100\/100\n|switch|p2a: Tornadus|Tornadus-Therian, M|100\/100\n|-ability|p1a: Landorus|Intimidate|boost\n|-unboost|p2a: Tornadus|atk|1\n|turn|1\n|\n|t:|1662640944\n|move|p2a: Tornadus|Knock Off|p1a: Landorus\n|-damage|p1a: Landorus|85\/100\n|-enditem|p1a: Landorus|Life Orb|[from] move: Knock Off|[of] p2a: Tornadus\n|move|p1a: Landorus|Knock Off|p2a: Tornadus\n|-damage|p2a: Tornadus|61\/100\n|-enditem|p2a: Tornadus|Heavy-Duty Boots|[from] move: Knock Off|[of] p1a: Landorus\n|\n|upkeep\n|turn|2\n|\n|t:|1662640953\n|move|p2a: Tornadus|U-turn|p1a: Landorus\n|-resisted|p1a: Landorus\n|-damage|p1a: Landorus|79\/100\n|\n|t:|1662640955\n|switch|p2a: Slowbro|Slowbro, M|100\/100|[from]move: U-turn\n|move|p1a: Landorus|Explosion|p2a: Slowbro\n|-damage|p2a: Slowbro|36\/100\n|faint|p1a: Landorus\n|\n|upkeep\n|\n|t:|1662640963\n|switch|p1a: Latios|Latios, M|100\/100\n|turn|3\n|\n|t:|1662640967\n|switch|p2a: Rgg|Regigigas|100\/100\n|-start|p2a: Rgg|ability: Slow Start\n|move|p1a: Latios|Draco Meteor|p2a: Rgg\n|-damage|p2a: Rgg|63\/100\n|-unboost|p1a: Latios|spa|2\n|\n|upkeep\n|turn|4\n|c|\u2606average lando fan|what is this guy mado of\n|c|\u2606RggV_YT|AV\n|inactive|average lando fan has 120 seconds left.\n|\n|t:|1662640998\n|switch|p1a: Heatran|Heatran, M|100\/100\n|-item|p1a: Heatran|Air Balloon\n|move|p2a: Rgg|Body Slam|p1a: Heatran\n|-resisted|p1a: Heatran\n|-damage|p1a: Heatran|89\/100\n|-enditem|p1a: Heatran|Air Balloon\n|\n|upkeep\n|turn|5\n|\n|t:|1662641005\n|move|p1a: Heatran|Stealth Rock|p2a: Rgg\n|-sidestart|p2: RggV_YT|move: Stealth Rock\n|move|p2a: Rgg|Drain Punch|p1a: Heatran\n|-supereffective|p1a: Heatran\n|-damage|p1a: Heatran|59\/100\n|-heal|p2a: Rgg|77\/100|[from] drain|[of] p1a: Heatran\n|\n|upkeep\n|turn|6\n|\n|t:|1662641009\n|move|p1a: Heatran|Magma Storm|p2a: Rgg\n|-damage|p2a: Rgg|54\/100\n|-activate|p2a: Rgg|move: Magma Storm|[of] p1a: Heatran\n|move|p2a: Rgg|Power-Up Punch|p1a: Heatran\n|-supereffective|p1a: Heatran\n|-damage|p1a: Heatran|44\/100\n|-boost|p2a: Rgg|atk|1\n|\n|-damage|p2a: Rgg|42\/100|[from] move: Magma Storm|[partiallytrapped]\n|upkeep\n|turn|7\n|\n|t:|1662641016\n|move|p1a: Heatran|Earth Power|p2a: Rgg\n|-damage|p2a: Rgg|29\/100\n|move|p2a: Rgg|Drain Punch|p1a: Heatran\n|-supereffective|p1a: Heatran\n|-damage|p1a: Heatran|3\/100\n|-heal|p2a: Rgg|48\/100|[from] drain|[of] p1a: Heatran\n|\n|-damage|p2a: Rgg|36\/100|[from] move: Magma Storm|[partiallytrapped]\n|-end|p2a: Rgg|Slow Start\n|upkeep\n|turn|8\n|\n|t:|1662641023\n|move|p2a: Rgg|Knock Off|p1a: Heatran\n|-damage|p1a: Heatran|0 fnt\n|faint|p1a: Heatran\n|\n|-end|p2a: Rgg|Magma Storm|[partiallytrapped]|[silent]\n|upkeep\n|\n|t:|1662641031\n|switch|p1a: Latios|Latios, M|100\/100\n|turn|9\n|\n|t:|1662641034\n|move|p1a: Latios|Draco Meteor|p2a: Rgg\n|-damage|p2a: Rgg|2\/100\n|-unboost|p1a: Latios|spa|2\n|move|p2a: Rgg|Knock Off|p1a: Latios\n|-supereffective|p1a: Latios\n|-damage|p1a: Latios|0 fnt\n|-enditem|p1a: Latios|Choice Scarf|[from] move: Knock Off|[of] p2a: Rgg\n|faint|p1a: Latios\n|\n|upkeep\n|-message|average lando fan forfeited.\n|\n|win|RggV_YT\n|raw|average lando fan's rating: 1601 &rarr; <strong>1581<\/strong><br \/>(-20 for losing)\n|raw|RggV_YT's rating: 1601 &rarr; <strong>1621<\/strong><br \/>(+20 for winning)\n|l|\u2606average lando fan\n|l|\u2606RggV_YT\n","uploadtime":1662641049,"views":48,"p1id":"averagelandofan","p2id":"rggvyt","formatid":"gen8ou","rating":1581,"private":0,"password":null}