{"id":"gen8ubers-1605882310","p1":"rvshty","p2":"Turn 2","format":"gen8ubers","log":"|j|\u2606rvshty\n|j|\u2606Turn 2\n|t:|1656410383\n|gametype|singles\n|player|p1|rvshty|bill-gen3|1159\n|player|p2|Turn 2|roxie|1059\n|teamsize|p1|6\n|teamsize|p2|6\n|gen|8\n|tier|[Gen 8] Ubers\n|rated|\n|rule|Sleep Clause Mod: Limit one foe put to sleep\n|rule|Species Clause: Limit one of each Pok\u00e9mon\n|rule|OHKO Clause: OHKO moves are banned\n|rule|Evasion Moves Clause: Evasion moves are banned\n|rule|Endless Battle Clause: Forcing endless battles is banned\n|rule|HP Percentage Mod: HP is shown in percentages\n|rule|Dynamax Clause: You cannot dynamax\n|clearpoke\n|poke|p1|Spectrier|\n|poke|p1|Calyrex-Shadow|\n|poke|p1|Yveltal|\n|poke|p1|Necrozma-Dusk-Mane|\n|poke|p1|Eternatus|\n|poke|p1|Tangrowth, M|\n|poke|p2|Victini|\n|poke|p2|Accelgor, F|\n|poke|p2|Azelf|\n|poke|p2|Calyrex-Shadow|\n|poke|p2|Landorus-Therian, M|\n|poke|p2|Dracovish|\n|teampreview\n|inactive|Battle timer is ON: inactive players will automatically lose when time's up. (requested by Turn 2)\n|c|\u2606rvshty|HI LOL\n|\n|t:|1656410405\n|start\n|switch|p1a: HI LOL|Necrozma-Dusk-Mane, shiny|100\/100\n|switch|p2a: Victini|Victini|100\/100\n|turn|1\n|\n|t:|1656410414\n|move|p2a: Victini|Final Gambit|p1a: HI LOL\n|-damage|p1a: HI LOL|0 fnt\n|faint|p2a: Victini\n|faint|p1a: HI LOL\n|\n|upkeep\n|c|\u2606Turn 2|Lol\n|c|\u2606rvshty|any fire move prob wouldve done you good\n|c|\u2606rvshty|but ok\n|\n|t:|1656410437\n|switch|p2a: Azelf|Azelf|100\/100\n|switch|p1a: BRO REALLY LOL|Yveltal, shiny|100\/100\n|-ability|p1a: BRO REALLY LOL|Dark Aura\n|turn|2\n|\n|t:|1656410443\n|move|p2a: Azelf|Explosion|p1a: BRO REALLY LOL\n|-damage|p1a: BRO REALLY LOL|35\/100\n|faint|p2a: Azelf\n|move|p1a: BRO REALLY LOL|Knock Off|p2: Azelf|[notarget]\n|-fail|p1a: BRO REALLY LOL\n|\n|upkeep\n|\n|t:|1656410450\n|switch|p2a: Dracovish|Dracovish|100\/100\n|turn|3\n|c|\u2606rvshty|wait i sense a theme here\n|\n|t:|1656410459\n|move|p2a: Dracovish|Fishious Rend|p1a: BRO REALLY LOL\n|-damage|p1a: BRO REALLY LOL|0 fnt\n|faint|p1a: BRO REALLY LOL\n|\n|upkeep\n|c|\u2606rvshty|okay cool\n|\n|t:|1656410467\n|switch|p1a: LOL|Tangrowth, M, shiny|100\/100\n|turn|4\n|\n|t:|1656410471\n|switch|p2a: Accelgor|Accelgor, F|100\/100\n|move|p1a: LOL|Sleep Powder|p2a: Accelgor\n|-status|p2a: Accelgor|slp|[from] move: Sleep Powder\n|\n|upkeep\n|turn|5\n|\n|t:|1656410479\n|cant|p2a: Accelgor|slp\n|move|p1a: LOL|Knock Off|p2a: Accelgor\n|-damage|p2a: Accelgor|58\/100 slp\n|-enditem|p2a: Accelgor|Focus Sash|[from] move: Knock Off|[of] p1a: LOL\n|\n|upkeep\n|turn|6\n|\n|t:|1656410488\n|switch|p1a: HEY BUDDY LOL|Eternatus|100\/100\n|-ability|p1a: HEY BUDDY LOL|Pressure\n|cant|p2a: Accelgor|slp\n|\n|upkeep\n|turn|7\n|\n|t:|1656410496\n|-curestatus|p2a: Accelgor|slp|[msg]\n|move|p2a: Accelgor|Final Gambit|p1a: HEY BUDDY LOL\n|-damage|p1a: HEY BUDDY LOL|57\/100\n|faint|p2a: Accelgor\n|move|p1a: HEY BUDDY LOL|Mystical Fire|p2: Accelgor|[notarget]\n|-fail|p1a: HEY BUDDY LOL\n|\n|-heal|p1a: HEY BUDDY LOL|63\/100|[from] item: Black Sludge\n|upkeep\n|\n|t:|1656410511\n|switch|p2a: Dracovish|Dracovish|100\/100\n|turn|8\n|\n|t:|1656410519\n|switch|p1a: LOL|Tangrowth, M, shiny|100\/100\n|move|p2a: Dracovish|Psychic Fangs|p1a: LOL\n|-damage|p1a: LOL|81\/100\n|-damage|p2a: Dracovish|84\/100|[from] item: Rocky Helmet|[of] p1a: LOL\n|\n|upkeep\n|turn|9\n|\n|t:|1656410527\n|switch|p2a: Landorus|Landorus-Therian, M|100\/100\n|-ability|p2a: Landorus|Intimidate|boost\n|-unboost|p1a: LOL|atk|1\n|move|p1a: LOL|Sleep Powder|p2a: Landorus\n|-status|p2a: Landorus|slp|[from] move: Sleep Powder\n|\n|upkeep\n|turn|10\n|\n|t:|1656410535\n|switch|p2a: Calyrex|Calyrex-Shadow|100\/100\n|-ability|p2a: Calyrex|As One\n|-ability|p2a: Calyrex|Unnerve\n|move|p1a: LOL|Knock Off|p2a: Calyrex\n|-supereffective|p2a: Calyrex\n|-damage|p2a: Calyrex|29\/100\n|-enditem|p2a: Calyrex|Choice Scarf|[from] move: Knock Off|[of] p1a: LOL\n|\n|upkeep\n|turn|11\n|\n|t:|1656410546\n|move|p2a: Calyrex|Astral Barrage|p1a: LOL\n|-damage|p1a: LOL|0 fnt\n|faint|p1a: LOL\n|-ability|p2a: Calyrex|Grim Neigh|boost\n|-boost|p2a: Calyrex|spa|1\n|\n|upkeep\n|\n|t:|1656410553\n|switch|p1a: AW NAH LOL|Calyrex-Shadow|100\/100\n|-ability|p1a: AW NAH LOL|As One\n|-ability|p1a: AW NAH LOL|Unnerve\n|turn|12\n|c|\u2606rvshty|NO\n|\n|t:|1656410561\n|move|p1a: AW NAH LOL|Astral Barrage|p2a: Calyrex\n|-supereffective|p2a: Calyrex\n|-damage|p2a: Calyrex|0 fnt\n|faint|p2a: Calyrex\n|-ability|p1a: AW NAH LOL|Grim Neigh|boost\n|-boost|p1a: AW NAH LOL|spa|1\n|\n|upkeep\n|c|\u2606rvshty|NO!!!!!\n|\n|t:|1656410569\n|switch|p2a: Dracovish|Dracovish|84\/100\n|turn|13\n|\n|t:|1656410573\n|move|p1a: AW NAH LOL|Astral Barrage|p2a: Dracovish\n|-damage|p2a: Dracovish|0 fnt\n|faint|p2a: Dracovish\n|-ability|p1a: AW NAH LOL|Grim Neigh|boost\n|-boost|p1a: AW NAH LOL|spa|1\n|\n|upkeep\n|c|\u2606rvshty|I SAID NO MORE!!!\n|c|\u2606Turn 2|Gg\n|\n|t:|1656410582\n|switch|p2a: Landorus|Landorus-Therian, M|100\/100 slp\n|-ability|p2a: Landorus|Intimidate|boost\n|-unboost|p1a: AW NAH LOL|atk|1\n|turn|14\n|c|\u2606rvshty|hahaha gg\n|c|\u2606Turn 2|Your poke is scarf?\n|\n|t:|1656410607\n|move|p1a: AW NAH LOL|Astral Barrage|p2a: Landorus\n|-damage|p2a: Landorus|0 fnt\n|faint|p2a: Landorus\n|\n|win|rvshty\n|raw|rvshty's rating: 1159 &rarr; <strong>1177<\/strong><br \/>(+18 for winning)\n|raw|Turn 2's rating: 1059 &rarr; <strong>1045<\/strong><br \/>(-14 for losing)\n","uploadtime":1656410616,"views":7,"p1id":"rvshty","p2id":"turn2","formatid":"gen8ubers","rating":1045,"private":0,"password":null}