{"id":"gen8mixandmega-1665162686","p1":"placuszek","p2":"Faygos","format":"gen8mixandmega","log":"|j|\u2606placuszek\n|j|\u2606Faygos\n|t:|1663269697\n|gametype|singles\n|player|p1|placuszek|preschooler|\n|player|p2|Faygos|266|\n|teamsize|p1|6\n|teamsize|p2|6\n|gen|8\n|tier|[Gen 8] Mix and Mega\n|rated|Tournament battle\n|rule|Species Clause: Limit one of each Pok\u00e9mon\n|rule|OHKO Clause: OHKO moves are banned\n|rule|Evasion Moves Clause: Evasion moves are banned\n|rule|Endless Battle Clause: Forcing endless battles is banned\n|rule|Dynamax Clause: You cannot dynamax\n|rule|HP Percentage Mod: HP is shown in percentages\n|rule|Sleep Clause Mod: Limit one foe put to sleep\n|clearpoke\n|poke|p1|Pheromosa|\n|poke|p1|Zapdos|\n|poke|p1|Slowbro, M|\n|poke|p1|Solgaleo|\n|poke|p1|Eternatus|\n|poke|p1|Zygarde|\n|poke|p2|Entei|\n|poke|p2|Lunala|\n|poke|p2|Eternatus|\n|poke|p2|Swampert, M|\n|poke|p2|Xerneas-*|\n|poke|p2|Lapras, M|\n|teampreview\n|j|%Iolanthe\n|inactive|Battle timer is ON: inactive players will automatically lose when time's up. (requested by Faygos)\n|c|\u2606placuszek|glhf\n|c|\u2606Faygos|yt\n|inactive|Faygos has 120 seconds left.\n|\n|t:|1663269740\n|start\n|switch|p1a: Pheromosa|Pheromosa|100\/100\n|switch|p2a: Swampert|Swampert, M|100\/100\n|turn|1\n|l|%Iolanthe\n|\n|t:|1663269744\n|detailschange|p1a: Pheromosa|Pheromosa\n|-mega|p1a: Pheromosa|Pheromosa|Aerodactylite\n|-start|p1a: Pheromosa|Aerodactylite|[silent]\n|detailschange|p2a: Swampert|Swampert, M\n|-mega|p2a: Swampert|Swampert|Sablenite\n|-start|p2a: Swampert|Sablenite|[silent]\n|move|p1a: Pheromosa|U-turn|p2a: Swampert\n|-damage|p2a: Swampert|69\/100\n|\n|t:|1663269750\n|-end|p1a: Pheromosa|Aerodactylite|[silent]\n|switch|p1a: Confused|Slowbro, M|100\/100|[from]move: U-turn\n|move|p2a: Swampert|Stealth Rock|p1a: Confused\n|-sidestart|p1: placuszek|move: Stealth Rock\n|\n|upkeep\n|turn|2\n|\n|t:|1663269754\n|move|p2a: Swampert|Flip Turn|p1a: Confused\n|-resisted|p1a: Confused\n|-damage|p1a: Confused|93\/100\n|\n|t:|1663269757\n|-end|p2a: Swampert|Sablenite|[silent]\n|switch|p2a: Eternatus|Eternatus|100\/100|[from]move: Flip Turn\n|-ability|p2a: Eternatus|Pressure\n|move|p1a: Confused|Scald|p2a: Eternatus\n|-resisted|p2a: Eternatus\n|-damage|p2a: Eternatus|90\/100\n|\n|upkeep\n|turn|3\n|\n|t:|1663269763\n|switch|p1a: Solgaleo|Solgaleo|100\/100\n|-damage|p1a: Solgaleo|94\/100|[from] Stealth Rock\n|move|p2a: Eternatus|Reflect|p2a: Eternatus\n|-sidestart|p2: Faygos|Reflect\n|\n|upkeep\n|turn|4\n|\n|t:|1663269766\n|detailschange|p1a: Solgaleo|Solgaleo\n|-mega|p1a: Solgaleo|Solgaleo|Latiasite\n|-start|p1a: Solgaleo|Latiasite|[silent]\n|move|p2a: Eternatus|Light Screen|p2a: Eternatus\n|-sidestart|p2: Faygos|move: Light Screen\n|move|p1a: Solgaleo|Teleport|p1a: Solgaleo\n|\n|t:|1663269769\n|-end|p1a: Solgaleo|Latiasite|[silent]\n|switch|p1a: Zapdos|Zapdos|100\/100|[from]move: Teleport\n|-damage|p1a: Zapdos|76\/100|[from] Stealth Rock\n|-ability|p1a: Zapdos|Pressure\n|\n|upkeep\n|turn|5\n|\n|t:|1663269773\n|switch|p2a: Lunala|Lunala|100\/100\n|detailschange|p1a: Zapdos|Zapdos\n|-mega|p1a: Zapdos|Zapdos|Slowbronite\n|-start|p1a: Zapdos|Slowbronite|[silent]\n|move|p1a: Zapdos|Defog|p2a: Lunala\n|-unboost|p2a: Lunala|evasion|1\n|-sideend|p2: Faygos|Reflect\n|-sideend|p2: Faygos|move: Light Screen\n|-sideend|p1: placuszek|Stealth Rock|[from] move: Defog|[of] p1a: Zapdos\n|\n|upkeep\n|turn|6\n|j| oaklies\n|\n|t:|1663269777\n|-end|p1a: Zapdos|Slowbronite|[silent]\n|switch|p1a: Zygarde|Zygarde|100\/100\n|move|p2a: Lunala|Agility|p2a: Lunala\n|-boost|p2a: Lunala|spe|2\n|\n|upkeep\n|turn|7\n|\n|t:|1663269779\n|move|p2a: Lunala|Meteor Beam||[still]\n|-prepare|p2a: Lunala|Meteor Beam\n|-boost|p2a: Lunala|spa|1\n|-enditem|p2a: Lunala|Power Herb\n|-anim|p2a: Lunala|Meteor Beam|p1a: Zygarde\n|-resisted|p1a: Zygarde\n|-damage|p1a: Zygarde|72\/100\n|move|p1a: Zygarde|Dragon Tail|p2a: Lunala\n|-damage|p2a: Lunala|92\/100\n|drag|p2a: Lapras|Lapras, M|100\/100\n|\n|-heal|p1a: Zygarde|78\/100|[from] item: Leftovers\n|upkeep\n|turn|8\n|c| oaklies|gl cuties\n|c|\u2606placuszek|uwu owoaklies\n|\n|t:|1663269794\n|switch|p1a: Solgaleo|Solgaleo|94\/100\n|-start|p1a: Solgaleo|Latiasite|[silent]\n|move|p2a: Lapras|Dragon Dance|p2a: Lapras\n|-boost|p2a: Lapras|atk|1\n|-boost|p2a: Lapras|spe|1\n|\n|upkeep\n|turn|9\n|\n|t:|1663269800\n|detailschange|p2a: Lapras|Lapras, M\n|-mega|p2a: Lapras|Lapras|Scizorite\n|-start|p2a: Lapras|Scizorite|[silent]\n|move|p2a: Lapras|Dragon Dance|p2a: Lapras\n|-boost|p2a: Lapras|atk|1\n|-boost|p2a: Lapras|spe|1\n|move|p1a: Solgaleo|Doom Desire|p2a: Lapras\n|-start|p1a: Solgaleo|Doom Desire\n|\n|upkeep\n|turn|10\n|\n|t:|1663269804\n|-end|p1a: Solgaleo|Latiasite|[silent]\n|switch|p1a: Confused|Slowbro, M|100\/100\n|move|p2a: Lapras|Surging Strikes|p1a: Confused\n|-resisted|p1a: Confused\n|-crit|p1a: Confused\n|-damage|p1a: Confused|86\/100\n|-resisted|p1a: Confused\n|-crit|p1a: Confused\n|-damage|p1a: Confused|70\/100\n|-resisted|p1a: Confused\n|-crit|p1a: Confused\n|-damage|p1a: Confused|55\/100\n|-hitcount|p1a: Confused|3\n|\n|upkeep\n|turn|11\n|\n|t:|1663269811\n|-end|p2a: Lapras|Scizorite|[silent]\n|switch|p2a: Swampert|Swampert, M|69\/100\n|-start|p2a: Swampert|Sablenite|[silent]\n|detailschange|p1a: Confused|Slowbro, M\n|-mega|p1a: Confused|Slowbro|Sablenite\n|-start|p1a: Confused|Sablenite|[silent]\n|move|p1a: Confused|Slack Off|p1a: Confused\n|-heal|p1a: Confused|100\/100\n|\n|-end|p2a: Swampert|move: Doom Desire\n|-resisted|p2a: Swampert\n|-damage|p2a: Swampert|50\/100\n|upkeep\n|turn|12\n|\n|t:|1663269814\n|move|p2a: Swampert|Shore Up|p2a: Swampert\n|-heal|p2a: Swampert|99\/100\n|move|p1a: Confused|Calm Mind|p1a: Confused\n|-boost|p1a: Confused|spa|1\n|-boost|p1a: Confused|spd|1\n|\n|upkeep\n|turn|13\n|\n|t:|1663269817\n|move|p2a: Swampert|Flip Turn|p1a: Confused\n|-resisted|p1a: Confused\n|-damage|p1a: Confused|95\/100\n|\n|t:|1663269822\n|-end|p2a: Swampert|Sablenite|[silent]\n|switch|p2a: Eternatus|Eternatus|90\/100|[from]move: Flip Turn\n|-ability|p2a: Eternatus|Pressure\n|move|p1a: Confused|Scald|p2a: Eternatus\n|-resisted|p2a: Eternatus\n|-damage|p2a: Eternatus|72\/100\n|\n|upkeep\n|turn|14\n|\n|t:|1663269825\n|move|p2a: Eternatus|Light Screen|p2a: Eternatus\n|-sidestart|p2: Faygos|move: Light Screen\n|move|p1a: Confused|Ice Beam|p2a: Eternatus\n|-supereffective|p2a: Eternatus\n|-damage|p2a: Eternatus|46\/100\n|-status|p2a: Eternatus|frz\n|\n|upkeep\n|turn|15\n|c|\u2606placuszek|sorry\n|\n|t:|1663269831\n|switch|p2a: Lunala|Lunala|92\/100\n|move|p1a: Confused|Calm Mind|p1a: Confused\n|-boost|p1a: Confused|spa|1\n|-boost|p1a: Confused|spd|1\n|\n|upkeep\n|turn|16\n|\n|t:|1663269836\n|-end|p1a: Confused|Sablenite|[silent]\n|switch|p1a: Zygarde|Zygarde|78\/100\n|move|p2a: Lunala|Moongeist Beam|p1a: Zygarde\n|-damage|p1a: Zygarde|36\/100\n|\n|-heal|p1a: Zygarde|42\/100|[from] item: Leftovers\n|-activate|p1a: Zygarde|ability: Power Construct\n|detailschange|p1a: Zygarde|Zygarde-Complete\n|-heal|p1a: Zygarde|62\/100|[silent]\n|upkeep\n|turn|17\n|\n|t:|1663269841\n|move|p2a: Lunala|Moongeist Beam|p1a: Zygarde\n|-crit|p1a: Zygarde\n|-damage|p1a: Zygarde|20\/100\n|move|p1a: Zygarde|Shore Up|p1a: Zygarde\n|-heal|p1a: Zygarde|70\/100\n|\n|-heal|p1a: Zygarde|76\/100|[from] item: Leftovers\n|upkeep\n|turn|18\n|\n|t:|1663269847\n|switch|p2a: Xerneas|Xerneas|100\/100\n|-ability|p2a: Xerneas|Fairy Aura\n|move|p1a: Zygarde|Shore Up|p1a: Zygarde\n|-heal|p1a: Zygarde|100\/100\n|\n|upkeep\n|turn|19\n|\n|t:|1663269855\n|switch|p1a: Solgaleo|Solgaleo|94\/100\n|-start|p1a: Solgaleo|Latiasite|[silent]\n|move|p2a: Xerneas|Geomancy||[still]\n|-prepare|p2a: Xerneas|Geomancy\n|-enditem|p2a: Xerneas|Power Herb\n|-anim|p2a: Xerneas|Geomancy|p2a: Xerneas\n|-boost|p2a: Xerneas|spa|2\n|-boost|p2a: Xerneas|spd|2\n|-boost|p2a: Xerneas|spe|2\n|\n|upkeep\n|turn|20\n|\n|t:|1663269863\n|move|p2a: Xerneas|Substitute|p2a: Xerneas\n|-start|p2a: Xerneas|Substitute\n|-damage|p2a: Xerneas|76\/100\n|move|p1a: Solgaleo|Doom Desire|p2a: Xerneas\n|-start|p1a: Solgaleo|Doom Desire\n|\n|upkeep\n|turn|21\n|\n|t:|1663269867\n|move|p2a: Xerneas|Thunder|p1a: Solgaleo\n|-damage|p1a: Solgaleo|43\/100\n|move|p1a: Solgaleo|Freezing Glare|p2a: Xerneas\n|-activate|p2a: Xerneas|move: Substitute|[damage]\n|\n|-sideend|p2: Faygos|move: Light Screen\n|upkeep\n|turn|22\n|\n|t:|1663269875\n|-end|p1a: Solgaleo|Latiasite|[silent]\n|switch|p1a: Zygarde|Zygarde-Complete|100\/100\n|move|p2a: Xerneas|Thunder|p1a: Zygarde\n|-immune|p1a: Zygarde\n|\n|-end|p2a: Xerneas|move: Doom Desire\n|-supereffective|p2a: Xerneas\n|-end|p2a: Xerneas|Substitute\n|upkeep\n|turn|23\n|\n|t:|1663269879\n|switch|p1a: Eternatus|Eternatus|100\/100\n|-ability|p1a: Eternatus|Pressure\n|move|p2a: Xerneas|Moonblast|p1a: Eternatus\n|-damage|p1a: Eternatus|0 fnt\n|faint|p1a: Eternatus\n|\n|upkeep\n|\n|t:|1663269884\n|switch|p1a: Solgaleo|Solgaleo|43\/100\n|-start|p1a: Solgaleo|Latiasite|[silent]\n|turn|24\n|\n|t:|1663269886\n|move|p2a: Xerneas|Thunder|p1a: Solgaleo|[miss]\n|-miss|p2a: Xerneas|p1a: Solgaleo\n|move|p1a: Solgaleo|Morning Sun|p1a: Solgaleo\n|-heal|p1a: Solgaleo|93\/100\n|\n|upkeep\n|turn|25\n|\n|t:|1663269888\n|move|p2a: Xerneas|Thunder|p1a: Solgaleo\n|-damage|p1a: Solgaleo|41\/100\n|-status|p1a: Solgaleo|par\n|cant|p1a: Solgaleo|par\n|\n|upkeep\n|turn|26\n|c|\u2606Faygos|mb\n|\n|t:|1663269895\n|move|p2a: Xerneas|Thunder|p1a: Solgaleo\n|-damage|p1a: Solgaleo|0 fnt\n|faint|p1a: Solgaleo\n|\n|upkeep\n|\n|t:|1663269899\n|switch|p1a: Zapdos|Zapdos|76\/100\n|-start|p1a: Zapdos|Slowbronite|[silent]\n|turn|27\n|c|\u2606placuszek|this team so bad\n|\n|t:|1663269904\n|move|p2a: Xerneas|Substitute|p2a: Xerneas\n|-start|p2a: Xerneas|Substitute\n|-damage|p2a: Xerneas|51\/100\n|move|p1a: Zapdos|Thunder Cage|p2a: Xerneas\n|-activate|p2a: Xerneas|move: Substitute|[damage]\n|\n|upkeep\n|turn|28\n|\n|t:|1663269906\n|move|p2a: Xerneas|Moonblast|p1a: Zapdos\n|-damage|p1a: Zapdos|0 fnt\n|faint|p1a: Zapdos\n|\n|upkeep\n|\n|t:|1663269908\n|switch|p1a: Pheromosa|Pheromosa|100\/100\n|-start|p1a: Pheromosa|Aerodactylite|[silent]\n|turn|29\n|\n|t:|1663269910\n|move|p2a: Xerneas|Moonblast|p1a: Pheromosa\n|-supereffective|p1a: Pheromosa\n|-damage|p1a: Pheromosa|0 fnt\n|faint|p1a: Pheromosa\n|\n|upkeep\n|\n|t:|1663269911\n|switch|p1a: Confused|Slowbro, M|95\/100\n|-start|p1a: Confused|Sablenite|[silent]\n|turn|30\n|\n|t:|1663269912\n|move|p2a: Xerneas|Moonblast|p1a: Confused\n|-damage|p1a: Confused|0 fnt\n|faint|p1a: Confused\n|\n|upkeep\n|\n|t:|1663269915\n|switch|p1a: Zygarde|Zygarde-Complete|100\/100\n|turn|31\n|\n|t:|1663269916\n|move|p2a: Xerneas|Moonblast|p1a: Zygarde\n|-supereffective|p1a: Zygarde\n|-damage|p1a: Zygarde|0 fnt\n|faint|p1a: Zygarde\n|\n|win|Faygos\n|n|\u2606placuszek|placuszek\n|n|\u2606Faygos|faygos\n|n| oaklies|oaklies\n","uploadtime":1663269917,"views":25,"p1id":"placuszek","p2id":"faygos","formatid":"gen8mixandmega","rating":0,"private":0,"password":null}