{"id":"gen8nationaldex-1604870556","p1":"fishy8995","p2":"yaohui sama","format":"gen8nationaldex","log":"|j|\u2606fishy8995\n|j|\u2606yaohui sama\n|t:|1656283112\n|gametype|singles\n|player|p1|fishy8995|169|1658\n|player|p2|yaohui sama|2|1749\n|teamsize|p1|6\n|teamsize|p2|6\n|gen|8\n|tier|[Gen 8] National Dex\n|rated|\n|rule|HP Percentage Mod: HP is shown in percentages\n|rule|Endless Battle Clause: Forcing endless battles is banned\n|rule|OHKO Clause: OHKO moves are banned\n|rule|Evasion Moves Clause: Evasion moves are banned\n|rule|Species Clause: Limit one of each Pok\u00e9mon\n|rule|Dynamax Clause: You cannot dynamax\n|rule|Sleep Clause Mod: Limit one foe put to sleep\n|clearpoke\n|poke|p1|Hippowdon, F|\n|poke|p1|Tyranitar, F|\n|poke|p1|Excadrill, F|\n|poke|p1|Yanmega, F|\n|poke|p1|Toxapex, M|\n|poke|p1|Dracozolt|\n|poke|p2|Venusaur, F|\n|poke|p2|Chansey, F|\n|poke|p2|Skarmory, M|\n|poke|p2|Keldeo-Resolute|\n|poke|p2|Bisharp, M|\n|poke|p2|Heatran, F|\n|teampreview\n|j| Publix Lemonade\n|\n|t:|1656283134\n|start\n|switch|p1a: Hippowdon|Hippowdon, F|100\/100\n|switch|p2a: Keldeo|Keldeo-Resolute|100\/100\n|-weather|Sandstorm|[from] ability: Sand Stream|[of] p1a: Hippowdon\n|turn|1\n|\n|t:|1656283136\n|move|p2a: Keldeo|Substitute|p2a: Keldeo\n|-start|p2a: Keldeo|Substitute\n|-damage|p2a: Keldeo|76\/100\n|move|p1a: Hippowdon|Whirlwind|p2a: Keldeo\n|drag|p2a: Chansey|Chansey, F|100\/100\n|\n|-weather|Sandstorm|[upkeep]\n|-damage|p2a: Chansey|94\/100|[from] Sandstorm\n|upkeep\n|turn|2\n|\n|t:|1656283140\n|move|p2a: Chansey|Stealth Rock|p1a: Hippowdon\n|-sidestart|p1: fishy8995|move: Stealth Rock\n|move|p1a: Hippowdon|Toxic|p2a: Chansey\n|-status|p2a: Chansey|tox\n|\n|-weather|Sandstorm|[upkeep]\n|-damage|p2a: Chansey|88\/100 tox|[from] Sandstorm\n|-damage|p2a: Chansey|82\/100 tox|[from] psn\n|upkeep\n|turn|3\n|\n|t:|1656283142\n|move|p2a: Chansey|Toxic|p1a: Hippowdon|[miss]\n|-miss|p2a: Chansey|p1a: Hippowdon\n|move|p1a: Hippowdon|Stealth Rock|p2a: Chansey\n|-sidestart|p2: yaohui sama|move: Stealth Rock\n|\n|-weather|Sandstorm|[upkeep]\n|-damage|p2a: Chansey|76\/100 tox|[from] Sandstorm\n|-damage|p2a: Chansey|64\/100 tox|[from] psn\n|upkeep\n|turn|4\n|\n|t:|1656283157\n|-curestatus|p2a: Chansey|tox|[from] ability: Natural Cure\n|switch|p2a: Skarmory|Skarmory, M|100\/100\n|-damage|p2a: Skarmory|88\/100|[from] Stealth Rock\n|switch|p1a: Yanmega|Yanmega, F|100\/100\n|\n|-weather|Sandstorm|[upkeep]\n|-damage|p1a: Yanmega|94\/100|[from] Sandstorm\n|upkeep\n|turn|5\n|\n|t:|1656283162\n|switch|p2a: Heatran|Heatran, F|100\/100\n|-damage|p2a: Heatran|88\/100|[from] Stealth Rock\n|move|p1a: Yanmega|Air Slash|p2a: Heatran\n|-resisted|p2a: Heatran\n|-damage|p2a: Heatran|73\/100\n|\n|-weather|Sandstorm|[upkeep]\n|-damage|p1a: Yanmega|88\/100|[from] Sandstorm\n|-heal|p2a: Heatran|79\/100|[from] item: Leftovers\n|-ability|p1a: Yanmega|Speed Boost|boost\n|-boost|p1a: Yanmega|spe|1\n|upkeep\n|turn|6\n|\n|t:|1656283171\n|move|p1a: Yanmega|Detect|p1a: Yanmega\n|-singleturn|p1a: Yanmega|Protect\n|move|p2a: Heatran|Lava Plume|p1a: Yanmega\n|-activate|p1a: Yanmega|move: Protect\n|\n|-weather|Sandstorm|[upkeep]\n|-damage|p1a: Yanmega|82\/100|[from] Sandstorm\n|-heal|p2a: Heatran|85\/100|[from] item: Leftovers\n|-ability|p1a: Yanmega|Speed Boost|boost\n|-boost|p1a: Yanmega|spe|1\n|upkeep\n|turn|7\n|\n|t:|1656283176\n|move|p1a: Yanmega|Defog|p2a: Heatran\n|-unboost|p2a: Heatran|evasion|1\n|-sideend|p2: yaohui sama|Stealth Rock|[from] move: Defog|[of] p1a: Yanmega\n|-sideend|p1: fishy8995|Stealth Rock|[from] move: Defog|[of] p1a: Yanmega\n|move|p2a: Heatran|Lava Plume|p1a: Yanmega\n|-supereffective|p1a: Yanmega\n|-damage|p1a: Yanmega|0 fnt\n|faint|p1a: Yanmega\n|\n|-weather|Sandstorm|[upkeep]\n|-heal|p2a: Heatran|91\/100|[from] item: Leftovers\n|upkeep\n|\n|t:|1656283179\n|switch|p1a: Dracozolt|Dracozolt|100\/100\n|turn|8\n|\n|t:|1656283190\n|switch|p2a: Venusaur|Venusaur, F|100\/100\n|move|p1a: Dracozolt|Bolt Beak|p2a: Venusaur\n|-resisted|p2a: Venusaur\n|-damage|p2a: Venusaur|55\/100\n|-damage|p1a: Dracozolt|91\/100|[from] item: Life Orb\n|\n|-weather|none\n|upkeep\n|turn|9\n|inactive|Battle timer is ON: inactive players will automatically lose when time's up. (requested by yaohui sama)\n|\n|t:|1656283202\n|switch|p1a: Tyranitar|Tyranitar, F|100\/100\n|-weather|Sandstorm|[from] ability: Sand Stream|[of] p1a: Tyranitar\n|detailschange|p2a: Venusaur|Venusaur-Mega, F\n|-mega|p2a: Venusaur|Venusaur|Venusaurite\n|move|p2a: Venusaur|Synthesis|p2a: Venusaur\n|-heal|p2a: Venusaur|80\/100\n|\n|-weather|Sandstorm|[upkeep]\n|-damage|p2a: Venusaur|74\/100|[from] Sandstorm\n|upkeep\n|turn|10\n|\n|t:|1656283208\n|switch|p2a: Skarmory|Skarmory, M|88\/100\n|detailschange|p1a: Tyranitar|Tyranitar-Mega, F\n|-mega|p1a: Tyranitar|Tyranitar|Tyranitarite\n|move|p1a: Tyranitar|Stone Edge|p2a: Skarmory\n|-damage|p2a: Skarmory|53\/100\n|\n|-weather|Sandstorm|[upkeep]\n|upkeep\n|turn|11\n|\n|t:|1656283214\n|move|p2a: Skarmory|Roost|p2a: Skarmory\n|-heal|p2a: Skarmory|100\/100\n|-singleturn|p2a: Skarmory|move: Roost\n|move|p1a: Tyranitar|Fire Blast|p2a: Skarmory\n|-supereffective|p2a: Skarmory\n|-damage|p2a: Skarmory|2\/100\n|\n|-weather|Sandstorm|[upkeep]\n|upkeep\n|turn|12\n|\n|t:|1656283224\n|switch|p2a: Keldeo|Keldeo-Resolute|76\/100\n|switch|p1a: Dracozolt|Dracozolt|91\/100\n|\n|-weather|Sandstorm|[upkeep]\n|-damage|p2a: Keldeo|70\/100|[from] Sandstorm\n|-heal|p2a: Keldeo|76\/100|[from] item: Leftovers\n|upkeep\n|turn|13\n|\n|t:|1656283228\n|switch|p2a: Venusaur|Venusaur-Mega, F|74\/100\n|move|p1a: Dracozolt|Bolt Beak|p2a: Venusaur\n|-resisted|p2a: Venusaur\n|-damage|p2a: Venusaur|41\/100\n|-damage|p1a: Dracozolt|81\/100|[from] item: Life Orb\n|\n|-weather|none\n|upkeep\n|turn|14\n|\n|t:|1656283233\n|move|p1a: Dracozolt|Dragon Claw|p2a: Venusaur\n|-damage|p2a: Venusaur|11\/100\n|-damage|p1a: Dracozolt|71\/100|[from] item: Life Orb\n|move|p2a: Venusaur|Giga Drain|p1a: Dracozolt\n|-resisted|p1a: Dracozolt\n|-damage|p1a: Dracozolt|48\/100\n|-heal|p2a: Venusaur|21\/100|[from] drain|[of] p1a: Dracozolt\n|\n|upkeep\n|turn|15\n|\n|t:|1656283237\n|switch|p2a: Skarmory|Skarmory, M|2\/100\n|move|p1a: Dracozolt|Bolt Beak|p2a: Skarmory\n|-supereffective|p2a: Skarmory\n|-damage|p2a: Skarmory|0 fnt\n|-damage|p1a: Dracozolt|31\/100|[from] item: Rocky Helmet|[of] p2a: Skarmory\n|faint|p2a: Skarmory\n|-damage|p1a: Dracozolt|21\/100|[from] item: Life Orb\n|\n|upkeep\n|\n|t:|1656283240\n|switch|p2a: Keldeo|Keldeo-Resolute|76\/100\n|turn|16\n|\n|t:|1656283243\n|move|p2a: Keldeo|Substitute|p2a: Keldeo\n|-start|p2a: Keldeo|Substitute\n|-damage|p2a: Keldeo|51\/100\n|move|p1a: Dracozolt|Bolt Beak|p2a: Keldeo\n|-supereffective|p2a: Keldeo\n|-end|p2a: Keldeo|Substitute\n|-damage|p1a: Dracozolt|11\/100|[from] item: Life Orb\n|\n|-heal|p2a: Keldeo|57\/100|[from] item: Leftovers\n|upkeep\n|turn|17\n|\n|t:|1656283247\n|move|p2a: Keldeo|Scald|p1a: Dracozolt\n|-resisted|p1a: Dracozolt\n|-damage|p1a: Dracozolt|0 fnt\n|faint|p1a: Dracozolt\n|\n|-heal|p2a: Keldeo|63\/100|[from] item: Leftovers\n|upkeep\n|\n|t:|1656283252\n|switch|p1a: Excadrill|Excadrill, F|100\/100\n|turn|18\n|\n|t:|1656283256\n|move|p2a: Keldeo|Scald|p1a: Excadrill\n|-supereffective|p1a: Excadrill\n|-enditem|p1a: Excadrill|Focus Sash\n|-damage|p1a: Excadrill|1\/100\n|move|p1a: Excadrill|Earthquake|p2a: Keldeo\n|-damage|p2a: Keldeo|0 fnt\n|faint|p2a: Keldeo\n|\n|upkeep\n|\n|t:|1656283263\n|switch|p2a: Bisharp|Bisharp, M|100\/100\n|turn|19\n|\n|t:|1656283266\n|switch|p1a: Hippowdon|Hippowdon, F|100\/100\n|-weather|Sandstorm|[from] ability: Sand Stream|[of] p1a: Hippowdon\n|move|p2a: Bisharp|Sucker Punch||[still]\n|-fail|p2a: Bisharp\n|\n|-weather|Sandstorm|[upkeep]\n|upkeep\n|turn|20\n|\n|t:|1656283272\n|switch|p2a: Chansey|Chansey, F|64\/100\n|move|p1a: Hippowdon|Stealth Rock|p2a: Chansey\n|-sidestart|p2: yaohui sama|move: Stealth Rock\n|\n|-weather|Sandstorm|[upkeep]\n|-damage|p2a: Chansey|58\/100|[from] Sandstorm\n|upkeep\n|turn|21\n|\n|t:|1656283276\n|switch|p1a: Excadrill|Excadrill, F|1\/100\n|move|p2a: Chansey|Stealth Rock|p1a: Excadrill\n|-sidestart|p1: fishy8995|move: Stealth Rock\n|\n|-weather|Sandstorm|[upkeep]\n|-damage|p2a: Chansey|52\/100|[from] Sandstorm\n|upkeep\n|turn|22\n|\n|t:|1656283280\n|move|p1a: Excadrill|Earthquake|p2a: Chansey\n|-damage|p2a: Chansey|13\/100\n|move|p2a: Chansey|Soft-Boiled|p2a: Chansey\n|-heal|p2a: Chansey|63\/100\n|\n|-weather|Sandstorm|[upkeep]\n|-damage|p2a: Chansey|57\/100|[from] Sandstorm\n|upkeep\n|turn|23\n|\n|t:|1656283283\n|move|p1a: Excadrill|Swords Dance|p1a: Excadrill\n|-boost|p1a: Excadrill|atk|2\n|move|p2a: Chansey|Soft-Boiled|p2a: Chansey\n|-heal|p2a: Chansey|100\/100\n|\n|-weather|Sandstorm|[upkeep]\n|-damage|p2a: Chansey|94\/100|[from] Sandstorm\n|upkeep\n|turn|24\n|\n|t:|1656283286\n|switch|p2a: Venusaur|Venusaur-Mega, F|21\/100\n|-damage|p2a: Venusaur|9\/100|[from] Stealth Rock\n|move|p1a: Excadrill|Earthquake|p2a: Venusaur\n|-damage|p2a: Venusaur|0 fnt\n|faint|p2a: Venusaur\n|\n|-weather|Sandstorm|[upkeep]\n|upkeep\n|\n|t:|1656283288\n|switch|p2a: Bisharp|Bisharp, M|100\/100\n|-damage|p2a: Bisharp|95\/100|[from] Stealth Rock\n|turn|25\n|\n|t:|1656283293\n|switch|p1a: Hippowdon|Hippowdon, F|100\/100\n|-damage|p1a: Hippowdon|94\/100|[from] Stealth Rock\n|move|p2a: Bisharp|Sucker Punch||[still]\n|-fail|p2a: Bisharp\n|\n|-weather|Sandstorm|[upkeep]\n|-heal|p2a: Bisharp|100\/100|[from] item: Leftovers\n|upkeep\n|turn|26\n|\n|t:|1656283299\n|move|p2a: Bisharp|Knock Off|p1a: Hippowdon\n|-damage|p1a: Hippowdon|64\/100\n|-enditem|p1a: Hippowdon|Smooth Rock|[from] move: Knock Off|[of] p2a: Bisharp\n|move|p1a: Hippowdon|Whirlwind|p2a: Bisharp\n|drag|p2a: Chansey|Chansey, F|94\/100\n|-damage|p2a: Chansey|82\/100|[from] Stealth Rock\n|\n|-weather|none\n|upkeep\n|turn|27\n|\n|t:|1656283314\n|switch|p1a: Excadrill|Excadrill, F|1\/100\n|-damage|p1a: Excadrill|0 fnt|[from] Stealth Rock\n|faint|p1a: Excadrill\n|move|p2a: Chansey|Toxic|p1: Excadrill|[notarget]\n|-fail|p2a: Chansey\n|\n|upkeep\n|\n|t:|1656283330\n|switch|p1a: Toxapex|Toxapex, M|100\/100\n|-damage|p1a: Toxapex|88\/100|[from] Stealth Rock\n|turn|28\n|\n|t:|1656283334\n|move|p2a: Chansey|Seismic Toss|p1a: Toxapex\n|-damage|p1a: Toxapex|47\/100\n|move|p1a: Toxapex|Stockpile|p1a: Toxapex\n|-start|p1a: Toxapex|stockpile1\n|-boost|p1a: Toxapex|def|1\n|-boost|p1a: Toxapex|spd|1\n|\n|-heal|p1a: Toxapex|53\/100|[from] item: Black Sludge\n|upkeep\n|turn|29\n|\n|t:|1656283337\n|move|p2a: Chansey|Seismic Toss|p1a: Toxapex\n|-damage|p1a: Toxapex|12\/100\n|move|p1a: Toxapex|Recover|p1a: Toxapex\n|-heal|p1a: Toxapex|62\/100\n|\n|-heal|p1a: Toxapex|68\/100|[from] item: Black Sludge\n|upkeep\n|turn|30\n|\n|t:|1656283340\n|move|p2a: Chansey|Seismic Toss|p1a: Toxapex\n|-damage|p1a: Toxapex|27\/100\n|move|p1a: Toxapex|Recover|p1a: Toxapex\n|-heal|p1a: Toxapex|77\/100\n|\n|-heal|p1a: Toxapex|83\/100|[from] item: Black Sludge\n|upkeep\n|turn|31\n|\n|t:|1656283344\n|move|p2a: Chansey|Seismic Toss|p1a: Toxapex\n|-damage|p1a: Toxapex|41\/100\n|move|p1a: Toxapex|Toxic|p2a: Chansey\n|-status|p2a: Chansey|tox\n|\n|-heal|p1a: Toxapex|48\/100|[from] item: Black Sludge\n|-damage|p2a: Chansey|76\/100 tox|[from] psn\n|upkeep\n|turn|32\n|\n|t:|1656283347\n|-curestatus|p2a: Chansey|tox|[from] ability: Natural Cure\n|switch|p2a: Bisharp|Bisharp, M|100\/100\n|-damage|p2a: Bisharp|95\/100|[from] Stealth Rock\n|move|p1a: Toxapex|Recover|p1a: Toxapex\n|-heal|p1a: Toxapex|98\/100\n|\n|-heal|p2a: Bisharp|100\/100|[from] item: Leftovers\n|-heal|p1a: Toxapex|100\/100|[from] item: Black Sludge\n|upkeep\n|turn|33\n|\n|t:|1656283349\n|move|p2a: Bisharp|Knock Off|p1a: Toxapex\n|-damage|p1a: Toxapex|68\/100\n|-enditem|p1a: Toxapex|Black Sludge|[from] move: Knock Off|[of] p2a: Bisharp\n|move|p1a: Toxapex|Scald|p2a: Bisharp\n|-damage|p2a: Bisharp|73\/100\n|\n|-heal|p2a: Bisharp|79\/100|[from] item: Leftovers\n|upkeep\n|turn|34\n|\n|t:|1656283355\n|switch|p2a: Chansey|Chansey, F|76\/100\n|-damage|p2a: Chansey|64\/100|[from] Stealth Rock\n|move|p1a: Toxapex|Scald|p2a: Chansey\n|-damage|p2a: Chansey|58\/100\n|\n|upkeep\n|turn|35\n|\n|t:|1656283360\n|move|p2a: Chansey|Soft-Boiled|p2a: Chansey\n|-heal|p2a: Chansey|100\/100\n|move|p1a: Toxapex|Recover|p1a: Toxapex\n|-heal|p1a: Toxapex|100\/100\n|\n|upkeep\n|turn|36\n|\n|t:|1656283362\n|move|p2a: Chansey|Seismic Toss|p1a: Toxapex\n|-damage|p1a: Toxapex|59\/100\n|move|p1a: Toxapex|Stockpile|p1a: Toxapex\n|-start|p1a: Toxapex|stockpile2\n|-boost|p1a: Toxapex|def|1\n|-boost|p1a: Toxapex|spd|1\n|\n|upkeep\n|turn|37\n|\n|t:|1656283366\n|move|p2a: Chansey|Seismic Toss|p1a: Toxapex\n|-damage|p1a: Toxapex|18\/100\n|move|p1a: Toxapex|Recover|p1a: Toxapex\n|-heal|p1a: Toxapex|68\/100\n|\n|upkeep\n|turn|38\n|\n|t:|1656283368\n|move|p2a: Chansey|Seismic Toss|p1a: Toxapex\n|-damage|p1a: Toxapex|27\/100\n|move|p1a: Toxapex|Recover|p1a: Toxapex\n|-heal|p1a: Toxapex|77\/100\n|\n|upkeep\n|turn|39\n|\n|t:|1656283374\n|move|p2a: Chansey|Seismic Toss|p1a: Toxapex\n|-damage|p1a: Toxapex|35\/100\n|move|p1a: Toxapex|Recover|p1a: Toxapex\n|-heal|p1a: Toxapex|85\/100\n|\n|upkeep\n|turn|40\n|\n|t:|1656283378\n|move|p2a: Chansey|Seismic Toss|p1a: Toxapex\n|-damage|p1a: Toxapex|44\/100\n|move|p1a: Toxapex|Toxic|p2a: Chansey\n|-status|p2a: Chansey|tox\n|\n|-damage|p2a: Chansey|94\/100 tox|[from] psn\n|upkeep\n|turn|41\n|\n|t:|1656283382\n|-curestatus|p2a: Chansey|tox|[from] ability: Natural Cure\n|switch|p2a: Heatran|Heatran, F|91\/100\n|-damage|p2a: Heatran|79\/100|[from] Stealth Rock\n|move|p1a: Toxapex|Recover|p1a: Toxapex\n|-heal|p1a: Toxapex|94\/100\n|\n|-heal|p2a: Heatran|85\/100|[from] item: Leftovers\n|upkeep\n|turn|42\n|\n|t:|1656283388\n|move|p2a: Heatran|Magma Storm|p1a: Toxapex\n|-resisted|p1a: Toxapex\n|-damage|p1a: Toxapex|86\/100\n|-activate|p1a: Toxapex|move: Magma Storm|[of] p2a: Heatran\n|move|p1a: Toxapex|Toxic|p2a: Heatran\n|-immune|p2a: Heatran\n|\n|-heal|p2a: Heatran|91\/100|[from] item: Leftovers\n|-damage|p1a: Toxapex|74\/100|[from] move: Magma Storm|[partiallytrapped]\n|upkeep\n|turn|43\n|\n|t:|1656283392\n|move|p2a: Heatran|Taunt|p1a: Toxapex\n|-start|p1a: Toxapex|move: Taunt\n|cant|p1a: Toxapex|move: Taunt|Recover\n|\n|-heal|p2a: Heatran|98\/100|[from] item: Leftovers\n|-damage|p1a: Toxapex|61\/100|[from] move: Magma Storm|[partiallytrapped]\n|upkeep\n|turn|44\n|\n|t:|1656283395\n|move|p2a: Heatran|Earth Power|p1a: Toxapex\n|-supereffective|p1a: Toxapex\n|-damage|p1a: Toxapex|41\/100\n|move|p1a: Toxapex|Scald|p2a: Heatran\n|-supereffective|p2a: Heatran\n|-damage|p2a: Heatran|71\/100\n|\n|-heal|p2a: Heatran|77\/100|[from] item: Leftovers\n|-damage|p1a: Toxapex|29\/100|[from] move: Magma Storm|[partiallytrapped]\n|upkeep\n|turn|45\n|\n|t:|1656283397\n|move|p2a: Heatran|Lava Plume|p1a: Toxapex\n|-resisted|p1a: Toxapex\n|-damage|p1a: Toxapex|22\/100\n|move|p1a: Toxapex|Scald|p2a: Heatran\n|-supereffective|p2a: Heatran\n|-damage|p2a: Heatran|49\/100\n|\n|-heal|p2a: Heatran|56\/100|[from] item: Leftovers\n|-damage|p1a: Toxapex|10\/100|[from] move: Magma Storm|[partiallytrapped]\n|-end|p1a: Toxapex|move: Taunt\n|upkeep\n|turn|46\n|\n|t:|1656283404\n|move|p2a: Heatran|Earth Power|p1a: Toxapex\n|-supereffective|p1a: Toxapex\n|-damage|p1a: Toxapex|0 fnt\n|faint|p1a: Toxapex\n|\n|-heal|p2a: Heatran|62\/100|[from] item: Leftovers\n|upkeep\n|\n|t:|1656283407\n|switch|p1a: Tyranitar|Tyranitar-Mega, F|100\/100\n|-damage|p1a: Tyranitar|88\/100|[from] Stealth Rock\n|-weather|Sandstorm|[from] ability: Sand Stream|[of] p1a: Tyranitar\n|turn|47\n|\n|t:|1656283414\n|move|p2a: Heatran|Lava Plume|p1a: Tyranitar\n|-resisted|p1a: Tyranitar\n|-damage|p1a: Tyranitar|79\/100\n|move|p1a: Tyranitar|Stone Edge|p2a: Heatran|[miss]\n|-miss|p1a: Tyranitar|p2a: Heatran\n|\n|-weather|Sandstorm|[upkeep]\n|-heal|p2a: Heatran|68\/100|[from] item: Leftovers\n|upkeep\n|turn|48\n|\n|t:|1656283419\n|move|p2a: Heatran|Lava Plume|p1a: Tyranitar\n|-resisted|p1a: Tyranitar\n|-damage|p1a: Tyranitar|68\/100\n|move|p1a: Tyranitar|Stone Edge|p2a: Heatran\n|-damage|p2a: Heatran|14\/100\n|\n|-weather|Sandstorm|[upkeep]\n|-heal|p2a: Heatran|20\/100|[from] item: Leftovers\n|upkeep\n|turn|49\n|\n|t:|1656283422\n|move|p2a: Heatran|Lava Plume|p1a: Tyranitar\n|-resisted|p1a: Tyranitar\n|-damage|p1a: Tyranitar|58\/100\n|move|p1a: Tyranitar|Pursuit|p2a: Heatran\n|-damage|p2a: Heatran|1\/100\n|\n|-weather|Sandstorm|[upkeep]\n|-heal|p2a: Heatran|7\/100|[from] item: Leftovers\n|upkeep\n|turn|50\n|\n|t:|1656283425\n|move|p2a: Heatran|Lava Plume|p1a: Tyranitar\n|-resisted|p1a: Tyranitar\n|-damage|p1a: Tyranitar|48\/100\n|move|p1a: Tyranitar|Pursuit|p2a: Heatran\n|-damage|p2a: Heatran|0 fnt\n|faint|p2a: Heatran\n|\n|-weather|Sandstorm|[upkeep]\n|upkeep\n|\n|t:|1656283430\n|switch|p2a: Chansey|Chansey, F|94\/100\n|-damage|p2a: Chansey|82\/100|[from] Stealth Rock\n|turn|51\n|\n|t:|1656283435\n|move|p1a: Tyranitar|Stone Edge|p2a: Chansey\n|-damage|p2a: Chansey|42\/100\n|move|p2a: Chansey|Soft-Boiled|p2a: Chansey\n|-heal|p2a: Chansey|92\/100\n|\n|-weather|none\n|upkeep\n|turn|52\n|\n|t:|1656283440\n|switch|p1a: Hippowdon|Hippowdon, F|64\/100\n|-damage|p1a: Hippowdon|58\/100|[from] Stealth Rock\n|-weather|Sandstorm|[from] ability: Sand Stream|[of] p1a: Hippowdon\n|move|p2a: Chansey|Soft-Boiled|p2a: Chansey\n|-heal|p2a: Chansey|100\/100\n|\n|-weather|Sandstorm|[upkeep]\n|-damage|p2a: Chansey|94\/100|[from] Sandstorm\n|upkeep\n|turn|53\n|\n|t:|1656283442\n|move|p2a: Chansey|Toxic|p1a: Hippowdon|[miss]\n|-miss|p2a: Chansey|p1a: Hippowdon\n|move|p1a: Hippowdon|Toxic|p2a: Chansey\n|-status|p2a: Chansey|tox\n|\n|-weather|Sandstorm|[upkeep]\n|-damage|p2a: Chansey|88\/100 tox|[from] Sandstorm\n|-damage|p2a: Chansey|82\/100 tox|[from] psn\n|upkeep\n|turn|54\n|\n|t:|1656283450\n|switch|p1a: Tyranitar|Tyranitar-Mega, F|48\/100\n|-damage|p1a: Tyranitar|36\/100|[from] Stealth Rock\n|move|p2a: Chansey|Toxic|p1a: Tyranitar\n|-status|p1a: Tyranitar|tox\n|\n|-weather|Sandstorm|[upkeep]\n|-damage|p2a: Chansey|76\/100 tox|[from] Sandstorm\n|-damage|p1a: Tyranitar|29\/100 tox|[from] psn\n|-damage|p2a: Chansey|64\/100 tox|[from] psn\n|upkeep\n|turn|55\n|\n|t:|1656283456\n|-curestatus|p2a: Chansey|tox|[from] ability: Natural Cure\n|switch|p2a: Bisharp|Bisharp, M|79\/100\n|-damage|p2a: Bisharp|73\/100|[from] Stealth Rock\n|move|p1a: Tyranitar|Fire Blast|p2a: Bisharp\n|-supereffective|p2a: Bisharp\n|-damage|p2a: Bisharp|0 fnt\n|faint|p2a: Bisharp\n|\n|-weather|Sandstorm|[upkeep]\n|-damage|p1a: Tyranitar|17\/100 tox|[from] psn\n|upkeep\n|\n|t:|1656283460\n|switch|p2a: Chansey|Chansey, F|64\/100\n|-damage|p2a: Chansey|51\/100|[from] Stealth Rock\n|turn|56\n|\n|t:|1656283464\n|switch|p1a: Hippowdon|Hippowdon, F|58\/100\n|-damage|p1a: Hippowdon|52\/100|[from] Stealth Rock\n|move|p2a: Chansey|Soft-Boiled|p2a: Chansey\n|-heal|p2a: Chansey|100\/100\n|\n|-weather|none\n|upkeep\n|turn|57\n|\n|t:|1656283466\n|move|p2a: Chansey|Toxic|p1a: Hippowdon\n|-status|p1a: Hippowdon|tox\n|move|p1a: Hippowdon|Toxic|p2a: Chansey\n|-status|p2a: Chansey|tox\n|\n|-damage|p2a: Chansey|94\/100 tox|[from] psn\n|-damage|p1a: Hippowdon|46\/100 tox|[from] psn\n|upkeep\n|turn|58\n|\n|t:|1656283470\n|move|p2a: Chansey|Seismic Toss|p1a: Hippowdon\n|-damage|p1a: Hippowdon|22\/100 tox\n|move|p1a: Hippowdon|Slack Off|p1a: Hippowdon\n|-heal|p1a: Hippowdon|72\/100 tox\n|\n|-damage|p2a: Chansey|82\/100 tox|[from] psn\n|-damage|p1a: Hippowdon|60\/100 tox|[from] psn\n|upkeep\n|turn|59\n|\n|t:|1656283473\n|move|p2a: Chansey|Seismic Toss|p1a: Hippowdon\n|-damage|p1a: Hippowdon|36\/100 tox\n|move|p1a: Hippowdon|Slack Off|p1a: Hippowdon\n|-heal|p1a: Hippowdon|86\/100 tox\n|\n|-damage|p2a: Chansey|64\/100 tox|[from] psn\n|-damage|p1a: Hippowdon|67\/100 tox|[from] psn\n|upkeep\n|turn|60\n|-message|yaohui sama forfeited.\n|\n|win|fishy8995\n|raw|fishy8995's rating: 1658 &rarr; <strong>1683<\/strong><br \/>(+25 for winning)\n|raw|yaohui sama's rating: 1749 &rarr; <strong>1724<\/strong><br \/>(-25 for losing)\n|l|\u2606yaohui sama\n","uploadtime":1656283482,"views":4,"p1id":"fishy8995","p2id":"yaohuisama","formatid":"gen8nationaldex","rating":1683,"private":0,"password":null}