{"id":"gen8purehackmons-1706956981","p1":"Lectrys","p2":"Tanny89k","format":"gen8purehackmons","log":"|j|\u2606Lectrys\n|j|\u2606Tanny89k\n|inactive|Battle timer is ON: inactive players will automatically lose when time's up.\n|t:|1668036201\n|gametype|singles\n|player|p1|Lectrys|flannery|\n|player|p2|Tanny89k|nate|\n|teamsize|p1|6\n|teamsize|p2|6\n|gen|8\n|tier|[Gen 8] Pure Hackmons\n|rated|Tournament battle\n|rule|HP Percentage Mod: HP is shown in percentages\n|rule|Endless Battle Clause: Forcing endless battles is banned\n|clearpoke\n|poke|p1|Regieleki|\n|poke|p1|Eternatus-Eternamax|\n|poke|p1|Eternatus-Eternamax|\n|poke|p1|Spiritomb, M|\n|poke|p1|Landorus-Therian, M|\n|poke|p1|Cramorant-Gorging, M|\n|poke|p2|Eternatus-Eternamax|\n|poke|p2|Eternatus-Eternamax|\n|poke|p2|Yveltal|\n|poke|p2|Giratina|\n|poke|p2|Eiscue, F|\n|poke|p2|Eternatus-Eternamax|\n|teampreview\n|c|\u2606Tanny89k|Glhf\n|\n|t:|1668036221\n|start\n|switch|p1a: Regieleki|Regieleki|100\/100\n|switch|p2a: Eternatus|Eternatus-Eternamax|100\/100\n|-ability|p1a: Regieleki|Neutralizing Gas\n|-ability|p2a: Eternatus|Neutralizing Gas\n|turn|1\n|\n|t:|1668036229\n|move|p1a: Regieleki|Lovely Kiss|p2a: Eternatus\n|-status|p2a: Eternatus|slp|[from] move: Lovely Kiss\n|cant|p2a: Eternatus|slp\n|\n|upkeep\n|turn|2\n|\n|t:|1668036238\n|switch|p2a: Yveltal|Yveltal|100\/100\n|move|p1a: Regieleki|Stealth Rock|p2a: Yveltal\n|-sidestart|p2: Tanny89k|move: Stealth Rock\n|\n|upkeep\n|turn|3\n|\n|t:|1668036250\n|switch|p2a: Eternatus|Eternatus-Eternamax|100\/100 slp\n|-ability|p2a: Eternatus|Neutralizing Gas\n|-damage|p2a: Eternatus|88\/100 slp|[from] Stealth Rock\n|move|p1a: Regieleki|Lovely Kiss|p2a: Eternatus\n|-fail|p2a: Eternatus|slp\n|\n|upkeep\n|turn|4\n|\n|t:|1668036260\n|move|p1a: Regieleki|Fissure|p2a: Eternatus\n|-damage|p2a: Eternatus|0 fnt\n|faint|p2a: Eternatus\n|-ohko\n|\n|upkeep\n|\n|t:|1668036263\n|switch|p2a: Eternatus|Eternatus-Eternamax|100\/100\n|-ability|p2a: Eternatus|Neutralizing Gas\n|-damage|p2a: Eternatus|88\/100|[from] Stealth Rock\n|turn|5\n|\n|t:|1668036270\n|move|p1a: Regieleki|Lovely Kiss|p2a: Eternatus\n|-status|p2a: Eternatus|slp|[from] move: Lovely Kiss\n|cant|p2a: Eternatus|slp\n|\n|upkeep\n|turn|6\n|\n|t:|1668036275\n|move|p1a: Regieleki|Fissure|p2a: Eternatus|[miss]\n|-miss|p1a: Regieleki|p2a: Eternatus\n|cant|p2a: Eternatus|slp\n|\n|upkeep\n|turn|7\n|\n|t:|1668036281\n|move|p1a: Regieleki|Fissure|p2a: Eternatus\n|-damage|p2a: Eternatus|0 fnt\n|faint|p2a: Eternatus\n|-ohko\n|\n|upkeep\n|\n|t:|1668036284\n|switch|p2a: Eiscue|Eiscue, F|100\/100\n|-damage|p2a: Eiscue|76\/100|[from] Stealth Rock\n|turn|8\n|\n|t:|1668036293\n|move|p1a: Regieleki|Lovely Kiss|p2a: Eiscue|[miss]\n|-miss|p1a: Regieleki|p2a: Eiscue\n|move|p2a: Eiscue|Hail|p2a: Eiscue\n|-weather|Hail\n|\n|-weather|Hail|[upkeep]\n|-damage|p1a: Regieleki|94\/100|[from] Hail\n|-heal|p2a: Eiscue|82\/100|[from] item: Leftovers\n|upkeep\n|turn|9\n|\n|t:|1668036300\n|move|p1a: Regieleki|Lovely Kiss|p2a: Eiscue|[miss]\n|-miss|p1a: Regieleki|p2a: Eiscue\n|move|p2a: Eiscue|Rapid Spin|p1a: Regieleki\n|-damage|p1a: Regieleki|80\/100\n|-boost|p2a: Eiscue|spe|1\n|-sideend|p2: Tanny89k|Stealth Rock|[from] move: Rapid Spin|[of] p2a: Eiscue\n|\n|-weather|Hail|[upkeep]\n|-damage|p1a: Regieleki|74\/100|[from] Hail\n|-heal|p2a: Eiscue|88\/100|[from] item: Leftovers\n|upkeep\n|turn|10\n|\n|t:|1668036310\n|move|p1a: Regieleki|Lovely Kiss|p2a: Eiscue|[miss]\n|-miss|p1a: Regieleki|p2a: Eiscue\n|move|p2a: Eiscue|Sheer Cold|p1a: Regieleki|[miss]\n|-miss|p2a: Eiscue|p1a: Regieleki\n|\n|-weather|Hail|[upkeep]\n|-damage|p1a: Regieleki|68\/100|[from] Hail\n|-heal|p2a: Eiscue|94\/100|[from] item: Leftovers\n|upkeep\n|turn|11\n|\n|t:|1668036319\n|move|p1a: Regieleki|Lovely Kiss|p2a: Eiscue\n|-status|p2a: Eiscue|slp|[from] move: Lovely Kiss\n|cant|p2a: Eiscue|slp\n|\n|-weather|Hail|[upkeep]\n|-damage|p1a: Regieleki|62\/100|[from] Hail\n|-heal|p2a: Eiscue|100\/100 slp|[from] item: Leftovers\n|upkeep\n|turn|12\n|\n|t:|1668036326\n|move|p1a: Regieleki|Bolt Beak|p2a: Eiscue\n|-activate|p2a: Eiscue|ability: Ice Face\n|-damage|p2a: Eiscue|100\/100 slp\n|detailschange|p2a: Eiscue|Eiscue-Noice, F\n|cant|p2a: Eiscue|slp\n|\n|-weather|none\n|upkeep\n|turn|13\n|\n|t:|1668036335\n|cant|p2a: Eiscue|slp\n|move|p1a: Regieleki|Bolt Beak|p2a: Eiscue\n|-damage|p2a: Eiscue|68\/100 slp\n|\n|-heal|p2a: Eiscue|74\/100 slp|[from] item: Leftovers\n|upkeep\n|turn|14\n|\n|t:|1668036350\n|-curestatus|p2a: Eiscue|slp|[msg]\n|move|p2a: Eiscue|Hail|p2a: Eiscue\n|-weather|Hail\n|-activate|p2a: Eiscue|ability: Ice Face\n|detailschange|p2a: Eiscue|Eiscue, F\n|move|p1a: Regieleki|Stealth Rock|p2a: Eiscue\n|-sidestart|p2: Tanny89k|move: Stealth Rock\n|\n|-weather|Hail|[upkeep]\n|-damage|p1a: Regieleki|56\/100|[from] Hail\n|-heal|p2a: Eiscue|80\/100|[from] item: Leftovers\n|upkeep\n|turn|15\n|\n|t:|1668036361\n|move|p1a: Regieleki|Lovely Kiss|p2a: Eiscue\n|-status|p2a: Eiscue|slp|[from] move: Lovely Kiss\n|cant|p2a: Eiscue|slp\n|\n|-weather|Hail|[upkeep]\n|-damage|p1a: Regieleki|50\/100|[from] Hail\n|-heal|p2a: Eiscue|87\/100 slp|[from] item: Leftovers\n|upkeep\n|turn|16\n|\n|t:|1668036369\n|move|p1a: Regieleki|Bolt Beak|p2a: Eiscue\n|-activate|p2a: Eiscue|ability: Ice Face\n|-damage|p2a: Eiscue|87\/100 slp\n|detailschange|p2a: Eiscue|Eiscue-Noice, F\n|-curestatus|p2a: Eiscue|slp|[msg]\n|move|p2a: Eiscue|Rapid Spin|p1a: Regieleki\n|-damage|p1a: Regieleki|36\/100\n|-boost|p2a: Eiscue|spe|1\n|-sideend|p2: Tanny89k|Stealth Rock|[from] move: Rapid Spin|[of] p2a: Eiscue\n|\n|-weather|Hail|[upkeep]\n|-damage|p1a: Regieleki|30\/100|[from] Hail\n|-heal|p2a: Eiscue|93\/100|[from] item: Leftovers\n|upkeep\n|turn|17\n|\n|t:|1668036385\n|move|p2a: Eiscue|Sheer Cold|p1a: Regieleki|[miss]\n|-miss|p2a: Eiscue|p1a: Regieleki\n|move|p1a: Regieleki|Lovely Kiss|p2a: Eiscue\n|-status|p2a: Eiscue|slp|[from] move: Lovely Kiss\n|\n|-weather|Hail|[upkeep]\n|-damage|p1a: Regieleki|24\/100|[from] Hail\n|-heal|p2a: Eiscue|99\/100 slp|[from] item: Leftovers\n|upkeep\n|turn|18\n|\n|t:|1668036400\n|cant|p2a: Eiscue|slp\n|move|p1a: Regieleki|Fissure|p2a: Eiscue|[miss]\n|-miss|p1a: Regieleki|p2a: Eiscue\n|\n|-weather|none\n|-heal|p2a: Eiscue|100\/100 slp|[from] item: Leftovers\n|upkeep\n|turn|19\n|\n|t:|1668036410\n|-start|p2a: Eiscue|Dynamax|\n|-heal|p2a: Eiscue|100\/100 slp|[silent]\n|cant|p2a: Eiscue|slp\n|move|p1a: Regieleki|Stealth Rock|p2a: Eiscue\n|-sidestart|p2: Tanny89k|move: Stealth Rock\n|\n|upkeep\n|turn|20\n|\n|t:|1668036421\n|-end|p1a: Regieleki|ability: Neutralizing Gas\n|switch|p1a: Cramorant|Cramorant-Gorging, M|100\/100\n|cant|p2a: Eiscue|slp\n|\n|upkeep\n|turn|21\n|\n|t:|1668036428\n|-curestatus|p2a: Eiscue|slp|[msg]\n|move|p2a: Eiscue|Max Hailstorm|p1a: Cramorant\n|-damage|p1a: Cramorant|66\/100\n|-weather|Hail\n|-activate|p2a: Eiscue|ability: Ice Face\n|detailschange|p2a: Eiscue|Eiscue, F\n|-damage|p2a: Eiscue|88\/100|[from] ability: Gulp Missile|[of] p1a: Cramorant\n|-status|p2a: Eiscue|par\n|-formechange|p1a: Cramorant|Cramorant|\n|move|p1a: Cramorant|Taunt|p2a: Eiscue\n|-start|p2a: Eiscue|move: Taunt\n|\n|-weather|Hail|[upkeep]\n|-damage|p1a: Cramorant|60\/100|[from] Hail\n|-heal|p2a: Eiscue|91\/100 par|[from] item: Leftovers\n|upkeep\n|-end|p2a: Eiscue|Dynamax\n|-heal|p2a: Eiscue|91\/100 par|[silent]\n|turn|22\n|\n|t:|1668036451\n|move|p1a: Cramorant|Slack Off|p1a: Cramorant\n|-heal|p1a: Cramorant|100\/100\n|move|p2a: Eiscue|Rapid Spin|p1a: Cramorant\n|-damage|p1a: Cramorant|88\/100\n|-boost|p2a: Eiscue|spe|1\n|-damage|p2a: Eiscue|75\/100 par|[from] item: Rocky Helmet|[of] p1a: Cramorant\n|-sideend|p2: Tanny89k|Stealth Rock|[from] move: Rapid Spin|[of] p2a: Eiscue\n|\n|-weather|Hail|[upkeep]\n|-damage|p1a: Cramorant|82\/100|[from] Hail\n|-heal|p2a: Eiscue|81\/100 par|[from] item: Leftovers\n|upkeep\n|turn|23\n|\n|t:|1668036468\n|cant|p2a: Eiscue|par\n|move|p1a: Cramorant|Surf|p2a: Eiscue\n|-formechange|p1a: Cramorant|Cramorant-Gulping|\n|-damage|p2a: Eiscue|54\/100 par\n|\n|-weather|Hail|[upkeep]\n|-damage|p1a: Cramorant|76\/100|[from] Hail\n|-heal|p2a: Eiscue|61\/100 par|[from] item: Leftovers\n|upkeep\n|turn|24\n|\n|t:|1668036479\n|cant|p2a: Eiscue|par\n|move|p1a: Cramorant|Surf|p2a: Eiscue\n|-damage|p2a: Eiscue|30\/100 par\n|\n|-weather|Hail|[upkeep]\n|-damage|p1a: Cramorant|70\/100|[from] Hail\n|-heal|p2a: Eiscue|36\/100 par|[from] item: Leftovers\n|-end|p2a: Eiscue|move: Taunt\n|upkeep\n|turn|25\n|\n|t:|1668036489\n|move|p2a: Eiscue|Sheer Cold|p1a: Cramorant\n|-damage|p1a: Cramorant|0 fnt\n|-damage|p2a: Eiscue|11\/100 par|[from] ability: Gulp Missile|[of] p1a: Cramorant\n|-unboost|p2a: Eiscue|def|1\n|-formechange|p1a: Cramorant|Cramorant|\n|faint|p1a: Cramorant\n|-ohko\n|\n|-weather|none\n|-heal|p2a: Eiscue|17\/100 par|[from] item: Leftovers\n|upkeep\n|\n|t:|1668036499\n|switch|p1a: Regieleki|Regieleki|24\/100\n|-ability|p1a: Regieleki|Neutralizing Gas\n|turn|26\n|\n|t:|1668036517\n|move|p1a: Regieleki|Bolt Beak|p2a: Eiscue\n|-activate|p2a: Eiscue|ability: Ice Face\n|-damage|p2a: Eiscue|17\/100 par\n|detailschange|p2a: Eiscue|Eiscue-Noice, F\n|move|p2a: Eiscue|Hail|p2a: Eiscue\n|-weather|Hail\n|-activate|p2a: Eiscue|ability: Ice Face\n|detailschange|p2a: Eiscue|Eiscue, F\n|\n|-weather|Hail|[upkeep]\n|-damage|p1a: Regieleki|18\/100|[from] Hail\n|-heal|p2a: Eiscue|24\/100 par|[from] item: Leftovers\n|upkeep\n|turn|27\n|\n|t:|1668036527\n|move|p1a: Regieleki|Bolt Beak|p2a: Eiscue\n|-activate|p2a: Eiscue|ability: Ice Face\n|-damage|p2a: Eiscue|24\/100 par\n|detailschange|p2a: Eiscue|Eiscue-Noice, F\n|move|p2a: Eiscue|Rapid Spin|p1a: Regieleki\n|-damage|p1a: Regieleki|4\/100\n|-boost|p2a: Eiscue|spe|1\n|\n|-weather|Hail|[upkeep]\n|-damage|p1a: Regieleki|0 fnt|[from] Hail\n|faint|p1a: Regieleki\n|-end|p1a: Regieleki|ability: Neutralizing Gas\n|-heal|p2a: Eiscue|30\/100 par|[from] item: Leftovers\n|upkeep\n|\n|t:|1668036541\n|switch|p1a: Eternatus|Eternatus-Eternamax|100\/100\n|-ability|p1a: Eternatus|Neutralizing Gas\n|turn|28\n|\n|t:|1668036555\n|move|p2a: Eiscue|Sheer Cold|p1a: Eternatus\n|-damage|p1a: Eternatus|0 fnt\n|faint|p1a: Eternatus\n|-end|p1a: Eternatus|ability: Neutralizing Gas\n|-ohko\n|\n|-weather|Hail|[upkeep]\n|-heal|p2a: Eiscue|36\/100 par|[from] item: Leftovers\n|upkeep\n|\n|t:|1668036569\n|switch|p1a: Eternatus|Eternatus-Eternamax|100\/100\n|-ability|p1a: Eternatus|Neutralizing Gas\n|turn|29\n|\n|t:|1668036574\n|move|p2a: Eiscue|Nature's Madness|p1a: Eternatus\n|-damage|p1a: Eternatus|50\/100\n|move|p1a: Eternatus|Substitute|p1a: Eternatus\n|-start|p1a: Eternatus|Substitute\n|-damage|p1a: Eternatus|26\/100\n|\n|-weather|Hail|[upkeep]\n|-damage|p1a: Eternatus|19\/100|[from] Hail\n|-heal|p2a: Eiscue|42\/100 par|[from] item: Leftovers\n|-heal|p1a: Eternatus|26\/100|[from] item: Black Sludge\n|upkeep\n|turn|30\n|\n|t:|1668036589\n|move|p2a: Eiscue|Nature's Madness|p1a: Eternatus\n|-activate|p1a: Eternatus|move: Substitute|[damage]\n|move|p1a: Eternatus|Night Shade|p2a: Eiscue\n|-damage|p2a: Eiscue|14\/100 par\n|\n|-weather|none\n|-heal|p2a: Eiscue|20\/100 par|[from] item: Leftovers\n|-heal|p1a: Eternatus|32\/100|[from] item: Black Sludge\n|upkeep\n|turn|31\n|\n|t:|1668036598\n|move|p2a: Eiscue|Hail|p2a: Eiscue\n|-weather|Hail\n|-activate|p2a: Eiscue|ability: Ice Face\n|detailschange|p2a: Eiscue|Eiscue, F\n|move|p1a: Eternatus|Night Shade|p2a: Eiscue\n|-damage|p2a: Eiscue|0 fnt\n|faint|p2a: Eiscue\n|\n|-weather|Hail|[upkeep]\n|-damage|p1a: Eternatus|26\/100|[from] Hail\n|-heal|p1a: Eternatus|32\/100|[from] item: Black Sludge\n|upkeep\n|\n|t:|1668036615\n|switch|p2a: Eternatus|Eternatus-Eternamax|100\/100\n|-ability|p2a: Eternatus|Neutralizing Gas\n|turn|32\n|\n|t:|1668036623\n|move|p2a: Eternatus|Taunt|p1a: Eternatus\n|-start|p1a: Eternatus|move: Taunt\n|cant|p1a: Eternatus|move: Taunt|Taunt\n|\n|-weather|Hail|[upkeep]\n|-damage|p2a: Eternatus|94\/100|[from] Hail\n|-damage|p1a: Eternatus|26\/100|[from] Hail\n|-heal|p2a: Eternatus|100\/100|[from] item: Black Sludge\n|-heal|p1a: Eternatus|32\/100|[from] item: Black Sludge\n|upkeep\n|turn|33\n|\n|t:|1668036632\n|move|p2a: Eternatus|Substitute|p2a: Eternatus\n|-start|p2a: Eternatus|Substitute\n|-damage|p2a: Eternatus|76\/100\n|move|p1a: Eternatus|Fissure|p2a: Eternatus|[miss]\n|-miss|p1a: Eternatus|p2a: Eternatus\n|\n|-weather|Hail|[upkeep]\n|-damage|p2a: Eternatus|69\/100|[from] Hail\n|-damage|p1a: Eternatus|26\/100|[from] Hail\n|-heal|p2a: Eternatus|76\/100|[from] item: Black Sludge\n|-heal|p1a: Eternatus|32\/100|[from] item: Black Sludge\n|upkeep\n|turn|34\n|\n|t:|1668036635\n|move|p2a: Eternatus|Spikes|p1a: Eternatus\n|-sidestart|p1: Lectrys|Spikes\n|move|p1a: Eternatus|Night Shade|p2a: Eternatus\n|-activate|p2a: Eternatus|move: Substitute|[damage]\n|\n|-weather|Hail|[upkeep]\n|-damage|p2a: Eternatus|69\/100|[from] Hail\n|-damage|p1a: Eternatus|26\/100|[from] Hail\n|-heal|p2a: Eternatus|76\/100|[from] item: Black Sludge\n|-heal|p1a: Eternatus|32\/100|[from] item: Black Sludge\n|-end|p1a: Eternatus|move: Taunt\n|upkeep\n|turn|35\n|\n|t:|1668036641\n|move|p2a: Eternatus|Taunt|p1a: Eternatus\n|-start|p1a: Eternatus|move: Taunt\n|cant|p1a: Eternatus|move: Taunt|Taunt\n|\n|-weather|none\n|-heal|p2a: Eternatus|82\/100|[from] item: Black Sludge\n|-heal|p1a: Eternatus|38\/100|[from] item: Black Sludge\n|upkeep\n|turn|36\n|\n|t:|1668036644\n|move|p2a: Eternatus|Spikes|p1a: Eternatus\n|-sidestart|p1: Lectrys|Spikes\n|move|p1a: Eternatus|Night Shade|p2a: Eternatus\n|-end|p2a: Eternatus|Substitute\n|\n|-heal|p2a: Eternatus|88\/100|[from] item: Black Sludge\n|-heal|p1a: Eternatus|44\/100|[from] item: Black Sludge\n|upkeep\n|turn|37\n|\n|t:|1668036652\n|move|p2a: Eternatus|Substitute|p2a: Eternatus\n|-start|p2a: Eternatus|Substitute\n|-damage|p2a: Eternatus|63\/100\n|move|p1a: Eternatus|Fissure|p2a: Eternatus|[miss]\n|-miss|p1a: Eternatus|p2a: Eternatus\n|\n|-heal|p2a: Eternatus|69\/100|[from] item: Black Sludge\n|-heal|p1a: Eternatus|50\/100|[from] item: Black Sludge\n|-end|p1a: Eternatus|move: Taunt\n|upkeep\n|turn|38\n|\n|t:|1668036657\n|move|p2a: Eternatus|Taunt|p1a: Eternatus\n|-start|p1a: Eternatus|move: Taunt\n|move|p1a: Eternatus|Night Shade|p2a: Eternatus\n|-activate|p2a: Eternatus|move: Substitute|[damage]\n|\n|-heal|p2a: Eternatus|75\/100|[from] item: Black Sludge\n|-heal|p1a: Eternatus|56\/100|[from] item: Black Sludge\n|upkeep\n|turn|39\n|\n|t:|1668036661\n|move|p2a: Eternatus|Spikes|p1a: Eternatus\n|-sidestart|p1: Lectrys|Spikes\n|move|p1a: Eternatus|Night Shade|p2a: Eternatus\n|-end|p2a: Eternatus|Substitute\n|\n|-heal|p2a: Eternatus|81\/100|[from] item: Black Sludge\n|-heal|p1a: Eternatus|63\/100|[from] item: Black Sludge\n|upkeep\n|turn|40\n|\n|t:|1668036667\n|move|p2a: Eternatus|Substitute|p2a: Eternatus\n|-start|p2a: Eternatus|Substitute\n|-damage|p2a: Eternatus|57\/100\n|move|p1a: Eternatus|Night Shade|p2a: Eternatus\n|-activate|p2a: Eternatus|move: Substitute|[damage]\n|\n|-heal|p2a: Eternatus|63\/100|[from] item: Black Sludge\n|-heal|p1a: Eternatus|69\/100|[from] item: Black Sludge\n|-end|p1a: Eternatus|move: Taunt\n|upkeep\n|turn|41\n|\n|t:|1668036670\n|move|p2a: Eternatus|Taunt|p1a: Eternatus\n|-start|p1a: Eternatus|move: Taunt\n|move|p1a: Eternatus|Night Shade|p2a: Eternatus\n|-end|p2a: Eternatus|Substitute\n|\n|-heal|p2a: Eternatus|69\/100|[from] item: Black Sludge\n|-heal|p1a: Eternatus|75\/100|[from] item: Black Sludge\n|upkeep\n|turn|42\n|\n|t:|1668036673\n|switch|p2a: Yveltal|Yveltal|100\/100\n|move|p1a: Eternatus|Night Shade|p2a: Yveltal\n|-damage|p2a: Yveltal|79\/100\n|\n|-heal|p1a: Eternatus|81\/100|[from] item: Black Sludge\n|upkeep\n|turn|43\n|\n|t:|1668036679\n|move|p1a: Eternatus|Night Shade|p2a: Yveltal\n|-damage|p2a: Yveltal|57\/100\n|move|p2a: Yveltal|Whirlwind|p1a: Eternatus\n|-end|p1a: Eternatus|ability: Neutralizing Gas\n|drag|p1a: Spiritomb|Spiritomb, M|100\/100\n|-damage|p1a: Spiritomb|76\/100|[from] Spikes\n|\n|upkeep\n|turn|44\n|\n|t:|1668036689\n|move|p2a: Yveltal|Knock Off|p1a: Spiritomb\n|-damage|p1a: Spiritomb|34\/100\n|-enditem|p1a: Spiritomb|Safety Goggles|[from] move: Knock Off|[of] p2a: Yveltal\n|move|p1a: Spiritomb|Horn Drill|p2a: Yveltal\n|-damage|p2a: Yveltal|0 fnt\n|faint|p2a: Yveltal\n|-ohko\n|\n|upkeep\n|\n|t:|1668036700\n|switch|p2a: Giratina|Giratina|100\/100\n|-ability|p2a: Giratina|Neutralizing Gas\n|turn|45\n|\n|t:|1668036706\n|move|p2a: Giratina|Spectral Thief|p1a: Spiritomb\n|-damage|p1a: Spiritomb|5\/100\n|move|p1a: Spiritomb|Roost|p1a: Spiritomb\n|-heal|p1a: Spiritomb|56\/100\n|-singleturn|p1a: Spiritomb|move: Roost\n|\n|upkeep\n|turn|46\n|\n|t:|1668036715\n|move|p2a: Giratina|Curse|p1a: Spiritomb\n|-start|p1a: Spiritomb|Curse|[of] p2a: Giratina\n|-damage|p2a: Giratina|51\/100\n|move|p1a: Spiritomb|Roost|p1a: Spiritomb\n|-heal|p1a: Spiritomb|100\/100\n|-singleturn|p1a: Spiritomb|move: Roost\n|\n|-heal|p2a: Giratina|57\/100|[from] item: Leftovers\n|-damage|p1a: Spiritomb|76\/100|[from] Curse\n|upkeep\n|turn|47\n|\n|t:|1668036722\n|move|p2a: Giratina|Roost|p2a: Giratina\n|-heal|p2a: Giratina|100\/100\n|-singleturn|p2a: Giratina|move: Roost\n|move|p1a: Spiritomb|Spectral Thief|p2a: Giratina\n|-supereffective|p2a: Giratina\n|-damage|p2a: Giratina|69\/100\n|\n|-heal|p2a: Giratina|76\/100|[from] item: Leftovers\n|-damage|p1a: Spiritomb|51\/100|[from] Curse\n|upkeep\n|turn|48\n|\n|t:|1668036734\n|move|p2a: Giratina|Guillotine|p1a: Spiritomb\n|-immune|p1a: Spiritomb\n|move|p1a: Spiritomb|Roost|p1a: Spiritomb\n|-heal|p1a: Spiritomb|100\/100\n|-singleturn|p1a: Spiritomb|move: Roost\n|\n|-heal|p2a: Giratina|82\/100|[from] item: Leftovers\n|-damage|p1a: Spiritomb|76\/100|[from] Curse\n|upkeep\n|turn|49\n|\n|t:|1668036752\n|switch|p1a: Eternatus|Eternatus-Eternamax|81\/100\n|-ability|p1a: Eternatus|Neutralizing Gas\n|-damage|p1a: Eternatus|56\/100|[from] Spikes\n|move|p2a: Giratina|Curse|p1a: Eternatus\n|-start|p1a: Eternatus|Curse|[of] p2a: Giratina\n|-damage|p2a: Giratina|32\/100\n|\n|-heal|p1a: Eternatus|62\/100|[from] item: Black Sludge\n|-heal|p2a: Giratina|38\/100|[from] item: Leftovers\n|-damage|p1a: Eternatus|37\/100|[from] Curse\n|upkeep\n|turn|50\n|\n|t:|1668036774\n|move|p1a: Eternatus|Fissure|p2a: Giratina|[miss]\n|-miss|p1a: Eternatus|p2a: Giratina\n|move|p2a: Giratina|Roost|p2a: Giratina\n|-heal|p2a: Giratina|88\/100\n|-singleturn|p2a: Giratina|move: Roost\n|\n|-heal|p1a: Eternatus|43\/100|[from] item: Black Sludge\n|-heal|p2a: Giratina|94\/100|[from] item: Leftovers\n|-damage|p1a: Eternatus|19\/100|[from] Curse\n|upkeep\n|turn|51\n|\n|t:|1668036788\n|switch|p2a: Eternatus|Eternatus-Eternamax|69\/100\n|-ability|p2a: Eternatus|Neutralizing Gas\n|move|p1a: Eternatus|Fissure|p2a: Eternatus|[miss]\n|-miss|p1a: Eternatus|p2a: Eternatus\n|\n|-heal|p2a: Eternatus|75\/100|[from] item: Black Sludge\n|-heal|p1a: Eternatus|25\/100|[from] item: Black Sludge\n|-damage|p1a: Eternatus|0 fnt|[from] Curse\n|faint|p1a: Eternatus\n|upkeep\n|\n|t:|1668036794\n|switch|p1a: Landorus|Landorus-Therian, M|100\/100\n|-ability|p1a: Landorus|Comatose\n|turn|52\n|\n|t:|1668036800\n|move|p2a: Eternatus|Taunt|p1a: Landorus\n|-start|p1a: Landorus|move: Taunt\n|cant|p1a: Landorus|move: Taunt|Encore\n|\n|-heal|p2a: Eternatus|81\/100|[from] item: Black Sludge\n|upkeep\n|turn|53\n|\n|t:|1668036805\n|-end|p2a: Eternatus|ability: Neutralizing Gas\n|switch|p2a: Giratina|Giratina|94\/100\n|-ability|p2a: Giratina|Neutralizing Gas\n|move|p1a: Landorus|Fissure|p2a: Giratina\n|-damage|p2a: Giratina|0 fnt\n|faint|p2a: Giratina\n|-end|p2a: Giratina|ability: Neutralizing Gas\n|-ohko\n|\n|upkeep\n|\n|t:|1668036809\n|switch|p2a: Eternatus|Eternatus-Eternamax|81\/100\n|-ability|p2a: Eternatus|Neutralizing Gas\n|turn|54\n|\n|t:|1668036814\n|move|p2a: Eternatus|Substitute|p2a: Eternatus\n|-start|p2a: Eternatus|Substitute\n|-damage|p2a: Eternatus|56\/100\n|move|p1a: Landorus|Fissure|p2a: Eternatus\n|-ohko\n|-end|p2a: Eternatus|Substitute\n|\n|-heal|p2a: Eternatus|62\/100|[from] item: Black Sludge\n|-end|p1a: Landorus|move: Taunt\n|upkeep\n|turn|55\n|c|\u2606Tanny89k|Gg\n|-message|Tanny89k forfeited.\n|\n|win|Lectrys\n|n|\u2606Lectrys|lectrys\n|n|\u2606Tanny89k|tanny89k\n|l|\u2606Tanny89k\n|c|\u2606Lectrys|gg\n|l|\u2606Lectrys\n|j|\u2606Lectrys\n|player|p1|Lectrys|flannery\n","uploadtime":1668036895,"views":3,"p1id":"lectrys","p2id":"tanny89k","formatid":"gen8purehackmons","rating":0,"private":0,"password":null}