{"id":"gen8ou-1694642518","p1":"Kwaga","p2":"Shim-0N","format":"gen8ou","log":"|html|<div class=\"broadcast-blue\"><strong>[Gen 8] OU is currently suspecting Melmetal! For information on how to participate check out the <a href=\"https:\/\/www.smogon.com\/forums\/threads\/np-ss-ou-suspect-process-round-12-monster-mash.3709234\/\">suspect thread<\/a>.<\/strong><\/div>\n|j|\u2606Kwaga\n|j|\u2606Shim-0N\n|t:|1666720064\n|gametype|singles\n|player|p1|Kwaga|brock-gen1rb|1631\n|player|p2|Shim-0N|preschooler|1640\n|teamsize|p1|6\n|teamsize|p2|6\n|gen|8\n|tier|[Gen 8] OU\n|rated|\n|rule|Sleep Clause Mod: Limit one foe put to sleep\n|rule|Species Clause: Limit one of each Pok\u00e9mon\n|rule|OHKO Clause: OHKO moves are banned\n|rule|Evasion Items Clause: Evasion items are banned\n|rule|Evasion Moves Clause: Evasion moves are banned\n|rule|Endless Battle Clause: Forcing endless battles is banned\n|rule|HP Percentage Mod: HP is shown in percentages\n|rule|Dynamax Clause: You cannot dynamax\n|clearpoke\n|poke|p1|Tyranitar, M|\n|poke|p1|Excadrill, M|\n|poke|p1|Urshifu-*, M|\n|poke|p1|Tapu Lele|\n|poke|p1|Ferrothorn, M|\n|poke|p1|Zapdos|\n|poke|p2|Pelipper, F|\n|poke|p2|Barraskewda, M|\n|poke|p2|Regieleki|\n|poke|p2|Tapu Lele|\n|poke|p2|Landorus-Therian, M|\n|poke|p2|Ferrothorn, F|\n|teampreview\n|inactive|Battle timer is ON: inactive players will automatically lose when time's up. (requested by Shim-0N)\n|\n|t:|1666720074\n|start\n|switch|p1a: Tyranitar|Tyranitar, M|100\/100\n|switch|p2a: Tapu Lele|Tapu Lele|100\/100\n|-fieldstart|move: Psychic Terrain|[from] ability: Psychic Surge|[of] p2a: Tapu Lele\n|-weather|Sandstorm|[from] ability: Sand Stream|[of] p1a: Tyranitar\n|turn|1\n|\n|t:|1666720088\n|switch|p1a: Ferrothorn|Ferrothorn, M|100\/100\n|move|p2a: Tapu Lele|Focus Blast|p1a: Ferrothorn\n|-supereffective|p1a: Ferrothorn\n|-damage|p1a: Ferrothorn|20\/100\n|\n|-weather|Sandstorm|[upkeep]\n|-damage|p2a: Tapu Lele|94\/100|[from] Sandstorm\n|-heal|p1a: Ferrothorn|26\/100|[from] item: Leftovers\n|upkeep\n|turn|2\n|\n|t:|1666720099\n|switch|p2a: Pelipper|Pelipper, F|100\/100\n|-weather|RainDance|[from] ability: Drizzle|[of] p2a: Pelipper\n|switch|p1a: Zapdos|Zapdos|100\/100\n|\n|-weather|RainDance|[upkeep]\n|upkeep\n|turn|3\n|\n|t:|1666720109\n|switch|p2a: Ferrothorn|Ferrothorn, F|100\/100\n|move|p1a: Zapdos|Hurricane|p2a: Ferrothorn\n|-damage|p2a: Ferrothorn|65\/100\n|-start|p2a: Ferrothorn|confusion\n|\n|-weather|RainDance|[upkeep]\n|-heal|p2a: Ferrothorn|71\/100|[from] item: Leftovers\n|upkeep\n|turn|4\n|\n|t:|1666720119\n|move|p1a: Zapdos|Hurricane|p2a: Ferrothorn\n|-damage|p2a: Ferrothorn|38\/100\n|-activate|p2a: Ferrothorn|confusion\n|move|p2a: Ferrothorn|Spikes|p1a: Zapdos\n|-sidestart|p1: Kwaga|Spikes\n|\n|-weather|RainDance|[upkeep]\n|-heal|p2a: Ferrothorn|44\/100|[from] item: Leftovers\n|upkeep\n|turn|5\n|\n|t:|1666720129\n|move|p1a: Zapdos|Hurricane|p2a: Ferrothorn\n|-damage|p2a: Ferrothorn|11\/100\n|-activate|p2a: Ferrothorn|confusion\n|move|p2a: Ferrothorn|Leech Seed|p1a: Zapdos\n|-start|p1a: Zapdos|move: Leech Seed\n|\n|-weather|RainDance|[upkeep]\n|-heal|p2a: Ferrothorn|17\/100|[from] item: Leftovers\n|-damage|p1a: Zapdos|88\/100|[from] Leech Seed|[of] p2a: Ferrothorn\n|-heal|p2a: Ferrothorn|30\/100|[silent]\n|-fieldend|move: Psychic Terrain\n|upkeep\n|turn|6\n|\n|t:|1666720140\n|switch|p2a: Landorus|Landorus-Therian, M|100\/100\n|-ability|p2a: Landorus|Intimidate|boost\n|-unboost|p1a: Zapdos|atk|1\n|move|p1a: Zapdos|Volt Switch|p2a: Landorus\n|-immune|p2a: Landorus\n|\n|-weather|none\n|-damage|p1a: Zapdos|76\/100|[from] Leech Seed|[of] p2a: Landorus\n|upkeep\n|turn|7\n|\n|t:|1666720151\n|switch|p1a: Urshifu|Urshifu-Rapid-Strike, M|100\/100\n|-damage|p1a: Urshifu|88\/100|[from] Spikes\n|move|p2a: Landorus|Stealth Rock|p1a: Urshifu\n|-sidestart|p1: Kwaga|move: Stealth Rock\n|\n|upkeep\n|turn|8\n|\n|t:|1666720158\n|switch|p2a: Ferrothorn|Ferrothorn, F|30\/100\n|move|p1a: Urshifu|Surging Strikes|p2a: Ferrothorn\n|-resisted|p2a: Ferrothorn\n|-crit|p2a: Ferrothorn\n|-damage|p2a: Ferrothorn|24\/100\n|-activate|p2a: Ferrothorn|ability: Iron Barbs\n|-activate|p1a: Urshifu|item: Protective Pads\n|-resisted|p2a: Ferrothorn\n|-crit|p2a: Ferrothorn\n|-damage|p2a: Ferrothorn|17\/100\n|-activate|p2a: Ferrothorn|ability: Iron Barbs\n|-activate|p1a: Urshifu|item: Protective Pads\n|-resisted|p2a: Ferrothorn\n|-crit|p2a: Ferrothorn\n|-damage|p2a: Ferrothorn|10\/100\n|-activate|p2a: Ferrothorn|ability: Iron Barbs\n|-activate|p1a: Urshifu|item: Protective Pads\n|-hitcount|p2a: Ferrothorn|3\n|\n|-heal|p2a: Ferrothorn|16\/100|[from] item: Leftovers\n|upkeep\n|turn|9\n|\n|t:|1666720176\n|switch|p2a: Tapu Lele|Tapu Lele|94\/100\n|-fieldstart|move: Psychic Terrain|[from] ability: Psychic Surge|[of] p2a: Tapu Lele\n|move|p1a: Urshifu|Surging Strikes|p2a: Tapu Lele\n|-crit|p2a: Tapu Lele\n|-damage|p2a: Tapu Lele|61\/100\n|-crit|p2a: Tapu Lele\n|-damage|p2a: Tapu Lele|29\/100\n|-crit|p2a: Tapu Lele\n|-damage|p2a: Tapu Lele|0 fnt\n|faint|p2a: Tapu Lele\n|-hitcount|p2: Tapu Lele|3\n|\n|upkeep\n|\n|t:|1666720188\n|switch|p2a: Regieleki|Regieleki|100\/100\n|turn|10\n|\n|t:|1666720191\n|switch|p2a: Pelipper|Pelipper, F|100\/100\n|-weather|RainDance|[from] ability: Drizzle|[of] p2a: Pelipper\n|switch|p1a: Excadrill|Excadrill, M|100\/100\n|-damage|p1a: Excadrill|88\/100|[from] Spikes\n|-damage|p1a: Excadrill|85\/100|[from] Stealth Rock\n|\n|-weather|RainDance|[upkeep]\n|upkeep\n|turn|11\n|\n|t:|1666720202\n|switch|p1a: Ferrothorn|Ferrothorn, M|26\/100\n|-damage|p1a: Ferrothorn|13\/100|[from] Spikes\n|-damage|p1a: Ferrothorn|7\/100|[from] Stealth Rock\n|move|p2a: Pelipper|Hydro Pump|p1a: Ferrothorn\n|-resisted|p1a: Ferrothorn\n|-damage|p1a: Ferrothorn|0 fnt\n|faint|p1a: Ferrothorn\n|\n|-weather|RainDance|[upkeep]\n|upkeep\n|\n|t:|1666720207\n|switch|p1a: Zapdos|Zapdos|76\/100\n|turn|12\n|\n|t:|1666720219\n|move|p1a: Zapdos|Volt Switch|p2a: Pelipper\n|-supereffective|p2a: Pelipper\n|-crit|p2a: Pelipper\n|-damage|p2a: Pelipper|0 fnt\n|faint|p2a: Pelipper\n|\n|t:|1666720226\n|switch|p1a: Tyranitar|Tyranitar, M|100\/100|[from]move: Volt Switch\n|-damage|p1a: Tyranitar|88\/100|[from] Spikes\n|-damage|p1a: Tyranitar|76\/100|[from] Stealth Rock\n|-weather|Sandstorm|[from] ability: Sand Stream|[of] p1a: Tyranitar\n|\n|-weather|Sandstorm|[upkeep]\n|upkeep\n|\n|t:|1666720235\n|switch|p2a: Barraskewda|Barraskewda, M|100\/100\n|turn|13\n|\n|t:|1666720238\n|switch|p1a: Zapdos|Zapdos|76\/100\n|move|p2a: Barraskewda|Liquidation|p1a: Zapdos\n|-damage|p1a: Zapdos|20\/100\n|-unboost|p1a: Zapdos|def|1\n|\n|-weather|Sandstorm|[upkeep]\n|-damage|p2a: Barraskewda|94\/100|[from] Sandstorm\n|-damage|p1a: Zapdos|14\/100|[from] Sandstorm\n|-fieldend|move: Psychic Terrain\n|upkeep\n|turn|14\n|\n|t:|1666720248\n|move|p2a: Barraskewda|Liquidation|p1a: Zapdos\n|-damage|p1a: Zapdos|0 fnt\n|-status|p2a: Barraskewda|par|[from] ability: Static|[of] p1a: Zapdos\n|faint|p1a: Zapdos\n|\n|-weather|Sandstorm|[upkeep]\n|-damage|p2a: Barraskewda|88\/100 par|[from] Sandstorm\n|upkeep\n|\n|t:|1666720258\n|switch|p1a: Tapu Lele|Tapu Lele, shiny|100\/100\n|-damage|p1a: Tapu Lele|88\/100|[from] Spikes\n|-damage|p1a: Tapu Lele|76\/100|[from] Stealth Rock\n|-fieldstart|move: Psychic Terrain|[from] ability: Psychic Surge|[of] p1a: Tapu Lele\n|turn|15\n|\n|t:|1666720265\n|move|p1a: Tapu Lele|Psyshock|p2a: Barraskewda\n|-damage|p2a: Barraskewda|0 fnt\n|faint|p2a: Barraskewda\n|\n|-weather|Sandstorm|[upkeep]\n|-damage|p1a: Tapu Lele|70\/100|[from] Sandstorm\n|upkeep\n|\n|t:|1666720273\n|switch|p2a: Ferrothorn|Ferrothorn, F|16\/100\n|turn|16\n|\n|t:|1666720277\n|move|p1a: Tapu Lele|Psyshock|p2a: Ferrothorn\n|-resisted|p2a: Ferrothorn\n|-damage|p2a: Ferrothorn|0 fnt\n|faint|p2a: Ferrothorn\n|\n|-weather|none\n|upkeep\n|\n|t:|1666720283\n|switch|p2a: Landorus|Landorus-Therian, M|100\/100\n|-ability|p2a: Landorus|Intimidate|boost\n|-unboost|p1a: Tapu Lele|atk|1\n|turn|17\n|\n|t:|1666720293\n|move|p1a: Tapu Lele|Psyshock|p2a: Landorus\n|-damage|p2a: Landorus|51\/100\n|move|p2a: Landorus|Earthquake|p1a: Tapu Lele\n|-damage|p1a: Tapu Lele|1\/100\n|\n|-heal|p2a: Landorus|57\/100|[from] item: Leftovers\n|upkeep\n|turn|18\n|\n|t:|1666720302\n|move|p1a: Tapu Lele|Psyshock|p2a: Landorus\n|-damage|p2a: Landorus|8\/100\n|move|p2a: Landorus|U-turn|p1a: Tapu Lele\n|-damage|p1a: Tapu Lele|0 fnt\n|faint|p1a: Tapu Lele\n|\n|t:|1666720308\n|switch|p2a: Regieleki|Regieleki|100\/100|[from]move: U-turn\n|\n|upkeep\n|\n|t:|1666720311\n|switch|p1a: Excadrill|Excadrill, M|85\/100\n|-damage|p1a: Excadrill|73\/100|[from] Spikes\n|-damage|p1a: Excadrill|69\/100|[from] Stealth Rock\n|turn|19\n|\n|t:|1666720319\n|switch|p2a: Landorus|Landorus-Therian, M|8\/100\n|-ability|p2a: Landorus|Intimidate|boost\n|-unboost|p1a: Excadrill|atk|1\n|move|p1a: Excadrill|Iron Head|p2a: Landorus\n|-damage|p2a: Landorus|0 fnt\n|faint|p2a: Landorus\n|\n|-fieldend|move: Psychic Terrain\n|upkeep\n|\n|t:|1666720328\n|switch|p2a: Regieleki|Regieleki|100\/100\n|turn|20\n|\n|t:|1666720333\n|move|p2a: Regieleki|Ancient Power|p1a: Excadrill\n|-resisted|p1a: Excadrill\n|-damage|p1a: Excadrill|63\/100\n|move|p1a: Excadrill|Iron Head|p2a: Regieleki\n|-resisted|p2a: Regieleki\n|-damage|p2a: Regieleki|59\/100\n|\n|upkeep\n|turn|21\n|\n|t:|1666720340\n|move|p2a: Regieleki|Ancient Power|p1a: Excadrill\n|-resisted|p1a: Excadrill\n|-damage|p1a: Excadrill|58\/100\n|-boost|p2a: Regieleki|atk|1\n|-boost|p2a: Regieleki|def|1\n|-boost|p2a: Regieleki|spa|1\n|-boost|p2a: Regieleki|spd|1\n|-boost|p2a: Regieleki|spe|1\n|move|p1a: Excadrill|Iron Head|p2a: Regieleki\n|-resisted|p2a: Regieleki\n|-damage|p2a: Regieleki|29\/100\n|\n|upkeep\n|turn|22\n|\n|t:|1666720350\n|move|p2a: Regieleki|Ancient Power|p1a: Excadrill\n|-resisted|p1a: Excadrill\n|-damage|p1a: Excadrill|50\/100\n|move|p1a: Excadrill|Iron Head|p2a: Regieleki\n|-resisted|p2a: Regieleki\n|-damage|p2a: Regieleki|3\/100\n|\n|upkeep\n|turn|23\n|\n|t:|1666720357\n|move|p2a: Regieleki|Ancient Power|p1a: Excadrill\n|-resisted|p1a: Excadrill\n|-damage|p1a: Excadrill|41\/100\n|move|p1a: Excadrill|Iron Head|p2a: Regieleki\n|-resisted|p2a: Regieleki\n|-damage|p2a: Regieleki|0 fnt\n|faint|p2a: Regieleki\n|\n|win|Kwaga\n|raw|Kwaga's rating: 1631 &rarr; <strong>1652<\/strong><br \/>(+21 for winning)\n|raw|Shim-0N's rating: 1640 &rarr; <strong>1619<\/strong><br \/>(-21 for losing)\n","uploadtime":1666720359,"views":7,"p1id":"kwaga","p2id":"shim0n","formatid":"gen8ou","rating":1619,"private":0,"password":null}