{"id":"gen8randombattle-1120853753","p1":"petemasta","p2":"Ban Lando t guy jk","format":"gen8randombattle","log":"|j|\u2606petemasta\n|j|\u2606Ban Lando t guy jk\n|player|p1|petemasta|101|1210\n|player|p2|Ban Lando t guy jk|164|1133\n|teamsize|p1|6\n|teamsize|p2|6\n|gametype|singles\n|gen|8\n|tier|[Gen 8] Random Battle\n|rated|\n|rule|Species Clause: Limit one of each Pok\u00e9mon\n|rule|HP Percentage Mod: HP is shown in percentages\n|rule|Sleep Clause Mod: Limit one foe put to sleep\n|\n|start\n|switch|p1a: Beartic|Beartic, L88, F|310\/310\n|switch|p2a: Clefable|Clefable, L80, F|283\/283\n|turn|1\n|inactive|Battle timer is ON: inactive players will automatically lose when time's up. (requested by Ban Lando t guy jk)\n|\n|move|p2a: Clefable|Stealth Rock|p1a: Beartic\n|-sidestart|p1: petemasta|move: Stealth Rock\n|move|p1a: Beartic|Swords Dance|p1a: Beartic\n|-boost|p1a: Beartic|atk|2\n|\n|upkeep\n|turn|2\n|c|\u2606petemasta|watafak bro\n|\n|move|p2a: Clefable|Moonblast|p1a: Beartic\n|-damage|p1a: Beartic|210\/310\n|move|p1a: Beartic|Icicle Crash|p2a: Clefable\n|-damage|p2a: Clefable|0 fnt\n|-damage|p1a: Beartic|179\/310|[from] item: Life Orb\n|faint|p2a: Clefable\n|\n|upkeep\n|\n|switch|p2a: Qwilfish|Qwilfish, L86, F|252\/252\n|-ability|p2a: Qwilfish|Intimidate|boost\n|-unboost|p1a: Beartic|atk|1\n|turn|3\n|\n|switch|p1a: Vespiquen|Vespiquen, L88, F|265\/265\n|-ability|p1a: Vespiquen|Pressure\n|move|p2a: Qwilfish|Toxic Spikes|p1a: Vespiquen\n|-sidestart|p1: petemasta|move: Toxic Spikes\n|\n|upkeep\n|turn|4\n|\n|move|p2a: Qwilfish|Thunder Wave|p1a: Vespiquen\n|-status|p1a: Vespiquen|par\n|move|p1a: Vespiquen|Defog|p2a: Qwilfish\n|-unboost|p2a: Qwilfish|evasion|1\n|-sideend|p1: petemasta|Toxic Spikes|[from] move: Defog|[of] p1a: Vespiquen\n|-sideend|p1: petemasta|Stealth Rock|[from] move: Defog|[of] p1a: Vespiquen\n|\n|upkeep\n|turn|5\n|\n|switch|p1a: Vikavolt|Vikavolt, L84, M|267\/267\n|move|p2a: Qwilfish|Spikes|p1a: Vikavolt\n|-sidestart|p1: petemasta|Spikes\n|\n|upkeep\n|turn|6\n|\n|move|p2a: Qwilfish|Toxic Spikes|p1a: Vikavolt\n|-sidestart|p1: petemasta|move: Toxic Spikes\n|move|p1a: Vikavolt|Sticky Web|p2a: Qwilfish\n|-sidestart|p2: Ban Lando t guy jk|move: Sticky Web\n|\n|upkeep\n|turn|7\n|\n|move|p2a: Qwilfish|Spikes|p1a: Vikavolt\n|-sidestart|p1: petemasta|Spikes\n|move|p1a: Vikavolt|Thunderbolt|p2a: Qwilfish\n|-supereffective|p2a: Qwilfish\n|-damage|p2a: Qwilfish|0 fnt\n|-damage|p1a: Vikavolt|241\/267|[from] item: Life Orb\n|faint|p2a: Qwilfish\n|\n|upkeep\n|\n|switch|p2a: Barraskewda|Barraskewda, L84, F|240\/240\n|-activate|p2a: Barraskewda|move: Sticky Web\n|-unboost|p2a: Barraskewda|spe|1\n|turn|8\n|\n|-start|p2a: Barraskewda|Dynamax\n|-heal|p2a: Barraskewda|480\/480|[silent]\n|move|p2a: Barraskewda|Max Geyser|p1a: Vikavolt\n|-damage|p1a: Vikavolt|90\/267\n|-weather|RainDance\n|move|p1a: Vikavolt|Thunderbolt|p2a: Barraskewda\n|-supereffective|p2a: Barraskewda\n|-damage|p2a: Barraskewda|0 fnt\n|-damage|p1a: Vikavolt|64\/267|[from] item: Life Orb\n|faint|p2a: Barraskewda\n|\n|-weather|RainDance|[upkeep]\n|upkeep\n|\n|switch|p2a: Roserade|Roserade, L82, M|233\/233\n|-activate|p2a: Roserade|move: Sticky Web\n|-unboost|p2a: Roserade|spe|1\n|turn|9\n|c|\u2606petemasta|ok bro\n|\n|move|p2a: Roserade|Sludge Bomb|p1a: Vikavolt\n|-damage|p1a: Vikavolt|0 fnt\n|faint|p1a: Vikavolt\n|\n|-weather|RainDance|[upkeep]\n|upkeep\n|\n|switch|p1a: Vespiquen|Vespiquen, L88, F|265\/265 par\n|-ability|p1a: Vespiquen|Pressure\n|turn|10\n|\n|move|p2a: Roserade|Sludge Bomb|p1a: Vespiquen\n|-damage|p1a: Vespiquen|163\/265 par\n|cant|p1a: Vespiquen|par\n|\n|-weather|RainDance|[upkeep]\n|upkeep\n|turn|11\n|\n|move|p2a: Roserade|Leaf Storm|p1a: Vespiquen\n|-resisted|p1a: Vespiquen\n|-damage|p1a: Vespiquen|132\/265 par\n|-unboost|p2a: Roserade|spa|2\n|move|p1a: Vespiquen|Defog|p2a: Roserade\n|-unboost|p2a: Roserade|evasion|1\n|-sideend|p2: Ban Lando t guy jk|Sticky Web|[from] move: Defog|[of] p1a: Vespiquen\n|-sideend|p1: petemasta|Spikes|[from] move: Defog|[of] p1a: Vespiquen\n|-sideend|p1: petemasta|Toxic Spikes|[from] move: Defog|[of] p1a: Vespiquen\n|\n|-weather|RainDance|[upkeep]\n|upkeep\n|turn|12\n|\n|move|p2a: Roserade|Spikes|p1a: Vespiquen\n|-sidestart|p1: petemasta|Spikes\n|cant|p1a: Vespiquen|par\n|\n|-weather|none\n|upkeep\n|turn|13\n|\n|move|p2a: Roserade|Spikes|p1a: Vespiquen\n|-sidestart|p1: petemasta|Spikes\n|move|p1a: Vespiquen|Air Slash|p2a: Roserade\n|-supereffective|p2a: Roserade\n|-damage|p2a: Roserade|99\/233\n|\n|-heal|p2a: Roserade|113\/233|[from] item: Black Sludge\n|upkeep\n|turn|14\n|\n|switch|p2a: Zekrom|Zekrom, L72|263\/263\n|-ability|p2a: Zekrom|Teravolt\n|move|p1a: Vespiquen|Air Slash|p2a: Zekrom\n|-resisted|p2a: Zekrom\n|-damage|p2a: Zekrom|226\/263\n|\n|upkeep\n|turn|15\n|\n|switch|p1a: Groudon|Groudon, L72|263\/263\n|-damage|p1a: Groudon|220\/263|[from] Spikes\n|-weather|SunnyDay|[from] ability: Drought|[of] p1a: Groudon\n|move|p2a: Zekrom|Substitute|p2a: Zekrom\n|-start|p2a: Zekrom|Substitute\n|-damage|p2a: Zekrom|161\/263\n|\n|-weather|SunnyDay|[upkeep]\n|-heal|p1a: Groudon|236\/263|[from] item: Leftovers\n|upkeep\n|turn|16\n|\n|move|p1a: Groudon|Earthquake|p2a: Zekrom\n|-supereffective|p2a: Zekrom\n|-end|p2a: Zekrom|Substitute\n|move|p2a: Zekrom|Dragon Dance|p2a: Zekrom\n|-boost|p2a: Zekrom|atk|1\n|-boost|p2a: Zekrom|spe|1\n|\n|-weather|SunnyDay|[upkeep]\n|-heal|p1a: Groudon|252\/263|[from] item: Leftovers\n|upkeep\n|turn|17\n|\n|-start|p1a: Groudon|Dynamax\n|-heal|p1a: Groudon|504\/526|[silent]\n|move|p2a: Zekrom|Outrage|p1a: Groudon\n|-damage|p1a: Groudon|348\/526\n|move|p1a: Groudon|Max Quake|p2a: Zekrom\n|-supereffective|p2a: Zekrom\n|-crit|p2a: Zekrom\n|-damage|p2a: Zekrom|0 fnt\n|-boost|p1a: Groudon|spd|1\n|faint|p2a: Zekrom\n|\n|-weather|SunnyDay|[upkeep]\n|-heal|p1a: Groudon|364\/526|[from] item: Leftovers\n|upkeep\n|\n|switch|p2a: Dubwool|Dubwool, L88, M|270\/270\n|turn|18\n|\n|move|p2a: Dubwool|Body Press|p1a: Groudon\n|-damage|p1a: Groudon|312\/526\n|move|p1a: Groudon|Max Rockfall|p2a: Dubwool\n|-damage|p2a: Dubwool|186\/270\n|-weather|Sandstorm\n|\n|-weather|Sandstorm|[upkeep]\n|-damage|p2a: Dubwool|170\/270|[from] Sandstorm\n|-heal|p2a: Dubwool|186\/270|[from] item: Leftovers\n|-heal|p1a: Groudon|328\/526|[from] item: Leftovers\n|upkeep\n|turn|19\n|\n|move|p2a: Dubwool|Cotton Guard|p2a: Dubwool\n|-boost|p2a: Dubwool|def|3\n|move|p1a: Groudon|Max Quake|p2a: Dubwool\n|-damage|p2a: Dubwool|132\/270\n|-boost|p1a: Groudon|spd|1\n|\n|-weather|Sandstorm|[upkeep]\n|-damage|p2a: Dubwool|116\/270|[from] Sandstorm\n|-heal|p2a: Dubwool|132\/270|[from] item: Leftovers\n|-heal|p1a: Groudon|344\/526|[from] item: Leftovers\n|-end|p1a: Groudon|Dynamax\n|-heal|p1a: Groudon|172\/263|[silent]\n|upkeep\n|turn|20\n|\n|move|p2a: Dubwool|Cotton Guard|p2a: Dubwool\n|-boost|p2a: Dubwool|def|3\n|move|p1a: Groudon|Swords Dance|p1a: Groudon\n|-boost|p1a: Groudon|atk|2\n|\n|-weather|Sandstorm|[upkeep]\n|-damage|p2a: Dubwool|116\/270|[from] Sandstorm\n|-heal|p2a: Dubwool|132\/270|[from] item: Leftovers\n|-heal|p1a: Groudon|188\/263|[from] item: Leftovers\n|upkeep\n|turn|21\n|\n|move|p2a: Dubwool|Cotton Guard|p2a: Dubwool\n|-boost|p2a: Dubwool|def|0\n|move|p1a: Groudon|Swords Dance|p1a: Groudon\n|-boost|p1a: Groudon|atk|2\n|\n|-weather|Sandstorm|[upkeep]\n|-damage|p2a: Dubwool|116\/270|[from] Sandstorm\n|-heal|p2a: Dubwool|132\/270|[from] item: Leftovers\n|-heal|p1a: Groudon|204\/263|[from] item: Leftovers\n|upkeep\n|turn|22\n|\n|move|p2a: Dubwool|Body Press|p1a: Groudon\n|-damage|p1a: Groudon|14\/263\n|move|p1a: Groudon|Earthquake|p2a: Dubwool\n|-damage|p2a: Dubwool|57\/270\n|\n|-weather|none\n|-heal|p2a: Dubwool|73\/270|[from] item: Leftovers\n|-heal|p1a: Groudon|30\/263|[from] item: Leftovers\n|upkeep\n|turn|23\n|\n|move|p2a: Dubwool|Rest|p2a: Dubwool\n|-status|p2a: Dubwool|slp|[from] move: Rest\n|-heal|p2a: Dubwool|270\/270 slp|[silent]\n|move|p1a: Groudon|Earthquake|p2a: Dubwool\n|-damage|p2a: Dubwool|198\/270 slp\n|\n|-heal|p2a: Dubwool|214\/270 slp|[from] item: Leftovers\n|-heal|p1a: Groudon|46\/263|[from] item: Leftovers\n|upkeep\n|turn|24\n|\n|cant|p2a: Dubwool|slp\n|move|p2a: Dubwool|Sleep Talk|p2a: Dubwool\n|move|p2a: Dubwool|Body Press|p1a: Groudon|[from]Sleep Talk\n|-crit|p1a: Groudon\n|-damage|p1a: Groudon|0 fnt\n|faint|p1a: Groudon\n|\n|-heal|p2a: Dubwool|230\/270 slp|[from] item: Leftovers\n|upkeep\n|\n|switch|p1a: Kyurem|Kyurem, L80|331\/331\n|-damage|p1a: Kyurem|276\/331|[from] Spikes\n|-ability|p1a: Kyurem|Pressure\n|turn|25\n|\n|cant|p2a: Dubwool|slp\n|move|p2a: Dubwool|Sleep Talk|p2a: Dubwool\n|move|p2a: Dubwool|Body Press|p1a: Kyurem|[from]Sleep Talk\n|-supereffective|p1a: Kyurem\n|-damage|p1a: Kyurem|0 fnt\n|faint|p1a: Kyurem\n|\n|-heal|p2a: Dubwool|246\/270 slp|[from] item: Leftovers\n|upkeep\n|c|\u2606petemasta|fck iu\n|\n|switch|p1a: Vespiquen|Vespiquen, L88, F|132\/265 par\n|-ability|p1a: Vespiquen|Pressure\n|turn|26\n|\n|-curestatus|p2a: Dubwool|slp|[msg]\n|move|p2a: Dubwool|Body Press|p1a: Vespiquen\n|-resisted|p1a: Vespiquen\n|-damage|p1a: Vespiquen|78\/265 par\n|move|p1a: Vespiquen|Defog|p2a: Dubwool\n|-unboost|p2a: Dubwool|evasion|1\n|-sideend|p1: petemasta|Spikes|[from] move: Defog|[of] p1a: Vespiquen\n|\n|-heal|p2a: Dubwool|262\/270|[from] item: Leftovers\n|upkeep\n|turn|27\n|\n|move|p2a: Dubwool|Body Press|p1a: Vespiquen\n|-resisted|p1a: Vespiquen\n|-damage|p1a: Vespiquen|21\/265 par\n|move|p1a: Vespiquen|Toxic|p2a: Dubwool\n|-status|p2a: Dubwool|tox\n|\n|-heal|p2a: Dubwool|270\/270 tox|[from] item: Leftovers\n|-damage|p2a: Dubwool|254\/270 tox|[from] psn\n|upkeep\n|turn|28\n|\n|move|p2a: Dubwool|Rest|p2a: Dubwool\n|-status|p2a: Dubwool|slp|[from] move: Rest\n|-heal|p2a: Dubwool|270\/270 slp|[silent]\n|cant|p1a: Vespiquen|par\n|\n|upkeep\n|turn|29\n|\n|cant|p2a: Dubwool|slp\n|move|p2a: Dubwool|Sleep Talk|p2a: Dubwool\n|move|p2a: Dubwool|Body Press|p1a: Vespiquen|[from]Sleep Talk\n|-resisted|p1a: Vespiquen\n|-damage|p1a: Vespiquen|0 fnt\n|faint|p1a: Vespiquen\n|\n|upkeep\n|\n|switch|p1a: Beartic|Beartic, L88, F|179\/310\n|turn|30\n|\n|cant|p2a: Dubwool|slp\n|move|p2a: Dubwool|Sleep Talk|p2a: Dubwool\n|move|p2a: Dubwool|Body Press|p1a: Beartic|[from]Sleep Talk\n|-supereffective|p1a: Beartic\n|-damage|p1a: Beartic|0 fnt\n|faint|p1a: Beartic\n|\n|upkeep\n|c|\u2606petemasta|iu win\n|\n|switch|p1a: Tyranitar|Tyranitar, L80, F|291\/291\n|-weather|Sandstorm|[from] ability: Sand Stream|[of] p1a: Tyranitar\n|turn|31\n|\n|-curestatus|p2a: Dubwool|slp|[msg]\n|move|p2a: Dubwool|Body Press|p1a: Tyranitar\n|-supereffective|p1a: Tyranitar\n|-damage|p1a: Tyranitar|0 fnt\n|faint|p1a: Tyranitar\n|\n|win|Ban Lando t guy jk\n|raw|petemasta's rating: 1210 &rarr; <strong>1180<\/strong><br \/>(-30 for losing)\n|raw|Ban Lando t guy jk's rating: 1133 &rarr; <strong>1163<\/strong><br \/>(+30 for winning)\n|l|\u2606petemasta\n|c|\u2606Ban Lando t guy jk|Well train dubwool\n","inputlog":">version 76b545db107b1addf0962f06a01ce45d4aa5694c\n>start {\"formatid\":\"gen8randombattle\",\"seed\":[48937,17644,16898,17005],\"rated\":\"Rated battle\"}\n>player p1 {\"name\":\"petemasta\",\"avatar\":\"101\",\"team\":\"\",\"rating\":1210,\"seed\":[43713,48992,53208,40333]}\n>player p2 {\"name\":\"Ban Lando t guy jk\",\"avatar\":\"164\",\"team\":\"\",\"rating\":1133,\"seed\":[47702,30729,11029,29238]}\n>p1 move swordsdance\n>p2 move stealthrock\n>p1 move iciclecrash\n>p2 move moonblast\n>p2 switch 2\n>p1 switch 5\n>p2 move toxicspikes\n>p1 move defog\n>p2 move thunderwave\n>p1 switch 2\n>p2 move spikes\n>p1 move stickyweb\n>p2 move toxicspikes\n>p1 move thunderbolt\n>p2 move spikes\n>p2 switch 3\n>p1 move thunderbolt\n>p2 move liquidation dynamax\n>p2 switch 5\n>p1 move bugbuzz\n>p2 move sludgebomb\n>p1 switch 2\n>p1 move defog\n>p2 move sludgebomb\n>p1 move defog\n>p2 move leafstorm\n>p1 move airslash\n>p2 move spikes\n>p1 move airslash\n>p2 move spikes\n>p1 move airslash\n>p2 switch 6\n>p1 switch 6\n>p2 move substitute\n>p1 move earthquake\n>p2 move dragondance\n>p1 move earthquake dynamax\n>p2 move outrage\n>p2 switch 4\n>p1 move stoneedge dynamax\n>p2 move bodypress\n>p1 move earthquake dynamax\n>p2 move cottonguard\n>p1 move swordsdance\n>p2 move cottonguard\n>p1 move swordsdance\n>p2 move cottonguard\n>p1 move earthquake\n>p2 move bodypress\n>p1 move earthquake\n>p2 move rest\n>p1 move swordsdance\n>p2 move sleeptalk\n>p1 switch 4\n>p1 move focusblast\n>p2 move sleeptalk\n>p1 switch 6\n>p1 move defog\n>p2 move bodypress\n>p1 move toxic\n>p2 move bodypress\n>p1 move roost\n>p2 move rest\n>p1 move roost\n>p2 move sleeptalk\n>p1 switch 5\n>p1 move swordsdance\n>p2 move sleeptalk\n>p1 switch 3\n>p1 move dragondance\n>p2 move bodypress","uploadtime":1590394045,"views":4,"p1id":"petemasta","p2id":"banlandotguyjk","formatid":"gen8randombattle","rating":1163,"private":0,"password":null}