{"id":"gen8nationaldexag-1697634302","p1":"quixana","p2":"awegsv","format":"gen8nationaldexag","log":"|j|\u2606quixana\n|j|\u2606awegsv\n|t:|1667016664\n|gametype|singles\n|player|p1|quixana|ethan-pokeathlon|1329\n|player|p2|awegsv|silver|1314\n|teamsize|p1|6\n|teamsize|p2|6\n|gen|8\n|tier|[Gen 8] National Dex AG\n|rated|\n|rule|HP Percentage Mod: HP is shown in percentages\n|rule|Endless Battle Clause: Forcing endless battles is banned\n|clearpoke\n|poke|p1|Salazzle, F|\n|poke|p1|Magnemite, L1|\n|poke|p1|Diancie|\n|poke|p1|Eternatus|\n|poke|p1|Arceus-*|\n|poke|p1|Deoxys-Speed|\n|poke|p2|Greninja, M|\n|poke|p2|Staraptor, M|\n|poke|p2|Weavile, F|\n|poke|p2|Volcarona, F|\n|poke|p2|Metagross|\n|poke|p2|Giratina-Origin|\n|teampreview\n|inactive|Battle timer is ON: inactive players will automatically lose when time's up. (requested by awegsv)\n|\n|t:|1667016675\n|start\n|switch|p1a: Deoxys|Deoxys-Speed|100\/100\n|switch|p2a: Metagross|Metagross, shiny|100\/100\n|-ability|p1a: Deoxys|Pressure\n|turn|1\n|\n|t:|1667016685\n|detailschange|p2a: Metagross|Metagross-Mega, shiny\n|-mega|p2a: Metagross|Metagross|Metagrossite\n|move|p1a: Deoxys|Stealth Rock|p2a: Metagross\n|-sidestart|p2: awegsv|move: Stealth Rock\n|move|p2a: Metagross|Meteor Mash|p1a: Deoxys\n|-damage|p1a: Deoxys|12\/100\n|\n|upkeep\n|turn|2\n|\n|t:|1667016692\n|move|p2a: Metagross|Bullet Punch|p1a: Deoxys\n|-damage|p1a: Deoxys|0 fnt\n|faint|p1a: Deoxys\n|\n|upkeep\n|\n|t:|1667016701\n|switch|p1a: Salazzle|Salazzle, F|100\/100\n|turn|3\n|\n|t:|1667016710\n|switch|p2a: Giratina|Giratina-Origin|100\/100\n|-damage|p2a: Giratina|88\/100|[from] Stealth Rock\n|move|p1a: Salazzle|Toxic|p2a: Giratina\n|-status|p2a: Giratina|tox\n|\n|-damage|p2a: Giratina|82\/100 tox|[from] psn\n|upkeep\n|turn|4\n|\n|t:|1667016716\n|move|p1a: Salazzle|Substitute|p1a: Salazzle\n|-start|p1a: Salazzle|Substitute\n|-damage|p1a: Salazzle|76\/100\n|move|p2a: Giratina|Poltergeist|p1a: Salazzle\n|-activate|p1a: Salazzle|move: Poltergeist|Focus Sash\n|-end|p1a: Salazzle|Substitute\n|\n|-damage|p2a: Giratina|70\/100 tox|[from] psn\n|upkeep\n|turn|5\n|\n|t:|1667016720\n|move|p1a: Salazzle|Disable|p2a: Giratina\n|-start|p2a: Giratina|Disable|Poltergeist\n|cant|p2a: Giratina|Disable|Poltergeist\n|\n|-damage|p2a: Giratina|51\/100 tox|[from] psn\n|upkeep\n|turn|6\n|\n|t:|1667016725\n|move|p1a: Salazzle|Protect|p1a: Salazzle\n|-singleturn|p1a: Salazzle|Protect\n|move|p2a: Giratina|Shadow Sneak|p1a: Salazzle\n|-activate|p1a: Salazzle|move: Protect\n|\n|-damage|p2a: Giratina|27\/100 tox|[from] psn\n|upkeep\n|turn|7\n|\n|t:|1667016731\n|move|p2a: Giratina|Shadow Sneak|p1a: Salazzle\n|-damage|p1a: Salazzle|39\/100\n|move|p1a: Salazzle|Substitute|p1a: Salazzle\n|-start|p1a: Salazzle|Substitute\n|-damage|p1a: Salazzle|14\/100\n|\n|-damage|p2a: Giratina|0 fnt|[from] psn\n|faint|p2a: Giratina\n|upkeep\n|\n|t:|1667016734\n|switch|p2a: Greninja|Greninja, M|100\/100\n|-damage|p2a: Greninja|88\/100|[from] Stealth Rock\n|turn|8\n|j| jasonwowhero\n|\n|t:|1667016740\n|move|p1a: Salazzle|Protect|p1a: Salazzle\n|-singleturn|p1a: Salazzle|Protect\n|move|p2a: Greninja|Water Shuriken|p1a: Salazzle\n|-activate|p1a: Salazzle|move: Protect\n|\n|upkeep\n|turn|9\n|\n|t:|1667016744\n|switch|p1a: Eternatus|Eternatus|100\/100\n|-ability|p1a: Eternatus|Pressure\n|move|p2a: Greninja|Water Shuriken|p1a: Eternatus\n|-resisted|p1a: Eternatus\n|-damage|p1a: Eternatus|98\/100\n|-resisted|p1a: Eternatus\n|-damage|p1a: Eternatus|95\/100\n|-hitcount|p1a: Eternatus|2\n|-damage|p2a: Greninja|78\/100|[from] item: Life Orb\n|\n|upkeep\n|turn|10\n|\n|t:|1667016759\n|-start|p2a: Greninja|Dynamax|\n|-heal|p2a: Greninja|78\/100|[silent]\n|move|p2a: Greninja|Max Hailstorm|p1a: Eternatus\n|-supereffective|p1a: Eternatus\n|-damage|p1a: Eternatus|36\/100\n|-weather|Hail\n|-damage|p2a: Greninja|73\/100|[from] item: Life Orb\n|move|p1a: Eternatus|Toxic Spikes|p2a: Greninja\n|-sidestart|p2: awegsv|move: Toxic Spikes\n|\n|-weather|Hail|[upkeep]\n|-damage|p2a: Greninja|70\/100|[from] Hail\n|-damage|p1a: Eternatus|30\/100|[from] Hail\n|upkeep\n|turn|11\n|\n|t:|1667016771\n|switch|p1a: Salazzle|Salazzle, F|14\/100\n|move|p2a: Greninja|Max Darkness|p1a: Salazzle\n|-damage|p1a: Salazzle|0 fnt\n|faint|p1a: Salazzle\n|-activate|p2a: Greninja|ability: Battle Bond\n|detailschange|p2a: Greninja|Greninja-Ash, M\n|-damage|p2a: Greninja|66\/100|[from] item: Life Orb\n|\n|-weather|Hail|[upkeep]\n|-damage|p2a: Greninja|63\/100|[from] Hail\n|upkeep\n|\n|t:|1667016774\n|switch|p1a: Arceus|Arceus|100\/100\n|turn|12\n|\n|t:|1667016779\n|-start|p1a: Arceus|Dynamax|\n|-heal|p1a: Arceus|100\/100|[silent]\n|move|p2a: Greninja|Max Geyser|p1a: Arceus\n|-damage|p1a: Arceus|65\/100\n|-weather|RainDance\n|-damage|p2a: Greninja|58\/100|[from] item: Life Orb\n|move|p1a: Arceus|Max Strike|p2a: Greninja\n|-damage|p2a: Greninja|0 fnt\n|faint|p2a: Greninja\n|\n|-weather|RainDance|[upkeep]\n|upkeep\n|\n|t:|1667016790\n|switch|p2a: Staraptor|Staraptor, M|100\/100\n|-damage|p2a: Staraptor|76\/100|[from] Stealth Rock\n|turn|13\n|\n|t:|1667016796\n|move|p1a: Arceus|Max Guard|p1a: Arceus\n|-singleturn|p1a: Arceus|Max Guard\n|move|p2a: Staraptor|Close Combat|p1a: Arceus\n|-activate|p1a: Arceus|move: Max Guard\n|\n|-weather|RainDance|[upkeep]\n|upkeep\n|turn|14\n|\n|t:|1667016803\n|-end|p1a: Arceus|Dynamax\n|-heal|p1a: Arceus|65\/100|[silent]\n|switch|p1a: Eternatus|Eternatus|30\/100\n|-ability|p1a: Eternatus|Pressure\n|move|p2a: Staraptor|Close Combat|p1a: Eternatus\n|-resisted|p1a: Eternatus\n|-damage|p1a: Eternatus|14\/100\n|-unboost|p2a: Staraptor|def|1\n|-unboost|p2a: Staraptor|spd|1\n|\n|-weather|RainDance|[upkeep]\n|upkeep\n|turn|15\n|\n|t:|1667016807\n|move|p2a: Staraptor|Close Combat|p1a: Eternatus\n|-resisted|p1a: Eternatus\n|-damage|p1a: Eternatus|0 fnt\n|-unboost|p2a: Staraptor|def|1\n|-unboost|p2a: Staraptor|spd|1\n|faint|p1a: Eternatus\n|\n|-weather|RainDance|[upkeep]\n|upkeep\n|\n|t:|1667016810\n|switch|p1a: Diancie|Diancie|100\/100\n|turn|16\n|\n|t:|1667016826\n|switch|p2a: Metagross|Metagross-Mega, shiny|100\/100\n|-damage|p2a: Metagross|95\/100|[from] Stealth Rock\n|detailschange|p1a: Diancie|Diancie-Mega\n|-mega|p1a: Diancie|Diancie|Diancite\n|move|p1a: Diancie|Moonblast|p2a: Metagross\n|-resisted|p2a: Metagross\n|-damage|p2a: Metagross|62\/100\n|-unboost|p2a: Metagross|spa|1\n|\n|-weather|none\n|upkeep\n|turn|17\n|\n|t:|1667016835\n|switch|p1a: Magnemite|Magnemite, L1|100\/100\n|move|p2a: Metagross|Bullet Punch|p1a: Magnemite\n|-resisted|p1a: Magnemite\n|-ability|p1a: Magnemite|Sturdy\n|-damage|p1a: Magnemite|10\/100\n|-enditem|p1a: Magnemite|Berry Juice\n|-heal|p1a: Magnemite|100\/100|[from] item: Berry Juice\n|\n|upkeep\n|turn|18\n|\n|t:|1667016843\n|move|p2a: Metagross|Bullet Punch|p1a: Magnemite\n|-resisted|p1a: Magnemite\n|-ability|p1a: Magnemite|Sturdy\n|-damage|p1a: Magnemite|10\/100\n|move|p1a: Magnemite|Recycle|p1a: Magnemite\n|-item|p1a: Magnemite|Berry Juice|[from] move: Recycle\n|-enditem|p1a: Magnemite|Berry Juice\n|-heal|p1a: Magnemite|100\/100|[from] item: Berry Juice\n|\n|upkeep\n|turn|19\n|\n|t:|1667016851\n|move|p1a: Magnemite|Protect|p1a: Magnemite\n|-singleturn|p1a: Magnemite|Protect\n|move|p2a: Metagross|Bullet Punch|p1a: Magnemite\n|-activate|p1a: Magnemite|move: Protect\n|\n|upkeep\n|turn|20\n|\n|t:|1667016857\n|move|p2a: Metagross|Bullet Punch|p1a: Magnemite\n|-resisted|p1a: Magnemite\n|-ability|p1a: Magnemite|Sturdy\n|-damage|p1a: Magnemite|10\/100\n|move|p1a: Magnemite|Recycle|p1a: Magnemite\n|-item|p1a: Magnemite|Berry Juice|[from] move: Recycle\n|-enditem|p1a: Magnemite|Berry Juice\n|-heal|p1a: Magnemite|100\/100|[from] item: Berry Juice\n|\n|upkeep\n|turn|21\n|\n|t:|1667016859\n|move|p1a: Magnemite|Protect|p1a: Magnemite\n|-singleturn|p1a: Magnemite|Protect\n|move|p2a: Metagross|Bullet Punch|p1a: Magnemite\n|-activate|p1a: Magnemite|move: Protect\n|\n|upkeep\n|turn|22\n|\n|t:|1667016863\n|move|p2a: Metagross|Bullet Punch|p1a: Magnemite\n|-resisted|p1a: Magnemite\n|-ability|p1a: Magnemite|Sturdy\n|-damage|p1a: Magnemite|10\/100\n|move|p1a: Magnemite|Recycle|p1a: Magnemite\n|-item|p1a: Magnemite|Berry Juice|[from] move: Recycle\n|-enditem|p1a: Magnemite|Berry Juice\n|-heal|p1a: Magnemite|100\/100|[from] item: Berry Juice\n|\n|upkeep\n|turn|23\n|\n|t:|1667016871\n|move|p1a: Magnemite|Protect|p1a: Magnemite\n|-singleturn|p1a: Magnemite|Protect\n|move|p2a: Metagross|Bullet Punch|p1a: Magnemite\n|-activate|p1a: Magnemite|move: Protect\n|\n|upkeep\n|turn|24\n|\n|t:|1667016874\n|move|p2a: Metagross|Bullet Punch|p1a: Magnemite\n|-resisted|p1a: Magnemite\n|-ability|p1a: Magnemite|Sturdy\n|-damage|p1a: Magnemite|10\/100\n|move|p1a: Magnemite|Recycle|p1a: Magnemite\n|-item|p1a: Magnemite|Berry Juice|[from] move: Recycle\n|-enditem|p1a: Magnemite|Berry Juice\n|-heal|p1a: Magnemite|100\/100|[from] item: Berry Juice\n|\n|upkeep\n|turn|25\n|\n|t:|1667016876\n|move|p1a: Magnemite|Protect|p1a: Magnemite\n|-singleturn|p1a: Magnemite|Protect\n|move|p2a: Metagross|Bullet Punch|p1a: Magnemite\n|-activate|p1a: Magnemite|move: Protect\n|\n|upkeep\n|turn|26\n|\n|t:|1667016884\n|move|p2a: Metagross|Bullet Punch|p1a: Magnemite\n|-resisted|p1a: Magnemite\n|-ability|p1a: Magnemite|Sturdy\n|-damage|p1a: Magnemite|10\/100\n|move|p1a: Magnemite|Recycle|p1a: Magnemite\n|-item|p1a: Magnemite|Berry Juice|[from] move: Recycle\n|-enditem|p1a: Magnemite|Berry Juice\n|-heal|p1a: Magnemite|100\/100|[from] item: Berry Juice\n|\n|upkeep\n|turn|27\n|\n|t:|1667016889\n|move|p1a: Magnemite|Protect|p1a: Magnemite\n|-singleturn|p1a: Magnemite|Protect\n|move|p2a: Metagross|Bullet Punch|p1a: Magnemite\n|-activate|p1a: Magnemite|move: Protect\n|\n|upkeep\n|turn|28\n|\n|t:|1667016893\n|move|p2a: Metagross|Bullet Punch|p1a: Magnemite\n|-resisted|p1a: Magnemite\n|-ability|p1a: Magnemite|Sturdy\n|-damage|p1a: Magnemite|10\/100\n|move|p1a: Magnemite|Recycle|p1a: Magnemite\n|-item|p1a: Magnemite|Berry Juice|[from] move: Recycle\n|-enditem|p1a: Magnemite|Berry Juice\n|-heal|p1a: Magnemite|100\/100|[from] item: Berry Juice\n|\n|upkeep\n|turn|29\n|\n|t:|1667016899\n|move|p1a: Magnemite|Protect|p1a: Magnemite\n|-singleturn|p1a: Magnemite|Protect\n|move|p2a: Metagross|Bullet Punch|p1a: Magnemite\n|-activate|p1a: Magnemite|move: Protect\n|\n|upkeep\n|turn|30\n|\n|t:|1667016901\n|move|p2a: Metagross|Bullet Punch|p1a: Magnemite\n|-resisted|p1a: Magnemite\n|-ability|p1a: Magnemite|Sturdy\n|-damage|p1a: Magnemite|10\/100\n|move|p1a: Magnemite|Recycle|p1a: Magnemite\n|-item|p1a: Magnemite|Berry Juice|[from] move: Recycle\n|-enditem|p1a: Magnemite|Berry Juice\n|-heal|p1a: Magnemite|100\/100|[from] item: Berry Juice\n|\n|upkeep\n|turn|31\n|\n|t:|1667016904\n|move|p1a: Magnemite|Protect|p1a: Magnemite\n|-singleturn|p1a: Magnemite|Protect\n|move|p2a: Metagross|Bullet Punch|p1a: Magnemite\n|-activate|p1a: Magnemite|move: Protect\n|\n|upkeep\n|turn|32\n|\n|t:|1667016906\n|move|p2a: Metagross|Bullet Punch|p1a: Magnemite\n|-resisted|p1a: Magnemite\n|-ability|p1a: Magnemite|Sturdy\n|-damage|p1a: Magnemite|10\/100\n|move|p1a: Magnemite|Recycle|p1a: Magnemite\n|-item|p1a: Magnemite|Berry Juice|[from] move: Recycle\n|-enditem|p1a: Magnemite|Berry Juice\n|-heal|p1a: Magnemite|100\/100|[from] item: Berry Juice\n|\n|upkeep\n|turn|33\n|\n|t:|1667016911\n|move|p1a: Magnemite|Protect|p1a: Magnemite\n|-singleturn|p1a: Magnemite|Protect\n|move|p2a: Metagross|Bullet Punch|p1a: Magnemite\n|-activate|p1a: Magnemite|move: Protect\n|\n|upkeep\n|turn|34\n|\n|t:|1667016916\n|switch|p2a: Weavile|Weavile, F|100\/100\n|-ability|p2a: Weavile|Pressure\n|move|p1a: Magnemite|Recycle|p1a: Magnemite\n|-item|p1a: Magnemite|Berry Juice|[from] move: Recycle\n|\n|upkeep\n|turn|35\n|\n|t:|1667016927\n|move|p2a: Weavile|Triple Axel|p1a: Magnemite\n|-resisted|p1a: Magnemite\n|-crit|p1a: Magnemite\n|-ability|p1a: Magnemite|Sturdy\n|-damage|p1a: Magnemite|10\/100\n|-enditem|p1a: Magnemite|Berry Juice\n|-heal|p1a: Magnemite|100\/100|[from] item: Berry Juice\n|-resisted|p1a: Magnemite\n|-ability|p1a: Magnemite|Sturdy\n|-damage|p1a: Magnemite|10\/100\n|-resisted|p1a: Magnemite\n|-damage|p1a: Magnemite|0 fnt\n|faint|p1a: Magnemite\n|-hitcount|p1: Magnemite|3\n|\n|upkeep\n|\n|t:|1667016943\n|switch|p1a: Diancie|Diancie-Mega|100\/100\n|turn|36\n|\n|t:|1667016950\n|move|p2a: Weavile|Triple Axel|p1a: Diancie\n|-damage|p1a: Diancie|87\/100\n|-damage|p1a: Diancie|58\/100\n|-damage|p1a: Diancie|18\/100\n|-hitcount|p1a: Diancie|3\n|move|p1a: Diancie|Earth Power|p2a: Weavile\n|-damage|p2a: Weavile|47\/100\n|\n|upkeep\n|turn|37\n|\n|t:|1667016956\n|move|p2a: Weavile|Ice Shard|p1a: Diancie\n|-damage|p1a: Diancie|0 fnt\n|faint|p1a: Diancie\n|\n|upkeep\n|\n|t:|1667016959\n|switch|p1a: Arceus|Arceus|65\/100\n|turn|38\n|\n|t:|1667016961\n|move|p1a: Arceus|Extreme Speed|p2a: Weavile\n|-damage|p2a: Weavile|0 fnt\n|faint|p2a: Weavile\n|\n|upkeep\n|\n|t:|1667016969\n|switch|p2a: Volcarona|Volcarona, F|100\/100\n|turn|39\n|\n|t:|1667016976\n|move|p2a: Volcarona|Fire Blast|p1a: Arceus\n|-damage|p1a: Arceus|22\/100\n|move|p1a: Arceus|Swords Dance|p1a: Arceus\n|-boost|p1a: Arceus|atk|2\n|\n|upkeep\n|turn|40\n|\n|t:|1667016980\n|move|p1a: Arceus|Extreme Speed|p2a: Volcarona\n|-damage|p2a: Volcarona|0 fnt\n|faint|p2a: Volcarona\n|\n|upkeep\n|\n|t:|1667016982\n|switch|p2a: Metagross|Metagross-Mega, shiny|62\/100\n|-damage|p2a: Metagross|56\/100|[from] Stealth Rock\n|turn|41\n|\n|t:|1667016985\n|move|p1a: Arceus|Extreme Speed|p2a: Metagross\n|-resisted|p2a: Metagross\n|-damage|p2a: Metagross|20\/100\n|move|p2a: Metagross|Bullet Punch|p1a: Arceus\n|-damage|p1a: Arceus|2\/100\n|\n|upkeep\n|turn|42\n|\n|t:|1667016990\n|move|p1a: Arceus|Extreme Speed|p2a: Metagross\n|-resisted|p2a: Metagross\n|-damage|p2a: Metagross|0 fnt\n|faint|p2a: Metagross\n|\n|upkeep\n|\n|t:|1667016992\n|switch|p2a: Staraptor|Staraptor, M|76\/100\n|-damage|p2a: Staraptor|51\/100|[from] Stealth Rock\n|turn|43\n|\n|t:|1667016994\n|move|p1a: Arceus|Extreme Speed|p2a: Staraptor\n|-damage|p2a: Staraptor|0 fnt\n|faint|p2a: Staraptor\n|\n|win|quixana\n|raw|quixana's rating: 1329 &rarr; <strong>1348<\/strong><br \/>(+19 for winning)\n|raw|awegsv's rating: 1314 &rarr; <strong>1295<\/strong><br \/>(-19 for losing)\n|l|\u2606awegsv\n","uploadtime":1667016999,"views":8,"p1id":"quixana","p2id":"awegsv","formatid":"gen8nationaldexag","rating":1295,"private":0,"password":null}