{"id":"gen8monotyperandombattle-1664561111","p1":"cows123p","p2":"qwiue","format":"gen8monotyperandombattle","log":"|j|\u2606cows123p\n|j|\u2606qwiue\n|t:|1663205979\n|gametype|singles\n|player|p1|cows123p|twins-gen4dp|1567\n|player|p2|qwiue|2|1494\n|teamsize|p1|6\n|teamsize|p2|6\n|gen|8\n|tier|[Gen 8] Monotype Random Battle\n|rated|\n|rule|Same Type Clause: Pok\u00e9mon in a team must share a type\n|rule|HP Percentage Mod: HP is shown in percentages\n|rule|Sleep Clause Mod: Limit one foe put to sleep\n|\n|t:|1663205979\n|start\n|switch|p1a: Mr. Rime|Mr. Rime, L86, M|278\/278\n|switch|p2a: Blaziken|Blaziken, L76, M|247\/247\n|turn|1\n|\n|t:|1663206005\n|switch|p2a: Pangoro|Pangoro, L84, F|297\/297\n|move|p1a: Mr. Rime|Rapid Spin|p2a: Pangoro\n|-damage|p2a: Pangoro|258\/297\n|-boost|p1a: Mr. Rime|spe|1\n|\n|upkeep\n|turn|2\n|\n|t:|1663206016\n|move|p1a: Mr. Rime|Focus Blast|p2a: Pangoro|[miss]\n|-miss|p1a: Mr. Rime|p2a: Pangoro\n|move|p2a: Pangoro|Knock Off|p1a: Mr. Rime\n|-supereffective|p1a: Mr. Rime\n|-damage|p1a: Mr. Rime|0 fnt\n|-enditem|p1a: Mr. Rime|Heavy-Duty Boots|[from] move: Knock Off|[of] p2a: Pangoro\n|faint|p1a: Mr. Rime\n|\n|upkeep\n|\n|t:|1663206033\n|switch|p1a: Cloyster|Cloyster, L80, F|211\/211\n|turn|3\n|\n|t:|1663206076\n|switch|p2a: Blaziken|Blaziken, L76, M|247\/247\n|move|p1a: Cloyster|Shell Smash|p1a: Cloyster\n|-unboost|p1a: Cloyster|def|1\n|-unboost|p1a: Cloyster|spd|1\n|-boost|p1a: Cloyster|atk|2\n|-boost|p1a: Cloyster|spa|2\n|-boost|p1a: Cloyster|spe|2\n|-enditem|p1a: Cloyster|White Herb\n|-clearnegativeboost|p1a: Cloyster|[silent]\n|\n|upkeep\n|turn|4\n|\n|t:|1663206094\n|-start|p1a: Cloyster|Dynamax|\n|-heal|p1a: Cloyster|422\/422|[silent]\n|move|p1a: Cloyster|Max Geyser|p2a: Blaziken\n|-supereffective|p2a: Blaziken\n|-damage|p2a: Blaziken|0 fnt\n|-weather|RainDance\n|faint|p2a: Blaziken\n|\n|-weather|RainDance|[upkeep]\n|upkeep\n|\n|t:|1663206111\n|switch|p2a: Sawk|Sawk, L86, M|269\/269\n|-ability|p2a: Sawk|Mold Breaker\n|turn|5\n|\n|t:|1663206118\n|-start|p2a: Sawk|Dynamax|\n|-heal|p2a: Sawk|538\/538|[silent]\n|move|p2a: Sawk|Max Guard|p2a: Sawk\n|-singleturn|p2a: Sawk|Max Guard\n|move|p1a: Cloyster|Max Hailstorm|p2a: Sawk\n|-activate|p2a: Sawk|move: Max Guard\n|\n|-weather|RainDance|[upkeep]\n|upkeep\n|turn|6\n|\n|t:|1663206134\n|move|p1a: Cloyster|Max Geyser|p2a: Sawk\n|-damage|p2a: Sawk|138\/538\n|move|p2a: Sawk|Max Knuckle|p1a: Cloyster\n|-supereffective|p1a: Cloyster\n|-damage|p1a: Cloyster|227\/422\n|-boost|p2a: Sawk|atk|1\n|-damage|p2a: Sawk|112\/538|[from] item: Life Orb\n|\n|-weather|RainDance|[upkeep]\n|upkeep\n|-end|p1a: Cloyster|Dynamax\n|-heal|p1a: Cloyster|114\/211|[silent]\n|turn|7\n|\n|t:|1663206158\n|move|p1a: Cloyster|Icicle Spear|p2a: Sawk\n|-damage|p2a: Sawk|60\/538\n|-damage|p2a: Sawk|2\/538\n|-damage|p2a: Sawk|0 fnt\n|faint|p2a: Sawk\n|-hitcount|p2: Sawk|3\n|\n|-weather|RainDance|[upkeep]\n|upkeep\n|\n|t:|1663206179\n|switch|p2a: Pangoro|Pangoro, L84, F|258\/297\n|turn|8\n|\n|t:|1663206186\n|move|p1a: Cloyster|Icicle Spear|p2a: Pangoro\n|-damage|p2a: Pangoro|206\/297\n|-damage|p2a: Pangoro|151\/297\n|-crit|p2a: Pangoro\n|-damage|p2a: Pangoro|69\/297\n|-damage|p2a: Pangoro|14\/297\n|-damage|p2a: Pangoro|0 fnt\n|faint|p2a: Pangoro\n|-hitcount|p2: Pangoro|5\n|\n|-weather|none\n|upkeep\n|\n|t:|1663206193\n|switch|p2a: Buzzwole|Buzzwole, L77|291\/291\n|turn|9\n|\n|t:|1663206206\n|move|p1a: Cloyster|Hydro Pump|p2a: Buzzwole\n|-damage|p2a: Buzzwole|11\/291\n|move|p2a: Buzzwole|Close Combat|p1a: Cloyster\n|-supereffective|p1a: Cloyster\n|-damage|p1a: Cloyster|0 fnt\n|-unboost|p2a: Buzzwole|def|1\n|-unboost|p2a: Buzzwole|spd|1\n|faint|p1a: Cloyster\n|-ability|p2a: Buzzwole|Beast Boost|boost\n|-boost|p2a: Buzzwole|atk|1\n|\n|upkeep\n|\n|t:|1663206216\n|switch|p1a: Mamoswine|Mamoswine, L80, M|307\/307\n|turn|10\n|\n|t:|1663206220\n|move|p1a: Mamoswine|Ice Shard|p2a: Buzzwole\n|-damage|p2a: Buzzwole|0 fnt\n|faint|p2a: Buzzwole\n|\n|upkeep\n|\n|t:|1663206222\n|switch|p2a: Falinks|Falinks, L84|246\/246\n|turn|11\n|\n|t:|1663206229\n|switch|p1a: Sandslash|Sandslash-Alola, L86, F|269\/269\n|move|p2a: Falinks|No Retreat|p2a: Falinks\n|-boost|p2a: Falinks|atk|1\n|-boost|p2a: Falinks|def|1\n|-boost|p2a: Falinks|spa|1\n|-boost|p2a: Falinks|spd|1\n|-boost|p2a: Falinks|spe|1\n|-start|p2a: Falinks|move: No Retreat\n|\n|upkeep\n|turn|12\n|\n|t:|1663206236\n|move|p2a: Falinks|Close Combat|p1a: Sandslash\n|-supereffective|p1a: Sandslash\n|-damage|p1a: Sandslash|0 fnt\n|-unboost|p2a: Falinks|def|1\n|-unboost|p2a: Falinks|spd|1\n|faint|p1a: Sandslash\n|-damage|p2a: Falinks|222\/246|[from] item: Life Orb\n|\n|upkeep\n|\n|t:|1663206258\n|switch|p1a: Beartic|Beartic, L86, F|304\/304\n|turn|13\n|\n|t:|1663206263\n|move|p1a: Beartic|Aqua Jet|p2a: Falinks\n|-damage|p2a: Falinks|187\/246\n|move|p2a: Falinks|Close Combat|p1a: Beartic\n|-supereffective|p1a: Beartic\n|-damage|p1a: Beartic|0 fnt\n|-unboost|p2a: Falinks|def|1\n|-unboost|p2a: Falinks|spd|1\n|faint|p1a: Beartic\n|-damage|p2a: Falinks|163\/246|[from] item: Life Orb\n|\n|upkeep\n|\n|t:|1663206272\n|switch|p1a: Darmanitan|Darmanitan-Galar, L78, F|291\/291\n|turn|14\n|\n|t:|1663206278\n|move|p1a: Darmanitan|Icicle Crash|p2a: Falinks\n|-damage|p2a: Falinks|0 fnt\n|faint|p2a: Falinks\n|\n|upkeep\n|\n|t:|1663206289\n|switch|p2a: Terrakion|Terrakion, L78|270\/270\n|turn|15\n|\n|t:|1663206296\n|switch|p1a: Mamoswine|Mamoswine, L80, M|307\/307\n|move|p2a: Terrakion|Swords Dance|p2a: Terrakion\n|-boost|p2a: Terrakion|atk|2\n|\n|upkeep\n|turn|16\n|\n|t:|1663206307\n|move|p1a: Mamoswine|Ice Shard|p2a: Terrakion\n|-damage|p2a: Terrakion|185\/270\n|move|p2a: Terrakion|Close Combat|p1a: Mamoswine\n|-supereffective|p1a: Mamoswine\n|-damage|p1a: Mamoswine|0 fnt\n|-unboost|p2a: Terrakion|def|1\n|-unboost|p2a: Terrakion|spd|1\n|faint|p1a: Mamoswine\n|-damage|p2a: Terrakion|158\/270|[from] item: Life Orb\n|\n|upkeep\n|\n|t:|1663206315\n|switch|p1a: Darmanitan|Darmanitan-Galar, L78, F|291\/291\n|turn|17\n|\n|t:|1663206319\n|move|p1a: Darmanitan|Earthquake|p2a: Terrakion\n|-supereffective|p2a: Terrakion\n|-damage|p2a: Terrakion|0 fnt\n|faint|p2a: Terrakion\n|\n|win|cows123p\n|raw|cows123p's rating: 1567 &rarr; <strong>1583<\/strong><br \/>(+16 for winning)\n|raw|qwiue's rating: 1494 &rarr; <strong>1478<\/strong><br \/>(-16 for losing)\n|l|\u2606qwiue\n","inputlog":">version 5c6abb95de7955ef65e8c44f22370ca3210c1360\n>start {\"formatid\":\"gen8monotyperandombattle\",\"seed\":[56023,31750,43747,30912],\"rated\":\"Rated battle\"}\n>player p1 {\"name\":\"cows123p\",\"avatar\":\"twins-gen4dp\",\"rating\":1567,\"seed\":[42498,53505,40357,60059]}\n>player p2 {\"name\":\"qwiue\",\"avatar\":\"2\",\"rating\":1494,\"seed\":[37561,10576,50547,17768]}\n>p1 move rapidspin\n>p2 switch 6\n>p1 move focusblast\n>p2 move knockoff\n>p1 switch 4\n>p1 move shellsmash\n>p2 switch 6\n>p1 move hydropump dynamax\n>p2 move closecombat\n>p2 switch 2\n>p1 move iciclespear dynamax\n>p2 move bulkup dynamax\n>p1 move hydropump dynamax\n>p2 move closecombat dynamax\n>p1 move iciclespear\n>p2 move stoneedge dynamax\n>p2 switch 6\n>p1 move iciclespear\n>p2 move closecombat\n>p2 switch 5\n>p1 move hydropump\n>p2 move closecombat\n>p1 switch 5\n>p1 move iceshard\n>p2 move closecombat\n>p2 switch 3\n>p1 switch 6\n>p2 move noretreat\n>p1 move tripleaxel\n>p2 move closecombat\n>p1 switch 2\n>p1 move aquajet\n>p2 move closecombat\n>p1 switch 3\n>p1 move iciclecrash\n>p2 move closecombat\n>p2 switch 4\n>p1 switch 6\n>p2 move swordsdance\n>p1 move iceshard\n>p2 move closecombat\n>p1 switch 6\n>p1 move earthquake\n>p2 move closecombat","uploadtime":1663206331,"views":2,"p1id":"cows123p","p2id":"qwiue","formatid":"gen8monotyperandombattle","rating":1478,"private":0,"password":null}