{"id":"gen8ou-1253961099","p1":"RiftenTest","p2":"OGamer289","format":"gen8ou","log":"|html|<div class=\"broadcast-blue\"><strong>[Gen 8] OU is currently suspecting Urshifu-S! For information on how to participate check out the <a href=\"https:\/\/www.smogon.com\/forums\/threads\/np-ss-ou-suspect-process-round-8-aint-no-rest-for-the-wicked.3675310\/\">suspect thread<\/a>.<\/strong><\/div>\n|j|\u2606RiftenTest\n|j|\u2606OGamer289\n|t:|1609509462\n|player|p1|RiftenTest|veteran|1503\n|player|p2|OGamer289|153|1502\n|teamsize|p1|6\n|teamsize|p2|6\n|gametype|singles\n|gen|8\n|tier|[Gen 8] OU\n|rated|\n|clearpoke\n|poke|p1|Rhyperior, M|\n|poke|p1|Melmetal|\n|poke|p1|Zapdos|\n|poke|p1|Zarude|\n|poke|p1|Tapu Fini|\n|poke|p1|Victini|\n|poke|p2|Keldeo-Resolute|\n|poke|p2|Rillaboom, M|\n|poke|p2|Slowking-Galar, M|\n|poke|p2|Spectrier|\n|poke|p2|Corviknight, F|\n|poke|p2|Heatran, M|\n|rule|Sleep Clause Mod: Limit one foe put to sleep\n|rule|Species Clause: Limit one of each Pok\u00e9mon\n|rule|OHKO Clause: OHKO moves are banned\n|rule|Evasion Moves Clause: Evasion moves are banned\n|rule|Endless Battle Clause: Forcing endless battles is banned\n|rule|HP Percentage Mod: HP is shown in percentages\n|rule|Dynamax Clause: You cannot dynamax\n|teampreview\n|inactive|Battle timer is ON: inactive players will automatically lose when time's up. (requested by OGamer289)\n|c|\u2606RiftenTest|happy new year\n|\n|t:|1609509476\n|start\n|switch|p1a: Zapdos|Zapdos, shiny|100\/100\n|switch|p2a: Massk\/Despor|Keldeo-Resolute|100\/100\n|turn|1\n|c|\u2606OGamer289|Thanks to\n|c|\u2606OGamer289|thank you\n|c|\u2606RiftenTest|you prob gonna win im super hung over lol\n|inactive|OGamer289 has 120 seconds left.\n|\n|t:|1609509508\n|switch|p1a: Tapu Fini|Tapu Fini|100\/100\n|-fieldstart|move: Misty Terrain|[from] ability: Misty Surge|[of] p1a: Tapu Fini\n|move|p2a: Massk\/Despor|Flip Turn|p1a: Tapu Fini\n|-resisted|p1a: Tapu Fini\n|-damage|p1a: Tapu Fini|92\/100\n|\n|t:|1609509511\n|switch|p2a: Vietkong|Rillaboom, M|100\/100|[from]move: Flip Turn\n|-fieldstart|move: Grassy Terrain|[from] ability: Grassy Surge|[of] p2a: Vietkong\n|\n|-heal|p1a: Tapu Fini|98\/100|[from] Grassy Terrain\n|upkeep\n|turn|2\n|\n|t:|1609509521\n|switch|p1a: Zapdos|Zapdos, shiny|100\/100\n|move|p2a: Vietkong|Drum Beating|p1a: Zapdos\n|-resisted|p1a: Zapdos\n|-damage|p1a: Zapdos|63\/100\n|-unboost|p1a: Zapdos|spe|1\n|\n|upkeep\n|turn|3\n|j| dub123\n|c|\u2606OGamer289|xD\n|\n|t:|1609509535\n|switch|p2a: Willi|Slowking-Galar, M, shiny|100\/100\n|move|p1a: Zapdos|Hurricane|p2a: Willi|[miss]\n|-miss|p1a: Zapdos|p2a: Willi\n|\n|upkeep\n|turn|4\n|\n|t:|1609509539\n|switch|p1a: Rhyperior|Rhyperior, M|100\/100\n|move|p2a: Willi|Future Sight|p1a: Rhyperior\n|-start|p2a: Willi|move: Future Sight\n|\n|upkeep\n|turn|5\n|\n|t:|1609509543\n|move|p1a: Rhyperior|Stealth Rock|p2a: Willi\n|-sidestart|p2: OGamer289|move: Stealth Rock\n|move|p2a: Willi|Ice Beam|p1a: Rhyperior\n|-supereffective|p1a: Rhyperior\n|-damage|p1a: Rhyperior|75\/100\n|\n|-heal|p1a: Rhyperior|82\/100|[from] item: Leftovers\n|-heal|p1a: Rhyperior|88\/100|[from] Grassy Terrain\n|-fieldend|move: Grassy Terrain\n|upkeep\n|turn|6\n|\n|t:|1609509551\n|switch|p1a: Victini|Victini|100\/100\n|switch|p2a: Gulliver|Corviknight, F|100\/100\n|-damage|p2a: Gulliver|88\/100|[from] Stealth Rock\n|\n|-end|p1a: Victini|move: Future Sight\n|-resisted|p1a: Victini\n|-crit|p1a: Victini\n|-damage|p1a: Victini|83\/100\n|upkeep\n|turn|7\n|\n|t:|1609509564\n|move|p1a: Victini|Bolt Strike|p2a: Gulliver\n|-supereffective|p2a: Gulliver\n|-crit|p2a: Gulliver\n|-damage|p2a: Gulliver|19\/100\n|-damage|p1a: Victini|66\/100|[from] item: Rocky Helmet|[of] p2a: Gulliver\n|move|p2a: Gulliver|Defog|p1a: Victini\n|-unboost|p1a: Victini|evasion|1\n|-sideend|p2: OGamer289|Stealth Rock|[from] move: Defog|[of] p2a: Gulliver\n|\n|upkeep\n|turn|8\n|\n|t:|1609509576\n|switch|p2a: Mr Lavalava|Heatran, M, shiny|100\/100\n|move|p1a: Victini|Bolt Strike|p2a: Mr Lavalava\n|-damage|p2a: Mr Lavalava|68\/100\n|\n|-heal|p2a: Mr Lavalava|74\/100|[from] item: Leftovers\n|upkeep\n|turn|9\n|\n|t:|1609509583\n|switch|p1a: Rhyperior|Rhyperior, M|88\/100\n|move|p2a: Mr Lavalava|Stealth Rock|p1a: Rhyperior\n|-sidestart|p1: RiftenTest|move: Stealth Rock\n|\n|-heal|p2a: Mr Lavalava|80\/100|[from] item: Leftovers\n|-heal|p1a: Rhyperior|94\/100|[from] item: Leftovers\n|upkeep\n|turn|10\n|\n|t:|1609509588\n|move|p2a: Mr Lavalava|Toxic|p1a: Rhyperior\n|-status|p1a: Rhyperior|tox\n|move|p1a: Rhyperior|Stealth Rock|p2a: Mr Lavalava\n|-sidestart|p2: OGamer289|move: Stealth Rock\n|\n|-heal|p2a: Mr Lavalava|86\/100|[from] item: Leftovers\n|-heal|p1a: Rhyperior|99\/100 tox|[from] item: Leftovers\n|-damage|p1a: Rhyperior|94\/100 tox|[from] psn\n|upkeep\n|turn|11\n|\n|t:|1609509593\n|switch|p2a: Gulliver|Corviknight, F|19\/100\n|-damage|p2a: Gulliver|6\/100|[from] Stealth Rock\n|move|p1a: Rhyperior|Earthquake|p2a: Gulliver\n|-immune|p2a: Gulliver\n|\n|-heal|p1a: Rhyperior|99\/100 tox|[from] item: Leftovers\n|-damage|p1a: Rhyperior|88\/100 tox|[from] psn\n|upkeep\n|turn|12\n|\n|t:|1609509596\n|move|p2a: Gulliver|Roost|p2a: Gulliver\n|-heal|p2a: Gulliver|56\/100\n|-singleturn|p2a: Gulliver|move: Roost\n|move|p1a: Rhyperior|Rock Blast|p2a: Gulliver\n|-resisted|p2a: Gulliver\n|-damage|p2a: Gulliver|53\/100\n|-resisted|p2a: Gulliver\n|-damage|p2a: Gulliver|49\/100\n|-resisted|p2a: Gulliver\n|-damage|p2a: Gulliver|45\/100\n|-hitcount|p2a: Gulliver|3\n|\n|-heal|p1a: Rhyperior|94\/100 tox|[from] item: Leftovers\n|-damage|p1a: Rhyperior|75\/100 tox|[from] psn\n|upkeep\n|turn|13\n|\n|t:|1609509607\n|switch|p1a: Melmetal|Melmetal|100\/100\n|-damage|p1a: Melmetal|94\/100|[from] Stealth Rock\n|move|p2a: Gulliver|Defog|p1a: Melmetal\n|-unboost|p1a: Melmetal|evasion|1\n|-sideend|p1: RiftenTest|Stealth Rock|[from] move: Defog|[of] p2a: Gulliver\n|-sideend|p2: OGamer289|Stealth Rock|[from] move: Defog|[of] p2a: Gulliver\n|\n|-heal|p1a: Melmetal|100\/100|[from] item: Leftovers\n|upkeep\n|turn|14\n|\n|t:|1609509611\n|move|p2a: Gulliver|Roost|p2a: Gulliver\n|-heal|p2a: Gulliver|95\/100\n|-singleturn|p2a: Gulliver|move: Roost\n|move|p1a: Melmetal|Thunder Wave|p2a: Gulliver|[miss]\n|-miss|p1a: Melmetal|p2a: Gulliver\n|\n|upkeep\n|turn|15\n|\n|t:|1609509637\n|switch|p2a: Mr Lavalava|Heatran, M, shiny|86\/100\n|move|p1a: Melmetal|Thunder Wave|p2a: Mr Lavalava\n|-status|p2a: Mr Lavalava|par\n|\n|-heal|p2a: Mr Lavalava|92\/100 par|[from] item: Leftovers\n|upkeep\n|turn|16\n|\n|t:|1609509641\n|move|p2a: Mr Lavalava|Stealth Rock|p1a: Melmetal\n|-sidestart|p1: RiftenTest|move: Stealth Rock\n|move|p1a: Melmetal|Earthquake|p2a: Mr Lavalava\n|-supereffective|p2a: Mr Lavalava\n|-damage|p2a: Mr Lavalava|0 fnt\n|faint|p2a: Mr Lavalava\n|\n|upkeep\n|\n|t:|1609509650\n|switch|p2a: Luna|Spectrier|100\/100\n|turn|17\n|\n|t:|1609509653\n|move|p2a: Luna|Will-O-Wisp|p1a: Melmetal\n|-status|p1a: Melmetal|brn\n|move|p1a: Melmetal|Thunder Wave|p2a: Luna\n|-status|p2a: Luna|par\n|\n|-damage|p1a: Melmetal|94\/100 brn|[from] brn\n|upkeep\n|turn|18\n|\n|t:|1609509660\n|switch|p1a: Zarude|Zarude|100\/100\n|-damage|p1a: Zarude|88\/100|[from] Stealth Rock\n|move|p2a: Luna|Hex|p1a: Zarude\n|-resisted|p1a: Zarude\n|-damage|p1a: Zarude|76\/100\n|\n|-heal|p1a: Zarude|82\/100|[from] item: Leftovers\n|upkeep\n|turn|19\n|\n|t:|1609509670\n|move|p1a: Zarude|Bulk Up|p1a: Zarude\n|-boost|p1a: Zarude|atk|1\n|-boost|p1a: Zarude|def|1\n|move|p2a: Luna|Will-O-Wisp|p1a: Zarude\n|-status|p1a: Zarude|brn\n|\n|-heal|p1a: Zarude|88\/100 brn|[from] item: Leftovers\n|-damage|p1a: Zarude|82\/100 brn|[from] brn\n|upkeep\n|turn|20\n|\n|t:|1609509676\n|switch|p2a: Gulliver|Corviknight, F|95\/100\n|move|p1a: Zarude|Jungle Healing|p1a: Zarude\n|-heal|p1a: Zarude|100\/100 brn\n|-curestatus|p1a: Zarude|brn|[msg]\n|\n|upkeep\n|turn|21\n|\n|t:|1609509679\n|move|p1a: Zarude|Bulk Up|p1a: Zarude\n|-boost|p1a: Zarude|atk|1\n|-boost|p1a: Zarude|def|1\n|move|p2a: Gulliver|Drill Peck|p1a: Zarude\n|-supereffective|p1a: Zarude\n|-damage|p1a: Zarude|81\/100\n|\n|-heal|p1a: Zarude|87\/100|[from] item: Leftovers\n|upkeep\n|turn|22\n|\n|t:|1609509684\n|move|p1a: Zarude|Bulk Up|p1a: Zarude\n|-boost|p1a: Zarude|atk|1\n|-boost|p1a: Zarude|def|1\n|move|p2a: Gulliver|Drill Peck|p1a: Zarude\n|-supereffective|p1a: Zarude\n|-damage|p1a: Zarude|73\/100\n|\n|-heal|p1a: Zarude|79\/100|[from] item: Leftovers\n|upkeep\n|turn|23\n|\n|t:|1609509690\n|move|p1a: Zarude|Bulk Up|p1a: Zarude\n|-boost|p1a: Zarude|atk|1\n|-boost|p1a: Zarude|def|1\n|move|p2a: Gulliver|Drill Peck|p1a: Zarude\n|-supereffective|p1a: Zarude\n|-damage|p1a: Zarude|65\/100\n|\n|-heal|p1a: Zarude|71\/100|[from] item: Leftovers\n|upkeep\n|turn|24\n|\n|t:|1609509694\n|move|p1a: Zarude|Bulk Up|p1a: Zarude\n|-boost|p1a: Zarude|atk|1\n|-boost|p1a: Zarude|def|1\n|move|p2a: Gulliver|Drill Peck|p1a: Zarude\n|-supereffective|p1a: Zarude\n|-damage|p1a: Zarude|60\/100\n|\n|-heal|p1a: Zarude|66\/100|[from] item: Leftovers\n|upkeep\n|turn|25\n|\n|t:|1609509699\n|move|p1a: Zarude|Bulk Up|p1a: Zarude\n|-boost|p1a: Zarude|atk|1\n|-boost|p1a: Zarude|def|1\n|move|p2a: Gulliver|Drill Peck|p1a: Zarude\n|-supereffective|p1a: Zarude\n|-damage|p1a: Zarude|57\/100\n|\n|-heal|p1a: Zarude|63\/100|[from] item: Leftovers\n|upkeep\n|turn|26\n|\n|t:|1609509708\n|move|p1a: Zarude|Jungle Healing|p1a: Zarude\n|-heal|p1a: Zarude|87\/100\n|move|p2a: Gulliver|Drill Peck|p1a: Zarude\n|-supereffective|p1a: Zarude\n|-damage|p1a: Zarude|77\/100\n|\n|-heal|p1a: Zarude|83\/100|[from] item: Leftovers\n|upkeep\n|turn|27\n|-message|OGamer289 forfeited.\n|\n|win|RiftenTest\n|l|\u2606OGamer289\n|c|\u2606RiftenTest|gg\n|raw|RiftenTest's rating: 1503 &rarr; <strong>1523<\/strong><br \/>(+20 for winning)\n|raw|OGamer289's rating: 1502 &rarr; <strong>1482<\/strong><br \/>(-20 for losing)\n","uploadtime":1609509724,"views":8,"p1id":"riftentest","p2id":"ogamer289","formatid":"gen8ou","rating":1482,"private":0,"password":null}