{"id":"gen8nationaldex-1483472482","p1":"Blacksponge","p2":"penguinsingh337","format":"gen8nationaldex","log":"|j|\u2606Blacksponge\n|j|\u2606penguinsingh337\n|t:|1641050450\n|gametype|singles\n|player|p1|Blacksponge|102|1674\n|player|p2|penguinsingh337|ethan|1640\n|teamsize|p1|6\n|teamsize|p2|6\n|gen|8\n|tier|[Gen 8] National Dex\n|rated|\n|rule|HP Percentage Mod: HP is shown in percentages\n|rule|Endless Battle Clause: Forcing endless battles is banned\n|rule|OHKO Clause: OHKO moves are banned\n|rule|Evasion Moves Clause: Evasion moves are banned\n|rule|Species Clause: Limit one of each Pok\u00e9mon\n|rule|Dynamax Clause: You cannot dynamax\n|rule|Sleep Clause Mod: Limit one foe put to sleep\n|clearpoke\n|poke|p1|Pelipper, F|\n|poke|p1|Swampert, F|\n|poke|p1|Greninja, M|\n|poke|p1|Manaphy|\n|poke|p1|Zapdos|\n|poke|p1|Ferrothorn, F|\n|poke|p2|Pelipper, F|\n|poke|p2|Greninja, M|\n|poke|p2|Swampert, M|\n|poke|p2|Ferrothorn, F|\n|poke|p2|Manaphy|\n|poke|p2|Zapdos|\n|teampreview\n|inactive|Battle timer is ON: inactive players will automatically lose when time's up. (requested by penguinsingh337)\n|\n|t:|1641050468\n|start\n|switch|p1a: Zapdos|Zapdos|100\/100\n|switch|p2a: Zapdos|Zapdos|100\/100\n|turn|1\n|\n|t:|1641050474\n|move|p1a: Zapdos|Thunder|p2a: Zapdos\n|-damage|p2a: Zapdos|53\/100\n|move|p2a: Zapdos|Thunder|p1a: Zapdos|[miss]\n|-miss|p2a: Zapdos|p1a: Zapdos\n|\n|upkeep\n|turn|2\n|\n|t:|1641050481\n|move|p1a: Zapdos|Thunder|p2a: Zapdos|[miss]\n|-miss|p1a: Zapdos|p2a: Zapdos\n|move|p2a: Zapdos|Roost|p2a: Zapdos\n|-heal|p2a: Zapdos|100\/100\n|-singleturn|p2a: Zapdos|move: Roost\n|\n|upkeep\n|turn|3\n|\n|t:|1641050491\n|switch|p2a: Swampert|Swampert, M|100\/100\n|move|p1a: Zapdos|Thunder|p2a: Swampert\n|-immune|p2a: Swampert\n|\n|upkeep\n|turn|4\n|\n|t:|1641050497\n|switch|p2a: Ferrothorn|Ferrothorn, F|100\/100\n|move|p1a: Zapdos|Hurricane|p2a: Ferrothorn\n|-damage|p2a: Ferrothorn|59\/100\n|-start|p2a: Ferrothorn|confusion\n|\n|-heal|p2a: Ferrothorn|65\/100|[from] item: Leftovers\n|upkeep\n|turn|5\n|\n|t:|1641050505\n|-activate|p2a: Ferrothorn|confusion\n|-damage|p2a: Ferrothorn|59\/100|[from] confusion\n|move|p1a: Zapdos|Hurricane|p2a: Ferrothorn|[miss]\n|-miss|p1a: Zapdos|p2a: Ferrothorn\n|\n|-heal|p2a: Ferrothorn|66\/100|[from] item: Leftovers\n|upkeep\n|turn|6\n|\n|t:|1641050512\n|-activate|p2a: Ferrothorn|confusion\n|-damage|p2a: Ferrothorn|60\/100|[from] confusion\n|move|p1a: Zapdos|Hurricane|p2a: Ferrothorn\n|-damage|p2a: Ferrothorn|13\/100\n|\n|-heal|p2a: Ferrothorn|20\/100|[from] item: Leftovers\n|upkeep\n|turn|7\n|\n|t:|1641050519\n|-end|p2a: Ferrothorn|confusion\n|move|p2a: Ferrothorn|Protect|p2a: Ferrothorn\n|-singleturn|p2a: Ferrothorn|Protect\n|move|p1a: Zapdos|Hurricane|p2a: Ferrothorn\n|-activate|p2a: Ferrothorn|move: Protect\n|\n|-heal|p2a: Ferrothorn|26\/100|[from] item: Leftovers\n|upkeep\n|turn|8\n|\n|t:|1641050528\n|move|p1a: Zapdos|Hurricane|p2a: Ferrothorn|[miss]\n|-miss|p1a: Zapdos|p2a: Ferrothorn\n|move|p2a: Ferrothorn|Leech Seed|p1a: Zapdos\n|-start|p1a: Zapdos|move: Leech Seed\n|\n|-heal|p2a: Ferrothorn|32\/100|[from] item: Leftovers\n|-damage|p1a: Zapdos|88\/100|[from] Leech Seed|[of] p2a: Ferrothorn\n|-heal|p2a: Ferrothorn|45\/100|[silent]\n|upkeep\n|turn|9\n|\n|t:|1641050537\n|switch|p1a: Ferrothorn|Ferrothorn, F|100\/100\n|move|p2a: Ferrothorn|Protect||[still]\n|-fail|p2a: Ferrothorn\n|\n|-heal|p2a: Ferrothorn|51\/100|[from] item: Leftovers\n|upkeep\n|turn|10\n|\n|t:|1641050544\n|move|p1a: Ferrothorn|Thunder Wave|p2a: Ferrothorn\n|-status|p2a: Ferrothorn|par\n|move|p2a: Ferrothorn|Spikes|p1a: Ferrothorn\n|-sidestart|p1: Blacksponge|Spikes\n|\n|-heal|p2a: Ferrothorn|58\/100 par|[from] item: Leftovers\n|upkeep\n|turn|11\n|\n|t:|1641050550\n|move|p1a: Ferrothorn|Body Press|p2a: Ferrothorn\n|-supereffective|p2a: Ferrothorn\n|-damage|p2a: Ferrothorn|30\/100 par\n|-damage|p1a: Ferrothorn|88\/100|[from] ability: Iron Barbs|[of] p2a: Ferrothorn\n|cant|p2a: Ferrothorn|par\n|\n|-heal|p2a: Ferrothorn|36\/100 par|[from] item: Leftovers\n|upkeep\n|turn|12\n|\n|t:|1641050562\n|switch|p2a: Zapdos|Zapdos|100\/100\n|move|p1a: Ferrothorn|Stealth Rock|p2a: Zapdos\n|-sidestart|p2: penguinsingh337|move: Stealth Rock\n|\n|upkeep\n|turn|13\n|\n|t:|1641050568\n|move|p2a: Zapdos|Hurricane|p1a: Ferrothorn|[miss]\n|-miss|p2a: Zapdos|p1a: Ferrothorn\n|move|p1a: Ferrothorn|Leech Seed|p2a: Zapdos\n|-start|p2a: Zapdos|move: Leech Seed\n|\n|-damage|p2a: Zapdos|88\/100|[from] Leech Seed|[of] p1a: Ferrothorn\n|-heal|p1a: Ferrothorn|100\/100|[silent]\n|upkeep\n|turn|14\n|\n|t:|1641050575\n|switch|p2a: Pelipper|Pelipper, F|100\/100\n|-damage|p2a: Pelipper|76\/100|[from] Stealth Rock\n|-weather|RainDance|[from] ability: Drizzle|[of] p2a: Pelipper\n|switch|p1a: Zapdos|Zapdos|88\/100\n|\n|-weather|RainDance|[upkeep]\n|upkeep\n|turn|15\n|\n|t:|1641050586\n|move|p1a: Zapdos|Hurricane|p2a: Pelipper\n|-crit|p2a: Pelipper\n|-damage|p2a: Pelipper|0 fnt\n|faint|p2a: Pelipper\n|\n|-weather|RainDance|[upkeep]\n|upkeep\n|\n|t:|1641050595\n|switch|p2a: Swampert|Swampert, M|100\/100\n|-damage|p2a: Swampert|94\/100|[from] Stealth Rock\n|turn|16\n|\n|t:|1641050601\n|detailschange|p2a: Swampert|Swampert-Mega, M\n|-mega|p2a: Swampert|Swampert|Swampertite\n|move|p2a: Swampert|Ice Punch|p1a: Zapdos\n|-supereffective|p1a: Zapdos\n|-damage|p1a: Zapdos|18\/100\n|-status|p2a: Swampert|par|[from] ability: Static|[of] p1a: Zapdos\n|move|p1a: Zapdos|Hurricane|p2a: Swampert\n|-crit|p2a: Swampert\n|-damage|p2a: Swampert|25\/100 par\n|\n|-weather|RainDance|[upkeep]\n|upkeep\n|turn|17\n|\n|t:|1641050611\n|move|p1a: Zapdos|Roost|p1a: Zapdos\n|-heal|p1a: Zapdos|69\/100\n|-singleturn|p1a: Zapdos|move: Roost\n|move|p2a: Swampert|Ice Punch|p1a: Zapdos\n|-damage|p1a: Zapdos|33\/100\n|\n|-weather|RainDance|[upkeep]\n|upkeep\n|turn|18\n|\n|t:|1641050618\n|move|p1a: Zapdos|Hurricane|p2a: Swampert\n|-damage|p2a: Swampert|0 fnt\n|faint|p2a: Swampert\n|\n|-weather|RainDance|[upkeep]\n|upkeep\n|\n|t:|1641050623\n|switch|p2a: Greninja|Greninja, M|100\/100\n|-damage|p2a: Greninja|88\/100|[from] Stealth Rock\n|turn|19\n|\n|t:|1641050628\n|switch|p1a: Ferrothorn|Ferrothorn, F|100\/100\n|-damage|p1a: Ferrothorn|88\/100|[from] Spikes\n|move|p2a: Greninja|Ice Beam|p1a: Ferrothorn\n|-crit|p1a: Ferrothorn\n|-damage|p1a: Ferrothorn|47\/100\n|\n|-weather|RainDance|[upkeep]\n|upkeep\n|turn|20\n|\n|t:|1641050636\n|switch|p2a: Ferrothorn|Ferrothorn, F|36\/100 par\n|-damage|p2a: Ferrothorn|30\/100 par|[from] Stealth Rock\n|move|p1a: Ferrothorn|Body Press|p2a: Ferrothorn\n|-supereffective|p2a: Ferrothorn\n|-damage|p2a: Ferrothorn|2\/100 par\n|-damage|p1a: Ferrothorn|35\/100|[from] ability: Iron Barbs|[of] p2a: Ferrothorn\n|\n|-weather|RainDance|[upkeep]\n|-heal|p2a: Ferrothorn|9\/100 par|[from] item: Leftovers\n|upkeep\n|turn|21\n|\n|t:|1641050648\n|move|p2a: Ferrothorn|Protect|p2a: Ferrothorn\n|-singleturn|p2a: Ferrothorn|Protect\n|move|p1a: Ferrothorn|Body Press|p2a: Ferrothorn\n|-activate|p2a: Ferrothorn|move: Protect\n|\n|-weather|none\n|-heal|p2a: Ferrothorn|15\/100 par|[from] item: Leftovers\n|upkeep\n|turn|22\n|\n|t:|1641050655\n|switch|p1a: Zapdos|Zapdos|33\/100\n|move|p2a: Ferrothorn|Leech Seed|p1a: Zapdos\n|-start|p1a: Zapdos|move: Leech Seed\n|\n|-heal|p2a: Ferrothorn|21\/100 par|[from] item: Leftovers\n|-damage|p1a: Zapdos|21\/100|[from] Leech Seed|[of] p2a: Ferrothorn\n|-heal|p2a: Ferrothorn|34\/100 par|[silent]\n|upkeep\n|turn|23\n|\n|t:|1641050664\n|move|p2a: Ferrothorn|Protect|p2a: Ferrothorn\n|-singleturn|p2a: Ferrothorn|Protect\n|move|p1a: Zapdos|Hurricane|p2a: Ferrothorn\n|-activate|p2a: Ferrothorn|move: Protect\n|\n|-heal|p2a: Ferrothorn|41\/100 par|[from] item: Leftovers\n|-damage|p1a: Zapdos|9\/100|[from] Leech Seed|[of] p2a: Ferrothorn\n|-heal|p2a: Ferrothorn|54\/100 par|[silent]\n|upkeep\n|turn|24\n|\n|t:|1641050674\n|move|p1a: Zapdos|Roost|p1a: Zapdos\n|-heal|p1a: Zapdos|59\/100\n|-singleturn|p1a: Zapdos|move: Roost\n|move|p2a: Ferrothorn|Spikes|p1a: Zapdos\n|-sidestart|p1: Blacksponge|Spikes\n|\n|-heal|p2a: Ferrothorn|60\/100 par|[from] item: Leftovers\n|-damage|p1a: Zapdos|46\/100|[from] Leech Seed|[of] p2a: Ferrothorn\n|-heal|p2a: Ferrothorn|73\/100 par|[silent]\n|upkeep\n|turn|25\n|\n|t:|1641050684\n|move|p2a: Ferrothorn|Protect|p2a: Ferrothorn\n|-singleturn|p2a: Ferrothorn|Protect\n|move|p1a: Zapdos|Roost|p1a: Zapdos\n|-heal|p1a: Zapdos|96\/100\n|-singleturn|p1a: Zapdos|move: Roost\n|\n|-heal|p2a: Ferrothorn|79\/100 par|[from] item: Leftovers\n|-damage|p1a: Zapdos|84\/100|[from] Leech Seed|[of] p2a: Ferrothorn\n|-heal|p2a: Ferrothorn|92\/100 par|[silent]\n|upkeep\n|turn|26\n|\n|t:|1641050699\n|switch|p1a: Pelipper|Pelipper, F|100\/100\n|-weather|RainDance|[from] ability: Drizzle|[of] p1a: Pelipper\n|move|p2a: Ferrothorn|Spikes|p1a: Pelipper\n|-sidestart|p1: Blacksponge|Spikes\n|\n|-weather|RainDance|[upkeep]\n|-heal|p2a: Ferrothorn|99\/100 par|[from] item: Leftovers\n|upkeep\n|turn|27\n|\n|t:|1641050708\n|move|p1a: Pelipper|Defog|p2a: Ferrothorn\n|-unboost|p2a: Ferrothorn|evasion|1\n|-sideend|p2: penguinsingh337|Stealth Rock|[from] move: Defog|[of] p1a: Pelipper\n|-sideend|p1: Blacksponge|Spikes|[from] move: Defog|[of] p1a: Pelipper\n|move|p2a: Ferrothorn|Power Whip|p1a: Pelipper\n|-damage|p1a: Pelipper|71\/100\n|\n|-weather|RainDance|[upkeep]\n|-heal|p2a: Ferrothorn|100\/100 par|[from] item: Leftovers\n|upkeep\n|turn|28\n|\n|t:|1641050717\n|switch|p1a: Manaphy|Manaphy|100\/100\n|cant|p2a: Ferrothorn|par\n|\n|-weather|RainDance|[upkeep]\n|upkeep\n|turn|29\n|\n|t:|1641050722\n|move|p1a: Manaphy|Tail Glow|p1a: Manaphy\n|-boost|p1a: Manaphy|spa|3\n|move|p2a: Ferrothorn|Power Whip|p1a: Manaphy\n|-supereffective|p1a: Manaphy\n|-damage|p1a: Manaphy|33\/100\n|\n|-weather|RainDance|[upkeep]\n|upkeep\n|turn|30\n|\n|t:|1641050729\n|move|p2a: Ferrothorn|Protect|p2a: Ferrothorn\n|-singleturn|p2a: Ferrothorn|Protect\n|-zpower|p1a: Manaphy\n|move|p1a: Manaphy|Hydro Vortex|p2a: Ferrothorn|[zeffect]\n|-resisted|p2a: Ferrothorn\n|-zbroken|p2a: Ferrothorn\n|-damage|p2a: Ferrothorn|68\/100 par\n|\n|-weather|RainDance|[upkeep]\n|-heal|p2a: Ferrothorn|74\/100 par|[from] item: Leftovers\n|upkeep\n|turn|31\n|\n|t:|1641050739\n|move|p1a: Manaphy|Surf|p2a: Ferrothorn\n|-resisted|p2a: Ferrothorn\n|-damage|p2a: Ferrothorn|7\/100 par\n|move|p2a: Ferrothorn|Leech Seed|p1a: Manaphy\n|-start|p1a: Manaphy|move: Leech Seed\n|\n|-weather|RainDance|[upkeep]\n|-heal|p2a: Ferrothorn|13\/100 par|[from] item: Leftovers\n|-damage|p1a: Manaphy|21\/100|[from] Leech Seed|[of] p2a: Ferrothorn\n|-heal|p2a: Ferrothorn|27\/100 par|[silent]\n|upkeep\n|turn|32\n|\n|t:|1641050750\n|cant|p2a: Ferrothorn|par\n|move|p1a: Manaphy|Rest|p1a: Manaphy\n|-status|p1a: Manaphy|slp|[from] move: Rest\n|-heal|p1a: Manaphy|100\/100 slp|[silent]\n|\n|-weather|RainDance|[upkeep]\n|-activate|p1a: Manaphy|ability: Hydration\n|-curestatus|p1a: Manaphy|slp|[msg]\n|-heal|p2a: Ferrothorn|33\/100 par|[from] item: Leftovers\n|-damage|p1a: Manaphy|88\/100|[from] Leech Seed|[of] p2a: Ferrothorn\n|-heal|p2a: Ferrothorn|47\/100 par|[silent]\n|upkeep\n|turn|33\n|\n|t:|1641050766\n|switch|p2a: Zapdos|Zapdos|88\/100\n|move|p1a: Manaphy|Surf|p2a: Zapdos\n|-damage|p2a: Zapdos|0 fnt\n|faint|p2a: Zapdos\n|\n|-weather|none\n|upkeep\n|\n|t:|1641050777\n|switch|p2a: Ferrothorn|Ferrothorn, F|47\/100 par\n|turn|34\n|\n|t:|1641050782\n|cant|p2a: Ferrothorn|par\n|move|p1a: Manaphy|Tail Glow|p1a: Manaphy\n|-boost|p1a: Manaphy|spa|3\n|\n|-heal|p2a: Ferrothorn|53\/100 par|[from] item: Leftovers\n|-damage|p1a: Manaphy|75\/100|[from] Leech Seed|[of] p2a: Ferrothorn\n|-heal|p2a: Ferrothorn|67\/100 par|[silent]\n|upkeep\n|turn|35\n|\n|t:|1641050790\n|move|p1a: Manaphy|Surf|p2a: Ferrothorn\n|-resisted|p2a: Ferrothorn\n|-damage|p2a: Ferrothorn|0 fnt\n|faint|p2a: Ferrothorn\n|\n|upkeep\n|\n|t:|1641050795\n|switch|p2a: Manaphy|Manaphy|100\/100\n|turn|36\n|\n|t:|1641050798\n|move|p1a: Manaphy|Energy Ball|p2a: Manaphy\n|-supereffective|p2a: Manaphy\n|-damage|p2a: Manaphy|0 fnt\n|faint|p2a: Manaphy\n|\n|upkeep\n|\n|t:|1641050802\n|switch|p2a: Greninja|Greninja, M|88\/100\n|turn|37\n|\n|t:|1641050806\n|move|p2a: Greninja|Hydro Pump|p1a: Manaphy\n|-resisted|p1a: Manaphy\n|-damage|p1a: Manaphy|42\/100\n|move|p1a: Manaphy|Energy Ball|p2a: Greninja\n|-supereffective|p2a: Greninja\n|-damage|p2a: Greninja|0 fnt\n|faint|p2a: Greninja\n|\n|win|Blacksponge\n|raw|Blacksponge's rating: 1674 &rarr; <strong>1692<\/strong><br \/>(+18 for winning)\n|raw|penguinsingh337's rating: 1640 &rarr; <strong>1622<\/strong><br \/>(-18 for losing)\n|l|\u2606penguinsingh337\n","uploadtime":1641050817,"views":13,"p1id":"blacksponge","p2id":"penguinsingh337","formatid":"gen8nationaldex","rating":1622,"private":0,"password":null}