{"id":"gen8ou-1659253255","p1":"top 500 mainstay","p2":"himynametay","format":"gen8ou","log":"|j|\u2606top 500 mainstay\n|j|\u203dhimynametay\n|t:|1662652288\n|gametype|singles\n|player|p1|top 500 mainstay|101|1628\n|player|p2|himynametay|elesa-masters|1660\n|teamsize|p1|6\n|teamsize|p2|6\n|gen|8\n|tier|[Gen 8] OU\n|rated|\n|rule|Sleep Clause Mod: Limit one foe put to sleep\n|rule|Species Clause: Limit one of each Pok\u00e9mon\n|rule|OHKO Clause: OHKO moves are banned\n|rule|Evasion Items Clause: Evasion items are banned\n|rule|Evasion Moves Clause: Evasion moves are banned\n|rule|Endless Battle Clause: Forcing endless battles is banned\n|rule|HP Percentage Mod: HP is shown in percentages\n|rule|Dynamax Clause: You cannot dynamax\n|clearpoke\n|poke|p1|Azelf|\n|poke|p1|Blacephalon|\n|poke|p1|Rillaboom, M|\n|poke|p1|Bisharp, M|\n|poke|p1|Hawlucha, M|\n|poke|p1|Garchomp, F|\n|poke|p2|Slowking-Galar, M|\n|poke|p2|Urshifu-*, M|\n|poke|p2|Garchomp, F|\n|poke|p2|Weavile, F|\n|poke|p2|Corviknight, M|\n|poke|p2|Rillaboom, F|\n|teampreview\n|inactive|Battle timer is ON: inactive players will automatically lose when time's up. (requested by top 500 mainstay)\n|j| STDSuave\n|c|\u2606top 500 mainstay|don't lead weavile\n|c|\u2606top 500 mainstay|trust me\n|\n|t:|1662652306\n|start\n|switch|p1a: Azelf|Azelf|100\/100\n|switch|p2a: Urshifu|Urshifu-Rapid-Strike, M|100\/100\n|turn|1\n|\n|t:|1662652310\n|switch|p2a: Slowking|Slowking-Galar, M|100\/100\n|move|p1a: Azelf|Stealth Rock|p2a: Slowking\n|-sidestart|p2: himynametay|move: Stealth Rock\n|\n|upkeep\n|turn|2\n|\n|t:|1662652318\n|switch|p1a: Garchomp|Garchomp, F|100\/100\n|move|p2a: Slowking|Future Sight|p1a: Garchomp\n|-start|p2a: Slowking|move: Future Sight\n|\n|upkeep\n|turn|3\n|\n|t:|1662652324\n|switch|p2a: Rillaboom|Rillaboom, F|100\/100\n|-damage|p2a: Rillaboom|88\/100|[from] Stealth Rock\n|-fieldstart|move: Grassy Terrain|[from] ability: Grassy Surge|[of] p2a: Rillaboom\n|move|p1a: Garchomp|Swords Dance|p1a: Garchomp\n|-boost|p1a: Garchomp|atk|2\n|\n|-heal|p2a: Rillaboom|94\/100|[from] Grassy Terrain\n|-heal|p2a: Rillaboom|99\/100|[from] item: Leftovers\n|upkeep\n|turn|4\n|\n|t:|1662652336\n|move|p2a: Rillaboom|Grassy Glide|p1a: Garchomp\n|-damage|p1a: Garchomp|52\/100\n|-damage|p2a: Rillaboom|88\/100|[from] ability: Rough Skin|[of] p1a: Garchomp\n|move|p1a: Garchomp|Fire Fang|p2a: Rillaboom\n|-supereffective|p2a: Rillaboom\n|-damage|p2a: Rillaboom|10\/100\n|\n|-end|p1a: Garchomp|move: Future Sight\n|-damage|p1a: Garchomp|2\/100\n|-heal|p1a: Garchomp|8\/100|[from] Grassy Terrain\n|-heal|p2a: Rillaboom|16\/100|[from] Grassy Terrain\n|-heal|p2a: Rillaboom|22\/100|[from] item: Leftovers\n|upkeep\n|turn|5\n|\n|t:|1662652345\n|switch|p1a: Hawlucha|Hawlucha, M|100\/100\n|-enditem|p1a: Hawlucha|Grassy Seed\n|-boost|p1a: Hawlucha|def|1|[from] item: Grassy Seed\n|move|p2a: Rillaboom|Grassy Glide|p1a: Hawlucha\n|-resisted|p1a: Hawlucha\n|-damage|p1a: Hawlucha|74\/100\n|\n|-heal|p2a: Rillaboom|28\/100|[from] Grassy Terrain\n|-heal|p2a: Rillaboom|34\/100|[from] item: Leftovers\n|upkeep\n|turn|6\n|\n|t:|1662652353\n|move|p2a: Rillaboom|Grassy Glide|p1a: Hawlucha\n|-resisted|p1a: Hawlucha\n|-damage|p1a: Hawlucha|51\/100\n|move|p1a: Hawlucha|Swords Dance|p1a: Hawlucha\n|-boost|p1a: Hawlucha|atk|2\n|\n|-heal|p2a: Rillaboom|40\/100|[from] Grassy Terrain\n|-heal|p2a: Rillaboom|46\/100|[from] item: Leftovers\n|upkeep\n|turn|7\n|\n|t:|1662652358\n|switch|p2a: Corviknight|Corviknight, M|100\/100\n|-damage|p2a: Corviknight|88\/100|[from] Stealth Rock\n|-ability|p2a: Corviknight|Pressure\n|move|p1a: Hawlucha|Acrobatics|p2a: Corviknight\n|-resisted|p2a: Corviknight\n|-damage|p2a: Corviknight|58\/100\n|-damage|p1a: Hawlucha|35\/100|[from] item: Rocky Helmet|[of] p2a: Corviknight\n|\n|-fieldend|move: Grassy Terrain\n|upkeep\n|turn|8\n|\n|t:|1662652361\n|move|p1a: Hawlucha|Close Combat|p2a: Corviknight\n|-damage|p2a: Corviknight|0 fnt\n|-unboost|p1a: Hawlucha|def|1\n|-unboost|p1a: Hawlucha|spd|1\n|-damage|p1a: Hawlucha|18\/100|[from] item: Rocky Helmet|[of] p2a: Corviknight\n|faint|p2a: Corviknight\n|\n|upkeep\n|\n|t:|1662652364\n|switch|p2a: Weavile|Weavile, F|100\/100\n|-ability|p2a: Weavile|Pressure\n|turn|9\n|\n|t:|1662652366\n|switch|p1a: Bisharp|Bisharp, M|100\/100\n|move|p2a: Weavile|Ice Shard|p1a: Bisharp\n|-resisted|p1a: Bisharp\n|-damage|p1a: Bisharp|88\/100\n|\n|upkeep\n|turn|10\n|\n|t:|1662652369\n|switch|p2a: Garchomp|Garchomp, F|100\/100\n|-damage|p2a: Garchomp|94\/100|[from] Stealth Rock\n|move|p1a: Bisharp|Swords Dance|p1a: Bisharp\n|-boost|p1a: Bisharp|atk|2\n|\n|-heal|p2a: Garchomp|100\/100|[from] item: Leftovers\n|upkeep\n|turn|11\n|\n|t:|1662652371\n|move|p1a: Bisharp|Sucker Punch|p2a: Garchomp\n|-damage|p2a: Garchomp|17\/100\n|-damage|p1a: Bisharp|75\/100|[from] ability: Rough Skin|[of] p2a: Garchomp\n|move|p2a: Garchomp|Earthquake|p1a: Bisharp\n|-supereffective|p1a: Bisharp\n|-damage|p1a: Bisharp|0 fnt\n|faint|p1a: Bisharp\n|\n|-heal|p2a: Garchomp|23\/100|[from] item: Leftovers\n|upkeep\n|\n|t:|1662652374\n|switch|p1a: Blacephalon|Blacephalon|100\/100\n|turn|12\n|\n|t:|1662652379\n|move|p1a: Blacephalon|Flamethrower|p2a: Garchomp\n|-resisted|p2a: Garchomp\n|-damage|p2a: Garchomp|6\/100\n|move|p2a: Garchomp|Stealth Rock|p1a: Blacephalon\n|-sidestart|p1: top 500 mainstay|move: Stealth Rock\n|\n|-heal|p2a: Garchomp|12\/100|[from] item: Leftovers\n|upkeep\n|turn|13\n|\n|t:|1662652386\n|move|p1a: Blacephalon|Flamethrower|p2a: Garchomp\n|-resisted|p2a: Garchomp\n|-damage|p2a: Garchomp|0 fnt\n|faint|p2a: Garchomp\n|-ability|p1a: Blacephalon|Beast Boost|boost\n|-boost|p1a: Blacephalon|spa|1\n|\n|upkeep\n|\n|t:|1662652387\n|switch|p2a: Urshifu|Urshifu-Rapid-Strike, M|100\/100\n|-damage|p2a: Urshifu|94\/100|[from] Stealth Rock\n|turn|14\n|\n|t:|1662652391\n|switch|p1a: Hawlucha|Hawlucha, M|18\/100\n|-damage|p1a: Hawlucha|6\/100|[from] Stealth Rock\n|move|p2a: Urshifu|Surging Strikes|p1a: Hawlucha\n|-crit|p1a: Hawlucha\n|-damage|p1a: Hawlucha|0 fnt\n|faint|p1a: Hawlucha\n|-hitcount|p1: Hawlucha|1\n|\n|upkeep\n|\n|t:|1662652400\n|switch|p1a: Blacephalon|Blacephalon|100\/100\n|-damage|p1a: Blacephalon|76\/100|[from] Stealth Rock\n|turn|15\n|\n|t:|1662652413\n|switch|p1a: Rillaboom|Rillaboom, M|100\/100\n|-damage|p1a: Rillaboom|88\/100|[from] Stealth Rock\n|-fieldstart|move: Grassy Terrain|[from] ability: Grassy Surge|[of] p1a: Rillaboom\n|move|p2a: Urshifu|Surging Strikes|p1a: Rillaboom\n|-resisted|p1a: Rillaboom\n|-crit|p1a: Rillaboom\n|-damage|p1a: Rillaboom|71\/100\n|-resisted|p1a: Rillaboom\n|-crit|p1a: Rillaboom\n|-damage|p1a: Rillaboom|54\/100\n|-resisted|p1a: Rillaboom\n|-crit|p1a: Rillaboom\n|-damage|p1a: Rillaboom|37\/100\n|-hitcount|p1a: Rillaboom|3\n|\n|-heal|p2a: Urshifu|100\/100|[from] Grassy Terrain\n|-heal|p1a: Rillaboom|44\/100|[from] Grassy Terrain\n|upkeep\n|turn|16\n|\n|t:|1662652416\n|switch|p2a: Slowking|Slowking-Galar, M|100\/100\n|-damage|p2a: Slowking|88\/100|[from] Stealth Rock\n|move|p1a: Rillaboom|Grassy Glide|p2a: Slowking\n|-resisted|p2a: Slowking\n|-damage|p2a: Slowking|53\/100\n|-damage|p1a: Rillaboom|34\/100|[from] item: Life Orb\n|\n|-heal|p1a: Rillaboom|40\/100|[from] Grassy Terrain\n|-heal|p2a: Slowking|60\/100|[from] Grassy Terrain\n|upkeep\n|turn|17\n|\n|t:|1662652419\n|move|p1a: Rillaboom|Knock Off|p2a: Slowking\n|-supereffective|p2a: Slowking\n|-damage|p2a: Slowking|0 fnt\n|-enditem|p2a: Slowking|Assault Vest|[from] move: Knock Off|[of] p1a: Rillaboom\n|faint|p2a: Slowking\n|-damage|p1a: Rillaboom|30\/100|[from] item: Life Orb\n|\n|-heal|p1a: Rillaboom|36\/100|[from] Grassy Terrain\n|upkeep\n|\n|t:|1662652425\n|switch|p2a: Weavile|Weavile, F|100\/100\n|-ability|p2a: Weavile|Pressure\n|turn|18\n|\n|t:|1662652428\n|move|p2a: Weavile|Knock Off|p1a: Rillaboom\n|-damage|p1a: Rillaboom|0 fnt\n|-enditem|p1a: Rillaboom|Life Orb|[from] move: Knock Off|[of] p2a: Weavile\n|faint|p1a: Rillaboom\n|\n|upkeep\n|\n|t:|1662652436\n|switch|p1a: Blacephalon|Blacephalon|76\/100\n|-damage|p1a: Blacephalon|51\/100|[from] Stealth Rock\n|turn|19\n|inactive|himynametay has 120 seconds left.\n|inactive|himynametay has 90 seconds left.\n|inactive|himynametay has 60 seconds left.\n|\n|t:|1662652542\n|move|p1a: Blacephalon|Flamethrower|p2a: Weavile\n|-supereffective|p2a: Weavile\n|-crit|p2a: Weavile\n|-damage|p2a: Weavile|0 fnt\n|faint|p2a: Weavile\n|-ability|p1a: Blacephalon|Beast Boost|boost\n|-boost|p1a: Blacephalon|spa|1\n|\n|-heal|p1a: Blacephalon|57\/100|[from] Grassy Terrain\n|-fieldend|move: Grassy Terrain\n|upkeep\n|\n|t:|1662652548\n|switch|p2a: Rillaboom|Rillaboom, F|46\/100\n|-damage|p2a: Rillaboom|34\/100|[from] Stealth Rock\n|-fieldstart|move: Grassy Terrain|[from] ability: Grassy Surge|[of] p2a: Rillaboom\n|turn|20\n|\n|t:|1662652554\n|switch|p1a: Garchomp|Garchomp, F|8\/100\n|-damage|p1a: Garchomp|2\/100|[from] Stealth Rock\n|move|p2a: Rillaboom|Grassy Glide|p1a: Garchomp\n|-damage|p1a: Garchomp|0 fnt\n|-damage|p2a: Rillaboom|22\/100|[from] ability: Rough Skin|[of] p1a: Garchomp\n|faint|p1a: Garchomp\n|\n|-heal|p2a: Rillaboom|28\/100|[from] Grassy Terrain\n|-heal|p2a: Rillaboom|34\/100|[from] item: Leftovers\n|upkeep\n|\n|t:|1662652556\n|switch|p1a: Azelf|Azelf|100\/100\n|-damage|p1a: Azelf|88\/100|[from] Stealth Rock\n|turn|21\n|\n|t:|1662652564\n|move|p2a: Rillaboom|Grassy Glide|p1a: Azelf\n|-damage|p1a: Azelf|14\/100\n|move|p1a: Azelf|Drain Punch|p2a: Rillaboom\n|-damage|p2a: Rillaboom|11\/100\n|-heal|p1a: Azelf|30\/100|[from] drain|[of] p2a: Rillaboom\n|\n|-heal|p2a: Rillaboom|17\/100|[from] Grassy Terrain\n|-heal|p2a: Rillaboom|23\/100|[from] item: Leftovers\n|upkeep\n|turn|22\n|\n|t:|1662652570\n|move|p2a: Rillaboom|Grassy Glide|p1a: Azelf\n|-damage|p1a: Azelf|0 fnt\n|faint|p1a: Azelf\n|\n|-heal|p2a: Rillaboom|29\/100|[from] Grassy Terrain\n|-heal|p2a: Rillaboom|35\/100|[from] item: Leftovers\n|upkeep\n|\n|t:|1662652572\n|switch|p1a: Blacephalon|Blacephalon|57\/100\n|-damage|p1a: Blacephalon|32\/100|[from] Stealth Rock\n|turn|23\n|\n|t:|1662652573\n|move|p2a: Rillaboom|Grassy Glide|p1a: Blacephalon\n|-resisted|p1a: Blacephalon\n|-damage|p1a: Blacephalon|0 fnt\n|faint|p1a: Blacephalon\n|\n|win|himynametay\n|raw|top 500 mainstay's rating: 1628 &rarr; <strong>1610<\/strong><br \/>(-18 for losing)\n|raw|himynametay's rating: 1660 &rarr; <strong>1678<\/strong><br \/>(+18 for winning)\n|l|\u2606top 500 mainstay\n|l| STDSuave\n||Ladder isn't responding, score probably updated but might not have (Request timeout).\n","uploadtime":1662652576,"views":17,"p1id":"top500mainstay","p2id":"himynametay","formatid":"gen8ou","rating":1610,"private":0,"password":null}