{"id":"gen8ou-1660764181","p1":"Chomp11","p2":"reionatro","format":"gen8ou","log":"|j|\u2606Chomp11\n|j|\u2606reionatro\n|t:|1662812189\n|gametype|singles\n|player|p1|Chomp11|steven|1720\n|player|p2|reionatro|101|1907\n|teamsize|p1|6\n|teamsize|p2|6\n|gen|8\n|tier|[Gen 8] OU\n|rated|\n|rule|Sleep Clause Mod: Limit one foe put to sleep\n|rule|Species Clause: Limit one of each Pok\u00e9mon\n|rule|OHKO Clause: OHKO moves are banned\n|rule|Evasion Items Clause: Evasion items are banned\n|rule|Evasion Moves Clause: Evasion moves are banned\n|rule|Endless Battle Clause: Forcing endless battles is banned\n|rule|HP Percentage Mod: HP is shown in percentages\n|rule|Dynamax Clause: You cannot dynamax\n|clearpoke\n|poke|p1|Hippowdon, M|\n|poke|p1|Dracozolt|\n|poke|p1|Zapdos|\n|poke|p1|Melmetal|\n|poke|p1|Blissey, F|\n|poke|p1|Ferrothorn, M|\n|poke|p2|Landorus-Therian, M|\n|poke|p2|Melmetal|\n|poke|p2|Rillaboom, M|\n|poke|p2|Tapu Koko|\n|poke|p2|Urshifu-*, F|\n|poke|p2|Zapdos|\n|teampreview\n|c|\u2606reionatro|hf\n|inactive|Battle timer is ON: inactive players will automatically lose when time's up. (requested by Chomp11)\n|c|\u2606Chomp11|no\n|c|\u2606reionatro|why not\n|c|\u2606Chomp11|because Im mad\n|inactive|reionatro has 120 seconds left.\n|j| 0SiegeWarfare\n|c|\u2606Chomp11|this game makes me mad\n|l| 0SiegeWarfare\n|inactive|reionatro has 90 seconds left.\n|\n|t:|1662812266\n|start\n|switch|p1a: Melmetal|Melmetal|100\/100\n|switch|p2a: Urshifu|Urshifu-Rapid-Strike, F|100\/100\n|turn|1\n|\n|t:|1662812278\n|switch|p2a: Zapdos|Zapdos, shiny|100\/100\n|switch|p1a: Zapdos|Zapdos|100\/100\n|\n|upkeep\n|turn|2\n|j| AnJian\n|inactive|reionatro has 120 seconds left.\n|\n|t:|1662812317\n|switch|p1a: Hippowdon|Hippowdon, M|100\/100\n|-weather|Sandstorm|[from] ability: Sand Stream|[of] p1a: Hippowdon\n|move|p2a: Zapdos|Volt Switch|p1a: Hippowdon\n|-immune|p1a: Hippowdon\n|\n|-weather|Sandstorm|[upkeep]\n|-damage|p2a: Zapdos|94\/100|[from] Sandstorm\n|upkeep\n|turn|3\n|inactive|reionatro has 120 seconds left.\n|\n|t:|1662812341\n|switch|p2a: Rillaboom|Rillaboom, M|100\/100\n|-fieldstart|move: Grassy Terrain|[from] ability: Grassy Surge|[of] p2a: Rillaboom\n|move|p1a: Hippowdon|Stealth Rock|p2a: Rillaboom\n|-sidestart|p2: reionatro|move: Stealth Rock\n|\n|-weather|Sandstorm|[upkeep]\n|-damage|p2a: Rillaboom|94\/100|[from] Sandstorm\n|-heal|p2a: Rillaboom|100\/100|[from] Grassy Terrain\n|upkeep\n|turn|4\n|\n|t:|1662812354\n|switch|p1a: Zapdos|Zapdos|100\/100\n|move|p2a: Rillaboom|Knock Off|p1a: Zapdos\n|-damage|p1a: Zapdos|74\/100\n|-enditem|p1a: Zapdos|Heavy-Duty Boots|[from] move: Knock Off|[of] p2a: Rillaboom\n|\n|-weather|Sandstorm|[upkeep]\n|-damage|p1a: Zapdos|68\/100|[from] Sandstorm\n|-damage|p2a: Rillaboom|94\/100|[from] Sandstorm\n|-heal|p2a: Rillaboom|100\/100|[from] Grassy Terrain\n|upkeep\n|turn|5\n|j| KMTQ\n|l| KMTQ\n|\n|t:|1662812376\n|switch|p2a: Tapu Koko|Tapu Koko|100\/100\n|-damage|p2a: Tapu Koko|88\/100|[from] Stealth Rock\n|-fieldstart|move: Electric Terrain|[from] ability: Electric Surge|[of] p2a: Tapu Koko\n|move|p1a: Zapdos|Heat Wave|p2a: Tapu Koko\n|-damage|p2a: Tapu Koko|48\/100\n|\n|-weather|Sandstorm|[upkeep]\n|-damage|p2a: Tapu Koko|42\/100|[from] Sandstorm\n|-damage|p1a: Zapdos|62\/100|[from] Sandstorm\n|upkeep\n|turn|6\n|inactive|reionatro has 90 seconds left.\n|\n|t:|1662812407\n|switch|p1a: Ferrothorn|Ferrothorn, M|100\/100\n|move|p2a: Tapu Koko|Thunderbolt|p1a: Ferrothorn\n|-resisted|p1a: Ferrothorn\n|-damage|p1a: Ferrothorn|71\/100\n|\n|-weather|Sandstorm|[upkeep]\n|-damage|p2a: Tapu Koko|36\/100|[from] Sandstorm\n|upkeep\n|turn|7\n|inactive|reionatro has 60 seconds left.\n|\n|t:|1662812433\n|switch|p2a: Rillaboom|Rillaboom, M|100\/100\n|-damage|p2a: Rillaboom|88\/100|[from] Stealth Rock\n|-fieldstart|move: Grassy Terrain|[from] ability: Grassy Surge|[of] p2a: Rillaboom\n|move|p1a: Ferrothorn|Knock Off|p2a: Rillaboom\n|-damage|p2a: Rillaboom|68\/100\n|-enditem|p2a: Rillaboom|Leftovers|[from] move: Knock Off|[of] p1a: Ferrothorn\n|\n|-weather|Sandstorm|[upkeep]\n|-damage|p2a: Rillaboom|62\/100|[from] Sandstorm\n|-heal|p2a: Rillaboom|68\/100|[from] Grassy Terrain\n|-heal|p1a: Ferrothorn|77\/100|[from] Grassy Terrain\n|upkeep\n|turn|8\n|inactive|reionatro has 60 seconds left.\n|\n|t:|1662812459\n|switch|p2a: Landorus|Landorus-Therian, M|100\/100\n|-damage|p2a: Landorus|88\/100|[from] Stealth Rock\n|-ability|p2a: Landorus|Intimidate|boost\n|-unboost|p1a: Ferrothorn|atk|1\n|move|p1a: Ferrothorn|Iron Defense|p1a: Ferrothorn\n|-boost|p1a: Ferrothorn|def|2\n|\n|-weather|Sandstorm|[upkeep]\n|-heal|p2a: Landorus|94\/100|[from] item: Leftovers\n|-heal|p1a: Ferrothorn|83\/100|[from] Grassy Terrain\n|upkeep\n|turn|9\n|inactive|reionatro has 30 seconds left.\n|inactive|reionatro has 20 seconds left.\n|\n|t:|1662812496\n|switch|p2a: Zapdos|Zapdos, shiny|94\/100\n|move|p1a: Ferrothorn|Knock Off|p2a: Zapdos\n|-damage|p2a: Zapdos|83\/100\n|-enditem|p2a: Zapdos|Heavy-Duty Boots|[from] move: Knock Off|[of] p1a: Ferrothorn\n|\n|-weather|none\n|-heal|p1a: Ferrothorn|90\/100|[from] Grassy Terrain\n|upkeep\n|turn|10\n|inactive|reionatro has 30 seconds left this turn.\n|\n|t:|1662812504\n|switch|p1a: Blissey|Blissey, F|100\/100\n|move|p2a: Zapdos|Hurricane|p1a: Blissey\n|-damage|p1a: Blissey|87\/100\n|-start|p1a: Blissey|confusion\n|\n|-heal|p1a: Blissey|93\/100|[from] Grassy Terrain\n|-heal|p1a: Blissey|99\/100|[from] item: Leftovers\n|upkeep\n|turn|11\n|inactive|reionatro has 30 seconds left.\n|\n|t:|1662812510\n|move|p2a: Zapdos|Volt Switch|p1a: Blissey\n|-damage|p1a: Blissey|90\/100\n|\n|t:|1662812513\n|switch|p2a: Landorus|Landorus-Therian, M|94\/100|[from]move: Volt Switch\n|-damage|p2a: Landorus|82\/100|[from] Stealth Rock\n|-ability|p2a: Landorus|Intimidate|boost\n|-unboost|p1a: Blissey|atk|1\n|-activate|p1a: Blissey|confusion\n|move|p1a: Blissey|Thunder Wave|p2a: Landorus\n|-immune|p2a: Landorus\n|\n|-heal|p2a: Landorus|88\/100|[from] item: Leftovers\n|-heal|p1a: Blissey|97\/100|[from] Grassy Terrain\n|-heal|p1a: Blissey|100\/100|[from] item: Leftovers\n|-fieldend|move: Grassy Terrain\n|upkeep\n|turn|12\n|\n|t:|1662812518\n|switch|p1a: Ferrothorn|Ferrothorn, M|90\/100\n|move|p2a: Landorus|Stealth Rock|p1a: Ferrothorn\n|-sidestart|p1: Chomp11|move: Stealth Rock\n|\n|-heal|p2a: Landorus|94\/100|[from] item: Leftovers\n|upkeep\n|turn|13\n|inactive|reionatro has 30 seconds left.\n|\n|t:|1662812544\n|switch|p2a: Urshifu|Urshifu-Rapid-Strike, F|100\/100\n|-damage|p2a: Urshifu|94\/100|[from] Stealth Rock\n|move|p1a: Ferrothorn|Leech Seed|p2a: Urshifu|[miss]\n|-miss|p1a: Ferrothorn|p2a: Urshifu\n|\n|upkeep\n|turn|14\n|\n|t:|1662812552\n|switch|p1a: Zapdos|Zapdos|62\/100\n|-damage|p1a: Zapdos|37\/100|[from] Stealth Rock\n|move|p2a: Urshifu|Close Combat|p1a: Zapdos\n|-resisted|p1a: Zapdos\n|-damage|p1a: Zapdos|12\/100\n|-unboost|p2a: Urshifu|def|1\n|-unboost|p2a: Urshifu|spd|1\n|\n|upkeep\n|turn|15\n|\n|t:|1662812566\n|move|p2a: Urshifu|Aqua Jet|p1a: Zapdos\n|-damage|p1a: Zapdos|0 fnt\n|faint|p1a: Zapdos\n|\n|upkeep\n|\n|t:|1662812572\n|switch|p1a: Hippowdon|Hippowdon, M|100\/100\n|-damage|p1a: Hippowdon|94\/100|[from] Stealth Rock\n|-weather|Sandstorm|[from] ability: Sand Stream|[of] p1a: Hippowdon\n|turn|16\n|inactive|reionatro has 30 seconds left.\n|\n|t:|1662812596\n|switch|p2a: Rillaboom|Rillaboom, M|68\/100\n|-damage|p2a: Rillaboom|56\/100|[from] Stealth Rock\n|-fieldstart|move: Grassy Terrain|[from] ability: Grassy Surge|[of] p2a: Rillaboom\n|move|p1a: Hippowdon|Earthquake|p2a: Rillaboom\n|-resisted|p2a: Rillaboom\n|-damage|p2a: Rillaboom|46\/100\n|\n|-weather|Sandstorm|[upkeep]\n|-damage|p2a: Rillaboom|40\/100|[from] Sandstorm\n|-heal|p2a: Rillaboom|46\/100|[from] Grassy Terrain\n|-heal|p1a: Hippowdon|100\/100|[from] Grassy Terrain\n|upkeep\n|turn|17\n|inactive|reionatro has 30 seconds left.\n|inactive|reionatro has 20 seconds left.\n|\n|t:|1662812617\n|switch|p1a: Ferrothorn|Ferrothorn, M|90\/100\n|-damage|p1a: Ferrothorn|83\/100|[from] Stealth Rock\n|move|p2a: Rillaboom|Knock Off|p1a: Ferrothorn\n|-damage|p1a: Ferrothorn|64\/100\n|-damage|p2a: Rillaboom|34\/100|[from] ability: Iron Barbs|[of] p1a: Ferrothorn\n|-damage|p2a: Rillaboom|17\/100|[from] item: Rocky Helmet|[of] p1a: Ferrothorn\n|-enditem|p1a: Ferrothorn|Rocky Helmet|[from] move: Knock Off|[of] p2a: Rillaboom\n|\n|-weather|Sandstorm|[upkeep]\n|-damage|p2a: Rillaboom|11\/100|[from] Sandstorm\n|-heal|p2a: Rillaboom|17\/100|[from] Grassy Terrain\n|-heal|p1a: Ferrothorn|70\/100|[from] Grassy Terrain\n|upkeep\n|turn|18\n|inactive|reionatro has 30 seconds left this turn.\n|inactive|reionatro has 20 seconds left.\n|\n|t:|1662812631\n|move|p2a: Rillaboom|Drain Punch|p1a: Ferrothorn\n|-supereffective|p1a: Ferrothorn\n|-damage|p1a: Ferrothorn|36\/100\n|-heal|p2a: Rillaboom|32\/100|[from] drain|[of] p1a: Ferrothorn\n|-damage|p2a: Rillaboom|20\/100|[from] ability: Iron Barbs|[of] p1a: Ferrothorn\n|move|p1a: Ferrothorn|Knock Off|p2a: Rillaboom\n|-damage|p2a: Rillaboom|7\/100\n|\n|-weather|Sandstorm|[upkeep]\n|-damage|p2a: Rillaboom|1\/100|[from] Sandstorm\n|-heal|p2a: Rillaboom|7\/100|[from] Grassy Terrain\n|-heal|p1a: Ferrothorn|43\/100|[from] Grassy Terrain\n|upkeep\n|turn|19\n|inactive|reionatro has 30 seconds left this turn.\n|\n|t:|1662812641\n|move|p2a: Rillaboom|Drain Punch|p1a: Ferrothorn\n|-supereffective|p1a: Ferrothorn\n|-damage|p1a: Ferrothorn|9\/100\n|-heal|p2a: Rillaboom|22\/100|[from] drain|[of] p1a: Ferrothorn\n|-damage|p2a: Rillaboom|9\/100|[from] ability: Iron Barbs|[of] p1a: Ferrothorn\n|move|p1a: Ferrothorn|Knock Off|p2a: Rillaboom\n|-damage|p2a: Rillaboom|0 fnt\n|faint|p2a: Rillaboom\n|\n|-weather|Sandstorm|[upkeep]\n|-heal|p1a: Ferrothorn|15\/100|[from] Grassy Terrain\n|upkeep\n|inactive|reionatro has 30 seconds left this turn.\n|inactive|reionatro has 20 seconds left.\n|\n|t:|1662812654\n|switch|p2a: Urshifu|Urshifu-Rapid-Strike, F|94\/100\n|-damage|p2a: Urshifu|88\/100|[from] Stealth Rock\n|turn|20\n|inactive|reionatro has 30 seconds left this turn.\n|inactive|reionatro has 20 seconds left.\n|\n|t:|1662812667\n|move|p2a: Urshifu|Close Combat|p1a: Ferrothorn\n|-supereffective|p1a: Ferrothorn\n|-damage|p1a: Ferrothorn|0 fnt\n|-unboost|p2a: Urshifu|def|1\n|-unboost|p2a: Urshifu|spd|1\n|-activate|p1a: Ferrothorn|ability: Iron Barbs\n|-activate|p2a: Urshifu|item: Protective Pads\n|faint|p1a: Ferrothorn\n|\n|-weather|Sandstorm|[upkeep]\n|-damage|p2a: Urshifu|82\/100|[from] Sandstorm\n|-heal|p2a: Urshifu|88\/100|[from] Grassy Terrain\n|-fieldend|move: Grassy Terrain\n|upkeep\n|inactive|reionatro has 25 seconds left this turn.\n|\n|t:|1662812671\n|switch|p1a: Dracozolt|Dracozolt|100\/100\n|-damage|p1a: Dracozolt|88\/100|[from] Stealth Rock\n|turn|21\n|inactive|reionatro has 30 seconds left.\n|\n|t:|1662812680\n|switch|p2a: Landorus|Landorus-Therian, M|94\/100\n|-damage|p2a: Landorus|82\/100|[from] Stealth Rock\n|-ability|p2a: Landorus|Intimidate|boost\n|-unboost|p1a: Dracozolt|atk|1\n|move|p1a: Dracozolt|Draco Meteor|p2a: Landorus\n|-damage|p2a: Landorus|44\/100\n|-unboost|p1a: Dracozolt|spa|2\n|-damage|p1a: Dracozolt|78\/100|[from] item: Life Orb\n|\n|-weather|Sandstorm|[upkeep]\n|-heal|p2a: Landorus|50\/100|[from] item: Leftovers\n|upkeep\n|turn|22\n|inactive|reionatro has 30 seconds left.\n|\n|t:|1662812691\n|switch|p1a: Hippowdon|Hippowdon, M|100\/100\n|-damage|p1a: Hippowdon|94\/100|[from] Stealth Rock\n|move|p2a: Landorus|Earthquake|p1a: Hippowdon\n|-damage|p1a: Hippowdon|69\/100\n|\n|-weather|Sandstorm|[upkeep]\n|-heal|p2a: Landorus|56\/100|[from] item: Leftovers\n|upkeep\n|turn|23\n|inactive|reionatro has 30 seconds left.\n|inactive|reionatro has 20 seconds left.\n|\n|t:|1662812714\n|move|p2a: Landorus|U-turn|p1a: Hippowdon\n|-damage|p1a: Hippowdon|57\/100\n|inactive|reionatro has 25 seconds left this turn.\n|inactive|reionatro has 20 seconds left.\n|\n|t:|1662812720\n|switch|p2a: Tapu Koko|Tapu Koko|36\/100|[from]move: U-turn\n|-damage|p2a: Tapu Koko|24\/100|[from] Stealth Rock\n|-fieldstart|move: Electric Terrain|[from] ability: Electric Surge|[of] p2a: Tapu Koko\n|move|p1a: Hippowdon|Toxic|p2a: Tapu Koko\n|-status|p2a: Tapu Koko|tox\n|\n|-weather|none\n|-damage|p2a: Tapu Koko|18\/100 tox|[from] psn\n|upkeep\n|turn|24\n|inactive|reionatro has 30 seconds left this turn.\n|\n|t:|1662812724\n|move|p2a: Tapu Koko|Grass Knot|p1a: Hippowdon\n|-supereffective|p1a: Hippowdon\n|-damage|p1a: Hippowdon|0 fnt\n|faint|p1a: Hippowdon\n|\n|-damage|p2a: Tapu Koko|5\/100 tox|[from] psn\n|upkeep\n|\n|t:|1662812728\n|switch|p1a: Melmetal|Melmetal|100\/100\n|-damage|p1a: Melmetal|94\/100|[from] Stealth Rock\n|turn|25\n|\n|t:|1662812735\n|switch|p2a: Zapdos|Zapdos, shiny|83\/100\n|-damage|p2a: Zapdos|58\/100|[from] Stealth Rock\n|move|p1a: Melmetal|Double Iron Bash|p2a: Zapdos\n|-resisted|p2a: Zapdos\n|-damage|p2a: Zapdos|31\/100\n|-resisted|p2a: Zapdos\n|-damage|p2a: Zapdos|6\/100\n|-hitcount|p2a: Zapdos|2\n|\n|upkeep\n|turn|26\n|\n|t:|1662812745\n|switch|p1a: Blissey|Blissey, F|100\/100\n|-damage|p1a: Blissey|88\/100|[from] Stealth Rock\n|move|p2a: Zapdos|Roost|p2a: Zapdos\n|-heal|p2a: Zapdos|56\/100\n|-singleturn|p2a: Zapdos|move: Roost\n|\n|-heal|p1a: Blissey|94\/100|[from] item: Leftovers\n|upkeep\n|turn|27\n|\n|t:|1662812749\n|move|p2a: Zapdos|Roost|p2a: Zapdos\n|-heal|p2a: Zapdos|100\/100\n|-singleturn|p2a: Zapdos|move: Roost\n|move|p1a: Blissey|Seismic Toss|p2a: Zapdos\n|-damage|p2a: Zapdos|74\/100\n|\n|-heal|p1a: Blissey|99\/100|[from] item: Leftovers\n|-fieldend|move: Electric Terrain\n|upkeep\n|turn|28\n|\n|t:|1662812752\n|move|p2a: Zapdos|Volt Switch|p1a: Blissey\n|-damage|p1a: Blissey|93\/100\n|\n|t:|1662812755\n|switch|p2a: Landorus|Landorus-Therian, M|56\/100|[from]move: Volt Switch\n|-damage|p2a: Landorus|44\/100|[from] Stealth Rock\n|-ability|p2a: Landorus|Intimidate|boost\n|-unboost|p1a: Blissey|atk|1\n|move|p1a: Blissey|Seismic Toss|p2a: Landorus\n|-damage|p2a: Landorus|17\/100\n|\n|-heal|p2a: Landorus|23\/100|[from] item: Leftovers\n|-heal|p1a: Blissey|99\/100|[from] item: Leftovers\n|upkeep\n|turn|29\n|\n|t:|1662812762\n|move|p2a: Landorus|Knock Off|p1a: Blissey\n|-damage|p1a: Blissey|39\/100\n|-enditem|p1a: Blissey|Leftovers|[from] move: Knock Off|[of] p2a: Landorus\n|move|p1a: Blissey|Seismic Toss|p2a: Landorus\n|-damage|p2a: Landorus|0 fnt\n|faint|p2a: Landorus\n|\n|upkeep\n|\n|t:|1662812765\n|switch|p2a: Urshifu|Urshifu-Rapid-Strike, F|88\/100\n|-damage|p2a: Urshifu|82\/100|[from] Stealth Rock\n|turn|30\n|\n|t:|1662812768\n|move|p2a: Urshifu|Surging Strikes|p1a: Blissey\n|-crit|p1a: Blissey\n|-damage|p1a: Blissey|0 fnt\n|faint|p1a: Blissey\n|-hitcount|p1: Blissey|1\n|\n|upkeep\n|l| AnJian\n|\n|t:|1662812775\n|switch|p1a: Dracozolt|Dracozolt|78\/100\n|-damage|p1a: Dracozolt|66\/100|[from] Stealth Rock\n|turn|31\n|\n|t:|1662812783\n|move|p2a: Urshifu|Close Combat|p1a: Dracozolt\n|-damage|p1a: Dracozolt|0 fnt\n|-unboost|p2a: Urshifu|def|1\n|-unboost|p2a: Urshifu|spd|1\n|faint|p1a: Dracozolt\n|\n|upkeep\n|\n|t:|1662812789\n|switch|p1a: Melmetal|Melmetal|94\/100\n|-damage|p1a: Melmetal|88\/100|[from] Stealth Rock\n|turn|32\n|\n|t:|1662812791\n|move|p2a: Urshifu|Close Combat|p1a: Melmetal\n|-supereffective|p1a: Melmetal\n|-damage|p1a: Melmetal|12\/100\n|-unboost|p2a: Urshifu|def|1\n|-unboost|p2a: Urshifu|spd|1\n|move|p1a: Melmetal|Double Iron Bash|p2a: Urshifu\n|-resisted|p2a: Urshifu\n|-damage|p2a: Urshifu|14\/100\n|-resisted|p2a: Urshifu\n|-damage|p2a: Urshifu|0 fnt\n|faint|p2a: Urshifu\n|-hitcount|p2: Urshifu|2\n|\n|upkeep\n|\n|t:|1662812795\n|switch|p2a: Melmetal|Melmetal, shiny|100\/100\n|-damage|p2a: Melmetal|94\/100|[from] Stealth Rock\n|turn|33\n|\n|t:|1662812804\n|move|p2a: Melmetal|Earthquake|p1a: Melmetal\n|-supereffective|p1a: Melmetal\n|-damage|p1a: Melmetal|0 fnt\n|faint|p1a: Melmetal\n|\n|win|reionatro\n|raw|Chomp11's rating: 1720 &rarr; <strong>1710<\/strong><br \/>(-10 for losing)\n|raw|reionatro's rating: 1907 &rarr; <strong>1917<\/strong><br \/>(+10 for winning)\n|c|\u2606reionatro|gg\n|l|\u2606reionatro\n|l|\u2606Chomp11\n||Ladder isn't responding, score probably updated but might not have (Request timeout).\n","uploadtime":1662812885,"views":35,"p1id":"chomp11","p2id":"reionatro","formatid":"gen8ou","rating":1710,"private":0,"password":null}