{"id":"gen8ou-1568845988","p1":"RubenPaCe","p2":"bakaboure","format":"gen8ou","log":"|j|\u2606RubenPaCe\n|j|\u2606bakaboure\n|t:|1651829112\n|gametype|singles\n|player|p1|RubenPaCe|169|1513\n|player|p2|bakaboure|bellelba|1628\n|teamsize|p1|6\n|teamsize|p2|6\n|gen|8\n|tier|[Gen 8] OU\n|rated|\n|rule|Sleep Clause Mod: Limit one foe put to sleep\n|rule|Species Clause: Limit one of each Pok\u00e9mon\n|rule|OHKO Clause: OHKO moves are banned\n|rule|Evasion Moves Clause: Evasion moves are banned\n|rule|Endless Battle Clause: Forcing endless battles is banned\n|rule|HP Percentage Mod: HP is shown in percentages\n|rule|Dynamax Clause: You cannot dynamax\n|clearpoke\n|poke|p1|Melmetal|\n|poke|p1|Tapu Fini|\n|poke|p1|Magnezone|\n|poke|p1|Landorus-Therian, M|\n|poke|p1|Weavile, M|\n|poke|p1|Kartana|\n|poke|p2|Hatterene, F|\n|poke|p2|Crawdaunt, F|\n|poke|p2|Melmetal|\n|poke|p2|Marowak-Alola, M|\n|poke|p2|Cresselia, F|\n|poke|p2|Porygon2|\n|teampreview\n|inactive|Battle timer is ON: inactive players will automatically lose when time's up. (requested by bakaboure)\n|\n|t:|1651829122\n|start\n|switch|p1a: Melmetal|Melmetal|100\/100\n|switch|p2a: Hatterene|Hatterene, F|100\/100\n|turn|1\n|\n|t:|1651829127\n|switch|p2a: Melmetal|Melmetal|100\/100\n|move|p1a: Melmetal|Double Iron Bash|p2a: Melmetal\n|-resisted|p2a: Melmetal\n|-damage|p2a: Melmetal|88\/100\n|-resisted|p2a: Melmetal\n|-damage|p2a: Melmetal|77\/100\n|-hitcount|p2a: Melmetal|2\n|\n|upkeep\n|turn|2\n|\n|t:|1651829137\n|move|p1a: Melmetal|Earthquake|p2a: Melmetal\n|-supereffective|p2a: Melmetal\n|-damage|p2a: Melmetal|34\/100\n|move|p2a: Melmetal|Earthquake|p1a: Melmetal\n|-supereffective|p1a: Melmetal\n|-damage|p1a: Melmetal|32\/100\n|\n|-heal|p1a: Melmetal|38\/100|[from] item: Leftovers\n|upkeep\n|turn|3\n|\n|t:|1651829145\n|switch|p2a: Cresselia|Cresselia, F|100\/100\n|move|p1a: Melmetal|Protect||[still]\n|-fail|p1a: Melmetal\n|\n|-heal|p1a: Melmetal|44\/100|[from] item: Leftovers\n|upkeep\n|turn|4\n|\n|t:|1651829155\n|move|p1a: Melmetal|Double Iron Bash|p2a: Cresselia\n|-damage|p2a: Cresselia|78\/100\n|-damage|p2a: Cresselia|57\/100\n|-hitcount|p2a: Cresselia|2\n|move|p2a: Cresselia|Trick Room|p2a: Cresselia\n|-fieldstart|move: Trick Room|[of] p2a: Cresselia\n|\n|-heal|p1a: Melmetal|50\/100|[from] item: Leftovers\n|upkeep\n|turn|5\n|\n|t:|1651829169\n|move|p1a: Melmetal|Double Iron Bash|p2a: Cresselia\n|-damage|p2a: Cresselia|35\/100\n|-damage|p2a: Cresselia|11\/100\n|-hitcount|p2a: Cresselia|2\n|cant|p2a: Cresselia|flinch\n|\n|-heal|p1a: Melmetal|56\/100|[from] item: Leftovers\n|upkeep\n|turn|6\n|\n|t:|1651829194\n|switch|p2a: Marowak|Marowak-Alola, M|100\/100\n|move|p1a: Melmetal|Double Iron Bash|p2a: Marowak\n|-resisted|p2a: Marowak\n|-damage|p2a: Marowak|80\/100\n|-resisted|p2a: Marowak\n|-damage|p2a: Marowak|60\/100\n|-hitcount|p2a: Marowak|2\n|\n|-heal|p1a: Melmetal|62\/100|[from] item: Leftovers\n|upkeep\n|turn|7\n|\n|t:|1651829211\n|move|p1a: Melmetal|Protect|p1a: Melmetal\n|-singleturn|p1a: Melmetal|Protect\n|move|p2a: Marowak|Poltergeist|p1a: Melmetal\n|-activate|p1a: Melmetal|move: Protect\n|\n|-heal|p1a: Melmetal|68\/100|[from] item: Leftovers\n|upkeep\n|turn|8\n|\n|t:|1651829218\n|switch|p1a: Landorus|Landorus-Therian, M|100\/100\n|-ability|p1a: Landorus|Intimidate|boost\n|-unboost|p2a: Marowak|atk|1\n|move|p2a: Marowak|Flare Blitz|p1a: Landorus\n|-damage|p1a: Landorus|35\/100\n|\n|-heal|p1a: Landorus|41\/100|[from] item: Leftovers\n|-fieldend|move: Trick Room\n|upkeep\n|turn|9\n|\n|t:|1651829226\n|switch|p2a: Hatterene|Hatterene, F|100\/100\n|move|p1a: Landorus|Earthquake|p2a: Hatterene\n|-damage|p2a: Hatterene|44\/100\n|\n|-heal|p1a: Landorus|47\/100|[from] item: Leftovers\n|upkeep\n|turn|10\n|\n|t:|1651829238\n|move|p1a: Landorus|Earthquake|p2a: Hatterene\n|-damage|p2a: Hatterene|0 fnt\n|faint|p2a: Hatterene\n|\n|-heal|p1a: Landorus|53\/100|[from] item: Leftovers\n|upkeep\n|\n|t:|1651829245\n|switch|p2a: Crawdaunt|Crawdaunt, F|100\/100\n|turn|11\n|\n|t:|1651829249\n|move|p1a: Landorus|U-turn|p2a: Crawdaunt\n|-supereffective|p2a: Crawdaunt\n|-damage|p2a: Crawdaunt|43\/100\n|\n|t:|1651829251\n|switch|p1a: Tapu Fini|Tapu Fini|100\/100|[from]move: U-turn\n|-fieldstart|move: Misty Terrain|[from] ability: Misty Surge|[of] p1a: Tapu Fini\n|move|p2a: Crawdaunt|Knock Off|p1a: Tapu Fini\n|-resisted|p1a: Tapu Fini\n|-damage|p1a: Tapu Fini|69\/100\n|-enditem|p1a: Tapu Fini|Leftovers|[from] move: Knock Off|[of] p2a: Crawdaunt\n|-damage|p2a: Crawdaunt|33\/100|[from] item: Life Orb\n|\n|upkeep\n|turn|12\n|\n|t:|1651829266\n|switch|p2a: Porygon2|Porygon2|100\/100\n|-ability|p2a: Porygon2|Misty Surge|[from] ability: Trace|[of] p1a: Tapu Fini\n|move|p1a: Tapu Fini|Calm Mind|p1a: Tapu Fini\n|-boost|p1a: Tapu Fini|spa|1\n|-boost|p1a: Tapu Fini|spd|1\n|\n|upkeep\n|turn|13\n|\n|t:|1651829283\n|move|p1a: Tapu Fini|Taunt|p2a: Porygon2\n|-start|p2a: Porygon2|move: Taunt\n|cant|p2a: Porygon2|move: Taunt|Trick Room\n|\n|upkeep\n|turn|14\n|\n|t:|1651829288\n|switch|p2a: Melmetal|Melmetal|34\/100\n|move|p1a: Tapu Fini|Calm Mind|p1a: Tapu Fini\n|-boost|p1a: Tapu Fini|spa|1\n|-boost|p1a: Tapu Fini|spd|1\n|\n|upkeep\n|turn|15\n|\n|t:|1651829294\n|move|p1a: Tapu Fini|Scald|p2a: Melmetal\n|-crit|p2a: Melmetal\n|-damage|p2a: Melmetal|0 fnt\n|faint|p2a: Melmetal\n|\n|-fieldend|Misty Terrain\n|upkeep\n|\n|t:|1651829299\n|switch|p2a: Cresselia|Cresselia, F|11\/100\n|turn|16\n|\n|t:|1651829302\n|move|p1a: Tapu Fini|Draining Kiss|p2a: Cresselia\n|-damage|p2a: Cresselia|0 fnt\n|-heal|p1a: Tapu Fini|80\/100|[from] drain|[of] p2a: Cresselia\n|faint|p2a: Cresselia\n|\n|upkeep\n|-message|bakaboure forfeited.\n|\n|win|RubenPaCe\n|raw|RubenPaCe's rating: 1513 &rarr; <strong>1539<\/strong><br \/>(+26 for winning)\n|raw|bakaboure's rating: 1628 &rarr; <strong>1602<\/strong><br \/>(-26 for losing)\n|l|\u2606bakaboure\n||Ladder isn't responding, score probably updated but might not have (Request timeout).\n","uploadtime":1651829323,"views":98,"p1id":"rubenpace","p2id":"bakaboure","formatid":"gen8ou","rating":1539,"private":0,"password":null}