{"id":"gen8ou-1662653585","p1":"minimax_ai","p2":"Free Wifi Hotspot","format":"gen8ou","log":"|j|\u2606minimax_ai\n|j|\u2606Free Wifi Hotspot\n|t:|1663012128\n|gametype|singles\n|player|p1|minimax_ai|lusamine-nihilego|1386\n|player|p2|Free Wifi Hotspot|lucas|1384\n|teamsize|p1|6\n|teamsize|p2|6\n|gen|8\n|tier|[Gen 8] OU\n|rated|\n|rule|Sleep Clause Mod: Limit one foe put to sleep\n|rule|Species Clause: Limit one of each Pok\u00e9mon\n|rule|OHKO Clause: OHKO moves are banned\n|rule|Evasion Items Clause: Evasion items are banned\n|rule|Evasion Moves Clause: Evasion moves are banned\n|rule|Endless Battle Clause: Forcing endless battles is banned\n|rule|HP Percentage Mod: HP is shown in percentages\n|rule|Dynamax Clause: You cannot dynamax\n|clearpoke\n|poke|p1|Rotom-Wash|\n|poke|p1|Weavile, M|\n|poke|p1|Landorus-Therian, M|\n|poke|p1|Heatran, M|\n|poke|p1|Tangrowth, M|\n|poke|p1|Melmetal|\n|poke|p2|Blacephalon|\n|poke|p2|Keldeo-Resolute|\n|poke|p2|Slowking-Galar, F|\n|poke|p2|Weavile, F|\n|poke|p2|Garchomp, M|\n|poke|p2|Rillaboom, M|\n|teampreview\n|inactive|Battle timer is ON: inactive players will automatically lose when time's up. (requested by Free Wifi Hotspot)\n|c|\u2606minimax_ai|hf\n|inactive|minimax_ai also wants the timer to be on.\n|\n|t:|1663012133\n|start\n|switch|p1a: Melmetal|Melmetal|100\/100\n|switch|p2a: Garchomp|Garchomp, M|100\/100\n|turn|1\n|\n|t:|1663012135\n|move|p2a: Garchomp|Stealth Rock|p1a: Melmetal\n|-sidestart|p1: minimax_ai|move: Stealth Rock\n|move|p1a: Melmetal|Ice Punch|p2a: Garchomp\n|-supereffective|p2a: Garchomp\n|-damage|p2a: Garchomp|12\/100\n|-damage|p1a: Melmetal|88\/100|[from] ability: Rough Skin|[of] p2a: Garchomp\n|-damage|p1a: Melmetal|71\/100|[from] item: Rocky Helmet|[of] p2a: Garchomp\n|\n|upkeep\n|turn|2\n|\n|t:|1663012143\n|move|p2a: Garchomp|Earthquake|p1a: Melmetal\n|-supereffective|p1a: Melmetal\n|-damage|p1a: Melmetal|23\/100\n|move|p1a: Melmetal|Ice Punch|p2a: Garchomp\n|-supereffective|p2a: Garchomp\n|-damage|p2a: Garchomp|0 fnt\n|-damage|p1a: Melmetal|11\/100|[from] ability: Rough Skin|[of] p2a: Garchomp\n|-damage|p1a: Melmetal|0 fnt|[from] item: Rocky Helmet|[of] p2a: Garchomp\n|faint|p2a: Garchomp\n|faint|p1a: Melmetal\n|\n|upkeep\n|\n|t:|1663012152\n|switch|p2a: Keldeo|Keldeo-Resolute|100\/100\n|switch|p1a: Tangrowth|Tangrowth, M|100\/100\n|-damage|p1a: Tangrowth|88\/100|[from] Stealth Rock\n|turn|3\n|\n|t:|1663012156\n|switch|p1a: rotomwash|Rotom-Wash|100\/100\n|-damage|p1a: rotomwash|88\/100|[from] Stealth Rock\n|move|p2a: Keldeo|Flip Turn|p1a: rotomwash\n|-resisted|p1a: rotomwash\n|-damage|p1a: rotomwash|81\/100\n|\n|t:|1663012169\n|switch|p2a: Rillaboom|Rillaboom, M|100\/100|[from]move: Flip Turn\n|-fieldstart|move: Grassy Terrain|[from] ability: Grassy Surge|[of] p2a: Rillaboom\n|\n|-heal|p1a: rotomwash|87\/100|[from] item: Leftovers\n|upkeep\n|turn|4\n|\n|t:|1663012172\n|switch|p1a: Tangrowth|Tangrowth, M|100\/100\n|-damage|p1a: Tangrowth|88\/100|[from] Stealth Rock\n|move|p2a: Rillaboom|Grassy Glide|p1a: Tangrowth\n|-resisted|p1a: Tangrowth\n|-damage|p1a: Tangrowth|71\/100\n|-damage|p2a: Rillaboom|84\/100|[from] item: Rocky Helmet|[of] p1a: Tangrowth\n|-damage|p2a: Rillaboom|74\/100|[from] item: Life Orb\n|\n|-heal|p2a: Rillaboom|80\/100|[from] Grassy Terrain\n|-heal|p1a: Tangrowth|77\/100|[from] Grassy Terrain\n|upkeep\n|turn|5\n|\n|t:|1663012175\n|move|p2a: Rillaboom|Knock Off|p1a: Tangrowth\n|-damage|p1a: Tangrowth|52\/100\n|-damage|p2a: Rillaboom|64\/100|[from] item: Rocky Helmet|[of] p1a: Tangrowth\n|-enditem|p1a: Tangrowth|Rocky Helmet|[from] move: Knock Off|[of] p2a: Rillaboom\n|-damage|p2a: Rillaboom|54\/100|[from] item: Life Orb\n|move|p1a: Tangrowth|Knock Off|p2a: Rillaboom\n|-damage|p2a: Rillaboom|28\/100\n|-enditem|p2a: Rillaboom|Life Orb|[from] move: Knock Off|[of] p1a: Tangrowth\n|\n|-heal|p2a: Rillaboom|35\/100|[from] Grassy Terrain\n|-heal|p1a: Tangrowth|58\/100|[from] Grassy Terrain\n|upkeep\n|turn|6\n|\n|t:|1663012181\n|switch|p2a: Keldeo|Keldeo-Resolute|100\/100\n|move|p1a: Tangrowth|Sleep Powder|p2a: Keldeo\n|-status|p2a: Keldeo|slp|[from] move: Sleep Powder\n|\n|-heal|p1a: Tangrowth|65\/100|[from] Grassy Terrain\n|upkeep\n|turn|7\n|\n|t:|1663012186\n|switch|p2a: Slowking|Slowking-Galar, F|100\/100\n|move|p1a: Tangrowth|Giga Drain|p2a: Slowking\n|-resisted|p2a: Slowking\n|-damage|p2a: Slowking|91\/100\n|-heal|p1a: Tangrowth|69\/100|[from] drain|[of] p2a: Slowking\n|\n|-heal|p1a: Tangrowth|75\/100|[from] Grassy Terrain\n|-heal|p2a: Slowking|97\/100|[from] Grassy Terrain\n|-fieldend|move: Grassy Terrain\n|upkeep\n|turn|8\n|\n|t:|1663012190\n|switch|p1a: rotomwash|Rotom-Wash|87\/100\n|-damage|p1a: rotomwash|75\/100|[from] Stealth Rock\n|move|p2a: Slowking|Psychic|p1a: rotomwash\n|-damage|p1a: rotomwash|22\/100\n|-unboost|p1a: rotomwash|spd|1\n|\n|-heal|p1a: rotomwash|28\/100|[from] item: Leftovers\n|upkeep\n|turn|9\n|\n|t:|1663012192\n|move|p1a: rotomwash|Pain Split|p2a: Slowking\n|-sethp|p2a: Slowking|60\/100|[from] move: Pain Split|[silent]\n|-sethp|p1a: rotomwash|77\/100|[from] move: Pain Split\n|move|p2a: Slowking|Psychic|p1a: rotomwash\n|-damage|p1a: rotomwash|3\/100\n|\n|-heal|p1a: rotomwash|9\/100|[from] item: Leftovers\n|upkeep\n|turn|10\n|\n|t:|1663012195\n|move|p1a: rotomwash|Pain Split|p2a: Slowking\n|-sethp|p2a: Slowking|33\/100|[from] move: Pain Split|[silent]\n|-sethp|p1a: rotomwash|43\/100|[from] move: Pain Split\n|move|p2a: Slowking|Sludge Bomb|p1a: rotomwash\n|-damage|p1a: rotomwash|0 fnt\n|faint|p1a: rotomwash\n|\n|upkeep\n|\n|t:|1663012195\n|switch|p1a: landorustherian|Landorus-Therian, M|100\/100\n|-damage|p1a: landorustherian|88\/100|[from] Stealth Rock\n|-ability|p1a: landorustherian|Intimidate|boost\n|-unboost|p2a: Slowking|atk|1\n|turn|11\n|\n|t:|1663012198\n|switch|p2a: Keldeo|Keldeo-Resolute|100\/100 slp\n|move|p1a: landorustherian|Earthquake|p2a: Keldeo\n|-damage|p2a: Keldeo|48\/100 slp\n|\n|-heal|p1a: landorustherian|94\/100|[from] item: Leftovers\n|upkeep\n|turn|12\n|\n|t:|1663012201\n|cant|p2a: Keldeo|slp\n|move|p1a: landorustherian|Earthquake|p2a: Keldeo\n|-damage|p2a: Keldeo|0 fnt\n|faint|p2a: Keldeo\n|\n|-heal|p1a: landorustherian|99\/100|[from] item: Leftovers\n|upkeep\n|\n|t:|1663012204\n|switch|p2a: Weavile|Weavile, F|100\/100\n|-ability|p2a: Weavile|Pressure\n|turn|13\n|\n|t:|1663012206\n|move|p2a: Weavile|Swords Dance|p2a: Weavile\n|-boost|p2a: Weavile|atk|2\n|move|p1a: landorustherian|Defog|p2a: Weavile\n|-unboost|p2a: Weavile|evasion|1\n|-sideend|p1: minimax_ai|Stealth Rock|[from] move: Defog|[of] p1a: landorustherian\n|\n|-heal|p1a: landorustherian|100\/100|[from] item: Leftovers\n|upkeep\n|turn|14\n|\n|t:|1663012208\n|move|p2a: Weavile|Ice Shard|p1a: landorustherian\n|-supereffective|p1a: landorustherian\n|-damage|p1a: landorustherian|0 fnt\n|faint|p1a: landorustherian\n|\n|upkeep\n|\n|t:|1663012208\n|switch|p1a: Heatran|Heatran, M|100\/100\n|-item|p1a: Heatran|Air Balloon\n|turn|15\n|\n|t:|1663012211\n|move|p2a: Weavile|Low Kick|p1a: Heatran\n|-supereffective|p1a: Heatran\n|-damage|p1a: Heatran|0 fnt\n|-enditem|p1a: Heatran|Air Balloon\n|faint|p1a: Heatran\n|\n|upkeep\n|\n|t:|1663012211\n|switch|p1a: Tangrowth|Tangrowth, M|100\/100\n|turn|16\n|\n|t:|1663012215\n|move|p2a: Weavile|Knock Off|p1a: Tangrowth\n|-damage|p1a: Tangrowth|70\/100\n|move|p1a: Tangrowth|Knock Off|p2a: Weavile\n|-resisted|p2a: Weavile\n|-damage|p2a: Weavile|81\/100\n|-enditem|p2a: Weavile|Heavy-Duty Boots|[from] move: Knock Off|[of] p1a: Tangrowth\n|\n|upkeep\n|turn|17\n|\n|t:|1663012224\n|move|p2a: Weavile|Low Kick|p1a: Tangrowth\n|-crit|p1a: Tangrowth\n|-damage|p1a: Tangrowth|16\/100\n|move|p1a: Tangrowth|Giga Drain|p2a: Weavile\n|-damage|p2a: Weavile|41\/100\n|-heal|p1a: Tangrowth|30\/100|[from] drain|[of] p2a: Weavile\n|\n|upkeep\n|turn|18\n|\n|t:|1663012229\n|move|p2a: Weavile|Low Kick|p1a: Tangrowth\n|-damage|p1a: Tangrowth|0 fnt\n|faint|p1a: Tangrowth\n|\n|upkeep\n|\n|t:|1663012229\n|switch|p1a: Weavile|Weavile, M|100\/100\n|-ability|p1a: Weavile|Pressure\n|turn|19\n|\n|t:|1663012231\n|move|p1a: Weavile|Ice Shard|p2a: Weavile\n|-resisted|p2a: Weavile\n|-damage|p2a: Weavile|15\/100\n|move|p2a: Weavile|Low Kick|p1a: Weavile\n|-supereffective|p1a: Weavile\n|-damage|p1a: Weavile|0 fnt\n|faint|p1a: Weavile\n|\n|win|Free Wifi Hotspot\n|raw|minimax_ai's rating: 1386 &rarr; <strong>1366<\/strong><br \/>(-20 for losing)\n|raw|Free Wifi Hotspot's rating: 1384 &rarr; <strong>1404<\/strong><br \/>(+20 for winning)\n|c|\u2606minimax_ai|gg\n","uploadtime":1663012234,"views":12,"p1id":"minimaxai","p2id":"freewifihotspot","formatid":"gen8ou","rating":1366,"private":0,"password":null}