{"id":"gen8almostanyability-1676107780","p1":"career ended","p2":"Unviabriel","format":"gen8almostanyability","log":"|html|<div class=\"broadcast-blue\"><strong>[Gen 8] Almost Any Ability is currently suspecting Genesect! For information on how to participate check out the <a href=\"https:\/\/www.smogon.com\/forums\/threads\/ss-aaa-suspect-9-burning-red-genesect.3708014\/\">suspect thread<\/a>.<\/strong><\/div>\n|j|\u2606career ended\n|j|\u2606Unviabriel\n|t:|1664752922\n|gametype|singles\n|player|p1|career ended|depotagent|\n|player|p2|Unviabriel|shauntal|\n|teamsize|p1|6\n|teamsize|p2|6\n|gen|8\n|tier|[Gen 8] Almost Any Ability\n|rule|Species Clause: Limit one of each Pok\u00e9mon\n|rule|OHKO Clause: OHKO moves are banned\n|rule|Evasion Moves Clause: Evasion moves are banned\n|rule|Endless Battle Clause: Forcing endless battles is banned\n|rule|Dynamax Clause: You cannot dynamax\n|rule|HP Percentage Mod: HP is shown in percentages\n|rule|2 Ability Clause: Limit two of each ability\n|rule|Sleep Clause: Sleep-inducing moves are banned\n|clearpoke\n|poke|p1|Volcanion|\n|poke|p1|Tapu Koko|\n|poke|p1|Landorus-Therian, M|\n|poke|p1|Terrakion|\n|poke|p1|Excadrill, M|\n|poke|p1|Mew|\n|poke|p2|Chandelure, F|\n|poke|p2|Barraskewda, M|\n|poke|p2|Garchomp, F|\n|poke|p2|Corviknight, M|\n|poke|p2|Blissey, F|\n|poke|p2|Mew|\n|teampreview\n|c|\u2606Unviabriel|glhf\n|c|\u2606career ended|u2\n|j|@isaiaH@!\n|j|+Greybaum\n|j| armin@!\n|j| beauts\n|j| Ducky\n|j| Deepfriedmagikarp\n|j| Tea Guzzler\n|j|+Quantum Tesseract\n|\n|t:|1664752982\n|start\n|switch|p1a: Terrakion|Terrakion|100\/100\n|switch|p2a: Garchomp|Garchomp, F|100\/100\n|turn|1\n|\n|t:|1664753028\n|switch|p1a: Mew|Mew|100\/100\n|-ability|p1a: Mew|Dauntless Shield|boost\n|-boost|p1a: Mew|def|1\n|switch|p2a: Corviknight|Corviknight, M|100\/100\n|-ability|p2a: Corviknight|Intimidate|boost\n|-unboost|p1a: Mew|atk|1\n|\n|upkeep\n|turn|2\n|\n|t:|1664753036\n|move|p1a: Mew|Volt Switch|p2a: Corviknight\n|-supereffective|p2a: Corviknight\n|-damage|p2a: Corviknight|68\/100\n|\n|t:|1664753043\n|switch|p1a: Terrakion|Terrakion|100\/100|[from]move: Volt Switch\n|move|p2a: Corviknight|U-turn|p1a: Terrakion\n|-resisted|p1a: Terrakion\n|-damage|p1a: Terrakion|92\/100\n|inactive|Battle timer is ON: inactive players will automatically lose when time's up. (requested by career ended)\n|\n|t:|1664753089\n|switch|p2a: Barraskewda|Barraskewda, M|100\/100|[from]move: U-turn\n|-weather|PrimordialSea|[from] ability: Primordial Sea|[of] p2a: Barraskewda\n|\n|-weather|PrimordialSea|[upkeep]\n|upkeep\n|turn|3\n|\n|t:|1664753094\n|switch|p1a: Excadrill|Excadrill, M|100\/100\n|move|p2a: Barraskewda|Flip Turn|p1a: Excadrill\n|-immune|p1a: Excadrill|[from] ability: Water Absorb\n|\n|-weather|PrimordialSea|[upkeep]\n|upkeep\n|turn|4\n|\n|t:|1664753101\n|-weather|none\n|switch|p2a: Corviknight|Corviknight, M|68\/100\n|-ability|p2a: Corviknight|Intimidate|boost\n|-unboost|p1a: Excadrill|atk|1\n|switch|p1a: Volcanion|Volcanion|100\/100\n|\n|-heal|p2a: Corviknight|74\/100|[from] item: Leftovers\n|upkeep\n|turn|5\n|\n|t:|1664753117\n|switch|p2a: Blissey|Blissey, F|100\/100\n|move|p1a: Volcanion|Flare Blitz|p2a: Blissey\n|-damage|p2a: Blissey|49\/100\n|\n|upkeep\n|turn|6\n|\n|t:|1664753124\n|switch|p2a: Garchomp|Garchomp, F|100\/100\n|move|p1a: Volcanion|Flare Blitz|p2a: Garchomp\n|-resisted|p2a: Garchomp\n|-damage|p2a: Garchomp|76\/100\n|\n|upkeep\n|turn|7\n|\n|t:|1664753145\n|move|p2a: Garchomp|Stealth Rock|p1a: Volcanion\n|-sidestart|p1: career ended|move: Stealth Rock\n|move|p1a: Volcanion|Steam Eruption|p2a: Garchomp\n|-damage|p2a: Garchomp|17\/100\n|\n|upkeep\n|turn|8\n|inactive|Unviabriel has 270 seconds left.\n|\n|t:|1664753192\n|move|p2a: Garchomp|Earthquake|p1a: Volcanion\n|-supereffective|p1a: Volcanion\n|-damage|p1a: Volcanion|6\/100\n|move|p1a: Volcanion|Steam Eruption|p2a: Garchomp\n|-damage|p2a: Garchomp|0 fnt\n|faint|p2a: Garchomp\n|\n|upkeep\n|inactive|Unviabriel has 240 seconds left.\n|\n|t:|1664753230\n|switch|p2a: Chandelure|Chandelure, F|100\/100\n|-weather|DesolateLand|[from] ability: Desolate Land|[of] p2a: Chandelure\n|turn|9\n|inactive|career ended has 270 seconds left.\n|\n|t:|1664753254\n|switch|p1a: Terrakion|Terrakion|100\/100\n|-damage|p1a: Terrakion|94\/100|[from] Stealth Rock\n|move|p2a: Chandelure|Flamethrower|p1a: Terrakion\n|-resisted|p1a: Terrakion\n|-damage|p1a: Terrakion|23\/100\n|\n|-weather|DesolateLand|[upkeep]\n|upkeep\n|turn|10\n|inactive|Unviabriel has 240 seconds left.\n|inactive|career ended has 270 seconds left.\n|\n|t:|1664753282\n|-weather|none\n|switch|p2a: Corviknight|Corviknight, M|74\/100\n|-ability|p2a: Corviknight|Intimidate|boost\n|-unboost|p1a: Terrakion|atk|1\n|move|p1a: Terrakion|Stone Edge|p2a: Corviknight\n|-damage|p2a: Corviknight|47\/100\n|-damage|p1a: Terrakion|13\/100|[from] item: Life Orb\n|\n|-heal|p2a: Corviknight|54\/100|[from] item: Leftovers\n|upkeep\n|turn|11\n|inactive|career ended has 270 seconds left.\n|\n|t:|1664753295\n|move|p1a: Terrakion|Stealth Rock|p2a: Corviknight\n|-sidestart|p2: Unviabriel|move: Stealth Rock\n|move|p2a: Corviknight|U-turn|p1a: Terrakion\n|-resisted|p1a: Terrakion\n|-damage|p1a: Terrakion|5\/100\n|inactive|Unviabriel has 210 seconds left.\n|\n|t:|1664753313\n|switch|p2a: Barraskewda|Barraskewda, M|100\/100|[from]move: U-turn\n|-damage|p2a: Barraskewda|88\/100|[from] Stealth Rock\n|-weather|PrimordialSea|[from] ability: Primordial Sea|[of] p2a: Barraskewda\n|\n|-weather|PrimordialSea|[upkeep]\n|upkeep\n|turn|12\n|inactive|Unviabriel has 210 seconds left.\n|\n|t:|1664753330\n|switch|p1a: Mew|Mew|100\/100\n|-ability|p1a: Mew|Dauntless Shield|boost\n|-boost|p1a: Mew|def|1\n|move|p2a: Barraskewda|Close Combat|p1a: Mew\n|-resisted|p1a: Mew\n|-damage|p1a: Mew|87\/100\n|-unboost|p2a: Barraskewda|def|1\n|-unboost|p2a: Barraskewda|spd|1\n|\n|-weather|PrimordialSea|[upkeep]\n|upkeep\n|turn|13\n|inactive|Unviabriel has 210 seconds left.\n|\n|t:|1664753349\n|-weather|none\n|switch|p2a: Blissey|Blissey, F|82\/100\n|move|p1a: Mew|Volt Switch|p2a: Blissey\n|-damage|p2a: Blissey|77\/100\n|\n|t:|1664753359\n|switch|p1a: Landorus|Landorus-Therian, M|100\/100|[from]move: Volt Switch\n|-damage|p1a: Landorus|88\/100|[from] Stealth Rock\n|\n|upkeep\n|turn|14\n|inactive|Unviabriel has 210 seconds left.\n|\n|t:|1664753371\n|move|p1a: Landorus|Knock Off|p2a: Blissey\n|-damage|p2a: Blissey|49\/100\n|-enditem|p2a: Blissey|Heavy-Duty Boots|[from] move: Knock Off|[of] p1a: Landorus\n|move|p2a: Blissey|Teleport|p2a: Blissey\n|n| demondinnerlady|teaguzzler\n|j| Redflix\n|inactive|Unviabriel has 180 seconds left.\n|\n|t:|1664753403\n|switch|p2a: Corviknight|Corviknight, M|54\/100|[from]move: Teleport\n|-damage|p2a: Corviknight|41\/100|[from] Stealth Rock\n|-ability|p2a: Corviknight|Intimidate|boost\n|-unboost|p1a: Landorus|atk|1\n|\n|-heal|p2a: Corviknight|47\/100|[from] item: Leftovers\n|upkeep\n|turn|15\n|\n|t:|1664753413\n|move|p1a: Landorus|U-turn|p2a: Corviknight\n|-resisted|p2a: Corviknight\n|-damage|p2a: Corviknight|45\/100\n|\n|t:|1664753415\n|switch|p1a: Tapu Koko|Tapu Koko|100\/100|[from]move: U-turn\n|move|p2a: Corviknight|Roost|p2a: Corviknight\n|-heal|p2a: Corviknight|95\/100\n|-singleturn|p2a: Corviknight|move: Roost\n|\n|-heal|p2a: Corviknight|100\/100|[from] item: Leftovers\n|upkeep\n|turn|16\n|\n|t:|1664753429\n|switch|p1a: Terrakion|Terrakion|38\/100\n|-damage|p1a: Terrakion|32\/100|[from] Stealth Rock\n|switch|p2a: Blissey|Blissey, F|82\/100\n|-damage|p2a: Blissey|70\/100|[from] Stealth Rock\n|\n|upkeep\n|turn|17\n|\n|t:|1664753453\n|switch|p2a: Corviknight|Corviknight, M|100\/100\n|-damage|p2a: Corviknight|88\/100|[from] Stealth Rock\n|-ability|p2a: Corviknight|Intimidate|boost\n|-unboost|p1a: Terrakion|atk|1\n|move|p1a: Terrakion|Close Combat|p2a: Corviknight\n|-damage|p2a: Corviknight|56\/100\n|-unboost|p1a: Terrakion|def|1\n|-unboost|p1a: Terrakion|spd|1\n|-damage|p1a: Terrakion|22\/100|[from] item: Life Orb\n|\n|-heal|p2a: Corviknight|62\/100|[from] item: Leftovers\n|upkeep\n|turn|18\n|inactive|career ended has 270 seconds left.\n|inactive|Unviabriel has 180 seconds left.\n|l| Ducky\n|\n|t:|1664753488\n|switch|p1a: Excadrill|Excadrill, M|100\/100\n|-damage|p1a: Excadrill|97\/100|[from] Stealth Rock\n|move|p2a: Corviknight|Defog|p1a: Excadrill\n|-unboost|p1a: Excadrill|evasion|1\n|-sideend|p1: career ended|Stealth Rock|[from] move: Defog|[of] p2a: Corviknight\n|-sideend|p2: Unviabriel|Stealth Rock|[from] move: Defog|[of] p2a: Corviknight\n|\n|-heal|p1a: Excadrill|100\/100|[from] item: Leftovers\n|-heal|p2a: Corviknight|68\/100|[from] item: Leftovers\n|upkeep\n|turn|19\n|j| Ducky\n|inactive|Unviabriel has 180 seconds left.\n|\n|t:|1664753502\n|switch|p1a: Terrakion|Terrakion|55\/100\n|move|p2a: Corviknight|U-turn|p1a: Terrakion\n|-resisted|p1a: Terrakion\n|-damage|p1a: Terrakion|46\/100\n|inactive|Unviabriel has 180 seconds left.\n|\n|t:|1664753527\n|switch|p2a: Mew|Mew|100\/100|[from]move: U-turn\n|\n|upkeep\n|turn|20\n|inactive|career ended has 270 seconds left.\n|\n|t:|1664753545\n|move|p1a: Terrakion|Stealth Rock|p2a: Mew\n|-sidestart|p2: Unviabriel|move: Stealth Rock\n|move|p2a: Mew|Psychic|p1a: Terrakion\n|-supereffective|p1a: Terrakion\n|-damage|p1a: Terrakion|0 fnt\n|faint|p1a: Terrakion\n|\n|upkeep\n|\n|t:|1664753567\n|switch|p1a: Landorus|Landorus-Therian, M|100\/100\n|turn|21\n|inactive|Unviabriel has 180 seconds left.\n|inactive|Unviabriel has 150 seconds left.\n|inactive|Unviabriel has 120 seconds left.\n|\n|t:|1664753634\n|switch|p2a: Corviknight|Corviknight, M|68\/100\n|-damage|p2a: Corviknight|56\/100|[from] Stealth Rock\n|-ability|p2a: Corviknight|Intimidate|boost\n|-unboost|p1a: Landorus|atk|1\n|move|p1a: Landorus|U-turn|p2a: Corviknight\n|-resisted|p2a: Corviknight\n|-damage|p2a: Corviknight|53\/100\n|\n|t:|1664753638\n|switch|p1a: Volcanion|Volcanion|6\/100|[from]move: U-turn\n|\n|-heal|p2a: Corviknight|60\/100|[from] item: Leftovers\n|upkeep\n|turn|22\n|inactive|Unviabriel has 120 seconds left.\n|inactive|Unviabriel has 90 seconds left.\n|j| cityscapes\n|inactive|Unviabriel has 60 seconds left.\n|inactive|Unviabriel has 30 seconds left.\n|\n|t:|1664753751\n|switch|p2a: Chandelure|Chandelure, F|100\/100\n|-damage|p2a: Chandelure|76\/100|[from] Stealth Rock\n|-weather|DesolateLand|[from] ability: Desolate Land|[of] p2a: Chandelure\n|move|p1a: Volcanion|Flare Blitz|p2a: Chandelure\n|-resisted|p2a: Chandelure\n|-damage|p2a: Chandelure|9\/100\n|\n|-weather|DesolateLand|[upkeep]\n|upkeep\n|turn|23\n|\n|t:|1664753763\n|switch|p1a: Landorus|Landorus-Therian, M|100\/100\n|move|p2a: Chandelure|Flamethrower|p1a: Landorus\n|-damage|p1a: Landorus|43\/100\n|\n|-weather|DesolateLand|[upkeep]\n|upkeep\n|turn|24\n|\n|t:|1664753770\n|move|p2a: Chandelure|Flamethrower|p1a: Landorus\n|-damage|p1a: Landorus|0 fnt\n|faint|p1a: Landorus\n|\n|-weather|DesolateLand|[upkeep]\n|upkeep\n|\n|t:|1664753772\n|switch|p1a: Tapu Koko|Tapu Koko|100\/100\n|turn|25\n|\n|t:|1664753782\n|move|p1a: Tapu Koko|Thunderbolt|p2a: Chandelure\n|-damage|p2a: Chandelure|0 fnt\n|faint|p2a: Chandelure\n|-weather|none\n|\n|upkeep\n|\n|t:|1664753801\n|switch|p2a: Blissey|Blissey, F|100\/100\n|-damage|p2a: Blissey|88\/100|[from] Stealth Rock\n|turn|26\n|inactive|career ended has 270 seconds left.\n|\n|t:|1664753811\n|move|p1a: Tapu Koko|Calm Mind|p1a: Tapu Koko\n|-boost|p1a: Tapu Koko|spa|1\n|-boost|p1a: Tapu Koko|spd|1\n|move|p2a: Blissey|Teleport|p2a: Blissey\n|inactive|Unviabriel has 30 seconds left.\n|\n|t:|1664753845\n|switch|p2a: Barraskewda|Barraskewda, M|88\/100|[from]move: Teleport\n|-damage|p2a: Barraskewda|76\/100|[from] Stealth Rock\n|-weather|PrimordialSea|[from] ability: Primordial Sea|[of] p2a: Barraskewda\n|\n|-weather|PrimordialSea|[upkeep]\n|upkeep\n|turn|27\n|inactive|Unviabriel has 30 seconds left.\n|\n|t:|1664753851\n|switch|p1a: Mew|Mew|87\/100\n|-ability|p1a: Mew|Dauntless Shield|boost\n|-boost|p1a: Mew|def|1\n|move|p2a: Barraskewda|Liquidation|p1a: Mew\n|-damage|p1a: Mew|47\/100\n|\n|-weather|PrimordialSea|[upkeep]\n|upkeep\n|turn|28\n|inactive|Unviabriel has 30 seconds left.\n|\n|t:|1664753861\n|-weather|none\n|switch|p2a: Blissey|Blissey, F|100\/100\n|-damage|p2a: Blissey|88\/100|[from] Stealth Rock\n|move|p1a: Mew|Roost|p1a: Mew\n|-heal|p1a: Mew|97\/100\n|-singleturn|p1a: Mew|move: Roost\n|\n|upkeep\n|turn|29\n|\n|t:|1664753866\n|move|p1a: Mew|Volt Switch|p2a: Blissey\n|-damage|p2a: Blissey|83\/100\n|\n|t:|1664753868\n|switch|p1a: Excadrill|Excadrill, M|100\/100|[from]move: Volt Switch\n|move|p2a: Blissey|Teleport|p2a: Blissey\n|\n|t:|1664753881\n|switch|p2a: Barraskewda|Barraskewda, M|76\/100|[from]move: Teleport\n|-damage|p2a: Barraskewda|64\/100|[from] Stealth Rock\n|-weather|PrimordialSea|[from] ability: Primordial Sea|[of] p2a: Barraskewda\n|\n|-weather|PrimordialSea|[upkeep]\n|upkeep\n|turn|30\n|\n|t:|1664753892\n|-weather|none\n|switch|p2a: Mew|Mew|100\/100\n|switch|p1a: Mew|Mew|97\/100\n|-ability|p1a: Mew|Dauntless Shield|boost\n|-boost|p1a: Mew|def|1\n|\n|upkeep\n|turn|31\n|\n|t:|1664753897\n|move|p1a: Mew|Volt Switch|p2a: Mew\n|-damage|p2a: Mew|86\/100\n|\n|t:|1664753926\n|switch|p1a: Tapu Koko|Tapu Koko|100\/100|[from]move: Volt Switch\n|move|p2a: Mew|Calm Mind|p2a: Mew\n|-boost|p2a: Mew|spa|1\n|-boost|p2a: Mew|spd|1\n|\n|upkeep\n|turn|32\n|\n|t:|1664753933\n|move|p1a: Tapu Koko|Calm Mind|p1a: Tapu Koko\n|-boost|p1a: Tapu Koko|spa|1\n|-boost|p1a: Tapu Koko|spd|1\n|move|p2a: Mew|Psychic|p1a: Tapu Koko\n|-damage|p1a: Tapu Koko|42\/100\n|\n|upkeep\n|turn|33\n|inactive|Unviabriel has 60 seconds left.\n|\n|t:|1664753949\n|move|p1a: Tapu Koko|Thunderbolt|p2a: Mew\n|-damage|p2a: Mew|47\/100\n|move|p2a: Mew|Psychic|p1a: Tapu Koko\n|-damage|p1a: Tapu Koko|0 fnt\n|faint|p1a: Tapu Koko\n|\n|upkeep\n|\n|t:|1664753954\n|switch|p1a: Excadrill|Excadrill, M|100\/100\n|turn|34\n|inactive|Unviabriel has 60 seconds left.\n|\n|t:|1664753980\n|switch|p1a: Volcanion|Volcanion|6\/100\n|move|p2a: Mew|Ice Beam|p1a: Volcanion\n|-resisted|p1a: Volcanion\n|-damage|p1a: Volcanion|0 fnt\n|faint|p1a: Volcanion\n|\n|upkeep\n|\n|t:|1664753984\n|switch|p1a: Excadrill|Excadrill, M|100\/100\n|turn|35\n|\n|t:|1664753998\n|move|p1a: Excadrill|Swords Dance|p1a: Excadrill\n|-boost|p1a: Excadrill|atk|2\n|move|p2a: Mew|Ice Beam|p1a: Excadrill\n|-damage|p1a: Excadrill|42\/100\n|\n|-heal|p1a: Excadrill|48\/100|[from] item: Leftovers\n|upkeep\n|turn|36\n|inactive|Unviabriel has 30 seconds left.\n|inactive|Unviabriel has 20 seconds left.\n|\n|t:|1664754038\n|move|p1a: Excadrill|Iron Head|p2a: Mew\n|-damage|p2a: Mew|0 fnt\n|faint|p2a: Mew\n|\n|-heal|p1a: Excadrill|54\/100|[from] item: Leftovers\n|upkeep\n|inactive|Unviabriel has 25 seconds left this turn.\n|inactive|Unviabriel has 20 seconds left.\n|inactive|Unviabriel has 15 seconds left.\n|\n|t:|1664754049\n|switch|p2a: Barraskewda|Barraskewda, M|64\/100\n|-damage|p2a: Barraskewda|52\/100|[from] Stealth Rock\n|-weather|PrimordialSea|[from] ability: Primordial Sea|[of] p2a: Barraskewda\n|turn|37\n|inactive|Unviabriel has 25 seconds left this turn.\n|inactive|Unviabriel has 20 seconds left.\n|\n|t:|1664754056\n|switch|p1a: Mew|Mew|97\/100\n|-ability|p1a: Mew|Dauntless Shield|boost\n|-boost|p1a: Mew|def|1\n|move|p2a: Barraskewda|Close Combat|p1a: Mew\n|-resisted|p1a: Mew\n|-damage|p1a: Mew|85\/100\n|-unboost|p2a: Barraskewda|def|1\n|-unboost|p2a: Barraskewda|spd|1\n|\n|-weather|PrimordialSea|[upkeep]\n|upkeep\n|turn|38\n|inactive|Unviabriel has 30 seconds left this turn.\n|inactive|Unviabriel has 20 seconds left.\n|\n|t:|1664754071\n|-weather|none\n|switch|p2a: Blissey|Blissey, F|100\/100\n|-damage|p2a: Blissey|88\/100|[from] Stealth Rock\n|move|p1a: Mew|Volt Switch|p2a: Blissey\n|-damage|p2a: Blissey|82\/100\n|inactive|Unviabriel has 25 seconds left this turn.\n|\n|t:|1664754073\n|switch|p1a: Excadrill|Excadrill, M|54\/100|[from]move: Volt Switch\n|\n|-heal|p1a: Excadrill|60\/100|[from] item: Leftovers\n|upkeep\n|turn|39\n|inactive|Unviabriel has 30 seconds left.\n|\n|t:|1664754081\n|move|p1a: Excadrill|Iron Head|p2a: Blissey\n|-damage|p2a: Blissey|41\/100\n|move|p2a: Blissey|Seismic Toss|p1a: Excadrill\n|-damage|p1a: Excadrill|33\/100\n|\n|-heal|p1a: Excadrill|39\/100|[from] item: Leftovers\n|upkeep\n|turn|40\n|\n|t:|1664754097\n|switch|p2a: Corviknight|Corviknight, M|60\/100\n|-damage|p2a: Corviknight|47\/100|[from] Stealth Rock\n|-ability|p2a: Corviknight|Intimidate|boost\n|-unboost|p1a: Excadrill|atk|1\n|move|p1a: Excadrill|Iron Head|p2a: Corviknight\n|-resisted|p2a: Corviknight\n|-damage|p2a: Corviknight|38\/100\n|\n|-heal|p1a: Excadrill|45\/100|[from] item: Leftovers\n|-heal|p2a: Corviknight|44\/100|[from] item: Leftovers\n|upkeep\n|turn|41\n|\n|t:|1664754105\n|switch|p1a: Mew|Mew|85\/100\n|-ability|p1a: Mew|Dauntless Shield|boost\n|-boost|p1a: Mew|def|1\n|move|p2a: Corviknight|Roost|p2a: Corviknight\n|-heal|p2a: Corviknight|94\/100\n|-singleturn|p2a: Corviknight|move: Roost\n|\n|-heal|p2a: Corviknight|100\/100|[from] item: Leftovers\n|upkeep\n|turn|42\n|\n|t:|1664754109\n|move|p1a: Mew|Will-O-Wisp|p2a: Corviknight\n|-status|p2a: Corviknight|brn\n|move|p2a: Corviknight|Defog|p1a: Mew\n|-unboost|p1a: Mew|evasion|1\n|-sideend|p2: Unviabriel|Stealth Rock|[from] move: Defog|[of] p2a: Corviknight\n|\n|-damage|p2a: Corviknight|94\/100 brn|[from] brn\n|upkeep\n|turn|43\n|\n|t:|1664754118\n|move|p1a: Mew|Volt Switch|p2a: Corviknight\n|-supereffective|p2a: Corviknight\n|-damage|p2a: Corviknight|60\/100 brn\n|\n|t:|1664754120\n|switch|p1a: Excadrill|Excadrill, M|45\/100|[from]move: Volt Switch\n|move|p2a: Corviknight|U-turn|p1a: Excadrill\n|-resisted|p1a: Excadrill\n|-damage|p1a: Excadrill|39\/100\n|inactive|Unviabriel has 60 seconds left.\n|\n|t:|1664754131\n|switch|p2a: Barraskewda|Barraskewda, M|52\/100|[from]move: U-turn\n|-weather|PrimordialSea|[from] ability: Primordial Sea|[of] p2a: Barraskewda\n|\n|-weather|PrimordialSea|[upkeep]\n|-heal|p1a: Excadrill|45\/100|[from] item: Leftovers\n|upkeep\n|turn|44\n|inactive|Unviabriel has 60 seconds left.\n|\n|t:|1664754137\n|-weather|none\n|switch|p2a: Corviknight|Corviknight, M|60\/100 brn\n|-ability|p2a: Corviknight|Intimidate|boost\n|-unboost|p1a: Excadrill|atk|1\n|switch|p1a: Mew|Mew|85\/100\n|-ability|p1a: Mew|Dauntless Shield|boost\n|-boost|p1a: Mew|def|1\n|\n|-heal|p2a: Corviknight|66\/100 brn|[from] item: Leftovers\n|-damage|p2a: Corviknight|60\/100 brn|[from] brn\n|upkeep\n|turn|45\n|\n|t:|1664754145\n|move|p1a: Mew|Ice Beam|p2a: Corviknight\n|-damage|p2a: Corviknight|40\/100 brn\n|move|p2a: Corviknight|Roost|p2a: Corviknight\n|-heal|p2a: Corviknight|90\/100 brn\n|-singleturn|p2a: Corviknight|move: Roost\n|\n|-heal|p2a: Corviknight|96\/100 brn|[from] item: Leftovers\n|-damage|p2a: Corviknight|90\/100 brn|[from] brn\n|upkeep\n|turn|46\n|\n|t:|1664754154\n|move|p1a: Mew|Ice Beam|p2a: Corviknight\n|-damage|p2a: Corviknight|69\/100 brn\n|move|p2a: Corviknight|U-turn|p1a: Mew\n|-supereffective|p1a: Mew\n|-damage|p1a: Mew|79\/100\n|inactive|Unviabriel has 60 seconds left.\n|\n|t:|1664754175\n|switch|p2a: Blissey|Blissey, F|74\/100|[from]move: U-turn\n|\n|upkeep\n|turn|47\n|\n|t:|1664754178\n|move|p1a: Mew|Will-O-Wisp|p2a: Blissey|[miss]\n|-miss|p1a: Mew|p2a: Blissey\n|move|p2a: Blissey|Teleport|p2a: Blissey\n|\n|t:|1664754184\n|switch|p2a: Corviknight|Corviknight, M|69\/100 brn|[from]move: Teleport\n|-ability|p2a: Corviknight|Intimidate|boost\n|-unboost|p1a: Mew|atk|1\n|\n|-heal|p2a: Corviknight|75\/100 brn|[from] item: Leftovers\n|-damage|p2a: Corviknight|69\/100 brn|[from] brn\n|upkeep\n|turn|48\n|\n|t:|1664754190\n|move|p1a: Mew|Ice Beam|p2a: Corviknight\n|-damage|p2a: Corviknight|49\/100 brn\n|move|p2a: Corviknight|Roost|p2a: Corviknight\n|-heal|p2a: Corviknight|99\/100 brn\n|-singleturn|p2a: Corviknight|move: Roost\n|\n|-heal|p2a: Corviknight|100\/100 brn|[from] item: Leftovers\n|-damage|p2a: Corviknight|94\/100 brn|[from] brn\n|upkeep\n|turn|49\n|\n|t:|1664754198\n|move|p1a: Mew|Volt Switch|p2a: Corviknight\n|-supereffective|p2a: Corviknight\n|-damage|p2a: Corviknight|65\/100 brn\n|\n|t:|1664754201\n|switch|p1a: Excadrill|Excadrill, M|45\/100|[from]move: Volt Switch\n|move|p2a: Corviknight|U-turn|p1a: Excadrill\n|-resisted|p1a: Excadrill\n|-damage|p1a: Excadrill|40\/100\n|inactive|Unviabriel has 90 seconds left.\n|\n|t:|1664754209\n|switch|p2a: Blissey|Blissey, F|100\/100|[from]move: U-turn\n|\n|-heal|p1a: Excadrill|46\/100|[from] item: Leftovers\n|upkeep\n|turn|50\n|\n|t:|1664754216\n|switch|p1a: Mew|Mew|79\/100\n|-ability|p1a: Mew|Dauntless Shield|boost\n|-boost|p1a: Mew|def|1\n|move|p2a: Blissey|Seismic Toss|p1a: Mew\n|-damage|p1a: Mew|54\/100\n|\n|upkeep\n|turn|51\n|\n|t:|1664754223\n|move|p1a: Mew|Roost|p1a: Mew\n|-heal|p1a: Mew|100\/100\n|-singleturn|p1a: Mew|move: Roost\n|move|p2a: Blissey|Teleport|p2a: Blissey\n|\n|t:|1664754225\n|switch|p2a: Corviknight|Corviknight, M|65\/100 brn|[from]move: Teleport\n|-ability|p2a: Corviknight|Intimidate|boost\n|-unboost|p1a: Mew|atk|1\n|\n|-heal|p2a: Corviknight|71\/100 brn|[from] item: Leftovers\n|-damage|p2a: Corviknight|65\/100 brn|[from] brn\n|upkeep\n|turn|52\n|\n|t:|1664754231\n|move|p1a: Mew|Volt Switch|p2a: Corviknight\n|-supereffective|p2a: Corviknight\n|-damage|p2a: Corviknight|33\/100 brn\n|\n|t:|1664754233\n|switch|p1a: Excadrill|Excadrill, M|46\/100|[from]move: Volt Switch\n|move|p2a: Corviknight|Roost|p2a: Corviknight\n|-heal|p2a: Corviknight|83\/100 brn\n|-singleturn|p2a: Corviknight|move: Roost\n|\n|-heal|p1a: Excadrill|52\/100|[from] item: Leftovers\n|-heal|p2a: Corviknight|89\/100 brn|[from] item: Leftovers\n|-damage|p2a: Corviknight|83\/100 brn|[from] brn\n|upkeep\n|turn|53\n|inactive|Unviabriel has 120 seconds left.\n|\n|t:|1664754252\n|switch|p1a: Mew|Mew|100\/100\n|-ability|p1a: Mew|Dauntless Shield|boost\n|-boost|p1a: Mew|def|1\n|move|p2a: Corviknight|U-turn|p1a: Mew\n|-supereffective|p1a: Mew\n|-damage|p1a: Mew|94\/100\n|\n|t:|1664754257\n|switch|p2a: Blissey|Blissey, F|100\/100|[from]move: U-turn\n|\n|upkeep\n|turn|54\n|\n|t:|1664754261\n|move|p1a: Mew|Will-O-Wisp|p2a: Blissey\n|-status|p2a: Blissey|brn\n|move|p2a: Blissey|Teleport|p2a: Blissey\n|\n|t:|1664754269\n|switch|p2a: Barraskewda|Barraskewda, M|52\/100|[from]move: Teleport\n|-weather|PrimordialSea|[from] ability: Primordial Sea|[of] p2a: Barraskewda\n|\n|-weather|PrimordialSea|[upkeep]\n|upkeep\n|turn|55\n|\n|t:|1664754280\n|-weather|none\n|switch|p2a: Blissey|Blissey, F|100\/100 brn\n|move|p1a: Mew|Volt Switch|p2a: Blissey\n|-damage|p2a: Blissey|95\/100 brn\n|\n|t:|1664754283\n|switch|p1a: Excadrill|Excadrill, M|52\/100|[from]move: Volt Switch\n|\n|-heal|p1a: Excadrill|58\/100|[from] item: Leftovers\n|-damage|p2a: Blissey|89\/100 brn|[from] brn\n|upkeep\n|turn|56\n|\n|t:|1664754297\n|switch|p1a: Mew|Mew|94\/100\n|-ability|p1a: Mew|Dauntless Shield|boost\n|-boost|p1a: Mew|def|1\n|move|p2a: Blissey|Seismic Toss|p1a: Mew\n|-damage|p1a: Mew|69\/100\n|\n|-damage|p2a: Blissey|83\/100 brn|[from] brn\n|upkeep\n|turn|57\n|inactive|Unviabriel has 150 seconds left.\n|\n|t:|1664754306\n|move|p1a: Mew|Ice Beam|p2a: Blissey\n|-damage|p2a: Blissey|76\/100 brn\n|move|p2a: Blissey|Teleport|p2a: Blissey\n|inactive|Unviabriel has 150 seconds left.\n|\n|t:|1664754324\n|switch|p2a: Corviknight|Corviknight, M|83\/100 brn|[from]move: Teleport\n|-ability|p2a: Corviknight|Intimidate|boost\n|-unboost|p1a: Mew|atk|1\n|\n|-heal|p2a: Corviknight|89\/100 brn|[from] item: Leftovers\n|-damage|p2a: Corviknight|83\/100 brn|[from] brn\n|upkeep\n|turn|58\n|\n|t:|1664754343\n|switch|p2a: Blissey|Blissey, F|100\/100 brn\n|move|p1a: Mew|Roost|p1a: Mew\n|-heal|p1a: Mew|100\/100\n|-singleturn|p1a: Mew|move: Roost\n|\n|-damage|p2a: Blissey|94\/100 brn|[from] brn\n|upkeep\n|turn|59\n|\n|t:|1664754350\n|move|p1a: Mew|Ice Beam|p2a: Blissey\n|-damage|p2a: Blissey|87\/100 brn\n|move|p2a: Blissey|Seismic Toss|p1a: Mew\n|-damage|p1a: Mew|76\/100\n|\n|-damage|p2a: Blissey|81\/100 brn|[from] brn\n|upkeep\n|turn|60\n|\n|t:|1664754358\n|move|p1a: Mew|Ice Beam|p2a: Blissey\n|-damage|p2a: Blissey|74\/100 brn\n|move|p2a: Blissey|Seismic Toss|p1a: Mew\n|-damage|p1a: Mew|51\/100\n|\n|-damage|p2a: Blissey|68\/100 brn|[from] brn\n|upkeep\n|turn|61\n|inactive|Unviabriel has 150 seconds left.\n|\n|t:|1664754365\n|move|p1a: Mew|Roost|p1a: Mew\n|-heal|p1a: Mew|100\/100\n|-singleturn|p1a: Mew|move: Roost\n|move|p2a: Blissey|Teleport|p2a: Blissey\n|inactive|Unviabriel has 150 seconds left.\n|\n|t:|1664754373\n|switch|p2a: Corviknight|Corviknight, M|83\/100 brn|[from]move: Teleport\n|-ability|p2a: Corviknight|Intimidate|boost\n|-unboost|p1a: Mew|atk|1\n|\n|-heal|p2a: Corviknight|89\/100 brn|[from] item: Leftovers\n|-damage|p2a: Corviknight|83\/100 brn|[from] brn\n|upkeep\n|turn|62\n|inactive|Unviabriel has 150 seconds left.\n|\n|t:|1664754386\n|move|p1a: Mew|Volt Switch|p2a: Corviknight\n|-supereffective|p2a: Corviknight\n|-damage|p2a: Corviknight|51\/100 brn\n|\n|t:|1664754388\n|switch|p1a: Excadrill|Excadrill, M|58\/100|[from]move: Volt Switch\n|move|p2a: Corviknight|U-turn|p1a: Excadrill\n|-resisted|p1a: Excadrill\n|-damage|p1a: Excadrill|53\/100\n|\n|t:|1664754395\n|switch|p2a: Barraskewda|Barraskewda, M|52\/100|[from]move: U-turn\n|-weather|PrimordialSea|[from] ability: Primordial Sea|[of] p2a: Barraskewda\n|\n|-weather|PrimordialSea|[upkeep]\n|-heal|p1a: Excadrill|59\/100|[from] item: Leftovers\n|upkeep\n|turn|63\n|\n|t:|1664754399\n|-weather|none\n|switch|p2a: Corviknight|Corviknight, M|51\/100 brn\n|-ability|p2a: Corviknight|Intimidate|boost\n|-unboost|p1a: Excadrill|atk|1\n|switch|p1a: Mew|Mew|100\/100\n|-ability|p1a: Mew|Dauntless Shield|boost\n|-boost|p1a: Mew|def|1\n|\n|-heal|p2a: Corviknight|57\/100 brn|[from] item: Leftovers\n|-damage|p2a: Corviknight|51\/100 brn|[from] brn\n|upkeep\n|turn|64\n|\n|t:|1664754403\n|move|p1a: Mew|Volt Switch|p2a: Corviknight\n|-supereffective|p2a: Corviknight\n|-damage|p2a: Corviknight|20\/100 brn\n|\n|t:|1664754405\n|switch|p1a: Excadrill|Excadrill, M|59\/100|[from]move: Volt Switch\n|move|p2a: Corviknight|Roost|p2a: Corviknight\n|-heal|p2a: Corviknight|70\/100 brn\n|-singleturn|p2a: Corviknight|move: Roost\n|\n|-heal|p1a: Excadrill|65\/100|[from] item: Leftovers\n|-heal|p2a: Corviknight|76\/100 brn|[from] item: Leftovers\n|-damage|p2a: Corviknight|70\/100 brn|[from] brn\n|upkeep\n|turn|65\n|\n|t:|1664754413\n|move|p1a: Excadrill|Rapid Spin|p2a: Corviknight\n|-resisted|p2a: Corviknight\n|-damage|p2a: Corviknight|64\/100 brn\n|-boost|p1a: Excadrill|spe|1\n|move|p2a: Corviknight|U-turn|p1a: Excadrill\n|-resisted|p1a: Excadrill\n|-damage|p1a: Excadrill|60\/100\n|inactive|Unviabriel has 180 seconds left.\n|\n|t:|1664754428\n|switch|p2a: Blissey|Blissey, F|100\/100 brn|[from]move: U-turn\n|\n|-heal|p1a: Excadrill|66\/100|[from] item: Leftovers\n|-damage|p2a: Blissey|94\/100 brn|[from] brn\n|upkeep\n|turn|66\n|\n|t:|1664754432\n|move|p1a: Excadrill|Swords Dance|p1a: Excadrill\n|-boost|p1a: Excadrill|atk|2\n|move|p2a: Blissey|Seismic Toss|p1a: Excadrill\n|-damage|p1a: Excadrill|38\/100\n|\n|-heal|p1a: Excadrill|44\/100|[from] item: Leftovers\n|-damage|p2a: Blissey|88\/100 brn|[from] brn\n|upkeep\n|turn|67\n|\n|t:|1664754437\n|switch|p2a: Corviknight|Corviknight, M|64\/100 brn\n|-ability|p2a: Corviknight|Intimidate|boost\n|-unboost|p1a: Excadrill|atk|1\n|move|p1a: Excadrill|Iron Head|p2a: Corviknight\n|-resisted|p2a: Corviknight\n|-damage|p2a: Corviknight|44\/100 brn\n|\n|-heal|p1a: Excadrill|50\/100|[from] item: Leftovers\n|-heal|p2a: Corviknight|50\/100 brn|[from] item: Leftovers\n|-damage|p2a: Corviknight|44\/100 brn|[from] brn\n|upkeep\n|turn|68\n|\n|t:|1664754444\n|move|p1a: Excadrill|Iron Head|p2a: Corviknight\n|-resisted|p2a: Corviknight\n|-damage|p2a: Corviknight|25\/100 brn\n|move|p2a: Corviknight|Roost|p2a: Corviknight\n|-heal|p2a: Corviknight|75\/100 brn\n|-singleturn|p2a: Corviknight|move: Roost\n|\n|-heal|p1a: Excadrill|56\/100|[from] item: Leftovers\n|-heal|p2a: Corviknight|81\/100 brn|[from] item: Leftovers\n|-damage|p2a: Corviknight|75\/100 brn|[from] brn\n|upkeep\n|turn|69\n|\n|t:|1664754456\n|move|p1a: Excadrill|Swords Dance|p1a: Excadrill\n|-boost|p1a: Excadrill|atk|2\n|move|p2a: Corviknight|Brave Bird|p1a: Excadrill\n|-resisted|p1a: Excadrill\n|-damage|p1a: Excadrill|44\/100\n|-damage|p2a: Corviknight|71\/100 brn|[from] Recoil\n|\n|-heal|p1a: Excadrill|50\/100|[from] item: Leftovers\n|-heal|p2a: Corviknight|77\/100 brn|[from] item: Leftovers\n|-damage|p2a: Corviknight|71\/100 brn|[from] brn\n|upkeep\n|turn|70\n|inactive|Unviabriel has 180 seconds left.\n|\n|t:|1664754487\n|move|p1a: Excadrill|Swords Dance|p1a: Excadrill\n|-boost|p1a: Excadrill|atk|2\n|move|p2a: Corviknight|U-turn|p1a: Excadrill\n|-resisted|p1a: Excadrill\n|-damage|p1a: Excadrill|45\/100\n|inactive|Unviabriel has 180 seconds left.\n|\n|t:|1664754511\n|switch|p2a: Barraskewda|Barraskewda, M|52\/100|[from]move: U-turn\n|-weather|PrimordialSea|[from] ability: Primordial Sea|[of] p2a: Barraskewda\n|\n|-weather|PrimordialSea|[upkeep]\n|-heal|p1a: Excadrill|51\/100|[from] item: Leftovers\n|upkeep\n|turn|71\n|\n|t:|1664754525\n|move|p1a: Excadrill|Iron Head|p2a: Barraskewda\n|-resisted|p2a: Barraskewda\n|-damage|p2a: Barraskewda|0 fnt\n|faint|p2a: Barraskewda\n|-weather|none\n|\n|-heal|p1a: Excadrill|58\/100|[from] item: Leftovers\n|upkeep\n|-message|Unviabriel forfeited.\n|\n|win|career ended\n|l|\u2606Unviabriel\n|c|\u2606career ended|gg\n|l|\u2606career ended\n|l|+Greybaum\n|l|@isaiaH\n|l| demondinnerlady\n|l| Redflix\n|l| Deepfriedmagikarp\n|j| slapthatmanpartII\n|l|+Quantum Tesseract\n|l| beauts\n|l| Ducky\n|l| armin\n|j|\u2606Unviabriel\n|player|p2|Unviabriel|shauntal\n","uploadtime":1664755501,"views":28,"p1id":"careerended","p2id":"unviabriel","formatid":"gen8almostanyability","rating":0,"private":0,"password":null}