{"id":"gen8ru-1153180216","p1":"lph123 \u266b","p2":"xskelly34","format":"gen8ru","log":"|j|\u2606lph123 \u266b\n|j|\u2606xskelly34\n|player|p1|lph123 \u266b|teamrocket|\n|player|p2|xskelly34|preschoolers|\n|teamsize|p1|6\n|teamsize|p2|6\n|gametype|singles\n|gen|8\n|tier|[Gen 8] RU\n|clearpoke\n|poke|p1|Dhelmise|\n|poke|p1|Slowpoke, F|\n|poke|p1|Pincurchin, F|\n|poke|p1|Wishiwashi, F|\n|poke|p1|Porygon2|\n|poke|p1|Exeggutor-Alola, F|\n|poke|p2|Exeggutor-Alola, M|\n|poke|p2|Garbodor, F|\n|poke|p2|Gastrodon-East, F|\n|poke|p2|Bewear, F|\n|poke|p2|Duraludon, M|\n|poke|p2|Silvally-*|\n|rule|Sleep Clause Mod: Limit one foe put to sleep\n|rule|Species Clause: Limit one of each Pok\u00e9mon\n|rule|OHKO Clause: OHKO moves are banned\n|rule|Evasion Moves Clause: Evasion moves are banned\n|rule|Endless Battle Clause: Forcing endless battles is banned\n|rule|HP Percentage Mod: HP is shown in percentages\n|rule|Dynamax Clause: You cannot dynamax\n|teampreview\n|c|\u2606lph123 \u266b|:)\n|\n|start\n|switch|p1a: Slowpoke|Slowpoke, F|100\/100\n|switch|p2a: Exeggutor|Exeggutor-Alola, M|100\/100\n|-item|p1a: Slowpoke|Eviolite|[from] ability: Frisk|[of] p2a: Exeggutor|[identify]\n|turn|1\n|\n|switch|p1a: Porygon2|Porygon2|100\/100\n|-ability|p1a: Porygon2|Frisk|[from] ability: Trace|[of] p2a: Exeggutor\n|-item|p2a: Exeggutor|Life Orb|[from] ability: Frisk|[of] p1a: Porygon2|[identify]\n|move|p2a: Exeggutor|Leaf Storm|p1a: Porygon2\n|-damage|p1a: Porygon2|60\/100\n|-unboost|p2a: Exeggutor|spa|2\n|-damage|p2a: Exeggutor|91\/100|[from] item: Life Orb\n|\n|upkeep\n|turn|2\n|inactive|Battle timer is ON: inactive players will automatically lose when time's up. (requested by lph123 \u266b)\n|\n|switch|p2a: Bewear|Bewear, F|100\/100\n|move|p1a: Porygon2|Recover|p1a: Porygon2\n|-heal|p1a: Porygon2|100\/100\n|\n|upkeep\n|turn|3\n|\n|switch|p1a: Slowpoke|Slowpoke, F|100\/100\n|move|p2a: Bewear|Swords Dance|p2a: Bewear\n|-boost|p2a: Bewear|atk|2\n|\n|upkeep\n|turn|4\n|\n|move|p2a: Bewear|Darkest Lariat|p1a: Slowpoke\n|-supereffective|p1a: Slowpoke\n|-damage|p1a: Slowpoke|24\/100\n|move|p1a: Slowpoke|Trick Room|p1a: Slowpoke\n|-fieldstart|move: Trick Room|[of] p1a: Slowpoke\n|\n|upkeep\n|turn|5\n|\n|move|p1a: Slowpoke|Scald|p2a: Bewear\n|-damage|p2a: Bewear|82\/100\n|move|p2a: Bewear|Darkest Lariat|p1a: Slowpoke\n|-supereffective|p1a: Slowpoke\n|-damage|p1a: Slowpoke|0 fnt\n|faint|p1a: Slowpoke\n|\n|-heal|p2a: Bewear|88\/100|[from] item: Leftovers\n|upkeep\n|c|\u2606lph123 \u266b|:(\n|\n|switch|p1a: Exeggutor|Exeggutor-Alola, F|100\/100\n|-item|p2a: Bewear|Leftovers|[from] ability: Frisk|[of] p1a: Exeggutor|[identify]\n|turn|6\n|\n|switch|p2a: Silvally|Silvally-Steel|100\/100\n|move|p1a: Exeggutor|Draco Meteor|p2a: Silvally\n|-resisted|p2a: Silvally\n|-damage|p2a: Silvally|52\/100\n|-unboost|p1a: Exeggutor|spa|2\n|\n|upkeep\n|turn|7\n|\n|switch|p1a: Wishiwashi|Wishiwashi, F|100\/100\n|-formechange|p1a: Wishiwashi|Wishiwashi-School||[from] ability: Schooling\n|move|p2a: Silvally|U-turn|p1a: Wishiwashi\n|-damage|p1a: Wishiwashi|86\/100\n|\n|switch|p2a: Gastrodon|Gastrodon-East, F|100\/100|[from]move: U-turn\n|\n|upkeep\n|turn|8\n|\n|move|p1a: Wishiwashi|U-turn|p2a: Gastrodon\n|-damage|p2a: Gastrodon|66\/100\n|\n|switch|p1a: Porygon2|Porygon2|100\/100|[from]move: U-turn\n|-ability|p1a: Porygon2|Storm Drain|[from] ability: Trace|[of] p2a: Gastrodon\n|move|p2a: Gastrodon|Scald|p1a: Porygon2\n|-ability|p1a: Porygon2|Storm Drain|boost\n|-boost|p1a: Porygon2|spa|1\n|\n|-heal|p2a: Gastrodon|72\/100|[from] item: Leftovers\n|-fieldend|move: Trick Room\n|upkeep\n|turn|9\n|c|\u2606lph123 \u266b|oh lol\n|\n|move|p2a: Gastrodon|Clear Smog|p1a: Porygon2\n|-damage|p1a: Porygon2|95\/100\n|-clearboost|p1a: Porygon2\n|move|p1a: Porygon2|Trick Room|p1a: Porygon2\n|-fieldstart|move: Trick Room|[of] p1a: Porygon2\n|\n|-heal|p2a: Gastrodon|78\/100|[from] item: Leftovers\n|upkeep\n|turn|10\n|\n|switch|p2a: Silvally|Silvally-Steel|52\/100\n|move|p1a: Porygon2|Teleport|p1a: Porygon2\n|\n|switch|p1a: Dhelmise|Dhelmise|100\/100|[from]move: Teleport\n|\n|upkeep\n|turn|11\n|inactive|lph123 \u266b has 270 seconds left.\n|\n|switch|p2a: Bewear|Bewear, F|88\/100\n|move|p1a: Dhelmise|Swords Dance|p1a: Dhelmise\n|-boost|p1a: Dhelmise|atk|2\n|\n|-heal|p2a: Bewear|94\/100|[from] item: Leftovers\n|upkeep\n|turn|12\n|\n|move|p1a: Dhelmise|Power Whip|p2a: Bewear\n|-damage|p2a: Bewear|0 fnt\n|-damage|p1a: Dhelmise|91\/100|[from] item: Life Orb\n|faint|p2a: Bewear\n|\n|upkeep\n|\n|switch|p2a: Garbodor|Garbodor, F|100\/100\n|turn|13\n|\n|move|p1a: Dhelmise|Poltergeist|p2a: Garbodor\n|-activate|p2a: Garbodor|move: Poltergeist|Rocky Helmet\n|-damage|p2a: Garbodor|0 fnt\n|-damage|p1a: Dhelmise|81\/100|[from] item: Life Orb\n|faint|p2a: Garbodor\n|\n|-fieldend|move: Trick Room\n|upkeep\n|\n|switch|p2a: Exeggutor|Exeggutor-Alola, M|91\/100\n|-item|p1a: Dhelmise|Life Orb|[from] ability: Frisk|[of] p2a: Exeggutor|[identify]\n|turn|14\n|\n|switch|p1a: Porygon2|Porygon2|95\/100\n|-ability|p1a: Porygon2|Frisk|[from] ability: Trace|[of] p2a: Exeggutor\n|-item|p2a: Exeggutor|Life Orb|[from] ability: Frisk|[of] p1a: Porygon2|[identify]\n|move|p2a: Exeggutor|Flamethrower|p1a: Porygon2\n|-damage|p1a: Porygon2|75\/100\n|-damage|p2a: Exeggutor|81\/100|[from] item: Life Orb\n|\n|upkeep\n|turn|15\n|\n|switch|p2a: Silvally|Silvally-Steel|52\/100\n|move|p1a: Porygon2|Trick Room|p1a: Porygon2\n|-fieldstart|move: Trick Room|[of] p1a: Porygon2\n|\n|upkeep\n|turn|16\n|\n|move|p2a: Silvally|Multi-Attack|p1a: Porygon2\n|-damage|p1a: Porygon2|46\/100\n|move|p1a: Porygon2|Teleport|p1a: Porygon2\n|\n|switch|p1a: Dhelmise|Dhelmise|81\/100|[from]move: Teleport\n|\n|upkeep\n|turn|17\n|\n|move|p1a: Dhelmise|Poltergeist|p2a: Silvally\n|-activate|p2a: Silvally|move: Poltergeist|Steel Memory\n|-damage|p2a: Silvally|0 fnt\n|-damage|p1a: Dhelmise|71\/100|[from] item: Life Orb\n|faint|p2a: Silvally\n|\n|upkeep\n|\n|switch|p2a: Duraludon|Duraludon, M|100\/100\n|turn|18\n|\n|switch|p1a: Porygon2|Porygon2|46\/100\n|-ability|p1a: Porygon2|Light Metal|[from] ability: Trace|[of] p2a: Duraludon\n|move|p2a: Duraludon|Flash Cannon|p1a: Porygon2\n|-damage|p1a: Porygon2|29\/100\n|\n|upkeep\n|turn|19\n|\n|move|p1a: Porygon2|Recover|p1a: Porygon2\n|-heal|p1a: Porygon2|79\/100\n|move|p2a: Duraludon|Flash Cannon|p1a: Porygon2\n|-damage|p1a: Porygon2|60\/100\n|\n|-fieldend|move: Trick Room\n|upkeep\n|turn|20\n|\n|move|p2a: Duraludon|Flash Cannon|p1a: Porygon2\n|-damage|p1a: Porygon2|41\/100\n|-unboost|p1a: Porygon2|spd|1\n|move|p1a: Porygon2|Trick Room|p1a: Porygon2\n|-fieldstart|move: Trick Room|[of] p1a: Porygon2\n|\n|upkeep\n|turn|21\n|\n|move|p1a: Porygon2|Recover|p1a: Porygon2\n|-heal|p1a: Porygon2|91\/100\n|move|p2a: Duraludon|Flash Cannon|p1a: Porygon2\n|-damage|p1a: Porygon2|65\/100\n|\n|upkeep\n|turn|22\n|\n|switch|p1a: Wishiwashi|Wishiwashi, F|86\/100\n|-formechange|p1a: Wishiwashi|Wishiwashi-School||[from] ability: Schooling\n|move|p2a: Duraludon|Flash Cannon|p1a: Wishiwashi\n|-resisted|p1a: Wishiwashi\n|-damage|p1a: Wishiwashi|67\/100\n|\n|upkeep\n|turn|23\n|\n|switch|p2a: Gastrodon|Gastrodon-East, F|78\/100\n|move|p1a: Wishiwashi|Earthquake|p2a: Gastrodon\n|-damage|p2a: Gastrodon|25\/100\n|\n|-heal|p2a: Gastrodon|32\/100|[from] item: Leftovers\n|upkeep\n|turn|24\n|\n|move|p1a: Wishiwashi|Earthquake|p2a: Gastrodon\n|-damage|p2a: Gastrodon|0 fnt\n|faint|p2a: Gastrodon\n|\n|-fieldend|move: Trick Room\n|upkeep\n|\n|switch|p2a: Exeggutor|Exeggutor-Alola, M|81\/100\n|-item|p1a: Wishiwashi|Choice Band|[from] ability: Frisk|[of] p2a: Exeggutor|[identify]\n|turn|25\n|\n|switch|p1a: Pincurchin|Pincurchin, F|100\/100\n|-fieldstart|move: Electric Terrain|[from] ability: Electric Surge|[of] p1a: Pincurchin\n|move|p2a: Exeggutor|Leaf Storm|p1a: Pincurchin\n|-damage|p1a: Pincurchin|0 fnt\n|-unboost|p2a: Exeggutor|spa|2\n|-damage|p2a: Exeggutor|71\/100|[from] item: Life Orb\n|faint|p1a: Pincurchin\n|\n|upkeep\n|\n|switch|p1a: Porygon2|Porygon2|65\/100\n|-ability|p1a: Porygon2|Frisk|[from] ability: Trace|[of] p2a: Exeggutor\n|-item|p2a: Exeggutor|Life Orb|[from] ability: Frisk|[of] p1a: Porygon2|[identify]\n|turn|26\n|\n|switch|p2a: Duraludon|Duraludon, M|100\/100\n|move|p1a: Porygon2|Trick Room|p1a: Porygon2\n|-fieldstart|move: Trick Room|[of] p1a: Porygon2\n|\n|upkeep\n|turn|27\n|\n|move|p2a: Duraludon|Thunderbolt|p1a: Porygon2\n|-damage|p1a: Porygon2|48\/100\n|-status|p1a: Porygon2|par\n|move|p1a: Porygon2|Trick Room|p1a: Porygon2\n|-fieldend|move: Trick Room\n|\n|upkeep\n|turn|28\n|c|\u2606lph123 \u266b|frick\n|c|\u2606lph123 \u266b|lmfao\n|\n|move|p2a: Duraludon|Thunderbolt|p1a: Porygon2\n|-damage|p1a: Porygon2|31\/100 par\n|move|p1a: Porygon2|Recover|p1a: Porygon2\n|-heal|p1a: Porygon2|81\/100 par\n|\n|upkeep\n|turn|29\n|\n|switch|p1a: Dhelmise|Dhelmise|71\/100\n|move|p2a: Duraludon|Thunderbolt|p1a: Dhelmise\n|-resisted|p1a: Dhelmise\n|-damage|p1a: Dhelmise|51\/100\n|\n|-fieldend|move: Electric Terrain\n|upkeep\n|turn|30\n|\n|move|p2a: Duraludon|Thunderbolt|p1a: Dhelmise\n|-resisted|p1a: Dhelmise\n|-damage|p1a: Dhelmise|34\/100\n|move|p1a: Dhelmise|Poltergeist|p2a: Duraludon\n|-activate|p2a: Duraludon|move: Poltergeist|Choice Scarf\n|-damage|p2a: Duraludon|10\/100\n|-damage|p1a: Dhelmise|24\/100|[from] item: Life Orb\n|\n|upkeep\n|turn|31\n|\n|switch|p1a: Exeggutor|Exeggutor-Alola, F|100\/100\n|-item|p2a: Duraludon|Choice Scarf|[from] ability: Frisk|[of] p1a: Exeggutor|[identify]\n|move|p2a: Duraludon|Thunderbolt|p1a: Exeggutor\n|-resisted|p1a: Exeggutor\n|-damage|p1a: Exeggutor|93\/100\n|\n|upkeep\n|turn|32\n|\n|move|p2a: Duraludon|Thunderbolt|p1a: Exeggutor\n|-resisted|p1a: Exeggutor\n|-damage|p1a: Exeggutor|84\/100\n|move|p1a: Exeggutor|Flamethrower|p2a: Duraludon\n|-damage|p2a: Duraludon|0 fnt\n|faint|p2a: Duraludon\n|\n|upkeep\n|c|\u2606lph123 \u266b|gg i guess?\n|\n|switch|p2a: Exeggutor|Exeggutor-Alola, M|71\/100\n|-item|p1a: Exeggutor|Choice Specs|[from] ability: Frisk|[of] p2a: Exeggutor|[identify]\n|turn|33\n|\n|move|p2a: Exeggutor|Draco Meteor|p1a: Exeggutor\n|-supereffective|p1a: Exeggutor\n|-damage|p1a: Exeggutor|0 fnt\n|-unboost|p2a: Exeggutor|spa|2\n|-damage|p2a: Exeggutor|61\/100|[from] item: Life Orb\n|faint|p1a: Exeggutor\n|\n|upkeep\n|\n|switch|p1a: Dhelmise|Dhelmise|24\/100\n|turn|34\n|inactive|xskelly34 has 270 seconds left.\n|\n|move|p2a: Exeggutor|Flamethrower|p1a: Dhelmise\n|-supereffective|p1a: Dhelmise\n|-damage|p1a: Dhelmise|0 fnt\n|-damage|p2a: Exeggutor|51\/100|[from] item: Life Orb\n|faint|p1a: Dhelmise\n|\n|upkeep\n|\n|switch|p1a: Porygon2|Porygon2|81\/100 par\n|-ability|p1a: Porygon2|Frisk|[from] ability: Trace|[of] p2a: Exeggutor\n|-item|p2a: Exeggutor|Life Orb|[from] ability: Frisk|[of] p1a: Porygon2|[identify]\n|turn|35\n|\n|move|p2a: Exeggutor|Leaf Storm|p1a: Porygon2\n|-damage|p1a: Porygon2|60\/100 par\n|-unboost|p2a: Exeggutor|spa|2\n|-damage|p2a: Exeggutor|41\/100|[from] item: Life Orb\n|move|p1a: Porygon2|Trick Room|p1a: Porygon2\n|-fieldstart|move: Trick Room|[of] p1a: Porygon2\n|\n|upkeep\n|turn|36\n|\n|move|p2a: Exeggutor|Synthesis|p2a: Exeggutor\n|-heal|p2a: Exeggutor|91\/100\n|move|p1a: Porygon2|Teleport|p1a: Porygon2\n|\n|switch|p1a: Wishiwashi|Wishiwashi, F|67\/100|[from]move: Teleport\n|-formechange|p1a: Wishiwashi|Wishiwashi-School||[from] ability: Schooling\n|\n|upkeep\n|turn|37\n|c|\u2606lph123 \u266b|:o\n|\n|move|p1a: Wishiwashi|U-turn|p2a: Exeggutor\n|-supereffective|p2a: Exeggutor\n|-damage|p2a: Exeggutor|0 fnt\n|faint|p2a: Exeggutor\n|\n|win|lph123 \u266b\n|c|\u2606lph123 \u266b|ggs\n|c|\u2606xskelly34|Ggs\n","uploadtime":1595041308,"views":42,"p1id":"lph123","p2id":"xskelly34","formatid":"gen8ru","rating":0,"private":0,"password":null}