{"id":"gen8ou-1627833373","p1":"rigmortus","p2":"LT91BB Highv0ltag3","format":"gen8ou","log":"|j|\u2606rigmortus\n|j|\u2606LT91BB Highv0ltag3\n|t:|1659104480\n|gametype|singles\n|player|p1|rigmortus|2|1927\n|player|p2|LT91BB Highv0ltag3|volo|1823\n|teamsize|p1|6\n|teamsize|p2|6\n|gen|8\n|tier|[Gen 8] OU\n|rated|\n|rule|Sleep Clause Mod: Limit one foe put to sleep\n|rule|Species Clause: Limit one of each Pok\u00e9mon\n|rule|OHKO Clause: OHKO moves are banned\n|rule|Evasion Moves Clause: Evasion moves are banned\n|rule|Endless Battle Clause: Forcing endless battles is banned\n|rule|HP Percentage Mod: HP is shown in percentages\n|rule|Dynamax Clause: You cannot dynamax\n|clearpoke\n|poke|p1|Slowbro, M|\n|poke|p1|Garchomp, M|\n|poke|p1|Weavile, M|\n|poke|p1|Tornadus-Therian, M|\n|poke|p1|Landorus-Therian, M|\n|poke|p1|Melmetal|\n|poke|p2|Magnezone|\n|poke|p2|Espeon, M|\n|poke|p2|Corviknight, F|\n|poke|p2|Toxapex, F|\n|poke|p2|Quagsire, F|\n|poke|p2|Chansey, F|\n|teampreview\n|inactive|Battle timer is ON: inactive players will automatically lose when time's up. (requested by rigmortus)\n|\n|t:|1659104513\n|start\n|switch|p1a: Slowbro|Slowbro, M|100\/100\n|switch|p2a: Toxapex|Toxapex, F|100\/100\n|turn|1\n|\n|t:|1659104519\n|switch|p2a: Corviknight|Corviknight, F|100\/100\n|-ability|p2a: Corviknight|Pressure\n|move|p1a: Slowbro|Future Sight|p2a: Corviknight\n|-start|p1a: Slowbro|move: Future Sight\n|\n|upkeep\n|turn|2\n|\n|t:|1659104521\n|move|p2a: Corviknight|Iron Defense|p2a: Corviknight\n|-boost|p2a: Corviknight|def|2\n|move|p1a: Slowbro|Teleport|p1a: Slowbro\n|\n|t:|1659104524\n|switch|p1a: Tornadus|Tornadus-Therian, M|100\/100|[from]move: Teleport\n|\n|upkeep\n|turn|3\n|\n|t:|1659104527\n|move|p1a: Tornadus|Knock Off|p2a: Corviknight\n|-damage|p2a: Corviknight|94\/100\n|-enditem|p2a: Corviknight|Shed Shell|[from] move: Knock Off|[of] p1a: Tornadus\n|move|p2a: Corviknight|Roost|p2a: Corviknight\n|-heal|p2a: Corviknight|100\/100\n|-singleturn|p2a: Corviknight|move: Roost\n|\n|-end|p2a: Corviknight|move: Future Sight\n|-resisted|p2a: Corviknight\n|-damage|p2a: Corviknight|82\/100\n|upkeep\n|turn|4\n|\n|t:|1659104532\n|switch|p2a: Toxapex|Toxapex, F|100\/100\n|move|p1a: Tornadus|Heat Wave|p2a: Toxapex\n|-resisted|p2a: Toxapex\n|-damage|p2a: Toxapex|91\/100\n|\n|-heal|p2a: Toxapex|97\/100|[from] item: Black Sludge\n|upkeep\n|turn|5\n|\n|t:|1659104536\n|move|p1a: Tornadus|Knock Off|p2a: Toxapex\n|-damage|p2a: Toxapex|84\/100\n|-enditem|p2a: Toxapex|Black Sludge|[from] move: Knock Off|[of] p1a: Tornadus\n|move|p2a: Toxapex|Knock Off|p1a: Tornadus\n|-damage|p1a: Tornadus|86\/100\n|-enditem|p1a: Tornadus|Heavy-Duty Boots|[from] move: Knock Off|[of] p2a: Toxapex\n|\n|upkeep\n|turn|6\n|\n|t:|1659104540\n|move|p1a: Tornadus|U-turn|p2a: Toxapex\n|-resisted|p2a: Toxapex\n|-damage|p2a: Toxapex|80\/100\n|j| LT91BB FustJranco\n|j| crosschampion\n|j| LT91BB Dragonyte\n|\n|t:|1659104543\n|switch|p1a: Slowbro|Slowbro, M|100\/100|[from]move: U-turn\n|move|p2a: Toxapex|Scald|p1a: Slowbro\n|-resisted|p1a: Slowbro\n|-damage|p1a: Slowbro|92\/100\n|\n|upkeep\n|turn|7\n|j| Bobert Smalls\n|\n|t:|1659104545\n|switch|p2a: Corviknight|Corviknight, F|82\/100\n|-ability|p2a: Corviknight|Pressure\n|move|p1a: Slowbro|Future Sight|p2a: Corviknight\n|-start|p1a: Slowbro|move: Future Sight\n|\n|upkeep\n|turn|8\n|l| LT91BB Dragonyte\n|j| edrala\n|\n|t:|1659104551\n|move|p2a: Corviknight|Iron Defense|p2a: Corviknight\n|-boost|p2a: Corviknight|def|2\n|move|p1a: Slowbro|Teleport|p1a: Slowbro\n|\n|t:|1659104553\n|switch|p1a: Tornadus|Tornadus-Therian, M|100\/100|[from]move: Teleport\n|\n|upkeep\n|turn|9\n|j| Chiharu haru\n|\n|t:|1659104558\n|move|p1a: Tornadus|Heat Wave|p2a: Corviknight\n|-supereffective|p2a: Corviknight\n|-damage|p2a: Corviknight|42\/100\n|move|p2a: Corviknight|Roost|p2a: Corviknight\n|-heal|p2a: Corviknight|92\/100\n|-singleturn|p2a: Corviknight|move: Roost\n|\n|-end|p2a: Corviknight|move: Future Sight\n|-resisted|p2a: Corviknight\n|-damage|p2a: Corviknight|72\/100\n|upkeep\n|turn|10\n|j| LT91BB Tace\n|\n|t:|1659104563\n|move|p1a: Tornadus|Heat Wave|p2a: Corviknight\n|-supereffective|p2a: Corviknight\n|-damage|p2a: Corviknight|28\/100\n|move|p2a: Corviknight|Roost|p2a: Corviknight\n|-heal|p2a: Corviknight|78\/100\n|-singleturn|p2a: Corviknight|move: Roost\n|\n|upkeep\n|turn|11\n|\n|t:|1659104567\n|switch|p2a: Toxapex|Toxapex, F|100\/100\n|move|p1a: Tornadus|Heat Wave|p2a: Toxapex\n|-resisted|p2a: Toxapex\n|-damage|p2a: Toxapex|92\/100\n|-status|p2a: Toxapex|brn\n|\n|-damage|p2a: Toxapex|85\/100 brn|[from] brn\n|upkeep\n|turn|12\n|\n|t:|1659104570\n|move|p1a: Tornadus|U-turn|p2a: Toxapex\n|-resisted|p2a: Toxapex\n|-damage|p2a: Toxapex|81\/100 brn\n|\n|t:|1659104572\n|switch|p1a: Slowbro|Slowbro, M|100\/100|[from]move: U-turn\n|move|p2a: Toxapex|Toxic Spikes|p1a: Slowbro\n|-sidestart|p1: rigmortus|move: Toxic Spikes\n|\n|-damage|p2a: Toxapex|75\/100 brn|[from] brn\n|upkeep\n|turn|13\n|\n|t:|1659104576\n|switch|p2a: Corviknight|Corviknight, F|78\/100\n|-ability|p2a: Corviknight|Pressure\n|switch|p1a: Tornadus|Tornadus-Therian, M|100\/100\n|\n|upkeep\n|turn|14\n|l| LT91BB Tace\n|\n|t:|1659104578\n|switch|p2a: Toxapex|Toxapex, F|100\/100 brn\n|move|p1a: Tornadus|Defog|p2a: Toxapex\n|-unboost|p2a: Toxapex|evasion|1\n|-sideend|p1: rigmortus|Toxic Spikes|[from] move: Defog|[of] p1a: Tornadus\n|\n|-damage|p2a: Toxapex|94\/100 brn|[from] brn\n|upkeep\n|turn|15\n|\n|t:|1659104589\n|move|p1a: Tornadus|U-turn|p2a: Toxapex\n|-resisted|p2a: Toxapex\n|-damage|p2a: Toxapex|90\/100 brn\n|\n|t:|1659104591\n|switch|p1a: Slowbro|Slowbro, M|100\/100|[from]move: U-turn\n|move|p2a: Toxapex|Knock Off|p1a: Slowbro\n|-supereffective|p1a: Slowbro\n|-enditem|p1a: Slowbro|Colbur Berry|[eat]\n|-enditem|p1a: Slowbro|Colbur Berry|[weaken]\n|-damage|p1a: Slowbro|96\/100\n|\n|-damage|p2a: Toxapex|84\/100 brn|[from] brn\n|upkeep\n|turn|16\n|\n|t:|1659104601\n|switch|p2a: Corviknight|Corviknight, F|78\/100\n|-ability|p2a: Corviknight|Pressure\n|switch|p1a: Weavile|Weavile, M|100\/100\n|\n|upkeep\n|turn|17\n|\n|t:|1659104607\n|switch|p1a: Landorus|Landorus-Therian, M|100\/100\n|-ability|p1a: Landorus|Intimidate|boost\n|-unboost|p2a: Corviknight|atk|1\n|switch|p2a: Toxapex|Toxapex, F|100\/100 brn\n|\n|-damage|p2a: Toxapex|94\/100 brn|[from] brn\n|upkeep\n|turn|18\n|\n|t:|1659104611\n|move|p1a: Landorus|Earthquake|p2a: Toxapex\n|-supereffective|p2a: Toxapex\n|-damage|p2a: Toxapex|33\/100 brn\n|move|p2a: Toxapex|Knock Off|p1a: Landorus\n|-damage|p1a: Landorus|94\/100\n|-enditem|p1a: Landorus|Leftovers|[from] move: Knock Off|[of] p2a: Toxapex\n|\n|-damage|p2a: Toxapex|27\/100 brn|[from] brn\n|upkeep\n|turn|19\n|\n|t:|1659104617\n|switch|p2a: Corviknight|Corviknight, F|78\/100\n|-ability|p2a: Corviknight|Pressure\n|move|p1a: Landorus|U-turn|p2a: Corviknight\n|-resisted|p2a: Corviknight\n|-damage|p2a: Corviknight|75\/100\n|j| luisYR_a\n|\n|t:|1659104633\n|switch|p1a: Garchomp|Garchomp, M|100\/100|[from]move: U-turn\n|\n|upkeep\n|turn|20\n|\n|t:|1659104637\n|move|p1a: Garchomp|Swords Dance|p1a: Garchomp\n|-boost|p1a: Garchomp|atk|2\n|move|p2a: Corviknight|Roost|p2a: Corviknight\n|-heal|p2a: Corviknight|100\/100\n|-singleturn|p2a: Corviknight|move: Roost\n|\n|upkeep\n|turn|21\n|\n|t:|1659104642\n|switch|p2a: Quagsire|Quagsire, F|100\/100\n|move|p1a: Garchomp|Earthquake|p2a: Quagsire\n|-damage|p2a: Quagsire|62\/100\n|\n|-heal|p2a: Quagsire|69\/100|[from] item: Leftovers\n|upkeep\n|turn|22\n|\n|t:|1659104648\n|switch|p1a: Weavile|Weavile, M|100\/100\n|move|p2a: Quagsire|Recover|p2a: Quagsire\n|-heal|p2a: Quagsire|100\/100\n|\n|upkeep\n|turn|23\n|\n|t:|1659104653\n|switch|p2a: Toxapex|Toxapex, F|60\/100 brn\n|move|p1a: Weavile|Beat Up|p2a: Toxapex\n|-damage|p2a: Toxapex|52\/100 brn\n|-damage|p2a: Toxapex|43\/100 brn\n|-crit|p2a: Toxapex\n|-damage|p2a: Toxapex|35\/100 brn\n|-damage|p2a: Toxapex|27\/100 brn\n|-damage|p2a: Toxapex|18\/100 brn\n|-damage|p2a: Toxapex|9\/100 brn\n|-hitcount|p2a: Toxapex|6\n|\n|-damage|p2a: Toxapex|3\/100 brn|[from] brn\n|upkeep\n|turn|24\n|\n|t:|1659104667\n|switch|p2a: Espeon|Espeon, M|100\/100\n|move|p1a: Weavile|Beat Up|p2a: Espeon\n|-supereffective|p2a: Espeon\n|-damage|p2a: Espeon|64\/100\n|-supereffective|p2a: Espeon\n|-damage|p2a: Espeon|19\/100\n|-supereffective|p2a: Espeon\n|-damage|p2a: Espeon|0 fnt\n|faint|p2a: Espeon\n|-hitcount|p2: Espeon|3\n|\n|upkeep\n|\n|t:|1659104673\n|switch|p2a: Magnezone|Magnezone|100\/100\n|turn|25\n|j| Sagiri I\n|\n|t:|1659104678\n|switch|p1a: Landorus|Landorus-Therian, M|94\/100\n|-ability|p1a: Landorus|Intimidate|boost\n|-unboost|p2a: Magnezone|atk|1\n|move|p2a: Magnezone|Body Press|p1a: Landorus\n|-resisted|p1a: Landorus\n|-damage|p1a: Landorus|82\/100\n|\n|upkeep\n|turn|26\n|\n|t:|1659104682\n|move|p1a: Landorus|U-turn|p2a: Magnezone\n|-resisted|p2a: Magnezone\n|-damage|p2a: Magnezone|93\/100\n|\n|t:|1659104685\n|switch|p1a: Melmetal|Melmetal|100\/100|[from]move: U-turn\n|move|p2a: Magnezone|Toxic|p1a: Melmetal\n|-immune|p1a: Melmetal\n|\n|-heal|p2a: Magnezone|99\/100|[from] item: Leftovers\n|upkeep\n|turn|27\n|c| Sagiri I|Voltaje\n|c| Sagiri I|Why not\n|\n|t:|1659104691\n|move|p2a: Magnezone|Iron Defense|p2a: Magnezone\n|-boost|p2a: Magnezone|def|2\n|move|p1a: Melmetal|Superpower|p2a: Magnezone\n|-supereffective|p2a: Magnezone\n|-damage|p2a: Magnezone|63\/100\n|-unboost|p1a: Melmetal|atk|1\n|-unboost|p1a: Melmetal|def|1\n|\n|-heal|p2a: Magnezone|69\/100|[from] item: Leftovers\n|upkeep\n|turn|28\n|\n|t:|1659104694\n|move|p2a: Magnezone|Iron Defense|p2a: Magnezone\n|-boost|p2a: Magnezone|def|2\n|move|p1a: Melmetal|Superpower|p2a: Magnezone\n|-supereffective|p2a: Magnezone\n|-damage|p2a: Magnezone|55\/100\n|-unboost|p1a: Melmetal|atk|1\n|-unboost|p1a: Melmetal|def|1\n|\n|-heal|p2a: Magnezone|61\/100|[from] item: Leftovers\n|upkeep\n|turn|29\n|c| Sagiri I|Hattarene>Espeon\n|\n|t:|1659104699\n|move|p2a: Magnezone|Body Press|p1a: Melmetal\n|-supereffective|p1a: Melmetal\n|-damage|p1a: Melmetal|0 fnt\n|faint|p1a: Melmetal\n|\n|-heal|p2a: Magnezone|67\/100|[from] item: Leftovers\n|upkeep\n|\n|t:|1659104712\n|switch|p1a: Tornadus|Tornadus-Therian, M|100\/100\n|turn|30\n|\n|t:|1659104718\n|switch|p2a: Toxapex|Toxapex, F|36\/100 brn\n|move|p1a: Tornadus|Heat Wave|p2a: Toxapex\n|-resisted|p2a: Toxapex\n|-damage|p2a: Toxapex|26\/100 brn\n|\n|-damage|p2a: Toxapex|20\/100 brn|[from] brn\n|upkeep\n|turn|31\n|\n|t:|1659104722\n|move|p1a: Tornadus|U-turn|p2a: Toxapex\n|-resisted|p2a: Toxapex\n|-damage|p2a: Toxapex|15\/100 brn\n|\n|t:|1659104733\n|switch|p1a: Weavile|Weavile, M|100\/100|[from]move: U-turn\n|move|p2a: Toxapex|Recover|p2a: Toxapex\n|-heal|p2a: Toxapex|65\/100 brn\n|\n|-damage|p2a: Toxapex|59\/100 brn|[from] brn\n|upkeep\n|turn|32\n|\n|t:|1659104739\n|switch|p1a: Landorus|Landorus-Therian, M|82\/100\n|-ability|p1a: Landorus|Intimidate|boost\n|-unboost|p2a: Toxapex|atk|1\n|move|p2a: Toxapex|Knock Off|p1a: Landorus\n|-damage|p1a: Landorus|79\/100\n|\n|-damage|p2a: Toxapex|52\/100 brn|[from] brn\n|upkeep\n|turn|33\n|\n|t:|1659104743\n|switch|p2a: Corviknight|Corviknight, F|100\/100\n|-ability|p2a: Corviknight|Pressure\n|move|p1a: Landorus|Stealth Rock|p2a: Corviknight\n|-sidestart|p2: LT91BB Highv0ltag3|move: Stealth Rock\n|\n|upkeep\n|turn|34\n|\n|t:|1659104746\n|move|p1a: Landorus|U-turn|p2a: Corviknight\n|-resisted|p2a: Corviknight\n|-damage|p2a: Corviknight|97\/100\n|\n|t:|1659104749\n|switch|p1a: Garchomp|Garchomp, M|100\/100|[from]move: U-turn\n|move|p2a: Corviknight|Defog|p1a: Garchomp\n|-unboost|p1a: Garchomp|evasion|1\n|-sideend|p2: LT91BB Highv0ltag3|Stealth Rock|[from] move: Defog|[of] p2a: Corviknight\n|\n|upkeep\n|turn|35\n|l| Sagiri I\n|\n|t:|1659104751\n|move|p1a: Garchomp|Swords Dance|p1a: Garchomp\n|-boost|p1a: Garchomp|atk|2\n|move|p2a: Corviknight|Iron Defense|p2a: Corviknight\n|-boost|p2a: Corviknight|def|2\n|\n|upkeep\n|turn|36\n|\n|t:|1659104754\n|move|p1a: Garchomp|Fire Fang|p2a: Corviknight\n|-supereffective|p2a: Corviknight\n|-damage|p2a: Corviknight|68\/100\n|move|p2a: Corviknight|Iron Defense|p2a: Corviknight\n|-boost|p2a: Corviknight|def|2\n|\n|upkeep\n|turn|37\n|j| Venositile\n|\n|t:|1659104758\n|move|p1a: Garchomp|Swords Dance|p1a: Garchomp\n|-boost|p1a: Garchomp|atk|2\n|move|p2a: Corviknight|Roost|p2a: Corviknight\n|-heal|p2a: Corviknight|100\/100\n|-singleturn|p2a: Corviknight|move: Roost\n|\n|upkeep\n|turn|38\n|l| Venositile\n|\n|t:|1659104761\n|switch|p2a: Quagsire|Quagsire, F|100\/100\n|move|p1a: Garchomp|Fire Fang|p2a: Quagsire|[miss]\n|-miss|p1a: Garchomp|p2a: Quagsire\n|\n|upkeep\n|turn|39\n|\n|t:|1659104765\n|switch|p1a: Slowbro|Slowbro, M|100\/100\n|move|p2a: Quagsire|Toxic|p1a: Slowbro\n|-status|p1a: Slowbro|tox\n|\n|-damage|p1a: Slowbro|94\/100 tox|[from] psn\n|upkeep\n|turn|40\n|\n|t:|1659104768\n|switch|p2a: Magnezone|Magnezone|67\/100\n|move|p1a: Slowbro|Future Sight|p2a: Magnezone\n|-start|p1a: Slowbro|move: Future Sight\n|\n|-heal|p2a: Magnezone|73\/100|[from] item: Leftovers\n|-damage|p1a: Slowbro|82\/100 tox|[from] psn\n|upkeep\n|turn|41\n|\n|t:|1659104773\n|move|p2a: Magnezone|Iron Defense|p2a: Magnezone\n|-boost|p2a: Magnezone|def|2\n|move|p1a: Slowbro|Teleport|p1a: Slowbro\n|\n|t:|1659104784\n|switch|p1a: Tornadus|Tornadus-Therian, M|100\/100|[from]move: Teleport\n|\n|-heal|p2a: Magnezone|79\/100|[from] item: Leftovers\n|upkeep\n|turn|42\n|\n|t:|1659104790\n|switch|p2a: Chansey|Chansey, F|100\/100\n|move|p1a: Tornadus|Knock Off|p2a: Chansey\n|-damage|p2a: Chansey|89\/100\n|-enditem|p2a: Chansey|Eviolite|[from] move: Knock Off|[of] p1a: Tornadus\n|\n|-end|p2a: Chansey|move: Future Sight\n|-damage|p2a: Chansey|70\/100\n|upkeep\n|turn|43\n|\n|t:|1659104797\n|move|p1a: Tornadus|U-turn|p2a: Chansey\n|-damage|p2a: Chansey|56\/100\n|\n|t:|1659104799\n|switch|p1a: Landorus|Landorus-Therian, M|79\/100|[from]move: U-turn\n|-ability|p1a: Landorus|Intimidate|boost\n|-unboost|p2a: Chansey|atk|1\n|move|p2a: Chansey|Toxic|p1a: Landorus\n|-status|p1a: Landorus|tox\n|\n|-damage|p1a: Landorus|73\/100 tox|[from] psn\n|upkeep\n|turn|44\n|\n|t:|1659104803\n|switch|p2a: Corviknight|Corviknight, F|100\/100\n|-ability|p2a: Corviknight|Pressure\n|move|p1a: Landorus|Earthquake|p2a: Corviknight\n|-immune|p2a: Corviknight\n|\n|-damage|p1a: Landorus|61\/100 tox|[from] psn\n|upkeep\n|turn|45\n|\n|t:|1659104807\n|move|p1a: Landorus|Stealth Rock|p2a: Corviknight\n|-sidestart|p2: LT91BB Highv0ltag3|move: Stealth Rock\n|move|p2a: Corviknight|Iron Defense|p2a: Corviknight\n|-boost|p2a: Corviknight|def|2\n|\n|-damage|p1a: Landorus|43\/100 tox|[from] psn\n|upkeep\n|turn|46\n|\n|t:|1659104809\n|move|p1a: Landorus|U-turn|p2a: Corviknight\n|-resisted|p2a: Corviknight\n|-damage|p2a: Corviknight|99\/100\n|\n|t:|1659104813\n|switch|p1a: Tornadus|Tornadus-Therian, M|100\/100|[from]move: U-turn\n|move|p2a: Corviknight|Defog|p1a: Tornadus\n|-unboost|p1a: Tornadus|evasion|1\n|-sideend|p2: LT91BB Highv0ltag3|Stealth Rock|[from] move: Defog|[of] p2a: Corviknight\n|\n|upkeep\n|turn|47\n|\n|t:|1659104816\n|switch|p2a: Toxapex|Toxapex, F|86\/100 brn\n|move|p1a: Tornadus|Heat Wave|p2a: Toxapex\n|-resisted|p2a: Toxapex\n|-damage|p2a: Toxapex|76\/100 brn\n|\n|-damage|p2a: Toxapex|70\/100 brn|[from] brn\n|upkeep\n|turn|48\n|\n|t:|1659104819\n|move|p1a: Tornadus|U-turn|p2a: Toxapex\n|-resisted|p2a: Toxapex\n|-damage|p2a: Toxapex|66\/100 brn\n|\n|t:|1659104821\n|switch|p1a: Slowbro|Slowbro, M|100\/100 tox|[from]move: U-turn\n|move|p2a: Toxapex|Toxic Spikes|p1a: Slowbro\n|-sidestart|p1: rigmortus|move: Toxic Spikes\n|\n|-damage|p1a: Slowbro|94\/100 tox|[from] psn\n|-damage|p2a: Toxapex|60\/100 brn|[from] brn\n|upkeep\n|turn|49\n|j| CALL THE CREW\n|\n|t:|1659104824\n|switch|p2a: Corviknight|Corviknight, F|99\/100\n|-ability|p2a: Corviknight|Pressure\n|move|p1a: Slowbro|Future Sight|p2a: Corviknight\n|-start|p1a: Slowbro|move: Future Sight\n|\n|-damage|p1a: Slowbro|82\/100 tox|[from] psn\n|upkeep\n|turn|50\n|\n|t:|1659104826\n|move|p2a: Corviknight|Iron Defense|p2a: Corviknight\n|-boost|p2a: Corviknight|def|2\n|move|p1a: Slowbro|Teleport|p1a: Slowbro\n|\n|t:|1659104829\n|switch|p1a: Tornadus|Tornadus-Therian, M|100\/100|[from]move: Teleport\n|\n|upkeep\n|turn|51\n|\n|t:|1659104832\n|move|p1a: Tornadus|Defog|p2a: Corviknight\n|-unboost|p2a: Corviknight|evasion|1\n|-sideend|p1: rigmortus|Toxic Spikes|[from] move: Defog|[of] p1a: Tornadus\n|move|p2a: Corviknight|Roost|p2a: Corviknight\n|-heal|p2a: Corviknight|100\/100\n|-singleturn|p2a: Corviknight|move: Roost\n|\n|-end|p2a: Corviknight|move: Future Sight\n|-resisted|p2a: Corviknight\n|-damage|p2a: Corviknight|82\/100\n|upkeep\n|turn|52\n|\n|t:|1659104837\n|switch|p2a: Toxapex|Toxapex, F|93\/100 brn\n|move|p1a: Tornadus|U-turn|p2a: Toxapex\n|-resisted|p2a: Toxapex\n|-damage|p2a: Toxapex|89\/100 brn\n|\n|t:|1659104840\n|switch|p1a: Garchomp|Garchomp, M|100\/100|[from]move: U-turn\n|\n|-damage|p2a: Toxapex|82\/100 brn|[from] brn\n|upkeep\n|turn|53\n|\n|t:|1659104848\n|switch|p2a: Corviknight|Corviknight, F|82\/100\n|-ability|p2a: Corviknight|Pressure\n|move|p1a: Garchomp|Earthquake|p2a: Corviknight\n|-immune|p2a: Corviknight\n|\n|upkeep\n|turn|54\n|\n|t:|1659104853\n|switch|p2a: Quagsire|Quagsire, F|100\/100\n|move|p1a: Garchomp|Swords Dance|p1a: Garchomp\n|-boost|p1a: Garchomp|atk|2\n|\n|upkeep\n|turn|55\n|\n|t:|1659104855\n|switch|p1a: Slowbro|Slowbro, M|100\/100 tox\n|move|p2a: Quagsire|Toxic|p1a: Slowbro\n|-fail|p1a: Slowbro|tox\n|\n|-damage|p1a: Slowbro|94\/100 tox|[from] psn\n|upkeep\n|turn|56\n|\n|t:|1659104860\n|switch|p2a: Corviknight|Corviknight, F|82\/100\n|-ability|p2a: Corviknight|Pressure\n|move|p1a: Slowbro|Teleport|p1a: Slowbro\n|\n|t:|1659104863\n|switch|p1a: Garchomp|Garchomp, M|100\/100|[from]move: Teleport\n|\n|upkeep\n|turn|57\n|\n|t:|1659104865\n|switch|p2a: Quagsire|Quagsire, F|100\/100\n|move|p1a: Garchomp|Swords Dance|p1a: Garchomp\n|-boost|p1a: Garchomp|atk|2\n|\n|upkeep\n|turn|58\n|j| Drafeu-kun\n|\n|t:|1659104871\n|switch|p1a: Slowbro|Slowbro, M|100\/100 tox\n|move|p2a: Quagsire|Earthquake|p1a: Slowbro\n|-damage|p1a: Slowbro|82\/100 tox\n|\n|-damage|p1a: Slowbro|76\/100 tox|[from] psn\n|upkeep\n|turn|59\n|\n|t:|1659104873\n|switch|p2a: Magnezone|Magnezone|79\/100\n|move|p1a: Slowbro|Teleport|p1a: Slowbro\n|\n|t:|1659104877\n|switch|p1a: Garchomp|Garchomp, M|100\/100|[from]move: Teleport\n|\n|-heal|p2a: Magnezone|85\/100|[from] item: Leftovers\n|upkeep\n|turn|60\n|j| Heinrich Kemmler\n|\n|t:|1659104881\n|switch|p2a: Corviknight|Corviknight, F|82\/100\n|-ability|p2a: Corviknight|Pressure\n|move|p1a: Garchomp|Swords Dance|p1a: Garchomp\n|-boost|p1a: Garchomp|atk|2\n|\n|upkeep\n|turn|61\n|\n|t:|1659104884\n|switch|p2a: Quagsire|Quagsire, F|100\/100\n|move|p1a: Garchomp|Earthquake|p2a: Quagsire\n|-crit|p2a: Quagsire\n|-damage|p2a: Quagsire|47\/100\n|\n|-heal|p2a: Quagsire|53\/100|[from] item: Leftovers\n|upkeep\n|turn|62\n|\n|t:|1659104889\n|move|p1a: Garchomp|Earthquake|p2a: Quagsire\n|-damage|p2a: Quagsire|18\/100\n|move|p2a: Quagsire|Recover|p2a: Quagsire\n|-heal|p2a: Quagsire|68\/100\n|\n|-heal|p2a: Quagsire|74\/100|[from] item: Leftovers\n|upkeep\n|turn|63\n|\n|t:|1659104893\n|switch|p1a: Slowbro|Slowbro, M|100\/100 tox\n|move|p2a: Quagsire|Recover|p2a: Quagsire\n|-heal|p2a: Quagsire|100\/100\n|\n|-damage|p1a: Slowbro|94\/100 tox|[from] psn\n|upkeep\n|turn|64\n|\n|t:|1659104895\n|switch|p2a: Magnezone|Magnezone|85\/100\n|move|p1a: Slowbro|Teleport|p1a: Slowbro\n|\n|t:|1659104898\n|switch|p1a: Landorus|Landorus-Therian, M|43\/100 tox|[from]move: Teleport\n|-ability|p1a: Landorus|Intimidate|boost\n|-unboost|p2a: Magnezone|atk|1\n|\n|-heal|p2a: Magnezone|91\/100|[from] item: Leftovers\n|-damage|p1a: Landorus|37\/100 tox|[from] psn\n|upkeep\n|turn|65\n|\n|t:|1659104901\n|switch|p2a: Corviknight|Corviknight, F|82\/100\n|-ability|p2a: Corviknight|Pressure\n|move|p1a: Landorus|Stealth Rock|p2a: Corviknight\n|-sidestart|p2: LT91BB Highv0ltag3|move: Stealth Rock\n|\n|-damage|p1a: Landorus|25\/100 tox|[from] psn\n|upkeep\n|turn|66\n|-message|rigmortus forfeited.\n|\n|win|LT91BB Highv0ltag3\n|raw|rigmortus's rating: 1927 &rarr; <strong>1901<\/strong><br \/>(-26 for losing)\n|raw|LT91BB Highv0ltag3's rating: 1823 &rarr; <strong>1849<\/strong><br \/>(+26 for winning)\n|l|\u2606rigmortus\n|j| Sagiri I\n|l| Drafeu-kun\n|l| edrala\n|l| LT91BB FustJranco\n|l| Chiharu haru\n||Ladder isn't responding, score probably updated but might not have (Request timeout).\n|l| Sagiri I\n","uploadtime":1659105010,"views":67,"p1id":"rigmortus","p2id":"lt91bbhighv0ltag3","formatid":"gen8ou","rating":1849,"private":0,"password":null}