{"id":"gen8battlestadiumsingles-1053360535","p1":"aitsw","p2":"PokeDa","format":"gen8battlestadiumsingles","log":"|j|\u2606aitsw\n|j|\u2606PokeDa\n|player|p1|aitsw|102|1394\n|player|p2|PokeDa|wallace|1393\n|teamsize|p1|6\n|teamsize|p2|6\n|gametype|singles\n|gen|8\n|tier|[Gen 8] Battle Stadium Singles\n|rated|\n|clearpoke\n|poke|p1|Charizard, L50, M|\n|poke|p1|Rhyperior, L50, F|\n|poke|p1|Milotic, L50, F|\n|poke|p1|Dragapult, L50, M|\n|poke|p1|Ferrothorn, L50, F|\n|poke|p1|Rapidash-Galar, L50, M|\n|poke|p2|Excadrill, L50, F|\n|poke|p2|Darmanitan-Galar, L50, F|\n|poke|p2|Durant, L50, F|\n|poke|p2|Rotom-Heat, L50|\n|poke|p2|Dragapult, L50, F|\n|poke|p2|Mimikyu, L50, M|\n|rule|Species Clause: Limit one of each Pok\u00e9mon\n|rule|Item Clause: Limit one of each item\n|teampreview|3\n|\n|start\n|switch|p1a: Rapidash|Rapidash-Galar, L50, M|48\/48\n|switch|p2a: Durant|Durant, L50, F|48\/48\n|-ability|p1a: Rapidash|Anticipation\n|turn|1\n|\n|-start|p2a: Durant|Dynamax\n|-heal|p2a: Durant|48\/48|[silent]\n|move|p2a: Durant|Max Steelspike|p1a: Rapidash\n|-supereffective|p1a: Rapidash\n|-enditem|p1a: Rapidash|Focus Sash\n|-damage|p1a: Rapidash|1\/48\n|-boost|p2a: Durant|def|1\n|-damage|p2a: Durant|45\/48|[from] item: Life Orb\n|move|p1a: Rapidash|Mystical Fire|p2a: Durant\n|-supereffective|p2a: Durant\n|-damage|p2a: Durant|11\/48\n|-unboost|p2a: Durant|spa|1\n|\n|upkeep\n|turn|2\n|\n|move|p2a: Durant|Max Rockfall|p1a: Rapidash\n|-damage|p1a: Rapidash|0 fnt\n|-weather|Sandstorm\n|-damage|p2a: Durant|9\/48|[from] item: Life Orb\n|faint|p1a: Rapidash\n|\n|-weather|Sandstorm|[upkeep]\n|upkeep\n|\n|switch|p1a: Charizard|Charizard, L50, M|48\/48\n|turn|3\n|\n|switch|p1a: Milotic|Milotic, L50, F|48\/48\n|move|p2a: Durant|Max Rockfall|p1a: Milotic\n|-damage|p1a: Milotic|18\/48\n|-damage|p2a: Durant|7\/48|[from] item: Life Orb\n|\n|-weather|Sandstorm|[upkeep]\n|-damage|p1a: Milotic|15\/48|[from] Sandstorm\n|-status|p1a: Milotic|brn|[from] item: Flame Orb\n|-end|p2a: Durant|Dynamax\n|-heal|p2a: Durant|7\/48|[silent]\n|upkeep\n|turn|4\n|\n|move|p2a: Durant|Thunder Fang|p1a: Milotic\n|-supereffective|p1a: Milotic\n|-damage|p1a: Milotic|0 fnt\n|-damage|p2a: Durant|2\/48|[from] item: Life Orb\n|faint|p1a: Milotic\n|\n|-weather|Sandstorm|[upkeep]\n|upkeep\n|\n|switch|p1a: Charizard|Charizard, L50, M|48\/48\n|turn|5\n|\n|-start|p1a: Charizard|Dynamax\n|-heal|p1a: Charizard|48\/48|[silent]\n|move|p2a: Durant|Rock Slide|p1a: Charizard\n|-supereffective|p1a: Charizard\n|-damage|p1a: Charizard|0 fnt\n|-damage|p2a: Durant|0 fnt|[from] item: Life Orb\n|faint|p1a: Charizard\n|faint|p2a: Durant\n|\n|win|PokeDa\n|l|\u2606aitsw\n|raw|aitsw's rating: 1394 &rarr; <strong>1374<\/strong><br \/>(-20 for losing)\n|raw|PokeDa's rating: 1393 &rarr; <strong>1413<\/strong><br \/>(+20 for winning)\n","uploadtime":1580107166,"views":30,"p1id":"aitsw","p2id":"pokeda","formatid":"gen8battlestadiumsingles","rating":1374,"private":0,"password":null}