{"id":"gen8ru-1699732890","p1":"MetalBendZen","p2":"misplayin","format":"gen8ru","log":"|j|\u2606MetalBendZen\n|j|\u2606misplayin\n|t:|1667262735\n|gametype|singles\n|player|p1|MetalBendZen|benga|\n|player|p2|misplayin|bugsy|\n|teamsize|p1|6\n|teamsize|p2|6\n|gen|8\n|tier|[Gen 8] RU\n|rule|Sleep Clause Mod: Limit one foe put to sleep\n|rule|Species Clause: Limit one of each Pok\u00e9mon\n|rule|OHKO Clause: OHKO moves are banned\n|rule|Evasion Items Clause: Evasion items are banned\n|rule|Evasion Moves Clause: Evasion moves are banned\n|rule|Endless Battle Clause: Forcing endless battles is banned\n|rule|HP Percentage Mod: HP is shown in percentages\n|rule|Dynamax Clause: You cannot dynamax\n|clearpoke\n|poke|p1|Cloyster, F|\n|poke|p1|Porygon2|\n|poke|p1|Xatu, F|\n|poke|p1|Noivern, M|\n|poke|p1|Xurkitree|\n|poke|p1|Heracross, F|\n|poke|p2|Bronzong|\n|poke|p2|Porygon2|\n|poke|p2|Mimikyu, M|\n|poke|p2|Marowak-Alola, M|\n|poke|p2|Stakataka|\n|poke|p2|Glastrier|\n|teampreview\n|inactive|Battle timer is ON: inactive players will automatically lose when time's up. (requested by misplayin)\n|j| ops idk\n|j| laidbackk\n|c| ops idk|RU LETS GO\n|\n|t:|1667262761\n|start\n|switch|p1a: Xatu|Xatu, F|100\/100\n|switch|p2a: Bronzong|Bronzong|100\/100\n|turn|1\n|j| Firelord Term\n|\n|t:|1667262768\n|move|p1a: Xatu|Teleport|p1a: Xatu\n|\n|t:|1667262774\n|switch|p1a: Heracross|Heracross, F|100\/100|[from]move: Teleport\n|move|p2a: Bronzong|Trick Room|p2a: Bronzong\n|-fieldstart|move: Trick Room|[of] p2a: Bronzong\n|\n|-status|p1a: Heracross|brn|[from] item: Flame Orb\n|upkeep\n|turn|2\n|c| Firelord Term|whats score\n|c|\u2606misplayin|1-1\n|\n|t:|1667262800\n|move|p2a: Bronzong|Stealth Rock|p1a: Heracross\n|-sidestart|p1: MetalBendZen|move: Stealth Rock\n|move|p1a: Heracross|Knock Off|p2a: Bronzong\n|-supereffective|p2a: Bronzong\n|-damage|p2a: Bronzong|18\/100\n|-enditem|p2a: Bronzong|Mental Herb|[from] move: Knock Off|[of] p1a: Heracross\n|\n|-damage|p1a: Heracross|95\/100 brn|[from] brn\n|upkeep\n|turn|3\n|\n|t:|1667262809\n|move|p2a: Bronzong|Explosion|p1a: Heracross\n|-damage|p1a: Heracross|0 fnt\n|faint|p2a: Bronzong\n|faint|p1a: Heracross\n|\n|upkeep\n|c| Firelord Term|damn\n|inactive|MetalBendZen has 270 seconds left.\n|c| Firelord Term|u needed hera lowkey\n|c|\u2606MetalBendZen|I am aware\n|\n|t:|1667262848\n|switch|p2a: Glastrier|Glastrier|100\/100\n|switch|p1a: Xatu|Xatu, F|100\/100\n|-damage|p1a: Xatu|76\/100|[from] Stealth Rock\n|turn|4\n|\n|t:|1667262857\n|switch|p1a: Porygon2|Porygon2|100\/100\n|-damage|p1a: Porygon2|88\/100|[from] Stealth Rock\n|-ability|p1a: Porygon2|Chilling Neigh|[from] ability: Trace|[of] p2a: Glastrier\n|move|p2a: Glastrier|Icicle Crash|p1a: Porygon2\n|-damage|p1a: Porygon2|49\/100\n|\n|upkeep\n|turn|5\n|\n|t:|1667262865\n|move|p2a: Glastrier|Close Combat|p1a: Porygon2\n|-supereffective|p1a: Porygon2\n|-damage|p1a: Porygon2|0 fnt\n|-unboost|p2a: Glastrier|def|1\n|-unboost|p2a: Glastrier|spd|1\n|faint|p1a: Porygon2\n|-ability|p2a: Glastrier|Chilling Neigh|boost\n|-boost|p2a: Glastrier|atk|1\n|\n|-fieldend|move: Trick Room\n|upkeep\n|\n|t:|1667262887\n|switch|p1a: Xurkitree|Xurkitree|100\/100\n|-damage|p1a: Xurkitree|88\/100|[from] Stealth Rock\n|turn|6\n|inactive|MetalBendZen has 240 seconds left.\n|inactive|misplayin has 270 seconds left.\n|inactive|misplayin has 240 seconds left.\n|\n|t:|1667262951\n|switch|p2a: Marowak|Marowak-Alola, M|100\/100\n|move|p1a: Xurkitree|Thunderbolt|p2a: Marowak\n|-damage|p2a: Marowak|26\/100\n|\n|upkeep\n|turn|7\n|\n|t:|1667262955\n|move|p1a: Xurkitree|Thunderbolt|p2a: Marowak\n|-damage|p2a: Marowak|0 fnt\n|faint|p2a: Marowak\n|-ability|p1a: Xurkitree|Beast Boost|boost\n|-boost|p1a: Xurkitree|spa|1\n|\n|upkeep\n|\n|t:|1667262958\n|switch|p2a: Porygon2|Porygon2, shiny|100\/100\n|-ability|p2a: Porygon2|Beast Boost|[from] ability: Trace|[of] p1a: Xurkitree\n|turn|8\n|\n|t:|1667262967\n|move|p1a: Xurkitree|Thunderbolt|p2a: Porygon2\n|-damage|p2a: Porygon2|63\/100\n|-status|p2a: Porygon2|par\n|cant|p2a: Porygon2|par\n|\n|upkeep\n|turn|9\n|\n|t:|1667262975\n|move|p1a: Xurkitree|Thunderbolt|p2a: Porygon2\n|-damage|p2a: Porygon2|26\/100 par\n|cant|p2a: Porygon2|par\n|\n|upkeep\n|turn|10\n|\n|t:|1667262979\n|move|p1a: Xurkitree|Thunderbolt|p2a: Porygon2\n|-damage|p2a: Porygon2|0 fnt\n|faint|p2a: Porygon2\n|-ability|p1a: Xurkitree|Beast Boost|boost\n|-boost|p1a: Xurkitree|spa|1\n|\n|upkeep\n|c| Firelord Term|crazy\n|\n|t:|1667262983\n|switch|p2a: Mimikyu|Mimikyu, M|100\/100\n|turn|11\n|c|\u2606MetalBendZen|im so sorry\n|c|\u2606misplayin|nah its cool\n|inactive|MetalBendZen has 270 seconds left.\n|c| Firelord Term|tr mimi?\n|\n|t:|1667263002\n|move|p1a: Xurkitree|Thunderbolt|p2a: Mimikyu\n|-activate|p2a: Mimikyu|ability: Disguise\n|-damage|p2a: Mimikyu|100\/100\n|detailschange|p2a: Mimikyu|Mimikyu-Busted, M\n|-damage|p2a: Mimikyu|88\/100|[from] pokemon: Mimikyu-Busted\n|-enditem|p2a: Mimikyu|Red Card|[of] p1a: Xurkitree\n|drag|p1a: Noivern|Noivern, M|100\/100\n|-damage|p1a: Noivern|76\/100|[from] Stealth Rock\n|move|p2a: Mimikyu|Trick Room|p2a: Mimikyu\n|-fieldstart|move: Trick Room|[of] p2a: Mimikyu\n|\n|upkeep\n|turn|12\n|inactive|MetalBendZen has 270 seconds left.\n|\n|t:|1667263024\n|switch|p2a: Glastrier|Glastrier|100\/100\n|switch|p1a: Xatu|Xatu, F|76\/100\n|-damage|p1a: Xatu|51\/100|[from] Stealth Rock\n|\n|upkeep\n|turn|13\n|\n|t:|1667263038\n|switch|p1a: Cloyster|Cloyster, F, shiny|100\/100\n|-damage|p1a: Cloyster|76\/100|[from] Stealth Rock\n|move|p2a: Glastrier|Icicle Crash|p1a: Cloyster\n|-resisted|p1a: Cloyster\n|-damage|p1a: Cloyster|62\/100\n|\n|upkeep\n|turn|14\n|\n|t:|1667263044\n|switch|p1a: Xatu|Xatu, F|51\/100\n|-damage|p1a: Xatu|26\/100|[from] Stealth Rock\n|move|p2a: Glastrier|Close Combat|p1a: Xatu\n|-resisted|p1a: Xatu\n|-damage|p1a: Xatu|14\/100\n|-unboost|p2a: Glastrier|def|1\n|-unboost|p2a: Glastrier|spd|1\n|-damage|p2a: Glastrier|84\/100|[from] item: Rocky Helmet|[of] p1a: Xatu\n|\n|upkeep\n|turn|15\n|inactive|MetalBendZen has 270 seconds left.\n|\n|t:|1667263054\n|switch|p2a: Mimikyu|Mimikyu-Busted, M|88\/100\n|move|p1a: Xatu|Heat Wave|p2a: Mimikyu\n|-damage|p2a: Mimikyu|68\/100\n|\n|-fieldend|move: Trick Room\n|upkeep\n|turn|16\n|inactive|MetalBendZen has 270 seconds left.\n|\n|t:|1667263062\n|move|p1a: Xatu|Roost|p1a: Xatu\n|-heal|p1a: Xatu|64\/100\n|-singleturn|p1a: Xatu|move: Roost\n|move|p2a: Mimikyu|Trick Room|p2a: Mimikyu\n|-fieldstart|move: Trick Room|[of] p2a: Mimikyu\n|\n|upkeep\n|turn|17\n|\n|t:|1667263069\n|switch|p2a: Glastrier|Glastrier|84\/100\n|move|p1a: Xatu|Roost|p1a: Xatu\n|-heal|p1a: Xatu|100\/100\n|-singleturn|p1a: Xatu|move: Roost\n|\n|upkeep\n|turn|18\n|\n|t:|1667263072\n|switch|p1a: Cloyster|Cloyster, F, shiny|62\/100\n|-damage|p1a: Cloyster|37\/100|[from] Stealth Rock\n|move|p2a: Glastrier|Icicle Crash|p1a: Cloyster|[miss]\n|-miss|p2a: Glastrier|p1a: Cloyster\n|\n|upkeep\n|turn|19\n|\n|t:|1667263078\n|move|p2a: Glastrier|Close Combat|p1a: Cloyster\n|-supereffective|p1a: Cloyster\n|-damage|p1a: Cloyster|0 fnt\n|-unboost|p2a: Glastrier|def|1\n|-unboost|p2a: Glastrier|spd|1\n|faint|p1a: Cloyster\n|-ability|p2a: Glastrier|Chilling Neigh|boost\n|-boost|p2a: Glastrier|atk|1\n|\n|upkeep\n|\n|t:|1667263085\n|switch|p1a: Xatu|Xatu, F|100\/100\n|-damage|p1a: Xatu|76\/100|[from] Stealth Rock\n|turn|20\n|\n|t:|1667263088\n|move|p2a: Glastrier|Icicle Crash|p1a: Xatu\n|-supereffective|p1a: Xatu\n|-damage|p1a: Xatu|0 fnt\n|faint|p1a: Xatu\n|-ability|p2a: Glastrier|Chilling Neigh|boost\n|-boost|p2a: Glastrier|atk|1\n|\n|-fieldend|move: Trick Room\n|upkeep\n|c|\u2606misplayin|oops\n|\n|t:|1667263096\n|switch|p1a: Xurkitree|Xurkitree|88\/100\n|-damage|p1a: Xurkitree|76\/100|[from] Stealth Rock\n|turn|21\n|\n|t:|1667263106\n|move|p1a: Xurkitree|Thunderbolt|p2a: Glastrier\n|-damage|p2a: Glastrier|21\/100\n|move|p2a: Glastrier|Icicle Crash|p1a: Xurkitree\n|-damage|p1a: Xurkitree|0 fnt\n|faint|p1a: Xurkitree\n|-ability|p2a: Glastrier|Chilling Neigh|boost\n|-boost|p2a: Glastrier|atk|1\n|\n|upkeep\n|\n|t:|1667263109\n|switch|p1a: Noivern|Noivern, M|76\/100\n|-damage|p1a: Noivern|51\/100|[from] Stealth Rock\n|-item|p2a: Glastrier|Never-Melt Ice|[from] ability: Frisk|[of] p1a: Noivern|[identify]\n|turn|22\n|c|\u2606misplayin|oh\n|\n|t:|1667263112\n|move|p1a: Noivern|Flamethrower|p2a: Glastrier\n|-supereffective|p2a: Glastrier\n|-damage|p2a: Glastrier|0 fnt\n|faint|p2a: Glastrier\n|\n|upkeep\n|\n|t:|1667263114\n|switch|p2a: Stakataka|Stakataka|100\/100\n|-item|p2a: Stakataka|Air Balloon\n|turn|23\n|\n|t:|1667263116\n|move|p1a: Noivern|Flamethrower|p2a: Stakataka\n|-damage|p2a: Stakataka|63\/100\n|-status|p2a: Stakataka|brn\n|-enditem|p2a: Stakataka|Air Balloon\n|move|p2a: Stakataka|Gyro Ball|p1a: Noivern\n|-damage|p1a: Noivern|0 fnt\n|faint|p1a: Noivern\n|\n|win|misplayin\n|c| Firelord Term|ggs\n|c|\u2606misplayin|gg\n|c|\u2606MetalBendZen|ggs\n","uploadtime":1667263127,"views":5,"p1id":"metalbendzen","p2id":"misplayin","formatid":"gen8ru","rating":0,"private":0,"password":null}