{"id":"gen8nationaldex-1588177858","p1":"Sir Fresh","p2":"Rainer2424","format":"gen8nationaldex","log":"|j|\u2606Sir Fresh\n|j|\u2606Rainer2424\n|t:|1654224950\n|gametype|singles\n|player|p1|Sir Fresh|palmer|\n|player|p2|Rainer2424|volkner|\n|teamsize|p1|6\n|teamsize|p2|6\n|gen|8\n|tier|[Gen 8] National Dex\n|rule|HP Percentage Mod: HP is shown in percentages\n|rule|Endless Battle Clause: Forcing endless battles is banned\n|rule|OHKO Clause: OHKO moves are banned\n|rule|Evasion Moves Clause: Evasion moves are banned\n|rule|Species Clause: Limit one of each Pok\u00e9mon\n|rule|Dynamax Clause: You cannot dynamax\n|rule|Sleep Clause Mod: Limit one foe put to sleep\n|clearpoke\n|poke|p1|Sceptile, M|\n|poke|p1|Blaziken, M|\n|poke|p1|Swampert, M|\n|poke|p1|Gardevoir, F|\n|poke|p1|Metagross|\n|poke|p1|Milotic, F|\n|poke|p2|Blaziken, M|\n|poke|p2|Regice|\n|poke|p2|Sceptile, F|\n|poke|p2|Gardevoir, F|\n|poke|p2|Jirachi|\n|poke|p2|Metagross|\n|teampreview\n|c|\u2606Rainer2424|Good luck\n|l|\u2606Rainer2424\n|player|p2|\n|c|\u2606Sir Fresh|Same\n|j|\u2606Rainer2424\n|player|p2|Rainer2424|volkner\n|\n|t:|1654224993\n|start\n|switch|p1a: Swampert|Swampert, M|100\/100\n|switch|p2a: Metagross|Metagross|100\/100\n|turn|1\n|\n|t:|1654224998\n|move|p2a: Metagross|Stealth Rock|p1a: Swampert\n|-sidestart|p1: Sir Fresh|move: Stealth Rock\n|move|p1a: Swampert|Stealth Rock|p2a: Metagross\n|-sidestart|p2: Rainer2424|move: Stealth Rock\n|\n|upkeep\n|turn|2\n|\n|t:|1654225005\n|switch|p2a: Sceptile|Sceptile, F|100\/100\n|-damage|p2a: Sceptile|88\/100|[from] Stealth Rock\n|move|p1a: Swampert|Earthquake|p2a: Sceptile\n|-resisted|p2a: Sceptile\n|-damage|p2a: Sceptile|56\/100\n|\n|upkeep\n|turn|3\n|\n|t:|1654225025\n|switch|p2a: Blaziken|Blaziken, M|100\/100\n|-damage|p2a: Blaziken|88\/100|[from] Stealth Rock\n|move|p1a: Swampert|Flip Turn|p2a: Blaziken\n|-supereffective|p2a: Blaziken\n|-damage|p2a: Blaziken|16\/100\n|l|\u2606Sir Fresh\n|player|p1|\n|j|\u2606Sir Fresh\n|player|p1|Sir Fresh|palmer\n|c|\u2606Rainer2424|:(\n|\n|t:|1654225058\n|switch|p1a: Gardevoir|Gardevoir, F|100\/100|[from]move: Flip Turn\n|-damage|p1a: Gardevoir|88\/100|[from] Stealth Rock\n|-ability|p1a: Gardevoir|Speed Boost|[from] ability: Trace|[of] p2a: Blaziken\n|\n|upkeep\n|turn|4\n|l|\u2606Rainer2424\n|player|p2|\n|j|\u2606Rainer2424\n|player|p2|Rainer2424|volkner\n|l|\u2606Rainer2424\n|player|p2|\n|j|\u2606Rainer2424\n|player|p2|Rainer2424|volkner\n|\n|t:|1654225097\n|move|p1a: Gardevoir|Mystical Fire|p2a: Blaziken\n|-resisted|p2a: Blaziken\n|-damage|p2a: Blaziken|0 fnt\n|faint|p2a: Blaziken\n|\n|-ability|p1a: Gardevoir|Speed Boost|boost\n|-boost|p1a: Gardevoir|spe|1\n|upkeep\n|\n|t:|1654225109\n|switch|p2a: Jirachi|Jirachi|100\/100\n|-damage|p2a: Jirachi|94\/100|[from] Stealth Rock\n|turn|5\n|\n|t:|1654225126\n|detailschange|p1a: Gardevoir|Gardevoir-Mega, F\n|-mega|p1a: Gardevoir|Gardevoir|Gardevoirite\n|move|p2a: Jirachi|Iron Head|p1a: Gardevoir\n|-supereffective|p1a: Gardevoir\n|-damage|p1a: Gardevoir|0 fnt\n|faint|p1a: Gardevoir\n|\n|upkeep\n|\n|t:|1654225148\n|switch|p1a: Swampert|Swampert, M|100\/100\n|-damage|p1a: Swampert|94\/100|[from] Stealth Rock\n|turn|6\n|\n|t:|1654225168\n|switch|p2a: Sceptile|Sceptile, F|56\/100\n|-damage|p2a: Sceptile|44\/100|[from] Stealth Rock\n|move|p1a: Swampert|Earthquake|p2a: Sceptile\n|-resisted|p2a: Sceptile\n|-damage|p2a: Sceptile|9\/100\n|-enditem|p2a: Sceptile|Liechi Berry|[eat]\n|-boost|p2a: Sceptile|atk|1|[from] item: Liechi Berry\n|\n|-heal|p1a: Swampert|100\/100|[from] item: Leftovers\n|upkeep\n|turn|7\n|\n|t:|1654225242\n|switch|p1a: Metagross|Metagross|100\/100\n|-damage|p1a: Metagross|94\/100|[from] Stealth Rock\n|move|p2a: Sceptile|Endeavor|p1a: Metagross\n|-damage|p1a: Metagross|7\/100\n|-damage|p2a: Sceptile|0 fnt|[from] item: Rocky Helmet|[of] p1a: Metagross\n|faint|p2a: Sceptile\n|\n|upkeep\n|\n|t:|1654225252\n|switch|p2a: Metagross|Metagross|100\/100\n|-damage|p2a: Metagross|94\/100|[from] Stealth Rock\n|turn|8\n|\n|t:|1654225258\n|move|p2a: Metagross|Bullet Punch|p1a: Metagross\n|-resisted|p1a: Metagross\n|-damage|p1a: Metagross|0 fnt\n|-damage|p2a: Metagross|78\/100|[from] item: Rocky Helmet|[of] p1a: Metagross\n|faint|p1a: Metagross\n|\n|upkeep\n|\n|t:|1654225275\n|switch|p1a: Swampert|Swampert, M|100\/100\n|-damage|p1a: Swampert|94\/100|[from] Stealth Rock\n|turn|9\n|\n|t:|1654225286\n|move|p2a: Metagross|Earthquake|p1a: Swampert\n|-damage|p1a: Swampert|66\/100\n|move|p1a: Swampert|Earthquake|p2a: Metagross\n|-supereffective|p2a: Metagross\n|-damage|p2a: Metagross|17\/100\n|\n|-heal|p1a: Swampert|73\/100|[from] item: Leftovers\n|upkeep\n|turn|10\n|\n|t:|1654225292\n|move|p2a: Metagross|Earthquake|p1a: Swampert\n|-damage|p1a: Swampert|45\/100\n|move|p1a: Swampert|Earthquake|p2a: Metagross\n|-supereffective|p2a: Metagross\n|-damage|p2a: Metagross|0 fnt\n|faint|p2a: Metagross\n|\n|-heal|p1a: Swampert|51\/100|[from] item: Leftovers\n|upkeep\n|\n|t:|1654225305\n|switch|p2a: Regice|Regice|100\/100\n|-damage|p2a: Regice|76\/100|[from] Stealth Rock\n|turn|11\n|\n|t:|1654225313\n|move|p2a: Regice|Rock Polish|p2a: Regice\n|-boost|p2a: Regice|spe|2\n|move|p1a: Swampert|Flip Turn|p2a: Regice\n|-damage|p2a: Regice|52\/100\n|\n|t:|1654225319\n|switch|p1a: Milotic|Milotic, F|100\/100|[from]move: Flip Turn\n|-damage|p1a: Milotic|88\/100|[from] Stealth Rock\n|\n|-status|p1a: Milotic|brn|[from] item: Flame Orb\n|upkeep\n|turn|12\n|\n|t:|1654225324\n|move|p2a: Regice|Thunderbolt|p1a: Milotic\n|-supereffective|p1a: Milotic\n|-damage|p1a: Milotic|47\/100 brn\n|move|p1a: Milotic|Haze|p1a: Milotic\n|-clearallboost\n|\n|-damage|p1a: Milotic|41\/100 brn|[from] brn\n|upkeep\n|turn|13\n|\n|t:|1654225337\n|move|p2a: Regice|Thunderbolt|p1a: Milotic\n|-supereffective|p1a: Milotic\n|-damage|p1a: Milotic|0 fnt\n|faint|p1a: Milotic\n|\n|upkeep\n|\n|t:|1654225340\n|switch|p1a: Blaziken|Blaziken, M|100\/100\n|-damage|p1a: Blaziken|88\/100|[from] Stealth Rock\n|turn|14\n|\n|t:|1654225350\n|move|p1a: Blaziken|Flare Blitz|p2a: Regice\n|-supereffective|p2a: Regice\n|-damage|p2a: Regice|0 fnt\n|faint|p2a: Regice\n|-damage|p1a: Blaziken|71\/100|[from] Recoil\n|-damage|p1a: Blaziken|61\/100|[from] item: Life Orb\n|\n|-ability|p1a: Blaziken|Speed Boost|boost\n|-boost|p1a: Blaziken|spe|1\n|upkeep\n|\n|t:|1654225357\n|switch|p2a: Jirachi|Jirachi|94\/100\n|-damage|p2a: Jirachi|88\/100|[from] Stealth Rock\n|turn|15\n|\n|t:|1654225362\n|move|p1a: Blaziken|Protect|p1a: Blaziken\n|-singleturn|p1a: Blaziken|Protect\n|move|p2a: Jirachi|Iron Head|p1a: Blaziken\n|-activate|p1a: Blaziken|move: Protect\n|\n|-ability|p1a: Blaziken|Speed Boost|boost\n|-boost|p1a: Blaziken|spe|1\n|upkeep\n|turn|16\n|\n|t:|1654225370\n|move|p1a: Blaziken|Flare Blitz|p2a: Jirachi\n|-supereffective|p2a: Jirachi\n|-damage|p2a: Jirachi|0 fnt\n|faint|p2a: Jirachi\n|-damage|p1a: Blaziken|28\/100|[from] Recoil\n|-damage|p1a: Blaziken|18\/100|[from] item: Life Orb\n|\n|-ability|p1a: Blaziken|Speed Boost|boost\n|-boost|p1a: Blaziken|spe|1\n|upkeep\n|\n|t:|1654225372\n|switch|p2a: Gardevoir|Gardevoir, F|100\/100\n|-damage|p2a: Gardevoir|88\/100|[from] Stealth Rock\n|-ability|p2a: Gardevoir|Speed Boost|[from] ability: Trace|[of] p1a: Blaziken\n|turn|17\n|\n|t:|1654225379\n|detailschange|p2a: Gardevoir|Gardevoir-Mega, F\n|-mega|p2a: Gardevoir|Gardevoir|Gardevoirite\n|move|p1a: Blaziken|Flare Blitz|p2a: Gardevoir\n|-damage|p2a: Gardevoir|0 fnt\n|faint|p2a: Gardevoir\n|-damage|p1a: Blaziken|0 fnt|[from] Recoil\n|faint|p1a: Blaziken\n|\n|win|Sir Fresh\n|c|\u2606Rainer2424|Gg\n|c|\u2606Sir Fresh|Gg\n","uploadtime":1654225392,"views":17,"p1id":"sirfresh","p2id":"rainer2424","formatid":"gen8nationaldex","rating":0,"private":0,"password":null}