{"id":"gen8anythinggoes-1461706486","p1":"S6six","p2":"Anibunnysomoney","format":"gen8anythinggoes","log":"|j|\u2606S6six\n|j|\u2606Anibunnysomoney\n|t:|1637973361\n|gametype|singles\n|player|p1|S6six|2|\n|player|p2|Anibunnysomoney|169|\n|teamsize|p1|6\n|teamsize|p2|6\n|gen|8\n|tier|[Gen 8] Anything Goes\n|rule|HP Percentage Mod: HP is shown in percentages\n|rule|Endless Battle Clause: Forcing endless battles is banned\n|clearpoke\n|poke|p1|Charizard, F|\n|poke|p1|Venusaur, M|\n|poke|p1|Ninetales, M|\n|poke|p1|Magnezone|\n|poke|p1|Clefable, F|\n|poke|p1|Shedinja|\n|poke|p2|Barraskewda, F|\n|poke|p2|Politoed, M|\n|poke|p2|Urshifu-*, F|\n|poke|p2|Seismitoad, M|\n|poke|p2|Necrozma|\n|poke|p2|Bronzong|\n|teampreview\n|\n|t:|1637973475\n|start\n|switch|p1a: Clefable|Clefable, F|100\/100\n|switch|p2a: Barraskewda|Barraskewda, F|100\/100\n|turn|1\n|\n|t:|1637973497\n|move|p2a: Barraskewda|Flip Turn|p1a: Clefable\n|-damage|p1a: Clefable|47\/100\n|\n|t:|1637973506\n|switch|p2a: Bronzong|Bronzong|100\/100|[from]move: Flip Turn\n|move|p1a: Clefable|Cosmic Power|p1a: Clefable\n|-boost|p1a: Clefable|def|1\n|-boost|p1a: Clefable|spd|1\n|\n|upkeep\n|turn|2\n|\n|t:|1637973518\n|move|p1a: Clefable|Soft-Boiled|p1a: Clefable\n|-heal|p1a: Clefable|97\/100\n|move|p2a: Bronzong|Iron Head|p1a: Clefable\n|-supereffective|p1a: Clefable\n|-damage|p1a: Clefable|42\/100\n|\n|upkeep\n|turn|3\n|\n|t:|1637973526\n|move|p1a: Clefable|Soft-Boiled|p1a: Clefable\n|-heal|p1a: Clefable|92\/100\n|move|p2a: Bronzong|Iron Head|p1a: Clefable\n|-supereffective|p1a: Clefable\n|-damage|p1a: Clefable|40\/100\n|\n|upkeep\n|turn|4\n|\n|t:|1637973535\n|move|p1a: Clefable|Soft-Boiled|p1a: Clefable\n|-heal|p1a: Clefable|90\/100\n|move|p2a: Bronzong|Iron Head|p1a: Clefable\n|-supereffective|p1a: Clefable\n|-damage|p1a: Clefable|38\/100\n|\n|upkeep\n|turn|5\n|\n|t:|1637973568\n|move|p1a: Clefable|Soft-Boiled|p1a: Clefable\n|-heal|p1a: Clefable|88\/100\n|move|p2a: Bronzong|Earthquake|p1a: Clefable\n|-damage|p1a: Clefable|65\/100\n|\n|upkeep\n|turn|6\n|\n|t:|1637973574\n|move|p1a: Clefable|Cosmic Power|p1a: Clefable\n|-boost|p1a: Clefable|def|1\n|-boost|p1a: Clefable|spd|1\n|move|p2a: Bronzong|Iron Head|p1a: Clefable\n|-supereffective|p1a: Clefable\n|-damage|p1a: Clefable|22\/100\n|\n|upkeep\n|turn|7\n|\n|t:|1637973582\n|move|p1a: Clefable|Soft-Boiled|p1a: Clefable\n|-heal|p1a: Clefable|72\/100\n|move|p2a: Bronzong|Iron Head|p1a: Clefable\n|-supereffective|p1a: Clefable\n|-damage|p1a: Clefable|30\/100\n|\n|upkeep\n|turn|8\n|\n|t:|1637973590\n|switch|p1a: Ninetales|Ninetales, M, shiny|100\/100\n|-weather|SunnyDay|[from] ability: Drought|[of] p1a: Ninetales\n|move|p2a: Bronzong|Iron Head|p1a: Ninetales\n|-resisted|p1a: Ninetales\n|-damage|p1a: Ninetales|75\/100\n|\n|-weather|SunnyDay|[upkeep]\n|upkeep\n|turn|9\n|\n|t:|1637973626\n|switch|p1a: Venusaur|Venusaur, M|100\/100\n|switch|p2a: Politoed|Politoed, M|100\/100\n|-weather|RainDance|[from] ability: Drizzle|[of] p2a: Politoed\n|\n|-weather|RainDance|[upkeep]\n|upkeep\n|turn|10\n|\n|t:|1637973640\n|switch|p2a: Bronzong|Bronzong|100\/100\n|move|p1a: Venusaur|Growth|p1a: Venusaur\n|-boost|p1a: Venusaur|atk|1\n|-boost|p1a: Venusaur|spa|1\n|\n|-weather|RainDance|[upkeep]\n|upkeep\n|turn|11\n|\n|t:|1637973687\n|move|p1a: Venusaur|Earth Power|p2a: Bronzong\n|-supereffective|p2a: Bronzong\n|-damage|p2a: Bronzong|44\/100\n|-unboost|p2a: Bronzong|spd|1\n|-damage|p1a: Venusaur|91\/100|[from] item: Life Orb\n|move|p2a: Bronzong|Zen Headbutt|p1a: Venusaur\n|-supereffective|p1a: Venusaur\n|-damage|p1a: Venusaur|0 fnt\n|faint|p1a: Venusaur\n|\n|-weather|RainDance|[upkeep]\n|upkeep\n|\n|t:|1637973699\n|switch|p1a: Ninetales|Ninetales, M, shiny|75\/100\n|-weather|SunnyDay|[from] ability: Drought|[of] p1a: Ninetales\n|turn|12\n|\n|t:|1637973716\n|switch|p2a: Politoed|Politoed, M|100\/100\n|-weather|RainDance|[from] ability: Drizzle|[of] p2a: Politoed\n|move|p1a: Ninetales|Fire Blast|p2a: Politoed|[miss]\n|-miss|p1a: Ninetales|p2a: Politoed\n|\n|-weather|RainDance|[upkeep]\n|upkeep\n|turn|13\n|\n|t:|1637973768\n|switch|p2a: Necrozma|Necrozma|100\/100\n|move|p1a: Ninetales|Sunny Day|p1a: Ninetales\n|-weather|SunnyDay\n|\n|-weather|SunnyDay|[upkeep]\n|upkeep\n|turn|14\n|\n|t:|1637973808\n|switch|p1a: Shedinja|Shedinja|100\/100\n|move|p2a: Necrozma|Autotomize|p2a: Necrozma\n|-boost|p2a: Necrozma|spe|2\n|-start|p2a: Necrozma|Autotomize\n|\n|-weather|SunnyDay|[upkeep]\n|upkeep\n|turn|15\n|\n|t:|1637973823\n|move|p2a: Necrozma|Meteor Beam||[still]\n|-prepare|p2a: Necrozma|Meteor Beam\n|-boost|p2a: Necrozma|spa|1\n|-enditem|p2a: Necrozma|Power Herb\n|-anim|p2a: Necrozma|Meteor Beam|p1a: Shedinja\n|-supereffective|p1a: Shedinja\n|-enditem|p1a: Shedinja|Focus Sash\n|-damage|p1a: Shedinja|100\/100\n|move|p1a: Shedinja|Swords Dance|p1a: Shedinja\n|-boost|p1a: Shedinja|atk|2\n|\n|-weather|SunnyDay|[upkeep]\n|upkeep\n|turn|16\n|\n|t:|1637973839\n|move|p1a: Shedinja|Sucker Punch|p2a: Necrozma\n|-supereffective|p2a: Necrozma\n|-damage|p2a: Necrozma|53\/100\n|move|p2a: Necrozma|Heat Wave|p1a: Shedinja|[miss]\n|-miss|p2a: Necrozma|p1a: Shedinja\n|\n|-weather|SunnyDay|[upkeep]\n|upkeep\n|turn|17\n|\n|t:|1637973847\n|move|p1a: Shedinja|Sucker Punch|p2a: Necrozma\n|-supereffective|p2a: Necrozma\n|-crit|p2a: Necrozma\n|-damage|p2a: Necrozma|0 fnt\n|faint|p2a: Necrozma\n|\n|-weather|SunnyDay|[upkeep]\n|upkeep\n|\n|t:|1637973877\n|switch|p2a: Urshifu|Urshifu-Rapid-Strike, F|100\/100\n|turn|18\n|\n|t:|1637973902\n|move|p1a: Shedinja|Shadow Sneak|p2a: Urshifu\n|-damage|p2a: Urshifu|67\/100\n|move|p2a: Urshifu|Acrobatics|p1a: Shedinja\n|-supereffective|p1a: Shedinja\n|-damage|p1a: Shedinja|0 fnt\n|faint|p1a: Shedinja\n|\n|-weather|SunnyDay|[upkeep]\n|upkeep\n|\n|t:|1637973926\n|switch|p1a: Magnezone|Magnezone|100\/100\n|-item|p1a: Magnezone|Air Balloon\n|turn|19\n|\n|t:|1637973947\n|switch|p2a: Seismitoad|Seismitoad, M|100\/100\n|move|p1a: Magnezone|Thunderbolt|p2a: Seismitoad\n|-immune|p2a: Seismitoad\n|\n|-weather|SunnyDay|[upkeep]\n|upkeep\n|turn|20\n|\n|t:|1637973972\n|move|p2a: Seismitoad|Surf|p1a: Magnezone\n|-damage|p1a: Magnezone|68\/100\n|-enditem|p1a: Magnezone|Air Balloon\n|-damage|p2a: Seismitoad|91\/100|[from] item: Life Orb\n|move|p1a: Magnezone|Iron Head|p2a: Seismitoad\n|-resisted|p2a: Seismitoad\n|-damage|p2a: Seismitoad|80\/100\n|\n|-weather|none\n|upkeep\n|turn|21\n|\n|t:|1637973988\n|move|p2a: Seismitoad|Surf|p1a: Magnezone\n|-damage|p1a: Magnezone|5\/100\n|-damage|p2a: Seismitoad|70\/100|[from] item: Life Orb\n|move|p1a: Magnezone|Sunny Day|p1a: Magnezone\n|-weather|SunnyDay\n|\n|-weather|SunnyDay|[upkeep]\n|upkeep\n|turn|22\n|\n|t:|1637974015\n|move|p2a: Seismitoad|Rain Dance|p2a: Seismitoad\n|-weather|RainDance\n|move|p1a: Magnezone|Thunderbolt|p2a: Seismitoad\n|-immune|p2a: Seismitoad\n|\n|-weather|RainDance|[upkeep]\n|upkeep\n|turn|23\n|\n|t:|1637974024\n|move|p2a: Seismitoad|Surf|p1a: Magnezone\n|-damage|p1a: Magnezone|0 fnt\n|faint|p1a: Magnezone\n|-damage|p2a: Seismitoad|60\/100|[from] item: Life Orb\n|\n|-weather|RainDance|[upkeep]\n|upkeep\n|\n|t:|1637974035\n|switch|p1a: Clefable|Clefable, F|30\/100\n|turn|24\n|\n|t:|1637974058\n|move|p2a: Seismitoad|Surf|p1a: Clefable\n|-damage|p1a: Clefable|0 fnt\n|faint|p1a: Clefable\n|-damage|p2a: Seismitoad|50\/100|[from] item: Life Orb\n|\n|-weather|RainDance|[upkeep]\n|upkeep\n|\n|t:|1637974067\n|switch|p1a: Ninetales|Ninetales, M, shiny|75\/100\n|-weather|SunnyDay|[from] ability: Drought|[of] p1a: Ninetales\n|turn|25\n|\n|t:|1637974074\n|switch|p2a: Politoed|Politoed, M|100\/100\n|-weather|RainDance|[from] ability: Drizzle|[of] p2a: Politoed\n|move|p1a: Ninetales|Solar Beam||[still]\n|-prepare|p1a: Ninetales|Solar Beam\n|\n|-weather|RainDance|[upkeep]\n|upkeep\n|turn|26\n|\n|t:|1637974086\n|move|p1a: Ninetales|Solar Beam|p2a: Politoed|[from]lockedmove\n|-supereffective|p2a: Politoed\n|-damage|p2a: Politoed|80\/100\n|move|p2a: Politoed|Scald|p1a: Ninetales\n|-supereffective|p1a: Ninetales\n|-damage|p1a: Ninetales|0 fnt\n|faint|p1a: Ninetales\n|\n|-weather|RainDance|[upkeep]\n|upkeep\n|\n|t:|1637974096\n|switch|p1a: Charizard|Charizard, F, shiny|100\/100\n|turn|27\n|\n|t:|1637974106\n|-start|p1a: Charizard|Dynamax\n|-formechange|p1a: Charizard|Charizard-Gmax\n|-heal|p1a: Charizard|100\/100|[silent]\n|move|p1a: Charizard|Max Knuckle|p2a: Politoed\n|-damage|p2a: Politoed|61\/100\n|-boost|p1a: Charizard|atk|1\n|move|p2a: Politoed|Scald|p1a: Charizard\n|-supereffective|p1a: Charizard\n|-damage|p1a: Charizard|54\/100\n|\n|-weather|RainDance|[upkeep]\n|upkeep\n|turn|28\n|\n|t:|1637974124\n|move|p1a: Charizard|Max Knuckle|p2a: Politoed\n|-damage|p2a: Politoed|42\/100\n|-boost|p1a: Charizard|atk|1\n|move|p2a: Politoed|Scald|p1a: Charizard\n|-supereffective|p1a: Charizard\n|-damage|p1a: Charizard|0 fnt\n|faint|p1a: Charizard\n|\n|win|Anibunnysomoney\n|c|\u2606Anibunnysomoney|Gg cuz\n|player|p1|S6six|2\n","uploadtime":1637974138,"views":23,"p1id":"s6six","p2id":"anibunnysomoney","formatid":"gen8anythinggoes","rating":0,"private":0,"password":null}