{"id":"gen8nationaldex-1440474083","p1":"TheonReekGreyjoy","p2":"paultheconvincer","format":"gen8nationaldex","log":"|j|\u2606TheonReekGreyjoy\n|j|\u2606paultheconvincer\n|t:|1634937085\n|gametype|singles\n|player|p1|TheonReekGreyjoy|7|\n|player|p2|paultheconvincer|265|\n|teamsize|p1|6\n|teamsize|p2|6\n|gen|8\n|tier|[Gen 8] National Dex\n|rule|HP Percentage Mod: HP is shown in percentages\n|rule|Endless Battle Clause: Forcing endless battles is banned\n|rule|OHKO Clause: OHKO moves are banned\n|rule|Evasion Moves Clause: Evasion moves are banned\n|rule|Species Clause: Limit one of each Pok\u00e9mon\n|rule|Dynamax Clause: You cannot dynamax\n|rule|Sleep Clause Mod: Limit one foe put to sleep\n|clearpoke\n|poke|p1|Infernape, F|\n|poke|p1|Tentacruel, F|\n|poke|p1|Hippowdon, F|\n|poke|p1|Coalossal, F|\n|poke|p1|Aerodactyl, M|\n|poke|p1|Aromatisse, F|\n|poke|p2|Salamence, M|\n|poke|p2|Uxie|\n|poke|p2|Gastrodon, F|\n|poke|p2|Rillaboom, M|\n|poke|p2|Ludicolo, F|\n|poke|p2|Scizor, F|\n|teampreview\n|c|\u2606TheonReekGreyjoy|gl hf\n|c|\u2606paultheconvincer|glhf\n|j| Pks BloodEagle\n|j| Ohseb\n|l| Ohseb\n|j| Ohseb\n|\n|t:|1634937255\n|start\n|switch|p1a: Petrie|Aerodactyl, M|100\/100\n|switch|p2a: Rillaboom|Rillaboom, M|100\/100\n|-ability|p1a: Petrie|Unnerve\n|-fieldstart|move: Grassy Terrain|[from] ability: Grassy Surge|[of] p2a: Rillaboom\n|turn|1\n|j| YesNinja\n|\n|t:|1634937330\n|switch|p2a: Gastrodon|Gastrodon, F|100\/100\n|detailschange|p1a: Petrie|Aerodactyl-Mega, M\n|-mega|p1a: Petrie|Aerodactyl|Aerodactylite\n|move|p1a: Petrie|Dual Wingbeat|p2a: Gastrodon\n|-crit|p2a: Gastrodon\n|-damage|p2a: Gastrodon|69\/100\n|-damage|p2a: Gastrodon|47\/100\n|-hitcount|p2a: Gastrodon|2\n|\n|-heal|p2a: Gastrodon|53\/100|[from] Grassy Terrain\n|-heal|p2a: Gastrodon|59\/100|[from] item: Leftovers\n|upkeep\n|turn|2\n|j| Pks itchyeyes\n|\n|t:|1634937347\n|switch|p1a: Lil Uzie|Tentacruel, F|100\/100\n|move|p2a: Gastrodon|Scald|p1a: Lil Uzie\n|-resisted|p1a: Lil Uzie\n|-damage|p1a: Lil Uzie|91\/100\n|\n|-heal|p1a: Lil Uzie|97\/100|[from] Grassy Terrain\n|-heal|p1a: Lil Uzie|100\/100|[from] item: Black Sludge\n|-heal|p2a: Gastrodon|65\/100|[from] Grassy Terrain\n|-heal|p2a: Gastrodon|71\/100|[from] item: Leftovers\n|upkeep\n|turn|3\n|\n|t:|1634937367\n|move|p1a: Lil Uzie|Acid Spray|p2a: Gastrodon\n|-resisted|p2a: Gastrodon\n|-damage|p2a: Gastrodon|64\/100\n|-unboost|p2a: Gastrodon|spd|2\n|move|p2a: Gastrodon|Earth Power|p1a: Lil Uzie\n|-supereffective|p1a: Lil Uzie\n|-damage|p1a: Lil Uzie|52\/100\n|\n|-heal|p1a: Lil Uzie|58\/100|[from] Grassy Terrain\n|-heal|p1a: Lil Uzie|64\/100|[from] item: Black Sludge\n|-heal|p2a: Gastrodon|70\/100|[from] Grassy Terrain\n|-heal|p2a: Gastrodon|76\/100|[from] item: Leftovers\n|upkeep\n|turn|4\n|\n|t:|1634937380\n|switch|p2a: Uxie|Uxie|100\/100\n|move|p1a: Lil Uzie|Giga Drain|p2a: Uxie\n|-damage|p2a: Uxie|84\/100\n|-heal|p1a: Lil Uzie|72\/100|[from] drain|[of] p2a: Uxie\n|\n|-heal|p1a: Lil Uzie|78\/100|[from] Grassy Terrain\n|-heal|p1a: Lil Uzie|85\/100|[from] item: Black Sludge\n|-heal|p2a: Uxie|90\/100|[from] item: Leftovers\n|upkeep\n|turn|5\n|j| b1itzkrieg\n|\n|t:|1634937392\n|switch|p1a: Sudowoodoo|Coalossal, F|100\/100\n|move|p2a: Uxie|Psychic|p1a: Sudowoodoo\n|-damage|p1a: Sudowoodoo|83\/100\n|\n|-heal|p2a: Uxie|96\/100|[from] item: Leftovers\n|-heal|p1a: Sudowoodoo|89\/100|[from] Grassy Terrain\n|-fieldend|move: Grassy Terrain\n|upkeep\n|turn|6\n|\n|t:|1634937409\n|move|p2a: Uxie|U-turn|p1a: Sudowoodoo\n|-resisted|p1a: Sudowoodoo\n|-damage|p1a: Sudowoodoo|85\/100\n|-status|p2a: Uxie|brn|[from] ability: Flame Body|[of] p1a: Sudowoodoo\n|\n|t:|1634937414\n|switch|p2a: Gastrodon|Gastrodon, F|76\/100|[from]move: U-turn\n|move|p1a: Sudowoodoo|Will-O-Wisp|p2a: Gastrodon\n|-status|p2a: Gastrodon|brn\n|\n|-heal|p2a: Gastrodon|82\/100 brn|[from] item: Leftovers\n|-damage|p2a: Gastrodon|76\/100 brn|[from] brn\n|upkeep\n|turn|7\n|\n|t:|1634937431\n|switch|p1a: Candy Cotton|Aromatisse, F|100\/100\n|move|p2a: Gastrodon|Earth Power|p1a: Candy Cotton\n|-damage|p1a: Candy Cotton|74\/100\n|\n|-heal|p2a: Gastrodon|82\/100 brn|[from] item: Leftovers\n|-heal|p1a: Candy Cotton|80\/100|[from] item: Leftovers\n|-damage|p2a: Gastrodon|76\/100 brn|[from] brn\n|upkeep\n|turn|8\n|\n|t:|1634937437\n|move|p2a: Gastrodon|Toxic|p1a: Candy Cotton\n|-status|p1a: Candy Cotton|tox\n|move|p1a: Candy Cotton|Wish|p1a: Candy Cotton\n|\n|-heal|p2a: Gastrodon|82\/100 brn|[from] item: Leftovers\n|-heal|p1a: Candy Cotton|86\/100 tox|[from] item: Leftovers\n|-damage|p1a: Candy Cotton|80\/100 tox|[from] psn\n|-damage|p2a: Gastrodon|76\/100 brn|[from] brn\n|upkeep\n|turn|9\n|\n|t:|1634937460\n|switch|p1a: Bryan|Infernape, F|100\/100\n|move|p2a: Gastrodon|Scald|p1a: Bryan\n|-supereffective|p1a: Bryan\n|-damage|p1a: Bryan|28\/100\n|\n|-heal|p1a: Bryan|89\/100|[from] move: Wish|[wisher] Candy Cotton\n|-heal|p1a: Bryan|95\/100|[from] item: Leftovers\n|-heal|p2a: Gastrodon|82\/100 brn|[from] item: Leftovers\n|-damage|p2a: Gastrodon|76\/100 brn|[from] brn\n|upkeep\n|turn|10\n|\n|t:|1634937472\n|switch|p2a: Uxie|Uxie|96\/100 brn\n|move|p1a: Bryan|Grass Knot|p2a: Uxie\n|-damage|p2a: Uxie|91\/100 brn\n|\n|-heal|p1a: Bryan|100\/100|[from] item: Leftovers\n|-heal|p2a: Uxie|98\/100 brn|[from] item: Leftovers\n|-damage|p2a: Uxie|91\/100 brn|[from] brn\n|upkeep\n|turn|11\n|\n|t:|1634937483\n|move|p1a: Bryan|Taunt|p2a: Uxie\n|-start|p2a: Uxie|move: Taunt\n|cant|p2a: Uxie|move: Taunt|Stealth Rock\n|\n|-heal|p2a: Uxie|98\/100 brn|[from] item: Leftovers\n|-damage|p2a: Uxie|91\/100 brn|[from] brn\n|upkeep\n|turn|12\n|\n|t:|1634937490\n|move|p1a: Bryan|U-turn|p2a: Uxie\n|-supereffective|p2a: Uxie\n|-damage|p2a: Uxie|73\/100 brn\n|\n|t:|1634937498\n|switch|p1a: Dan|Hippowdon, F|100\/100|[from]move: U-turn\n|-weather|Sandstorm|[from] ability: Sand Stream|[of] p1a: Dan\n|move|p2a: Uxie|Psychic|p1a: Dan\n|-damage|p1a: Dan|80\/100\n|\n|-weather|Sandstorm|[upkeep]\n|-damage|p2a: Uxie|67\/100 brn|[from] Sandstorm\n|-heal|p2a: Uxie|73\/100 brn|[from] item: Leftovers\n|-heal|p1a: Dan|86\/100|[from] item: Leftovers\n|-damage|p2a: Uxie|67\/100 brn|[from] brn\n|upkeep\n|turn|13\n|\n|t:|1634937521\n|switch|p1a: Petrie|Aerodactyl-Mega, M|100\/100\n|move|p2a: Uxie|U-turn|p1a: Petrie\n|-resisted|p1a: Petrie\n|-damage|p1a: Petrie|97\/100\n|\n|t:|1634937533\n|switch|p2a: Gastrodon|Gastrodon, F|76\/100 brn|[from]move: U-turn\n|\n|-weather|Sandstorm|[upkeep]\n|-heal|p2a: Gastrodon|82\/100 brn|[from] item: Leftovers\n|-damage|p2a: Gastrodon|76\/100 brn|[from] brn\n|upkeep\n|turn|14\n|\n|t:|1634937551\n|switch|p1a: Candy Cotton|Aromatisse, F|80\/100 tox\n|move|p2a: Gastrodon|Scald|p1a: Candy Cotton\n|-damage|p1a: Candy Cotton|57\/100 tox\n|\n|-weather|Sandstorm|[upkeep]\n|-damage|p1a: Candy Cotton|51\/100 tox|[from] Sandstorm\n|-heal|p2a: Gastrodon|82\/100 brn|[from] item: Leftovers\n|-heal|p1a: Candy Cotton|57\/100 tox|[from] item: Leftovers\n|-damage|p1a: Candy Cotton|51\/100 tox|[from] psn\n|-damage|p2a: Gastrodon|76\/100 brn|[from] brn\n|upkeep\n|turn|15\n|\n|t:|1634937560\n|move|p2a: Gastrodon|Scald|p1a: Candy Cotton\n|-damage|p1a: Candy Cotton|26\/100 tox\n|move|p1a: Candy Cotton|Wish|p1a: Candy Cotton\n|\n|-weather|Sandstorm|[upkeep]\n|-damage|p1a: Candy Cotton|20\/100 tox|[from] Sandstorm\n|-heal|p2a: Gastrodon|82\/100 brn|[from] item: Leftovers\n|-heal|p1a: Candy Cotton|26\/100 tox|[from] item: Leftovers\n|-damage|p1a: Candy Cotton|14\/100 tox|[from] psn\n|-damage|p2a: Gastrodon|76\/100 brn|[from] brn\n|upkeep\n|turn|16\n|\n|t:|1634937575\n|move|p1a: Candy Cotton|Protect|p1a: Candy Cotton\n|-singleturn|p1a: Candy Cotton|Protect\n|move|p2a: Gastrodon|Scald|p1a: Candy Cotton\n|-activate|p1a: Candy Cotton|move: Protect\n|\n|-weather|none\n|-heal|p1a: Candy Cotton|64\/100 tox|[from] move: Wish|[wisher] Candy Cotton\n|-heal|p2a: Gastrodon|82\/100 brn|[from] item: Leftovers\n|-heal|p1a: Candy Cotton|70\/100 tox|[from] item: Leftovers\n|-damage|p1a: Candy Cotton|52\/100 tox|[from] psn\n|-damage|p2a: Gastrodon|76\/100 brn|[from] brn\n|upkeep\n|turn|17\n|\n|t:|1634937593\n|switch|p1a: Lil Uzie|Tentacruel, F|85\/100\n|move|p2a: Gastrodon|Scald|p1a: Lil Uzie\n|-resisted|p1a: Lil Uzie\n|-damage|p1a: Lil Uzie|75\/100\n|\n|-heal|p1a: Lil Uzie|81\/100|[from] item: Black Sludge\n|-heal|p2a: Gastrodon|82\/100 brn|[from] item: Leftovers\n|-damage|p2a: Gastrodon|76\/100 brn|[from] brn\n|upkeep\n|turn|18\n|\n|t:|1634937602\n|move|p1a: Lil Uzie|Giga Drain|p2a: Gastrodon\n|-supereffective|p2a: Gastrodon\n|-damage|p2a: Gastrodon|5\/100 brn\n|-heal|p1a: Lil Uzie|100\/100|[from] drain|[of] p2a: Gastrodon\n|move|p2a: Gastrodon|Earth Power|p1a: Lil Uzie\n|-supereffective|p1a: Lil Uzie\n|-damage|p1a: Lil Uzie|57\/100\n|\n|-heal|p1a: Lil Uzie|63\/100|[from] item: Black Sludge\n|-heal|p2a: Gastrodon|11\/100 brn|[from] item: Leftovers\n|-damage|p2a: Gastrodon|5\/100 brn|[from] brn\n|upkeep\n|turn|19\n|\n|t:|1634937614\n|switch|p2a: Uxie|Uxie|67\/100 brn\n|move|p1a: Lil Uzie|Giga Drain|p2a: Uxie\n|-damage|p2a: Uxie|55\/100 brn\n|-heal|p1a: Lil Uzie|69\/100|[from] drain|[of] p2a: Uxie\n|\n|-heal|p1a: Lil Uzie|75\/100|[from] item: Black Sludge\n|-heal|p2a: Uxie|61\/100 brn|[from] item: Leftovers\n|-damage|p2a: Uxie|55\/100 brn|[from] brn\n|upkeep\n|turn|20\n|l| Ohseb\n|\n|t:|1634937649\n|switch|p1a: Sudowoodoo|Coalossal, F|85\/100\n|move|p2a: Uxie|Stealth Rock|p1a: Sudowoodoo\n|-sidestart|p1: TheonReekGreyjoy|move: Stealth Rock\n|\n|-heal|p2a: Uxie|61\/100 brn|[from] item: Leftovers\n|-damage|p2a: Uxie|55\/100 brn|[from] brn\n|upkeep\n|turn|21\n|\n|t:|1634937663\n|move|p2a: Uxie|Heal Bell|p2a: Uxie\n|-activate|p2a: Uxie|move: Heal Bell\n|-curestatus|p2a: Uxie|brn|[msg]\n|-curestatus|p2: Gastrodon|brn|[msg]\n|move|p1a: Sudowoodoo|Rapid Spin|p2a: Uxie\n|-damage|p2a: Uxie|49\/100\n|-boost|p1a: Sudowoodoo|spe|1\n|-sideend|p1: TheonReekGreyjoy|Stealth Rock|[from] move: Rapid Spin|[of] p1a: Sudowoodoo\n|\n|-heal|p2a: Uxie|56\/100|[from] item: Leftovers\n|upkeep\n|turn|22\n|\n|t:|1634937686\n|move|p2a: Uxie|Psychic|p1a: Sudowoodoo\n|-damage|p1a: Sudowoodoo|69\/100\n|move|p1a: Sudowoodoo|Rock Blast|p2a: Uxie\n|-damage|p2a: Uxie|51\/100\n|-damage|p2a: Uxie|47\/100\n|-damage|p2a: Uxie|43\/100\n|-damage|p2a: Uxie|38\/100\n|-crit|p2a: Uxie\n|-damage|p2a: Uxie|32\/100\n|-hitcount|p2a: Uxie|5\n|\n|-heal|p2a: Uxie|38\/100|[from] item: Leftovers\n|upkeep\n|turn|23\n|\n|t:|1634937703\n|move|p2a: Uxie|Stealth Rock|p1a: Sudowoodoo\n|-sidestart|p1: TheonReekGreyjoy|move: Stealth Rock\n|move|p1a: Sudowoodoo|Will-O-Wisp|p2a: Uxie\n|-status|p2a: Uxie|brn\n|\n|-heal|p2a: Uxie|44\/100 brn|[from] item: Leftovers\n|-damage|p2a: Uxie|38\/100 brn|[from] brn\n|upkeep\n|turn|24\n|\n|t:|1634937711\n|move|p2a: Uxie|Psychic|p1a: Sudowoodoo\n|-damage|p1a: Sudowoodoo|50\/100\n|move|p1a: Sudowoodoo|Rapid Spin|p2a: Uxie\n|-damage|p2a: Uxie|32\/100 brn\n|-boost|p1a: Sudowoodoo|spe|1\n|-sideend|p1: TheonReekGreyjoy|Stealth Rock|[from] move: Rapid Spin|[of] p1a: Sudowoodoo\n|\n|-heal|p2a: Uxie|38\/100 brn|[from] item: Leftovers\n|-damage|p2a: Uxie|32\/100 brn|[from] brn\n|upkeep\n|turn|25\n|\n|t:|1634937724\n|move|p2a: Uxie|U-turn|p1a: Sudowoodoo\n|-resisted|p1a: Sudowoodoo\n|-damage|p1a: Sudowoodoo|48\/100\n|\n|t:|1634937735\n|switch|p2a: Salamence|Salamence, M|100\/100|[from]move: U-turn\n|move|p1a: Sudowoodoo|Rock Blast|p2a: Salamence\n|-supereffective|p2a: Salamence\n|-damage|p2a: Salamence|84\/100\n|-supereffective|p2a: Salamence\n|-damage|p2a: Salamence|67\/100\n|-supereffective|p2a: Salamence\n|-damage|p2a: Salamence|49\/100\n|-hitcount|p2a: Salamence|3\n|\n|upkeep\n|turn|26\n|\n|t:|1634937749\n|switch|p1a: Dan|Hippowdon, F|86\/100\n|-weather|Sandstorm|[from] ability: Sand Stream|[of] p1a: Dan\n|move|p2a: Salamence|Hydro Pump|p1a: Dan\n|-supereffective|p1a: Dan\n|-damage|p1a: Dan|0 fnt\n|faint|p1a: Dan\n|-ability|p2a: Salamence|Moxie|boost\n|-boost|p2a: Salamence|atk|1\n|\n|-weather|Sandstorm|[upkeep]\n|-damage|p2a: Salamence|43\/100|[from] Sandstorm\n|upkeep\n|\n|t:|1634937769\n|switch|p1a: Petrie|Aerodactyl-Mega, M|97\/100\n|turn|27\n|j| Ohseb\n|l| YesNinja\n|j| YesNinja\n|\n|t:|1634937816\n|switch|p2a: Gastrodon|Gastrodon, F|5\/100\n|move|p1a: Petrie|Dual Wingbeat|p2a: Gastrodon\n|-damage|p2a: Gastrodon|0 fnt\n|faint|p2a: Gastrodon\n|-hitcount|p2: Gastrodon|1\n|\n|-weather|Sandstorm|[upkeep]\n|upkeep\n|\n|t:|1634937824\n|switch|p2a: Scizor|Scizor, F|100\/100\n|turn|28\n|j| IDM Joe Biden\n|\n|t:|1634937833\n|detailschange|p2a: Scizor|Scizor-Mega, F\n|-mega|p2a: Scizor|Scizor|Scizorite\n|move|p2a: Scizor|Bullet Punch|p1a: Petrie\n|-supereffective|p1a: Petrie\n|-damage|p1a: Petrie|0 fnt\n|faint|p1a: Petrie\n|\n|-weather|Sandstorm|[upkeep]\n|upkeep\n|c|\u2606TheonReekGreyjoy|that was miscalced oh lord\n|\n|t:|1634937858\n|switch|p1a: Bryan|Infernape, F|100\/100\n|turn|29\n|c| YesNinja|:O\n|c| b1itzkrieg|i was just about to say\n|c|\u2606paultheconvincer|yeah that was big for me\n|c| b1itzkrieg|why haha\n|c| b1itzkrieg|i thought paul lost this after the giga on gas but he is now back in it\n|\n|t:|1634937901\n|switch|p2a: Salamence|Salamence, M|43\/100\n|move|p1a: Bryan|Flamethrower|p2a: Salamence\n|-resisted|p2a: Salamence\n|-damage|p2a: Salamence|18\/100\n|\n|-weather|Sandstorm|[upkeep]\n|-damage|p2a: Salamence|12\/100|[from] Sandstorm\n|-damage|p1a: Bryan|95\/100|[from] Sandstorm\n|-heal|p1a: Bryan|100\/100|[from] item: Leftovers\n|upkeep\n|turn|30\n|\n|t:|1634937935\n|switch|p1a: Candy Cotton|Aromatisse, F|52\/100 tox\n|move|p2a: Salamence|Hydro Pump|p1a: Candy Cotton\n|-damage|p1a: Candy Cotton|0 fnt\n|faint|p1a: Candy Cotton\n|-ability|p2a: Salamence|Moxie|boost\n|-boost|p2a: Salamence|atk|1\n|\n|-weather|none\n|upkeep\n|l| Ohseb\n|\n|t:|1634937943\n|switch|p1a: Lil Uzie|Tentacruel, F|75\/100\n|turn|31\n|j| Ohseb\n|\n|t:|1634937956\n|switch|p2a: Scizor|Scizor-Mega, F|100\/100\n|move|p1a: Lil Uzie|Sludge Bomb|p2a: Scizor\n|-immune|p2a: Scizor\n|\n|-heal|p1a: Lil Uzie|81\/100|[from] item: Black Sludge\n|upkeep\n|turn|32\n|l| Ohseb\n|\n|t:|1634937994\n|switch|p1a: Sudowoodoo|Coalossal, F|48\/100\n|move|p2a: Scizor|Swords Dance|p2a: Scizor\n|-boost|p2a: Scizor|atk|2\n|\n|upkeep\n|turn|33\n|j| PKS Stylez\n|c| Pks itchyeyes|Show me your coochi\n|\n|t:|1634938013\n|move|p2a: Scizor|Knock Off|p1a: Sudowoodoo\n|-damage|p1a: Sudowoodoo|0 fnt\n|-enditem|p1a: Sudowoodoo|Chople Berry|[from] move: Knock Off|[of] p2a: Scizor\n|faint|p1a: Sudowoodoo\n|\n|upkeep\n|\n|t:|1634938017\n|switch|p1a: Bryan|Infernape, F|100\/100\n|turn|34\n|\n|t:|1634938023\n|move|p2a: Scizor|Bullet Punch|p1a: Bryan\n|-resisted|p1a: Bryan\n|-damage|p1a: Bryan|48\/100\n|move|p1a: Bryan|Flamethrower|p2a: Scizor\n|-supereffective|p2a: Scizor\n|-damage|p2a: Scizor|0 fnt\n|faint|p2a: Scizor\n|\n|-heal|p1a: Bryan|54\/100|[from] item: Leftovers\n|upkeep\n|\n|t:|1634938042\n|switch|p2a: Uxie|Uxie|32\/100 brn\n|turn|35\n|\n|t:|1634938082\n|move|p1a: Bryan|Flamethrower|p2a: Uxie\n|-damage|p2a: Uxie|4\/100 brn\n|move|p2a: Uxie|Psychic|p1a: Bryan\n|-supereffective|p1a: Bryan\n|-damage|p1a: Bryan|0 fnt\n|faint|p1a: Bryan\n|\n|-heal|p2a: Uxie|10\/100 brn|[from] item: Leftovers\n|-damage|p2a: Uxie|4\/100 brn|[from] brn\n|upkeep\n|\n|t:|1634938091\n|switch|p1a: Lil Uzie|Tentacruel, F|81\/100\n|turn|36\n|c| b1itzkrieg|this isn't actually happening\n|\n|t:|1634938097\n|move|p1a: Lil Uzie|Sludge Bomb|p2a: Uxie\n|-damage|p2a: Uxie|0 fnt\n|faint|p2a: Uxie\n|\n|-heal|p1a: Lil Uzie|87\/100|[from] item: Black Sludge\n|upkeep\n|j| Ohseb\n|\n|t:|1634938115\n|switch|p2a: Salamence|Salamence, M|12\/100\n|turn|37\n|\n|t:|1634938119\n|move|p2a: Salamence|Draco Meteor|p1a: Lil Uzie\n|-damage|p1a: Lil Uzie|9\/100\n|-unboost|p2a: Salamence|spa|2\n|move|p1a: Lil Uzie|Sludge Bomb|p2a: Salamence\n|-damage|p2a: Salamence|0 fnt\n|faint|p2a: Salamence\n|\n|-heal|p1a: Lil Uzie|15\/100|[from] item: Black Sludge\n|upkeep\n|c| Pks itchyeyes|What isn\u2019t?\n|\n|t:|1634938124\n|switch|p2a: Rillaboom|Rillaboom, M|100\/100\n|-fieldstart|move: Grassy Terrain|[from] ability: Grassy Surge|[of] p2a: Rillaboom\n|turn|38\n|c|\u2606TheonReekGreyjoy|gg\n|\n|t:|1634938131\n|move|p2a: Rillaboom|Grassy Glide|p1a: Lil Uzie\n|-damage|p1a: Lil Uzie|0 fnt\n|faint|p1a: Lil Uzie\n|\n|win|paultheconvincer\n|c| Pks BloodEagle|That\u2019s ggs\n|c| b1itzkrieg|holy shit gg\n|c| Pks itchyeyes|Gg\n|l| PKS Stylez\n|c|\u2606paultheconvincer|gg man\n|c| Pks itchyeyes|Gg\n|l| Pks itchyeyes\n|l| Ohseb\n|l| Pks BloodEagle\n|l| YesNinja\n|c|\u2606TheonReekGreyjoy|yeah the aero play was so crucially wrong lol\n|j| YesNinja\n|l| YesNinja\n|c| b1itzkrieg|What did you calc there?\n|j| Pks BloodEagle\n","uploadtime":1634938164,"views":101,"p1id":"theonreekgreyjoy","p2id":"paultheconvincer","formatid":"gen8nationaldex","rating":0,"private":0,"password":null}