{"id":"gen8balancedhackmons-1698109171","p1":"Trick-or-Prise","p2":"Unviabriel","format":"gen8balancedhackmons","log":"|j|\u2606Trick-or-Prise\n|j|\u2606Unviabriel\n|t:|1667076892\n|gametype|singles\n|player|p1|Trick-or-Prise|hexmaniac-gen6|\n|player|p2|Unviabriel|shauntal|\n|teamsize|p1|6\n|teamsize|p2|6\n|gen|8\n|tier|[Gen 8] Balanced Hackmons\n|rule|OHKO Clause: OHKO moves are banned\n|rule|Evasion Moves Clause: Evasion moves are banned\n|rule|Forme Clause: Limit one of each forme of a Pok\u00e9mon\n|rule|HP Percentage Mod: HP is shown in percentages\n|rule|Dynamax Clause: You cannot dynamax\n|rule|Sleep Clause: Sleep-inducing moves are banned\n|rule|Endless Battle Clause: Forcing endless battles is banned\n|clearpoke\n|poke|p1|Tapu Fini|\n|poke|p1|Zamazenta-Crowned|\n|poke|p1|Chansey, F|\n|poke|p1|Celesteela|\n|poke|p1|Xerneas-*|\n|poke|p1|Regigigas|\n|poke|p2|Regigigas|\n|poke|p2|Mewtwo|\n|poke|p2|Xerneas-*|\n|poke|p2|Zygarde-Complete|\n|poke|p2|Zamazenta-Crowned|\n|poke|p2|Ho-Oh|\n|teampreview\n|c|\u2606Unviabriel|glhf\n|c|\u2606Trick-or-Prise|hf\n|\n|t:|1667076930\n|start\n|switch|p1a: Xerneas|Xerneas|100\/100\n|switch|p2a: Zygarde|Zygarde-Complete|100\/100\n|turn|1\n|\n|t:|1667076959\n|switch|p2a: Zamazenta|Zamazenta-Crowned|100\/100\n|move|p1a: Xerneas|Volt Switch|p2a: Zamazenta\n|-damage|p2a: Zamazenta|88\/100\n|\n|t:|1667076973\n|switch|p1a: Celesteela|Celesteela|100\/100|[from]move: Volt Switch\n|\n|-heal|p2a: Zamazenta|94\/100|[from] item: Leftovers\n|upkeep\n|turn|2\n|\n|t:|1667076984\n|switch|p2a: Zygarde|Zygarde-Complete|100\/100\n|move|p1a: Celesteela|Will-O-Wisp|p2a: Zygarde\n|-status|p2a: Zygarde|brn\n|\n|-damage|p2a: Zygarde|94\/100 brn|[from] brn\n|upkeep\n|turn|3\n|\n|t:|1667076995\n|switch|p1a: Tapu Fini|Tapu Fini|100\/100\n|move|p2a: Zygarde|Nuzzle|p1a: Tapu Fini\n|-supereffective|p1a: Tapu Fini\n|-damage|p1a: Tapu Fini|96\/100\n|-status|p1a: Tapu Fini|par\n|\n|-heal|p1a: Tapu Fini|100\/100 par|[from] item: Leftovers\n|-damage|p2a: Zygarde|88\/100 brn|[from] brn\n|upkeep\n|turn|4\n|\n|t:|1667077012\n|move|p1a: Tapu Fini|Parting Shot|p2a: Zygarde\n|-unboost|p2a: Zygarde|atk|1\n|-unboost|p2a: Zygarde|spa|1\n|\n|t:|1667077017\n|switch|p1a: Regigigas|Regigigas|100\/100|[from]move: Parting Shot\n|move|p2a: Zygarde|Nuzzle|p1a: Regigigas\n|-damage|p1a: Regigigas|99\/100\n|-status|p1a: Regigigas|par\n|\n|-damage|p2a: Zygarde|82\/100 brn|[from] brn\n|upkeep\n|turn|5\n|\n|t:|1667077025\n|switch|p2a: Zamazenta|Zamazenta-Crowned|94\/100\n|cant|p1a: Regigigas|par\n|\n|-heal|p2a: Zamazenta|100\/100|[from] item: Leftovers\n|upkeep\n|turn|6\n|\n|t:|1667077034\n|move|p2a: Zamazenta|Anchor Shot|p1a: Regigigas\n|-damage|p1a: Regigigas|73\/100 par\n|-activate|p1a: Regigigas|trapped\n|move|p1a: Regigigas|Dragon Dance|p1a: Regigigas\n|-boost|p1a: Regigigas|atk|1\n|-boost|p1a: Regigigas|spe|1\n|\n|upkeep\n|turn|7\n|\n|t:|1667077044\n|move|p2a: Zamazenta|Topsy-Turvy|p1a: Regigigas\n|-invertboost|p1a: Regigigas|[from] move: Topsy-Turvy\n|move|p1a: Regigigas|Psycho Shift|p2a: Zamazenta\n|-status|p2a: Zamazenta|par\n|-curestatus|p1a: Regigigas|par|[msg]\n|\n|-status|p1a: Regigigas|tox|[from] item: Toxic Orb\n|upkeep\n|turn|8\n|\n|t:|1667077051\n|move|p1a: Regigigas|Dragon Dance|p1a: Regigigas\n|-boost|p1a: Regigigas|atk|1\n|-boost|p1a: Regigigas|spe|1\n|move|p2a: Zamazenta|Thunderous Kick|p1a: Regigigas\n|-supereffective|p1a: Regigigas\n|-damage|p1a: Regigigas|13\/100 tox\n|-unboost|p1a: Regigigas|def|1\n|\n|-heal|p1a: Regigigas|26\/100 tox|[from] ability: Poison Heal\n|upkeep\n|turn|9\n|\n|t:|1667077061\n|move|p1a: Regigigas|Precipice Blades|p2a: Zamazenta\n|-supereffective|p2a: Zamazenta\n|-crit|p2a: Zamazenta\n|-damage|p2a: Zamazenta|63\/100 par\n|move|p2a: Zamazenta|Thunderous Kick|p1a: Regigigas\n|-supereffective|p1a: Regigigas\n|-damage|p1a: Regigigas|0 fnt\n|faint|p1a: Regigigas\n|\n|-heal|p2a: Zamazenta|69\/100 par|[from] item: Leftovers\n|upkeep\n|\n|t:|1667077070\n|switch|p1a: Xerneas|Xerneas|100\/100\n|turn|10\n|\n|t:|1667077112\n|switch|p2a: Ho-Oh|Ho-Oh|100\/100\n|move|p1a: Xerneas|Boomburst|p2a: Ho-Oh\n|-resisted|p2a: Ho-Oh\n|-damage|p2a: Ho-Oh|80\/100\n|\n|upkeep\n|turn|11\n|\n|t:|1667077160\n|switch|p2a: Regigigas|Regigigas|100\/100\n|move|p1a: Xerneas|Volt Switch|p2a: Regigigas\n|-damage|p2a: Regigigas|87\/100\n|\n|t:|1667077166\n|switch|p1a: Zamazenta|Zamazenta-Crowned|100\/100|[from]move: Volt Switch\n|-weather|PrimordialSea|[from] ability: Primordial Sea|[of] p1a: Zamazenta\n|\n|-weather|PrimordialSea|[upkeep]\n|-status|p2a: Regigigas|tox|[from] item: Toxic Orb\n|upkeep\n|turn|12\n|\n|t:|1667077185\n|switch|p2a: Zygarde|Zygarde-Complete|100\/100 brn\n|move|p1a: Zamazenta|Spikes|p2a: Zygarde\n|-sidestart|p2: Unviabriel|Spikes\n|\n|-weather|PrimordialSea|[upkeep]\n|-damage|p2a: Zygarde|94\/100 brn|[from] brn\n|upkeep\n|turn|13\n|\n|t:|1667077192\n|move|p1a: Zamazenta|Glacial Lance|p2a: Zygarde\n|-supereffective|p2a: Zygarde\n|-damage|p2a: Zygarde|15\/100 brn\n|move|p2a: Zygarde|Nuzzle|p1a: Zamazenta\n|-damage|p1a: Zamazenta|99\/100\n|-status|p1a: Zamazenta|par\n|\n|-weather|PrimordialSea|[upkeep]\n|-heal|p1a: Zamazenta|100\/100 par|[from] item: Leftovers\n|-damage|p2a: Zygarde|9\/100 brn|[from] brn\n|upkeep\n|turn|14\n|\n|t:|1667077211\n|switch|p2a: Xerneas|Xerneas|100\/100\n|-damage|p2a: Xerneas|88\/100|[from] Spikes\n|move|p1a: Zamazenta|Spikes|p2a: Xerneas\n|-sidestart|p2: Unviabriel|Spikes\n|\n|-weather|PrimordialSea|[upkeep]\n|-status|p2a: Xerneas|tox|[from] item: Toxic Orb\n|upkeep\n|turn|15\n|\n|t:|1667077219\n|-weather|none\n|switch|p1a: Celesteela|Celesteela|100\/100\n|move|p2a: Xerneas|Rapid Spin|p1a: Celesteela\n|-resisted|p1a: Celesteela\n|-damage|p1a: Celesteela|96\/100\n|-boost|p2a: Xerneas|spe|1\n|-sideend|p2: Unviabriel|Spikes|[from] move: Rapid Spin|[of] p2a: Xerneas\n|\n|-heal|p2a: Xerneas|100\/100 tox|[from] ability: Poison Heal\n|upkeep\n|turn|16\n|\n|t:|1667077230\n|switch|p2a: Zygarde|Zygarde-Complete|42\/100 brn\n|move|p1a: Celesteela|Nasty Plot|p1a: Celesteela\n|-boost|p1a: Celesteela|spa|2\n|\n|-damage|p2a: Zygarde|36\/100 brn|[from] brn\n|upkeep\n|turn|17\n|\n|t:|1667077245\n|move|p1a: Celesteela|Oblivion Wing|p2a: Zygarde\n|-damage|p2a: Zygarde|15\/100 brn\n|-heal|p1a: Celesteela|100\/100|[from] drain|[of] p2a: Zygarde\n|move|p2a: Zygarde|Core Enforcer|p1a: Celesteela\n|-resisted|p1a: Celesteela\n|-damage|p1a: Celesteela|87\/100\n|-endability|p1a: Celesteela\n|\n|-damage|p2a: Zygarde|9\/100 brn|[from] brn\n|upkeep\n|turn|18\n|\n|t:|1667077254\n|switch|p2a: Ho-Oh|Ho-Oh|80\/100\n|move|p1a: Celesteela|Techno Blast|p2a: Ho-Oh\n|-supereffective|p2a: Ho-Oh\n|-damage|p2a: Ho-Oh|11\/100\n|\n|upkeep\n|turn|19\n|\n|t:|1667077335\n|move|p2a: Ho-Oh|Haze|p2a: Ho-Oh\n|-clearallboost\n|move|p1a: Celesteela|Oblivion Wing|p2a: Ho-Oh\n|-damage|p2a: Ho-Oh|0 fnt\n|-heal|p1a: Celesteela|95\/100|[from] drain|[of] p2a: Ho-Oh\n|faint|p2a: Ho-Oh\n|\n|upkeep\n|inactive|Battle timer is ON: inactive players will automatically lose when time's up. (requested by Trick-or-Prise)\n|\n|t:|1667077435\n|switch|p2a: Mewtwo|Mewtwo|100\/100\n|-fieldstart|move: Psychic Terrain|[from] ability: Psychic Surge|[of] p2a: Mewtwo\n|turn|20\n|\n|t:|1667077443\n|switch|p1a: Chansey|Chansey, F|100\/100\n|-transform|p1a: Chansey|p2a: Mewtwo|[from] ability: Imposter\n|move|p2a: Mewtwo|Trick|p1a: Chansey\n|-activate|p2a: Mewtwo|move: Trick|[of] p1a: Chansey\n|-item|p1a: Chansey|Choice Specs|[from] move: Trick\n|-item|p2a: Mewtwo|Eviolite|[from] move: Trick\n|\n|upkeep\n|turn|21\n|j| Rise of logic\n|inactive|Unviabriel has 270 seconds left.\n|l| Rise of logic\n|\n|t:|1667077493\n|move|p1a: Chansey|Expanding Force|p2a: Mewtwo\n|-resisted|p2a: Mewtwo\n|-damage|p2a: Mewtwo|52\/100\n|move|p2a: Mewtwo|Trick|p1a: Chansey\n|-activate|p2a: Mewtwo|move: Trick|[of] p1a: Chansey\n|-item|p1a: Chansey|Eviolite|[from] move: Trick\n|-item|p2a: Mewtwo|Choice Specs|[from] move: Trick\n|\n|upkeep\n|turn|22\n|\n|t:|1667077514\n|move|p2a: Mewtwo|Volt Switch|p1a: Chansey\n|-damage|p1a: Chansey|88\/100\n|inactive|Unviabriel has 240 seconds left.\n|inactive|Unviabriel has 210 seconds left.\n|inactive|Unviabriel has 180 seconds left.\n|\n|t:|1667077590\n|switch|p2a: Zamazenta|Zamazenta-Crowned|69\/100 par|[from]move: Volt Switch\n|move|p1a: Chansey|Expanding Force|p2a: Zamazenta\n|-damage|p2a: Zamazenta|15\/100 par\n|\n|-heal|p2a: Zamazenta|22\/100 par|[from] item: Leftovers\n|upkeep\n|turn|23\n|inactive|Unviabriel has 180 seconds left.\n|\n|t:|1667077604\n|move|p1a: Chansey|Expanding Force|p2a: Zamazenta\n|-damage|p2a: Zamazenta|0 fnt\n|faint|p2a: Zamazenta\n|\n|upkeep\n|\n|t:|1667077613\n|switch|p2a: Zygarde|Zygarde-Complete|42\/100 brn\n|turn|24\n|\n|t:|1667077616\n|move|p1a: Chansey|Expanding Force|p2a: Zygarde\n|-damage|p2a: Zygarde|15\/100 brn\n|move|p2a: Zygarde|U-turn|p1a: Chansey\n|-supereffective|p1a: Chansey\n|-crit|p1a: Chansey\n|-damage|p1a: Chansey|78\/100\n|inactive|Unviabriel has 180 seconds left.\n|\n|t:|1667077654\n|switch|p2a: Xerneas|Xerneas|100\/100 tox|[from]move: U-turn\n|\n|-fieldend|move: Psychic Terrain\n|upkeep\n|turn|25\n|inactive|Unviabriel has 150 seconds left.\n|\n|t:|1667077671\n|move|p1a: Chansey|Volt Switch|p2a: Xerneas\n|-damage|p2a: Xerneas|82\/100 tox\n|\n|t:|1667077679\n|switch|p1a: Tapu Fini|Tapu Fini|100\/100 par|[from]move: Volt Switch\n|move|p2a: Xerneas|Moonblast|p1a: Tapu Fini\n|-damage|p1a: Tapu Fini|66\/100 par\n|\n|-heal|p1a: Tapu Fini|72\/100 par|[from] item: Leftovers\n|-heal|p2a: Xerneas|95\/100 tox|[from] ability: Poison Heal\n|upkeep\n|turn|26\n|inactive|Unviabriel has 150 seconds left.\n|\n|t:|1667077701\n|cant|p1a: Tapu Fini|par\n|move|p2a: Xerneas|Quiver Dance|p2a: Xerneas\n|-boost|p2a: Xerneas|spa|1\n|-boost|p2a: Xerneas|spd|1\n|-boost|p2a: Xerneas|spe|1\n|\n|-heal|p1a: Tapu Fini|78\/100 par|[from] item: Leftovers\n|-heal|p2a: Xerneas|100\/100 tox|[from] ability: Poison Heal\n|upkeep\n|turn|27\n|\n|t:|1667077706\n|move|p1a: Tapu Fini|Haze|p1a: Tapu Fini\n|-clearallboost\n|move|p2a: Xerneas|Moonblast|p1a: Tapu Fini\n|-damage|p1a: Tapu Fini|47\/100 par\n|\n|-heal|p1a: Tapu Fini|53\/100 par|[from] item: Leftovers\n|upkeep\n|turn|28\n|\n|t:|1667077718\n|switch|p2a: Regigigas|Regigigas|87\/100 tox\n|move|p1a: Tapu Fini|Shore Up|p1a: Tapu Fini\n|-heal|p1a: Tapu Fini|100\/100 par\n|\n|-heal|p2a: Regigigas|99\/100 tox|[from] ability: Poison Heal\n|upkeep\n|turn|29\n|inactive|Unviabriel has 150 seconds left.\n|\n|t:|1667077734\n|move|p1a: Tapu Fini|Entrainment|p2a: Regigigas\n|-endability|p2a: Regigigas|Poison Heal|[from] move: Entrainment\n|-ability|p2a: Regigigas|Prankster|[from] move: Entrainment\n|move|p2a: Regigigas|Spikes|p1a: Tapu Fini\n|-sidestart|p1: Trick-or-Prise|Spikes\n|\n|-damage|p2a: Regigigas|87\/100 tox|[from] psn\n|upkeep\n|turn|30\n|\n|t:|1667077741\n|switch|p1a: Xerneas|Xerneas|100\/100\n|move|p2a: Regigigas|Flip Turn|p1a: Xerneas\n|-damage|p1a: Xerneas|84\/100\n|inactive|Unviabriel has 150 seconds left.\n|\n|t:|1667077761\n|switch|p2a: Mewtwo|Mewtwo|52\/100|[from]move: Flip Turn\n|-fieldstart|move: Psychic Terrain|[from] ability: Psychic Surge|[of] p2a: Mewtwo\n|\n|upkeep\n|turn|31\n|inactive|Trick-or-Prise has 270 seconds left.\n|\n|t:|1667077808\n|switch|p1a: Zamazenta|Zamazenta-Crowned|100\/100 par\n|-damage|p1a: Zamazenta|88\/100 par|[from] Spikes\n|-weather|PrimordialSea|[from] ability: Primordial Sea|[of] p1a: Zamazenta\n|move|p2a: Mewtwo|Expanding Force|p1a: Zamazenta\n|-damage|p1a: Zamazenta|7\/100 par\n|\n|-weather|PrimordialSea|[upkeep]\n|-heal|p1a: Zamazenta|13\/100 par|[from] item: Leftovers\n|upkeep\n|turn|32\n|inactive|Unviabriel has 120 seconds left.\n|\n|t:|1667077827\n|move|p2a: Mewtwo|Expanding Force|p1a: Zamazenta\n|-damage|p1a: Zamazenta|0 fnt\n|faint|p1a: Zamazenta\n|-weather|none\n|\n|upkeep\n|\n|t:|1667077831\n|switch|p1a: Chansey|Chansey, F|78\/100\n|-damage|p1a: Chansey|66\/100|[from] Spikes\n|-transform|p1a: Chansey|p2a: Mewtwo|[from] ability: Imposter\n|turn|33\n|inactive|Unviabriel has 120 seconds left.\n|inactive|Unviabriel has 90 seconds left.\n|\n|t:|1667077882\n|move|p1a: Chansey|Expanding Force|p2a: Mewtwo\n|-resisted|p2a: Mewtwo\n|-damage|p2a: Mewtwo|15\/100\n|move|p2a: Mewtwo|Expanding Force|p1a: Chansey\n|-resisted|p1a: Chansey\n|-damage|p1a: Chansey|44\/100\n|\n|upkeep\n|turn|34\n|inactive|Unviabriel has 90 seconds left.\n|\n|t:|1667077903\n|switch|p1a: Xerneas|Xerneas|84\/100\n|switch|p2a: Xerneas|Xerneas|100\/100 tox\n|\n|-fieldend|move: Psychic Terrain\n|upkeep\n|turn|35\n|inactive|Unviabriel has 60 seconds left.\n|\n|t:|1667077951\n|switch|p2a: Regigigas|Regigigas|87\/100 tox\n|move|p1a: Xerneas|Rapid Spin|p2a: Regigigas\n|-damage|p2a: Regigigas|69\/100 tox\n|-boost|p1a: Xerneas|spe|1\n|-sideend|p1: Trick-or-Prise|Spikes|[from] move: Rapid Spin|[of] p1a: Xerneas\n|\n|-heal|p2a: Regigigas|81\/100 tox|[from] ability: Poison Heal\n|upkeep\n|turn|36\n|\n|t:|1667077957\n|move|p1a: Xerneas|Boomburst|p2a: Regigigas\n|-damage|p2a: Regigigas|29\/100 tox\n|move|p2a: Regigigas|Nuzzle|p1a: Xerneas\n|-damage|p1a: Xerneas|79\/100\n|-status|p1a: Xerneas|par\n|\n|-heal|p2a: Regigigas|41\/100 tox|[from] ability: Poison Heal\n|upkeep\n|turn|37\n|\n|t:|1667077969\n|move|p2a: Regigigas|Flip Turn|p1a: Xerneas\n|-damage|p1a: Xerneas|61\/100 par\n|\n|t:|1667077975\n|switch|p2a: Xerneas|Xerneas|100\/100 tox|[from]move: Flip Turn\n|move|p1a: Xerneas|Boomburst|p2a: Xerneas\n|-damage|p2a: Xerneas|52\/100 tox\n|\n|-heal|p2a: Xerneas|65\/100 tox|[from] ability: Poison Heal\n|upkeep\n|turn|38\n|\n|t:|1667077991\n|move|p2a: Xerneas|Moonblast|p1a: Xerneas\n|-damage|p1a: Xerneas|29\/100 par\n|-unboost|p1a: Xerneas|spa|1\n|move|p1a: Xerneas|Boomburst|p2a: Xerneas\n|-damage|p2a: Xerneas|31\/100 tox\n|\n|-heal|p2a: Xerneas|43\/100 tox|[from] ability: Poison Heal\n|upkeep\n|turn|39\n|\n|t:|1667078009\n|move|p2a: Xerneas|Moonblast|p1a: Xerneas\n|-damage|p1a: Xerneas|0 fnt\n|faint|p1a: Xerneas\n|\n|-heal|p2a: Xerneas|56\/100 tox|[from] ability: Poison Heal\n|upkeep\n|\n|t:|1667078013\n|switch|p1a: Chansey|Chansey, F|44\/100\n|-transform|p1a: Chansey|p2a: Xerneas|[from] ability: Imposter\n|turn|40\n|\n|t:|1667078025\n|move|p2a: Xerneas|Strength Sap|p1a: Chansey\n|-unboost|p1a: Chansey|atk|1\n|-heal|p2a: Xerneas|100\/100 tox\n|move|p1a: Chansey|Strength Sap|p2a: Xerneas\n|-unboost|p2a: Xerneas|atk|1\n|-heal|p1a: Chansey|82\/100\n|\n|upkeep\n|turn|41\n|\n|t:|1667078030\n|switch|p1a: Tapu Fini|Tapu Fini|100\/100 par\n|move|p2a: Xerneas|Moonblast|p1a: Tapu Fini\n|-damage|p1a: Tapu Fini|69\/100 par\n|\n|-heal|p1a: Tapu Fini|75\/100 par|[from] item: Leftovers\n|upkeep\n|turn|42\n|\n|t:|1667078047\n|switch|p2a: Regigigas|Regigigas|41\/100 tox\n|move|p1a: Tapu Fini|Entrainment|p2a: Regigigas\n|-endability|p2a: Regigigas|Poison Heal|[from] move: Entrainment\n|-ability|p2a: Regigigas|Prankster|[from] move: Entrainment\n|\n|-heal|p1a: Tapu Fini|81\/100 par|[from] item: Leftovers\n|-damage|p2a: Regigigas|35\/100 tox|[from] psn\n|upkeep\n|turn|43\n|\n|t:|1667078056\n|move|p1a: Tapu Fini|Shore Up|p1a: Tapu Fini\n|-heal|p1a: Tapu Fini|100\/100 par\n|move|p2a: Regigigas|Flip Turn|p1a: Tapu Fini\n|-resisted|p1a: Tapu Fini\n|-damage|p1a: Tapu Fini|92\/100 par\n|\n|t:|1667078066\n|switch|p2a: Zygarde|Zygarde-Complete|48\/100 brn|[from]move: Flip Turn\n|\n|-heal|p1a: Tapu Fini|98\/100 par|[from] item: Leftovers\n|-damage|p2a: Zygarde|42\/100 brn|[from] brn\n|upkeep\n|turn|44\n|\n|t:|1667078082\n|switch|p2a: Mewtwo|Mewtwo|15\/100\n|-fieldstart|move: Psychic Terrain|[from] ability: Psychic Surge|[of] p2a: Mewtwo\n|move|p1a: Tapu Fini|Entrainment|p2a: Mewtwo\n|-activate|p2a: Mewtwo|move: Psychic Terrain\n|\n|-heal|p1a: Tapu Fini|100\/100 par|[from] item: Leftovers\n|upkeep\n|turn|45\n|\n|t:|1667078091\n|switch|p1a: Chansey|Chansey, F|82\/100\n|-transform|p1a: Chansey|p2a: Mewtwo|[from] ability: Imposter\n|move|p2a: Mewtwo|Volt Switch|p1a: Chansey\n|-damage|p1a: Chansey|70\/100\n|\n|t:|1667078109\n|switch|p2a: Zygarde|Zygarde-Complete|75\/100 brn|[from]move: Volt Switch\n|\n|-damage|p2a: Zygarde|69\/100 brn|[from] brn\n|upkeep\n|turn|46\n|\n|t:|1667078116\n|move|p1a: Chansey|Photon Geyser|p2a: Zygarde\n|-damage|p2a: Zygarde|47\/100 brn\n|move|p2a: Zygarde|U-turn|p1a: Chansey\n|-supereffective|p1a: Chansey\n|-damage|p1a: Chansey|64\/100\n|\n|t:|1667078135\n|switch|p2a: Regigigas|Regigigas|35\/100 tox|[from]move: U-turn\n|\n|-heal|p2a: Regigigas|47\/100 tox|[from] ability: Poison Heal\n|upkeep\n|turn|47\n|\n|t:|1667078138\n|switch|p2a: Zygarde|Zygarde-Complete|81\/100 brn\n|move|p1a: Chansey|Expanding Force|p2a: Zygarde\n|-damage|p2a: Zygarde|54\/100 brn\n|\n|-damage|p2a: Zygarde|48\/100 brn|[from] brn\n|upkeep\n|turn|48\n|\n|t:|1667078144\n|switch|p1a: Tapu Fini|Tapu Fini|100\/100 par\n|move|p2a: Zygarde|U-turn|p1a: Tapu Fini\n|-resisted|p1a: Tapu Fini\n|-crit|p1a: Tapu Fini\n|-damage|p1a: Tapu Fini|95\/100 par\n|\n|t:|1667078166\n|switch|p2a: Regigigas|Regigigas|47\/100 tox|[from]move: U-turn\n|\n|-heal|p1a: Tapu Fini|100\/100 par|[from] item: Leftovers\n|-heal|p2a: Regigigas|60\/100 tox|[from] ability: Poison Heal\n|-fieldend|move: Psychic Terrain\n|upkeep\n|turn|49\n|\n|t:|1667078178\n|cant|p1a: Tapu Fini|par\n|move|p2a: Regigigas|Spikes|p1a: Tapu Fini\n|-sidestart|p1: Trick-or-Prise|Spikes\n|\n|-heal|p2a: Regigigas|72\/100 tox|[from] ability: Poison Heal\n|upkeep\n|turn|50\n|\n|t:|1667078188\n|move|p1a: Tapu Fini|Entrainment|p2a: Regigigas\n|-endability|p2a: Regigigas|Poison Heal|[from] move: Entrainment\n|-ability|p2a: Regigigas|Prankster|[from] move: Entrainment\n|move|p2a: Regigigas|Spikes|p1a: Tapu Fini\n|-sidestart|p1: Trick-or-Prise|Spikes\n|\n|-damage|p2a: Regigigas|54\/100 tox|[from] psn\n|upkeep\n|turn|51\n|\n|t:|1667078198\n|move|p1a: Tapu Fini|Haze|p1a: Tapu Fini\n|-clearallboost\n|move|p2a: Regigigas|Flip Turn|p1a: Tapu Fini\n|-resisted|p1a: Tapu Fini\n|-damage|p1a: Tapu Fini|92\/100 par\n|\n|t:|1667078216\n|switch|p2a: Mewtwo|Mewtwo|15\/100|[from]move: Flip Turn\n|-fieldstart|move: Psychic Terrain|[from] ability: Psychic Surge|[of] p2a: Mewtwo\n|\n|-heal|p1a: Tapu Fini|98\/100 par|[from] item: Leftovers\n|upkeep\n|turn|52\n|\n|t:|1667078220\n|move|p1a: Tapu Fini|Parting Shot|p2a: Mewtwo\n|-activate|p2a: Mewtwo|move: Psychic Terrain\n|move|p2a: Mewtwo|Volt Switch|p1a: Tapu Fini\n|-supereffective|p1a: Tapu Fini\n|-damage|p1a: Tapu Fini|39\/100 par\n|\n|t:|1667078230\n|switch|p2a: Regigigas|Regigigas|54\/100 tox|[from]move: Volt Switch\n|\n|-heal|p1a: Tapu Fini|46\/100 par|[from] item: Leftovers\n|-heal|p2a: Regigigas|67\/100 tox|[from] ability: Poison Heal\n|upkeep\n|turn|53\n|\n|t:|1667078235\n|move|p1a: Tapu Fini|Shore Up|p1a: Tapu Fini\n|-heal|p1a: Tapu Fini|96\/100 par\n|move|p2a: Regigigas|Flip Turn|p1a: Tapu Fini\n|-resisted|p1a: Tapu Fini\n|-damage|p1a: Tapu Fini|86\/100 par\n|inactive|Unviabriel has 60 seconds left.\n|\n|t:|1667078246\n|switch|p2a: Mewtwo|Mewtwo|15\/100|[from]move: Flip Turn\n|\n|-heal|p1a: Tapu Fini|92\/100 par|[from] item: Leftovers\n|upkeep\n|turn|54\n|inactive|Unviabriel has 60 seconds left.\n|\n|t:|1667078252\n|move|p1a: Tapu Fini|Shore Up|p1a: Tapu Fini\n|-heal|p1a: Tapu Fini|100\/100 par\n|move|p2a: Mewtwo|Volt Switch|p1a: Tapu Fini\n|-supereffective|p1a: Tapu Fini\n|-damage|p1a: Tapu Fini|41\/100 par\n|inactive|Unviabriel has 60 seconds left.\n|\n|t:|1667078262\n|switch|p2a: Regigigas|Regigigas|67\/100 tox|[from]move: Volt Switch\n|\n|-heal|p1a: Tapu Fini|47\/100 par|[from] item: Leftovers\n|-heal|p2a: Regigigas|79\/100 tox|[from] ability: Poison Heal\n|upkeep\n|turn|55\n|\n|t:|1667078265\n|move|p1a: Tapu Fini|Shore Up|p1a: Tapu Fini\n|-heal|p1a: Tapu Fini|97\/100 par\n|move|p2a: Regigigas|Spikes|p1a: Tapu Fini\n|-sidestart|p1: Trick-or-Prise|Spikes\n|\n|-heal|p1a: Tapu Fini|100\/100 par|[from] item: Leftovers\n|-heal|p2a: Regigigas|92\/100 tox|[from] ability: Poison Heal\n|-fieldend|move: Psychic Terrain\n|upkeep\n|turn|56\n|\n|t:|1667078271\n|switch|p1a: Celesteela|Celesteela|95\/100\n|move|p2a: Regigigas|Flip Turn|p1a: Celesteela\n|-damage|p1a: Celesteela|78\/100\n|\n|t:|1667078285\n|switch|p2a: Mewtwo|Mewtwo|15\/100|[from]move: Flip Turn\n|-fieldstart|move: Psychic Terrain|[from] ability: Psychic Surge|[of] p2a: Mewtwo\n|\n|upkeep\n|turn|57\n|\n|t:|1667078295\n|move|p2a: Mewtwo|Volt Switch|p1a: Celesteela\n|-supereffective|p1a: Celesteela\n|-damage|p1a: Celesteela|22\/100\n|\n|t:|1667078302\n|switch|p2a: Zygarde|Zygarde-Complete|82\/100 brn|[from]move: Volt Switch\n|move|p1a: Celesteela|Techno Blast|p2a: Zygarde\n|-immune|p2a: Zygarde\n|\n|-damage|p2a: Zygarde|75\/100 brn|[from] brn\n|upkeep\n|turn|58\n|\n|t:|1667078307\n|move|p1a: Celesteela|Nasty Plot|p1a: Celesteela\n|-boost|p1a: Celesteela|spa|2\n|move|p2a: Zygarde|U-turn|p1a: Celesteela\n|-resisted|p1a: Celesteela\n|-damage|p1a: Celesteela|20\/100\n|inactive|Unviabriel has 90 seconds left.\n|\n|t:|1667078313\n|switch|p2a: Mewtwo|Mewtwo|15\/100|[from]move: U-turn\n|\n|upkeep\n|turn|59\n|c|\u2606Trick-or-Prise|gg\n|-message|Trick-or-Prise forfeited.\n|\n|win|Unviabriel\n|c|\u2606Unviabriel|gg\n|l|\u2606Unviabriel\n|j| Osake\n|l| Osake\n|j| Chose Truc\n|j| Le Dieun \u2764 notor\n|l| Le Dieun \u2764 notor\n|j| Bhalal\n|j| xKSr\n|l| Bhalal\n|l| xKSr\n|j| Acura RL\n|l| Acura RL\n","uploadtime":1667078324,"views":23,"p1id":"trickorprise","p2id":"unviabriel","formatid":"gen8balancedhackmons","rating":0,"private":0,"password":null}