{"id":"gen8ou-1365157021","p1":"hauntersnightmare","p2":"darkerzzzz","format":"gen8ou","log":"|j|\u2606hauntersnightmare\n|j|\u2606darkerzzzz\n|t:|1624638884\n|gametype|singles\n|player|p1|hauntersnightmare|2|1624\n|player|p2|darkerzzzz|blue|1655\n|teamsize|p1|6\n|teamsize|p2|6\n|gen|8\n|tier|[Gen 8] OU\n|rated|\n|rule|Sleep Clause Mod: Limit one foe put to sleep\n|rule|Species Clause: Limit one of each Pok\u00e9mon\n|rule|OHKO Clause: OHKO moves are banned\n|rule|Evasion Moves Clause: Evasion moves are banned\n|rule|Endless Battle Clause: Forcing endless battles is banned\n|rule|HP Percentage Mod: HP is shown in percentages\n|rule|Dynamax Clause: You cannot dynamax\n|clearpoke\n|poke|p1|Heatran, M|\n|poke|p1|Kartana|\n|poke|p1|Slowking-Galar, M|\n|poke|p1|Dragapult, F|\n|poke|p1|Toxapex, M|\n|poke|p1|Corviknight, M|\n|poke|p2|Garchomp, M|\n|poke|p2|Victini|\n|poke|p2|Skarmory, M|\n|poke|p2|Blissey, F|\n|poke|p2|Zeraora|\n|poke|p2|Slowbro, M|\n|teampreview\n|\n|t:|1624638906\n|start\n|switch|p1a: Kartana|Kartana|100\/100\n|switch|p2a: Blissey|Blissey, F|100\/100\n|turn|1\n|\n|t:|1624638912\n|switch|p1a: Heatran|Heatran, M|100\/100\n|switch|p2a: Skarmory|Skarmory, M|100\/100\n|\n|upkeep\n|turn|2\n|\n|t:|1624638920\n|switch|p2a: Garchomp|Garchomp, M|100\/100\n|move|p1a: Heatran|Stealth Rock|p2a: Garchomp\n|-sidestart|p2: darkerzzzz|move: Stealth Rock\n|\n|upkeep\n|turn|3\n|\n|t:|1624638929\n|switch|p1a: Corviknight|Corviknight, M|100\/100\n|-ability|p1a: Corviknight|Pressure\n|move|p2a: Garchomp|Stealth Rock|p1a: Corviknight\n|-sidestart|p1: hauntersnightmare|move: Stealth Rock\n|\n|upkeep\n|turn|4\n|inactive|Battle timer is ON: inactive players will automatically lose when time's up. (requested by darkerzzzz)\n|inactive|hauntersnightmare has 120 seconds left.\n|\n|t:|1624638994\n|switch|p2a: Victini|Victini|100\/100\n|move|p1a: Corviknight|Defog|p2a: Victini\n|-unboost|p2a: Victini|evasion|1\n|-sideend|p2: darkerzzzz|Stealth Rock|[from] move: Defog|[of] p1a: Corviknight\n|-sideend|p1: hauntersnightmare|Stealth Rock|[from] move: Defog|[of] p1a: Corviknight\n|\n|upkeep\n|turn|5\n|\n|t:|1624639022\n|switch|p1a: Toxapex|Toxapex, M|100\/100\n|move|p2a: Victini|U-turn|p1a: Toxapex\n|-resisted|p1a: Toxapex\n|-damage|p1a: Toxapex|95\/100\n|\n|t:|1624639050\n|switch|p2a: Zeraora|Zeraora|100\/100|[from]move: U-turn\n|\n|-heal|p1a: Toxapex|100\/100|[from] item: Black Sludge\n|upkeep\n|turn|6\n|\n|t:|1624639061\n|move|p2a: Zeraora|Volt Switch|p1a: Toxapex\n|-supereffective|p1a: Toxapex\n|-damage|p1a: Toxapex|62\/100\n|\n|t:|1624639069\n|switch|p2a: Garchomp|Garchomp, M|100\/100|[from]move: Volt Switch\n|move|p1a: Toxapex|Toxic Spikes|p2a: Garchomp\n|-sidestart|p2: darkerzzzz|move: Toxic Spikes\n|\n|-heal|p1a: Toxapex|69\/100|[from] item: Black Sludge\n|upkeep\n|turn|7\n|\n|t:|1624639076\n|switch|p1a: Corviknight|Corviknight, M|100\/100\n|-ability|p1a: Corviknight|Pressure\n|move|p2a: Garchomp|Stealth Rock|p1a: Corviknight\n|-sidestart|p1: hauntersnightmare|move: Stealth Rock\n|\n|upkeep\n|turn|8\n|\n|t:|1624639083\n|move|p2a: Garchomp|Fire Blast|p1a: Corviknight|[miss]\n|-miss|p2a: Garchomp|p1a: Corviknight\n|move|p1a: Corviknight|U-turn|p2a: Garchomp\n|-damage|p2a: Garchomp|91\/100\n|-damage|p1a: Corviknight|88\/100|[from] ability: Rough Skin|[of] p2a: Garchomp\n|\n|t:|1624639088\n|switch|p1a: Dragapult|Dragapult, F|100\/100|[from]move: U-turn\n|-damage|p1a: Dragapult|88\/100|[from] Stealth Rock\n|\n|-heal|p2a: Garchomp|97\/100|[from] item: Leftovers\n|upkeep\n|turn|9\n|\n|t:|1624639095\n|switch|p2a: Blissey|Blissey, F|100\/100\n|move|p1a: Dragapult|U-turn|p2a: Blissey\n|-damage|p2a: Blissey|86\/100\n|\n|t:|1624639103\n|switch|p1a: Heatran|Heatran, M|100\/100|[from]move: U-turn\n|-damage|p1a: Heatran|88\/100|[from] Stealth Rock\n|\n|-heal|p1a: Heatran|94\/100|[from] item: Leftovers\n|upkeep\n|turn|10\n|\n|t:|1624639118\n|switch|p2a: Garchomp|Garchomp, M|97\/100\n|-status|p2a: Garchomp|psn\n|move|p1a: Heatran|Magma Storm|p2a: Garchomp\n|-resisted|p2a: Garchomp\n|-damage|p2a: Garchomp|79\/100 psn\n|-activate|p2a: Garchomp|move: Magma Storm|[of] p1a: Heatran\n|\n|-heal|p1a: Heatran|100\/100|[from] item: Leftovers\n|-heal|p2a: Garchomp|85\/100 psn|[from] item: Leftovers\n|-damage|p2a: Garchomp|72\/100 psn|[from] psn\n|-damage|p2a: Garchomp|60\/100 psn|[from] move: Magma Storm|[partiallytrapped]\n|upkeep\n|turn|11\n|\n|t:|1624639127\n|move|p1a: Heatran|Earth Power|p2a: Garchomp\n|-damage|p2a: Garchomp|38\/100 psn\n|move|p2a: Garchomp|Fire Blast|p1a: Heatran\n|-start|p1a: Heatran|ability: Flash Fire\n|\n|-heal|p2a: Garchomp|44\/100 psn|[from] item: Leftovers\n|-damage|p2a: Garchomp|32\/100 psn|[from] psn\n|-damage|p2a: Garchomp|20\/100 psn|[from] move: Magma Storm|[partiallytrapped]\n|upkeep\n|turn|12\n|\n|t:|1624639138\n|move|p1a: Heatran|Earth Power|p2a: Garchomp\n|-damage|p2a: Garchomp|0 fnt\n|faint|p2a: Garchomp\n|\n|upkeep\n|\n|t:|1624639147\n|switch|p2a: Zeraora|Zeraora|100\/100\n|turn|13\n|\n|t:|1624639157\n|-end|p1a: Heatran|ability: Flash Fire|[silent]\n|switch|p1a: Toxapex|Toxapex, M|100\/100\n|-damage|p1a: Toxapex|88\/100|[from] Stealth Rock\n|move|p2a: Zeraora|Close Combat|p1a: Toxapex\n|-resisted|p1a: Toxapex\n|-crit|p1a: Toxapex\n|-damage|p1a: Toxapex|72\/100\n|-unboost|p2a: Zeraora|def|1\n|-unboost|p2a: Zeraora|spd|1\n|\n|-heal|p1a: Toxapex|78\/100|[from] item: Black Sludge\n|upkeep\n|turn|14\n|\n|t:|1624639167\n|move|p2a: Zeraora|Plasma Fists|p1a: Toxapex\n|-supereffective|p1a: Toxapex\n|-damage|p1a: Toxapex|23\/100\n|move|p1a: Toxapex|Recover|p1a: Toxapex\n|-heal|p1a: Toxapex|73\/100\n|\n|-heal|p1a: Toxapex|79\/100|[from] item: Black Sludge\n|upkeep\n|turn|15\n|\n|t:|1624639176\n|move|p2a: Zeraora|Plasma Fists|p1a: Toxapex\n|-supereffective|p1a: Toxapex\n|-damage|p1a: Toxapex|24\/100\n|move|p1a: Toxapex|Recover|p1a: Toxapex\n|-heal|p1a: Toxapex|74\/100\n|\n|-heal|p1a: Toxapex|80\/100|[from] item: Black Sludge\n|upkeep\n|turn|16\n|\n|t:|1624639183\n|move|p2a: Zeraora|Plasma Fists|p1a: Toxapex\n|-supereffective|p1a: Toxapex\n|-damage|p1a: Toxapex|25\/100\n|move|p1a: Toxapex|Recover|p1a: Toxapex\n|-heal|p1a: Toxapex|75\/100\n|\n|-heal|p1a: Toxapex|81\/100|[from] item: Black Sludge\n|upkeep\n|turn|17\n|\n|t:|1624639191\n|switch|p1a: Kartana|Kartana|100\/100\n|-damage|p1a: Kartana|94\/100|[from] Stealth Rock\n|move|p2a: Zeraora|Knock Off|p1a: Kartana\n|-damage|p1a: Kartana|60\/100\n|-enditem|p1a: Kartana|Choice Scarf|[from] move: Knock Off|[of] p2a: Zeraora\n|\n|upkeep\n|turn|18\n|\n|t:|1624639210\n|switch|p1a: Slowking|Slowking-Galar, M|100\/100\n|-damage|p1a: Slowking|88\/100|[from] Stealth Rock\n|move|p2a: Zeraora|Volt Switch|p1a: Slowking\n|-damage|p1a: Slowking|78\/100\n|\n|t:|1624639219\n|switch|p2a: Victini|Victini|100\/100|[from]move: Volt Switch\n|\n|upkeep\n|turn|19\n|\n|t:|1624639231\n|switch|p1a: Kartana|Kartana|60\/100\n|-damage|p1a: Kartana|54\/100|[from] Stealth Rock\n|move|p2a: Victini|U-turn|p1a: Kartana\n|-damage|p1a: Kartana|33\/100\n|\n|t:|1624639238\n|switch|p2a: Zeraora|Zeraora|100\/100|[from]move: U-turn\n|\n|upkeep\n|turn|20\n|\n|t:|1624639246\n|move|p2a: Zeraora|Volt Switch|p1a: Kartana\n|-resisted|p1a: Kartana\n|-damage|p1a: Kartana|1\/100\n|\n|t:|1624639251\n|switch|p2a: Skarmory|Skarmory, M|100\/100|[from]move: Volt Switch\n|move|p1a: Kartana|Knock Off|p2a: Skarmory\n|-damage|p2a: Skarmory|73\/100\n|-damage|p1a: Kartana|0 fnt|[from] item: Rocky Helmet|[of] p2a: Skarmory\n|faint|p1a: Kartana\n|\n|upkeep\n|\n|t:|1624639256\n|switch|p1a: Heatran|Heatran, M|100\/100\n|-damage|p1a: Heatran|88\/100|[from] Stealth Rock\n|turn|21\n|\n|t:|1624639268\n|switch|p2a: Slowbro|Slowbro, M|100\/100\n|move|p1a: Heatran|Magma Storm|p2a: Slowbro\n|-resisted|p2a: Slowbro\n|-damage|p2a: Slowbro|79\/100\n|-activate|p2a: Slowbro|move: Magma Storm|[of] p1a: Heatran\n|\n|-heal|p1a: Heatran|94\/100|[from] item: Leftovers\n|-damage|p2a: Slowbro|66\/100|[from] move: Magma Storm|[partiallytrapped]\n|upkeep\n|turn|22\n|\n|t:|1624639275\n|move|p1a: Heatran|Taunt|p2a: Slowbro\n|-start|p2a: Slowbro|move: Taunt\n|move|p2a: Slowbro|Scald|p1a: Heatran\n|-supereffective|p1a: Heatran\n|-damage|p1a: Heatran|49\/100\n|\n|-heal|p1a: Heatran|55\/100|[from] item: Leftovers\n|-damage|p2a: Slowbro|54\/100|[from] move: Magma Storm|[partiallytrapped]\n|upkeep\n|turn|23\n|\n|t:|1624639278\n|move|p1a: Heatran|Earth Power|p2a: Slowbro\n|-damage|p2a: Slowbro|29\/100\n|move|p2a: Slowbro|Scald|p1a: Heatran\n|-supereffective|p1a: Heatran\n|-damage|p1a: Heatran|10\/100\n|\n|-heal|p1a: Heatran|16\/100|[from] item: Leftovers\n|-damage|p2a: Slowbro|17\/100|[from] move: Magma Storm|[partiallytrapped]\n|upkeep\n|turn|24\n|\n|t:|1624639283\n|move|p1a: Heatran|Earth Power|p2a: Slowbro\n|-damage|p2a: Slowbro|0 fnt\n|faint|p2a: Slowbro\n|\n|-heal|p1a: Heatran|22\/100|[from] item: Leftovers\n|upkeep\n|\n|t:|1624639289\n|switch|p2a: Zeraora|Zeraora|100\/100\n|turn|25\n|\n|t:|1624639297\n|move|p2a: Zeraora|Plasma Fists|p1a: Heatran\n|-damage|p1a: Heatran|0 fnt\n|faint|p1a: Heatran\n|\n|upkeep\n|j| Tabata Toxel\n|j| Burn The State\n|\n|t:|1624639316\n|switch|p1a: Toxapex|Toxapex, M|100\/100\n|-damage|p1a: Toxapex|88\/100|[from] Stealth Rock\n|turn|26\n|\n|t:|1624639320\n|move|p2a: Zeraora|Volt Switch|p1a: Toxapex\n|-supereffective|p1a: Toxapex\n|-damage|p1a: Toxapex|49\/100\n|j| jeanmilapipe\n|\n|t:|1624639327\n|switch|p2a: Blissey|Blissey, F|86\/100|[from]move: Volt Switch\n|move|p1a: Toxapex|Scald|p2a: Blissey\n|-damage|p2a: Blissey|80\/100\n|\n|-heal|p1a: Toxapex|55\/100|[from] item: Black Sludge\n|upkeep\n|turn|27\n|\n|t:|1624639336\n|switch|p1a: Corviknight|Corviknight, M|88\/100\n|-damage|p1a: Corviknight|76\/100|[from] Stealth Rock\n|-ability|p1a: Corviknight|Pressure\n|move|p2a: Blissey|Thunder Wave|p1a: Corviknight\n|-status|p1a: Corviknight|par\n|\n|upkeep\n|turn|28\n|\n|t:|1624639344\n|switch|p2a: Victini|Victini|100\/100\n|cant|p1a: Corviknight|par\n|\n|upkeep\n|turn|29\n|\n|t:|1624639352\n|move|p2a: Victini|Bolt Strike|p1a: Corviknight\n|-supereffective|p1a: Corviknight\n|-damage|p1a: Corviknight|28\/100 par\n|-damage|p2a: Victini|84\/100|[from] item: Rocky Helmet|[of] p1a: Corviknight\n|move|p1a: Corviknight|Defog|p2a: Victini\n|-unboost|p2a: Victini|evasion|1\n|-sideend|p2: darkerzzzz|Toxic Spikes|[from] move: Defog|[of] p1a: Corviknight\n|-sideend|p1: hauntersnightmare|Stealth Rock|[from] move: Defog|[of] p1a: Corviknight\n|\n|upkeep\n|turn|30\n|\n|t:|1624639362\n|switch|p1a: Dragapult|Dragapult, F|88\/100\n|move|p2a: Victini|V-create|p1a: Dragapult\n|-resisted|p1a: Dragapult\n|-damage|p1a: Dragapult|31\/100\n|-unboost|p2a: Victini|spe|1\n|-unboost|p2a: Victini|def|1\n|-unboost|p2a: Victini|spd|1\n|\n|upkeep\n|turn|31\n|\n|t:|1624639369\n|switch|p2a: Blissey|Blissey, F|80\/100\n|move|p1a: Dragapult|U-turn|p2a: Blissey\n|-damage|p2a: Blissey|63\/100\n|-message|hauntersnightmare forfeited.\n|\n|win|darkerzzzz\n|l|\u2606hauntersnightmare\n|raw|hauntersnightmare's rating: 1625 &rarr; <strong>1607<\/strong><br \/>(-18 for losing)\n|raw|darkerzzzz's rating: 1655 &rarr; <strong>1673<\/strong><br \/>(+18 for winning)\n||Ladder isn't responding, score probably updated but might not have (Request timeout).\n","uploadtime":1624639412,"views":27,"p1id":"hauntersnightmare","p2id":"darkerzzzz","formatid":"gen8ou","rating":1607,"private":0,"password":null}