{"id":"gen8uu-1350279294","p1":"Jakkkkkka","p2":"uult82n km","format":"gen8uu","log":"|raw|<div class=\"broadcast-blue\"><strong>This battle is required to be public due to a player having a name starting with 'UULT82n'.<\/div>\n|j|\u2606Jakkkkkka\n|j|\u2606uult82n km\n|t:|1622410072\n|gametype|singles\n|player|p1|Jakkkkkka|lance|1426\n|player|p2|uult82n km|battlegirl-gen4|1654\n|teamsize|p1|6\n|teamsize|p2|6\n|gen|8\n|tier|[Gen 8] UU\n|rated|\n|rule|Sleep Clause Mod: Limit one foe put to sleep\n|rule|Species Clause: Limit one of each Pok\u00e9mon\n|rule|OHKO Clause: OHKO moves are banned\n|rule|Evasion Moves Clause: Evasion moves are banned\n|rule|Endless Battle Clause: Forcing endless battles is banned\n|rule|HP Percentage Mod: HP is shown in percentages\n|rule|Dynamax Clause: You cannot dynamax\n|clearpoke\n|poke|p1|Tangrowth, F|\n|poke|p1|Kommo-o, F|\n|poke|p1|Primarina, M|\n|poke|p1|Moltres|\n|poke|p1|Thundurus-Therian, M|\n|poke|p1|Scizor, F|\n|poke|p2|Diancie|\n|poke|p2|Mamoswine, F|\n|poke|p2|Buzzwole|\n|poke|p2|Guzzlord|\n|poke|p2|Tentacruel, F|\n|poke|p2|Mew|\n|teampreview\n|j|+kink\u00a8\u032e\n|c|\u2606Jakkkkkka|gl\n|inactive|Battle timer is ON: inactive players will automatically lose when time's up. (requested by Jakkkkkka)\n|j| itsjustdrew\u2606\n|j| rav 3nd an\n|j| JustFranco\n|j| UULT82n BigMFM\n|c|+kink\u00a8\u032e|thanks\n|c| UULT82n BigMFM|u2\n|c| JustFranco|np\n|j| UULT82n s\n|inactive|uult82n km has 120 seconds left.\n|c|+kink\u00a8\u032e|ofc\n|j| Can'tFight\n|c|\u2606uult82n km|gl\n|c|+kink\u00a8\u032e|thanks\n|c|\u2606uult82n km|sorry if i'm a little dsitant i accidentally joined two at once\n|\n|t:|1622410148\n|start\n|switch|p1a: Scizor|Scizor, F|100\/100\n|switch|p2a: Muzzlord|Mew|100\/100\n|turn|1\n|j| UULT82n tfw\n|inactive|uult82n km has 120 seconds left.\n|\n|t:|1622410181\n|switch|p1a: Tangrowth|Tangrowth, F|100\/100\n|move|p2a: Muzzlord|Flamethrower|p1a: Tangrowth\n|-supereffective|p1a: Tangrowth\n|-damage|p1a: Tangrowth|73\/100\n|\n|upkeep\n|turn|2\n|\n|t:|1622410188\n|move|p2a: Muzzlord|Toxic|p1a: Tangrowth|[miss]\n|-miss|p2a: Muzzlord|p1a: Tangrowth\n|move|p1a: Tangrowth|Knock Off|p2a: Muzzlord\n|-supereffective|p2a: Muzzlord\n|-damage|p2a: Muzzlord|59\/100\n|-enditem|p2a: Muzzlord|Leftovers|[from] move: Knock Off|[of] p1a: Tangrowth\n|\n|upkeep\n|turn|3\n|j| Rinnegan frs\n|\n|t:|1622410209\n|switch|p1a: Moltres|Moltres|100\/100\n|move|p2a: Muzzlord|Toxic|p1a: Moltres\n|-status|p1a: Moltres|tox\n|\n|-damage|p1a: Moltres|94\/100 tox|[from] psn\n|upkeep\n|turn|4\n|\n|t:|1622410216\n|move|p1a: Moltres|Toxic|p2a: Muzzlord\n|-status|p2a: Muzzlord|tox\n|-activate|p2a: Muzzlord|ability: Synchronize\n|-fail|p1a: Moltres|tox\n|move|p2a: Muzzlord|Soft-Boiled|p2a: Muzzlord\n|-heal|p2a: Muzzlord|100\/100 tox\n|\n|-damage|p1a: Moltres|82\/100 tox|[from] psn\n|-damage|p2a: Muzzlord|94\/100 tox|[from] psn\n|upkeep\n|turn|5\n|j| laevin\n|\n|t:|1622410226\n|move|p1a: Moltres|Air Slash|p2a: Muzzlord\n|-damage|p2a: Muzzlord|70\/100 tox\n|move|p2a: Muzzlord|Spikes|p1a: Moltres\n|-sidestart|p1: Jakkkkkka|Spikes\n|\n|-damage|p1a: Moltres|64\/100 tox|[from] psn\n|-damage|p2a: Muzzlord|57\/100 tox|[from] psn\n|upkeep\n|turn|6\n|\n|t:|1622410232\n|switch|p2a: Duzzlord|Diancie|100\/100\n|move|p1a: Moltres|Air Slash|p2a: Duzzlord\n|-resisted|p2a: Duzzlord\n|-damage|p2a: Duzzlord|90\/100\n|\n|-heal|p2a: Duzzlord|96\/100|[from] item: Leftovers\n|-damage|p1a: Moltres|40\/100 tox|[from] psn\n|upkeep\n|turn|7\n|\n|t:|1622410243\n|move|p1a: Moltres|Toxic|p2a: Duzzlord\n|-status|p2a: Duzzlord|tox\n|move|p2a: Duzzlord|Diamond Storm|p1a: Moltres\n|-supereffective|p1a: Moltres\n|-damage|p1a: Moltres|0 fnt\n|-boost|p2a: Duzzlord|def|2\n|faint|p1a: Moltres\n|\n|-heal|p2a: Duzzlord|100\/100 tox|[from] item: Leftovers\n|-damage|p2a: Duzzlord|94\/100 tox|[from] psn\n|upkeep\n|\n|t:|1622410254\n|switch|p1a: Scizor|Scizor, F|100\/100\n|-damage|p1a: Scizor|88\/100|[from] Spikes\n|turn|8\n|\n|t:|1622410270\n|switch|p2a: Buzzlord|Buzzwole|100\/100\n|move|p1a: Scizor|U-turn|p2a: Buzzlord\n|-resisted|p2a: Buzzlord\n|-damage|p2a: Buzzlord|92\/100\n|-damage|p1a: Scizor|71\/100|[from] item: Rocky Helmet|[of] p2a: Buzzlord\n|\n|t:|1622410282\n|switch|p1a: Primarina|Primarina, M|100\/100|[from]move: U-turn\n|-damage|p1a: Primarina|88\/100|[from] Spikes\n|\n|-heal|p1a: Primarina|94\/100|[from] item: Leftovers\n|upkeep\n|turn|9\n|\n|t:|1622410288\n|switch|p2a: Tuzzlord|Tentacruel, F|100\/100\n|move|p1a: Primarina|Scald|p2a: Tuzzlord\n|-resisted|p2a: Tuzzlord\n|-damage|p2a: Tuzzlord|87\/100\n|-status|p2a: Tuzzlord|brn\n|\n|-heal|p2a: Tuzzlord|93\/100 brn|[from] item: Black Sludge\n|-heal|p1a: Primarina|99\/100|[from] item: Leftovers\n|-damage|p2a: Tuzzlord|87\/100 brn|[from] brn\n|upkeep\n|turn|10\n|j| Somalia\n|\n|t:|1622410313\n|switch|p1a: Scizor|Scizor, F|71\/100\n|-damage|p1a: Scizor|59\/100|[from] Spikes\n|move|p2a: Tuzzlord|Scald|p1a: Scizor\n|-damage|p1a: Scizor|34\/100\n|\n|-heal|p2a: Tuzzlord|93\/100 brn|[from] item: Black Sludge\n|-heal|p1a: Scizor|40\/100|[from] item: Leftovers\n|-damage|p2a: Tuzzlord|87\/100 brn|[from] brn\n|upkeep\n|turn|11\n|l| itsjustdrew\u2606\n|\n|t:|1622410325\n|switch|p1a: Tangrowth|Tangrowth, F|100\/100\n|-damage|p1a: Tangrowth|88\/100|[from] Spikes\n|move|p2a: Tuzzlord|Scald|p1a: Tangrowth\n|-resisted|p1a: Tangrowth\n|-damage|p1a: Tangrowth|82\/100\n|-status|p1a: Tangrowth|brn\n|\n|-heal|p2a: Tuzzlord|93\/100 brn|[from] item: Black Sludge\n|-damage|p2a: Tuzzlord|87\/100 brn|[from] brn\n|-damage|p1a: Tangrowth|75\/100 brn|[from] brn\n|upkeep\n|turn|12\n|\n|t:|1622410340\n|switch|p2a: Duzzlord|Diancie|94\/100 tox\n|move|p1a: Tangrowth|Knock Off|p2a: Duzzlord\n|-resisted|p2a: Duzzlord\n|-damage|p2a: Duzzlord|90\/100 tox\n|-enditem|p2a: Duzzlord|Leftovers|[from] move: Knock Off|[of] p1a: Tangrowth\n|\n|-damage|p2a: Duzzlord|84\/100 tox|[from] psn\n|-damage|p1a: Tangrowth|69\/100 brn|[from] brn\n|upkeep\n|turn|13\n|\n|t:|1622410350\n|move|p1a: Tangrowth|Sludge Bomb|p2a: Duzzlord\n|-damage|p2a: Duzzlord|70\/100 tox\n|move|p2a: Duzzlord|Heal Bell|p2a: Duzzlord\n|-activate|p2a: Duzzlord|move: Heal Bell\n|-curestatus|p2a: Duzzlord|tox|[msg]\n|-curestatus|p2: Tuzzlord|brn|[msg]\n|-curestatus|p2: Muzzlord|tox|[msg]\n|\n|-damage|p1a: Tangrowth|63\/100 brn|[from] brn\n|upkeep\n|turn|14\n|c| laevin|!_!\n|inactive|Jakkkkkka has 120 seconds left.\n|inactive|Jakkkkkka has 90 seconds left.\n|\n|t:|1622410420\n|switch|p1a: Scizor|Scizor, F|40\/100\n|-damage|p1a: Scizor|27\/100|[from] Spikes\n|move|p2a: Duzzlord|Stealth Rock|p1a: Scizor\n|-sidestart|p1: Jakkkkkka|move: Stealth Rock\n|\n|-heal|p1a: Scizor|33\/100|[from] item: Leftovers\n|upkeep\n|turn|15\n|inactive|Jakkkkkka has 90 seconds left.\n|\n|t:|1622410428\n|switch|p2a: Muzzlord|Mew|57\/100\n|move|p1a: Scizor|Roost|p1a: Scizor\n|-heal|p1a: Scizor|83\/100\n|-singleturn|p1a: Scizor|move: Roost\n|\n|-heal|p1a: Scizor|89\/100|[from] item: Leftovers\n|upkeep\n|turn|16\n|\n|t:|1622410438\n|move|p2a: Muzzlord|Flamethrower|p1a: Scizor\n|-supereffective|p1a: Scizor\n|-damage|p1a: Scizor|0 fnt\n|faint|p1a: Scizor\n|\n|upkeep\n|l| rav 3nd an\n|inactive|Jakkkkkka has 90 seconds left.\n|\n|t:|1622410456\n|switch|p1a: Kommo-o|Kommo-o, F|100\/100\n|-damage|p1a: Kommo-o|88\/100|[from] Spikes\n|-damage|p1a: Kommo-o|82\/100|[from] Stealth Rock\n|turn|17\n|inactive|Jakkkkkka has 90 seconds left.\n|\n|t:|1622410463\n|switch|p2a: Duzzlord|Diancie|70\/100\n|move|p1a: Kommo-o|Clangorous Soul|p1a: Kommo-o\n|-boost|p1a: Kommo-o|atk|1\n|-boost|p1a: Kommo-o|def|1\n|-boost|p1a: Kommo-o|spa|1\n|-boost|p1a: Kommo-o|spd|1\n|-boost|p1a: Kommo-o|spe|1\n|-damage|p1a: Kommo-o|49\/100\n|-enditem|p1a: Kommo-o|Throat Spray\n|-boost|p1a: Kommo-o|spa|1|[from] item: Throat Spray\n|\n|upkeep\n|turn|18\n|inactive|Jakkkkkka has 90 seconds left.\n|\n|t:|1622410479\n|move|p1a: Kommo-o|Boomburst|p2a: Duzzlord\n|-resisted|p2a: Duzzlord\n|-damage|p2a: Duzzlord|43\/100\n|move|p2a: Duzzlord|Moonblast|p1a: Kommo-o\n|-supereffective|p1a: Kommo-o\n|-damage|p1a: Kommo-o|0 fnt\n|faint|p1a: Kommo-o\n|\n|upkeep\n|j| The Benz Mafia\n|-message|Jakkkkkka forfeited.\n|\n|win|uult82n km\n|raw|Jakkkkkka's rating: 1426 &rarr; <strong>1417<\/strong><br \/>(-9 for losing)\n|raw|uult82n km's rating: 1632 &rarr; <strong>1641<\/strong><br \/>(+9 for winning)\n|l|\u2606Jakkkkkka\n|l|\u2606uult82n km\n","uploadtime":1622410495,"views":16,"p1id":"jakkkkkka","p2id":"uult82nkm","formatid":"gen8uu","rating":1417,"private":0,"password":null}