{"id":"gen8ou-1706972189","p1":"wemm","p2":"wavement","format":"gen8ou","log":"|j|\u2606wemm\n|j|\u2606wavement\n|t:|1668037708\n|gametype|singles\n|player|p1|wemm|cynthia-gen4|1495\n|player|p2|wavement|1|1464\n|teamsize|p1|6\n|teamsize|p2|6\n|gen|8\n|tier|[Gen 8] OU\n|rated|\n|rule|Sleep Clause Mod: Limit one foe put to sleep\n|rule|Species Clause: Limit one of each Pok\u00e9mon\n|rule|OHKO Clause: OHKO moves are banned\n|rule|Evasion Items Clause: Evasion items are banned\n|rule|Evasion Moves Clause: Evasion moves are banned\n|rule|Endless Battle Clause: Forcing endless battles is banned\n|rule|HP Percentage Mod: HP is shown in percentages\n|rule|Dynamax Clause: You cannot dynamax\n|clearpoke\n|poke|p1|Salamence, F|\n|poke|p1|Tapu Lele|\n|poke|p1|Dragapult, M|\n|poke|p1|Slowbro, M|\n|poke|p1|Corviknight, M|\n|poke|p1|Landorus-Therian, M|\n|poke|p2|Mew|\n|poke|p2|Weavile, F|\n|poke|p2|Celesteela|\n|poke|p2|Garchomp, F|\n|poke|p2|Blacephalon|\n|poke|p2|Crawdaunt, M|\n|teampreview\n|inactive|Battle timer is ON: inactive players will automatically lose when time's up. (requested by wemm)\n|\n|t:|1668037726\n|start\n|switch|p1a: Dragapult|Dragapult, M, shiny|100\/100\n|switch|p2a: Mew|Mew, shiny|100\/100\n|turn|1\n|\n|t:|1668037735\n|switch|p2a: Celesteela|Celesteela, shiny|100\/100\n|move|p1a: Dragapult|Shadow Ball|p2a: Celesteela\n|-damage|p2a: Celesteela|39\/100\n|-unboost|p2a: Celesteela|spd|1\n|\n|upkeep\n|turn|2\n|\n|t:|1668037754\n|move|p1a: Dragapult|Shadow Ball|p2a: Celesteela\n|-damage|p2a: Celesteela|0 fnt\n|faint|p2a: Celesteela\n|\n|upkeep\n|\n|t:|1668037761\n|switch|p2a: Crawdaunt|Crawdaunt, M, shiny|100\/100\n|turn|3\n|\n|t:|1668037784\n|switch|p1a: Salamence|Salamence, F|100\/100\n|-ability|p1a: Salamence|Intimidate|boost\n|-unboost|p2a: Crawdaunt|atk|1\n|move|p2a: Crawdaunt|Knock Off|p1a: Salamence\n|-damage|p1a: Salamence|23\/100\n|-enditem|p1a: Salamence|Choice Band|[from] move: Knock Off|[of] p2a: Crawdaunt\n|-damage|p2a: Crawdaunt|91\/100|[from] item: Life Orb\n|\n|upkeep\n|turn|4\n|\n|t:|1668037800\n|switch|p2a: Mew|Mew, shiny|100\/100\n|move|p1a: Salamence|Dual Wingbeat|p2a: Mew\n|-damage|p2a: Mew|80\/100\n|-damage|p2a: Mew|62\/100\n|-hitcount|p2a: Mew|2\n|\n|upkeep\n|turn|5\n|\n|t:|1668037813\n|switch|p1a: Dragapult|Dragapult, M, shiny|100\/100\n|move|p2a: Mew|Thunder Wave|p1a: Dragapult\n|-status|p1a: Dragapult|par\n|\n|upkeep\n|turn|6\n|\n|t:|1668037818\n|move|p2a: Mew|Stealth Rock|p1a: Dragapult\n|-sidestart|p1: wemm|move: Stealth Rock\n|move|p1a: Dragapult|Shadow Ball|p2a: Mew\n|-supereffective|p2a: Mew\n|-damage|p2a: Mew|0 fnt\n|faint|p2a: Mew\n|\n|upkeep\n|\n|t:|1668037844\n|switch|p2a: Weavile|Weavile, F, shiny|100\/100\n|-ability|p2a: Weavile|Pressure\n|turn|7\n|\n|t:|1668037860\n|switch|p1a: Tapu Lele|Tapu Lele|100\/100\n|-damage|p1a: Tapu Lele|88\/100|[from] Stealth Rock\n|-fieldstart|move: Psychic Terrain|[from] ability: Psychic Surge|[of] p1a: Tapu Lele\n|move|p2a: Weavile|Knock Off|p1a: Tapu Lele\n|-damage|p1a: Tapu Lele|0 fnt\n|-enditem|p1a: Tapu Lele|Choice Scarf|[from] move: Knock Off|[of] p2a: Weavile\n|faint|p1a: Tapu Lele\n|-damage|p2a: Weavile|91\/100|[from] item: Life Orb\n|\n|upkeep\n|\n|t:|1668037866\n|switch|p1a: Slowbro|Slowbro, M, shiny|100\/100\n|-damage|p1a: Slowbro|88\/100|[from] Stealth Rock\n|turn|8\n|\n|t:|1668037872\n|move|p2a: Weavile|Knock Off|p1a: Slowbro\n|-supereffective|p1a: Slowbro\n|-enditem|p1a: Slowbro|Colbur Berry|[eat]\n|-enditem|p1a: Slowbro|Colbur Berry|[weaken]\n|-damage|p1a: Slowbro|48\/100\n|-damage|p2a: Weavile|81\/100|[from] item: Life Orb\n|move|p1a: Slowbro|Body Press|p2a: Weavile\n|-supereffective|p2a: Weavile\n|-damage|p2a: Weavile|0 fnt\n|faint|p2a: Weavile\n|\n|upkeep\n|\n|t:|1668037884\n|switch|p2a: Blacephalon|Blacephalon, shiny|100\/100\n|turn|9\n|\n|t:|1668037890\n|switch|p1a: Salamence|Salamence, F|23\/100\n|-damage|p1a: Salamence|0 fnt|[from] Stealth Rock\n|faint|p1a: Salamence\n|move|p2a: Blacephalon|Shadow Ball|p1: Salamence|[notarget]\n|-fail|p2a: Blacephalon\n|\n|upkeep\n|\n|t:|1668037893\n|switch|p1a: Landorus|Landorus-Therian, M|100\/100\n|-damage|p1a: Landorus|88\/100|[from] Stealth Rock\n|-ability|p1a: Landorus|Intimidate|boost\n|-unboost|p2a: Blacephalon|atk|1\n|turn|10\n|\n|t:|1668037902\n|switch|p2a: Garchomp|Garchomp, F, shiny|100\/100\n|move|p1a: Landorus|Earthquake|p2a: Garchomp\n|-damage|p2a: Garchomp|50\/100\n|\n|-heal|p1a: Landorus|94\/100|[from] item: Leftovers\n|upkeep\n|turn|11\n|inactive|wemm has 120 seconds left.\n|\n|t:|1668037943\n|move|p2a: Garchomp|Scale Shot|p1a: Landorus\n|-damage|p1a: Landorus|81\/100\n|-damage|p1a: Landorus|68\/100\n|-damage|p1a: Landorus|56\/100\n|-hitcount|p1a: Landorus|3\n|-unboost|p2a: Garchomp|def|1\n|-boost|p2a: Garchomp|spe|1\n|move|p1a: Landorus|Earthquake|p2a: Garchomp\n|-damage|p2a: Garchomp|0 fnt\n|faint|p2a: Garchomp\n|\n|-heal|p1a: Landorus|62\/100|[from] item: Leftovers\n|-fieldend|move: Psychic Terrain\n|upkeep\n|inactive|wavement has 120 seconds left.\n|\n|t:|1668037955\n|switch|p2a: Crawdaunt|Crawdaunt, M, shiny|91\/100\n|turn|12\n|inactive|wemm has 120 seconds left.\n|inactive|wavement has 120 seconds left.\n|\n|t:|1668037981\n|switch|p1a: Dragapult|Dragapult, M, shiny|100\/100 par\n|-damage|p1a: Dragapult|88\/100 par|[from] Stealth Rock\n|move|p2a: Crawdaunt|Aqua Jet|p1a: Dragapult\n|-resisted|p1a: Dragapult\n|-damage|p1a: Dragapult|62\/100 par\n|-damage|p2a: Crawdaunt|81\/100|[from] item: Life Orb\n|\n|upkeep\n|turn|13\n|\n|t:|1668037988\n|move|p2a: Crawdaunt|Knock Off|p1a: Dragapult\n|-supereffective|p1a: Dragapult\n|-damage|p1a: Dragapult|0 fnt\n|-enditem|p1a: Dragapult|Choice Specs|[from] move: Knock Off|[of] p2a: Crawdaunt\n|faint|p1a: Dragapult\n|-damage|p2a: Crawdaunt|71\/100|[from] item: Life Orb\n|\n|upkeep\n|\n|t:|1668037992\n|switch|p1a: Corviknight|Corviknight, M|100\/100\n|-damage|p1a: Corviknight|88\/100|[from] Stealth Rock\n|-ability|p1a: Corviknight|Pressure\n|turn|14\n|\n|t:|1668037998\n|move|p2a: Crawdaunt|Knock Off|p1a: Corviknight\n|-damage|p1a: Corviknight|22\/100\n|-enditem|p1a: Corviknight|Leftovers|[from] move: Knock Off|[of] p2a: Crawdaunt\n|-damage|p2a: Crawdaunt|62\/100|[from] item: Life Orb\n|move|p1a: Corviknight|Brave Bird|p2a: Crawdaunt\n|-damage|p2a: Crawdaunt|8\/100\n|-damage|p1a: Corviknight|10\/100|[from] Recoil\n|\n|upkeep\n|turn|15\n|\n|t:|1668038011\n|move|p2a: Crawdaunt|Swords Dance|p2a: Crawdaunt\n|-boost|p2a: Crawdaunt|atk|2\n|move|p1a: Corviknight|Brave Bird|p2a: Crawdaunt\n|-damage|p2a: Crawdaunt|0 fnt\n|faint|p2a: Crawdaunt\n|-damage|p1a: Corviknight|9\/100|[from] Recoil\n|\n|upkeep\n|\n|t:|1668038018\n|switch|p2a: Blacephalon|Blacephalon, shiny|100\/100\n|turn|16\n|-message|wemm forfeited.\n|\n|win|wavement\n|raw|wemm's rating: 1459 &rarr; <strong>1439<\/strong><br \/>(-20 for losing)\n|raw|wavement's rating: 1464 &rarr; <strong>1484<\/strong><br \/>(+20 for winning)\n|l|\u2606wemm\n","uploadtime":1668038041,"views":6,"p1id":"wemm","p2id":"wavement","formatid":"gen8ou","rating":1439,"private":0,"password":null}