{"id":"gen8nationaldex-1191021871","p1":"Commando 55","p2":"LameAlt","format":"gen8nationaldex","log":"|j|\u2606Commando 55\n|j|\u2606LameAlt\n|t:|1600746357\n|player|p1|Commando 55|iris-gen5bw2|1690\n|player|p2|LameAlt|lusamine|1606\n|teamsize|p1|6\n|teamsize|p2|6\n|gametype|singles\n|gen|8\n|tier|[Gen 8] National Dex\n|rated|\n|clearpoke\n|poke|p1|Torkoal, F|\n|poke|p1|Victini|\n|poke|p1|Sceptile, F|\n|poke|p1|Blissey, F|\n|poke|p1|Skarmory, M|\n|poke|p1|Vaporeon, M|\n|poke|p2|Medicham, F|\n|poke|p2|Landorus-Therian, M|\n|poke|p2|Tapu Fini|\n|poke|p2|Clefable, M|\n|poke|p2|Cinderace, F|\n|poke|p2|Dragapult, M|\n|rule|HP Percentage Mod: HP is shown in percentages\n|rule|Endless Battle Clause: Forcing endless battles is banned\n|rule|OHKO Clause: OHKO moves are banned\n|rule|Evasion Moves Clause: Evasion moves are banned\n|rule|Species Clause: Limit one of each Pok\u00e9mon\n|rule|Dynamax Clause: You cannot dynamax\n|rule|Sleep Clause Mod: Limit one foe put to sleep\n|teampreview\n|\n|t:|1600746368\n|start\n|switch|p1a: Vaporeon|Vaporeon, M|100\/100\n|switch|p2a: Medicham|Medicham, F|100\/100\n|turn|1\n|inactive|Battle timer is ON: inactive players will automatically lose when time's up. (requested by Commando 55)\n|\n|t:|1600746378\n|detailschange|p2a: Medicham|Medicham-Mega, F\n|-mega|p2a: Medicham|Medicham|Medichamite\n|move|p2a: Medicham|Fake Out|p1a: Vaporeon\n|-damage|p1a: Vaporeon|82\/100\n|cant|p1a: Vaporeon|flinch\n|\n|-heal|p1a: Vaporeon|88\/100|[from] item: Leftovers\n|upkeep\n|turn|2\n|\n|t:|1600746386\n|move|p2a: Medicham|Thunder Punch|p1a: Vaporeon\n|-supereffective|p1a: Vaporeon\n|-damage|p1a: Vaporeon|14\/100\n|move|p1a: Vaporeon|Scald|p2a: Medicham\n|-crit|p2a: Medicham\n|-damage|p2a: Medicham|34\/100\n|\n|-heal|p1a: Vaporeon|20\/100|[from] item: Leftovers\n|upkeep\n|turn|3\n|\n|t:|1600746391\n|move|p1a: Vaporeon|Protect|p1a: Vaporeon\n|-singleturn|p1a: Vaporeon|Protect\n|move|p2a: Medicham|Thunder Punch|p1a: Vaporeon\n|-activate|p1a: Vaporeon|move: Protect\n|\n|-heal|p1a: Vaporeon|26\/100|[from] item: Leftovers\n|upkeep\n|turn|4\n|j| general_newb\n|\n|t:|1600746399\n|move|p2a: Medicham|Thunder Punch|p1a: Vaporeon\n|-supereffective|p1a: Vaporeon\n|-damage|p1a: Vaporeon|0 fnt\n|faint|p1a: Vaporeon\n|\n|upkeep\n|\n|t:|1600746404\n|switch|p1a: Sceptile|Sceptile, F|100\/100\n|turn|5\n|\n|t:|1600746412\n|switch|p2a: Clefable|Clefable, M, shiny|100\/100\n|detailschange|p1a: Sceptile|Sceptile-Mega, F\n|-mega|p1a: Sceptile|Sceptile|Sceptilite\n|move|p1a: Sceptile|Leaf Storm|p2a: Clefable\n|-damage|p2a: Clefable|50\/100\n|-unboost|p1a: Sceptile|spa|2\n|\n|-heal|p2a: Clefable|56\/100|[from] item: Leftovers\n|upkeep\n|turn|6\n|\n|t:|1600746422\n|switch|p1a: Torkoal|Torkoal, F|100\/100\n|-weather|SunnyDay|[from] ability: Drought|[of] p1a: Torkoal\n|move|p2a: Clefable|Wish|p2a: Clefable\n|\n|-weather|SunnyDay|[upkeep]\n|-heal|p2a: Clefable|62\/100|[from] item: Leftovers\n|upkeep\n|turn|7\n|\n|t:|1600746430\n|move|p2a: Clefable|Protect|p2a: Clefable\n|-singleturn|p2a: Clefable|Protect\n|move|p1a: Torkoal|Stealth Rock|p2a: Clefable\n|-sidestart|p2: LameAlt|move: Stealth Rock\n|\n|-weather|SunnyDay|[upkeep]\n|-heal|p2a: Clefable|100\/100|[from] move: Wish|[wisher] Clefable\n|upkeep\n|turn|8\n|\n|t:|1600746433\n|switch|p1a: Victini|Victini|100\/100\n|move|p2a: Clefable|Wish|p2a: Clefable\n|\n|-weather|SunnyDay|[upkeep]\n|upkeep\n|turn|9\n|\n|t:|1600746437\n|switch|p2a: Landorus|Landorus-Therian, M|100\/100\n|-damage|p2a: Landorus|88\/100|[from] Stealth Rock\n|-ability|p2a: Landorus|Intimidate|boost\n|-unboost|p1a: Victini|atk|1\n|move|p1a: Victini|V-create|p2a: Landorus\n|-damage|p2a: Landorus|5\/100\n|-unboost|p1a: Victini|spe|1\n|-unboost|p1a: Victini|def|1\n|-unboost|p1a: Victini|spd|1\n|-damage|p1a: Victini|84\/100|[from] item: Rocky Helmet|[of] p2a: Landorus\n|\n|-weather|SunnyDay|[upkeep]\n|-heal|p2a: Landorus|57\/100|[from] move: Wish|[wisher] Clefable\n|upkeep\n|turn|10\n|j| Potato TTT\n|\n|t:|1600746449\n|switch|p2a: Tapu Fini|Tapu Fini|100\/100\n|-damage|p2a: Tapu Fini|88\/100|[from] Stealth Rock\n|-fieldstart|move: Misty Terrain|[from] ability: Misty Surge|[of] p2a: Tapu Fini\n|switch|p1a: Sceptile|Sceptile-Mega, F|100\/100\n|\n|-weather|none\n|-heal|p2a: Tapu Fini|94\/100|[from] item: Leftovers\n|upkeep\n|turn|11\n|\n|t:|1600746458\n|switch|p2a: Clefable|Clefable, M, shiny|100\/100\n|move|p1a: Sceptile|Leaf Storm|p2a: Clefable|[miss]\n|-miss|p1a: Sceptile|p2a: Clefable\n|\n|upkeep\n|turn|12\n|\n|t:|1600746468\n|switch|p1a: Torkoal|Torkoal, F|100\/100\n|-weather|SunnyDay|[from] ability: Drought|[of] p1a: Torkoal\n|move|p2a: Clefable|Wish|p2a: Clefable\n|\n|-weather|SunnyDay|[upkeep]\n|upkeep\n|turn|13\n|\n|t:|1600746473\n|move|p1a: Torkoal|Lava Plume|p2a: Clefable\n|-damage|p2a: Clefable|78\/100\n|move|p2a: Clefable|Teleport|p2a: Clefable\n|\n|t:|1600746478\n|switch|p2a: Landorus|Landorus-Therian, M|57\/100|[from]move: Teleport\n|-damage|p2a: Landorus|44\/100|[from] Stealth Rock\n|-ability|p2a: Landorus|Intimidate|boost\n|-unboost|p1a: Torkoal|atk|1\n|\n|-weather|SunnyDay|[upkeep]\n|-heal|p2a: Landorus|96\/100|[from] move: Wish|[wisher] Clefable\n|upkeep\n|turn|14\n|\n|t:|1600746492\n|switch|p1a: Skarmory|Skarmory, M|100\/100\n|move|p2a: Landorus|U-turn|p1a: Skarmory\n|-resisted|p1a: Skarmory\n|-damage|p1a: Skarmory|97\/100\n|-damage|p2a: Landorus|79\/100|[from] item: Rocky Helmet|[of] p1a: Skarmory\n|\n|t:|1600746497\n|switch|p2a: Cinderace|Cinderace, F|100\/100|[from]move: U-turn\n|\n|-weather|SunnyDay|[upkeep]\n|-fieldend|Misty Terrain\n|upkeep\n|turn|15\n|\n|t:|1600746501\n|switch|p1a: Torkoal|Torkoal, F|100\/100\n|move|p2a: Cinderace|Pyro Ball|p1a: Torkoal\n|-resisted|p1a: Torkoal\n|-damage|p1a: Torkoal|75\/100\n|\n|-weather|SunnyDay|[upkeep]\n|upkeep\n|turn|16\n|\n|t:|1600746506\n|move|p2a: Cinderace|U-turn|p1a: Torkoal\n|-start|p2a: Cinderace|typechange|Bug|[from] ability: Libero\n|-resisted|p1a: Torkoal\n|-damage|p1a: Torkoal|64\/100\n|\n|t:|1600746508\n|switch|p2a: Clefable|Clefable, M, shiny|78\/100|[from]move: U-turn\n|move|p1a: Torkoal|Toxic|p2a: Clefable\n|-status|p2a: Clefable|tox\n|\n|-weather|none\n|-heal|p2a: Clefable|84\/100 tox|[from] item: Leftovers\n|upkeep\n|turn|17\n|\n|t:|1600746516\n|switch|p1a: Blissey|Blissey, F|100\/100\n|move|p2a: Clefable|Wish|p2a: Clefable\n|\n|-heal|p2a: Clefable|90\/100 tox|[from] item: Leftovers\n|upkeep\n|turn|18\n|\n|t:|1600746522\n|move|p2a: Clefable|Teleport|p2a: Clefable\n|\n|t:|1600746526\n|switch|p2a: Medicham|Medicham-Mega, F|34\/100|[from]move: Teleport\n|-damage|p2a: Medicham|28\/100|[from] Stealth Rock\n|move|p1a: Blissey|Teleport|p1a: Blissey\n|\n|t:|1600746530\n|switch|p1a: Sceptile|Sceptile-Mega, F|100\/100|[from]move: Teleport\n|\n|-heal|p2a: Medicham|100\/100|[from] move: Wish|[wisher] Clefable\n|upkeep\n|turn|19\n|\n|t:|1600746548\n|move|p2a: Medicham|Fake Out|p1a: Sceptile\n|-damage|p1a: Sceptile|63\/100\n|cant|p1a: Sceptile|flinch\n|\n|upkeep\n|turn|20\n|\n|t:|1600746556\n|switch|p1a: Torkoal|Torkoal, F|64\/100\n|-weather|SunnyDay|[from] ability: Drought|[of] p1a: Torkoal\n|switch|p2a: Clefable|Clefable, M, shiny|90\/100 tox\n|\n|-weather|SunnyDay|[upkeep]\n|-heal|p2a: Clefable|96\/100 tox|[from] item: Leftovers\n|upkeep\n|turn|21\n|\n|t:|1600746560\n|switch|p1a: Victini|Victini|84\/100\n|move|p2a: Clefable|Wish|p2a: Clefable\n|\n|-weather|SunnyDay|[upkeep]\n|-heal|p2a: Clefable|100\/100 tox|[from] item: Leftovers\n|upkeep\n|turn|22\n|\n|t:|1600746563\n|switch|p2a: Landorus|Landorus-Therian, M|79\/100\n|-damage|p2a: Landorus|67\/100|[from] Stealth Rock\n|-ability|p2a: Landorus|Intimidate|boost\n|-unboost|p1a: Victini|atk|1\n|move|p1a: Victini|V-create|p2a: Landorus\n|-crit|p2a: Landorus\n|-damage|p2a: Landorus|0 fnt\n|-unboost|p1a: Victini|spe|1\n|-unboost|p1a: Victini|def|1\n|-unboost|p1a: Victini|spd|1\n|-damage|p1a: Victini|68\/100|[from] item: Rocky Helmet|[of] p2a: Landorus\n|faint|p2a: Landorus\n|\n|-weather|SunnyDay|[upkeep]\n|upkeep\n|\n|t:|1600746577\n|switch|p2a: Tapu Fini|Tapu Fini|94\/100\n|-damage|p2a: Tapu Fini|82\/100|[from] Stealth Rock\n|-fieldstart|move: Misty Terrain|[from] ability: Misty Surge|[of] p2a: Tapu Fini\n|turn|23\n|\n|t:|1600746591\n|switch|p1a: Blissey|Blissey, F|100\/100\n|move|p2a: Tapu Fini|Defog|p1a: Blissey\n|-unboost|p1a: Blissey|evasion|1\n|-sideend|p2: LameAlt|Stealth Rock|[from] move: Defog|[of] p2a: Tapu Fini\n|-fieldend|Misty Terrain\n|\n|-weather|SunnyDay|[upkeep]\n|-heal|p2a: Tapu Fini|88\/100|[from] item: Leftovers\n|upkeep\n|turn|24\n|\n|t:|1600746595\n|move|p2a: Tapu Fini|Taunt|p1a: Blissey\n|-start|p1a: Blissey|move: Taunt\n|cant|p1a: Blissey|move: Taunt|Teleport\n|\n|-weather|none\n|-heal|p2a: Tapu Fini|94\/100|[from] item: Leftovers\n|upkeep\n|turn|25\n|\n|t:|1600746603\n|move|p2a: Tapu Fini|Nature's Madness|p1a: Blissey\n|-damage|p1a: Blissey|50\/100\n|move|p1a: Blissey|Seismic Toss|p2a: Tapu Fini\n|-damage|p2a: Tapu Fini|65\/100\n|\n|-heal|p2a: Tapu Fini|71\/100|[from] item: Leftovers\n|upkeep\n|turn|26\n|\n|t:|1600746607\n|switch|p2a: Medicham|Medicham-Mega, F|100\/100\n|switch|p1a: Sceptile|Sceptile-Mega, F|63\/100\n|\n|upkeep\n|turn|27\n|\n|t:|1600746617\n|switch|p1a: Skarmory|Skarmory, M|97\/100\n|move|p2a: Medicham|Fake Out|p1a: Skarmory\n|-resisted|p1a: Skarmory\n|-damage|p1a: Skarmory|89\/100\n|-damage|p2a: Medicham|84\/100|[from] item: Rocky Helmet|[of] p1a: Skarmory\n|\n|upkeep\n|turn|28\n|\n|t:|1600746623\n|move|p2a: Medicham|High Jump Kick|p1a: Skarmory\n|-damage|p1a: Skarmory|17\/100\n|-damage|p2a: Medicham|68\/100|[from] item: Rocky Helmet|[of] p1a: Skarmory\n|move|p1a: Skarmory|Roost|p1a: Skarmory\n|-heal|p1a: Skarmory|67\/100\n|-singleturn|p1a: Skarmory|move: Roost\n|\n|upkeep\n|turn|29\n|l| general_newb\n|\n|t:|1600746632\n|move|p2a: Medicham|High Jump Kick|p1a: Skarmory\n|-damage|p1a: Skarmory|0 fnt\n|-damage|p2a: Medicham|51\/100|[from] item: Rocky Helmet|[of] p1a: Skarmory\n|faint|p1a: Skarmory\n|\n|upkeep\n|\n|t:|1600746638\n|switch|p1a: Victini|Victini|68\/100\n|turn|30\n|\n|t:|1600746644\n|switch|p2a: Tapu Fini|Tapu Fini|71\/100\n|-fieldstart|move: Misty Terrain|[from] ability: Misty Surge|[of] p2a: Tapu Fini\n|move|p1a: Victini|U-turn|p2a: Tapu Fini\n|-resisted|p2a: Tapu Fini\n|-damage|p2a: Tapu Fini|57\/100\n|\n|t:|1600746650\n|switch|p1a: Sceptile|Sceptile-Mega, F|63\/100|[from]move: U-turn\n|\n|-heal|p2a: Tapu Fini|63\/100|[from] item: Leftovers\n|upkeep\n|turn|31\n|\n|t:|1600746659\n|switch|p2a: Clefable|Clefable, M, shiny|100\/100 tox\n|move|p1a: Sceptile|Leaf Storm|p2a: Clefable\n|-damage|p2a: Clefable|47\/100 tox\n|-unboost|p1a: Sceptile|spa|2\n|\n|-heal|p2a: Clefable|53\/100 tox|[from] item: Leftovers\n|upkeep\n|turn|32\n|\n|t:|1600746664\n|switch|p1a: Victini|Victini|68\/100\n|move|p2a: Clefable|Protect||[still]\n|-fail|p2a: Clefable\n|\n|-heal|p2a: Clefable|59\/100 tox|[from] item: Leftovers\n|upkeep\n|turn|33\n|\n|t:|1600746677\n|move|p2a: Clefable|Protect|p2a: Clefable\n|-singleturn|p2a: Clefable|Protect\n|move|p1a: Victini|V-create|p2a: Clefable\n|-activate|p2a: Clefable|move: Protect\n|\n|-heal|p2a: Clefable|65\/100 tox|[from] item: Leftovers\n|upkeep\n|turn|34\n|\n|t:|1600746680\n|switch|p2a: Tapu Fini|Tapu Fini|63\/100\n|move|p1a: Victini|V-create|p2a: Tapu Fini\n|-resisted|p2a: Tapu Fini\n|-damage|p2a: Tapu Fini|10\/100\n|-unboost|p1a: Victini|spe|1\n|-unboost|p1a: Victini|def|1\n|-unboost|p1a: Victini|spd|1\n|\n|-heal|p2a: Tapu Fini|16\/100|[from] item: Leftovers\n|-fieldend|Misty Terrain\n|upkeep\n|turn|35\n|\n|t:|1600746686\n|switch|p1a: Torkoal|Torkoal, F|64\/100\n|-weather|SunnyDay|[from] ability: Drought|[of] p1a: Torkoal\n|move|p2a: Tapu Fini|Scald|p1a: Torkoal\n|-supereffective|p1a: Torkoal\n|-damage|p1a: Torkoal|30\/100\n|\n|-weather|SunnyDay|[upkeep]\n|-heal|p2a: Tapu Fini|22\/100|[from] item: Leftovers\n|upkeep\n|turn|36\n|\n|t:|1600746691\n|switch|p1a: Sceptile|Sceptile-Mega, F|63\/100\n|move|p2a: Tapu Fini|Scald|p1a: Sceptile\n|-resisted|p1a: Sceptile\n|-damage|p1a: Sceptile|59\/100\n|-status|p1a: Sceptile|brn\n|\n|-weather|SunnyDay|[upkeep]\n|-heal|p2a: Tapu Fini|28\/100|[from] item: Leftovers\n|-damage|p1a: Sceptile|53\/100 brn|[from] brn\n|upkeep\n|turn|37\n|\n|t:|1600746705\n|move|p1a: Sceptile|Work Up|p1a: Sceptile\n|-boost|p1a: Sceptile|atk|1\n|-boost|p1a: Sceptile|spa|1\n|move|p2a: Tapu Fini|Nature's Madness|p1a: Sceptile\n|-damage|p1a: Sceptile|27\/100 brn\n|\n|-weather|SunnyDay|[upkeep]\n|-heal|p2a: Tapu Fini|34\/100|[from] item: Leftovers\n|-damage|p1a: Sceptile|21\/100 brn|[from] brn\n|upkeep\n|turn|38\n|\n|t:|1600746713\n|move|p1a: Sceptile|Earthquake|p2a: Tapu Fini\n|-damage|p2a: Tapu Fini|18\/100\n|move|p2a: Tapu Fini|Scald|p1a: Sceptile\n|-resisted|p1a: Sceptile\n|-damage|p1a: Sceptile|15\/100 brn\n|\n|-weather|SunnyDay|[upkeep]\n|-heal|p2a: Tapu Fini|24\/100|[from] item: Leftovers\n|-damage|p1a: Sceptile|9\/100 brn|[from] brn\n|upkeep\n|turn|39\n|\n|t:|1600746716\n|move|p1a: Sceptile|Leaf Storm|p2a: Tapu Fini\n|-supereffective|p2a: Tapu Fini\n|-damage|p2a: Tapu Fini|0 fnt\n|-unboost|p1a: Sceptile|spa|2\n|faint|p2a: Tapu Fini\n|\n|-weather|none\n|-damage|p1a: Sceptile|3\/100 brn|[from] brn\n|upkeep\n|\n|t:|1600746718\n|switch|p2a: Medicham|Medicham-Mega, F|51\/100\n|turn|40\n|\n|t:|1600746721\n|move|p2a: Medicham|Fake Out|p1a: Sceptile\n|-damage|p1a: Sceptile|0 fnt\n|faint|p1a: Sceptile\n|\n|upkeep\n|\n|t:|1600746723\n|switch|p1a: Victini|Victini|68\/100\n|turn|41\n|\n|t:|1600746736\n|switch|p2a: Clefable|Clefable, M, shiny|65\/100 tox\n|move|p1a: Victini|V-create|p2a: Clefable\n|-crit|p2a: Clefable\n|-damage|p2a: Clefable|0 fnt\n|-unboost|p1a: Victini|spe|1\n|-unboost|p1a: Victini|def|1\n|-unboost|p1a: Victini|spd|1\n|faint|p2a: Clefable\n|\n|upkeep\n|\n|t:|1600746744\n|switch|p2a: Dragapult|Dragapult, M|100\/100\n|turn|42\n|\n|t:|1600746749\n|switch|p1a: Torkoal|Torkoal, F|30\/100\n|-weather|SunnyDay|[from] ability: Drought|[of] p1a: Torkoal\n|move|p2a: Dragapult|Substitute|p2a: Dragapult\n|-start|p2a: Dragapult|Substitute\n|-damage|p2a: Dragapult|76\/100\n|\n|-weather|SunnyDay|[upkeep]\n|upkeep\n|turn|43\n|\n|t:|1600746751\n|move|p2a: Dragapult|Dragon Darts|p1a: Torkoal\n|-damage|p1a: Torkoal|14\/100\n|-anim|p2a: Dragapult|Dragon Darts|p1a: Torkoal\n|-damage|p1a: Torkoal|0 fnt\n|faint|p1a: Torkoal\n|\n|-weather|SunnyDay|[upkeep]\n|upkeep\n|\n|t:|1600746757\n|switch|p1a: Blissey|Blissey, F|50\/100\n|turn|44\n|-message|Commando 55 forfeited.\n|\n|win|LameAlt\n|l|\u2606Commando 55\n|raw|Commando 55's rating: 1690 &rarr; <strong>1665<\/strong><br \/>(-25 for losing)\n|raw|LameAlt's rating: 1606 &rarr; <strong>1630<\/strong><br \/>(+24 for winning)\n","uploadtime":1600746764,"views":9,"p1id":"commando55","p2id":"lamealt","formatid":"gen8nationaldex","rating":1630,"private":0,"password":null}