{"id":"gen8ou-1284484174","p1":"giovanidude","p2":"glaed13","format":"gen8ou","log":"|j|\u2606giovanidude\n|j|\u2606glaed13\n|t:|1613590879\n|player|p1|giovanidude|224|1630\n|player|p2|glaed13|cheren-gen5bw2|1681\n|teamsize|p1|6\n|teamsize|p2|6\n|gametype|singles\n|gen|8\n|tier|[Gen 8] OU\n|rated|\n|clearpoke\n|poke|p1|Tyranitar, F|\n|poke|p1|Excadrill, F|\n|poke|p1|Zapdos-Galar|\n|poke|p1|Dragapult, M|\n|poke|p1|Magnezone|\n|poke|p1|Keldeo-Resolute|\n|poke|p2|Klefki, F|\n|poke|p2|Blaziken, M|\n|poke|p2|Zapdos-Galar|\n|poke|p2|Inteleon, M|\n|poke|p2|Obstagoon, M|\n|poke|p2|Dragonite, M|\n|rule|Sleep Clause Mod: Limit one foe put to sleep\n|rule|Species Clause: Limit one of each Pok\u00e9mon\n|rule|OHKO Clause: OHKO moves are banned\n|rule|Evasion Moves Clause: Evasion moves are banned\n|rule|Endless Battle Clause: Forcing endless battles is banned\n|rule|HP Percentage Mod: HP is shown in percentages\n|rule|Dynamax Clause: You cannot dynamax\n|teampreview\n|inactive|Battle timer is ON: inactive players will automatically lose when time's up. (requested by glaed13)\n|\n|t:|1613590902\n|start\n|switch|p1a: Excadrill|Excadrill, F|100\/100\n|switch|p2a: Inteleon|Inteleon, M|100\/100\n|turn|1\n|\n|t:|1613590910\n|switch|p1a: Keldeo|Keldeo-Resolute|100\/100\n|move|p2a: Inteleon|Snipe Shot|p1a: Keldeo\n|-resisted|p1a: Keldeo\n|-damage|p1a: Keldeo|76\/100\n|\n|upkeep\n|turn|2\n|\n|t:|1613590929\n|move|p1a: Keldeo|Secret Sword|p2a: Inteleon\n|-damage|p2a: Inteleon|26\/100\n|move|p2a: Inteleon|Focus Energy|p2a: Inteleon\n|-start|p2a: Inteleon|move: Focus Energy\n|\n|upkeep\n|turn|3\n|\n|t:|1613590938\n|switch|p2a: Klefki|Klefki, F|100\/100\n|move|p1a: Keldeo|Secret Sword|p2a: Klefki\n|-damage|p2a: Klefki|58\/100\n|\n|upkeep\n|turn|4\n|\n|t:|1613590942\n|switch|p1a: Excadrill|Excadrill, F|100\/100\n|switch|p2a: Zapdos|Zapdos-Galar|100\/100\n|\n|upkeep\n|turn|5\n|\n|t:|1613590964\n|switch|p1a: Magnezone|Magnezone|100\/100\n|move|p2a: Zapdos|Bulk Up|p2a: Zapdos\n|-boost|p2a: Zapdos|atk|1\n|-boost|p2a: Zapdos|def|1\n|\n|upkeep\n|turn|6\n|\n|t:|1613590973\n|move|p2a: Zapdos|Thunderous Kick|p1a: Magnezone\n|-supereffective|p1a: Magnezone\n|-damage|p1a: Magnezone|0 fnt\n|faint|p1a: Magnezone\n|\n|upkeep\n|inactive|giovanidude has 120 seconds left.\n|inactive|giovanidude has 90 seconds left.\n|\n|t:|1613591026\n|switch|p1a: Keldeo|Keldeo-Resolute|76\/100\n|turn|7\n|\n|t:|1613591030\n|move|p1a: Keldeo|Scald|p2a: Zapdos\n|-damage|p2a: Zapdos|54\/100\n|-status|p2a: Zapdos|brn\n|move|p2a: Zapdos|Acrobatics|p1a: Keldeo\n|-supereffective|p1a: Keldeo\n|-damage|p1a: Keldeo|0 fnt\n|faint|p1a: Keldeo\n|\n|-damage|p2a: Zapdos|48\/100 brn|[from] brn\n|upkeep\n|\n|t:|1613591036\n|switch|p1a: Dragapult|Dragapult, M|100\/100\n|turn|8\n|\n|t:|1613591044\n|move|p1a: Dragapult|Shadow Ball|p2a: Zapdos\n|-damage|p2a: Zapdos|0 fnt\n|faint|p2a: Zapdos\n|\n|upkeep\n|\n|t:|1613591053\n|switch|p2a: Obstagoon|Obstagoon, M|100\/100\n|turn|9\n|\n|t:|1613591056\n|switch|p1a: Tyranitar|Tyranitar, F|100\/100\n|-weather|Sandstorm|[from] ability: Sand Stream|[of] p1a: Tyranitar\n|move|p2a: Obstagoon|Knock Off|p1a: Tyranitar\n|-resisted|p1a: Tyranitar\n|-damage|p1a: Tyranitar|87\/100\n|-enditem|p1a: Tyranitar|Smooth Rock|[from] move: Knock Off|[of] p2a: Obstagoon\n|\n|-weather|Sandstorm|[upkeep]\n|-damage|p2a: Obstagoon|94\/100|[from] Sandstorm\n|-status|p2a: Obstagoon|brn|[from] item: Flame Orb\n|upkeep\n|turn|10\n|\n|t:|1613591060\n|switch|p1a: Zapdos|Zapdos-Galar|100\/100\n|move|p2a: Obstagoon|Close Combat|p1a: Zapdos\n|-resisted|p1a: Zapdos\n|-damage|p1a: Zapdos|71\/100\n|-unboost|p2a: Obstagoon|def|1\n|-unboost|p2a: Obstagoon|spd|1\n|\n|-weather|Sandstorm|[upkeep]\n|-damage|p1a: Zapdos|65\/100|[from] Sandstorm\n|-damage|p2a: Obstagoon|88\/100 brn|[from] Sandstorm\n|-damage|p2a: Obstagoon|82\/100 brn|[from] brn\n|upkeep\n|turn|11\n|\n|t:|1613591064\n|switch|p2a: Inteleon|Inteleon, M|26\/100\n|move|p1a: Zapdos|U-turn|p2a: Inteleon\n|-damage|p2a: Inteleon|0 fnt\n|faint|p2a: Inteleon\n|\n|t:|1613591067\n|switch|p1a: Excadrill|Excadrill, F|100\/100|[from]move: U-turn\n|\n|-weather|Sandstorm|[upkeep]\n|upkeep\n|\n|t:|1613591079\n|switch|p2a: Klefki|Klefki, F|58\/100\n|turn|12\n|\n|t:|1613591083\n|move|p2a: Klefki|Reflect|p2a: Klefki\n|-sidestart|p2: glaed13|Reflect\n|move|p1a: Excadrill|Iron Head|p2a: Klefki\n|-damage|p2a: Klefki|29\/100\n|-damage|p1a: Excadrill|91\/100|[from] item: Life Orb\n|\n|-weather|Sandstorm|[upkeep]\n|upkeep\n|turn|13\n|\n|t:|1613591094\n|move|p2a: Klefki|Light Screen|p2a: Klefki\n|-sidestart|p2: glaed13|move: Light Screen\n|move|p1a: Excadrill|Rapid Spin|p2a: Klefki\n|-resisted|p2a: Klefki\n|-damage|p2a: Klefki|23\/100\n|-boost|p1a: Excadrill|spe|1\n|-damage|p1a: Excadrill|81\/100|[from] item: Life Orb\n|\n|-weather|Sandstorm|[upkeep]\n|upkeep\n|turn|14\n|\n|t:|1613591101\n|switch|p2a: Dragonite|Dragonite, M|100\/100\n|move|p1a: Excadrill|Iron Head|p2a: Dragonite\n|-damage|p2a: Dragonite|83\/100\n|-damage|p1a: Excadrill|71\/100|[from] item: Life Orb\n|\n|-weather|Sandstorm|[upkeep]\n|-damage|p2a: Dragonite|77\/100|[from] Sandstorm\n|upkeep\n|turn|15\n|\n|t:|1613591108\n|move|p1a: Excadrill|Rock Slide|p2a: Dragonite\n|-supereffective|p2a: Dragonite\n|-damage|p2a: Dragonite|35\/100\n|-damage|p1a: Excadrill|61\/100|[from] item: Life Orb\n|move|p2a: Dragonite|Fire Punch|p1a: Excadrill\n|-supereffective|p1a: Excadrill\n|-damage|p1a: Excadrill|0 fnt\n|faint|p1a: Excadrill\n|\n|-weather|Sandstorm|[upkeep]\n|-damage|p2a: Dragonite|29\/100|[from] Sandstorm\n|upkeep\n|\n|t:|1613591136\n|switch|p1a: Zapdos|Zapdos-Galar|65\/100\n|turn|16\n|\n|t:|1613591139\n|move|p2a: Dragonite|Extreme Speed|p1a: Zapdos\n|-damage|p1a: Zapdos|31\/100\n|move|p1a: Zapdos|Brave Bird|p2a: Dragonite\n|-damage|p2a: Dragonite|0 fnt\n|-damage|p1a: Zapdos|21\/100|[from] Recoil\n|faint|p2a: Dragonite\n|\n|-weather|none\n|upkeep\n|inactive|glaed13 has 120 seconds left.\n|\n|t:|1613591172\n|switch|p2a: Blaziken|Blaziken, M|100\/100\n|turn|17\n|\n|t:|1613591176\n|move|p1a: Zapdos|Brave Bird|p2a: Blaziken\n|-supereffective|p2a: Blaziken\n|-damage|p2a: Blaziken|0 fnt\n|-damage|p1a: Zapdos|0 fnt|[from] Recoil\n|faint|p2a: Blaziken\n|faint|p1a: Zapdos\n|\n|upkeep\n|\n|t:|1613591189\n|switch|p1a: Dragapult|Dragapult, M|100\/100\n|switch|p2a: Obstagoon|Obstagoon, M|82\/100 brn\n|turn|18\n|\n|t:|1613591194\n|move|p1a: Dragapult|U-turn|p2a: Obstagoon\n|-supereffective|p2a: Obstagoon\n|-damage|p2a: Obstagoon|49\/100 brn\n|\n|t:|1613591197\n|switch|p1a: Tyranitar|Tyranitar, F|87\/100|[from]move: U-turn\n|-weather|Sandstorm|[from] ability: Sand Stream|[of] p1a: Tyranitar\n|move|p2a: Obstagoon|Knock Off|p1a: Tyranitar\n|-resisted|p1a: Tyranitar\n|-damage|p1a: Tyranitar|72\/100\n|\n|-weather|Sandstorm|[upkeep]\n|-damage|p2a: Obstagoon|43\/100 brn|[from] Sandstorm\n|-damage|p2a: Obstagoon|37\/100 brn|[from] brn\n|upkeep\n|turn|19\n|\n|t:|1613591211\n|move|p2a: Obstagoon|Close Combat|p1a: Tyranitar\n|-supereffective|p1a: Tyranitar\n|-damage|p1a: Tyranitar|0 fnt\n|-unboost|p2a: Obstagoon|def|1\n|-unboost|p2a: Obstagoon|spd|1\n|faint|p1a: Tyranitar\n|\n|-weather|Sandstorm|[upkeep]\n|-damage|p2a: Obstagoon|31\/100 brn|[from] Sandstorm\n|-damage|p2a: Obstagoon|25\/100 brn|[from] brn\n|-sideend|p2: glaed13|Reflect\n|upkeep\n|\n|t:|1613591213\n|switch|p1a: Dragapult|Dragapult, M|100\/100\n|turn|20\n|\n|t:|1613591219\n|switch|p2a: Klefki|Klefki, F|23\/100\n|move|p1a: Dragapult|Fire Blast|p2a: Klefki\n|-supereffective|p2a: Klefki\n|-damage|p2a: Klefki|0 fnt\n|faint|p2a: Klefki\n|\n|-weather|Sandstorm|[upkeep]\n|-damage|p1a: Dragapult|95\/100|[from] Sandstorm\n|-sideend|p2: glaed13|move: Light Screen\n|upkeep\n|\n|t:|1613591224\n|switch|p2a: Obstagoon|Obstagoon, M|25\/100 brn\n|turn|21\n|\n|t:|1613591227\n|move|p1a: Dragapult|Fire Blast|p2a: Obstagoon\n|-damage|p2a: Obstagoon|0 fnt\n|faint|p2a: Obstagoon\n|\n|win|giovanidude\n","uploadtime":1613591231,"views":7,"p1id":"giovanidude","p2id":"glaed13","formatid":"gen8ou","rating":0,"private":0,"password":null}