{"id":"gen8nationaldex-1699599009","p1":"Galarian Blades","p2":"Blacksponge","format":"gen8nationaldex","log":"|j|\u2606Galarian Blades\n|j|\u2606Blacksponge\n|t:|1667249391\n|gametype|singles\n|player|p1|Galarian Blades|169|1712\n|player|p2|Blacksponge|lucas|1727\n|teamsize|p1|6\n|teamsize|p2|6\n|gen|8\n|tier|[Gen 8] National Dex\n|rated|\n|rule|HP Percentage Mod: HP is shown in percentages\n|rule|Endless Battle Clause: Forcing endless battles is banned\n|rule|OHKO Clause: OHKO moves are banned\n|rule|Evasion Moves Clause: Evasion moves are banned\n|rule|Species Clause: Limit one of each Pok\u00e9mon\n|rule|Dynamax Clause: You cannot dynamax\n|rule|Sleep Clause Mod: Limit one foe put to sleep\n|clearpoke\n|poke|p1|Medicham, M|\n|poke|p1|Weavile, M|\n|poke|p1|Tapu Koko|\n|poke|p1|Garchomp, M|\n|poke|p1|Toxapex, M|\n|poke|p1|Corviknight, M|\n|poke|p2|Charizard, M|\n|poke|p2|Regieleki|\n|poke|p2|Victini|\n|poke|p2|Xatu, F|\n|poke|p2|Weavile, F|\n|poke|p2|Gliscor, F|\n|teampreview\n|\n|t:|1667249412\n|start\n|switch|p1a: Medicham|Medicham, M|100\/100\n|switch|p2a: Charizard|Charizard, M|100\/100\n|turn|1\n|j| Shocker555\n|\n|t:|1667249431\n|switch|p2a: Xatu|Xatu, F|100\/100\n|detailschange|p1a: Medicham|Medicham-Mega, M\n|-mega|p1a: Medicham|Medicham|Medichamite\n|move|p1a: Medicham|Fake Out|p2a: Xatu\n|-damage|p2a: Xatu|80\/100\n|-enditem|p2a: Xatu|Eject Button\n|\n|t:|1667249440\n|switch|p2a: Regieleki|Regieleki|100\/100\n|\n|upkeep\n|turn|2\n|\n|t:|1667249447\n|switch|p1a: Garchomp|Garchomp, M|100\/100\n|-zpower|p2a: Regieleki\n|move|p2a: Regieleki|Breakneck Blitz|p1a: Garchomp|[zeffect]\n|-damage|p1a: Garchomp|36\/100\n|\n|upkeep\n|turn|3\n|\n|t:|1667249456\n|move|p2a: Regieleki|Hyper Beam|p1a: Garchomp\n|-damage|p1a: Garchomp|0 fnt\n|-mustrecharge|p2a: Regieleki\n|faint|p1a: Garchomp\n|\n|upkeep\n|\n|t:|1667249460\n|switch|p1a: Medicham|Medicham-Mega, M|100\/100\n|turn|4\n|\n|t:|1667249461\n|cant|p2a: Regieleki|recharge\n|move|p1a: Medicham|High Jump Kick|p2a: Regieleki\n|-damage|p2a: Regieleki|0 fnt\n|faint|p2a: Regieleki\n|\n|upkeep\n|\n|t:|1667249479\n|switch|p2a: Victini|Victini|100\/100\n|turn|5\n|\n|t:|1667249483\n|move|p1a: Medicham|High Jump Kick|p2a: Victini\n|-resisted|p2a: Victini\n|-damage|p2a: Victini|44\/100\n|move|p2a: Victini|Bolt Strike|p1a: Medicham\n|-damage|p1a: Medicham|14\/100\n|\n|upkeep\n|turn|6\n|\n|t:|1667249488\n|switch|p2a: Xatu|Xatu, F|80\/100\n|move|p1a: Medicham|High Jump Kick|p2a: Xatu|[miss]\n|-miss|p1a: Medicham|p2a: Xatu\n|-damage|p1a: Medicham|0 fnt|[from] highjumpkick\n|faint|p1a: Medicham\n|\n|upkeep\n|\n|t:|1667249494\n|switch|p1a: Weavile|Weavile, M|100\/100\n|-ability|p1a: Weavile|Pressure\n|turn|7\n|\n|t:|1667249499\n|move|p1a: Weavile|Knock Off|p2a: Xatu\n|-supereffective|p2a: Xatu\n|-damage|p2a: Xatu|0 fnt\n|faint|p2a: Xatu\n|\n|upkeep\n|\n|t:|1667249504\n|switch|p2a: Charizard|Charizard, M|100\/100\n|turn|8\n|\n|t:|1667249507\n|switch|p1a: Toxapex|Toxapex, M|100\/100\n|detailschange|p2a: Charizard|Charizard-Mega-Y, M\n|-mega|p2a: Charizard|Charizard|Charizardite Y\n|-weather|SunnyDay|[from] ability: Drought|[of] p2a: Charizard\n|move|p2a: Charizard|Weather Ball|p1a: Toxapex\n|-resisted|p1a: Toxapex\n|-damage|p1a: Toxapex|71\/100\n|\n|-weather|SunnyDay|[upkeep]\n|-heal|p1a: Toxapex|77\/100|[from] item: Black Sludge\n|upkeep\n|turn|9\n|\n|t:|1667249511\n|switch|p2a: Gliscor|Gliscor, F|100\/100\n|move|p1a: Toxapex|Scald|p2a: Gliscor\n|-supereffective|p2a: Gliscor\n|-damage|p2a: Gliscor|85\/100\n|\n|-weather|SunnyDay|[upkeep]\n|-heal|p1a: Toxapex|83\/100|[from] item: Black Sludge\n|-status|p2a: Gliscor|tox|[from] item: Toxic Orb\n|upkeep\n|turn|10\n|\n|t:|1667249516\n|switch|p1a: Corviknight|Corviknight, M|100\/100\n|-ability|p1a: Corviknight|Pressure\n|move|p2a: Gliscor|U-turn|p1a: Corviknight\n|-resisted|p1a: Corviknight\n|-damage|p1a: Corviknight|98\/100\n|-damage|p2a: Gliscor|69\/100 tox|[from] item: Rocky Helmet|[of] p1a: Corviknight\n|\n|t:|1667249518\n|switch|p2a: Victini|Victini|44\/100|[from]move: U-turn\n|\n|-weather|SunnyDay|[upkeep]\n|upkeep\n|turn|11\n|\n|t:|1667249521\n|switch|p1a: Toxapex|Toxapex, M|100\/100\n|move|p2a: Victini|V-create|p1a: Toxapex\n|-resisted|p1a: Toxapex\n|-damage|p1a: Toxapex|34\/100\n|-unboost|p2a: Victini|spe|1\n|-unboost|p2a: Victini|def|1\n|-unboost|p2a: Victini|spd|1\n|\n|-weather|SunnyDay|[upkeep]\n|-heal|p1a: Toxapex|40\/100|[from] item: Black Sludge\n|upkeep\n|turn|12\n|j| gummymarkers\n|\n|t:|1667249537\n|switch|p1a: Corviknight|Corviknight, M|98\/100\n|-ability|p1a: Corviknight|Pressure\n|move|p2a: Victini|V-create|p1a: Corviknight\n|-supereffective|p1a: Corviknight\n|-crit|p1a: Corviknight\n|-damage|p1a: Corviknight|0 fnt\n|-unboost|p2a: Victini|spe|1\n|-unboost|p2a: Victini|def|1\n|-unboost|p2a: Victini|spd|1\n|-damage|p2a: Victini|28\/100|[from] item: Rocky Helmet|[of] p1a: Corviknight\n|faint|p1a: Corviknight\n|\n|-weather|none\n|upkeep\n|\n|t:|1667249539\n|switch|p1a: Weavile|Weavile, M|100\/100\n|-ability|p1a: Weavile|Pressure\n|turn|13\n|\n|t:|1667249550\n|-activate|p2a: Victini|move: Pursuit\n|move|p1a: Weavile|Pursuit|p2a: Victini|[from]Pursuit\n|-supereffective|p2a: Victini\n|-damage|p2a: Victini|0 fnt\n|faint|p2a: Victini\n|-hint|A Pokemon can't switch between when it runs out of HP and when it faints\n|\n|upkeep\n|\n|t:|1667249555\n|switch|p2a: Charizard|Charizard-Mega-Y, M|100\/100\n|-weather|SunnyDay|[from] ability: Drought|[of] p2a: Charizard\n|turn|14\n|\n|t:|1667249559\n|switch|p1a: Toxapex|Toxapex, M|73\/100\n|move|p2a: Charizard|Scorching Sands|p1a: Toxapex\n|-supereffective|p1a: Toxapex\n|-damage|p1a: Toxapex|35\/100\n|\n|-weather|SunnyDay|[upkeep]\n|-heal|p1a: Toxapex|41\/100|[from] item: Black Sludge\n|upkeep\n|turn|15\n|\n|t:|1667249568\n|move|p2a: Charizard|Air Slash|p1a: Toxapex\n|-damage|p1a: Toxapex|9\/100\n|cant|p1a: Toxapex|flinch\n|\n|-weather|SunnyDay|[upkeep]\n|-heal|p1a: Toxapex|15\/100|[from] item: Black Sludge\n|upkeep\n|turn|16\n|\n|t:|1667249575\n|switch|p1a: Tapu Koko|Tapu Koko|100\/100\n|-fieldstart|move: Electric Terrain|[from] ability: Electric Surge|[of] p1a: Tapu Koko\n|move|p2a: Charizard|Weather Ball|p1a: Tapu Koko\n|-damage|p1a: Tapu Koko|0 fnt\n|faint|p1a: Tapu Koko\n|\n|-weather|SunnyDay|[upkeep]\n|upkeep\n|\n|t:|1667249579\n|switch|p1a: Toxapex|Toxapex, M|48\/100\n|turn|17\n|\n|t:|1667249591\n|move|p2a: Charizard|Air Slash|p1a: Toxapex\n|-damage|p1a: Toxapex|17\/100\n|move|p1a: Toxapex|Recover|p1a: Toxapex\n|-heal|p1a: Toxapex|67\/100\n|\n|-weather|SunnyDay|[upkeep]\n|-heal|p1a: Toxapex|73\/100|[from] item: Black Sludge\n|upkeep\n|turn|18\n|\n|t:|1667249596\n|move|p2a: Charizard|Scorching Sands|p1a: Toxapex\n|-supereffective|p1a: Toxapex\n|-damage|p1a: Toxapex|35\/100\n|move|p1a: Toxapex|Toxic|p2a: Charizard\n|-status|p2a: Charizard|tox\n|\n|-weather|none\n|-heal|p1a: Toxapex|41\/100|[from] item: Black Sludge\n|-damage|p2a: Charizard|94\/100 tox|[from] psn\n|upkeep\n|turn|19\n|\n|t:|1667249599\n|move|p2a: Charizard|Scorching Sands|p1a: Toxapex\n|-supereffective|p1a: Toxapex\n|-damage|p1a: Toxapex|2\/100\n|-status|p1a: Toxapex|brn\n|move|p1a: Toxapex|Recover|p1a: Toxapex\n|-heal|p1a: Toxapex|52\/100 brn\n|\n|-heal|p1a: Toxapex|58\/100 brn|[from] item: Black Sludge\n|-damage|p2a: Charizard|82\/100 tox|[from] psn\n|-damage|p1a: Toxapex|52\/100 brn|[from] brn\n|upkeep\n|turn|20\n|\n|t:|1667249602\n|move|p2a: Charizard|Air Slash|p1a: Toxapex\n|-damage|p1a: Toxapex|23\/100 brn\n|cant|p1a: Toxapex|flinch\n|\n|-heal|p1a: Toxapex|29\/100 brn|[from] item: Black Sludge\n|-damage|p2a: Charizard|64\/100 tox|[from] psn\n|-damage|p1a: Toxapex|23\/100 brn|[from] brn\n|-fieldend|move: Electric Terrain\n|upkeep\n|turn|21\n|\n|t:|1667249621\n|switch|p1a: Weavile|Weavile, M|100\/100\n|-ability|p1a: Weavile|Pressure\n|move|p2a: Charizard|Scorching Sands|p1a: Weavile\n|-damage|p1a: Weavile|59\/100\n|\n|-damage|p2a: Charizard|40\/100 tox|[from] psn\n|upkeep\n|turn|22\n|\n|t:|1667249628\n|move|p1a: Weavile|Triple Axel|p2a: Charizard\n|-damage|p2a: Charizard|19\/100 tox\n|-damage|p2a: Charizard|0 fnt\n|faint|p2a: Charizard\n|-hitcount|p2: Charizard|2\n|\n|upkeep\n|\n|t:|1667249632\n|switch|p2a: Weavile|Weavile, F|100\/100\n|-ability|p2a: Weavile|Pressure\n|turn|23\n|\n|t:|1667249636\n|switch|p1a: Toxapex|Toxapex, M|56\/100 brn\n|move|p2a: Weavile|Knock Off|p1a: Toxapex\n|-damage|p1a: Toxapex|2\/100 brn\n|-enditem|p1a: Toxapex|Black Sludge|[from] move: Knock Off|[of] p2a: Weavile\n|\n|-damage|p1a: Toxapex|0 fnt|[from] brn\n|faint|p1a: Toxapex\n|upkeep\n|\n|t:|1667249639\n|switch|p1a: Weavile|Weavile, M|59\/100\n|-ability|p1a: Weavile|Pressure\n|turn|24\n|\n|t:|1667249641\n|switch|p2a: Gliscor|Gliscor, F|69\/100 tox\n|move|p1a: Weavile|Triple Axel|p2a: Gliscor\n|-supereffective|p2a: Gliscor\n|-damage|p2a: Gliscor|21\/100 tox\n|-supereffective|p2a: Gliscor\n|-damage|p2a: Gliscor|0 fnt\n|faint|p2a: Gliscor\n|-hitcount|p2: Gliscor|2\n|\n|upkeep\n|\n|t:|1667249643\n|switch|p2a: Weavile|Weavile, F|100\/100\n|-ability|p2a: Weavile|Pressure\n|turn|25\n|\n|t:|1667249645\n|move|p1a: Weavile|Triple Axel|p2a: Weavile\n|-resisted|p2a: Weavile\n|-damage|p2a: Weavile|87\/100\n|-resisted|p2a: Weavile\n|-damage|p2a: Weavile|62\/100\n|-resisted|p2a: Weavile\n|-damage|p2a: Weavile|27\/100\n|-hitcount|p2a: Weavile|3\n|move|p2a: Weavile|Brick Break|p1a: Weavile\n|-supereffective|p1a: Weavile\n|-damage|p1a: Weavile|0 fnt\n|faint|p1a: Weavile\n|\n|win|Blacksponge\n|raw|Galarian Blades's rating: 1712 &rarr; <strong>1693<\/strong><br \/>(-19 for losing)\n|raw|Blacksponge's rating: 1727 &rarr; <strong>1746<\/strong><br \/>(+19 for winning)\n|l|\u2606Galarian Blades\n|l| Shocker555\n||Ladder isn't responding, score probably updated but might not have (Request timeout).\n","uploadtime":1667249656,"views":10,"p1id":"galarianblades","p2id":"blacksponge","formatid":"gen8nationaldex","rating":1693,"private":0,"password":null}