{"id":"gen8ou-1586800874","p1":"Infernoss","p2":"CloudNineee","format":"gen8ou","log":"|j|\u2606Infernoss\n|j|\u203dCloudNineee\n|t:|1654047724\n|gametype|singles\n|player|p1|Infernoss|beauty-gen4dp|1698\n|player|p2|CloudNineee|102|1943\n|teamsize|p1|6\n|teamsize|p2|6\n|gen|8\n|tier|[Gen 8] OU\n|rated|\n|rule|Sleep Clause Mod: Limit one foe put to sleep\n|rule|Species Clause: Limit one of each Pok\u00e9mon\n|rule|OHKO Clause: OHKO moves are banned\n|rule|Evasion Moves Clause: Evasion moves are banned\n|rule|Endless Battle Clause: Forcing endless battles is banned\n|rule|HP Percentage Mod: HP is shown in percentages\n|rule|Dynamax Clause: You cannot dynamax\n|clearpoke\n|poke|p1|Slowbro, M|\n|poke|p1|Hatterene, F|\n|poke|p1|Marowak-Alola, M|\n|poke|p1|Ferrothorn, M|\n|poke|p1|Garchomp, M|\n|poke|p1|Drampa, M|\n|poke|p2|Gastrodon, F|\n|poke|p2|Corviknight, F|\n|poke|p2|Toxapex, F|\n|poke|p2|Zapdos|\n|poke|p2|Blissey, F|\n|poke|p2|Clefable, F|\n|teampreview\n|inactive|Battle timer is ON: inactive players will automatically lose when time's up. (requested by CloudNineee)\n|\n|t:|1654047738\n|start\n|switch|p1a: Billy B.|Marowak-Alola, M|100\/100\n|switch|p2a: Toxapex|Toxapex, F|100\/100\n|turn|1\n|j| f65701\n|\n|t:|1654047746\n|switch|p1a: Thorns|Ferrothorn, M|100\/100\n|move|p2a: Toxapex|Knock Off|p1a: Thorns\n|-damage|p1a: Thorns|90\/100\n|-damage|p2a: Toxapex|88\/100|[from] ability: Iron Barbs|[of] p1a: Thorns\n|-enditem|p1a: Thorns|Leftovers|[from] move: Knock Off|[of] p2a: Toxapex\n|\n|upkeep\n|turn|2\n|\n|t:|1654047754\n|switch|p1a: Hatterene|Hatterene, F|100\/100\n|move|p2a: Toxapex|Toxic Spikes|p1a: Hatterene\n|move|p1a: Hatterene|Toxic Spikes|p2a: Toxapex|[from]ability: Magic Bounce\n|-sidestart|p2: CloudNineee|move: Toxic Spikes\n|\n|upkeep\n|turn|3\n|j| BabyPigsAreLaughin\n|\n|t:|1654047762\n|move|p2a: Toxapex|Knock Off|p1a: Hatterene\n|-damage|p1a: Hatterene|87\/100\n|-enditem|p1a: Hatterene|Kasib Berry|[from] move: Knock Off|[of] p2a: Toxapex\n|move|p1a: Hatterene|Trick Room|p1a: Hatterene\n|-fieldstart|move: Trick Room|[of] p1a: Hatterene\n|\n|upkeep\n|turn|4\n|\n|t:|1654047769\n|move|p1a: Hatterene|Mystical Fire|p2a: Toxapex\n|-resisted|p2a: Toxapex\n|-damage|p2a: Toxapex|79\/100\n|-unboost|p2a: Toxapex|spa|1\n|move|p2a: Toxapex|Toxic Spikes|p1a: Hatterene\n|move|p1a: Hatterene|Toxic Spikes|p2a: Toxapex|[from]ability: Magic Bounce\n|-sidestart|p2: CloudNineee|move: Toxic Spikes\n|\n|upkeep\n|turn|5\n|\n|t:|1654047778\n|move|p1a: Hatterene|Mystical Fire|p2a: Toxapex\n|-resisted|p2a: Toxapex\n|-damage|p2a: Toxapex|71\/100\n|-unboost|p2a: Toxapex|spa|1\n|move|p2a: Toxapex|Toxic Spikes|p1a: Hatterene\n|move|p1a: Hatterene|Toxic Spikes||[from]ability: Magic Bounce|[still]\n|-fail|p1a: Hatterene\n|\n|upkeep\n|turn|6\n|\n|t:|1654047787\n|move|p1a: Hatterene|Mystical Fire|p2a: Toxapex\n|-resisted|p2a: Toxapex\n|-damage|p2a: Toxapex|62\/100\n|-unboost|p2a: Toxapex|spa|1\n|move|p2a: Toxapex|Knock Off|p1a: Hatterene\n|-damage|p1a: Hatterene|77\/100\n|\n|upkeep\n|turn|7\n|\n|t:|1654047796\n|move|p1a: Hatterene|Draining Kiss|p2a: Toxapex\n|-resisted|p2a: Toxapex\n|-damage|p2a: Toxapex|53\/100\n|-heal|p1a: Hatterene|84\/100|[from] drain|[of] p2a: Toxapex\n|move|p2a: Toxapex|Recover|p2a: Toxapex\n|-heal|p2a: Toxapex|100\/100\n|\n|-fieldend|move: Trick Room\n|upkeep\n|turn|8\n|\n|t:|1654047804\n|move|p2a: Toxapex|Knock Off|p1a: Hatterene\n|-damage|p1a: Hatterene|74\/100\n|move|p1a: Hatterene|Draining Kiss|p2a: Toxapex\n|-resisted|p2a: Toxapex\n|-damage|p2a: Toxapex|91\/100\n|-heal|p1a: Hatterene|81\/100|[from] drain|[of] p2a: Toxapex\n|\n|upkeep\n|turn|9\n|\n|t:|1654047815\n|move|p2a: Toxapex|Knock Off|p1a: Hatterene\n|-damage|p1a: Hatterene|72\/100\n|move|p1a: Hatterene|Draining Kiss|p2a: Toxapex\n|-resisted|p2a: Toxapex\n|-damage|p2a: Toxapex|81\/100\n|-heal|p1a: Hatterene|78\/100|[from] drain|[of] p2a: Toxapex\n|\n|upkeep\n|turn|10\n|\n|t:|1654047823\n|move|p2a: Toxapex|Knock Off|p1a: Hatterene\n|-damage|p1a: Hatterene|70\/100\n|move|p1a: Hatterene|Draining Kiss|p2a: Toxapex\n|-resisted|p2a: Toxapex\n|-damage|p2a: Toxapex|72\/100\n|-heal|p1a: Hatterene|76\/100|[from] drain|[of] p2a: Toxapex\n|\n|upkeep\n|turn|11\n|\n|t:|1654047831\n|move|p2a: Toxapex|Toxic Spikes|p1a: Hatterene\n|move|p1a: Hatterene|Toxic Spikes||[from]ability: Magic Bounce|[still]\n|-fail|p1a: Hatterene\n|move|p1a: Hatterene|Draining Kiss|p2a: Toxapex\n|-resisted|p2a: Toxapex\n|-crit|p2a: Toxapex\n|-damage|p2a: Toxapex|58\/100\n|-heal|p1a: Hatterene|86\/100|[from] drain|[of] p2a: Toxapex\n|\n|upkeep\n|turn|12\n|\n|t:|1654047840\n|switch|p1a: Sharpo|Garchomp, M|100\/100\n|move|p2a: Toxapex|Recover|p2a: Toxapex\n|-heal|p2a: Toxapex|100\/100\n|\n|upkeep\n|turn|13\n|\n|t:|1654047845\n|move|p1a: Sharpo|Swords Dance|p1a: Sharpo\n|-boost|p1a: Sharpo|atk|2\n|move|p2a: Toxapex|Toxic|p1a: Sharpo\n|-status|p1a: Sharpo|tox\n|\n|-damage|p1a: Sharpo|94\/100 tox|[from] psn\n|upkeep\n|turn|14\n|\n|t:|1654047852\n|switch|p2a: Corviknight|Corviknight, F|100\/100\n|-ability|p2a: Corviknight|Pressure\n|move|p1a: Sharpo|Swords Dance|p1a: Sharpo\n|-boost|p1a: Sharpo|atk|2\n|\n|-heal|p1a: Sharpo|100\/100 tox|[from] item: Leftovers\n|-damage|p1a: Sharpo|88\/100 tox|[from] psn\n|upkeep\n|turn|15\n|\n|t:|1654047863\n|switch|p2a: Clefable|Clefable, F|100\/100\n|-status|p2a: Clefable|tox\n|move|p1a: Sharpo|Stone Edge|p2a: Clefable|[miss]\n|-miss|p1a: Sharpo|p2a: Clefable\n|\n|-heal|p1a: Sharpo|94\/100 tox|[from] item: Leftovers\n|-damage|p1a: Sharpo|76\/100 tox|[from] psn\n|-damage|p2a: Clefable|94\/100 tox|[from] psn\n|upkeep\n|turn|16\n|c|\u2606Infernoss|lol\n|\n|t:|1654047872\n|move|p1a: Sharpo|Earthquake|p2a: Clefable\n|-crit|p2a: Clefable\n|-damage|p2a: Clefable|32\/100 tox\n|move|p2a: Clefable|Moonblast|p1a: Sharpo\n|-supereffective|p1a: Sharpo\n|-damage|p1a: Sharpo|11\/100 tox\n|\n|-heal|p1a: Sharpo|18\/100 tox|[from] item: Leftovers\n|-heal|p2a: Clefable|39\/100 tox|[from] item: Leftovers\n|-damage|p1a: Sharpo|0 fnt|[from] psn\n|faint|p1a: Sharpo\n|-damage|p2a: Clefable|26\/100 tox|[from] psn\n|upkeep\n|\n|t:|1654047884\n|switch|p1a: Billy B.|Marowak-Alola, M|100\/100\n|turn|17\n|\n|t:|1654047893\n|switch|p2a: Toxapex|Toxapex, F|100\/100\n|-sideend|p2: CloudNineee|move: Toxic Spikes|[of] p2a: Toxapex\n|move|p1a: Billy B.|Poltergeist|p2a: Toxapex\n|-activate|p2a: Toxapex|move: Poltergeist|Shed Shell\n|-damage|p2a: Toxapex|44\/100\n|\n|upkeep\n|turn|18\n|\n|t:|1654047904\n|switch|p1a: Hatterene|Hatterene, F|86\/100\n|move|p2a: Toxapex|Knock Off|p1a: Hatterene\n|-damage|p1a: Hatterene|77\/100\n|\n|upkeep\n|turn|19\n|l| f65701\n|\n|t:|1654047931\n|switch|p2a: Blissey|Blissey, F|100\/100\n|switch|p1a: Thorns|Ferrothorn, M|90\/100\n|\n|upkeep\n|turn|20\n|\n|t:|1654047937\n|switch|p2a: Zapdos|Zapdos|100\/100\n|switch|p1a: Hatterene|Hatterene, F|77\/100\n|\n|upkeep\n|turn|21\n|\n|t:|1654047943\n|switch|p1a: Thorns|Ferrothorn, M|90\/100\n|move|p2a: Zapdos|Thunderbolt|p1a: Thorns\n|-resisted|p1a: Thorns\n|-damage|p1a: Thorns|79\/100\n|\n|upkeep\n|turn|22\n|\n|t:|1654047948\n|move|p2a: Zapdos|Heat Wave|p1a: Thorns\n|-supereffective|p1a: Thorns\n|-damage|p1a: Thorns|8\/100\n|move|p1a: Thorns|Stealth Rock|p2a: Zapdos\n|-sidestart|p2: CloudNineee|move: Stealth Rock\n|\n|upkeep\n|turn|23\n|\n|t:|1654047953\n|move|p2a: Zapdos|Defog|p1a: Thorns\n|-unboost|p1a: Thorns|evasion|1\n|-sideend|p2: CloudNineee|Stealth Rock|[from] move: Defog|[of] p2a: Zapdos\n|move|p1a: Thorns|Leech Seed|p2a: Zapdos|[miss]\n|-miss|p1a: Thorns|p2a: Zapdos\n|\n|upkeep\n|turn|24\n|c|\u2606Infernoss|.....\n|\n|t:|1654047963\n|switch|p1a: Falko|Drampa, M|100\/100\n|move|p2a: Zapdos|Thunderbolt|p1a: Falko\n|-resisted|p1a: Falko\n|-damage|p1a: Falko|82\/100\n|\n|upkeep\n|turn|25\n|\n|t:|1654047972\n|switch|p2a: Blissey|Blissey, F|100\/100\n|move|p1a: Falko|Thunderbolt|p2a: Blissey\n|-damage|p2a: Blissey|88\/100\n|\n|-heal|p2a: Blissey|95\/100|[from] item: Leftovers\n|upkeep\n|turn|26\n|\n|t:|1654047980\n|switch|p1a: Hatterene|Hatterene, F|77\/100\n|move|p2a: Blissey|Seismic Toss|p1a: Hatterene\n|-damage|p1a: Hatterene|45\/100\n|\n|-heal|p2a: Blissey|100\/100|[from] item: Leftovers\n|upkeep\n|turn|27\n|\n|t:|1654047987\n|move|p2a: Blissey|Seismic Toss|p1a: Hatterene\n|-damage|p1a: Hatterene|14\/100\n|move|p1a: Hatterene|Trick Room|p1a: Hatterene\n|-fieldstart|move: Trick Room|[of] p1a: Hatterene\n|\n|upkeep\n|turn|28\n|\n|t:|1654047992\n|move|p1a: Hatterene|Healing Wish|p1a: Hatterene\n|faint|p1a: Hatterene\n|move|p2a: Blissey|Seismic Toss|p1: Hatterene|[notarget]\n|-fail|p2a: Blissey\n|\n|upkeep\n|j|+Rosa \u263d\n|\n|t:|1654047996\n|switch|p1a: Billy B.|Marowak-Alola, M|100\/100\n|turn|29\n|\n|t:|1654048003\n|move|p1a: Billy B.|Substitute|p1a: Billy B.\n|-start|p1a: Billy B.|Substitute\n|-damage|p1a: Billy B.|76\/100\n|move|p2a: Blissey|Toxic||[still]\n|-fail|p2a: Blissey\n|\n|upkeep\n|turn|30\n|\n|t:|1654048019\n|switch|p2a: Toxapex|Toxapex, F|77\/100\n|move|p1a: Billy B.|Swords Dance|p1a: Billy B.\n|-boost|p1a: Billy B.|atk|2\n|\n|upkeep\n|turn|31\n|\n|t:|1654048025\n|switch|p2a: Clefable|Clefable, F|26\/100 tox\n|move|p1a: Billy B.|Poltergeist|p2a: Clefable\n|-activate|p2a: Clefable|move: Poltergeist|Leftovers\n|-damage|p2a: Clefable|0 fnt\n|faint|p2a: Clefable\n|\n|-fieldend|move: Trick Room\n|upkeep\n|\n|t:|1654048032\n|switch|p2a: Zapdos|Zapdos|100\/100\n|turn|32\n|\n|t:|1654048036\n|move|p2a: Zapdos|Heat Wave|p1a: Billy B.\n|-resisted|p1a: Billy B.\n|-activate|p1a: Billy B.|move: Substitute|[damage]\n|move|p1a: Billy B.|Flare Blitz|p2a: Zapdos\n|-damage|p2a: Zapdos|0 fnt\n|faint|p2a: Zapdos\n|\n|upkeep\n|\n|t:|1654048039\n|switch|p2a: Toxapex|Toxapex, F|100\/100\n|turn|33\n|\n|t:|1654048044\n|move|p2a: Toxapex|Knock Off|p1a: Billy B.\n|-supereffective|p1a: Billy B.\n|-end|p1a: Billy B.|Substitute\n|move|p1a: Billy B.|Poltergeist|p2a: Toxapex\n|-activate|p2a: Toxapex|move: Poltergeist|Shed Shell\n|-crit|p2a: Toxapex\n|-damage|p2a: Toxapex|0 fnt\n|faint|p2a: Toxapex\n|\n|upkeep\n|\n|t:|1654048047\n|switch|p2a: Gastrodon|Gastrodon, F|100\/100\n|turn|34\n|j| Paper Returns\n|c| BabyPigsAreLaughin|Payback time?\n|inactive|Infernoss has 120 seconds left.\n|c|\u2606Infernoss|no, +2 poltegeist kill that shit\n|c| BabyPigsAreLaughin|Nice, it looks like you smoked this stall team.\n|inactive|Infernoss has 90 seconds left.\n|c|\u2606Infernoss|+2 252+ Atk Thick Club Marowak-Alola Poltergeist vs. 252 HP \/ 252+ Def Toxapex: 303-357 (99.6 - 117.4%) -- 93.8% chance to OHKO\n|\n|t:|1654048125\n|move|p2a: Gastrodon|Earthquake|p1a: Billy B.\n|-supereffective|p1a: Billy B.\n|-damage|p1a: Billy B.|22\/100\n|move|p1a: Billy B.|Poltergeist|p2a: Gastrodon\n|-activate|p2a: Gastrodon|move: Poltergeist|Leftovers\n|-damage|p2a: Gastrodon|0 fnt\n|faint|p2a: Gastrodon\n|\n|upkeep\n|-message|CloudNineee forfeited.\n|\n|win|Infernoss\n|raw|Infernoss's rating: 1698 &rarr; <strong>1730<\/strong><br \/>(+32 for winning)\n|raw|CloudNineee's rating: 1943 &rarr; <strong>1911<\/strong><br \/>(-32 for losing)\n|l|\u203dCloudNineee\n|l|+Rosa \u263d\n|c| BabyPigsAreLaughin|Nice, you made him rage quit.\n","uploadtime":1654048139,"views":114,"p1id":"infernoss","p2id":"cloudnineee","formatid":"gen8ou","rating":1730,"private":0,"password":null}