{"id":"gen8randombattle-1653227153","p1":"firepunch917","p2":"Qiuescent","format":"gen8randombattle","log":"|j|\u2606firepunch917\n|j|\u203dQiuescent\n|t:|1662001739\n|gametype|singles\n|player|p1|firepunch917|170|2080\n|player|p2|Qiuescent|crasherwake|2156\n|teamsize|p1|6\n|teamsize|p2|6\n|gen|8\n|tier|[Gen 8] Random Battle\n|rated|\n|rule|Species Clause: Limit one of each Pok\u00e9mon\n|rule|HP Percentage Mod: HP is shown in percentages\n|rule|Sleep Clause Mod: Limit one foe put to sleep\n|\n|t:|1662001739\n|start\n|switch|p1a: Slurpuff|Slurpuff, L80, M|262\/262\n|switch|p2a: Alcremie|Alcremie, L86, F|252\/252\n|turn|1\n|inactive|Battle timer is ON: inactive players will automatically lose when time's up. (requested by Qiuescent)\n|\n|t:|1662001757\n|move|p1a: Slurpuff|Belly Drum|p1a: Slurpuff\n|-damage|p1a: Slurpuff|131\/262\n|-setboost|p1a: Slurpuff|atk|6|[from] move: Belly Drum\n|-enditem|p1a: Slurpuff|Sitrus Berry|[eat]\n|-heal|p1a: Slurpuff|196\/262|[from] item: Sitrus Berry\n|move|p2a: Alcremie|Dazzling Gleam|p1a: Slurpuff\n|-damage|p1a: Slurpuff|90\/262\n|\n|upkeep\n|turn|2\n|\n|t:|1662001761\n|-start|p2a: Alcremie|Dynamax|Gmax\n|-heal|p2a: Alcremie|504\/504|[silent]\n|move|p1a: Slurpuff|Play Rough|p2a: Alcremie\n|-damage|p2a: Alcremie|155\/504\n|move|p2a: Alcremie|G-Max Finale|p1a: Slurpuff\n|-damage|p1a: Slurpuff|0 fnt\n|-heal|p2a: Alcremie|239\/504\n|faint|p1a: Slurpuff\n|\n|-heal|p2a: Alcremie|254\/504|[from] item: Leftovers\n|upkeep\n|\n|t:|1662001781\n|switch|p1a: Diggersby|Diggersby, L80, F|267\/267\n|turn|3\n|\n|t:|1662001785\n|move|p1a: Diggersby|Swords Dance|p1a: Diggersby\n|-boost|p1a: Diggersby|atk|2\n|move|p2a: Alcremie|G-Max Finale|p1a: Diggersby\n|-damage|p1a: Diggersby|71\/267\n|-heal|p2a: Alcremie|338\/504\n|\n|-heal|p2a: Alcremie|353\/504|[from] item: Leftovers\n|upkeep\n|turn|4\n|\n|t:|1662001790\n|move|p1a: Diggersby|Earthquake|p2a: Alcremie\n|-damage|p2a: Alcremie|0 fnt\n|faint|p2a: Alcremie\n|-damage|p1a: Diggersby|45\/267|[from] item: Life Orb\n|\n|upkeep\n|\n|t:|1662001795\n|switch|p2a: Calyrex|Calyrex-Shadow, L65|238\/238\n|-ability|p2a: Calyrex|As One\n|-ability|p2a: Calyrex|Unnerve\n|turn|5\n|\n|t:|1662001805\n|move|p2a: Calyrex|Psyshock|p1a: Diggersby\n|-damage|p1a: Diggersby|0 fnt\n|faint|p1a: Diggersby\n|-ability|p2a: Calyrex|Grim Neigh|boost\n|-boost|p2a: Calyrex|spa|1\n|\n|upkeep\n|\n|t:|1662001806\n|switch|p1a: Raichu|Raichu, L86, F|243\/243\n|turn|6\n|\n|t:|1662001811\n|-start|p1a: Raichu|Dynamax|\n|-heal|p1a: Raichu|486\/486|[silent]\n|move|p1a: Raichu|Max Lightning|p2a: Calyrex\n|-crit|p2a: Calyrex\n|-damage|p2a: Calyrex|0 fnt\n|-fieldstart|move: Electric Terrain\n|faint|p2a: Calyrex\n|-damage|p1a: Raichu|462\/486|[from] item: Life Orb\n|\n|upkeep\n|\n|t:|1662001821\n|switch|p2a: Dragapult|Dragapult, L78, M|265\/265\n|turn|7\n|\n|t:|1662001830\n|move|p2a: Dragapult|Draco Meteor|p1a: Raichu\n|-damage|p1a: Raichu|266\/486\n|-unboost|p2a: Dragapult|spa|2\n|move|p1a: Raichu|Max Lightning|p2a: Dragapult\n|-resisted|p2a: Dragapult\n|-damage|p2a: Dragapult|135\/265\n|-damage|p1a: Raichu|242\/486|[from] item: Life Orb\n|\n|upkeep\n|turn|8\n|\n|t:|1662001843\n|switch|p2a: Seismitoad|Seismitoad, L84, F|314\/314\n|move|p1a: Raichu|Max Lightning|p2a: Seismitoad\n|-immune|p2a: Seismitoad\n|\n|upkeep\n|-end|p1a: Raichu|Dynamax\n|-heal|p1a: Raichu|121\/243|[silent]\n|turn|9\n|\n|t:|1662001845\n|move|p1a: Raichu|Surf|p2a: Seismitoad\n|-damage|p2a: Seismitoad|220\/314\n|-damage|p1a: Raichu|97\/243|[from] item: Life Orb\n|move|p2a: Seismitoad|Earthquake|p1a: Raichu\n|-supereffective|p1a: Raichu\n|-damage|p1a: Raichu|0 fnt\n|faint|p1a: Raichu\n|-damage|p2a: Seismitoad|189\/314|[from] item: Life Orb\n|\n|upkeep\n|\n|t:|1662001847\n|switch|p1a: Exeggutor|Exeggutor-Alola, L87, F|307\/307\n|-item|p2a: Seismitoad|Life Orb|[from] ability: Frisk|[of] p1a: Exeggutor|[identify]\n|turn|10\n|\n|t:|1662001850\n|move|p2a: Seismitoad|Stealth Rock|p1a: Exeggutor\n|-sidestart|p1: firepunch917|move: Stealth Rock\n|move|p1a: Exeggutor|Giga Drain|p2a: Seismitoad\n|-supereffective|p2a: Seismitoad\n|-damage|p2a: Seismitoad|0 fnt\n|faint|p2a: Seismitoad\n|\n|-fieldend|move: Electric Terrain\n|upkeep\n|\n|t:|1662001852\n|switch|p2a: Dragapult|Dragapult, L78, M|135\/265\n|turn|11\n|\n|t:|1662001855\n|move|p2a: Dragapult|Draco Meteor|p1a: Exeggutor\n|-supereffective|p1a: Exeggutor\n|-damage|p1a: Exeggutor|0 fnt\n|-unboost|p2a: Dragapult|spa|2\n|faint|p1a: Exeggutor\n|\n|upkeep\n|\n|t:|1662001859\n|switch|p1a: Alakazam|Alakazam, L78, F|214\/214\n|turn|12\n|\n|t:|1662001864\n|switch|p2a: Kingler|Kingler, L84, M|230\/230\n|move|p1a: Alakazam|Nasty Plot|p1a: Alakazam\n|-boost|p1a: Alakazam|spa|2\n|\n|upkeep\n|turn|13\n|\n|t:|1662001867\n|move|p1a: Alakazam|Psychic|p2a: Kingler\n|-damage|p2a: Kingler|0 fnt\n|faint|p2a: Kingler\n|\n|upkeep\n|\n|t:|1662001868\n|switch|p2a: Dragapult|Dragapult, L78, M|135\/265\n|turn|14\n|\n|t:|1662001869\n|move|p2a: Dragapult|Shadow Ball|p1a: Alakazam\n|-supereffective|p1a: Alakazam\n|-damage|p1a: Alakazam|0 fnt\n|faint|p1a: Alakazam\n|\n|upkeep\n|\n|t:|1662001871\n|switch|p1a: Froslass|Froslass, L84, F|255\/255\n|-damage|p1a: Froslass|192\/255|[from] Stealth Rock\n|turn|15\n|\n|t:|1662001873\n|move|p2a: Dragapult|Shadow Ball|p1a: Froslass\n|-supereffective|p1a: Froslass\n|-damage|p1a: Froslass|0 fnt\n|faint|p1a: Froslass\n|\n|win|Qiuescent\n|raw|firepunch917's rating: 2080 &rarr; <strong>2064<\/strong><br \/>(-16 for losing)\n|raw|Qiuescent's rating: 2156 &rarr; <strong>2172<\/strong><br \/>(+16 for winning)\n|l|\u2606firepunch917\n||Ladder isn't responding, score probably updated but might not have (Request timeout).\n","inputlog":">version 6a616b3eff9d23b71ac7ce9a5066e931b21dc500\n>start {\"formatid\":\"gen8randombattle\",\"seed\":[20710,10550,38999,5890],\"rated\":\"Rated battle\"}\n>player p1 {\"name\":\"firepunch917\",\"avatar\":\"170\",\"rating\":2080,\"seed\":[2638,35234,57486,48425]}\n>player p2 {\"name\":\"Qiuescent\",\"avatar\":\"crasherwake\",\"rating\":2156,\"seed\":[52898,54830,55097,22745]}\n>p1 move bellydrum\n>p2 move dazzlinggleam\n>p1 move playrough\n>p2 move dazzlinggleam dynamax\n>p1 switch 3\n>p1 move swordsdance\n>p2 move dazzlinggleam dynamax\n>p1 move earthquake\n>p2 move dazzlinggleam dynamax\n>p2 switch 6\n>p1 move earthquake\n>p2 move psyshock\n>p1 switch 5\n>p1 move thunderbolt dynamax\n>p2 move astralbarrage\n>p2 switch 5\n>p1 move thunderbolt dynamax\n>p2 move dracometeor\n>p1 move thunderbolt dynamax\n>p2 switch 3\n>p1 move surf\n>p2 move earthquake\n>p1 switch 2\n>p1 move gigadrain\n>p2 move stealthrock\n>p2 switch 3\n>p1 move gigadrain\n>p2 move dracometeor\n>p1 switch 4\n>p1 move nastyplot\n>p2 switch 4\n>p1 move psychic\n>p2 move xscissor\n>p2 switch 4\n>p1 move shadowball\n>p2 move shadowball\n>p1 switch 6\n>p1 move poltergeist\n>p2 move shadowball","uploadtime":1662001875,"views":6,"p1id":"firepunch917","p2id":"qiuescent","formatid":"gen8randombattle","rating":2064,"private":0,"password":null}