{"id":"gen8bdspou-1491833042","p1":"Anibunnysomoney","p2":"S6six","format":"gen8bdspou","log":"|html|<div class=\"broadcast-blue\"><strong>[Gen 8 BDSP] OU is currently suspecting Manaphy! For information on how to participate check out the <a href=\"https:\/\/www.smogon.com\/forums\/threads\/np-bdsp-ou-suspect-process-round-2-afterglow.3696052\/\">suspect thread<\/a>.<\/strong><\/div>\n|j|\u2606Anibunnysomoney\n|j|\u2606S6six\n|t:|1642223537\n|gametype|singles\n|player|p1|Anibunnysomoney|bugcatcher-gen4dp|\n|player|p2|S6six|170|\n|teamsize|p1|6\n|teamsize|p2|6\n|gen|8\n|tier|[Gen 8 BDSP] OU\n|rule|Sleep Clause Mod: Limit one foe put to sleep\n|rule|Species Clause: Limit one of each Pok\u00e9mon\n|rule|OHKO Clause: OHKO moves are banned\n|rule|Evasion Moves Clause: Evasion moves are banned\n|rule|Endless Battle Clause: Forcing endless battles is banned\n|rule|HP Percentage Mod: HP is shown in percentages\n|clearpoke\n|poke|p1|Flygon, F|\n|poke|p1|Entei|\n|poke|p1|Azumarill, F|\n|poke|p1|Honchkrow, M|\n|poke|p1|Magnezone|\n|poke|p1|Gallade, M|\n|poke|p2|Jirachi|\n|poke|p2|Garchomp, F|\n|poke|p2|Arcanine, M|\n|poke|p2|Corsola, F|\n|poke|p2|Crobat, M|\n|poke|p2|Abomasnow, M|\n|teampreview\n|l|\u2606S6six\n|player|p2|\n|j|\u2606S6six\n|player|p2|S6six|170\n|j| ktsk\n|c|\u2606S6six|Oh ok so it worked!\n|c|\u2606Anibunnysomoney|Ye\n|c|\u2606S6six|Let\u2019s run it\n|\n|t:|1642223745\n|start\n|switch|p1a: Flygon|Flygon, F|100\/100\n|switch|p2a: Jirachi|Jirachi|100\/100\n|turn|1\n|\n|t:|1642223766\n|move|p1a: Flygon|U-turn|p2a: Jirachi\n|-damage|p2a: Jirachi|82\/100\n|\n|t:|1642223773\n|switch|p1a: Entei|Entei|100\/100|[from]move: U-turn\n|move|p2a: Jirachi|Calm Mind|p2a: Jirachi\n|-boost|p2a: Jirachi|spa|1\n|-boost|p2a: Jirachi|spd|1\n|\n|-heal|p2a: Jirachi|88\/100|[from] item: Leftovers\n|upkeep\n|turn|2\n|\n|t:|1642223809\n|switch|p2a: Crobat|Crobat, M|100\/100\n|move|p1a: Entei|Sacred Fire|p2a: Crobat\n|-damage|p2a: Crobat|4\/100\n|-status|p2a: Crobat|brn\n|\n|-damage|p2a: Crobat|0 fnt|[from] brn\n|faint|p2a: Crobat\n|upkeep\n|\n|t:|1642223820\n|switch|p2a: Corsola|Corsola, F|100\/100\n|turn|3\n|\n|t:|1642223840\n|switch|p1a: Magnezone|Magnezone|100\/100\n|move|p2a: Corsola|Reflect|p2a: Corsola\n|-sidestart|p2: S6six|Reflect\n|\n|upkeep\n|turn|4\n|\n|t:|1642223846\n|move|p2a: Corsola|Light Screen|p2a: Corsola\n|-sidestart|p2: S6six|move: Light Screen\n|move|p1a: Magnezone|Flash Cannon|p2a: Corsola\n|-damage|p2a: Corsola|36\/100\n|-unboost|p2a: Corsola|spd|1\n|\n|upkeep\n|turn|5\n|\n|t:|1642223888\n|switch|p1a: Flygon|Flygon, F|100\/100\n|move|p2a: Corsola|Explosion|p1a: Flygon\n|-damage|p1a: Flygon|10\/100\n|faint|p2a: Corsola\n|\n|upkeep\n|\n|t:|1642223911\n|switch|p2a: Abomasnow|Abomasnow, M|100\/100\n|-weather|Hail|[from] ability: Snow Warning|[of] p2a: Abomasnow\n|turn|6\n|\n|t:|1642223924\n|move|p2a: Abomasnow|Ice Shard|p1a: Flygon\n|-supereffective|p1a: Flygon\n|-damage|p1a: Flygon|0 fnt\n|faint|p1a: Flygon\n|\n|-weather|Hail|[upkeep]\n|upkeep\n|\n|t:|1642223966\n|switch|p1a: Gallade|Gallade, M|100\/100\n|turn|7\n|\n|t:|1642224016\n|switch|p2a: Garchomp|Garchomp, F|100\/100\n|move|p1a: Gallade|Will-O-Wisp|p2a: Garchomp\n|-status|p2a: Garchomp|brn\n|\n|-weather|Hail|[upkeep]\n|-damage|p1a: Gallade|94\/100|[from] Hail\n|-damage|p2a: Garchomp|94\/100 brn|[from] Hail\n|-heal|p2a: Garchomp|100\/100 brn|[from] item: Leftovers\n|-damage|p2a: Garchomp|94\/100 brn|[from] brn\n|-sideend|p2: S6six|Reflect\n|upkeep\n|turn|8\n|\n|t:|1642224040\n|switch|p1a: Azumarill|Azumarill, F|100\/100\n|move|p2a: Garchomp|Substitute|p2a: Garchomp\n|-start|p2a: Garchomp|Substitute\n|-damage|p2a: Garchomp|69\/100 brn\n|\n|-weather|Hail|[upkeep]\n|-damage|p2a: Garchomp|63\/100 brn|[from] Hail\n|-damage|p1a: Azumarill|94\/100|[from] Hail\n|-heal|p2a: Garchomp|69\/100 brn|[from] item: Leftovers\n|-damage|p2a: Garchomp|63\/100 brn|[from] brn\n|-sideend|p2: S6six|move: Light Screen\n|upkeep\n|turn|9\n|\n|t:|1642224061\n|move|p2a: Garchomp|Earthquake|p1a: Azumarill\n|-damage|p1a: Azumarill|68\/100\n|move|p1a: Azumarill|Play Rough|p2a: Garchomp\n|-supereffective|p2a: Garchomp\n|-end|p2a: Garchomp|Substitute\n|\n|-weather|Hail|[upkeep]\n|-damage|p2a: Garchomp|57\/100 brn|[from] Hail\n|-damage|p1a: Azumarill|62\/100|[from] Hail\n|-heal|p2a: Garchomp|63\/100 brn|[from] item: Leftovers\n|-damage|p2a: Garchomp|57\/100 brn|[from] brn\n|upkeep\n|turn|10\n|\n|t:|1642224082\n|switch|p2a: Abomasnow|Abomasnow, M|100\/100\n|move|p1a: Azumarill|Play Rough|p2a: Abomasnow\n|-damage|p2a: Abomasnow|0 fnt\n|faint|p2a: Abomasnow\n|\n|-weather|none\n|upkeep\n|\n|t:|1642224098\n|switch|p2a: Jirachi|Jirachi|88\/100\n|turn|11\n|\n|t:|1642224110\n|switch|p1a: Gallade|Gallade, M|94\/100\n|move|p2a: Jirachi|Thunderbolt|p1a: Gallade\n|-damage|p1a: Gallade|74\/100\n|\n|-heal|p2a: Jirachi|94\/100|[from] item: Leftovers\n|upkeep\n|turn|12\n|\n|t:|1642224144\n|switch|p2a: Arcanine|Arcanine, M|100\/100\n|-ability|p2a: Arcanine|Intimidate|boost\n|-unboost|p1a: Gallade|atk|1\n|move|p1a: Gallade|Knock Off|p2a: Arcanine\n|-damage|p2a: Arcanine|70\/100\n|-enditem|p2a: Arcanine|Choice Band|[from] move: Knock Off|[of] p1a: Gallade\n|\n|upkeep\n|turn|13\n|\n|t:|1642224182\n|switch|p1a: Entei|Entei|100\/100\n|move|p2a: Arcanine|Extreme Speed|p1a: Entei\n|-damage|p1a: Entei|74\/100\n|\n|upkeep\n|turn|14\n|\n|t:|1642224228\n|switch|p2a: Garchomp|Garchomp, F|57\/100 brn\n|move|p1a: Entei|Sacred Fire|p2a: Garchomp\n|-resisted|p2a: Garchomp\n|-damage|p2a: Garchomp|21\/100 brn\n|\n|-heal|p2a: Garchomp|27\/100 brn|[from] item: Leftovers\n|-damage|p2a: Garchomp|21\/100 brn|[from] brn\n|upkeep\n|turn|15\n|\n|t:|1642224268\n|move|p2a: Garchomp|Swords Dance|p2a: Garchomp\n|-boost|p2a: Garchomp|atk|2\n|move|p1a: Entei|Sacred Fire|p2a: Garchomp\n|-resisted|p2a: Garchomp\n|-damage|p2a: Garchomp|0 fnt\n|faint|p2a: Garchomp\n|\n|upkeep\n|c| ktsk|SHAWN U AINT SHIT\n|\n|t:|1642224285\n|switch|p2a: Arcanine|Arcanine, M|70\/100\n|-ability|p2a: Arcanine|Intimidate|boost\n|-fail|p1a: Entei|unboost|Attack|[from] ability: Inner Focus|[of] p1a: Entei\n|turn|16\n|\n|t:|1642224293\n|move|p2a: Arcanine|Close Combat|p1a: Entei\n|-damage|p1a: Entei|34\/100\n|-unboost|p2a: Arcanine|def|1\n|-unboost|p2a: Arcanine|spd|1\n|move|p1a: Entei|Sacred Fire|p2a: Arcanine\n|-resisted|p2a: Arcanine\n|-damage|p2a: Arcanine|0 fnt\n|faint|p2a: Arcanine\n|\n|upkeep\n|\n|t:|1642224303\n|switch|p2a: Jirachi|Jirachi|94\/100\n|turn|17\n|\n|t:|1642224312\n|move|p2a: Jirachi|Thunderbolt|p1a: Entei\n|-damage|p1a: Entei|8\/100\n|-status|p1a: Entei|par\n|move|p1a: Entei|Sacred Fire|p2a: Jirachi\n|-supereffective|p2a: Jirachi\n|-damage|p2a: Jirachi|0 fnt\n|faint|p2a: Jirachi\n|\n|win|Anibunnysomoney\n|j| etest69\n|c|\u2606Anibunnysomoney|Gg\n|c|\u2606S6six|Gg\n|l|\u2606S6six\n|c|\u2606Anibunnysomoney|Entei broken lol\n|c| ktsk|CHEESE\n|l|\u2606Anibunnysomoney\n|j|\u2606Anibunnysomoney\n|player|p1|Anibunnysomoney|bugcatcher-gen4dp\n","uploadtime":1642224415,"views":17,"p1id":"anibunnysomoney","p2id":"s6six","formatid":"gen8bdspou","rating":0,"private":0,"password":null}