{"id":"gen8ou-1216557764","p1":"glaed13","p2":"AriDoja","format":"gen8ou","log":"|j|\u2606glaed13\n|j|\u2606AriDoja\n|t:|1604515112\n|player|p1|glaed13|cheren-gen5bw2|1380\n|player|p2|AriDoja|elesa-gen5bw2|1395\n|teamsize|p1|6\n|teamsize|p2|6\n|gametype|singles\n|gen|8\n|tier|[Gen 8] OU\n|rated|\n|clearpoke\n|poke|p1|Blaziken, M|\n|poke|p1|Klefki, F|\n|poke|p1|Zeraora|\n|poke|p1|Zapdos-Galar|\n|poke|p1|Blastoise, M|\n|poke|p1|Kyurem-Black|\n|poke|p2|Swampert, F|\n|poke|p2|Magearna|\n|poke|p2|Tapu Bulu|\n|poke|p2|Dragapult, F|\n|poke|p2|Pheromosa|\n|poke|p2|Regieleki|\n|rule|Sleep Clause Mod: Limit one foe put to sleep\n|rule|Species Clause: Limit one of each Pok\u00e9mon\n|rule|OHKO Clause: OHKO moves are banned\n|rule|Evasion Moves Clause: Evasion moves are banned\n|rule|Endless Battle Clause: Forcing endless battles is banned\n|rule|HP Percentage Mod: HP is shown in percentages\n|rule|Dynamax Clause: You cannot dynamax\n|teampreview\n|inactive|Battle timer is ON: inactive players will automatically lose when time's up. (requested by glaed13)\n|\n|t:|1604515138\n|start\n|switch|p1a: Klefki|Klefki, F, shiny|100\/100\n|switch|p2a: Tyra|Swampert, F, shiny|100\/100\n|turn|1\n|\n|t:|1604515161\n|move|p1a: Klefki|Reflect|p1a: Klefki\n|-sidestart|p1: glaed13|Reflect\n|move|p2a: Tyra|Earthquake|p1a: Klefki\n|-supereffective|p1a: Klefki\n|-damage|p1a: Klefki|64\/100\n|\n|upkeep\n|turn|2\n|\n|t:|1604515169\n|move|p1a: Klefki|Light Screen|p1a: Klefki\n|-sidestart|p1: glaed13|move: Light Screen\n|move|p2a: Tyra|Stealth Rock|p1a: Klefki\n|-sidestart|p1: glaed13|move: Stealth Rock\n|\n|upkeep\n|turn|3\n|\n|t:|1604515175\n|move|p1a: Klefki|Defog|p2a: Tyra\n|-unboost|p2a: Tyra|evasion|1\n|-sideend|p1: glaed13|Stealth Rock|[from] move: Defog|[of] p1a: Klefki\n|move|p2a: Tyra|Earthquake|p1a: Klefki\n|-supereffective|p1a: Klefki\n|-damage|p1a: Klefki|22\/100\n|\n|upkeep\n|turn|4\n|\n|t:|1604515205\n|switch|p1a: Kyurem|Kyurem-Black|100\/100\n|-ability|p1a: Kyurem|Teravolt\n|move|p2a: Tyra|Stealth Rock|p1a: Kyurem\n|-sidestart|p1: glaed13|move: Stealth Rock\n|\n|upkeep\n|turn|5\n|\n|t:|1604515210\n|move|p1a: Kyurem|Dragon Dance|p1a: Kyurem\n|-boost|p1a: Kyurem|atk|1\n|-boost|p1a: Kyurem|spe|1\n|move|p2a: Tyra|Toxic|p1a: Kyurem\n|-status|p1a: Kyurem|tox\n|-enditem|p1a: Kyurem|Lum Berry|[eat]\n|-curestatus|p1a: Kyurem|tox|[msg]\n|\n|upkeep\n|turn|6\n|\n|t:|1604515215\n|move|p1a: Kyurem|Dragon Claw|p2a: Tyra\n|-damage|p2a: Tyra|27\/100\n|move|p2a: Tyra|Toxic|p1a: Kyurem\n|-status|p1a: Kyurem|tox\n|\n|-heal|p2a: Tyra|33\/100|[from] item: Leftovers\n|-damage|p1a: Kyurem|94\/100 tox|[from] psn\n|upkeep\n|turn|7\n|\n|t:|1604515230\n|move|p1a: Kyurem|Dragon Claw|p2a: Tyra\n|-damage|p2a: Tyra|0 fnt\n|faint|p2a: Tyra\n|\n|-damage|p1a: Kyurem|82\/100 tox|[from] psn\n|upkeep\n|\n|t:|1604515232\n|switch|p2a: Aiko|Magearna|100\/100\n|turn|8\n|\n|t:|1604515235\n|switch|p2a: Banana Mix|Tapu Bulu, shiny|100\/100\n|-fieldstart|move: Grassy Terrain|[from] ability: Grassy Surge|[of] p2a: Banana Mix\n|move|p1a: Kyurem|Fusion Bolt|p2a: Banana Mix\n|-resisted|p2a: Banana Mix\n|-crit|p2a: Banana Mix\n|-damage|p2a: Banana Mix|69\/100\n|\n|-heal|p1a: Kyurem|88\/100 tox|[from] Grassy Terrain\n|-heal|p2a: Banana Mix|75\/100|[from] item: Leftovers\n|-heal|p2a: Banana Mix|82\/100|[from] Grassy Terrain\n|-damage|p1a: Kyurem|70\/100 tox|[from] psn\n|-sideend|p1: glaed13|Reflect\n|upkeep\n|turn|9\n|\n|t:|1604515245\n|move|p2a: Banana Mix|Protect|p2a: Banana Mix\n|-singleturn|p2a: Banana Mix|Protect\n|move|p1a: Kyurem|Icicle Spear|p2a: Banana Mix\n|-activate|p2a: Banana Mix|move: Protect\n|\n|-heal|p1a: Kyurem|76\/100 tox|[from] Grassy Terrain\n|-heal|p2a: Banana Mix|88\/100|[from] item: Leftovers\n|-heal|p2a: Banana Mix|94\/100|[from] Grassy Terrain\n|-damage|p1a: Kyurem|52\/100 tox|[from] psn\n|-sideend|p1: glaed13|move: Light Screen\n|upkeep\n|turn|10\n|\n|t:|1604515251\n|switch|p2a: Aiko|Magearna|100\/100\n|move|p1a: Kyurem|Icicle Spear|p2a: Aiko\n|-resisted|p2a: Aiko\n|-damage|p2a: Aiko|91\/100\n|-resisted|p2a: Aiko\n|-damage|p2a: Aiko|80\/100\n|-resisted|p2a: Aiko\n|-damage|p2a: Aiko|70\/100\n|-hitcount|p2a: Aiko|3\n|\n|-heal|p1a: Kyurem|58\/100 tox|[from] Grassy Terrain\n|-heal|p2a: Aiko|76\/100|[from] Grassy Terrain\n|-damage|p1a: Kyurem|27\/100 tox|[from] psn\n|upkeep\n|turn|11\n|\n|t:|1604515259\n|switch|p2a: Banana Mix|Tapu Bulu, shiny|94\/100\n|move|p1a: Kyurem|Icicle Spear|p2a: Banana Mix\n|-supereffective|p2a: Banana Mix\n|-damage|p2a: Banana Mix|64\/100\n|-supereffective|p2a: Banana Mix\n|-damage|p2a: Banana Mix|30\/100\n|-hitcount|p2a: Banana Mix|2\n|\n|-heal|p1a: Kyurem|33\/100 tox|[from] Grassy Terrain\n|-heal|p2a: Banana Mix|36\/100|[from] item: Leftovers\n|-heal|p2a: Banana Mix|42\/100|[from] Grassy Terrain\n|-damage|p1a: Kyurem|0 fnt|[from] psn\n|faint|p1a: Kyurem\n|upkeep\n|\n|t:|1604515270\n|switch|p1a: Klefki|Klefki, F, shiny|22\/100\n|-damage|p1a: Klefki|16\/100|[from] Stealth Rock\n|turn|12\n|\n|t:|1604515280\n|move|p1a: Klefki|Defog|p2a: Banana Mix\n|-unboost|p2a: Banana Mix|evasion|1\n|-sideend|p1: glaed13|Stealth Rock|[from] move: Defog|[of] p1a: Klefki\n|-fieldend|move: Grassy Terrain\n|move|p2a: Banana Mix|Leech Seed|p1a: Klefki\n|-start|p1a: Klefki|move: Leech Seed\n|\n|-heal|p2a: Banana Mix|48\/100|[from] item: Leftovers\n|-damage|p1a: Klefki|4\/100|[from] Leech Seed|[of] p2a: Banana Mix\n|-heal|p2a: Banana Mix|59\/100|[silent]\n|upkeep\n|turn|13\n|\n|t:|1604515299\n|switch|p2a: Aiko|Magearna|76\/100\n|move|p1a: Klefki|Light Screen|p1a: Klefki\n|-sidestart|p1: glaed13|move: Light Screen\n|\n|-damage|p1a: Klefki|0 fnt|[from] Leech Seed|[of] p2a: Aiko\n|-heal|p2a: Aiko|79\/100|[silent]\n|faint|p1a: Klefki\n|-ability|p2a: Aiko|Soul-Heart|boost\n|-boost|p2a: Aiko|spa|1\n|upkeep\n|\n|t:|1604515309\n|switch|p1a: Blaziken|Blaziken, M|100\/100\n|turn|14\n|\n|t:|1604515320\n|move|p1a: Blaziken|Blaze Kick|p2a: Aiko\n|-supereffective|p2a: Aiko\n|-damage|p2a: Aiko|4\/100\n|move|p2a: Aiko|Volt Switch|p1a: Blaziken\n|-damage|p1a: Blaziken|53\/100\n|\n|t:|1604515327\n|switch|p2a: Khelani|Pheromosa, shiny|100\/100|[from]move: Volt Switch\n|\n|-ability|p1a: Blaziken|Speed Boost|boost\n|-boost|p1a: Blaziken|spe|1\n|upkeep\n|turn|15\n|\n|t:|1604515339\n|switch|p1a: Zapdos|Zapdos-Galar|100\/100\n|move|p2a: Khelani|Close Combat|p1a: Zapdos\n|-resisted|p1a: Zapdos\n|-damage|p1a: Zapdos|60\/100\n|-unboost|p2a: Khelani|def|1\n|-unboost|p2a: Khelani|spd|1\n|\n|upkeep\n|turn|16\n|\n|t:|1604515348\n|move|p2a: Khelani|U-turn|p1a: Zapdos\n|-resisted|p1a: Zapdos\n|-damage|p1a: Zapdos|49\/100\n|\n|t:|1604515351\n|switch|p2a: Aiko|Magearna|4\/100|[from]move: U-turn\n|move|p1a: Zapdos|Acrobatics|p2a: Aiko\n|-resisted|p2a: Aiko\n|-damage|p2a: Aiko|0 fnt\n|faint|p2a: Aiko\n|\n|upkeep\n|\n|t:|1604515353\n|switch|p2a: Speedy Gonzalez|Regieleki|100\/100\n|turn|17\n|\n|t:|1604515358\n|switch|p1a: Zeraora|Zeraora|100\/100\n|move|p2a: Speedy Gonzalez|Ancient Power|p1a: Zeraora\n|-damage|p1a: Zeraora|85\/100\n|-damage|p2a: Speedy Gonzalez|91\/100|[from] item: Life Orb\n|\n|upkeep\n|turn|18\n|\n|t:|1604515365\n|switch|p2a: Banana Mix|Tapu Bulu, shiny|59\/100\n|-fieldstart|move: Grassy Terrain|[from] ability: Grassy Surge|[of] p2a: Banana Mix\n|move|p1a: Zeraora|Knock Off|p2a: Banana Mix\n|-resisted|p2a: Banana Mix\n|-damage|p2a: Banana Mix|48\/100\n|-enditem|p2a: Banana Mix|Leftovers|[from] move: Knock Off|[of] p1a: Zeraora\n|\n|-heal|p1a: Zeraora|91\/100|[from] Grassy Terrain\n|-heal|p2a: Banana Mix|54\/100|[from] Grassy Terrain\n|upkeep\n|turn|19\n|\n|t:|1604515372\n|switch|p1a: Blaziken|Blaziken, M|53\/100\n|move|p2a: Banana Mix|Leech Seed|p1a: Blaziken\n|-start|p1a: Blaziken|move: Leech Seed\n|\n|-heal|p1a: Blaziken|59\/100|[from] Grassy Terrain\n|-heal|p2a: Banana Mix|60\/100|[from] Grassy Terrain\n|-damage|p1a: Blaziken|47\/100|[from] Leech Seed|[of] p2a: Banana Mix\n|-heal|p2a: Banana Mix|71\/100|[silent]\n|upkeep\n|turn|20\n|\n|t:|1604515378\n|move|p1a: Blaziken|Blaze Kick|p2a: Banana Mix\n|-supereffective|p2a: Banana Mix\n|-damage|p2a: Banana Mix|13\/100\n|move|p2a: Banana Mix|Toxic|p1a: Blaziken\n|-status|p1a: Blaziken|tox\n|\n|-heal|p1a: Blaziken|52\/100 tox|[from] Grassy Terrain\n|-heal|p2a: Banana Mix|19\/100|[from] Grassy Terrain\n|-damage|p1a: Blaziken|40\/100 tox|[from] Leech Seed|[of] p2a: Banana Mix\n|-heal|p2a: Banana Mix|30\/100|[silent]\n|-damage|p1a: Blaziken|34\/100 tox|[from] psn\n|-sideend|p1: glaed13|move: Light Screen\n|-ability|p1a: Blaziken|Speed Boost|boost\n|-boost|p1a: Blaziken|spe|1\n|upkeep\n|turn|21\n|\n|t:|1604515388\n|switch|p1a: Zapdos|Zapdos-Galar|49\/100\n|move|p2a: Banana Mix|Protect||[still]\n|-fail|p2a: Banana Mix\n|\n|-heal|p2a: Banana Mix|36\/100|[from] Grassy Terrain\n|upkeep\n|turn|22\n|\n|t:|1604515396\n|move|p1a: Zapdos|Acrobatics|p2a: Banana Mix\n|-supereffective|p2a: Banana Mix\n|-damage|p2a: Banana Mix|0 fnt\n|faint|p2a: Banana Mix\n|\n|-fieldend|move: Grassy Terrain\n|upkeep\n|\n|t:|1604515399\n|switch|p2a: Khelani|Pheromosa, shiny|100\/100\n|turn|23\n|\n|t:|1604515412\n|move|p2a: Khelani|Ice Beam|p1a: Zapdos\n|-supereffective|p1a: Zapdos\n|-damage|p1a: Zapdos|0 fnt\n|faint|p1a: Zapdos\n|-ability|p2a: Khelani|Beast Boost|boost\n|-boost|p2a: Khelani|spe|1\n|\n|upkeep\n|\n|t:|1604515428\n|switch|p1a: Zeraora|Zeraora|91\/100\n|turn|24\n|\n|t:|1604515430\n|move|p1a: Zeraora|Fake Out|p2a: Khelani\n|-damage|p2a: Khelani|62\/100\n|cant|p2a: Khelani|flinch\n|\n|upkeep\n|turn|25\n|\n|t:|1604515434\n|switch|p1a: Blaziken|Blaziken, M|34\/100 tox\n|move|p2a: Khelani|U-turn|p1a: Blaziken\n|-resisted|p1a: Blaziken\n|-damage|p1a: Blaziken|20\/100 tox\n|\n|t:|1604515440\n|switch|p2a: Sinon|Dragapult, F, shiny|100\/100|[from]move: U-turn\n|\n|-damage|p1a: Blaziken|14\/100 tox|[from] psn\n|upkeep\n|turn|26\n|\n|t:|1604515447\n|move|p2a: Sinon|Dragon Darts|p1a: Blaziken\n|-damage|p1a: Blaziken|0 fnt\n|faint|p1a: Blaziken\n|\n|upkeep\n|\n|t:|1604515451\n|switch|p1a: Zeraora|Zeraora|91\/100\n|turn|27\n|\n|t:|1604515453\n|move|p1a: Zeraora|Knock Off|p2a: Sinon\n|-supereffective|p2a: Sinon\n|-damage|p2a: Sinon|0 fnt\n|-enditem|p2a: Sinon|Choice Band|[from] move: Knock Off|[of] p1a: Zeraora\n|faint|p2a: Sinon\n|\n|upkeep\n|\n|t:|1604515457\n|switch|p2a: Khelani|Pheromosa, shiny|62\/100\n|turn|28\n|\n|t:|1604515477\n|switch|p1a: Blastoise|Blastoise, M|100\/100\n|move|p2a: Khelani|Close Combat|p1a: Blastoise\n|-damage|p1a: Blastoise|24\/100\n|-unboost|p2a: Khelani|def|1\n|-unboost|p2a: Khelani|spd|1\n|\n|upkeep\n|turn|29\n|\n|t:|1604515491\n|move|p2a: Khelani|U-turn|p1a: Blastoise\n|-damage|p1a: Blastoise|0 fnt\n|faint|p1a: Blastoise\n|-ability|p2a: Khelani|Beast Boost|boost\n|-boost|p2a: Khelani|spe|1\n|\n|t:|1604515494\n|switch|p2a: Speedy Gonzalez|Regieleki|91\/100|[from]move: U-turn\n|\n|upkeep\n|\n|t:|1604515498\n|switch|p1a: Zeraora|Zeraora|91\/100\n|turn|30\n|\n|t:|1604515503\n|move|p1a: Zeraora|Fake Out|p2a: Speedy Gonzalez\n|-damage|p2a: Speedy Gonzalez|62\/100\n|cant|p2a: Speedy Gonzalez|flinch\n|\n|upkeep\n|turn|31\n|\n|t:|1604515511\n|move|p2a: Speedy Gonzalez|Ancient Power|p1a: Zeraora\n|-damage|p1a: Zeraora|62\/100\n|-boost|p2a: Speedy Gonzalez|atk|1\n|-boost|p2a: Speedy Gonzalez|def|1\n|-boost|p2a: Speedy Gonzalez|spa|1\n|-boost|p2a: Speedy Gonzalez|spd|1\n|-boost|p2a: Speedy Gonzalez|spe|1\n|-damage|p2a: Speedy Gonzalez|52\/100|[from] item: Life Orb\n|move|p1a: Zeraora|Knock Off|p2a: Speedy Gonzalez\n|-damage|p2a: Speedy Gonzalez|10\/100\n|-enditem|p2a: Speedy Gonzalez|Life Orb|[from] move: Knock Off|[of] p1a: Zeraora\n|\n|upkeep\n|turn|32\n|\n|t:|1604515523\n|move|p2a: Speedy Gonzalez|Ancient Power|p1a: Zeraora\n|-damage|p1a: Zeraora|27\/100\n|move|p1a: Zeraora|Close Combat|p2a: Speedy Gonzalez\n|-damage|p2a: Speedy Gonzalez|0 fnt\n|-unboost|p1a: Zeraora|def|1\n|-unboost|p1a: Zeraora|spd|1\n|faint|p2a: Speedy Gonzalez\n|\n|upkeep\n|\n|t:|1604515525\n|switch|p2a: Khelani|Pheromosa, shiny|62\/100\n|turn|33\n|c|\u2606AriDoja|gg wp\n|\n|t:|1604515535\n|move|p2a: Khelani|Close Combat|p1a: Zeraora\n|-damage|p1a: Zeraora|0 fnt\n|-unboost|p2a: Khelani|def|1\n|-unboost|p2a: Khelani|spd|1\n|faint|p1a: Zeraora\n|\n|win|AriDoja\n|l|\u2606glaed13\n||Ladder (probably) updated, but score could not be retrieved (Request timeout).\n","uploadtime":1604515547,"views":17,"p1id":"glaed13","p2id":"aridoja","formatid":"gen8ou","rating":0,"private":0,"password":null}