{"id":"gen8ou-1437560157","p1":"Kyerndo","p2":"Corumba","format":"gen8ou","log":"|j|\u2606Kyerndo\n|j|\u2606Corumba\n|t:|1634557221\n|gametype|singles\n|player|p1|Kyerndo|psychic|1713\n|player|p2|Corumba|265|1636\n|teamsize|p1|6\n|teamsize|p2|6\n|gen|8\n|tier|[Gen 8] OU\n|rated|\n|rule|Sleep Clause Mod: Limit one foe put to sleep\n|rule|Species Clause: Limit one of each Pok\u00e9mon\n|rule|OHKO Clause: OHKO moves are banned\n|rule|Evasion Moves Clause: Evasion moves are banned\n|rule|Endless Battle Clause: Forcing endless battles is banned\n|rule|HP Percentage Mod: HP is shown in percentages\n|rule|Dynamax Clause: You cannot dynamax\n|clearpoke\n|poke|p1|Heatran, F|\n|poke|p1|Thundurus-Therian, M|\n|poke|p1|Kommo-o, F|\n|poke|p1|Scizor, M|\n|poke|p1|Zapdos-Galar|\n|poke|p1|Dragapult, F|\n|poke|p2|Melmetal|\n|poke|p2|Mamoswine, F|\n|poke|p2|Ferrothorn, F|\n|poke|p2|Grimmsnarl, M|\n|poke|p2|Dragapult, F|\n|poke|p2|Dragonite, M|\n|teampreview\n|\n|t:|1634557231\n|start\n|switch|p1a: Thundurus|Thundurus-Therian, M|100\/100\n|switch|p2a: Dragonite|Dragonite, M|100\/100\n|turn|1\n|\n|t:|1634557236\n|move|p1a: Thundurus|Volt Switch|p2a: Dragonite\n|-damage|p2a: Dragonite|76\/100\n|\n|t:|1634557242\n|switch|p1a: Scizor|Scizor, M|100\/100|[from]move: Volt Switch\n|move|p2a: Dragonite|Ice Beam|p1a: Scizor\n|-resisted|p1a: Scizor\n|-damage|p1a: Scizor|91\/100\n|\n|upkeep\n|turn|2\n|\n|t:|1634557248\n|move|p2a: Dragonite|Thunder Wave|p1a: Scizor\n|-status|p1a: Scizor|par\n|move|p1a: Scizor|U-turn|p2a: Dragonite\n|-resisted|p2a: Dragonite\n|-damage|p2a: Dragonite|64\/100\n|\n|t:|1634557260\n|switch|p1a: Zapdos|Zapdos-Galar|100\/100|[from]move: U-turn\n|\n|upkeep\n|turn|3\n|\n|t:|1634557266\n|switch|p2a: Melmetal|Melmetal|100\/100\n|move|p1a: Zapdos|Brave Bird|p2a: Melmetal\n|-resisted|p2a: Melmetal\n|-damage|p2a: Melmetal|73\/100\n|-damage|p1a: Zapdos|89\/100|[from] Recoil\n|\n|upkeep\n|turn|4\n|\n|t:|1634557274\n|switch|p1a: Kommo-o|Kommo-o, F|100\/100\n|move|p2a: Melmetal|Earthquake|p1a: Kommo-o\n|-crit|p1a: Kommo-o\n|-damage|p1a: Kommo-o|62\/100\n|\n|-heal|p1a: Kommo-o|69\/100|[from] item: Leftovers\n|upkeep\n|turn|5\n|\n|t:|1634557284\n|switch|p2a: Grimmsnarl|Grimmsnarl, M|100\/100\n|move|p1a: Kommo-o|Drain Punch|p2a: Grimmsnarl\n|-damage|p2a: Grimmsnarl|61\/100\n|-heal|p1a: Kommo-o|88\/100|[from] drain|[of] p2a: Grimmsnarl\n|\n|-heal|p1a: Kommo-o|95\/100|[from] item: Leftovers\n|upkeep\n|turn|6\n|j| noob732163\n|\n|t:|1634557306\n|switch|p1a: Scizor|Scizor, M|91\/100 par\n|move|p2a: Grimmsnarl|Bulk Up|p2a: Grimmsnarl\n|-boost|p2a: Grimmsnarl|atk|1\n|-boost|p2a: Grimmsnarl|def|1\n|\n|upkeep\n|turn|7\n|\n|t:|1634557313\n|cant|p1a: Scizor|par\n|move|p2a: Grimmsnarl|Darkest Lariat|p1a: Scizor\n|-damage|p1a: Scizor|29\/100 par\n|\n|upkeep\n|turn|8\n|\n|t:|1634557318\n|move|p2a: Grimmsnarl|Sucker Punch|p1a: Scizor\n|-damage|p1a: Scizor|0 fnt\n|faint|p1a: Scizor\n|\n|upkeep\n|\n|t:|1634557322\n|switch|p1a: Zapdos|Zapdos-Galar|89\/100\n|turn|9\n|\n|t:|1634557332\n|switch|p2a: Ferrothorn|Ferrothorn, F|100\/100\n|move|p1a: Zapdos|U-turn|p2a: Ferrothorn\n|-damage|p2a: Ferrothorn|75\/100\n|-damage|p1a: Zapdos|77\/100|[from] ability: Iron Barbs|[of] p2a: Ferrothorn\n|\n|t:|1634557337\n|switch|p1a: Heatran|Heatran, F|100\/100|[from]move: U-turn\n|\n|-heal|p2a: Ferrothorn|81\/100|[from] item: Leftovers\n|upkeep\n|turn|10\n|j| yarcii\n|\n|t:|1634557342\n|switch|p2a: Dragonite|Dragonite, M|64\/100\n|move|p1a: Heatran|Magma Storm|p2a: Dragonite\n|-resisted|p2a: Dragonite\n|-damage|p2a: Dragonite|44\/100\n|-activate|p2a: Dragonite|move: Magma Storm|[of] p1a: Heatran\n|\n|-damage|p2a: Dragonite|31\/100|[from] move: Magma Storm|[partiallytrapped]\n|upkeep\n|turn|11\n|\n|t:|1634557353\n|switch|p1a: Zapdos|Zapdos-Galar|77\/100\n|move|p2a: Dragonite|Thunder Wave|p1a: Zapdos|[miss]\n|-miss|p2a: Dragonite|p1a: Zapdos\n|\n|-end|p2a: Dragonite|Magma Storm|[partiallytrapped]|[silent]\n|upkeep\n|turn|12\n|\n|t:|1634557364\n|switch|p2a: Ferrothorn|Ferrothorn, F|81\/100\n|move|p1a: Zapdos|Close Combat|p2a: Ferrothorn\n|-supereffective|p2a: Ferrothorn\n|-damage|p2a: Ferrothorn|0 fnt\n|-unboost|p1a: Zapdos|def|1\n|-unboost|p1a: Zapdos|spd|1\n|-damage|p1a: Zapdos|64\/100|[from] ability: Iron Barbs|[of] p2a: Ferrothorn\n|faint|p2a: Ferrothorn\n|\n|upkeep\n|j| LT71LX KAI\n|\n|t:|1634557376\n|switch|p2a: Dragapult|Dragapult, F|100\/100\n|turn|13\n|\n|t:|1634557381\n|switch|p2a: Mamoswine|Mamoswine, F|100\/100\n|switch|p1a: Heatran|Heatran, F|100\/100\n|\n|upkeep\n|turn|14\n|\n|t:|1634557389\n|switch|p1a: Zapdos|Zapdos-Galar|64\/100\n|move|p2a: Mamoswine|Earthquake|p1a: Zapdos\n|-immune|p1a: Zapdos\n|\n|upkeep\n|turn|15\n|\n|t:|1634557397\n|move|p2a: Mamoswine|Ice Shard|p1a: Zapdos\n|-supereffective|p1a: Zapdos\n|-crit|p1a: Zapdos\n|-damage|p1a: Zapdos|0 fnt\n|faint|p1a: Zapdos\n|\n|upkeep\n|\n|t:|1634557401\n|switch|p1a: Thundurus|Thundurus-Therian, M|100\/100\n|turn|16\n|\n|t:|1634557409\n|switch|p2a: Dragapult|Dragapult, F|100\/100\n|move|p1a: Thundurus|Focus Blast|p2a: Dragapult\n|-immune|p2a: Dragapult\n|\n|upkeep\n|turn|17\n|\n|t:|1634557416\n|move|p2a: Dragapult|Dragon Darts|p1a: Thundurus\n|-damage|p1a: Thundurus|56\/100\n|-anim|p2a: Dragapult|Dragon Darts|p1a: Thundurus\n|-damage|p1a: Thundurus|17\/100\n|move|p1a: Thundurus|Focus Blast|p2a: Dragapult\n|-immune|p2a: Dragapult\n|\n|upkeep\n|turn|18\n|\n|t:|1634557423\n|switch|p1a: Heatran|Heatran, F|100\/100\n|move|p2a: Dragapult|Dragon Darts|p1a: Heatran\n|-resisted|p1a: Heatran\n|-damage|p1a: Heatran|89\/100\n|-anim|p2a: Dragapult|Dragon Darts|p1a: Heatran\n|-resisted|p1a: Heatran\n|-damage|p1a: Heatran|76\/100\n|\n|-heal|p1a: Heatran|83\/100|[from] item: Leftovers\n|upkeep\n|turn|19\n|\n|t:|1634557427\n|switch|p2a: Dragonite|Dragonite, M|31\/100\n|switch|p1a: Thundurus|Thundurus-Therian, M|17\/100\n|\n|upkeep\n|turn|20\n|\n|t:|1634557434\n|switch|p2a: Dragapult|Dragapult, F|100\/100\n|move|p1a: Thundurus|Focus Blast|p2a: Dragapult\n|-immune|p2a: Dragapult\n|\n|upkeep\n|turn|21\n|\n|t:|1634557441\n|switch|p1a: Heatran|Heatran, F|83\/100\n|move|p2a: Dragapult|Dragon Darts|p1a: Heatran\n|-resisted|p1a: Heatran\n|-damage|p1a: Heatran|70\/100\n|-anim|p2a: Dragapult|Dragon Darts|p1a: Heatran\n|-resisted|p1a: Heatran\n|-damage|p1a: Heatran|59\/100\n|\n|-heal|p1a: Heatran|65\/100|[from] item: Leftovers\n|upkeep\n|turn|22\n|\n|t:|1634557446\n|switch|p2a: Dragonite|Dragonite, M|31\/100\n|switch|p1a: Thundurus|Thundurus-Therian, M|17\/100\n|\n|upkeep\n|turn|23\n|j| allthtsht\n|\n|t:|1634557451\n|switch|p2a: Dragapult|Dragapult, F|100\/100\n|move|p1a: Thundurus|Focus Blast|p2a: Dragapult\n|-immune|p2a: Dragapult\n|\n|upkeep\n|turn|24\n|\n|t:|1634557455\n|switch|p1a: Heatran|Heatran, F|65\/100\n|move|p2a: Dragapult|Dragon Dance|p2a: Dragapult\n|-boost|p2a: Dragapult|atk|1\n|-boost|p2a: Dragapult|spe|1\n|\n|-heal|p1a: Heatran|71\/100|[from] item: Leftovers\n|upkeep\n|turn|25\n|\n|t:|1634557459\n|move|p2a: Dragapult|Dragon Dance|p2a: Dragapult\n|-boost|p2a: Dragapult|atk|1\n|-boost|p2a: Dragapult|spe|1\n|move|p1a: Heatran|Toxic|p2a: Dragapult\n|-status|p2a: Dragapult|tox\n|\n|-heal|p1a: Heatran|77\/100|[from] item: Leftovers\n|-damage|p2a: Dragapult|95\/100 tox|[from] psn\n|upkeep\n|turn|26\n|\n|t:|1634557471\n|move|p2a: Dragapult|Dragon Darts|p1a: Heatran\n|-resisted|p1a: Heatran\n|-damage|p1a: Heatran|53\/100\n|-anim|p2a: Dragapult|Dragon Darts|p1a: Heatran\n|-resisted|p1a: Heatran\n|-damage|p1a: Heatran|32\/100\n|move|p1a: Heatran|Magma Storm|p2a: Dragapult\n|-resisted|p2a: Dragapult\n|-damage|p2a: Dragapult|67\/100 tox\n|-activate|p2a: Dragapult|move: Magma Storm|[of] p1a: Heatran\n|\n|-heal|p1a: Heatran|38\/100|[from] item: Leftovers\n|-damage|p2a: Dragapult|55\/100 tox|[from] psn\n|-damage|p2a: Dragapult|43\/100 tox|[from] move: Magma Storm|[partiallytrapped]\n|upkeep\n|turn|27\n|\n|t:|1634557478\n|move|p1a: Heatran|Protect|p1a: Heatran\n|-singleturn|p1a: Heatran|Protect\n|move|p2a: Dragapult|Dragon Darts|p1a: Heatran\n|-activate|p1a: Heatran|move: Protect\n|\n|-heal|p1a: Heatran|44\/100|[from] item: Leftovers\n|-damage|p2a: Dragapult|25\/100 tox|[from] psn\n|-damage|p2a: Dragapult|12\/100 tox|[from] move: Magma Storm|[partiallytrapped]\n|upkeep\n|turn|28\n|\n|t:|1634557483\n|move|p1a: Heatran|Protect||[still]\n|-fail|p1a: Heatran\n|move|p2a: Dragapult|Dragon Darts|p1a: Heatran\n|-resisted|p1a: Heatran\n|-damage|p1a: Heatran|23\/100\n|-anim|p2a: Dragapult|Dragon Darts|p1a: Heatran\n|-resisted|p1a: Heatran\n|-damage|p1a: Heatran|1\/100\n|\n|-heal|p1a: Heatran|7\/100|[from] item: Leftovers\n|-damage|p2a: Dragapult|0 fnt|[from] psn\n|faint|p2a: Dragapult\n|upkeep\n|\n|t:|1634557498\n|switch|p2a: Dragonite|Dragonite, M|31\/100\n|turn|29\n|j| zttyt\n|\n|t:|1634557502\n|move|p2a: Dragonite|Roost|p2a: Dragonite\n|-heal|p2a: Dragonite|82\/100\n|-singleturn|p2a: Dragonite|move: Roost\n|move|p1a: Heatran|Toxic|p2a: Dragonite\n|-status|p2a: Dragonite|tox\n|\n|-heal|p1a: Heatran|14\/100|[from] item: Leftovers\n|-damage|p2a: Dragonite|75\/100 tox|[from] psn\n|upkeep\n|turn|30\n|\n|t:|1634557508\n|move|p1a: Heatran|Protect|p1a: Heatran\n|-singleturn|p1a: Heatran|Protect\n|move|p2a: Dragonite|Earthquake|p1a: Heatran\n|-activate|p1a: Heatran|move: Protect\n|\n|-heal|p1a: Heatran|20\/100|[from] item: Leftovers\n|-damage|p2a: Dragonite|63\/100 tox|[from] psn\n|upkeep\n|turn|31\n|\n|t:|1634557528\n|move|p2a: Dragonite|Earthquake|p1a: Heatran\n|-supereffective|p1a: Heatran\n|-damage|p1a: Heatran|0 fnt\n|faint|p1a: Heatran\n|\n|-damage|p2a: Dragonite|44\/100 tox|[from] psn\n|upkeep\n|j| deadthoughts\n|\n|t:|1634557533\n|switch|p1a: Dragapult|Dragapult, F|100\/100\n|turn|32\n|\n|t:|1634557538\n|move|p1a: Dragapult|U-turn|p2a: Dragonite\n|-resisted|p2a: Dragonite\n|-damage|p2a: Dragonite|37\/100 tox\n|\n|t:|1634557541\n|switch|p1a: Kommo-o|Kommo-o, F|95\/100|[from]move: U-turn\n|move|p2a: Dragonite|Ice Beam|p1a: Kommo-o\n|-supereffective|p1a: Kommo-o\n|-damage|p1a: Kommo-o|57\/100\n|\n|-heal|p1a: Kommo-o|63\/100|[from] item: Leftovers\n|-damage|p2a: Dragonite|12\/100 tox|[from] psn\n|upkeep\n|turn|33\n|\n|t:|1634557554\n|move|p2a: Dragonite|Thunder Wave|p1a: Kommo-o\n|-status|p1a: Kommo-o|par\n|move|p1a: Kommo-o|Drain Punch|p2a: Dragonite\n|-resisted|p2a: Dragonite\n|-damage|p2a: Dragonite|0 fnt\n|-heal|p1a: Kommo-o|70\/100 par|[from] drain|[of] p2a: Dragonite\n|faint|p2a: Dragonite\n|\n|-heal|p1a: Kommo-o|76\/100 par|[from] item: Leftovers\n|upkeep\n|\n|t:|1634557567\n|switch|p2a: Grimmsnarl|Grimmsnarl, M|61\/100\n|turn|34\n|\n|t:|1634557570\n|move|p2a: Grimmsnarl|Bulk Up|p2a: Grimmsnarl\n|-boost|p2a: Grimmsnarl|atk|1\n|-boost|p2a: Grimmsnarl|def|1\n|move|p1a: Kommo-o|Toxic|p2a: Grimmsnarl\n|-status|p2a: Grimmsnarl|tox\n|-enditem|p2a: Grimmsnarl|Lum Berry|[eat]\n|-curestatus|p2a: Grimmsnarl|tox|[msg]\n|\n|-heal|p1a: Kommo-o|82\/100 par|[from] item: Leftovers\n|upkeep\n|turn|35\n|\n|t:|1634557577\n|move|p2a: Grimmsnarl|Spirit Break|p1a: Kommo-o\n|-supereffective|p1a: Kommo-o\n|-damage|p1a: Kommo-o|0 fnt\n|faint|p1a: Kommo-o\n|\n|upkeep\n|-message|Kyerndo forfeited.\n|\n|win|Corumba\n|raw|Kyerndo's rating: 1713 &rarr; <strong>1689<\/strong><br \/>(-24 for losing)\n|raw|Corumba's rating: 1636 &rarr; <strong>1660<\/strong><br \/>(+24 for winning)\n|l|\u2606Kyerndo\n|l|\u2606Corumba\n","uploadtime":1634557591,"views":90,"p1id":"kyerndo","p2id":"corumba","formatid":"gen8ou","rating":1660,"private":0,"password":null}