{"id":"gen8ou-1646049649","p1":"avavd","p2":"Daevank5","format":"gen8ou","log":"|j|\u2606avavd\n|j|\u2606Daevank5\n|t:|1661231424\n|gametype|singles\n|player|p1|avavd|marlon|1604\n|player|p2|Daevank5|workerice|1694\n|teamsize|p1|6\n|teamsize|p2|6\n|gen|8\n|tier|[Gen 8] OU\n|rated|\n|rule|Sleep Clause Mod: Limit one foe put to sleep\n|rule|Species Clause: Limit one of each Pok\u00e9mon\n|rule|OHKO Clause: OHKO moves are banned\n|rule|Evasion Items Clause: Evasion items are banned\n|rule|Evasion Moves Clause: Evasion moves are banned\n|rule|Endless Battle Clause: Forcing endless battles is banned\n|rule|HP Percentage Mod: HP is shown in percentages\n|rule|Dynamax Clause: You cannot dynamax\n|clearpoke\n|poke|p1|Crawdaunt, M|\n|poke|p1|Corviknight, M|\n|poke|p1|Landorus-Therian, M|\n|poke|p1|Blissey, F|\n|poke|p1|Zapdos|\n|poke|p1|Kartana|\n|poke|p2|Ferrothorn, F|\n|poke|p2|Tornadus-Therian, M|\n|poke|p2|Heatran, F|\n|poke|p2|Landorus-Therian, M|\n|poke|p2|Tapu Fini|\n|poke|p2|Alakazam, F|\n|teampreview\n|\n|t:|1661231435\n|start\n|switch|p1a: Crawdaunt|Crawdaunt, M|100\/100\n|switch|p2a: Tornadus|Tornadus-Therian, M|100\/100\n|turn|1\n|inactive|Battle timer is ON: inactive players will automatically lose when time's up. (requested by avavd)\n|\n|t:|1661231439\n|switch|p1a: Blissey|Blissey, F|100\/100\n|move|p2a: Tornadus|Knock Off|p1a: Blissey\n|-damage|p1a: Blissey|82\/100\n|-enditem|p1a: Blissey|Leftovers|[from] move: Knock Off|[of] p2a: Tornadus\n|\n|upkeep\n|turn|2\n|\n|t:|1661231444\n|move|p2a: Tornadus|Taunt|p1a: Blissey\n|-start|p1a: Blissey|move: Taunt\n|cant|p1a: Blissey|move: Taunt|Teleport\n|\n|upkeep\n|turn|3\n|\n|t:|1661231450\n|move|p2a: Tornadus|Knock Off|p1a: Blissey\n|-damage|p1a: Blissey|71\/100\n|move|p1a: Blissey|Seismic Toss|p2a: Tornadus\n|-damage|p2a: Tornadus|73\/100\n|\n|upkeep\n|turn|4\n|\n|t:|1661231458\n|switch|p2a: Ferrothorn|Ferrothorn, F|100\/100\n|move|p1a: Blissey|Seismic Toss|p2a: Ferrothorn\n|-damage|p2a: Ferrothorn|72\/100\n|-damage|p1a: Blissey|59\/100|[from] ability: Iron Barbs|[of] p2a: Ferrothorn\n|\n|-heal|p2a: Ferrothorn|78\/100|[from] item: Leftovers\n|-end|p1a: Blissey|move: Taunt\n|upkeep\n|turn|5\n|\n|t:|1661231465\n|move|p1a: Blissey|Soft-Boiled|p1a: Blissey\n|-heal|p1a: Blissey|100\/100\n|move|p2a: Ferrothorn|Spikes|p1a: Blissey\n|-sidestart|p1: avavd|Spikes\n|\n|-heal|p2a: Ferrothorn|85\/100|[from] item: Leftovers\n|upkeep\n|turn|6\n|\n|t:|1661231476\n|switch|p1a: Corviknight|Corviknight, M|100\/100\n|-ability|p1a: Corviknight|Pressure\n|move|p2a: Ferrothorn|Leech Seed|p1a: Corviknight\n|-start|p1a: Corviknight|move: Leech Seed\n|\n|-heal|p2a: Ferrothorn|91\/100|[from] item: Leftovers\n|-damage|p1a: Corviknight|88\/100|[from] Leech Seed|[of] p2a: Ferrothorn\n|-heal|p2a: Ferrothorn|100\/100|[silent]\n|upkeep\n|turn|7\n|\n|t:|1661231482\n|move|p1a: Corviknight|Defog|p2a: Ferrothorn\n|-unboost|p2a: Ferrothorn|evasion|1\n|-sideend|p1: avavd|Spikes|[from] move: Defog|[of] p1a: Corviknight\n|move|p2a: Ferrothorn|Spikes|p1a: Corviknight\n|-sidestart|p1: avavd|Spikes\n|\n|-heal|p1a: Corviknight|94\/100|[from] item: Leftovers\n|-damage|p1a: Corviknight|82\/100|[from] Leech Seed|[of] p2a: Ferrothorn\n|upkeep\n|turn|8\n|\n|t:|1661231488\n|move|p1a: Corviknight|Defog|p2a: Ferrothorn\n|-unboost|p2a: Ferrothorn|evasion|1\n|-sideend|p1: avavd|Spikes|[from] move: Defog|[of] p1a: Corviknight\n|move|p2a: Ferrothorn|Spikes|p1a: Corviknight\n|-sidestart|p1: avavd|Spikes\n|\n|-heal|p1a: Corviknight|88\/100|[from] item: Leftovers\n|-damage|p1a: Corviknight|75\/100|[from] Leech Seed|[of] p2a: Ferrothorn\n|upkeep\n|turn|9\n|\n|t:|1661231493\n|move|p1a: Corviknight|Defog|p2a: Ferrothorn\n|-unboost|p2a: Ferrothorn|evasion|1\n|-sideend|p1: avavd|Spikes|[from] move: Defog|[of] p1a: Corviknight\n|move|p2a: Ferrothorn|Spikes|p1a: Corviknight\n|-sidestart|p1: avavd|Spikes\n|\n|-heal|p1a: Corviknight|82\/100|[from] item: Leftovers\n|-damage|p1a: Corviknight|69\/100|[from] Leech Seed|[of] p2a: Ferrothorn\n|upkeep\n|turn|10\n|\n|t:|1661231498\n|move|p1a: Corviknight|Roost|p1a: Corviknight\n|-heal|p1a: Corviknight|100\/100\n|-singleturn|p1a: Corviknight|move: Roost\n|move|p2a: Ferrothorn|Spikes|p1a: Corviknight\n|-sidestart|p1: avavd|Spikes\n|\n|-damage|p1a: Corviknight|88\/100|[from] Leech Seed|[of] p2a: Ferrothorn\n|upkeep\n|turn|11\n|\n|t:|1661231505\n|move|p1a: Corviknight|Defog|p2a: Ferrothorn\n|-unboost|p2a: Ferrothorn|evasion|1\n|-sideend|p1: avavd|Spikes|[from] move: Defog|[of] p1a: Corviknight\n|move|p2a: Ferrothorn|Worry Seed|p1a: Corviknight\n|-endability|p1a: Corviknight|Pressure|[from] move: Worry Seed\n|-ability|p1a: Corviknight|Insomnia|[from] move: Worry Seed\n|\n|-heal|p1a: Corviknight|94\/100|[from] item: Leftovers\n|-damage|p1a: Corviknight|82\/100|[from] Leech Seed|[of] p2a: Ferrothorn\n|upkeep\n|turn|12\n|\n|t:|1661231508\n|switch|p1a: Blissey|Blissey, F|100\/100\n|move|p2a: Ferrothorn|Spikes|p1a: Blissey\n|-sidestart|p1: avavd|Spikes\n|\n|upkeep\n|turn|13\n|\n|t:|1661231518\n|switch|p1a: Corviknight|Corviknight, M|82\/100\n|-ability|p1a: Corviknight|Pressure\n|move|p2a: Ferrothorn|Power Whip|p1a: Corviknight\n|-resisted|p1a: Corviknight\n|-damage|p1a: Corviknight|76\/100\n|\n|-heal|p1a: Corviknight|82\/100|[from] item: Leftovers\n|upkeep\n|turn|14\n|\n|t:|1661231525\n|move|p1a: Corviknight|Defog|p2a: Ferrothorn\n|-unboost|p2a: Ferrothorn|evasion|1\n|-sideend|p1: avavd|Spikes|[from] move: Defog|[of] p1a: Corviknight\n|move|p2a: Ferrothorn|Leech Seed|p1a: Corviknight\n|-start|p1a: Corviknight|move: Leech Seed\n|\n|-heal|p1a: Corviknight|88\/100|[from] item: Leftovers\n|-damage|p1a: Corviknight|76\/100|[from] Leech Seed|[of] p2a: Ferrothorn\n|upkeep\n|turn|15\n|\n|t:|1661231535\n|move|p1a: Corviknight|Defog|p2a: Ferrothorn\n|-unboost|p2a: Ferrothorn|evasion|1\n|move|p2a: Ferrothorn|Spikes|p1a: Corviknight\n|-sidestart|p1: avavd|Spikes\n|\n|-heal|p1a: Corviknight|82\/100|[from] item: Leftovers\n|-damage|p1a: Corviknight|69\/100|[from] Leech Seed|[of] p2a: Ferrothorn\n|upkeep\n|turn|16\n|\n|t:|1661231538\n|switch|p2a: Heatran|Heatran, F|100\/100\n|move|p1a: Corviknight|Roost|p1a: Corviknight\n|-heal|p1a: Corviknight|100\/100\n|-singleturn|p1a: Corviknight|move: Roost\n|\n|-damage|p1a: Corviknight|88\/100|[from] Leech Seed|[of] p2a: Heatran\n|upkeep\n|turn|17\n|\n|t:|1661231543\n|switch|p1a: Blissey|Blissey, F|100\/100\n|-damage|p1a: Blissey|88\/100|[from] Spikes\n|move|p2a: Heatran|Stealth Rock|p1a: Blissey\n|-sidestart|p1: avavd|move: Stealth Rock\n|\n|upkeep\n|turn|18\n|\n|t:|1661231548\n|move|p2a: Heatran|Taunt|p1a: Blissey\n|-start|p1a: Blissey|move: Taunt\n|cant|p1a: Blissey|move: Taunt|Thunder Wave\n|\n|upkeep\n|turn|19\n|\n|t:|1661231565\n|move|p2a: Heatran|Magma Storm|p1a: Blissey|[miss]\n|-miss|p2a: Heatran|p1a: Blissey\n|move|p1a: Blissey|Seismic Toss|p2a: Heatran\n|-damage|p2a: Heatran|75\/100\n|\n|-heal|p2a: Heatran|81\/100|[from] item: Leftovers\n|upkeep\n|turn|20\n|\n|t:|1661231575\n|switch|p2a: Ferrothorn|Ferrothorn, F|100\/100\n|move|p1a: Blissey|Seismic Toss|p2a: Ferrothorn\n|-damage|p2a: Ferrothorn|72\/100\n|-damage|p1a: Blissey|76\/100|[from] ability: Iron Barbs|[of] p2a: Ferrothorn\n|\n|-heal|p2a: Ferrothorn|78\/100|[from] item: Leftovers\n|-end|p1a: Blissey|move: Taunt\n|upkeep\n|turn|21\n|\n|t:|1661231581\n|switch|p1a: Corviknight|Corviknight, M|88\/100\n|-damage|p1a: Corviknight|75\/100|[from] Stealth Rock\n|-ability|p1a: Corviknight|Pressure\n|switch|p2a: Tornadus|Tornadus-Therian, M|100\/100\n|\n|-heal|p1a: Corviknight|82\/100|[from] item: Leftovers\n|upkeep\n|turn|22\n|\n|t:|1661231584\n|move|p2a: Tornadus|Taunt|p1a: Corviknight\n|-start|p1a: Corviknight|move: Taunt\n|cant|p1a: Corviknight|move: Taunt|Defog\n|\n|-heal|p1a: Corviknight|88\/100|[from] item: Leftovers\n|upkeep\n|turn|23\n|\n|t:|1661231588\n|move|p2a: Tornadus|Knock Off|p1a: Corviknight\n|-damage|p1a: Corviknight|76\/100\n|-enditem|p1a: Corviknight|Leftovers|[from] move: Knock Off|[of] p2a: Tornadus\n|move|p1a: Corviknight|Brave Bird|p2a: Tornadus\n|-damage|p2a: Tornadus|60\/100\n|-damage|p1a: Corviknight|64\/100|[from] Recoil\n|\n|upkeep\n|turn|24\n|\n|t:|1661231593\n|switch|p2a: Heatran|Heatran, F|81\/100\n|move|p1a: Corviknight|Brave Bird|p2a: Heatran\n|-resisted|p2a: Heatran\n|-damage|p2a: Heatran|65\/100\n|-damage|p1a: Corviknight|59\/100|[from] Recoil\n|\n|-heal|p2a: Heatran|71\/100|[from] item: Leftovers\n|-end|p1a: Corviknight|move: Taunt\n|upkeep\n|turn|25\n|\n|t:|1661231595\n|switch|p1a: Blissey|Blissey, F|76\/100\n|-damage|p1a: Blissey|63\/100|[from] Spikes\n|-damage|p1a: Blissey|51\/100|[from] Stealth Rock\n|move|p2a: Heatran|Magma Storm|p1a: Blissey\n|-damage|p1a: Blissey|34\/100\n|-activate|p1a: Blissey|move: Magma Storm|[of] p2a: Heatran\n|\n|-heal|p2a: Heatran|78\/100|[from] item: Leftovers\n|-damage|p1a: Blissey|22\/100|[from] move: Magma Storm|[partiallytrapped]\n|upkeep\n|turn|26\n|\n|t:|1661231602\n|move|p2a: Heatran|Taunt|p1a: Blissey\n|-start|p1a: Blissey|move: Taunt\n|move|p1a: Blissey|Seismic Toss|p2a: Heatran\n|-damage|p2a: Heatran|52\/100\n|\n|-heal|p2a: Heatran|58\/100|[from] item: Leftovers\n|-damage|p1a: Blissey|9\/100|[from] move: Magma Storm|[partiallytrapped]\n|upkeep\n|turn|27\n|\n|t:|1661231604\n|move|p2a: Heatran|Earth Power|p1a: Blissey\n|-damage|p1a: Blissey|0 fnt\n|faint|p1a: Blissey\n|\n|-heal|p2a: Heatran|64\/100|[from] item: Leftovers\n|upkeep\n|\n|t:|1661231606\n|switch|p1a: Landorus|Landorus-Therian, M|100\/100\n|-damage|p1a: Landorus|88\/100|[from] Stealth Rock\n|-ability|p1a: Landorus|Intimidate|boost\n|-unboost|p2a: Heatran|atk|1\n|turn|28\n|\n|t:|1661231610\n|switch|p2a: Tornadus|Tornadus-Therian, M|94\/100\n|move|p1a: Landorus|Stealth Rock|p2a: Tornadus\n|-sidestart|p2: Daevank5|move: Stealth Rock\n|\n|-heal|p1a: Landorus|94\/100|[from] item: Leftovers\n|upkeep\n|turn|29\n|\n|t:|1661231614\n|move|p2a: Tornadus|Icy Wind|p1a: Landorus\n|-supereffective|p1a: Landorus\n|-damage|p1a: Landorus|31\/100\n|-unboost|p1a: Landorus|spe|1\n|move|p1a: Landorus|Knock Off|p2a: Tornadus\n|-crit|p2a: Tornadus\n|-damage|p2a: Tornadus|49\/100\n|-enditem|p2a: Tornadus|Heavy-Duty Boots|[from] move: Knock Off|[of] p1a: Landorus\n|\n|-heal|p1a: Landorus|37\/100|[from] item: Leftovers\n|upkeep\n|turn|30\n|\n|t:|1661231623\n|switch|p1a: Corviknight|Corviknight, M|59\/100\n|-damage|p1a: Corviknight|46\/100|[from] Stealth Rock\n|-ability|p1a: Corviknight|Pressure\n|move|p2a: Tornadus|Icy Wind|p1a: Corviknight\n|-damage|p1a: Corviknight|32\/100\n|-unboost|p1a: Corviknight|spe|1\n|\n|upkeep\n|turn|31\n|\n|t:|1661231630\n|switch|p2a: Heatran|Heatran, F|64\/100\n|-damage|p2a: Heatran|52\/100|[from] Stealth Rock\n|move|p1a: Corviknight|Roost|p1a: Corviknight\n|-heal|p1a: Corviknight|82\/100\n|-singleturn|p1a: Corviknight|move: Roost\n|\n|-heal|p2a: Heatran|58\/100|[from] item: Leftovers\n|upkeep\n|turn|32\n|\n|t:|1661231635\n|switch|p1a: Landorus|Landorus-Therian, M|37\/100\n|-damage|p1a: Landorus|25\/100|[from] Stealth Rock\n|-ability|p1a: Landorus|Intimidate|boost\n|-unboost|p2a: Heatran|atk|1\n|move|p2a: Heatran|Magma Storm|p1a: Landorus\n|-damage|p1a: Landorus|0 fnt\n|faint|p1a: Landorus\n|\n|-heal|p2a: Heatran|64\/100|[from] item: Leftovers\n|upkeep\n|\n|t:|1661231637\n|switch|p1a: Crawdaunt|Crawdaunt, M|100\/100\n|-damage|p1a: Crawdaunt|88\/100|[from] Spikes\n|-damage|p1a: Crawdaunt|76\/100|[from] Stealth Rock\n|turn|33\n|\n|t:|1661231641\n|switch|p2a: Tapu Fini|Tapu Fini|100\/100\n|-damage|p2a: Tapu Fini|88\/100|[from] Stealth Rock\n|-fieldstart|move: Misty Terrain|[from] ability: Misty Surge|[of] p2a: Tapu Fini\n|move|p1a: Crawdaunt|Knock Off|p2a: Tapu Fini\n|-resisted|p2a: Tapu Fini\n|-damage|p2a: Tapu Fini|47\/100\n|-enditem|p2a: Tapu Fini|Leftovers|[from] move: Knock Off|[of] p1a: Crawdaunt\n|\n|upkeep\n|turn|34\n|\n|t:|1661231650\n|switch|p1a: Corviknight|Corviknight, M|82\/100\n|-damage|p1a: Corviknight|69\/100|[from] Stealth Rock\n|-ability|p1a: Corviknight|Pressure\n|move|p2a: Tapu Fini|Moonblast|p1a: Corviknight\n|-resisted|p1a: Corviknight\n|-damage|p1a: Corviknight|54\/100\n|\n|upkeep\n|turn|35\n|\n|t:|1661231652\n|move|p2a: Tapu Fini|Taunt|p1a: Corviknight\n|-start|p1a: Corviknight|move: Taunt\n|cant|p1a: Corviknight|move: Taunt|Roost\n|\n|upkeep\n|turn|36\n|\n|t:|1661231664\n|switch|p2a: Heatran|Heatran, F|64\/100\n|-damage|p2a: Heatran|52\/100|[from] Stealth Rock\n|move|p1a: Corviknight|U-turn|p2a: Heatran\n|-resisted|p2a: Heatran\n|-damage|p2a: Heatran|49\/100\n|\n|t:|1661231667\n|switch|p1a: Crawdaunt|Crawdaunt, M|76\/100|[from]move: U-turn\n|-damage|p1a: Crawdaunt|63\/100|[from] Spikes\n|-damage|p1a: Crawdaunt|51\/100|[from] Stealth Rock\n|\n|-heal|p2a: Heatran|55\/100|[from] item: Leftovers\n|upkeep\n|turn|37\n|\n|t:|1661231672\n|switch|p2a: Tapu Fini|Tapu Fini|47\/100\n|-damage|p2a: Tapu Fini|35\/100|[from] Stealth Rock\n|move|p1a: Crawdaunt|Knock Off|p2a: Tapu Fini\n|-resisted|p2a: Tapu Fini\n|-damage|p2a: Tapu Fini|10\/100\n|\n|-fieldend|Misty Terrain\n|upkeep\n|turn|38\n|\n|t:|1661231678\n|switch|p1a: Corviknight|Corviknight, M|54\/100\n|-damage|p1a: Corviknight|42\/100|[from] Stealth Rock\n|-ability|p1a: Corviknight|Pressure\n|move|p2a: Tapu Fini|Moonblast|p1a: Corviknight\n|-resisted|p1a: Corviknight\n|-damage|p1a: Corviknight|26\/100\n|\n|upkeep\n|turn|39\n|\n|t:|1661231681\n|move|p2a: Tapu Fini|Taunt|p1a: Corviknight\n|-start|p1a: Corviknight|move: Taunt\n|move|p1a: Corviknight|Brave Bird|p2a: Tapu Fini\n|-damage|p2a: Tapu Fini|0 fnt\n|faint|p2a: Tapu Fini\n|-damage|p1a: Corviknight|23\/100|[from] Recoil\n|\n|upkeep\n|inactive|Daevank5 has 120 seconds left.\n|\n|t:|1661231734\n|switch|p2a: Alakazam|Alakazam, F|100\/100\n|turn|40\n|\n|t:|1661231736\n|move|p2a: Alakazam|Shadow Ball|p1a: Corviknight\n|-damage|p1a: Corviknight|0 fnt\n|faint|p1a: Corviknight\n|\n|upkeep\n|\n|t:|1661231738\n|switch|p1a: Kartana|Kartana|100\/100\n|-damage|p1a: Kartana|88\/100|[from] Spikes\n|-damage|p1a: Kartana|82\/100|[from] Stealth Rock\n|turn|41\n|inactive|Daevank5 has 120 seconds left.\n|\n|t:|1661231754\n|move|p1a: Kartana|Knock Off|p2a: Alakazam\n|-supereffective|p2a: Alakazam\n|-enditem|p2a: Alakazam|Focus Sash\n|-damage|p2a: Alakazam|1\/100\n|move|p2a: Alakazam|Shadow Ball|p1a: Kartana\n|-damage|p1a: Kartana|0 fnt\n|faint|p1a: Kartana\n|\n|upkeep\n|\n|t:|1661231759\n|switch|p1a: Crawdaunt|Crawdaunt, M|51\/100\n|-damage|p1a: Crawdaunt|38\/100|[from] Spikes\n|-damage|p1a: Crawdaunt|26\/100|[from] Stealth Rock\n|turn|42\n|inactive|Daevank5 has 120 seconds left.\n|\n|t:|1661231780\n|switch|p2a: Tornadus|Tornadus-Therian, M|82\/100\n|-damage|p2a: Tornadus|57\/100|[from] Stealth Rock\n|move|p1a: Crawdaunt|Knock Off|p2a: Tornadus\n|-damage|p2a: Tornadus|0 fnt\n|faint|p2a: Tornadus\n|\n|upkeep\n|inactive|Daevank5 has 90 seconds left.\n|\n|t:|1661231805\n|switch|p2a: Alakazam|Alakazam, F|1\/100\n|turn|43\n|\n|t:|1661231808\n|move|p2a: Alakazam|Shadow Ball|p1a: Crawdaunt\n|-resisted|p1a: Crawdaunt\n|-damage|p1a: Crawdaunt|0 fnt\n|faint|p1a: Crawdaunt\n|\n|upkeep\n|\n|t:|1661231810\n|switch|p1a: Zapdos|Zapdos|100\/100\n|-damage|p1a: Zapdos|76\/100|[from] Stealth Rock\n|turn|44\n|\n|t:|1661231813\n|move|p2a: Alakazam|Psychic|p1a: Zapdos\n|-damage|p1a: Zapdos|22\/100\n|move|p1a: Zapdos|Hurricane|p2a: Alakazam\n|-damage|p2a: Alakazam|0 fnt\n|faint|p2a: Alakazam\n|\n|upkeep\n|\n|t:|1661231821\n|switch|p2a: Landorus|Landorus-Therian, M|100\/100\n|-damage|p2a: Landorus|88\/100|[from] Stealth Rock\n|-ability|p2a: Landorus|Intimidate|boost\n|-unboost|p1a: Zapdos|atk|1\n|turn|45\n|\n|t:|1661231823\n|move|p1a: Zapdos|Hurricane|p2a: Landorus|[miss]\n|-miss|p1a: Zapdos|p2a: Landorus\n|move|p2a: Landorus|Toxic|p1a: Zapdos\n|-status|p1a: Zapdos|tox\n|\n|-heal|p2a: Landorus|94\/100|[from] item: Leftovers\n|-damage|p1a: Zapdos|16\/100 tox|[from] psn\n|upkeep\n|turn|46\n|\n|t:|1661231826\n|move|p1a: Zapdos|Hurricane|p2a: Landorus\n|-damage|p2a: Landorus|28\/100\n|-start|p2a: Landorus|confusion\n|-activate|p2a: Landorus|confusion\n|move|p2a: Landorus|U-turn|p1a: Zapdos\n|-resisted|p1a: Zapdos\n|-damage|p1a: Zapdos|2\/100 tox\n|\n|t:|1661231828\n|switch|p2a: Heatran|Heatran, F|55\/100|[from]move: U-turn\n|-damage|p2a: Heatran|43\/100|[from] Stealth Rock\n|\n|-heal|p2a: Heatran|49\/100|[from] item: Leftovers\n|-damage|p1a: Zapdos|0 fnt|[from] psn\n|faint|p1a: Zapdos\n|\n|win|Daevank5\n|upkeep\n|raw|avavd's rating: 1604 &rarr; <strong>1589<\/strong><br \/>(-15 for losing)\n|raw|Daevank5's rating: 1694 &rarr; <strong>1709<\/strong><br \/>(+15 for winning)\n|l|\u2606avavd\n","uploadtime":1661231841,"views":43,"p1id":"avavd","p2id":"daevank5","formatid":"gen8ou","rating":1589,"private":0,"password":null}