{"id":"gen8randombattle-1420200521","p1":"aceofspadez138","p2":"Lunar Neo","format":"gen8randombattle","log":"|inactive|Battle timer is ON: inactive players will automatically lose when time's up.\n|j|\u2606aceofspadez138\n|j|\u2606Lunar Neo\n|t:|1632105835\n|gametype|singles\n|player|p1|aceofspadez138|red-gen7|\n|player|p2|Lunar Neo|grimsley|\n|teamsize|p1|6\n|teamsize|p2|6\n|gen|8\n|tier|[Gen 8] Random Battle\n|rated|Tournament battle\n|rule|Species Clause: Limit one of each Pok\u00e9mon\n|rule|HP Percentage Mod: HP is shown in percentages\n|rule|Sleep Clause Mod: Limit one foe put to sleep\n|rule|Inverse Mod: Weaknesses become resistances, while resistances and immunities become weaknesses.\n|rule|Scalemons Mod: Every Pokemon's stats, barring HP, are scaled to come as close to a BST of 600 as possible\n|rule|OHKO Clause: OHKO moves are banned\n|rule|Evasion Moves Clause: Evasion moves are banned\n|rule|Endless Battle Clause: Forcing endless battles is banned\n|rule|Dynamax Clause: You cannot dynamax\n|rule|Flipped Mod: Pokemon have their stats flipped (HP becomes Spe, vice versa).\n|rule|350 Cup Mod: If a Pokemon's BST is 350 or lower, all of its stats get doubled.\n|rule|Blitz: Super-fast timer\n|clearpoke\n|poke|p1|Garchomp, L80, F|\n|poke|p1|Conkeldurr, L82, F|\n|poke|p1|Boltund, L88, F|\n|poke|p1|Sudowoodo, L88, M|\n|poke|p1|Landorus, L76, M|\n|poke|p1|Exploud, L86, M|\n|poke|p2|Lurantis, L88, M|\n|poke|p2|Polteageist, L84|\n|poke|p2|Hippowdon, L80, F|\n|poke|p2|Machamp, L87, M|\n|poke|p2|Tornadus, L85, M|\n|poke|p2|Ribombee, L88, F|\n|teampreview\n|inactive|Lunar Neo also wants the timer to be on.\n|j| Tarah204\n|j| Morant11\n|j| Stovetop Synthwave\n|j| EdgiestFool\n|\n|t:|1632105843\n|start\n|switch|p1a: Landorus|Landorus, L76, M|279\/279\n|switch|p2a: Ribombee|Ribombee, L88, F|222\/222\n|turn|1\n|j| krispinesss\n|\n|t:|1632105847\n|move|p2a: Ribombee|Sticky Web|p1a: Landorus\n|-sidestart|p1: aceofspadez138|move: Sticky Web\n|move|p1a: Landorus|Knock Off|p2a: Ribombee\n|-supereffective|p2a: Ribombee\n|-damage|p2a: Ribombee|149\/222\n|-enditem|p2a: Ribombee|Heavy-Duty Boots|[from] move: Knock Off|[of] p1a: Landorus\n|-damage|p1a: Landorus|252\/279|[from] item: Life Orb\n|\n|upkeep\n|turn|2\n|c| Morant11|rip the people who timed out\n|j|%rantai\n|\n|t:|1632105852\n|move|p2a: Ribombee|U-turn|p1a: Landorus\n|-supereffective|p1a: Landorus\n|-damage|p1a: Landorus|82\/279\n|inactive|Lunar Neo has 10 seconds left.\n|c|%rantai|LESS GOOO\n|inactive|Lunar Neo has 5 seconds left.\n|\n|t:|1632105862\n|switch|p2a: Machamp|Machamp, L87, M|237\/237\n|move|p1a: Landorus|Focus Blast|p2a: Machamp|[miss]\n|-miss|p1a: Landorus|p2a: Machamp\n|\n|-status|p2a: Machamp|brn|[from] item: Flame Orb\n|upkeep\n|turn|3\n|inactive|Lunar Neo has 10 seconds left this turn.\n|\n|t:|1632105865\n|move|p2a: Machamp|Bullet Punch|p1a: Landorus\n|-damage|p1a: Landorus|39\/279\n|move|p1a: Landorus|Knock Off|p2a: Machamp\n|-supereffective|p2a: Machamp\n|-damage|p2a: Machamp|128\/237 brn\n|-enditem|p2a: Machamp|Flame Orb|[from] move: Knock Off|[of] p1a: Landorus\n|-damage|p1a: Landorus|12\/279|[from] item: Life Orb\n|\n|-damage|p2a: Machamp|114\/237 brn|[from] brn\n|upkeep\n|turn|4\n|\n|t:|1632105868\n|move|p2a: Machamp|Bullet Punch|p1a: Landorus\n|-damage|p1a: Landorus|0 fnt\n|faint|p1a: Landorus\n|\n|-damage|p2a: Machamp|100\/237 brn|[from] brn\n|upkeep\n|\n|t:|1632105872\n|switch|p1a: Sudowoodo|Sudowoodo, L88, M|196\/196\n|-activate|p1a: Sudowoodo|move: Sticky Web\n|-unboost|p1a: Sudowoodo|spe|1\n|turn|5\n|\n|t:|1632105875\n|move|p2a: Machamp|Facade|p1a: Sudowoodo\n|-supereffective|p1a: Sudowoodo\n|-damage|p1a: Sudowoodo|0 fnt\n|faint|p1a: Sudowoodo\n|\n|-damage|p2a: Machamp|86\/237 brn|[from] brn\n|upkeep\n|\n|t:|1632105879\n|switch|p1a: Exploud|Exploud, L86, M|314\/314\n|-activate|p1a: Exploud|move: Sticky Web\n|-unboost|p1a: Exploud|spe|1\n|turn|6\n|inactive|Lunar Neo has 10 seconds left.\n|\n|t:|1632105887\n|move|p2a: Machamp|Facade|p1a: Exploud\n|-damage|p1a: Exploud|187\/314\n|move|p1a: Exploud|Boomburst|p2a: Machamp\n|-damage|p2a: Machamp|0 fnt\n|faint|p2a: Machamp\n|\n|upkeep\n|inactive|Lunar Neo has 10 seconds left.\n|\n|t:|1632105893\n|switch|p2a: Lurantis|Lurantis, L88, M|222\/222\n|turn|7\n|\n|t:|1632105895\n|move|p2a: Lurantis|Leaf Storm|p1a: Exploud\n|-damage|p1a: Exploud|54\/314\n|-boost|p2a: Lurantis|spa|2\n|move|p1a: Exploud|Boomburst|p2a: Lurantis\n|-damage|p2a: Lurantis|80\/222\n|\n|-heal|p2a: Lurantis|93\/222|[from] item: Leftovers\n|upkeep\n|turn|8\n|\n|t:|1632105899\n|move|p2a: Lurantis|Leaf Storm|p1a: Exploud\n|-damage|p1a: Exploud|0 fnt\n|-boost|p2a: Lurantis|spa|2\n|faint|p1a: Exploud\n|\n|-heal|p2a: Lurantis|106\/222|[from] item: Leftovers\n|upkeep\n|\n|t:|1632105902\n|switch|p1a: Boltund|Boltund, L88, F|356\/356\n|-activate|p1a: Boltund|move: Sticky Web\n|-unboost|p1a: Boltund|spe|1\n|turn|9\n|j| hung worldbreaker\n|inactive|Lunar Neo has 10 seconds left.\n|\n|t:|1632105908\n|switch|p2a: Tornadus|Tornadus, L85, M|327\/327\n|move|p1a: Boltund|Thunder Fang|p2a: Tornadus\n|-resisted|p2a: Tornadus\n|-damage|p2a: Tornadus|284\/327\n|-damage|p1a: Boltund|321\/356|[from] item: Life Orb\n|\n|upkeep\n|turn|10\n|\n|t:|1632105913\n|switch|p1a: Conkeldurr|Conkeldurr, L82, F|208\/208\n|-activate|p1a: Conkeldurr|move: Sticky Web\n|-unboost|p1a: Conkeldurr|spe|1\n|move|p2a: Tornadus|Hurricane|p1a: Conkeldurr\n|-resisted|p1a: Conkeldurr\n|-damage|p1a: Conkeldurr|168\/208\n|-damage|p2a: Tornadus|252\/327|[from] item: Life Orb\n|\n|-status|p1a: Conkeldurr|brn|[from] item: Flame Orb\n|upkeep\n|turn|11\n|j| HexAtomWasTaken\n|inactive|Lunar Neo has 10 seconds left.\n|j| coronav1rus\n|\n|t:|1632105921\n|switch|p2a: Hippowdon|Hippowdon, L80, F|206\/206\n|-weather|Sandstorm|[from] ability: Sand Stream|[of] p2a: Hippowdon\n|move|p1a: Conkeldurr|Facade|p2a: Hippowdon\n|-damage|p2a: Hippowdon|66\/206\n|\n|-weather|Sandstorm|[upkeep]\n|-damage|p1a: Conkeldurr|155\/208 brn|[from] Sandstorm\n|-heal|p2a: Hippowdon|78\/206|[from] item: Leftovers\n|-damage|p1a: Conkeldurr|142\/208 brn|[from] brn\n|upkeep\n|turn|12\n|l| HexAtomWasTaken\n|\n|t:|1632105926\n|move|p2a: Hippowdon|Earthquake|p1a: Conkeldurr\n|-damage|p1a: Conkeldurr|25\/208 brn\n|move|p1a: Conkeldurr|Facade|p2a: Hippowdon\n|-damage|p2a: Hippowdon|0 fnt\n|faint|p2a: Hippowdon\n|\n|-weather|Sandstorm|[upkeep]\n|-damage|p1a: Conkeldurr|12\/208 brn|[from] Sandstorm\n|-damage|p1a: Conkeldurr|0 fnt|[from] brn\n|faint|p1a: Conkeldurr\n|upkeep\n|inactive|aceofspadez138 has 10 seconds left.\n|inactive|Lunar Neo has 10 seconds left.\n|\n|t:|1632105933\n|switch|p1a: Garchomp|Garchomp, L80, F|294\/294\n|switch|p2a: Tornadus|Tornadus, L85, M|252\/327\n|-activate|p1a: Garchomp|move: Sticky Web\n|-unboost|p1a: Garchomp|spe|1\n|turn|13\n|j| trelorockas\n|inactive|aceofspadez138 has 10 seconds left.\n|\n|t:|1632105939\n|move|p2a: Tornadus|Heat Wave|p1a: Garchomp\n|-supereffective|p1a: Garchomp\n|-damage|p1a: Garchomp|177\/294\n|-damage|p2a: Tornadus|220\/327|[from] item: Life Orb\n|move|p1a: Garchomp|Earthquake|p2a: Tornadus\n|-supereffective|p2a: Tornadus\n|-damage|p2a: Tornadus|86\/327\n|\n|-weather|Sandstorm|[upkeep]\n|-damage|p2a: Tornadus|66\/327|[from] Sandstorm\n|upkeep\n|turn|14\n|\n|t:|1632105943\n|move|p2a: Tornadus|Heat Wave|p1a: Garchomp\n|-supereffective|p1a: Garchomp\n|-damage|p1a: Garchomp|60\/294\n|-damage|p2a: Tornadus|34\/327|[from] item: Life Orb\n|move|p1a: Garchomp|Earthquake|p2a: Tornadus\n|-supereffective|p2a: Tornadus\n|-damage|p2a: Tornadus|0 fnt\n|faint|p2a: Tornadus\n|\n|-weather|Sandstorm|[upkeep]\n|upkeep\n|inactive|Lunar Neo has 10 seconds left.\n|\n|t:|1632105950\n|switch|p2a: Polteageist|Polteageist, L84|255\/255\n|turn|15\n|\n|t:|1632105954\n|move|p2a: Polteageist|Shell Smash|p2a: Polteageist\n|-unboost|p2a: Polteageist|def|1\n|-unboost|p2a: Polteageist|spd|1\n|-boost|p2a: Polteageist|atk|2\n|-boost|p2a: Polteageist|spa|2\n|-boost|p2a: Polteageist|spe|2\n|-enditem|p2a: Polteageist|White Herb\n|-clearnegativeboost|p2a: Polteageist|[silent]\n|move|p1a: Garchomp|Outrage|p2a: Polteageist\n|-damage|p2a: Polteageist|177\/255\n|-start|p1a: Garchomp|Disable|Outrage|[from] ability: Cursed Body|[of] p2a: Polteageist\n|\n|-weather|none\n|upkeep\n|turn|16\n|\n|t:|1632105959\n|move|p2a: Polteageist|Shadow Ball|p1a: Garchomp\n|-damage|p1a: Garchomp|0 fnt\n|faint|p1a: Garchomp\n|\n|upkeep\n|\n|t:|1632105960\n|switch|p1a: Boltund|Boltund, L88, F|321\/356\n|-activate|p1a: Boltund|move: Sticky Web\n|-unboost|p1a: Boltund|spe|1\n|turn|17\n|l| coronav1rus\n|\n|t:|1632105964\n|move|p2a: Polteageist|Stored Power|p1a: Boltund\n|-damage|p1a: Boltund|188\/356\n|move|p1a: Boltund|Psychic Fangs|p2a: Polteageist\n|-damage|p2a: Polteageist|109\/255\n|-start|p1a: Boltund|Disable|Psychic Fangs|[from] ability: Cursed Body|[of] p2a: Polteageist\n|-damage|p1a: Boltund|153\/356|[from] item: Life Orb\n|\n|upkeep\n|turn|18\n|c|\u2606aceofspadez138|gg\n|\n|t:|1632105968\n|move|p2a: Polteageist|Shadow Ball|p1a: Boltund\n|-damage|p1a: Boltund|44\/356\n|move|p1a: Boltund|Play Rough|p2a: Polteageist\n|-damage|p2a: Polteageist|62\/255\n|-damage|p1a: Boltund|9\/356|[from] item: Life Orb\n|\n|upkeep\n|turn|19\n|\n|t:|1632105970\n|move|p2a: Polteageist|Shadow Ball|p1a: Boltund\n|-damage|p1a: Boltund|0 fnt\n|faint|p1a: Boltund\n|\n|win|Lunar Neo\n|n|\u2606aceofspadez138|aceofspadez138\n|n|\u2606Lunar Neo|lunarneo\n|n| Tarah204|tarah204\n|n| Morant11|morant11\n|n| Stovetop Synthwave|stovetopsynthwave\n|n| EdgiestFool|edgiestfool\n|n| krispinesss|krispinesss\n|n| rantai|rantai\n|n| hung worldbreaker|hungworldbreaker\n|n| trelorockas|trelorockas\n","inputlog":">version 31344c5d4dba51dd5b817b51e8b05fd3f9e12f6e\n>start {\"formatid\":\"gen8randombattle@@@inversemod,!cancelmod,scalemonsmod,godlygift,flippedmod,350cupmod,blitz\",\"seed\":[15163,54382,61193,43064],\"rated\":\"Tournament battle\"}\n>player p1 {\"name\":\"aceofspadez138\",\"avatar\":\"red-gen7\",\"rating\":0,\"seed\":[29661,30846,59978,56682]}\n>player p2 {\"name\":\"Lunar Neo\",\"avatar\":\"grimsley\",\"rating\":0,\"seed\":[60255,5004,33735,24047]}\n>p1 team 5, 2, 3, 4, 1, 6\n>p2 team 6, 2, 3, 4, 5, 1\n>p1 move knockoff\n>p2 move stickyweb\n>chat  Morant11|rip the people who timed out\n>p1 move focusblast\n>p2 move uturn\n>chat %rantai|LESS GOOO\n>p2 switch 4\n>p1 move knockoff\n>p2 move bulletpunch\n>p1 move knockoff\n>p2 move bulletpunch\n>p1 switch 4\n>p1 move headsmash\n>p2 move facade\n>p1 switch 6\n>p1 move boomburst\n>p2 move facade\n>p2 switch 6\n>p1 move boomburst\n>p2 move leafstorm\n>p1 move boomburst\n>p2 move leafstorm\n>p1 switch 3\n>p1 move thunderfang\n>p2 switch 5\n>p1 switch 2\n>p2 move hurricane\n>p1 move facade\n>p2 switch 3\n>p1 move facade\n>p2 move earthquake\n>p1 switch 5\n>p2 switch 3\n>p1 move earthquake\n>p2 move heatwave\n>p1 move earthquake\n>p2 move heatwave\n>p2 switch 2\n>p1 move outrage\n>p2 move shellsmash\n>p1 move outrage\n>p2 move shadowball\n>p1 switch 2\n>p1 move psychicfangs\n>p2 move storedpower\n>chat \u2606aceofspadez138|gg\n>p1 move playrough\n>p2 move shadowball\n>p1 move playrough\n>p2 move shadowball","uploadtime":1632105971,"views":3,"p1id":"aceofspadez138","p2id":"lunarneo","formatid":"gen8randombattle","rating":0,"private":0,"password":null}