{"id":"gen8vgc2020-1181948024","p1":"bhkg","p2":"Xolty-","format":"gen8vgc2020","log":"|j|\u2606bhkg\n|j|\u2606Xolty-\n|t:|1599349760\n|player|p1|bhkg|169|1383\n|player|p2|Xolty-|1|1339\n|teamsize|p1|6\n|teamsize|p2|6\n|gametype|doubles\n|gen|8\n|tier|[Gen 8] VGC 2020\n|rated|\n|clearpoke\n|poke|p1|Frosmoth, L50, M|\n|poke|p1|Urshifu-*, L50, F|\n|poke|p1|Mudsdale, L50, M|\n|poke|p1|Clefable, L50, F|\n|poke|p1|Marowak-Alola, L50, M|\n|poke|p1|Slowbro-Galar, L50, M|\n|poke|p2|Accelgor, L50, F|\n|poke|p2|Palossand, L50, M|\n|poke|p2|Gastrodon, L50, M|\n|poke|p2|Corviknight, L50, M|\n|poke|p2|Arcanine, L50, M|\n|poke|p2|Toxtricity, L50, F|\n|rule|Species Clause: Limit one of each Pok\u00e9mon\n|rule|Item Clause: Limit one of each item\n|teampreview|4\n|inactive|Battle timer is ON: inactive players will automatically lose when time's up. (requested by Xolty-)\n|inactive|bhkg has 60 seconds left.\n|\n|t:|1599349798\n|start\n|switch|p1a: Mudsdale|Mudsdale, L50, M|48\/48\n|switch|p1b: Clefable|Clefable, L50, F|48\/48\n|switch|p2a: Accelgor|Accelgor, L50, F|48\/48\n|switch|p2b: Gastrodon|Gastrodon, L50, M, shiny|48\/48\n|turn|1\n|\n|t:|1599349816\n|-start|p2b: Gastrodon|Dynamax\n|-heal|p2b: Gastrodon|48\/48|[silent]\n|-start|p1a: Mudsdale|Dynamax\n|-heal|p1a: Mudsdale|48\/48|[silent]\n|move|p1b: Clefable|Follow Me|p1b: Clefable\n|-singleturn|p1b: Clefable|move: Follow Me\n|move|p2a: Accelgor|Acid Spray|p1b: Clefable\n|-supereffective|p1b: Clefable\n|-damage|p1b: Clefable|38\/48\n|-unboost|p1b: Clefable|spd|2\n|move|p2b: Gastrodon|Max Geyser|p1b: Clefable\n|-damage|p1b: Clefable|0 fnt\n|-weather|RainDance\n|-damage|p2b: Gastrodon|45\/48|[from] item: Life Orb\n|faint|p1b: Clefable\n|move|p1a: Mudsdale|Max Rockfall|p2a: Accelgor\n|-supereffective|p2a: Accelgor\n|-enditem|p2a: Accelgor|Focus Sash\n|-damage|p2a: Accelgor|1\/48\n|-weather|Sandstorm\n|-damage|p1a: Mudsdale|45\/48|[from] item: Life Orb\n|\n|-weather|Sandstorm|[upkeep]\n|-damage|p2a: Accelgor|0 fnt|[from] Sandstorm\n|faint|p2a: Accelgor\n|upkeep\n|\n|t:|1599349829\n|switch|p2a: Arcanine|Arcanine, L50, M|48\/48\n|switch|p1b: Frosmoth|Frosmoth, L50, M, shiny|48\/48\n|-ability|p2a: Arcanine|Intimidate|boost\n|-immune|p1a: Mudsdale|[from] ability: Inner Focus\n|-unboost|p1b: Frosmoth|atk|1\n|turn|2\n|\n|t:|1599349840\n|move|p2a: Arcanine|Will-O-Wisp|p1a: Mudsdale\n|-status|p1a: Mudsdale|brn\n|move|p1b: Frosmoth|Hurricane|p2a: Arcanine\n|-damage|p2a: Arcanine|28\/48\n|move|p2b: Gastrodon|Max Geyser|p1b: Frosmoth\n|-damage|p1b: Frosmoth|34\/48\n|-weather|RainDance\n|-damage|p2b: Gastrodon|43\/48|[from] item: Life Orb\n|move|p1a: Mudsdale|Max Quake|p2a: Arcanine\n|-supereffective|p2a: Arcanine\n|-damage|p2a: Arcanine|0 fnt\n|-boost|p1a: Mudsdale|spd|1\n|-boost|p1b: Frosmoth|spd|1\n|-damage|p1a: Mudsdale|43\/48 brn|[from] item: Life Orb\n|faint|p2a: Arcanine\n|\n|-weather|RainDance|[upkeep]\n|-damage|p1a: Mudsdale|41\/48 brn|[from] brn\n|upkeep\n|\n|t:|1599349850\n|switch|p2a: Palossand|Palossand, L50, M|48\/48\n|turn|3\n|\n|t:|1599349860\n|move|p1b: Frosmoth|Hurricane|p2a: Palossand\n|-damage|p2a: Palossand|26\/48\n|-start|p2a: Palossand|confusion\n|move|p2b: Gastrodon|Max Geyser|p1a: Mudsdale\n|-supereffective|p1a: Mudsdale\n|-damage|p1a: Mudsdale|6\/48 brn\n|-damage|p2b: Gastrodon|41\/48|[from] item: Life Orb\n|-activate|p2a: Palossand|confusion\n|-damage|p2a: Palossand|23\/48|[from] confusion\n|move|p1a: Mudsdale|Max Quake|p2a: Palossand\n|-damage|p2a: Palossand|3\/48\n|-boost|p1a: Mudsdale|spd|1\n|-boost|p1b: Frosmoth|spd|1\n|-damage|p1a: Mudsdale|4\/48 brn|[from] item: Life Orb\n|\n|-weather|RainDance|[upkeep]\n|-damage|p1a: Mudsdale|2\/48 brn|[from] brn\n|-end|p2b: Gastrodon|Dynamax\n|-heal|p2b: Gastrodon|41\/48|[silent]\n|-end|p1a: Mudsdale|Dynamax\n|-heal|p1a: Mudsdale|2\/48 brn|[silent]\n|upkeep\n|turn|4\n|\n|t:|1599349876\n|move|p1b: Frosmoth|Struggle Bug|p2a: Palossand|[spread] p2a,p2b\n|-resisted|p2a: Palossand\n|-damage|p2a: Palossand|0 fnt\n|-damage|p2b: Gastrodon|31\/48\n|-unboost|p2b: Gastrodon|spa|1\n|faint|p2a: Palossand\n|move|p2b: Gastrodon|Ice Beam|p1a: Mudsdale\n|-supereffective|p1a: Mudsdale\n|-damage|p1a: Mudsdale|0 fnt\n|-damage|p2b: Gastrodon|26\/48|[from] item: Life Orb\n|faint|p1a: Mudsdale\n|\n|-weather|RainDance|[upkeep]\n|upkeep\n|\n|t:|1599349883\n|switch|p1a: Marowak|Marowak-Alola, L50, M|48\/48\n|turn|5\n|\n|t:|1599349889\n|move|p1b: Frosmoth|Icy Wind|p2b: Gastrodon\n|-damage|p2b: Gastrodon|11\/48\n|-unboost|p2b: Gastrodon|spe|1\n|move|p1a: Marowak|Poltergeist|p2b: Gastrodon|[miss]\n|-miss|p1a: Marowak|p2b: Gastrodon\n|move|p2b: Gastrodon|Hydro Pump|p1a: Marowak\n|-supereffective|p1a: Marowak\n|-damage|p1a: Marowak|0 fnt\n|-damage|p2b: Gastrodon|7\/48|[from] item: Life Orb\n|faint|p1a: Marowak\n|\n|-weather|RainDance|[upkeep]\n|upkeep\n|turn|6\n|\n|t:|1599349898\n|move|p1b: Frosmoth|Hurricane|p2b: Gastrodon\n|-damage|p2b: Gastrodon|0 fnt\n|faint|p2b: Gastrodon\n|\n|win|bhkg\n|raw|bhkg's rating: 1383 &rarr; <strong>1400<\/strong><br \/>(+17 for winning)\n|raw|Xolty-'s rating: 1317 &rarr; <strong>1301<\/strong><br \/>(-16 for losing)\n|l|\u2606Xolty-\n","uploadtime":1599349909,"views":8,"p1id":"bhkg","p2id":"xolty","formatid":"gen8vgc2020","rating":1301,"private":0,"password":null}