{"id":"gen8ou-1095343932","p1":"blackvoice 2020","p2":"testotesto321","format":"gen8ou","log":"|j|\u2606blackvoice 2020\n|j|\u2606testotesto321\n|player|p1|blackvoice 2020|nate|1521\n|player|p2|testotesto321|bellelba|1561\n|teamsize|p1|6\n|teamsize|p2|6\n|gametype|singles\n|gen|8\n|tier|[Gen 8] OU\n|rated|\n|html|<div class=\"broadcast-red\"><strong>OU is currently suspecting Melmetal! For information on how to participate check out the <a href=\"https:\/\/www.smogon.com\/forums\/threads\/3662190\/\">suspect thread<\/a>.<\/strong><\/div>\n|clearpoke\n|poke|p1|Melmetal|\n|poke|p1|Clefable, F|\n|poke|p1|Seismitoad, M|\n|poke|p1|Corviknight, M|\n|poke|p1|Rotom-Heat|\n|poke|p1|Hydreigon, M|\n|poke|p2|Kyurem|\n|poke|p2|Clefable, F|\n|poke|p2|Dragapult, F|\n|poke|p2|Seismitoad, M|\n|poke|p2|Corviknight, F|\n|poke|p2|Melmetal|\n|rule|Sleep Clause Mod: Limit one foe put to sleep\n|rule|Species Clause: Limit one of each Pok\u00e9mon\n|rule|OHKO Clause: OHKO moves are banned\n|rule|Evasion Moves Clause: Evasion moves are banned\n|rule|Endless Battle Clause: Forcing endless battles is banned\n|rule|HP Percentage Mod: HP is shown in percentages\n|rule|Dynamax Clause: You cannot dynamax\n|teampreview\n|\n|start\n|switch|p1a: Hydreigon|Hydreigon, M|100\/100\n|switch|p2a: Dragapult|Dragapult, F|100\/100\n|turn|1\n|\n|move|p2a: Dragapult|U-turn|p1a: Hydreigon\n|-supereffective|p1a: Hydreigon\n|-damage|p1a: Hydreigon|62\/100\n|\n|switch|p2a: Clefable|Clefable, F|100\/100|[from]move: U-turn\n|move|p1a: Hydreigon|Draco Meteor|p2a: Clefable\n|-immune|p2a: Clefable\n|\n|upkeep\n|turn|2\n|\n|switch|p1a: Melmetal|Melmetal|100\/100\n|move|p2a: Clefable|Teleport|p2a: Clefable\n|\n|switch|p2a: Melmetal|Melmetal|100\/100|[from]move: Teleport\n|\n|upkeep\n|turn|3\n|\n|move|p1a: Melmetal|Superpower|p2a: Melmetal\n|-supereffective|p2a: Melmetal\n|-damage|p2a: Melmetal|25\/100\n|-unboost|p1a: Melmetal|atk|1\n|-unboost|p1a: Melmetal|def|1\n|move|p2a: Melmetal|Earthquake|p1a: Melmetal\n|-supereffective|p1a: Melmetal\n|-damage|p1a: Melmetal|10\/100\n|\n|upkeep\n|turn|4\n|\n|switch|p2a: Seismitoad|Seismitoad, M|100\/100\n|move|p1a: Melmetal|Superpower|p2a: Seismitoad\n|-damage|p2a: Seismitoad|67\/100\n|-unboost|p1a: Melmetal|atk|1\n|-unboost|p1a: Melmetal|def|1\n|\n|-heal|p2a: Seismitoad|73\/100|[from] item: Leftovers\n|upkeep\n|turn|5\n|\n|switch|p2a: Corviknight|Corviknight, F, shiny|100\/100\n|-ability|p2a: Corviknight|Pressure\n|switch|p1a: Clefable|Clefable, F|100\/100\n|\n|upkeep\n|turn|6\n|\n|switch|p1a: Rotom|Rotom-Heat|100\/100\n|move|p2a: Corviknight|Iron Head|p1a: Rotom\n|-resisted|p1a: Rotom\n|-damage|p1a: Rotom|94\/100\n|\n|upkeep\n|turn|7\n|\n|move|p1a: Rotom|Overheat|p2a: Corviknight\n|-supereffective|p2a: Corviknight\n|-damage|p2a: Corviknight|40\/100\n|-unboost|p1a: Rotom|spa|2\n|move|p2a: Corviknight|U-turn|p1a: Rotom\n|-resisted|p1a: Rotom\n|-damage|p1a: Rotom|86\/100\n|\n|switch|p2a: Seismitoad|Seismitoad, M|73\/100|[from]move: U-turn\n|\n|-heal|p2a: Seismitoad|79\/100|[from] item: Leftovers\n|upkeep\n|turn|8\n|inactive|Battle timer is ON: inactive players will automatically lose when time's up. (requested by blackvoice 2020)\n|\n|switch|p1a: Clefable|Clefable, F|100\/100\n|move|p2a: Seismitoad|Scald|p1a: Clefable\n|-damage|p1a: Clefable|85\/100\n|-status|p1a: Clefable|brn\n|\n|-heal|p2a: Seismitoad|85\/100|[from] item: Leftovers\n|-heal|p1a: Clefable|91\/100 brn|[from] item: Leftovers\n|upkeep\n|turn|9\n|\n|switch|p2a: Clefable|Clefable, F|100\/100\n|move|p1a: Clefable|Wish|p1a: Clefable\n|\n|-heal|p1a: Clefable|97\/100 brn|[from] item: Leftovers\n|upkeep\n|turn|10\n|\n|move|p2a: Clefable|Wish|p2a: Clefable\n|move|p1a: Clefable|Teleport|p1a: Clefable\n|\n|switch|p1a: Melmetal|Melmetal|10\/100|[from]move: Teleport\n|\n|-heal|p1a: Melmetal|57\/100|[from] move: Wish|[wisher] Clefable\n|upkeep\n|turn|11\n|\n|move|p2a: Clefable|Protect|p2a: Clefable\n|-singleturn|p2a: Clefable|Protect\n|move|p1a: Melmetal|Double Iron Bash|p2a: Clefable\n|-activate|p2a: Clefable|move: Protect\n|\n|upkeep\n|turn|12\n|\n|switch|p2a: Seismitoad|Seismitoad, M|85\/100\n|move|p1a: Melmetal|Double Iron Bash|p2a: Seismitoad\n|-resisted|p2a: Seismitoad\n|-damage|p2a: Seismitoad|60\/100\n|-resisted|p2a: Seismitoad\n|-damage|p2a: Seismitoad|35\/100\n|-hitcount|p2a: Seismitoad|2\n|\n|-heal|p2a: Seismitoad|41\/100|[from] item: Leftovers\n|upkeep\n|turn|13\n|\n|switch|p2a: Corviknight|Corviknight, F, shiny|40\/100\n|-ability|p2a: Corviknight|Pressure\n|move|p1a: Melmetal|Double Iron Bash|p2a: Corviknight\n|-resisted|p2a: Corviknight\n|-damage|p2a: Corviknight|14\/100\n|-resisted|p2a: Corviknight\n|-damage|p2a: Corviknight|0 fnt\n|-hitcount|p2a: Corviknight|2\n|faint|p2a: Corviknight\n|\n|upkeep\n|\n|switch|p2a: Kyurem|Kyurem|100\/100\n|-ability|p2a: Kyurem|Pressure\n|turn|14\n|\n|switch|p1a: Clefable|Clefable, F|97\/100 brn\n|move|p2a: Kyurem|Earth Power|p1a: Clefable\n|-damage|p1a: Clefable|68\/100 brn\n|\n|-heal|p1a: Clefable|74\/100 brn|[from] item: Leftovers\n|upkeep\n|turn|15\n|\n|switch|p2a: Melmetal|Melmetal|25\/100\n|move|p1a: Clefable|Wish|p1a: Clefable\n|\n|-heal|p1a: Clefable|80\/100 brn|[from] item: Leftovers\n|upkeep\n|turn|16\n|\n|switch|p1a: Seismitoad|Seismitoad, M|100\/100\n|move|p2a: Melmetal|Double Iron Bash|p1a: Seismitoad\n|-resisted|p1a: Seismitoad\n|-damage|p1a: Seismitoad|85\/100\n|-resisted|p1a: Seismitoad\n|-damage|p1a: Seismitoad|68\/100\n|-hitcount|p1a: Seismitoad|2\n|\n|-heal|p1a: Seismitoad|100\/100|[from] move: Wish|[wisher] Clefable\n|upkeep\n|turn|17\n|\n|switch|p2a: Clefable|Clefable, F|100\/100\n|move|p1a: Seismitoad|Stealth Rock|p2a: Clefable\n|-sidestart|p2: testotesto321|move: Stealth Rock\n|\n|upkeep\n|turn|18\n|\n|move|p1a: Seismitoad|Earth Power|p2a: Clefable\n|-damage|p2a: Clefable|81\/100\n|move|p2a: Clefable|Wish|p2a: Clefable\n|\n|-heal|p2a: Clefable|87\/100|[from] item: Leftovers\n|upkeep\n|turn|19\n|\n|move|p1a: Seismitoad|Earth Power|p2a: Clefable\n|-damage|p2a: Clefable|69\/100\n|move|p2a: Clefable|Teleport|p2a: Clefable\n|\n|switch|p2a: Seismitoad|Seismitoad, M|41\/100|[from]move: Teleport\n|-damage|p2a: Seismitoad|35\/100|[from] Stealth Rock\n|\n|-heal|p2a: Seismitoad|83\/100|[from] move: Wish|[wisher] Clefable\n|-heal|p2a: Seismitoad|89\/100|[from] item: Leftovers\n|upkeep\n|turn|20\n|\n|move|p1a: Seismitoad|Knock Off|p2a: Seismitoad\n|-damage|p2a: Seismitoad|75\/100\n|-enditem|p2a: Seismitoad|Leftovers|[from] move: Knock Off|[of] p1a: Seismitoad\n|move|p2a: Seismitoad|Stealth Rock|p1a: Seismitoad\n|-sidestart|p1: blackvoice 2020|move: Stealth Rock\n|\n|upkeep\n|turn|21\n|\n|move|p1a: Seismitoad|Earth Power|p2a: Seismitoad\n|-damage|p2a: Seismitoad|47\/100\n|-unboost|p2a: Seismitoad|spd|1\n|move|p2a: Seismitoad|Toxic|p1a: Seismitoad\n|-status|p1a: Seismitoad|tox\n|\n|-damage|p1a: Seismitoad|94\/100 tox|[from] psn\n|upkeep\n|turn|22\n|\n|switch|p2a: Clefable|Clefable, F|69\/100\n|move|p1a: Seismitoad|Earth Power|p2a: Clefable\n|-damage|p2a: Clefable|52\/100\n|\n|-heal|p1a: Seismitoad|100\/100 tox|[from] item: Leftovers\n|-heal|p2a: Clefable|58\/100|[from] item: Leftovers\n|-damage|p1a: Seismitoad|88\/100 tox|[from] psn\n|upkeep\n|turn|23\n|\n|switch|p1a: Clefable|Clefable, F|80\/100 brn\n|move|p2a: Clefable|Wish|p2a: Clefable\n|\n|-heal|p2a: Clefable|64\/100|[from] item: Leftovers\n|-heal|p1a: Clefable|87\/100 brn|[from] item: Leftovers\n|upkeep\n|turn|24\n|\n|move|p1a: Clefable|Wish|p1a: Clefable\n|move|p2a: Clefable|Teleport|p2a: Clefable\n|\n|switch|p2a: Melmetal|Melmetal|25\/100|[from]move: Teleport\n|-damage|p2a: Melmetal|18\/100|[from] Stealth Rock\n|\n|-heal|p2a: Melmetal|60\/100|[from] move: Wish|[wisher] Clefable\n|-heal|p1a: Clefable|93\/100 brn|[from] item: Leftovers\n|upkeep\n|turn|25\n|\n|switch|p1a: Seismitoad|Seismitoad, M|88\/100 tox\n|-damage|p1a: Seismitoad|82\/100 tox|[from] Stealth Rock\n|move|p2a: Melmetal|Double Iron Bash|p1a: Seismitoad\n|-resisted|p1a: Seismitoad\n|-damage|p1a: Seismitoad|65\/100 tox\n|-resisted|p1a: Seismitoad\n|-damage|p1a: Seismitoad|48\/100 tox\n|-hitcount|p1a: Seismitoad|2\n|\n|-heal|p1a: Seismitoad|95\/100 tox|[from] move: Wish|[wisher] Clefable\n|-heal|p1a: Seismitoad|100\/100 tox|[from] item: Leftovers\n|-damage|p1a: Seismitoad|94\/100 tox|[from] psn\n|upkeep\n|turn|26\n|\n|switch|p2a: Clefable|Clefable, F|64\/100\n|move|p1a: Seismitoad|Earth Power|p2a: Clefable\n|-damage|p2a: Clefable|47\/100\n|\n|-heal|p1a: Seismitoad|100\/100 tox|[from] item: Leftovers\n|-heal|p2a: Clefable|53\/100|[from] item: Leftovers\n|-damage|p1a: Seismitoad|88\/100 tox|[from] psn\n|upkeep\n|turn|27\n|\n|move|p1a: Seismitoad|Knock Off|p2a: Clefable\n|-resisted|p2a: Clefable\n|-damage|p2a: Clefable|42\/100\n|-enditem|p2a: Clefable|Leftovers|[from] move: Knock Off|[of] p1a: Seismitoad\n|move|p2a: Clefable|Wish|p2a: Clefable\n|\n|-heal|p1a: Seismitoad|94\/100 tox|[from] item: Leftovers\n|-damage|p1a: Seismitoad|76\/100 tox|[from] psn\n|upkeep\n|turn|28\n|\n|switch|p1a: Clefable|Clefable, F|93\/100 brn\n|move|p2a: Clefable|Moonblast|p1a: Clefable\n|-damage|p1a: Clefable|70\/100 brn\n|-unboost|p1a: Clefable|spa|1\n|\n|-heal|p2a: Clefable|92\/100|[from] move: Wish|[wisher] Clefable\n|-heal|p1a: Clefable|76\/100 brn|[from] item: Leftovers\n|upkeep\n|turn|29\n|\n|move|p2a: Clefable|Wish|p2a: Clefable\n|move|p1a: Clefable|Wish|p1a: Clefable\n|\n|-heal|p1a: Clefable|82\/100 brn|[from] item: Leftovers\n|upkeep\n|turn|30\n|\n|move|p1a: Clefable|Teleport|p1a: Clefable\n|\n|switch|p1a: Melmetal|Melmetal|57\/100|[from]move: Teleport\n|-damage|p1a: Melmetal|51\/100|[from] Stealth Rock\n|move|p2a: Clefable|Teleport|p2a: Clefable\n|\n|switch|p2a: Kyurem|Kyurem|100\/100|[from]move: Teleport\n|-damage|p2a: Kyurem|76\/100|[from] Stealth Rock\n|-ability|p2a: Kyurem|Pressure\n|\n|-heal|p2a: Kyurem|100\/100|[from] move: Wish|[wisher] Clefable\n|-heal|p1a: Melmetal|99\/100|[from] move: Wish|[wisher] Clefable\n|upkeep\n|turn|31\n|\n|switch|p1a: Clefable|Clefable, F|82\/100 brn\n|move|p2a: Kyurem|Earth Power|p1a: Clefable\n|-damage|p1a: Clefable|51\/100 brn\n|\n|-heal|p1a: Clefable|57\/100 brn|[from] item: Leftovers\n|upkeep\n|turn|32\n|\n|switch|p2a: Melmetal|Melmetal|60\/100\n|-damage|p2a: Melmetal|54\/100|[from] Stealth Rock\n|move|p1a: Clefable|Wish|p1a: Clefable\n|\n|-heal|p1a: Clefable|63\/100 brn|[from] item: Leftovers\n|upkeep\n|turn|33\n|\n|switch|p2a: Clefable|Clefable, F|92\/100\n|move|p1a: Clefable|Protect||[still]\n|-fail|p1a: Clefable\n|\n|-heal|p1a: Clefable|100\/100 brn|[from] move: Wish|[wisher] Clefable\n|upkeep\n|turn|34\n|\n|move|p2a: Clefable|Wish|p2a: Clefable\n|move|p1a: Clefable|Teleport|p1a: Clefable\n|\n|switch|p1a: Melmetal|Melmetal|99\/100|[from]move: Teleport\n|-damage|p1a: Melmetal|93\/100|[from] Stealth Rock\n|\n|upkeep\n|turn|35\n|\n|switch|p2a: Seismitoad|Seismitoad, M|47\/100\n|-damage|p2a: Seismitoad|41\/100|[from] Stealth Rock\n|move|p1a: Melmetal|Double Iron Bash|p2a: Seismitoad\n|-resisted|p2a: Seismitoad\n|-damage|p2a: Seismitoad|18\/100\n|-resisted|p2a: Seismitoad\n|-damage|p2a: Seismitoad|0 fnt\n|-hitcount|p2a: Seismitoad|2\n|faint|p2a: Seismitoad\n|\n|upkeep\n|\n|switch|p2a: Kyurem|Kyurem|100\/100\n|-damage|p2a: Kyurem|76\/100|[from] Stealth Rock\n|-ability|p2a: Kyurem|Pressure\n|turn|36\n|\n|switch|p1a: Clefable|Clefable, F|100\/100 brn\n|move|p2a: Kyurem|Ice Beam|p1a: Clefable\n|-damage|p1a: Clefable|55\/100 brn\n|\n|-heal|p1a: Clefable|61\/100 brn|[from] item: Leftovers\n|upkeep\n|turn|37\n|\n|move|p2a: Kyurem|Ice Beam|p1a: Clefable\n|-damage|p1a: Clefable|13\/100 brn\n|move|p1a: Clefable|Wish|p1a: Clefable\n|\n|-heal|p1a: Clefable|20\/100 brn|[from] item: Leftovers\n|upkeep\n|turn|38\n|\n|move|p1a: Clefable|Protect|p1a: Clefable\n|-singleturn|p1a: Clefable|Protect\n|move|p2a: Kyurem|Ice Beam|p1a: Clefable\n|-activate|p1a: Clefable|move: Protect\n|\n|-heal|p1a: Clefable|70\/100 brn|[from] move: Wish|[wisher] Clefable\n|-heal|p1a: Clefable|76\/100 brn|[from] item: Leftovers\n|upkeep\n|turn|39\n|\n|move|p2a: Kyurem|Ice Beam|p1a: Clefable\n|-damage|p1a: Clefable|31\/100 brn\n|move|p1a: Clefable|Wish|p1a: Clefable\n|\n|-heal|p1a: Clefable|38\/100 brn|[from] item: Leftovers\n|upkeep\n|turn|40\n|\n|switch|p2a: Clefable|Clefable, F|92\/100\n|move|p1a: Clefable|Protect||[still]\n|-fail|p1a: Clefable\n|\n|-heal|p1a: Clefable|88\/100 brn|[from] move: Wish|[wisher] Clefable\n|-heal|p1a: Clefable|94\/100 brn|[from] item: Leftovers\n|upkeep\n|turn|41\n|\n|move|p2a: Clefable|Wish|p2a: Clefable\n|move|p1a: Clefable|Teleport|p1a: Clefable\n|\n|switch|p1a: Melmetal|Melmetal|93\/100|[from]move: Teleport\n|-damage|p1a: Melmetal|87\/100|[from] Stealth Rock\n|\n|upkeep\n|turn|42\n|\n|switch|p2a: Melmetal|Melmetal|54\/100\n|-damage|p2a: Melmetal|48\/100|[from] Stealth Rock\n|move|p1a: Melmetal|Double Iron Bash|p2a: Melmetal\n|-resisted|p2a: Melmetal\n|-damage|p2a: Melmetal|29\/100\n|-resisted|p2a: Melmetal\n|-damage|p2a: Melmetal|10\/100\n|-hitcount|p2a: Melmetal|2\n|\n|-heal|p2a: Melmetal|52\/100|[from] move: Wish|[wisher] Clefable\n|upkeep\n|turn|43\n|\n|switch|p1a: Corviknight|Corviknight, M|100\/100\n|-damage|p1a: Corviknight|88\/100|[from] Stealth Rock\n|-ability|p1a: Corviknight|Pressure\n|move|p2a: Melmetal|Earthquake|p1a: Corviknight\n|-immune|p1a: Corviknight\n|\n|upkeep\n|turn|44\n|\n|move|p1a: Corviknight|Brave Bird|p2a: Melmetal\n|-resisted|p2a: Melmetal\n|-crit|p2a: Melmetal\n|-damage|p2a: Melmetal|37\/100\n|-damage|p1a: Corviknight|82\/100|[from] Recoil\n|move|p2a: Melmetal|Thunder Punch|p1a: Corviknight\n|-supereffective|p1a: Corviknight\n|-damage|p1a: Corviknight|25\/100\n|-damage|p2a: Melmetal|21\/100|[from] item: Rocky Helmet|[of] p1a: Corviknight\n|\n|upkeep\n|turn|45\n|\n|move|p1a: Corviknight|Roost|p1a: Corviknight\n|-heal|p1a: Corviknight|75\/100\n|-singleturn|p1a: Corviknight|move: Roost\n|move|p2a: Melmetal|Thunder Punch|p1a: Corviknight\n|-damage|p1a: Corviknight|49\/100\n|-status|p1a: Corviknight|par\n|-damage|p2a: Melmetal|4\/100|[from] item: Rocky Helmet|[of] p1a: Corviknight\n|\n|upkeep\n|turn|46\n|\n|move|p2a: Melmetal|Thunder Punch|p1a: Corviknight\n|-supereffective|p1a: Corviknight\n|-damage|p1a: Corviknight|0 fnt\n|-damage|p2a: Melmetal|0 fnt|[from] item: Rocky Helmet|[of] p1a: Corviknight\n|faint|p1a: Corviknight\n|faint|p2a: Melmetal\n|\n|upkeep\n|\n|switch|p1a: Hydreigon|Hydreigon, M|62\/100\n|switch|p2a: Dragapult|Dragapult, F|100\/100\n|-damage|p2a: Dragapult|88\/100|[from] Stealth Rock\n|-damage|p1a: Hydreigon|50\/100|[from] Stealth Rock\n|turn|47\n|\n|switch|p1a: Clefable|Clefable, F|94\/100 brn\n|move|p2a: Dragapult|U-turn|p1a: Clefable\n|-resisted|p1a: Clefable\n|-damage|p1a: Clefable|84\/100 brn\n|\n|switch|p2a: Kyurem|Kyurem|76\/100|[from]move: U-turn\n|-damage|p2a: Kyurem|51\/100|[from] Stealth Rock\n|-ability|p2a: Kyurem|Pressure\n|\n|-heal|p1a: Clefable|90\/100 brn|[from] item: Leftovers\n|upkeep\n|turn|48\n|\n|move|p2a: Kyurem|Ice Beam|p1a: Clefable\n|-damage|p1a: Clefable|44\/100 brn\n|move|p1a: Clefable|Moonblast|p2a: Kyurem\n|-supereffective|p2a: Kyurem\n|-damage|p2a: Kyurem|0 fnt\n|faint|p2a: Kyurem\n|\n|-heal|p1a: Clefable|50\/100 brn|[from] item: Leftovers\n|upkeep\n|-message|testotesto321 forfeited.\n|\n|win|blackvoice 2020\n|l|\u2606testotesto321\n|raw|blackvoice 2020's rating: 1521 &rarr; <strong>1544<\/strong><br \/>(+23 for winning)\n|raw|testotesto321's rating: 1561 &rarr; <strong>1539<\/strong><br \/>(-22 for losing)\n|c|\u2606blackvoice 2020|gg\n","uploadtime":1586696655,"views":37,"p1id":"blackvoice2020","p2id":"testotesto321","formatid":"gen8ou","rating":1539,"private":0,"password":null}