{"id":"gen8ou-1125999410","p1":"ranitidine","p2":"Unfortunate Team","format":"gen8ou","log":"|j|\u2606ranitidine\n|j|\u2606Unfortunate Team\n|player|p1|ranitidine|acetrainer-gen4dp|1289\n|player|p2|Unfortunate Team|115|1296\n|teamsize|p1|6\n|teamsize|p2|6\n|gametype|singles\n|gen|8\n|tier|[Gen 8] OU\n|rated|\n|clearpoke\n|poke|p1|Pelipper, M|\n|poke|p1|Ferrothorn, F|\n|poke|p1|Clefable, F|\n|poke|p1|Seismitoad, F|\n|poke|p1|Barraskewda, M|\n|poke|p1|Inteleon, F|\n|poke|p2|Cinderace, F|\n|poke|p2|Rillaboom, F|\n|poke|p2|Inteleon, M|\n|poke|p2|Charizard, M|\n|poke|p2|Venusaur, F|\n|poke|p2|Blastoise, F|\n|rule|Sleep Clause Mod: Limit one foe put to sleep\n|rule|Species Clause: Limit one of each Pok\u00e9mon\n|rule|OHKO Clause: OHKO moves are banned\n|rule|Evasion Moves Clause: Evasion moves are banned\n|rule|Endless Battle Clause: Forcing endless battles is banned\n|rule|HP Percentage Mod: HP is shown in percentages\n|rule|Dynamax Clause: You cannot dynamax\n|teampreview\n|inactive|Battle timer is ON: inactive players will automatically lose when time's up. (requested by ranitidine)\n|inactive|Unfortunate Team has 120 seconds left.\n|inactive|Unfortunate Team has 90 seconds left.\n|\n|start\n|switch|p1a: Ferrothorn|Ferrothorn, F|100\/100\n|switch|p2a: Inteleon|Inteleon, M|100\/100\n|turn|1\n|\n|switch|p2a: Charizard|Charizard, M|100\/100\n|move|p1a: Ferrothorn|Stealth Rock|p2a: Charizard\n|-sidestart|p2: Unfortunate Team|move: Stealth Rock\n|\n|upkeep\n|turn|2\n|\n|switch|p1a: Pelipper|Pelipper, M|100\/100\n|-weather|RainDance|[from] ability: Drizzle|[of] p1a: Pelipper\n|move|p2a: Charizard|Defog|p1a: Pelipper\n|-unboost|p1a: Pelipper|evasion|1\n|-sideend|p2: Unfortunate Team|Stealth Rock|[from] move: Defog|[of] p2a: Charizard\n|\n|-weather|RainDance|[upkeep]\n|upkeep\n|turn|3\n|\n|switch|p2a: Inteleon|Inteleon, M|100\/100\n|move|p1a: Pelipper|U-turn|p2a: Inteleon\n|-damage|p2a: Inteleon|86\/100\n|\n|switch|p1a: Seismitoad|Seismitoad, F|100\/100|[from]move: U-turn\n|\n|-weather|RainDance|[upkeep]\n|upkeep\n|turn|4\n|\n|move|p1a: Seismitoad|Earthquake|p2a: Inteleon\n|-damage|p2a: Inteleon|15\/100\n|-damage|p1a: Seismitoad|91\/100|[from] item: Life Orb\n|move|p2a: Inteleon|Focus Energy|p2a: Inteleon\n|-start|p2a: Inteleon|move: Focus Energy\n|\n|-weather|RainDance|[upkeep]\n|upkeep\n|turn|5\n|\n|move|p1a: Seismitoad|Liquidation|p2a: Inteleon\n|-resisted|p2a: Inteleon\n|-damage|p2a: Inteleon|0 fnt\n|-damage|p1a: Seismitoad|81\/100|[from] item: Life Orb\n|faint|p2a: Inteleon\n|\n|-weather|RainDance|[upkeep]\n|upkeep\n|\n|switch|p2a: Venusaur|Venusaur, F|100\/100\n|turn|6\n|\n|switch|p1a: Ferrothorn|Ferrothorn, F|100\/100\n|move|p2a: Venusaur|Sunny Day|p2a: Venusaur\n|-weather|SunnyDay\n|\n|-weather|SunnyDay|[upkeep]\n|upkeep\n|turn|7\n|\n|switch|p1a: Pelipper|Pelipper, M|100\/100\n|-weather|RainDance|[from] ability: Drizzle|[of] p1a: Pelipper\n|move|p2a: Venusaur|Weather Ball|p1a: Pelipper\n|-resisted|p1a: Pelipper\n|-damage|p1a: Pelipper|70\/100\n|\n|-weather|RainDance|[upkeep]\n|upkeep\n|turn|8\n|\n|move|p2a: Venusaur|Sunny Day|p2a: Venusaur\n|-weather|SunnyDay\n|move|p1a: Pelipper|U-turn|p2a: Venusaur\n|-damage|p2a: Venusaur|89\/100\n|\n|switch|p1a: Inteleon|Inteleon, F|100\/100|[from]move: U-turn\n|\n|-weather|SunnyDay|[upkeep]\n|-heal|p2a: Venusaur|95\/100|[from] item: Black Sludge\n|upkeep\n|turn|9\n|\n|switch|p1a: Pelipper|Pelipper, M|70\/100\n|-weather|RainDance|[from] ability: Drizzle|[of] p1a: Pelipper\n|move|p2a: Venusaur|Giga Drain|p1a: Pelipper\n|-damage|p1a: Pelipper|22\/100\n|-heal|p2a: Venusaur|100\/100|[from] drain|[of] p1a: Pelipper\n|\n|-weather|RainDance|[upkeep]\n|upkeep\n|turn|10\n|\n|move|p2a: Venusaur|Sludge Bomb|p1a: Pelipper\n|-damage|p1a: Pelipper|0 fnt\n|faint|p1a: Pelipper\n|\n|-weather|RainDance|[upkeep]\n|upkeep\n|\n|switch|p1a: Inteleon|Inteleon, F|100\/100\n|turn|11\n|\n|switch|p2a: Charizard|Charizard, M|100\/100\n|move|p1a: Inteleon|Ice Beam|p2a: Charizard\n|-damage|p2a: Charizard|69\/100\n|\n|-weather|RainDance|[upkeep]\n|upkeep\n|turn|12\n|\n|move|p1a: Inteleon|Hydro Pump|p2a: Charizard\n|-supereffective|p2a: Charizard\n|-damage|p2a: Charizard|0 fnt\n|faint|p2a: Charizard\n|\n|-weather|RainDance|[upkeep]\n|upkeep\n|\n|switch|p2a: Blastoise|Blastoise, F|100\/100\n|turn|13\n|\n|move|p1a: Inteleon|Hydro Pump|p2a: Blastoise\n|-resisted|p2a: Blastoise\n|-damage|p2a: Blastoise|53\/100\n|move|p2a: Blastoise|Shell Smash|p2a: Blastoise\n|-unboost|p2a: Blastoise|def|1\n|-unboost|p2a: Blastoise|spd|1\n|-boost|p2a: Blastoise|atk|2\n|-boost|p2a: Blastoise|spa|2\n|-boost|p2a: Blastoise|spe|2\n|-enditem|p2a: Blastoise|White Herb\n|-clearnegativeboost|p2a: Blastoise|[silent]\n|\n|-weather|RainDance|[upkeep]\n|upkeep\n|turn|14\n|\n|move|p2a: Blastoise|Earthquake|p1a: Inteleon\n|-damage|p1a: Inteleon|7\/100\n|move|p1a: Inteleon|Hydro Pump|p2a: Blastoise\n|-resisted|p2a: Blastoise\n|-damage|p2a: Blastoise|6\/100\n|\n|-weather|RainDance|[upkeep]\n|upkeep\n|turn|15\n|\n|move|p2a: Blastoise|Brick Break|p1a: Inteleon\n|-damage|p1a: Inteleon|0 fnt\n|faint|p1a: Inteleon\n|\n|-weather|RainDance|[upkeep]\n|upkeep\n|\n|switch|p1a: Ferrothorn|Ferrothorn, F|100\/100\n|turn|16\n|\n|move|p2a: Blastoise|Earthquake|p1a: Ferrothorn\n|-damage|p1a: Ferrothorn|68\/100\n|move|p1a: Ferrothorn|Knock Off|p2a: Blastoise\n|-damage|p2a: Blastoise|0 fnt\n|faint|p2a: Blastoise\n|\n|-weather|none\n|-heal|p1a: Ferrothorn|74\/100|[from] item: Leftovers\n|upkeep\n|\n|switch|p2a: Venusaur|Venusaur, F|100\/100\n|turn|17\n|\n|move|p2a: Venusaur|Sunny Day|p2a: Venusaur\n|-weather|SunnyDay\n|move|p1a: Ferrothorn|Knock Off|p2a: Venusaur\n|-damage|p2a: Venusaur|71\/100\n|-enditem|p2a: Venusaur|Black Sludge|[from] move: Knock Off|[of] p1a: Ferrothorn\n|\n|-weather|SunnyDay|[upkeep]\n|-heal|p1a: Ferrothorn|81\/100|[from] item: Leftovers\n|upkeep\n|turn|18\n|\n|move|p1a: Ferrothorn|Protect|p1a: Ferrothorn\n|-singleturn|p1a: Ferrothorn|Protect\n|move|p2a: Venusaur|Weather Ball|p1a: Ferrothorn\n|-activate|p1a: Ferrothorn|move: Protect\n|\n|-weather|SunnyDay|[upkeep]\n|-heal|p1a: Ferrothorn|87\/100|[from] item: Leftovers\n|upkeep\n|turn|19\n|\n|switch|p1a: Seismitoad|Seismitoad, F|81\/100\n|move|p2a: Venusaur|Weather Ball|p1a: Seismitoad\n|-resisted|p1a: Seismitoad\n|-damage|p1a: Seismitoad|54\/100\n|\n|-weather|SunnyDay|[upkeep]\n|upkeep\n|turn|20\n|\n|switch|p1a: Ferrothorn|Ferrothorn, F|87\/100\n|move|p2a: Venusaur|Giga Drain|p1a: Ferrothorn\n|-resisted|p1a: Ferrothorn\n|-damage|p1a: Ferrothorn|79\/100\n|-heal|p2a: Venusaur|75\/100|[from] drain|[of] p1a: Ferrothorn\n|\n|-weather|SunnyDay|[upkeep]\n|-heal|p1a: Ferrothorn|86\/100|[from] item: Leftovers\n|upkeep\n|turn|21\n|\n|move|p1a: Ferrothorn|Protect|p1a: Ferrothorn\n|-singleturn|p1a: Ferrothorn|Protect\n|move|p2a: Venusaur|Sludge Bomb|p1a: Ferrothorn\n|-activate|p1a: Ferrothorn|move: Protect\n|\n|-weather|none\n|-heal|p1a: Ferrothorn|92\/100|[from] item: Leftovers\n|upkeep\n|turn|22\n|\n|move|p2a: Venusaur|Sunny Day|p2a: Venusaur\n|-weather|SunnyDay\n|move|p1a: Ferrothorn|Knock Off|p2a: Venusaur\n|-damage|p2a: Venusaur|55\/100\n|\n|-weather|SunnyDay|[upkeep]\n|-heal|p1a: Ferrothorn|98\/100|[from] item: Leftovers\n|upkeep\n|turn|23\n|\n|move|p1a: Ferrothorn|Protect|p1a: Ferrothorn\n|-singleturn|p1a: Ferrothorn|Protect\n|move|p2a: Venusaur|Weather Ball|p1a: Ferrothorn\n|-activate|p1a: Ferrothorn|move: Protect\n|\n|-weather|SunnyDay|[upkeep]\n|-heal|p1a: Ferrothorn|100\/100|[from] item: Leftovers\n|upkeep\n|turn|24\n|\n|switch|p1a: Seismitoad|Seismitoad, F|54\/100\n|move|p2a: Venusaur|Weather Ball|p1a: Seismitoad\n|-resisted|p1a: Seismitoad\n|-damage|p1a: Seismitoad|24\/100\n|\n|-weather|SunnyDay|[upkeep]\n|upkeep\n|turn|25\n|\n|move|p2a: Venusaur|Weather Ball|p1a: Seismitoad\n|-resisted|p1a: Seismitoad\n|-damage|p1a: Seismitoad|0 fnt\n|faint|p1a: Seismitoad\n|\n|-weather|SunnyDay|[upkeep]\n|upkeep\n|\n|switch|p1a: Ferrothorn|Ferrothorn, F|100\/100\n|turn|26\n|\n|move|p2a: Venusaur|Weather Ball|p1a: Ferrothorn\n|-supereffective|p1a: Ferrothorn\n|-damage|p1a: Ferrothorn|0 fnt\n|faint|p1a: Ferrothorn\n|\n|-weather|none\n|upkeep\n|\n|switch|p1a: Barraskewda|Barraskewda, M|100\/100\n|turn|27\n|\n|move|p1a: Barraskewda|Psychic Fangs|p2a: Venusaur\n|-supereffective|p2a: Venusaur\n|-damage|p2a: Venusaur|0 fnt\n|faint|p2a: Venusaur\n|\n|upkeep\n|\n|switch|p2a: Rillaboom|Rillaboom, F|100\/100\n|-fieldstart|move: Grassy Terrain|[from] ability: Grassy Surge|[of] p2a: Rillaboom\n|turn|28\n|\n|move|p1a: Barraskewda|Close Combat|p2a: Rillaboom\n|-damage|p2a: Rillaboom|51\/100\n|-unboost|p1a: Barraskewda|def|1\n|-unboost|p1a: Barraskewda|spd|1\n|move|p2a: Rillaboom|Swords Dance|p2a: Rillaboom\n|-boost|p2a: Rillaboom|atk|2\n|\n|-heal|p2a: Rillaboom|57\/100|[from] item: Leftovers\n|-heal|p2a: Rillaboom|63\/100|[from] Grassy Terrain\n|upkeep\n|turn|29\n|\n|move|p1a: Barraskewda|Close Combat|p2a: Rillaboom\n|-damage|p2a: Rillaboom|15\/100\n|-unboost|p1a: Barraskewda|def|1\n|-unboost|p1a: Barraskewda|spd|1\n|move|p2a: Rillaboom|Drum Beating|p1a: Barraskewda\n|-supereffective|p1a: Barraskewda\n|-damage|p1a: Barraskewda|0 fnt\n|faint|p1a: Barraskewda\n|\n|-heal|p2a: Rillaboom|22\/100|[from] item: Leftovers\n|-heal|p2a: Rillaboom|28\/100|[from] Grassy Terrain\n|upkeep\n|\n|switch|p1a: Clefable|Clefable, F|100\/100\n|turn|30\n|\n|move|p2a: Rillaboom|Drum Beating|p1a: Clefable\n|-damage|p1a: Clefable|9\/100\n|-unboost|p1a: Clefable|spe|1\n|move|p1a: Clefable|Moonblast|p2a: Rillaboom\n|-damage|p2a: Rillaboom|0 fnt\n|faint|p2a: Rillaboom\n|\n|-heal|p1a: Clefable|15\/100|[from] item: Leftovers\n|-heal|p1a: Clefable|21\/100|[from] Grassy Terrain\n|upkeep\n|\n|switch|p2a: Cinderace|Cinderace, F|100\/100\n|turn|31\n|\n|move|p2a: Cinderace|Pyro Ball|p1a: Clefable\n|-damage|p1a: Clefable|0 fnt\n|-damage|p2a: Cinderace|91\/100|[from] item: Life Orb\n|faint|p1a: Clefable\n|\n|win|Unfortunate Team\n|l|\u2606ranitidine\n","uploadtime":1591190697,"views":11,"p1id":"ranitidine","p2id":"unfortunateteam","formatid":"gen8ou","rating":0,"private":0,"password":null}