{"id":"gen8ou-1677287306","p1":"Venositile","p2":"LT94JE Allistair","format":"gen8ou","log":"|j|\u2606Venositile\n|j|\u2606LT94JE Allistair\n|t:|1664886044\n|gametype|singles\n|player|p1|Venositile|rocketexecutive-gen2|1743\n|player|p2|LT94JE Allistair|2|1785\n|teamsize|p1|6\n|teamsize|p2|6\n|gen|8\n|tier|[Gen 8] OU\n|rated|\n|rule|Sleep Clause Mod: Limit one foe put to sleep\n|rule|Species Clause: Limit one of each Pok\u00e9mon\n|rule|OHKO Clause: OHKO moves are banned\n|rule|Evasion Items Clause: Evasion items are banned\n|rule|Evasion Moves Clause: Evasion moves are banned\n|rule|Endless Battle Clause: Forcing endless battles is banned\n|rule|HP Percentage Mod: HP is shown in percentages\n|rule|Dynamax Clause: You cannot dynamax\n|clearpoke\n|poke|p1|Tyranitar, F|\n|poke|p1|Zapdos|\n|poke|p1|Nidoking, M|\n|poke|p1|Tapu Lele|\n|poke|p1|Ferrothorn, M|\n|poke|p1|Excadrill, M|\n|poke|p2|Mew|\n|poke|p2|Slurpuff, M|\n|poke|p2|Vanilluxe, M|\n|poke|p2|Weavile, F|\n|poke|p2|Tornadus-Therian, M|\n|poke|p2|Jirachi|\n|teampreview\n|j| pelotonian\n|\n|t:|1664886054\n|start\n|switch|p1a: Tyranitar|Tyranitar, F|100\/100\n|switch|p2a: Slurpuff|Slurpuff, M|100\/100\n|-weather|Sandstorm|[from] ability: Sand Stream|[of] p1a: Tyranitar\n|turn|1\n|j| lalelosido\n|\n|t:|1664886061\n|move|p2a: Slurpuff|Sticky Web|p1a: Tyranitar\n|-sidestart|p1: Venositile|move: Sticky Web\n|move|p1a: Tyranitar|Stealth Rock|p2a: Slurpuff\n|-sidestart|p2: LT94JE Allistair|move: Stealth Rock\n|\n|-weather|Sandstorm|[upkeep]\n|-damage|p2a: Slurpuff|94\/100|[from] Sandstorm\n|upkeep\n|turn|2\n|\n|t:|1664886064\n|move|p2a: Slurpuff|Yawn|p1a: Tyranitar\n|-start|p1a: Tyranitar|move: Yawn|[of] p2a: Slurpuff\n|move|p1a: Tyranitar|Thunder Wave|p2a: Slurpuff\n|-status|p2a: Slurpuff|par\n|\n|-weather|Sandstorm|[upkeep]\n|-damage|p2a: Slurpuff|88\/100 par|[from] Sandstorm\n|upkeep\n|turn|3\n|inactive|Battle timer is ON: inactive players will automatically lose when time's up. (requested by Venositile)\n|\n|t:|1664886068\n|switch|p1a: Ferrothorn|Ferrothorn, M|100\/100\n|-activate|p1a: Ferrothorn|move: Sticky Web\n|-unboost|p1a: Ferrothorn|spe|1\n|move|p2a: Slurpuff|Misty Explosion|p1a: Ferrothorn\n|-resisted|p1a: Ferrothorn\n|-damage|p1a: Ferrothorn|87\/100\n|faint|p2a: Slurpuff\n|\n|-weather|Sandstorm|[upkeep]\n|upkeep\n|\n|t:|1664886076\n|switch|p2a: Jirachi|Jirachi|100\/100\n|-damage|p2a: Jirachi|94\/100|[from] Stealth Rock\n|turn|4\n|\n|t:|1664886081\n|move|p2a: Jirachi|Cosmic Power|p2a: Jirachi\n|-boost|p2a: Jirachi|def|1\n|-boost|p2a: Jirachi|spd|1\n|move|p1a: Ferrothorn|Leech Seed|p2a: Jirachi|[miss]\n|-miss|p1a: Ferrothorn|p2a: Jirachi\n|\n|-weather|Sandstorm|[upkeep]\n|upkeep\n|turn|5\n|\n|t:|1664886087\n|switch|p1a: Excadrill|Excadrill, M|100\/100\n|-item|p1a: Excadrill|Air Balloon\n|move|p2a: Jirachi|Cosmic Power|p2a: Jirachi\n|-boost|p2a: Jirachi|def|1\n|-boost|p2a: Jirachi|spd|1\n|\n|-weather|none\n|upkeep\n|turn|6\n|\n|t:|1664886093\n|move|p2a: Jirachi|Aura Sphere|p1a: Excadrill\n|-supereffective|p1a: Excadrill\n|-damage|p1a: Excadrill|40\/100\n|-enditem|p1a: Excadrill|Air Balloon\n|move|p1a: Excadrill|Swords Dance|p1a: Excadrill\n|-boost|p1a: Excadrill|atk|2\n|\n|upkeep\n|turn|7\n|\n|t:|1664886100\n|switch|p1a: Tyranitar|Tyranitar, F|100\/100\n|-activate|p1a: Tyranitar|move: Sticky Web\n|-unboost|p1a: Tyranitar|spe|1\n|-weather|Sandstorm|[from] ability: Sand Stream|[of] p1a: Tyranitar\n|move|p2a: Jirachi|Aura Sphere|p1a: Tyranitar\n|-supereffective|p1a: Tyranitar\n|-damage|p1a: Tyranitar|67\/100\n|\n|-weather|Sandstorm|[upkeep]\n|-heal|p1a: Tyranitar|73\/100|[from] item: Leftovers\n|upkeep\n|turn|8\n|\n|t:|1664886106\n|move|p2a: Jirachi|Cosmic Power|p2a: Jirachi\n|-boost|p2a: Jirachi|def|1\n|-boost|p2a: Jirachi|spd|1\n|move|p1a: Tyranitar|Thunder Wave|p2a: Jirachi\n|-status|p2a: Jirachi|par\n|\n|-weather|Sandstorm|[upkeep]\n|-heal|p1a: Tyranitar|79\/100|[from] item: Leftovers\n|upkeep\n|turn|9\n|\n|t:|1664886116\n|switch|p1a: Ferrothorn|Ferrothorn, M|87\/100\n|-activate|p1a: Ferrothorn|move: Sticky Web\n|-unboost|p1a: Ferrothorn|spe|1\n|move|p2a: Jirachi|Cosmic Power|p2a: Jirachi\n|-boost|p2a: Jirachi|def|1\n|-boost|p2a: Jirachi|spd|1\n|\n|-weather|Sandstorm|[upkeep]\n|upkeep\n|turn|10\n|\n|t:|1664886125\n|cant|p2a: Jirachi|par\n|move|p1a: Ferrothorn|Leech Seed|p2a: Jirachi\n|-start|p2a: Jirachi|move: Leech Seed\n|\n|-weather|Sandstorm|[upkeep]\n|-damage|p2a: Jirachi|82\/100 par|[from] Leech Seed|[of] p1a: Ferrothorn\n|-heal|p1a: Ferrothorn|99\/100|[silent]\n|upkeep\n|turn|11\n|\n|t:|1664886128\n|cant|p2a: Jirachi|par\n|move|p1a: Ferrothorn|Spikes|p2a: Jirachi\n|-sidestart|p2: LT94JE Allistair|Spikes\n|\n|-weather|none\n|-damage|p2a: Jirachi|70\/100 par|[from] Leech Seed|[of] p1a: Ferrothorn\n|-heal|p1a: Ferrothorn|100\/100|[silent]\n|upkeep\n|turn|12\n|\n|t:|1664886131\n|move|p2a: Jirachi|Wish|p2a: Jirachi\n|move|p1a: Ferrothorn|Knock Off|p2a: Jirachi\n|-supereffective|p2a: Jirachi\n|-damage|p2a: Jirachi|56\/100 par\n|-enditem|p2a: Jirachi|Weakness Policy\n|-boost|p2a: Jirachi|atk|2|[from] item: Weakness Policy\n|-boost|p2a: Jirachi|spa|2|[from] item: Weakness Policy\n|\n|-damage|p2a: Jirachi|44\/100 par|[from] Leech Seed|[of] p1a: Ferrothorn\n|upkeep\n|turn|13\n|\n|t:|1664886134\n|cant|p2a: Jirachi|par\n|move|p1a: Ferrothorn|Spikes|p2a: Jirachi\n|-sidestart|p2: LT94JE Allistair|Spikes\n|\n|-heal|p2a: Jirachi|94\/100 par|[from] move: Wish|[wisher] Jirachi\n|-damage|p2a: Jirachi|81\/100 par|[from] Leech Seed|[of] p1a: Ferrothorn\n|upkeep\n|turn|14\n|\n|t:|1664886137\n|move|p2a: Jirachi|Wish|p2a: Jirachi\n|move|p1a: Ferrothorn|Spikes|p2a: Jirachi\n|-sidestart|p2: LT94JE Allistair|Spikes\n|\n|-damage|p2a: Jirachi|69\/100 par|[from] Leech Seed|[of] p1a: Ferrothorn\n|upkeep\n|turn|15\n|\n|t:|1664886142\n|switch|p1a: Tyranitar|Tyranitar, F|79\/100\n|-activate|p1a: Tyranitar|move: Sticky Web\n|-unboost|p1a: Tyranitar|spe|1\n|-weather|Sandstorm|[from] ability: Sand Stream|[of] p1a: Tyranitar\n|move|p2a: Jirachi|Cosmic Power|p2a: Jirachi\n|-boost|p2a: Jirachi|def|1\n|-boost|p2a: Jirachi|spd|1\n|\n|-weather|Sandstorm|[upkeep]\n|-heal|p2a: Jirachi|100\/100 par|[from] move: Wish|[wisher] Jirachi\n|-heal|p1a: Tyranitar|85\/100|[from] item: Leftovers\n|-damage|p2a: Jirachi|88\/100 par|[from] Leech Seed|[of] p1a: Tyranitar\n|-heal|p1a: Tyranitar|96\/100|[silent]\n|upkeep\n|turn|16\n|\n|t:|1664886145\n|move|p2a: Jirachi|Aura Sphere|p1a: Tyranitar\n|-supereffective|p1a: Tyranitar\n|-damage|p1a: Tyranitar|29\/100\n|move|p1a: Tyranitar|Crunch|p2a: Jirachi\n|-supereffective|p2a: Jirachi\n|-damage|p2a: Jirachi|69\/100 par\n|\n|-weather|Sandstorm|[upkeep]\n|-heal|p1a: Tyranitar|36\/100|[from] item: Leftovers\n|-damage|p2a: Jirachi|57\/100 par|[from] Leech Seed|[of] p1a: Tyranitar\n|-heal|p1a: Tyranitar|46\/100|[silent]\n|upkeep\n|turn|17\n|\n|t:|1664886149\n|switch|p1a: Zapdos|Zapdos|100\/100\n|move|p2a: Jirachi|Wish|p2a: Jirachi\n|\n|-weather|Sandstorm|[upkeep]\n|-damage|p1a: Zapdos|94\/100|[from] Sandstorm\n|-damage|p2a: Jirachi|44\/100 par|[from] Leech Seed|[of] p1a: Zapdos\n|-heal|p1a: Zapdos|100\/100|[silent]\n|upkeep\n|turn|18\n|\n|t:|1664886156\n|move|p1a: Zapdos|Volt Switch|p2a: Jirachi\n|-damage|p2a: Jirachi|36\/100 par\n|\n|t:|1664886161\n|switch|p1a: Ferrothorn|Ferrothorn, M|100\/100|[from]move: Volt Switch\n|-activate|p1a: Ferrothorn|move: Sticky Web\n|-unboost|p1a: Ferrothorn|spe|1\n|move|p2a: Jirachi|Stored Power|p1a: Ferrothorn\n|-resisted|p1a: Ferrothorn\n|-damage|p1a: Ferrothorn|0 fnt\n|faint|p1a: Ferrothorn\n|\n|-weather|Sandstorm|[upkeep]\n|-heal|p2a: Jirachi|86\/100 par|[from] move: Wish|[wisher] Jirachi\n|upkeep\n|\n|t:|1664886164\n|switch|p1a: Excadrill|Excadrill, M|40\/100\n|-activate|p1a: Excadrill|move: Sticky Web\n|-unboost|p1a: Excadrill|spe|1\n|turn|19\n|\n|t:|1664886173\n|move|p1a: Excadrill|Rapid Spin|p2a: Jirachi\n|-resisted|p2a: Jirachi\n|-damage|p2a: Jirachi|83\/100 par\n|-boost|p1a: Excadrill|spe|1\n|-sideend|p1: Venositile|Sticky Web|[from] move: Rapid Spin|[of] p1a: Excadrill\n|move|p2a: Jirachi|Aura Sphere|p1a: Excadrill\n|-supereffective|p1a: Excadrill\n|-damage|p1a: Excadrill|0 fnt\n|faint|p1a: Excadrill\n|\n|-weather|none\n|upkeep\n|\n|t:|1664886178\n|switch|p1a: Nidoking|Nidoking, M|100\/100\n|turn|20\n|\n|t:|1664886184\n|move|p1a: Nidoking|Earth Power|p2a: Jirachi\n|-supereffective|p2a: Jirachi\n|-damage|p2a: Jirachi|47\/100 par\n|move|p2a: Jirachi|Stored Power|p1a: Nidoking\n|-supereffective|p1a: Nidoking\n|-damage|p1a: Nidoking|0 fnt\n|faint|p1a: Nidoking\n|\n|upkeep\n|\n|t:|1664886190\n|switch|p1a: Tyranitar|Tyranitar, F|46\/100\n|-weather|Sandstorm|[from] ability: Sand Stream|[of] p1a: Tyranitar\n|turn|21\n|\n|t:|1664886194\n|move|p2a: Jirachi|Aura Sphere|p1a: Tyranitar\n|-supereffective|p1a: Tyranitar\n|-damage|p1a: Tyranitar|0 fnt\n|faint|p1a: Tyranitar\n|\n|-weather|Sandstorm|[upkeep]\n|upkeep\n|\n|t:|1664886199\n|switch|p1a: Tapu Lele|Tapu Lele|100\/100\n|-fieldstart|move: Psychic Terrain|[from] ability: Psychic Surge|[of] p1a: Tapu Lele\n|turn|22\n|\n|t:|1664886206\n|move|p1a: Tapu Lele|Shadow Ball|p2a: Jirachi\n|-supereffective|p2a: Jirachi\n|-damage|p2a: Jirachi|29\/100 par\n|cant|p2a: Jirachi|par\n|\n|-weather|Sandstorm|[upkeep]\n|-damage|p1a: Tapu Lele|94\/100|[from] Sandstorm\n|-damage|p2a: Jirachi|17\/100 par|[from] Leech Seed|[of] p1a: Tapu Lele\n|-heal|p1a: Tapu Lele|100\/100|[silent]\n|upkeep\n|turn|23\n|\n|t:|1664886214\n|move|p1a: Tapu Lele|Shadow Ball|p2a: Jirachi\n|-supereffective|p2a: Jirachi\n|-damage|p2a: Jirachi|0 fnt\n|faint|p2a: Jirachi\n|\n|-weather|Sandstorm|[upkeep]\n|-damage|p1a: Tapu Lele|94\/100|[from] Sandstorm\n|upkeep\n|\n|t:|1664886222\n|switch|p2a: Weavile|Weavile, F|100\/100\n|-damage|p2a: Weavile|76\/100|[from] Stealth Rock\n|-damage|p2a: Weavile|51\/100|[from] Spikes\n|-ability|p2a: Weavile|Pressure\n|turn|24\n|\n|t:|1664886225\n|switch|p1a: Zapdos|Zapdos|100\/100\n|move|p2a: Weavile|Knock Off|p1a: Zapdos\n|-damage|p1a: Zapdos|63\/100\n|-enditem|p1a: Zapdos|Heavy-Duty Boots|[from] move: Knock Off|[of] p2a: Weavile\n|\n|-weather|Sandstorm|[upkeep]\n|-damage|p2a: Weavile|45\/100|[from] Sandstorm\n|-damage|p1a: Zapdos|57\/100|[from] Sandstorm\n|upkeep\n|turn|25\n|\n|t:|1664886232\n|move|p2a: Weavile|Taunt|p1a: Zapdos\n|-start|p1a: Zapdos|move: Taunt\n|cant|p1a: Zapdos|move: Taunt|Roost\n|\n|-weather|none\n|upkeep\n|turn|26\n|\n|t:|1664886238\n|move|p2a: Weavile|Ice Shard|p1a: Zapdos\n|-hint|Psychic Terrain doesn't affect Pok\u00e9mon immune to Ground.\n|-supereffective|p1a: Zapdos\n|-damage|p1a: Zapdos|27\/100\n|move|p1a: Zapdos|Volt Switch|p2a: Weavile\n|-damage|p2a: Weavile|6\/100\n|\n|t:|1664886242\n|switch|p1a: Tapu Lele|Tapu Lele|94\/100|[from]move: Volt Switch\n|\n|-fieldend|move: Psychic Terrain\n|upkeep\n|turn|27\n|\n|t:|1664886248\n|move|p1a: Tapu Lele|Moonblast|p2a: Weavile\n|-supereffective|p2a: Weavile\n|-damage|p2a: Weavile|0 fnt\n|faint|p2a: Weavile\n|\n|upkeep\n|j| Peddegarten\n|\n|t:|1664886260\n|switch|p2a: Tornadus|Tornadus-Therian, M|100\/100\n|turn|28\n|\n|t:|1664886263\n|switch|p1a: Zapdos|Zapdos|27\/100\n|move|p2a: Tornadus|Hurricane|p1a: Zapdos|[miss]\n|-miss|p2a: Tornadus|p1a: Zapdos\n|\n|upkeep\n|turn|29\n|\n|t:|1664886272\n|move|p2a: Tornadus|Hurricane|p1a: Zapdos\n|-resisted|p1a: Zapdos\n|-damage|p1a: Zapdos|4\/100\n|move|p1a: Zapdos|Roost|p1a: Zapdos\n|-heal|p1a: Zapdos|54\/100\n|-singleturn|p1a: Zapdos|move: Roost\n|\n|upkeep\n|turn|30\n|\n|t:|1664886278\n|move|p2a: Tornadus|Taunt|p1a: Zapdos\n|-start|p1a: Zapdos|move: Taunt\n|cant|p1a: Zapdos|move: Taunt|Roost\n|\n|upkeep\n|turn|31\n|\n|t:|1664886280\n|move|p2a: Tornadus|Nasty Plot|p2a: Tornadus\n|-boost|p2a: Tornadus|spa|2\n|move|p1a: Zapdos|Volt Switch|p2a: Tornadus\n|-supereffective|p2a: Tornadus\n|-damage|p2a: Tornadus|32\/100\n|\n|t:|1664886283\n|switch|p1a: Tapu Lele|Tapu Lele|94\/100|[from]move: Volt Switch\n|-fieldstart|move: Psychic Terrain|[from] ability: Psychic Surge|[of] p1a: Tapu Lele\n|\n|upkeep\n|turn|32\n|\n|t:|1664886285\n|move|p1a: Tapu Lele|Moonblast|p2a: Tornadus\n|-damage|p2a: Tornadus|0 fnt\n|faint|p2a: Tornadus\n|\n|upkeep\n|\n|t:|1664886297\n|switch|p2a: Vanilluxe|Vanilluxe, M|100\/100\n|-damage|p2a: Vanilluxe|76\/100|[from] Stealth Rock\n|-damage|p2a: Vanilluxe|51\/100|[from] Spikes\n|-weather|Hail|[from] ability: Snow Warning|[of] p2a: Vanilluxe\n|turn|33\n|\n|t:|1664886301\n|move|p1a: Tapu Lele|Moonblast|p2a: Vanilluxe\n|-crit|p2a: Vanilluxe\n|-damage|p2a: Vanilluxe|0 fnt\n|faint|p2a: Vanilluxe\n|\n|-weather|Hail|[upkeep]\n|-damage|p1a: Tapu Lele|88\/100|[from] Hail\n|upkeep\n|j| nightsujiu\n|\n|t:|1664886304\n|switch|p2a: Mew|Mew|100\/100\n|-damage|p2a: Mew|88\/100|[from] Stealth Rock\n|-damage|p2a: Mew|63\/100|[from] Spikes\n|turn|34\n|j| Sunday surfer\n|\n|t:|1664886308\n|move|p1a: Tapu Lele|Moonblast|p2a: Mew\n|-damage|p2a: Mew|13\/100\n|move|p2a: Mew|Roost|p2a: Mew\n|-heal|p2a: Mew|63\/100\n|-singleturn|p2a: Mew|move: Roost\n|\n|-weather|Hail|[upkeep]\n|-damage|p1a: Tapu Lele|82\/100|[from] Hail\n|-damage|p2a: Mew|57\/100|[from] Hail\n|upkeep\n|turn|35\n|\n|t:|1664886312\n|move|p1a: Tapu Lele|Moonblast|p2a: Mew\n|-damage|p2a: Mew|11\/100\n|move|p2a: Mew|Roost|p2a: Mew\n|-heal|p2a: Mew|61\/100\n|-singleturn|p2a: Mew|move: Roost\n|\n|-weather|Hail|[upkeep]\n|-damage|p1a: Tapu Lele|76\/100|[from] Hail\n|-damage|p2a: Mew|55\/100|[from] Hail\n|-fieldend|move: Psychic Terrain\n|upkeep\n|turn|36\n|\n|t:|1664886316\n|move|p1a: Tapu Lele|Moonblast|p2a: Mew\n|-damage|p2a: Mew|9\/100\n|move|p2a: Mew|Roost|p2a: Mew\n|-heal|p2a: Mew|59\/100\n|-singleturn|p2a: Mew|move: Roost\n|\n|-weather|Hail|[upkeep]\n|-damage|p1a: Tapu Lele|70\/100|[from] Hail\n|-damage|p2a: Mew|53\/100|[from] Hail\n|upkeep\n|turn|37\n|\n|t:|1664886320\n|move|p1a: Tapu Lele|Moonblast|p2a: Mew\n|-damage|p2a: Mew|7\/100\n|move|p2a: Mew|Roost|p2a: Mew\n|-heal|p2a: Mew|57\/100\n|-singleturn|p2a: Mew|move: Roost\n|\n|-weather|none\n|upkeep\n|turn|38\n|\n|t:|1664886325\n|move|p1a: Tapu Lele|Moonblast|p2a: Mew\n|-damage|p2a: Mew|7\/100\n|move|p2a: Mew|Roost|p2a: Mew\n|-heal|p2a: Mew|57\/100\n|-singleturn|p2a: Mew|move: Roost\n|\n|upkeep\n|turn|39\n|\n|t:|1664886329\n|move|p1a: Tapu Lele|Moonblast|p2a: Mew\n|-damage|p2a: Mew|4\/100\n|move|p2a: Mew|Roost|p2a: Mew\n|-heal|p2a: Mew|54\/100\n|-singleturn|p2a: Mew|move: Roost\n|\n|upkeep\n|turn|40\n|\n|t:|1664886333\n|move|p1a: Tapu Lele|Moonblast|p2a: Mew\n|-crit|p2a: Mew\n|-damage|p2a: Mew|0 fnt\n|faint|p2a: Mew\n|\n|win|Venositile\n|raw|Venositile's rating: 1743 &rarr; <strong>1765<\/strong><br \/>(+22 for winning)\n|raw|LT94JE Allistair's rating: 1785 &rarr; <strong>1763<\/strong><br \/>(-22 for losing)\n|l| Sunday surfer\n|l|\u2606LT94JE Allistair\n","uploadtime":1664886343,"views":15,"p1id":"venositile","p2id":"lt94jeallistair","formatid":"gen8ou","rating":1763,"private":0,"password":null}