{"id":"gen8ou-1522312275","p1":"Infernoss","p2":"Sticky Fingaa","format":"gen8ou","log":"|j|\u2606Infernoss\n|j|\u2606Sticky Fingaa\n|t:|1646269342\n|gametype|singles\n|player|p1|Infernoss|chili|1731\n|player|p2|Sticky Fingaa|proton|1678\n|teamsize|p1|6\n|teamsize|p2|6\n|gen|8\n|tier|[Gen 8] OU\n|rated|\n|rule|Sleep Clause Mod: Limit one foe put to sleep\n|rule|Species Clause: Limit one of each Pok\u00e9mon\n|rule|OHKO Clause: OHKO moves are banned\n|rule|Evasion Moves Clause: Evasion moves are banned\n|rule|Endless Battle Clause: Forcing endless battles is banned\n|rule|HP Percentage Mod: HP is shown in percentages\n|rule|Dynamax Clause: You cannot dynamax\n|clearpoke\n|poke|p1|Slowbro, M|\n|poke|p1|Hatterene, F|\n|poke|p1|Marowak-Alola, M|\n|poke|p1|Ferrothorn, F|\n|poke|p1|Garchomp, M|\n|poke|p1|Drampa, M|\n|poke|p2|Zapdos-Galar|\n|poke|p2|Slowbro, F|\n|poke|p2|Ferrothorn, M|\n|poke|p2|Landorus-Therian, M|\n|poke|p2|Weavile, M|\n|poke|p2|Victini|\n|teampreview\n|c|\u2606Sticky Fingaa|Hf\n|c|\u2606Sticky Fingaa|YO\n|c|\u2606Sticky Fingaa|Drampa\n|c|\u2606Sticky Fingaa|Heat\n|j| shunyi1\n|\n|t:|1646269381\n|start\n|switch|p1a: Sonso|Slowbro, M|100\/100\n|switch|p2a: Victini|Victini|100\/100\n|turn|1\n|\n|t:|1646269390\n|move|p2a: Victini|Trick|p1a: Sonso\n|-activate|p2a: Victini|move: Trick|[of] p1a: Sonso\n|-item|p1a: Sonso|Choice Scarf|[from] move: Trick\n|-item|p2a: Victini|Colbur Berry|[from] move: Trick\n|move|p1a: Sonso|Trick Room|p1a: Sonso\n|-fieldstart|move: Trick Room|[of] p1a: Sonso\n|\n|upkeep\n|turn|2\n|\n|t:|1646269401\n|switch|p1a: Falko|Drampa, M|100\/100\n|move|p2a: Victini|Trick|p1a: Falko\n|-activate|p2a: Victini|move: Trick|[of] p1a: Falko\n|-item|p1a: Falko|Colbur Berry|[from] move: Trick\n|-item|p2a: Victini|Life Orb|[from] move: Trick\n|\n|upkeep\n|turn|3\n|\n|t:|1646269412\n|move|p1a: Falko|Focus Blast|p2a: Victini\n|-resisted|p2a: Victini\n|-damage|p2a: Victini|77\/100\n|move|p2a: Victini|U-turn|p1a: Falko\n|-damage|p1a: Falko|72\/100\n|-damage|p2a: Victini|67\/100|[from] item: Life Orb\n|j| Redfire.Gslay\n|\n|t:|1646269422\n|switch|p2a: Ferrothorn|Ferrothorn, M|100\/100|[from]move: U-turn\n|\n|upkeep\n|turn|4\n|\n|t:|1646269426\n|move|p2a: Ferrothorn|Protect|p2a: Ferrothorn\n|-singleturn|p2a: Ferrothorn|Protect\n|move|p1a: Falko|Focus Blast|p2a: Ferrothorn\n|-activate|p2a: Ferrothorn|move: Protect\n|\n|upkeep\n|turn|5\n|\n|t:|1646269439\n|switch|p2a: Slowbro|Slowbro, F|100\/100\n|move|p1a: Falko|Focus Blast|p2a: Slowbro\n|-resisted|p2a: Slowbro\n|-damage|p2a: Slowbro|77\/100\n|\n|-fieldend|move: Trick Room\n|upkeep\n|turn|6\n|\n|t:|1646269447\n|switch|p2a: Victini|Victini|67\/100\n|move|p1a: Falko|Thunderbolt|p2a: Victini\n|-damage|p2a: Victini|31\/100\n|\n|upkeep\n|turn|7\n|\n|t:|1646269454\n|move|p2a: Victini|V-create|p1a: Falko\n|-resisted|p1a: Falko\n|-damage|p1a: Falko|12\/100\n|-unboost|p2a: Victini|spe|1\n|-unboost|p2a: Victini|def|1\n|-unboost|p2a: Victini|spd|1\n|-ability|p1a: Falko|Berserk|boost\n|-boost|p1a: Falko|spa|1\n|-damage|p2a: Victini|21\/100|[from] item: Life Orb\n|move|p1a: Falko|Roost|p1a: Falko\n|-heal|p1a: Falko|63\/100\n|-singleturn|p1a: Falko|move: Roost\n|\n|upkeep\n|turn|8\n|\n|t:|1646269464\n|switch|p1a: Sonso|Slowbro, M|100\/100\n|move|p2a: Victini|V-create|p1a: Sonso\n|-resisted|p1a: Sonso\n|-damage|p1a: Sonso|71\/100\n|-unboost|p2a: Victini|spe|1\n|-unboost|p2a: Victini|def|1\n|-unboost|p2a: Victini|spd|1\n|-damage|p2a: Victini|11\/100|[from] item: Life Orb\n|\n|upkeep\n|turn|9\n|\n|t:|1646269473\n|switch|p2a: Ferrothorn|Ferrothorn, M|100\/100\n|switch|p1a: Sharpo|Garchomp, M|100\/100\n|\n|upkeep\n|turn|10\n|\n|t:|1646269479\n|switch|p1a: Hatterene|Hatterene, F|100\/100\n|move|p2a: Ferrothorn|Spikes|p1a: Hatterene\n|move|p1a: Hatterene|Spikes|p2a: Ferrothorn|[from]ability: Magic Bounce\n|-sidestart|p2: Sticky Fingaa|Spikes\n|\n|upkeep\n|turn|11\n|\n|t:|1646269485\n|switch|p2a: Landorus|Landorus-Therian, M|100\/100\n|-ability|p2a: Landorus|Intimidate|boost\n|-unboost|p1a: Hatterene|atk|1\n|move|p1a: Hatterene|Mystical Fire|p2a: Landorus\n|-damage|p2a: Landorus|84\/100\n|-unboost|p2a: Landorus|spa|1\n|\n|-heal|p2a: Landorus|90\/100|[from] item: Leftovers\n|upkeep\n|turn|12\n|\n|t:|1646269495\n|switch|p1a: Sonso|Slowbro, M|100\/100\n|move|p2a: Landorus|Defog|p1a: Sonso\n|-unboost|p1a: Sonso|evasion|1\n|-sideend|p2: Sticky Fingaa|Spikes|[from] move: Defog|[of] p2a: Landorus\n|\n|-heal|p2a: Landorus|96\/100|[from] item: Leftovers\n|upkeep\n|turn|13\n|\n|t:|1646269502\n|move|p2a: Landorus|Toxic|p1a: Sonso\n|-status|p1a: Sonso|tox\n|move|p1a: Sonso|Scald|p2a: Landorus\n|-supereffective|p2a: Landorus\n|-damage|p2a: Landorus|51\/100\n|\n|-heal|p2a: Landorus|57\/100|[from] item: Leftovers\n|-damage|p1a: Sonso|94\/100 tox|[from] psn\n|upkeep\n|turn|14\n|\n|t:|1646269511\n|move|p2a: Landorus|U-turn|p1a: Sonso\n|-supereffective|p1a: Sonso\n|-damage|p1a: Sonso|67\/100 tox\n|\n|t:|1646269514\n|switch|p2a: Slowbro|Slowbro, F|100\/100|[from]move: U-turn\n|move|p1a: Sonso|Scald|p2a: Slowbro\n|-resisted|p2a: Slowbro\n|-damage|p2a: Slowbro|86\/100\n|\n|-damage|p1a: Sonso|55\/100 tox|[from] psn\n|upkeep\n|turn|15\n|l| Redfire.Gslay\n|\n|t:|1646269522\n|switch|p1a: Thorns|Ferrothorn, F|100\/100\n|move|p2a: Slowbro|Teleport|p2a: Slowbro\n|\n|t:|1646269529\n|switch|p2a: Victini|Victini|11\/100|[from]move: Teleport\n|\n|upkeep\n|turn|16\n|\n|t:|1646269545\n|switch|p1a: Sharpo|Garchomp, M|100\/100\n|move|p2a: Victini|V-create|p1a: Sharpo\n|-resisted|p1a: Sharpo\n|-damage|p1a: Sharpo|48\/100\n|-unboost|p2a: Victini|spe|1\n|-unboost|p2a: Victini|def|1\n|-unboost|p2a: Victini|spd|1\n|-damage|p2a: Victini|0 fnt|[from] ability: Rough Skin|[of] p1a: Sharpo\n|faint|p2a: Victini\n|\n|-heal|p1a: Sharpo|54\/100|[from] item: Leftovers\n|upkeep\n|\n|t:|1646269551\n|switch|p2a: Weavile|Weavile, M|100\/100\n|-ability|p2a: Weavile|Pressure\n|turn|17\n|\n|t:|1646269568\n|switch|p1a: Sonso|Slowbro, M|88\/100 tox\n|move|p2a: Weavile|Ice Shard|p1a: Sonso\n|-resisted|p1a: Sonso\n|-damage|p1a: Sonso|82\/100 tox\n|\n|-damage|p1a: Sonso|76\/100 tox|[from] psn\n|upkeep\n|turn|18\n|\n|t:|1646269575\n|move|p2a: Weavile|Swords Dance|p2a: Weavile\n|-boost|p2a: Weavile|atk|2\n|move|p1a: Sonso|Trick Room|p1a: Sonso\n|-fieldstart|move: Trick Room|[of] p1a: Sonso\n|\n|-damage|p1a: Sonso|64\/100 tox|[from] psn\n|upkeep\n|turn|19\n|\n|t:|1646269585\n|switch|p1a: Sharpo|Garchomp, M|54\/100\n|move|p2a: Weavile|Knock Off|p1a: Sharpo\n|-damage|p1a: Sharpo|0 fnt\n|-damage|p2a: Weavile|88\/100|[from] ability: Rough Skin|[of] p1a: Sharpo\n|-enditem|p1a: Sharpo|Leftovers|[from] move: Knock Off|[of] p2a: Weavile\n|faint|p1a: Sharpo\n|\n|upkeep\n|j| Jsjxhckejah\n|\n|t:|1646269593\n|switch|p1a: Billy B.|Marowak-Alola, M|100\/100\n|turn|20\n|\n|t:|1646269599\n|switch|p2a: Slowbro|Slowbro, F|100\/100\n|move|p1a: Billy B.|Substitute|p1a: Billy B.\n|-start|p1a: Billy B.|Substitute\n|-damage|p1a: Billy B.|76\/100\n|\n|upkeep\n|turn|21\n|\n|t:|1646269605\n|move|p2a: Slowbro|Scald|p1a: Billy B.\n|-supereffective|p1a: Billy B.\n|-end|p1a: Billy B.|Substitute\n|move|p1a: Billy B.|Poltergeist|p2a: Slowbro\n|-activate|p2a: Slowbro|move: Poltergeist|Rocky Helmet\n|-supereffective|p2a: Slowbro\n|-damage|p2a: Slowbro|0 fnt\n|faint|p2a: Slowbro\n|\n|upkeep\n|\n|t:|1646269612\n|switch|p2a: Landorus|Landorus-Therian, M|57\/100\n|-ability|p2a: Landorus|Intimidate|boost\n|-unboost|p1a: Billy B.|atk|1\n|turn|22\n|\n|t:|1646269616\n|move|p1a: Billy B.|Flare Blitz|p2a: Landorus\n|-damage|p2a: Landorus|0 fnt\n|faint|p2a: Landorus\n|\n|-fieldend|move: Trick Room\n|upkeep\n|j| skizzit\n|\n|t:|1646269630\n|switch|p2a: Weavile|Weavile, M|88\/100\n|-ability|p2a: Weavile|Pressure\n|turn|23\n|l| skizzit\n|\n|t:|1646269638\n|switch|p1a: Sonso|Slowbro, M|97\/100 tox\n|move|p2a: Weavile|Knock Off|p1a: Sonso\n|-supereffective|p1a: Sonso\n|-damage|p1a: Sonso|39\/100 tox\n|-enditem|p1a: Sonso|Choice Scarf|[from] move: Knock Off|[of] p2a: Weavile\n|\n|-damage|p1a: Sonso|32\/100 tox|[from] psn\n|upkeep\n|turn|24\n|\n|t:|1646269649\n|switch|p1a: Thorns|Ferrothorn, F|100\/100\n|move|p2a: Weavile|Knock Off|p1a: Thorns\n|-damage|p1a: Thorns|62\/100\n|-damage|p2a: Weavile|76\/100|[from] ability: Iron Barbs|[of] p1a: Thorns\n|-enditem|p1a: Thorns|Shed Shell|[from] move: Knock Off|[of] p2a: Weavile\n|\n|upkeep\n|turn|25\n|\n|t:|1646269660\n|switch|p2a: Ferrothorn|Ferrothorn, M|100\/100\n|move|p1a: Thorns|Gyro Ball|p2a: Ferrothorn\n|-resisted|p2a: Ferrothorn\n|-damage|p2a: Ferrothorn|95\/100\n|-damage|p1a: Thorns|49\/100|[from] ability: Iron Barbs|[of] p2a: Ferrothorn\n|\n|-heal|p2a: Ferrothorn|100\/100|[from] item: Leftovers\n|upkeep\n|turn|26\n|\n|t:|1646269669\n|move|p2a: Ferrothorn|Power Whip|p1a: Thorns\n|-resisted|p1a: Thorns\n|-damage|p1a: Thorns|42\/100\n|-damage|p2a: Ferrothorn|88\/100|[from] ability: Iron Barbs|[of] p1a: Thorns\n|move|p1a: Thorns|Stealth Rock|p2a: Ferrothorn\n|-sidestart|p2: Sticky Fingaa|move: Stealth Rock\n|\n|-heal|p2a: Ferrothorn|94\/100|[from] item: Leftovers\n|upkeep\n|turn|27\n|\n|t:|1646269677\n|switch|p1a: Hatterene|Hatterene, F|100\/100\n|move|p2a: Ferrothorn|Power Whip|p1a: Hatterene\n|-damage|p1a: Hatterene|56\/100\n|\n|-heal|p2a: Ferrothorn|100\/100|[from] item: Leftovers\n|upkeep\n|turn|28\n|j| crackek\n|l|\u2606Infernoss\n|player|p1|\n|c|\u2606Sticky Fingaa|Uh\n|inactive|Battle timer is ON: inactive players will automatically lose when time's up. (requested by Sticky Fingaa)\n|j|\u2606Infernoss\n|inactive|Infernoss reconnected and has 150 seconds left.\n|player|p1|Infernoss|chili\n|\n|t:|1646269736\n|move|p1a: Hatterene|Mystical Fire|p2a: Ferrothorn\n|-supereffective|p2a: Ferrothorn\n|-damage|p2a: Ferrothorn|38\/100\n|-unboost|p2a: Ferrothorn|spa|1\n|move|p2a: Ferrothorn|Power Whip|p1a: Hatterene\n|-damage|p1a: Hatterene|12\/100\n|\n|-heal|p2a: Ferrothorn|44\/100|[from] item: Leftovers\n|upkeep\n|turn|29\n|j| turtledoggo1\n|j| Hallo17\n|\n|t:|1646269757\n|switch|p2a: Zapdos|Zapdos-Galar|100\/100\n|-damage|p2a: Zapdos|88\/100|[from] Stealth Rock\n|move|p1a: Hatterene|Healing Wish|p1a: Hatterene\n|faint|p1a: Hatterene\n|\n|upkeep\n|\n|t:|1646269762\n|switch|p1a: Sonso|Slowbro, M|66\/100 tox\n|-heal|p1a: Sonso|100\/100|[from] move: Healing Wish\n|turn|30\n|\n|t:|1646269766\n|move|p2a: Zapdos|U-turn|p1a: Sonso\n|-supereffective|p1a: Sonso\n|-damage|p1a: Sonso|57\/100\n|\n|t:|1646269768\n|switch|p2a: Ferrothorn|Ferrothorn, M|44\/100|[from]move: U-turn\n|-damage|p2a: Ferrothorn|38\/100|[from] Stealth Rock\n|move|p1a: Sonso|Trick Room|p1a: Sonso\n|-fieldstart|move: Trick Room|[of] p1a: Sonso\n|\n|-heal|p2a: Ferrothorn|44\/100|[from] item: Leftovers\n|upkeep\n|turn|31\n|\n|t:|1646269777\n|switch|p1a: Falko|Drampa, M|63\/100\n|move|p2a: Ferrothorn|Spikes|p1a: Falko\n|-sidestart|p1: Infernoss|Spikes\n|\n|-heal|p2a: Ferrothorn|50\/100|[from] item: Leftovers\n|upkeep\n|turn|32\n|\n|t:|1646269783\n|move|p2a: Ferrothorn|Protect|p2a: Ferrothorn\n|-singleturn|p2a: Ferrothorn|Protect\n|move|p1a: Falko|Focus Blast|p2a: Ferrothorn\n|-activate|p2a: Ferrothorn|move: Protect\n|\n|-heal|p2a: Ferrothorn|57\/100|[from] item: Leftovers\n|upkeep\n|turn|33\n|\n|t:|1646269791\n|switch|p2a: Zapdos|Zapdos-Galar|88\/100\n|-damage|p2a: Zapdos|76\/100|[from] Stealth Rock\n|move|p1a: Falko|Focus Blast|p2a: Zapdos\n|-resisted|p2a: Zapdos\n|-damage|p2a: Zapdos|49\/100\n|-unboost|p2a: Zapdos|spd|1\n|-ability|p2a: Zapdos|Defiant\n|-boost|p2a: Zapdos|atk|2\n|\n|upkeep\n|turn|34\n|\n|t:|1646269818\n|switch|p2a: Ferrothorn|Ferrothorn, M|57\/100\n|-damage|p2a: Ferrothorn|50\/100|[from] Stealth Rock\n|move|p1a: Falko|Ice Beam|p2a: Ferrothorn\n|-damage|p2a: Ferrothorn|24\/100\n|\n|-heal|p2a: Ferrothorn|30\/100|[from] item: Leftovers\n|-fieldend|move: Trick Room\n|upkeep\n|turn|35\n|\n|t:|1646269827\n|move|p2a: Ferrothorn|Spikes|p1a: Falko\n|-sidestart|p1: Infernoss|Spikes\n|move|p1a: Falko|Ice Beam|p2a: Ferrothorn\n|-damage|p2a: Ferrothorn|6\/100\n|\n|-heal|p2a: Ferrothorn|12\/100|[from] item: Leftovers\n|upkeep\n|turn|36\n|\n|t:|1646269834\n|move|p2a: Ferrothorn|Spikes|p1a: Falko\n|-sidestart|p1: Infernoss|Spikes\n|move|p1a: Falko|Ice Beam|p2a: Ferrothorn\n|-damage|p2a: Ferrothorn|0 fnt\n|faint|p2a: Ferrothorn\n|\n|upkeep\n|\n|t:|1646269853\n|switch|p2a: Zapdos|Zapdos-Galar|49\/100\n|-damage|p2a: Zapdos|37\/100|[from] Stealth Rock\n|turn|37\n|\n|t:|1646269865\n|move|p2a: Zapdos|Brave Bird|p1a: Falko\n|-damage|p1a: Falko|0 fnt\n|faint|p1a: Falko\n|-damage|p2a: Zapdos|14\/100|[from] Recoil\n|\n|upkeep\n|\n|t:|1646269870\n|switch|p1a: Thorns|Ferrothorn, F|42\/100\n|-damage|p1a: Thorns|17\/100|[from] Spikes\n|turn|38\n|j| JamaicanRillabeezy\n|\n|t:|1646269875\n|move|p2a: Zapdos|Brave Bird|p1a: Thorns\n|-damage|p1a: Thorns|0 fnt\n|-damage|p2a: Zapdos|1\/100|[from] ability: Iron Barbs|[of] p1a: Thorns\n|faint|p1a: Thorns\n|-damage|p2a: Zapdos|0 fnt|[from] Recoil\n|faint|p2a: Zapdos\n|\n|upkeep\n|\n|t:|1646269882\n|switch|p2a: Weavile|Weavile, M|76\/100\n|switch|p1a: Sonso|Slowbro, M|91\/100\n|-ability|p2a: Weavile|Pressure\n|-damage|p1a: Sonso|66\/100|[from] Spikes\n|turn|39\n|\n|t:|1646269890\n|move|p2a: Weavile|Swords Dance|p2a: Weavile\n|-boost|p2a: Weavile|atk|2\n|move|p1a: Sonso|Body Press|p2a: Weavile\n|-supereffective|p2a: Weavile\n|-damage|p2a: Weavile|0 fnt\n|faint|p2a: Weavile\n|\n|win|Infernoss\n|raw|Infernoss's rating: 1731 &rarr; <strong>1748<\/strong><br \/>(+17 for winning)\n|raw|Sticky Fingaa's rating: 1678 &rarr; <strong>1661<\/strong><br \/>(-17 for losing)\n|c|\u2606Infernoss|gg\n|c|\u2606Sticky Fingaa|Gg\n|l| turtledoggo1\n|c|\u2606Sticky Fingaa|I live how slowbro\n|l| Jsjxhckejah\n|c|\u2606Sticky Fingaa|Just staright up checks weavile\n|c|\u2606Sticky Fingaa|Straight\n|c|\u2606Infernoss|thanks\n|c|\u2606Sticky Fingaa|When it has no item\n|c|\u2606Sticky Fingaa|Or it's just colbur\n|c|\u2606Infernoss|yea, colbur\n|l| crackek\n||Ladder isn't responding, score probably updated but might not have (Request timeout).\n|l| shunyi1\n|l|\u2606Sticky Fingaa\n","uploadtime":1646269951,"views":105,"p1id":"infernoss","p2id":"stickyfingaa","formatid":"gen8ou","rating":1661,"private":0,"password":null}