{"id":"gen8ou-1651122521","p1":"Shuri2060","p2":"cump5","format":"gen8ou","log":"|j|\u2606Shuri2060\n|j|\u2606cump5\n|t:|1661789049\n|gametype|singles\n|player|p1|Shuri2060|266|1528\n|player|p2|cump5|pilot|1550\n|teamsize|p1|6\n|teamsize|p2|6\n|gen|8\n|tier|[Gen 8] OU\n|rated|\n|rule|Sleep Clause Mod: Limit one foe put to sleep\n|rule|Species Clause: Limit one of each Pok\u00e9mon\n|rule|OHKO Clause: OHKO moves are banned\n|rule|Evasion Items Clause: Evasion items are banned\n|rule|Evasion Moves Clause: Evasion moves are banned\n|rule|Endless Battle Clause: Forcing endless battles is banned\n|rule|HP Percentage Mod: HP is shown in percentages\n|rule|Dynamax Clause: You cannot dynamax\n|clearpoke\n|poke|p1|Toxapex, M|\n|poke|p1|Ferrothorn, M|\n|poke|p1|Shedinja|\n|poke|p1|Blissey, F|\n|poke|p1|Ditto|\n|poke|p1|Melmetal|\n|poke|p2|Heatran, M|\n|poke|p2|Silvally-*|\n|poke|p2|Umbreon, F|\n|poke|p2|Vaporeon, F|\n|poke|p2|Rillaboom, M|\n|poke|p2|Zapdos|\n|teampreview\n|inactive|Battle timer is ON: inactive players will automatically lose when time's up. (requested by Shuri2060)\n|c|\u2606cump5|hf\n|\n|t:|1661789061\n|start\n|switch|p1a: Ditto|Ditto|100\/100\n|switch|p2a: Silvally|Silvally-Ground|100\/100\n|-transform|p1a: Ditto|p2a: Silvally|[from] ability: Imposter\n|turn|1\n|\n|t:|1661789086\n|switch|p2a: Umbreon|Umbreon, F, shiny|100\/100\n|move|p1a: Ditto|Ice Beam|p2a: Umbreon\n|-damage|p2a: Umbreon|83\/100\n|\n|-heal|p2a: Umbreon|90\/100|[from] item: Leftovers\n|upkeep\n|turn|2\n|\n|t:|1661789097\n|switch|p1a: Blissey|Blissey, F|100\/100\n|move|p2a: Umbreon|Wish|p2a: Umbreon\n|\n|-heal|p2a: Umbreon|96\/100|[from] item: Leftovers\n|upkeep\n|turn|3\n|\n|t:|1661789105\n|switch|p2a: Rillaboom|Rillaboom, M, shiny|100\/100\n|-fieldstart|move: Grassy Terrain|[from] ability: Grassy Surge|[of] p2a: Rillaboom\n|move|p1a: Blissey|Teleport|p1a: Blissey\n|\n|t:|1661789116\n|switch|p1a: Toxapex|Toxapex, M|100\/100|[from]move: Teleport\n|\n|upkeep\n|turn|4\n|\n|t:|1661789123\n|switch|p2a: Heatran|Heatran, M|100\/100\n|move|p1a: Toxapex|Toxic|p2a: Heatran\n|-immune|p2a: Heatran\n|\n|upkeep\n|turn|5\n|\n|t:|1661789134\n|switch|p1a: Ditto|Ditto|100\/100\n|-transform|p1a: Ditto|p2a: Heatran|[from] ability: Imposter\n|move|p2a: Heatran|Stealth Rock|p1a: Ditto\n|-sidestart|p1: Shuri2060|move: Stealth Rock\n|\n|upkeep\n|turn|6\n|\n|t:|1661789145\n|move|p2a: Heatran|Earth Power|p1a: Ditto\n|-supereffective|p1a: Ditto\n|-damage|p1a: Ditto|15\/100\n|move|p1a: Ditto|Earth Power|p2a: Heatran\n|-supereffective|p2a: Heatran\n|-damage|p2a: Heatran|42\/100\n|\n|-heal|p1a: Ditto|21\/100|[from] Grassy Terrain\n|-heal|p2a: Heatran|49\/100|[from] Grassy Terrain\n|-heal|p2a: Heatran|55\/100|[from] item: Leftovers\n|upkeep\n|turn|7\n|\n|t:|1661789154\n|switch|p2a: Vaporeon|Vaporeon, F, shiny|100\/100\n|move|p1a: Ditto|Earth Power|p2a: Vaporeon\n|-damage|p2a: Vaporeon|86\/100\n|-unboost|p2a: Vaporeon|spd|1\n|\n|-heal|p1a: Ditto|27\/100|[from] Grassy Terrain\n|-heal|p2a: Vaporeon|93\/100|[from] Grassy Terrain\n|-heal|p2a: Vaporeon|99\/100|[from] item: Leftovers\n|-fieldend|move: Grassy Terrain\n|upkeep\n|turn|8\n|\n|t:|1661789171\n|switch|p1a: Blissey|Blissey, F|100\/100\n|move|p2a: Vaporeon|Wish|p2a: Vaporeon\n|\n|-heal|p2a: Vaporeon|100\/100|[from] item: Leftovers\n|upkeep\n|turn|9\n|\n|t:|1661789184\n|switch|p2a: Heatran|Heatran, M|55\/100\n|move|p1a: Blissey|Thunder Wave|p2a: Heatran\n|-status|p2a: Heatran|par\n|\n|-heal|p2a: Heatran|100\/100 par|[from] move: Wish|[wisher] Vaporeon\n|upkeep\n|turn|10\n|\n|t:|1661789195\n|switch|p2a: Silvally|Silvally-Ground|100\/100\n|move|p1a: Blissey|Seismic Toss|p2a: Silvally\n|-damage|p2a: Silvally|70\/100\n|\n|upkeep\n|turn|11\n|\n|t:|1661789202\n|move|p2a: Silvally|Multi-Attack|p1a: Blissey\n|-damage|p1a: Blissey|62\/100\n|move|p1a: Blissey|Seismic Toss|p2a: Silvally\n|-damage|p2a: Silvally|40\/100\n|\n|upkeep\n|turn|12\n|\n|t:|1661789207\n|switch|p2a: Umbreon|Umbreon, F, shiny|96\/100\n|move|p1a: Blissey|Soft-Boiled|p1a: Blissey\n|-heal|p1a: Blissey|100\/100\n|\n|-heal|p2a: Umbreon|100\/100|[from] item: Leftovers\n|upkeep\n|turn|13\n|\n|t:|1661789209\n|switch|p1a: Ditto|Ditto|27\/100\n|-transform|p1a: Ditto|p2a: Umbreon|[from] ability: Imposter\n|move|p2a: Umbreon|Wish|p2a: Umbreon\n|\n|upkeep\n|turn|14\n|\n|t:|1661789216\n|switch|p2a: Silvally|Silvally-Ground|40\/100\n|move|p1a: Ditto|Wish|p1a: Ditto\n|\n|-heal|p2a: Silvally|99\/100|[from] move: Wish|[wisher] Umbreon\n|upkeep\n|turn|15\n|\n|t:|1661789229\n|move|p1a: Ditto|Protect|p1a: Ditto\n|-singleturn|p1a: Ditto|Protect\n|move|p2a: Silvally|Multi-Attack|p1a: Ditto\n|-activate|p1a: Ditto|move: Protect\n|\n|-heal|p1a: Ditto|77\/100|[from] move: Wish|[wisher] Ditto\n|upkeep\n|turn|16\n|\n|t:|1661789238\n|switch|p2a: Umbreon|Umbreon, F, shiny|100\/100\n|move|p1a: Ditto|Wish|p1a: Ditto\n|\n|upkeep\n|turn|17\n|\n|t:|1661789246\n|move|p1a: Ditto|Foul Play|p2a: Umbreon\n|-resisted|p2a: Umbreon\n|-damage|p2a: Umbreon|96\/100\n|move|p2a: Umbreon|Heal Bell|p2a: Umbreon\n|-activate|p2a: Umbreon|move: Heal Bell\n|-curestatus|p2: Heatran|par|[msg]\n|\n|-heal|p1a: Ditto|100\/100|[from] move: Wish|[wisher] Ditto\n|-heal|p2a: Umbreon|100\/100|[from] item: Leftovers\n|upkeep\n|turn|18\n|\n|t:|1661789254\n|switch|p2a: Heatran|Heatran, M|100\/100\n|move|p1a: Ditto|Wish|p1a: Ditto\n|\n|upkeep\n|turn|19\n|\n|t:|1661789263\n|switch|p1a: Blissey|Blissey, F|100\/100\n|move|p2a: Heatran|Taunt|p1a: Blissey\n|-start|p1a: Blissey|move: Taunt\n|\n|upkeep\n|turn|20\n|\n|t:|1661789268\n|move|p2a: Heatran|Magma Storm|p1a: Blissey\n|-damage|p1a: Blissey|84\/100\n|-activate|p1a: Blissey|move: Magma Storm|[of] p2a: Heatran\n|move|p1a: Blissey|Seismic Toss|p2a: Heatran\n|-damage|p2a: Heatran|75\/100\n|\n|-heal|p2a: Heatran|81\/100|[from] item: Leftovers\n|-damage|p1a: Blissey|72\/100|[from] move: Magma Storm|[partiallytrapped]\n|upkeep\n|turn|21\n|\n|t:|1661789271\n|move|p2a: Heatran|Magma Storm|p1a: Blissey\n|-damage|p1a: Blissey|57\/100\n|move|p1a: Blissey|Seismic Toss|p2a: Heatran\n|-damage|p2a: Heatran|55\/100\n|\n|-heal|p2a: Heatran|61\/100|[from] item: Leftovers\n|-damage|p1a: Blissey|44\/100|[from] move: Magma Storm|[partiallytrapped]\n|-end|p1a: Blissey|move: Taunt\n|upkeep\n|turn|22\n|\n|t:|1661789276\n|move|p2a: Heatran|Taunt|p1a: Blissey\n|-start|p1a: Blissey|move: Taunt\n|move|p1a: Blissey|Seismic Toss|p2a: Heatran\n|-damage|p2a: Heatran|35\/100\n|\n|-heal|p2a: Heatran|41\/100|[from] item: Leftovers\n|-damage|p1a: Blissey|32\/100|[from] move: Magma Storm|[partiallytrapped]\n|upkeep\n|turn|23\n|\n|t:|1661789281\n|move|p2a: Heatran|Earth Power|p1a: Blissey\n|-damage|p1a: Blissey|22\/100\n|move|p1a: Blissey|Seismic Toss|p2a: Heatran\n|-damage|p2a: Heatran|16\/100\n|\n|-heal|p2a: Heatran|22\/100|[from] item: Leftovers\n|-damage|p1a: Blissey|10\/100|[from] move: Magma Storm|[partiallytrapped]\n|upkeep\n|turn|24\n|\n|t:|1661789284\n|move|p2a: Heatran|Earth Power|p1a: Blissey\n|-damage|p1a: Blissey|0 fnt\n|faint|p1a: Blissey\n|\n|-heal|p2a: Heatran|28\/100|[from] item: Leftovers\n|upkeep\n|\n|t:|1661789293\n|switch|p1a: Toxapex|Toxapex, M|100\/100\n|-damage|p1a: Toxapex|88\/100|[from] Stealth Rock\n|turn|25\n|\n|t:|1661789299\n|switch|p2a: Vaporeon|Vaporeon, F, shiny|100\/100\n|move|p1a: Toxapex|Scald|p2a: Vaporeon\n|-immune|p2a: Vaporeon|[from] ability: Water Absorb\n|\n|upkeep\n|turn|26\n|\n|t:|1661789303\n|move|p2a: Vaporeon|Wish|p2a: Vaporeon\n|move|p1a: Toxapex|Toxic|p2a: Vaporeon\n|-status|p2a: Vaporeon|tox\n|\n|-damage|p2a: Vaporeon|94\/100 tox|[from] psn\n|upkeep\n|turn|27\n|\n|t:|1661789309\n|switch|p2a: Heatran|Heatran, M|28\/100\n|switch|p1a: Melmetal|Melmetal|100\/100\n|-damage|p1a: Melmetal|94\/100|[from] Stealth Rock\n|\n|-heal|p2a: Heatran|88\/100|[from] move: Wish|[wisher] Vaporeon\n|-heal|p2a: Heatran|94\/100|[from] item: Leftovers\n|-heal|p1a: Melmetal|100\/100|[from] item: Leftovers\n|upkeep\n|turn|28\n|\n|t:|1661789326\n|switch|p2a: Zapdos|Zapdos|100\/100\n|move|p1a: Melmetal|Earthquake|p2a: Zapdos\n|-immune|p2a: Zapdos\n|\n|upkeep\n|turn|29\n|\n|t:|1661789332\n|switch|p1a: Ditto|Ditto|100\/100\n|-transform|p1a: Ditto|p2a: Zapdos|[from] ability: Imposter\n|move|p2a: Zapdos|Volt Switch|p1a: Ditto\n|-damage|p1a: Ditto|65\/100\n|\n|t:|1661789340\n|switch|p2a: Heatran|Heatran, M|94\/100|[from]move: Volt Switch\n|\n|-heal|p2a: Heatran|100\/100|[from] item: Leftovers\n|upkeep\n|turn|30\n|\n|t:|1661789346\n|move|p1a: Ditto|Roost|p1a: Ditto\n|-heal|p1a: Ditto|100\/100\n|-singleturn|p1a: Ditto|move: Roost\n|move|p2a: Heatran|Earth Power|p1a: Ditto\n|-supereffective|p1a: Ditto\n|-damage|p1a: Ditto|34\/100\n|-unboost|p1a: Ditto|spd|1\n|\n|upkeep\n|turn|31\n|\n|t:|1661789358\n|move|p1a: Ditto|Volt Switch|p2a: Heatran\n|-damage|p2a: Heatran|83\/100\n|\n|t:|1661789373\n|switch|p1a: Toxapex|Toxapex, M|100\/100|[from]move: Volt Switch\n|-damage|p1a: Toxapex|88\/100|[from] Stealth Rock\n|move|p2a: Heatran|Magma Storm|p1a: Toxapex\n|-resisted|p1a: Toxapex\n|-crit|p1a: Toxapex\n|-damage|p1a: Toxapex|63\/100\n|-activate|p1a: Toxapex|move: Magma Storm|[of] p2a: Heatran\n|\n|-heal|p2a: Heatran|89\/100|[from] item: Leftovers\n|-damage|p1a: Toxapex|51\/100|[from] move: Magma Storm|[partiallytrapped]\n|upkeep\n|turn|32\n|\n|t:|1661789381\n|move|p2a: Heatran|Taunt|p1a: Toxapex\n|-start|p1a: Toxapex|move: Taunt\n|move|p1a: Toxapex|Scald|p2a: Heatran\n|-supereffective|p2a: Heatran\n|-damage|p2a: Heatran|67\/100\n|\n|-heal|p2a: Heatran|73\/100|[from] item: Leftovers\n|-damage|p1a: Toxapex|38\/100|[from] move: Magma Storm|[partiallytrapped]\n|upkeep\n|turn|33\n|\n|t:|1661789383\n|move|p2a: Heatran|Earth Power|p1a: Toxapex\n|-supereffective|p1a: Toxapex\n|-damage|p1a: Toxapex|0 fnt\n|faint|p1a: Toxapex\n|\n|-heal|p2a: Heatran|79\/100|[from] item: Leftovers\n|upkeep\n|-message|Shuri2060 forfeited.\n|\n|win|cump5\n|raw|Shuri2060's rating: 1528 &rarr; <strong>1509<\/strong><br \/>(-19 for losing)\n|raw|cump5's rating: 1550 &rarr; <strong>1569<\/strong><br \/>(+19 for winning)\n|l|\u2606Shuri2060\n","uploadtime":1661789398,"views":26,"p1id":"shuri2060","p2id":"cump5","formatid":"gen8ou","rating":1509,"private":0,"password":null}