{"id":"gen8ou-1701992008","p1":"Red Rushun","p2":"machugen","format":"gen8ou","log":"|j|\u2606Red Rushun\n|j|\u2606machugen\n|t:|1667502383\n|gametype|singles\n|player|p1|Red Rushun|clair|1701\n|player|p2|machugen|brock-gen1rb|1686\n|teamsize|p1|6\n|teamsize|p2|6\n|gen|8\n|tier|[Gen 8] OU\n|rated|\n|rule|Sleep Clause Mod: Limit one foe put to sleep\n|rule|Species Clause: Limit one of each Pok\u00e9mon\n|rule|OHKO Clause: OHKO moves are banned\n|rule|Evasion Items Clause: Evasion items are banned\n|rule|Evasion Moves Clause: Evasion moves are banned\n|rule|Endless Battle Clause: Forcing endless battles is banned\n|rule|HP Percentage Mod: HP is shown in percentages\n|rule|Dynamax Clause: You cannot dynamax\n|clearpoke\n|poke|p1|Dragapult, M|\n|poke|p1|Blastoise, F|\n|poke|p1|Tapu Lele|\n|poke|p1|Cobalion|\n|poke|p1|Grimmsnarl, M|\n|poke|p1|Landorus-Therian, M|\n|poke|p2|Weavile, M|\n|poke|p2|Primarina, F|\n|poke|p2|Dragapult, M|\n|poke|p2|Corviknight, M|\n|poke|p2|Hippowdon, M|\n|poke|p2|Buzzwole|\n|teampreview\n|inactive|Battle timer is ON: inactive players will automatically lose when time's up. (requested by machugen)\n|\n|t:|1667502406\n|start\n|switch|p1a: Cobalion|Cobalion, shiny|100\/100\n|switch|p2a: Primarina|Primarina, F|100\/100\n|turn|1\n|\n|t:|1667502414\n|move|p1a: Cobalion|Toxic|p2a: Primarina\n|-status|p2a: Primarina|tox\n|move|p2a: Primarina|Moonblast|p1a: Cobalion\n|-damage|p1a: Cobalion|4\/100\n|\n|-damage|p2a: Primarina|95\/100 tox|[from] psn\n|upkeep\n|turn|2\n|\n|t:|1667502420\n|move|p1a: Cobalion|Stealth Rock|p2a: Primarina\n|-sidestart|p2: machugen|move: Stealth Rock\n|move|p2a: Primarina|Moonblast|p1a: Cobalion\n|-damage|p1a: Cobalion|0 fnt\n|faint|p1a: Cobalion\n|\n|-damage|p2a: Primarina|83\/100 tox|[from] psn\n|upkeep\n|\n|t:|1667502432\n|switch|p1a: Grimmsnarl|Grimmsnarl, M|100\/100\n|turn|3\n|\n|t:|1667502438\n|move|p1a: Grimmsnarl|Light Screen|p1a: Grimmsnarl\n|-sidestart|p1: Red Rushun|move: Light Screen\n|move|p2a: Primarina|Moonblast|p1a: Grimmsnarl\n|-supereffective|p1a: Grimmsnarl\n|-damage|p1a: Grimmsnarl|36\/100\n|\n|-damage|p2a: Primarina|65\/100 tox|[from] psn\n|upkeep\n|turn|4\n|\n|t:|1667502449\n|switch|p2a: Hippowdon|Hippowdon, M|100\/100\n|-damage|p2a: Hippowdon|94\/100|[from] Stealth Rock\n|-weather|Sandstorm|[from] ability: Sand Stream|[of] p2a: Hippowdon\n|move|p1a: Grimmsnarl|Reflect|p1a: Grimmsnarl\n|-sidestart|p1: Red Rushun|Reflect\n|\n|-weather|Sandstorm|[upkeep]\n|-damage|p1a: Grimmsnarl|29\/100|[from] Sandstorm\n|-heal|p2a: Hippowdon|100\/100|[from] item: Leftovers\n|upkeep\n|turn|5\n|\n|t:|1667502462\n|switch|p1a: Blastoise|Blastoise, F, shiny|100\/100\n|move|p2a: Hippowdon|Earthquake|p1a: Blastoise\n|-damage|p1a: Blastoise|79\/100\n|\n|-weather|Sandstorm|[upkeep]\n|-damage|p1a: Blastoise|73\/100|[from] Sandstorm\n|upkeep\n|turn|6\n|\n|t:|1667502465\n|move|p1a: Blastoise|Shell Smash|p1a: Blastoise\n|-unboost|p1a: Blastoise|def|1\n|-unboost|p1a: Blastoise|spd|1\n|-boost|p1a: Blastoise|atk|2\n|-boost|p1a: Blastoise|spa|2\n|-boost|p1a: Blastoise|spe|2\n|-enditem|p1a: Blastoise|White Herb\n|-clearnegativeboost|p1a: Blastoise|[silent]\n|move|p2a: Hippowdon|Toxic|p1a: Blastoise\n|-status|p1a: Blastoise|tox\n|\n|-weather|Sandstorm|[upkeep]\n|-damage|p1a: Blastoise|67\/100 tox|[from] Sandstorm\n|-damage|p1a: Blastoise|61\/100 tox|[from] psn\n|upkeep\n|turn|7\n|\n|t:|1667502494\n|switch|p2a: Buzzwole|Buzzwole, shiny|100\/100\n|move|p1a: Blastoise|Surf|p2a: Buzzwole\n|-damage|p2a: Buzzwole|0 fnt\n|faint|p2a: Buzzwole\n|\n|-weather|Sandstorm|[upkeep]\n|-damage|p1a: Blastoise|55\/100 tox|[from] Sandstorm\n|-damage|p1a: Blastoise|43\/100 tox|[from] psn\n|upkeep\n|inactive|machugen has 120 seconds left.\n|\n|t:|1667502522\n|switch|p2a: Dragapult|Dragapult, M|100\/100\n|-damage|p2a: Dragapult|88\/100|[from] Stealth Rock\n|turn|8\n|\n|t:|1667502541\n|switch|p2a: Primarina|Primarina, F|65\/100 tox\n|-damage|p2a: Primarina|52\/100 tox|[from] Stealth Rock\n|move|p1a: Blastoise|Ice Beam|p2a: Primarina\n|-resisted|p2a: Primarina\n|-damage|p2a: Primarina|28\/100 tox\n|\n|-weather|none\n|-damage|p1a: Blastoise|25\/100 tox|[from] psn\n|-damage|p2a: Primarina|22\/100 tox|[from] psn\n|upkeep\n|turn|9\n|\n|t:|1667502556\n|move|p1a: Blastoise|Ice Beam|p2a: Primarina\n|-resisted|p2a: Primarina\n|-damage|p2a: Primarina|0 fnt\n|faint|p2a: Primarina\n|\n|-damage|p1a: Blastoise|1\/100 tox|[from] psn\n|upkeep\n|\n|t:|1667502563\n|switch|p2a: Weavile|Weavile, M|100\/100\n|-damage|p2a: Weavile|76\/100|[from] Stealth Rock\n|-ability|p2a: Weavile|Pressure\n|turn|10\n|\n|t:|1667502574\n|move|p2a: Weavile|Ice Shard|p1a: Blastoise\n|-resisted|p1a: Blastoise\n|-damage|p1a: Blastoise|0 fnt\n|faint|p1a: Blastoise\n|\n|-sideend|p1: Red Rushun|move: Light Screen\n|upkeep\n|inactive|Red Rushun has 120 seconds left.\n|\n|t:|1667502608\n|switch|p1a: Dragapult|Dragapult, M|100\/100\n|turn|11\n|\n|t:|1667502614\n|switch|p2a: Corviknight|Corviknight, M|100\/100\n|-damage|p2a: Corviknight|88\/100|[from] Stealth Rock\n|-ability|p2a: Corviknight|Pressure\n|move|p1a: Dragapult|Dragon Darts|p2a: Corviknight\n|-resisted|p2a: Corviknight\n|-damage|p2a: Corviknight|78\/100\n|-anim|p1a: Dragapult|Dragon Darts|p2a: Corviknight\n|-resisted|p2a: Corviknight\n|-damage|p2a: Corviknight|68\/100\n|-damage|p1a: Dragapult|91\/100|[from] item: Life Orb\n|\n|-heal|p2a: Corviknight|74\/100|[from] item: Leftovers\n|-sideend|p1: Red Rushun|Reflect\n|upkeep\n|turn|12\n|\n|t:|1667502623\n|switch|p1a: Grimmsnarl|Grimmsnarl, M|29\/100\n|move|p2a: Corviknight|Roost|p2a: Corviknight\n|-heal|p2a: Corviknight|100\/100\n|-singleturn|p2a: Corviknight|move: Roost\n|\n|upkeep\n|turn|13\n|\n|t:|1667502634\n|move|p1a: Grimmsnarl|Thunder Wave|p2a: Corviknight\n|-status|p2a: Corviknight|par\n|move|p2a: Corviknight|Defog|p1a: Grimmsnarl\n|-unboost|p1a: Grimmsnarl|evasion|1\n|-sideend|p2: machugen|Stealth Rock|[from] move: Defog|[of] p2a: Corviknight\n|\n|upkeep\n|turn|14\n|\n|t:|1667502639\n|move|p1a: Grimmsnarl|Reflect|p1a: Grimmsnarl\n|-sidestart|p1: Red Rushun|Reflect\n|cant|p2a: Corviknight|par\n|\n|upkeep\n|turn|15\n|\n|t:|1667502648\n|switch|p1a: Dragapult|Dragapult, M|91\/100\n|move|p2a: Corviknight|U-turn|p1a: Dragapult\n|-resisted|p1a: Dragapult\n|-damage|p1a: Dragapult|86\/100\n|\n|t:|1667502654\n|switch|p2a: Hippowdon|Hippowdon, M|100\/100|[from]move: U-turn\n|-weather|Sandstorm|[from] ability: Sand Stream|[of] p2a: Hippowdon\n|\n|-weather|Sandstorm|[upkeep]\n|-damage|p1a: Dragapult|80\/100|[from] Sandstorm\n|upkeep\n|turn|16\n|j| CanUrepeat\n|\n|t:|1667502659\n|move|p1a: Dragapult|Dragon Dance|p1a: Dragapult\n|-boost|p1a: Dragapult|atk|1\n|-boost|p1a: Dragapult|spe|1\n|move|p2a: Hippowdon|Toxic|p1a: Dragapult\n|-status|p1a: Dragapult|tox\n|\n|-weather|Sandstorm|[upkeep]\n|-damage|p1a: Dragapult|74\/100 tox|[from] Sandstorm\n|-damage|p1a: Dragapult|68\/100 tox|[from] psn\n|upkeep\n|turn|17\n|\n|t:|1667502672\n|move|p1a: Dragapult|Dragon Darts|p2a: Hippowdon\n|-damage|p2a: Hippowdon|64\/100\n|-anim|p1a: Dragapult|Dragon Darts|p2a: Hippowdon\n|-damage|p2a: Hippowdon|27\/100\n|-damage|p1a: Dragapult|58\/100 tox|[from] item: Life Orb\n|move|p2a: Hippowdon|Stealth Rock|p1a: Dragapult\n|-sidestart|p1: Red Rushun|move: Stealth Rock\n|\n|-weather|Sandstorm|[upkeep]\n|-damage|p1a: Dragapult|52\/100 tox|[from] Sandstorm\n|-heal|p2a: Hippowdon|33\/100|[from] item: Leftovers\n|-damage|p1a: Dragapult|40\/100 tox|[from] psn\n|upkeep\n|turn|18\n|\n|t:|1667502690\n|switch|p2a: Corviknight|Corviknight, M|100\/100 par\n|-ability|p2a: Corviknight|Pressure\n|move|p1a: Dragapult|Phantom Force||[still]\n|-prepare|p1a: Dragapult|Phantom Force\n|\n|-weather|Sandstorm|[upkeep]\n|-damage|p1a: Dragapult|34\/100 tox|[from] Sandstorm\n|-damage|p1a: Dragapult|16\/100 tox|[from] psn\n|upkeep\n|turn|19\n|\n|t:|1667502697\n|switch|p2a: Hippowdon|Hippowdon, M|33\/100\n|move|p1a: Dragapult|Phantom Force|p2a: Hippowdon|[from]lockedmove\n|-damage|p2a: Hippowdon|0 fnt\n|faint|p2a: Hippowdon\n|-damage|p1a: Dragapult|6\/100 tox|[from] item: Life Orb\n|\n|-weather|none\n|-damage|p1a: Dragapult|0 fnt|[from] psn\n|faint|p1a: Dragapult\n|upkeep\n|\n|t:|1667502725\n|switch|p1a: Tapu Lele|Tapu Lele|100\/100\n|switch|p2a: Dragapult|Dragapult, M|88\/100\n|-damage|p1a: Tapu Lele|88\/100|[from] Stealth Rock\n|-fieldstart|move: Psychic Terrain|[from] ability: Psychic Surge|[of] p1a: Tapu Lele\n|turn|20\n|\n|t:|1667502731\n|move|p2a: Dragapult|Shadow Ball|p1a: Tapu Lele\n|-supereffective|p1a: Tapu Lele\n|-damage|p1a: Tapu Lele|5\/100\n|move|p1a: Tapu Lele|Moonblast|p2a: Dragapult\n|-supereffective|p2a: Dragapult\n|-crit|p2a: Dragapult\n|-damage|p2a: Dragapult|0 fnt\n|faint|p2a: Dragapult\n|\n|upkeep\n|\n|t:|1667502735\n|switch|p2a: Weavile|Weavile, M|76\/100\n|-ability|p2a: Weavile|Pressure\n|turn|21\n|\n|t:|1667502748\n|move|p2a: Weavile|Triple Axel|p1a: Tapu Lele\n|-damage|p1a: Tapu Lele|0 fnt\n|faint|p1a: Tapu Lele\n|-hitcount|p1: Tapu Lele|1\n|\n|-sideend|p1: Red Rushun|Reflect\n|upkeep\n|\n|t:|1667502756\n|switch|p1a: Grimmsnarl|Grimmsnarl, M|29\/100\n|-damage|p1a: Grimmsnarl|17\/100|[from] Stealth Rock\n|turn|22\n|\n|t:|1667502763\n|switch|p2a: Corviknight|Corviknight, M|100\/100 par\n|-ability|p2a: Corviknight|Pressure\n|move|p1a: Grimmsnarl|Reflect|p1a: Grimmsnarl\n|-sidestart|p1: Red Rushun|Reflect\n|\n|upkeep\n|turn|23\n|\n|t:|1667502777\n|switch|p1a: Landorus|Landorus-Therian, M, shiny|100\/100\n|-damage|p1a: Landorus|88\/100|[from] Stealth Rock\n|-ability|p1a: Landorus|Intimidate|boost\n|-unboost|p2a: Corviknight|atk|1\n|move|p2a: Corviknight|U-turn|p1a: Landorus\n|-resisted|p1a: Landorus\n|-damage|p1a: Landorus|85\/100\n|\n|t:|1667502779\n|switch|p2a: Weavile|Weavile, M|76\/100|[from]move: U-turn\n|-ability|p2a: Weavile|Pressure\n|\n|-heal|p1a: Landorus|91\/100|[from] item: Leftovers\n|upkeep\n|turn|24\n|\n|t:|1667502784\n|move|p2a: Weavile|Triple Axel|p1a: Landorus\n|-supereffective|p1a: Landorus\n|-crit|p1a: Landorus\n|-damage|p1a: Landorus|0 fnt\n|faint|p1a: Landorus\n|-hitcount|p1: Landorus|1\n|\n|-fieldend|move: Psychic Terrain\n|upkeep\n|inactive|Red Rushun has 120 seconds left.\n|inactive|Red Rushun has 90 seconds left.\n|j| ddddddabai\n|inactive|Red Rushun has 60 seconds left.\n|l| CanUrepeat\n|j| CanUrepeat\n|l| CanUrepeat\n|c|\u2606machugen|why you timestalling\n|c|\u2606machugen|just ff or click\n|inactive|Red Rushun has 30 seconds left.\n|inactive|Red Rushun has 20 seconds left.\n|inactive|Red Rushun has 15 seconds left.\n|inactive|Red Rushun has 10 seconds left.\n|inactive|Red Rushun has 5 seconds left.\n|-message|Red Rushun lost due to inactivity.\n|\n|win|machugen\n|raw|Red Rushun's rating: 1701 &rarr; <strong>1680<\/strong><br \/>(-21 for losing)\n|raw|machugen's rating: 1686 &rarr; <strong>1707<\/strong><br \/>(+21 for winning)\n","uploadtime":1667502937,"views":11,"p1id":"redrushun","p2id":"machugen","formatid":"gen8ou","rating":1680,"private":0,"password":null}