{"id":"gen8ou-1661559162","p1":"superrouchuan","p2":"lucky371","format":"gen8ou","log":"|j|\u2606superrouchuan\n|j|\u2606lucky371\n|t:|1662900836\n|gametype|singles\n|player|p1|superrouchuan|juan|1533\n|player|p2|lucky371|caitlin|1504\n|teamsize|p1|6\n|teamsize|p2|6\n|gen|8\n|tier|[Gen 8] OU\n|rated|\n|rule|Sleep Clause Mod: Limit one foe put to sleep\n|rule|Species Clause: Limit one of each Pok\u00e9mon\n|rule|OHKO Clause: OHKO moves are banned\n|rule|Evasion Items Clause: Evasion items are banned\n|rule|Evasion Moves Clause: Evasion moves are banned\n|rule|Endless Battle Clause: Forcing endless battles is banned\n|rule|HP Percentage Mod: HP is shown in percentages\n|rule|Dynamax Clause: You cannot dynamax\n|clearpoke\n|poke|p1|Snorlax, M|\n|poke|p1|Tapu Lele|\n|poke|p1|Tyranitar, F|\n|poke|p1|Zapdos|\n|poke|p1|Garchomp, M|\n|poke|p1|Buzzwole|\n|poke|p2|Klefki, F|\n|poke|p2|Volcarona, F|\n|poke|p2|Rillaboom, F|\n|poke|p2|Urshifu-*, M|\n|poke|p2|Garchomp, M|\n|poke|p2|Rotom-Heat|\n|teampreview\n|inactive|Battle timer is ON: inactive players will automatically lose when time's up. (requested by lucky371)\n|\n|t:|1662900851\n|start\n|switch|p1a: \u4e0d\u4f1a\u9f99\u821e\u7684\u53ef\u601c\u5b69\u5b50|Garchomp, M|100\/100\n|switch|p2a: Rillaboom|Rillaboom, F|100\/100\n|-fieldstart|move: Grassy Terrain|[from] ability: Grassy Surge|[of] p2a: Rillaboom\n|turn|1\n|c|\u2606lucky371|\u4f60\u597d\n|\n|t:|1662900866\n|move|p1a: \u4e0d\u4f1a\u9f99\u821e\u7684\u53ef\u601c\u5b69\u5b50|Poison Jab|p2a: Rillaboom\n|-supereffective|p2a: Rillaboom\n|-damage|p2a: Rillaboom|14\/100\n|move|p2a: Rillaboom|Wood Hammer|p1a: \u4e0d\u4f1a\u9f99\u821e\u7684\u53ef\u601c\u5b69\u5b50\n|-damage|p1a: \u4e0d\u4f1a\u9f99\u821e\u7684\u53ef\u601c\u5b69\u5b50|0 fnt\n|-damage|p2a: Rillaboom|1\/100|[from] ability: Rough Skin|[of] p1a: \u4e0d\u4f1a\u9f99\u821e\u7684\u53ef\u601c\u5b69\u5b50\n|faint|p1a: \u4e0d\u4f1a\u9f99\u821e\u7684\u53ef\u601c\u5b69\u5b50\n|-damage|p2a: Rillaboom|0 fnt|[from] Recoil\n|faint|p2a: Rillaboom\n|\n|upkeep\n|\n|t:|1662900878\n|switch|p1a: \u868a\u7237|Buzzwole|100\/100\n|switch|p2a: Klefki|Klefki, F|100\/100\n|turn|2\n|\n|t:|1662900890\n|move|p2a: Klefki|Fairy Lock|p2a: Klefki\n|-fieldactivate|move: Fairy Lock\n|move|p1a: \u868a\u7237|Close Combat|p2a: Klefki\n|-damage|p2a: Klefki|19\/100\n|-unboost|p1a: \u868a\u7237|def|1\n|-unboost|p1a: \u868a\u7237|spd|1\n|-enditem|p2a: Klefki|Eject Button\n|\n|t:|1662900899\n|switch|p2a: Volcarona|Volcarona, F|100\/100\n|\n|upkeep\n|turn|3\n|\n|t:|1662900902\n|move|p2a: Volcarona|Fiery Dance|p1a: \u868a\u7237\n|-supereffective|p1a: \u868a\u7237\n|-damage|p1a: \u868a\u7237|0 fnt\n|-boost|p2a: Volcarona|spa|1\n|faint|p1a: \u868a\u7237\n|\n|upkeep\n|\n|t:|1662900908\n|switch|p1a: \u5361\u5723|Snorlax, M, shiny|100\/100\n|turn|4\n|\n|t:|1662900912\n|move|p2a: Volcarona|Quiver Dance|p2a: Volcarona\n|-boost|p2a: Volcarona|spa|1\n|-boost|p2a: Volcarona|spd|1\n|-boost|p2a: Volcarona|spe|1\n|move|p1a: \u5361\u5723|Self-Destruct|p2a: Volcarona\n|-enditem|p1a: \u5361\u5723|Normal Gem|[from] gem\n|-damage|p2a: Volcarona|0 fnt\n|faint|p1a: \u5361\u5723\n|faint|p2a: Volcarona\n|\n|upkeep\n|\n|t:|1662900920\n|switch|p2a: Urshifu|Urshifu-Rapid-Strike, M|100\/100\n|switch|p1a: \u8001\u73ed|Tyranitar, F, shiny|100\/100\n|-weather|Sandstorm|[from] ability: Sand Stream|[of] p1a: \u8001\u73ed\n|turn|5\n|\n|t:|1662900925\n|move|p2a: Urshifu|U-turn|p1a: \u8001\u73ed\n|-supereffective|p1a: \u8001\u73ed\n|-damage|p1a: \u8001\u73ed|65\/100\n|\n|t:|1662900929\n|switch|p2a: Klefki|Klefki, F|19\/100|[from]move: U-turn\n|move|p1a: \u8001\u73ed|Stealth Rock|p2a: Klefki\n|-sidestart|p2: lucky371|move: Stealth Rock\n|\n|-weather|Sandstorm|[upkeep]\n|-heal|p2a: Klefki|25\/100|[from] Grassy Terrain\n|-heal|p1a: \u8001\u73ed|71\/100|[from] Grassy Terrain\n|-heal|p1a: \u8001\u73ed|77\/100|[from] item: Leftovers\n|-fieldend|move: Grassy Terrain\n|upkeep\n|turn|6\n|\n|t:|1662900933\n|move|p2a: Klefki|Fairy Lock|p2a: Klefki\n|-fieldactivate|move: Fairy Lock\n|move|p1a: \u8001\u73ed|Earthquake|p2a: Klefki\n|-supereffective|p2a: Klefki\n|-damage|p2a: Klefki|0 fnt\n|faint|p2a: Klefki\n|\n|-weather|Sandstorm|[upkeep]\n|-heal|p1a: \u8001\u73ed|83\/100|[from] item: Leftovers\n|upkeep\n|\n|t:|1662900938\n|switch|p2a: Garchomp|Garchomp, M|100\/100\n|-damage|p2a: Garchomp|94\/100|[from] Stealth Rock\n|turn|7\n|\n|t:|1662900944\n|move|p2a: Garchomp|Earthquake|p1a: \u8001\u73ed\n|-supereffective|p1a: \u8001\u73ed\n|-crit|p1a: \u8001\u73ed\n|-damage|p1a: \u8001\u73ed|0 fnt\n|faint|p1a: \u8001\u73ed\n|\n|-weather|Sandstorm|[upkeep]\n|upkeep\n|\n|t:|1662900950\n|switch|p1a: \u8776\u795e|Tapu Lele|100\/100\n|-fieldstart|move: Psychic Terrain|[from] ability: Psychic Surge|[of] p1a: \u8776\u795e\n|turn|8\n|\n|t:|1662900954\n|move|p2a: Garchomp|Earthquake|p1a: \u8776\u795e\n|-damage|p1a: \u8776\u795e|13\/100\n|move|p1a: \u8776\u795e|Moonblast|p2a: Garchomp\n|-supereffective|p2a: Garchomp\n|-damage|p2a: Garchomp|0 fnt\n|faint|p2a: Garchomp\n|\n|-weather|Sandstorm|[upkeep]\n|-damage|p1a: \u8776\u795e|7\/100|[from] Sandstorm\n|upkeep\n|\n|t:|1662900964\n|switch|p2a: Urshifu|Urshifu-Rapid-Strike, M|100\/100\n|-damage|p2a: Urshifu|94\/100|[from] Stealth Rock\n|turn|9\n|\n|t:|1662900988\n|switch|p1a: \u9e1f\u54e5|Zapdos, shiny|100\/100\n|move|p2a: Urshifu|Ice Punch|p1a: \u9e1f\u54e5\n|-supereffective|p1a: \u9e1f\u54e5\n|-damage|p1a: \u9e1f\u54e5|60\/100\n|-damage|p2a: Urshifu|78\/100|[from] item: Rocky Helmet|[of] p1a: \u9e1f\u54e5\n|\n|-weather|none\n|upkeep\n|turn|10\n|\n|t:|1662900996\n|switch|p2a: Rotom|Rotom-Heat|100\/100\n|move|p1a: \u9e1f\u54e5|Roost|p1a: \u9e1f\u54e5\n|-heal|p1a: \u9e1f\u54e5|100\/100\n|-singleturn|p1a: \u9e1f\u54e5|move: Roost\n|\n|upkeep\n|turn|11\n|\n|t:|1662901003\n|move|p1a: \u9e1f\u54e5|Hurricane|p2a: Rotom\n|-resisted|p2a: Rotom\n|-damage|p2a: Rotom|81\/100\n|-start|p2a: Rotom|confusion\n|-activate|p2a: Rotom|confusion\n|move|p2a: Rotom|Overheat|p1a: \u9e1f\u54e5\n|-damage|p1a: \u9e1f\u54e5|51\/100\n|-unboost|p2a: Rotom|spa|2\n|\n|upkeep\n|turn|12\n|\n|t:|1662901020\n|move|p1a: \u9e1f\u54e5|Roost|p1a: \u9e1f\u54e5\n|-heal|p1a: \u9e1f\u54e5|100\/100\n|-singleturn|p1a: \u9e1f\u54e5|move: Roost\n|-activate|p2a: Rotom|confusion\n|-damage|p2a: Rotom|76\/100|[from] confusion\n|\n|-fieldend|move: Psychic Terrain\n|upkeep\n|turn|13\n|\n|t:|1662901040\n|move|p1a: \u9e1f\u54e5|Hurricane|p2a: Rotom\n|-resisted|p2a: Rotom\n|-damage|p2a: Rotom|57\/100\n|-end|p2a: Rotom|confusion\n|move|p2a: Rotom|Overheat|p1a: \u9e1f\u54e5\n|-damage|p1a: \u9e1f\u54e5|79\/100\n|-unboost|p2a: Rotom|spa|2\n|\n|upkeep\n|turn|14\n|\n|t:|1662901046\n|move|p1a: \u9e1f\u54e5|Hurricane|p2a: Rotom|[miss]\n|-miss|p1a: \u9e1f\u54e5|p2a: Rotom\n|move|p2a: Rotom|Will-O-Wisp|p1a: \u9e1f\u54e5\n|-status|p1a: \u9e1f\u54e5|brn\n|\n|-damage|p1a: \u9e1f\u54e5|73\/100 brn|[from] brn\n|upkeep\n|turn|15\n|\n|t:|1662901051\n|move|p1a: \u9e1f\u54e5|Roost|p1a: \u9e1f\u54e5\n|-heal|p1a: \u9e1f\u54e5|100\/100 brn\n|-singleturn|p1a: \u9e1f\u54e5|move: Roost\n|move|p2a: Rotom|Pain Split|p1a: \u9e1f\u54e5\n|-sethp|p1a: \u9e1f\u54e5|73\/100 brn|[from] move: Pain Split|[silent]\n|-sethp|p2a: Rotom|92\/100|[from] move: Pain Split\n|\n|-damage|p1a: \u9e1f\u54e5|67\/100 brn|[from] brn\n|upkeep\n|turn|16\n|\n|t:|1662901058\n|move|p1a: \u9e1f\u54e5|Hurricane|p2a: Rotom\n|-resisted|p2a: Rotom\n|-damage|p2a: Rotom|75\/100\n|-start|p2a: Rotom|confusion\n|-activate|p2a: Rotom|confusion\n|move|p2a: Rotom|Overheat|p1a: \u9e1f\u54e5\n|-damage|p1a: \u9e1f\u54e5|53\/100 brn\n|-unboost|p2a: Rotom|spa|2\n|\n|-damage|p1a: \u9e1f\u54e5|46\/100 brn|[from] brn\n|upkeep\n|turn|17\n|\n|t:|1662901068\n|switch|p1a: \u8776\u795e|Tapu Lele|7\/100\n|-fieldstart|move: Psychic Terrain|[from] ability: Psychic Surge|[of] p1a: \u8776\u795e\n|-activate|p2a: Rotom|confusion\n|move|p2a: Rotom|Overheat|p1a: \u8776\u795e\n|-damage|p1a: \u8776\u795e|0 fnt\n|faint|p1a: \u8776\u795e\n|\n|upkeep\n|-message|superrouchuan forfeited.\n|\n|win|lucky371\n|raw|superrouchuan's rating: 1533 &rarr; <strong>1511<\/strong><br \/>(-22 for losing)\n|raw|lucky371's rating: 1504 &rarr; <strong>1526<\/strong><br \/>(+22 for winning)\n|l|\u2606superrouchuan\n|j|\u2606superrouchuan\n|player|p1|superrouchuan|juan\n","uploadtime":1662901077,"views":8,"p1id":"superrouchuan","p2id":"lucky371","formatid":"gen8ou","rating":1511,"private":0,"password":null}