{"id":"gen8randombattle-1235494630","p1":"raceface111","p2":"TehranTyphlosions","format":"gen8randombattle","log":"|j|\u2606raceface111\n|j|\u2606TehranTyphlosions\n|t:|1606894254\n|player|p1|raceface111|169|1634\n|player|p2|TehranTyphlosions|clair|1602\n|teamsize|p1|6\n|teamsize|p2|6\n|gametype|singles\n|gen|8\n|tier|[Gen 8] Random Battle\n|rated|\n|rule|Species Clause: Limit one of each Pok\u00e9mon\n|rule|HP Percentage Mod: HP is shown in percentages\n|rule|Sleep Clause Mod: Limit one foe put to sleep\n|\n|t:|1606894254\n|start\n|switch|p1a: Shedinja|Shedinja, L88|1\/1\n|switch|p2a: Primarina|Primarina, L82, F|265\/265\n|turn|1\n|\n|t:|1606894273\n|switch|p2a: Doublade|Doublade, L84, F|236\/236\n|move|p1a: Shedinja|Swords Dance|p1a: Shedinja\n|-boost|p1a: Shedinja|atk|2\n|\n|upkeep\n|turn|2\n|\n|t:|1606894299\n|switch|p1a: Landorus|Landorus-Therian, L78, M|267\/267\n|-ability|p1a: Landorus|Intimidate|boost\n|-unboost|p2a: Doublade|atk|1\n|move|p2a: Doublade|Shadow Sneak|p1a: Landorus\n|-damage|p1a: Landorus|233\/267\n|\n|-heal|p1a: Landorus|249\/267|[from] item: Leftovers\n|upkeep\n|turn|3\n|\n|t:|1606894313\n|switch|p2a: Groudon|Groudon, L72|263\/263\n|-weather|SunnyDay|[from] ability: Drought|[of] p2a: Groudon\n|move|p1a: Landorus|Stealth Rock|p2a: Groudon\n|-sidestart|p2: TehranTyphlosions|move: Stealth Rock\n|\n|-weather|SunnyDay|[upkeep]\n|-heal|p1a: Landorus|265\/267|[from] item: Leftovers\n|upkeep\n|turn|4\n|\n|t:|1606894323\n|move|p1a: Landorus|U-turn|p2a: Groudon\n|-damage|p2a: Groudon|216\/263\n|\n|t:|1606894336\n|switch|p1a: Cryogonal|Cryogonal, L88|284\/284\n|move|p2a: Groudon|Heavy Slam|p1a: Cryogonal\n|-supereffective|p1a: Cryogonal\n|-damage|p1a: Cryogonal|54\/284\n|\n|-weather|SunnyDay|[upkeep]\n|-heal|p2a: Groudon|232\/263|[from] item: Leftovers\n|upkeep\n|turn|5\n|\n|t:|1606894345\n|move|p1a: Cryogonal|Freeze-Dry|p2a: Groudon\n|-supereffective|p2a: Groudon\n|-damage|p2a: Groudon|32\/263\n|move|p2a: Groudon|Heavy Slam|p1a: Cryogonal\n|-supereffective|p1a: Cryogonal\n|-damage|p1a: Cryogonal|0 fnt\n|faint|p1a: Cryogonal\n|\n|-weather|SunnyDay|[upkeep]\n|-heal|p2a: Groudon|48\/263|[from] item: Leftovers\n|upkeep\n|\n|t:|1606894354\n|switch|p1a: Landorus|Landorus-Therian, L78, M|265\/267\n|-ability|p1a: Landorus|Intimidate|boost\n|-unboost|p2a: Groudon|atk|1\n|turn|6\n|\n|t:|1606894359\n|move|p1a: Landorus|Earthquake|p2a: Groudon\n|-damage|p2a: Groudon|0 fnt\n|faint|p2a: Groudon\n|\n|-weather|SunnyDay|[upkeep]\n|-heal|p1a: Landorus|267\/267|[from] item: Leftovers\n|upkeep\n|\n|t:|1606894368\n|switch|p2a: Primarina|Primarina, L82, F|265\/265\n|-damage|p2a: Primarina|232\/265|[from] Stealth Rock\n|turn|7\n|\n|t:|1606894374\n|switch|p1a: Shedinja|Shedinja, L88|1\/1\n|move|p2a: Primarina|Hydro Pump|p1a: Shedinja\n|-immune|p1a: Shedinja|[from] ability: Wonder Guard\n|\n|-weather|none\n|upkeep\n|turn|8\n|\n|t:|1606894382\n|switch|p2a: Lycanroc|Lycanroc, L86, F|269\/269\n|-damage|p2a: Lycanroc|236\/269|[from] Stealth Rock\n|move|p1a: Shedinja|Poltergeist|p2a: Lycanroc|[miss]\n|-miss|p1a: Shedinja|p2a: Lycanroc\n|\n|upkeep\n|turn|9\n|\n|t:|1606894393\n|switch|p1a: Landorus|Landorus-Therian, L78, M|267\/267\n|-ability|p1a: Landorus|Intimidate|boost\n|-unboost|p2a: Lycanroc|atk|1\n|move|p2a: Lycanroc|Swords Dance|p2a: Lycanroc\n|-boost|p2a: Lycanroc|atk|2\n|\n|upkeep\n|turn|10\n|\n|t:|1606894401\n|move|p2a: Lycanroc|Stone Edge|p1a: Landorus\n|-damage|p1a: Landorus|4\/267\n|-damage|p2a: Lycanroc|210\/269|[from] item: Life Orb\n|move|p1a: Landorus|Earthquake|p2a: Lycanroc\n|-supereffective|p2a: Lycanroc\n|-damage|p2a: Lycanroc|0 fnt\n|faint|p2a: Lycanroc\n|\n|-heal|p1a: Landorus|20\/267|[from] item: Leftovers\n|upkeep\n|\n|t:|1606894410\n|switch|p2a: Doublade|Doublade, L84, F|236\/236\n|-damage|p2a: Doublade|222\/236|[from] Stealth Rock\n|turn|11\n|\n|t:|1606894416\n|move|p2a: Doublade|Shadow Sneak|p1a: Landorus\n|-damage|p1a: Landorus|0 fnt\n|faint|p1a: Landorus\n|\n|upkeep\n|\n|t:|1606894425\n|switch|p1a: Raichu|Raichu, L88, M|249\/249\n|turn|12\n|\n|t:|1606894429\n|switch|p2a: Zeraora|Zeraora, L82|278\/278\n|-damage|p2a: Zeraora|244\/278|[from] Stealth Rock\n|move|p1a: Raichu|Nasty Plot|p1a: Raichu\n|-boost|p1a: Raichu|spa|2\n|\n|upkeep\n|turn|13\n|\n|t:|1606894436\n|move|p2a: Zeraora|Close Combat|p1a: Raichu\n|-damage|p1a: Raichu|134\/249\n|-unboost|p2a: Zeraora|def|1\n|-unboost|p2a: Zeraora|spd|1\n|move|p1a: Raichu|Focus Blast|p2a: Zeraora|[miss]\n|-miss|p1a: Raichu|p2a: Zeraora\n|\n|-heal|p1a: Raichu|149\/249|[from] item: Leftovers\n|upkeep\n|turn|14\n|\n|t:|1606894445\n|move|p2a: Zeraora|Close Combat|p1a: Raichu\n|-damage|p1a: Raichu|26\/249\n|-unboost|p2a: Zeraora|def|1\n|-unboost|p2a: Zeraora|spd|1\n|move|p1a: Raichu|Focus Blast|p2a: Zeraora\n|-damage|p2a: Zeraora|0 fnt\n|faint|p2a: Zeraora\n|\n|-heal|p1a: Raichu|41\/249|[from] item: Leftovers\n|upkeep\n|inactive|Battle timer is ON: inactive players will automatically lose when time's up. (requested by raceface111)\n|\n|t:|1606894465\n|switch|p2a: Doublade|Doublade, L84, F|222\/236\n|-damage|p2a: Doublade|208\/236|[from] Stealth Rock\n|turn|15\n|\n|t:|1606894470\n|move|p2a: Doublade|Shadow Sneak|p1a: Raichu\n|-damage|p1a: Raichu|0 fnt\n|faint|p1a: Raichu\n|\n|upkeep\n|\n|t:|1606894476\n|switch|p1a: Marshadow|Marshadow, L72|249\/249\n|turn|16\n|\n|t:|1606894482\n|switch|p2a: Golduck|Golduck, L88, M|284\/284\n|-damage|p2a: Golduck|249\/284|[from] Stealth Rock\n|move|p1a: Marshadow|Bulk Up|p1a: Marshadow\n|-boost|p1a: Marshadow|atk|1\n|-boost|p1a: Marshadow|def|1\n|\n|-heal|p2a: Golduck|266\/284|[from] item: Leftovers\n|upkeep\n|turn|17\n|\n|t:|1606894492\n|move|p1a: Marshadow|Spectral Thief|p2a: Golduck\n|-damage|p2a: Golduck|94\/284\n|-damage|p1a: Marshadow|225\/249|[from] item: Life Orb\n|move|p2a: Golduck|Scald|p1a: Marshadow\n|-damage|p1a: Marshadow|120\/249\n|\n|-heal|p2a: Golduck|111\/284|[from] item: Leftovers\n|upkeep\n|turn|18\n|\n|t:|1606894502\n|move|p1a: Marshadow|Spectral Thief|p2a: Golduck\n|-damage|p2a: Golduck|0 fnt\n|-damage|p1a: Marshadow|96\/249|[from] item: Life Orb\n|faint|p2a: Golduck\n|\n|upkeep\n|\n|t:|1606894505\n|switch|p2a: Primarina|Primarina, L82, F|232\/265\n|-damage|p2a: Primarina|199\/265|[from] Stealth Rock\n|turn|19\n|\n|t:|1606894513\n|move|p1a: Marshadow|Spectral Thief|p2a: Primarina\n|-damage|p2a: Primarina|7\/265\n|-damage|p1a: Marshadow|72\/249|[from] item: Life Orb\n|move|p2a: Primarina|Moonblast|p1a: Marshadow\n|-supereffective|p1a: Marshadow\n|-damage|p1a: Marshadow|0 fnt\n|faint|p1a: Marshadow\n|\n|upkeep\n|\n|t:|1606894525\n|switch|p1a: Shedinja|Shedinja, L88|1\/1\n|turn|20\n|\n|t:|1606894530\n|move|p2a: Primarina|Moonblast|p1a: Shedinja\n|-immune|p1a: Shedinja|[from] ability: Wonder Guard\n|move|p1a: Shedinja|Will-O-Wisp|p2a: Primarina\n|-status|p2a: Primarina|brn\n|\n|-damage|p2a: Primarina|0 fnt|[from] brn\n|faint|p2a: Primarina\n|upkeep\n|\n|t:|1606894532\n|switch|p2a: Doublade|Doublade, L84, F|208\/236\n|-damage|p2a: Doublade|194\/236|[from] Stealth Rock\n|turn|21\n|\n|t:|1606894540\n|move|p1a: Shedinja|Shadow Sneak|p2a: Doublade\n|-supereffective|p2a: Doublade\n|-damage|p2a: Doublade|156\/236\n|move|p2a: Doublade|Shadow Sneak|p1a: Shedinja\n|-supereffective|p1a: Shedinja\n|-damage|p1a: Shedinja|0 fnt\n|faint|p1a: Shedinja\n|\n|upkeep\n|\n|t:|1606894546\n|switch|p1a: Kartana|Kartana, L78|220\/220\n|turn|22\n|\n|t:|1606894555\n|-start|p1a: Kartana|Dynamax\n|-heal|p1a: Kartana|440\/440|[silent]\n|-start|p2a: Doublade|Dynamax\n|-heal|p2a: Doublade|312\/472|[silent]\n|move|p1a: Kartana|Max Steelspike|p2a: Doublade\n|-resisted|p2a: Doublade\n|-damage|p2a: Doublade|260\/472\n|-boost|p1a: Kartana|def|1\n|-damage|p1a: Kartana|418\/440|[from] item: Life Orb\n|move|p2a: Doublade|Max Knuckle|p1a: Kartana\n|-supereffective|p1a: Kartana\n|-damage|p1a: Kartana|348\/440\n|-boost|p2a: Doublade|atk|1\n|\n|upkeep\n|turn|23\n|\n|t:|1606894560\n|move|p1a: Kartana|Max Steelspike|p2a: Doublade\n|-resisted|p2a: Doublade\n|-damage|p2a: Doublade|203\/472\n|-boost|p1a: Kartana|def|1\n|-damage|p1a: Kartana|326\/440|[from] item: Life Orb\n|move|p2a: Doublade|Max Knuckle|p1a: Kartana\n|-supereffective|p1a: Kartana\n|-damage|p1a: Kartana|236\/440\n|-boost|p2a: Doublade|atk|1\n|\n|upkeep\n|turn|24\n|\n|t:|1606894571\n|move|p1a: Kartana|Max Steelspike|p2a: Doublade\n|-resisted|p2a: Doublade\n|-damage|p2a: Doublade|148\/472\n|-boost|p1a: Kartana|def|1\n|-damage|p1a: Kartana|214\/440|[from] item: Life Orb\n|move|p2a: Doublade|Max Knuckle|p1a: Kartana\n|-supereffective|p1a: Kartana\n|-damage|p1a: Kartana|120\/440\n|-boost|p2a: Doublade|atk|1\n|\n|-end|p1a: Kartana|Dynamax\n|-heal|p1a: Kartana|60\/220|[silent]\n|-end|p2a: Doublade|Dynamax\n|-heal|p2a: Doublade|74\/236|[silent]\n|upkeep\n|turn|25\n|\n|t:|1606894586\n|move|p1a: Kartana|Smart Strike|p2a: Doublade\n|-resisted|p2a: Doublade\n|-damage|p2a: Doublade|43\/236\n|-damage|p1a: Kartana|38\/220|[from] item: Life Orb\n|move|p2a: Doublade|Sacred Sword|p1a: Kartana\n|-supereffective|p1a: Kartana\n|-damage|p1a: Kartana|0 fnt\n|faint|p1a: Kartana\n|\n|win|TehranTyphlosions\n|c|\u2606TehranTyphlosions|gg\n|raw|raceface111's rating: 1634 &rarr; <strong>1612<\/strong><br \/>(-22 for losing)\n|raw|TehranTyphlosions's rating: 1602 &rarr; <strong>1624<\/strong><br \/>(+22 for winning)\n|c|\u2606raceface111|gg\n|l|\u2606TehranTyphlosions\n","inputlog":">version b1fdfd9c360df72790d8d12faa4637eecb71145c\n>start {\"formatid\":\"gen8randombattle\",\"seed\":[38784,8243,12875,42689],\"rated\":\"Rated battle\"}\n>player p1 {\"name\":\"raceface111\",\"avatar\":\"169\",\"team\":\"\",\"rating\":1634,\"seed\":[52393,51936,56505,38457]}\n>player p2 {\"name\":\"TehranTyphlosions\",\"avatar\":\"clair\",\"team\":\"\",\"rating\":1602,\"seed\":[53902,27207,49069,50117]}\n>p1 move swordsdance\n>p2 switch 6\n>p1 switch 5\n>p2 move shadowsneak\n>p1 move stealthrock\n>p2 switch 4\n>p1 move uturn\n>p2 move heavyslam\n>p1 switch 6\n>p1 move freezedry\n>p2 move heavyslam\n>p1 switch 6\n>p1 move earthquake\n>p2 move heavyslam\n>p2 switch 6\n>p1 switch 5\n>p2 move hydropump\n>p1 move poltergeist\n>p2 switch 5\n>p1 switch 5\n>p2 move swordsdance\n>p1 move earthquake\n>p2 move stoneedge\n>p2 switch 4\n>p1 move earthquake\n>p2 move shadowsneak\n>p1 switch 4\n>p1 move nastyplot\n>p2 switch 2\n>p1 move focusblast\n>p2 move closecombat\n>p1 move focusblast\n>p2 move closecombat\n>p2 switch 2\n>p1 move thunderbolt\n>p2 move shadowsneak\n>p1 switch 2\n>p1 move bulkup\n>p2 switch 3\n>p1 move spectralthief\n>p2 move scald\n>p1 move spectralthief\n>p2 move scald\n>p2 switch 5\n>p1 move spectralthief\n>p2 move moonblast\n>p1 switch 5\n>p1 move willowisp\n>p2 move moonblast\n>p2 switch 3\n>p1 move shadowsneak\n>p2 move shadowsneak\n>p1 switch 3\n>p1 move smartstrike dynamax\n>p2 move sacredsword dynamax\n>p1 move smartstrike dynamax\n>p2 move sacredsword dynamax\n>p1 move smartstrike dynamax\n>p2 move sacredsword dynamax\n>p1 move smartstrike\n>p2 move sacredsword","uploadtime":1606894597,"views":16,"p1id":"raceface111","p2id":"tehrantyphlosions","formatid":"gen8randombattle","rating":1612,"private":0,"password":null}