{"id":"gen8ou-1134668273","p1":"IAmNoobPlsHelp","p2":"Jakkkkkka","format":"gen8ou","log":"|j|\u2606IAmNoobPlsHelp\n|j|\u2606Jakkkkkka\n|player|p1|IAmNoobPlsHelp|265|1420\n|player|p2|Jakkkkkka|norman|1447\n|teamsize|p1|6\n|teamsize|p2|6\n|gametype|singles\n|gen|8\n|tier|[Gen 8] OU\n|rated|\n|clearpoke\n|poke|p1|Urshifu-Rapid-Strike, M|\n|poke|p1|Magearna-Original|\n|poke|p1|Cinderace, F|\n|poke|p1|Slowbro-Galar, M|\n|poke|p1|Zeraora|\n|poke|p1|Volcarona, M|\n|poke|p2|Clefable, F|\n|poke|p2|Rillaboom, M|\n|poke|p2|Zeraora|\n|poke|p2|Bisharp, F|\n|poke|p2|Terrakion|\n|poke|p2|Hawlucha, M|\n|rule|Sleep Clause Mod: Limit one foe put to sleep\n|rule|Species Clause: Limit one of each Pok\u00e9mon\n|rule|OHKO Clause: OHKO moves are banned\n|rule|Evasion Moves Clause: Evasion moves are banned\n|rule|Endless Battle Clause: Forcing endless battles is banned\n|rule|HP Percentage Mod: HP is shown in percentages\n|rule|Dynamax Clause: You cannot dynamax\n|teampreview\n|\n|start\n|switch|p1a: Zeraora|Zeraora|100\/100\n|switch|p2a: Terrakion|Terrakion|100\/100\n|turn|1\n|\n|move|p1a: Zeraora|Grass Knot|p2a: Terrakion\n|-supereffective|p2a: Terrakion\n|-damage|p2a: Terrakion|18\/100\n|move|p2a: Terrakion|Rock Tomb|p1a: Zeraora\n|-damage|p1a: Zeraora|57\/100\n|-unboost|p1a: Zeraora|spe|1\n|\n|upkeep\n|turn|2\n|\n|switch|p1a: Magearna|Magearna-Original|100\/100\n|move|p2a: Terrakion|Stealth Rock|p1a: Magearna\n|-sidestart|p1: IAmNoobPlsHelp|move: Stealth Rock\n|\n|upkeep\n|turn|3\n|\n|move|p2a: Terrakion|Close Combat|p1a: Magearna\n|-damage|p1a: Magearna|39\/100\n|-unboost|p2a: Terrakion|def|1\n|-unboost|p2a: Terrakion|spd|1\n|move|p1a: Magearna|Shift Gear|p1a: Magearna\n|-boost|p1a: Magearna|spe|2\n|-boost|p1a: Magearna|atk|1\n|\n|-heal|p1a: Magearna|45\/100|[from] item: Leftovers\n|upkeep\n|turn|4\n|\n|move|p1a: Magearna|Dazzling Gleam|p2a: Terrakion\n|-supereffective|p2a: Terrakion\n|-damage|p2a: Terrakion|0 fnt\n|faint|p2a: Terrakion\n|-ability|p1a: Magearna|Soul-Heart|boost\n|-boost|p1a: Magearna|spa|1\n|\n|-heal|p1a: Magearna|51\/100|[from] item: Leftovers\n|upkeep\n|\n|switch|p2a: Rillaboom|Rillaboom, M|100\/100\n|-fieldstart|move: Grassy Terrain|[from] ability: Grassy Surge|[of] p2a: Rillaboom\n|turn|5\n|\n|move|p1a: Magearna|Ice Beam|p2a: Rillaboom\n|-supereffective|p2a: Rillaboom\n|-damage|p2a: Rillaboom|0 fnt\n|faint|p2a: Rillaboom\n|-ability|p1a: Magearna|Soul-Heart|boost\n|-boost|p1a: Magearna|spa|1\n|\n|-heal|p1a: Magearna|57\/100|[from] item: Leftovers\n|-heal|p1a: Magearna|63\/100|[from] Grassy Terrain\n|upkeep\n|\n|switch|p2a: Hawlucha|Hawlucha, M|100\/100\n|-enditem|p2a: Hawlucha|Grassy Seed\n|-boost|p2a: Hawlucha|def|1|[from] item: Grassy Seed\n|turn|6\n|\n|move|p2a: Hawlucha|Close Combat|p1a: Magearna\n|-damage|p1a: Magearna|9\/100\n|-unboost|p2a: Hawlucha|def|1\n|-unboost|p2a: Hawlucha|spd|1\n|move|p1a: Magearna|Dazzling Gleam|p2a: Hawlucha\n|-supereffective|p2a: Hawlucha\n|-damage|p2a: Hawlucha|0 fnt\n|faint|p2a: Hawlucha\n|-ability|p1a: Magearna|Soul-Heart|boost\n|-boost|p1a: Magearna|spa|1\n|\n|-heal|p1a: Magearna|15\/100|[from] item: Leftovers\n|-heal|p1a: Magearna|21\/100|[from] Grassy Terrain\n|upkeep\n|\n|switch|p2a: Clefable|Clefable, F|100\/100\n|turn|7\n|\n|move|p1a: Magearna|Flash Cannon|p2a: Clefable\n|-supereffective|p2a: Clefable\n|-damage|p2a: Clefable|0 fnt\n|faint|p2a: Clefable\n|-ability|p1a: Magearna|Soul-Heart|boost\n|-boost|p1a: Magearna|spa|1\n|\n|-heal|p1a: Magearna|27\/100|[from] item: Leftovers\n|-heal|p1a: Magearna|33\/100|[from] Grassy Terrain\n|upkeep\n|c|\u2606IAmNoobPlsHelp|Gg\n|-message|Jakkkkkka forfeited.\n|\n|win|IAmNoobPlsHelp\n|l|\u2606Jakkkkkka\n|raw|IAmNoobPlsHelp's rating: 1420 &rarr; <strong>1442<\/strong><br \/>(+22 for winning)\n|raw|Jakkkkkka's rating: 1447 &rarr; <strong>1426<\/strong><br \/>(-21 for losing)\n","uploadtime":1592470468,"views":28,"p1id":"iamnoobplshelp","p2id":"jakkkkkka","formatid":"gen8ou","rating":1426,"private":0,"password":null}