{"id":"gen8ou-1639418121","p1":"LT93OQ Dasmer","p2":"kinetic chain","format":"gen8ou","log":"|raw|<div class=\"broadcast-blue\"><strong>This battle is required to be public due to a player having a name starting with 'lt93oq'.<\/div>\n|j|\u2606LT93OQ Dasmer\n|j|\u203dkinetic chain\n|t:|1660476641\n|gametype|singles\n|player|p1|LT93OQ Dasmer|rei|1915\n|player|p2|kinetic chain|silver-gen2|1879\n|teamsize|p1|6\n|teamsize|p2|6\n|gen|8\n|tier|[Gen 8] OU\n|rated|\n|rule|Sleep Clause Mod: Limit one foe put to sleep\n|rule|Species Clause: Limit one of each Pok\u00e9mon\n|rule|OHKO Clause: OHKO moves are banned\n|rule|Evasion Items Clause: Evasion items are banned\n|rule|Evasion Moves Clause: Evasion moves are banned\n|rule|Endless Battle Clause: Forcing endless battles is banned\n|rule|HP Percentage Mod: HP is shown in percentages\n|rule|Dynamax Clause: You cannot dynamax\n|clearpoke\n|poke|p1|Garchomp, M|\n|poke|p1|Kartana|\n|poke|p1|Slowbro, F|\n|poke|p1|Weavile, M|\n|poke|p1|Heatran, F|\n|poke|p1|Zapdos|\n|poke|p2|Dragapult, F|\n|poke|p2|Tapu Fini|\n|poke|p2|Weavile, F|\n|poke|p2|Heatran, F|\n|poke|p2|Landorus-Therian, M|\n|poke|p2|Zapdos|\n|teampreview\n|inactive|Battle timer is ON: inactive players will automatically lose when time's up. (requested by kinetic chain)\n|\n|t:|1660476656\n|start\n|switch|p1a: Heatran|Heatran, F|100\/100\n|switch|p2a: Landorus|Landorus-Therian, M|100\/100\n|-ability|p2a: Landorus|Intimidate|boost\n|-unboost|p1a: Heatran|atk|1\n|turn|1\n|\n|t:|1660476662\n|switch|p1a: Zapdos|Zapdos|100\/100\n|move|p2a: Landorus|Earthquake|p1a: Zapdos\n|-immune|p1a: Zapdos\n|\n|upkeep\n|turn|2\n|j| LT93OQAntonioRecio\n|\n|t:|1660476667\n|move|p1a: Zapdos|Hurricane|p2a: Landorus\n|-damage|p2a: Landorus|68\/100\n|move|p2a: Landorus|Toxic|p1a: Zapdos\n|-status|p1a: Zapdos|tox\n|\n|-heal|p2a: Landorus|74\/100|[from] item: Leftovers\n|-damage|p1a: Zapdos|94\/100 tox|[from] psn\n|upkeep\n|turn|3\n|\n|t:|1660476672\n|move|p1a: Zapdos|Hurricane|p2a: Landorus|[miss]\n|-miss|p1a: Zapdos|p2a: Landorus\n|move|p2a: Landorus|Stealth Rock|p1a: Zapdos\n|-sidestart|p1: LT93OQ Dasmer|move: Stealth Rock\n|\n|-heal|p2a: Landorus|80\/100|[from] item: Leftovers\n|-damage|p1a: Zapdos|82\/100 tox|[from] psn\n|upkeep\n|turn|4\n|\n|t:|1660476677\n|switch|p2a: Zapdos|Zapdos|100\/100\n|move|p1a: Zapdos|Hurricane|p2a: Zapdos|[miss]\n|-miss|p1a: Zapdos|p2a: Zapdos\n|\n|-damage|p1a: Zapdos|64\/100 tox|[from] psn\n|upkeep\n|turn|5\n|\n|t:|1660476682\n|switch|p1a: Garchomp|Garchomp, M|100\/100\n|-damage|p1a: Garchomp|94\/100|[from] Stealth Rock\n|move|p2a: Zapdos|Hurricane|p1a: Garchomp\n|-damage|p1a: Garchomp|51\/100\n|\n|-heal|p1a: Garchomp|57\/100|[from] item: Leftovers\n|upkeep\n|turn|6\n|\n|t:|1660476689\n|move|p2a: Zapdos|Hurricane|p1a: Garchomp|[miss]\n|-miss|p2a: Zapdos|p1a: Garchomp\n|move|p1a: Garchomp|Stealth Rock|p2a: Zapdos\n|-sidestart|p2: kinetic chain|move: Stealth Rock\n|\n|-heal|p1a: Garchomp|64\/100|[from] item: Leftovers\n|upkeep\n|turn|7\n|\n|t:|1660476693\n|switch|p2a: Tapu Fini|Tapu Fini|100\/100\n|-damage|p2a: Tapu Fini|88\/100|[from] Stealth Rock\n|-fieldstart|move: Misty Terrain|[from] ability: Misty Surge|[of] p2a: Tapu Fini\n|move|p1a: Garchomp|Protect||[still]\n|-fail|p1a: Garchomp\n|\n|-heal|p1a: Garchomp|70\/100|[from] item: Leftovers\n|-heal|p2a: Tapu Fini|94\/100|[from] item: Leftovers\n|upkeep\n|turn|8\n|j| LT93OQ Adri\n|j| cypherstest\n|\n|t:|1660476696\n|switch|p1a: Kartana|Kartana|100\/100\n|-damage|p1a: Kartana|94\/100|[from] Stealth Rock\n|move|p2a: Tapu Fini|Knock Off|p1a: Kartana\n|-damage|p1a: Kartana|79\/100\n|-enditem|p1a: Kartana|Choice Band|[from] move: Knock Off|[of] p2a: Tapu Fini\n|\n|-heal|p2a: Tapu Fini|99\/100|[from] item: Leftovers\n|upkeep\n|turn|9\n|j| Sundea17\n|\n|t:|1660476719\n|switch|p2a: Landorus|Landorus-Therian, M|80\/100\n|-damage|p2a: Landorus|67\/100|[from] Stealth Rock\n|-ability|p2a: Landorus|Intimidate|boost\n|-unboost|p1a: Kartana|atk|1\n|move|p1a: Kartana|Knock Off|p2a: Landorus\n|-damage|p2a: Landorus|38\/100\n|-enditem|p2a: Landorus|Leftovers|[from] move: Knock Off|[of] p1a: Kartana\n|\n|upkeep\n|turn|10\n|\n|t:|1660476726\n|move|p1a: Kartana|Leaf Blade|p2a: Landorus\n|-damage|p2a: Landorus|0 fnt\n|faint|p2a: Landorus\n|-ability|p1a: Kartana|Beast Boost|boost\n|-boost|p1a: Kartana|atk|1\n|\n|upkeep\n|\n|t:|1660476730\n|switch|p2a: Dragapult|Dragapult, F|100\/100\n|-damage|p2a: Dragapult|88\/100|[from] Stealth Rock\n|turn|11\n|\n|t:|1660476739\n|switch|p1a: Heatran|Heatran, F|100\/100\n|-damage|p1a: Heatran|88\/100|[from] Stealth Rock\n|move|p2a: Dragapult|Shadow Ball|p1a: Heatran\n|-damage|p1a: Heatran|53\/100\n|\n|-heal|p1a: Heatran|59\/100|[from] item: Leftovers\n|-fieldend|Misty Terrain\n|upkeep\n|turn|12\n|\n|t:|1660476747\n|switch|p2a: Tapu Fini|Tapu Fini|99\/100\n|-damage|p2a: Tapu Fini|88\/100|[from] Stealth Rock\n|-fieldstart|move: Misty Terrain|[from] ability: Misty Surge|[of] p2a: Tapu Fini\n|move|p1a: Heatran|Earth Power|p2a: Tapu Fini\n|-damage|p2a: Tapu Fini|65\/100\n|\n|-heal|p2a: Tapu Fini|71\/100|[from] item: Leftovers\n|-heal|p1a: Heatran|65\/100|[from] item: Leftovers\n|upkeep\n|turn|13\n|j| Ran Kob\n|\n|t:|1660476755\n|switch|p1a: Kartana|Kartana|79\/100\n|-damage|p1a: Kartana|73\/100|[from] Stealth Rock\n|move|p2a: Tapu Fini|Moonblast|p1a: Kartana\n|-resisted|p1a: Kartana\n|-damage|p1a: Kartana|23\/100\n|\n|-heal|p2a: Tapu Fini|78\/100|[from] item: Leftovers\n|upkeep\n|turn|14\n|j| jeanmilapipe\n|\n|t:|1660476765\n|switch|p2a: Heatran|Heatran, F|100\/100\n|-damage|p2a: Heatran|88\/100|[from] Stealth Rock\n|move|p1a: Kartana|Leaf Blade|p2a: Heatran\n|-resisted|p2a: Heatran\n|-damage|p2a: Heatran|76\/100\n|\n|-heal|p2a: Heatran|82\/100|[from] item: Leftovers\n|upkeep\n|turn|15\n|\n|t:|1660476771\n|move|p1a: Kartana|Sacred Sword|p2a: Heatran\n|-supereffective|p2a: Heatran\n|-damage|p2a: Heatran|12\/100\n|move|p2a: Heatran|Earth Power|p1a: Kartana\n|-damage|p1a: Kartana|0 fnt\n|faint|p1a: Kartana\n|\n|-heal|p2a: Heatran|18\/100|[from] item: Leftovers\n|upkeep\n|\n|t:|1660476775\n|switch|p1a: Weavile|Weavile, M|100\/100\n|-ability|p1a: Weavile|Pressure\n|turn|16\n|\n|t:|1660476780\n|move|p1a: Weavile|Knock Off|p2a: Heatran\n|-damage|p2a: Heatran|0 fnt\n|-enditem|p2a: Heatran|Leftovers|[from] move: Knock Off|[of] p1a: Weavile\n|faint|p2a: Heatran\n|\n|-fieldend|Misty Terrain\n|upkeep\n|\n|t:|1660476788\n|switch|p2a: Tapu Fini|Tapu Fini|78\/100\n|-damage|p2a: Tapu Fini|65\/100|[from] Stealth Rock\n|-fieldstart|move: Misty Terrain|[from] ability: Misty Surge|[of] p2a: Tapu Fini\n|turn|17\n|\n|t:|1660476794\n|switch|p1a: Slowbro|Slowbro, F|100\/100\n|move|p2a: Tapu Fini|Knock Off|p1a: Slowbro\n|-supereffective|p1a: Slowbro\n|-damage|p1a: Slowbro|83\/100\n|-enditem|p1a: Slowbro|Heavy-Duty Boots|[from] move: Knock Off|[of] p2a: Tapu Fini\n|\n|-heal|p2a: Tapu Fini|71\/100|[from] item: Leftovers\n|upkeep\n|turn|18\n|\n|t:|1660476799\n|move|p2a: Tapu Fini|Moonblast|p1a: Slowbro\n|-damage|p1a: Slowbro|47\/100\n|move|p1a: Slowbro|Future Sight|p2a: Tapu Fini\n|-start|p1a: Slowbro|move: Future Sight\n|\n|-heal|p2a: Tapu Fini|77\/100|[from] item: Leftovers\n|upkeep\n|turn|19\n|\n|t:|1660476805\n|switch|p1a: Zapdos|Zapdos|64\/100 tox\n|move|p2a: Tapu Fini|Moonblast|p1a: Zapdos\n|-damage|p1a: Zapdos|35\/100 tox\n|\n|-heal|p2a: Tapu Fini|83\/100|[from] item: Leftovers\n|-damage|p1a: Zapdos|29\/100 tox|[from] psn\n|upkeep\n|turn|20\n|\n|t:|1660476813\n|move|p1a: Zapdos|Discharge|p2a: Tapu Fini\n|-supereffective|p2a: Tapu Fini\n|-damage|p2a: Tapu Fini|29\/100\n|move|p2a: Tapu Fini|Knock Off|p1a: Zapdos\n|-damage|p1a: Zapdos|16\/100 tox\n|-enditem|p1a: Zapdos|Heavy-Duty Boots|[from] move: Knock Off|[of] p2a: Tapu Fini\n|\n|-end|p2a: Tapu Fini|move: Future Sight\n|-damage|p2a: Tapu Fini|0 fnt\n|faint|p2a: Tapu Fini\n|-damage|p1a: Zapdos|4\/100 tox|[from] psn\n|upkeep\n|j|+heroictobias\n|j| LT93OQ TROP CHAUD\n|l| LT93OQ TROP CHAUD\n|\n|t:|1660476834\n|switch|p2a: Weavile|Weavile, F|100\/100\n|turn|21\n|\n|t:|1660476839\n|move|p2a: Weavile|Knock Off|p1a: Zapdos\n|-damage|p1a: Zapdos|0 fnt\n|faint|p1a: Zapdos\n|\n|-fieldend|Misty Terrain\n|upkeep\n|\n|t:|1660476842\n|switch|p1a: Heatran|Heatran, F|65\/100\n|-damage|p1a: Heatran|53\/100|[from] Stealth Rock\n|turn|22\n|\n|t:|1660476855\n|switch|p2a: Dragapult|Dragapult, F|88\/100\n|-damage|p2a: Dragapult|76\/100|[from] Stealth Rock\n|move|p1a: Heatran|Magma Storm|p2a: Dragapult\n|-resisted|p2a: Dragapult\n|-damage|p2a: Dragapult|46\/100\n|-activate|p2a: Dragapult|move: Magma Storm|[of] p1a: Heatran\n|\n|-heal|p1a: Heatran|59\/100|[from] item: Leftovers\n|-damage|p2a: Dragapult|34\/100|[from] move: Magma Storm|[partiallytrapped]\n|upkeep\n|turn|23\n|\n|t:|1660476866\n|move|p2a: Dragapult|Shadow Ball|p1a: Heatran\n|-damage|p1a: Heatran|27\/100\n|move|p1a: Heatran|Earth Power|p2a: Dragapult\n|-damage|p2a: Dragapult|0 fnt\n|faint|p2a: Dragapult\n|\n|-heal|p1a: Heatran|33\/100|[from] item: Leftovers\n|upkeep\n|j| BARBE POIRE\n|\n|t:|1660476871\n|switch|p2a: Weavile|Weavile, F|100\/100\n|turn|24\n|\n|t:|1660476874\n|move|p2a: Weavile|Knock Off|p1a: Heatran\n|-damage|p1a: Heatran|0 fnt\n|-enditem|p1a: Heatran|Leftovers|[from] move: Knock Off|[of] p2a: Weavile\n|faint|p1a: Heatran\n|\n|upkeep\n|\n|t:|1660476877\n|switch|p1a: Slowbro|Slowbro, F|81\/100\n|-damage|p1a: Slowbro|68\/100|[from] Stealth Rock\n|turn|25\n|\n|t:|1660476881\n|switch|p2a: Zapdos|Zapdos|100\/100\n|move|p1a: Slowbro|Scald|p2a: Zapdos\n|-damage|p2a: Zapdos|67\/100\n|\n|upkeep\n|turn|26\n|j| Iwain\n|\n|t:|1660476888\n|move|p2a: Zapdos|Hurricane|p1a: Slowbro|[miss]\n|-miss|p2a: Zapdos|p1a: Slowbro\n|move|p1a: Slowbro|Slack Off|p1a: Slowbro\n|-heal|p1a: Slowbro|100\/100\n|\n|upkeep\n|turn|27\n|\n|t:|1660476891\n|move|p2a: Zapdos|Hurricane|p1a: Slowbro\n|-damage|p1a: Slowbro|45\/100\n|-start|p1a: Slowbro|confusion\n|-activate|p1a: Slowbro|confusion\n|move|p1a: Slowbro|Teleport|p1a: Slowbro\n|\n|t:|1660476893\n|switch|p1a: Garchomp|Garchomp, M|70\/100|[from]move: Teleport\n|-damage|p1a: Garchomp|64\/100|[from] Stealth Rock\n|\n|-heal|p1a: Garchomp|70\/100|[from] item: Leftovers\n|upkeep\n|turn|28\n|\n|t:|1660476900\n|move|p2a: Zapdos|Hurricane|p1a: Garchomp\n|-damage|p1a: Garchomp|30\/100\n|-start|p1a: Garchomp|confusion\n|-activate|p1a: Garchomp|confusion\n|-damage|p1a: Garchomp|21\/100|[from] confusion\n|\n|-heal|p1a: Garchomp|27\/100|[from] item: Leftovers\n|upkeep\n|turn|29\n|\n|t:|1660476906\n|move|p2a: Zapdos|Hurricane|p1a: Garchomp|[miss]\n|-miss|p2a: Zapdos|p1a: Garchomp\n|-end|p1a: Garchomp|confusion\n|move|p1a: Garchomp|Toxic|p2a: Zapdos|[miss]\n|-miss|p1a: Garchomp|p2a: Zapdos\n|\n|-heal|p1a: Garchomp|33\/100|[from] item: Leftovers\n|upkeep\n|turn|30\n|j| ownerfloor\n|\n|t:|1660476911\n|move|p1a: Garchomp|Protect|p1a: Garchomp\n|-singleturn|p1a: Garchomp|Protect\n|move|p2a: Zapdos|Hurricane|p1a: Garchomp\n|-activate|p1a: Garchomp|move: Protect\n|\n|-heal|p1a: Garchomp|39\/100|[from] item: Leftovers\n|upkeep\n|turn|31\n|\n|t:|1660476914\n|move|p2a: Zapdos|Hurricane|p1a: Garchomp\n|-damage|p1a: Garchomp|0 fnt\n|faint|p1a: Garchomp\n|\n|upkeep\n|\n|t:|1660476918\n|switch|p1a: Weavile|Weavile, M|100\/100\n|-ability|p1a: Weavile|Pressure\n|turn|32\n|\n|t:|1660476924\n|move|p1a: Weavile|Swords Dance|p1a: Weavile\n|-boost|p1a: Weavile|atk|2\n|move|p2a: Zapdos|Heat Wave|p1a: Weavile|[miss]\n|-miss|p2a: Zapdos|p1a: Weavile\n|\n|upkeep\n|turn|33\n|j| The art of\n|\n|t:|1660476934\n|move|p1a: Weavile|Ice Shard|p2a: Zapdos\n|-supereffective|p2a: Zapdos\n|-damage|p2a: Zapdos|0 fnt\n|faint|p2a: Zapdos\n|\n|upkeep\n|\n|t:|1660476936\n|switch|p2a: Weavile|Weavile, F|100\/100\n|turn|34\n|\n|t:|1660476939\n|move|p2a: Weavile|Triple Axel|p1a: Weavile\n|-resisted|p1a: Weavile\n|-damage|p1a: Weavile|92\/100\n|-resisted|p1a: Weavile\n|-damage|p1a: Weavile|76\/100\n|-resisted|p1a: Weavile\n|-damage|p1a: Weavile|50\/100\n|-hitcount|p1a: Weavile|3\n|move|p1a: Weavile|Knock Off|p2a: Weavile\n|-resisted|p2a: Weavile\n|-damage|p2a: Weavile|12\/100\n|-enditem|p2a: Weavile|Heavy-Duty Boots|[from] move: Knock Off|[of] p1a: Weavile\n|-enditem|p1a: Weavile|Heavy-Duty Boots|[silent]|[from] ability: Pickpocket|[of] p1a: Weavile\n|-item|p2a: Weavile|Heavy-Duty Boots|[from] ability: Pickpocket|[of] p1a: Weavile\n|\n|upkeep\n|turn|35\n|\n|t:|1660476946\n|move|p1a: Weavile|Ice Shard|p2a: Weavile\n|-resisted|p2a: Weavile\n|-damage|p2a: Weavile|0 fnt\n|faint|p2a: Weavile\n|\n|win|LT93OQ Dasmer\n|raw|LT93OQ Dasmer's rating: 1915 &rarr; <strong>1933<\/strong><br \/>(+18 for winning)\n|raw|kinetic chain's rating: 1879 &rarr; <strong>1861<\/strong><br \/>(-18 for losing)\n|l|\u203dkinetic chain\n|l| ownerfloor\n|l| BARBE POIRE\n","uploadtime":1660476958,"views":101,"p1id":"lt93oqdasmer","p2id":"kineticchain","formatid":"gen8ou","rating":1861,"private":0,"password":null}