{"id":"gen8randombattle-1698850444","p1":"CodenameUg","p2":"Yragtcythgyughyty","format":"gen8randombattle","log":"|j|\u2606CodenameUg\n|j|\u203dYragtcythgyughyty\n|t:|1667167189\n|gametype|singles\n|player|p1|CodenameUg|hilbert-masters|\n|player|p2|Yragtcythgyughyty|schoolkid-gen4dp|\n|teamsize|p1|6\n|teamsize|p2|6\n|gen|8\n|tier|[Gen 8] Random Battle\n|rule|Species Clause: Limit one of each Pok\u00e9mon\n|rule|HP Percentage Mod: HP is shown in percentages\n|rule|Sleep Clause Mod: Limit one foe put to sleep\n|\n|t:|1667167189\n|start\n|switch|p1a: Vanilluxe|Vanilluxe, L82, F|251\/251\n|switch|p2a: Hydreigon|Hydreigon, L80, F|278\/278\n|-weather|Hail|[from] ability: Snow Warning|[of] p1a: Vanilluxe\n|turn|1\n|inactive|Battle timer is ON: inactive players will automatically lose when time's up. (requested by CodenameUg)\n|inactive|Yragtcythgyughyty also wants the timer to be on.\n|j| Firelord Term\n|c|\u2606CodenameUg|Hf\n|c| Firelord Term|bro made us wait 3 days for this boring ass set\n|j| Rubiaa\n|c| Firelord Term|some lou dor shit ngl\n|inactive|Yragtcythgyughyty has 270 seconds left.\n|\n|t:|1667167228\n|switch|p2a: Politoed|Politoed, L86, M|295\/295\n|-weather|RainDance|[from] ability: Drizzle|[of] p2a: Politoed\n|move|p1a: Vanilluxe|Aurora Veil||[still]\n|-fail|p1a: Vanilluxe\n|\n|-weather|RainDance|[upkeep]\n|upkeep\n|turn|2\n|\n|t:|1667167242\n|switch|p1a: Lanturn|Lanturn, L86, F|355\/355\n|switch|p2a: Melmetal|Melmetal, L74|322\/322\n|\n|-weather|RainDance|[upkeep]\n|upkeep\n|turn|3\n|c| Rubiaa|This ni66a Ug actually lucky wtf\n|\n|t:|1667167248\n|move|p1a: Lanturn|Scald|p2a: Melmetal\n|-damage|p2a: Melmetal|151\/322\n|-status|p2a: Melmetal|brn\n|move|p2a: Melmetal|Earthquake|p1a: Lanturn\n|-supereffective|p1a: Lanturn\n|-damage|p1a: Lanturn|259\/355\n|\n|-weather|RainDance|[upkeep]\n|-heal|p1a: Lanturn|281\/355|[from] item: Leftovers\n|-heal|p2a: Melmetal|171\/322 brn|[from] item: Leftovers\n|-damage|p2a: Melmetal|151\/322 brn|[from] brn\n|upkeep\n|turn|4\n|\n|t:|1667167254\n|switch|p2a: Arctovish|Arctovish, L86|295\/295\n|move|p1a: Lanturn|Scald|p2a: Arctovish\n|-immune|p2a: Arctovish|[from] ability: Water Absorb\n|\n|-weather|RainDance|[upkeep]\n|-heal|p1a: Lanturn|303\/355|[from] item: Leftovers\n|upkeep\n|turn|5\n|l| Rubiaa\n|\n|t:|1667167260\n|move|p1a: Lanturn|Volt Switch|p2a: Arctovish\n|-supereffective|p2a: Arctovish\n|-damage|p2a: Arctovish|209\/295\n|j| Rubiaa\n|\n|t:|1667167265\n|switch|p1a: Vanilluxe|Vanilluxe, L82, F|251\/251\n|-weather|Hail|[from] ability: Snow Warning|[of] p1a: Vanilluxe\n|move|p2a: Arctovish|Fishious Rend|p1a: Vanilluxe\n|-damage|p1a: Vanilluxe|56\/251\n|\n|-weather|Hail|[upkeep]\n|upkeep\n|turn|6\n|\n|t:|1667167270\n|switch|p2a: Politoed|Politoed, L86, M|295\/295\n|-weather|RainDance|[from] ability: Drizzle|[of] p2a: Politoed\n|move|p1a: Vanilluxe|Aurora Veil||[still]\n|-fail|p1a: Vanilluxe\n|\n|-weather|RainDance|[upkeep]\n|upkeep\n|turn|7\n|\n|t:|1667167275\n|switch|p1a: Lanturn|Lanturn, L86, F|303\/355\n|switch|p2a: Arctovish|Arctovish, L86|209\/295\n|\n|-weather|RainDance|[upkeep]\n|-heal|p1a: Lanturn|325\/355|[from] item: Leftovers\n|upkeep\n|turn|8\n|\n|t:|1667167287\n|move|p1a: Lanturn|Toxic|p2a: Arctovish\n|-status|p2a: Arctovish|tox\n|move|p2a: Arctovish|Fishious Rend|p1a: Lanturn\n|-resisted|p1a: Lanturn\n|-damage|p1a: Lanturn|244\/355\n|\n|-weather|RainDance|[upkeep]\n|-heal|p1a: Lanturn|266\/355|[from] item: Leftovers\n|-damage|p2a: Arctovish|191\/295 tox|[from] psn\n|upkeep\n|turn|9\n|\n|t:|1667167291\n|move|p1a: Lanturn|Scald|p2a: Arctovish\n|-heal|p2a: Arctovish|264\/295 tox|[from] ability: Water Absorb|[of] p1a: Lanturn\n|move|p2a: Arctovish|Freeze-Dry|p1a: Lanturn\n|-supereffective|p1a: Lanturn\n|-damage|p1a: Lanturn|110\/355\n|\n|-weather|RainDance|[upkeep]\n|-heal|p1a: Lanturn|132\/355|[from] item: Leftovers\n|-damage|p2a: Arctovish|228\/295 tox|[from] psn\n|upkeep\n|turn|10\n|\n|t:|1667167293\n|move|p1a: Lanturn|Volt Switch|p2a: Arctovish\n|-supereffective|p2a: Arctovish\n|-damage|p2a: Arctovish|144\/295 tox\n|c|\u2606CodenameUg|Misclicked\n|l| Rubiaa\n|\n|t:|1667167322\n|switch|p1a: Vanilluxe|Vanilluxe, L82, F|56\/251\n|-weather|Hail|[from] ability: Snow Warning|[of] p1a: Vanilluxe\n|move|p2a: Arctovish|Freeze-Dry|p1a: Vanilluxe\n|-resisted|p1a: Vanilluxe\n|-damage|p1a: Vanilluxe|21\/251\n|\n|-weather|Hail|[upkeep]\n|-damage|p2a: Arctovish|90\/295 tox|[from] psn\n|upkeep\n|turn|11\n|j| Rubiaa\n|\n|t:|1667167326\n|switch|p2a: Politoed|Politoed, L86, M|295\/295\n|-weather|RainDance|[from] ability: Drizzle|[of] p2a: Politoed\n|move|p1a: Vanilluxe|Freeze-Dry|p2a: Politoed\n|-supereffective|p2a: Politoed\n|-damage|p2a: Politoed|151\/295\n|\n|-weather|RainDance|[upkeep]\n|upkeep\n|turn|12\n|\n|t:|1667167329\n|move|p1a: Vanilluxe|Freeze-Dry|p2a: Politoed\n|-supereffective|p2a: Politoed\n|-damage|p2a: Politoed|0 fnt\n|faint|p2a: Politoed\n|\n|-weather|RainDance|[upkeep]\n|upkeep\n|\n|t:|1667167339\n|switch|p2a: Kommo-o|Kommo-o, L80, F|251\/251\n|turn|13\n|\n|t:|1667167344\n|move|p2a: Kommo-o|Clangorous Soul|p2a: Kommo-o\n|-boost|p2a: Kommo-o|atk|1\n|-boost|p2a: Kommo-o|def|1\n|-boost|p2a: Kommo-o|spa|1\n|-boost|p2a: Kommo-o|spd|1\n|-boost|p2a: Kommo-o|spe|1\n|-damage|p2a: Kommo-o|169\/251\n|-enditem|p2a: Kommo-o|Throat Spray\n|-boost|p2a: Kommo-o|spa|1|[from] item: Throat Spray\n|move|p1a: Vanilluxe|Freeze-Dry|p2a: Kommo-o\n|-supereffective|p2a: Kommo-o\n|-damage|p2a: Kommo-o|65\/251\n|\n|-weather|RainDance|[upkeep]\n|upkeep\n|turn|14\n|\n|t:|1667167355\n|move|p2a: Kommo-o|Poison Jab|p1a: Vanilluxe\n|-damage|p1a: Vanilluxe|0 fnt\n|faint|p1a: Vanilluxe\n|\n|-weather|RainDance|[upkeep]\n|upkeep\n|\n|t:|1667167363\n|switch|p1a: Nidoqueen|Nidoqueen, L84, F|288\/288\n|turn|15\n|\n|t:|1667167384\n|-start|p2a: Kommo-o|Dynamax|\n|-heal|p2a: Kommo-o|130\/502|[silent]\n|move|p2a: Kommo-o|Max Wyrmwind|p1a: Nidoqueen\n|-damage|p1a: Nidoqueen|12\/288\n|-unboost|p1a: Nidoqueen|atk|1\n|move|p1a: Nidoqueen|Sludge Wave|p2a: Kommo-o\n|-damage|p2a: Kommo-o|39\/502\n|\n|-weather|none\n|upkeep\n|turn|16\n|\n|t:|1667167390\n|move|p2a: Kommo-o|Max Knuckle|p1a: Nidoqueen\n|-resisted|p1a: Nidoqueen\n|-damage|p1a: Nidoqueen|0 fnt\n|-boost|p2a: Kommo-o|atk|1\n|faint|p1a: Nidoqueen\n|\n|upkeep\n|\n|t:|1667167397\n|switch|p1a: Braviary|Braviary, L82, M|298\/298\n|turn|17\n|\n|t:|1667167401\n|switch|p1a: Slurpuff|Slurpuff, L80, F|262\/262\n|move|p2a: Kommo-o|Max Wyrmwind|p1a: Slurpuff\n|-immune|p1a: Slurpuff\n|\n|upkeep\n|-end|p2a: Kommo-o|Dynamax\n|-heal|p2a: Kommo-o|20\/251|[silent]\n|turn|18\n|j| ops idk\n|\n|t:|1667167417\n|switch|p1a: Lanturn|Lanturn, L86, F|132\/355\n|move|p2a: Kommo-o|Poison Jab|p1a: Lanturn\n|-damage|p1a: Lanturn|0 fnt\n|faint|p1a: Lanturn\n|\n|upkeep\n|\n|t:|1667167420\n|switch|p1a: Braviary|Braviary, L82, M|298\/298\n|turn|19\n|\n|t:|1667167424\n|-start|p1a: Braviary|Dynamax|\n|-heal|p1a: Braviary|596\/596|[silent]\n|move|p2a: Kommo-o|Clanging Scales|p1a: Braviary\n|-damage|p1a: Braviary|334\/596\n|-unboost|p2a: Kommo-o|def|1\n|move|p1a: Braviary|Max Airstream|p2a: Kommo-o\n|-supereffective|p2a: Kommo-o\n|-crit|p2a: Kommo-o\n|-damage|p2a: Kommo-o|0 fnt\n|-boost|p1a: Braviary|spe|1\n|faint|p2a: Kommo-o\n|\n|upkeep\n|\n|t:|1667167428\n|switch|p2a: Hydreigon|Hydreigon, L80, F|278\/278\n|turn|20\n|\n|t:|1667167432\n|switch|p2a: Sylveon|Sylveon, L84, M|297\/297\n|move|p1a: Braviary|Max Knuckle|p2a: Sylveon\n|-resisted|p2a: Sylveon\n|-damage|p2a: Sylveon|245\/297\n|-boost|p1a: Braviary|atk|1\n|\n|upkeep\n|turn|21\n|\n|t:|1667167435\n|switch|p2a: Melmetal|Melmetal, L74|151\/322 brn\n|move|p1a: Braviary|Max Airstream|p2a: Melmetal\n|-resisted|p2a: Melmetal\n|-damage|p2a: Melmetal|61\/322 brn\n|-boost|p1a: Braviary|spe|1\n|\n|-heal|p2a: Melmetal|81\/322 brn|[from] item: Leftovers\n|-damage|p2a: Melmetal|61\/322 brn|[from] brn\n|upkeep\n|-end|p1a: Braviary|Dynamax\n|-heal|p1a: Braviary|167\/298|[silent]\n|turn|22\n|\n|t:|1667167438\n|move|p1a: Braviary|Bulk Up|p1a: Braviary\n|-boost|p1a: Braviary|atk|1\n|-boost|p1a: Braviary|def|1\n|move|p2a: Melmetal|Thunder Wave|p1a: Braviary\n|-status|p1a: Braviary|par\n|\n|-heal|p2a: Melmetal|81\/322 brn|[from] item: Leftovers\n|-damage|p2a: Melmetal|61\/322 brn|[from] brn\n|upkeep\n|turn|23\n|\n|t:|1667167443\n|move|p1a: Braviary|Roost|p1a: Braviary\n|-heal|p1a: Braviary|298\/298 par\n|-singleturn|p1a: Braviary|move: Roost\n|move|p2a: Melmetal|Thunder Punch|p1a: Braviary\n|-damage|p1a: Braviary|271\/298 par\n|\n|-heal|p2a: Melmetal|81\/322 brn|[from] item: Leftovers\n|-damage|p2a: Melmetal|61\/322 brn|[from] brn\n|upkeep\n|turn|24\n|\n|t:|1667167447\n|move|p1a: Braviary|Brave Bird|p2a: Melmetal\n|-resisted|p2a: Melmetal\n|-damage|p2a: Melmetal|0 fnt\n|faint|p2a: Melmetal\n|-damage|p1a: Braviary|251\/298 par|[from] Recoil\n|\n|upkeep\n|\n|t:|1667167450\n|switch|p2a: Sylveon|Sylveon, L84, M|245\/297\n|turn|25\n|\n|t:|1667167452\n|move|p2a: Sylveon|Hyper Voice|p1a: Braviary\n|-damage|p1a: Braviary|100\/298 par\n|cant|p1a: Braviary|par\n|\n|upkeep\n|turn|26\n|\n|t:|1667167456\n|move|p2a: Sylveon|Hyper Voice|p1a: Braviary\n|-damage|p1a: Braviary|0 fnt\n|faint|p1a: Braviary\n|\n|upkeep\n|\n|t:|1667167460\n|switch|p1a: Darmanitan|Darmanitan-Galar, L78, M|292\/292\n|turn|27\n|\n|t:|1667167463\n|move|p2a: Sylveon|Hyper Voice|p1a: Darmanitan\n|-damage|p1a: Darmanitan|96\/292\n|move|p1a: Darmanitan|Icicle Crash|p2a: Sylveon\n|-damage|p2a: Sylveon|112\/297\n|\n|-formechange|p1a: Darmanitan|Darmanitan-Galar-Zen|\n|upkeep\n|turn|28\n|\n|t:|1667167468\n|move|p1a: Darmanitan|Fire Punch|p2a: Sylveon\n|-damage|p2a: Sylveon|0 fnt\n|faint|p2a: Sylveon\n|\n|upkeep\n|\n|t:|1667167473\n|switch|p2a: Hydreigon|Hydreigon, L80, F|278\/278\n|turn|29\n|\n|t:|1667167481\n|move|p1a: Darmanitan|Icicle Crash|p2a: Hydreigon\n|-supereffective|p2a: Hydreigon\n|-damage|p2a: Hydreigon|20\/278\n|cant|p2a: Hydreigon|flinch\n|\n|upkeep\n|turn|30\n|l| Rubiaa\n|c|\u2606CodenameUg|Flinch didnt matter btw\n|c|\u2606CodenameUg|Cause i have slur\n|inactive|Yragtcythgyughyty has 270 seconds left.\n|c|\u2606CodenameUg|At 100\n|c| ops idk|Gg\n|c| Firelord Term|gg\n|c|\u2606CodenameUg|So its guaranteed dub\n|c|\u2606CodenameUg|Also i got parad on sylv\n|c|\u2606CodenameUg|So evens up anyways even if it mattered\n|inactive|Yragtcythgyughyty has 240 seconds left.\n|c|\u2606CodenameUg|Which ofx it didnt in this case\n|\n|t:|1667167548\n|move|p1a: Darmanitan|Fire Punch|p2a: Hydreigon\n|-resisted|p2a: Hydreigon\n|-damage|p2a: Hydreigon|0 fnt\n|faint|p2a: Hydreigon\n|\n|upkeep\n|\n|t:|1667167550\n|switch|p2a: Arctovish|Arctovish, L86|90\/295 tox\n|turn|31\n|\n|t:|1667167553\n|move|p1a: Darmanitan|Fire Punch|p2a: Arctovish\n|-damage|p2a: Arctovish|0 fnt\n|faint|p2a: Arctovish\n|\n|win|CodenameUg\n|l|\u203dYragtcythgyughyty\n|c|\u2606CodenameUg|Gg\n","inputlog":">version 855bee47758c8e203fce9c72050fbccc525688e2\n>start {\"formatid\":\"gen8randombattle\",\"seed\":[38276,55682,30691,62962]}\n>player p1 {\"name\":\"CodenameUg\",\"avatar\":\"hilbert-masters\",\"rating\":0,\"seed\":[7764,33141,50394,52636]}\n>player p2 {\"name\":\"Yragtcythgyughyty\",\"avatar\":\"schoolkid-gen4dp\",\"rating\":0,\"seed\":[39422,24715,33866,26367]}\n>chat \u2606CodenameUg|Hf\n>chat  Firelord Term|bro made us wait 3 days for this boring ass set\n>chat  Firelord Term|some lou dor shit ngl\n>p1 move auroraveil\n>p2 switch 5\n>p1 switch 2\n>p2 switch 6\n>chat  Rubiaa|This ni66a Ug actually lucky wtf\n>p1 move scald\n>p2 move earthquake\n>p1 move scald\n>p2 switch 2\n>p1 move voltswitch\n>p2 move fishiousrend\n>p1 switch 2\n>p1 move auroraveil\n>p2 switch 6\n>p1 switch 2\n>p2 switch 6\n>p1 move toxic\n>p2 move fishiousrend\n>p1 move scald\n>p2 move freezedry\n>p1 move voltswitch\n>p2 move freezedry\n>chat \u2606CodenameUg|Misclicked\n>p1 switch 2\n>p1 move freezedry\n>p2 switch 6\n>p1 move freezedry\n>p2 move scald\n>p2 switch 3\n>p1 move freezedry\n>p2 move clangoroussoul\n>p1 move freezedry\n>p2 move poisonjab\n>p1 switch 6\n>p1 move sludgewave\n>p2 move clangingscales dynamax\n>p1 move sludgewave\n>p2 move closecombat dynamax\n>p1 switch 5\n>p1 switch 3\n>p2 move clangingscales dynamax\n>p1 switch 2\n>p2 move poisonjab\n>p1 switch 3\n>p1 move bravebird dynamax\n>p2 move clangingscales\n>p2 switch 5\n>p1 move closecombat dynamax\n>p2 switch 4\n>p1 move bravebird dynamax\n>p2 switch 2\n>p1 move bulkup\n>p2 move thunderwave\n>p1 move roost\n>p2 move thunderpunch\n>p1 move bravebird\n>p2 move doubleironbash\n>p2 switch 2\n>p1 move bravebird\n>p2 move hypervoice\n>p1 move bravebird\n>p2 move hypervoice\n>p1 switch 4\n>p1 move iciclecrash\n>p2 move hypervoice\n>p1 move firepunch\n>p2 move hypervoice\n>p2 switch 4\n>p1 move iciclecrash\n>p2 move flashcannon\n>chat \u2606CodenameUg|Flinch didnt matter btw\n>chat \u2606CodenameUg|Cause i have slur\n>chat \u2606CodenameUg|At 100\n>chat  ops idk|Gg\n>chat  Firelord Term|gg\n>chat \u2606CodenameUg|So its guaranteed dub\n>chat \u2606CodenameUg|Also i got parad on sylv\n>chat \u2606CodenameUg|So evens up anyways even if it mattered\n>chat \u2606CodenameUg|Which ofx it didnt in this case\n>p1 move firepunch\n>p2 move flashcannon\n>p2 switch 6\n>p1 move firepunch\n>p2 move fishiousrend","uploadtime":1667167560,"views":17,"p1id":"codenameug","p2id":"yragtcythgyughyty","formatid":"gen8randombattle","rating":0,"private":0,"password":null}