{"id":"gen8nationaldex-1597570535","p1":"cump9","p2":"NDLT3RQLSigmaDuck","format":"gen8nationaldex","log":"|raw|<div class=\"broadcast-blue\"><strong>This battle is required to be public due to a player having a name starting with 'ndlt3rql'.<\/div>\n|j|\u2606cump9\n|j|\u2606NDLT3RQLSigmaDuck\n|t:|1655388094\n|gametype|singles\n|player|p1|cump9|gentleman-gen4|1604\n|player|p2|NDLT3RQLSigmaDuck|korrina|1674\n|teamsize|p1|6\n|teamsize|p2|6\n|gen|8\n|tier|[Gen 8] National Dex\n|rated|\n|rule|HP Percentage Mod: HP is shown in percentages\n|rule|Endless Battle Clause: Forcing endless battles is banned\n|rule|OHKO Clause: OHKO moves are banned\n|rule|Evasion Moves Clause: Evasion moves are banned\n|rule|Species Clause: Limit one of each Pok\u00e9mon\n|rule|Dynamax Clause: You cannot dynamax\n|rule|Sleep Clause Mod: Limit one foe put to sleep\n|clearpoke\n|poke|p1|Sableye, M|\n|poke|p1|Chansey, F|\n|poke|p1|Toxapex, M|\n|poke|p1|Quagsire, M|\n|poke|p1|Corviknight, F|\n|poke|p1|Clefable, F|\n|poke|p2|Aerodactyl, F|\n|poke|p2|Charizard, F|\n|poke|p2|Weavile, F|\n|poke|p2|Volcarona, F|\n|poke|p2|Rillaboom, M|\n|poke|p2|Regieleki|\n|teampreview\n|inactive|Battle timer is ON: inactive players will automatically lose when time's up. (requested by NDLT3RQLSigmaDuck)\n|\n|t:|1655388115\n|start\n|switch|p1a: Sableye|Sableye, M|100\/100\n|switch|p2a: ?|Charizard, F|100\/100\n|turn|1\n|j| oiuaduoapudada\n|\n|t:|1655388130\n|detailschange|p2a: ?|Charizard-Mega-X, F\n|-mega|p2a: ?|Charizard|Charizardite X\n|detailschange|p1a: Sableye|Sableye-Mega, M\n|-mega|p1a: Sableye|Sableye|Sablenite\n|move|p1a: Sableye|Protect|p1a: Sableye\n|-singleturn|p1a: Sableye|Protect\n|move|p2a: ?|Dragon Dance|p2a: ?\n|-boost|p2a: ?|atk|1\n|-boost|p2a: ?|spe|1\n|\n|upkeep\n|turn|2\n|\n|t:|1655388135\n|switch|p2a: Regieleki|Regieleki|100\/100\n|switch|p1a: Quagsire|Quagsire, M, shiny|100\/100\n|\n|upkeep\n|turn|3\n|\n|t:|1655388143\n|move|p2a: Regieleki|Reflect|p2a: Regieleki\n|-sidestart|p2: NDLT3RQLSigmaDuck|Reflect\n|move|p1a: Quagsire|Toxic|p2a: Regieleki\n|-status|p2a: Regieleki|tox\n|\n|-damage|p2a: Regieleki|95\/100 tox|[from] psn\n|upkeep\n|turn|4\n|\n|t:|1655388149\n|switch|p1a: Sableye|Sableye-Mega, M|100\/100\n|move|p2a: Regieleki|Explosion|p1a: Sableye\n|-immune|p1a: Sableye\n|faint|p2a: Regieleki\n|\n|upkeep\n|\n|t:|1655388157\n|switch|p2a: Rillaboom|Rillaboom, M|100\/100\n|-fieldstart|move: Grassy Terrain|[from] ability: Grassy Surge|[of] p2a: Rillaboom\n|turn|5\n|\n|t:|1655388162\n|switch|p2a: ?|Charizard-Mega-X, F|100\/100\n|move|p1a: Sableye|Will-O-Wisp|p2a: ?\n|-immune|p2a: ?\n|\n|upkeep\n|turn|6\n|\n|t:|1655388169\n|switch|p2a: ptero|Aerodactyl, F|100\/100\n|-ability|p2a: ptero|Pressure\n|switch|p1a: Quagsire|Quagsire, M, shiny|100\/100\n|\n|upkeep\n|turn|7\n|\n|t:|1655388178\n|switch|p2a: Volcarona|Volcarona, F|100\/100\n|move|p1a: Quagsire|Toxic|p2a: Volcarona\n|-status|p2a: Volcarona|tox\n|\n|-damage|p2a: Volcarona|94\/100 tox|[from] psn\n|upkeep\n|turn|8\n|j| EN VEE KAYYYY\n|\n|t:|1655388182\n|switch|p1a: Chansey|Chansey, F|100\/100\n|move|p2a: Volcarona|Quiver Dance|p2a: Volcarona\n|-boost|p2a: Volcarona|spa|1\n|-boost|p2a: Volcarona|spd|1\n|-boost|p2a: Volcarona|spe|1\n|\n|-heal|p2a: Volcarona|100\/100 tox|[from] Grassy Terrain\n|-damage|p2a: Volcarona|88\/100 tox|[from] psn\n|upkeep\n|turn|9\n|\n|t:|1655388194\n|switch|p2a: Weavile|Weavile, F|100\/100\n|-ability|p2a: Weavile|Pressure\n|move|p1a: Chansey|Seismic Toss|p2a: Weavile\n|-damage|p2a: Weavile|65\/100\n|\n|-heal|p2a: Weavile|71\/100|[from] Grassy Terrain\n|-fieldend|move: Grassy Terrain\n|upkeep\n|turn|10\n|\n|t:|1655388200\n|switch|p1a: Toxapex|Toxapex, M, shiny|100\/100\n|move|p2a: Weavile|Swords Dance|p2a: Weavile\n|-boost|p2a: Weavile|atk|2\n|\n|-sideend|p2: NDLT3RQLSigmaDuck|Reflect\n|upkeep\n|turn|11\n|\n|t:|1655388204\n|move|p2a: Weavile|Knock Off|p1a: Toxapex\n|-damage|p1a: Toxapex|27\/100\n|-damage|p2a: Weavile|55\/100|[from] item: Rocky Helmet|[of] p1a: Toxapex\n|-enditem|p1a: Toxapex|Rocky Helmet|[from] move: Knock Off|[of] p2a: Weavile\n|-damage|p2a: Weavile|45\/100|[from] item: Life Orb\n|move|p1a: Toxapex|Haze|p1a: Toxapex\n|-clearallboost\n|\n|upkeep\n|turn|12\n|inactive|cump9 has 120 seconds left.\n|\n|t:|1655388256\n|move|p2a: Weavile|Knock Off|p1a: Toxapex\n|-damage|p1a: Toxapex|4\/100\n|-damage|p2a: Weavile|35\/100|[from] item: Life Orb\n|move|p1a: Toxapex|Recover|p1a: Toxapex\n|-heal|p1a: Toxapex|54\/100\n|\n|upkeep\n|turn|13\n|c|\u2606NDLT3RQLSigmaDuck|;\n|\n|t:|1655388261\n|switch|p2a: Volcarona|Volcarona, F|88\/100 tox\n|move|p1a: Toxapex|Recover|p1a: Toxapex\n|-heal|p1a: Toxapex|100\/100\n|\n|-damage|p2a: Volcarona|82\/100 tox|[from] psn\n|upkeep\n|turn|14\n|\n|t:|1655388266\n|switch|p1a: Chansey|Chansey, F|100\/100\n|move|p2a: Volcarona|Quiver Dance|p2a: Volcarona\n|-boost|p2a: Volcarona|spa|1\n|-boost|p2a: Volcarona|spd|1\n|-boost|p2a: Volcarona|spe|1\n|\n|-damage|p2a: Volcarona|70\/100 tox|[from] psn\n|upkeep\n|turn|15\n|\n|t:|1655388272\n|switch|p2a: Weavile|Weavile, F|35\/100\n|-ability|p2a: Weavile|Pressure\n|move|p1a: Chansey|Seismic Toss|p2a: Weavile\n|-damage|p2a: Weavile|0 fnt\n|faint|p2a: Weavile\n|\n|upkeep\n|\n|t:|1655388274\n|switch|p2a: Rillaboom|Rillaboom, M|100\/100\n|-fieldstart|move: Grassy Terrain|[from] ability: Grassy Surge|[of] p2a: Rillaboom\n|turn|16\n|\n|t:|1655388286\n|switch|p1a: Corviknight|Corviknight, F, shiny|100\/100\n|-ability|p1a: Corviknight|Pressure\n|move|p2a: Rillaboom|Swords Dance|p2a: Rillaboom\n|-boost|p2a: Rillaboom|atk|2\n|\n|upkeep\n|turn|17\n|j| Amy2603\n|\n|t:|1655388289\n|move|p2a: Rillaboom|Knock Off|p1a: Corviknight\n|-damage|p1a: Corviknight|42\/100\n|-enditem|p1a: Corviknight|Shed Shell|[from] move: Knock Off|[of] p2a: Rillaboom\n|-damage|p2a: Rillaboom|91\/100|[from] item: Life Orb\n|move|p1a: Corviknight|Iron Defense|p1a: Corviknight\n|-boost|p1a: Corviknight|def|2\n|\n|-heal|p2a: Rillaboom|97\/100|[from] Grassy Terrain\n|upkeep\n|turn|18\n|\n|t:|1655388296\n|move|p2a: Rillaboom|Superpower|p1a: Corviknight\n|-damage|p1a: Corviknight|5\/100\n|-unboost|p2a: Rillaboom|atk|1\n|-unboost|p2a: Rillaboom|def|1\n|-damage|p2a: Rillaboom|87\/100|[from] item: Life Orb\n|move|p1a: Corviknight|Roost|p1a: Corviknight\n|-heal|p1a: Corviknight|56\/100\n|-singleturn|p1a: Corviknight|move: Roost\n|\n|-heal|p2a: Rillaboom|93\/100|[from] Grassy Terrain\n|-heal|p1a: Corviknight|62\/100|[from] Grassy Terrain\n|upkeep\n|turn|19\n|\n|t:|1655388299\n|move|p2a: Rillaboom|Superpower|p1a: Corviknight\n|-damage|p1a: Corviknight|38\/100\n|-unboost|p2a: Rillaboom|atk|1\n|-unboost|p2a: Rillaboom|def|1\n|-damage|p2a: Rillaboom|83\/100|[from] item: Life Orb\n|move|p1a: Corviknight|Iron Defense|p1a: Corviknight\n|-boost|p1a: Corviknight|def|2\n|\n|-heal|p2a: Rillaboom|89\/100|[from] Grassy Terrain\n|upkeep\n|turn|20\n|j| Hahaboii\n|\n|t:|1655388304\n|switch|p2a: Volcarona|Volcarona, F|70\/100 tox\n|move|p1a: Corviknight|Roost|p1a: Corviknight\n|-heal|p1a: Corviknight|88\/100\n|-singleturn|p1a: Corviknight|move: Roost\n|\n|-heal|p2a: Volcarona|76\/100 tox|[from] Grassy Terrain\n|-heal|p1a: Corviknight|94\/100|[from] Grassy Terrain\n|-damage|p2a: Volcarona|70\/100 tox|[from] psn\n|-fieldend|move: Grassy Terrain\n|upkeep\n|turn|21\n|\n|t:|1655388308\n|switch|p2a: Rillaboom|Rillaboom, M|89\/100\n|-fieldstart|move: Grassy Terrain|[from] ability: Grassy Surge|[of] p2a: Rillaboom\n|switch|p1a: Chansey|Chansey, F|100\/100\n|\n|-heal|p2a: Rillaboom|95\/100|[from] Grassy Terrain\n|upkeep\n|turn|22\n|\n|t:|1655388316\n|switch|p1a: Corviknight|Corviknight, F, shiny|94\/100\n|-ability|p1a: Corviknight|Pressure\n|move|p2a: Rillaboom|Swords Dance|p2a: Rillaboom\n|-boost|p2a: Rillaboom|atk|2\n|\n|-heal|p2a: Rillaboom|100\/100|[from] Grassy Terrain\n|upkeep\n|turn|23\n|\n|t:|1655388319\n|move|p2a: Rillaboom|Superpower|p1a: Corviknight\n|-damage|p1a: Corviknight|23\/100\n|-unboost|p2a: Rillaboom|atk|1\n|-unboost|p2a: Rillaboom|def|1\n|-damage|p2a: Rillaboom|91\/100|[from] item: Life Orb\n|move|p1a: Corviknight|Iron Defense|p1a: Corviknight\n|-boost|p1a: Corviknight|def|2\n|\n|-heal|p2a: Rillaboom|97\/100|[from] Grassy Terrain\n|upkeep\n|turn|24\n|\n|t:|1655388323\n|move|p2a: Rillaboom|Superpower|p1a: Corviknight\n|-damage|p1a: Corviknight|0 fnt\n|-unboost|p2a: Rillaboom|atk|1\n|-unboost|p2a: Rillaboom|def|1\n|faint|p1a: Corviknight\n|-damage|p2a: Rillaboom|87\/100|[from] item: Life Orb\n|\n|-heal|p2a: Rillaboom|93\/100|[from] Grassy Terrain\n|upkeep\n|\n|t:|1655388326\n|switch|p1a: Toxapex|Toxapex, M, shiny|100\/100\n|turn|25\n|l| Amy2603\n|\n|t:|1655388329\n|switch|p2a: ptero|Aerodactyl, F|100\/100\n|-ability|p2a: ptero|Pressure\n|move|p1a: Toxapex|Poison Jab|p2a: ptero\n|-resisted|p2a: ptero\n|-damage|p2a: ptero|89\/100\n|-status|p2a: ptero|psn\n|\n|-damage|p2a: ptero|77\/100 psn|[from] psn\n|-fieldend|move: Grassy Terrain\n|upkeep\n|turn|26\n|\n|t:|1655388332\n|move|p2a: ptero|Rock Tomb|p1a: Toxapex\n|-damage|p1a: Toxapex|87\/100\n|-unboost|p1a: Toxapex|spe|1\n|move|p1a: Toxapex|Scald|p2a: ptero\n|-supereffective|p2a: ptero\n|-damage|p2a: ptero|28\/100 psn\n|\n|-damage|p2a: ptero|16\/100 psn|[from] psn\n|upkeep\n|turn|27\n|\n|t:|1655388335\n|move|p2a: ptero|Stealth Rock|p1a: Toxapex\n|-sidestart|p1: cump9|move: Stealth Rock\n|move|p1a: Toxapex|Recover|p1a: Toxapex\n|-heal|p1a: Toxapex|100\/100\n|\n|-damage|p2a: ptero|4\/100 psn|[from] psn\n|upkeep\n|turn|28\n|\n|t:|1655388341\n|move|p2a: ptero|Taunt|p1a: Toxapex\n|-start|p1a: Toxapex|move: Taunt\n|cant|p1a: Toxapex|move: Taunt|Recover\n|\n|-damage|p2a: ptero|0 fnt|[from] psn\n|faint|p2a: ptero\n|upkeep\n|\n|t:|1655388359\n|switch|p2a: ?|Charizard-Mega-X, F|100\/100\n|turn|29\n|\n|t:|1655388362\n|switch|p1a: Quagsire|Quagsire, M, shiny|100\/100\n|-damage|p1a: Quagsire|94\/100|[from] Stealth Rock\n|move|p2a: ?|Dragon Dance|p2a: ?\n|-boost|p2a: ?|atk|1\n|-boost|p2a: ?|spe|1\n|\n|-heal|p1a: Quagsire|100\/100|[from] item: Leftovers\n|upkeep\n|turn|30\n|\n|t:|1655388388\n|switch|p2a: Volcarona|Volcarona, F|70\/100 tox\n|move|p1a: Quagsire|Toxic|p2a: Volcarona\n|-fail|p2a: Volcarona|tox\n|\n|-damage|p2a: Volcarona|64\/100 tox|[from] psn\n|upkeep\n|turn|31\n|\n|t:|1655388392\n|move|p2a: Volcarona|Psychic|p1a: Quagsire\n|-damage|p1a: Quagsire|63\/100\n|move|p1a: Quagsire|Toxic|p2a: Volcarona\n|-fail|p2a: Volcarona|tox\n|\n|-heal|p1a: Quagsire|69\/100|[from] item: Leftovers\n|-damage|p2a: Volcarona|52\/100 tox|[from] psn\n|upkeep\n|turn|32\n|j| Amy2603\n|\n|t:|1655388397\n|switch|p1a: Toxapex|Toxapex, M, shiny|100\/100\n|-damage|p1a: Toxapex|88\/100|[from] Stealth Rock\n|-zpower|p2a: Volcarona\n|move|p2a: Volcarona|Shattered Psyche|p1a: Toxapex|[zeffect]\n|-supereffective|p1a: Toxapex\n|-damage|p1a: Toxapex|0 fnt\n|faint|p1a: Toxapex\n|\n|-damage|p2a: Volcarona|33\/100 tox|[from] psn\n|upkeep\n|\n|t:|1655388406\n|switch|p1a: Clefable|Clefable, F|100\/100\n|turn|33\n|\n|t:|1655388410\n|move|p2a: Volcarona|Flamethrower|p1a: Clefable\n|-damage|p1a: Clefable|69\/100\n|move|p1a: Clefable|Calm Mind|p1a: Clefable\n|-boost|p1a: Clefable|spa|1\n|-boost|p1a: Clefable|spd|1\n|\n|-damage|p2a: Volcarona|9\/100 tox|[from] psn\n|upkeep\n|turn|34\n|l| EN VEE KAYYYY\n|\n|t:|1655388415\n|move|p2a: Volcarona|Flamethrower|p1a: Clefable\n|-damage|p1a: Clefable|46\/100\n|move|p1a: Clefable|Soft-Boiled|p1a: Clefable\n|-heal|p1a: Clefable|96\/100\n|\n|-damage|p2a: Volcarona|0 fnt|[from] psn\n|faint|p2a: Volcarona\n|upkeep\n|\n|t:|1655388417\n|switch|p2a: ?|Charizard-Mega-X, F|100\/100\n|turn|35\n|\n|t:|1655388423\n|switch|p1a: Quagsire|Quagsire, M, shiny|69\/100\n|-damage|p1a: Quagsire|63\/100|[from] Stealth Rock\n|move|p2a: ?|Flare Blitz|p1a: Quagsire\n|-resisted|p1a: Quagsire\n|-damage|p1a: Quagsire|36\/100\n|-damage|p2a: ?|90\/100|[from] Recoil\n|\n|-heal|p1a: Quagsire|42\/100|[from] item: Leftovers\n|upkeep\n|turn|36\n|\n|t:|1655388426\n|switch|p2a: Rillaboom|Rillaboom, M|93\/100\n|-fieldstart|move: Grassy Terrain|[from] ability: Grassy Surge|[of] p2a: Rillaboom\n|move|p1a: Quagsire|Recover|p1a: Quagsire\n|-heal|p1a: Quagsire|92\/100\n|\n|-heal|p2a: Rillaboom|99\/100|[from] Grassy Terrain\n|-heal|p1a: Quagsire|98\/100|[from] Grassy Terrain\n|-heal|p1a: Quagsire|100\/100|[from] item: Leftovers\n|upkeep\n|turn|37\n|\n|t:|1655388435\n|move|p2a: Rillaboom|Grassy Glide|p1a: Quagsire\n|-supereffective|p1a: Quagsire\n|-damage|p1a: Quagsire|0 fnt\n|faint|p1a: Quagsire\n|-damage|p2a: Rillaboom|89\/100|[from] item: Life Orb\n|\n|-heal|p2a: Rillaboom|95\/100|[from] Grassy Terrain\n|upkeep\n|\n|t:|1655388437\n|switch|p1a: Sableye|Sableye-Mega, M|100\/100\n|-damage|p1a: Sableye|88\/100|[from] Stealth Rock\n|turn|38\n|\n|t:|1655388440\n|switch|p2a: ?|Charizard-Mega-X, F|90\/100\n|switch|p1a: Chansey|Chansey, F|100\/100\n|-damage|p1a: Chansey|88\/100|[from] Stealth Rock\n|\n|-heal|p2a: ?|96\/100|[from] Grassy Terrain\n|-heal|p1a: Chansey|94\/100|[from] Grassy Terrain\n|upkeep\n|turn|39\n|\n|t:|1655388444\n|move|p2a: ?|Dragon Dance|p2a: ?\n|-boost|p2a: ?|atk|1\n|-boost|p2a: ?|spe|1\n|move|p1a: Chansey|Toxic|p2a: ?\n|-status|p2a: ?|tox\n|\n|-heal|p2a: ?|100\/100 tox|[from] Grassy Terrain\n|-heal|p1a: Chansey|100\/100|[from] Grassy Terrain\n|-damage|p2a: ?|94\/100 tox|[from] psn\n|upkeep\n|turn|40\n|\n|t:|1655388447\n|switch|p1a: Clefable|Clefable, F|96\/100\n|move|p2a: ?|Flare Blitz|p1a: Clefable\n|-damage|p1a: Clefable|0 fnt\n|faint|p1a: Clefable\n|-damage|p2a: ?|59\/100 tox|[from] Recoil\n|\n|-heal|p2a: ?|65\/100 tox|[from] Grassy Terrain\n|-damage|p2a: ?|53\/100 tox|[from] psn\n|-fieldend|move: Grassy Terrain\n|upkeep\n|\n|t:|1655388451\n|switch|p1a: Sableye|Sableye-Mega, M|88\/100\n|-damage|p1a: Sableye|76\/100|[from] Stealth Rock\n|turn|41\n|\n|t:|1655388453\n|move|p1a: Sableye|Protect|p1a: Sableye\n|-singleturn|p1a: Sableye|Protect\n|move|p2a: ?|Roost|p2a: ?\n|-heal|p2a: ?|100\/100 tox\n|-singleturn|p2a: ?|move: Roost\n|\n|-damage|p2a: ?|82\/100 tox|[from] psn\n|upkeep\n|turn|42\n|\n|t:|1655388457\n|move|p2a: ?|Dragon Claw|p1a: Sableye\n|-damage|p1a: Sableye|7\/100\n|move|p1a: Sableye|Recover|p1a: Sableye\n|-heal|p1a: Sableye|57\/100\n|\n|-damage|p2a: ?|58\/100 tox|[from] psn\n|upkeep\n|turn|43\n|\n|t:|1655388461\n|move|p1a: Sableye|Protect|p1a: Sableye\n|-singleturn|p1a: Sableye|Protect\n|move|p2a: ?|Roost|p2a: ?\n|-heal|p2a: ?|100\/100 tox\n|-singleturn|p2a: ?|move: Roost\n|\n|-damage|p2a: ?|70\/100 tox|[from] psn\n|upkeep\n|turn|44\n|\n|t:|1655388466\n|switch|p1a: Chansey|Chansey, F|100\/100\n|-damage|p1a: Chansey|88\/100|[from] Stealth Rock\n|move|p2a: ?|Flare Blitz|p1a: Chansey\n|-damage|p1a: Chansey|10\/100\n|-status|p1a: Chansey|brn\n|-damage|p2a: ?|18\/100 tox|[from] Recoil\n|\n|-damage|p2a: ?|0 fnt|[from] psn\n|faint|p2a: ?\n|-damage|p1a: Chansey|4\/100 brn|[from] brn\n|upkeep\n|\n|t:|1655388468\n|switch|p2a: Rillaboom|Rillaboom, M|95\/100\n|-fieldstart|move: Grassy Terrain|[from] ability: Grassy Surge|[of] p2a: Rillaboom\n|turn|45\n|c|\u2606cump9|gg\n|c|\u2606NDLT3RQLSigmaDuck|You choked\n|c|\u2606NDLT3RQLSigmaDuck|ggs\n|\n|t:|1655388486\n|move|p2a: Rillaboom|Knock Off|p1a: Chansey\n|-damage|p1a: Chansey|0 fnt\n|-enditem|p1a: Chansey|Eviolite|[from] move: Knock Off|[of] p2a: Rillaboom\n|faint|p1a: Chansey\n|-damage|p2a: Rillaboom|85\/100|[from] item: Life Orb\n|\n|-heal|p2a: Rillaboom|91\/100|[from] Grassy Terrain\n|upkeep\n|c|\u2606cump9|i really did\n|c|\u2606cump9|wp tho\n|-message|cump9 forfeited.\n|\n|win|NDLT3RQLSigmaDuck\n|raw|cump9's rating: 1604 &rarr; <strong>1588<\/strong><br \/>(-16 for losing)\n|raw|NDLT3RQLSigmaDuck's rating: 1674 &rarr; <strong>1690<\/strong><br \/>(+16 for winning)\n|l|\u2606cump9\n|l| Amy2603\n||Ladder isn't responding, score probably updated but might not have (Request timeout).\n","uploadtime":1655388510,"views":4,"p1id":"cump9","p2id":"ndlt3rqlsigmaduck","formatid":"gen8nationaldex","rating":1588,"private":0,"password":null}