{"id":"gen8ubers-1612993339","p1":"rooopos","p2":"Whyger72","format":"gen8ubers","log":"|html|<div class=\"broadcast-blue\"><strong>[Gen 8] Ubers is currently suspecting Calyrex-Shadow! For information on how to participate check out the <a href=\"https:\/\/www.smogon.com\/forums\/threads\/np-ss-ubers-stage-8-ridin-dirty-calyrex-shadow-suspect-test.3704200\/\">suspect thread<\/a>.<\/strong><\/div>\n|j|\u2606rooopos\n|j|\u2606Whyger72\n|t:|1657292642\n|gametype|singles\n|player|p1|rooopos|102|\n|player|p2|Whyger72|red|\n|teamsize|p1|6\n|teamsize|p2|6\n|gen|8\n|tier|[Gen 8] Ubers\n|rule|Sleep Clause Mod: Limit one foe put to sleep\n|rule|Species Clause: Limit one of each Pok\u00e9mon\n|rule|OHKO Clause: OHKO moves are banned\n|rule|Evasion Moves Clause: Evasion moves are banned\n|rule|Endless Battle Clause: Forcing endless battles is banned\n|rule|HP Percentage Mod: HP is shown in percentages\n|rule|Dynamax Clause: You cannot dynamax\n|clearpoke\n|poke|p1|Dragapult, F|\n|poke|p1|Weavile, M|\n|poke|p1|Landorus-Therian, M|\n|poke|p1|Ferrothorn, M|\n|poke|p1|Volcanion|\n|poke|p1|Tapu Koko|\n|poke|p2|Toxapex, M|\n|poke|p2|Tapu Fini|\n|poke|p2|Pelipper, F|\n|poke|p2|Swampert, M|\n|poke|p2|Barraskewda, M|\n|poke|p2|Urshifu-*, M|\n|teampreview\n|j| Destinum\n|j| Teleport man\n|c|\u2606rooopos|hf\n|\n|t:|1657292702\n|start\n|switch|p1a: Tapu Koko|Tapu Koko|100\/100\n|switch|p2a: Rapid Fire Missles|Urshifu-Rapid-Strike, M|100\/100\n|-fieldstart|move: Electric Terrain|[from] ability: Electric Surge|[of] p1a: Tapu Koko\n|turn|1\n|\n|t:|1657292743\n|move|p2a: Rapid Fire Missles|U-turn|p1a: Tapu Koko\n|-resisted|p1a: Tapu Koko\n|-damage|p1a: Tapu Koko|80\/100\n|\n|t:|1657292746\n|switch|p2a: Just swampert ig|Swampert, M, shiny|100\/100|[from]move: U-turn\n|move|p1a: Tapu Koko|Dazzling Gleam|p2a: Just swampert ig\n|-damage|p2a: Just swampert ig|78\/100\n|\n|upkeep\n|turn|2\n|\n|t:|1657292760\n|switch|p1a: Ferrothorn|Ferrothorn, M|100\/100\n|move|p2a: Just swampert ig|Flip Turn|p1a: Ferrothorn\n|-resisted|p1a: Ferrothorn\n|-damage|p1a: Ferrothorn|94\/100\n|-damage|p2a: Just swampert ig|66\/100|[from] ability: Iron Barbs|[of] p1a: Ferrothorn\n|\n|t:|1657292765\n|switch|p2a: *battle advantage*|Pelipper, F, shiny|100\/100|[from]move: Flip Turn\n|-weather|RainDance|[from] ability: Drizzle|[of] p2a: *battle advantage*\n|\n|-weather|RainDance|[upkeep]\n|-heal|p1a: Ferrothorn|99\/100|[from] item: Leftovers\n|upkeep\n|turn|3\n|\n|t:|1657292827\n|move|p2a: *battle advantage*|U-turn|p1a: Ferrothorn\n|-damage|p1a: Ferrothorn|95\/100\n|-damage|p2a: *battle advantage*|88\/100|[from] ability: Iron Barbs|[of] p1a: Ferrothorn\n|\n|t:|1657292831\n|switch|p2a: Just swampert ig|Swampert, M, shiny|66\/100|[from]move: U-turn\n|move|p1a: Ferrothorn|Spikes|p2a: Just swampert ig\n|-sidestart|p2: Whyger72|Spikes\n|\n|-weather|RainDance|[upkeep]\n|-heal|p1a: Ferrothorn|100\/100|[from] item: Leftovers\n|upkeep\n|turn|4\n|\n|t:|1657292849\n|move|p2a: Just swampert ig|Earthquake|p1a: Ferrothorn\n|-damage|p1a: Ferrothorn|78\/100\n|move|p1a: Ferrothorn|Power Whip|p2a: Just swampert ig\n|-supereffective|p2a: Just swampert ig\n|-enditem|p2a: Just swampert ig|Rindo Berry|[eat]\n|-enditem|p2a: Just swampert ig|Rindo Berry|[weaken]\n|-damage|p2a: Just swampert ig|0 fnt\n|faint|p2a: Just swampert ig\n|\n|-weather|RainDance|[upkeep]\n|-heal|p1a: Ferrothorn|85\/100|[from] item: Leftovers\n|upkeep\n|c| Teleport man|Big damage\n|\n|t:|1657292887\n|switch|p2a: Rapid Fire Missles|Urshifu-Rapid-Strike, M|100\/100\n|-damage|p2a: Rapid Fire Missles|88\/100|[from] Spikes\n|turn|5\n|\n|t:|1657292903\n|switch|p1a: Weavile|Weavile, M|100\/100\n|-ability|p1a: Weavile|Pressure\n|move|p2a: Rapid Fire Missles|Close Combat|p1a: Weavile\n|-supereffective|p1a: Weavile\n|-damage|p1a: Weavile|0 fnt\n|-unboost|p2a: Rapid Fire Missles|def|1\n|-unboost|p2a: Rapid Fire Missles|spd|1\n|faint|p1a: Weavile\n|\n|-weather|RainDance|[upkeep]\n|-fieldend|move: Electric Terrain\n|upkeep\n|c| Teleport man|Can swampert ever survive with the berry\n|\n|t:|1657292907\n|switch|p1a: Tapu Koko|Tapu Koko|80\/100\n|-fieldstart|move: Electric Terrain|[from] ability: Electric Surge|[of] p1a: Tapu Koko\n|turn|6\n|\n|t:|1657292988\n|move|p2a: Rapid Fire Missles|Close Combat|p1a: Tapu Koko\n|-resisted|p1a: Tapu Koko\n|-damage|p1a: Tapu Koko|34\/100\n|-unboost|p2a: Rapid Fire Missles|def|1\n|-unboost|p2a: Rapid Fire Missles|spd|1\n|move|p1a: Tapu Koko|Roost|p1a: Tapu Koko\n|-heal|p1a: Tapu Koko|84\/100\n|-singleturn|p1a: Tapu Koko|move: Roost\n|\n|-weather|none\n|upkeep\n|turn|7\n|\n|t:|1657292996\n|switch|p2a: *battle advantage*|Pelipper, F, shiny|88\/100\n|-weather|RainDance|[from] ability: Drizzle|[of] p2a: *battle advantage*\n|move|p1a: Tapu Koko|Thunderbolt|p2a: *battle advantage*\n|-supereffective|p2a: *battle advantage*\n|-damage|p2a: *battle advantage*|0 fnt\n|faint|p2a: *battle advantage*\n|\n|-weather|RainDance|[upkeep]\n|upkeep\n|\n|t:|1657292999\n|switch|p2a: Omega Missle|Barraskewda, M, shiny|100\/100\n|-damage|p2a: Omega Missle|88\/100|[from] Spikes\n|turn|8\n|\n|t:|1657293012\n|switch|p1a: Landorus|Landorus-Therian, M|100\/100\n|-ability|p1a: Landorus|Intimidate|boost\n|-unboost|p2a: Omega Missle|atk|1\n|move|p2a: Omega Missle|Liquidation|p1a: Landorus\n|-supereffective|p1a: Landorus\n|-damage|p1a: Landorus|0 fnt\n|faint|p1a: Landorus\n|\n|-weather|RainDance|[upkeep]\n|upkeep\n|\n|t:|1657293015\n|switch|p1a: Volcanion|Volcanion|100\/100\n|turn|9\n|\n|t:|1657293030\n|switch|p2a: Landmine... kinda|Tapu Fini, shiny|100\/100\n|-damage|p2a: Landmine... kinda|88\/100|[from] Spikes\n|-fieldstart|move: Misty Terrain|[from] ability: Misty Surge|[of] p2a: Landmine... kinda\n|move|p1a: Volcanion|Earth Power|p2a: Landmine... kinda\n|-damage|p2a: Landmine... kinda|70\/100\n|\n|-weather|RainDance|[upkeep]\n|-heal|p2a: Landmine... kinda|76\/100|[from] item: Leftovers\n|upkeep\n|turn|10\n|\n|t:|1657293040\n|move|p1a: Volcanion|Sludge Wave|p2a: Landmine... kinda\n|-supereffective|p2a: Landmine... kinda\n|-damage|p2a: Landmine... kinda|35\/100\n|move|p2a: Landmine... kinda|Nature's Madness|p1a: Volcanion\n|-damage|p1a: Volcanion|51\/100\n|\n|-weather|RainDance|[upkeep]\n|-heal|p2a: Landmine... kinda|41\/100|[from] item: Leftovers\n|upkeep\n|turn|11\n|\n|t:|1657293057\n|switch|p2a: MODEL 3000X TANK|Toxapex, M, shiny|100\/100\n|-damage|p2a: MODEL 3000X TANK|88\/100|[from] Spikes\n|move|p1a: Volcanion|Sludge Wave|p2a: MODEL 3000X TANK\n|-resisted|p2a: MODEL 3000X TANK\n|-damage|p2a: MODEL 3000X TANK|74\/100\n|\n|-weather|none\n|-heal|p2a: MODEL 3000X TANK|80\/100|[from] item: Black Sludge\n|upkeep\n|turn|12\n|\n|t:|1657293065\n|move|p1a: Volcanion|Earth Power|p2a: MODEL 3000X TANK\n|-supereffective|p2a: MODEL 3000X TANK\n|-damage|p2a: MODEL 3000X TANK|31\/100\n|move|p2a: MODEL 3000X TANK|Knock Off|p1a: Volcanion\n|-crit|p1a: Volcanion\n|-damage|p1a: Volcanion|28\/100\n|-enditem|p1a: Volcanion|Heavy-Duty Boots|[from] move: Knock Off|[of] p2a: MODEL 3000X TANK\n|\n|-heal|p2a: MODEL 3000X TANK|37\/100|[from] item: Black Sludge\n|upkeep\n|turn|13\n|\n|t:|1657293074\n|switch|p2a: Landmine... kinda|Tapu Fini, shiny|41\/100\n|-damage|p2a: Landmine... kinda|28\/100|[from] Spikes\n|move|p1a: Volcanion|Earth Power|p2a: Landmine... kinda\n|-damage|p2a: Landmine... kinda|10\/100\n|-unboost|p2a: Landmine... kinda|spd|1\n|\n|-heal|p2a: Landmine... kinda|16\/100|[from] item: Leftovers\n|-fieldend|Misty Terrain\n|upkeep\n|turn|14\n|\n|t:|1657293100\n|switch|p2a: Rapid Fire Missles|Urshifu-Rapid-Strike, M|88\/100\n|-damage|p2a: Rapid Fire Missles|76\/100|[from] Spikes\n|move|p1a: Volcanion|Earth Power|p2a: Rapid Fire Missles\n|-damage|p2a: Rapid Fire Missles|28\/100\n|\n|upkeep\n|turn|15\n|\n|t:|1657293114\n|switch|p1a: Dragapult|Dragapult, F|100\/100\n|move|p2a: Rapid Fire Missles|Thunder Punch|p1a: Dragapult\n|-resisted|p1a: Dragapult\n|-damage|p1a: Dragapult|82\/100\n|\n|upkeep\n|turn|16\n|\n|t:|1657293123\n|switch|p2a: Landmine... kinda|Tapu Fini, shiny|16\/100\n|-damage|p2a: Landmine... kinda|3\/100|[from] Spikes\n|-fieldstart|move: Misty Terrain|[from] ability: Misty Surge|[of] p2a: Landmine... kinda\n|move|p1a: Dragapult|U-turn|p2a: Landmine... kinda\n|-resisted|p2a: Landmine... kinda\n|-damage|p2a: Landmine... kinda|0 fnt\n|faint|p2a: Landmine... kinda\n|\n|t:|1657293129\n|switch|p1a: Tapu Koko|Tapu Koko|84\/100|[from]move: U-turn\n|-fieldstart|move: Electric Terrain|[from] ability: Electric Surge|[of] p1a: Tapu Koko\n|\n|upkeep\n|\n|t:|1657293141\n|switch|p2a: Rapid Fire Missles|Urshifu-Rapid-Strike, M|28\/100\n|-damage|p2a: Rapid Fire Missles|16\/100|[from] Spikes\n|turn|17\n|\n|t:|1657293152\n|switch|p1a: Volcanion|Volcanion|28\/100\n|move|p2a: Rapid Fire Missles|U-turn|p1a: Volcanion\n|-resisted|p1a: Volcanion\n|-damage|p1a: Volcanion|15\/100\n|\n|t:|1657293166\n|switch|p2a: MODEL 3000X TANK|Toxapex, M, shiny|71\/100|[from]move: U-turn\n|-damage|p2a: MODEL 3000X TANK|58\/100|[from] Spikes\n|\n|-heal|p2a: MODEL 3000X TANK|64\/100|[from] item: Black Sludge\n|upkeep\n|turn|18\n|\n|t:|1657293170\n|move|p1a: Volcanion|Earth Power|p2a: MODEL 3000X TANK\n|-supereffective|p2a: MODEL 3000X TANK\n|-damage|p2a: MODEL 3000X TANK|12\/100\n|move|p2a: MODEL 3000X TANK|Toxic Spikes|p1a: Volcanion\n|-sidestart|p1: rooopos|move: Toxic Spikes\n|\n|-heal|p2a: MODEL 3000X TANK|18\/100|[from] item: Black Sludge\n|upkeep\n|turn|19\n|\n|t:|1657293206\n|switch|p2a: Omega Missle|Barraskewda, M, shiny|88\/100\n|-damage|p2a: Omega Missle|76\/100|[from] Spikes\n|move|p1a: Volcanion|Earth Power|p2a: Omega Missle\n|-damage|p2a: Omega Missle|8\/100\n|-unboost|p2a: Omega Missle|spd|1\n|\n|upkeep\n|turn|20\n|c| Teleport man|That spike went a long way\n|\n|t:|1657293224\n|move|p2a: Omega Missle|Close Combat|p1a: Volcanion\n|-damage|p1a: Volcanion|0 fnt\n|-unboost|p2a: Omega Missle|def|1\n|-unboost|p2a: Omega Missle|spd|1\n|faint|p1a: Volcanion\n|\n|-fieldend|move: Electric Terrain\n|upkeep\n|\n|t:|1657293228\n|switch|p1a: Dragapult|Dragapult, F|82\/100\n|-status|p1a: Dragapult|psn\n|turn|21\n|\n|t:|1657293237\n|move|p1a: Dragapult|Dragon Darts|p2a: Omega Missle\n|-damage|p2a: Omega Missle|0 fnt\n|faint|p2a: Omega Missle\n|\n|-damage|p1a: Dragapult|69\/100 psn|[from] psn\n|upkeep\n|\n|t:|1657293240\n|switch|p2a: MODEL 3000X TANK|Toxapex, M, shiny|51\/100\n|-damage|p2a: MODEL 3000X TANK|39\/100|[from] Spikes\n|turn|22\n|\n|t:|1657293245\n|move|p1a: Dragapult|Dragon Darts|p2a: MODEL 3000X TANK\n|-damage|p2a: MODEL 3000X TANK|16\/100\n|-anim|p1a: Dragapult|Dragon Darts|p2a: MODEL 3000X TANK\n|-damage|p2a: MODEL 3000X TANK|0 fnt\n|faint|p2a: MODEL 3000X TANK\n|\n|-damage|p1a: Dragapult|57\/100 psn|[from] psn\n|upkeep\n|\n|t:|1657293252\n|switch|p2a: Rapid Fire Missles|Urshifu-Rapid-Strike, M|16\/100\n|-damage|p2a: Rapid Fire Missles|4\/100|[from] Spikes\n|turn|23\n|\n|t:|1657293260\n|move|p2a: Rapid Fire Missles|Surging Strikes|p1a: Dragapult\n|-resisted|p1a: Dragapult\n|-crit|p1a: Dragapult\n|-damage|p1a: Dragapult|41\/100 psn\n|-resisted|p1a: Dragapult\n|-crit|p1a: Dragapult\n|-damage|p1a: Dragapult|27\/100 psn\n|-resisted|p1a: Dragapult\n|-crit|p1a: Dragapult\n|-damage|p1a: Dragapult|11\/100 psn\n|-hitcount|p1a: Dragapult|3\n|move|p1a: Dragapult|Dragon Darts|p2a: Rapid Fire Missles\n|-damage|p2a: Rapid Fire Missles|0 fnt\n|faint|p2a: Rapid Fire Missles\n|\n|win|rooopos\n|c|\u2606rooopos|gg\n|c|\u2606Whyger72|gg\n|c| Teleport man|Noice game\n|l| Teleport man\n","uploadtime":1657293271,"views":20,"p1id":"rooopos","p2id":"whyger72","formatid":"gen8ubers","rating":0,"private":0,"password":null}