{"id":"gen8anythinggoes-1676219189","p1":"yokobaby","p2":"Aglt5gc time","format":"gen8anythinggoes","log":"|raw|<div class=\"broadcast-blue\"><strong>This battle is required to be public due to a player having a name starting with 'aglt5gc'.<\/div>\n|j|\u2606yokobaby\n|j|\u2606Aglt5gc time\n|t:|1664764383\n|gametype|singles\n|player|p1|yokobaby|cynthia-masters|1806\n|player|p2|Aglt5gc time|101|1874\n|teamsize|p1|6\n|teamsize|p2|6\n|gen|8\n|tier|[Gen 8] Anything Goes\n|rated|\n|rule|HP Percentage Mod: HP is shown in percentages\n|rule|Endless Battle Clause: Forcing endless battles is banned\n|clearpoke\n|poke|p1|Kyogre|\n|poke|p1|Ditto|\n|poke|p1|Eternatus|\n|poke|p1|Zacian-*|\n|poke|p1|Yveltal|\n|poke|p1|Necrozma-Dusk-Mane|\n|poke|p2|Excadrill, F|\n|poke|p2|Necrozma-Dusk-Mane|\n|poke|p2|Yveltal|\n|poke|p2|Xerneas-*|\n|poke|p2|Calyrex-Shadow|\n|poke|p2|Kyogre|\n|teampreview\n|inactive|Battle timer is ON: inactive players will automatically lose when time's up. (requested by Aglt5gc time)\n|\n|t:|1664764389\n|start\n|switch|p1a: Kyogre|Kyogre|100\/100\n|switch|p2a: Excadrill|Excadrill, F|100\/100\n|-ability|p2a: Excadrill|Mold Breaker\n|-weather|RainDance|[from] ability: Drizzle|[of] p1a: Kyogre\n|turn|1\n|\n|t:|1664764406\n|move|p2a: Excadrill|Stealth Rock|p1a: Kyogre\n|-sidestart|p1: yokobaby|move: Stealth Rock\n|move|p1a: Kyogre|Scald|p2a: Excadrill\n|-supereffective|p2a: Excadrill\n|-enditem|p2a: Excadrill|Focus Sash\n|-damage|p2a: Excadrill|1\/100\n|-status|p2a: Excadrill|brn\n|\n|-weather|RainDance|[upkeep]\n|-damage|p2a: Excadrill|0 fnt|[from] brn\n|faint|p2a: Excadrill\n|upkeep\n|\n|t:|1664764412\n|switch|p2a: Xerneas|Xerneas|100\/100\n|-ability|p2a: Xerneas|Fairy Aura\n|turn|2\n|j| TxunT\n|\n|t:|1664764417\n|move|p2a: Xerneas|Thunder|p1a: Kyogre\n|-supereffective|p1a: Kyogre\n|-damage|p1a: Kyogre|50\/100\n|move|p1a: Kyogre|Thunder|p2a: Xerneas\n|-damage|p2a: Xerneas|71\/100\n|\n|-weather|RainDance|[upkeep]\n|-heal|p1a: Kyogre|57\/100|[from] item: Leftovers\n|upkeep\n|turn|3\n|\n|t:|1664764429\n|switch|p1a: Eternatus|Eternatus|100\/100\n|-ability|p1a: Eternatus|Pressure\n|move|p2a: Xerneas|Thunder|p1a: Eternatus\n|-resisted|p1a: Eternatus\n|-damage|p1a: Eternatus|87\/100\n|\n|-weather|RainDance|[upkeep]\n|upkeep\n|turn|4\n|\n|t:|1664764436\n|move|p1a: Eternatus|Toxic|p2a: Xerneas\n|-status|p2a: Xerneas|tox\n|move|p2a: Xerneas|Geomancy||[still]\n|-prepare|p2a: Xerneas|Geomancy\n|-enditem|p2a: Xerneas|Power Herb\n|-anim|p2a: Xerneas|Geomancy|p2a: Xerneas\n|-boost|p2a: Xerneas|spa|2\n|-boost|p2a: Xerneas|spd|2\n|-boost|p2a: Xerneas|spe|2\n|\n|-weather|RainDance|[upkeep]\n|-damage|p2a: Xerneas|65\/100 tox|[from] psn\n|upkeep\n|turn|5\n|\n|t:|1664764444\n|switch|p1a: Necrozma|Necrozma-Dusk-Mane|100\/100\n|-damage|p1a: Necrozma|94\/100|[from] Stealth Rock\n|move|p2a: Xerneas|Moonblast|p1a: Necrozma\n|-resisted|p1a: Necrozma\n|-damage|p1a: Necrozma|33\/100\n|-unboost|p1a: Necrozma|spa|1\n|\n|-weather|none\n|-damage|p2a: Xerneas|53\/100 tox|[from] psn\n|upkeep\n|turn|6\n|\n|t:|1664764449\n|move|p2a: Xerneas|Substitute|p2a: Xerneas\n|-start|p2a: Xerneas|Substitute\n|-damage|p2a: Xerneas|28\/100 tox\n|move|p1a: Necrozma|Sunsteel Strike|p2a: Xerneas\n|-supereffective|p2a: Xerneas\n|-end|p2a: Xerneas|Substitute\n|\n|-damage|p2a: Xerneas|9\/100 tox|[from] psn\n|upkeep\n|turn|7\n|\n|t:|1664764452\n|move|p2a: Xerneas|Moonblast|p1a: Necrozma\n|-resisted|p1a: Necrozma\n|-damage|p1a: Necrozma|0 fnt\n|faint|p1a: Necrozma\n|\n|-damage|p2a: Xerneas|0 fnt|[from] psn\n|faint|p2a: Xerneas\n|upkeep\n|\n|t:|1664764465\n|switch|p2a: Kyogre|Kyogre|100\/100\n|switch|p1a: Yveltal|Yveltal|100\/100\n|-weather|RainDance|[from] ability: Drizzle|[of] p2a: Kyogre\n|-ability|p1a: Yveltal|Dark Aura\n|turn|8\n|\n|t:|1664764469\n|switch|p1a: Eternatus|Eternatus|87\/100\n|-ability|p1a: Eternatus|Pressure\n|move|p2a: Kyogre|Water Spout|p1a: Eternatus\n|-resisted|p1a: Eternatus\n|-damage|p1a: Eternatus|49\/100\n|\n|-weather|RainDance|[upkeep]\n|upkeep\n|turn|9\n|\n|t:|1664764479\n|switch|p2a: Necrozma|Necrozma-Dusk-Mane|100\/100\n|move|p1a: Eternatus|Recover|p1a: Eternatus\n|-heal|p1a: Eternatus|99\/100\n|\n|-weather|RainDance|[upkeep]\n|upkeep\n|turn|10\n|\n|t:|1664764484\n|switch|p1a: Kyogre|Kyogre|57\/100\n|-damage|p1a: Kyogre|44\/100|[from] Stealth Rock\n|move|p2a: Necrozma|Dragon Dance|p2a: Necrozma\n|-boost|p2a: Necrozma|atk|1\n|-boost|p2a: Necrozma|spe|1\n|\n|-weather|RainDance|[upkeep]\n|-heal|p1a: Kyogre|50\/100|[from] item: Leftovers\n|upkeep\n|turn|11\n|\n|t:|1664764495\n|-start|p1a: Kyogre|Dynamax|\n|-heal|p1a: Kyogre|50\/100|[silent]\n|move|p2a: Necrozma|Earthquake|p1a: Kyogre\n|-damage|p1a: Kyogre|30\/100\n|move|p1a: Kyogre|Max Geyser|p2a: Necrozma\n|-crit|p2a: Necrozma\n|-damage|p2a: Necrozma|0 fnt\n|faint|p2a: Necrozma\n|\n|-weather|RainDance|[upkeep]\n|-heal|p1a: Kyogre|33\/100|[from] item: Leftovers\n|upkeep\n|\n|t:|1664764516\n|switch|p2a: Kyogre|Kyogre|100\/100\n|turn|12\n|\n|t:|1664764518\n|move|p2a: Kyogre|Thunder|p1a: Kyogre\n|-supereffective|p1a: Kyogre\n|-damage|p1a: Kyogre|5\/100\n|move|p1a: Kyogre|Max Lightning|p2a: Kyogre\n|-supereffective|p2a: Kyogre\n|-damage|p2a: Kyogre|34\/100\n|-fieldstart|move: Electric Terrain\n|\n|-weather|none\n|-heal|p1a: Kyogre|8\/100|[from] item: Leftovers\n|upkeep\n|turn|13\n|\n|t:|1664764522\n|move|p2a: Kyogre|Thunder|p1a: Kyogre\n|-supereffective|p1a: Kyogre\n|-damage|p1a: Kyogre|0 fnt\n|faint|p1a: Kyogre\n|\n|upkeep\n|\n|t:|1664764531\n|switch|p1a: Eternatus|Eternatus|99\/100\n|-ability|p1a: Eternatus|Pressure\n|turn|14\n|\n|t:|1664764537\n|move|p2a: Kyogre|Thunder|p1a: Eternatus\n|-resisted|p1a: Eternatus\n|-damage|p1a: Eternatus|82\/100\n|move|p1a: Eternatus|Dynamax Cannon|p2a: Kyogre\n|-damage|p2a: Kyogre|0 fnt\n|faint|p2a: Kyogre\n|\n|upkeep\n|\n|t:|1664764539\n|switch|p2a: Calyrex|Calyrex-Shadow|100\/100\n|-ability|p2a: Calyrex|As One\n|-ability|p2a: Calyrex|Unnerve\n|turn|15\n|\n|t:|1664764542\n|switch|p1a: Yveltal|Yveltal|100\/100\n|-ability|p1a: Yveltal|Dark Aura\n|move|p2a: Calyrex|Nasty Plot|p2a: Calyrex\n|-boost|p2a: Calyrex|spa|2\n|\n|upkeep\n|turn|16\n|\n|t:|1664764550\n|move|p2a: Calyrex|Astral Barrage|p1a: Yveltal\n|-resisted|p1a: Yveltal\n|-damage|p1a: Yveltal|57\/100\n|move|p1a: Yveltal|U-turn|p2a: Calyrex\n|-damage|p2a: Calyrex|73\/100\n|\n|t:|1664764553\n|switch|p1a: Ditto|Ditto|100\/100|[from]move: U-turn\n|-damage|p1a: Ditto|88\/100|[from] Stealth Rock\n|-transform|p1a: Ditto|p2a: Calyrex|[from] ability: Imposter\n|\n|-fieldend|move: Electric Terrain\n|upkeep\n|turn|17\n|\n|t:|1664764568\n|switch|p2a: Yveltal|Yveltal|100\/100\n|-ability|p2a: Yveltal|Dark Aura\n|move|p1a: Ditto|Astral Barrage|p2a: Yveltal\n|-resisted|p2a: Yveltal\n|-damage|p2a: Yveltal|36\/100\n|\n|upkeep\n|turn|18\n|inactive|yokobaby has 120 seconds left.\n|j| Cona Kun\n|j| p0lt\n|l|\u2606Aglt5gc time\n|inactive|Aglt5gc time disconnected and has a minute to reconnect!\n|player|p2|\n|j|\u2606Aglt5gc time\n|inactive|Aglt5gc time reconnected.\n|player|p2|Aglt5gc time|101\n|inactive|yokobaby has 90 seconds left.\n|inactive|yokobaby has 60 seconds left.\n|inactive|yokobaby has 30 seconds left.\n|\n|t:|1664764693\n|switch|p1a: Zacian|Zacian-Crowned|100\/100\n|-damage|p1a: Zacian|94\/100|[from] Stealth Rock\n|-ability|p1a: Zacian|Intrepid Sword|boost\n|-boost|p1a: Zacian|atk|1\n|-start|p2a: Yveltal|Dynamax|\n|-heal|p2a: Yveltal|36\/100|[silent]\n|move|p2a: Yveltal|Max Airstream|p1a: Zacian\n|-resisted|p1a: Zacian\n|-damage|p1a: Zacian|51\/100\n|-boost|p2a: Yveltal|spe|1\n|-damage|p2a: Yveltal|31\/100|[from] item: Life Orb\n|\n|upkeep\n|turn|19\n|\n|t:|1664764705\n|switch|p1a: Eternatus|Eternatus|82\/100\n|-ability|p1a: Eternatus|Pressure\n|move|p2a: Yveltal|Max Flare|p1a: Eternatus\n|-resisted|p1a: Eternatus\n|-damage|p1a: Eternatus|61\/100\n|-weather|SunnyDay\n|-damage|p2a: Yveltal|26\/100|[from] item: Life Orb\n|\n|-weather|SunnyDay|[upkeep]\n|upkeep\n|turn|20\n|\n|t:|1664764711\n|move|p2a: Yveltal|Max Darkness|p1a: Eternatus\n|-damage|p1a: Eternatus|0 fnt\n|faint|p1a: Eternatus\n|-damage|p2a: Yveltal|21\/100|[from] item: Life Orb\n|\n|-weather|SunnyDay|[upkeep]\n|upkeep\n|\n|t:|1664764713\n|switch|p1a: Ditto|Ditto|88\/100\n|-damage|p1a: Ditto|76\/100|[from] Stealth Rock\n|-transform|p1a: Ditto|p2a: Yveltal|[from] ability: Imposter\n|-ability|p1a: Ditto|Dark Aura\n|-end|p2a: Yveltal|Dynamax\n|-heal|p2a: Yveltal|21\/100|[silent]\n|turn|21\n|\n|t:|1664764716\n|move|p1a: Ditto|Oblivion Wing|p2a: Yveltal\n|-damage|p2a: Yveltal|0 fnt\n|-heal|p1a: Ditto|96\/100|[from] drain|[of] p2a: Yveltal\n|faint|p2a: Yveltal\n|\n|-weather|SunnyDay|[upkeep]\n|upkeep\n|-message|Aglt5gc time forfeited.\n|\n|win|yokobaby\n|raw|yokobaby's rating: 1806 &rarr; <strong>1830<\/strong><br \/>(+24 for winning)\n|raw|Aglt5gc time's rating: 1874 &rarr; <strong>1850<\/strong><br \/>(-24 for losing)\n|l|\u2606Aglt5gc time\n|l|\u2606yokobaby\n|l| p0lt\n||Ladder isn't responding, score probably updated but might not have (Request timeout).\n","uploadtime":1664764979,"views":6,"p1id":"yokobaby","p2id":"aglt5gctime","formatid":"gen8anythinggoes","rating":1830,"private":0,"password":null}