{"id":"gen8ou-1520229464","p1":"Stunfisk2169","p2":"Igotthegat","format":"gen8ou","log":"|j|\u2606Stunfisk2169\n|j|\u2606Igotthegat\n|t:|1646020826\n|gametype|singles\n|player|p1|Stunfisk2169|pokekid|1329\n|player|p2|Igotthegat|hilda|1385\n|teamsize|p1|6\n|teamsize|p2|6\n|gen|8\n|tier|[Gen 8] OU\n|rated|\n|rule|Sleep Clause Mod: Limit one foe put to sleep\n|rule|Species Clause: Limit one of each Pok\u00e9mon\n|rule|OHKO Clause: OHKO moves are banned\n|rule|Evasion Moves Clause: Evasion moves are banned\n|rule|Endless Battle Clause: Forcing endless battles is banned\n|rule|HP Percentage Mod: HP is shown in percentages\n|rule|Dynamax Clause: You cannot dynamax\n|clearpoke\n|poke|p1|Ribombee, F|\n|poke|p1|Victini|\n|poke|p1|Regieleki|\n|poke|p1|Landorus-Therian, M|\n|poke|p1|Dragonite, F|\n|poke|p1|Toxapex, M|\n|poke|p2|Landorus-Therian, M|\n|poke|p2|Slowking, F|\n|poke|p2|Volcarona, F|\n|poke|p2|Weavile, F|\n|poke|p2|Kartana|\n|poke|p2|Rotom-Wash|\n|teampreview\n|inactive|Battle timer is ON: inactive players will automatically lose when time's up. (requested by Stunfisk2169)\n|\n|t:|1646020832\n|start\n|switch|p1a: Taylor Swift|Ribombee, F, shiny|100\/100\n|switch|p2a: Rotom|Rotom-Wash|100\/100\n|turn|1\n|\n|t:|1646020843\n|move|p1a: Taylor Swift|U-turn|p2a: Rotom\n|-damage|p2a: Rotom|86\/100\n|\n|t:|1646020854\n|switch|p1a: Regieleki|Regieleki|100\/100|[from]move: U-turn\n|move|p2a: Rotom|Volt Switch|p1a: Regieleki\n|-resisted|p1a: Regieleki\n|-damage|p1a: Regieleki|73\/100\n|\n|t:|1646020862\n|switch|p2a: Landorus|Landorus-Therian, M|100\/100|[from]move: Volt Switch\n|-ability|p2a: Landorus|Intimidate|boost\n|-unboost|p1a: Regieleki|atk|1\n|\n|upkeep\n|turn|2\n|\n|t:|1646020870\n|switch|p1a: Landorus|Landorus-Therian, M|100\/100\n|-ability|p1a: Landorus|Intimidate|boost\n|-unboost|p2a: Landorus|atk|1\n|move|p2a: Landorus|U-turn|p1a: Landorus\n|-resisted|p1a: Landorus\n|-damage|p1a: Landorus|93\/100\n|\n|t:|1646020877\n|switch|p2a: Weavile|Weavile, F, shiny|100\/100|[from]move: U-turn\n|-ability|p2a: Weavile|Pressure\n|\n|-heal|p1a: Landorus|99\/100|[from] item: Leftovers\n|upkeep\n|turn|3\n|\n|t:|1646020885\n|switch|p1a: Taylor Swift|Ribombee, F, shiny|100\/100\n|move|p2a: Weavile|Knock Off|p1a: Taylor Swift\n|-resisted|p1a: Taylor Swift\n|-damage|p1a: Taylor Swift|56\/100\n|-enditem|p1a: Taylor Swift|Choice Scarf|[from] move: Knock Off|[of] p2a: Weavile\n|\n|upkeep\n|turn|4\n|\n|t:|1646020892\n|move|p2a: Weavile|Triple Axel|p1a: Taylor Swift\n|-damage|p1a: Taylor Swift|38\/100\n|-damage|p1a: Taylor Swift|0 fnt\n|faint|p1a: Taylor Swift\n|-hitcount|p1: Taylor Swift|2\n|\n|upkeep\n|\n|t:|1646020897\n|switch|p1a: Toxapex|Toxapex, M|100\/100\n|turn|5\n|\n|t:|1646020902\n|switch|p2a: Slowking|Slowking, F|100\/100\n|move|p1a: Toxapex|Toxic Spikes|p2a: Slowking\n|-sidestart|p2: Igotthegat|move: Toxic Spikes\n|\n|upkeep\n|turn|6\n|\n|t:|1646020908\n|move|p1a: Toxapex|Knock Off|p2a: Slowking\n|-supereffective|p2a: Slowking\n|-damage|p2a: Slowking|80\/100\n|-enditem|p2a: Slowking|Leftovers|[from] move: Knock Off|[of] p1a: Toxapex\n|move|p2a: Slowking|Future Sight|p1a: Toxapex\n|-start|p2a: Slowking|move: Future Sight\n|\n|upkeep\n|turn|7\n|\n|t:|1646020916\n|move|p1a: Toxapex|Knock Off|p2a: Slowking\n|-supereffective|p2a: Slowking\n|-damage|p2a: Slowking|67\/100\n|move|p2a: Slowking|Teleport|p2a: Slowking\n|\n|t:|1646020922\n|switch|p2a: Weavile|Weavile, F, shiny|100\/100|[from]move: Teleport\n|-ability|p2a: Weavile|Pressure\n|\n|upkeep\n|turn|8\n|\n|t:|1646020930\n|switch|p1a: Landorus|Landorus-Therian, M|99\/100\n|-ability|p1a: Landorus|Intimidate|boost\n|-unboost|p2a: Weavile|atk|1\n|move|p2a: Weavile|Swords Dance|p2a: Weavile\n|-boost|p2a: Weavile|atk|2\n|\n|-end|p1a: Landorus|move: Future Sight\n|-damage|p1a: Landorus|70\/100\n|-heal|p1a: Landorus|76\/100|[from] item: Leftovers\n|upkeep\n|turn|9\n|\n|t:|1646020943\n|switch|p1a: Toxapex|Toxapex, M|100\/100\n|move|p2a: Weavile|Swords Dance|p2a: Weavile\n|-boost|p2a: Weavile|atk|2\n|\n|upkeep\n|turn|10\n|\n|t:|1646020951\n|move|p2a: Weavile|Knock Off|p1a: Toxapex\n|-damage|p1a: Toxapex|31\/100\n|-damage|p2a: Weavile|84\/100|[from] item: Rocky Helmet|[of] p1a: Toxapex\n|-enditem|p1a: Toxapex|Rocky Helmet|[from] move: Knock Off|[of] p2a: Weavile\n|move|p1a: Toxapex|Haze|p1a: Toxapex\n|-clearallboost\n|\n|upkeep\n|turn|11\n|\n|t:|1646020961\n|switch|p2a: Volcarona|Volcarona, F|100\/100\n|move|p1a: Toxapex|Recover|p1a: Toxapex\n|-heal|p1a: Toxapex|81\/100\n|\n|upkeep\n|turn|12\n|\n|t:|1646020969\n|move|p2a: Volcarona|Psychic|p1a: Toxapex\n|-supereffective|p1a: Toxapex\n|-damage|p1a: Toxapex|25\/100\n|move|p1a: Toxapex|Knock Off|p2a: Volcarona\n|-damage|p2a: Volcarona|80\/100\n|-enditem|p2a: Volcarona|Heavy-Duty Boots|[from] move: Knock Off|[of] p1a: Toxapex\n|\n|upkeep\n|turn|13\n|\n|t:|1646020980\n|switch|p1a: Victini|Victini|100\/100\n|move|p2a: Volcarona|Fiery Dance|p1a: Victini\n|-resisted|p1a: Victini\n|-damage|p1a: Victini|79\/100\n|-boost|p2a: Volcarona|spa|1\n|\n|upkeep\n|turn|14\n|\n|t:|1646020988\n|switch|p2a: Rotom|Rotom-Wash|86\/100\n|move|p1a: Victini|Bolt Strike|p2a: Rotom\n|-damage|p2a: Rotom|46\/100\n|\n|upkeep\n|turn|15\n|\n|t:|1646020994\n|move|p2a: Rotom|Defog|p1a: Victini\n|-unboost|p1a: Victini|evasion|1\n|-sideend|p2: Igotthegat|Toxic Spikes|[from] move: Defog|[of] p2a: Rotom\n|move|p1a: Victini|U-turn|p2a: Rotom\n|-damage|p2a: Rotom|23\/100\n|\n|t:|1646021004\n|switch|p1a: Toxapex|Toxapex, M|58\/100|[from]move: U-turn\n|\n|upkeep\n|turn|16\n|\n|t:|1646021010\n|switch|p2a: Volcarona|Volcarona, F|80\/100\n|switch|p1a: Landorus|Landorus-Therian, M|76\/100\n|-ability|p1a: Landorus|Intimidate|boost\n|-unboost|p2a: Volcarona|atk|1\n|\n|-heal|p1a: Landorus|82\/100|[from] item: Leftovers\n|upkeep\n|turn|17\n|\n|t:|1646021019\n|move|p2a: Volcarona|Quiver Dance|p2a: Volcarona\n|-boost|p2a: Volcarona|spa|1\n|-boost|p2a: Volcarona|spd|1\n|-boost|p2a: Volcarona|spe|1\n|move|p1a: Landorus|Stealth Rock|p2a: Volcarona\n|-sidestart|p2: Igotthegat|move: Stealth Rock\n|\n|-heal|p1a: Landorus|88\/100|[from] item: Leftovers\n|upkeep\n|turn|18\n|\n|t:|1646021028\n|move|p2a: Volcarona|Quiver Dance|p2a: Volcarona\n|-boost|p2a: Volcarona|spa|1\n|-boost|p2a: Volcarona|spd|1\n|-boost|p2a: Volcarona|spe|1\n|move|p1a: Landorus|Earthquake|p2a: Volcarona\n|-damage|p2a: Volcarona|4\/100\n|\n|-heal|p1a: Landorus|94\/100|[from] item: Leftovers\n|upkeep\n|turn|19\n|\n|t:|1646021041\n|switch|p1a: Victini|Victini|79\/100\n|move|p2a: Volcarona|Fiery Dance|p1a: Victini\n|-resisted|p1a: Victini\n|-damage|p1a: Victini|36\/100\n|-boost|p2a: Volcarona|spa|1\n|\n|upkeep\n|turn|20\n|\n|t:|1646021049\n|move|p2a: Volcarona|Fiery Dance|p1a: Victini\n|-resisted|p1a: Victini\n|-damage|p1a: Victini|0 fnt\n|faint|p1a: Victini\n|\n|upkeep\n|\n|t:|1646021052\n|switch|p1a: Dragonite|Dragonite, F|100\/100\n|turn|21\n|\n|t:|1646021063\n|move|p2a: Volcarona|Psychic|p1a: Dragonite\n|-damage|p1a: Dragonite|55\/100\n|move|p1a: Dragonite|Earthquake|p2a: Volcarona\n|-damage|p2a: Volcarona|0 fnt\n|faint|p2a: Volcarona\n|\n|upkeep\n|\n|t:|1646021079\n|switch|p2a: Weavile|Weavile, F, shiny|84\/100\n|-ability|p2a: Weavile|Pressure\n|turn|22\n|\n|t:|1646021084\n|move|p2a: Weavile|Swords Dance|p2a: Weavile\n|-boost|p2a: Weavile|atk|2\n|move|p1a: Dragonite|Fire Punch|p2a: Weavile\n|-supereffective|p2a: Weavile\n|-damage|p2a: Weavile|0 fnt\n|faint|p2a: Weavile\n|\n|upkeep\n|\n|t:|1646021097\n|switch|p2a: Slowking|Slowking, F|100\/100\n|-damage|p2a: Slowking|88\/100|[from] Stealth Rock\n|turn|23\n|\n|t:|1646021106\n|move|p1a: Dragonite|Roost|p1a: Dragonite\n|-heal|p1a: Dragonite|100\/100\n|-singleturn|p1a: Dragonite|move: Roost\n|move|p2a: Slowking|Future Sight|p1a: Dragonite\n|-start|p2a: Slowking|move: Future Sight\n|\n|upkeep\n|turn|24\n|\n|t:|1646021118\n|switch|p1a: Regieleki|Regieleki|73\/100\n|move|p2a: Slowking|Scald|p1a: Regieleki\n|-damage|p1a: Regieleki|12\/100\n|\n|upkeep\n|turn|25\n|\n|t:|1646021127\n|switch|p2a: Landorus|Landorus-Therian, M|100\/100\n|-damage|p2a: Landorus|88\/100|[from] Stealth Rock\n|-ability|p2a: Landorus|Intimidate|boost\n|-unboost|p1a: Regieleki|atk|1\n|move|p1a: Regieleki|Thunderbolt|p2a: Landorus\n|-immune|p2a: Landorus\n|\n|-end|p1a: Regieleki|move: Future Sight\n|-damage|p1a: Regieleki|0 fnt\n|faint|p1a: Regieleki\n|-heal|p2a: Landorus|94\/100|[from] item: Leftovers\n|upkeep\n|\n|t:|1646021132\n|switch|p1a: Landorus|Landorus-Therian, M|94\/100\n|-ability|p1a: Landorus|Intimidate|boost\n|-unboost|p2a: Landorus|atk|1\n|turn|26\n|\n|t:|1646021143\n|move|p2a: Landorus|Stealth Rock|p1a: Landorus\n|-sidestart|p1: Stunfisk2169|move: Stealth Rock\n|move|p1a: Landorus|Toxic|p2a: Landorus\n|-status|p2a: Landorus|tox\n|\n|-heal|p2a: Landorus|99\/100 tox|[from] item: Leftovers\n|-heal|p1a: Landorus|99\/100|[from] item: Leftovers\n|-damage|p2a: Landorus|94\/100 tox|[from] psn\n|upkeep\n|turn|27\n|\n|t:|1646021153\n|move|p2a: Landorus|U-turn|p1a: Landorus\n|-resisted|p1a: Landorus\n|-damage|p1a: Landorus|93\/100\n|\n|t:|1646021157\n|switch|p2a: Kartana|Kartana, shiny|100\/100|[from]move: U-turn\n|-damage|p2a: Kartana|94\/100|[from] Stealth Rock\n|move|p1a: Landorus|Earthquake|p2a: Kartana\n|-damage|p2a: Kartana|46\/100\n|\n|-heal|p1a: Landorus|99\/100|[from] item: Leftovers\n|upkeep\n|turn|28\n|\n|t:|1646021167\n|move|p2a: Kartana|Knock Off|p1a: Landorus\n|-damage|p1a: Landorus|51\/100\n|-enditem|p1a: Landorus|Leftovers|[from] move: Knock Off|[of] p2a: Kartana\n|move|p1a: Landorus|Earthquake|p2a: Kartana\n|-damage|p2a: Kartana|0 fnt\n|faint|p2a: Kartana\n|\n|upkeep\n|\n|t:|1646021176\n|switch|p2a: Slowking|Slowking, F|100\/100\n|-damage|p2a: Slowking|88\/100|[from] Stealth Rock\n|turn|29\n|\n|t:|1646021180\n|move|p1a: Landorus|U-turn|p2a: Slowking\n|-supereffective|p2a: Slowking\n|-damage|p2a: Slowking|56\/100\n|\n|t:|1646021184\n|switch|p1a: Toxapex|Toxapex, M|92\/100|[from]move: U-turn\n|-damage|p1a: Toxapex|79\/100|[from] Stealth Rock\n|move|p2a: Slowking|Future Sight|p1a: Toxapex\n|-start|p2a: Slowking|move: Future Sight\n|\n|upkeep\n|turn|30\n|\n|t:|1646021191\n|move|p1a: Toxapex|Toxic Spikes|p2a: Slowking\n|-sidestart|p2: Igotthegat|move: Toxic Spikes\n|move|p2a: Slowking|Slack Off|p2a: Slowking\n|-heal|p2a: Slowking|100\/100\n|\n|upkeep\n|turn|31\n|\n|t:|1646021197\n|move|p1a: Toxapex|Knock Off|p2a: Slowking\n|-supereffective|p2a: Slowking\n|-damage|p2a: Slowking|87\/100\n|move|p2a: Slowking|Scald|p1a: Toxapex\n|-resisted|p1a: Toxapex\n|-damage|p1a: Toxapex|68\/100\n|\n|-end|p1a: Toxapex|move: Future Sight\n|-supereffective|p1a: Toxapex\n|-damage|p1a: Toxapex|0 fnt\n|faint|p1a: Toxapex\n|upkeep\n|\n|t:|1646021204\n|switch|p1a: Dragonite|Dragonite, F|100\/100\n|turn|32\n|\n|t:|1646021210\n|move|p1a: Dragonite|Dragon Dance|p1a: Dragonite\n|-boost|p1a: Dragonite|atk|1\n|-boost|p1a: Dragonite|spe|1\n|move|p2a: Slowking|Scald|p1a: Dragonite\n|-resisted|p1a: Dragonite\n|-damage|p1a: Dragonite|94\/100\n|\n|upkeep\n|turn|33\n|\n|t:|1646021218\n|move|p1a: Dragonite|Dragon Dance|p1a: Dragonite\n|-boost|p1a: Dragonite|atk|1\n|-boost|p1a: Dragonite|spe|1\n|move|p2a: Slowking|Scald|p1a: Dragonite\n|-resisted|p1a: Dragonite\n|-damage|p1a: Dragonite|80\/100\n|\n|upkeep\n|turn|34\n|\n|t:|1646021225\n|move|p1a: Dragonite|Dragon Dance|p1a: Dragonite\n|-boost|p1a: Dragonite|atk|1\n|-boost|p1a: Dragonite|spe|1\n|move|p2a: Slowking|Scald|p1a: Dragonite\n|-resisted|p1a: Dragonite\n|-damage|p1a: Dragonite|66\/100\n|-status|p1a: Dragonite|brn\n|\n|-damage|p1a: Dragonite|60\/100 brn|[from] brn\n|upkeep\n|turn|35\n|\n|t:|1646021235\n|move|p1a: Dragonite|Dragon Dance|p1a: Dragonite\n|-boost|p1a: Dragonite|atk|1\n|-boost|p1a: Dragonite|spe|1\n|move|p2a: Slowking|Future Sight|p1a: Dragonite\n|-start|p2a: Slowking|move: Future Sight\n|\n|-damage|p1a: Dragonite|54\/100 brn|[from] brn\n|upkeep\n|turn|36\n|\n|t:|1646021243\n|move|p1a: Dragonite|Roost|p1a: Dragonite\n|-heal|p1a: Dragonite|100\/100 brn\n|-singleturn|p1a: Dragonite|move: Roost\n|move|p2a: Slowking|Scald|p1a: Dragonite\n|-resisted|p1a: Dragonite\n|-crit|p1a: Dragonite\n|-damage|p1a: Dragonite|89\/100 brn\n|\n|-damage|p1a: Dragonite|83\/100 brn|[from] brn\n|upkeep\n|turn|37\n|\n|t:|1646021263\n|move|p1a: Dragonite|Dragon Dance|p1a: Dragonite\n|-boost|p1a: Dragonite|atk|1\n|-boost|p1a: Dragonite|spe|1\n|move|p2a: Slowking|Scald|p1a: Dragonite\n|-resisted|p1a: Dragonite\n|-damage|p1a: Dragonite|69\/100 brn\n|\n|-end|p1a: Dragonite|move: Future Sight\n|-damage|p1a: Dragonite|25\/100 brn\n|-damage|p1a: Dragonite|19\/100 brn|[from] brn\n|upkeep\n|turn|38\n|\n|t:|1646021275\n|move|p1a: Dragonite|Roost|p1a: Dragonite\n|-heal|p1a: Dragonite|69\/100 brn\n|-singleturn|p1a: Dragonite|move: Roost\n|move|p2a: Slowking|Future Sight|p1a: Dragonite\n|-start|p2a: Slowking|move: Future Sight\n|\n|-damage|p1a: Dragonite|63\/100 brn|[from] brn\n|upkeep\n|turn|39\n|\n|t:|1646021283\n|move|p1a: Dragonite|Roost|p1a: Dragonite\n|-heal|p1a: Dragonite|100\/100 brn\n|-singleturn|p1a: Dragonite|move: Roost\n|move|p2a: Slowking|Scald|p1a: Dragonite\n|-resisted|p1a: Dragonite\n|-damage|p1a: Dragonite|94\/100 brn\n|\n|-damage|p1a: Dragonite|87\/100 brn|[from] brn\n|upkeep\n|turn|40\n|\n|t:|1646021293\n|move|p1a: Dragonite|Earthquake|p2a: Slowking\n|-damage|p2a: Slowking|45\/100\n|move|p2a: Slowking|Slack Off|p2a: Slowking\n|-heal|p2a: Slowking|95\/100\n|\n|-end|p1a: Dragonite|move: Future Sight\n|-damage|p1a: Dragonite|44\/100 brn\n|-damage|p1a: Dragonite|37\/100 brn|[from] brn\n|upkeep\n|turn|41\n|\n|t:|1646021302\n|move|p1a: Dragonite|Roost|p1a: Dragonite\n|-heal|p1a: Dragonite|87\/100 brn\n|-singleturn|p1a: Dragonite|move: Roost\n|move|p2a: Slowking|Future Sight|p1a: Dragonite\n|-start|p2a: Slowking|move: Future Sight\n|\n|-damage|p1a: Dragonite|81\/100 brn|[from] brn\n|upkeep\n|turn|42\n|\n|t:|1646021316\n|move|p1a: Dragonite|Dragon Dance|p1a: Dragonite\n|-boost|p1a: Dragonite|atk|1\n|-boost|p1a: Dragonite|spe|1\n|move|p2a: Slowking|Scald|p1a: Dragonite\n|-resisted|p1a: Dragonite\n|-damage|p1a: Dragonite|66\/100 brn\n|\n|-damage|p1a: Dragonite|60\/100 brn|[from] brn\n|upkeep\n|turn|43\n|\n|t:|1646021326\n|move|p1a: Dragonite|Roost|p1a: Dragonite\n|-heal|p1a: Dragonite|100\/100 brn\n|-singleturn|p1a: Dragonite|move: Roost\n|move|p2a: Slowking|Slack Off|p2a: Slowking\n|-heal|p2a: Slowking|100\/100\n|\n|-end|p1a: Dragonite|move: Future Sight\n|-damage|p1a: Dragonite|79\/100 brn\n|-damage|p1a: Dragonite|73\/100 brn|[from] brn\n|upkeep\n|turn|44\n|\n|t:|1646021341\n|move|p1a: Dragonite|Earthquake|p2a: Slowking\n|-damage|p2a: Slowking|46\/100\n|move|p2a: Slowking|Future Sight|p1a: Dragonite\n|-start|p2a: Slowking|move: Future Sight\n|\n|-damage|p1a: Dragonite|67\/100 brn|[from] brn\n|upkeep\n|turn|45\n|\n|t:|1646021348\n|switch|p2a: Landorus|Landorus-Therian, M|94\/100 tox\n|-damage|p2a: Landorus|82\/100 tox|[from] Stealth Rock\n|-ability|p2a: Landorus|Intimidate|boost\n|-unboost|p1a: Dragonite|atk|1\n|move|p1a: Dragonite|Earthquake|p2a: Landorus\n|-immune|p2a: Landorus\n|\n|-heal|p2a: Landorus|88\/100 tox|[from] item: Leftovers\n|-damage|p2a: Landorus|82\/100 tox|[from] psn\n|-damage|p1a: Dragonite|61\/100 brn|[from] brn\n|upkeep\n|turn|46\n|\n|t:|1646021361\n|move|p1a: Dragonite|Roost|p1a: Dragonite\n|-heal|p1a: Dragonite|100\/100 brn\n|-singleturn|p1a: Dragonite|move: Roost\n|move|p2a: Landorus|Knock Off|p1a: Dragonite\n|-damage|p1a: Dragonite|82\/100 brn\n|-enditem|p1a: Dragonite|Heavy-Duty Boots|[from] move: Knock Off|[of] p2a: Landorus\n|\n|-end|p1a: Dragonite|move: Future Sight\n|-damage|p1a: Dragonite|37\/100 brn\n|-heal|p2a: Landorus|88\/100 tox|[from] item: Leftovers\n|-damage|p2a: Landorus|76\/100 tox|[from] psn\n|-damage|p1a: Dragonite|31\/100 brn|[from] brn\n|upkeep\n|turn|47\n|\n|t:|1646021376\n|move|p1a: Dragonite|Dragon Dance|p1a: Dragonite\n|-boost|p1a: Dragonite|atk|1\n|-boost|p1a: Dragonite|spe|0\n|move|p2a: Landorus|Knock Off|p1a: Dragonite\n|-damage|p1a: Dragonite|8\/100 brn\n|\n|-heal|p2a: Landorus|82\/100 tox|[from] item: Leftovers\n|-damage|p2a: Landorus|64\/100 tox|[from] psn\n|-damage|p1a: Dragonite|2\/100 brn|[from] brn\n|upkeep\n|turn|48\n|\n|t:|1646021387\n|move|p1a: Dragonite|Roost|p1a: Dragonite\n|-heal|p1a: Dragonite|52\/100 brn\n|-singleturn|p1a: Dragonite|move: Roost\n|move|p2a: Landorus|Knock Off|p1a: Dragonite\n|-damage|p1a: Dragonite|31\/100 brn\n|\n|-heal|p2a: Landorus|70\/100 tox|[from] item: Leftovers\n|-damage|p2a: Landorus|46\/100 tox|[from] psn\n|-damage|p1a: Dragonite|25\/100 brn|[from] brn\n|upkeep\n|turn|49\n|\n|t:|1646021399\n|move|p1a: Dragonite|Roost|p1a: Dragonite\n|-heal|p1a: Dragonite|75\/100 brn\n|-singleturn|p1a: Dragonite|move: Roost\n|move|p2a: Landorus|Knock Off|p1a: Dragonite\n|-damage|p1a: Dragonite|53\/100 brn\n|\n|-heal|p2a: Landorus|52\/100 tox|[from] item: Leftovers\n|-damage|p2a: Landorus|22\/100 tox|[from] psn\n|-damage|p1a: Dragonite|46\/100 brn|[from] brn\n|upkeep\n|turn|50\n|-message|Igotthegat forfeited.\n|\n|win|Stunfisk2169\n|raw|Stunfisk2169's rating: 1329 &rarr; <strong>1352<\/strong><br \/>(+23 for winning)\n|raw|Igotthegat's rating: 1385 &rarr; <strong>1362<\/strong><br \/>(-23 for losing)\n|l|\u2606Igotthegat\n","uploadtime":1646021407,"views":16,"p1id":"stunfisk2169","p2id":"igotthegat","formatid":"gen8ou","rating":1352,"private":0,"password":null}