{"id":"gen8nationaldexag-1072575979","p1":"magicJDS8","p2":"yhdrslb","format":"gen8nationaldexag","log":"|j|\u2606magicJDS8\n|j|\u2606yhdrslb\n|player|p1|magicJDS8|red-gen1main|1325\n|player|p2|yhdrslb|30|1397\n|teamsize|p1|6\n|teamsize|p2|6\n|gametype|singles\n|gen|8\n|tier|[Gen 8] National Dex AG\n|rated|\n|clearpoke\n|poke|p1|Cinderace, M|\n|poke|p1|Xerneas|\n|poke|p1|Marshadow|\n|poke|p1|Durant, F|\n|poke|p1|Gothitelle, F|\n|poke|p1|Skarmory, M|\n|poke|p2|Espeon, M|\n|poke|p2|Whimsicott, F|\n|poke|p2|Lugia|\n|poke|p2|Smeargle, F|\n|poke|p2|Rayquaza|\n|poke|p2|Giratina|\n|rule|HP Percentage Mod: HP is shown in percentages\n|rule|Endless Battle Clause: Forcing endless battles is banned\n|teampreview\n|inactive|Battle timer is ON: inactive players will automatically lose when time's up. (requested by magicJDS8)\n|\n|start\n|switch|p1a: Cinderace|Cinderace, M|100\/100\n|switch|p2a: Whimsicott|Whimsicott, F|100\/100\n|turn|1\n|\n|move|p2a: Whimsicott|Substitute|p2a: Whimsicott\n|-start|p2a: Whimsicott|Substitute\n|-damage|p2a: Whimsicott|76\/100\n|move|p1a: Cinderace|Taunt|p2a: Whimsicott\n|-start|p2a: Whimsicott|move: Taunt\n|\n|upkeep\n|turn|2\n|\n|switch|p2a: Giratina|Giratina|100\/100\n|-ability|p2a: Giratina|Pressure\n|move|p1a: Cinderace|Pyro Ball|p2a: Giratina\n|-resisted|p2a: Giratina\n|-damage|p2a: Giratina|84\/100\n|\n|-heal|p2a: Giratina|90\/100|[from] item: Leftovers\n|upkeep\n|turn|3\n|\n|move|p1a: Cinderace|Pyro Ball|p2a: Giratina\n|-resisted|p2a: Giratina\n|-damage|p2a: Giratina|74\/100\n|-status|p2a: Giratina|brn\n|move|p2a: Giratina|Dragon Tail|p1a: Cinderace\n|-damage|p1a: Cinderace|87\/100\n|drag|p1a: Xerneas|Xerneas, shiny|100\/100\n|-ability|p1a: Xerneas|Fairy Aura\n|\n|-heal|p2a: Giratina|80\/100 brn|[from] item: Leftovers\n|-damage|p2a: Giratina|74\/100 brn|[from] brn\n|upkeep\n|turn|4\n|\n|switch|p2a: Lugia|Lugia|100\/100\n|move|p1a: Xerneas|Geomancy||[still]\n|-prepare|p1a: Xerneas|Geomancy|p1a: Xerneas\n|-enditem|p1a: Xerneas|Power Herb\n|-anim|p1a: Xerneas|Geomancy|p1a: Xerneas\n|-boost|p1a: Xerneas|spa|2\n|-boost|p1a: Xerneas|spd|2\n|-boost|p1a: Xerneas|spe|2\n|\n|upkeep\n|turn|5\n|\n|-start|p1a: Xerneas|Dynamax\n|-heal|p1a: Xerneas|100\/100|[silent]\n|move|p1a: Xerneas|Max Lightning|p2a: Lugia\n|-supereffective|p2a: Lugia\n|-damage|p2a: Lugia|47\/100\n|-fieldstart|move: Electric Terrain\n|move|p2a: Lugia|Whirlwind|p1a: Xerneas\n|-block|p1a: Xerneas|Dynamax\n|\n|-heal|p2a: Lugia|53\/100|[from] item: Leftovers\n|upkeep\n|turn|6\n|\n|switch|p2a: Whimsicott|Whimsicott, F|76\/100\n|move|p1a: Xerneas|Max Lightning|p2a: Whimsicott\n|-resisted|p2a: Whimsicott\n|-damage|p2a: Whimsicott|0 fnt\n|faint|p2a: Whimsicott\n|\n|upkeep\n|\n|switch|p2a: Smeargle|Smeargle, F|100\/100\n|turn|7\n|\n|move|p1a: Xerneas|Max Starfall|p2a: Smeargle\n|-enditem|p2a: Smeargle|Focus Sash\n|-damage|p2a: Smeargle|1\/100\n|-fieldstart|move: Misty Terrain\n|move|p2a: Smeargle|Memento|p1a: Xerneas\n|-unboost|p1a: Xerneas|atk|2\n|-unboost|p1a: Xerneas|spa|2\n|faint|p2a: Smeargle\n|\n|-end|p1a: Xerneas|Dynamax\n|-heal|p1a: Xerneas|100\/100|[silent]\n|upkeep\n|\n|switch|p2a: Lugia|Lugia|53\/100\n|turn|8\n|\n|move|p1a: Xerneas|Thunder|p2a: Lugia|[miss]\n|-miss|p1a: Xerneas|p2a: Lugia\n|move|p2a: Lugia|Roost|p2a: Lugia\n|-heal|p2a: Lugia|100\/100\n|-singleturn|p2a: Lugia|move: Roost\n|\n|upkeep\n|turn|9\n|\n|move|p1a: Xerneas|Moonblast|p2a: Lugia\n|-damage|p2a: Lugia|82\/100\n|-unboost|p2a: Lugia|spa|1\n|move|p2a: Lugia|Substitute|p2a: Lugia\n|-start|p2a: Lugia|Substitute\n|-damage|p2a: Lugia|57\/100\n|\n|-heal|p2a: Lugia|64\/100|[from] item: Leftovers\n|upkeep\n|turn|10\n|\n|move|p1a: Xerneas|Moonblast|p2a: Lugia\n|-end|p2a: Lugia|Substitute\n|move|p2a: Lugia|Roost|p2a: Lugia\n|-heal|p2a: Lugia|100\/100\n|-singleturn|p2a: Lugia|move: Roost\n|\n|upkeep\n|turn|11\n|\n|move|p1a: Xerneas|Moonblast|p2a: Lugia\n|-damage|p2a: Lugia|80\/100\n|-unboost|p2a: Lugia|spa|1\n|move|p2a: Lugia|Substitute|p2a: Lugia\n|-start|p2a: Lugia|Substitute\n|-damage|p2a: Lugia|55\/100\n|\n|-heal|p2a: Lugia|61\/100|[from] item: Leftovers\n|-fieldend|Misty Terrain\n|upkeep\n|turn|12\n|\n|move|p1a: Xerneas|Moonblast|p2a: Lugia\n|-end|p2a: Lugia|Substitute\n|move|p2a: Lugia|Toxic|p1a: Xerneas\n|-status|p1a: Xerneas|tox\n|\n|-heal|p2a: Lugia|67\/100|[from] item: Leftovers\n|-damage|p1a: Xerneas|94\/100 tox|[from] psn\n|upkeep\n|turn|13\n|\n|move|p1a: Xerneas|Moonblast|p2a: Lugia\n|-damage|p2a: Lugia|24\/100\n|move|p2a: Lugia|Roost|p2a: Lugia\n|-heal|p2a: Lugia|74\/100\n|-singleturn|p2a: Lugia|move: Roost\n|\n|-heal|p2a: Lugia|81\/100|[from] item: Leftovers\n|-damage|p1a: Xerneas|82\/100 tox|[from] psn\n|upkeep\n|turn|14\n|\n|move|p1a: Xerneas|Moonblast|p2a: Lugia\n|-damage|p2a: Lugia|40\/100\n|move|p2a: Lugia|Roost|p2a: Lugia\n|-heal|p2a: Lugia|90\/100\n|-singleturn|p2a: Lugia|move: Roost\n|\n|-heal|p2a: Lugia|96\/100|[from] item: Leftovers\n|-damage|p1a: Xerneas|64\/100 tox|[from] psn\n|upkeep\n|turn|15\n|\n|move|p1a: Xerneas|Moonblast|p2a: Lugia\n|-damage|p2a: Lugia|57\/100\n|move|p2a: Lugia|Substitute|p2a: Lugia\n|-start|p2a: Lugia|Substitute\n|-damage|p2a: Lugia|32\/100\n|\n|-heal|p2a: Lugia|38\/100|[from] item: Leftovers\n|-damage|p1a: Xerneas|39\/100 tox|[from] psn\n|upkeep\n|turn|16\n|\n|move|p1a: Xerneas|Moonblast|p2a: Lugia\n|-end|p2a: Lugia|Substitute\n|move|p2a: Lugia|Roost|p2a: Lugia\n|-heal|p2a: Lugia|88\/100\n|-singleturn|p2a: Lugia|move: Roost\n|\n|-heal|p2a: Lugia|94\/100|[from] item: Leftovers\n|-damage|p1a: Xerneas|9\/100 tox|[from] psn\n|upkeep\n|turn|17\n|\n|move|p1a: Xerneas|Moonblast|p2a: Lugia\n|-damage|p2a: Lugia|58\/100\n|-unboost|p2a: Lugia|spa|1\n|move|p2a: Lugia|Roost|p2a: Lugia\n|-heal|p2a: Lugia|100\/100\n|-singleturn|p2a: Lugia|move: Roost\n|\n|-damage|p1a: Xerneas|0 fnt|[from] psn\n|faint|p1a: Xerneas\n|upkeep\n|inactive|magicJDS8 has 120 seconds left.\n|\n|switch|p1a: Cinderace|Cinderace, M|87\/100\n|turn|18\n|\n|move|p1a: Cinderace|Taunt|p2a: Lugia\n|-start|p2a: Lugia|move: Taunt\n|cant|p2a: Lugia|move: Taunt|Whirlwind\n|\n|upkeep\n|turn|19\n|\n|switch|p1a: Marshadow|Marshadow|100\/100\n|switch|p2a: Giratina|Giratina|74\/100 brn\n|-ability|p2a: Giratina|Pressure\n|\n|-heal|p2a: Giratina|80\/100 brn|[from] item: Leftovers\n|-damage|p2a: Giratina|74\/100 brn|[from] brn\n|upkeep\n|turn|20\n|\n|move|p1a: Marshadow|Spectral Thief|p2a: Giratina\n|-supereffective|p2a: Giratina\n|-damage|p2a: Giratina|28\/100 brn\n|move|p2a: Giratina|Will-O-Wisp|p1a: Marshadow|[miss]\n|-miss|p2a: Giratina|p1a: Marshadow\n|\n|-heal|p2a: Giratina|34\/100 brn|[from] item: Leftovers\n|-damage|p2a: Giratina|28\/100 brn|[from] brn\n|upkeep\n|turn|21\n|\n|switch|p2a: Rayquaza|Rayquaza|100\/100\n|-ability|p2a: Rayquaza|Air Lock\n|move|p1a: Marshadow|Spectral Thief|p2a: Rayquaza\n|-crit|p2a: Rayquaza\n|-damage|p2a: Rayquaza|30\/100\n|\n|upkeep\n|turn|22\n|\n|detailschange|p2a: Rayquaza|Rayquaza-Mega\n|-mega|p2a: Rayquaza|Rayquaza|\n|-weather|DeltaStream|[from] ability: Delta Stream|[of] p2a: Rayquaza\n|move|p1a: Marshadow|Shadow Sneak|p2a: Rayquaza\n|-damage|p2a: Rayquaza|2\/100\n|move|p2a: Rayquaza|Dragon Ascent|p1a: Marshadow\n|-supereffective|p1a: Marshadow\n|-enditem|p1a: Marshadow|Focus Sash\n|-damage|p1a: Marshadow|1\/100\n|-unboost|p2a: Rayquaza|def|1\n|-unboost|p2a: Rayquaza|spd|1\n|-damage|p2a: Rayquaza|0 fnt|[from] item: Life Orb\n|faint|p2a: Rayquaza\n|-weather|none\n|\n|upkeep\n|\n|switch|p2a: Espeon|Espeon, M|100\/100\n|turn|23\n|\n|move|p2a: Espeon|Trick|p1a: Marshadow\n|-activate|p2a: Espeon|move: Trick|[of] p1a: Marshadow\n|-item|p1a: Marshadow|Choice Scarf|[from] move: Trick\n|-enditem|p2a: Espeon|Choice Scarf|[silent]|[from] move: Trick\n|move|p1a: Marshadow|Spectral Thief|p2a: Espeon\n|-supereffective|p2a: Espeon\n|-damage|p2a: Espeon|0 fnt\n|faint|p2a: Espeon\n|\n|upkeep\n|\n|switch|p2a: Lugia|Lugia|100\/100\n|turn|24\n|-message|yhdrslb forfeited.\n|\n|win|magicJDS8\n|l|\u2606yhdrslb\n|raw|magicJDS8's rating: 1325 &rarr; <strong>1349<\/strong><br \/>(+24 for winning)\n|raw|yhdrslb's rating: 1398 &rarr; <strong>1374<\/strong><br \/>(-24 for losing)\n","uploadtime":1583202612,"views":2,"p1id":"magicjds8","p2id":"yhdrslb","formatid":"gen8nationaldexag","rating":1349,"private":0,"password":null}