{"id":"gen8ou-1642974803","p1":"A X L Pendergast","p2":"Daevank5","format":"gen8ou","log":"|j|\u2606A X L Pendergast\n|j|\u2606Daevank5\n|t:|1660882523\n|gametype|singles\n|player|p1|A X L Pendergast|preschooler|1619\n|player|p2|Daevank5|266|1803\n|teamsize|p1|6\n|teamsize|p2|6\n|gen|8\n|tier|[Gen 8] OU\n|rated|\n|rule|Sleep Clause Mod: Limit one foe put to sleep\n|rule|Species Clause: Limit one of each Pok\u00e9mon\n|rule|OHKO Clause: OHKO moves are banned\n|rule|Evasion Items Clause: Evasion items are banned\n|rule|Evasion Moves Clause: Evasion moves are banned\n|rule|Endless Battle Clause: Forcing endless battles is banned\n|rule|HP Percentage Mod: HP is shown in percentages\n|rule|Dynamax Clause: You cannot dynamax\n|clearpoke\n|poke|p1|Tyranitar, F|\n|poke|p1|Zapdos|\n|poke|p1|Urshifu-*, F|\n|poke|p1|Tapu Bulu|\n|poke|p1|Heatran, M|\n|poke|p1|Nidoqueen, F|\n|poke|p2|Mew|\n|poke|p2|Tapu Lele|\n|poke|p2|Clefable, F|\n|poke|p2|Mandibuzz, F|\n|poke|p2|Toxapex, M|\n|poke|p2|Hippowdon, F|\n|teampreview\n|c|\u2606A X L Pendergast|hf hf\n|c|\u2606Daevank5|u 2\n|inactive|Battle timer is ON: inactive players will automatically lose when time's up. (requested by Daevank5)\n|inactive|A X L Pendergast has 120 seconds left.\n|\n|t:|1660882575\n|start\n|switch|p1a: Zapdos|Zapdos|100\/100\n|switch|p2a: Mew|Mew|100\/100\n|turn|1\n|\n|t:|1660882582\n|move|p1a: Zapdos|Volt Switch|p2a: Mew\n|-damage|p2a: Mew|77\/100\n|\n|t:|1660882587\n|switch|p1a: Urshifu|Urshifu-Rapid-Strike, F|100\/100|[from]move: Volt Switch\n|move|p2a: Mew|Magic Room|p2a: Mew\n|-fieldstart|move: Magic Room|[of] p2a: Mew\n|\n|upkeep\n|turn|2\n|c|\u2606A X L Pendergast|yooo cool\n|\n|t:|1660882601\n|move|p1a: Urshifu|U-turn|p2a: Mew\n|-supereffective|p2a: Mew\n|-damage|p2a: Mew|34\/100\n|c|\u2606Daevank5|thank you sir\n|c|\u2606A X L Pendergast|i remember updated kanto trying to make it work in gen 7\n|\n|t:|1660882614\n|switch|p1a: Heatran|Heatran, M|100\/100|[from]move: U-turn\n|move|p2a: Mew|Roost|p2a: Mew\n|-heal|p2a: Mew|84\/100\n|-singleturn|p2a: Mew|move: Roost\n|\n|upkeep\n|turn|3\n|c|\u2606Daevank5|oh really?\n|c|\u2606Daevank5|i think i have a decent strategy for it\n|c|\u2606Daevank5|to help breaking stall\n|c|\u2606A X L Pendergast|i look forward to seeing it\n|inactive|A X L Pendergast has 120 seconds left.\n|c|\u2606Daevank5|it probably wont do much in this game\n|c|\u2606A X L Pendergast|dang\n|c|\u2606A X L Pendergast|tell me after the game tho pls\n|c|\u2606A X L Pendergast|i'm exciteda\n|c|\u2606Daevank5|for sure\n|c|\u2606A X L Pendergast|any strat to break stall yknow\n|c|\u2606Daevank5|YES\n|c|\u2606Daevank5|i despise stall\n|\n|t:|1660882665\n|switch|p1a: Tyranitar|Tyranitar, F|100\/100\n|-weather|Sandstorm|[from] ability: Sand Stream|[of] p1a: Tyranitar\n|move|p2a: Mew|Earth Power|p1a: Tyranitar\n|-supereffective|p1a: Tyranitar\n|-damage|p1a: Tyranitar|76\/100\n|\n|-weather|Sandstorm|[upkeep]\n|-damage|p2a: Mew|78\/100|[from] Sandstorm\n|upkeep\n|turn|4\n|\n|t:|1660882673\n|switch|p2a: Toxapex|Toxapex, M|100\/100\n|move|p1a: Tyranitar|Crunch|p2a: Toxapex\n|-damage|p2a: Toxapex|74\/100\n|\n|-weather|Sandstorm|[upkeep]\n|-damage|p2a: Toxapex|68\/100|[from] Sandstorm\n|upkeep\n|turn|5\n|inactive|A X L Pendergast has 90 seconds left.\n|\n|t:|1660882700\n|switch|p1a: Zapdos|Zapdos|100\/100\n|move|p2a: Toxapex|Toxic|p1a: Zapdos\n|-status|p1a: Zapdos|tox\n|\n|-weather|Sandstorm|[upkeep]\n|-damage|p1a: Zapdos|94\/100 tox|[from] Sandstorm\n|-damage|p2a: Toxapex|61\/100|[from] Sandstorm\n|-damage|p1a: Zapdos|88\/100 tox|[from] psn\n|-fieldend|move: Magic Room|[of] p2: Mew\n|upkeep\n|turn|6\n|inactive|A X L Pendergast has 90 seconds left.\n|c|\u2606Daevank5|i say that\n|c|\u2606Daevank5|as im using stall basically\n|c|\u2606A X L Pendergast|hahaha\n|c|\u2606Daevank5|but i needed to build a team around lele\n|c|\u2606Daevank5|as the stall breaker\n|\n|t:|1660882725\n|switch|p1a: Urshifu|Urshifu-Rapid-Strike, F|100\/100\n|switch|p2a: Hippowdon|Hippowdon, F|100\/100\n|\n|-weather|Sandstorm|[upkeep]\n|-damage|p1a: Urshifu|94\/100|[from] Sandstorm\n|upkeep\n|turn|7\n|c|\u2606Daevank5|so i needed wish support\n|c|\u2606Daevank5|+ heal bell\n|c|\u2606A X L Pendergast|ah\n|c|\u2606Daevank5|i swear i dont use stall though lmao\n|\n|t:|1660882743\n|switch|p2a: Toxapex|Toxapex, M|95\/100\n|move|p1a: Urshifu|U-turn|p2a: Toxapex\n|-resisted|p2a: Toxapex\n|-damage|p2a: Toxapex|87\/100\n|-damage|p1a: Urshifu|78\/100|[from] item: Rocky Helmet|[of] p2a: Toxapex\n|c|\u2606A X L Pendergast|i use stall dw\n|c|\u2606A X L Pendergast|i use anything\n|c|\u2606Daevank5|fair\n|c|\u2606A X L Pendergast|i just try to make whatever team\n|\n|t:|1660882765\n|switch|p1a: Nidoqueen|Nidoqueen, F|100\/100|[from]move: U-turn\n|\n|-weather|none\n|upkeep\n|turn|8\n|c|\u2606Daevank5|but no usually i try and build fun\n|\n|t:|1660882789\n|switch|p2a: Mew|Mew|78\/100\n|move|p1a: Nidoqueen|Earth Power|p2a: Mew\n|-damage|p2a: Mew|38\/100\n|\n|-heal|p2a: Mew|44\/100|[from] item: Leftovers\n|upkeep\n|turn|9\n|c|\u2606A X L Pendergast|i mean my stalls are kinda fun\n|c|\u2606A X L Pendergast|had pyukumuku\n|c|\u2606Daevank5|see thats not fun\n|c|\u2606A X L Pendergast|LOL\n|c|\u2606Daevank5|thats just a shit mon lmaoo\n|c|\u2606A X L Pendergast|and blacephalon\n|c|\u2606A X L Pendergast|hey hey\n|inactive|A X L Pendergast has 60 seconds left.\n|c|\u2606A X L Pendergast|i did rlly well with it\n|c|\u2606Daevank5|ay im sure you did\n|c|\u2606A X L Pendergast|it's not the block set\n|\n|t:|1660882823\n|move|p2a: Mew|Roost|p2a: Mew\n|-heal|p2a: Mew|94\/100\n|-singleturn|p2a: Mew|move: Roost\n|move|p1a: Nidoqueen|Stealth Rock|p2a: Mew\n|-sidestart|p2: Daevank5|move: Stealth Rock\n|\n|-heal|p2a: Mew|100\/100|[from] item: Leftovers\n|upkeep\n|turn|10\n|c|\u2606Daevank5|isnt it just soak + toxic\n|c|\u2606A X L Pendergast|don't judge the pyuk for only having those moves\n|c|\u2606Daevank5|ay im not\n|inactive|A X L Pendergast has 30 seconds left.\n|c|\u2606Daevank5|but its literally the only set it can use\n|c|\u2606A X L Pendergast|it's true\n|c|\u2606Daevank5|because it has like 10 total moves to pick from\n|inactive|A X L Pendergast has 20 seconds left.\n|c|\u2606A X L Pendergast|had thundurus on the team too\n|c|\u2606A X L Pendergast|thundy-incarnate\n|inactive|A X L Pendergast has 15 seconds left.\n|inactive|A X L Pendergast has 10 seconds left.\n|\n|t:|1660882874\n|switch|p1a: Zapdos|Zapdos|88\/100 tox\n|move|p2a: Mew|Magic Room|p2a: Mew\n|-fieldstart|move: Magic Room|[of] p2a: Mew\n|\n|-damage|p1a: Zapdos|82\/100 tox|[from] psn\n|upkeep\n|turn|11\n|inactive|A X L Pendergast has 20 seconds left this turn.\n|c|\u2606Daevank5|see thats more fun\n|\n|t:|1660882885\n|switch|p2a: Hippowdon|Hippowdon, F|100\/100\n|-damage|p2a: Hippowdon|94\/100|[from] Stealth Rock\n|move|p1a: Zapdos|Volt Switch|p2a: Hippowdon\n|-immune|p2a: Hippowdon\n|\n|-damage|p1a: Zapdos|70\/100 tox|[from] psn\n|upkeep\n|turn|12\n|inactive|A X L Pendergast has 30 seconds left this turn.\n|inactive|A X L Pendergast has 20 seconds left.\n|\n|t:|1660882896\n|switch|p1a: Tapu Bulu|Tapu Bulu|100\/100\n|-fieldstart|move: Grassy Terrain|[from] ability: Grassy Surge|[of] p1a: Tapu Bulu\n|move|p2a: Hippowdon|Stealth Rock|p1a: Tapu Bulu\n|-sidestart|p1: A X L Pendergast|move: Stealth Rock\n|\n|-heal|p2a: Hippowdon|100\/100|[from] Grassy Terrain\n|upkeep\n|turn|13\n|inactive|A X L Pendergast has 30 seconds left this turn.\n|c|\u2606Daevank5|oh fuck\n|c|\u2606Daevank5|my boots\n|\n|t:|1660882907\n|switch|p2a: Toxapex|Toxapex, M|100\/100\n|-damage|p2a: Toxapex|88\/100|[from] Stealth Rock\n|move|p1a: Tapu Bulu|Taunt|p2a: Toxapex\n|-start|p2a: Toxapex|move: Taunt\n|\n|-heal|p2a: Toxapex|94\/100|[from] Grassy Terrain\n|upkeep\n|turn|14\n|c|\u2606A X L Pendergast|lol...\n|\n|t:|1660882910\n|move|p1a: Tapu Bulu|Swords Dance|p1a: Tapu Bulu\n|-boost|p1a: Tapu Bulu|atk|2\n|move|p2a: Toxapex|Knock Off|p1a: Tapu Bulu\n|-resisted|p1a: Tapu Bulu\n|-crit|p1a: Tapu Bulu\n|-damage|p1a: Tapu Bulu|92\/100\n|-enditem|p1a: Tapu Bulu|Rocky Helmet|[from] move: Knock Off|[of] p2a: Toxapex\n|\n|-heal|p1a: Tapu Bulu|98\/100|[from] Grassy Terrain\n|-heal|p2a: Toxapex|100\/100|[from] Grassy Terrain\n|-fieldend|move: Magic Room|[of] p2: Mew\n|upkeep\n|turn|15\n|\n|t:|1660882920\n|switch|p2a: Mandibuzz|Mandibuzz, F|100\/100\n|move|p1a: Tapu Bulu|Close Combat|p2a: Mandibuzz\n|-damage|p2a: Mandibuzz|54\/100\n|-unboost|p1a: Tapu Bulu|def|1\n|-unboost|p1a: Tapu Bulu|spd|1\n|\n|-heal|p1a: Tapu Bulu|100\/100|[from] Grassy Terrain\n|upkeep\n|turn|16\n|\n|t:|1660882929\n|move|p1a: Tapu Bulu|Close Combat|p2a: Mandibuzz\n|-damage|p2a: Mandibuzz|8\/100\n|-unboost|p1a: Tapu Bulu|def|1\n|-unboost|p1a: Tapu Bulu|spd|1\n|move|p2a: Mandibuzz|Foul Play|p1a: Tapu Bulu\n|-resisted|p1a: Tapu Bulu\n|-damage|p1a: Tapu Bulu|33\/100\n|\n|-heal|p1a: Tapu Bulu|39\/100|[from] Grassy Terrain\n|-fieldend|move: Grassy Terrain\n|upkeep\n|turn|17\n|c|\u2606A X L Pendergast|wew\n|c|\u2606A X L Pendergast|fat bulu\n|c|\u2606Daevank5|that did  nothing\n|c|\u2606Daevank5|how\n|c|\u2606Daevank5|what is this phys def bulu\n|c|\u2606A X L Pendergast|cuz this bulu\n|\n|t:|1660882949\n|switch|p2a: Clefable|Clefable, F|100\/100\n|move|p1a: Tapu Bulu|Horn Leech|p2a: Clefable\n|-damage|p2a: Clefable|77\/100\n|-heal|p1a: Tapu Bulu|53\/100|[from] drain|[of] p2a: Clefable\n|\n|upkeep\n|turn|18\n|c|\u2606A X L Pendergast|has no atk LOL\n|\n|t:|1660882967\n|switch|p1a: Nidoqueen|Nidoqueen, F|100\/100\n|-damage|p1a: Nidoqueen|94\/100|[from] Stealth Rock\n|move|p2a: Clefable|Moonblast|p1a: Nidoqueen\n|-resisted|p1a: Nidoqueen\n|-damage|p1a: Nidoqueen|76\/100\n|\n|upkeep\n|turn|19\n|\n|t:|1660882972\n|switch|p2a: Mew|Mew|100\/100\n|-damage|p2a: Mew|88\/100|[from] Stealth Rock\n|move|p1a: Nidoqueen|Sludge Wave|p2a: Mew\n|-damage|p2a: Mew|49\/100\n|\n|-heal|p2a: Mew|55\/100|[from] item: Leftovers\n|upkeep\n|turn|20\n|\n|t:|1660882985\n|switch|p1a: Zapdos|Zapdos|70\/100 tox\n|move|p2a: Mew|Roost|p2a: Mew\n|-heal|p2a: Mew|100\/100\n|-singleturn|p2a: Mew|move: Roost\n|\n|-damage|p1a: Zapdos|64\/100 tox|[from] psn\n|upkeep\n|turn|21\n|\n|t:|1660882999\n|move|p1a: Zapdos|Roost|p1a: Zapdos\n|-heal|p1a: Zapdos|100\/100 tox\n|-singleturn|p1a: Zapdos|move: Roost\n|move|p2a: Mew|Teleport|p2a: Mew\n|c|\u2606A X L Pendergast|yooo\n|\n|t:|1660883005\n|switch|p2a: Clefable|Clefable, F|77\/100|[from]move: Teleport\n|\n|-damage|p1a: Zapdos|88\/100 tox|[from] psn\n|upkeep\n|turn|22\n|j| lt93oq cuzzie\n|c|\u2606A X L Pendergast|the legendary port mew\n|inactive|A X L Pendergast has 60 seconds left.\n|c|\u2606Daevank5|yessirr\n|\n|t:|1660883017\n|move|p1a: Zapdos|Volt Switch|p2a: Clefable\n|-damage|p2a: Clefable|45\/100\n|\n|t:|1660883020\n|switch|p1a: Heatran|Heatran, M|100\/100|[from]move: Volt Switch\n|-damage|p1a: Heatran|88\/100|[from] Stealth Rock\n|move|p2a: Clefable|Wish|p2a: Clefable\n|\n|-heal|p1a: Heatran|94\/100|[from] item: Leftovers\n|upkeep\n|turn|23\n|\n|t:|1660883026\n|move|p2a: Clefable|Protect|p2a: Clefable\n|-singleturn|p2a: Clefable|Protect\n|move|p1a: Heatran|Substitute|p1a: Heatran\n|-start|p1a: Heatran|Substitute\n|-damage|p1a: Heatran|69\/100\n|\n|-heal|p2a: Clefable|95\/100|[from] move: Wish|[wisher] Clefable\n|-heal|p1a: Heatran|76\/100|[from] item: Leftovers\n|upkeep\n|turn|24\n|c|\u2606Daevank5|oh no\n|c|\u2606Daevank5|dont tell me this is fucking torment\n|c|\u2606A X L Pendergast|cuzzie it took me a whie to re-learn this team\n|c|\u2606A X L Pendergast|defs don't whack it out in a tour before practicing\n|c|\u2606Daevank5|no fucking way\n|inactive|A X L Pendergast has 60 seconds left.\n|c|\u2606A X L Pendergast|lol\n|c| lt93oq cuzzie|loool\n|c| lt93oq cuzzie|yea same\n|c|\u2606A X L Pendergast|last game i sacced queen\n|inactive|Daevank5 has 120 seconds left.\n|c|\u2606Daevank5|nah im not scared this shit is bad\n|\n|t:|1660883061\n|switch|p2a: Mew|Mew|100\/100\n|-damage|p2a: Mew|88\/100|[from] Stealth Rock\n|move|p1a: Heatran|Magma Storm|p2a: Mew\n|-crit|p2a: Mew\n|-damage|p2a: Mew|48\/100\n|-activate|p2a: Mew|move: Magma Storm|[of] p1a: Heatran\n|\n|-heal|p2a: Mew|54\/100|[from] item: Leftovers\n|-heal|p1a: Heatran|82\/100|[from] item: Leftovers\n|-damage|p2a: Mew|42\/100|[from] move: Magma Storm|[partiallytrapped]\n|upkeep\n|turn|25\n|c|\u2606A X L Pendergast|could not touch clef\n|inactive|A X L Pendergast has 60 seconds left.\n|c|\u2606Daevank5|wait r you a torney player?\n|c|\u2606Daevank5|tourney*\n|inactive|A X L Pendergast has 30 seconds left.\n|c|\u2606A X L Pendergast|haha i don't seem like one do I\n|\n|t:|1660883104\n|move|p2a: Mew|Roost|p2a: Mew\n|-heal|p2a: Mew|92\/100\n|-singleturn|p2a: Mew|move: Roost\n|move|p1a: Heatran|Toxic|p2a: Mew\n|-status|p2a: Mew|tox\n|-activate|p2a: Mew|ability: Synchronize\n|-immune|p1a: Heatran\n|\n|-heal|p2a: Mew|98\/100 tox|[from] item: Leftovers\n|-heal|p1a: Heatran|88\/100|[from] item: Leftovers\n|-damage|p2a: Mew|92\/100 tox|[from] psn\n|-damage|p2a: Mew|79\/100 tox|[from] move: Magma Storm|[partiallytrapped]\n|upkeep\n|turn|26\n|inactive|A X L Pendergast has 30 seconds left.\n|inactive|Daevank5 has 120 seconds left.\n|\n|t:|1660883135\n|move|p1a: Heatran|Magma Storm|p2a: Mew\n|-damage|p2a: Mew|53\/100 tox\n|move|p2a: Mew|Teleport|p2a: Mew\n|\n|t:|1660883158\n|switch|p2a: Hippowdon|Hippowdon, F|100\/100|[from]move: Teleport\n|-damage|p2a: Hippowdon|94\/100|[from] Stealth Rock\n|\n|-heal|p1a: Heatran|94\/100|[from] item: Leftovers\n|-heal|p2a: Hippowdon|100\/100|[from] item: Leftovers\n|upkeep\n|turn|27\n|\n|t:|1660883166\n|move|p1a: Heatran|Magma Storm|p2a: Hippowdon|[miss]\n|-miss|p1a: Heatran|p2a: Hippowdon\n|move|p2a: Hippowdon|Earthquake|p1a: Heatran\n|-supereffective|p1a: Heatran\n|-end|p1a: Heatran|Substitute\n|\n|-heal|p1a: Heatran|100\/100|[from] item: Leftovers\n|upkeep\n|turn|28\n|c|\u2606Daevank5|i dont think i recognise your name\n|c|\u2606Daevank5|is all\n|c|\u2606Daevank5|but i mean i dont follow tourney play\n|inactive|A X L Pendergast has 30 seconds left.\n|inactive|Daevank5 has 90 seconds left.\n|c|\u2606Daevank5|i follow blim aim and blunder, so thats the only way i see tournament coverge\n|c|\u2606Daevank5|coverage\n|\n|t:|1660883199\n|move|p1a: Heatran|Substitute|p1a: Heatran\n|-start|p1a: Heatran|Substitute\n|-damage|p1a: Heatran|76\/100\n|move|p2a: Hippowdon|Earthquake|p1a: Heatran\n|-supereffective|p1a: Heatran\n|-end|p1a: Heatran|Substitute\n|\n|-heal|p1a: Heatran|82\/100|[from] item: Leftovers\n|upkeep\n|turn|29\n|c|\u2606A X L Pendergast|ah nice\n|\n|t:|1660883205\n|switch|p1a: Tapu Bulu|Tapu Bulu|53\/100\n|-damage|p1a: Tapu Bulu|40\/100|[from] Stealth Rock\n|-fieldstart|move: Grassy Terrain|[from] ability: Grassy Surge|[of] p1a: Tapu Bulu\n|move|p2a: Hippowdon|Earthquake|p1a: Tapu Bulu\n|-resisted|p1a: Tapu Bulu\n|-damage|p1a: Tapu Bulu|32\/100\n|\n|-heal|p1a: Tapu Bulu|39\/100|[from] Grassy Terrain\n|upkeep\n|turn|30\n|inactive|A X L Pendergast has 30 seconds left.\n|\n|t:|1660883222\n|move|p1a: Tapu Bulu|Taunt|p2a: Hippowdon\n|-start|p2a: Hippowdon|move: Taunt\n|cant|p2a: Hippowdon|move: Taunt|Toxic\n|\n|-heal|p1a: Tapu Bulu|45\/100|[from] Grassy Terrain\n|upkeep\n|turn|31\n|\n|t:|1660883236\n|switch|p2a: Toxapex|Toxapex, M|100\/100\n|-damage|p2a: Toxapex|88\/100|[from] Stealth Rock\n|move|p1a: Tapu Bulu|Swords Dance|p1a: Tapu Bulu\n|-boost|p1a: Tapu Bulu|atk|2\n|\n|-heal|p1a: Tapu Bulu|51\/100|[from] Grassy Terrain\n|-heal|p2a: Toxapex|94\/100|[from] Grassy Terrain\n|upkeep\n|turn|32\n|\n|t:|1660883240\n|switch|p2a: Tapu Lele|Tapu Lele|100\/100\n|-damage|p2a: Tapu Lele|88\/100|[from] Stealth Rock\n|-fieldstart|move: Psychic Terrain|[from] ability: Psychic Surge|[of] p2a: Tapu Lele\n|move|p1a: Tapu Bulu|Taunt|p2a: Tapu Lele\n|-start|p2a: Tapu Lele|move: Taunt\n|\n|upkeep\n|turn|33\n|\n|t:|1660883263\n|switch|p1a: Heatran|Heatran, M|82\/100\n|-damage|p1a: Heatran|69\/100|[from] Stealth Rock\n|move|p2a: Tapu Lele|Psychic|p1a: Heatran\n|-resisted|p1a: Heatran\n|-damage|p1a: Heatran|38\/100\n|\n|-heal|p1a: Heatran|44\/100|[from] item: Leftovers\n|upkeep\n|turn|34\n|inactive|Daevank5 has 120 seconds left.\n|\n|t:|1660883286\n|move|p2a: Tapu Lele|Psychic|p1a: Heatran\n|-resisted|p1a: Heatran\n|-damage|p1a: Heatran|11\/100\n|move|p1a: Heatran|Magma Storm|p2a: Tapu Lele\n|-damage|p2a: Tapu Lele|41\/100\n|-activate|p2a: Tapu Lele|move: Magma Storm|[of] p1a: Heatran\n|\n|-heal|p1a: Heatran|17\/100|[from] item: Leftovers\n|-damage|p2a: Tapu Lele|28\/100|[from] move: Magma Storm|[partiallytrapped]\n|-end|p2a: Tapu Lele|move: Taunt\n|upkeep\n|turn|35\n|c|\u2606A X L Pendergast|nice play btw\n|c|\u2606Daevank5|thank you sir\n|\n|t:|1660883296\n|switch|p1a: Tyranitar|Tyranitar, F|76\/100\n|-damage|p1a: Tyranitar|64\/100|[from] Stealth Rock\n|-weather|Sandstorm|[from] ability: Sand Stream|[of] p1a: Tyranitar\n|move|p2a: Tapu Lele|Psychic|p1a: Tyranitar\n|-immune|p1a: Tyranitar\n|\n|-weather|Sandstorm|[upkeep]\n|-damage|p2a: Tapu Lele|22\/100|[from] Sandstorm\n|-end|p2a: Tapu Lele|Magma Storm|[partiallytrapped]|[silent]\n|upkeep\n|turn|36\n|\n|t:|1660883305\n|switch|p2a: Toxapex|Toxapex, M|100\/100\n|-damage|p2a: Toxapex|88\/100|[from] Stealth Rock\n|move|p1a: Tyranitar|Crunch|p2a: Toxapex\n|-damage|p2a: Toxapex|44\/100\n|-damage|p1a: Tyranitar|47\/100|[from] item: Rocky Helmet|[of] p2a: Toxapex\n|\n|-weather|Sandstorm|[upkeep]\n|-damage|p2a: Toxapex|37\/100|[from] Sandstorm\n|-fieldend|move: Psychic Terrain\n|upkeep\n|turn|37\n|\n|t:|1660883320\n|switch|p2a: Clefable|Clefable, F|95\/100\n|move|p1a: Tyranitar|Crunch|p2a: Clefable\n|-resisted|p2a: Clefable\n|-damage|p2a: Clefable|69\/100\n|\n|-weather|Sandstorm|[upkeep]\n|-damage|p2a: Clefable|62\/100|[from] Sandstorm\n|upkeep\n|turn|38\n|\n|t:|1660883325\n|switch|p1a: Heatran|Heatran, M|17\/100\n|-damage|p1a: Heatran|4\/100|[from] Stealth Rock\n|move|p2a: Clefable|Wish|p2a: Clefable\n|\n|-weather|Sandstorm|[upkeep]\n|-damage|p2a: Clefable|56\/100|[from] Sandstorm\n|-heal|p1a: Heatran|11\/100|[from] item: Leftovers\n|upkeep\n|turn|39\n|\n|t:|1660883335\n|move|p2a: Clefable|Protect|p2a: Clefable\n|-singleturn|p2a: Clefable|Protect\n|move|p1a: Heatran|Magma Storm|p2a: Clefable\n|-activate|p2a: Clefable|move: Protect\n|\n|-weather|none\n|-heal|p2a: Clefable|100\/100|[from] move: Wish|[wisher] Clefable\n|-heal|p1a: Heatran|17\/100|[from] item: Leftovers\n|upkeep\n|turn|40\n|inactive|A X L Pendergast has 60 seconds left.\n|inactive|Daevank5 has 120 seconds left.\n|\n|t:|1660883390\n|move|p1a: Heatran|Toxic|p2a: Clefable\n|-status|p2a: Clefable|tox\n|move|p2a: Clefable|Wish|p2a: Clefable\n|\n|-heal|p1a: Heatran|23\/100|[from] item: Leftovers\n|-damage|p2a: Clefable|94\/100 tox|[from] psn\n|upkeep\n|turn|41\n|j| astral kuriboh\n|inactive|A X L Pendergast has 60 seconds left.\n|l| astral kuriboh\n|\n|t:|1660883409\n|move|p1a: Heatran|Magma Storm|p2a: Clefable\n|-damage|p2a: Clefable|50\/100 tox\n|-activate|p2a: Clefable|move: Magma Storm|[of] p1a: Heatran\n|move|p2a: Clefable|Heal Bell|p2a: Clefable\n|-activate|p2a: Clefable|move: Heal Bell\n|-curestatus|p2a: Clefable|tox|[msg]\n|-curestatus|p2: Mew|tox|[msg]\n|\n|-heal|p2a: Clefable|99\/100|[from] move: Wish|[wisher] Clefable\n|-heal|p1a: Heatran|29\/100|[from] item: Leftovers\n|-damage|p2a: Clefable|88\/100|[from] move: Magma Storm|[partiallytrapped]\n|upkeep\n|turn|42\n|\n|t:|1660883421\n|move|p1a: Heatran|Substitute|p1a: Heatran\n|-start|p1a: Heatran|Substitute\n|-damage|p1a: Heatran|4\/100\n|move|p2a: Clefable|Wish|p2a: Clefable\n|\n|-heal|p1a: Heatran|11\/100|[from] item: Leftovers\n|-damage|p2a: Clefable|75\/100|[from] move: Magma Storm|[partiallytrapped]\n|upkeep\n|turn|43\n|\n|t:|1660883427\n|move|p1a: Heatran|Toxic|p2a: Clefable\n|-status|p2a: Clefable|tox\n|move|p2a: Clefable|Moonblast|p1a: Heatran\n|-resisted|p1a: Heatran\n|-activate|p1a: Heatran|move: Substitute|[damage]\n|\n|-heal|p2a: Clefable|100\/100 tox|[from] move: Wish|[wisher] Clefable\n|-heal|p1a: Heatran|17\/100|[from] item: Leftovers\n|-damage|p2a: Clefable|94\/100 tox|[from] psn\n|-damage|p2a: Clefable|82\/100 tox|[from] move: Magma Storm|[partiallytrapped]\n|upkeep\n|turn|44\n|\n|t:|1660883432\n|move|p1a: Heatran|Earth Power|p2a: Clefable\n|-damage|p2a: Clefable|56\/100 tox\n|move|p2a: Clefable|Wish|p2a: Clefable\n|\n|-heal|p1a: Heatran|23\/100|[from] item: Leftovers\n|-damage|p2a: Clefable|44\/100 tox|[from] psn\n|-damage|p2a: Clefable|31\/100 tox|[from] move: Magma Storm|[partiallytrapped]\n|upkeep\n|turn|45\n|\n|t:|1660883448\n|move|p2a: Clefable|Protect|p2a: Clefable\n|-singleturn|p2a: Clefable|Protect\n|move|p1a: Heatran|Magma Storm|p2a: Clefable\n|-activate|p2a: Clefable|move: Protect\n|\n|-heal|p2a: Clefable|81\/100 tox|[from] move: Wish|[wisher] Clefable\n|-heal|p1a: Heatran|29\/100|[from] item: Leftovers\n|-damage|p2a: Clefable|63\/100 tox|[from] psn\n|-end|p2a: Clefable|Magma Storm|[partiallytrapped]\n|upkeep\n|turn|46\n|inactive|Daevank5 has 120 seconds left.\n|c|\u2606A X L Pendergast|this heatran puts in so much work\n|\n|t:|1660883479\n|switch|p2a: Hippowdon|Hippowdon, F|100\/100\n|-damage|p2a: Hippowdon|94\/100|[from] Stealth Rock\n|move|p1a: Heatran|Magma Storm|p2a: Hippowdon\n|-damage|p2a: Hippowdon|65\/100\n|-activate|p2a: Hippowdon|move: Magma Storm|[of] p1a: Heatran\n|\n|-heal|p1a: Heatran|35\/100|[from] item: Leftovers\n|-heal|p2a: Hippowdon|71\/100|[from] item: Leftovers\n|-damage|p2a: Hippowdon|59\/100|[from] move: Magma Storm|[partiallytrapped]\n|upkeep\n|turn|47\n|\n|t:|1660883483\n|move|p1a: Heatran|Toxic|p2a: Hippowdon\n|-status|p2a: Hippowdon|tox\n|move|p2a: Hippowdon|Earthquake|p1a: Heatran\n|-supereffective|p1a: Heatran\n|-end|p1a: Heatran|Substitute\n|\n|-heal|p1a: Heatran|42\/100|[from] item: Leftovers\n|-heal|p2a: Hippowdon|65\/100 tox|[from] item: Leftovers\n|-damage|p2a: Hippowdon|59\/100 tox|[from] psn\n|-damage|p2a: Hippowdon|46\/100 tox|[from] move: Magma Storm|[partiallytrapped]\n|upkeep\n|turn|48\n|\n|t:|1660883488\n|move|p1a: Heatran|Earth Power|p2a: Hippowdon\n|-damage|p2a: Hippowdon|26\/100 tox\n|move|p2a: Hippowdon|Slack Off|p2a: Hippowdon\n|-heal|p2a: Hippowdon|76\/100 tox\n|\n|-heal|p1a: Heatran|48\/100|[from] item: Leftovers\n|-heal|p2a: Hippowdon|82\/100 tox|[from] item: Leftovers\n|-damage|p2a: Hippowdon|70\/100 tox|[from] psn\n|-damage|p2a: Hippowdon|57\/100 tox|[from] move: Magma Storm|[partiallytrapped]\n|upkeep\n|turn|49\n|\n|t:|1660883493\n|move|p1a: Heatran|Earth Power|p2a: Hippowdon\n|-crit|p2a: Hippowdon\n|-damage|p2a: Hippowdon|28\/100 tox\n|move|p2a: Hippowdon|Slack Off|p2a: Hippowdon\n|-heal|p2a: Hippowdon|78\/100 tox\n|\n|-heal|p1a: Heatran|54\/100|[from] item: Leftovers\n|-heal|p2a: Hippowdon|84\/100 tox|[from] item: Leftovers\n|-damage|p2a: Hippowdon|65\/100 tox|[from] psn\n|-damage|p2a: Hippowdon|53\/100 tox|[from] move: Magma Storm|[partiallytrapped]\n|upkeep\n|turn|50\n|\n|t:|1660883497\n|move|p1a: Heatran|Substitute|p1a: Heatran\n|-start|p1a: Heatran|Substitute\n|-damage|p1a: Heatran|29\/100\n|move|p2a: Hippowdon|Earthquake|p1a: Heatran\n|-supereffective|p1a: Heatran\n|-end|p1a: Heatran|Substitute\n|\n|-heal|p1a: Heatran|35\/100|[from] item: Leftovers\n|-heal|p2a: Hippowdon|59\/100 tox|[from] item: Leftovers\n|-damage|p2a: Hippowdon|35\/100 tox|[from] psn\n|-end|p2a: Hippowdon|Magma Storm|[partiallytrapped]\n|upkeep\n|turn|51\n|inactive|A X L Pendergast has 90 seconds left.\n|\n|t:|1660883542\n|switch|p1a: Tapu Bulu|Tapu Bulu|51\/100\n|-damage|p1a: Tapu Bulu|38\/100|[from] Stealth Rock\n|-fieldstart|move: Grassy Terrain|[from] ability: Grassy Surge|[of] p1a: Tapu Bulu\n|move|p2a: Hippowdon|Slack Off|p2a: Hippowdon\n|-heal|p2a: Hippowdon|85\/100 tox\n|\n|-heal|p1a: Tapu Bulu|44\/100|[from] Grassy Terrain\n|-heal|p2a: Hippowdon|91\/100 tox|[from] Grassy Terrain\n|-heal|p2a: Hippowdon|97\/100 tox|[from] item: Leftovers\n|-damage|p2a: Hippowdon|66\/100 tox|[from] psn\n|upkeep\n|turn|52\n|inactive|A X L Pendergast has 60 seconds left.\n|inactive|Daevank5 has 120 seconds left.\n|\n|t:|1660883589\n|switch|p2a: Toxapex|Toxapex, M|71\/100\n|-damage|p2a: Toxapex|58\/100|[from] Stealth Rock\n|move|p1a: Tapu Bulu|Taunt|p2a: Toxapex\n|-start|p2a: Toxapex|move: Taunt\n|\n|-heal|p1a: Tapu Bulu|50\/100|[from] Grassy Terrain\n|-heal|p2a: Toxapex|64\/100|[from] Grassy Terrain\n|upkeep\n|turn|53\n|inactive|Daevank5 has 90 seconds left.\n|inactive|Daevank5 has 60 seconds left.\n|\n|t:|1660883655\n|move|p1a: Tapu Bulu|Horn Leech|p2a: Toxapex\n|-damage|p2a: Toxapex|39\/100\n|-heal|p1a: Tapu Bulu|62\/100|[from] drain|[of] p2a: Toxapex\n|-damage|p1a: Tapu Bulu|45\/100|[from] item: Rocky Helmet|[of] p2a: Toxapex\n|move|p2a: Toxapex|Knock Off|p1a: Tapu Bulu\n|-resisted|p1a: Tapu Bulu\n|-damage|p1a: Tapu Bulu|41\/100\n|\n|-heal|p1a: Tapu Bulu|47\/100|[from] Grassy Terrain\n|-heal|p2a: Toxapex|46\/100|[from] Grassy Terrain\n|upkeep\n|turn|54\n|inactive|Daevank5 has 60 seconds left.\n|inactive|A X L Pendergast has 60 seconds left.\n|inactive|Daevank5 has 30 seconds left.\n|\n|t:|1660883699\n|switch|p2a: Clefable|Clefable, F|63\/100 tox\n|move|p1a: Tapu Bulu|Horn Leech|p2a: Clefable\n|-damage|p2a: Clefable|32\/100 tox\n|-heal|p1a: Tapu Bulu|65\/100|[from] drain|[of] p2a: Clefable\n|\n|-heal|p1a: Tapu Bulu|71\/100|[from] Grassy Terrain\n|-heal|p2a: Clefable|39\/100 tox|[from] Grassy Terrain\n|-damage|p2a: Clefable|32\/100 tox|[from] psn\n|upkeep\n|turn|55\n|c|\u2606A X L Pendergast|ada bulu would be long dead\n|c|\u2606A X L Pendergast|dang\n|inactive|A X L Pendergast has 60 seconds left.\n|c|\u2606A X L Pendergast|going in hard\n|\n|t:|1660883713\n|switch|p2a: Tapu Lele|Tapu Lele|22\/100\n|-damage|p2a: Tapu Lele|10\/100|[from] Stealth Rock\n|-fieldstart|move: Psychic Terrain|[from] ability: Psychic Surge|[of] p2a: Tapu Lele\n|move|p1a: Tapu Bulu|Horn Leech|p2a: Tapu Lele\n|-damage|p2a: Tapu Lele|0 fnt\n|-heal|p1a: Tapu Bulu|75\/100|[from] drain|[of] p2a: Tapu Lele\n|faint|p2a: Tapu Lele\n|\n|upkeep\n|c|\u2606Daevank5|this shit is packing me up\n|c|\u2606Daevank5|fuck\n|inactive|Daevank5 has 30 seconds left.\n|c|\u2606A X L Pendergast|ok spill the beans son\n|c|\u2606A X L Pendergast|i wanna know how ur lele pwn stall\n|inactive|Daevank5 has 20 seconds left.\n|c|\u2606Daevank5|okay i think thats game\n|c|\u2606Daevank5|FUCK\n|inactive|Daevank5 has 15 seconds left.\n|c|\u2606A X L Pendergast|cuz i wanna pwn stall\n|inactive|Daevank5 has 10 seconds left.\n|c|\u2606Daevank5|this fucking heatran + bulu\n|c|\u2606Daevank5|really just the bu lu\n|c|\u2606A X L Pendergast|hahahahaha\n|c|\u2606Daevank5|rolled me\n|inactive|Daevank5 has 5 seconds left.\n|c|\u2606Daevank5|gg\n|c|\u2606Daevank5|but yes\n|c|\u2606A X L Pendergast|gg\n|c|\u2606Daevank5|so\n|-message|Daevank5 lost due to inactivity.\n|\n|win|A X L Pendergast\n|raw|A X L Pendergast's rating: 1619 &rarr; <strong>1649<\/strong><br \/>(+30 for winning)\n|raw|Daevank5's rating: 1803 &rarr; <strong>1773<\/strong><br \/>(-30 for losing)\n|c|\u2606Daevank5|basically the thought process is\n|c|\u2606Daevank5|specs lele\n|c|\u2606Daevank5|is a very good stall breaker\n|c|\u2606A X L Pendergast|yes it sure is\n|c|\u2606Daevank5|but its just shy of knocking out things like corviknight\n|c|\u2606A X L Pendergast|ok ok\n|c|\u2606Daevank5|or 2 hit koing rather\n|c|\u2606Daevank5|corviknight\n|c|\u2606Daevank5|with specs psychic\n|c|\u2606A X L Pendergast|yes indeed\n|c|\u2606Daevank5|specs psychic does like 40% to blissey also\n|c|\u2606A X L Pendergast|dang\n|c|\u2606A X L Pendergast|so are u\n|c|\u2606A X L Pendergast|cm\n|c|\u2606A X L Pendergast|lol\n|c|\u2606Daevank5|yessss\n|c|\u2606Daevank5|so i magic room up\n|c|\u2606A X L Pendergast|LOL nice\n|c|\u2606Daevank5|teleport into the lele\n|c|\u2606Daevank5|cm up\n|c|\u2606Daevank5|magic room runs out\n|c|\u2606A X L Pendergast|goat.....\n|c|\u2606Daevank5|and then boom you just kill everything\n|c|\u2606Daevank5|so like i had a game before\n|c|\u2606Daevank5|where this guy was running max max sassy cressellia\n|c|\u2606Daevank5|i cm'd up\n|c|\u2606Daevank5|moonblasted on the switch\n|c|\u2606Daevank5|it did like 43\n|c|\u2606Daevank5|magic room ran ourt\n|c|\u2606Daevank5|out\n|c|\u2606Daevank5|and then it killed after with a moonblast\n|c|\u2606Daevank5|and then i wish'd into lele\n|c|\u2606Daevank5|and then just spammed psychic for the rest of the game\n|c|\u2606Daevank5|and the guy forfeited\n|c|\u2606A X L Pendergast|hahaha yooooo\n|c|\u2606Daevank5|https:\/\/replay.pokemonshowdown.com\/gen8ou-1642959090-52ti0jcaq4mpli3iq55qdh1fshicxtqpw\n|c|\u2606Daevank5|this is the game\n|c|\u2606A X L Pendergast|watching\n","uploadtime":1660883765,"views":39,"p1id":"axlpendergast","p2id":"daevank5","formatid":"gen8ou","rating":1649,"private":0,"password":null}