{"id":"gen8nationaldex-1578395435","p1":"TestingTesting1","p2":"Bayb The 2nd","format":"gen8nationaldex","log":"|j|\u2606TestingTesting1\n|j|\u2606Bayb The 2nd\n|t:|1652979275\n|gametype|singles\n|player|p1|TestingTesting1|101|1737\n|player|p2|Bayb The 2nd|acetrainer|1756\n|teamsize|p1|6\n|teamsize|p2|6\n|gen|8\n|tier|[Gen 8] National Dex\n|rated|\n|rule|HP Percentage Mod: HP is shown in percentages\n|rule|Endless Battle Clause: Forcing endless battles is banned\n|rule|OHKO Clause: OHKO moves are banned\n|rule|Evasion Moves Clause: Evasion moves are banned\n|rule|Species Clause: Limit one of each Pok\u00e9mon\n|rule|Dynamax Clause: You cannot dynamax\n|rule|Sleep Clause Mod: Limit one foe put to sleep\n|clearpoke\n|poke|p1|Pelipper, M|\n|poke|p1|Urshifu-*, F|\n|poke|p1|Charizard, F|\n|poke|p1|Darmanitan, M|\n|poke|p1|Hippowdon, M|\n|poke|p1|Excadrill, F|\n|poke|p2|Heracross, M|\n|poke|p2|Serperior, F|\n|poke|p2|Slowking, M|\n|poke|p2|Steelix, M|\n|poke|p2|Corviknight, M|\n|poke|p2|Hawlucha, F|\n|teampreview\n|inactive|Battle timer is ON: inactive players will automatically lose when time's up. (requested by Bayb The 2nd)\n|\n|t:|1652979285\n|start\n|switch|p1a: Pelipper|Pelipper, M|100\/100\n|switch|p2a: Slowking|Slowking, M|100\/100\n|-weather|RainDance|[from] ability: Drizzle|[of] p1a: Pelipper\n|turn|1\n|\n|t:|1652979291\n|move|p1a: Pelipper|Hurricane|p2a: Slowking\n|-damage|p2a: Slowking|62\/100\n|move|p2a: Slowking|Scald|p1a: Pelipper\n|-resisted|p1a: Pelipper\n|-damage|p1a: Pelipper|50\/100\n|\n|-weather|RainDance|[upkeep]\n|upkeep\n|turn|2\n|\n|t:|1652979300\n|switch|p1a: Hippowdon|Hippowdon, M|100\/100\n|-weather|Sandstorm|[from] ability: Sand Stream|[of] p1a: Hippowdon\n|move|p2a: Slowking|Scald|p1a: Hippowdon\n|-supereffective|p1a: Hippowdon\n|-damage|p1a: Hippowdon|43\/100\n|\n|-weather|Sandstorm|[upkeep]\n|-damage|p2a: Slowking|56\/100|[from] Sandstorm\n|-heal|p1a: Hippowdon|49\/100|[from] item: Leftovers\n|upkeep\n|turn|3\n|j| spectatoring\n|\n|t:|1652979312\n|switch|p2a: Serperior|Serperior, F|100\/100\n|move|p1a: Hippowdon|Slack Off|p1a: Hippowdon\n|-heal|p1a: Hippowdon|99\/100\n|\n|-weather|Sandstorm|[upkeep]\n|-damage|p2a: Serperior|94\/100|[from] Sandstorm\n|-heal|p2a: Serperior|100\/100|[from] item: Leftovers\n|-heal|p1a: Hippowdon|100\/100|[from] item: Leftovers\n|upkeep\n|turn|4\n|\n|t:|1652979323\n|switch|p1a: Charizard|Charizard, F|100\/100\n|move|p2a: Serperior|Substitute|p2a: Serperior\n|-start|p2a: Serperior|Substitute\n|-damage|p2a: Serperior|76\/100\n|\n|-weather|Sandstorm|[upkeep]\n|-damage|p2a: Serperior|70\/100|[from] Sandstorm\n|-damage|p1a: Charizard|94\/100|[from] Sandstorm\n|-heal|p2a: Serperior|76\/100|[from] item: Leftovers\n|upkeep\n|turn|5\n|\n|t:|1652979331\n|detailschange|p1a: Charizard|Charizard-Mega-Y, F\n|-mega|p1a: Charizard|Charizard|Charizardite Y\n|-weather|SunnyDay|[from] ability: Drought|[of] p1a: Charizard\n|move|p2a: Serperior|Glare|p1a: Charizard\n|-status|p1a: Charizard|par\n|cant|p1a: Charizard|par\n|\n|-weather|SunnyDay|[upkeep]\n|-heal|p2a: Serperior|82\/100|[from] item: Leftovers\n|upkeep\n|turn|6\n|inactive|TestingTesting1 has 120 seconds left.\n|inactive|TestingTesting1 has 90 seconds left.\n|inactive|TestingTesting1 has 60 seconds left.\n|\n|t:|1652979443\n|move|p2a: Serperior|Leech Seed|p1a: Charizard\n|-start|p1a: Charizard|move: Leech Seed\n|move|p1a: Charizard|Weather Ball|p2a: Serperior\n|-supereffective|p2a: Serperior\n|-end|p2a: Serperior|Substitute\n|\n|-weather|SunnyDay|[upkeep]\n|-heal|p2a: Serperior|88\/100|[from] item: Leftovers\n|-damage|p1a: Charizard|82\/100 par|[from] Leech Seed|[of] p2a: Serperior\n|-heal|p2a: Serperior|100\/100|[silent]\n|upkeep\n|turn|7\n|\n|t:|1652979454\n|switch|p1a: Urshifu|Urshifu-Rapid-Strike, F|100\/100\n|move|p2a: Serperior|Substitute|p2a: Serperior\n|-start|p2a: Serperior|Substitute\n|-damage|p2a: Serperior|76\/100\n|\n|-weather|SunnyDay|[upkeep]\n|-heal|p2a: Serperior|82\/100|[from] item: Leftovers\n|upkeep\n|turn|8\n|\n|t:|1652979461\n|move|p1a: Urshifu|U-turn|p2a: Serperior\n|-supereffective|p2a: Serperior\n|-end|p2a: Serperior|Substitute\n|\n|t:|1652979464\n|switch|p1a: Charizard|Charizard-Mega-Y, F|82\/100 par|[from]move: U-turn\n|move|p2a: Serperior|Substitute|p2a: Serperior\n|-start|p2a: Serperior|Substitute\n|-damage|p2a: Serperior|57\/100\n|\n|-weather|SunnyDay|[upkeep]\n|-heal|p2a: Serperior|63\/100|[from] item: Leftovers\n|upkeep\n|turn|9\n|\n|t:|1652979479\n|move|p2a: Serperior|Leech Seed|p1a: Charizard\n|-start|p1a: Charizard|move: Leech Seed\n|cant|p1a: Charizard|par\n|\n|-weather|none\n|-heal|p2a: Serperior|70\/100|[from] item: Leftovers\n|-damage|p1a: Charizard|70\/100 par|[from] Leech Seed|[of] p2a: Serperior\n|-heal|p2a: Serperior|82\/100|[silent]\n|upkeep\n|turn|10\n|-message|TestingTesting1 forfeited.\n|\n|win|Bayb The 2nd\n|raw|TestingTesting1's rating: 1737 &rarr; <strong>1718<\/strong><br \/>(-19 for losing)\n|raw|Bayb The 2nd's rating: 1756 &rarr; <strong>1775<\/strong><br \/>(+19 for winning)\n|l|\u2606TestingTesting1\n","uploadtime":1652979490,"views":21,"p1id":"testingtesting1","p2id":"baybthe2nd","formatid":"gen8nationaldex","rating":1718,"private":0,"password":null}