{"id":"gen8randombattle-1683041452","p1":"MurderousMantyke","p2":"Magmar54\u2764","format":"gen8randombattle","log":"|j|\u2606MurderousMantyke\n|j|\u2606Magmar54\u2764\n|t:|1665493248\n|gametype|singles\n|player|p1|MurderousMantyke|#helpstaffxmas|1893\n|player|p2|Magmar54\u2764|elesa-masters|1894\n|teamsize|p1|6\n|teamsize|p2|6\n|gen|8\n|tier|[Gen 8] Random Battle\n|rated|\n|rule|Species Clause: Limit one of each Pok\u00e9mon\n|rule|HP Percentage Mod: HP is shown in percentages\n|rule|Sleep Clause Mod: Limit one foe put to sleep\n|\n|t:|1665493248\n|start\n|switch|p1a: Claydol|Claydol, L86|243\/243\n|switch|p2a: Xatu|Xatu, L89, F|260\/260\n|turn|1\n|inactive|Battle timer is ON: inactive players will automatically lose when time's up. (requested by Magmar54\u2764)\n|c|\u2606MurderousMantyke|hf\n|c|\u2606MurderousMantyke|yooo\n|inactive|Magmar54\u2764 has 120 seconds left.\n|c|\u2606Magmar54\u2764|Hf\n|inactive|Magmar54\u2764 has 90 seconds left.\n|inactive|Magmar54\u2764 has 60 seconds left.\n|\n|t:|1665493350\n|switch|p1a: Umbreon|Umbreon, L82, F|290\/290\n|move|p2a: Xatu|Teleport|p2a: Xatu\n|\n|t:|1665493361\n|switch|p2a: Durant|Durant, L78, M|219\/219\n|\n|upkeep\n|turn|2\n|\n|t:|1665493369\n|move|p2a: Durant|Superpower|p1a: Umbreon\n|-supereffective|p1a: Umbreon\n|-damage|p1a: Umbreon|9\/290\n|-unboost|p2a: Durant|atk|1\n|-unboost|p2a: Durant|def|1\n|-damage|p2a: Durant|198\/219|[from] item: Life Orb\n|move|p1a: Umbreon|Foul Play|p2a: Durant\n|-damage|p2a: Durant|107\/219\n|\n|-heal|p1a: Umbreon|27\/290|[from] item: Leftovers\n|upkeep\n|turn|3\n|\n|t:|1665493379\n|move|p2a: Durant|Iron Head|p1a: Umbreon|[miss]\n|-miss|p2a: Durant|p1a: Umbreon\n|move|p1a: Umbreon|Wish|p1a: Umbreon\n|\n|-heal|p1a: Umbreon|45\/290|[from] item: Leftovers\n|upkeep\n|turn|4\n|\n|t:|1665493383\n|switch|p2a: Pheromosa|Pheromosa, L75|230\/230\n|move|p1a: Umbreon|Foul Play|p2a: Pheromosa\n|-resisted|p2a: Pheromosa\n|-damage|p2a: Pheromosa|113\/230\n|\n|-heal|p1a: Umbreon|190\/290|[from] move: Wish|[wisher] Umbreon\n|-heal|p1a: Umbreon|208\/290|[from] item: Leftovers\n|upkeep\n|turn|5\n|\n|t:|1665493389\n|move|p1a: Umbreon|Protect|p1a: Umbreon\n|-singleturn|p1a: Umbreon|Protect\n|move|p2a: Pheromosa|Close Combat|p1a: Umbreon\n|-activate|p1a: Umbreon|move: Protect\n|\n|-heal|p1a: Umbreon|226\/290|[from] item: Leftovers\n|upkeep\n|turn|6\n|\n|t:|1665493395\n|switch|p1a: Claydol|Claydol, L86|243\/243\n|move|p2a: Pheromosa|Close Combat|p1a: Claydol\n|-resisted|p1a: Claydol\n|-damage|p1a: Claydol|182\/243\n|-unboost|p2a: Pheromosa|def|1\n|-unboost|p2a: Pheromosa|spd|1\n|\n|-heal|p1a: Claydol|197\/243|[from] item: Leftovers\n|upkeep\n|turn|7\n|\n|t:|1665493407\n|move|p2a: Pheromosa|U-turn|p1a: Claydol\n|-supereffective|p1a: Claydol\n|-damage|p1a: Claydol|43\/243\n|\n|t:|1665493411\n|switch|p2a: Xatu|Xatu, L89, F|260\/260\n|move|p1a: Claydol|Psychic|p2a: Xatu\n|-resisted|p2a: Xatu\n|-damage|p2a: Xatu|216\/260\n|\n|-heal|p1a: Claydol|58\/243|[from] item: Leftovers\n|upkeep\n|turn|8\n|\n|t:|1665493419\n|switch|p1a: Umbreon|Umbreon, L82, F|226\/290\n|move|p2a: Xatu|Heat Wave|p1a: Umbreon\n|-damage|p1a: Umbreon|171\/290\n|\n|-heal|p1a: Umbreon|189\/290|[from] item: Leftovers\n|upkeep\n|turn|9\n|\n|t:|1665493423\n|switch|p2a: Lopunny|Lopunny, L90, F|263\/263\n|move|p1a: Umbreon|Foul Play|p2a: Lopunny\n|-damage|p2a: Lopunny|173\/263\n|\n|-heal|p1a: Umbreon|207\/290|[from] item: Leftovers\n|-status|p2a: Lopunny|tox|[from] item: Toxic Orb\n|upkeep\n|turn|10\n|\n|t:|1665493429\n|move|p1a: Umbreon|Protect|p1a: Umbreon\n|-singleturn|p1a: Umbreon|Protect\n|move|p2a: Lopunny|Facade|p1a: Umbreon\n|-activate|p1a: Umbreon|move: Protect\n|\n|-heal|p1a: Umbreon|225\/290|[from] item: Leftovers\n|-damage|p2a: Lopunny|157\/263 tox|[from] psn\n|upkeep\n|turn|11\n|\n|t:|1665493432\n|switch|p1a: Claydol|Claydol, L86|58\/243\n|move|p2a: Lopunny|Close Combat|p1a: Claydol\n|-resisted|p1a: Claydol\n|-damage|p1a: Claydol|22\/243\n|-unboost|p2a: Lopunny|def|1\n|-unboost|p2a: Lopunny|spd|1\n|\n|-heal|p1a: Claydol|37\/243|[from] item: Leftovers\n|-damage|p2a: Lopunny|125\/263 tox|[from] psn\n|upkeep\n|turn|12\n|\n|t:|1665493439\n|move|p2a: Lopunny|Facade|p1a: Claydol\n|-damage|p1a: Claydol|0 fnt\n|faint|p1a: Claydol\n|\n|-damage|p2a: Lopunny|77\/263 tox|[from] psn\n|upkeep\n|\n|t:|1665493460\n|switch|p1a: Tapu Lele|Tapu Lele, L79|240\/240\n|-fieldstart|move: Psychic Terrain|[from] ability: Psychic Surge|[of] p1a: Tapu Lele\n|turn|13\n|\n|t:|1665493465\n|move|p2a: Lopunny|Facade|p1a: Tapu Lele\n|-damage|p1a: Tapu Lele|66\/240\n|move|p1a: Tapu Lele|Moonblast|p2a: Lopunny\n|-damage|p2a: Lopunny|0 fnt\n|faint|p2a: Lopunny\n|-damage|p1a: Tapu Lele|42\/240|[from] item: Life Orb\n|\n|upkeep\n|\n|t:|1665493473\n|switch|p2a: Pheromosa|Pheromosa, L75|113\/230\n|turn|14\n|\n|t:|1665493477\n|move|p2a: Pheromosa|Poison Jab|p1a: Tapu Lele\n|-supereffective|p1a: Tapu Lele\n|-damage|p1a: Tapu Lele|0 fnt\n|faint|p1a: Tapu Lele\n|-ability|p2a: Pheromosa|Beast Boost|boost\n|-boost|p2a: Pheromosa|spe|1\n|\n|upkeep\n|\n|t:|1665493485\n|switch|p1a: Ninetales|Ninetales, L82, M|254\/254\n|-weather|SunnyDay|[from] ability: Drought|[of] p1a: Ninetales\n|turn|15\n|\n|t:|1665493492\n|move|p2a: Pheromosa|U-turn|p1a: Ninetales\n|-resisted|p1a: Ninetales\n|-damage|p1a: Ninetales|211\/254\n|\n|t:|1665493497\n|switch|p2a: Xatu|Xatu, L89, F|216\/260\n|move|p1a: Ninetales|Fire Blast|p2a: Xatu\n|-damage|p2a: Xatu|44\/260\n|\n|-weather|SunnyDay|[upkeep]\n|upkeep\n|turn|16\n|\n|t:|1665493503\n|move|p2a: Xatu|Psychic|p1a: Ninetales\n|-damage|p1a: Ninetales|120\/254\n|move|p1a: Ninetales|Fire Blast|p2a: Xatu\n|-damage|p2a: Xatu|0 fnt\n|faint|p2a: Xatu\n|\n|-weather|SunnyDay|[upkeep]\n|upkeep\n|\n|t:|1665493513\n|switch|p2a: Durant|Durant, L78, M|107\/219\n|turn|17\n|\n|t:|1665493521\n|switch|p1a: Mienshao|Mienshao, L82, F|241\/241\n|move|p2a: Durant|Rock Slide|p1a: Mienshao|[miss]\n|-miss|p2a: Durant|p1a: Mienshao\n|\n|-weather|SunnyDay|[upkeep]\n|-fieldend|move: Psychic Terrain\n|upkeep\n|turn|18\n|\n|t:|1665493528\n|move|p1a: Mienshao|Close Combat|p2a: Durant\n|-damage|p2a: Durant|0 fnt\n|-unboost|p1a: Mienshao|def|1\n|-unboost|p1a: Mienshao|spd|1\n|faint|p2a: Durant\n|-damage|p1a: Mienshao|217\/241|[from] item: Life Orb\n|\n|-weather|SunnyDay|[upkeep]\n|upkeep\n|\n|t:|1665493538\n|switch|p2a: Pheromosa|Pheromosa, L75|113\/230\n|turn|19\n|\n|t:|1665493546\n|switch|p1a: Ninetales|Ninetales, L82, M|120\/254\n|move|p2a: Pheromosa|Close Combat|p1a: Ninetales\n|-damage|p1a: Ninetales|0 fnt\n|-unboost|p2a: Pheromosa|def|1\n|-unboost|p2a: Pheromosa|spd|1\n|faint|p1a: Ninetales\n|-ability|p2a: Pheromosa|Beast Boost|boost\n|-boost|p2a: Pheromosa|spe|1\n|\n|-weather|none\n|upkeep\n|\n|t:|1665493554\n|switch|p1a: Mienshao|Mienshao, L82, F|241\/241\n|turn|20\n|\n|t:|1665493565\n|move|p2a: Pheromosa|U-turn|p1a: Mienshao\n|-resisted|p1a: Mienshao\n|-damage|p1a: Mienshao|189\/241\n|\n|t:|1665493576\n|switch|p2a: Cherrim|Cherrim, L93, F|281\/281\n|move|p1a: Mienshao|Close Combat|p2a: Cherrim\n|-damage|p2a: Cherrim|70\/281\n|-unboost|p1a: Mienshao|def|1\n|-unboost|p1a: Mienshao|spd|1\n|-damage|p1a: Mienshao|165\/241|[from] item: Life Orb\n|\n|upkeep\n|turn|21\n|\n|t:|1665493584\n|switch|p1a: Umbreon|Umbreon, L82, F|225\/290\n|move|p2a: Cherrim|Energy Ball|p1a: Umbreon\n|-damage|p1a: Umbreon|147\/290\n|\n|-heal|p1a: Umbreon|165\/290|[from] item: Leftovers\n|upkeep\n|turn|22\n|\n|t:|1665493590\n|move|p2a: Cherrim|Energy Ball|p1a: Umbreon\n|-damage|p1a: Umbreon|87\/290\n|move|p1a: Umbreon|Foul Play|p2a: Cherrim\n|-damage|p2a: Cherrim|9\/281\n|\n|-heal|p1a: Umbreon|105\/290|[from] item: Leftovers\n|upkeep\n|turn|23\n|\n|t:|1665493596\n|move|p2a: Cherrim|Energy Ball|p1a: Umbreon\n|-damage|p1a: Umbreon|24\/290\n|move|p1a: Umbreon|Wish|p1a: Umbreon\n|\n|-heal|p1a: Umbreon|42\/290|[from] item: Leftovers\n|upkeep\n|turn|24\n|\n|t:|1665493601\n|switch|p2a: Pheromosa|Pheromosa, L75|113\/230\n|move|p1a: Umbreon|Protect||[still]\n|-fail|p1a: Umbreon\n|\n|-heal|p1a: Umbreon|187\/290|[from] move: Wish|[wisher] Umbreon\n|-heal|p1a: Umbreon|205\/290|[from] item: Leftovers\n|upkeep\n|turn|25\n|\n|t:|1665493609\n|move|p2a: Pheromosa|Close Combat|p1a: Umbreon\n|-supereffective|p1a: Umbreon\n|-damage|p1a: Umbreon|0 fnt\n|-unboost|p2a: Pheromosa|def|1\n|-unboost|p2a: Pheromosa|spd|1\n|faint|p1a: Umbreon\n|-ability|p2a: Pheromosa|Beast Boost|boost\n|-boost|p2a: Pheromosa|spe|1\n|\n|upkeep\n|\n|t:|1665493611\n|switch|p1a: Mienshao|Mienshao, L82, F|241\/241\n|turn|26\n|\n|t:|1665493623\n|move|p2a: Pheromosa|U-turn|p1a: Mienshao\n|-resisted|p1a: Mienshao\n|-damage|p1a: Mienshao|191\/241\n|\n|t:|1665493635\n|switch|p2a: Polteageist|Polteageist, L78|222\/222\n|move|p1a: Mienshao|Poison Jab|p2a: Polteageist\n|-resisted|p2a: Polteageist\n|-damage|p2a: Polteageist|166\/222\n|-status|p2a: Polteageist|psn\n|-damage|p1a: Mienshao|167\/241|[from] item: Life Orb\n|\n|-damage|p2a: Polteageist|139\/222 psn|[from] psn\n|upkeep\n|turn|27\n|\n|t:|1665493642\n|move|p1a: Mienshao|Stone Edge|p2a: Polteageist\n|-damage|p2a: Polteageist|0 fnt\n|faint|p2a: Polteageist\n|-damage|p1a: Mienshao|143\/241|[from] item: Life Orb\n|\n|upkeep\n|\n|t:|1665493659\n|switch|p2a: Cherrim|Cherrim, L93, F|9\/281\n|turn|28\n|\n|t:|1665493663\n|switch|p1a: Tyrantrum|Tyrantrum, L82, F|269\/269\n|move|p2a: Cherrim|Petal Dance|p1a: Tyrantrum\n|-damage|p1a: Tyrantrum|58\/269\n|\n|upkeep\n|turn|29\n|\n|t:|1665493668\n|move|p2a: Cherrim|Petal Dance|p1a: Tyrantrum|[from]lockedmove\n|-crit|p1a: Tyrantrum\n|-damage|p1a: Tyrantrum|0 fnt\n|faint|p1a: Tyrantrum\n|-start|p2a: Cherrim|confusion|[fatigue]\n|\n|upkeep\n|\n|t:|1665493671\n|switch|p1a: Mienshao|Mienshao, L82, F|223\/241\n|turn|30\n|\n|t:|1665493674\n|-start|p1a: Mienshao|Dynamax|\n|-heal|p1a: Mienshao|446\/482|[silent]\n|-activate|p2a: Cherrim|confusion\n|-damage|p2a: Cherrim|0 fnt|[from] confusion\n|faint|p2a: Cherrim\n|move|p1a: Mienshao|Max Knuckle|p2: Cherrim|[notarget]\n|-fail|p1a: Mienshao\n|\n|upkeep\n|\n|t:|1665493678\n|switch|p2a: Pheromosa|Pheromosa, L75|113\/230\n|turn|31\n|\n|t:|1665493690\n|-start|p2a: Pheromosa|Dynamax|\n|-heal|p2a: Pheromosa|226\/460|[silent]\n|move|p2a: Pheromosa|Max Knuckle|p1a: Mienshao\n|-damage|p1a: Mienshao|296\/482\n|-boost|p2a: Pheromosa|atk|1\n|move|p1a: Mienshao|Max Rockfall|p2a: Pheromosa\n|-damage|p2a: Pheromosa|0 fnt\n|-weather|Sandstorm\n|faint|p2a: Pheromosa\n|-damage|p1a: Mienshao|272\/482|[from] item: Life Orb\n|\n|win|MurderousMantyke\n|raw|MurderousMantyke's rating: 1893 &rarr; <strong>1913<\/strong><br \/>(+20 for winning)\n|raw|Magmar54\u2764's rating: 1894 &rarr; <strong>1874<\/strong><br \/>(-20 for losing)\n|c|\u2606MurderousMantyke|gg\n|c|\u2606Magmar54\u2764|Gg\n|l|\u2606Magmar54\u2764\n||Ladder isn't responding, score probably updated but might not have (Request timeout).\n","inputlog":">version ee3903879dd92fa0a0bba6303065983b970e844a\n>start {\"formatid\":\"gen8randombattle\",\"seed\":[37905,5973,10128,36793],\"rated\":\"Rated battle\"}\n>player p1 {\"name\":\"MurderousMantyke\",\"avatar\":\"#helpstaffxmas\",\"rating\":1893,\"seed\":[64106,49364,2887,44454]}\n>player p2 {\"name\":\"Magmar54\u2764\",\"avatar\":\"elesa-masters\",\"rating\":1894,\"seed\":[37732,14955,3217,48620]}\n>chat \u2606MurderousMantyke|hf\n>chat \u2606MurderousMantyke|yooo\n>chat \u2606Magmar54\u2764| Hf\n>p1 switch 5\n>p2 move teleport\n>p2 switch 6\n>p1 move foulplay\n>p2 move superpower\n>p1 move wish\n>p2 move ironhead\n>p1 move foulplay\n>p2 switch 2\n>p1 move protect\n>p2 move closecombat\n>p1 switch 5\n>p2 move closecombat\n>p1 move psychic\n>p2 move uturn\n>p2 switch 6\n>p1 switch 5\n>p2 move heatwave\n>p1 move foulplay\n>p2 switch 5\n>p1 move protect\n>p2 move facade\n>p1 switch 5\n>p2 move closecombat\n>p1 move psychic\n>p2 move facade\n>p1 switch 3\n>p1 move moonblast\n>p2 move facade\n>p2 switch 6\n>p1 move moonblast\n>p2 move poisonjab\n>p1 switch 4\n>p1 move fireblast\n>p2 move uturn\n>p2 switch 5\n>p1 move fireblast\n>p2 move psychic\n>p2 switch 2\n>p1 switch 6\n>p2 move rockslide\n>p1 move closecombat\n>p2 move ironhead\n>p2 switch 5\n>p1 switch 6\n>p2 move closecombat\n>p1 switch 6\n>p1 move closecombat\n>p2 move uturn\n>p2 switch 3\n>p1 switch 5\n>p2 move energyball\n>p1 move foulplay\n>p2 move energyball\n>p1 move wish\n>p2 move energyball\n>p1 move protect\n>p2 switch 3\n>p1 move foulplay\n>p2 move closecombat\n>p1 switch 5\n>p1 move poisonjab\n>p2 move uturn\n>p2 switch 4\n>p1 move stoneedge\n>p2 move strengthsap\n>p2 switch 3\n>p1 switch 2\n>p2 move petaldance\n>p1 move earthquake\n>p2 move petaldance\n>p1 switch 2\n>p1 move closecombat dynamax\n>p2 move petaldance\n>p2 switch 4\n>p1 move stoneedge dynamax\n>p2 move closecombat dynamax","uploadtime":1665493702,"views":5,"p1id":"murderousmantyke","p2id":"magmar54","formatid":"gen8randombattle","rating":1874,"private":0,"password":null}