{"id":"gen8ou-1688323558","p1":"Daevank5","p2":"minimax_ai","format":"gen8ou","log":"|html|<div class=\"broadcast-blue\"><strong>[Gen 8] OU is currently suspecting Melmetal! For information on how to participate check out the <a href=\"https:\/\/www.smogon.com\/forums\/threads\/np-ss-ou-suspect-process-round-12-monster-mash.3709234\/\">suspect thread<\/a>.<\/strong><\/div>\n|j|\u2606Daevank5\n|j|\u2606minimax_ai\n|t:|1666053209\n|gametype|singles\n|player|p1|Daevank5|workerice|1653\n|player|p2|minimax_ai|lusamine-nihilego|1600\n|teamsize|p1|6\n|teamsize|p2|6\n|gen|8\n|tier|[Gen 8] OU\n|rated|\n|rule|Sleep Clause Mod: Limit one foe put to sleep\n|rule|Species Clause: Limit one of each Pok\u00e9mon\n|rule|OHKO Clause: OHKO moves are banned\n|rule|Evasion Items Clause: Evasion items are banned\n|rule|Evasion Moves Clause: Evasion moves are banned\n|rule|Endless Battle Clause: Forcing endless battles is banned\n|rule|HP Percentage Mod: HP is shown in percentages\n|rule|Dynamax Clause: You cannot dynamax\n|clearpoke\n|poke|p1|Bisharp, F|\n|poke|p1|Tornadus-Therian, M|\n|poke|p1|Slowbro, F|\n|poke|p1|Garchomp, M|\n|poke|p1|Tapu Koko|\n|poke|p1|Aegislash, M|\n|poke|p2|Rotom-Wash|\n|poke|p2|Weavile, M|\n|poke|p2|Landorus-Therian, M|\n|poke|p2|Heatran, M|\n|poke|p2|Tangrowth, M|\n|poke|p2|Melmetal|\n|teampreview\n|c|\u2606minimax_ai|hf\n|inactive|Battle timer is ON: inactive players will automatically lose when time's up. (requested by minimax_ai)\n|j| Jongruenwald\n|\n|t:|1666053221\n|start\n|switch|p1a: Garchomp|Garchomp, M|100\/100\n|switch|p2a: Melmetal|Melmetal|100\/100\n|turn|1\n|\n|t:|1666053225\n|switch|p1a: Slowbro|Slowbro, F|100\/100\n|move|p2a: Melmetal|Double Iron Bash|p1a: Slowbro\n|-resisted|p1a: Slowbro\n|-damage|p1a: Slowbro|89\/100\n|-resisted|p1a: Slowbro\n|-damage|p1a: Slowbro|77\/100\n|-hitcount|p1a: Slowbro|2\n|\n|upkeep\n|turn|2\n|\n|t:|1666053229\n|switch|p1a: Aegislash|Aegislash, M|100\/100\n|move|p2a: Melmetal|Double Iron Bash|p1a: Aegislash\n|-resisted|p1a: Aegislash\n|-damage|p1a: Aegislash|85\/100\n|-resisted|p1a: Aegislash\n|-damage|p1a: Aegislash|68\/100\n|-hitcount|p1a: Aegislash|2\n|\n|-heal|p1a: Aegislash|74\/100|[from] item: Leftovers\n|upkeep\n|turn|3\n|\n|t:|1666053232\n|switch|p1a: Slowbro|Slowbro, F|100\/100\n|switch|p2a: Tangrowth|Tangrowth, M|100\/100\n|\n|upkeep\n|turn|4\n|\n|t:|1666053236\n|switch|p1a: Tapu Koko|Tapu Koko|100\/100\n|-fieldstart|move: Electric Terrain|[from] ability: Electric Surge|[of] p1a: Tapu Koko\n|move|p2a: Tangrowth|Giga Drain|p1a: Tapu Koko\n|-damage|p1a: Tapu Koko|57\/100\n|\n|upkeep\n|turn|5\n|\n|t:|1666053249\n|switch|p1a: Tornadus|Tornadus-Therian, M|100\/100\n|move|p2a: Tangrowth|Giga Drain|p1a: Tornadus\n|-resisted|p1a: Tornadus\n|-damage|p1a: Tornadus|87\/100\n|\n|upkeep\n|turn|6\n|\n|t:|1666053252\n|switch|p2a: Heatran|Heatran, M|100\/100\n|-item|p2a: Heatran|Air Balloon\n|move|p1a: Tornadus|Knock Off|p2a: Heatran\n|-damage|p2a: Heatran|80\/100\n|-enditem|p2a: Heatran|Air Balloon\n|\n|upkeep\n|turn|7\n|\n|t:|1666053255\n|switch|p1a: Garchomp|Garchomp, M|100\/100\n|move|p2a: Heatran|Magma Storm|p1a: Garchomp\n|-resisted|p1a: Garchomp\n|-damage|p1a: Garchomp|83\/100\n|-activate|p1a: Garchomp|move: Magma Storm|[of] p2a: Heatran\n|\n|-heal|p1a: Garchomp|89\/100|[from] item: Leftovers\n|-damage|p1a: Garchomp|76\/100|[from] move: Magma Storm|[partiallytrapped]\n|upkeep\n|turn|8\n|\n|t:|1666053257\n|switch|p2a: rotomwash|Rotom-Wash|100\/100\n|move|p1a: Garchomp|Stealth Rock|p2a: rotomwash\n|-sidestart|p2: minimax_ai|move: Stealth Rock\n|\n|-heal|p1a: Garchomp|83\/100|[from] item: Leftovers\n|-end|p1a: Garchomp|Magma Storm|[partiallytrapped]|[silent]\n|-fieldend|move: Electric Terrain\n|upkeep\n|turn|9\n|\n|t:|1666053259\n|move|p2a: rotomwash|Hydro Pump|p1a: Garchomp\n|-damage|p1a: Garchomp|53\/100\n|move|p1a: Garchomp|Toxic|p2a: rotomwash\n|-status|p2a: rotomwash|tox\n|\n|-heal|p1a: Garchomp|59\/100|[from] item: Leftovers\n|-damage|p2a: rotomwash|94\/100 tox|[from] psn\n|upkeep\n|turn|10\n|\n|t:|1666053262\n|move|p2a: rotomwash|Hydro Pump|p1a: Garchomp\n|-damage|p1a: Garchomp|28\/100\n|move|p1a: Garchomp|Dragon Tail|p2a: rotomwash\n|-damage|p2a: rotomwash|68\/100 tox\n|drag|p2a: Weavile|Weavile, M|100\/100\n|-damage|p2a: Weavile|76\/100|[from] Stealth Rock\n|-ability|p2a: Weavile|Pressure\n|\n|-heal|p1a: Garchomp|34\/100|[from] item: Leftovers\n|upkeep\n|turn|11\n|\n|t:|1666053266\n|switch|p1a: Slowbro|Slowbro, F|100\/100\n|move|p2a: Weavile|Knock Off|p1a: Slowbro\n|-supereffective|p1a: Slowbro\n|-enditem|p1a: Slowbro|Colbur Berry|[eat]\n|-enditem|p1a: Slowbro|Colbur Berry|[weaken]\n|-damage|p1a: Slowbro|58\/100\n|\n|upkeep\n|turn|12\n|\n|t:|1666053269\n|switch|p1a: Tapu Koko|Tapu Koko|57\/100\n|-fieldstart|move: Electric Terrain|[from] ability: Electric Surge|[of] p1a: Tapu Koko\n|move|p2a: Weavile|Knock Off|p1a: Tapu Koko\n|-resisted|p1a: Tapu Koko\n|-crit|p1a: Tapu Koko\n|-damage|p1a: Tapu Koko|0 fnt\n|-enditem|p1a: Tapu Koko|Heavy-Duty Boots|[from] move: Knock Off|[of] p2a: Weavile\n|faint|p1a: Tapu Koko\n|\n|upkeep\n|\n|t:|1666053273\n|switch|p1a: Bisharp|Bisharp, F|100\/100\n|turn|13\n|\n|t:|1666053278\n|switch|p2a: Melmetal|Melmetal|100\/100\n|-damage|p2a: Melmetal|94\/100|[from] Stealth Rock\n|move|p1a: Bisharp|Swords Dance|p1a: Bisharp\n|-boost|p1a: Bisharp|atk|2\n|\n|upkeep\n|turn|14\n|\n|t:|1666053280\n|move|p1a: Bisharp|Knock Off|p2a: Melmetal\n|-damage|p2a: Melmetal|27\/100\n|-enditem|p2a: Melmetal|Assault Vest|[from] move: Knock Off|[of] p1a: Bisharp\n|move|p2a: Melmetal|Double Iron Bash|p1a: Bisharp\n|-resisted|p1a: Bisharp\n|-crit|p1a: Bisharp\n|-damage|p1a: Bisharp|61\/100\n|-resisted|p1a: Bisharp\n|-damage|p1a: Bisharp|37\/100\n|-hitcount|p1a: Bisharp|2\n|\n|upkeep\n|turn|15\n|\n|t:|1666053282\n|move|p1a: Bisharp|Knock Off|p2a: Melmetal\n|-damage|p2a: Melmetal|0 fnt\n|faint|p2a: Melmetal\n|\n|upkeep\n|\n|t:|1666053282\n|switch|p2a: Tangrowth|Tangrowth, M|100\/100\n|-damage|p2a: Tangrowth|88\/100|[from] Stealth Rock\n|turn|16\n|\n|t:|1666053285\n|move|p1a: Bisharp|Knock Off|p2a: Tangrowth\n|-damage|p2a: Tangrowth|26\/100\n|-damage|p1a: Bisharp|21\/100|[from] item: Rocky Helmet|[of] p2a: Tangrowth\n|-enditem|p2a: Tangrowth|Rocky Helmet|[from] move: Knock Off|[of] p1a: Bisharp\n|move|p2a: Tangrowth|Giga Drain|p1a: Bisharp\n|-resisted|p1a: Bisharp\n|-damage|p1a: Bisharp|0 fnt\n|-heal|p2a: Tangrowth|33\/100|[from] drain|[of] p1a: Bisharp\n|faint|p1a: Bisharp\n|\n|-fieldend|move: Electric Terrain\n|upkeep\n|\n|t:|1666053289\n|switch|p1a: Tornadus|Tornadus-Therian, M|100\/100\n|turn|17\n|\n|t:|1666053293\n|switch|p1a: Garchomp|Garchomp, M|34\/100\n|switch|p2a: landorustherian|Landorus-Therian, M|100\/100\n|-damage|p2a: landorustherian|88\/100|[from] Stealth Rock\n|-ability|p2a: landorustherian|Intimidate|boost\n|-unboost|p1a: Garchomp|atk|1\n|\n|-heal|p1a: Garchomp|40\/100|[from] item: Leftovers\n|-heal|p2a: landorustherian|94\/100|[from] item: Leftovers\n|upkeep\n|turn|18\n|\n|t:|1666053298\n|switch|p1a: Slowbro|Slowbro, F|91\/100\n|move|p2a: landorustherian|U-turn|p1a: Slowbro\n|-supereffective|p1a: Slowbro\n|-damage|p1a: Slowbro|67\/100\n|\n|t:|1666053298\n|switch|p2a: rotomwash|Rotom-Wash|68\/100 tox|[from]move: U-turn\n|-damage|p2a: rotomwash|55\/100 tox|[from] Stealth Rock\n|\n|-heal|p2a: rotomwash|61\/100 tox|[from] item: Leftovers\n|-damage|p2a: rotomwash|55\/100 tox|[from] psn\n|upkeep\n|turn|19\n|\n|t:|1666053300\n|switch|p1a: Garchomp|Garchomp, M|40\/100\n|move|p2a: rotomwash|Hydro Pump|p1a: Garchomp|[miss]\n|-miss|p2a: rotomwash|p1a: Garchomp\n|\n|-heal|p2a: rotomwash|61\/100 tox|[from] item: Leftovers\n|-heal|p1a: Garchomp|46\/100|[from] item: Leftovers\n|-damage|p2a: rotomwash|49\/100 tox|[from] psn\n|upkeep\n|turn|20\n|\n|t:|1666053306\n|switch|p1a: Slowbro|Slowbro, F|100\/100\n|move|p2a: rotomwash|Hydro Pump|p1a: Slowbro\n|-resisted|p1a: Slowbro\n|-damage|p1a: Slowbro|79\/100\n|\n|-heal|p2a: rotomwash|55\/100 tox|[from] item: Leftovers\n|-damage|p2a: rotomwash|36\/100 tox|[from] psn\n|upkeep\n|turn|21\n|\n|t:|1666053308\n|switch|p1a: Garchomp|Garchomp, M|46\/100\n|move|p2a: rotomwash|Hydro Pump|p1a: Garchomp\n|-crit|p1a: Garchomp\n|-damage|p1a: Garchomp|6\/100\n|\n|-heal|p2a: rotomwash|43\/100 tox|[from] item: Leftovers\n|-heal|p1a: Garchomp|12\/100|[from] item: Leftovers\n|-damage|p2a: rotomwash|18\/100 tox|[from] psn\n|upkeep\n|turn|22\n|\n|t:|1666053311\n|switch|p1a: Slowbro|Slowbro, F|100\/100\n|move|p2a: rotomwash|Hydro Pump|p1a: Slowbro\n|-resisted|p1a: Slowbro\n|-damage|p1a: Slowbro|78\/100\n|\n|-heal|p2a: rotomwash|24\/100 tox|[from] item: Leftovers\n|-damage|p2a: rotomwash|0 fnt|[from] psn\n|faint|p2a: rotomwash\n|upkeep\n|\n|t:|1666053311\n|switch|p2a: landorustherian|Landorus-Therian, M|94\/100\n|-damage|p2a: landorustherian|82\/100|[from] Stealth Rock\n|-ability|p2a: landorustherian|Intimidate|boost\n|-unboost|p1a: Slowbro|atk|1\n|turn|23\n|\n|t:|1666053315\n|move|p2a: landorustherian|Defog|p1a: Slowbro\n|-unboost|p1a: Slowbro|evasion|1\n|-sideend|p2: minimax_ai|Stealth Rock|[from] move: Defog|[of] p2a: landorustherian\n|move|p1a: Slowbro|Iron Defense|p1a: Slowbro\n|-boost|p1a: Slowbro|def|2\n|\n|-heal|p2a: landorustherian|88\/100|[from] item: Leftovers\n|upkeep\n|turn|24\n|\n|t:|1666053316\n|move|p2a: landorustherian|Defog|p1a: Slowbro\n|-unboost|p1a: Slowbro|evasion|1\n|move|p1a: Slowbro|Body Press|p2a: landorustherian\n|-resisted|p2a: landorustherian\n|-damage|p2a: landorustherian|61\/100\n|\n|-heal|p2a: landorustherian|67\/100|[from] item: Leftovers\n|upkeep\n|turn|25\n|\n|t:|1666053318\n|move|p2a: landorustherian|Defog|p1a: Slowbro\n|-unboost|p1a: Slowbro|evasion|1\n|move|p1a: Slowbro|Body Press|p2a: landorustherian\n|-resisted|p2a: landorustherian\n|-damage|p2a: landorustherian|42\/100\n|\n|-heal|p2a: landorustherian|48\/100|[from] item: Leftovers\n|upkeep\n|turn|26\n|\n|t:|1666053319\n|move|p2a: landorustherian|Defog|p1a: Slowbro\n|-unboost|p1a: Slowbro|evasion|1\n|move|p1a: Slowbro|Iron Defense|p1a: Slowbro\n|-boost|p1a: Slowbro|def|2\n|\n|-heal|p2a: landorustherian|54\/100|[from] item: Leftovers\n|upkeep\n|turn|27\n|\n|t:|1666053321\n|move|p2a: landorustherian|Defog|p1a: Slowbro\n|-unboost|p1a: Slowbro|evasion|1\n|move|p1a: Slowbro|Body Press|p2a: landorustherian\n|-resisted|p2a: landorustherian\n|-damage|p2a: landorustherian|16\/100\n|\n|-heal|p2a: landorustherian|22\/100|[from] item: Leftovers\n|upkeep\n|turn|28\n|\n|t:|1666053322\n|move|p2a: landorustherian|Defog|p1a: Slowbro\n|-unboost|p1a: Slowbro|evasion|1\n|move|p1a: Slowbro|Iron Defense|p1a: Slowbro\n|-boost|p1a: Slowbro|def|2\n|\n|-heal|p2a: landorustherian|28\/100|[from] item: Leftovers\n|upkeep\n|turn|29\n|\n|t:|1666053324\n|move|p2a: landorustherian|Defog||[still]\n|-unboost|p1a: Slowbro|evasion|0\n|-fail|p2a: landorustherian\n|move|p1a: Slowbro|Slack Off|p1a: Slowbro\n|-heal|p1a: Slowbro|100\/100\n|\n|-heal|p2a: landorustherian|34\/100|[from] item: Leftovers\n|upkeep\n|turn|30\n|\n|t:|1666053327\n|move|p2a: landorustherian|Defog||[still]\n|-unboost|p1a: Slowbro|evasion|0\n|-fail|p2a: landorustherian\n|move|p1a: Slowbro|Body Press|p2a: landorustherian\n|-resisted|p2a: landorustherian\n|-damage|p2a: landorustherian|0 fnt\n|faint|p2a: landorustherian\n|\n|upkeep\n|\n|t:|1666053327\n|switch|p2a: Tangrowth|Tangrowth, M|66\/100\n|turn|31\n|\n|t:|1666053330\n|switch|p1a: Tornadus|Tornadus-Therian, M|100\/100\n|move|p2a: Tangrowth|Giga Drain|p1a: Tornadus\n|-resisted|p1a: Tornadus\n|-damage|p1a: Tornadus|86\/100\n|-heal|p2a: Tangrowth|72\/100|[from] drain|[of] p1a: Tornadus\n|\n|upkeep\n|turn|32\n|\n|t:|1666053335\n|switch|p1a: Slowbro|Slowbro, F|100\/100\n|switch|p2a: Weavile|Weavile, M|76\/100\n|-ability|p2a: Weavile|Pressure\n|\n|upkeep\n|turn|33\n|\n|t:|1666053338\n|switch|p2a: Tangrowth|Tangrowth, M|100\/100\n|move|p1a: Slowbro|Body Press|p2a: Tangrowth\n|-damage|p2a: Tangrowth|85\/100\n|\n|upkeep\n|turn|34\n|\n|t:|1666053342\n|switch|p1a: Tornadus|Tornadus-Therian, M|100\/100\n|move|p2a: Tangrowth|Giga Drain|p1a: Tornadus\n|-resisted|p1a: Tornadus\n|-damage|p1a: Tornadus|85\/100\n|-heal|p2a: Tangrowth|92\/100|[from] drain|[of] p1a: Tornadus\n|\n|upkeep\n|turn|35\n|\n|t:|1666053348\n|switch|p2a: Weavile|Weavile, M|76\/100\n|-ability|p2a: Weavile|Pressure\n|move|p1a: Tornadus|Heat Wave|p2a: Weavile\n|-supereffective|p2a: Weavile\n|-damage|p2a: Weavile|13\/100\n|\n|upkeep\n|turn|36\n|\n|t:|1666053353\n|switch|p2a: Heatran|Heatran, M|80\/100\n|switch|p1a: Garchomp|Garchomp, M|12\/100\n|\n|-heal|p1a: Garchomp|18\/100|[from] item: Leftovers\n|upkeep\n|turn|37\n|\n|t:|1666053355\n|switch|p2a: Tangrowth|Tangrowth, M|100\/100\n|move|p1a: Garchomp|Earthquake|p2a: Tangrowth\n|-resisted|p2a: Tangrowth\n|-damage|p2a: Tangrowth|89\/100\n|\n|-heal|p1a: Garchomp|24\/100|[from] item: Leftovers\n|upkeep\n|turn|38\n|\n|t:|1666053358\n|move|p1a: Garchomp|Stealth Rock|p2a: Tangrowth\n|-sidestart|p2: minimax_ai|move: Stealth Rock\n|move|p2a: Tangrowth|Giga Drain|p1a: Garchomp\n|-damage|p1a: Garchomp|5\/100\n|-heal|p2a: Tangrowth|99\/100|[from] drain|[of] p1a: Garchomp\n|\n|-heal|p1a: Garchomp|12\/100|[from] item: Leftovers\n|upkeep\n|turn|39\n|j| Rubi's NeoGenesis\n|\n|t:|1666053361\n|move|p1a: Garchomp|Toxic|p2a: Tangrowth\n|-status|p2a: Tangrowth|tox\n|move|p2a: Tangrowth|Giga Drain|p1a: Garchomp\n|-damage|p1a: Garchomp|0 fnt\n|-heal|p2a: Tangrowth|100\/100 tox|[from] drain|[of] p1a: Garchomp\n|faint|p1a: Garchomp\n|\n|-damage|p2a: Tangrowth|94\/100 tox|[from] psn\n|upkeep\n|j| monkaSaur\n|\n|t:|1666053365\n|switch|p1a: Aegislash|Aegislash, M|74\/100\n|turn|40\n|\n|t:|1666053367\n|move|p1a: Aegislash|Substitute|p1a: Aegislash\n|-start|p1a: Aegislash|Substitute\n|-damage|p1a: Aegislash|49\/100\n|move|p2a: Tangrowth|Knock Off|p1a: Aegislash\n|-supereffective|p1a: Aegislash\n|-end|p1a: Aegislash|Substitute\n|\n|-heal|p1a: Aegislash|55\/100|[from] item: Leftovers\n|-damage|p2a: Tangrowth|82\/100 tox|[from] psn\n|upkeep\n|turn|41\n|\n|t:|1666053369\n|move|p1a: Aegislash|King's Shield|p1a: Aegislash\n|-singleturn|p1a: Aegislash|Protect\n|move|p2a: Tangrowth|Giga Drain|p1a: Aegislash\n|-activate|p1a: Aegislash|move: Protect\n|\n|-heal|p1a: Aegislash|62\/100|[from] item: Leftovers\n|-damage|p2a: Tangrowth|63\/100 tox|[from] psn\n|upkeep\n|turn|42\n|\n|t:|1666053372\n|move|p1a: Aegislash|Substitute|p1a: Aegislash\n|-start|p1a: Aegislash|Substitute\n|-damage|p1a: Aegislash|37\/100\n|move|p2a: Tangrowth|Giga Drain|p1a: Aegislash\n|-resisted|p1a: Aegislash\n|-activate|p1a: Aegislash|move: Substitute|[damage]\n|-heal|p2a: Tangrowth|67\/100 tox|[from] drain|[of] p1a: Aegislash\n|\n|-heal|p1a: Aegislash|43\/100|[from] item: Leftovers\n|-damage|p2a: Tangrowth|42\/100 tox|[from] psn\n|upkeep\n|turn|43\n|\n|t:|1666053374\n|switch|p2a: Weavile|Weavile, M|13\/100\n|-damage|p2a: Weavile|0 fnt|[from] Stealth Rock\n|faint|p2a: Weavile\n|move|p1a: Aegislash|King's Shield||[still]\n|-fail|p1a: Aegislash\n|\n|-heal|p1a: Aegislash|49\/100|[from] item: Leftovers\n|upkeep\n|\n|t:|1666053374\n|switch|p2a: Heatran|Heatran, M|80\/100\n|-damage|p2a: Heatran|68\/100|[from] Stealth Rock\n|turn|44\n|\n|t:|1666053376\n|move|p1a: Aegislash|King's Shield|p1a: Aegislash\n|-singleturn|p1a: Aegislash|Protect\n|move|p2a: Heatran|Earth Power|p1a: Aegislash\n|-activate|p1a: Aegislash|move: Protect\n|\n|-heal|p1a: Aegislash|55\/100|[from] item: Leftovers\n|upkeep\n|turn|45\n|\n|t:|1666053378\n|move|p2a: Heatran|Earth Power|p1a: Aegislash\n|-supereffective|p1a: Aegislash\n|-end|p1a: Aegislash|Substitute\n|-formechange|p1a: Aegislash|Aegislash-Blade||[from] ability: Stance Change\n|move|p1a: Aegislash|Shadow Ball|p2a: Heatran\n|-damage|p2a: Heatran|28\/100\n|\n|-heal|p1a: Aegislash|61\/100|[from] item: Leftovers\n|upkeep\n|turn|46\n|\n|t:|1666053380\n|-formechange|p1a: Aegislash|Aegislash||[from] ability: Stance Change\n|move|p1a: Aegislash|King's Shield|p1a: Aegislash\n|-singleturn|p1a: Aegislash|Protect\n|move|p2a: Heatran|Magma Storm|p1a: Aegislash\n|-activate|p1a: Aegislash|move: Protect\n|\n|-heal|p1a: Aegislash|67\/100|[from] item: Leftovers\n|upkeep\n|turn|47\n|\n|t:|1666053385\n|move|p2a: Heatran|Magma Storm|p1a: Aegislash\n|-supereffective|p1a: Aegislash\n|-damage|p1a: Aegislash|0 fnt\n|faint|p1a: Aegislash\n|\n|upkeep\n|\n|t:|1666053388\n|switch|p1a: Slowbro|Slowbro, F|100\/100\n|turn|48\n|j| goaway12309\n|\n|t:|1666053389\n|switch|p2a: Tangrowth|Tangrowth, M|75\/100 tox\n|-damage|p2a: Tangrowth|63\/100 tox|[from] Stealth Rock\n|move|p1a: Slowbro|Body Press|p2a: Tangrowth\n|-damage|p2a: Tangrowth|48\/100 tox\n|\n|-damage|p2a: Tangrowth|42\/100 tox|[from] psn\n|upkeep\n|turn|49\n|l| goaway12309\n|\n|t:|1666053392\n|switch|p1a: Tornadus|Tornadus-Therian, M|100\/100\n|move|p2a: Tangrowth|Giga Drain|p1a: Tornadus\n|-resisted|p1a: Tornadus\n|-damage|p1a: Tornadus|87\/100\n|-heal|p2a: Tangrowth|48\/100 tox|[from] drain|[of] p1a: Tornadus\n|\n|-damage|p2a: Tangrowth|35\/100 tox|[from] psn\n|upkeep\n|turn|50\n|\n|t:|1666053396\n|move|p1a: Tornadus|Knock Off|p2a: Tangrowth\n|-damage|p2a: Tangrowth|28\/100 tox\n|move|p2a: Tangrowth|Sleep Powder|p1a: Tornadus|[miss]\n|-miss|p2a: Tangrowth|p1a: Tornadus\n|\n|-damage|p2a: Tangrowth|10\/100 tox|[from] psn\n|upkeep\n|turn|51\n|\n|t:|1666053397\n|move|p1a: Tornadus|Knock Off|p2a: Tangrowth\n|-damage|p2a: Tangrowth|2\/100 tox\n|move|p2a: Tangrowth|Giga Drain|p1a: Tornadus\n|-resisted|p1a: Tornadus\n|-damage|p1a: Tornadus|73\/100\n|-heal|p2a: Tangrowth|8\/100 tox|[from] drain|[of] p1a: Tornadus\n|\n|-damage|p2a: Tangrowth|0 fnt|[from] psn\n|faint|p2a: Tangrowth\n|upkeep\n|\n|t:|1666053397\n|switch|p2a: Heatran|Heatran, M|28\/100\n|-damage|p2a: Heatran|16\/100|[from] Stealth Rock\n|turn|52\n|\n|t:|1666053399\n|move|p1a: Tornadus|Knock Off|p2a: Heatran\n|-damage|p2a: Heatran|2\/100\n|move|p2a: Heatran|Magma Storm|p1a: Tornadus\n|-damage|p1a: Tornadus|17\/100\n|-activate|p1a: Tornadus|move: Magma Storm|[of] p2a: Heatran\n|\n|-damage|p1a: Tornadus|5\/100|[from] move: Magma Storm|[partiallytrapped]\n|upkeep\n|turn|53\n|\n|t:|1666053400\n|move|p1a: Tornadus|Knock Off|p2a: Heatran\n|-damage|p2a: Heatran|0 fnt\n|faint|p2a: Heatran\n|\n|win|Daevank5\n|raw|Daevank5's rating: 1653 &rarr; <strong>1670<\/strong><br \/>(+17 for winning)\n|raw|minimax_ai's rating: 1600 &rarr; <strong>1583<\/strong><br \/>(-17 for losing)\n|c|\u2606minimax_ai|gg\n|l|\u2606minimax_ai\n|c|\u2606Daevank5|Gg\n||Ladder isn't responding, score probably updated but might not have (Request timeout).\n","uploadtime":1666053402,"views":16,"p1id":"daevank5","p2id":"minimaxai","formatid":"gen8ou","rating":1583,"private":0,"password":null}