{"id":"gen8randombattle-1557732205","p1":"DjezzeMwoan","p2":"Qiuescent","format":"gen8randombattle","log":"|j|\u2606DjezzeMwoan\n|j|\u203dQiuescent\n|t:|1650486011\n|gametype|singles\n|player|p1|DjezzeMwoan|gambler|2044\n|player|p2|Qiuescent|265|2176\n|teamsize|p1|6\n|teamsize|p2|6\n|gen|8\n|tier|[Gen 8] Random Battle\n|rated|\n|rule|Species Clause: Limit one of each Pok\u00e9mon\n|rule|HP Percentage Mod: HP is shown in percentages\n|rule|Sleep Clause Mod: Limit one foe put to sleep\n|\n|t:|1650486011\n|start\n|switch|p1a: Persian|Persian-Alola, L82, F|241\/241\n|switch|p2a: Comfey|Comfey, L86, F|228\/228\n|turn|1\n|\n|t:|1650486024\n|move|p1a: Persian|Hypnosis|p2a: Comfey\n|-status|p2a: Comfey|slp|[from] move: Hypnosis\n|cant|p2a: Comfey|slp\n|\n|upkeep\n|turn|2\n|\n|t:|1650486029\n|switch|p1a: Aerodactyl|Aerodactyl, L82, M|265\/265\n|-ability|p1a: Aerodactyl|Unnerve\n|cant|p2a: Comfey|slp\n|\n|upkeep\n|turn|3\n|inactive|Battle timer is ON: inactive players will automatically lose when time's up. (requested by DjezzeMwoan)\n|\n|t:|1650486038\n|switch|p2a: Ferrothorn|Ferrothorn, L78, M|244\/244\n|move|p1a: Aerodactyl|Stone Edge|p2a: Ferrothorn\n|-resisted|p2a: Ferrothorn\n|-damage|p2a: Ferrothorn|199\/244\n|\n|-heal|p2a: Ferrothorn|214\/244|[from] item: Leftovers\n|upkeep\n|turn|4\n|\n|t:|1650486043\n|switch|p1a: Haxorus|Haxorus, L77, F|244\/244\n|-ability|p1a: Haxorus|Mold Breaker\n|move|p2a: Ferrothorn|Spikes|p1a: Haxorus\n|-sidestart|p1: DjezzeMwoan|Spikes\n|\n|-heal|p2a: Ferrothorn|229\/244|[from] item: Leftovers\n|upkeep\n|turn|5\n|\n|t:|1650486053\n|switch|p2a: Comfey|Comfey, L86, F|228\/228 slp\n|move|p1a: Haxorus|Dragon Dance|p1a: Haxorus\n|-boost|p1a: Haxorus|atk|1\n|-boost|p1a: Haxorus|spe|1\n|\n|upkeep\n|turn|6\n|\n|t:|1650486059\n|-start|p1a: Haxorus|Dynamax|\n|-heal|p1a: Haxorus|488\/488|[silent]\n|move|p1a: Haxorus|Max Ooze|p2a: Comfey\n|-supereffective|p2a: Comfey\n|-damage|p2a: Comfey|0 fnt\n|-boost|p1a: Haxorus|spa|1\n|faint|p2a: Comfey\n|-damage|p1a: Haxorus|464\/488|[from] item: Life Orb\n|\n|upkeep\n|\n|t:|1650486079\n|switch|p2a: Exploud|Exploud, L84, M|312\/312\n|turn|7\n|\n|t:|1650486082\n|-start|p2a: Exploud|Dynamax|\n|-heal|p2a: Exploud|624\/624|[silent]\n|move|p1a: Haxorus|Max Knuckle|p2a: Exploud\n|-supereffective|p2a: Exploud\n|-damage|p2a: Exploud|221\/624\n|-boost|p1a: Haxorus|atk|1\n|-damage|p1a: Haxorus|440\/488|[from] item: Life Orb\n|move|p2a: Exploud|Max Strike|p1a: Haxorus\n|-damage|p1a: Haxorus|253\/488\n|-unboost|p1a: Haxorus|spe|1\n|\n|upkeep\n|turn|8\n|\n|t:|1650486085\n|move|p1a: Haxorus|Max Knuckle|p2a: Exploud\n|-supereffective|p2a: Exploud\n|-crit|p2a: Exploud\n|-damage|p2a: Exploud|0 fnt\n|-boost|p1a: Haxorus|atk|1\n|faint|p2a: Exploud\n|-damage|p1a: Haxorus|229\/488|[from] item: Life Orb\n|\n|-end|p1a: Haxorus|Dynamax\n|-heal|p1a: Haxorus|115\/244|[silent]\n|upkeep\n|\n|t:|1650486089\n|switch|p2a: Golduck|Golduck, L86, M|278\/278\n|turn|9\n|\n|t:|1650486094\n|move|p2a: Golduck|Ice Beam|p1a: Haxorus\n|-supereffective|p1a: Haxorus\n|-damage|p1a: Haxorus|0 fnt\n|faint|p1a: Haxorus\n|-damage|p2a: Golduck|251\/278|[from] item: Life Orb\n|\n|upkeep\n|\n|t:|1650486100\n|switch|p1a: Chansey|Chansey, L84, F|557\/557\n|-damage|p1a: Chansey|488\/557|[from] Spikes\n|turn|10\n|\n|t:|1650486104\n|switch|p2a: Ferrothorn|Ferrothorn, L78, M|229\/244\n|move|p1a: Chansey|Stealth Rock|p2a: Ferrothorn\n|-sidestart|p2: Qiuescent|move: Stealth Rock\n|\n|-heal|p2a: Ferrothorn|244\/244|[from] item: Leftovers\n|upkeep\n|turn|11\n|c|\u2606DjezzeMwoan|blunder?\n|c|\u2606DjezzeMwoan|if so big fan\n|c|\u2606DjezzeMwoan|nvm\n|inactive|DjezzeMwoan has 120 seconds left.\n|\n|t:|1650486137\n|move|p1a: Chansey|Seismic Toss|p2a: Ferrothorn\n|-damage|p2a: Ferrothorn|160\/244\n|-damage|p1a: Chansey|419\/557|[from] ability: Iron Barbs|[of] p2a: Ferrothorn\n|move|p2a: Ferrothorn|Leech Seed|p1a: Chansey|[miss]\n|-miss|p2a: Ferrothorn|p1a: Chansey\n|\n|-heal|p2a: Ferrothorn|175\/244|[from] item: Leftovers\n|upkeep\n|turn|12\n|\n|t:|1650486141\n|switch|p1a: Golisopod|Golisopod, L84, M|263\/263\n|move|p2a: Ferrothorn|Leech Seed|p1a: Golisopod\n|-start|p1a: Golisopod|move: Leech Seed\n|\n|-heal|p2a: Ferrothorn|190\/244|[from] item: Leftovers\n|-damage|p1a: Golisopod|231\/263|[from] Leech Seed|[of] p2a: Ferrothorn\n|-heal|p2a: Ferrothorn|222\/244|[silent]\n|upkeep\n|turn|13\n|\n|t:|1650486147\n|move|p2a: Ferrothorn|Protect|p2a: Ferrothorn\n|-singleturn|p2a: Ferrothorn|Protect\n|move|p1a: Golisopod|Knock Off|p2a: Ferrothorn\n|-activate|p2a: Ferrothorn|move: Protect\n|\n|-heal|p2a: Ferrothorn|237\/244|[from] item: Leftovers\n|-damage|p1a: Golisopod|199\/263|[from] Leech Seed|[of] p2a: Ferrothorn\n|-heal|p2a: Ferrothorn|244\/244|[silent]\n|upkeep\n|turn|14\n|\n|t:|1650486151\n|switch|p2a: Xurkitree|Xurkitree, L76|251\/251\n|-damage|p2a: Xurkitree|220\/251|[from] Stealth Rock\n|move|p1a: Golisopod|Knock Off|p2a: Xurkitree\n|-crit|p2a: Xurkitree\n|-damage|p2a: Xurkitree|45\/251\n|-enditem|p2a: Xurkitree|Choice Specs|[from] move: Knock Off|[of] p1a: Golisopod\n|\n|-damage|p1a: Golisopod|167\/263|[from] Leech Seed|[of] p2a: Xurkitree\n|-heal|p2a: Xurkitree|77\/251|[silent]\n|upkeep\n|turn|15\n|\n|t:|1650486155\n|switch|p1a: Chansey|Chansey, L84, F|419\/557\n|-damage|p1a: Chansey|350\/557|[from] Spikes\n|move|p2a: Xurkitree|Volt Switch|p1a: Chansey\n|-damage|p1a: Chansey|295\/557\n|\n|t:|1650486157\n|switch|p2a: Ferrothorn|Ferrothorn, L78, M|244\/244\n|-damage|p2a: Ferrothorn|229\/244|[from] Stealth Rock\n|\n|-heal|p2a: Ferrothorn|244\/244|[from] item: Leftovers\n|upkeep\n|turn|16\n|\n|t:|1650486162\n|switch|p1a: Golisopod|Golisopod, L84, M|167\/263\n|move|p2a: Ferrothorn|Leech Seed|p1a: Golisopod\n|-start|p1a: Golisopod|move: Leech Seed\n|\n|-damage|p1a: Golisopod|135\/263|[from] Leech Seed|[of] p2a: Ferrothorn\n|upkeep\n|turn|17\n|\n|t:|1650486166\n|move|p2a: Ferrothorn|Protect|p2a: Ferrothorn\n|-singleturn|p2a: Ferrothorn|Protect\n|move|p1a: Golisopod|Knock Off|p2a: Ferrothorn\n|-activate|p2a: Ferrothorn|move: Protect\n|\n|-damage|p1a: Golisopod|103\/263|[from] Leech Seed|[of] p2a: Ferrothorn\n|upkeep\n|-activate|p1a: Golisopod|ability: Emergency Exit\n|\n|t:|1650486169\n|switch|p1a: Persian|Persian-Alola, L82, F|241\/241\n|-damage|p1a: Persian|211\/241|[from] Spikes\n|turn|18\n|\n|t:|1650486176\n|move|p1a: Persian|Hypnosis|p2a: Ferrothorn|[miss]\n|-miss|p1a: Persian|p2a: Ferrothorn\n|move|p2a: Ferrothorn|Leech Seed|p1a: Persian\n|-start|p1a: Persian|move: Leech Seed\n|\n|-damage|p1a: Persian|181\/241|[from] Leech Seed|[of] p2a: Ferrothorn\n|upkeep\n|turn|19\n|\n|t:|1650486180\n|move|p1a: Persian|Nasty Plot|p1a: Persian\n|-boost|p1a: Persian|spa|2\n|move|p2a: Ferrothorn|Spikes|p1a: Persian\n|-sidestart|p1: DjezzeMwoan|Spikes\n|\n|-damage|p1a: Persian|151\/241|[from] Leech Seed|[of] p2a: Ferrothorn\n|upkeep\n|turn|20\n|\n|t:|1650486182\n|move|p1a: Persian|Dark Pulse|p2a: Ferrothorn\n|-damage|p2a: Ferrothorn|139\/244\n|move|p2a: Ferrothorn|Gyro Ball|p1a: Persian\n|-damage|p1a: Persian|60\/241\n|\n|-heal|p2a: Ferrothorn|154\/244|[from] item: Leftovers\n|-damage|p1a: Persian|30\/241|[from] Leech Seed|[of] p2a: Ferrothorn\n|-heal|p2a: Ferrothorn|184\/244|[silent]\n|upkeep\n|turn|21\n|\n|t:|1650486190\n|move|p2a: Ferrothorn|Protect|p2a: Ferrothorn\n|-singleturn|p2a: Ferrothorn|Protect\n|move|p1a: Persian|Hypnosis|p2a: Ferrothorn\n|-activate|p2a: Ferrothorn|move: Protect\n|\n|-heal|p2a: Ferrothorn|199\/244|[from] item: Leftovers\n|-damage|p1a: Persian|0 fnt|[from] Leech Seed|[of] p2a: Ferrothorn\n|-heal|p2a: Ferrothorn|229\/244|[silent]\n|faint|p1a: Persian\n|upkeep\n|\n|t:|1650486199\n|switch|p1a: Aerodactyl|Aerodactyl, L82, M|265\/265\n|-ability|p1a: Aerodactyl|Unnerve\n|turn|22\n|\n|t:|1650486203\n|move|p1a: Aerodactyl|Dual Wingbeat|p2a: Ferrothorn\n|-damage|p2a: Ferrothorn|193\/244\n|-damage|p1a: Aerodactyl|232\/265|[from] ability: Iron Barbs|[of] p2a: Ferrothorn\n|-damage|p2a: Ferrothorn|160\/244\n|-damage|p1a: Aerodactyl|199\/265|[from] ability: Iron Barbs|[of] p2a: Ferrothorn\n|-hitcount|p2a: Ferrothorn|2\n|move|p2a: Ferrothorn|Gyro Ball|p1a: Aerodactyl\n|-supereffective|p1a: Aerodactyl\n|-damage|p1a: Aerodactyl|0 fnt\n|faint|p1a: Aerodactyl\n|\n|-heal|p2a: Ferrothorn|175\/244|[from] item: Leftovers\n|upkeep\n|\n|t:|1650486208\n|switch|p1a: Golisopod|Golisopod, L84, M|103\/263\n|turn|23\n|\n|t:|1650486210\n|move|p2a: Ferrothorn|Protect|p2a: Ferrothorn\n|-singleturn|p2a: Ferrothorn|Protect\n|move|p1a: Golisopod|Knock Off|p2a: Ferrothorn\n|-activate|p2a: Ferrothorn|move: Protect\n|\n|-heal|p2a: Ferrothorn|190\/244|[from] item: Leftovers\n|upkeep\n|turn|24\n|\n|t:|1650486214\n|switch|p2a: Golduck|Golduck, L86, M|251\/278\n|-damage|p2a: Golduck|217\/278|[from] Stealth Rock\n|move|p1a: Golisopod|Knock Off|p2a: Golduck\n|-damage|p2a: Golduck|129\/278\n|-enditem|p2a: Golduck|Life Orb|[from] move: Knock Off|[of] p1a: Golisopod\n|\n|upkeep\n|turn|25\n|\n|t:|1650486216\n|move|p2a: Golduck|Psyshock|p1a: Golisopod\n|-damage|p1a: Golisopod|64\/263\n|move|p1a: Golisopod|Leech Life|p2a: Golduck\n|-damage|p2a: Golduck|9\/278\n|-heal|p1a: Golisopod|124\/263|[from] drain|[of] p2a: Golduck\n|\n|upkeep\n|turn|26\n|\n|t:|1650486219\n|move|p2a: Golduck|Psyshock|p1a: Golisopod\n|-damage|p1a: Golisopod|80\/263\n|move|p1a: Golisopod|Leech Life|p2a: Golduck\n|-damage|p2a: Golduck|0 fnt\n|-heal|p1a: Golisopod|85\/263|[from] drain|[of] p2a: Golduck\n|faint|p2a: Golduck\n|\n|upkeep\n|\n|t:|1650486224\n|switch|p2a: Xurkitree|Xurkitree, L76|77\/251\n|-damage|p2a: Xurkitree|46\/251|[from] Stealth Rock\n|turn|27\n|\n|t:|1650486227\n|move|p2a: Xurkitree|Volt Switch|p1a: Golisopod\n|-supereffective|p1a: Golisopod\n|-damage|p1a: Golisopod|0 fnt\n|faint|p1a: Golisopod\n|-ability|p2a: Xurkitree|Beast Boost|boost\n|-boost|p2a: Xurkitree|spa|1\n|\n|t:|1650486229\n|switch|p2a: Ferrothorn|Ferrothorn, L78, M|190\/244\n|-damage|p2a: Ferrothorn|175\/244|[from] Stealth Rock\n|\n|-heal|p2a: Ferrothorn|190\/244|[from] item: Leftovers\n|upkeep\n|\n|t:|1650486233\n|switch|p1a: Frosmoth|Frosmoth, L82, F|249\/249\n|turn|28\n|\n|t:|1650486235\n|move|p1a: Frosmoth|Ice Beam|p2a: Ferrothorn\n|-damage|p2a: Ferrothorn|85\/244\n|-status|p2a: Ferrothorn|frz\n|cant|p2a: Ferrothorn|frz\n|\n|-heal|p2a: Ferrothorn|100\/244 frz|[from] item: Leftovers\n|upkeep\n|turn|29\n|\n|t:|1650486238\n|move|p1a: Frosmoth|Quiver Dance|p1a: Frosmoth\n|-boost|p1a: Frosmoth|spa|1\n|-boost|p1a: Frosmoth|spd|1\n|-boost|p1a: Frosmoth|spe|1\n|-curestatus|p2a: Ferrothorn|frz|[msg]\n|move|p2a: Ferrothorn|Gyro Ball|p1a: Frosmoth\n|-supereffective|p1a: Frosmoth\n|-damage|p1a: Frosmoth|0 fnt\n|faint|p1a: Frosmoth\n|\n|-heal|p2a: Ferrothorn|115\/244|[from] item: Leftovers\n|upkeep\n|-message|DjezzeMwoan forfeited.\n|\n|win|Qiuescent\n|raw|DjezzeMwoan's rating: 2064 &rarr; <strong>2050<\/strong><br \/>(-14 for losing)\n|raw|Qiuescent's rating: 2176 &rarr; <strong>2190<\/strong><br \/>(+14 for winning)\n|l|\u2606DjezzeMwoan\n||Ladder isn't responding, score probably updated but might not have (Request timeout).\n","inputlog":">version 0162639e2be10fee1f1935f037788d778e37d0f7\n>start {\"formatid\":\"gen8randombattle\",\"seed\":[47808,48879,37538,29670],\"rated\":\"Rated battle\"}\n>player p1 {\"name\":\"DjezzeMwoan\",\"avatar\":\"gambler\",\"rating\":2044,\"seed\":[60375,64433,23614,25852]}\n>player p2 {\"name\":\"Qiuescent\",\"avatar\":\"265\",\"rating\":2176,\"seed\":[26604,43212,36095,21902]}\n>p1 move hypnosis\n>p2 move calmmind\n>p1 switch 6\n>p2 move calmmind\n>p1 move stoneedge\n>p2 switch 6\n>p1 switch 5\n>p2 move spikes\n>p1 move dragondance\n>p2 switch 6\n>p1 move poisonjab dynamax\n>p2 move calmmind\n>p2 switch 3\n>p1 move closecombat dynamax\n>p2 move boomburst dynamax\n>p1 move closecombat dynamax\n>p2 move boomburst dynamax\n>p2 switch 2\n>p1 move closecombat\n>p2 move icebeam\n>p1 switch 2\n>p1 move stealthrock\n>p2 switch 6\n>chat \u2606DjezzeMwoan|blunder?\n>chat \u2606DjezzeMwoan|if so big fan\n>chat \u2606DjezzeMwoan|nvm\n>p1 move seismictoss\n>p2 move leechseed\n>p1 switch 3\n>p2 move leechseed\n>p1 move knockoff\n>p2 move protect\n>p1 move knockoff\n>p2 switch 5\n>p1 switch 3\n>p2 move voltswitch\n>p2 switch 5\n>p1 switch 3\n>p2 move leechseed\n>p1 move knockoff\n>p2 move protect\n>p1 switch 6\n>p1 move hypnosis\n>p2 move leechseed\n>p1 move nastyplot\n>p2 move spikes\n>p1 move darkpulse\n>p2 move gyroball\n>p1 move hypnosis\n>p2 move protect\n>p1 switch 5\n>p1 move dualwingbeat\n>p2 move gyroball\n>p1 switch 6\n>p1 move knockoff\n>p2 move protect\n>p1 move knockoff\n>p2 switch 6\n>p1 move leechlife\n>p2 move psyshock\n>p1 move leechlife\n>p2 move psyshock\n>p2 switch 5\n>p1 move liquidation\n>p2 move voltswitch\n>p2 switch 6\n>p1 switch 4\n>p1 move icebeam\n>p2 move gyroball\n>p1 move quiverdance\n>p2 move gyroball\n>forcelose p1","uploadtime":1650486248,"views":4,"p1id":"djezzemwoan","p2id":"qiuescent","formatid":"gen8randombattle","rating":2050,"private":0,"password":null}