{"id":"gen8randombattle-1268175199","p1":"octopoezzie","p2":"DjezzeMwoan","format":"gen8randombattle","log":"|j|\u2606octopoezzie\n|j|\u2606DjezzeMwoan\n|t:|1611434258\n|player|p1|octopoezzie|169|\n|player|p2|DjezzeMwoan|52|\n|teamsize|p1|6\n|teamsize|p2|6\n|gametype|singles\n|gen|8\n|tier|[Gen 8] Random Battle\n|rule|Species Clause: Limit one of each Pok\u00e9mon\n|rule|HP Percentage Mod: HP is shown in percentages\n|rule|Sleep Clause Mod: Limit one foe put to sleep\n|\n|t:|1611434258\n|start\n|switch|p1a: Indeedee|Indeedee, L84, M|238\/238\n|switch|p2a: Gurdurr|Gurdurr, L84, M|280\/280\n|-fieldstart|move: Psychic Terrain|[from] ability: Psychic Surge|[of] p1a: Indeedee\n|turn|1\n|\n|t:|1611434277\n|switch|p2a: Wobbuffet|Wobbuffet, L90, F|488\/488\n|move|p1a: Indeedee|Expanding Force|p2a: Wobbuffet\n|-resisted|p2a: Wobbuffet\n|-damage|p2a: Wobbuffet|372\/488\n|\n|upkeep\n|turn|2\n|\n|t:|1611434284\n|move|p1a: Indeedee|Calm Mind|p1a: Indeedee\n|-boost|p1a: Indeedee|spa|1\n|-boost|p1a: Indeedee|spd|1\n|move|p2a: Wobbuffet|Encore|p1a: Indeedee\n|-start|p1a: Indeedee|Encore\n|\n|upkeep\n|turn|3\n|\n|t:|1611434287\n|switch|p2a: Scizor|Scizor, L82, M|249\/249\n|move|p1a: Indeedee|Calm Mind|p1a: Indeedee\n|-boost|p1a: Indeedee|spa|1\n|-boost|p1a: Indeedee|spd|1\n|\n|upkeep\n|turn|4\n|\n|t:|1611434296\n|switch|p1a: Bronzong|Bronzong, L84|250\/250\n|move|p2a: Scizor|U-turn|p1a: Bronzong\n|-damage|p1a: Bronzong|175\/250\n|\n|t:|1611434314\n|switch|p2a: Buzzwole|Buzzwole, L80|302\/302\n|\n|-heal|p1a: Bronzong|190\/250|[from] item: Leftovers\n|upkeep\n|turn|5\n|\n|t:|1611434340\n|switch|p1a: Scrafty|Scrafty, L84, F|246\/246\n|-ability|p1a: Scrafty|Intimidate|boost\n|-unboost|p2a: Buzzwole|atk|1\n|move|p2a: Buzzwole|Close Combat|p1a: Scrafty\n|-supereffective|p1a: Scrafty\n|-damage|p1a: Scrafty|0 fnt\n|-unboost|p2a: Buzzwole|def|1\n|-unboost|p2a: Buzzwole|spd|1\n|faint|p1a: Scrafty\n|-ability|p2a: Buzzwole|Beast Boost|boost\n|-boost|p2a: Buzzwole|atk|1\n|\n|-fieldend|move: Psychic Terrain\n|upkeep\n|\n|t:|1611434345\n|switch|p1a: Indeedee|Indeedee, L84, M|238\/238\n|-fieldstart|move: Psychic Terrain|[from] ability: Psychic Surge|[of] p1a: Indeedee\n|turn|6\n|\n|t:|1611434357\n|switch|p2a: Wobbuffet|Wobbuffet, L90, F|372\/488\n|move|p1a: Indeedee|Expanding Force|p2a: Wobbuffet\n|-resisted|p2a: Wobbuffet\n|-damage|p2a: Wobbuffet|268\/488\n|\n|upkeep\n|turn|7\n|\n|t:|1611434360\n|move|p1a: Indeedee|Calm Mind|p1a: Indeedee\n|-boost|p1a: Indeedee|spa|1\n|-boost|p1a: Indeedee|spd|1\n|move|p2a: Wobbuffet|Mirror Coat||[still]\n|-fail|p2a: Wobbuffet\n|\n|upkeep\n|turn|8\n|\n|t:|1611434363\n|move|p1a: Indeedee|Calm Mind|p1a: Indeedee\n|-boost|p1a: Indeedee|spa|1\n|-boost|p1a: Indeedee|spd|1\n|move|p2a: Wobbuffet|Encore|p1a: Indeedee\n|-start|p1a: Indeedee|Encore\n|\n|upkeep\n|turn|9\n|\n|t:|1611434372\n|switch|p2a: Buzzwole|Buzzwole, L80|302\/302\n|move|p1a: Indeedee|Calm Mind|p1a: Indeedee\n|-boost|p1a: Indeedee|spa|1\n|-boost|p1a: Indeedee|spd|1\n|\n|upkeep\n|turn|10\n|\n|t:|1611434376\n|switch|p1a: Dugtrio|Dugtrio-Alola, L84, F|196\/196\n|move|p2a: Buzzwole|Close Combat|p1a: Dugtrio\n|-supereffective|p1a: Dugtrio\n|-damage|p1a: Dugtrio|0 fnt\n|-unboost|p2a: Buzzwole|def|1\n|-unboost|p2a: Buzzwole|spd|1\n|-ability|p1a: Dugtrio|Tangling Hair\n|-unboost|p2a: Buzzwole|spe|1\n|faint|p1a: Dugtrio\n|-ability|p2a: Buzzwole|Beast Boost|boost\n|-boost|p2a: Buzzwole|atk|1\n|\n|-fieldend|move: Psychic Terrain\n|upkeep\n|\n|t:|1611434396\n|switch|p1a: Indeedee|Indeedee, L84, M|238\/238\n|-fieldstart|move: Psychic Terrain|[from] ability: Psychic Surge|[of] p1a: Indeedee\n|turn|11\n|\n|t:|1611434414\n|switch|p2a: Gardevoir|Gardevoir, L84, M|251\/251\n|-ability|p2a: Gardevoir|Psychic Surge|[from] ability: Trace|[of] p1a: Indeedee\n|move|p1a: Indeedee|Calm Mind|p1a: Indeedee\n|-boost|p1a: Indeedee|spa|1\n|-boost|p1a: Indeedee|spd|1\n|\n|upkeep\n|turn|12\n|\n|t:|1611434419\n|move|p1a: Indeedee|Mystical Fire|p2a: Gardevoir\n|-damage|p2a: Gardevoir|187\/251\n|-unboost|p2a: Gardevoir|spa|1\n|move|p2a: Gardevoir|Moonblast|p1a: Indeedee\n|-damage|p1a: Indeedee|189\/238\n|\n|-heal|p2a: Gardevoir|202\/251|[from] item: Leftovers\n|upkeep\n|turn|13\n|\n|t:|1611434425\n|move|p1a: Indeedee|Calm Mind|p1a: Indeedee\n|-boost|p1a: Indeedee|spa|1\n|-boost|p1a: Indeedee|spd|1\n|move|p2a: Gardevoir|Moonblast|p1a: Indeedee\n|-damage|p1a: Indeedee|150\/238\n|\n|-heal|p2a: Gardevoir|217\/251|[from] item: Leftovers\n|upkeep\n|turn|14\n|\n|t:|1611434430\n|move|p1a: Indeedee|Hyper Voice|p2a: Gardevoir\n|-damage|p2a: Gardevoir|57\/251\n|move|p2a: Gardevoir|Moonblast|p1a: Indeedee\n|-crit|p1a: Indeedee\n|-damage|p1a: Indeedee|0 fnt\n|faint|p1a: Indeedee\n|\n|-heal|p2a: Gardevoir|72\/251|[from] item: Leftovers\n|upkeep\n|\n|t:|1611434436\n|switch|p1a: Bronzong|Bronzong, L84|190\/250\n|turn|15\n|c|\u2606DjezzeMwoan|negervis\n|c|\u2606octopoezzie|ik ben geskamd\n|\n|t:|1611434447\n|switch|p2a: Buzzwole|Buzzwole, L80|302\/302\n|move|p1a: Bronzong|Earthquake|p2a: Buzzwole\n|-resisted|p2a: Buzzwole\n|-damage|p2a: Buzzwole|279\/302\n|\n|-heal|p1a: Bronzong|205\/250|[from] item: Leftovers\n|-fieldend|move: Psychic Terrain\n|upkeep\n|turn|16\n|\n|t:|1611434457\n|move|p2a: Buzzwole|Close Combat|p1a: Bronzong\n|-damage|p1a: Bronzong|9\/250\n|-unboost|p2a: Buzzwole|def|1\n|-unboost|p2a: Buzzwole|spd|1\n|move|p1a: Bronzong|Toxic|p2a: Buzzwole\n|-status|p2a: Buzzwole|tox\n|\n|-heal|p1a: Bronzong|24\/250|[from] item: Leftovers\n|-damage|p2a: Buzzwole|261\/302 tox|[from] psn\n|upkeep\n|turn|17\n|\n|t:|1611434462\n|move|p1a: Bronzong|Protect|p1a: Bronzong\n|-singleturn|p1a: Bronzong|Protect\n|move|p2a: Buzzwole|Close Combat|p1a: Bronzong\n|-activate|p1a: Bronzong|move: Protect\n|\n|-heal|p1a: Bronzong|39\/250|[from] item: Leftovers\n|-damage|p2a: Buzzwole|225\/302 tox|[from] psn\n|upkeep\n|turn|18\n|c|\u2606octopoezzie|racist cartoon\n|n|\u203doctopoezzie|octopoezzie\n|j|@Mia\n|l|@Mia\n|\n|t:|1611434524\n|switch|p1a: Guzzlord|Guzzlord, L86|524\/524\n|move|p2a: Buzzwole|Close Combat|p1a: Guzzlord\n|-supereffective|p1a: Guzzlord\n|-damage|p1a: Guzzlord|0 fnt\n|-unboost|p2a: Buzzwole|def|1\n|-unboost|p2a: Buzzwole|spd|1\n|faint|p1a: Guzzlord\n|-ability|p2a: Buzzwole|Beast Boost|boost\n|-boost|p2a: Buzzwole|atk|1\n|\n|-damage|p2a: Buzzwole|171\/302 tox|[from] psn\n|upkeep\n|\n|t:|1611434537\n|switch|p1a: Regidrago|Regidrago, L82|462\/462\n|turn|19\n|\n|t:|1611434540\n|move|p1a: Regidrago|Dragon Dance|p1a: Regidrago\n|-boost|p1a: Regidrago|atk|1\n|-boost|p1a: Regidrago|spe|1\n|move|p2a: Buzzwole|Close Combat|p1a: Regidrago\n|-damage|p1a: Regidrago|0 fnt\n|-unboost|p2a: Buzzwole|def|1\n|-unboost|p2a: Buzzwole|spd|1\n|faint|p1a: Regidrago\n|-ability|p2a: Buzzwole|Beast Boost|boost\n|-boost|p2a: Buzzwole|atk|1\n|\n|-damage|p2a: Buzzwole|99\/302 tox|[from] psn\n|upkeep\n|\n|t:|1611434542\n|switch|p1a: Bronzong|Bronzong, L84|39\/250\n|turn|20\n|\n|t:|1611434544\n|move|p2a: Buzzwole|Close Combat|p1a: Bronzong\n|-damage|p1a: Bronzong|0 fnt\n|-unboost|p2a: Buzzwole|def|1\n|-unboost|p2a: Buzzwole|spd|1\n|faint|p1a: Bronzong\n|\n|win|DjezzeMwoan\n","inputlog":">version b737c5a7283f036d6e589073c2d8c102ab4beaa4\n>start {\"formatid\":\"gen8randombattle\",\"seed\":[8427,52416,4166,5453]}\n>player p1 {\"name\":\"octopoezzie\",\"avatar\":\"169\",\"team\":\"\",\"rating\":0,\"seed\":[55863,55165,54723,40581]}\n>player p2 {\"name\":\"DjezzeMwoan\",\"avatar\":\"52\",\"team\":\"\",\"rating\":0,\"seed\":[56961,4953,24211,46568]}\n>p1 move expandingforce\n>p2 switch 5\n>p1 move calmmind\n>p2 move encore\n>p1 move calmmind\n>p2 switch 6\n>p1 switch 6\n>p2 move uturn\n>p2 switch 3\n>p1 switch 2\n>p2 move closecombat\n>p1 switch 6\n>p1 move expandingforce\n>p2 switch 6\n>p1 move calmmind\n>p2 move mirrorcoat\n>p1 move calmmind\n>p2 move encore\n>p1 move calmmind\n>p2 switch 6\n>p1 switch 3\n>p2 move closecombat\n>p1 switch 3\n>p1 move calmmind\n>p2 switch 4\n>p1 move mysticalfire\n>p2 move moonblast\n>p1 move calmmind\n>p2 move moonblast\n>p1 move hypervoice\n>p2 move moonblast\n>p1 switch 2\n>chat \u2606DjezzeMwoan|negervis\n>chat \u2606octopoezzie|ik ben geskamd\n>p1 move earthquake\n>p2 switch 4\n>chat \u2606DjezzeMwoan|nigger\n>p1 move toxic\n>p2 move closecombat\n>p1 move protect\n>p2 move closecombat\n>chat \u2606octopoezzie|racist cartoon\n>chat \u2606DjezzeMwoan|niggers\n>chat \u2606octopoezzie|fuck all nigg_ers\n>p1 switch 5\n>p2 move closecombat\n>p1 switch 4\n>p1 move dragondance\n>p2 move closecombat\n>p1 switch 5\n>p1 move earthquake\n>p2 move closecombat","uploadtime":1611434478,"views":3,"p1id":"octopoezzie","p2id":"djezzemwoan","formatid":"gen8randombattle","rating":0,"private":0,"password":null}