{"id":"gen8randombattle-1706973872","p1":"Orangesodapop","p2":"Noglastica","format":"gen8randombattle","log":"|j|\u2606Orangesodapop\n|j|\u2606Noglastica\n|t:|1668037877\n|gametype|singles\n|player|p1|Orangesodapop|crasherwake|\n|player|p2|Noglastica|shauntal|\n|teamsize|p1|6\n|teamsize|p2|6\n|gen|8\n|tier|[Gen 8] Random Battle\n|rule|Species Clause: Limit one of each Pok\u00e9mon\n|rule|HP Percentage Mod: HP is shown in percentages\n|rule|Sleep Clause Mod: Limit one foe put to sleep\n|\n|t:|1668037877\n|start\n|switch|p1a: Palkia|Palkia, L74|255\/255\n|switch|p2a: Metagross|Metagross, L79|256\/256\n|-ability|p1a: Palkia|Pressure\n|turn|1\n|inactive|Battle timer is ON: inactive players will automatically lose when time's up. (requested by Noglastica)\n|c|\u2606Noglastica|WTF\n|c|\u2606Orangesodapop|gg btw\n|\n|t:|1668037889\n|move|p1a: Palkia|Thunder Wave|p2a: Metagross\n|-status|p2a: Metagross|par\n|move|p2a: Metagross|Agility|p2a: Metagross\n|-boost|p2a: Metagross|spe|2\n|\n|upkeep\n|turn|2\n|c|\u2606Noglastica|i stg bro gets\n|c|\u2606Noglastica|???\n|\n|t:|1668037896\n|move|p1a: Palkia|Hydro Pump|p2a: Metagross\n|-damage|p2a: Metagross|90\/256 par\n|move|p2a: Metagross|Agility|p2a: Metagross\n|-boost|p2a: Metagross|spe|2\n|\n|upkeep\n|turn|3\n|c|\u2606Noglastica|ANYWAY\n|c|\u2606Orangesodapop|??\n|\n|t:|1668037905\n|move|p2a: Metagross|Thunder Punch|p1a: Palkia\n|-damage|p1a: Palkia|196\/255\n|move|p1a: Palkia|Fire Blast|p2a: Metagross\n|-supereffective|p2a: Metagross\n|-damage|p2a: Metagross|0 fnt\n|faint|p2a: Metagross\n|\n|upkeep\n|c|\u2606Noglastica|23\n|\n|t:|1668037909\n|switch|p2a: Glalie|Glalie, L80, M|259\/259\n|turn|4\n|c|\u2606Orangesodapop|zero\n|c|\u2606Orangesodapop|?\n|\n|t:|1668037913\n|move|p1a: Palkia|Fire Blast|p2a: Glalie\n|-supereffective|p2a: Glalie\n|-damage|p2a: Glalie|57\/259\n|-status|p2a: Glalie|brn\n|move|p2a: Glalie|Freeze-Dry|p1a: Palkia\n|-supereffective|p1a: Palkia\n|-damage|p1a: Palkia|0 fnt\n|faint|p1a: Palkia\n|\n|-heal|p2a: Glalie|73\/259 brn|[from] item: Leftovers\n|-damage|p2a: Glalie|57\/259 brn|[from] brn\n|-ability|p2a: Glalie|Moody|boost\n|-boost|p2a: Glalie|def|2\n|-unboost|p2a: Glalie|spa|1\n|upkeep\n|c|\u2606Noglastica|ofc\n|c|\u2606Orangesodapop|wtf\n|\n|t:|1668037926\n|switch|p1a: Necrozma|Necrozma-Dusk-Mane, L67|241\/241\n|turn|5\n|c|\u2606Orangesodapop|gg\n|c|\u2606Noglastica|OMG\n|c|\u2606Noglastica|!\n|\n|t:|1668037938\n|move|p2a: Glalie|Earthquake|p1a: Necrozma\n|-supereffective|p1a: Necrozma\n|-damage|p1a: Necrozma|202\/241\n|-enditem|p1a: Necrozma|Weakness Policy\n|-boost|p1a: Necrozma|atk|2|[from] item: Weakness Policy\n|-boost|p1a: Necrozma|spa|2|[from] item: Weakness Policy\n|move|p1a: Necrozma|Dragon Dance|p1a: Necrozma\n|-boost|p1a: Necrozma|atk|1\n|-boost|p1a: Necrozma|spe|1\n|\n|-heal|p2a: Glalie|73\/259 brn|[from] item: Leftovers\n|-damage|p2a: Glalie|57\/259 brn|[from] brn\n|-ability|p2a: Glalie|Moody|boost\n|-boost|p2a: Glalie|spd|2\n|-unboost|p2a: Glalie|atk|1\n|upkeep\n|turn|6\n|c|\u2606Orangesodapop|go for chip\n|c|\u2606Noglastica|YEAH OK\n|c|\u2606Orangesodapop|dumblls\n|c|\u2606Noglastica|LMFAOOO\n|c|\u2606Orangesodapop|???????\n|c|\u2606Noglastica|WTF\n|c|\u2606Orangesodapop|??????????????????????????????????????????\n|c|\u2606Noglastica|WHO GETS THAT\n|c|\u2606Orangesodapop|?????????????????????????????????????\n|c|\u2606Orangesodapop|gg\n|c|\u2606Noglastica|MF GOT NECROZMA\n|\n|t:|1668037952\n|move|p1a: Necrozma|Dragon Dance|p1a: Necrozma\n|-boost|p1a: Necrozma|atk|1\n|-boost|p1a: Necrozma|spe|1\n|move|p2a: Glalie|Earthquake|p1a: Necrozma\n|-supereffective|p1a: Necrozma\n|-damage|p1a: Necrozma|173\/241\n|\n|-heal|p2a: Glalie|73\/259 brn|[from] item: Leftovers\n|-damage|p2a: Glalie|57\/259 brn|[from] brn\n|-ability|p2a: Glalie|Moody|boost\n|-boost|p2a: Glalie|spe|2\n|-unboost|p2a: Glalie|def|1\n|upkeep\n|turn|7\n|c|\u2606Noglastica|CHIP\n|c|\u2606Noglastica|!\n|\n|t:|1668037957\n|move|p2a: Glalie|Earthquake|p1a: Necrozma\n|-supereffective|p1a: Necrozma\n|-damage|p1a: Necrozma|147\/241\n|move|p1a: Necrozma|Dragon Dance|p1a: Necrozma\n|-boost|p1a: Necrozma|atk|1\n|-boost|p1a: Necrozma|spe|1\n|\n|-heal|p2a: Glalie|73\/259 brn|[from] item: Leftovers\n|-damage|p2a: Glalie|57\/259 brn|[from] brn\n|-ability|p2a: Glalie|Moody|boost\n|-boost|p2a: Glalie|atk|2\n|-unboost|p2a: Glalie|spd|1\n|upkeep\n|turn|8\n|c|\u2606Noglastica|WHERE CRIT\n|\n|t:|1668037960\n|move|p1a: Necrozma|Dragon Dance|p1a: Necrozma\n|-boost|p1a: Necrozma|atk|1\n|-boost|p1a: Necrozma|spe|1\n|move|p2a: Glalie|Earthquake|p1a: Necrozma\n|-supereffective|p1a: Necrozma\n|-damage|p1a: Necrozma|87\/241\n|\n|-heal|p2a: Glalie|73\/259 brn|[from] item: Leftovers\n|-damage|p2a: Glalie|57\/259 brn|[from] brn\n|-ability|p2a: Glalie|Moody|boost\n|-boost|p2a: Glalie|spd|2\n|-unboost|p2a: Glalie|spe|1\n|upkeep\n|turn|9\n|c|\u2606Noglastica|NO CRIT??\n|c|\u2606Noglastica|I EAT\n|\n|t:|1668037967\n|-start|p1a: Necrozma|Dynamax|\n|-heal|p1a: Necrozma|174\/482|[silent]\n|move|p1a: Necrozma|Max Steelspike|p2a: Glalie\n|-supereffective|p2a: Glalie\n|-damage|p2a: Glalie|0 fnt\n|-boost|p1a: Necrozma|def|1\n|faint|p2a: Glalie\n|\n|upkeep\n|c|\u2606Orangesodapop|gg btw\n|c|\u2606Orangesodapop|gg ez\n|\n|t:|1668037976\n|switch|p2a: Togedemaru|Togedemaru, L86, F|252\/252\n|turn|10\n|c|\u2606Noglastica|who?\n|c|\u2606Orangesodapop|i asked\n|\n|t:|1668037987\n|switch|p2a: Gyarados|Gyarados, L76, M|269\/269\n|move|p1a: Necrozma|Max Quake|p2a: Gyarados\n|-immune|p2a: Gyarados\n|\n|upkeep\n|turn|11\n|c|\u2606Noglastica|ANYWAYYY\n|\n|t:|1668037995\n|move|p1a: Necrozma|Max Quake|p2a: Gyarados\n|-immune|p2a: Gyarados\n|move|p2a: Gyarados|Bounce||[still]\n|-prepare|p2a: Gyarados|Bounce\n|\n|upkeep\n|-end|p1a: Necrozma|Dynamax\n|-heal|p1a: Necrozma|87\/241|[silent]\n|turn|12\n|c|\u2606Noglastica|looool\n|\n|t:|1668037999\n|move|p1a: Necrozma|Morning Sun|p1a: Necrozma\n|-heal|p1a: Necrozma|207\/241\n|move|p2a: Gyarados|Bounce|p1a: Necrozma|[from]lockedmove|[miss]\n|-miss|p2a: Gyarados|p1a: Necrozma\n|\n|upkeep\n|turn|13\n|c|\u2606Noglastica|bro is throwing\n|c|\u2606Noglastica|ok nvm\n|c|\u2606Noglastica|!\n|c|\u2606Noglastica|ofc\n|\n|t:|1668038006\n|move|p1a: Necrozma|Sunsteel Strike|p2a: Gyarados\n|-resisted|p2a: Gyarados\n|-damage|p2a: Gyarados|41\/269\n|move|p2a: Gyarados|Earthquake|p1a: Necrozma\n|-supereffective|p1a: Necrozma\n|-damage|p1a: Necrozma|141\/241\n|\n|upkeep\n|turn|14\n|c|\u2606Noglastica|chip\n|\n|t:|1668038010\n|move|p1a: Necrozma|Sunsteel Strike|p2a: Gyarados\n|-resisted|p2a: Gyarados\n|-damage|p2a: Gyarados|0 fnt\n|faint|p2a: Gyarados\n|\n|upkeep\n|\n|t:|1668038013\n|switch|p2a: Gastrodon|Gastrodon, L84, F|324\/324\n|turn|15\n|c|\u2606Noglastica|GAVE IT TO ME\n|\n|t:|1668038019\n|-start|p2a: Gastrodon|Dynamax|\n|-heal|p2a: Gastrodon|648\/648|[silent]\n|move|p1a: Necrozma|Morning Sun|p1a: Necrozma\n|-heal|p1a: Necrozma|241\/241\n|move|p2a: Gastrodon|Max Quake|p1a: Necrozma\n|-supereffective|p1a: Necrozma\n|-damage|p1a: Necrozma|115\/241\n|-boost|p2a: Gastrodon|spd|1\n|\n|upkeep\n|turn|16\n|c|\u2606Noglastica|chip\n|c|\u2606Orangesodapop|gg btw\n|\n|t:|1668038029\n|move|p1a: Necrozma|Morning Sun|p1a: Necrozma\n|-heal|p1a: Necrozma|235\/241\n|move|p2a: Gastrodon|Max Hailstorm|p1a: Necrozma\n|-resisted|p1a: Necrozma\n|-damage|p1a: Necrozma|185\/241\n|-weather|Hail\n|\n|-weather|Hail|[upkeep]\n|-damage|p1a: Necrozma|170\/241|[from] Hail\n|-damage|p2a: Gastrodon|628\/648|[from] Hail\n|-heal|p2a: Gastrodon|648\/648|[from] item: Leftovers\n|upkeep\n|turn|17\n|c|\u2606Noglastica|wtf\n|\n|t:|1668038035\n|move|p1a: Necrozma|Morning Sun|p1a: Necrozma\n|-heal|p1a: Necrozma|230\/241\n|move|p2a: Gastrodon|Max Quake|p1a: Necrozma\n|-supereffective|p1a: Necrozma\n|-damage|p1a: Necrozma|122\/241\n|-boost|p2a: Gastrodon|spd|1\n|\n|-weather|Hail|[upkeep]\n|-damage|p1a: Necrozma|107\/241|[from] Hail\n|-damage|p2a: Gastrodon|628\/648|[from] Hail\n|-heal|p2a: Gastrodon|648\/648|[from] item: Leftovers\n|upkeep\n|-end|p2a: Gastrodon|Dynamax\n|-heal|p2a: Gastrodon|324\/324|[silent]\n|turn|18\n|c|\u2606Noglastica|how!\n|\n|t:|1668038041\n|move|p1a: Necrozma|Morning Sun|p1a: Necrozma\n|-heal|p1a: Necrozma|167\/241\n|move|p2a: Gastrodon|Earthquake|p1a: Necrozma\n|-supereffective|p1a: Necrozma\n|-damage|p1a: Necrozma|80\/241\n|\n|-weather|Hail|[upkeep]\n|-damage|p1a: Necrozma|65\/241|[from] Hail\n|-damage|p2a: Gastrodon|304\/324|[from] Hail\n|-heal|p2a: Gastrodon|324\/324|[from] item: Leftovers\n|upkeep\n|turn|19\n|c|\u2606Noglastica|dumbass game\n|\n|t:|1668038045\n|move|p1a: Necrozma|Earthquake|p2a: Gastrodon\n|-damage|p2a: Gastrodon|0 fnt\n|faint|p2a: Gastrodon\n|\n|-weather|Hail|[upkeep]\n|-damage|p1a: Necrozma|50\/241|[from] Hail\n|upkeep\n|c|\u2606Noglastica|omg\n|\n|t:|1668038048\n|switch|p2a: Pheromosa|Pheromosa, L75|230\/230\n|turn|20\n|c|\u2606Noglastica|i live\n|c|\u2606Noglastica|!\n|\n|t:|1668038054\n|move|p1a: Necrozma|Earthquake|p2a: Pheromosa\n|-resisted|p2a: Pheromosa\n|-damage|p2a: Pheromosa|0 fnt\n|faint|p2a: Pheromosa\n|\n|-weather|none\n|upkeep\n|\n|t:|1668038057\n|switch|p2a: Togedemaru|Togedemaru, L86, F|252\/252\n|turn|21\n|c|\u2606Noglastica|oh yeah him\n|\n|t:|1668038061\n|move|p1a: Necrozma|Morning Sun|p1a: Necrozma\n|-heal|p1a: Necrozma|170\/241\n|move|p2a: Togedemaru|Zing Zap|p1a: Necrozma\n|-damage|p1a: Necrozma|109\/241\n|\n|upkeep\n|turn|22\n|\n|t:|1668038063\n|move|p2a: Togedemaru|Spiky Shield|p2a: Togedemaru\n|-singleturn|p2a: Togedemaru|move: Protect\n|move|p1a: Necrozma|Morning Sun|p1a: Necrozma\n|-heal|p1a: Necrozma|229\/241\n|\n|upkeep\n|turn|23\n|\n|t:|1668038066\n|move|p2a: Togedemaru|Spiky Shield||[still]\n|-fail|p2a: Togedemaru\n|move|p1a: Necrozma|Earthquake|p2a: Togedemaru\n|-supereffective|p2a: Togedemaru\n|-crit|p2a: Togedemaru\n|-ability|p2a: Togedemaru|Sturdy\n|-damage|p2a: Togedemaru|1\/252\n|\n|-heal|p2a: Togedemaru|16\/252|[from] item: Leftovers\n|upkeep\n|turn|24\n|-message|Noglastica forfeited.\n|\n|win|Orangesodapop\n|l|\u2606Noglastica\n|c|\u2606Orangesodapop|gg ez\n","inputlog":">version 453a3ad56483cc6a5c08448f6577d394b68621b7\n>start {\"formatid\":\"gen8randombattle\",\"seed\":[29819,4496,63491,33456]}\n>player p1 {\"name\":\"Orangesodapop\",\"avatar\":\"crasherwake\",\"rating\":0,\"seed\":[1958,12003,9876,3607]}\n>player p2 {\"name\":\"Noglastica\",\"avatar\":\"shauntal\",\"rating\":0,\"seed\":[48031,26061,2420,61329]}\n>chat \u2606Noglastica|WTF\n>chat \u2606Orangesodapop|gg btw\n>p1 move thunderwave\n>p2 move agility\n>chat \u2606Noglastica|i stg bro gets\n>chat \u2606Noglastica|???\n>p1 move hydropump\n>p2 move agility\n>chat \u2606Noglastica|ANYWAY\n>chat \u2606Orangesodapop|??\n>p1 move fireblast\n>p2 move thunderpunch\n>chat \u2606Noglastica|23\n>p2 switch 3\n>chat \u2606Orangesodapop|zero\n>chat \u2606Orangesodapop|?\n>p1 move fireblast\n>p2 move freezedry\n>chat \u2606Noglastica|ofc \n>chat \u2606Orangesodapop|wtf\n>p1 switch 5\n>chat \u2606Orangesodapop|gg\n>chat \u2606Noglastica|OMG\n>chat \u2606Noglastica|!\n>p1 move dragondance\n>p2 move earthquake\n>chat \u2606Orangesodapop|go for chip\n>chat \u2606Noglastica|YEAH OK\n>chat \u2606Orangesodapop|dumblls\n>chat \u2606Noglastica|LMFAOOO\n>chat \u2606Orangesodapop|???????\n>chat \u2606Noglastica|WTF\n>chat \u2606Orangesodapop|??????????????????????????????????????????\n>chat \u2606Noglastica|WHO GETS THAT\n>chat \u2606Orangesodapop|?????????????????????????????????????\n>chat \u2606Orangesodapop|gg\n>chat \u2606Noglastica|MF GOT NECROZMA\n>p1 move dragondance\n>p2 move earthquake\n>chat \u2606Noglastica|CHIP\n>chat \u2606Noglastica|!\n>p1 move dragondance\n>p2 move earthquake\n>chat \u2606Noglastica|WHERE CRIT\n>p1 move dragondance\n>p2 move earthquake\n>chat \u2606Noglastica|NO CRIT??\n>chat \u2606Noglastica|I EAT\n>p1 move sunsteelstrike dynamax\n>p2 move earthquake\n>chat \u2606Orangesodapop|gg btw\n>chat \u2606Orangesodapop|gg ez\n>p2 switch 2\n>chat \u2606Noglastica|who?\n>p1 move earthquake dynamax\n>p2 switch 4\n>chat \u2606Orangesodapop|i asked\n>chat \u2606Noglastica|ANYWAYYY\n>p1 move earthquake dynamax\n>p2 move bounce\n>chat \u2606Noglastica|looool\n>p1 move morningsun\n>p2 move bounce\n>chat \u2606Noglastica|bro is throwing\n>chat \u2606Noglastica|ok nvm\n>chat \u2606Noglastica|!\n>chat \u2606Noglastica|ofc\n>p1 move sunsteelstrike\n>p2 move earthquake\n>chat \u2606Noglastica|chip \n>p1 move sunsteelstrike\n>p2 move earthquake\n>p2 switch 5\n>chat \u2606Noglastica|GAVE IT TO ME\n>p1 move morningsun\n>p2 move earthquake dynamax\n>chat \u2606Noglastica|chip\n>chat \u2606Orangesodapop|gg btw\n>p1 move morningsun\n>p2 move icebeam dynamax\n>chat \u2606Noglastica|wtf\n>p1 move morningsun\n>p2 move earthquake dynamax\n>chat \u2606Noglastica|how!\n>p1 move morningsun\n>p2 move earthquake\n>chat \u2606Noglastica|dumbass game\n>p1 move earthquake\n>p2 move earthquake\n>chat \u2606Noglastica|omg\n>p2 switch 6\n>chat \u2606Noglastica|i live\n>chat \u2606Noglastica|!\n>p1 move earthquake\n>p2 move closecombat\n>p2 switch 4\n>chat \u2606Noglastica|oh yeah him\n>p1 move morningsun\n>p2 move zingzap\n>p1 move morningsun\n>p2 move spikyshield\n>p1 move earthquake\n>p2 move spikyshield\n>forcelose p2","uploadtime":1668038073,"views":8,"p1id":"orangesodapop","p2id":"noglastica","formatid":"gen8randombattle","rating":0,"private":0,"password":null}