{"id":"gen8ru-1317296619","p1":"Criingetopia","p2":"DiameterXtreme","format":"gen8ru","log":"|j|\u2606Criingetopia\n|j|\u2606DiameterXtreme\n|t:|1617850123\n|gametype|singles\n|player|p1|Criingetopia|policeman|\n|player|p2|DiameterXtreme|jasmine-gen2|\n|teamsize|p1|6\n|teamsize|p2|6\n|gen|8\n|tier|[Gen 8] RU\n|rated|Tournament battle\n|clearpoke\n|poke|p1|Froslass, F|\n|poke|p1|Cloyster, M|\n|poke|p1|Necrozma|\n|poke|p1|Mimikyu, F|\n|poke|p1|Sharpedo, M|\n|poke|p1|Toxtricity, F|\n|poke|p2|Crobat, M|\n|poke|p2|Zarude|\n|poke|p2|Cobalion|\n|poke|p2|Darmanitan, M|\n|poke|p2|Milotic, F|\n|poke|p2|Toxtricity, M|\n|rule|Sleep Clause Mod: Limit one foe put to sleep\n|rule|Species Clause: Limit one of each Pok\u00e9mon\n|rule|OHKO Clause: OHKO moves are banned\n|rule|Evasion Moves Clause: Evasion moves are banned\n|rule|Endless Battle Clause: Forcing endless battles is banned\n|rule|HP Percentage Mod: HP is shown in percentages\n|rule|Dynamax Clause: You cannot dynamax\n|teampreview\n|j|*Lady Monita\n|j| EvilSteelsFury\n|j| DrewCareysFeet\n|j| NovaNightshade\n|j| ratolgd\n|\n|t:|1617850134\n|start\n|switch|p1a: Froslass|Froslass, F|100\/100\n|switch|p2a: Crobat|Crobat, M|100\/100\n|turn|1\n|c|\u2606DiameterXtreme|hf\n|\n|t:|1617850139\n|move|p2a: Crobat|U-turn|p1a: Froslass\n|-resisted|p1a: Froslass\n|-damage|p1a: Froslass|88\/100\n|c|\u2606Criingetopia|hf\n|\n|t:|1617850142\n|switch|p2a: Darmanitan|Darmanitan, M|100\/100|[from]move: U-turn\n|move|p1a: Froslass|Icy Wind|p2a: Darmanitan\n|-resisted|p2a: Darmanitan\n|-damage|p2a: Darmanitan|88\/100\n|-unboost|p2a: Darmanitan|spe|1\n|\n|upkeep\n|turn|2\n|j| KING YUGON!\n|\n|t:|1617850164\n|move|p1a: Froslass|Destiny Bond|p1a: Froslass\n|-singlemove|p1a: Froslass|Destiny Bond\n|move|p2a: Darmanitan|Flare Blitz|p1a: Froslass\n|-supereffective|p1a: Froslass\n|-damage|p1a: Froslass|0 fnt\n|-start|p2a: Darmanitan|Disable|Flare Blitz|[from] ability: Cursed Body|[of] p1a: Froslass\n|-damage|p2a: Darmanitan|59\/100|[from] Recoil\n|faint|p1a: Froslass\n|-activate|p1a: Froslass|move: Destiny Bond\n|faint|p2a: Darmanitan\n|\n|upkeep\n|\n|t:|1617850190\n|switch|p1a: Sharpedo|Sharpedo, M|100\/100\n|switch|p2a: Toxtricity|Toxtricity, M, shiny|100\/100\n|turn|3\n|\n|t:|1617850201\n|switch|p2a: Milotic|Milotic, F|100\/100\n|move|p1a: Sharpedo|Protect||[still]\n|-fail|p1a: Sharpedo\n|\n|-ability|p1a: Sharpedo|Speed Boost|boost\n|-boost|p1a: Sharpedo|spe|1\n|upkeep\n|turn|4\n|\n|t:|1617850214\n|move|p1a: Sharpedo|Dark Pulse|p2a: Milotic\n|-damage|p2a: Milotic|68\/100\n|-damage|p1a: Sharpedo|91\/100|[from] item: Life Orb\n|move|p2a: Milotic|Scald|p1a: Sharpedo\n|-resisted|p1a: Sharpedo\n|-damage|p1a: Sharpedo|55\/100\n|\n|-heal|p2a: Milotic|74\/100|[from] item: Leftovers\n|-ability|p1a: Sharpedo|Speed Boost|boost\n|-boost|p1a: Sharpedo|spe|1\n|upkeep\n|turn|5\n|\n|t:|1617850223\n|move|p1a: Sharpedo|Dark Pulse|p2a: Milotic\n|-damage|p2a: Milotic|36\/100\n|-damage|p1a: Sharpedo|45\/100|[from] item: Life Orb\n|cant|p2a: Milotic|flinch\n|\n|-heal|p2a: Milotic|42\/100|[from] item: Leftovers\n|-ability|p1a: Sharpedo|Speed Boost|boost\n|-boost|p1a: Sharpedo|spe|1\n|upkeep\n|turn|6\n|j| Franchinchou\n|\n|t:|1617850232\n|switch|p1a: Toxtricity|Toxtricity, F|100\/100\n|move|p2a: Milotic|Recover|p2a: Milotic\n|-heal|p2a: Milotic|92\/100\n|\n|-heal|p2a: Milotic|98\/100|[from] item: Leftovers\n|upkeep\n|turn|7\n|\n|t:|1617850245\n|move|p1a: Toxtricity|Shift Gear|p1a: Toxtricity\n|-boost|p1a: Toxtricity|spe|2\n|-boost|p1a: Toxtricity|atk|1\n|move|p2a: Milotic|Flip Turn|p1a: Toxtricity\n|-damage|p1a: Toxtricity|81\/100\n|\n|t:|1617850254\n|switch|p2a: Toxtricity|Toxtricity, M, shiny|100\/100|[from]move: Flip Turn\n|\n|upkeep\n|turn|8\n|\n|t:|1617850259\n|move|p1a: Toxtricity|Boomburst|p2a: Toxtricity\n|-damage|p2a: Toxtricity|38\/100\n|-damage|p1a: Toxtricity|71\/100|[from] item: Life Orb\n|move|p2a: Toxtricity|Boomburst|p1a: Toxtricity\n|-damage|p1a: Toxtricity|0 fnt\n|faint|p1a: Toxtricity\n|\n|upkeep\n|\n|t:|1617850271\n|switch|p1a: Necrozma|Necrozma|100\/100\n|turn|9\n|\n|t:|1617850303\n|move|p1a: Necrozma|Autotomize|p1a: Necrozma\n|-boost|p1a: Necrozma|spe|2\n|-start|p1a: Necrozma|Autotomize\n|move|p2a: Toxtricity|Boomburst|p1a: Necrozma\n|-damage|p1a: Necrozma|0 fnt\n|faint|p1a: Necrozma\n|\n|upkeep\n|\n|t:|1617850316\n|switch|p1a: Mimikyu|Mimikyu, F|100\/100\n|turn|10\n|\n|t:|1617850324\n|switch|p2a: Crobat|Crobat, M|100\/100\n|move|p1a: Mimikyu|Swords Dance|p1a: Mimikyu\n|-boost|p1a: Mimikyu|atk|2\n|\n|upkeep\n|turn|11\n|\n|t:|1617850327\n|move|p2a: Crobat|U-turn|p1a: Mimikyu\n|-activate|p1a: Mimikyu|ability: Disguise\n|-damage|p1a: Mimikyu|100\/100\n|detailschange|p1a: Mimikyu|Mimikyu-Busted, F\n|-damage|p1a: Mimikyu|88\/100|[from] pokemon: Mimikyu-Busted\n|\n|t:|1617850330\n|switch|p2a: Cobalion|Cobalion|100\/100|[from]move: U-turn\n|move|p1a: Mimikyu|Shadow Claw|p2a: Cobalion\n|-damage|p2a: Cobalion|34\/100\n|-damage|p1a: Mimikyu|72\/100|[from] item: Rocky Helmet|[of] p2a: Cobalion\n|-damage|p1a: Mimikyu|62\/100|[from] item: Life Orb\n|\n|upkeep\n|turn|12\n|\n|t:|1617850347\n|move|p1a: Mimikyu|Shadow Sneak|p2a: Cobalion\n|-damage|p2a: Cobalion|0 fnt\n|-damage|p1a: Mimikyu|46\/100|[from] item: Rocky Helmet|[of] p2a: Cobalion\n|-damage|p1a: Mimikyu|36\/100|[from] item: Life Orb\n|faint|p2a: Cobalion\n|\n|upkeep\n|\n|t:|1617850350\n|switch|p2a: Crobat|Crobat, M|100\/100\n|turn|13\n|j| smwhtcgnznt\n|\n|t:|1617850363\n|move|p1a: Mimikyu|Shadow Sneak|p2a: Crobat\n|-damage|p2a: Crobat|44\/100\n|-damage|p1a: Mimikyu|26\/100|[from] item: Life Orb\n|move|p2a: Crobat|Brave Bird|p1a: Mimikyu\n|-damage|p1a: Mimikyu|0 fnt\n|-damage|p2a: Crobat|37\/100|[from] Recoil\n|faint|p1a: Mimikyu\n|\n|upkeep\n|\n|t:|1617850370\n|switch|p1a: Cloyster|Cloyster, M|100\/100\n|turn|14\n|\n|t:|1617850372\n|move|p2a: Crobat|U-turn|p1a: Cloyster\n|-damage|p1a: Cloyster|84\/100\n|\n|t:|1617850374\n|switch|p2a: Milotic|Milotic, F|98\/100|[from]move: U-turn\n|move|p1a: Cloyster|Shell Smash|p1a: Cloyster\n|-unboost|p1a: Cloyster|def|1\n|-unboost|p1a: Cloyster|spd|1\n|-boost|p1a: Cloyster|atk|2\n|-boost|p1a: Cloyster|spa|2\n|-boost|p1a: Cloyster|spe|2\n|\n|-heal|p2a: Milotic|100\/100|[from] item: Leftovers\n|upkeep\n|turn|15\n|j| Phantomistix\n|\n|t:|1617850381\n|move|p1a: Cloyster|Rock Blast|p2a: Milotic\n|-crit|p2a: Milotic\n|-damage|p2a: Milotic|86\/100\n|-damage|p2a: Milotic|75\/100\n|-damage|p2a: Milotic|65\/100\n|-damage|p2a: Milotic|55\/100\n|-damage|p2a: Milotic|44\/100\n|-hitcount|p2a: Milotic|5\n|move|p2a: Milotic|Scald|p1a: Cloyster\n|-resisted|p1a: Cloyster\n|-damage|p1a: Cloyster|27\/100\n|\n|-heal|p2a: Milotic|50\/100|[from] item: Leftovers\n|upkeep\n|turn|16\n|\n|t:|1617850391\n|move|p1a: Cloyster|Rock Blast|p2a: Milotic\n|-damage|p2a: Milotic|39\/100\n|-damage|p2a: Milotic|28\/100\n|-damage|p2a: Milotic|17\/100\n|-damage|p2a: Milotic|7\/100\n|-crit|p2a: Milotic\n|-damage|p2a: Milotic|0 fnt\n|-hitcount|p2a: Milotic|5\n|faint|p2a: Milotic\n|\n|upkeep\n|j| Osloh\n|-message|DiameterXtreme forfeited.\n|\n|win|Criingetopia\n|n|\u2606Criingetopia|criingetopia\n|n|\u2606DiameterXtreme|diameterxtreme\n|n|*Lady Monita|ladymonita\n|n| EvilSteelsFury|evilsteelsfury\n|n| DrewCareysFeet|drewcareysfeet\n|n| NovaNightshade|novanightshade\n|n| ratolgd|ratolgd\n|n| KING YUGON!|kingyugon\n|n| Franchinchou|franchinchou\n|n| smwhtcgnznt|smwhtcgnznt\n|n| Phantomistix|phantomistix\n|n| Osloh|osloh\n","uploadtime":1617850400,"views":37,"p1id":"criingetopia","p2id":"diameterxtreme","formatid":"gen8ru","rating":0,"private":0,"password":null}