{"id":"gen8ou-1706966461","p1":"Lostie_Kitkat","p2":"TubbsLad123","format":"gen8ou","log":"|j|\u203dLostie_Kitkat\n|j|\u2606TubbsLad123\n|t:|1668037140\n|gametype|singles\n|player|p1|Lostie_Kitkat|shadowtriad|1289\n|player|p2|TubbsLad123|2|1324\n|teamsize|p1|6\n|teamsize|p2|6\n|gen|8\n|tier|[Gen 8] OU\n|rated|\n|rule|Sleep Clause Mod: Limit one foe put to sleep\n|rule|Species Clause: Limit one of each Pok\u00e9mon\n|rule|OHKO Clause: OHKO moves are banned\n|rule|Evasion Items Clause: Evasion items are banned\n|rule|Evasion Moves Clause: Evasion moves are banned\n|rule|Endless Battle Clause: Forcing endless battles is banned\n|rule|HP Percentage Mod: HP is shown in percentages\n|rule|Dynamax Clause: You cannot dynamax\n|clearpoke\n|poke|p1|Zapdos-Galar|\n|poke|p1|Kartana|\n|poke|p1|Slowking-Galar, F|\n|poke|p1|Landorus-Therian, M|\n|poke|p1|Milotic, F|\n|poke|p1|Regieleki|\n|poke|p2|Gothitelle, M|\n|poke|p2|Durant, F|\n|poke|p2|Urshifu-*, M|\n|poke|p2|Qwilfish, M|\n|poke|p2|Sharpedo, F|\n|poke|p2|Mew|\n|teampreview\n|inactive|Battle timer is ON: inactive players will automatically lose when time's up. (requested by TubbsLad123)\n|c|\u2606TubbsLad123|Gl\n|\n|t:|1668037154\n|start\n|switch|p1a: Landorus|Landorus-Therian, M|100\/100\n|switch|p2a: Qwilfish|Qwilfish, M|100\/100\n|-ability|p1a: Landorus|Intimidate|boost\n|-unboost|p2a: Qwilfish|atk|1\n|turn|1\n|\n|t:|1668037163\n|move|p2a: Qwilfish|Rain Dance|p2a: Qwilfish\n|-weather|RainDance\n|move|p1a: Landorus|Stealth Rock|p2a: Qwilfish\n|-sidestart|p2: TubbsLad123|move: Stealth Rock\n|\n|-weather|RainDance|[upkeep]\n|upkeep\n|turn|2\n|\n|t:|1668037168\n|move|p2a: Qwilfish|Waterfall|p1a: Landorus\n|-supereffective|p1a: Landorus\n|-damage|p1a: Landorus|42\/100\n|move|p1a: Landorus|Toxic|p2a: Qwilfish\n|-immune|p2a: Qwilfish\n|\n|-weather|RainDance|[upkeep]\n|-heal|p1a: Landorus|48\/100|[from] item: Leftovers\n|upkeep\n|turn|3\n|c|\u2606TubbsLad123|XD\n|\n|t:|1668037180\n|switch|p1a: Milotic|Milotic, F|100\/100\n|move|p2a: Qwilfish|Spikes|p1a: Milotic\n|-sidestart|p1: Lostie_Kitkat|Spikes\n|\n|-weather|RainDance|[upkeep]\n|upkeep\n|turn|4\n|\n|t:|1668037187\n|move|p2a: Qwilfish|Waterfall|p1a: Milotic\n|-resisted|p1a: Milotic\n|-damage|p1a: Milotic|85\/100\n|move|p1a: Milotic|Ice Beam|p2a: Qwilfish\n|-resisted|p2a: Qwilfish\n|-damage|p2a: Qwilfish|78\/100\n|\n|-weather|RainDance|[upkeep]\n|-heal|p1a: Milotic|91\/100|[from] item: Leftovers\n|upkeep\n|turn|5\n|\n|t:|1668037203\n|move|p2a: Qwilfish|Spikes|p1a: Milotic\n|-sidestart|p1: Lostie_Kitkat|Spikes\n|move|p1a: Milotic|Ice Beam|p2a: Qwilfish\n|-resisted|p2a: Qwilfish\n|-damage|p2a: Qwilfish|59\/100\n|\n|-weather|none\n|-heal|p1a: Milotic|97\/100|[from] item: Leftovers\n|upkeep\n|turn|6\n|\n|t:|1668037210\n|move|p2a: Qwilfish|Rain Dance|p2a: Qwilfish\n|-weather|RainDance\n|move|p1a: Milotic|Ice Beam|p2a: Qwilfish\n|-resisted|p2a: Qwilfish\n|-damage|p2a: Qwilfish|37\/100\n|\n|-weather|RainDance|[upkeep]\n|-heal|p1a: Milotic|100\/100|[from] item: Leftovers\n|upkeep\n|turn|7\n|\n|t:|1668037216\n|move|p2a: Qwilfish|Spikes|p1a: Milotic\n|-sidestart|p1: Lostie_Kitkat|Spikes\n|move|p1a: Milotic|Ice Beam|p2a: Qwilfish\n|-resisted|p2a: Qwilfish\n|-damage|p2a: Qwilfish|17\/100\n|\n|-weather|RainDance|[upkeep]\n|upkeep\n|turn|8\n|\n|t:|1668037230\n|move|p2a: Qwilfish|Destiny Bond|p2a: Qwilfish\n|-singlemove|p2a: Qwilfish|Destiny Bond\n|move|p1a: Milotic|Ice Beam|p2a: Qwilfish\n|-resisted|p2a: Qwilfish\n|-damage|p2a: Qwilfish|0 fnt\n|faint|p2a: Qwilfish\n|-activate|p2a: Qwilfish|move: Destiny Bond\n|faint|p1a: Milotic\n|\n|-weather|RainDance|[upkeep]\n|upkeep\n|\n|t:|1668037243\n|switch|p2a: Urshifu|Urshifu-Rapid-Strike, M|100\/100\n|switch|p1a: Regieleki|Regieleki|100\/100\n|-damage|p1a: Regieleki|76\/100|[from] Spikes\n|-damage|p2a: Urshifu|94\/100|[from] Stealth Rock\n|turn|9\n|\n|t:|1668037250\n|move|p1a: Regieleki|Electro Ball|p2a: Urshifu\n|-supereffective|p2a: Urshifu\n|-damage|p2a: Urshifu|0 fnt\n|faint|p2a: Urshifu\n|\n|-weather|RainDance|[upkeep]\n|upkeep\n|\n|t:|1668037259\n|switch|p2a: Sharpedo|Sharpedo, F|100\/100\n|-damage|p2a: Sharpedo|88\/100|[from] Stealth Rock\n|turn|10\n|\n|t:|1668037263\n|move|p2a: Sharpedo|Protect|p2a: Sharpedo\n|-singleturn|p2a: Sharpedo|Protect\n|move|p1a: Regieleki|Electro Ball|p2a: Sharpedo\n|-activate|p2a: Sharpedo|move: Protect\n|\n|-weather|none\n|-ability|p2a: Sharpedo|Speed Boost|boost\n|-boost|p2a: Sharpedo|spe|1\n|upkeep\n|turn|11\n|\n|t:|1668037278\n|move|p2a: Sharpedo|Protect||[still]\n|-fail|p2a: Sharpedo\n|move|p1a: Regieleki|Electro Ball|p2a: Sharpedo\n|-supereffective|p2a: Sharpedo\n|-damage|p2a: Sharpedo|0 fnt\n|faint|p2a: Sharpedo\n|\n|upkeep\n|\n|t:|1668037281\n|switch|p2a: Mew|Mew|100\/100\n|-damage|p2a: Mew|88\/100|[from] Stealth Rock\n|turn|12\n|\n|t:|1668037287\n|move|p1a: Regieleki|Electro Ball|p2a: Mew\n|-damage|p2a: Mew|24\/100\n|move|p2a: Mew|Will-O-Wisp|p1a: Regieleki\n|-status|p1a: Regieleki|brn\n|\n|-heal|p2a: Mew|30\/100|[from] item: Leftovers\n|-damage|p1a: Regieleki|70\/100 brn|[from] brn\n|upkeep\n|turn|13\n|\n|t:|1668037296\n|move|p1a: Regieleki|Electro Ball|p2a: Mew\n|-crit|p2a: Mew\n|-damage|p2a: Mew|0 fnt\n|faint|p2a: Mew\n|\n|-damage|p1a: Regieleki|64\/100 brn|[from] brn\n|upkeep\n|\n|t:|1668037298\n|switch|p2a: Durant|Durant, F|100\/100\n|-damage|p2a: Durant|88\/100|[from] Stealth Rock\n|turn|14\n|\n|t:|1668037304\n|move|p1a: Regieleki|Electro Ball|p2a: Durant\n|-damage|p2a: Durant|0 fnt\n|faint|p2a: Durant\n|\n|-damage|p1a: Regieleki|58\/100 brn|[from] brn\n|upkeep\n|\n|t:|1668037310\n|switch|p2a: Gothitelle|Gothitelle, M|100\/100\n|-damage|p2a: Gothitelle|88\/100|[from] Stealth Rock\n|turn|15\n|\n|t:|1668037314\n|move|p1a: Regieleki|Electro Ball|p2a: Gothitelle\n|-damage|p2a: Gothitelle|0 fnt\n|faint|p2a: Gothitelle\n|\n|win|Lostie_Kitkat\n|raw|Lostie_Kitkat's rating: 1289 &rarr; <strong>1317<\/strong><br \/>(+28 for winning)\n|raw|TubbsLad123's rating: 1324 &rarr; <strong>1302<\/strong><br \/>(-22 for losing)\n|c|\u2606TubbsLad123|Gg\n","uploadtime":1668037325,"views":6,"p1id":"lostiekitkat","p2id":"tubbslad123","formatid":"gen8ou","rating":1302,"private":0,"password":null}