{"id":"gen8oublitz-1177390906","p1":"yhdrslb","p2":"Malanaki","format":"gen8oublitz","log":"|inactive|Battle timer is ON: inactive players will automatically lose when time's up.\n|j|\u2606yhdrslb\n|j|\u2606Malanaki\n|t:|1598679056\n|player|p1|yhdrslb|30|1167\n|player|p2|Malanaki|169|1131\n|teamsize|p1|6\n|teamsize|p2|6\n|gametype|singles\n|gen|8\n|tier|[Gen 8] OU (Blitz)\n|rated|\n|clearpoke\n|poke|p1|Zeraora|\n|poke|p1|Urshifu-*, M|\n|poke|p1|Jirachi|\n|poke|p1|Mandibuzz, F|\n|poke|p1|Slowbro, F|\n|poke|p1|Amoonguss, M|\n|poke|p2|Torkoal, F|\n|poke|p2|Venusaur, F|\n|poke|p2|Darmanitan, F|\n|poke|p2|Talonflame, F|\n|poke|p2|Ninetales, M|\n|poke|p2|Necrozma|\n|rule|Sleep Clause Mod: Limit one foe put to sleep\n|rule|Species Clause: Limit one of each Pok\u00e9mon\n|rule|OHKO Clause: OHKO moves are banned\n|rule|Evasion Moves Clause: Evasion moves are banned\n|rule|Endless Battle Clause: Forcing endless battles is banned\n|rule|HP Percentage Mod: HP is shown in percentages\n|rule|Dynamax Clause: You cannot dynamax\n|rule|Blitz: Super-fast timer\n|teampreview\n|inactive|yhdrslb has 30 seconds left.\n|inactive|Malanaki has 30 seconds left.\n|inactive|Malanaki has 20 seconds left.\n|\n|t:|1598679079\n|start\n|switch|p1a: Slowbro|Slowbro, F|100\/100\n|switch|p2a: Torkoal|Torkoal, F|100\/100\n|-weather|SunnyDay|[from] ability: Drought|[of] p2a: Torkoal\n|turn|1\n|\n|t:|1598679081\n|move|p1a: Slowbro|Toxic|p2a: Torkoal\n|-status|p2a: Torkoal|tox\n|move|p2a: Torkoal|Stealth Rock|p1a: Slowbro\n|-sidestart|p1: yhdrslb|move: Stealth Rock\n|\n|-weather|SunnyDay|[upkeep]\n|-damage|p2a: Torkoal|94\/100 tox|[from] psn\n|upkeep\n|turn|2\n|inactive|Malanaki has 10 seconds left.\n|\n|t:|1598679087\n|switch|p2a: Venusaur|Venusaur, F|100\/100\n|move|p1a: Slowbro|Teleport|p1a: Slowbro\n|\n|t:|1598679090\n|switch|p1a: Mandibuzz|Mandibuzz, F|100\/100|[from]move: Teleport\n|\n|-weather|SunnyDay|[upkeep]\n|upkeep\n|turn|3\n|inactive|Malanaki has 10 seconds left.\n|\n|t:|1598679096\n|move|p2a: Venusaur|Growth|p2a: Venusaur\n|-boost|p2a: Venusaur|atk|2\n|-boost|p2a: Venusaur|spa|2\n|move|p1a: Mandibuzz|Brave Bird|p2a: Venusaur\n|-supereffective|p2a: Venusaur\n|-damage|p2a: Venusaur|23\/100\n|-damage|p1a: Mandibuzz|82\/100|[from] Recoil\n|\n|-weather|SunnyDay|[upkeep]\n|upkeep\n|turn|4\n|\n|t:|1598679100\n|move|p2a: Venusaur|Weather Ball|p1a: Mandibuzz\n|-damage|p1a: Mandibuzz|0 fnt\n|-damage|p2a: Venusaur|13\/100|[from] item: Life Orb\n|faint|p1a: Mandibuzz\n|\n|-weather|SunnyDay|[upkeep]\n|upkeep\n|\n|t:|1598679103\n|switch|p1a: Urshifu|Urshifu, M|100\/100\n|-damage|p1a: Urshifu|94\/100|[from] Stealth Rock\n|turn|5\n|inactive|Malanaki has 10 seconds left.\n|\n|t:|1598679110\n|move|p1a: Urshifu|Sucker Punch|p2a: Venusaur\n|-damage|p2a: Venusaur|0 fnt\n|faint|p2a: Venusaur\n|\n|-weather|SunnyDay|[upkeep]\n|upkeep\n|\n|t:|1598679112\n|switch|p2a: Necrozma|Necrozma|100\/100\n|turn|6\n|\n|t:|1598679115\n|move|p1a: Urshifu|Bulk Up|p1a: Urshifu\n|-boost|p1a: Urshifu|atk|1\n|-boost|p1a: Urshifu|def|1\n|move|p2a: Necrozma|Autotomize|p2a: Necrozma\n|-boost|p2a: Necrozma|spe|2\n|-start|p2a: Necrozma|Autotomize\n|\n|-weather|SunnyDay|[upkeep]\n|upkeep\n|turn|7\n|\n|t:|1598679119\n|move|p1a: Urshifu|Sucker Punch|p2a: Necrozma\n|-supereffective|p2a: Necrozma\n|-damage|p2a: Necrozma|13\/100\n|-enditem|p2a: Necrozma|Weakness Policy\n|-boost|p2a: Necrozma|atk|2|[from] item: Weakness Policy\n|-boost|p2a: Necrozma|spa|2|[from] item: Weakness Policy\n|move|p2a: Necrozma|Heat Wave|p1a: Urshifu\n|-damage|p1a: Urshifu|0 fnt\n|faint|p1a: Urshifu\n|\n|-weather|SunnyDay|[upkeep]\n|upkeep\n|inactive|yhdrslb has 10 seconds left.\n|\n|t:|1598679125\n|switch|p1a: Zeraora|Zeraora|100\/100\n|-damage|p1a: Zeraora|88\/100|[from] Stealth Rock\n|turn|8\n|\n|t:|1598679128\n|move|p2a: Necrozma|Photon Geyser|p1a: Zeraora\n|-damage|p1a: Zeraora|0 fnt\n|faint|p1a: Zeraora\n|\n|-weather|none\n|upkeep\n|\n|t:|1598679131\n|switch|p1a: Slowbro|Slowbro, F|100\/100\n|turn|9\n|\n|t:|1598679134\n|move|p2a: Necrozma|Photon Geyser|p1a: Slowbro\n|-resisted|p1a: Slowbro\n|-crit|p1a: Slowbro\n|-damage|p1a: Slowbro|15\/100\n|move|p1a: Slowbro|Scald|p2a: Necrozma\n|-damage|p2a: Necrozma|0 fnt\n|faint|p2a: Necrozma\n|\n|upkeep\n|\n|t:|1598679138\n|switch|p2a: Torkoal|Torkoal, F|94\/100 tox\n|-weather|SunnyDay|[from] ability: Drought|[of] p2a: Torkoal\n|turn|10\n|inactive|yhdrslb has 10 seconds left.\n|\n|t:|1598679147\n|switch|p1a: Amoonguss|Amoonguss, M|100\/100\n|-damage|p1a: Amoonguss|88\/100|[from] Stealth Rock\n|move|p2a: Torkoal|Explosion|p1a: Amoonguss\n|-damage|p1a: Amoonguss|51\/100\n|faint|p2a: Torkoal\n|\n|-weather|SunnyDay|[upkeep]\n|upkeep\n|\n|t:|1598679150\n|switch|p2a: Darmanitan|Darmanitan, F|100\/100\n|turn|11\n|\n|t:|1598679154\n|switch|p1a: Jirachi|Jirachi|100\/100\n|-damage|p1a: Jirachi|94\/100|[from] Stealth Rock\n|move|p2a: Darmanitan|Flare Blitz|p1a: Jirachi\n|-supereffective|p1a: Jirachi\n|-damage|p1a: Jirachi|0 fnt\n|-damage|p2a: Darmanitan|70\/100|[from] Recoil\n|faint|p1a: Jirachi\n|\n|-weather|SunnyDay|[upkeep]\n|upkeep\n|\n|t:|1598679158\n|switch|p1a: Slowbro|Slowbro, F|48\/100\n|turn|12\n|\n|t:|1598679159\n|switch|p1a: Amoonguss|Amoonguss, M|85\/100\n|-damage|p1a: Amoonguss|72\/100|[from] Stealth Rock\n|move|p2a: Darmanitan|Flare Blitz|p1a: Amoonguss\n|-supereffective|p1a: Amoonguss\n|-damage|p1a: Amoonguss|0 fnt\n|-damage|p2a: Darmanitan|54\/100|[from] item: Rocky Helmet|[of] p1a: Amoonguss\n|-damage|p2a: Darmanitan|25\/100|[from] Recoil\n|faint|p1a: Amoonguss\n|\n|-weather|SunnyDay|[upkeep]\n|upkeep\n|\n|t:|1598679162\n|switch|p1a: Slowbro|Slowbro, F|82\/100\n|turn|13\n|\n|t:|1598679164\n|move|p2a: Darmanitan|Flare Blitz|p1a: Slowbro\n|-resisted|p1a: Slowbro\n|-damage|p1a: Slowbro|41\/100\n|-damage|p2a: Darmanitan|10\/100|[from] Recoil\n|move|p1a: Slowbro|Slack Off|p1a: Slowbro\n|-heal|p1a: Slowbro|91\/100\n|\n|-weather|SunnyDay|[upkeep]\n|upkeep\n|turn|14\n|\n|t:|1598679169\n|switch|p2a: Ninetales|Ninetales, M|100\/100\n|move|p1a: Slowbro|Slack Off|p1a: Slowbro\n|-heal|p1a: Slowbro|100\/100\n|\n|-weather|SunnyDay|[upkeep]\n|upkeep\n|turn|15\n|\n|t:|1598679173\n|move|p2a: Ninetales|Will-O-Wisp|p1a: Slowbro\n|-status|p1a: Slowbro|brn\n|move|p1a: Slowbro|Toxic|p2a: Ninetales\n|-status|p2a: Ninetales|tox\n|\n|-weather|SunnyDay|[upkeep]\n|-damage|p2a: Ninetales|95\/100 tox|[from] psn\n|-damage|p1a: Slowbro|94\/100 brn|[from] brn\n|upkeep\n|turn|16\n|\n|t:|1598679176\n|move|p2a: Ninetales|Flamethrower|p1a: Slowbro\n|-resisted|p1a: Slowbro\n|-damage|p1a: Slowbro|67\/100 brn\n|move|p1a: Slowbro|Scald|p2a: Ninetales\n|-supereffective|p2a: Ninetales\n|-damage|p2a: Ninetales|63\/100 tox\n|\n|-weather|SunnyDay|[upkeep]\n|-damage|p2a: Ninetales|51\/100 tox|[from] psn\n|-damage|p1a: Slowbro|61\/100 brn|[from] brn\n|upkeep\n|turn|17\n|\n|t:|1598679179\n|move|p2a: Ninetales|Flamethrower|p1a: Slowbro\n|-resisted|p1a: Slowbro\n|-damage|p1a: Slowbro|34\/100 brn\n|move|p1a: Slowbro|Slack Off|p1a: Slowbro\n|-heal|p1a: Slowbro|84\/100 brn\n|\n|-weather|none\n|-damage|p2a: Ninetales|33\/100 tox|[from] psn\n|-damage|p1a: Slowbro|78\/100 brn|[from] brn\n|upkeep\n|turn|18\n|\n|t:|1598679181\n|move|p2a: Ninetales|Flamethrower|p1a: Slowbro\n|-resisted|p1a: Slowbro\n|-damage|p1a: Slowbro|61\/100 brn\n|move|p1a: Slowbro|Slack Off|p1a: Slowbro\n|-heal|p1a: Slowbro|100\/100 brn\n|\n|-damage|p2a: Ninetales|9\/100 tox|[from] psn\n|-damage|p1a: Slowbro|94\/100 brn|[from] brn\n|upkeep\n|turn|19\n|\n|t:|1598679184\n|switch|p2a: Darmanitan|Darmanitan, F|10\/100\n|move|p1a: Slowbro|Slack Off|p1a: Slowbro\n|-heal|p1a: Slowbro|100\/100 brn\n|\n|-damage|p1a: Slowbro|94\/100 brn|[from] brn\n|upkeep\n|turn|20\n|\n|t:|1598679186\n|switch|p2a: Ninetales|Ninetales, M|9\/100 tox\n|-weather|SunnyDay|[from] ability: Drought|[of] p2a: Ninetales\n|move|p1a: Slowbro|Scald|p2a: Ninetales\n|-supereffective|p2a: Ninetales\n|-damage|p2a: Ninetales|0 fnt\n|faint|p2a: Ninetales\n|\n|-weather|SunnyDay|[upkeep]\n|-damage|p1a: Slowbro|88\/100 brn|[from] brn\n|upkeep\n|inactive|Malanaki has 10 seconds left.\n|\n|t:|1598679192\n|switch|p2a: Darmanitan|Darmanitan, F|10\/100\n|turn|21\n|\n|t:|1598679195\n|move|p2a: Darmanitan|Flare Blitz|p1a: Slowbro\n|-resisted|p1a: Slowbro\n|-damage|p1a: Slowbro|44\/100 brn\n|-damage|p2a: Darmanitan|0 fnt|[from] Recoil\n|faint|p2a: Darmanitan\n|move|p1a: Slowbro|Slack Off|p1a: Slowbro\n|-heal|p1a: Slowbro|94\/100 brn\n|\n|-weather|SunnyDay|[upkeep]\n|-damage|p1a: Slowbro|88\/100 brn|[from] brn\n|upkeep\n|\n|t:|1598679197\n|switch|p2a: Talonflame|Talonflame, F|100\/100\n|turn|22\n|\n|t:|1598679200\n|move|p2a: Talonflame|Brave Bird|p1a: Slowbro\n|-damage|p1a: Slowbro|42\/100 brn\n|-damage|p2a: Talonflame|80\/100|[from] Recoil\n|move|p1a: Slowbro|Toxic|p2a: Talonflame\n|-status|p2a: Talonflame|tox\n|\n|-weather|SunnyDay|[upkeep]\n|-damage|p2a: Talonflame|74\/100 tox|[from] psn\n|-damage|p1a: Slowbro|36\/100 brn|[from] brn\n|upkeep\n|turn|23\n|\n|t:|1598679203\n|move|p2a: Talonflame|Brave Bird|p1a: Slowbro\n|-damage|p1a: Slowbro|0 fnt\n|-damage|p2a: Talonflame|59\/100 tox|[from] Recoil\n|faint|p1a: Slowbro\n|\n|win|Malanaki\n|raw|yhdrslb's rating: 1167 &rarr; <strong>1140<\/strong><br \/>(-27 for losing)\n|raw|Malanaki's rating: 1132 &rarr; <strong>1159<\/strong><br \/>(+27 for winning)\n|c|\u2606Malanaki|Ez\n|c|\u2606yhdrslb|banded talonflame\n","uploadtime":1598679216,"views":3,"p1id":"yhdrslb","p2id":"malanaki","formatid":"gen8oublitz","rating":1140,"private":0,"password":null}