{"id":"gen8ou-1559534280","p1":"gitt rektt","p2":"BRIFYE","format":"gen8ou","log":"|j|\u2606gitt rektt\n|j|\u2606BRIFYE\n|t:|1650698954\n|gametype|singles\n|player|p1|gitt rektt|lucas-gen4pt|1768\n|player|p2|BRIFYE|blaine|1780\n|teamsize|p1|6\n|teamsize|p2|6\n|gen|8\n|tier|[Gen 8] OU\n|rated|\n|rule|Sleep Clause Mod: Limit one foe put to sleep\n|rule|Species Clause: Limit one of each Pok\u00e9mon\n|rule|OHKO Clause: OHKO moves are banned\n|rule|Evasion Moves Clause: Evasion moves are banned\n|rule|Endless Battle Clause: Forcing endless battles is banned\n|rule|HP Percentage Mod: HP is shown in percentages\n|rule|Dynamax Clause: You cannot dynamax\n|clearpoke\n|poke|p1|Chansey, F|\n|poke|p1|Landorus-Therian, M|\n|poke|p1|Ditto|\n|poke|p1|Dragapult, F|\n|poke|p1|Toxapex, M|\n|poke|p1|Corviknight, M|\n|poke|p2|Torkoal, M|\n|poke|p2|Darmanitan, F|\n|poke|p2|Dragonite, F|\n|poke|p2|Blacephalon|\n|poke|p2|Venusaur, M|\n|poke|p2|Landorus-Therian, M|\n|teampreview\n|inactive|Battle timer is ON: inactive players will automatically lose when time's up. (requested by gitt rektt)\n|\n|t:|1650698963\n|start\n|switch|p1a: Landorus|Landorus-Therian, M|100\/100\n|switch|p2a: Darmanitan|Darmanitan, F|100\/100\n|-ability|p1a: Landorus|Intimidate|boost\n|-unboost|p2a: Darmanitan|atk|1\n|turn|1\n|\n|t:|1650698972\n|switch|p2a: Landorus|Landorus-Therian, M|100\/100\n|-ability|p2a: Landorus|Intimidate|boost\n|-unboost|p1a: Landorus|atk|1\n|move|p1a: Landorus|Stealth Rock|p2a: Landorus\n|-sidestart|p2: BRIFYE|move: Stealth Rock\n|\n|upkeep\n|turn|2\n|j| Jelly cookie\n|\n|t:|1650698979\n|switch|p1a: Corviknight|Corviknight, M|100\/100\n|-ability|p1a: Corviknight|Pressure\n|move|p2a: Landorus|Toxic|p1a: Corviknight\n|-immune|p1a: Corviknight\n|\n|upkeep\n|turn|3\n|j| nimiLW\n|\n|t:|1650698987\n|move|p2a: Landorus|Defog|p1a: Corviknight\n|-unboost|p1a: Corviknight|evasion|1\n|-sideend|p2: BRIFYE|Stealth Rock|[from] move: Defog|[of] p2a: Landorus\n|move|p1a: Corviknight|Body Press|p2a: Landorus\n|-resisted|p2a: Landorus\n|-damage|p2a: Landorus|94\/100\n|\n|-heal|p2a: Landorus|99\/100|[from] item: Leftovers\n|upkeep\n|turn|4\n|\n|t:|1650698995\n|switch|p2a: Blacephalon|Blacephalon|100\/100\n|move|p1a: Corviknight|Body Press|p2a: Blacephalon\n|-immune|p2a: Blacephalon\n|\n|upkeep\n|turn|5\n|\n|t:|1650699001\n|switch|p1a: Toxapex|Toxapex, M|100\/100\n|move|p2a: Blacephalon|Shadow Ball|p1a: Toxapex\n|-damage|p1a: Toxapex|65\/100\n|\n|-heal|p1a: Toxapex|71\/100|[from] item: Black Sludge\n|upkeep\n|turn|6\n|\n|t:|1650699018\n|switch|p2a: Torkoal|Torkoal, M|100\/100\n|-weather|SunnyDay|[from] ability: Drought|[of] p2a: Torkoal\n|switch|p1a: Landorus|Landorus-Therian, M|100\/100\n|-ability|p1a: Landorus|Intimidate|boost\n|-unboost|p2a: Torkoal|atk|1\n|\n|-weather|SunnyDay|[upkeep]\n|upkeep\n|turn|7\n|\n|t:|1650699027\n|switch|p2a: Landorus|Landorus-Therian, M|99\/100\n|-ability|p2a: Landorus|Intimidate|boost\n|-unboost|p1a: Landorus|atk|1\n|move|p1a: Landorus|Earthquake|p2a: Landorus\n|-immune|p2a: Landorus\n|\n|-weather|SunnyDay|[upkeep]\n|-heal|p2a: Landorus|100\/100|[from] item: Leftovers\n|upkeep\n|turn|8\n|\n|t:|1650699035\n|switch|p1a: Corviknight|Corviknight, M|100\/100\n|-ability|p1a: Corviknight|Pressure\n|move|p2a: Landorus|Toxic|p1a: Corviknight|[miss]\n|-miss|p2a: Landorus|p1a: Corviknight\n|\n|-weather|SunnyDay|[upkeep]\n|upkeep\n|turn|9\n|\n|t:|1650699047\n|move|p2a: Landorus|Earthquake|p1a: Corviknight\n|-immune|p1a: Corviknight\n|move|p1a: Corviknight|Iron Defense|p1a: Corviknight\n|-boost|p1a: Corviknight|def|2\n|\n|-weather|SunnyDay|[upkeep]\n|upkeep\n|turn|10\n|\n|t:|1650699059\n|switch|p2a: Blacephalon|Blacephalon|100\/100\n|move|p1a: Corviknight|Body Press|p2a: Blacephalon\n|-immune|p2a: Blacephalon\n|\n|-weather|SunnyDay|[upkeep]\n|upkeep\n|turn|11\n|\n|t:|1650699065\n|switch|p1a: Toxapex|Toxapex, M|100\/100\n|move|p2a: Blacephalon|Flamethrower|p1a: Toxapex\n|-resisted|p1a: Toxapex\n|-damage|p1a: Toxapex|69\/100\n|\n|-weather|SunnyDay|[upkeep]\n|-heal|p1a: Toxapex|75\/100|[from] item: Black Sludge\n|upkeep\n|turn|12\n|\n|t:|1650699072\n|move|p2a: Blacephalon|Flamethrower|p1a: Toxapex\n|-resisted|p1a: Toxapex\n|-damage|p1a: Toxapex|45\/100\n|move|p1a: Toxapex|Toxic Spikes|p2a: Blacephalon\n|-sidestart|p2: BRIFYE|move: Toxic Spikes\n|\n|-weather|SunnyDay|[upkeep]\n|-heal|p1a: Toxapex|51\/100|[from] item: Black Sludge\n|upkeep\n|turn|13\n|\n|t:|1650699080\n|move|p2a: Blacephalon|Flamethrower|p1a: Toxapex\n|-resisted|p1a: Toxapex\n|-damage|p1a: Toxapex|22\/100\n|move|p1a: Toxapex|Recover|p1a: Toxapex\n|-heal|p1a: Toxapex|72\/100\n|\n|-weather|none\n|-heal|p1a: Toxapex|78\/100|[from] item: Black Sludge\n|upkeep\n|turn|14\n|\n|t:|1650699088\n|switch|p2a: Venusaur|Venusaur, M|100\/100\n|-sideend|p2: BRIFYE|move: Toxic Spikes|[of] p2a: Venusaur\n|move|p1a: Toxapex|Scald|p2a: Venusaur\n|-resisted|p2a: Venusaur\n|-damage|p2a: Venusaur|91\/100\n|\n|-heal|p1a: Toxapex|84\/100|[from] item: Black Sludge\n|upkeep\n|turn|15\n|\n|t:|1650699096\n|switch|p1a: Chansey|Chansey, F|100\/100\n|move|p2a: Venusaur|Giga Drain|p1a: Chansey\n|-damage|p1a: Chansey|88\/100\n|-heal|p2a: Venusaur|100\/100|[from] drain|[of] p1a: Chansey\n|-damage|p2a: Venusaur|91\/100|[from] item: Life Orb\n|\n|upkeep\n|turn|16\n|\n|t:|1650699104\n|switch|p2a: Landorus|Landorus-Therian, M|100\/100\n|-ability|p2a: Landorus|Intimidate|boost\n|-unboost|p1a: Chansey|atk|1\n|move|p1a: Chansey|Wish|p1a: Chansey\n|\n|upkeep\n|turn|17\n|\n|t:|1650699115\n|switch|p1a: Corviknight|Corviknight, M|100\/100\n|-ability|p1a: Corviknight|Pressure\n|move|p2a: Landorus|U-turn|p1a: Corviknight\n|-resisted|p1a: Corviknight\n|-damage|p1a: Corviknight|96\/100\n|-damage|p2a: Landorus|84\/100|[from] item: Rocky Helmet|[of] p1a: Corviknight\n|j| trashunknownteam\n|\n|t:|1650699123\n|switch|p2a: Darmanitan|Darmanitan, F|100\/100|[from]move: U-turn\n|\n|-heal|p1a: Corviknight|100\/100|[from] move: Wish|[wisher] Chansey\n|upkeep\n|turn|18\n|\n|t:|1650699128\n|switch|p1a: Toxapex|Toxapex, M|100\/100\n|move|p2a: Darmanitan|Flare Blitz|p1a: Toxapex\n|-resisted|p1a: Toxapex\n|-damage|p1a: Toxapex|65\/100\n|-damage|p2a: Darmanitan|90\/100|[from] Recoil\n|\n|-heal|p1a: Toxapex|71\/100|[from] item: Black Sludge\n|upkeep\n|turn|19\n|j| DA COME UP \u265b\n|\n|t:|1650699140\n|switch|p2a: Torkoal|Torkoal, M|100\/100\n|-weather|SunnyDay|[from] ability: Drought|[of] p2a: Torkoal\n|move|p1a: Toxapex|Toxic Spikes|p2a: Torkoal\n|-sidestart|p2: BRIFYE|move: Toxic Spikes\n|\n|-weather|SunnyDay|[upkeep]\n|-heal|p1a: Toxapex|77\/100|[from] item: Black Sludge\n|upkeep\n|turn|20\n|\n|t:|1650699147\n|switch|p1a: Landorus|Landorus-Therian, M|100\/100\n|-ability|p1a: Landorus|Intimidate|boost\n|-unboost|p2a: Torkoal|atk|1\n|move|p2a: Torkoal|Stealth Rock|p1a: Landorus\n|-sidestart|p1: gitt rektt|move: Stealth Rock\n|\n|-weather|SunnyDay|[upkeep]\n|upkeep\n|turn|21\n|j| Chiwis Del Norte\n|\n|t:|1650699154\n|switch|p2a: Landorus|Landorus-Therian, M|84\/100\n|-ability|p2a: Landorus|Intimidate|boost\n|-unboost|p1a: Landorus|atk|1\n|move|p1a: Landorus|Earthquake|p2a: Landorus\n|-immune|p2a: Landorus\n|\n|-weather|SunnyDay|[upkeep]\n|-heal|p2a: Landorus|90\/100|[from] item: Leftovers\n|upkeep\n|turn|22\n|\n|t:|1650699162\n|move|p1a: Landorus|Stealth Rock|p2a: Landorus\n|-sidestart|p2: BRIFYE|move: Stealth Rock\n|move|p2a: Landorus|U-turn|p1a: Landorus\n|-resisted|p1a: Landorus\n|-damage|p1a: Landorus|89\/100\n|\n|t:|1650699167\n|switch|p2a: Venusaur|Venusaur, M|91\/100|[from]move: U-turn\n|-damage|p2a: Venusaur|78\/100|[from] Stealth Rock\n|-sideend|p2: BRIFYE|move: Toxic Spikes|[of] p2a: Venusaur\n|\n|-weather|SunnyDay|[upkeep]\n|upkeep\n|turn|23\n|\n|t:|1650699175\n|switch|p1a: Chansey|Chansey, F|88\/100\n|-damage|p1a: Chansey|75\/100|[from] Stealth Rock\n|move|p2a: Venusaur|Giga Drain|p1a: Chansey\n|-damage|p1a: Chansey|63\/100\n|-heal|p2a: Venusaur|93\/100|[from] drain|[of] p1a: Chansey\n|-damage|p2a: Venusaur|83\/100|[from] item: Life Orb\n|\n|-weather|SunnyDay|[upkeep]\n|upkeep\n|turn|24\n|\n|t:|1650699184\n|move|p2a: Venusaur|Growth|p2a: Venusaur\n|-boost|p2a: Venusaur|atk|2\n|-boost|p2a: Venusaur|spa|2\n|move|p1a: Chansey|Soft-Boiled|p1a: Chansey\n|-heal|p1a: Chansey|100\/100\n|\n|-weather|SunnyDay|[upkeep]\n|upkeep\n|turn|25\n|\n|t:|1650699189\n|move|p2a: Venusaur|Growth|p2a: Venusaur\n|-boost|p2a: Venusaur|atk|2\n|-boost|p2a: Venusaur|spa|2\n|move|p1a: Chansey|Thunder Wave|p2a: Venusaur|[miss]\n|-miss|p1a: Chansey|p2a: Venusaur\n|\n|-weather|SunnyDay|[upkeep]\n|upkeep\n|turn|26\n|\n|t:|1650699196\n|move|p2a: Venusaur|Weather Ball|p1a: Chansey\n|-damage|p1a: Chansey|50\/100\n|-damage|p2a: Venusaur|73\/100|[from] item: Life Orb\n|move|p1a: Chansey|Thunder Wave|p2a: Venusaur\n|-status|p2a: Venusaur|par\n|\n|-weather|none\n|upkeep\n|turn|27\n|\n|t:|1650699204\n|move|p2a: Venusaur|Giga Drain|p1a: Chansey\n|-damage|p1a: Chansey|11\/100\n|-heal|p2a: Venusaur|100\/100 par|[from] drain|[of] p1a: Chansey\n|-damage|p2a: Venusaur|91\/100 par|[from] item: Life Orb\n|move|p1a: Chansey|Soft-Boiled|p1a: Chansey\n|-heal|p1a: Chansey|61\/100\n|\n|upkeep\n|turn|28\n|\n|t:|1650699211\n|cant|p2a: Venusaur|par\n|move|p1a: Chansey|Soft-Boiled|p1a: Chansey\n|-heal|p1a: Chansey|100\/100\n|\n|upkeep\n|turn|29\n|\n|t:|1650699218\n|move|p2a: Venusaur|Giga Drain|p1a: Chansey\n|-damage|p1a: Chansey|60\/100\n|-heal|p2a: Venusaur|100\/100 par|[from] drain|[of] p1a: Chansey\n|-damage|p2a: Venusaur|91\/100 par|[from] item: Life Orb\n|move|p1a: Chansey|Wish|p1a: Chansey\n|\n|upkeep\n|turn|30\n|j| Go b4 it gets dark\n|\n|t:|1650699225\n|move|p2a: Venusaur|Giga Drain|p1a: Chansey\n|-damage|p1a: Chansey|23\/100\n|-heal|p2a: Venusaur|100\/100 par|[from] drain|[of] p1a: Chansey\n|-damage|p2a: Venusaur|91\/100 par|[from] item: Life Orb\n|move|p1a: Chansey|Seismic Toss|p2a: Venusaur\n|-damage|p2a: Venusaur|57\/100 par\n|\n|-heal|p1a: Chansey|73\/100|[from] move: Wish|[wisher] Chansey\n|upkeep\n|turn|31\n|\n|t:|1650699235\n|move|p2a: Venusaur|Giga Drain|p1a: Chansey\n|-damage|p1a: Chansey|32\/100\n|-heal|p2a: Venusaur|100\/100 par|[from] drain|[of] p1a: Chansey\n|-damage|p2a: Venusaur|91\/100 par|[from] item: Life Orb\n|move|p1a: Chansey|Soft-Boiled|p1a: Chansey\n|-heal|p1a: Chansey|82\/100\n|\n|upkeep\n|turn|32\n|\n|t:|1650699242\n|cant|p2a: Venusaur|par\n|move|p1a: Chansey|Soft-Boiled|p1a: Chansey\n|-heal|p1a: Chansey|100\/100\n|\n|upkeep\n|turn|33\n|\n|t:|1650699246\n|switch|p1a: Corviknight|Corviknight, M|100\/100\n|-damage|p1a: Corviknight|88\/100|[from] Stealth Rock\n|-ability|p1a: Corviknight|Pressure\n|move|p2a: Venusaur|Earth Power|p1a: Corviknight\n|-immune|p1a: Corviknight\n|\n|upkeep\n|turn|34\n|\n|t:|1650699257\n|move|p1a: Corviknight|Iron Defense|p1a: Corviknight\n|-boost|p1a: Corviknight|def|2\n|cant|p2a: Venusaur|par\n|\n|upkeep\n|turn|35\n|\n|t:|1650699262\n|move|p1a: Corviknight|Iron Defense|p1a: Corviknight\n|-boost|p1a: Corviknight|def|2\n|move|p2a: Venusaur|Giga Drain|p1a: Corviknight\n|-resisted|p1a: Corviknight\n|-damage|p1a: Corviknight|66\/100\n|-heal|p2a: Venusaur|100\/100 par|[from] drain|[of] p1a: Corviknight\n|-damage|p2a: Venusaur|91\/100 par|[from] item: Life Orb\n|\n|upkeep\n|turn|36\n|j| SheeshUrMom\n|\n|t:|1650699275\n|switch|p2a: Blacephalon|Blacephalon|100\/100\n|-damage|p2a: Blacephalon|76\/100|[from] Stealth Rock\n|move|p1a: Corviknight|Body Press|p2a: Blacephalon\n|-immune|p2a: Blacephalon\n|\n|upkeep\n|turn|37\n|\n|t:|1650699282\n|switch|p1a: Toxapex|Toxapex, M|100\/100\n|-damage|p1a: Toxapex|88\/100|[from] Stealth Rock\n|move|p2a: Blacephalon|Flamethrower|p1a: Toxapex\n|-resisted|p1a: Toxapex\n|-damage|p1a: Toxapex|67\/100\n|\n|-heal|p1a: Toxapex|73\/100|[from] item: Black Sludge\n|upkeep\n|turn|38\n|l| nimiLW\n|\n|t:|1650699294\n|switch|p2a: Venusaur|Venusaur, M|91\/100 par\n|-damage|p2a: Venusaur|78\/100 par|[from] Stealth Rock\n|move|p1a: Toxapex|Scald|p2a: Venusaur\n|-resisted|p2a: Venusaur\n|-damage|p2a: Venusaur|69\/100 par\n|\n|-heal|p1a: Toxapex|79\/100|[from] item: Black Sludge\n|upkeep\n|turn|39\n|\n|t:|1650699303\n|move|p2a: Venusaur|Giga Drain|p1a: Toxapex\n|-damage|p1a: Toxapex|42\/100\n|-heal|p2a: Venusaur|88\/100 par|[from] drain|[of] p1a: Toxapex\n|-damage|p2a: Venusaur|78\/100 par|[from] item: Life Orb\n|move|p1a: Toxapex|Toxic Spikes|p2a: Venusaur\n|-sidestart|p2: BRIFYE|move: Toxic Spikes\n|\n|-heal|p1a: Toxapex|48\/100|[from] item: Black Sludge\n|upkeep\n|turn|40\n|j| kobe778899\n|\n|t:|1650699311\n|move|p2a: Venusaur|Earth Power|p1a: Toxapex\n|-supereffective|p1a: Toxapex\n|-damage|p1a: Toxapex|0 fnt\n|faint|p1a: Toxapex\n|-damage|p2a: Venusaur|68\/100 par|[from] item: Life Orb\n|\n|upkeep\n|\n|t:|1650699314\n|switch|p1a: Dragapult|Dragapult, F|100\/100\n|-damage|p1a: Dragapult|88\/100|[from] Stealth Rock\n|turn|41\n|\n|t:|1650699324\n|switch|p2a: Landorus|Landorus-Therian, M|90\/100\n|-damage|p2a: Landorus|78\/100|[from] Stealth Rock\n|-ability|p2a: Landorus|Intimidate|boost\n|-unboost|p1a: Dragapult|atk|1\n|move|p1a: Dragapult|Substitute|p1a: Dragapult\n|-start|p1a: Dragapult|Substitute\n|-damage|p1a: Dragapult|63\/100\n|\n|-heal|p1a: Dragapult|69\/100|[from] item: Leftovers\n|-heal|p2a: Landorus|84\/100|[from] item: Leftovers\n|upkeep\n|turn|42\n|j| vkhss is cool\n|\n|t:|1650699334\n|move|p1a: Dragapult|Will-O-Wisp|p2a: Landorus\n|-status|p2a: Landorus|brn\n|move|p2a: Landorus|Earthquake|p1a: Dragapult\n|-end|p1a: Dragapult|Substitute\n|\n|-heal|p1a: Dragapult|75\/100|[from] item: Leftovers\n|-heal|p2a: Landorus|90\/100 brn|[from] item: Leftovers\n|-damage|p2a: Landorus|84\/100 brn|[from] brn\n|upkeep\n|turn|43\n|\n|t:|1650699343\n|move|p1a: Dragapult|Substitute|p1a: Dragapult\n|-start|p1a: Dragapult|Substitute\n|-damage|p1a: Dragapult|51\/100\n|move|p2a: Landorus|Earthquake|p1a: Dragapult\n|-end|p1a: Dragapult|Substitute\n|\n|-heal|p1a: Dragapult|57\/100|[from] item: Leftovers\n|-heal|p2a: Landorus|90\/100 brn|[from] item: Leftovers\n|-damage|p2a: Landorus|84\/100 brn|[from] brn\n|upkeep\n|turn|44\n|\n|t:|1650699355\n|move|p1a: Dragapult|Hex|p2a: Landorus\n|-damage|p2a: Landorus|39\/100 brn\n|move|p2a: Landorus|Earthquake|p1a: Dragapult\n|-damage|p1a: Dragapult|27\/100\n|\n|-heal|p1a: Dragapult|33\/100|[from] item: Leftovers\n|-heal|p2a: Landorus|45\/100 brn|[from] item: Leftovers\n|-damage|p2a: Landorus|39\/100 brn|[from] brn\n|upkeep\n|turn|45\n|\n|t:|1650699364\n|move|p1a: Dragapult|Hex|p2a: Landorus\n|-damage|p2a: Landorus|0 fnt\n|faint|p2a: Landorus\n|\n|-heal|p1a: Dragapult|39\/100|[from] item: Leftovers\n|upkeep\n|\n|t:|1650699370\n|switch|p2a: Venusaur|Venusaur, M|68\/100 par\n|-damage|p2a: Venusaur|56\/100 par|[from] Stealth Rock\n|-sideend|p2: BRIFYE|move: Toxic Spikes|[of] p2a: Venusaur\n|turn|46\n|\n|t:|1650699374\n|move|p1a: Dragapult|Hex|p2a: Venusaur\n|-damage|p2a: Venusaur|6\/100 par\n|move|p2a: Venusaur|Earth Power|p1a: Dragapult\n|-damage|p1a: Dragapult|0 fnt\n|faint|p1a: Dragapult\n|-damage|p2a: Venusaur|0 fnt|[from] item: Life Orb\n|faint|p2a: Venusaur\n|\n|upkeep\n|\n|t:|1650699389\n|switch|p1a: Ditto|Ditto|100\/100\n|switch|p2a: Dragonite|Dragonite, F|100\/100\n|-damage|p1a: Ditto|88\/100|[from] Stealth Rock\n|-transform|p1a: Ditto|p2a: Dragonite|[from] ability: Imposter\n|turn|47\n|l| DA COME UP \u265b\n|\n|t:|1650699397\n|switch|p1a: Corviknight|Corviknight, M|66\/100\n|-damage|p1a: Corviknight|54\/100|[from] Stealth Rock\n|-ability|p1a: Corviknight|Pressure\n|move|p2a: Dragonite|Ice Punch|p1a: Corviknight\n|-damage|p1a: Corviknight|32\/100\n|-damage|p2a: Dragonite|84\/100|[from] item: Rocky Helmet|[of] p1a: Corviknight\n|\n|upkeep\n|turn|48\n|\n|t:|1650699411\n|switch|p2a: Torkoal|Torkoal, M|100\/100\n|-damage|p2a: Torkoal|76\/100|[from] Stealth Rock\n|-weather|SunnyDay|[from] ability: Drought|[of] p2a: Torkoal\n|move|p1a: Corviknight|Roost|p1a: Corviknight\n|-heal|p1a: Corviknight|82\/100\n|-singleturn|p1a: Corviknight|move: Roost\n|\n|-weather|SunnyDay|[upkeep]\n|upkeep\n|turn|49\n|l| kobe778899\n|\n|t:|1650699428\n|switch|p1a: Chansey|Chansey, F|100\/100\n|-damage|p1a: Chansey|88\/100|[from] Stealth Rock\n|move|p2a: Torkoal|Lava Plume|p1a: Chansey\n|-damage|p1a: Chansey|76\/100\n|-status|p1a: Chansey|brn\n|\n|-weather|SunnyDay|[upkeep]\n|-damage|p1a: Chansey|70\/100 brn|[from] brn\n|upkeep\n|turn|50\n|\n|t:|1650699440\n|move|p1a: Chansey|Thunder Wave|p2a: Torkoal\n|-status|p2a: Torkoal|par\n|move|p2a: Torkoal|Rapid Spin|p1a: Chansey\n|-damage|p1a: Chansey|64\/100 brn\n|-boost|p2a: Torkoal|spe|1\n|-sideend|p2: BRIFYE|Stealth Rock|[from] move: Rapid Spin|[of] p2a: Torkoal\n|\n|-weather|SunnyDay|[upkeep]\n|-damage|p1a: Chansey|58\/100 brn|[from] brn\n|upkeep\n|turn|51\n|\n|t:|1650699449\n|move|p1a: Chansey|Wish|p1a: Chansey\n|cant|p2a: Torkoal|par\n|\n|-weather|SunnyDay|[upkeep]\n|-damage|p1a: Chansey|51\/100 brn|[from] brn\n|upkeep\n|turn|52\n|l| SheeshUrMom\n|\n|t:|1650699457\n|switch|p2a: Darmanitan|Darmanitan, F|90\/100\n|move|p1a: Chansey|Thunder Wave|p2a: Darmanitan\n|-status|p2a: Darmanitan|par\n|\n|-weather|SunnyDay|[upkeep]\n|-heal|p1a: Chansey|100\/100 brn|[from] move: Wish|[wisher] Chansey\n|-damage|p1a: Chansey|94\/100 brn|[from] brn\n|upkeep\n|turn|53\n|c|\u2606gitt rektt|kek\n|j| DA COME UP \u265b\n|c|\u2606gitt rektt|hott\n|c|\u2606BRIFYE|sun is harsh\n|\n|t:|1650699484\n|move|p2a: Darmanitan|Flare Blitz|p1a: Chansey\n|-damage|p1a: Chansey|0 fnt\n|faint|p1a: Chansey\n|-damage|p2a: Darmanitan|28\/100 par|[from] Recoil\n|\n|-weather|SunnyDay|[upkeep]\n|upkeep\n|inactive|gitt rektt has 120 seconds left.\n|\n|t:|1650699495\n|switch|p1a: Ditto|Ditto|88\/100\n|-damage|p1a: Ditto|76\/100|[from] Stealth Rock\n|-transform|p1a: Ditto|p2a: Darmanitan|[from] ability: Imposter\n|turn|54\n|\n|t:|1650699504\n|move|p1a: Ditto|Rock Slide|p2a: Darmanitan|[miss]\n|-miss|p1a: Ditto|p2a: Darmanitan\n|move|p2a: Darmanitan|Flare Blitz|p1a: Ditto\n|-resisted|p1a: Ditto\n|-damage|p1a: Ditto|0 fnt\n|faint|p1a: Ditto\n|-damage|p2a: Darmanitan|7\/100 par|[from] Recoil\n|\n|-weather|SunnyDay|[upkeep]\n|upkeep\n|c|\u2606BRIFYE|sorry for it\n|c|\u2606gitt rektt|bad n lucky\n|l| DA COME UP \u265b\n|inactive|gitt rektt has 120 seconds left.\n|\n|t:|1650699515\n|switch|p1a: Landorus|Landorus-Therian, M|89\/100\n|-damage|p1a: Landorus|76\/100|[from] Stealth Rock\n|-ability|p1a: Landorus|Intimidate|boost\n|-unboost|p2a: Darmanitan|atk|1\n|turn|55\n|c| Chiwis Del Norte|lol\n|\n|t:|1650699521\n|move|p1a: Landorus|Smack Down|p2a: Darmanitan\n|-supereffective|p2a: Darmanitan\n|-damage|p2a: Darmanitan|0 fnt\n|faint|p2a: Darmanitan\n|\n|-weather|none\n|upkeep\n|\n|t:|1650699527\n|switch|p2a: Torkoal|Torkoal, M|76\/100 par\n|-weather|SunnyDay|[from] ability: Drought|[of] p2a: Torkoal\n|turn|56\n|c|\u2606gitt rektt|4 weak to rock\n|\n|t:|1650699534\n|move|p1a: Landorus|Earthquake|p2a: Torkoal\n|-supereffective|p2a: Torkoal\n|-damage|p2a: Torkoal|0 fnt\n|faint|p2a: Torkoal\n|\n|-weather|SunnyDay|[upkeep]\n|upkeep\n|c|\u2606gitt rektt|had to miss\n|\n|t:|1650699541\n|switch|p2a: Blacephalon|Blacephalon|76\/100\n|turn|57\n|c|\u2606gitt rektt|scarf flame\n|\n|t:|1650699551\n|move|p2a: Blacephalon|Overheat|p1a: Landorus\n|-damage|p1a: Landorus|0 fnt\n|-unboost|p2a: Blacephalon|spa|2\n|faint|p1a: Landorus\n|-ability|p2a: Blacephalon|Beast Boost|boost\n|-boost|p2a: Blacephalon|spa|1\n|\n|-weather|SunnyDay|[upkeep]\n|upkeep\n|\n|t:|1650699553\n|switch|p1a: Corviknight|Corviknight, M|82\/100\n|-damage|p1a: Corviknight|70\/100|[from] Stealth Rock\n|-ability|p1a: Corviknight|Pressure\n|turn|58\n|j| hadsha\n|\n|t:|1650699561\n|move|p2a: Blacephalon|Overheat|p1a: Corviknight\n|-supereffective|p1a: Corviknight\n|-damage|p1a: Corviknight|0 fnt\n|-unboost|p2a: Blacephalon|spa|2\n|faint|p1a: Corviknight\n|\n|win|BRIFYE\n|raw|gitt rektt's rating: 1768 &rarr; <strong>1749<\/strong><br \/>(-19 for losing)\n|raw|BRIFYE's rating: 1780 &rarr; <strong>1799<\/strong><br \/>(+19 for winning)\n|c|\u2606gitt rektt|miss mattered\n|c|\u2606BRIFYE|gg\n|c|\u2606BRIFYE|yes it did I think sorry\n|l|\u2606BRIFYE\n|l|\u2606gitt rektt\n|l| Chiwis Del Norte\n|l| Jelly cookie\n|l| Go b4 it gets dark\n","uploadtime":1650699624,"views":17,"p1id":"gittrektt","p2id":"brifye","formatid":"gen8ou","rating":1749,"private":0,"password":null}