{"id":"gen8pu-1260675221","p1":"xenoFyson","p2":"Banned by week 2","format":"gen8pu","log":"|j|\u2606xenoFyson\n|j|\u2606Banned by week 2\n|t:|1610453488\n|player|p1|xenoFyson|gambler|\n|player|p2|Banned by week 2|skierf|\n|teamsize|p1|6\n|teamsize|p2|6\n|gametype|singles\n|gen|8\n|tier|[Gen 8] PU\n|rated|Tournament battle\n|clearpoke\n|poke|p1|Roserade, M|\n|poke|p1|Druddigon, M|\n|poke|p1|Talonflame, M|\n|poke|p1|Jellicent, M|\n|poke|p1|Silvally-*|\n|poke|p1|Togedemaru, F|\n|poke|p2|Silvally-*|\n|poke|p2|Rotom-Fan|\n|poke|p2|Gourgeist-*, M|\n|poke|p2|Rhydon, F|\n|poke|p2|Audino, F|\n|poke|p2|Cryogonal|\n|rule|Sleep Clause Mod: Limit one foe put to sleep\n|rule|Species Clause: Limit one of each Pok\u00e9mon\n|rule|OHKO Clause: OHKO moves are banned\n|rule|Evasion Moves Clause: Evasion moves are banned\n|rule|Endless Battle Clause: Forcing endless battles is banned\n|rule|HP Percentage Mod: HP is shown in percentages\n|rule|Dynamax Clause: You cannot dynamax\n|teampreview\n|j|*Lady Monita\n|inactive|Battle timer is ON: inactive players will automatically lose when time's up. (requested by Banned by week 2)\n|j| Kickerich\n|c|\u2606xenoFyson|gl hf\n|j| Suzize\n|c|\u2606Banned by week 2|U 2\n|j| Blitzeken\n|j| a123456789boy\n|inactive|Banned by week 2 has 120 seconds left.\n|\n|t:|1610453521\n|start\n|switch|p1a: Druddigon|Druddigon, M|100\/100\n|switch|p2a: Audino|Audino, F|100\/100\n|turn|1\n|\n|t:|1610453527\n|move|p2a: Audino|Toxic|p1a: Druddigon\n|-status|p1a: Druddigon|tox\n|move|p1a: Druddigon|Stealth Rock|p2a: Audino\n|-sidestart|p2: Banned by week 2|move: Stealth Rock\n|\n|-damage|p1a: Druddigon|94\/100 tox|[from] psn\n|upkeep\n|turn|2\n|l| a123456789boy\n|\n|t:|1610453534\n|move|p2a: Audino|Knock Off|p1a: Druddigon\n|-damage|p1a: Druddigon|83\/100 tox\n|-damage|p2a: Audino|88\/100|[from] ability: Rough Skin|[of] p1a: Druddigon\n|-damage|p2a: Audino|71\/100|[from] item: Rocky Helmet|[of] p1a: Druddigon\n|-enditem|p1a: Druddigon|Rocky Helmet|[from] move: Knock Off|[of] p2a: Audino\n|move|p1a: Druddigon|Dragon Tail|p2a: Audino|[miss]\n|-miss|p1a: Druddigon|p2a: Audino\n|\n|-damage|p1a: Druddigon|70\/100 tox|[from] psn\n|upkeep\n|turn|3\n|l|blitzeken\n|j| 6ame0ver\n|\n|t:|1610453544\n|move|p2a: Audino|Wish|p2a: Audino\n|move|p1a: Druddigon|Dragon Tail|p2a: Audino\n|-damage|p2a: Audino|54\/100\n|-damage|p1a: Druddigon|54\/100 tox|[from] item: Rocky Helmet|[of] p2a: Audino\n|drag|p2a: Silvally|Silvally-Poison|100\/100\n|-damage|p2a: Silvally|88\/100|[from] Stealth Rock\n|\n|-damage|p1a: Druddigon|35\/100 tox|[from] psn\n|upkeep\n|turn|4\n|\n|t:|1610453553\n|move|p2a: Silvally|Ice Beam|p1a: Druddigon\n|-supereffective|p1a: Druddigon\n|-damage|p1a: Druddigon|0 fnt\n|faint|p1a: Druddigon\n|\n|-heal|p2a: Silvally|100\/100|[from] move: Wish|[wisher] Audino\n|upkeep\n|j| Arnavgupta\n|j| Funky8787\n|\n|t:|1610453559\n|switch|p1a: Togedemaru|Togedemaru, F|100\/100\n|turn|5\n|\n|t:|1610453563\n|move|p1a: Togedemaru|Iron Head|p2a: Silvally\n|-damage|p2a: Silvally|48\/100\n|move|p2a: Silvally|Flamethrower|p1a: Togedemaru\n|-supereffective|p1a: Togedemaru\n|-damage|p1a: Togedemaru|22\/100\n|\n|upkeep\n|turn|6\n|l| 6ame0ver\n|\n|t:|1610453573\n|switch|p2a: Audino|Audino, F|87\/100\n|-damage|p2a: Audino|74\/100|[from] Stealth Rock\n|move|p1a: Togedemaru|Iron Head|p2a: Audino\n|-damage|p2a: Audino|36\/100\n|-damage|p1a: Togedemaru|6\/100|[from] item: Rocky Helmet|[of] p2a: Audino\n|\n|upkeep\n|turn|7\n|\n|t:|1610453585\n|switch|p2a: Gourgeist|Gourgeist-Super, M, shiny|100\/100\n|-damage|p2a: Gourgeist|88\/100|[from] Stealth Rock\n|-item|p1a: Togedemaru|Choice Band|[from] ability: Frisk|[of] p2a: Gourgeist|[identify]\n|move|p1a: Togedemaru|Iron Head|p2a: Gourgeist\n|-damage|p2a: Gourgeist|45\/100\n|\n|upkeep\n|turn|8\n|\n|t:|1610453593\n|move|p2a: Gourgeist|Shadow Sneak|p1a: Togedemaru\n|-damage|p1a: Togedemaru|0 fnt\n|-damage|p2a: Gourgeist|33\/100|[from] ability: Iron Barbs|[of] p1a: Togedemaru\n|faint|p1a: Togedemaru\n|\n|upkeep\n|\n|t:|1610453599\n|switch|p1a: Roserade|Roserade, M|100\/100\n|turn|9\n|\n|t:|1610453603\n|switch|p2a: Cryogonal|Cryogonal|100\/100\n|move|p1a: Roserade|Sludge Bomb|p2a: Cryogonal\n|-damage|p2a: Cryogonal|77\/100\n|\n|upkeep\n|turn|10\n|j| Andehit\n|\n|t:|1610453611\n|switch|p1a: Talonflame|Talonflame, M|100\/100\n|move|p2a: Cryogonal|Defog|p1a: Talonflame\n|-unboost|p1a: Talonflame|evasion|1\n|-sideend|p2: Banned by week 2|Stealth Rock|[from] move: Defog|[of] p2a: Cryogonal\n|\n|upkeep\n|turn|11\n|j| Manuacs05\n|\n|t:|1610453619\n|move|p1a: Talonflame|U-turn|p2a: Cryogonal\n|-damage|p2a: Cryogonal|50\/100\n|\n|t:|1610453622\n|switch|p1a: Jellicent|Jellicent, M|100\/100|[from]move: U-turn\n|move|p2a: Cryogonal|Toxic|p1a: Jellicent\n|-status|p1a: Jellicent|tox\n|\n|-damage|p1a: Jellicent|94\/100 tox|[from] psn\n|upkeep\n|turn|12\n|j| jackthecutie\n|j| M1sdreavus\n|\n|t:|1610453630\n|move|p2a: Cryogonal|Recover|p2a: Cryogonal\n|-heal|p2a: Cryogonal|99\/100\n|move|p1a: Jellicent|Will-O-Wisp|p2a: Cryogonal\n|-status|p2a: Cryogonal|brn\n|\n|-heal|p1a: Jellicent|100\/100 tox|[from] item: Leftovers\n|-damage|p2a: Cryogonal|94\/100 brn|[from] brn\n|-damage|p1a: Jellicent|88\/100 tox|[from] psn\n|upkeep\n|turn|13\n|l| Manuacs05\n|\n|t:|1610453640\n|switch|p2a: Audino|Audino, F|69\/100\n|move|p1a: Jellicent|Hex|p2a: Audino\n|-immune|p2a: Audino\n|\n|-heal|p1a: Jellicent|94\/100 tox|[from] item: Leftovers\n|-damage|p1a: Jellicent|76\/100 tox|[from] psn\n|upkeep\n|turn|14\n|\n|t:|1610453652\n|switch|p1a: Silvally|Silvally-Fairy|100\/100\n|move|p2a: Audino|Wish|p2a: Audino\n|\n|upkeep\n|turn|15\n|l| Funky8787\n|c| Kickerich|banned by week2 plays rly good ngl\n|\n|t:|1610453659\n|switch|p2a: Silvally|Silvally-Poison|48\/100\n|move|p1a: Silvally|Thunder Wave|p2a: Silvally\n|-status|p2a: Silvally|par\n|\n|-heal|p2a: Silvally|100\/100 par|[from] move: Wish|[wisher] Audino\n|upkeep\n|turn|16\n|l|jackthecutie\n|\n|t:|1610453669\n|switch|p1a: Jellicent|Jellicent, M|76\/100 tox\n|move|p2a: Silvally|Multi-Attack|p1a: Jellicent\n|-resisted|p1a: Jellicent\n|-damage|p1a: Jellicent|55\/100 tox\n|\n|-heal|p1a: Jellicent|61\/100 tox|[from] item: Leftovers\n|-damage|p1a: Jellicent|55\/100 tox|[from] psn\n|upkeep\n|turn|17\n|j| aadit2005\n|c| Arnavgupta|Mhm yeah\n|l| aadit2005\n|\n|t:|1610453678\n|switch|p2a: Audino|Audino, F|100\/100\n|move|p1a: Jellicent|Strength Sap|p2a: Audino\n|-unboost|p2a: Audino|atk|1\n|-heal|p1a: Jellicent|94\/100 tox\n|\n|-heal|p1a: Jellicent|99\/100 tox|[from] item: Leftovers\n|-damage|p1a: Jellicent|88\/100 tox|[from] psn\n|upkeep\n|turn|18\n|c| Arnavgupta|Mad pu skills\n|c| Kickerich|i was surprised i won once, my team was made in 2 minutes max.\n|\n|t:|1610453692\n|switch|p1a: Silvally|Silvally-Fairy|100\/100\n|move|p2a: Audino|Wish|p2a: Audino\n|\n|upkeep\n|turn|19\n|\n|t:|1610453701\n|switch|p2a: Gourgeist|Gourgeist-Super, M, shiny|33\/100\n|-item|p1a: Silvally|Fairy Memory|[from] ability: Frisk|[of] p2a: Gourgeist|[identify]\n|move|p1a: Silvally|Multi-Attack|p2a: Gourgeist\n|-damage|p2a: Gourgeist|0 fnt\n|faint|p2a: Gourgeist\n|\n|upkeep\n|j| aadit2005\n|j| KingKenZo\n|l| aadit2005\n|c| Arnavgupta|He is using the audino as a blissey\n|\n|t:|1610453711\n|switch|p2a: Rhydon|Rhydon, F|100\/100\n|turn|20\n|c| Arnavgupta|Wow\n|c| Kickerich|true\n|\n|t:|1610453716\n|switch|p1a: Roserade|Roserade, M|100\/100\n|move|p2a: Rhydon|Stealth Rock|p1a: Roserade\n|-sidestart|p1: xenoFyson|move: Stealth Rock\n|\n|upkeep\n|turn|21\n|n| KingKenZo|kingkenzo\n|j| helomoto04\n|\n|t:|1610453738\n|switch|p2a: Cryogonal|Cryogonal|94\/100 brn\n|move|p1a: Roserade|Leaf Storm|p2a: Cryogonal\n|-damage|p2a: Cryogonal|57\/100 brn\n|-unboost|p1a: Roserade|spa|2\n|\n|-damage|p2a: Cryogonal|51\/100 brn|[from] brn\n|upkeep\n|turn|22\n|c| Arnavgupta|I never knew audino colud be so dangerous\n|\n|t:|1610453748\n|switch|p1a: Jellicent|Jellicent, M|88\/100 tox\n|-damage|p1a: Jellicent|75\/100 tox|[from] Stealth Rock\n|move|p2a: Cryogonal|Recover|p2a: Cryogonal\n|-heal|p2a: Cryogonal|100\/100 brn\n|\n|-heal|p1a: Jellicent|81\/100 tox|[from] item: Leftovers\n|-damage|p2a: Cryogonal|94\/100 brn|[from] brn\n|-damage|p1a: Jellicent|75\/100 tox|[from] psn\n|upkeep\n|turn|23\n|c| Kickerich|in a tier without hella strong counters, it can be amazing\n|\n|t:|1610453765\n|move|p2a: Cryogonal|Freeze-Dry|p1a: Jellicent\n|-supereffective|p1a: Jellicent\n|-damage|p1a: Jellicent|48\/100 tox\n|move|p1a: Jellicent|Will-O-Wisp|p2a: Cryogonal\n|-fail|p2a: Cryogonal|brn\n|\n|-heal|p1a: Jellicent|54\/100 tox|[from] item: Leftovers\n|-damage|p2a: Cryogonal|88\/100 brn|[from] brn\n|-damage|p1a: Jellicent|42\/100 tox|[from] psn\n|upkeep\n|turn|24\n|\n|t:|1610453780\n|switch|p1a: Silvally|Silvally-Fairy|100\/100\n|-damage|p1a: Silvally|88\/100|[from] Stealth Rock\n|move|p2a: Cryogonal|Freeze-Dry|p1a: Silvally\n|-damage|p1a: Silvally|67\/100\n|-status|p1a: Silvally|frz\n|\n|-damage|p2a: Cryogonal|82\/100 brn|[from] brn\n|upkeep\n|turn|25\n|j| FillyGrifon\n|c| Kickerich|f\n|\n|t:|1610453792\n|switch|p2a: Audino|Audino, F|100\/100\n|cant|p1a: Silvally|frz\n|\n|upkeep\n|turn|26\n|c| Andehit|there isnt many fighting types in PU\n|c| Kickerich|besides like virizon\n|\n|t:|1610453799\n|move|p2a: Audino|Protect|p2a: Audino\n|-singleturn|p2a: Audino|Protect\n|cant|p1a: Silvally|frz\n|\n|upkeep\n|turn|27\n|c| Arnavgupta|And luck is by his side too\n|\n|t:|1610453804\n|move|p2a: Audino|Protect|p2a: Audino\n|-singleturn|p2a: Audino|Protect\n|cant|p1a: Silvally|frz\n|\n|upkeep\n|turn|28\n|\n|t:|1610453810\n|move|p2a: Audino|Protect||[still]\n|-fail|p2a: Audino\n|-curestatus|p1a: Silvally|frz|[msg]\n|move|p1a: Silvally|Parting Shot|p2a: Audino\n|-unboost|p2a: Audino|atk|1\n|-unboost|p2a: Audino|spa|1\n|j| Ass Sells Rock\n|\n|t:|1610453820\n|switch|p1a: Talonflame|Talonflame, M|100\/100|[from]move: Parting Shot\n|\n|upkeep\n|turn|29\n|c| Arnavgupta|Regenerator blissey wia\n|c|\u2606Banned by week 2|I don't need luck\n|\n|t:|1610453833\n|move|p1a: Talonflame|Flare Blitz|p2a: Audino\n|-damage|p2a: Audino|63\/100\n|-damage|p1a: Talonflame|84\/100|[from] item: Rocky Helmet|[of] p2a: Audino\n|-damage|p1a: Talonflame|67\/100|[from] Recoil\n|move|p2a: Audino|Toxic|p1a: Talonflame\n|-status|p1a: Talonflame|tox\n|\n|-damage|p1a: Talonflame|61\/100 tox|[from] psn\n|upkeep\n|turn|30\n|c|\u2606xenoFyson|you have it though\n|c| Arnavgupta|Thats the spirit\n|\n|t:|1610453847\n|switch|p1a: Silvally|Silvally-Fairy|67\/100\n|-damage|p1a: Silvally|54\/100|[from] Stealth Rock\n|move|p2a: Audino|Wish|p2a: Audino\n|\n|upkeep\n|turn|31\n|\n|t:|1610453855\n|move|p1a: Silvally|Thunder Wave|p2a: Audino\n|-status|p2a: Audino|par\n|cant|p2a: Audino|par\n|\n|-heal|p2a: Audino|100\/100 par|[from] move: Wish|[wisher] Audino\n|upkeep\n|turn|32\n|c| Andehit|curse unburden hitmonlee sounds nice\n|\n|t:|1610453874\n|move|p1a: Silvally|Multi-Attack|p2a: Audino\n|-damage|p2a: Audino|67\/100 par\n|-damage|p1a: Silvally|38\/100|[from] item: Rocky Helmet|[of] p2a: Audino\n|move|p2a: Audino|Wish|p2a: Audino\n|\n|upkeep\n|turn|33\n|\n|t:|1610453881\n|move|p1a: Silvally|Parting Shot|p2a: Audino\n|-unboost|p2a: Audino|atk|1\n|-unboost|p2a: Audino|spa|1\n|\n|t:|1610453886\n|switch|p1a: Roserade|Roserade, M|100\/100|[from]move: Parting Shot\n|-damage|p1a: Roserade|88\/100|[from] Stealth Rock\n|cant|p2a: Audino|par\n|\n|-heal|p2a: Audino|100\/100 par|[from] move: Wish|[wisher] Audino\n|upkeep\n|turn|34\n|l| M1sdreavus\n|\n|t:|1610453894\n|switch|p2a: Cryogonal|Cryogonal|82\/100 brn\n|move|p1a: Roserade|Sludge Bomb|p2a: Cryogonal\n|-damage|p2a: Cryogonal|56\/100 brn\n|\n|-damage|p2a: Cryogonal|50\/100 brn|[from] brn\n|upkeep\n|turn|35\n|\n|t:|1610453905\n|move|p1a: Roserade|Sludge Bomb|p2a: Cryogonal\n|-damage|p2a: Cryogonal|22\/100 brn\n|move|p2a: Cryogonal|Recover|p2a: Cryogonal\n|-heal|p2a: Cryogonal|72\/100 brn\n|\n|-damage|p2a: Cryogonal|66\/100 brn|[from] brn\n|upkeep\n|turn|36\n|\n|t:|1610453912\n|move|p1a: Roserade|Sludge Bomb|p2a: Cryogonal\n|-crit|p2a: Cryogonal\n|-damage|p2a: Cryogonal|31\/100 brn\n|move|p2a: Cryogonal|Recover|p2a: Cryogonal\n|-heal|p2a: Cryogonal|81\/100 brn\n|\n|-damage|p2a: Cryogonal|75\/100 brn|[from] brn\n|upkeep\n|turn|37\n|\n|t:|1610453922\n|switch|p1a: Talonflame|Talonflame, M|61\/100 tox\n|move|p2a: Cryogonal|Recover|p2a: Cryogonal\n|-heal|p2a: Cryogonal|100\/100 brn\n|\n|-damage|p1a: Talonflame|55\/100 tox|[from] psn\n|-damage|p2a: Cryogonal|94\/100 brn|[from] brn\n|upkeep\n|turn|38\n|l| Kickerich\n|\n|t:|1610453937\n|switch|p2a: Audino|Audino, F|100\/100 par\n|move|p1a: Talonflame|U-turn|p2a: Audino\n|-damage|p2a: Audino|86\/100 par\n|-damage|p1a: Talonflame|39\/100 tox|[from] item: Rocky Helmet|[of] p2a: Audino\n|\n|t:|1610453943\n|switch|p1a: Silvally|Silvally-Fairy|38\/100|[from]move: U-turn\n|-damage|p1a: Silvally|25\/100|[from] Stealth Rock\n|\n|upkeep\n|turn|39\n|\n|t:|1610453949\n|move|p1a: Silvally|Defog|p2a: Audino\n|-unboost|p2a: Audino|evasion|1\n|-sideend|p1: xenoFyson|Stealth Rock|[from] move: Defog|[of] p1a: Silvally\n|cant|p2a: Audino|par\n|\n|upkeep\n|turn|40\n|\n|t:|1610453956\n|move|p1a: Silvally|Multi-Attack|p2a: Audino\n|-damage|p2a: Audino|53\/100 par\n|-damage|p1a: Silvally|9\/100|[from] item: Rocky Helmet|[of] p2a: Audino\n|cant|p2a: Audino|par\n|\n|upkeep\n|turn|41\n|\n|t:|1610453963\n|move|p1a: Silvally|Parting Shot|p2a: Audino\n|-unboost|p2a: Audino|atk|1\n|-unboost|p2a: Audino|spa|1\n|\n|t:|1610453966\n|switch|p1a: Roserade|Roserade, M|88\/100|[from]move: Parting Shot\n|move|p2a: Audino|Wish|p2a: Audino\n|\n|upkeep\n|turn|42\n|\n|t:|1610453973\n|switch|p2a: Silvally|Silvally-Poison|100\/100 par\n|move|p1a: Roserade|Sludge Bomb|p2a: Silvally\n|-resisted|p2a: Silvally\n|-damage|p2a: Silvally|74\/100 par\n|\n|-heal|p2a: Silvally|100\/100 par|[from] move: Wish|[wisher] Audino\n|upkeep\n|turn|43\n|\n|t:|1610453982\n|switch|p1a: Jellicent|Jellicent, M|42\/100 tox\n|move|p2a: Silvally|Multi-Attack|p1a: Jellicent\n|-resisted|p1a: Jellicent\n|-damage|p1a: Jellicent|22\/100 tox\n|\n|-heal|p1a: Jellicent|28\/100 tox|[from] item: Leftovers\n|-damage|p1a: Jellicent|22\/100 tox|[from] psn\n|upkeep\n|turn|44\n|\n|t:|1610453992\n|move|p2a: Silvally|Grass Pledge|p1a: Jellicent\n|-supereffective|p1a: Jellicent\n|-damage|p1a: Jellicent|0 fnt\n|faint|p1a: Jellicent\n|\n|upkeep\n|\n|t:|1610453998\n|switch|p1a: Talonflame|Talonflame, M|39\/100 tox\n|turn|45\n|l| helomoto04\n|c| Arnavgupta|And xeno is doing pretty great actually\n|\n|t:|1610454022\n|move|p1a: Talonflame|Brave Bird|p2a: Silvally\n|-damage|p2a: Silvally|47\/100 par\n|-damage|p1a: Talonflame|19\/100 tox|[from] Recoil\n|move|p2a: Silvally|Multi-Attack|p1a: Talonflame\n|-damage|p1a: Talonflame|0 fnt\n|faint|p1a: Talonflame\n|\n|upkeep\n|c|\u2606xenoFyson|thx\n|\n|t:|1610454031\n|switch|p1a: Roserade|Roserade, M|88\/100\n|turn|46\n|\n|t:|1610454037\n|move|p1a: Roserade|Extrasensory|p2a: Silvally\n|-supereffective|p2a: Silvally\n|-damage|p2a: Silvally|0 fnt\n|faint|p2a: Silvally\n|\n|upkeep\n|\n|t:|1610454042\n|switch|p2a: Rhydon|Rhydon, F|100\/100\n|turn|47\n|j| Kickerich\n|\n|t:|1610454047\n|switch|p1a: Silvally|Silvally-Fairy|9\/100\n|move|p2a: Rhydon|Earthquake|p1a: Silvally\n|-damage|p1a: Silvally|0 fnt\n|faint|p1a: Silvally\n|\n|upkeep\n|\n|t:|1610454053\n|switch|p1a: Roserade|Roserade, M|88\/100\n|turn|48\n|\n|t:|1610454058\n|move|p1a: Roserade|Giga Drain|p2a: Rhydon\n|-supereffective|p2a: Rhydon\n|-damage|p2a: Rhydon|0 fnt\n|-heal|p1a: Roserade|100\/100|[from] drain|[of] p2a: Rhydon\n|faint|p2a: Rhydon\n|\n|upkeep\n|\n|t:|1610454061\n|switch|p2a: Cryogonal|Cryogonal|94\/100 brn\n|turn|49\n|\n|t:|1610454065\n|move|p1a: Roserade|Giga Drain|p2a: Cryogonal\n|-damage|p2a: Cryogonal|72\/100 brn\n|move|p2a: Cryogonal|Freeze-Dry|p1a: Roserade\n|-supereffective|p1a: Roserade\n|-damage|p1a: Roserade|43\/100\n|\n|-damage|p2a: Cryogonal|66\/100 brn|[from] brn\n|upkeep\n|turn|50\n|c| Andehit|specs?\n|c| Kickerich|gg\n|\n|t:|1610454074\n|move|p1a: Roserade|Giga Drain|p2a: Cryogonal\n|-damage|p2a: Cryogonal|46\/100 brn\n|-heal|p1a: Roserade|57\/100|[from] drain|[of] p2a: Cryogonal\n|move|p2a: Cryogonal|Freeze-Dry|p1a: Roserade\n|-supereffective|p1a: Roserade\n|-crit|p1a: Roserade\n|-damage|p1a: Roserade|0 fnt\n|faint|p1a: Roserade\n|\n|win|Banned by week 2\n|n|\u2606xenoFyson|xenofyson\n|n|\u2606Banned by week 2|bannedbyweek2\n|n|*Lady Monita|ladymonita\n|n| Suzize|suzize\n|n| Arnavgupta|arnavgupta\n|n| Andehit|andehit\n|n| KingKenZo|kingkenzo\n|n| FillyGrifon|fillygrifon\n|n| Ass Sells Rock|asssellsrock\n|n| Kickerich|kickerich\n","uploadtime":1610454075,"views":51,"p1id":"xenofyson","p2id":"bannedbyweek2","formatid":"gen8pu","rating":0,"private":0,"password":null}