{"id":"gen8ou-1078606944","p1":"Walletinspector62","p2":"Theolrazzledazzle5","format":"gen8ou","log":"|j|\u2606Walletinspector62\n|j|\u2606Theolrazzledazzle5\n|player|p1|Walletinspector62|170|1382\n|player|p2|Theolrazzledazzle5|176|1347\n|teamsize|p1|6\n|teamsize|p2|6\n|gametype|singles\n|gen|8\n|tier|[Gen 8] OU\n|rated|\n|clearpoke\n|poke|p1|Bisharp, F|\n|poke|p1|Ferrothorn, M|\n|poke|p1|Kommo-o, M|\n|poke|p1|Dragapult, F|\n|poke|p1|Mantine, M|\n|poke|p1|Zeraora|\n|poke|p2|Clefable, F|\n|poke|p2|Corviknight, F|\n|poke|p2|Hydreigon, M|\n|poke|p2|Conkeldurr, M|\n|poke|p2|Rotom-Heat|\n|poke|p2|Zeraora|\n|rule|Sleep Clause Mod: Limit one foe put to sleep\n|rule|Species Clause: Limit one of each Pok\u00e9mon\n|rule|OHKO Clause: OHKO moves are banned\n|rule|Evasion Moves Clause: Evasion moves are banned\n|rule|Endless Battle Clause: Forcing endless battles is banned\n|rule|HP Percentage Mod: HP is shown in percentages\n|rule|Dynamax Clause: You cannot dynamax\n|teampreview\n|inactive|Battle timer is ON: inactive players will automatically lose when time's up. (requested by Theolrazzledazzle5)\n|\n|start\n|switch|p1a: Kommo-o|Kommo-o, M|100\/100\n|switch|p2a: Hydreigon|Hydreigon, M|100\/100\n|turn|1\n|\n|move|p2a: Hydreigon|Draco Meteor|p1a: Kommo-o\n|-supereffective|p1a: Kommo-o\n|-damage|p1a: Kommo-o|0 fnt\n|-unboost|p2a: Hydreigon|spa|2\n|faint|p1a: Kommo-o\n|\n|upkeep\n|\n|switch|p1a: Dragapult|Dragapult, F|100\/100\n|turn|2\n|\n|move|p2a: Hydreigon|Draco Meteor|p1a: Dragapult\n|-supereffective|p1a: Dragapult\n|-damage|p1a: Dragapult|15\/100\n|-unboost|p2a: Hydreigon|spa|2\n|move|p1a: Dragapult|Dragon Dance|p1a: Dragapult\n|-boost|p1a: Dragapult|atk|1\n|-boost|p1a: Dragapult|spe|1\n|\n|-heal|p1a: Dragapult|21\/100|[from] item: Leftovers\n|upkeep\n|turn|3\n|\n|move|p1a: Dragapult|Dragon Darts|p2a: Hydreigon\n|-supereffective|p2a: Hydreigon\n|-damage|p2a: Hydreigon|9\/100\n|-anim|p1a: Dragapult|Dragon Darts|p2a: Hydreigon\n|-supereffective|p2a: Hydreigon\n|-crit|p2a: Hydreigon\n|-damage|p2a: Hydreigon|0 fnt\n|faint|p2a: Hydreigon\n|\n|-heal|p1a: Dragapult|27\/100|[from] item: Leftovers\n|upkeep\n|\n|switch|p2a: Corviknight|Corviknight, F|100\/100\n|-ability|p2a: Corviknight|Pressure\n|turn|4\n|\n|move|p1a: Dragapult|Phantom Force||[still]\n|-prepare|p1a: Dragapult|Phantom Force|p2a: Corviknight\n|move|p2a: Corviknight|Brave Bird|p1a: Dragapult|[miss]\n|-miss|p2a: Corviknight|p1a: Dragapult\n|\n|-heal|p1a: Dragapult|33\/100|[from] item: Leftovers\n|upkeep\n|turn|5\n|\n|move|p1a: Dragapult|Phantom Force|p2a: Corviknight|[from]lockedmove\n|-damage|p2a: Corviknight|50\/100\n|move|p2a: Corviknight|Brave Bird|p1a: Dragapult\n|-damage|p1a: Dragapult|0 fnt\n|-damage|p2a: Corviknight|42\/100|[from] Recoil\n|faint|p1a: Dragapult\n|\n|-heal|p2a: Corviknight|48\/100|[from] item: Leftovers\n|upkeep\n|\n|switch|p1a: Zeraora|Zeraora|100\/100\n|turn|6\n|\n|switch|p2a: Rotom|Rotom-Heat|100\/100\n|move|p1a: Zeraora|Plasma Fists|p2a: Rotom\n|-resisted|p2a: Rotom\n|-damage|p2a: Rotom|69\/100\n|-fieldactivate|move: Ion Deluge\n|-damage|p1a: Zeraora|91\/100|[from] item: Life Orb\n|\n|-heal|p2a: Rotom|75\/100|[from] item: Leftovers\n|upkeep\n|turn|7\n|\n|move|p1a: Zeraora|Knock Off|p2a: Rotom\n|-damage|p2a: Rotom|37\/100\n|-enditem|p2a: Rotom|Leftovers|[from] move: Knock Off|[of] p1a: Zeraora\n|-damage|p1a: Zeraora|81\/100|[from] item: Life Orb\n|move|p2a: Rotom|Nasty Plot|p2a: Rotom\n|-boost|p2a: Rotom|spa|2\n|\n|upkeep\n|turn|8\n|\n|move|p1a: Zeraora|Close Combat|p2a: Rotom\n|-damage|p2a: Rotom|0 fnt\n|-unboost|p1a: Zeraora|def|1\n|-unboost|p1a: Zeraora|spd|1\n|-damage|p1a: Zeraora|71\/100|[from] item: Life Orb\n|faint|p2a: Rotom\n|\n|upkeep\n|\n|switch|p2a: Zeraora|Zeraora|100\/100\n|turn|9\n|\n|switch|p1a: Ferrothorn|Ferrothorn, M|100\/100\n|move|p2a: Zeraora|Knock Off|p1a: Ferrothorn\n|-damage|p1a: Ferrothorn|74\/100\n|-damage|p2a: Zeraora|88\/100|[from] ability: Iron Barbs|[of] p1a: Ferrothorn\n|-enditem|p1a: Ferrothorn|Leftovers|[from] move: Knock Off|[of] p2a: Zeraora\n|\n|upkeep\n|turn|10\n|\n|switch|p2a: Conkeldurr|Conkeldurr, M|100\/100\n|move|p1a: Ferrothorn|Leech Seed|p2a: Conkeldurr\n|-start|p2a: Conkeldurr|move: Leech Seed\n|\n|-damage|p2a: Conkeldurr|88\/100|[from] Leech Seed|[of] p1a: Ferrothorn\n|-heal|p1a: Ferrothorn|89\/100|[silent]\n|-status|p2a: Conkeldurr|brn|[from] item: Flame Orb\n|upkeep\n|turn|11\n|\n|switch|p1a: Mantine|Mantine, M|100\/100\n|move|p2a: Conkeldurr|Knock Off|p1a: Mantine\n|-damage|p1a: Mantine|55\/100\n|-enditem|p1a: Mantine|Heavy-Duty Boots|[from] move: Knock Off|[of] p2a: Conkeldurr\n|\n|-damage|p2a: Conkeldurr|76\/100 brn|[from] Leech Seed|[of] p1a: Mantine\n|-heal|p1a: Mantine|69\/100|[silent]\n|-damage|p2a: Conkeldurr|70\/100 brn|[from] brn\n|upkeep\n|turn|12\n|\n|switch|p2a: Clefable|Clefable, F|100\/100\n|move|p1a: Mantine|Roost|p1a: Mantine\n|-heal|p1a: Mantine|100\/100\n|-singleturn|p1a: Mantine|move: Roost\n|\n|upkeep\n|turn|13\n|\n|switch|p1a: Bisharp|Bisharp, F|100\/100\n|move|p2a: Clefable|Stealth Rock|p1a: Bisharp\n|-sidestart|p1: Walletinspector62|move: Stealth Rock\n|\n|upkeep\n|turn|14\n|\n|move|p1a: Bisharp|Iron Head|p2a: Clefable\n|-supereffective|p2a: Clefable\n|-damage|p2a: Clefable|0 fnt\n|-damage|p1a: Bisharp|91\/100|[from] item: Life Orb\n|faint|p2a: Clefable\n|\n|upkeep\n|\n|switch|p2a: Zeraora|Zeraora|88\/100\n|turn|15\n|\n|move|p1a: Bisharp|Sucker Punch|p2a: Zeraora\n|-damage|p2a: Zeraora|25\/100\n|-damage|p1a: Bisharp|81\/100|[from] item: Life Orb\n|move|p2a: Zeraora|Plasma Fists|p1a: Bisharp\n|-damage|p1a: Bisharp|0 fnt\n|-fieldactivate|move: Ion Deluge\n|faint|p1a: Bisharp\n|\n|upkeep\n|\n|switch|p1a: Zeraora|Zeraora|71\/100\n|-damage|p1a: Zeraora|59\/100|[from] Stealth Rock\n|turn|16\n|\n|switch|p2a: Corviknight|Corviknight, F|48\/100\n|-ability|p2a: Corviknight|Pressure\n|move|p1a: Zeraora|Close Combat|p2a: Corviknight\n|-damage|p2a: Corviknight|15\/100\n|-unboost|p1a: Zeraora|def|1\n|-unboost|p1a: Zeraora|spd|1\n|-damage|p1a: Zeraora|49\/100|[from] item: Life Orb\n|\n|-heal|p2a: Corviknight|21\/100|[from] item: Leftovers\n|upkeep\n|turn|17\n|\n|move|p1a: Zeraora|Plasma Fists|p2a: Corviknight\n|-supereffective|p2a: Corviknight\n|-damage|p2a: Corviknight|0 fnt\n|-fieldactivate|move: Ion Deluge\n|-damage|p1a: Zeraora|39\/100|[from] item: Life Orb\n|faint|p2a: Corviknight\n|\n|upkeep\n|\n|switch|p2a: Conkeldurr|Conkeldurr, M|70\/100 brn\n|turn|18\n|\n|move|p2a: Conkeldurr|Mach Punch|p1a: Zeraora\n|-damage|p1a: Zeraora|0 fnt\n|faint|p1a: Zeraora\n|\n|-damage|p2a: Conkeldurr|63\/100 brn|[from] brn\n|upkeep\n|\n|switch|p1a: Mantine|Mantine, M|100\/100\n|-damage|p1a: Mantine|76\/100|[from] Stealth Rock\n|turn|19\n|\n|move|p1a: Mantine|Scald|p2a: Conkeldurr\n|-damage|p2a: Conkeldurr|37\/100 brn\n|move|p2a: Conkeldurr|Knock Off|p1a: Mantine\n|-damage|p1a: Mantine|41\/100\n|\n|-damage|p2a: Conkeldurr|31\/100 brn|[from] brn\n|upkeep\n|turn|20\n|\n|move|p1a: Mantine|Roost|p1a: Mantine\n|-heal|p1a: Mantine|91\/100\n|-singleturn|p1a: Mantine|move: Roost\n|move|p2a: Conkeldurr|Drain Punch|p1a: Mantine\n|-damage|p1a: Mantine|32\/100\n|-heal|p2a: Conkeldurr|58\/100 brn|[from] drain|[of] p1a: Mantine\n|\n|-damage|p2a: Conkeldurr|51\/100 brn|[from] brn\n|upkeep\n|turn|21\n|\n|move|p1a: Mantine|Scald|p2a: Conkeldurr\n|-damage|p2a: Conkeldurr|24\/100 brn\n|move|p2a: Conkeldurr|Drain Punch|p1a: Mantine\n|-resisted|p1a: Mantine\n|-damage|p1a: Mantine|5\/100\n|-heal|p2a: Conkeldurr|36\/100 brn|[from] drain|[of] p1a: Mantine\n|\n|-damage|p2a: Conkeldurr|30\/100 brn|[from] brn\n|upkeep\n|turn|22\n|inactive|Walletinspector62 has 120 seconds left.\n|\n|move|p2a: Conkeldurr|Mach Punch|p1a: Mantine\n|-resisted|p1a: Mantine\n|-damage|p1a: Mantine|0 fnt\n|faint|p1a: Mantine\n|\n|-damage|p2a: Conkeldurr|24\/100 brn|[from] brn\n|upkeep\n|\n|switch|p1a: Ferrothorn|Ferrothorn, M|89\/100\n|-damage|p1a: Ferrothorn|83\/100|[from] Stealth Rock\n|turn|23\n|\n|move|p2a: Conkeldurr|Drain Punch|p1a: Ferrothorn\n|-supereffective|p1a: Ferrothorn\n|-damage|p1a: Ferrothorn|9\/100\n|-heal|p2a: Conkeldurr|56\/100 brn|[from] drain|[of] p1a: Ferrothorn\n|-damage|p2a: Conkeldurr|43\/100 brn|[from] ability: Iron Barbs|[of] p1a: Ferrothorn\n|move|p1a: Ferrothorn|Gyro Ball|p2a: Conkeldurr\n|-damage|p2a: Conkeldurr|21\/100 brn\n|\n|-damage|p2a: Conkeldurr|15\/100 brn|[from] brn\n|upkeep\n|turn|24\n|\n|move|p2a: Conkeldurr|Earthquake|p1a: Ferrothorn\n|-damage|p1a: Ferrothorn|0 fnt\n|faint|p1a: Ferrothorn\n|\n|win|Theolrazzledazzle5\n|l|\u2606Walletinspector62\n|raw|Walletinspector62's rating: 1400 &rarr; <strong>1377<\/strong><br \/>(-23 for losing)\n|raw|Theolrazzledazzle5's rating: 1347 &rarr; <strong>1370<\/strong><br \/>(+23 for winning)\n","uploadtime":1584142519,"views":12,"p1id":"walletinspector62","p2id":"theolrazzledazzle5","formatid":"gen8ou","rating":1370,"private":0,"password":null}