{"id":"gen8ou-1658662852","p1":"Gilbraker kekkk","p2":"himynametay","format":"gen8ou","log":"|j|\u2606Gilbraker kekkk\n|j|\u203dhimynametay\n|t:|1662586049\n|gametype|singles\n|player|p1|Gilbraker kekkk|jogger|1573\n|player|p2|himynametay|elesa-masters|1695\n|teamsize|p1|6\n|teamsize|p2|6\n|gen|8\n|tier|[Gen 8] OU\n|rated|\n|rule|Sleep Clause Mod: Limit one foe put to sleep\n|rule|Species Clause: Limit one of each Pok\u00e9mon\n|rule|OHKO Clause: OHKO moves are banned\n|rule|Evasion Items Clause: Evasion items are banned\n|rule|Evasion Moves Clause: Evasion moves are banned\n|rule|Endless Battle Clause: Forcing endless battles is banned\n|rule|HP Percentage Mod: HP is shown in percentages\n|rule|Dynamax Clause: You cannot dynamax\n|clearpoke\n|poke|p1|Chansey, F|\n|poke|p1|Toxapex, F|\n|poke|p1|Dragapult, F|\n|poke|p1|Corviknight, M|\n|poke|p1|Landorus-Therian, M|\n|poke|p1|Tornadus-Therian, M|\n|poke|p2|Slowking-Galar, F|\n|poke|p2|Urshifu-*, M|\n|poke|p2|Garchomp, M|\n|poke|p2|Weavile, F|\n|poke|p2|Corviknight, M|\n|poke|p2|Rillaboom, F|\n|teampreview\n|inactive|Battle timer is ON: inactive players will automatically lose when time's up. (requested by Gilbraker kekkk)\n|\n|t:|1662586059\n|start\n|switch|p1a: Landorus|Landorus-Therian, M|100\/100\n|switch|p2a: Slowking|Slowking-Galar, F|100\/100\n|-ability|p1a: Landorus|Intimidate|boost\n|-unboost|p2a: Slowking|atk|1\n|turn|1\n|c|\u2606Gilbraker kekkk|make this fast\n|c|\u2606Gilbraker kekkk|i gotta take a shyt\n|\n|t:|1662586073\n|switch|p2a: Corviknight|Corviknight, M|100\/100\n|-ability|p2a: Corviknight|Pressure\n|move|p1a: Landorus|Earthquake|p2a: Corviknight\n|-immune|p2a: Corviknight\n|\n|upkeep\n|turn|2\n|\n|t:|1662586080\n|move|p1a: Landorus|Stealth Rock|p2a: Corviknight\n|-sidestart|p2: himynametay|move: Stealth Rock\n|move|p2a: Corviknight|U-turn|p1a: Landorus\n|-resisted|p1a: Landorus\n|-damage|p1a: Landorus|93\/100\n|\n|t:|1662586083\n|switch|p2a: Weavile|Weavile, F|100\/100|[from]move: U-turn\n|-ability|p2a: Weavile|Pressure\n|\n|upkeep\n|turn|3\n|\n|t:|1662586089\n|switch|p1a: Toxapex|Toxapex, F, shiny|100\/100\n|move|p2a: Weavile|Swords Dance|p2a: Weavile\n|-boost|p2a: Weavile|atk|2\n|\n|upkeep\n|turn|4\n|\n|t:|1662586092\n|move|p2a: Weavile|Knock Off|p1a: Toxapex\n|-damage|p1a: Toxapex|45\/100\n|-damage|p2a: Weavile|84\/100|[from] item: Rocky Helmet|[of] p1a: Toxapex\n|-enditem|p1a: Toxapex|Rocky Helmet|[from] move: Knock Off|[of] p2a: Weavile\n|move|p1a: Toxapex|Haze|p1a: Toxapex\n|-clearallboost\n|\n|upkeep\n|turn|5\n|\n|t:|1662586105\n|switch|p2a: Garchomp|Garchomp, M|100\/100\n|-damage|p2a: Garchomp|94\/100|[from] Stealth Rock\n|move|p1a: Toxapex|Recover|p1a: Toxapex\n|-heal|p1a: Toxapex|95\/100\n|\n|-heal|p2a: Garchomp|100\/100|[from] item: Leftovers\n|upkeep\n|turn|6\n|\n|t:|1662586115\n|switch|p1a: Tornadus|Tornadus-Therian, M|100\/100\n|move|p2a: Garchomp|Stealth Rock|p1a: Tornadus\n|-sidestart|p1: Gilbraker kekkk|move: Stealth Rock\n|\n|upkeep\n|turn|7\n|\n|t:|1662586119\n|switch|p2a: Weavile|Weavile, F|84\/100\n|-ability|p2a: Weavile|Pressure\n|move|p1a: Tornadus|Knock Off|p2a: Weavile\n|-resisted|p2a: Weavile\n|-damage|p2a: Weavile|60\/100\n|-enditem|p2a: Weavile|Heavy-Duty Boots|[from] move: Knock Off|[of] p1a: Tornadus\n|\n|upkeep\n|turn|8\n|\n|t:|1662586127\n|switch|p2a: Slowking|Slowking-Galar, F|100\/100\n|-damage|p2a: Slowking|88\/100|[from] Stealth Rock\n|switch|p1a: Toxapex|Toxapex, F, shiny|100\/100\n|-damage|p1a: Toxapex|88\/100|[from] Stealth Rock\n|\n|upkeep\n|turn|9\n|\n|t:|1662586130\n|move|p1a: Toxapex|Toxic Spikes|p2a: Slowking\n|-sidestart|p2: himynametay|move: Toxic Spikes\n|move|p2a: Slowking|Future Sight|p1a: Toxapex\n|-start|p2a: Slowking|move: Future Sight\n|\n|upkeep\n|turn|10\n|\n|t:|1662586136\n|switch|p1a: Tornadus|Tornadus-Therian, M|100\/100\n|switch|p2a: Corviknight|Corviknight, M|100\/100\n|-damage|p2a: Corviknight|88\/100|[from] Stealth Rock\n|-ability|p2a: Corviknight|Pressure\n|\n|upkeep\n|turn|11\n|\n|t:|1662586152\n|move|p1a: Tornadus|U-turn|p2a: Corviknight\n|-resisted|p2a: Corviknight\n|-damage|p2a: Corviknight|85\/100\n|-damage|p1a: Tornadus|84\/100|[from] item: Rocky Helmet|[of] p2a: Corviknight\n|\n|t:|1662586154\n|switch|p1a: Corviknight|Corviknight, M|100\/100|[from]move: U-turn\n|-damage|p1a: Corviknight|88\/100|[from] Stealth Rock\n|-ability|p1a: Corviknight|Pressure\n|move|p2a: Corviknight|Brave Bird|p1a: Corviknight\n|-resisted|p1a: Corviknight\n|-damage|p1a: Corviknight|78\/100\n|-damage|p2a: Corviknight|68\/100|[from] item: Rocky Helmet|[of] p1a: Corviknight\n|-damage|p2a: Corviknight|65\/100|[from] Recoil\n|\n|-end|p1a: Corviknight|move: Future Sight\n|-resisted|p1a: Corviknight\n|-damage|p1a: Corviknight|54\/100\n|upkeep\n|turn|12\n|\n|t:|1662586163\n|move|p1a: Corviknight|Roost|p1a: Corviknight\n|-heal|p1a: Corviknight|100\/100\n|-singleturn|p1a: Corviknight|move: Roost\n|move|p2a: Corviknight|Defog|p1a: Corviknight\n|-unboost|p1a: Corviknight|evasion|1\n|-sideend|p1: Gilbraker kekkk|Stealth Rock|[from] move: Defog|[of] p2a: Corviknight\n|-sideend|p2: himynametay|Toxic Spikes|[from] move: Defog|[of] p2a: Corviknight\n|-sideend|p2: himynametay|Stealth Rock|[from] move: Defog|[of] p2a: Corviknight\n|\n|upkeep\n|turn|13\n|\n|t:|1662586170\n|switch|p1a: Tornadus|Tornadus-Therian, M|100\/100\n|move|p2a: Corviknight|Roost|p2a: Corviknight\n|-heal|p2a: Corviknight|100\/100\n|-singleturn|p2a: Corviknight|move: Roost\n|\n|upkeep\n|turn|14\n|\n|t:|1662586178\n|move|p1a: Tornadus|Knock Off|p2a: Corviknight\n|-crit|p2a: Corviknight\n|-damage|p2a: Corviknight|72\/100\n|-damage|p1a: Tornadus|84\/100|[from] item: Rocky Helmet|[of] p2a: Corviknight\n|-enditem|p2a: Corviknight|Rocky Helmet|[from] move: Knock Off|[of] p1a: Tornadus\n|move|p2a: Corviknight|U-turn|p1a: Tornadus\n|-resisted|p1a: Tornadus\n|-damage|p1a: Tornadus|74\/100\n|\n|t:|1662586183\n|switch|p2a: Slowking|Slowking-Galar, F|100\/100|[from]move: U-turn\n|\n|upkeep\n|turn|15\n|\n|t:|1662586186\n|move|p1a: Tornadus|Knock Off|p2a: Slowking\n|-supereffective|p2a: Slowking\n|-damage|p2a: Slowking|40\/100\n|-enditem|p2a: Slowking|Assault Vest|[from] move: Knock Off|[of] p1a: Tornadus\n|move|p2a: Slowking|Future Sight|p1a: Tornadus\n|-start|p2a: Slowking|move: Future Sight\n|\n|upkeep\n|turn|16\n|\n|t:|1662586202\n|move|p1a: Tornadus|Knock Off|p2a: Slowking\n|-supereffective|p2a: Slowking\n|-damage|p2a: Slowking|0 fnt\n|faint|p2a: Slowking\n|\n|upkeep\n|\n|t:|1662586204\n|switch|p2a: Urshifu|Urshifu-Rapid-Strike, M|100\/100\n|turn|17\n|\n|t:|1662586213\n|move|p1a: Tornadus|U-turn|p2a: Urshifu\n|-resisted|p2a: Urshifu\n|-damage|p2a: Urshifu|91\/100\n|\n|t:|1662586215\n|switch|p1a: Corviknight|Corviknight, M|100\/100|[from]move: U-turn\n|-ability|p1a: Corviknight|Pressure\n|move|p2a: Urshifu|Close Combat|p1a: Corviknight\n|-damage|p1a: Corviknight|43\/100\n|-unboost|p2a: Urshifu|def|1\n|-unboost|p2a: Urshifu|spd|1\n|-damage|p2a: Urshifu|74\/100|[from] item: Rocky Helmet|[of] p1a: Corviknight\n|\n|-end|p1a: Corviknight|move: Future Sight\n|-resisted|p1a: Corviknight\n|-damage|p1a: Corviknight|22\/100\n|upkeep\n|turn|18\n|\n|t:|1662586225\n|switch|p1a: Dragapult|Dragapult, F|100\/100\n|move|p2a: Urshifu|Close Combat|p1a: Dragapult\n|-immune|p1a: Dragapult\n|\n|upkeep\n|turn|19\n|\n|t:|1662586229\n|switch|p2a: Garchomp|Garchomp, M|100\/100\n|move|p1a: Dragapult|Will-O-Wisp|p2a: Garchomp|[miss]\n|-miss|p1a: Dragapult|p2a: Garchomp\n|\n|upkeep\n|turn|20\n|\n|t:|1662586235\n|move|p1a: Dragapult|Substitute|p1a: Dragapult\n|-start|p1a: Dragapult|Substitute\n|-damage|p1a: Dragapult|76\/100\n|move|p2a: Garchomp|Toxic||[still]\n|-fail|p2a: Garchomp\n|\n|-heal|p1a: Dragapult|82\/100|[from] item: Leftovers\n|upkeep\n|turn|21\n|\n|t:|1662586237\n|move|p1a: Dragapult|Will-O-Wisp|p2a: Garchomp\n|-status|p2a: Garchomp|brn\n|move|p2a: Garchomp|Earthquake|p1a: Dragapult\n|-activate|p1a: Dragapult|move: Substitute|[damage]\n|\n|-heal|p1a: Dragapult|88\/100|[from] item: Leftovers\n|-damage|p2a: Garchomp|94\/100 brn|[from] brn\n|upkeep\n|turn|22\n|\n|t:|1662586240\n|move|p1a: Dragapult|Hex|p2a: Garchomp\n|-damage|p2a: Garchomp|60\/100 brn\n|move|p2a: Garchomp|Earthquake|p1a: Dragapult\n|-end|p1a: Dragapult|Substitute\n|\n|-heal|p1a: Dragapult|94\/100|[from] item: Leftovers\n|-heal|p2a: Garchomp|67\/100 brn|[from] item: Leftovers\n|-damage|p2a: Garchomp|60\/100 brn|[from] brn\n|upkeep\n|turn|23\n|\n|t:|1662586244\n|move|p1a: Dragapult|Substitute|p1a: Dragapult\n|-start|p1a: Dragapult|Substitute\n|-damage|p1a: Dragapult|69\/100\n|move|p2a: Garchomp|Stealth Rock|p1a: Dragapult\n|-sidestart|p1: Gilbraker kekkk|move: Stealth Rock\n|\n|-heal|p1a: Dragapult|75\/100|[from] item: Leftovers\n|-heal|p2a: Garchomp|67\/100 brn|[from] item: Leftovers\n|-damage|p2a: Garchomp|60\/100 brn|[from] brn\n|upkeep\n|turn|24\n|\n|t:|1662586246\n|move|p1a: Dragapult|Hex|p2a: Garchomp\n|-damage|p2a: Garchomp|27\/100 brn\n|move|p2a: Garchomp|Earthquake|p1a: Dragapult\n|-activate|p1a: Dragapult|move: Substitute|[damage]\n|\n|-heal|p1a: Dragapult|81\/100|[from] item: Leftovers\n|-heal|p2a: Garchomp|33\/100 brn|[from] item: Leftovers\n|-damage|p2a: Garchomp|27\/100 brn|[from] brn\n|upkeep\n|turn|25\n|\n|t:|1662586249\n|move|p1a: Dragapult|Hex|p2a: Garchomp\n|-damage|p2a: Garchomp|0 fnt\n|faint|p2a: Garchomp\n|\n|-heal|p1a: Dragapult|87\/100|[from] item: Leftovers\n|upkeep\n|\n|t:|1662586252\n|switch|p2a: Weavile|Weavile, F|60\/100\n|-ability|p2a: Weavile|Pressure\n|turn|26\n|\n|t:|1662586255\n|switch|p1a: Toxapex|Toxapex, F, shiny|100\/100\n|-damage|p1a: Toxapex|88\/100|[from] Stealth Rock\n|move|p2a: Weavile|Triple Axel|p1a: Toxapex\n|-resisted|p1a: Toxapex\n|-damage|p1a: Toxapex|85\/100\n|-resisted|p1a: Toxapex\n|-damage|p1a: Toxapex|79\/100\n|-resisted|p1a: Toxapex\n|-damage|p1a: Toxapex|70\/100\n|-hitcount|p1a: Toxapex|3\n|\n|upkeep\n|turn|27\n|\n|t:|1662586260\n|switch|p2a: Corviknight|Corviknight, M|72\/100\n|-ability|p2a: Corviknight|Pressure\n|move|p1a: Toxapex|Scald|p2a: Corviknight\n|-damage|p2a: Corviknight|58\/100\n|\n|upkeep\n|turn|28\n|\n|t:|1662586263\n|move|p2a: Corviknight|Roost|p2a: Corviknight\n|-heal|p2a: Corviknight|100\/100\n|-singleturn|p2a: Corviknight|move: Roost\n|move|p1a: Toxapex|Scald|p2a: Corviknight\n|-damage|p2a: Corviknight|86\/100\n|\n|upkeep\n|turn|29\n|\n|t:|1662586267\n|move|p2a: Corviknight|U-turn|p1a: Toxapex\n|-resisted|p1a: Toxapex\n|-damage|p1a: Toxapex|66\/100\n|\n|t:|1662586269\n|switch|p2a: Rillaboom|Rillaboom, F|100\/100|[from]move: U-turn\n|-fieldstart|move: Grassy Terrain|[from] ability: Grassy Surge|[of] p2a: Rillaboom\n|move|p1a: Toxapex|Scald|p2a: Rillaboom\n|-resisted|p2a: Rillaboom\n|-damage|p2a: Rillaboom|92\/100\n|-status|p2a: Rillaboom|brn\n|\n|-heal|p2a: Rillaboom|98\/100 brn|[from] Grassy Terrain\n|-heal|p2a: Rillaboom|100\/100 brn|[from] item: Leftovers\n|-heal|p1a: Toxapex|73\/100|[from] Grassy Terrain\n|-damage|p2a: Rillaboom|94\/100 brn|[from] brn\n|upkeep\n|turn|30\n|\n|t:|1662586273\n|move|p2a: Rillaboom|Swords Dance|p2a: Rillaboom\n|-boost|p2a: Rillaboom|atk|2\n|move|p1a: Toxapex|Recover|p1a: Toxapex\n|-heal|p1a: Toxapex|100\/100\n|\n|-heal|p2a: Rillaboom|100\/100 brn|[from] Grassy Terrain\n|-damage|p2a: Rillaboom|94\/100 brn|[from] brn\n|upkeep\n|turn|31\n|\n|t:|1662586276\n|move|p2a: Rillaboom|Swords Dance|p2a: Rillaboom\n|-boost|p2a: Rillaboom|atk|2\n|move|p1a: Toxapex|Haze|p1a: Toxapex\n|-clearallboost\n|\n|-heal|p2a: Rillaboom|100\/100 brn|[from] Grassy Terrain\n|-damage|p2a: Rillaboom|94\/100 brn|[from] brn\n|upkeep\n|turn|32\n|c|\u2606Gilbraker kekkk|gg\n|\n|t:|1662586284\n|move|p2a: Rillaboom|Swords Dance|p2a: Rillaboom\n|-boost|p2a: Rillaboom|atk|2\n|move|p1a: Toxapex|Toxic Spikes|p2a: Rillaboom\n|-sidestart|p2: himynametay|move: Toxic Spikes\n|\n|-heal|p2a: Rillaboom|100\/100 brn|[from] Grassy Terrain\n|-damage|p2a: Rillaboom|94\/100 brn|[from] brn\n|upkeep\n|turn|33\n|\n|t:|1662586293\n|move|p2a: Rillaboom|Knock Off|p1a: Toxapex\n|-damage|p1a: Toxapex|86\/100\n|move|p1a: Toxapex|Haze|p1a: Toxapex\n|-clearallboost\n|\n|-heal|p2a: Rillaboom|100\/100 brn|[from] Grassy Terrain\n|-heal|p1a: Toxapex|93\/100|[from] Grassy Terrain\n|-damage|p2a: Rillaboom|94\/100 brn|[from] brn\n|-fieldend|move: Grassy Terrain\n|upkeep\n|turn|34\n|\n|t:|1662586296\n|move|p2a: Rillaboom|Swords Dance|p2a: Rillaboom\n|-boost|p2a: Rillaboom|atk|2\n|move|p1a: Toxapex|Scald|p2a: Rillaboom\n|-resisted|p2a: Rillaboom\n|-damage|p2a: Rillaboom|85\/100 brn\n|\n|-heal|p2a: Rillaboom|91\/100 brn|[from] item: Leftovers\n|-damage|p2a: Rillaboom|85\/100 brn|[from] brn\n|upkeep\n|turn|35\n|-message|himynametay forfeited.\n|\n|win|Gilbraker kekkk\n|raw|Gilbraker kekkk's rating: 1573 &rarr; <strong>1600<\/strong><br \/>(+27 for winning)\n|raw|himynametay's rating: 1695 &rarr; <strong>1668<\/strong><br \/>(-27 for losing)\n|l|\u203dhimynametay\n","uploadtime":1662586301,"views":7,"p1id":"gilbrakerkekkk","p2id":"himynametay","formatid":"gen8ou","rating":1600,"private":0,"password":null}