{"id":"gen8nationaldex-1683701361","p1":"Kuhrrohsion","p2":"ChandosH","format":"gen8nationaldex","log":"|j|\u2606Kuhrrohsion\n|j|\u2606ChandosH\n|t:|1665554899\n|gametype|singles\n|player|p1|Kuhrrohsion|hapu|1675\n|player|p2|ChandosH|n-masters|1623\n|teamsize|p1|6\n|teamsize|p2|6\n|gen|8\n|tier|[Gen 8] National Dex\n|rated|\n|rule|HP Percentage Mod: HP is shown in percentages\n|rule|Endless Battle Clause: Forcing endless battles is banned\n|rule|OHKO Clause: OHKO moves are banned\n|rule|Evasion Moves Clause: Evasion moves are banned\n|rule|Species Clause: Limit one of each Pok\u00e9mon\n|rule|Dynamax Clause: You cannot dynamax\n|rule|Sleep Clause Mod: Limit one foe put to sleep\n|clearpoke\n|poke|p1|Tapu Bulu|\n|poke|p1|Heatran, F|\n|poke|p1|Blacephalon|\n|poke|p1|Zapdos|\n|poke|p1|Tapu Lele|\n|poke|p1|Scizor, F|\n|poke|p2|Beedrill, M|\n|poke|p2|Magnezone|\n|poke|p2|Tapu Lele|\n|poke|p2|Gastrodon, M|\n|poke|p2|Zapdos|\n|poke|p2|Heatran, F|\n|teampreview\n|inactive|Battle timer is ON: inactive players will automatically lose when time's up. (requested by Kuhrrohsion)\n|c|\u2606ChandosH|gl hf\n|inactive|Kuhrrohsion has 120 seconds left.\n|\n|t:|1665554938\n|start\n|switch|p1a: Scizor|Scizor, F|100\/100\n|switch|p2a: Beedrill|Beedrill, M, shiny|100\/100\n|turn|1\n|\n|t:|1665554948\n|switch|p2a: Zapdos|Zapdos|100\/100\n|detailschange|p1a: Scizor|Scizor-Mega, F\n|-mega|p1a: Scizor|Scizor|Scizorite\n|move|p1a: Scizor|Knock Off|p2a: Zapdos\n|-damage|p2a: Zapdos|76\/100\n|-status|p1a: Scizor|par|[from] ability: Static|[of] p2a: Zapdos\n|-enditem|p2a: Zapdos|Heavy-Duty Boots|[from] move: Knock Off|[of] p1a: Scizor\n|\n|upkeep\n|turn|2\n|\n|t:|1665554955\n|switch|p1a: Zapdos|Zapdos|100\/100\n|move|p2a: Zapdos|Volt Switch|p1a: Zapdos\n|-damage|p1a: Zapdos|73\/100\n|\n|t:|1665554966\n|switch|p2a: Heatran|Heatran, F|100\/100|[from]move: Volt Switch\n|\n|upkeep\n|turn|3\n|\n|t:|1665554980\n|move|p1a: Zapdos|Discharge|p2a: Heatran\n|-damage|p2a: Heatran|64\/100\n|-status|p2a: Heatran|par\n|move|p2a: Heatran|Earth Power|p1a: Zapdos\n|-immune|p1a: Zapdos\n|\n|upkeep\n|turn|4\n|\n|t:|1665554986\n|switch|p1a: Heatran|Heatran, F|100\/100\n|cant|p2a: Heatran|par\n|\n|upkeep\n|turn|5\n|\n|t:|1665554992\n|switch|p2a: Gastrodon|Gastrodon, M|100\/100\n|move|p1a: Heatran|Earth Power|p2a: Gastrodon\n|-damage|p2a: Gastrodon|84\/100\n|\n|-heal|p2a: Gastrodon|90\/100|[from] item: Leftovers\n|upkeep\n|turn|6\n|\n|t:|1665555011\n|switch|p1a: Tapu Bulu|Tapu Bulu|100\/100\n|-fieldstart|move: Grassy Terrain|[from] ability: Grassy Surge|[of] p1a: Tapu Bulu\n|move|p2a: Gastrodon|Scald|p1a: Tapu Bulu\n|-resisted|p1a: Tapu Bulu\n|-damage|p1a: Tapu Bulu|87\/100\n|-status|p1a: Tapu Bulu|brn\n|\n|-heal|p1a: Tapu Bulu|93\/100 brn|[from] Grassy Terrain\n|-heal|p2a: Gastrodon|96\/100|[from] Grassy Terrain\n|-heal|p2a: Gastrodon|100\/100|[from] item: Leftovers\n|-damage|p1a: Tapu Bulu|87\/100 brn|[from] brn\n|upkeep\n|turn|7\n|\n|t:|1665555035\n|switch|p1a: Heatran|Heatran, F|100\/100\n|switch|p2a: Zapdos|Zapdos|76\/100\n|\n|upkeep\n|turn|8\n|\n|t:|1665555042\n|move|p2a: Zapdos|Volt Switch|p1a: Heatran\n|-damage|p1a: Heatran|80\/100\n|\n|t:|1665555052\n|switch|p2a: Gastrodon|Gastrodon, M|100\/100|[from]move: Volt Switch\n|move|p1a: Heatran|Stealth Rock|p2a: Gastrodon\n|-sidestart|p2: ChandosH|move: Stealth Rock\n|\n|-heal|p1a: Heatran|86\/100|[from] Grassy Terrain\n|-heal|p1a: Heatran|92\/100|[from] item: Leftovers\n|upkeep\n|turn|9\n|\n|t:|1665555069\n|switch|p1a: Scizor|Scizor-Mega, F|100\/100 par\n|move|p2a: Gastrodon|Toxic||[still]\n|-fail|p2a: Gastrodon\n|\n|upkeep\n|turn|10\n|inactive|Kuhrrohsion has 120 seconds left.\n|\n|t:|1665555102\n|switch|p2a: Magnezone|Magnezone|100\/100\n|-damage|p2a: Magnezone|94\/100|[from] Stealth Rock\n|move|p1a: Scizor|U-turn|p2a: Magnezone\n|-resisted|p2a: Magnezone\n|-crit|p2a: Magnezone\n|-damage|p2a: Magnezone|65\/100\n|inactive|Kuhrrohsion has 120 seconds left.\n|\n|t:|1665555113\n|switch|p1a: Heatran|Heatran, F|92\/100|[from]move: U-turn\n|\n|-heal|p1a: Heatran|99\/100|[from] Grassy Terrain\n|-heal|p1a: Heatran|100\/100|[from] item: Leftovers\n|-heal|p2a: Magnezone|71\/100|[from] Grassy Terrain\n|upkeep\n|turn|11\n|inactive|Kuhrrohsion has 120 seconds left.\n|\n|t:|1665555123\n|switch|p2a: Gastrodon|Gastrodon, M|100\/100\n|-damage|p2a: Gastrodon|94\/100|[from] Stealth Rock\n|move|p1a: Heatran|Taunt|p2a: Gastrodon\n|-start|p2a: Gastrodon|move: Taunt\n|\n|-heal|p2a: Gastrodon|100\/100|[from] Grassy Terrain\n|upkeep\n|turn|12\n|\n|t:|1665555130\n|switch|p1a: Tapu Bulu|Tapu Bulu|87\/100 brn\n|move|p2a: Gastrodon|Scald|p1a: Tapu Bulu\n|-resisted|p1a: Tapu Bulu\n|-damage|p1a: Tapu Bulu|73\/100 brn\n|\n|-heal|p1a: Tapu Bulu|79\/100 brn|[from] Grassy Terrain\n|-damage|p1a: Tapu Bulu|73\/100 brn|[from] brn\n|upkeep\n|turn|13\n|\n|t:|1665555137\n|switch|p2a: Zapdos|Zapdos|76\/100\n|-damage|p2a: Zapdos|52\/100|[from] Stealth Rock\n|move|p1a: Tapu Bulu|Swords Dance|p1a: Tapu Bulu\n|-boost|p1a: Tapu Bulu|atk|2\n|\n|-heal|p1a: Tapu Bulu|79\/100 brn|[from] Grassy Terrain\n|-damage|p1a: Tapu Bulu|73\/100 brn|[from] brn\n|-fieldend|move: Grassy Terrain\n|upkeep\n|turn|14\n|\n|t:|1665555141\n|move|p2a: Zapdos|Hurricane|p1a: Tapu Bulu|[miss]\n|-miss|p2a: Zapdos|p1a: Tapu Bulu\n|move|p1a: Tapu Bulu|Horn Leech|p2a: Zapdos\n|-resisted|p2a: Zapdos\n|-damage|p2a: Zapdos|36\/100\n|-heal|p1a: Tapu Bulu|82\/100 brn|[from] drain|[of] p2a: Zapdos\n|\n|-damage|p1a: Tapu Bulu|76\/100 brn|[from] brn\n|upkeep\n|turn|15\n|\n|t:|1665555148\n|switch|p1a: Zapdos|Zapdos|73\/100\n|move|p2a: Zapdos|Roost|p2a: Zapdos\n|-heal|p2a: Zapdos|86\/100\n|-singleturn|p2a: Zapdos|move: Roost\n|\n|upkeep\n|turn|16\n|\n|t:|1665555159\n|move|p2a: Zapdos|Defog|p1a: Zapdos\n|-unboost|p1a: Zapdos|evasion|1\n|-sideend|p2: ChandosH|Stealth Rock|[from] move: Defog|[of] p2a: Zapdos\n|move|p1a: Zapdos|Roost|p1a: Zapdos\n|-heal|p1a: Zapdos|100\/100\n|-singleturn|p1a: Zapdos|move: Roost\n|\n|upkeep\n|turn|17\n|\n|t:|1665555175\n|move|p2a: Zapdos|Volt Switch|p1a: Zapdos\n|-damage|p1a: Zapdos|73\/100\n|\n|t:|1665555180\n|switch|p2a: Gastrodon|Gastrodon, M|100\/100|[from]move: Volt Switch\n|move|p1a: Zapdos|Discharge|p2a: Gastrodon\n|-immune|p2a: Gastrodon\n|\n|upkeep\n|turn|18\n|\n|t:|1665555196\n|switch|p1a: Tapu Bulu|Tapu Bulu|76\/100 brn\n|-fieldstart|move: Grassy Terrain|[from] ability: Grassy Surge|[of] p1a: Tapu Bulu\n|switch|p2a: Zapdos|Zapdos|86\/100\n|\n|-heal|p1a: Tapu Bulu|82\/100 brn|[from] Grassy Terrain\n|-damage|p1a: Tapu Bulu|76\/100 brn|[from] brn\n|upkeep\n|turn|19\n|\n|t:|1665555205\n|switch|p1a: Heatran|Heatran, F|100\/100\n|move|p2a: Zapdos|Volt Switch|p1a: Heatran\n|-damage|p1a: Heatran|81\/100\n|\n|t:|1665555210\n|switch|p2a: Beedrill|Beedrill, M, shiny|100\/100|[from]move: Volt Switch\n|\n|-heal|p1a: Heatran|87\/100|[from] Grassy Terrain\n|-heal|p1a: Heatran|94\/100|[from] item: Leftovers\n|upkeep\n|turn|20\n|\n|t:|1665555218\n|switch|p1a: Scizor|Scizor-Mega, F|100\/100 par\n|detailschange|p2a: Beedrill|Beedrill-Mega, M, shiny\n|-mega|p2a: Beedrill|Beedrill|Beedrillite\n|move|p2a: Beedrill|Drill Run|p1a: Scizor|[miss]\n|-miss|p2a: Beedrill|p1a: Scizor\n|\n|upkeep\n|turn|21\n|\n|t:|1665555228\n|switch|p2a: Zapdos|Zapdos|86\/100\n|switch|p1a: Zapdos|Zapdos|73\/100\n|\n|upkeep\n|turn|22\n|\n|t:|1665555234\n|move|p1a: Zapdos|Roost|p1a: Zapdos\n|-heal|p1a: Zapdos|100\/100\n|-singleturn|p1a: Zapdos|move: Roost\n|move|p2a: Zapdos|Volt Switch|p1a: Zapdos\n|-resisted|p1a: Zapdos\n|-damage|p1a: Zapdos|86\/100\n|\n|t:|1665555241\n|switch|p2a: Heatran|Heatran, F|64\/100 par|[from]move: Volt Switch\n|\n|-heal|p1a: Zapdos|92\/100|[from] Grassy Terrain\n|-heal|p2a: Heatran|70\/100 par|[from] Grassy Terrain\n|upkeep\n|turn|23\n|\n|t:|1665555254\n|switch|p1a: Heatran|Heatran, F|94\/100\n|move|p2a: Heatran|Earth Power|p1a: Heatran\n|-supereffective|p1a: Heatran\n|-damage|p1a: Heatran|0 fnt\n|faint|p1a: Heatran\n|\n|-heal|p2a: Heatran|76\/100 par|[from] Grassy Terrain\n|upkeep\n|\n|t:|1665555263\n|switch|p1a: Tapu Lele|Tapu Lele|100\/100\n|-fieldstart|move: Psychic Terrain|[from] ability: Psychic Surge|[of] p1a: Tapu Lele\n|turn|24\n|\n|t:|1665555277\n|move|p1a: Tapu Lele|Focus Blast|p2a: Heatran\n|-supereffective|p2a: Heatran\n|-damage|p2a: Heatran|0 fnt\n|faint|p2a: Heatran\n|\n|upkeep\n|\n|t:|1665555282\n|switch|p2a: Beedrill|Beedrill-Mega, M, shiny|100\/100\n|turn|25\n|\n|t:|1665555295\n|switch|p1a: Zapdos|Zapdos|92\/100\n|move|p2a: Beedrill|U-turn|p1a: Zapdos\n|-resisted|p1a: Zapdos\n|-damage|p1a: Zapdos|72\/100\n|\n|t:|1665555306\n|switch|p2a: Gastrodon|Gastrodon, M|100\/100|[from]move: U-turn\n|\n|upkeep\n|turn|26\n|\n|t:|1665555314\n|switch|p1a: Tapu Bulu|Tapu Bulu|76\/100 brn\n|-fieldstart|move: Grassy Terrain|[from] ability: Grassy Surge|[of] p1a: Tapu Bulu\n|move|p2a: Gastrodon|Toxic||[still]\n|-fail|p2a: Gastrodon\n|\n|-heal|p1a: Tapu Bulu|82\/100 brn|[from] Grassy Terrain\n|-damage|p1a: Tapu Bulu|76\/100 brn|[from] brn\n|upkeep\n|turn|27\n|\n|t:|1665555333\n|switch|p1a: Blacephalon|Blacephalon|100\/100\n|switch|p2a: Zapdos|Zapdos|86\/100\n|\n|upkeep\n|turn|28\n|\n|t:|1665555340\n|switch|p2a: Gastrodon|Gastrodon, M|100\/100\n|move|p1a: Blacephalon|Substitute|p1a: Blacephalon\n|-start|p1a: Blacephalon|Substitute\n|-damage|p1a: Blacephalon|76\/100\n|\n|-heal|p1a: Blacephalon|82\/100|[from] Grassy Terrain\n|upkeep\n|turn|29\n|\n|t:|1665555347\n|move|p1a: Blacephalon|Calm Mind|p1a: Blacephalon\n|-boost|p1a: Blacephalon|spa|1\n|-boost|p1a: Blacephalon|spd|1\n|move|p2a: Gastrodon|Earthquake|p1a: Blacephalon\n|-supereffective|p1a: Blacephalon\n|-end|p1a: Blacephalon|Substitute\n|\n|-heal|p1a: Blacephalon|88\/100|[from] Grassy Terrain\n|upkeep\n|turn|30\n|\n|t:|1665555352\n|move|p1a: Blacephalon|Substitute|p1a: Blacephalon\n|-start|p1a: Blacephalon|Substitute\n|-damage|p1a: Blacephalon|63\/100\n|move|p2a: Gastrodon|Earthquake|p1a: Blacephalon\n|-supereffective|p1a: Blacephalon\n|-end|p1a: Blacephalon|Substitute\n|\n|-heal|p1a: Blacephalon|69\/100|[from] Grassy Terrain\n|upkeep\n|turn|31\n|\n|t:|1665555354\n|move|p1a: Blacephalon|Substitute|p1a: Blacephalon\n|-start|p1a: Blacephalon|Substitute\n|-damage|p1a: Blacephalon|45\/100\n|move|p2a: Gastrodon|Earthquake|p1a: Blacephalon\n|-supereffective|p1a: Blacephalon\n|-end|p1a: Blacephalon|Substitute\n|\n|-heal|p1a: Blacephalon|51\/100|[from] Grassy Terrain\n|upkeep\n|turn|32\n|\n|t:|1665555357\n|move|p1a: Blacephalon|Calm Mind|p1a: Blacephalon\n|-boost|p1a: Blacephalon|spa|1\n|-boost|p1a: Blacephalon|spd|1\n|move|p2a: Gastrodon|Earthquake|p1a: Blacephalon\n|-supereffective|p1a: Blacephalon\n|-damage|p1a: Blacephalon|0 fnt\n|faint|p1a: Blacephalon\n|\n|upkeep\n|c|\u2606Kuhrrohsion|damn\n|c|\u2606Kuhrrohsion|gterrain really didnt do nothing huh\n|c|\u2606ChandosH|lol\n|\n|t:|1665555376\n|switch|p1a: Tapu Lele|Tapu Lele|100\/100\n|-fieldstart|move: Psychic Terrain|[from] ability: Psychic Surge|[of] p1a: Tapu Lele\n|turn|33\n|c|\u2606ChandosH|blace is paper thin tbh\n|c|\u2606Kuhrrohsion|this shit hp invested asf tho\n|c|\u2606ChandosH|still thin\n|c|\u2606Kuhrrohsion|true\n|inactive|ChandosH has 120 seconds left.\n|c|\u2606ChandosH|you like my tapu lele switch ins lmao\n|c|\u2606Kuhrrohsion|lmfao\n|\n|t:|1665555425\n|switch|p2a: Tapu Lele|Tapu Lele|100\/100\n|move|p1a: Tapu Lele|Psychic|p2a: Tapu Lele\n|-resisted|p2a: Tapu Lele\n|-damage|p2a: Tapu Lele|65\/100\n|\n|upkeep\n|turn|34\n|\n|t:|1665555436\n|switch|p1a: Scizor|Scizor-Mega, F|100\/100 par\n|move|p2a: Tapu Lele|Moonblast|p1a: Scizor\n|-resisted|p1a: Scizor\n|-damage|p1a: Scizor|74\/100 par\n|\n|upkeep\n|turn|35\n|\n|t:|1665555441\n|switch|p2a: Zapdos|Zapdos|86\/100\n|move|p1a: Scizor|U-turn|p2a: Zapdos\n|-resisted|p2a: Zapdos\n|-damage|p2a: Zapdos|74\/100\n|\n|t:|1665555446\n|switch|p1a: Tapu Lele|Tapu Lele|100\/100|[from]move: U-turn\n|\n|upkeep\n|turn|36\n|inactive|ChandosH has 120 seconds left.\n|\n|t:|1665555457\n|switch|p2a: Tapu Lele|Tapu Lele|65\/100\n|move|p1a: Tapu Lele|Moonblast|p2a: Tapu Lele\n|-damage|p2a: Tapu Lele|14\/100\n|-unboost|p2a: Tapu Lele|spa|1\n|\n|upkeep\n|turn|37\n|inactive|ChandosH has 120 seconds left.\n|\n|t:|1665555473\n|switch|p1a: Tapu Bulu|Tapu Bulu|76\/100 brn\n|-fieldstart|move: Grassy Terrain|[from] ability: Grassy Surge|[of] p1a: Tapu Bulu\n|move|p2a: Tapu Lele|Moonblast|p1a: Tapu Bulu\n|-damage|p1a: Tapu Bulu|42\/100 brn\n|-unboost|p1a: Tapu Bulu|spa|1\n|\n|-heal|p2a: Tapu Lele|20\/100|[from] Grassy Terrain\n|-heal|p1a: Tapu Bulu|48\/100 brn|[from] Grassy Terrain\n|-damage|p1a: Tapu Bulu|42\/100 brn|[from] brn\n|upkeep\n|turn|38\n|\n|t:|1665555479\n|move|p2a: Tapu Lele|Moonblast|p1a: Tapu Bulu\n|-damage|p1a: Tapu Bulu|10\/100 brn\n|move|p1a: Tapu Bulu|Synthesis|p1a: Tapu Bulu\n|-heal|p1a: Tapu Bulu|60\/100 brn\n|\n|-heal|p2a: Tapu Lele|26\/100|[from] Grassy Terrain\n|-heal|p1a: Tapu Bulu|66\/100 brn|[from] Grassy Terrain\n|-damage|p1a: Tapu Bulu|60\/100 brn|[from] brn\n|upkeep\n|turn|39\n|\n|t:|1665555483\n|move|p2a: Tapu Lele|Moonblast|p1a: Tapu Bulu\n|-damage|p1a: Tapu Bulu|21\/100 brn\n|move|p1a: Tapu Bulu|Synthesis|p1a: Tapu Bulu\n|-heal|p1a: Tapu Bulu|71\/100 brn\n|\n|-heal|p2a: Tapu Lele|32\/100|[from] Grassy Terrain\n|-heal|p1a: Tapu Bulu|77\/100 brn|[from] Grassy Terrain\n|-damage|p1a: Tapu Bulu|71\/100 brn|[from] brn\n|upkeep\n|turn|40\n|\n|t:|1665555495\n|switch|p2a: Zapdos|Zapdos|74\/100\n|move|p1a: Tapu Bulu|Horn Leech|p2a: Zapdos\n|-resisted|p2a: Zapdos\n|-damage|p2a: Zapdos|66\/100\n|-heal|p1a: Tapu Bulu|76\/100 brn|[from] drain|[of] p2a: Zapdos\n|\n|-heal|p1a: Tapu Bulu|82\/100 brn|[from] Grassy Terrain\n|-damage|p1a: Tapu Bulu|76\/100 brn|[from] brn\n|upkeep\n|turn|41\n|\n|t:|1665555499\n|switch|p1a: Zapdos|Zapdos|72\/100\n|move|p2a: Zapdos|Volt Switch|p1a: Zapdos\n|-damage|p1a: Zapdos|41\/100\n|\n|t:|1665555507\n|switch|p2a: Tapu Lele|Tapu Lele|32\/100|[from]move: Volt Switch\n|-fieldstart|move: Psychic Terrain|[from] ability: Psychic Surge|[of] p2a: Tapu Lele\n|\n|upkeep\n|turn|42\n|\n|t:|1665555518\n|switch|p2a: Magnezone|Magnezone|71\/100\n|switch|p1a: Scizor|Scizor-Mega, F|74\/100 par\n|\n|upkeep\n|turn|43\n|\n|t:|1665555522\n|move|p2a: Magnezone|Hidden Power|p1a: Scizor\n|-supereffective|p1a: Scizor\n|-damage|p1a: Scizor|0 fnt\n|faint|p1a: Scizor\n|\n|upkeep\n|\n|t:|1665555526\n|switch|p1a: Tapu Lele|Tapu Lele|100\/100\n|turn|44\n|\n|t:|1665555535\n|move|p1a: Tapu Lele|Future Sight|p2a: Magnezone\n|-start|p1a: Tapu Lele|move: Future Sight\n|move|p2a: Magnezone|Hidden Power|p1a: Tapu Lele\n|-damage|p1a: Tapu Lele|65\/100\n|\n|upkeep\n|turn|45\n|\n|t:|1665555551\n|switch|p1a: Zapdos|Zapdos|41\/100\n|move|p2a: Magnezone|Hidden Power|p1a: Zapdos\n|-damage|p1a: Zapdos|7\/100\n|\n|-fieldend|move: Psychic Terrain\n|upkeep\n|turn|46\n|\n|t:|1665555556\n|switch|p2a: Gastrodon|Gastrodon, M|100\/100\n|move|p1a: Zapdos|Roost|p1a: Zapdos\n|-heal|p1a: Zapdos|57\/100\n|-singleturn|p1a: Zapdos|move: Roost\n|\n|-end|p2a: Gastrodon|move: Future Sight\n|-damage|p2a: Gastrodon|59\/100\n|-heal|p2a: Gastrodon|65\/100|[from] item: Leftovers\n|upkeep\n|turn|47\n|\n|t:|1665555566\n|switch|p1a: Tapu Bulu|Tapu Bulu|76\/100 brn\n|-fieldstart|move: Grassy Terrain|[from] ability: Grassy Surge|[of] p1a: Tapu Bulu\n|move|p2a: Gastrodon|Recover|p2a: Gastrodon\n|-heal|p2a: Gastrodon|100\/100\n|\n|-heal|p1a: Tapu Bulu|82\/100 brn|[from] Grassy Terrain\n|-damage|p1a: Tapu Bulu|76\/100 brn|[from] brn\n|upkeep\n|turn|48\n|\n|t:|1665555572\n|switch|p1a: Zapdos|Zapdos|57\/100\n|switch|p2a: Zapdos|Zapdos|66\/100\n|\n|upkeep\n|turn|49\n|\n|t:|1665555575\n|move|p2a: Zapdos|Roost|p2a: Zapdos\n|-heal|p2a: Zapdos|100\/100\n|-singleturn|p2a: Zapdos|move: Roost\n|move|p1a: Zapdos|Roost|p1a: Zapdos\n|-heal|p1a: Zapdos|100\/100\n|-singleturn|p1a: Zapdos|move: Roost\n|\n|upkeep\n|turn|50\n|\n|t:|1665555581\n|move|p2a: Zapdos|Volt Switch|p1a: Zapdos\n|-damage|p1a: Zapdos|71\/100\n|\n|t:|1665555588\n|switch|p2a: Magnezone|Magnezone|71\/100|[from]move: Volt Switch\n|move|p1a: Zapdos|Hurricane|p2a: Magnezone\n|-resisted|p2a: Magnezone\n|-crit|p2a: Magnezone\n|-damage|p2a: Magnezone|47\/100\n|\n|-heal|p2a: Magnezone|54\/100|[from] Grassy Terrain\n|upkeep\n|turn|51\n|\n|t:|1665555596\n|move|p1a: Zapdos|Roost|p1a: Zapdos\n|-heal|p1a: Zapdos|100\/100\n|-singleturn|p1a: Zapdos|move: Roost\n|move|p2a: Magnezone|Volt Switch|p1a: Zapdos\n|-resisted|p1a: Zapdos\n|-damage|p1a: Zapdos|72\/100\n|\n|t:|1665555601\n|switch|p2a: Gastrodon|Gastrodon, M|100\/100|[from]move: Volt Switch\n|\n|-heal|p1a: Zapdos|78\/100|[from] Grassy Terrain\n|upkeep\n|turn|52\n|\n|t:|1665555607\n|switch|p1a: Tapu Bulu|Tapu Bulu|76\/100 brn\n|switch|p2a: Zapdos|Zapdos|100\/100\n|\n|-heal|p1a: Tapu Bulu|82\/100 brn|[from] Grassy Terrain\n|-damage|p1a: Tapu Bulu|76\/100 brn|[from] brn\n|upkeep\n|turn|53\n|\n|t:|1665555616\n|move|p2a: Zapdos|Hurricane|p1a: Tapu Bulu\n|-supereffective|p1a: Tapu Bulu\n|-damage|p1a: Tapu Bulu|0 fnt\n|faint|p1a: Tapu Bulu\n|\n|upkeep\n|\n|t:|1665555618\n|switch|p1a: Tapu Lele|Tapu Lele|65\/100\n|-fieldstart|move: Psychic Terrain|[from] ability: Psychic Surge|[of] p1a: Tapu Lele\n|turn|54\n|c|\u2606Kuhrrohsion|yeah gg\n|c|\u2606Kuhrrohsion|need to replace fsight with psyshock\n|inactive|ChandosH has 120 seconds left.\n|c|\u2606ChandosH|idk it is nice for scizor vs toxapex\n|c|\u2606Kuhrrohsion|doesnt really matter\n|\n|t:|1665555671\n|move|p1a: Tapu Lele|Psychic|p2a: Zapdos\n|-damage|p2a: Zapdos|36\/100\n|move|p2a: Zapdos|Volt Switch|p1a: Tapu Lele\n|-damage|p1a: Tapu Lele|36\/100\n|c|\u2606Kuhrrohsion|sciz isnt sd\n|\n|t:|1665555674\n|switch|p2a: Tapu Lele|Tapu Lele|32\/100|[from]move: Volt Switch\n|\n|upkeep\n|turn|55\n|c|\u2606ChandosH|o\n|c|\u2606ChandosH|o its 3 attacks\n|c|\u2606Kuhrrohsion|fog\/roost last two moves\n|inactive|ChandosH has 90 seconds left.\n|c|\u2606ChandosH|wait no bullet punch\n|c|\u2606Kuhrrohsion|nope\n|\n|t:|1665555705\n|move|p1a: Tapu Lele|Psychic|p2a: Tapu Lele\n|-resisted|p2a: Tapu Lele\n|-damage|p2a: Tapu Lele|0 fnt\n|faint|p2a: Tapu Lele\n|\n|upkeep\n|\n|t:|1665555712\n|switch|p2a: Magnezone|Magnezone|54\/100\n|turn|56\n|c|\u2606Kuhrrohsion|maybe put fog on zap but idk\n|\n|t:|1665555717\n|switch|p1a: Zapdos|Zapdos|78\/100\n|move|p2a: Magnezone|Thunderbolt|p1a: Zapdos\n|-damage|p1a: Zapdos|0 fnt\n|faint|p1a: Zapdos\n|\n|upkeep\n|\n|t:|1665555722\n|switch|p1a: Tapu Lele|Tapu Lele|36\/100\n|turn|57\n|\n|t:|1665555724\n|move|p1a: Tapu Lele|Psychic|p2a: Magnezone\n|-resisted|p2a: Magnezone\n|-damage|p2a: Magnezone|10\/100\n|move|p2a: Magnezone|Thunderbolt|p1a: Tapu Lele\n|-damage|p1a: Tapu Lele|0 fnt\n|faint|p1a: Tapu Lele\n|\n|win|ChandosH\n|raw|Kuhrrohsion's rating: 1675 &rarr; <strong>1652<\/strong><br \/>(-23 for losing)\n|raw|ChandosH's rating: 1623 &rarr; <strong>1646<\/strong><br \/>(+23 for winning)\n|c|\u2606Kuhrrohsion|gg\n|c|\u2606ChandosH|Gg\n|l|\u2606Kuhrrohsion\n","uploadtime":1665555736,"views":12,"p1id":"kuhrrohsion","p2id":"chandosh","formatid":"gen8nationaldex","rating":1646,"private":0,"password":null}