{"id":"gen8ou-1662758151","p1":"AgencyIsOwn","p2":"EVERYOPPSHOT","format":"gen8ou","log":"|j|\u2606AgencyIsOwn\n|j|\u2606EVERYOPPSHOT\n|t:|1663021336\n|gametype|singles\n|player|p1|AgencyIsOwn|zinnia|1750\n|player|p2|EVERYOPPSHOT|wallace-gen3|1712\n|teamsize|p1|6\n|teamsize|p2|6\n|gen|8\n|tier|[Gen 8] OU\n|rated|\n|rule|Sleep Clause Mod: Limit one foe put to sleep\n|rule|Species Clause: Limit one of each Pok\u00e9mon\n|rule|OHKO Clause: OHKO moves are banned\n|rule|Evasion Items Clause: Evasion items are banned\n|rule|Evasion Moves Clause: Evasion moves are banned\n|rule|Endless Battle Clause: Forcing endless battles is banned\n|rule|HP Percentage Mod: HP is shown in percentages\n|rule|Dynamax Clause: You cannot dynamax\n|clearpoke\n|poke|p1|Tapu Koko|\n|poke|p1|Regieleki|\n|poke|p1|Landorus-Therian, M|\n|poke|p1|Ferrothorn, M|\n|poke|p1|Weavile, F|\n|poke|p1|Volcanion|\n|poke|p2|Tapu Lele|\n|poke|p2|Ferrothorn, F|\n|poke|p2|Garchomp, F|\n|poke|p2|Mantine, M|\n|poke|p2|Weavile, F|\n|poke|p2|Tapu Koko|\n|teampreview\n|j| Jongruenwald\n|j| all bogged up\n|\n|t:|1663021368\n|start\n|switch|p1a: Tapu Koko|Tapu Koko|100\/100\n|switch|p2a: Garchomp|Garchomp, F|100\/100\n|-fieldstart|move: Electric Terrain|[from] ability: Electric Surge|[of] p1a: Tapu Koko\n|turn|1\n|inactive|Battle timer is ON: inactive players will automatically lose when time's up. (requested by AgencyIsOwn)\n|\n|t:|1663021377\n|move|p1a: Tapu Koko|Toxic|p2a: Garchomp\n|-status|p2a: Garchomp|tox\n|move|p2a: Garchomp|Stealth Rock|p1a: Tapu Koko\n|-sidestart|p1: AgencyIsOwn|move: Stealth Rock\n|\n|-damage|p2a: Garchomp|94\/100 tox|[from] psn\n|upkeep\n|turn|2\n|\n|t:|1663021389\n|switch|p1a: Landorus|Landorus-Therian, M|100\/100\n|-damage|p1a: Landorus|88\/100|[from] Stealth Rock\n|-ability|p1a: Landorus|Intimidate|boost\n|-unboost|p2a: Garchomp|atk|1\n|move|p2a: Garchomp|Toxic|p1a: Landorus\n|-status|p1a: Landorus|tox\n|\n|-heal|p1a: Landorus|94\/100 tox|[from] item: Leftovers\n|-damage|p2a: Garchomp|82\/100 tox|[from] psn\n|-damage|p1a: Landorus|88\/100 tox|[from] psn\n|upkeep\n|turn|3\n|\n|t:|1663021393\n|switch|p2a: Ferrothorn|Ferrothorn, F|100\/100\n|move|p1a: Landorus|Defog|p2a: Ferrothorn\n|-unboost|p2a: Ferrothorn|evasion|1\n|-sideend|p1: AgencyIsOwn|Stealth Rock|[from] move: Defog|[of] p1a: Landorus\n|-fieldend|move: Electric Terrain\n|\n|-heal|p1a: Landorus|94\/100 tox|[from] item: Leftovers\n|-damage|p1a: Landorus|82\/100 tox|[from] psn\n|upkeep\n|turn|4\n|\n|t:|1663021399\n|switch|p1a: Volcanion|Volcanion|100\/100\n|move|p2a: Ferrothorn|Leech Seed|p1a: Volcanion\n|-start|p1a: Volcanion|move: Leech Seed\n|\n|-damage|p1a: Volcanion|88\/100|[from] Leech Seed|[of] p2a: Ferrothorn\n|upkeep\n|turn|5\n|\n|t:|1663021403\n|switch|p1a: Tapu Koko|Tapu Koko|100\/100\n|-fieldstart|move: Electric Terrain|[from] ability: Electric Surge|[of] p1a: Tapu Koko\n|switch|p2a: Mantine|Mantine, M|100\/100\n|\n|upkeep\n|turn|6\n|\n|t:|1663021407\n|switch|p2a: Ferrothorn|Ferrothorn, F|100\/100\n|move|p1a: Tapu Koko|Nature's Madness|p2a: Ferrothorn\n|-damage|p2a: Ferrothorn|50\/100\n|\n|-heal|p2a: Ferrothorn|57\/100|[from] item: Leftovers\n|upkeep\n|turn|7\n|\n|t:|1663021414\n|switch|p1a: Ferrothorn|Ferrothorn, M|100\/100\n|move|p2a: Ferrothorn|Leech Seed|p1a: Ferrothorn\n|-immune|p1a: Ferrothorn\n|\n|-heal|p2a: Ferrothorn|63\/100|[from] item: Leftovers\n|upkeep\n|turn|8\n|\n|t:|1663021417\n|move|p2a: Ferrothorn|Spikes|p1a: Ferrothorn\n|-sidestart|p1: AgencyIsOwn|Spikes\n|move|p1a: Ferrothorn|Stealth Rock|p2a: Ferrothorn\n|-sidestart|p2: EVERYOPPSHOT|move: Stealth Rock\n|\n|-heal|p2a: Ferrothorn|69\/100|[from] item: Leftovers\n|upkeep\n|turn|9\n|\n|t:|1663021419\n|move|p1a: Ferrothorn|Knock Off|p2a: Ferrothorn\n|-crit|p2a: Ferrothorn\n|-damage|p2a: Ferrothorn|47\/100\n|-damage|p1a: Ferrothorn|88\/100|[from] ability: Iron Barbs|[of] p2a: Ferrothorn\n|-enditem|p2a: Ferrothorn|Leftovers|[from] move: Knock Off|[of] p1a: Ferrothorn\n|move|p2a: Ferrothorn|Spikes|p1a: Ferrothorn\n|-sidestart|p1: AgencyIsOwn|Spikes\n|\n|-fieldend|move: Electric Terrain\n|upkeep\n|turn|10\n|\n|t:|1663021421\n|move|p1a: Ferrothorn|Body Press|p2a: Ferrothorn\n|-supereffective|p2a: Ferrothorn\n|-damage|p2a: Ferrothorn|5\/100\n|-damage|p1a: Ferrothorn|76\/100|[from] ability: Iron Barbs|[of] p2a: Ferrothorn\n|move|p2a: Ferrothorn|Spikes|p1a: Ferrothorn\n|-sidestart|p1: AgencyIsOwn|Spikes\n|\n|upkeep\n|turn|11\n|\n|t:|1663021425\n|switch|p2a: Garchomp|Garchomp, F|82\/100 tox\n|-damage|p2a: Garchomp|76\/100 tox|[from] Stealth Rock\n|move|p1a: Ferrothorn|Knock Off|p2a: Garchomp\n|-damage|p2a: Garchomp|63\/100 tox\n|-damage|p1a: Ferrothorn|64\/100|[from] ability: Rough Skin|[of] p2a: Garchomp\n|-damage|p1a: Ferrothorn|47\/100|[from] item: Rocky Helmet|[of] p2a: Garchomp\n|-enditem|p2a: Garchomp|Rocky Helmet|[from] move: Knock Off|[of] p1a: Ferrothorn\n|\n|-damage|p2a: Garchomp|57\/100 tox|[from] psn\n|upkeep\n|turn|12\n|\n|t:|1663021430\n|switch|p1a: Landorus|Landorus-Therian, M|82\/100 tox\n|-ability|p1a: Landorus|Intimidate|boost\n|-unboost|p2a: Garchomp|atk|1\n|move|p2a: Garchomp|Flamethrower|p1a: Landorus\n|-damage|p1a: Landorus|71\/100 tox\n|\n|-heal|p1a: Landorus|77\/100 tox|[from] item: Leftovers\n|-damage|p2a: Garchomp|45\/100 tox|[from] psn\n|-damage|p1a: Landorus|71\/100 tox|[from] psn\n|upkeep\n|turn|13\n|\n|t:|1663021434\n|move|p2a: Garchomp|Stealth Rock|p1a: Landorus\n|-sidestart|p1: AgencyIsOwn|move: Stealth Rock\n|move|p1a: Landorus|Defog|p2a: Garchomp\n|-unboost|p2a: Garchomp|evasion|1\n|-sideend|p2: EVERYOPPSHOT|Stealth Rock|[from] move: Defog|[of] p1a: Landorus\n|-sideend|p1: AgencyIsOwn|Spikes|[from] move: Defog|[of] p1a: Landorus\n|-sideend|p1: AgencyIsOwn|Stealth Rock|[from] move: Defog|[of] p1a: Landorus\n|\n|-heal|p1a: Landorus|77\/100 tox|[from] item: Leftovers\n|-damage|p2a: Garchomp|26\/100 tox|[from] psn\n|-damage|p1a: Landorus|65\/100 tox|[from] psn\n|upkeep\n|turn|14\n|\n|t:|1663021439\n|switch|p2a: Ferrothorn|Ferrothorn, F|5\/100\n|move|p1a: Landorus|Defog|p2a: Ferrothorn\n|-unboost|p2a: Ferrothorn|evasion|1\n|\n|-heal|p1a: Landorus|71\/100 tox|[from] item: Leftovers\n|-damage|p1a: Landorus|53\/100 tox|[from] psn\n|upkeep\n|turn|15\n|\n|t:|1663021446\n|switch|p2a: Mantine|Mantine, M|100\/100\n|move|p1a: Landorus|U-turn|p2a: Mantine\n|-resisted|p2a: Mantine\n|-damage|p2a: Mantine|91\/100\n|\n|t:|1663021450\n|switch|p1a: Tapu Koko|Tapu Koko|100\/100|[from]move: U-turn\n|-fieldstart|move: Electric Terrain|[from] ability: Electric Surge|[of] p1a: Tapu Koko\n|\n|upkeep\n|turn|16\n|\n|t:|1663021456\n|switch|p2a: Ferrothorn|Ferrothorn, F|5\/100\n|move|p1a: Tapu Koko|Volt Switch|p2a: Ferrothorn\n|-resisted|p2a: Ferrothorn\n|-damage|p2a: Ferrothorn|0 fnt\n|faint|p2a: Ferrothorn\n|j| jeanmilapipe\n|\n|t:|1663021469\n|switch|p1a: Regieleki|Regieleki|100\/100|[from]move: Volt Switch\n|\n|upkeep\n|\n|t:|1663021474\n|switch|p2a: Garchomp|Garchomp, F|26\/100 tox\n|turn|17\n|\n|t:|1663021478\n|switch|p1a: Landorus|Landorus-Therian, M|53\/100 tox\n|-ability|p1a: Landorus|Intimidate|boost\n|-unboost|p2a: Garchomp|atk|1\n|switch|p2a: Weavile|Weavile, F|100\/100\n|-ability|p2a: Weavile|Pressure\n|\n|-heal|p1a: Landorus|59\/100 tox|[from] item: Leftovers\n|-damage|p1a: Landorus|53\/100 tox|[from] psn\n|upkeep\n|turn|18\n|\n|t:|1663021487\n|switch|p1a: Tapu Koko|Tapu Koko|100\/100\n|move|p2a: Weavile|Knock Off|p1a: Tapu Koko\n|-resisted|p1a: Tapu Koko\n|-damage|p1a: Tapu Koko|61\/100\n|-enditem|p1a: Tapu Koko|Heavy-Duty Boots|[from] move: Knock Off|[of] p2a: Weavile\n|\n|upkeep\n|turn|19\n|\n|t:|1663021492\n|move|p1a: Tapu Koko|Volt Switch|p2a: Weavile\n|-damage|p2a: Weavile|60\/100\n|\n|t:|1663021495\n|switch|p1a: Ferrothorn|Ferrothorn, M|47\/100|[from]move: Volt Switch\n|move|p2a: Weavile|Knock Off|p1a: Ferrothorn\n|-damage|p1a: Ferrothorn|7\/100\n|-damage|p2a: Weavile|47\/100|[from] ability: Iron Barbs|[of] p1a: Ferrothorn\n|-damage|p2a: Weavile|31\/100|[from] item: Rocky Helmet|[of] p1a: Ferrothorn\n|-enditem|p1a: Ferrothorn|Rocky Helmet|[from] move: Knock Off|[of] p2a: Weavile\n|\n|-fieldend|move: Electric Terrain\n|upkeep\n|turn|20\n|\n|t:|1663021499\n|move|p2a: Weavile|Knock Off|p1a: Ferrothorn\n|-damage|p1a: Ferrothorn|0 fnt\n|-damage|p2a: Weavile|18\/100|[from] ability: Iron Barbs|[of] p1a: Ferrothorn\n|faint|p1a: Ferrothorn\n|\n|upkeep\n|\n|t:|1663021506\n|switch|p1a: Tapu Koko|Tapu Koko|61\/100\n|-fieldstart|move: Electric Terrain|[from] ability: Electric Surge|[of] p1a: Tapu Koko\n|turn|21\n|\n|t:|1663021509\n|switch|p2a: Tapu Koko|Tapu Koko|100\/100\n|move|p1a: Tapu Koko|Volt Switch|p2a: Tapu Koko\n|-resisted|p2a: Tapu Koko\n|-damage|p2a: Tapu Koko|77\/100\n|\n|t:|1663021518\n|switch|p1a: Regieleki|Regieleki|100\/100|[from]move: Volt Switch\n|\n|upkeep\n|turn|22\n|\n|t:|1663021523\n|move|p1a: Regieleki|Rising Voltage|p2a: Tapu Koko\n|-hint|Rising Voltage's BP doubled on grounded target.\n|-resisted|p2a: Tapu Koko\n|-damage|p2a: Tapu Koko|0 fnt\n|faint|p2a: Tapu Koko\n|\n|upkeep\n|\n|t:|1663021526\n|switch|p2a: Garchomp|Garchomp, F|26\/100 tox\n|turn|23\n|\n|t:|1663021530\n|switch|p1a: Landorus|Landorus-Therian, M|53\/100 tox\n|-ability|p1a: Landorus|Intimidate|boost\n|-unboost|p2a: Garchomp|atk|1\n|switch|p2a: Weavile|Weavile, F|18\/100\n|-ability|p2a: Weavile|Pressure\n|\n|-heal|p1a: Landorus|59\/100 tox|[from] item: Leftovers\n|-damage|p1a: Landorus|53\/100 tox|[from] psn\n|upkeep\n|turn|24\n|\n|t:|1663021537\n|switch|p1a: Weavile|Weavile, F|100\/100\n|-ability|p1a: Weavile|Pressure\n|move|p2a: Weavile|Knock Off|p1a: Weavile\n|-resisted|p1a: Weavile\n|-damage|p1a: Weavile|38\/100\n|-enditem|p1a: Weavile|Heavy-Duty Boots|[from] move: Knock Off|[of] p2a: Weavile\n|\n|upkeep\n|turn|25\n|\n|t:|1663021542\n|move|p2a: Weavile|Knock Off|p1a: Weavile\n|-resisted|p1a: Weavile\n|-damage|p1a: Weavile|0 fnt\n|faint|p1a: Weavile\n|\n|-fieldend|move: Electric Terrain\n|upkeep\n|\n|t:|1663021544\n|switch|p1a: Regieleki|Regieleki|100\/100\n|turn|26\n|\n|t:|1663021548\n|switch|p2a: Tapu Lele|Tapu Lele, shiny|100\/100\n|-fieldstart|move: Psychic Terrain|[from] ability: Psychic Surge|[of] p2a: Tapu Lele\n|move|p1a: Regieleki|Ancient Power|p2a: Tapu Lele\n|-damage|p2a: Tapu Lele|81\/100\n|\n|upkeep\n|turn|27\n|\n|t:|1663021551\n|move|p1a: Regieleki|Volt Switch|p2a: Tapu Lele\n|-damage|p2a: Tapu Lele|22\/100\n|\n|t:|1663021561\n|switch|p1a: Landorus|Landorus-Therian, M|53\/100 tox|[from]move: Volt Switch\n|-ability|p1a: Landorus|Intimidate|boost\n|-unboost|p2a: Tapu Lele|atk|1\n|move|p2a: Tapu Lele|Psyshock|p1a: Landorus\n|-damage|p1a: Landorus|0 fnt\n|faint|p1a: Landorus\n|-damage|p2a: Tapu Lele|12\/100|[from] item: Life Orb\n|\n|upkeep\n|\n|t:|1663021564\n|switch|p1a: Regieleki|Regieleki|100\/100\n|turn|28\n|\n|t:|1663021566\n|move|p1a: Regieleki|Ancient Power|p2a: Tapu Lele\n|-damage|p2a: Tapu Lele|0 fnt\n|faint|p2a: Tapu Lele\n|\n|upkeep\n|\n|t:|1663021569\n|switch|p2a: Garchomp|Garchomp, F|26\/100 tox\n|turn|29\n|\n|t:|1663021582\n|switch|p1a: Volcanion|Volcanion|88\/100\n|move|p2a: Garchomp|Earthquake|p1a: Volcanion\n|-supereffective|p1a: Volcanion\n|-damage|p1a: Volcanion|4\/100\n|\n|-damage|p2a: Garchomp|20\/100 tox|[from] psn\n|upkeep\n|turn|30\n|\n|t:|1663021586\n|switch|p2a: Mantine|Mantine, M|91\/100\n|move|p1a: Volcanion|Sludge Bomb|p2a: Mantine\n|-damage|p2a: Mantine|57\/100\n|\n|-fieldend|move: Psychic Terrain\n|upkeep\n|turn|31\n|\n|t:|1663021591\n|switch|p1a: Tapu Koko|Tapu Koko|61\/100\n|-fieldstart|move: Electric Terrain|[from] ability: Electric Surge|[of] p1a: Tapu Koko\n|move|p2a: Mantine|Roost|p2a: Mantine\n|-heal|p2a: Mantine|100\/100\n|-singleturn|p2a: Mantine|move: Roost\n|\n|upkeep\n|turn|32\n|\n|t:|1663021595\n|move|p1a: Tapu Koko|Volt Switch|p2a: Mantine\n|-supereffective|p2a: Mantine\n|-damage|p2a: Mantine|23\/100\n|\n|t:|1663021598\n|switch|p1a: Volcanion|Volcanion|4\/100|[from]move: Volt Switch\n|move|p2a: Mantine|Roost|p2a: Mantine\n|-heal|p2a: Mantine|73\/100\n|-singleturn|p2a: Mantine|move: Roost\n|\n|upkeep\n|turn|33\n|\n|t:|1663021600\n|switch|p1a: Regieleki|Regieleki|100\/100\n|move|p2a: Mantine|Roost|p2a: Mantine\n|-heal|p2a: Mantine|100\/100\n|-singleturn|p2a: Mantine|move: Roost\n|\n|upkeep\n|turn|34\n|\n|t:|1663021605\n|move|p1a: Regieleki|Rising Voltage|p2a: Mantine\n|-supereffective|p2a: Mantine\n|-damage|p2a: Mantine|0 fnt\n|faint|p2a: Mantine\n|\n|upkeep\n|\n|t:|1663021609\n|switch|p2a: Garchomp|Garchomp, F|20\/100 tox\n|turn|35\n|\n|t:|1663021611\n|switch|p1a: Volcanion|Volcanion|4\/100\n|move|p2a: Garchomp|Earthquake|p1a: Volcanion\n|-supereffective|p1a: Volcanion\n|-damage|p1a: Volcanion|0 fnt\n|faint|p1a: Volcanion\n|\n|-damage|p2a: Garchomp|14\/100 tox|[from] psn\n|-fieldend|move: Electric Terrain\n|upkeep\n|\n|t:|1663021613\n|switch|p1a: Tapu Koko|Tapu Koko|61\/100\n|-fieldstart|move: Electric Terrain|[from] ability: Electric Surge|[of] p1a: Tapu Koko\n|turn|36\n|\n|t:|1663021618\n|move|p1a: Tapu Koko|Volt Switch|p2a: Garchomp\n|-immune|p2a: Garchomp\n|move|p2a: Garchomp|Earthquake|p1a: Tapu Koko\n|-supereffective|p1a: Tapu Koko\n|-damage|p1a: Tapu Koko|0 fnt\n|faint|p1a: Tapu Koko\n|\n|-damage|p2a: Garchomp|1\/100 tox|[from] psn\n|upkeep\n|\n|t:|1663021620\n|switch|p1a: Regieleki|Regieleki|100\/100\n|turn|37\n|\n|t:|1663021622\n|move|p1a: Regieleki|Ancient Power|p2a: Garchomp\n|-resisted|p2a: Garchomp\n|-damage|p2a: Garchomp|0 fnt\n|faint|p2a: Garchomp\n|\n|upkeep\n|\n|t:|1663021623\n|switch|p2a: Weavile|Weavile, F|18\/100\n|-ability|p2a: Weavile|Pressure\n|turn|38\n|\n|t:|1663021625\n|move|p2a: Weavile|Ice Shard|p1a: Regieleki\n|-damage|p1a: Regieleki|38\/100\n|move|p1a: Regieleki|Rising Voltage|p2a: Weavile\n|-hint|Rising Voltage's BP doubled on grounded target.\n|-damage|p2a: Weavile|0 fnt\n|faint|p2a: Weavile\n|\n|win|AgencyIsOwn\n|raw|AgencyIsOwn's rating: 1750 &rarr; <strong>1768<\/strong><br \/>(+18 for winning)\n|raw|EVERYOPPSHOT's rating: 1712 &rarr; <strong>1694<\/strong><br \/>(-18 for losing)\n|l|\u2606EVERYOPPSHOT\n|c|\u2606AgencyIsOwn|Gg\n|l| all bogged up\n","uploadtime":1663021633,"views":18,"p1id":"agencyisown","p2id":"everyoppshot","formatid":"gen8ou","rating":1694,"private":0,"password":null}