{"id":"gen8ou-1702152199","p1":"XuYyi","p2":"ty-tyui\u21bb","format":"gen8ou","log":"|j|\u2606XuYyi\n|j|\u2606ty-tyui\u21bb\n|t:|1667516031\n|gametype|singles\n|player|p1|XuYyi|pokemonrangerf-gen4|1647\n|player|p2|ty-tyui\u21bb|surfer|1658\n|teamsize|p1|6\n|teamsize|p2|6\n|gen|8\n|tier|[Gen 8] OU\n|rated|\n|rule|Sleep Clause Mod: Limit one foe put to sleep\n|rule|Species Clause: Limit one of each Pok\u00e9mon\n|rule|OHKO Clause: OHKO moves are banned\n|rule|Evasion Items Clause: Evasion items are banned\n|rule|Evasion Moves Clause: Evasion moves are banned\n|rule|Endless Battle Clause: Forcing endless battles is banned\n|rule|HP Percentage Mod: HP is shown in percentages\n|rule|Dynamax Clause: You cannot dynamax\n|clearpoke\n|poke|p1|Landorus-Therian, M|\n|poke|p1|Zapdos|\n|poke|p1|Blacephalon|\n|poke|p1|Bisharp, F|\n|poke|p1|Rillaboom, F|\n|poke|p1|Urshifu-*, M|\n|poke|p2|Rillaboom, M|\n|poke|p2|Zeraora|\n|poke|p2|Slowbro, M|\n|poke|p2|Landorus-Therian, M|\n|poke|p2|Weavile, F|\n|poke|p2|Heatran, F|\n|teampreview\n|inactive|Battle timer is ON: inactive players will automatically lose when time's up. (requested by XuYyi)\n|\n|t:|1667516051\n|start\n|switch|p1a: Urshifu|Urshifu-Rapid-Strike, M|100\/100\n|switch|p2a: Weavile|Weavile, F|100\/100\n|-ability|p2a: Weavile|Pressure\n|turn|1\n|\n|t:|1667516061\n|switch|p2a: Heatran|Heatran, F|100\/100\n|move|p1a: Urshifu|U-turn|p2a: Heatran\n|-resisted|p2a: Heatran\n|-damage|p2a: Heatran|97\/100\n|\n|t:|1667516069\n|switch|p1a: Landorus|Landorus-Therian, M|100\/100|[from]move: U-turn\n|-ability|p1a: Landorus|Intimidate|boost\n|-unboost|p2a: Heatran|atk|1\n|\n|-heal|p2a: Heatran|100\/100|[from] item: Leftovers\n|upkeep\n|turn|2\n|\n|t:|1667516072\n|move|p1a: Landorus|Stealth Rock|p2a: Heatran\n|-sidestart|p2: ty-tyui\u21bb|move: Stealth Rock\n|move|p2a: Heatran|Magma Storm|p1a: Landorus\n|-damage|p1a: Landorus|44\/100\n|-activate|p1a: Landorus|move: Magma Storm|[of] p2a: Heatran\n|\n|-damage|p1a: Landorus|32\/100|[from] move: Magma Storm|[partiallytrapped]\n|upkeep\n|turn|3\n|\n|t:|1667516077\n|switch|p2a: Landorus|Landorus-Therian, M|100\/100\n|-damage|p2a: Landorus|88\/100|[from] Stealth Rock\n|-ability|p2a: Landorus|Intimidate|boost\n|-unboost|p1a: Landorus|atk|1\n|move|p1a: Landorus|Earthquake|p2a: Landorus\n|-immune|p2a: Landorus\n|\n|-heal|p2a: Landorus|94\/100|[from] item: Leftovers\n|-end|p1a: Landorus|Magma Storm|[partiallytrapped]|[silent]\n|upkeep\n|turn|4\n|\n|t:|1667516079\n|move|p1a: Landorus|U-turn|p2a: Landorus\n|-resisted|p2a: Landorus\n|-damage|p2a: Landorus|86\/100\n|\n|t:|1667516082\n|switch|p1a: Urshifu|Urshifu-Rapid-Strike, M|100\/100|[from]move: U-turn\n|move|p2a: Landorus|Defog|p1a: Urshifu\n|-unboost|p1a: Urshifu|evasion|1\n|-sideend|p2: ty-tyui\u21bb|Stealth Rock|[from] move: Defog|[of] p2a: Landorus\n|\n|-heal|p2a: Landorus|92\/100|[from] item: Leftovers\n|upkeep\n|turn|5\n|\n|t:|1667516087\n|switch|p2a: Slowbro|Slowbro, M|100\/100\n|move|p1a: Urshifu|U-turn|p2a: Slowbro\n|-supereffective|p2a: Slowbro\n|-damage|p2a: Slowbro|73\/100\n|\n|t:|1667516089\n|switch|p1a: Blacephalon|Blacephalon|100\/100|[from]move: U-turn\n|\n|upkeep\n|turn|6\n|\n|t:|1667516095\n|switch|p2a: Weavile|Weavile, F|100\/100\n|-ability|p2a: Weavile|Pressure\n|move|p1a: Blacephalon|Shadow Ball|p2a: Weavile\n|-resisted|p2a: Weavile\n|-damage|p2a: Weavile|54\/100\n|\n|upkeep\n|turn|7\n|\n|t:|1667516101\n|switch|p1a: Landorus|Landorus-Therian, M|32\/100\n|-ability|p1a: Landorus|Intimidate|boost\n|-unboost|p2a: Weavile|atk|1\n|move|p2a: Weavile|Knock Off|p1a: Landorus\n|-damage|p1a: Landorus|0 fnt\n|-enditem|p1a: Landorus|Focus Sash|[from] move: Knock Off|[of] p2a: Weavile\n|faint|p1a: Landorus\n|\n|upkeep\n|\n|t:|1667516111\n|switch|p1a: Rillaboom|Rillaboom, F|100\/100\n|-fieldstart|move: Grassy Terrain|[from] ability: Grassy Surge|[of] p1a: Rillaboom\n|turn|8\n|\n|t:|1667516116\n|switch|p2a: Heatran|Heatran, F|100\/100\n|move|p1a: Rillaboom|U-turn|p2a: Heatran\n|-resisted|p2a: Heatran\n|-damage|p2a: Heatran|95\/100\n|-status|p1a: Rillaboom|brn|[from] ability: Flame Body|[of] p2a: Heatran\n|\n|t:|1667516120\n|switch|p1a: Urshifu|Urshifu-Rapid-Strike, M|100\/100|[from]move: U-turn\n|\n|-heal|p2a: Heatran|100\/100|[from] Grassy Terrain\n|upkeep\n|turn|9\n|\n|t:|1667516125\n|switch|p2a: Slowbro|Slowbro, M|100\/100\n|move|p1a: Urshifu|Close Combat|p2a: Slowbro\n|-resisted|p2a: Slowbro\n|-damage|p2a: Slowbro|83\/100\n|-unboost|p1a: Urshifu|def|1\n|-unboost|p1a: Urshifu|spd|1\n|\n|-heal|p2a: Slowbro|89\/100|[from] Grassy Terrain\n|upkeep\n|turn|10\n|\n|t:|1667516129\n|switch|p1a: Zapdos|Zapdos|100\/100\n|move|p2a: Slowbro|Teleport|p2a: Slowbro\n|\n|t:|1667516131\n|switch|p2a: Weavile|Weavile, F|54\/100|[from]move: Teleport\n|-ability|p2a: Weavile|Pressure\n|\n|-heal|p2a: Weavile|60\/100|[from] Grassy Terrain\n|upkeep\n|turn|11\n|\n|t:|1667516137\n|move|p2a: Weavile|Triple Axel|p1a: Zapdos\n|-supereffective|p1a: Zapdos\n|-damage|p1a: Zapdos|85\/100\n|-supereffective|p1a: Zapdos\n|-damage|p1a: Zapdos|56\/100\n|-supereffective|p1a: Zapdos\n|-damage|p1a: Zapdos|12\/100\n|-status|p2a: Weavile|par|[from] ability: Static|[of] p1a: Zapdos\n|-hitcount|p1a: Zapdos|3\n|move|p1a: Zapdos|Heat Wave|p2a: Weavile|[miss]\n|-miss|p1a: Zapdos|p2a: Weavile\n|\n|-heal|p2a: Weavile|66\/100 par|[from] Grassy Terrain\n|upkeep\n|turn|12\n|\n|t:|1667516145\n|move|p2a: Weavile|Ice Shard|p1a: Zapdos\n|-supereffective|p1a: Zapdos\n|-damage|p1a: Zapdos|0 fnt\n|faint|p1a: Zapdos\n|\n|-heal|p2a: Weavile|72\/100 par|[from] Grassy Terrain\n|-fieldend|move: Grassy Terrain\n|upkeep\n|\n|t:|1667516150\n|switch|p1a: Urshifu|Urshifu-Rapid-Strike, M|100\/100\n|turn|13\n|\n|t:|1667516159\n|switch|p2a: Heatran|Heatran, F|100\/100\n|move|p1a: Urshifu|U-turn|p2a: Heatran\n|-resisted|p2a: Heatran\n|-damage|p2a: Heatran|97\/100\n|\n|t:|1667516164\n|switch|p1a: Rillaboom|Rillaboom, F|100\/100 brn|[from]move: U-turn\n|-fieldstart|move: Grassy Terrain|[from] ability: Grassy Surge|[of] p1a: Rillaboom\n|\n|-heal|p2a: Heatran|100\/100|[from] Grassy Terrain\n|-damage|p1a: Rillaboom|94\/100 brn|[from] brn\n|upkeep\n|turn|14\n|\n|t:|1667516167\n|move|p1a: Rillaboom|Drain Punch|p2a: Heatran\n|-supereffective|p2a: Heatran\n|-damage|p2a: Heatran|76\/100\n|-heal|p1a: Rillaboom|100\/100 brn|[from] drain|[of] p2a: Heatran\n|move|p2a: Heatran|Magma Storm|p1a: Rillaboom\n|-supereffective|p1a: Rillaboom\n|-damage|p1a: Rillaboom|0 fnt\n|faint|p1a: Rillaboom\n|\n|-heal|p2a: Heatran|82\/100|[from] Grassy Terrain\n|-heal|p2a: Heatran|88\/100|[from] item: Leftovers\n|upkeep\n|\n|t:|1667516171\n|switch|p1a: Urshifu|Urshifu-Rapid-Strike, M|100\/100\n|turn|15\n|\n|t:|1667516175\n|switch|p2a: Slowbro|Slowbro, M|100\/100\n|move|p1a: Urshifu|U-turn|p2a: Slowbro\n|-supereffective|p2a: Slowbro\n|-damage|p2a: Slowbro|71\/100\n|\n|t:|1667516177\n|switch|p1a: Blacephalon|Blacephalon|100\/100|[from]move: U-turn\n|\n|-heal|p2a: Slowbro|77\/100|[from] Grassy Terrain\n|upkeep\n|turn|16\n|\n|t:|1667516185\n|switch|p2a: Weavile|Weavile, F|72\/100 par\n|-ability|p2a: Weavile|Pressure\n|move|p1a: Blacephalon|Flamethrower|p2a: Weavile\n|-supereffective|p2a: Weavile\n|-damage|p2a: Weavile|0 fnt\n|faint|p2a: Weavile\n|-ability|p1a: Blacephalon|Beast Boost|boost\n|-boost|p1a: Blacephalon|spa|1\n|\n|upkeep\n|j| Jongruenwald\n|\n|t:|1667516194\n|switch|p2a: Slowbro|Slowbro, M|100\/100\n|turn|17\n|\n|t:|1667516197\n|switch|p1a: Bisharp|Bisharp, F|100\/100\n|move|p2a: Slowbro|Scald|p1a: Bisharp\n|-damage|p1a: Bisharp|50\/100\n|-status|p1a: Bisharp|brn\n|\n|-heal|p1a: Bisharp|55\/100 brn|[from] Grassy Terrain\n|-damage|p1a: Bisharp|50\/100 brn|[from] brn\n|-fieldend|move: Grassy Terrain\n|upkeep\n|turn|18\n|\n|t:|1667516202\n|move|p1a: Bisharp|Knock Off|p2a: Slowbro\n|-supereffective|p2a: Slowbro\n|-damage|p2a: Slowbro|63\/100\n|-enditem|p2a: Slowbro|Heavy-Duty Boots|[from] move: Knock Off|[of] p1a: Bisharp\n|move|p2a: Slowbro|Teleport|p2a: Slowbro\n|\n|t:|1667516204\n|switch|p2a: Rillaboom|Rillaboom, M|100\/100|[from]move: Teleport\n|-fieldstart|move: Grassy Terrain|[from] ability: Grassy Surge|[of] p2a: Rillaboom\n|\n|-heal|p1a: Bisharp|55\/100 brn|[from] Grassy Terrain\n|-damage|p1a: Bisharp|50\/100 brn|[from] brn\n|upkeep\n|turn|19\n|\n|t:|1667516210\n|move|p2a: Rillaboom|U-turn|p1a: Bisharp\n|-damage|p1a: Bisharp|0 fnt\n|faint|p1a: Bisharp\n|\n|t:|1667516239\n|switch|p2a: Zeraora|Zeraora, shiny|100\/100|[from]move: U-turn\n|-enditem|p2a: Zeraora|Grassy Seed\n|-boost|p2a: Zeraora|def|1|[from] item: Grassy Seed\n|\n|upkeep\n|\n|t:|1667516250\n|switch|p1a: Urshifu|Urshifu-Rapid-Strike, M|100\/100\n|turn|20\n|\n|t:|1667516260\n|move|p1a: Urshifu|Surging Strikes|p2a: Zeraora\n|-crit|p2a: Zeraora\n|-damage|p2a: Zeraora|71\/100\n|-crit|p2a: Zeraora\n|-damage|p2a: Zeraora|44\/100\n|-crit|p2a: Zeraora\n|-damage|p2a: Zeraora|15\/100\n|-hitcount|p2a: Zeraora|3\n|move|p2a: Zeraora|Plasma Fists|p1a: Urshifu\n|-supereffective|p1a: Urshifu\n|-damage|p1a: Urshifu|13\/100\n|-fieldactivate|move: Ion Deluge\n|-hint|Normal-type moves become Electric-type after using Plasma Fists.\n|\n|-heal|p1a: Urshifu|19\/100|[from] Grassy Terrain\n|-heal|p2a: Zeraora|21\/100|[from] Grassy Terrain\n|upkeep\n|turn|21\n|\n|t:|1667516266\n|switch|p2a: Slowbro|Slowbro, M|96\/100\n|move|p1a: Urshifu|Surging Strikes|p2a: Slowbro\n|-resisted|p2a: Slowbro\n|-crit|p2a: Slowbro\n|-damage|p2a: Slowbro|90\/100\n|-resisted|p2a: Slowbro\n|-crit|p2a: Slowbro\n|-damage|p2a: Slowbro|85\/100\n|-resisted|p2a: Slowbro\n|-crit|p2a: Slowbro\n|-damage|p2a: Slowbro|79\/100\n|-hitcount|p2a: Slowbro|3\n|\n|-heal|p1a: Urshifu|25\/100|[from] Grassy Terrain\n|-heal|p2a: Slowbro|85\/100|[from] Grassy Terrain\n|upkeep\n|turn|22\n|\n|t:|1667516273\n|switch|p1a: Blacephalon|Blacephalon|100\/100\n|move|p2a: Slowbro|Future Sight|p1a: Blacephalon\n|-start|p2a: Slowbro|move: Future Sight\n|\n|-heal|p2a: Slowbro|91\/100|[from] Grassy Terrain\n|-fieldend|move: Grassy Terrain\n|upkeep\n|turn|23\n|\n|t:|1667516288\n|switch|p2a: Heatran|Heatran, F|88\/100\n|move|p1a: Blacephalon|Shadow Ball|p2a: Heatran\n|-damage|p2a: Heatran|25\/100\n|\n|-heal|p2a: Heatran|31\/100|[from] item: Leftovers\n|upkeep\n|turn|24\n|\n|t:|1667516290\n|move|p1a: Blacephalon|Shadow Ball|p2a: Heatran\n|-damage|p2a: Heatran|0 fnt\n|faint|p2a: Heatran\n|-ability|p1a: Blacephalon|Beast Boost|boost\n|-boost|p1a: Blacephalon|spa|1\n|\n|-end|p1a: Blacephalon|move: Future Sight\n|-damage|p1a: Blacephalon|32\/100\n|upkeep\n|\n|t:|1667516292\n|switch|p2a: Rillaboom|Rillaboom, M|100\/100\n|-fieldstart|move: Grassy Terrain|[from] ability: Grassy Surge|[of] p2a: Rillaboom\n|turn|25\n|\n|t:|1667516295\n|move|p2a: Rillaboom|Grassy Glide|p1a: Blacephalon\n|-resisted|p1a: Blacephalon\n|-damage|p1a: Blacephalon|0 fnt\n|faint|p1a: Blacephalon\n|\n|upkeep\n|c|\u2606ty-tyui\u21bb|gg\n|-message|XuYyi forfeited.\n|\n|win|ty-tyui\u21bb\n|raw|XuYyi's rating: 1647 &rarr; <strong>1628<\/strong><br \/>(-19 for losing)\n|raw|ty-tyui\u21bb's rating: 1658 &rarr; <strong>1677<\/strong><br \/>(+19 for winning)\n|l|\u2606XuYyi\n","uploadtime":1667516302,"views":5,"p1id":"xuyyi","p2id":"tytyui","formatid":"gen8ou","rating":1628,"private":0,"password":null}