{"id":"gen8ou-1598604745","p1":"Geo13000","p2":"dracaufeu shiny","format":"gen8ou","log":"|j|\u2606Geo13000\n|j|\u2606dracaufeu shiny\n|t:|1655504454\n|gametype|singles\n|player|p1|Geo13000|veteran|1530\n|player|p2|dracaufeu shiny|red|1511\n|teamsize|p1|6\n|teamsize|p2|6\n|gen|8\n|tier|[Gen 8] OU\n|rated|\n|rule|Sleep Clause Mod: Limit one foe put to sleep\n|rule|Species Clause: Limit one of each Pok\u00e9mon\n|rule|OHKO Clause: OHKO moves are banned\n|rule|Evasion Moves Clause: Evasion moves are banned\n|rule|Endless Battle Clause: Forcing endless battles is banned\n|rule|HP Percentage Mod: HP is shown in percentages\n|rule|Dynamax Clause: You cannot dynamax\n|clearpoke\n|poke|p1|Kartana|\n|poke|p1|Rillaboom, M|\n|poke|p1|Heatran, F|\n|poke|p1|Zapdos|\n|poke|p1|Gastrodon, F|\n|poke|p1|Toxapex, F|\n|poke|p2|Cobalion|\n|poke|p2|Blacephalon|\n|poke|p2|Victini|\n|poke|p2|Tapu Lele|\n|poke|p2|Dragonite, M|\n|poke|p2|Dragapult, M|\n|teampreview\n|\n|t:|1655504473\n|start\n|switch|p1a: Zapdos|Zapdos|100\/100\n|switch|p2a: Cobalion|Cobalion|100\/100\n|turn|1\n|\n|t:|1655504480\n|move|p2a: Cobalion|Stealth Rock|p1a: Zapdos\n|-sidestart|p1: Geo13000|move: Stealth Rock\n|move|p1a: Zapdos|Hurricane|p2a: Cobalion\n|-damage|p2a: Cobalion|51\/100\n|-start|p2a: Cobalion|confusion\n|\n|upkeep\n|turn|2\n|\n|t:|1655504488\n|-activate|p2a: Cobalion|confusion\n|move|p2a: Cobalion|Taunt|p1a: Zapdos\n|-start|p1a: Zapdos|move: Taunt\n|cant|p1a: Zapdos|move: Taunt|Defog\n|\n|upkeep\n|turn|3\n|\n|t:|1655504500\n|switch|p2a: Dragapult|Dragapult, M|100\/100\n|move|p1a: Zapdos|Volt Switch|p2a: Dragapult\n|-resisted|p2a: Dragapult\n|-damage|p2a: Dragapult|78\/100\n|\n|t:|1655504504\n|switch|p1a: Kartana|Kartana|100\/100|[from]move: Volt Switch\n|-damage|p1a: Kartana|94\/100|[from] Stealth Rock\n|\n|upkeep\n|turn|4\n|\n|t:|1655504512\n|switch|p2a: Cobalion|Cobalion|51\/100\n|move|p1a: Kartana|Knock Off|p2a: Cobalion\n|-resisted|p2a: Cobalion\n|-damage|p2a: Cobalion|35\/100\n|-ability|p2a: Cobalion|Justified|boost\n|-boost|p2a: Cobalion|atk|1\n|-enditem|p2a: Cobalion|Occa Berry|[from] move: Knock Off|[of] p1a: Kartana\n|\n|upkeep\n|turn|5\n|\n|t:|1655504523\n|switch|p1a: Zapdos|Zapdos|100\/100\n|move|p2a: Cobalion|Close Combat|p1a: Zapdos\n|-resisted|p1a: Zapdos\n|-damage|p1a: Zapdos|82\/100\n|-unboost|p2a: Cobalion|def|1\n|-unboost|p2a: Cobalion|spd|1\n|\n|upkeep\n|turn|6\n|\n|t:|1655504532\n|move|p2a: Cobalion|Taunt|p1a: Zapdos\n|-start|p1a: Zapdos|move: Taunt\n|move|p1a: Zapdos|Volt Switch|p2a: Cobalion\n|-damage|p2a: Cobalion|0 fnt\n|faint|p2a: Cobalion\n|\n|t:|1655504541\n|switch|p1a: Gastrodon|Gastrodon, F|100\/100|[from]move: Volt Switch\n|-damage|p1a: Gastrodon|94\/100|[from] Stealth Rock\n|\n|-heal|p1a: Gastrodon|100\/100|[from] item: Leftovers\n|upkeep\n|\n|t:|1655504549\n|switch|p2a: Victini|Victini|100\/100\n|turn|7\n|\n|t:|1655504553\n|move|p2a: Victini|Final Gambit|p1a: Gastrodon\n|-damage|p1a: Gastrodon|3\/100\n|faint|p2a: Victini\n|move|p1a: Gastrodon|Scald|p2: Victini|[notarget]\n|-fail|p1a: Gastrodon\n|\n|-heal|p1a: Gastrodon|10\/100|[from] item: Leftovers\n|upkeep\n|\n|t:|1655504561\n|switch|p2a: Blacephalon|Blacephalon|100\/100\n|turn|8\n|\n|t:|1655504566\n|switch|p1a: Toxapex|Toxapex, F|100\/100\n|-damage|p1a: Toxapex|88\/100|[from] Stealth Rock\n|move|p2a: Blacephalon|Shadow Ball|p1a: Toxapex\n|-damage|p1a: Toxapex|46\/100\n|\n|upkeep\n|turn|9\n|\n|t:|1655504573\n|move|p2a: Blacephalon|Shadow Ball|p1a: Toxapex\n|-damage|p1a: Toxapex|0 fnt\n|faint|p1a: Toxapex\n|-ability|p2a: Blacephalon|Beast Boost|boost\n|-boost|p2a: Blacephalon|spa|1\n|\n|upkeep\n|\n|t:|1655504577\n|switch|p1a: Kartana|Kartana|94\/100\n|-damage|p1a: Kartana|88\/100|[from] Stealth Rock\n|turn|10\n|\n|t:|1655504584\n|switch|p2a: Dragonite|Dragonite, M|100\/100\n|move|p1a: Kartana|Knock Off|p2a: Dragonite\n|-damage|p2a: Dragonite|83\/100\n|-enditem|p2a: Dragonite|Heavy-Duty Boots|[from] move: Knock Off|[of] p1a: Kartana\n|\n|upkeep\n|turn|11\n|\n|t:|1655504598\n|switch|p2a: Blacephalon|Blacephalon|100\/100\n|move|p1a: Kartana|Knock Off|p2a: Blacephalon\n|-supereffective|p2a: Blacephalon\n|-damage|p2a: Blacephalon|0 fnt\n|-enditem|p2a: Blacephalon|Choice Specs|[from] move: Knock Off|[of] p1a: Kartana\n|faint|p2a: Blacephalon\n|-ability|p1a: Kartana|Beast Boost|boost\n|-boost|p1a: Kartana|atk|1\n|\n|upkeep\n|\n|t:|1655504609\n|switch|p2a: Dragonite|Dragonite, M|83\/100\n|turn|12\n|\n|t:|1655504612\n|move|p1a: Kartana|Knock Off|p2a: Dragonite\n|-damage|p2a: Dragonite|47\/100\n|move|p2a: Dragonite|Roost|p2a: Dragonite\n|-heal|p2a: Dragonite|97\/100\n|-singleturn|p2a: Dragonite|move: Roost\n|\n|upkeep\n|turn|13\n|\n|t:|1655504622\n|switch|p1a: Heatran|Heatran, F|100\/100\n|-damage|p1a: Heatran|88\/100|[from] Stealth Rock\n|move|p2a: Dragonite|Dragon Dance|p2a: Dragonite\n|-boost|p2a: Dragonite|atk|1\n|-boost|p2a: Dragonite|spe|1\n|\n|-heal|p1a: Heatran|94\/100|[from] item: Leftovers\n|upkeep\n|turn|14\n|\n|t:|1655504632\n|switch|p1a: Rillaboom|Rillaboom, M|100\/100\n|-damage|p1a: Rillaboom|88\/100|[from] Stealth Rock\n|-fieldstart|move: Grassy Terrain|[from] ability: Grassy Surge|[of] p1a: Rillaboom\n|move|p2a: Dragonite|Earthquake|p1a: Rillaboom\n|-resisted|p1a: Rillaboom\n|-damage|p1a: Rillaboom|75\/100\n|\n|-heal|p1a: Rillaboom|82\/100|[from] Grassy Terrain\n|upkeep\n|turn|15\n|\n|t:|1655504643\n|switch|p1a: Heatran|Heatran, F|94\/100\n|-damage|p1a: Heatran|82\/100|[from] Stealth Rock\n|move|p2a: Dragonite|Dual Wingbeat|p1a: Heatran\n|-resisted|p1a: Heatran\n|-damage|p1a: Heatran|72\/100\n|-resisted|p1a: Heatran\n|-damage|p1a: Heatran|62\/100\n|-status|p2a: Dragonite|brn|[from] ability: Flame Body|[of] p1a: Heatran\n|-hitcount|p1a: Heatran|2\n|\n|-heal|p1a: Heatran|68\/100|[from] Grassy Terrain\n|-heal|p1a: Heatran|75\/100|[from] item: Leftovers\n|-damage|p2a: Dragonite|91\/100 brn|[from] brn\n|upkeep\n|turn|16\n|\n|t:|1655504658\n|switch|p1a: Zapdos|Zapdos|82\/100\n|move|p2a: Dragonite|Dual Wingbeat|p1a: Zapdos\n|-resisted|p1a: Zapdos\n|-damage|p1a: Zapdos|77\/100\n|-resisted|p1a: Zapdos\n|-damage|p1a: Zapdos|72\/100\n|-hitcount|p1a: Zapdos|2\n|\n|-damage|p2a: Dragonite|85\/100 brn|[from] brn\n|upkeep\n|turn|17\n|j| 60metapod\n|\n|t:|1655504672\n|move|p2a: Dragonite|Dragon Dance|p2a: Dragonite\n|-boost|p2a: Dragonite|atk|1\n|-boost|p2a: Dragonite|spe|1\n|move|p1a: Zapdos|Defog|p2a: Dragonite\n|-unboost|p2a: Dragonite|evasion|1\n|-sideend|p1: Geo13000|Stealth Rock|[from] move: Defog|[of] p1a: Zapdos\n|-fieldend|move: Grassy Terrain\n|\n|-damage|p2a: Dragonite|79\/100 brn|[from] brn\n|upkeep\n|turn|18\n|\n|t:|1655504682\n|move|p2a: Dragonite|Dragon Dance|p2a: Dragonite\n|-boost|p2a: Dragonite|atk|1\n|-boost|p2a: Dragonite|spe|1\n|move|p1a: Zapdos|Roost|p1a: Zapdos\n|-heal|p1a: Zapdos|100\/100\n|-singleturn|p1a: Zapdos|move: Roost\n|\n|-damage|p2a: Dragonite|73\/100 brn|[from] brn\n|upkeep\n|turn|19\n|\n|t:|1655504694\n|move|p2a: Dragonite|Roost|p2a: Dragonite\n|-heal|p2a: Dragonite|100\/100 brn\n|-singleturn|p2a: Dragonite|move: Roost\n|move|p1a: Zapdos|Hurricane|p2a: Dragonite\n|-damage|p2a: Dragonite|79\/100 brn\n|\n|-damage|p2a: Dragonite|73\/100 brn|[from] brn\n|upkeep\n|turn|20\n|\n|t:|1655504707\n|move|p2a: Dragonite|Dual Wingbeat|p1a: Zapdos\n|-resisted|p1a: Zapdos\n|-damage|p1a: Zapdos|91\/100\n|-resisted|p1a: Zapdos\n|-damage|p1a: Zapdos|83\/100\n|-hitcount|p1a: Zapdos|2\n|move|p1a: Zapdos|Hurricane|p2a: Dragonite\n|-damage|p2a: Dragonite|35\/100 brn\n|-start|p2a: Dragonite|confusion\n|\n|-damage|p2a: Dragonite|29\/100 brn|[from] brn\n|upkeep\n|turn|21\n|\n|t:|1655504719\n|-activate|p2a: Dragonite|confusion\n|move|p2a: Dragonite|Roost|p2a: Dragonite\n|-heal|p2a: Dragonite|79\/100 brn\n|-singleturn|p2a: Dragonite|move: Roost\n|move|p1a: Zapdos|Hurricane|p2a: Dragonite\n|-damage|p2a: Dragonite|38\/100 brn\n|\n|-damage|p2a: Dragonite|32\/100 brn|[from] brn\n|upkeep\n|turn|22\n|\n|t:|1655504729\n|-activate|p2a: Dragonite|confusion\n|move|p2a: Dragonite|Roost|p2a: Dragonite\n|-heal|p2a: Dragonite|82\/100 brn\n|-singleturn|p2a: Dragonite|move: Roost\n|move|p1a: Zapdos|Hurricane|p2a: Dragonite\n|-damage|p2a: Dragonite|39\/100 brn\n|\n|-damage|p2a: Dragonite|33\/100 brn|[from] brn\n|upkeep\n|turn|23\n|inactive|Battle timer is ON: inactive players will automatically lose when time's up. (requested by Geo13000)\n|\n|t:|1655504742\n|-activate|p2a: Dragonite|confusion\n|move|p2a: Dragonite|Roost|p2a: Dragonite\n|-heal|p2a: Dragonite|83\/100 brn\n|-singleturn|p2a: Dragonite|move: Roost\n|move|p1a: Zapdos|Hurricane|p2a: Dragonite\n|-damage|p2a: Dragonite|43\/100 brn\n|\n|-damage|p2a: Dragonite|37\/100 brn|[from] brn\n|upkeep\n|turn|24\n|\n|t:|1655504754\n|-activate|p2a: Dragonite|confusion\n|move|p2a: Dragonite|Roost|p2a: Dragonite\n|-heal|p2a: Dragonite|87\/100 brn\n|-singleturn|p2a: Dragonite|move: Roost\n|move|p1a: Zapdos|Volt Switch|p2a: Dragonite\n|-resisted|p2a: Dragonite\n|-damage|p2a: Dragonite|73\/100 brn\n|\n|t:|1655504757\n|switch|p1a: Gastrodon|Gastrodon, F|10\/100|[from]move: Volt Switch\n|\n|-heal|p1a: Gastrodon|16\/100|[from] item: Leftovers\n|-damage|p2a: Dragonite|67\/100 brn|[from] brn\n|upkeep\n|turn|25\n|\n|t:|1655504769\n|switch|p1a: Zapdos|Zapdos|83\/100\n|-end|p2a: Dragonite|confusion\n|move|p2a: Dragonite|Dual Wingbeat|p1a: Zapdos\n|-resisted|p1a: Zapdos\n|-damage|p1a: Zapdos|74\/100\n|-resisted|p1a: Zapdos\n|-damage|p1a: Zapdos|66\/100\n|-hitcount|p1a: Zapdos|2\n|\n|-damage|p2a: Dragonite|61\/100 brn|[from] brn\n|upkeep\n|turn|26\n|\n|t:|1655504781\n|move|p2a: Dragonite|Roost|p2a: Dragonite\n|-heal|p2a: Dragonite|100\/100 brn\n|-singleturn|p2a: Dragonite|move: Roost\n|move|p1a: Zapdos|Roost|p1a: Zapdos\n|-heal|p1a: Zapdos|100\/100\n|-singleturn|p1a: Zapdos|move: Roost\n|\n|-damage|p2a: Dragonite|94\/100 brn|[from] brn\n|upkeep\n|turn|27\n|\n|t:|1655504798\n|switch|p2a: Tapu Lele|Tapu Lele|100\/100\n|-fieldstart|move: Psychic Terrain|[from] ability: Psychic Surge|[of] p2a: Tapu Lele\n|move|p1a: Zapdos|Hurricane|p2a: Tapu Lele\n|-damage|p2a: Tapu Lele|55\/100\n|\n|upkeep\n|turn|28\n|\n|t:|1655504817\n|switch|p1a: Gastrodon|Gastrodon, F|16\/100\n|move|p2a: Tapu Lele|Focus Blast|p1a: Gastrodon\n|-damage|p1a: Gastrodon|0 fnt\n|faint|p1a: Gastrodon\n|\n|upkeep\n|\n|t:|1655504819\n|switch|p1a: Kartana|Kartana|88\/100\n|turn|29\n|\n|t:|1655504828\n|switch|p2a: Dragonite|Dragonite, M|94\/100 brn\n|move|p1a: Kartana|Smart Strike|p2a: Dragonite\n|-damage|p2a: Dragonite|56\/100 brn\n|\n|-damage|p2a: Dragonite|50\/100 brn|[from] brn\n|upkeep\n|turn|30\n|\n|t:|1655504851\n|switch|p1a: Zapdos|Zapdos|100\/100\n|move|p2a: Dragonite|Roost|p2a: Dragonite\n|-heal|p2a: Dragonite|99\/100 brn\n|-singleturn|p2a: Dragonite|move: Roost\n|\n|-damage|p2a: Dragonite|94\/100 brn|[from] brn\n|upkeep\n|turn|31\n|\n|t:|1655504869\n|switch|p2a: Tapu Lele|Tapu Lele|55\/100\n|move|p1a: Zapdos|Defog|p2a: Tapu Lele\n|-unboost|p2a: Tapu Lele|evasion|1\n|-fieldend|move: Psychic Terrain\n|\n|upkeep\n|turn|32\n|\n|t:|1655504882\n|move|p2a: Tapu Lele|Focus Blast|p1a: Zapdos|[miss]\n|-miss|p2a: Tapu Lele|p1a: Zapdos\n|move|p1a: Zapdos|Volt Switch|p2a: Tapu Lele\n|-damage|p2a: Tapu Lele|26\/100\n|\n|t:|1655504886\n|switch|p1a: Rillaboom|Rillaboom, M|82\/100|[from]move: Volt Switch\n|-fieldstart|move: Grassy Terrain|[from] ability: Grassy Surge|[of] p1a: Rillaboom\n|\n|-heal|p2a: Tapu Lele|32\/100|[from] Grassy Terrain\n|-heal|p1a: Rillaboom|88\/100|[from] Grassy Terrain\n|upkeep\n|turn|33\n|\n|t:|1655504901\n|switch|p2a: Dragonite|Dragonite, M|94\/100 brn\n|move|p1a: Rillaboom|U-turn|p2a: Dragonite\n|-resisted|p2a: Dragonite\n|-damage|p2a: Dragonite|76\/100 brn\n|\n|t:|1655504907\n|switch|p1a: Heatran|Heatran, F|75\/100|[from]move: U-turn\n|\n|-heal|p1a: Heatran|81\/100|[from] Grassy Terrain\n|-heal|p1a: Heatran|87\/100|[from] item: Leftovers\n|-damage|p2a: Dragonite|70\/100 brn|[from] brn\n|upkeep\n|turn|34\n|\n|t:|1655504916\n|move|p2a: Dragonite|Roost|p2a: Dragonite\n|-heal|p2a: Dragonite|100\/100 brn\n|-singleturn|p2a: Dragonite|move: Roost\n|move|p1a: Heatran|Magma Storm|p2a: Dragonite\n|-resisted|p2a: Dragonite\n|-damage|p2a: Dragonite|90\/100 brn\n|-activate|p2a: Dragonite|move: Magma Storm|[of] p1a: Heatran\n|\n|-heal|p2a: Dragonite|96\/100 brn|[from] Grassy Terrain\n|-heal|p1a: Heatran|93\/100|[from] Grassy Terrain\n|-heal|p1a: Heatran|99\/100|[from] item: Leftovers\n|-damage|p2a: Dragonite|90\/100 brn|[from] brn\n|-damage|p2a: Dragonite|78\/100 brn|[from] move: Magma Storm|[partiallytrapped]\n|upkeep\n|turn|35\n|j| Jelifich\n|l| 60metapod\n|\n|t:|1655504937\n|switch|p1a: Zapdos|Zapdos|100\/100\n|move|p2a: Dragonite|Earthquake|p1a: Zapdos\n|-immune|p1a: Zapdos\n|\n|-damage|p2a: Dragonite|72\/100 brn|[from] brn\n|-end|p2a: Dragonite|Magma Storm|[partiallytrapped]|[silent]\n|upkeep\n|turn|36\n|\n|t:|1655504946\n|switch|p2a: Tapu Lele|Tapu Lele|32\/100\n|-fieldstart|move: Psychic Terrain|[from] ability: Psychic Surge|[of] p2a: Tapu Lele\n|move|p1a: Zapdos|Defog|p2a: Tapu Lele\n|-unboost|p2a: Tapu Lele|evasion|1\n|-fieldend|move: Psychic Terrain\n|\n|upkeep\n|turn|37\n|\n|t:|1655504955\n|move|p2a: Tapu Lele|Moonblast|p1a: Zapdos\n|-damage|p1a: Zapdos|64\/100\n|move|p1a: Zapdos|Volt Switch|p2a: Tapu Lele\n|-damage|p2a: Tapu Lele|1\/100\n|\n|t:|1655504961\n|switch|p1a: Rillaboom|Rillaboom, M|88\/100|[from]move: Volt Switch\n|-fieldstart|move: Grassy Terrain|[from] ability: Grassy Surge|[of] p1a: Rillaboom\n|\n|-heal|p2a: Tapu Lele|7\/100|[from] Grassy Terrain\n|-heal|p1a: Rillaboom|94\/100|[from] Grassy Terrain\n|upkeep\n|turn|38\n|\n|t:|1655504971\n|move|p2a: Tapu Lele|Moonblast|p1a: Rillaboom\n|-damage|p1a: Rillaboom|47\/100\n|move|p1a: Rillaboom|U-turn|p2a: Tapu Lele\n|-damage|p2a: Tapu Lele|0 fnt\n|faint|p2a: Tapu Lele\n|\n|t:|1655504977\n|switch|p1a: Heatran|Heatran, F|99\/100|[from]move: U-turn\n|\n|-heal|p1a: Heatran|100\/100|[from] Grassy Terrain\n|upkeep\n|\n|t:|1655504994\n|switch|p2a: Dragonite|Dragonite, M|72\/100 brn\n|turn|39\n|\n|t:|1655504998\n|move|p2a: Dragonite|Earthquake|p1a: Heatran\n|-supereffective|p1a: Heatran\n|-damage|p1a: Heatran|79\/100\n|move|p1a: Heatran|Magma Storm|p2a: Dragonite\n|-resisted|p2a: Dragonite\n|-damage|p2a: Dragonite|53\/100 brn\n|-activate|p2a: Dragonite|move: Magma Storm|[of] p1a: Heatran\n|\n|-heal|p1a: Heatran|85\/100|[from] Grassy Terrain\n|-heal|p1a: Heatran|92\/100|[from] item: Leftovers\n|-damage|p2a: Dragonite|47\/100 brn|[from] brn\n|-damage|p2a: Dragonite|35\/100 brn|[from] move: Magma Storm|[partiallytrapped]\n|upkeep\n|turn|40\n|inactive|dracaufeu shiny has 120 seconds left.\n|inactive|dracaufeu shiny has 90 seconds left.\n|inactive|dracaufeu shiny has 60 seconds left.\n|inactive|dracaufeu shiny has 30 seconds left.\n|inactive|dracaufeu shiny has 20 seconds left.\n|inactive|dracaufeu shiny has 15 seconds left.\n|inactive|dracaufeu shiny has 10 seconds left.\n|c|\u2606Geo13000|why do they do that\n|inactive|dracaufeu shiny has 5 seconds left.\n|-message|dracaufeu shiny lost due to inactivity.\n|\n|win|Geo13000\n|raw|Geo13000's rating: 1530 &rarr; <strong>1549<\/strong><br \/>(+19 for winning)\n|raw|dracaufeu shiny's rating: 1511 &rarr; <strong>1492<\/strong><br \/>(-19 for losing)\n||Ladder isn't responding, score probably updated but might not have (Request timeout).\n","uploadtime":1655505164,"views":16,"p1id":"geo13000","p2id":"dracaufeushiny","formatid":"gen8ou","rating":1492,"private":0,"password":null}