{"id":"gen8bdspou-1476719825","p1":"DBlaiddyd","p2":"Colonel Rivai","format":"gen8bdspou","log":"|j|\u2606DBlaiddyd\n|j|\u2606Colonel Rivai\n|t:|1639991164\n|gametype|singles\n|player|p1|DBlaiddyd|101|1312\n|player|p2|Colonel Rivai|2|1433\n|teamsize|p1|6\n|teamsize|p2|6\n|gen|8\n|tier|[Gen 8 BDSP] OU\n|rated|\n|rule|Sleep Clause Mod: Limit one foe put to sleep\n|rule|Species Clause: Limit one of each Pok\u00e9mon\n|rule|OHKO Clause: OHKO moves are banned\n|rule|Evasion Moves Clause: Evasion moves are banned\n|rule|Endless Battle Clause: Forcing endless battles is banned\n|rule|HP Percentage Mod: HP is shown in percentages\n|clearpoke\n|poke|p1|Heatran, F|\n|poke|p1|Rotom-Wash|\n|poke|p1|Scizor, M|\n|poke|p1|Blastoise, F|\n|poke|p1|Manaphy|\n|poke|p1|Breloom, M|\n|poke|p2|Medicham, F|\n|poke|p2|Empoleon, M|\n|poke|p2|Donphan, F|\n|poke|p2|Gengar, F|\n|poke|p2|Infernape, F|\n|poke|p2|Dragonite, M|\n|teampreview\n|inactive|Battle timer is ON: inactive players will automatically lose when time's up. (requested by Colonel Rivai)\n|\n|t:|1639991174\n|start\n|switch|p1a: Breloom|Breloom, M|100\/100\n|switch|p2a: Infernape|Infernape, F|100\/100\n|turn|1\n|\n|t:|1639991181\n|move|p1a: Breloom|Spore|p2a: Infernape\n|-status|p2a: Infernape|slp|[from] move: Spore\n|cant|p2a: Infernape|slp\n|\n|upkeep\n|turn|2\n|\n|t:|1639991188\n|switch|p1a: Manaphy|Manaphy|100\/100\n|cant|p2a: Infernape|slp\n|\n|upkeep\n|turn|3\n|\n|t:|1639991194\n|cant|p2a: Infernape|slp\n|move|p1a: Manaphy|Tail Glow|p1a: Manaphy\n|-boost|p1a: Manaphy|spa|3\n|\n|upkeep\n|turn|4\n|\n|t:|1639991200\n|-curestatus|p2a: Infernape|slp|[msg]\n|move|p2a: Infernape|U-turn|p1a: Manaphy\n|-damage|p1a: Manaphy|72\/100\n|\n|t:|1639991202\n|switch|p2a: Empoleon|Empoleon, M|100\/100|[from]move: U-turn\n|move|p1a: Manaphy|Surf|p2a: Empoleon\n|-resisted|p2a: Empoleon\n|-damage|p2a: Empoleon|64\/100\n|\n|-heal|p1a: Manaphy|78\/100|[from] item: Leftovers\n|-heal|p2a: Empoleon|71\/100|[from] item: Leftovers\n|upkeep\n|turn|5\n|\n|t:|1639991213\n|move|p1a: Manaphy|Energy Ball|p2a: Empoleon\n|-damage|p2a: Empoleon|28\/100\n|-unboost|p2a: Empoleon|spd|1\n|move|p2a: Empoleon|Roar|p1a: Manaphy\n|drag|p1a: Blastoise|Blastoise, F|100\/100\n|\n|-heal|p2a: Empoleon|34\/100|[from] item: Leftovers\n|upkeep\n|turn|6\n|\n|t:|1639991224\n|move|p1a: Blastoise|Aura Sphere|p2a: Empoleon\n|-supereffective|p2a: Empoleon\n|-damage|p2a: Empoleon|0 fnt\n|faint|p2a: Empoleon\n|\n|upkeep\n|\n|t:|1639991228\n|switch|p2a: Gengar|Gengar, F|100\/100\n|turn|7\n|\n|t:|1639991242\n|move|p2a: Gengar|Shadow Ball|p1a: Blastoise\n|-damage|p1a: Blastoise|35\/100\n|move|p1a: Blastoise|Surf|p2a: Gengar\n|-damage|p2a: Gengar|40\/100\n|\n|upkeep\n|turn|8\n|\n|t:|1639991250\n|move|p2a: Gengar|Shadow Ball|p1a: Blastoise\n|-damage|p1a: Blastoise|0 fnt\n|faint|p1a: Blastoise\n|\n|upkeep\n|\n|t:|1639991255\n|switch|p1a: Scizor|Scizor, M|100\/100\n|turn|9\n|\n|t:|1639991258\n|switch|p2a: Infernape|Infernape, F|100\/100\n|move|p1a: Scizor|Swords Dance|p1a: Scizor\n|-boost|p1a: Scizor|atk|2\n|\n|upkeep\n|turn|10\n|\n|t:|1639991269\n|move|p1a: Scizor|Bullet Punch|p2a: Infernape\n|-resisted|p2a: Infernape\n|-damage|p2a: Infernape|41\/100\n|-damage|p1a: Scizor|91\/100|[from] item: Life Orb\n|move|p2a: Infernape|Flare Blitz|p1a: Scizor\n|-supereffective|p1a: Scizor\n|-damage|p1a: Scizor|0 fnt\n|faint|p1a: Scizor\n|-damage|p2a: Infernape|10\/100|[from] Recoil\n|\n|upkeep\n|\n|t:|1639991281\n|switch|p1a: Breloom|Breloom, M|100\/100\n|turn|11\n|\n|t:|1639991294\n|switch|p2a: Dragonite|Dragonite, M|100\/100\n|move|p1a: Breloom|Rock Tomb|p2a: Dragonite\n|-supereffective|p2a: Dragonite\n|-damage|p2a: Dragonite|66\/100\n|-unboost|p2a: Dragonite|spe|1\n|\n|upkeep\n|turn|12\n|\n|t:|1639991302\n|move|p1a: Breloom|Rock Tomb|p2a: Dragonite\n|-supereffective|p2a: Dragonite\n|-damage|p2a: Dragonite|0 fnt\n|faint|p2a: Dragonite\n|\n|upkeep\n|\n|t:|1639991305\n|switch|p2a: Donphan|Donphan, F|100\/100\n|turn|13\n|\n|t:|1639991312\n|switch|p1a: Rotom|Rotom-Wash|100\/100\n|switch|p2a: Infernape|Infernape, F|10\/100\n|\n|upkeep\n|turn|14\n|\n|t:|1639991321\n|move|p1a: Rotom|Hydro Pump|p2a: Infernape\n|-supereffective|p2a: Infernape\n|-damage|p2a: Infernape|0 fnt\n|faint|p2a: Infernape\n|\n|upkeep\n|\n|t:|1639991325\n|switch|p2a: Gengar|Gengar, F|40\/100\n|turn|15\n|l|\u2606Colonel Rivai\n|inactive|Colonel Rivai disconnected and has a minute to reconnect!\n|player|p2|\n|\n|t:|1639991330\n|move|p1a: Rotom|Hydro Pump|p2a: Gengar\n|-damage|p2a: Gengar|0 fnt\n|faint|p2a: Gengar\n|\n|upkeep\n|inactive|Colonel Rivai has 30 seconds to reconnect!\n|inactive|Colonel Rivai has 20 seconds to reconnect!\n|inactive|Colonel Rivai has 15 seconds to reconnect!\n|inactive|Colonel Rivai has 10 seconds to reconnect!\n|inactive|Colonel Rivai has 5 seconds to reconnect!\n|-message|Colonel Rivai lost due to inactivity.\n|\n|win|DBlaiddyd\n|raw|DBlaiddyd's rating: 1312 &rarr; <strong>1339<\/strong><br \/>(+27 for winning)\n|raw|Colonel Rivai's rating: 1433 &rarr; <strong>1406<\/strong><br \/>(-27 for losing)\n","uploadtime":1639991402,"views":28,"p1id":"dblaiddyd","p2id":"colonelrivai","formatid":"gen8bdspou","rating":1339,"private":0,"password":null}