{"id":"gen8bdspmonotype-1472670266","p1":"Random Skrub","p2":"Buhrito","format":"gen8bdspmonotype","log":"|j|\u2606Random Skrub\n|j|\u2606Buhrito\n|t:|1639432951\n|gametype|singles\n|player|p1|Random Skrub|falkner|1197\n|player|p2|Buhrito|birdkeeper-gen3rs|1447\n|teamsize|p1|6\n|teamsize|p2|6\n|gen|8\n|tier|[Gen 8 BDSP] Monotype\n|rated|\n|rule|Sleep Clause Mod: Limit one foe put to sleep\n|rule|Species Clause: Limit one of each Pok\u00e9mon\n|rule|OHKO Clause: OHKO moves are banned\n|rule|Evasion Moves Clause: Evasion moves are banned\n|rule|Endless Battle Clause: Forcing endless battles is banned\n|rule|HP Percentage Mod: HP is shown in percentages\n|rule|Same Type Clause: Pok\u00e9mon in a team must share a type\n|clearpoke\n|poke|p1|Scizor, M|\n|poke|p1|Heracross, F|\n|poke|p1|Shedinja|\n|poke|p1|Venomoth, F|\n|poke|p1|Armaldo, F|\n|poke|p1|Yanmega, M|\n|poke|p2|Alakazam, M|\n|poke|p2|Latias, F|\n|poke|p2|Bronzong|\n|poke|p2|Jirachi|\n|poke|p2|Metagross|\n|poke|p2|Latios, M|\n|teampreview\n|inactive|Battle timer is ON: inactive players will automatically lose when time's up. (requested by Random Skrub)\n|c|\u2606Random Skrub|gl hf\n|\n|t:|1639432969\n|start\n|switch|p1a: LowTierGod.|Shedinja|100\/100\n|switch|p2a: Jirachi|Jirachi|100\/100\n|turn|1\n|\n|t:|1639432974\n|move|p2a: Jirachi|Stealth Rock|p1a: LowTierGod.\n|-sidestart|p1: Random Skrub|move: Stealth Rock\n|move|p1a: LowTierGod.|Will-O-Wisp|p2a: Jirachi\n|-status|p2a: Jirachi|brn\n|\n|-damage|p2a: Jirachi|94\/100 brn|[from] brn\n|upkeep\n|turn|2\n|\n|t:|1639432978\n|move|p2a: Jirachi|Thunder Wave|p1a: LowTierGod.\n|-status|p1a: LowTierGod.|par\n|move|p1a: LowTierGod.|Phantom Force||[still]\n|-prepare|p1a: LowTierGod.|Phantom Force\n|\n|-heal|p2a: Jirachi|100\/100 brn|[from] item: Leftovers\n|-damage|p2a: Jirachi|94\/100 brn|[from] brn\n|upkeep\n|turn|3\n|\n|t:|1639433001\n|switch|p2a: Bronzong|Bronzong|100\/100\n|cant|p1a: LowTierGod.|par\n|\n|upkeep\n|turn|4\n|\n|t:|1639433006\n|move|p2a: Bronzong|Iron Defense|p2a: Bronzong\n|-boost|p2a: Bronzong|def|2\n|move|p1a: LowTierGod.|Will-O-Wisp|p2a: Bronzong\n|-status|p2a: Bronzong|brn\n|\n|-damage|p2a: Bronzong|94\/100 brn|[from] brn\n|upkeep\n|turn|5\n|\n|t:|1639433011\n|move|p2a: Bronzong|Shadow Ball|p1a: LowTierGod.\n|-supereffective|p1a: LowTierGod.\n|-enditem|p1a: LowTierGod.|Focus Sash\n|-damage|p1a: LowTierGod.|100\/100 par\n|-unboost|p1a: LowTierGod.|spd|1\n|move|p1a: LowTierGod.|Phantom Force||[still]\n|-prepare|p1a: LowTierGod.|Phantom Force\n|\n|-heal|p2a: Bronzong|100\/100 brn|[from] item: Leftovers\n|-damage|p2a: Bronzong|94\/100 brn|[from] brn\n|upkeep\n|turn|6\n|\n|t:|1639433018\n|move|p2a: Bronzong|Iron Defense|p2a: Bronzong\n|-boost|p2a: Bronzong|def|2\n|move|p1a: LowTierGod.|Phantom Force|p2a: Bronzong|[from]lockedmove\n|-supereffective|p2a: Bronzong\n|-damage|p2a: Bronzong|71\/100 brn\n|\n|-heal|p2a: Bronzong|77\/100 brn|[from] item: Leftovers\n|-damage|p2a: Bronzong|71\/100 brn|[from] brn\n|upkeep\n|turn|7\n|\n|t:|1639433027\n|switch|p1a: Anomalocaris|Armaldo, F|100\/100\n|-damage|p1a: Anomalocaris|76\/100|[from] Stealth Rock\n|move|p2a: Bronzong|Calm Mind|p2a: Bronzong\n|-boost|p2a: Bronzong|spa|1\n|-boost|p2a: Bronzong|spd|1\n|\n|-heal|p1a: Anomalocaris|82\/100|[from] item: Leftovers\n|-heal|p2a: Bronzong|77\/100 brn|[from] item: Leftovers\n|-damage|p2a: Bronzong|71\/100 brn|[from] brn\n|upkeep\n|turn|8\n|\n|t:|1639433032\n|move|p1a: Anomalocaris|Rapid Spin|p2a: Bronzong\n|-resisted|p2a: Bronzong\n|-crit|p2a: Bronzong\n|-damage|p2a: Bronzong|61\/100 brn\n|-boost|p1a: Anomalocaris|spe|1\n|-sideend|p1: Random Skrub|Stealth Rock|[from] move: Rapid Spin|[of] p1a: Anomalocaris\n|move|p2a: Bronzong|Calm Mind|p2a: Bronzong\n|-boost|p2a: Bronzong|spa|1\n|-boost|p2a: Bronzong|spd|1\n|\n|-heal|p1a: Anomalocaris|88\/100|[from] item: Leftovers\n|-heal|p2a: Bronzong|67\/100 brn|[from] item: Leftovers\n|-damage|p2a: Bronzong|61\/100 brn|[from] brn\n|upkeep\n|turn|9\n|\n|t:|1639433042\n|switch|p1a: We Are|Scizor, M|100\/100\n|move|p2a: Bronzong|Calm Mind|p2a: Bronzong\n|-boost|p2a: Bronzong|spa|1\n|-boost|p2a: Bronzong|spd|1\n|\n|-heal|p2a: Bronzong|67\/100 brn|[from] item: Leftovers\n|-damage|p2a: Bronzong|61\/100 brn|[from] brn\n|upkeep\n|turn|10\n|\n|t:|1639433045\n|move|p1a: We Are|Swords Dance|p1a: We Are\n|-boost|p1a: We Are|atk|2\n|move|p2a: Bronzong|Shadow Ball|p1a: We Are\n|-damage|p1a: We Are|50\/100\n|\n|-heal|p1a: We Are|57\/100|[from] item: Leftovers\n|-heal|p2a: Bronzong|67\/100 brn|[from] item: Leftovers\n|-damage|p2a: Bronzong|61\/100 brn|[from] brn\n|upkeep\n|turn|11\n|\n|t:|1639433049\n|move|p1a: We Are|Night Slash|p2a: Bronzong\n|-supereffective|p2a: Bronzong\n|-damage|p2a: Bronzong|32\/100 brn\n|move|p2a: Bronzong|Calm Mind|p2a: Bronzong\n|-boost|p2a: Bronzong|spa|1\n|-boost|p2a: Bronzong|spd|1\n|\n|-heal|p1a: We Are|63\/100|[from] item: Leftovers\n|-heal|p2a: Bronzong|38\/100 brn|[from] item: Leftovers\n|-damage|p2a: Bronzong|32\/100 brn|[from] brn\n|upkeep\n|turn|12\n|\n|t:|1639433056\n|move|p1a: We Are|Night Slash|p2a: Bronzong\n|-supereffective|p2a: Bronzong\n|-crit|p2a: Bronzong\n|-damage|p2a: Bronzong|0 fnt\n|faint|p2a: Bronzong\n|\n|-heal|p1a: We Are|69\/100|[from] item: Leftovers\n|upkeep\n|\n|t:|1639433059\n|switch|p2a: Metagross|Metagross|100\/100\n|turn|13\n|\n|t:|1639433063\n|move|p2a: Metagross|Earthquake|p1a: We Are\n|-damage|p1a: We Are|0 fnt\n|faint|p1a: We Are\n|\n|upkeep\n|\n|t:|1639433066\n|switch|p1a: LowTierGod.|Shedinja|100\/100 par\n|turn|14\n|\n|t:|1639433075\n|switch|p2a: Jirachi|Jirachi|94\/100 brn\n|move|p1a: LowTierGod.|Will-O-Wisp|p2a: Jirachi\n|-fail|p2a: Jirachi|brn\n|\n|-heal|p2a: Jirachi|100\/100 brn|[from] item: Leftovers\n|-damage|p2a: Jirachi|94\/100 brn|[from] brn\n|upkeep\n|turn|15\n|\n|t:|1639433078\n|move|p2a: Jirachi|Stealth Rock|p1a: LowTierGod.\n|-sidestart|p1: Random Skrub|move: Stealth Rock\n|move|p1a: LowTierGod.|Phantom Force||[still]\n|-prepare|p1a: LowTierGod.|Phantom Force\n|\n|-heal|p2a: Jirachi|100\/100 brn|[from] item: Leftovers\n|-damage|p2a: Jirachi|94\/100 brn|[from] brn\n|upkeep\n|turn|16\n|\n|t:|1639433083\n|move|p2a: Jirachi|Zen Headbutt|p1a: LowTierGod.|[miss]\n|-miss|p2a: Jirachi|p1a: LowTierGod.\n|move|p1a: LowTierGod.|Phantom Force|p2a: Jirachi|[from]lockedmove\n|-supereffective|p2a: Jirachi\n|-damage|p2a: Jirachi|30\/100 brn\n|\n|-heal|p2a: Jirachi|37\/100 brn|[from] item: Leftovers\n|-damage|p2a: Jirachi|30\/100 brn|[from] brn\n|upkeep\n|turn|17\n|\n|t:|1639433085\n|switch|p2a: Alakazam|Alakazam, M|100\/100\n|move|p1a: LowTierGod.|Shadow Sneak|p2a: Alakazam\n|-supereffective|p2a: Alakazam\n|-damage|p2a: Alakazam|5\/100\n|\n|upkeep\n|turn|18\n|\n|t:|1639433089\n|move|p1a: LowTierGod.|Shadow Sneak|p2a: Alakazam\n|-supereffective|p2a: Alakazam\n|-damage|p2a: Alakazam|0 fnt\n|faint|p2a: Alakazam\n|\n|upkeep\n|-message|Buhrito forfeited.\n|\n|win|Random Skrub\n|raw|Random Skrub's rating: 1197 &rarr; <strong>1238<\/strong><br \/>(+41 for winning)\n|raw|Buhrito's rating: 1469 &rarr; <strong>1436<\/strong><br \/>(-33 for losing)\n|l|\u2606Buhrito\n||Ladder isn't responding, score probably updated but might not have (Request timeout).\n","uploadtime":1639433119,"views":155,"p1id":"randomskrub","p2id":"buhrito","formatid":"gen8bdspmonotype","rating":1238,"private":0,"password":null}