{"id":"gen8nationaldex-1314444051","p1":"DiameterXtreme","p2":"NXMAG Hoakataria","format":"gen8nationaldex","log":"|html|<div class=\"broadcast-blue\"><strong>[Gen 8] National Dex is currently suspecting Magearna! For information on how to participate check out the <a href=\"https:\/\/www.smogon.com\/forums\/threads\/national-dex-suspect-test-11-robot-rock.3681382\/\">suspect thread<\/a>.<\/strong><\/div>\n|j|\u2606DiameterXtreme\n|j|\u2606NXMAG Hoakataria\n|t:|1617463415\n|gametype|singles\n|player|p1|DiameterXtreme|jasmine-gen2|1438\n|player|p2|NXMAG Hoakataria|youngster-gen1|1461\n|teamsize|p1|6\n|teamsize|p2|6\n|gen|8\n|tier|[Gen 8] National Dex\n|rated|\n|clearpoke\n|poke|p1|Sableye, M|\n|poke|p1|Kyurem|\n|poke|p1|Corviknight, F|\n|poke|p1|Gastrodon-East, F|\n|poke|p1|Chansey, F|\n|poke|p1|Clefable, M|\n|poke|p2|Tangrowth, F|\n|poke|p2|Tyranitar, M|\n|poke|p2|Tapu Fini|\n|poke|p2|Charizard, M|\n|poke|p2|Corviknight, M|\n|poke|p2|Excadrill, M|\n|rule|HP Percentage Mod: HP is shown in percentages\n|rule|Endless Battle Clause: Forcing endless battles is banned\n|rule|OHKO Clause: OHKO moves are banned\n|rule|Evasion Moves Clause: Evasion moves are banned\n|rule|Species Clause: Limit one of each Pok\u00e9mon\n|rule|Dynamax Clause: You cannot dynamax\n|rule|Sleep Clause Mod: Limit one foe put to sleep\n|teampreview\n|\n|t:|1617463431\n|start\n|switch|p1a: Leo|Kyurem|100\/100\n|switch|p2a: Tapu Fini|Tapu Fini|100\/100\n|-ability|p1a: Leo|Pressure\n|-fieldstart|move: Misty Terrain|[from] ability: Misty Surge|[of] p2a: Tapu Fini\n|turn|1\n|j| rng loser\n|\n|t:|1617463445\n|switch|p1a: Chansey|Chansey, F|100\/100\n|move|p2a: Tapu Fini|Moonblast|p1a: Chansey\n|-damage|p1a: Chansey|91\/100\n|\n|upkeep\n|turn|2\n|\n|t:|1617463451\n|move|p2a: Tapu Fini|Knock Off|p1a: Chansey\n|-damage|p1a: Chansey|81\/100\n|-enditem|p1a: Chansey|Eviolite|[from] move: Knock Off|[of] p2a: Tapu Fini\n|move|p1a: Chansey|Stealth Rock|p2a: Tapu Fini\n|-sidestart|p2: NXMAG Hoakataria|move: Stealth Rock\n|\n|upkeep\n|turn|3\n|\n|t:|1617463455\n|move|p2a: Tapu Fini|Defog|p1a: Chansey\n|-unboost|p1a: Chansey|evasion|1\n|-sideend|p2: NXMAG Hoakataria|Stealth Rock|[from] move: Defog|[of] p2a: Tapu Fini\n|-fieldend|Misty Terrain\n|move|p1a: Chansey|Soft-Boiled|p1a: Chansey\n|-heal|p1a: Chansey|100\/100\n|\n|upkeep\n|turn|4\n|\n|t:|1617463459\n|switch|p2a: Corviknight|Corviknight, M|100\/100\n|-ability|p2a: Corviknight|Pressure\n|move|p1a: Chansey|Stealth Rock|p2a: Corviknight\n|-sidestart|p2: NXMAG Hoakataria|move: Stealth Rock\n|\n|upkeep\n|turn|5\n|\n|t:|1617463464\n|move|p2a: Corviknight|Defog|p1a: Chansey\n|-unboost|p1a: Chansey|evasion|1\n|-sideend|p2: NXMAG Hoakataria|Stealth Rock|[from] move: Defog|[of] p2a: Corviknight\n|move|p1a: Chansey|Seismic Toss|p2a: Corviknight\n|-damage|p2a: Corviknight|75\/100\n|-damage|p1a: Chansey|84\/100|[from] item: Rocky Helmet|[of] p2a: Corviknight\n|\n|upkeep\n|turn|6\n|\n|t:|1617463469\n|move|p2a: Corviknight|Roost|p2a: Corviknight\n|-heal|p2a: Corviknight|100\/100\n|-singleturn|p2a: Corviknight|move: Roost\n|move|p1a: Chansey|Stealth Rock|p2a: Corviknight\n|-sidestart|p2: NXMAG Hoakataria|move: Stealth Rock\n|\n|upkeep\n|turn|7\n|\n|t:|1617463473\n|switch|p1a: Sableye|Sableye, M|100\/100\n|move|p2a: Corviknight|Defog|p1a: Sableye\n|-unboost|p1a: Sableye|evasion|1\n|-sideend|p2: NXMAG Hoakataria|Stealth Rock|[from] move: Defog|[of] p2a: Corviknight\n|\n|upkeep\n|turn|8\n|\n|t:|1617463477\n|switch|p2a: Charizard|Charizard, M|100\/100\n|move|p1a: Sableye|Knock Off|p2a: Charizard\n|-damage|p2a: Charizard|78\/100\n|\n|upkeep\n|turn|9\n|\n|t:|1617463492\n|detailschange|p2a: Charizard|Charizard-Mega-Y, M\n|-mega|p2a: Charizard|Charizard|Charizardite Y\n|-weather|SunnyDay|[from] ability: Drought|[of] p2a: Charizard\n|detailschange|p1a: Sableye|Sableye-Mega, M\n|-mega|p1a: Sableye|Sableye|Sablenite\n|move|p1a: Sableye|Protect|p1a: Sableye\n|-singleturn|p1a: Sableye|Protect\n|move|p2a: Charizard|Flamethrower|p1a: Sableye\n|-activate|p1a: Sableye|move: Protect\n|\n|-weather|SunnyDay|[upkeep]\n|upkeep\n|turn|10\n|\n|t:|1617463503\n|switch|p1a: Chansey|Chansey, F|84\/100\n|move|p2a: Charizard|Flamethrower|p1a: Chansey\n|-crit|p1a: Chansey\n|-damage|p1a: Chansey|28\/100\n|\n|-weather|SunnyDay|[upkeep]\n|upkeep\n|turn|11\n|c|\u2606DiameterXtreme|:)\n|\n|t:|1617463512\n|move|p2a: Charizard|Flamethrower|p1a: Chansey\n|-damage|p1a: Chansey|0 fnt\n|faint|p1a: Chansey\n|\n|-weather|SunnyDay|[upkeep]\n|upkeep\n|-message|DiameterXtreme forfeited.\n|\n|win|NXMAG Hoakataria\n|raw|DiameterXtreme's rating: 1438 &rarr; <strong>1419<\/strong><br \/>(-19 for losing)\n|raw|NXMAG Hoakataria's rating: 1461 &rarr; <strong>1480<\/strong><br \/>(+19 for winning)\n","uploadtime":1617463519,"views":35,"p1id":"diameterxtreme","p2id":"nxmaghoakataria","formatid":"gen8nationaldex","rating":1419,"private":0,"password":null}