{"id":"gen8ou-1591403881","p1":"Chokst du","p2":"cucumber22","format":"gen8ou","log":"|j|\u2606Chokst du\n|j|\u2606cucumber22\n|t:|1654636374\n|gametype|singles\n|player|p1|Chokst du|266|1883\n|player|p2|cucumber22|dancer|1805\n|teamsize|p1|6\n|teamsize|p2|6\n|gen|8\n|tier|[Gen 8] OU\n|rated|\n|rule|Sleep Clause Mod: Limit one foe put to sleep\n|rule|Species Clause: Limit one of each Pok\u00e9mon\n|rule|OHKO Clause: OHKO moves are banned\n|rule|Evasion Moves Clause: Evasion moves are banned\n|rule|Endless Battle Clause: Forcing endless battles is banned\n|rule|HP Percentage Mod: HP is shown in percentages\n|rule|Dynamax Clause: You cannot dynamax\n|clearpoke\n|poke|p1|Heatran, M|\n|poke|p1|Gastrodon, M|\n|poke|p1|Dragapult, F|\n|poke|p1|Tapu Lele|\n|poke|p1|Corviknight, F|\n|poke|p1|Gengar, M|\n|poke|p2|Pelipper, F|\n|poke|p2|Ferrothorn, F|\n|poke|p2|Urshifu-*, M|\n|poke|p2|Kingdra, F|\n|poke|p2|Garchomp, M|\n|poke|p2|Zapdos|\n|teampreview\n|j| ds des chats\n|\n|t:|1654636413\n|start\n|switch|p1a: Dragapult|Dragapult, F|100\/100\n|switch|p2a: Pelipper|Pelipper, F|100\/100\n|-weather|RainDance|[from] ability: Drizzle|[of] p2a: Pelipper\n|turn|1\n|\n|t:|1654636417\n|switch|p2a: Ferrothorn|Ferrothorn, F|100\/100\n|move|p1a: Dragapult|Draco Meteor|p2a: Ferrothorn\n|-resisted|p2a: Ferrothorn\n|-damage|p2a: Ferrothorn|73\/100\n|-unboost|p1a: Dragapult|spa|2\n|\n|-weather|RainDance|[upkeep]\n|-heal|p2a: Ferrothorn|79\/100|[from] item: Leftovers\n|upkeep\n|turn|2\n|\n|t:|1654636427\n|switch|p1a: Heatran|Heatran, M|100\/100\n|move|p2a: Ferrothorn|Knock Off|p1a: Heatran\n|-damage|p1a: Heatran|84\/100\n|-status|p2a: Ferrothorn|brn|[from] ability: Flame Body|[of] p1a: Heatran\n|-enditem|p1a: Heatran|Leftovers|[from] move: Knock Off|[of] p2a: Ferrothorn\n|\n|-weather|RainDance|[upkeep]\n|-heal|p2a: Ferrothorn|85\/100 brn|[from] item: Leftovers\n|-damage|p2a: Ferrothorn|79\/100 brn|[from] brn\n|upkeep\n|turn|3\n|j| DoctaShock\n|\n|t:|1654636437\n|move|p1a: Heatran|Stealth Rock|p2a: Ferrothorn\n|-sidestart|p2: cucumber22|move: Stealth Rock\n|move|p2a: Ferrothorn|Spikes|p1a: Heatran\n|-sidestart|p1: Chokst du|Spikes\n|\n|-weather|RainDance|[upkeep]\n|-heal|p2a: Ferrothorn|85\/100 brn|[from] item: Leftovers\n|-damage|p2a: Ferrothorn|79\/100 brn|[from] brn\n|upkeep\n|turn|4\n|\n|t:|1654636446\n|switch|p2a: Garchomp|Garchomp, M, shiny|100\/100\n|-damage|p2a: Garchomp|94\/100|[from] Stealth Rock\n|move|p1a: Heatran|Magma Storm|p2a: Garchomp|[miss]\n|-miss|p1a: Heatran|p2a: Garchomp\n|\n|-weather|RainDance|[upkeep]\n|-heal|p2a: Garchomp|100\/100|[from] item: Leftovers\n|upkeep\n|turn|5\n|\n|t:|1654636449\n|move|p2a: Garchomp|Swords Dance|p2a: Garchomp\n|-boost|p2a: Garchomp|atk|2\n|move|p1a: Heatran|Toxic|p2a: Garchomp\n|-status|p2a: Garchomp|tox\n|\n|-weather|RainDance|[upkeep]\n|-damage|p2a: Garchomp|94\/100 tox|[from] psn\n|upkeep\n|turn|6\n|\n|t:|1654636454\n|move|p2a: Garchomp|Aqua Tail|p1a: Heatran\n|-supereffective|p1a: Heatran\n|-damage|p1a: Heatran|0 fnt\n|faint|p1a: Heatran\n|\n|-weather|RainDance|[upkeep]\n|-heal|p2a: Garchomp|100\/100 tox|[from] item: Leftovers\n|-damage|p2a: Garchomp|88\/100 tox|[from] psn\n|upkeep\n|\n|t:|1654636458\n|switch|p1a: Dragapult|Dragapult, F|100\/100\n|-damage|p1a: Dragapult|88\/100|[from] Spikes\n|turn|7\n|\n|t:|1654636461\n|switch|p2a: Ferrothorn|Ferrothorn, F|79\/100 brn\n|-damage|p2a: Ferrothorn|73\/100 brn|[from] Stealth Rock\n|move|p1a: Dragapult|Draco Meteor|p2a: Ferrothorn\n|-resisted|p2a: Ferrothorn\n|-damage|p2a: Ferrothorn|46\/100 brn\n|-unboost|p1a: Dragapult|spa|2\n|\n|-weather|RainDance|[upkeep]\n|-heal|p2a: Ferrothorn|52\/100 brn|[from] item: Leftovers\n|-damage|p2a: Ferrothorn|46\/100 brn|[from] brn\n|upkeep\n|turn|8\n|\n|t:|1654636468\n|switch|p1a: Corviknight|Corviknight, F|100\/100\n|-ability|p1a: Corviknight|Pressure\n|move|p2a: Ferrothorn|Leech Seed|p1a: Corviknight\n|-start|p1a: Corviknight|move: Leech Seed\n|\n|-weather|none\n|-heal|p2a: Ferrothorn|52\/100 brn|[from] item: Leftovers\n|-damage|p1a: Corviknight|88\/100|[from] Leech Seed|[of] p2a: Ferrothorn\n|-heal|p2a: Ferrothorn|66\/100 brn|[silent]\n|-damage|p2a: Ferrothorn|60\/100 brn|[from] brn\n|upkeep\n|turn|9\n|\n|t:|1654636470\n|move|p1a: Corviknight|U-turn|p2a: Ferrothorn\n|-damage|p2a: Ferrothorn|49\/100 brn\n|-damage|p1a: Corviknight|75\/100|[from] ability: Iron Barbs|[of] p2a: Ferrothorn\n|\n|t:|1654636475\n|switch|p1a: Tapu Lele|Tapu Lele|100\/100|[from]move: U-turn\n|-damage|p1a: Tapu Lele|88\/100|[from] Spikes\n|-fieldstart|move: Psychic Terrain|[from] ability: Psychic Surge|[of] p1a: Tapu Lele\n|move|p2a: Ferrothorn|Spikes|p1a: Tapu Lele\n|-sidestart|p1: Chokst du|Spikes\n|\n|-heal|p2a: Ferrothorn|55\/100 brn|[from] item: Leftovers\n|-damage|p2a: Ferrothorn|49\/100 brn|[from] brn\n|upkeep\n|turn|10\n|\n|t:|1654636492\n|switch|p2a: Garchomp|Garchomp, M, shiny|88\/100 tox\n|-damage|p2a: Garchomp|82\/100 tox|[from] Stealth Rock\n|move|p1a: Tapu Lele|Psychic|p2a: Garchomp\n|-damage|p2a: Garchomp|0 fnt\n|faint|p2a: Garchomp\n|\n|upkeep\n|\n|t:|1654636501\n|switch|p2a: Ferrothorn|Ferrothorn, F|49\/100 brn\n|-damage|p2a: Ferrothorn|43\/100 brn|[from] Stealth Rock\n|turn|11\n|\n|t:|1654636505\n|move|p1a: Tapu Lele|Psychic|p2a: Ferrothorn\n|-resisted|p2a: Ferrothorn\n|-damage|p2a: Ferrothorn|9\/100 brn\n|move|p2a: Ferrothorn|Gyro Ball|p1a: Tapu Lele\n|-supereffective|p1a: Tapu Lele\n|-damage|p1a: Tapu Lele|12\/100\n|\n|-heal|p2a: Ferrothorn|15\/100 brn|[from] item: Leftovers\n|-damage|p2a: Ferrothorn|9\/100 brn|[from] brn\n|upkeep\n|turn|12\n|\n|t:|1654636509\n|move|p1a: Tapu Lele|Psychic|p2a: Ferrothorn\n|-resisted|p2a: Ferrothorn\n|-damage|p2a: Ferrothorn|0 fnt\n|faint|p2a: Ferrothorn\n|\n|upkeep\n|\n|t:|1654636512\n|switch|p2a: Urshifu|Urshifu-Rapid-Strike, M|100\/100\n|-damage|p2a: Urshifu|94\/100|[from] Stealth Rock\n|turn|13\n|\n|t:|1654636519\n|switch|p1a: Corviknight|Corviknight, F|75\/100\n|-ability|p1a: Corviknight|Pressure\n|move|p2a: Urshifu|Ice Punch|p1a: Corviknight\n|-damage|p1a: Corviknight|58\/100\n|-damage|p2a: Urshifu|78\/100|[from] item: Rocky Helmet|[of] p1a: Corviknight\n|\n|-fieldend|move: Psychic Terrain\n|upkeep\n|turn|14\n|\n|t:|1654636526\n|switch|p2a: Pelipper|Pelipper, F|100\/100\n|-damage|p2a: Pelipper|76\/100|[from] Stealth Rock\n|-weather|RainDance|[from] ability: Drizzle|[of] p2a: Pelipper\n|move|p1a: Corviknight|Roost|p1a: Corviknight\n|-heal|p1a: Corviknight|100\/100\n|-singleturn|p1a: Corviknight|move: Roost\n|\n|-weather|RainDance|[upkeep]\n|upkeep\n|turn|15\n|\n|t:|1654636530\n|move|p2a: Pelipper|U-turn|p1a: Corviknight\n|-resisted|p1a: Corviknight\n|-damage|p1a: Corviknight|99\/100\n|-damage|p2a: Pelipper|59\/100|[from] item: Rocky Helmet|[of] p1a: Corviknight\n|\n|t:|1654636536\n|switch|p2a: Kingdra|Kingdra, F|100\/100|[from]move: U-turn\n|-damage|p2a: Kingdra|88\/100|[from] Stealth Rock\n|move|p1a: Corviknight|U-turn|p2a: Kingdra\n|-damage|p2a: Kingdra|71\/100\n|\n|t:|1654636540\n|switch|p1a: Gastrodon|Gastrodon, M|100\/100|[from]move: U-turn\n|\n|-weather|RainDance|[upkeep]\n|upkeep\n|turn|16\n|\n|t:|1654636560\n|move|p2a: Kingdra|Draco Meteor|p1a: Gastrodon\n|-damage|p1a: Gastrodon|40\/100\n|-unboost|p2a: Kingdra|spa|2\n|move|p1a: Gastrodon|Toxic|p2a: Kingdra\n|-status|p2a: Kingdra|tox\n|\n|-weather|RainDance|[upkeep]\n|-damage|p2a: Kingdra|65\/100 tox|[from] psn\n|upkeep\n|turn|17\n|\n|t:|1654636564\n|switch|p2a: Zapdos|Zapdos, shiny|100\/100\n|move|p1a: Gastrodon|Recover|p1a: Gastrodon\n|-heal|p1a: Gastrodon|90\/100\n|\n|-weather|RainDance|[upkeep]\n|upkeep\n|turn|18\n|\n|t:|1654636566\n|move|p2a: Zapdos|Hurricane|p1a: Gastrodon\n|-damage|p1a: Gastrodon|51\/100\n|-start|p1a: Gastrodon|confusion\n|-activate|p1a: Gastrodon|confusion\n|move|p1a: Gastrodon|Recover|p1a: Gastrodon\n|-heal|p1a: Gastrodon|100\/100\n|\n|-weather|RainDance|[upkeep]\n|upkeep\n|turn|19\n|\n|t:|1654636572\n|switch|p1a: Tapu Lele|Tapu Lele|12\/100\n|-damage|p1a: Tapu Lele|0 fnt|[from] Spikes\n|faint|p1a: Tapu Lele\n|move|p2a: Zapdos|Hurricane|p1: Tapu Lele|[notarget]\n|-fail|p2a: Zapdos\n|\n|-weather|RainDance|[upkeep]\n|upkeep\n|\n|t:|1654636574\n|switch|p1a: Dragapult|Dragapult, F|88\/100\n|-damage|p1a: Dragapult|72\/100|[from] Spikes\n|turn|20\n|\n|t:|1654636584\n|move|p1a: Dragapult|Draco Meteor|p2a: Zapdos\n|-damage|p2a: Zapdos|3\/100\n|-unboost|p1a: Dragapult|spa|2\n|move|p2a: Zapdos|Hurricane|p1a: Dragapult\n|-damage|p1a: Dragapult|0 fnt\n|faint|p1a: Dragapult\n|\n|-weather|RainDance|[upkeep]\n|upkeep\n|\n|t:|1654636587\n|switch|p1a: Gengar|Gengar, M|100\/100\n|-damage|p1a: Gengar|84\/100|[from] Spikes\n|turn|21\n|\n|t:|1654636611\n|move|p1a: Gengar|Sludge Wave|p2a: Zapdos\n|-damage|p2a: Zapdos|0 fnt\n|faint|p2a: Zapdos\n|\n|-weather|none\n|upkeep\n|\n|t:|1654636614\n|switch|p2a: Pelipper|Pelipper, F|59\/100\n|-damage|p2a: Pelipper|35\/100|[from] Stealth Rock\n|-weather|RainDance|[from] ability: Drizzle|[of] p2a: Pelipper\n|turn|22\n|\n|t:|1654636627\n|move|p1a: Gengar|Sludge Wave|p2a: Pelipper\n|-damage|p2a: Pelipper|0 fnt\n|faint|p2a: Pelipper\n|\n|-weather|RainDance|[upkeep]\n|upkeep\n|\n|t:|1654636628\n|switch|p2a: Kingdra|Kingdra, F|65\/100 tox\n|-damage|p2a: Kingdra|52\/100 tox|[from] Stealth Rock\n|turn|23\n|\n|t:|1654636636\n|move|p2a: Kingdra|Hydro Pump|p1a: Gengar\n|-damage|p1a: Gengar|0 fnt\n|faint|p1a: Gengar\n|\n|-weather|RainDance|[upkeep]\n|-damage|p2a: Kingdra|46\/100 tox|[from] psn\n|upkeep\n|\n|t:|1654636640\n|switch|p1a: Gastrodon|Gastrodon, M|100\/100\n|turn|24\n|\n|t:|1654636644\n|switch|p2a: Urshifu|Urshifu-Rapid-Strike, M|78\/100\n|-damage|p2a: Urshifu|72\/100|[from] Stealth Rock\n|move|p1a: Gastrodon|Earthquake|p2a: Urshifu\n|-damage|p2a: Urshifu|43\/100\n|\n|-weather|RainDance|[upkeep]\n|upkeep\n|turn|25\n|\n|t:|1654636653\n|switch|p2a: Kingdra|Kingdra, F|46\/100 tox\n|-damage|p2a: Kingdra|34\/100 tox|[from] Stealth Rock\n|switch|p1a: Corviknight|Corviknight, F|99\/100\n|-ability|p1a: Corviknight|Pressure\n|\n|-weather|RainDance|[upkeep]\n|-damage|p2a: Kingdra|28\/100 tox|[from] psn\n|upkeep\n|turn|26\n|\n|t:|1654636659\n|switch|p1a: Gastrodon|Gastrodon, M|100\/100\n|move|p2a: Kingdra|Hydro Pump|p1a: Gastrodon\n|-damage|p1a: Gastrodon|24\/100\n|\n|-weather|RainDance|[upkeep]\n|-damage|p2a: Kingdra|15\/100 tox|[from] psn\n|upkeep\n|turn|27\n|j| MrMcFrontDoor\n|\n|t:|1654636669\n|move|p2a: Kingdra|Hydro Pump|p1a: Gastrodon\n|-damage|p1a: Gastrodon|0 fnt\n|faint|p1a: Gastrodon\n|\n|-weather|RainDance|[upkeep]\n|-damage|p2a: Kingdra|0 fnt|[from] psn\n|faint|p2a: Kingdra\n|upkeep\n|-message|cucumber22 forfeited.\n|\n|win|Chokst du\n|raw|Chokst du's rating: 1883 &rarr; <strong>1899<\/strong><br \/>(+16 for winning)\n|raw|cucumber22's rating: 1805 &rarr; <strong>1789<\/strong><br \/>(-16 for losing)\n|l|\u2606cucumber22\n||Ladder isn't responding, score probably updated but might not have (Request timeout).\n|player|p1|Chokst du|266\n","uploadtime":1654636771,"views":33,"p1id":"chokstdu","p2id":"cucumber22","formatid":"gen8ou","rating":1789,"private":0,"password":null}