{"id":"gen8ou-1561507847","p1":"yung_iznamakin","p2":"Chinchou01","format":"gen8ou","log":"|j|\u2606yung_iznamakin\n|j|\u2606Chinchou01\n|t:|1650949402\n|gametype|singles\n|player|p1|yung_iznamakin|kukui-stand|1571\n|player|p2|Chinchou01|dahlia|1594\n|teamsize|p1|6\n|teamsize|p2|6\n|gen|8\n|tier|[Gen 8] OU\n|rated|\n|rule|Sleep Clause Mod: Limit one foe put to sleep\n|rule|Species Clause: Limit one of each Pok\u00e9mon\n|rule|OHKO Clause: OHKO moves are banned\n|rule|Evasion Moves Clause: Evasion moves are banned\n|rule|Endless Battle Clause: Forcing endless battles is banned\n|rule|HP Percentage Mod: HP is shown in percentages\n|rule|Dynamax Clause: You cannot dynamax\n|clearpoke\n|poke|p1|Hatterene, F|\n|poke|p1|Melmetal|\n|poke|p1|Marowak-Alola, M|\n|poke|p1|Crawdaunt, M|\n|poke|p1|Porygon2|\n|poke|p1|Cresselia, F|\n|poke|p2|Garchomp, M|\n|poke|p2|Slowking, F|\n|poke|p2|Buzzwole|\n|poke|p2|Tyranitar, F|\n|poke|p2|Zapdos|\n|poke|p2|Kartana|\n|teampreview\n|inactive|Battle timer is ON: inactive players will automatically lose when time's up. (requested by Chinchou01)\n|inactive|yung_iznamakin has 120 seconds left.\n|inactive|Chinchou01 has 120 seconds left.\n|\n|t:|1650949471\n|start\n|switch|p1a: Hatterene|Hatterene, F|100\/100\n|switch|p2a: Kartana|Kartana|100\/100\n|turn|1\n|inactive|Chinchou01 has 120 seconds left.\n|\n|t:|1650949502\n|move|p2a: Kartana|Smart Strike|p1a: Hatterene\n|-supereffective|p1a: Hatterene\n|-enditem|p1a: Hatterene|Focus Sash\n|-damage|p1a: Hatterene|1\/100\n|move|p1a: Hatterene|Mystical Fire|p2a: Kartana\n|-supereffective|p2a: Kartana\n|-damage|p2a: Kartana|0 fnt\n|faint|p2a: Kartana\n|\n|upkeep\n|inactive|Chinchou01 has 120 seconds left.\n|\n|t:|1650949508\n|switch|p2a: Zapdos|Zapdos|100\/100\n|turn|2\n|\n|t:|1650949513\n|move|p2a: Zapdos|Volt Switch|p1a: Hatterene\n|-damage|p1a: Hatterene|0 fnt\n|faint|p1a: Hatterene\n|\n|t:|1650949527\n|switch|p2a: Garchomp|Garchomp, M|100\/100|[from]move: Volt Switch\n|\n|upkeep\n|\n|t:|1650949531\n|switch|p1a: Porygon2|Porygon2|100\/100\n|-ability|p1a: Porygon2|Download|boost\n|-boost|p1a: Porygon2|spa|1\n|turn|3\n|inactive|Chinchou01 has 120 seconds left.\n|\n|t:|1650949557\n|switch|p2a: Slowking|Slowking, F|100\/100\n|move|p1a: Porygon2|Ice Beam|p2a: Slowking\n|-resisted|p2a: Slowking\n|-damage|p2a: Slowking|92\/100\n|\n|upkeep\n|turn|4\n|inactive|Chinchou01 has 120 seconds left.\n|\n|t:|1650949568\n|move|p2a: Slowking|Future Sight|p1a: Porygon2\n|-start|p2a: Slowking|move: Future Sight\n|move|p1a: Porygon2|Trick Room|p1a: Porygon2\n|-fieldstart|move: Trick Room|[of] p1a: Porygon2\n|\n|upkeep\n|turn|5\n|inactive|Chinchou01 has 120 seconds left.\n|\n|t:|1650949576\n|move|p2a: Slowking|Scald|p1a: Porygon2\n|-damage|p1a: Porygon2|89\/100\n|move|p1a: Porygon2|Teleport|p1a: Porygon2\n|\n|t:|1650949579\n|switch|p1a: Crawdaunt|Crawdaunt, M|100\/100|[from]move: Teleport\n|\n|upkeep\n|turn|6\n|\n|t:|1650949587\n|switch|p2a: Buzzwole|Buzzwole|100\/100\n|move|p1a: Crawdaunt|Swords Dance|p1a: Crawdaunt\n|-boost|p1a: Crawdaunt|atk|2\n|\n|-end|p1a: Crawdaunt|move: Future Sight\n|-immune|p1a: Crawdaunt\n|upkeep\n|turn|7\n|\n|t:|1650949594\n|move|p1a: Crawdaunt|Crabhammer|p2a: Buzzwole\n|-damage|p2a: Buzzwole|10\/100\n|-damage|p1a: Crawdaunt|84\/100|[from] item: Rocky Helmet|[of] p2a: Buzzwole\n|-damage|p1a: Crawdaunt|74\/100|[from] item: Life Orb\n|move|p2a: Buzzwole|Close Combat|p1a: Crawdaunt\n|-supereffective|p1a: Crawdaunt\n|-damage|p1a: Crawdaunt|0 fnt\n|-unboost|p2a: Buzzwole|def|1\n|-unboost|p2a: Buzzwole|spd|1\n|faint|p1a: Crawdaunt\n|-ability|p2a: Buzzwole|Beast Boost|boost\n|-boost|p2a: Buzzwole|def|1\n|\n|upkeep\n|\n|t:|1650949606\n|switch|p1a: Melmetal|Melmetal, shiny|100\/100\n|turn|8\n|\n|t:|1650949618\n|switch|p2a: Slowking|Slowking, F|100\/100\n|move|p1a: Melmetal|Thunder Punch|p2a: Slowking\n|-supereffective|p2a: Slowking\n|-damage|p2a: Slowking|0 fnt\n|faint|p2a: Slowking\n|-damage|p1a: Melmetal|91\/100|[from] item: Life Orb\n|\n|-fieldend|move: Trick Room\n|upkeep\n|\n|t:|1650949624\n|switch|p2a: Buzzwole|Buzzwole|10\/100\n|turn|9\n|\n|t:|1650949627\n|move|p2a: Buzzwole|Roost|p2a: Buzzwole\n|-heal|p2a: Buzzwole|60\/100\n|-singleturn|p2a: Buzzwole|move: Roost\n|move|p1a: Melmetal|Double Iron Bash|p2a: Buzzwole\n|-damage|p2a: Buzzwole|33\/100\n|-damage|p1a: Melmetal|74\/100|[from] item: Rocky Helmet|[of] p2a: Buzzwole\n|-damage|p2a: Buzzwole|7\/100\n|-damage|p1a: Melmetal|57\/100|[from] item: Rocky Helmet|[of] p2a: Buzzwole\n|-hitcount|p2a: Buzzwole|2\n|-damage|p1a: Melmetal|47\/100|[from] item: Life Orb\n|\n|upkeep\n|turn|10\n|\n|t:|1650949638\n|switch|p1a: Cresselia|Cresselia, F|100\/100\n|move|p2a: Buzzwole|Roost|p2a: Buzzwole\n|-heal|p2a: Buzzwole|57\/100\n|-singleturn|p2a: Buzzwole|move: Roost\n|\n|upkeep\n|turn|11\n|\n|t:|1650949643\n|move|p2a: Buzzwole|Leech Life|p1a: Cresselia\n|-supereffective|p1a: Cresselia\n|-damage|p1a: Cresselia|65\/100\n|-heal|p2a: Buzzwole|76\/100|[from] drain|[of] p1a: Cresselia\n|move|p1a: Cresselia|Trick Room|p1a: Cresselia\n|-fieldstart|move: Trick Room|[of] p1a: Cresselia\n|\n|-heal|p1a: Cresselia|71\/100|[from] item: Leftovers\n|upkeep\n|turn|12\n|\n|t:|1650949654\n|switch|p1a: Marowak|Marowak-Alola, M|100\/100\n|move|p2a: Buzzwole|Roost|p2a: Buzzwole\n|-heal|p2a: Buzzwole|100\/100\n|-singleturn|p2a: Buzzwole|move: Roost\n|\n|upkeep\n|turn|13\n|\n|t:|1650949666\n|switch|p2a: Tyranitar|Tyranitar, F|100\/100\n|-weather|Sandstorm|[from] ability: Sand Stream|[of] p2a: Tyranitar\n|move|p1a: Marowak|Swords Dance|p1a: Marowak\n|-boost|p1a: Marowak|atk|2\n|\n|-weather|Sandstorm|[upkeep]\n|-damage|p1a: Marowak|94\/100|[from] Sandstorm\n|upkeep\n|turn|14\n|\n|t:|1650949675\n|switch|p2a: Buzzwole|Buzzwole|100\/100\n|move|p1a: Marowak|Earthquake|p2a: Buzzwole\n|-resisted|p2a: Buzzwole\n|-damage|p2a: Buzzwole|71\/100\n|\n|-weather|Sandstorm|[upkeep]\n|-damage|p1a: Marowak|88\/100|[from] Sandstorm\n|-damage|p2a: Buzzwole|65\/100|[from] Sandstorm\n|upkeep\n|turn|15\n|\n|t:|1650949682\n|switch|p2a: Tyranitar|Tyranitar, F|100\/100\n|move|p1a: Marowak|Flare Blitz|p2a: Tyranitar\n|-resisted|p2a: Tyranitar\n|-damage|p2a: Tyranitar|20\/100\n|\n|-weather|Sandstorm|[upkeep]\n|-damage|p1a: Marowak|82\/100|[from] Sandstorm\n|-heal|p2a: Tyranitar|26\/100|[from] item: Leftovers\n|-fieldend|move: Trick Room\n|upkeep\n|turn|16\n|\n|t:|1650949711\n|switch|p1a: Porygon2|Porygon2|89\/100\n|-ability|p1a: Porygon2|Download|boost\n|-boost|p1a: Porygon2|atk|1\n|move|p2a: Tyranitar|Stealth Rock|p1a: Porygon2\n|-sidestart|p1: yung_iznamakin|move: Stealth Rock\n|\n|-weather|Sandstorm|[upkeep]\n|-damage|p1a: Porygon2|83\/100|[from] Sandstorm\n|-heal|p2a: Tyranitar|33\/100|[from] item: Leftovers\n|upkeep\n|turn|17\n|j| SquirtleAllOverMee\n|\n|t:|1650949724\n|switch|p2a: Zapdos|Zapdos|100\/100\n|move|p1a: Porygon2|Trick Room|p1a: Porygon2\n|-fieldstart|move: Trick Room|[of] p1a: Porygon2\n|\n|-weather|none\n|upkeep\n|turn|18\n|\n|t:|1650949731\n|move|p2a: Zapdos|Hurricane|p1a: Porygon2\n|-damage|p1a: Porygon2|58\/100\n|move|p1a: Porygon2|Teleport|p1a: Porygon2\n|\n|t:|1650949737\n|switch|p1a: Melmetal|Melmetal, shiny|47\/100|[from]move: Teleport\n|-damage|p1a: Melmetal|41\/100|[from] Stealth Rock\n|\n|upkeep\n|turn|19\n|\n|t:|1650949743\n|switch|p2a: Buzzwole|Buzzwole|65\/100\n|move|p1a: Melmetal|Ice Punch|p2a: Buzzwole\n|-damage|p2a: Buzzwole|42\/100\n|-damage|p1a: Melmetal|25\/100|[from] item: Rocky Helmet|[of] p2a: Buzzwole\n|-damage|p1a: Melmetal|15\/100|[from] item: Life Orb\n|\n|upkeep\n|turn|20\n|\n|t:|1650949757\n|move|p1a: Melmetal|Double Iron Bash|p2a: Buzzwole\n|-damage|p2a: Buzzwole|15\/100\n|-damage|p1a: Melmetal|0 fnt|[from] item: Rocky Helmet|[of] p2a: Buzzwole\n|faint|p1a: Melmetal\n|-hitcount|p2a: Buzzwole|1\n|move|p2a: Buzzwole|Roost|p2a: Buzzwole\n|-heal|p2a: Buzzwole|65\/100\n|-singleturn|p2a: Buzzwole|move: Roost\n|\n|upkeep\n|\n|t:|1650949764\n|switch|p1a: Marowak|Marowak-Alola, M|82\/100\n|-damage|p1a: Marowak|57\/100|[from] Stealth Rock\n|turn|21\n|\n|t:|1650949789\n|switch|p2a: Tyranitar|Tyranitar, F|33\/100\n|-weather|Sandstorm|[from] ability: Sand Stream|[of] p2a: Tyranitar\n|move|p1a: Marowak|Poltergeist|p2a: Tyranitar\n|-activate|p2a: Tyranitar|move: Poltergeist|Leftovers\n|-resisted|p2a: Tyranitar\n|-damage|p2a: Tyranitar|0 fnt\n|faint|p2a: Tyranitar\n|\n|-weather|Sandstorm|[upkeep]\n|-damage|p1a: Marowak|51\/100|[from] Sandstorm\n|-fieldend|move: Trick Room\n|upkeep\n|\n|t:|1650949803\n|switch|p2a: Garchomp|Garchomp, M|100\/100\n|turn|22\n|\n|t:|1650949806\n|switch|p1a: Cresselia|Cresselia, F|71\/100\n|-damage|p1a: Cresselia|59\/100|[from] Stealth Rock\n|move|p2a: Garchomp|Swords Dance|p2a: Garchomp\n|-boost|p2a: Garchomp|atk|2\n|\n|-weather|Sandstorm|[upkeep]\n|-damage|p1a: Cresselia|53\/100|[from] Sandstorm\n|-heal|p1a: Cresselia|59\/100|[from] item: Leftovers\n|upkeep\n|turn|23\n|\n|t:|1650949816\n|move|p2a: Garchomp|Scale Shot|p1a: Cresselia\n|-damage|p1a: Cresselia|46\/100\n|-damage|p1a: Cresselia|32\/100\n|-damage|p1a: Cresselia|19\/100\n|-hitcount|p1a: Cresselia|3\n|-unboost|p2a: Garchomp|def|1\n|-boost|p2a: Garchomp|spe|1\n|move|p1a: Cresselia|Trick Room|p1a: Cresselia\n|-fieldstart|move: Trick Room|[of] p1a: Cresselia\n|\n|-weather|Sandstorm|[upkeep]\n|-damage|p1a: Cresselia|13\/100|[from] Sandstorm\n|-heal|p1a: Cresselia|19\/100|[from] item: Leftovers\n|upkeep\n|turn|24\n|\n|t:|1650949831\n|move|p1a: Cresselia|Lunar Dance|p1a: Cresselia\n|faint|p1a: Cresselia\n|move|p2a: Garchomp|Scale Shot|p1: Cresselia|[notarget]\n|-fail|p2a: Garchomp\n|\n|-weather|Sandstorm|[upkeep]\n|upkeep\n|\n|t:|1650949835\n|switch|p1a: Marowak|Marowak-Alola, M|51\/100\n|-heal|p1a: Marowak|100\/100|[from] move: Lunar Dance\n|-damage|p1a: Marowak|76\/100|[from] Stealth Rock\n|turn|25\n|inactive|Chinchou01 has 120 seconds left.\n|\n|t:|1650949885\n|switch|p2a: Buzzwole|Buzzwole|65\/100\n|move|p1a: Marowak|Poltergeist|p2a: Buzzwole\n|-activate|p2a: Buzzwole|move: Poltergeist|Rocky Helmet\n|-damage|p2a: Buzzwole|20\/100\n|\n|-weather|none\n|upkeep\n|turn|26\n|\n|t:|1650949895\n|move|p1a: Marowak|Flare Blitz|p2a: Buzzwole\n|-supereffective|p2a: Buzzwole\n|-damage|p2a: Buzzwole|0 fnt\n|-damage|p1a: Marowak|59\/100|[from] item: Rocky Helmet|[of] p2a: Buzzwole\n|faint|p2a: Buzzwole\n|\n|upkeep\n|inactive|Chinchou01 has 90 seconds left.\n|l| SquirtleAllOverMee\n|\n|t:|1650949940\n|switch|p2a: Zapdos|Zapdos|100\/100\n|turn|27\n|\n|t:|1650949952\n|move|p1a: Marowak|Flare Blitz|p2a: Zapdos\n|-damage|p2a: Zapdos|0 fnt\n|faint|p2a: Zapdos\n|\n|-fieldend|move: Trick Room\n|upkeep\n|\n|t:|1650949958\n|switch|p2a: Garchomp|Garchomp, M|100\/100\n|turn|28\n|c|\u2606yung_iznamakin|gg\n|\n|t:|1650949969\n|move|p2a: Garchomp|Swords Dance|p2a: Garchomp\n|-boost|p2a: Garchomp|atk|2\n|move|p1a: Marowak|Poltergeist|p2a: Garchomp|[miss]\n|-miss|p1a: Marowak|p2a: Garchomp\n|\n|upkeep\n|turn|29\n|c|\u2606yung_iznamakin|:(\n|c|\u2606Chinchou01|Ggwp\n|\n|t:|1650949984\n|move|p2a: Garchomp|Earthquake|p1a: Marowak\n|-supereffective|p1a: Marowak\n|-damage|p1a: Marowak|0 fnt\n|faint|p1a: Marowak\n|\n|upkeep\n|\n|t:|1650949989\n|switch|p1a: Porygon2|Porygon2|58\/100\n|-damage|p1a: Porygon2|46\/100|[from] Stealth Rock\n|-ability|p1a: Porygon2|Download|boost\n|-boost|p1a: Porygon2|spa|1\n|turn|30\n|c|\u2606Chinchou01|Nice team\n|inactive|Chinchou01 has 90 seconds left.\n|\n|t:|1650949997\n|move|p2a: Garchomp|Earthquake|p1a: Porygon2\n|-damage|p1a: Porygon2|0 fnt\n|faint|p1a: Porygon2\n|\n|win|Chinchou01\n|raw|yung_iznamakin's rating: 1571 &rarr; <strong>1552<\/strong><br \/>(-19 for losing)\n|raw|Chinchou01's rating: 1594 &rarr; <strong>1613<\/strong><br \/>(+19 for winning)\n|c|\u2606yung_iznamakin|thx\n|c|\u2606Chinchou01|^-^\n","uploadtime":1650950009,"views":68,"p1id":"yungiznamakin","p2id":"chinchou01","formatid":"gen8ou","rating":1552,"private":0,"password":null}