{"id":"gen8nationaldex-1506887326","p1":"Hikari-miyako","p2":"Nathan Thorn 2","format":"gen8nationaldex","log":"|j|\u2606Hikari-miyako\n|j|\u2606Nathan Thorn 2\n|t:|1644346524\n|gametype|singles\n|player|p1|Hikari-miyako|ariana|1759\n|player|p2|Nathan Thorn 2|169|1550\n|teamsize|p1|6\n|teamsize|p2|6\n|gen|8\n|tier|[Gen 8] National Dex\n|rated|\n|rule|HP Percentage Mod: HP is shown in percentages\n|rule|Endless Battle Clause: Forcing endless battles is banned\n|rule|OHKO Clause: OHKO moves are banned\n|rule|Evasion Moves Clause: Evasion moves are banned\n|rule|Species Clause: Limit one of each Pok\u00e9mon\n|rule|Dynamax Clause: You cannot dynamax\n|rule|Sleep Clause Mod: Limit one foe put to sleep\n|clearpoke\n|poke|p1|Diancie|\n|poke|p1|Magnezone|\n|poke|p1|Landorus-Therian, M|\n|poke|p1|Tapu Lele|\n|poke|p1|Galvantula, M|\n|poke|p1|Zapdos-Galar|\n|poke|p2|Kartana|\n|poke|p2|Grimmsnarl, M|\n|poke|p2|Excadrill, M|\n|poke|p2|Charizard, F|\n|poke|p2|Thundurus-Therian, M|\n|poke|p2|Tapu Lele|\n|teampreview\n|\n|t:|1644346532\n|start\n|switch|p1a: Diancie|Diancie|100\/100\n|switch|p2a: Grimmsnarl|Grimmsnarl, M|100\/100\n|turn|1\n|inactive|Battle timer is ON: inactive players will automatically lose when time's up. (requested by Hikari-miyako)\n|\n|t:|1644346542\n|detailschange|p1a: Diancie|Diancie-Mega\n|-mega|p1a: Diancie|Diancie|Diancite\n|move|p2a: Grimmsnarl|Reflect|p2a: Grimmsnarl\n|-sidestart|p2: Nathan Thorn 2|Reflect\n|move|p1a: Diancie|Diamond Storm|p2a: Grimmsnarl\n|-crit|p2a: Grimmsnarl\n|-damage|p2a: Grimmsnarl|0 fnt\n|-boost|p1a: Diancie|def|2\n|faint|p2a: Grimmsnarl\n|\n|upkeep\n|\n|t:|1644346548\n|switch|p2a: Excadrill|Excadrill, M|100\/100\n|-ability|p2a: Excadrill|Mold Breaker\n|turn|2\n|\n|t:|1644346553\n|switch|p2a: Thundurus|Thundurus-Therian, M|100\/100\n|switch|p1a: Landorus|Landorus-Therian, M|100\/100\n|-ability|p1a: Landorus|Intimidate|boost\n|-unboost|p2a: Thundurus|atk|1\n|-enditem|p2a: Thundurus|Adrenaline Orb\n|-boost|p2a: Thundurus|spe|1|[from] item: Adrenaline Orb\n|\n|upkeep\n|turn|3\n|\n|t:|1644346559\n|move|p2a: Thundurus|Nasty Plot|p2a: Thundurus\n|-boost|p2a: Thundurus|spa|2\n|move|p1a: Landorus|U-turn|p2a: Thundurus\n|-resisted|p2a: Thundurus\n|-damage|p2a: Thundurus|91\/100\n|\n|t:|1644346565\n|switch|p1a: Magnezone|Magnezone|100\/100|[from]move: U-turn\n|\n|upkeep\n|turn|4\n|\n|t:|1644346567\n|move|p2a: Thundurus|Focus Blast|p1a: Magnezone\n|-supereffective|p1a: Magnezone\n|-damage|p1a: Magnezone|0 fnt\n|faint|p1a: Magnezone\n|\n|upkeep\n|\n|t:|1644346572\n|switch|p1a: Galvantula|Galvantula, M|100\/100\n|turn|5\n|\n|t:|1644346579\n|move|p2a: Thundurus|Thunderbolt|p1a: Galvantula\n|-resisted|p1a: Galvantula\n|-damage|p1a: Galvantula|7\/100\n|move|p1a: Galvantula|Hidden Power|p2a: Thundurus\n|-supereffective|p2a: Thundurus\n|-damage|p2a: Thundurus|44\/100\n|\n|upkeep\n|turn|6\n|\n|t:|1644346585\n|move|p2a: Thundurus|Thunderbolt|p1a: Galvantula\n|-resisted|p1a: Galvantula\n|-crit|p1a: Galvantula\n|-damage|p1a: Galvantula|0 fnt\n|faint|p1a: Galvantula\n|\n|upkeep\n|\n|t:|1644346588\n|switch|p1a: Tapu Lele|Tapu Lele|100\/100\n|-fieldstart|move: Psychic Terrain|[from] ability: Psychic Surge|[of] p1a: Tapu Lele\n|turn|7\n|\n|t:|1644346601\n|move|p2a: Thundurus|Thunderbolt|p1a: Tapu Lele\n|-crit|p1a: Tapu Lele\n|-damage|p1a: Tapu Lele|0 fnt\n|faint|p1a: Tapu Lele\n|\n|upkeep\n|\n|t:|1644346604\n|switch|p1a: Landorus|Landorus-Therian, M|100\/100\n|-ability|p1a: Landorus|Intimidate|boost\n|-unboost|p2a: Thundurus|atk|1\n|turn|8\n|\n|t:|1644346609\n|move|p2a: Thundurus|Hidden Power|p1a: Landorus\n|-supereffective|p1a: Landorus\n|-damage|p1a: Landorus|0 fnt\n|faint|p1a: Landorus\n|\n|-sideend|p2: Nathan Thorn 2|Reflect\n|upkeep\n|\n|t:|1644346611\n|switch|p1a: Diancie|Diancie-Mega|100\/100\n|turn|9\n|\n|t:|1644346616\n|move|p2a: Thundurus|Thunderbolt|p1a: Diancie\n|-damage|p1a: Diancie|0 fnt\n|faint|p1a: Diancie\n|\n|upkeep\n|-message|Hikari-miyako forfeited.\n|\n|win|Nathan Thorn 2\n|raw|Hikari-miyako's rating: 1759 &rarr; <strong>1728<\/strong><br \/>(-31 for losing)\n|raw|Nathan Thorn 2's rating: 1550 &rarr; <strong>1581<\/strong><br \/>(+31 for winning)\n|l|\u2606Hikari-miyako\n|j| megablackhole\n|j| kllkj089h\n|l| kllkj089h\n||Ladder isn't responding, score probably updated but might not have (Request timeout).\n","uploadtime":1644346660,"views":17,"p1id":"hikarimiyako","p2id":"nathanthorn2","formatid":"gen8nationaldex","rating":1581,"private":0,"password":null}