{"id":"gen8monotype-1149348010","p1":"Highimpactassault","p2":"Goootzinho","format":"gen8monotype","log":"|j|\u2606Highimpactassault\n|j|\u2606Goootzinho\n|player|p1|Highimpactassault|170|1511\n|player|p2|Goootzinho|galacticgrunt|1450\n|teamsize|p1|6\n|teamsize|p2|6\n|gametype|singles\n|gen|8\n|tier|[Gen 8] Monotype\n|rated|\n|rule|Same Type Clause: Pok\u00e9mon in a team must share a type\n|clearpoke\n|poke|p1|Azumarill, M|\n|poke|p1|Araquanid, F|\n|poke|p1|Pelipper, M|\n|poke|p1|Kingdra, F|\n|poke|p1|Gastrodon, F|\n|poke|p1|Lanturn, F|\n|poke|p2|Torkoal, F|\n|poke|p2|Cinderace, M|\n|poke|p2|Volcarona, M|\n|poke|p2|Marowak-Alola, F|\n|poke|p2|Charizard, F|\n|poke|p2|Incineroar, F|\n|rule|Sleep Clause Mod: Limit one foe put to sleep\n|rule|Species Clause: Limit one of each Pok\u00e9mon\n|rule|OHKO Clause: OHKO moves are banned\n|rule|Evasion Moves Clause: Evasion moves are banned\n|rule|Endless Battle Clause: Forcing endless battles is banned\n|rule|HP Percentage Mod: HP is shown in percentages\n|rule|Dynamax Clause: You cannot dynamax\n|teampreview\n|inactive|Battle timer is ON: inactive players will automatically lose when time's up. (requested by Highimpactassault)\n|\n|start\n|switch|p1a: Gastrodon|Gastrodon, F|100\/100\n|switch|p2a: Charizard|Charizard, F|100\/100\n|turn|1\n|\n|switch|p2a: Torkoal|Torkoal, F|100\/100\n|-weather|SunnyDay|[from] ability: Drought|[of] p2a: Torkoal\n|move|p1a: Gastrodon|Toxic|p2a: Torkoal\n|-status|p2a: Torkoal|tox\n|\n|-weather|SunnyDay|[upkeep]\n|-damage|p2a: Torkoal|94\/100 tox|[from] psn\n|upkeep\n|turn|2\n|\n|switch|p1a: Pelipper|Pelipper, M|100\/100\n|-weather|RainDance|[from] ability: Drizzle|[of] p1a: Pelipper\n|move|p2a: Torkoal|Stealth Rock|p1a: Pelipper\n|-sidestart|p1: Highimpactassault|move: Stealth Rock\n|\n|-weather|RainDance|[upkeep]\n|-damage|p2a: Torkoal|82\/100 tox|[from] psn\n|upkeep\n|turn|3\n|\n|switch|p2a: Incineroar|Incineroar, F|100\/100\n|-ability|p2a: Incineroar|Intimidate|boost\n|-unboost|p1a: Pelipper|atk|1\n|move|p1a: Pelipper|Scald|p2a: Incineroar\n|-supereffective|p2a: Incineroar\n|-damage|p2a: Incineroar|27\/100\n|\n|-weather|RainDance|[upkeep]\n|upkeep\n|turn|4\n|\n|move|p1a: Pelipper|Scald|p2a: Incineroar\n|-supereffective|p2a: Incineroar\n|-damage|p2a: Incineroar|0 fnt\n|faint|p2a: Incineroar\n|\n|-weather|RainDance|[upkeep]\n|upkeep\n|\n|switch|p2a: Torkoal|Torkoal, F|82\/100 tox\n|-weather|SunnyDay|[from] ability: Drought|[of] p2a: Torkoal\n|turn|5\n|\n|switch|p1a: Araquanid|Araquanid, F|100\/100\n|move|p2a: Torkoal|Yawn|p1a: Araquanid\n|-start|p1a: Araquanid|move: Yawn|[of] p2a: Torkoal\n|\n|-weather|SunnyDay|[upkeep]\n|-damage|p2a: Torkoal|76\/100 tox|[from] psn\n|upkeep\n|turn|6\n|\n|move|p1a: Araquanid|Sticky Web|p2a: Torkoal\n|-sidestart|p2: Goootzinho|move: Sticky Web\n|move|p2a: Torkoal|Rapid Spin|p1a: Araquanid\n|-damage|p1a: Araquanid|93\/100\n|-boost|p2a: Torkoal|spe|1\n|-sideend|p2: Goootzinho|Sticky Web|[from] move: Rapid Spin|[of] p2a: Torkoal\n|\n|-weather|SunnyDay|[upkeep]\n|-damage|p2a: Torkoal|64\/100 tox|[from] psn\n|-end|p1a: Araquanid|move: Yawn|[silent]\n|-status|p1a: Araquanid|slp\n|upkeep\n|turn|7\n|\n|switch|p1a: Pelipper|Pelipper, M|100\/100\n|-damage|p1a: Pelipper|76\/100|[from] Stealth Rock\n|-weather|RainDance|[from] ability: Drizzle|[of] p1a: Pelipper\n|switch|p2a: Volcarona|Volcarona, M|100\/100\n|\n|-weather|RainDance|[upkeep]\n|upkeep\n|turn|8\n|\n|move|p1a: Pelipper|Hurricane|p2a: Volcarona\n|-supereffective|p2a: Volcarona\n|-damage|p2a: Volcarona|0 fnt\n|faint|p2a: Volcarona\n|\n|-weather|RainDance|[upkeep]\n|upkeep\n|\n|switch|p2a: Marowak|Marowak-Alola, F|100\/100\n|turn|9\n|\n|move|p1a: Pelipper|Hurricane|p2a: Marowak\n|-damage|p2a: Marowak|22\/100\n|move|p2a: Marowak|Poltergeist|p1a: Pelipper\n|-activate|p1a: Pelipper|move: Poltergeist|Choice Scarf\n|-damage|p1a: Pelipper|0 fnt\n|faint|p1a: Pelipper\n|\n|-weather|RainDance|[upkeep]\n|upkeep\n|\n|switch|p1a: Kingdra|Kingdra, F|100\/100\n|-damage|p1a: Kingdra|88\/100|[from] Stealth Rock\n|turn|10\n|\n|switch|p2a: Torkoal|Torkoal, F|64\/100 tox\n|-weather|SunnyDay|[from] ability: Drought|[of] p2a: Torkoal\n|move|p1a: Kingdra|Surf|p2a: Torkoal\n|-supereffective|p2a: Torkoal\n|-damage|p2a: Torkoal|10\/100 tox\n|\n|-weather|SunnyDay|[upkeep]\n|-damage|p2a: Torkoal|3\/100 tox|[from] psn\n|upkeep\n|turn|11\n|\n|move|p1a: Kingdra|Surf|p2a: Torkoal\n|-supereffective|p2a: Torkoal\n|-crit|p2a: Torkoal\n|-damage|p2a: Torkoal|0 fnt\n|faint|p2a: Torkoal\n|\n|-weather|SunnyDay|[upkeep]\n|upkeep\n|\n|switch|p2a: Cinderace|Cinderace, M|100\/100\n|turn|12\n|\n|move|p2a: Cinderace|Bulk Up|p2a: Cinderace\n|-start|p2a: Cinderace|typechange|Fighting|[from] ability: Libero\n|-boost|p2a: Cinderace|atk|1\n|-boost|p2a: Cinderace|def|1\n|move|p1a: Kingdra|Surf|p2a: Cinderace\n|-damage|p2a: Cinderace|73\/100\n|\n|-weather|SunnyDay|[upkeep]\n|upkeep\n|turn|13\n|\n|move|p2a: Cinderace|Bulk Up|p2a: Cinderace\n|-boost|p2a: Cinderace|atk|1\n|-boost|p2a: Cinderace|def|1\n|move|p1a: Kingdra|Draco Meteor|p2a: Cinderace\n|-crit|p2a: Cinderace\n|-damage|p2a: Cinderace|0 fnt\n|-unboost|p1a: Kingdra|spa|2\n|faint|p2a: Cinderace\n|\n|-weather|SunnyDay|[upkeep]\n|upkeep\n|-message|Goootzinho forfeited.\n|\n|win|Highimpactassault\n|l|\u2606Goootzinho\n","uploadtime":1594491216,"views":6,"p1id":"highimpactassault","p2id":"goootzinho","formatid":"gen8monotype","rating":0,"private":0,"password":null}