{"id":"gen8ou-1663207363","p1":"minimax_ai","p2":"dracaufeu shiny","format":"gen8ou","log":"|j|\u2606minimax_ai\n|j|\u2606dracaufeu shiny\n|t:|1663075818\n|gametype|singles\n|player|p1|minimax_ai|lusamine-nihilego|1474\n|player|p2|dracaufeu shiny|red|1518\n|teamsize|p1|6\n|teamsize|p2|6\n|gen|8\n|tier|[Gen 8] OU\n|rated|\n|rule|Sleep Clause Mod: Limit one foe put to sleep\n|rule|Species Clause: Limit one of each Pok\u00e9mon\n|rule|OHKO Clause: OHKO moves are banned\n|rule|Evasion Items Clause: Evasion items are banned\n|rule|Evasion Moves Clause: Evasion moves are banned\n|rule|Endless Battle Clause: Forcing endless battles is banned\n|rule|HP Percentage Mod: HP is shown in percentages\n|rule|Dynamax Clause: You cannot dynamax\n|clearpoke\n|poke|p1|Rotom-Wash|\n|poke|p1|Weavile, F|\n|poke|p1|Landorus-Therian, M|\n|poke|p1|Heatran, M|\n|poke|p1|Tangrowth, M|\n|poke|p1|Melmetal|\n|poke|p2|Heatran, M|\n|poke|p2|Tapu Lele|\n|poke|p2|Landorus-Therian, M|\n|poke|p2|Tornadus-Therian, M|\n|poke|p2|Ferrothorn, M|\n|poke|p2|Dragapult, F|\n|teampreview\n|c|\u2606minimax_ai|hf\n|inactive|Battle timer is ON: inactive players will automatically lose when time's up. (requested by minimax_ai)\n|\n|t:|1663075834\n|start\n|switch|p1a: Heatran|Heatran, M|100\/100\n|switch|p2a: Tornadus|Tornadus-Therian, M|100\/100\n|-item|p1a: Heatran|Air Balloon\n|turn|1\n|\n|t:|1663075842\n|move|p2a: Tornadus|U-turn|p1a: Heatran\n|-resisted|p1a: Heatran\n|-crit|p1a: Heatran\n|-damage|p1a: Heatran|95\/100\n|-enditem|p1a: Heatran|Air Balloon\n|\n|t:|1663075844\n|switch|p2a: Heatran|Heatran, M|100\/100|[from]move: U-turn\n|move|p1a: Heatran|Stealth Rock|p2a: Heatran\n|-sidestart|p2: dracaufeu shiny|move: Stealth Rock\n|\n|upkeep\n|turn|2\n|\n|t:|1663075846\n|switch|p1a: rotomwash|Rotom-Wash|100\/100\n|switch|p2a: Landorus|Landorus-Therian, M|100\/100\n|-damage|p2a: Landorus|88\/100|[from] Stealth Rock\n|-ability|p2a: Landorus|Intimidate|boost\n|-unboost|p1a: rotomwash|atk|1\n|\n|-heal|p2a: Landorus|94\/100|[from] item: Leftovers\n|upkeep\n|turn|3\n|\n|t:|1663075849\n|switch|p2a: Ferrothorn|Ferrothorn, M|100\/100\n|-damage|p2a: Ferrothorn|94\/100|[from] Stealth Rock\n|move|p1a: rotomwash|Hydro Pump|p2a: Ferrothorn\n|-resisted|p2a: Ferrothorn\n|-damage|p2a: Ferrothorn|76\/100\n|\n|-heal|p2a: Ferrothorn|83\/100|[from] item: Leftovers\n|upkeep\n|turn|4\n|\n|t:|1663075852\n|switch|p1a: Tangrowth|Tangrowth, M|100\/100\n|move|p2a: Ferrothorn|Stealth Rock|p1a: Tangrowth\n|-sidestart|p1: minimax_ai|move: Stealth Rock\n|\n|-heal|p2a: Ferrothorn|89\/100|[from] item: Leftovers\n|upkeep\n|turn|5\n|\n|t:|1663075857\n|move|p1a: Tangrowth|Knock Off|p2a: Ferrothorn\n|-damage|p2a: Ferrothorn|76\/100\n|-damage|p1a: Tangrowth|88\/100|[from] ability: Iron Barbs|[of] p2a: Ferrothorn\n|-enditem|p2a: Ferrothorn|Leftovers|[from] move: Knock Off|[of] p1a: Tangrowth\n|move|p2a: Ferrothorn|Knock Off|p1a: Tangrowth\n|-damage|p1a: Tangrowth|77\/100\n|-damage|p2a: Ferrothorn|59\/100|[from] item: Rocky Helmet|[of] p1a: Tangrowth\n|-enditem|p1a: Tangrowth|Rocky Helmet|[from] move: Knock Off|[of] p2a: Ferrothorn\n|\n|upkeep\n|turn|6\n|\n|t:|1663075864\n|switch|p2a: Tornadus|Tornadus-Therian, M|100\/100\n|move|p1a: Tangrowth|Giga Drain|p2a: Tornadus\n|-resisted|p2a: Tornadus\n|-damage|p2a: Tornadus|86\/100\n|-heal|p1a: Tangrowth|84\/100|[from] drain|[of] p2a: Tornadus\n|\n|upkeep\n|turn|7\n|\n|t:|1663075867\n|switch|p1a: Melmetal|Melmetal|100\/100\n|-damage|p1a: Melmetal|94\/100|[from] Stealth Rock\n|move|p2a: Tornadus|Hurricane|p1a: Melmetal\n|-resisted|p1a: Melmetal\n|-damage|p1a: Melmetal|84\/100\n|\n|upkeep\n|turn|8\n|\n|t:|1663075871\n|move|p2a: Tornadus|U-turn|p1a: Melmetal\n|-resisted|p1a: Melmetal\n|-damage|p1a: Melmetal|81\/100\n|\n|t:|1663075873\n|switch|p2a: Ferrothorn|Ferrothorn, M|59\/100|[from]move: U-turn\n|-damage|p2a: Ferrothorn|53\/100|[from] Stealth Rock\n|move|p1a: Melmetal|Double Iron Bash|p2a: Ferrothorn\n|-resisted|p2a: Ferrothorn\n|-damage|p2a: Ferrothorn|41\/100\n|-damage|p1a: Melmetal|68\/100|[from] ability: Iron Barbs|[of] p2a: Ferrothorn\n|-resisted|p2a: Ferrothorn\n|-damage|p2a: Ferrothorn|30\/100\n|-damage|p1a: Melmetal|56\/100|[from] ability: Iron Barbs|[of] p2a: Ferrothorn\n|-hitcount|p2a: Ferrothorn|2\n|\n|upkeep\n|turn|9\n|\n|t:|1663075875\n|move|p1a: Melmetal|Double Iron Bash|p2a: Ferrothorn\n|-resisted|p2a: Ferrothorn\n|-damage|p2a: Ferrothorn|19\/100\n|-damage|p1a: Melmetal|43\/100|[from] ability: Iron Barbs|[of] p2a: Ferrothorn\n|-resisted|p2a: Ferrothorn\n|-damage|p2a: Ferrothorn|7\/100\n|-damage|p1a: Melmetal|31\/100|[from] ability: Iron Barbs|[of] p2a: Ferrothorn\n|-hitcount|p2a: Ferrothorn|2\n|cant|p2a: Ferrothorn|flinch\n|\n|upkeep\n|turn|10\n|\n|t:|1663075878\n|move|p1a: Melmetal|Double Iron Bash|p2a: Ferrothorn\n|-resisted|p2a: Ferrothorn\n|-damage|p2a: Ferrothorn|0 fnt\n|-damage|p1a: Melmetal|18\/100|[from] ability: Iron Barbs|[of] p2a: Ferrothorn\n|faint|p2a: Ferrothorn\n|-hitcount|p2: Ferrothorn|1\n|\n|upkeep\n|\n|t:|1663075898\n|switch|p2a: Dragapult|Dragapult, F|100\/100\n|turn|11\n|\n|t:|1663075902\n|switch|p1a: Heatran|Heatran, M|95\/100\n|-damage|p1a: Heatran|83\/100|[from] Stealth Rock\n|move|p2a: Dragapult|Hex|p1a: Heatran\n|-damage|p1a: Heatran|53\/100\n|\n|upkeep\n|turn|12\n|\n|t:|1663075915\n|move|p2a: Dragapult|Thunder Wave|p1a: Heatran\n|-status|p1a: Heatran|par\n|move|p1a: Heatran|Magma Storm|p2a: Dragapult\n|-resisted|p2a: Dragapult\n|-damage|p2a: Dragapult|62\/100\n|-activate|p2a: Dragapult|move: Magma Storm|[of] p1a: Heatran\n|\n|-damage|p2a: Dragapult|50\/100|[from] move: Magma Storm|[partiallytrapped]\n|upkeep\n|turn|13\n|\n|t:|1663075919\n|switch|p1a: landorustherian|Landorus-Therian, M|100\/100\n|-damage|p1a: landorustherian|88\/100|[from] Stealth Rock\n|-ability|p1a: landorustherian|Intimidate|boost\n|-unboost|p2a: Dragapult|atk|1\n|move|p2a: Dragapult|Hex|p1a: landorustherian\n|-damage|p1a: landorustherian|68\/100\n|\n|-heal|p1a: landorustherian|74\/100|[from] item: Leftovers\n|-end|p2a: Dragapult|Magma Storm|[partiallytrapped]|[silent]\n|upkeep\n|turn|14\n|inactive|dracaufeu shiny has 120 seconds left.\n|\n|t:|1663075962\n|switch|p2a: Landorus|Landorus-Therian, M|94\/100\n|-damage|p2a: Landorus|82\/100|[from] Stealth Rock\n|-ability|p2a: Landorus|Intimidate|boost\n|-unboost|p1a: landorustherian|atk|1\n|move|p1a: landorustherian|Toxic|p2a: Landorus\n|-status|p2a: Landorus|tox\n|\n|-heal|p1a: landorustherian|80\/100|[from] item: Leftovers\n|-heal|p2a: Landorus|88\/100 tox|[from] item: Leftovers\n|-damage|p2a: Landorus|82\/100 tox|[from] psn\n|upkeep\n|turn|15\n|\n|t:|1663075965\n|move|p1a: landorustherian|U-turn|p2a: Landorus\n|-resisted|p2a: Landorus\n|-damage|p2a: Landorus|74\/100 tox\n|\n|t:|1663075966\n|switch|p1a: Tangrowth|Tangrowth, M|100\/100|[from]move: U-turn\n|-damage|p1a: Tangrowth|88\/100|[from] Stealth Rock\n|move|p2a: Landorus|U-turn|p1a: Tangrowth\n|-supereffective|p1a: Tangrowth\n|-damage|p1a: Tangrowth|63\/100\n|inactive|dracaufeu shiny has 120 seconds left.\n|\n|t:|1663075988\n|switch|p2a: Heatran|Heatran, M|100\/100|[from]move: U-turn\n|-damage|p2a: Heatran|88\/100|[from] Stealth Rock\n|\n|-heal|p2a: Heatran|94\/100|[from] item: Leftovers\n|upkeep\n|turn|16\n|\n|t:|1663075992\n|switch|p1a: rotomwash|Rotom-Wash|100\/100\n|-damage|p1a: rotomwash|88\/100|[from] Stealth Rock\n|move|p2a: Heatran|Magma Storm|p1a: rotomwash\n|-resisted|p1a: rotomwash\n|-damage|p1a: rotomwash|65\/100\n|-activate|p1a: rotomwash|move: Magma Storm|[of] p2a: Heatran\n|\n|-heal|p1a: rotomwash|72\/100|[from] item: Leftovers\n|-heal|p2a: Heatran|100\/100|[from] item: Leftovers\n|-damage|p1a: rotomwash|59\/100|[from] move: Magma Storm|[partiallytrapped]\n|upkeep\n|turn|17\n|\n|t:|1663075997\n|switch|p2a: Tornadus|Tornadus-Therian, M|100\/100\n|move|p1a: rotomwash|Thunderbolt|p2a: Tornadus\n|-supereffective|p2a: Tornadus\n|-damage|p2a: Tornadus|21\/100\n|\n|-heal|p1a: rotomwash|65\/100|[from] item: Leftovers\n|-end|p1a: rotomwash|Magma Storm|[partiallytrapped]|[silent]\n|upkeep\n|turn|18\n|\n|t:|1663076000\n|move|p2a: Tornadus|U-turn|p1a: rotomwash\n|-damage|p1a: rotomwash|49\/100\n|inactive|dracaufeu shiny has 120 seconds left.\n|\n|t:|1663076045\n|switch|p2a: Dragapult|Dragapult, F|50\/100|[from]move: U-turn\n|move|p1a: rotomwash|Thunderbolt|p2a: Dragapult\n|-resisted|p2a: Dragapult\n|-damage|p2a: Dragapult|26\/100\n|\n|-heal|p1a: rotomwash|55\/100|[from] item: Leftovers\n|upkeep\n|turn|19\n|\n|t:|1663076048\n|switch|p1a: landorustherian|Landorus-Therian, M|80\/100\n|-damage|p1a: landorustherian|68\/100|[from] Stealth Rock\n|-ability|p1a: landorustherian|Intimidate|boost\n|-unboost|p2a: Dragapult|atk|1\n|move|p2a: Dragapult|Draco Meteor|p1a: landorustherian\n|-damage|p1a: landorustherian|28\/100\n|-unboost|p2a: Dragapult|spa|2\n|\n|-heal|p1a: landorustherian|34\/100|[from] item: Leftovers\n|upkeep\n|turn|20\n|\n|t:|1663076052\n|switch|p2a: Landorus|Landorus-Therian, M|74\/100 tox\n|-damage|p2a: Landorus|62\/100 tox|[from] Stealth Rock\n|-ability|p2a: Landorus|Intimidate|boost\n|-unboost|p1a: landorustherian|atk|1\n|move|p1a: landorustherian|Toxic|p2a: Landorus\n|-fail|p2a: Landorus|tox\n|\n|-heal|p1a: landorustherian|40\/100|[from] item: Leftovers\n|-heal|p2a: Landorus|68\/100 tox|[from] item: Leftovers\n|-damage|p2a: Landorus|62\/100 tox|[from] psn\n|upkeep\n|turn|21\n|\n|t:|1663076054\n|move|p1a: landorustherian|Defog|p2a: Landorus\n|-unboost|p2a: Landorus|evasion|1\n|-sideend|p2: dracaufeu shiny|Stealth Rock|[from] move: Defog|[of] p1a: landorustherian\n|-sideend|p1: minimax_ai|Stealth Rock|[from] move: Defog|[of] p1a: landorustherian\n|move|p2a: Landorus|U-turn|p1a: landorustherian\n|-resisted|p1a: landorustherian\n|-damage|p1a: landorustherian|28\/100\n|\n|t:|1663076061\n|switch|p2a: Tapu Lele|Tapu Lele|100\/100|[from]move: U-turn\n|-fieldstart|move: Psychic Terrain|[from] ability: Psychic Surge|[of] p2a: Tapu Lele\n|\n|-heal|p1a: landorustherian|34\/100|[from] item: Leftovers\n|upkeep\n|turn|22\n|\n|t:|1663076065\n|switch|p1a: Heatran|Heatran, M|53\/100 par\n|move|p2a: Tapu Lele|Psychic|p1a: Heatran\n|-resisted|p1a: Heatran\n|-damage|p1a: Heatran|23\/100 par\n|\n|upkeep\n|turn|23\n|\n|t:|1663076085\n|switch|p2a: Heatran|Heatran, M|100\/100\n|switch|p1a: Melmetal|Melmetal|18\/100\n|\n|upkeep\n|turn|24\n|\n|t:|1663076087\n|switch|p1a: rotomwash|Rotom-Wash|55\/100\n|move|p2a: Heatran|Magma Storm|p1a: rotomwash|[miss]\n|-miss|p2a: Heatran|p1a: rotomwash\n|\n|-heal|p1a: rotomwash|62\/100|[from] item: Leftovers\n|upkeep\n|turn|25\n|\n|t:|1663076090\n|move|p1a: rotomwash|Nasty Plot|p1a: rotomwash\n|-boost|p1a: rotomwash|spa|2\n|move|p2a: Heatran|Magma Storm|p1a: rotomwash\n|-resisted|p1a: rotomwash\n|-damage|p1a: rotomwash|39\/100\n|-activate|p1a: rotomwash|move: Magma Storm|[of] p2a: Heatran\n|\n|-heal|p1a: rotomwash|45\/100|[from] item: Leftovers\n|-damage|p1a: rotomwash|32\/100|[from] move: Magma Storm|[partiallytrapped]\n|-fieldend|move: Psychic Terrain\n|upkeep\n|turn|26\n|\n|t:|1663076116\n|switch|p2a: Tornadus|Tornadus-Therian, M|54\/100\n|move|p1a: rotomwash|Thunderbolt|p2a: Tornadus\n|-supereffective|p2a: Tornadus\n|-damage|p2a: Tornadus|0 fnt\n|faint|p2a: Tornadus\n|\n|-heal|p1a: rotomwash|39\/100|[from] item: Leftovers\n|-end|p1a: rotomwash|Magma Storm|[partiallytrapped]|[silent]\n|upkeep\n|inactive|dracaufeu shiny has 120 seconds left.\n|\n|t:|1663076155\n|switch|p2a: Tapu Lele|Tapu Lele|100\/100\n|-fieldstart|move: Psychic Terrain|[from] ability: Psychic Surge|[of] p2a: Tapu Lele\n|turn|27\n|\n|t:|1663076157\n|switch|p1a: Melmetal|Melmetal|18\/100\n|move|p2a: Tapu Lele|Psychic|p1a: Melmetal\n|-resisted|p1a: Melmetal\n|-damage|p1a: Melmetal|1\/100\n|\n|upkeep\n|turn|28\n|\n|t:|1663076159\n|switch|p1a: Weavile|Weavile, F|100\/100\n|-ability|p1a: Weavile|Pressure\n|move|p2a: Tapu Lele|Psychic|p1a: Weavile\n|-immune|p1a: Weavile\n|\n|upkeep\n|turn|29\n|\n|t:|1663076162\n|switch|p2a: Heatran|Heatran, M|100\/100\n|move|p1a: Weavile|Knock Off|p2a: Heatran\n|-damage|p2a: Heatran|45\/100\n|-enditem|p2a: Heatran|Leftovers|[from] move: Knock Off|[of] p1a: Weavile\n|\n|upkeep\n|turn|30\n|\n|t:|1663076163\n|switch|p1a: rotomwash|Rotom-Wash|39\/100\n|move|p2a: Heatran|Magma Storm|p1a: rotomwash\n|-resisted|p1a: rotomwash\n|-damage|p1a: rotomwash|17\/100\n|-activate|p1a: rotomwash|move: Magma Storm|[of] p2a: Heatran\n|\n|-heal|p1a: rotomwash|23\/100|[from] item: Leftovers\n|-damage|p1a: rotomwash|11\/100|[from] move: Magma Storm|[partiallytrapped]\n|upkeep\n|turn|31\n|\n|t:|1663076166\n|move|p1a: rotomwash|Thunderbolt|p2a: Heatran\n|-damage|p2a: Heatran|23\/100\n|move|p2a: Heatran|Magma Storm|p1a: rotomwash\n|-resisted|p1a: rotomwash\n|-damage|p1a: rotomwash|0 fnt\n|faint|p1a: rotomwash\n|\n|-fieldend|move: Psychic Terrain\n|upkeep\n|\n|t:|1663076166\n|switch|p1a: Weavile|Weavile, F|100\/100\n|-ability|p1a: Weavile|Pressure\n|turn|32\n|\n|t:|1663076168\n|move|p1a: Weavile|Knock Off|p2a: Heatran\n|-damage|p2a: Heatran|0 fnt\n|faint|p2a: Heatran\n|\n|upkeep\n|\n|t:|1663076187\n|switch|p2a: Tapu Lele|Tapu Lele|100\/100\n|-fieldstart|move: Psychic Terrain|[from] ability: Psychic Surge|[of] p2a: Tapu Lele\n|turn|33\n|\n|t:|1663076190\n|switch|p1a: Tangrowth|Tangrowth, M|97\/100\n|move|p2a: Tapu Lele|Moonblast|p1a: Tangrowth\n|-damage|p1a: Tangrowth|25\/100\n|\n|upkeep\n|turn|34\n|\n|t:|1663076193\n|switch|p1a: Heatran|Heatran, M|23\/100 par\n|move|p2a: Tapu Lele|Moonblast|p1a: Heatran\n|-resisted|p1a: Heatran\n|-damage|p1a: Heatran|10\/100 par\n|-unboost|p1a: Heatran|spa|1\n|\n|upkeep\n|turn|35\n|\n|t:|1663076195\n|move|p2a: Tapu Lele|Moonblast|p1a: Heatran\n|-resisted|p1a: Heatran\n|-damage|p1a: Heatran|0 fnt\n|faint|p1a: Heatran\n|\n|upkeep\n|\n|t:|1663076195\n|switch|p1a: Tangrowth|Tangrowth, M|58\/100\n|turn|36\n|\n|t:|1663076199\n|switch|p2a: Landorus|Landorus-Therian, M|62\/100 tox\n|-ability|p2a: Landorus|Intimidate|boost\n|-unboost|p1a: Tangrowth|atk|1\n|switch|p1a: Melmetal|Melmetal|1\/100\n|\n|-heal|p2a: Landorus|68\/100 tox|[from] item: Leftovers\n|-damage|p2a: Landorus|62\/100 tox|[from] psn\n|upkeep\n|turn|37\n|\n|t:|1663076202\n|switch|p1a: landorustherian|Landorus-Therian, M|34\/100\n|-ability|p1a: landorustherian|Intimidate|boost\n|-unboost|p2a: Landorus|atk|1\n|move|p2a: Landorus|U-turn|p1a: landorustherian\n|-resisted|p1a: landorustherian\n|-damage|p1a: landorustherian|27\/100\n|\n|t:|1663076215\n|switch|p2a: Tapu Lele|Tapu Lele|100\/100|[from]move: U-turn\n|\n|-heal|p1a: landorustherian|33\/100|[from] item: Leftovers\n|-fieldend|move: Psychic Terrain\n|upkeep\n|turn|38\n|\n|t:|1663076217\n|switch|p1a: Melmetal|Melmetal|1\/100\n|move|p2a: Tapu Lele|Moonblast|p1a: Melmetal\n|-resisted|p1a: Melmetal\n|-damage|p1a: Melmetal|0 fnt\n|faint|p1a: Melmetal\n|\n|upkeep\n|\n|t:|1663076218\n|switch|p1a: Tangrowth|Tangrowth, M|92\/100\n|turn|39\n|\n|t:|1663076221\n|switch|p2a: Landorus|Landorus-Therian, M|62\/100 tox\n|-ability|p2a: Landorus|Intimidate|boost\n|-unboost|p1a: Tangrowth|atk|1\n|move|p1a: Tangrowth|Sleep Powder||[still]\n|-fail|p1a: Tangrowth\n|\n|-heal|p2a: Landorus|68\/100 tox|[from] item: Leftovers\n|-damage|p2a: Landorus|62\/100 tox|[from] psn\n|upkeep\n|turn|40\n|\n|t:|1663076222\n|move|p2a: Landorus|U-turn|p1a: Tangrowth\n|-supereffective|p1a: Tangrowth\n|-damage|p1a: Tangrowth|68\/100\n|\n|t:|1663076225\n|switch|p2a: Dragapult|Dragapult, F|26\/100|[from]move: U-turn\n|move|p1a: Tangrowth|Sleep Powder|p2a: Dragapult\n|-status|p2a: Dragapult|slp|[from] move: Sleep Powder\n|\n|upkeep\n|turn|41\n|\n|t:|1663076227\n|switch|p2a: Landorus|Landorus-Therian, M|62\/100 tox\n|-ability|p2a: Landorus|Intimidate|boost\n|-unboost|p1a: Tangrowth|atk|1\n|move|p1a: Tangrowth|Giga Drain|p2a: Landorus\n|-damage|p2a: Landorus|40\/100 tox\n|-heal|p1a: Tangrowth|78\/100|[from] drain|[of] p2a: Landorus\n|\n|-heal|p2a: Landorus|46\/100 tox|[from] item: Leftovers\n|-damage|p2a: Landorus|40\/100 tox|[from] psn\n|upkeep\n|turn|42\n|\n|t:|1663076229\n|move|p2a: Landorus|Toxic|p1a: Tangrowth\n|-status|p1a: Tangrowth|tox\n|move|p1a: Tangrowth|Giga Drain|p2a: Landorus\n|-damage|p2a: Landorus|20\/100 tox\n|-heal|p1a: Tangrowth|88\/100 tox|[from] drain|[of] p2a: Landorus\n|\n|-heal|p2a: Landorus|26\/100 tox|[from] item: Leftovers\n|-damage|p2a: Landorus|14\/100 tox|[from] psn\n|-damage|p1a: Tangrowth|82\/100 tox|[from] psn\n|upkeep\n|turn|43\n|\n|t:|1663076231\n|move|p2a: Landorus|U-turn|p1a: Tangrowth\n|-supereffective|p1a: Tangrowth\n|-damage|p1a: Tangrowth|60\/100 tox\n|\n|t:|1663076234\n|switch|p2a: Dragapult|Dragapult, F|26\/100 slp|[from]move: U-turn\n|move|p1a: Tangrowth|Giga Drain|p2a: Dragapult\n|-resisted|p2a: Dragapult\n|-damage|p2a: Dragapult|9\/100 slp\n|-heal|p1a: Tangrowth|67\/100 tox|[from] drain|[of] p2a: Dragapult\n|\n|-damage|p1a: Tangrowth|54\/100 tox|[from] psn\n|upkeep\n|turn|44\n|\n|t:|1663076236\n|cant|p2a: Dragapult|slp\n|move|p1a: Tangrowth|Giga Drain|p2a: Dragapult\n|-resisted|p2a: Dragapult\n|-damage|p2a: Dragapult|0 fnt\n|-heal|p1a: Tangrowth|58\/100 tox|[from] drain|[of] p2a: Dragapult\n|faint|p2a: Dragapult\n|\n|-damage|p1a: Tangrowth|39\/100 tox|[from] psn\n|upkeep\n|\n|t:|1663076238\n|switch|p2a: Tapu Lele|Tapu Lele|100\/100\n|-fieldstart|move: Psychic Terrain|[from] ability: Psychic Surge|[of] p2a: Tapu Lele\n|turn|45\n|\n|t:|1663076239\n|switch|p1a: landorustherian|Landorus-Therian, M|33\/100\n|-ability|p1a: landorustherian|Intimidate|boost\n|-unboost|p2a: Tapu Lele|atk|1\n|move|p2a: Tapu Lele|Moonblast|p1a: landorustherian\n|-damage|p1a: landorustherian|0 fnt\n|faint|p1a: landorustherian\n|\n|upkeep\n|\n|t:|1663076240\n|switch|p1a: Tangrowth|Tangrowth, M|72\/100 tox\n|turn|46\n|\n|t:|1663076241\n|move|p2a: Tapu Lele|Moonblast|p1a: Tangrowth\n|-damage|p1a: Tangrowth|0 fnt\n|faint|p1a: Tangrowth\n|\n|upkeep\n|\n|t:|1663076241\n|switch|p1a: Weavile|Weavile, F|100\/100\n|-ability|p1a: Weavile|Pressure\n|turn|47\n|\n|t:|1663076243\n|move|p2a: Tapu Lele|Moonblast|p1a: Weavile\n|-supereffective|p1a: Weavile\n|-damage|p1a: Weavile|0 fnt\n|faint|p1a: Weavile\n|\n|win|dracaufeu shiny\n|raw|minimax_ai's rating: 1474 &rarr; <strong>1457<\/strong><br \/>(-17 for losing)\n|raw|dracaufeu shiny's rating: 1518 &rarr; <strong>1535<\/strong><br \/>(+17 for winning)\n|c|\u2606minimax_ai|gg\n","uploadtime":1663076244,"views":17,"p1id":"minimaxai","p2id":"dracaufeushiny","formatid":"gen8ou","rating":1457,"private":0,"password":null}