{"id":"gen8randombattle-1690460954","p1":"trace","p2":"LoSconosciuto","format":"gen8randombattle","log":"|j|\u2606trace\n|j|\u2606LoSconosciuto\n|t:|1666278184\n|gametype|singles\n|player|p1|trace|#trace|\n|player|p2|LoSconosciuto|#teamgapdos|\n|teamsize|p1|6\n|teamsize|p2|6\n|gen|8\n|tier|[Gen 8] Random Battle\n|rule|Species Clause: Limit one of each Pok\u00e9mon\n|rule|HP Percentage Mod: HP is shown in percentages\n|rule|Sleep Clause Mod: Limit one foe put to sleep\n|\n|t:|1666278184\n|start\n|switch|p1a: Sandslash|Sandslash-Alola, L86, M|269\/269\n|switch|p2a: Porygon-Z|Porygon-Z, L80|267\/267\n|-ability|p2a: Porygon-Z|Download|boost\n|-boost|p2a: Porygon-Z|spa|1\n|turn|1\n|inactive|Battle timer is ON: inactive players will automatically lose when time's up. (requested by LoSconosciuto)\n|c|\u2606LoSconosciuto|hf\n|c|\u2606trace|hf\n|inactive|LoSconosciuto has 270 seconds left.\n|inactive|LoSconosciuto has 240 seconds left.\n|\n|t:|1666278254\n|switch|p2a: Quagsire|Quagsire, L84, M|297\/297\n|move|p1a: Sandslash|Knock Off|p2a: Quagsire\n|-damage|p2a: Quagsire|200\/297\n|-enditem|p2a: Quagsire|Leftovers|[from] move: Knock Off|[of] p1a: Sandslash\n|-damage|p1a: Sandslash|243\/269|[from] item: Life Orb\n|\n|upkeep\n|turn|2\n|\n|t:|1666278273\n|switch|p2a: Lapras|Lapras, L86, M|363\/363\n|move|p1a: Sandslash|Triple Axel|p2a: Lapras\n|-resisted|p2a: Lapras\n|-damage|p2a: Lapras|355\/363\n|-resisted|p2a: Lapras\n|-damage|p2a: Lapras|341\/363\n|-hitcount|p2a: Lapras|2\n|-damage|p1a: Sandslash|217\/269|[from] item: Life Orb\n|\n|-heal|p2a: Lapras|363\/363|[from] item: Leftovers\n|upkeep\n|turn|3\n|\n|t:|1666278285\n|move|p1a: Sandslash|Knock Off|p2a: Lapras\n|-damage|p2a: Lapras|269\/363\n|-enditem|p2a: Lapras|Leftovers|[from] move: Knock Off|[of] p1a: Sandslash\n|-damage|p1a: Sandslash|191\/269|[from] item: Life Orb\n|move|p2a: Lapras|Sparkling Aria|p1a: Sandslash\n|-damage|p1a: Sandslash|83\/269\n|\n|upkeep\n|turn|4\n|\n|t:|1666278289\n|move|p1a: Sandslash|Iron Head|p2a: Lapras\n|-damage|p2a: Lapras|147\/363\n|-damage|p1a: Sandslash|57\/269|[from] item: Life Orb\n|move|p2a: Lapras|Sparkling Aria|p1a: Sandslash\n|-damage|p1a: Sandslash|0 fnt\n|faint|p1a: Sandslash\n|\n|upkeep\n|\n|t:|1666278293\n|switch|p1a: Pinsir|Pinsir, L84, M|246\/246\n|-ability|p1a: Pinsir|Mold Breaker\n|turn|5\n|\n|t:|1666278307\n|switch|p2a: Xatu|Xatu, L89, F|259\/259\n|move|p1a: Pinsir|Stealth Rock|p2a: Xatu\n|-sidestart|p2: LoSconosciuto|move: Stealth Rock\n|\n|upkeep\n|turn|6\n|c|\u2606LoSconosciuto|right\n|\n|t:|1666278334\n|move|p2a: Xatu|Heat Wave|p1a: Pinsir\n|-supereffective|p1a: Pinsir\n|-damage|p1a: Pinsir|84\/246\n|-status|p1a: Pinsir|brn\n|move|p1a: Pinsir|Stone Edge|p2a: Xatu\n|-supereffective|p2a: Xatu\n|-damage|p2a: Xatu|156\/259\n|\n|-heal|p2a: Xatu|172\/259|[from] item: Leftovers\n|-damage|p1a: Pinsir|69\/246 brn|[from] brn\n|upkeep\n|turn|7\n|c|\u2606trace|damn\n|c|\u2606LoSconosciuto|mb\n|\n|t:|1666278347\n|move|p2a: Xatu|Roost|p2a: Xatu\n|-heal|p2a: Xatu|259\/259\n|-singleturn|p2a: Xatu|move: Roost\n|move|p1a: Pinsir|Stone Edge|p2a: Xatu|[miss]\n|-miss|p1a: Pinsir|p2a: Xatu\n|\n|-damage|p1a: Pinsir|54\/246 brn|[from] brn\n|upkeep\n|turn|8\n|c|\u2606trace|unfort\n|\n|t:|1666278350\n|move|p2a: Xatu|Psychic|p1a: Pinsir\n|-damage|p1a: Pinsir|0 fnt\n|faint|p1a: Pinsir\n|\n|upkeep\n|\n|t:|1666278351\n|switch|p1a: Raichu|Raichu-Alola, L84, F|238\/238\n|turn|9\n|\n|t:|1666278379\n|move|p1a: Raichu|Nasty Plot|p1a: Raichu\n|-boost|p1a: Raichu|spa|2\n|move|p2a: Xatu|Teleport|p2a: Xatu\n|\n|t:|1666278386\n|switch|p2a: Mimikyu|Mimikyu, L76, M|209\/209\n|-damage|p2a: Mimikyu|183\/209|[from] Stealth Rock\n|\n|upkeep\n|turn|10\n|\n|t:|1666278392\n|switch|p1a: Tentacruel|Tentacruel, L84, F|272\/272\n|move|p2a: Mimikyu|Shadow Claw|p1a: Tentacruel\n|-damage|p1a: Tentacruel|173\/272\n|-damage|p2a: Mimikyu|163\/209|[from] item: Life Orb\n|\n|-heal|p1a: Tentacruel|190\/272|[from] item: Black Sludge\n|upkeep\n|turn|11\n|\n|t:|1666278402\n|switch|p2a: Vespiquen|Vespiquen, L96, F|290\/290\n|-ability|p2a: Vespiquen|Pressure\n|move|p1a: Tentacruel|Scald|p2a: Vespiquen\n|-damage|p2a: Vespiquen|235\/290\n|\n|-heal|p1a: Tentacruel|207\/272|[from] item: Black Sludge\n|upkeep\n|turn|12\n|\n|t:|1666278412\n|move|p1a: Tentacruel|Scald|p2a: Vespiquen\n|-damage|p2a: Vespiquen|178\/290\n|-status|p2a: Vespiquen|brn\n|move|p2a: Vespiquen|Defog|p1a: Tentacruel\n|-unboost|p1a: Tentacruel|evasion|1\n|-sideend|p2: LoSconosciuto|Stealth Rock|[from] move: Defog|[of] p2a: Vespiquen\n|\n|-heal|p1a: Tentacruel|224\/272|[from] item: Black Sludge\n|-damage|p2a: Vespiquen|160\/290 brn|[from] brn\n|upkeep\n|turn|13\n|\n|t:|1666278419\n|move|p1a: Tentacruel|Toxic Spikes|p2a: Vespiquen\n|-sidestart|p2: LoSconosciuto|move: Toxic Spikes\n|move|p2a: Vespiquen|Roost|p2a: Vespiquen\n|-heal|p2a: Vespiquen|290\/290 brn\n|-singleturn|p2a: Vespiquen|move: Roost\n|\n|-heal|p1a: Tentacruel|241\/272|[from] item: Black Sludge\n|-damage|p2a: Vespiquen|272\/290 brn|[from] brn\n|upkeep\n|turn|14\n|\n|t:|1666278425\n|switch|p1a: Audino|Audino, L91, M|335\/335\n|move|p2a: Vespiquen|Air Slash|p1a: Audino\n|-damage|p1a: Audino|248\/335\n|\n|-heal|p1a: Audino|268\/335|[from] item: Leftovers\n|-damage|p2a: Vespiquen|254\/290 brn|[from] brn\n|upkeep\n|turn|15\n|\n|t:|1666278435\n|move|p1a: Audino|Knock Off|p2a: Vespiquen\n|-damage|p2a: Vespiquen|209\/290 brn\n|-enditem|p2a: Vespiquen|Heavy-Duty Boots|[from] move: Knock Off|[of] p1a: Audino\n|move|p2a: Vespiquen|Defog|p1a: Audino\n|-unboost|p1a: Audino|evasion|1\n|-sideend|p2: LoSconosciuto|Toxic Spikes|[from] move: Defog|[of] p2a: Vespiquen\n|\n|-heal|p1a: Audino|288\/335|[from] item: Leftovers\n|-damage|p2a: Vespiquen|191\/290 brn|[from] brn\n|upkeep\n|turn|16\n|\n|t:|1666278438\n|move|p1a: Audino|Protect|p1a: Audino\n|-singleturn|p1a: Audino|Protect\n|move|p2a: Vespiquen|Roost|p2a: Vespiquen\n|-heal|p2a: Vespiquen|290\/290 brn\n|-singleturn|p2a: Vespiquen|move: Roost\n|\n|-heal|p1a: Audino|308\/335|[from] item: Leftovers\n|-damage|p2a: Vespiquen|272\/290 brn|[from] brn\n|upkeep\n|turn|17\n|\n|t:|1666278448\n|switch|p1a: Tentacruel|Tentacruel, L84, F|241\/272\n|move|p2a: Vespiquen|U-turn|p1a: Tentacruel\n|-resisted|p1a: Tentacruel\n|-damage|p1a: Tentacruel|214\/272\n|\n|t:|1666278457\n|switch|p2a: Quagsire|Quagsire, L84, M|200\/297\n|\n|-heal|p1a: Tentacruel|231\/272|[from] item: Black Sludge\n|upkeep\n|turn|18\n|\n|t:|1666278461\n|move|p1a: Tentacruel|Toxic Spikes|p2a: Quagsire\n|-sidestart|p2: LoSconosciuto|move: Toxic Spikes\n|move|p2a: Quagsire|Earthquake|p1a: Tentacruel\n|-supereffective|p1a: Tentacruel\n|-damage|p1a: Tentacruel|0 fnt\n|faint|p1a: Tentacruel\n|\n|upkeep\n|\n|t:|1666278469\n|switch|p1a: Swampert|Swampert, L80, F|291\/291\n|turn|19\n|\n|t:|1666278474\n|switch|p2a: Xatu|Xatu, L89, F|259\/259\n|move|p1a: Swampert|Scald|p2a: Xatu\n|-damage|p2a: Xatu|183\/259\n|\n|-heal|p2a: Xatu|199\/259|[from] item: Leftovers\n|upkeep\n|turn|20\n|\n|t:|1666278482\n|move|p2a: Xatu|Psychic|p1a: Swampert\n|-damage|p1a: Swampert|188\/291\n|move|p1a: Swampert|Ice Beam|p2a: Xatu\n|-supereffective|p2a: Xatu\n|-damage|p2a: Xatu|69\/259\n|\n|-heal|p2a: Xatu|85\/259|[from] item: Leftovers\n|-heal|p1a: Swampert|206\/291|[from] item: Leftovers\n|upkeep\n|turn|21\n|\n|t:|1666278498\n|switch|p2a: Vespiquen|Vespiquen, L96, F|272\/290 brn\n|-ability|p2a: Vespiquen|Pressure\n|move|p1a: Swampert|Earthquake|p2a: Vespiquen\n|-immune|p2a: Vespiquen\n|\n|-heal|p1a: Swampert|224\/291|[from] item: Leftovers\n|-damage|p2a: Vespiquen|254\/290 brn|[from] brn\n|upkeep\n|turn|22\n|\n|t:|1666278503\n|move|p1a: Swampert|Ice Beam|p2a: Vespiquen\n|-supereffective|p2a: Vespiquen\n|-damage|p2a: Vespiquen|164\/290 brn\n|move|p2a: Vespiquen|Defog|p1a: Swampert\n|-unboost|p1a: Swampert|evasion|1\n|-sideend|p2: LoSconosciuto|Toxic Spikes|[from] move: Defog|[of] p2a: Vespiquen\n|\n|-heal|p1a: Swampert|242\/291|[from] item: Leftovers\n|-damage|p2a: Vespiquen|146\/290 brn|[from] brn\n|upkeep\n|turn|23\n|\n|t:|1666278507\n|move|p1a: Swampert|Ice Beam|p2a: Vespiquen\n|-supereffective|p2a: Vespiquen\n|-crit|p2a: Vespiquen\n|-damage|p2a: Vespiquen|18\/290 brn\n|move|p2a: Vespiquen|Roost|p2a: Vespiquen\n|-heal|p2a: Vespiquen|163\/290 brn\n|-singleturn|p2a: Vespiquen|move: Roost\n|\n|-heal|p1a: Swampert|260\/291|[from] item: Leftovers\n|-damage|p2a: Vespiquen|145\/290 brn|[from] brn\n|upkeep\n|turn|24\n|\n|t:|1666278512\n|move|p1a: Swampert|Ice Beam|p2a: Vespiquen\n|-supereffective|p2a: Vespiquen\n|-damage|p2a: Vespiquen|59\/290 brn\n|move|p2a: Vespiquen|Roost|p2a: Vespiquen\n|-heal|p2a: Vespiquen|204\/290 brn\n|-singleturn|p2a: Vespiquen|move: Roost\n|\n|-heal|p1a: Swampert|278\/291|[from] item: Leftovers\n|-damage|p2a: Vespiquen|186\/290 brn|[from] brn\n|upkeep\n|turn|25\n|\n|t:|1666278515\n|switch|p1a: Audino|Audino, L91, M|335\/335\n|move|p2a: Vespiquen|Roost|p2a: Vespiquen\n|-heal|p2a: Vespiquen|290\/290 brn\n|-singleturn|p2a: Vespiquen|move: Roost\n|\n|-damage|p2a: Vespiquen|272\/290 brn|[from] brn\n|upkeep\n|turn|26\n|\n|t:|1666278518\n|move|p1a: Audino|Knock Off|p2a: Vespiquen\n|-damage|p2a: Vespiquen|241\/290 brn\n|move|p2a: Vespiquen|U-turn|p1a: Audino\n|-damage|p1a: Audino|298\/335\n|\n|t:|1666278524\n|switch|p2a: Quagsire|Quagsire, L84, M|200\/297\n|\n|-heal|p1a: Audino|318\/335|[from] item: Leftovers\n|upkeep\n|turn|27\n|\n|t:|1666278527\n|switch|p1a: Swampert|Swampert, L80, F|278\/291\n|move|p2a: Quagsire|Toxic|p1a: Swampert\n|-status|p1a: Swampert|tox\n|\n|-heal|p1a: Swampert|291\/291 tox|[from] item: Leftovers\n|-damage|p1a: Swampert|273\/291 tox|[from] psn\n|upkeep\n|turn|28\n|\n|t:|1666278534\n|move|p1a: Swampert|Earthquake|p2a: Quagsire\n|-damage|p2a: Quagsire|86\/297\n|move|p2a: Quagsire|Recover|p2a: Quagsire\n|-heal|p2a: Quagsire|235\/297\n|\n|-heal|p1a: Swampert|291\/291 tox|[from] item: Leftovers\n|-damage|p1a: Swampert|255\/291 tox|[from] psn\n|upkeep\n|turn|29\n|\n|t:|1666278537\n|switch|p2a: Vespiquen|Vespiquen, L96, F|241\/290 brn\n|-ability|p2a: Vespiquen|Pressure\n|move|p1a: Swampert|Toxic||[still]\n|-fail|p1a: Swampert\n|\n|-heal|p1a: Swampert|273\/291 tox|[from] item: Leftovers\n|-damage|p1a: Swampert|219\/291 tox|[from] psn\n|-damage|p2a: Vespiquen|223\/290 brn|[from] brn\n|upkeep\n|turn|30\n|c|\u2606trace|gg\n|c|\u2606LoSconosciuto|gg\n|-message|trace forfeited.\n|\n|win|LoSconosciuto\n","inputlog":">version 9c5d654b898167f5ae9ca6e9cc2965040adf185e\n>start {\"formatid\":\"gen8randombattle\",\"seed\":[65063,52484,32188,36668]}\n>player p1 {\"name\":\"trace\",\"avatar\":\"#trace\",\"rating\":0,\"seed\":[24865,13816,12773,63392]}\n>player p2 {\"name\":\"LoSconosciuto\",\"avatar\":\"#teamgapdos\",\"rating\":0,\"seed\":[5479,57001,41927,9418]}\n>chat \u2606LoSconosciuto|hf\n>chat \u2606trace|hf\n>p1 move knockoff\n>p2 switch 5\n>p1 move tripleaxel\n>p2 switch 4\n>p1 move knockoff\n>p2 move sparklingaria\n>p1 move ironhead\n>p2 move sparklingaria\n>p1 switch 4\n>p1 move stealthrock\n>p2 switch 6\n>chat \u2606LoSconosciuto|right\n>p1 move stoneedge\n>p2 move heatwave\n>chat \u2606trace|damn\n>chat \u2606LoSconosciuto|mb\n>p1 move stoneedge\n>p2 move roost\n>chat \u2606trace|unfort\n>p1 move xscissor\n>p2 move psychic\n>p1 switch 6\n>p1 move nastyplot\n>p2 move teleport\n>p2 switch 3\n>p1 switch 3\n>p2 move shadowclaw\n>p1 move scald\n>p2 switch 2\n>p1 move scald\n>p2 move defog\n>p1 move toxicspikes\n>p2 move roost\n>p1 switch 5\n>p2 move airslash\n>p1 move knockoff\n>p2 move defog\n>p1 move protect\n>p2 move roost\n>p1 switch 5\n>p2 move uturn\n>p2 switch 4\n>p1 move toxicspikes\n>p2 move earthquake\n>p1 switch 2\n>p1 move scald\n>p2 switch 3\n>p1 move icebeam\n>p2 move psychic\n>p1 move earthquake\n>p2 switch 4\n>p1 move icebeam\n>p2 move defog\n>p1 move icebeam\n>p2 move roost\n>p1 move icebeam\n>p2 move roost\n>p1 switch 5\n>p2 move roost\n>p1 move knockoff\n>p2 move uturn\n>p2 switch 3\n>p1 switch 5\n>p2 move toxic\n>p1 move earthquake\n>p2 move recover\n>p1 move toxic\n>p2 switch 3\n>chat \u2606trace|gg\n>chat \u2606LoSconosciuto|gg\n>forcelose p1","uploadtime":1666278552,"views":113,"p1id":"trace","p2id":"losconosciuto","formatid":"gen8randombattle","rating":0,"private":0,"password":null}