{"id":"gen8ou-1639081766","p1":"lt93oq lily","p2":"kinetic chain","format":"gen8ou","log":"|raw|<div class=\"broadcast-blue\"><strong>This battle is required to be public due to a player having a name starting with 'lt93oq'.<\/div>\n|j|\u2606lt93oq lily\n|j|\u203dkinetic chain\n|t:|1660430158\n|gametype|singles\n|player|p1|lt93oq lily|rosa-masters|1864\n|player|p2|kinetic chain|silver-gen2|1843\n|teamsize|p1|6\n|teamsize|p2|6\n|gen|8\n|tier|[Gen 8] OU\n|rated|\n|rule|Sleep Clause Mod: Limit one foe put to sleep\n|rule|Species Clause: Limit one of each Pok\u00e9mon\n|rule|OHKO Clause: OHKO moves are banned\n|rule|Evasion Items Clause: Evasion items are banned\n|rule|Evasion Moves Clause: Evasion moves are banned\n|rule|Endless Battle Clause: Forcing endless battles is banned\n|rule|HP Percentage Mod: HP is shown in percentages\n|rule|Dynamax Clause: You cannot dynamax\n|clearpoke\n|poke|p1|Clefable, M|\n|poke|p1|Dragonite, M|\n|poke|p1|Ferrothorn, F|\n|poke|p1|Landorus-Therian, M|\n|poke|p1|Tapu Koko|\n|poke|p1|Urshifu-*, M|\n|poke|p2|Zeraora|\n|poke|p2|Tapu Koko|\n|poke|p2|Dragonite, M|\n|poke|p2|Ferrothorn, F|\n|poke|p2|Melmetal|\n|poke|p2|Landorus-Therian, M|\n|teampreview\n|inactive|Battle timer is ON: inactive players will automatically lose when time's up. (requested by kinetic chain)\n|\n|t:|1660430178\n|start\n|switch|p1a: Landorus|Landorus-Therian, M|100\/100\n|switch|p2a: Melmetal|Melmetal|100\/100\n|-ability|p1a: Landorus|Intimidate|boost\n|-unboost|p2a: Melmetal|atk|1\n|turn|1\n|\n|t:|1660430181\n|switch|p2a: Landorus|Landorus-Therian, M|100\/100\n|-ability|p2a: Landorus|Intimidate|boost\n|-unboost|p1a: Landorus|atk|1\n|move|p1a: Landorus|U-turn|p2a: Landorus\n|-resisted|p2a: Landorus\n|-damage|p2a: Landorus|94\/100\n|\n|t:|1660430184\n|switch|p1a: Urshifu|Urshifu-Rapid-Strike, M|100\/100|[from]move: U-turn\n|\n|-heal|p2a: Landorus|99\/100|[from] item: Leftovers\n|upkeep\n|turn|2\n|j| LT93OQ Somalia\n|\n|t:|1660430193\n|switch|p2a: Ferrothorn|Ferrothorn, F|100\/100\n|move|p1a: Urshifu|Surging Strikes|p2a: Ferrothorn\n|-resisted|p2a: Ferrothorn\n|-crit|p2a: Ferrothorn\n|-damage|p2a: Ferrothorn|95\/100\n|-activate|p2a: Ferrothorn|ability: Iron Barbs\n|-activate|p1a: Urshifu|item: Protective Pads\n|-resisted|p2a: Ferrothorn\n|-crit|p2a: Ferrothorn\n|-damage|p2a: Ferrothorn|89\/100\n|-activate|p2a: Ferrothorn|ability: Iron Barbs\n|-activate|p1a: Urshifu|item: Protective Pads\n|-resisted|p2a: Ferrothorn\n|-crit|p2a: Ferrothorn\n|-damage|p2a: Ferrothorn|84\/100\n|-activate|p2a: Ferrothorn|ability: Iron Barbs\n|-activate|p1a: Urshifu|item: Protective Pads\n|-hitcount|p2a: Ferrothorn|3\n|\n|-heal|p2a: Ferrothorn|90\/100|[from] item: Leftovers\n|upkeep\n|turn|3\n|j| berk nowitzki\n|j| Keldeo!\n|j| isabela000\u25e5\u25b6_\u25c0\u25e4\n|l| berk nowitzki\n|\n|t:|1660430199\n|switch|p2a: Tapu Koko|Tapu Koko|100\/100\n|-fieldstart|move: Electric Terrain|[from] ability: Electric Surge|[of] p2a: Tapu Koko\n|move|p1a: Urshifu|U-turn|p2a: Tapu Koko\n|-resisted|p2a: Tapu Koko\n|-damage|p2a: Tapu Koko|83\/100\n|\n|t:|1660430202\n|switch|p1a: Landorus|Landorus-Therian, M|100\/100|[from]move: U-turn\n|-ability|p1a: Landorus|Intimidate|boost\n|-unboost|p2a: Tapu Koko|atk|1\n|\n|upkeep\n|turn|4\n|j| egal\u2605vanc\n|\n|t:|1660430204\n|move|p2a: Tapu Koko|Toxic|p1a: Landorus\n|-status|p1a: Landorus|tox\n|move|p1a: Landorus|Stealth Rock|p2a: Tapu Koko\n|-sidestart|p2: kinetic chain|move: Stealth Rock\n|\n|-damage|p1a: Landorus|94\/100 tox|[from] psn\n|upkeep\n|turn|5\n|\n|t:|1660430210\n|move|p2a: Tapu Koko|Dazzling Gleam|p1a: Landorus\n|-damage|p1a: Landorus|64\/100 tox\n|move|p1a: Landorus|Knock Off|p2a: Tapu Koko\n|-resisted|p2a: Tapu Koko\n|-damage|p2a: Tapu Koko|63\/100\n|-enditem|p2a: Tapu Koko|Heavy-Duty Boots|[from] move: Knock Off|[of] p1a: Landorus\n|\n|-heal|p1a: Landorus|70\/100 tox|[from] item: Leftovers\n|-damage|p1a: Landorus|58\/100 tox|[from] psn\n|upkeep\n|turn|6\n|j| LT93OQ msaint\n|\n|t:|1660430216\n|switch|p2a: Landorus|Landorus-Therian, M|99\/100\n|-damage|p2a: Landorus|88\/100|[from] Stealth Rock\n|-ability|p2a: Landorus|Intimidate|boost\n|-unboost|p1a: Landorus|atk|1\n|move|p1a: Landorus|U-turn|p2a: Landorus\n|-resisted|p2a: Landorus\n|-damage|p2a: Landorus|81\/100\n|\n|t:|1660430218\n|switch|p1a: Urshifu|Urshifu-Rapid-Strike, M|100\/100|[from]move: U-turn\n|\n|-heal|p2a: Landorus|87\/100|[from] item: Leftovers\n|upkeep\n|turn|7\n|j| Xydt\n|j| simplegent\n|\n|t:|1660430232\n|switch|p2a: Dragonite|Dragonite, M|100\/100\n|move|p1a: Urshifu|Surging Strikes|p2a: Dragonite\n|-resisted|p2a: Dragonite\n|-crit|p2a: Dragonite\n|-damage|p2a: Dragonite|96\/100\n|-resisted|p2a: Dragonite\n|-crit|p2a: Dragonite\n|-damage|p2a: Dragonite|87\/100\n|-resisted|p2a: Dragonite\n|-crit|p2a: Dragonite\n|-damage|p2a: Dragonite|79\/100\n|-hitcount|p2a: Dragonite|3\n|\n|-fieldend|move: Electric Terrain\n|upkeep\n|turn|8\n|\n|t:|1660430239\n|switch|p2a: Tapu Koko|Tapu Koko|63\/100\n|-damage|p2a: Tapu Koko|50\/100|[from] Stealth Rock\n|-fieldstart|move: Electric Terrain|[from] ability: Electric Surge|[of] p2a: Tapu Koko\n|move|p1a: Urshifu|U-turn|p2a: Tapu Koko\n|-resisted|p2a: Tapu Koko\n|-damage|p2a: Tapu Koko|33\/100\n|\n|t:|1660430243\n|switch|p1a: Ferrothorn|Ferrothorn, F|100\/100|[from]move: U-turn\n|\n|upkeep\n|turn|9\n|\n|t:|1660430245\n|move|p2a: Tapu Koko|Volt Switch|p1a: Ferrothorn\n|-resisted|p1a: Ferrothorn\n|-damage|p1a: Ferrothorn|82\/100\n|\n|t:|1660430248\n|switch|p2a: Landorus|Landorus-Therian, M|87\/100|[from]move: Volt Switch\n|-damage|p2a: Landorus|74\/100|[from] Stealth Rock\n|-ability|p2a: Landorus|Intimidate|boost\n|-unboost|p1a: Ferrothorn|atk|1\n|move|p1a: Ferrothorn|Spikes|p2a: Landorus\n|-sidestart|p2: kinetic chain|Spikes\n|\n|-heal|p2a: Landorus|80\/100|[from] item: Leftovers\n|upkeep\n|turn|10\n|j| Bushido Black\n|\n|t:|1660430252\n|move|p2a: Landorus|Stealth Rock|p1a: Ferrothorn\n|-sidestart|p1: lt93oq lily|move: Stealth Rock\n|move|p1a: Ferrothorn|Knock Off|p2a: Landorus\n|-damage|p2a: Landorus|65\/100\n|-enditem|p2a: Landorus|Leftovers|[from] move: Knock Off|[of] p1a: Ferrothorn\n|\n|upkeep\n|turn|11\n|\n|t:|1660430258\n|move|p2a: Landorus|Earthquake|p1a: Ferrothorn\n|-damage|p1a: Ferrothorn|55\/100\n|move|p1a: Ferrothorn|Spikes|p2a: Landorus\n|-sidestart|p2: kinetic chain|Spikes\n|\n|upkeep\n|turn|12\n|\n|t:|1660430261\n|move|p2a: Landorus|Earthquake|p1a: Ferrothorn\n|-damage|p1a: Ferrothorn|27\/100\n|move|p1a: Ferrothorn|Leech Seed|p2a: Landorus\n|-start|p2a: Landorus|move: Leech Seed\n|\n|-damage|p2a: Landorus|53\/100|[from] Leech Seed|[of] p1a: Ferrothorn\n|-heal|p1a: Ferrothorn|41\/100|[silent]\n|-fieldend|move: Electric Terrain\n|upkeep\n|turn|13\n|\n|t:|1660430264\n|switch|p2a: Ferrothorn|Ferrothorn, F|90\/100\n|-damage|p2a: Ferrothorn|84\/100|[from] Stealth Rock\n|-damage|p2a: Ferrothorn|67\/100|[from] Spikes\n|move|p1a: Ferrothorn|Spikes|p2a: Ferrothorn\n|-sidestart|p2: kinetic chain|Spikes\n|\n|-heal|p2a: Ferrothorn|73\/100|[from] item: Leftovers\n|upkeep\n|turn|14\n|\n|t:|1660430266\n|switch|p1a: Urshifu|Urshifu-Rapid-Strike, M|100\/100\n|-damage|p1a: Urshifu|94\/100|[from] Stealth Rock\n|move|p2a: Ferrothorn|Spikes|p1a: Urshifu\n|-sidestart|p1: lt93oq lily|Spikes\n|\n|-heal|p2a: Ferrothorn|79\/100|[from] item: Leftovers\n|upkeep\n|turn|15\n|\n|t:|1660430272\n|switch|p2a: Dragonite|Dragonite, M|79\/100\n|move|p1a: Urshifu|Close Combat|p2a: Dragonite\n|-resisted|p2a: Dragonite\n|-damage|p2a: Dragonite|50\/100\n|-unboost|p1a: Urshifu|def|1\n|-unboost|p1a: Urshifu|spd|1\n|\n|upkeep\n|turn|16\n|\n|t:|1660430276\n|move|p1a: Urshifu|U-turn|p2a: Dragonite\n|-resisted|p2a: Dragonite\n|-damage|p2a: Dragonite|38\/100\n|\n|t:|1660430279\n|switch|p1a: Clefable|Clefable, M|100\/100|[from]move: U-turn\n|move|p2a: Dragonite|Earthquake|p1a: Clefable\n|-damage|p1a: Clefable|78\/100\n|\n|-heal|p1a: Clefable|84\/100|[from] item: Leftovers\n|upkeep\n|turn|17\n|\n|t:|1660430288\n|switch|p2a: Landorus|Landorus-Therian, M|53\/100\n|-damage|p2a: Landorus|41\/100|[from] Stealth Rock\n|-ability|p2a: Landorus|Intimidate|boost\n|-unboost|p1a: Clefable|atk|1\n|switch|p1a: Urshifu|Urshifu-Rapid-Strike, M|94\/100\n|-damage|p1a: Urshifu|88\/100|[from] Stealth Rock\n|-damage|p1a: Urshifu|76\/100|[from] Spikes\n|\n|upkeep\n|turn|18\n|\n|t:|1660430297\n|switch|p2a: Tapu Koko|Tapu Koko|33\/100\n|-damage|p2a: Tapu Koko|21\/100|[from] Stealth Rock\n|-damage|p2a: Tapu Koko|0 fnt|[from] Spikes\n|faint|p2a: Tapu Koko\n|move|p1a: Urshifu|Close Combat|p2: Tapu Koko|[notarget]\n|-fail|p1a: Urshifu\n|\n|upkeep\n|\n|t:|1660430301\n|switch|p2a: Zeraora|Zeraora|100\/100\n|turn|19\n|\n|t:|1660430309\n|switch|p1a: Ferrothorn|Ferrothorn, F|41\/100\n|-damage|p1a: Ferrothorn|34\/100|[from] Stealth Rock\n|-damage|p1a: Ferrothorn|22\/100|[from] Spikes\n|move|p2a: Zeraora|Bulk Up|p2a: Zeraora\n|-boost|p2a: Zeraora|atk|1\n|-boost|p2a: Zeraora|def|1\n|\n|upkeep\n|turn|20\n|j| Ocarina1116\n|l| egal\u2605vanc\n|\n|t:|1660430317\n|move|p2a: Zeraora|Knock Off|p1a: Ferrothorn\n|-damage|p1a: Ferrothorn|0 fnt\n|-damage|p2a: Zeraora|88\/100|[from] ability: Iron Barbs|[of] p1a: Ferrothorn\n|-damage|p2a: Zeraora|72\/100|[from] item: Rocky Helmet|[of] p1a: Ferrothorn\n|-enditem|p1a: Ferrothorn|Rocky Helmet|[from] move: Knock Off|[of] p2a: Zeraora\n|faint|p1a: Ferrothorn\n|\n|upkeep\n|\n|t:|1660430319\n|switch|p1a: Landorus|Landorus-Therian, M|58\/100 tox\n|-damage|p1a: Landorus|46\/100 tox|[from] Stealth Rock\n|-ability|p1a: Landorus|Intimidate|boost\n|-unboost|p2a: Zeraora|atk|1\n|turn|21\n|\n|t:|1660430327\n|switch|p2a: Landorus|Landorus-Therian, M|41\/100\n|-damage|p2a: Landorus|28\/100|[from] Stealth Rock\n|-ability|p2a: Landorus|Intimidate|boost\n|-unboost|p1a: Landorus|atk|1\n|move|p1a: Landorus|U-turn|p2a: Landorus\n|-resisted|p2a: Landorus\n|-damage|p2a: Landorus|21\/100\n|\n|t:|1660430334\n|switch|p1a: Tapu Koko|Tapu Koko|100\/100|[from]move: U-turn\n|-fieldstart|move: Electric Terrain|[from] ability: Electric Surge|[of] p1a: Tapu Koko\n|\n|upkeep\n|turn|22\n|\n|t:|1660430341\n|move|p1a: Tapu Koko|Dazzling Gleam|p2a: Landorus\n|-damage|p2a: Landorus|0 fnt\n|faint|p2a: Landorus\n|\n|upkeep\n|\n|t:|1660430360\n|switch|p2a: Melmetal|Melmetal|100\/100\n|-damage|p2a: Melmetal|94\/100|[from] Stealth Rock\n|-damage|p2a: Melmetal|70\/100|[from] Spikes\n|turn|23\n|\n|t:|1660430362\n|move|p1a: Tapu Koko|Volt Switch|p2a: Melmetal\n|-damage|p2a: Melmetal|37\/100\n|\n|t:|1660430367\n|switch|p1a: Dragonite|Dragonite, M|100\/100|[from]move: Volt Switch\n|move|p2a: Melmetal|Double Iron Bash|p1a: Dragonite\n|-damage|p1a: Dragonite|84\/100\n|-damage|p1a: Dragonite|51\/100\n|-hitcount|p1a: Dragonite|2\n|\n|-heal|p2a: Melmetal|43\/100|[from] item: Leftovers\n|upkeep\n|turn|24\n|j| Ashuuuuura\n|\n|t:|1660430379\n|move|p1a: Dragonite|Flamethrower|p2a: Melmetal\n|-supereffective|p2a: Melmetal\n|-damage|p2a: Melmetal|10\/100\n|move|p2a: Melmetal|Double Iron Bash|p1a: Dragonite\n|-damage|p1a: Dragonite|16\/100\n|-damage|p1a: Dragonite|0 fnt\n|faint|p1a: Dragonite\n|-hitcount|p1: Dragonite|2\n|\n|-heal|p2a: Melmetal|16\/100|[from] item: Leftovers\n|upkeep\n|j| LT93OQ Vegeto\n|j| u crit my panties\n|\n|t:|1660430383\n|switch|p1a: Tapu Koko|Tapu Koko|100\/100\n|turn|25\n|l| u crit my panties\n|l| Ashuuuuura\n|\n|t:|1660430386\n|move|p1a: Tapu Koko|Thunderbolt|p2a: Melmetal\n|-damage|p2a: Melmetal|0 fnt\n|faint|p2a: Melmetal\n|\n|-fieldend|move: Electric Terrain\n|upkeep\n|\n|t:|1660430391\n|switch|p2a: Ferrothorn|Ferrothorn, F|79\/100\n|-damage|p2a: Ferrothorn|73\/100|[from] Stealth Rock\n|-damage|p2a: Ferrothorn|49\/100|[from] Spikes\n|turn|26\n|\n|t:|1660430396\n|switch|p2a: Zeraora|Zeraora|72\/100\n|move|p1a: Tapu Koko|Volt Switch|p2a: Zeraora\n|-heal|p2a: Zeraora|97\/100|[from] ability: Volt Absorb|[of] p1a: Tapu Koko\n|\n|upkeep\n|turn|27\n|j| LT93OQ Templario\n|\n|t:|1660430402\n|switch|p2a: Ferrothorn|Ferrothorn, F|49\/100\n|-damage|p2a: Ferrothorn|43\/100|[from] Stealth Rock\n|-damage|p2a: Ferrothorn|18\/100|[from] Spikes\n|move|p1a: Tapu Koko|Dazzling Gleam|p2a: Ferrothorn\n|-resisted|p2a: Ferrothorn\n|-damage|p2a: Ferrothorn|4\/100\n|\n|-heal|p2a: Ferrothorn|10\/100|[from] item: Leftovers\n|upkeep\n|turn|28\n|\n|t:|1660430407\n|move|p1a: Tapu Koko|Dazzling Gleam|p2a: Ferrothorn\n|-resisted|p2a: Ferrothorn\n|-damage|p2a: Ferrothorn|0 fnt\n|faint|p2a: Ferrothorn\n|\n|upkeep\n|\n|t:|1660430409\n|switch|p2a: Zeraora|Zeraora|97\/100\n|turn|29\n|\n|t:|1660430410\n|move|p2a: Zeraora|Bulk Up|p2a: Zeraora\n|-boost|p2a: Zeraora|atk|1\n|-boost|p2a: Zeraora|def|1\n|move|p1a: Tapu Koko|Dazzling Gleam|p2a: Zeraora\n|-damage|p2a: Zeraora|49\/100\n|\n|upkeep\n|turn|30\n|\n|t:|1660430414\n|move|p2a: Zeraora|Plasma Fists|p1a: Tapu Koko\n|-resisted|p1a: Tapu Koko\n|-damage|p1a: Tapu Koko|48\/100\n|-fieldactivate|move: Ion Deluge\n|-hint|Normal-type moves become Electric-type after using Plasma Fists.\n|move|p1a: Tapu Koko|Dazzling Gleam|p2a: Zeraora\n|-damage|p2a: Zeraora|8\/100\n|\n|upkeep\n|turn|31\n|\n|t:|1660430422\n|move|p2a: Zeraora|Plasma Fists|p1a: Tapu Koko\n|-resisted|p1a: Tapu Koko\n|-damage|p1a: Tapu Koko|0 fnt\n|-fieldactivate|move: Ion Deluge\n|-hint|Normal-type moves become Electric-type after using Plasma Fists.\n|faint|p1a: Tapu Koko\n|\n|upkeep\n|\n|t:|1660430423\n|switch|p1a: Urshifu|Urshifu-Rapid-Strike, M|76\/100\n|-damage|p1a: Urshifu|70\/100|[from] Stealth Rock\n|-damage|p1a: Urshifu|57\/100|[from] Spikes\n|turn|32\n|\n|t:|1660430426\n|switch|p2a: Dragonite|Dragonite, M|38\/100\n|move|p1a: Urshifu|Aqua Jet|p2a: Dragonite\n|-resisted|p2a: Dragonite\n|-damage|p2a: Dragonite|29\/100\n|\n|upkeep\n|turn|33\n|j| Tyranitar01\n|\n|t:|1660430430\n|move|p1a: Urshifu|U-turn|p2a: Dragonite\n|-resisted|p2a: Dragonite\n|-damage|p2a: Dragonite|17\/100\n|\n|t:|1660430432\n|switch|p1a: Clefable|Clefable, M|84\/100|[from]move: U-turn\n|move|p2a: Dragonite|Roost|p2a: Dragonite\n|-heal|p2a: Dragonite|67\/100\n|-singleturn|p2a: Dragonite|move: Roost\n|\n|-heal|p1a: Clefable|90\/100|[from] item: Leftovers\n|upkeep\n|turn|34\n|\n|t:|1660430434\n|move|p2a: Dragonite|Dragon Dance|p2a: Dragonite\n|-boost|p2a: Dragonite|atk|1\n|-boost|p2a: Dragonite|spe|1\n|move|p1a: Clefable|Moonblast|p2a: Dragonite\n|-supereffective|p2a: Dragonite\n|-damage|p2a: Dragonite|12\/100\n|-unboost|p2a: Dragonite|spa|1\n|\n|-heal|p1a: Clefable|96\/100|[from] item: Leftovers\n|upkeep\n|turn|35\n|\n|t:|1660430437\n|move|p2a: Dragonite|Roost|p2a: Dragonite\n|-heal|p2a: Dragonite|63\/100\n|-singleturn|p2a: Dragonite|move: Roost\n|move|p1a: Clefable|Moonblast|p2a: Dragonite\n|-supereffective|p2a: Dragonite\n|-damage|p2a: Dragonite|2\/100\n|\n|-heal|p1a: Clefable|100\/100|[from] item: Leftovers\n|upkeep\n|turn|36\n|\n|t:|1660430440\n|move|p2a: Dragonite|Ice Punch|p1a: Clefable\n|-damage|p1a: Clefable|73\/100\n|-status|p1a: Clefable|frz\n|cant|p1a: Clefable|frz\n|\n|-heal|p1a: Clefable|79\/100 frz|[from] item: Leftovers\n|upkeep\n|turn|37\n|\n|t:|1660430446\n|move|p2a: Dragonite|Roost|p2a: Dragonite\n|-heal|p2a: Dragonite|52\/100\n|-singleturn|p2a: Dragonite|move: Roost\n|cant|p1a: Clefable|frz\n|\n|-heal|p1a: Clefable|85\/100 frz|[from] item: Leftovers\n|upkeep\n|turn|38\n|\n|t:|1660430449\n|move|p2a: Dragonite|Roost|p2a: Dragonite\n|-heal|p2a: Dragonite|100\/100\n|-singleturn|p2a: Dragonite|move: Roost\n|cant|p1a: Clefable|frz\n|\n|-heal|p1a: Clefable|91\/100 frz|[from] item: Leftovers\n|upkeep\n|turn|39\n|\n|t:|1660430451\n|move|p2a: Dragonite|Dragon Dance|p2a: Dragonite\n|-boost|p2a: Dragonite|atk|1\n|-boost|p2a: Dragonite|spe|1\n|-curestatus|p1a: Clefable|frz|[msg]\n|move|p1a: Clefable|Moonblast|p2a: Dragonite\n|-supereffective|p2a: Dragonite\n|-damage|p2a: Dragonite|75\/100\n|\n|-heal|p1a: Clefable|97\/100|[from] item: Leftovers\n|upkeep\n|turn|40\n|\n|t:|1660430454\n|move|p2a: Dragonite|Earthquake|p1a: Clefable\n|-damage|p1a: Clefable|51\/100\n|move|p1a: Clefable|Thunder Wave|p2a: Dragonite\n|-status|p2a: Dragonite|par\n|\n|-heal|p1a: Clefable|57\/100|[from] item: Leftovers\n|upkeep\n|turn|41\n|\n|t:|1660430463\n|move|p2a: Dragonite|Earthquake|p1a: Clefable\n|-damage|p1a: Clefable|11\/100\n|move|p1a: Clefable|Soft-Boiled|p1a: Clefable\n|-heal|p1a: Clefable|61\/100\n|\n|-heal|p1a: Clefable|67\/100|[from] item: Leftovers\n|upkeep\n|turn|42\n|\n|t:|1660430467\n|cant|p2a: Dragonite|par\n|move|p1a: Clefable|Soft-Boiled|p1a: Clefable\n|-heal|p1a: Clefable|100\/100\n|\n|upkeep\n|turn|43\n|\n|t:|1660430474\n|cant|p2a: Dragonite|par\n|move|p1a: Clefable|Moonblast|p2a: Dragonite\n|-supereffective|p2a: Dragonite\n|-damage|p2a: Dragonite|22\/100 par\n|\n|upkeep\n|turn|44\n|\n|t:|1660430476\n|cant|p2a: Dragonite|par\n|move|p1a: Clefable|Moonblast|p2a: Dragonite\n|-supereffective|p2a: Dragonite\n|-damage|p2a: Dragonite|0 fnt\n|faint|p2a: Dragonite\n|\n|upkeep\n|j|@ironwater\n|-message|kinetic chain forfeited.\n|\n|win|lt93oq lily\n|raw|lt93oq lily's rating: 1864 &rarr; <strong>1883<\/strong><br \/>(+19 for winning)\n|raw|kinetic chain's rating: 1843 &rarr; <strong>1824<\/strong><br \/>(-19 for losing)\n|l|\u203dkinetic chain\n|l|\u2606lt93oq lily\n|l| isabela000\u25e5\u25b6_\u25c0\u25e4\n|l| LT93OQ Vegeto\n|l| Keldeo!\n|j| PlayRisky4NoReason\n","uploadtime":1660430513,"views":75,"p1id":"lt93oqlily","p2id":"kineticchain","formatid":"gen8ou","rating":1824,"private":0,"password":null}