{"id":"gen8ou-1065887394","p1":"Jakkkkkka","p2":"SheinG","format":"gen8ou","log":"|j|\u2606Jakkkkkka\n|j|\u2606SheinG\n|player|p1|Jakkkkkka|265|1548\n|player|p2|SheinG|steven|1609\n|teamsize|p1|6\n|teamsize|p2|6\n|gametype|singles\n|gen|8\n|tier|[Gen 8] OU\n|rated|\n|clearpoke\n|poke|p1|Conkeldurr, F|\n|poke|p1|Kyurem|\n|poke|p1|Zeraora|\n|poke|p1|Celebi|\n|poke|p1|Tyranitar, M|\n|poke|p1|Keldeo|\n|poke|p2|Terrakion|\n|poke|p2|Zeraora|\n|poke|p2|Rotom-Heat|\n|poke|p2|Seismitoad, M|\n|poke|p2|Dragapult, F|\n|poke|p2|Corviknight, F|\n|rule|Sleep Clause Mod: Limit one foe put to sleep\n|rule|Species Clause: Limit one of each Pok\u00e9mon\n|rule|OHKO Clause: OHKO moves are banned\n|rule|Evasion Moves Clause: Evasion moves are banned\n|rule|Endless Battle Clause: Forcing endless battles is banned\n|rule|HP Percentage Mod: HP is shown in percentages\n|rule|Dynamax Clause: You cannot dynamax\n|teampreview\n|\n|start\n|switch|p1a: Celebi|Celebi|100\/100\n|switch|p2a: Terrakion|Terrakion|100\/100\n|turn|1\n|\n|switch|p2a: Corviknight|Corviknight, F|100\/100\n|-ability|p2a: Corviknight|Pressure\n|move|p1a: Celebi|Toxic|p2a: Corviknight\n|-immune|p2a: Corviknight\n|\n|upkeep\n|turn|2\n|\n|move|p1a: Celebi|U-turn|p2a: Corviknight\n|-resisted|p2a: Corviknight\n|-damage|p2a: Corviknight|98\/100\n|\n|switch|p1a: Zeraora|Zeraora|100\/100|[from]move: U-turn\n|move|p2a: Corviknight|U-turn|p1a: Zeraora\n|-damage|p1a: Zeraora|81\/100\n|\n|switch|p2a: Dragapult|Dragapult, F|100\/100|[from]move: U-turn\n|\n|upkeep\n|turn|3\n|\n|move|p2a: Dragapult|Draco Meteor|p1a: Zeraora\n|-damage|p1a: Zeraora|0 fnt\n|-unboost|p2a: Dragapult|spa|2\n|faint|p1a: Zeraora\n|\n|upkeep\n|\n|switch|p1a: Keldeo|Keldeo|100\/100\n|turn|4\n|\n|switch|p1a: Celebi|Celebi|100\/100\n|move|p2a: Dragapult|Draco Meteor|p1a: Celebi|[miss]\n|-miss|p2a: Dragapult|p1a: Celebi\n|\n|upkeep\n|turn|5\n|\n|switch|p2a: Corviknight|Corviknight, F|98\/100\n|-ability|p2a: Corviknight|Pressure\n|move|p1a: Celebi|U-turn|p2a: Corviknight\n|-resisted|p2a: Corviknight\n|-damage|p2a: Corviknight|95\/100\n|\n|switch|p1a: Conkeldurr|Conkeldurr, F|100\/100|[from]move: U-turn\n|\n|-heal|p2a: Corviknight|100\/100|[from] item: Leftovers\n|-status|p1a: Conkeldurr|brn|[from] item: Flame Orb\n|upkeep\n|turn|6\n|\n|move|p2a: Corviknight|U-turn|p1a: Conkeldurr\n|-resisted|p1a: Conkeldurr\n|-damage|p1a: Conkeldurr|94\/100 brn\n|\n|switch|p2a: Terrakion|Terrakion|100\/100|[from]move: U-turn\n|move|p1a: Conkeldurr|Knock Off|p2a: Terrakion\n|-resisted|p2a: Terrakion\n|-damage|p2a: Terrakion|67\/100\n|-ability|p2a: Terrakion|Justified|boost\n|-boost|p2a: Terrakion|atk|1\n|-enditem|p2a: Terrakion|Choice Band|[from] move: Knock Off|[of] p1a: Conkeldurr\n|\n|-damage|p1a: Conkeldurr|88\/100 brn|[from] brn\n|upkeep\n|turn|7\n|\n|move|p2a: Terrakion|Close Combat|p1a: Conkeldurr\n|-damage|p1a: Conkeldurr|8\/100 brn\n|-unboost|p2a: Terrakion|def|1\n|-unboost|p2a: Terrakion|spd|1\n|move|p1a: Conkeldurr|Knock Off|p2a: Terrakion\n|-resisted|p2a: Terrakion\n|-damage|p2a: Terrakion|35\/100\n|-ability|p2a: Terrakion|Justified|boost\n|-boost|p2a: Terrakion|atk|1\n|\n|-damage|p1a: Conkeldurr|2\/100 brn|[from] brn\n|upkeep\n|turn|8\n|\n|move|p2a: Terrakion|Quick Attack|p1a: Conkeldurr\n|-damage|p1a: Conkeldurr|0 fnt\n|faint|p1a: Conkeldurr\n|\n|upkeep\n|\n|switch|p1a: Keldeo|Keldeo|100\/100\n|turn|9\n|\n|switch|p2a: Seismitoad|Seismitoad, M|100\/100\n|move|p1a: Keldeo|Secret Sword|p2a: Seismitoad\n|-damage|p2a: Seismitoad|69\/100\n|\n|-heal|p2a: Seismitoad|75\/100|[from] item: Leftovers\n|upkeep\n|turn|10\n|\n|move|p1a: Keldeo|Taunt|p2a: Seismitoad\n|-start|p2a: Seismitoad|move: Taunt\n|cant|p2a: Seismitoad|move: Taunt|Toxic\n|\n|-heal|p2a: Seismitoad|81\/100|[from] item: Leftovers\n|upkeep\n|turn|11\n|\n|switch|p2a: Zeraora|Zeraora|100\/100\n|move|p1a: Keldeo|Calm Mind|p1a: Keldeo\n|-boost|p1a: Keldeo|spa|1\n|-boost|p1a: Keldeo|spd|1\n|\n|upkeep\n|turn|12\n|\n|move|p2a: Zeraora|Plasma Fists|p1a: Keldeo\n|-supereffective|p1a: Keldeo\n|-damage|p1a: Keldeo|0 fnt\n|-fieldactivate|move: Ion Deluge\n|-damage|p2a: Zeraora|91\/100|[from] item: Life Orb\n|faint|p1a: Keldeo\n|\n|upkeep\n|\n|switch|p1a: Kyurem|Kyurem|100\/100\n|-ability|p1a: Kyurem|Pressure\n|turn|13\n|\n|move|p2a: Zeraora|Close Combat|p1a: Kyurem\n|-supereffective|p1a: Kyurem\n|-damage|p1a: Kyurem|8\/100\n|-unboost|p2a: Zeraora|def|1\n|-unboost|p2a: Zeraora|spd|1\n|-damage|p2a: Zeraora|81\/100|[from] item: Life Orb\n|move|p1a: Kyurem|Draco Meteor|p2a: Zeraora|[miss]\n|-miss|p1a: Kyurem|p2a: Zeraora\n|\n|upkeep\n|turn|14\n|-message|Jakkkkkka forfeited.\n|\n|win|SheinG\n|l|\u2606Jakkkkkka\n","uploadtime":1582132924,"views":13,"p1id":"jakkkkkka","p2id":"sheing","formatid":"gen8ou","rating":0,"private":0,"password":null}