{"id":"gen8ou-1624988432","p1":"Nasa Agent","p2":"andrewm0n","format":"gen8ou","log":"|j|\u2606Nasa Agent\n|j|\u2606andrewm0n\n|t:|1658769558\n|gametype|singles\n|player|p1|Nasa Agent|drayden|1730\n|player|p2|andrewm0n|266|1834\n|teamsize|p1|6\n|teamsize|p2|6\n|gen|8\n|tier|[Gen 8] OU\n|rated|\n|rule|Sleep Clause Mod: Limit one foe put to sleep\n|rule|Species Clause: Limit one of each Pok\u00e9mon\n|rule|OHKO Clause: OHKO moves are banned\n|rule|Evasion Moves Clause: Evasion moves are banned\n|rule|Endless Battle Clause: Forcing endless battles is banned\n|rule|HP Percentage Mod: HP is shown in percentages\n|rule|Dynamax Clause: You cannot dynamax\n|clearpoke\n|poke|p1|Porygon2|\n|poke|p1|Corviknight, F|\n|poke|p1|Landorus-Therian, M|\n|poke|p1|Gengar, F|\n|poke|p1|Zeraora|\n|poke|p1|Tapu Fini|\n|poke|p2|Polteageist|\n|poke|p2|Corviknight, M|\n|poke|p2|Seismitoad, M|\n|poke|p2|Clefable, M|\n|poke|p2|Slowbro-Galar, M|\n|poke|p2|Blaziken, M|\n|teampreview\n|j| ian_yo\n|inactive|Battle timer is ON: inactive players will automatically lose when time's up. (requested by Nasa Agent)\n|\n|t:|1658769612\n|start\n|switch|p1a: Landorus|Landorus-Therian, M|100\/100\n|switch|p2a: Seismitoad|Seismitoad, M|100\/100\n|-ability|p1a: Landorus|Intimidate|boost\n|-unboost|p2a: Seismitoad|atk|1\n|turn|1\n|\n|t:|1658769621\n|switch|p1a: Porygon2|Porygon2|100\/100\n|-ability|p1a: Porygon2|Water Absorb|[from] ability: Trace|[of] p2a: Seismitoad\n|move|p2a: Seismitoad|Toxic|p1a: Porygon2\n|-status|p1a: Porygon2|tox\n|\n|-damage|p1a: Porygon2|94\/100 tox|[from] psn\n|upkeep\n|turn|2\n|\n|t:|1658769625\n|move|p2a: Seismitoad|Stealth Rock|p1a: Porygon2\n|-sidestart|p1: Nasa Agent|move: Stealth Rock\n|move|p1a: Porygon2|Teleport|p1a: Porygon2\n|\n|t:|1658769638\n|switch|p1a: Corviknight|Corviknight, F|100\/100|[from]move: Teleport\n|-damage|p1a: Corviknight|88\/100|[from] Stealth Rock\n|-ability|p1a: Corviknight|Pressure\n|\n|-heal|p1a: Corviknight|94\/100|[from] item: Leftovers\n|upkeep\n|turn|3\n|\n|t:|1658769640\n|move|p1a: Corviknight|Defog|p2a: Seismitoad\n|-unboost|p2a: Seismitoad|evasion|1\n|-sideend|p1: Nasa Agent|Stealth Rock|[from] move: Defog|[of] p1a: Corviknight\n|move|p2a: Seismitoad|Knock Off|p1a: Corviknight\n|-damage|p1a: Corviknight|85\/100\n|-enditem|p1a: Corviknight|Leftovers|[from] move: Knock Off|[of] p2a: Seismitoad\n|\n|upkeep\n|turn|4\n|\n|t:|1658769643\n|move|p1a: Corviknight|U-turn|p2a: Seismitoad\n|-damage|p2a: Seismitoad|88\/100\n|\n|t:|1658769646\n|switch|p1a: Landorus|Landorus-Therian, M|100\/100|[from]move: U-turn\n|-ability|p1a: Landorus|Intimidate|boost\n|-unboost|p2a: Seismitoad|atk|1\n|move|p2a: Seismitoad|Stealth Rock|p1a: Landorus\n|-sidestart|p1: Nasa Agent|move: Stealth Rock\n|\n|-heal|p2a: Seismitoad|94\/100|[from] item: Leftovers\n|upkeep\n|turn|5\n|j| Gdinax\n|\n|t:|1658769655\n|switch|p2a: Polteageist|Polteageist|100\/100\n|move|p1a: Landorus|Stealth Rock|p2a: Polteageist\n|-sidestart|p2: andrewm0n|move: Stealth Rock\n|\n|upkeep\n|turn|6\n|j| SHZW\n|\n|t:|1658769666\n|move|p2a: Polteageist|Shell Smash|p2a: Polteageist\n|-unboost|p2a: Polteageist|def|1\n|-unboost|p2a: Polteageist|spd|1\n|-boost|p2a: Polteageist|atk|2\n|-boost|p2a: Polteageist|spa|2\n|-boost|p2a: Polteageist|spe|2\n|move|p1a: Landorus|Earthquake|p2a: Polteageist\n|-enditem|p2a: Polteageist|Focus Sash\n|-damage|p2a: Polteageist|1\/100\n|-ability|p2a: Polteageist|Weak Armor|boost\n|-unboost|p2a: Polteageist|def|1\n|-boost|p2a: Polteageist|spe|2\n|\n|upkeep\n|turn|7\n|\n|t:|1658769670\n|move|p2a: Polteageist|Stored Power|p1a: Landorus\n|-damage|p1a: Landorus|0 fnt\n|faint|p1a: Landorus\n|\n|upkeep\n|\n|t:|1658769680\n|switch|p1a: Porygon2|Porygon2|94\/100 tox\n|-damage|p1a: Porygon2|82\/100 tox|[from] Stealth Rock\n|-ability|p1a: Porygon2|Weak Armor|[from] ability: Trace|[of] p2a: Polteageist\n|turn|8\n|\n|t:|1658769683\n|move|p2a: Polteageist|Stored Power|p1a: Porygon2\n|-damage|p1a: Porygon2|16\/100 tox\n|move|p1a: Porygon2|Discharge|p2a: Polteageist\n|-damage|p2a: Polteageist|0 fnt\n|faint|p2a: Polteageist\n|\n|-damage|p1a: Porygon2|9\/100 tox|[from] psn\n|upkeep\n|c|\u2606andrewm0n|what a fiend\n|\n|t:|1658769696\n|switch|p2a: Blaziken|Blaziken, M|100\/100\n|-damage|p2a: Blaziken|88\/100|[from] Stealth Rock\n|turn|9\n|c|\u2606andrewm0n|66\n|\n|t:|1658769709\n|move|p2a: Blaziken|Flare Blitz|p1a: Porygon2\n|-damage|p1a: Porygon2|0 fnt\n|faint|p1a: Porygon2\n|-damage|p2a: Blaziken|85\/100|[from] Recoil\n|\n|-heal|p2a: Blaziken|91\/100|[from] item: Leftovers\n|-ability|p2a: Blaziken|Speed Boost|boost\n|-boost|p2a: Blaziken|spe|1\n|upkeep\n|c|\u2606andrewm0n|lol\n|c|\u2606andrewm0n|porygon2 is such a beast\n|\n|t:|1658769721\n|switch|p1a: Tapu Fini|Tapu Fini|100\/100\n|-damage|p1a: Tapu Fini|88\/100|[from] Stealth Rock\n|-fieldstart|move: Misty Terrain|[from] ability: Misty Surge|[of] p1a: Tapu Fini\n|turn|10\n|\n|t:|1658769737\n|move|p2a: Blaziken|Protect|p2a: Blaziken\n|-singleturn|p2a: Blaziken|Protect\n|move|p1a: Tapu Fini|Scald|p2a: Blaziken\n|-activate|p2a: Blaziken|move: Protect\n|\n|-heal|p2a: Blaziken|97\/100|[from] item: Leftovers\n|-heal|p1a: Tapu Fini|94\/100|[from] item: Leftovers\n|-ability|p2a: Blaziken|Speed Boost|boost\n|-boost|p2a: Blaziken|spe|1\n|upkeep\n|turn|11\n|j| Andrew Soto\n|inactive|andrewm0n has 120 seconds left.\n|\n|t:|1658769769\n|switch|p2a: Slowbro|Slowbro-Galar, M|100\/100\n|-damage|p2a: Slowbro|88\/100|[from] Stealth Rock\n|move|p1a: Tapu Fini|Taunt|p2a: Slowbro\n|-start|p2a: Slowbro|move: Taunt\n|\n|-heal|p1a: Tapu Fini|99\/100|[from] item: Leftovers\n|upkeep\n|turn|12\n|\n|t:|1658769781\n|move|p1a: Tapu Fini|Scald|p2a: Slowbro\n|-damage|p2a: Slowbro|71\/100\n|move|p2a: Slowbro|Future Sight|p1a: Tapu Fini\n|-start|p2a: Slowbro|move: Future Sight\n|\n|-heal|p1a: Tapu Fini|100\/100|[from] item: Leftovers\n|upkeep\n|turn|13\n|\n|t:|1658769789\n|move|p1a: Tapu Fini|Calm Mind|p1a: Tapu Fini\n|-boost|p1a: Tapu Fini|spa|1\n|-boost|p1a: Tapu Fini|spd|1\n|move|p2a: Slowbro|Shell Side Arm|p1a: Tapu Fini|[anim] Shell Side Arm Physical\n|-supereffective|p1a: Tapu Fini\n|-damage|p1a: Tapu Fini|53\/100\n|-hint|Physical Shell Side Arm\n|\n|-heal|p1a: Tapu Fini|60\/100|[from] item: Leftovers\n|-end|p2a: Slowbro|move: Taunt\n|upkeep\n|turn|14\n|\n|t:|1658769795\n|move|p1a: Tapu Fini|Scald|p2a: Slowbro\n|-damage|p2a: Slowbro|42\/100\n|move|p2a: Slowbro|Shell Side Arm|p1a: Tapu Fini|[anim] Shell Side Arm Physical\n|-supereffective|p1a: Tapu Fini\n|-damage|p1a: Tapu Fini|7\/100\n|-hint|Physical Shell Side Arm\n|\n|-end|p1a: Tapu Fini|move: Future Sight\n|-damage|p1a: Tapu Fini|0 fnt\n|faint|p1a: Tapu Fini\n|-fieldend|Misty Terrain\n|upkeep\n|\n|t:|1658769803\n|switch|p1a: Gengar|Gengar, F|100\/100\n|-damage|p1a: Gengar|88\/100|[from] Stealth Rock\n|turn|15\n|\n|t:|1658769806\n|switch|p2a: Corviknight|Corviknight, M|100\/100\n|-damage|p2a: Corviknight|88\/100|[from] Stealth Rock\n|move|p1a: Gengar|Shadow Ball|p2a: Corviknight\n|-damage|p2a: Corviknight|43\/100\n|\n|upkeep\n|turn|16\n|\n|t:|1658769810\n|move|p1a: Gengar|Shadow Ball|p2a: Corviknight\n|-damage|p2a: Corviknight|0 fnt\n|faint|p2a: Corviknight\n|\n|upkeep\n|\n|t:|1658769814\n|switch|p2a: Blaziken|Blaziken, M|97\/100\n|-damage|p2a: Blaziken|84\/100|[from] Stealth Rock\n|turn|17\n|c|\u2606Nasa Agent|I'm so confused by the team right now\n|\n|t:|1658769835\n|switch|p1a: Corviknight|Corviknight, F|85\/100\n|-damage|p1a: Corviknight|73\/100|[from] Stealth Rock\n|-ability|p1a: Corviknight|Pressure\n|move|p2a: Blaziken|Protect||[still]\n|-fail|p2a: Blaziken\n|\n|-heal|p2a: Blaziken|90\/100|[from] item: Leftovers\n|-ability|p2a: Blaziken|Speed Boost|boost\n|-boost|p2a: Blaziken|spe|1\n|upkeep\n|turn|18\n|j| sada is dafa\n|\n|t:|1658769841\n|move|p2a: Blaziken|Flare Blitz|p1a: Corviknight\n|-supereffective|p1a: Corviknight\n|-damage|p1a: Corviknight|0 fnt\n|faint|p1a: Corviknight\n|-damage|p2a: Blaziken|59\/100|[from] Recoil\n|\n|-heal|p2a: Blaziken|65\/100|[from] item: Leftovers\n|-ability|p2a: Blaziken|Speed Boost|boost\n|-boost|p2a: Blaziken|spe|1\n|upkeep\n|\n|t:|1658769844\n|switch|p1a: Zeraora|Zeraora|100\/100\n|turn|19\n|c|\u2606andrewm0n|what do u mean?\n|j| Akushi Yasama\n|c|\u2606Nasa Agent|wtf is it\n|c|\u2606Nasa Agent|is it hyper offensive\n|c|\u2606Nasa Agent|that's not belly drum\n|c|\u2606Nasa Agent|blaze is leftovers\n|inactive|Nasa Agent has 120 seconds left.\n|c|\u2606andrewm0n|defensive with some investment in both attacks\n|\n|t:|1658769879\n|move|p2a: Blaziken|Close Combat|p1a: Zeraora\n|-damage|p1a: Zeraora|19\/100\n|-unboost|p2a: Blaziken|def|1\n|-unboost|p2a: Blaziken|spd|1\n|move|p1a: Zeraora|Plasma Fists|p2a: Blaziken\n|-damage|p2a: Blaziken|0 fnt\n|-fieldactivate|move: Ion Deluge\n|-hint|Normal-type moves become Electric-type after using Plasma Fists.\n|faint|p2a: Blaziken\n|\n|upkeep\n|c|\u2606andrewm0n|blaze is offensive\n|\n|t:|1658769889\n|switch|p2a: Clefable|Clefable, M|100\/100\n|-damage|p2a: Clefable|88\/100|[from] Stealth Rock\n|turn|20\n|\n|t:|1658769892\n|switch|p1a: Gengar|Gengar, F|88\/100\n|-damage|p1a: Gengar|76\/100|[from] Stealth Rock\n|move|p2a: Clefable|Moonblast|p1a: Gengar\n|-resisted|p1a: Gengar\n|-damage|p1a: Gengar|49\/100\n|-start|p2a: Clefable|Disable|Moonblast|[from] ability: Cursed Body|[of] p1a: Gengar\n|\n|-heal|p2a: Clefable|94\/100|[from] item: Leftovers\n|upkeep\n|turn|21\n|\n|t:|1658769901\n|move|p2a: Clefable|Protect|p2a: Clefable\n|-singleturn|p2a: Clefable|Protect\n|move|p1a: Gengar|Trick|p2a: Clefable\n|-activate|p2a: Clefable|move: Protect\n|\n|-heal|p2a: Clefable|99\/100|[from] item: Leftovers\n|upkeep\n|turn|22\n|c|\u2606andrewm0n|i like leftovers because it pairs well with protect\n|c|\u2606andrewm0n|and blaz is always hurting himself\n|c|\u2606andrewm0n|i also have wish on fable\n|c|\u2606andrewm0n|so longevity\n|inactive|andrewm0n has 120 seconds left.\n|\n|t:|1658769933\n|switch|p2a: Seismitoad|Seismitoad, M|94\/100\n|-damage|p2a: Seismitoad|88\/100|[from] Stealth Rock\n|move|p1a: Gengar|Trick|p2a: Seismitoad\n|-activate|p1a: Gengar|move: Trick|[of] p2a: Seismitoad\n|-item|p2a: Seismitoad|Choice Specs|[from] move: Trick\n|-item|p1a: Gengar|Leftovers|[from] move: Trick\n|\n|-heal|p1a: Gengar|55\/100|[from] item: Leftovers\n|upkeep\n|turn|23\n|inactive|Nasa Agent has 120 seconds left.\n|\n|t:|1658769967\n|move|p1a: Gengar|Destiny Bond|p1a: Gengar\n|-singlemove|p1a: Gengar|Destiny Bond\n|move|p2a: Seismitoad|Earth Power|p1a: Gengar\n|-supereffective|p1a: Gengar\n|-damage|p1a: Gengar|0 fnt\n|faint|p1a: Gengar\n|-activate|p1a: Gengar|move: Destiny Bond\n|faint|p2a: Seismitoad\n|\n|upkeep\n|c|\u2606Nasa Agent|gg\n|inactive|andrewm0n has 120 seconds left.\n|\n|t:|1658769995\n|switch|p1a: Zeraora|Zeraora|19\/100\n|switch|p2a: Clefable|Clefable, M|99\/100\n|-damage|p2a: Clefable|88\/100|[from] Stealth Rock\n|turn|24\n|c|\u2606andrewm0n|gg\n|l| SHZW\n|\n|t:|1658770008\n|move|p1a: Zeraora|Plasma Fists|p2a: Clefable\n|-damage|p2a: Clefable|49\/100\n|-fieldactivate|move: Ion Deluge\n|-hint|Normal-type moves become Electric-type after using Plasma Fists.\n|move|p2a: Clefable|Moonblast|p1a: Zeraora\n|-damage|p1a: Zeraora|0 fnt\n|faint|p1a: Zeraora\n|\n|win|andrewm0n\n|raw|Nasa Agent's rating: 1730 &rarr; <strong>1716<\/strong><br \/>(-14 for losing)\n|raw|andrewm0n's rating: 1834 &rarr; <strong>1848<\/strong><br \/>(+14 for winning)\n|c| Andrew Soto|Gg\n|l|\u2606Nasa Agent\n|l|\u2606andrewm0n\n|l| Andrew Soto\n|l| Gdinax\n||Ladder isn't responding, score probably updated but might not have (Request timeout).\n|l| Akushi Yasama\n|j| Gdinax\n","uploadtime":1658770222,"views":42,"p1id":"nasaagent","p2id":"andrewm0n","formatid":"gen8ou","rating":1716,"private":0,"password":null}