{"id":"gen8ou-1639620110","p1":"Ban lando t guy jk","p2":"LT93OQ ouille","format":"gen8ou","log":"|raw|<div class=\"broadcast-blue\"><strong>This battle is required to be public due to a player having a name starting with 'lt93oq'.<\/div>\n|j|\u2606Ban lando t guy jk\n|j|\u2606LT93OQ ouille\n|t:|1660499517\n|gametype|singles\n|player|p1|Ban lando t guy jk|silver|1696\n|player|p2|LT93OQ ouille|zinnia|1770\n|teamsize|p1|6\n|teamsize|p2|6\n|gen|8\n|tier|[Gen 8] OU\n|rated|\n|rule|Sleep Clause Mod: Limit one foe put to sleep\n|rule|Species Clause: Limit one of each Pok\u00e9mon\n|rule|OHKO Clause: OHKO moves are banned\n|rule|Evasion Items Clause: Evasion items are banned\n|rule|Evasion Moves Clause: Evasion moves are banned\n|rule|Endless Battle Clause: Forcing endless battles is banned\n|rule|HP Percentage Mod: HP is shown in percentages\n|rule|Dynamax Clause: You cannot dynamax\n|clearpoke\n|poke|p1|Pelipper, F|\n|poke|p1|Barraskewda, F|\n|poke|p1|Ferrothorn, F|\n|poke|p1|Seismitoad, F|\n|poke|p1|Tapu Koko|\n|poke|p1|Tornadus-Therian, M|\n|poke|p2|Gastrodon-East, M|\n|poke|p2|Heatran, M|\n|poke|p2|Skarmory, M|\n|poke|p2|Toxapex, F|\n|poke|p2|Weavile, M|\n|poke|p2|Dragapult, M|\n|teampreview\n|inactive|Battle timer is ON: inactive players will automatically lose when time's up. (requested by Ban lando t guy jk)\n|j| Aksel1\n|inactive|LT93OQ ouille has 120 seconds left.\n|\n|t:|1660499558\n|start\n|switch|p1a: Speed Overdose|Tapu Koko|100\/100\n|switch|p2a: Toxapex|Toxapex, F|100\/100\n|-fieldstart|move: Electric Terrain|[from] ability: Electric Surge|[of] p1a: Speed Overdose\n|turn|1\n|\n|t:|1660499565\n|move|p1a: Speed Overdose|Grass Knot|p2a: Toxapex\n|-damage|p2a: Toxapex|88\/100\n|move|p2a: Toxapex|Toxic Spikes|p1a: Speed Overdose\n|-sidestart|p1: Ban lando t guy jk|move: Toxic Spikes\n|\n|upkeep\n|turn|2\n|\n|t:|1660499572\n|switch|p1a: Lando Black sheep|Tornadus-Therian, M|100\/100\n|switch|p2a: Gastrodon|Gastrodon-East, M|100\/100\n|\n|upkeep\n|turn|3\n|\n|t:|1660499576\n|switch|p2a: Toxapex|Toxapex, F|100\/100\n|move|p1a: Lando Black sheep|Knock Off|p2a: Toxapex\n|-damage|p2a: Toxapex|87\/100\n|-enditem|p2a: Toxapex|Shed Shell|[from] move: Knock Off|[of] p1a: Lando Black sheep\n|\n|upkeep\n|turn|4\n|\n|t:|1660499580\n|move|p1a: Lando Black sheep|Defog|p2a: Toxapex\n|-unboost|p2a: Toxapex|evasion|1\n|-sideend|p1: Ban lando t guy jk|Toxic Spikes|[from] move: Defog|[of] p1a: Lando Black sheep\n|-fieldend|move: Electric Terrain\n|move|p2a: Toxapex|Toxic|p1a: Lando Black sheep\n|-status|p1a: Lando Black sheep|tox\n|\n|-damage|p1a: Lando Black sheep|94\/100 tox|[from] psn\n|upkeep\n|turn|5\n|\n|t:|1660499582\n|move|p1a: Lando Black sheep|U-turn|p2a: Toxapex\n|-resisted|p2a: Toxapex\n|-damage|p2a: Toxapex|83\/100\n|\n|t:|1660499585\n|switch|p1a: Speed Overdose|Tapu Koko|100\/100|[from]move: U-turn\n|-fieldstart|move: Electric Terrain|[from] ability: Electric Surge|[of] p1a: Speed Overdose\n|move|p2a: Toxapex|Toxic Spikes|p1a: Speed Overdose\n|-sidestart|p1: Ban lando t guy jk|move: Toxic Spikes\n|\n|upkeep\n|turn|6\n|\n|t:|1660499590\n|switch|p2a: Heatran|Heatran, M|100\/100\n|move|p1a: Speed Overdose|Grass Knot|p2a: Heatran\n|-resisted|p2a: Heatran\n|-damage|p2a: Heatran|93\/100\n|\n|-heal|p2a: Heatran|99\/100|[from] item: Leftovers\n|upkeep\n|turn|7\n|\n|t:|1660499594\n|switch|p1a: Big Gulp sponsor|Pelipper, F|100\/100\n|-weather|RainDance|[from] ability: Drizzle|[of] p1a: Big Gulp sponsor\n|move|p2a: Heatran|Stealth Rock|p1a: Big Gulp sponsor\n|-sidestart|p1: Ban lando t guy jk|move: Stealth Rock\n|\n|-weather|RainDance|[upkeep]\n|-heal|p2a: Heatran|100\/100|[from] item: Leftovers\n|upkeep\n|turn|8\n|\n|t:|1660499597\n|move|p2a: Heatran|Taunt|p1a: Big Gulp sponsor\n|-start|p1a: Big Gulp sponsor|move: Taunt\n|cant|p1a: Big Gulp sponsor|move: Taunt|Defog\n|\n|-weather|RainDance|[upkeep]\n|upkeep\n|turn|9\n|\n|t:|1660499607\n|switch|p2a: Dragapult|Dragapult, M|100\/100\n|move|p1a: Big Gulp sponsor|Scald|p2a: Dragapult\n|-resisted|p2a: Dragapult\n|-damage|p2a: Dragapult|75\/100\n|\n|-weather|RainDance|[upkeep]\n|-fieldend|move: Electric Terrain\n|upkeep\n|turn|10\n|\n|t:|1660499615\n|switch|p1a: Hates rain|Ferrothorn, F|100\/100\n|-damage|p1a: Hates rain|94\/100|[from] Stealth Rock\n|move|p2a: Dragapult|Thunder Wave|p1a: Hates rain\n|-status|p1a: Hates rain|par\n|\n|-weather|RainDance|[upkeep]\n|-heal|p1a: Hates rain|100\/100 par|[from] item: Leftovers\n|upkeep\n|turn|11\n|\n|t:|1660499623\n|switch|p2a: Heatran|Heatran, M|100\/100\n|cant|p1a: Hates rain|par\n|\n|-weather|RainDance|[upkeep]\n|upkeep\n|turn|12\n|j| SM4SHB21RN\n|\n|t:|1660499635\n|switch|p2a: Weavile|Weavile, M|100\/100\n|switch|p1a: Lando Black sheep|Tornadus-Therian, M|100\/100 tox\n|\n|-weather|RainDance|[upkeep]\n|-damage|p1a: Lando Black sheep|94\/100 tox|[from] psn\n|upkeep\n|turn|13\n|\n|t:|1660499651\n|move|p1a: Lando Black sheep|Defog|p2a: Weavile\n|-unboost|p2a: Weavile|evasion|1\n|-sideend|p1: Ban lando t guy jk|Toxic Spikes|[from] move: Defog|[of] p1a: Lando Black sheep\n|-sideend|p1: Ban lando t guy jk|Stealth Rock|[from] move: Defog|[of] p1a: Lando Black sheep\n|move|p2a: Weavile|Knock Off|p1a: Lando Black sheep\n|-damage|p1a: Lando Black sheep|43\/100 tox\n|-enditem|p1a: Lando Black sheep|Heavy-Duty Boots|[from] move: Knock Off|[of] p2a: Weavile\n|\n|-weather|RainDance|[upkeep]\n|-damage|p1a: Lando Black sheep|31\/100 tox|[from] psn\n|upkeep\n|turn|14\n|\n|t:|1660499655\n|switch|p1a: Hates rain|Ferrothorn, F|100\/100 par\n|move|p2a: Weavile|Knock Off|p1a: Hates rain\n|-damage|p1a: Hates rain|69\/100 par\n|-damage|p2a: Weavile|88\/100|[from] ability: Iron Barbs|[of] p1a: Hates rain\n|-enditem|p1a: Hates rain|Leftovers|[from] move: Knock Off|[of] p2a: Weavile\n|\n|-weather|none\n|upkeep\n|turn|15\n|\n|t:|1660499661\n|switch|p2a: Heatran|Heatran, M|100\/100\n|move|p1a: Hates rain|Gyro Ball|p2a: Heatran\n|-resisted|p2a: Heatran\n|-crit|p2a: Heatran\n|-damage|p2a: Heatran|85\/100\n|\n|-heal|p2a: Heatran|91\/100|[from] item: Leftovers\n|upkeep\n|turn|16\n|\n|t:|1660499666\n|switch|p1a: Big Gulp sponsor|Pelipper, F|100\/100\n|-weather|RainDance|[from] ability: Drizzle|[of] p1a: Big Gulp sponsor\n|move|p2a: Heatran|Stealth Rock|p1a: Big Gulp sponsor\n|-sidestart|p1: Ban lando t guy jk|move: Stealth Rock\n|\n|-weather|RainDance|[upkeep]\n|-heal|p2a: Heatran|97\/100|[from] item: Leftovers\n|upkeep\n|turn|17\n|l| SM4SHB21RN\n|\n|t:|1660499675\n|switch|p2a: Toxapex|Toxapex, F|100\/100\n|move|p1a: Big Gulp sponsor|Scald|p2a: Toxapex\n|-resisted|p2a: Toxapex\n|-damage|p2a: Toxapex|84\/100\n|-status|p2a: Toxapex|brn\n|\n|-weather|RainDance|[upkeep]\n|-damage|p2a: Toxapex|78\/100 brn|[from] brn\n|upkeep\n|turn|18\n|\n|t:|1660499679\n|move|p1a: Big Gulp sponsor|Defog|p2a: Toxapex\n|-unboost|p2a: Toxapex|evasion|1\n|-sideend|p1: Ban lando t guy jk|Stealth Rock|[from] move: Defog|[of] p1a: Big Gulp sponsor\n|move|p2a: Toxapex|Toxic|p1a: Big Gulp sponsor\n|-status|p1a: Big Gulp sponsor|tox\n|\n|-weather|RainDance|[upkeep]\n|-damage|p1a: Big Gulp sponsor|94\/100 tox|[from] psn\n|-damage|p2a: Toxapex|72\/100 brn|[from] brn\n|upkeep\n|turn|19\n|\n|t:|1660499684\n|move|p1a: Big Gulp sponsor|U-turn|p2a: Toxapex\n|-resisted|p2a: Toxapex\n|-damage|p2a: Toxapex|69\/100 brn\n|\n|t:|1660499687\n|switch|p1a: Speed Overdose|Tapu Koko|100\/100|[from]move: U-turn\n|-fieldstart|move: Electric Terrain|[from] ability: Electric Surge|[of] p1a: Speed Overdose\n|move|p2a: Toxapex|Toxic|p1a: Speed Overdose\n|-status|p1a: Speed Overdose|tox\n|\n|-weather|RainDance|[upkeep]\n|-damage|p1a: Speed Overdose|94\/100 tox|[from] psn\n|-damage|p2a: Toxapex|63\/100 brn|[from] brn\n|upkeep\n|turn|20\n|\n|t:|1660499694\n|switch|p2a: Gastrodon|Gastrodon-East, M|100\/100\n|move|p1a: Speed Overdose|Grass Knot|p2a: Gastrodon\n|-supereffective|p2a: Gastrodon\n|-damage|p2a: Gastrodon|37\/100\n|\n|-weather|RainDance|[upkeep]\n|-heal|p2a: Gastrodon|43\/100|[from] item: Leftovers\n|-damage|p1a: Speed Overdose|82\/100 tox|[from] psn\n|upkeep\n|turn|21\n|\n|t:|1660499704\n|move|p1a: Speed Overdose|Grass Knot|p2a: Gastrodon\n|-supereffective|p2a: Gastrodon\n|-damage|p2a: Gastrodon|0 fnt\n|faint|p2a: Gastrodon\n|\n|-weather|RainDance|[upkeep]\n|-damage|p1a: Speed Overdose|64\/100 tox|[from] psn\n|upkeep\n|\n|t:|1660499710\n|switch|p2a: Weavile|Weavile, M|88\/100\n|turn|22\n|\n|t:|1660499714\n|switch|p1a: Hates rain|Ferrothorn, F|69\/100 par\n|move|p2a: Weavile|Swords Dance|p2a: Weavile\n|-boost|p2a: Weavile|atk|2\n|\n|-weather|RainDance|[upkeep]\n|upkeep\n|turn|23\n|\n|t:|1660499717\n|move|p2a: Weavile|Triple Axel|p1a: Hates rain\n|-damage|p1a: Hates rain|55\/100 par\n|-damage|p2a: Weavile|76\/100|[from] ability: Iron Barbs|[of] p1a: Hates rain\n|-damage|p1a: Hates rain|30\/100 par\n|-damage|p2a: Weavile|63\/100|[from] ability: Iron Barbs|[of] p1a: Hates rain\n|-damage|p1a: Hates rain|0 fnt\n|-damage|p2a: Weavile|51\/100|[from] ability: Iron Barbs|[of] p1a: Hates rain\n|faint|p1a: Hates rain\n|-hitcount|p1: Hates rain|3\n|\n|-weather|none\n|-fieldend|move: Electric Terrain\n|upkeep\n|\n|t:|1660499728\n|switch|p1a: Big Gulp sponsor|Pelipper, F|94\/100 tox\n|-weather|RainDance|[from] ability: Drizzle|[of] p1a: Big Gulp sponsor\n|turn|24\n|\n|t:|1660499734\n|move|p2a: Weavile|Triple Axel|p1a: Big Gulp sponsor\n|-damage|p1a: Big Gulp sponsor|77\/100 tox\n|-damage|p1a: Big Gulp sponsor|44\/100 tox\n|-damage|p1a: Big Gulp sponsor|0 fnt\n|faint|p1a: Big Gulp sponsor\n|-hitcount|p1: Big Gulp sponsor|3\n|\n|-weather|RainDance|[upkeep]\n|upkeep\n|\n|t:|1660499737\n|switch|p1a: One fish two fish|Barraskewda, F|100\/100\n|turn|25\n|j| ironwater dx\n|\n|t:|1660499755\n|switch|p2a: Toxapex|Toxapex, F|96\/100 brn\n|move|p1a: One fish two fish|Flip Turn|p2a: Toxapex\n|-resisted|p2a: Toxapex\n|-damage|p2a: Toxapex|73\/100 brn\n|\n|t:|1660499758\n|switch|p1a: Speed Overdose|Tapu Koko|64\/100 tox|[from]move: Flip Turn\n|-fieldstart|move: Electric Terrain|[from] ability: Electric Surge|[of] p1a: Speed Overdose\n|\n|-weather|RainDance|[upkeep]\n|-damage|p1a: Speed Overdose|58\/100 tox|[from] psn\n|-damage|p2a: Toxapex|67\/100 brn|[from] brn\n|upkeep\n|turn|26\n|\n|t:|1660499778\n|switch|p2a: Heatran|Heatran, M|97\/100\n|move|p1a: Speed Overdose|Volt Switch|p2a: Heatran\n|-damage|p2a: Heatran|64\/100\n|\n|t:|1660499781\n|switch|p1a: Agent \u00a5|Seismitoad, F, shiny|100\/100|[from]move: Volt Switch\n|\n|-weather|RainDance|[upkeep]\n|-heal|p2a: Heatran|70\/100|[from] item: Leftovers\n|upkeep\n|turn|27\n|\n|t:|1660499789\n|switch|p2a: Skarmory|Skarmory, M|100\/100\n|move|p1a: Agent \u00a5|Weather Ball|p2a: Skarmory\n|-ability|p2a: Skarmory|Sturdy\n|-damage|p2a: Skarmory|1\/100\n|-damage|p1a: Agent \u00a5|91\/100|[from] item: Life Orb\n|\n|-weather|RainDance|[upkeep]\n|upkeep\n|turn|28\n|\n|t:|1660499797\n|switch|p2a: Toxapex|Toxapex, F|99\/100 brn\n|move|p1a: Agent \u00a5|Weather Ball|p2a: Toxapex\n|-resisted|p2a: Toxapex\n|-damage|p2a: Toxapex|68\/100 brn\n|-damage|p1a: Agent \u00a5|81\/100|[from] item: Life Orb\n|\n|-weather|RainDance|[upkeep]\n|-damage|p2a: Toxapex|62\/100 brn|[from] brn\n|upkeep\n|turn|29\n|\n|t:|1660499802\n|switch|p2a: Skarmory|Skarmory, M|1\/100\n|move|p1a: Agent \u00a5|Earth Power|p2a: Skarmory\n|-immune|p2a: Skarmory\n|\n|-weather|RainDance|[upkeep]\n|-fieldend|move: Electric Terrain\n|upkeep\n|turn|30\n|\n|t:|1660499819\n|move|p1a: Agent \u00a5|Weather Ball|p2a: Skarmory\n|-damage|p2a: Skarmory|0 fnt\n|faint|p2a: Skarmory\n|-damage|p1a: Agent \u00a5|71\/100|[from] item: Life Orb\n|\n|-weather|RainDance|[upkeep]\n|upkeep\n|inactive|LT93OQ ouille has 120 seconds left.\n|\n|t:|1660499842\n|switch|p2a: Dragapult|Dragapult, M|75\/100\n|turn|31\n|\n|t:|1660499847\n|switch|p2a: Heatran|Heatran, M|70\/100\n|move|p1a: Agent \u00a5|Earth Power|p2a: Heatran\n|-supereffective|p2a: Heatran\n|-damage|p2a: Heatran|0 fnt\n|faint|p2a: Heatran\n|-damage|p1a: Agent \u00a5|61\/100|[from] item: Life Orb\n|\n|-weather|none\n|upkeep\n|\n|t:|1660499858\n|switch|p2a: Weavile|Weavile, M|51\/100\n|turn|32\n|\n|t:|1660499862\n|switch|p1a: Lando Black sheep|Tornadus-Therian, M|65\/100 tox\n|move|p2a: Weavile|Knock Off|p1a: Lando Black sheep\n|-damage|p1a: Lando Black sheep|25\/100 tox\n|\n|-damage|p1a: Lando Black sheep|19\/100 tox|[from] psn\n|upkeep\n|turn|33\n|\n|t:|1660499868\n|move|p2a: Weavile|Ice Shard|p1a: Lando Black sheep\n|-supereffective|p1a: Lando Black sheep\n|-damage|p1a: Lando Black sheep|0 fnt\n|faint|p1a: Lando Black sheep\n|\n|upkeep\n|\n|t:|1660499871\n|switch|p1a: One fish two fish|Barraskewda, F|100\/100\n|turn|34\n|\n|t:|1660499881\n|switch|p2a: Toxapex|Toxapex, F|95\/100 brn\n|move|p1a: One fish two fish|Flip Turn|p2a: Toxapex\n|-resisted|p2a: Toxapex\n|-damage|p2a: Toxapex|79\/100 brn\n|\n|t:|1660499884\n|switch|p1a: Speed Overdose|Tapu Koko|58\/100 tox|[from]move: Flip Turn\n|-fieldstart|move: Electric Terrain|[from] ability: Electric Surge|[of] p1a: Speed Overdose\n|\n|-damage|p1a: Speed Overdose|52\/100 tox|[from] psn\n|-damage|p2a: Toxapex|73\/100 brn|[from] brn\n|upkeep\n|turn|35\n|\n|t:|1660499907\n|switch|p2a: Dragapult|Dragapult, M|75\/100\n|move|p1a: Speed Overdose|Volt Switch|p2a: Dragapult\n|-resisted|p2a: Dragapult\n|-damage|p2a: Dragapult|40\/100\n|\n|t:|1660499912\n|switch|p1a: Agent \u00a5|Seismitoad, F, shiny|61\/100|[from]move: Volt Switch\n|\n|upkeep\n|turn|36\n|\n|t:|1660499915\n|move|p2a: Dragapult|Draco Meteor|p1a: Agent \u00a5|[miss]\n|-miss|p2a: Dragapult|p1a: Agent \u00a5\n|move|p1a: Agent \u00a5|Earth Power|p2a: Dragapult\n|-damage|p2a: Dragapult|0 fnt\n|faint|p2a: Dragapult\n|-damage|p1a: Agent \u00a5|51\/100|[from] item: Life Orb\n|\n|upkeep\n|-message|LT93OQ ouille forfeited.\n|\n|win|Ban lando t guy jk\n|raw|Ban lando t guy jk's rating: 1696 &rarr; <strong>1720<\/strong><br \/>(+24 for winning)\n|raw|LT93OQ ouille's rating: 1770 &rarr; <strong>1746<\/strong><br \/>(-24 for losing)\n|l|\u2606LT93OQ ouille\n","uploadtime":1660499928,"views":21,"p1id":"banlandotguyjk","p2id":"lt93oqouille","formatid":"gen8ou","rating":1720,"private":0,"password":null}