{"id":"gen8nationaldex-1694250698","p1":"ChandosH","p2":"lemon1119","format":"gen8nationaldex","log":"|j|\u2606ChandosH\n|j|\u2606lemon1119\n|t:|1666684576\n|gametype|singles\n|player|p1|ChandosH|n-masters|1526\n|player|p2|lemon1119|colress|1469\n|teamsize|p1|6\n|teamsize|p2|6\n|gen|8\n|tier|[Gen 8] National Dex\n|rated|\n|rule|HP Percentage Mod: HP is shown in percentages\n|rule|Endless Battle Clause: Forcing endless battles is banned\n|rule|OHKO Clause: OHKO moves are banned\n|rule|Evasion Moves Clause: Evasion moves are banned\n|rule|Species Clause: Limit one of each Pok\u00e9mon\n|rule|Dynamax Clause: You cannot dynamax\n|rule|Sleep Clause Mod: Limit one foe put to sleep\n|clearpoke\n|poke|p1|Greninja, F|\n|poke|p1|Weavile, M|\n|poke|p1|Charizard, F|\n|poke|p1|Nihilego|\n|poke|p1|Kartana|\n|poke|p1|Tapu Lele|\n|poke|p2|Charizard, M|\n|poke|p2|Rillaboom, M|\n|poke|p2|Tyranitar, M|\n|poke|p2|Corviknight, M|\n|poke|p2|Tapu Koko|\n|poke|p2|Gliscor, F|\n|teampreview\n|inactive|Battle timer is ON: inactive players will automatically lose when time's up. (requested by lemon1119)\n|\n|t:|1666684596\n|start\n|switch|p1a: Greninja|Greninja, F|100\/100\n|switch|p2a: Corviknight|Corviknight, M|100\/100\n|-ability|p2a: Corviknight|Pressure\n|turn|1\n|\n|t:|1666684602\n|move|p1a: Greninja|Spikes|p2a: Corviknight\n|-start|p1a: Greninja|typechange|Ground|[from] ability: Protean\n|-sidestart|p2: lemon1119|Spikes\n|move|p2a: Corviknight|U-turn|p1a: Greninja\n|-damage|p1a: Greninja|76\/100\n|\n|t:|1666684616\n|switch|p2a: Rillaboom|Rillaboom, M|100\/100|[from]move: U-turn\n|-damage|p2a: Rillaboom|88\/100|[from] Spikes\n|-fieldstart|move: Grassy Terrain|[from] ability: Grassy Surge|[of] p2a: Rillaboom\n|\n|-heal|p1a: Greninja|82\/100|[from] Grassy Terrain\n|-heal|p2a: Rillaboom|94\/100|[from] Grassy Terrain\n|upkeep\n|turn|2\n|\n|t:|1666684628\n|switch|p1a: Charizard|Charizard, F|100\/100\n|move|p2a: Rillaboom|U-turn|p1a: Charizard\n|-resisted|p1a: Charizard\n|-crit|p1a: Charizard\n|-damage|p1a: Charizard|80\/100\n|\n|t:|1666684639\n|switch|p2a: Tapu Koko|Tapu Koko|100\/100|[from]move: U-turn\n|-damage|p2a: Tapu Koko|88\/100|[from] Spikes\n|-fieldstart|move: Electric Terrain|[from] ability: Electric Surge|[of] p2a: Tapu Koko\n|\n|upkeep\n|turn|3\n|inactive|ChandosH has 120 seconds left.\n|inactive|ChandosH has 90 seconds left.\n|\n|t:|1666684703\n|switch|p1a: Greninja|Greninja, F|82\/100\n|move|p2a: Tapu Koko|Volt Switch|p1a: Greninja\n|-supereffective|p1a: Greninja\n|-damage|p1a: Greninja|0 fnt\n|faint|p1a: Greninja\n|\n|t:|1666684715\n|switch|p2a: Gliscor|Gliscor, F|100\/100|[from]move: Volt Switch\n|\n|-status|p2a: Gliscor|tox|[from] item: Toxic Orb\n|upkeep\n|inactive|ChandosH has 90 seconds left.\n|\n|t:|1666684726\n|switch|p1a: Weavile|Weavile, M|100\/100\n|-ability|p1a: Weavile|Pressure\n|turn|4\n|\n|t:|1666684739\n|switch|p2a: Corviknight|Corviknight, M|100\/100\n|-ability|p2a: Corviknight|Pressure\n|move|p1a: Weavile|Swords Dance|p1a: Weavile\n|-boost|p1a: Weavile|atk|2\n|\n|upkeep\n|turn|5\n|\n|t:|1666684748\n|-zpower|p1a: Weavile\n|move|p1a: Weavile|Black Hole Eclipse|p2a: Corviknight|[zeffect]\n|-damage|p2a: Corviknight|0 fnt\n|faint|p2a: Corviknight\n|\n|upkeep\n|\n|t:|1666684755\n|switch|p2a: Rillaboom|Rillaboom, M|94\/100\n|-damage|p2a: Rillaboom|82\/100|[from] Spikes\n|-fieldstart|move: Grassy Terrain|[from] ability: Grassy Surge|[of] p2a: Rillaboom\n|turn|6\n|\n|t:|1666684769\n|move|p1a: Weavile|Ice Shard|p2a: Rillaboom\n|-supereffective|p2a: Rillaboom\n|-damage|p2a: Rillaboom|0 fnt\n|faint|p2a: Rillaboom\n|\n|upkeep\n|\n|t:|1666684780\n|switch|p2a: Tapu Koko|Tapu Koko|88\/100\n|-damage|p2a: Tapu Koko|76\/100|[from] Spikes\n|-fieldstart|move: Electric Terrain|[from] ability: Electric Surge|[of] p2a: Tapu Koko\n|turn|7\n|\n|t:|1666684808\n|move|p2a: Tapu Koko|Thunderbolt|p1a: Weavile\n|-damage|p1a: Weavile|0 fnt\n|faint|p1a: Weavile\n|\n|upkeep\n|inactive|ChandosH has 90 seconds left.\n|inactive|ChandosH has 60 seconds left.\n|\n|t:|1666684854\n|switch|p1a: Nihilego|Nihilego|100\/100\n|turn|8\n|inactive|ChandosH has 60 seconds left.\n|\n|t:|1666684881\n|move|p2a: Tapu Koko|Thunderbolt|p1a: Nihilego\n|-damage|p1a: Nihilego|48\/100\n|move|p1a: Nihilego|Sludge Wave|p2a: Tapu Koko\n|-supereffective|p2a: Tapu Koko\n|-damage|p2a: Tapu Koko|0 fnt\n|faint|p2a: Tapu Koko\n|-ability|p1a: Nihilego|Beast Boost|boost\n|-boost|p1a: Nihilego|spe|1\n|\n|upkeep\n|\n|t:|1666684883\n|switch|p2a: Gliscor|Gliscor, F|100\/100 tox\n|turn|9\n|\n|t:|1666684892\n|switch|p1a: Charizard|Charizard, F|80\/100\n|move|p2a: Gliscor|Earthquake|p1a: Charizard\n|-immune|p1a: Charizard\n|\n|upkeep\n|turn|10\n|inactive|ChandosH has 60 seconds left.\n|\n|t:|1666684901\n|move|p1a: Charizard|Dragon Dance|p1a: Charizard\n|-boost|p1a: Charizard|atk|1\n|-boost|p1a: Charizard|spe|1\n|move|p2a: Gliscor|Roost||[still]\n|-fail|p2a: Gliscor|heal\n|\n|upkeep\n|turn|11\n|\n|t:|1666684907\n|move|p1a: Charizard|Dragon Dance|p1a: Charizard\n|-boost|p1a: Charizard|atk|1\n|-boost|p1a: Charizard|spe|1\n|move|p2a: Gliscor|Toxic|p1a: Charizard\n|-status|p1a: Charizard|tox\n|\n|-damage|p1a: Charizard|74\/100 tox|[from] psn\n|-fieldend|move: Electric Terrain\n|upkeep\n|turn|12\n|\n|t:|1666684920\n|detailschange|p1a: Charizard|Charizard-Mega-X, F\n|-mega|p1a: Charizard|Charizard|Charizardite X\n|move|p1a: Charizard|Flare Blitz|p2a: Gliscor\n|-damage|p2a: Gliscor|0 fnt\n|faint|p2a: Gliscor\n|-damage|p1a: Charizard|34\/100 tox|[from] Recoil\n|\n|-damage|p1a: Charizard|22\/100 tox|[from] psn\n|upkeep\n|-message|lemon1119 forfeited.\n|\n|win|ChandosH\n|raw|ChandosH's rating: 1526 &rarr; <strong>1543<\/strong><br \/>(+17 for winning)\n|raw|lemon1119's rating: 1469 &rarr; <strong>1452<\/strong><br \/>(-17 for losing)\n|l|\u2606lemon1119\n|l|\u2606ChandosH\n|j|\u2606ChandosH\n|player|p1|ChandosH|n-masters\n","uploadtime":1666684949,"views":11,"p1id":"chandosh","p2id":"lemon1119","formatid":"gen8nationaldex","rating":1452,"private":0,"password":null}