{"id":"gen8nationaldex-1602184249","p1":"TheCuriousShuckle","p2":"yung_iznamakin","format":"gen8nationaldex","log":"|j|\u2606TheCuriousShuckle\n|j|\u2606yung_iznamakin\n|t:|1655942859\n|gametype|singles\n|player|p1|TheCuriousShuckle|crasherwake|1585\n|player|p2|yung_iznamakin|wally|1600\n|teamsize|p1|6\n|teamsize|p2|6\n|gen|8\n|tier|[Gen 8] National Dex\n|rated|\n|rule|HP Percentage Mod: HP is shown in percentages\n|rule|Endless Battle Clause: Forcing endless battles is banned\n|rule|OHKO Clause: OHKO moves are banned\n|rule|Evasion Moves Clause: Evasion moves are banned\n|rule|Species Clause: Limit one of each Pok\u00e9mon\n|rule|Dynamax Clause: You cannot dynamax\n|rule|Sleep Clause Mod: Limit one foe put to sleep\n|clearpoke\n|poke|p1|Diancie|\n|poke|p1|Urshifu-*, M|\n|poke|p1|Tapu Koko|\n|poke|p1|Serperior, M|\n|poke|p1|Zapdos|\n|poke|p1|Gastrodon, M|\n|poke|p2|Charizard, M|\n|poke|p2|Greninja, M|\n|poke|p2|Nidoking, M|\n|poke|p2|Kommo-o, M|\n|poke|p2|Blissey, F|\n|poke|p2|Corviknight, M|\n|teampreview\n|inactive|Battle timer is ON: inactive players will automatically lose when time's up. (requested by yung_iznamakin)\n|\n|t:|1655942869\n|start\n|switch|p1a: Urshifu|Urshifu-Rapid-Strike, M|100\/100\n|switch|p2a: Greninja|Greninja, M|100\/100\n|turn|1\n|\n|t:|1655942876\n|switch|p2a: Corviknight|Corviknight, M|100\/100\n|-ability|p2a: Corviknight|Pressure\n|move|p1a: Urshifu|U-turn|p2a: Corviknight\n|-resisted|p2a: Corviknight\n|-damage|p2a: Corviknight|97\/100\n|\n|t:|1655942882\n|switch|p1a: Tapu Koko|Tapu Koko, shiny|100\/100|[from]move: U-turn\n|-fieldstart|move: Electric Terrain|[from] ability: Electric Surge|[of] p1a: Tapu Koko\n|\n|-heal|p2a: Corviknight|100\/100|[from] item: Leftovers\n|upkeep\n|turn|2\n|\n|t:|1655942891\n|switch|p2a: Nidoking|Nidoking, M|100\/100\n|move|p1a: Tapu Koko|U-turn|p2a: Nidoking\n|-resisted|p2a: Nidoking\n|-damage|p2a: Nidoking|85\/100\n|\n|t:|1655942897\n|switch|p1a: Serperior|Serperior, M, shiny|100\/100|[from]move: U-turn\n|\n|upkeep\n|turn|3\n|\n|t:|1655942902\n|switch|p2a: Blissey|Blissey, F|100\/100\n|move|p1a: Serperior|Leaf Storm|p2a: Blissey|[miss]\n|-miss|p1a: Serperior|p2a: Blissey\n|\n|upkeep\n|turn|4\n|\n|t:|1655942908\n|move|p1a: Serperior|Substitute|p1a: Serperior\n|-start|p1a: Serperior|Substitute\n|-damage|p1a: Serperior|76\/100\n|move|p2a: Blissey|Teleport|p2a: Blissey\n|\n|t:|1655942912\n|switch|p2a: Greninja|Greninja, M|100\/100|[from]move: Teleport\n|\n|-heal|p1a: Serperior|82\/100|[from] item: Leftovers\n|upkeep\n|turn|5\n|\n|t:|1655942919\n|move|p2a: Greninja|U-turn|p1a: Serperior\n|-start|p2a: Greninja|typechange|Bug|[from] ability: Protean\n|-supereffective|p1a: Serperior\n|-end|p1a: Serperior|Substitute\n|\n|t:|1655942923\n|switch|p2a: Blissey|Blissey, F|100\/100|[from]move: U-turn\n|move|p1a: Serperior|Leech Seed|p2a: Blissey\n|-start|p2a: Blissey|move: Leech Seed\n|\n|-heal|p1a: Serperior|88\/100|[from] item: Leftovers\n|-damage|p2a: Blissey|88\/100|[from] Leech Seed|[of] p1a: Serperior\n|-heal|p1a: Serperior|100\/100|[silent]\n|-fieldend|move: Electric Terrain\n|upkeep\n|turn|6\n|\n|t:|1655942933\n|move|p1a: Serperior|Leaf Storm|p2a: Blissey\n|-damage|p2a: Blissey|72\/100\n|-boost|p1a: Serperior|spa|2\n|move|p2a: Blissey|Teleport|p2a: Blissey\n|\n|t:|1655942938\n|switch|p2a: Greninja|Greninja, M|100\/100|[from]move: Teleport\n|\n|upkeep\n|turn|7\n|\n|t:|1655942946\n|switch|p1a: Gastrodon|Gastrodon, M, shiny|100\/100\n|move|p2a: Greninja|Gunk Shot|p1a: Gastrodon\n|-start|p2a: Greninja|typechange|Poison|[from] ability: Protean\n|-resisted|p1a: Gastrodon\n|-damage|p1a: Gastrodon|61\/100\n|-status|p1a: Gastrodon|psn\n|\n|-heal|p1a: Gastrodon|67\/100 psn|[from] item: Leftovers\n|-damage|p1a: Gastrodon|55\/100 psn|[from] psn\n|upkeep\n|turn|8\n|\n|t:|1655942961\n|switch|p2a: Blissey|Blissey, F|72\/100\n|switch|p1a: Tapu Koko|Tapu Koko, shiny|100\/100\n|-fieldstart|move: Electric Terrain|[from] ability: Electric Surge|[of] p1a: Tapu Koko\n|\n|upkeep\n|turn|9\n|\n|t:|1655942969\n|-zpower|p1a: Tapu Koko\n|move|p1a: Tapu Koko|Gigavolt Havoc|p2a: Blissey|[zeffect]\n|-damage|p2a: Blissey|0 fnt\n|faint|p2a: Blissey\n|\n|upkeep\n|\n|t:|1655942976\n|switch|p2a: Nidoking|Nidoking, M|85\/100\n|turn|10\n|\n|t:|1655942981\n|move|p1a: Tapu Koko|U-turn|p2a: Nidoking\n|-resisted|p2a: Nidoking\n|-damage|p2a: Nidoking|70\/100\n|\n|t:|1655942984\n|switch|p1a: Gastrodon|Gastrodon, M, shiny|55\/100 psn|[from]move: U-turn\n|move|p2a: Nidoking|Sludge Wave|p1a: Gastrodon\n|-resisted|p1a: Gastrodon\n|-damage|p1a: Gastrodon|35\/100 psn\n|\n|-heal|p1a: Gastrodon|41\/100 psn|[from] item: Leftovers\n|-damage|p1a: Gastrodon|28\/100 psn|[from] psn\n|upkeep\n|turn|11\n|\n|t:|1655942994\n|move|p2a: Nidoking|Earth Power|p1a: Gastrodon\n|-damage|p1a: Gastrodon|0 fnt\n|faint|p1a: Gastrodon\n|\n|upkeep\n|\n|t:|1655943000\n|switch|p1a: Diancie|Diancie, shiny|100\/100\n|turn|12\n|\n|t:|1655943005\n|detailschange|p1a: Diancie|Diancie-Mega, shiny\n|-mega|p1a: Diancie|Diancie|Diancite\n|move|p1a: Diancie|Earth Power|p2a: Nidoking\n|-supereffective|p2a: Nidoking\n|-damage|p2a: Nidoking|0 fnt\n|faint|p2a: Nidoking\n|\n|-fieldend|move: Electric Terrain\n|upkeep\n|\n|t:|1655943012\n|switch|p2a: Charizard|Charizard, M|100\/100\n|turn|13\n|\n|t:|1655943016\n|switch|p2a: Corviknight|Corviknight, M|100\/100\n|-ability|p2a: Corviknight|Pressure\n|move|p1a: Diancie|Diamond Storm|p2a: Corviknight\n|-damage|p2a: Corviknight|71\/100\n|-boost|p1a: Diancie|def|2\n|\n|-heal|p2a: Corviknight|77\/100|[from] item: Leftovers\n|upkeep\n|turn|14\n|\n|t:|1655943026\n|move|p1a: Diancie|Mystical Fire|p2a: Corviknight\n|-supereffective|p2a: Corviknight\n|-damage|p2a: Corviknight|15\/100\n|-unboost|p2a: Corviknight|spa|1\n|move|p2a: Corviknight|Iron Defense|p2a: Corviknight\n|-boost|p2a: Corviknight|def|2\n|\n|-heal|p2a: Corviknight|21\/100|[from] item: Leftovers\n|upkeep\n|turn|15\n|-message|yung_iznamakin forfeited.\n|\n|win|TheCuriousShuckle\n|raw|TheCuriousShuckle's rating: 1585 &rarr; <strong>1606<\/strong><br \/>(+21 for winning)\n|raw|yung_iznamakin's rating: 1600 &rarr; <strong>1579<\/strong><br \/>(-21 for losing)\n|l|\u2606yung_iznamakin\n","uploadtime":1655943043,"views":7,"p1id":"thecuriousshuckle","p2id":"yungiznamakin","formatid":"gen8nationaldex","rating":1579,"private":0,"password":null}