{"id":"gen8bdspou-1635880569","p1":"prettylit","p2":"Ill Leave","format":"gen8bdspou","log":"|j|\u2606prettylit\n|j|\u2606Ill Leave\n|t:|1660063896\n|gametype|singles\n|player|p1|prettylit|li|1377\n|player|p2|Ill Leave|266|1558\n|teamsize|p1|6\n|teamsize|p2|6\n|gen|8\n|tier|[Gen 8 BDSP] OU\n|rated|\n|rule|Sleep Clause Mod: Limit one foe put to sleep\n|rule|Species Clause: Limit one of each Pok\u00e9mon\n|rule|OHKO Clause: OHKO moves are banned\n|rule|Evasion Items Clause: Evasion items are banned\n|rule|Evasion Moves Clause: Evasion moves are banned\n|rule|Endless Battle Clause: Forcing endless battles is banned\n|rule|HP Percentage Mod: HP is shown in percentages\n|clearpoke\n|poke|p1|Alakazam, M|\n|poke|p1|Charizard, F|\n|poke|p1|Tyranitar, M|\n|poke|p1|Scizor, M|\n|poke|p1|Gastrodon, M|\n|poke|p1|Starmie|\n|poke|p2|Crawdaunt, M|\n|poke|p2|Lucario, F|\n|poke|p2|Garchomp, F|\n|poke|p2|Clefable, F|\n|poke|p2|Heatran, M|\n|poke|p2|Weezing, M|\n|teampreview\n|\n|t:|1660063908\n|start\n|switch|p1a: Scizor|Scizor, M|100\/100\n|switch|p2a: Garchomp|Garchomp, F|100\/100\n|turn|1\n|\n|t:|1660063920\n|switch|p1a: Gastrodon|Gastrodon, M|100\/100\n|move|p2a: Garchomp|Stealth Rock|p1a: Gastrodon\n|-sidestart|p1: prettylit|move: Stealth Rock\n|\n|upkeep\n|turn|2\n|\n|t:|1660063928\n|move|p2a: Garchomp|Swords Dance|p2a: Garchomp\n|-boost|p2a: Garchomp|atk|2\n|move|p1a: Gastrodon|Scald|p2a: Garchomp\n|-damage|p2a: Garchomp|71\/100\n|-status|p2a: Garchomp|brn\n|-enditem|p2a: Garchomp|Lum Berry|[eat]\n|-curestatus|p2a: Garchomp|brn|[msg]\n|\n|upkeep\n|turn|3\n|\n|t:|1660063931\n|move|p2a: Garchomp|Earthquake|p1a: Gastrodon\n|-damage|p1a: Gastrodon|20\/100\n|move|p1a: Gastrodon|Scald|p2a: Garchomp\n|-damage|p2a: Garchomp|42\/100\n|\n|-heal|p1a: Gastrodon|26\/100|[from] item: Leftovers\n|upkeep\n|turn|4\n|\n|t:|1660063936\n|switch|p1a: Charizard|Charizard, F|100\/100\n|-damage|p1a: Charizard|51\/100|[from] Stealth Rock\n|move|p2a: Garchomp|Stone Edge|p1a: Charizard|[miss]\n|-miss|p2a: Garchomp|p1a: Charizard\n|\n|upkeep\n|turn|5\n|\n|t:|1660063940\n|move|p1a: Charizard|Dragon Pulse|p2a: Garchomp\n|-supereffective|p2a: Garchomp\n|-damage|p2a: Garchomp|0 fnt\n|faint|p2a: Garchomp\n|\n|upkeep\n|\n|t:|1660063952\n|switch|p2a: Weezing|Weezing, M|100\/100\n|turn|6\n|\n|t:|1660063957\n|switch|p1a: Starmie|Starmie|100\/100\n|-damage|p1a: Starmie|88\/100|[from] Stealth Rock\n|move|p2a: Weezing|Toxic Spikes|p1a: Starmie\n|-sidestart|p1: prettylit|move: Toxic Spikes\n|\n|-heal|p1a: Starmie|94\/100|[from] item: Leftovers\n|upkeep\n|turn|7\n|\n|t:|1660063960\n|move|p1a: Starmie|Rapid Spin|p2a: Weezing\n|-damage|p2a: Weezing|95\/100\n|-boost|p1a: Starmie|spe|1\n|-sideend|p1: prettylit|Toxic Spikes|[from] move: Rapid Spin|[of] p1a: Starmie\n|-sideend|p1: prettylit|Stealth Rock|[from] move: Rapid Spin|[of] p1a: Starmie\n|move|p2a: Weezing|Toxic|p1a: Starmie\n|-status|p1a: Starmie|tox\n|\n|-heal|p1a: Starmie|99\/100 tox|[from] item: Leftovers\n|-heal|p2a: Weezing|100\/100|[from] item: Black Sludge\n|-damage|p1a: Starmie|94\/100 tox|[from] psn\n|upkeep\n|turn|8\n|\n|t:|1660063965\n|move|p1a: Starmie|Scald|p2a: Weezing\n|-damage|p2a: Weezing|56\/100\n|-status|p2a: Weezing|brn\n|move|p2a: Weezing|Toxic Spikes|p1a: Starmie\n|-sidestart|p1: prettylit|move: Toxic Spikes\n|\n|-heal|p1a: Starmie|99\/100 tox|[from] item: Leftovers\n|-heal|p2a: Weezing|62\/100 brn|[from] item: Black Sludge\n|-damage|p1a: Starmie|88\/100 tox|[from] psn\n|-damage|p2a: Weezing|56\/100 brn|[from] brn\n|upkeep\n|turn|9\n|\n|t:|1660063968\n|move|p1a: Starmie|Rapid Spin|p2a: Weezing\n|-damage|p2a: Weezing|51\/100 brn\n|-boost|p1a: Starmie|spe|1\n|-sideend|p1: prettylit|Toxic Spikes|[from] move: Rapid Spin|[of] p1a: Starmie\n|move|p2a: Weezing|Pain Split|p1a: Starmie\n|-sethp|p1a: Starmie|74\/100 tox|[from] move: Pain Split|[silent]\n|-sethp|p2a: Weezing|63\/100 brn|[from] move: Pain Split\n|\n|-heal|p1a: Starmie|80\/100 tox|[from] item: Leftovers\n|-heal|p2a: Weezing|69\/100 brn|[from] item: Black Sludge\n|-damage|p1a: Starmie|62\/100 tox|[from] psn\n|-damage|p2a: Weezing|63\/100 brn|[from] brn\n|upkeep\n|turn|10\n|\n|t:|1660063977\n|move|p1a: Starmie|Scald|p2a: Weezing\n|-damage|p2a: Weezing|21\/100 brn\n|move|p2a: Weezing|Toxic Spikes|p1a: Starmie\n|-sidestart|p1: prettylit|move: Toxic Spikes\n|\n|-heal|p1a: Starmie|68\/100 tox|[from] item: Leftovers\n|-heal|p2a: Weezing|27\/100 brn|[from] item: Black Sludge\n|-damage|p1a: Starmie|44\/100 tox|[from] psn\n|-damage|p2a: Weezing|21\/100 brn|[from] brn\n|upkeep\n|turn|11\n|\n|t:|1660063982\n|move|p1a: Starmie|Rapid Spin|p2a: Weezing\n|-damage|p2a: Weezing|15\/100 brn\n|-boost|p1a: Starmie|spe|1\n|-sideend|p1: prettylit|Toxic Spikes|[from] move: Rapid Spin|[of] p1a: Starmie\n|move|p2a: Weezing|Pain Split|p1a: Starmie\n|-sethp|p1a: Starmie|31\/100 tox|[from] move: Pain Split|[silent]\n|-sethp|p2a: Weezing|27\/100 brn|[from] move: Pain Split\n|\n|-heal|p1a: Starmie|37\/100 tox|[from] item: Leftovers\n|-heal|p2a: Weezing|33\/100 brn|[from] item: Black Sludge\n|-damage|p1a: Starmie|7\/100 tox|[from] psn\n|-damage|p2a: Weezing|27\/100 brn|[from] brn\n|upkeep\n|turn|12\n|\n|t:|1660063985\n|move|p1a: Starmie|Scald|p2a: Weezing\n|-damage|p2a: Weezing|0 fnt\n|faint|p2a: Weezing\n|\n|-heal|p1a: Starmie|13\/100 tox|[from] item: Leftovers\n|-damage|p1a: Starmie|0 fnt|[from] psn\n|faint|p1a: Starmie\n|upkeep\n|\n|t:|1660063999\n|switch|p1a: Alakazam|Alakazam, M, shiny|100\/100\n|switch|p2a: Crawdaunt|Crawdaunt, M|100\/100\n|turn|13\n|\n|t:|1660064008\n|switch|p1a: Gastrodon|Gastrodon, M|26\/100\n|move|p2a: Crawdaunt|Knock Off|p1a: Gastrodon\n|-damage|p1a: Gastrodon|0 fnt\n|-enditem|p1a: Gastrodon|Leftovers|[from] move: Knock Off|[of] p2a: Crawdaunt\n|faint|p1a: Gastrodon\n|\n|upkeep\n|\n|t:|1660064021\n|switch|p1a: Tyranitar|Tyranitar, M|100\/100\n|-weather|Sandstorm|[from] ability: Sand Stream|[of] p1a: Tyranitar\n|turn|14\n|\n|t:|1660064026\n|switch|p2a: Clefable|Clefable, F|100\/100\n|move|p1a: Tyranitar|Fire Blast|p2a: Clefable\n|-damage|p2a: Clefable|74\/100\n|\n|-weather|Sandstorm|[upkeep]\n|-heal|p2a: Clefable|80\/100|[from] item: Leftovers\n|upkeep\n|turn|15\n|\n|t:|1660064028\n|move|p2a: Clefable|Wish|p2a: Clefable\n|move|p1a: Tyranitar|Stealth Rock|p2a: Clefable\n|-sidestart|p2: Ill Leave|move: Stealth Rock\n|\n|-weather|Sandstorm|[upkeep]\n|-heal|p2a: Clefable|86\/100|[from] item: Leftovers\n|upkeep\n|turn|16\n|\n|t:|1660064039\n|switch|p2a: Lucario|Lucario, F|100\/100\n|-damage|p2a: Lucario|98\/100|[from] Stealth Rock\n|switch|p1a: Charizard|Charizard, F|51\/100\n|\n|-weather|Sandstorm|[upkeep]\n|-damage|p1a: Charizard|45\/100|[from] Sandstorm\n|-heal|p2a: Lucario|100\/100|[from] move: Wish|[wisher] Clefable\n|upkeep\n|turn|17\n|\n|t:|1660064051\n|switch|p1a: Scizor|Scizor, M|100\/100\n|move|p2a: Lucario|Extreme Speed|p1a: Scizor\n|-resisted|p1a: Scizor\n|-damage|p1a: Scizor|85\/100\n|\n|-weather|Sandstorm|[upkeep]\n|-heal|p1a: Scizor|91\/100|[from] item: Leftovers\n|upkeep\n|turn|18\n|\n|t:|1660064061\n|switch|p2a: Heatran|Heatran, M|100\/100\n|-damage|p2a: Heatran|88\/100|[from] Stealth Rock\n|move|p1a: Scizor|Swords Dance|p1a: Scizor\n|-boost|p1a: Scizor|atk|2\n|\n|-weather|none\n|-heal|p2a: Heatran|94\/100|[from] item: Leftovers\n|-heal|p1a: Scizor|98\/100|[from] item: Leftovers\n|upkeep\n|turn|19\n|\n|t:|1660064084\n|switch|p1a: Tyranitar|Tyranitar, M|100\/100\n|-weather|Sandstorm|[from] ability: Sand Stream|[of] p1a: Tyranitar\n|move|p2a: Heatran|Lava Plume|p1a: Tyranitar\n|-resisted|p1a: Tyranitar\n|-damage|p1a: Tyranitar|93\/100\n|-status|p1a: Tyranitar|brn\n|\n|-weather|Sandstorm|[upkeep]\n|-heal|p2a: Heatran|100\/100|[from] item: Leftovers\n|-heal|p1a: Tyranitar|99\/100 brn|[from] item: Leftovers\n|-damage|p1a: Tyranitar|93\/100 brn|[from] brn\n|upkeep\n|turn|20\n|\n|t:|1660064091\n|move|p2a: Heatran|Substitute|p2a: Heatran\n|-start|p2a: Heatran|Substitute\n|-damage|p2a: Heatran|76\/100\n|move|p1a: Tyranitar|Crunch|p2a: Heatran\n|-activate|p2a: Heatran|move: Substitute|[damage]\n|\n|-weather|Sandstorm|[upkeep]\n|-heal|p2a: Heatran|82\/100|[from] item: Leftovers\n|-heal|p1a: Tyranitar|99\/100 brn|[from] item: Leftovers\n|-damage|p1a: Tyranitar|93\/100 brn|[from] brn\n|upkeep\n|turn|21\n|\n|t:|1660064096\n|move|p2a: Heatran|Earth Power|p1a: Tyranitar\n|-supereffective|p1a: Tyranitar\n|-damage|p1a: Tyranitar|72\/100 brn\n|move|p1a: Tyranitar|Fire Blast|p2a: Heatran\n|-start|p2a: Heatran|ability: Flash Fire\n|\n|-weather|Sandstorm|[upkeep]\n|-heal|p2a: Heatran|88\/100|[from] item: Leftovers\n|-heal|p1a: Tyranitar|78\/100 brn|[from] item: Leftovers\n|-damage|p1a: Tyranitar|72\/100 brn|[from] brn\n|upkeep\n|turn|22\n|\n|t:|1660064103\n|move|p2a: Heatran|Earth Power|p1a: Tyranitar\n|-supereffective|p1a: Tyranitar\n|-damage|p1a: Tyranitar|49\/100 brn\n|move|p1a: Tyranitar|Crunch|p2a: Heatran\n|-end|p2a: Heatran|Substitute\n|\n|-weather|Sandstorm|[upkeep]\n|-heal|p2a: Heatran|94\/100|[from] item: Leftovers\n|-heal|p1a: Tyranitar|55\/100 brn|[from] item: Leftovers\n|-damage|p1a: Tyranitar|49\/100 brn|[from] brn\n|upkeep\n|turn|23\n|\n|t:|1660064110\n|move|p2a: Heatran|Substitute|p2a: Heatran\n|-start|p2a: Heatran|Substitute\n|-damage|p2a: Heatran|69\/100\n|move|p1a: Tyranitar|Crunch|p2a: Heatran\n|-activate|p2a: Heatran|move: Substitute|[damage]\n|\n|-weather|none\n|-heal|p2a: Heatran|76\/100|[from] item: Leftovers\n|-heal|p1a: Tyranitar|55\/100 brn|[from] item: Leftovers\n|-damage|p1a: Tyranitar|49\/100 brn|[from] brn\n|upkeep\n|turn|24\n|\n|t:|1660064112\n|move|p2a: Heatran|Protect|p2a: Heatran\n|-singleturn|p2a: Heatran|Protect\n|move|p1a: Tyranitar|Crunch|p2a: Heatran\n|-activate|p2a: Heatran|move: Protect\n|\n|-heal|p2a: Heatran|82\/100|[from] item: Leftovers\n|-heal|p1a: Tyranitar|55\/100 brn|[from] item: Leftovers\n|-damage|p1a: Tyranitar|49\/100 brn|[from] brn\n|upkeep\n|turn|25\n|\n|t:|1660064114\n|move|p2a: Heatran|Earth Power|p1a: Tyranitar\n|-supereffective|p1a: Tyranitar\n|-damage|p1a: Tyranitar|14\/100 brn\n|move|p1a: Tyranitar|Crunch|p2a: Heatran\n|-end|p2a: Heatran|Substitute\n|\n|-heal|p2a: Heatran|88\/100|[from] item: Leftovers\n|-heal|p1a: Tyranitar|20\/100 brn|[from] item: Leftovers\n|-damage|p1a: Tyranitar|14\/100 brn|[from] brn\n|upkeep\n|turn|26\n|\n|t:|1660064120\n|move|p2a: Heatran|Substitute|p2a: Heatran\n|-start|p2a: Heatran|Substitute\n|-damage|p2a: Heatran|63\/100\n|move|p1a: Tyranitar|Crunch|p2a: Heatran\n|-activate|p2a: Heatran|move: Substitute|[damage]\n|\n|-heal|p2a: Heatran|69\/100|[from] item: Leftovers\n|-heal|p1a: Tyranitar|20\/100 brn|[from] item: Leftovers\n|-damage|p1a: Tyranitar|14\/100 brn|[from] brn\n|upkeep\n|turn|27\n|\n|t:|1660064129\n|move|p2a: Heatran|Earth Power|p1a: Tyranitar\n|-supereffective|p1a: Tyranitar\n|-damage|p1a: Tyranitar|0 fnt\n|faint|p1a: Tyranitar\n|\n|-heal|p2a: Heatran|76\/100|[from] item: Leftovers\n|upkeep\n|\n|t:|1660064134\n|switch|p1a: Alakazam|Alakazam, M, shiny|100\/100\n|turn|28\n|\n|t:|1660064138\n|move|p1a: Alakazam|Shadow Ball|p2a: Heatran\n|-end|p2a: Heatran|Substitute\n|move|p2a: Heatran|Lava Plume|p1a: Alakazam\n|-damage|p1a: Alakazam|30\/100\n|-status|p1a: Alakazam|brn\n|\n|-heal|p2a: Heatran|82\/100|[from] item: Leftovers\n|upkeep\n|turn|29\n|\n|t:|1660064147\n|move|p1a: Alakazam|Focus Blast|p2a: Heatran|[miss]\n|-miss|p1a: Alakazam|p2a: Heatran\n|move|p2a: Heatran|Lava Plume|p1a: Alakazam\n|-damage|p1a: Alakazam|0 fnt\n|faint|p1a: Alakazam\n|\n|-heal|p2a: Heatran|88\/100|[from] item: Leftovers\n|upkeep\n|-message|prettylit forfeited.\n|\n|win|Ill Leave\n|raw|prettylit's rating: 1377 &rarr; <strong>1367<\/strong><br \/>(-10 for losing)\n|raw|Ill Leave's rating: 1558 &rarr; <strong>1568<\/strong><br \/>(+10 for winning)\n|l|\u2606prettylit\n|l|\u2606Ill Leave\n||Ladder isn't responding, score probably updated but might not have (Request timeout).\n","uploadtime":1660064216,"views":5,"p1id":"prettylit","p2id":"illleave","formatid":"gen8bdspou","rating":1367,"private":0,"password":null}