{"id":"gen8ou-1630324505","p1":"jeandonis02","p2":"TheArtofWartortle","format":"gen8ou","log":"|j|\u2606jeandonis02\n|j|\u2606TheArtofWartortle\n|t:|1659406364\n|gametype|singles\n|player|p1|jeandonis02|lucas|1591\n|player|p2|TheArtofWartortle|ltsurge|1580\n|teamsize|p1|6\n|teamsize|p2|6\n|gen|8\n|tier|[Gen 8] OU\n|rated|\n|rule|Sleep Clause Mod: Limit one foe put to sleep\n|rule|Species Clause: Limit one of each Pok\u00e9mon\n|rule|OHKO Clause: OHKO moves are banned\n|rule|Evasion Moves Clause: Evasion moves are banned\n|rule|Endless Battle Clause: Forcing endless battles is banned\n|rule|HP Percentage Mod: HP is shown in percentages\n|rule|Dynamax Clause: You cannot dynamax\n|clearpoke\n|poke|p1|Zeraora|\n|poke|p1|Toxapex, M|\n|poke|p1|Garchomp, F|\n|poke|p1|Rotom-Wash|\n|poke|p1|Ferrothorn, M|\n|poke|p1|Charizard, F|\n|poke|p2|Claydol|\n|poke|p2|Bisharp, F|\n|poke|p2|Grimmsnarl, M|\n|poke|p2|Dragapult, F|\n|poke|p2|Kartana|\n|poke|p2|Charizard, M|\n|teampreview\n|\n|t:|1659406376\n|start\n|switch|p1a: Charizard|Charizard, F|100\/100\n|switch|p2a: Claydol|Claydol|100\/100\n|turn|1\n|\n|t:|1659406389\n|move|p1a: Charizard|Belly Drum|p1a: Charizard\n|-damage|p1a: Charizard|50\/100\n|-setboost|p1a: Charizard|atk|6|[from] move: Belly Drum\n|-enditem|p1a: Charizard|Sitrus Berry|[eat]\n|-heal|p1a: Charizard|75\/100|[from] item: Sitrus Berry\n|move|p2a: Claydol|Stealth Rock|p1a: Charizard\n|-sidestart|p1: jeandonis02|move: Stealth Rock\n|\n|upkeep\n|turn|2\n|\n|t:|1659406395\n|move|p1a: Charizard|Flame Charge|p2a: Claydol\n|-damage|p2a: Claydol|26\/100\n|-boost|p1a: Charizard|spe|1\n|move|p2a: Claydol|Rapid Spin|p1a: Charizard\n|-damage|p1a: Charizard|65\/100\n|-boost|p2a: Claydol|spe|1\n|\n|upkeep\n|turn|3\n|\n|t:|1659406399\n|move|p1a: Charizard|Flame Charge|p2a: Claydol\n|-damage|p2a: Claydol|0 fnt\n|-boost|p1a: Charizard|spe|1\n|faint|p2a: Claydol\n|\n|upkeep\n|inactive|Battle timer is ON: inactive players will automatically lose when time's up. (requested by jeandonis02)\n|\n|t:|1659406414\n|switch|p2a: Grimmsnarl|Grimmsnarl, M|100\/100\n|turn|4\n|\n|t:|1659406418\n|move|p2a: Grimmsnarl|Reflect|p2a: Grimmsnarl\n|-sidestart|p2: TheArtofWartortle|Reflect\n|move|p1a: Charizard|Acrobatics|p2a: Grimmsnarl\n|-damage|p2a: Grimmsnarl|0 fnt\n|faint|p2a: Grimmsnarl\n|\n|upkeep\n|\n|t:|1659406425\n|switch|p2a: Bisharp|Bisharp, F|100\/100\n|turn|5\n|\n|t:|1659406428\n|move|p2a: Bisharp|Sucker Punch||[still]\n|-fail|p2a: Bisharp\n|move|p1a: Charizard|Roost|p1a: Charizard\n|-heal|p1a: Charizard|100\/100\n|-singleturn|p1a: Charizard|move: Roost\n|\n|upkeep\n|turn|6\n|\n|t:|1659406439\n|move|p1a: Charizard|Flame Charge|p2a: Bisharp\n|-supereffective|p2a: Bisharp\n|-damage|p2a: Bisharp|6\/100\n|-boost|p1a: Charizard|spe|1\n|move|p2a: Bisharp|Swords Dance|p2a: Bisharp\n|-boost|p2a: Bisharp|atk|2\n|\n|upkeep\n|turn|7\n|\n|t:|1659406446\n|move|p2a: Bisharp|Sucker Punch||[still]\n|-fail|p2a: Bisharp\n|move|p1a: Charizard|Roost||[still]\n|-fail|p1a: Charizard|heal\n|\n|upkeep\n|turn|8\n|\n|t:|1659406449\n|move|p2a: Bisharp|Sucker Punch||[still]\n|-fail|p2a: Bisharp\n|move|p1a: Charizard|Roost||[still]\n|-fail|p1a: Charizard|heal\n|\n|upkeep\n|turn|9\n|\n|t:|1659406451\n|move|p2a: Bisharp|Sucker Punch||[still]\n|-fail|p2a: Bisharp\n|move|p1a: Charizard|Roost||[still]\n|-fail|p1a: Charizard|heal\n|\n|upkeep\n|turn|10\n|\n|t:|1659406453\n|move|p1a: Charizard|Roost||[still]\n|-fail|p1a: Charizard|heal\n|move|p2a: Bisharp|Knock Off|p1a: Charizard\n|-damage|p1a: Charizard|0 fnt\n|faint|p1a: Charizard\n|\n|upkeep\n|\n|t:|1659406464\n|switch|p1a: Garchomp|Garchomp, F|100\/100\n|-damage|p1a: Garchomp|94\/100|[from] Stealth Rock\n|turn|11\n|\n|t:|1659406466\n|move|p1a: Garchomp|Outrage|p2a: Bisharp\n|-resisted|p2a: Bisharp\n|-damage|p2a: Bisharp|0 fnt\n|faint|p2a: Bisharp\n|\n|-sideend|p2: TheArtofWartortle|Reflect\n|upkeep\n|\n|t:|1659406470\n|switch|p2a: Kartana|Kartana|100\/100\n|turn|12\n|\n|t:|1659406478\n|move|p2a: Kartana|Swords Dance|p2a: Kartana\n|-boost|p2a: Kartana|atk|2\n|move|p1a: Garchomp|Outrage|p2a: Kartana|[from]lockedmove\n|-resisted|p2a: Kartana\n|-crit|p2a: Kartana\n|-damage|p2a: Kartana|31\/100\n|-start|p1a: Garchomp|confusion|[fatigue]\n|\n|upkeep\n|turn|13\n|\n|t:|1659406483\n|switch|p1a: Ferrothorn|Ferrothorn, M|100\/100\n|-damage|p1a: Ferrothorn|94\/100|[from] Stealth Rock\n|move|p2a: Kartana|Leaf Blade|p1a: Ferrothorn\n|-resisted|p1a: Ferrothorn\n|-damage|p1a: Ferrothorn|77\/100\n|-damage|p2a: Kartana|19\/100|[from] ability: Iron Barbs|[of] p1a: Ferrothorn\n|-damage|p2a: Kartana|2\/100|[from] item: Rocky Helmet|[of] p1a: Ferrothorn\n|\n|upkeep\n|turn|14\n|\n|t:|1659406488\n|move|p2a: Kartana|Knock Off|p1a: Ferrothorn\n|-damage|p1a: Ferrothorn|26\/100\n|-damage|p2a: Kartana|0 fnt|[from] ability: Iron Barbs|[of] p1a: Ferrothorn\n|faint|p2a: Kartana\n|move|p1a: Ferrothorn|Gyro Ball|p2: Kartana|[notarget]\n|-fail|p1a: Ferrothorn\n|\n|upkeep\n|\n|t:|1659406491\n|switch|p2a: Charizard|Charizard, M, shiny|100\/100\n|turn|15\n|\n|t:|1659406493\n|move|p2a: Charizard|Substitute|p2a: Charizard\n|-start|p2a: Charizard|Substitute\n|-damage|p2a: Charizard|75\/100\n|move|p1a: Ferrothorn|Thunder Wave||[still]\n|-fail|p1a: Ferrothorn\n|\n|upkeep\n|turn|16\n|\n|t:|1659406496\n|move|p2a: Charizard|Belly Drum|p2a: Charizard\n|-damage|p2a: Charizard|25\/100\n|-setboost|p2a: Charizard|atk|6|[from] move: Belly Drum\n|-enditem|p2a: Charizard|Salac Berry|[eat]\n|-boost|p2a: Charizard|spe|1|[from] item: Salac Berry\n|move|p1a: Ferrothorn|Gyro Ball|p2a: Charizard\n|-resisted|p2a: Charizard\n|-end|p2a: Charizard|Substitute\n|\n|upkeep\n|turn|17\n|\n|t:|1659406500\n|move|p2a: Charizard|Acrobatics|p1a: Ferrothorn\n|-damage|p1a: Ferrothorn|0 fnt\n|-damage|p2a: Charizard|13\/100|[from] ability: Iron Barbs|[of] p1a: Ferrothorn\n|-damage|p2a: Charizard|0 fnt|[from] item: Rocky Helmet|[of] p1a: Ferrothorn\n|faint|p1a: Ferrothorn\n|faint|p2a: Charizard\n|\n|upkeep\n|\n|t:|1659406505\n|switch|p2a: Dragapult|Dragapult, F|100\/100\n|switch|p1a: Garchomp|Garchomp, F|94\/100\n|-damage|p1a: Garchomp|88\/100|[from] Stealth Rock\n|turn|18\n|\n|t:|1659406509\n|move|p2a: Dragapult|Dragon Darts|p1a: Garchomp\n|-supereffective|p1a: Garchomp\n|-damage|p1a: Garchomp|23\/100\n|-anim|p2a: Dragapult|Dragon Darts|p1a: Garchomp\n|-supereffective|p1a: Garchomp\n|-damage|p1a: Garchomp|0 fnt\n|faint|p1a: Garchomp\n|-damage|p2a: Dragapult|91\/100|[from] item: Life Orb\n|\n|upkeep\n|\n|t:|1659406514\n|switch|p1a: Rotom|Rotom-Wash|100\/100\n|-damage|p1a: Rotom|88\/100|[from] Stealth Rock\n|turn|19\n|\n|t:|1659406525\n|move|p2a: Dragapult|Dragon Dance|p2a: Dragapult\n|-boost|p2a: Dragapult|atk|1\n|-boost|p2a: Dragapult|spe|1\n|move|p1a: Rotom|Will-O-Wisp|p2a: Dragapult\n|-status|p2a: Dragapult|brn\n|\n|-heal|p1a: Rotom|94\/100|[from] item: Leftovers\n|-damage|p2a: Dragapult|85\/100 brn|[from] brn\n|upkeep\n|turn|20\n|\n|t:|1659406528\n|move|p2a: Dragapult|Dragon Dance|p2a: Dragapult\n|-boost|p2a: Dragapult|atk|1\n|-boost|p2a: Dragapult|spe|1\n|move|p1a: Rotom|Volt Switch|p2a: Dragapult\n|-resisted|p2a: Dragapult\n|-crit|p2a: Dragapult\n|-damage|p2a: Dragapult|58\/100 brn\n|\n|t:|1659406529\n|switch|p1a: Toxapex|Toxapex, M|100\/100|[from]move: Volt Switch\n|-damage|p1a: Toxapex|88\/100|[from] Stealth Rock\n|\n|-heal|p1a: Toxapex|94\/100|[from] item: Black Sludge\n|-damage|p2a: Dragapult|52\/100 brn|[from] brn\n|upkeep\n|turn|21\n|\n|t:|1659406531\n|move|p2a: Dragapult|Dragon Darts|p1a: Toxapex\n|-damage|p1a: Toxapex|66\/100\n|-anim|p2a: Dragapult|Dragon Darts|p1a: Toxapex\n|-crit|p1a: Toxapex\n|-damage|p1a: Toxapex|26\/100\n|-damage|p2a: Dragapult|42\/100 brn|[from] item: Life Orb\n|move|p1a: Toxapex|Haze|p1a: Toxapex\n|-clearallboost\n|\n|-heal|p1a: Toxapex|33\/100|[from] item: Black Sludge\n|-damage|p2a: Dragapult|36\/100 brn|[from] brn\n|upkeep\n|turn|22\n|\n|t:|1659406534\n|move|p2a: Dragapult|Dragon Darts|p1a: Toxapex\n|-damage|p1a: Toxapex|18\/100\n|-anim|p2a: Dragapult|Dragon Darts|p1a: Toxapex\n|-damage|p1a: Toxapex|5\/100\n|-damage|p2a: Dragapult|27\/100 brn|[from] item: Life Orb\n|move|p1a: Toxapex|Haze|p1a: Toxapex\n|-clearallboost\n|\n|-heal|p1a: Toxapex|12\/100|[from] item: Black Sludge\n|-damage|p2a: Dragapult|21\/100 brn|[from] brn\n|upkeep\n|turn|23\n|\n|t:|1659406536\n|move|p1a: Toxapex|Baneful Bunker|p1a: Toxapex\n|-singleturn|p1a: Toxapex|move: Protect\n|move|p2a: Dragapult|Dragon Darts|p1a: Toxapex\n|-activate|p1a: Toxapex|move: Protect\n|\n|-heal|p1a: Toxapex|18\/100|[from] item: Black Sludge\n|-damage|p2a: Dragapult|15\/100 brn|[from] brn\n|upkeep\n|turn|24\n|\n|t:|1659406539\n|move|p2a: Dragapult|Dragon Darts|p1a: Toxapex\n|-damage|p1a: Toxapex|4\/100\n|-anim|p2a: Dragapult|Dragon Darts|p1a: Toxapex\n|-damage|p1a: Toxapex|0 fnt\n|faint|p1a: Toxapex\n|-damage|p2a: Dragapult|5\/100 brn|[from] item: Life Orb\n|\n|-damage|p2a: Dragapult|0 fnt|[from] brn\n|faint|p2a: Dragapult\n|\n|win|jeandonis02\n|upkeep\n|raw|jeandonis02's rating: 1591 &rarr; <strong>1610<\/strong><br \/>(+19 for winning)\n|raw|TheArtofWartortle's rating: 1580 &rarr; <strong>1561<\/strong><br \/>(-19 for losing)\n|l|\u2606TheArtofWartortle\n","uploadtime":1659406584,"views":34,"p1id":"jeandonis02","p2id":"theartofwartortle","formatid":"gen8ou","rating":1561,"private":0,"password":null}