{"id":"gen8ou-1699209773","p1":"TrynBuy","p2":"HQSNonsense","format":"gen8ou","log":"|j|\u2606TrynBuy\n|j|\u2606HQSNonsense\n|t:|1667217697\n|gametype|singles\n|player|p1|TrynBuy|169|1601\n|player|p2|HQSNonsense|veteranf|1667\n|teamsize|p1|6\n|teamsize|p2|6\n|gen|8\n|tier|[Gen 8] OU\n|rated|\n|rule|Sleep Clause Mod: Limit one foe put to sleep\n|rule|Species Clause: Limit one of each Pok\u00e9mon\n|rule|OHKO Clause: OHKO moves are banned\n|rule|Evasion Items Clause: Evasion items are banned\n|rule|Evasion Moves Clause: Evasion moves are banned\n|rule|Endless Battle Clause: Forcing endless battles is banned\n|rule|HP Percentage Mod: HP is shown in percentages\n|rule|Dynamax Clause: You cannot dynamax\n|clearpoke\n|poke|p1|Blissey, F|\n|poke|p1|Toxapex, F|\n|poke|p1|Shedinja|\n|poke|p1|Corviknight, F|\n|poke|p1|Clefable, F|\n|poke|p1|Ditto|\n|poke|p2|Blaziken, M|\n|poke|p2|Rillaboom, F|\n|poke|p2|Landorus-Therian, M|\n|poke|p2|Nihilego|\n|poke|p2|Bisharp, M|\n|poke|p2|Dragonite, M|\n|teampreview\n|inactive|Battle timer is ON: inactive players will automatically lose when time's up. (requested by HQSNonsense)\n|\n|t:|1667217726\n|start\n|switch|p1a: Toxapex|Toxapex, F|100\/100\n|switch|p2a: Bisharp|Bisharp, M|100\/100\n|turn|1\n|\n|t:|1667217738\n|switch|p1a: Corviknight|Corviknight, F|100\/100\n|-ability|p1a: Corviknight|Pressure\n|move|p2a: Bisharp|Thunder Wave|p1a: Corviknight\n|-status|p1a: Corviknight|par\n|\n|upkeep\n|turn|2\n|\n|t:|1667217748\n|move|p2a: Bisharp|Stealth Rock|p1a: Corviknight\n|-sidestart|p1: TrynBuy|move: Stealth Rock\n|move|p1a: Corviknight|Body Press|p2a: Bisharp\n|-supereffective|p2a: Bisharp\n|-enditem|p2a: Bisharp|Focus Sash\n|-damage|p2a: Bisharp|1\/100\n|\n|upkeep\n|turn|3\n|\n|t:|1667217762\n|switch|p2a: Landorus|Landorus-Therian, M|100\/100\n|-ability|p2a: Landorus|Intimidate|boost\n|-unboost|p1a: Corviknight|atk|1\n|move|p1a: Corviknight|Defog|p2a: Landorus\n|-unboost|p2a: Landorus|evasion|1\n|-sideend|p1: TrynBuy|Stealth Rock|[from] move: Defog|[of] p1a: Corviknight\n|\n|upkeep\n|turn|4\n|\n|t:|1667217785\n|move|p2a: Landorus|Bulk Up|p2a: Landorus\n|-boost|p2a: Landorus|atk|1\n|-boost|p2a: Landorus|def|1\n|move|p1a: Corviknight|Iron Defense|p1a: Corviknight\n|-boost|p1a: Corviknight|def|2\n|\n|upkeep\n|turn|5\n|\n|t:|1667217791\n|move|p2a: Landorus|Smack Down|p1a: Corviknight\n|-damage|p1a: Corviknight|92\/100 par\n|-start|p1a: Corviknight|Smack Down\n|cant|p1a: Corviknight|par\n|\n|upkeep\n|turn|6\n|\n|t:|1667217805\n|switch|p1a: Ditto|Ditto, shiny|100\/100\n|-transform|p1a: Ditto|p2a: Landorus|[from] ability: Imposter\n|-ability|p1a: Ditto|Intimidate|boost\n|-unboost|p2a: Landorus|atk|1\n|-item|p1a: Ditto|Air Balloon\n|move|p2a: Landorus|Substitute|p2a: Landorus\n|-start|p2a: Landorus|Substitute\n|-damage|p2a: Landorus|76\/100\n|\n|-heal|p2a: Landorus|82\/100|[from] item: Leftovers\n|upkeep\n|turn|7\n|\n|t:|1667217820\n|switch|p1a: Corviknight|Corviknight, F|92\/100 par\n|-ability|p1a: Corviknight|Pressure\n|move|p2a: Landorus|Smack Down|p1a: Corviknight\n|-damage|p1a: Corviknight|82\/100 par\n|-start|p1a: Corviknight|Smack Down\n|\n|-heal|p2a: Landorus|88\/100|[from] item: Leftovers\n|upkeep\n|turn|8\n|\n|t:|1667217825\n|move|p2a: Landorus|Bulk Up|p2a: Landorus\n|-boost|p2a: Landorus|atk|1\n|-boost|p2a: Landorus|def|1\n|move|p1a: Corviknight|Iron Defense|p1a: Corviknight\n|-boost|p1a: Corviknight|def|2\n|\n|-heal|p2a: Landorus|94\/100|[from] item: Leftovers\n|upkeep\n|turn|9\n|\n|t:|1667217828\n|move|p2a: Landorus|Earthquake|p1a: Corviknight\n|-supereffective|p1a: Corviknight\n|-damage|p1a: Corviknight|34\/100 par\n|move|p1a: Corviknight|Iron Defense|p1a: Corviknight\n|-boost|p1a: Corviknight|def|2\n|\n|-heal|p2a: Landorus|100\/100|[from] item: Leftovers\n|upkeep\n|turn|10\n|\n|t:|1667217834\n|move|p2a: Landorus|Earthquake|p1a: Corviknight\n|-supereffective|p1a: Corviknight\n|-damage|p1a: Corviknight|5\/100 par\n|cant|p1a: Corviknight|par\n|\n|upkeep\n|turn|11\n|\n|t:|1667217844\n|move|p2a: Landorus|Smack Down|p1a: Corviknight\n|-damage|p1a: Corviknight|0 fnt\n|faint|p1a: Corviknight\n|\n|upkeep\n|\n|t:|1667217846\n|switch|p1a: Clefable|Clefable, F|100\/100\n|turn|12\n|\n|t:|1667217852\n|switch|p2a: Nihilego|Nihilego|100\/100\n|move|p1a: Clefable|Calm Mind|p1a: Clefable\n|-boost|p1a: Clefable|spa|1\n|-boost|p1a: Clefable|spd|1\n|\n|upkeep\n|turn|13\n|\n|t:|1667217857\n|switch|p1a: Blissey|Blissey, F|100\/100\n|move|p2a: Nihilego|Toxic Spikes|p1a: Blissey\n|-sidestart|p1: TrynBuy|move: Toxic Spikes\n|\n|upkeep\n|turn|14\n|\n|t:|1667217867\n|move|p2a: Nihilego|Toxic Spikes|p1a: Blissey\n|-sidestart|p1: TrynBuy|move: Toxic Spikes\n|move|p1a: Blissey|Stealth Rock|p2a: Nihilego\n|-sidestart|p2: HQSNonsense|move: Stealth Rock\n|\n|upkeep\n|turn|15\n|\n|t:|1667217877\n|switch|p2a: Bisharp|Bisharp, M|1\/100\n|-damage|p2a: Bisharp|0 fnt|[from] Stealth Rock\n|faint|p2a: Bisharp\n|move|p1a: Blissey|Teleport|p1a: Blissey\n|\n|t:|1667217883\n|switch|p1a: Toxapex|Toxapex, F|100\/100|[from]move: Teleport\n|-sideend|p1: TrynBuy|move: Toxic Spikes|[of] p1a: Toxapex\n|\n|upkeep\n|\n|t:|1667217888\n|switch|p2a: Blaziken|Blaziken, M|100\/100\n|-damage|p2a: Blaziken|88\/100|[from] Stealth Rock\n|turn|16\n|\n|t:|1667217907\n|switch|p1a: Clefable|Clefable, F|100\/100\n|move|p2a: Blaziken|Substitute|p2a: Blaziken\n|-start|p2a: Blaziken|Substitute\n|-damage|p2a: Blaziken|63\/100\n|\n|-heal|p2a: Blaziken|69\/100|[from] item: Leftovers\n|-ability|p2a: Blaziken|Speed Boost|boost\n|-boost|p2a: Blaziken|spe|1\n|upkeep\n|turn|17\n|\n|t:|1667217912\n|move|p2a: Blaziken|Swords Dance|p2a: Blaziken\n|-boost|p2a: Blaziken|atk|2\n|move|p1a: Clefable|Moonblast|p2a: Blaziken\n|-end|p2a: Blaziken|Substitute\n|\n|-heal|p2a: Blaziken|76\/100|[from] item: Leftovers\n|-ability|p2a: Blaziken|Speed Boost|boost\n|-boost|p2a: Blaziken|spe|1\n|upkeep\n|turn|18\n|\n|t:|1667217916\n|move|p2a: Blaziken|Flare Blitz|p1a: Clefable\n|-damage|p1a: Clefable|50\/100\n|-damage|p2a: Blaziken|56\/100|[from] Recoil\n|move|p1a: Clefable|Moonblast|p2a: Blaziken\n|-damage|p2a: Blaziken|12\/100\n|\n|-heal|p2a: Blaziken|19\/100|[from] item: Leftovers\n|-heal|p1a: Clefable|56\/100|[from] item: Leftovers\n|-ability|p2a: Blaziken|Speed Boost|boost\n|-boost|p2a: Blaziken|spe|1\n|upkeep\n|turn|19\n|\n|t:|1667217923\n|move|p2a: Blaziken|Flare Blitz|p1a: Clefable\n|-crit|p1a: Clefable\n|-damage|p1a: Clefable|0 fnt\n|faint|p1a: Clefable\n|-damage|p2a: Blaziken|0 fnt|[from] Recoil\n|faint|p2a: Blaziken\n|\n|upkeep\n|\n|t:|1667217937\n|switch|p2a: Rillaboom|Rillaboom, F|100\/100\n|switch|p1a: Ditto|Ditto, shiny|100\/100\n|-damage|p2a: Rillaboom|88\/100|[from] Stealth Rock\n|-fieldstart|move: Grassy Terrain|[from] ability: Grassy Surge|[of] p2a: Rillaboom\n|-transform|p1a: Ditto|p2a: Rillaboom|[from] ability: Imposter\n|-item|p1a: Ditto|Air Balloon\n|turn|20\n|\n|t:|1667217951\n|switch|p1a: Toxapex|Toxapex, F|100\/100\n|move|p2a: Rillaboom|Swords Dance|p2a: Rillaboom\n|-boost|p2a: Rillaboom|atk|2\n|\n|-heal|p2a: Rillaboom|94\/100|[from] Grassy Terrain\n|upkeep\n|turn|21\n|\n|t:|1667217955\n|move|p2a: Rillaboom|Knock Off|p1a: Toxapex\n|-crit|p1a: Toxapex\n|-damage|p1a: Toxapex|12\/100\n|-enditem|p1a: Toxapex|Shed Shell|[from] move: Knock Off|[of] p2a: Rillaboom\n|-damage|p2a: Rillaboom|84\/100|[from] item: Life Orb\n|move|p1a: Toxapex|Knock Off|p2a: Rillaboom\n|-crit|p2a: Rillaboom\n|-damage|p2a: Rillaboom|61\/100\n|-enditem|p2a: Rillaboom|Life Orb|[from] move: Knock Off|[of] p1a: Toxapex\n|\n|-heal|p2a: Rillaboom|67\/100|[from] Grassy Terrain\n|-heal|p1a: Toxapex|18\/100|[from] Grassy Terrain\n|upkeep\n|turn|22\n|\n|t:|1667217964\n|move|p2a: Rillaboom|Knock Off|p1a: Toxapex\n|-damage|p1a: Toxapex|0 fnt\n|faint|p1a: Toxapex\n|\n|-heal|p2a: Rillaboom|74\/100|[from] Grassy Terrain\n|upkeep\n|\n|t:|1667217968\n|switch|p1a: Ditto|Ditto, shiny|100\/100\n|-transform|p1a: Ditto|p2a: Rillaboom|[from] ability: Imposter\n|-item|p1a: Ditto|Air Balloon\n|turn|23\n|\n|t:|1667217971\n|move|p2a: Rillaboom|Grassy Glide|p1a: Ditto\n|-resisted|p1a: Ditto\n|-crit|p1a: Ditto\n|-damage|p1a: Ditto|8\/100\n|-enditem|p1a: Ditto|Air Balloon\n|move|p1a: Ditto|Drain Punch|p2a: Rillaboom\n|-damage|p2a: Rillaboom|18\/100\n|-heal|p1a: Ditto|40\/100|[from] drain|[of] p2a: Rillaboom\n|\n|-heal|p2a: Rillaboom|24\/100|[from] Grassy Terrain\n|-heal|p1a: Ditto|46\/100|[from] Grassy Terrain\n|upkeep\n|turn|24\n|\n|t:|1667217979\n|move|p2a: Rillaboom|Grassy Glide|p1a: Ditto\n|-resisted|p1a: Ditto\n|-damage|p1a: Ditto|0 fnt\n|faint|p1a: Ditto\n|\n|-heal|p2a: Rillaboom|30\/100|[from] Grassy Terrain\n|-fieldend|move: Grassy Terrain\n|upkeep\n|-message|TrynBuy forfeited.\n|\n|win|HQSNonsense\n|raw|TrynBuy's rating: 1601 &rarr; <strong>1585<\/strong><br \/>(-16 for losing)\n|raw|HQSNonsense's rating: 1667 &rarr; <strong>1683<\/strong><br \/>(+16 for winning)\n|l|\u2606TrynBuy\n","uploadtime":1667217990,"views":13,"p1id":"trynbuy","p2id":"hqsnonsense","formatid":"gen8ou","rating":1585,"private":0,"password":null}