{"id":"gen8bdspou-1468428673","p1":"BD1L exposed","p2":"VirginJimmy99","format":"gen8bdspou","log":"|html|<div class=\"broadcast-blue\"><strong>[Gen 8 BDSP] OU is currently suspecting Latios! For information on how to participate check out the <a href=\"https:\/\/www.smogon.com\/forums\/threads\/np-bdsp-ou-suspect-process-round-1-mr-blue-sky.3694109\/\">suspect thread<\/a>.<\/strong><\/div>\n|j|\u2606BD1L exposed\n|j|\u2606VirginJimmy99\n|t:|1638890514\n|gametype|singles\n|player|p1|BD1L exposed|170|1442\n|player|p2|VirginJimmy99|rocketgrunt|1531\n|teamsize|p1|6\n|teamsize|p2|6\n|gen|8\n|tier|[Gen 8 BDSP] OU\n|rated|\n|rule|Sleep Clause Mod: Limit one foe put to sleep\n|rule|Species Clause: Limit one of each Pok\u00e9mon\n|rule|OHKO Clause: OHKO moves are banned\n|rule|Evasion Moves Clause: Evasion moves are banned\n|rule|Endless Battle Clause: Forcing endless battles is banned\n|rule|HP Percentage Mod: HP is shown in percentages\n|clearpoke\n|poke|p1|Garchomp, F|\n|poke|p1|Magnezone|\n|poke|p1|Rotom-Wash|\n|poke|p1|Latios, M|\n|poke|p1|Dragonite, M|\n|poke|p1|Jirachi|\n|poke|p2|Manectric, F|\n|poke|p2|Slowbro, M|\n|poke|p2|Infernape, F|\n|poke|p2|Clefable, M|\n|poke|p2|Forretress, M|\n|poke|p2|Staraptor, F|\n|teampreview\n|inactive|Battle timer is ON: inactive players will automatically lose when time's up. (requested by BD1L exposed)\n|\n|t:|1638890533\n|start\n|switch|p1a: Rotom|Rotom-Wash|100\/100\n|switch|p2a: Infernape|Infernape, F|100\/100\n|turn|1\n|\n|t:|1638890537\n|switch|p2a: Manectric|Manectric, F|100\/100\n|move|p1a: Rotom|Thunder Wave|p2a: Manectric\n|-ability|p2a: Manectric|Lightning Rod|boost\n|-boost|p2a: Manectric|spa|1\n|\n|upkeep\n|turn|2\n|\n|t:|1638890545\n|move|p2a: Manectric|Volt Switch|p1a: Rotom\n|-damage|p1a: Rotom|67\/100\n|\n|t:|1638890549\n|switch|p2a: Clefable|Clefable, M|100\/100|[from]move: Volt Switch\n|move|p1a: Rotom|Hydro Pump|p2a: Clefable\n|-damage|p2a: Clefable|74\/100\n|\n|-heal|p2a: Clefable|80\/100|[from] item: Leftovers\n|upkeep\n|turn|3\n|\n|t:|1638890552\n|move|p1a: Rotom|Volt Switch|p2a: Clefable\n|-damage|p2a: Clefable|63\/100\n|\n|t:|1638890553\n|switch|p1a: Jirachi|Jirachi|100\/100|[from]move: Volt Switch\n|move|p2a: Clefable|Stealth Rock|p1a: Jirachi\n|-sidestart|p1: BD1L exposed|move: Stealth Rock\n|\n|-heal|p2a: Clefable|69\/100|[from] item: Leftovers\n|upkeep\n|turn|4\n|j| nevermissmoves\n|\n|t:|1638890558\n|switch|p2a: Infernape|Infernape, F|100\/100\n|move|p1a: Jirachi|Doom Desire|p2a: Infernape\n|-start|p1a: Jirachi|Doom Desire\n|\n|upkeep\n|turn|5\n|\n|t:|1638890562\n|move|p2a: Infernape|U-turn|p1a: Jirachi\n|-damage|p1a: Jirachi|74\/100\n|\n|t:|1638890568\n|switch|p2a: Staraptor|Staraptor, F|100\/100|[from]move: U-turn\n|move|p1a: Jirachi|U-turn|p2a: Staraptor\n|-resisted|p2a: Staraptor\n|-damage|p2a: Staraptor|89\/100\n|\n|t:|1638890578\n|switch|p1a: Garchomp|Garchomp, F|100\/100|[from]move: U-turn\n|-damage|p1a: Garchomp|94\/100|[from] Stealth Rock\n|\n|upkeep\n|turn|6\n|\n|t:|1638890585\n|move|p2a: Staraptor|U-turn|p1a: Garchomp\n|-damage|p1a: Garchomp|70\/100\n|-damage|p2a: Staraptor|76\/100|[from] ability: Rough Skin|[of] p1a: Garchomp\n|\n|t:|1638890588\n|switch|p2a: Slowbro|Slowbro, M|100\/100|[from]move: U-turn\n|move|p1a: Garchomp|Outrage|p2a: Slowbro\n|-damage|p2a: Slowbro|47\/100\n|\n|-end|p2a: Slowbro|move: Doom Desire\n|-resisted|p2a: Slowbro\n|-damage|p2a: Slowbro|24\/100\n|-heal|p2a: Slowbro|30\/100|[from] item: Leftovers\n|upkeep\n|turn|7\n|\n|t:|1638890595\n|switch|p2a: Forretress|Forretress, M|100\/100\n|move|p1a: Garchomp|Outrage|p2a: Forretress|[from]lockedmove\n|-resisted|p2a: Forretress\n|-damage|p2a: Forretress|76\/100\n|-start|p1a: Garchomp|confusion|[fatigue]\n|\n|-heal|p2a: Forretress|82\/100|[from] item: Leftovers\n|upkeep\n|turn|8\n|\n|t:|1638890599\n|switch|p1a: Magnezone|Magnezone|100\/100\n|-damage|p1a: Magnezone|94\/100|[from] Stealth Rock\n|move|p2a: Forretress|Volt Switch|p1a: Magnezone\n|-resisted|p1a: Magnezone\n|-damage|p1a: Magnezone|87\/100\n|\n|t:|1638890605\n|switch|p2a: Manectric|Manectric, F|100\/100|[from]move: Volt Switch\n|\n|upkeep\n|turn|9\n|\n|t:|1638890614\n|switch|p1a: Rotom|Rotom-Wash|67\/100\n|-damage|p1a: Rotom|54\/100|[from] Stealth Rock\n|move|p2a: Manectric|Flamethrower|p1a: Rotom\n|-resisted|p1a: Rotom\n|-damage|p1a: Rotom|44\/100\n|\n|upkeep\n|turn|10\n|\n|t:|1638890620\n|move|p2a: Manectric|Volt Switch|p1a: Rotom\n|-damage|p1a: Rotom|20\/100\n|\n|t:|1638890625\n|switch|p2a: Clefable|Clefable, M|69\/100|[from]move: Volt Switch\n|move|p1a: Rotom|Hydro Pump|p2a: Clefable\n|-damage|p2a: Clefable|43\/100\n|\n|-heal|p2a: Clefable|49\/100|[from] item: Leftovers\n|upkeep\n|turn|11\n|\n|t:|1638890632\n|move|p1a: Rotom|Volt Switch|p2a: Clefable\n|-damage|p2a: Clefable|32\/100\n|\n|t:|1638890634\n|switch|p1a: Jirachi|Jirachi|74\/100|[from]move: Volt Switch\n|-damage|p1a: Jirachi|68\/100|[from] Stealth Rock\n|move|p2a: Clefable|Moonlight|p2a: Clefable\n|-heal|p2a: Clefable|82\/100\n|\n|-heal|p1a: Jirachi|74\/100|[from] item: Leftovers\n|-heal|p2a: Clefable|89\/100|[from] item: Leftovers\n|upkeep\n|turn|12\n|\n|t:|1638890637\n|switch|p2a: Slowbro|Slowbro, M|63\/100\n|move|p1a: Jirachi|Stealth Rock|p2a: Slowbro\n|-sidestart|p2: VirginJimmy99|move: Stealth Rock\n|\n|-heal|p1a: Jirachi|80\/100|[from] item: Leftovers\n|-heal|p2a: Slowbro|70\/100|[from] item: Leftovers\n|upkeep\n|turn|13\n|\n|t:|1638890646\n|move|p1a: Jirachi|Doom Desire|p2a: Slowbro\n|-start|p1a: Jirachi|Doom Desire\n|move|p2a: Slowbro|Scald|p1a: Jirachi\n|-damage|p1a: Jirachi|63\/100\n|-status|p1a: Jirachi|brn\n|\n|-heal|p1a: Jirachi|69\/100 brn|[from] item: Leftovers\n|-heal|p2a: Slowbro|76\/100|[from] item: Leftovers\n|-damage|p1a: Jirachi|63\/100 brn|[from] brn\n|upkeep\n|turn|14\n|\n|t:|1638890654\n|move|p1a: Jirachi|U-turn|p2a: Slowbro\n|-supereffective|p2a: Slowbro\n|-damage|p2a: Slowbro|65\/100\n|\n|t:|1638890656\n|switch|p1a: Dragonite|Dragonite, M|100\/100|[from]move: U-turn\n|-damage|p1a: Dragonite|76\/100|[from] Stealth Rock\n|move|p2a: Slowbro|Future Sight|p1a: Dragonite\n|-start|p2a: Slowbro|move: Future Sight\n|\n|-heal|p1a: Dragonite|82\/100|[from] item: Leftovers\n|-heal|p2a: Slowbro|72\/100|[from] item: Leftovers\n|upkeep\n|turn|15\n|\n|t:|1638890662\n|move|p1a: Dragonite|Substitute|p1a: Dragonite\n|-start|p1a: Dragonite|Substitute\n|-damage|p1a: Dragonite|57\/100\n|move|p2a: Slowbro|Slack Off|p2a: Slowbro\n|-heal|p2a: Slowbro|100\/100\n|\n|-end|p2a: Slowbro|move: Doom Desire\n|-resisted|p2a: Slowbro\n|-damage|p2a: Slowbro|75\/100\n|-heal|p1a: Dragonite|63\/100|[from] item: Leftovers\n|-heal|p2a: Slowbro|81\/100|[from] item: Leftovers\n|upkeep\n|turn|16\n|\n|t:|1638890672\n|move|p1a: Dragonite|Roost|p1a: Dragonite\n|-heal|p1a: Dragonite|100\/100\n|-singleturn|p1a: Dragonite|move: Roost\n|move|p2a: Slowbro|Ice Beam|p1a: Dragonite\n|-supereffective|p1a: Dragonite\n|-activate|p1a: Dragonite|move: Substitute|[damage]\n|\n|-end|p1a: Dragonite|move: Future Sight\n|-end|p1a: Dragonite|Substitute\n|-heal|p2a: Slowbro|88\/100|[from] item: Leftovers\n|upkeep\n|turn|17\n|\n|t:|1638890682\n|move|p1a: Dragonite|Dragon Dance|p1a: Dragonite\n|-boost|p1a: Dragonite|atk|1\n|-boost|p1a: Dragonite|spe|1\n|move|p2a: Slowbro|Future Sight|p1a: Dragonite\n|-start|p2a: Slowbro|move: Future Sight\n|\n|-heal|p2a: Slowbro|94\/100|[from] item: Leftovers\n|upkeep\n|turn|18\n|\n|t:|1638890687\n|move|p1a: Dragonite|Dragon Dance|p1a: Dragonite\n|-boost|p1a: Dragonite|atk|1\n|-boost|p1a: Dragonite|spe|1\n|move|p2a: Slowbro|Ice Beam|p1a: Dragonite\n|-supereffective|p1a: Dragonite\n|-damage|p1a: Dragonite|64\/100\n|\n|-heal|p1a: Dragonite|70\/100|[from] item: Leftovers\n|-heal|p2a: Slowbro|99\/100|[from] item: Leftovers\n|upkeep\n|turn|19\n|\n|t:|1638890695\n|move|p1a: Dragonite|Roost|p1a: Dragonite\n|-heal|p1a: Dragonite|100\/100\n|-singleturn|p1a: Dragonite|move: Roost\n|move|p2a: Slowbro|Ice Beam|p1a: Dragonite\n|-supereffective|p1a: Dragonite\n|-damage|p1a: Dragonite|81\/100\n|\n|-end|p1a: Dragonite|move: Future Sight\n|-damage|p1a: Dragonite|46\/100\n|-heal|p1a: Dragonite|53\/100|[from] item: Leftovers\n|-heal|p2a: Slowbro|100\/100|[from] item: Leftovers\n|upkeep\n|turn|20\n|\n|t:|1638890705\n|move|p1a: Dragonite|Roost|p1a: Dragonite\n|-heal|p1a: Dragonite|100\/100\n|-singleturn|p1a: Dragonite|move: Roost\n|move|p2a: Slowbro|Future Sight|p1a: Dragonite\n|-start|p2a: Slowbro|move: Future Sight\n|\n|upkeep\n|turn|21\n|\n|t:|1638890710\n|move|p1a: Dragonite|Fly||[still]\n|-prepare|p1a: Dragonite|Fly\n|move|p2a: Slowbro|Ice Beam|p1a: Dragonite|[miss]\n|-miss|p2a: Slowbro|p1a: Dragonite\n|\n|upkeep\n|turn|22\n|\n|t:|1638890714\n|move|p1a: Dragonite|Fly|p2a: Slowbro|[from]lockedmove\n|-damage|p2a: Slowbro|57\/100\n|move|p2a: Slowbro|Ice Beam|p1a: Dragonite\n|-supereffective|p1a: Dragonite\n|-damage|p1a: Dragonite|66\/100\n|\n|-end|p1a: Dragonite|move: Future Sight\n|-damage|p1a: Dragonite|32\/100\n|-heal|p1a: Dragonite|38\/100|[from] item: Leftovers\n|-heal|p2a: Slowbro|63\/100|[from] item: Leftovers\n|upkeep\n|turn|23\n|\n|t:|1638890724\n|move|p1a: Dragonite|Roost|p1a: Dragonite\n|-heal|p1a: Dragonite|88\/100\n|-singleturn|p1a: Dragonite|move: Roost\n|move|p2a: Slowbro|Future Sight|p1a: Dragonite\n|-start|p2a: Slowbro|move: Future Sight\n|\n|-heal|p1a: Dragonite|94\/100|[from] item: Leftovers\n|-heal|p2a: Slowbro|69\/100|[from] item: Leftovers\n|upkeep\n|turn|24\n|\n|t:|1638890726\n|switch|p1a: Magnezone|Magnezone|87\/100\n|-damage|p1a: Magnezone|81\/100|[from] Stealth Rock\n|move|p2a: Slowbro|Ice Beam|p1a: Magnezone\n|-resisted|p1a: Magnezone\n|-damage|p1a: Magnezone|67\/100\n|\n|-heal|p2a: Slowbro|75\/100|[from] item: Leftovers\n|upkeep\n|turn|25\n|\n|t:|1638890731\n|switch|p1a: Garchomp|Garchomp, F|70\/100\n|-damage|p1a: Garchomp|64\/100|[from] Stealth Rock\n|switch|p2a: Manectric|Manectric, F|100\/100\n|-damage|p2a: Manectric|88\/100|[from] Stealth Rock\n|\n|-end|p1a: Garchomp|move: Future Sight\n|-damage|p1a: Garchomp|16\/100\n|upkeep\n|turn|26\n|\n|t:|1638890739\n|switch|p2a: Slowbro|Slowbro, M|100\/100\n|-damage|p2a: Slowbro|88\/100|[from] Stealth Rock\n|move|p1a: Garchomp|Earthquake|p2a: Slowbro\n|-damage|p2a: Slowbro|44\/100\n|\n|-heal|p2a: Slowbro|50\/100|[from] item: Leftovers\n|upkeep\n|turn|27\n|\n|t:|1638890745\n|move|p1a: Garchomp|Earthquake|p2a: Slowbro\n|-damage|p2a: Slowbro|6\/100\n|move|p2a: Slowbro|Slack Off|p2a: Slowbro\n|-heal|p2a: Slowbro|56\/100\n|\n|-heal|p2a: Slowbro|62\/100|[from] item: Leftovers\n|upkeep\n|turn|28\n|\n|t:|1638890747\n|move|p1a: Garchomp|Earthquake|p2a: Slowbro\n|-damage|p2a: Slowbro|13\/100\n|move|p2a: Slowbro|Slack Off|p2a: Slowbro\n|-heal|p2a: Slowbro|63\/100\n|\n|-heal|p2a: Slowbro|69\/100|[from] item: Leftovers\n|upkeep\n|turn|29\n|\n|t:|1638890752\n|switch|p1a: Latios|Latios, M|100\/100\n|-damage|p1a: Latios|88\/100|[from] Stealth Rock\n|move|p2a: Slowbro|Slack Off|p2a: Slowbro\n|-heal|p2a: Slowbro|100\/100\n|\n|upkeep\n|turn|30\n|\n|t:|1638890754\n|switch|p2a: Clefable|Clefable, M|89\/100\n|move|p1a: Latios|Draco Meteor|p2a: Clefable\n|-immune|p2a: Clefable\n|\n|-heal|p2a: Clefable|95\/100|[from] item: Leftovers\n|upkeep\n|turn|31\n|\n|t:|1638890762\n|switch|p1a: Jirachi|Jirachi|63\/100 brn\n|-damage|p1a: Jirachi|57\/100 brn|[from] Stealth Rock\n|switch|p2a: Manectric|Manectric, F|88\/100\n|-damage|p2a: Manectric|76\/100|[from] Stealth Rock\n|\n|-heal|p1a: Jirachi|63\/100 brn|[from] item: Leftovers\n|-damage|p1a: Jirachi|57\/100 brn|[from] brn\n|upkeep\n|turn|32\n|\n|t:|1638890767\n|move|p2a: Manectric|Flamethrower|p1a: Jirachi\n|-supereffective|p1a: Jirachi\n|-damage|p1a: Jirachi|20\/100 brn\n|move|p1a: Jirachi|Doom Desire|p2a: Manectric\n|-start|p1a: Jirachi|Doom Desire\n|\n|-heal|p1a: Jirachi|26\/100 brn|[from] item: Leftovers\n|-damage|p1a: Jirachi|20\/100 brn|[from] brn\n|upkeep\n|turn|33\n|\n|t:|1638890771\n|switch|p1a: Latios|Latios, M|88\/100\n|-damage|p1a: Latios|76\/100|[from] Stealth Rock\n|move|p2a: Manectric|Flamethrower|p1a: Latios\n|-resisted|p1a: Latios\n|-crit|p1a: Latios\n|-damage|p1a: Latios|55\/100\n|\n|upkeep\n|turn|34\n|\n|t:|1638890782\n|switch|p2a: Infernape|Infernape, F|100\/100\n|-damage|p2a: Infernape|88\/100|[from] Stealth Rock\n|move|p1a: Latios|Draco Meteor|p2a: Infernape\n|-crit|p2a: Infernape\n|-damage|p2a: Infernape|0 fnt\n|-unboost|p1a: Latios|spa|2\n|faint|p2a: Infernape\n|\n|-hint|Doom Desire did not hit because the target is fainted.\n|upkeep\n|l| nevermissmoves\n|\n|t:|1638890794\n|switch|p2a: Forretress|Forretress, M|82\/100\n|-damage|p2a: Forretress|69\/100|[from] Stealth Rock\n|turn|35\n|\n|t:|1638890812\n|switch|p1a: Garchomp|Garchomp, F|16\/100\n|-damage|p1a: Garchomp|10\/100|[from] Stealth Rock\n|move|p2a: Forretress|Rapid Spin|p1a: Garchomp\n|-damage|p1a: Garchomp|0 fnt\n|-boost|p2a: Forretress|spe|1\n|-damage|p2a: Forretress|57\/100|[from] ability: Rough Skin|[of] p1a: Garchomp\n|-sideend|p2: VirginJimmy99|Stealth Rock|[from] move: Rapid Spin|[of] p2a: Forretress\n|faint|p1a: Garchomp\n|\n|-heal|p2a: Forretress|63\/100|[from] item: Leftovers\n|upkeep\n|\n|t:|1638890819\n|switch|p1a: Magnezone|Magnezone|67\/100\n|-damage|p1a: Magnezone|61\/100|[from] Stealth Rock\n|turn|36\n|\n|t:|1638890821\n|move|p1a: Magnezone|Thunderbolt|p2a: Forretress\n|-damage|p2a: Forretress|0 fnt\n|faint|p2a: Forretress\n|\n|upkeep\n|\n|t:|1638890824\n|switch|p2a: Manectric|Manectric, F|76\/100\n|turn|37\n|\n|t:|1638890828\n|switch|p1a: Rotom|Rotom-Wash|20\/100\n|-damage|p1a: Rotom|7\/100|[from] Stealth Rock\n|move|p2a: Manectric|Flamethrower|p1a: Rotom\n|-resisted|p1a: Rotom\n|-damage|p1a: Rotom|0 fnt\n|faint|p1a: Rotom\n|\n|upkeep\n|\n|t:|1638890837\n|switch|p1a: Dragonite|Dragonite, M|94\/100\n|-damage|p1a: Dragonite|69\/100|[from] Stealth Rock\n|turn|38\n|\n|t:|1638890841\n|move|p2a: Manectric|Ice Fang|p1a: Dragonite\n|-supereffective|p1a: Dragonite\n|-damage|p1a: Dragonite|25\/100\n|move|p1a: Dragonite|Dragon Dance|p1a: Dragonite\n|-boost|p1a: Dragonite|atk|1\n|-boost|p1a: Dragonite|spe|1\n|\n|-heal|p1a: Dragonite|31\/100|[from] item: Leftovers\n|upkeep\n|turn|39\n|\n|t:|1638890853\n|move|p1a: Dragonite|Roost|p1a: Dragonite\n|-heal|p1a: Dragonite|81\/100\n|-singleturn|p1a: Dragonite|move: Roost\n|move|p2a: Manectric|Ice Fang|p1a: Dragonite\n|-supereffective|p1a: Dragonite\n|-damage|p1a: Dragonite|56\/100\n|\n|-heal|p1a: Dragonite|63\/100|[from] item: Leftovers\n|upkeep\n|turn|40\n|\n|t:|1638890862\n|move|p1a: Dragonite|Dragon Dance|p1a: Dragonite\n|-boost|p1a: Dragonite|atk|1\n|-boost|p1a: Dragonite|spe|1\n|move|p2a: Manectric|Volt Switch|p1a: Dragonite\n|-damage|p1a: Dragonite|35\/100\n|\n|t:|1638890864\n|switch|p2a: Slowbro|Slowbro, M|100\/100|[from]move: Volt Switch\n|\n|-heal|p1a: Dragonite|41\/100|[from] item: Leftovers\n|upkeep\n|turn|41\n|\n|t:|1638890867\n|move|p1a: Dragonite|Roost|p1a: Dragonite\n|-heal|p1a: Dragonite|91\/100\n|-singleturn|p1a: Dragonite|move: Roost\n|move|p2a: Slowbro|Future Sight|p1a: Dragonite\n|-start|p2a: Slowbro|move: Future Sight\n|\n|-heal|p1a: Dragonite|98\/100|[from] item: Leftovers\n|upkeep\n|turn|42\n|\n|t:|1638890871\n|move|p1a: Dragonite|Dragon Dance|p1a: Dragonite\n|-boost|p1a: Dragonite|atk|1\n|-boost|p1a: Dragonite|spe|1\n|move|p2a: Slowbro|Ice Beam|p1a: Dragonite\n|-supereffective|p1a: Dragonite\n|-damage|p1a: Dragonite|30\/100\n|\n|-heal|p1a: Dragonite|37\/100|[from] item: Leftovers\n|upkeep\n|turn|43\n|\n|t:|1638890876\n|move|p1a: Dragonite|Roost|p1a: Dragonite\n|-heal|p1a: Dragonite|87\/100\n|-singleturn|p1a: Dragonite|move: Roost\n|move|p2a: Slowbro|Ice Beam|p1a: Dragonite\n|-supereffective|p1a: Dragonite\n|-damage|p1a: Dragonite|47\/100\n|\n|-end|p1a: Dragonite|move: Future Sight\n|-damage|p1a: Dragonite|8\/100\n|-heal|p1a: Dragonite|14\/100|[from] item: Leftovers\n|upkeep\n|turn|44\n|\n|t:|1638890886\n|move|p1a: Dragonite|Roost|p1a: Dragonite\n|-heal|p1a: Dragonite|64\/100\n|-singleturn|p1a: Dragonite|move: Roost\n|move|p2a: Slowbro|Future Sight|p1a: Dragonite\n|-start|p2a: Slowbro|move: Future Sight\n|\n|-heal|p1a: Dragonite|71\/100|[from] item: Leftovers\n|upkeep\n|turn|45\n|\n|t:|1638890891\n|move|p1a: Dragonite|Roost|p1a: Dragonite\n|-heal|p1a: Dragonite|100\/100\n|-singleturn|p1a: Dragonite|move: Roost\n|move|p2a: Slowbro|Ice Beam|p1a: Dragonite\n|-supereffective|p1a: Dragonite\n|-damage|p1a: Dragonite|83\/100\n|\n|-heal|p1a: Dragonite|90\/100|[from] item: Leftovers\n|upkeep\n|turn|46\n|\n|t:|1638890900\n|move|p1a: Dragonite|Fly||[still]\n|-prepare|p1a: Dragonite|Fly\n|move|p2a: Slowbro|Ice Beam|p1a: Dragonite|[miss]|[miss]\n|-miss|p2a: Slowbro|p1a: Dragonite\n|\n|-end|p1a: Dragonite|move: Future Sight\n|-miss|p2a: Slowbro|p1a: Dragonite\n|-heal|p1a: Dragonite|96\/100|[from] item: Leftovers\n|upkeep\n|turn|47\n|\n|t:|1638890909\n|move|p1a: Dragonite|Fly|p2a: Slowbro|[from]lockedmove\n|-damage|p2a: Slowbro|45\/100\n|move|p2a: Slowbro|Ice Beam|p1a: Dragonite\n|-supereffective|p1a: Dragonite\n|-damage|p1a: Dragonite|17\/100\n|\n|-heal|p1a: Dragonite|23\/100|[from] item: Leftovers\n|-heal|p2a: Slowbro|51\/100|[from] item: Leftovers\n|upkeep\n|turn|48\n|\n|t:|1638890916\n|move|p1a: Dragonite|Roost|p1a: Dragonite\n|-heal|p1a: Dragonite|73\/100\n|-singleturn|p1a: Dragonite|move: Roost\n|move|p2a: Slowbro|Slack Off|p2a: Slowbro\n|-heal|p2a: Slowbro|100\/100\n|\n|-heal|p1a: Dragonite|80\/100|[from] item: Leftovers\n|upkeep\n|turn|49\n|\n|t:|1638890922\n|move|p1a: Dragonite|Roost|p1a: Dragonite\n|-heal|p1a: Dragonite|100\/100\n|-singleturn|p1a: Dragonite|move: Roost\n|move|p2a: Slowbro|Future Sight|p1a: Dragonite\n|-start|p2a: Slowbro|move: Future Sight\n|\n|upkeep\n|turn|50\n|\n|t:|1638890929\n|move|p1a: Dragonite|Fly||[still]\n|-prepare|p1a: Dragonite|Fly\n|move|p2a: Slowbro|Ice Beam|p1a: Dragonite|[miss]\n|-miss|p2a: Slowbro|p1a: Dragonite\n|\n|upkeep\n|turn|51\n|\n|t:|1638890934\n|move|p1a: Dragonite|Fly|p2a: Slowbro|[from]lockedmove\n|-damage|p2a: Slowbro|43\/100\n|move|p2a: Slowbro|Ice Beam|p1a: Dragonite\n|-supereffective|p1a: Dragonite\n|-damage|p1a: Dragonite|61\/100\n|\n|-end|p1a: Dragonite|move: Future Sight\n|-damage|p1a: Dragonite|26\/100\n|-heal|p1a: Dragonite|32\/100|[from] item: Leftovers\n|-heal|p2a: Slowbro|49\/100|[from] item: Leftovers\n|upkeep\n|turn|52\n|\n|t:|1638890944\n|move|p1a: Dragonite|Roost|p1a: Dragonite\n|-heal|p1a: Dragonite|82\/100\n|-singleturn|p1a: Dragonite|move: Roost\n|move|p2a: Slowbro|Ice Beam|p1a: Dragonite\n|-supereffective|p1a: Dragonite\n|-damage|p1a: Dragonite|44\/100\n|\n|-heal|p1a: Dragonite|50\/100|[from] item: Leftovers\n|-heal|p2a: Slowbro|55\/100|[from] item: Leftovers\n|upkeep\n|turn|53\n|\n|t:|1638890951\n|move|p1a: Dragonite|Roost|p1a: Dragonite\n|-heal|p1a: Dragonite|99\/100\n|-singleturn|p1a: Dragonite|move: Roost\n|move|p2a: Slowbro|Future Sight|p1a: Dragonite\n|-start|p2a: Slowbro|move: Future Sight\n|\n|-heal|p1a: Dragonite|100\/100|[from] item: Leftovers\n|-heal|p2a: Slowbro|61\/100|[from] item: Leftovers\n|upkeep\n|turn|54\n|\n|t:|1638890957\n|move|p1a: Dragonite|Dragon Dance|p1a: Dragonite\n|-boost|p1a: Dragonite|atk|1\n|-boost|p1a: Dragonite|spe|1\n|move|p2a: Slowbro|Scald|p1a: Dragonite\n|-resisted|p1a: Dragonite\n|-crit|p1a: Dragonite\n|-damage|p1a: Dragonite|91\/100\n|-status|p1a: Dragonite|brn\n|\n|-heal|p1a: Dragonite|98\/100 brn|[from] item: Leftovers\n|-heal|p2a: Slowbro|68\/100|[from] item: Leftovers\n|-damage|p1a: Dragonite|91\/100 brn|[from] brn\n|upkeep\n|turn|55\n|\n|t:|1638890970\n|move|p1a: Dragonite|Dragon Dance|p1a: Dragonite\n|-boost|p1a: Dragonite|atk|1\n|-boost|p1a: Dragonite|spe|1\n|move|p2a: Slowbro|Ice Beam|p1a: Dragonite\n|-supereffective|p1a: Dragonite\n|-damage|p1a: Dragonite|23\/100 brn\n|\n|-end|p1a: Dragonite|move: Future Sight\n|-damage|p1a: Dragonite|0 fnt\n|faint|p1a: Dragonite\n|-heal|p2a: Slowbro|74\/100|[from] item: Leftovers\n|upkeep\n|\n|t:|1638890979\n|switch|p1a: Magnezone|Magnezone|61\/100\n|-damage|p1a: Magnezone|55\/100|[from] Stealth Rock\n|turn|56\n|\n|t:|1638890983\n|move|p1a: Magnezone|Flash Cannon|p2a: Slowbro\n|-resisted|p2a: Slowbro\n|-crit|p2a: Slowbro\n|-damage|p2a: Slowbro|26\/100\n|move|p2a: Slowbro|Scald|p1a: Magnezone\n|-damage|p1a: Magnezone|20\/100\n|\n|-heal|p2a: Slowbro|32\/100|[from] item: Leftovers\n|upkeep\n|turn|57\n|\n|t:|1638890990\n|move|p1a: Magnezone|Flash Cannon|p2a: Slowbro\n|-resisted|p2a: Slowbro\n|-damage|p2a: Slowbro|0 fnt\n|faint|p2a: Slowbro\n|\n|upkeep\n|\n|t:|1638890993\n|switch|p2a: Manectric|Manectric, F|76\/100\n|turn|58\n|\n|t:|1638890999\n|switch|p1a: Jirachi|Jirachi|20\/100 brn\n|-damage|p1a: Jirachi|14\/100 brn|[from] Stealth Rock\n|move|p2a: Manectric|Flamethrower|p1a: Jirachi\n|-supereffective|p1a: Jirachi\n|-damage|p1a: Jirachi|0 fnt\n|faint|p1a: Jirachi\n|\n|upkeep\n|\n|t:|1638891002\n|switch|p1a: Latios|Latios, M|55\/100\n|-damage|p1a: Latios|43\/100|[from] Stealth Rock\n|turn|59\n|\n|t:|1638891007\n|move|p1a: Latios|Psychic|p2a: Manectric\n|-damage|p2a: Manectric|0 fnt\n|faint|p2a: Manectric\n|\n|upkeep\n|\n|t:|1638891009\n|switch|p2a: Staraptor|Staraptor, F|76\/100\n|turn|60\n|\n|t:|1638891016\n|move|p1a: Latios|Psychic|p2a: Staraptor\n|-damage|p2a: Staraptor|2\/100\n|move|p2a: Staraptor|Double-Edge|p1a: Latios\n|-damage|p1a: Latios|0 fnt\n|faint|p1a: Latios\n|-damage|p2a: Staraptor|0 fnt|[from] Recoil\n|faint|p2a: Staraptor\n|\n|upkeep\n|\n|t:|1638891019\n|switch|p1a: Magnezone|Magnezone|20\/100\n|switch|p2a: Clefable|Clefable, M|95\/100\n|-damage|p1a: Magnezone|14\/100|[from] Stealth Rock\n|turn|61\n|\n|t:|1638891024\n|move|p1a: Magnezone|Flash Cannon|p2a: Clefable\n|-supereffective|p2a: Clefable\n|-damage|p2a: Clefable|5\/100\n|move|p2a: Clefable|Moonblast|p1a: Magnezone\n|-resisted|p1a: Magnezone\n|-damage|p1a: Magnezone|0 fnt\n|faint|p1a: Magnezone\n|\n|win|VirginJimmy99\n|raw|BD1L exposed's rating: 1442 &rarr; <strong>1427<\/strong><br \/>(-15 for losing)\n|raw|VirginJimmy99's rating: 1531 &rarr; <strong>1546<\/strong><br \/>(+15 for winning)\n|l|\u2606BD1L exposed\n||Ladder isn't responding, score probably updated but might not have (Request timeout).\n","uploadtime":1638891102,"views":7,"p1id":"bd1lexposed","p2id":"virginjimmy99","formatid":"gen8bdspou","rating":1427,"private":0,"password":null}