{"id":"gen8ou-1591407130","p1":"I DONT REPLY","p2":"cucumber22","format":"gen8ou","log":"|j|\u2606I DONT REPLY\n|j|\u2606cucumber22\n|t:|1654636703\n|gametype|singles\n|player|p1|I DONT REPLY|101|1885\n|player|p2|cucumber22|dancer|1789\n|teamsize|p1|6\n|teamsize|p2|6\n|gen|8\n|tier|[Gen 8] OU\n|rated|\n|rule|Sleep Clause Mod: Limit one foe put to sleep\n|rule|Species Clause: Limit one of each Pok\u00e9mon\n|rule|OHKO Clause: OHKO moves are banned\n|rule|Evasion Moves Clause: Evasion moves are banned\n|rule|Endless Battle Clause: Forcing endless battles is banned\n|rule|HP Percentage Mod: HP is shown in percentages\n|rule|Dynamax Clause: You cannot dynamax\n|clearpoke\n|poke|p1|Bisharp, M|\n|poke|p1|Buzzwole|\n|poke|p1|Tornadus-Therian, M|\n|poke|p1|Victini|\n|poke|p1|Landorus-Therian, M|\n|poke|p1|Slowking-Galar, M|\n|poke|p2|Pelipper, F|\n|poke|p2|Ferrothorn, M|\n|poke|p2|Urshifu-*, F|\n|poke|p2|Kingdra, F|\n|poke|p2|Garchomp, M|\n|poke|p2|Zapdos|\n|teampreview\n|j| Soulsil\n|inactive|Battle timer is ON: inactive players will automatically lose when time's up. (requested by I DONT REPLY)\n|\n|t:|1654636729\n|start\n|switch|p1a: Victini|Victini|100\/100\n|switch|p2a: Pelipper|Pelipper, F|100\/100\n|-weather|RainDance|[from] ability: Drizzle|[of] p2a: Pelipper\n|turn|1\n|\n|t:|1654636733\n|switch|p1a: Landorus|Landorus-Therian, M|100\/100\n|-ability|p1a: Landorus|Intimidate|boost\n|-unboost|p2a: Pelipper|atk|1\n|switch|p2a: Garchomp|Garchomp, M, shiny|100\/100\n|\n|-weather|RainDance|[upkeep]\n|upkeep\n|turn|2\n|\n|t:|1654636737\n|move|p2a: Garchomp|Swords Dance|p2a: Garchomp\n|-boost|p2a: Garchomp|atk|2\n|move|p1a: Landorus|Stealth Rock|p2a: Garchomp\n|-sidestart|p2: cucumber22|move: Stealth Rock\n|\n|-weather|RainDance|[upkeep]\n|upkeep\n|turn|3\n|\n|t:|1654636741\n|move|p2a: Garchomp|Aqua Tail|p1a: Landorus\n|-supereffective|p1a: Landorus\n|-damage|p1a: Landorus|0 fnt\n|faint|p1a: Landorus\n|\n|-weather|RainDance|[upkeep]\n|upkeep\n|\n|t:|1654636744\n|switch|p1a: Victini|Victini|100\/100\n|turn|4\n|c|\u2606cucumber22|i live glaciate\n|\n|t:|1654636753\n|move|p1a: Victini|Final Gambit|p2a: Garchomp\n|-damage|p2a: Garchomp|0 fnt\n|faint|p1a: Victini\n|faint|p2a: Garchomp\n|\n|-weather|RainDance|[upkeep]\n|upkeep\n|c|\u2606cucumber22|ok\n|\n|t:|1654636771\n|switch|p2a: Zapdos|Zapdos, shiny|100\/100\n|switch|p1a: Slowking|Slowking-Galar, M|100\/100\n|turn|5\n|\n|t:|1654636778\n|move|p2a: Zapdos|Volt Switch|p1a: Slowking\n|-damage|p1a: Slowking|73\/100\n|\n|t:|1654636779\n|switch|p2a: Ferrothorn|Ferrothorn, M|100\/100|[from]move: Volt Switch\n|-damage|p2a: Ferrothorn|94\/100|[from] Stealth Rock\n|move|p1a: Slowking|Psychic|p2a: Ferrothorn\n|-resisted|p2a: Ferrothorn\n|-damage|p2a: Ferrothorn|80\/100\n|\n|-weather|RainDance|[upkeep]\n|-heal|p2a: Ferrothorn|87\/100|[from] item: Leftovers\n|upkeep\n|turn|6\n|\n|t:|1654636786\n|switch|p1a: Buzzwole|Buzzwole|100\/100\n|move|p2a: Ferrothorn|Knock Off|p1a: Buzzwole\n|-resisted|p1a: Buzzwole\n|-damage|p1a: Buzzwole|95\/100\n|-enditem|p1a: Buzzwole|Heavy-Duty Boots|[from] move: Knock Off|[of] p2a: Ferrothorn\n|\n|-weather|RainDance|[upkeep]\n|-heal|p2a: Ferrothorn|93\/100|[from] item: Leftovers\n|upkeep\n|turn|7\n|j| Snowballriver\n|\n|t:|1654636793\n|switch|p2a: Pelipper|Pelipper, F|100\/100\n|-damage|p2a: Pelipper|76\/100|[from] Stealth Rock\n|move|p1a: Buzzwole|Ice Punch|p2a: Pelipper\n|-damage|p2a: Pelipper|59\/100\n|\n|-weather|RainDance|[upkeep]\n|upkeep\n|turn|8\n|\n|t:|1654636797\n|switch|p1a: Bisharp|Bisharp, M|100\/100\n|move|p2a: Pelipper|Defog|p1a: Bisharp\n|-unboost|p1a: Bisharp|evasion|1\n|-ability|p1a: Bisharp|Defiant\n|-boost|p1a: Bisharp|atk|2\n|-sideend|p2: cucumber22|Stealth Rock|[from] move: Defog|[of] p2a: Pelipper\n|\n|-weather|none\n|upkeep\n|turn|9\n|\n|t:|1654636819\n|switch|p2a: Kingdra|Kingdra, F|100\/100\n|move|p1a: Bisharp|Knock Off|p2a: Kingdra\n|-damage|p2a: Kingdra|0 fnt\n|-enditem|p2a: Kingdra|Choice Specs|[from] move: Knock Off|[of] p1a: Bisharp\n|faint|p2a: Kingdra\n|\n|upkeep\n|\n|t:|1654636821\n|switch|p2a: Urshifu|Urshifu-Rapid-Strike, F|100\/100\n|turn|10\n|\n|t:|1654636827\n|switch|p1a: Buzzwole|Buzzwole|95\/100\n|move|p2a: Urshifu|Close Combat|p1a: Buzzwole\n|-resisted|p1a: Buzzwole\n|-damage|p1a: Buzzwole|78\/100\n|-unboost|p2a: Urshifu|def|1\n|-unboost|p2a: Urshifu|spd|1\n|\n|upkeep\n|turn|11\n|\n|t:|1654636832\n|switch|p2a: Pelipper|Pelipper, F|59\/100\n|-weather|RainDance|[from] ability: Drizzle|[of] p2a: Pelipper\n|switch|p1a: Bisharp|Bisharp, M|100\/100\n|\n|-weather|RainDance|[upkeep]\n|upkeep\n|turn|12\n|\n|t:|1654636835\n|move|p1a: Bisharp|Knock Off|p2a: Pelipper\n|-damage|p2a: Pelipper|0 fnt\n|-enditem|p2a: Pelipper|Damp Rock|[from] move: Knock Off|[of] p1a: Bisharp\n|faint|p2a: Pelipper\n|\n|-weather|RainDance|[upkeep]\n|upkeep\n|\n|t:|1654636838\n|switch|p2a: Urshifu|Urshifu-Rapid-Strike, F|100\/100\n|turn|13\n|\n|t:|1654636846\n|switch|p1a: Tornadus|Tornadus-Therian, M|100\/100\n|move|p2a: Urshifu|Surging Strikes|p1a: Tornadus\n|-crit|p1a: Tornadus\n|-damage|p1a: Tornadus|63\/100\n|-crit|p1a: Tornadus\n|-damage|p1a: Tornadus|27\/100\n|-crit|p1a: Tornadus\n|-damage|p1a: Tornadus|0 fnt\n|faint|p1a: Tornadus\n|-hitcount|p1: Tornadus|3\n|\n|-weather|RainDance|[upkeep]\n|upkeep\n|\n|t:|1654636851\n|switch|p1a: Buzzwole|Buzzwole|78\/100\n|turn|14\n|\n|t:|1654636854\n|move|p2a: Urshifu|Surging Strikes|p1a: Buzzwole\n|-crit|p1a: Buzzwole\n|-damage|p1a: Buzzwole|62\/100\n|-crit|p1a: Buzzwole\n|-damage|p1a: Buzzwole|45\/100\n|-crit|p1a: Buzzwole\n|-damage|p1a: Buzzwole|28\/100\n|-hitcount|p1a: Buzzwole|3\n|move|p1a: Buzzwole|Roost|p1a: Buzzwole\n|-heal|p1a: Buzzwole|78\/100\n|-singleturn|p1a: Buzzwole|move: Roost\n|\n|-weather|RainDance|[upkeep]\n|upkeep\n|turn|15\n|\n|t:|1654636857\n|switch|p2a: Zapdos|Zapdos, shiny|100\/100\n|move|p1a: Buzzwole|Roost|p1a: Buzzwole\n|-heal|p1a: Buzzwole|100\/100\n|-singleturn|p1a: Buzzwole|move: Roost\n|\n|-weather|RainDance|[upkeep]\n|upkeep\n|turn|16\n|\n|t:|1654636864\n|switch|p1a: Slowking|Slowking-Galar, M|100\/100\n|move|p2a: Zapdos|Volt Switch|p1a: Slowking\n|-crit|p1a: Slowking\n|-damage|p1a: Slowking|56\/100\n|\n|t:|1654636868\n|switch|p2a: Ferrothorn|Ferrothorn, M|93\/100|[from]move: Volt Switch\n|\n|-weather|RainDance|[upkeep]\n|-heal|p2a: Ferrothorn|99\/100|[from] item: Leftovers\n|upkeep\n|turn|17\n|\n|t:|1654636872\n|switch|p1a: Bisharp|Bisharp, M|100\/100\n|move|p2a: Ferrothorn|Spikes|p1a: Bisharp\n|-sidestart|p1: I DONT REPLY|Spikes\n|\n|-weather|RainDance|[upkeep]\n|-heal|p2a: Ferrothorn|100\/100|[from] item: Leftovers\n|upkeep\n|turn|18\n|\n|t:|1654636876\n|switch|p2a: Urshifu|Urshifu-Rapid-Strike, F|100\/100\n|move|p1a: Bisharp|Knock Off|p2a: Urshifu\n|-resisted|p2a: Urshifu\n|-damage|p2a: Urshifu|57\/100\n|-enditem|p2a: Urshifu|Choice Scarf|[from] move: Knock Off|[of] p1a: Bisharp\n|\n|-weather|none\n|upkeep\n|turn|19\n|\n|t:|1654636887\n|switch|p1a: Slowking|Slowking-Galar, M|90\/100\n|move|p2a: Urshifu|U-turn|p1a: Slowking\n|-damage|p1a: Slowking|64\/100\n|\n|t:|1654636896\n|switch|p2a: Ferrothorn|Ferrothorn, M|100\/100|[from]move: U-turn\n|\n|upkeep\n|turn|20\n|\n|t:|1654636904\n|switch|p1a: Bisharp|Bisharp, M|100\/100\n|-damage|p1a: Bisharp|88\/100|[from] Spikes\n|move|p2a: Ferrothorn|Knock Off|p1a: Bisharp\n|-resisted|p1a: Bisharp\n|-damage|p1a: Bisharp|74\/100\n|-enditem|p1a: Bisharp|Choice Band|[from] move: Knock Off|[of] p2a: Ferrothorn\n|\n|upkeep\n|turn|21\n|\n|t:|1654636912\n|move|p1a: Bisharp|Knock Off|p2a: Ferrothorn\n|-damage|p2a: Ferrothorn|56\/100\n|-damage|p1a: Bisharp|62\/100|[from] ability: Iron Barbs|[of] p2a: Ferrothorn\n|-enditem|p2a: Ferrothorn|Leftovers|[from] move: Knock Off|[of] p1a: Bisharp\n|move|p2a: Ferrothorn|Leech Seed|p1a: Bisharp|[miss]\n|-miss|p2a: Ferrothorn|p1a: Bisharp\n|\n|upkeep\n|turn|22\n|\n|t:|1654636917\n|move|p1a: Bisharp|Knock Off|p2a: Ferrothorn\n|-damage|p2a: Ferrothorn|29\/100\n|-damage|p1a: Bisharp|50\/100|[from] ability: Iron Barbs|[of] p2a: Ferrothorn\n|move|p2a: Ferrothorn|Leech Seed|p1a: Bisharp\n|-start|p1a: Bisharp|move: Leech Seed\n|\n|-damage|p1a: Bisharp|37\/100|[from] Leech Seed|[of] p2a: Ferrothorn\n|-heal|p2a: Ferrothorn|39\/100|[silent]\n|upkeep\n|turn|23\n|\n|t:|1654636925\n|switch|p1a: Slowking|Slowking-Galar, M|97\/100\n|switch|p2a: Urshifu|Urshifu-Rapid-Strike, F|57\/100\n|\n|upkeep\n|turn|24\n|\n|t:|1654636929\n|move|p2a: Urshifu|U-turn|p1a: Slowking\n|-damage|p1a: Slowking|71\/100\n|\n|t:|1654636931\n|switch|p2a: Ferrothorn|Ferrothorn, M|39\/100|[from]move: U-turn\n|move|p1a: Slowking|Psychic|p2a: Ferrothorn\n|-resisted|p2a: Ferrothorn\n|-damage|p2a: Ferrothorn|25\/100\n|\n|upkeep\n|turn|25\n|\n|t:|1654636933\n|move|p1a: Slowking|Flamethrower|p2a: Ferrothorn\n|-supereffective|p2a: Ferrothorn\n|-damage|p2a: Ferrothorn|0 fnt\n|faint|p2a: Ferrothorn\n|\n|upkeep\n|\n|t:|1654636936\n|switch|p2a: Urshifu|Urshifu-Rapid-Strike, F|57\/100\n|turn|26\n|\n|t:|1654636940\n|move|p2a: Urshifu|U-turn|p1a: Slowking\n|-damage|p1a: Slowking|46\/100\n|\n|t:|1654636942\n|switch|p2a: Zapdos|Zapdos, shiny|100\/100|[from]move: U-turn\n|move|p1a: Slowking|Psychic|p2a: Zapdos\n|-damage|p2a: Zapdos|55\/100\n|\n|upkeep\n|turn|27\n|\n|t:|1654636944\n|move|p2a: Zapdos|Thunder|p1a: Slowking|[miss]\n|-miss|p2a: Zapdos|p1a: Slowking\n|move|p1a: Slowking|Psychic|p2a: Zapdos\n|-damage|p2a: Zapdos|10\/100\n|\n|upkeep\n|turn|28\n|\n|t:|1654636949\n|move|p2a: Zapdos|Volt Switch|p1a: Slowking\n|-damage|p1a: Slowking|19\/100\n|\n|t:|1654636951\n|switch|p2a: Urshifu|Urshifu-Rapid-Strike, F|57\/100|[from]move: Volt Switch\n|move|p1a: Slowking|Psychic|p2a: Urshifu\n|-supereffective|p2a: Urshifu\n|-damage|p2a: Urshifu|0 fnt\n|faint|p2a: Urshifu\n|\n|upkeep\n|\n|t:|1654636953\n|switch|p2a: Zapdos|Zapdos, shiny|10\/100\n|turn|29\n|\n|t:|1654636957\n|switch|p1a: Buzzwole|Buzzwole|100\/100\n|-damage|p1a: Buzzwole|88\/100|[from] Spikes\n|move|p2a: Zapdos|Volt Switch|p1a: Buzzwole\n|-damage|p1a: Buzzwole|40\/100\n|\n|upkeep\n|turn|30\n|\n|t:|1654636964\n|move|p2a: Zapdos|Volt Switch|p1a: Buzzwole\n|-damage|p1a: Buzzwole|0 fnt\n|faint|p1a: Buzzwole\n|\n|upkeep\n|\n|t:|1654636967\n|switch|p1a: Slowking|Slowking-Galar, M|52\/100\n|turn|31\n|\n|t:|1654636971\n|switch|p1a: Bisharp|Bisharp, M|37\/100\n|-damage|p1a: Bisharp|25\/100|[from] Spikes\n|move|p2a: Zapdos|Roost|p2a: Zapdos\n|-heal|p2a: Zapdos|60\/100\n|-singleturn|p2a: Zapdos|move: Roost\n|\n|upkeep\n|turn|32\n|\n|t:|1654636977\n|move|p2a: Zapdos|Roost|p2a: Zapdos\n|-heal|p2a: Zapdos|100\/100\n|-singleturn|p2a: Zapdos|move: Roost\n|move|p1a: Bisharp|Knock Off|p2a: Zapdos\n|-damage|p2a: Zapdos|38\/100\n|-enditem|p2a: Zapdos|Heavy-Duty Boots|[from] move: Knock Off|[of] p1a: Bisharp\n|\n|upkeep\n|turn|33\n|\n|t:|1654636984\n|move|p2a: Zapdos|Roost|p2a: Zapdos\n|-heal|p2a: Zapdos|88\/100\n|-singleturn|p2a: Zapdos|move: Roost\n|move|p1a: Bisharp|Knock Off|p2a: Zapdos\n|-damage|p2a: Zapdos|45\/100\n|-status|p1a: Bisharp|par|[from] ability: Static|[of] p2a: Zapdos\n|\n|upkeep\n|turn|34\n|\n|t:|1654636988\n|move|p2a: Zapdos|Roost|p2a: Zapdos\n|-heal|p2a: Zapdos|95\/100\n|-singleturn|p2a: Zapdos|move: Roost\n|move|p1a: Bisharp|Knock Off|p2a: Zapdos\n|-damage|p2a: Zapdos|50\/100\n|\n|upkeep\n|turn|35\n|\n|t:|1654636993\n|move|p2a: Zapdos|Roost|p2a: Zapdos\n|-heal|p2a: Zapdos|99\/100\n|-singleturn|p2a: Zapdos|move: Roost\n|cant|p1a: Bisharp|par\n|\n|upkeep\n|turn|36\n|\n|t:|1654636998\n|cant|p1a: Bisharp|par\n|move|p2a: Zapdos|Volt Switch|p1a: Bisharp\n|-damage|p1a: Bisharp|0 fnt\n|faint|p1a: Bisharp\n|\n|upkeep\n|\n|t:|1654637000\n|switch|p1a: Slowking|Slowking-Galar, M|85\/100\n|turn|37\n|\n|t:|1654637006\n|move|p2a: Zapdos|Thunder|p1a: Slowking\n|-damage|p1a: Slowking|38\/100\n|move|p1a: Slowking|Nasty Plot|p1a: Slowking\n|-boost|p1a: Slowking|spa|2\n|\n|upkeep\n|turn|38\n|\n|t:|1654637009\n|move|p2a: Zapdos|Thunder|p1a: Slowking\n|-damage|p1a: Slowking|0 fnt\n|faint|p1a: Slowking\n|\n|win|cucumber22\n|raw|I DONT REPLY's rating: 1885 &rarr; <strong>1860<\/strong><br \/>(-25 for losing)\n|raw|cucumber22's rating: 1789 &rarr; <strong>1814<\/strong><br \/>(+25 for winning)\n|l|\u2606I DONT REPLY\n|l| Snowballriver\n||Ladder isn't responding, score probably updated but might not have (Request timeout).\n","uploadtime":1654637017,"views":89,"p1id":"idontreply","p2id":"cucumber22","formatid":"gen8ou","rating":1814,"private":0,"password":null}