{"id":"gen8nationaldex-1621012409","p1":"FleetFoxxx","p2":"L+Ratio+Psyduck","format":"gen8nationaldex","log":"|j|\u2606FleetFoxxx\n|j|\u2606L+Ratio+Psyduck\n|t:|1658277259\n|gametype|singles\n|player|p1|FleetFoxxx|flannery|\n|player|p2|L+Ratio+Psyduck|gentleman-gen4|\n|teamsize|p1|6\n|teamsize|p2|6\n|gen|8\n|tier|[Gen 8] National Dex\n|rule|HP Percentage Mod: HP is shown in percentages\n|rule|Endless Battle Clause: Forcing endless battles is banned\n|rule|OHKO Clause: OHKO moves are banned\n|rule|Evasion Moves Clause: Evasion moves are banned\n|rule|Species Clause: Limit one of each Pok\u00e9mon\n|rule|Dynamax Clause: You cannot dynamax\n|rule|Sleep Clause Mod: Limit one foe put to sleep\n|clearpoke\n|poke|p1|Runerigus, M|\n|poke|p1|Galvantula, M|\n|poke|p1|Togetic, M|\n|poke|p1|Bisharp, F|\n|poke|p1|Whimsicott, F|\n|poke|p1|Banette, M|\n|poke|p2|Hatterene, F|\n|poke|p2|Darmanitan, M|\n|poke|p2|Gurdurr, M|\n|poke|p2|Doublade, M|\n|poke|p2|Omastar, F|\n|poke|p2|Goodra, F|\n|teampreview\n|j| yes munchlax\n|\n|t:|1658277305\n|start\n|switch|p1a: Galvantula|Galvantula, M|100\/100\n|switch|p2a: Omastar|Omastar, F|100\/100\n|turn|1\n|\n|t:|1658277314\n|switch|p2a: Hatterene|Hatterene, F|100\/100\n|move|p1a: Galvantula|Volt Switch|p2a: Hatterene\n|-damage|p2a: Hatterene|68\/100\n|\n|t:|1658277318\n|switch|p1a: Banette|Banette, M|100\/100|[from]move: Volt Switch\n|\n|-heal|p2a: Hatterene|74\/100|[from] item: Leftovers\n|upkeep\n|turn|2\n|\n|t:|1658277331\n|detailschange|p1a: Banette|Banette-Mega, M\n|-mega|p1a: Banette|Banette|Banettite\n|move|p1a: Banette|Shadow Claw|p2a: Hatterene\n|-supereffective|p2a: Hatterene\n|-damage|p2a: Hatterene|0 fnt\n|faint|p2a: Hatterene\n|\n|upkeep\n|\n|t:|1658277343\n|switch|p2a: Darmanitan|Darmanitan, M|100\/100\n|turn|3\n|c|\u2606FleetFoxxx|uhhhh i forgot to post\n|j| nephsensei\n|c|\u2606FleetFoxxx|that we were playing\n|j|+andrew\n|j| johngalt149\n|c|\u2606FleetFoxxx|oopsies\n|c|+andrew|np ruffneck posted\n|c|+andrew|we here :eyes:\n|c|\u2606FleetFoxxx|sorry sorry\n|c|\u2606L+Ratio+Psyduck|Ruffneck I did not prep at all do not be disappointed in me\n|c| yes munchlax|im makign dinner\n|\n|t:|1658277425\n|switch|p1a: Runerigus|Runerigus, M|100\/100\n|move|p2a: Darmanitan|Flare Blitz|p1a: Runerigus\n|-damage|p1a: Runerigus|39\/100\n|-activate|p1a: Runerigus|ability: Wandering Spirit|Sheer Force|Wandering Spirit|[of] p2a: Darmanitan\n|-damage|p2a: Darmanitan|83\/100|[from] Recoil\n|-damage|p2a: Darmanitan|73\/100|[from] item: Life Orb\n|\n|-heal|p1a: Runerigus|45\/100|[from] item: Leftovers\n|upkeep\n|turn|4\n|c| nephsensei|sparks are flying in this heated battle\n|c| nephsensei|neither trainer is conceding an inch\n|\n|t:|1658277465\n|move|p2a: Darmanitan|Flare Blitz|p1a: Runerigus\n|-damage|p1a: Runerigus|0 fnt\n|faint|p1a: Runerigus\n|-damage|p2a: Darmanitan|60\/100|[from] Recoil\n|-damage|p2a: Darmanitan|51\/100|[from] item: Life Orb\n|\n|upkeep\n|\n|t:|1658277511\n|switch|p1a: Bisharp|Bisharp, F|100\/100\n|turn|5\n|\n|t:|1658277515\n|switch|p2a: Gurdurr|Gurdurr, M|100\/100\n|move|p1a: Bisharp|Sucker Punch||[still]\n|-fail|p1a: Bisharp\n|\n|upkeep\n|turn|6\n|\n|t:|1658277523\n|switch|p1a: Togetic|Togetic, M|100\/100\n|move|p2a: Gurdurr|Bulk Up|p2a: Gurdurr\n|-boost|p2a: Gurdurr|atk|1\n|-boost|p2a: Gurdurr|def|1\n|\n|upkeep\n|turn|7\n|\n|t:|1658277528\n|move|p2a: Gurdurr|Toxic|p1a: Togetic\n|-status|p1a: Togetic|tox\n|move|p1a: Togetic|Dazzling Gleam|p2a: Gurdurr\n|-supereffective|p2a: Gurdurr\n|-damage|p2a: Gurdurr|69\/100\n|\n|-damage|p1a: Togetic|94\/100 tox|[from] psn\n|upkeep\n|turn|8\n|\n|t:|1658277535\n|switch|p2a: Doublade|Doublade, M|100\/100\n|move|p1a: Togetic|Dazzling Gleam|p2a: Doublade\n|-resisted|p2a: Doublade\n|-damage|p2a: Doublade|91\/100\n|\n|-damage|p1a: Togetic|82\/100 tox|[from] psn\n|upkeep\n|turn|9\n|\n|t:|1658277555\n|move|p1a: Togetic|Flamethrower|p2a: Doublade\n|-supereffective|p2a: Doublade\n|-damage|p2a: Doublade|66\/100\n|move|p2a: Doublade|Shadow Claw|p1a: Togetic\n|-crit|p1a: Togetic\n|-damage|p1a: Togetic|58\/100 tox\n|\n|-damage|p1a: Togetic|40\/100 tox|[from] psn\n|upkeep\n|turn|10\n|\n|t:|1658277571\n|switch|p2a: Goodra|Goodra, F|100\/100\n|move|p1a: Togetic|Roost|p1a: Togetic\n|-heal|p1a: Togetic|90\/100 tox\n|-singleturn|p1a: Togetic|move: Roost\n|\n|-damage|p1a: Togetic|66\/100 tox|[from] psn\n|upkeep\n|turn|11\n|\n|t:|1658277603\n|switch|p2a: Doublade|Doublade, M|66\/100\n|switch|p1a: Bisharp|Bisharp, F|100\/100\n|\n|upkeep\n|turn|12\n|j| thamaestro\n|\n|t:|1658277611\n|switch|p2a: Gurdurr|Gurdurr, M|69\/100\n|move|p1a: Bisharp|Knock Off|p2a: Gurdurr\n|-resisted|p2a: Gurdurr\n|-damage|p2a: Gurdurr|48\/100\n|-enditem|p2a: Gurdurr|Eviolite|[from] move: Knock Off|[of] p1a: Bisharp\n|-damage|p1a: Bisharp|91\/100|[from] item: Life Orb\n|\n|upkeep\n|turn|13\n|\n|t:|1658277618\n|switch|p1a: Togetic|Togetic, M|66\/100 tox\n|move|p2a: Gurdurr|Drain Punch|p1a: Togetic\n|-resisted|p1a: Togetic\n|-damage|p1a: Togetic|62\/100 tox\n|-heal|p2a: Gurdurr|50\/100|[from] drain|[of] p1a: Togetic\n|\n|-damage|p1a: Togetic|56\/100 tox|[from] psn\n|upkeep\n|turn|14\n|\n|t:|1658277637\n|switch|p2a: Doublade|Doublade, M|66\/100\n|move|p1a: Togetic|Heal Bell|p1a: Togetic\n|-activate|p1a: Togetic|move: Heal Bell\n|-curestatus|p1a: Togetic|tox|[msg]\n|\n|upkeep\n|turn|15\n|\n|t:|1658277642\n|move|p1a: Togetic|Roost|p1a: Togetic\n|-heal|p1a: Togetic|100\/100\n|-singleturn|p1a: Togetic|move: Roost\n|move|p2a: Doublade|Toxic|p1a: Togetic\n|-status|p1a: Togetic|tox\n|\n|-damage|p1a: Togetic|94\/100 tox|[from] psn\n|upkeep\n|turn|16\n|\n|t:|1658277650\n|switch|p2a: Omastar|Omastar, F|100\/100\n|move|p1a: Togetic|Flamethrower|p2a: Omastar\n|-resisted|p2a: Omastar\n|-damage|p2a: Omastar|93\/100\n|\n|-damage|p1a: Togetic|82\/100 tox|[from] psn\n|upkeep\n|turn|17\n|\n|t:|1658277677\n|switch|p1a: Whimsicott|Whimsicott, F|100\/100\n|move|p2a: Omastar|Shell Smash|p2a: Omastar\n|-unboost|p2a: Omastar|def|1\n|-unboost|p2a: Omastar|spd|1\n|-boost|p2a: Omastar|atk|2\n|-boost|p2a: Omastar|spa|2\n|-boost|p2a: Omastar|spe|2\n|\n|upkeep\n|turn|18\n|\n|t:|1658277690\n|move|p1a: Whimsicott|Tailwind|p1a: Whimsicott\n|-sidestart|p1: FleetFoxxx|move: Tailwind\n|move|p2a: Omastar|Stealth Rock|p1a: Whimsicott\n|-sidestart|p1: FleetFoxxx|move: Stealth Rock\n|\n|upkeep\n|turn|19\n|l| thamaestro\n|j| thamaestro\n|\n|t:|1658277725\n|switch|p2a: Goodra|Goodra, F|100\/100\n|move|p1a: Whimsicott|Moonblast|p2a: Goodra\n|-supereffective|p2a: Goodra\n|-damage|p2a: Goodra|66\/100\n|\n|upkeep\n|turn|20\n|\n|t:|1658277740\n|switch|p1a: Bisharp|Bisharp, F|91\/100\n|-damage|p1a: Bisharp|85\/100|[from] Stealth Rock\n|switch|p2a: Doublade|Doublade, M|66\/100\n|\n|upkeep\n|turn|21\n|\n|t:|1658277754\n|switch|p2a: Gurdurr|Gurdurr, M|50\/100\n|move|p1a: Bisharp|Swords Dance|p1a: Bisharp\n|-boost|p1a: Bisharp|atk|2\n|\n|-sideend|p1: FleetFoxxx|move: Tailwind\n|upkeep\n|turn|22\n|\n|t:|1658277759\n|move|p1a: Bisharp|Iron Head|p2a: Gurdurr\n|-damage|p2a: Gurdurr|0 fnt\n|faint|p2a: Gurdurr\n|-damage|p1a: Bisharp|75\/100|[from] item: Life Orb\n|\n|upkeep\n|\n|t:|1658277774\n|switch|p2a: Omastar|Omastar, F|93\/100\n|turn|23\n|\n|t:|1658277785\n|move|p1a: Bisharp|Knock Off|p2a: Omastar\n|-damage|p2a: Omastar|0 fnt\n|-enditem|p2a: Omastar|Focus Sash|[from] move: Knock Off|[of] p1a: Bisharp\n|faint|p2a: Omastar\n|-damage|p1a: Bisharp|65\/100|[from] item: Life Orb\n|\n|upkeep\n|\n|t:|1658277789\n|switch|p2a: Goodra|Goodra, F|66\/100\n|turn|24\n|\n|t:|1658277797\n|move|p1a: Bisharp|Knock Off|p2a: Goodra\n|-damage|p2a: Goodra|0 fnt\n|-ability|p2a: Goodra|Gooey\n|-unboost|p1a: Bisharp|spe|1\n|-ability|p1a: Bisharp|Defiant\n|-boost|p1a: Bisharp|atk|2\n|-enditem|p2a: Goodra|Assault Vest|[from] move: Knock Off|[of] p1a: Bisharp\n|faint|p2a: Goodra\n|-damage|p1a: Bisharp|56\/100|[from] item: Life Orb\n|\n|upkeep\n|\n|t:|1658277802\n|switch|p2a: Darmanitan|Darmanitan, M|51\/100\n|turn|25\n|\n|t:|1658277811\n|move|p1a: Bisharp|Sucker Punch|p2a: Darmanitan\n|-damage|p2a: Darmanitan|0 fnt\n|faint|p2a: Darmanitan\n|-damage|p1a: Bisharp|46\/100|[from] item: Life Orb\n|\n|upkeep\n|\n|t:|1658277814\n|switch|p2a: Doublade|Doublade, M|66\/100\n|turn|26\n|c|\u2606L+Ratio+Psyduck|gg\n|\n|t:|1658277819\n|move|p1a: Bisharp|Knock Off|p2a: Doublade\n|-supereffective|p2a: Doublade\n|-damage|p2a: Doublade|0 fnt\n|-enditem|p2a: Doublade|Eviolite|[from] move: Knock Off|[of] p1a: Bisharp\n|faint|p2a: Doublade\n|-damage|p1a: Bisharp|36\/100|[from] item: Life Orb\n|\n|win|FleetFoxxx\n|c|\u2606FleetFoxxx|gg\n|l| thamaestro\n|c|\u2606L+Ratio+Psyduck|lmk when you're ready for g2\n|c|\u2606FleetFoxxx|ok\n|l|\u2606FleetFoxxx\n|l| nephsensei\n|l| johngalt149\n","uploadtime":1658278845,"views":26,"p1id":"fleetfoxxx","p2id":"lratiopsyduck","formatid":"gen8nationaldex","rating":0,"private":0,"password":null}