{"id":"gen8monotype-1532345607","p1":"Eclipse77","p2":"oingkr","format":"gen8monotype","log":"|j|\u2606Eclipse77\n|j|\u2606oingkr\n|t:|1647479183\n|gametype|singles\n|player|p1|Eclipse77|hilda-wonderlauncher|1620\n|player|p2|oingkr|psychic-gen4|1449\n|teamsize|p1|6\n|teamsize|p2|6\n|gen|8\n|tier|[Gen 8] Monotype\n|rated|\n|rule|Same Type Clause: Pok\u00e9mon in a team must share a type\n|rule|Sleep Clause Mod: Limit one foe put to sleep\n|rule|Species Clause: Limit one of each Pok\u00e9mon\n|rule|OHKO Clause: OHKO moves are banned\n|rule|Evasion Moves Clause: Evasion moves are banned\n|rule|Endless Battle Clause: Forcing endless battles is banned\n|rule|HP Percentage Mod: HP is shown in percentages\n|rule|Dynamax Clause: You cannot dynamax\n|clearpoke\n|poke|p1|Slowking, F|\n|poke|p1|Urshifu-*, F|\n|poke|p1|Tapu Fini|\n|poke|p1|Toxapex, M|\n|poke|p1|Gastrodon, F|\n|poke|p1|Rotom-Wash|\n|poke|p2|Hatterene, F|\n|poke|p2|Alakazam, M|\n|poke|p2|Slowbro, M|\n|poke|p2|Slowking-Galar, M|\n|poke|p2|Gardevoir, M|\n|poke|p2|Claydol|\n|teampreview\n|\n|t:|1647479199\n|start\n|switch|p1a: Urshifu|Urshifu-Rapid-Strike, F|100\/100\n|switch|p2a: Utnapishtim|Claydol|100\/100\n|turn|1\n|\n|t:|1647479206\n|switch|p2a: Lao Tzu|Slowbro, M|100\/100\n|move|p1a: Urshifu|U-turn|p2a: Lao Tzu\n|-supereffective|p2a: Lao Tzu\n|-damage|p2a: Lao Tzu|55\/100\n|\n|t:|1647479210\n|switch|p1a: Rotom|Rotom-Wash|100\/100|[from]move: U-turn\n|\n|upkeep\n|turn|2\n|\n|t:|1647479216\n|switch|p2a: Trismegistus|Slowking-Galar, M|100\/100\n|move|p1a: Rotom|Hydro Pump|p2a: Trismegistus|[miss]\n|-miss|p1a: Rotom|p2a: Trismegistus\n|\n|upkeep\n|turn|3\n|\n|t:|1647479220\n|switch|p1a: Slowking|Slowking, F|100\/100\n|move|p2a: Trismegistus|Future Sight|p1a: Slowking\n|-start|p2a: Trismegistus|move: Future Sight\n|\n|upkeep\n|turn|4\n|inactive|Battle timer is ON: inactive players will automatically lose when time's up. (requested by Eclipse77)\n|\n|t:|1647479227\n|switch|p2a: Laveau|Hatterene, F|100\/100\n|move|p1a: Slowking|Teleport|p1a: Slowking\n|\n|t:|1647479230\n|switch|p1a: Urshifu|Urshifu-Rapid-Strike, F|100\/100|[from]move: Teleport\n|\n|upkeep\n|turn|5\n|\n|t:|1647479239\n|move|p1a: Urshifu|U-turn|p2a: Laveau\n|-damage|p2a: Laveau|61\/100\n|\n|t:|1647479241\n|switch|p1a: Slowking|Slowking, F|100\/100|[from]move: U-turn\n|move|p2a: Laveau|Draining Kiss|p1a: Slowking\n|-damage|p1a: Slowking|83\/100\n|-heal|p2a: Laveau|77\/100|[from] drain|[of] p1a: Slowking\n|\n|-end|p1a: Slowking|move: Future Sight\n|-resisted|p1a: Slowking\n|-damage|p1a: Slowking|66\/100\n|-heal|p2a: Laveau|83\/100|[from] item: Leftovers\n|upkeep\n|turn|6\n|\n|t:|1647479247\n|move|p2a: Laveau|Calm Mind|p2a: Laveau\n|-boost|p2a: Laveau|spa|1\n|-boost|p2a: Laveau|spd|1\n|move|p1a: Slowking|Teleport|p1a: Slowking\n|\n|t:|1647479252\n|switch|p1a: Urshifu|Urshifu-Rapid-Strike, F|100\/100|[from]move: Teleport\n|\n|-heal|p2a: Laveau|89\/100|[from] item: Leftovers\n|upkeep\n|turn|7\n|\n|t:|1647479254\n|switch|p2a: Lao Tzu|Slowbro, M|89\/100\n|move|p1a: Urshifu|Surging Strikes|p2a: Lao Tzu\n|-resisted|p2a: Lao Tzu\n|-crit|p2a: Lao Tzu\n|-damage|p2a: Lao Tzu|80\/100\n|-resisted|p2a: Lao Tzu\n|-crit|p2a: Lao Tzu\n|-damage|p2a: Lao Tzu|71\/100\n|-resisted|p2a: Lao Tzu\n|-crit|p2a: Lao Tzu\n|-damage|p2a: Lao Tzu|62\/100\n|-hitcount|p2a: Lao Tzu|3\n|\n|upkeep\n|turn|8\n|\n|t:|1647479260\n|switch|p1a: Rotom|Rotom-Wash|100\/100\n|move|p2a: Lao Tzu|Slack Off|p2a: Lao Tzu\n|-heal|p2a: Lao Tzu|100\/100\n|\n|upkeep\n|turn|9\n|\n|t:|1647479265\n|switch|p2a: Apollonius|Gardevoir, M|100\/100\n|-ability|p2a: Apollonius|Levitate|[from] ability: Trace|[of] p1a: Rotom\n|move|p1a: Rotom|Volt Switch|p2a: Apollonius\n|-damage|p2a: Apollonius|70\/100\n|\n|t:|1647479272\n|switch|p1a: Slowking|Slowking, F|99\/100|[from]move: Volt Switch\n|\n|upkeep\n|turn|10\n|\n|t:|1647479275\n|move|p2a: Apollonius|Trick|p1a: Slowking\n|-activate|p2a: Apollonius|move: Trick|[of] p1a: Slowking\n|-item|p1a: Slowking|Choice Scarf|[from] move: Trick\n|-item|p2a: Apollonius|Heavy-Duty Boots|[from] move: Trick\n|move|p1a: Slowking|Teleport|p1a: Slowking\n|\n|t:|1647479280\n|switch|p1a: Urshifu|Urshifu-Rapid-Strike, F|100\/100|[from]move: Teleport\n|\n|upkeep\n|turn|11\n|\n|t:|1647479285\n|switch|p2a: Lao Tzu|Slowbro, M|100\/100\n|move|p1a: Urshifu|U-turn|p2a: Lao Tzu\n|-supereffective|p2a: Lao Tzu\n|-damage|p2a: Lao Tzu|55\/100\n|\n|t:|1647479291\n|switch|p1a: Rotom|Rotom-Wash|100\/100|[from]move: U-turn\n|\n|upkeep\n|turn|12\n|\n|t:|1647479298\n|switch|p2a: Trismegistus|Slowking-Galar, M|100\/100\n|move|p1a: Rotom|Volt Switch|p2a: Trismegistus\n|-crit|p2a: Trismegistus\n|-damage|p2a: Trismegistus|73\/100\n|\n|t:|1647479300\n|switch|p1a: Urshifu|Urshifu-Rapid-Strike, F|100\/100|[from]move: Volt Switch\n|\n|upkeep\n|turn|13\n|\n|t:|1647479306\n|switch|p2a: Lao Tzu|Slowbro, M|88\/100\n|move|p1a: Urshifu|U-turn|p2a: Lao Tzu\n|-supereffective|p2a: Lao Tzu\n|-damage|p2a: Lao Tzu|42\/100\n|\n|t:|1647479308\n|switch|p1a: Rotom|Rotom-Wash|100\/100|[from]move: U-turn\n|\n|upkeep\n|turn|14\n|\n|t:|1647479315\n|switch|p2a: Utnapishtim|Claydol|100\/100\n|move|p1a: Rotom|Hydro Pump|p2a: Utnapishtim\n|-supereffective|p2a: Utnapishtim\n|-damage|p2a: Utnapishtim|35\/100\n|\n|-heal|p2a: Utnapishtim|41\/100|[from] item: Leftovers\n|upkeep\n|turn|15\n|\n|t:|1647479324\n|switch|p1a: Urshifu|Urshifu-Rapid-Strike, F|100\/100\n|switch|p2a: Trismegistus|Slowking-Galar, M|100\/100\n|\n|upkeep\n|turn|16\n|\n|t:|1647479330\n|switch|p2a: Lao Tzu|Slowbro, M|76\/100\n|move|p1a: Urshifu|U-turn|p2a: Lao Tzu\n|-supereffective|p2a: Lao Tzu\n|-damage|p2a: Lao Tzu|34\/100\n|\n|t:|1647479333\n|switch|p1a: Rotom|Rotom-Wash|100\/100|[from]move: U-turn\n|\n|upkeep\n|turn|17\n|\n|t:|1647479338\n|switch|p2a: Trismegistus|Slowking-Galar, M|100\/100\n|move|p1a: Rotom|Volt Switch|p2a: Trismegistus\n|-damage|p2a: Trismegistus|83\/100\n|\n|t:|1647479340\n|switch|p1a: Urshifu|Urshifu-Rapid-Strike, F|100\/100|[from]move: Volt Switch\n|\n|upkeep\n|turn|18\n|\n|t:|1647479347\n|move|p1a: Urshifu|U-turn|p2a: Trismegistus\n|-damage|p2a: Trismegistus|46\/100\n|\n|t:|1647479350\n|switch|p1a: Slowking|Slowking, F|100\/100|[from]move: U-turn\n|move|p2a: Trismegistus|Sludge Wave|p1a: Slowking\n|-damage|p1a: Slowking|74\/100\n|-status|p1a: Slowking|psn\n|\n|-damage|p1a: Slowking|62\/100 psn|[from] psn\n|upkeep\n|turn|19\n|\n|t:|1647479356\n|move|p2a: Trismegistus|Future Sight|p1a: Slowking\n|-start|p2a: Trismegistus|move: Future Sight\n|move|p1a: Slowking|Teleport|p1a: Slowking\n|\n|t:|1647479359\n|switch|p1a: Urshifu|Urshifu-Rapid-Strike, F|100\/100|[from]move: Teleport\n|\n|upkeep\n|turn|20\n|\n|t:|1647479364\n|switch|p2a: Laveau|Hatterene, F|89\/100\n|move|p1a: Urshifu|U-turn|p2a: Laveau\n|-damage|p2a: Laveau|49\/100\n|\n|t:|1647479368\n|switch|p1a: Slowking|Slowking, F|95\/100 psn|[from]move: U-turn\n|\n|-heal|p2a: Laveau|55\/100|[from] item: Leftovers\n|-damage|p1a: Slowking|83\/100 psn|[from] psn\n|upkeep\n|turn|21\n|\n|t:|1647479375\n|move|p2a: Laveau|Draining Kiss|p1a: Slowking\n|-damage|p1a: Slowking|66\/100 psn\n|-heal|p2a: Laveau|71\/100|[from] drain|[of] p1a: Slowking\n|move|p1a: Slowking|Scald|p2a: Laveau\n|-damage|p2a: Laveau|40\/100\n|\n|-end|p1a: Slowking|move: Future Sight\n|-resisted|p1a: Slowking\n|-damage|p1a: Slowking|48\/100 psn\n|-heal|p2a: Laveau|46\/100|[from] item: Leftovers\n|-damage|p1a: Slowking|36\/100 psn|[from] psn\n|upkeep\n|turn|22\n|\n|t:|1647479385\n|switch|p1a: Tapu Fini|Tapu Fini, shiny|100\/100\n|-fieldstart|move: Misty Terrain|[from] ability: Misty Surge|[of] p1a: Tapu Fini\n|move|p2a: Laveau|Draining Kiss|p1a: Tapu Fini\n|-damage|p1a: Tapu Fini|77\/100\n|-heal|p2a: Laveau|65\/100|[from] drain|[of] p1a: Tapu Fini\n|\n|-heal|p1a: Tapu Fini|83\/100|[from] item: Leftovers\n|-heal|p2a: Laveau|71\/100|[from] item: Leftovers\n|upkeep\n|turn|23\n|\n|t:|1647479392\n|switch|p1a: Slowking|Slowking, F|69\/100 psn\n|move|p2a: Laveau|Calm Mind|p2a: Laveau\n|-boost|p2a: Laveau|spa|1\n|-boost|p2a: Laveau|spd|1\n|\n|-heal|p2a: Laveau|77\/100|[from] item: Leftovers\n|-damage|p1a: Slowking|57\/100 psn|[from] psn\n|upkeep\n|turn|24\n|\n|t:|1647479394\n|move|p2a: Laveau|Draining Kiss|p1a: Slowking\n|-damage|p1a: Slowking|32\/100 psn\n|-heal|p2a: Laveau|99\/100|[from] drain|[of] p1a: Slowking\n|move|p1a: Slowking|Teleport|p1a: Slowking\n|\n|t:|1647479396\n|switch|p1a: Urshifu|Urshifu-Rapid-Strike, F|100\/100|[from]move: Teleport\n|\n|-heal|p2a: Laveau|100\/100|[from] item: Leftovers\n|upkeep\n|turn|25\n|\n|t:|1647479400\n|switch|p2a: Lao Tzu|Slowbro, M|67\/100\n|move|p1a: Urshifu|Poison Jab|p2a: Lao Tzu\n|-damage|p2a: Lao Tzu|41\/100\n|\n|upkeep\n|turn|26\n|\n|t:|1647479408\n|switch|p1a: Slowking|Slowking, F|65\/100 psn\n|move|p2a: Lao Tzu|Slack Off|p2a: Lao Tzu\n|-heal|p2a: Lao Tzu|91\/100\n|\n|-damage|p1a: Slowking|53\/100 psn|[from] psn\n|-fieldend|Misty Terrain\n|upkeep\n|turn|27\n|\n|t:|1647479412\n|switch|p2a: Utnapishtim|Claydol|41\/100\n|move|p1a: Slowking|Teleport|p1a: Slowking\n|\n|t:|1647479415\n|switch|p1a: Urshifu|Urshifu-Rapid-Strike, F|100\/100|[from]move: Teleport\n|\n|-heal|p2a: Utnapishtim|47\/100|[from] item: Leftovers\n|upkeep\n|turn|28\n|\n|t:|1647479420\n|switch|p2a: Laveau|Hatterene, F|100\/100\n|move|p1a: Urshifu|U-turn|p2a: Laveau\n|-damage|p2a: Laveau|62\/100\n|\n|t:|1647479425\n|switch|p1a: Rotom|Rotom-Wash|100\/100|[from]move: U-turn\n|\n|-heal|p2a: Laveau|68\/100|[from] item: Leftovers\n|upkeep\n|turn|29\n|\n|t:|1647479430\n|move|p1a: Rotom|Trick|p2a: Laveau\n|-activate|p1a: Rotom|move: Trick|[of] p2a: Laveau\n|-item|p2a: Laveau|Choice Scarf|[from] move: Trick\n|-item|p1a: Rotom|Leftovers|[from] move: Trick\n|move|p2a: Laveau|Draining Kiss|p1a: Rotom\n|-damage|p1a: Rotom|59\/100\n|-heal|p2a: Laveau|92\/100|[from] drain|[of] p1a: Rotom\n|\n|-heal|p1a: Rotom|65\/100|[from] item: Leftovers\n|upkeep\n|turn|30\n|\n|t:|1647479436\n|move|p1a: Rotom|Volt Switch|p2a: Laveau\n|-damage|p2a: Laveau|62\/100\n|\n|t:|1647479439\n|switch|p1a: Toxapex|Toxapex, M, shiny|100\/100|[from]move: Volt Switch\n|move|p2a: Laveau|Draining Kiss|p1a: Toxapex\n|-resisted|p1a: Toxapex\n|-damage|p1a: Toxapex|88\/100\n|-heal|p2a: Laveau|71\/100|[from] drain|[of] p1a: Toxapex\n|\n|-heal|p1a: Toxapex|94\/100|[from] item: Black Sludge\n|upkeep\n|turn|31\n|\n|t:|1647479443\n|switch|p2a: Utnapishtim|Claydol|47\/100\n|move|p1a: Toxapex|Scald|p2a: Utnapishtim\n|-supereffective|p2a: Utnapishtim\n|-damage|p2a: Utnapishtim|25\/100\n|\n|-heal|p2a: Utnapishtim|31\/100|[from] item: Leftovers\n|-heal|p1a: Toxapex|100\/100|[from] item: Black Sludge\n|upkeep\n|turn|32\n|\n|t:|1647479445\n|move|p2a: Utnapishtim|Stealth Rock|p1a: Toxapex\n|-sidestart|p1: Eclipse77|move: Stealth Rock\n|move|p1a: Toxapex|Scald|p2a: Utnapishtim\n|-supereffective|p2a: Utnapishtim\n|-damage|p2a: Utnapishtim|9\/100\n|-status|p2a: Utnapishtim|brn\n|\n|-heal|p2a: Utnapishtim|15\/100 brn|[from] item: Leftovers\n|-damage|p2a: Utnapishtim|9\/100 brn|[from] brn\n|upkeep\n|turn|33\n|\n|t:|1647479453\n|switch|p2a: Laveau|Hatterene, F|71\/100\n|move|p1a: Toxapex|Scald|p2a: Laveau\n|-damage|p2a: Laveau|53\/100\n|\n|upkeep\n|turn|34\n|\n|t:|1647479457\n|switch|p1a: Slowking|Slowking, F|86\/100 psn\n|-damage|p1a: Slowking|73\/100 psn|[from] Stealth Rock\n|move|p2a: Laveau|Psyshock|p1a: Slowking\n|-resisted|p1a: Slowking\n|-damage|p1a: Slowking|47\/100 psn\n|\n|-damage|p1a: Slowking|34\/100 psn|[from] psn\n|upkeep\n|turn|35\n|\n|t:|1647479465\n|move|p2a: Laveau|Psyshock|p1a: Slowking\n|-resisted|p1a: Slowking\n|-crit|p1a: Slowking\n|-damage|p1a: Slowking|0 fnt\n|faint|p1a: Slowking\n|\n|upkeep\n|c|\u2606Eclipse77|Aaa\n|\n|t:|1647479482\n|switch|p1a: Urshifu|Urshifu-Rapid-Strike, F|100\/100\n|-damage|p1a: Urshifu|94\/100|[from] Stealth Rock\n|turn|36\n|\n|t:|1647479487\n|switch|p2a: Lao Tzu|Slowbro, M|100\/100\n|move|p1a: Urshifu|U-turn|p2a: Lao Tzu\n|-supereffective|p2a: Lao Tzu\n|-damage|p2a: Lao Tzu|60\/100\n|\n|t:|1647479490\n|switch|p1a: Rotom|Rotom-Wash|65\/100|[from]move: U-turn\n|-damage|p1a: Rotom|53\/100|[from] Stealth Rock\n|\n|-heal|p1a: Rotom|59\/100|[from] item: Leftovers\n|upkeep\n|turn|37\n|\n|t:|1647479495\n|switch|p2a: Utnapishtim|Claydol|9\/100 brn\n|move|p1a: Rotom|Thunderbolt|p2a: Utnapishtim\n|-immune|p2a: Utnapishtim\n|\n|-heal|p1a: Rotom|65\/100|[from] item: Leftovers\n|-heal|p2a: Utnapishtim|15\/100 brn|[from] item: Leftovers\n|-damage|p2a: Utnapishtim|9\/100 brn|[from] brn\n|upkeep\n|turn|38\n|\n|t:|1647479503\n|move|p1a: Rotom|Hydro Pump|p2a: Utnapishtim|[miss]\n|-miss|p1a: Rotom|p2a: Utnapishtim\n|move|p2a: Utnapishtim|Stealth Rock||[still]\n|-fail|p2a: Utnapishtim\n|\n|-heal|p1a: Rotom|71\/100|[from] item: Leftovers\n|-heal|p2a: Utnapishtim|15\/100 brn|[from] item: Leftovers\n|-damage|p2a: Utnapishtim|9\/100 brn|[from] brn\n|upkeep\n|turn|39\n|\n|t:|1647479508\n|move|p1a: Rotom|Hydro Pump|p2a: Utnapishtim\n|-supereffective|p2a: Utnapishtim\n|-damage|p2a: Utnapishtim|0 fnt\n|faint|p2a: Utnapishtim\n|\n|-heal|p1a: Rotom|78\/100|[from] item: Leftovers\n|upkeep\n|\n|t:|1647479511\n|switch|p2a: Kante|Alakazam, M|100\/100\n|turn|40\n|\n|t:|1647479519\n|switch|p1a: Gastrodon|Gastrodon, F|100\/100\n|-damage|p1a: Gastrodon|94\/100|[from] Stealth Rock\n|move|p2a: Kante|Psychic|p1a: Gastrodon\n|-damage|p1a: Gastrodon|49\/100\n|\n|-heal|p1a: Gastrodon|55\/100|[from] item: Leftovers\n|upkeep\n|turn|41\n|\n|t:|1647479526\n|move|p2a: Kante|Psychic|p1a: Gastrodon\n|-damage|p1a: Gastrodon|12\/100\n|move|p1a: Gastrodon|Earth Power|p2a: Kante\n|-damage|p2a: Kante|60\/100\n|\n|-heal|p1a: Gastrodon|18\/100|[from] item: Leftovers\n|upkeep\n|turn|42\n|\n|t:|1647479531\n|switch|p1a: Tapu Fini|Tapu Fini, shiny|83\/100\n|-damage|p1a: Tapu Fini|71\/100|[from] Stealth Rock\n|-fieldstart|move: Misty Terrain|[from] ability: Misty Surge|[of] p1a: Tapu Fini\n|move|p2a: Kante|Psychic|p1a: Tapu Fini\n|-damage|p1a: Tapu Fini|34\/100\n|\n|-heal|p1a: Tapu Fini|40\/100|[from] item: Leftovers\n|upkeep\n|turn|43\n|\n|t:|1647479542\n|move|p2a: Kante|Psychic|p1a: Tapu Fini\n|-damage|p1a: Tapu Fini|1\/100\n|move|p1a: Tapu Fini|Scald|p2a: Kante\n|-damage|p2a: Kante|19\/100\n|\n|-heal|p1a: Tapu Fini|7\/100|[from] item: Leftovers\n|upkeep\n|turn|44\n|\n|t:|1647479547\n|move|p2a: Kante|Psychic|p1a: Tapu Fini\n|-damage|p1a: Tapu Fini|0 fnt\n|faint|p1a: Tapu Fini\n|\n|upkeep\n|\n|t:|1647479549\n|switch|p1a: Rotom|Rotom-Wash|78\/100\n|-damage|p1a: Rotom|65\/100|[from] Stealth Rock\n|turn|45\n|\n|t:|1647479557\n|switch|p2a: Trismegistus|Slowking-Galar, M|79\/100\n|move|p1a: Rotom|Thunderbolt|p2a: Trismegistus\n|-damage|p2a: Trismegistus|57\/100\n|\n|-heal|p1a: Rotom|71\/100|[from] item: Leftovers\n|upkeep\n|turn|46\n|\n|t:|1647479562\n|move|p1a: Rotom|Volt Switch|p2a: Trismegistus\n|-damage|p2a: Trismegistus|40\/100\n|\n|t:|1647479565\n|switch|p1a: Urshifu|Urshifu-Rapid-Strike, F|94\/100|[from]move: Volt Switch\n|-damage|p1a: Urshifu|88\/100|[from] Stealth Rock\n|move|p2a: Trismegistus|Future Sight|p1a: Urshifu\n|-start|p2a: Trismegistus|move: Future Sight\n|\n|-fieldend|Misty Terrain\n|upkeep\n|turn|47\n|\n|t:|1647479568\n|switch|p2a: Lao Tzu|Slowbro, M|93\/100\n|move|p1a: Urshifu|U-turn|p2a: Lao Tzu\n|-supereffective|p2a: Lao Tzu\n|-damage|p2a: Lao Tzu|53\/100\n|\n|t:|1647479573\n|switch|p1a: Rotom|Rotom-Wash|71\/100|[from]move: U-turn\n|-damage|p1a: Rotom|59\/100|[from] Stealth Rock\n|\n|-heal|p1a: Rotom|65\/100|[from] item: Leftovers\n|upkeep\n|turn|48\n|\n|t:|1647479577\n|switch|p2a: Trismegistus|Slowking-Galar, M|73\/100\n|move|p1a: Rotom|Volt Switch|p2a: Trismegistus\n|-damage|p2a: Trismegistus|55\/100\n|\n|t:|1647479579\n|switch|p1a: Gastrodon|Gastrodon, F|18\/100|[from]move: Volt Switch\n|-damage|p1a: Gastrodon|12\/100|[from] Stealth Rock\n|\n|-end|p1a: Gastrodon|move: Future Sight\n|-damage|p1a: Gastrodon|0 fnt\n|faint|p1a: Gastrodon\n|upkeep\n|\n|t:|1647479581\n|switch|p1a: Urshifu|Urshifu-Rapid-Strike, F|88\/100\n|-damage|p1a: Urshifu|82\/100|[from] Stealth Rock\n|turn|49\n|\n|t:|1647479591\n|switch|p2a: Lao Tzu|Slowbro, M|86\/100\n|move|p1a: Urshifu|Surging Strikes|p2a: Lao Tzu\n|-resisted|p2a: Lao Tzu\n|-crit|p2a: Lao Tzu\n|-damage|p2a: Lao Tzu|77\/100\n|-resisted|p2a: Lao Tzu\n|-crit|p2a: Lao Tzu\n|-damage|p2a: Lao Tzu|69\/100\n|-resisted|p2a: Lao Tzu\n|-crit|p2a: Lao Tzu\n|-damage|p2a: Lao Tzu|60\/100\n|-hitcount|p2a: Lao Tzu|3\n|\n|upkeep\n|turn|50\n|\n|t:|1647479596\n|switch|p1a: Rotom|Rotom-Wash|65\/100\n|-damage|p1a: Rotom|53\/100|[from] Stealth Rock\n|move|p2a: Lao Tzu|Scald|p1a: Rotom\n|-resisted|p1a: Rotom\n|-damage|p1a: Rotom|34\/100\n|-status|p1a: Rotom|brn\n|\n|-heal|p1a: Rotom|40\/100 brn|[from] item: Leftovers\n|-damage|p1a: Rotom|34\/100 brn|[from] brn\n|upkeep\n|turn|51\n|\n|t:|1647479604\n|switch|p2a: Trismegistus|Slowking-Galar, M|89\/100\n|move|p1a: Rotom|Volt Switch|p2a: Trismegistus\n|-damage|p2a: Trismegistus|72\/100\n|\n|t:|1647479606\n|switch|p1a: Urshifu|Urshifu-Rapid-Strike, F|82\/100|[from]move: Volt Switch\n|-damage|p1a: Urshifu|76\/100|[from] Stealth Rock\n|\n|upkeep\n|turn|52\n|\n|t:|1647479611\n|switch|p2a: Lao Tzu|Slowbro, M|93\/100\n|move|p1a: Urshifu|Surging Strikes|p2a: Lao Tzu\n|-resisted|p2a: Lao Tzu\n|-crit|p2a: Lao Tzu\n|-damage|p2a: Lao Tzu|85\/100\n|-resisted|p2a: Lao Tzu\n|-crit|p2a: Lao Tzu\n|-damage|p2a: Lao Tzu|76\/100\n|-resisted|p2a: Lao Tzu\n|-crit|p2a: Lao Tzu\n|-damage|p2a: Lao Tzu|68\/100\n|-hitcount|p2a: Lao Tzu|3\n|\n|upkeep\n|turn|53\n|-message|Eclipse77 forfeited.\n|\n|win|oingkr\n|raw|Eclipse77's rating: 1620 &rarr; <strong>1591<\/strong><br \/>(-29 for losing)\n|raw|oingkr's rating: 1449 &rarr; <strong>1478<\/strong><br \/>(+29 for winning)\n|l|\u2606Eclipse77\n||Ladder isn't responding, score probably updated but might not have (Request timeout).\n","uploadtime":1647479665,"views":11,"p1id":"eclipse77","p2id":"oingkr","formatid":"gen8monotype","rating":1478,"private":0,"password":null}