{"id":"gen8monotype-1592813871","p1":"linkzinhu2","p2":"Batataplays","format":"gen8monotype","log":"|j|\u2606linkzinhu2\n|j|\u2606Batataplays\n|inactive|Battle timer is ON: inactive players will automatically lose when time's up.\n|t:|1654802839\n|gametype|singles\n|player|p1|linkzinhu2|veteran|\n|player|p2|Batataplays|sonia|\n|teamsize|p1|6\n|teamsize|p2|6\n|gen|8\n|tier|[Gen 8] Monotype\n|rated|Tournament battle\n|rule|Same Type Clause: Pok\u00e9mon in a team must share a type\n|rule|Sleep Clause Mod: Limit one foe put to sleep\n|rule|Species Clause: Limit one of each Pok\u00e9mon\n|rule|OHKO Clause: OHKO moves are banned\n|rule|Evasion Moves Clause: Evasion moves are banned\n|rule|Endless Battle Clause: Forcing endless battles is banned\n|rule|HP Percentage Mod: HP is shown in percentages\n|rule|Dynamax Clause: You cannot dynamax\n|clearpoke\n|poke|p1|Bisharp, F|\n|poke|p1|Weavile, F|\n|poke|p1|Krookodile, F|\n|poke|p1|Obstagoon, F|\n|poke|p1|Zoroark, M|\n|poke|p1|Sableye, M|\n|poke|p2|Cradily, F|\n|poke|p2|Nihilego|\n|poke|p2|Terrakion|\n|poke|p2|Tyranitar, M|\n|poke|p2|Rhyperior, M|\n|poke|p2|Coalossal, M|\n|teampreview\n|j| Empoleon o\n|j| PericlesDeThickFat\n|j| setup moves hater\n|c|\u2606Batataplays|po \u00e9 um match up interessante\n|c|\u2606linkzinhu2|ss\n|\n|t:|1654802856\n|start\n|switch|p1a: Weavile|Weavile, F|100\/100\n|switch|p2a: Terrakion|Terrakion|100\/100\n|turn|1\n|\n|t:|1654802870\n|move|p2a: Terrakion|Close Combat|p1a: Weavile\n|-supereffective|p1a: Weavile\n|-enditem|p1a: Weavile|Focus Sash\n|-damage|p1a: Weavile|1\/100\n|-unboost|p2a: Terrakion|def|1\n|-unboost|p2a: Terrakion|spd|1\n|replace|p1a: Zoroark|Zoroark, M\n|-end|p1a: Zoroark|Illusion\n|move|p1a: Zoroark|Extrasensory|p2a: Terrakion\n|-supereffective|p2a: Terrakion\n|-damage|p2a: Terrakion|2\/100\n|\n|upkeep\n|turn|2\n|\n|t:|1654802880\n|switch|p2a: Tyranitar|Tyranitar, M|100\/100\n|-weather|Sandstorm|[from] ability: Sand Stream|[of] p2a: Tyranitar\n|move|p1a: Zoroark|Extrasensory|p2a: Tyranitar\n|-immune|p2a: Tyranitar\n|\n|-weather|Sandstorm|[upkeep]\n|-damage|p1a: Zoroark|0 fnt|[from] Sandstorm\n|faint|p1a: Zoroark\n|upkeep\n|c|\u2606Batataplays|juro que nem vi esse zoroark kkkkj\n|\n|t:|1654802892\n|switch|p1a: Krookodile|Krookodile, F|100\/100\n|turn|3\n|c|\u2606linkzinhu2|kkkkkkkkk\n|\n|t:|1654802915\n|switch|p2a: Cradily|Cradily, F|100\/100\n|move|p1a: Krookodile|Stealth Rock|p2a: Cradily\n|-sidestart|p2: Batataplays|move: Stealth Rock\n|\n|-weather|Sandstorm|[upkeep]\n|upkeep\n|turn|4\n|\n|t:|1654802922\n|move|p1a: Krookodile|Stone Edge|p2a: Cradily\n|-damage|p2a: Cradily|70\/100\n|move|p2a: Cradily|Power Whip|p1a: Krookodile\n|-supereffective|p1a: Krookodile\n|-damage|p1a: Krookodile|17\/100\n|-enditem|p1a: Krookodile|Red Card|[of] p2a: Cradily\n|drag|p2a: Rhyperior|Rhyperior, M|100\/100\n|-damage|p2a: Rhyperior|94\/100|[from] Stealth Rock\n|\n|-weather|Sandstorm|[upkeep]\n|upkeep\n|turn|5\n|\n|t:|1654802934\n|switch|p2a: Coalossal|Coalossal, M|100\/100\n|move|p1a: Krookodile|Stone Edge|p2a: Coalossal\n|-supereffective|p2a: Coalossal\n|-damage|p2a: Coalossal|69\/100\n|\n|-weather|Sandstorm|[upkeep]\n|upkeep\n|turn|6\n|\n|t:|1654802941\n|move|p1a: Krookodile|Earthquake|p2a: Coalossal\n|-supereffective|p2a: Coalossal\n|-damage|p2a: Coalossal|0 fnt\n|faint|p2a: Coalossal\n|-ability|p1a: Krookodile|Moxie|boost\n|-boost|p1a: Krookodile|atk|1\n|\n|-weather|none\n|upkeep\n|\n|t:|1654802947\n|switch|p2a: Nihilego|Nihilego|100\/100\n|-damage|p2a: Nihilego|88\/100|[from] Stealth Rock\n|turn|7\n|c| Empoleon o|coalossal\n|c| Empoleon o|medo\n|\n|t:|1654802951\n|move|p2a: Nihilego|Grass Knot|p1a: Krookodile\n|-supereffective|p1a: Krookodile\n|-damage|p1a: Krookodile|0 fnt\n|faint|p1a: Krookodile\n|-ability|p2a: Nihilego|Beast Boost|boost\n|-boost|p2a: Nihilego|spa|1\n|\n|upkeep\n|c|\u2606Batataplays|respeita\n|\n|t:|1654802959\n|switch|p1a: Bisharp|Bisharp, F|100\/100\n|turn|8\n|c|\u2606Batataplays|tem que respeitar apenas\n|\n|t:|1654802969\n|switch|p2a: Terrakion|Terrakion|2\/100\n|-damage|p2a: Terrakion|0 fnt|[from] Stealth Rock\n|faint|p2a: Terrakion\n|move|p1a: Bisharp|Iron Head|p2: Terrakion|[notarget]\n|-fail|p1a: Bisharp\n|\n|upkeep\n|\n|t:|1654802976\n|switch|p2a: Rhyperior|Rhyperior, M|94\/100\n|-damage|p2a: Rhyperior|88\/100|[from] Stealth Rock\n|turn|9\n|\n|t:|1654802981\n|move|p1a: Bisharp|Iron Head|p2a: Rhyperior\n|-supereffective|p2a: Rhyperior\n|-damage|p2a: Rhyperior|58\/100\n|-enditem|p2a: Rhyperior|Weakness Policy\n|-boost|p2a: Rhyperior|atk|2|[from] item: Weakness Policy\n|-boost|p2a: Rhyperior|spa|2|[from] item: Weakness Policy\n|move|p2a: Rhyperior|Fire Punch|p1a: Bisharp\n|-supereffective|p1a: Bisharp\n|-damage|p1a: Bisharp|0 fnt\n|faint|p1a: Bisharp\n|\n|upkeep\n|c|\u2606linkzinhu2|a\n|\n|t:|1654802991\n|switch|p1a: Weavile|Weavile, F|100\/100\n|-ability|p1a: Weavile|Pressure\n|turn|10\n|\n|t:|1654802996\n|move|p1a: Weavile|Swords Dance|p1a: Weavile\n|-boost|p1a: Weavile|atk|2\n|move|p2a: Rhyperior|Fire Punch|p1a: Weavile\n|-supereffective|p1a: Weavile\n|-enditem|p1a: Weavile|Focus Sash\n|-damage|p1a: Weavile|1\/100\n|\n|upkeep\n|turn|11\n|c| Empoleon o|F Terrakion turn 0-8\n|c| PericlesDeThickFat|ue\n|\n|t:|1654803005\n|switch|p2a: Tyranitar|Tyranitar, M|100\/100\n|-damage|p2a: Tyranitar|88\/100|[from] Stealth Rock\n|-weather|Sandstorm|[from] ability: Sand Stream|[of] p2a: Tyranitar\n|move|p1a: Weavile|Triple Axel|p2a: Tyranitar\n|-damage|p2a: Tyranitar|68\/100\n|-damage|p2a: Tyranitar|29\/100\n|-damage|p2a: Tyranitar|0 fnt\n|faint|p2a: Tyranitar\n|-hitcount|p2: Tyranitar|3\n|\n|-weather|Sandstorm|[upkeep]\n|-damage|p1a: Weavile|0 fnt|[from] Sandstorm\n|faint|p1a: Weavile\n|upkeep\n|j| RaynningOutside\n|c| RaynningOutside|go go batatas\n|\n|t:|1654803021\n|switch|p1a: Sableye|Sableye, M|100\/100\n|switch|p2a: Cradily|Cradily, F|70\/100\n|-damage|p2a: Cradily|58\/100|[from] Stealth Rock\n|turn|12\n|\n|t:|1654803028\n|move|p1a: Sableye|Will-O-Wisp|p2a: Cradily\n|-status|p2a: Cradily|brn\n|move|p2a: Cradily|Toxic|p1a: Sableye\n|-status|p1a: Sableye|tox\n|\n|-weather|Sandstorm|[upkeep]\n|-damage|p1a: Sableye|94\/100 tox|[from] Sandstorm\n|-heal|p2a: Cradily|64\/100 brn|[from] item: Leftovers\n|-damage|p1a: Sableye|88\/100 tox|[from] psn\n|-damage|p2a: Cradily|58\/100 brn|[from] brn\n|upkeep\n|turn|13\n|\n|t:|1654803039\n|switch|p1a: Obstagoon|Obstagoon, F|100\/100\n|move|p2a: Cradily|Stealth Rock|p1a: Obstagoon\n|-sidestart|p1: linkzinhu2|move: Stealth Rock\n|\n|-weather|Sandstorm|[upkeep]\n|-damage|p1a: Obstagoon|94\/100|[from] Sandstorm\n|-heal|p2a: Cradily|64\/100 brn|[from] item: Leftovers\n|-damage|p2a: Cradily|58\/100 brn|[from] brn\n|-status|p1a: Obstagoon|brn|[from] item: Flame Orb\n|upkeep\n|turn|14\n|\n|t:|1654803054\n|move|p1a: Obstagoon|Knock Off|p2a: Cradily\n|-damage|p2a: Cradily|1\/100 brn\n|-enditem|p2a: Cradily|Leftovers|[from] move: Knock Off|[of] p1a: Obstagoon\n|move|p2a: Cradily|Power Whip|p1a: Obstagoon\n|-damage|p1a: Obstagoon|75\/100 brn\n|\n|-weather|Sandstorm|[upkeep]\n|-damage|p1a: Obstagoon|69\/100 brn|[from] Sandstorm\n|-damage|p1a: Obstagoon|63\/100 brn|[from] brn\n|-damage|p2a: Cradily|0 fnt|[from] brn\n|faint|p2a: Cradily\n|upkeep\n|c|\u2606Batataplays|q ven\u00e7a o mais bom\n|c| Empoleon o|Cradily fisico\n|c| Empoleon o|cringe\n|c|\u2606Batataplays|based dms po\n|\n|t:|1654803069\n|switch|p2a: Rhyperior|Rhyperior, M|58\/100\n|-damage|p2a: Rhyperior|52\/100|[from] Stealth Rock\n|turn|15\n|\n|t:|1654803075\n|move|p1a: Obstagoon|Brick Break|p2a: Rhyperior\n|-supereffective|p2a: Rhyperior\n|-damage|p2a: Rhyperior|29\/100\n|move|p2a: Rhyperior|Ice Punch|p1a: Obstagoon\n|-damage|p1a: Obstagoon|41\/100 brn\n|\n|-weather|none\n|-damage|p1a: Obstagoon|35\/100 brn|[from] brn\n|upkeep\n|turn|16\n|c| setup moves hater|mais melhor\n|c|\u2606Batataplays|ue p nn usa cc\n|\n|t:|1654803084\n|move|p1a: Obstagoon|Knock Off|p2a: Rhyperior\n|-damage|p2a: Rhyperior|10\/100\n|move|p2a: Rhyperior|Ice Punch|p1a: Obstagoon\n|-damage|p1a: Obstagoon|13\/100 brn\n|\n|-damage|p1a: Obstagoon|7\/100 brn|[from] brn\n|upkeep\n|turn|17\n|c| PericlesDeThickFat|n ia matar\n|c| Empoleon o|>mais melhor de bom\n|\n|t:|1654803091\n|move|p1a: Obstagoon|Ice Punch|p2a: Rhyperior\n|-supereffective|p2a: Rhyperior\n|-damage|p2a: Rhyperior|0 fnt\n|faint|p2a: Rhyperior\n|\n|-damage|p1a: Obstagoon|0 fnt|[from] brn\n|faint|p1a: Obstagoon\n|upkeep\n|c| RaynningOutside|no shuckle\n|c| RaynningOutside|rip\n|\n|t:|1654803099\n|switch|p1a: Sableye|Sableye, M|88\/100 tox\n|switch|p2a: Nihilego|Nihilego|88\/100\n|-damage|p2a: Nihilego|76\/100|[from] Stealth Rock\n|-damage|p1a: Sableye|75\/100 tox|[from] Stealth Rock\n|turn|18\n|c|\u2606Batataplays|justo\n|c|\u2606Batataplays|eu tirei o shuck\u00e7e\n|\n|t:|1654803106\n|move|p1a: Sableye|Will-O-Wisp|p2a: Nihilego\n|-status|p2a: Nihilego|brn\n|move|p2a: Nihilego|Meteor Beam||[still]\n|-prepare|p2a: Nihilego|Meteor Beam\n|-boost|p2a: Nihilego|spa|1\n|-enditem|p2a: Nihilego|Power Herb\n|-anim|p2a: Nihilego|Meteor Beam|p1a: Sableye\n|-damage|p1a: Sableye|0 fnt\n|faint|p1a: Sableye\n|\n|win|Batataplays\n|n|\u2606linkzinhu2|linkzinhu2\n|n|\u2606Batataplays|batataplays\n|n| Empoleon o|empoleono\n|n| PericlesDeThickFat|periclesdethickfat\n|n| setup moves hater|setupmoveshater\n|n| RaynningOutside|raynningoutside\n","uploadtime":1654803107,"views":6,"p1id":"linkzinhu2","p2id":"batataplays","formatid":"gen8monotype","rating":0,"private":0,"password":null}