{"id":"gen8ou-1689527935","p1":"ImystT","p2":"Mr.Rathaloswyvren","format":"gen8ou","log":"|html|<div class=\"broadcast-blue\"><strong>[Gen 8] OU is currently suspecting Melmetal! For information on how to participate check out the <a href=\"https:\/\/www.smogon.com\/forums\/threads\/np-ss-ou-suspect-process-round-12-monster-mash.3709234\/\">suspect thread<\/a>.<\/strong><\/div>\n|j|\u2606ImystT\n|j|\u2606Mr.Rathaloswyvren\n|t:|1666185020\n|gametype|singles\n|player|p1|ImystT|170|1432\n|player|p2|Mr.Rathaloswyvren|gardenia|1431\n|teamsize|p1|6\n|teamsize|p2|6\n|gen|8\n|tier|[Gen 8] OU\n|rated|\n|rule|Sleep Clause Mod: Limit one foe put to sleep\n|rule|Species Clause: Limit one of each Pok\u00e9mon\n|rule|OHKO Clause: OHKO moves are banned\n|rule|Evasion Items Clause: Evasion items are banned\n|rule|Evasion Moves Clause: Evasion moves are banned\n|rule|Endless Battle Clause: Forcing endless battles is banned\n|rule|HP Percentage Mod: HP is shown in percentages\n|rule|Dynamax Clause: You cannot dynamax\n|clearpoke\n|poke|p1|Toxapex, F|\n|poke|p1|Skarmory, F|\n|poke|p1|Blacephalon|\n|poke|p1|Excadrill, F|\n|poke|p1|Hippowdon, F|\n|poke|p1|Clefable, F|\n|poke|p2|Magnezone|\n|poke|p2|Garchomp, F|\n|poke|p2|Dragonite, F|\n|poke|p2|Slowking-Galar, F|\n|poke|p2|Slowbro, M|\n|poke|p2|Dragapult, M|\n|teampreview\n|c|\u2606Mr.Rathaloswyvren|Gl hf!\n|\n|t:|1666185078\n|start\n|switch|p1a: Hippowdon|Hippowdon, F|100\/100\n|switch|p2a: Slowbro|Slowbro, M|100\/100\n|-weather|Sandstorm|[from] ability: Sand Stream|[of] p1a: Hippowdon\n|turn|1\n|\n|t:|1666185085\n|switch|p1a: Clefable|Clefable, F|100\/100\n|move|p2a: Slowbro|Scald|p1a: Clefable\n|-damage|p1a: Clefable|74\/100\n|\n|-weather|Sandstorm|[upkeep]\n|-damage|p2a: Slowbro|94\/100|[from] Sandstorm\n|upkeep\n|turn|2\n|\n|t:|1666185092\n|switch|p2a: Slowking|Slowking-Galar, F|100\/100\n|move|p1a: Clefable|Thunder|p2a: Slowking\n|-damage|p2a: Slowking|87\/100\n|\n|-weather|Sandstorm|[upkeep]\n|-damage|p2a: Slowking|80\/100|[from] Sandstorm\n|upkeep\n|turn|3\n|\n|t:|1666185108\n|switch|p1a: Hippowdon|Hippowdon, F|100\/100\n|move|p2a: Slowking|Future Sight|p1a: Hippowdon\n|-start|p2a: Slowking|move: Future Sight\n|\n|-weather|Sandstorm|[upkeep]\n|-damage|p2a: Slowking|74\/100|[from] Sandstorm\n|upkeep\n|turn|4\n|\n|t:|1666185116\n|switch|p2a: Slowbro|Slowbro, M|100\/100\n|move|p1a: Hippowdon|Slack Off||[still]\n|-fail|p1a: Hippowdon|heal\n|\n|-weather|Sandstorm|[upkeep]\n|-damage|p2a: Slowbro|94\/100|[from] Sandstorm\n|upkeep\n|turn|5\n|\n|t:|1666185157\n|move|p1a: Hippowdon|Slack Off||[still]\n|-fail|p1a: Hippowdon|heal\n|move|p2a: Slowbro|Teleport|p2a: Slowbro\n|\n|t:|1666185171\n|switch|p2a: Garchomp|Garchomp, F|100\/100|[from]move: Teleport\n|\n|-weather|Sandstorm|[upkeep]\n|-end|p1a: Hippowdon|move: Future Sight\n|-damage|p1a: Hippowdon|64\/100\n|upkeep\n|turn|6\n|\n|t:|1666185176\n|move|p2a: Garchomp|Swords Dance|p2a: Garchomp\n|-boost|p2a: Garchomp|atk|2\n|move|p1a: Hippowdon|Toxic|p2a: Garchomp\n|-status|p2a: Garchomp|tox\n|-enditem|p2a: Garchomp|Lum Berry|[eat]\n|-curestatus|p2a: Garchomp|tox|[msg]\n|\n|-weather|Sandstorm|[upkeep]\n|upkeep\n|turn|7\n|\n|t:|1666185195\n|switch|p1a: Skarmory|Skarmory, F|100\/100\n|move|p2a: Garchomp|Scale Shot|p1a: Skarmory\n|-resisted|p1a: Skarmory\n|-damage|p1a: Skarmory|92\/100\n|-resisted|p1a: Skarmory\n|-damage|p1a: Skarmory|85\/100\n|-resisted|p1a: Skarmory\n|-damage|p1a: Skarmory|77\/100\n|-hitcount|p1a: Skarmory|3\n|-unboost|p2a: Garchomp|def|1\n|-boost|p2a: Garchomp|spe|1\n|\n|-weather|Sandstorm|[upkeep]\n|upkeep\n|turn|8\n|\n|t:|1666185211\n|switch|p2a: Magnezone|Magnezone|100\/100\n|move|p1a: Skarmory|Body Press|p2a: Magnezone\n|-supereffective|p2a: Magnezone\n|-damage|p2a: Magnezone|41\/100\n|\n|-weather|none\n|-heal|p2a: Magnezone|47\/100|[from] item: Leftovers\n|upkeep\n|turn|9\n|\n|t:|1666185218\n|move|p2a: Magnezone|Thunderbolt|p1a: Skarmory\n|-supereffective|p1a: Skarmory\n|-damage|p1a: Skarmory|0 fnt\n|faint|p1a: Skarmory\n|\n|-heal|p2a: Magnezone|53\/100|[from] item: Leftovers\n|upkeep\n|\n|t:|1666185223\n|switch|p1a: Blacephalon|Blacephalon|100\/100\n|turn|10\n|\n|t:|1666185225\n|switch|p2a: Slowbro|Slowbro, M|100\/100\n|move|p1a: Blacephalon|Substitute|p1a: Blacephalon\n|-start|p1a: Blacephalon|Substitute\n|-damage|p1a: Blacephalon|76\/100\n|\n|upkeep\n|turn|11\n|\n|t:|1666185235\n|move|p1a: Blacephalon|Calm Mind|p1a: Blacephalon\n|-boost|p1a: Blacephalon|spa|1\n|-boost|p1a: Blacephalon|spd|1\n|move|p2a: Slowbro|Scald|p1a: Blacephalon\n|-supereffective|p1a: Blacephalon\n|-end|p1a: Blacephalon|Substitute\n|\n|upkeep\n|turn|12\n|\n|t:|1666185242\n|move|p1a: Blacephalon|Shadow Ball|p2a: Slowbro\n|-supereffective|p2a: Slowbro\n|-damage|p2a: Slowbro|0 fnt\n|faint|p2a: Slowbro\n|-ability|p1a: Blacephalon|Beast Boost|boost\n|-boost|p1a: Blacephalon|spa|1\n|\n|upkeep\n|\n|t:|1666185255\n|switch|p2a: Dragapult|Dragapult, M|100\/100\n|turn|13\n|\n|t:|1666185261\n|switch|p1a: Toxapex|Toxapex, F|100\/100\n|move|p2a: Dragapult|Draco Meteor|p1a: Toxapex\n|-damage|p1a: Toxapex|63\/100\n|-unboost|p2a: Dragapult|spa|2\n|\n|upkeep\n|turn|14\n|\n|t:|1666185268\n|switch|p2a: Magnezone|Magnezone|53\/100\n|move|p1a: Toxapex|Knock Off|p2a: Magnezone\n|-damage|p2a: Magnezone|38\/100\n|-enditem|p2a: Magnezone|Leftovers|[from] move: Knock Off|[of] p1a: Toxapex\n|\n|upkeep\n|turn|15\n|\n|t:|1666185279\n|switch|p1a: Excadrill|Excadrill, F|100\/100\n|move|p2a: Magnezone|Iron Defense|p2a: Magnezone\n|-boost|p2a: Magnezone|def|2\n|\n|upkeep\n|turn|16\n|\n|t:|1666185294\n|move|p1a: Excadrill|Earthquake|p2a: Magnezone\n|-supereffective|p2a: Magnezone\n|-damage|p2a: Magnezone|0 fnt\n|faint|p2a: Magnezone\n|\n|upkeep\n|\n|t:|1666185298\n|switch|p2a: Dragapult|Dragapult, M|100\/100\n|turn|17\n|\n|t:|1666185303\n|switch|p1a: Toxapex|Toxapex, F|96\/100\n|move|p2a: Dragapult|Will-O-Wisp|p1a: Toxapex\n|-status|p1a: Toxapex|brn\n|\n|-damage|p1a: Toxapex|90\/100 brn|[from] brn\n|upkeep\n|turn|18\n|\n|t:|1666185316\n|switch|p1a: Clefable|Clefable, F|74\/100\n|move|p2a: Dragapult|Hex|p1a: Clefable\n|-damage|p1a: Clefable|48\/100\n|\n|upkeep\n|turn|19\n|inactive|Battle timer is ON: inactive players will automatically lose when time's up. (requested by ImystT)\n|\n|t:|1666185325\n|move|p2a: Dragapult|U-turn|p1a: Clefable\n|-resisted|p1a: Clefable\n|-damage|p1a: Clefable|42\/100\n|\n|t:|1666185328\n|switch|p2a: Slowking|Slowking-Galar, F|100\/100|[from]move: U-turn\n|move|p1a: Clefable|Soft-Boiled|p1a: Clefable\n|-heal|p1a: Clefable|92\/100\n|\n|upkeep\n|turn|20\n|\n|t:|1666185351\n|switch|p1a: Hippowdon|Hippowdon, F|64\/100\n|-weather|Sandstorm|[from] ability: Sand Stream|[of] p1a: Hippowdon\n|move|p2a: Slowking|Future Sight|p1a: Hippowdon\n|-start|p2a: Slowking|move: Future Sight\n|\n|-weather|Sandstorm|[upkeep]\n|-damage|p2a: Slowking|94\/100|[from] Sandstorm\n|upkeep\n|turn|21\n|\n|t:|1666185365\n|switch|p2a: Garchomp|Garchomp, F|100\/100\n|move|p1a: Hippowdon|Slack Off|p1a: Hippowdon\n|-heal|p1a: Hippowdon|100\/100\n|\n|-weather|Sandstorm|[upkeep]\n|upkeep\n|turn|22\n|\n|t:|1666185372\n|move|p2a: Garchomp|Swords Dance|p2a: Garchomp\n|-boost|p2a: Garchomp|atk|2\n|move|p1a: Hippowdon|Toxic|p2a: Garchomp\n|-status|p2a: Garchomp|tox\n|\n|-weather|Sandstorm|[upkeep]\n|-end|p1a: Hippowdon|move: Future Sight\n|-damage|p1a: Hippowdon|63\/100\n|-damage|p2a: Garchomp|94\/100 tox|[from] psn\n|upkeep\n|turn|23\n|\n|t:|1666185378\n|move|p2a: Garchomp|Scale Shot|p1a: Hippowdon\n|-damage|p1a: Hippowdon|44\/100\n|-damage|p1a: Hippowdon|27\/100\n|-hitcount|p1a: Hippowdon|2\n|-unboost|p2a: Garchomp|def|1\n|-boost|p2a: Garchomp|spe|1\n|move|p1a: Hippowdon|Slack Off|p1a: Hippowdon\n|-heal|p1a: Hippowdon|77\/100\n|\n|-weather|Sandstorm|[upkeep]\n|-damage|p2a: Garchomp|82\/100 tox|[from] psn\n|upkeep\n|turn|24\n|\n|t:|1666185392\n|move|p2a: Garchomp|Scale Shot|p1a: Hippowdon\n|-damage|p1a: Hippowdon|59\/100\n|-damage|p1a: Hippowdon|41\/100\n|-hitcount|p1a: Hippowdon|2\n|-unboost|p2a: Garchomp|def|1\n|-boost|p2a: Garchomp|spe|1\n|move|p1a: Hippowdon|Slack Off|p1a: Hippowdon\n|-heal|p1a: Hippowdon|91\/100\n|\n|-weather|Sandstorm|[upkeep]\n|-damage|p2a: Garchomp|64\/100 tox|[from] psn\n|upkeep\n|turn|25\n|inactive|ImystT has 120 seconds left.\n|\n|t:|1666185432\n|move|p2a: Garchomp|Swords Dance|p2a: Garchomp\n|-boost|p2a: Garchomp|atk|2\n|move|p1a: Hippowdon|Slack Off|p1a: Hippowdon\n|-heal|p1a: Hippowdon|100\/100\n|\n|-weather|Sandstorm|[upkeep]\n|-damage|p2a: Garchomp|39\/100 tox|[from] psn\n|upkeep\n|turn|26\n|inactive|ImystT has 120 seconds left.\n|\n|t:|1666185440\n|move|p2a: Garchomp|Earthquake|p1a: Hippowdon\n|-damage|p1a: Hippowdon|0 fnt\n|faint|p1a: Hippowdon\n|\n|-weather|Sandstorm|[upkeep]\n|-damage|p2a: Garchomp|8\/100 tox|[from] psn\n|upkeep\n|inactive|ImystT has 120 seconds left.\n|\n|t:|1666185450\n|switch|p1a: Excadrill|Excadrill, F|100\/100\n|turn|27\n|inactive|ImystT has 120 seconds left.\n|\n|t:|1666185456\n|move|p2a: Garchomp|Earthquake|p1a: Excadrill\n|-supereffective|p1a: Excadrill\n|-damage|p1a: Excadrill|0 fnt\n|faint|p1a: Excadrill\n|\n|-weather|none\n|-damage|p2a: Garchomp|0 fnt|[from] psn\n|faint|p2a: Garchomp\n|upkeep\n|\n|t:|1666185471\n|switch|p2a: Dragonite|Dragonite, F|100\/100\n|switch|p1a: Toxapex|Toxapex, F|100\/100 brn\n|turn|28\n|\n|t:|1666185474\n|switch|p2a: Slowking|Slowking-Galar, F|100\/100\n|move|p1a: Toxapex|Knock Off|p2a: Slowking\n|-supereffective|p2a: Slowking\n|-damage|p2a: Slowking|86\/100\n|-enditem|p2a: Slowking|Assault Vest|[from] move: Knock Off|[of] p1a: Toxapex\n|\n|-damage|p1a: Toxapex|94\/100 brn|[from] brn\n|upkeep\n|turn|29\n|\n|t:|1666185480\n|switch|p1a: Clefable|Clefable, F|92\/100\n|move|p2a: Slowking|Future Sight|p1a: Clefable\n|-start|p2a: Slowking|move: Future Sight\n|\n|upkeep\n|turn|30\n|\n|t:|1666185486\n|move|p1a: Clefable|Calm Mind|p1a: Clefable\n|-boost|p1a: Clefable|spa|1\n|-boost|p1a: Clefable|spd|1\n|move|p2a: Slowking|Sludge Bomb|p1a: Clefable\n|-supereffective|p1a: Clefable\n|-damage|p1a: Clefable|41\/100\n|\n|upkeep\n|turn|31\n|\n|t:|1666185491\n|move|p1a: Clefable|Soft-Boiled|p1a: Clefable\n|-heal|p1a: Clefable|91\/100\n|move|p2a: Slowking|Sludge Bomb|p1a: Clefable\n|-supereffective|p1a: Clefable\n|-damage|p1a: Clefable|47\/100\n|\n|-end|p1a: Clefable|move: Future Sight\n|-damage|p1a: Clefable|14\/100\n|upkeep\n|turn|32\n|\n|t:|1666185498\n|move|p1a: Clefable|Soft-Boiled|p1a: Clefable\n|-heal|p1a: Clefable|64\/100\n|move|p2a: Slowking|Sludge Bomb|p1a: Clefable\n|-supereffective|p1a: Clefable\n|-damage|p1a: Clefable|15\/100\n|-status|p1a: Clefable|psn\n|\n|upkeep\n|turn|33\n|\n|t:|1666185500\n|move|p1a: Clefable|Soft-Boiled|p1a: Clefable\n|-heal|p1a: Clefable|65\/100 psn\n|move|p2a: Slowking|Sludge Bomb|p1a: Clefable\n|-supereffective|p1a: Clefable\n|-damage|p1a: Clefable|22\/100 psn\n|\n|upkeep\n|turn|34\n|\n|t:|1666185504\n|move|p1a: Clefable|Soft-Boiled|p1a: Clefable\n|-heal|p1a: Clefable|72\/100 psn\n|move|p2a: Slowking|Sludge Bomb|p1a: Clefable\n|-supereffective|p1a: Clefable\n|-damage|p1a: Clefable|23\/100 psn\n|\n|upkeep\n|turn|35\n|\n|t:|1666185506\n|move|p1a: Clefable|Soft-Boiled|p1a: Clefable\n|-heal|p1a: Clefable|73\/100 psn\n|move|p2a: Slowking|Sludge Bomb|p1a: Clefable\n|-supereffective|p1a: Clefable\n|-damage|p1a: Clefable|22\/100 psn\n|\n|upkeep\n|turn|36\n|\n|t:|1666185512\n|move|p1a: Clefable|Soft-Boiled|p1a: Clefable\n|-heal|p1a: Clefable|72\/100 psn\n|move|p2a: Slowking|Sludge Bomb|p1a: Clefable\n|-supereffective|p1a: Clefable\n|-damage|p1a: Clefable|24\/100 psn\n|\n|upkeep\n|turn|37\n|\n|t:|1666185517\n|switch|p1a: Toxapex|Toxapex, F|100\/100 brn\n|move|p2a: Slowking|Sludge Bomb|p1a: Toxapex\n|-resisted|p1a: Toxapex\n|-damage|p1a: Toxapex|90\/100 brn\n|\n|-damage|p1a: Toxapex|83\/100 brn|[from] brn\n|upkeep\n|turn|38\n|\n|t:|1666185520\n|move|p1a: Toxapex|Knock Off|p2a: Slowking\n|-supereffective|p2a: Slowking\n|-damage|p2a: Slowking|75\/100\n|move|p2a: Slowking|Future Sight|p1a: Toxapex\n|-start|p2a: Slowking|move: Future Sight\n|\n|-damage|p1a: Toxapex|77\/100 brn|[from] brn\n|upkeep\n|turn|39\n|\n|t:|1666185536\n|move|p1a: Toxapex|Recover|p1a: Toxapex\n|-heal|p1a: Toxapex|100\/100 brn\n|move|p2a: Slowking|Ice Beam|p1a: Toxapex\n|-resisted|p1a: Toxapex\n|-damage|p1a: Toxapex|93\/100 brn\n|\n|-damage|p1a: Toxapex|86\/100 brn|[from] brn\n|upkeep\n|turn|40\n|inactive|ImystT has 120 seconds left.\n|inactive|Mr.Rathaloswyvren has 120 seconds left.\n|\n|t:|1666185587\n|move|p1a: Toxapex|Recover|p1a: Toxapex\n|-heal|p1a: Toxapex|100\/100 brn\n|move|p2a: Slowking|Ice Beam|p1a: Toxapex\n|-resisted|p1a: Toxapex\n|-damage|p1a: Toxapex|93\/100 brn\n|\n|-end|p1a: Toxapex|move: Future Sight\n|-supereffective|p1a: Toxapex\n|-damage|p1a: Toxapex|24\/100 brn\n|-damage|p1a: Toxapex|18\/100 brn|[from] brn\n|upkeep\n|turn|41\n|inactive|Mr.Rathaloswyvren has 120 seconds left.\n|\n|t:|1666185604\n|switch|p1a: Clefable|Clefable, F|24\/100 psn\n|switch|p2a: Dragonite|Dragonite, F|100\/100\n|\n|upkeep\n|turn|42\n|\n|t:|1666185608\n|move|p2a: Dragonite|Earthquake|p1a: Clefable\n|-damage|p1a: Clefable|0 fnt\n|faint|p1a: Clefable\n|\n|upkeep\n|-message|ImystT forfeited.\n|\n|win|Mr.Rathaloswyvren\n|raw|ImystT's rating: 1432 &rarr; <strong>1412<\/strong><br \/>(-20 for losing)\n|raw|Mr.Rathaloswyvren's rating: 1431 &rarr; <strong>1451<\/strong><br \/>(+20 for winning)\n|l|\u2606ImystT\n|c|\u2606Mr.Rathaloswyvren|Gg wp\n","uploadtime":1666185629,"views":6,"p1id":"imystt","p2id":"mrrathaloswyvren","formatid":"gen8ou","rating":1412,"private":0,"password":null}