{"id":"gen8ou-1497741739","p1":"mkyn","p2":"roboPOKE","format":"gen8ou","log":"|j|\u2606mkyn\n|j|\u2606roboPOKE\n|t:|1643061495\n|gametype|singles\n|player|p1|mkyn|morty|1545\n|player|p2|roboPOKE|170|1566\n|teamsize|p1|6\n|teamsize|p2|6\n|gen|8\n|tier|[Gen 8] OU\n|rated|\n|rule|Sleep Clause Mod: Limit one foe put to sleep\n|rule|Species Clause: Limit one of each Pok\u00e9mon\n|rule|OHKO Clause: OHKO moves are banned\n|rule|Evasion Moves Clause: Evasion moves are banned\n|rule|Endless Battle Clause: Forcing endless battles is banned\n|rule|HP Percentage Mod: HP is shown in percentages\n|rule|Dynamax Clause: You cannot dynamax\n|clearpoke\n|poke|p1|Sigilyph, M|\n|poke|p1|Krookodile, M|\n|poke|p1|Buzzwole|\n|poke|p1|Blissey, F|\n|poke|p1|Heatran, F|\n|poke|p1|Toxapex, M|\n|poke|p2|Dragapult, F|\n|poke|p2|Sandaconda, F|\n|poke|p2|Kartana|\n|poke|p2|Garchomp, F|\n|poke|p2|Arctozolt|\n|poke|p2|Ninetales-Alola, M|\n|teampreview\n|j| SenaOjou\n|inactive|Battle timer is ON: inactive players will automatically lose when time's up. (requested by roboPOKE)\n|\n|t:|1643061527\n|start\n|switch|p1a: Sigilyph|Sigilyph, M|100\/100\n|switch|p2a: Sandaconda|Sandaconda, F|100\/100\n|turn|1\n|l| SenaOjou\n|\n|t:|1643061541\n|move|p1a: Sigilyph|Ice Beam|p2a: Sandaconda\n|-supereffective|p2a: Sandaconda\n|-enditem|p2a: Sandaconda|Focus Sash\n|-damage|p2a: Sandaconda|1\/100\n|-weather|Sandstorm|[from] ability: Sand Spit|[of] p2a: Sandaconda\n|move|p2a: Sandaconda|Glare|p1a: Sigilyph\n|-status|p1a: Sigilyph|par\n|\n|-weather|Sandstorm|[upkeep]\n|upkeep\n|turn|2\n|j| SenaOjou\n|inactive|roboPOKE has 120 seconds left.\n|l| SenaOjou\n|\n|t:|1643061574\n|move|p2a: Sandaconda|Stealth Rock|p1a: Sigilyph\n|-sidestart|p1: mkyn|move: Stealth Rock\n|cant|p1a: Sigilyph|par\n|\n|-weather|Sandstorm|[upkeep]\n|upkeep\n|turn|3\n|\n|t:|1643061576\n|switch|p2a: Ninetales|Ninetales-Alola, M|100\/100\n|-weather|Hail|[from] ability: Snow Warning|[of] p2a: Ninetales\n|move|p1a: Sigilyph|Ice Beam|p2a: Ninetales\n|-resisted|p2a: Ninetales\n|-damage|p2a: Ninetales|84\/100\n|\n|-weather|Hail|[upkeep]\n|upkeep\n|turn|4\n|\n|t:|1643061585\n|switch|p1a: Heatran|Heatran, F|100\/100\n|-damage|p1a: Heatran|88\/100|[from] Stealth Rock\n|move|p2a: Ninetales|Encore||[still]\n|-fail|p2a: Ninetales\n|\n|-weather|Hail|[upkeep]\n|-damage|p1a: Heatran|82\/100|[from] Hail\n|-heal|p1a: Heatran|88\/100|[from] item: Leftovers\n|upkeep\n|turn|5\n|\n|t:|1643061595\n|switch|p2a: Sandaconda|Sandaconda, F|1\/100\n|move|p1a: Heatran|Magma Storm|p2a: Sandaconda\n|-damage|p2a: Sandaconda|0 fnt\n|-weather|Sandstorm|[from] ability: Sand Spit|[of] p2a: Sandaconda\n|faint|p2a: Sandaconda\n|\n|-weather|Sandstorm|[upkeep]\n|-heal|p1a: Heatran|94\/100|[from] item: Leftovers\n|upkeep\n|\n|t:|1643061598\n|switch|p2a: Kartana|Kartana|100\/100\n|turn|6\n|\n|t:|1643061602\n|switch|p1a: Buzzwole|Buzzwole|100\/100\n|-damage|p1a: Buzzwole|88\/100|[from] Stealth Rock\n|move|p2a: Kartana|Swords Dance|p2a: Kartana\n|-boost|p2a: Kartana|atk|2\n|\n|-weather|Sandstorm|[upkeep]\n|-damage|p1a: Buzzwole|82\/100|[from] Sandstorm\n|upkeep\n|turn|7\n|\n|t:|1643061605\n|switch|p2a: Dragapult|Dragapult, F|100\/100\n|move|p1a: Buzzwole|Drain Punch|p2a: Dragapult\n|-immune|p2a: Dragapult\n|\n|-weather|Sandstorm|[upkeep]\n|-damage|p2a: Dragapult|95\/100|[from] Sandstorm\n|-damage|p1a: Buzzwole|76\/100|[from] Sandstorm\n|upkeep\n|turn|8\n|j| lol I'm noob 525\n|\n|t:|1643061610\n|switch|p1a: Blissey|Blissey, F|100\/100\n|move|p2a: Dragapult|U-turn|p1a: Blissey\n|-damage|p1a: Blissey|87\/100\n|\n|t:|1643061614\n|switch|p2a: Kartana|Kartana|100\/100|[from]move: U-turn\n|\n|-weather|Sandstorm|[upkeep]\n|-damage|p1a: Blissey|81\/100|[from] Sandstorm\n|upkeep\n|turn|9\n|\n|t:|1643061618\n|switch|p2a: Dragapult|Dragapult, F|95\/100\n|switch|p1a: Buzzwole|Buzzwole|76\/100\n|-damage|p1a: Buzzwole|63\/100|[from] Stealth Rock\n|\n|-weather|none\n|upkeep\n|turn|10\n|\n|t:|1643061622\n|switch|p1a: Blissey|Blissey, F|81\/100\n|move|p2a: Dragapult|Flamethrower|p1a: Blissey\n|-damage|p1a: Blissey|67\/100\n|\n|upkeep\n|turn|11\n|\n|t:|1643061628\n|move|p2a: Dragapult|Flamethrower|p1a: Blissey\n|-damage|p1a: Blissey|52\/100\n|move|p1a: Blissey|Teleport|p1a: Blissey\n|\n|t:|1643061631\n|switch|p1a: Toxapex|Toxapex, M|100\/100|[from]move: Teleport\n|-damage|p1a: Toxapex|88\/100|[from] Stealth Rock\n|\n|upkeep\n|turn|12\n|\n|t:|1643061640\n|switch|p2a: Arctozolt|Arctozolt|100\/100\n|move|p1a: Toxapex|Knock Off|p2a: Arctozolt\n|-damage|p2a: Arctozolt|59\/100\n|-enditem|p2a: Arctozolt|Heavy-Duty Boots|[from] move: Knock Off|[of] p1a: Toxapex\n|\n|upkeep\n|turn|13\n|\n|t:|1643061651\n|switch|p1a: Heatran|Heatran, F|94\/100\n|-damage|p1a: Heatran|82\/100|[from] Stealth Rock\n|move|p2a: Arctozolt|Substitute|p2a: Arctozolt\n|-start|p2a: Arctozolt|Substitute\n|-damage|p2a: Arctozolt|34\/100\n|\n|-heal|p1a: Heatran|88\/100|[from] item: Leftovers\n|upkeep\n|turn|14\n|\n|t:|1643061663\n|move|p1a: Heatran|Earth Power|p2a: Arctozolt\n|-supereffective|p2a: Arctozolt\n|-end|p2a: Arctozolt|Substitute\n|move|p2a: Arctozolt|Bolt Beak|p1a: Heatran\n|-damage|p1a: Heatran|53\/100\n|\n|-heal|p1a: Heatran|59\/100|[from] item: Leftovers\n|upkeep\n|turn|15\n|\n|t:|1643061668\n|move|p1a: Heatran|Earth Power|p2a: Arctozolt\n|-supereffective|p2a: Arctozolt\n|-damage|p2a: Arctozolt|0 fnt\n|faint|p2a: Arctozolt\n|\n|-heal|p1a: Heatran|65\/100|[from] item: Leftovers\n|upkeep\n|\n|t:|1643061672\n|switch|p2a: Garchomp|Garchomp, F|100\/100\n|turn|16\n|\n|t:|1643061679\n|switch|p1a: Sigilyph|Sigilyph, M|100\/100 par\n|move|p2a: Garchomp|Swords Dance|p2a: Garchomp\n|-boost|p2a: Garchomp|atk|2\n|\n|upkeep\n|turn|17\n|\n|t:|1643061684\n|switch|p2a: Ninetales|Ninetales-Alola, M|84\/100\n|-weather|Hail|[from] ability: Snow Warning|[of] p2a: Ninetales\n|move|p1a: Sigilyph|Ice Beam|p2a: Ninetales\n|-resisted|p2a: Ninetales\n|-damage|p2a: Ninetales|68\/100\n|\n|-weather|Hail|[upkeep]\n|upkeep\n|turn|18\n|\n|t:|1643061688\n|switch|p1a: Heatran|Heatran, F|65\/100\n|-damage|p1a: Heatran|53\/100|[from] Stealth Rock\n|move|p2a: Ninetales|Aurora Veil|p2a: Ninetales\n|-sidestart|p2: roboPOKE|move: Aurora Veil\n|\n|-weather|Hail|[upkeep]\n|-damage|p1a: Heatran|46\/100|[from] Hail\n|-heal|p1a: Heatran|53\/100|[from] item: Leftovers\n|upkeep\n|turn|19\n|\n|t:|1643061695\n|move|p2a: Ninetales|Freeze-Dry|p1a: Heatran\n|-resisted|p1a: Heatran\n|-damage|p1a: Heatran|48\/100\n|move|p1a: Heatran|Magma Storm|p2a: Ninetales|[miss]\n|-miss|p1a: Heatran|p2a: Ninetales\n|\n|-weather|Hail|[upkeep]\n|-damage|p1a: Heatran|41\/100|[from] Hail\n|-heal|p1a: Heatran|48\/100|[from] item: Leftovers\n|upkeep\n|turn|20\n|\n|t:|1643061698\n|move|p2a: Ninetales|Encore|p1a: Heatran\n|-start|p1a: Heatran|Encore\n|move|p1a: Heatran|Magma Storm|p2a: Ninetales\n|-supereffective|p2a: Ninetales\n|-damage|p2a: Ninetales|16\/100\n|-activate|p2a: Ninetales|move: Magma Storm|[of] p1a: Heatran\n|\n|-weather|Hail|[upkeep]\n|-damage|p1a: Heatran|41\/100|[from] Hail\n|-heal|p1a: Heatran|48\/100|[from] item: Leftovers\n|-damage|p2a: Ninetales|4\/100|[from] move: Magma Storm|[partiallytrapped]\n|upkeep\n|turn|21\n|\n|t:|1643061706\n|move|p2a: Ninetales|Freeze-Dry|p1a: Heatran\n|-resisted|p1a: Heatran\n|-damage|p1a: Heatran|43\/100\n|-status|p1a: Heatran|frz\n|cant|p1a: Heatran|frz\n|\n|-weather|Hail|[upkeep]\n|-damage|p1a: Heatran|37\/100 frz|[from] Hail\n|-heal|p1a: Heatran|43\/100 frz|[from] item: Leftovers\n|-damage|p2a: Ninetales|0 fnt|[from] move: Magma Storm|[partiallytrapped]\n|faint|p2a: Ninetales\n|upkeep\n|\n|t:|1643061708\n|switch|p2a: Garchomp|Garchomp, F|100\/100\n|turn|22\n|\n|t:|1643061712\n|switch|p1a: Buzzwole|Buzzwole|63\/100\n|-damage|p1a: Buzzwole|51\/100|[from] Stealth Rock\n|move|p2a: Garchomp|Swords Dance|p2a: Garchomp\n|-boost|p2a: Garchomp|atk|2\n|\n|-weather|Hail|[upkeep]\n|-damage|p2a: Garchomp|94\/100|[from] Hail\n|-damage|p1a: Buzzwole|45\/100|[from] Hail\n|-heal|p2a: Garchomp|100\/100|[from] item: Leftovers\n|-sideend|p2: roboPOKE|move: Aurora Veil\n|upkeep\n|turn|23\n|\n|t:|1643061714\n|move|p2a: Garchomp|Fire Fang|p1a: Buzzwole\n|-supereffective|p1a: Buzzwole\n|-damage|p1a: Buzzwole|0 fnt\n|-damage|p2a: Garchomp|84\/100|[from] item: Rocky Helmet|[of] p1a: Buzzwole\n|faint|p1a: Buzzwole\n|\n|-weather|Hail|[upkeep]\n|-damage|p2a: Garchomp|78\/100|[from] Hail\n|-heal|p2a: Garchomp|84\/100|[from] item: Leftovers\n|upkeep\n|j| SenaOjou\n|l| SenaOjou\n|\n|t:|1643061724\n|switch|p1a: Sigilyph|Sigilyph, M|100\/100 par\n|turn|24\n|\n|t:|1643061726\n|move|p2a: Garchomp|Scale Shot|p1a: Sigilyph\n|-damage|p1a: Sigilyph|66\/100 par\n|-damage|p1a: Sigilyph|31\/100 par\n|-damage|p1a: Sigilyph|0 fnt\n|faint|p1a: Sigilyph\n|-hitcount|p1: Sigilyph|3\n|-unboost|p2a: Garchomp|def|1\n|-boost|p2a: Garchomp|spe|1\n|\n|-weather|none\n|-heal|p2a: Garchomp|90\/100|[from] item: Leftovers\n|upkeep\n|\n|t:|1643061732\n|switch|p1a: Krookodile|Krookodile, M|100\/100\n|-damage|p1a: Krookodile|94\/100|[from] Stealth Rock\n|turn|25\n|\n|t:|1643061735\n|move|p2a: Garchomp|Earthquake|p1a: Krookodile\n|-damage|p1a: Krookodile|0 fnt\n|faint|p1a: Krookodile\n|\n|-heal|p2a: Garchomp|96\/100|[from] item: Leftovers\n|upkeep\n|-message|mkyn forfeited.\n|\n|win|roboPOKE\n|raw|mkyn's rating: 1545 &rarr; <strong>1526<\/strong><br \/>(-19 for losing)\n|raw|roboPOKE's rating: 1566 &rarr; <strong>1585<\/strong><br \/>(+19 for winning)\n|l|\u2606mkyn\n|l| lol I'm noob 525\n||Ladder isn't responding, score probably updated but might not have (Request timeout).\n","uploadtime":1643061755,"views":16,"p1id":"mkyn","p2id":"robopoke","formatid":"gen8ou","rating":1526,"private":0,"password":null}