{"id":"gen8ou-1285476060","p1":"peepeepoopoo420","p2":"Kazt_5","format":"gen8ou","log":"|j|\u2606peepeepoopoo420\n|j|\u2606Kazt_5\n|inactive|Battle timer is ON: inactive players will automatically lose when time's up.\n|t:|1613717934\n|player|p1|peepeepoopoo420|crasherwake|\n|player|p2|Kazt_5|dawn|\n|teamsize|p1|6\n|teamsize|p2|6\n|gametype|singles\n|gen|8\n|tier|[Gen 8] OU\n|rated|Tournament battle\n|clearpoke\n|poke|p1|Keldeo-Resolute|\n|poke|p1|Slowking-Galar, M|\n|poke|p1|Rhyperior, M|\n|poke|p1|Kyurem|\n|poke|p1|Corviknight, M|\n|poke|p1|Crawdaunt, F|\n|poke|p2|Tapu Koko|\n|poke|p2|Corviknight, F|\n|poke|p2|Swampert, M|\n|poke|p2|Cinderace, F|\n|poke|p2|Slowking-Galar, F|\n|poke|p2|Urshifu-*, F|\n|rule|Sleep Clause Mod: Limit one foe put to sleep\n|rule|Species Clause: Limit one of each Pok\u00e9mon\n|rule|OHKO Clause: OHKO moves are banned\n|rule|Evasion Moves Clause: Evasion moves are banned\n|rule|Endless Battle Clause: Forcing endless battles is banned\n|rule|HP Percentage Mod: HP is shown in percentages\n|rule|Dynamax Clause: You cannot dynamax\n|teampreview\n|j| Stone777\n|c|\u2606Kazt_5|hf!\n|c|\u2606peepeepoopoo420|i dont deserve to be here\n|c|\u2606peepeepoopoo420|i haxed 3 battles in a row\n|c|\u2606Kazt_5|destiny have chosen you\n|c|\u2606Kazt_5|lets see if you can hax 4\n|inactive|peepeepoopoo420 has 120 seconds left.\n|inactive|Kazt_5 has 120 seconds left.\n|c|\u2606peepeepoopoo420|and then the last guy didnt show up\n|\n|t:|1613717975\n|start\n|switch|p1a: Rhyperior|Rhyperior, M|100\/100\n|switch|p2a: Tapu Koko|Tapu Koko|100\/100\n|-fieldstart|move: Electric Terrain|[from] ability: Electric Surge|[of] p2a: Tapu Koko\n|turn|1\n|j| tandlaodzksdj\n|\n|t:|1613717982\n|move|p2a: Tapu Koko|U-turn|p1a: Rhyperior\n|-damage|p1a: Rhyperior|90\/100\n|\n|t:|1613717985\n|switch|p2a: Urshifu|Urshifu-Rapid-Strike, F|100\/100|[from]move: U-turn\n|move|p1a: Rhyperior|Swords Dance|p1a: Rhyperior\n|-boost|p1a: Rhyperior|atk|2\n|\n|-heal|p1a: Rhyperior|96\/100|[from] item: Leftovers\n|upkeep\n|turn|2\n|j| Newdori\n|\n|t:|1613717989\n|switch|p1a: Corviknight|Corviknight, M|100\/100\n|-ability|p1a: Corviknight|Pressure\n|move|p2a: Urshifu|Close Combat|p1a: Corviknight\n|-damage|p1a: Corviknight|36\/100\n|-unboost|p2a: Urshifu|def|1\n|-unboost|p2a: Urshifu|spd|1\n|-damage|p2a: Urshifu|84\/100|[from] item: Rocky Helmet|[of] p1a: Corviknight\n|\n|upkeep\n|turn|3\n|\n|t:|1613717994\n|switch|p1a: Slowking|Slowking-Galar, M|100\/100\n|move|p2a: Urshifu|Close Combat|p1a: Slowking\n|-resisted|p1a: Slowking\n|-crit|p1a: Slowking\n|-damage|p1a: Slowking|66\/100\n|-unboost|p2a: Urshifu|def|1\n|-unboost|p2a: Urshifu|spd|1\n|\n|upkeep\n|turn|4\n|c| Newdori|whose winning\n|\n|t:|1613717999\n|switch|p2a: Swampert|Swampert, M|100\/100\n|move|p1a: Slowking|Future Sight|p2a: Swampert\n|-start|p1a: Slowking|move: Future Sight\n|\n|upkeep\n|turn|5\n|\n|t:|1613718012\n|switch|p1a: Corviknight|Corviknight, M|36\/100\n|-ability|p1a: Corviknight|Pressure\n|move|p2a: Swampert|Flip Turn|p1a: Corviknight\n|-damage|p1a: Corviknight|21\/100\n|-damage|p2a: Swampert|84\/100|[from] item: Rocky Helmet|[of] p1a: Corviknight\n|\n|t:|1613718017\n|switch|p2a: Slowking|Slowking-Galar, F|100\/100|[from]move: Flip Turn\n|\n|-fieldend|move: Electric Terrain\n|upkeep\n|turn|6\n|\n|t:|1613718028\n|switch|p1a: Rhyperior|Rhyperior, M|96\/100\n|move|p2a: Slowking|Flamethrower|p1a: Rhyperior\n|-resisted|p1a: Rhyperior\n|-damage|p1a: Rhyperior|78\/100\n|\n|-end|p2a: Slowking|move: Future Sight\n|-damage|p2a: Slowking|68\/100\n|-heal|p1a: Rhyperior|84\/100|[from] item: Leftovers\n|upkeep\n|turn|7\n|\n|t:|1613718033\n|switch|p2a: Urshifu|Urshifu-Rapid-Strike, F|84\/100\n|move|p1a: Rhyperior|Rock Blast|p2a: Urshifu\n|-resisted|p2a: Urshifu\n|-damage|p2a: Urshifu|76\/100\n|-resisted|p2a: Urshifu\n|-damage|p2a: Urshifu|69\/100\n|-resisted|p2a: Urshifu\n|-damage|p2a: Urshifu|62\/100\n|-hitcount|p2a: Urshifu|3\n|\n|-heal|p1a: Rhyperior|90\/100|[from] item: Leftovers\n|upkeep\n|turn|8\n|\n|t:|1613718048\n|switch|p1a: Slowking|Slowking-Galar, M|99\/100\n|move|p2a: Urshifu|Surging Strikes|p1a: Slowking\n|-crit|p1a: Slowking\n|-damage|p1a: Slowking|71\/100\n|-crit|p1a: Slowking\n|-damage|p1a: Slowking|38\/100\n|-crit|p1a: Slowking\n|-damage|p1a: Slowking|9\/100\n|-hitcount|p1a: Slowking|3\n|\n|upkeep\n|turn|9\n|\n|t:|1613718055\n|switch|p1a: Kyurem|Kyurem|100\/100\n|-ability|p1a: Kyurem|Pressure\n|move|p2a: Urshifu|Surging Strikes|p1a: Kyurem\n|-resisted|p1a: Kyurem\n|-crit|p1a: Kyurem\n|-damage|p1a: Kyurem|84\/100\n|-resisted|p1a: Kyurem\n|-crit|p1a: Kyurem\n|-damage|p1a: Kyurem|68\/100\n|-resisted|p1a: Kyurem\n|-crit|p1a: Kyurem\n|-damage|p1a: Kyurem|54\/100\n|-hitcount|p1a: Kyurem|3\n|\n|upkeep\n|turn|10\n|c|\u2606Kazt_5|and people say this urshifu is bad\n|\n|t:|1613718066\n|switch|p2a: Slowking|Slowking-Galar, F|100\/100\n|move|p1a: Kyurem|Freeze-Dry|p2a: Slowking\n|-crit|p2a: Slowking\n|-damage|p2a: Slowking|74\/100\n|-status|p2a: Slowking|frz\n|\n|upkeep\n|turn|11\n|c|\u2606peepeepoopoo420|yeah and heres the hax\n|c|\u2606Kazt_5|destiny chose you bro\n|c| Stone777|Fight pee\n|c| Stone777|fight!\n|inactive|Kazt_5 has 120 seconds left.\n|j| kisian\n|\n|t:|1613718125\n|switch|p1a: Keldeo|Keldeo-Resolute|100\/100\n|switch|p2a: Cinderace|Cinderace, F|100\/100\n|\n|upkeep\n|turn|12\n|\n|t:|1613718130\n|switch|p2a: Slowking|Slowking-Galar, F|100\/100 frz\n|move|p1a: Keldeo|Substitute|p1a: Keldeo\n|-start|p1a: Keldeo|Substitute\n|-damage|p1a: Keldeo|76\/100\n|\n|-heal|p1a: Keldeo|82\/100|[from] item: Leftovers\n|upkeep\n|turn|13\n|\n|t:|1613718136\n|switch|p2a: Tapu Koko|Tapu Koko|100\/100\n|-fieldstart|move: Electric Terrain|[from] ability: Electric Surge|[of] p2a: Tapu Koko\n|move|p1a: Keldeo|Calm Mind|p1a: Keldeo\n|-boost|p1a: Keldeo|spa|1\n|-boost|p1a: Keldeo|spd|1\n|\n|-heal|p1a: Keldeo|88\/100|[from] item: Leftovers\n|upkeep\n|turn|14\n|\n|t:|1613718139\n|move|p2a: Tapu Koko|Thunderbolt|p1a: Keldeo\n|-supereffective|p1a: Keldeo\n|-end|p1a: Keldeo|Substitute\n|move|p1a: Keldeo|Calm Mind|p1a: Keldeo\n|-boost|p1a: Keldeo|spa|1\n|-boost|p1a: Keldeo|spd|1\n|\n|-heal|p1a: Keldeo|94\/100|[from] item: Leftovers\n|upkeep\n|turn|15\n|\n|t:|1613718143\n|move|p2a: Tapu Koko|Thunderbolt|p1a: Keldeo\n|-supereffective|p1a: Keldeo\n|-damage|p1a: Keldeo|48\/100\n|move|p1a: Keldeo|Scald|p2a: Tapu Koko\n|-damage|p2a: Tapu Koko|0 fnt\n|faint|p2a: Tapu Koko\n|\n|-heal|p1a: Keldeo|54\/100|[from] item: Leftovers\n|upkeep\n|j| obey the walruss\n|inactive|Kazt_5 has 120 seconds left.\n|c|\u2606Kazt_5|man, you got like the best hax possible\n|c|\u2606peepeepoopoo420|i know\n|c|\u2606Kazt_5|slowking kinda 6-0ed your team\n|inactive|Kazt_5 has 90 seconds left.\n|\n|t:|1613718188\n|switch|p2a: Cinderace|Cinderace, F|100\/100\n|turn|16\n|c|\u2606peepeepoopoo420|3rd round my opponent had to just hit draco on craw\n|c|\u2606peepeepoopoo420|he missed and i crit him\n|\n|t:|1613718215\n|move|p2a: Cinderace|High Jump Kick|p1a: Keldeo\n|-start|p2a: Cinderace|typechange|Fighting|[from] ability: Libero\n|-damage|p1a: Keldeo|0 fnt\n|faint|p1a: Keldeo\n|\n|upkeep\n|\n|t:|1613718220\n|switch|p1a: Kyurem|Kyurem|54\/100\n|-ability|p1a: Kyurem|Pressure\n|turn|17\n|\n|t:|1613718224\n|switch|p2a: Slowking|Slowking-Galar, F|100\/100 frz\n|move|p1a: Kyurem|Draco Meteor|p2a: Slowking|[miss]\n|-miss|p1a: Kyurem|p2a: Slowking\n|\n|-fieldend|move: Electric Terrain\n|upkeep\n|turn|18\n|\n|t:|1613718228\n|switch|p1a: Crawdaunt|Crawdaunt, F|100\/100\n|cant|p2a: Slowking|frz\n|\n|upkeep\n|turn|19\n|inactive|Kazt_5 has 120 seconds left.\n|j|%Fusien\n|j| JeebusMcFunk\n|\n|t:|1613718260\n|switch|p2a: Corviknight|Corviknight, F|100\/100\n|-ability|p2a: Corviknight|Pressure\n|move|p1a: Crawdaunt|Knock Off|p2a: Corviknight\n|-crit|p2a: Corviknight\n|-damage|p2a: Corviknight|17\/100\n|-damage|p1a: Crawdaunt|84\/100|[from] item: Rocky Helmet|[of] p2a: Corviknight\n|-enditem|p2a: Corviknight|Rocky Helmet|[from] move: Knock Off|[of] p1a: Crawdaunt\n|-damage|p1a: Crawdaunt|74\/100|[from] item: Life Orb\n|\n|upkeep\n|turn|20\n|\n|t:|1613718269\n|move|p2a: Corviknight|U-turn|p1a: Crawdaunt\n|-supereffective|p1a: Crawdaunt\n|-damage|p1a: Crawdaunt|41\/100\n|l| Newdori\n|\n|t:|1613718279\n|switch|p2a: Slowking|Slowking-Galar, F|100\/100 frz|[from]move: U-turn\n|move|p1a: Crawdaunt|Knock Off|p2a: Slowking\n|-supereffective|p2a: Slowking\n|-damage|p2a: Slowking|0 fnt\n|-enditem|p2a: Slowking|Assault Vest|[from] move: Knock Off|[of] p1a: Crawdaunt\n|-damage|p1a: Crawdaunt|31\/100|[from] item: Life Orb\n|faint|p2a: Slowking\n|\n|upkeep\n|\n|t:|1613718283\n|switch|p2a: Urshifu|Urshifu-Rapid-Strike, F|62\/100\n|turn|21\n|\n|t:|1613718292\n|switch|p1a: Corviknight|Corviknight, M|21\/100\n|-ability|p1a: Corviknight|Pressure\n|move|p2a: Urshifu|Surging Strikes|p1a: Corviknight\n|-crit|p1a: Corviknight\n|-damage|p1a: Corviknight|0 fnt\n|-damage|p2a: Urshifu|46\/100|[from] item: Rocky Helmet|[of] p1a: Corviknight\n|-hitcount|p1a: Corviknight|1\n|faint|p1a: Corviknight\n|\n|upkeep\n|l| Stone777\n|\n|t:|1613718301\n|switch|p1a: Kyurem|Kyurem|54\/100\n|-ability|p1a: Kyurem|Pressure\n|turn|22\n|\n|t:|1613718306\n|switch|p2a: Corviknight|Corviknight, F|17\/100\n|-ability|p2a: Corviknight|Pressure\n|move|p1a: Kyurem|Draco Meteor|p2a: Corviknight\n|-resisted|p2a: Corviknight\n|-damage|p2a: Corviknight|0 fnt\n|-unboost|p1a: Kyurem|spa|2\n|faint|p2a: Corviknight\n|\n|upkeep\n|\n|t:|1613718315\n|switch|p2a: Swampert|Swampert, M|84\/100\n|turn|23\n|\n|t:|1613718318\n|switch|p1a: Slowking|Slowking-Galar, M|42\/100\n|move|p2a: Swampert|Stealth Rock|p1a: Slowking\n|-sidestart|p1: peepeepoopoo420|move: Stealth Rock\n|\n|-heal|p2a: Swampert|90\/100|[from] item: Leftovers\n|upkeep\n|turn|24\n|\n|t:|1613718321\n|move|p2a: Swampert|Earthquake|p1a: Slowking\n|-supereffective|p1a: Slowking\n|-damage|p1a: Slowking|0 fnt\n|faint|p1a: Slowking\n|\n|-heal|p2a: Swampert|96\/100|[from] item: Leftovers\n|upkeep\n|\n|t:|1613718326\n|switch|p1a: Kyurem|Kyurem|54\/100\n|-damage|p1a: Kyurem|29\/100|[from] Stealth Rock\n|-ability|p1a: Kyurem|Pressure\n|turn|25\n|l| JeebusMcFunk\n|\n|t:|1613718342\n|move|p1a: Kyurem|Freeze-Dry|p2a: Swampert\n|-supereffective|p2a: Swampert\n|-damage|p2a: Swampert|0 fnt\n|faint|p2a: Swampert\n|\n|upkeep\n|\n|t:|1613718345\n|switch|p2a: Cinderace|Cinderace, F|100\/100\n|turn|26\n|\n|t:|1613718349\n|switch|p1a: Rhyperior|Rhyperior, M|90\/100\n|-damage|p1a: Rhyperior|84\/100|[from] Stealth Rock\n|move|p2a: Cinderace|High Jump Kick|p1a: Rhyperior\n|-start|p2a: Cinderace|typechange|Fighting|[from] ability: Libero\n|-supereffective|p1a: Rhyperior\n|-damage|p1a: Rhyperior|27\/100\n|\n|-heal|p1a: Rhyperior|33\/100|[from] item: Leftovers\n|upkeep\n|turn|27\n|\n|t:|1613718353\n|move|p2a: Cinderace|High Jump Kick|p1a: Rhyperior|[miss]\n|-miss|p2a: Cinderace|p1a: Rhyperior\n|-damage|p2a: Cinderace|51\/100|[from] highjumpkick\n|move|p1a: Rhyperior|Earthquake|p2a: Cinderace\n|-damage|p2a: Cinderace|0 fnt\n|faint|p2a: Cinderace\n|\n|-heal|p1a: Rhyperior|39\/100|[from] item: Leftovers\n|upkeep\n|\n|t:|1613718357\n|switch|p2a: Urshifu|Urshifu-Rapid-Strike, F|46\/100\n|turn|28\n|c|\u2606peepeepoopoo420|and its back\n|\n|t:|1613718361\n|move|p2a: Urshifu|Aqua Jet|p1a: Rhyperior\n|-supereffective|p1a: Rhyperior\n|-damage|p1a: Rhyperior|0 fnt\n|faint|p1a: Rhyperior\n|\n|upkeep\n|\n|t:|1613718364\n|switch|p1a: Kyurem|Kyurem|29\/100\n|-damage|p1a: Kyurem|4\/100|[from] Stealth Rock\n|-ability|p1a: Kyurem|Pressure\n|turn|29\n|c|\u2606Kazt_5|i think this wins\n|\n|t:|1613718370\n|move|p2a: Urshifu|Aqua Jet|p1a: Kyurem\n|-resisted|p1a: Kyurem\n|-damage|p1a: Kyurem|0 fnt\n|faint|p1a: Kyurem\n|\n|upkeep\n|\n|t:|1613718372\n|switch|p1a: Crawdaunt|Crawdaunt, F|31\/100\n|-damage|p1a: Crawdaunt|19\/100|[from] Stealth Rock\n|turn|30\n|\n|t:|1613718375\n|move|p2a: Urshifu|Aqua Jet|p1a: Crawdaunt\n|-resisted|p1a: Crawdaunt\n|-damage|p1a: Crawdaunt|0 fnt\n|faint|p1a: Crawdaunt\n|\n|win|Kazt_5\n|n|\u2606peepeepoopoo420|peepeepoopoo420\n|n|\u2606Kazt_5|kazt5\n|n| tandlaodzksdj|tandlaodzksdj\n|n| kisian|kisian\n|n| obey the walruss|obeythewalruss\n|n| Fusien|fusien\n|c|\u2606peepeepoopoo420|gg\n|l| kisian\n|c|\u2606Kazt_5|that was crazy painful\n|c|\u2606Kazt_5|gg\n|l|\u2606Kazt_5\n|l|\u2606peepeepoopoo420\n|l| tandlaodzksdj\n|l| obey the walruss\n|j| Stone777\n","uploadtime":1613718376,"views":16,"p1id":"peepeepoopoo420","p2id":"kazt5","formatid":"gen8ou","rating":0,"private":0,"password":null}