{"id":"gen8purehackmons-1706967429","p1":"Lectrys","p2":"Datdude8","format":"gen8purehackmons","log":"|j|\u2606Lectrys\n|j|\u2606Datdude8\n|inactive|Battle timer is ON: inactive players will automatically lose when time's up.\n|t:|1668037237\n|gametype|singles\n|player|p1|Lectrys|flannery|\n|player|p2|Datdude8|101|\n|teamsize|p1|6\n|teamsize|p2|6\n|gen|8\n|tier|[Gen 8] Pure Hackmons\n|rated|Tournament battle\n|rule|HP Percentage Mod: HP is shown in percentages\n|rule|Endless Battle Clause: Forcing endless battles is banned\n|clearpoke\n|poke|p1|Regieleki|\n|poke|p1|Eternatus-Eternamax|\n|poke|p1|Eternatus-Eternamax|\n|poke|p1|Spiritomb, F|\n|poke|p1|Landorus-Therian, M|\n|poke|p1|Cramorant-Gorging, F|\n|poke|p2|Regieleki|\n|poke|p2|Regieleki|\n|poke|p2|Giratina|\n|poke|p2|Eternatus-Eternamax|\n|poke|p2|Eternatus-Eternamax|\n|poke|p2|Eternatus-Eternamax|\n|teampreview\n|\n|t:|1668037253\n|start\n|switch|p1a: Regieleki|Regieleki|100\/100\n|switch|p2a: Regieleki|Regieleki|100\/100\n|-ability|p1a: Regieleki|Neutralizing Gas\n|-ability|p2a: Regieleki|Neutralizing Gas\n|turn|1\n|\n|t:|1668037261\n|move|p1a: Regieleki|Lovely Kiss|p2a: Regieleki\n|-status|p2a: Regieleki|slp|[from] move: Lovely Kiss\n|cant|p2a: Regieleki|slp\n|\n|upkeep\n|turn|2\n|\n|t:|1668037267\n|cant|p2a: Regieleki|slp\n|move|p1a: Regieleki|Stealth Rock|p2a: Regieleki\n|-sidestart|p2: Datdude8|move: Stealth Rock\n|\n|upkeep\n|turn|3\n|\n|t:|1668037272\n|move|p1a: Regieleki|Bolt Beak|p2a: Regieleki\n|-resisted|p2a: Regieleki\n|-damage|p2a: Regieleki|58\/100 slp\n|cant|p2a: Regieleki|slp\n|\n|-heal|p2a: Regieleki|64\/100 slp|[from] item: Leftovers\n|upkeep\n|turn|4\n|\n|t:|1668037279\n|switch|p2a: Eternatus|Eternatus-Eternamax|100\/100\n|-ability|p2a: Eternatus|Neutralizing Gas\n|-damage|p2a: Eternatus|88\/100|[from] Stealth Rock\n|move|p1a: Regieleki|Fissure|p2a: Eternatus|[miss]\n|-miss|p1a: Regieleki|p2a: Eternatus\n|\n|-heal|p2a: Eternatus|94\/100|[from] item: Black Sludge\n|upkeep\n|turn|5\n|j| Dogpraxis\n|\n|t:|1668037289\n|move|p1a: Regieleki|Lovely Kiss|p2a: Eternatus\n|-status|p2a: Eternatus|slp|[from] move: Lovely Kiss\n|cant|p2a: Eternatus|slp\n|\n|-heal|p2a: Eternatus|99\/100 slp|[from] item: Black Sludge\n|upkeep\n|turn|6\n|\n|t:|1668037296\n|switch|p2a: Regieleki|Regieleki|64\/100 slp\n|-ability|p2a: Regieleki|Neutralizing Gas\n|-damage|p2a: Regieleki|51\/100 slp|[from] Stealth Rock\n|move|p1a: Regieleki|Fissure|p2a: Regieleki|[miss]\n|-miss|p1a: Regieleki|p2a: Regieleki\n|\n|-heal|p2a: Regieleki|57\/100 slp|[from] item: Leftovers\n|upkeep\n|turn|7\n|\n|t:|1668037305\n|-curestatus|p2a: Regieleki|slp|[msg]\n|move|p2a: Regieleki|Knock Off|p1a: Regieleki\n|-damage|p1a: Regieleki|70\/100\n|-enditem|p1a: Regieleki|Lum Berry|[from] move: Knock Off|[of] p2a: Regieleki\n|move|p1a: Regieleki|Bolt Beak|p2a: Regieleki\n|-resisted|p2a: Regieleki\n|-damage|p2a: Regieleki|38\/100\n|\n|-heal|p2a: Regieleki|44\/100|[from] item: Leftovers\n|upkeep\n|turn|8\n|l| Dogpraxis\n|\n|t:|1668037316\n|move|p2a: Regieleki|Recover|p2a: Regieleki\n|-heal|p2a: Regieleki|94\/100\n|move|p1a: Regieleki|Lovely Kiss|p2a: Regieleki\n|-status|p2a: Regieleki|slp|[from] move: Lovely Kiss\n|\n|-heal|p2a: Regieleki|99\/100 slp|[from] item: Leftovers\n|upkeep\n|turn|9\n|\n|t:|1668037326\n|cant|p2a: Regieleki|slp\n|move|p1a: Regieleki|Fissure|p2a: Regieleki|[miss]\n|-miss|p1a: Regieleki|p2a: Regieleki\n|\n|-heal|p2a: Regieleki|100\/100 slp|[from] item: Leftovers\n|upkeep\n|turn|10\n|j| Giaganticafk\n|\n|t:|1668037345\n|switch|p2a: Regieleki|Regieleki|100\/100\n|-ability|p2a: Regieleki|Neutralizing Gas\n|-damage|p2a: Regieleki|88\/100|[from] Stealth Rock\n|move|p1a: Regieleki|Bolt Beak|p2a: Regieleki\n|-resisted|p2a: Regieleki\n|-damage|p2a: Regieleki|46\/100\n|\n|-heal|p2a: Regieleki|52\/100|[from] item: Leftovers\n|upkeep\n|turn|11\n|\n|t:|1668037355\n|move|p1a: Regieleki|Lovely Kiss|p2a: Regieleki|[miss]\n|-miss|p1a: Regieleki|p2a: Regieleki\n|move|p2a: Regieleki|Fissure|p1a: Regieleki|[miss]\n|-miss|p2a: Regieleki|p1a: Regieleki\n|\n|-heal|p2a: Regieleki|58\/100|[from] item: Leftovers\n|upkeep\n|turn|12\n|\n|t:|1668037363\n|move|p1a: Regieleki|Lovely Kiss|p2a: Regieleki\n|-status|p2a: Regieleki|slp|[from] move: Lovely Kiss\n|cant|p2a: Regieleki|slp\n|\n|-heal|p2a: Regieleki|64\/100 slp|[from] item: Leftovers\n|upkeep\n|turn|13\n|c|\u2606Datdude8|why lovely kiss\n|c|\u2606Lectrys|Spore gets blocked by Safety Gogges\n|c|\u2606Datdude8|worried about safety goggles with spore?\n|c|\u2606Datdude8|ah\n|c|\u2606Lectrys|*Goggles\n|inactive|Datdude8 has 120 seconds left.\n|c|\u2606Datdude8|makes sense\n|c|\u2606Lectrys|Do not feel like busting a turn with Knock Off\n|c|\u2606Datdude8|but you'll bust multiple turns missing?\n|c|\u2606Datdude8|actually I take that back\n|inactive|Datdude8 has 90 seconds left.\n|c|\u2606Lectrys|Yeah, I'm often punished surprisingly little by missing\n|\n|t:|1668037428\n|switch|p1a: Landorus|Landorus-Therian, M|100\/100\n|-ability|p1a: Landorus|Comatose\n|cant|p2a: Regieleki|slp\n|\n|-heal|p2a: Regieleki|70\/100 slp|[from] item: Leftovers\n|upkeep\n|turn|14\n|inactive|Datdude8 has 90 seconds left.\n|\n|t:|1668037437\n|-end|p2a: Regieleki|ability: Neutralizing Gas\n|switch|p2a: Eternatus|Eternatus-Eternamax|99\/100 slp\n|-ability|p2a: Eternatus|Neutralizing Gas\n|-damage|p2a: Eternatus|88\/100 slp|[from] Stealth Rock\n|move|p1a: Landorus|Thousand Arrows|p2a: Eternatus\n|-supereffective|p2a: Eternatus\n|-damage|p2a: Eternatus|88\/100 slp\n|\n|-heal|p2a: Eternatus|94\/100 slp|[from] item: Black Sludge\n|upkeep\n|turn|15\n|\n|t:|1668037449\n|switch|p1a: Regieleki|Regieleki|70\/100\n|-ability|p1a: Regieleki|Neutralizing Gas\n|-curestatus|p2a: Eternatus|slp|[msg]\n|move|p2a: Eternatus|Horn Drill|p1a: Regieleki\n|-damage|p1a: Regieleki|0 fnt\n|faint|p1a: Regieleki\n|-ohko\n|\n|-heal|p2a: Eternatus|99\/100|[from] item: Black Sludge\n|upkeep\n|\n|t:|1668037460\n|switch|p1a: Spiritomb|Spiritomb, F|100\/100\n|turn|16\n|j| fruity rocks\n|\n|t:|1668037470\n|move|p2a: Eternatus|Taunt|p1a: Spiritomb\n|-start|p1a: Spiritomb|move: Taunt\n|move|p1a: Spiritomb|Horn Drill|p2a: Eternatus\n|-damage|p2a: Eternatus|0 fnt\n|faint|p2a: Eternatus\n|-end|p2a: Eternatus|ability: Neutralizing Gas\n|-ohko\n|\n|upkeep\n|\n|t:|1668037479\n|switch|p2a: Eternatus|Eternatus-Eternamax|100\/100\n|-ability|p2a: Eternatus|Neutralizing Gas\n|-damage|p2a: Eternatus|88\/100|[from] Stealth Rock\n|turn|17\n|\n|t:|1668037484\n|switch|p1a: Cramorant|Cramorant-Gorging, F|100\/100\n|move|p2a: Eternatus|Substitute|p2a: Eternatus\n|-start|p2a: Eternatus|Substitute\n|-damage|p2a: Eternatus|63\/100\n|\n|-heal|p2a: Eternatus|69\/100|[from] item: Black Sludge\n|upkeep\n|turn|18\n|\n|t:|1668037492\n|move|p2a: Eternatus|Taunt|p1a: Cramorant\n|-start|p1a: Cramorant|move: Taunt\n|cant|p1a: Cramorant|move: Taunt|Taunt\n|\n|-heal|p2a: Eternatus|75\/100|[from] item: Black Sludge\n|upkeep\n|turn|19\n|\n|t:|1668037500\n|move|p2a: Eternatus|Horn Drill|p1a: Cramorant\n|-damage|p1a: Cramorant|0 fnt\n|-damage|p2a: Eternatus|59\/100|[from] item: Rocky Helmet|[of] p1a: Cramorant\n|-damage|p2a: Eternatus|34\/100|[from] ability: Gulp Missile|[of] p1a: Cramorant\n|-status|p2a: Eternatus|par\n|-formechange|p1a: Cramorant|Cramorant|\n|faint|p1a: Cramorant\n|-ohko\n|\n|-heal|p2a: Eternatus|40\/100 par|[from] item: Black Sludge\n|upkeep\n|l| fruity rocks\n|\n|t:|1668037513\n|switch|p1a: Eternatus|Eternatus-Eternamax|100\/100\n|-ability|p1a: Eternatus|Neutralizing Gas\n|turn|20\n|\n|t:|1668037517\n|move|p1a: Eternatus|Substitute|p1a: Eternatus\n|-start|p1a: Eternatus|Substitute\n|-damage|p1a: Eternatus|76\/100\n|move|p2a: Eternatus|Horn Drill|p1a: Eternatus|[miss]\n|-miss|p2a: Eternatus|p1a: Eternatus\n|\n|-heal|p1a: Eternatus|82\/100|[from] item: Black Sludge\n|-heal|p2a: Eternatus|46\/100 par|[from] item: Black Sludge\n|upkeep\n|turn|21\n|\n|t:|1668037528\n|move|p1a: Eternatus|Taunt|p2a: Eternatus\n|-start|p2a: Eternatus|move: Taunt\n|cant|p2a: Eternatus|move: Taunt|Taunt\n|\n|-heal|p1a: Eternatus|88\/100|[from] item: Black Sludge\n|-heal|p2a: Eternatus|52\/100 par|[from] item: Black Sludge\n|upkeep\n|turn|22\n|\n|t:|1668037539\n|switch|p2a: Regieleki|Regieleki|70\/100 slp\n|-ability|p2a: Regieleki|Neutralizing Gas\n|-damage|p2a: Regieleki|58\/100 slp|[from] Stealth Rock\n|move|p1a: Eternatus|Night Shade|p2a: Regieleki\n|-damage|p2a: Regieleki|30\/100 slp\n|\n|-heal|p2a: Regieleki|36\/100 slp|[from] item: Leftovers\n|-heal|p1a: Eternatus|94\/100|[from] item: Black Sludge\n|upkeep\n|turn|23\n|\n|t:|1668037551\n|cant|p2a: Regieleki|slp\n|move|p1a: Eternatus|Taunt|p2a: Regieleki\n|-start|p2a: Regieleki|move: Taunt\n|\n|-heal|p2a: Regieleki|43\/100 slp|[from] item: Leftovers\n|-heal|p1a: Eternatus|99\/100|[from] item: Black Sludge\n|upkeep\n|turn|24\n|\n|t:|1668037572\n|-curestatus|p2a: Regieleki|slp|[msg]\n|move|p2a: Regieleki|Fissure|p1a: Eternatus|[miss]\n|-miss|p2a: Regieleki|p1a: Eternatus\n|move|p1a: Eternatus|Night Shade|p2a: Regieleki\n|-damage|p2a: Regieleki|15\/100\n|\n|-heal|p2a: Regieleki|21\/100|[from] item: Leftovers\n|-heal|p1a: Eternatus|100\/100|[from] item: Black Sludge\n|upkeep\n|turn|25\n|j| Juliano5460\n|\n|t:|1668037590\n|move|p2a: Regieleki|Fissure|p1a: Eternatus|[miss]\n|-miss|p2a: Regieleki|p1a: Eternatus\n|move|p1a: Eternatus|Fissure|p2a: Regieleki|[miss]\n|-miss|p1a: Eternatus|p2a: Regieleki\n|\n|-heal|p2a: Regieleki|27\/100|[from] item: Leftovers\n|upkeep\n|turn|26\n|\n|t:|1668037598\n|move|p2a: Regieleki|Fissure|p1a: Eternatus\n|-ohko\n|-end|p1a: Eternatus|Substitute\n|move|p1a: Eternatus|Night Shade|p2a: Regieleki\n|-damage|p2a: Regieleki|0 fnt\n|faint|p2a: Regieleki\n|\n|upkeep\n|l| Juliano5460\n|\n|t:|1668037616\n|switch|p2a: Giratina|Giratina|100\/100\n|-ability|p2a: Giratina|Neutralizing Gas\n|turn|27\n|\n|t:|1668037621\n|move|p1a: Eternatus|Taunt|p2a: Giratina\n|-start|p2a: Giratina|move: Taunt\n|move|p2a: Giratina|Dragon Tail|p1a: Eternatus\n|-supereffective|p1a: Eternatus\n|-damage|p1a: Eternatus|99\/100\n|drag|p1a: Spiritomb|Spiritomb, F|100\/100\n|\n|upkeep\n|turn|28\n|\n|t:|1668037630\n|move|p2a: Giratina|Knock Off|p1a: Spiritomb\n|-damage|p1a: Spiritomb|79\/100\n|-enditem|p1a: Spiritomb|Safety Goggles|[from] move: Knock Off|[of] p2a: Giratina\n|move|p1a: Spiritomb|Spectral Thief|p2a: Giratina\n|-supereffective|p2a: Giratina\n|-damage|p2a: Giratina|62\/100\n|\n|upkeep\n|turn|29\n|j| ipinqa 777\n|\n|t:|1668037642\n|-end|p2a: Giratina|ability: Neutralizing Gas\n|switch|p2a: Eternatus|Eternatus-Eternamax|52\/100 par\n|-ability|p2a: Eternatus|Neutralizing Gas\n|-damage|p2a: Eternatus|40\/100 par|[from] Stealth Rock\n|move|p1a: Spiritomb|Nature's Madness|p2a: Eternatus\n|-damage|p2a: Eternatus|20\/100 par\n|\n|-heal|p2a: Eternatus|26\/100 par|[from] item: Black Sludge\n|upkeep\n|turn|30\n|\n|t:|1668037656\n|move|p2a: Eternatus|Taunt|p1a: Spiritomb\n|-start|p1a: Spiritomb|move: Taunt\n|move|p1a: Spiritomb|Horn Drill|p2a: Eternatus|[miss]\n|-miss|p1a: Spiritomb|p2a: Eternatus\n|\n|-heal|p2a: Eternatus|33\/100 par|[from] item: Black Sludge\n|upkeep\n|turn|31\n|\n|t:|1668037665\n|move|p2a: Eternatus|Substitute|p2a: Eternatus\n|-start|p2a: Eternatus|Substitute\n|-damage|p2a: Eternatus|8\/100 par\n|move|p1a: Spiritomb|Horn Drill|p2a: Eternatus|[miss]\n|-miss|p1a: Spiritomb|p2a: Eternatus\n|\n|-heal|p2a: Eternatus|14\/100 par|[from] item: Black Sludge\n|upkeep\n|turn|32\n|\n|t:|1668037672\n|move|p2a: Eternatus|Lava Plume|p1a: Spiritomb\n|-damage|p1a: Spiritomb|56\/100\n|move|p1a: Spiritomb|Spectral Thief|p2a: Eternatus\n|-damage|p2a: Eternatus|7\/100 par\n|\n|-heal|p2a: Eternatus|13\/100 par|[from] item: Black Sludge\n|-end|p1a: Spiritomb|move: Taunt\n|upkeep\n|turn|33\n|\n|t:|1668037685\n|move|p2a: Eternatus|Lava Plume|p1a: Spiritomb\n|-damage|p1a: Spiritomb|32\/100\n|move|p1a: Spiritomb|Roost|p1a: Spiritomb\n|-heal|p1a: Spiritomb|82\/100\n|-singleturn|p1a: Spiritomb|move: Roost\n|\n|-heal|p2a: Eternatus|19\/100 par|[from] item: Black Sludge\n|upkeep\n|turn|34\n|j| clorodulce\n|\n|t:|1668037691\n|switch|p1a: Landorus|Landorus-Therian, M|100\/100\n|-ability|p1a: Landorus|Comatose\n|move|p2a: Eternatus|Lava Plume|p1a: Landorus\n|-damage|p1a: Landorus|80\/100\n|\n|-heal|p1a: Landorus|86\/100|[from] item: Leftovers\n|-heal|p2a: Eternatus|25\/100 par|[from] item: Black Sludge\n|upkeep\n|turn|35\n|\n|t:|1668037702\n|move|p1a: Landorus|Encore|p2a: Eternatus\n|-start|p2a: Eternatus|Encore\n|move|p2a: Eternatus|Lava Plume|p1a: Landorus\n|-damage|p1a: Landorus|64\/100\n|\n|-heal|p1a: Landorus|70\/100|[from] item: Leftovers\n|-heal|p2a: Eternatus|31\/100 par|[from] item: Black Sludge\n|upkeep\n|turn|36\n|\n|t:|1668037714\n|-end|p2a: Eternatus|ability: Neutralizing Gas\n|switch|p2a: Giratina|Giratina|62\/100\n|-ability|p2a: Giratina|Neutralizing Gas\n|move|p1a: Landorus|Thousand Arrows|p2a: Giratina\n|-damage|p2a: Giratina|39\/100\n|\n|-heal|p1a: Landorus|76\/100|[from] item: Leftovers\n|upkeep\n|turn|37\n|j| doubledgedblade\n|l| doubledgedblade\n|\n|t:|1668037729\n|move|p1a: Landorus|Fissure|p2a: Giratina|[miss]\n|-miss|p1a: Landorus|p2a: Giratina\n|move|p2a: Giratina|Recover|p2a: Giratina\n|-heal|p2a: Giratina|89\/100\n|\n|-heal|p1a: Landorus|82\/100|[from] item: Leftovers\n|upkeep\n|turn|38\n|\n|t:|1668037734\n|move|p1a: Landorus|Encore|p2a: Giratina\n|-start|p2a: Giratina|Encore\n|move|p2a: Giratina|Recover|p2a: Giratina\n|-heal|p2a: Giratina|100\/100\n|\n|-heal|p1a: Landorus|88\/100|[from] item: Leftovers\n|upkeep\n|turn|39\n|\n|t:|1668037741\n|-end|p2a: Giratina|ability: Neutralizing Gas\n|switch|p2a: Eternatus|Eternatus-Eternamax|100\/100\n|-ability|p2a: Eternatus|Neutralizing Gas\n|move|p1a: Landorus|Fissure|p2a: Eternatus|[miss]\n|-miss|p1a: Landorus|p2a: Eternatus\n|\n|-heal|p1a: Landorus|94\/100|[from] item: Leftovers\n|upkeep\n|turn|40\n|\n|t:|1668037753\n|move|p2a: Eternatus|Rapid Spin|p1a: Landorus\n|-damage|p1a: Landorus|81\/100\n|-boost|p2a: Eternatus|spe|1\n|-sideend|p2: Datdude8|Stealth Rock|[from] move: Rapid Spin|[of] p2a: Eternatus\n|move|p1a: Landorus|Encore|p2a: Eternatus\n|-start|p2a: Eternatus|Encore\n|\n|-heal|p1a: Landorus|87\/100|[from] item: Leftovers\n|upkeep\n|turn|41\n|\n|t:|1668037763\n|-end|p2a: Eternatus|ability: Neutralizing Gas\n|switch|p2a: Eternatus|Eternatus-Eternamax|31\/100 par\n|-ability|p2a: Eternatus|Neutralizing Gas\n|move|p1a: Landorus|Fissure|p2a: Eternatus|[miss]\n|-miss|p1a: Landorus|p2a: Eternatus\n|\n|-heal|p1a: Landorus|93\/100|[from] item: Leftovers\n|-heal|p2a: Eternatus|37\/100 par|[from] item: Black Sludge\n|upkeep\n|turn|42\n|\n|t:|1668037774\n|move|p1a: Landorus|Thousand Arrows|p2a: Eternatus\n|-supereffective|p2a: Eternatus\n|-damage|p2a: Eternatus|19\/100 par\n|move|p2a: Eternatus|Horn Drill|p1a: Landorus|[miss]\n|-miss|p2a: Eternatus|p1a: Landorus\n|\n|-heal|p1a: Landorus|99\/100|[from] item: Leftovers\n|-heal|p2a: Eternatus|25\/100 par|[from] item: Black Sludge\n|upkeep\n|turn|43\n|\n|t:|1668037785\n|switch|p1a: Spiritomb|Spiritomb, F|82\/100\n|move|p2a: Eternatus|Horn Drill|p1a: Spiritomb\n|-immune|p1a: Spiritomb\n|\n|-heal|p2a: Eternatus|31\/100 par|[from] item: Black Sludge\n|upkeep\n|turn|44\n|\n|t:|1668037800\n|cant|p2a: Eternatus|par\n|move|p1a: Spiritomb|Spectral Thief|p2a: Eternatus\n|-damage|p2a: Eternatus|24\/100 par\n|\n|-heal|p2a: Eternatus|30\/100 par|[from] item: Black Sludge\n|upkeep\n|turn|45\n|\n|t:|1668037811\n|move|p2a: Eternatus|Lava Plume|p1a: Spiritomb\n|-damage|p1a: Spiritomb|57\/100\n|-status|p1a: Spiritomb|brn\n|move|p1a: Spiritomb|Spectral Thief|p2a: Eternatus\n|-damage|p2a: Eternatus|27\/100 par\n|\n|-heal|p2a: Eternatus|33\/100 par|[from] item: Black Sludge\n|-damage|p1a: Spiritomb|51\/100 brn|[from] brn\n|upkeep\n|turn|46\n|\n|t:|1668037819\n|cant|p2a: Eternatus|par\n|move|p1a: Spiritomb|Roost|p1a: Spiritomb\n|-heal|p1a: Spiritomb|100\/100 brn\n|-singleturn|p1a: Spiritomb|move: Roost\n|\n|-heal|p2a: Eternatus|39\/100 par|[from] item: Black Sludge\n|-damage|p1a: Spiritomb|95\/100 brn|[from] brn\n|upkeep\n|turn|47\n|\n|t:|1668037824\n|cant|p2a: Eternatus|par\n|move|p1a: Spiritomb|Nature's Madness|p2a: Eternatus\n|-damage|p2a: Eternatus|20\/100 par\n|\n|-heal|p2a: Eternatus|26\/100 par|[from] item: Black Sludge\n|-damage|p1a: Spiritomb|89\/100 brn|[from] brn\n|upkeep\n|turn|48\n|\n|t:|1668037830\n|move|p2a: Eternatus|Taunt|p1a: Spiritomb\n|-start|p1a: Spiritomb|move: Taunt\n|move|p1a: Spiritomb|Spectral Thief|p2a: Eternatus\n|-damage|p2a: Eternatus|23\/100 par\n|\n|-heal|p2a: Eternatus|29\/100 par|[from] item: Black Sludge\n|-damage|p1a: Spiritomb|83\/100 brn|[from] brn\n|upkeep\n|turn|49\n|\n|t:|1668037835\n|move|p2a: Eternatus|Substitute|p2a: Eternatus\n|-start|p2a: Eternatus|Substitute\n|-damage|p2a: Eternatus|4\/100 par\n|move|p1a: Spiritomb|Horn Drill|p2a: Eternatus|[miss]\n|-miss|p1a: Spiritomb|p2a: Eternatus\n|\n|-heal|p2a: Eternatus|10\/100 par|[from] item: Black Sludge\n|-damage|p1a: Spiritomb|77\/100 brn|[from] brn\n|upkeep\n|turn|50\n|\n|t:|1668037852\n|move|p2a: Eternatus|Lava Plume|p1a: Spiritomb\n|-damage|p1a: Spiritomb|53\/100 brn\n|move|p1a: Spiritomb|Nature's Madness|p2a: Eternatus\n|-activate|p2a: Eternatus|move: Substitute|[damage]\n|\n|-heal|p2a: Eternatus|16\/100 par|[from] item: Black Sludge\n|-damage|p1a: Spiritomb|47\/100 brn|[from] brn\n|-end|p1a: Spiritomb|move: Taunt\n|upkeep\n|turn|51\n|\n|t:|1668037861\n|switch|p1a: Landorus|Landorus-Therian, M|99\/100\n|-ability|p1a: Landorus|Comatose\n|move|p2a: Eternatus|Taunt|p1a: Landorus\n|-start|p1a: Landorus|move: Taunt\n|\n|-heal|p1a: Landorus|100\/100|[from] item: Leftovers\n|-heal|p2a: Eternatus|22\/100 par|[from] item: Black Sludge\n|upkeep\n|turn|52\n|\n|t:|1668037865\n|move|p1a: Landorus|Thousand Arrows|p2a: Eternatus\n|-supereffective|p2a: Eternatus\n|-end|p2a: Eternatus|Substitute\n|cant|p2a: Eternatus|par\n|\n|-heal|p2a: Eternatus|29\/100 par|[from] item: Black Sludge\n|upkeep\n|turn|53\n|\n|t:|1668037878\n|-end|p2a: Eternatus|ability: Neutralizing Gas\n|switch|p2a: Giratina|Giratina|100\/100\n|-ability|p2a: Giratina|Neutralizing Gas\n|move|p1a: Landorus|Thousand Arrows|p2a: Giratina\n|-damage|p2a: Giratina|78\/100\n|\n|-end|p1a: Landorus|move: Taunt\n|upkeep\n|turn|54\n|\n|t:|1668037906\n|move|p1a: Landorus|Fissure|p2a: Giratina|[miss]\n|-miss|p1a: Landorus|p2a: Giratina\n|move|p2a: Giratina|Knock Off|p1a: Landorus\n|-damage|p1a: Landorus|80\/100\n|-enditem|p1a: Landorus|Leftovers|[from] move: Knock Off|[of] p2a: Giratina\n|\n|upkeep\n|turn|55\n|inactive|Lectrys has 120 seconds left.\n|\n|t:|1668037929\n|move|p1a: Landorus|Fissure|p2a: Giratina|[miss]\n|-miss|p1a: Landorus|p2a: Giratina\n|move|p2a: Giratina|Whirlwind|p1a: Landorus\n|drag|p1a: Eternatus|Eternatus-Eternamax|99\/100\n|-ability|p1a: Eternatus|Neutralizing Gas\n|\n|-heal|p1a: Eternatus|100\/100|[from] item: Black Sludge\n|upkeep\n|turn|56\n|inactive|Lectrys has 120 seconds left.\n|\n|t:|1668037938\n|move|p1a: Eternatus|Taunt|p2a: Giratina\n|-start|p2a: Giratina|move: Taunt\n|move|p2a: Giratina|Dragon Tail|p1a: Eternatus\n|-supereffective|p1a: Eternatus\n|-damage|p1a: Eternatus|99\/100\n|drag|p1a: Landorus|Landorus-Therian, M|80\/100\n|-ability|p1a: Landorus|Comatose\n|\n|upkeep\n|turn|57\n|inactive|Lectrys has 120 seconds left.\n|j| hbkblanko\n|c| hbkblanko|lectrys you're a boss ass bitxh\n|inactive|Datdude8 has 120 seconds left.\n|c| ipinqa 777|facts\n|l| hbkblanko\n|\n|t:|1668037995\n|-end|p2a: Giratina|ability: Neutralizing Gas\n|switch|p2a: Regieleki|Regieleki|100\/100 slp\n|-ability|p2a: Regieleki|Neutralizing Gas\n|move|p1a: Landorus|Encore||[still]\n|-fail|p1a: Landorus\n|\n|upkeep\n|turn|58\n|inactive|Lectrys has 90 seconds left.\n|inactive|Datdude8 has 90 seconds left.\n|\n|t:|1668038040\n|cant|p2a: Regieleki|slp\n|move|p1a: Landorus|Thousand Arrows|p2a: Regieleki\n|-supereffective|p2a: Regieleki\n|-damage|p2a: Regieleki|0 fnt\n|faint|p2a: Regieleki\n|-end|p2a: Regieleki|ability: Neutralizing Gas\n|\n|upkeep\n|\n|t:|1668038049\n|switch|p2a: Giratina|Giratina|78\/100\n|-ability|p2a: Giratina|Neutralizing Gas\n|turn|59\n|\n|t:|1668038060\n|move|p1a: Landorus|Fissure|p2a: Giratina\n|-damage|p2a: Giratina|0 fnt\n|faint|p2a: Giratina\n|-end|p2a: Giratina|ability: Neutralizing Gas\n|-ohko\n|\n|upkeep\n|\n|t:|1668038064\n|switch|p2a: Eternatus|Eternatus-Eternamax|100\/100\n|-ability|p2a: Eternatus|Neutralizing Gas\n|turn|60\n|inactive|Lectrys has 90 seconds left.\n|c|\u2606Datdude8|thats about gg\n|inactive|Lectrys has 60 seconds left.\n|\n|t:|1668038103\n|-end|p2a: Eternatus|ability: Neutralizing Gas\n|switch|p2a: Eternatus|Eternatus-Eternamax|29\/100 par\n|-ability|p2a: Eternatus|Neutralizing Gas\n|move|p1a: Landorus|Encore||[still]\n|-fail|p1a: Landorus\n|\n|-heal|p2a: Eternatus|35\/100 par|[from] item: Black Sludge\n|upkeep\n|turn|61\n|\n|t:|1668038108\n|move|p1a: Landorus|Thousand Arrows|p2a: Eternatus\n|-supereffective|p2a: Eternatus\n|-damage|p2a: Eternatus|15\/100 par\n|move|p2a: Eternatus|Horn Drill|p1a: Landorus|[miss]\n|-miss|p2a: Eternatus|p1a: Landorus\n|\n|-heal|p2a: Eternatus|21\/100 par|[from] item: Black Sludge\n|upkeep\n|turn|62\n|\n|t:|1668038114\n|move|p1a: Landorus|Thousand Arrows|p2a: Eternatus\n|-supereffective|p2a: Eternatus\n|-damage|p2a: Eternatus|0 fnt\n|faint|p2a: Eternatus\n|-end|p2a: Eternatus|ability: Neutralizing Gas\n|\n|upkeep\n|\n|t:|1668038118\n|switch|p2a: Eternatus|Eternatus-Eternamax|100\/100\n|-ability|p2a: Eternatus|Neutralizing Gas\n|turn|63\n|\n|t:|1668038132\n|move|p2a: Eternatus|Copycat|p2a: Eternatus\n|move|p2a: Eternatus|Thousand Arrows|p1a: Landorus|[from]move: Copycat\n|-damage|p1a: Landorus|56\/100\n|-start|p1a: Landorus|Smack Down\n|move|p1a: Landorus|Encore||[still]\n|-fail|p1a: Landorus\n|\n|upkeep\n|turn|64\n|c|\u2606Datdude8|if only I had gotten the earlier burn\n|\n|t:|1668038139\n|move|p2a: Eternatus|Copycat|p2a: Eternatus\n|move|p2a: Eternatus|Encore||[from]move: Copycat|[still]\n|-fail|p2a: Eternatus\n|move|p1a: Landorus|Fissure|p2a: Eternatus\n|-damage|p2a: Eternatus|0 fnt\n|faint|p2a: Eternatus\n|-end|p2a: Eternatus|ability: Neutralizing Gas\n|-ohko\n|\n|win|Lectrys\n|n|\u2606Lectrys|lectrys\n|n|\u2606Datdude8|datdude8\n|n| Giaganticafk|giaganticafk\n|n| ipinqa 777|ipinqa777\n|n| clorodulce|clorodulce\n","uploadtime":1668038140,"views":4,"p1id":"lectrys","p2id":"datdude8","formatid":"gen8purehackmons","rating":0,"private":0,"password":null}