{"id":"gen8ou-1690809095","p1":"cucumber22","p2":"wax C","format":"gen8ou","log":"|html|<div class=\"broadcast-blue\"><strong>[Gen 8] OU is currently suspecting Melmetal! For information on how to participate check out the <a href=\"https:\/\/www.smogon.com\/forums\/threads\/np-ss-ou-suspect-process-round-12-monster-mash.3709234\/\">suspect thread<\/a>.<\/strong><\/div>\n|j|\u2606cucumber22\n|j|\u2606wax C\n|t:|1666305805\n|gametype|singles\n|player|p1|cucumber22|dancer|1837\n|player|p2|wax C|rocketexecutive-gen2|1740\n|teamsize|p1|6\n|teamsize|p2|6\n|gen|8\n|tier|[Gen 8] OU\n|rated|\n|rule|Sleep Clause Mod: Limit one foe put to sleep\n|rule|Species Clause: Limit one of each Pok\u00e9mon\n|rule|OHKO Clause: OHKO moves are banned\n|rule|Evasion Items Clause: Evasion items are banned\n|rule|Evasion Moves Clause: Evasion moves are banned\n|rule|Endless Battle Clause: Forcing endless battles is banned\n|rule|HP Percentage Mod: HP is shown in percentages\n|rule|Dynamax Clause: You cannot dynamax\n|clearpoke\n|poke|p1|Aegislash, M|\n|poke|p1|Buzzwole|\n|poke|p1|Landorus-Therian, M|\n|poke|p1|Heatran, M|\n|poke|p1|Hydreigon, M|\n|poke|p1|Tapu Fini|\n|poke|p2|Skarmory, M|\n|poke|p2|Dragapult, M|\n|poke|p2|Rillaboom, F|\n|poke|p2|Moltres-Galar|\n|poke|p2|Kartana|\n|poke|p2|Heatran, M|\n|teampreview\n|j|+Dragonillis\n|c|\u2606wax C|hf\n|\n|t:|1666305822\n|start\n|switch|p1a: Hydreigon|Hydreigon, M|100\/100\n|switch|p2a: Skarmory|Skarmory, M|100\/100\n|turn|1\n|inactive|Battle timer is ON: inactive players will automatically lose when time's up. (requested by wax C)\n|\n|t:|1666305824\n|move|p1a: Hydreigon|Dark Pulse|p2a: Skarmory\n|-damage|p2a: Skarmory|32\/100\n|cant|p2a: Skarmory|flinch\n|\n|upkeep\n|turn|2\n|\n|t:|1666305830\n|switch|p2a: Moltres|Moltres-Galar|100\/100\n|move|p1a: Hydreigon|Dark Pulse|p2a: Moltres\n|-resisted|p2a: Moltres\n|-damage|p2a: Moltres|84\/100\n|\n|upkeep\n|turn|3\n|\n|t:|1666305834\n|switch|p2a: Skarmory|Skarmory, M|32\/100\n|move|p1a: Hydreigon|Nasty Plot|p1a: Hydreigon\n|-boost|p1a: Hydreigon|spa|2\n|\n|upkeep\n|turn|4\n|\n|t:|1666305838\n|move|p1a: Hydreigon|Dark Pulse|p2a: Skarmory\n|-damage|p2a: Skarmory|0 fnt\n|faint|p2a: Skarmory\n|\n|upkeep\n|\n|t:|1666305840\n|switch|p2a: Dragapult|Dragapult, M|100\/100\n|turn|5\n|\n|t:|1666305845\n|switch|p1a: Tapu Fini|Tapu Fini|100\/100\n|-fieldstart|move: Misty Terrain|[from] ability: Misty Surge|[of] p1a: Tapu Fini\n|move|p2a: Dragapult|Dragon Darts|p1a: Tapu Fini\n|-immune|p1a: Tapu Fini\n|\n|upkeep\n|turn|6\n|j| Bacilisco3\n|\n|t:|1666305855\n|switch|p1a: Landorus|Landorus-Therian, M|100\/100\n|-ability|p1a: Landorus|Intimidate|boost\n|-fail|p2a: Dragapult|unboost|[from] ability: Clear Body|[of] p2a: Dragapult\n|switch|p2a: Rillaboom|Rillaboom, F|100\/100\n|-fieldstart|move: Grassy Terrain|[from] ability: Grassy Surge|[of] p2a: Rillaboom\n|\n|upkeep\n|turn|7\n|\n|t:|1666305858\n|switch|p1a: Buzzwole|Buzzwole|100\/100\n|move|p2a: Rillaboom|Wood Hammer|p1a: Buzzwole\n|-resisted|p1a: Buzzwole\n|-damage|p1a: Buzzwole|72\/100\n|-damage|p2a: Rillaboom|90\/100|[from] Recoil\n|\n|-heal|p2a: Rillaboom|96\/100|[from] Grassy Terrain\n|-heal|p1a: Buzzwole|78\/100|[from] Grassy Terrain\n|upkeep\n|turn|8\n|\n|t:|1666305864\n|switch|p2a: Heatran|Heatran, M|100\/100\n|move|p1a: Buzzwole|Ice Punch|p2a: Heatran\n|-resisted|p2a: Heatran\n|-damage|p2a: Heatran|95\/100\n|\n|-heal|p2a: Heatran|100\/100|[from] Grassy Terrain\n|-heal|p1a: Buzzwole|84\/100|[from] Grassy Terrain\n|upkeep\n|turn|9\n|\n|t:|1666305873\n|switch|p1a: Hydreigon|Hydreigon, M|100\/100\n|move|p2a: Heatran|Eruption|p1a: Hydreigon\n|-resisted|p1a: Hydreigon\n|-damage|p1a: Hydreigon|55\/100\n|\n|upkeep\n|turn|10\n|\n|t:|1666305880\n|move|p2a: Heatran|Eruption|p1a: Hydreigon\n|-resisted|p1a: Hydreigon\n|-damage|p1a: Hydreigon|8\/100\n|move|p1a: Hydreigon|Roost|p1a: Hydreigon\n|-heal|p1a: Hydreigon|58\/100\n|-singleturn|p1a: Hydreigon|move: Roost\n|\n|-fieldend|move: Grassy Terrain\n|upkeep\n|turn|11\n|\n|t:|1666305882\n|switch|p2a: Dragapult|Dragapult, M|100\/100\n|move|p1a: Hydreigon|Roost|p1a: Hydreigon\n|-heal|p1a: Hydreigon|100\/100\n|-singleturn|p1a: Hydreigon|move: Roost\n|\n|upkeep\n|turn|12\n|\n|t:|1666305886\n|switch|p1a: Tapu Fini|Tapu Fini|100\/100\n|-fieldstart|move: Misty Terrain|[from] ability: Misty Surge|[of] p1a: Tapu Fini\n|move|p2a: Dragapult|Dragon Darts|p1a: Tapu Fini\n|-immune|p1a: Tapu Fini\n|\n|upkeep\n|turn|13\n|j| prasanna20\n|\n|t:|1666305893\n|switch|p2a: Heatran|Heatran, M|100\/100\n|move|p1a: Tapu Fini|Moonblast|p2a: Heatran\n|-resisted|p2a: Heatran\n|-damage|p2a: Heatran|91\/100\n|\n|upkeep\n|turn|14\n|\n|t:|1666305899\n|switch|p1a: Heatran|Heatran, M|100\/100\n|move|p2a: Heatran|Flash Cannon|p1a: Heatran\n|-resisted|p1a: Heatran\n|-damage|p1a: Heatran|90\/100\n|\n|upkeep\n|turn|15\n|\n|t:|1666305905\n|switch|p2a: Moltres|Moltres-Galar|84\/100\n|move|p1a: Heatran|Magma Storm|p2a: Moltres\n|-damage|p2a: Moltres|31\/100\n|-activate|p2a: Moltres|move: Magma Storm|[of] p1a: Heatran\n|-ability|p2a: Moltres|Berserk|boost\n|-boost|p2a: Moltres|spa|1\n|-enditem|p2a: Moltres|Sitrus Berry|[eat]\n|-heal|p2a: Moltres|56\/100|[from] item: Sitrus Berry\n|\n|-damage|p2a: Moltres|44\/100|[from] move: Magma Storm|[partiallytrapped]\n|upkeep\n|turn|16\n|\n|t:|1666305910\n|move|p2a: Moltres|Fiery Wrath|p1a: Heatran\n|-damage|p1a: Heatran|28\/100\n|move|p1a: Heatran|Magma Storm|p2a: Moltres|[miss]\n|-miss|p1a: Heatran|p2a: Moltres\n|\n|-damage|p2a: Moltres|31\/100|[from] move: Magma Storm|[partiallytrapped]\n|-fieldend|Misty Terrain\n|upkeep\n|turn|17\n|\n|t:|1666305915\n|switch|p1a: Tapu Fini|Tapu Fini|100\/100\n|-fieldstart|move: Misty Terrain|[from] ability: Misty Surge|[of] p1a: Tapu Fini\n|move|p2a: Moltres|Fiery Wrath|p1a: Tapu Fini\n|-resisted|p1a: Tapu Fini\n|-damage|p1a: Tapu Fini|67\/100\n|\n|-end|p2a: Moltres|Magma Storm|[partiallytrapped]|[silent]\n|upkeep\n|turn|18\n|\n|t:|1666305917\n|move|p1a: Tapu Fini|Moonblast|p2a: Moltres\n|-supereffective|p2a: Moltres\n|-damage|p2a: Moltres|0 fnt\n|faint|p2a: Moltres\n|\n|upkeep\n|\n|t:|1666305920\n|switch|p2a: Kartana|Kartana|100\/100\n|turn|19\n|\n|t:|1666305941\n|move|p1a: Tapu Fini|Moonblast|p2a: Kartana\n|-resisted|p2a: Kartana\n|-damage|p2a: Kartana|49\/100\n|move|p2a: Kartana|Swords Dance|p2a: Kartana\n|-boost|p2a: Kartana|atk|2\n|\n|upkeep\n|turn|20\n|j| fork gaming\n|\n|t:|1666305945\n|switch|p2a: Heatran|Heatran, M|91\/100\n|move|p1a: Tapu Fini|Moonblast|p2a: Heatran\n|-resisted|p2a: Heatran\n|-damage|p2a: Heatran|82\/100\n|\n|upkeep\n|turn|21\n|c|\u2606cucumber22|i figured u were aerial ace\n|c|\u2606wax C|i am not\n|c|\u2606cucumber22|are u?\n|c|\u2606cucumber22|o ok\n|inactive|cucumber22 has 120 seconds left.\n|\n|t:|1666305989\n|switch|p1a: Landorus|Landorus-Therian, M|100\/100\n|-ability|p1a: Landorus|Intimidate|boost\n|-unboost|p2a: Heatran|atk|1\n|move|p2a: Heatran|Earth Power|p1a: Landorus\n|-immune|p1a: Landorus\n|\n|-fieldend|Misty Terrain\n|upkeep\n|turn|22\n|\n|t:|1666305998\n|switch|p2a: Rillaboom|Rillaboom, F|96\/100\n|-fieldstart|move: Grassy Terrain|[from] ability: Grassy Surge|[of] p2a: Rillaboom\n|move|p1a: Landorus|Stealth Rock|p2a: Rillaboom\n|-sidestart|p2: wax C|move: Stealth Rock\n|\n|-heal|p2a: Rillaboom|100\/100|[from] Grassy Terrain\n|upkeep\n|turn|23\n|\n|t:|1666306004\n|switch|p1a: Buzzwole|Buzzwole|84\/100\n|move|p2a: Rillaboom|U-turn|p1a: Buzzwole\n|-resisted|p1a: Buzzwole\n|-damage|p1a: Buzzwole|75\/100\n|\n|t:|1666306010\n|switch|p2a: Dragapult|Dragapult, M|100\/100|[from]move: U-turn\n|-damage|p2a: Dragapult|88\/100|[from] Stealth Rock\n|\n|-heal|p2a: Dragapult|94\/100|[from] Grassy Terrain\n|-heal|p1a: Buzzwole|81\/100|[from] Grassy Terrain\n|upkeep\n|turn|24\n|l| fork gaming\n|\n|t:|1666306021\n|switch|p1a: Tapu Fini|Tapu Fini|67\/100\n|-fieldstart|move: Misty Terrain|[from] ability: Misty Surge|[of] p1a: Tapu Fini\n|move|p2a: Dragapult|Dragon Dance|p2a: Dragapult\n|-boost|p2a: Dragapult|atk|1\n|-boost|p2a: Dragapult|spe|1\n|\n|upkeep\n|turn|25\n|\n|t:|1666306024\n|switch|p1a: Hydreigon|Hydreigon, M|100\/100\n|move|p2a: Dragapult|Dragon Darts|p1a: Hydreigon\n|-supereffective|p1a: Hydreigon\n|-damage|p1a: Hydreigon|0 fnt\n|faint|p1a: Hydreigon\n|-damage|p2a: Dragapult|84\/100|[from] item: Life Orb\n|\n|upkeep\n|\n|t:|1666306028\n|switch|p1a: Aegislash|Aegislash, M|100\/100\n|turn|26\n|\n|t:|1666306033\n|-formechange|p1a: Aegislash|Aegislash-Blade||[from] ability: Stance Change\n|move|p1a: Aegislash|Shadow Sneak|p2a: Dragapult\n|-supereffective|p2a: Dragapult\n|-damage|p2a: Dragapult|5\/100\n|move|p2a: Dragapult|Phantom Force||[still]\n|-prepare|p2a: Dragapult|Phantom Force\n|\n|upkeep\n|turn|27\n|j| fork gaming\n|l| fork gaming\n|j| fork gaming\n|inactive|cucumber22 has 120 seconds left.\n|l| fork gaming\n|\n|t:|1666306088\n|switch|p1a: Landorus|Landorus-Therian, M|100\/100\n|-ability|p1a: Landorus|Intimidate|boost\n|-fail|p2a: Dragapult|unboost|[from] ability: Clear Body|[of] p2a: Dragapult\n|move|p2a: Dragapult|Phantom Force|p1a: Landorus|[from]lockedmove\n|-damage|p1a: Landorus|15\/100\n|-damage|p2a: Dragapult|0 fnt|[from] item: Life Orb\n|faint|p2a: Dragapult\n|\n|-heal|p1a: Landorus|21\/100|[from] item: Leftovers\n|upkeep\n|inactive|wax C has 120 seconds left.\n|\n|t:|1666306121\n|switch|p2a: Kartana|Kartana|49\/100\n|-damage|p2a: Kartana|43\/100|[from] Stealth Rock\n|turn|28\n|\n|t:|1666306132\n|move|p2a: Kartana|Swords Dance|p2a: Kartana\n|-boost|p2a: Kartana|atk|2\n|move|p1a: Landorus|Earthquake|p2a: Kartana\n|-damage|p2a: Kartana|5\/100\n|\n|-heal|p1a: Landorus|27\/100|[from] item: Leftovers\n|-fieldend|Misty Terrain\n|upkeep\n|turn|29\n|inactive|cucumber22 has 90 seconds left.\n|inactive|cucumber22 has 60 seconds left.\n|\n|t:|1666306190\n|move|p2a: Kartana|Knock Off|p1a: Landorus\n|-damage|p1a: Landorus|0 fnt\n|-enditem|p1a: Landorus|Leftovers|[from] move: Knock Off|[of] p2a: Kartana\n|faint|p1a: Landorus\n|-ability|p2a: Kartana|Beast Boost|boost\n|-boost|p2a: Kartana|spe|1\n|-damage|p2a: Kartana|0 fnt|[from] item: Life Orb\n|faint|p2a: Kartana\n|\n|upkeep\n|inactive|cucumber22 has 60 seconds left.\n|\n|t:|1666306206\n|switch|p2a: Heatran|Heatran, M|82\/100\n|switch|p1a: Aegislash|Aegislash, M|100\/100\n|-damage|p2a: Heatran|70\/100|[from] Stealth Rock\n|turn|30\n|\n|t:|1666306229\n|move|p2a: Heatran|Earth Power|p1a: Aegislash\n|-supereffective|p1a: Aegislash\n|-damage|p1a: Aegislash|47\/100\n|-enditem|p1a: Aegislash|Weakness Policy\n|-boost|p1a: Aegislash|atk|2|[from] item: Weakness Policy\n|-boost|p1a: Aegislash|spa|2|[from] item: Weakness Policy\n|-formechange|p1a: Aegislash|Aegislash-Blade||[from] ability: Stance Change\n|move|p1a: Aegislash|Shadow Claw|p2a: Heatran\n|-damage|p2a: Heatran|0 fnt\n|faint|p2a: Heatran\n|\n|upkeep\n|\n|t:|1666306232\n|switch|p2a: Rillaboom|Rillaboom, F|100\/100\n|-damage|p2a: Rillaboom|88\/100|[from] Stealth Rock\n|-fieldstart|move: Grassy Terrain|[from] ability: Grassy Surge|[of] p2a: Rillaboom\n|turn|31\n|c|\u2606wax C|ggwp\n|\n|t:|1666306238\n|move|p2a: Rillaboom|Wood Hammer|p1a: Aegislash\n|-resisted|p1a: Aegislash\n|-damage|p1a: Aegislash|0 fnt\n|faint|p1a: Aegislash\n|-damage|p2a: Rillaboom|74\/100|[from] Recoil\n|\n|-heal|p2a: Rillaboom|81\/100|[from] Grassy Terrain\n|upkeep\n|\n|t:|1666306240\n|switch|p1a: Buzzwole|Buzzwole|81\/100\n|turn|32\n|c|\u2606cucumber22|gg\n|\n|t:|1666306252\n|move|p2a: Rillaboom|Wood Hammer|p1a: Buzzwole\n|-resisted|p1a: Buzzwole\n|-damage|p1a: Buzzwole|51\/100\n|-damage|p2a: Rillaboom|69\/100|[from] Recoil\n|move|p1a: Buzzwole|Bulk Up|p1a: Buzzwole\n|-boost|p1a: Buzzwole|atk|1\n|-boost|p1a: Buzzwole|def|1\n|\n|-heal|p2a: Rillaboom|76\/100|[from] Grassy Terrain\n|-heal|p1a: Buzzwole|57\/100|[from] Grassy Terrain\n|upkeep\n|turn|33\n|\n|t:|1666306254\n|move|p2a: Rillaboom|Wood Hammer|p1a: Buzzwole\n|-resisted|p1a: Buzzwole\n|-damage|p1a: Buzzwole|36\/100\n|-damage|p2a: Rillaboom|68\/100|[from] Recoil\n|move|p1a: Buzzwole|Roost|p1a: Buzzwole\n|-heal|p1a: Buzzwole|86\/100\n|-singleturn|p1a: Buzzwole|move: Roost\n|\n|-heal|p2a: Rillaboom|74\/100|[from] Grassy Terrain\n|-heal|p1a: Buzzwole|92\/100|[from] Grassy Terrain\n|upkeep\n|turn|34\n|inactive|wax C has 120 seconds left.\n|\n|t:|1666306285\n|move|p2a: Rillaboom|Wood Hammer|p1a: Buzzwole\n|-resisted|p1a: Buzzwole\n|-damage|p1a: Buzzwole|73\/100\n|-damage|p2a: Rillaboom|67\/100|[from] Recoil\n|move|p1a: Buzzwole|Ice Punch|p2a: Rillaboom\n|-supereffective|p2a: Rillaboom\n|-damage|p2a: Rillaboom|0 fnt\n|faint|p2a: Rillaboom\n|\n|win|cucumber22\n|raw|cucumber22's rating: 1837 &rarr; <strong>1854<\/strong><br \/>(+17 for winning)\n|raw|wax C's rating: 1778 &rarr; <strong>1761<\/strong><br \/>(-17 for losing)\n|l|\u2606wax C\n|l|\u2606cucumber22\n||Ladder isn't responding, score probably updated but might not have (Request timeout).\n|l| Bacilisco3\n","uploadtime":1666306521,"views":13,"p1id":"cucumber22","p2id":"waxc","formatid":"gen8ou","rating":1761,"private":0,"password":null}