{"id":"gen8ou-1669897974","p1":"broked on bricks","p2":"ChrisLST","format":"gen8ou","log":"|j|\u2606broked on bricks\n|j|\u2606ChrisLST\n|t:|1664109221\n|gametype|singles\n|player|p1|broked on bricks|will-gen2|1572\n|player|p2|ChrisLST|swimmer-gen4|1562\n|teamsize|p1|6\n|teamsize|p2|6\n|gen|8\n|tier|[Gen 8] OU\n|rated|\n|rule|Sleep Clause Mod: Limit one foe put to sleep\n|rule|Species Clause: Limit one of each Pok\u00e9mon\n|rule|OHKO Clause: OHKO moves are banned\n|rule|Evasion Items Clause: Evasion items are banned\n|rule|Evasion Moves Clause: Evasion moves are banned\n|rule|Endless Battle Clause: Forcing endless battles is banned\n|rule|HP Percentage Mod: HP is shown in percentages\n|rule|Dynamax Clause: You cannot dynamax\n|clearpoke\n|poke|p1|Politoed, M|\n|poke|p1|Tapu Lele|\n|poke|p1|Sharpedo, M|\n|poke|p1|Ferrothorn, F|\n|poke|p1|Tornadus-Therian, M|\n|poke|p1|Garchomp, M|\n|poke|p2|Tornadus-Therian, M|\n|poke|p2|Tapu Koko|\n|poke|p2|Zeraora|\n|poke|p2|Landorus-Therian, M|\n|poke|p2|Ferrothorn, M|\n|poke|p2|Slowbro, M|\n|teampreview\n|\n|t:|1664109242\n|start\n|switch|p1a: Tapu Lele|Tapu Lele|100\/100\n|switch|p2a: Tornadus|Tornadus-Therian, M|100\/100\n|-fieldstart|move: Psychic Terrain|[from] ability: Psychic Surge|[of] p1a: Tapu Lele\n|turn|1\n|\n|t:|1664109259\n|switch|p1a: Ferrothorn|Ferrothorn, F|100\/100\n|move|p2a: Tornadus|U-turn|p1a: Ferrothorn\n|-damage|p1a: Ferrothorn|92\/100\n|-damage|p2a: Tornadus|88\/100|[from] ability: Iron Barbs|[of] p1a: Ferrothorn\n|-enditem|p1a: Ferrothorn|Eject Button\n|inactive|Battle timer is ON: inactive players will automatically lose when time's up. (requested by ChrisLST)\n|\n|t:|1664109278\n|switch|p1a: Tapu Lele|Tapu Lele|100\/100\n|\n|upkeep\n|turn|2\n|\n|t:|1664109290\n|move|p1a: Tapu Lele|Psyshock|p2a: Tornadus\n|-damage|p2a: Tornadus|0 fnt\n|faint|p2a: Tornadus\n|\n|upkeep\n|\n|t:|1664109295\n|switch|p2a: Ferrothorn|Ferrothorn, M|100\/100\n|turn|3\n|\n|t:|1664109303\n|switch|p1a: Tornadus|Tornadus-Therian, M|100\/100\n|move|p2a: Ferrothorn|Stealth Rock|p1a: Tornadus\n|-sidestart|p1: broked on bricks|move: Stealth Rock\n|\n|upkeep\n|turn|4\n|\n|t:|1664109309\n|move|p1a: Tornadus|Taunt|p2a: Ferrothorn\n|-start|p2a: Ferrothorn|move: Taunt\n|cant|p2a: Ferrothorn|move: Taunt|Leech Seed\n|\n|upkeep\n|turn|5\n|\n|t:|1664109313\n|switch|p2a: Tapu Koko|Tapu Koko|100\/100\n|-fieldstart|move: Electric Terrain|[from] ability: Electric Surge|[of] p2a: Tapu Koko\n|move|p1a: Tornadus|Defog|p2a: Tapu Koko\n|-unboost|p2a: Tapu Koko|evasion|1\n|-sideend|p1: broked on bricks|Stealth Rock|[from] move: Defog|[of] p1a: Tornadus\n|-fieldend|move: Electric Terrain\n|\n|upkeep\n|turn|6\n|\n|t:|1664109322\n|switch|p1a: Ferrothorn|Ferrothorn, F|92\/100\n|move|p2a: Tapu Koko|U-turn|p1a: Ferrothorn\n|-damage|p1a: Ferrothorn|81\/100\n|-damage|p2a: Tapu Koko|88\/100|[from] ability: Iron Barbs|[of] p1a: Ferrothorn\n|\n|t:|1664109324\n|switch|p2a: Landorus|Landorus-Therian, M|100\/100|[from]move: U-turn\n|-ability|p2a: Landorus|Intimidate|boost\n|-unboost|p1a: Ferrothorn|atk|1\n|\n|upkeep\n|turn|7\n|\n|t:|1664109334\n|move|p2a: Landorus|Earthquake|p1a: Ferrothorn\n|-damage|p1a: Ferrothorn|52\/100\n|move|p1a: Ferrothorn|Stealth Rock|p2a: Landorus\n|-sidestart|p2: ChrisLST|move: Stealth Rock\n|\n|upkeep\n|turn|8\n|\n|t:|1664109340\n|move|p2a: Landorus|U-turn|p1a: Ferrothorn\n|-damage|p1a: Ferrothorn|37\/100\n|-damage|p2a: Landorus|88\/100|[from] ability: Iron Barbs|[of] p1a: Ferrothorn\n|\n|t:|1664109346\n|switch|p2a: Ferrothorn|Ferrothorn, M|100\/100|[from]move: U-turn\n|-damage|p2a: Ferrothorn|94\/100|[from] Stealth Rock\n|move|p1a: Ferrothorn|Power Whip|p2a: Ferrothorn|[miss]\n|-miss|p1a: Ferrothorn|p2a: Ferrothorn\n|\n|-heal|p2a: Ferrothorn|100\/100|[from] item: Leftovers\n|upkeep\n|turn|9\n|\n|t:|1664109355\n|switch|p1a: Tornadus|Tornadus-Therian, M|100\/100\n|move|p2a: Ferrothorn|Stealth Rock|p1a: Tornadus\n|-sidestart|p1: broked on bricks|move: Stealth Rock\n|\n|upkeep\n|turn|10\n|\n|t:|1664109362\n|switch|p2a: Landorus|Landorus-Therian, M|88\/100\n|-damage|p2a: Landorus|76\/100|[from] Stealth Rock\n|-ability|p2a: Landorus|Intimidate|boost\n|-unboost|p1a: Tornadus|atk|1\n|move|p1a: Tornadus|Knock Off|p2a: Landorus\n|-damage|p2a: Landorus|62\/100\n|-enditem|p2a: Landorus|Leftovers|[from] move: Knock Off|[of] p1a: Tornadus\n|\n|upkeep\n|turn|11\n|\n|t:|1664109369\n|switch|p1a: Ferrothorn|Ferrothorn, F|37\/100\n|-damage|p1a: Ferrothorn|31\/100|[from] Stealth Rock\n|move|p2a: Landorus|Toxic|p1a: Ferrothorn\n|-immune|p1a: Ferrothorn\n|\n|upkeep\n|turn|12\n|\n|t:|1664109381\n|move|p2a: Landorus|Earthquake|p1a: Ferrothorn\n|-damage|p1a: Ferrothorn|0 fnt\n|faint|p1a: Ferrothorn\n|\n|upkeep\n|\n|t:|1664109402\n|switch|p1a: Sharpedo|Sharpedo, M|100\/100\n|-damage|p1a: Sharpedo|88\/100|[from] Stealth Rock\n|turn|13\n|\n|t:|1664109408\n|switch|p2a: Ferrothorn|Ferrothorn, M|100\/100\n|-damage|p2a: Ferrothorn|94\/100|[from] Stealth Rock\n|move|p1a: Sharpedo|Hydro Pump|p2a: Ferrothorn\n|-resisted|p2a: Ferrothorn\n|-damage|p2a: Ferrothorn|66\/100\n|-damage|p1a: Sharpedo|78\/100|[from] item: Life Orb\n|\n|-heal|p2a: Ferrothorn|72\/100|[from] item: Leftovers\n|-ability|p1a: Sharpedo|Speed Boost|boost\n|-boost|p1a: Sharpedo|spe|1\n|upkeep\n|turn|14\n|\n|t:|1664109430\n|switch|p1a: Tornadus|Tornadus-Therian, M|100\/100\n|move|p2a: Ferrothorn|Power Whip|p1a: Tornadus\n|-resisted|p1a: Tornadus\n|-damage|p1a: Tornadus|74\/100\n|\n|-heal|p2a: Ferrothorn|78\/100|[from] item: Leftovers\n|upkeep\n|turn|15\n|\n|t:|1664109439\n|switch|p2a: Landorus|Landorus-Therian, M|62\/100\n|-damage|p2a: Landorus|49\/100|[from] Stealth Rock\n|-ability|p2a: Landorus|Intimidate|boost\n|-unboost|p1a: Tornadus|atk|1\n|move|p1a: Tornadus|Taunt|p2a: Landorus\n|-start|p2a: Landorus|move: Taunt\n|\n|upkeep\n|turn|16\n|\n|t:|1664109446\n|move|p1a: Tornadus|Hurricane|p2a: Landorus\n|-damage|p2a: Landorus|10\/100\n|move|p2a: Landorus|U-turn|p1a: Tornadus\n|-resisted|p1a: Tornadus\n|-damage|p1a: Tornadus|59\/100\n|\n|t:|1664109453\n|switch|p2a: Tapu Koko|Tapu Koko|88\/100|[from]move: U-turn\n|-fieldstart|move: Electric Terrain|[from] ability: Electric Surge|[of] p2a: Tapu Koko\n|\n|upkeep\n|turn|17\n|\n|t:|1664109475\n|switch|p1a: Tapu Lele|Tapu Lele|100\/100\n|-damage|p1a: Tapu Lele|88\/100|[from] Stealth Rock\n|-fieldstart|move: Psychic Terrain|[from] ability: Psychic Surge|[of] p1a: Tapu Lele\n|move|p2a: Tapu Koko|Dazzling Gleam|p1a: Tapu Lele\n|-damage|p1a: Tapu Lele|54\/100\n|\n|upkeep\n|turn|18\n|\n|t:|1664109488\n|switch|p2a: Slowbro|Slowbro, M|100\/100\n|move|p1a: Tapu Lele|Focus Blast|p2a: Slowbro\n|-resisted|p2a: Slowbro\n|-damage|p2a: Slowbro|78\/100\n|\n|upkeep\n|turn|19\n|\n|t:|1664109496\n|switch|p1a: Tornadus|Tornadus-Therian, M|92\/100\n|move|p2a: Slowbro|Teleport|p2a: Slowbro\n|\n|t:|1664109500\n|switch|p2a: Tapu Koko|Tapu Koko|88\/100|[from]move: Teleport\n|-fieldstart|move: Electric Terrain|[from] ability: Electric Surge|[of] p2a: Tapu Koko\n|\n|upkeep\n|turn|20\n|\n|t:|1664109505\n|switch|p1a: Garchomp|Garchomp, M|100\/100\n|-damage|p1a: Garchomp|94\/100|[from] Stealth Rock\n|move|p2a: Tapu Koko|Thunderbolt|p1a: Garchomp\n|-immune|p1a: Garchomp\n|\n|upkeep\n|turn|21\n|inactive|ChrisLST has 120 seconds left.\n|inactive|ChrisLST has 90 seconds left.\n|\n|t:|1664109566\n|switch|p1a: Tornadus|Tornadus-Therian, M|100\/100\n|switch|p2a: Slowbro|Slowbro, M|100\/100\n|\n|upkeep\n|turn|22\n|\n|t:|1664109575\n|move|p1a: Tornadus|Knock Off|p2a: Slowbro\n|-supereffective|p2a: Slowbro\n|-damage|p2a: Slowbro|75\/100\n|-enditem|p2a: Slowbro|Heavy-Duty Boots|[from] move: Knock Off|[of] p1a: Tornadus\n|move|p2a: Slowbro|Future Sight|p1a: Tornadus\n|-start|p2a: Slowbro|move: Future Sight\n|\n|upkeep\n|turn|23\n|\n|t:|1664109588\n|move|p1a: Tornadus|Taunt|p2a: Slowbro\n|-start|p2a: Slowbro|move: Taunt\n|cant|p2a: Slowbro|move: Taunt|Teleport\n|\n|-fieldend|move: Electric Terrain\n|upkeep\n|turn|24\n|\n|t:|1664109593\n|move|p1a: Tornadus|Hurricane|p2a: Slowbro\n|-damage|p2a: Slowbro|19\/100\n|move|p2a: Slowbro|Scald|p1a: Tornadus\n|-damage|p1a: Tornadus|69\/100\n|\n|-end|p1a: Tornadus|move: Future Sight\n|-damage|p1a: Tornadus|16\/100\n|upkeep\n|turn|25\n|\n|t:|1664109607\n|switch|p1a: Politoed|Politoed, M|100\/100\n|-damage|p1a: Politoed|88\/100|[from] Stealth Rock\n|-weather|RainDance|[from] ability: Drizzle|[of] p1a: Politoed\n|switch|p2a: Landorus|Landorus-Therian, M|10\/100\n|-damage|p2a: Landorus|0 fnt|[from] Stealth Rock\n|faint|p2a: Landorus\n|\n|-weather|RainDance|[upkeep]\n|upkeep\n|inactive|ChrisLST has 120 seconds left.\n|\n|t:|1664109619\n|switch|p2a: Zeraora|Zeraora|100\/100\n|-damage|p2a: Zeraora|88\/100|[from] Stealth Rock\n|turn|26\n|j| smile.dkc\n|\n|t:|1664109635\n|move|p2a: Zeraora|Play Rough|p1a: Politoed\n|-damage|p1a: Politoed|35\/100\n|move|p1a: Politoed|Scald|p2a: Zeraora\n|-damage|p2a: Zeraora|0 fnt\n|faint|p2a: Zeraora\n|\n|-weather|RainDance|[upkeep]\n|upkeep\n|\n|t:|1664109642\n|switch|p2a: Tapu Koko|Tapu Koko|88\/100\n|-fieldstart|move: Electric Terrain|[from] ability: Electric Surge|[of] p2a: Tapu Koko\n|turn|27\n|\n|t:|1664109667\n|move|p2a: Tapu Koko|Dazzling Gleam|p1a: Politoed\n|-damage|p1a: Politoed|0 fnt\n|faint|p1a: Politoed\n|\n|-weather|RainDance|[upkeep]\n|upkeep\n|\n|t:|1664109681\n|switch|p1a: Garchomp|Garchomp, M|94\/100\n|-damage|p1a: Garchomp|88\/100|[from] Stealth Rock\n|turn|28\n|\n|t:|1664109686\n|move|p1a: Garchomp|Earthquake|p2a: Tapu Koko\n|-supereffective|p2a: Tapu Koko\n|-damage|p2a: Tapu Koko|0 fnt\n|faint|p2a: Tapu Koko\n|\n|-weather|RainDance|[upkeep]\n|upkeep\n|-message|ChrisLST forfeited.\n|\n|win|broked on bricks\n|raw|broked on bricks's rating: 1572 &rarr; <strong>1591<\/strong><br \/>(+19 for winning)\n|raw|ChrisLST's rating: 1562 &rarr; <strong>1543<\/strong><br \/>(-19 for losing)\n|l|\u2606ChrisLST\n||Ladder isn't responding, score probably updated but might not have (Request timeout).\n","uploadtime":1664109695,"views":12,"p1id":"brokedonbricks","p2id":"chrislst","formatid":"gen8ou","rating":1543,"private":0,"password":null}