{"id":"gen8randombattle-1516507756","p1":"Allelaja","p2":"HOOPLABOOPLA","format":"gen8randombattle","log":"|j|\u2606Allelaja\n|j|\u2606HOOPLABOOPLA\n|t:|1645550239\n|gametype|singles\n|player|p1|Allelaja|101|2125\n|player|p2|HOOPLABOOPLA|265|2316\n|teamsize|p1|6\n|teamsize|p2|6\n|gen|8\n|tier|[Gen 8] Random Battle\n|rated|\n|rule|Species Clause: Limit one of each Pok\u00e9mon\n|rule|HP Percentage Mod: HP is shown in percentages\n|rule|Sleep Clause Mod: Limit one foe put to sleep\n|\n|t:|1645550239\n|start\n|switch|p1a: Raichu|Raichu, L86, F|243\/243\n|switch|p2a: Alcremie|Alcremie, L86, F|252\/252\n|turn|1\n|inactive|Battle timer is ON: inactive players will automatically lose when time's up. (requested by Allelaja)\n|\n|t:|1645550247\n|switch|p1a: Excadrill|Excadrill, L78, F|300\/300\n|move|p2a: Alcremie|Calm Mind|p2a: Alcremie\n|-boost|p2a: Alcremie|spa|1\n|-boost|p2a: Alcremie|spd|1\n|\n|upkeep\n|turn|2\n|\n|t:|1645550256\n|switch|p2a: Kyurem|Kyurem, L80|331\/331\n|-ability|p2a: Kyurem|Pressure\n|move|p1a: Excadrill|Iron Head|p2a: Kyurem\n|-supereffective|p2a: Kyurem\n|-damage|p2a: Kyurem|71\/331\n|-damage|p1a: Excadrill|270\/300|[from] item: Life Orb\n|\n|upkeep\n|turn|3\n|\n|t:|1645550265\n|move|p2a: Kyurem|Earth Power|p1a: Excadrill\n|-supereffective|p1a: Excadrill\n|-damage|p1a: Excadrill|58\/300\n|-unboost|p1a: Excadrill|spd|1\n|move|p1a: Excadrill|Swords Dance|p1a: Excadrill\n|-boost|p1a: Excadrill|atk|2\n|\n|upkeep\n|turn|4\n|\n|t:|1645550274\n|move|p2a: Kyurem|Freeze-Dry|p1a: Excadrill\n|-damage|p1a: Excadrill|0 fnt\n|faint|p1a: Excadrill\n|\n|upkeep\n|\n|t:|1645550283\n|switch|p1a: Alcremie|Alcremie, L86, F|252\/252\n|turn|5\n|\n|t:|1645550289\n|move|p2a: Kyurem|Roost|p2a: Kyurem\n|-heal|p2a: Kyurem|237\/331\n|-singleturn|p2a: Kyurem|move: Roost\n|move|p1a: Alcremie|Calm Mind|p1a: Alcremie\n|-boost|p1a: Alcremie|spa|1\n|-boost|p1a: Alcremie|spd|1\n|\n|upkeep\n|turn|6\n|\n|t:|1645550292\n|switch|p2a: Bronzong|Bronzong, L82|244\/244\n|move|p1a: Alcremie|Calm Mind|p1a: Alcremie\n|-boost|p1a: Alcremie|spa|1\n|-boost|p1a: Alcremie|spd|1\n|\n|upkeep\n|turn|7\n|\n|t:|1645550295\n|-start|p1a: Alcremie|Dynamax\n|-formechange|p1a: Alcremie|Alcremie-Gmax\n|-heal|p1a: Alcremie|504\/504|[silent]\n|move|p1a: Alcremie|Max Flare|p2a: Bronzong\n|-supereffective|p2a: Bronzong\n|-damage|p2a: Bronzong|0 fnt\n|-weather|SunnyDay\n|faint|p2a: Bronzong\n|\n|-weather|SunnyDay|[upkeep]\n|upkeep\n|\n|t:|1645550306\n|switch|p2a: Volcarona|Volcarona, L76, M|254\/254\n|turn|8\n|\n|t:|1645550311\n|move|p2a: Volcarona|Quiver Dance|p2a: Volcarona\n|-boost|p2a: Volcarona|spa|1\n|-boost|p2a: Volcarona|spd|1\n|-boost|p2a: Volcarona|spe|1\n|move|p1a: Alcremie|Max Flare|p2a: Volcarona\n|-damage|p2a: Volcarona|37\/254\n|\n|-weather|SunnyDay|[upkeep]\n|upkeep\n|turn|9\n|\n|t:|1645550320\n|-start|p2a: Volcarona|Dynamax\n|-heal|p2a: Volcarona|74\/508|[silent]\n|move|p2a: Volcarona|Max Guard|p2a: Volcarona\n|-singleturn|p2a: Volcarona|Max Guard\n|move|p1a: Alcremie|Max Flare|p2a: Volcarona\n|-activate|p2a: Volcarona|move: Max Guard\n|\n|-weather|SunnyDay|[upkeep]\n|-end|p1a: Alcremie|Dynamax\n|-formechange|p1a: Alcremie|Alcremie\n|-heal|p1a: Alcremie|252\/252|[silent]\n|upkeep\n|turn|10\n|\n|t:|1645550325\n|move|p2a: Volcarona|Max Flare|p1a: Alcremie\n|-damage|p1a: Alcremie|113\/252\n|move|p1a: Alcremie|Mystical Fire|p2a: Volcarona\n|-damage|p2a: Volcarona|0 fnt\n|faint|p2a: Volcarona\n|\n|-weather|SunnyDay|[upkeep]\n|-heal|p1a: Alcremie|128\/252|[from] item: Leftovers\n|upkeep\n|\n|t:|1645550334\n|switch|p2a: Omastar|Omastar, L82, F|249\/249\n|turn|11\n|\n|t:|1645550340\n|move|p1a: Alcremie|Dazzling Gleam|p2a: Omastar\n|-damage|p2a: Omastar|9\/249\n|move|p2a: Omastar|Shell Smash|p2a: Omastar\n|-unboost|p2a: Omastar|def|1\n|-unboost|p2a: Omastar|spd|1\n|-boost|p2a: Omastar|atk|2\n|-boost|p2a: Omastar|spa|2\n|-boost|p2a: Omastar|spe|2\n|-enditem|p2a: Omastar|White Herb\n|-clearnegativeboost|p2a: Omastar|[silent]\n|\n|-weather|none\n|-heal|p1a: Alcremie|143\/252|[from] item: Leftovers\n|upkeep\n|turn|12\n|\n|t:|1645550345\n|move|p2a: Omastar|Hydro Pump|p1a: Alcremie\n|-damage|p1a: Alcremie|46\/252\n|move|p1a: Alcremie|Recover|p1a: Alcremie\n|-heal|p1a: Alcremie|172\/252\n|\n|-heal|p1a: Alcremie|187\/252|[from] item: Leftovers\n|upkeep\n|turn|13\n|\n|t:|1645550349\n|move|p2a: Omastar|Hydro Pump|p1a: Alcremie\n|-crit|p1a: Alcremie\n|-damage|p1a: Alcremie|0 fnt\n|faint|p1a: Alcremie\n|\n|upkeep\n|c|\u2606Allelaja|That hurts lol\n|\n|t:|1645550371\n|switch|p1a: Pangoro|Pangoro, L84, F|297\/297\n|turn|14\n|\n|t:|1645550376\n|move|p2a: Omastar|Hydro Pump|p1a: Pangoro\n|-damage|p1a: Pangoro|0 fnt\n|faint|p1a: Pangoro\n|\n|upkeep\n|\n|t:|1645550379\n|switch|p1a: Glalie|Glalie, L80, F|259\/259\n|turn|15\n|\n|t:|1645550383\n|move|p2a: Omastar|Hydro Pump|p1a: Glalie|[miss]\n|-miss|p2a: Omastar|p1a: Glalie\n|move|p1a: Glalie|Freeze-Dry|p2a: Omastar\n|-supereffective|p2a: Omastar\n|-damage|p2a: Omastar|0 fnt\n|faint|p2a: Omastar\n|\n|-ability|p1a: Glalie|Moody|boost\n|-boost|p1a: Glalie|atk|2\n|-unboost|p1a: Glalie|spe|1\n|upkeep\n|\n|t:|1645550399\n|switch|p2a: Pincurchin|Pincurchin, L88, M|228\/228\n|-fieldstart|move: Electric Terrain|[from] ability: Electric Surge|[of] p2a: Pincurchin\n|turn|16\n|\n|t:|1645550405\n|move|p1a: Glalie|Protect|p1a: Glalie\n|-singleturn|p1a: Glalie|Protect\n|move|p2a: Pincurchin|Rising Voltage|p1a: Glalie\n|-activate|p1a: Glalie|move: Protect\n|\n|-ability|p1a: Glalie|Moody|boost\n|-boost|p1a: Glalie|atk|2\n|-unboost|p1a: Glalie|spa|1\n|upkeep\n|turn|17\n|\n|t:|1645550409\n|move|p1a: Glalie|Disable|p2a: Pincurchin\n|-start|p2a: Pincurchin|Disable|Rising Voltage\n|cant|p2a: Pincurchin|Disable|Rising Voltage\n|\n|-ability|p1a: Glalie|Moody|boost\n|-boost|p1a: Glalie|atk|2\n|-unboost|p1a: Glalie|spa|1\n|upkeep\n|turn|18\n|\n|t:|1645550421\n|switch|p2a: Alcremie|Alcremie, L86, F|252\/252\n|move|p1a: Glalie|Substitute|p1a: Glalie\n|-start|p1a: Glalie|Substitute\n|-damage|p1a: Glalie|195\/259\n|\n|-heal|p1a: Glalie|211\/259|[from] item: Leftovers\n|-ability|p1a: Glalie|Moody|boost\n|-boost|p1a: Glalie|def|2\n|-unboost|p1a: Glalie|spa|1\n|upkeep\n|turn|19\n|\n|t:|1645550424\n|switch|p1a: Porygon2|Porygon2, L82|274\/274\n|-ability|p1a: Porygon2|Aroma Veil|[from] ability: Trace|[of] p2a: Alcremie\n|move|p2a: Alcremie|Calm Mind|p2a: Alcremie\n|-boost|p2a: Alcremie|spa|1\n|-boost|p2a: Alcremie|spd|1\n|\n|upkeep\n|turn|20\n|\n|t:|1645550438\n|move|p2a: Alcremie|Dazzling Gleam|p1a: Porygon2\n|-damage|p1a: Porygon2|178\/274\n|move|p1a: Porygon2|Toxic|p2a: Alcremie\n|-status|p2a: Alcremie|tox\n|\n|-damage|p2a: Alcremie|237\/252 tox|[from] psn\n|-fieldend|move: Electric Terrain\n|upkeep\n|turn|21\n|\n|t:|1645550444\n|switch|p2a: Pincurchin|Pincurchin, L88, M|228\/228\n|-fieldstart|move: Electric Terrain|[from] ability: Electric Surge|[of] p2a: Pincurchin\n|move|p1a: Porygon2|Tri Attack|p2a: Pincurchin\n|-damage|p2a: Pincurchin|141\/228\n|\n|upkeep\n|turn|22\n|\n|t:|1645550448\n|move|p1a: Porygon2|Recover|p1a: Porygon2\n|-heal|p1a: Porygon2|274\/274\n|move|p2a: Pincurchin|Rising Voltage|p1a: Porygon2\n|-damage|p1a: Porygon2|151\/274\n|\n|upkeep\n|turn|23\n|\n|t:|1645550454\n|move|p1a: Porygon2|Recover|p1a: Porygon2\n|-heal|p1a: Porygon2|274\/274\n|move|p2a: Pincurchin|Rising Voltage|p1a: Porygon2\n|-damage|p1a: Porygon2|141\/274\n|\n|upkeep\n|turn|24\n|\n|t:|1645550461\n|move|p1a: Porygon2|Recover|p1a: Porygon2\n|-heal|p1a: Porygon2|274\/274\n|move|p2a: Pincurchin|Scald|p1a: Porygon2\n|-damage|p1a: Porygon2|235\/274\n|-status|p1a: Porygon2|brn\n|\n|-damage|p1a: Porygon2|218\/274 brn|[from] brn\n|upkeep\n|turn|25\n|\n|t:|1645550466\n|move|p1a: Porygon2|Toxic|p2a: Pincurchin|[miss]\n|-miss|p1a: Porygon2|p2a: Pincurchin\n|move|p2a: Pincurchin|Spikes|p1a: Porygon2\n|-sidestart|p1: Allelaja|Spikes\n|\n|-damage|p1a: Porygon2|201\/274 brn|[from] brn\n|-fieldend|move: Electric Terrain\n|upkeep\n|turn|26\n|\n|t:|1645550473\n|switch|p1a: Raichu|Raichu, L86, F|243\/243\n|-damage|p1a: Raichu|213\/243|[from] Spikes\n|switch|p2a: Alcremie|Alcremie, L86, F|237\/252 tox\n|\n|-heal|p2a: Alcremie|252\/252 tox|[from] item: Leftovers\n|-damage|p2a: Alcremie|237\/252 tox|[from] psn\n|upkeep\n|turn|27\n|\n|t:|1645550479\n|move|p1a: Raichu|Nasty Plot|p1a: Raichu\n|-boost|p1a: Raichu|spa|2\n|move|p2a: Alcremie|Calm Mind|p2a: Alcremie\n|-boost|p2a: Alcremie|spa|1\n|-boost|p2a: Alcremie|spd|1\n|\n|-heal|p2a: Alcremie|252\/252 tox|[from] item: Leftovers\n|-damage|p2a: Alcremie|222\/252 tox|[from] psn\n|upkeep\n|turn|28\n|\n|t:|1645550484\n|move|p1a: Raichu|Thunderbolt|p2a: Alcremie\n|-damage|p2a: Alcremie|117\/252 tox\n|move|p2a: Alcremie|Dazzling Gleam|p1a: Raichu\n|-damage|p1a: Raichu|53\/243\n|\n|-heal|p2a: Alcremie|132\/252 tox|[from] item: Leftovers\n|-damage|p2a: Alcremie|87\/252 tox|[from] psn\n|upkeep\n|turn|29\n|\n|t:|1645550490\n|move|p1a: Raichu|Thunderbolt|p2a: Alcremie\n|-damage|p2a: Alcremie|0 fnt\n|faint|p2a: Alcremie\n|\n|upkeep\n|\n|t:|1645550493\n|switch|p2a: Pincurchin|Pincurchin, L88, M|141\/228\n|-fieldstart|move: Electric Terrain|[from] ability: Electric Surge|[of] p2a: Pincurchin\n|turn|30\n|\n|t:|1645550495\n|switch|p1a: Porygon2|Porygon2, L82|201\/274 brn\n|-damage|p1a: Porygon2|167\/274 brn|[from] Spikes\n|-ability|p1a: Porygon2|Electric Surge|[from] ability: Trace|[of] p2a: Pincurchin\n|move|p2a: Pincurchin|Scald|p1a: Porygon2\n|-crit|p1a: Porygon2\n|-damage|p1a: Porygon2|107\/274 brn\n|\n|-damage|p1a: Porygon2|90\/274 brn|[from] brn\n|upkeep\n|turn|31\n|\n|t:|1645550503\n|move|p1a: Porygon2|Recover|p1a: Porygon2\n|-heal|p1a: Porygon2|227\/274 brn\n|move|p2a: Pincurchin|Rising Voltage|p1a: Porygon2\n|-damage|p1a: Porygon2|100\/274 brn\n|\n|-damage|p1a: Porygon2|83\/274 brn|[from] brn\n|upkeep\n|turn|32\n|\n|t:|1645550508\n|move|p1a: Porygon2|Recover|p1a: Porygon2\n|-heal|p1a: Porygon2|220\/274 brn\n|move|p2a: Pincurchin|Rising Voltage|p1a: Porygon2\n|-damage|p1a: Porygon2|94\/274 brn\n|\n|-damage|p1a: Porygon2|77\/274 brn|[from] brn\n|upkeep\n|turn|33\n|\n|t:|1645550514\n|move|p1a: Porygon2|Tri Attack|p2a: Pincurchin\n|-damage|p2a: Pincurchin|62\/228\n|move|p2a: Pincurchin|Rising Voltage|p1a: Porygon2\n|-damage|p1a: Porygon2|0 fnt\n|faint|p1a: Porygon2\n|\n|upkeep\n|\n|t:|1645550517\n|switch|p1a: Glalie|Glalie, L80, F|211\/259\n|-damage|p1a: Glalie|179\/259|[from] Spikes\n|turn|34\n|\n|t:|1645550524\n|switch|p2a: Kyurem|Kyurem, L80|237\/331\n|-ability|p2a: Kyurem|Pressure\n|move|p1a: Glalie|Freeze-Dry|p2a: Kyurem\n|-damage|p2a: Kyurem|174\/331\n|\n|-heal|p1a: Glalie|195\/259|[from] item: Leftovers\n|-fieldend|move: Electric Terrain\n|-ability|p1a: Glalie|Moody|boost\n|-boost|p1a: Glalie|spe|2\n|-unboost|p1a: Glalie|spd|1\n|upkeep\n|turn|35\n|\n|t:|1645550530\n|move|p1a: Glalie|Freeze-Dry|p2a: Kyurem\n|-damage|p2a: Kyurem|113\/331\n|move|p2a: Kyurem|Substitute|p2a: Kyurem\n|-start|p2a: Kyurem|Substitute\n|-damage|p2a: Kyurem|31\/331\n|\n|-heal|p1a: Glalie|211\/259|[from] item: Leftovers\n|-ability|p1a: Glalie|Moody|boost\n|-boost|p1a: Glalie|spa|2\n|-unboost|p1a: Glalie|def|1\n|upkeep\n|turn|36\n|\n|t:|1645550538\n|move|p1a: Glalie|Freeze-Dry|p2a: Kyurem\n|-end|p2a: Kyurem|Substitute\n|move|p2a: Kyurem|Earth Power|p1a: Glalie\n|-damage|p1a: Glalie|86\/259\n|-unboost|p1a: Glalie|spd|1\n|\n|-heal|p1a: Glalie|102\/259|[from] item: Leftovers\n|-ability|p1a: Glalie|Moody|boost\n|-boost|p1a: Glalie|def|2\n|-unboost|p1a: Glalie|spd|1\n|upkeep\n|turn|37\n|\n|t:|1645550545\n|move|p1a: Glalie|Freeze-Dry|p2a: Kyurem\n|-damage|p2a: Kyurem|0 fnt\n|faint|p2a: Kyurem\n|\n|-heal|p1a: Glalie|118\/259|[from] item: Leftovers\n|-ability|p1a: Glalie|Moody|boost\n|-boost|p1a: Glalie|def|2\n|-unboost|p1a: Glalie|spd|1\n|upkeep\n|\n|t:|1645550547\n|switch|p2a: Pincurchin|Pincurchin, L88, M|62\/228\n|-fieldstart|move: Electric Terrain|[from] ability: Electric Surge|[of] p2a: Pincurchin\n|turn|38\n|\n|t:|1645550549\n|move|p1a: Glalie|Protect|p1a: Glalie\n|-singleturn|p1a: Glalie|Protect\n|move|p2a: Pincurchin|Scald|p1a: Glalie\n|-activate|p1a: Glalie|move: Protect\n|\n|-heal|p1a: Glalie|134\/259|[from] item: Leftovers\n|-ability|p1a: Glalie|Moody|boost\n|-boost|p1a: Glalie|atk|2\n|-unboost|p1a: Glalie|def|1\n|upkeep\n|turn|39\n|\n|t:|1645550554\n|move|p1a: Glalie|Freeze-Dry|p2a: Pincurchin\n|-damage|p2a: Pincurchin|0 fnt\n|faint|p2a: Pincurchin\n|\n|win|Allelaja\n|raw|Allelaja's rating: 2125 &rarr; <strong>2155<\/strong><br \/>(+30 for winning)\n|raw|HOOPLABOOPLA's rating: 2316 &rarr; <strong>2286<\/strong><br \/>(-30 for losing)\n|l|\u2606HOOPLABOOPLA\n","inputlog":">version 4d5d817b4a35226fce30f74a4bf446212f4a1625\n>start {\"formatid\":\"gen8randombattle\",\"seed\":[45039,54935,14739,58061],\"rated\":\"Rated battle\"}\n>player p1 {\"name\":\"Allelaja\",\"avatar\":\"101\",\"rating\":2125,\"seed\":[1945,22713,12095,65524]}\n>player p2 {\"name\":\"HOOPLABOOPLA\",\"avatar\":\"265\",\"rating\":2316,\"seed\":[12308,56080,1112,34672]}\n>p1 switch 3\n>p2 move calmmind\n>p1 move ironhead\n>p2 switch 2\n>p1 move swordsdance\n>p2 move earthpower\n>p1 move ironhead\n>p2 move freezedry\n>p1 switch 4\n>p1 move calmmind\n>p2 move roost\n>p1 move calmmind\n>p2 switch 6\n>p1 move mysticalfire dynamax\n>p2 move toxic\n>p2 switch 4\n>p1 move mysticalfire dynamax\n>p2 move quiverdance\n>p1 move mysticalfire dynamax\n>p2 move quiverdance dynamax\n>p1 move mysticalfire\n>p2 move fireblast dynamax\n>p2 switch 5\n>p1 move dazzlinggleam\n>p2 move shellsmash\n>p1 move recover\n>p2 move hydropump\n>p1 move dazzlinggleam\n>p2 move hydropump\n>chat \u2606Allelaja|That hurts lol\n>p1 switch 2\n>p1 move knockoff\n>p2 move hydropump\n>p1 switch 6\n>p1 move freezedry\n>p2 move hydropump\n>p2 switch 3\n>p1 move protect\n>p2 move risingvoltage\n>p1 move disable\n>p2 move risingvoltage\n>p1 move substitute\n>p2 switch 2\n>p1 switch 5\n>p2 move calmmind\n>p1 move toxic\n>p2 move dazzlinggleam\n>p1 move triattack\n>p2 switch 2\n>p1 move recover\n>p2 move risingvoltage\n>p1 move recover\n>p2 move risingvoltage\n>p1 move recover\n>p2 move scald\n>p1 move toxic\n>p2 move spikes\n>p1 switch 3\n>p2 switch 2\n>p1 move nastyplot\n>p2 move calmmind\n>p1 move thunderbolt\n>p2 move dazzlinggleam\n>p1 move thunderbolt\n>p2 move dazzlinggleam\n>p2 switch 2\n>p1 switch 3\n>p2 move scald\n>p1 move recover\n>p2 move risingvoltage\n>p1 move recover\n>p2 move risingvoltage\n>p1 move triattack\n>p2 move risingvoltage\n>p1 switch 5\n>p1 move freezedry\n>p2 switch 6\n>p1 move freezedry\n>p2 move substitute\n>p1 move freezedry\n>p2 move earthpower\n>p1 move freezedry\n>p2 move earthpower\n>p2 switch 6\n>p1 move protect\n>p2 move scald\n>p1 move freezedry\n>p2 move risingvoltage","uploadtime":1645550560,"views":6,"p1id":"allelaja","p2id":"hooplaboopla","formatid":"gen8randombattle","rating":2155,"private":0,"password":null}