{"id":"gen8ou-1503437805","p1":"greystaple","p2":"NeoNaruto\u00ae++","format":"gen8ou","log":"|j|\u2606greystaple\n|j|\u2606NeoNaruto\u00ae++\n|t:|1643863386\n|gametype|singles\n|player|p1|greystaple|1|1594\n|player|p2|NeoNaruto\u00ae++|medium|1591\n|teamsize|p1|6\n|teamsize|p2|6\n|gen|8\n|tier|[Gen 8] OU\n|rated|\n|rule|Sleep Clause Mod: Limit one foe put to sleep\n|rule|Species Clause: Limit one of each Pok\u00e9mon\n|rule|OHKO Clause: OHKO moves are banned\n|rule|Evasion Moves Clause: Evasion moves are banned\n|rule|Endless Battle Clause: Forcing endless battles is banned\n|rule|HP Percentage Mod: HP is shown in percentages\n|rule|Dynamax Clause: You cannot dynamax\n|clearpoke\n|poke|p1|Nihilego|\n|poke|p1|Zapdos-Galar|\n|poke|p1|Kartana|\n|poke|p1|Celesteela|\n|poke|p1|Garchomp, M|\n|poke|p1|Tapu Fini|\n|poke|p2|Incineroar, F|\n|poke|p2|Landorus-Therian, M|\n|poke|p2|Slowbro, F|\n|poke|p2|Tyranitar, F|\n|poke|p2|Volcanion|\n|poke|p2|Melmetal|\n|teampreview\n|inactive|Battle timer is ON: inactive players will automatically lose when time's up. (requested by NeoNaruto\u00ae++)\n|\n|t:|1643863398\n|start\n|switch|p1a: Garchomp|Garchomp, M|100\/100\n|switch|p2a: spvceghvstpvrrp|Slowbro, F, shiny|100\/100\n|turn|1\n|\n|t:|1643863402\n|switch|p1a: Tapu Fini|Tapu Fini|100\/100\n|-fieldstart|move: Misty Terrain|[from] ability: Misty Surge|[of] p1a: Tapu Fini\n|switch|p2a: WHATISENTEN|Landorus-Therian, M|100\/100\n|-ability|p2a: WHATISENTEN|Intimidate|boost\n|-unboost|p1a: Tapu Fini|atk|1\n|\n|upkeep\n|turn|2\n|\n|t:|1643863413\n|switch|p1a: Zapdos|Zapdos-Galar|100\/100\n|switch|p2a: spvceghvstpvrrp|Slowbro, F, shiny|100\/100\n|\n|upkeep\n|turn|3\n|\n|t:|1643863419\n|move|p1a: Zapdos|U-turn|p2a: spvceghvstpvrrp\n|-supereffective|p2a: spvceghvstpvrrp\n|-damage|p2a: spvceghvstpvrrp|60\/100\n|-damage|p1a: Zapdos|84\/100|[from] item: Rocky Helmet|[of] p2a: spvceghvstpvrrp\n|\n|t:|1643863424\n|switch|p1a: Tapu Fini|Tapu Fini|100\/100|[from]move: U-turn\n|move|p2a: spvceghvstpvrrp|Future Sight|p1a: Tapu Fini\n|-start|p2a: spvceghvstpvrrp|move: Future Sight\n|\n|upkeep\n|turn|4\n|\n|t:|1643863436\n|switch|p1a: Garchomp|Garchomp, M|100\/100\n|move|p2a: spvceghvstpvrrp|Teleport|p2a: spvceghvstpvrrp\n|\n|t:|1643863439\n|switch|p2a: WHATISENTEN|Landorus-Therian, M|100\/100|[from]move: Teleport\n|-ability|p2a: WHATISENTEN|Intimidate|boost\n|-unboost|p1a: Garchomp|atk|1\n|\n|upkeep\n|turn|5\n|\n|t:|1643863444\n|switch|p1a: Celesteela|Celesteela|100\/100\n|move|p2a: WHATISENTEN|Knock Off|p1a: Celesteela\n|-damage|p1a: Celesteela|71\/100\n|-enditem|p1a: Celesteela|Power Herb|[from] move: Knock Off|[of] p2a: WHATISENTEN\n|\n|-end|p1a: Celesteela|move: Future Sight\n|-resisted|p1a: Celesteela\n|-damage|p1a: Celesteela|49\/100\n|-fieldend|Misty Terrain\n|upkeep\n|turn|6\n|\n|t:|1643863448\n|move|p1a: Celesteela|Meteor Beam||[still]\n|-prepare|p1a: Celesteela|Meteor Beam\n|-boost|p1a: Celesteela|spa|1\n|move|p2a: WHATISENTEN|Stealth Rock|p1a: Celesteela\n|-sidestart|p1: greystaple|move: Stealth Rock\n|\n|upkeep\n|turn|7\n|\n|t:|1643863454\n|switch|p2a: DA LAST REX(3005)|Tyranitar, F|100\/100\n|-weather|Sandstorm|[from] ability: Sand Stream|[of] p2a: DA LAST REX(3005)\n|move|p1a: Celesteela|Meteor Beam|p2a: DA LAST REX(3005)|[from]lockedmove\n|-damage|p2a: DA LAST REX(3005)|83\/100\n|\n|-weather|Sandstorm|[upkeep]\n|upkeep\n|turn|8\n|\n|t:|1643863463\n|switch|p1a: Garchomp|Garchomp, M|100\/100\n|-damage|p1a: Garchomp|94\/100|[from] Stealth Rock\n|move|p2a: DA LAST REX(3005)|Fire Blast|p1a: Garchomp|[miss]\n|-miss|p2a: DA LAST REX(3005)|p1a: Garchomp\n|\n|-weather|Sandstorm|[upkeep]\n|upkeep\n|turn|9\n|\n|t:|1643863469\n|switch|p2a: WHATISENTEN|Landorus-Therian, M|100\/100\n|-ability|p2a: WHATISENTEN|Intimidate|boost\n|-unboost|p1a: Garchomp|atk|1\n|move|p1a: Garchomp|Earthquake|p2a: WHATISENTEN\n|-immune|p2a: WHATISENTEN\n|\n|-weather|Sandstorm|[upkeep]\n|upkeep\n|turn|10\n|\n|t:|1643863476\n|move|p1a: Garchomp|Stealth Rock|p2a: WHATISENTEN\n|-sidestart|p2: NeoNaruto\u00ae++|move: Stealth Rock\n|move|p2a: WHATISENTEN|Knock Off|p1a: Garchomp\n|-damage|p1a: Garchomp|68\/100\n|-damage|p2a: WHATISENTEN|88\/100|[from] ability: Rough Skin|[of] p1a: Garchomp\n|-damage|p2a: WHATISENTEN|72\/100|[from] item: Rocky Helmet|[of] p1a: Garchomp\n|-enditem|p1a: Garchomp|Rocky Helmet|[from] move: Knock Off|[of] p2a: WHATISENTEN\n|\n|-weather|Sandstorm|[upkeep]\n|upkeep\n|turn|11\n|\n|t:|1643863479\n|move|p1a: Garchomp|Toxic|p2a: WHATISENTEN|[miss]\n|-miss|p1a: Garchomp|p2a: WHATISENTEN\n|move|p2a: WHATISENTEN|Toxic|p1a: Garchomp\n|-status|p1a: Garchomp|tox\n|\n|-weather|none\n|-damage|p1a: Garchomp|62\/100 tox|[from] psn\n|upkeep\n|turn|12\n|\n|t:|1643863483\n|switch|p1a: Celesteela|Celesteela|49\/100\n|-damage|p1a: Celesteela|37\/100|[from] Stealth Rock\n|switch|p2a: spvceghvstpvrrp|Slowbro, F, shiny|93\/100\n|-damage|p2a: spvceghvstpvrrp|81\/100|[from] Stealth Rock\n|\n|upkeep\n|turn|13\n|\n|t:|1643863487\n|move|p1a: Celesteela|Air Slash|p2a: spvceghvstpvrrp\n|-damage|p2a: spvceghvstpvrrp|40\/100\n|move|p2a: spvceghvstpvrrp|Teleport|p2a: spvceghvstpvrrp\n|\n|t:|1643863491\n|switch|p2a: DA LAST REX(3005)|Tyranitar, F|83\/100|[from]move: Teleport\n|-damage|p2a: DA LAST REX(3005)|70\/100|[from] Stealth Rock\n|-weather|Sandstorm|[from] ability: Sand Stream|[of] p2a: DA LAST REX(3005)\n|\n|-weather|Sandstorm|[upkeep]\n|upkeep\n|turn|14\n|\n|t:|1643863497\n|move|p1a: Celesteela|Air Slash|p2a: DA LAST REX(3005)\n|-resisted|p2a: DA LAST REX(3005)\n|-damage|p2a: DA LAST REX(3005)|65\/100\n|move|p2a: DA LAST REX(3005)|Stone Edge|p1a: Celesteela\n|-damage|p1a: Celesteela|0 fnt\n|faint|p1a: Celesteela\n|\n|-weather|Sandstorm|[upkeep]\n|upkeep\n|j| Lightchanseyy\n|\n|t:|1643863509\n|switch|p1a: Kartana|Kartana|100\/100\n|-damage|p1a: Kartana|94\/100|[from] Stealth Rock\n|turn|15\n|\n|t:|1643863525\n|switch|p2a: WHATISENTEN|Landorus-Therian, M|72\/100\n|-damage|p2a: WHATISENTEN|59\/100|[from] Stealth Rock\n|-ability|p2a: WHATISENTEN|Intimidate|boost\n|-unboost|p1a: Kartana|atk|1\n|move|p1a: Kartana|Leaf Blade|p2a: WHATISENTEN\n|-damage|p2a: WHATISENTEN|31\/100\n|-damage|p1a: Kartana|78\/100|[from] item: Rocky Helmet|[of] p2a: WHATISENTEN\n|\n|-weather|Sandstorm|[upkeep]\n|upkeep\n|turn|16\n|\n|t:|1643863528\n|switch|p2a: BLOODY MXRY|Incineroar, F|100\/100\n|-ability|p2a: BLOODY MXRY|Intimidate|boost\n|-unboost|p1a: Kartana|atk|1\n|move|p1a: Kartana|Leaf Blade|p2a: BLOODY MXRY\n|-resisted|p2a: BLOODY MXRY\n|-damage|p2a: BLOODY MXRY|90\/100\n|\n|-weather|Sandstorm|[upkeep]\n|-damage|p2a: BLOODY MXRY|84\/100|[from] Sandstorm\n|upkeep\n|turn|17\n|\n|t:|1643863533\n|switch|p1a: Tapu Fini|Tapu Fini|100\/100\n|-damage|p1a: Tapu Fini|88\/100|[from] Stealth Rock\n|-fieldstart|move: Misty Terrain|[from] ability: Misty Surge|[of] p1a: Tapu Fini\n|move|p2a: BLOODY MXRY|Darkest Lariat|p1a: Tapu Fini\n|-resisted|p1a: Tapu Fini\n|-damage|p1a: Tapu Fini|76\/100\n|\n|-weather|none\n|-heal|p1a: Tapu Fini|82\/100|[from] item: Leftovers\n|upkeep\n|turn|18\n|\n|t:|1643863542\n|switch|p1a: Zapdos|Zapdos-Galar|84\/100\n|-damage|p1a: Zapdos|72\/100|[from] Stealth Rock\n|switch|p2a: PURRP FOR SALE|Volcanion|100\/100\n|-damage|p2a: PURRP FOR SALE|76\/100|[from] Stealth Rock\n|\n|upkeep\n|turn|19\n|\n|t:|1643863551\n|switch|p2a: spvceghvstpvrrp|Slowbro, F, shiny|74\/100\n|-damage|p2a: spvceghvstpvrrp|61\/100|[from] Stealth Rock\n|move|p1a: Zapdos|U-turn|p2a: spvceghvstpvrrp\n|-supereffective|p2a: spvceghvstpvrrp\n|-damage|p2a: spvceghvstpvrrp|20\/100\n|-damage|p1a: Zapdos|55\/100|[from] item: Rocky Helmet|[of] p2a: spvceghvstpvrrp\n|\n|t:|1643863572\n|switch|p1a: Kartana|Kartana|78\/100|[from]move: U-turn\n|-damage|p1a: Kartana|72\/100|[from] Stealth Rock\n|\n|upkeep\n|turn|20\n|\n|t:|1643863585\n|switch|p2a: WHATISENTEN|Landorus-Therian, M|31\/100\n|-damage|p2a: WHATISENTEN|19\/100|[from] Stealth Rock\n|-ability|p2a: WHATISENTEN|Intimidate|boost\n|-unboost|p1a: Kartana|atk|1\n|move|p1a: Kartana|Knock Off|p2a: WHATISENTEN\n|-damage|p2a: WHATISENTEN|0 fnt\n|-damage|p1a: Kartana|55\/100|[from] item: Rocky Helmet|[of] p2a: WHATISENTEN\n|-enditem|p2a: WHATISENTEN|Rocky Helmet|[from] move: Knock Off|[of] p1a: Kartana\n|faint|p2a: WHATISENTEN\n|-ability|p1a: Kartana|Beast Boost|boost\n|-boost|p1a: Kartana|atk|1\n|\n|upkeep\n|\n|t:|1643863587\n|switch|p2a: BLOODY MXRY|Incineroar, F|84\/100\n|-ability|p2a: BLOODY MXRY|Intimidate|boost\n|-unboost|p1a: Kartana|atk|1\n|turn|21\n|\n|t:|1643863590\n|switch|p1a: Tapu Fini|Tapu Fini|82\/100\n|-damage|p1a: Tapu Fini|70\/100|[from] Stealth Rock\n|switch|p2a: PURRP FOR SALE|Volcanion|76\/100\n|-damage|p2a: PURRP FOR SALE|51\/100|[from] Stealth Rock\n|\n|-heal|p1a: Tapu Fini|76\/100|[from] item: Leftovers\n|-fieldend|Misty Terrain\n|upkeep\n|turn|22\n|\n|t:|1643863614\n|move|p1a: Tapu Fini|Draining Kiss|p2a: PURRP FOR SALE\n|-resisted|p2a: PURRP FOR SALE\n|-damage|p2a: PURRP FOR SALE|43\/100\n|-heal|p1a: Tapu Fini|83\/100|[from] drain|[of] p2a: PURRP FOR SALE\n|move|p2a: PURRP FOR SALE|Steam Eruption|p1a: Tapu Fini\n|-resisted|p1a: Tapu Fini\n|-damage|p1a: Tapu Fini|44\/100\n|\n|-heal|p1a: Tapu Fini|50\/100|[from] item: Leftovers\n|upkeep\n|turn|23\n|-message|NeoNaruto\u00ae++ forfeited.\n|\n|win|greystaple\n|raw|greystaple's rating: 1594 &rarr; <strong>1614<\/strong><br \/>(+20 for winning)\n|raw|NeoNaruto\u00ae++'s rating: 1591 &rarr; <strong>1571<\/strong><br \/>(-20 for losing)\n|l|\u2606NeoNaruto\u00ae++\n|c|\u2606greystaple|gg\n","uploadtime":1643863624,"views":57,"p1id":"greystaple","p2id":"neonaruto","formatid":"gen8ou","rating":1571,"private":0,"password":null}