{"id":"gen8almostanyability-1665791512","p1":"Redflix","p2":"gamer but swag","format":"gen8almostanyability","log":"|j|\u2606Redflix\n|j|\u2606gamer but swag\n|t:|1663340463\n|gametype|singles\n|player|p1|Redflix|erika|1560\n|player|p2|gamer but swag|kris-gen2|1603\n|teamsize|p1|6\n|teamsize|p2|6\n|gen|8\n|tier|[Gen 8] Almost Any Ability\n|rated|\n|rule|Species Clause: Limit one of each Pok\u00e9mon\n|rule|OHKO Clause: OHKO moves are banned\n|rule|Evasion Moves Clause: Evasion moves are banned\n|rule|Endless Battle Clause: Forcing endless battles is banned\n|rule|Dynamax Clause: You cannot dynamax\n|rule|HP Percentage Mod: HP is shown in percentages\n|rule|2 Ability Clause: Limit two of each ability\n|rule|Sleep Clause: Sleep-inducing moves are banned\n|clearpoke\n|poke|p1|Garchomp, M|\n|poke|p1|Landorus-Therian, M|\n|poke|p1|Azelf|\n|poke|p1|Corviknight, F|\n|poke|p1|Primarina, M|\n|poke|p1|Mew|\n|poke|p2|Skarmory, F|\n|poke|p2|Chansey, F|\n|poke|p2|Hippowdon, F|\n|poke|p2|Heatran, M|\n|poke|p2|Toxapex, F|\n|poke|p2|Mandibuzz, F|\n|teampreview\n|inactive|Battle timer is ON: inactive players will automatically lose when time's up. (requested by gamer but swag)\n|\n|t:|1663340489\n|start\n|switch|p1a: Primarina|Primarina, M|100\/100\n|switch|p2a: Hippowdon|Hippowdon, F|100\/100\n|turn|1\n|\n|t:|1663340494\n|switch|p2a: Toxapex|Toxapex, F|100\/100\n|move|p1a: Primarina|Flip Turn|p2a: Toxapex\n|-resisted|p2a: Toxapex\n|-damage|p2a: Toxapex|95\/100\n|\n|t:|1663340496\n|switch|p1a: Landorus|Landorus-Therian, M|100\/100|[from]move: Flip Turn\n|\n|-heal|p2a: Toxapex|100\/100|[from] item: Black Sludge\n|upkeep\n|turn|2\n|\n|t:|1663340504\n|switch|p2a: Skarmory|Skarmory, F|100\/100\n|move|p1a: Landorus|Stealth Rock|p2a: Skarmory\n|-sidestart|p2: gamer but swag|move: Stealth Rock\n|\n|upkeep\n|turn|3\n|\n|t:|1663340506\n|move|p1a: Landorus|Swords Dance|p1a: Landorus\n|-boost|p1a: Landorus|atk|2\n|move|p2a: Skarmory|Spikes|p1a: Landorus\n|-sidestart|p1: Redflix|Spikes\n|\n|upkeep\n|turn|4\n|\n|t:|1663340508\n|move|p1a: Landorus|Body Slam|p2a: Skarmory\n|-resisted|p2a: Skarmory\n|-damage|p2a: Skarmory|55\/100\n|-damage|p1a: Landorus|84\/100|[from] item: Rocky Helmet|[of] p2a: Skarmory\n|move|p2a: Skarmory|Iron Defense|p2a: Skarmory\n|-boost|p2a: Skarmory|def|2\n|\n|upkeep\n|turn|5\n|\n|t:|1663340515\n|move|p1a: Landorus|Explosion|p2a: Skarmory\n|-resisted|p2a: Skarmory\n|-damage|p2a: Skarmory|0 fnt\n|faint|p1a: Landorus\n|faint|p2a: Skarmory\n|\n|upkeep\n|\n|t:|1663340523\n|switch|p1a: Primarina|Primarina, M|100\/100\n|switch|p2a: Hippowdon|Hippowdon, F|100\/100\n|-damage|p2a: Hippowdon|94\/100|[from] Stealth Rock\n|-damage|p1a: Primarina|88\/100|[from] Spikes\n|turn|6\n|\n|t:|1663340528\n|move|p2a: Hippowdon|Slack Off|p2a: Hippowdon\n|-heal|p2a: Hippowdon|100\/100\n|move|p1a: Primarina|Flip Turn|p2a: Hippowdon\n|-supereffective|p2a: Hippowdon\n|-damage|p2a: Hippowdon|80\/100\n|\n|t:|1663340530\n|switch|p1a: Azelf|Azelf|100\/100|[from]move: Flip Turn\n|-damage|p1a: Azelf|88\/100|[from] Spikes\n|-fieldstart|move: Psychic Terrain|[from] ability: Psychic Surge|[of] p1a: Azelf\n|\n|-heal|p2a: Hippowdon|86\/100|[from] item: Leftovers\n|upkeep\n|turn|7\n|\n|t:|1663340537\n|switch|p2a: Mandibuzz|Mandibuzz, F|100\/100\n|move|p1a: Azelf|Trick|p2a: Mandibuzz\n|-activate|p1a: Azelf|move: Trick|[of] p2a: Mandibuzz\n|-item|p2a: Mandibuzz|Choice Scarf|[from] move: Trick\n|-item|p1a: Azelf|Rocky Helmet|[from] move: Trick\n|\n|upkeep\n|turn|8\n|\n|t:|1663340543\n|move|p1a: Azelf|U-turn|p2a: Mandibuzz\n|-damage|p2a: Mandibuzz|91\/100\n|\n|t:|1663340545\n|switch|p1a: Primarina|Primarina, M|100\/100|[from]move: U-turn\n|-damage|p1a: Primarina|88\/100|[from] Spikes\n|move|p2a: Mandibuzz|Defog|p1a: Primarina\n|-unboost|p1a: Primarina|evasion|1\n|-sideend|p1: Redflix|Spikes|[from] move: Defog|[of] p2a: Mandibuzz\n|-sideend|p2: gamer but swag|Stealth Rock|[from] move: Defog|[of] p2a: Mandibuzz\n|-fieldend|move: Psychic Terrain\n|\n|upkeep\n|turn|9\n|\n|t:|1663340549\n|switch|p2a: Toxapex|Toxapex, F|100\/100\n|move|p1a: Primarina|Flip Turn|p2a: Toxapex\n|-resisted|p2a: Toxapex\n|-damage|p2a: Toxapex|95\/100\n|\n|t:|1663340551\n|switch|p1a: Garchomp|Garchomp, M|100\/100|[from]move: Flip Turn\n|\n|-heal|p2a: Toxapex|100\/100|[from] item: Black Sludge\n|upkeep\n|turn|10\n|\n|t:|1663340557\n|switch|p2a: Hippowdon|Hippowdon, F|86\/100\n|move|p1a: Garchomp|Swords Dance|p1a: Garchomp\n|-boost|p1a: Garchomp|atk|2\n|\n|-heal|p2a: Hippowdon|92\/100|[from] item: Leftovers\n|upkeep\n|turn|11\n|\n|t:|1663340560\n|move|p1a: Garchomp|Scale Shot|p2a: Hippowdon\n|-damage|p2a: Hippowdon|67\/100\n|-damage|p2a: Hippowdon|43\/100\n|-damage|p2a: Hippowdon|17\/100\n|-damage|p2a: Hippowdon|0 fnt\n|faint|p2a: Hippowdon\n|-hitcount|p2: Hippowdon|4\n|-unboost|p1a: Garchomp|def|1\n|-boost|p1a: Garchomp|spe|1\n|-damage|p1a: Garchomp|91\/100|[from] item: Life Orb\n|\n|upkeep\n|\n|t:|1663340567\n|switch|p2a: Mandibuzz|Mandibuzz, F|91\/100\n|turn|12\n|\n|t:|1663340570\n|switch|p1a: Primarina|Primarina, M|100\/100\n|move|p2a: Mandibuzz|Foul Play|p1a: Primarina\n|-resisted|p1a: Primarina\n|-crit|p1a: Primarina\n|-damage|p1a: Primarina|77\/100\n|\n|upkeep\n|turn|13\n|\n|t:|1663340578\n|switch|p2a: Toxapex|Toxapex, F|100\/100\n|move|p1a: Primarina|Flip Turn|p2a: Toxapex\n|-resisted|p2a: Toxapex\n|-damage|p2a: Toxapex|95\/100\n|\n|t:|1663340579\n|switch|p1a: Azelf|Azelf|88\/100|[from]move: Flip Turn\n|-fieldstart|move: Psychic Terrain|[from] ability: Psychic Surge|[of] p1a: Azelf\n|\n|-heal|p2a: Toxapex|100\/100|[from] item: Black Sludge\n|upkeep\n|turn|14\n|\n|t:|1663340586\n|switch|p2a: Heatran|Heatran, M|100\/100\n|move|p1a: Azelf|U-turn|p2a: Heatran\n|-resisted|p2a: Heatran\n|-damage|p2a: Heatran|98\/100\n|\n|t:|1663340590\n|switch|p1a: Mew|Mew|100\/100|[from]move: U-turn\n|\n|-heal|p2a: Heatran|100\/100|[from] item: Leftovers\n|-status|p1a: Mew|brn|[from] item: Flame Orb\n|upkeep\n|turn|15\n|\n|t:|1663340593\n|move|p1a: Mew|Dragon Dance|p1a: Mew\n|-boost|p1a: Mew|atk|1\n|-boost|p1a: Mew|spe|1\n|move|p2a: Heatran|Taunt|p1a: Mew\n|-start|p1a: Mew|move: Taunt\n|\n|-damage|p1a: Mew|94\/100 brn|[from] brn\n|upkeep\n|turn|16\n|\n|t:|1663340598\n|move|p1a: Mew|Close Combat|p2a: Heatran\n|-supereffective|p2a: Heatran\n|-damage|p2a: Heatran|0 fnt\n|-unboost|p1a: Mew|def|1\n|-unboost|p1a: Mew|spd|1\n|faint|p2a: Heatran\n|\n|-damage|p1a: Mew|88\/100 brn|[from] brn\n|upkeep\n|\n|t:|1663340601\n|switch|p2a: Mandibuzz|Mandibuzz, F|91\/100\n|turn|17\n|\n|t:|1663340603\n|move|p1a: Mew|Facade|p2a: Mandibuzz\n|-damage|p2a: Mandibuzz|35\/100\n|move|p2a: Mandibuzz|Foul Play|p1a: Mew\n|-supereffective|p1a: Mew\n|-crit|p1a: Mew\n|-damage|p1a: Mew|0 fnt\n|faint|p1a: Mew\n|\n|-fieldend|move: Psychic Terrain\n|upkeep\n|\n|t:|1663340606\n|switch|p1a: Garchomp|Garchomp, M|91\/100\n|turn|18\n|\n|t:|1663340609\n|move|p1a: Garchomp|Scale Shot|p2a: Mandibuzz\n|-damage|p2a: Mandibuzz|25\/100\n|-damage|p2a: Mandibuzz|15\/100\n|-damage|p2a: Mandibuzz|4\/100\n|-damage|p2a: Mandibuzz|0 fnt\n|faint|p2a: Mandibuzz\n|-hitcount|p2: Mandibuzz|4\n|-unboost|p1a: Garchomp|def|1\n|-boost|p1a: Garchomp|spe|1\n|-damage|p1a: Garchomp|81\/100|[from] item: Life Orb\n|\n|upkeep\n|\n|t:|1663340616\n|switch|p2a: Toxapex|Toxapex, F|100\/100\n|turn|19\n|\n|t:|1663340620\n|move|p1a: Garchomp|Earthquake|p2a: Toxapex\n|-supereffective|p2a: Toxapex\n|-crit|p2a: Toxapex\n|-damage|p2a: Toxapex|0 fnt\n|faint|p2a: Toxapex\n|-damage|p1a: Garchomp|71\/100|[from] item: Life Orb\n|\n|upkeep\n|-message|gamer but swag forfeited.\n|\n|win|Redflix\n|raw|Redflix's rating: 1560 &rarr; <strong>1582<\/strong><br \/>(+22 for winning)\n|raw|gamer but swag's rating: 1603 &rarr; <strong>1581<\/strong><br \/>(-22 for losing)\n|l|\u2606gamer but swag\n","uploadtime":1663340631,"views":37,"p1id":"redflix","p2id":"gamerbutswag","formatid":"gen8almostanyability","rating":1581,"private":0,"password":null}