{"id":"gen8nationaldex-1441005470","p1":"Durdi_Dan","p2":"Hikari-miyako","format":"gen8nationaldex","log":"|j|\u2606Durdi_Dan\n|j|\u2606Hikari-miyako\n|t:|1635018004\n|gametype|singles\n|player|p1|Durdi_Dan|ethan|1617\n|player|p2|Hikari-miyako|ariana|1545\n|teamsize|p1|6\n|teamsize|p2|6\n|gen|8\n|tier|[Gen 8] National Dex\n|rated|\n|rule|HP Percentage Mod: HP is shown in percentages\n|rule|Endless Battle Clause: Forcing endless battles is banned\n|rule|OHKO Clause: OHKO moves are banned\n|rule|Evasion Moves Clause: Evasion moves are banned\n|rule|Species Clause: Limit one of each Pok\u00e9mon\n|rule|Dynamax Clause: You cannot dynamax\n|rule|Sleep Clause Mod: Limit one foe put to sleep\n|clearpoke\n|poke|p1|Charizard, M|\n|poke|p1|Weavile, F|\n|poke|p1|Heatran, M|\n|poke|p1|Slowbro, M|\n|poke|p1|Gliscor, F|\n|poke|p1|Kommo-o, M|\n|poke|p2|Aegislash, F|\n|poke|p2|Diancie|\n|poke|p2|Thundurus, M|\n|poke|p2|Greninja, M|\n|poke|p2|Bisharp, F|\n|poke|p2|Serperior, F|\n|teampreview\n|inactive|Battle timer is ON: inactive players will automatically lose when time's up. (requested by Durdi_Dan)\n|\n|t:|1635018020\n|start\n|switch|p1a: Heatran|Heatran, M|100\/100\n|switch|p2a: Bisharp|Bisharp, F|100\/100\n|turn|1\n|\n|t:|1635018029\n|move|p1a: Heatran|Earth Power|p2a: Bisharp\n|-supereffective|p2a: Bisharp\n|-damage|p2a: Bisharp|27\/100\n|move|p2a: Bisharp|Stealth Rock|p1a: Heatran\n|-sidestart|p1: Durdi_Dan|move: Stealth Rock\n|\n|upkeep\n|turn|2\n|\n|t:|1635018036\n|move|p1a: Heatran|Stealth Rock|p2a: Bisharp\n|-sidestart|p2: Hikari-miyako|move: Stealth Rock\n|move|p2a: Bisharp|Knock Off|p1a: Heatran\n|-damage|p1a: Heatran|59\/100\n|-enditem|p1a: Heatran|Leftovers|[from] move: Knock Off|[of] p2a: Bisharp\n|\n|upkeep\n|turn|3\n|\n|t:|1635018040\n|move|p2a: Bisharp|Sucker Punch|p1a: Heatran\n|-damage|p1a: Heatran|28\/100\n|move|p1a: Heatran|Earth Power|p2a: Bisharp\n|-supereffective|p2a: Bisharp\n|-damage|p2a: Bisharp|0 fnt\n|faint|p2a: Bisharp\n|\n|upkeep\n|\n|t:|1635018043\n|switch|p2a: Greninja|Greninja, M|100\/100\n|-damage|p2a: Greninja|88\/100|[from] Stealth Rock\n|turn|4\n|\n|t:|1635018048\n|move|p2a: Greninja|U-turn|p1a: Heatran\n|-resisted|p1a: Heatran\n|-damage|p1a: Heatran|25\/100\n|\n|t:|1635018050\n|switch|p2a: Diancie|Diancie|100\/100|[from]move: U-turn\n|-damage|p2a: Diancie|88\/100|[from] Stealth Rock\n|move|p1a: Heatran|Magma Storm|p2a: Diancie\n|-resisted|p2a: Diancie\n|-damage|p2a: Diancie|66\/100\n|-activate|p2a: Diancie|move: Magma Storm|[of] p1a: Heatran\n|\n|-damage|p2a: Diancie|53\/100|[from] move: Magma Storm|[partiallytrapped]\n|upkeep\n|turn|5\n|\n|t:|1635018061\n|detailschange|p2a: Diancie|Diancie-Mega\n|-mega|p2a: Diancie|Diancie|Diancite\n|move|p2a: Diancie|Diamond Storm|p1a: Heatran\n|-damage|p1a: Heatran|0 fnt\n|-boost|p2a: Diancie|def|2\n|faint|p1a: Heatran\n|\n|-end|p2a: Diancie|Magma Storm|[partiallytrapped]|[silent]\n|upkeep\n|\n|t:|1635018067\n|switch|p1a: Slowbro|Slowbro, M|100\/100\n|turn|6\n|\n|t:|1635018070\n|switch|p2a: Serperior|Serperior, F|100\/100\n|-damage|p2a: Serperior|88\/100|[from] Stealth Rock\n|move|p1a: Slowbro|Scald|p2a: Serperior\n|-resisted|p2a: Serperior\n|-damage|p2a: Serperior|72\/100\n|\n|upkeep\n|turn|7\n|\n|t:|1635018078\n|move|p2a: Serperior|Leaf Storm|p1a: Slowbro\n|-supereffective|p1a: Slowbro\n|-damage|p1a: Slowbro|0 fnt\n|-boost|p2a: Serperior|spa|2\n|faint|p1a: Slowbro\n|\n|upkeep\n|\n|t:|1635018082\n|switch|p1a: Weavile|Weavile, F|100\/100\n|-damage|p1a: Weavile|76\/100|[from] Stealth Rock\n|-ability|p1a: Weavile|Pressure\n|turn|8\n|\n|t:|1635018084\n|move|p2a: Serperior|Leaf Storm|p1a: Weavile\n|-damage|p1a: Weavile|0 fnt\n|-boost|p2a: Serperior|spa|2\n|faint|p1a: Weavile\n|\n|upkeep\n|\n|t:|1635018087\n|switch|p1a: Kommo-o|Kommo-o, M|100\/100\n|-damage|p1a: Kommo-o|94\/100|[from] Stealth Rock\n|turn|9\n|\n|t:|1635018089\n|move|p2a: Serperior|Leaf Storm|p1a: Kommo-o\n|-resisted|p1a: Kommo-o\n|-damage|p1a: Kommo-o|0 fnt\n|-boost|p2a: Serperior|spa|2\n|faint|p1a: Kommo-o\n|\n|upkeep\n|\n|t:|1635018092\n|switch|p1a: Charizard|Charizard, M|100\/100\n|-damage|p1a: Charizard|51\/100|[from] Stealth Rock\n|turn|10\n|\n|t:|1635018094\n|detailschange|p1a: Charizard|Charizard-Mega-Y, M\n|-mega|p1a: Charizard|Charizard|Charizardite Y\n|-weather|SunnyDay|[from] ability: Drought|[of] p1a: Charizard\n|move|p2a: Serperior|Leaf Storm|p1a: Charizard\n|-resisted|p1a: Charizard\n|-damage|p1a: Charizard|1\/100\n|move|p1a: Charizard|Weather Ball|p2a: Serperior\n|-supereffective|p2a: Serperior\n|-damage|p2a: Serperior|0 fnt\n|faint|p2a: Serperior\n|\n|-weather|SunnyDay|[upkeep]\n|upkeep\n|\n|t:|1635018098\n|switch|p2a: Greninja|Greninja, M|88\/100\n|-damage|p2a: Greninja|76\/100|[from] Stealth Rock\n|turn|11\n|\n|t:|1635018104\n|move|p2a: Greninja|Dark Pulse|p1a: Charizard\n|-damage|p1a: Charizard|0 fnt\n|faint|p1a: Charizard\n|-activate|p2a: Greninja|ability: Battle Bond\n|detailschange|p2a: Greninja|Greninja-Ash, M\n|\n|-weather|SunnyDay|[upkeep]\n|upkeep\n|\n|t:|1635018106\n|switch|p1a: Gliscor|Gliscor, F|100\/100\n|-damage|p1a: Gliscor|88\/100|[from] Stealth Rock\n|turn|12\n|\n|t:|1635018109\n|move|p2a: Greninja|Dark Pulse|p1a: Gliscor\n|-damage|p1a: Gliscor|8\/100\n|move|p1a: Gliscor|Earthquake|p2a: Greninja\n|-damage|p2a: Greninja|17\/100\n|\n|-weather|SunnyDay|[upkeep]\n|-status|p1a: Gliscor|tox|[from] item: Toxic Orb\n|upkeep\n|turn|13\n|\n|t:|1635018114\n|move|p2a: Greninja|Dark Pulse|p1a: Gliscor\n|-crit|p1a: Gliscor\n|-damage|p1a: Gliscor|0 fnt\n|faint|p1a: Gliscor\n|\n|win|Hikari-miyako\n|raw|Durdi_Dan's rating: 1617 &rarr; <strong>1593<\/strong><br \/>(-24 for losing)\n|raw|Hikari-miyako's rating: 1545 &rarr; <strong>1569<\/strong><br \/>(+24 for winning)\n|l|\u2606Durdi_Dan\n|l|\u2606Hikari-miyako\n||Ladder isn't responding, score probably updated but might not have (Request timeout).\n|j| clout XD\n","uploadtime":1635018547,"views":20,"p1id":"durdidan","p2id":"hikarimiyako","formatid":"gen8nationaldex","rating":1569,"private":0,"password":null}