{"id":"gen8categoryswap-1650959198","p1":"Turn 2","p2":"Mattwantstobattle","format":"gen8categoryswap","log":"|j|\u2606Turn 2\n|j|\u2606Mattwantstobattle\n|t:|1661773976\n|gametype|singles\n|player|p1|Turn 2|roxie|1000\n|player|p2|Mattwantstobattle|clerk|1024\n|teamsize|p1|6\n|teamsize|p2|6\n|gen|8\n|tier|[Gen 8] Category Swap\n|rated|\n|rule|Species Clause: Limit one of each Pok\u00e9mon\n|rule|OHKO Clause: OHKO moves are banned\n|rule|Evasion Moves Clause: Evasion moves are banned\n|rule|Endless Battle Clause: Forcing endless battles is banned\n|rule|Dynamax Clause: You cannot dynamax\n|rule|HP Percentage Mod: HP is shown in percentages\n|rule|Category Swap Mod: All physical moves become special, and vice versa\n|rule|Sleep Clause Mod: Limit one foe put to sleep\n|clearpoke\n|poke|p1|Gengar, F|\n|poke|p1|Tapu Koko|\n|poke|p1|Victini|\n|poke|p1|Gyarados, F|\n|poke|p1|Excadrill, M|\n|poke|p1|Dragonite, M|\n|poke|p2|Gyarados, M|\n|poke|p2|Dragonite, M|\n|poke|p2|Ferrothorn, M|\n|poke|p2|Klefki, F|\n|poke|p2|Tapu Koko|\n|poke|p2|Victini|\n|teampreview\n|inactive|Battle timer is ON: inactive players will automatically lose when time's up. (requested by Turn 2)\n|\n|t:|1661773988\n|start\n|switch|p1a: Gengar|Gengar, F|100\/100\n|switch|p2a: Tapu Koko|Tapu Koko|100\/100\n|-fieldstart|move: Electric Terrain|[from] ability: Electric Surge|[of] p2a: Tapu Koko\n|turn|1\n|\n|t:|1661773999\n|move|p2a: Tapu Koko|Rain Dance|p2a: Tapu Koko\n|-weather|RainDance\n|move|p1a: Gengar|Poltergeist|p2a: Tapu Koko\n|-activate|p2a: Tapu Koko|move: Poltergeist|Magnet\n|-damage|p2a: Tapu Koko|0 fnt\n|faint|p2a: Tapu Koko\n|-damage|p1a: Gengar|91\/100|[from] item: Life Orb\n|\n|-weather|RainDance|[upkeep]\n|upkeep\n|\n|t:|1661774009\n|switch|p2a: Gyarados|Gyarados, M|100\/100\n|turn|2\n|\n|t:|1661774014\n|move|p2a: Gyarados|Hurricane|p1a: Gengar\n|-damage|p1a: Gengar|0 fnt\n|faint|p1a: Gengar\n|-ability|p2a: Gyarados|Moxie|boost\n|-boost|p2a: Gyarados|atk|1\n|\n|-weather|RainDance|[upkeep]\n|upkeep\n|\n|t:|1661774024\n|switch|p1a: Tapu Koko|Tapu Koko|100\/100\n|turn|3\n|\n|t:|1661774028\n|switch|p2a: Ferrothorn|Ferrothorn, M|100\/100\n|move|p1a: Tapu Koko|Volt Switch|p2a: Ferrothorn\n|-resisted|p2a: Ferrothorn\n|-damage|p2a: Ferrothorn|83\/100\n|\n|t:|1661774034\n|switch|p1a: Dragonite|Dragonite, M|100\/100|[from]move: Volt Switch\n|\n|-weather|RainDance|[upkeep]\n|-heal|p2a: Ferrothorn|89\/100|[from] item: Leftovers\n|upkeep\n|turn|4\n|\n|t:|1661774043\n|switch|p2a: Klefki|Klefki, F|100\/100\n|move|p1a: Dragonite|Dragon Dance|p1a: Dragonite\n|-boost|p1a: Dragonite|atk|1\n|-boost|p1a: Dragonite|spe|1\n|\n|-weather|RainDance|[upkeep]\n|upkeep\n|turn|5\n|\n|t:|1661774054\n|move|p2a: Klefki|Switcheroo|p1a: Dragonite\n|-activate|p2a: Klefki|move: Trick|[of] p1a: Dragonite\n|-item|p1a: Dragonite|Choice Scarf|[from] move: Switcheroo\n|-item|p2a: Klefki|Heavy-Duty Boots|[from] move: Switcheroo\n|move|p1a: Dragonite|Thunderbolt|p2a: Klefki\n|-damage|p2a: Klefki|67\/100\n|\n|-weather|none\n|-fieldend|move: Electric Terrain\n|upkeep\n|turn|6\n|\n|t:|1661774062\n|switch|p2a: Ferrothorn|Ferrothorn, M|89\/100\n|move|p1a: Dragonite|Thunderbolt|p2a: Ferrothorn\n|-resisted|p2a: Ferrothorn\n|-damage|p2a: Ferrothorn|77\/100\n|\n|-heal|p2a: Ferrothorn|83\/100|[from] item: Leftovers\n|upkeep\n|turn|7\n|\n|t:|1661774071\n|switch|p1a: Excadrill|Excadrill, M|100\/100\n|-ability|p1a: Excadrill|Mold Breaker\n|move|p2a: Ferrothorn|Leech Seed|p1a: Excadrill\n|-start|p1a: Excadrill|move: Leech Seed\n|\n|-heal|p2a: Ferrothorn|89\/100|[from] item: Leftovers\n|-damage|p1a: Excadrill|88\/100|[from] Leech Seed|[of] p2a: Ferrothorn\n|-heal|p2a: Ferrothorn|100\/100|[silent]\n|upkeep\n|turn|8\n|\n|t:|1661774085\n|switch|p2a: Dragonite|Dragonite, M|100\/100\n|move|p1a: Excadrill|Rapid Spin|p2a: Dragonite\n|-damage|p2a: Dragonite|95\/100\n|-boost|p1a: Excadrill|spe|1\n|-end|p1a: Excadrill|Leech Seed|[from] move: Rapid Spin|[of] p1a: Excadrill\n|\n|-heal|p2a: Dragonite|100\/100|[from] item: Leftovers\n|upkeep\n|turn|9\n|\n|t:|1661774097\n|switch|p1a: Dragonite|Dragonite, M|100\/100\n|switch|p2a: Ferrothorn|Ferrothorn, M|100\/100\n|\n|upkeep\n|turn|10\n|\n|t:|1661774109\n|move|p1a: Dragonite|Ice Beam|p2a: Ferrothorn\n|-damage|p2a: Ferrothorn|85\/100\n|move|p2a: Ferrothorn|Leech Seed|p1a: Dragonite\n|-start|p1a: Dragonite|move: Leech Seed\n|\n|-heal|p2a: Ferrothorn|91\/100|[from] item: Leftovers\n|-damage|p1a: Dragonite|88\/100|[from] Leech Seed|[of] p2a: Ferrothorn\n|-heal|p2a: Ferrothorn|100\/100|[silent]\n|upkeep\n|turn|11\n|\n|t:|1661774119\n|switch|p1a: Victini|Victini|100\/100\n|switch|p2a: Klefki|Klefki, F|67\/100\n|\n|upkeep\n|turn|12\n|\n|t:|1661774128\n|move|p2a: Klefki|Rain Dance|p2a: Klefki\n|-weather|RainDance\n|move|p1a: Victini|V-create|p2a: Klefki\n|-supereffective|p2a: Klefki\n|-damage|p2a: Klefki|0 fnt\n|-unboost|p1a: Victini|spe|1\n|-unboost|p1a: Victini|def|1\n|-unboost|p1a: Victini|spd|1\n|faint|p2a: Klefki\n|\n|-weather|RainDance|[upkeep]\n|upkeep\n|\n|t:|1661774146\n|switch|p2a: Gyarados|Gyarados, M|100\/100\n|turn|13\n|\n|t:|1661774153\n|switch|p1a: Excadrill|Excadrill, M|88\/100\n|-ability|p1a: Excadrill|Mold Breaker\n|move|p2a: Gyarados|Surf|p1a: Excadrill\n|-supereffective|p1a: Excadrill\n|-damage|p1a: Excadrill|0 fnt\n|faint|p1a: Excadrill\n|-ability|p2a: Gyarados|Moxie|boost\n|-boost|p2a: Gyarados|atk|1\n|\n|-weather|RainDance|[upkeep]\n|upkeep\n|\n|t:|1661774165\n|switch|p1a: Gyarados|Gyarados, F|100\/100\n|turn|14\n|\n|t:|1661774170\n|switch|p2a: Ferrothorn|Ferrothorn, M|100\/100\n|move|p1a: Gyarados|Dragon Dance|p1a: Gyarados\n|-boost|p1a: Gyarados|atk|1\n|-boost|p1a: Gyarados|spe|1\n|\n|-weather|RainDance|[upkeep]\n|upkeep\n|turn|15\n|\n|t:|1661774179\n|move|p1a: Gyarados|Dragon Dance|p1a: Gyarados\n|-boost|p1a: Gyarados|atk|1\n|-boost|p1a: Gyarados|spe|1\n|move|p2a: Ferrothorn|Leech Seed|p1a: Gyarados\n|-start|p1a: Gyarados|move: Leech Seed\n|\n|-weather|RainDance|[upkeep]\n|-damage|p1a: Gyarados|88\/100|[from] Leech Seed|[of] p2a: Ferrothorn\n|upkeep\n|turn|16\n|\n|t:|1661774190\n|move|p1a: Gyarados|Ice Beam|p2a: Ferrothorn\n|-damage|p2a: Ferrothorn|68\/100\n|move|p2a: Ferrothorn|Giga Drain|p1a: Gyarados\n|-damage|p1a: Gyarados|60\/100\n|-heal|p2a: Ferrothorn|81\/100|[from] drain|[of] p1a: Gyarados\n|\n|-weather|none\n|-heal|p2a: Ferrothorn|87\/100|[from] item: Leftovers\n|-damage|p1a: Gyarados|48\/100|[from] Leech Seed|[of] p2a: Ferrothorn\n|-heal|p2a: Ferrothorn|99\/100|[silent]\n|upkeep\n|turn|17\n|\n|t:|1661774212\n|switch|p1a: Victini|Victini|100\/100\n|move|p2a: Ferrothorn|Stealth Rock|p1a: Victini\n|-sidestart|p1: Turn 2|move: Stealth Rock\n|\n|-heal|p2a: Ferrothorn|100\/100|[from] item: Leftovers\n|upkeep\n|turn|18\n|\n|t:|1661774221\n|switch|p2a: Dragonite|Dragonite, M|100\/100\n|move|p1a: Victini|Bolt Strike|p2a: Dragonite\n|-damage|p2a: Dragonite|84\/100\n|\n|-heal|p2a: Dragonite|90\/100|[from] item: Leftovers\n|upkeep\n|turn|19\n|\n|t:|1661774229\n|move|p1a: Victini|V-create|p2a: Dragonite\n|-resisted|p2a: Dragonite\n|-damage|p2a: Dragonite|54\/100\n|-unboost|p1a: Victini|spe|1\n|-unboost|p1a: Victini|def|1\n|-unboost|p1a: Victini|spd|1\n|move|p2a: Dragonite|Dragon Dance|p2a: Dragonite\n|-boost|p2a: Dragonite|atk|1\n|-boost|p2a: Dragonite|spe|1\n|\n|-heal|p2a: Dragonite|61\/100|[from] item: Leftovers\n|upkeep\n|turn|20\n|\n|t:|1661774242\n|switch|p1a: Dragonite|Dragonite, M|88\/100\n|-damage|p1a: Dragonite|63\/100|[from] Stealth Rock\n|move|p2a: Dragonite|Substitute|p2a: Dragonite\n|-start|p2a: Dragonite|Substitute\n|-damage|p2a: Dragonite|36\/100\n|\n|-heal|p2a: Dragonite|42\/100|[from] item: Leftovers\n|upkeep\n|turn|21\n|\n|t:|1661774252\n|move|p1a: Dragonite|Ice Beam|p2a: Dragonite\n|-supereffective|p2a: Dragonite\n|-end|p2a: Dragonite|Substitute\n|move|p2a: Dragonite|Air Slash|p1a: Dragonite\n|-crit|p1a: Dragonite\n|-damage|p1a: Dragonite|0 fnt\n|faint|p1a: Dragonite\n|\n|-heal|p2a: Dragonite|48\/100|[from] item: Leftovers\n|upkeep\n|\n|t:|1661774263\n|switch|p1a: Tapu Koko|Tapu Koko|100\/100\n|-damage|p1a: Tapu Koko|88\/100|[from] Stealth Rock\n|-fieldstart|move: Electric Terrain|[from] ability: Electric Surge|[of] p1a: Tapu Koko\n|turn|22\n|\n|t:|1661774269\n|switch|p2a: Ferrothorn|Ferrothorn, M|100\/100\n|move|p1a: Tapu Koko|Volt Switch|p2a: Ferrothorn\n|-resisted|p2a: Ferrothorn\n|-damage|p2a: Ferrothorn|83\/100\n|\n|t:|1661774275\n|switch|p1a: Victini|Victini|100\/100|[from]move: Volt Switch\n|\n|-heal|p2a: Ferrothorn|89\/100|[from] item: Leftovers\n|upkeep\n|turn|23\n|\n|t:|1661774283\n|switch|p2a: Dragonite|Dragonite, M|48\/100\n|move|p1a: Victini|V-create|p2a: Dragonite\n|-resisted|p2a: Dragonite\n|-damage|p2a: Dragonite|14\/100\n|-unboost|p1a: Victini|spe|1\n|-unboost|p1a: Victini|def|1\n|-unboost|p1a: Victini|spd|1\n|\n|-heal|p2a: Dragonite|21\/100|[from] item: Leftovers\n|upkeep\n|turn|24\n|\n|t:|1661774296\n|move|p2a: Dragonite|Roost|p2a: Dragonite\n|-heal|p2a: Dragonite|71\/100\n|-singleturn|p2a: Dragonite|move: Roost\n|move|p1a: Victini|V-create|p2a: Dragonite\n|-resisted|p2a: Dragonite\n|-damage|p2a: Dragonite|37\/100\n|-unboost|p1a: Victini|spe|1\n|-unboost|p1a: Victini|def|1\n|-unboost|p1a: Victini|spd|1\n|\n|-heal|p2a: Dragonite|44\/100|[from] item: Leftovers\n|upkeep\n|turn|25\n|-message|Turn 2 forfeited.\n|\n|win|Mattwantstobattle\n|raw|Turn 2's rating: 1000 &rarr; <strong>1000<\/strong><br \/>(+0 for losing)\n|raw|Mattwantstobattle's rating: 1024 &rarr; <strong>1058<\/strong><br \/>(+34 for winning)\n|l|\u2606Mattwantstobattle\n|j|\u2606Mattwantstobattle\n|player|p2|Mattwantstobattle|clerk\n|l|\u2606Turn 2\n","uploadtime":1661774307,"views":5,"p1id":"turn2","p2id":"mattwantstobattle","formatid":"gen8categoryswap","rating":1000,"private":0,"password":null}