{"id":"gen8ou-1074825379","p1":"Flufa","p2":"PokeDa","format":"gen8ou","log":"|j|\u2606Flufa\n|j|\u2606PokeDa\n|player|p1|Flufa|ninjaboy|1607\n|player|p2|PokeDa|wallace|1630\n|teamsize|p1|6\n|teamsize|p2|6\n|gametype|singles\n|gen|8\n|tier|[Gen 8] OU\n|rated|\n|clearpoke\n|poke|p1|Toxapex, M|\n|poke|p1|Corviknight, M|\n|poke|p1|Clefable, M|\n|poke|p1|Dugtrio, F|\n|poke|p1|Avalugg, M|\n|poke|p1|Hatterene, F|\n|poke|p2|Pelipper, M|\n|poke|p2|Dracovish|\n|poke|p2|Mantine, M|\n|poke|p2|Seismitoad, M|\n|poke|p2|Ferrothorn, F|\n|poke|p2|Jirachi|\n|rule|Sleep Clause Mod: Limit one foe put to sleep\n|rule|Species Clause: Limit one of each Pok\u00e9mon\n|rule|OHKO Clause: OHKO moves are banned\n|rule|Evasion Moves Clause: Evasion moves are banned\n|rule|Endless Battle Clause: Forcing endless battles is banned\n|rule|HP Percentage Mod: HP is shown in percentages\n|rule|Dynamax Clause: You cannot dynamax\n|teampreview\n|\n|start\n|switch|p1a: Toxapex|Toxapex, M|100\/100\n|switch|p2a: Ferrothorn|Ferrothorn, F, shiny|100\/100\n|turn|1\n|\n|move|p1a: Toxapex|Scald|p2a: Ferrothorn\n|-resisted|p2a: Ferrothorn\n|-damage|p2a: Ferrothorn|93\/100\n|move|p2a: Ferrothorn|Knock Off|p1a: Toxapex\n|-damage|p1a: Toxapex|87\/100\n|-enditem|p1a: Toxapex|Black Sludge|[from] move: Knock Off|[of] p2a: Ferrothorn\n|\n|upkeep\n|turn|2\n|\n|move|p1a: Toxapex|Scald|p2a: Ferrothorn\n|-resisted|p2a: Ferrothorn\n|-damage|p2a: Ferrothorn|85\/100\n|-status|p2a: Ferrothorn|brn\n|move|p2a: Ferrothorn|Gyro Ball|p1a: Toxapex\n|-resisted|p1a: Toxapex\n|-damage|p1a: Toxapex|84\/100\n|\n|-damage|p2a: Ferrothorn|79\/100 brn|[from] brn\n|upkeep\n|turn|3\n|inactive|Battle timer is ON: inactive players will automatically lose when time's up. (requested by PokeDa)\n|\n|move|p1a: Toxapex|Scald|p2a: Ferrothorn\n|-resisted|p2a: Ferrothorn\n|-damage|p2a: Ferrothorn|72\/100 brn\n|move|p2a: Ferrothorn|Knock Off|p1a: Toxapex\n|-crit|p1a: Toxapex\n|-damage|p1a: Toxapex|78\/100\n|\n|-damage|p2a: Ferrothorn|66\/100 brn|[from] brn\n|upkeep\n|turn|4\n|\n|move|p1a: Toxapex|Scald|p2a: Ferrothorn\n|-resisted|p2a: Ferrothorn\n|-damage|p2a: Ferrothorn|59\/100 brn\n|move|p2a: Ferrothorn|Stealth Rock|p1a: Toxapex\n|-sidestart|p1: Flufa|move: Stealth Rock\n|\n|-damage|p2a: Ferrothorn|53\/100 brn|[from] brn\n|upkeep\n|turn|5\n|\n|switch|p1a: Corviknight|Corviknight, M|100\/100\n|-damage|p1a: Corviknight|88\/100|[from] Stealth Rock\n|-ability|p1a: Corviknight|Pressure\n|switch|p2a: Jirachi|Jirachi, shiny|100\/100\n|\n|-heal|p1a: Corviknight|94\/100|[from] item: Leftovers\n|upkeep\n|turn|6\n|\n|move|p2a: Jirachi|Trick|p1a: Corviknight\n|-activate|p2a: Jirachi|move: Trick|[of] p1a: Corviknight\n|-item|p1a: Corviknight|Choice Scarf|[from] move: Trick\n|-item|p2a: Jirachi|Leftovers|[from] move: Trick\n|move|p1a: Corviknight|Defog|p2a: Jirachi\n|-unboost|p2a: Jirachi|evasion|1\n|-sideend|p1: Flufa|Stealth Rock|[from] move: Defog|[of] p1a: Corviknight\n|\n|upkeep\n|turn|7\n|\n|switch|p1a: Avalugg|Avalugg, M|100\/100\n|move|p2a: Jirachi|U-turn|p1a: Avalugg\n|-damage|p1a: Avalugg|92\/100\n|\n|switch|p2a: Ferrothorn|Ferrothorn, F, shiny|53\/100 brn|[from]move: U-turn\n|\n|-damage|p2a: Ferrothorn|47\/100 brn|[from] brn\n|upkeep\n|turn|8\n|\n|move|p1a: Avalugg|Body Press|p2a: Ferrothorn\n|-supereffective|p2a: Ferrothorn\n|-damage|p2a: Ferrothorn|0 fnt\n|-damage|p1a: Avalugg|79\/100|[from] ability: Iron Barbs|[of] p2a: Ferrothorn\n|-damage|p1a: Avalugg|63\/100|[from] item: Rocky Helmet|[of] p2a: Ferrothorn\n|faint|p2a: Ferrothorn\n|\n|upkeep\n|\n|switch|p2a: Jirachi|Jirachi, shiny|100\/100\n|turn|9\n|\n|switch|p1a: Toxapex|Toxapex, M|100\/100\n|move|p2a: Jirachi|Iron Head|p1a: Toxapex\n|-resisted|p1a: Toxapex\n|-damage|p1a: Toxapex|91\/100\n|\n|upkeep\n|turn|10\n|\n|switch|p2a: Pelipper|Pelipper, M|100\/100\n|-weather|RainDance|[from] ability: Drizzle|[of] p2a: Pelipper\n|move|p1a: Toxapex|Scald|p2a: Pelipper\n|-resisted|p2a: Pelipper\n|-crit|p2a: Pelipper\n|-damage|p2a: Pelipper|75\/100\n|-status|p2a: Pelipper|brn\n|\n|-weather|RainDance|[upkeep]\n|-damage|p2a: Pelipper|69\/100 brn|[from] brn\n|upkeep\n|turn|11\n|\n|switch|p1a: Clefable|Clefable, M|100\/100\n|move|p2a: Pelipper|U-turn|p1a: Clefable\n|-resisted|p1a: Clefable\n|-damage|p1a: Clefable|98\/100\n|\n|switch|p2a: Dracovish|Dracovish, shiny|100\/100|[from]move: U-turn\n|\n|-weather|RainDance|[upkeep]\n|-heal|p1a: Clefable|100\/100|[from] item: Leftovers\n|upkeep\n|turn|12\n|\n|move|p1a: Clefable|Protect|p1a: Clefable\n|-singleturn|p1a: Clefable|Protect\n|move|p2a: Dracovish|Fishious Rend|p1a: Clefable\n|-activate|p1a: Clefable|move: Protect\n|\n|-weather|RainDance|[upkeep]\n|upkeep\n|turn|13\n|\n|switch|p1a: Avalugg|Avalugg, M|63\/100\n|move|p2a: Dracovish|Fishious Rend|p1a: Avalugg\n|-damage|p1a: Avalugg|0 fnt\n|faint|p1a: Avalugg\n|\n|-weather|RainDance|[upkeep]\n|upkeep\n|inactive|Flufa has 120 seconds left.\n|\n|switch|p1a: Dugtrio|Dugtrio, F|100\/100\n|turn|14\n|\n|move|p2a: Dracovish|Fishious Rend|p1a: Dugtrio\n|-supereffective|p1a: Dugtrio\n|-enditem|p1a: Dugtrio|Focus Sash\n|-damage|p1a: Dugtrio|1\/100\n|move|p1a: Dugtrio|Earthquake|p2a: Dracovish\n|-damage|p2a: Dracovish|53\/100\n|\n|-weather|RainDance|[upkeep]\n|upkeep\n|turn|15\n|inactive|Flufa has 120 seconds left.\n|\n|move|p2a: Dracovish|Fishious Rend|p1a: Dugtrio\n|-supereffective|p1a: Dugtrio\n|-damage|p1a: Dugtrio|0 fnt\n|faint|p1a: Dugtrio\n|\n|-weather|RainDance|[upkeep]\n|upkeep\n|\n|switch|p1a: Toxapex|Toxapex, M|100\/100\n|turn|16\n|\n|switch|p2a: Seismitoad|Seismitoad, M|100\/100\n|move|p1a: Toxapex|Toxic|p2a: Seismitoad\n|-status|p2a: Seismitoad|tox\n|\n|-weather|RainDance|[upkeep]\n|-damage|p2a: Seismitoad|95\/100 tox|[from] psn\n|upkeep\n|turn|17\n|inactive|Flufa has 120 seconds left.\n|\n|switch|p1a: Hatterene|Hatterene, F|100\/100\n|move|p2a: Seismitoad|Earthquake|p1a: Hatterene\n|-damage|p1a: Hatterene|50\/100\n|-damage|p2a: Seismitoad|85\/100 tox|[from] item: Life Orb\n|\n|-weather|none\n|-heal|p1a: Hatterene|56\/100|[from] item: Leftovers\n|-damage|p2a: Seismitoad|73\/100 tox|[from] psn\n|upkeep\n|turn|18\n|inactive|Flufa has 120 seconds left.\n|\n|switch|p2a: Jirachi|Jirachi, shiny|100\/100\n|move|p1a: Hatterene|Draining Kiss|p2a: Jirachi\n|-resisted|p2a: Jirachi\n|-damage|p2a: Jirachi|89\/100\n|-heal|p1a: Hatterene|65\/100|[from] drain|[of] p2a: Jirachi\n|\n|-heal|p2a: Jirachi|95\/100|[from] item: Leftovers\n|-heal|p1a: Hatterene|71\/100|[from] item: Leftovers\n|upkeep\n|turn|19\n|inactive|Flufa has 120 seconds left.\n|\n|switch|p1a: Corviknight|Corviknight, M|94\/100\n|-ability|p1a: Corviknight|Pressure\n|move|p2a: Jirachi|U-turn|p1a: Corviknight\n|-resisted|p1a: Corviknight\n|-damage|p1a: Corviknight|90\/100\n|\n|switch|p2a: Pelipper|Pelipper, M|69\/100 brn|[from]move: U-turn\n|-weather|RainDance|[from] ability: Drizzle|[of] p2a: Pelipper\n|\n|-weather|RainDance|[upkeep]\n|-damage|p2a: Pelipper|63\/100 brn|[from] brn\n|upkeep\n|turn|20\n|inactive|Flufa has 120 seconds left.\n|\n|move|p1a: Corviknight|U-turn|p2a: Pelipper\n|-resisted|p2a: Pelipper\n|-damage|p2a: Pelipper|58\/100 brn\n|\n|switch|p1a: Toxapex|Toxapex, M|100\/100|[from]move: U-turn\n|move|p2a: Pelipper|U-turn|p1a: Toxapex\n|-resisted|p1a: Toxapex\n|-damage|p1a: Toxapex|99\/100\n|\n|switch|p2a: Mantine|Mantine, M|100\/100|[from]move: U-turn\n|\n|-weather|RainDance|[upkeep]\n|upkeep\n|turn|21\n|\n|move|p2a: Mantine|Hurricane|p1a: Toxapex\n|-damage|p1a: Toxapex|38\/100\n|-start|p1a: Toxapex|confusion\n|-activate|p1a: Toxapex|confusion\n|-damage|p1a: Toxapex|35\/100|[from] confusion\n|\n|-weather|RainDance|[upkeep]\n|upkeep\n|turn|22\n|\n|switch|p1a: Corviknight|Corviknight, M|90\/100\n|-ability|p1a: Corviknight|Pressure\n|move|p2a: Mantine|Hurricane|p1a: Corviknight\n|-resisted|p1a: Corviknight\n|-damage|p1a: Corviknight|65\/100\n|\n|-weather|RainDance|[upkeep]\n|upkeep\n|turn|23\n|\n|move|p2a: Mantine|Hurricane|p1a: Corviknight\n|-resisted|p1a: Corviknight\n|-damage|p1a: Corviknight|40\/100\n|-start|p1a: Corviknight|confusion\n|-activate|p1a: Corviknight|confusion\n|move|p1a: Corviknight|U-turn|p2a: Mantine\n|-resisted|p2a: Mantine\n|-damage|p2a: Mantine|89\/100\n|\n|switch|p1a: Clefable|Clefable, M|100\/100|[from]move: U-turn\n|\n|-weather|RainDance|[upkeep]\n|upkeep\n|turn|24\n|\n|move|p2a: Mantine|Hurricane|p1a: Clefable\n|-damage|p1a: Clefable|55\/100\n|move|p1a: Clefable|Wish|p1a: Clefable\n|\n|-weather|RainDance|[upkeep]\n|-heal|p1a: Clefable|61\/100|[from] item: Leftovers\n|upkeep\n|turn|25\n|\n|switch|p2a: Jirachi|Jirachi, shiny|95\/100\n|move|p1a: Clefable|Stealth Rock|p2a: Jirachi\n|-sidestart|p2: PokeDa|move: Stealth Rock\n|\n|-weather|RainDance|[upkeep]\n|-heal|p1a: Clefable|100\/100|[from] move: Wish|[wisher] Clefable\n|-heal|p2a: Jirachi|100\/100|[from] item: Leftovers\n|upkeep\n|turn|26\n|\n|switch|p1a: Toxapex|Toxapex, M|68\/100\n|move|p2a: Jirachi|Iron Head|p1a: Toxapex\n|-resisted|p1a: Toxapex\n|-damage|p1a: Toxapex|57\/100\n|\n|-weather|none\n|upkeep\n|turn|27\n|\n|move|p2a: Jirachi|U-turn|p1a: Toxapex\n|-resisted|p1a: Toxapex\n|-damage|p1a: Toxapex|51\/100\n|\n|switch|p2a: Pelipper|Pelipper, M|58\/100 brn|[from]move: U-turn\n|-damage|p2a: Pelipper|33\/100 brn|[from] Stealth Rock\n|-weather|RainDance|[from] ability: Drizzle|[of] p2a: Pelipper\n|move|p1a: Toxapex|Recover|p1a: Toxapex\n|-heal|p1a: Toxapex|100\/100\n|\n|-weather|RainDance|[upkeep]\n|-damage|p2a: Pelipper|27\/100 brn|[from] brn\n|upkeep\n|turn|28\n|\n|switch|p1a: Corviknight|Corviknight, M|40\/100\n|-ability|p1a: Corviknight|Pressure\n|move|p2a: Pelipper|Roost|p2a: Pelipper\n|-heal|p2a: Pelipper|77\/100 brn\n|-singleturn|p2a: Pelipper|move: Roost\n|\n|-weather|RainDance|[upkeep]\n|-damage|p2a: Pelipper|71\/100 brn|[from] brn\n|upkeep\n|turn|29\n|\n|move|p1a: Corviknight|Roost|p1a: Corviknight\n|-heal|p1a: Corviknight|90\/100\n|-singleturn|p1a: Corviknight|move: Roost\n|move|p2a: Pelipper|Defog|p1a: Corviknight\n|-unboost|p1a: Corviknight|evasion|1\n|-sideend|p2: PokeDa|Stealth Rock|[from] move: Defog|[of] p2a: Pelipper\n|\n|-weather|RainDance|[upkeep]\n|-damage|p2a: Pelipper|65\/100 brn|[from] brn\n|upkeep\n|turn|30\n|\n|switch|p1a: Toxapex|Toxapex, M|100\/100\n|move|p2a: Pelipper|Roost|p2a: Pelipper\n|-heal|p2a: Pelipper|100\/100 brn\n|-singleturn|p2a: Pelipper|move: Roost\n|\n|-weather|RainDance|[upkeep]\n|-damage|p2a: Pelipper|94\/100 brn|[from] brn\n|upkeep\n|turn|31\n|\n|move|p2a: Pelipper|U-turn|p1a: Toxapex\n|-resisted|p1a: Toxapex\n|-damage|p1a: Toxapex|99\/100\n|\n|switch|p2a: Jirachi|Jirachi, shiny|100\/100|[from]move: U-turn\n|move|p1a: Toxapex|Toxic|p2a: Jirachi\n|-immune|p2a: Jirachi\n|\n|-weather|RainDance|[upkeep]\n|upkeep\n|turn|32\n|\n|move|p2a: Jirachi|U-turn|p1a: Toxapex\n|-resisted|p1a: Toxapex\n|-damage|p1a: Toxapex|93\/100\n|\n|switch|p2a: Seismitoad|Seismitoad, M|73\/100 tox|[from]move: U-turn\n|move|p1a: Toxapex|Toxic|p2a: Seismitoad\n|-fail|p2a: Seismitoad|tox\n|\n|-weather|RainDance|[upkeep]\n|-damage|p2a: Seismitoad|67\/100 tox|[from] psn\n|upkeep\n|turn|33\n|\n|move|p2a: Seismitoad|Earthquake|p1a: Toxapex\n|-supereffective|p1a: Toxapex\n|-damage|p1a: Toxapex|20\/100\n|-damage|p2a: Seismitoad|57\/100 tox|[from] item: Life Orb\n|move|p1a: Toxapex|Recover|p1a: Toxapex\n|-heal|p1a: Toxapex|70\/100\n|\n|-weather|RainDance|[upkeep]\n|-damage|p2a: Seismitoad|45\/100 tox|[from] psn\n|upkeep\n|turn|34\n|\n|switch|p1a: Corviknight|Corviknight, M|90\/100\n|-ability|p1a: Corviknight|Pressure\n|move|p2a: Seismitoad|Liquidation|p1a: Corviknight\n|-damage|p1a: Corviknight|27\/100\n|-damage|p2a: Seismitoad|35\/100 tox|[from] item: Life Orb\n|\n|-weather|none\n|-damage|p2a: Seismitoad|17\/100 tox|[from] psn\n|upkeep\n|turn|35\n|inactive|PokeDa has 120 seconds left.\n|\n|move|p1a: Corviknight|Roost|p1a: Corviknight\n|-heal|p1a: Corviknight|77\/100\n|-singleturn|p1a: Corviknight|move: Roost\n|move|p2a: Seismitoad|Knock Off|p1a: Corviknight\n|-damage|p1a: Corviknight|48\/100\n|-enditem|p1a: Corviknight|Choice Scarf|[from] move: Knock Off|[of] p2a: Seismitoad\n|-damage|p2a: Seismitoad|7\/100 tox|[from] item: Life Orb\n|\n|-damage|p2a: Seismitoad|0 fnt|[from] psn\n|faint|p2a: Seismitoad\n|upkeep\n|inactive|PokeDa has 120 seconds left.\n|\n|switch|p2a: Pelipper|Pelipper, M|94\/100 brn\n|-weather|RainDance|[from] ability: Drizzle|[of] p2a: Pelipper\n|turn|36\n|\n|switch|p1a: Toxapex|Toxapex, M|100\/100\n|move|p2a: Pelipper|U-turn|p1a: Toxapex\n|-resisted|p1a: Toxapex\n|-damage|p1a: Toxapex|99\/100\n|\n|switch|p2a: Mantine|Mantine, M|89\/100|[from]move: U-turn\n|\n|-weather|RainDance|[upkeep]\n|upkeep\n|turn|37\n|\n|switch|p1a: Corviknight|Corviknight, M|48\/100\n|-ability|p1a: Corviknight|Pressure\n|move|p2a: Mantine|Hurricane|p1a: Corviknight\n|-resisted|p1a: Corviknight\n|-damage|p1a: Corviknight|26\/100\n|-start|p1a: Corviknight|confusion\n|\n|-weather|RainDance|[upkeep]\n|upkeep\n|turn|38\n|\n|switch|p2a: Dracovish|Dracovish, shiny|53\/100\n|-activate|p1a: Corviknight|confusion\n|-damage|p1a: Corviknight|19\/100|[from] confusion\n|\n|-weather|RainDance|[upkeep]\n|upkeep\n|turn|39\n|\n|switch|p1a: Toxapex|Toxapex, M|100\/100\n|move|p2a: Dracovish|Fishious Rend|p1a: Toxapex\n|-resisted|p1a: Toxapex\n|-damage|p1a: Toxapex|49\/100\n|\n|-weather|RainDance|[upkeep]\n|upkeep\n|turn|40\n|\n|switch|p1a: Corviknight|Corviknight, M|19\/100\n|-ability|p1a: Corviknight|Pressure\n|move|p2a: Dracovish|Fishious Rend|p1a: Corviknight\n|-damage|p1a: Corviknight|0 fnt\n|faint|p1a: Corviknight\n|\n|-weather|RainDance|[upkeep]\n|upkeep\n|\n|switch|p1a: Toxapex|Toxapex, M|82\/100\n|turn|41\n|\n|switch|p2a: Jirachi|Jirachi, shiny|100\/100\n|move|p1a: Toxapex|Recover|p1a: Toxapex\n|-heal|p1a: Toxapex|100\/100\n|\n|-weather|RainDance|[upkeep]\n|upkeep\n|turn|42\n|\n|switch|p2a: Pelipper|Pelipper, M|94\/100 brn\n|move|p1a: Toxapex|Scald|p2a: Pelipper\n|-resisted|p2a: Pelipper\n|-damage|p2a: Pelipper|79\/100 brn\n|\n|-weather|RainDance|[upkeep]\n|-damage|p2a: Pelipper|73\/100 brn|[from] brn\n|upkeep\n|turn|43\n|\n|move|p2a: Pelipper|Scald|p1a: Toxapex\n|-resisted|p1a: Toxapex\n|-damage|p1a: Toxapex|84\/100\n|move|p1a: Toxapex|Scald|p2a: Pelipper\n|-resisted|p2a: Pelipper\n|-damage|p2a: Pelipper|58\/100 brn\n|\n|-weather|none\n|-damage|p2a: Pelipper|52\/100 brn|[from] brn\n|upkeep\n|turn|44\n|\n|switch|p1a: Clefable|Clefable, M|100\/100\n|move|p2a: Pelipper|Roost|p2a: Pelipper\n|-heal|p2a: Pelipper|100\/100 brn\n|-singleturn|p2a: Pelipper|move: Roost\n|\n|-damage|p2a: Pelipper|94\/100 brn|[from] brn\n|upkeep\n|turn|45\n|\n|switch|p2a: Jirachi|Jirachi, shiny|100\/100\n|move|p1a: Clefable|Stealth Rock|p2a: Jirachi\n|-sidestart|p2: PokeDa|move: Stealth Rock\n|\n|upkeep\n|turn|46\n|\n|switch|p1a: Toxapex|Toxapex, M|100\/100\n|move|p2a: Jirachi|U-turn|p1a: Toxapex\n|-resisted|p1a: Toxapex\n|-damage|p1a: Toxapex|94\/100\n|\n|switch|p2a: Pelipper|Pelipper, M|94\/100 brn|[from]move: U-turn\n|-damage|p2a: Pelipper|70\/100 brn|[from] Stealth Rock\n|-weather|RainDance|[from] ability: Drizzle|[of] p2a: Pelipper\n|\n|-weather|RainDance|[upkeep]\n|-damage|p2a: Pelipper|63\/100 brn|[from] brn\n|upkeep\n|turn|47\n|\n|switch|p1a: Hatterene|Hatterene, F|71\/100\n|move|p2a: Pelipper|Defog|p1a: Hatterene\n|move|p1a: Hatterene|Defog|p2a: Pelipper|[from]Magic Bounce\n|-unboost|p2a: Pelipper|evasion|1\n|-sideend|p2: PokeDa|Stealth Rock|[from] move: Defog|[of] p1a: Hatterene\n|\n|-weather|RainDance|[upkeep]\n|-heal|p1a: Hatterene|77\/100|[from] item: Leftovers\n|-damage|p2a: Pelipper|57\/100 brn|[from] brn\n|upkeep\n|turn|48\n|\n|switch|p2a: Jirachi|Jirachi, shiny|100\/100\n|move|p1a: Hatterene|Calm Mind|p1a: Hatterene\n|-boost|p1a: Hatterene|spa|1\n|-boost|p1a: Hatterene|spd|1\n|\n|-weather|RainDance|[upkeep]\n|-heal|p1a: Hatterene|83\/100|[from] item: Leftovers\n|upkeep\n|turn|49\n|\n|switch|p1a: Toxapex|Toxapex, M|100\/100\n|move|p2a: Jirachi|Iron Head|p1a: Toxapex\n|-resisted|p1a: Toxapex\n|-damage|p1a: Toxapex|91\/100\n|\n|-weather|RainDance|[upkeep]\n|upkeep\n|turn|50\n|\n|switch|p2a: Mantine|Mantine, M|89\/100\n|move|p1a: Toxapex|Scald|p2a: Mantine\n|-resisted|p2a: Mantine\n|-damage|p2a: Mantine|79\/100\n|\n|-weather|RainDance|[upkeep]\n|upkeep\n|turn|51\n|\n|switch|p1a: Clefable|Clefable, M|100\/100\n|move|p2a: Mantine|Hurricane|p1a: Clefable\n|-damage|p1a: Clefable|55\/100\n|-start|p1a: Clefable|confusion\n|\n|-weather|RainDance|[upkeep]\n|-heal|p1a: Clefable|61\/100|[from] item: Leftovers\n|upkeep\n|turn|52\n|\n|-activate|p1a: Clefable|confusion\n|move|p1a: Clefable|Protect|p1a: Clefable\n|-singleturn|p1a: Clefable|Protect\n|move|p2a: Mantine|Hurricane|p1a: Clefable\n|-activate|p1a: Clefable|move: Protect\n|\n|-weather|RainDance|[upkeep]\n|-heal|p1a: Clefable|68\/100|[from] item: Leftovers\n|upkeep\n|turn|53\n|\n|move|p2a: Mantine|Hurricane|p1a: Clefable\n|-damage|p1a: Clefable|19\/100\n|-activate|p1a: Clefable|confusion\n|-damage|p1a: Clefable|13\/100|[from] confusion\n|\n|-weather|none\n|-heal|p1a: Clefable|19\/100|[from] item: Leftovers\n|upkeep\n|turn|54\n|\n|-end|p1a: Clefable|confusion\n|move|p1a: Clefable|Protect|p1a: Clefable\n|-singleturn|p1a: Clefable|Protect\n|move|p2a: Mantine|Hurricane|p1a: Clefable\n|-activate|p1a: Clefable|move: Protect\n|\n|-heal|p1a: Clefable|25\/100|[from] item: Leftovers\n|upkeep\n|turn|55\n|inactive|Flufa has 120 seconds left.\n|\n|switch|p1a: Toxapex|Toxapex, M|100\/100\n|move|p2a: Mantine|Hurricane|p1a: Toxapex|[miss]\n|-miss|p2a: Mantine|p1a: Toxapex\n|\n|upkeep\n|turn|56\n|inactive|Flufa has 120 seconds left.\n|\n|switch|p2a: Pelipper|Pelipper, M|57\/100 brn\n|-weather|RainDance|[from] ability: Drizzle|[of] p2a: Pelipper\n|move|p1a: Toxapex|Toxic||[still]\n|-fail|p1a: Toxapex\n|\n|-weather|RainDance|[upkeep]\n|-damage|p2a: Pelipper|51\/100 brn|[from] brn\n|upkeep\n|turn|57\n|inactive|Flufa has 120 seconds left.\n|\n|move|p2a: Pelipper|U-turn|p1a: Toxapex\n|-resisted|p1a: Toxapex\n|-damage|p1a: Toxapex|99\/100\n|\n|switch|p2a: Jirachi|Jirachi, shiny|100\/100|[from]move: U-turn\n|move|p1a: Toxapex|Scald|p2a: Jirachi\n|-damage|p2a: Jirachi|76\/100\n|-status|p2a: Jirachi|brn\n|\n|-weather|RainDance|[upkeep]\n|-heal|p2a: Jirachi|82\/100 brn|[from] item: Leftovers\n|-damage|p2a: Jirachi|76\/100 brn|[from] brn\n|upkeep\n|turn|58\n|\n|move|p2a: Jirachi|U-turn|p1a: Toxapex\n|-resisted|p1a: Toxapex\n|-damage|p1a: Toxapex|96\/100\n|\n|switch|p2a: Pelipper|Pelipper, M|51\/100 brn|[from]move: U-turn\n|move|p1a: Toxapex|Toxic||[still]\n|-fail|p1a: Toxapex\n|\n|-weather|RainDance|[upkeep]\n|-damage|p2a: Pelipper|45\/100 brn|[from] brn\n|upkeep\n|turn|59\n|\n|switch|p1a: Hatterene|Hatterene, F|83\/100\n|move|p2a: Pelipper|Roost|p2a: Pelipper\n|-heal|p2a: Pelipper|95\/100 brn\n|-singleturn|p2a: Pelipper|move: Roost\n|\n|-weather|RainDance|[upkeep]\n|-heal|p1a: Hatterene|89\/100|[from] item: Leftovers\n|-damage|p2a: Pelipper|89\/100 brn|[from] brn\n|upkeep\n|turn|60\n|\n|move|p2a: Pelipper|U-turn|p1a: Hatterene\n|-damage|p1a: Hatterene|85\/100\n|\n|switch|p2a: Jirachi|Jirachi, shiny|76\/100 brn|[from]move: U-turn\n|move|p1a: Hatterene|Calm Mind|p1a: Hatterene\n|-boost|p1a: Hatterene|spa|1\n|-boost|p1a: Hatterene|spd|1\n|\n|-weather|RainDance|[upkeep]\n|-heal|p2a: Jirachi|82\/100 brn|[from] item: Leftovers\n|-heal|p1a: Hatterene|91\/100|[from] item: Leftovers\n|-damage|p2a: Jirachi|76\/100 brn|[from] brn\n|upkeep\n|turn|61\n|\n|move|p2a: Jirachi|Healing Wish|p2a: Jirachi\n|faint|p2a: Jirachi\n|move|p1a: Hatterene|Calm Mind|p1a: Hatterene\n|-boost|p1a: Hatterene|spa|1\n|-boost|p1a: Hatterene|spd|1\n|\n|-weather|RainDance|[upkeep]\n|-heal|p1a: Hatterene|97\/100|[from] item: Leftovers\n|upkeep\n|\n|switch|p2a: Dracovish|Dracovish, shiny|53\/100\n|-heal|p2a: Dracovish|100\/100|[from] move: Healing Wish\n|turn|62\n|inactive|Flufa has 120 seconds left.\n|\n|move|p2a: Dracovish|Fishious Rend|p1a: Hatterene\n|-damage|p1a: Hatterene|0 fnt\n|faint|p1a: Hatterene\n|\n|-weather|RainDance|[upkeep]\n|upkeep\n|\n|switch|p1a: Toxapex|Toxapex, M|100\/100\n|turn|63\n|\n|switch|p2a: Pelipper|Pelipper, M|89\/100 brn\n|move|p1a: Toxapex|Scald|p2a: Pelipper\n|-resisted|p2a: Pelipper\n|-crit|p2a: Pelipper\n|-damage|p2a: Pelipper|65\/100 brn\n|\n|-weather|none\n|-damage|p2a: Pelipper|59\/100 brn|[from] brn\n|upkeep\n|turn|64\n|\n|switch|p1a: Clefable|Clefable, M|25\/100\n|move|p2a: Pelipper|Roost|p2a: Pelipper\n|-heal|p2a: Pelipper|100\/100 brn\n|-singleturn|p2a: Pelipper|move: Roost\n|\n|-heal|p1a: Clefable|31\/100|[from] item: Leftovers\n|-damage|p2a: Pelipper|94\/100 brn|[from] brn\n|upkeep\n|turn|65\n|inactive|Flufa has 120 seconds left.\n|\n|switch|p2a: Dracovish|Dracovish, shiny|100\/100\n|move|p1a: Clefable|Wish|p1a: Clefable\n|\n|-heal|p1a: Clefable|37\/100|[from] item: Leftovers\n|upkeep\n|turn|66\n|\n|switch|p2a: Pelipper|Pelipper, M|94\/100 brn\n|-weather|RainDance|[from] ability: Drizzle|[of] p2a: Pelipper\n|move|p1a: Clefable|Protect||[still]\n|-fail|p1a: Clefable\n|\n|-weather|RainDance|[upkeep]\n|-heal|p1a: Clefable|87\/100|[from] move: Wish|[wisher] Clefable\n|-heal|p1a: Clefable|93\/100|[from] item: Leftovers\n|-damage|p2a: Pelipper|88\/100 brn|[from] brn\n|upkeep\n|turn|67\n|\n|move|p1a: Clefable|Stealth Rock|p2a: Pelipper\n|-sidestart|p2: PokeDa|move: Stealth Rock\n|move|p2a: Pelipper|U-turn|p1a: Clefable\n|-resisted|p1a: Clefable\n|-damage|p1a: Clefable|91\/100\n|\n|switch|p2a: Dracovish|Dracovish, shiny|100\/100|[from]move: U-turn\n|-damage|p2a: Dracovish|88\/100|[from] Stealth Rock\n|\n|-weather|RainDance|[upkeep]\n|-heal|p1a: Clefable|97\/100|[from] item: Leftovers\n|upkeep\n|turn|68\n|\n|move|p1a: Clefable|Protect|p1a: Clefable\n|-singleturn|p1a: Clefable|Protect\n|move|p2a: Dracovish|Fishious Rend|p1a: Clefable\n|-activate|p1a: Clefable|move: Protect\n|\n|-weather|RainDance|[upkeep]\n|-heal|p1a: Clefable|100\/100|[from] item: Leftovers\n|upkeep\n|turn|69\n|inactive|Flufa has 120 seconds left.\n|\n|move|p1a: Clefable|Protect|p1a: Clefable\n|-singleturn|p1a: Clefable|Protect\n|move|p2a: Dracovish|Fishious Rend|p1a: Clefable\n|-activate|p1a: Clefable|move: Protect\n|\n|-weather|RainDance|[upkeep]\n|upkeep\n|turn|70\n|\n|move|p1a: Clefable|Protect||[still]\n|-fail|p1a: Clefable\n|move|p2a: Dracovish|Fishious Rend|p1a: Clefable\n|-damage|p1a: Clefable|7\/100\n|\n|-weather|RainDance|[upkeep]\n|-heal|p1a: Clefable|13\/100|[from] item: Leftovers\n|upkeep\n|turn|71\n|\n|move|p1a: Clefable|Protect|p1a: Clefable\n|-singleturn|p1a: Clefable|Protect\n|move|p2a: Dracovish|Fishious Rend|p1a: Clefable\n|-activate|p1a: Clefable|move: Protect\n|\n|-weather|RainDance|[upkeep]\n|-heal|p1a: Clefable|20\/100|[from] item: Leftovers\n|upkeep\n|turn|72\n|\n|move|p1a: Clefable|Protect||[still]\n|-fail|p1a: Clefable\n|move|p2a: Dracovish|Fishious Rend|p1a: Clefable\n|-damage|p1a: Clefable|0 fnt\n|faint|p1a: Clefable\n|\n|-weather|RainDance|[upkeep]\n|upkeep\n|\n|switch|p1a: Toxapex|Toxapex, M|100\/100\n|turn|73\n|\n|switch|p2a: Pelipper|Pelipper, M|88\/100 brn\n|-damage|p2a: Pelipper|63\/100 brn|[from] Stealth Rock\n|move|p1a: Toxapex|Haze|p1a: Toxapex\n|-clearallboost\n|\n|-weather|none\n|-damage|p2a: Pelipper|57\/100 brn|[from] brn\n|upkeep\n|turn|74\n|inactive|Flufa has 120 seconds left.\n|\n|move|p2a: Pelipper|Roost|p2a: Pelipper\n|-heal|p2a: Pelipper|100\/100 brn\n|-singleturn|p2a: Pelipper|move: Roost\n|move|p1a: Toxapex|Scald|p2a: Pelipper\n|-resisted|p2a: Pelipper\n|-damage|p2a: Pelipper|91\/100 brn\n|\n|-damage|p2a: Pelipper|85\/100 brn|[from] brn\n|upkeep\n|turn|75\n|\n|move|p2a: Pelipper|Defog|p1a: Toxapex\n|-unboost|p1a: Toxapex|evasion|1\n|-sideend|p2: PokeDa|Stealth Rock|[from] move: Defog|[of] p2a: Pelipper\n|move|p1a: Toxapex|Haze|p1a: Toxapex\n|-clearallboost\n|\n|-damage|p2a: Pelipper|79\/100 brn|[from] brn\n|upkeep\n|turn|76\n|\n|move|p2a: Pelipper|Scald|p1a: Toxapex\n|-resisted|p1a: Toxapex\n|-damage|p1a: Toxapex|89\/100\n|move|p1a: Toxapex|Toxic||[still]\n|-fail|p1a: Toxapex\n|\n|-damage|p2a: Pelipper|72\/100 brn|[from] brn\n|upkeep\n|turn|77\n|\n|move|p2a: Pelipper|Scald|p1a: Toxapex\n|-resisted|p1a: Toxapex\n|-damage|p1a: Toxapex|78\/100\n|move|p1a: Toxapex|Recover|p1a: Toxapex\n|-heal|p1a: Toxapex|100\/100\n|\n|-damage|p2a: Pelipper|66\/100 brn|[from] brn\n|upkeep\n|turn|78\n|\n|move|p2a: Pelipper|Scald|p1a: Toxapex\n|-resisted|p1a: Toxapex\n|-damage|p1a: Toxapex|89\/100\n|move|p1a: Toxapex|Scald|p2a: Pelipper\n|-resisted|p2a: Pelipper\n|-damage|p2a: Pelipper|56\/100 brn\n|\n|-damage|p2a: Pelipper|49\/100 brn|[from] brn\n|upkeep\n|turn|79\n|\n|move|p2a: Pelipper|Roost|p2a: Pelipper\n|-heal|p2a: Pelipper|99\/100 brn\n|-singleturn|p2a: Pelipper|move: Roost\n|move|p1a: Toxapex|Scald|p2a: Pelipper\n|-resisted|p2a: Pelipper\n|-damage|p2a: Pelipper|89\/100 brn\n|\n|-damage|p2a: Pelipper|83\/100 brn|[from] brn\n|upkeep\n|turn|80\n|\n|move|p2a: Pelipper|Scald|p1a: Toxapex\n|-resisted|p1a: Toxapex\n|-damage|p1a: Toxapex|79\/100\n|move|p1a: Toxapex|Haze|p1a: Toxapex\n|-clearallboost\n|\n|-damage|p2a: Pelipper|77\/100 brn|[from] brn\n|upkeep\n|turn|81\n|\n|move|p2a: Pelipper|Scald|p1a: Toxapex\n|-resisted|p1a: Toxapex\n|-damage|p1a: Toxapex|68\/100\n|move|p1a: Toxapex|Haze|p1a: Toxapex\n|-clearallboost\n|\n|-damage|p2a: Pelipper|70\/100 brn|[from] brn\n|upkeep\n|turn|82\n|\n|move|p2a: Pelipper|Scald|p1a: Toxapex\n|-resisted|p1a: Toxapex\n|-damage|p1a: Toxapex|57\/100\n|move|p1a: Toxapex|Haze|p1a: Toxapex\n|-clearallboost\n|\n|-damage|p2a: Pelipper|64\/100 brn|[from] brn\n|upkeep\n|turn|83\n|\n|move|p2a: Pelipper|Scald|p1a: Toxapex\n|-resisted|p1a: Toxapex\n|-damage|p1a: Toxapex|47\/100\n|move|p1a: Toxapex|Recover|p1a: Toxapex\n|-heal|p1a: Toxapex|97\/100\n|\n|-damage|p2a: Pelipper|58\/100 brn|[from] brn\n|upkeep\n|turn|84\n|\n|move|p2a: Pelipper|Scald|p1a: Toxapex\n|-resisted|p1a: Toxapex\n|-damage|p1a: Toxapex|85\/100\n|move|p1a: Toxapex|Haze|p1a: Toxapex\n|-clearallboost\n|\n|-damage|p2a: Pelipper|52\/100 brn|[from] brn\n|upkeep\n|turn|85\n|\n|move|p2a: Pelipper|Roost|p2a: Pelipper\n|-heal|p2a: Pelipper|100\/100 brn\n|-singleturn|p2a: Pelipper|move: Roost\n|move|p1a: Toxapex|Haze|p1a: Toxapex\n|-clearallboost\n|\n|-damage|p2a: Pelipper|94\/100 brn|[from] brn\n|upkeep\n|turn|86\n|\n|move|p2a: Pelipper|Scald|p1a: Toxapex\n|-resisted|p1a: Toxapex\n|-damage|p1a: Toxapex|74\/100\n|move|p1a: Toxapex|Haze|p1a: Toxapex\n|-clearallboost\n|\n|-damage|p2a: Pelipper|88\/100 brn|[from] brn\n|upkeep\n|turn|87\n|\n|move|p2a: Pelipper|Scald|p1a: Toxapex\n|-resisted|p1a: Toxapex\n|-damage|p1a: Toxapex|63\/100\n|move|p1a: Toxapex|Haze|p1a: Toxapex\n|-clearallboost\n|\n|-damage|p2a: Pelipper|82\/100 brn|[from] brn\n|upkeep\n|turn|88\n|\n|move|p2a: Pelipper|Scald|p1a: Toxapex\n|-resisted|p1a: Toxapex\n|-damage|p1a: Toxapex|52\/100\n|-status|p1a: Toxapex|brn\n|move|p1a: Toxapex|Haze|p1a: Toxapex\n|-clearallboost\n|\n|-damage|p2a: Pelipper|76\/100 brn|[from] brn\n|-damage|p1a: Toxapex|46\/100 brn|[from] brn\n|upkeep\n|turn|89\n|\n|move|p2a: Pelipper|Scald|p1a: Toxapex\n|-resisted|p1a: Toxapex\n|-damage|p1a: Toxapex|35\/100 brn\n|move|p1a: Toxapex|Recover|p1a: Toxapex\n|-heal|p1a: Toxapex|85\/100 brn\n|\n|-damage|p2a: Pelipper|70\/100 brn|[from] brn\n|-damage|p1a: Toxapex|79\/100 brn|[from] brn\n|upkeep\n|turn|90\n|\n|move|p2a: Pelipper|U-turn|p1a: Toxapex\n|-resisted|p1a: Toxapex\n|-damage|p1a: Toxapex|77\/100 brn\n|\n|switch|p2a: Mantine|Mantine, M|79\/100|[from]move: U-turn\n|move|p1a: Toxapex|Haze|p1a: Toxapex\n|-clearallboost\n|\n|-damage|p1a: Toxapex|71\/100 brn|[from] brn\n|upkeep\n|turn|91\n|\n|switch|p2a: Pelipper|Pelipper, M|70\/100 brn\n|-weather|RainDance|[from] ability: Drizzle|[of] p2a: Pelipper\n|move|p1a: Toxapex|Recover|p1a: Toxapex\n|-heal|p1a: Toxapex|100\/100 brn\n|\n|-weather|RainDance|[upkeep]\n|-damage|p2a: Pelipper|63\/100 brn|[from] brn\n|-damage|p1a: Toxapex|94\/100 brn|[from] brn\n|upkeep\n|turn|92\n|\n|move|p2a: Pelipper|Roost|p2a: Pelipper\n|-heal|p2a: Pelipper|100\/100 brn\n|-singleturn|p2a: Pelipper|move: Roost\n|move|p1a: Toxapex|Scald|p2a: Pelipper\n|-resisted|p2a: Pelipper\n|-damage|p2a: Pelipper|84\/100 brn\n|\n|-weather|RainDance|[upkeep]\n|-damage|p2a: Pelipper|78\/100 brn|[from] brn\n|-damage|p1a: Toxapex|88\/100 brn|[from] brn\n|upkeep\n|turn|93\n|\n|move|p2a: Pelipper|U-turn|p1a: Toxapex\n|-resisted|p1a: Toxapex\n|-damage|p1a: Toxapex|87\/100 brn\n|\n|switch|p2a: Mantine|Mantine, M|79\/100|[from]move: U-turn\n|move|p1a: Toxapex|Toxic|p2a: Mantine\n|-status|p2a: Mantine|tox\n|\n|-weather|RainDance|[upkeep]\n|-damage|p2a: Mantine|73\/100 tox|[from] psn\n|-damage|p1a: Toxapex|80\/100 brn|[from] brn\n|upkeep\n|turn|94\n|\n|move|p2a: Mantine|Hurricane|p1a: Toxapex\n|-damage|p1a: Toxapex|24\/100 brn\n|move|p1a: Toxapex|Recover|p1a: Toxapex\n|-heal|p1a: Toxapex|74\/100 brn\n|\n|-weather|RainDance|[upkeep]\n|-damage|p2a: Mantine|60\/100 tox|[from] psn\n|-damage|p1a: Toxapex|68\/100 brn|[from] brn\n|upkeep\n|turn|95\n|\n|move|p2a: Mantine|Hurricane|p1a: Toxapex\n|-damage|p1a: Toxapex|15\/100 brn\n|-start|p1a: Toxapex|confusion\n|-activate|p1a: Toxapex|confusion\n|-damage|p1a: Toxapex|14\/100 brn|[from] confusion\n|\n|-weather|RainDance|[upkeep]\n|-damage|p2a: Mantine|42\/100 tox|[from] psn\n|-damage|p1a: Toxapex|7\/100 brn|[from] brn\n|upkeep\n|turn|96\n|c|\u2606PokeDa|gg\n|-message|Flufa forfeited.\n|\n|win|PokeDa\n|l|\u2606Flufa\n|raw|Flufa's rating: 1607 &rarr; <strong>1587<\/strong><br \/>(-20 for losing)\n|raw|PokeDa's rating: 1607 &rarr; <strong>1627<\/strong><br \/>(+20 for winning)\n","uploadtime":1583541787,"views":15,"p1id":"flufa","p2id":"pokeda","formatid":"gen8ou","rating":1587,"private":0,"password":null}