{"id":"gen8nationaldexag-1568630813","p1":"Sir Fresh","p2":"REN_IG_VGC","format":"gen8nationaldexag","log":"|j|\u2606Sir Fresh\n|j|\u2606REN_IG_VGC\n|t:|1651796490\n|gametype|singles\n|player|p1|Sir Fresh|palmer|\n|player|p2|REN_IG_VGC|169|\n|teamsize|p1|6\n|teamsize|p2|6\n|gen|8\n|tier|[Gen 8] National Dex AG\n|rule|HP Percentage Mod: HP is shown in percentages\n|rule|Endless Battle Clause: Forcing endless battles is banned\n|clearpoke\n|poke|p1|Kyogre|\n|poke|p1|Kartana|\n|poke|p1|Gliscor, M|\n|poke|p1|Gardevoir, F|\n|poke|p1|Porygon2|\n|poke|p1|Tapu Koko|\n|poke|p2|Groudon|\n|poke|p2|Greninja, M|\n|poke|p2|Rillaboom, M|\n|poke|p2|Kyurem|\n|poke|p2|Clefable, M|\n|poke|p2|Aerodactyl, F|\n|teampreview\n|\n|t:|1651796511\n|start\n|switch|p1a: Tapu Koko|Tapu Koko|100\/100\n|switch|p2a: Kyurem|Kyurem|100\/100\n|-fieldstart|move: Electric Terrain|[from] ability: Electric Surge|[of] p1a: Tapu Koko\n|-ability|p2a: Kyurem|Pressure\n|turn|1\n|\n|t:|1651796520\n|move|p1a: Tapu Koko|Nature's Madness|p2a: Kyurem\n|-damage|p2a: Kyurem|51\/100\n|move|p2a: Kyurem|Substitute|p2a: Kyurem\n|-start|p2a: Kyurem|Substitute\n|-damage|p2a: Kyurem|26\/100\n|\n|upkeep\n|turn|2\n|\n|t:|1651796527\n|move|p1a: Tapu Koko|Brave Bird|p2a: Kyurem\n|-end|p2a: Kyurem|Substitute\n|-damage|p1a: Tapu Koko|89\/100|[from] Recoil|[of] p2a: Kyurem\n|move|p2a: Kyurem|Roost|p2a: Kyurem\n|-heal|p2a: Kyurem|76\/100\n|-singleturn|p2a: Kyurem|move: Roost\n|\n|upkeep\n|turn|3\n|\n|t:|1651796535\n|move|p1a: Tapu Koko|U-turn|p2a: Kyurem\n|-damage|p2a: Kyurem|55\/100\n|\n|t:|1651796538\n|switch|p1a: Gardevoir|Gardevoir, F|100\/100|[from]move: U-turn\n|-ability|p1a: Gardevoir|Pressure|[from] ability: Trace|[of] p2a: Kyurem\n|-ability|p1a: Gardevoir|Pressure\n|move|p2a: Kyurem|Substitute|p2a: Kyurem\n|-start|p2a: Kyurem|Substitute\n|-damage|p2a: Kyurem|31\/100\n|\n|upkeep\n|turn|4\n|\n|t:|1651796545\n|switch|p2a: Groudon|Groudon|100\/100\n|detailschange|p2a: Groudon|Groudon-Primal\n|-primal|p2a: Groudon\n|-weather|DesolateLand|[from] ability: Desolate Land|[of] p2a: Groudon\n|detailschange|p1a: Gardevoir|Gardevoir-Mega, F\n|-mega|p1a: Gardevoir|Gardevoir|Gardevoirite\n|move|p1a: Gardevoir|Hyper Voice|p2a: Groudon\n|-resisted|p2a: Groudon\n|-damage|p2a: Groudon|67\/100\n|\n|-weather|DesolateLand|[upkeep]\n|upkeep\n|turn|5\n|\n|t:|1651796555\n|switch|p1a: Kyogre|Kyogre|100\/100\n|detailschange|p1a: Kyogre|Kyogre-Primal\n|-primal|p1a: Kyogre\n|-weather|PrimordialSea|[from] ability: Primordial Sea|[of] p1a: Kyogre\n|move|p2a: Groudon|Swords Dance|p2a: Groudon\n|-boost|p2a: Groudon|atk|2\n|\n|-weather|PrimordialSea|[upkeep]\n|-fieldend|move: Electric Terrain\n|upkeep\n|turn|6\n|\n|t:|1651796560\n|move|p2a: Groudon|Precipice Blades|p1a: Kyogre|[miss]\n|-miss|p2a: Groudon|p1a: Kyogre\n|move|p1a: Kyogre|Water Spout|p2a: Groudon\n|-supereffective|p2a: Groudon\n|-damage|p2a: Groudon|0 fnt\n|faint|p2a: Groudon\n|\n|-weather|PrimordialSea|[upkeep]\n|upkeep\n|c|\u2606Sir Fresh|Rip\n|c|\u2606REN_IG_VGC|please\n|c|\u2606REN_IG_VGC|for ffs\n|\n|t:|1651796572\n|switch|p2a: Kyurem|Kyurem|31\/100\n|-ability|p2a: Kyurem|Pressure\n|turn|7\n|\n|t:|1651796577\n|-weather|none\n|switch|p1a: Gardevoir|Gardevoir-Mega, F|100\/100\n|move|p2a: Kyurem|Freeze-Dry|p1a: Gardevoir\n|-damage|p1a: Gardevoir|68\/100\n|\n|upkeep\n|turn|8\n|c|\u2606REN_IG_VGC|i had literally just won that game\n|c|\u2606REN_IG_VGC|but pp said *no*\n|c|\u2606REN_IG_VGC|there was nothing you could do to stop a rock polish sweep\n|\n|t:|1651796610\n|move|p1a: Gardevoir|Hyper Voice|p2a: Kyurem\n|-supereffective|p2a: Kyurem\n|-damage|p2a: Kyurem|0 fnt\n|faint|p2a: Kyurem\n|\n|upkeep\n|\n|t:|1651796620\n|switch|p2a: Aerodactyl|Aerodactyl, F|100\/100\n|turn|9\n|c|\u2606Sir Fresh|Yeah you won the speed tie but lost the accuracy check\n|\n|t:|1651796630\n|detailschange|p2a: Aerodactyl|Aerodactyl-Mega, F\n|-mega|p2a: Aerodactyl|Aerodactyl|Aerodactylite\n|move|p2a: Aerodactyl|Dragon Dance|p2a: Aerodactyl\n|-boost|p2a: Aerodactyl|atk|1\n|-boost|p2a: Aerodactyl|spe|1\n|move|p1a: Gardevoir|Hyper Voice|p2a: Aerodactyl\n|-damage|p2a: Aerodactyl|21\/100\n|\n|upkeep\n|turn|10\n|c|\u2606REN_IG_VGC|Ive been losing everything luck related for the all these games\n|\n|t:|1651796646\n|move|p2a: Aerodactyl|Dual Wingbeat|p1a: Gardevoir\n|-damage|p1a: Gardevoir|0 fnt\n|faint|p1a: Gardevoir\n|-hitcount|p1: Gardevoir|1\n|\n|upkeep\n|\n|t:|1651796658\n|switch|p1a: Porygon2|Porygon2|100\/100\n|-ability|p1a: Porygon2|Tough Claws|[from] ability: Trace|[of] p2a: Aerodactyl\n|turn|11\n|\n|t:|1651796662\n|move|p2a: Aerodactyl|Dual Wingbeat|p1a: Porygon2\n|-crit|p1a: Porygon2\n|-damage|p1a: Porygon2|51\/100\n|-damage|p1a: Porygon2|22\/100\n|-hitcount|p1a: Porygon2|2\n|move|p1a: Porygon2|Foul Play|p2a: Aerodactyl\n|-damage|p2a: Aerodactyl|0 fnt\n|faint|p2a: Aerodactyl\n|\n|upkeep\n|\n|t:|1651796670\n|switch|p2a: Rillaboom|Rillaboom, M|100\/100\n|-fieldstart|move: Grassy Terrain|[from] ability: Grassy Surge|[of] p2a: Rillaboom\n|turn|12\n|\n|t:|1651796675\n|switch|p1a: Gliscor|Gliscor, M|100\/100\n|move|p2a: Rillaboom|Wood Hammer|p1a: Gliscor\n|-damage|p1a: Gliscor|51\/100\n|-damage|p2a: Rillaboom|86\/100|[from] Recoil\n|\n|-heal|p2a: Rillaboom|92\/100|[from] Grassy Terrain\n|-status|p1a: Gliscor|tox|[from] item: Toxic Orb\n|upkeep\n|turn|13\n|\n|t:|1651796685\n|move|p1a: Gliscor|U-turn|p2a: Rillaboom\n|-supereffective|p2a: Rillaboom\n|-damage|p2a: Rillaboom|63\/100\n|\n|t:|1651796691\n|switch|p1a: Kartana|Kartana|100\/100|[from]move: U-turn\n|move|p2a: Rillaboom|Wood Hammer|p1a: Kartana\n|-resisted|p1a: Kartana\n|-damage|p1a: Kartana|77\/100\n|-damage|p2a: Rillaboom|58\/100|[from] Recoil\n|\n|-heal|p1a: Kartana|84\/100|[from] Grassy Terrain\n|-heal|p2a: Rillaboom|64\/100|[from] Grassy Terrain\n|upkeep\n|turn|14\n|\n|t:|1651796745\n|move|p1a: Kartana|Smart Strike|p2a: Rillaboom\n|-damage|p2a: Rillaboom|21\/100\n|move|p2a: Rillaboom|High Horsepower|p1a: Kartana\n|-damage|p1a: Kartana|44\/100\n|\n|-heal|p1a: Kartana|50\/100|[from] Grassy Terrain\n|-heal|p2a: Rillaboom|27\/100|[from] Grassy Terrain\n|upkeep\n|turn|15\n|\n|t:|1651796752\n|switch|p2a: Greninja|Greninja, M|100\/100\n|move|p1a: Kartana|Smart Strike|p2a: Greninja\n|-resisted|p2a: Greninja\n|-damage|p2a: Greninja|60\/100\n|\n|-heal|p2a: Greninja|66\/100|[from] Grassy Terrain\n|-heal|p1a: Kartana|56\/100|[from] Grassy Terrain\n|upkeep\n|turn|16\n|\n|t:|1651796773\n|switch|p1a: Gliscor|Gliscor, M|51\/100 tox\n|move|p2a: Greninja|Ice Beam|p1a: Gliscor\n|-start|p2a: Greninja|typechange|Ice|[from] ability: Protean\n|-supereffective|p1a: Gliscor\n|-damage|p1a: Gliscor|0 fnt\n|faint|p1a: Gliscor\n|\n|-heal|p2a: Greninja|72\/100|[from] Grassy Terrain\n|-fieldend|move: Grassy Terrain\n|upkeep\n|\n|t:|1651796778\n|switch|p1a: Kyogre|Kyogre-Primal|100\/100\n|-weather|PrimordialSea|[from] ability: Primordial Sea|[of] p1a: Kyogre\n|turn|17\n|\n|t:|1651796783\n|switch|p2a: Clefable|Clefable, M|100\/100\n|move|p1a: Kyogre|Water Spout|p2a: Clefable\n|-damage|p2a: Clefable|0 fnt\n|faint|p2a: Clefable\n|\n|-weather|PrimordialSea|[upkeep]\n|upkeep\n|\n|t:|1651796787\n|switch|p2a: Rillaboom|Rillaboom, M|27\/100\n|-fieldstart|move: Grassy Terrain|[from] ability: Grassy Surge|[of] p2a: Rillaboom\n|turn|18\n|\n|t:|1651796794\n|-weather|none\n|switch|p1a: Porygon2|Porygon2|22\/100\n|-ability|p1a: Porygon2|Grassy Surge|[from] ability: Trace|[of] p2a: Rillaboom\n|move|p2a: Rillaboom|Grassy Glide|p1a: Porygon2\n|-damage|p1a: Porygon2|0 fnt\n|faint|p1a: Porygon2\n|\n|-heal|p2a: Rillaboom|33\/100|[from] Grassy Terrain\n|upkeep\n|\n|t:|1651796797\n|switch|p1a: Tapu Koko|Tapu Koko|89\/100\n|-fieldstart|move: Electric Terrain|[from] ability: Electric Surge|[of] p1a: Tapu Koko\n|turn|19\n|\n|t:|1651796809\n|move|p1a: Tapu Koko|Brave Bird|p2a: Rillaboom\n|-supereffective|p2a: Rillaboom\n|-damage|p2a: Rillaboom|0 fnt\n|faint|p2a: Rillaboom\n|-damage|p1a: Tapu Koko|75\/100|[from] Recoil\n|\n|upkeep\n|\n|t:|1651796811\n|switch|p2a: Greninja|Greninja, M|72\/100\n|turn|20\n|\n|t:|1651796815\n|move|p2a: Greninja|Grass Knot|p1a: Tapu Koko\n|-start|p2a: Greninja|typechange|Grass|[from] ability: Protean\n|-damage|p1a: Tapu Koko|48\/100\n|move|p1a: Tapu Koko|Thunder Punch|p2a: Greninja\n|-resisted|p2a: Greninja\n|-damage|p2a: Greninja|37\/100\n|\n|upkeep\n|turn|21\n|\n|t:|1651796820\n|move|p2a: Greninja|Grass Knot|p1a: Tapu Koko\n|-damage|p1a: Tapu Koko|19\/100\n|move|p1a: Tapu Koko|Brave Bird|p2a: Greninja\n|-supereffective|p2a: Greninja\n|-damage|p2a: Greninja|0 fnt\n|faint|p2a: Greninja\n|-damage|p1a: Tapu Koko|7\/100|[from] Recoil\n|\n|win|Sir Fresh\n|l|\u2606REN_IG_VGC\n","uploadtime":1651796833,"views":10,"p1id":"sirfresh","p2id":"renigvgc","formatid":"gen8nationaldexag","rating":0,"private":0,"password":null}