{"id":"gen8ou-1677092820","p1":"cows123p","p2":"Guest 5890168","format":"gen8ou","log":"|j|\u2606cows123p\n|j|\u203dGuest 5890168\n|t:|1664852278\n|gametype|singles\n|player|p1|cows123p|twins-gen4dp|1506\n|player|p2|Guest 5890168|170|1458\n|teamsize|p1|6\n|teamsize|p2|6\n|gen|8\n|tier|[Gen 8] OU\n|rated|\n|rule|Sleep Clause Mod: Limit one foe put to sleep\n|rule|Species Clause: Limit one of each Pok\u00e9mon\n|rule|OHKO Clause: OHKO moves are banned\n|rule|Evasion Items Clause: Evasion items are banned\n|rule|Evasion Moves Clause: Evasion moves are banned\n|rule|Endless Battle Clause: Forcing endless battles is banned\n|rule|HP Percentage Mod: HP is shown in percentages\n|rule|Dynamax Clause: You cannot dynamax\n|clearpoke\n|poke|p1|Blacephalon|\n|poke|p1|Corviknight, M|\n|poke|p1|Slowking-Galar, M|\n|poke|p1|Garchomp, M|\n|poke|p1|Kartana|\n|poke|p1|Tapu Fini|\n|poke|p2|Rotom-Wash|\n|poke|p2|Weavile, F|\n|poke|p2|Landorus-Therian, M|\n|poke|p2|Heatran, M|\n|poke|p2|Tangrowth, M|\n|poke|p2|Melmetal|\n|teampreview\n|inactive|Battle timer is ON: inactive players will automatically lose when time's up. (requested by Guest 5890168)\n|\n|t:|1664852293\n|start\n|switch|p1a: Slowking|Slowking-Galar, M|100\/100\n|switch|p2a: Melmetal|Melmetal|100\/100\n|turn|1\n|\n|t:|1664852299\n|move|p2a: Melmetal|Double Iron Bash|p1a: Slowking\n|-damage|p1a: Slowking|58\/100\n|-damage|p1a: Slowking|17\/100\n|-hitcount|p1a: Slowking|2\n|move|p1a: Slowking|Flamethrower|p2a: Melmetal\n|-supereffective|p2a: Melmetal\n|-damage|p2a: Melmetal|70\/100\n|\n|upkeep\n|turn|2\n|\n|t:|1664852307\n|switch|p1a: Corviknight|Corviknight, M|100\/100\n|-ability|p1a: Corviknight|Pressure\n|move|p2a: Melmetal|Ice Punch|p1a: Corviknight\n|-damage|p1a: Corviknight|80\/100\n|\n|-heal|p1a: Corviknight|87\/100|[from] item: Leftovers\n|upkeep\n|turn|3\n|\n|t:|1664852316\n|move|p1a: Corviknight|Body Press|p2a: Melmetal\n|-supereffective|p2a: Melmetal\n|-damage|p2a: Melmetal|39\/100\n|move|p2a: Melmetal|Thunder Punch|p1a: Corviknight\n|-supereffective|p1a: Corviknight\n|-damage|p1a: Corviknight|49\/100\n|\n|-heal|p1a: Corviknight|55\/100|[from] item: Leftovers\n|upkeep\n|turn|4\n|\n|t:|1664852324\n|switch|p2a: Rotom|Rotom-Wash|100\/100\n|move|p1a: Corviknight|Body Press|p2a: Rotom\n|-damage|p2a: Rotom|73\/100\n|\n|-heal|p2a: Rotom|79\/100|[from] item: Leftovers\n|-heal|p1a: Corviknight|61\/100|[from] item: Leftovers\n|upkeep\n|turn|5\n|\n|t:|1664852332\n|switch|p1a: Garchomp|Garchomp, M|100\/100\n|move|p2a: Rotom|Thunderbolt|p1a: Garchomp\n|-immune|p1a: Garchomp\n|\n|-heal|p2a: Rotom|85\/100|[from] item: Leftovers\n|upkeep\n|turn|6\n|\n|t:|1664852341\n|switch|p1a: Slowking|Slowking-Galar, M|50\/100\n|switch|p2a: Heatran|Heatran, M|100\/100\n|-item|p2a: Heatran|Air Balloon\n|\n|upkeep\n|turn|7\n|\n|t:|1664852349\n|move|p2a: Heatran|Magma Storm|p1a: Slowking|[miss]\n|-miss|p2a: Heatran|p1a: Slowking\n|move|p1a: Slowking|Ice Beam|p2a: Heatran\n|-resisted|p2a: Heatran\n|-damage|p2a: Heatran|93\/100\n|-enditem|p2a: Heatran|Air Balloon\n|\n|upkeep\n|turn|8\n|\n|t:|1664852356\n|switch|p1a: Tapu Fini|Tapu Fini|100\/100\n|-fieldstart|move: Misty Terrain|[from] ability: Misty Surge|[of] p1a: Tapu Fini\n|move|p2a: Heatran|Stealth Rock|p1a: Tapu Fini\n|-sidestart|p1: cows123p|move: Stealth Rock\n|\n|upkeep\n|turn|9\n|\n|t:|1664852363\n|switch|p2a: Rotom|Rotom-Wash|85\/100\n|move|p1a: Tapu Fini|Scald|p2a: Rotom\n|-resisted|p2a: Rotom\n|-damage|p2a: Rotom|66\/100\n|\n|-heal|p2a: Rotom|73\/100|[from] item: Leftovers\n|upkeep\n|turn|10\n|\n|t:|1664852371\n|switch|p1a: Slowking|Slowking-Galar, M|83\/100\n|-damage|p1a: Slowking|71\/100|[from] Stealth Rock\n|move|p2a: Rotom|Thunderbolt|p1a: Slowking\n|-crit|p1a: Slowking\n|-damage|p1a: Slowking|42\/100\n|\n|-heal|p2a: Rotom|79\/100|[from] item: Leftovers\n|upkeep\n|turn|11\n|\n|t:|1664852389\n|move|p2a: Rotom|Nasty Plot|p2a: Rotom\n|-boost|p2a: Rotom|spa|2\n|move|p1a: Slowking|Psyshock|p2a: Rotom\n|-damage|p2a: Rotom|39\/100\n|\n|-heal|p2a: Rotom|46\/100|[from] item: Leftovers\n|upkeep\n|turn|12\n|\n|t:|1664852397\n|move|p2a: Rotom|Thunderbolt|p1a: Slowking\n|-damage|p1a: Slowking|4\/100\n|move|p1a: Slowking|Sludge Bomb|p2a: Rotom\n|-damage|p2a: Rotom|0 fnt\n|faint|p2a: Rotom\n|\n|-fieldend|Misty Terrain\n|upkeep\n|\n|t:|1664852397\n|switch|p2a: Melmetal|Melmetal|39\/100\n|turn|13\n|\n|t:|1664852408\n|switch|p1a: Corviknight|Corviknight, M|61\/100\n|-damage|p1a: Corviknight|49\/100|[from] Stealth Rock\n|-ability|p1a: Corviknight|Pressure\n|move|p2a: Melmetal|Ice Punch|p1a: Corviknight\n|-damage|p1a: Corviknight|28\/100\n|\n|-heal|p1a: Corviknight|34\/100|[from] item: Leftovers\n|upkeep\n|turn|14\n|\n|t:|1664852418\n|move|p1a: Corviknight|Roost|p1a: Corviknight\n|-heal|p1a: Corviknight|84\/100\n|-singleturn|p1a: Corviknight|move: Roost\n|move|p2a: Melmetal|Thunder Punch|p1a: Corviknight\n|-damage|p1a: Corviknight|64\/100\n|\n|-heal|p1a: Corviknight|70\/100|[from] item: Leftovers\n|upkeep\n|turn|15\n|\n|t:|1664852427\n|move|p1a: Corviknight|Defog|p2a: Melmetal\n|-unboost|p2a: Melmetal|evasion|1\n|-sideend|p1: cows123p|Stealth Rock|[from] move: Defog|[of] p1a: Corviknight\n|move|p2a: Melmetal|Thunder Punch|p1a: Corviknight\n|-supereffective|p1a: Corviknight\n|-damage|p1a: Corviknight|30\/100\n|-status|p1a: Corviknight|par\n|\n|-heal|p1a: Corviknight|36\/100 par|[from] item: Leftovers\n|upkeep\n|turn|16\n|\n|t:|1664852436\n|switch|p1a: Garchomp|Garchomp, M|100\/100\n|move|p2a: Melmetal|Double Iron Bash|p1a: Garchomp\n|-damage|p1a: Garchomp|57\/100\n|-damage|p2a: Melmetal|27\/100|[from] ability: Rough Skin|[of] p1a: Garchomp\n|-damage|p1a: Garchomp|17\/100\n|-damage|p2a: Melmetal|14\/100|[from] ability: Rough Skin|[of] p1a: Garchomp\n|-hitcount|p1a: Garchomp|2\n|\n|-heal|p1a: Garchomp|23\/100|[from] item: Leftovers\n|upkeep\n|turn|17\n|\n|t:|1664852452\n|switch|p2a: Landorus|Landorus-Therian, M|100\/100\n|-ability|p2a: Landorus|Intimidate|boost\n|-unboost|p1a: Garchomp|atk|1\n|move|p1a: Garchomp|Stealth Rock|p2a: Landorus\n|-sidestart|p2: Guest 5890168|move: Stealth Rock\n|\n|-heal|p1a: Garchomp|29\/100|[from] item: Leftovers\n|upkeep\n|turn|18\n|\n|t:|1664852459\n|switch|p1a: Corviknight|Corviknight, M|36\/100 par\n|-ability|p1a: Corviknight|Pressure\n|move|p2a: Landorus|Defog|p1a: Corviknight\n|-unboost|p1a: Corviknight|evasion|1\n|-sideend|p2: Guest 5890168|Stealth Rock|[from] move: Defog|[of] p2a: Landorus\n|\n|-heal|p1a: Corviknight|42\/100 par|[from] item: Leftovers\n|upkeep\n|turn|19\n|\n|t:|1664852468\n|move|p2a: Landorus|U-turn|p1a: Corviknight\n|-resisted|p1a: Corviknight\n|-damage|p1a: Corviknight|39\/100 par\n|\n|t:|1664852469\n|switch|p2a: Heatran|Heatran, M|93\/100|[from]move: U-turn\n|move|p1a: Corviknight|U-turn|p2a: Heatran\n|-resisted|p2a: Heatran\n|-damage|p2a: Heatran|90\/100\n|\n|t:|1664852475\n|switch|p1a: Tapu Fini|Tapu Fini|100\/100|[from]move: U-turn\n|-fieldstart|move: Misty Terrain|[from] ability: Misty Surge|[of] p1a: Tapu Fini\n|\n|upkeep\n|turn|20\n|\n|t:|1664852482\n|move|p2a: Heatran|Stealth Rock|p1a: Tapu Fini\n|-sidestart|p1: cows123p|move: Stealth Rock\n|move|p1a: Tapu Fini|Calm Mind|p1a: Tapu Fini\n|-boost|p1a: Tapu Fini|spa|1\n|-boost|p1a: Tapu Fini|spd|1\n|\n|upkeep\n|turn|21\n|\n|t:|1664852487\n|switch|p2a: Tangrowth|Tangrowth, M|100\/100\n|move|p1a: Tapu Fini|Calm Mind|p1a: Tapu Fini\n|-boost|p1a: Tapu Fini|spa|1\n|-boost|p1a: Tapu Fini|spd|1\n|\n|upkeep\n|turn|22\n|\n|t:|1664852492\n|move|p1a: Tapu Fini|Taunt|p2a: Tangrowth\n|-start|p2a: Tangrowth|move: Taunt\n|move|p2a: Tangrowth|Giga Drain|p1a: Tapu Fini\n|-supereffective|p1a: Tapu Fini\n|-damage|p1a: Tapu Fini|80\/100\n|\n|-heal|p1a: Tapu Fini|86\/100|[from] item: Leftovers\n|upkeep\n|turn|23\n|\n|t:|1664852500\n|move|p1a: Tapu Fini|Draining Kiss|p2a: Tangrowth\n|-crit|p2a: Tangrowth\n|-damage|p2a: Tangrowth|0 fnt\n|-heal|p1a: Tapu Fini|100\/100|[from] drain|[of] p2a: Tangrowth\n|-damage|p1a: Tapu Fini|84\/100|[from] item: Rocky Helmet|[of] p2a: Tangrowth\n|faint|p2a: Tangrowth\n|\n|-heal|p1a: Tapu Fini|90\/100|[from] item: Leftovers\n|-fieldend|Misty Terrain\n|upkeep\n|\n|t:|1664852500\n|switch|p2a: Landorus|Landorus-Therian, M|100\/100\n|-ability|p2a: Landorus|Intimidate|boost\n|-unboost|p1a: Tapu Fini|atk|1\n|turn|24\n|\n|t:|1664852511\n|switch|p2a: Melmetal|Melmetal|14\/100\n|move|p1a: Tapu Fini|Draining Kiss|p2a: Melmetal\n|-resisted|p2a: Melmetal\n|-damage|p2a: Melmetal|2\/100\n|-heal|p1a: Tapu Fini|100\/100|[from] drain|[of] p2a: Melmetal\n|\n|upkeep\n|turn|25\n|\n|t:|1664852518\n|move|p1a: Tapu Fini|Scald|p2a: Melmetal\n|-damage|p2a: Melmetal|0 fnt\n|faint|p2a: Melmetal\n|\n|upkeep\n|\n|t:|1664852518\n|switch|p2a: Landorus|Landorus-Therian, M|100\/100\n|-ability|p2a: Landorus|Intimidate|boost\n|-unboost|p1a: Tapu Fini|atk|1\n|turn|26\n|\n|t:|1664852526\n|move|p2a: Landorus|Toxic|p1a: Tapu Fini\n|-status|p1a: Tapu Fini|tox\n|move|p1a: Tapu Fini|Draining Kiss|p2a: Landorus\n|-damage|p2a: Landorus|64\/100\n|\n|-heal|p2a: Landorus|70\/100|[from] item: Leftovers\n|-damage|p1a: Tapu Fini|94\/100 tox|[from] psn\n|upkeep\n|turn|27\n|\n|t:|1664852533\n|move|p2a: Landorus|Earthquake|p1a: Tapu Fini\n|-damage|p1a: Tapu Fini|56\/100 tox\n|move|p1a: Tapu Fini|Scald|p2a: Landorus\n|-supereffective|p2a: Landorus\n|-damage|p2a: Landorus|0 fnt\n|faint|p2a: Landorus\n|\n|-heal|p1a: Tapu Fini|62\/100 tox|[from] item: Leftovers\n|-damage|p1a: Tapu Fini|50\/100 tox|[from] psn\n|upkeep\n|\n|t:|1664852533\n|switch|p2a: Weavile|Weavile, F|100\/100\n|-ability|p2a: Weavile|Pressure\n|turn|28\n|\n|t:|1664852545\n|switch|p2a: Heatran|Heatran, M|90\/100\n|move|p1a: Tapu Fini|Draining Kiss|p2a: Heatran\n|-resisted|p2a: Heatran\n|-damage|p2a: Heatran|79\/100\n|-heal|p1a: Tapu Fini|57\/100 tox|[from] drain|[of] p2a: Heatran\n|\n|-heal|p1a: Tapu Fini|63\/100 tox|[from] item: Leftovers\n|-damage|p1a: Tapu Fini|45\/100 tox|[from] psn\n|upkeep\n|turn|29\n|\n|t:|1664852554\n|move|p2a: Heatran|Magma Storm|p1a: Tapu Fini\n|-resisted|p1a: Tapu Fini\n|-damage|p1a: Tapu Fini|35\/100 tox\n|-activate|p1a: Tapu Fini|move: Magma Storm|[of] p2a: Heatran\n|move|p1a: Tapu Fini|Scald|p2a: Heatran\n|-supereffective|p2a: Heatran\n|-damage|p2a: Heatran|0 fnt\n|faint|p2a: Heatran\n|\n|-heal|p1a: Tapu Fini|41\/100 tox|[from] item: Leftovers\n|-damage|p1a: Tapu Fini|16\/100 tox|[from] psn\n|-end|p1a: Tapu Fini|Magma Storm|[partiallytrapped]|[silent]\n|upkeep\n|\n|t:|1664852554\n|switch|p2a: Weavile|Weavile, F|100\/100\n|-ability|p2a: Weavile|Pressure\n|turn|30\n|\n|t:|1664852567\n|move|p2a: Weavile|Knock Off|p1a: Tapu Fini\n|-resisted|p1a: Tapu Fini\n|-damage|p1a: Tapu Fini|0 fnt\n|-enditem|p1a: Tapu Fini|Leftovers|[from] move: Knock Off|[of] p2a: Weavile\n|faint|p1a: Tapu Fini\n|\n|upkeep\n|\n|t:|1664852573\n|switch|p1a: Kartana|Kartana|100\/100\n|-damage|p1a: Kartana|94\/100|[from] Stealth Rock\n|turn|31\n|\n|t:|1664852577\n|move|p1a: Kartana|Sacred Sword|p2a: Weavile\n|-supereffective|p2a: Weavile\n|-damage|p2a: Weavile|0 fnt\n|faint|p2a: Weavile\n|\n|win|cows123p\n|raw|cows123p's rating: 1525 &rarr; <strong>1541<\/strong><br \/>(+16 for winning)\n|raw|Guest 5890168's rating: 1458 &rarr; <strong>1442<\/strong><br \/>(-16 for losing)\n","uploadtime":1664852579,"views":3,"p1id":"cows123p","p2id":"guest5890168","formatid":"gen8ou","rating":1442,"private":0,"password":null}