{"id":"gen8pu-1289328770","p1":"Uberfiend","p2":"lebanesestinker","format":"gen8pu","log":"|j|\u2606Uberfiend\n|j|\u2606lebanesestinker\n|t:|1614225901\n|player|p1|Uberfiend|pokefan-gen4|1485\n|player|p2|lebanesestinker|policeman|1331\n|teamsize|p1|6\n|teamsize|p2|6\n|gametype|singles\n|gen|8\n|tier|[Gen 8] PU\n|rated|\n|clearpoke\n|poke|p1|Whimsicott, M|\n|poke|p1|Archeops, F|\n|poke|p1|Hitmontop, M|\n|poke|p1|Braviary, M|\n|poke|p1|Druddigon, M|\n|poke|p1|Accelgor, F|\n|poke|p2|Xatu, F|\n|poke|p2|Charizard, F|\n|poke|p2|Scrafty, F|\n|poke|p2|Frosmoth, M|\n|poke|p2|Kingler, M|\n|poke|p2|Eiscue, M|\n|rule|Sleep Clause Mod: Limit one foe put to sleep\n|rule|Species Clause: Limit one of each Pok\u00e9mon\n|rule|OHKO Clause: OHKO moves are banned\n|rule|Evasion Moves Clause: Evasion moves are banned\n|rule|Endless Battle Clause: Forcing endless battles is banned\n|rule|HP Percentage Mod: HP is shown in percentages\n|rule|Dynamax Clause: You cannot dynamax\n|teampreview\n|inactive|Battle timer is ON: inactive players will automatically lose when time's up. (requested by Uberfiend)\n|\n|t:|1614225934\n|start\n|switch|p1a: Mind over matter|Druddigon, M|100\/100\n|switch|p2a: Xatu|Xatu, F|100\/100\n|-ability|p1a: Mind over matter|Mold Breaker\n|turn|1\n|\n|t:|1614225942\n|move|p2a: Xatu|Reflect|p2a: Xatu\n|-sidestart|p2: lebanesestinker|Reflect\n|move|p1a: Mind over matter|Glare|p2a: Xatu\n|-status|p2a: Xatu|par\n|\n|upkeep\n|turn|2\n|\n|t:|1614225951\n|move|p2a: Xatu|Thunder Wave|p1a: Mind over matter\n|-status|p1a: Mind over matter|par\n|move|p1a: Mind over matter|Stealth Rock|p2a: Xatu\n|-sidestart|p2: lebanesestinker|move: Stealth Rock\n|\n|upkeep\n|turn|3\n|\n|t:|1614225958\n|move|p2a: Xatu|U-turn|p1a: Mind over matter\n|-damage|p1a: Mind over matter|88\/100 par\n|\n|t:|1614225977\n|switch|p2a: Scrafty|Scrafty, F|100\/100|[from]move: U-turn\n|-damage|p2a: Scrafty|95\/100|[from] Stealth Rock\n|move|p1a: Mind over matter|Dragon Tail|p2a: Scrafty|[miss]\n|-miss|p1a: Mind over matter|p2a: Scrafty\n|\n|upkeep\n|turn|4\n|\n|t:|1614225983\n|move|p2a: Scrafty|Dragon Dance|p2a: Scrafty\n|-boost|p2a: Scrafty|atk|1\n|-boost|p2a: Scrafty|spe|1\n|move|p1a: Mind over matter|Dragon Tail|p2a: Scrafty|[miss]\n|-miss|p1a: Mind over matter|p2a: Scrafty\n|\n|upkeep\n|turn|5\n|\n|t:|1614225990\n|move|p2a: Scrafty|Knock Off|p1a: Mind over matter\n|-damage|p1a: Mind over matter|21\/100 par\n|-enditem|p1a: Mind over matter|Mental Herb|[from] move: Knock Off|[of] p2a: Scrafty\n|move|p1a: Mind over matter|Dragon Tail|p2a: Scrafty\n|-damage|p2a: Scrafty|78\/100\n|drag|p2a: Frosmoth|Frosmoth, M|100\/100\n|-damage|p2a: Frosmoth|51\/100|[from] Stealth Rock\n|\n|upkeep\n|turn|6\n|\n|t:|1614225997\n|move|p2a: Frosmoth|Ice Beam|p1a: Mind over matter\n|-supereffective|p1a: Mind over matter\n|-damage|p1a: Mind over matter|0 fnt\n|-damage|p2a: Frosmoth|41\/100|[from] item: Life Orb\n|faint|p1a: Mind over matter\n|\n|upkeep\n|\n|t:|1614226001\n|switch|p1a: \ud83e\udd85\ud83d\udca8|Archeops, F, shiny|100\/100\n|turn|7\n|\n|t:|1614226006\n|move|p1a: \ud83e\udd85\ud83d\udca8|Meteor Beam||[still]\n|-prepare|p1a: \ud83e\udd85\ud83d\udca8|Meteor Beam\n|-boost|p1a: \ud83e\udd85\ud83d\udca8|spa|1\n|-enditem|p1a: \ud83e\udd85\ud83d\udca8|Power Herb\n|-anim|p1a: \ud83e\udd85\ud83d\udca8|Meteor Beam|p2a: Frosmoth\n|-supereffective|p2a: Frosmoth\n|-crit|p2a: Frosmoth\n|-damage|p2a: Frosmoth|0 fnt\n|faint|p2a: Frosmoth\n|\n|upkeep\n|\n|t:|1614226027\n|switch|p2a: Kingler|Kingler, M|100\/100\n|-damage|p2a: Kingler|88\/100|[from] Stealth Rock\n|turn|8\n|\n|t:|1614226033\n|move|p1a: \ud83e\udd85\ud83d\udca8|Air Slash|p2a: Kingler\n|-damage|p2a: Kingler|0 fnt\n|faint|p2a: Kingler\n|\n|-sideend|p2: lebanesestinker|Reflect\n|upkeep\n|\n|t:|1614226039\n|switch|p2a: Xatu|Xatu, F|100\/100 par\n|-damage|p2a: Xatu|76\/100 par|[from] Stealth Rock\n|turn|9\n|\n|t:|1614226042\n|move|p1a: \ud83e\udd85\ud83d\udca8|Air Slash|p2a: Xatu\n|-damage|p2a: Xatu|0 fnt\n|faint|p2a: Xatu\n|\n|upkeep\n|-message|lebanesestinker forfeited.\n|\n|win|Uberfiend\n|l|\u2606lebanesestinker\n|raw|Uberfiend's rating: 1485 &rarr; <strong>1498<\/strong><br \/>(+13 for winning)\n|raw|lebanesestinker's rating: 1351 &rarr; <strong>1339<\/strong><br \/>(-12 for losing)\n","uploadtime":1614226409,"views":8,"p1id":"uberfiend","p2id":"lebanesestinker","formatid":"gen8pu","rating":1339,"private":0,"password":null}