{"id":"gen8ou-1675731070","p1":"VivaHonduras","p2":"Guest 5890168","format":"gen8ou","log":"|j|\u2606VivaHonduras\n|j|\u203dGuest 5890168\n|t:|1664718244\n|gametype|singles\n|player|p1|VivaHonduras|scientist-gen4|1520\n|player|p2|Guest 5890168|170|1655\n|teamsize|p1|6\n|teamsize|p2|6\n|gen|8\n|tier|[Gen 8] OU\n|rated|\n|rule|Sleep Clause Mod: Limit one foe put to sleep\n|rule|Species Clause: Limit one of each Pok\u00e9mon\n|rule|OHKO Clause: OHKO moves are banned\n|rule|Evasion Items Clause: Evasion items are banned\n|rule|Evasion Moves Clause: Evasion moves are banned\n|rule|Endless Battle Clause: Forcing endless battles is banned\n|rule|HP Percentage Mod: HP is shown in percentages\n|rule|Dynamax Clause: You cannot dynamax\n|clearpoke\n|poke|p1|Rapidash-Galar, F|\n|poke|p1|Landorus-Therian, M|\n|poke|p1|Bisharp, M|\n|poke|p1|Vikavolt, M|\n|poke|p1|Volcanion|\n|poke|p1|Kartana|\n|poke|p2|Rotom-Wash|\n|poke|p2|Weavile, F|\n|poke|p2|Landorus-Therian, M|\n|poke|p2|Heatran, M|\n|poke|p2|Tangrowth, F|\n|poke|p2|Melmetal|\n|teampreview\n|inactive|Battle timer is ON: inactive players will automatically lose when time's up. (requested by VivaHonduras)\n|inactive|Guest 5890168 also wants the timer to be on.\n|\n|t:|1664718248\n|start\n|switch|p1a: Vikavolt|Vikavolt, M|100\/100\n|switch|p2a: Rotom|Rotom-Wash|100\/100\n|turn|1\n|\n|t:|1664718252\n|switch|p2a: Landorus|Landorus-Therian, M|100\/100\n|-ability|p2a: Landorus|Intimidate|boost\n|-unboost|p1a: Vikavolt|atk|1\n|move|p1a: Vikavolt|Sticky Web|p2a: Landorus\n|-sidestart|p2: Guest 5890168|move: Sticky Web\n|\n|upkeep\n|turn|2\n|\n|t:|1664718261\n|switch|p1a: Landorus|Landorus-Therian, M|100\/100\n|-ability|p1a: Landorus|Intimidate|boost\n|-unboost|p2a: Landorus|atk|1\n|move|p2a: Landorus|Toxic|p1a: Landorus\n|-status|p1a: Landorus|tox\n|\n|-damage|p1a: Landorus|95\/100 tox|[from] psn\n|upkeep\n|turn|3\n|\n|t:|1664718266\n|move|p1a: Landorus|Swords Dance|p1a: Landorus\n|-boost|p1a: Landorus|atk|2\n|move|p2a: Landorus|Earthquake|p1a: Landorus\n|-immune|p1a: Landorus\n|\n|-heal|p1a: Landorus|100\/100 tox|[from] item: Leftovers\n|-damage|p1a: Landorus|89\/100 tox|[from] psn\n|upkeep\n|turn|4\n|\n|t:|1664718274\n|switch|p1a: Volcanion|Volcanion|100\/100\n|switch|p2a: Tangrowth|Tangrowth, F|100\/100\n|-activate|p2a: Tangrowth|move: Sticky Web\n|-unboost|p2a: Tangrowth|spe|1\n|\n|upkeep\n|turn|5\n|\n|t:|1664718284\n|switch|p2a: Rotom|Rotom-Wash|100\/100\n|move|p1a: Volcanion|Steam Eruption|p2a: Rotom\n|-resisted|p2a: Rotom\n|-damage|p2a: Rotom|48\/100\n|-status|p2a: Rotom|brn\n|\n|-heal|p2a: Rotom|54\/100 brn|[from] item: Leftovers\n|-damage|p2a: Rotom|48\/100 brn|[from] brn\n|upkeep\n|turn|6\n|\n|t:|1664718292\n|move|p2a: Rotom|Pain Split|p1a: Volcanion\n|-sethp|p1a: Volcanion|74\/100|[from] move: Pain Split|[silent]\n|-sethp|p2a: Rotom|74\/100 brn|[from] move: Pain Split\n|move|p1a: Volcanion|Steam Eruption|p2a: Rotom\n|-resisted|p2a: Rotom\n|-crit|p2a: Rotom\n|-damage|p2a: Rotom|4\/100 brn\n|\n|-heal|p2a: Rotom|11\/100 brn|[from] item: Leftovers\n|-damage|p2a: Rotom|4\/100 brn|[from] brn\n|upkeep\n|turn|7\n|\n|t:|1664718304\n|move|p2a: Rotom|Pain Split|p1a: Volcanion\n|-sethp|p1a: Volcanion|39\/100|[from] move: Pain Split|[silent]\n|-sethp|p2a: Rotom|39\/100 brn|[from] move: Pain Split\n|move|p1a: Volcanion|Steam Eruption|p2a: Rotom\n|-resisted|p2a: Rotom\n|-damage|p2a: Rotom|0 fnt\n|faint|p2a: Rotom\n|\n|upkeep\n|\n|t:|1664718304\n|switch|p2a: Melmetal|Melmetal|100\/100\n|-activate|p2a: Melmetal|move: Sticky Web\n|-unboost|p2a: Melmetal|spe|1\n|turn|8\n|\n|t:|1664718314\n|switch|p1a: Vikavolt|Vikavolt, M|100\/100\n|move|p2a: Melmetal|Earthquake|p1a: Vikavolt\n|-immune|p1a: Vikavolt|[from] ability: Levitate\n|\n|upkeep\n|turn|9\n|\n|t:|1664718321\n|move|p1a: Vikavolt|Thunder Wave|p2a: Melmetal\n|-status|p2a: Melmetal|par\n|move|p2a: Melmetal|Thunder Punch|p1a: Vikavolt\n|-resisted|p1a: Vikavolt\n|-damage|p1a: Vikavolt|88\/100\n|\n|upkeep\n|turn|10\n|\n|t:|1664718326\n|move|p1a: Vikavolt|Volt Switch|p2a: Melmetal\n|-damage|p2a: Melmetal|84\/100 par\n|\n|t:|1664718328\n|switch|p1a: Landorus|Landorus-Therian, M|89\/100 tox|[from]move: Volt Switch\n|-ability|p1a: Landorus|Intimidate|boost\n|-unboost|p2a: Melmetal|atk|1\n|move|p2a: Melmetal|Thunder Punch|p1a: Landorus\n|-immune|p1a: Landorus\n|\n|-heal|p1a: Landorus|95\/100 tox|[from] item: Leftovers\n|-damage|p1a: Landorus|89\/100 tox|[from] psn\n|upkeep\n|turn|11\n|\n|t:|1664718338\n|switch|p1a: Volcanion|Volcanion|39\/100\n|move|p2a: Melmetal|Thunder Punch|p1a: Volcanion\n|-supereffective|p1a: Volcanion\n|-damage|p1a: Volcanion|0 fnt\n|faint|p1a: Volcanion\n|\n|upkeep\n|\n|t:|1664718342\n|switch|p1a: Landorus|Landorus-Therian, M|89\/100 tox\n|-ability|p1a: Landorus|Intimidate|boost\n|-unboost|p2a: Melmetal|atk|1\n|turn|12\n|\n|t:|1664718344\n|switch|p2a: Tangrowth|Tangrowth, F|100\/100\n|-activate|p2a: Tangrowth|move: Sticky Web\n|-unboost|p2a: Tangrowth|spe|1\n|move|p1a: Landorus|Substitute|p1a: Landorus\n|-start|p1a: Landorus|Substitute\n|-damage|p1a: Landorus|64\/100 tox\n|\n|-heal|p1a: Landorus|70\/100 tox|[from] item: Leftovers\n|-damage|p1a: Landorus|64\/100 tox|[from] psn\n|upkeep\n|turn|13\n|\n|t:|1664718349\n|move|p1a: Landorus|Swords Dance|p1a: Landorus\n|-boost|p1a: Landorus|atk|2\n|move|p2a: Tangrowth|Giga Drain|p1a: Landorus\n|-end|p1a: Landorus|Substitute\n|\n|-heal|p1a: Landorus|70\/100 tox|[from] item: Leftovers\n|-damage|p1a: Landorus|58\/100 tox|[from] psn\n|upkeep\n|turn|14\n|\n|t:|1664718353\n|move|p1a: Landorus|Stone Edge|p2a: Tangrowth\n|-crit|p2a: Tangrowth\n|-damage|p2a: Tangrowth|39\/100\n|move|p2a: Tangrowth|Giga Drain|p1a: Landorus\n|-damage|p1a: Landorus|25\/100 tox\n|-heal|p2a: Tangrowth|52\/100|[from] drain|[of] p1a: Landorus\n|\n|-heal|p1a: Landorus|31\/100 tox|[from] item: Leftovers\n|-damage|p1a: Landorus|13\/100 tox|[from] psn\n|upkeep\n|turn|15\n|\n|t:|1664718358\n|switch|p2a: Heatran|Heatran, M|100\/100\n|-item|p2a: Heatran|Air Balloon\n|move|p1a: Landorus|Earthquake|p2a: Heatran\n|-immune|p2a: Heatran\n|\n|-heal|p1a: Landorus|19\/100 tox|[from] item: Leftovers\n|-damage|p1a: Landorus|0 fnt|[from] psn\n|faint|p1a: Landorus\n|upkeep\n|\n|t:|1664718371\n|switch|p1a: Bisharp|Bisharp, M|100\/100\n|turn|16\n|\n|t:|1664718375\n|move|p1a: Bisharp|Sucker Punch|p2a: Heatran\n|-damage|p2a: Heatran|53\/100\n|-enditem|p2a: Heatran|Air Balloon\n|-damage|p1a: Bisharp|91\/100|[from] item: Life Orb\n|move|p2a: Heatran|Magma Storm|p1a: Bisharp\n|-supereffective|p1a: Bisharp\n|-damage|p1a: Bisharp|0 fnt\n|faint|p1a: Bisharp\n|\n|upkeep\n|\n|t:|1664718381\n|switch|p1a: Rapidash|Rapidash-Galar, F|100\/100\n|turn|17\n|\n|t:|1664718384\n|switch|p2a: Landorus|Landorus-Therian, M|100\/100\n|-ability|p2a: Landorus|Intimidate|boost\n|-unboost|p1a: Rapidash|atk|1\n|move|p1a: Rapidash|Swords Dance|p1a: Rapidash\n|-boost|p1a: Rapidash|atk|2\n|\n|upkeep\n|turn|18\n|\n|t:|1664718389\n|move|p1a: Rapidash|Swords Dance|p1a: Rapidash\n|-boost|p1a: Rapidash|atk|2\n|move|p2a: Landorus|Earthquake|p1a: Rapidash\n|-damage|p1a: Rapidash|25\/100\n|\n|upkeep\n|turn|19\n|\n|t:|1664718391\n|switch|p2a: Tangrowth|Tangrowth, F|86\/100\n|-activate|p2a: Tangrowth|move: Sticky Web\n|-unboost|p2a: Tangrowth|spe|1\n|move|p1a: Rapidash|Play Rough|p2a: Tangrowth\n|-damage|p2a: Tangrowth|21\/100\n|-damage|p1a: Rapidash|9\/100|[from] item: Rocky Helmet|[of] p2a: Tangrowth\n|-damage|p1a: Rapidash|0 fnt|[from] item: Life Orb\n|faint|p1a: Rapidash\n|\n|upkeep\n|\n|t:|1664718399\n|switch|p1a: Kartana|Kartana|100\/100\n|turn|20\n|\n|t:|1664718404\n|switch|p2a: Melmetal|Melmetal|84\/100 par\n|-activate|p2a: Melmetal|move: Sticky Web\n|-unboost|p2a: Melmetal|spe|1\n|move|p1a: Kartana|Leaf Blade|p2a: Melmetal\n|-resisted|p2a: Melmetal\n|-crit|p2a: Melmetal\n|-damage|p2a: Melmetal|59\/100 par\n|\n|upkeep\n|turn|21\n|-message|VivaHonduras forfeited.\n|\n|win|Guest 5890168\n|raw|VivaHonduras's rating: 1520 &rarr; <strong>1507<\/strong><br \/>(-13 for losing)\n|raw|Guest 5890168's rating: 1655 &rarr; <strong>1668<\/strong><br \/>(+13 for winning)\n|l|\u2606VivaHonduras\n","uploadtime":1664718408,"views":12,"p1id":"vivahonduras","p2id":"guest5890168","formatid":"gen8ou","rating":1507,"private":0,"password":null}