{"id":"gen8ou-1235490682","p1":"judbud","p2":"TryHonesty","format":"gen8ou","log":"|j|\u2606judbud\n|j|\u2606TryHonesty\n|t:|1606893508\n|player|p1|judbud|275|1721\n|player|p2|TryHonesty|101|1710\n|teamsize|p1|6\n|teamsize|p2|6\n|gametype|singles\n|gen|8\n|tier|[Gen 8] OU\n|rated|\n|clearpoke\n|poke|p1|Cloyster, F|\n|poke|p1|Polteageist|\n|poke|p1|Slowbro-Galar, M|\n|poke|p1|Obstagoon, F|\n|poke|p1|Latios, M|\n|poke|p1|Togekiss, M|\n|poke|p2|Spectrier|\n|poke|p2|Mamoswine, M|\n|poke|p2|Nidoking, M|\n|poke|p2|Tapu Fini|\n|poke|p2|Rillaboom, M|\n|poke|p2|Salamence, M|\n|rule|Sleep Clause Mod: Limit one foe put to sleep\n|rule|Species Clause: Limit one of each Pok\u00e9mon\n|rule|OHKO Clause: OHKO moves are banned\n|rule|Evasion Moves Clause: Evasion moves are banned\n|rule|Endless Battle Clause: Forcing endless battles is banned\n|rule|HP Percentage Mod: HP is shown in percentages\n|rule|Dynamax Clause: You cannot dynamax\n|teampreview\n|inactive|Battle timer is ON: inactive players will automatically lose when time's up. (requested by TryHonesty)\n|j| Evil T-tar\n|\n|t:|1606893519\n|start\n|switch|p1a: Cloyster|Cloyster, F|100\/100\n|switch|p2a: Nidoking|Nidoking, M|100\/100\n|turn|1\n|\n|t:|1606893525\n|switch|p1a: Polteageist|Polteageist|100\/100\n|move|p2a: Nidoking|Sludge Wave|p1a: Polteageist\n|-resisted|p1a: Polteageist\n|-damage|p1a: Polteageist|71\/100\n|-start|p2a: Nidoking|Disable|Sludge Wave|[from] ability: Cursed Body|[of] p1a: Polteageist\n|\n|upkeep\n|turn|2\n|\n|t:|1606893532\n|move|p2a: Nidoking|Earth Power|p1a: Polteageist\n|-damage|p1a: Polteageist|15\/100\n|move|p1a: Polteageist|Shell Smash|p1a: Polteageist\n|-unboost|p1a: Polteageist|def|1\n|-unboost|p1a: Polteageist|spd|1\n|-boost|p1a: Polteageist|atk|2\n|-boost|p1a: Polteageist|spa|2\n|-boost|p1a: Polteageist|spe|2\n|-enditem|p1a: Polteageist|White Herb\n|-clearnegativeboost|p1a: Polteageist|[silent]\n|\n|upkeep\n|turn|3\n|j| Riquelme14\n|\n|t:|1606893550\n|switch|p2a: Rillaboom|Rillaboom, M|100\/100\n|-fieldstart|move: Grassy Terrain|[from] ability: Grassy Surge|[of] p2a: Rillaboom\n|move|p1a: Polteageist|Stored Power|p2a: Rillaboom\n|-damage|p2a: Rillaboom|0 fnt\n|faint|p2a: Rillaboom\n|\n|-heal|p1a: Polteageist|22\/100|[from] Grassy Terrain\n|upkeep\n|\n|t:|1606893552\n|switch|p2a: Mamoswine|Mamoswine, M|100\/100\n|turn|4\n|\n|t:|1606893560\n|move|p2a: Mamoswine|Ice Shard|p1a: Polteageist\n|-damage|p1a: Polteageist|0 fnt\n|-start|p2a: Mamoswine|Disable|Ice Shard|[from] ability: Cursed Body|[of] p1a: Polteageist\n|-damage|p2a: Mamoswine|91\/100|[from] item: Life Orb\n|faint|p1a: Polteageist\n|\n|-heal|p2a: Mamoswine|97\/100|[from] Grassy Terrain\n|upkeep\n|\n|t:|1606893586\n|switch|p1a: Cloyster|Cloyster, F|100\/100\n|turn|5\n|\n|t:|1606893595\n|move|p2a: Mamoswine|Stealth Rock|p1a: Cloyster\n|-sidestart|p1: judbud|move: Stealth Rock\n|move|p1a: Cloyster|Shell Smash|p1a: Cloyster\n|-unboost|p1a: Cloyster|def|1\n|-unboost|p1a: Cloyster|spd|1\n|-boost|p1a: Cloyster|atk|2\n|-boost|p1a: Cloyster|spa|2\n|-boost|p1a: Cloyster|spe|2\n|\n|-heal|p2a: Mamoswine|100\/100|[from] Grassy Terrain\n|upkeep\n|turn|6\n|\n|t:|1606893603\n|switch|p2a: Tapu Fini|Tapu Fini|100\/100\n|-fieldstart|move: Misty Terrain|[from] ability: Misty Surge|[of] p2a: Tapu Fini\n|move|p1a: Cloyster|Icicle Spear|p2a: Tapu Fini\n|-resisted|p2a: Tapu Fini\n|-crit|p2a: Tapu Fini\n|-damage|p2a: Tapu Fini|90\/100\n|-resisted|p2a: Tapu Fini\n|-damage|p2a: Tapu Fini|82\/100\n|-resisted|p2a: Tapu Fini\n|-damage|p2a: Tapu Fini|75\/100\n|-resisted|p2a: Tapu Fini\n|-damage|p2a: Tapu Fini|68\/100\n|-resisted|p2a: Tapu Fini\n|-damage|p2a: Tapu Fini|61\/100\n|-hitcount|p2a: Tapu Fini|5\n|\n|-heal|p2a: Tapu Fini|67\/100|[from] item: Leftovers\n|upkeep\n|turn|7\n|\n|t:|1606893617\n|move|p1a: Cloyster|Rock Blast|p2a: Tapu Fini\n|-damage|p2a: Tapu Fini|56\/100\n|-damage|p2a: Tapu Fini|47\/100\n|-damage|p2a: Tapu Fini|37\/100\n|-damage|p2a: Tapu Fini|27\/100\n|-damage|p2a: Tapu Fini|17\/100\n|-hitcount|p2a: Tapu Fini|5\n|move|p2a: Tapu Fini|Draining Kiss|p1a: Cloyster\n|-damage|p1a: Cloyster|50\/100\n|-heal|p2a: Tapu Fini|46\/100|[from] drain|[of] p1a: Cloyster\n|\n|-heal|p2a: Tapu Fini|52\/100|[from] item: Leftovers\n|upkeep\n|turn|8\n|j| Vessev\n|\n|t:|1606893629\n|move|p1a: Cloyster|Rock Blast|p2a: Tapu Fini\n|-damage|p2a: Tapu Fini|43\/100\n|-damage|p2a: Tapu Fini|34\/100\n|-damage|p2a: Tapu Fini|23\/100\n|-damage|p2a: Tapu Fini|14\/100\n|-damage|p2a: Tapu Fini|4\/100\n|-hitcount|p2a: Tapu Fini|5\n|move|p2a: Tapu Fini|Draining Kiss|p1a: Cloyster\n|-damage|p1a: Cloyster|0 fnt\n|-heal|p2a: Tapu Fini|33\/100|[from] drain|[of] p1a: Cloyster\n|faint|p1a: Cloyster\n|\n|-heal|p2a: Tapu Fini|39\/100|[from] item: Leftovers\n|upkeep\n|\n|t:|1606893647\n|switch|p1a: Slowbro|Slowbro-Galar, M|100\/100\n|-damage|p1a: Slowbro|88\/100|[from] Stealth Rock\n|turn|9\n|\n|t:|1606893656\n|switch|p2a: Nidoking|Nidoking, M|100\/100\n|move|p1a: Slowbro|Belly Drum|p1a: Slowbro\n|-damage|p1a: Slowbro|38\/100\n|-setboost|p1a: Slowbro|atk|6|[from] move: Belly Drum\n|\n|upkeep\n|turn|10\n|\n|t:|1606893662\n|move|p2a: Nidoking|Earth Power|p1a: Slowbro\n|-supereffective|p1a: Slowbro\n|-damage|p1a: Slowbro|0 fnt\n|faint|p1a: Slowbro\n|\n|-fieldend|Misty Terrain\n|upkeep\n|\n|t:|1606893669\n|switch|p1a: Latios|Latios, M|100\/100\n|-damage|p1a: Latios|88\/100|[from] Stealth Rock\n|turn|11\n|\n|t:|1606893681\n|switch|p2a: Tapu Fini|Tapu Fini|39\/100\n|-fieldstart|move: Misty Terrain|[from] ability: Misty Surge|[of] p2a: Tapu Fini\n|move|p1a: Latios|Defog|p2a: Tapu Fini\n|-unboost|p2a: Tapu Fini|evasion|1\n|-sideend|p1: judbud|Stealth Rock|[from] move: Defog|[of] p1a: Latios\n|-fieldend|Misty Terrain\n|\n|-heal|p2a: Tapu Fini|45\/100|[from] item: Leftovers\n|upkeep\n|turn|12\n|\n|t:|1606893689\n|move|p1a: Latios|Psyshock|p2a: Tapu Fini\n|-damage|p2a: Tapu Fini|7\/100\n|move|p2a: Tapu Fini|Draining Kiss|p1a: Latios\n|-supereffective|p1a: Latios\n|-damage|p1a: Latios|55\/100\n|-heal|p2a: Tapu Fini|32\/100|[from] drain|[of] p1a: Latios\n|\n|-heal|p2a: Tapu Fini|38\/100|[from] item: Leftovers\n|upkeep\n|turn|13\n|j| Veinelso\n|\n|t:|1606893697\n|move|p1a: Latios|Psyshock|p2a: Tapu Fini\n|-damage|p2a: Tapu Fini|0 fnt\n|faint|p2a: Tapu Fini\n|\n|upkeep\n|\n|t:|1606893707\n|switch|p2a: Mamoswine|Mamoswine, M|100\/100\n|turn|14\n|\n|t:|1606893712\n|switch|p1a: Obstagoon|Obstagoon, F|100\/100\n|move|p2a: Mamoswine|Ice Shard|p1a: Obstagoon\n|-damage|p1a: Obstagoon|76\/100\n|-damage|p2a: Mamoswine|91\/100|[from] item: Life Orb\n|\n|-status|p1a: Obstagoon|brn|[from] item: Flame Orb\n|upkeep\n|turn|15\n|\n|t:|1606893723\n|switch|p2a: Nidoking|Nidoking, M|100\/100\n|move|p1a: Obstagoon|Facade|p2a: Nidoking\n|-damage|p2a: Nidoking|0 fnt\n|faint|p2a: Nidoking\n|\n|-damage|p1a: Obstagoon|70\/100 brn|[from] brn\n|upkeep\n|\n|t:|1606893730\n|switch|p2a: Salamence|Salamence, M|100\/100\n|turn|16\n|c| Veinelso|que ou estrana\n|\n|t:|1606893734\n|move|p2a: Salamence|Dual Wingbeat|p1a: Obstagoon\n|-damage|p1a: Obstagoon|51\/100 brn\n|-damage|p1a: Obstagoon|32\/100 brn\n|-hitcount|p1a: Obstagoon|2\n|move|p1a: Obstagoon|Knock Off|p2a: Salamence\n|-damage|p2a: Salamence|18\/100\n|-enditem|p2a: Salamence|Leftovers|[from] move: Knock Off|[of] p1a: Obstagoon\n|\n|-damage|p1a: Obstagoon|26\/100 brn|[from] brn\n|upkeep\n|turn|17\n|\n|t:|1606893744\n|move|p2a: Salamence|Earthquake|p1a: Obstagoon\n|-damage|p1a: Obstagoon|0 fnt\n|faint|p1a: Obstagoon\n|-ability|p2a: Salamence|Moxie|boost\n|-boost|p2a: Salamence|atk|1\n|\n|upkeep\n|\n|t:|1606893750\n|switch|p1a: Togekiss|Togekiss, M|100\/100\n|turn|18\n|\n|t:|1606893753\n|move|p2a: Salamence|Dual Wingbeat|p1a: Togekiss\n|-damage|p1a: Togekiss|64\/100\n|-damage|p1a: Togekiss|27\/100\n|-hitcount|p1a: Togekiss|2\n|move|p1a: Togekiss|Dazzling Gleam|p2a: Salamence\n|-supereffective|p2a: Salamence\n|-damage|p2a: Salamence|0 fnt\n|faint|p2a: Salamence\n|\n|-heal|p1a: Togekiss|33\/100|[from] item: Leftovers\n|upkeep\n|\n|t:|1606893759\n|switch|p2a: Mamoswine|Mamoswine, M|91\/100\n|turn|19\n|\n|t:|1606893766\n|move|p2a: Mamoswine|Ice Shard|p1a: Togekiss\n|-supereffective|p1a: Togekiss\n|-damage|p1a: Togekiss|0 fnt\n|-damage|p2a: Mamoswine|81\/100|[from] item: Life Orb\n|faint|p1a: Togekiss\n|\n|upkeep\n|\n|t:|1606893771\n|switch|p1a: Latios|Latios, M|55\/100\n|turn|20\n|\n|t:|1606893778\n|move|p2a: Mamoswine|Ice Shard|p1a: Latios\n|-supereffective|p1a: Latios\n|-damage|p1a: Latios|0 fnt\n|-damage|p2a: Mamoswine|71\/100|[from] item: Life Orb\n|faint|p1a: Latios\n|\n|win|TryHonesty\n|l|\u2606judbud\n|l|\u2606TryHonesty\n|raw|judbud's rating: 1721 &rarr; <strong>1700<\/strong><br \/>(-21 for losing)\n|raw|TryHonesty's rating: 1710 &rarr; <strong>1730<\/strong><br \/>(+20 for winning)\n|l| Riquelme14\n|l| Veinelso\n","uploadtime":1606893901,"views":24,"p1id":"judbud","p2id":"tryhonesty","formatid":"gen8ou","rating":1700,"private":0,"password":null}