{"id":"gen8randombattle-1409610316","p1":"GodspeedR","p2":"Arcangel666","format":"gen8randombattle","log":"|j|\u2606GodspeedR\n|j|\u2606Arcangel666\n|t:|1630696014\n|gametype|singles\n|player|p1|GodspeedR|1|1881\n|player|p2|Arcangel666|grimsley|1871\n|teamsize|p1|6\n|teamsize|p2|6\n|gen|8\n|tier|[Gen 8] Random Battle\n|rated|\n|rule|Species Clause: Limit one of each Pok\u00e9mon\n|rule|HP Percentage Mod: HP is shown in percentages\n|rule|Sleep Clause Mod: Limit one foe put to sleep\n|\n|t:|1630696014\n|start\n|switch|p1a: Bellossom|Bellossom, L82, F|257\/257\n|switch|p2a: Exploud|Exploud, L84, F|312\/312\n|turn|1\n|\n|t:|1630696021\n|move|p2a: Exploud|Boomburst|p1a: Bellossom\n|-damage|p1a: Bellossom|49\/257\n|move|p1a: Bellossom|Quiver Dance|p1a: Bellossom\n|-boost|p1a: Bellossom|spa|1\n|-boost|p1a: Bellossom|spd|1\n|-boost|p1a: Bellossom|spe|1\n|\n|-heal|p1a: Bellossom|65\/257|[from] item: Leftovers\n|upkeep\n|turn|2\n|\n|t:|1630696025\n|move|p1a: Bellossom|Sleep Powder|p2a: Exploud\n|-status|p2a: Exploud|slp|[from] move: Sleep Powder\n|cant|p2a: Exploud|slp\n|\n|-heal|p1a: Bellossom|81\/257|[from] item: Leftovers\n|upkeep\n|turn|3\n|\n|t:|1630696030\n|switch|p2a: Bronzong|Bronzong, L82|244\/244\n|move|p1a: Bellossom|Strength Sap|p2a: Bronzong\n|-unboost|p2a: Bronzong|atk|1\n|-heal|p1a: Bellossom|257\/257\n|\n|upkeep\n|turn|4\n|\n|t:|1630696039\n|switch|p1a: Dracovish|Dracovish, L80|275\/275\n|move|p2a: Bronzong|Toxic|p1a: Dracovish\n|-status|p1a: Dracovish|tox\n|\n|-damage|p1a: Dracovish|258\/275 tox|[from] psn\n|upkeep\n|turn|5\n|\n|t:|1630696044\n|switch|p2a: Eldegoss|Eldegoss, L90, F|254\/254\n|move|p1a: Dracovish|Fishious Rend|p2a: Eldegoss\n|-resisted|p2a: Eldegoss\n|-damage|p2a: Eldegoss|104\/254\n|\n|-heal|p2a: Eldegoss|119\/254|[from] item: Leftovers\n|-damage|p1a: Dracovish|224\/275 tox|[from] psn\n|upkeep\n|turn|6\n|\n|t:|1630696053\n|move|p1a: Dracovish|Fishious Rend|p2a: Eldegoss\n|-resisted|p2a: Eldegoss\n|-damage|p2a: Eldegoss|0 fnt\n|faint|p2a: Eldegoss\n|\n|-damage|p1a: Dracovish|173\/275 tox|[from] psn\n|upkeep\n|\n|t:|1630696056\n|switch|p2a: Zarude|Zarude-Dada, L78|292\/292\n|turn|7\n|\n|t:|1630696062\n|switch|p1a: Braviary|Braviary, L82, M|298\/298\n|move|p2a: Zarude|Bulk Up|p2a: Zarude\n|-boost|p2a: Zarude|atk|1\n|-boost|p2a: Zarude|def|1\n|\n|upkeep\n|turn|8\n|\n|t:|1630696066\n|move|p2a: Zarude|Darkest Lariat|p1a: Braviary\n|-damage|p1a: Braviary|145\/298\n|move|p1a: Braviary|Bulk Up|p1a: Braviary\n|-boost|p1a: Braviary|atk|1\n|-boost|p1a: Braviary|def|1\n|\n|upkeep\n|turn|9\n|\n|t:|1630696070\n|-start|p1a: Braviary|Dynamax\n|-heal|p1a: Braviary|290\/596|[silent]\n|move|p2a: Zarude|Bulk Up|p2a: Zarude\n|-boost|p2a: Zarude|atk|1\n|-boost|p2a: Zarude|def|1\n|move|p1a: Braviary|Max Airstream|p2a: Zarude\n|-supereffective|p2a: Zarude\n|-damage|p2a: Zarude|40\/292\n|-boost|p1a: Braviary|spe|1\n|\n|-heal|p2a: Zarude|58\/292|[from] item: Leftovers\n|upkeep\n|turn|10\n|\n|t:|1630696075\n|move|p1a: Braviary|Max Knuckle|p2a: Zarude\n|-supereffective|p2a: Zarude\n|-damage|p2a: Zarude|0 fnt\n|-boost|p1a: Braviary|atk|1\n|faint|p2a: Zarude\n|\n|upkeep\n|\n|t:|1630696078\n|switch|p2a: Lycanroc|Lycanroc, L80, M|251\/251\n|turn|11\n|\n|t:|1630696082\n|-start|p2a: Lycanroc|Dynamax\n|-heal|p2a: Lycanroc|502\/502|[silent]\n|move|p1a: Braviary|Max Knuckle|p2a: Lycanroc\n|-supereffective|p2a: Lycanroc\n|-damage|p2a: Lycanroc|110\/502\n|-boost|p1a: Braviary|atk|1\n|move|p2a: Lycanroc|Max Rockfall|p1a: Braviary\n|-supereffective|p1a: Braviary\n|-damage|p1a: Braviary|0 fnt\n|-weather|Sandstorm\n|faint|p1a: Braviary\n|-damage|p2a: Lycanroc|85\/502|[from] item: Life Orb\n|\n|-weather|Sandstorm|[upkeep]\n|upkeep\n|\n|t:|1630696092\n|switch|p1a: Bellossom|Bellossom, L82, F|257\/257\n|turn|12\n|\n|t:|1630696097\n|move|p2a: Lycanroc|Max Rockfall|p1a: Bellossom\n|-damage|p1a: Bellossom|62\/257\n|-damage|p2a: Lycanroc|60\/502|[from] item: Life Orb\n|move|p1a: Bellossom|Giga Drain|p2a: Lycanroc\n|-supereffective|p2a: Lycanroc\n|-damage|p2a: Lycanroc|0 fnt\n|-heal|p1a: Bellossom|92\/257|[from] drain|[of] p2a: Lycanroc\n|faint|p2a: Lycanroc\n|\n|-weather|Sandstorm|[upkeep]\n|-damage|p1a: Bellossom|76\/257|[from] Sandstorm\n|-heal|p1a: Bellossom|92\/257|[from] item: Leftovers\n|upkeep\n|\n|t:|1630696102\n|switch|p2a: Bronzong|Bronzong, L82|244\/244\n|turn|13\n|\n|t:|1630696105\n|switch|p1a: Dracovish|Dracovish, L80|173\/275 tox\n|move|p2a: Bronzong|Stealth Rock|p1a: Dracovish\n|-sidestart|p1: GodspeedR|move: Stealth Rock\n|\n|-weather|Sandstorm|[upkeep]\n|-damage|p1a: Dracovish|156\/275 tox|[from] Sandstorm\n|-damage|p1a: Dracovish|139\/275 tox|[from] psn\n|upkeep\n|turn|14\n|\n|t:|1630696108\n|move|p2a: Bronzong|Protect|p2a: Bronzong\n|-singleturn|p2a: Bronzong|Protect\n|move|p1a: Dracovish|Fishious Rend|p2a: Bronzong\n|-activate|p2a: Bronzong|move: Protect\n|\n|-weather|Sandstorm|[upkeep]\n|-damage|p1a: Dracovish|122\/275 tox|[from] Sandstorm\n|-damage|p1a: Dracovish|88\/275 tox|[from] psn\n|upkeep\n|turn|15\n|\n|t:|1630696116\n|move|p2a: Bronzong|Protect||[still]\n|-fail|p2a: Bronzong\n|move|p1a: Dracovish|Fishious Rend|p2a: Bronzong\n|-damage|p2a: Bronzong|91\/244\n|\n|-weather|none\n|-heal|p2a: Bronzong|106\/244|[from] item: Leftovers\n|-damage|p1a: Dracovish|37\/275 tox|[from] psn\n|upkeep\n|turn|16\n|\n|t:|1630696119\n|move|p1a: Dracovish|Fishious Rend|p2a: Bronzong\n|-damage|p2a: Bronzong|0 fnt\n|faint|p2a: Bronzong\n|\n|-damage|p1a: Dracovish|0 fnt|[from] psn\n|faint|p1a: Dracovish\n|upkeep\n|\n|t:|1630696125\n|switch|p1a: Audino|Audino, L88, F|325\/325\n|switch|p2a: Exploud|Exploud, L84, F|312\/312 slp\n|-damage|p1a: Audino|285\/325|[from] Stealth Rock\n|turn|17\n|\n|t:|1630696130\n|-curestatus|p2a: Exploud|slp|[msg]\n|move|p2a: Exploud|Boomburst|p1a: Audino\n|-damage|p1a: Audino|75\/325\n|move|p1a: Audino|Knock Off|p2a: Exploud\n|-damage|p2a: Exploud|238\/312\n|-enditem|p2a: Exploud|Choice Specs|[from] move: Knock Off|[of] p1a: Audino\n|\n|-heal|p1a: Audino|95\/325|[from] item: Leftovers\n|upkeep\n|turn|18\n|\n|t:|1630696136\n|switch|p1a: Bellossom|Bellossom, L82, F|92\/257\n|-damage|p1a: Bellossom|60\/257|[from] Stealth Rock\n|move|p2a: Exploud|Boomburst|p1a: Bellossom\n|-damage|p1a: Bellossom|0 fnt\n|faint|p1a: Bellossom\n|\n|upkeep\n|\n|t:|1630696139\n|switch|p1a: Thundurus|Thundurus, L80, M|258\/258\n|turn|19\n|\n|t:|1630696142\n|move|p1a: Thundurus|Nasty Plot|p1a: Thundurus\n|-boost|p1a: Thundurus|spa|2\n|move|p2a: Exploud|Boomburst|p1a: Thundurus\n|-damage|p1a: Thundurus|90\/258\n|\n|upkeep\n|turn|20\n|\n|t:|1630696144\n|switch|p2a: Hippowdon|Hippowdon, L80, M|304\/304\n|-weather|Sandstorm|[from] ability: Sand Stream|[of] p2a: Hippowdon\n|move|p1a: Thundurus|Thunderbolt|p2a: Hippowdon\n|-immune|p2a: Hippowdon\n|\n|-weather|Sandstorm|[upkeep]\n|-damage|p1a: Thundurus|74\/258|[from] Sandstorm\n|upkeep\n|turn|21\n|\n|t:|1630696149\n|move|p1a: Thundurus|Grass Knot|p2a: Hippowdon\n|-supereffective|p2a: Hippowdon\n|-damage|p2a: Hippowdon|0 fnt\n|faint|p2a: Hippowdon\n|\n|-weather|Sandstorm|[upkeep]\n|-damage|p1a: Thundurus|58\/258|[from] Sandstorm\n|upkeep\n|\n|t:|1630696151\n|switch|p2a: Exploud|Exploud, L84, F|238\/312\n|turn|22\n|\n|t:|1630696153\n|move|p1a: Thundurus|Thunderbolt|p2a: Exploud\n|-damage|p2a: Exploud|0 fnt\n|faint|p2a: Exploud\n|\n|win|GodspeedR\n|raw|GodspeedR's rating: 1881 &rarr; <strong>1900<\/strong><br \/>(+19 for winning)\n|raw|Arcangel666's rating: 1871 &rarr; <strong>1852<\/strong><br \/>(-19 for losing)\n","inputlog":">version 4a0cd1efede7720359db283cbfa24807c7705931\n>start {\"formatid\":\"gen8randombattle\",\"seed\":[17799,4350,43181,49370],\"rated\":\"Rated battle\"}\n>player p1 {\"name\":\"GodspeedR\",\"avatar\":\"1\",\"rating\":1881,\"seed\":[50400,14333,44580,61633]}\n>player p2 {\"name\":\"Arcangel666\",\"avatar\":\"grimsley\",\"rating\":1871,\"seed\":[46776,5803,31471,57418]}\n>p1 move quiverdance\n>p2 move boomburst\n>p1 move sleeppowder\n>p2 move boomburst\n>p1 move strengthsap\n>p2 switch 6\n>p1 switch 3\n>p2 move toxic\n>p1 move fishiousrend\n>p2 switch 2\n>p1 move fishiousrend\n>p2 move charm\n>p2 switch 4\n>p1 switch 4\n>p2 move bulkup\n>p1 move bulkup\n>p2 move darkestlariat\n>p1 move bravebird dynamax\n>p2 move bulkup\n>p1 move closecombat dynamax\n>p2 move darkestlariat\n>p2 switch 5\n>p1 move closecombat dynamax\n>p2 move stoneedge dynamax\n>p1 switch 3\n>p1 move gigadrain\n>p2 move stoneedge dynamax\n>p2 switch 2\n>p1 switch 4\n>p2 move stealthrock\n>p1 move fishiousrend\n>p2 move protect\n>p1 move fishiousrend\n>p2 move protect\n>p1 move fishiousrend\n>p2 move stealthrock\n>p1 switch 2\n>p2 switch 6\n>p1 move knockoff\n>p2 move boomburst\n>p1 switch 4\n>p2 move boomburst\n>p1 switch 5\n>p1 move nastyplot\n>p2 move boomburst\n>p1 move thunderbolt\n>p2 switch 3\n>p1 move grassknot\n>p2 move stoneedge\n>p2 switch 3\n>p1 move thunderbolt\n>p2 move boomburst","uploadtime":1630696156,"views":3,"p1id":"godspeedr","p2id":"arcangel666","formatid":"gen8randombattle","rating":1852,"private":0,"password":null}