{"id":"gen8ou-1549286924","p1":"smogonules","p2":"SetsuStsna","format":"gen8ou","log":"|j|\u2606smogonules\n|j|\u2606SetsuStsna\n|inactive|Battle timer is ON: inactive players will automatically lose when time's up.\n|t:|1649463185\n|gametype|singles\n|player|p1|smogonules|cyrus|\n|player|p2|SetsuStsna|dawn-gen4pt|\n|teamsize|p1|6\n|teamsize|p2|6\n|gen|8\n|tier|[Gen 8] OU\n|rated|Tournament battle\n|rule|Sleep Clause Mod: Limit one foe put to sleep\n|rule|Species Clause: Limit one of each Pok\u00e9mon\n|rule|OHKO Clause: OHKO moves are banned\n|rule|Evasion Moves Clause: Evasion moves are banned\n|rule|Endless Battle Clause: Forcing endless battles is banned\n|rule|HP Percentage Mod: HP is shown in percentages\n|rule|Dynamax Clause: You cannot dynamax\n|clearpoke\n|poke|p1|Crawdaunt, F|\n|poke|p1|Pelipper, M|\n|poke|p1|Blaziken, M|\n|poke|p1|Sharpedo, M|\n|poke|p1|Latios, M|\n|poke|p1|Metagross|\n|poke|p2|Heracross, M|\n|poke|p2|Pelipper, M|\n|poke|p2|Kingdra, F|\n|poke|p2|Crawdaunt, M|\n|poke|p2|Registeel|\n|poke|p2|Xatu, M|\n|teampreview\n|j| Trailblazer324\n|c|\u2606SetsuStsna|hf\n|j| TestSubject88\n|j| BattleStevenStones\n|j| Skaoxnaoso887\n|l| Skaoxnaoso887\n|\n|t:|1649463210\n|start\n|switch|p1a: Sharpedo|Sharpedo, M|100\/100\n|switch|p2a: Heracross|Heracross, M|100\/100\n|turn|1\n|\n|t:|1649463215\n|move|p2a: Heracross|Close Combat|p1a: Sharpedo\n|-supereffective|p1a: Sharpedo\n|-damage|p1a: Sharpedo|0 fnt\n|-unboost|p2a: Heracross|def|1\n|-unboost|p2a: Heracross|spd|1\n|faint|p1a: Sharpedo\n|-ability|p2a: Heracross|Moxie|boost\n|-boost|p2a: Heracross|atk|1\n|\n|upkeep\n|j| RedDiamond1024\n|l| BattleStevenStones\n|\n|t:|1649463221\n|switch|p1a: Latios|Latios, M|100\/100\n|turn|2\n|j| Magicgirl rere\n|\n|t:|1649463228\n|switch|p2a: Xatu|Xatu, M|100\/100\n|move|p1a: Latios|Psychic|p2a: Xatu\n|-resisted|p2a: Xatu\n|-damage|p2a: Xatu|78\/100\n|\n|upkeep\n|turn|3\n|\n|t:|1649463232\n|move|p1a: Latios|Calm Mind|p1a: Latios\n|-boost|p1a: Latios|spa|1\n|-boost|p1a: Latios|spd|1\n|move|p2a: Xatu|Thunder Wave|p1a: Latios|[miss]\n|-miss|p2a: Xatu|p1a: Latios\n|\n|upkeep\n|turn|4\n|\n|t:|1649463237\n|move|p1a: Latios|Draco Meteor|p2a: Xatu\n|-damage|p2a: Xatu|0 fnt\n|-unboost|p1a: Latios|spa|2\n|faint|p2a: Xatu\n|\n|upkeep\n|c|\u2606SetsuStsna|lol\n|c|\u2606SetsuStsna|classy\n|\n|t:|1649463245\n|switch|p2a: Crawdaunt|Crawdaunt, M|100\/100\n|turn|5\n|\n|t:|1649463247\n|move|p1a: Latios|Aura Sphere|p2a: Crawdaunt\n|-supereffective|p2a: Crawdaunt\n|-crit|p2a: Crawdaunt\n|-damage|p2a: Crawdaunt|0 fnt\n|faint|p2a: Crawdaunt\n|\n|upkeep\n|c|\u2606SetsuStsna|yeah\n|\n|t:|1649463253\n|switch|p2a: Pelipper|Pelipper, M|100\/100\n|-weather|RainDance|[from] ability: Drizzle|[of] p2a: Pelipper\n|turn|6\n|\n|t:|1649463255\n|move|p1a: Latios|Calm Mind|p1a: Latios\n|-boost|p1a: Latios|spa|1\n|-boost|p1a: Latios|spd|1\n|move|p2a: Pelipper|U-turn|p1a: Latios\n|-supereffective|p1a: Latios\n|-damage|p1a: Latios|76\/100\n|\n|t:|1649463260\n|switch|p2a: Kingdra|Kingdra, F|100\/100|[from]move: U-turn\n|\n|-weather|RainDance|[upkeep]\n|-heal|p1a: Latios|82\/100|[from] item: Leftovers\n|upkeep\n|turn|7\n|\n|t:|1649463263\n|move|p2a: Kingdra|Dragon Pulse|p1a: Latios\n|-supereffective|p1a: Latios\n|-damage|p1a: Latios|22\/100\n|move|p1a: Latios|Draco Meteor|p2a: Kingdra|[miss]\n|-miss|p1a: Latios|p2a: Kingdra\n|\n|-weather|RainDance|[upkeep]\n|-heal|p1a: Latios|28\/100|[from] item: Leftovers\n|upkeep\n|turn|8\n|\n|t:|1649463266\n|move|p2a: Kingdra|Dragon Pulse|p1a: Latios\n|-supereffective|p1a: Latios\n|-damage|p1a: Latios|0 fnt\n|faint|p1a: Latios\n|\n|-weather|RainDance|[upkeep]\n|upkeep\n|l| Trailblazer324\n|\n|t:|1649463281\n|switch|p1a: Pelipper|Pelipper, M|100\/100\n|turn|9\n|\n|t:|1649463283\n|move|p2a: Kingdra|Dragon Pulse|p1a: Pelipper\n|-damage|p1a: Pelipper|20\/100\n|move|p1a: Pelipper|Hurricane|p2a: Kingdra\n|-damage|p2a: Kingdra|39\/100\n|\n|-weather|RainDance|[upkeep]\n|upkeep\n|turn|10\n|\n|t:|1649463289\n|switch|p1a: Blaziken|Blaziken, M|100\/100\n|move|p2a: Kingdra|Dragon Pulse|p1a: Blaziken\n|-damage|p1a: Blaziken|5\/100\n|\n|-weather|RainDance|[upkeep]\n|upkeep\n|turn|11\n|\n|t:|1649463292\n|move|p2a: Kingdra|Dragon Pulse|p1a: Blaziken\n|-damage|p1a: Blaziken|0 fnt\n|faint|p1a: Blaziken\n|\n|-weather|RainDance|[upkeep]\n|upkeep\n|j| aeselol\n|\n|t:|1649463297\n|switch|p1a: Metagross|Metagross|100\/100\n|turn|12\n|\n|t:|1649463304\n|switch|p2a: Pelipper|Pelipper, M|100\/100\n|move|p1a: Metagross|Agility|p1a: Metagross\n|-boost|p1a: Metagross|spe|2\n|\n|-weather|RainDance|[upkeep]\n|upkeep\n|turn|13\n|\n|t:|1649463308\n|move|p1a: Metagross|Zen Headbutt|p2a: Pelipper\n|-damage|p2a: Pelipper|59\/100\n|move|p2a: Pelipper|Scald|p1a: Metagross\n|-damage|p1a: Metagross|57\/100\n|\n|-weather|none\n|upkeep\n|turn|14\n|\n|t:|1649463316\n|switch|p2a: Kallen|Registeel|100\/100\n|move|p1a: Metagross|Agility|p1a: Metagross\n|-boost|p1a: Metagross|spe|2\n|\n|upkeep\n|turn|15\n|\n|t:|1649463320\n|move|p1a: Metagross|Earthquake|p2a: Kallen\n|-supereffective|p2a: Kallen\n|-damage|p2a: Kallen|64\/100\n|move|p2a: Kallen|Iron Defense|p2a: Kallen\n|-boost|p2a: Kallen|def|2\n|\n|-heal|p2a: Kallen|70\/100|[from] item: Leftovers\n|upkeep\n|turn|16\n|\n|t:|1649463325\n|switch|p1a: Pelipper|Pelipper, M|20\/100\n|-weather|RainDance|[from] ability: Drizzle|[of] p1a: Pelipper\n|move|p2a: Kallen|Body Press|p1a: Pelipper\n|-resisted|p1a: Pelipper\n|-damage|p1a: Pelipper|0 fnt\n|faint|p1a: Pelipper\n|\n|-weather|RainDance|[upkeep]\n|-heal|p2a: Kallen|76\/100|[from] item: Leftovers\n|upkeep\n|\n|t:|1649463326\n|switch|p1a: Crawdaunt|Crawdaunt, F|100\/100\n|turn|17\n|\n|t:|1649463329\n|move|p1a: Crawdaunt|Crabhammer|p2a: Kallen\n|-damage|p2a: Kallen|38\/100\n|-damage|p1a: Crawdaunt|91\/100|[from] item: Life Orb\n|move|p2a: Kallen|Body Press|p1a: Crawdaunt\n|-supereffective|p1a: Crawdaunt\n|-damage|p1a: Crawdaunt|0 fnt\n|faint|p1a: Crawdaunt\n|\n|-weather|RainDance|[upkeep]\n|-heal|p2a: Kallen|44\/100|[from] item: Leftovers\n|upkeep\n|l| aeselol\n|\n|t:|1649463331\n|switch|p1a: Metagross|Metagross|57\/100\n|turn|18\n|j| Lost Thoughts\n|\n|t:|1649463334\n|move|p1a: Metagross|Earthquake|p2a: Kallen\n|-supereffective|p2a: Kallen\n|-damage|p2a: Kallen|26\/100\n|move|p2a: Kallen|Body Press|p1a: Metagross\n|-damage|p1a: Metagross|9\/100\n|\n|-weather|RainDance|[upkeep]\n|-heal|p2a: Kallen|32\/100|[from] item: Leftovers\n|upkeep\n|turn|19\n|\n|t:|1649463336\n|move|p1a: Metagross|Earthquake|p2a: Kallen\n|-supereffective|p2a: Kallen\n|-damage|p2a: Kallen|14\/100\n|move|p2a: Kallen|Body Press|p1a: Metagross\n|-damage|p1a: Metagross|0 fnt\n|faint|p1a: Metagross\n|\n|win|SetsuStsna\n|n|\u2606smogonules|smogonules\n|n|\u2606SetsuStsna|setsustsna\n|n| TestSubject88|testsubject88\n|n| RedDiamond1024|reddiamond1024\n|n| Magicgirl rere|magicgirlrere\n|n| Lost Thoughts|lostthoughts\n|l|\u2606smogonules\n|c|\u2606SetsuStsna|smh\n|j| TheNewBrends11\n","uploadtime":1649463342,"views":56,"p1id":"smogonules","p2id":"setsustsna","formatid":"gen8ou","rating":0,"private":0,"password":null}