{"id":"gen8ou-1163122711","p1":"ChinGAME","p2":"GaijinEagle","format":"gen8ou","log":"|j|\u2606ChinGAME\n|j|\u2606GaijinEagle\n|t:|1596551803\n|player|p1|ChinGAME|2|1309\n|player|p2|GaijinEagle|102|1278\n|teamsize|p1|6\n|teamsize|p2|6\n|gametype|singles\n|gen|8\n|tier|[Gen 8] OU\n|rated|\n|html|<div class=\"broadcast-blue\"><strong>OU is currently suspecting Magearna! For information on how to participate check out the <a href=\"https:\/\/www.smogon.com\/forums\/threads\/3667669\/\">suspect thread<\/a>.<\/strong><\/div>\n|clearpoke\n|poke|p1|Urshifu-*, M|\n|poke|p1|Magearna|\n|poke|p1|Amoonguss, F|\n|poke|p1|Hippowdon, M|\n|poke|p1|Incineroar, F|\n|poke|p1|Alakazam, F|\n|poke|p2|Shuckle, F|\n|poke|p2|Urshifu-*, F|\n|poke|p2|Lycanroc-Dusk, F|\n|poke|p2|Alakazam, M|\n|poke|p2|Cinderace, F|\n|poke|p2|Dragapult, M|\n|rule|Sleep Clause Mod: Limit one foe put to sleep\n|rule|Species Clause: Limit one of each Pok\u00e9mon\n|rule|OHKO Clause: OHKO moves are banned\n|rule|Evasion Moves Clause: Evasion moves are banned\n|rule|Endless Battle Clause: Forcing endless battles is banned\n|rule|HP Percentage Mod: HP is shown in percentages\n|rule|Dynamax Clause: You cannot dynamax\n|teampreview\n|inactive|Battle timer is ON: inactive players will automatically lose when time's up. (requested by GaijinEagle)\n|inactive|GaijinEagle has 120 seconds left.\n|inactive|GaijinEagle has 90 seconds left.\n|inactive|GaijinEagle has 60 seconds left.\n|inactive|GaijinEagle has 30 seconds left.\n|inactiveoff|Battle timer is now OFF.\n|\n|t:|1596551932\n|start\n|switch|p1a: Urshifu|Urshifu, M|100\/100\n|switch|p2a: Shuckle|Shuckle, F|100\/100\n|turn|1\n|inactive|Battle timer is ON: inactive players will automatically lose when time's up. (requested by ChinGAME)\n|\n|t:|1596551949\n|move|p1a: Urshifu|U-turn|p2a: Shuckle\n|-damage|p2a: Shuckle|77\/100\n|\n|t:|1596551960\n|switch|p1a: Alakazam|Alakazam, F|100\/100|[from]move: U-turn\n|move|p2a: Shuckle|Sticky Web|p1a: Alakazam\n|-sidestart|p1: ChinGAME|move: Sticky Web\n|\n|upkeep\n|turn|2\n|\n|t:|1596551974\n|move|p1a: Alakazam|Focus Blast|p2a: Shuckle|[miss]\n|-miss|p1a: Alakazam|p2a: Shuckle\n|move|p2a: Shuckle|Final Gambit|p1a: Alakazam\n|-damage|p1a: Alakazam|26\/100\n|faint|p2a: Shuckle\n|\n|upkeep\n|\n|t:|1596551980\n|switch|p2a: Dragapult|Dragapult, M|100\/100\n|turn|3\n|\n|t:|1596552005\n|move|p2a: Dragapult|Phantom Force||[still]\n|-prepare|p2a: Dragapult|Phantom Force\n|move|p1a: Alakazam|Dazzling Gleam|p2a: Dragapult|[miss]\n|-miss|p1a: Alakazam|p2a: Dragapult\n|\n|upkeep\n|turn|4\n|\n|t:|1596552011\n|move|p2a: Dragapult|Phantom Force|p1a: Alakazam|[from]lockedmove\n|-supereffective|p1a: Alakazam\n|-damage|p1a: Alakazam|0 fnt\n|-damage|p2a: Dragapult|91\/100|[from] item: Life Orb\n|faint|p1a: Alakazam\n|\n|upkeep\n|\n|t:|1596552021\n|switch|p1a: Amoonguss|Amoonguss, F|100\/100\n|-activate|p1a: Amoonguss|move: Sticky Web\n|-unboost|p1a: Amoonguss|spe|1\n|turn|5\n|\n|t:|1596552044\n|move|p2a: Dragapult|Dragon Dance|p2a: Dragapult\n|-boost|p2a: Dragapult|atk|1\n|-boost|p2a: Dragapult|spe|1\n|move|p1a: Amoonguss|Spore|p2a: Dragapult\n|-status|p2a: Dragapult|slp|[from] move: Spore\n|\n|upkeep\n|turn|6\n|\n|t:|1596552051\n|switch|p1a: Magearna|Magearna|100\/100\n|-activate|p1a: Magearna|move: Sticky Web\n|-unboost|p1a: Magearna|spe|1\n|cant|p2a: Dragapult|slp\n|\n|upkeep\n|turn|7\n|\n|t:|1596552075\n|switch|p2a: Cinderace|Cinderace, F|100\/100\n|move|p1a: Magearna|Fleur Cannon|p2a: Cinderace\n|-resisted|p2a: Cinderace\n|-damage|p2a: Cinderace|20\/100\n|-unboost|p1a: Magearna|spa|2\n|\n|upkeep\n|turn|8\n|\n|t:|1596552086\n|switch|p1a: Incineroar|Incineroar, F|100\/100\n|-ability|p1a: Incineroar|Intimidate|boost\n|-unboost|p2a: Cinderace|atk|1\n|move|p2a: Cinderace|Pyro Ball|p1a: Incineroar\n|-resisted|p1a: Incineroar\n|-damage|p1a: Incineroar|81\/100\n|\n|upkeep\n|turn|9\n|\n|t:|1596552098\n|switch|p2a: Dragapult|Dragapult, M|91\/100 slp\n|move|p1a: Incineroar|Knock Off|p2a: Dragapult\n|-supereffective|p2a: Dragapult\n|-damage|p2a: Dragapult|0 fnt\n|-enditem|p2a: Dragapult|Life Orb|[from] move: Knock Off|[of] p1a: Incineroar\n|faint|p2a: Dragapult\n|\n|upkeep\n|\n|t:|1596552108\n|switch|p2a: Lycanroc|Lycanroc-Dusk, F|100\/100\n|turn|10\n|\n|t:|1596552112\n|move|p2a: Lycanroc|Close Combat|p1a: Incineroar\n|-supereffective|p1a: Incineroar\n|-damage|p1a: Incineroar|0 fnt\n|-unboost|p2a: Lycanroc|def|1\n|-unboost|p2a: Lycanroc|spd|1\n|-damage|p2a: Lycanroc|91\/100|[from] item: Life Orb\n|faint|p1a: Incineroar\n|\n|upkeep\n|\n|t:|1596552124\n|switch|p1a: Hippowdon|Hippowdon, M|100\/100\n|-activate|p1a: Hippowdon|move: Sticky Web\n|-unboost|p1a: Hippowdon|spe|1\n|-weather|Sandstorm|[from] ability: Sand Stream|[of] p1a: Hippowdon\n|turn|11\n|inactive|GaijinEagle has 120 seconds left.\n|inactive|GaijinEagle has 90 seconds left.\n|\n|t:|1596552181\n|move|p2a: Lycanroc|Close Combat|p1a: Hippowdon\n|-damage|p1a: Hippowdon|63\/100\n|-unboost|p2a: Lycanroc|def|1\n|-unboost|p2a: Lycanroc|spd|1\n|-damage|p2a: Lycanroc|74\/100|[from] item: Rocky Helmet|[of] p1a: Hippowdon\n|-damage|p2a: Lycanroc|64\/100|[from] item: Life Orb\n|move|p1a: Hippowdon|Earthquake|p2a: Lycanroc\n|-supereffective|p2a: Lycanroc\n|-damage|p2a: Lycanroc|0 fnt\n|faint|p2a: Lycanroc\n|\n|-weather|Sandstorm|[upkeep]\n|upkeep\n|\n|t:|1596552184\n|switch|p2a: Urshifu|Urshifu, F|100\/100\n|turn|12\n|inactive|GaijinEagle has 60 seconds left.\n|\n|t:|1596552224\n|move|p2a: Urshifu|Bulk Up|p2a: Urshifu\n|-boost|p2a: Urshifu|atk|1\n|-boost|p2a: Urshifu|def|1\n|move|p1a: Hippowdon|Slack Off|p1a: Hippowdon\n|-heal|p1a: Hippowdon|100\/100\n|\n|-weather|Sandstorm|[upkeep]\n|-damage|p2a: Urshifu|94\/100|[from] Sandstorm\n|upkeep\n|turn|13\n|\n|t:|1596552232\n|move|p2a: Urshifu|Wicked Blow|p1a: Hippowdon\n|-crit|p1a: Hippowdon\n|-damage|p1a: Hippowdon|32\/100\n|-damage|p2a: Urshifu|78\/100|[from] item: Rocky Helmet|[of] p1a: Hippowdon\n|-damage|p2a: Urshifu|68\/100|[from] item: Life Orb\n|move|p1a: Hippowdon|Whirlwind|p2a: Urshifu\n|drag|p2a: Cinderace|Cinderace, F|20\/100\n|\n|-weather|Sandstorm|[upkeep]\n|-damage|p2a: Cinderace|14\/100|[from] Sandstorm\n|upkeep\n|turn|14\n|inactive|GaijinEagle has 60 seconds left.\n|\n|t:|1596552252\n|move|p2a: Cinderace|Pyro Ball|p1a: Hippowdon\n|-damage|p1a: Hippowdon|1\/100\n|move|p1a: Hippowdon|Earthquake|p2a: Cinderace\n|-supereffective|p2a: Cinderace\n|-damage|p2a: Cinderace|0 fnt\n|faint|p2a: Cinderace\n|\n|-weather|Sandstorm|[upkeep]\n|upkeep\n|\n|t:|1596552256\n|switch|p2a: Urshifu|Urshifu, F|68\/100\n|turn|15\n|inactive|GaijinEagle has 60 seconds left.\n|\n|t:|1596552266\n|move|p2a: Urshifu|Close Combat|p1a: Hippowdon\n|-damage|p1a: Hippowdon|0 fnt\n|-unboost|p2a: Urshifu|def|1\n|-unboost|p2a: Urshifu|spd|1\n|-damage|p2a: Urshifu|52\/100|[from] item: Rocky Helmet|[of] p1a: Hippowdon\n|-damage|p2a: Urshifu|42\/100|[from] item: Life Orb\n|faint|p1a: Hippowdon\n|\n|-weather|none\n|upkeep\n|\n|t:|1596552282\n|switch|p1a: Magearna|Magearna|100\/100\n|-activate|p1a: Magearna|move: Sticky Web\n|-unboost|p1a: Magearna|spe|1\n|turn|16\n|\n|t:|1596552297\n|move|p2a: Urshifu|Close Combat|p1a: Magearna\n|-damage|p1a: Magearna|26\/100\n|-unboost|p2a: Urshifu|def|1\n|-unboost|p2a: Urshifu|spd|1\n|-damage|p2a: Urshifu|32\/100|[from] item: Life Orb\n|move|p1a: Magearna|Fleur Cannon|p2a: Urshifu\n|-supereffective|p2a: Urshifu\n|-damage|p2a: Urshifu|0 fnt\n|-unboost|p1a: Magearna|spa|2\n|faint|p2a: Urshifu\n|-ability|p1a: Magearna|Soul-Heart|boost\n|-boost|p1a: Magearna|spa|1\n|\n|upkeep\n|\n|t:|1596552300\n|switch|p2a: Alakazam|Alakazam, M|100\/100\n|turn|17\n|\n|t:|1596552311\n|move|p2a: Alakazam|Focus Blast|p1a: Magearna\n|-damage|p1a: Magearna|0 fnt\n|faint|p1a: Magearna\n|\n|upkeep\n|\n|t:|1596552316\n|switch|p1a: Amoonguss|Amoonguss, F|100\/100\n|-activate|p1a: Amoonguss|move: Sticky Web\n|-unboost|p1a: Amoonguss|spe|1\n|turn|18\n|\n|t:|1596552335\n|move|p2a: Alakazam|Nasty Plot|p2a: Alakazam\n|-boost|p2a: Alakazam|spa|2\n|move|p1a: Amoonguss|Spore|p2a: Alakazam\n|-status|p2a: Alakazam|slp|[from] move: Spore\n|\n|upkeep\n|turn|19\n|\n|t:|1596552341\n|switch|p1a: Urshifu|Urshifu, M|100\/100\n|-activate|p1a: Urshifu|move: Sticky Web\n|-unboost|p1a: Urshifu|spe|1\n|cant|p2a: Alakazam|slp\n|\n|upkeep\n|turn|20\n|inactive|GaijinEagle has 90 seconds left.\n|\n|t:|1596552354\n|cant|p2a: Alakazam|slp\n|move|p1a: Urshifu|Wicked Blow|p2a: Alakazam\n|-supereffective|p2a: Alakazam\n|-crit|p2a: Alakazam\n|-enditem|p2a: Alakazam|Focus Sash\n|-damage|p2a: Alakazam|1\/100 slp\n|\n|upkeep\n|turn|21\n|c|\u2606GaijinEagle|gg\n|\n|t:|1596552363\n|switch|p1a: Amoonguss|Amoonguss, F|100\/100\n|-activate|p1a: Amoonguss|move: Sticky Web\n|-unboost|p1a: Amoonguss|spe|1\n|cant|p2a: Alakazam|slp\n|\n|upkeep\n|turn|22\n|c|\u2606ChinGAME|gg\n|\n|t:|1596552382\n|-curestatus|p2a: Alakazam|slp|[msg]\n|move|p2a: Alakazam|Psychic|p1a: Amoonguss\n|-supereffective|p1a: Amoonguss\n|-damage|p1a: Amoonguss|0 fnt\n|faint|p1a: Amoonguss\n|\n|upkeep\n|\n|t:|1596552388\n|switch|p1a: Urshifu|Urshifu, M|100\/100\n|-activate|p1a: Urshifu|move: Sticky Web\n|-unboost|p1a: Urshifu|spe|1\n|turn|23\n|\n|t:|1596552395\n|move|p1a: Urshifu|Sucker Punch|p2a: Alakazam\n|-supereffective|p2a: Alakazam\n|-damage|p2a: Alakazam|0 fnt\n|faint|p2a: Alakazam\n|\n|win|ChinGAME\n|raw|ChinGAME's rating: 1309 &rarr; <strong>1327<\/strong><br \/>(+18 for winning)\n|raw|GaijinEagle's rating: 1279 &rarr; <strong>1256<\/strong><br \/>(-23 for losing)\n","uploadtime":1596552401,"views":21,"p1id":"chingame","p2id":"gaijineagle","formatid":"gen8ou","rating":1256,"private":0,"password":null}