{"id":"gen81v1-1566964316","p1":"Fant'sy Beast","p2":"xskelly34","format":"gen81v1","log":"|j|\u2606Fant'sy Beast\n|j|\u2606xskelly34\n|inactive|Battle timer is ON: inactive players will automatically lose when time's up.\n|t:|1651606329\n|gametype|singles\n|player|p1|Fant'sy Beast|waiter-gen4dp|\n|player|p2|xskelly34|bugsy|\n|teamsize|p1|3\n|teamsize|p2|3\n|gen|8\n|tier|[Gen 8] 1v1\n|rated|Tournament battle\n|rule|Species Clause: Limit one of each Pok\u00e9mon\n|rule|OHKO Clause: OHKO moves are banned\n|rule|Evasion Moves Clause: Evasion moves are banned\n|rule|Accuracy Moves Clause: Accuracy-lowering moves are banned\n|rule|HP Percentage Mod: HP is shown in percentages\n|rule|Dynamax Clause: You cannot dynamax\n|rule|Endless Battle Clause: Forcing endless battles is banned\n|clearpoke\n|poke|p1|Sylveon, F|\n|poke|p1|Dragapult, M|\n|poke|p1|Crustle, M|\n|poke|p2|Corviknight, M|\n|poke|p2|Togekiss, F|\n|poke|p2|Garchomp, F|\n|teampreview|1\n|j|*Lady Monita \u273f\n|j| BB-8-NU\n|j| PokeArt2004\u2764\n|j| atharvplayspokemon\n|j| BarneyIsEvil\n|j| fearlessgod\n|j| Giove97\n|j| JustProcrastinator\n|\n|t:|1651606351\n|start\n|switch|p1a: Dragapult|Dragapult, M|100\/100\n|switch|p2a: san francisco|Corviknight, M|100\/100\n|-ability|p2a: san francisco|Pressure\n|turn|1\n|\n|t:|1651606359\n|move|p1a: Dragapult|Substitute|p1a: Dragapult\n|-start|p1a: Dragapult|Substitute\n|-damage|p1a: Dragapult|76\/100\n|move|p2a: san francisco|Roost||[still]\n|-fail|p2a: san francisco|heal\n|\n|upkeep\n|turn|2\n|\n|t:|1651606362\n|move|p1a: Dragapult|Will-O-Wisp|p2a: san francisco\n|-status|p2a: san francisco|brn\n|move|p2a: san francisco|Iron Defense|p2a: san francisco\n|-boost|p2a: san francisco|def|2\n|\n|-damage|p2a: san francisco|94\/100 brn|[from] brn\n|upkeep\n|turn|3\n|l| Giove97\n|\n|t:|1651606366\n|move|p1a: Dragapult|Hex|p2a: san francisco\n|-damage|p2a: san francisco|55\/100 brn\n|-enditem|p2a: san francisco|Maranga Berry|[eat]\n|-boost|p2a: san francisco|spd|1|[from] item: Maranga Berry\n|move|p2a: san francisco|Taunt|p1a: Dragapult\n|-start|p1a: Dragapult|move: Taunt\n|\n|-damage|p2a: san francisco|49\/100 brn|[from] brn\n|upkeep\n|turn|4\n|j| TakingNotesKinda\n|\n|t:|1651606371\n|move|p1a: Dragapult|Hex|p2a: san francisco\n|-damage|p2a: san francisco|25\/100 brn\n|move|p2a: san francisco|Roost|p2a: san francisco\n|-heal|p2a: san francisco|75\/100 brn\n|-singleturn|p2a: san francisco|move: Roost\n|\n|-damage|p2a: san francisco|69\/100 brn|[from] brn\n|upkeep\n|turn|5\n|\n|t:|1651606374\n|move|p1a: Dragapult|Hex|p2a: san francisco\n|-damage|p2a: san francisco|44\/100 brn\n|move|p2a: san francisco|Roost|p2a: san francisco\n|-heal|p2a: san francisco|94\/100 brn\n|-singleturn|p2a: san francisco|move: Roost\n|\n|-damage|p2a: san francisco|88\/100 brn|[from] brn\n|upkeep\n|turn|6\n|\n|t:|1651606377\n|move|p1a: Dragapult|Hex|p2a: san francisco\n|-damage|p2a: san francisco|62\/100 brn\n|move|p2a: san francisco|Roost|p2a: san francisco\n|-heal|p2a: san francisco|100\/100 brn\n|-singleturn|p2a: san francisco|move: Roost\n|\n|-damage|p2a: san francisco|94\/100 brn|[from] brn\n|-end|p1a: Dragapult|move: Taunt\n|upkeep\n|turn|7\n|\n|t:|1651606380\n|move|p1a: Dragapult|Disable|p2a: san francisco\n|-start|p2a: san francisco|Disable|Roost\n|move|p2a: san francisco|Taunt|p1a: Dragapult\n|-start|p1a: Dragapult|move: Taunt\n|\n|-damage|p2a: san francisco|88\/100 brn|[from] brn\n|upkeep\n|turn|8\n|\n|t:|1651606386\n|move|p1a: Dragapult|Hex|p2a: san francisco\n|-damage|p2a: san francisco|62\/100 brn\n|move|p2a: san francisco|Iron Defense|p2a: san francisco\n|-boost|p2a: san francisco|def|2\n|\n|-damage|p2a: san francisco|56\/100 brn|[from] brn\n|upkeep\n|turn|9\n|\n|t:|1651606388\n|move|p1a: Dragapult|Hex|p2a: san francisco\n|-damage|p2a: san francisco|29\/100 brn\n|move|p2a: san francisco|Iron Defense|p2a: san francisco\n|-boost|p2a: san francisco|def|2\n|\n|-damage|p2a: san francisco|23\/100 brn|[from] brn\n|upkeep\n|turn|10\n|\n|t:|1651606391\n|move|p1a: Dragapult|Hex|p2a: san francisco\n|-damage|p2a: san francisco|0 fnt\n|faint|p2a: san francisco\n|\n|win|Fant'sy Beast\n|n|\u2606Fant'sy Beast|fantsybeast\n|n|\u2606xskelly34|xskelly34\n|n|*Lady Monita \u273f|ladymonita\n|n| BB-8-NU|bb8nu\n|n| PokeArt2004\u2764|pokeart2004\n|n| atharvplayspokemon|atharvplayspokemon\n|n| BarneyIsEvil|barneyisevil\n|n| fearlessgod|fearlessgod\n|n| JustProcrastinator|justprocrastinator\n|n| TakingNotesKinda|takingnoteskinda\n","uploadtime":1651606392,"views":7,"p1id":"fantsybeast","p2id":"xskelly34","formatid":"gen81v1","rating":0,"private":0,"password":null}