{"id":"gen8ou-1380935386","p1":"LT83AQ EclipseY","p2":"Lenape","format":"gen8ou","log":"|raw|<div class=\"broadcast-blue\"><strong>This battle is required to be public due to a player having a name starting with 'lt83aq'.<\/div>\n|j|\u2606LT83AQ EclipseY\n|j|\u2606Lenape\n|t:|1626816144\n|gametype|singles\n|player|p1|LT83AQ EclipseY|cynthia-gen4|1891\n|player|p2|Lenape|101|1775\n|teamsize|p1|6\n|teamsize|p2|6\n|gen|8\n|tier|[Gen 8] OU\n|rated|\n|rule|Sleep Clause Mod: Limit one foe put to sleep\n|rule|Species Clause: Limit one of each Pok\u00e9mon\n|rule|OHKO Clause: OHKO moves are banned\n|rule|Evasion Moves Clause: Evasion moves are banned\n|rule|Endless Battle Clause: Forcing endless battles is banned\n|rule|HP Percentage Mod: HP is shown in percentages\n|rule|Dynamax Clause: You cannot dynamax\n|clearpoke\n|poke|p1|Tapu Koko|\n|poke|p1|Skarmory, M|\n|poke|p1|Tyranitar, F|\n|poke|p1|Clefable, M|\n|poke|p1|Landorus-Therian, M|\n|poke|p1|Slowking, M|\n|poke|p2|Rotom-Heat|\n|poke|p2|Corviknight, M|\n|poke|p2|Sylveon, F|\n|poke|p2|Rhyperior, M|\n|poke|p2|Toxapex, F|\n|poke|p2|Umbreon, M|\n|teampreview\n|inactive|Battle timer is ON: inactive players will automatically lose when time's up. (requested by LT83AQ EclipseY)\n|\n|t:|1626816152\n|start\n|switch|p1a: Clefable|Clefable, M|100\/100\n|switch|p2a: Rotom|Rotom-Heat|100\/100\n|turn|1\n|j| H.M.N.I.P\n|j| lt83aq leo\n|\n|t:|1626816160\n|move|p2a: Rotom|Trick|p1a: Clefable\n|-activate|p2a: Rotom|move: Trick|[of] p1a: Clefable\n|-item|p1a: Clefable|Choice Scarf|[from] move: Trick\n|-item|p2a: Rotom|Sticky Barb|[from] move: Trick\n|move|p1a: Clefable|Trick|p2a: Rotom\n|-activate|p1a: Clefable|move: Trick|[of] p2a: Rotom\n|-item|p2a: Rotom|Choice Scarf|[from] move: Trick\n|-item|p1a: Clefable|Sticky Barb|[from] move: Trick\n|\n|upkeep\n|turn|2\n|j| lolebruh\n|\n|t:|1626816164\n|move|p2a: Rotom|Discharge|p1a: Clefable\n|-damage|p1a: Clefable|81\/100\n|-status|p1a: Clefable|par\n|move|p1a: Clefable|Toxic|p2a: Rotom\n|-status|p2a: Rotom|tox\n|\n|-damage|p2a: Rotom|94\/100 tox|[from] psn\n|upkeep\n|turn|3\n|\n|t:|1626816169\n|switch|p2a: Umbreon|Umbreon, M|100\/100\n|move|p1a: Clefable|Trick|p2a: Umbreon\n|-activate|p1a: Clefable|move: Trick|[of] p2a: Umbreon\n|-item|p2a: Umbreon|Sticky Barb|[from] move: Trick\n|-item|p1a: Clefable|Leftovers|[from] move: Trick\n|\n|-heal|p1a: Clefable|87\/100 par|[from] item: Leftovers\n|-damage|p2a: Umbreon|88\/100|[from] item: Sticky Barb\n|upkeep\n|turn|4\n|\n|t:|1626816176\n|switch|p2a: Rotom|Rotom-Heat|94\/100 tox\n|move|p1a: Clefable|Toxic|p2a: Rotom\n|-fail|p2a: Rotom|tox\n|\n|-heal|p1a: Clefable|93\/100 par|[from] item: Leftovers\n|-damage|p2a: Rotom|88\/100 tox|[from] psn\n|upkeep\n|turn|5\n|j| pal1122\n|\n|t:|1626816181\n|switch|p1a: Landorus|Landorus-Therian, M|100\/100\n|-ability|p1a: Landorus|Intimidate|boost\n|-unboost|p2a: Rotom|atk|1\n|move|p2a: Rotom|Trick|p1a: Landorus\n|-activate|p2a: Rotom|move: Trick|[of] p1a: Landorus\n|-item|p1a: Landorus|Choice Scarf|[from] move: Trick\n|-item|p2a: Rotom|Leftovers|[from] move: Trick\n|\n|-heal|p2a: Rotom|94\/100 tox|[from] item: Leftovers\n|-damage|p2a: Rotom|82\/100 tox|[from] psn\n|upkeep\n|turn|6\n|\n|t:|1626816185\n|move|p1a: Landorus|Knock Off|p2a: Rotom\n|-damage|p2a: Rotom|52\/100 tox\n|-enditem|p2a: Rotom|Leftovers|[from] move: Knock Off|[of] p1a: Landorus\n|move|p2a: Rotom|Will-O-Wisp|p1a: Landorus\n|-status|p1a: Landorus|brn\n|\n|-damage|p2a: Rotom|33\/100 tox|[from] psn\n|-damage|p1a: Landorus|94\/100 brn|[from] brn\n|upkeep\n|turn|7\n|j| LT83AQ spooky\n|\n|t:|1626816190\n|switch|p1a: Slowking|Slowking, M|100\/100\n|switch|p2a: Umbreon|Umbreon, M|88\/100\n|\n|-damage|p2a: Umbreon|76\/100|[from] item: Sticky Barb\n|upkeep\n|turn|8\n|\n|t:|1626816192\n|move|p2a: Umbreon|Heal Bell|p2a: Umbreon\n|-activate|p2a: Umbreon|move: Heal Bell\n|-curestatus|p2: Rotom|tox|[msg]\n|move|p1a: Slowking|Future Sight|p2a: Umbreon\n|-start|p1a: Slowking|move: Future Sight\n|\n|-damage|p2a: Umbreon|63\/100|[from] item: Sticky Barb\n|upkeep\n|turn|9\n|\n|t:|1626816195\n|move|p2a: Umbreon|Wish|p2a: Umbreon\n|move|p1a: Slowking|Teleport|p1a: Slowking\n|j| lt83aq ss\n|\n|t:|1626816202\n|switch|p1a: Tyranitar|Tyranitar, F|100\/100|[from]move: Teleport\n|-weather|Sandstorm|[from] ability: Sand Stream|[of] p1a: Tyranitar\n|\n|-weather|Sandstorm|[upkeep]\n|-damage|p2a: Umbreon|57\/100|[from] Sandstorm\n|-damage|p2a: Umbreon|45\/100|[from] item: Sticky Barb\n|upkeep\n|turn|10\n|l| lt83aq ss\n|j| dfghfgjkl\n|\n|t:|1626816210\n|switch|p2a: Corviknight|Corviknight, M|100\/100\n|-ability|p2a: Corviknight|Pressure\n|move|p1a: Tyranitar|Heavy Slam|p2a: Corviknight\n|-resisted|p2a: Corviknight\n|-damage|p2a: Corviknight|87\/100\n|\n|-weather|Sandstorm|[upkeep]\n|-end|p2a: Corviknight|move: Future Sight\n|-resisted|p2a: Corviknight\n|-damage|p2a: Corviknight|68\/100\n|-heal|p2a: Corviknight|100\/100|[from] move: Wish|[wisher] Umbreon\n|upkeep\n|turn|11\n|\n|t:|1626816217\n|switch|p1a: Landorus|Landorus-Therian, M|94\/100 brn\n|-ability|p1a: Landorus|Intimidate|boost\n|-unboost|p2a: Corviknight|atk|1\n|move|p2a: Corviknight|Substitute|p2a: Corviknight\n|-start|p2a: Corviknight|Substitute\n|-damage|p2a: Corviknight|75\/100\n|\n|-weather|Sandstorm|[upkeep]\n|-damage|p1a: Landorus|88\/100 brn|[from] brn\n|upkeep\n|turn|12\n|\n|t:|1626816225\n|move|p1a: Landorus|Stealth Rock|p2a: Corviknight\n|-sidestart|p2: Lenape|move: Stealth Rock\n|move|p2a: Corviknight|Bulk Up|p2a: Corviknight\n|-boost|p2a: Corviknight|atk|1\n|-boost|p2a: Corviknight|def|1\n|\n|-weather|Sandstorm|[upkeep]\n|-damage|p1a: Landorus|82\/100 brn|[from] brn\n|upkeep\n|turn|13\n|\n|t:|1626816227\n|switch|p1a: Tapu Koko|Tapu Koko|100\/100\n|-fieldstart|move: Electric Terrain|[from] ability: Electric Surge|[of] p1a: Tapu Koko\n|move|p2a: Corviknight|Brave Bird|p1a: Tapu Koko\n|-resisted|p1a: Tapu Koko\n|-crit|p1a: Tapu Koko\n|-damage|p1a: Tapu Koko|28\/100\n|-damage|p2a: Corviknight|59\/100|[from] Recoil\n|-damage|p2a: Corviknight|49\/100|[from] item: Life Orb\n|\n|-weather|none\n|upkeep\n|turn|14\n|\n|t:|1626816231\n|move|p1a: Tapu Koko|Roost|p1a: Tapu Koko\n|-heal|p1a: Tapu Koko|78\/100\n|-singleturn|p1a: Tapu Koko|move: Roost\n|move|p2a: Corviknight|Brave Bird|p1a: Tapu Koko\n|-resisted|p1a: Tapu Koko\n|-damage|p1a: Tapu Koko|29\/100\n|-damage|p2a: Corviknight|37\/100|[from] Recoil\n|-damage|p2a: Corviknight|27\/100|[from] item: Life Orb\n|\n|upkeep\n|turn|15\n|\n|t:|1626816234\n|move|p1a: Tapu Koko|Roost|p1a: Tapu Koko\n|-heal|p1a: Tapu Koko|79\/100\n|-singleturn|p1a: Tapu Koko|move: Roost\n|move|p2a: Corviknight|Roost|p2a: Corviknight\n|-heal|p2a: Corviknight|77\/100\n|-singleturn|p2a: Corviknight|move: Roost\n|\n|upkeep\n|turn|16\n|\n|t:|1626816236\n|switch|p2a: Rhyperior|Rhyperior, M|100\/100\n|-damage|p2a: Rhyperior|94\/100|[from] Stealth Rock\n|move|p1a: Tapu Koko|Thunderbolt|p2a: Rhyperior\n|-immune|p2a: Rhyperior\n|\n|-heal|p2a: Rhyperior|100\/100|[from] item: Leftovers\n|upkeep\n|turn|17\n|\n|t:|1626816241\n|switch|p1a: Skarmory|Skarmory, M|100\/100\n|move|p2a: Rhyperior|Stealth Rock|p1a: Skarmory\n|-sidestart|p1: LT83AQ EclipseY|move: Stealth Rock\n|\n|-fieldend|move: Electric Terrain\n|upkeep\n|turn|18\n|\n|t:|1626816246\n|switch|p2a: Sylveon|Sylveon, F|100\/100\n|-damage|p2a: Sylveon|88\/100|[from] Stealth Rock\n|move|p1a: Skarmory|Body Press|p2a: Sylveon\n|-resisted|p2a: Sylveon\n|-damage|p2a: Sylveon|67\/100\n|\n|-heal|p2a: Sylveon|73\/100|[from] item: Leftovers\n|upkeep\n|turn|19\n|\n|t:|1626816248\n|move|p1a: Skarmory|Spikes|p2a: Sylveon\n|-sidestart|p2: Lenape|Spikes\n|move|p2a: Sylveon|Wish|p2a: Sylveon\n|\n|-heal|p2a: Sylveon|79\/100|[from] item: Leftovers\n|upkeep\n|turn|20\n|\n|t:|1626816251\n|switch|p2a: Rotom|Rotom-Heat|33\/100\n|-damage|p2a: Rotom|8\/100|[from] Stealth Rock\n|move|p1a: Skarmory|Body Press|p2a: Rotom\n|-damage|p2a: Rotom|0 fnt\n|faint|p2a: Rotom\n|\n|upkeep\n|\n|t:|1626816254\n|switch|p2a: Umbreon|Umbreon, M|45\/100\n|-damage|p2a: Umbreon|32\/100|[from] Spikes\n|-damage|p2a: Umbreon|20\/100|[from] Stealth Rock\n|turn|21\n|-message|Lenape forfeited.\n|\n|win|LT83AQ EclipseY\n|l|\u2606Lenape\n|raw|LT83AQ EclipseY's rating: 1891 &rarr; <strong>1905<\/strong><br \/>(+14 for winning)\n|raw|Lenape's rating: 1775 &rarr; <strong>1761<\/strong><br \/>(-14 for losing)\n|l| pal1122\n|l| lt83aq leo\n|l|\u2606LT83AQ EclipseY\n|j|\u2606LT83AQ EclipseY\n|player|p1|LT83AQ EclipseY|cynthia-gen4\n|l|\u2606LT83AQ EclipseY\n|player|p1|\n|l| H.M.N.I.P\n||Ladder isn't responding, score probably updated but might not have (Request timeout).\n|j| LT83AQ fardin\n|j| Luminami\n|l| Luminami\n|l| lolebruh\n|j| Power level over 1\n|l| Power level over 1\n|l| LT83AQ fardin\n|l| LT83AQ spooky\n","uploadtime":1626816264,"views":107,"p1id":"lt83aqeclipsey","p2id":"lenape","formatid":"gen8ou","rating":1761,"private":0,"password":null}