{"id":"gen8ou-1557984688","p1":"Infernoss","p2":"Serp IV","format":"gen8ou","log":"|j|\u2606Infernoss\n|j|\u2606Serp IV\n|t:|1650515277\n|gametype|singles\n|player|p1|Infernoss|blue|1859\n|player|p2|Serp IV|rosa|1786\n|teamsize|p1|6\n|teamsize|p2|6\n|gen|8\n|tier|[Gen 8] OU\n|rated|\n|rule|Sleep Clause Mod: Limit one foe put to sleep\n|rule|Species Clause: Limit one of each Pok\u00e9mon\n|rule|OHKO Clause: OHKO moves are banned\n|rule|Evasion Moves Clause: Evasion moves are banned\n|rule|Endless Battle Clause: Forcing endless battles is banned\n|rule|HP Percentage Mod: HP is shown in percentages\n|rule|Dynamax Clause: You cannot dynamax\n|clearpoke\n|poke|p1|Marowak-Alola, M|\n|poke|p1|Slowbro, M|\n|poke|p1|Hatterene, F|\n|poke|p1|Garchomp, M|\n|poke|p1|Ferrothorn, M|\n|poke|p1|Drampa, M|\n|poke|p2|Starmie|\n|poke|p2|Tapu Lele|\n|poke|p2|Magnezone|\n|poke|p2|Gastrodon, M|\n|poke|p2|Mandibuzz, F|\n|poke|p2|Cinccino, F|\n|teampreview\n|j| Redmolina\n|\n|t:|1650515289\n|start\n|switch|p1a: Sonso|Slowbro, M|100\/100\n|switch|p2a: Orchid|Tapu Lele|100\/100\n|-fieldstart|move: Psychic Terrain|[from] ability: Psychic Surge|[of] p2a: Orchid\n|turn|1\n|\n|t:|1650515304\n|move|p2a: Orchid|Moonblast|p1a: Sonso\n|-damage|p1a: Sonso|26\/100\n|move|p1a: Sonso|Trick Room|p1a: Sonso\n|-fieldstart|move: Trick Room|[of] p1a: Sonso\n|\n|upkeep\n|turn|2\n|\n|t:|1650515309\n|switch|p1a: Billy B.|Marowak-Alola, M, shiny|100\/100\n|move|p2a: Orchid|Moonblast|p1a: Billy B.\n|-resisted|p1a: Billy B.\n|-damage|p1a: Billy B.|53\/100\n|-unboost|p1a: Billy B.|spa|1\n|\n|upkeep\n|turn|3\n|\n|t:|1650515320\n|switch|p2a: Grise|Cinccino, F|100\/100\n|move|p1a: Billy B.|Flare Blitz|p2a: Grise\n|-damage|p2a: Grise|0 fnt\n|faint|p2a: Grise\n|\n|upkeep\n|\n|t:|1650515325\n|switch|p2a: Ebony|Mandibuzz, F|100\/100\n|turn|4\n|\n|t:|1650515329\n|switch|p1a: Thorns|Ferrothorn, M|100\/100\n|move|p2a: Ebony|Foul Play|p1a: Thorns\n|-damage|p1a: Thorns|77\/100\n|-damage|p2a: Ebony|88\/100|[from] ability: Iron Barbs|[of] p1a: Thorns\n|\n|-heal|p1a: Thorns|84\/100|[from] item: Leftovers\n|upkeep\n|turn|5\n|\n|t:|1650515342\n|switch|p1a: Sharko|Garchomp, M|100\/100\n|move|p2a: Ebony|U-turn|p1a: Sharko\n|-damage|p1a: Sharko|89\/100\n|-damage|p2a: Ebony|76\/100|[from] ability: Rough Skin|[of] p1a: Sharko\n|\n|t:|1650515344\n|switch|p2a: Orchid|Tapu Lele|100\/100|[from]move: U-turn\n|\n|-heal|p1a: Sharko|95\/100|[from] item: Leftovers\n|-fieldend|move: Trick Room\n|-fieldend|move: Psychic Terrain\n|upkeep\n|turn|6\n|\n|t:|1650515358\n|switch|p1a: Thorns|Ferrothorn, M|84\/100\n|move|p2a: Orchid|Moonblast|p1a: Thorns\n|-resisted|p1a: Thorns\n|-damage|p1a: Thorns|59\/100\n|\n|-heal|p1a: Thorns|65\/100|[from] item: Leftovers\n|upkeep\n|turn|7\n|\n|t:|1650515366\n|move|p2a: Orchid|Moonblast|p1a: Thorns\n|-resisted|p1a: Thorns\n|-damage|p1a: Thorns|41\/100\n|-unboost|p1a: Thorns|spa|1\n|move|p1a: Thorns|Leech Seed|p2a: Orchid\n|-start|p2a: Orchid|move: Leech Seed\n|\n|-heal|p1a: Thorns|47\/100|[from] item: Leftovers\n|-damage|p2a: Orchid|88\/100|[from] Leech Seed|[of] p1a: Thorns\n|-heal|p1a: Thorns|57\/100|[silent]\n|upkeep\n|turn|8\n|\n|t:|1650515380\n|switch|p2a: Silver|Magnezone|100\/100\n|move|p1a: Thorns|Stealth Rock|p2a: Silver\n|-sidestart|p2: Serp IV|move: Stealth Rock\n|\n|-heal|p1a: Thorns|63\/100|[from] item: Leftovers\n|upkeep\n|turn|9\n|\n|t:|1650515386\n|move|p2a: Silver|Iron Defense|p2a: Silver\n|-boost|p2a: Silver|def|2\n|move|p1a: Thorns|Leech Seed|p2a: Silver\n|-start|p2a: Silver|move: Leech Seed\n|\n|-heal|p1a: Thorns|69\/100|[from] item: Leftovers\n|-damage|p2a: Silver|88\/100|[from] Leech Seed|[of] p1a: Thorns\n|-heal|p1a: Thorns|79\/100|[silent]\n|upkeep\n|turn|10\n|\n|t:|1650515394\n|move|p2a: Silver|Iron Defense|p2a: Silver\n|-boost|p2a: Silver|def|2\n|move|p1a: Thorns|Power Whip|p2a: Silver\n|-resisted|p2a: Silver\n|-damage|p2a: Silver|82\/100\n|\n|-heal|p2a: Silver|88\/100|[from] item: Leftovers\n|-heal|p1a: Thorns|85\/100|[from] item: Leftovers\n|-damage|p2a: Silver|76\/100|[from] Leech Seed|[of] p1a: Thorns\n|-heal|p1a: Thorns|95\/100|[silent]\n|upkeep\n|turn|11\n|j| asgasgd\n|\n|t:|1650515410\n|move|p2a: Silver|Iron Defense|p2a: Silver\n|-boost|p2a: Silver|def|2\n|move|p1a: Thorns|Power Whip|p2a: Silver|[miss]\n|-miss|p1a: Thorns|p2a: Silver\n|\n|-heal|p2a: Silver|82\/100|[from] item: Leftovers\n|-heal|p1a: Thorns|100\/100|[from] item: Leftovers\n|-damage|p2a: Silver|69\/100|[from] Leech Seed|[of] p1a: Thorns\n|upkeep\n|turn|12\n|\n|t:|1650515423\n|move|p2a: Silver|Body Press|p1a: Thorns\n|-supereffective|p1a: Thorns\n|-damage|p1a: Thorns|0 fnt\n|-damage|p2a: Silver|57\/100|[from] ability: Iron Barbs|[of] p1a: Thorns\n|faint|p1a: Thorns\n|\n|-heal|p2a: Silver|63\/100|[from] item: Leftovers\n|upkeep\n|\n|t:|1650515432\n|switch|p1a: Gorra|Hatterene, F, shiny|100\/100\n|turn|13\n|\n|t:|1650515435\n|move|p2a: Silver|Flash Cannon|p1a: Gorra\n|-supereffective|p1a: Gorra\n|-damage|p1a: Gorra|31\/100\n|move|p1a: Gorra|Mystical Fire|p2a: Silver\n|-supereffective|p2a: Silver\n|-damage|p2a: Silver|8\/100\n|-unboost|p2a: Silver|spa|1\n|\n|-heal|p2a: Silver|14\/100|[from] item: Leftovers\n|-damage|p2a: Silver|2\/100|[from] Leech Seed|[of] p1a: Gorra\n|-heal|p1a: Gorra|42\/100|[silent]\n|upkeep\n|turn|14\n|\n|t:|1650515454\n|switch|p1a: Sharko|Garchomp, M|95\/100\n|move|p2a: Silver|Flash Cannon|p1a: Sharko\n|-damage|p1a: Sharko|62\/100\n|\n|-heal|p1a: Sharko|68\/100|[from] item: Leftovers\n|-heal|p2a: Silver|8\/100|[from] item: Leftovers\n|-damage|p2a: Silver|0 fnt|[from] Leech Seed|[of] p1a: Sharko\n|-heal|p1a: Sharko|74\/100|[silent]\n|faint|p2a: Silver\n|upkeep\n|\n|t:|1650515458\n|switch|p2a: Ebony|Mandibuzz, F|76\/100\n|turn|15\n|\n|t:|1650515466\n|move|p1a: Sharko|Stone Edge|p2a: Ebony|[miss]\n|-miss|p1a: Sharko|p2a: Ebony\n|move|p2a: Ebony|Defog|p1a: Sharko\n|-unboost|p1a: Sharko|evasion|1\n|-sideend|p2: Serp IV|Stealth Rock|[from] move: Defog|[of] p2a: Ebony\n|\n|-heal|p1a: Sharko|80\/100|[from] item: Leftovers\n|upkeep\n|turn|16\n|c|\u2606Infernoss|come on!\n|j| Narwhale37\n|\n|t:|1650515475\n|switch|p2a: Coral|Gastrodon, M|100\/100\n|move|p1a: Sharko|Stone Edge|p2a: Coral|[miss]\n|-miss|p1a: Sharko|p2a: Coral\n|\n|-heal|p1a: Sharko|86\/100|[from] item: Leftovers\n|upkeep\n|turn|17\n|\n|t:|1650515484\n|move|p1a: Sharko|Swords Dance|p1a: Sharko\n|-boost|p1a: Sharko|atk|2\n|move|p2a: Coral|Toxic|p1a: Sharko\n|-status|p1a: Sharko|tox\n|\n|-heal|p1a: Sharko|92\/100 tox|[from] item: Leftovers\n|-damage|p1a: Sharko|86\/100 tox|[from] psn\n|upkeep\n|turn|18\n|\n|t:|1650515492\n|switch|p2a: Ebony|Mandibuzz, F|76\/100\n|move|p1a: Sharko|Earthquake|p2a: Ebony\n|-immune|p2a: Ebony\n|\n|-heal|p1a: Sharko|92\/100 tox|[from] item: Leftovers\n|-damage|p1a: Sharko|80\/100 tox|[from] psn\n|upkeep\n|turn|19\n|\n|t:|1650515501\n|move|p1a: Sharko|Stone Edge|p2a: Ebony\n|-supereffective|p2a: Ebony\n|-damage|p2a: Ebony|2\/100\n|move|p2a: Ebony|Foul Play|p1a: Sharko\n|-damage|p1a: Sharko|0 fnt\n|-damage|p2a: Ebony|0 fnt|[from] ability: Rough Skin|[of] p1a: Sharko\n|faint|p1a: Sharko\n|faint|p2a: Ebony\n|\n|upkeep\n|\n|t:|1650515515\n|switch|p1a: Sonso|Slowbro, M|59\/100\n|switch|p2a: Orchid|Tapu Lele|88\/100\n|-fieldstart|move: Psychic Terrain|[from] ability: Psychic Surge|[of] p2a: Orchid\n|turn|20\n|\n|t:|1650515525\n|switch|p1a: Falkor|Drampa, M|100\/100\n|move|p2a: Orchid|Moonblast|p1a: Falkor\n|-supereffective|p1a: Falkor\n|-damage|p1a: Falkor|0 fnt\n|faint|p1a: Falkor\n|\n|upkeep\n|\n|t:|1650515556\n|switch|p1a: Sonso|Slowbro, M|92\/100\n|turn|21\n|\n|t:|1650515558\n|move|p2a: Orchid|Moonblast|p1a: Sonso\n|-damage|p1a: Sonso|16\/100\n|move|p1a: Sonso|Trick Room|p1a: Sonso\n|-fieldstart|move: Trick Room|[of] p1a: Sonso\n|\n|upkeep\n|turn|22\n|\n|t:|1650515564\n|switch|p1a: Gorra|Hatterene, F, shiny|42\/100\n|move|p2a: Orchid|Moonblast|p1a: Gorra\n|-damage|p1a: Gorra|0 fnt\n|faint|p1a: Gorra\n|\n|upkeep\n|\n|t:|1650515570\n|switch|p1a: Billy B.|Marowak-Alola, M, shiny|53\/100\n|turn|23\n|\n|t:|1650515573\n|switch|p2a: Violet|Starmie|100\/100\n|move|p1a: Billy B.|Poltergeist|p2a: Violet\n|-activate|p2a: Violet|move: Poltergeist|Choice Specs\n|-supereffective|p2a: Violet\n|-damage|p2a: Violet|0 fnt\n|faint|p2a: Violet\n|\n|upkeep\n|\n|t:|1650515577\n|switch|p2a: Coral|Gastrodon, M|100\/100\n|turn|24\n|\n|t:|1650515582\n|move|p1a: Billy B.|Poltergeist|p2a: Coral\n|-activate|p2a: Coral|move: Poltergeist|Leftovers\n|-damage|p2a: Coral|0 fnt\n|faint|p2a: Coral\n|\n|-fieldend|move: Psychic Terrain\n|upkeep\n|\n|t:|1650515585\n|switch|p2a: Orchid|Tapu Lele|88\/100\n|-fieldstart|move: Psychic Terrain|[from] ability: Psychic Surge|[of] p2a: Orchid\n|turn|25\n|\n|t:|1650515591\n|move|p1a: Billy B.|Flare Blitz|p2a: Orchid\n|-crit|p2a: Orchid\n|-damage|p2a: Orchid|0 fnt\n|faint|p2a: Orchid\n|\n|win|Infernoss\n|raw|Infernoss's rating: 1859 &rarr; <strong>1875<\/strong><br \/>(+16 for winning)\n|raw|Serp IV's rating: 1786 &rarr; <strong>1770<\/strong><br \/>(-16 for losing)\n|l|\u2606Serp IV\n|l| Redmolina\n|l| Narwhale37\n","uploadtime":1650515916,"views":88,"p1id":"infernoss","p2id":"serpiv","formatid":"gen8ou","rating":1770,"private":0,"password":null}