{"id":"gen8ou-1606857861","p1":"broked on bricks","p2":"Feniyx","format":"gen8ou","log":"|j|\u2606broked on bricks\n|j|\u2606Feniyx\n|t:|1656526234\n|gametype|singles\n|player|p1|broked on bricks|will-gen2|1158\n|player|p2|Feniyx|youngster-gen4dp|1185\n|teamsize|p1|6\n|teamsize|p2|6\n|gen|8\n|tier|[Gen 8] OU\n|rated|\n|rule|Sleep Clause Mod: Limit one foe put to sleep\n|rule|Species Clause: Limit one of each Pok\u00e9mon\n|rule|OHKO Clause: OHKO moves are banned\n|rule|Evasion Moves Clause: Evasion moves are banned\n|rule|Endless Battle Clause: Forcing endless battles is banned\n|rule|HP Percentage Mod: HP is shown in percentages\n|rule|Dynamax Clause: You cannot dynamax\n|clearpoke\n|poke|p1|Pelipper, F|\n|poke|p1|Heliolisk, M|\n|poke|p1|Barraskewda, M|\n|poke|p1|Ferrothorn, F|\n|poke|p1|Tornadus-Therian, M|\n|poke|p1|Seismitoad, M|\n|poke|p2|Swampert, M|\n|poke|p2|Salamence, M|\n|poke|p2|Skarmory, F|\n|poke|p2|Tapu Koko|\n|poke|p2|Nidoking, M|\n|poke|p2|Volcarona, M|\n|teampreview\n|inactive|Battle timer is ON: inactive players will automatically lose when time's up. (requested by broked on bricks)\n|\n|t:|1656526244\n|start\n|switch|p1a: Seismitoad|Seismitoad, M|100\/100\n|switch|p2a: Swampert|Swampert, M|100\/100\n|turn|1\n|\n|t:|1656526252\n|move|p1a: Seismitoad|Icy Wind|p2a: Swampert\n|-damage|p2a: Swampert|80\/100\n|-unboost|p2a: Swampert|spe|1\n|move|p2a: Swampert|Stealth Rock|p1a: Seismitoad\n|-sidestart|p1: broked on bricks|move: Stealth Rock\n|\n|-heal|p2a: Swampert|86\/100|[from] item: Leftovers\n|upkeep\n|turn|2\n|\n|t:|1656526267\n|switch|p1a: Pelipper|Pelipper, F|100\/100\n|-damage|p1a: Pelipper|76\/100|[from] Stealth Rock\n|-weather|RainDance|[from] ability: Drizzle|[of] p1a: Pelipper\n|move|p2a: Swampert|Earthquake|p1a: Pelipper\n|-immune|p1a: Pelipper\n|\n|-weather|RainDance|[upkeep]\n|-heal|p2a: Swampert|92\/100|[from] item: Leftovers\n|upkeep\n|turn|3\n|\n|t:|1656526278\n|move|p1a: Pelipper|Defog|p2a: Swampert\n|-unboost|p2a: Swampert|evasion|1\n|-sideend|p1: broked on bricks|Stealth Rock|[from] move: Defog|[of] p1a: Pelipper\n|move|p2a: Swampert|Roar|p1a: Pelipper\n|drag|p1a: Ferrothorn|Ferrothorn, F|100\/100\n|\n|-weather|RainDance|[upkeep]\n|-heal|p2a: Swampert|99\/100|[from] item: Leftovers\n|upkeep\n|turn|4\n|\n|t:|1656526289\n|switch|p2a: Skarmory|Skarmory, F|100\/100\n|move|p1a: Ferrothorn|Leech Seed|p2a: Skarmory\n|-start|p2a: Skarmory|move: Leech Seed\n|\n|-weather|RainDance|[upkeep]\n|-damage|p2a: Skarmory|88\/100|[from] Leech Seed|[of] p1a: Ferrothorn\n|upkeep\n|turn|5\n|\n|t:|1656526306\n|switch|p2a: Volcarona|Volcarona, M|100\/100\n|switch|p1a: Heliolisk|Heliolisk, M|100\/100\n|\n|-weather|RainDance|[upkeep]\n|upkeep\n|turn|6\n|\n|t:|1656526313\n|move|p1a: Heliolisk|Surf|p2a: Volcarona\n|-supereffective|p2a: Volcarona\n|-damage|p2a: Volcarona|14\/100\n|-damage|p1a: Heliolisk|91\/100|[from] item: Life Orb\n|move|p2a: Volcarona|Quiver Dance|p2a: Volcarona\n|-boost|p2a: Volcarona|spa|1\n|-boost|p2a: Volcarona|spd|1\n|-boost|p2a: Volcarona|spe|1\n|\n|-weather|RainDance|[upkeep]\n|-heal|p1a: Heliolisk|100\/100|[from] ability: Dry Skin\n|upkeep\n|turn|7\n|\n|t:|1656526325\n|move|p2a: Volcarona|Psychic|p1a: Heliolisk\n|-damage|p1a: Heliolisk|47\/100\n|move|p1a: Heliolisk|Surf|p2a: Volcarona\n|-supereffective|p2a: Volcarona\n|-damage|p2a: Volcarona|0 fnt\n|faint|p2a: Volcarona\n|-damage|p1a: Heliolisk|37\/100|[from] item: Life Orb\n|\n|-weather|RainDance|[upkeep]\n|-heal|p1a: Heliolisk|50\/100|[from] ability: Dry Skin\n|upkeep\n|\n|t:|1656526340\n|switch|p2a: Swampert|Swampert, M|99\/100\n|turn|8\n|\n|t:|1656526344\n|move|p1a: Heliolisk|Grass Knot|p2a: Swampert\n|-supereffective|p2a: Swampert\n|-damage|p2a: Swampert|0 fnt\n|faint|p2a: Swampert\n|-damage|p1a: Heliolisk|40\/100|[from] item: Life Orb\n|\n|-weather|RainDance|[upkeep]\n|-heal|p1a: Heliolisk|53\/100|[from] ability: Dry Skin\n|upkeep\n|c|\u2606Feniyx|lol\n|\n|t:|1656526365\n|switch|p2a: Skarmory|Skarmory, F|88\/100\n|turn|9\n|c|\u2606broked on bricks|lizard\n|c|\u2606Feniyx|:O\n|\n|t:|1656526378\n|move|p1a: Heliolisk|Thunder|p2a: Skarmory\n|-supereffective|p2a: Skarmory\n|-damage|p2a: Skarmory|0 fnt\n|faint|p2a: Skarmory\n|-damage|p1a: Heliolisk|43\/100|[from] item: Life Orb\n|\n|-weather|none\n|upkeep\n|inactive|Feniyx has 120 seconds left.\n|\n|t:|1656526396\n|switch|p2a: Tapu Koko|Tapu Koko|100\/100\n|-fieldstart|move: Electric Terrain|[from] ability: Electric Surge|[of] p2a: Tapu Koko\n|turn|10\n|inactive|Feniyx has 120 seconds left.\n|\n|t:|1656526410\n|move|p2a: Tapu Koko|U-turn|p1a: Heliolisk\n|-damage|p1a: Heliolisk|5\/100\n|\n|t:|1656526414\n|switch|p2a: Salamence|Salamence, M|100\/100|[from]move: U-turn\n|-ability|p2a: Salamence|Intimidate|boost\n|-unboost|p1a: Heliolisk|atk|1\n|move|p1a: Heliolisk|Volt Switch|p2a: Salamence\n|-damage|p2a: Salamence|38\/100\n|-damage|p1a: Heliolisk|0 fnt|[from] item: Life Orb\n|faint|p1a: Heliolisk\n|\n|upkeep\n|\n|t:|1656526429\n|switch|p1a: Pelipper|Pelipper, F|76\/100\n|-weather|RainDance|[from] ability: Drizzle|[of] p1a: Pelipper\n|turn|11\n|\n|t:|1656526437\n|move|p2a: Salamence|Outrage|p1a: Pelipper\n|-damage|p1a: Pelipper|3\/100\n|-damage|p2a: Salamence|28\/100|[from] item: Life Orb\n|move|p1a: Pelipper|U-turn|p2a: Salamence\n|-resisted|p2a: Salamence\n|-damage|p2a: Salamence|23\/100\n|\n|t:|1656526445\n|switch|p1a: Barraskewda|Barraskewda, M|100\/100|[from]move: U-turn\n|\n|-weather|RainDance|[upkeep]\n|upkeep\n|turn|12\n|\n|t:|1656526449\n|move|p1a: Barraskewda|Flip Turn|p2a: Salamence\n|-resisted|p2a: Salamence\n|-damage|p2a: Salamence|0 fnt\n|faint|p2a: Salamence\n|\n|t:|1656526452\n|switch|p1a: Seismitoad|Seismitoad, M|100\/100|[from]move: Flip Turn\n|\n|-weather|RainDance|[upkeep]\n|upkeep\n|\n|t:|1656526456\n|switch|p2a: Nidoking|Nidoking, M|100\/100\n|turn|13\n|\n|t:|1656526462\n|move|p1a: Seismitoad|Earth Power|p2a: Nidoking\n|-supereffective|p2a: Nidoking\n|-damage|p2a: Nidoking|0 fnt\n|faint|p2a: Nidoking\n|\n|-weather|RainDance|[upkeep]\n|upkeep\n|c|\u2606Feniyx|yeah i lose\n|\n|t:|1656526471\n|switch|p2a: Tapu Koko|Tapu Koko|100\/100\n|turn|14\n|c|\u2606broked on bricks|ggs man, what was the mence set?\n|c|\u2606broked on bricks|banded or sumn?\n|inactive|Feniyx has 120 seconds left.\n|c|\u2606Feniyx|banded\n|\n|t:|1656526523\n|move|p1a: Seismitoad|Earth Power|p2a: Tapu Koko\n|-supereffective|p2a: Tapu Koko\n|-damage|p2a: Tapu Koko|0 fnt\n|faint|p2a: Tapu Koko\n|\n|win|broked on bricks\n|raw|broked on bricks's rating: 1158 &rarr; <strong>1185<\/strong><br \/>(+27 for winning)\n|raw|Feniyx's rating: 1185 &rarr; <strong>1158<\/strong><br \/>(-27 for losing)\n|c|\u2606broked on bricks|ah cool\n|c|\u2606broked on bricks|any reason it's not moxie?\n|c|\u2606broked on bricks|oh its life orb\n|c|\u2606broked on bricks|sorry I'm blind\n|c|\u2606Feniyx|yes\n|c|\u2606Feniyx|hehe\n|c|\u2606Feniyx|bye\n||Ladder isn't responding, score probably updated but might not have (Request timeout).\n|c|\u2606broked on bricks|lol ggs man\n","uploadtime":1656526568,"views":6,"p1id":"brokedonbricks","p2id":"feniyx","formatid":"gen8ou","rating":1158,"private":0,"password":null}