{"id":"gen8ou-1201289687","p1":"Commando 55","p2":"Eternal Instant","format":"gen8ou","log":"|j|\u2606Commando 55\n|j|\u2606Eternal Instant\n|t:|1602386940\n|player|p1|Commando 55|iris-gen5bw2|1743\n|player|p2|Eternal Instant|209|1546\n|teamsize|p1|6\n|teamsize|p2|6\n|gametype|singles\n|gen|8\n|tier|[Gen 8] OU\n|rated|\n|clearpoke\n|poke|p1|Zarude|\n|poke|p1|Clefable, M|\n|poke|p1|Rillaboom, M|\n|poke|p1|Dragapult, F|\n|poke|p1|Blissey, F|\n|poke|p1|Rotom-Wash|\n|poke|p2|Toxtricity, F|\n|poke|p2|Terrakion|\n|poke|p2|Mandibuzz, F|\n|poke|p2|Crawdaunt, F|\n|poke|p2|Rillaboom, F|\n|poke|p2|Gengar, F|\n|rule|Sleep Clause Mod: Limit one foe put to sleep\n|rule|Species Clause: Limit one of each Pok\u00e9mon\n|rule|OHKO Clause: OHKO moves are banned\n|rule|Evasion Moves Clause: Evasion moves are banned\n|rule|Endless Battle Clause: Forcing endless battles is banned\n|rule|HP Percentage Mod: HP is shown in percentages\n|rule|Dynamax Clause: You cannot dynamax\n|teampreview\n|c|\u2606Eternal Instant|glhf\n|c|\u2606Commando 55|U2\n|inactive|Battle timer is ON: inactive players will automatically lose when time's up. (requested by Commando 55)\n|\n|t:|1602386966\n|start\n|switch|p1a: Rillaboom|Rillaboom, M|100\/100\n|switch|p2a: Terrakion|Terrakion|100\/100\n|-fieldstart|move: Grassy Terrain|[from] ability: Grassy Surge|[of] p1a: Rillaboom\n|turn|1\n|\n|t:|1602386972\n|move|p2a: Terrakion|Close Combat|p1a: Rillaboom\n|-damage|p1a: Rillaboom|21\/100\n|-unboost|p2a: Terrakion|def|1\n|-unboost|p2a: Terrakion|spd|1\n|move|p1a: Rillaboom|Drum Beating|p2a: Terrakion\n|-supereffective|p2a: Terrakion\n|-damage|p2a: Terrakion|0 fnt\n|faint|p2a: Terrakion\n|\n|-heal|p1a: Rillaboom|27\/100|[from] Grassy Terrain\n|upkeep\n|\n|t:|1602386982\n|switch|p2a: Toxtricity|Toxtricity, F|100\/100\n|turn|2\n|\n|t:|1602386990\n|move|p2a: Toxtricity|Shift Gear|p2a: Toxtricity\n|-boost|p2a: Toxtricity|spe|2\n|-boost|p2a: Toxtricity|atk|1\n|move|p1a: Rillaboom|U-turn|p2a: Toxtricity\n|-resisted|p2a: Toxtricity\n|-damage|p2a: Toxtricity|80\/100\n|\n|t:|1602386992\n|switch|p1a: Dragapult|Dragapult, F|100\/100|[from]move: U-turn\n|\n|-heal|p2a: Toxtricity|86\/100|[from] Grassy Terrain\n|upkeep\n|turn|3\n|\n|t:|1602387007\n|move|p2a: Toxtricity|Throat Chop|p1a: Dragapult\n|-supereffective|p1a: Dragapult\n|-damage|p1a: Dragapult|0 fnt\n|-damage|p2a: Toxtricity|76\/100|[from] item: Life Orb\n|faint|p1a: Dragapult\n|\n|-heal|p2a: Toxtricity|82\/100|[from] Grassy Terrain\n|upkeep\n|\n|t:|1602387017\n|switch|p1a: Zarude|Zarude|100\/100\n|turn|4\n|\n|t:|1602387022\n|move|p2a: Toxtricity|Drain Punch|p1a: Zarude\n|-supereffective|p1a: Zarude\n|-damage|p1a: Zarude|41\/100\n|-heal|p2a: Toxtricity|100\/100|[from] drain|[of] p1a: Zarude\n|-damage|p2a: Toxtricity|91\/100|[from] item: Life Orb\n|move|p1a: Zarude|Darkest Lariat|p2a: Toxtricity\n|-damage|p2a: Toxtricity|0 fnt\n|-damage|p1a: Zarude|31\/100|[from] item: Life Orb\n|faint|p2a: Toxtricity\n|\n|-heal|p1a: Zarude|37\/100|[from] Grassy Terrain\n|upkeep\n|\n|t:|1602387037\n|switch|p2a: Gengar|Gengar, F|100\/100\n|turn|5\n|\n|t:|1602387048\n|switch|p1a: Blissey|Blissey, F|100\/100\n|move|p2a: Gengar|Substitute|p2a: Gengar\n|-start|p2a: Gengar|Substitute\n|-damage|p2a: Gengar|76\/100\n|\n|-heal|p2a: Gengar|82\/100|[from] item: Black Sludge\n|-heal|p2a: Gengar|88\/100|[from] Grassy Terrain\n|upkeep\n|turn|6\n|\n|t:|1602387057\n|move|p2a: Gengar|Nasty Plot|p2a: Gengar\n|-boost|p2a: Gengar|spa|2\n|move|p1a: Blissey|Teleport|p1a: Blissey\n|\n|t:|1602387059\n|switch|p1a: Rotom|Rotom-Wash|100\/100|[from]move: Teleport\n|\n|-heal|p2a: Gengar|94\/100|[from] item: Black Sludge\n|-heal|p2a: Gengar|99\/100|[from] Grassy Terrain\n|upkeep\n|turn|7\n|\n|t:|1602387075\n|move|p2a: Gengar|Sludge Wave|p1a: Rotom\n|-damage|p1a: Rotom|0 fnt\n|faint|p1a: Rotom\n|\n|-heal|p2a: Gengar|100\/100|[from] item: Black Sludge\n|upkeep\n|-message|Commando 55 forfeited.\n|\n|win|Eternal Instant\n|l|\u2606Commando 55\n|raw|Commando 55's rating: 1743 &rarr; <strong>1713<\/strong><br \/>(-30 for losing)\n|raw|Eternal Instant's rating: 1546 &rarr; <strong>1576<\/strong><br \/>(+30 for winning)\n","uploadtime":1602387099,"views":82,"p1id":"commando55","p2id":"eternalinstant","formatid":"gen8ou","rating":1576,"private":0,"password":null}