{"id":"gen8ou-1692384637","p1":"Kwaga","p2":"stealthalo","format":"gen8ou","log":"|html|<div class=\"broadcast-blue\"><strong>[Gen 8] OU is currently suspecting Melmetal! For information on how to participate check out the <a href=\"https:\/\/www.smogon.com\/forums\/threads\/np-ss-ou-suspect-process-round-12-monster-mash.3709234\/\">suspect thread<\/a>.<\/strong><\/div>\n|j|\u2606Kwaga\n|j|\u2606stealthalo\n|t:|1666479125\n|gametype|singles\n|player|p1|Kwaga|brock-gen1rb|1685\n|player|p2|stealthalo|170|1713\n|teamsize|p1|6\n|teamsize|p2|6\n|gen|8\n|tier|[Gen 8] OU\n|rated|\n|rule|Sleep Clause Mod: Limit one foe put to sleep\n|rule|Species Clause: Limit one of each Pok\u00e9mon\n|rule|OHKO Clause: OHKO moves are banned\n|rule|Evasion Items Clause: Evasion items are banned\n|rule|Evasion Moves Clause: Evasion moves are banned\n|rule|Endless Battle Clause: Forcing endless battles is banned\n|rule|HP Percentage Mod: HP is shown in percentages\n|rule|Dynamax Clause: You cannot dynamax\n|clearpoke\n|poke|p1|Mew|\n|poke|p1|Weavile, M|\n|poke|p1|Crawdaunt, M|\n|poke|p1|Garchomp, M|\n|poke|p1|Celesteela|\n|poke|p1|Blacephalon|\n|poke|p2|Talonflame, M|\n|poke|p2|Blaziken, M|\n|poke|p2|Skarmory, F|\n|poke|p2|Rillaboom, M|\n|poke|p2|Regieleki|\n|poke|p2|Garchomp, F|\n|teampreview\n|\n|t:|1666479132\n|start\n|switch|p1a: Mew|Mew|100\/100\n|switch|p2a: Skarmory|Skarmory, F|100\/100\n|turn|1\n|\n|t:|1666479138\n|move|p1a: Mew|Taunt|p2a: Skarmory\n|-start|p2a: Skarmory|move: Taunt\n|cant|p2a: Skarmory|move: Taunt|Taunt\n|\n|upkeep\n|turn|2\n|\n|t:|1666479143\n|switch|p2a: Regieleki|Regieleki|100\/100\n|move|p1a: Mew|Stealth Rock|p2a: Regieleki\n|-sidestart|p2: stealthalo|move: Stealth Rock\n|\n|upkeep\n|turn|3\n|\n|t:|1666479150\n|switch|p1a: Garchomp|Garchomp, M|100\/100\n|move|p2a: Regieleki|Rapid Spin|p1a: Garchomp\n|-damage|p1a: Garchomp|85\/100\n|-boost|p2a: Regieleki|spe|1\n|-damage|p2a: Regieleki|88\/100|[from] ability: Rough Skin|[of] p1a: Garchomp\n|-sideend|p2: stealthalo|Stealth Rock|[from] move: Rapid Spin|[of] p2a: Regieleki\n|\n|upkeep\n|turn|4\n|\n|t:|1666479159\n|switch|p2a: Skarmory|Skarmory, F|100\/100\n|switch|p1a: Blacephalon|Blacephalon, shiny|100\/100\n|\n|upkeep\n|turn|5\n|\n|t:|1666479165\n|move|p1a: Blacephalon|Shadow Ball|p2a: Skarmory\n|-damage|p2a: Skarmory|8\/100\n|move|p2a: Skarmory|Stealth Rock|p1a: Blacephalon\n|-sidestart|p1: Kwaga|move: Stealth Rock\n|\n|upkeep\n|turn|6\n|-enditem|p2a: Skarmory|Custap Berry|[eat]\n|-activate|p2a: Skarmory|item: Custap Berry|[consumed]\n|\n|t:|1666479171\n|move|p2a: Skarmory|Brave Bird|p1a: Blacephalon\n|-damage|p1a: Blacephalon|4\/100\n|-damage|p2a: Skarmory|0 fnt|[from] Recoil\n|faint|p2a: Skarmory\n|move|p1a: Blacephalon|Shadow Ball|p2: Skarmory|[notarget]\n|-fail|p1a: Blacephalon\n|\n|upkeep\n|\n|t:|1666479187\n|switch|p2a: Rillaboom|Rillaboom, M|100\/100\n|-fieldstart|move: Grassy Terrain|[from] ability: Grassy Surge|[of] p2a: Rillaboom\n|turn|7\n|\n|t:|1666479194\n|move|p2a: Rillaboom|Grassy Glide|p1a: Blacephalon\n|-resisted|p1a: Blacephalon\n|-damage|p1a: Blacephalon|0 fnt\n|faint|p1a: Blacephalon\n|\n|upkeep\n|\n|t:|1666479200\n|switch|p1a: Celesteela|Celesteela|100\/100\n|-damage|p1a: Celesteela|88\/100|[from] Stealth Rock\n|turn|8\n|\n|t:|1666479204\n|switch|p2a: Regieleki|Regieleki|88\/100\n|move|p1a: Celesteela|Meteor Beam||[still]\n|-prepare|p1a: Celesteela|Meteor Beam\n|-boost|p1a: Celesteela|spa|1\n|-enditem|p1a: Celesteela|Power Herb\n|-anim|p1a: Celesteela|Meteor Beam|p2a: Regieleki\n|-damage|p2a: Regieleki|0 fnt\n|faint|p2a: Regieleki\n|-ability|p1a: Celesteela|Beast Boost|boost\n|-boost|p1a: Celesteela|spa|1\n|\n|upkeep\n|\n|t:|1666479215\n|switch|p2a: Blaziken|Blaziken, M|100\/100\n|turn|9\n|\n|t:|1666479219\n|switch|p1a: Mew|Mew|100\/100\n|-damage|p1a: Mew|88\/100|[from] Stealth Rock\n|move|p2a: Blaziken|Overheat|p1a: Mew\n|-damage|p1a: Mew|35\/100\n|-unboost|p2a: Blaziken|spa|2\n|-damage|p2a: Blaziken|91\/100|[from] item: Life Orb\n|\n|-heal|p1a: Mew|41\/100|[from] Grassy Terrain\n|-heal|p2a: Blaziken|97\/100|[from] Grassy Terrain\n|-ability|p2a: Blaziken|Speed Boost|boost\n|-boost|p2a: Blaziken|spe|1\n|upkeep\n|turn|10\n|\n|t:|1666479232\n|move|p2a: Blaziken|Earthquake|p1a: Mew\n|-damage|p1a: Mew|23\/100\n|-damage|p2a: Blaziken|87\/100|[from] item: Life Orb\n|move|p1a: Mew|Stealth Rock|p2a: Blaziken\n|-sidestart|p2: stealthalo|move: Stealth Rock\n|\n|-heal|p2a: Blaziken|93\/100|[from] Grassy Terrain\n|-heal|p1a: Mew|29\/100|[from] Grassy Terrain\n|-ability|p2a: Blaziken|Speed Boost|boost\n|-boost|p2a: Blaziken|spe|1\n|upkeep\n|turn|11\n|\n|t:|1666479245\n|move|p2a: Blaziken|Overheat|p1a: Mew\n|-crit|p1a: Mew\n|-damage|p1a: Mew|0 fnt\n|-unboost|p2a: Blaziken|spa|2\n|faint|p1a: Mew\n|-damage|p2a: Blaziken|83\/100|[from] item: Life Orb\n|\n|-heal|p2a: Blaziken|89\/100|[from] Grassy Terrain\n|-fieldend|move: Grassy Terrain\n|-ability|p2a: Blaziken|Speed Boost|boost\n|-boost|p2a: Blaziken|spe|1\n|upkeep\n|\n|t:|1666479251\n|switch|p1a: Crawdaunt|Crawdaunt, M|100\/100\n|-damage|p1a: Crawdaunt|88\/100|[from] Stealth Rock\n|turn|12\n|\n|t:|1666479260\n|switch|p2a: Talonflame|Talonflame, M|100\/100\n|move|p1a: Crawdaunt|Knock Off|p2a: Talonflame\n|-damage|p2a: Talonflame|0 fnt\n|-enditem|p2a: Talonflame|Heavy-Duty Boots|[from] move: Knock Off|[of] p1a: Crawdaunt\n|faint|p2a: Talonflame\n|-damage|p1a: Crawdaunt|78\/100|[from] item: Life Orb\n|\n|upkeep\n|\n|t:|1666479287\n|switch|p2a: Garchomp|Garchomp, F|100\/100\n|-damage|p2a: Garchomp|94\/100|[from] Stealth Rock\n|turn|13\n|j| gare23limit\n|j| tifu1905\n|\n|t:|1666479303\n|move|p2a: Garchomp|Scale Shot|p1a: Crawdaunt\n|-damage|p1a: Crawdaunt|58\/100\n|-damage|p1a: Crawdaunt|38\/100\n|-hitcount|p1a: Crawdaunt|2\n|-unboost|p2a: Garchomp|def|1\n|-boost|p2a: Garchomp|spe|1\n|move|p1a: Crawdaunt|Knock Off|p2a: Garchomp\n|-damage|p2a: Garchomp|0 fnt\n|-damage|p1a: Crawdaunt|26\/100|[from] ability: Rough Skin|[of] p2a: Garchomp\n|-enditem|p2a: Garchomp|Leftovers|[from] move: Knock Off|[of] p1a: Crawdaunt\n|faint|p2a: Garchomp\n|-damage|p1a: Crawdaunt|16\/100|[from] item: Life Orb\n|\n|upkeep\n|j| LT_Alt1\n|\n|t:|1666479317\n|switch|p2a: Blaziken|Blaziken, M|89\/100\n|-damage|p2a: Blaziken|76\/100|[from] Stealth Rock\n|turn|14\n|\n|t:|1666479321\n|move|p2a: Blaziken|Vacuum Wave|p1a: Crawdaunt\n|-supereffective|p1a: Crawdaunt\n|-damage|p1a: Crawdaunt|0 fnt\n|faint|p1a: Crawdaunt\n|-damage|p2a: Blaziken|66\/100|[from] item: Life Orb\n|\n|-ability|p2a: Blaziken|Speed Boost|boost\n|-boost|p2a: Blaziken|spe|1\n|upkeep\n|\n|t:|1666479325\n|switch|p1a: Garchomp|Garchomp, M|85\/100\n|-damage|p1a: Garchomp|79\/100|[from] Stealth Rock\n|turn|15\n|\n|t:|1666479334\n|switch|p2a: Rillaboom|Rillaboom, M|100\/100\n|-damage|p2a: Rillaboom|88\/100|[from] Stealth Rock\n|-fieldstart|move: Grassy Terrain|[from] ability: Grassy Surge|[of] p2a: Rillaboom\n|move|p1a: Garchomp|Scale Shot|p2a: Rillaboom\n|-damage|p2a: Rillaboom|75\/100\n|-damage|p2a: Rillaboom|62\/100\n|-damage|p2a: Rillaboom|47\/100\n|-hitcount|p2a: Rillaboom|3\n|-unboost|p1a: Garchomp|def|1\n|-boost|p1a: Garchomp|spe|1\n|\n|-heal|p1a: Garchomp|85\/100|[from] Grassy Terrain\n|-heal|p2a: Rillaboom|53\/100|[from] Grassy Terrain\n|upkeep\n|turn|16\n|\n|t:|1666479350\n|switch|p1a: Celesteela|Celesteela|88\/100\n|-damage|p1a: Celesteela|76\/100|[from] Stealth Rock\n|move|p2a: Rillaboom|U-turn|p1a: Celesteela\n|-resisted|p1a: Celesteela\n|-damage|p1a: Celesteela|67\/100\n|\n|t:|1666479356\n|switch|p2a: Blaziken|Blaziken, M|66\/100|[from]move: U-turn\n|-damage|p2a: Blaziken|54\/100|[from] Stealth Rock\n|\n|-heal|p2a: Blaziken|60\/100|[from] Grassy Terrain\n|upkeep\n|turn|17\n|\n|t:|1666479364\n|switch|p1a: Garchomp|Garchomp, M|85\/100\n|-damage|p1a: Garchomp|79\/100|[from] Stealth Rock\n|move|p2a: Blaziken|Overheat|p1a: Garchomp\n|-resisted|p1a: Garchomp\n|-damage|p1a: Garchomp|46\/100\n|-unboost|p2a: Blaziken|spa|2\n|-damage|p2a: Blaziken|50\/100|[from] item: Life Orb\n|\n|-heal|p1a: Garchomp|52\/100|[from] Grassy Terrain\n|-heal|p2a: Blaziken|56\/100|[from] Grassy Terrain\n|-ability|p2a: Blaziken|Speed Boost|boost\n|-boost|p2a: Blaziken|spe|1\n|upkeep\n|turn|18\n|\n|t:|1666479378\n|move|p2a: Blaziken|Close Combat|p1a: Garchomp\n|-damage|p1a: Garchomp|0 fnt\n|-unboost|p2a: Blaziken|def|1\n|-unboost|p2a: Blaziken|spd|1\n|-damage|p2a: Blaziken|44\/100|[from] ability: Rough Skin|[of] p1a: Garchomp\n|faint|p1a: Garchomp\n|-damage|p2a: Blaziken|34\/100|[from] item: Life Orb\n|\n|-heal|p2a: Blaziken|40\/100|[from] Grassy Terrain\n|-ability|p2a: Blaziken|Speed Boost|boost\n|-boost|p2a: Blaziken|spe|1\n|upkeep\n|\n|t:|1666479393\n|switch|p1a: Celesteela|Celesteela|67\/100\n|-damage|p1a: Celesteela|55\/100|[from] Stealth Rock\n|turn|19\n|\n|t:|1666479400\n|move|p2a: Blaziken|Overheat|p1a: Celesteela\n|-supereffective|p1a: Celesteela\n|-crit|p1a: Celesteela\n|-damage|p1a: Celesteela|0 fnt\n|-unboost|p2a: Blaziken|spa|2\n|faint|p1a: Celesteela\n|-damage|p2a: Blaziken|30\/100|[from] item: Life Orb\n|\n|-heal|p2a: Blaziken|36\/100|[from] Grassy Terrain\n|-fieldend|move: Grassy Terrain\n|-ability|p2a: Blaziken|Speed Boost|boost\n|-boost|p2a: Blaziken|spe|1\n|upkeep\n|\n|t:|1666479403\n|switch|p1a: Weavile|Weavile, M|100\/100\n|-damage|p1a: Weavile|76\/100|[from] Stealth Rock\n|-ability|p1a: Weavile|Pressure\n|turn|20\n|\n|t:|1666479416\n|move|p2a: Blaziken|Vacuum Wave|p1a: Weavile\n|-supereffective|p1a: Weavile\n|-damage|p1a: Weavile|37\/100\n|-damage|p2a: Blaziken|26\/100|[from] item: Life Orb\n|move|p1a: Weavile|Knock Off|p2a: Blaziken\n|-resisted|p2a: Blaziken\n|-damage|p2a: Blaziken|0 fnt\n|-enditem|p2a: Blaziken|Life Orb|[from] move: Knock Off|[of] p1a: Weavile\n|faint|p2a: Blaziken\n|-damage|p1a: Weavile|27\/100|[from] item: Life Orb\n|\n|upkeep\n|\n|t:|1666479427\n|switch|p2a: Rillaboom|Rillaboom, M|53\/100\n|-damage|p2a: Rillaboom|40\/100|[from] Stealth Rock\n|-fieldstart|move: Grassy Terrain|[from] ability: Grassy Surge|[of] p2a: Rillaboom\n|turn|21\n|\n|t:|1666479432\n|move|p1a: Weavile|Ice Shard|p2a: Rillaboom\n|-supereffective|p2a: Rillaboom\n|-damage|p2a: Rillaboom|0 fnt\n|faint|p2a: Rillaboom\n|-damage|p1a: Weavile|17\/100|[from] item: Life Orb\n|\n|win|Kwaga\n|raw|Kwaga's rating: 1685 &rarr; <strong>1707<\/strong><br \/>(+22 for winning)\n|raw|stealthalo's rating: 1713 &rarr; <strong>1691<\/strong><br \/>(-22 for losing)\n|l|\u2606stealthalo\n","uploadtime":1666479442,"views":5,"p1id":"kwaga","p2id":"stealthalo","formatid":"gen8ou","rating":1691,"private":0,"password":null}