{"id":"gen8ou-1140696047","p1":"ranitidine","p2":"7evy","format":"gen8ou","log":"|j|\u2606ranitidine\n|j|\u26067evy\n|player|p1|ranitidine|2|1554\n|player|p2|7evy|2|1489\n|teamsize|p1|6\n|teamsize|p2|6\n|gametype|singles\n|gen|8\n|tier|[Gen 8] OU\n|rated|\n|clearpoke\n|poke|p1|Mamoswine, M|\n|poke|p1|Kyurem|\n|poke|p1|Ninetales-Alola, M|\n|poke|p1|Magnezone|\n|poke|p1|Dragapult, F|\n|poke|p1|Druddigon, M|\n|poke|p2|Urshifu-*, M|\n|poke|p2|Cursola, F|\n|poke|p2|Skarmory, M|\n|poke|p2|Zeraora|\n|poke|p2|Scizor, F|\n|poke|p2|Cinderace, F|\n|rule|Sleep Clause Mod: Limit one foe put to sleep\n|rule|Species Clause: Limit one of each Pok\u00e9mon\n|rule|OHKO Clause: OHKO moves are banned\n|rule|Evasion Moves Clause: Evasion moves are banned\n|rule|Endless Battle Clause: Forcing endless battles is banned\n|rule|HP Percentage Mod: HP is shown in percentages\n|rule|Dynamax Clause: You cannot dynamax\n|teampreview\n|\n|start\n|switch|p1a: Druddigon|Druddigon, M|100\/100\n|switch|p2a: Scizor|Scizor, F|100\/100\n|-ability|p1a: Druddigon|Mold Breaker\n|turn|1\n|inactive|Battle timer is ON: inactive players will automatically lose when time's up. (requested by 7evy)\n|\n|move|p1a: Druddigon|Glare|p2a: Scizor\n|-status|p2a: Scizor|par\n|move|p2a: Scizor|Swords Dance|p2a: Scizor\n|-boost|p2a: Scizor|atk|2\n|\n|upkeep\n|turn|2\n|\n|move|p2a: Scizor|Bullet Punch|p1a: Druddigon\n|-enditem|p1a: Druddigon|Focus Sash\n|-damage|p1a: Druddigon|1\/100\n|-damage|p2a: Scizor|91\/100 par|[from] item: Life Orb\n|move|p1a: Druddigon|Stealth Rock|p2a: Scizor\n|-sidestart|p2: 7evy|move: Stealth Rock\n|\n|upkeep\n|turn|3\n|\n|move|p2a: Scizor|Bullet Punch|p1a: Druddigon\n|-damage|p1a: Druddigon|0 fnt\n|-damage|p2a: Scizor|81\/100 par|[from] item: Life Orb\n|faint|p1a: Druddigon\n|\n|upkeep\n|\n|switch|p1a: Magnezone|Magnezone|100\/100\n|turn|4\n|\n|move|p1a: Magnezone|Thunderbolt|p2a: Scizor\n|-damage|p2a: Scizor|0 fnt\n|faint|p2a: Scizor\n|\n|upkeep\n|\n|switch|p2a: Cinderace|Cinderace, F|100\/100\n|-damage|p2a: Cinderace|76\/100|[from] Stealth Rock\n|turn|5\n|\n|switch|p1a: Dragapult|Dragapult, F|100\/100\n|move|p2a: Cinderace|Pyro Ball|p1a: Dragapult\n|-resisted|p1a: Dragapult\n|-damage|p1a: Dragapult|65\/100\n|\n|upkeep\n|turn|6\n|\n|switch|p2a: Skarmory|Skarmory, M|100\/100\n|-damage|p2a: Skarmory|88\/100|[from] Stealth Rock\n|move|p1a: Dragapult|U-turn|p2a: Skarmory\n|-resisted|p2a: Skarmory\n|-damage|p2a: Skarmory|84\/100\n|-ability|p2a: Skarmory|Weak Armor|boost\n|-unboost|p2a: Skarmory|def|1\n|-boost|p2a: Skarmory|spe|2\n|\n|switch|p1a: Magnezone|Magnezone|100\/100|[from]move: U-turn\n|\n|upkeep\n|turn|7\n|\n|move|p2a: Skarmory|Defog|p1a: Magnezone\n|-unboost|p1a: Magnezone|evasion|1\n|-sideend|p2: 7evy|Stealth Rock|[from] move: Defog|[of] p2a: Skarmory\n|move|p1a: Magnezone|Volt Switch|p2a: Skarmory\n|-supereffective|p2a: Skarmory\n|-damage|p2a: Skarmory|0 fnt\n|faint|p2a: Skarmory\n|\n|switch|p1a: Ninetales|Ninetales-Alola, M|100\/100|[from]move: Volt Switch\n|-weather|Hail|[from] ability: Snow Warning|[of] p1a: Ninetales\n|\n|-weather|Hail|[upkeep]\n|upkeep\n|\n|switch|p2a: Cinderace|Cinderace, F|76\/100\n|turn|8\n|\n|switch|p1a: Magnezone|Magnezone|100\/100\n|move|p2a: Cinderace|Pyro Ball|p1a: Magnezone|[miss]\n|-miss|p2a: Cinderace|p1a: Magnezone\n|\n|-weather|Hail|[upkeep]\n|-damage|p2a: Cinderace|70\/100|[from] Hail\n|-damage|p1a: Magnezone|94\/100|[from] Hail\n|upkeep\n|turn|9\n|\n|move|p2a: Cinderace|Pyro Ball|p1a: Magnezone\n|-supereffective|p1a: Magnezone\n|-damage|p1a: Magnezone|0 fnt\n|faint|p1a: Magnezone\n|\n|-weather|Hail|[upkeep]\n|-damage|p2a: Cinderace|64\/100|[from] Hail\n|upkeep\n|\n|switch|p1a: Dragapult|Dragapult, F|65\/100\n|turn|10\n|\n|switch|p2a: Urshifu|Urshifu-Rapid-Strike, M|100\/100\n|move|p1a: Dragapult|Draco Meteor|p2a: Urshifu\n|-crit|p2a: Urshifu\n|-damage|p2a: Urshifu|40\/100\n|-unboost|p1a: Dragapult|spa|2\n|\n|-weather|Hail|[upkeep]\n|-damage|p1a: Dragapult|58\/100|[from] Hail\n|-damage|p2a: Urshifu|34\/100|[from] Hail\n|upkeep\n|turn|11\n|\n|move|p1a: Dragapult|U-turn|p2a: Urshifu\n|-resisted|p2a: Urshifu\n|-damage|p2a: Urshifu|26\/100\n|\n|switch|p1a: Ninetales|Ninetales-Alola, M|100\/100|[from]move: U-turn\n|move|p2a: Urshifu|Close Combat|p1a: Ninetales\n|-damage|p1a: Ninetales|27\/100\n|-unboost|p2a: Urshifu|def|1\n|-unboost|p2a: Urshifu|spd|1\n|\n|-weather|none\n|upkeep\n|turn|12\n|\n|move|p2a: Urshifu|Aqua Jet|p1a: Ninetales\n|-damage|p1a: Ninetales|2\/100\n|move|p1a: Ninetales|Freeze-Dry|p2a: Urshifu\n|-supereffective|p2a: Urshifu\n|-damage|p2a: Urshifu|0 fnt\n|faint|p2a: Urshifu\n|\n|upkeep\n|\n|switch|p2a: Cinderace|Cinderace, F|64\/100\n|turn|13\n|\n|move|p2a: Cinderace|U-turn|p1a: Ninetales\n|-start|p2a: Cinderace|typechange|Bug|[from] ability: Libero\n|-resisted|p1a: Ninetales\n|-damage|p1a: Ninetales|0 fnt\n|faint|p1a: Ninetales\n|\n|switch|p2a: Zeraora|Zeraora|100\/100|[from]move: U-turn\n|\n|upkeep\n|\n|switch|p1a: Mamoswine|Mamoswine, M|100\/100\n|turn|14\n|\n|move|p2a: Zeraora|Focus Blast|p1a: Mamoswine\n|-supereffective|p1a: Mamoswine\n|-crit|p1a: Mamoswine\n|-damage|p1a: Mamoswine|0 fnt\n|faint|p1a: Mamoswine\n|\n|upkeep\n|\n|switch|p1a: Kyurem|Kyurem|100\/100\n|-ability|p1a: Kyurem|Pressure\n|turn|15\n|\n|move|p2a: Zeraora|Focus Blast|p1a: Kyurem|[miss]\n|-miss|p2a: Zeraora|p1a: Kyurem\n|move|p1a: Kyurem|Earth Power|p2a: Zeraora\n|-supereffective|p2a: Zeraora\n|-damage|p2a: Zeraora|0 fnt\n|faint|p2a: Zeraora\n|\n|upkeep\n|\n|switch|p2a: Cursola|Cursola, F|100\/100\n|turn|16\n|\n|move|p1a: Kyurem|Earth Power|p2a: Cursola\n|-damage|p2a: Cursola|62\/100\n|move|p2a: Cursola|Shadow Ball|p1a: Kyurem\n|-damage|p1a: Kyurem|34\/100\n|-damage|p2a: Cursola|52\/100|[from] item: Life Orb\n|\n|upkeep\n|turn|17\n|\n|move|p1a: Kyurem|Earth Power|p2a: Cursola\n|-damage|p2a: Cursola|14\/100\n|move|p2a: Cursola|Shadow Ball|p1a: Kyurem\n|-damage|p1a: Kyurem|0 fnt\n|-damage|p2a: Cursola|4\/100|[from] item: Life Orb\n|faint|p1a: Kyurem\n|\n|upkeep\n|\n|switch|p1a: Dragapult|Dragapult, F|58\/100\n|turn|18\n|\n|move|p1a: Dragapult|Hex|p2a: Cursola\n|-supereffective|p2a: Cursola\n|-damage|p2a: Cursola|0 fnt\n|faint|p2a: Cursola\n|\n|upkeep\n|\n|switch|p2a: Cinderace|Cinderace, F|64\/100\n|turn|19\n|\n|move|p2a: Cinderace|Zen Headbutt|p1a: Dragapult\n|-start|p2a: Cinderace|typechange|Psychic|[from] ability: Libero\n|-damage|p1a: Dragapult|13\/100\n|move|p1a: Dragapult|Will-O-Wisp|p2a: Cinderace\n|-status|p2a: Cinderace|brn\n|\n|-damage|p2a: Cinderace|58\/100 brn|[from] brn\n|upkeep\n|turn|20\n|\n|move|p2a: Cinderace|Zen Headbutt|p1a: Dragapult\n|-crit|p1a: Dragapult\n|-damage|p1a: Dragapult|0 fnt\n|faint|p1a: Dragapult\n|\n|win|7evy\n","uploadtime":1593265938,"views":8,"p1id":"ranitidine","p2id":"7evy","formatid":"gen8ou","rating":0,"private":0,"password":null}