{"id":"gen8zu-1695540999","p1":"ayevon","p2":"Louna","format":"gen8zu","log":"|j|\u2606ayevon\n|j|\u2606Louna\n|t:|1666807266\n|gametype|singles\n|player|p1|ayevon|101|\n|player|p2|Louna|#splxiiscooters|\n|teamsize|p1|6\n|teamsize|p2|6\n|gen|8\n|tier|[Gen 8] ZU\n|rated|Tournament battle\n|rule|Sleep Clause Mod: Limit one foe put to sleep\n|rule|Species Clause: Limit one of each Pok\u00e9mon\n|rule|OHKO Clause: OHKO moves are banned\n|rule|Evasion Items Clause: Evasion items are banned\n|rule|Evasion Moves Clause: Evasion moves are banned\n|rule|Endless Battle Clause: Forcing endless battles is banned\n|rule|HP Percentage Mod: HP is shown in percentages\n|rule|Dynamax Clause: You cannot dynamax\n|clearpoke\n|poke|p1|Rhydon, F|\n|poke|p1|Thwackey, F|\n|poke|p1|Qwilfish, F|\n|poke|p1|Perrserker, M|\n|poke|p1|Cofagrigus, F|\n|poke|p1|Skuntank, F|\n|poke|p2|Ludicolo, M|\n|poke|p2|Skuntank, M|\n|poke|p2|Rhydon, M|\n|poke|p2|Froslass, F|\n|poke|p2|Silvally-*|\n|poke|p2|Altaria, M|\n|teampreview\n|inactive|Battle timer is ON: inactive players will automatically lose when time's up. (requested by ayevon)\n|c|\u2606Louna|hf\n|c|\u2606ayevon|hf\n|j| joey milktank\n|j| shiny mr mime\n|l| shiny mr mime\n|inactive|Louna has 120 seconds left.\n|\n|t:|1666807303\n|start\n|switch|p1a: Perrserker|Perrserker, M|100\/100\n|switch|p2a: Ludicolo|Ludicolo, M|100\/100\n|turn|1\n|\n|t:|1666807321\n|switch|p2a: Silvally|Silvally-Fighting|100\/100\n|switch|p1a: Qwilfish|Qwilfish, F|100\/100\n|-ability|p1a: Qwilfish|Intimidate|boost\n|-unboost|p2a: Silvally|atk|1\n|\n|upkeep\n|turn|2\n|\n|t:|1666807326\n|move|p2a: Silvally|Thunderbolt|p1a: Qwilfish\n|-supereffective|p1a: Qwilfish\n|-crit|p1a: Qwilfish\n|-damage|p1a: Qwilfish|0 fnt\n|faint|p1a: Qwilfish\n|\n|upkeep\n|j| KamiDende \u262f\n|\n|t:|1666807331\n|switch|p1a: Cofagrigus|Cofagrigus, F|100\/100\n|turn|3\n|c|\u2606Louna|that sucks mb\n|l| KamiDende \u262f\n|\n|t:|1666807340\n|move|p2a: Silvally|U-turn|p1a: Cofagrigus\n|-resisted|p1a: Cofagrigus\n|-damage|p1a: Cofagrigus|97\/100\n|\n|t:|1666807350\n|switch|p2a: Ludicolo|Ludicolo, M|100\/100|[from]move: U-turn\n|move|p1a: Cofagrigus|Iron Defense|p1a: Cofagrigus\n|-boost|p1a: Cofagrigus|def|2\n|\n|upkeep\n|turn|4\n|\n|t:|1666807356\n|move|p2a: Ludicolo|Hydro Pump|p1a: Cofagrigus\n|-damage|p1a: Cofagrigus|54\/100\n|move|p1a: Cofagrigus|Body Press|p2a: Ludicolo\n|-damage|p2a: Ludicolo|22\/100\n|\n|upkeep\n|turn|5\n|\n|t:|1666807377\n|switch|p2a: Altaria|Altaria, M|100\/100\n|move|p1a: Cofagrigus|Shadow Ball|p2a: Altaria\n|-damage|p2a: Altaria|76\/100\n|\n|upkeep\n|turn|6\n|j| sketchy ecchi\n|\n|t:|1666807385\n|switch|p1a: Rhydon|Rhydon, F|100\/100\n|move|p2a: Altaria|Haze|p2a: Altaria\n|-clearallboost\n|\n|upkeep\n|turn|7\n|\n|t:|1666807391\n|switch|p2a: Ludicolo|Ludicolo, M|22\/100\n|move|p1a: Rhydon|Stealth Rock|p2a: Ludicolo\n|-sidestart|p2: Louna|move: Stealth Rock\n|\n|upkeep\n|turn|8\n|inactive|Louna has 120 seconds left.\n|\n|t:|1666807429\n|switch|p1a: Skuntank|Skuntank, F|100\/100\n|move|p2a: Ludicolo|Giga Drain|p1a: Skuntank\n|-resisted|p1a: Skuntank\n|-damage|p1a: Skuntank|75\/100\n|-heal|p2a: Ludicolo|35\/100|[from] drain|[of] p1a: Skuntank\n|\n|-heal|p1a: Skuntank|81\/100|[from] item: Black Sludge\n|upkeep\n|turn|9\n|inactive|Louna has 120 seconds left.\n|\n|t:|1666807443\n|switch|p1a: Thwackey|Thwackey, F|100\/100\n|-fieldstart|move: Grassy Terrain|[from] ability: Grassy Surge|[of] p1a: Thwackey\n|switch|p2a: Rhydon|Rhydon, M|100\/100\n|-damage|p2a: Rhydon|94\/100|[from] Stealth Rock\n|\n|-heal|p2a: Rhydon|100\/100|[from] Grassy Terrain\n|upkeep\n|turn|10\n|\n|t:|1666807450\n|switch|p2a: Skuntank|Skuntank, M|100\/100\n|-damage|p2a: Skuntank|88\/100|[from] Stealth Rock\n|move|p1a: Thwackey|Knock Off|p2a: Skuntank\n|-resisted|p2a: Skuntank\n|-damage|p2a: Skuntank|60\/100\n|-enditem|p2a: Skuntank|Black Sludge|[from] move: Knock Off|[of] p1a: Thwackey\n|\n|-heal|p2a: Skuntank|66\/100|[from] Grassy Terrain\n|upkeep\n|turn|11\n|\n|t:|1666807459\n|switch|p2a: Ludicolo|Ludicolo, M|35\/100\n|-damage|p2a: Ludicolo|22\/100|[from] Stealth Rock\n|switch|p1a: Rhydon|Rhydon, F|100\/100\n|\n|-heal|p2a: Ludicolo|29\/100|[from] Grassy Terrain\n|upkeep\n|turn|12\n|\n|t:|1666807465\n|switch|p1a: Skuntank|Skuntank, F|81\/100\n|move|p2a: Ludicolo|Hydro Pump|p1a: Skuntank\n|-damage|p1a: Skuntank|16\/100\n|\n|-heal|p1a: Skuntank|22\/100|[from] Grassy Terrain\n|-heal|p1a: Skuntank|28\/100|[from] item: Black Sludge\n|-heal|p2a: Ludicolo|35\/100|[from] Grassy Terrain\n|upkeep\n|turn|13\n|\n|t:|1666807473\n|switch|p1a: Thwackey|Thwackey, F|100\/100\n|switch|p2a: Rhydon|Rhydon, M|100\/100\n|-damage|p2a: Rhydon|94\/100|[from] Stealth Rock\n|\n|-heal|p2a: Rhydon|100\/100|[from] Grassy Terrain\n|-fieldend|move: Grassy Terrain\n|upkeep\n|turn|14\n|\n|t:|1666807480\n|switch|p2a: Skuntank|Skuntank, M|66\/100\n|-damage|p2a: Skuntank|54\/100|[from] Stealth Rock\n|move|p1a: Thwackey|U-turn|p2a: Skuntank\n|-damage|p2a: Skuntank|12\/100\n|\n|t:|1666807486\n|switch|p1a: Skuntank|Skuntank, F|28\/100|[from]move: U-turn\n|\n|-heal|p1a: Skuntank|34\/100|[from] item: Black Sludge\n|upkeep\n|turn|15\n|\n|t:|1666807493\n|move|p1a: Skuntank|Dark Pulse|p2a: Skuntank\n|-resisted|p2a: Skuntank\n|-damage|p2a: Skuntank|0 fnt\n|faint|p2a: Skuntank\n|\n|-heal|p1a: Skuntank|40\/100|[from] item: Black Sludge\n|upkeep\n|\n|t:|1666807495\n|switch|p2a: Rhydon|Rhydon, M|100\/100\n|-damage|p2a: Rhydon|94\/100|[from] Stealth Rock\n|turn|16\n|j| King Fury 69\n|\n|t:|1666807509\n|move|p1a: Skuntank|Taunt|p2a: Rhydon\n|-start|p2a: Rhydon|move: Taunt\n|move|p2a: Rhydon|Stone Edge|p1a: Skuntank\n|-damage|p1a: Skuntank|0 fnt\n|faint|p1a: Skuntank\n|\n|upkeep\n|\n|t:|1666807511\n|switch|p1a: Thwackey|Thwackey, F|100\/100\n|-fieldstart|move: Grassy Terrain|[from] ability: Grassy Surge|[of] p1a: Thwackey\n|turn|17\n|\n|t:|1666807523\n|switch|p2a: Silvally|Silvally-Fighting|100\/100\n|-damage|p2a: Silvally|94\/100|[from] Stealth Rock\n|move|p1a: Thwackey|Wood Hammer|p2a: Silvally\n|-damage|p2a: Silvally|0 fnt\n|faint|p2a: Silvally\n|-damage|p1a: Thwackey|64\/100|[from] Recoil\n|\n|-heal|p1a: Thwackey|70\/100|[from] Grassy Terrain\n|upkeep\n|\n|t:|1666807527\n|switch|p2a: Altaria|Altaria, M|76\/100\n|turn|18\n|\n|t:|1666807535\n|switch|p2a: Ludicolo|Ludicolo, M|35\/100\n|-damage|p2a: Ludicolo|22\/100|[from] Stealth Rock\n|move|p1a: Thwackey|Wood Hammer|p2a: Ludicolo\n|-damage|p2a: Ludicolo|0 fnt\n|faint|p2a: Ludicolo\n|-damage|p1a: Thwackey|61\/100|[from] Recoil\n|\n|-heal|p1a: Thwackey|67\/100|[from] Grassy Terrain\n|upkeep\n|j| TomatoZause\n|\n|t:|1666807545\n|switch|p2a: Froslass|Froslass, F|100\/100\n|turn|19\n|l| TomatoZause\n|j| shiny mr mime\n|l| shiny mr mime\n|\n|t:|1666807560\n|switch|p1a: Cofagrigus|Cofagrigus, F|54\/100\n|move|p2a: Froslass|Will-O-Wisp|p1a: Cofagrigus\n|-status|p1a: Cofagrigus|brn\n|\n|-heal|p1a: Cofagrigus|60\/100 brn|[from] Grassy Terrain\n|-damage|p1a: Cofagrigus|54\/100 brn|[from] brn\n|upkeep\n|turn|20\n|\n|t:|1666807563\n|move|p2a: Froslass|Shadow Ball|p1a: Cofagrigus\n|-supereffective|p1a: Cofagrigus\n|-damage|p1a: Cofagrigus|1\/100 brn\n|move|p1a: Cofagrigus|Shadow Ball|p2a: Froslass\n|-supereffective|p2a: Froslass\n|-damage|p2a: Froslass|19\/100\n|\n|-heal|p2a: Froslass|25\/100|[from] Grassy Terrain\n|-heal|p1a: Cofagrigus|7\/100 brn|[from] Grassy Terrain\n|-damage|p1a: Cofagrigus|1\/100 brn|[from] brn\n|upkeep\n|turn|21\n|\n|t:|1666807570\n|move|p2a: Froslass|Ice Beam|p1a: Cofagrigus\n|-damage|p1a: Cofagrigus|0 fnt\n|faint|p1a: Cofagrigus\n|\n|-heal|p2a: Froslass|31\/100|[from] Grassy Terrain\n|-fieldend|move: Grassy Terrain\n|upkeep\n|\n|t:|1666807573\n|switch|p1a: Thwackey|Thwackey, F|67\/100\n|-fieldstart|move: Grassy Terrain|[from] ability: Grassy Surge|[of] p1a: Thwackey\n|turn|22\n|\n|t:|1666807579\n|switch|p2a: Altaria|Altaria, M|76\/100\n|move|p1a: Thwackey|Grassy Glide|p2a: Altaria\n|-resisted|p2a: Altaria\n|-crit|p2a: Altaria\n|-damage|p2a: Altaria|58\/100\n|\n|-heal|p1a: Thwackey|73\/100|[from] Grassy Terrain\n|upkeep\n|turn|23\n|\n|t:|1666807583\n|switch|p1a: Perrserker|Perrserker, M|100\/100\n|move|p2a: Altaria|Roost|p2a: Altaria\n|-heal|p2a: Altaria|100\/100\n|-singleturn|p2a: Altaria|move: Roost\n|\n|upkeep\n|turn|24\n|\n|t:|1666807592\n|switch|p2a: Rhydon|Rhydon, M|94\/100\n|-damage|p2a: Rhydon|88\/100|[from] Stealth Rock\n|move|p1a: Perrserker|Iron Head|p2a: Rhydon\n|-supereffective|p2a: Rhydon\n|-damage|p2a: Rhydon|4\/100\n|\n|-heal|p2a: Rhydon|10\/100|[from] Grassy Terrain\n|upkeep\n|turn|25\n|\n|t:|1666807594\n|move|p1a: Perrserker|Iron Head|p2a: Rhydon\n|-supereffective|p2a: Rhydon\n|-damage|p2a: Rhydon|0 fnt\n|faint|p2a: Rhydon\n|\n|upkeep\n|\n|t:|1666807599\n|switch|p2a: Froslass|Froslass, F|31\/100\n|turn|26\n|\n|t:|1666807603\n|switch|p1a: Rhydon|Rhydon, F|100\/100\n|move|p2a: Froslass|Will-O-Wisp|p1a: Rhydon\n|-status|p1a: Rhydon|brn\n|\n|-heal|p2a: Froslass|38\/100|[from] Grassy Terrain\n|-damage|p1a: Rhydon|94\/100 brn|[from] brn\n|-fieldend|move: Grassy Terrain\n|upkeep\n|turn|27\n|\n|t:|1666807608\n|switch|p2a: Altaria|Altaria, M|100\/100\n|move|p1a: Rhydon|Stone Edge|p2a: Altaria|[miss]\n|-miss|p1a: Rhydon|p2a: Altaria\n|\n|-damage|p1a: Rhydon|88\/100 brn|[from] brn\n|upkeep\n|turn|28\n|\n|t:|1666807628\n|switch|p2a: Froslass|Froslass, F|38\/100\n|move|p1a: Rhydon|Stone Edge|p2a: Froslass\n|-supereffective|p2a: Froslass\n|-damage|p2a: Froslass|0 fnt\n|-start|p1a: Rhydon|Disable|Stone Edge|[from] ability: Cursed Body|[of] p2a: Froslass\n|faint|p2a: Froslass\n|\n|-damage|p1a: Rhydon|82\/100 brn|[from] brn\n|upkeep\n|c|\u2606Louna|gg\n|c|\u2606ayevon|gg\n|-message|Louna forfeited.\n|\n|win|ayevon\n|n|\u2606ayevon|ayevon\n|n|\u2606Louna|louna\n|n| joey milktank|joeymilktank\n|n| sketchy ecchi|sketchyecchi\n|n| King Fury 69|kingfury69\n","uploadtime":1666807637,"views":8,"p1id":"ayevon","p2id":"louna","formatid":"gen8zu","rating":0,"private":0,"password":null}