{"id":"gen8ou-1661714585","p1":"bd is bd bro","p2":"dracaufeu shiny","format":"gen8ou","log":"|j|\u203dbd is bd bro\n|j|\u2606dracaufeu shiny\n|t:|1662916028\n|gametype|singles\n|player|p1|bd is bd bro|102|1376\n|player|p2|dracaufeu shiny|red|1382\n|teamsize|p1|6\n|teamsize|p2|6\n|gen|8\n|tier|[Gen 8] OU\n|rated|\n|rule|Sleep Clause Mod: Limit one foe put to sleep\n|rule|Species Clause: Limit one of each Pok\u00e9mon\n|rule|OHKO Clause: OHKO moves are banned\n|rule|Evasion Items Clause: Evasion items are banned\n|rule|Evasion Moves Clause: Evasion moves are banned\n|rule|Endless Battle Clause: Forcing endless battles is banned\n|rule|HP Percentage Mod: HP is shown in percentages\n|rule|Dynamax Clause: You cannot dynamax\n|clearpoke\n|poke|p1|Clefable, M|\n|poke|p1|Toxapex, M|\n|poke|p1|Rotom-Heat|\n|poke|p1|Quagsire, F|\n|poke|p1|Chansey, F|\n|poke|p1|Mandibuzz, F|\n|poke|p2|Heatran, M|\n|poke|p2|Tapu Lele|\n|poke|p2|Landorus-Therian, M|\n|poke|p2|Tornadus-Therian, M|\n|poke|p2|Ferrothorn, F|\n|poke|p2|Dragapult, M|\n|teampreview\n|inactive|Battle timer is ON: inactive players will automatically lose when time's up. (requested by bd is bd bro)\n|\n|t:|1662916037\n|start\n|switch|p1a: Toxapex|Toxapex, M|100\/100\n|switch|p2a: Tornadus|Tornadus-Therian, M|100\/100\n|turn|1\n|\n|t:|1662916046\n|move|p2a: Tornadus|Taunt|p1a: Toxapex\n|-start|p1a: Toxapex|move: Taunt\n|move|p1a: Toxapex|Knock Off|p2a: Tornadus\n|-damage|p2a: Tornadus|86\/100\n|-enditem|p2a: Tornadus|Heavy-Duty Boots|[from] move: Knock Off|[of] p1a: Toxapex\n|\n|upkeep\n|turn|2\n|\n|t:|1662916055\n|move|p2a: Tornadus|Knock Off|p1a: Toxapex\n|-damage|p1a: Toxapex|89\/100\n|-enditem|p1a: Toxapex|Shed Shell|[from] move: Knock Off|[of] p2a: Tornadus\n|move|p1a: Toxapex|Scald|p2a: Tornadus\n|-damage|p2a: Tornadus|67\/100\n|\n|upkeep\n|turn|3\n|\n|t:|1662916085\n|move|p2a: Tornadus|Hurricane|p1a: Toxapex|[miss]\n|-miss|p2a: Tornadus|p1a: Toxapex\n|move|p1a: Toxapex|Scald|p2a: Tornadus\n|-damage|p2a: Tornadus|50\/100\n|\n|-end|p1a: Toxapex|move: Taunt\n|upkeep\n|turn|4\n|\n|t:|1662916091\n|move|p2a: Tornadus|Taunt|p1a: Toxapex\n|-start|p1a: Toxapex|move: Taunt\n|move|p1a: Toxapex|Scald|p2a: Tornadus\n|-damage|p2a: Tornadus|33\/100\n|\n|upkeep\n|turn|5\n|\n|t:|1662916094\n|move|p2a: Tornadus|U-turn|p1a: Toxapex\n|-resisted|p1a: Toxapex\n|-damage|p1a: Toxapex|85\/100\n|\n|t:|1662916103\n|switch|p2a: Ferrothorn|Ferrothorn, F|100\/100|[from]move: U-turn\n|move|p1a: Toxapex|Scald|p2a: Ferrothorn\n|-resisted|p2a: Ferrothorn\n|-damage|p2a: Ferrothorn|94\/100\n|\n|-heal|p2a: Ferrothorn|99\/100|[from] item: Leftovers\n|upkeep\n|turn|6\n|\n|t:|1662916106\n|move|p1a: Toxapex|Scald|p2a: Ferrothorn\n|-resisted|p2a: Ferrothorn\n|-damage|p2a: Ferrothorn|93\/100\n|move|p2a: Ferrothorn|Stealth Rock|p1a: Toxapex\n|-sidestart|p1: bd is bd bro|move: Stealth Rock\n|\n|-heal|p2a: Ferrothorn|99\/100|[from] item: Leftovers\n|-end|p1a: Toxapex|move: Taunt\n|upkeep\n|turn|7\n|\n|t:|1662916111\n|move|p1a: Toxapex|Knock Off|p2a: Ferrothorn\n|-damage|p2a: Ferrothorn|91\/100\n|-damage|p1a: Toxapex|72\/100|[from] ability: Iron Barbs|[of] p2a: Ferrothorn\n|-enditem|p2a: Ferrothorn|Leftovers|[from] move: Knock Off|[of] p1a: Toxapex\n|move|p2a: Ferrothorn|Knock Off|p1a: Toxapex\n|-damage|p1a: Toxapex|63\/100\n|\n|upkeep\n|turn|8\n|\n|t:|1662916114\n|move|p1a: Toxapex|Toxic Spikes|p2a: Ferrothorn\n|-sidestart|p2: dracaufeu shiny|move: Toxic Spikes\n|move|p2a: Ferrothorn|Leech Seed|p1a: Toxapex\n|-start|p1a: Toxapex|move: Leech Seed\n|\n|-damage|p1a: Toxapex|51\/100|[from] Leech Seed|[of] p2a: Ferrothorn\n|-heal|p2a: Ferrothorn|100\/100|[silent]\n|upkeep\n|turn|9\n|\n|t:|1662916123\n|switch|p2a: Tornadus|Tornadus-Therian, M|67\/100\n|move|p1a: Toxapex|Recover|p1a: Toxapex\n|-heal|p1a: Toxapex|100\/100\n|\n|-damage|p1a: Toxapex|88\/100|[from] Leech Seed|[of] p2a: Tornadus\n|-heal|p2a: Tornadus|77\/100|[silent]\n|upkeep\n|turn|10\n|\n|t:|1662916131\n|switch|p1a: Clefable|Clefable, M|100\/100\n|move|p2a: Tornadus|Taunt|p1a: Clefable\n|-start|p1a: Clefable|move: Taunt\n|\n|upkeep\n|turn|11\n|\n|t:|1662916134\n|switch|p2a: Heatran|Heatran, M|100\/100\n|switch|p1a: Toxapex|Toxapex, M|100\/100\n|-damage|p1a: Toxapex|88\/100|[from] Stealth Rock\n|\n|upkeep\n|turn|12\n|\n|t:|1662916138\n|switch|p1a: Quagsire|Quagsire, F|100\/100\n|-damage|p1a: Quagsire|94\/100|[from] Stealth Rock\n|move|p2a: Heatran|Magma Storm|p1a: Quagsire\n|-resisted|p1a: Quagsire\n|-crit|p1a: Quagsire\n|-damage|p1a: Quagsire|55\/100\n|-activate|p1a: Quagsire|move: Magma Storm|[of] p2a: Heatran\n|\n|-heal|p1a: Quagsire|61\/100|[from] item: Leftovers\n|-damage|p1a: Quagsire|49\/100|[from] move: Magma Storm|[partiallytrapped]\n|upkeep\n|turn|13\n|\n|t:|1662916142\n|move|p2a: Heatran|Taunt|p1a: Quagsire\n|-start|p1a: Quagsire|move: Taunt\n|move|p1a: Quagsire|Earthquake|p2a: Heatran\n|-supereffective|p2a: Heatran\n|-damage|p2a: Heatran|0 fnt\n|faint|p2a: Heatran\n|\n|-heal|p1a: Quagsire|55\/100|[from] item: Leftovers\n|-end|p1a: Quagsire|Magma Storm|[partiallytrapped]|[silent]\n|upkeep\n|\n|t:|1662916151\n|switch|p2a: Dragapult|Dragapult, M|100\/100\n|turn|14\n|\n|t:|1662916158\n|switch|p1a: Chansey|Chansey, F|100\/100\n|-damage|p1a: Chansey|88\/100|[from] Stealth Rock\n|move|p2a: Dragapult|Will-O-Wisp|p1a: Chansey|[miss]\n|-miss|p2a: Dragapult|p1a: Chansey\n|\n|upkeep\n|turn|15\n|\n|t:|1662916163\n|move|p2a: Dragapult|Thunder Wave|p1a: Chansey\n|-status|p1a: Chansey|par\n|move|p1a: Chansey|Stealth Rock|p2a: Dragapult\n|-sidestart|p2: dracaufeu shiny|move: Stealth Rock\n|\n|upkeep\n|turn|16\n|\n|t:|1662916167\n|move|p2a: Dragapult|Draco Meteor|p1a: Chansey\n|-damage|p1a: Chansey|71\/100 par\n|-unboost|p2a: Dragapult|spa|2\n|move|p1a: Chansey|Toxic|p2a: Dragapult|[miss]\n|-miss|p1a: Chansey|p2a: Dragapult\n|\n|upkeep\n|turn|17\n|\n|t:|1662916169\n|move|p2a: Dragapult|Draco Meteor|p1a: Chansey\n|-damage|p1a: Chansey|63\/100 par\n|-unboost|p2a: Dragapult|spa|2\n|move|p1a: Chansey|Soft-Boiled|p1a: Chansey\n|-heal|p1a: Chansey|100\/100 par\n|\n|upkeep\n|turn|18\n|\n|t:|1662916172\n|move|p2a: Dragapult|Draco Meteor|p1a: Chansey\n|-damage|p1a: Chansey|94\/100 par\n|-unboost|p2a: Dragapult|spa|2\n|move|p1a: Chansey|Toxic|p2a: Dragapult\n|-status|p2a: Dragapult|tox\n|\n|-damage|p2a: Dragapult|95\/100 tox|[from] psn\n|upkeep\n|turn|19\n|\n|t:|1662916180\n|switch|p2a: Ferrothorn|Ferrothorn, F|100\/100\n|-damage|p2a: Ferrothorn|94\/100|[from] Stealth Rock\n|-curestatus|p1a: Chansey|par|[from] ability: Natural Cure\n|switch|p1a: Toxapex|Toxapex, M|100\/100\n|-damage|p1a: Toxapex|88\/100|[from] Stealth Rock\n|\n|upkeep\n|turn|20\n|\n|t:|1662916199\n|move|p1a: Toxapex|Scald|p2a: Ferrothorn\n|-resisted|p2a: Ferrothorn\n|-damage|p2a: Ferrothorn|87\/100\n|move|p2a: Ferrothorn|Leech Seed|p1a: Toxapex\n|-start|p1a: Toxapex|move: Leech Seed\n|\n|-damage|p1a: Toxapex|76\/100|[from] Leech Seed|[of] p2a: Ferrothorn\n|-heal|p2a: Ferrothorn|98\/100|[silent]\n|upkeep\n|turn|21\n|\n|t:|1662916215\n|switch|p1a: Rotom|Rotom-Heat|100\/100\n|switch|p2a: Tornadus|Tornadus-Therian, M|100\/100\n|-damage|p2a: Tornadus|76\/100|[from] Stealth Rock\n|\n|upkeep\n|turn|22\n|\n|t:|1662916231\n|move|p2a: Tornadus|U-turn|p1a: Rotom\n|-resisted|p1a: Rotom\n|-damage|p1a: Rotom|93\/100\n|\n|t:|1662916235\n|switch|p2a: Landorus|Landorus-Therian, M|100\/100|[from]move: U-turn\n|-damage|p2a: Landorus|88\/100|[from] Stealth Rock\n|-ability|p2a: Landorus|Intimidate|boost\n|-unboost|p1a: Rotom|atk|1\n|move|p1a: Rotom|Discharge|p2a: Landorus\n|-immune|p2a: Landorus\n|\n|-heal|p2a: Landorus|94\/100|[from] item: Leftovers\n|upkeep\n|turn|23\n|\n|t:|1662916249\n|switch|p1a: Toxapex|Toxapex, M|100\/100\n|-damage|p1a: Toxapex|88\/100|[from] Stealth Rock\n|move|p2a: Landorus|U-turn|p1a: Toxapex\n|-resisted|p1a: Toxapex\n|-damage|p1a: Toxapex|82\/100\n|\n|t:|1662916260\n|switch|p2a: Tornadus|Tornadus-Therian, M|100\/100|[from]move: U-turn\n|-damage|p2a: Tornadus|76\/100|[from] Stealth Rock\n|\n|upkeep\n|turn|24\n|\n|t:|1662916274\n|move|p2a: Tornadus|Hurricane|p1a: Toxapex\n|-damage|p1a: Toxapex|50\/100\n|move|p1a: Toxapex|Scald|p2a: Tornadus\n|-damage|p2a: Tornadus|60\/100\n|-status|p2a: Tornadus|brn\n|\n|-damage|p2a: Tornadus|54\/100 brn|[from] brn\n|upkeep\n|turn|25\n|-message|dracaufeu shiny forfeited.\n|\n|win|bd is bd bro\n|raw|bd is bd bro's rating: 1417 &rarr; <strong>1435<\/strong><br \/>(+18 for winning)\n|raw|dracaufeu shiny's rating: 1382 &rarr; <strong>1364<\/strong><br \/>(-18 for losing)\n|c|\u203dbd is bd bro|\/log bd is bd bro made this room public.\n","uploadtime":1662916288,"views":4,"p1id":"bdisbdbro","p2id":"dracaufeushiny","formatid":"gen8ou","rating":1364,"private":0,"password":null}