{"id":"gen8ou-1676906856","p1":"Guest 5890168","p2":"LT94JE Allistair","format":"gen8ou","log":"|j|\u203dGuest 5890168\n|j|\u2606LT94JE Allistair\n|t:|1664833924\n|gametype|singles\n|player|p1|Guest 5890168|170|1520\n|player|p2|LT94JE Allistair|265|1576\n|teamsize|p1|6\n|teamsize|p2|6\n|gen|8\n|tier|[Gen 8] OU\n|rated|\n|rule|Sleep Clause Mod: Limit one foe put to sleep\n|rule|Species Clause: Limit one of each Pok\u00e9mon\n|rule|OHKO Clause: OHKO moves are banned\n|rule|Evasion Items Clause: Evasion items are banned\n|rule|Evasion Moves Clause: Evasion moves are banned\n|rule|Endless Battle Clause: Forcing endless battles is banned\n|rule|HP Percentage Mod: HP is shown in percentages\n|rule|Dynamax Clause: You cannot dynamax\n|clearpoke\n|poke|p1|Rotom-Wash|\n|poke|p1|Weavile, M|\n|poke|p1|Landorus-Therian, M|\n|poke|p1|Heatran, M|\n|poke|p1|Tangrowth, F|\n|poke|p1|Melmetal|\n|poke|p2|Mew|\n|poke|p2|Slurpuff, M|\n|poke|p2|Vanilluxe, M|\n|poke|p2|Weavile, F|\n|poke|p2|Heatran, M|\n|poke|p2|Jirachi|\n|teampreview\n|inactive|Battle timer is ON: inactive players will automatically lose when time's up. (requested by Guest 5890168)\n|\n|t:|1664833950\n|start\n|switch|p1a: Melmetal|Melmetal|100\/100\n|switch|p2a: Slurpuff|Slurpuff, M|100\/100\n|turn|1\n|\n|t:|1664833953\n|move|p2a: Slurpuff|Sticky Web|p1a: Melmetal\n|-sidestart|p1: Guest 5890168|move: Sticky Web\n|move|p1a: Melmetal|Double Iron Bash|p2a: Slurpuff\n|-supereffective|p2a: Slurpuff\n|-damage|p2a: Slurpuff|26\/100\n|-supereffective|p2a: Slurpuff\n|-damage|p2a: Slurpuff|0 fnt\n|faint|p2a: Slurpuff\n|-hitcount|p2: Slurpuff|2\n|\n|upkeep\n|\n|t:|1664833967\n|switch|p2a: Vanilluxe|Vanilluxe, M|100\/100\n|-weather|Hail|[from] ability: Snow Warning|[of] p2a: Vanilluxe\n|turn|2\n|\n|t:|1664833971\n|move|p2a: Vanilluxe|Aurora Veil|p2a: Vanilluxe\n|-sidestart|p2: LT94JE Allistair|move: Aurora Veil\n|move|p1a: Melmetal|Double Iron Bash|p2a: Vanilluxe\n|-supereffective|p2a: Vanilluxe\n|-damage|p2a: Vanilluxe|44\/100\n|-supereffective|p2a: Vanilluxe\n|-damage|p2a: Vanilluxe|0 fnt\n|faint|p2a: Vanilluxe\n|-hitcount|p2: Vanilluxe|2\n|\n|-weather|Hail|[upkeep]\n|-damage|p1a: Melmetal|94\/100|[from] Hail\n|upkeep\n|\n|t:|1664833977\n|switch|p2a: Jirachi|Jirachi|100\/100\n|turn|3\n|\n|t:|1664833980\n|move|p2a: Jirachi|Cosmic Power|p2a: Jirachi\n|-boost|p2a: Jirachi|def|1\n|-boost|p2a: Jirachi|spd|1\n|move|p1a: Melmetal|Thunder Punch|p2a: Jirachi\n|-damage|p2a: Jirachi|91\/100\n|\n|-weather|Hail|[upkeep]\n|-damage|p2a: Jirachi|84\/100|[from] Hail\n|-damage|p1a: Melmetal|88\/100|[from] Hail\n|upkeep\n|turn|4\n|\n|t:|1664833983\n|switch|p1a: Landorus|Landorus-Therian, M|100\/100\n|-ability|p1a: Landorus|Intimidate|boost\n|-unboost|p2a: Jirachi|atk|1\n|move|p2a: Jirachi|Cosmic Power|p2a: Jirachi\n|-boost|p2a: Jirachi|def|1\n|-boost|p2a: Jirachi|spd|1\n|\n|-weather|Hail|[upkeep]\n|-damage|p2a: Jirachi|78\/100|[from] Hail\n|-damage|p1a: Landorus|94\/100|[from] Hail\n|-heal|p1a: Landorus|100\/100|[from] item: Leftovers\n|upkeep\n|turn|5\n|\n|t:|1664833986\n|move|p2a: Jirachi|Cosmic Power|p2a: Jirachi\n|-boost|p2a: Jirachi|def|1\n|-boost|p2a: Jirachi|spd|1\n|move|p1a: Landorus|Defog|p2a: Jirachi\n|-unboost|p2a: Jirachi|evasion|1\n|-sideend|p2: LT94JE Allistair|move: Aurora Veil\n|-sideend|p1: Guest 5890168|Sticky Web|[from] move: Defog|[of] p1a: Landorus\n|\n|-weather|Hail|[upkeep]\n|-damage|p2a: Jirachi|72\/100|[from] Hail\n|-damage|p1a: Landorus|94\/100|[from] Hail\n|-heal|p1a: Landorus|100\/100|[from] item: Leftovers\n|upkeep\n|turn|6\n|\n|t:|1664833989\n|switch|p1a: Heatran|Heatran, M|100\/100\n|-item|p1a: Heatran|Air Balloon\n|move|p2a: Jirachi|Wish|p2a: Jirachi\n|\n|-weather|none\n|upkeep\n|turn|7\n|\n|t:|1664833991\n|move|p2a: Jirachi|Cosmic Power|p2a: Jirachi\n|-boost|p2a: Jirachi|def|1\n|-boost|p2a: Jirachi|spd|1\n|move|p1a: Heatran|Stealth Rock|p2a: Jirachi\n|-sidestart|p2: LT94JE Allistair|move: Stealth Rock\n|\n|-heal|p2a: Jirachi|100\/100|[from] move: Wish|[wisher] Jirachi\n|upkeep\n|turn|8\n|\n|t:|1664833996\n|switch|p1a: Rotom|Rotom-Wash|100\/100\n|move|p2a: Jirachi|Wish|p2a: Jirachi\n|\n|upkeep\n|turn|9\n|\n|t:|1664834000\n|move|p2a: Jirachi|Cosmic Power|p2a: Jirachi\n|-boost|p2a: Jirachi|def|1\n|-boost|p2a: Jirachi|spd|1\n|move|p1a: Rotom|Nasty Plot|p1a: Rotom\n|-boost|p1a: Rotom|spa|2\n|\n|upkeep\n|turn|10\n|\n|t:|1664834003\n|move|p2a: Jirachi|Stored Power|p1a: Rotom\n|-damage|p1a: Rotom|6\/100\n|move|p1a: Rotom|Pain Split|p2a: Jirachi\n|-sethp|p2a: Jirachi|53\/100|[from] move: Pain Split|[silent]\n|-sethp|p1a: Rotom|59\/100|[from] move: Pain Split\n|\n|-heal|p1a: Rotom|65\/100|[from] item: Leftovers\n|upkeep\n|turn|11\n|\n|t:|1664834008\n|switch|p1a: Melmetal|Melmetal|88\/100\n|move|p2a: Jirachi|Wish|p2a: Jirachi\n|\n|upkeep\n|turn|12\n|\n|t:|1664834010\n|move|p2a: Jirachi|Cosmic Power|p2a: Jirachi\n|-boost|p2a: Jirachi|def|1\n|-boost|p2a: Jirachi|spd|1\n|move|p1a: Melmetal|Ice Punch|p2a: Jirachi\n|-resisted|p2a: Jirachi\n|-damage|p2a: Jirachi|49\/100\n|\n|-heal|p2a: Jirachi|98\/100|[from] move: Wish|[wisher] Jirachi\n|upkeep\n|turn|13\n|\n|t:|1664834018\n|move|p2a: Jirachi|Stored Power|p1a: Melmetal\n|-resisted|p1a: Melmetal\n|-damage|p1a: Melmetal|60\/100\n|move|p1a: Melmetal|Thunder Punch|p2a: Jirachi\n|-damage|p2a: Jirachi|91\/100\n|\n|upkeep\n|turn|14\n|\n|t:|1664834021\n|move|p2a: Jirachi|Stored Power|p1a: Melmetal\n|-resisted|p1a: Melmetal\n|-damage|p1a: Melmetal|34\/100\n|move|p1a: Melmetal|Ice Punch|p2a: Jirachi\n|-resisted|p2a: Jirachi\n|-crit|p2a: Jirachi\n|-damage|p2a: Jirachi|70\/100\n|\n|upkeep\n|turn|15\n|\n|t:|1664834024\n|move|p2a: Jirachi|Wish|p2a: Jirachi\n|move|p1a: Melmetal|Ice Punch|p2a: Jirachi\n|-resisted|p2a: Jirachi\n|-damage|p2a: Jirachi|66\/100\n|\n|upkeep\n|turn|16\n|\n|t:|1664834026\n|move|p2a: Jirachi|Stored Power|p1a: Melmetal\n|-resisted|p1a: Melmetal\n|-damage|p1a: Melmetal|6\/100\n|move|p1a: Melmetal|Ice Punch|p2a: Jirachi\n|-resisted|p2a: Jirachi\n|-damage|p2a: Jirachi|62\/100\n|\n|-heal|p2a: Jirachi|100\/100|[from] move: Wish|[wisher] Jirachi\n|upkeep\n|turn|17\n|\n|t:|1664834030\n|switch|p1a: Heatran|Heatran, M|100\/100\n|-item|p1a: Heatran|Air Balloon\n|move|p2a: Jirachi|Aura Sphere|p1a: Heatran\n|-supereffective|p1a: Heatran\n|-damage|p1a: Heatran|55\/100\n|-enditem|p1a: Heatran|Air Balloon\n|\n|upkeep\n|turn|18\n|\n|t:|1664834033\n|move|p2a: Jirachi|Stored Power|p1a: Heatran\n|-resisted|p1a: Heatran\n|-damage|p1a: Heatran|7\/100\n|move|p1a: Heatran|Earth Power|p2a: Jirachi\n|-supereffective|p2a: Jirachi\n|-damage|p2a: Jirachi|83\/100\n|-unboost|p2a: Jirachi|spd|1\n|-enditem|p2a: Jirachi|Weakness Policy\n|-boost|p2a: Jirachi|atk|2|[from] item: Weakness Policy\n|-boost|p2a: Jirachi|spa|2|[from] item: Weakness Policy\n|\n|upkeep\n|turn|19\n|\n|t:|1664834039\n|move|p2a: Jirachi|Aura Sphere|p1a: Heatran\n|-supereffective|p1a: Heatran\n|-damage|p1a: Heatran|0 fnt\n|faint|p1a: Heatran\n|\n|upkeep\n|\n|t:|1664834039\n|switch|p1a: Landorus|Landorus-Therian, M|100\/100\n|-ability|p1a: Landorus|Intimidate|boost\n|-unboost|p2a: Jirachi|atk|1\n|turn|20\n|\n|t:|1664834042\n|switch|p1a: Melmetal|Melmetal|6\/100\n|move|p2a: Jirachi|Stored Power|p1a: Melmetal\n|-resisted|p1a: Melmetal\n|-damage|p1a: Melmetal|0 fnt\n|faint|p1a: Melmetal\n|\n|upkeep\n|\n|t:|1664834042\n|switch|p1a: Landorus|Landorus-Therian, M|100\/100\n|-ability|p1a: Landorus|Intimidate|boost\n|-unboost|p2a: Jirachi|atk|1\n|turn|21\n|\n|t:|1664834046\n|switch|p1a: Weavile|Weavile, M|100\/100\n|-ability|p1a: Weavile|Pressure\n|move|p2a: Jirachi|Wish|p2a: Jirachi\n|\n|upkeep\n|turn|22\n|\n|t:|1664834048\n|switch|p1a: Rotom|Rotom-Wash|65\/100\n|move|p2a: Jirachi|Aura Sphere|p1a: Rotom\n|-damage|p1a: Rotom|19\/100\n|\n|-heal|p2a: Jirachi|100\/100|[from] move: Wish|[wisher] Jirachi\n|-heal|p1a: Rotom|25\/100|[from] item: Leftovers\n|upkeep\n|turn|23\n|\n|t:|1664834050\n|move|p2a: Jirachi|Stored Power|p1a: Rotom\n|-damage|p1a: Rotom|0 fnt\n|faint|p1a: Rotom\n|\n|upkeep\n|\n|t:|1664834050\n|switch|p1a: Weavile|Weavile, M|100\/100\n|-ability|p1a: Weavile|Pressure\n|turn|24\n|\n|t:|1664834053\n|move|p1a: Weavile|Knock Off|p2a: Jirachi\n|-supereffective|p2a: Jirachi\n|-damage|p2a: Jirachi|78\/100\n|move|p2a: Jirachi|Aura Sphere|p1a: Weavile\n|-supereffective|p1a: Weavile\n|-damage|p1a: Weavile|0 fnt\n|faint|p1a: Weavile\n|\n|upkeep\n|\n|t:|1664834053\n|switch|p1a: Landorus|Landorus-Therian, M|100\/100\n|-ability|p1a: Landorus|Intimidate|boost\n|-unboost|p2a: Jirachi|atk|1\n|turn|25\n|\n|t:|1664834055\n|move|p2a: Jirachi|Stored Power|p1a: Landorus\n|-damage|p1a: Landorus|0 fnt\n|faint|p1a: Landorus\n|\n|upkeep\n|\n|t:|1664834055\n|switch|p1a: Tangrowth|Tangrowth, F|100\/100\n|turn|26\n|\n|t:|1664834059\n|move|p2a: Jirachi|Stored Power|p1a: Tangrowth\n|-damage|p1a: Tangrowth|0 fnt\n|faint|p1a: Tangrowth\n|\n|win|LT94JE Allistair\n|raw|Guest 5890168's rating: 1520 &rarr; <strong>1503<\/strong><br \/>(-17 for losing)\n|raw|LT94JE Allistair's rating: 1576 &rarr; <strong>1593<\/strong><br \/>(+17 for winning)\n","uploadtime":1664834060,"views":13,"p1id":"guest5890168","p2id":"lt94jeallistair","formatid":"gen8ou","rating":1503,"private":0,"password":null}