{"id":"gen8ou-1706973716","p1":"Showwwwww","p2":"minimax_ai","format":"gen8ou","log":"|j|\u2606Showwwwww\n|j|\u2606minimax_ai\n|t:|1668037861\n|gametype|singles\n|player|p1|Showwwwww|flint|1483\n|player|p2|minimax_ai|169|1438\n|teamsize|p1|6\n|teamsize|p2|6\n|gen|8\n|tier|[Gen 8] OU\n|rated|\n|rule|Sleep Clause Mod: Limit one foe put to sleep\n|rule|Species Clause: Limit one of each Pok\u00e9mon\n|rule|OHKO Clause: OHKO moves are banned\n|rule|Evasion Items Clause: Evasion items are banned\n|rule|Evasion Moves Clause: Evasion moves are banned\n|rule|Endless Battle Clause: Forcing endless battles is banned\n|rule|HP Percentage Mod: HP is shown in percentages\n|rule|Dynamax Clause: You cannot dynamax\n|clearpoke\n|poke|p1|Goodra, M|\n|poke|p1|Incineroar, F|\n|poke|p1|Rillaboom, F|\n|poke|p1|Skarmory, M|\n|poke|p1|Milotic, F|\n|poke|p1|Stunfisk, M|\n|poke|p2|Rotom-Wash|\n|poke|p2|Weavile, F|\n|poke|p2|Landorus-Therian, M|\n|poke|p2|Heatran, M|\n|poke|p2|Tangrowth, M|\n|poke|p2|Melmetal|\n|teampreview\n|c|\u2606minimax_ai|hf\n|inactive|Battle timer is ON: inactive players will automatically lose when time's up. (requested by minimax_ai)\n|\n|t:|1668037873\n|start\n|switch|p1a: Incineroar|Incineroar, F, shiny|100\/100\n|switch|p2a: rotomwash|Rotom-Wash|100\/100\n|-ability|p1a: Incineroar|Intimidate|boost\n|-unboost|p2a: rotomwash|atk|1\n|turn|1\n|\n|t:|1668037878\n|switch|p1a: Stunfisk|Stunfisk, M, shiny|100\/100\n|move|p2a: rotomwash|Thunderbolt|p1a: Stunfisk\n|-immune|p1a: Stunfisk\n|\n|upkeep\n|turn|2\n|\n|t:|1668037884\n|move|p2a: rotomwash|Hydro Pump|p1a: Stunfisk\n|-supereffective|p1a: Stunfisk\n|-damage|p1a: Stunfisk|47\/100\n|move|p1a: Stunfisk|Toxic|p2a: rotomwash\n|-status|p2a: rotomwash|tox\n|\n|-heal|p1a: Stunfisk|54\/100|[from] item: Leftovers\n|-damage|p2a: rotomwash|94\/100 tox|[from] psn\n|upkeep\n|turn|3\n|\n|t:|1668037889\n|switch|p1a: Milotic|Milotic, F, shiny|100\/100\n|move|p2a: rotomwash|Hydro Pump|p1a: Milotic\n|-resisted|p1a: Milotic\n|-crit|p1a: Milotic\n|-damage|p1a: Milotic|85\/100\n|\n|-heal|p2a: rotomwash|100\/100 tox|[from] item: Leftovers\n|-damage|p2a: rotomwash|88\/100 tox|[from] psn\n|-status|p1a: Milotic|brn|[from] item: Flame Orb\n|upkeep\n|turn|4\n|\n|t:|1668037893\n|switch|p2a: Tangrowth|Tangrowth, M|100\/100\n|move|p1a: Milotic|Recover|p1a: Milotic\n|-heal|p1a: Milotic|100\/100 brn\n|\n|-damage|p1a: Milotic|94\/100 brn|[from] brn\n|upkeep\n|turn|5\n|\n|t:|1668037897\n|switch|p1a: Goodra|Goodra, M, shiny|100\/100\n|move|p2a: Tangrowth|Focus Blast|p1a: Goodra\n|-damage|p1a: Goodra|88\/100\n|\n|upkeep\n|turn|6\n|\n|t:|1668037910\n|switch|p2a: Heatran|Heatran, M|100\/100\n|-item|p2a: Heatran|Air Balloon\n|move|p1a: Goodra|Flamethrower|p2a: Heatran\n|-start|p2a: Heatran|ability: Flash Fire\n|\n|upkeep\n|turn|7\n|inactive|Showwwwww has 120 seconds left.\n|\n|t:|1668037947\n|switch|p1a: Milotic|Milotic, F, shiny|94\/100 brn\n|move|p2a: Heatran|Magma Storm|p1a: Milotic\n|-resisted|p1a: Milotic\n|-damage|p1a: Milotic|72\/100 brn\n|-activate|p1a: Milotic|move: Magma Storm|[of] p2a: Heatran\n|\n|-damage|p1a: Milotic|66\/100 brn|[from] brn\n|-damage|p1a: Milotic|54\/100 brn|[from] move: Magma Storm|[partiallytrapped]\n|upkeep\n|turn|8\n|\n|t:|1668037952\n|move|p2a: Heatran|Eruption|p1a: Milotic\n|-resisted|p1a: Milotic\n|-crit|p1a: Milotic\n|-damage|p1a: Milotic|6\/100 brn\n|move|p1a: Milotic|Recover|p1a: Milotic\n|-heal|p1a: Milotic|56\/100 brn\n|\n|-damage|p1a: Milotic|50\/100 brn|[from] brn\n|-damage|p1a: Milotic|37\/100 brn|[from] move: Magma Storm|[partiallytrapped]\n|upkeep\n|turn|9\n|\n|t:|1668037962\n|move|p2a: Heatran|Eruption|p1a: Milotic\n|-resisted|p1a: Milotic\n|-crit|p1a: Milotic\n|-damage|p1a: Milotic|0 fnt\n|faint|p1a: Milotic\n|\n|upkeep\n|\n|t:|1668037965\n|switch|p1a: Stunfisk|Stunfisk, M, shiny|54\/100\n|turn|10\n|\n|t:|1668037967\n|move|p2a: Heatran|Magma Storm|p1a: Stunfisk\n|-damage|p1a: Stunfisk|7\/100\n|-activate|p1a: Stunfisk|move: Magma Storm|[of] p2a: Heatran\n|move|p1a: Stunfisk|Earth Power|p2a: Heatran\n|-immune|p2a: Heatran\n|\n|-heal|p1a: Stunfisk|13\/100|[from] item: Leftovers\n|-damage|p1a: Stunfisk|1\/100|[from] move: Magma Storm|[partiallytrapped]\n|upkeep\n|turn|11\n|\n|t:|1668037973\n|move|p2a: Heatran|Magma Storm|p1a: Stunfisk\n|-damage|p1a: Stunfisk|0 fnt\n|faint|p1a: Stunfisk\n|\n|upkeep\n|\n|t:|1668037976\n|switch|p1a: Goodra|Goodra, M, shiny|88\/100\n|turn|12\n|\n|t:|1668037978\n|move|p2a: Heatran|Magma Storm|p1a: Goodra\n|-resisted|p1a: Goodra\n|-damage|p1a: Goodra|72\/100\n|-activate|p1a: Goodra|move: Magma Storm|[of] p2a: Heatran\n|move|p1a: Goodra|Surf|p2a: Heatran\n|-supereffective|p2a: Heatran\n|-damage|p2a: Heatran|40\/100\n|-enditem|p2a: Heatran|Air Balloon\n|\n|-damage|p1a: Goodra|59\/100|[from] move: Magma Storm|[partiallytrapped]\n|upkeep\n|turn|13\n|\n|t:|1668037982\n|-end|p2a: Heatran|ability: Flash Fire|[silent]\n|switch|p2a: Melmetal|Melmetal|100\/100\n|move|p1a: Goodra|Surf|p2a: Melmetal\n|-damage|p2a: Melmetal|85\/100\n|\n|-end|p1a: Goodra|Magma Storm|[partiallytrapped]|[silent]\n|upkeep\n|turn|14\n|\n|t:|1668037984\n|switch|p1a: Skarmory|Skarmory, M, shiny|100\/100\n|move|p2a: Melmetal|Double Iron Bash|p1a: Skarmory\n|-resisted|p1a: Skarmory\n|-damage|p1a: Skarmory|89\/100\n|-damage|p2a: Melmetal|69\/100|[from] item: Rocky Helmet|[of] p1a: Skarmory\n|-resisted|p1a: Skarmory\n|-damage|p1a: Skarmory|79\/100\n|-damage|p2a: Melmetal|52\/100|[from] item: Rocky Helmet|[of] p1a: Skarmory\n|-hitcount|p1a: Skarmory|2\n|\n|upkeep\n|turn|15\n|\n|t:|1668037989\n|switch|p2a: rotomwash|Rotom-Wash|88\/100 tox\n|move|p1a: Skarmory|Body Press|p2a: rotomwash\n|-damage|p2a: rotomwash|52\/100 tox\n|\n|-heal|p2a: rotomwash|58\/100 tox|[from] item: Leftovers\n|-damage|p2a: rotomwash|52\/100 tox|[from] psn\n|upkeep\n|turn|16\n|\n|t:|1668037993\n|switch|p1a: Goodra|Goodra, M, shiny|59\/100\n|move|p2a: rotomwash|Pain Split|p1a: Goodra\n|-sethp|p1a: Goodra|50\/100|[from] move: Pain Split|[silent]\n|-sethp|p2a: rotomwash|63\/100 tox|[from] move: Pain Split\n|\n|-heal|p2a: rotomwash|69\/100 tox|[from] item: Leftovers\n|-damage|p2a: rotomwash|57\/100 tox|[from] psn\n|upkeep\n|turn|17\n|\n|t:|1668037997\n|move|p2a: rotomwash|Thunderbolt|p1a: Goodra\n|-resisted|p1a: Goodra\n|-damage|p1a: Goodra|43\/100\n|move|p1a: Goodra|Thunderbolt|p2a: rotomwash\n|-crit|p2a: rotomwash\n|-damage|p2a: rotomwash|8\/100 tox\n|\n|-heal|p2a: rotomwash|15\/100 tox|[from] item: Leftovers\n|-damage|p2a: rotomwash|0 fnt|[from] psn\n|faint|p2a: rotomwash\n|upkeep\n|\n|t:|1668037997\n|switch|p2a: Weavile|Weavile, F|100\/100\n|-ability|p2a: Weavile|Pressure\n|turn|18\n|\n|t:|1668038000\n|switch|p1a: Skarmory|Skarmory, M, shiny|79\/100\n|move|p2a: Weavile|Triple Axel|p1a: Skarmory\n|-damage|p1a: Skarmory|69\/100\n|-damage|p2a: Weavile|84\/100|[from] item: Rocky Helmet|[of] p1a: Skarmory\n|-hitcount|p1a: Skarmory|1\n|\n|upkeep\n|turn|19\n|\n|t:|1668038007\n|switch|p2a: Tangrowth|Tangrowth, M|100\/100\n|move|p1a: Skarmory|Roost|p1a: Skarmory\n|-heal|p1a: Skarmory|100\/100\n|-singleturn|p1a: Skarmory|move: Roost\n|\n|upkeep\n|turn|20\n|\n|t:|1668038009\n|switch|p1a: Goodra|Goodra, M, shiny|43\/100\n|move|p2a: Tangrowth|Focus Blast|p1a: Goodra|[miss]\n|-miss|p2a: Tangrowth|p1a: Goodra\n|\n|upkeep\n|turn|21\n|\n|t:|1668038011\n|switch|p2a: landorustherian|Landorus-Therian, M|100\/100\n|-ability|p2a: landorustherian|Intimidate|boost\n|-unboost|p1a: Goodra|atk|1\n|move|p1a: Goodra|Flamethrower|p2a: landorustherian\n|-damage|p2a: landorustherian|78\/100\n|\n|-heal|p2a: landorustherian|84\/100|[from] item: Leftovers\n|upkeep\n|turn|22\n|\n|t:|1668038014\n|switch|p1a: Skarmory|Skarmory, M, shiny|100\/100\n|move|p2a: landorustherian|Earthquake|p1a: Skarmory\n|-immune|p1a: Skarmory\n|\n|-heal|p2a: landorustherian|90\/100|[from] item: Leftovers\n|upkeep\n|turn|23\n|\n|t:|1668038016\n|move|p2a: landorustherian|U-turn|p1a: Skarmory\n|-resisted|p1a: Skarmory\n|-damage|p1a: Skarmory|97\/100\n|-damage|p2a: landorustherian|73\/100|[from] item: Rocky Helmet|[of] p1a: Skarmory\n|\n|t:|1668038016\n|switch|p2a: Tangrowth|Tangrowth, M|100\/100|[from]move: U-turn\n|move|p1a: Skarmory|Toxic|p2a: Tangrowth\n|-status|p2a: Tangrowth|tox\n|\n|-damage|p2a: Tangrowth|94\/100 tox|[from] psn\n|upkeep\n|turn|24\n|\n|t:|1668038019\n|switch|p1a: Goodra|Goodra, M, shiny|43\/100\n|switch|p2a: landorustherian|Landorus-Therian, M|73\/100\n|-ability|p2a: landorustherian|Intimidate|boost\n|-unboost|p1a: Goodra|atk|1\n|\n|-heal|p2a: landorustherian|80\/100|[from] item: Leftovers\n|upkeep\n|turn|25\n|\n|t:|1668038022\n|switch|p1a: Skarmory|Skarmory, M, shiny|97\/100\n|move|p2a: landorustherian|Earthquake|p1a: Skarmory\n|-immune|p1a: Skarmory\n|\n|-heal|p2a: landorustherian|86\/100|[from] item: Leftovers\n|upkeep\n|turn|26\n|\n|t:|1668038027\n|move|p2a: landorustherian|U-turn|p1a: Skarmory\n|-resisted|p1a: Skarmory\n|-crit|p1a: Skarmory\n|-damage|p1a: Skarmory|92\/100\n|-damage|p2a: landorustherian|69\/100|[from] item: Rocky Helmet|[of] p1a: Skarmory\n|\n|t:|1668038027\n|switch|p2a: Tangrowth|Tangrowth, M|100\/100 tox|[from]move: U-turn\n|move|p1a: Skarmory|Toxic|p2a: Tangrowth\n|-fail|p2a: Tangrowth|tox\n|\n|-damage|p2a: Tangrowth|94\/100 tox|[from] psn\n|upkeep\n|turn|27\n|\n|t:|1668038031\n|switch|p2a: landorustherian|Landorus-Therian, M|69\/100\n|-ability|p2a: landorustherian|Intimidate|boost\n|-unboost|p1a: Skarmory|atk|1\n|move|p1a: Skarmory|Body Press|p2a: landorustherian\n|-resisted|p2a: landorustherian\n|-damage|p2a: landorustherian|54\/100\n|\n|-heal|p2a: landorustherian|60\/100|[from] item: Leftovers\n|upkeep\n|turn|28\n|\n|t:|1668038033\n|switch|p1a: Goodra|Goodra, M, shiny|43\/100\n|move|p2a: landorustherian|U-turn|p1a: Goodra\n|-damage|p1a: Goodra|13\/100\n|\n|t:|1668038033\n|switch|p2a: Heatran|Heatran, M|40\/100|[from]move: U-turn\n|\n|upkeep\n|turn|29\n|\n|t:|1668038035\n|move|p2a: Heatran|Earth Power|p1a: Goodra\n|-damage|p1a: Goodra|1\/100\n|move|p1a: Goodra|Surf|p2a: Heatran\n|-supereffective|p2a: Heatran\n|-damage|p2a: Heatran|0 fnt\n|faint|p2a: Heatran\n|\n|upkeep\n|\n|t:|1668038035\n|switch|p2a: Melmetal|Melmetal|52\/100\n|turn|30\n|\n|t:|1668038042\n|move|p1a: Goodra|Flamethrower|p2a: Melmetal\n|-supereffective|p2a: Melmetal\n|-damage|p2a: Melmetal|16\/100\n|move|p2a: Melmetal|Double Iron Bash|p1a: Goodra\n|-damage|p1a: Goodra|0 fnt\n|faint|p1a: Goodra\n|-hitcount|p1: Goodra|1\n|\n|upkeep\n|\n|t:|1668038047\n|switch|p1a: Skarmory|Skarmory, M, shiny|92\/100\n|turn|31\n|\n|t:|1668038048\n|switch|p2a: Tangrowth|Tangrowth, M|100\/100 tox\n|move|p1a: Skarmory|Body Press|p2a: Tangrowth\n|-damage|p2a: Tangrowth|85\/100 tox\n|-damage|p1a: Skarmory|75\/100|[from] item: Rocky Helmet|[of] p2a: Tangrowth\n|\n|-damage|p2a: Tangrowth|79\/100 tox|[from] psn\n|upkeep\n|turn|32\n|\n|t:|1668038051\n|move|p1a: Skarmory|Roost|p1a: Skarmory\n|-heal|p1a: Skarmory|100\/100\n|-singleturn|p1a: Skarmory|move: Roost\n|move|p2a: Tangrowth|Focus Blast|p1a: Skarmory\n|-supereffective|p1a: Skarmory\n|-damage|p1a: Skarmory|20\/100\n|\n|-damage|p2a: Tangrowth|66\/100 tox|[from] psn\n|upkeep\n|turn|33\n|\n|t:|1668038056\n|switch|p2a: landorustherian|Landorus-Therian, M|60\/100\n|-ability|p2a: landorustherian|Intimidate|boost\n|-unboost|p1a: Skarmory|atk|1\n|move|p1a: Skarmory|Roost|p1a: Skarmory\n|-heal|p1a: Skarmory|70\/100\n|-singleturn|p1a: Skarmory|move: Roost\n|\n|-heal|p2a: landorustherian|66\/100|[from] item: Leftovers\n|upkeep\n|turn|34\n|\n|t:|1668038058\n|switch|p2a: Tangrowth|Tangrowth, M|99\/100 tox\n|move|p1a: Skarmory|Toxic|p2a: Tangrowth\n|-fail|p2a: Tangrowth|tox\n|\n|-damage|p2a: Tangrowth|93\/100 tox|[from] psn\n|upkeep\n|turn|35\n|\n|t:|1668038061\n|move|p1a: Skarmory|Roost|p1a: Skarmory\n|-heal|p1a: Skarmory|100\/100\n|-singleturn|p1a: Skarmory|move: Roost\n|move|p2a: Tangrowth|Focus Blast|p1a: Skarmory\n|-supereffective|p1a: Skarmory\n|-damage|p1a: Skarmory|18\/100\n|\n|-damage|p2a: Tangrowth|81\/100 tox|[from] psn\n|upkeep\n|turn|36\n|\n|t:|1668038063\n|move|p1a: Skarmory|Roost|p1a: Skarmory\n|-heal|p1a: Skarmory|68\/100\n|-singleturn|p1a: Skarmory|move: Roost\n|move|p2a: Tangrowth|Focus Blast|p1a: Skarmory\n|-supereffective|p1a: Skarmory\n|-damage|p1a: Skarmory|0 fnt\n|faint|p1a: Skarmory\n|\n|-damage|p2a: Tangrowth|62\/100 tox|[from] psn\n|upkeep\n|\n|t:|1668038065\n|switch|p1a: Incineroar|Incineroar, F, shiny|100\/100\n|-ability|p1a: Incineroar|Intimidate|boost\n|-unboost|p2a: Tangrowth|atk|1\n|turn|37\n|\n|t:|1668038072\n|switch|p2a: landorustherian|Landorus-Therian, M|66\/100\n|-ability|p2a: landorustherian|Intimidate|boost\n|-unboost|p1a: Incineroar|atk|1\n|move|p1a: Incineroar|Flare Blitz|p2a: landorustherian\n|-damage|p2a: landorustherian|35\/100\n|-damage|p1a: Incineroar|90\/100|[from] Recoil\n|\n|-heal|p2a: landorustherian|41\/100|[from] item: Leftovers\n|upkeep\n|turn|38\n|\n|t:|1668038075\n|switch|p1a: Rillaboom|Rillaboom, F, shiny|100\/100\n|-fieldstart|move: Grassy Terrain|[from] ability: Grassy Surge|[of] p1a: Rillaboom\n|move|p2a: landorustherian|Toxic|p1a: Rillaboom\n|-status|p1a: Rillaboom|tox\n|\n|-heal|p2a: landorustherian|47\/100|[from] item: Leftovers\n|-damage|p1a: Rillaboom|94\/100 tox|[from] psn\n|upkeep\n|turn|39\n|\n|t:|1668038077\n|switch|p2a: Tangrowth|Tangrowth, M|96\/100 tox\n|move|p1a: Rillaboom|U-turn|p2a: Tangrowth\n|-supereffective|p2a: Tangrowth\n|-damage|p2a: Tangrowth|51\/100 tox\n|-damage|p1a: Rillaboom|78\/100 tox|[from] item: Rocky Helmet|[of] p2a: Tangrowth\n|\n|t:|1668038080\n|switch|p1a: Incineroar|Incineroar, F, shiny|90\/100|[from]move: U-turn\n|-ability|p1a: Incineroar|Intimidate|boost\n|-unboost|p2a: Tangrowth|atk|1\n|\n|-heal|p1a: Incineroar|97\/100|[from] Grassy Terrain\n|-heal|p2a: Tangrowth|57\/100 tox|[from] Grassy Terrain\n|-damage|p2a: Tangrowth|51\/100 tox|[from] psn\n|upkeep\n|turn|40\n|\n|t:|1668038081\n|switch|p2a: landorustherian|Landorus-Therian, M|47\/100\n|-ability|p2a: landorustherian|Intimidate|boost\n|-unboost|p1a: Incineroar|atk|1\n|move|p1a: Incineroar|Flare Blitz|p2a: landorustherian\n|-damage|p2a: landorustherian|17\/100\n|-damage|p1a: Incineroar|87\/100|[from] Recoil\n|\n|-heal|p2a: landorustherian|23\/100|[from] item: Leftovers\n|-heal|p1a: Incineroar|93\/100|[from] Grassy Terrain\n|upkeep\n|turn|41\n|\n|t:|1668038084\n|switch|p1a: Rillaboom|Rillaboom, F, shiny|78\/100 tox\n|move|p2a: landorustherian|U-turn|p1a: Rillaboom\n|-supereffective|p1a: Rillaboom\n|-damage|p1a: Rillaboom|36\/100 tox\n|\n|t:|1668038084\n|switch|p2a: Weavile|Weavile, F|84\/100|[from]move: U-turn\n|-ability|p2a: Weavile|Pressure\n|\n|-heal|p2a: Weavile|90\/100|[from] Grassy Terrain\n|-heal|p1a: Rillaboom|42\/100 tox|[from] Grassy Terrain\n|-damage|p1a: Rillaboom|36\/100 tox|[from] psn\n|upkeep\n|turn|42\n|\n|t:|1668038086\n|move|p2a: Weavile|Ice Shard|p1a: Rillaboom\n|-supereffective|p1a: Rillaboom\n|-damage|p1a: Rillaboom|0 fnt\n|faint|p1a: Rillaboom\n|\n|-heal|p2a: Weavile|96\/100|[from] Grassy Terrain\n|-fieldend|move: Grassy Terrain\n|upkeep\n|\n|t:|1668038088\n|switch|p1a: Incineroar|Incineroar, F, shiny|93\/100\n|-ability|p1a: Incineroar|Intimidate|boost\n|-unboost|p2a: Weavile|atk|1\n|turn|43\n|\n|t:|1668038089\n|switch|p2a: Tangrowth|Tangrowth, M|84\/100 tox\n|move|p1a: Incineroar|Flare Blitz|p2a: Tangrowth\n|-supereffective|p2a: Tangrowth\n|-damage|p2a: Tangrowth|33\/100 tox\n|-damage|p1a: Incineroar|76\/100|[from] item: Rocky Helmet|[of] p2a: Tangrowth\n|-damage|p1a: Incineroar|59\/100|[from] Recoil\n|\n|-damage|p2a: Tangrowth|27\/100 tox|[from] psn\n|upkeep\n|turn|44\n|\n|t:|1668038092\n|move|p1a: Incineroar|Flare Blitz|p2a: Tangrowth\n|-supereffective|p2a: Tangrowth\n|-damage|p2a: Tangrowth|0 fnt\n|-damage|p1a: Incineroar|42\/100|[from] item: Rocky Helmet|[of] p2a: Tangrowth\n|faint|p2a: Tangrowth\n|-damage|p1a: Incineroar|33\/100|[from] Recoil\n|\n|upkeep\n|\n|t:|1668038092\n|switch|p2a: landorustherian|Landorus-Therian, M|23\/100\n|-ability|p2a: landorustherian|Intimidate|boost\n|-unboost|p1a: Incineroar|atk|1\n|turn|45\n|\n|t:|1668038095\n|move|p2a: landorustherian|Earthquake|p1a: Incineroar\n|-supereffective|p1a: Incineroar\n|-damage|p1a: Incineroar|0 fnt\n|faint|p1a: Incineroar\n|\n|win|minimax_ai\n|raw|Showwwwww's rating: 1483 &rarr; <strong>1460<\/strong><br \/>(-23 for losing)\n|raw|minimax_ai's rating: 1438 &rarr; <strong>1461<\/strong><br \/>(+23 for winning)\n|c|\u2606minimax_ai|gg\n","uploadtime":1668038097,"views":4,"p1id":"showwwwww","p2id":"minimaxai","formatid":"gen8ou","rating":1460,"private":0,"password":null}