{"id":"gen8ou-1644810507","p1":"VivaHonduras","p2":"spidermathou","format":"gen8ou","log":"|j|\u2606VivaHonduras\n|j|\u2606spidermathou\n|t:|1661101051\n|gametype|singles\n|player|p1|VivaHonduras|steven|1654\n|player|p2|spidermathou|blaine|1599\n|teamsize|p1|6\n|teamsize|p2|6\n|gen|8\n|tier|[Gen 8] OU\n|rated|\n|rule|Sleep Clause Mod: Limit one foe put to sleep\n|rule|Species Clause: Limit one of each Pok\u00e9mon\n|rule|OHKO Clause: OHKO moves are banned\n|rule|Evasion Items Clause: Evasion items are banned\n|rule|Evasion Moves Clause: Evasion moves are banned\n|rule|Endless Battle Clause: Forcing endless battles is banned\n|rule|HP Percentage Mod: HP is shown in percentages\n|rule|Dynamax Clause: You cannot dynamax\n|clearpoke\n|poke|p1|Crawdaunt, F|\n|poke|p1|Tornadus-Therian, M|\n|poke|p1|Heatran, F|\n|poke|p1|Melmetal|\n|poke|p1|Rillaboom, F|\n|poke|p1|Garchomp, F|\n|poke|p2|Weavile, M|\n|poke|p2|Gengar, F|\n|poke|p2|Dragapult, F|\n|poke|p2|Landorus-Therian, M|\n|poke|p2|Toxapex, M|\n|poke|p2|Corviknight, F|\n|teampreview\n|inactive|Battle timer is ON: inactive players will automatically lose when time's up. (requested by spidermathou)\n|j| PeaCockRider\n|\n|t:|1661101060\n|start\n|switch|p1a: Crawdaunt|Crawdaunt, F|100\/100\n|switch|p2a: Weavile|Weavile, M, shiny|100\/100\n|-ability|p2a: Weavile|Pressure\n|turn|1\n|\n|t:|1661101067\n|switch|p2a: Toxapex|Toxapex, M|100\/100\n|move|p1a: Crawdaunt|Hydro Pump|p2a: Toxapex\n|-resisted|p2a: Toxapex\n|-crit|p2a: Toxapex\n|-damage|p2a: Toxapex|48\/100\n|-enditem|p2a: Toxapex|Eject Button\n|\n|t:|1661101084\n|switch|p2a: Corviknight|Corviknight, F|100\/100\n|-ability|p2a: Corviknight|Pressure\n|\n|upkeep\n|turn|2\n|\n|t:|1661101088\n|move|p1a: Crawdaunt|Hydro Pump|p2a: Corviknight\n|-damage|p2a: Corviknight|34\/100\n|move|p2a: Corviknight|Bulk Up|p2a: Corviknight\n|-boost|p2a: Corviknight|atk|1\n|-boost|p2a: Corviknight|def|1\n|\n|upkeep\n|turn|3\n|\n|t:|1661101092\n|move|p1a: Crawdaunt|Hydro Pump|p2a: Corviknight\n|-damage|p2a: Corviknight|0 fnt\n|faint|p2a: Corviknight\n|\n|upkeep\n|\n|t:|1661101098\n|switch|p2a: Dragapult|Dragapult, F|100\/100\n|turn|4\n|\n|t:|1661101100\n|switch|p1a: Melmetal|Melmetal|100\/100\n|move|p2a: Dragapult|U-turn|p1a: Melmetal\n|-resisted|p1a: Melmetal\n|-damage|p1a: Melmetal|96\/100\n|\n|t:|1661101110\n|switch|p2a: Gengar|Gengar, F|100\/100|[from]move: U-turn\n|\n|upkeep\n|turn|5\n|\n|t:|1661101115\n|move|p2a: Gengar|Destiny Bond|p2a: Gengar\n|-singlemove|p2a: Gengar|Destiny Bond\n|move|p1a: Melmetal|Double Iron Bash|p2a: Gengar\n|-damage|p2a: Gengar|27\/100\n|-damage|p2a: Gengar|0 fnt\n|-start|p1a: Melmetal|Disable|Double Iron Bash|[from] ability: Cursed Body|[of] p2a: Gengar\n|faint|p2a: Gengar\n|-activate|p2a: Gengar|move: Destiny Bond\n|faint|p1a: Melmetal\n|-hitcount|p2: Gengar|2\n|\n|upkeep\n|\n|t:|1661101128\n|switch|p2a: Landorus|Landorus-Therian, M|100\/100\n|switch|p1a: Crawdaunt|Crawdaunt, F|100\/100\n|-ability|p2a: Landorus|Intimidate|boost\n|-unboost|p1a: Crawdaunt|atk|1\n|turn|6\n|\n|t:|1661101131\n|move|p1a: Crawdaunt|Hydro Pump|p2a: Landorus\n|-supereffective|p2a: Landorus\n|-damage|p2a: Landorus|0 fnt\n|faint|p2a: Landorus\n|\n|upkeep\n|\n|t:|1661101135\n|switch|p2a: Dragapult|Dragapult, F|100\/100\n|turn|7\n|\n|t:|1661101142\n|switch|p1a: Tornadus|Tornadus-Therian, M|100\/100\n|move|p2a: Dragapult|U-turn|p1a: Tornadus\n|-resisted|p1a: Tornadus\n|-damage|p1a: Tornadus|92\/100\n|\n|t:|1661101145\n|switch|p2a: Weavile|Weavile, M, shiny|100\/100|[from]move: U-turn\n|-ability|p2a: Weavile|Pressure\n|\n|upkeep\n|turn|8\n|\n|t:|1661101147\n|move|p2a: Weavile|Triple Axel|p1a: Tornadus|[miss]\n|-miss|p2a: Weavile|p1a: Tornadus\n|move|p1a: Tornadus|U-turn|p2a: Weavile\n|-supereffective|p2a: Weavile\n|-damage|p2a: Weavile|49\/100\n|\n|t:|1661101150\n|switch|p1a: Heatran|Heatran, F|100\/100|[from]move: U-turn\n|\n|upkeep\n|turn|9\n|\n|t:|1661101156\n|switch|p2a: Toxapex|Toxapex, M|81\/100\n|move|p1a: Heatran|Body Press|p2a: Toxapex\n|-resisted|p2a: Toxapex\n|-damage|p2a: Toxapex|73\/100\n|\n|upkeep\n|turn|10\n|\n|t:|1661101165\n|move|p1a: Heatran|Magma Storm|p2a: Toxapex\n|-resisted|p2a: Toxapex\n|-damage|p2a: Toxapex|56\/100\n|-activate|p2a: Toxapex|move: Magma Storm|[of] p1a: Heatran\n|move|p2a: Toxapex|Knock Off|p1a: Heatran\n|-damage|p1a: Heatran|91\/100\n|-status|p2a: Toxapex|brn|[from] ability: Flame Body|[of] p1a: Heatran\n|-enditem|p1a: Heatran|Leftovers|[from] move: Knock Off|[of] p2a: Toxapex\n|\n|-damage|p2a: Toxapex|50\/100 brn|[from] brn\n|-damage|p2a: Toxapex|38\/100 brn|[from] move: Magma Storm|[partiallytrapped]\n|upkeep\n|turn|11\n|\n|t:|1661101169\n|move|p1a: Heatran|Earth Power|p2a: Toxapex\n|-supereffective|p2a: Toxapex\n|-damage|p2a: Toxapex|0 fnt\n|faint|p2a: Toxapex\n|\n|upkeep\n|\n|t:|1661101171\n|switch|p2a: Dragapult|Dragapult, F|100\/100\n|turn|12\n|\n|t:|1661101177\n|switch|p1a: Tornadus|Tornadus-Therian, M|100\/100\n|move|p2a: Dragapult|Shadow Ball|p1a: Tornadus\n|-damage|p1a: Tornadus|43\/100\n|-unboost|p1a: Tornadus|spd|1\n|\n|upkeep\n|turn|13\n|\n|t:|1661101182\n|move|p2a: Dragapult|Shadow Ball|p1a: Tornadus\n|-damage|p1a: Tornadus|0 fnt\n|faint|p1a: Tornadus\n|\n|upkeep\n|\n|t:|1661101183\n|switch|p1a: Crawdaunt|Crawdaunt, F|100\/100\n|turn|14\n|\n|t:|1661101186\n|switch|p2a: Weavile|Weavile, M, shiny|49\/100\n|-ability|p2a: Weavile|Pressure\n|move|p1a: Crawdaunt|Dark Pulse|p2a: Weavile\n|-resisted|p2a: Weavile\n|-damage|p2a: Weavile|6\/100\n|\n|upkeep\n|turn|15\n|\n|t:|1661101189\n|switch|p1a: Heatran|Heatran, F|91\/100\n|move|p2a: Weavile|Triple Axel|p1a: Heatran\n|-resisted|p1a: Heatran\n|-damage|p1a: Heatran|89\/100\n|-resisted|p1a: Heatran\n|-damage|p1a: Heatran|84\/100\n|-hitcount|p1a: Heatran|2\n|\n|upkeep\n|turn|16\n|\n|t:|1661101193\n|switch|p2a: Dragapult|Dragapult, F|100\/100\n|move|p1a: Heatran|Earth Power|p2a: Dragapult\n|-damage|p2a: Dragapult|64\/100\n|\n|upkeep\n|turn|17\n|\n|t:|1661101204\n|move|p2a: Dragapult|Shadow Ball|p1a: Heatran\n|-damage|p1a: Heatran|40\/100\n|move|p1a: Heatran|Earth Power|p2a: Dragapult\n|-damage|p2a: Dragapult|28\/100\n|\n|upkeep\n|turn|18\n|\n|t:|1661101209\n|switch|p1a: Garchomp|Garchomp, F|100\/100\n|move|p2a: Dragapult|Shadow Ball|p1a: Garchomp\n|-crit|p1a: Garchomp\n|-damage|p1a: Garchomp|21\/100\n|\n|upkeep\n|turn|19\n|\n|t:|1661101212\n|move|p2a: Dragapult|Shadow Ball|p1a: Garchomp\n|-damage|p1a: Garchomp|0 fnt\n|faint|p1a: Garchomp\n|\n|upkeep\n|\n|t:|1661101213\n|switch|p1a: Rillaboom|Rillaboom, F|100\/100\n|-fieldstart|move: Grassy Terrain|[from] ability: Grassy Surge|[of] p1a: Rillaboom\n|turn|20\n|\n|t:|1661101215\n|move|p1a: Rillaboom|Grassy Glide|p2a: Dragapult\n|-resisted|p2a: Dragapult\n|-damage|p2a: Dragapult|0 fnt\n|faint|p2a: Dragapult\n|-damage|p1a: Rillaboom|91\/100|[from] item: Life Orb\n|\n|-heal|p1a: Rillaboom|97\/100|[from] Grassy Terrain\n|upkeep\n|\n|t:|1661101218\n|switch|p2a: Weavile|Weavile, M, shiny|6\/100\n|-ability|p2a: Weavile|Pressure\n|turn|21\n|\n|t:|1661101221\n|move|p2a: Weavile|Ice Shard|p1a: Rillaboom\n|-supereffective|p1a: Rillaboom\n|-crit|p1a: Rillaboom\n|-damage|p1a: Rillaboom|1\/100\n|move|p1a: Rillaboom|Superpower|p2a: Weavile\n|-supereffective|p2a: Weavile\n|-damage|p2a: Weavile|0 fnt\n|-unboost|p1a: Rillaboom|atk|1\n|-unboost|p1a: Rillaboom|def|1\n|faint|p2a: Weavile\n|-damage|p1a: Rillaboom|0 fnt|[from] item: Life Orb\n|faint|p1a: Rillaboom\n|\n|win|VivaHonduras\n|raw|VivaHonduras's rating: 1654 &rarr; <strong>1671<\/strong><br \/>(+17 for winning)\n|raw|spidermathou's rating: 1599 &rarr; <strong>1582<\/strong><br \/>(-17 for losing)\n|l|\u2606spidermathou\n","uploadtime":1661101226,"views":16,"p1id":"vivahonduras","p2id":"spidermathou","formatid":"gen8ou","rating":1582,"private":0,"password":null}