{"id":"gen8vgc2021series9-1348762186","p1":"KXF37","p2":"bhkg","format":"gen8vgc2021series9","log":"|j|\u2606KXF37\n|j|\u2606bhkg\n|t:|1622171954\n|gametype|doubles\n|player|p1|KXF37|170|1417\n|player|p2|bhkg|169|1502\n|teamsize|p1|6\n|teamsize|p2|6\n|gen|8\n|tier|[Gen 8] VGC 2021 Series 9\n|rated|\n|rule|Species Clause: Limit one of each Pok\u00e9mon\n|rule|Item Clause: Limit one of each item\n|clearpoke\n|poke|p1|Tapu Fini, L50|\n|poke|p1|Urshifu-*, L50, M|\n|poke|p1|Nihilego, L50|\n|poke|p1|Thundurus, L50, M|\n|poke|p1|Glastrier, L50|\n|poke|p1|Dusclops, L50, F|\n|poke|p2|Dracozolt, L50|\n|poke|p2|Indeedee-F, L50, F|\n|poke|p2|Gigalith, L50, M|\n|poke|p2|Bronzong, L50|\n|poke|p2|Kommo-o, L50, F|\n|poke|p2|Landorus-Therian, L50, M|\n|teampreview|4\n|inactive|Battle timer is ON: inactive players will automatically lose when time's up. (requested by KXF37)\n|j| Enjuuu\n|inactive|KXF37 has 60 seconds left.\n|\n|t:|1622172021\n|start\n|switch|p1a: Thundurus|Thundurus, L50, M|100\/100\n|switch|p1b: Tapu Fini|Tapu Fini, L50|100\/100\n|switch|p2a: Dracozolt|Dracozolt, L50|100\/100\n|switch|p2b: Indeedee|Indeedee-F, L50, F|100\/100\n|-fieldstart|move: Psychic Terrain|[from] ability: Psychic Surge|[of] p2b: Indeedee\n|-fieldstart|move: Misty Terrain|[from] ability: Misty Surge|[of] p1b: Tapu Fini\n|turn|1\n|inactive|KXF37 has 30 seconds left.\n|inactive|KXF37 has 20 seconds left.\n|inactive|KXF37 has 15 seconds left.\n|\n|t:|1622172070\n|-start|p1a: Thundurus|Dynamax\n|-heal|p1a: Thundurus|100\/100|[silent]\n|move|p2b: Indeedee|Follow Me|p2b: Indeedee\n|-singleturn|p2b: Indeedee|move: Follow Me\n|move|p1a: Thundurus|Max Airstream|p2b: Indeedee\n|-damage|p2b: Indeedee|0 fnt\n|-boost|p1a: Thundurus|spe|1\n|-boost|p1b: Tapu Fini|spe|1\n|faint|p2b: Indeedee\n|-damage|p1a: Thundurus|96\/100|[from] item: Life Orb\n|move|p1b: Tapu Fini|Muddy Water|p2a: Dracozolt|[miss]\n|-miss|p1b: Tapu Fini|p2a: Dracozolt\n|move|p2a: Dracozolt|Charge|p2a: Dracozolt\n|-boost|p2a: Dracozolt|spd|1\n|-activate|p2a: Dracozolt|move: Charge\n|\n|upkeep\n|\n|t:|1622172075\n|switch|p2b: Gigalith|Gigalith, L50, M|100\/100\n|-weather|Sandstorm|[from] ability: Sand Stream|[of] p2b: Gigalith\n|turn|2\n|inactive|KXF37 has 30 seconds left.\n|\n|t:|1622172105\n|-start|p2b: Gigalith|Dynamax\n|-heal|p2b: Gigalith|100\/100|[silent]\n|move|p2a: Dracozolt|Bolt Beak|p1a: Thundurus\n|-damage|p1a: Thundurus|0 fnt\n|faint|p1a: Thundurus\n|-damage|p2a: Dracozolt|91\/100|[from] item: Life Orb\n|move|p1b: Tapu Fini|Moonblast|p2a: Dracozolt\n|-supereffective|p2a: Dracozolt\n|-damage|p2a: Dracozolt|11\/100\n|move|p2b: Gigalith|Max Steelspike|p1b: Tapu Fini\n|-damage|p1b: Tapu Fini|59\/100\n|-boost|p2a: Dracozolt|def|1\n|-boost|p2b: Gigalith|def|1\n|\n|-weather|Sandstorm|[upkeep]\n|-damage|p1b: Tapu Fini|53\/100|[from] Sandstorm\n|-heal|p1b: Tapu Fini|59\/100|[from] item: Leftovers\n|upkeep\n|\n|t:|1622172125\n|switch|p1a: Glastrier|Glastrier, L50|100\/100\n|turn|3\n|inactive|bhkg has 30 seconds left.\n|inactive|bhkg has 20 seconds left.\n|inactive|bhkg has 15 seconds left.\n|\n|t:|1622172167\n|move|p2a: Dracozolt|Protect|p2a: Dracozolt\n|-singleturn|p2a: Dracozolt|Protect\n|move|p1b: Tapu Fini|Protect|p1b: Tapu Fini\n|-singleturn|p1b: Tapu Fini|Protect\n|move|p1a: Glastrier|Protect|p1a: Glastrier\n|-singleturn|p1a: Glastrier|Protect\n|move|p2b: Gigalith|Max Steelspike|p1b: Tapu Fini\n|-zbroken|p1b: Tapu Fini\n|-damage|p1b: Tapu Fini|48\/100\n|-boost|p2a: Dracozolt|def|1\n|-boost|p2b: Gigalith|def|1\n|\n|-weather|Sandstorm|[upkeep]\n|-damage|p1b: Tapu Fini|42\/100|[from] Sandstorm\n|-damage|p1a: Glastrier|95\/100|[from] Sandstorm\n|-heal|p1b: Tapu Fini|48\/100|[from] item: Leftovers\n|upkeep\n|turn|4\n|inactive|KXF37 has 30 seconds left.\n|inactive|KXF37 has 20 seconds left.\n|\n|t:|1622172206\n|switch|p1a: Dusclops|Dusclops, L50, F|100\/100\n|-item|p2a: Dracozolt|Life Orb|[from] ability: Frisk|[of] p1a: Dusclops|[identify]\n|-item|p2b: Gigalith|Weakness Policy|[from] ability: Frisk|[of] p1a: Dusclops|[identify]\n|move|p2a: Dracozolt|Bolt Beak|p1b: Tapu Fini\n|-supereffective|p1b: Tapu Fini\n|-damage|p1b: Tapu Fini|0 fnt\n|faint|p1b: Tapu Fini\n|-damage|p2a: Dracozolt|1\/100|[from] item: Life Orb\n|move|p2b: Gigalith|Max Rockfall|p1a: Dusclops\n|-damage|p1a: Dusclops|58\/100\n|\n|-weather|Sandstorm|[upkeep]\n|-damage|p1a: Dusclops|52\/100|[from] Sandstorm\n|-end|p2b: Gigalith|Dynamax\n|-heal|p2b: Gigalith|100\/100|[silent]\n|upkeep\n|\n|t:|1622172226\n|switch|p1b: Glastrier|Glastrier, L50|95\/100\n|turn|5\n|\n|t:|1622172236\n|move|p1b: Glastrier|Protect|p1b: Glastrier\n|-singleturn|p1b: Glastrier|Protect\n|move|p2a: Dracozolt|Bolt Beak|p1b: Glastrier\n|-activate|p1b: Glastrier|move: Protect\n|move|p2b: Gigalith|Stone Edge|p1b: Glastrier\n|-activate|p1b: Glastrier|move: Protect\n|move|p1a: Dusclops|Pain Split|p2b: Gigalith\n|-sethp|p2b: Gigalith|70\/100|[from] move: Pain Split|[silent]\n|-sethp|p1a: Dusclops|91\/100|[from] move: Pain Split\n|\n|-weather|Sandstorm|[upkeep]\n|-damage|p1b: Glastrier|89\/100|[from] Sandstorm\n|-damage|p1a: Dusclops|85\/100|[from] Sandstorm\n|-fieldend|Misty Terrain\n|upkeep\n|turn|6\n|inactive|KXF37 has 30 seconds left.\n|inactive|KXF37 has 20 seconds left.\n|inactive|KXF37 has 15 seconds left.\n|\n|t:|1622172277\n|move|p2a: Dracozolt|Bolt Beak|p1b: Glastrier\n|-damage|p1b: Glastrier|17\/100\n|-damage|p2a: Dracozolt|0 fnt|[from] item: Life Orb\n|faint|p2a: Dracozolt\n|move|p1b: Glastrier|Heavy Slam|p2b: Gigalith\n|-supereffective|p2b: Gigalith\n|-damage|p2b: Gigalith|44\/100\n|-enditem|p2b: Gigalith|Weakness Policy\n|-boost|p2b: Gigalith|atk|2|[from] item: Weakness Policy\n|-boost|p2b: Gigalith|spa|2|[from] item: Weakness Policy\n|move|p2b: Gigalith|Stone Edge|p1b: Glastrier\n|-supereffective|p1b: Glastrier\n|-damage|p1b: Glastrier|0 fnt\n|faint|p1b: Glastrier\n|move|p1a: Dusclops|Night Shade|p2b: Gigalith\n|-damage|p2b: Gigalith|18\/100\n|\n|-weather|none\n|upkeep\n|\n|t:|1622172281\n|switch|p2a: Landorus|Landorus-Therian, L50, M|100\/100\n|-ability|p2a: Landorus|Intimidate|boost\n|-unboost|p1a: Dusclops|atk|1\n|turn|7\n|\n|t:|1622172299\n|move|p2a: Landorus|Rock Slide|p1a: Dusclops\n|-damage|p1a: Dusclops|69\/100\n|move|p2b: Gigalith|Iron Head|p1a: Dusclops\n|-damage|p1a: Dusclops|37\/100\n|cant|p1a: Dusclops|flinch\n|\n|upkeep\n|turn|8\n|-message|KXF37 forfeited.\n|\n|win|bhkg\n|raw|KXF37's rating: 1400 &rarr; <strong>1386<\/strong><br \/>(-14 for losing)\n|raw|bhkg's rating: 1502 &rarr; <strong>1516<\/strong><br \/>(+14 for winning)\n|l|\u2606KXF37\n|c|\u2606bhkg|gg\n","uploadtime":1622172413,"views":6,"p1id":"kxf37","p2id":"bhkg","formatid":"gen8vgc2021series9","rating":1386,"private":0,"password":null}