{"id":"gen8bdspou-1515820171","p1":"UltraBallzz","p2":"Ill Leave","format":"gen8bdspou","log":"|j|\u2606UltraBallzz\n|j|\u2606Ill Leave\n|t:|1645466191\n|gametype|singles\n|player|p1|UltraBallzz|#splxbigs|1677\n|player|p2|Ill Leave|janine|1555\n|teamsize|p1|6\n|teamsize|p2|6\n|gen|8\n|tier|[Gen 8 BDSP] OU\n|rated|\n|rule|Sleep Clause Mod: Limit one foe put to sleep\n|rule|Species Clause: Limit one of each Pok\u00e9mon\n|rule|OHKO Clause: OHKO moves are banned\n|rule|Evasion Moves Clause: Evasion moves are banned\n|rule|Endless Battle Clause: Forcing endless battles is banned\n|rule|HP Percentage Mod: HP is shown in percentages\n|clearpoke\n|poke|p1|Gliscor, M|\n|poke|p1|Rotom-Wash|\n|poke|p1|Scizor, F|\n|poke|p1|Breloom, F|\n|poke|p1|Latios, M|\n|poke|p1|Heatran, M|\n|poke|p2|Bronzong|\n|poke|p2|Raikou|\n|poke|p2|Drapion, F|\n|poke|p2|Tangrowth, F|\n|poke|p2|Rotom-Wash|\n|poke|p2|Heatran, M|\n|teampreview\n|\n|t:|1645466196\n|start\n|switch|p1a: Rotom|Rotom-Wash|100\/100\n|switch|p2a: Tangrowth|Tangrowth, F|100\/100\n|turn|1\n|\n|t:|1645466199\n|move|p1a: Rotom|Protect|p1a: Rotom\n|-singleturn|p1a: Rotom|Protect\n|move|p2a: Tangrowth|Knock Off|p1a: Rotom\n|-activate|p1a: Rotom|move: Protect\n|\n|upkeep\n|turn|2\n|\n|t:|1645466209\n|move|p1a: Rotom|Volt Switch|p2a: Tangrowth\n|-resisted|p2a: Tangrowth\n|-damage|p2a: Tangrowth|81\/100\n|\n|t:|1645466210\n|switch|p1a: Scizor|Scizor, F|100\/100|[from]move: Volt Switch\n|move|p2a: Tangrowth|Knock Off|p1a: Scizor\n|-crit|p1a: Scizor\n|-damage|p1a: Scizor|69\/100\n|-enditem|p1a: Scizor|Leftovers|[from] move: Knock Off|[of] p2a: Tangrowth\n|\n|upkeep\n|turn|3\n|\n|t:|1645466217\n|move|p2a: Tangrowth|Leech Seed|p1a: Scizor\n|-start|p1a: Scizor|move: Leech Seed\n|move|p1a: Scizor|Roost|p1a: Scizor\n|-heal|p1a: Scizor|100\/100\n|-singleturn|p1a: Scizor|move: Roost\n|\n|-damage|p1a: Scizor|88\/100|[from] Leech Seed|[of] p2a: Tangrowth\n|-heal|p2a: Tangrowth|92\/100|[silent]\n|upkeep\n|turn|4\n|\n|t:|1645466221\n|switch|p2a: Heatran|Heatran, M|100\/100\n|move|p1a: Scizor|U-turn|p2a: Heatran\n|-resisted|p2a: Heatran\n|-damage|p2a: Heatran|94\/100\n|\n|t:|1645466224\n|switch|p1a: Gliscor|Gliscor, M|100\/100|[from]move: U-turn\n|\n|-heal|p2a: Heatran|99\/100|[from] item: Leftovers\n|-status|p1a: Gliscor|tox|[from] item: Toxic Orb\n|upkeep\n|turn|5\n|\n|t:|1645466229\n|switch|p2a: Tangrowth|Tangrowth, F|100\/100\n|move|p1a: Gliscor|Knock Off|p2a: Tangrowth\n|-damage|p2a: Tangrowth|93\/100\n|\n|upkeep\n|turn|6\n|\n|t:|1645466235\n|move|p1a: Gliscor|Stealth Rock|p2a: Tangrowth\n|-sidestart|p2: Ill Leave|move: Stealth Rock\n|move|p2a: Tangrowth|Leech Seed|p1a: Gliscor\n|-start|p1a: Gliscor|move: Leech Seed\n|\n|-damage|p1a: Gliscor|88\/100 tox|[from] Leech Seed|[of] p2a: Tangrowth\n|-heal|p2a: Tangrowth|100\/100|[silent]\n|-heal|p1a: Gliscor|100\/100 tox|[from] ability: Poison Heal\n|upkeep\n|turn|7\n|j| Lutad0r\n|\n|t:|1645466248\n|switch|p1a: Scizor|Scizor, F|88\/100\n|move|p2a: Tangrowth|Earthquake|p1a: Scizor\n|-damage|p1a: Scizor|67\/100\n|\n|upkeep\n|turn|8\n|\n|t:|1645466254\n|move|p2a: Tangrowth|Leech Seed|p1a: Scizor\n|-start|p1a: Scizor|move: Leech Seed\n|move|p1a: Scizor|U-turn|p2a: Tangrowth\n|-supereffective|p2a: Tangrowth\n|-damage|p2a: Tangrowth|68\/100\n|\n|t:|1645466260\n|switch|p1a: Heatran|Heatran, M|100\/100|[from]move: U-turn\n|\n|upkeep\n|turn|9\n|\n|t:|1645466265\n|switch|p2a: Rotom|Rotom-Wash|100\/100\n|-damage|p2a: Rotom|88\/100|[from] Stealth Rock\n|move|p1a: Heatran|Fire Blast|p2a: Rotom\n|-resisted|p2a: Rotom\n|-damage|p2a: Rotom|59\/100\n|\n|-heal|p2a: Rotom|65\/100|[from] item: Leftovers\n|upkeep\n|turn|10\n|\n|t:|1645466271\n|switch|p1a: Latios|Latios, M|100\/100\n|move|p2a: Rotom|Volt Switch|p1a: Latios\n|-resisted|p1a: Latios\n|-damage|p1a: Latios|88\/100\n|\n|t:|1645466274\n|switch|p2a: Bronzong|Bronzong|100\/100|[from]move: Volt Switch\n|-damage|p2a: Bronzong|94\/100|[from] Stealth Rock\n|\n|-heal|p2a: Bronzong|100\/100|[from] item: Leftovers\n|upkeep\n|turn|11\n|\n|t:|1645466283\n|switch|p1a: Heatran|Heatran, M|100\/100\n|move|p2a: Bronzong|Stealth Rock|p1a: Heatran\n|-sidestart|p1: UltraBallzz|move: Stealth Rock\n|\n|upkeep\n|turn|12\n|\n|t:|1645466287\n|switch|p2a: Rotom|Rotom-Wash|65\/100\n|-damage|p2a: Rotom|53\/100|[from] Stealth Rock\n|move|p1a: Heatran|Fire Blast|p2a: Rotom\n|-resisted|p2a: Rotom\n|-damage|p2a: Rotom|20\/100\n|\n|-heal|p2a: Rotom|26\/100|[from] item: Leftovers\n|upkeep\n|turn|13\n|\n|t:|1645466290\n|switch|p2a: Heatran|Heatran, M|99\/100\n|-damage|p2a: Heatran|88\/100|[from] Stealth Rock\n|move|p1a: Heatran|Fire Blast|p2a: Heatran\n|-start|p2a: Heatran|ability: Flash Fire\n|\n|-heal|p2a: Heatran|94\/100|[from] item: Leftovers\n|upkeep\n|turn|14\n|\n|t:|1645466296\n|switch|p1a: Latios|Latios, M|88\/100\n|-damage|p1a: Latios|75\/100|[from] Stealth Rock\n|move|p2a: Heatran|Substitute|p2a: Heatran\n|-start|p2a: Heatran|Substitute\n|-damage|p2a: Heatran|69\/100\n|\n|-heal|p2a: Heatran|75\/100|[from] item: Leftovers\n|upkeep\n|turn|15\n|\n|t:|1645466299\n|move|p1a: Latios|Surf|p2a: Heatran\n|-supereffective|p2a: Heatran\n|-end|p2a: Heatran|Substitute\n|move|p2a: Heatran|Magma Storm|p1a: Latios\n|-resisted|p1a: Latios\n|-damage|p1a: Latios|43\/100\n|-activate|p1a: Latios|move: Magma Storm|[of] p2a: Heatran\n|\n|-heal|p2a: Heatran|82\/100|[from] item: Leftovers\n|-damage|p1a: Latios|31\/100|[from] move: Magma Storm|[partiallytrapped]\n|upkeep\n|turn|16\n|\n|t:|1645466308\n|move|p2a: Heatran|Protect|p2a: Heatran\n|-singleturn|p2a: Heatran|Protect\n|move|p1a: Latios|Surf|p2a: Heatran\n|-activate|p2a: Heatran|move: Protect\n|\n|-heal|p2a: Heatran|88\/100|[from] item: Leftovers\n|-damage|p1a: Latios|18\/100|[from] move: Magma Storm|[partiallytrapped]\n|upkeep\n|turn|17\n|\n|t:|1645466313\n|move|p1a: Latios|Surf|p2a: Heatran\n|-supereffective|p2a: Heatran\n|-damage|p2a: Heatran|29\/100\n|move|p2a: Heatran|Substitute|p2a: Heatran\n|-start|p2a: Heatran|Substitute\n|-damage|p2a: Heatran|4\/100\n|\n|-heal|p2a: Heatran|10\/100|[from] item: Leftovers\n|-damage|p1a: Latios|6\/100|[from] move: Magma Storm|[partiallytrapped]\n|upkeep\n|turn|18\n|\n|t:|1645466321\n|move|p2a: Heatran|Protect|p2a: Heatran\n|-singleturn|p2a: Heatran|Protect\n|move|p1a: Latios|Surf|p2a: Heatran\n|-activate|p2a: Heatran|move: Protect\n|\n|-heal|p2a: Heatran|16\/100|[from] item: Leftovers\n|-damage|p1a: Latios|0 fnt|[from] move: Magma Storm|[partiallytrapped]\n|faint|p1a: Latios\n|upkeep\n|\n|t:|1645466329\n|switch|p1a: Rotom|Rotom-Wash|100\/100\n|-damage|p1a: Rotom|88\/100|[from] Stealth Rock\n|turn|19\n|\n|t:|1645466334\n|move|p1a: Rotom|Hydro Pump|p2a: Heatran\n|-supereffective|p2a: Heatran\n|-end|p2a: Heatran|Substitute\n|move|p2a: Heatran|Magma Storm|p1a: Rotom|[miss]\n|-miss|p2a: Heatran|p1a: Rotom\n|\n|-heal|p1a: Rotom|94\/100|[from] item: Leftovers\n|-heal|p2a: Heatran|23\/100|[from] item: Leftovers\n|upkeep\n|turn|20\n|\n|t:|1645466339\n|move|p2a: Heatran|Protect|p2a: Heatran\n|-singleturn|p2a: Heatran|Protect\n|move|p1a: Rotom|Hydro Pump|p2a: Heatran\n|-activate|p2a: Heatran|move: Protect\n|\n|-heal|p1a: Rotom|99\/100|[from] item: Leftovers\n|-heal|p2a: Heatran|29\/100|[from] item: Leftovers\n|upkeep\n|turn|21\n|\n|t:|1645466343\n|-end|p2a: Heatran|ability: Flash Fire|[silent]\n|switch|p2a: Bronzong|Bronzong|100\/100\n|-damage|p2a: Bronzong|94\/100|[from] Stealth Rock\n|move|p1a: Rotom|Hydro Pump|p2a: Bronzong\n|-damage|p2a: Bronzong|69\/100\n|\n|-heal|p1a: Rotom|100\/100|[from] item: Leftovers\n|-heal|p2a: Bronzong|75\/100|[from] item: Leftovers\n|upkeep\n|turn|22\n|j| SighOfReprieve\n|\n|t:|1645466354\n|move|p1a: Rotom|Will-O-Wisp|p2a: Bronzong\n|-status|p2a: Bronzong|brn\n|move|p2a: Bronzong|Psychic|p1a: Rotom\n|-damage|p1a: Rotom|72\/100\n|\n|-heal|p1a: Rotom|78\/100|[from] item: Leftovers\n|-heal|p2a: Bronzong|81\/100 brn|[from] item: Leftovers\n|-damage|p2a: Bronzong|75\/100 brn|[from] brn\n|upkeep\n|turn|23\n|\n|t:|1645466358\n|move|p1a: Rotom|Protect|p1a: Rotom\n|-singleturn|p1a: Rotom|Protect\n|move|p2a: Bronzong|Psychic|p1a: Rotom\n|-activate|p1a: Rotom|move: Protect\n|\n|-heal|p1a: Rotom|84\/100|[from] item: Leftovers\n|-heal|p2a: Bronzong|81\/100 brn|[from] item: Leftovers\n|-damage|p2a: Bronzong|75\/100 brn|[from] brn\n|upkeep\n|turn|24\n|\n|t:|1645466361\n|move|p1a: Rotom|Volt Switch|p2a: Bronzong\n|-damage|p2a: Bronzong|59\/100 brn\n|\n|t:|1645466363\n|switch|p1a: Gliscor|Gliscor, M|100\/100 tox|[from]move: Volt Switch\n|-damage|p1a: Gliscor|88\/100 tox|[from] Stealth Rock\n|move|p2a: Bronzong|Psychic|p1a: Gliscor\n|-damage|p1a: Gliscor|63\/100 tox\n|\n|-heal|p2a: Bronzong|66\/100 brn|[from] item: Leftovers\n|-heal|p1a: Gliscor|75\/100 tox|[from] ability: Poison Heal\n|-damage|p2a: Bronzong|59\/100 brn|[from] brn\n|upkeep\n|turn|25\n|\n|t:|1645466367\n|switch|p2a: Tangrowth|Tangrowth, F|100\/100\n|-damage|p2a: Tangrowth|88\/100|[from] Stealth Rock\n|move|p1a: Gliscor|Knock Off|p2a: Tangrowth\n|-damage|p2a: Tangrowth|80\/100\n|\n|-heal|p1a: Gliscor|88\/100 tox|[from] ability: Poison Heal\n|upkeep\n|turn|26\n|\n|t:|1645466374\n|move|p1a: Gliscor|Earthquake|p2a: Tangrowth\n|-resisted|p2a: Tangrowth\n|-damage|p2a: Tangrowth|71\/100\n|move|p2a: Tangrowth|Leech Seed|p1a: Gliscor\n|-start|p1a: Gliscor|move: Leech Seed\n|\n|-damage|p1a: Gliscor|75\/100 tox|[from] Leech Seed|[of] p2a: Tangrowth\n|-heal|p2a: Tangrowth|82\/100|[silent]\n|-heal|p1a: Gliscor|88\/100 tox|[from] ability: Poison Heal\n|upkeep\n|turn|27\n|\n|t:|1645466380\n|switch|p1a: Scizor|Scizor, F|67\/100\n|-damage|p1a: Scizor|55\/100|[from] Stealth Rock\n|move|p2a: Tangrowth|Earthquake|p1a: Scizor\n|-damage|p1a: Scizor|33\/100\n|\n|upkeep\n|turn|28\n|\n|t:|1645466385\n|switch|p2a: Heatran|Heatran, M|29\/100\n|-damage|p2a: Heatran|16\/100|[from] Stealth Rock\n|move|p1a: Scizor|Roost|p1a: Scizor\n|-heal|p1a: Scizor|83\/100\n|-singleturn|p1a: Scizor|move: Roost\n|\n|-heal|p2a: Heatran|23\/100|[from] item: Leftovers\n|upkeep\n|turn|29\n|\n|t:|1645466389\n|switch|p1a: Gliscor|Gliscor, M|88\/100 tox\n|-damage|p1a: Gliscor|75\/100 tox|[from] Stealth Rock\n|move|p2a: Heatran|Magma Storm|p1a: Gliscor\n|-damage|p1a: Gliscor|30\/100 tox\n|-activate|p1a: Gliscor|move: Magma Storm|[of] p2a: Heatran\n|\n|-heal|p2a: Heatran|29\/100|[from] item: Leftovers\n|-heal|p1a: Gliscor|43\/100 tox|[from] ability: Poison Heal\n|-damage|p1a: Gliscor|30\/100 tox|[from] move: Magma Storm|[partiallytrapped]\n|upkeep\n|turn|30\n|\n|t:|1645466400\n|switch|p2a: Rotom|Rotom-Wash|26\/100\n|-damage|p2a: Rotom|14\/100|[from] Stealth Rock\n|move|p1a: Gliscor|Earthquake|p2a: Rotom\n|-immune|p2a: Rotom|[from] ability: Levitate\n|\n|-heal|p2a: Rotom|20\/100|[from] item: Leftovers\n|-heal|p1a: Gliscor|43\/100 tox|[from] ability: Poison Heal\n|-end|p1a: Gliscor|Magma Storm|[partiallytrapped]|[silent]\n|upkeep\n|turn|31\n|\n|t:|1645466406\n|move|p1a: Gliscor|Knock Off|p2a: Rotom\n|-damage|p2a: Rotom|2\/100\n|-enditem|p2a: Rotom|Leftovers|[from] move: Knock Off|[of] p1a: Gliscor\n|move|p2a: Rotom|Hydro Pump|p1a: Gliscor\n|-supereffective|p1a: Gliscor\n|-damage|p1a: Gliscor|0 fnt\n|faint|p1a: Gliscor\n|\n|upkeep\n|\n|t:|1645466412\n|switch|p1a: Breloom|Breloom, F|100\/100\n|-damage|p1a: Breloom|94\/100|[from] Stealth Rock\n|turn|32\n|\n|t:|1645466414\n|move|p2a: Rotom|Volt Switch|p1a: Breloom\n|-resisted|p1a: Breloom\n|-damage|p1a: Breloom|70\/100\n|\n|t:|1645466417\n|switch|p2a: Tangrowth|Tangrowth, F|100\/100|[from]move: Volt Switch\n|-damage|p2a: Tangrowth|88\/100|[from] Stealth Rock\n|move|p1a: Breloom|Substitute|p1a: Breloom\n|-start|p1a: Breloom|Substitute\n|-damage|p1a: Breloom|45\/100\n|\n|-status|p1a: Breloom|tox|[from] item: Toxic Orb\n|upkeep\n|turn|33\n|\n|t:|1645466421\n|-singleturn|p1a: Breloom|move: Focus Punch\n|move|p2a: Tangrowth|Giga Drain|p1a: Breloom\n|-resisted|p1a: Breloom\n|-activate|p1a: Breloom|move: Substitute|[damage]\n|-heal|p2a: Tangrowth|97\/100|[from] drain|[of] p1a: Breloom\n|move|p1a: Breloom|Focus Punch|p2a: Tangrowth\n|-damage|p2a: Tangrowth|52\/100\n|\n|-heal|p1a: Breloom|58\/100 tox|[from] ability: Poison Heal\n|upkeep\n|turn|34\n|\n|t:|1645466432\n|-singleturn|p1a: Breloom|move: Focus Punch\n|move|p2a: Tangrowth|Giga Drain|p1a: Breloom\n|-resisted|p1a: Breloom\n|-end|p1a: Breloom|Substitute\n|-heal|p2a: Tangrowth|53\/100|[from] drain|[of] p1a: Breloom\n|move|p1a: Breloom|Focus Punch|p2a: Tangrowth\n|-damage|p2a: Tangrowth|7\/100\n|\n|-heal|p1a: Breloom|70\/100 tox|[from] ability: Poison Heal\n|upkeep\n|turn|35\n|\n|t:|1645466441\n|move|p1a: Breloom|Substitute|p1a: Breloom\n|-start|p1a: Breloom|Substitute\n|-damage|p1a: Breloom|45\/100 tox\n|move|p2a: Tangrowth|Giga Drain|p1a: Breloom\n|-resisted|p1a: Breloom\n|-end|p1a: Breloom|Substitute\n|-heal|p2a: Tangrowth|16\/100|[from] drain|[of] p1a: Breloom\n|\n|-heal|p1a: Breloom|58\/100 tox|[from] ability: Poison Heal\n|upkeep\n|turn|36\n|\n|t:|1645466444\n|move|p1a: Breloom|Substitute|p1a: Breloom\n|-start|p1a: Breloom|Substitute\n|-damage|p1a: Breloom|33\/100 tox\n|move|p2a: Tangrowth|Giga Drain|p1a: Breloom\n|-resisted|p1a: Breloom\n|-end|p1a: Breloom|Substitute\n|-heal|p2a: Tangrowth|25\/100|[from] drain|[of] p1a: Breloom\n|\n|-heal|p1a: Breloom|45\/100 tox|[from] ability: Poison Heal\n|upkeep\n|turn|37\n|\n|t:|1645466448\n|switch|p1a: Heatran|Heatran, M|100\/100\n|-damage|p1a: Heatran|88\/100|[from] Stealth Rock\n|move|p2a: Tangrowth|Giga Drain|p1a: Heatran\n|-resisted|p1a: Heatran\n|-damage|p1a: Heatran|82\/100\n|-heal|p2a: Tangrowth|28\/100|[from] drain|[of] p1a: Heatran\n|\n|upkeep\n|turn|38\n|\n|t:|1645466469\n|move|p1a: Heatran|Flash Cannon|p2a: Tangrowth\n|-crit|p2a: Tangrowth\n|-damage|p2a: Tangrowth|0 fnt\n|faint|p2a: Tangrowth\n|\n|upkeep\n|\n|t:|1645466474\n|switch|p2a: Raikou|Raikou|100\/100\n|-damage|p2a: Raikou|88\/100|[from] Stealth Rock\n|turn|39\n|\n|t:|1645466478\n|switch|p1a: Scizor|Scizor, F|83\/100\n|-damage|p1a: Scizor|71\/100|[from] Stealth Rock\n|move|p2a: Raikou|Thunderbolt|p1a: Scizor\n|-crit|p1a: Scizor\n|-damage|p1a: Scizor|0 fnt\n|faint|p1a: Scizor\n|\n|upkeep\n|\n|t:|1645466484\n|switch|p1a: Heatran|Heatran, M|82\/100\n|-damage|p1a: Heatran|69\/100|[from] Stealth Rock\n|turn|40\n|\n|t:|1645466488\n|move|p1a: Heatran|Earth Power|p2a: Raikou\n|-supereffective|p2a: Raikou\n|-damage|p2a: Raikou|16\/100\n|move|p2a: Raikou|Thunderbolt|p1a: Heatran\n|-damage|p1a: Heatran|22\/100\n|\n|upkeep\n|turn|41\n|\n|t:|1645466496\n|switch|p2a: Bronzong|Bronzong|59\/100 brn\n|-damage|p2a: Bronzong|53\/100 brn|[from] Stealth Rock\n|move|p1a: Heatran|Earth Power|p2a: Bronzong\n|-immune|p2a: Bronzong|[from] ability: Levitate\n|\n|-heal|p2a: Bronzong|59\/100 brn|[from] item: Leftovers\n|-damage|p2a: Bronzong|53\/100 brn|[from] brn\n|upkeep\n|turn|42\n|\n|t:|1645466500\n|switch|p1a: Rotom|Rotom-Wash|84\/100\n|-damage|p1a: Rotom|72\/100|[from] Stealth Rock\n|move|p2a: Bronzong|Psychic|p1a: Rotom\n|-damage|p1a: Rotom|43\/100\n|\n|-heal|p1a: Rotom|49\/100|[from] item: Leftovers\n|-heal|p2a: Bronzong|59\/100 brn|[from] item: Leftovers\n|-damage|p2a: Bronzong|53\/100 brn|[from] brn\n|upkeep\n|turn|43\n|\n|t:|1645466504\n|move|p1a: Rotom|Hydro Pump|p2a: Bronzong\n|-damage|p2a: Bronzong|27\/100 brn\n|move|p2a: Bronzong|Psychic|p1a: Rotom\n|-crit|p1a: Rotom\n|-damage|p1a: Rotom|5\/100\n|\n|-heal|p1a: Rotom|11\/100|[from] item: Leftovers\n|-heal|p2a: Bronzong|33\/100 brn|[from] item: Leftovers\n|-damage|p2a: Bronzong|27\/100 brn|[from] brn\n|upkeep\n|turn|44\n|\n|t:|1645466513\n|move|p1a: Rotom|Hydro Pump|p2a: Bronzong\n|-damage|p2a: Bronzong|0 fnt\n|faint|p2a: Bronzong\n|\n|-heal|p1a: Rotom|17\/100|[from] item: Leftovers\n|upkeep\n|\n|t:|1645466518\n|switch|p2a: Drapion|Drapion, F|100\/100\n|-damage|p2a: Drapion|88\/100|[from] Stealth Rock\n|turn|45\n|\n|t:|1645466522\n|move|p1a: Rotom|Protect|p1a: Rotom\n|-singleturn|p1a: Rotom|Protect\n|move|p2a: Drapion|Knock Off|p1a: Rotom\n|-activate|p1a: Rotom|move: Protect\n|\n|-heal|p2a: Drapion|94\/100|[from] item: Black Sludge\n|-heal|p1a: Rotom|23\/100|[from] item: Leftovers\n|upkeep\n|turn|46\n|\n|t:|1645466526\n|move|p2a: Drapion|Knock Off|p1a: Rotom\n|-damage|p1a: Rotom|0 fnt\n|-enditem|p1a: Rotom|Leftovers|[from] move: Knock Off|[of] p2a: Drapion\n|faint|p1a: Rotom\n|\n|-heal|p2a: Drapion|100\/100|[from] item: Black Sludge\n|upkeep\n|\n|t:|1645466536\n|switch|p1a: Breloom|Breloom, F|45\/100 tox\n|-damage|p1a: Breloom|39\/100 tox|[from] Stealth Rock\n|turn|47\n|\n|t:|1645466539\n|-singleturn|p1a: Breloom|move: Focus Punch\n|move|p2a: Drapion|Poison Jab|p1a: Breloom\n|-supereffective|p1a: Breloom\n|-damage|p1a: Breloom|0 fnt\n|faint|p1a: Breloom\n|\n|upkeep\n|\n|t:|1645466541\n|switch|p1a: Heatran|Heatran, M|22\/100\n|-damage|p1a: Heatran|9\/100|[from] Stealth Rock\n|turn|48\n|\n|t:|1645466548\n|move|p1a: Heatran|Earth Power|p2a: Drapion\n|-supereffective|p2a: Drapion\n|-damage|p2a: Drapion|20\/100\n|-unboost|p2a: Drapion|spd|1\n|move|p2a: Drapion|Knock Off|p1a: Heatran\n|-damage|p1a: Heatran|0 fnt\n|-enditem|p1a: Heatran|Choice Scarf|[from] move: Knock Off|[of] p2a: Drapion\n|faint|p1a: Heatran\n|\n|win|Ill Leave\n|raw|UltraBallzz's rating: 1677 &rarr; <strong>1650<\/strong><br \/>(-27 for losing)\n|raw|Ill Leave's rating: 1555 &rarr; <strong>1582<\/strong><br \/>(+27 for winning)\n|l|\u2606UltraBallzz\n","uploadtime":1645466554,"views":17,"p1id":"ultraballzz","p2id":"illleave","formatid":"gen8bdspou","rating":1582,"private":0,"password":null}