{"id":"gen8ou-1664264561","p1":"bizarman","p2":"Tzh123","format":"gen8ou","log":"|j|\u2606bizarman\n|j|\u2606Tzh123\n|t:|1663178811\n|gametype|singles\n|player|p1|bizarman|scientist-gen4|1819\n|player|p2|Tzh123|scientist|1687\n|teamsize|p1|6\n|teamsize|p2|6\n|gen|8\n|tier|[Gen 8] OU\n|rated|\n|rule|Sleep Clause Mod: Limit one foe put to sleep\n|rule|Species Clause: Limit one of each Pok\u00e9mon\n|rule|OHKO Clause: OHKO moves are banned\n|rule|Evasion Items Clause: Evasion items are banned\n|rule|Evasion Moves Clause: Evasion moves are banned\n|rule|Endless Battle Clause: Forcing endless battles is banned\n|rule|HP Percentage Mod: HP is shown in percentages\n|rule|Dynamax Clause: You cannot dynamax\n|clearpoke\n|poke|p1|Heatran, M|\n|poke|p1|Corviknight, F|\n|poke|p1|Tapu Koko|\n|poke|p1|Landorus-Therian, M|\n|poke|p1|Urshifu-*, F|\n|poke|p1|Rillaboom, F|\n|poke|p2|Keldeo-Resolute|\n|poke|p2|Tapu Lele|\n|poke|p2|Ferrothorn, F|\n|poke|p2|Landorus-Therian, M|\n|poke|p2|Dragonite, M|\n|poke|p2|Garchomp, F|\n|teampreview\n|inactive|Battle timer is ON: inactive players will automatically lose when time's up. (requested by bizarman)\n|l|\u2606Tzh123\n|inactive|Tzh123 disconnected and has a minute to reconnect!\n|player|p2|\n|j|\u2606Tzh123\n|inactive|Tzh123 reconnected and has 145 seconds left.\n|player|p2|Tzh123|scientist\n|\n|t:|1663178836\n|start\n|switch|p1a: Heatran|Heatran, M|100\/100\n|switch|p2a: Landorus|Landorus-Therian, M|100\/100\n|-item|p1a: Heatran|Air Balloon\n|-ability|p2a: Landorus|Intimidate|boost\n|-unboost|p1a: Heatran|atk|1\n|turn|1\n|\n|t:|1663178843\n|switch|p2a: Garchomp|Garchomp, F|100\/100\n|move|p1a: Heatran|Eruption|p2a: Garchomp\n|-resisted|p2a: Garchomp\n|-damage|p2a: Garchomp|57\/100\n|\n|upkeep\n|turn|2\n|\n|t:|1663178851\n|move|p2a: Garchomp|Scale Shot|p1a: Heatran\n|-resisted|p1a: Heatran\n|-damage|p1a: Heatran|92\/100\n|-enditem|p1a: Heatran|Air Balloon\n|-resisted|p1a: Heatran\n|-damage|p1a: Heatran|84\/100\n|-resisted|p1a: Heatran\n|-damage|p1a: Heatran|76\/100\n|-resisted|p1a: Heatran\n|-damage|p1a: Heatran|68\/100\n|-resisted|p1a: Heatran\n|-damage|p1a: Heatran|59\/100\n|-hitcount|p1a: Heatran|5\n|-unboost|p2a: Garchomp|def|1\n|-boost|p2a: Garchomp|spe|1\n|-damage|p2a: Garchomp|47\/100|[from] item: Life Orb\n|move|p1a: Heatran|Stealth Rock|p2a: Garchomp\n|-sidestart|p2: Tzh123|move: Stealth Rock\n|\n|upkeep\n|turn|3\n|\n|t:|1663178867\n|switch|p1a: Rillaboom|Rillaboom, F|100\/100\n|-fieldstart|move: Grassy Terrain|[from] ability: Grassy Surge|[of] p1a: Rillaboom\n|move|p2a: Garchomp|Hone Claws|p2a: Garchomp\n|-boost|p2a: Garchomp|atk|1\n|-boost|p2a: Garchomp|accuracy|1\n|\n|-heal|p2a: Garchomp|53\/100|[from] Grassy Terrain\n|upkeep\n|turn|4\n|c|\u2606bizarman|lol\n|\n|t:|1663178875\n|move|p1a: Rillaboom|Grassy Glide|p2a: Garchomp\n|-crit|p2a: Garchomp\n|-damage|p2a: Garchomp|0 fnt\n|-damage|p1a: Rillaboom|88\/100|[from] ability: Rough Skin|[of] p2a: Garchomp\n|faint|p2a: Garchomp\n|\n|-heal|p1a: Rillaboom|94\/100|[from] Grassy Terrain\n|-heal|p1a: Rillaboom|100\/100|[from] item: Leftovers\n|upkeep\n|\n|t:|1663178884\n|switch|p2a: Dragonite|Dragonite, M|100\/100\n|turn|5\n|c|\u2606bizarman|why do i only face the weirdest sets\n|\n|t:|1663178890\n|move|p2a: Dragonite|Dragon Dance|p2a: Dragonite\n|-boost|p2a: Dragonite|atk|1\n|-boost|p2a: Dragonite|spe|1\n|move|p1a: Rillaboom|Knock Off|p2a: Dragonite\n|-damage|p2a: Dragonite|79\/100\n|-enditem|p2a: Dragonite|Heavy-Duty Boots|[from] move: Knock Off|[of] p1a: Rillaboom\n|\n|upkeep\n|turn|6\n|\n|t:|1663178897\n|switch|p1a: Corviknight|Corviknight, F|100\/100\n|-ability|p1a: Corviknight|Pressure\n|move|p2a: Dragonite|Dragon Dance|p2a: Dragonite\n|-boost|p2a: Dragonite|atk|1\n|-boost|p2a: Dragonite|spe|1\n|\n|upkeep\n|turn|7\n|\n|t:|1663178905\n|move|p2a: Dragonite|Dragon Dance|p2a: Dragonite\n|-boost|p2a: Dragonite|atk|1\n|-boost|p2a: Dragonite|spe|1\n|move|p1a: Corviknight|Brave Bird|p2a: Dragonite\n|-damage|p2a: Dragonite|42\/100\n|-damage|p1a: Corviknight|90\/100|[from] Recoil\n|\n|-fieldend|move: Grassy Terrain\n|upkeep\n|turn|8\n|\n|t:|1663178916\n|move|p2a: Dragonite|Fire Punch|p1a: Corviknight\n|-supereffective|p1a: Corviknight\n|-damage|p1a: Corviknight|0 fnt\n|-damage|p2a: Dragonite|25\/100|[from] item: Rocky Helmet|[of] p1a: Corviknight\n|faint|p1a: Corviknight\n|\n|upkeep\n|j| jeanmilapipe\n|inactive|bizarman has 120 seconds left.\n|inactive|bizarman has 90 seconds left.\n|inactive|bizarman has 60 seconds left.\n|\n|t:|1663179018\n|switch|p1a: Landorus|Landorus-Therian, M|100\/100\n|-ability|p1a: Landorus|Intimidate|boost\n|-unboost|p2a: Dragonite|atk|1\n|turn|9\n|\n|t:|1663179027\n|switch|p1a: Urshifu|Urshifu-Rapid-Strike, F|100\/100\n|move|p2a: Dragonite|Ice Punch|p1a: Urshifu\n|-resisted|p1a: Urshifu\n|-damage|p1a: Urshifu|73\/100\n|\n|upkeep\n|turn|10\n|\n|t:|1663179040\n|move|p1a: Urshifu|Aqua Jet|p2a: Dragonite\n|-resisted|p2a: Dragonite\n|-damage|p2a: Dragonite|7\/100\n|move|p2a: Dragonite|Dual Wingbeat|p1a: Urshifu\n|-supereffective|p1a: Urshifu\n|-damage|p1a: Urshifu|0 fnt\n|faint|p1a: Urshifu\n|-hitcount|p1: Urshifu|1\n|\n|upkeep\n|\n|t:|1663179048\n|switch|p1a: Rillaboom|Rillaboom, F|100\/100\n|-fieldstart|move: Grassy Terrain|[from] ability: Grassy Surge|[of] p1a: Rillaboom\n|turn|11\n|\n|t:|1663179053\n|switch|p2a: Ferrothorn|Ferrothorn, F|100\/100\n|-damage|p2a: Ferrothorn|94\/100|[from] Stealth Rock\n|move|p1a: Rillaboom|Grassy Glide|p2a: Ferrothorn\n|-resisted|p2a: Ferrothorn\n|-damage|p2a: Ferrothorn|87\/100\n|-damage|p1a: Rillaboom|88\/100|[from] ability: Iron Barbs|[of] p2a: Ferrothorn\n|\n|-heal|p1a: Rillaboom|94\/100|[from] Grassy Terrain\n|-heal|p1a: Rillaboom|100\/100|[from] item: Leftovers\n|-heal|p2a: Ferrothorn|94\/100|[from] Grassy Terrain\n|-heal|p2a: Ferrothorn|99\/100|[from] item: Leftovers\n|upkeep\n|turn|12\n|inactive|bizarman has 60 seconds left.\n|\n|t:|1663179067\n|switch|p2a: Landorus|Landorus-Therian, M|100\/100\n|-damage|p2a: Landorus|88\/100|[from] Stealth Rock\n|-ability|p2a: Landorus|Intimidate|boost\n|-unboost|p1a: Rillaboom|atk|1\n|move|p1a: Rillaboom|Swords Dance|p1a: Rillaboom\n|-boost|p1a: Rillaboom|atk|2\n|\n|upkeep\n|turn|13\n|\n|t:|1663179075\n|move|p1a: Rillaboom|Grassy Glide|p2a: Landorus\n|-damage|p2a: Landorus|38\/100\n|-damage|p1a: Rillaboom|84\/100|[from] item: Rocky Helmet|[of] p2a: Landorus\n|move|p2a: Landorus|U-turn|p1a: Rillaboom\n|-supereffective|p1a: Rillaboom\n|-damage|p1a: Rillaboom|40\/100\n|\n|t:|1663179079\n|switch|p2a: Tapu Lele|Tapu Lele|100\/100|[from]move: U-turn\n|-damage|p2a: Tapu Lele|88\/100|[from] Stealth Rock\n|-fieldstart|move: Psychic Terrain|[from] ability: Psychic Surge|[of] p2a: Tapu Lele\n|\n|-heal|p1a: Rillaboom|46\/100|[from] item: Leftovers\n|upkeep\n|turn|14\n|j| Jongruenwald\n|\n|t:|1663179090\n|switch|p1a: Heatran|Heatran, M|59\/100\n|move|p2a: Tapu Lele|Psychic|p1a: Heatran\n|-resisted|p1a: Heatran\n|-crit|p1a: Heatran\n|-damage|p1a: Heatran|16\/100\n|\n|upkeep\n|turn|15\n|\n|t:|1663179097\n|move|p2a: Tapu Lele|Psychic|p1a: Heatran\n|-resisted|p1a: Heatran\n|-damage|p1a: Heatran|0 fnt\n|faint|p1a: Heatran\n|\n|upkeep\n|\n|t:|1663179103\n|switch|p1a: Landorus|Landorus-Therian, M|100\/100\n|-ability|p1a: Landorus|Intimidate|boost\n|-unboost|p2a: Tapu Lele|atk|1\n|turn|16\n|\n|t:|1663179108\n|switch|p2a: Landorus|Landorus-Therian, M|38\/100\n|-damage|p2a: Landorus|26\/100|[from] Stealth Rock\n|-ability|p2a: Landorus|Intimidate|boost\n|-unboost|p1a: Landorus|atk|1\n|move|p1a: Landorus|U-turn|p2a: Landorus\n|-resisted|p2a: Landorus\n|-damage|p2a: Landorus|21\/100\n|-damage|p1a: Landorus|84\/100|[from] item: Rocky Helmet|[of] p2a: Landorus\n|\n|t:|1663179117\n|switch|p1a: Rillaboom|Rillaboom, F|46\/100|[from]move: U-turn\n|-fieldstart|move: Grassy Terrain|[from] ability: Grassy Surge|[of] p1a: Rillaboom\n|\n|-heal|p1a: Rillaboom|52\/100|[from] Grassy Terrain\n|-heal|p1a: Rillaboom|58\/100|[from] item: Leftovers\n|upkeep\n|turn|17\n|inactive|bizarman has 90 seconds left.\n|\n|t:|1663179126\n|move|p1a: Rillaboom|Grassy Glide|p2a: Landorus\n|-damage|p2a: Landorus|0 fnt\n|-damage|p1a: Rillaboom|42\/100|[from] item: Rocky Helmet|[of] p2a: Landorus\n|faint|p2a: Landorus\n|\n|-heal|p1a: Rillaboom|48\/100|[from] Grassy Terrain\n|-heal|p1a: Rillaboom|54\/100|[from] item: Leftovers\n|upkeep\n|\n|t:|1663179130\n|switch|p2a: Tapu Lele|Tapu Lele|88\/100\n|-damage|p2a: Tapu Lele|76\/100|[from] Stealth Rock\n|-fieldstart|move: Psychic Terrain|[from] ability: Psychic Surge|[of] p2a: Tapu Lele\n|turn|18\n|inactive|bizarman has 90 seconds left.\n|j| MrTBestOfAllTime\n|inactive|bizarman has 60 seconds left.\n|\n|t:|1663179177\n|switch|p1a: Tapu Koko|Tapu Koko|100\/100\n|-fieldstart|move: Electric Terrain|[from] ability: Electric Surge|[of] p1a: Tapu Koko\n|move|p2a: Tapu Lele|Psychic|p1a: Tapu Koko\n|-damage|p1a: Tapu Koko|33\/100\n|\n|upkeep\n|turn|19\n|inactive|bizarman has 60 seconds left.\n|l|\u2606Tzh123\n|inactive|Tzh123 disconnected and has a minute to reconnect!\n|player|p2|\n|j|\u2606Tzh123\n|inactive|Tzh123 reconnected and has 130 seconds left.\n|player|p2|Tzh123|scientist\n|\n|t:|1663179214\n|switch|p1a: Landorus|Landorus-Therian, M|84\/100\n|-ability|p1a: Landorus|Intimidate|boost\n|-unboost|p2a: Tapu Lele|atk|1\n|move|p2a: Tapu Lele|Psychic|p1a: Landorus\n|-damage|p1a: Landorus|51\/100\n|\n|-heal|p1a: Landorus|57\/100|[from] item: Leftovers\n|upkeep\n|turn|20\n|\n|t:|1663179222\n|switch|p2a: Dragonite|Dragonite, M|7\/100\n|-damage|p2a: Dragonite|0 fnt|[from] Stealth Rock\n|faint|p2a: Dragonite\n|move|p1a: Landorus|U-turn|p2: Dragonite|[notarget]\n|-fail|p1a: Landorus\n|\n|-heal|p1a: Landorus|63\/100|[from] item: Leftovers\n|upkeep\n|\n|t:|1663179226\n|switch|p2a: Keldeo|Keldeo-Resolute|100\/100\n|-damage|p2a: Keldeo|94\/100|[from] Stealth Rock\n|turn|21\n|\n|t:|1663179238\n|move|p2a: Keldeo|Scald|p1a: Landorus\n|-supereffective|p1a: Landorus\n|-damage|p1a: Landorus|0 fnt\n|faint|p1a: Landorus\n|\n|upkeep\n|\n|t:|1663179242\n|switch|p1a: Rillaboom|Rillaboom, F|54\/100\n|-fieldstart|move: Grassy Terrain|[from] ability: Grassy Surge|[of] p1a: Rillaboom\n|turn|22\n|\n|t:|1663179247\n|move|p2a: Keldeo|Scald|p1a: Rillaboom\n|-resisted|p1a: Rillaboom\n|-damage|p1a: Rillaboom|22\/100\n|-status|p1a: Rillaboom|brn\n|move|p1a: Rillaboom|Swords Dance|p1a: Rillaboom\n|-boost|p1a: Rillaboom|atk|2\n|\n|-heal|p2a: Keldeo|100\/100|[from] Grassy Terrain\n|-heal|p1a: Rillaboom|28\/100 brn|[from] Grassy Terrain\n|-heal|p1a: Rillaboom|35\/100 brn|[from] item: Leftovers\n|-damage|p1a: Rillaboom|28\/100 brn|[from] brn\n|upkeep\n|turn|23\n|c|\u2606bizarman|...\n|c|\u2606bizarman|gg\n|inactive|bizarman has 60 seconds left.\n|\n|t:|1663179261\n|move|p1a: Rillaboom|Grassy Glide|p2a: Keldeo\n|-supereffective|p2a: Keldeo\n|-damage|p2a: Keldeo|0 fnt\n|faint|p2a: Keldeo\n|\n|-heal|p1a: Rillaboom|35\/100 brn|[from] Grassy Terrain\n|-heal|p1a: Rillaboom|41\/100 brn|[from] item: Leftovers\n|-damage|p1a: Rillaboom|35\/100 brn|[from] brn\n|upkeep\n|\n|t:|1663179264\n|switch|p2a: Tapu Lele|Tapu Lele|76\/100\n|-damage|p2a: Tapu Lele|63\/100|[from] Stealth Rock\n|-fieldstart|move: Psychic Terrain|[from] ability: Psychic Surge|[of] p2a: Tapu Lele\n|turn|24\n|\n|t:|1663179274\n|switch|p1a: Tapu Koko|Tapu Koko|33\/100\n|-fieldstart|move: Electric Terrain|[from] ability: Electric Surge|[of] p1a: Tapu Koko\n|move|p2a: Tapu Lele|Psychic|p1a: Tapu Koko\n|-damage|p1a: Tapu Koko|0 fnt\n|faint|p1a: Tapu Koko\n|\n|upkeep\n|\n|t:|1663179281\n|switch|p1a: Rillaboom|Rillaboom, F|35\/100 brn\n|-fieldstart|move: Grassy Terrain|[from] ability: Grassy Surge|[of] p1a: Rillaboom\n|turn|25\n|\n|t:|1663179285\n|switch|p2a: Ferrothorn|Ferrothorn, F|99\/100\n|-damage|p2a: Ferrothorn|94\/100|[from] Stealth Rock\n|move|p1a: Rillaboom|Swords Dance|p1a: Rillaboom\n|-boost|p1a: Rillaboom|atk|2\n|\n|-heal|p1a: Rillaboom|41\/100 brn|[from] Grassy Terrain\n|-heal|p1a: Rillaboom|47\/100 brn|[from] item: Leftovers\n|-heal|p2a: Ferrothorn|99\/100|[from] Grassy Terrain\n|-heal|p2a: Ferrothorn|100\/100|[from] item: Leftovers\n|-damage|p1a: Rillaboom|41\/100 brn|[from] brn\n|upkeep\n|turn|26\n|\n|t:|1663179300\n|move|p1a: Rillaboom|Swords Dance|p1a: Rillaboom\n|-boost|p1a: Rillaboom|atk|2\n|move|p2a: Ferrothorn|Knock Off|p1a: Rillaboom\n|-damage|p1a: Rillaboom|21\/100 brn\n|-enditem|p1a: Rillaboom|Leftovers|[from] move: Knock Off|[of] p2a: Ferrothorn\n|\n|-heal|p1a: Rillaboom|27\/100 brn|[from] Grassy Terrain\n|-damage|p1a: Rillaboom|21\/100 brn|[from] brn\n|upkeep\n|turn|27\n|l| Jongruenwald\n|\n|t:|1663179308\n|move|p1a: Rillaboom|Drain Punch|p2a: Ferrothorn\n|-supereffective|p2a: Ferrothorn\n|-damage|p2a: Ferrothorn|50\/100\n|-heal|p1a: Rillaboom|43\/100 brn|[from] drain|[of] p2a: Ferrothorn\n|-damage|p1a: Rillaboom|31\/100 brn|[from] ability: Iron Barbs|[of] p2a: Ferrothorn\n|move|p2a: Ferrothorn|Knock Off|p1a: Rillaboom\n|-damage|p1a: Rillaboom|17\/100 brn\n|\n|-heal|p1a: Rillaboom|23\/100 brn|[from] Grassy Terrain\n|-heal|p2a: Ferrothorn|56\/100|[from] Grassy Terrain\n|-heal|p2a: Ferrothorn|62\/100|[from] item: Leftovers\n|-damage|p1a: Rillaboom|17\/100 brn|[from] brn\n|upkeep\n|turn|28\n|inactive|bizarman has 90 seconds left.\n|\n|t:|1663179320\n|move|p1a: Rillaboom|Drain Punch|p2a: Ferrothorn\n|-supereffective|p2a: Ferrothorn\n|-damage|p2a: Ferrothorn|16\/100\n|-heal|p1a: Rillaboom|37\/100 brn|[from] drain|[of] p2a: Ferrothorn\n|-damage|p1a: Rillaboom|25\/100 brn|[from] ability: Iron Barbs|[of] p2a: Ferrothorn\n|move|p2a: Ferrothorn|Knock Off|p1a: Rillaboom\n|-damage|p1a: Rillaboom|12\/100 brn\n|\n|-heal|p1a: Rillaboom|19\/100 brn|[from] Grassy Terrain\n|-heal|p2a: Ferrothorn|22\/100|[from] Grassy Terrain\n|-heal|p2a: Ferrothorn|29\/100|[from] item: Leftovers\n|-damage|p1a: Rillaboom|12\/100 brn|[from] brn\n|upkeep\n|turn|29\n|-message|bizarman forfeited.\n|\n|win|Tzh123\n|raw|bizarman's rating: 1819 &rarr; <strong>1792<\/strong><br \/>(-27 for losing)\n|raw|Tzh123's rating: 1687 &rarr; <strong>1714<\/strong><br \/>(+27 for winning)\n|l|\u2606bizarman\n|l| MrTBestOfAllTime\n||Ladder isn't responding, score probably updated but might not have (Request timeout).\n","uploadtime":1663179338,"views":25,"p1id":"bizarman","p2id":"tzh123","formatid":"gen8ou","rating":1714,"private":0,"password":null}