{"id":"gen8battlestadiumsingles-1218856148","p1":"No2525\u91d1\u8272","p2":"2222mm","format":"gen8battlestadiumsingles","log":"|j|\u2606No2525\u91d1\u8272\n|j|\u26062222mm\n|t:|1604792331\n|player|p1|No2525\u91d1\u8272|134|1248\n|player|p2|2222mm|wallace|1188\n|teamsize|p1|6\n|teamsize|p2|6\n|gametype|singles\n|gen|8\n|tier|[Gen 8] Battle Stadium Singles\n|rated|\n|clearpoke\n|poke|p1|Nidoqueen, L50, F|\n|poke|p1|Weezing, L50, M|\n|poke|p1|Gengar, L50, M|\n|poke|p1|Nidoking, L50, M|\n|poke|p1|Scolipede, L50, M|\n|poke|p1|Drapion, L50, M|\n|poke|p2|Landorus-Therian, L50, M|\n|poke|p2|Cinderace, L50, F|\n|poke|p2|Celesteela, L50|\n|poke|p2|Pheromosa, L50|\n|poke|p2|Porygon2, L50|\n|poke|p2|Mimikyu, L50, M|\n|rule|Species Clause: Limit one of each Pok\u00e9mon\n|rule|Item Clause: Limit one of each item\n|teampreview|3\n|inactive|Battle timer is ON: inactive players will automatically lose when time's up. (requested by 2222mm)\n|inactive|2222mm has 120 seconds left.\n|\n|t:|1604792381\n|start\n|switch|p1a: Scolipede|Scolipede, L50, M|48\/48\n|switch|p2a: Landorus|Landorus-Therian, L50, M|48\/48\n|-ability|p2a: Landorus|Intimidate|boost\n|-unboost|p1a: Scolipede|atk|1\n|turn|1\n|\n|t:|1604792394\n|-start|p1a: Scolipede|Dynamax\n|-heal|p1a: Scolipede|48\/48|[silent]\n|move|p1a: Scolipede|Max Steelspike|p2a: Landorus\n|-damage|p2a: Landorus|42\/48\n|-boost|p1a: Scolipede|def|1\n|move|p2a: Landorus|Rock Tomb|p1a: Scolipede\n|-supereffective|p1a: Scolipede\n|-damage|p1a: Scolipede|41\/48\n|-unboost|p1a: Scolipede|spe|1\n|-enditem|p1a: Scolipede|Weakness Policy\n|-boost|p1a: Scolipede|atk|2|[from] item: Weakness Policy\n|-boost|p1a: Scolipede|spa|2|[from] item: Weakness Policy\n|\n|-ability|p1a: Scolipede|Speed Boost|boost\n|-boost|p1a: Scolipede|spe|1\n|upkeep\n|turn|2\n|\n|t:|1604792424\n|move|p1a: Scolipede|Max Ooze|p2a: Landorus\n|-resisted|p2a: Landorus\n|-damage|p2a: Landorus|34\/48\n|-boost|p1a: Scolipede|spa|1\n|move|p2a: Landorus|U-turn|p1a: Scolipede\n|-resisted|p1a: Scolipede\n|-damage|p1a: Scolipede|40\/48\n|\n|t:|1604792427\n|switch|p2a: Celesteela|Celesteela, L50|48\/48|[from]move: U-turn\n|\n|-ability|p1a: Scolipede|Speed Boost|boost\n|-boost|p1a: Scolipede|spe|1\n|upkeep\n|turn|3\n|\n|t:|1604792438\n|move|p1a: Scolipede|Max Guard|p1a: Scolipede\n|-singleturn|p1a: Scolipede|Max Guard\n|move|p2a: Celesteela|Leech Seed|p1a: Scolipede\n|-activate|p1a: Scolipede|move: Max Guard\n|\n|-ability|p1a: Scolipede|Speed Boost|boost\n|-boost|p1a: Scolipede|spe|1\n|-end|p1a: Scolipede|Dynamax\n|-heal|p1a: Scolipede|40\/48|[silent]\n|upkeep\n|turn|4\n|\n|t:|1604792447\n|move|p1a: Scolipede|Baton Pass|p1a: Scolipede\n|\n|t:|1604792449\n|switch|p1a: Nidoking|Nidoking, L50, M|48\/48|[from]move: Baton Pass\n|move|p2a: Celesteela|Leech Seed|p1a: Nidoking\n|-start|p1a: Nidoking|move: Leech Seed\n|\n|-damage|p1a: Nidoking|42\/48|[from] Leech Seed|[of] p2a: Celesteela\n|upkeep\n|turn|5\n|\n|t:|1604792458\n|move|p2a: Celesteela|Protect|p2a: Celesteela\n|-singleturn|p2a: Celesteela|Protect\n|move|p1a: Nidoking|Fire Blast|p2a: Celesteela\n|-activate|p2a: Celesteela|move: Protect\n|\n|-damage|p1a: Nidoking|36\/48|[from] Leech Seed|[of] p2a: Celesteela\n|upkeep\n|turn|6\n|\n|t:|1604792467\n|switch|p2a: Landorus|Landorus-Therian, L50, M|34\/48\n|-ability|p2a: Landorus|Intimidate|boost\n|-unboost|p1a: Nidoking|atk|1\n|move|p1a: Nidoking|Fire Blast|p2a: Landorus\n|-damage|p2a: Landorus|0 fnt\n|faint|p2a: Landorus\n|\n|upkeep\n|\n|t:|1604792487\n|switch|p2a: Cinderace|Cinderace, L50, F|48\/48\n|turn|7\n|\n|t:|1604792491\n|switch|p2a: Celesteela|Celesteela, L50|48\/48\n|move|p1a: Nidoking|Earth Power|p2a: Celesteela\n|-immune|p2a: Celesteela\n|\n|-damage|p1a: Nidoking|30\/48|[from] Leech Seed|[of] p2a: Celesteela\n|upkeep\n|turn|8\n|\n|t:|1604792499\n|move|p2a: Celesteela|Protect|p2a: Celesteela\n|-singleturn|p2a: Celesteela|Protect\n|move|p1a: Nidoking|Fire Blast|p2a: Celesteela\n|-activate|p2a: Celesteela|move: Protect\n|\n|-damage|p1a: Nidoking|24\/48g|[from] Leech Seed|[of] p2a: Celesteela\n|upkeep\n|turn|9\n|\n|t:|1604792509\n|switch|p2a: Cinderace|Cinderace, L50, F|48\/48\n|move|p1a: Nidoking|Fire Blast|p2a: Cinderace|[miss]\n|-miss|p1a: Nidoking|p2a: Cinderace\n|\n|-damage|p1a: Nidoking|18\/48|[from] Leech Seed|[of] p2a: Cinderace\n|upkeep\n|turn|10\n|\n|t:|1604792522\n|move|p2a: Cinderace|Sucker Punch|p1a: Nidoking\n|-start|p2a: Cinderace|typechange|Dark|[from] ability: Libero\n|-damage|p1a: Nidoking|0 fnt\n|-damage|p2a: Cinderace|43\/48|[from] item: Life Orb\n|faint|p1a: Nidoking\n|\n|upkeep\n|\n|t:|1604792536\n|switch|p1a: Scolipede|Scolipede, L50, M|40\/48\n|turn|11\n|\n|t:|1604792548\n|-start|p2a: Cinderace|Dynamax\n|-heal|p2a: Cinderace|43\/48|[silent]\n|move|p2a: Cinderace|Max Flare|p1a: Scolipede\n|-start|p2a: Cinderace|typechange|Fire|[from] ability: Libero\n|-supereffective|p1a: Scolipede\n|-damage|p1a: Scolipede|0 fnt\n|-weather|SunnyDay\n|-damage|p2a: Cinderace|41\/48|[from] item: Life Orb\n|faint|p1a: Scolipede\n|\n|-weather|SunnyDay|[upkeep]\n|upkeep\n|\n|t:|1604792559\n|switch|p1a: Gengar|Gengar, L50, M|48\/48\n|turn|12\n|\n|t:|1604792565\n|move|p2a: Cinderace|Max Darkness|p1a: Gengar\n|-start|p2a: Cinderace|typechange|Dark|[from] ability: Libero\n|-supereffective|p1a: Gengar\n|-enditem|p1a: Gengar|Focus Sash\n|-damage|p1a: Gengar|1\/48\n|-unboost|p1a: Gengar|spd|1\n|-damage|p2a: Cinderace|38\/48|[from] item: Life Orb\n|move|p1a: Gengar|Sludge Wave|p2a: Cinderace\n|-damage|p2a: Cinderace|19\/48\n|\n|-weather|SunnyDay|[upkeep]\n|upkeep\n|turn|13\n|\n|t:|1604792578\n|move|p2a: Cinderace|Max Darkness|p1a: Gengar\n|-supereffective|p1a: Gengar\n|-damage|p1a: Gengar|0 fnt\n|-damage|p2a: Cinderace|17\/48|[from] item: Life Orb\n|faint|p1a: Gengar\n|\n|win|2222mm\n|l|\u2606No2525\u91d1\u8272\n||Ladder (probably) updated, but score could not be retrieved (Request timeout).\n","uploadtime":1604792584,"views":28,"p1id":"no2525","p2id":"2222mm","formatid":"gen8battlestadiumsingles","rating":0,"private":0,"password":null}