{"id":"gen8randombattle-1239396462","p1":"jillenator","p2":"TehranTyphlosions","format":"gen8randombattle","log":"|j|\u2606jillenator\n|j|\u2606TehranTyphlosions\n|t:|1607409620\n|player|p1|jillenator|169|1675\n|player|p2|TehranTyphlosions|clair|1693\n|teamsize|p1|6\n|teamsize|p2|6\n|gametype|singles\n|gen|8\n|tier|[Gen 8] Random Battle\n|rated|\n|rule|Species Clause: Limit one of each Pok\u00e9mon\n|rule|HP Percentage Mod: HP is shown in percentages\n|rule|Sleep Clause Mod: Limit one foe put to sleep\n|\n|t:|1607409620\n|start\n|switch|p1a: Darmanitan|Darmanitan, L82, M|306\/306\n|switch|p2a: Pincurchin|Pincurchin, L88, F|228\/228\n|-fieldstart|move: Electric Terrain|[from] ability: Electric Surge|[of] p2a: Pincurchin\n|turn|1\n|inactive|Battle timer is ON: inactive players will automatically lose when time's up. (requested by jillenator)\n|\n|t:|1607409631\n|move|p1a: Darmanitan|Earthquake|p2a: Pincurchin\n|-supereffective|p2a: Pincurchin\n|-damage|p2a: Pincurchin|28\/228\n|-damage|p1a: Darmanitan|276\/306|[from] item: Life Orb\n|move|p2a: Pincurchin|Rising Voltage|p1a: Darmanitan\n|-damage|p1a: Darmanitan|0 fnt\n|faint|p1a: Darmanitan\n|\n|upkeep\n|inactive|jillenator has 120 seconds left.\n|\n|t:|1607409661\n|switch|p1a: Kyurem|Kyurem, L82|339\/339\n|-ability|p1a: Kyurem|Pressure\n|turn|2\n|\n|t:|1607409667\n|move|p1a: Kyurem|Ice Beam|p2a: Pincurchin\n|-damage|p2a: Pincurchin|0 fnt\n|faint|p2a: Pincurchin\n|\n|upkeep\n|\n|t:|1607409673\n|switch|p2a: Diancie|Diancie, L84|221\/221\n|turn|3\n|\n|t:|1607409685\n|move|p1a: Kyurem|Earth Power|p2a: Diancie\n|-supereffective|p2a: Diancie\n|-damage|p2a: Diancie|151\/221\n|move|p2a: Diancie|Moonblast|p1a: Kyurem\n|-supereffective|p1a: Kyurem\n|-damage|p1a: Kyurem|145\/339\n|\n|upkeep\n|turn|4\n|\n|t:|1607409700\n|move|p1a: Kyurem|Earth Power|p2a: Diancie\n|-supereffective|p2a: Diancie\n|-damage|p2a: Diancie|89\/221\n|move|p2a: Diancie|Diamond Storm|p1a: Kyurem\n|-supereffective|p1a: Kyurem\n|-damage|p1a: Kyurem|0 fnt\n|faint|p1a: Kyurem\n|\n|upkeep\n|\n|t:|1607409707\n|switch|p1a: Cradily|Cradily, L86, F|288\/288\n|turn|5\n|\n|t:|1607409712\n|move|p2a: Diancie|Body Press|p1a: Cradily\n|-supereffective|p1a: Cradily\n|-damage|p1a: Cradily|154\/288\n|move|p1a: Cradily|Swords Dance|p1a: Cradily\n|-boost|p1a: Cradily|atk|2\n|\n|-heal|p1a: Cradily|172\/288|[from] item: Leftovers\n|-fieldend|move: Electric Terrain\n|upkeep\n|turn|6\n|\n|t:|1607409717\n|move|p2a: Diancie|Body Press|p1a: Cradily\n|-supereffective|p1a: Cradily\n|-damage|p1a: Cradily|18\/288\n|move|p1a: Cradily|Power Whip|p2a: Diancie|[miss]\n|-miss|p1a: Cradily|p2a: Diancie\n|\n|-heal|p1a: Cradily|36\/288|[from] item: Leftovers\n|upkeep\n|turn|7\n|\n|t:|1607409722\n|move|p2a: Diancie|Diamond Storm|p1a: Cradily\n|-damage|p1a: Cradily|0 fnt\n|-boost|p2a: Diancie|def|2\n|faint|p1a: Cradily\n|\n|upkeep\n|\n|t:|1607409723\n|switch|p1a: Jirachi|Jirachi, L82|298\/298\n|turn|8\n|\n|t:|1607409726\n|move|p1a: Jirachi|Stealth Rock|p2a: Diancie\n|-sidestart|p2: TehranTyphlosions|move: Stealth Rock\n|move|p2a: Diancie|Earth Power|p1a: Jirachi\n|-supereffective|p1a: Jirachi\n|-damage|p1a: Jirachi|174\/298\n|\n|-heal|p1a: Jirachi|192\/298|[from] item: Leftovers\n|upkeep\n|turn|9\n|\n|t:|1607409728\n|move|p1a: Jirachi|Iron Head|p2a: Diancie\n|-supereffective|p2a: Diancie\n|-damage|p2a: Diancie|0 fnt\n|faint|p2a: Diancie\n|\n|-heal|p1a: Jirachi|210\/298|[from] item: Leftovers\n|upkeep\n|\n|t:|1607409737\n|switch|p2a: Grimmsnarl|Grimmsnarl, L84, M|297\/297\n|-damage|p2a: Grimmsnarl|260\/297|[from] Stealth Rock\n|turn|10\n|\n|t:|1607409746\n|move|p1a: Jirachi|Iron Head|p2a: Grimmsnarl\n|-supereffective|p2a: Grimmsnarl\n|-damage|p2a: Grimmsnarl|48\/297\n|cant|p2a: Grimmsnarl|flinch\n|\n|-heal|p1a: Jirachi|228\/298|[from] item: Leftovers\n|upkeep\n|turn|11\n|\n|t:|1607409750\n|move|p2a: Grimmsnarl|Sucker Punch|p1a: Jirachi\n|-supereffective|p1a: Jirachi\n|-damage|p1a: Jirachi|10\/298\n|-damage|p2a: Grimmsnarl|19\/297|[from] item: Life Orb\n|move|p1a: Jirachi|Iron Head|p2a: Grimmsnarl\n|-supereffective|p2a: Grimmsnarl\n|-damage|p2a: Grimmsnarl|0 fnt\n|faint|p2a: Grimmsnarl\n|\n|-heal|p1a: Jirachi|28\/298|[from] item: Leftovers\n|upkeep\n|\n|t:|1607409759\n|switch|p2a: Haxorus|Haxorus, L80, M|253\/253\n|-damage|p2a: Haxorus|222\/253|[from] Stealth Rock\n|-ability|p2a: Haxorus|Mold Breaker\n|turn|12\n|\n|t:|1607409764\n|move|p1a: Jirachi|Iron Head|p2a: Haxorus\n|-damage|p2a: Haxorus|131\/253\n|cant|p2a: Haxorus|flinch\n|\n|-heal|p1a: Jirachi|46\/298|[from] item: Leftovers\n|upkeep\n|turn|13\n|\n|t:|1607409768\n|move|p1a: Jirachi|Iron Head|p2a: Haxorus\n|-damage|p2a: Haxorus|41\/253\n|cant|p2a: Haxorus|flinch\n|\n|-heal|p1a: Jirachi|64\/298|[from] item: Leftovers\n|upkeep\n|turn|14\n|\n|t:|1607409772\n|move|p1a: Jirachi|Iron Head|p2a: Haxorus\n|-damage|p2a: Haxorus|0 fnt\n|faint|p2a: Haxorus\n|\n|-heal|p1a: Jirachi|82\/298|[from] item: Leftovers\n|upkeep\n|\n|t:|1607409773\n|switch|p2a: Dragalge|Dragalge, L86, M|252\/252\n|-damage|p2a: Dragalge|221\/252|[from] Stealth Rock\n|turn|15\n|\n|t:|1607409781\n|move|p1a: Jirachi|Iron Head|p2a: Dragalge\n|-damage|p2a: Dragalge|148\/252\n|cant|p2a: Dragalge|flinch\n|\n|-heal|p1a: Jirachi|100\/298|[from] item: Leftovers\n|upkeep\n|turn|16\n|\n|t:|1607409784\n|move|p1a: Jirachi|Iron Head|p2a: Dragalge\n|-damage|p2a: Dragalge|67\/252\n|cant|p2a: Dragalge|flinch\n|\n|-heal|p1a: Jirachi|118\/298|[from] item: Leftovers\n|upkeep\n|turn|17\n|c|\u2606TehranTyphlosions|very cool\n|\n|t:|1607409788\n|move|p1a: Jirachi|Iron Head|p2a: Dragalge\n|-damage|p2a: Dragalge|0 fnt\n|faint|p2a: Dragalge\n|\n|-heal|p1a: Jirachi|136\/298|[from] item: Leftovers\n|upkeep\n|c|\u2606jillenator|outplayed\n|\n|t:|1607409790\n|switch|p2a: Nidoqueen|Nidoqueen, L84, F|288\/288\n|-damage|p2a: Nidoqueen|270\/288|[from] Stealth Rock\n|turn|18\n|c|\u2606TehranTyphlosions|fr good game\n|c|\u2606jillenator|ikr\n|\n|t:|1607409800\n|-start|p2a: Nidoqueen|Dynamax\n|-heal|p2a: Nidoqueen|540\/576|[silent]\n|move|p1a: Jirachi|Iron Head|p2a: Nidoqueen\n|-damage|p2a: Nidoqueen|453\/576\n|move|p2a: Nidoqueen|Max Quake|p1a: Jirachi\n|-supereffective|p1a: Jirachi\n|-damage|p1a: Jirachi|0 fnt\n|-boost|p2a: Nidoqueen|spd|1\n|-damage|p2a: Nidoqueen|425\/576|[from] item: Life Orb\n|faint|p1a: Jirachi\n|\n|upkeep\n|\n|t:|1607409815\n|switch|p1a: Druddigon|Druddigon, L86, M|273\/273\n|-ability|p1a: Druddigon|Mold Breaker\n|turn|19\n|\n|t:|1607409818\n|-start|p1a: Druddigon|Dynamax\n|-heal|p1a: Druddigon|546\/546|[silent]\n|move|p1a: Druddigon|Max Guard|p1a: Druddigon\n|-singleturn|p1a: Druddigon|Max Guard\n|move|p2a: Nidoqueen|Max Hailstorm|p1a: Druddigon\n|-activate|p1a: Druddigon|move: Max Guard\n|\n|upkeep\n|turn|20\n|\n|t:|1607409825\n|move|p2a: Nidoqueen|Max Hailstorm|p1a: Druddigon\n|-supereffective|p1a: Druddigon\n|-damage|p1a: Druddigon|372\/546\n|-weather|Hail\n|-damage|p2a: Nidoqueen|397\/576|[from] item: Life Orb\n|move|p1a: Druddigon|Max Quake|p2a: Nidoqueen\n|-supereffective|p2a: Nidoqueen\n|-damage|p2a: Nidoqueen|82\/576\n|-boost|p1a: Druddigon|spd|1\n|-damage|p1a: Druddigon|345\/546|[from] item: Life Orb\n|\n|-weather|Hail|[upkeep]\n|-damage|p2a: Nidoqueen|64\/576|[from] Hail\n|-damage|p1a: Druddigon|328\/546|[from] Hail\n|-end|p2a: Nidoqueen|Dynamax\n|-heal|p2a: Nidoqueen|32\/288|[silent]\n|upkeep\n|turn|21\n|\n|t:|1607409832\n|move|p2a: Nidoqueen|Ice Beam|p1a: Druddigon\n|-supereffective|p1a: Druddigon\n|-damage|p1a: Druddigon|216\/546\n|move|p1a: Druddigon|Max Quake|p2a: Nidoqueen\n|-supereffective|p2a: Nidoqueen\n|-damage|p2a: Nidoqueen|0 fnt\n|-boost|p1a: Druddigon|spd|1\n|-damage|p1a: Druddigon|189\/546|[from] item: Life Orb\n|faint|p2a: Nidoqueen\n|\n|win|jillenator\n|c|\u2606jillenator|unlucky\n|raw|jillenator's rating: 1676 &rarr; <strong>1697<\/strong><br \/>(+21 for winning)\n|raw|TehranTyphlosions's rating: 1693 &rarr; <strong>1672<\/strong><br \/>(-21 for losing)\n","inputlog":">version 0214c306bb4d40a866e5f850d6e33984770a9a90\n>start {\"formatid\":\"gen8randombattle\",\"seed\":[6925,20590,1349,47616],\"rated\":\"Rated battle\"}\n>player p1 {\"name\":\"jillenator\",\"avatar\":\"169\",\"team\":\"\",\"rating\":1675,\"seed\":[19575,4096,29743,4734]}\n>player p2 {\"name\":\"TehranTyphlosions\",\"avatar\":\"clair\",\"team\":\"\",\"rating\":1693,\"seed\":[22716,62454,3411,36273]}\n>p1 move earthquake\n>p2 move risingvoltage\n>p1 switch 5\n>p1 move icebeam\n>p2 move spikes\n>p2 switch 6\n>p1 move earthpower\n>p2 move moonblast\n>p1 move earthpower\n>p2 move diamondstorm\n>p1 switch 4\n>p1 move swordsdance\n>p2 move bodypress\n>p1 move powerwhip\n>p2 move bodypress\n>p1 move powerwhip\n>p2 move diamondstorm\n>p1 switch 3\n>p1 move stealthrock\n>p2 move earthpower\n>p1 move ironhead\n>p2 move earthpower\n>p2 switch 4\n>p1 move ironhead\n>p2 move darkestlariat\n>p1 move ironhead\n>p2 move suckerpunch\n>p2 switch 3\n>p1 move ironhead\n>p2 move dragondance\n>p1 move ironhead\n>p2 move dragondance\n>p1 move ironhead\n>p2 move dragondance\n>p2 switch 2\n>p1 move ironhead\n>p2 move dracometeor\n>p1 move ironhead\n>p2 move dracometeor\n>chat \u2606TehranTyphlosions|very cool\n>p1 move ironhead\n>p2 move dracometeor\n>chat \u2606jillenator|outplayed\n>p2 switch 5\n>chat \u2606TehranTyphlosions|fr good game\n>chat \u2606jillenator|ikr\n>p1 move ironhead\n>p2 move earthpower dynamax\n>p1 switch 6\n>p1 move glare dynamax\n>p2 move icebeam dynamax\n>p1 move earthquake dynamax\n>p2 move icebeam dynamax\n>p1 move earthquake dynamax\n>p2 move icebeam","uploadtime":1607409836,"views":10,"p1id":"jillenator","p2id":"tehrantyphlosions","formatid":"gen8randombattle","rating":1672,"private":0,"password":null}