{"id":"gen8randombattle-1553075331","p1":"Qiuescent","p2":"Allelaja","format":"gen8randombattle","log":"|j|\u203dQiuescent\n|j|\u2606Allelaja\n|t:|1649919097\n|gametype|singles\n|player|p1|Qiuescent|2|2241\n|player|p2|Allelaja|102|2301\n|teamsize|p1|6\n|teamsize|p2|6\n|gen|8\n|tier|[Gen 8] Random Battle\n|rated|\n|rule|Species Clause: Limit one of each Pok\u00e9mon\n|rule|HP Percentage Mod: HP is shown in percentages\n|rule|Sleep Clause Mod: Limit one foe put to sleep\n|\n|t:|1649919097\n|start\n|switch|p1a: Glastrier|Glastrier, L82|298\/298\n|switch|p2a: Lycanroc|Lycanroc-Dusk, L80, M|251\/251\n|turn|1\n|inactive|Battle timer is ON: inactive players will automatically lose when time's up. (requested by Allelaja)\n|\n|t:|1649919109\n|move|p2a: Lycanroc|Stone Edge|p1a: Glastrier\n|-supereffective|p1a: Glastrier\n|-damage|p1a: Glastrier|128\/298\n|move|p1a: Glastrier|Close Combat|p2a: Lycanroc\n|-supereffective|p2a: Lycanroc\n|-enditem|p2a: Lycanroc|Focus Sash\n|-damage|p2a: Lycanroc|1\/251\n|-unboost|p1a: Glastrier|def|1\n|-unboost|p1a: Glastrier|spd|1\n|\n|upkeep\n|turn|2\n|\n|t:|1649919116\n|move|p2a: Lycanroc|Close Combat|p1a: Glastrier\n|-supereffective|p1a: Glastrier\n|-damage|p1a: Glastrier|0 fnt\n|-unboost|p2a: Lycanroc|def|1\n|-unboost|p2a: Lycanroc|spd|1\n|faint|p1a: Glastrier\n|\n|upkeep\n|\n|t:|1649919119\n|switch|p1a: Pheromosa|Pheromosa, L76|233\/233\n|turn|3\n|\n|t:|1649919124\n|switch|p2a: Buzzwole|Buzzwole, L77|291\/291\n|move|p1a: Pheromosa|U-turn|p2a: Buzzwole\n|-resisted|p2a: Buzzwole\n|-damage|p2a: Buzzwole|248\/291\n|\n|t:|1649919126\n|switch|p1a: Weezing|Weezing-Galar, L86, M|252\/252\n|-ability|p1a: Weezing|Neutralizing Gas\n|\n|upkeep\n|turn|4\n|\n|t:|1649919136\n|move|p2a: Buzzwole|Iron Head|p1a: Weezing\n|-supereffective|p1a: Weezing\n|-damage|p1a: Weezing|146\/252\n|move|p1a: Weezing|Strange Steam|p2a: Buzzwole\n|-supereffective|p2a: Buzzwole\n|-damage|p2a: Buzzwole|0 fnt\n|faint|p2a: Buzzwole\n|\n|-heal|p1a: Weezing|161\/252|[from] item: Black Sludge\n|upkeep\n|\n|t:|1649919144\n|switch|p2a: Latios|Latios, L78, M|253\/253\n|turn|5\n|\n|t:|1649919148\n|move|p2a: Latios|Psyshock|p1a: Weezing\n|-supereffective|p1a: Weezing\n|-crit|p1a: Weezing\n|-damage|p1a: Weezing|0 fnt\n|faint|p1a: Weezing\n|-end|p1a: Weezing|ability: Neutralizing Gas\n|\n|upkeep\n|\n|t:|1649919150\n|switch|p1a: Pheromosa|Pheromosa, L76|233\/233\n|turn|6\n|\n|t:|1649919159\n|switch|p2a: Mawile|Mawile, L86, M|226\/226\n|-ability|p2a: Mawile|Intimidate|boost\n|-unboost|p1a: Pheromosa|atk|1\n|move|p1a: Pheromosa|U-turn|p2a: Mawile\n|-resisted|p2a: Mawile\n|-damage|p2a: Mawile|205\/226\n|j| nodragondanceinrb\n|\n|t:|1649919163\n|switch|p1a: Turtonator|Turtonator, L84, M|238\/238\n|\n|upkeep\n|turn|7\n|\n|t:|1649919167\n|move|p2a: Mawile|Iron Head|p1a: Turtonator\n|-resisted|p1a: Turtonator\n|-damage|p1a: Turtonator|204\/238\n|-damage|p2a: Mawile|183\/226|[from] item: Life Orb\n|move|p1a: Turtonator|Fire Blast|p2a: Mawile\n|-supereffective|p2a: Mawile\n|-damage|p2a: Mawile|0 fnt\n|faint|p2a: Mawile\n|\n|upkeep\n|\n|t:|1649919174\n|switch|p2a: Lycanroc|Lycanroc-Dusk, L80, M|1\/251\n|turn|8\n|\n|t:|1649919178\n|move|p2a: Lycanroc|Stone Edge|p1a: Turtonator\n|-supereffective|p1a: Turtonator\n|-damage|p1a: Turtonator|36\/238\n|move|p1a: Turtonator|Earthquake|p2a: Lycanroc\n|-supereffective|p2a: Lycanroc\n|-damage|p2a: Lycanroc|0 fnt\n|faint|p2a: Lycanroc\n|\n|upkeep\n|\n|t:|1649919186\n|switch|p2a: Archeops|Archeops, L82, F|257\/257\n|turn|9\n|\n|t:|1649919189\n|move|p2a: Archeops|Earthquake|p1a: Turtonator\n|-supereffective|p1a: Turtonator\n|-damage|p1a: Turtonator|0 fnt\n|faint|p1a: Turtonator\n|\n|upkeep\n|\n|t:|1649919194\n|switch|p1a: Flygon|Flygon, L80, F|259\/259\n|turn|10\n|\n|t:|1649919198\n|switch|p2a: Latios|Latios, L78, M|253\/253\n|move|p1a: Flygon|Dragon Dance|p1a: Flygon\n|-boost|p1a: Flygon|atk|1\n|-boost|p1a: Flygon|spe|1\n|\n|upkeep\n|turn|11\n|\n|t:|1649919205\n|-start|p1a: Flygon|Dynamax|\n|-heal|p1a: Flygon|518\/518|[silent]\n|-start|p2a: Latios|Dynamax|\n|-heal|p2a: Latios|506\/506|[silent]\n|move|p2a: Latios|Max Guard|p2a: Latios\n|-singleturn|p2a: Latios|Max Guard\n|move|p1a: Flygon|Max Wyrmwind|p2a: Latios\n|-activate|p2a: Latios|move: Max Guard\n|\n|upkeep\n|turn|12\n|\n|t:|1649919207\n|move|p1a: Flygon|Max Wyrmwind|p2a: Latios\n|-supereffective|p2a: Latios\n|-damage|p2a: Latios|0 fnt\n|faint|p2a: Latios\n|-damage|p1a: Flygon|493\/518|[from] item: Life Orb\n|\n|upkeep\n|c|\u2606Allelaja|??\n|c|\u2606Allelaja|Seriously lol\n|-message|Allelaja forfeited.\n|\n|win|Qiuescent\n|raw|Qiuescent's rating: 2241 &rarr; <strong>2264<\/strong><br \/>(+23 for winning)\n|raw|Allelaja's rating: 2301 &rarr; <strong>2278<\/strong><br \/>(-23 for losing)\n|l|\u2606Allelaja\n","inputlog":">version 0162639e2be10fee1f1935f037788d778e37d0f7\n>start {\"formatid\":\"gen8randombattle\",\"seed\":[50923,11985,555,2266],\"rated\":\"Rated battle\"}\n>player p1 {\"name\":\"Qiuescent\",\"avatar\":\"2\",\"rating\":2241,\"seed\":[1182,56876,34938,1671]}\n>player p2 {\"name\":\"Allelaja\",\"avatar\":\"102\",\"rating\":2301,\"seed\":[46853,59716,36612,23805]}\n>p1 move closecombat\n>p2 move stoneedge\n>p1 move closecombat\n>p2 move closecombat\n>p1 switch 2\n>p1 move uturn\n>p2 switch 6\n>p1 switch 5\n>p1 move strangesteam\n>p2 move ironhead\n>p2 switch 4\n>p1 move strangesteam\n>p2 move psyshock\n>p1 switch 5\n>p1 move uturn\n>p2 switch 5\n>p1 switch 3\n>p1 move fireblast\n>p2 move ironhead\n>p2 switch 6\n>p1 move earthquake\n>p2 move stoneedge\n>p2 switch 2\n>p1 move dracometeor\n>p2 move earthquake\n>p1 switch 6\n>p1 move dragondance\n>p2 switch 5\n>p1 move outrage dynamax\n>p2 move roost dynamax\n>p1 move outrage dynamax\n>p2 move dracometeor dynamax\n>chat \u2606Allelaja|??\n>chat \u2606Allelaja|Seriously lol\n>forcelose p2","uploadtime":1649919243,"views":3,"p1id":"qiuescent","p2id":"allelaja","formatid":"gen8randombattle","rating":2264,"private":0,"password":null}