{"id":"gen8randombattle-1420764664","p1":"Imsobaked","p2":"TehranTyphlosions","format":"gen8randombattle","log":"|j|\u2606Imsobaked\n|j|\u2606TehranTyphlosions\n|t:|1632178840\n|gametype|singles\n|player|p1|Imsobaked|hiker-gen4|1879\n|player|p2|TehranTyphlosions|clair|1920\n|teamsize|p1|6\n|teamsize|p2|6\n|gen|8\n|tier|[Gen 8] Random Battle\n|rated|\n|rule|Species Clause: Limit one of each Pok\u00e9mon\n|rule|HP Percentage Mod: HP is shown in percentages\n|rule|Sleep Clause Mod: Limit one foe put to sleep\n|\n|t:|1632178840\n|start\n|switch|p1a: Mewtwo|Mewtwo, L72|272\/272\n|switch|p2a: Zygarde|Zygarde, L70|264\/264\n|-ability|p1a: Mewtwo|Unnerve\n|turn|1\n|inactive|Battle timer is ON: inactive players will automatically lose when time's up. (requested by Imsobaked)\n|\n|t:|1632178862\n|switch|p2a: Zarude|Zarude, L78|292\/292\n|move|p1a: Mewtwo|Nasty Plot|p1a: Mewtwo\n|-boost|p1a: Mewtwo|spa|2\n|\n|upkeep\n|turn|2\n|\n|t:|1632178869\n|switch|p1a: Corviknight|Corviknight, L78, F|281\/281\n|move|p2a: Zarude|Darkest Lariat|p1a: Corviknight\n|-damage|p1a: Corviknight|190\/281\n|\n|-heal|p1a: Corviknight|207\/281|[from] item: Leftovers\n|upkeep\n|turn|3\n|\n|t:|1632178880\n|switch|p2a: Raichu|Raichu-Alola, L84, F|238\/238\n|move|p1a: Corviknight|Brave Bird|p2a: Raichu\n|-resisted|p2a: Raichu\n|-damage|p2a: Raichu|167\/238\n|-damage|p1a: Corviknight|184\/281|[from] Recoil\n|\n|-heal|p1a: Corviknight|201\/281|[from] item: Leftovers\n|upkeep\n|turn|4\n|\n|t:|1632178885\n|switch|p1a: Jolteon|Jolteon, L82, F|241\/241\n|move|p2a: Raichu|Thunderbolt|p1a: Jolteon\n|-immune|p1a: Jolteon|[from] ability: Volt Absorb\n|\n|upkeep\n|turn|5\n|\n|t:|1632178890\n|switch|p2a: Whiscash|Whiscash, L86, F|329\/329\n|move|p1a: Jolteon|Volt Switch|p2a: Whiscash\n|-immune|p2a: Whiscash\n|\n|upkeep\n|turn|6\n|\n|t:|1632178898\n|switch|p1a: Corviknight|Corviknight, L78, F|201\/281\n|move|p2a: Whiscash|Liquidation|p1a: Corviknight\n|-damage|p1a: Corviknight|100\/281\n|-damage|p2a: Whiscash|297\/329|[from] item: Life Orb\n|\n|-heal|p1a: Corviknight|117\/281|[from] item: Leftovers\n|upkeep\n|turn|7\n|\n|t:|1632178901\n|switch|p2a: Zygarde|Zygarde, L70|264\/264\n|move|p1a: Corviknight|Roost|p1a: Corviknight\n|-heal|p1a: Corviknight|258\/281\n|-singleturn|p1a: Corviknight|move: Roost\n|\n|-heal|p1a: Corviknight|275\/281|[from] item: Leftovers\n|upkeep\n|turn|8\n|\n|t:|1632178909\n|move|p2a: Zygarde|Thousand Arrows|p1a: Corviknight\n|-damage|p1a: Corviknight|209\/281\n|-start|p1a: Corviknight|Smack Down\n|move|p1a: Corviknight|Bulk Up|p1a: Corviknight\n|-boost|p1a: Corviknight|atk|1\n|-boost|p1a: Corviknight|def|1\n|\n|-heal|p1a: Corviknight|226\/281|[from] item: Leftovers\n|upkeep\n|turn|9\n|\n|t:|1632178913\n|move|p2a: Zygarde|Substitute|p2a: Zygarde\n|-start|p2a: Zygarde|Substitute\n|-damage|p2a: Zygarde|198\/264\n|move|p1a: Corviknight|Brave Bird|p2a: Zygarde\n|-end|p2a: Zygarde|Substitute\n|-damage|p1a: Corviknight|204\/281|[from] Recoil|[of] p2a: Zygarde\n|\n|-heal|p2a: Zygarde|214\/264|[from] item: Leftovers\n|-heal|p1a: Corviknight|221\/281|[from] item: Leftovers\n|upkeep\n|turn|10\n|\n|t:|1632178917\n|move|p2a: Zygarde|Dragon Dance|p2a: Zygarde\n|-boost|p2a: Zygarde|atk|1\n|-boost|p2a: Zygarde|spe|1\n|move|p1a: Corviknight|Brave Bird|p2a: Zygarde\n|-damage|p2a: Zygarde|67\/264\n|-damage|p1a: Corviknight|172\/281|[from] Recoil\n|\n|-heal|p2a: Zygarde|83\/264|[from] item: Leftovers\n|-heal|p1a: Corviknight|189\/281|[from] item: Leftovers\n|-activate|p2a: Zygarde|ability: Power Construct\n|detailschange|p2a: Zygarde|Zygarde-Complete, L70\n|-heal|p2a: Zygarde|235\/416|[silent]\n|upkeep\n|turn|11\n|\n|t:|1632178922\n|move|p2a: Zygarde|Thousand Arrows|p1a: Corviknight\n|-supereffective|p1a: Corviknight\n|-damage|p1a: Corviknight|67\/281\n|move|p1a: Corviknight|Brave Bird|p2a: Zygarde\n|-damage|p2a: Zygarde|82\/416\n|-damage|p1a: Corviknight|17\/281|[from] Recoil\n|\n|-heal|p2a: Zygarde|108\/416|[from] item: Leftovers\n|-heal|p1a: Corviknight|34\/281|[from] item: Leftovers\n|upkeep\n|turn|12\n|\n|t:|1632178925\n|move|p2a: Zygarde|Thousand Arrows|p1a: Corviknight\n|-supereffective|p1a: Corviknight\n|-damage|p1a: Corviknight|0 fnt\n|faint|p1a: Corviknight\n|\n|-heal|p2a: Zygarde|134\/416|[from] item: Leftovers\n|upkeep\n|\n|t:|1632178948\n|switch|p1a: Jolteon|Jolteon, L82, F|241\/241\n|turn|13\n|\n|t:|1632178951\n|move|p1a: Jolteon|Hyper Voice|p2a: Zygarde\n|-damage|p2a: Zygarde|21\/416\n|move|p2a: Zygarde|Thousand Arrows|p1a: Jolteon\n|-supereffective|p1a: Jolteon\n|-damage|p1a: Jolteon|0 fnt\n|faint|p1a: Jolteon\n|\n|-heal|p2a: Zygarde|47\/416|[from] item: Leftovers\n|upkeep\n|\n|t:|1632178956\n|switch|p1a: Doublade|Doublade, L82, M|231\/231\n|turn|14\n|\n|t:|1632178958\n|move|p1a: Doublade|Shadow Sneak|p2a: Zygarde\n|-damage|p2a: Zygarde|7\/416\n|move|p2a: Zygarde|Thousand Arrows|p1a: Doublade\n|-supereffective|p1a: Doublade\n|-damage|p1a: Doublade|141\/231\n|\n|-heal|p2a: Zygarde|33\/416|[from] item: Leftovers\n|upkeep\n|turn|15\n|\n|t:|1632178962\n|switch|p2a: Ferrothorn|Ferrothorn, L78, M|244\/244\n|move|p1a: Doublade|Shadow Sneak|p2a: Ferrothorn\n|-damage|p2a: Ferrothorn|210\/244\n|-damage|p1a: Doublade|113\/231|[from] ability: Iron Barbs|[of] p2a: Ferrothorn\n|\n|-heal|p2a: Ferrothorn|225\/244|[from] item: Leftovers\n|upkeep\n|turn|16\n|\n|t:|1632178966\n|move|p1a: Doublade|Close Combat|p2a: Ferrothorn\n|-supereffective|p2a: Ferrothorn\n|-damage|p2a: Ferrothorn|81\/244\n|-unboost|p1a: Doublade|def|1\n|-unboost|p1a: Doublade|spd|1\n|-damage|p1a: Doublade|85\/231|[from] ability: Iron Barbs|[of] p2a: Ferrothorn\n|move|p2a: Ferrothorn|Stealth Rock|p1a: Doublade\n|-sidestart|p1: Imsobaked|move: Stealth Rock\n|\n|-heal|p2a: Ferrothorn|96\/244|[from] item: Leftovers\n|upkeep\n|turn|17\n|\n|t:|1632178972\n|switch|p2a: Zygarde|Zygarde-Complete, L70|33\/416\n|move|p1a: Doublade|Close Combat|p2a: Zygarde\n|-damage|p2a: Zygarde|0 fnt\n|-unboost|p1a: Doublade|def|1\n|-unboost|p1a: Doublade|spd|1\n|faint|p2a: Zygarde\n|\n|upkeep\n|\n|t:|1632178975\n|switch|p2a: Zarude|Zarude, L78|292\/292\n|turn|18\n|\n|t:|1632178976\n|move|p2a: Zarude|Darkest Lariat|p1a: Doublade\n|-supereffective|p1a: Doublade\n|-damage|p1a: Doublade|7\/231\n|move|p1a: Doublade|Close Combat|p2a: Zarude\n|-supereffective|p2a: Zarude\n|-damage|p2a: Zarude|134\/292\n|-unboost|p1a: Doublade|def|1\n|-unboost|p1a: Doublade|spd|1\n|\n|-heal|p2a: Zarude|152\/292|[from] item: Leftovers\n|upkeep\n|turn|19\n|\n|t:|1632178981\n|move|p1a: Doublade|Shadow Sneak|p2a: Zarude\n|-resisted|p2a: Zarude\n|-damage|p2a: Zarude|131\/292\n|move|p2a: Zarude|Darkest Lariat|p1a: Doublade\n|-supereffective|p1a: Doublade\n|-damage|p1a: Doublade|0 fnt\n|faint|p1a: Doublade\n|\n|-heal|p2a: Zarude|149\/292|[from] item: Leftovers\n|upkeep\n|\n|t:|1632178992\n|switch|p1a: Heatmor|Heatmor, L90, M|299\/299\n|turn|20\n|\n|t:|1632178996\n|move|p2a: Zarude|Darkest Lariat|p1a: Heatmor\n|-damage|p1a: Heatmor|185\/299\n|move|p1a: Heatmor|Fire Lash|p2a: Zarude\n|-supereffective|p2a: Zarude\n|-damage|p2a: Zarude|0 fnt\n|faint|p2a: Zarude\n|\n|upkeep\n|\n|t:|1632178998\n|switch|p2a: Whiscash|Whiscash, L86, F|297\/329\n|turn|21\n|\n|t:|1632179000\n|move|p1a: Heatmor|Giga Drain|p2a: Whiscash\n|-supereffective|p2a: Whiscash\n|-damage|p2a: Whiscash|0 fnt\n|-heal|p1a: Heatmor|299\/299|[from] drain|[of] p2a: Whiscash\n|faint|p2a: Whiscash\n|\n|upkeep\n|inactive|TehranTyphlosions has 120 seconds left.\n|\n|t:|1632179045\n|switch|p2a: Liepard|Liepard, L86, F|250\/250\n|turn|22\n|\n|t:|1632179070\n|move|p2a: Liepard|Knock Off|p1a: Heatmor\n|-damage|p1a: Heatmor|131\/299\n|-enditem|p1a: Heatmor|Heavy-Duty Boots|[from] move: Knock Off|[of] p2a: Liepard\n|move|p1a: Heatmor|Fire Lash|p2a: Liepard\n|-damage|p2a: Liepard|118\/250\n|-unboost|p2a: Liepard|def|1\n|\n|upkeep\n|turn|23\n|\n|t:|1632179077\n|-start|p2a: Liepard|Dynamax\n|-heal|p2a: Liepard|236\/500|[silent]\n|move|p2a: Liepard|Max Darkness|p1a: Heatmor\n|-damage|p1a: Heatmor|0 fnt\n|faint|p1a: Heatmor\n|\n|upkeep\n|\n|t:|1632179080\n|switch|p1a: Xerneas|Xerneas, L67|280\/280\n|-damage|p1a: Xerneas|245\/280|[from] Stealth Rock\n|-ability|p1a: Xerneas|Fairy Aura\n|turn|24\n|\n|t:|1632179084\n|move|p2a: Liepard|Max Starfall|p1a: Xerneas\n|-damage|p1a: Xerneas|107\/280\n|-fieldstart|move: Misty Terrain\n|move|p1a: Xerneas|Geomancy||[still]\n|-prepare|p1a: Xerneas|Geomancy\n|-enditem|p1a: Xerneas|Power Herb\n|-anim|p1a: Xerneas|Geomancy|p1a: Xerneas\n|-boost|p1a: Xerneas|spa|2\n|-boost|p1a: Xerneas|spd|2\n|-boost|p1a: Xerneas|spe|2\n|\n|upkeep\n|turn|25\n|\n|t:|1632179089\n|-start|p1a: Xerneas|Dynamax\n|-heal|p1a: Xerneas|214\/560|[silent]\n|move|p1a: Xerneas|Max Starfall|p2a: Liepard\n|-supereffective|p2a: Liepard\n|-damage|p2a: Liepard|0 fnt\n|faint|p2a: Liepard\n|\n|upkeep\n|\n|t:|1632179093\n|switch|p2a: Ferrothorn|Ferrothorn, L78, M|96\/244\n|turn|26\n|\n|t:|1632179095\n|move|p1a: Xerneas|Max Starfall|p2a: Ferrothorn\n|-resisted|p2a: Ferrothorn\n|-damage|p2a: Ferrothorn|0 fnt\n|faint|p2a: Ferrothorn\n|\n|upkeep\n|\n|t:|1632179096\n|switch|p2a: Raichu|Raichu-Alola, L84, F|167\/238\n|turn|27\n|\n|t:|1632179098\n|move|p1a: Xerneas|Max Starfall|p2a: Raichu\n|-damage|p2a: Raichu|0 fnt\n|faint|p2a: Raichu\n|\n|win|Imsobaked\n|raw|Imsobaked's rating: 1879 &rarr; <strong>1901<\/strong><br \/>(+22 for winning)\n|raw|TehranTyphlosions's rating: 1920 &rarr; <strong>1898<\/strong><br \/>(-22 for losing)\n|l|\u2606TehranTyphlosions\n","inputlog":">version 31344c5d4dba51dd5b817b51e8b05fd3f9e12f6e\n>start {\"formatid\":\"gen8randombattle\",\"seed\":[34662,14799,14236,18053],\"rated\":\"Rated battle\"}\n>player p1 {\"name\":\"Imsobaked\",\"avatar\":\"hiker-gen4\",\"rating\":1879,\"seed\":[1459,33615,17549,52551]}\n>player p2 {\"name\":\"TehranTyphlosions\",\"avatar\":\"clair\",\"rating\":1920,\"seed\":[5387,14209,16975,18254]}\n>p1 move nastyplot\n>p2 switch 5\n>p1 switch 6\n>p2 move darkestlariat\n>p1 move bravebird\n>p2 switch 6\n>p1 switch 4\n>p2 move thunderbolt\n>p1 move voltswitch\n>p2 switch 3\n>p1 switch 4\n>p2 move liquidation\n>p1 move roost\n>p2 switch 5\n>p1 move bulkup\n>p2 move thousandarrows\n>p1 move bravebird\n>p2 move substitute\n>p1 move bravebird\n>p2 move dragondance\n>p1 move bravebird\n>p2 move thousandarrows\n>p1 move bravebird\n>p2 move thousandarrows\n>p1 switch 4\n>p1 move hypervoice\n>p2 move thousandarrows\n>p1 switch 5\n>p1 move shadowsneak\n>p2 move thousandarrows\n>p1 move shadowsneak\n>p2 switch 4\n>p1 move closecombat\n>p2 move stealthrock\n>p1 move closecombat\n>p2 switch 4\n>p2 switch 6\n>p1 move closecombat\n>p2 move darkestlariat\n>p1 move shadowsneak\n>p2 move darkestlariat\n>p1 switch 3\n>p1 move firelash\n>p2 move darkestlariat\n>p2 switch 5\n>p1 move gigadrain\n>p2 move dragondance\n>p2 switch 2\n>p1 move firelash\n>p2 move knockoff\n>p1 move firelash\n>p2 move knockoff dynamax\n>p1 switch 2\n>p1 move geomancy\n>p2 move playrough dynamax\n>p1 move moonblast dynamax\n>p2 move playrough dynamax\n>p2 switch 4\n>p1 move moonblast dynamax\n>p2 move gyroball\n>p2 switch 3\n>p1 move moonblast dynamax\n>p2 move thunderbolt","uploadtime":1632179106,"views":5,"p1id":"imsobaked","p2id":"tehrantyphlosions","formatid":"gen8randombattle","rating":1898,"private":0,"password":null}