{"id":"gen8bdspou-1459926487","p1":"not mb","p2":"fhdhfjdfjsfjjka","format":"gen8bdspou","log":"|j|\u2606not mb\n|j|\u2606fhdhfjdfjsfjjka\n|t:|1637722626\n|gametype|singles\n|player|p1|not mb|2|1272\n|player|p2|fhdhfjdfjsfjjka|swimmer|1262\n|teamsize|p1|6\n|teamsize|p2|6\n|gen|8\n|tier|[Gen 8 BDSP] OU\n|rated|\n|rule|Sleep Clause Mod: Limit one foe put to sleep\n|rule|Species Clause: Limit one of each Pok\u00e9mon\n|rule|OHKO Clause: OHKO moves are banned\n|rule|Evasion Moves Clause: Evasion moves are banned\n|rule|Endless Battle Clause: Forcing endless battles is banned\n|rule|HP Percentage Mod: HP is shown in percentages\n|clearpoke\n|poke|p1|Nidoking, M|\n|poke|p1|Aerodactyl, M|\n|poke|p1|Alakazam, F|\n|poke|p1|Dragonite, M|\n|poke|p1|Empoleon, M|\n|poke|p1|Infernape, M|\n|poke|p2|Latios, M|\n|poke|p2|Weavile, M|\n|poke|p2|Gastrodon, M|\n|poke|p2|Bronzong|\n|poke|p2|Skarmory, M|\n|poke|p2|Lucario, M|\n|teampreview\n|inactive|Battle timer is ON: inactive players will automatically lose when time's up. (requested by not mb)\n|\n|t:|1637722654\n|start\n|switch|p1a: Aerodactyl|Aerodactyl, M|100\/100\n|switch|p2a: Gastrodon|Gastrodon, M|100\/100\n|-ability|p1a: Aerodactyl|Pressure\n|turn|1\n|\n|t:|1637722658\n|move|p1a: Aerodactyl|Taunt|p2a: Gastrodon\n|-start|p2a: Gastrodon|move: Taunt\n|move|p2a: Gastrodon|Scald|p1a: Aerodactyl\n|-supereffective|p1a: Aerodactyl\n|-damage|p1a: Aerodactyl|24\/100\n|-status|p1a: Aerodactyl|brn\n|\n|-damage|p1a: Aerodactyl|18\/100 brn|[from] brn\n|upkeep\n|turn|2\n|\n|t:|1637722662\n|move|p1a: Aerodactyl|Stealth Rock|p2a: Gastrodon\n|-sidestart|p2: fhdhfjdfjsfjjka|move: Stealth Rock\n|move|p2a: Gastrodon|Scald|p1a: Aerodactyl\n|-supereffective|p1a: Aerodactyl\n|-damage|p1a: Aerodactyl|0 fnt\n|faint|p1a: Aerodactyl\n|\n|upkeep\n|\n|t:|1637722668\n|switch|p1a: Infernape|Infernape, M|100\/100\n|turn|3\n|\n|t:|1637722680\n|move|p1a: Infernape|U-turn|p2a: Gastrodon\n|-damage|p2a: Gastrodon|65\/100\n|\n|t:|1637722683\n|switch|p1a: Dragonite|Dragonite, M|100\/100|[from]move: U-turn\n|move|p2a: Gastrodon|Scald|p1a: Dragonite\n|-resisted|p1a: Dragonite\n|-damage|p1a: Dragonite|94\/100\n|-status|p1a: Dragonite|brn\n|\n|-heal|p2a: Gastrodon|71\/100|[from] item: Leftovers\n|-damage|p1a: Dragonite|87\/100 brn|[from] brn\n|-end|p2a: Gastrodon|move: Taunt\n|upkeep\n|turn|4\n|\n|t:|1637722687\n|move|p1a: Dragonite|Dragon Claw|p2a: Gastrodon\n|-damage|p2a: Gastrodon|33\/100\n|move|p2a: Gastrodon|Clear Smog|p1a: Dragonite\n|-damage|p1a: Dragonite|77\/100 brn\n|-clearboost|p1a: Dragonite\n|\n|-heal|p2a: Gastrodon|40\/100|[from] item: Leftovers\n|-damage|p1a: Dragonite|71\/100 brn|[from] brn\n|upkeep\n|turn|5\n|\n|t:|1637722690\n|move|p1a: Dragonite|Dragon Claw|p2a: Gastrodon\n|-damage|p2a: Gastrodon|0 fnt\n|faint|p2a: Gastrodon\n|\n|-damage|p1a: Dragonite|65\/100 brn|[from] brn\n|upkeep\n|c|\u2606not mb|thanks\n|\n|t:|1637722697\n|switch|p2a: Latios|Latios, M|100\/100\n|-damage|p2a: Latios|88\/100|[from] Stealth Rock\n|turn|6\n|\n|t:|1637722707\n|switch|p2a: Lucario|Lucario, M|100\/100\n|-damage|p2a: Lucario|98\/100|[from] Stealth Rock\n|move|p1a: Dragonite|Dragon Claw|p2a: Lucario\n|-resisted|p2a: Lucario\n|-damage|p2a: Lucario|71\/100\n|\n|-damage|p1a: Dragonite|58\/100 brn|[from] brn\n|upkeep\n|turn|7\n|\n|t:|1637722713\n|move|p2a: Lucario|Meteor Mash|p1a: Dragonite\n|-crit|p1a: Dragonite\n|-damage|p1a: Dragonite|0 fnt\n|faint|p1a: Dragonite\n|-damage|p2a: Lucario|61\/100|[from] item: Life Orb\n|\n|upkeep\n|\n|t:|1637722720\n|switch|p1a: Infernape|Infernape, M|100\/100\n|turn|8\n|\n|t:|1637722731\n|switch|p2a: Skarmory|Skarmory, M|100\/100\n|-damage|p2a: Skarmory|88\/100|[from] Stealth Rock\n|move|p1a: Infernape|Close Combat|p2a: Skarmory\n|-crit|p2a: Skarmory\n|-damage|p2a: Skarmory|3\/100\n|-unboost|p1a: Infernape|def|1\n|-unboost|p1a: Infernape|spd|1\n|\n|-heal|p2a: Skarmory|9\/100|[from] item: Leftovers\n|upkeep\n|turn|9\n|\n|t:|1637722736\n|move|p1a: Infernape|Close Combat|p2a: Skarmory\n|-damage|p2a: Skarmory|0 fnt\n|-unboost|p1a: Infernape|def|1\n|-unboost|p1a: Infernape|spd|1\n|faint|p2a: Skarmory\n|\n|upkeep\n|\n|t:|1637722738\n|switch|p2a: Lucario|Lucario, M|61\/100\n|-damage|p2a: Lucario|58\/100|[from] Stealth Rock\n|turn|10\n|\n|t:|1637722743\n|switch|p1a: Empoleon|Empoleon, M|100\/100\n|move|p2a: Lucario|Close Combat|p1a: Empoleon\n|-supereffective|p1a: Empoleon\n|-damage|p1a: Empoleon|0 fnt\n|-unboost|p2a: Lucario|def|1\n|-unboost|p2a: Lucario|spd|1\n|faint|p1a: Empoleon\n|-damage|p2a: Lucario|48\/100|[from] item: Life Orb\n|\n|upkeep\n|\n|t:|1637722745\n|switch|p1a: Infernape|Infernape, M|100\/100\n|turn|11\n|\n|t:|1637722750\n|switch|p2a: Latios|Latios, M|88\/100\n|-damage|p2a: Latios|76\/100|[from] Stealth Rock\n|move|p1a: Infernape|Mach Punch|p2a: Latios\n|-resisted|p2a: Latios\n|-damage|p2a: Latios|59\/100\n|\n|upkeep\n|turn|12\n|\n|t:|1637722757\n|switch|p1a: Alakazam|Alakazam, F|100\/100\n|move|p2a: Latios|Surf|p1a: Alakazam\n|-damage|p1a: Alakazam|47\/100\n|-damage|p2a: Latios|49\/100|[from] item: Life Orb\n|\n|upkeep\n|turn|13\n|\n|t:|1637722764\n|switch|p2a: Weavile|Weavile, M|100\/100\n|-damage|p2a: Weavile|76\/100|[from] Stealth Rock\n|-ability|p2a: Weavile|Pressure\n|move|p1a: Alakazam|Shadow Ball|p2a: Weavile\n|-resisted|p2a: Weavile\n|-damage|p2a: Weavile|57\/100\n|\n|upkeep\n|turn|14\n|\n|t:|1637722772\n|switch|p2a: Latios|Latios, M|49\/100\n|-damage|p2a: Latios|37\/100|[from] Stealth Rock\n|move|p1a: Alakazam|Thunder Wave|p2a: Latios\n|-status|p2a: Latios|par\n|\n|upkeep\n|turn|15\n|\n|t:|1637722777\n|move|p1a: Alakazam|Shadow Ball|p2a: Latios\n|-supereffective|p2a: Latios\n|-damage|p2a: Latios|0 fnt\n|faint|p2a: Latios\n|\n|upkeep\n|\n|t:|1637722780\n|switch|p2a: Lucario|Lucario, M|48\/100\n|-damage|p2a: Lucario|45\/100|[from] Stealth Rock\n|turn|16\n|\n|t:|1637722784\n|move|p2a: Lucario|Extreme Speed|p1a: Alakazam\n|-damage|p1a: Alakazam|0 fnt\n|faint|p1a: Alakazam\n|-damage|p2a: Lucario|35\/100|[from] item: Life Orb\n|\n|upkeep\n|\n|t:|1637722790\n|switch|p1a: Nidoking|Nidoking, M|100\/100\n|turn|17\n|\n|t:|1637722797\n|move|p1a: Nidoking|Toxic Spikes|p2a: Lucario\n|-sidestart|p2: fhdhfjdfjsfjjka|move: Toxic Spikes\n|move|p2a: Lucario|Meteor Mash|p1a: Nidoking\n|-damage|p1a: Nidoking|15\/100\n|-boost|p2a: Lucario|atk|1\n|-damage|p2a: Lucario|25\/100|[from] item: Life Orb\n|\n|upkeep\n|turn|18\n|\n|t:|1637722800\n|move|p2a: Lucario|Extreme Speed|p1a: Nidoking\n|-damage|p1a: Nidoking|0 fnt\n|faint|p1a: Nidoking\n|-damage|p2a: Lucario|15\/100|[from] item: Life Orb\n|\n|upkeep\n|-message|not mb forfeited.\n|\n|win|fhdhfjdfjsfjjka\n|raw|not mb's rating: 1272 &rarr; <strong>1246<\/strong><br \/>(-26 for losing)\n|raw|fhdhfjdfjsfjjka's rating: 1262 &rarr; <strong>1288<\/strong><br \/>(+26 for winning)\n|l|\u2606fhdhfjdfjsfjjka\n","uploadtime":1637722831,"views":33,"p1id":"notmb","p2id":"fhdhfjdfjsfjjka","formatid":"gen8bdspou","rating":1246,"private":0,"password":null}