{"id":"gen8nationaldexag-1544651723","p1":"Im \u300ecrystallized\u300f","p2":"fishy8995","format":"gen8nationaldexag","log":"|j|\u2606Im \u300ecrystallized\u300f\n|j|\u2606fishy8995\n|t:|1648934968\n|gametype|singles\n|player|p1|Im \u300ecrystallized\u300f|koga|1205\n|player|p2|fishy8995|2|1211\n|teamsize|p1|6\n|teamsize|p2|6\n|gen|8\n|tier|[Gen 8] National Dex AG\n|rated|\n|rule|HP Percentage Mod: HP is shown in percentages\n|rule|Endless Battle Clause: Forcing endless battles is banned\n|clearpoke\n|poke|p1|Dugtrio, M|\n|poke|p1|Buzzwole|\n|poke|p1|Lugia|\n|poke|p1|Quagsire, F|\n|poke|p1|Toxapex, M|\n|poke|p1|Blissey, F|\n|poke|p2|Hippowdon, F|\n|poke|p2|Tyranitar, M|\n|poke|p2|Excadrill, M|\n|poke|p2|Yanmega, F|\n|poke|p2|Toxapex, F|\n|poke|p2|Dracozolt|\n|teampreview\n|inactive|Battle timer is ON: inactive players will automatically lose when time's up. (requested by Im \u300ecrystallized\u300f)\n|\n|t:|1648934982\n|start\n|switch|p1a: Blissey|Blissey, F|100\/100\n|switch|p2a: Hippowdon|Hippowdon, F|100\/100\n|-weather|Sandstorm|[from] ability: Sand Stream|[of] p2a: Hippowdon\n|turn|1\n|\n|t:|1648934993\n|switch|p2a: Excadrill|Excadrill, M|100\/100\n|move|p1a: Blissey|Tri Attack|p2a: Excadrill\n|-resisted|p2a: Excadrill\n|-damage|p2a: Excadrill|69\/100\n|-status|p2a: Excadrill|par\n|\n|-weather|Sandstorm|[upkeep]\n|-damage|p1a: Blissey|94\/100|[from] Sandstorm\n|upkeep\n|turn|2\n|\n|t:|1648935004\n|move|p2a: Excadrill|Swords Dance|p2a: Excadrill\n|-boost|p2a: Excadrill|atk|2\n|move|p1a: Blissey|Tri Attack|p2a: Excadrill\n|-resisted|p2a: Excadrill\n|-damage|p2a: Excadrill|36\/100 par\n|\n|-weather|Sandstorm|[upkeep]\n|-damage|p1a: Blissey|88\/100|[from] Sandstorm\n|upkeep\n|turn|3\n|\n|t:|1648935015\n|-zpower|p2a: Excadrill\n|move|p2a: Excadrill|Corkscrew Crash|p1a: Blissey|[zeffect]\n|-crit|p1a: Blissey\n|-damage|p1a: Blissey|0 fnt\n|faint|p1a: Blissey\n|\n|-weather|Sandstorm|[upkeep]\n|upkeep\n|\n|t:|1648935026\n|switch|p1a: Quagsire|Quagsire, F|100\/100\n|turn|4\n|\n|t:|1648935030\n|move|p2a: Excadrill|Earthquake|p1a: Quagsire\n|-damage|p1a: Quagsire|47\/100\n|move|p1a: Quagsire|Liquidation|p2a: Excadrill\n|-supereffective|p2a: Excadrill\n|-damage|p2a: Excadrill|0 fnt\n|faint|p2a: Excadrill\n|\n|-weather|Sandstorm|[upkeep]\n|upkeep\n|\n|t:|1648935035\n|switch|p2a: Dracozolt|Dracozolt|100\/100\n|turn|5\n|c|\u2606Im \u300ecrystallized\u300f|unaware pog\n|c|\u2606fishy8995|wats pog\n|\n|t:|1648935048\n|-start|p2a: Dracozolt|Dynamax|\n|-heal|p2a: Dracozolt|100\/100|[silent]\n|move|p2a: Dracozolt|Max Wyrmwind|p1a: Quagsire\n|-damage|p1a: Quagsire|0 fnt\n|faint|p1a: Quagsire\n|-damage|p2a: Dracozolt|96\/100|[from] item: Life Orb\n|\n|-weather|Sandstorm|[upkeep]\n|upkeep\n|c|\u2606Im \u300ecrystallized\u300f|?\n|\n|t:|1648935056\n|switch|p1a: Toxapex|Toxapex, M|100\/100\n|turn|6\n|c|\u2606fishy8995|wats pog\n|c|\u2606Im \u300ecrystallized\u300f|?\n|\n|t:|1648935062\n|move|p1a: Toxapex|Baneful Bunker|p1a: Toxapex\n|-singleturn|p1a: Toxapex|move: Protect\n|move|p2a: Dracozolt|Max Quake|p1a: Toxapex\n|-supereffective|p1a: Toxapex\n|-zbroken|p1a: Toxapex\n|-damage|p1a: Toxapex|78\/100\n|-boost|p2a: Dracozolt|spd|1\n|-damage|p2a: Dracozolt|91\/100|[from] item: Life Orb\n|\n|-weather|Sandstorm|[upkeep]\n|-damage|p1a: Toxapex|72\/100|[from] Sandstorm\n|upkeep\n|turn|7\n|c|\u2606fishy8995|wats pog\n|\n|t:|1648935078\n|move|p2a: Dracozolt|Max Quake|p1a: Toxapex\n|-supereffective|p1a: Toxapex\n|-damage|p1a: Toxapex|0 fnt\n|-boost|p2a: Dracozolt|spd|1\n|faint|p1a: Toxapex\n|-damage|p2a: Dracozolt|86\/100|[from] item: Life Orb\n|\n|-weather|Sandstorm|[upkeep]\n|-end|p2a: Dracozolt|Dynamax\n|-heal|p2a: Dracozolt|86\/100|[silent]\n|upkeep\n|c|\u2606Im \u300ecrystallized\u300f|?\n|\n|t:|1648935084\n|switch|p1a: Dugtrio|Dugtrio, M|100\/100\n|turn|8\n|\n|t:|1648935092\n|move|p2a: Dracozolt|Dragon Rush|p1a: Dugtrio|[miss]\n|-miss|p2a: Dracozolt|p1a: Dugtrio\n|move|p1a: Dugtrio|Stealth Rock|p2a: Dracozolt\n|-sidestart|p2: fishy8995|move: Stealth Rock\n|\n|-weather|none\n|upkeep\n|turn|9\n|\n|t:|1648935097\n|move|p1a: Dugtrio|Earthquake|p2a: Dracozolt\n|-supereffective|p2a: Dracozolt\n|-damage|p2a: Dracozolt|0 fnt\n|faint|p2a: Dracozolt\n|\n|upkeep\n|\n|t:|1648935104\n|switch|p2a: Hippowdon|Hippowdon, F|100\/100\n|-damage|p2a: Hippowdon|94\/100|[from] Stealth Rock\n|-weather|Sandstorm|[from] ability: Sand Stream|[of] p2a: Hippowdon\n|turn|10\n|\n|t:|1648935117\n|move|p1a: Dugtrio|Earthquake|p2a: Hippowdon\n|-crit|p2a: Hippowdon\n|-damage|p2a: Hippowdon|60\/100\n|move|p2a: Hippowdon|Stealth Rock|p1a: Dugtrio\n|-sidestart|p1: Im \u300ecrystallized\u300f|move: Stealth Rock\n|\n|-weather|Sandstorm|[upkeep]\n|upkeep\n|turn|11\n|\n|t:|1648935122\n|move|p1a: Dugtrio|Sucker Punch||[still]\n|-fail|p1a: Dugtrio\n|move|p2a: Hippowdon|Toxic|p1a: Dugtrio\n|-status|p1a: Dugtrio|tox\n|\n|-weather|Sandstorm|[upkeep]\n|-damage|p1a: Dugtrio|94\/100 tox|[from] psn\n|upkeep\n|turn|12\n|\n|t:|1648935125\n|move|p1a: Dugtrio|Earthquake|p2a: Hippowdon\n|-damage|p2a: Hippowdon|38\/100\n|move|p2a: Hippowdon|Slack Off|p2a: Hippowdon\n|-heal|p2a: Hippowdon|88\/100\n|\n|-weather|Sandstorm|[upkeep]\n|-damage|p1a: Dugtrio|82\/100 tox|[from] psn\n|upkeep\n|turn|13\n|\n|t:|1648935130\n|move|p1a: Dugtrio|Earthquake|p2a: Hippowdon\n|-damage|p2a: Hippowdon|63\/100\n|move|p2a: Hippowdon|Toxic|p1a: Dugtrio|[miss]\n|-miss|p2a: Hippowdon|p1a: Dugtrio\n|\n|-weather|Sandstorm|[upkeep]\n|-damage|p1a: Dugtrio|64\/100 tox|[from] psn\n|upkeep\n|turn|14\n|\n|t:|1648935134\n|move|p1a: Dugtrio|Earthquake|p2a: Hippowdon\n|-damage|p2a: Hippowdon|40\/100\n|move|p2a: Hippowdon|Slack Off|p2a: Hippowdon\n|-heal|p2a: Hippowdon|90\/100\n|\n|-weather|Sandstorm|[upkeep]\n|-damage|p1a: Dugtrio|39\/100 tox|[from] psn\n|upkeep\n|turn|15\n|\n|t:|1648935138\n|move|p1a: Dugtrio|Reversal|p2a: Hippowdon\n|-damage|p2a: Hippowdon|83\/100\n|move|p2a: Hippowdon|Slack Off|p2a: Hippowdon\n|-heal|p2a: Hippowdon|100\/100\n|\n|-weather|Sandstorm|[upkeep]\n|-damage|p1a: Dugtrio|8\/100 tox|[from] psn\n|upkeep\n|turn|16\n|\n|t:|1648935143\n|move|p1a: Dugtrio|Reversal|p2a: Hippowdon\n|-damage|p2a: Hippowdon|79\/100\n|move|p2a: Hippowdon|Slack Off|p2a: Hippowdon\n|-heal|p2a: Hippowdon|100\/100\n|\n|-weather|Sandstorm|[upkeep]\n|-damage|p1a: Dugtrio|0 fnt|[from] psn\n|faint|p1a: Dugtrio\n|upkeep\n|\n|t:|1648935150\n|switch|p1a: Buzzwole|Buzzwole|100\/100\n|-damage|p1a: Buzzwole|88\/100|[from] Stealth Rock\n|turn|17\n|\n|t:|1648935153\n|move|p1a: Buzzwole|Bulk Up|p1a: Buzzwole\n|-boost|p1a: Buzzwole|atk|1\n|-boost|p1a: Buzzwole|def|1\n|move|p2a: Hippowdon|Toxic|p1a: Buzzwole\n|-status|p1a: Buzzwole|tox\n|\n|-weather|none\n|-damage|p1a: Buzzwole|82\/100 tox|[from] psn\n|upkeep\n|turn|18\n|\n|t:|1648935157\n|move|p1a: Buzzwole|Bulk Up|p1a: Buzzwole\n|-boost|p1a: Buzzwole|atk|1\n|-boost|p1a: Buzzwole|def|1\n|move|p2a: Hippowdon|Roar|p1a: Buzzwole\n|drag|p1a: Lugia|Lugia|100\/100\n|-damage|p1a: Lugia|76\/100|[from] Stealth Rock\n|\n|upkeep\n|turn|19\n|\n|t:|1648935163\n|move|p1a: Lugia|Calm Mind|p1a: Lugia\n|-boost|p1a: Lugia|spa|1\n|-boost|p1a: Lugia|spd|1\n|move|p2a: Hippowdon|Toxic|p1a: Lugia\n|-status|p1a: Lugia|tox\n|\n|-damage|p1a: Lugia|69\/100 tox|[from] psn\n|upkeep\n|turn|20\n|\n|t:|1648935167\n|move|p1a: Lugia|Calm Mind|p1a: Lugia\n|-boost|p1a: Lugia|spa|1\n|-boost|p1a: Lugia|spd|1\n|move|p2a: Hippowdon|Roar|p1a: Lugia\n|drag|p1a: Buzzwole|Buzzwole|82\/100 tox\n|-damage|p1a: Buzzwole|70\/100 tox|[from] Stealth Rock\n|\n|-damage|p1a: Buzzwole|63\/100 tox|[from] psn\n|upkeep\n|turn|21\n|\n|t:|1648935172\n|move|p1a: Buzzwole|Dual Wingbeat|p2a: Hippowdon\n|-damage|p2a: Hippowdon|93\/100\n|-damage|p2a: Hippowdon|85\/100\n|-hitcount|p2a: Hippowdon|2\n|move|p2a: Hippowdon|Roar|p1a: Buzzwole\n|drag|p1a: Lugia|Lugia|69\/100 tox\n|-damage|p1a: Lugia|44\/100 tox|[from] Stealth Rock\n|\n|-damage|p1a: Lugia|38\/100 tox|[from] psn\n|upkeep\n|turn|22\n|\n|t:|1648935178\n|move|p1a: Lugia|Psycho Boost|p2a: Hippowdon|[miss]\n|-miss|p1a: Lugia|p2a: Hippowdon\n|move|p2a: Hippowdon|Roar|p1a: Lugia\n|drag|p1a: Buzzwole|Buzzwole|63\/100 tox\n|-damage|p1a: Buzzwole|51\/100 tox|[from] Stealth Rock\n|\n|-damage|p1a: Buzzwole|45\/100 tox|[from] psn\n|upkeep\n|turn|23\n|\n|t:|1648935183\n|move|p1a: Buzzwole|Close Combat|p2a: Hippowdon\n|-damage|p2a: Hippowdon|51\/100\n|-unboost|p1a: Buzzwole|def|1\n|-unboost|p1a: Buzzwole|spd|1\n|move|p2a: Hippowdon|Slack Off|p2a: Hippowdon\n|-heal|p2a: Hippowdon|100\/100\n|\n|-damage|p1a: Buzzwole|32\/100 tox|[from] psn\n|upkeep\n|turn|24\n|c|\u2606Im \u300ecrystallized\u300f|annoying stall spam\n|c|\u2606fishy8995|wats pog\n|c|\u2606Im \u300ecrystallized\u300f|keys\n|c|\u2606Im \u300ecrystallized\u300f|without the e\n|-message|Im \u300ecrystallized\u300f forfeited.\n|\n|win|fishy8995\n|raw|Im \u300ecrystallized\u300f's rating: 1205 &rarr; <strong>1180<\/strong><br \/>(-25 for losing)\n|raw|fishy8995's rating: 1211 &rarr; <strong>1236<\/strong><br \/>(+25 for winning)\n|c|\u2606Im \u300ecrystallized\u300f|annoying stall\n|c|\u2606Im \u300ecrystallized\u300f|jump off a roof\n|l|\u2606Im \u300ecrystallized\u300f\n||Ladder isn't responding, score probably updated but might not have (Request timeout).\n","uploadtime":1648935247,"views":11,"p1id":"imcrystallized","p2id":"fishy8995","formatid":"gen8nationaldexag","rating":1180,"private":0,"password":null}