{"id":"gen8pu-1607089570","p1":"averagedays","p2":"PedroGreg","format":"gen8pu","log":"|j|\u2606averagedays\n|j|\u2606PedroGreg\n|t:|1656550589\n|gametype|singles\n|player|p1|averagedays|266|\n|player|p2|PedroGreg|#wcop2022brazil|\n|teamsize|p1|6\n|teamsize|p2|6\n|gen|8\n|tier|[Gen 8] PU\n|rated|Tournament battle\n|rule|Sleep Clause Mod: Limit one foe put to sleep\n|rule|Species Clause: Limit one of each Pok\u00e9mon\n|rule|OHKO Clause: OHKO moves are banned\n|rule|Evasion Moves Clause: Evasion moves are banned\n|rule|Endless Battle Clause: Forcing endless battles is banned\n|rule|HP Percentage Mod: HP is shown in percentages\n|rule|Dynamax Clause: You cannot dynamax\n|clearpoke\n|poke|p1|Whimsicott, M|\n|poke|p1|Cinccino, M|\n|poke|p1|Hitmonlee, M|\n|poke|p1|Jolteon, M|\n|poke|p1|Frosmoth, M|\n|poke|p1|Dusknoir, F|\n|poke|p2|Stunfisk-Galar, M|\n|poke|p2|Weezing, F|\n|poke|p2|Jellicent, F|\n|poke|p2|Magmortar, M|\n|poke|p2|Gallade, M|\n|poke|p2|Charizard, M|\n|teampreview\n|c|\u2606PedroGreg|hf\n|c|\u2606averagedays|gl hf\n|inactive|Battle timer is ON: inactive players will automatically lose when time's up. (requested by PedroGreg)\n|\n|t:|1656550608\n|start\n|switch|p1a: Jolteon|Jolteon, M|100\/100\n|switch|p2a: Weezing|Weezing, F|100\/100\n|turn|1\n|\n|t:|1656550622\n|switch|p1a: Dusknoir|Dusknoir, F|100\/100\n|-item|p2a: Weezing|Black Sludge|[from] ability: Frisk|[of] p1a: Dusknoir|[identify]\n|switch|p2a: Stunfisk|Stunfisk-Galar, M|100\/100\n|\n|upkeep\n|turn|2\n|\n|t:|1656550631\n|move|p1a: Dusknoir|Power-Up Punch|p2a: Stunfisk\n|-supereffective|p2a: Stunfisk\n|-damage|p2a: Stunfisk|79\/100\n|-boost|p1a: Dusknoir|atk|1\n|move|p2a: Stunfisk|Stealth Rock|p1a: Dusknoir\n|-sidestart|p1: averagedays|move: Stealth Rock\n|\n|-heal|p2a: Stunfisk|85\/100|[from] item: Leftovers\n|upkeep\n|turn|3\n|\n|t:|1656550647\n|switch|p2a: Weezing|Weezing, F|100\/100\n|move|p1a: Dusknoir|Power-Up Punch|p2a: Weezing\n|-resisted|p2a: Weezing\n|-damage|p2a: Weezing|94\/100\n|-boost|p1a: Dusknoir|atk|1\n|\n|-heal|p2a: Weezing|99\/100|[from] item: Black Sludge\n|upkeep\n|turn|4\n|\n|t:|1656550656\n|move|p2a: Weezing|Will-O-Wisp|p1a: Dusknoir|[miss]\n|-miss|p2a: Weezing|p1a: Dusknoir\n|move|p1a: Dusknoir|Poltergeist|p2a: Weezing\n|-activate|p2a: Weezing|move: Poltergeist|Black Sludge\n|-damage|p2a: Weezing|31\/100\n|\n|-heal|p2a: Weezing|37\/100|[from] item: Black Sludge\n|upkeep\n|turn|5\n|\n|t:|1656550680\n|move|p1a: Dusknoir|Shadow Sneak|p2a: Weezing\n|-damage|p2a: Weezing|12\/100\n|move|p2a: Weezing|Will-O-Wisp|p1a: Dusknoir|[miss]\n|-miss|p2a: Weezing|p1a: Dusknoir\n|\n|-heal|p2a: Weezing|18\/100|[from] item: Black Sludge\n|upkeep\n|turn|6\n|\n|t:|1656550689\n|move|p1a: Dusknoir|Shadow Sneak|p2a: Weezing\n|-damage|p2a: Weezing|0 fnt\n|faint|p2a: Weezing\n|\n|upkeep\n|\n|t:|1656550691\n|switch|p2a: Jellicent|Jellicent, F|100\/100\n|turn|7\n|\n|t:|1656550695\n|move|p1a: Dusknoir|Shadow Sneak|p2a: Jellicent\n|-supereffective|p2a: Jellicent\n|-damage|p2a: Jellicent|0 fnt\n|faint|p2a: Jellicent\n|\n|upkeep\n|-message|PedroGreg forfeited.\n|\n|win|averagedays\n|n|\u2606averagedays|averagedays\n|n|\u2606PedroGreg|pedrogreg\n","uploadtime":1656550699,"views":5,"p1id":"averagedays","p2id":"pedrogreg","formatid":"gen8pu","rating":0,"private":0,"password":null}