{"id":"gen8nationaldexag-1069582179","p1":"MO teamtest","p2":"yhdrslb","format":"gen8nationaldexag","log":"|j|\u2606MO teamtest\n|j|\u2606yhdrslb\n|player|p1|MO teamtest|101|1417\n|player|p2|yhdrslb|30|1404\n|teamsize|p1|6\n|teamsize|p2|6\n|gametype|singles\n|gen|8\n|tier|[Gen 8] National Dex AG\n|rated|\n|clearpoke\n|poke|p1|Shuckle, M|\n|poke|p1|Kyogre|\n|poke|p1|Yveltal|\n|poke|p1|Ditto|\n|poke|p1|Rayquaza|\n|poke|p1|Vivillon-Pokeball, F|\n|poke|p2|Espeon, F|\n|poke|p2|Whimsicott, F|\n|poke|p2|Lugia|\n|poke|p2|Smeargle, F|\n|poke|p2|Rayquaza|\n|poke|p2|Giratina|\n|rule|HP Percentage Mod: HP is shown in percentages\n|rule|Endless Battle Clause: Forcing endless battles is banned\n|teampreview\n|inactive|Battle timer is ON: inactive players will automatically lose when time's up. (requested by yhdrslb)\n|\n|start\n|switch|p1a: Vivillon|Vivillon-Pokeball, F|100\/100\n|switch|p2a: Espeon|Espeon, F|100\/100\n|turn|1\n|\n|move|p2a: Espeon|Trick|p1a: Vivillon\n|-activate|p2a: Espeon|move: Trick|[of] p1a: Vivillon\n|-item|p1a: Vivillon|Choice Scarf|[from] move: Trick\n|-item|p2a: Espeon|Leftovers|[from] move: Trick\n|move|p1a: Vivillon|Quiver Dance|p1a: Vivillon\n|-boost|p1a: Vivillon|spa|1\n|-boost|p1a: Vivillon|spd|1\n|-boost|p1a: Vivillon|spe|1\n|\n|upkeep\n|turn|2\n|\n|switch|p1a: Kyogre|Kyogre, shiny|100\/100\n|detailschange|p1a: Kyogre|Kyogre-Primal, shiny\n|-primal|p1a: Kyogre\n|-weather|PrimordialSea|[from] ability: Primordial Sea|[of] p1a: Kyogre\n|move|p2a: Espeon|Toxic|p1a: Kyogre\n|-status|p1a: Kyogre|tox\n|\n|-weather|PrimordialSea|[upkeep]\n|-damage|p1a: Kyogre|94\/100 tox|[from] psn\n|upkeep\n|turn|3\n|\n|switch|p2a: Giratina|Giratina|100\/100\n|-ability|p2a: Giratina|Pressure\n|move|p1a: Kyogre|Icy Wind|p2a: Giratina\n|-supereffective|p2a: Giratina\n|-damage|p2a: Giratina|81\/100\n|-unboost|p2a: Giratina|spe|1\n|\n|-weather|PrimordialSea|[upkeep]\n|-heal|p2a: Giratina|87\/100|[from] item: Leftovers\n|-damage|p1a: Kyogre|82\/100 tox|[from] psn\n|upkeep\n|turn|4\n|\n|move|p1a: Kyogre|Water Spout|p2a: Giratina\n|-resisted|p2a: Giratina\n|-damage|p2a: Giratina|62\/100\n|move|p2a: Giratina|Dragon Tail|p1a: Kyogre\n|-damage|p1a: Kyogre|66\/100 tox\n|-weather|none\n|drag|p1a: Vivillon|Vivillon-Pokeball, F|100\/100\n|\n|-heal|p2a: Giratina|68\/100|[from] item: Leftovers\n|upkeep\n|turn|5\n|\n|switch|p1a: Rayquaza|Rayquaza|100\/100\n|-ability|p1a: Rayquaza|Air Lock\n|switch|p2a: Espeon|Espeon, F|100\/100\n|\n|upkeep\n|turn|6\n|\n|detailschange|p1a: Rayquaza|Rayquaza-Mega\n|-mega|p1a: Rayquaza|Rayquaza|\n|-weather|DeltaStream|[from] ability: Delta Stream|[of] p1a: Rayquaza\n|move|p2a: Espeon|Reflect|p2a: Espeon\n|-sidestart|p2: yhdrslb|Reflect\n|move|p1a: Rayquaza|Dragon Ascent|p2a: Espeon\n|-damage|p2a: Espeon|9\/100\n|-unboost|p1a: Rayquaza|def|1\n|-unboost|p1a: Rayquaza|spd|1\n|-damage|p1a: Rayquaza|91\/100|[from] item: Life Orb\n|\n|-weather|DeltaStream|[upkeep]\n|-heal|p2a: Espeon|15\/100|[from] item: Leftovers\n|upkeep\n|turn|7\n|\n|switch|p2a: Lugia|Lugia|100\/100\n|move|p1a: Rayquaza|Extreme Speed|p2a: Lugia\n|-damage|p2a: Lugia|94\/100\n|-damage|p1a: Rayquaza|81\/100|[from] item: Life Orb\n|\n|-weather|DeltaStream|[upkeep]\n|-heal|p2a: Lugia|99\/100|[from] item: Leftovers\n|upkeep\n|turn|8\n|\n|-weather|none\n|switch|p1a: Kyogre|Kyogre-Primal, shiny|66\/100 tox\n|-weather|PrimordialSea|[from] ability: Primordial Sea|[of] p1a: Kyogre\n|move|p2a: Lugia|Toxic|p1a: Kyogre\n|-fail|p1a: Kyogre|tox\n|\n|-weather|PrimordialSea|[upkeep]\n|-heal|p2a: Lugia|100\/100|[from] item: Leftovers\n|-damage|p1a: Kyogre|60\/100 tox|[from] psn\n|upkeep\n|turn|9\n|\n|move|p1a: Kyogre|Icy Wind|p2a: Lugia\n|-supereffective|p2a: Lugia\n|-damage|p2a: Lugia|89\/100\n|-unboost|p2a: Lugia|spe|1\n|move|p2a: Lugia|Substitute|p2a: Lugia\n|-start|p2a: Lugia|Substitute\n|-damage|p2a: Lugia|64\/100\n|\n|-weather|PrimordialSea|[upkeep]\n|-heal|p2a: Lugia|70\/100|[from] item: Leftovers\n|-damage|p1a: Kyogre|48\/100 tox|[from] psn\n|upkeep\n|turn|10\n|\n|move|p1a: Kyogre|Thunder|p2a: Lugia\n|-supereffective|p2a: Lugia\n|-end|p2a: Lugia|Substitute\n|move|p2a: Lugia|Roost|p2a: Lugia\n|-heal|p2a: Lugia|100\/100\n|-singleturn|p2a: Lugia|move: Roost\n|\n|-weather|PrimordialSea|[upkeep]\n|-damage|p1a: Kyogre|29\/100 tox|[from] psn\n|-sideend|p2: yhdrslb|Reflect\n|upkeep\n|turn|11\n|\n|move|p1a: Kyogre|Thunder|p2a: Lugia\n|-supereffective|p2a: Lugia\n|-damage|p2a: Lugia|78\/100\n|move|p2a: Lugia|Substitute|p2a: Lugia\n|-start|p2a: Lugia|Substitute\n|-damage|p2a: Lugia|54\/100\n|\n|-weather|PrimordialSea|[upkeep]\n|-heal|p2a: Lugia|60\/100|[from] item: Leftovers\n|-damage|p1a: Kyogre|4\/100 tox|[from] psn\n|upkeep\n|turn|12\n|\n|move|p1a: Kyogre|Thunder|p2a: Lugia\n|-supereffective|p2a: Lugia\n|-crit|p2a: Lugia\n|-end|p2a: Lugia|Substitute\n|move|p2a: Lugia|Roost|p2a: Lugia\n|-heal|p2a: Lugia|100\/100\n|-singleturn|p2a: Lugia|move: Roost\n|\n|-weather|PrimordialSea|[upkeep]\n|-damage|p1a: Kyogre|0 fnt|[from] psn\n|faint|p1a: Kyogre\n|-weather|none\n|upkeep\n|\n|switch|p1a: Yveltal|Yveltal, shiny|100\/100\n|-ability|p1a: Yveltal|Dark Aura\n|turn|13\n|\n|move|p1a: Yveltal|Taunt|p2a: Lugia\n|-start|p2a: Lugia|move: Taunt\n|cant|p2a: Lugia|move: Taunt|Toxic\n|\n|upkeep\n|turn|14\n|\n|switch|p2a: Espeon|Espeon, F|15\/100\n|move|p1a: Yveltal|Dark Pulse|p2a: Espeon\n|-supereffective|p2a: Espeon\n|-damage|p2a: Espeon|0 fnt\n|-damage|p1a: Yveltal|91\/100|[from] item: Life Orb\n|faint|p2a: Espeon\n|\n|upkeep\n|\n|switch|p2a: Rayquaza|Rayquaza|100\/100\n|-ability|p2a: Rayquaza|Air Lock\n|turn|15\n|\n|switch|p1a: Shuckle|Shuckle, M, shiny|100\/100\n|detailschange|p2a: Rayquaza|Rayquaza-Mega\n|-mega|p2a: Rayquaza|Rayquaza|\n|-weather|DeltaStream|[from] ability: Delta Stream|[of] p2a: Rayquaza\n|move|p2a: Rayquaza|Dragon Ascent|p1a: Shuckle\n|-damage|p1a: Shuckle|38\/100\n|-unboost|p2a: Rayquaza|def|1\n|-unboost|p2a: Rayquaza|spd|1\n|-damage|p2a: Rayquaza|91\/100|[from] item: Life Orb\n|\n|-weather|DeltaStream|[upkeep]\n|upkeep\n|turn|16\n|\n|-weather|none\n|switch|p2a: Whimsicott|Whimsicott, F|100\/100\n|move|p1a: Shuckle|Stealth Rock|p2a: Whimsicott\n|-sidestart|p2: yhdrslb|move: Stealth Rock\n|\n|upkeep\n|turn|17\n|\n|move|p2a: Whimsicott|Defog|p1a: Shuckle\n|-unboost|p1a: Shuckle|evasion|1\n|-sideend|p2: yhdrslb|Stealth Rock|[from] move: Defog|[of] p2a: Whimsicott\n|move|p1a: Shuckle|Rock Tomb|p2a: Whimsicott\n|-damage|p2a: Whimsicott|96\/100\n|-unboost|p2a: Whimsicott|spe|1\n|\n|upkeep\n|turn|18\n|\n|move|p2a: Whimsicott|Leech Seed|p1a: Shuckle\n|-start|p1a: Shuckle|move: Leech Seed\n|move|p1a: Shuckle|Stealth Rock|p2a: Whimsicott\n|-sidestart|p2: yhdrslb|move: Stealth Rock\n|\n|-damage|p1a: Shuckle|25\/100|[from] Leech Seed|[of] p2a: Whimsicott\n|-heal|p2a: Whimsicott|100\/100|[silent]\n|upkeep\n|turn|19\n|\n|move|p2a: Whimsicott|Substitute|p2a: Whimsicott\n|-start|p2a: Whimsicott|Substitute\n|-damage|p2a: Whimsicott|76\/100\n|move|p1a: Shuckle|Encore|p2a: Whimsicott\n|-start|p2a: Whimsicott|Encore\n|\n|-damage|p1a: Shuckle|13\/100|[from] Leech Seed|[of] p2a: Whimsicott\n|-heal|p2a: Whimsicott|85\/100|[silent]\n|upkeep\n|turn|20\n|\n|switch|p1a: Yveltal|Yveltal, shiny|91\/100\n|-ability|p1a: Yveltal|Dark Aura\n|move|p2a: Whimsicott|Substitute|p2a: Whimsicott\n|-fail|p2a: Whimsicott|move: Substitute\n|\n|upkeep\n|turn|21\n|\n|move|p2a: Whimsicott|Substitute|p2a: Whimsicott\n|-fail|p2a: Whimsicott|move: Substitute\n|move|p1a: Yveltal|Oblivion Wing|p2a: Whimsicott\n|-supereffective|p2a: Whimsicott\n|-end|p2a: Whimsicott|Substitute\n|-heal|p1a: Yveltal|100\/100|[from] drain|[of] p2a: Whimsicott\n|-damage|p1a: Yveltal|91\/100|[from] item: Life Orb\n|\n|upkeep\n|turn|22\n|\n|switch|p2a: Giratina|Giratina|68\/100\n|-damage|p2a: Giratina|55\/100|[from] Stealth Rock\n|-ability|p2a: Giratina|Pressure\n|move|p1a: Yveltal|Oblivion Wing|p2a: Giratina\n|-damage|p2a: Giratina|27\/100\n|-heal|p1a: Yveltal|100\/100|[from] drain|[of] p2a: Giratina\n|-damage|p1a: Yveltal|91\/100|[from] item: Life Orb\n|\n|-heal|p2a: Giratina|34\/100|[from] item: Leftovers\n|upkeep\n|turn|23\n|\n|-start|p2a: Giratina|Dynamax\n|-heal|p2a: Giratina|34\/100|[silent]\n|move|p1a: Yveltal|Dark Pulse|p2a: Giratina\n|-supereffective|p2a: Giratina\n|-damage|p2a: Giratina|0 fnt\n|-damage|p1a: Yveltal|81\/100|[from] item: Life Orb\n|faint|p2a: Giratina\n|\n|upkeep\n|\n|switch|p2a: Rayquaza|Rayquaza-Mega|91\/100\n|-damage|p2a: Rayquaza|66\/100|[from] Stealth Rock\n|-weather|DeltaStream|[from] ability: Delta Stream|[of] p2a: Rayquaza\n|turn|24\n|\n|-weather|none\n|switch|p2a: Whimsicott|Whimsicott, F|85\/100\n|-damage|p2a: Whimsicott|72\/100|[from] Stealth Rock\n|switch|p1a: Shuckle|Shuckle, M, shiny|13\/100\n|\n|upkeep\n|turn|25\n|\n|move|p2a: Whimsicott|Defog|p1a: Shuckle\n|-unboost|p1a: Shuckle|evasion|1\n|-sideend|p2: yhdrslb|Stealth Rock|[from] move: Defog|[of] p2a: Whimsicott\n|move|p1a: Shuckle|Encore|p2a: Whimsicott\n|-start|p2a: Whimsicott|Encore\n|\n|upkeep\n|turn|26\n|\n|switch|p2a: Smeargle|Smeargle, F|100\/100\n|move|p1a: Shuckle|Stealth Rock|p2a: Smeargle\n|-sidestart|p2: yhdrslb|move: Stealth Rock\n|\n|-ability|p2a: Smeargle|Moody|boost\n|-boost|p2a: Smeargle|def|2\n|-unboost|p2a: Smeargle|atk|1\n|upkeep\n|turn|27\n|\n|move|p2a: Smeargle|Nuzzle|p1a: Shuckle\n|-damage|p1a: Shuckle|12\/100\n|-status|p1a: Shuckle|par\n|move|p1a: Shuckle|Rock Tomb|p2a: Smeargle\n|-damage|p2a: Smeargle|94\/100\n|-unboost|p2a: Smeargle|spe|1\n|\n|-ability|p2a: Smeargle|Moody|boost\n|-boost|p2a: Smeargle|spd|2\n|-unboost|p2a: Smeargle|def|1\n|upkeep\n|turn|28\n|\n|switch|p2a: Whimsicott|Whimsicott, F|72\/100\n|-damage|p2a: Whimsicott|60\/100|[from] Stealth Rock\n|move|p1a: Shuckle|Encore||[still]\n|-fail|p1a: Shuckle\n|\n|upkeep\n|turn|29\n|\n|switch|p1a: Yveltal|Yveltal, shiny|81\/100\n|-ability|p1a: Yveltal|Dark Aura\n|move|p2a: Whimsicott|Defog|p1a: Yveltal\n|-hint|Since gen 7, Dark is immune to Prankster moves.\n|-immune|p1a: Yveltal\n|\n|upkeep\n|turn|30\n|\n|switch|p2a: Smeargle|Smeargle, F|94\/100\n|-damage|p2a: Smeargle|81\/100|[from] Stealth Rock\n|move|p1a: Yveltal|Oblivion Wing|p2a: Smeargle\n|-damage|p2a: Smeargle|0 fnt\n|-heal|p1a: Yveltal|100\/100|[from] drain|[of] p2a: Smeargle\n|-damage|p1a: Yveltal|91\/100|[from] item: Life Orb\n|faint|p2a: Smeargle\n|\n|upkeep\n|\n|switch|p2a: Rayquaza|Rayquaza-Mega|66\/100\n|-damage|p2a: Rayquaza|41\/100|[from] Stealth Rock\n|-weather|DeltaStream|[from] ability: Delta Stream|[of] p2a: Rayquaza\n|turn|31\n|-message|yhdrslb forfeited.\n|\n|win|MO teamtest\n|l|\u2606yhdrslb\n|raw|MO teamtest's rating: 1425 &rarr; <strong>1444<\/strong><br \/>(+19 for winning)\n|raw|yhdrslb's rating: 1404 &rarr; <strong>1385<\/strong><br \/>(-19 for losing)\n","uploadtime":1582729835,"views":3,"p1id":"moteamtest","p2id":"yhdrslb","formatid":"gen8nationaldexag","rating":1385,"private":0,"password":null}