{"id":"gen8ou-1427615080","p1":"Infernoss","p2":"dreaming eyes","format":"gen8ou","log":"|j|\u2606Infernoss\n|j|\u2606dreaming eyes\n|t:|1633133024\n|gametype|singles\n|player|p1|Infernoss|chili|1751\n|player|p2|dreaming eyes|pokemonranger-gen4|1695\n|teamsize|p1|6\n|teamsize|p2|6\n|gen|8\n|tier|[Gen 8] OU\n|rated|\n|rule|Sleep Clause Mod: Limit one foe put to sleep\n|rule|Species Clause: Limit one of each Pok\u00e9mon\n|rule|OHKO Clause: OHKO moves are banned\n|rule|Evasion Moves Clause: Evasion moves are banned\n|rule|Endless Battle Clause: Forcing endless battles is banned\n|rule|HP Percentage Mod: HP is shown in percentages\n|rule|Dynamax Clause: You cannot dynamax\n|clearpoke\n|poke|p1|Slowbro, F|\n|poke|p1|Hatterene, F|\n|poke|p1|Marowak-Alola, M|\n|poke|p1|Ferrothorn, M|\n|poke|p1|Garchomp, F|\n|poke|p1|Drampa, M|\n|poke|p2|Zapdos|\n|poke|p2|Kartana|\n|poke|p2|Tapu Lele|\n|poke|p2|Urshifu-*, F|\n|poke|p2|Polteageist-Antique|\n|poke|p2|Garchomp, F|\n|teampreview\n|inactive|Battle timer is ON: inactive players will automatically lose when time's up. (requested by dreaming eyes)\n|inactive|dreaming eyes has 120 seconds left.\n|c|\u2606dreaming eyes|trickroom is lame, but you got a drampa so imma let it slide\n|inactive|dreaming eyes has 90 seconds left.\n|\n|t:|1633133102\n|start\n|switch|p1a: Sharpo|Garchomp, F|100\/100\n|switch|p2a: Urshifu|Urshifu-Rapid-Strike, F|100\/100\n|turn|1\n|j| asf4ede\n|inactive|dreaming eyes has 120 seconds left.\n|inactive|Infernoss has 120 seconds left.\n|\n|t:|1633133135\n|move|p1a: Sharpo|Earthquake|p2a: Urshifu\n|-damage|p2a: Urshifu|49\/100\n|move|p2a: Urshifu|Close Combat|p1a: Sharpo\n|-damage|p1a: Sharpo|14\/100\n|-unboost|p2a: Urshifu|def|1\n|-unboost|p2a: Urshifu|spd|1\n|-damage|p2a: Urshifu|36\/100|[from] ability: Rough Skin|[of] p1a: Sharpo\n|\n|-heal|p1a: Sharpo|20\/100|[from] item: Leftovers\n|upkeep\n|turn|2\n|inactive|dreaming eyes has 120 seconds left.\n|inactive|Infernoss has 120 seconds left.\n|c|\u2606dreaming eyes|damn i pretty much min rolled\n|inactive|dreaming eyes has 90 seconds left.\n|\n|t:|1633133186\n|switch|p1a: Hatterene|Hatterene, F|100\/100\n|move|p2a: Urshifu|Close Combat|p1a: Hatterene\n|-resisted|p1a: Hatterene\n|-damage|p1a: Hatterene|73\/100\n|-unboost|p2a: Urshifu|def|1\n|-unboost|p2a: Urshifu|spd|1\n|\n|upkeep\n|turn|3\n|inactive|Infernoss has 120 seconds left.\n|\n|t:|1633133198\n|move|p2a: Urshifu|Close Combat|p1a: Hatterene\n|-resisted|p1a: Hatterene\n|-damage|p1a: Hatterene|45\/100\n|-unboost|p2a: Urshifu|def|1\n|-unboost|p2a: Urshifu|spd|1\n|move|p1a: Hatterene|Trick Room|p1a: Hatterene\n|-fieldstart|move: Trick Room|[of] p1a: Hatterene\n|\n|upkeep\n|turn|4\n|inactive|Infernoss has 120 seconds left.\n|\n|t:|1633133216\n|switch|p2a: Garchomp|Garchomp, F|100\/100\n|move|p1a: Hatterene|Draining Kiss|p2a: Garchomp\n|-supereffective|p2a: Garchomp\n|-damage|p2a: Garchomp|55\/100\n|-heal|p1a: Hatterene|84\/100|[from] drain|[of] p2a: Garchomp\n|-damage|p1a: Hatterene|72\/100|[from] ability: Rough Skin|[of] p2a: Garchomp\n|\n|upkeep\n|turn|5\n|\n|t:|1633133224\n|move|p1a: Hatterene|Draining Kiss|p2a: Garchomp\n|-supereffective|p2a: Garchomp\n|-damage|p2a: Garchomp|8\/100\n|-heal|p1a: Hatterene|100\/100|[from] drain|[of] p2a: Garchomp\n|-damage|p1a: Hatterene|88\/100|[from] ability: Rough Skin|[of] p2a: Garchomp\n|move|p2a: Garchomp|Earthquake|p1a: Hatterene\n|-damage|p1a: Hatterene|16\/100\n|-damage|p2a: Garchomp|0 fnt|[from] item: Life Orb\n|faint|p2a: Garchomp\n|\n|upkeep\n|\n|t:|1633133236\n|switch|p2a: Urshifu|Urshifu-Rapid-Strike, F|36\/100\n|turn|6\n|\n|t:|1633133245\n|switch|p1a: Falko|Drampa, M|100\/100\n|move|p2a: Urshifu|U-turn|p1a: Falko\n|-crit|p1a: Falko\n|-damage|p1a: Falko|36\/100\n|-ability|p1a: Falko|Berserk|boost\n|-boost|p1a: Falko|spa|1\n|\n|t:|1633133258\n|switch|p2a: Tapu Lele|Tapu Lele|100\/100|[from]move: U-turn\n|-fieldstart|move: Psychic Terrain|[from] ability: Psychic Surge|[of] p2a: Tapu Lele\n|\n|upkeep\n|turn|7\n|\n|t:|1633133265\n|switch|p2a: Urshifu|Urshifu-Rapid-Strike, F|36\/100\n|move|p1a: Falko|Hyper Voice|p2a: Urshifu\n|-damage|p2a: Urshifu|0 fnt\n|faint|p2a: Urshifu\n|-damage|p1a: Falko|26\/100|[from] item: Life Orb\n|\n|-fieldend|move: Trick Room\n|upkeep\n|\n|t:|1633133283\n|switch|p2a: Polteageist|Polteageist-Antique|100\/100\n|turn|8\n|inactive|dreaming eyes has 60 seconds left.\n|inactive|dreaming eyes has 30 seconds left.\n|\n|t:|1633133341\n|switch|p2a: Zapdos|Zapdos|100\/100\n|move|p1a: Falko|Thunderbolt|p2a: Zapdos\n|-damage|p2a: Zapdos|15\/100\n|-damage|p1a: Falko|16\/100|[from] item: Life Orb\n|\n|upkeep\n|turn|9\n|inactive|dreaming eyes has 30 seconds left.\n|inactive|Infernoss has 120 seconds left.\n|\n|t:|1633133375\n|move|p2a: Zapdos|Hurricane|p1a: Falko\n|-damage|p1a: Falko|0 fnt\n|faint|p1a: Falko\n|\n|upkeep\n|inactive|Infernoss has 120 seconds left.\n|\n|t:|1633133400\n|switch|p1a: Sharpo|Garchomp, F|20\/100\n|turn|10\n|\n|t:|1633133411\n|switch|p2a: Kartana|Kartana|100\/100\n|move|p1a: Sharpo|Scale Shot|p2a: Kartana\n|-resisted|p2a: Kartana\n|-damage|p2a: Kartana|93\/100\n|-resisted|p2a: Kartana\n|-damage|p2a: Kartana|87\/100\n|-hitcount|p2a: Kartana|2\n|-unboost|p1a: Sharpo|def|1\n|-boost|p1a: Sharpo|spe|1\n|\n|-heal|p1a: Sharpo|26\/100|[from] item: Leftovers\n|-fieldend|move: Psychic Terrain\n|upkeep\n|turn|11\n|inactive|Infernoss has 120 seconds left.\n|\n|t:|1633133434\n|switch|p1a: Hatterene|Hatterene, F|16\/100\n|move|p2a: Kartana|Knock Off|p1a: Hatterene\n|-damage|p1a: Hatterene|0 fnt\n|-enditem|p1a: Hatterene|Kasib Berry|[from] move: Knock Off|[of] p2a: Kartana\n|faint|p1a: Hatterene\n|-ability|p2a: Kartana|Beast Boost|boost\n|-boost|p2a: Kartana|atk|1\n|-damage|p2a: Kartana|77\/100|[from] item: Life Orb\n|\n|upkeep\n|\n|t:|1633133444\n|switch|p1a: Sonso|Slowbro, F|100\/100\n|turn|12\n|\n|t:|1633133449\n|move|p2a: Kartana|Leaf Blade|p1a: Sonso\n|-supereffective|p1a: Sonso\n|-crit|p1a: Sonso\n|-damage|p1a: Sonso|0 fnt\n|faint|p1a: Sonso\n|-ability|p2a: Kartana|Beast Boost|boost\n|-boost|p2a: Kartana|atk|1\n|-damage|p2a: Kartana|67\/100|[from] item: Life Orb\n|\n|upkeep\n|-message|Infernoss forfeited.\n|\n|win|dreaming eyes\n|raw|Infernoss's rating: 1751 &rarr; <strong>1728<\/strong><br \/>(-23 for losing)\n|raw|dreaming eyes's rating: 1695 &rarr; <strong>1718<\/strong><br \/>(+23 for winning)\n|l|\u2606Infernoss\n","uploadtime":1633133461,"views":52,"p1id":"infernoss","p2id":"dreamingeyes","formatid":"gen8ou","rating":1718,"private":0,"password":null}