{"id":"gen8ou-1616742788","p1":"Free Wifi Hotspot","p2":"Agent Strike","format":"gen8ou","log":"|j|\u2606Free Wifi Hotspot\n|j|\u2606Agent Strike\n|t:|1657753919\n|gametype|singles\n|player|p1|Free Wifi Hotspot|101|1675\n|player|p2|Agent Strike|policeman-gen4|1694\n|teamsize|p1|6\n|teamsize|p2|6\n|gen|8\n|tier|[Gen 8] OU\n|rated|\n|rule|Sleep Clause Mod: Limit one foe put to sleep\n|rule|Species Clause: Limit one of each Pok\u00e9mon\n|rule|OHKO Clause: OHKO moves are banned\n|rule|Evasion Moves Clause: Evasion moves are banned\n|rule|Endless Battle Clause: Forcing endless battles is banned\n|rule|HP Percentage Mod: HP is shown in percentages\n|rule|Dynamax Clause: You cannot dynamax\n|clearpoke\n|poke|p1|Urshifu-*, M|\n|poke|p1|Corviknight, F|\n|poke|p1|Slowking-Galar, F|\n|poke|p1|Weavile, M|\n|poke|p1|Garchomp, F|\n|poke|p1|Rillaboom, F|\n|poke|p2|Toxapex, M|\n|poke|p2|Ferrothorn, M|\n|poke|p2|Mew|\n|poke|p2|Gengar, F|\n|poke|p2|Volcarona, F|\n|poke|p2|Landorus-Therian, M|\n|teampreview\n|inactive|Battle timer is ON: inactive players will automatically lose when time's up. (requested by Free Wifi Hotspot)\n|j| Sudfh\n|\n|t:|1657753925\n|start\n|switch|p1a: Weavile|Weavile, M|100\/100\n|switch|p2a: Gengar|Gengar, F, shiny|100\/100\n|-ability|p1a: Weavile|Pressure\n|turn|1\n|\n|t:|1657753928\n|move|p2a: Gengar|Focus Blast|p1a: Weavile\n|-supereffective|p1a: Weavile\n|-damage|p1a: Weavile|0 fnt\n|faint|p1a: Weavile\n|\n|upkeep\n|\n|t:|1657753936\n|switch|p1a: Garchomp|Garchomp, F|100\/100\n|turn|2\n|\n|t:|1657753939\n|switch|p2a: Mew|Mew, shiny|100\/100\n|move|p1a: Garchomp|Stealth Rock|p2a: Mew\n|-sidestart|p2: Agent Strike|move: Stealth Rock\n|\n|upkeep\n|turn|3\n|\n|t:|1657753945\n|move|p2a: Mew|Ice Beam|p1a: Garchomp\n|-supereffective|p1a: Garchomp\n|-damage|p1a: Garchomp|0 fnt\n|faint|p1a: Garchomp\n|\n|upkeep\n|\n|t:|1657753952\n|switch|p1a: Slowking|Slowking-Galar, F|100\/100\n|turn|4\n|\n|t:|1657753954\n|move|p2a: Mew|Stealth Rock|p1a: Slowking\n|-sidestart|p1: Free Wifi Hotspot|move: Stealth Rock\n|move|p1a: Slowking|Sludge Bomb|p2a: Mew\n|-damage|p2a: Mew|50\/100\n|\n|upkeep\n|turn|5\n|\n|t:|1657753958\n|switch|p2a: Landorus|Landorus-Therian, M|100\/100\n|-damage|p2a: Landorus|88\/100|[from] Stealth Rock\n|-ability|p2a: Landorus|Intimidate|boost\n|-unboost|p1a: Slowking|atk|1\n|move|p1a: Slowking|Sludge Bomb|p2a: Landorus\n|-resisted|p2a: Landorus\n|-damage|p2a: Landorus|60\/100\n|\n|-heal|p2a: Landorus|66\/100|[from] item: Leftovers\n|upkeep\n|turn|6\n|\n|t:|1657753961\n|move|p2a: Landorus|U-turn|p1a: Slowking\n|-damage|p1a: Slowking|72\/100\n|\n|t:|1657753968\n|switch|p2a: Volcarona|Volcarona, F|100\/100|[from]move: U-turn\n|move|p1a: Slowking|Scald|p2a: Volcarona\n|-supereffective|p2a: Volcarona\n|-damage|p2a: Volcarona|49\/100\n|\n|upkeep\n|turn|7\n|\n|t:|1657753977\n|move|p2a: Volcarona|Quiver Dance|p2a: Volcarona\n|-boost|p2a: Volcarona|spa|1\n|-boost|p2a: Volcarona|spd|1\n|-boost|p2a: Volcarona|spe|1\n|move|p1a: Slowking|Scald|p2a: Volcarona\n|-supereffective|p2a: Volcarona\n|-damage|p2a: Volcarona|18\/100\n|\n|upkeep\n|turn|8\n|\n|t:|1657753980\n|move|p2a: Volcarona|Roost|p2a: Volcarona\n|-heal|p2a: Volcarona|68\/100\n|-singleturn|p2a: Volcarona|move: Roost\n|move|p1a: Slowking|Sludge Bomb|p2a: Volcarona\n|-damage|p2a: Volcarona|39\/100\n|\n|upkeep\n|turn|9\n|\n|t:|1657753983\n|move|p2a: Volcarona|Roost|p2a: Volcarona\n|-heal|p2a: Volcarona|89\/100\n|-singleturn|p2a: Volcarona|move: Roost\n|move|p1a: Slowking|Sludge Bomb|p2a: Volcarona\n|-damage|p2a: Volcarona|64\/100\n|\n|upkeep\n|turn|10\n|\n|t:|1657753984\n|move|p2a: Volcarona|Quiver Dance|p2a: Volcarona\n|-boost|p2a: Volcarona|spa|1\n|-boost|p2a: Volcarona|spd|1\n|-boost|p2a: Volcarona|spe|1\n|move|p1a: Slowking|Sludge Bomb|p2a: Volcarona\n|-damage|p2a: Volcarona|46\/100\n|\n|upkeep\n|turn|11\n|\n|t:|1657753986\n|move|p2a: Volcarona|Roost|p2a: Volcarona\n|-heal|p2a: Volcarona|96\/100\n|-singleturn|p2a: Volcarona|move: Roost\n|move|p1a: Slowking|Sludge Bomb|p2a: Volcarona\n|-damage|p2a: Volcarona|74\/100\n|-status|p2a: Volcarona|psn\n|\n|-damage|p2a: Volcarona|62\/100 psn|[from] psn\n|upkeep\n|turn|12\n|\n|t:|1657753990\n|move|p2a: Volcarona|Flamethrower|p1a: Slowking\n|-damage|p1a: Slowking|29\/100\n|move|p1a: Slowking|Sludge Bomb|p2a: Volcarona\n|-damage|p2a: Volcarona|40\/100 psn\n|\n|-damage|p2a: Volcarona|27\/100 psn|[from] psn\n|upkeep\n|turn|13\n|l| Sudfh\n|\n|t:|1657753996\n|move|p2a: Volcarona|Flamethrower|p1a: Slowking\n|-damage|p1a: Slowking|0 fnt\n|faint|p1a: Slowking\n|\n|-damage|p2a: Volcarona|15\/100 psn|[from] psn\n|upkeep\n|\n|t:|1657753998\n|switch|p1a: Urshifu|Urshifu-Rapid-Strike, M|100\/100\n|-damage|p1a: Urshifu|94\/100|[from] Stealth Rock\n|turn|14\n|\n|t:|1657754000\n|move|p1a: Urshifu|Aqua Jet|p2a: Volcarona\n|-supereffective|p2a: Volcarona\n|-damage|p2a: Volcarona|0 fnt\n|faint|p2a: Volcarona\n|\n|upkeep\n|j| Sudfh\n|\n|t:|1657754005\n|switch|p2a: Landorus|Landorus-Therian, M|66\/100\n|-damage|p2a: Landorus|54\/100|[from] Stealth Rock\n|-ability|p2a: Landorus|Intimidate|boost\n|-unboost|p1a: Urshifu|atk|1\n|turn|15\n|\n|t:|1657754011\n|switch|p2a: Toxapex|Toxapex, M, shiny|100\/100\n|-damage|p2a: Toxapex|88\/100|[from] Stealth Rock\n|move|p1a: Urshifu|Surging Strikes|p2a: Toxapex\n|-resisted|p2a: Toxapex\n|-crit|p2a: Toxapex\n|-damage|p2a: Toxapex|82\/100\n|-resisted|p2a: Toxapex\n|-crit|p2a: Toxapex\n|-damage|p2a: Toxapex|76\/100\n|-resisted|p2a: Toxapex\n|-crit|p2a: Toxapex\n|-damage|p2a: Toxapex|70\/100\n|-hitcount|p2a: Toxapex|3\n|\n|upkeep\n|turn|16\n|\n|t:|1657754014\n|move|p1a: Urshifu|U-turn|p2a: Toxapex\n|-resisted|p2a: Toxapex\n|-damage|p2a: Toxapex|64\/100\n|\n|t:|1657754016\n|switch|p1a: Corviknight|Corviknight, F|100\/100|[from]move: U-turn\n|-damage|p1a: Corviknight|88\/100|[from] Stealth Rock\n|-ability|p1a: Corviknight|Pressure\n|move|p2a: Toxapex|Toxic Spikes|p1a: Corviknight\n|-sidestart|p1: Free Wifi Hotspot|move: Toxic Spikes\n|\n|upkeep\n|turn|17\n|\n|t:|1657754021\n|switch|p2a: Ferrothorn|Ferrothorn, M|100\/100\n|-damage|p2a: Ferrothorn|94\/100|[from] Stealth Rock\n|move|p1a: Corviknight|Defog|p2a: Ferrothorn\n|-unboost|p2a: Ferrothorn|evasion|1\n|-sideend|p2: Agent Strike|Stealth Rock|[from] move: Defog|[of] p1a: Corviknight\n|-sideend|p1: Free Wifi Hotspot|Toxic Spikes|[from] move: Defog|[of] p1a: Corviknight\n|-sideend|p1: Free Wifi Hotspot|Stealth Rock|[from] move: Defog|[of] p1a: Corviknight\n|\n|-heal|p2a: Ferrothorn|100\/100|[from] item: Leftovers\n|upkeep\n|turn|18\n|\n|t:|1657754024\n|move|p1a: Corviknight|U-turn|p2a: Ferrothorn\n|-damage|p2a: Ferrothorn|92\/100\n|-damage|p1a: Corviknight|76\/100|[from] ability: Iron Barbs|[of] p2a: Ferrothorn\n|\n|t:|1657754025\n|switch|p1a: Rillaboom|Rillaboom, F|100\/100|[from]move: U-turn\n|-fieldstart|move: Grassy Terrain|[from] ability: Grassy Surge|[of] p1a: Rillaboom\n|move|p2a: Ferrothorn|Thunder Wave|p1a: Rillaboom\n|-status|p1a: Rillaboom|par\n|\n|-heal|p2a: Ferrothorn|98\/100|[from] Grassy Terrain\n|-heal|p2a: Ferrothorn|100\/100|[from] item: Leftovers\n|upkeep\n|turn|19\n|l| Sudfh\n|\n|t:|1657754032\n|switch|p2a: Mew|Mew, shiny|50\/100\n|move|p1a: Rillaboom|Swords Dance|p1a: Rillaboom\n|-boost|p1a: Rillaboom|atk|2\n|\n|-heal|p2a: Mew|57\/100|[from] Grassy Terrain\n|upkeep\n|turn|20\n|\n|t:|1657754035\n|move|p1a: Rillaboom|Grassy Glide|p2a: Mew\n|-damage|p2a: Mew|0 fnt\n|faint|p2a: Mew\n|-damage|p1a: Rillaboom|91\/100 par|[from] item: Life Orb\n|\n|-heal|p1a: Rillaboom|97\/100 par|[from] Grassy Terrain\n|upkeep\n|\n|t:|1657754050\n|switch|p2a: Gengar|Gengar, F, shiny|100\/100\n|turn|21\n|\n|t:|1657754052\n|move|p1a: Rillaboom|Grassy Glide|p2a: Gengar\n|-resisted|p2a: Gengar\n|-damage|p2a: Gengar|0 fnt\n|faint|p2a: Gengar\n|-damage|p1a: Rillaboom|87\/100 par|[from] item: Life Orb\n|\n|-heal|p1a: Rillaboom|93\/100 par|[from] Grassy Terrain\n|upkeep\n|\n|t:|1657754060\n|switch|p2a: Toxapex|Toxapex, M, shiny|98\/100\n|turn|22\n|\n|t:|1657754064\n|cant|p1a: Rillaboom|par\n|move|p2a: Toxapex|Haze|p2a: Toxapex\n|-clearallboost\n|\n|-heal|p1a: Rillaboom|99\/100 par|[from] Grassy Terrain\n|-heal|p2a: Toxapex|100\/100|[from] Grassy Terrain\n|-fieldend|move: Grassy Terrain\n|upkeep\n|turn|23\n|\n|t:|1657754070\n|cant|p1a: Rillaboom|par\n|move|p2a: Toxapex|Toxic Spikes|p1a: Rillaboom\n|-sidestart|p1: Free Wifi Hotspot|move: Toxic Spikes\n|\n|upkeep\n|turn|24\n|\n|t:|1657754074\n|cant|p1a: Rillaboom|par\n|move|p2a: Toxapex|Scald|p1a: Rillaboom\n|-resisted|p1a: Rillaboom\n|-damage|p1a: Rillaboom|88\/100 par\n|\n|upkeep\n|turn|25\n|\n|t:|1657754089\n|move|p1a: Rillaboom|Knock Off|p2a: Toxapex\n|-damage|p2a: Toxapex|73\/100\n|-damage|p1a: Rillaboom|71\/100 par|[from] item: Rocky Helmet|[of] p2a: Toxapex\n|-enditem|p2a: Toxapex|Rocky Helmet|[from] move: Knock Off|[of] p1a: Rillaboom\n|-damage|p1a: Rillaboom|61\/100 par|[from] item: Life Orb\n|move|p2a: Toxapex|Scald|p1a: Rillaboom\n|-resisted|p1a: Rillaboom\n|-crit|p1a: Rillaboom\n|-damage|p1a: Rillaboom|46\/100 par\n|\n|upkeep\n|turn|26\n|\n|t:|1657754098\n|switch|p1a: Corviknight|Corviknight, F|76\/100\n|-ability|p1a: Corviknight|Pressure\n|move|p2a: Toxapex|Scald|p1a: Corviknight\n|-damage|p1a: Corviknight|61\/100\n|\n|upkeep\n|turn|27\n|\n|t:|1657754106\n|switch|p2a: Ferrothorn|Ferrothorn, M|100\/100\n|move|p1a: Corviknight|Roost|p1a: Corviknight\n|-heal|p1a: Corviknight|100\/100\n|-singleturn|p1a: Corviknight|move: Roost\n|\n|upkeep\n|turn|28\n|\n|t:|1657754110\n|move|p1a: Corviknight|Defog|p2a: Ferrothorn\n|-unboost|p2a: Ferrothorn|evasion|1\n|-sideend|p1: Free Wifi Hotspot|Toxic Spikes|[from] move: Defog|[of] p1a: Corviknight\n|move|p2a: Ferrothorn|Thunder Wave|p1a: Corviknight\n|-status|p1a: Corviknight|par\n|\n|upkeep\n|turn|29\n|\n|t:|1657754116\n|switch|p1a: Urshifu|Urshifu-Rapid-Strike, M|94\/100\n|move|p2a: Ferrothorn|Leech Seed|p1a: Urshifu\n|-start|p1a: Urshifu|move: Leech Seed\n|\n|-damage|p1a: Urshifu|82\/100|[from] Leech Seed|[of] p2a: Ferrothorn\n|upkeep\n|turn|30\n|\n|t:|1657754121\n|switch|p2a: Toxapex|Toxapex, M, shiny|100\/100\n|move|p1a: Urshifu|U-turn|p2a: Toxapex\n|-resisted|p2a: Toxapex\n|-crit|p2a: Toxapex\n|-damage|p2a: Toxapex|90\/100\n|\n|t:|1657754123\n|switch|p1a: Rillaboom|Rillaboom, F|46\/100 par|[from]move: U-turn\n|-fieldstart|move: Grassy Terrain|[from] ability: Grassy Surge|[of] p1a: Rillaboom\n|\n|-heal|p1a: Rillaboom|52\/100 par|[from] Grassy Terrain\n|-heal|p2a: Toxapex|96\/100|[from] Grassy Terrain\n|upkeep\n|turn|31\n|\n|t:|1657754125\n|cant|p1a: Rillaboom|par\n|move|p2a: Toxapex|Toxic Spikes|p1a: Rillaboom\n|-sidestart|p1: Free Wifi Hotspot|move: Toxic Spikes\n|\n|-heal|p1a: Rillaboom|59\/100 par|[from] Grassy Terrain\n|-heal|p2a: Toxapex|100\/100|[from] Grassy Terrain\n|upkeep\n|turn|32\n|\n|t:|1657754128\n|move|p1a: Rillaboom|Swords Dance|p1a: Rillaboom\n|-boost|p1a: Rillaboom|atk|2\n|move|p2a: Toxapex|Scald|p1a: Rillaboom\n|-resisted|p1a: Rillaboom\n|-damage|p1a: Rillaboom|48\/100 par\n|\n|-heal|p1a: Rillaboom|54\/100 par|[from] Grassy Terrain\n|upkeep\n|turn|33\n|\n|t:|1657754133\n|move|p1a: Rillaboom|Grassy Glide|p2a: Toxapex\n|-damage|p2a: Toxapex|16\/100\n|-damage|p1a: Rillaboom|44\/100 par|[from] item: Life Orb\n|move|p2a: Toxapex|Haze|p2a: Toxapex\n|-clearallboost\n|\n|-heal|p1a: Rillaboom|50\/100 par|[from] Grassy Terrain\n|-heal|p2a: Toxapex|22\/100|[from] Grassy Terrain\n|upkeep\n|turn|34\n|\n|t:|1657754139\n|switch|p2a: Ferrothorn|Ferrothorn, M|100\/100\n|move|p1a: Rillaboom|Superpower|p2a: Ferrothorn\n|-supereffective|p2a: Ferrothorn\n|-damage|p2a: Ferrothorn|33\/100\n|-unboost|p1a: Rillaboom|atk|1\n|-unboost|p1a: Rillaboom|def|1\n|-damage|p1a: Rillaboom|38\/100 par|[from] ability: Iron Barbs|[of] p2a: Ferrothorn\n|-damage|p1a: Rillaboom|28\/100 par|[from] item: Life Orb\n|\n|-heal|p1a: Rillaboom|34\/100 par|[from] Grassy Terrain\n|-heal|p2a: Ferrothorn|39\/100|[from] Grassy Terrain\n|-heal|p2a: Ferrothorn|46\/100|[from] item: Leftovers\n|-fieldend|move: Grassy Terrain\n|upkeep\n|turn|35\n|\n|t:|1657754146\n|cant|p1a: Rillaboom|par\n|move|p2a: Ferrothorn|Body Press|p1a: Rillaboom\n|-damage|p1a: Rillaboom|0 fnt\n|faint|p1a: Rillaboom\n|\n|-heal|p2a: Ferrothorn|52\/100|[from] item: Leftovers\n|upkeep\n|\n|t:|1657754149\n|switch|p1a: Urshifu|Urshifu-Rapid-Strike, M|82\/100\n|-status|p1a: Urshifu|psn\n|turn|36\n|\n|t:|1657754155\n|switch|p2a: Landorus|Landorus-Therian, M|54\/100\n|-ability|p2a: Landorus|Intimidate|boost\n|-unboost|p1a: Urshifu|atk|1\n|move|p1a: Urshifu|Close Combat|p2a: Landorus\n|-resisted|p2a: Landorus\n|-damage|p2a: Landorus|33\/100\n|-unboost|p1a: Urshifu|def|1\n|-unboost|p1a: Urshifu|spd|1\n|\n|-heal|p2a: Landorus|39\/100|[from] item: Leftovers\n|-damage|p1a: Urshifu|70\/100 psn|[from] psn\n|upkeep\n|turn|37\n|\n|t:|1657754157\n|switch|p2a: Ferrothorn|Ferrothorn, M|52\/100\n|move|p1a: Urshifu|Surging Strikes|p2a: Ferrothorn\n|-resisted|p2a: Ferrothorn\n|-crit|p2a: Ferrothorn\n|-damage|p2a: Ferrothorn|46\/100\n|-activate|p2a: Ferrothorn|ability: Iron Barbs\n|-activate|p1a: Urshifu|item: Protective Pads\n|-resisted|p2a: Ferrothorn\n|-crit|p2a: Ferrothorn\n|-damage|p2a: Ferrothorn|41\/100\n|-activate|p2a: Ferrothorn|ability: Iron Barbs\n|-activate|p1a: Urshifu|item: Protective Pads\n|-resisted|p2a: Ferrothorn\n|-crit|p2a: Ferrothorn\n|-damage|p2a: Ferrothorn|35\/100\n|-activate|p2a: Ferrothorn|ability: Iron Barbs\n|-activate|p1a: Urshifu|item: Protective Pads\n|-hitcount|p2a: Ferrothorn|3\n|\n|-heal|p2a: Ferrothorn|41\/100|[from] item: Leftovers\n|-damage|p1a: Urshifu|57\/100 psn|[from] psn\n|upkeep\n|turn|38\n|\n|t:|1657754164\n|switch|p2a: Toxapex|Toxapex, M, shiny|55\/100\n|move|p1a: Urshifu|Close Combat|p2a: Toxapex\n|-resisted|p2a: Toxapex\n|-damage|p2a: Toxapex|42\/100\n|-unboost|p1a: Urshifu|def|1\n|-unboost|p1a: Urshifu|spd|1\n|\n|-damage|p1a: Urshifu|45\/100 psn|[from] psn\n|upkeep\n|turn|39\n|\n|t:|1657754171\n|move|p1a: Urshifu|U-turn|p2a: Toxapex\n|-resisted|p2a: Toxapex\n|-damage|p2a: Toxapex|37\/100\n|\n|t:|1657754173\n|switch|p1a: Corviknight|Corviknight, F|100\/100 par|[from]move: U-turn\n|-ability|p1a: Corviknight|Pressure\n|move|p2a: Toxapex|Recover|p2a: Toxapex\n|-heal|p2a: Toxapex|87\/100\n|\n|upkeep\n|turn|40\n|\n|t:|1657754181\n|switch|p2a: Landorus|Landorus-Therian, M|39\/100\n|-ability|p2a: Landorus|Intimidate|boost\n|-unboost|p1a: Corviknight|atk|1\n|move|p1a: Corviknight|U-turn|p2a: Landorus\n|-resisted|p2a: Landorus\n|-damage|p2a: Landorus|35\/100\n|\n|t:|1657754183\n|switch|p1a: Urshifu|Urshifu-Rapid-Strike, M|45\/100 psn|[from]move: U-turn\n|\n|-heal|p2a: Landorus|41\/100|[from] item: Leftovers\n|-damage|p1a: Urshifu|33\/100 psn|[from] psn\n|upkeep\n|turn|41\n|\n|t:|1657754185\n|switch|p2a: Toxapex|Toxapex, M, shiny|100\/100\n|move|p1a: Urshifu|Surging Strikes|p2a: Toxapex\n|-resisted|p2a: Toxapex\n|-crit|p2a: Toxapex\n|-damage|p2a: Toxapex|94\/100\n|-resisted|p2a: Toxapex\n|-crit|p2a: Toxapex\n|-damage|p2a: Toxapex|88\/100\n|-resisted|p2a: Toxapex\n|-crit|p2a: Toxapex\n|-damage|p2a: Toxapex|81\/100\n|-hitcount|p2a: Toxapex|3\n|\n|-damage|p1a: Urshifu|20\/100 psn|[from] psn\n|upkeep\n|turn|42\n|\n|t:|1657754188\n|move|p1a: Urshifu|U-turn|p2a: Toxapex\n|-resisted|p2a: Toxapex\n|-damage|p2a: Toxapex|75\/100\n|\n|t:|1657754189\n|switch|p1a: Corviknight|Corviknight, F|100\/100 par|[from]move: U-turn\n|-ability|p1a: Corviknight|Pressure\n|move|p2a: Toxapex|Scald|p1a: Corviknight\n|-damage|p1a: Corviknight|82\/100 par\n|\n|upkeep\n|turn|43\n|\n|t:|1657754200\n|switch|p2a: Landorus|Landorus-Therian, M|41\/100\n|-ability|p2a: Landorus|Intimidate|boost\n|-unboost|p1a: Corviknight|atk|1\n|move|p1a: Corviknight|Defog|p2a: Landorus\n|-unboost|p2a: Landorus|evasion|1\n|-sideend|p1: Free Wifi Hotspot|Toxic Spikes|[from] move: Defog|[of] p1a: Corviknight\n|\n|-heal|p2a: Landorus|47\/100|[from] item: Leftovers\n|upkeep\n|turn|44\n|\n|t:|1657754203\n|move|p2a: Landorus|U-turn|p1a: Corviknight\n|-resisted|p1a: Corviknight\n|-damage|p1a: Corviknight|79\/100 par\n|-damage|p2a: Landorus|30\/100|[from] item: Rocky Helmet|[of] p1a: Corviknight\n|\n|t:|1657754205\n|switch|p2a: Ferrothorn|Ferrothorn, M|41\/100|[from]move: U-turn\n|move|p1a: Corviknight|Brave Bird|p2a: Ferrothorn\n|-crit|p2a: Ferrothorn\n|-damage|p2a: Ferrothorn|7\/100\n|-damage|p1a: Corviknight|66\/100 par|[from] ability: Iron Barbs|[of] p2a: Ferrothorn\n|-damage|p1a: Corviknight|56\/100 par|[from] Recoil\n|\n|-heal|p2a: Ferrothorn|13\/100|[from] item: Leftovers\n|upkeep\n|turn|45\n|\n|t:|1657754209\n|move|p1a: Corviknight|U-turn|p2a: Ferrothorn\n|-damage|p2a: Ferrothorn|7\/100\n|-damage|p1a: Corviknight|44\/100 par|[from] ability: Iron Barbs|[of] p2a: Ferrothorn\n|\n|t:|1657754210\n|switch|p1a: Urshifu|Urshifu-Rapid-Strike, M|20\/100 psn|[from]move: U-turn\n|move|p2a: Ferrothorn|Leech Seed|p1a: Urshifu\n|-start|p1a: Urshifu|move: Leech Seed\n|\n|-heal|p2a: Ferrothorn|14\/100|[from] item: Leftovers\n|-damage|p1a: Urshifu|8\/100 psn|[from] Leech Seed|[of] p2a: Ferrothorn\n|-heal|p2a: Ferrothorn|25\/100|[silent]\n|-damage|p1a: Urshifu|0 fnt|[from] psn\n|faint|p1a: Urshifu\n|upkeep\n|\n|t:|1657754212\n|switch|p1a: Corviknight|Corviknight, F|44\/100 par\n|-ability|p1a: Corviknight|Pressure\n|turn|46\n|\n|t:|1657754214\n|move|p1a: Corviknight|Roost|p1a: Corviknight\n|-heal|p1a: Corviknight|94\/100 par\n|-singleturn|p1a: Corviknight|move: Roost\n|move|p2a: Ferrothorn|Leech Seed|p1a: Corviknight\n|-start|p1a: Corviknight|move: Leech Seed\n|\n|-heal|p2a: Ferrothorn|32\/100|[from] item: Leftovers\n|-damage|p1a: Corviknight|82\/100 par|[from] Leech Seed|[of] p2a: Ferrothorn\n|-heal|p2a: Ferrothorn|46\/100|[silent]\n|upkeep\n|turn|47\n|l|\u2606Free Wifi Hotspot\n|inactive|Free Wifi Hotspot disconnected and has a minute to reconnect!\n|player|p1|\n|inactive|Free Wifi Hotspot has 30 seconds to reconnect!\n|inactive|Free Wifi Hotspot has 20 seconds to reconnect!\n|inactive|Free Wifi Hotspot has 15 seconds to reconnect!\n|inactive|Free Wifi Hotspot has 10 seconds to reconnect!\n|inactive|Free Wifi Hotspot has 5 seconds to reconnect!\n|-message|Free Wifi Hotspot lost due to inactivity.\n|\n|win|Agent Strike\n|raw|Free Wifi Hotspot's rating: 1675 &rarr; <strong>1656<\/strong><br \/>(-19 for losing)\n|raw|Agent Strike's rating: 1694 &rarr; <strong>1713<\/strong><br \/>(+19 for winning)\n||Ladder isn't responding, score probably updated but might not have (Request timeout).\n","uploadtime":1657754287,"views":28,"p1id":"freewifihotspot","p2id":"agentstrike","formatid":"gen8ou","rating":1656,"private":0,"password":null}