{"id":"gen8ou-1638964238","p1":"Boltreaver","p2":"LT93OQ Bee","format":"gen8ou","log":"|raw|<div class=\"broadcast-blue\"><strong>This battle is required to be public due to a player having a name starting with 'lt93oq'.<\/div>\n|j|\u2606Boltreaver\n|j|\u203dLT93OQ Bee\n|t:|1660417613\n|gametype|singles\n|player|p1|Boltreaver|unknown|1690\n|player|p2|LT93OQ Bee|cynthia-masters|1755\n|teamsize|p1|6\n|teamsize|p2|6\n|gen|8\n|tier|[Gen 8] OU\n|rated|\n|rule|Sleep Clause Mod: Limit one foe put to sleep\n|rule|Species Clause: Limit one of each Pok\u00e9mon\n|rule|OHKO Clause: OHKO moves are banned\n|rule|Evasion Items Clause: Evasion items are banned\n|rule|Evasion Moves Clause: Evasion moves are banned\n|rule|Endless Battle Clause: Forcing endless battles is banned\n|rule|HP Percentage Mod: HP is shown in percentages\n|rule|Dynamax Clause: You cannot dynamax\n|clearpoke\n|poke|p1|Kartana|\n|poke|p1|Melmetal|\n|poke|p1|Regieleki|\n|poke|p1|Blacephalon|\n|poke|p1|Landorus-Therian, M|\n|poke|p1|Tapu Fini|\n|poke|p2|Dragapult, M|\n|poke|p2|Zapdos|\n|poke|p2|Urshifu-*, M|\n|poke|p2|Tapu Lele|\n|poke|p2|Landorus-Therian, M|\n|poke|p2|Melmetal|\n|teampreview\n|inactive|Battle timer is ON: inactive players will automatically lose when time's up. (requested by LT93OQ Bee)\n|inactive|Boltreaver also wants the timer to be on.\n|\n|t:|1660417624\n|start\n|switch|p1a: Kartana|Kartana, shiny|100\/100\n|switch|p2a: Urshifu|Urshifu-Rapid-Strike, M|100\/100\n|turn|1\n|\n|t:|1660417628\n|switch|p2a: Zapdos|Zapdos|100\/100\n|move|p1a: Kartana|Leaf Blade|p2a: Zapdos\n|-resisted|p2a: Zapdos\n|-damage|p2a: Zapdos|66\/100\n|-status|p1a: Kartana|par|[from] ability: Static|[of] p2a: Zapdos\n|\n|upkeep\n|turn|2\n|\n|t:|1660417638\n|switch|p1a: Blacephalon|Blacephalon, shiny|100\/100\n|move|p2a: Zapdos|Hurricane|p1a: Blacephalon\n|-damage|p1a: Blacephalon|14\/100\n|-start|p1a: Blacephalon|confusion\n|\n|upkeep\n|turn|3\n|\n|t:|1660417644\n|switch|p2a: Landorus|Landorus-Therian, M|100\/100\n|-ability|p2a: Landorus|Intimidate|boost\n|-unboost|p1a: Blacephalon|atk|1\n|-activate|p1a: Blacephalon|confusion\n|move|p1a: Blacephalon|Shadow Ball|p2a: Landorus\n|-damage|p2a: Landorus|22\/100\n|-unboost|p2a: Landorus|spd|1\n|\n|-heal|p2a: Landorus|29\/100|[from] item: Leftovers\n|upkeep\n|turn|4\n|j| LT93OQ rej?\n|\n|t:|1660417656\n|-activate|p1a: Blacephalon|confusion\n|move|p1a: Blacephalon|Shadow Ball|p2a: Landorus\n|-damage|p2a: Landorus|0 fnt\n|faint|p2a: Landorus\n|-ability|p1a: Blacephalon|Beast Boost|boost\n|-boost|p1a: Blacephalon|spa|1\n|\n|upkeep\n|\n|t:|1660417661\n|switch|p2a: Dragapult|Dragapult, M|100\/100\n|turn|5\n|\n|t:|1660417665\n|switch|p1a: Tapu Fini|Tapu Fini, shiny|100\/100\n|-fieldstart|move: Misty Terrain|[from] ability: Misty Surge|[of] p1a: Tapu Fini\n|move|p2a: Dragapult|Shadow Ball|p1a: Tapu Fini\n|-damage|p1a: Tapu Fini|58\/100\n|-unboost|p1a: Tapu Fini|spd|1\n|\n|-heal|p1a: Tapu Fini|64\/100|[from] item: Leftovers\n|upkeep\n|turn|6\n|\n|t:|1660417667\n|move|p2a: Dragapult|Shadow Ball|p1a: Tapu Fini\n|-damage|p1a: Tapu Fini|0 fnt\n|faint|p1a: Tapu Fini\n|\n|upkeep\n|\n|t:|1660417672\n|switch|p1a: Melmetal|Melmetal|100\/100\n|turn|7\n|j| Lou dort\n|l| Lou dort\n|\n|t:|1660417689\n|switch|p2a: Urshifu|Urshifu-Rapid-Strike, M|100\/100\n|move|p1a: Melmetal|Earthquake|p2a: Urshifu\n|-damage|p2a: Urshifu|60\/100\n|\n|upkeep\n|turn|8\n|\n|t:|1660417694\n|move|p2a: Urshifu|Surging Strikes|p1a: Melmetal\n|-crit|p1a: Melmetal\n|-damage|p1a: Melmetal|85\/100\n|-crit|p1a: Melmetal\n|-damage|p1a: Melmetal|68\/100\n|-crit|p1a: Melmetal\n|-damage|p1a: Melmetal|51\/100\n|-hitcount|p1a: Melmetal|3\n|move|p1a: Melmetal|Thunder Punch|p2a: Urshifu\n|-supereffective|p2a: Urshifu\n|-damage|p2a: Urshifu|0 fnt\n|faint|p2a: Urshifu\n|\n|upkeep\n|\n|t:|1660417700\n|switch|p2a: Dragapult|Dragapult, M|100\/100\n|turn|9\n|\n|t:|1660417702\n|move|p2a: Dragapult|Flamethrower|p1a: Melmetal\n|-supereffective|p1a: Melmetal\n|-damage|p1a: Melmetal|4\/100\n|move|p1a: Melmetal|Double Iron Bash|p2a: Dragapult\n|-damage|p2a: Dragapult|45\/100\n|-damage|p2a: Dragapult|0 fnt\n|faint|p2a: Dragapult\n|-hitcount|p2: Dragapult|2\n|\n|-fieldend|Misty Terrain\n|upkeep\n|\n|t:|1660417712\n|switch|p2a: Tapu Lele|Tapu Lele|100\/100\n|-fieldstart|move: Psychic Terrain|[from] ability: Psychic Surge|[of] p2a: Tapu Lele\n|turn|10\n|\n|t:|1660417715\n|move|p2a: Tapu Lele|Psyshock|p1a: Melmetal\n|-resisted|p1a: Melmetal\n|-damage|p1a: Melmetal|0 fnt\n|faint|p1a: Melmetal\n|\n|upkeep\n|\n|t:|1660417719\n|switch|p1a: Regieleki|Regieleki|100\/100\n|turn|11\n|\n|t:|1660417739\n|move|p1a: Regieleki|Volt Switch|p2a: Tapu Lele\n|-damage|p2a: Tapu Lele|46\/100\n|\n|t:|1660417743\n|switch|p1a: Kartana|Kartana, shiny|100\/100 par|[from]move: Volt Switch\n|move|p2a: Tapu Lele|Psyshock|p1a: Kartana\n|-resisted|p1a: Kartana\n|-damage|p1a: Kartana|73\/100 par\n|\n|upkeep\n|turn|12\n|\n|t:|1660417758\n|switch|p2a: Zapdos|Zapdos|66\/100\n|cant|p1a: Kartana|par\n|\n|upkeep\n|turn|13\n|\n|t:|1660417762\n|move|p2a: Zapdos|Hurricane|p1a: Kartana\n|-damage|p1a: Kartana|0 fnt\n|faint|p1a: Kartana\n|\n|upkeep\n|\n|t:|1660417765\n|switch|p1a: Blacephalon|Blacephalon, shiny|14\/100\n|turn|14\n|\n|t:|1660417774\n|move|p1a: Blacephalon|Flamethrower|p2a: Zapdos\n|-damage|p2a: Zapdos|0 fnt\n|faint|p2a: Zapdos\n|-ability|p1a: Blacephalon|Beast Boost|boost\n|-boost|p1a: Blacephalon|spa|1\n|\n|-fieldend|move: Psychic Terrain\n|upkeep\n|\n|t:|1660417776\n|switch|p2a: Tapu Lele|Tapu Lele|46\/100\n|-fieldstart|move: Psychic Terrain|[from] ability: Psychic Surge|[of] p2a: Tapu Lele\n|turn|15\n|\n|t:|1660417781\n|switch|p1a: Landorus|Landorus-Therian, M|100\/100\n|-ability|p1a: Landorus|Intimidate|boost\n|-unboost|p2a: Tapu Lele|atk|1\n|move|p2a: Tapu Lele|Psyshock|p1a: Landorus\n|-damage|p1a: Landorus|53\/100\n|\n|-heal|p1a: Landorus|59\/100|[from] item: Leftovers\n|upkeep\n|turn|16\n|\n|t:|1660417799\n|move|p2a: Tapu Lele|Psyshock|p1a: Landorus\n|-damage|p1a: Landorus|12\/100\n|move|p1a: Landorus|Earthquake|p2a: Tapu Lele\n|-damage|p2a: Tapu Lele|0 fnt\n|faint|p2a: Tapu Lele\n|\n|-heal|p1a: Landorus|18\/100|[from] item: Leftovers\n|upkeep\n|-message|LT93OQ Bee forfeited.\n|\n|win|Boltreaver\n|raw|Boltreaver's rating: 1690 &rarr; <strong>1714<\/strong><br \/>(+24 for winning)\n|raw|LT93OQ Bee's rating: 1755 &rarr; <strong>1731<\/strong><br \/>(-24 for losing)\n|l|\u203dLT93OQ Bee\n|l|\u2606Boltreaver\n|l| LT93OQ rej?\n||Ladder isn't responding, score probably updated but might not have (Request timeout).\n|j| Smash Time steez\n","uploadtime":1660418207,"views":68,"p1id":"boltreaver","p2id":"lt93oqbee","formatid":"gen8ou","rating":1714,"private":0,"password":null}