{"id":"gen8ou-1368732299","p1":"LT81YL justamente","p2":"The Last Hero","format":"gen8ou","log":"|raw|<div class=\"broadcast-blue\"><strong>This battle is required to be public due to a player having a name starting with 'lt81yl'.<\/div>\n|j|\u2606LT81YL justamente\n|j|\u2606The Last Hero\n|t:|1625159787\n|gametype|singles\n|player|p1|LT81YL justamente|zinnia|1757\n|player|p2|The Last Hero|acetrainersnow|1686\n|teamsize|p1|6\n|teamsize|p2|6\n|gen|8\n|tier|[Gen 8] OU\n|rated|\n|rule|Sleep Clause Mod: Limit one foe put to sleep\n|rule|Species Clause: Limit one of each Pok\u00e9mon\n|rule|OHKO Clause: OHKO moves are banned\n|rule|Evasion Moves Clause: Evasion moves are banned\n|rule|Endless Battle Clause: Forcing endless battles is banned\n|rule|HP Percentage Mod: HP is shown in percentages\n|rule|Dynamax Clause: You cannot dynamax\n|clearpoke\n|poke|p1|Mew|\n|poke|p1|Dragapult, M|\n|poke|p1|Bisharp, F|\n|poke|p1|Garchomp, M|\n|poke|p1|Volcarona, M|\n|poke|p1|Cloyster, M|\n|poke|p2|Torkoal, M|\n|poke|p2|Victini|\n|poke|p2|Hatterene, F|\n|poke|p2|Venusaur, M|\n|poke|p2|Garchomp, M|\n|poke|p2|Rotom-Wash|\n|teampreview\n|inactive|Battle timer is ON: inactive players will automatically lose when time's up. (requested by LT81YL justamente)\n|\n|t:|1625159816\n|start\n|switch|p1a: Mew|Mew|100\/100\n|switch|p2a: Vintini|Victini|100\/100\n|turn|1\n|\n|t:|1625159822\n|move|p2a: Vintini|U-turn|p1a: Mew\n|-supereffective|p1a: Mew\n|-damage|p1a: Mew|63\/100\n|-enditem|p1a: Mew|Red Card|[of] p2a: Vintini\n|drag|p2a: Bulby|Venusaur, M|100\/100\n|move|p1a: Mew|Thunder Wave|p2a: Bulby\n|-status|p2a: Bulby|par\n|\n|upkeep\n|turn|2\n|\n|t:|1625159829\n|switch|p2a: Psychic Waifu|Hatterene, F|100\/100\n|move|p1a: Mew|Stealth Rock|p2a: Psychic Waifu\n|move|p2a: Psychic Waifu|Stealth Rock|p1a: Mew|[from]ability: Magic Bounce\n|-sidestart|p1: LT81YL justamente|move: Stealth Rock\n|\n|upkeep\n|turn|3\n|\n|t:|1625159844\n|switch|p1a: Volcarona|Volcarona, M|100\/100\n|move|p2a: Psychic Waifu|Nuzzle|p1a: Volcarona\n|-damage|p1a: Volcarona|94\/100\n|-status|p1a: Volcarona|par\n|\n|upkeep\n|turn|4\n|j| Seucra\n|l| Seucra\n|\n|t:|1625159849\n|switch|p2a: Chompy|Garchomp, M|100\/100\n|cant|p1a: Volcarona|par\n|\n|upkeep\n|turn|5\n|\n|t:|1625159855\n|move|p2a: Chompy|Earthquake|p1a: Volcarona\n|-damage|p1a: Volcarona|0 fnt\n|faint|p1a: Volcarona\n|-damage|p2a: Chompy|91\/100|[from] item: Life Orb\n|\n|upkeep\n|\n|t:|1625159861\n|switch|p1a: Dragapult|Dragapult, M|100\/100\n|-damage|p1a: Dragapult|88\/100|[from] Stealth Rock\n|turn|6\n|\n|t:|1625159864\n|switch|p2a: TT7|Torkoal, M|100\/100\n|-weather|SunnyDay|[from] ability: Drought|[of] p2a: TT7\n|move|p1a: Dragapult|Shadow Ball|p2a: TT7\n|-damage|p2a: TT7|22\/100\n|\n|-weather|SunnyDay|[upkeep]\n|upkeep\n|turn|7\n|\n|t:|1625159869\n|switch|p2a: Inundaci\u00f3n|Rotom-Wash|100\/100\n|move|p1a: Dragapult|Shadow Ball|p2a: Inundaci\u00f3n\n|-damage|p2a: Inundaci\u00f3n|54\/100\n|\n|-weather|SunnyDay|[upkeep]\n|-heal|p2a: Inundaci\u00f3n|60\/100|[from] item: Leftovers\n|upkeep\n|turn|8\n|\n|t:|1625159876\n|move|p1a: Dragapult|Shadow Ball|p2a: Inundaci\u00f3n\n|-damage|p2a: Inundaci\u00f3n|20\/100\n|move|p2a: Inundaci\u00f3n|Thunder Wave|p1a: Dragapult\n|-status|p1a: Dragapult|par\n|\n|-weather|SunnyDay|[upkeep]\n|-heal|p2a: Inundaci\u00f3n|26\/100|[from] item: Leftovers\n|upkeep\n|turn|9\n|\n|t:|1625159887\n|move|p2a: Inundaci\u00f3n|Pain Split|p1a: Dragapult\n|-sethp|p1a: Dragapult|56\/100 par|[from] move: Pain Split|[silent]\n|-sethp|p2a: Inundaci\u00f3n|59\/100|[from] move: Pain Split\n|move|p1a: Dragapult|Shadow Ball|p2a: Inundaci\u00f3n\n|-damage|p2a: Inundaci\u00f3n|10\/100\n|\n|-weather|SunnyDay|[upkeep]\n|-heal|p2a: Inundaci\u00f3n|17\/100|[from] item: Leftovers\n|upkeep\n|turn|10\n|\n|t:|1625159893\n|move|p2a: Inundaci\u00f3n|Pain Split|p1a: Dragapult\n|-sethp|p1a: Dragapult|36\/100 par|[from] move: Pain Split|[silent]\n|-sethp|p2a: Inundaci\u00f3n|38\/100|[from] move: Pain Split\n|move|p1a: Dragapult|Shadow Ball|p2a: Inundaci\u00f3n\n|-damage|p2a: Inundaci\u00f3n|0 fnt\n|faint|p2a: Inundaci\u00f3n\n|\n|-weather|SunnyDay|[upkeep]\n|upkeep\n|\n|t:|1625159898\n|switch|p2a: Chompy|Garchomp, M|91\/100\n|turn|11\n|\n|t:|1625159907\n|move|p2a: Chompy|Earthquake|p1a: Dragapult\n|-damage|p1a: Dragapult|0 fnt\n|faint|p1a: Dragapult\n|-damage|p2a: Chompy|81\/100|[from] item: Life Orb\n|\n|-weather|SunnyDay|[upkeep]\n|upkeep\n|\n|t:|1625159915\n|switch|p1a: Cloyster|Cloyster, M|100\/100\n|-damage|p1a: Cloyster|76\/100|[from] Stealth Rock\n|turn|12\n|\n|t:|1625159919\n|move|p2a: Chompy|Fire Blast|p1a: Cloyster\n|-damage|p1a: Cloyster|0 fnt\n|faint|p1a: Cloyster\n|-damage|p2a: Chompy|71\/100|[from] item: Life Orb\n|\n|-weather|SunnyDay|[upkeep]\n|upkeep\n|\n|t:|1625159922\n|switch|p1a: Bisharp|Bisharp, F|100\/100\n|-damage|p1a: Bisharp|95\/100|[from] Stealth Rock\n|turn|13\n|\n|t:|1625159929\n|move|p1a: Bisharp|Sucker Punch|p2a: Chompy\n|-damage|p2a: Chompy|24\/100\n|move|p2a: Chompy|Earthquake|p1a: Bisharp\n|-supereffective|p1a: Bisharp\n|-damage|p1a: Bisharp|0 fnt\n|faint|p1a: Bisharp\n|-damage|p2a: Chompy|14\/100|[from] item: Life Orb\n|\n|-weather|none\n|upkeep\n|\n|t:|1625159932\n|switch|p1a: Garchomp|Garchomp, M|100\/100\n|-damage|p1a: Garchomp|94\/100|[from] Stealth Rock\n|turn|14\n|\n|t:|1625159935\n|move|p2a: Chompy|Scale Shot|p1a: Garchomp\n|-supereffective|p1a: Garchomp\n|-damage|p1a: Garchomp|62\/100\n|-supereffective|p1a: Garchomp\n|-damage|p1a: Garchomp|24\/100\n|-supereffective|p1a: Garchomp\n|-damage|p1a: Garchomp|0 fnt\n|faint|p1a: Garchomp\n|-hitcount|p1: Garchomp|3\n|-unboost|p2a: Chompy|def|1\n|-boost|p2a: Chompy|spe|1\n|-damage|p2a: Chompy|4\/100|[from] item: Life Orb\n|\n|upkeep\n|-message|LT81YL justamente forfeited.\n|\n|win|The Last Hero\n|raw|LT81YL justamente's rating: 1756 &rarr; <strong>1732<\/strong><br \/>(-24 for losing)\n|raw|The Last Hero's rating: 1685 &rarr; <strong>1709<\/strong><br \/>(+24 for winning)\n","uploadtime":1625159945,"views":24,"p1id":"lt81yljustamente","p2id":"thelasthero","formatid":"gen8ou","rating":1709,"private":0,"password":null}