{"id":"gen8ou-1704363308","p1":"sufys12","p2":"Kwaga","format":"gen8ou","log":"|j|\u2606sufys12\n|j|\u2606Kwaga\n|t:|1667768415\n|gametype|singles\n|player|p1|sufys12|peonia|\n|player|p2|Kwaga|brock-gen1rb|\n|teamsize|p1|6\n|teamsize|p2|6\n|gen|8\n|tier|[Gen 8] OU\n|rule|Sleep Clause Mod: Limit one foe put to sleep\n|rule|Species Clause: Limit one of each Pok\u00e9mon\n|rule|OHKO Clause: OHKO moves are banned\n|rule|Evasion Items Clause: Evasion items are banned\n|rule|Evasion Moves Clause: Evasion moves are banned\n|rule|Endless Battle Clause: Forcing endless battles is banned\n|rule|HP Percentage Mod: HP is shown in percentages\n|rule|Dynamax Clause: You cannot dynamax\n|clearpoke\n|poke|p1|Tapu Bulu|\n|poke|p1|Melmetal|\n|poke|p1|Latios, M|\n|poke|p1|Volcanion|\n|poke|p1|Landorus-Therian, M|\n|poke|p1|Bisharp, M|\n|poke|p2|Dragonite, M|\n|poke|p2|Weavile, M|\n|poke|p2|Dragapult, M|\n|poke|p2|Volcanion|\n|poke|p2|Corviknight, M|\n|poke|p2|Landorus-Therian, M|\n|teampreview\n|inactive|Battle timer is ON: inactive players will automatically lose when time's up. (requested by sufys12)\n|c|\u2606sufys12|hf\n|c|\u2606Kwaga|u2\n|\n|t:|1667768430\n|start\n|switch|p1a: Landorus|Landorus-Therian, M|100\/100\n|switch|p2a: Volcanion|Volcanion|100\/100\n|-ability|p1a: Landorus|Intimidate|boost\n|-unboost|p2a: Volcanion|atk|1\n|turn|1\n|\n|t:|1667768439\n|move|p1a: Landorus|U-turn|p2a: Volcanion\n|-resisted|p2a: Volcanion\n|-damage|p2a: Volcanion|89\/100\n|\n|t:|1667768446\n|switch|p1a: Latios|Latios, M|100\/100|[from]move: U-turn\n|move|p2a: Volcanion|Steam Eruption|p1a: Latios\n|-resisted|p1a: Latios\n|-damage|p1a: Latios|67\/100\n|-status|p1a: Latios|brn\n|\n|-damage|p1a: Latios|61\/100 brn|[from] brn\n|upkeep\n|turn|2\n|\n|t:|1667768453\n|switch|p2a: Corviknight|Corviknight, M|100\/100\n|-ability|p2a: Corviknight|Pressure\n|move|p1a: Latios|Future Sight|p2a: Corviknight\n|-start|p1a: Latios|move: Future Sight\n|\n|-damage|p1a: Latios|55\/100 brn|[from] brn\n|upkeep\n|turn|3\n|\n|t:|1667768459\n|switch|p1a: Volcanion|Volcanion|100\/100\n|move|p2a: Corviknight|U-turn|p1a: Volcanion\n|-resisted|p1a: Volcanion\n|-damage|p1a: Volcanion|95\/100\n|\n|t:|1667768466\n|switch|p2a: Dragonite|Dragonite, M|100\/100|[from]move: U-turn\n|\n|upkeep\n|turn|4\n|c|\u2606Kwaga|im screwed\n|c|\u2606sufys12|screwed why\n|inactive|Kwaga has 270 seconds left.\n|c|\u2606Kwaga|cant ohko this and fs is coming\n|c|\u2606sufys12|yea no way you ohko lol\n|c|\u2606Kwaga|lol\n|c|\u2606sufys12|unless ur cb idk\n|\n|t:|1667768524\n|switch|p2a: Landorus|Landorus-Therian, M|100\/100\n|-ability|p2a: Landorus|Intimidate|boost\n|-unboost|p1a: Volcanion|atk|1\n|move|p1a: Volcanion|Steam Eruption|p2a: Landorus\n|-supereffective|p2a: Landorus\n|-damage|p2a: Landorus|10\/100\n|\n|-end|p2a: Landorus|move: Future Sight\n|-damage|p2a: Landorus|0 fnt\n|faint|p2a: Landorus\n|upkeep\n|\n|t:|1667768527\n|switch|p2a: Dragapult|Dragapult, M|100\/100\n|turn|5\n|\n|t:|1667768536\n|switch|p1a: Melmetal|Melmetal|100\/100\n|move|p2a: Dragapult|Shadow Ball|p1a: Melmetal\n|-damage|p1a: Melmetal|52\/100\n|\n|-heal|p1a: Melmetal|58\/100|[from] item: Leftovers\n|upkeep\n|turn|6\n|\n|t:|1667768546\n|switch|p2a: Corviknight|Corviknight, M|100\/100\n|-ability|p2a: Corviknight|Pressure\n|move|p1a: Melmetal|Protect||[still]\n|-fail|p1a: Melmetal\n|\n|-heal|p1a: Melmetal|65\/100|[from] item: Leftovers\n|upkeep\n|turn|7\n|\n|t:|1667768550\n|move|p1a: Melmetal|Protect|p1a: Melmetal\n|-singleturn|p1a: Melmetal|Protect\n|move|p2a: Corviknight|U-turn|p1a: Melmetal\n|-activate|p1a: Melmetal|move: Protect\n|\n|-heal|p1a: Melmetal|71\/100|[from] item: Leftovers\n|upkeep\n|turn|8\n|\n|t:|1667768556\n|move|p2a: Corviknight|U-turn|p1a: Melmetal\n|-resisted|p1a: Melmetal\n|-damage|p1a: Melmetal|68\/100\n|\n|t:|1667768557\n|switch|p2a: Volcanion|Volcanion|89\/100|[from]move: U-turn\n|move|p1a: Melmetal|Double Iron Bash|p2a: Volcanion\n|-resisted|p2a: Volcanion\n|-damage|p2a: Volcanion|80\/100\n|-resisted|p2a: Volcanion\n|-damage|p2a: Volcanion|73\/100\n|-hitcount|p2a: Volcanion|2\n|\n|-heal|p1a: Melmetal|74\/100|[from] item: Leftovers\n|upkeep\n|turn|9\n|\n|t:|1667768563\n|move|p1a: Melmetal|Protect|p1a: Melmetal\n|-singleturn|p1a: Melmetal|Protect\n|move|p2a: Volcanion|Flamethrower|p1a: Melmetal\n|-activate|p1a: Melmetal|move: Protect\n|\n|-heal|p1a: Melmetal|80\/100|[from] item: Leftovers\n|upkeep\n|turn|10\n|\n|t:|1667768567\n|switch|p1a: Volcanion|Volcanion|95\/100\n|move|p2a: Volcanion|Earth Power|p1a: Volcanion\n|-supereffective|p1a: Volcanion\n|-damage|p1a: Volcanion|20\/100\n|\n|upkeep\n|turn|11\n|\n|t:|1667768576\n|switch|p2a: Dragapult|Dragapult, M|100\/100\n|move|p1a: Volcanion|Earth Power|p2a: Dragapult\n|-damage|p2a: Dragapult|58\/100\n|\n|upkeep\n|turn|12\n|\n|t:|1667768588\n|move|p2a: Dragapult|Shadow Ball|p1a: Volcanion\n|-damage|p1a: Volcanion|0 fnt\n|faint|p1a: Volcanion\n|\n|upkeep\n|\n|t:|1667768590\n|switch|p1a: Latios|Latios, M|55\/100 brn\n|turn|13\n|\n|t:|1667768597\n|switch|p1a: Bisharp|Bisharp, M|100\/100\n|switch|p2a: Weavile|Weavile, M|100\/100\n|-ability|p2a: Weavile|Pressure\n|\n|upkeep\n|turn|14\n|\n|t:|1667768608\n|move|p2a: Weavile|Knock Off|p1a: Bisharp\n|-resisted|p1a: Bisharp\n|-damage|p1a: Bisharp|49\/100\n|-enditem|p1a: Bisharp|Choice Band|[from] move: Knock Off|[of] p2a: Weavile\n|move|p1a: Bisharp|Knock Off|p2a: Weavile\n|-resisted|p2a: Weavile\n|-damage|p2a: Weavile|55\/100\n|-enditem|p2a: Weavile|Choice Band|[from] move: Knock Off|[of] p1a: Bisharp\n|\n|upkeep\n|turn|15\n|\n|t:|1667768615\n|switch|p2a: Corviknight|Corviknight, M|100\/100\n|-ability|p2a: Corviknight|Pressure\n|move|p1a: Bisharp|Iron Head|p2a: Corviknight\n|-resisted|p2a: Corviknight\n|-damage|p2a: Corviknight|88\/100\n|\n|-heal|p2a: Corviknight|94\/100|[from] item: Leftovers\n|upkeep\n|turn|16\n|\n|t:|1667768619\n|move|p1a: Bisharp|Knock Off|p2a: Corviknight\n|-damage|p2a: Corviknight|60\/100\n|-enditem|p2a: Corviknight|Leftovers|[from] move: Knock Off|[of] p1a: Bisharp\n|move|p2a: Corviknight|Roost|p2a: Corviknight\n|-heal|p2a: Corviknight|100\/100\n|-singleturn|p2a: Corviknight|move: Roost\n|\n|upkeep\n|turn|17\n|\n|t:|1667768626\n|move|p1a: Bisharp|Beat Up|p2a: Corviknight\n|-crit|p2a: Corviknight\n|-damage|p2a: Corviknight|91\/100\n|-damage|p2a: Corviknight|84\/100\n|-damage|p2a: Corviknight|78\/100\n|-damage|p2a: Corviknight|71\/100\n|-hitcount|p2a: Corviknight|4\n|move|p2a: Corviknight|U-turn|p1a: Bisharp\n|-damage|p1a: Bisharp|29\/100\n|\n|t:|1667768635\n|switch|p2a: Weavile|Weavile, M|55\/100|[from]move: U-turn\n|-ability|p2a: Weavile|Pressure\n|\n|upkeep\n|turn|18\n|\n|t:|1667768644\n|switch|p2a: Corviknight|Corviknight, M|71\/100\n|-ability|p2a: Corviknight|Pressure\n|move|p1a: Bisharp|Sucker Punch||[still]\n|-fail|p1a: Bisharp\n|\n|upkeep\n|turn|19\n|\n|t:|1667768655\n|switch|p1a: Landorus|Landorus-Therian, M|100\/100\n|-ability|p1a: Landorus|Intimidate|boost\n|-unboost|p2a: Corviknight|atk|1\n|move|p2a: Corviknight|Roost|p2a: Corviknight\n|-heal|p2a: Corviknight|100\/100\n|-singleturn|p2a: Corviknight|move: Roost\n|\n|upkeep\n|turn|20\n|\n|t:|1667768659\n|move|p1a: Landorus|Stealth Rock|p2a: Corviknight\n|-sidestart|p2: Kwaga|move: Stealth Rock\n|move|p2a: Corviknight|Brave Bird|p1a: Landorus\n|-damage|p1a: Landorus|74\/100\n|-damage|p2a: Corviknight|93\/100|[from] Recoil\n|\n|upkeep\n|turn|21\n|\n|t:|1667768665\n|switch|p1a: Bisharp|Bisharp, M|29\/100\n|move|p2a: Corviknight|Defog|p1a: Bisharp\n|-unboost|p1a: Bisharp|evasion|1\n|-ability|p1a: Bisharp|Defiant|boost\n|-boost|p1a: Bisharp|atk|2\n|-sideend|p2: Kwaga|Stealth Rock|[from] move: Defog|[of] p2a: Corviknight\n|\n|upkeep\n|turn|22\n|\n|t:|1667768668\n|move|p1a: Bisharp|Knock Off|p2a: Corviknight\n|-damage|p2a: Corviknight|52\/100\n|move|p2a: Corviknight|U-turn|p1a: Bisharp\n|-damage|p1a: Bisharp|18\/100\n|\n|t:|1667768676\n|switch|p2a: Dragapult|Dragapult, M|58\/100|[from]move: U-turn\n|\n|upkeep\n|turn|23\n|\n|t:|1667768683\n|switch|p2a: Weavile|Weavile, M|55\/100\n|-ability|p2a: Weavile|Pressure\n|move|p1a: Bisharp|Sucker Punch||[still]\n|-fail|p1a: Bisharp\n|\n|upkeep\n|turn|24\n|\n|t:|1667768689\n|move|p1a: Bisharp|Sucker Punch|p2a: Weavile\n|-resisted|p2a: Weavile\n|-damage|p2a: Weavile|0 fnt\n|faint|p2a: Weavile\n|\n|upkeep\n|c|\u2606Kwaga|im so screwed right now let me tell you\n|\n|t:|1667768701\n|switch|p2a: Corviknight|Corviknight, M|52\/100\n|-ability|p2a: Corviknight|Pressure\n|turn|25\n|\n|t:|1667768706\n|move|p1a: Bisharp|Beat Up|p2a: Corviknight\n|-damage|p2a: Corviknight|39\/100\n|-damage|p2a: Corviknight|27\/100\n|-damage|p2a: Corviknight|12\/100\n|-damage|p2a: Corviknight|0 fnt\n|faint|p2a: Corviknight\n|-hitcount|p2: Corviknight|4\n|\n|upkeep\n|\n|t:|1667768709\n|switch|p2a: Dragonite|Dragonite, M|100\/100\n|turn|26\n|\n|t:|1667768717\n|move|p2a: Dragonite|Dragon Dance|p2a: Dragonite\n|-boost|p2a: Dragonite|atk|1\n|-boost|p2a: Dragonite|spe|1\n|move|p1a: Bisharp|Beat Up|p2a: Dragonite\n|-damage|p2a: Dragonite|80\/100\n|-damage|p2a: Dragonite|56\/100\n|-damage|p2a: Dragonite|32\/100\n|-damage|p2a: Dragonite|10\/100\n|-hitcount|p2a: Dragonite|4\n|\n|upkeep\n|turn|27\n|\n|t:|1667768730\n|move|p2a: Dragonite|Extreme Speed|p1a: Bisharp\n|-resisted|p1a: Bisharp\n|-damage|p1a: Bisharp|0 fnt\n|faint|p1a: Bisharp\n|-damage|p2a: Dragonite|0 fnt|[from] item: Life Orb\n|faint|p2a: Dragonite\n|\n|upkeep\n|c|\u2606Kwaga|gg\n|c|\u2606sufys12|gg\n|\n|t:|1667768748\n|switch|p2a: Dragapult|Dragapult, M|58\/100\n|switch|p1a: Tapu Bulu|Tapu Bulu|100\/100\n|-fieldstart|move: Grassy Terrain|[from] ability: Grassy Surge|[of] p1a: Tapu Bulu\n|turn|28\n|c|\u2606Kwaga|i have nothing for bish i noticed\n|\n|t:|1667768753\n|move|p2a: Dragapult|Flamethrower|p1a: Tapu Bulu\n|-supereffective|p1a: Tapu Bulu\n|-damage|p1a: Tapu Bulu|0 fnt\n|faint|p1a: Tapu Bulu\n|\n|-heal|p2a: Dragapult|64\/100|[from] Grassy Terrain\n|upkeep\n|\n|t:|1667768758\n|switch|p1a: Latios|Latios, M|55\/100 brn\n|turn|29\n|\n|t:|1667768761\n|switch|p2a: Volcanion|Volcanion|73\/100\n|move|p1a: Latios|Psychic|p2a: Volcanion\n|-crit|p2a: Volcanion\n|-damage|p2a: Volcanion|0 fnt\n|faint|p2a: Volcanion\n|\n|-damage|p1a: Latios|49\/100 brn|[from] brn\n|upkeep\n|\n|t:|1667768763\n|switch|p2a: Dragapult|Dragapult, M|64\/100\n|turn|30\n|\n|t:|1667768769\n|switch|p1a: Melmetal|Melmetal|80\/100\n|move|p2a: Dragapult|Shadow Ball|p1a: Melmetal\n|-damage|p1a: Melmetal|30\/100\n|\n|-heal|p2a: Dragapult|70\/100|[from] Grassy Terrain\n|-heal|p1a: Melmetal|36\/100|[from] Grassy Terrain\n|-heal|p1a: Melmetal|42\/100|[from] item: Leftovers\n|upkeep\n|turn|31\n|\n|t:|1667768772\n|move|p1a: Melmetal|Protect|p1a: Melmetal\n|-singleturn|p1a: Melmetal|Protect\n|move|p2a: Dragapult|Shadow Ball|p1a: Melmetal\n|-activate|p1a: Melmetal|move: Protect\n|\n|-heal|p2a: Dragapult|76\/100|[from] Grassy Terrain\n|-heal|p1a: Melmetal|48\/100|[from] Grassy Terrain\n|-heal|p1a: Melmetal|54\/100|[from] item: Leftovers\n|upkeep\n|turn|32\n|\n|t:|1667768774\n|move|p2a: Dragapult|Shadow Ball|p1a: Melmetal\n|-damage|p1a: Melmetal|3\/100\n|move|p1a: Melmetal|Double Iron Bash|p2a: Dragapult\n|-damage|p2a: Dragapult|30\/100\n|-damage|p2a: Dragapult|0 fnt\n|faint|p2a: Dragapult\n|-hitcount|p2: Dragapult|2\n|\n|win|sufys12\n","uploadtime":1667768778,"views":4,"p1id":"sufys12","p2id":"kwaga","formatid":"gen8ou","rating":0,"private":0,"password":null}