{"id":"gen8almostanyability-1347151157","p1":"Hershie Bunny","p2":"GuyguyLaMenace","format":"gen8almostanyability","log":"|j|\u2606Hershie Bunny\n|j|\u2606GuyguyLaMenace\n|t:|1621955628\n|gametype|singles\n|player|p1|Hershie Bunny|iris-gen5bw2|1191\n|player|p2|GuyguyLaMenace|volkner|1341\n|teamsize|p1|6\n|teamsize|p2|6\n|gen|8\n|tier|[Gen 8] Almost Any Ability\n|rated|\n|rule|Species Clause: Limit one of each Pok\u00e9mon\n|rule|2 Ability Clause: Limit two of each ability\n|rule|OHKO Clause: OHKO moves are banned\n|rule|Evasion Moves Clause: Evasion moves are banned\n|rule|HP Percentage Mod: HP is shown in percentages\n|rule|Dynamax Clause: You cannot dynamax\n|rule|Sleep Clause Mod: Limit one foe put to sleep\n|rule|Endless Battle Clause: Forcing endless battles is banned\n|clearpoke\n|poke|p1|Corviknight, M|\n|poke|p1|Zapdos|\n|poke|p1|Tapu Bulu|\n|poke|p1|Bisharp, F|\n|poke|p1|Swampert, M|\n|poke|p1|Golisopod, F|\n|poke|p2|Volcarona, F|\n|poke|p2|Weavile, M|\n|poke|p2|Polteageist|\n|poke|p2|Latios, M|\n|poke|p2|Blissey, F|\n|poke|p2|Blacephalon|\n|teampreview\n|inactive|Battle timer is ON: inactive players will automatically lose when time's up. (requested by GuyguyLaMenace)\n|\n|t:|1621955656\n|start\n|switch|p1a: Corviknight|Corviknight, M|100\/100\n|switch|p2a: Weavile|Weavile, M, shiny|100\/100\n|-weather|RainDance|[from] ability: Drizzle|[of] p1a: Corviknight\n|turn|1\n|\n|t:|1621955671\n|switch|p2a: Blacephalon|Blacephalon|100\/100\n|move|p1a: Corviknight|U-turn|p2a: Blacephalon\n|-resisted|p2a: Blacephalon\n|-damage|p2a: Blacephalon|92\/100\n|\n|t:|1621955679\n|switch|p1a: Bisharp|Bisharp, F|100\/100|[from]move: U-turn\n|\n|-weather|RainDance|[upkeep]\n|upkeep\n|turn|2\n|\n|t:|1621955702\n|switch|p2a: Weavile|Weavile, M, shiny|100\/100\n|move|p1a: Bisharp|Knock Off|p2a: Weavile\n|-resisted|p2a: Weavile\n|-damage|p2a: Weavile|48\/100\n|-enditem|p2a: Weavile|Choice Band|[from] move: Knock Off|[of] p1a: Bisharp\n|\n|-weather|RainDance|[upkeep]\n|upkeep\n|turn|3\n|\n|t:|1621955717\n|move|p1a: Bisharp|Swords Dance|p1a: Bisharp\n|-boost|p1a: Bisharp|atk|2\n|move|p2a: Weavile|Knock Off|p1a: Bisharp\n|-resisted|p1a: Bisharp\n|-damage|p1a: Bisharp|61\/100\n|-enditem|p1a: Bisharp|Black Glasses|[from] move: Knock Off|[of] p2a: Weavile\n|\n|-weather|RainDance|[upkeep]\n|upkeep\n|turn|4\n|\n|t:|1621955726\n|switch|p2a: Polteageist|Polteageist, shiny|100\/100\n|-fieldstart|move: Psychic Terrain|[from] ability: Psychic Surge|[of] p2a: Polteageist\n|move|p1a: Bisharp|Iron Head|p2a: Polteageist\n|-enditem|p2a: Polteageist|Focus Sash\n|-damage|p2a: Polteageist|1\/100\n|\n|-weather|RainDance|[upkeep]\n|upkeep\n|turn|5\n|\n|t:|1621955734\n|move|p1a: Bisharp|Iron Head|p2a: Polteageist\n|-damage|p2a: Polteageist|0 fnt\n|faint|p2a: Polteageist\n|\n|-weather|RainDance|[upkeep]\n|upkeep\n|\n|t:|1621955739\n|switch|p2a: Blacephalon|Blacephalon|92\/100\n|turn|6\n|\n|t:|1621955744\n|move|p1a: Bisharp|Knock Off|p2a: Blacephalon\n|-supereffective|p2a: Blacephalon\n|-damage|p2a: Blacephalon|0 fnt\n|-enditem|p2a: Blacephalon|Choice Scarf|[from] move: Knock Off|[of] p1a: Bisharp\n|faint|p2a: Blacephalon\n|\n|-weather|RainDance|[upkeep]\n|upkeep\n|\n|t:|1621955753\n|switch|p2a: Latios|Latios, M, shiny|100\/100\n|turn|7\n|\n|t:|1621955757\n|move|p2a: Latios|Aura Sphere|p1a: Bisharp\n|-supereffective|p1a: Bisharp\n|-damage|p1a: Bisharp|0 fnt\n|faint|p1a: Bisharp\n|-ability|p2a: Latios|Beast Boost|boost\n|-boost|p2a: Latios|spa|1\n|\n|-weather|RainDance|[upkeep]\n|upkeep\n|\n|t:|1621955770\n|switch|p1a: Corviknight|Corviknight, M|100\/100\n|turn|8\n|\n|t:|1621955773\n|move|p2a: Latios|Aura Sphere|p1a: Corviknight\n|-damage|p1a: Corviknight|69\/100\n|move|p1a: Corviknight|U-turn|p2a: Latios\n|-supereffective|p2a: Latios\n|-damage|p2a: Latios|60\/100\n|\n|t:|1621955777\n|switch|p1a: Golisopod|Golisopod, F|100\/100|[from]move: U-turn\n|\n|-weather|none\n|-fieldend|move: Psychic Terrain\n|upkeep\n|turn|9\n|\n|t:|1621955783\n|switch|p2a: Volcarona|Volcarona, F, shiny|100\/100\n|move|p1a: Golisopod|Swords Dance|p1a: Golisopod\n|-boost|p1a: Golisopod|atk|2\n|\n|upkeep\n|turn|10\n|\n|t:|1621955789\n|move|p2a: Volcarona|Fiery Dance|p1a: Golisopod\n|-damage|p1a: Golisopod|55\/100\n|move|p1a: Golisopod|Liquidation|p2a: Volcarona\n|-supereffective|p2a: Volcarona\n|-damage|p2a: Volcarona|0 fnt\n|faint|p2a: Volcarona\n|-damage|p1a: Golisopod|45\/100|[from] item: Life Orb\n|\n|upkeep\n|\n|t:|1621955797\n|switch|p2a: Latios|Latios, M, shiny|60\/100\n|turn|11\n|\n|t:|1621955817\n|move|p1a: Golisopod|Leech Life|p2a: Latios\n|-supereffective|p2a: Latios\n|-damage|p2a: Latios|0 fnt\n|-heal|p1a: Golisopod|71\/100|[from] drain|[of] p2a: Latios\n|faint|p2a: Latios\n|-damage|p1a: Golisopod|61\/100|[from] item: Life Orb\n|\n|upkeep\n|-message|GuyguyLaMenace forfeited.\n|\n|win|Hershie Bunny\n|raw|Hershie Bunny's rating: 1191 &rarr; <strong>1226<\/strong><br \/>(+35 for winning)\n|raw|GuyguyLaMenace's rating: 1341 &rarr; <strong>1313<\/strong><br \/>(-28 for losing)\n|l|\u2606GuyguyLaMenace\n||Ladder isn't responding, score probably updated but might not have (Request timeout).\n|l|\u2606Hershie Bunny\n|j| UnnerfTalonflame\n","uploadtime":1621955829,"views":38,"p1id":"hershiebunny","p2id":"guyguylamenace","formatid":"gen8almostanyability","rating":1226,"private":0,"password":null}