{"id":"gen8ou-1052125315","p1":"Del chef","p2":"LolzMachine","format":"gen8ou","log":"|j|\u2606Del chef\n|j|\u2606LolzMachine\n|player|p1|Del chef|266|1708\n|player|p2|LolzMachine|294|1718\n|teamsize|p1|6\n|teamsize|p2|6\n|gametype|singles\n|gen|8\n|tier|[Gen 8] OU\n|rated|\n|clearpoke\n|poke|p1|Hydreigon, M|\n|poke|p1|Ferrothorn, M|\n|poke|p1|Clefable, F|\n|poke|p1|Rotom-Heat|\n|poke|p1|Mandibuzz, F|\n|poke|p1|Aegislash, F|\n|poke|p2|Dracovish|\n|poke|p2|Toxtricity, F|\n|poke|p2|Roserade, F|\n|poke|p2|Mandibuzz, F|\n|poke|p2|Conkeldurr, F|\n|poke|p2|Dragapult, M|\n|rule|Sleep Clause Mod: Limit one foe put to sleep\n|rule|Species Clause: Limit one of each Pok\u00e9mon\n|rule|OHKO Clause: OHKO moves are banned\n|rule|Evasion Moves Clause: Evasion moves are banned\n|rule|Endless Battle Clause: Forcing endless battles is banned\n|rule|HP Percentage Mod: HP is shown in percentages\n|rule|Dynamax Clause: You cannot dynamax\n|teampreview\n|\n|start\n|switch|p1a: Rotom|Rotom-Heat, shiny|100\/100\n|switch|p2a: Dragapult|Dragapult, M|100\/100\n|turn|1\n|\n|switch|p1a: Clefable|Clefable, F|100\/100\n|move|p2a: Dragapult|Draco Meteor|p1a: Clefable\n|-immune|p1a: Clefable\n|\n|upkeep\n|turn|2\n|inactive|Battle timer is ON: inactive players will automatically lose when time's up. (requested by LolzMachine)\n|\n|switch|p2a: Roserade|Roserade, F|100\/100\n|move|p1a: Clefable|Moonblast|p2a: Roserade\n|-resisted|p2a: Roserade\n|-damage|p2a: Roserade|81\/100\n|\n|-heal|p2a: Roserade|87\/100|[from] item: Black Sludge\n|upkeep\n|turn|3\n|\n|switch|p1a: Aegislash|Aegislash, F|100\/100\n|move|p2a: Roserade|Spikes|p1a: Aegislash\n|-sidestart|p1: Del chef|Spikes\n|\n|-heal|p2a: Roserade|93\/100|[from] item: Black Sludge\n|upkeep\n|turn|4\n|\n|switch|p2a: Mandibuzz|Mandibuzz, F|100\/100\n|switch|p1a: Rotom|Rotom-Heat, shiny|100\/100\n|\n|upkeep\n|turn|5\n|j| aftertaste ta\n|\n|move|p1a: Rotom|Nasty Plot|p1a: Rotom\n|-boost|p1a: Rotom|spa|2\n|move|p2a: Mandibuzz|Knock Off|p1a: Rotom\n|-damage|p1a: Rotom|69\/100\n|-enditem|p1a: Rotom|Heavy-Duty Boots|[from] move: Knock Off|[of] p2a: Mandibuzz\n|\n|upkeep\n|turn|6\n|\n|switch|p2a: Dragapult|Dragapult, M|100\/100\n|move|p1a: Rotom|Volt Switch|p2a: Dragapult\n|-resisted|p2a: Dragapult\n|-damage|p2a: Dragapult|60\/100\n|\n|switch|p1a: Clefable|Clefable, F|100\/100|[from]move: Volt Switch\n|\n|upkeep\n|turn|7\n|\n|move|p2a: Dragapult|U-turn|p1a: Clefable\n|-resisted|p1a: Clefable\n|-damage|p1a: Clefable|92\/100\n|\n|switch|p2a: Roserade|Roserade, F|93\/100|[from]move: U-turn\n|move|p1a: Clefable|Thunder Wave|p2a: Roserade\n|-status|p2a: Roserade|par\n|\n|-heal|p1a: Clefable|98\/100|[from] item: Leftovers\n|-heal|p2a: Roserade|99\/100 par|[from] item: Black Sludge\n|upkeep\n|turn|8\n|\n|switch|p1a: Mandibuzz|Mandibuzz, F, shiny|100\/100\n|switch|p2a: Toxtricity|Toxtricity, F|100\/100\n|\n|upkeep\n|turn|9\n|\n|switch|p1a: Staller|Ferrothorn, M, shiny|100\/100\n|-damage|p1a: Staller|88\/100|[from] Spikes\n|move|p2a: Toxtricity|Volt Switch|p1a: Staller\n|-resisted|p1a: Staller\n|-damage|p1a: Staller|66\/100\n|\n|switch|p2a: Conkeldurr|Conkeldurr, F|100\/100|[from]move: Volt Switch\n|\n|-heal|p1a: Staller|72\/100|[from] item: Leftovers\n|-status|p2a: Conkeldurr|brn|[from] item: Flame Orb\n|upkeep\n|turn|10\n|\n|move|p1a: Staller|Protect|p1a: Staller\n|-singleturn|p1a: Staller|Protect\n|move|p2a: Conkeldurr|Drain Punch|p1a: Staller\n|-activate|p1a: Staller|move: Protect\n|\n|-heal|p1a: Staller|79\/100|[from] item: Leftovers\n|-damage|p2a: Conkeldurr|95\/100 brn|[from] brn\n|upkeep\n|turn|11\n|\n|move|p2a: Conkeldurr|Payback|p1a: Staller\n|-damage|p1a: Staller|62\/100\n|-damage|p2a: Conkeldurr|82\/100 brn|[from] ability: Iron Barbs|[of] p1a: Staller\n|move|p1a: Staller|Leech Seed|p2a: Conkeldurr\n|-start|p2a: Conkeldurr|move: Leech Seed\n|\n|-heal|p1a: Staller|68\/100|[from] item: Leftovers\n|-damage|p2a: Conkeldurr|70\/100 brn|[from] Leech Seed|[of] p1a: Staller\n|-heal|p1a: Staller|80\/100|[silent]\n|-damage|p2a: Conkeldurr|64\/100 brn|[from] brn\n|upkeep\n|turn|12\n|\n|switch|p2a: Roserade|Roserade, F|99\/100\n|move|p1a: Staller|Power Whip|p2a: Roserade\n|-resisted|p2a: Roserade\n|-damage|p2a: Roserade|80\/100\n|\n|-heal|p2a: Roserade|86\/100|[from] item: Black Sludge\n|-heal|p1a: Staller|87\/100|[from] item: Leftovers\n|upkeep\n|turn|13\n|\n|switch|p1a: Mandibuzz|Mandibuzz, F, shiny|100\/100\n|move|p2a: Roserade|Spikes|p1a: Mandibuzz\n|-sidestart|p1: Del chef|Spikes\n|\n|-heal|p2a: Roserade|92\/100|[from] item: Black Sludge\n|upkeep\n|turn|14\n|\n|move|p2a: Roserade|Sludge Bomb|p1a: Mandibuzz\n|-damage|p1a: Mandibuzz|61\/100\n|move|p1a: Mandibuzz|Defog|p2a: Roserade\n|-unboost|p2a: Roserade|evasion|1\n|-sideend|p1: Del chef|Spikes|[from] move: Defog|[of] p1a: Mandibuzz\n|\n|-heal|p2a: Roserade|98\/100|[from] item: Black Sludge\n|upkeep\n|turn|15\n|\n|switch|p1a: Aegislash|Aegislash, F|100\/100\n|move|p2a: Roserade|Sludge Bomb|p1a: Aegislash\n|-immune|p1a: Aegislash\n|\n|-heal|p2a: Roserade|100\/100|[from] item: Black Sludge\n|upkeep\n|turn|16\n|\n|switch|p1a: Hydreigon|Hydreigon, M, shiny|100\/100\n|move|p2a: Roserade|Sleep Powder|p1a: Hydreigon\n|-status|p1a: Hydreigon|slp|[from] move: Sleep Powder\n|\n|upkeep\n|turn|17\n|\n|cant|p1a: Hydreigon|slp\n|move|p2a: Roserade|Spikes|p1a: Hydreigon\n|-sidestart|p1: Del chef|Spikes\n|\n|upkeep\n|turn|18\n|\n|switch|p2a: Mandibuzz|Mandibuzz, F|100\/100\n|-curestatus|p1a: Hydreigon|slp|[msg]\n|move|p1a: Hydreigon|Nasty Plot|p1a: Hydreigon\n|-boost|p1a: Hydreigon|spa|2\n|\n|upkeep\n|turn|19\n|\n|move|p1a: Hydreigon|Draco Meteor|p2a: Mandibuzz\n|-damage|p2a: Mandibuzz|0 fnt\n|-unboost|p1a: Hydreigon|spa|2\n|-damage|p1a: Hydreigon|91\/100|[from] item: Life Orb\n|faint|p2a: Mandibuzz\n|\n|upkeep\n|\n|switch|p2a: Dragapult|Dragapult, M|60\/100\n|turn|20\n|\n|switch|p1a: Clefable|Clefable, F|98\/100\n|move|p2a: Dragapult|U-turn|p1a: Clefable\n|-resisted|p1a: Clefable\n|-damage|p1a: Clefable|89\/100\n|\n|switch|p2a: Dracovish|Dracovish|100\/100|[from]move: U-turn\n|\n|-heal|p1a: Clefable|95\/100|[from] item: Leftovers\n|upkeep\n|turn|21\n|\n|move|p1a: Clefable|Protect|p1a: Clefable\n|-singleturn|p1a: Clefable|Protect\n|move|p2a: Dracovish|Fishious Rend|p1a: Clefable\n|-activate|p1a: Clefable|move: Protect\n|\n|-heal|p1a: Clefable|100\/100|[from] item: Leftovers\n|upkeep\n|turn|22\n|\n|switch|p1a: Staller|Ferrothorn, M, shiny|87\/100\n|-damage|p1a: Staller|74\/100|[from] Spikes\n|move|p2a: Dracovish|Fishious Rend|p1a: Staller\n|-resisted|p1a: Staller\n|-damage|p1a: Staller|26\/100\n|-damage|p2a: Dracovish|88\/100|[from] ability: Iron Barbs|[of] p1a: Staller\n|\n|-heal|p1a: Staller|33\/100|[from] item: Leftovers\n|upkeep\n|turn|23\n|\n|move|p2a: Dracovish|Fishious Rend|p1a: Staller\n|-resisted|p1a: Staller\n|-damage|p1a: Staller|0 fnt\n|-damage|p2a: Dracovish|76\/100|[from] ability: Iron Barbs|[of] p1a: Staller\n|faint|p1a: Staller\n|\n|upkeep\n|\n|switch|p1a: Hydreigon|Hydreigon, M, shiny|91\/100\n|turn|24\n|\n|switch|p2a: Roserade|Roserade, F|100\/100\n|move|p1a: Hydreigon|Draco Meteor|p2a: Roserade\n|-damage|p2a: Roserade|0 fnt\n|-unboost|p1a: Hydreigon|spa|2\n|-damage|p1a: Hydreigon|81\/100|[from] item: Life Orb\n|faint|p2a: Roserade\n|\n|upkeep\n|\n|switch|p2a: Dragapult|Dragapult, M|60\/100\n|turn|25\n|\n|switch|p1a: Clefable|Clefable, F|100\/100\n|move|p2a: Dragapult|Draco Meteor|p1a: Clefable\n|-immune|p1a: Clefable\n|\n|upkeep\n|turn|26\n|\n|switch|p2a: Toxtricity|Toxtricity, F|100\/100\n|switch|p1a: Hydreigon|Hydreigon, M, shiny|81\/100\n|\n|upkeep\n|turn|27\n|\n|move|p1a: Hydreigon|Draco Meteor|p2a: Toxtricity\n|-damage|p2a: Toxtricity|0 fnt\n|-unboost|p1a: Hydreigon|spa|2\n|-damage|p1a: Hydreigon|71\/100|[from] item: Life Orb\n|faint|p2a: Toxtricity\n|\n|upkeep\n|\n|switch|p2a: Dracovish|Dracovish|76\/100\n|turn|28\n|\n|switch|p1a: Rotom|Rotom-Heat, shiny|69\/100\n|move|p2a: Dracovish|Fishious Rend|p1a: Rotom\n|-supereffective|p1a: Rotom\n|-crit|p1a: Rotom\n|-damage|p1a: Rotom|0 fnt\n|faint|p1a: Rotom\n|\n|upkeep\n|\n|switch|p1a: Hydreigon|Hydreigon, M, shiny|71\/100\n|turn|29\n|\n|move|p1a: Hydreigon|Draco Meteor|p2a: Dracovish\n|-supereffective|p2a: Dracovish\n|-damage|p2a: Dracovish|0 fnt\n|-unboost|p1a: Hydreigon|spa|2\n|-damage|p1a: Hydreigon|61\/100|[from] item: Life Orb\n|faint|p2a: Dracovish\n|\n|upkeep\n|\n|switch|p2a: Conkeldurr|Conkeldurr, F|64\/100 brn\n|turn|30\n|\n|switch|p1a: Mandibuzz|Mandibuzz, F, shiny|61\/100\n|move|p2a: Conkeldurr|Payback|p1a: Mandibuzz\n|-resisted|p1a: Mandibuzz\n|-damage|p1a: Mandibuzz|52\/100\n|\n|-damage|p2a: Conkeldurr|58\/100 brn|[from] brn\n|upkeep\n|turn|31\n|\n|move|p1a: Mandibuzz|Roost|p1a: Mandibuzz\n|-heal|p1a: Mandibuzz|100\/100\n|-singleturn|p1a: Mandibuzz|move: Roost\n|move|p2a: Conkeldurr|Payback|p1a: Mandibuzz\n|-resisted|p1a: Mandibuzz\n|-damage|p1a: Mandibuzz|84\/100\n|\n|-damage|p2a: Conkeldurr|52\/100 brn|[from] brn\n|upkeep\n|turn|32\n|\n|move|p1a: Mandibuzz|U-turn|p2a: Conkeldurr\n|-resisted|p2a: Conkeldurr\n|-damage|p2a: Conkeldurr|46\/100 brn\n|\n|switch|p1a: Aegislash|Aegislash, F|100\/100|[from]move: U-turn\n|-damage|p1a: Aegislash|88\/100|[from] Spikes\n|move|p2a: Conkeldurr|Payback|p1a: Aegislash\n|-supereffective|p1a: Aegislash\n|-damage|p1a: Aegislash|37\/100\n|\n|-damage|p2a: Conkeldurr|40\/100 brn|[from] brn\n|upkeep\n|turn|33\n|\n|move|p2a: Conkeldurr|Payback|p1a: Aegislash\n|-supereffective|p1a: Aegislash\n|-crit|p1a: Aegislash\n|-damage|p1a: Aegislash|0 fnt\n|faint|p1a: Aegislash\n|\n|-damage|p2a: Conkeldurr|34\/100 brn|[from] brn\n|upkeep\n|\n|switch|p1a: Clefable|Clefable, F|100\/100\n|turn|34\n|\n|move|p1a: Clefable|Protect|p1a: Clefable\n|-singleturn|p1a: Clefable|Protect\n|move|p2a: Conkeldurr|Facade|p1a: Clefable\n|-activate|p1a: Clefable|move: Protect\n|\n|-damage|p2a: Conkeldurr|28\/100 brn|[from] brn\n|upkeep\n|turn|35\n|\n|move|p2a: Conkeldurr|Facade|p1a: Clefable\n|-damage|p1a: Clefable|5\/100\n|move|p1a: Clefable|Moonblast|p2a: Conkeldurr\n|-supereffective|p2a: Conkeldurr\n|-damage|p2a: Conkeldurr|0 fnt\n|faint|p2a: Conkeldurr\n|\n|-heal|p1a: Clefable|11\/100|[from] item: Leftovers\n|upkeep\n|-message|LolzMachine forfeited.\n|\n|win|Del chef\n|l|\u2606LolzMachine\n|l|\u2606Del chef\n|j|\u2606Del chef\n|player|p1|Del chef|266\n|l|\u2606Del chef\n|player|p1|\n|raw|Del chef's rating: 1685 &rarr; <strong>1707<\/strong><br \/>(+22 for winning)\n|raw|LolzMachine's rating: 1719 &rarr; <strong>1697<\/strong><br \/>(-22 for losing)\n","uploadtime":1579899451,"views":57,"p1id":"delchef","p2id":"lolzmachine","formatid":"gen8ou","rating":1697,"private":0,"password":null}