{"id":"gen8nationaldex-1677777724","p1":"FleetFoxxx","p2":"sicksickboy","format":"gen8nationaldex","log":"|j|\u2606FleetFoxxx\n|j|\u2606sicksickboy\n|t:|1664923721\n|gametype|singles\n|player|p1|FleetFoxxx|flannery|\n|player|p2|sicksickboy|sabrina-masters|\n|teamsize|p1|6\n|teamsize|p2|6\n|gen|8\n|tier|[Gen 8] National Dex\n|rule|HP Percentage Mod: HP is shown in percentages\n|rule|Endless Battle Clause: Forcing endless battles is banned\n|rule|OHKO Clause: OHKO moves are banned\n|rule|Evasion Moves Clause: Evasion moves are banned\n|rule|Species Clause: Limit one of each Pok\u00e9mon\n|rule|Dynamax Clause: You cannot dynamax\n|rule|Sleep Clause Mod: Limit one foe put to sleep\n|clearpoke\n|poke|p1|Qwilfish, F|\n|poke|p1|Hydreigon, F|\n|poke|p1|Goodra, M|\n|poke|p1|Celesteela|\n|poke|p1|Runerigus, M|\n|poke|p1|Pinsir, F|\n|poke|p2|Slowbro, M|\n|poke|p2|Corviknight, F|\n|poke|p2|Hoopa|\n|poke|p2|Porygon-Z|\n|poke|p2|Talonflame, F|\n|poke|p2|Stakataka|\n|teampreview\n|j| DerpyDots\n|c| DerpyDots|he lives\n|j| Flare1498\n|c| DerpyDots|Long live the sickboy\n|j| Charkhil\n|j| johngalt149\n|j| zoompa\n|j| yes munchlax\n|j| glumpbumpin\n|\n|t:|1664923826\n|start\n|switch|p1a: Runerigus|Runerigus, M|100\/100\n|switch|p2a: Slowbro|Slowbro, M|100\/100\n|turn|1\n|l| glumpbumpin\n|\n|t:|1664923916\n|move|p1a: Runerigus|Stealth Rock|p2a: Slowbro\n|-sidestart|p2: sicksickboy|move: Stealth Rock\n|move|p2a: Slowbro|Ice Beam|p1a: Runerigus\n|-supereffective|p1a: Runerigus\n|-damage|p1a: Runerigus|72\/100\n|\n|-heal|p1a: Runerigus|78\/100|[from] item: Leftovers\n|upkeep\n|turn|2\n|j|+111ace111\n|\n|t:|1664923972\n|move|p2a: Slowbro|Future Sight|p1a: Runerigus\n|-start|p2a: Slowbro|move: Future Sight\n|move|p1a: Runerigus|Toxic Spikes|p2a: Slowbro\n|-sidestart|p2: sicksickboy|move: Toxic Spikes\n|\n|-heal|p1a: Runerigus|84\/100|[from] item: Leftovers\n|upkeep\n|turn|3\n|\n|t:|1664923979\n|switch|p2a: Corviknight|Corviknight, F|100\/100\n|-damage|p2a: Corviknight|88\/100|[from] Stealth Rock\n|move|p1a: Runerigus|Toxic Spikes|p2a: Corviknight\n|-sidestart|p2: sicksickboy|move: Toxic Spikes\n|\n|-heal|p1a: Runerigus|90\/100|[from] item: Leftovers\n|upkeep\n|turn|4\n|\n|t:|1664924015\n|switch|p1a: Celesteela|Celesteela|100\/100\n|move|p2a: Corviknight|Agility|p2a: Corviknight\n|-boost|p2a: Corviknight|spe|2\n|\n|-end|p1a: Celesteela|move: Future Sight\n|-resisted|p1a: Celesteela\n|-damage|p1a: Celesteela|83\/100\n|-heal|p1a: Celesteela|89\/100|[from] item: Leftovers\n|upkeep\n|turn|5\n|\n|t:|1664924028\n|move|p2a: Corviknight|Bulk Up|p2a: Corviknight\n|-boost|p2a: Corviknight|atk|1\n|-boost|p2a: Corviknight|def|1\n|move|p1a: Celesteela|Leech Seed|p2a: Corviknight\n|-start|p2a: Corviknight|move: Leech Seed\n|\n|-heal|p1a: Celesteela|95\/100|[from] item: Leftovers\n|-damage|p2a: Corviknight|76\/100|[from] Leech Seed|[of] p1a: Celesteela\n|-heal|p1a: Celesteela|100\/100|[silent]\n|upkeep\n|turn|6\n|\n|t:|1664924103\n|move|p2a: Corviknight|Bulk Up|p2a: Corviknight\n|-boost|p2a: Corviknight|atk|1\n|-boost|p2a: Corviknight|def|1\n|move|p1a: Celesteela|Substitute|p1a: Celesteela\n|-start|p1a: Celesteela|Substitute\n|-damage|p1a: Celesteela|76\/100\n|\n|-heal|p1a: Celesteela|82\/100|[from] item: Leftovers\n|-damage|p2a: Corviknight|64\/100|[from] Leech Seed|[of] p1a: Celesteela\n|-heal|p1a: Celesteela|94\/100|[silent]\n|upkeep\n|turn|7\n|\n|t:|1664924121\n|move|p2a: Corviknight|Power Trip|p1a: Celesteela\n|-end|p1a: Celesteela|Substitute\n|move|p1a: Celesteela|Meteor Beam||[still]\n|-prepare|p1a: Celesteela|Meteor Beam\n|-boost|p1a: Celesteela|spa|1\n|\n|-heal|p1a: Celesteela|99\/100|[from] item: Leftovers\n|-damage|p2a: Corviknight|51\/100|[from] Leech Seed|[of] p1a: Celesteela\n|-heal|p1a: Celesteela|100\/100|[silent]\n|upkeep\n|turn|8\n|\n|t:|1664924130\n|move|p2a: Corviknight|Roost|p2a: Corviknight\n|-heal|p2a: Corviknight|100\/100\n|-singleturn|p2a: Corviknight|move: Roost\n|move|p1a: Celesteela|Meteor Beam|p2a: Corviknight|[from]lockedmove\n|-resisted|p2a: Corviknight\n|-damage|p2a: Corviknight|81\/100\n|\n|-damage|p2a: Corviknight|69\/100|[from] Leech Seed|[of] p1a: Celesteela\n|upkeep\n|turn|9\n|\n|t:|1664924186\n|move|p2a: Corviknight|Bulk Up|p2a: Corviknight\n|-boost|p2a: Corviknight|atk|1\n|-boost|p2a: Corviknight|def|1\n|move|p1a: Celesteela|Substitute|p1a: Celesteela\n|-start|p1a: Celesteela|Substitute\n|-damage|p1a: Celesteela|76\/100\n|\n|-heal|p1a: Celesteela|82\/100|[from] item: Leftovers\n|-damage|p2a: Corviknight|56\/100|[from] Leech Seed|[of] p1a: Celesteela\n|-heal|p1a: Celesteela|94\/100|[silent]\n|upkeep\n|turn|10\n|\n|t:|1664924215\n|move|p2a: Corviknight|Roost|p2a: Corviknight\n|-heal|p2a: Corviknight|100\/100\n|-singleturn|p2a: Corviknight|move: Roost\n|move|p1a: Celesteela|Meteor Beam||[still]\n|-prepare|p1a: Celesteela|Meteor Beam\n|-boost|p1a: Celesteela|spa|1\n|\n|-heal|p1a: Celesteela|99\/100|[from] item: Leftovers\n|-damage|p2a: Corviknight|88\/100|[from] Leech Seed|[of] p1a: Celesteela\n|-heal|p1a: Celesteela|100\/100|[silent]\n|upkeep\n|turn|11\n|\n|t:|1664924221\n|move|p2a: Corviknight|Power Trip|p1a: Celesteela\n|-end|p1a: Celesteela|Substitute\n|move|p1a: Celesteela|Meteor Beam|p2a: Corviknight|[from]lockedmove\n|-damage|p2a: Corviknight|30\/100\n|\n|-damage|p2a: Corviknight|18\/100|[from] Leech Seed|[of] p1a: Celesteela\n|upkeep\n|turn|12\n|\n|t:|1664924267\n|move|p2a: Corviknight|Roost|p2a: Corviknight\n|-heal|p2a: Corviknight|68\/100\n|-singleturn|p2a: Corviknight|move: Roost\n|move|p1a: Celesteela|Substitute|p1a: Celesteela\n|-start|p1a: Celesteela|Substitute\n|-damage|p1a: Celesteela|76\/100\n|\n|-heal|p1a: Celesteela|82\/100|[from] item: Leftovers\n|-damage|p2a: Corviknight|55\/100|[from] Leech Seed|[of] p1a: Celesteela\n|-heal|p1a: Celesteela|94\/100|[silent]\n|upkeep\n|turn|13\n|\n|t:|1664924277\n|move|p2a: Corviknight|Bulk Up|p2a: Corviknight\n|-boost|p2a: Corviknight|atk|1\n|-boost|p2a: Corviknight|def|1\n|move|p1a: Celesteela|Meteor Beam||[still]\n|-prepare|p1a: Celesteela|Meteor Beam\n|-boost|p1a: Celesteela|spa|1\n|\n|-heal|p1a: Celesteela|99\/100|[from] item: Leftovers\n|-damage|p2a: Corviknight|43\/100|[from] Leech Seed|[of] p1a: Celesteela\n|-heal|p1a: Celesteela|100\/100|[silent]\n|upkeep\n|turn|14\n|\n|t:|1664924281\n|move|p2a: Corviknight|Roost|p2a: Corviknight\n|-heal|p2a: Corviknight|93\/100\n|-singleturn|p2a: Corviknight|move: Roost\n|move|p1a: Celesteela|Meteor Beam|p2a: Corviknight|[from]lockedmove\n|-resisted|p2a: Corviknight\n|-damage|p2a: Corviknight|58\/100\n|\n|-damage|p2a: Corviknight|46\/100|[from] Leech Seed|[of] p1a: Celesteela\n|upkeep\n|turn|15\n|\n|t:|1664924285\n|move|p2a: Corviknight|Power Trip|p1a: Celesteela\n|-end|p1a: Celesteela|Substitute\n|move|p1a: Celesteela|Meteor Beam||[still]\n|-prepare|p1a: Celesteela|Meteor Beam\n|-boost|p1a: Celesteela|spa|1\n|\n|-damage|p2a: Corviknight|34\/100|[from] Leech Seed|[of] p1a: Celesteela\n|upkeep\n|turn|16\n|\n|t:|1664924288\n|move|p2a: Corviknight|Roost|p2a: Corviknight\n|-heal|p2a: Corviknight|84\/100\n|-singleturn|p2a: Corviknight|move: Roost\n|move|p1a: Celesteela|Meteor Beam|p2a: Corviknight|[from]lockedmove\n|-resisted|p2a: Corviknight\n|-damage|p2a: Corviknight|43\/100\n|\n|-damage|p2a: Corviknight|31\/100|[from] Leech Seed|[of] p1a: Celesteela\n|upkeep\n|turn|17\n|c|\u2606sicksickboy|FLYING STEEL\n|c| johngalt149|fun typing\n|\n|t:|1664924408\n|move|p2a: Corviknight|Power Trip|p1a: Celesteela\n|-damage|p1a: Celesteela|0 fnt\n|faint|p1a: Celesteela\n|\n|upkeep\n|\n|t:|1664924417\n|switch|p1a: Qwilfish|Qwilfish, F|100\/100\n|-ability|p1a: Qwilfish|Intimidate|boost\n|-ability|p2a: Corviknight|Mirror Armor\n|-unboost|p1a: Qwilfish|atk|1\n|turn|18\n|\n|t:|1664924422\n|move|p2a: Corviknight|Power Trip|p1a: Qwilfish\n|-damage|p1a: Qwilfish|0 fnt\n|faint|p1a: Qwilfish\n|\n|upkeep\n|j| Bugsileus\n|\n|t:|1664924426\n|switch|p1a: Goodra|Goodra, M|100\/100\n|turn|19\n|c| Bugsileus|that is a large bird\n|\n|t:|1664924431\n|move|p2a: Corviknight|Power Trip|p1a: Goodra\n|-damage|p1a: Goodra|0 fnt\n|faint|p1a: Goodra\n|\n|upkeep\n|\n|t:|1664924433\n|switch|p1a: Hydreigon|Hydreigon, F|100\/100\n|turn|20\n|\n|t:|1664924436\n|move|p2a: Corviknight|Power Trip|p1a: Hydreigon\n|-resisted|p1a: Hydreigon\n|-damage|p1a: Hydreigon|18\/100\n|move|p1a: Hydreigon|Flamethrower|p2a: Corviknight\n|-supereffective|p2a: Corviknight\n|-damage|p2a: Corviknight|0 fnt\n|faint|p2a: Corviknight\n|\n|-heal|p1a: Hydreigon|24\/100|[from] item: Leftovers\n|upkeep\n|\n|t:|1664924446\n|switch|p2a: Stakataka|Stakataka|100\/100\n|-damage|p2a: Stakataka|94\/100|[from] Stealth Rock\n|turn|21\n|c| DerpyDots|it bleeds\n|\n|t:|1664924451\n|switch|p1a: Runerigus|Runerigus, M|90\/100\n|move|p2a: Stakataka|Stealth Rock|p1a: Runerigus\n|-sidestart|p1: FleetFoxxx|move: Stealth Rock\n|\n|-heal|p1a: Runerigus|95\/100|[from] item: Leftovers\n|-heal|p2a: Stakataka|100\/100|[from] item: Leftovers\n|upkeep\n|turn|22\n|\n|t:|1664924460\n|move|p1a: Runerigus|Body Press|p2a: Stakataka\n|-supereffective|p2a: Stakataka\n|-damage|p2a: Stakataka|40\/100\n|move|p2a: Stakataka|Toxic|p1a: Runerigus\n|-status|p1a: Runerigus|tox\n|\n|-heal|p1a: Runerigus|100\/100 tox|[from] item: Leftovers\n|-heal|p2a: Stakataka|47\/100|[from] item: Leftovers\n|-damage|p1a: Runerigus|95\/100 tox|[from] psn\n|upkeep\n|turn|23\n|\n|t:|1664924473\n|switch|p2a: Slowbro|Slowbro, M|100\/100\n|-damage|p2a: Slowbro|88\/100|[from] Stealth Rock\n|-status|p2a: Slowbro|tox\n|move|p1a: Runerigus|Shadow Claw|p2a: Slowbro\n|-supereffective|p2a: Slowbro\n|-damage|p2a: Slowbro|62\/100 tox\n|\n|-heal|p1a: Runerigus|100\/100 tox|[from] item: Leftovers\n|-damage|p1a: Runerigus|89\/100 tox|[from] psn\n|-damage|p2a: Slowbro|56\/100 tox|[from] psn\n|upkeep\n|turn|24\n|\n|t:|1664924538\n|switch|p1a: Pinsir|Pinsir, F|100\/100\n|-damage|p1a: Pinsir|76\/100|[from] Stealth Rock\n|move|p2a: Slowbro|Teleport|p2a: Slowbro\n|\n|t:|1664924543\n|switch|p2a: Talonflame|Talonflame, F|100\/100|[from]move: Teleport\n|\n|upkeep\n|turn|25\n|\n|t:|1664924549\n|switch|p1a: Runerigus|Runerigus, M|89\/100 tox\n|-damage|p1a: Runerigus|83\/100 tox|[from] Stealth Rock\n|move|p2a: Talonflame|Flare Blitz|p1a: Runerigus\n|-damage|p1a: Runerigus|46\/100 tox\n|-activate|p1a: Runerigus|ability: Wandering Spirit|Flame Body|Wandering Spirit|[of] p2a: Talonflame\n|-damage|p2a: Talonflame|89\/100|[from] Recoil\n|\n|-heal|p1a: Runerigus|52\/100 tox|[from] item: Leftovers\n|-damage|p1a: Runerigus|46\/100 tox|[from] psn\n|upkeep\n|turn|26\n|\n|t:|1664924557\n|move|p2a: Talonflame|U-turn|p1a: Runerigus\n|-resisted|p1a: Runerigus\n|-damage|p1a: Runerigus|39\/100 tox\n|\n|t:|1664924559\n|switch|p2a: Slowbro|Slowbro, M|89\/100 tox|[from]move: U-turn\n|-damage|p2a: Slowbro|77\/100 tox|[from] Stealth Rock\n|move|p1a: Runerigus|Shadow Claw|p2a: Slowbro\n|-supereffective|p2a: Slowbro\n|-damage|p2a: Slowbro|47\/100 tox\n|\n|-heal|p1a: Runerigus|45\/100 tox|[from] item: Leftovers\n|-damage|p2a: Slowbro|41\/100 tox|[from] psn\n|-damage|p1a: Runerigus|33\/100 tox|[from] psn\n|upkeep\n|turn|27\n|\n|t:|1664924564\n|move|p1a: Runerigus|Shadow Claw|p2a: Slowbro\n|-supereffective|p2a: Slowbro\n|-damage|p2a: Slowbro|14\/100 tox\n|move|p2a: Slowbro|Teleport|p2a: Slowbro\n|\n|t:|1664924574\n|switch|p2a: Porygon-Z|Porygon-Z|100\/100|[from]move: Teleport\n|-damage|p2a: Porygon-Z|88\/100|[from] Stealth Rock\n|-status|p2a: Porygon-Z|tox\n|-ability|p2a: Porygon-Z|Download|boost\n|-boost|p2a: Porygon-Z|atk|1\n|\n|-heal|p1a: Runerigus|39\/100 tox|[from] item: Leftovers\n|-damage|p2a: Porygon-Z|82\/100 tox|[from] psn\n|-damage|p1a: Runerigus|21\/100 tox|[from] psn\n|upkeep\n|turn|28\n|\n|t:|1664924581\n|move|p2a: Porygon-Z|Ice Beam|p1a: Runerigus\n|-supereffective|p1a: Runerigus\n|-damage|p1a: Runerigus|0 fnt\n|faint|p1a: Runerigus\n|\n|-damage|p2a: Porygon-Z|70\/100 tox|[from] psn\n|upkeep\n|\n|t:|1664924585\n|switch|p1a: Pinsir|Pinsir, F|76\/100\n|-damage|p1a: Pinsir|51\/100|[from] Stealth Rock\n|turn|29\n|j| pretty rave girl\n|\n|t:|1664924601\n|move|p1a: Pinsir|Swords Dance|p1a: Pinsir\n|-boost|p1a: Pinsir|atk|2\n|move|p2a: Porygon-Z|Ice Beam|p1a: Pinsir\n|-damage|p1a: Pinsir|0 fnt\n|faint|p1a: Pinsir\n|\n|-damage|p2a: Porygon-Z|52\/100 tox|[from] psn\n|upkeep\n|\n|t:|1664924605\n|switch|p1a: Hydreigon|Hydreigon, F|24\/100\n|-damage|p1a: Hydreigon|11\/100|[from] Stealth Rock\n|turn|30\n|\n|t:|1664924610\n|move|p1a: Hydreigon|Dark Pulse|p2a: Porygon-Z\n|-damage|p2a: Porygon-Z|3\/100 tox\n|cant|p2a: Porygon-Z|flinch\n|\n|-heal|p1a: Hydreigon|18\/100|[from] item: Leftovers\n|-damage|p2a: Porygon-Z|0 fnt|[from] psn\n|faint|p2a: Porygon-Z\n|upkeep\n|\n|t:|1664924617\n|switch|p2a: Talonflame|Talonflame, F|89\/100\n|turn|31\n|\n|t:|1664924620\n|move|p2a: Talonflame|U-turn|p1a: Hydreigon\n|-supereffective|p1a: Hydreigon\n|-damage|p1a: Hydreigon|0 fnt\n|faint|p1a: Hydreigon\n|\n|win|sicksickboy\n|c|\u2606FleetFoxxx|gg\n|l| zoompa\n|c|\u2606FleetFoxxx|g whenever\n|l|\u2606FleetFoxxx\n|l| DerpyDots\n","uploadtime":1664924823,"views":17,"p1id":"fleetfoxxx","p2id":"sicksickboy","formatid":"gen8nationaldex","rating":0,"private":0,"password":null}