{"id":"gen8ou-1683552022","p1":"jeandonis02","p2":"Zobry Croissant","format":"gen8ou","log":"|j|\u2606jeandonis02\n|j|\u2606Zobry Croissant\n|t:|1665536207\n|gametype|singles\n|player|p1|jeandonis02|lucas|1776\n|player|p2|Zobry Croissant|veteran|1732\n|teamsize|p1|6\n|teamsize|p2|6\n|gen|8\n|tier|[Gen 8] OU\n|rated|\n|rule|Sleep Clause Mod: Limit one foe put to sleep\n|rule|Species Clause: Limit one of each Pok\u00e9mon\n|rule|OHKO Clause: OHKO moves are banned\n|rule|Evasion Items Clause: Evasion items are banned\n|rule|Evasion Moves Clause: Evasion moves are banned\n|rule|Endless Battle Clause: Forcing endless battles is banned\n|rule|HP Percentage Mod: HP is shown in percentages\n|rule|Dynamax Clause: You cannot dynamax\n|clearpoke\n|poke|p1|Zeraora|\n|poke|p1|Toxapex, F|\n|poke|p1|Garchomp, M|\n|poke|p1|Rotom-Wash|\n|poke|p1|Ferrothorn, F|\n|poke|p1|Charizard, M|\n|poke|p2|Zapdos|\n|poke|p2|Toxapex, F|\n|poke|p2|Quagsire, F|\n|poke|p2|Politoed, F|\n|poke|p2|Blissey, F|\n|poke|p2|Shedinja|\n|teampreview\n|j| Kwaga\n|inactive|Battle timer is ON: inactive players will automatically lose when time's up. (requested by Zobry Croissant)\n|\n|t:|1665536221\n|start\n|switch|p1a: Zeraora|Zeraora|100\/100\n|switch|p2a: Zapdos|Zapdos|100\/100\n|-ability|p2a: Zapdos|Pressure\n|turn|1\n|\n|t:|1665536224\n|move|p1a: Zeraora|Knock Off|p2a: Zapdos\n|-damage|p2a: Zapdos|80\/100\n|-enditem|p2a: Zapdos|Heavy-Duty Boots|[from] move: Knock Off|[of] p1a: Zeraora\n|move|p2a: Zapdos|Toxic|p1a: Zeraora|[miss]\n|-miss|p2a: Zapdos|p1a: Zeraora\n|\n|upkeep\n|turn|2\n|j| lukisonic23\n|\n|t:|1665536228\n|switch|p1a: Ferrothorn|Ferrothorn, F|100\/100\n|move|p2a: Zapdos|Roost|p2a: Zapdos\n|-heal|p2a: Zapdos|100\/100\n|-singleturn|p2a: Zapdos|move: Roost\n|\n|upkeep\n|turn|3\n|\n|t:|1665536236\n|switch|p2a: Politoed|Politoed, F|100\/100\n|-weather|RainDance|[from] ability: Drizzle|[of] p2a: Politoed\n|move|p1a: Ferrothorn|Stealth Rock|p2a: Politoed\n|-sidestart|p2: Zobry Croissant|move: Stealth Rock\n|\n|-weather|RainDance|[upkeep]\n|upkeep\n|turn|4\n|\n|t:|1665536240\n|move|p2a: Politoed|Perish Song|p2a: Politoed\n|-start|p1a: Ferrothorn|perish3|[silent]\n|-start|p2a: Politoed|perish3|[silent]\n|-fieldactivate|move: Perish Song\n|move|p1a: Ferrothorn|Leech Seed|p2a: Politoed\n|-start|p2a: Politoed|move: Leech Seed\n|\n|-weather|RainDance|[upkeep]\n|-damage|p2a: Politoed|88\/100|[from] Leech Seed|[of] p1a: Ferrothorn\n|-start|p2a: Politoed|perish3\n|-start|p1a: Ferrothorn|perish3\n|upkeep\n|turn|5\n|\n|t:|1665536244\n|switch|p1a: Rotom|Rotom-Wash|100\/100\n|move|p2a: Politoed|Whirlpool|p1a: Rotom\n|-resisted|p1a: Rotom\n|-damage|p1a: Rotom|92\/100\n|-activate|p1a: Rotom|move: Whirlpool|[of] p2a: Politoed\n|\n|-weather|RainDance|[upkeep]\n|-heal|p1a: Rotom|99\/100|[from] item: Leftovers\n|-heal|p2a: Politoed|94\/100|[from] item: Leftovers\n|-damage|p2a: Politoed|82\/100|[from] Leech Seed|[of] p1a: Rotom\n|-heal|p1a: Rotom|100\/100|[silent]\n|-damage|p1a: Rotom|88\/100|[from] move: Whirlpool|[partiallytrapped]\n|-start|p2a: Politoed|perish2\n|upkeep\n|turn|6\n|\n|t:|1665536254\n|switch|p2a: Shedinja|Shedinja|100\/100\n|move|p1a: Rotom|Volt Switch|p2a: Shedinja\n|-immune|p2a: Shedinja|[from] ability: Wonder Guard\n|\n|-weather|RainDance|[upkeep]\n|-heal|p1a: Rotom|94\/100|[from] item: Leftovers\n|-end|p1a: Rotom|Whirlpool|[partiallytrapped]|[silent]\n|upkeep\n|turn|7\n|\n|t:|1665536264\n|switch|p1a: Ferrothorn|Ferrothorn, F|100\/100\n|switch|p2a: Toxapex|Toxapex, F|100\/100\n|-damage|p2a: Toxapex|88\/100|[from] Stealth Rock\n|\n|-weather|none\n|upkeep\n|turn|8\n|\n|t:|1665536268\n|move|p2a: Toxapex|Block|p1a: Ferrothorn\n|-activate|p1a: Ferrothorn|trapped\n|move|p1a: Ferrothorn|Thunder Wave|p2a: Toxapex\n|-status|p2a: Toxapex|par\n|\n|upkeep\n|turn|9\n|\n|t:|1665536273\n|move|p1a: Ferrothorn|Leech Seed|p2a: Toxapex\n|-start|p2a: Toxapex|move: Leech Seed\n|move|p2a: Toxapex|Knock Off|p1a: Ferrothorn\n|-damage|p1a: Ferrothorn|92\/100\n|-damage|p2a: Toxapex|75\/100 par|[from] ability: Iron Barbs|[of] p1a: Ferrothorn\n|-damage|p2a: Toxapex|59\/100 par|[from] item: Rocky Helmet|[of] p1a: Ferrothorn\n|-enditem|p1a: Ferrothorn|Rocky Helmet|[from] move: Knock Off|[of] p2a: Toxapex\n|\n|-damage|p2a: Toxapex|47\/100 par|[from] Leech Seed|[of] p1a: Ferrothorn\n|-heal|p1a: Ferrothorn|100\/100|[silent]\n|upkeep\n|turn|10\n|c| Kwaga|ohwow\n|\n|t:|1665536280\n|move|p1a: Ferrothorn|Body Press|p2a: Toxapex\n|-resisted|p2a: Toxapex\n|-damage|p2a: Toxapex|37\/100 par\n|cant|p2a: Toxapex|par\n|\n|-damage|p2a: Toxapex|25\/100 par|[from] Leech Seed|[of] p1a: Ferrothorn\n|upkeep\n|turn|11\n|\n|t:|1665536285\n|move|p1a: Ferrothorn|Body Press|p2a: Toxapex\n|-resisted|p2a: Toxapex\n|-damage|p2a: Toxapex|15\/100 par\n|move|p2a: Toxapex|Recover|p2a: Toxapex\n|-heal|p2a: Toxapex|65\/100 par\n|\n|-damage|p2a: Toxapex|53\/100 par|[from] Leech Seed|[of] p1a: Ferrothorn\n|upkeep\n|turn|12\n|\n|t:|1665536287\n|move|p1a: Ferrothorn|Body Press|p2a: Toxapex\n|-resisted|p2a: Toxapex\n|-damage|p2a: Toxapex|43\/100 par\n|move|p2a: Toxapex|Recover|p2a: Toxapex\n|-heal|p2a: Toxapex|93\/100 par\n|\n|-damage|p2a: Toxapex|81\/100 par|[from] Leech Seed|[of] p1a: Ferrothorn\n|upkeep\n|turn|13\n|\n|t:|1665536292\n|move|p1a: Ferrothorn|Body Press|p2a: Toxapex\n|-resisted|p2a: Toxapex\n|-damage|p2a: Toxapex|72\/100 par\n|cant|p2a: Toxapex|par\n|\n|-damage|p2a: Toxapex|60\/100 par|[from] Leech Seed|[of] p1a: Ferrothorn\n|upkeep\n|turn|14\n|\n|t:|1665536297\n|move|p1a: Ferrothorn|Body Press|p2a: Toxapex\n|-resisted|p2a: Toxapex\n|-damage|p2a: Toxapex|50\/100 par\n|move|p2a: Toxapex|Spite|p1a: Ferrothorn\n|-activate|p1a: Ferrothorn|move: Spite|Body Press|4\n|\n|-damage|p2a: Toxapex|38\/100 par|[from] Leech Seed|[of] p1a: Ferrothorn\n|upkeep\n|turn|15\n|\n|t:|1665536302\n|move|p1a: Ferrothorn|Body Press|p2a: Toxapex\n|-resisted|p2a: Toxapex\n|-damage|p2a: Toxapex|29\/100 par\n|move|p2a: Toxapex|Recover|p2a: Toxapex\n|-heal|p2a: Toxapex|79\/100 par\n|\n|-damage|p2a: Toxapex|67\/100 par|[from] Leech Seed|[of] p1a: Ferrothorn\n|upkeep\n|turn|16\n|\n|t:|1665536309\n|move|p1a: Ferrothorn|Stealth Rock||[still]\n|-fail|p1a: Ferrothorn\n|move|p2a: Toxapex|Spite|p1a: Ferrothorn\n|-activate|p1a: Ferrothorn|move: Spite|Stealth Rock|4\n|\n|-damage|p2a: Toxapex|54\/100 par|[from] Leech Seed|[of] p1a: Ferrothorn\n|upkeep\n|turn|17\n|\n|t:|1665536313\n|move|p1a: Ferrothorn|Body Press|p2a: Toxapex\n|-resisted|p2a: Toxapex\n|-damage|p2a: Toxapex|45\/100 par\n|move|p2a: Toxapex|Recover|p2a: Toxapex\n|-heal|p2a: Toxapex|95\/100 par\n|\n|-damage|p2a: Toxapex|82\/100 par|[from] Leech Seed|[of] p1a: Ferrothorn\n|upkeep\n|turn|18\n|\n|t:|1665536318\n|move|p1a: Ferrothorn|Stealth Rock||[still]\n|-fail|p1a: Ferrothorn\n|cant|p2a: Toxapex|par\n|\n|-damage|p2a: Toxapex|70\/100 par|[from] Leech Seed|[of] p1a: Ferrothorn\n|upkeep\n|turn|19\n|\n|t:|1665536321\n|move|p1a: Ferrothorn|Leech Seed||[still]\n|-fail|p1a: Ferrothorn\n|move|p2a: Toxapex|Spite|p1a: Ferrothorn\n|-activate|p1a: Ferrothorn|move: Spite|Leech Seed|4\n|\n|-damage|p2a: Toxapex|57\/100 par|[from] Leech Seed|[of] p1a: Ferrothorn\n|upkeep\n|turn|20\n|\n|t:|1665536325\n|move|p1a: Ferrothorn|Thunder Wave|p2a: Toxapex\n|-fail|p2a: Toxapex|par\n|move|p2a: Toxapex|Recover|p2a: Toxapex\n|-heal|p2a: Toxapex|100\/100 par\n|\n|-damage|p2a: Toxapex|88\/100 par|[from] Leech Seed|[of] p1a: Ferrothorn\n|upkeep\n|turn|21\n|\n|t:|1665536331\n|move|p1a: Ferrothorn|Thunder Wave|p2a: Toxapex\n|-fail|p2a: Toxapex|par\n|move|p2a: Toxapex|Spite|p1a: Ferrothorn\n|-activate|p1a: Ferrothorn|move: Spite|Thunder Wave|4\n|\n|-damage|p2a: Toxapex|75\/100 par|[from] Leech Seed|[of] p1a: Ferrothorn\n|upkeep\n|turn|22\n|\n|t:|1665536337\n|move|p1a: Ferrothorn|Thunder Wave|p2a: Toxapex\n|-fail|p2a: Toxapex|par\n|move|p2a: Toxapex|Spite|p1a: Ferrothorn\n|-activate|p1a: Ferrothorn|move: Spite|Thunder Wave|4\n|\n|-damage|p2a: Toxapex|63\/100 par|[from] Leech Seed|[of] p1a: Ferrothorn\n|upkeep\n|turn|23\n|\n|t:|1665536342\n|move|p1a: Ferrothorn|Thunder Wave|p2a: Toxapex\n|-fail|p2a: Toxapex|par\n|move|p2a: Toxapex|Spite|p1a: Ferrothorn\n|-activate|p1a: Ferrothorn|move: Spite|Thunder Wave|4\n|\n|-damage|p2a: Toxapex|50\/100 par|[from] Leech Seed|[of] p1a: Ferrothorn\n|upkeep\n|turn|24\n|\n|t:|1665536347\n|move|p1a: Ferrothorn|Body Press|p2a: Toxapex\n|-resisted|p2a: Toxapex\n|-damage|p2a: Toxapex|40\/100 par\n|move|p2a: Toxapex|Recover|p2a: Toxapex\n|-heal|p2a: Toxapex|90\/100 par\n|\n|-damage|p2a: Toxapex|78\/100 par|[from] Leech Seed|[of] p1a: Ferrothorn\n|upkeep\n|turn|25\n|\n|t:|1665536352\n|move|p1a: Ferrothorn|Stealth Rock||[still]\n|-fail|p1a: Ferrothorn\n|move|p2a: Toxapex|Spite|p1a: Ferrothorn\n|-activate|p1a: Ferrothorn|move: Spite|Stealth Rock|4\n|\n|-damage|p2a: Toxapex|65\/100 par|[from] Leech Seed|[of] p1a: Ferrothorn\n|upkeep\n|turn|26\n|\n|t:|1665536357\n|move|p1a: Ferrothorn|Stealth Rock||[still]\n|-fail|p1a: Ferrothorn\n|move|p2a: Toxapex|Spite|p1a: Ferrothorn\n|-activate|p1a: Ferrothorn|move: Spite|Stealth Rock|4\n|\n|-damage|p2a: Toxapex|53\/100 par|[from] Leech Seed|[of] p1a: Ferrothorn\n|upkeep\n|turn|27\n|\n|t:|1665536365\n|move|p1a: Ferrothorn|Stealth Rock||[still]\n|-fail|p1a: Ferrothorn\n|move|p2a: Toxapex|Recover|p2a: Toxapex\n|-heal|p2a: Toxapex|100\/100 par\n|\n|-damage|p2a: Toxapex|88\/100 par|[from] Leech Seed|[of] p1a: Ferrothorn\n|upkeep\n|turn|28\n|\n|t:|1665536369\n|move|p1a: Ferrothorn|Thunder Wave|p2a: Toxapex\n|-fail|p2a: Toxapex|par\n|move|p2a: Toxapex|Spite|p1a: Ferrothorn\n|-activate|p1a: Ferrothorn|move: Spite|Thunder Wave|4\n|\n|-damage|p2a: Toxapex|75\/100 par|[from] Leech Seed|[of] p1a: Ferrothorn\n|upkeep\n|turn|29\n|\n|t:|1665536375\n|move|p1a: Ferrothorn|Thunder Wave|p2a: Toxapex|[miss]\n|-miss|p1a: Ferrothorn|p2a: Toxapex\n|cant|p2a: Toxapex|par\n|\n|-damage|p2a: Toxapex|63\/100 par|[from] Leech Seed|[of] p1a: Ferrothorn\n|upkeep\n|turn|30\n|\n|t:|1665536380\n|move|p1a: Ferrothorn|Stealth Rock||[still]\n|-fail|p1a: Ferrothorn\n|move|p2a: Toxapex|Spite|p1a: Ferrothorn\n|-activate|p1a: Ferrothorn|move: Spite|Stealth Rock|4\n|\n|-damage|p2a: Toxapex|50\/100 par|[from] Leech Seed|[of] p1a: Ferrothorn\n|upkeep\n|turn|31\n|j| Cocoon Evolution\n|\n|t:|1665536384\n|move|p1a: Ferrothorn|Body Press|p2a: Toxapex\n|-resisted|p2a: Toxapex\n|-damage|p2a: Toxapex|41\/100 par\n|move|p2a: Toxapex|Recover|p2a: Toxapex\n|-heal|p2a: Toxapex|91\/100 par\n|\n|-damage|p2a: Toxapex|79\/100 par|[from] Leech Seed|[of] p1a: Ferrothorn\n|upkeep\n|turn|32\n|\n|t:|1665536389\n|move|p1a: Ferrothorn|Stealth Rock||[still]\n|-fail|p1a: Ferrothorn\n|move|p2a: Toxapex|Spite|p1a: Ferrothorn\n|-activate|p1a: Ferrothorn|move: Spite|Stealth Rock|4\n|\n|-damage|p2a: Toxapex|66\/100 par|[from] Leech Seed|[of] p1a: Ferrothorn\n|upkeep\n|turn|33\n|\n|t:|1665536395\n|move|p1a: Ferrothorn|Thunder Wave|p2a: Toxapex\n|-fail|p2a: Toxapex|par\n|move|p2a: Toxapex|Spite|p1a: Ferrothorn\n|-activate|p1a: Ferrothorn|move: Spite|Thunder Wave|4\n|\n|-damage|p2a: Toxapex|54\/100 par|[from] Leech Seed|[of] p1a: Ferrothorn\n|upkeep\n|turn|34\n|j| running poly\n|\n|t:|1665536405\n|move|p1a: Ferrothorn|Stealth Rock||[still]\n|-fail|p1a: Ferrothorn\n|move|p2a: Toxapex|Spite|p1a: Ferrothorn\n|-activate|p1a: Ferrothorn|move: Spite|Stealth Rock|3\n|\n|-damage|p2a: Toxapex|41\/100 par|[from] Leech Seed|[of] p1a: Ferrothorn\n|upkeep\n|turn|35\n|\n|t:|1665536410\n|move|p1a: Ferrothorn|Body Press|p2a: Toxapex\n|-resisted|p2a: Toxapex\n|-damage|p2a: Toxapex|31\/100 par\n|move|p2a: Toxapex|Recover|p2a: Toxapex\n|-heal|p2a: Toxapex|81\/100 par\n|\n|-damage|p2a: Toxapex|69\/100 par|[from] Leech Seed|[of] p1a: Ferrothorn\n|upkeep\n|turn|36\n|\n|t:|1665536416\n|move|p1a: Ferrothorn|Thunder Wave|p2a: Toxapex\n|-fail|p2a: Toxapex|par\n|move|p2a: Toxapex|Spite|p1a: Ferrothorn\n|-activate|p1a: Ferrothorn|move: Spite|Thunder Wave|3\n|\n|-damage|p2a: Toxapex|56\/100 par|[from] Leech Seed|[of] p1a: Ferrothorn\n|upkeep\n|turn|37\n|c| Kwaga|i think hes leppa berry\n|\n|t:|1665536422\n|move|p1a: Ferrothorn|Leech Seed||[still]\n|-fail|p1a: Ferrothorn\n|cant|p2a: Toxapex|par\n|\n|-damage|p2a: Toxapex|44\/100 par|[from] Leech Seed|[of] p1a: Ferrothorn\n|upkeep\n|turn|38\n|\n|t:|1665536427\n|move|p1a: Ferrothorn|Body Press|p2a: Toxapex\n|-resisted|p2a: Toxapex\n|-damage|p2a: Toxapex|35\/100 par\n|move|p2a: Toxapex|Recover|p2a: Toxapex\n|-heal|p2a: Toxapex|85\/100 par\n|\n|-damage|p2a: Toxapex|73\/100 par|[from] Leech Seed|[of] p1a: Ferrothorn\n|upkeep\n|turn|39\n|\n|t:|1665536433\n|move|p1a: Ferrothorn|Leech Seed|p2a: Toxapex|[miss]\n|-miss|p1a: Ferrothorn|p2a: Toxapex\n|move|p2a: Toxapex|Spite|p1a: Ferrothorn\n|-activate|p1a: Ferrothorn|move: Spite|Leech Seed|4\n|\n|-damage|p2a: Toxapex|60\/100 par|[from] Leech Seed|[of] p1a: Ferrothorn\n|upkeep\n|turn|40\n|\n|t:|1665536439\n|move|p1a: Ferrothorn|Leech Seed||[still]\n|-fail|p1a: Ferrothorn\n|move|p2a: Toxapex|Block||[still]\n|-fail|p2a: Toxapex\n|\n|-damage|p2a: Toxapex|48\/100 par|[from] Leech Seed|[of] p1a: Ferrothorn\n|upkeep\n|turn|41\n|\n|t:|1665536445\n|move|p1a: Ferrothorn|Body Press|p2a: Toxapex\n|-resisted|p2a: Toxapex\n|-damage|p2a: Toxapex|39\/100 par\n|move|p2a: Toxapex|Recover|p2a: Toxapex\n|-heal|p2a: Toxapex|89\/100 par\n|\n|-damage|p2a: Toxapex|77\/100 par|[from] Leech Seed|[of] p1a: Ferrothorn\n|upkeep\n|turn|42\n|\n|t:|1665536456\n|move|p1a: Ferrothorn|Leech Seed||[still]\n|-fail|p1a: Ferrothorn\n|move|p2a: Toxapex|Block||[still]\n|-fail|p2a: Toxapex\n|\n|-damage|p2a: Toxapex|64\/100 par|[from] Leech Seed|[of] p1a: Ferrothorn\n|upkeep\n|turn|43\n|\n|t:|1665536458\n|move|p1a: Ferrothorn|Leech Seed||[still]\n|-fail|p1a: Ferrothorn\n|move|p2a: Toxapex|Block||[still]\n|-fail|p2a: Toxapex\n|\n|-damage|p2a: Toxapex|52\/100 par|[from] Leech Seed|[of] p1a: Ferrothorn\n|upkeep\n|turn|44\n|\n|t:|1665536463\n|-activate|p1a: Ferrothorn|move: Struggle\n|move|p1a: Ferrothorn|Struggle|p2a: Toxapex\n|-damage|p2a: Toxapex|46\/100 par\n|-damage|p1a: Ferrothorn|75\/100|[from] recoil\n|move|p2a: Toxapex|Recover|p2a: Toxapex\n|-heal|p2a: Toxapex|96\/100 par\n|\n|-damage|p2a: Toxapex|83\/100 par|[from] Leech Seed|[of] p1a: Ferrothorn\n|-heal|p1a: Ferrothorn|86\/100|[silent]\n|upkeep\n|turn|45\n|\n|t:|1665536469\n|-activate|p1a: Ferrothorn|move: Struggle\n|move|p1a: Ferrothorn|Struggle|p2a: Toxapex\n|-damage|p2a: Toxapex|77\/100 par\n|-damage|p1a: Ferrothorn|61\/100|[from] recoil\n|move|p2a: Toxapex|Block||[still]\n|-fail|p2a: Toxapex\n|\n|-damage|p2a: Toxapex|65\/100 par|[from] Leech Seed|[of] p1a: Ferrothorn\n|-heal|p1a: Ferrothorn|72\/100|[silent]\n|upkeep\n|turn|46\n|\n|t:|1665536476\n|-activate|p1a: Ferrothorn|move: Struggle\n|move|p1a: Ferrothorn|Struggle|p2a: Toxapex\n|-damage|p2a: Toxapex|59\/100 par\n|-damage|p1a: Ferrothorn|47\/100|[from] recoil\n|move|p2a: Toxapex|Block||[still]\n|-fail|p2a: Toxapex\n|\n|-damage|p2a: Toxapex|47\/100 par|[from] Leech Seed|[of] p1a: Ferrothorn\n|-heal|p1a: Ferrothorn|58\/100|[silent]\n|upkeep\n|turn|47\n|\n|t:|1665536483\n|-activate|p1a: Ferrothorn|move: Struggle\n|move|p1a: Ferrothorn|Struggle|p2a: Toxapex\n|-damage|p2a: Toxapex|41\/100 par\n|-damage|p1a: Ferrothorn|33\/100|[from] recoil\n|move|p2a: Toxapex|Recover|p2a: Toxapex\n|-heal|p2a: Toxapex|91\/100 par\n|\n|-damage|p2a: Toxapex|78\/100 par|[from] Leech Seed|[of] p1a: Ferrothorn\n|-heal|p1a: Ferrothorn|44\/100|[silent]\n|upkeep\n|turn|48\n|\n|t:|1665536488\n|-activate|p1a: Ferrothorn|move: Struggle\n|move|p1a: Ferrothorn|Struggle|p2a: Toxapex\n|-damage|p2a: Toxapex|72\/100 par\n|-damage|p1a: Ferrothorn|19\/100|[from] recoil\n|move|p2a: Toxapex|Block||[still]\n|-fail|p2a: Toxapex\n|\n|-damage|p2a: Toxapex|60\/100 par|[from] Leech Seed|[of] p1a: Ferrothorn\n|-heal|p1a: Ferrothorn|29\/100|[silent]\n|upkeep\n|turn|49\n|\n|t:|1665536495\n|switch|p2a: Zapdos|Zapdos|100\/100\n|-damage|p2a: Zapdos|75\/100|[from] Stealth Rock\n|-ability|p2a: Zapdos|Pressure\n|-activate|p1a: Ferrothorn|move: Struggle\n|move|p1a: Ferrothorn|Struggle|p2a: Zapdos\n|-crit|p2a: Zapdos\n|-damage|p2a: Zapdos|65\/100\n|-damage|p1a: Ferrothorn|4\/100|[from] recoil\n|\n|upkeep\n|turn|50\n|\n|t:|1665536501\n|switch|p1a: Garchomp|Garchomp, M|100\/100\n|move|p2a: Zapdos|Defog|p1a: Garchomp\n|-unboost|p1a: Garchomp|evasion|1\n|-sideend|p2: Zobry Croissant|Stealth Rock|[from] move: Defog|[of] p2a: Zapdos\n|\n|upkeep\n|turn|51\n|\n|t:|1665536506\n|move|p1a: Garchomp|Fire Fang|p2a: Zapdos\n|-damage|p2a: Zapdos|42\/100\n|move|p2a: Zapdos|Toxic|p1a: Garchomp\n|-status|p1a: Garchomp|tox\n|\n|-damage|p1a: Garchomp|94\/100 tox|[from] psn\n|upkeep\n|turn|52\n|\n|t:|1665536515\n|switch|p1a: Toxapex|Toxapex, F|100\/100\n|move|p2a: Zapdos|Roost|p2a: Zapdos\n|-heal|p2a: Zapdos|92\/100\n|-singleturn|p2a: Zapdos|move: Roost\n|\n|upkeep\n|turn|53\n|\n|t:|1665536521\n|switch|p2a: Toxapex|Toxapex, F|93\/100 par\n|switch|p1a: Zeraora|Zeraora|100\/100\n|\n|upkeep\n|turn|54\n|\n|t:|1665536524\n|move|p1a: Zeraora|Knock Off|p2a: Toxapex\n|-damage|p2a: Toxapex|80\/100 par\n|move|p2a: Toxapex|Knock Off|p1a: Zeraora\n|-damage|p1a: Zeraora|80\/100\n|-enditem|p1a: Zeraora|Focus Sash|[from] move: Knock Off|[of] p2a: Toxapex\n|\n|upkeep\n|turn|55\n|inactive|jeandonis02 has 120 seconds left.\n|\n|t:|1665536581\n|move|p1a: Zeraora|Knock Off|p2a: Toxapex\n|-damage|p2a: Toxapex|67\/100 par\n|move|p2a: Toxapex|Spite|p1a: Zeraora\n|-activate|p1a: Zeraora|move: Spite|Knock Off|4\n|\n|upkeep\n|turn|56\n|\n|t:|1665536589\n|switch|p2a: Quagsire|Quagsire, F|100\/100\n|move|p1a: Zeraora|Plasma Fists|p2a: Quagsire\n|-immune|p2a: Quagsire\n|\n|upkeep\n|turn|57\n|\n|t:|1665536595\n|switch|p1a: Toxapex|Toxapex, F|100\/100\n|move|p2a: Quagsire|Earthquake|p1a: Toxapex\n|-supereffective|p1a: Toxapex\n|-damage|p1a: Toxapex|53\/100\n|\n|-heal|p1a: Toxapex|59\/100|[from] item: Black Sludge\n|upkeep\n|turn|58\n|\n|t:|1665536601\n|switch|p2a: Toxapex|Toxapex, F|99\/100 par\n|move|p1a: Toxapex|Toxic||[still]\n|-fail|p1a: Toxapex\n|\n|-heal|p1a: Toxapex|66\/100|[from] item: Black Sludge\n|upkeep\n|turn|59\n|inactive|jeandonis02 has 120 seconds left.\n|l| Kwaga\n|\n|t:|1665536632\n|switch|p1a: Ferrothorn|Ferrothorn, F|4\/100\n|cant|p2a: Toxapex|par\n|\n|upkeep\n|turn|60\n|\n|t:|1665536638\n|switch|p1a: Rotom|Rotom-Wash|94\/100\n|cant|p2a: Toxapex|par\n|\n|-heal|p1a: Rotom|100\/100|[from] item: Leftovers\n|upkeep\n|turn|61\n|\n|t:|1665536641\n|move|p1a: Rotom|Volt Switch|p2a: Toxapex\n|-supereffective|p2a: Toxapex\n|-damage|p2a: Toxapex|54\/100 par\n|\n|t:|1665536646\n|switch|p1a: Toxapex|Toxapex, F|99\/100|[from]move: Volt Switch\n|move|p2a: Toxapex|Knock Off|p1a: Toxapex\n|-damage|p1a: Toxapex|86\/100\n|-enditem|p1a: Toxapex|Black Sludge|[from] move: Knock Off|[of] p2a: Toxapex\n|\n|upkeep\n|turn|62\n|\n|t:|1665536651\n|switch|p2a: Blissey|Blissey, F|100\/100\n|move|p1a: Toxapex|Scald|p2a: Blissey\n|-damage|p2a: Blissey|94\/100\n|\n|-heal|p2a: Blissey|99\/100|[from] item: Leftovers\n|upkeep\n|turn|63\n|\n|t:|1665536655\n|move|p2a: Blissey|Stealth Rock|p1a: Toxapex\n|-sidestart|p1: jeandonis02|move: Stealth Rock\n|move|p1a: Toxapex|Toxic|p2a: Blissey\n|-status|p2a: Blissey|tox\n|\n|-heal|p2a: Blissey|100\/100 tox|[from] item: Leftovers\n|-damage|p2a: Blissey|94\/100 tox|[from] psn\n|upkeep\n|turn|64\n|\n|t:|1665536659\n|-curestatus|p2a: Blissey|tox|[from] ability: Natural Cure\n|switch|p2a: Toxapex|Toxapex, F|87\/100 par\n|move|p1a: Toxapex|Scald|p2a: Toxapex\n|-resisted|p2a: Toxapex\n|-damage|p2a: Toxapex|81\/100 par\n|\n|upkeep\n|turn|65\n|\n|t:|1665536662\n|move|p1a: Toxapex|Scald|p2a: Toxapex\n|-resisted|p2a: Toxapex\n|-damage|p2a: Toxapex|74\/100 par\n|move|p2a: Toxapex|Knock Off|p1a: Toxapex\n|-damage|p1a: Toxapex|79\/100\n|\n|upkeep\n|turn|66\n|\n|t:|1665536668\n|switch|p1a: Rotom|Rotom-Wash|100\/100\n|-damage|p1a: Rotom|88\/100|[from] Stealth Rock\n|cant|p2a: Toxapex|par\n|\n|-heal|p1a: Rotom|94\/100|[from] item: Leftovers\n|upkeep\n|turn|67\n|\n|t:|1665536674\n|move|p1a: Rotom|Defog|p2a: Toxapex\n|-unboost|p2a: Toxapex|evasion|1\n|-sideend|p1: jeandonis02|Stealth Rock|[from] move: Defog|[of] p1a: Rotom\n|cant|p2a: Toxapex|par\n|\n|-heal|p1a: Rotom|100\/100|[from] item: Leftovers\n|upkeep\n|turn|68\n|\n|t:|1665536683\n|switch|p2a: Quagsire|Quagsire, F|100\/100\n|move|p1a: Rotom|Volt Switch|p2a: Quagsire\n|-immune|p2a: Quagsire\n|\n|upkeep\n|turn|69\n|\n|t:|1665536689\n|move|p1a: Rotom|Will-O-Wisp|p2a: Quagsire\n|-status|p2a: Quagsire|brn\n|move|p2a: Quagsire|Scald|p1a: Rotom\n|-resisted|p1a: Rotom\n|-damage|p1a: Rotom|92\/100\n|\n|-heal|p1a: Rotom|98\/100|[from] item: Leftovers\n|-damage|p2a: Quagsire|94\/100 brn|[from] brn\n|upkeep\n|turn|70\n|\n|t:|1665536701\n|move|p1a: Rotom|Hydro Pump|p2a: Quagsire\n|-damage|p2a: Quagsire|48\/100 brn\n|move|p2a: Quagsire|Scald|p1a: Rotom\n|-resisted|p1a: Rotom\n|-damage|p1a: Rotom|89\/100\n|\n|-heal|p1a: Rotom|95\/100|[from] item: Leftovers\n|-heal|p2a: Quagsire|54\/100 brn|[from] item: Leftovers\n|-damage|p2a: Quagsire|48\/100 brn|[from] brn\n|upkeep\n|turn|71\n|j| Kwaga\n|l| Kwaga\n|inactive|jeandonis02 has 120 seconds left.\n|\n|t:|1665536742\n|move|p1a: Rotom|Hydro Pump|p2a: Quagsire\n|-damage|p2a: Quagsire|0 fnt\n|faint|p2a: Quagsire\n|\n|-heal|p1a: Rotom|100\/100|[from] item: Leftovers\n|upkeep\n|\n|t:|1665536752\n|switch|p2a: Blissey|Blissey, F|94\/100\n|turn|72\n|\n|t:|1665536756\n|move|p1a: Rotom|Volt Switch|p2a: Blissey\n|-damage|p2a: Blissey|85\/100\n|\n|t:|1665536758\n|switch|p1a: Garchomp|Garchomp, M|94\/100 tox|[from]move: Volt Switch\n|move|p2a: Blissey|Aromatherapy|p2a: Blissey\n|-activate|p2a: Blissey|move: Aromatherapy\n|-curestatus|p2: Toxapex|par|[msg]\n|\n|-heal|p2a: Blissey|92\/100|[from] item: Leftovers\n|-damage|p1a: Garchomp|88\/100 tox|[from] psn\n|upkeep\n|turn|73\n|\n|t:|1665536771\n|switch|p2a: Zapdos|Zapdos|92\/100\n|-ability|p2a: Zapdos|Pressure\n|move|p1a: Garchomp|Outrage|p2a: Zapdos\n|-crit|p2a: Zapdos\n|-damage|p2a: Zapdos|0 fnt\n|faint|p2a: Zapdos\n|\n|-damage|p1a: Garchomp|76\/100 tox|[from] psn\n|upkeep\n|\n|t:|1665536775\n|switch|p2a: Shedinja|Shedinja|100\/100\n|turn|74\n|\n|t:|1665536777\n|move|p1a: Garchomp|Outrage|p2a: Shedinja|[from]lockedmove\n|-immune|p2a: Shedinja|[from] ability: Wonder Guard\n|move|p2a: Shedinja|Shadow Ball|p1a: Garchomp\n|-damage|p1a: Garchomp|55\/100 tox\n|\n|-damage|p1a: Garchomp|36\/100 tox|[from] psn\n|upkeep\n|turn|75\n|\n|t:|1665536782\n|switch|p1a: Toxapex|Toxapex, F|100\/100\n|move|p2a: Shedinja|Shadow Ball|p1a: Toxapex\n|-damage|p1a: Toxapex|88\/100\n|\n|upkeep\n|turn|76\n|\n|t:|1665536787\n|switch|p2a: Politoed|Politoed, F|82\/100\n|-weather|RainDance|[from] ability: Drizzle|[of] p2a: Politoed\n|switch|p1a: Charizard|Charizard, M|100\/100\n|\n|-weather|RainDance|[upkeep]\n|-heal|p2a: Politoed|88\/100|[from] item: Leftovers\n|upkeep\n|turn|77\n|\n|t:|1665536792\n|switch|p1a: Rotom|Rotom-Wash|100\/100\n|move|p2a: Politoed|Whirlpool|p1a: Rotom|[miss]\n|-miss|p2a: Politoed|p1a: Rotom\n|\n|-weather|RainDance|[upkeep]\n|-heal|p2a: Politoed|94\/100|[from] item: Leftovers\n|upkeep\n|turn|78\n|\n|t:|1665536798\n|switch|p2a: Blissey|Blissey, F|92\/100\n|move|p1a: Rotom|Hydro Pump|p2a: Blissey|[miss]\n|-miss|p1a: Rotom|p2a: Blissey\n|\n|-weather|RainDance|[upkeep]\n|-heal|p2a: Blissey|98\/100|[from] item: Leftovers\n|upkeep\n|turn|79\n|\n|t:|1665536803\n|move|p1a: Rotom|Volt Switch|p2a: Blissey\n|-damage|p2a: Blissey|89\/100\n|\n|t:|1665536804\n|switch|p1a: Zeraora|Zeraora|80\/100|[from]move: Volt Switch\n|move|p2a: Blissey|Stealth Rock|p1a: Zeraora\n|-sidestart|p1: jeandonis02|move: Stealth Rock\n|\n|-weather|RainDance|[upkeep]\n|-heal|p2a: Blissey|95\/100|[from] item: Leftovers\n|upkeep\n|turn|80\n|-message|Zobry Croissant forfeited.\n|\n|win|jeandonis02\n|raw|jeandonis02's rating: 1776 &rarr; <strong>1793<\/strong><br \/>(+17 for winning)\n|raw|Zobry Croissant's rating: 1732 &rarr; <strong>1715<\/strong><br \/>(-17 for losing)\n|l|\u2606Zobry Croissant\n|l| running poly\n|l| Cocoon Evolution\n||Ladder isn't responding, score probably updated but might not have (Request timeout).\n|l|\u2606jeandonis02\n|j|\u2606jeandonis02\n|player|p1|jeandonis02|lucas\n","uploadtime":1665537411,"views":10,"p1id":"jeandonis02","p2id":"zobrycroissant","formatid":"gen8ou","rating":1715,"private":0,"password":null}