{"id":"gen8mixandmega-1667358129","p1":"Faygos","p2":"Banal paradis \u2606\u301c\u309d\u3002","format":"gen8mixandmega","log":"|j|\u2606Faygos\n|j|\u2606Banal paradis \u2606\u301c\u309d\u3002\n|inactive|Battle timer is ON: inactive players will automatically lose when time's up.\n|t:|1663515542\n|gametype|singles\n|player|p1|Faygos|266|\n|player|p2|Banal paradis \u2606\u301c\u309d\u3002|ethan|\n|teamsize|p1|6\n|teamsize|p2|6\n|gen|8\n|tier|[Gen 8] Mix and Mega\n|rated|Tournament battle\n|rule|Species Clause: Limit one of each Pok\u00e9mon\n|rule|OHKO Clause: OHKO moves are banned\n|rule|Evasion Moves Clause: Evasion moves are banned\n|rule|Endless Battle Clause: Forcing endless battles is banned\n|rule|Dynamax Clause: You cannot dynamax\n|rule|HP Percentage Mod: HP is shown in percentages\n|rule|Sleep Clause Mod: Limit one foe put to sleep\n|clearpoke\n|poke|p1|Regieleki|\n|poke|p1|Victini|\n|poke|p1|Mew|\n|poke|p1|Landorus-Therian, M|\n|poke|p1|Blissey, F|\n|poke|p1|Magearna|\n|poke|p2|Entei|\n|poke|p2|Landorus-Therian, M|\n|poke|p2|Magearna|\n|poke|p2|Excadrill, F|\n|poke|p2|Milotic, M|\n|poke|p2|Zygarde|\n|teampreview\n|inactive|Faygos also wants the timer to be on.\n|\n|t:|1663515556\n|start\n|switch|p1a: Victini|Victini|100\/100\n|switch|p2a: Landorus|Landorus-Therian, M|100\/100\n|-ability|p2a: Landorus|Intimidate|boost\n|-unboost|p1a: Victini|atk|1\n|turn|1\n|\n|t:|1663515562\n|detailschange|p1a: Victini|Victini\n|-mega|p1a: Victini|Victini|Diancite\n|-start|p1a: Victini|Diancite|[silent]\n|move|p1a: Victini|Final Gambit|p2a: Landorus\n|-damage|p2a: Landorus|0 fnt\n|faint|p1a: Victini\n|faint|p2a: Landorus\n|\n|upkeep\n|j| Apollo choaz\n|\n|t:|1663515571\n|switch|p1a: Blissey|Blissey, F|100\/100\n|switch|p2a: Milotic|Milotic, M|100\/100\n|turn|2\n|\n|t:|1663515575\n|detailschange|p2a: Milotic|Milotic, M\n|-mega|p2a: Milotic|Milotic|Sablenite\n|-start|p2a: Milotic|Sablenite|[silent]\n|detailschange|p1a: Blissey|Blissey, F\n|-mega|p1a: Blissey|Blissey|Banettite\n|-start|p1a: Blissey|Banettite|[silent]\n|move|p1a: Blissey|Copycat|p1a: Blissey\n|move|p1a: Blissey|Final Gambit|p2a: Milotic|[from]move: Copycat\n|-damage|p2a: Milotic|0 fnt\n|faint|p1a: Blissey\n|faint|p2a: Milotic\n|\n|upkeep\n|l| Apollo choaz\n|\n|t:|1663515578\n|switch|p1a: Landorus|Landorus-Therian, M|100\/100\n|switch|p2a: Entei|Entei|100\/100\n|-ability|p1a: Landorus|Intimidate|boost\n|-fail|p2a: Entei|unboost|Attack|[from] ability: Inner Focus|[of] p2a: Entei\n|turn|3\n|\n|t:|1663515583\n|switch|p2a: Magearna|Magearna|100\/100\n|detailschange|p1a: Landorus|Landorus-Therian, M\n|-mega|p1a: Landorus|Landorus|Salamencite\n|-start|p1a: Landorus|Salamencite|[silent]\n|move|p1a: Landorus|Stealth Rock|p2a: Magearna\n|-sidestart|p2: Banal paradis \u2606\u301c\u309d\u3002|move: Stealth Rock\n|\n|upkeep\n|turn|4\n|\n|t:|1663515588\n|detailschange|p2a: Magearna|Magearna\n|-mega|p2a: Magearna|Magearna|Manectite\n|-ability|p2a: Magearna|Intimidate|boost\n|-unboost|p1a: Landorus|atk|1\n|-start|p2a: Magearna|Manectite|[silent]\n|move|p1a: Landorus|Explosion|p2a: Magearna\n|-resisted|p2a: Magearna\n|-damage|p2a: Magearna|69\/100\n|faint|p1a: Landorus\n|move|p2a: Magearna|Fleur Cannon|p1: Landorus|[notarget]\n|-fail|p2a: Magearna\n|\n|upkeep\n|\n|t:|1663515600\n|switch|p1a: Mew|Mew|100\/100\n|turn|5\n|\n|t:|1663515606\n|detailschange|p1a: Mew|Mew\n|-mega|p1a: Mew|Mew|Sablenite\n|-start|p1a: Mew|Sablenite|[silent]\n|move|p2a: Magearna|Thunder Wave|p1a: Mew\n|move|p1a: Mew|Thunder Wave|p2a: Magearna|[from]ability: Magic Bounce\n|-status|p2a: Magearna|par\n|move|p1a: Mew|Cosmic Power|p1a: Mew\n|-boost|p1a: Mew|def|1\n|-boost|p1a: Mew|spd|1\n|\n|upkeep\n|turn|6\n|\n|t:|1663515610\n|move|p1a: Mew|Cosmic Power|p1a: Mew\n|-boost|p1a: Mew|def|1\n|-boost|p1a: Mew|spd|1\n|move|p2a: Magearna|Volt Switch|p1a: Mew\n|-damage|p1a: Mew|93\/100\n|\n|t:|1663515612\n|-end|p2a: Magearna|Manectite|[silent]\n|switch|p2a: Excadrill|Excadrill, F|100\/100|[from]move: Volt Switch\n|-damage|p2a: Excadrill|97\/100|[from] Stealth Rock\n|-ability|p2a: Excadrill|Mold Breaker\n|\n|upkeep\n|turn|7\n|\n|t:|1663515616\n|move|p2a: Excadrill|Toxic|p1a: Mew\n|-status|p1a: Mew|tox\n|move|p1a: Mew|Body Press|p2a: Excadrill\n|-supereffective|p2a: Excadrill\n|-damage|p2a: Excadrill|0 fnt\n|faint|p2a: Excadrill\n|\n|-damage|p1a: Mew|87\/100 tox|[from] psn\n|upkeep\n|\n|t:|1663515621\n|switch|p2a: Zygarde|Zygarde|100\/100\n|-damage|p2a: Zygarde|94\/100|[from] Stealth Rock\n|-ability|p2a: Zygarde|Aura Break\n|turn|8\n|\n|t:|1663515627\n|detailschange|p2a: Zygarde|Zygarde\n|-mega|p2a: Zygarde|Zygarde|Lucarionite\n|-start|p2a: Zygarde|Lucarionite|[silent]\n|move|p2a: Zygarde|Substitute|p2a: Zygarde\n|-start|p2a: Zygarde|Substitute\n|-damage|p2a: Zygarde|69\/100\n|move|p1a: Mew|Stored Power|p2a: Zygarde\n|-end|p2a: Zygarde|Substitute\n|\n|-damage|p1a: Mew|75\/100 tox|[from] psn\n|upkeep\n|turn|9\n|\n|t:|1663515639\n|move|p2a: Zygarde|Substitute|p2a: Zygarde\n|-start|p2a: Zygarde|Substitute\n|-damage|p2a: Zygarde|44\/100\n|move|p1a: Mew|Stored Power|p2a: Zygarde\n|-end|p2a: Zygarde|Substitute\n|\n|-damage|p1a: Mew|56\/100 tox|[from] psn\n|upkeep\n|turn|10\n|\n|t:|1663515643\n|move|p2a: Zygarde|Substitute|p2a: Zygarde\n|-start|p2a: Zygarde|Substitute\n|-damage|p2a: Zygarde|20\/100\n|move|p1a: Mew|Stored Power|p2a: Zygarde\n|-end|p2a: Zygarde|Substitute\n|\n|-damage|p1a: Mew|31\/100 tox|[from] psn\n|upkeep\n|turn|11\n|\n|t:|1663515653\n|move|p2a: Zygarde|Outrage|p1a: Mew\n|-damage|p1a: Mew|7\/100 tox\n|move|p1a: Mew|Stored Power|p2a: Zygarde\n|-damage|p2a: Zygarde|0 fnt\n|faint|p2a: Zygarde\n|\n|-damage|p1a: Mew|0 fnt|[from] psn\n|faint|p1a: Mew\n|upkeep\n|\n|t:|1663515663\n|switch|p2a: Entei|Entei|100\/100\n|switch|p1a: Regieleki|Regieleki|100\/100\n|-damage|p2a: Entei|76\/100|[from] Stealth Rock\n|turn|12\n|\n|t:|1663515671\n|detailschange|p1a: Regieleki|Regieleki\n|-mega|p1a: Regieleki|Regieleki|Altarianite\n|-start|p1a: Regieleki|Altarianite|[silent]\n|-start|p1a: Regieleki|typechange|Electric\/Fairy|[silent]\n|detailschange|p2a: Entei|Entei\n|-mega|p2a: Entei|Entei|Altarianite\n|-start|p2a: Entei|Altarianite|[silent]\n|-start|p2a: Entei|typechange|Fire\/Fairy|[silent]\n|move|p1a: Regieleki|Explosion|p2a: Entei\n|-resisted|p2a: Entei\n|-damage|p2a: Entei|0 fnt\n|faint|p1a: Regieleki\n|faint|p2a: Entei\n|\n|upkeep\n|\n|t:|1663515677\n|switch|p1a: Magearna|Magearna|100\/100\n|switch|p2a: Magearna|Magearna|69\/100 par\n|-start|p2a: Magearna|Manectite|[silent]\n|-damage|p2a: Magearna|63\/100 par|[from] Stealth Rock\n|-ability|p2a: Magearna|Intimidate|boost\n|-unboost|p1a: Magearna|atk|1\n|turn|13\n|\n|t:|1663515680\n|move|p1a: Magearna|Shift Gear|p1a: Magearna\n|-boost|p1a: Magearna|spe|2\n|-boost|p1a: Magearna|atk|1\n|move|p2a: Magearna|Thunder Wave|p1a: Magearna\n|-status|p1a: Magearna|par\n|\n|upkeep\n|turn|14\n|\n|t:|1663515685\n|move|p1a: Magearna|Shift Gear|p1a: Magearna\n|-boost|p1a: Magearna|spe|2\n|-boost|p1a: Magearna|atk|1\n|cant|p2a: Magearna|par\n|\n|upkeep\n|turn|15\n|\n|t:|1663515689\n|move|p1a: Magearna|Shift Gear|p1a: Magearna\n|-boost|p1a: Magearna|spe|2\n|-boost|p1a: Magearna|atk|1\n|cant|p2a: Magearna|par\n|\n|upkeep\n|turn|16\n|\n|t:|1663515693\n|detailschange|p1a: Magearna|Magearna\n|-mega|p1a: Magearna|Magearna|Pinsirite\n|-start|p1a: Magearna|Pinsirite|[silent]\n|-start|p1a: Magearna|typechange|Steel\/Flying|[silent]\n|move|p1a: Magearna|Last Resort|p2a: Magearna\n|-resisted|p2a: Magearna\n|-damage|p2a: Magearna|13\/100 par\n|move|p2a: Magearna|Pain Split|p1a: Magearna\n|-sethp|p1a: Magearna|58\/100 par|[from] move: Pain Split|[silent]\n|-sethp|p2a: Magearna|51\/100 par|[from] move: Pain Split\n|\n|upkeep\n|turn|17\n|\n|t:|1663515700\n|move|p1a: Magearna|Last Resort|p2a: Magearna\n|-resisted|p2a: Magearna\n|-damage|p2a: Magearna|0 fnt\n|faint|p2a: Magearna\n|\n|win|Faygos\n|n|\u2606Faygos|faygos\n|n|\u2606Banal paradis \u2606\u301c\u309d\u3002|banalparadis\n|l|\u2606Banal paradis \u2606\u301c\u309d\u3002\n|l|\u2606Faygos\n|j| MoonGirlll\u2661\n|l| MoonGirlll\u2661\n|j| MoonGirlll\u2661\n","uploadtime":1663516494,"views":9,"p1id":"faygos","p2id":"banalparadis","formatid":"gen8mixandmega","rating":0,"private":0,"password":null}