{"id":"gen8anythinggoes-1288657306","p1":"Chickpiee","p2":"tahjd","format":"gen8anythinggoes","log":"|j|\u2606Chickpiee\n|j|\u2606tahjd\n|t:|1614144146\n|player|p1|Chickpiee|caitlin|\n|player|p2|tahjd|2|\n|teamsize|p1|6\n|teamsize|p2|6\n|gametype|singles\n|gen|8\n|tier|[Gen 8] Anything Goes\n|rated|Tournament battle\n|clearpoke\n|poke|p1|Ditto|\n|poke|p1|Ferrothorn, F|\n|poke|p1|Necrozma-Dusk-Mane|\n|poke|p1|Ho-Oh|\n|poke|p1|Lunala|\n|poke|p1|Yveltal|\n|poke|p2|Butterfree, F|\n|poke|p2|Pikachu, F|\n|poke|p2|Shiftry, M|\n|poke|p2|Liepard, F|\n|poke|p2|Zigzagoon-Galar, F|\n|poke|p2|Golduck, M|\n|rule|HP Percentage Mod: HP is shown in percentages\n|rule|Endless Battle Clause: Forcing endless battles is banned\n|teampreview\n|j|*Lady Monita\n|inactive|Battle timer is ON: inactive players will automatically lose when time's up. (requested by Chickpiee)\n|inactive|tahjd has 120 seconds left.\n|inactive|tahjd has 90 seconds left.\n|\n|t:|1614144227\n|start\n|switch|p1a: Necrozma|Necrozma-Dusk-Mane, shiny|100\/100\n|switch|p2a: Golduck|Golduck, M|100\/100\n|turn|1\n|\n|t:|1614144233\n|-start|p2a: Golduck|Dynamax\n|-heal|p2a: Golduck|100\/100|[silent]\n|move|p2a: Golduck|Max Geyser|p1a: Necrozma\n|-damage|p1a: Necrozma|82\/100\n|-weather|RainDance\n|move|p1a: Necrozma|Thunder Wave|p2a: Golduck\n|-status|p2a: Golduck|par\n|\n|-weather|RainDance|[upkeep]\n|upkeep\n|turn|2\n|\n|t:|1614144242\n|move|p1a: Necrozma|Stealth Rock|p2a: Golduck\n|-sidestart|p2: tahjd|move: Stealth Rock\n|move|p2a: Golduck|Max Hailstorm|p1a: Necrozma\n|-resisted|p1a: Necrozma\n|-damage|p1a: Necrozma|69\/100\n|-weather|Hail\n|\n|-weather|Hail|[upkeep]\n|-damage|p1a: Necrozma|63\/100|[from] Hail\n|-damage|p2a: Golduck|98\/100 par|[from] Hail\n|upkeep\n|turn|3\n|inactive|tahjd has 120 seconds left.\n|\n|t:|1614144277\n|switch|p1a: Ferrothorn|Ferrothorn, F|100\/100\n|move|p2a: Golduck|Max Hailstorm|p1a: Ferrothorn\n|-damage|p1a: Ferrothorn|80\/100\n|\n|-weather|Hail|[upkeep]\n|-damage|p2a: Golduck|95\/100 par|[from] Hail\n|-damage|p1a: Ferrothorn|74\/100|[from] Hail\n|-heal|p1a: Ferrothorn|80\/100|[from] item: Leftovers\n|-end|p2a: Golduck|Dynamax\n|-heal|p2a: Golduck|95\/100 par|[silent]\n|upkeep\n|turn|4\n|inactive|tahjd has 120 seconds left.\n|\n|t:|1614144302\n|move|p2a: Golduck|Aqua Jet|p1a: Ferrothorn\n|-resisted|p1a: Ferrothorn\n|-damage|p1a: Ferrothorn|74\/100\n|-damage|p2a: Golduck|82\/100 par|[from] ability: Iron Barbs|[of] p1a: Ferrothorn\n|move|p1a: Ferrothorn|Leech Seed|p2a: Golduck\n|-start|p2a: Golduck|move: Leech Seed\n|\n|-weather|Hail|[upkeep]\n|-damage|p2a: Golduck|76\/100 par|[from] Hail\n|-damage|p1a: Ferrothorn|68\/100|[from] Hail\n|-heal|p1a: Ferrothorn|74\/100|[from] item: Leftovers\n|-damage|p2a: Golduck|64\/100 par|[from] Leech Seed|[of] p1a: Ferrothorn\n|-heal|p1a: Ferrothorn|85\/100|[silent]\n|upkeep\n|turn|5\n|inactive|tahjd has 120 seconds left.\n|\n|t:|1614144315\n|switch|p2a: Pikachu|Pikachu, F|100\/100\n|-damage|p2a: Pikachu|88\/100|[from] Stealth Rock\n|move|p1a: Ferrothorn|Spikes|p2a: Pikachu\n|-sidestart|p2: tahjd|Spikes\n|\n|-weather|Hail|[upkeep]\n|-damage|p2a: Pikachu|82\/100|[from] Hail\n|-damage|p1a: Ferrothorn|79\/100|[from] Hail\n|-heal|p1a: Ferrothorn|85\/100|[from] item: Leftovers\n|upkeep\n|turn|6\n|inactive|tahjd has 120 seconds left.\n|\n|t:|1614144326\n|move|p2a: Pikachu|Thunderbolt|p1a: Ferrothorn\n|-resisted|p1a: Ferrothorn\n|-damage|p1a: Ferrothorn|68\/100\n|move|p1a: Ferrothorn|Power Whip|p2a: Pikachu\n|-damage|p2a: Pikachu|0 fnt\n|-status|p1a: Ferrothorn|par|[from] ability: Static|[of] p2a: Pikachu\n|faint|p2a: Pikachu\n|\n|-weather|none\n|-heal|p1a: Ferrothorn|74\/100 par|[from] item: Leftovers\n|upkeep\n|inactive|tahjd has 120 seconds left.\n|\n|t:|1614144338\n|switch|p2a: Shiftry|Shiftry, M|100\/100\n|-damage|p2a: Shiftry|88\/100|[from] Spikes\n|-damage|p2a: Shiftry|76\/100|[from] Stealth Rock\n|turn|7\n|inactive|tahjd has 120 seconds left.\n|\n|t:|1614144350\n|switch|p1a: Ho-Oh|Ho-Oh, shiny|100\/100\n|move|p2a: Shiftry|Explosion|p1a: Ho-Oh\n|-damage|p1a: Ho-Oh|48\/100\n|faint|p2a: Shiftry\n|\n|upkeep\n|inactive|tahjd has 120 seconds left.\n|\n|t:|1614144359\n|switch|p2a: Golduck|Golduck, M|64\/100 par\n|-damage|p2a: Golduck|52\/100 par|[from] Spikes\n|-damage|p2a: Golduck|39\/100 par|[from] Stealth Rock\n|turn|8\n|\n|t:|1614144370\n|switch|p1a: Yveltal|Yveltal, shiny|100\/100\n|-ability|p1a: Yveltal|Dark Aura\n|cant|p2a: Golduck|par\n|\n|upkeep\n|turn|9\n|\n|t:|1614144377\n|switch|p2a: Liepard|Liepard, F|100\/100\n|-damage|p2a: Liepard|88\/100|[from] Spikes\n|-damage|p2a: Liepard|76\/100|[from] Stealth Rock\n|move|p1a: Yveltal|Dual Wingbeat|p2a: Liepard\n|-damage|p2a: Liepard|32\/100\n|-damage|p2a: Liepard|0 fnt\n|-hitcount|p2a: Liepard|2\n|faint|p2a: Liepard\n|\n|upkeep\n|\n|t:|1614144389\n|switch|p2a: Butterfree|Butterfree, F|100\/100\n|-damage|p2a: Butterfree|51\/100|[from] Stealth Rock\n|turn|10\n|\n|t:|1614144393\n|move|p1a: Yveltal|Dual Wingbeat|p2a: Butterfree\n|-supereffective|p2a: Butterfree\n|-damage|p2a: Butterfree|0 fnt\n|-hitcount|p2a: Butterfree|1\n|faint|p2a: Butterfree\n|\n|upkeep\n|\n|t:|1614144400\n|switch|p2a: Zigzagoon|Zigzagoon-Galar, F|100\/100\n|-damage|p2a: Zigzagoon|88\/100|[from] Spikes\n|-damage|p2a: Zigzagoon|76\/100|[from] Stealth Rock\n|turn|11\n|\n|t:|1614144411\n|move|p1a: Yveltal|Dual Wingbeat|p2a: Zigzagoon\n|-damage|p2a: Zigzagoon|9\/100\n|-enditem|p2a: Zigzagoon|Aguav Berry|[eat]\n|-heal|p2a: Zigzagoon|42\/100|[from] item: Aguav Berry\n|-damage|p2a: Zigzagoon|0 fnt\n|-hitcount|p2a: Zigzagoon|2\n|faint|p2a: Zigzagoon\n|\n|upkeep\n|\n|t:|1614144420\n|switch|p2a: Golduck|Golduck, M|39\/100 par\n|-damage|p2a: Golduck|27\/100 par|[from] Spikes\n|-damage|p2a: Golduck|15\/100 par|[from] Stealth Rock\n|-enditem|p2a: Golduck|Aguav Berry|[eat]\n|-heal|p2a: Golduck|48\/100 par|[from] item: Aguav Berry\n|turn|12\n|\n|t:|1614144436\n|move|p1a: Yveltal|Dual Wingbeat|p2a: Golduck\n|-damage|p2a: Golduck|14\/100 par\n|-damage|p2a: Golduck|0 fnt\n|-hitcount|p2a: Golduck|2\n|faint|p2a: Golduck\n|\n|win|Chickpiee\n|n|\u2606Chickpiee|chickpiee\n|n|\u2606tahjd|tahjd\n|n|*Lady Monita|ladymonita\n|l|*Lady Monita\n|l|\u2606Chickpiee\n|j| ThrohValencia\n|l|\u2606tahjd\n","uploadtime":1614145627,"views":7,"p1id":"chickpiee","p2id":"tahjd","formatid":"gen8anythinggoes","rating":0,"private":0,"password":null}