{"id":"gen8anythinggoes-1677488677","p1":"AGLT5TX jushu","p2":"yokobaby","format":"gen8anythinggoes","log":"|j|\u2606AGLT5TX jushu\n|j|\u2606yokobaby\n|inactive|Battle timer is ON: inactive players will automatically lose when time's up.\n|t:|1664901277\n|gametype|singles\n|player|p1|AGLT5TX jushu|101|\n|player|p2|yokobaby|cynthia-masters|\n|teamsize|p1|6\n|teamsize|p2|6\n|gen|8\n|tier|[Gen 8] Anything Goes\n|rated|Tournament battle\n|rule|HP Percentage Mod: HP is shown in percentages\n|rule|Endless Battle Clause: Forcing endless battles is banned\n|clearpoke\n|poke|p1|Excadrill, M|\n|poke|p1|Necrozma-Dusk-Mane|\n|poke|p1|Yveltal|\n|poke|p1|Xerneas-*|\n|poke|p1|Calyrex-Shadow|\n|poke|p1|Kyogre|\n|poke|p2|Kyogre|\n|poke|p2|Ditto|\n|poke|p2|Eternatus|\n|poke|p2|Zacian-*|\n|poke|p2|Yveltal|\n|poke|p2|Necrozma-Dusk-Mane|\n|teampreview\n|\n|t:|1664901281\n|start\n|switch|p1a: Excadrill|Excadrill, M|100\/100\n|switch|p2a: Kyogre|Kyogre|100\/100\n|-ability|p1a: Excadrill|Mold Breaker\n|-weather|RainDance|[from] ability: Drizzle|[of] p2a: Kyogre\n|turn|1\n|\n|t:|1664901284\n|move|p1a: Excadrill|Stealth Rock|p2a: Kyogre\n|-sidestart|p2: yokobaby|move: Stealth Rock\n|move|p2a: Kyogre|Scald|p1a: Excadrill\n|-supereffective|p1a: Excadrill\n|-enditem|p1a: Excadrill|Focus Sash\n|-damage|p1a: Excadrill|1\/100\n|\n|-weather|RainDance|[upkeep]\n|upkeep\n|turn|2\n|\n|t:|1664901287\n|move|p1a: Excadrill|Earthquake|p2a: Kyogre\n|-damage|p2a: Kyogre|62\/100\n|move|p2a: Kyogre|Scald|p1a: Excadrill\n|-supereffective|p1a: Excadrill\n|-damage|p1a: Excadrill|0 fnt\n|faint|p1a: Excadrill\n|\n|-weather|RainDance|[upkeep]\n|-heal|p2a: Kyogre|68\/100|[from] item: Leftovers\n|upkeep\n|\n|t:|1664901291\n|switch|p1a: Calyrex|Calyrex-Shadow|100\/100\n|-ability|p1a: Calyrex|As One\n|-ability|p1a: Calyrex|Unnerve\n|turn|3\n|\n|t:|1664901296\n|switch|p2a: Yveltal|Yveltal|100\/100\n|-ability|p2a: Yveltal|Dark Aura\n|move|p1a: Calyrex|Nasty Plot|p1a: Calyrex\n|-boost|p1a: Calyrex|spa|2\n|\n|-weather|RainDance|[upkeep]\n|upkeep\n|turn|4\n|\n|t:|1664901298\n|move|p1a: Calyrex|Baton Pass|p1a: Calyrex\n|\n|t:|1664901299\n|switch|p1a: Kyogre|Kyogre|100\/100|[from]move: Baton Pass\n|move|p2a: Yveltal|U-turn|p1a: Kyogre\n|-damage|p1a: Kyogre|76\/100\n|\n|t:|1664901308\n|switch|p2a: Ditto|Ditto|100\/100|[from]move: U-turn\n|-damage|p2a: Ditto|88\/100|[from] Stealth Rock\n|-transform|p2a: Ditto|p1a: Kyogre|[from] ability: Imposter\n|\n|-weather|RainDance|[upkeep]\n|upkeep\n|turn|5\n|j| AGLT5TX agmmys\n|\n|t:|1664901321\n|-start|p1a: Kyogre|Dynamax|\n|-heal|p1a: Kyogre|76\/100|[silent]\n|move|p2a: Ditto|Thunder|p1a: Kyogre\n|-supereffective|p1a: Kyogre\n|-damage|p1a: Kyogre|17\/100\n|move|p1a: Kyogre|Max Lightning|p2a: Ditto\n|-supereffective|p2a: Ditto\n|-damage|p2a: Ditto|0 fnt\n|-fieldstart|move: Electric Terrain\n|faint|p2a: Ditto\n|\n|-weather|none\n|upkeep\n|\n|t:|1664901327\n|switch|p2a: Zacian|Zacian-Crowned|100\/100\n|-damage|p2a: Zacian|94\/100|[from] Stealth Rock\n|-ability|p2a: Zacian|Intrepid Sword|boost\n|-boost|p2a: Zacian|atk|1\n|turn|6\n|\n|t:|1664901332\n|move|p2a: Zacian|Behemoth Blade|p1a: Kyogre\n|-resisted|p1a: Kyogre\n|-damage|p1a: Kyogre|0 fnt\n|faint|p1a: Kyogre\n|\n|upkeep\n|\n|t:|1664901341\n|switch|p1a: Necrozma|Necrozma-Dusk-Mane|100\/100\n|turn|7\n|\n|t:|1664901347\n|switch|p2a: Kyogre|Kyogre|68\/100\n|-damage|p2a: Kyogre|56\/100|[from] Stealth Rock\n|-weather|RainDance|[from] ability: Drizzle|[of] p2a: Kyogre\n|move|p1a: Necrozma|Dragon Dance|p1a: Necrozma\n|-boost|p1a: Necrozma|atk|1\n|-boost|p1a: Necrozma|spe|1\n|\n|-weather|RainDance|[upkeep]\n|-heal|p2a: Kyogre|62\/100|[from] item: Leftovers\n|upkeep\n|turn|8\n|\n|t:|1664901356\n|move|p1a: Necrozma|Earthquake|p2a: Kyogre\n|-damage|p2a: Kyogre|15\/100\n|move|p2a: Kyogre|Scald|p1a: Necrozma\n|-damage|p1a: Necrozma|41\/100\n|\n|-weather|RainDance|[upkeep]\n|-heal|p2a: Kyogre|21\/100|[from] item: Leftovers\n|upkeep\n|turn|9\n|\n|t:|1664901370\n|move|p1a: Necrozma|Earthquake|p2a: Kyogre\n|-damage|p2a: Kyogre|0 fnt\n|faint|p2a: Kyogre\n|\n|-weather|RainDance|[upkeep]\n|-fieldend|move: Electric Terrain\n|upkeep\n|\n|t:|1664901377\n|switch|p2a: Necrozma|Necrozma-Dusk-Mane|100\/100\n|-damage|p2a: Necrozma|94\/100|[from] Stealth Rock\n|turn|10\n|j| Testaltv43\n|\n|t:|1664901387\n|switch|p2a: Yveltal|Yveltal|100\/100\n|-ability|p2a: Yveltal|Dark Aura\n|move|p1a: Necrozma|Earthquake|p2a: Yveltal\n|-immune|p2a: Yveltal\n|\n|-weather|RainDance|[upkeep]\n|upkeep\n|turn|11\n|\n|t:|1664901392\n|move|p1a: Necrozma|Stone Edge|p2a: Yveltal\n|-supereffective|p2a: Yveltal\n|-damage|p2a: Yveltal|0 fnt\n|faint|p2a: Yveltal\n|\n|-weather|none\n|upkeep\n|c|\u2606yokobaby|\u8349\n|\n|t:|1664901398\n|switch|p2a: Necrozma|Necrozma-Dusk-Mane|94\/100\n|-damage|p2a: Necrozma|88\/100|[from] Stealth Rock\n|turn|12\n|\n|t:|1664901401\n|move|p1a: Necrozma|Earthquake|p2a: Necrozma\n|-supereffective|p2a: Necrozma\n|-damage|p2a: Necrozma|39\/100\n|move|p2a: Necrozma|Dragon Dance|p2a: Necrozma\n|-boost|p2a: Necrozma|atk|1\n|-boost|p2a: Necrozma|spe|1\n|\n|upkeep\n|turn|13\n|\n|t:|1664901405\n|-start|p2a: Necrozma|Dynamax|\n|-heal|p2a: Necrozma|39\/100|[silent]\n|move|p1a: Necrozma|Earthquake|p2a: Necrozma\n|-supereffective|p2a: Necrozma\n|-damage|p2a: Necrozma|13\/100\n|move|p2a: Necrozma|Max Steelspike|p1a: Necrozma\n|-resisted|p1a: Necrozma\n|-damage|p1a: Necrozma|2\/100\n|-boost|p2a: Necrozma|def|1\n|\n|upkeep\n|turn|14\n|\n|t:|1664901408\n|move|p1a: Necrozma|Earthquake|p2a: Necrozma\n|-supereffective|p2a: Necrozma\n|-damage|p2a: Necrozma|0 fnt\n|faint|p2a: Necrozma\n|\n|upkeep\n|\n|t:|1664901411\n|switch|p2a: Zacian|Zacian-Crowned|94\/100\n|-damage|p2a: Zacian|88\/100|[from] Stealth Rock\n|-ability|p2a: Zacian|Intrepid Sword|boost\n|-boost|p2a: Zacian|atk|1\n|turn|15\n|\n|t:|1664901413\n|move|p2a: Zacian|Behemoth Blade|p1a: Necrozma\n|-resisted|p1a: Necrozma\n|-damage|p1a: Necrozma|0 fnt\n|faint|p1a: Necrozma\n|\n|upkeep\n|\n|t:|1664901415\n|switch|p1a: Calyrex|Calyrex-Shadow|100\/100\n|-ability|p1a: Calyrex|As One\n|-ability|p1a: Calyrex|Unnerve\n|turn|16\n|\n|t:|1664901418\n|switch|p2a: Eternatus|Eternatus|100\/100\n|-ability|p2a: Eternatus|Pressure\n|move|p1a: Calyrex|Nasty Plot|p1a: Calyrex\n|-boost|p1a: Calyrex|spa|2\n|\n|upkeep\n|turn|17\n|\n|t:|1664901421\n|move|p1a: Calyrex|Psyshock|p2a: Eternatus\n|-supereffective|p2a: Eternatus\n|-damage|p2a: Eternatus|0 fnt\n|faint|p2a: Eternatus\n|-ability|p1a: Calyrex|Grim Neigh|boost\n|-boost|p1a: Calyrex|spa|1\n|\n|upkeep\n|-message|yokobaby forfeited.\n|\n|win|AGLT5TX jushu\n|n|\u2606AGLT5TX jushu|aglt5txjushu\n|n|\u2606yokobaby|yokobaby\n|n| AGLT5TX agmmys|aglt5txagmmys\n|n| Testaltv43|testaltv43\n","uploadtime":1664901424,"views":5,"p1id":"aglt5txjushu","p2id":"yokobaby","formatid":"gen8anythinggoes","rating":0,"private":0,"password":null}