{"id":"gen8ou-1504267197","p1":"Makuryu","p2":"Lolytics1993","format":"gen8ou","log":"|j|\u2606Makuryu\n|j|\u203dLolytics1993\n|t:|1643980744\n|gametype|singles\n|player|p1|Makuryu|koga|1801\n|player|p2|Lolytics1993|swimmer-gen4dp|1756\n|teamsize|p1|6\n|teamsize|p2|6\n|gen|8\n|tier|[Gen 8] OU\n|rated|\n|rule|Sleep Clause Mod: Limit one foe put to sleep\n|rule|Species Clause: Limit one of each Pok\u00e9mon\n|rule|OHKO Clause: OHKO moves are banned\n|rule|Evasion Moves Clause: Evasion moves are banned\n|rule|Endless Battle Clause: Forcing endless battles is banned\n|rule|HP Percentage Mod: HP is shown in percentages\n|rule|Dynamax Clause: You cannot dynamax\n|clearpoke\n|poke|p1|Bisharp, F|\n|poke|p1|Zapdos-Galar|\n|poke|p1|Mew|\n|poke|p1|Rillaboom, F|\n|poke|p1|Garchomp, F|\n|poke|p1|Dragapult, F|\n|poke|p2|Tyranitar, F|\n|poke|p2|Rillaboom, M|\n|poke|p2|Zapdos|\n|poke|p2|Heatran, M|\n|poke|p2|Garchomp, M|\n|poke|p2|Buzzwole|\n|teampreview\n|j| 0SiegeWarfare\n|inactive|Battle timer is ON: inactive players will automatically lose when time's up. (requested by Makuryu)\n|c| 0SiegeWarfare|better luck\n|c| 0SiegeWarfare|this time\n|j| raaakav\n|inactive|Lolytics1993 has 120 seconds left.\n|c|\u2606Makuryu|hater?\n|c| 0SiegeWarfare|nah\n|\n|t:|1643980795\n|start\n|switch|p1a: Mew|Mew|100\/100\n|switch|p2a: Garchomp|Garchomp, M|100\/100\n|turn|1\n|\n|t:|1643980800\n|move|p1a: Mew|Ice Beam|p2a: Garchomp\n|-supereffective|p2a: Garchomp\n|-damage|p2a: Garchomp|17\/100\n|move|p2a: Garchomp|Dragon Tail|p1a: Mew\n|-damage|p1a: Mew|75\/100\n|drag|p1a: Zapdos|Zapdos-Galar|100\/100\n|\n|-heal|p2a: Garchomp|23\/100|[from] item: Leftovers\n|upkeep\n|turn|2\n|\n|t:|1643980808\n|move|p2a: Garchomp|Protect|p2a: Garchomp\n|-singleturn|p2a: Garchomp|Protect\n|move|p1a: Zapdos|U-turn|p2a: Garchomp\n|-activate|p2a: Garchomp|move: Protect\n|\n|-heal|p2a: Garchomp|29\/100|[from] item: Leftovers\n|upkeep\n|turn|3\n|inactive|Lolytics1993 has 120 seconds left.\n|\n|t:|1643980855\n|move|p1a: Zapdos|U-turn|p2a: Garchomp\n|-damage|p2a: Garchomp|2\/100\n|-damage|p1a: Zapdos|88\/100|[from] ability: Rough Skin|[of] p2a: Garchomp\n|c|\u2606Makuryu|the previous game i messed up\n|l| raaakav\n|j| outk tatakae\n|\n|t:|1643980877\n|switch|p1a: Rillaboom|Rillaboom, F|100\/100|[from]move: U-turn\n|-fieldstart|move: Grassy Terrain|[from] ability: Grassy Surge|[of] p1a: Rillaboom\n|move|p2a: Garchomp|Stealth Rock|p1a: Rillaboom\n|-sidestart|p1: Makuryu|move: Stealth Rock\n|\n|-heal|p2a: Garchomp|9\/100|[from] Grassy Terrain\n|-heal|p2a: Garchomp|15\/100|[from] item: Leftovers\n|upkeep\n|turn|4\n|\n|t:|1643980885\n|move|p2a: Garchomp|Protect|p2a: Garchomp\n|-singleturn|p2a: Garchomp|Protect\n|move|p1a: Rillaboom|Swords Dance|p1a: Rillaboom\n|-boost|p1a: Rillaboom|atk|2\n|\n|-heal|p2a: Garchomp|21\/100|[from] Grassy Terrain\n|-heal|p2a: Garchomp|27\/100|[from] item: Leftovers\n|upkeep\n|turn|5\n|\n|t:|1643980893\n|switch|p2a: Buzzwole|Buzzwole|100\/100\n|move|p1a: Rillaboom|Grassy Glide|p2a: Buzzwole\n|-resisted|p2a: Buzzwole\n|-damage|p2a: Buzzwole|73\/100\n|-damage|p1a: Rillaboom|84\/100|[from] item: Rocky Helmet|[of] p2a: Buzzwole\n|-damage|p1a: Rillaboom|74\/100|[from] item: Life Orb\n|\n|-heal|p1a: Rillaboom|80\/100|[from] Grassy Terrain\n|-heal|p2a: Buzzwole|80\/100|[from] Grassy Terrain\n|upkeep\n|turn|6\n|\n|t:|1643980904\n|move|p1a: Rillaboom|Acrobatics|p2a: Buzzwole\n|-supereffective|p2a: Buzzwole\n|-damage|p2a: Buzzwole|0 fnt\n|-damage|p1a: Rillaboom|64\/100|[from] item: Rocky Helmet|[of] p2a: Buzzwole\n|faint|p2a: Buzzwole\n|-damage|p1a: Rillaboom|54\/100|[from] item: Life Orb\n|\n|-heal|p1a: Rillaboom|60\/100|[from] Grassy Terrain\n|upkeep\n|\n|t:|1643980912\n|switch|p2a: Zapdos|Zapdos|100\/100\n|turn|7\n|\n|t:|1643980917\n|move|p1a: Rillaboom|Grassy Glide|p2a: Zapdos\n|-resisted|p2a: Zapdos\n|-damage|p2a: Zapdos|26\/100\n|-status|p1a: Rillaboom|par|[from] ability: Static|[of] p2a: Zapdos\n|-damage|p1a: Rillaboom|50\/100 par|[from] item: Life Orb\n|move|p2a: Zapdos|Hurricane|p1a: Rillaboom\n|-supereffective|p1a: Rillaboom\n|-damage|p1a: Rillaboom|0 fnt\n|faint|p1a: Rillaboom\n|\n|-fieldend|move: Grassy Terrain\n|upkeep\n|\n|t:|1643980945\n|switch|p1a: Dragapult|Dragapult, F|100\/100\n|-damage|p1a: Dragapult|88\/100|[from] Stealth Rock\n|turn|8\n|\n|t:|1643980956\n|switch|p2a: Tyranitar|Tyranitar, F|100\/100\n|-weather|Sandstorm|[from] ability: Sand Stream|[of] p2a: Tyranitar\n|move|p1a: Dragapult|Dragon Darts|p2a: Tyranitar\n|-damage|p2a: Tyranitar|75\/100\n|-anim|p1a: Dragapult|Dragon Darts|p2a: Tyranitar\n|-damage|p2a: Tyranitar|52\/100\n|-damage|p1a: Dragapult|78\/100|[from] item: Life Orb\n|\n|-weather|Sandstorm|[upkeep]\n|-damage|p1a: Dragapult|72\/100|[from] Sandstorm\n|upkeep\n|turn|9\n|\n|t:|1643980970\n|move|p1a: Dragapult|Hydro Pump|p2a: Tyranitar\n|-supereffective|p2a: Tyranitar\n|-damage|p2a: Tyranitar|3\/100\n|-damage|p1a: Dragapult|63\/100|[from] item: Life Orb\n|move|p2a: Tyranitar|Stone Edge|p1a: Dragapult\n|-damage|p1a: Dragapult|0 fnt\n|faint|p1a: Dragapult\n|\n|-weather|Sandstorm|[upkeep]\n|upkeep\n|inactive|Makuryu has 120 seconds left.\n|\n|t:|1643981000\n|switch|p1a: Zapdos|Zapdos-Galar|88\/100\n|-damage|p1a: Zapdos|76\/100|[from] Stealth Rock\n|turn|10\n|\n|t:|1643981015\n|move|p1a: Zapdos|Thunderous Kick|p2a: Tyranitar\n|-supereffective|p2a: Tyranitar\n|-damage|p2a: Tyranitar|0 fnt\n|faint|p2a: Tyranitar\n|\n|-weather|Sandstorm|[upkeep]\n|-damage|p1a: Zapdos|69\/100|[from] Sandstorm\n|upkeep\n|\n|t:|1643981021\n|switch|p2a: Garchomp|Garchomp, M|27\/100\n|turn|11\n|\n|t:|1643981028\n|move|p1a: Zapdos|Thunderous Kick|p2a: Garchomp\n|-damage|p2a: Garchomp|0 fnt\n|-damage|p1a: Zapdos|57\/100|[from] ability: Rough Skin|[of] p2a: Garchomp\n|faint|p2a: Garchomp\n|\n|-weather|Sandstorm|[upkeep]\n|-damage|p1a: Zapdos|51\/100|[from] Sandstorm\n|upkeep\n|\n|t:|1643981030\n|switch|p2a: Zapdos|Zapdos|26\/100\n|turn|12\n|\n|t:|1643981037\n|move|p1a: Zapdos|Thunderous Kick|p2a: Zapdos\n|-resisted|p2a: Zapdos\n|-damage|p2a: Zapdos|0 fnt\n|faint|p2a: Zapdos\n|\n|-weather|none\n|upkeep\n|-message|Lolytics1993 forfeited.\n|\n|win|Makuryu\n|raw|Makuryu's rating: 1801 &rarr; <strong>1818<\/strong><br \/>(+17 for winning)\n|raw|Lolytics1993's rating: 1756 &rarr; <strong>1739<\/strong><br \/>(-17 for losing)\n|l|\u2606Makuryu\n|n|\u203dLolytics1993|lolytics1993\n|n|\u203dLolytics1993|lolytics1993\n|n|\u203dLolytics1993|lolytics1993\n|l|\u203dLolytics1993\n","uploadtime":1643981631,"views":32,"p1id":"makuryu","p2id":"lolytics1993","formatid":"gen8ou","rating":1739,"private":0,"password":null}