{"id":"gen8nationaldex-1580749433","p1":"Fastpitchkiller","p2":"DS Wbos molina","format":"gen8nationaldex","log":"|j|\u2606Fastpitchkiller\n|j|\u2606DS Wbos molina\n|t:|1653277587\n|gametype|singles\n|player|p1|Fastpitchkiller|265|\n|player|p2|DS Wbos molina|hugh|\n|teamsize|p1|6\n|teamsize|p2|6\n|gen|8\n|tier|[Gen 8] National Dex\n|rule|HP Percentage Mod: HP is shown in percentages\n|rule|Endless Battle Clause: Forcing endless battles is banned\n|rule|OHKO Clause: OHKO moves are banned\n|rule|Evasion Moves Clause: Evasion moves are banned\n|rule|Species Clause: Limit one of each Pok\u00e9mon\n|rule|Dynamax Clause: You cannot dynamax\n|rule|Sleep Clause Mod: Limit one foe put to sleep\n|clearpoke\n|poke|p1|Greninja, M|\n|poke|p1|Zapdos|\n|poke|p1|Melmetal|\n|poke|p1|Slowbro, M|\n|poke|p1|Tyranitar, M|\n|poke|p1|Kommo-o, F|\n|poke|p2|Lopunny, F|\n|poke|p2|Heatran, M|\n|poke|p2|Kyurem|\n|poke|p2|Corviknight, M|\n|poke|p2|Clefable, F|\n|poke|p2|Greninja, M|\n|teampreview\n|\n|t:|1653277614\n|start\n|switch|p1a: Slowgatell|Slowbro, M|100\/100\n|switch|p2a: Clefable|Clefable, F|100\/100\n|turn|1\n|\n|t:|1653277621\n|move|p2a: Clefable|Stealth Rock|p1a: Slowgatell\n|-sidestart|p1: Fastpitchkiller|move: Stealth Rock\n|move|p1a: Slowgatell|Future Sight|p2a: Clefable\n|-start|p1a: Slowgatell|move: Future Sight\n|\n|upkeep\n|turn|2\n|\n|t:|1653277626\n|move|p2a: Clefable|Knock Off|p1a: Slowgatell\n|-supereffective|p1a: Slowgatell\n|-damage|p1a: Slowgatell|81\/100\n|-enditem|p1a: Slowgatell|Rocky Helmet|[from] move: Knock Off|[of] p2a: Clefable\n|move|p1a: Slowgatell|Teleport|p1a: Slowgatell\n|\n|t:|1653277631\n|switch|p1a: Johnny Bravo|Melmetal|100\/100|[from]move: Teleport\n|-damage|p1a: Johnny Bravo|94\/100|[from] Stealth Rock\n|\n|upkeep\n|turn|3\n|\n|t:|1653277638\n|switch|p2a: Heatran|Heatran, M|100\/100\n|move|p1a: Johnny Bravo|Thunder Wave|p2a: Heatran\n|-status|p2a: Heatran|par\n|\n|-end|p2a: Heatran|move: Future Sight\n|-resisted|p2a: Heatran\n|-damage|p2a: Heatran|79\/100 par\n|upkeep\n|turn|4\n|\n|t:|1653277648\n|switch|p1a: Tyranitar|Tyranitar, M|100\/100\n|-damage|p1a: Tyranitar|88\/100|[from] Stealth Rock\n|-weather|Sandstorm|[from] ability: Sand Stream|[of] p1a: Tyranitar\n|switch|p2a: Corviknight|Corviknight, M|100\/100\n|-ability|p2a: Corviknight|Pressure\n|\n|-weather|Sandstorm|[upkeep]\n|-heal|p1a: Tyranitar|94\/100|[from] item: Leftovers\n|upkeep\n|turn|5\n|\n|t:|1653277660\n|move|p1a: Tyranitar|Stealth Rock|p2a: Corviknight\n|-sidestart|p2: DS Wbos molina|move: Stealth Rock\n|move|p2a: Corviknight|U-turn|p1a: Tyranitar\n|-supereffective|p1a: Tyranitar\n|-damage|p1a: Tyranitar|72\/100\n|\n|t:|1653277663\n|switch|p2a: Lopunny|Lopunny, F|100\/100|[from]move: U-turn\n|-damage|p2a: Lopunny|88\/100|[from] Stealth Rock\n|\n|-weather|Sandstorm|[upkeep]\n|-damage|p2a: Lopunny|82\/100|[from] Sandstorm\n|-heal|p1a: Tyranitar|78\/100|[from] item: Leftovers\n|upkeep\n|turn|6\n|\n|t:|1653277672\n|switch|p1a: Zapdos|Zapdos|100\/100\n|detailschange|p2a: Lopunny|Lopunny-Mega, F\n|-mega|p2a: Lopunny|Lopunny|Lopunnite\n|move|p2a: Lopunny|U-turn|p1a: Zapdos\n|-resisted|p1a: Zapdos\n|-damage|p1a: Zapdos|92\/100\n|\n|t:|1653277675\n|switch|p2a: Kyurem|Kyurem|100\/100|[from]move: U-turn\n|-damage|p2a: Kyurem|76\/100|[from] Stealth Rock\n|-ability|p2a: Kyurem|Pressure\n|\n|-weather|Sandstorm|[upkeep]\n|-damage|p2a: Kyurem|69\/100|[from] Sandstorm\n|-damage|p1a: Zapdos|86\/100|[from] Sandstorm\n|upkeep\n|turn|7\n|\n|t:|1653277692\n|switch|p1a: Slowgatell|Slowbro, M|100\/100\n|-damage|p1a: Slowgatell|88\/100|[from] Stealth Rock\n|move|p2a: Kyurem|Earth Power|p1a: Slowgatell\n|-damage|p1a: Slowgatell|59\/100\n|\n|-weather|Sandstorm|[upkeep]\n|-damage|p2a: Kyurem|63\/100|[from] Sandstorm\n|-damage|p1a: Slowgatell|53\/100|[from] Sandstorm\n|upkeep\n|turn|8\n|\n|t:|1653277702\n|switch|p1a: Zapdos|Zapdos|86\/100\n|move|p2a: Kyurem|Freeze-Dry|p1a: Zapdos\n|-supereffective|p1a: Zapdos\n|-damage|p1a: Zapdos|22\/100\n|\n|-weather|none\n|upkeep\n|turn|9\n|\n|t:|1653277711\n|switch|p1a: Tyranitar|Tyranitar, M|78\/100\n|-damage|p1a: Tyranitar|65\/100|[from] Stealth Rock\n|-weather|Sandstorm|[from] ability: Sand Stream|[of] p1a: Tyranitar\n|move|p2a: Kyurem|Freeze-Dry|p1a: Tyranitar\n|-damage|p1a: Tyranitar|48\/100\n|\n|-weather|Sandstorm|[upkeep]\n|-damage|p2a: Kyurem|57\/100|[from] Sandstorm\n|-heal|p1a: Tyranitar|54\/100|[from] item: Leftovers\n|upkeep\n|turn|10\n|\n|t:|1653277726\n|switch|p2a: Corviknight|Corviknight, M|100\/100\n|-damage|p2a: Corviknight|88\/100|[from] Stealth Rock\n|-ability|p2a: Corviknight|Pressure\n|switch|p1a: Zapdos|Zapdos|22\/100\n|\n|-weather|Sandstorm|[upkeep]\n|-damage|p1a: Zapdos|16\/100|[from] Sandstorm\n|-heal|p2a: Corviknight|94\/100|[from] item: Leftovers\n|upkeep\n|turn|11\n|\n|t:|1653277738\n|move|p1a: Zapdos|Roost|p1a: Zapdos\n|-heal|p1a: Zapdos|66\/100\n|-singleturn|p1a: Zapdos|move: Roost\n|move|p2a: Corviknight|U-turn|p1a: Zapdos\n|-damage|p1a: Zapdos|57\/100\n|\n|t:|1653277741\n|switch|p2a: Greninja|Greninja, M|100\/100|[from]move: U-turn\n|-damage|p2a: Greninja|88\/100|[from] Stealth Rock\n|\n|-weather|Sandstorm|[upkeep]\n|-damage|p2a: Greninja|82\/100|[from] Sandstorm\n|-damage|p1a: Zapdos|51\/100|[from] Sandstorm\n|upkeep\n|turn|12\n|\n|t:|1653277753\n|switch|p1a: Slowgatell|Slowbro, M|87\/100\n|-damage|p1a: Slowgatell|74\/100|[from] Stealth Rock\n|move|p2a: Greninja|Hydro Pump|p1a: Slowgatell\n|-resisted|p1a: Slowgatell\n|-damage|p1a: Slowgatell|40\/100\n|\n|-weather|Sandstorm|[upkeep]\n|-damage|p2a: Greninja|76\/100|[from] Sandstorm\n|-damage|p1a: Slowgatell|33\/100|[from] Sandstorm\n|upkeep\n|turn|13\n|\n|t:|1653277763\n|move|p2a: Greninja|Hydro Pump|p1a: Slowgatell\n|-resisted|p1a: Slowgatell\n|-damage|p1a: Slowgatell|0 fnt\n|faint|p1a: Slowgatell\n|-activate|p2a: Greninja|ability: Battle Bond\n|detailschange|p2a: Greninja|Greninja-Ash, M\n|\n|-weather|none\n|upkeep\n|\n|t:|1653277772\n|switch|p1a: Johnny Bravo|Melmetal|94\/100\n|-damage|p1a: Johnny Bravo|88\/100|[from] Stealth Rock\n|turn|14\n|\n|t:|1653277835\n|move|p2a: Greninja|Hydro Pump|p1a: Johnny Bravo\n|-damage|p1a: Johnny Bravo|0 fnt\n|faint|p1a: Johnny Bravo\n|\n|upkeep\n|\n|t:|1653277841\n|switch|p1a: Kommo-o|Kommo-o, F|100\/100\n|-damage|p1a: Kommo-o|94\/100|[from] Stealth Rock\n|turn|15\n|\n|t:|1653277846\n|switch|p2a: Clefable|Clefable, F|100\/100\n|move|p1a: Kommo-o|Boomburst|p2a: Clefable\n|-damage|p2a: Clefable|64\/100\n|\n|-heal|p2a: Clefable|70\/100|[from] item: Leftovers\n|upkeep\n|turn|16\n|\n|t:|1653277855\n|switch|p1a: Tyranitar|Tyranitar, M|54\/100\n|-damage|p1a: Tyranitar|42\/100|[from] Stealth Rock\n|-weather|Sandstorm|[from] ability: Sand Stream|[of] p1a: Tyranitar\n|move|p2a: Clefable|Soft-Boiled|p2a: Clefable\n|-heal|p2a: Clefable|100\/100\n|\n|-weather|Sandstorm|[upkeep]\n|-heal|p1a: Tyranitar|48\/100|[from] item: Leftovers\n|upkeep\n|turn|17\n|\n|t:|1653277866\n|switch|p2a: Corviknight|Corviknight, M|94\/100\n|-damage|p2a: Corviknight|82\/100|[from] Stealth Rock\n|-ability|p2a: Corviknight|Pressure\n|move|p1a: Tyranitar|Rock Blast|p2a: Corviknight\n|-damage|p2a: Corviknight|73\/100\n|-damage|p2a: Corviknight|66\/100\n|-hitcount|p2a: Corviknight|2\n|\n|-weather|Sandstorm|[upkeep]\n|-heal|p1a: Tyranitar|54\/100|[from] item: Leftovers\n|-heal|p2a: Corviknight|73\/100|[from] item: Leftovers\n|upkeep\n|turn|18\n|\n|t:|1653277879\n|switch|p1a: Greninja|Greninja, M|100\/100\n|-damage|p1a: Greninja|88\/100|[from] Stealth Rock\n|move|p2a: Corviknight|U-turn|p1a: Greninja\n|-supereffective|p1a: Greninja\n|-damage|p1a: Greninja|44\/100\n|\n|t:|1653277882\n|switch|p2a: Lopunny|Lopunny-Mega, F|82\/100|[from]move: U-turn\n|-damage|p2a: Lopunny|77\/100|[from] Stealth Rock\n|\n|-weather|Sandstorm|[upkeep]\n|-damage|p2a: Lopunny|71\/100|[from] Sandstorm\n|-damage|p1a: Greninja|38\/100|[from] Sandstorm\n|upkeep\n|turn|19\n|\n|t:|1653277892\n|switch|p1a: Zapdos|Zapdos|51\/100\n|move|p2a: Lopunny|U-turn|p1a: Zapdos\n|-resisted|p1a: Zapdos\n|-damage|p1a: Zapdos|43\/100\n|\n|t:|1653277896\n|switch|p2a: Greninja|Greninja-Ash, M|76\/100|[from]move: U-turn\n|-damage|p2a: Greninja|64\/100|[from] Stealth Rock\n|\n|-weather|Sandstorm|[upkeep]\n|-damage|p2a: Greninja|58\/100|[from] Sandstorm\n|-damage|p1a: Zapdos|37\/100|[from] Sandstorm\n|upkeep\n|turn|20\n|\n|t:|1653277907\n|switch|p1a: Tyranitar|Tyranitar, M|54\/100\n|-damage|p1a: Tyranitar|42\/100|[from] Stealth Rock\n|move|p2a: Greninja|Dark Pulse|p1a: Tyranitar\n|-resisted|p1a: Tyranitar\n|-damage|p1a: Tyranitar|28\/100\n|\n|-weather|none\n|-heal|p1a: Tyranitar|34\/100|[from] item: Leftovers\n|upkeep\n|turn|21\n|\n|t:|1653277918\n|switch|p2a: Corviknight|Corviknight, M|73\/100\n|-damage|p2a: Corviknight|60\/100|[from] Stealth Rock\n|-ability|p2a: Corviknight|Pressure\n|move|p1a: Tyranitar|Rock Blast|p2a: Corviknight|[miss]\n|-miss|p1a: Tyranitar|p2a: Corviknight\n|\n|-heal|p1a: Tyranitar|41\/100|[from] item: Leftovers\n|-heal|p2a: Corviknight|66\/100|[from] item: Leftovers\n|upkeep\n|turn|22\n|\n|t:|1653277929\n|switch|p1a: Zapdos|Zapdos|37\/100\n|move|p2a: Corviknight|U-turn|p1a: Zapdos\n|-resisted|p1a: Zapdos\n|-damage|p1a: Zapdos|31\/100\n|\n|t:|1653277938\n|switch|p2a: Lopunny|Lopunny-Mega, F|71\/100|[from]move: U-turn\n|-damage|p2a: Lopunny|65\/100|[from] Stealth Rock\n|\n|upkeep\n|turn|23\n|\n|t:|1653277944\n|move|p2a: Lopunny|Return|p1a: Zapdos\n|-damage|p1a: Zapdos|0 fnt\n|faint|p1a: Zapdos\n|\n|upkeep\n|\n|t:|1653277951\n|switch|p1a: Greninja|Greninja, M|38\/100\n|-damage|p1a: Greninja|26\/100|[from] Stealth Rock\n|turn|24\n|\n|t:|1653277955\n|move|p1a: Greninja|Water Shuriken|p2a: Lopunny\n|-damage|p2a: Lopunny|52\/100\n|-damage|p2a: Lopunny|39\/100\n|-hitcount|p2a: Lopunny|2\n|move|p2a: Lopunny|U-turn|p1a: Greninja\n|-supereffective|p1a: Greninja\n|-damage|p1a: Greninja|0 fnt\n|faint|p1a: Greninja\n|\n|t:|1653277959\n|switch|p2a: Greninja|Greninja-Ash, M|58\/100|[from]move: U-turn\n|-damage|p2a: Greninja|46\/100|[from] Stealth Rock\n|\n|upkeep\n|-message|Fastpitchkiller forfeited.\n|\n|win|DS Wbos molina\n|l|\u2606Fastpitchkiller\n","uploadtime":1653277970,"views":8,"p1id":"fastpitchkiller","p2id":"dswbosmolina","formatid":"gen8nationaldex","rating":0,"private":0,"password":null}