{"id":"gen8ubers-1491977047","p1":"Trognon","p2":"Ivyon","format":"gen8ubers","log":"|j|\u2606Trognon\n|j|\u2606Ivyon\n|t:|1642252470\n|gametype|singles\n|player|p1|Trognon|lucian|1416\n|player|p2|Ivyon|blue|1432\n|teamsize|p1|6\n|teamsize|p2|6\n|gen|8\n|tier|[Gen 8] Ubers\n|rated|\n|rule|Sleep Clause Mod: Limit one foe put to sleep\n|rule|Species Clause: Limit one of each Pok\u00e9mon\n|rule|OHKO Clause: OHKO moves are banned\n|rule|Evasion Moves Clause: Evasion moves are banned\n|rule|Endless Battle Clause: Forcing endless battles is banned\n|rule|HP Percentage Mod: HP is shown in percentages\n|rule|Dynamax Clause: You cannot dynamax\n|clearpoke\n|poke|p1|Swirlix, M|\n|poke|p1|Kyogre|\n|poke|p1|Xerneas-*|\n|poke|p1|Dracovish|\n|poke|p1|Yveltal|\n|poke|p1|Eternatus|\n|poke|p2|Sharpedo, F|\n|poke|p2|Dragonite, M|\n|poke|p2|Blaziken, M|\n|poke|p2|Cloyster, M|\n|poke|p2|Espeon, F|\n|poke|p2|Mimikyu, M|\n|teampreview\n|j| IoSonoNeon\n|inactive|Battle timer is ON: inactive players will automatically lose when time's up. (requested by Ivyon)\n|c|\u2606Trognon|hf\n|\n|t:|1642252548\n|start\n|switch|p1a: Swirlix|Swirlix, M|100\/100\n|switch|p2a: Sharpedo|Sharpedo, F|100\/100\n|turn|1\n|c|\u2606Ivyon|thanks u too\n|\n|t:|1642252561\n|move|p2a: Sharpedo|Taunt|p1a: Swirlix\n|-start|p1a: Swirlix|move: Taunt\n|cant|p1a: Swirlix|move: Taunt|Yawn\n|\n|-ability|p2a: Sharpedo|Speed Boost|boost\n|-boost|p2a: Sharpedo|spe|1\n|upkeep\n|turn|2\n|\n|t:|1642252567\n|switch|p2a: Mimikyu|Mimikyu, M, shiny|100\/100\n|move|p1a: Swirlix|Misty Explosion|p2a: Mimikyu\n|-activate|p2a: Mimikyu|ability: Disguise\n|-damage|p2a: Mimikyu|100\/100\n|detailschange|p2a: Mimikyu|Mimikyu-Busted, M, shiny\n|-damage|p2a: Mimikyu|88\/100|[from] pokemon: Mimikyu-Busted\n|faint|p1a: Swirlix\n|\n|upkeep\n|\n|t:|1642252580\n|switch|p1a: Dracovish|Dracovish|100\/100\n|turn|3\n|\n|t:|1642252586\n|move|p1a: Dracovish|Fishious Rend|p2a: Mimikyu\n|-damage|p2a: Mimikyu|0 fnt\n|faint|p2a: Mimikyu\n|\n|upkeep\n|\n|t:|1642252591\n|switch|p2a: Cloyster|Cloyster, M|100\/100\n|turn|4\n|\n|t:|1642252598\n|switch|p1a: Kyogre|Kyogre|100\/100\n|-weather|RainDance|[from] ability: Drizzle|[of] p1a: Kyogre\n|move|p2a: Cloyster|Shell Smash|p2a: Cloyster\n|-unboost|p2a: Cloyster|def|1\n|-unboost|p2a: Cloyster|spd|1\n|-boost|p2a: Cloyster|atk|2\n|-boost|p2a: Cloyster|spa|2\n|-boost|p2a: Cloyster|spe|2\n|\n|-weather|RainDance|[upkeep]\n|upkeep\n|turn|5\n|l|\u2606Ivyon\n|inactive|Ivyon disconnected and has a minute to reconnect!\n|player|p2|\n|j|\u2606Ivyon\n|inactive|Ivyon reconnected and has 115 seconds left.\n|player|p2|Ivyon|blue\n|\n|t:|1642252653\n|move|p2a: Cloyster|Liquidation|p1a: Kyogre\n|-resisted|p1a: Kyogre\n|-damage|p1a: Kyogre|38\/100\n|-unboost|p1a: Kyogre|def|1\n|move|p1a: Kyogre|Thunder|p2a: Cloyster\n|-supereffective|p2a: Cloyster\n|-enditem|p2a: Cloyster|Focus Sash\n|-damage|p2a: Cloyster|1\/100\n|\n|-weather|RainDance|[upkeep]\n|upkeep\n|turn|6\n|\n|t:|1642252668\n|move|p2a: Cloyster|Liquidation|p1a: Kyogre\n|-resisted|p1a: Kyogre\n|-damage|p1a: Kyogre|0 fnt\n|faint|p1a: Kyogre\n|\n|-weather|RainDance|[upkeep]\n|upkeep\n|\n|t:|1642252674\n|switch|p1a: Yveltal|Yveltal|100\/100\n|-ability|p1a: Yveltal|Dark Aura\n|turn|7\n|\n|t:|1642252677\n|move|p1a: Yveltal|Sucker Punch||[still]\n|-fail|p1a: Yveltal\n|move|p2a: Cloyster|Shell Smash|p2a: Cloyster\n|-unboost|p2a: Cloyster|def|1\n|-unboost|p2a: Cloyster|spd|1\n|-boost|p2a: Cloyster|atk|2\n|-boost|p2a: Cloyster|spa|2\n|-boost|p2a: Cloyster|spe|2\n|\n|-weather|RainDance|[upkeep]\n|upkeep\n|turn|8\n|inactive|Ivyon has 120 seconds left.\n|\n|t:|1642252685\n|move|p2a: Cloyster|Icicle Spear|p1a: Yveltal\n|-supereffective|p1a: Yveltal\n|-damage|p1a: Yveltal|42\/100\n|-supereffective|p1a: Yveltal\n|-damage|p1a: Yveltal|0 fnt\n|faint|p1a: Yveltal\n|-hitcount|p1: Yveltal|2\n|\n|-weather|none\n|upkeep\n|c|\u2606Trognon|bruh\n|c|\u2606Trognon|gg\n|c|\u2606Ivyon|gg\n|-message|Trognon forfeited.\n|\n|win|Ivyon\n|raw|Trognon's rating: 1416 &rarr; <strong>1397<\/strong><br \/>(-19 for losing)\n|raw|Ivyon's rating: 1432 &rarr; <strong>1451<\/strong><br \/>(+19 for winning)\n|l|\u2606Trognon\n","uploadtime":1642252722,"views":13,"p1id":"trognon","p2id":"ivyon","formatid":"gen8ubers","rating":1397,"private":0,"password":null}