{"id":"gen8bdspru-1512360511","p1":"kookabura7","p2":"Ill Leave","format":"gen8bdspru","log":"|j|\u2606kookabura7\n|j|\u2606Ill Leave\n|t:|1645033719\n|gametype|singles\n|player|p1|kookabura7|grimsley|1294\n|player|p2|Ill Leave|janine|1412\n|teamsize|p1|6\n|teamsize|p2|6\n|gen|8\n|tier|[Gen 8 BDSP] RU\n|rated|\n|rule|Sleep Clause Mod: Limit one foe put to sleep\n|rule|Species Clause: Limit one of each Pok\u00e9mon\n|rule|OHKO Clause: OHKO moves are banned\n|rule|Evasion Moves Clause: Evasion moves are banned\n|rule|Endless Battle Clause: Forcing endless battles is banned\n|rule|HP Percentage Mod: HP is shown in percentages\n|clearpoke\n|poke|p1|Moltres|\n|poke|p1|Torterra, F|\n|poke|p1|Sharpedo, F|\n|poke|p1|Jolteon, F|\n|poke|p1|Swellow, M|\n|poke|p1|Nidoqueen, F|\n|poke|p2|Aerodactyl, F|\n|poke|p2|Nidoqueen, F|\n|poke|p2|Hariyama, F|\n|poke|p2|Mawile, F|\n|poke|p2|Rotom|\n|poke|p2|Mesprit|\n|teampreview\n|\n|t:|1645033730\n|start\n|switch|p1a: Torterra|Torterra, F|100\/100\n|switch|p2a: Nidoqueen|Nidoqueen, F|100\/100\n|turn|1\n|\n|t:|1645033747\n|switch|p2a: Mesprit|Mesprit|100\/100\n|switch|p1a: Moltres|Moltres|100\/100\n|\n|upkeep\n|turn|2\n|\n|t:|1645033753\n|switch|p1a: Sharpedo|Sharpedo, F|100\/100\n|move|p2a: Mesprit|Thunderbolt|p1a: Sharpedo\n|-supereffective|p1a: Sharpedo\n|-damage|p1a: Sharpedo|0 fnt\n|faint|p1a: Sharpedo\n|\n|upkeep\n|\n|t:|1645033757\n|switch|p1a: Torterra|Torterra, F|100\/100\n|turn|3\n|\n|t:|1645033760\n|move|p2a: Mesprit|Ice Beam|p1a: Torterra\n|-supereffective|p1a: Torterra\n|-damage|p1a: Torterra|0 fnt\n|faint|p1a: Torterra\n|\n|upkeep\n|\n|t:|1645033768\n|switch|p1a: Swellow|Swellow, M|100\/100\n|turn|4\n|j| ppsmolthanks\n|j| dfligjfg\n|l| dfligjfg\n|inactive|Battle timer is ON: inactive players will automatically lose when time's up. (requested by kookabura7)\n|inactive|Ill Leave has 120 seconds left.\n|inactive|Ill Leave has 90 seconds left.\n|\n|t:|1645033857\n|move|p1a: Swellow|U-turn|p2a: Mesprit\n|-supereffective|p2a: Mesprit\n|-damage|p2a: Mesprit|59\/100\n|\n|t:|1645033863\n|switch|p1a: Moltres|Moltres|100\/100|[from]move: U-turn\n|move|p2a: Mesprit|Thunderbolt|p1a: Moltres\n|-supereffective|p1a: Moltres\n|-damage|p1a: Moltres|54\/100\n|-status|p1a: Moltres|par\n|\n|-heal|p1a: Moltres|60\/100 par|[from] item: Leftovers\n|upkeep\n|turn|5\n|inactive|Ill Leave has 120 seconds left.\n|\n|t:|1645033906\n|move|p2a: Mesprit|Thunderbolt|p1a: Moltres\n|-supereffective|p1a: Moltres\n|-damage|p1a: Moltres|14\/100 par\n|move|p1a: Moltres|Flamethrower|p2a: Mesprit\n|-damage|p2a: Mesprit|18\/100\n|\n|-heal|p1a: Moltres|21\/100 par|[from] item: Leftovers\n|upkeep\n|turn|6\n|l| ppsmolthanks\n|inactive|kookabura7 has 120 seconds left.\n|\n|t:|1645033947\n|switch|p1a: Nidoqueen|Nidoqueen, F|100\/100\n|move|p2a: Mesprit|Ice Beam|p1a: Nidoqueen\n|-supereffective|p1a: Nidoqueen\n|-damage|p1a: Nidoqueen|18\/100\n|\n|upkeep\n|turn|7\n|\n|t:|1645033955\n|move|p2a: Mesprit|Ice Beam|p1a: Nidoqueen\n|-supereffective|p1a: Nidoqueen\n|-damage|p1a: Nidoqueen|0 fnt\n|faint|p1a: Nidoqueen\n|\n|upkeep\n|\n|t:|1645033956\n|switch|p1a: Swellow|Swellow, M|100\/100\n|turn|8\n|inactive|Ill Leave has 120 seconds left.\n|\n|t:|1645033976\n|switch|p2a: Mawile|Mawile, F|100\/100\n|-ability|p2a: Mawile|Intimidate|boost\n|-unboost|p1a: Swellow|atk|1\n|move|p1a: Swellow|Brave Bird|p2a: Mawile\n|-resisted|p2a: Mawile\n|-damage|p2a: Mawile|83\/100\n|-damage|p1a: Swellow|94\/100|[from] Recoil\n|\n|-heal|p2a: Mawile|90\/100|[from] item: Leftovers\n|-status|p1a: Swellow|brn|[from] item: Flame Orb\n|upkeep\n|turn|9\n|\n|t:|1645033986\n|move|p1a: Swellow|U-turn|p2a: Mawile\n|-resisted|p2a: Mawile\n|-damage|p2a: Mawile|85\/100\n|\n|t:|1645033989\n|switch|p1a: Moltres|Moltres|21\/100 par|[from]move: U-turn\n|move|p2a: Mawile|Play Rough|p1a: Moltres\n|-resisted|p1a: Moltres\n|-damage|p1a: Moltres|4\/100 par\n|\n|-heal|p2a: Mawile|92\/100|[from] item: Leftovers\n|-heal|p1a: Moltres|10\/100 par|[from] item: Leftovers\n|upkeep\n|turn|10\n|\n|t:|1645033992\n|move|p2a: Mawile|Iron Head|p1a: Moltres\n|-resisted|p1a: Moltres\n|-damage|p1a: Moltres|0 fnt\n|faint|p1a: Moltres\n|\n|-heal|p2a: Mawile|98\/100|[from] item: Leftovers\n|upkeep\n|\n|t:|1645033995\n|switch|p1a: Jolteon|Jolteon, F|100\/100\n|turn|11\n|\n|t:|1645033999\n|switch|p2a: Mesprit|Mesprit|18\/100\n|move|p1a: Jolteon|Thunderbolt|p2a: Mesprit\n|-damage|p2a: Mesprit|0 fnt\n|faint|p2a: Mesprit\n|\n|upkeep\n|\n|t:|1645034005\n|switch|p2a: Nidoqueen|Nidoqueen, F|100\/100\n|turn|12\n|\n|t:|1645034011\n|switch|p1a: Swellow|Swellow, M|94\/100 brn\n|move|p2a: Nidoqueen|Sludge Wave|p1a: Swellow\n|-damage|p1a: Swellow|0 fnt\n|faint|p1a: Swellow\n|\n|upkeep\n|\n|t:|1645034014\n|switch|p1a: Jolteon|Jolteon, F|100\/100\n|turn|13\n|\n|t:|1645034017\n|move|p1a: Jolteon|Shadow Ball|p2a: Nidoqueen\n|-damage|p2a: Nidoqueen|62\/100\n|-unboost|p2a: Nidoqueen|spd|1\n|move|p2a: Nidoqueen|Earth Power|p1a: Jolteon\n|-supereffective|p1a: Jolteon\n|-damage|p1a: Jolteon|0 fnt\n|faint|p1a: Jolteon\n|\n|win|Ill Leave\n|raw|kookabura7's rating: 1294 &rarr; <strong>1277<\/strong><br \/>(-17 for losing)\n|raw|Ill Leave's rating: 1412 &rarr; <strong>1425<\/strong><br \/>(+13 for winning)\n|l|\u2606kookabura7\n||Ladder isn't responding, score probably updated but might not have (Request timeout).\n|j| BreathOfFreshErr\n","uploadtime":1645035406,"views":101,"p1id":"kookabura7","p2id":"illleave","formatid":"gen8bdspru","rating":1277,"private":0,"password":null}