{"id":"gen8ou-1672532222","p1":"LT94JE Allistair","p2":"Thruxy","format":"gen8ou","log":"|j|\u2606LT94JE Allistair\n|j|\u2606Thruxy\n|t:|1664378731\n|gametype|singles\n|player|p1|LT94JE Allistair|101|1725\n|player|p2|Thruxy|smasher|1723\n|teamsize|p1|6\n|teamsize|p2|6\n|gen|8\n|tier|[Gen 8] OU\n|rated|\n|rule|Sleep Clause Mod: Limit one foe put to sleep\n|rule|Species Clause: Limit one of each Pok\u00e9mon\n|rule|OHKO Clause: OHKO moves are banned\n|rule|Evasion Items Clause: Evasion items are banned\n|rule|Evasion Moves Clause: Evasion moves are banned\n|rule|Endless Battle Clause: Forcing endless battles is banned\n|rule|HP Percentage Mod: HP is shown in percentages\n|rule|Dynamax Clause: You cannot dynamax\n|clearpoke\n|poke|p1|Mew|\n|poke|p1|Slurpuff, M|\n|poke|p1|Jirachi|\n|poke|p1|Vanilluxe, F|\n|poke|p1|Weavile, F|\n|poke|p1|Decidueye, F|\n|poke|p2|Dragonite, F|\n|poke|p2|Clefable, F|\n|poke|p2|Machamp, M|\n|poke|p2|Alakazam, M|\n|poke|p2|Nidoking, M|\n|poke|p2|Arcanine, F|\n|teampreview\n|inactive|Battle timer is ON: inactive players will automatically lose when time's up. (requested by Thruxy)\n|\n|t:|1664378735\n|start\n|switch|p1a: Slurpuff|Slurpuff, M|100\/100\n|switch|p2a: Arcanine|Arcanine, F|100\/100\n|-ability|p2a: Arcanine|Intimidate|boost\n|-unboost|p1a: Slurpuff|atk|1\n|turn|1\n|c|\u2606LT94JE Allistair|gen 1\n|c|\u2606LT94JE Allistair|nice\n|\n|t:|1664378752\n|move|p2a: Arcanine|Flare Blitz|p1a: Slurpuff\n|-damage|p1a: Slurpuff|34\/100\n|-damage|p2a: Arcanine|82\/100|[from] Recoil\n|-damage|p2a: Arcanine|72\/100|[from] item: Life Orb\n|move|p1a: Slurpuff|Sticky Web|p2a: Arcanine\n|-sidestart|p2: Thruxy|move: Sticky Web\n|\n|upkeep\n|turn|2\n|j| DDVDD\n|\n|t:|1664378755\n|move|p2a: Arcanine|Flare Blitz|p1a: Slurpuff\n|-damage|p1a: Slurpuff|0 fnt\n|faint|p1a: Slurpuff\n|-damage|p2a: Arcanine|62\/100|[from] Recoil\n|-damage|p2a: Arcanine|53\/100|[from] item: Life Orb\n|\n|upkeep\n|\n|t:|1664378763\n|switch|p1a: Weavile|Weavile, F|100\/100\n|-ability|p1a: Weavile|Pressure\n|turn|3\n|c|\u2606Thruxy|Tyty\n|c|\u2606Thruxy|sorry hard to type on phone\n|\n|t:|1664378771\n|move|p2a: Arcanine|Extreme Speed|p1a: Weavile\n|-damage|p1a: Weavile|47\/100\n|-damage|p2a: Arcanine|43\/100|[from] item: Life Orb\n|move|p1a: Weavile|Knock Off|p2a: Arcanine\n|-damage|p2a: Arcanine|0 fnt\n|-enditem|p2a: Arcanine|Life Orb|[from] move: Knock Off|[of] p1a: Weavile\n|faint|p2a: Arcanine\n|\n|upkeep\n|\n|t:|1664378776\n|switch|p2a: Machamp|Machamp, M|100\/100\n|-activate|p2a: Machamp|move: Sticky Web\n|-unboost|p2a: Machamp|spe|1\n|turn|4\n|c|\u2606LT94JE Allistair|haha oaky\n|c|\u2606LT94JE Allistair|okay\n|\n|t:|1664378789\n|move|p2a: Machamp|Bullet Punch|p1a: Weavile\n|-supereffective|p1a: Weavile\n|-damage|p1a: Weavile|0 fnt\n|faint|p1a: Weavile\n|\n|upkeep\n|\n|t:|1664378794\n|switch|p1a: Mew|Mew|100\/100\n|turn|5\n|\n|t:|1664378798\n|move|p1a: Mew|Cosmic Power|p1a: Mew\n|-boost|p1a: Mew|def|1\n|-boost|p1a: Mew|spd|1\n|move|p2a: Machamp|Dynamic Punch|p1a: Mew\n|-resisted|p1a: Mew\n|-damage|p1a: Mew|84\/100\n|-start|p1a: Mew|confusion\n|\n|upkeep\n|turn|6\n|\n|t:|1664378806\n|-activate|p1a: Mew|confusion\n|move|p1a: Mew|Cosmic Power|p1a: Mew\n|-boost|p1a: Mew|def|1\n|-boost|p1a: Mew|spd|1\n|move|p2a: Machamp|Knock Off|p1a: Mew\n|-supereffective|p1a: Mew\n|-damage|p1a: Mew|53\/100\n|-enditem|p1a: Mew|Weakness Policy\n|-boost|p1a: Mew|atk|2|[from] item: Weakness Policy\n|-boost|p1a: Mew|spa|2|[from] item: Weakness Policy\n|\n|upkeep\n|turn|7\n|\n|t:|1664378812\n|switch|p2a: Clefable|Clefable, F|100\/100\n|-activate|p2a: Clefable|move: Sticky Web\n|-unboost|p2a: Clefable|spe|1\n|-activate|p1a: Mew|confusion\n|move|p1a: Mew|Roost|p1a: Mew\n|-heal|p1a: Mew|100\/100\n|-singleturn|p1a: Mew|move: Roost\n|\n|upkeep\n|turn|8\n|\n|t:|1664378814\n|-end|p1a: Mew|confusion\n|move|p1a: Mew|Taunt|p2a: Clefable\n|-start|p2a: Clefable|move: Taunt\n|cant|p2a: Clefable|move: Taunt|Calm Mind\n|\n|upkeep\n|turn|9\n|\n|t:|1664378817\n|move|p1a: Mew|Stored Power|p2a: Clefable\n|-damage|p2a: Clefable|44\/100\n|move|p2a: Clefable|Moonblast|p1a: Mew\n|-damage|p1a: Mew|73\/100\n|\n|-heal|p2a: Clefable|50\/100|[from] item: Leftovers\n|upkeep\n|turn|10\n|\n|t:|1664378820\n|move|p1a: Mew|Stored Power|p2a: Clefable\n|-damage|p2a: Clefable|0 fnt\n|faint|p2a: Clefable\n|\n|upkeep\n|j| Jongruenwald\n|\n|t:|1664378826\n|switch|p2a: Dragonite|Dragonite, F|100\/100\n|turn|11\n|\n|t:|1664378831\n|move|p1a: Mew|Taunt|p2a: Dragonite\n|-start|p2a: Dragonite|move: Taunt\n|move|p2a: Dragonite|Ice Punch|p1a: Mew\n|-damage|p1a: Mew|62\/100\n|-status|p1a: Mew|frz\n|\n|upkeep\n|turn|12\n|\n|t:|1664378837\n|switch|p2a: Alakazam|Alakazam, M|100\/100\n|-activate|p2a: Alakazam|move: Sticky Web\n|-unboost|p2a: Alakazam|spe|1\n|cant|p1a: Mew|frz\n|\n|upkeep\n|turn|13\n|\n|t:|1664378839\n|cant|p1a: Mew|frz\n|move|p2a: Alakazam|Nasty Plot|p2a: Alakazam\n|-boost|p2a: Alakazam|spa|2\n|\n|upkeep\n|turn|14\n|\n|t:|1664378841\n|cant|p1a: Mew|frz\n|move|p2a: Alakazam|Nasty Plot|p2a: Alakazam\n|-boost|p2a: Alakazam|spa|2\n|\n|upkeep\n|turn|15\n|\n|t:|1664378843\n|cant|p1a: Mew|frz\n|move|p2a: Alakazam|Shadow Ball|p1a: Mew\n|-supereffective|p1a: Mew\n|-damage|p1a: Mew|0 fnt\n|faint|p1a: Mew\n|\n|upkeep\n|\n|t:|1664378857\n|switch|p1a: Vanilluxe|Vanilluxe, F|100\/100\n|-weather|Hail|[from] ability: Snow Warning|[of] p1a: Vanilluxe\n|turn|16\n|j| ggnhax\n|\n|t:|1664378864\n|move|p1a: Vanilluxe|Aurora Veil|p1a: Vanilluxe\n|-sidestart|p1: LT94JE Allistair|move: Aurora Veil\n|move|p2a: Alakazam|Psyshock|p1a: Vanilluxe\n|-damage|p1a: Vanilluxe|17\/100\n|\n|-weather|Hail|[upkeep]\n|upkeep\n|turn|17\n|\n|t:|1664378868\n|move|p1a: Vanilluxe|Explosion|p2a: Alakazam\n|-enditem|p2a: Alakazam|Focus Sash\n|-damage|p2a: Alakazam|1\/100\n|faint|p1a: Vanilluxe\n|move|p2a: Alakazam|Psyshock|p1: Vanilluxe|[notarget]\n|-fail|p2a: Alakazam\n|\n|-weather|Hail|[upkeep]\n|upkeep\n|\n|t:|1664378871\n|switch|p1a: Decidueye|Decidueye, F|100\/100\n|turn|18\n|\n|t:|1664378874\n|move|p1a: Decidueye|Shadow Sneak|p2a: Alakazam\n|-supereffective|p2a: Alakazam\n|-crit|p2a: Alakazam\n|-damage|p2a: Alakazam|0 fnt\n|faint|p2a: Alakazam\n|-damage|p1a: Decidueye|91\/100|[from] item: Life Orb\n|\n|-weather|Hail|[upkeep]\n|-damage|p1a: Decidueye|85\/100|[from] Hail\n|upkeep\n|\n|t:|1664378880\n|switch|p2a: Machamp|Machamp, M|100\/100\n|-activate|p2a: Machamp|move: Sticky Web\n|-unboost|p2a: Machamp|spe|1\n|turn|19\n|\n|t:|1664378887\n|move|p1a: Decidueye|Poltergeist|p2a: Machamp\n|-activate|p2a: Machamp|move: Poltergeist|Assault Vest\n|-damage|p2a: Machamp|28\/100\n|-damage|p1a: Decidueye|75\/100|[from] item: Life Orb\n|move|p2a: Machamp|Knock Off|p1a: Decidueye\n|-supereffective|p1a: Decidueye\n|-damage|p1a: Decidueye|22\/100\n|-enditem|p1a: Decidueye|Life Orb|[from] move: Knock Off|[of] p2a: Machamp\n|\n|-weather|Hail|[upkeep]\n|-damage|p1a: Decidueye|16\/100|[from] Hail\n|-damage|p2a: Machamp|22\/100|[from] Hail\n|upkeep\n|turn|20\n|\n|t:|1664378896\n|move|p2a: Machamp|Bullet Punch|p1a: Decidueye\n|-damage|p1a: Decidueye|4\/100\n|move|p1a: Decidueye|Swords Dance|p1a: Decidueye\n|-boost|p1a: Decidueye|atk|2\n|\n|-weather|none\n|upkeep\n|turn|21\n|\n|t:|1664378901\n|move|p1a: Decidueye|Shadow Sneak|p2a: Machamp\n|-damage|p2a: Machamp|0 fnt\n|faint|p2a: Machamp\n|\n|upkeep\n|\n|t:|1664378906\n|switch|p2a: Dragonite|Dragonite, F|100\/100\n|turn|22\n|\n|t:|1664378910\n|move|p2a: Dragonite|Earthquake|p1a: Decidueye\n|-resisted|p1a: Decidueye\n|-crit|p1a: Decidueye\n|-damage|p1a: Decidueye|0 fnt\n|faint|p1a: Decidueye\n|\n|upkeep\n|\n|t:|1664378912\n|switch|p1a: Jirachi|Jirachi|100\/100\n|turn|23\n|\n|t:|1664378920\n|move|p1a: Jirachi|Cosmic Power|p1a: Jirachi\n|-boost|p1a: Jirachi|def|1\n|-boost|p1a: Jirachi|spd|1\n|move|p2a: Dragonite|Dragon Dance|p2a: Dragonite\n|-boost|p2a: Dragonite|atk|1\n|-boost|p2a: Dragonite|spe|1\n|\n|-sideend|p1: LT94JE Allistair|move: Aurora Veil\n|upkeep\n|turn|24\n|\n|t:|1664378924\n|move|p2a: Dragonite|Earthquake|p1a: Jirachi\n|-supereffective|p1a: Jirachi\n|-damage|p1a: Jirachi|37\/100\n|-enditem|p1a: Jirachi|Weakness Policy\n|-boost|p1a: Jirachi|atk|2|[from] item: Weakness Policy\n|-boost|p1a: Jirachi|spa|2|[from] item: Weakness Policy\n|move|p1a: Jirachi|Stored Power|p2a: Dragonite\n|-damage|p2a: Dragonite|40\/100\n|\n|-heal|p2a: Dragonite|46\/100|[from] item: Leftovers\n|upkeep\n|turn|25\n|\n|t:|1664378927\n|move|p2a: Dragonite|Earthquake|p1a: Jirachi\n|-supereffective|p1a: Jirachi\n|-damage|p1a: Jirachi|0 fnt\n|faint|p1a: Jirachi\n|\n|win|Thruxy\n|raw|LT94JE Allistair's rating: 1742 &rarr; <strong>1721<\/strong><br \/>(-21 for losing)\n|raw|Thruxy's rating: 1723 &rarr; <strong>1744<\/strong><br \/>(+21 for winning)\n|c|\u2606LT94JE Allistair|damn\n|c|\u2606Thruxy|Gg\n|l|\u2606LT94JE Allistair\n|l| Jongruenwald\n","uploadtime":1664378947,"views":17,"p1id":"lt94jeallistair","p2id":"thruxy","formatid":"gen8ou","rating":1721,"private":0,"password":null}