{"id":"gen8ou-1564858759","p1":"Lost Thoughts","p2":"HOF69","format":"gen8ou","log":"|j|\u2606Lost Thoughts\n|j|\u2606HOF69\n|t:|1651349182\n|gametype|singles\n|player|p1|Lost Thoughts|lorelei-lgpe|1716\n|player|p2|HOF69|red|1829\n|teamsize|p1|6\n|teamsize|p2|6\n|gen|8\n|tier|[Gen 8] OU\n|rated|\n|rule|Sleep Clause Mod: Limit one foe put to sleep\n|rule|Species Clause: Limit one of each Pok\u00e9mon\n|rule|OHKO Clause: OHKO moves are banned\n|rule|Evasion Moves Clause: Evasion moves are banned\n|rule|Endless Battle Clause: Forcing endless battles is banned\n|rule|HP Percentage Mod: HP is shown in percentages\n|rule|Dynamax Clause: You cannot dynamax\n|clearpoke\n|poke|p1|Kartana|\n|poke|p1|Dragapult, M|\n|poke|p1|Slowbro-Galar, F|\n|poke|p1|Registeel|\n|poke|p1|Zoroark, M|\n|poke|p1|Garchomp, F|\n|poke|p2|Blacephalon|\n|poke|p2|Gengar, M|\n|poke|p2|Kartana|\n|poke|p2|Tapu Lele|\n|poke|p2|Krookodile, M|\n|poke|p2|Landorus-Therian, M|\n|teampreview\n|inactive|Battle timer is ON: inactive players will automatically lose when time's up. (requested by Lost Thoughts)\n|\n|t:|1651349207\n|start\n|switch|p1a: Zero|Dragapult, M, shiny|100\/100\n|switch|p2a: Krookodile|Krookodile, M|100\/100\n|-ability|p2a: Krookodile|Intimidate|boost\n|-unboost|p1a: Zero|atk|1\n|turn|1\n|\n|t:|1651349213\n|move|p1a: Zero|Trick|p2a: Krookodile\n|-activate|p1a: Zero|move: Trick|[of] p2a: Krookodile\n|-item|p2a: Krookodile|Choice Scarf|[from] move: Trick\n|-item|p1a: Zero|Focus Sash|[from] move: Trick\n|move|p2a: Krookodile|Stealth Rock|p1a: Zero\n|-sidestart|p1: Lost Thoughts|move: Stealth Rock\n|\n|upkeep\n|turn|2\n|j| ppev\n|\n|t:|1651349237\n|switch|p2a: Tapu Lele|Tapu Lele|100\/100\n|-fieldstart|move: Psychic Terrain|[from] ability: Psychic Surge|[of] p2a: Tapu Lele\n|move|p1a: Zero|Knock Off|p2a: Tapu Lele\n|-damage|p2a: Tapu Lele|54\/100\n|-enditem|p2a: Tapu Lele|Twisted Spoon|[from] move: Knock Off|[of] p1a: Zero\n|\n|upkeep\n|turn|3\n|\n|t:|1651349266\n|move|p1a: Zero|Memento|p2a: Tapu Lele\n|-unboost|p2a: Tapu Lele|atk|2\n|-unboost|p2a: Tapu Lele|spa|2\n|faint|p1a: Zero\n|move|p2a: Tapu Lele|Moonblast|p1: Lelouch|[notarget]\n|-fail|p2a: Tapu Lele\n|\n|upkeep\n|\n|t:|1651349272\n|switch|p1a: Zero|Dragapult, M, shiny|100\/100\n|-damage|p1a: Zero|88\/100|[from] Stealth Rock\n|turn|4\n|\n|t:|1651349279\n|move|p1a: Zero|Reflect|p1a: Zero\n|-sidestart|p1: Lost Thoughts|Reflect\n|move|p2a: Tapu Lele|Moonblast|p1a: Zero\n|-supereffective|p1a: Zero\n|-damage|p1a: Zero|22\/100\n|\n|upkeep\n|turn|5\n|\n|t:|1651349283\n|move|p1a: Zero|Light Screen|p1a: Zero\n|-sidestart|p1: Lost Thoughts|move: Light Screen\n|move|p2a: Tapu Lele|Moonblast|p1a: Zero\n|-supereffective|p1a: Zero\n|-damage|p1a: Zero|0 fnt\n|faint|p1a: Zero\n|\n|upkeep\n|\n|t:|1651349293\n|switch|p1a: C.C.|Slowbro-Galar, F|100\/100\n|-damage|p1a: C.C.|88\/100|[from] Stealth Rock\n|turn|6\n|\n|t:|1651349295\n|move|p2a: Tapu Lele|Taunt|p1a: C.C.\n|-start|p1a: C.C.|move: Taunt\n|cant|p1a: C.C.|move: Taunt|Belly Drum\n|\n|-fieldend|move: Psychic Terrain\n|upkeep\n|turn|7\n|\n|t:|1651349299\n|switch|p1a: Suzaku|Kartana, shiny|100\/100\n|-damage|p1a: Suzaku|94\/100|[from] Stealth Rock\n|move|p2a: Tapu Lele|Psyshock|p1a: Suzaku\n|-resisted|p1a: Suzaku\n|-damage|p1a: Suzaku|89\/100\n|\n|upkeep\n|turn|8\n|\n|t:|1651349302\n|move|p1a: Suzaku|Swords Dance|p1a: Suzaku\n|-boost|p1a: Suzaku|atk|2\n|move|p2a: Tapu Lele|Focus Blast|p1a: Suzaku\n|-supereffective|p1a: Suzaku\n|-damage|p1a: Suzaku|48\/100\n|\n|upkeep\n|turn|9\n|\n|t:|1651349306\n|move|p1a: Suzaku|Knock Off|p2a: Tapu Lele\n|-damage|p2a: Tapu Lele|0 fnt\n|faint|p2a: Tapu Lele\n|-ability|p1a: Suzaku|Beast Boost|boost\n|-boost|p1a: Suzaku|spe|1\n|-damage|p1a: Suzaku|38\/100|[from] item: Life Orb\n|\n|upkeep\n|\n|t:|1651349311\n|switch|p2a: Gengar|Gengar, M, shiny|100\/100\n|turn|10\n|\n|t:|1651349314\n|move|p1a: Suzaku|Knock Off|p2a: Gengar\n|-supereffective|p2a: Gengar\n|-enditem|p2a: Gengar|Focus Sash\n|-damage|p2a: Gengar|1\/100\n|-damage|p1a: Suzaku|28\/100|[from] item: Life Orb\n|move|p2a: Gengar|Shadow Ball|p1a: Suzaku\n|-damage|p1a: Suzaku|0 fnt\n|faint|p1a: Suzaku\n|\n|upkeep\n|l| ppev\n|\n|t:|1651349319\n|switch|p1a: Nunnally|Garchomp, F|100\/100\n|-damage|p1a: Nunnally|94\/100|[from] Stealth Rock\n|turn|11\n|\n|t:|1651349324\n|move|p2a: Gengar|Taunt|p1a: Nunnally\n|-start|p1a: Nunnally|move: Taunt\n|cant|p1a: Nunnally|move: Taunt|Swords Dance\n|\n|-sideend|p1: Lost Thoughts|Reflect\n|upkeep\n|turn|12\n|j| ppev\n|\n|t:|1651349326\n|switch|p1a: Kallen|Registeel|100\/100\n|-damage|p1a: Kallen|94\/100|[from] Stealth Rock\n|move|p2a: Gengar|Shadow Ball|p1a: Kallen\n|-damage|p1a: Kallen|80\/100\n|\n|-heal|p1a: Kallen|86\/100|[from] item: Leftovers\n|-sideend|p1: Lost Thoughts|move: Light Screen\n|upkeep\n|turn|13\n|\n|t:|1651349332\n|switch|p1a: Nunnally|Garchomp, F|94\/100\n|-damage|p1a: Nunnally|88\/100|[from] Stealth Rock\n|move|p2a: Gengar|Taunt|p1a: Nunnally\n|-start|p1a: Nunnally|move: Taunt\n|\n|upkeep\n|turn|14\n|\n|t:|1651349333\n|move|p2a: Gengar|Shadow Ball|p1a: Nunnally\n|-damage|p1a: Nunnally|41\/100\n|move|p1a: Nunnally|Scale Shot|p2a: Gengar|[miss]\n|-miss|p1a: Nunnally|p2a: Gengar\n|\n|upkeep\n|turn|15\n|\n|t:|1651349337\n|move|p2a: Gengar|Shadow Ball|p1a: Nunnally\n|-damage|p1a: Nunnally|0 fnt\n|faint|p1a: Nunnally\n|\n|upkeep\n|c|\u2606Lost Thoughts|fucking stupid\n|-message|Lost Thoughts forfeited.\n|\n|win|HOF69\n|raw|Lost Thoughts's rating: 1716 &rarr; <strong>1702<\/strong><br \/>(-14 for losing)\n|raw|HOF69's rating: 1829 &rarr; <strong>1843<\/strong><br \/>(+14 for winning)\n|c|\u2606HOF69|lol\n|l|\u2606Lost Thoughts\n","uploadtime":1651349351,"views":116,"p1id":"lostthoughts","p2id":"hof69","formatid":"gen8ou","rating":1702,"private":0,"password":null}