{"id":"gen8ou-1420646961","p1":"Kyerndo","p2":"brifye","format":"gen8ou","log":"|j|\u2606Kyerndo\n|j|\u2606brifye\n|t:|1632165562\n|gametype|singles\n|player|p1|Kyerndo|psychic|1537\n|player|p2|brifye|102|1631\n|teamsize|p1|6\n|teamsize|p2|6\n|gen|8\n|tier|[Gen 8] OU\n|rated|\n|rule|Sleep Clause Mod: Limit one foe put to sleep\n|rule|Species Clause: Limit one of each Pok\u00e9mon\n|rule|OHKO Clause: OHKO moves are banned\n|rule|Evasion Moves Clause: Evasion moves are banned\n|rule|Endless Battle Clause: Forcing endless battles is banned\n|rule|HP Percentage Mod: HP is shown in percentages\n|rule|Dynamax Clause: You cannot dynamax\n|clearpoke\n|poke|p1|Zeraora|\n|poke|p1|Urshifu-*, M|\n|poke|p1|Slowbro, M|\n|poke|p1|Scizor, F|\n|poke|p1|Garchomp, M|\n|poke|p1|Latios, M|\n|poke|p2|Torkoal, M|\n|poke|p2|Darmanitan, M|\n|poke|p2|Landorus-Therian, M|\n|poke|p2|Dragapult, F|\n|poke|p2|Venusaur, F|\n|poke|p2|Kyurem|\n|teampreview\n|\n|t:|1632165578\n|start\n|switch|p1a: Latios|Latios, M|100\/100\n|switch|p2a: Dragapult|Dragapult, F|100\/100\n|turn|1\n|\n|t:|1632165583\n|move|p1a: Latios|Draco Meteor|p2a: Dragapult\n|-supereffective|p2a: Dragapult\n|-damage|p2a: Dragapult|0 fnt\n|-unboost|p1a: Latios|spa|2\n|faint|p2a: Dragapult\n|\n|upkeep\n|\n|t:|1632165599\n|switch|p2a: Torkoal|Torkoal, M|100\/100\n|-weather|SunnyDay|[from] ability: Drought|[of] p2a: Torkoal\n|turn|2\n|\n|t:|1632165604\n|switch|p2a: Venusaur|Venusaur, F|100\/100\n|move|p1a: Latios|Draco Meteor|p2a: Venusaur|[miss]\n|-miss|p1a: Latios|p2a: Venusaur\n|\n|-weather|SunnyDay|[upkeep]\n|upkeep\n|turn|3\n|\n|t:|1632165618\n|switch|p1a: Garchomp|Garchomp, M|100\/100\n|move|p2a: Venusaur|Growth|p2a: Venusaur\n|-boost|p2a: Venusaur|atk|2\n|-boost|p2a: Venusaur|spa|2\n|\n|-weather|SunnyDay|[upkeep]\n|upkeep\n|turn|4\n|\n|t:|1632165628\n|switch|p1a: Latios|Latios, M|100\/100\n|move|p2a: Venusaur|Giga Drain|p1a: Latios\n|-resisted|p1a: Latios\n|-damage|p1a: Latios|57\/100\n|-damage|p2a: Venusaur|91\/100|[from] item: Life Orb\n|\n|-weather|SunnyDay|[upkeep]\n|upkeep\n|turn|5\n|\n|t:|1632165635\n|move|p2a: Venusaur|Weather Ball|p1a: Latios\n|-resisted|p1a: Latios\n|-damage|p1a: Latios|1\/100\n|-damage|p2a: Venusaur|81\/100|[from] item: Life Orb\n|move|p1a: Latios|Psychic|p2a: Venusaur\n|-supereffective|p2a: Venusaur\n|-damage|p2a: Venusaur|0 fnt\n|faint|p2a: Venusaur\n|\n|-weather|SunnyDay|[upkeep]\n|upkeep\n|\n|t:|1632165645\n|switch|p2a: Landorus|Landorus-Therian, M|100\/100\n|-ability|p2a: Landorus|Intimidate|boost\n|-unboost|p1a: Latios|atk|1\n|turn|6\n|\n|t:|1632165652\n|switch|p1a: Garchomp|Garchomp, M|100\/100\n|move|p2a: Landorus|U-turn|p1a: Garchomp\n|-damage|p1a: Garchomp|82\/100\n|-damage|p2a: Landorus|88\/100|[from] ability: Rough Skin|[of] p1a: Garchomp\n|-damage|p2a: Landorus|72\/100|[from] item: Rocky Helmet|[of] p1a: Garchomp\n|\n|t:|1632165665\n|switch|p2a: Kyurem|Kyurem|100\/100|[from]move: U-turn\n|-ability|p2a: Kyurem|Pressure\n|\n|-weather|SunnyDay|[upkeep]\n|upkeep\n|turn|7\n|\n|t:|1632165672\n|switch|p1a: Scizor|Scizor, F|100\/100\n|move|p2a: Kyurem|Ice Beam|p1a: Scizor\n|-resisted|p1a: Scizor\n|-damage|p1a: Scizor|66\/100\n|\n|-weather|SunnyDay|[upkeep]\n|upkeep\n|turn|8\n|\n|t:|1632165678\n|move|p2a: Kyurem|Ice Beam|p1a: Scizor\n|-resisted|p1a: Scizor\n|-damage|p1a: Scizor|31\/100\n|move|p1a: Scizor|U-turn|p2a: Kyurem\n|-damage|p2a: Kyurem|73\/100\n|\n|t:|1632165681\n|switch|p1a: Latios|Latios, M|1\/100|[from]move: U-turn\n|\n|-weather|SunnyDay|[upkeep]\n|upkeep\n|turn|9\n|\n|t:|1632165692\n|switch|p2a: Torkoal|Torkoal, M|100\/100\n|move|p1a: Latios|Draco Meteor|p2a: Torkoal\n|-damage|p2a: Torkoal|11\/100\n|-unboost|p1a: Latios|spa|2\n|\n|-weather|none\n|upkeep\n|turn|10\n|\n|t:|1632165700\n|switch|p2a: Landorus|Landorus-Therian, M|72\/100\n|-ability|p2a: Landorus|Intimidate|boost\n|-unboost|p1a: Latios|atk|1\n|move|p1a: Latios|Draco Meteor|p2a: Landorus|[miss]\n|-miss|p1a: Latios|p2a: Landorus\n|\n|-heal|p2a: Landorus|78\/100|[from] item: Leftovers\n|upkeep\n|turn|11\n|\n|t:|1632165709\n|switch|p1a: Slowbro|Slowbro, M|100\/100\n|move|p2a: Landorus|Stealth Rock|p1a: Slowbro\n|-sidestart|p1: Kyerndo|move: Stealth Rock\n|\n|-heal|p2a: Landorus|84\/100|[from] item: Leftovers\n|upkeep\n|turn|12\n|\n|t:|1632165725\n|switch|p2a: Torkoal|Torkoal, M|11\/100\n|-weather|SunnyDay|[from] ability: Drought|[of] p2a: Torkoal\n|move|p1a: Slowbro|Teleport|p1a: Slowbro\n|\n|t:|1632165728\n|switch|p1a: Scizor|Scizor, F|31\/100|[from]move: Teleport\n|\n|-weather|SunnyDay|[upkeep]\n|upkeep\n|turn|13\n|\n|t:|1632165732\n|move|p1a: Scizor|Defog|p2a: Torkoal\n|-unboost|p2a: Torkoal|evasion|1\n|-sideend|p1: Kyerndo|Stealth Rock|[from] move: Defog|[of] p1a: Scizor\n|move|p2a: Torkoal|Lava Plume|p1a: Scizor\n|-supereffective|p1a: Scizor\n|-damage|p1a: Scizor|0 fnt\n|faint|p1a: Scizor\n|\n|-weather|SunnyDay|[upkeep]\n|upkeep\n|\n|t:|1632165751\n|switch|p1a: Urshifu|Urshifu-Rapid-Strike, M|100\/100\n|turn|14\n|\n|t:|1632165763\n|move|p1a: Urshifu|Surging Strikes|p2a: Torkoal\n|-supereffective|p2a: Torkoal\n|-crit|p2a: Torkoal\n|-damage|p2a: Torkoal|0 fnt\n|faint|p2a: Torkoal\n|-hitcount|p2: Torkoal|1\n|\n|-weather|SunnyDay|[upkeep]\n|upkeep\n|\n|t:|1632165769\n|switch|p2a: Kyurem|Kyurem|73\/100\n|-ability|p2a: Kyurem|Pressure\n|turn|15\n|\n|t:|1632165796\n|switch|p1a: Zeraora|Zeraora|100\/100\n|move|p2a: Kyurem|Freeze-Dry|p1a: Zeraora\n|-damage|p1a: Zeraora|30\/100\n|\n|-weather|SunnyDay|[upkeep]\n|upkeep\n|turn|16\n|\n|t:|1632165802\n|switch|p1a: Urshifu|Urshifu-Rapid-Strike, M|100\/100\n|switch|p2a: Landorus|Landorus-Therian, M|84\/100\n|-ability|p2a: Landorus|Intimidate|boost\n|-unboost|p1a: Urshifu|atk|1\n|\n|-weather|SunnyDay|[upkeep]\n|-heal|p2a: Landorus|90\/100|[from] item: Leftovers\n|upkeep\n|turn|17\n|\n|t:|1632165811\n|move|p1a: Urshifu|Surging Strikes|p2a: Landorus\n|-supereffective|p2a: Landorus\n|-crit|p2a: Landorus\n|-damage|p2a: Landorus|63\/100\n|-supereffective|p2a: Landorus\n|-crit|p2a: Landorus\n|-damage|p2a: Landorus|37\/100\n|-supereffective|p2a: Landorus\n|-crit|p2a: Landorus\n|-damage|p2a: Landorus|12\/100\n|-hitcount|p2a: Landorus|3\n|move|p2a: Landorus|Stealth Rock|p1a: Urshifu\n|-sidestart|p1: Kyerndo|move: Stealth Rock\n|\n|-weather|SunnyDay|[upkeep]\n|-heal|p2a: Landorus|18\/100|[from] item: Leftovers\n|upkeep\n|turn|18\n|\n|t:|1632165822\n|switch|p2a: Kyurem|Kyurem|73\/100\n|-ability|p2a: Kyurem|Pressure\n|move|p1a: Urshifu|Surging Strikes|p2a: Kyurem\n|-resisted|p2a: Kyurem\n|-crit|p2a: Kyurem\n|-damage|p2a: Kyurem|66\/100\n|-resisted|p2a: Kyurem\n|-crit|p2a: Kyurem\n|-damage|p2a: Kyurem|60\/100\n|-resisted|p2a: Kyurem\n|-crit|p2a: Kyurem\n|-damage|p2a: Kyurem|53\/100\n|-hitcount|p2a: Kyurem|3\n|\n|-weather|SunnyDay|[upkeep]\n|upkeep\n|turn|19\n|\n|t:|1632165834\n|switch|p1a: Latios|Latios, M|1\/100\n|-damage|p1a: Latios|0 fnt|[from] Stealth Rock\n|faint|p1a: Latios\n|move|p2a: Kyurem|Freeze-Dry|p1: Latios|[notarget]\n|-fail|p2a: Kyurem\n|\n|-weather|none\n|upkeep\n|\n|t:|1632165839\n|switch|p1a: Urshifu|Urshifu-Rapid-Strike, M|100\/100\n|-damage|p1a: Urshifu|94\/100|[from] Stealth Rock\n|turn|20\n|\n|t:|1632165853\n|switch|p2a: Landorus|Landorus-Therian, M|18\/100\n|-ability|p2a: Landorus|Intimidate|boost\n|-unboost|p1a: Urshifu|atk|1\n|move|p1a: Urshifu|Close Combat|p2a: Landorus\n|-resisted|p2a: Landorus\n|-damage|p2a: Landorus|0 fnt\n|-unboost|p1a: Urshifu|def|1\n|-unboost|p1a: Urshifu|spd|1\n|faint|p2a: Landorus\n|\n|upkeep\n|\n|t:|1632165862\n|switch|p2a: Darmanitan|Darmanitan, M|100\/100\n|turn|21\n|\n|t:|1632165870\n|switch|p1a: Garchomp|Garchomp, M|82\/100\n|-damage|p1a: Garchomp|76\/100|[from] Stealth Rock\n|move|p2a: Darmanitan|Earthquake|p1a: Garchomp\n|-damage|p1a: Garchomp|34\/100\n|\n|upkeep\n|turn|22\n|\n|t:|1632165877\n|switch|p1a: Slowbro|Slowbro, M|100\/100\n|-damage|p1a: Slowbro|88\/100|[from] Stealth Rock\n|move|p2a: Darmanitan|Earthquake|p1a: Slowbro\n|-damage|p1a: Slowbro|56\/100\n|\n|upkeep\n|turn|23\n|\n|t:|1632165885\n|move|p2a: Darmanitan|Earthquake|p1a: Slowbro\n|-damage|p1a: Slowbro|25\/100\n|move|p1a: Slowbro|Teleport|p1a: Slowbro\n|\n|t:|1632165889\n|switch|p1a: Urshifu|Urshifu-Rapid-Strike, M|94\/100|[from]move: Teleport\n|-damage|p1a: Urshifu|88\/100|[from] Stealth Rock\n|\n|upkeep\n|turn|24\n|\n|t:|1632165894\n|move|p1a: Urshifu|Surging Strikes|p2a: Darmanitan\n|-supereffective|p2a: Darmanitan\n|-crit|p2a: Darmanitan\n|-damage|p2a: Darmanitan|13\/100\n|-supereffective|p2a: Darmanitan\n|-crit|p2a: Darmanitan\n|-damage|p2a: Darmanitan|0 fnt\n|faint|p2a: Darmanitan\n|-hitcount|p2: Darmanitan|2\n|\n|upkeep\n|\n|t:|1632165900\n|switch|p2a: Kyurem|Kyurem|53\/100\n|-ability|p2a: Kyurem|Pressure\n|turn|25\n|\n|t:|1632165904\n|switch|p1a: Garchomp|Garchomp, M|34\/100\n|-damage|p1a: Garchomp|28\/100|[from] Stealth Rock\n|move|p2a: Kyurem|Freeze-Dry|p1a: Garchomp\n|-supereffective|p1a: Garchomp\n|-damage|p1a: Garchomp|0 fnt\n|faint|p1a: Garchomp\n|\n|upkeep\n|c|\u2606brifye|gg\n|\n|t:|1632165906\n|switch|p1a: Zeraora|Zeraora|30\/100\n|-damage|p1a: Zeraora|18\/100|[from] Stealth Rock\n|turn|26\n|\n|t:|1632165914\n|move|p1a: Zeraora|Close Combat|p2a: Kyurem\n|-supereffective|p2a: Kyurem\n|-damage|p2a: Kyurem|0 fnt\n|-unboost|p1a: Zeraora|def|1\n|-unboost|p1a: Zeraora|spd|1\n|faint|p2a: Kyurem\n|-damage|p1a: Zeraora|8\/100|[from] item: Life Orb\n|\n|win|Kyerndo\n|raw|Kyerndo's rating: 1537 &rarr; <strong>1562<\/strong><br \/>(+25 for winning)\n|raw|brifye's rating: 1631 &rarr; <strong>1606<\/strong><br \/>(-25 for losing)\n|l|\u2606brifye\n||Ladder isn't responding, score probably updated but might not have (Request timeout).\n","uploadtime":1632165924,"views":29,"p1id":"kyerndo","p2id":"brifye","formatid":"gen8ou","rating":1562,"private":0,"password":null}