{"id":"gen8ou-1692557737","p1":"minimax_ai","p2":"Diameter\u272fXtreme","format":"gen8ou","log":"|html|<div class=\"broadcast-blue\"><strong>[Gen 8] OU is currently suspecting Melmetal! For information on how to participate check out the <a href=\"https:\/\/www.smogon.com\/forums\/threads\/np-ss-ou-suspect-process-round-12-monster-mash.3709234\/\">suspect thread<\/a>.<\/strong><\/div>\n|j|\u2606minimax_ai\n|j|\u2606Diameter\u272fXtreme\n|t:|1666498943\n|gametype|singles\n|player|p1|minimax_ai|lusamine-nihilego|1404\n|player|p2|Diameter\u272fXtreme|jasmine-gen2|1507\n|teamsize|p1|6\n|teamsize|p2|6\n|gen|8\n|tier|[Gen 8] OU\n|rated|\n|rule|Sleep Clause Mod: Limit one foe put to sleep\n|rule|Species Clause: Limit one of each Pok\u00e9mon\n|rule|OHKO Clause: OHKO moves are banned\n|rule|Evasion Items Clause: Evasion items are banned\n|rule|Evasion Moves Clause: Evasion moves are banned\n|rule|Endless Battle Clause: Forcing endless battles is banned\n|rule|HP Percentage Mod: HP is shown in percentages\n|rule|Dynamax Clause: You cannot dynamax\n|clearpoke\n|poke|p1|Rotom-Wash|\n|poke|p1|Weavile, F|\n|poke|p1|Landorus-Therian, M|\n|poke|p1|Heatran, M|\n|poke|p1|Tangrowth, M|\n|poke|p1|Melmetal|\n|poke|p2|Melmetal|\n|poke|p2|Rillaboom, M|\n|poke|p2|Sandaconda, F|\n|poke|p2|Zapdos|\n|poke|p2|Buzzwole|\n|poke|p2|Heatran, F|\n|teampreview\n|inactive|Battle timer is ON: inactive players will automatically lose when time's up. (requested by Diameter\u272fXtreme)\n|c|\u2606minimax_ai|hf\n|inactive|minimax_ai also wants the timer to be on.\n|\n|t:|1666498957\n|start\n|switch|p1a: Heatran|Heatran, M|100\/100\n|switch|p2a: Buzzwole|Buzzwole|100\/100\n|-item|p1a: Heatran|Air Balloon\n|turn|1\n|\n|t:|1666498961\n|switch|p1a: Tangrowth|Tangrowth, M|100\/100\n|move|p2a: Buzzwole|Close Combat|p1a: Tangrowth\n|-damage|p1a: Tangrowth|63\/100\n|-unboost|p2a: Buzzwole|def|1\n|-unboost|p2a: Buzzwole|spd|1\n|-damage|p2a: Buzzwole|84\/100|[from] item: Rocky Helmet|[of] p1a: Tangrowth\n|\n|upkeep\n|turn|2\n|\n|t:|1666498964\n|move|p2a: Buzzwole|Toxic|p1a: Tangrowth\n|-status|p1a: Tangrowth|tox\n|move|p1a: Tangrowth|Giga Drain|p2a: Buzzwole\n|-resisted|p2a: Buzzwole\n|-damage|p2a: Buzzwole|54\/100\n|-heal|p1a: Tangrowth|78\/100 tox|[from] drain|[of] p2a: Buzzwole\n|\n|-damage|p1a: Tangrowth|72\/100 tox|[from] psn\n|upkeep\n|turn|3\n|\n|t:|1666498967\n|move|p2a: Buzzwole|Roost|p2a: Buzzwole\n|-heal|p2a: Buzzwole|100\/100\n|-singleturn|p2a: Buzzwole|move: Roost\n|move|p1a: Tangrowth|Giga Drain|p2a: Buzzwole\n|-resisted|p2a: Buzzwole\n|-damage|p2a: Buzzwole|69\/100\n|-heal|p1a: Tangrowth|87\/100 tox|[from] drain|[of] p2a: Buzzwole\n|\n|-damage|p1a: Tangrowth|75\/100 tox|[from] psn\n|upkeep\n|turn|4\n|\n|t:|1666498969\n|move|p2a: Buzzwole|Ice Punch|p1a: Tangrowth\n|-supereffective|p1a: Tangrowth\n|-damage|p1a: Tangrowth|45\/100 tox\n|-damage|p2a: Buzzwole|52\/100|[from] item: Rocky Helmet|[of] p1a: Tangrowth\n|move|p1a: Tangrowth|Giga Drain|p2a: Buzzwole\n|-resisted|p2a: Buzzwole\n|-damage|p2a: Buzzwole|23\/100\n|-heal|p1a: Tangrowth|59\/100 tox|[from] drain|[of] p2a: Buzzwole\n|\n|-damage|p1a: Tangrowth|40\/100 tox|[from] psn\n|upkeep\n|turn|5\n|\n|t:|1666498971\n|switch|p1a: rotomwash|Rotom-Wash|100\/100\n|move|p2a: Buzzwole|Roost|p2a: Buzzwole\n|-heal|p2a: Buzzwole|74\/100\n|-singleturn|p2a: Buzzwole|move: Roost\n|\n|upkeep\n|turn|6\n|\n|t:|1666498976\n|switch|p2a: Sandaconda|Sandaconda, F|100\/100\n|move|p1a: rotomwash|Thunderbolt|p2a: Sandaconda\n|-immune|p2a: Sandaconda\n|\n|upkeep\n|turn|7\n|\n|t:|1666498980\n|switch|p2a: Rillaboom|Rillaboom, M|100\/100\n|-fieldstart|move: Grassy Terrain|[from] ability: Grassy Surge|[of] p2a: Rillaboom\n|move|p1a: rotomwash|Hydro Pump|p2a: Rillaboom\n|-resisted|p2a: Rillaboom\n|-damage|p2a: Rillaboom|72\/100\n|\n|-heal|p2a: Rillaboom|79\/100|[from] Grassy Terrain\n|upkeep\n|turn|8\n|\n|t:|1666498989\n|switch|p1a: landorustherian|Landorus-Therian, M|100\/100\n|-ability|p1a: landorustherian|Intimidate|boost\n|-unboost|p2a: Rillaboom|atk|1\n|move|p2a: Rillaboom|Knock Off|p1a: landorustherian\n|-damage|p1a: landorustherian|75\/100\n|-enditem|p1a: landorustherian|Leftovers|[from] move: Knock Off|[of] p2a: Rillaboom\n|-damage|p2a: Rillaboom|69\/100|[from] item: Life Orb\n|\n|-heal|p2a: Rillaboom|75\/100|[from] Grassy Terrain\n|upkeep\n|turn|9\n|\n|t:|1666498994\n|switch|p2a: Buzzwole|Buzzwole|74\/100\n|move|p1a: landorustherian|U-turn|p2a: Buzzwole\n|-resisted|p2a: Buzzwole\n|-damage|p2a: Buzzwole|66\/100\n|-damage|p1a: landorustherian|58\/100|[from] item: Rocky Helmet|[of] p2a: Buzzwole\n|\n|t:|1666498994\n|switch|p1a: rotomwash|Rotom-Wash|100\/100|[from]move: U-turn\n|\n|-heal|p2a: Buzzwole|72\/100|[from] Grassy Terrain\n|upkeep\n|turn|10\n|j| Perspectieve\n|\n|t:|1666498998\n|move|p1a: rotomwash|Thunderbolt|p2a: Buzzwole\n|-damage|p2a: Buzzwole|25\/100\n|-status|p2a: Buzzwole|par\n|move|p2a: Buzzwole|Toxic|p1a: rotomwash|[miss]\n|-miss|p2a: Buzzwole|p1a: rotomwash\n|\n|-heal|p2a: Buzzwole|31\/100 par|[from] Grassy Terrain\n|upkeep\n|turn|11\n|\n|t:|1666499009\n|move|p1a: rotomwash|Thunderbolt|p2a: Buzzwole\n|-damage|p2a: Buzzwole|0 fnt\n|faint|p2a: Buzzwole\n|\n|-fieldend|move: Grassy Terrain\n|upkeep\n|\n|t:|1666499011\n|switch|p2a: Rillaboom|Rillaboom, M|75\/100\n|-fieldstart|move: Grassy Terrain|[from] ability: Grassy Surge|[of] p2a: Rillaboom\n|turn|12\n|\n|t:|1666499014\n|switch|p1a: Tangrowth|Tangrowth, M|74\/100 tox\n|move|p2a: Rillaboom|Swords Dance|p2a: Rillaboom\n|-boost|p2a: Rillaboom|atk|2\n|\n|-heal|p2a: Rillaboom|81\/100|[from] Grassy Terrain\n|-heal|p1a: Tangrowth|80\/100 tox|[from] Grassy Terrain\n|-damage|p1a: Tangrowth|74\/100 tox|[from] psn\n|upkeep\n|turn|13\n|\n|t:|1666499015\n|move|p2a: Rillaboom|Knock Off|p1a: Tangrowth\n|-damage|p1a: Tangrowth|26\/100 tox\n|-damage|p2a: Rillaboom|64\/100|[from] item: Rocky Helmet|[of] p1a: Tangrowth\n|-enditem|p1a: Tangrowth|Rocky Helmet|[from] move: Knock Off|[of] p2a: Rillaboom\n|-damage|p2a: Rillaboom|54\/100|[from] item: Life Orb\n|move|p1a: Tangrowth|Knock Off|p2a: Rillaboom\n|-damage|p2a: Rillaboom|32\/100\n|-enditem|p2a: Rillaboom|Life Orb|[from] move: Knock Off|[of] p1a: Tangrowth\n|\n|-heal|p2a: Rillaboom|38\/100|[from] Grassy Terrain\n|-heal|p1a: Tangrowth|32\/100 tox|[from] Grassy Terrain\n|-damage|p1a: Tangrowth|20\/100 tox|[from] psn\n|upkeep\n|turn|14\n|\n|t:|1666499017\n|move|p2a: Rillaboom|Knock Off|p1a: Tangrowth\n|-damage|p1a: Tangrowth|0 fnt\n|faint|p1a: Tangrowth\n|\n|-heal|p2a: Rillaboom|44\/100|[from] Grassy Terrain\n|upkeep\n|\n|t:|1666499017\n|switch|p1a: Heatran|Heatran, M|100\/100\n|-item|p1a: Heatran|Air Balloon\n|turn|15\n|\n|t:|1666499019\n|move|p2a: Rillaboom|Superpower|p1a: Heatran\n|-supereffective|p1a: Heatran\n|-damage|p1a: Heatran|0 fnt\n|-unboost|p2a: Rillaboom|atk|1\n|-unboost|p2a: Rillaboom|def|1\n|-enditem|p1a: Heatran|Air Balloon\n|faint|p1a: Heatran\n|\n|-heal|p2a: Rillaboom|50\/100|[from] Grassy Terrain\n|upkeep\n|\n|t:|1666499019\n|switch|p1a: Melmetal|Melmetal|100\/100\n|turn|16\n|\n|t:|1666499022\n|move|p2a: Rillaboom|Superpower|p1a: Melmetal\n|-supereffective|p1a: Melmetal\n|-damage|p1a: Melmetal|26\/100\n|-unboost|p2a: Rillaboom|atk|1\n|-unboost|p2a: Rillaboom|def|1\n|move|p1a: Melmetal|Double Iron Bash|p2a: Rillaboom\n|-damage|p2a: Rillaboom|0 fnt\n|faint|p2a: Rillaboom\n|-hitcount|p2: Rillaboom|1\n|\n|-heal|p1a: Melmetal|32\/100|[from] Grassy Terrain\n|-fieldend|move: Grassy Terrain\n|upkeep\n|\n|t:|1666499031\n|switch|p2a: Sandaconda|Sandaconda, F|100\/100\n|turn|17\n|\n|t:|1666499035\n|switch|p1a: rotomwash|Rotom-Wash|100\/100\n|move|p2a: Sandaconda|Glare|p1a: rotomwash\n|-immune|p1a: rotomwash\n|\n|upkeep\n|turn|18\n|\n|t:|1666499039\n|switch|p2a: Zapdos|Zapdos|100\/100\n|move|p1a: rotomwash|Nasty Plot|p1a: rotomwash\n|-boost|p1a: rotomwash|spa|2\n|\n|upkeep\n|turn|19\n|\n|t:|1666499040\n|move|p1a: rotomwash|Pain Split|p2a: Zapdos\n|-sethp|p2a: Zapdos|90\/100|[from] move: Pain Split|[silent]\n|-sethp|p1a: rotomwash|100\/100|[from] move: Pain Split\n|move|p2a: Zapdos|Discharge|p1a: rotomwash\n|-damage|p1a: rotomwash|68\/100\n|\n|-heal|p1a: rotomwash|74\/100|[from] item: Leftovers\n|upkeep\n|turn|20\n|\n|t:|1666499042\n|move|p1a: rotomwash|Hydro Pump|p2a: Zapdos\n|-damage|p2a: Zapdos|8\/100\n|move|p2a: Zapdos|Discharge|p1a: rotomwash\n|-damage|p1a: rotomwash|37\/100\n|\n|-heal|p1a: rotomwash|44\/100|[from] item: Leftovers\n|upkeep\n|turn|21\n|\n|t:|1666499043\n|move|p1a: rotomwash|Thunderbolt|p2a: Zapdos\n|-damage|p2a: Zapdos|0 fnt\n|faint|p2a: Zapdos\n|\n|-heal|p1a: rotomwash|50\/100|[from] item: Leftovers\n|upkeep\n|\n|t:|1666499045\n|switch|p2a: Heatran|Heatran, F|100\/100\n|turn|22\n|\n|t:|1666499047\n|move|p1a: rotomwash|Hydro Pump|p2a: Heatran\n|-supereffective|p2a: Heatran\n|-damage|p2a: Heatran|0 fnt\n|faint|p2a: Heatran\n|\n|-heal|p1a: rotomwash|56\/100|[from] item: Leftovers\n|upkeep\n|-message|Diameter\u272fXtreme forfeited.\n|\n|win|minimax_ai\n|raw|minimax_ai's rating: 1404 &rarr; <strong>1430<\/strong><br \/>(+26 for winning)\n|raw|Diameter\u272fXtreme's rating: 1507 &rarr; <strong>1481<\/strong><br \/>(-26 for losing)\n|c|\u2606minimax_ai|gg\n|l|\u2606Diameter\u272fXtreme\n","uploadtime":1666499051,"views":7,"p1id":"minimaxai","p2id":"diameterxtreme","formatid":"gen8ou","rating":1430,"private":0,"password":null}