{"id":"gen8nationaldex-1579206800","p1":"Fastpitchkiller","p2":"FIRE LORD AESON!","format":"gen8nationaldex","log":"|j|\u2606Fastpitchkiller\n|j|\u2606FIRE LORD AESON!\n|t:|1653071512\n|gametype|singles\n|player|p1|Fastpitchkiller|170|1632\n|player|p2|FIRE LORD AESON!|red-gen1|1766\n|teamsize|p1|6\n|teamsize|p2|6\n|gen|8\n|tier|[Gen 8] National Dex\n|rated|\n|rule|HP Percentage Mod: HP is shown in percentages\n|rule|Endless Battle Clause: Forcing endless battles is banned\n|rule|OHKO Clause: OHKO moves are banned\n|rule|Evasion Moves Clause: Evasion moves are banned\n|rule|Species Clause: Limit one of each Pok\u00e9mon\n|rule|Dynamax Clause: You cannot dynamax\n|rule|Sleep Clause Mod: Limit one foe put to sleep\n|clearpoke\n|poke|p1|Greninja, M|\n|poke|p1|Zapdos|\n|poke|p1|Melmetal|\n|poke|p1|Slowbro, F|\n|poke|p1|Tyranitar, F|\n|poke|p1|Kommo-o, F|\n|poke|p2|Blaziken, F|\n|poke|p2|Torkoal, F|\n|poke|p2|Charizard, F|\n|poke|p2|Victini|\n|poke|p2|Volcanion|\n|poke|p2|Venusaur, M|\n|teampreview\n|\n|t:|1653071522\n|start\n|switch|p1a: Slowgatell|Slowbro, F|100\/100\n|switch|p2a: \ud83d\udd25JACUZZI\ud83d\udd25|Volcanion|100\/100\n|-item|p2a: \ud83d\udd25JACUZZI\ud83d\udd25|Air Balloon\n|turn|1\n|\n|t:|1653071530\n|move|p2a: \ud83d\udd25JACUZZI\ud83d\udd25|Toxic|p1a: Slowgatell|[miss]\n|-miss|p2a: \ud83d\udd25JACUZZI\ud83d\udd25|p1a: Slowgatell\n|move|p1a: Slowgatell|Toxic|p2a: \ud83d\udd25JACUZZI\ud83d\udd25\n|-status|p2a: \ud83d\udd25JACUZZI\ud83d\udd25|tox\n|\n|-damage|p2a: \ud83d\udd25JACUZZI\ud83d\udd25|95\/100 tox|[from] psn\n|upkeep\n|turn|2\n|\n|t:|1653071537\n|move|p2a: \ud83d\udd25JACUZZI\ud83d\udd25|Toxic|p1a: Slowgatell\n|-status|p1a: Slowgatell|tox\n|move|p1a: Slowgatell|Future Sight|p2a: \ud83d\udd25JACUZZI\ud83d\udd25\n|-start|p1a: Slowgatell|move: Future Sight\n|\n|-damage|p2a: \ud83d\udd25JACUZZI\ud83d\udd25|83\/100 tox|[from] psn\n|-damage|p1a: Slowgatell|94\/100 tox|[from] psn\n|upkeep\n|turn|3\n|\n|t:|1653071546\n|switch|p2a: \u2600\ufe0fMASTER SENSEI\u2600\ufe0f|Torkoal, F|100\/100\n|-weather|SunnyDay|[from] ability: Drought|[of] p2a: \u2600\ufe0fMASTER SENSEI\u2600\ufe0f\n|move|p1a: Slowgatell|Teleport|p1a: Slowgatell\n|\n|t:|1653071551\n|switch|p1a: Zapdos|Zapdos|100\/100|[from]move: Teleport\n|\n|-weather|SunnyDay|[upkeep]\n|upkeep\n|turn|4\n|\n|t:|1653071566\n|move|p1a: Zapdos|Volt Switch|p2a: \u2600\ufe0fMASTER SENSEI\u2600\ufe0f\n|-damage|p2a: \u2600\ufe0fMASTER SENSEI\u2600\ufe0f|70\/100\n|inactive|Battle timer is ON: inactive players will automatically lose when time's up. (requested by Fastpitchkiller)\n|\n|t:|1653071576\n|switch|p1a: Tyranitar|Tyranitar, F|100\/100|[from]move: Volt Switch\n|-weather|Sandstorm|[from] ability: Sand Stream|[of] p1a: Tyranitar\n|move|p2a: \u2600\ufe0fMASTER SENSEI\u2600\ufe0f|Stealth Rock|p1a: Tyranitar\n|-sidestart|p1: Fastpitchkiller|move: Stealth Rock\n|\n|-weather|Sandstorm|[upkeep]\n|-damage|p2a: \u2600\ufe0fMASTER SENSEI\u2600\ufe0f|64\/100|[from] Sandstorm\n|-end|p2a: \u2600\ufe0fMASTER SENSEI\u2600\ufe0f|move: Future Sight\n|-damage|p2a: \u2600\ufe0fMASTER SENSEI\u2600\ufe0f|22\/100\n|upkeep\n|turn|5\n|\n|t:|1653071590\n|switch|p1a: Slowgatell|Slowbro, F|100\/100 tox\n|-damage|p1a: Slowgatell|88\/100 tox|[from] Stealth Rock\n|move|p2a: \u2600\ufe0fMASTER SENSEI\u2600\ufe0f|Body Press|p1a: Slowgatell\n|-resisted|p1a: Slowgatell\n|-damage|p1a: Slowgatell|79\/100 tox\n|-damage|p2a: \u2600\ufe0fMASTER SENSEI\u2600\ufe0f|5\/100|[from] item: Rocky Helmet|[of] p1a: Slowgatell\n|\n|-weather|Sandstorm|[upkeep]\n|-damage|p2a: \u2600\ufe0fMASTER SENSEI\u2600\ufe0f|0 fnt|[from] Sandstorm\n|-damage|p1a: Slowgatell|73\/100 tox|[from] Sandstorm\n|faint|p2a: \u2600\ufe0fMASTER SENSEI\u2600\ufe0f\n|-damage|p1a: Slowgatell|67\/100 tox|[from] psn\n|upkeep\n|j| angrrry\n|\n|t:|1653071596\n|switch|p2a: Charizard|Charizard, F|100\/100\n|turn|6\n|\n|t:|1653071606\n|switch|p1a: Zapdos|Zapdos|100\/100\n|detailschange|p2a: Charizard|Charizard-Mega-Y, F\n|-mega|p2a: Charizard|Charizard|Charizardite Y\n|-weather|SunnyDay|[from] ability: Drought|[of] p2a: Charizard\n|move|p2a: Charizard|Air Slash|p1a: Zapdos\n|-resisted|p1a: Zapdos\n|-damage|p1a: Zapdos|77\/100\n|\n|-weather|SunnyDay|[upkeep]\n|upkeep\n|turn|7\n|\n|t:|1653071616\n|switch|p1a: Tyranitar|Tyranitar, F|100\/100\n|-damage|p1a: Tyranitar|88\/100|[from] Stealth Rock\n|-weather|Sandstorm|[from] ability: Sand Stream|[of] p1a: Tyranitar\n|move|p2a: Charizard|Fire Blast|p1a: Tyranitar\n|-resisted|p1a: Tyranitar\n|-damage|p1a: Tyranitar|75\/100\n|\n|-weather|Sandstorm|[upkeep]\n|-damage|p2a: Charizard|94\/100|[from] Sandstorm\n|-heal|p1a: Tyranitar|81\/100|[from] item: Leftovers\n|upkeep\n|turn|8\n|\n|t:|1653071629\n|move|p2a: Charizard|Focus Blast|p1a: Tyranitar\n|-supereffective|p1a: Tyranitar\n|-damage|p1a: Tyranitar|0 fnt\n|faint|p1a: Tyranitar\n|\n|-weather|Sandstorm|[upkeep]\n|-damage|p2a: Charizard|88\/100|[from] Sandstorm\n|upkeep\n|\n|t:|1653071641\n|switch|p1a: Zapdos|Zapdos|77\/100\n|turn|9\n|\n|t:|1653071656\n|switch|p2a: \u2600\ufe0f SERENDIPITY \u2600\ufe0f|Victini|100\/100\n|move|p1a: Zapdos|Volt Switch|p2a: \u2600\ufe0f SERENDIPITY \u2600\ufe0f\n|-damage|p2a: \u2600\ufe0f SERENDIPITY \u2600\ufe0f|74\/100\n|\n|t:|1653071664\n|switch|p1a: Slowgatell|Slowbro, F|100\/100 tox|[from]move: Volt Switch\n|-damage|p1a: Slowgatell|88\/100 tox|[from] Stealth Rock\n|\n|-weather|Sandstorm|[upkeep]\n|-damage|p2a: \u2600\ufe0f SERENDIPITY \u2600\ufe0f|68\/100|[from] Sandstorm\n|-damage|p1a: Slowgatell|82\/100 tox|[from] Sandstorm\n|-damage|p1a: Slowgatell|76\/100 tox|[from] psn\n|upkeep\n|turn|10\n|inactive|FIRE LORD AESON! has 120 seconds left.\n|\n|t:|1653071716\n|move|p2a: \u2600\ufe0f SERENDIPITY \u2600\ufe0f|Bolt Strike|p1a: Slowgatell\n|-supereffective|p1a: Slowgatell\n|-damage|p1a: Slowgatell|23\/100 tox\n|-damage|p2a: \u2600\ufe0f SERENDIPITY \u2600\ufe0f|51\/100|[from] item: Rocky Helmet|[of] p1a: Slowgatell\n|move|p1a: Slowgatell|Teleport|p1a: Slowgatell\n|\n|t:|1653071728\n|switch|p1a: Kommo-o|Kommo-o, F|100\/100|[from]move: Teleport\n|-damage|p1a: Kommo-o|94\/100|[from] Stealth Rock\n|\n|-weather|Sandstorm|[upkeep]\n|-damage|p1a: Kommo-o|88\/100|[from] Sandstorm\n|-damage|p2a: \u2600\ufe0f SERENDIPITY \u2600\ufe0f|45\/100|[from] Sandstorm\n|upkeep\n|turn|11\n|inactive|FIRE LORD AESON! has 90 seconds left.\n|\n|t:|1653071765\n|switch|p2a: \ud83d\udd25JACUZZI\ud83d\udd25|Volcanion|83\/100 tox\n|-item|p2a: \ud83d\udd25JACUZZI\ud83d\udd25|Air Balloon\n|move|p1a: Kommo-o|Clangorous Soul|p1a: Kommo-o\n|-boost|p1a: Kommo-o|atk|1\n|-boost|p1a: Kommo-o|def|1\n|-boost|p1a: Kommo-o|spa|1\n|-boost|p1a: Kommo-o|spd|1\n|-boost|p1a: Kommo-o|spe|1\n|-damage|p1a: Kommo-o|55\/100\n|\n|-weather|none\n|-damage|p2a: \ud83d\udd25JACUZZI\ud83d\udd25|77\/100 tox|[from] psn\n|upkeep\n|turn|12\n|\n|t:|1653071778\n|-zpower|p1a: Kommo-o\n|move|p1a: Kommo-o|Clangorous Soulblaze|p2a: \ud83d\udd25JACUZZI\ud83d\udd25|[zeffect]\n|-damage|p2a: \ud83d\udd25JACUZZI\ud83d\udd25|0 fnt\n|-enditem|p2a: \ud83d\udd25JACUZZI\ud83d\udd25|Air Balloon\n|faint|p2a: \ud83d\udd25JACUZZI\ud83d\udd25\n|-boost|p1a: Kommo-o|atk|1\n|-boost|p1a: Kommo-o|def|1\n|-boost|p1a: Kommo-o|spa|1\n|-boost|p1a: Kommo-o|spd|1\n|-boost|p1a: Kommo-o|spe|1\n|\n|upkeep\n|\n|t:|1653071782\n|switch|p2a: \ud83d\udd25SUN GOKU\ud83d\udd25|Blaziken, F|100\/100\n|turn|13\n|\n|t:|1653071793\n|move|p1a: Kommo-o|Clanging Scales|p2a: \ud83d\udd25SUN GOKU\ud83d\udd25\n|-enditem|p2a: \ud83d\udd25SUN GOKU\ud83d\udd25|Focus Sash\n|-damage|p2a: \ud83d\udd25SUN GOKU\ud83d\udd25|1\/100\n|-unboost|p1a: Kommo-o|def|1\n|move|p2a: \ud83d\udd25SUN GOKU\ud83d\udd25|Reversal|p1a: Kommo-o\n|-damage|p1a: Kommo-o|0 fnt\n|faint|p1a: Kommo-o\n|\n|-ability|p2a: \ud83d\udd25SUN GOKU\ud83d\udd25|Speed Boost|boost\n|-boost|p2a: \ud83d\udd25SUN GOKU\ud83d\udd25|spe|1\n|upkeep\n|\n|t:|1653071807\n|switch|p1a: Slowgatell|Slowbro, F|56\/100 tox\n|-damage|p1a: Slowgatell|44\/100 tox|[from] Stealth Rock\n|turn|14\n|\n|t:|1653071812\n|move|p2a: \ud83d\udd25SUN GOKU\ud83d\udd25|Knock Off|p1a: Slowgatell\n|-supereffective|p1a: Slowgatell\n|-damage|p1a: Slowgatell|0 fnt\n|-damage|p2a: \ud83d\udd25SUN GOKU\ud83d\udd25|0 fnt|[from] item: Rocky Helmet|[of] p1a: Slowgatell\n|faint|p1a: Slowgatell\n|faint|p2a: \ud83d\udd25SUN GOKU\ud83d\udd25\n|\n|upkeep\n|inactive|FIRE LORD AESON! has 120 seconds left.\n|l|\u2606FIRE LORD AESON!\n|inactive|FIRE LORD AESON! disconnected and has a minute to reconnect!\n|player|p2|\n|inactive|FIRE LORD AESON! has 30 seconds to reconnect!\n|inactive|FIRE LORD AESON! has 20 seconds to reconnect!\n|j|\u2606FIRE LORD AESON!\n|inactive|FIRE LORD AESON! reconnected and has 65 seconds left.\n|player|p2|FIRE LORD AESON!|red-gen1\n|inactive|FIRE LORD AESON! has 60 seconds left.\n|\n|t:|1653071882\n|switch|p2a: Charizard|Charizard-Mega-Y, F|88\/100\n|switch|p1a: Greninja|Greninja, M|100\/100\n|-damage|p1a: Greninja|88\/100|[from] Stealth Rock\n|-weather|SunnyDay|[from] ability: Drought|[of] p2a: Charizard\n|turn|15\n|inactive|FIRE LORD AESON! has 60 seconds left.\n|l|\u2606FIRE LORD AESON!\n|inactive|FIRE LORD AESON! disconnected and has a minute to reconnect!\n|player|p2|\n|inactive|FIRE LORD AESON! has 30 seconds left.\n|inactive|FIRE LORD AESON! has 20 seconds left.\n|inactive|FIRE LORD AESON! has 15 seconds left.\n|inactive|FIRE LORD AESON! has 10 seconds left.\n|j|\u2606FIRE LORD AESON!\n|inactive|FIRE LORD AESON! reconnected and has 10 seconds left.\n|player|p2|FIRE LORD AESON!|red-gen1\n|\n|t:|1653071942\n|switch|p2a: \u2600\ufe0f SERENDIPITY \u2600\ufe0f|Victini|45\/100\n|move|p1a: Greninja|Dark Pulse|p2a: \u2600\ufe0f SERENDIPITY \u2600\ufe0f\n|-supereffective|p2a: \u2600\ufe0f SERENDIPITY \u2600\ufe0f\n|-damage|p2a: \u2600\ufe0f SERENDIPITY \u2600\ufe0f|0 fnt\n|faint|p2a: \u2600\ufe0f SERENDIPITY \u2600\ufe0f\n|-activate|p1a: Greninja|ability: Battle Bond\n|detailschange|p1a: Greninja|Greninja-Ash, M\n|\n|-weather|SunnyDay|[upkeep]\n|upkeep\n|inactive|FIRE LORD AESON! has 15 seconds left this turn.\n|\n|t:|1653071944\n|switch|p2a: \u2600\ufe0fMICK JAGGER\u2600\ufe0f|Venusaur, M|100\/100\n|turn|16\n|inactive|FIRE LORD AESON! has 25 seconds left this turn.\n|inactive|FIRE LORD AESON! has 20 seconds left.\n|inactive|FIRE LORD AESON! has 15 seconds left.\n|\n|t:|1653071956\n|move|p2a: \u2600\ufe0fMICK JAGGER\u2600\ufe0f|Growth|p2a: \u2600\ufe0fMICK JAGGER\u2600\ufe0f\n|-boost|p2a: \u2600\ufe0fMICK JAGGER\u2600\ufe0f|atk|2\n|-boost|p2a: \u2600\ufe0fMICK JAGGER\u2600\ufe0f|spa|2\n|move|p1a: Greninja|Dark Pulse|p2a: \u2600\ufe0fMICK JAGGER\u2600\ufe0f\n|-crit|p2a: \u2600\ufe0fMICK JAGGER\u2600\ufe0f\n|-damage|p2a: \u2600\ufe0fMICK JAGGER\u2600\ufe0f|0 fnt\n|faint|p2a: \u2600\ufe0fMICK JAGGER\u2600\ufe0f\n|\n|-weather|SunnyDay|[upkeep]\n|upkeep\n|inactive|FIRE LORD AESON! has 20 seconds left this turn.\n|\n|t:|1653071958\n|switch|p2a: Charizard|Charizard-Mega-Y, F|88\/100\n|turn|17\n|inactive|FIRE LORD AESON! has 30 seconds left this turn.\n|\n|t:|1653071967\n|move|p1a: Greninja|Dark Pulse|p2a: Charizard\n|-damage|p2a: Charizard|14\/100\n|move|p2a: Charizard|Focus Blast|p1a: Greninja\n|-supereffective|p1a: Greninja\n|-damage|p1a: Greninja|0 fnt\n|faint|p1a: Greninja\n|\n|-weather|SunnyDay|[upkeep]\n|upkeep\n|inactive|FIRE LORD AESON! has 30 seconds left this turn.\n|\n|t:|1653071976\n|switch|p1a: Zapdos|Zapdos|77\/100\n|turn|18\n|\n|t:|1653071980\n|move|p2a: Charizard|Fire Blast|p1a: Zapdos\n|-damage|p1a: Zapdos|0 fnt\n|faint|p1a: Zapdos\n|\n|-weather|SunnyDay|[upkeep]\n|upkeep\n|\n|t:|1653071986\n|switch|p1a: Johnny Bravo|Melmetal|100\/100\n|-damage|p1a: Johnny Bravo|94\/100|[from] Stealth Rock\n|turn|19\n|\n|t:|1653071991\n|move|p2a: Charizard|Fire Blast|p1a: Johnny Bravo\n|-supereffective|p1a: Johnny Bravo\n|-damage|p1a: Johnny Bravo|0 fnt\n|faint|p1a: Johnny Bravo\n|\n|win|FIRE LORD AESON!\n|raw|Fastpitchkiller's rating: 1632 &rarr; <strong>1619<\/strong><br \/>(-13 for losing)\n|raw|FIRE LORD AESON!'s rating: 1766 &rarr; <strong>1779<\/strong><br \/>(+13 for winning)\n|l|\u2606Fastpitchkiller\n|c|\u2606FIRE LORD AESON!|Smdh\n","uploadtime":1653072007,"views":19,"p1id":"fastpitchkiller","p2id":"firelordaeson","formatid":"gen8nationaldex","rating":1619,"private":0,"password":null}