{"id":"gen8nationaldex-1451584358","p1":"VictiniIsKami","p2":"Alu9204","format":"gen8nationaldex","log":"|j|\u2606VictiniIsKami\n|j|\u2606Alu9204\n|t:|1636441086\n|gametype|singles\n|player|p1|VictiniIsKami|tate|1499\n|player|p2|Alu9204|burglar|1513\n|teamsize|p1|6\n|teamsize|p2|6\n|gen|8\n|tier|[Gen 8] National Dex\n|rated|\n|rule|HP Percentage Mod: HP is shown in percentages\n|rule|Endless Battle Clause: Forcing endless battles is banned\n|rule|OHKO Clause: OHKO moves are banned\n|rule|Evasion Moves Clause: Evasion moves are banned\n|rule|Species Clause: Limit one of each Pok\u00e9mon\n|rule|Dynamax Clause: You cannot dynamax\n|rule|Sleep Clause Mod: Limit one foe put to sleep\n|clearpoke\n|poke|p1|Victini|\n|poke|p1|Lopunny, F|\n|poke|p1|Clefable, F|\n|poke|p1|Breloom, F|\n|poke|p1|Talonflame, M|\n|poke|p1|Dragonite, F|\n|poke|p2|Breloom, F|\n|poke|p2|Landorus-Therian, M|\n|poke|p2|Weavile, F|\n|poke|p2|Corviknight, F|\n|poke|p2|Zapdos-Galar|\n|poke|p2|Latios, M|\n|teampreview\n|j| PULT02 Silver\n|\n|t:|1636441095\n|start\n|switch|p1a: Feather|Talonflame, M|100\/100\n|switch|p2a: Breloom|Breloom, F|100\/100\n|turn|1\n|inactive|Battle timer is ON: inactive players will automatically lose when time's up. (requested by VictiniIsKami)\n|\n|t:|1636441108\n|move|p1a: Feather|Taunt|p2a: Breloom\n|-start|p2a: Breloom|move: Taunt\n|move|p2a: Breloom|Rock Tomb|p1a: Feather\n|-supereffective|p1a: Feather\n|-damage|p1a: Feather|0 fnt\n|faint|p1a: Feather\n|\n|upkeep\n|\n|t:|1636441122\n|switch|p1a: Moon|Clefable, F|100\/100\n|turn|2\n|\n|t:|1636441127\n|switch|p2a: Corviknight|Corviknight, F|100\/100\n|-ability|p2a: Corviknight|Pressure\n|move|p1a: Moon|Cosmic Power|p1a: Moon\n|-boost|p1a: Moon|def|1\n|-boost|p1a: Moon|spd|1\n|\n|upkeep\n|turn|3\n|\n|t:|1636441136\n|move|p2a: Corviknight|U-turn|p1a: Moon\n|-resisted|p1a: Moon\n|-damage|p1a: Moon|96\/100\n|\n|t:|1636441139\n|switch|p2a: Breloom|Breloom, F|100\/100|[from]move: U-turn\n|move|p1a: Moon|Cosmic Power|p1a: Moon\n|-boost|p1a: Moon|def|1\n|-boost|p1a: Moon|spd|1\n|\n|-heal|p1a: Moon|100\/100|[from] item: Leftovers\n|upkeep\n|turn|4\n|\n|t:|1636441149\n|move|p2a: Breloom|Spore|p1a: Moon\n|-status|p1a: Moon|slp|[from] move: Spore\n|cant|p1a: Moon|slp\n|\n|upkeep\n|turn|5\n|l| PULT02 Silver\n|\n|t:|1636441156\n|move|p2a: Breloom|Bullet Seed|p1a: Moon\n|-damage|p1a: Moon|92\/100 slp\n|-damage|p1a: Moon|83\/100 slp\n|-damage|p1a: Moon|73\/100 slp\n|-hitcount|p1a: Moon|3\n|-curestatus|p1a: Moon|slp|[msg]\n|move|p1a: Moon|Cosmic Power|p1a: Moon\n|-boost|p1a: Moon|def|1\n|-boost|p1a: Moon|spd|1\n|\n|-heal|p1a: Moon|79\/100|[from] item: Leftovers\n|upkeep\n|turn|6\n|\n|t:|1636441168\n|move|p2a: Breloom|Spore|p1a: Moon\n|-status|p1a: Moon|slp|[from] move: Spore\n|cant|p1a: Moon|slp\n|\n|-heal|p1a: Moon|86\/100 slp|[from] item: Leftovers\n|upkeep\n|turn|7\n|\n|t:|1636441190\n|switch|p2a: Zapdos|Zapdos-Galar|100\/100\n|cant|p1a: Moon|slp\n|\n|-heal|p1a: Moon|92\/100 slp|[from] item: Leftovers\n|upkeep\n|turn|8\n|\n|t:|1636441198\n|move|p2a: Zapdos|Brave Bird|p1a: Moon\n|-damage|p1a: Moon|59\/100 slp\n|-damage|p2a: Zapdos|87\/100|[from] Recoil\n|-curestatus|p1a: Moon|slp|[msg]\n|move|p1a: Moon|Cosmic Power|p1a: Moon\n|-boost|p1a: Moon|def|1\n|-boost|p1a: Moon|spd|1\n|\n|-heal|p1a: Moon|65\/100|[from] item: Leftovers\n|upkeep\n|turn|9\n|\n|t:|1636441210\n|move|p2a: Zapdos|Brave Bird|p1a: Moon\n|-damage|p1a: Moon|40\/100\n|-damage|p2a: Zapdos|77\/100|[from] Recoil\n|move|p1a: Moon|Soft-Boiled|p1a: Moon\n|-heal|p1a: Moon|90\/100\n|\n|-heal|p1a: Moon|96\/100|[from] item: Leftovers\n|upkeep\n|turn|10\n|-message|Alu9204 forfeited.\n|\n|win|VictiniIsKami\n|raw|VictiniIsKami's rating: 1499 &rarr; <strong>1520<\/strong><br \/>(+21 for winning)\n|raw|Alu9204's rating: 1513 &rarr; <strong>1492<\/strong><br \/>(-21 for losing)\n|l|\u2606Alu9204\n","uploadtime":1636441220,"views":15,"p1id":"victiniiskami","p2id":"alu9204","formatid":"gen8nationaldex","rating":1492,"private":0,"password":null}