{"id":"gen8ou-1635039877","p1":"kstiemsma","p2":"brifye","format":"gen8ou","log":"|j|\u2606kstiemsma\n|j|\u2606brifye\n|t:|1659972481\n|gametype|singles\n|player|p1|kstiemsma|hexmaniac-gen6|1541\n|player|p2|brifye|petrel|1524\n|teamsize|p1|6\n|teamsize|p2|6\n|gen|8\n|tier|[Gen 8] OU\n|rated|\n|rule|Sleep Clause Mod: Limit one foe put to sleep\n|rule|Species Clause: Limit one of each Pok\u00e9mon\n|rule|OHKO Clause: OHKO moves are banned\n|rule|Evasion Items Clause: Evasion items are banned\n|rule|Evasion Moves Clause: Evasion moves are banned\n|rule|Endless Battle Clause: Forcing endless battles is banned\n|rule|HP Percentage Mod: HP is shown in percentages\n|rule|Dynamax Clause: You cannot dynamax\n|clearpoke\n|poke|p1|Zarude|\n|poke|p1|Heatran, M|\n|poke|p1|Dragonite, F|\n|poke|p1|Melmetal|\n|poke|p1|Landorus-Therian, M|\n|poke|p1|Tapu Fini|\n|poke|p2|Weavile, M|\n|poke|p2|Tapu Fini|\n|poke|p2|Landorus-Therian, M|\n|poke|p2|Ferrothorn, F|\n|poke|p2|Heatran, M|\n|poke|p2|Tornadus-Therian, M|\n|teampreview\n|\n|t:|1659972499\n|start\n|switch|p1a: Tron Cat|Landorus-Therian, M|100\/100\n|switch|p2a: Tornadus|Tornadus-Therian, M|100\/100\n|-ability|p1a: Tron Cat|Intimidate|boost\n|-unboost|p2a: Tornadus|atk|1\n|turn|1\n|\n|t:|1659972512\n|move|p2a: Tornadus|U-turn|p1a: Tron Cat\n|-resisted|p1a: Tron Cat\n|-damage|p1a: Tron Cat|96\/100\n|inactive|Battle timer is ON: inactive players will automatically lose when time's up. (requested by brifye)\n|\n|t:|1659972515\n|switch|p2a: Ferrothorn|Ferrothorn, F|100\/100|[from]move: U-turn\n|move|p1a: Tron Cat|Knock Off|p2a: Ferrothorn\n|-damage|p2a: Ferrothorn|84\/100\n|-damage|p1a: Tron Cat|84\/100|[from] ability: Iron Barbs|[of] p2a: Ferrothorn\n|-damage|p1a: Tron Cat|67\/100|[from] item: Rocky Helmet|[of] p2a: Ferrothorn\n|-enditem|p2a: Ferrothorn|Rocky Helmet|[from] move: Knock Off|[of] p1a: Tron Cat\n|\n|-heal|p1a: Tron Cat|73\/100|[from] item: Leftovers\n|upkeep\n|turn|2\n|\n|t:|1659972526\n|switch|p1a: Yonkers|Heatran, M|100\/100\n|move|p2a: Ferrothorn|Stealth Rock|p1a: Yonkers\n|-sidestart|p1: kstiemsma|move: Stealth Rock\n|\n|upkeep\n|turn|3\n|\n|t:|1659972543\n|switch|p2a: Heatran|Heatran, M|100\/100\n|-item|p2a: Heatran|Air Balloon\n|move|p1a: Yonkers|Stealth Rock|p2a: Heatran\n|-sidestart|p2: brifye|move: Stealth Rock\n|\n|upkeep\n|turn|4\n|\n|t:|1659972552\n|switch|p1a: Tron Cat|Landorus-Therian, M|73\/100\n|-damage|p1a: Tron Cat|61\/100|[from] Stealth Rock\n|-ability|p1a: Tron Cat|Intimidate|boost\n|-unboost|p2a: Heatran|atk|1\n|move|p2a: Heatran|Magma Storm|p1a: Tron Cat\n|-damage|p1a: Tron Cat|21\/100\n|-activate|p1a: Tron Cat|move: Magma Storm|[of] p2a: Heatran\n|\n|-heal|p1a: Tron Cat|27\/100|[from] item: Leftovers\n|-damage|p1a: Tron Cat|15\/100|[from] move: Magma Storm|[partiallytrapped]\n|upkeep\n|turn|5\n|\n|t:|1659972563\n|switch|p2a: Ferrothorn|Ferrothorn, F|84\/100\n|-damage|p2a: Ferrothorn|77\/100|[from] Stealth Rock\n|move|p1a: Tron Cat|Knock Off|p2a: Ferrothorn\n|-damage|p2a: Ferrothorn|66\/100\n|-damage|p1a: Tron Cat|2\/100|[from] ability: Iron Barbs|[of] p2a: Ferrothorn\n|\n|-heal|p1a: Tron Cat|8\/100|[from] item: Leftovers\n|-end|p1a: Tron Cat|Magma Storm|[partiallytrapped]|[silent]\n|upkeep\n|turn|6\n|\n|t:|1659972572\n|move|p1a: Tron Cat|Defog|p2a: Ferrothorn\n|-unboost|p2a: Ferrothorn|evasion|1\n|-sideend|p2: brifye|Stealth Rock|[from] move: Defog|[of] p1a: Tron Cat\n|-sideend|p1: kstiemsma|Stealth Rock|[from] move: Defog|[of] p1a: Tron Cat\n|move|p2a: Ferrothorn|Leech Seed|p1a: Tron Cat\n|-start|p1a: Tron Cat|move: Leech Seed\n|\n|-heal|p1a: Tron Cat|14\/100|[from] item: Leftovers\n|-damage|p1a: Tron Cat|2\/100|[from] Leech Seed|[of] p2a: Ferrothorn\n|-heal|p2a: Ferrothorn|79\/100|[silent]\n|upkeep\n|turn|7\n|\n|t:|1659972581\n|switch|p1a: She|Dragonite, F, shiny|100\/100\n|move|p2a: Ferrothorn|Stealth Rock|p1a: She\n|-sidestart|p1: kstiemsma|move: Stealth Rock\n|\n|upkeep\n|turn|8\n|\n|t:|1659972586\n|move|p1a: She|Substitute|p1a: She\n|-start|p1a: She|Substitute\n|-damage|p1a: She|76\/100\n|move|p2a: Ferrothorn|Leech Seed||[still]\n|-fail|p2a: Ferrothorn\n|\n|upkeep\n|turn|9\n|\n|t:|1659972591\n|switch|p2a: Tapu Fini|Tapu Fini|100\/100\n|-fieldstart|move: Misty Terrain|[from] ability: Misty Surge|[of] p2a: Tapu Fini\n|move|p1a: She|Dragon Dance|p1a: She\n|-boost|p1a: She|atk|1\n|-boost|p1a: She|spe|1\n|\n|upkeep\n|turn|10\n|\n|t:|1659972599\n|move|p1a: She|Dragon Dance|p1a: She\n|-boost|p1a: She|atk|1\n|-boost|p1a: She|spe|1\n|move|p2a: Tapu Fini|Taunt|p1a: She\n|-start|p1a: She|move: Taunt\n|\n|upkeep\n|turn|11\n|\n|t:|1659972605\n|move|p1a: She|Dual Wingbeat|p2a: Tapu Fini\n|-damage|p2a: Tapu Fini|76\/100\n|-damage|p2a: Tapu Fini|50\/100\n|-hitcount|p2a: Tapu Fini|2\n|move|p2a: Tapu Fini|Moonblast|p1a: She\n|-supereffective|p1a: She\n|-end|p1a: She|Substitute\n|\n|-heal|p2a: Tapu Fini|57\/100|[from] item: Leftovers\n|upkeep\n|turn|12\n|\n|t:|1659972615\n|move|p1a: She|Dual Wingbeat|p2a: Tapu Fini\n|-damage|p2a: Tapu Fini|29\/100\n|-damage|p2a: Tapu Fini|2\/100\n|-hitcount|p2a: Tapu Fini|2\n|move|p2a: Tapu Fini|Moonblast|p1a: She\n|-supereffective|p1a: She\n|-damage|p1a: She|17\/100\n|\n|-heal|p2a: Tapu Fini|8\/100|[from] item: Leftovers\n|upkeep\n|turn|13\n|\n|t:|1659972624\n|move|p1a: She|Dual Wingbeat|p2a: Tapu Fini\n|-damage|p2a: Tapu Fini|0 fnt\n|faint|p2a: Tapu Fini\n|-hitcount|p2: Tapu Fini|1\n|\n|-end|p1a: She|move: Taunt\n|-fieldend|Misty Terrain\n|upkeep\n|\n|t:|1659972630\n|switch|p2a: Weavile|Weavile, M|100\/100\n|-ability|p2a: Weavile|Pressure\n|turn|14\n|\n|t:|1659972634\n|switch|p1a: Tron Cat|Landorus-Therian, M|2\/100\n|-damage|p1a: Tron Cat|0 fnt|[from] Stealth Rock\n|faint|p1a: Tron Cat\n|move|p2a: Weavile|Ice Shard|p1: Tron Cat|[notarget]\n|-fail|p2a: Weavile\n|\n|upkeep\n|\n|t:|1659972637\n|switch|p1a: Yonkers|Heatran, M|100\/100\n|-damage|p1a: Yonkers|88\/100|[from] Stealth Rock\n|turn|15\n|\n|t:|1659972643\n|switch|p2a: Heatran|Heatran, M|100\/100\n|-item|p2a: Heatran|Air Balloon\n|move|p1a: Yonkers|Stealth Rock|p2a: Heatran\n|-sidestart|p2: brifye|move: Stealth Rock\n|\n|-heal|p1a: Yonkers|94\/100|[from] item: Leftovers\n|upkeep\n|turn|16\n|\n|t:|1659972650\n|move|p2a: Heatran|Magma Storm|p1a: Yonkers\n|-damage|p1a: Yonkers|43\/100\n|-activate|p1a: Yonkers|move: Magma Storm|[of] p2a: Heatran\n|move|p1a: Yonkers|Body Press|p2a: Heatran\n|-supereffective|p2a: Heatran\n|-damage|p2a: Heatran|50\/100\n|-enditem|p2a: Heatran|Air Balloon\n|\n|-heal|p1a: Yonkers|49\/100|[from] item: Leftovers\n|-damage|p1a: Yonkers|37\/100|[from] move: Magma Storm|[partiallytrapped]\n|upkeep\n|turn|17\n|\n|t:|1659972660\n|move|p2a: Heatran|Earth Power|p1a: Yonkers\n|-supereffective|p1a: Yonkers\n|-damage|p1a: Yonkers|0 fnt\n|faint|p1a: Yonkers\n|\n|upkeep\n|\n|t:|1659972667\n|switch|p1a: Fish|Tapu Fini, shiny|100\/100\n|-damage|p1a: Fish|88\/100|[from] Stealth Rock\n|-fieldstart|move: Misty Terrain|[from] ability: Misty Surge|[of] p1a: Fish\n|turn|18\n|\n|t:|1659972671\n|move|p1a: Fish|Scald|p2a: Heatran\n|-supereffective|p2a: Heatran\n|-damage|p2a: Heatran|0 fnt\n|faint|p2a: Heatran\n|\n|upkeep\n|\n|t:|1659972681\n|switch|p2a: Ferrothorn|Ferrothorn, F|79\/100\n|-damage|p2a: Ferrothorn|73\/100|[from] Stealth Rock\n|turn|19\n|\n|t:|1659972685\n|switch|p1a: Goblin|Zarude|100\/100\n|-damage|p1a: Goblin|88\/100|[from] Stealth Rock\n|move|p2a: Ferrothorn|Gyro Ball|p1a: Goblin\n|-damage|p1a: Goblin|40\/100\n|\n|-heal|p1a: Goblin|47\/100|[from] item: Leftovers\n|upkeep\n|turn|20\n|\n|t:|1659972693\n|move|p1a: Goblin|Bulk Up|p1a: Goblin\n|-boost|p1a: Goblin|atk|1\n|-boost|p1a: Goblin|def|1\n|move|p2a: Ferrothorn|Gyro Ball|p1a: Goblin\n|-damage|p1a: Goblin|17\/100\n|\n|-heal|p1a: Goblin|23\/100|[from] item: Leftovers\n|upkeep\n|turn|21\n|\n|t:|1659972703\n|switch|p2a: Landorus|Landorus-Therian, M|100\/100\n|-damage|p2a: Landorus|88\/100|[from] Stealth Rock\n|-ability|p2a: Landorus|Intimidate|boost\n|-unboost|p1a: Goblin|atk|1\n|move|p1a: Goblin|Jungle Healing|p1a: Goblin\n|-heal|p1a: Goblin|48\/100\n|\n|-heal|p1a: Goblin|54\/100|[from] item: Leftovers\n|-heal|p2a: Landorus|94\/100|[from] item: Leftovers\n|upkeep\n|turn|22\n|\n|t:|1659972713\n|switch|p1a: Fish|Tapu Fini, shiny|88\/100\n|-damage|p1a: Fish|76\/100|[from] Stealth Rock\n|move|p2a: Landorus|U-turn|p1a: Fish\n|-resisted|p1a: Fish\n|-damage|p1a: Fish|66\/100\n|\n|t:|1659972719\n|switch|p2a: Ferrothorn|Ferrothorn, F|73\/100|[from]move: U-turn\n|-damage|p2a: Ferrothorn|67\/100|[from] Stealth Rock\n|\n|-fieldend|Misty Terrain\n|upkeep\n|turn|23\n|\n|t:|1659972731\n|move|p1a: Fish|Trick|p2a: Ferrothorn\n|-activate|p1a: Fish|move: Trick|[of] p2a: Ferrothorn\n|-item|p2a: Ferrothorn|Choice Scarf|[from] move: Trick\n|-enditem|p1a: Fish|Choice Scarf|[silent]|[from] move: Trick\n|move|p2a: Ferrothorn|Gyro Ball|p1a: Fish\n|-damage|p1a: Fish|30\/100\n|\n|upkeep\n|turn|24\n|\n|t:|1659972739\n|switch|p1a: Transylvania|Melmetal, shiny|100\/100\n|-damage|p1a: Transylvania|94\/100|[from] Stealth Rock\n|move|p2a: Ferrothorn|Gyro Ball|p1a: Transylvania\n|-resisted|p1a: Transylvania\n|-damage|p1a: Transylvania|90\/100\n|\n|-heal|p1a: Transylvania|96\/100|[from] item: Leftovers\n|upkeep\n|turn|25\n|\n|t:|1659972748\n|switch|p2a: Landorus|Landorus-Therian, M|94\/100\n|-damage|p2a: Landorus|82\/100|[from] Stealth Rock\n|-ability|p2a: Landorus|Intimidate|boost\n|-unboost|p1a: Transylvania|atk|1\n|move|p1a: Transylvania|Toxic|p2a: Landorus\n|-status|p2a: Landorus|tox\n|\n|-heal|p2a: Landorus|88\/100 tox|[from] item: Leftovers\n|-heal|p1a: Transylvania|100\/100|[from] item: Leftovers\n|-damage|p2a: Landorus|82\/100 tox|[from] psn\n|upkeep\n|turn|26\n|\n|t:|1659972761\n|switch|p2a: Tornadus|Tornadus-Therian, M|100\/100\n|-damage|p2a: Tornadus|76\/100|[from] Stealth Rock\n|move|p1a: Transylvania|Protect||[still]\n|-fail|p1a: Transylvania\n|\n|upkeep\n|turn|27\n|\n|t:|1659972771\n|move|p2a: Tornadus|Heat Wave|p1a: Transylvania\n|-supereffective|p1a: Transylvania\n|-damage|p1a: Transylvania|62\/100\n|move|p1a: Transylvania|Toxic|p2a: Tornadus\n|-status|p2a: Tornadus|tox\n|\n|-heal|p1a: Transylvania|68\/100|[from] item: Leftovers\n|-damage|p2a: Tornadus|69\/100 tox|[from] psn\n|upkeep\n|turn|28\n|\n|t:|1659972779\n|switch|p2a: Landorus|Landorus-Therian, M|82\/100 tox\n|-damage|p2a: Landorus|70\/100 tox|[from] Stealth Rock\n|-ability|p2a: Landorus|Intimidate|boost\n|-unboost|p1a: Transylvania|atk|1\n|move|p1a: Transylvania|Protect||[still]\n|-fail|p1a: Transylvania\n|\n|-heal|p2a: Landorus|76\/100 tox|[from] item: Leftovers\n|-heal|p1a: Transylvania|74\/100|[from] item: Leftovers\n|-damage|p2a: Landorus|70\/100 tox|[from] psn\n|upkeep\n|turn|29\n|\n|t:|1659972790\n|move|p1a: Transylvania|Protect|p1a: Transylvania\n|-singleturn|p1a: Transylvania|Protect\n|move|p2a: Landorus|Earthquake|p1a: Transylvania\n|-activate|p1a: Transylvania|move: Protect\n|\n|-heal|p2a: Landorus|76\/100 tox|[from] item: Leftovers\n|-heal|p1a: Transylvania|80\/100|[from] item: Leftovers\n|-damage|p2a: Landorus|64\/100 tox|[from] psn\n|upkeep\n|turn|30\n|\n|t:|1659972798\n|switch|p1a: Goblin|Zarude|54\/100\n|-damage|p1a: Goblin|42\/100|[from] Stealth Rock\n|move|p2a: Landorus|Earthquake|p1a: Goblin\n|-resisted|p1a: Goblin\n|-damage|p1a: Goblin|19\/100\n|\n|-heal|p1a: Goblin|25\/100|[from] item: Leftovers\n|-heal|p2a: Landorus|70\/100 tox|[from] item: Leftovers\n|-damage|p2a: Landorus|52\/100 tox|[from] psn\n|upkeep\n|turn|31\n|\n|t:|1659972809\n|move|p1a: Goblin|Jungle Healing|p1a: Goblin\n|-heal|p1a: Goblin|50\/100\n|move|p2a: Landorus|U-turn|p1a: Goblin\n|-supereffective|p1a: Goblin\n|-damage|p1a: Goblin|0 fnt\n|faint|p1a: Goblin\n|\n|t:|1659972818\n|switch|p2a: Weavile|Weavile, M|100\/100|[from]move: U-turn\n|-ability|p2a: Weavile|Pressure\n|\n|upkeep\n|\n|t:|1659972827\n|switch|p1a: Transylvania|Melmetal, shiny|80\/100\n|-damage|p1a: Transylvania|74\/100|[from] Stealth Rock\n|turn|32\n|\n|t:|1659972836\n|switch|p2a: Ferrothorn|Ferrothorn, F|67\/100\n|-damage|p2a: Ferrothorn|61\/100|[from] Stealth Rock\n|move|p1a: Transylvania|Double Iron Bash|p2a: Ferrothorn\n|-resisted|p2a: Ferrothorn\n|-damage|p2a: Ferrothorn|49\/100\n|-damage|p1a: Transylvania|61\/100|[from] ability: Iron Barbs|[of] p2a: Ferrothorn\n|-resisted|p2a: Ferrothorn\n|-damage|p2a: Ferrothorn|35\/100\n|-damage|p1a: Transylvania|49\/100|[from] ability: Iron Barbs|[of] p2a: Ferrothorn\n|-hitcount|p2a: Ferrothorn|2\n|\n|-heal|p1a: Transylvania|55\/100|[from] item: Leftovers\n|upkeep\n|turn|33\n|\n|t:|1659972848\n|move|p1a: Transylvania|Protect|p1a: Transylvania\n|-singleturn|p1a: Transylvania|Protect\n|move|p2a: Ferrothorn|Leech Seed|p1a: Transylvania\n|-activate|p1a: Transylvania|move: Protect\n|\n|-heal|p1a: Transylvania|61\/100|[from] item: Leftovers\n|upkeep\n|turn|34\n|\n|t:|1659972854\n|switch|p1a: Fish|Tapu Fini, shiny|30\/100\n|-damage|p1a: Fish|18\/100|[from] Stealth Rock\n|-fieldstart|move: Misty Terrain|[from] ability: Misty Surge|[of] p1a: Fish\n|move|p2a: Ferrothorn|Leech Seed|p1a: Fish\n|-start|p1a: Fish|move: Leech Seed\n|\n|-damage|p1a: Fish|5\/100|[from] Leech Seed|[of] p2a: Ferrothorn\n|-heal|p2a: Ferrothorn|47\/100|[silent]\n|upkeep\n|turn|35\n|\n|t:|1659972866\n|switch|p2a: Tornadus|Tornadus-Therian, M|100\/100 tox\n|-damage|p2a: Tornadus|76\/100 tox|[from] Stealth Rock\n|move|p1a: Fish|Taunt|p2a: Tornadus\n|-start|p2a: Tornadus|move: Taunt\n|\n|-damage|p1a: Fish|0 fnt|[from] Leech Seed|[of] p2a: Tornadus\n|-heal|p2a: Tornadus|80\/100 tox|[silent]\n|faint|p1a: Fish\n|-damage|p2a: Tornadus|74\/100 tox|[from] psn\n|upkeep\n|\n|t:|1659972879\n|switch|p1a: She|Dragonite, F, shiny|17\/100\n|turn|36\n|\n|t:|1659972882\n|move|p2a: Tornadus|Knock Off|p1a: She\n|-damage|p1a: She|2\/100\n|-enditem|p1a: She|Heavy-Duty Boots|[from] move: Knock Off|[of] p2a: Tornadus\n|move|p1a: She|Roost|p1a: She\n|-heal|p1a: She|52\/100\n|-singleturn|p1a: She|move: Roost\n|\n|-damage|p2a: Tornadus|62\/100 tox|[from] psn\n|upkeep\n|turn|37\n|\n|t:|1659972891\n|move|p2a: Tornadus|U-turn|p1a: She\n|-resisted|p1a: She\n|-crit|p1a: She\n|-damage|p1a: She|44\/100\n|\n|t:|1659972897\n|switch|p2a: Weavile|Weavile, M|100\/100|[from]move: U-turn\n|-ability|p2a: Weavile|Pressure\n|move|p1a: She|Roost|p1a: She\n|-heal|p1a: She|94\/100\n|-singleturn|p1a: She|move: Roost\n|\n|upkeep\n|turn|38\n|\n|t:|1659972905\n|switch|p1a: Transylvania|Melmetal, shiny|61\/100\n|-damage|p1a: Transylvania|55\/100|[from] Stealth Rock\n|move|p2a: Weavile|Triple Axel|p1a: Transylvania\n|-resisted|p1a: Transylvania\n|-crit|p1a: Transylvania\n|-damage|p1a: Transylvania|50\/100\n|-hitcount|p1a: Transylvania|1\n|\n|-heal|p1a: Transylvania|56\/100|[from] item: Leftovers\n|-fieldend|Misty Terrain\n|upkeep\n|turn|39\n|\n|t:|1659972915\n|switch|p2a: Ferrothorn|Ferrothorn, F|47\/100\n|-damage|p2a: Ferrothorn|41\/100|[from] Stealth Rock\n|move|p1a: Transylvania|Earthquake|p2a: Ferrothorn\n|-damage|p2a: Ferrothorn|17\/100\n|\n|-heal|p1a: Transylvania|63\/100|[from] item: Leftovers\n|upkeep\n|turn|40\n|\n|t:|1659972922\n|move|p1a: Transylvania|Protect|p1a: Transylvania\n|-singleturn|p1a: Transylvania|Protect\n|move|p2a: Ferrothorn|Leech Seed|p1a: Transylvania\n|-activate|p1a: Transylvania|move: Protect\n|\n|-heal|p1a: Transylvania|69\/100|[from] item: Leftovers\n|upkeep\n|turn|41\n|\n|t:|1659972928\n|move|p1a: Transylvania|Earthquake|p2a: Ferrothorn\n|-damage|p2a: Ferrothorn|0 fnt\n|faint|p2a: Ferrothorn\n|\n|-heal|p1a: Transylvania|75\/100|[from] item: Leftovers\n|upkeep\n|\n|t:|1659972939\n|switch|p2a: Landorus|Landorus-Therian, M|52\/100 tox\n|-damage|p2a: Landorus|39\/100 tox|[from] Stealth Rock\n|-ability|p2a: Landorus|Intimidate|boost\n|-unboost|p1a: Transylvania|atk|1\n|turn|42\n|\n|t:|1659972944\n|move|p1a: Transylvania|Protect|p1a: Transylvania\n|-singleturn|p1a: Transylvania|Protect\n|move|p2a: Landorus|Earthquake|p1a: Transylvania\n|-activate|p1a: Transylvania|move: Protect\n|\n|-heal|p2a: Landorus|45\/100 tox|[from] item: Leftovers\n|-heal|p1a: Transylvania|81\/100|[from] item: Leftovers\n|-damage|p2a: Landorus|39\/100 tox|[from] psn\n|upkeep\n|turn|43\n|\n|t:|1659972952\n|move|p2a: Landorus|Defog|p1a: Transylvania\n|-unboost|p1a: Transylvania|evasion|1\n|-sideend|p1: kstiemsma|Stealth Rock|[from] move: Defog|[of] p2a: Landorus\n|-sideend|p2: brifye|Stealth Rock|[from] move: Defog|[of] p2a: Landorus\n|move|p1a: Transylvania|Double Iron Bash|p2a: Landorus\n|-damage|p2a: Landorus|9\/100 tox\n|-damage|p2a: Landorus|0 fnt\n|faint|p2a: Landorus\n|-hitcount|p2: Landorus|2\n|\n|-heal|p1a: Transylvania|87\/100|[from] item: Leftovers\n|upkeep\n|\n|t:|1659972961\n|switch|p2a: Tornadus|Tornadus-Therian, M|95\/100 tox\n|turn|44\n|\n|t:|1659972971\n|move|p1a: Transylvania|Protect|p1a: Transylvania\n|-singleturn|p1a: Transylvania|Protect\n|move|p2a: Tornadus|Heat Wave|p1a: Transylvania\n|-activate|p1a: Transylvania|move: Protect\n|\n|-heal|p1a: Transylvania|93\/100|[from] item: Leftovers\n|-damage|p2a: Tornadus|89\/100 tox|[from] psn\n|upkeep\n|turn|45\n|\n|t:|1659972979\n|switch|p1a: She|Dragonite, F, shiny|94\/100\n|move|p2a: Tornadus|Heat Wave|p1a: She\n|-resisted|p1a: She\n|-damage|p1a: She|83\/100\n|\n|-damage|p2a: Tornadus|77\/100 tox|[from] psn\n|upkeep\n|turn|46\n|\n|t:|1659972986\n|move|p2a: Tornadus|Knock Off|p1a: She\n|-damage|p1a: She|74\/100\n|move|p1a: She|Dual Wingbeat|p2a: Tornadus\n|-damage|p2a: Tornadus|56\/100 tox\n|-damage|p2a: Tornadus|37\/100 tox\n|-hitcount|p2a: Tornadus|2\n|\n|-damage|p2a: Tornadus|18\/100 tox|[from] psn\n|upkeep\n|turn|47\n|\n|t:|1659972994\n|move|p2a: Tornadus|Hurricane|p1a: She|[miss]\n|-miss|p2a: Tornadus|p1a: She\n|move|p1a: She|Dual Wingbeat|p2a: Tornadus\n|-damage|p2a: Tornadus|0 fnt\n|faint|p2a: Tornadus\n|-hitcount|p2: Tornadus|1\n|\n|upkeep\n|\n|t:|1659973001\n|switch|p2a: Weavile|Weavile, M|100\/100\n|-ability|p2a: Weavile|Pressure\n|turn|48\n|\n|t:|1659973005\n|move|p2a: Weavile|Swords Dance|p2a: Weavile\n|-boost|p2a: Weavile|atk|2\n|move|p1a: She|Dual Wingbeat|p2a: Weavile\n|-damage|p2a: Weavile|71\/100\n|-damage|p2a: Weavile|40\/100\n|-hitcount|p2a: Weavile|2\n|\n|upkeep\n|turn|49\n|\n|t:|1659973012\n|move|p2a: Weavile|Swords Dance|p2a: Weavile\n|-boost|p2a: Weavile|atk|2\n|move|p1a: She|Dual Wingbeat|p2a: Weavile\n|-damage|p2a: Weavile|11\/100\n|-damage|p2a: Weavile|0 fnt\n|faint|p2a: Weavile\n|-hitcount|p2: Weavile|2\n|\n|win|kstiemsma\n|raw|kstiemsma's rating: 1541 &rarr; <strong>1560<\/strong><br \/>(+19 for winning)\n|raw|brifye's rating: 1524 &rarr; <strong>1505<\/strong><br \/>(-19 for losing)\n|l|\u2606brifye\n||Ladder isn't responding, score probably updated but might not have (Request timeout).\n","uploadtime":1659973047,"views":20,"p1id":"kstiemsma","p2id":"brifye","formatid":"gen8ou","rating":1505,"private":0,"password":null}