{"id":"gen8ou-1638910800","p1":"LT93OQRandAlThor","p2":"himynametay","format":"gen8ou","log":"|j|\u2606LT93OQRandAlThor\n|j|\u203dhimynametay\n|t:|1660412096\n|gametype|singles\n|player|p1|LT93OQRandAlThor|zinnia|1611\n|player|p2|himynametay|elesa-masters|1621\n|teamsize|p1|6\n|teamsize|p2|6\n|gen|8\n|tier|[Gen 8] OU\n|rated|\n|rule|Sleep Clause Mod: Limit one foe put to sleep\n|rule|Species Clause: Limit one of each Pok\u00e9mon\n|rule|OHKO Clause: OHKO moves are banned\n|rule|Evasion Items Clause: Evasion items are banned\n|rule|Evasion Moves Clause: Evasion moves are banned\n|rule|Endless Battle Clause: Forcing endless battles is banned\n|rule|HP Percentage Mod: HP is shown in percentages\n|rule|Dynamax Clause: You cannot dynamax\n|clearpoke\n|poke|p1|Landorus-Therian, M|\n|poke|p1|Rillaboom, M|\n|poke|p1|Volcarona, F|\n|poke|p1|Azumarill, M|\n|poke|p1|Jirachi|\n|poke|p1|Hawlucha, F|\n|poke|p2|Landorus-Therian, M|\n|poke|p2|Ferrothorn, M|\n|poke|p2|Urshifu-*, F|\n|poke|p2|Tornadus-Therian, M|\n|poke|p2|Dragapult, F|\n|poke|p2|Tapu Lele|\n|teampreview\n|inactive|Battle timer is ON: inactive players will automatically lose when time's up. (requested by LT93OQRandAlThor)\n|\n|t:|1660412137\n|start\n|switch|p1a: Azumarill|Azumarill, M|100\/100\n|switch|p2a: Dragapult|Dragapult, F|100\/100\n|turn|1\n|inactive|LT93OQRandAlThor has 120 seconds left.\n|\n|t:|1660412178\n|move|p2a: Dragapult|U-turn|p1a: Azumarill\n|-resisted|p1a: Azumarill\n|-damage|p1a: Azumarill|91\/100\n|\n|t:|1660412198\n|switch|p2a: Ferrothorn|Ferrothorn, M|100\/100|[from]move: U-turn\n|move|p1a: Azumarill|Knock Off|p2a: Ferrothorn\n|-damage|p2a: Ferrothorn|74\/100\n|-damage|p1a: Azumarill|78\/100|[from] ability: Iron Barbs|[of] p2a: Ferrothorn\n|-damage|p1a: Azumarill|62\/100|[from] item: Rocky Helmet|[of] p2a: Ferrothorn\n|-enditem|p2a: Ferrothorn|Rocky Helmet|[from] move: Knock Off|[of] p1a: Azumarill\n|\n|upkeep\n|turn|2\n|inactive|LT93OQRandAlThor has 120 seconds left.\n|\n|t:|1660412231\n|switch|p1a: Three Fold Land|Landorus-Therian, M|100\/100\n|-ability|p1a: Three Fold Land|Intimidate|boost\n|-unboost|p2a: Ferrothorn|atk|1\n|move|p2a: Ferrothorn|Stealth Rock|p1a: Three Fold Land\n|-sidestart|p1: LT93OQRandAlThor|move: Stealth Rock\n|\n|upkeep\n|turn|3\n|\n|t:|1660412239\n|move|p1a: Three Fold Land|Stealth Rock|p2a: Ferrothorn\n|-sidestart|p2: himynametay|move: Stealth Rock\n|move|p2a: Ferrothorn|Knock Off|p1a: Three Fold Land\n|-crit|p1a: Three Fold Land\n|-damage|p1a: Three Fold Land|65\/100\n|-enditem|p1a: Three Fold Land|Focus Sash|[from] move: Knock Off|[of] p2a: Ferrothorn\n|\n|upkeep\n|turn|4\n|\n|t:|1660412245\n|move|p1a: Three Fold Land|Swords Dance|p1a: Three Fold Land\n|-boost|p1a: Three Fold Land|atk|2\n|move|p2a: Ferrothorn|Gyro Ball|p1a: Three Fold Land\n|-damage|p1a: Three Fold Land|30\/100\n|\n|upkeep\n|turn|5\n|\n|t:|1660412253\n|move|p1a: Three Fold Land|Earthquake|p2a: Ferrothorn\n|-crit|p2a: Ferrothorn\n|-damage|p2a: Ferrothorn|0 fnt\n|faint|p2a: Ferrothorn\n|\n|upkeep\n|\n|t:|1660412257\n|switch|p2a: Dragapult|Dragapult, F|100\/100\n|-damage|p2a: Dragapult|88\/100|[from] Stealth Rock\n|turn|6\n|\n|t:|1660412262\n|move|p2a: Dragapult|Shadow Ball|p1a: Three Fold Land\n|-damage|p1a: Three Fold Land|0 fnt\n|faint|p1a: Three Fold Land\n|\n|upkeep\n|inactive|LT93OQRandAlThor has 120 seconds left.\n|\n|t:|1660412280\n|switch|p1a: Azumarill|Azumarill, M|62\/100\n|-damage|p1a: Azumarill|49\/100|[from] Stealth Rock\n|-enditem|p1a: Azumarill|Sitrus Berry|[eat]\n|-heal|p1a: Azumarill|74\/100|[from] item: Sitrus Berry\n|turn|7\n|inactive|LT93OQRandAlThor has 120 seconds left.\n|\n|t:|1660412296\n|move|p2a: Dragapult|Shadow Ball|p1a: Azumarill\n|-damage|p1a: Azumarill|12\/100\n|move|p1a: Azumarill|Play Rough|p2a: Dragapult\n|-supereffective|p2a: Dragapult\n|-damage|p2a: Dragapult|0 fnt\n|faint|p2a: Dragapult\n|\n|upkeep\n|\n|t:|1660412299\n|switch|p2a: Tapu Lele|Tapu Lele|100\/100\n|-damage|p2a: Tapu Lele|88\/100|[from] Stealth Rock\n|-fieldstart|move: Psychic Terrain|[from] ability: Psychic Surge|[of] p2a: Tapu Lele\n|turn|8\n|inactive|LT93OQRandAlThor has 120 seconds left.\n|\n|t:|1660412315\n|move|p2a: Tapu Lele|Psyshock|p1a: Azumarill\n|-damage|p1a: Azumarill|0 fnt\n|faint|p1a: Azumarill\n|\n|upkeep\n|\n|t:|1660412319\n|switch|p1a: Toss The Dice|Jirachi|100\/100\n|-damage|p1a: Toss The Dice|94\/100|[from] Stealth Rock\n|turn|9\n|inactive|LT93OQRandAlThor has 120 seconds left.\n|\n|t:|1660412331\n|switch|p2a: Landorus|Landorus-Therian, M|100\/100\n|-damage|p2a: Landorus|88\/100|[from] Stealth Rock\n|-ability|p2a: Landorus|Intimidate|boost\n|-unboost|p1a: Toss The Dice|atk|1\n|move|p1a: Toss The Dice|Cosmic Power|p1a: Toss The Dice\n|-boost|p1a: Toss The Dice|def|1\n|-boost|p1a: Toss The Dice|spd|1\n|\n|-heal|p2a: Landorus|94\/100|[from] item: Leftovers\n|upkeep\n|turn|10\n|\n|t:|1660412336\n|move|p1a: Toss The Dice|Wish|p1a: Toss The Dice\n|move|p2a: Landorus|Earthquake|p1a: Toss The Dice\n|-supereffective|p1a: Toss The Dice\n|-damage|p1a: Toss The Dice|39\/100\n|-enditem|p1a: Toss The Dice|Weakness Policy\n|-boost|p1a: Toss The Dice|atk|2|[from] item: Weakness Policy\n|-boost|p1a: Toss The Dice|spa|2|[from] item: Weakness Policy\n|\n|-heal|p2a: Landorus|99\/100|[from] item: Leftovers\n|upkeep\n|turn|11\n|\n|t:|1660412345\n|move|p1a: Toss The Dice|Cosmic Power|p1a: Toss The Dice\n|-boost|p1a: Toss The Dice|def|1\n|-boost|p1a: Toss The Dice|spd|1\n|move|p2a: Landorus|Earthquake|p1a: Toss The Dice\n|-supereffective|p1a: Toss The Dice\n|-damage|p1a: Toss The Dice|0 fnt\n|faint|p1a: Toss The Dice\n|\n|-heal|p2a: Landorus|100\/100|[from] item: Leftovers\n|upkeep\n|inactive|LT93OQRandAlThor has 120 seconds left.\n|c|\u2606LT93OQRandAlThor|that one\n|c|\u2606LT93OQRandAlThor|was sad as fuck lmao\n|\n|t:|1660412365\n|switch|p1a: Treebrother|Rillaboom, M|100\/100\n|-damage|p1a: Treebrother|88\/100|[from] Stealth Rock\n|-fieldstart|move: Grassy Terrain|[from] ability: Grassy Surge|[of] p1a: Treebrother\n|turn|12\n|inactive|LT93OQRandAlThor has 120 seconds left.\n|\n|t:|1660412373\n|move|p1a: Treebrother|Knock Off|p2a: Landorus\n|-damage|p2a: Landorus|70\/100\n|-enditem|p2a: Landorus|Leftovers|[from] move: Knock Off|[of] p1a: Treebrother\n|move|p2a: Landorus|U-turn|p1a: Treebrother\n|-supereffective|p1a: Treebrother\n|-damage|p1a: Treebrother|44\/100\n|\n|t:|1660412375\n|switch|p2a: Tapu Lele|Tapu Lele|88\/100|[from]move: U-turn\n|-damage|p2a: Tapu Lele|76\/100|[from] Stealth Rock\n|-fieldstart|move: Psychic Terrain|[from] ability: Psychic Surge|[of] p2a: Tapu Lele\n|\n|-heal|p1a: Treebrother|51\/100|[from] item: Leftovers\n|upkeep\n|turn|13\n|inactive|LT93OQRandAlThor has 120 seconds left.\n|\n|t:|1660412400\n|switch|p1a: Volcarona|Volcarona, F|100\/100\n|move|p2a: Tapu Lele|Psyshock|p1a: Volcarona\n|-damage|p1a: Volcarona|16\/100\n|\n|upkeep\n|turn|14\n|inactive|LT93OQRandAlThor has 120 seconds left.\n|\n|t:|1660412407\n|move|p2a: Tapu Lele|Psyshock|p1a: Volcarona\n|-damage|p1a: Volcarona|0 fnt\n|faint|p1a: Volcarona\n|\n|upkeep\n|inactive|LT93OQRandAlThor has 120 seconds left.\n|\n|t:|1660412417\n|switch|p1a: Treebrother|Rillaboom, M|51\/100\n|-damage|p1a: Treebrother|38\/100|[from] Stealth Rock\n|-fieldstart|move: Grassy Terrain|[from] ability: Grassy Surge|[of] p1a: Treebrother\n|turn|15\n|\n|t:|1660412424\n|switch|p2a: Tornadus|Tornadus-Therian, M|100\/100\n|-damage|p2a: Tornadus|75\/100|[from] Stealth Rock\n|switch|p1a: Hawlucha|Hawlucha, F|100\/100\n|-damage|p1a: Hawlucha|88\/100|[from] Stealth Rock\n|-enditem|p1a: Hawlucha|Grassy Seed\n|-boost|p1a: Hawlucha|def|1|[from] item: Grassy Seed\n|\n|upkeep\n|turn|16\n|inactive|LT93OQRandAlThor has 120 seconds left.\n|\n|t:|1660412446\n|move|p1a: Hawlucha|Substitute|p1a: Hawlucha\n|-start|p1a: Hawlucha|Substitute\n|-damage|p1a: Hawlucha|63\/100\n|move|p2a: Tornadus|Icy Wind|p1a: Hawlucha\n|-supereffective|p1a: Hawlucha\n|-end|p1a: Hawlucha|Substitute\n|\n|upkeep\n|turn|17\n|inactive|LT93OQRandAlThor has 120 seconds left.\n|\n|t:|1660412453\n|move|p1a: Hawlucha|Substitute|p1a: Hawlucha\n|-start|p1a: Hawlucha|Substitute\n|-damage|p1a: Hawlucha|38\/100\n|move|p2a: Tornadus|Icy Wind|p1a: Hawlucha\n|-supereffective|p1a: Hawlucha\n|-end|p1a: Hawlucha|Substitute\n|\n|upkeep\n|turn|18\n|\n|t:|1660412460\n|move|p1a: Hawlucha|Substitute|p1a: Hawlucha\n|-start|p1a: Hawlucha|Substitute\n|-damage|p1a: Hawlucha|13\/100\n|move|p2a: Tornadus|Icy Wind|p1a: Hawlucha\n|-supereffective|p1a: Hawlucha\n|-end|p1a: Hawlucha|Substitute\n|\n|upkeep\n|turn|19\n|\n|t:|1660412471\n|move|p1a: Hawlucha|Acrobatics|p2a: Tornadus\n|-damage|p2a: Tornadus|27\/100\n|move|p2a: Tornadus|Icy Wind|p1a: Hawlucha\n|-supereffective|p1a: Hawlucha\n|-damage|p1a: Hawlucha|0 fnt\n|faint|p1a: Hawlucha\n|\n|-fieldend|move: Grassy Terrain\n|upkeep\n|c|\u2606LT93OQRandAlThor|gg\n|-message|LT93OQRandAlThor forfeited.\n|\n|win|himynametay\n|raw|LT93OQRandAlThor's rating: 1611 &rarr; <strong>1592<\/strong><br \/>(-19 for losing)\n|raw|himynametay's rating: 1621 &rarr; <strong>1640<\/strong><br \/>(+19 for winning)\n|l|\u2606LT93OQRandAlThor\n||Ladder isn't responding, score probably updated but might not have (Request timeout).\n","uploadtime":1660412483,"views":9,"p1id":"lt93oqrandalthor","p2id":"himynametay","formatid":"gen8ou","rating":1592,"private":0,"password":null}