{"id":"gen8ou-1694422642","p1":"broked on bricks","p2":"McDollar03","format":"gen8ou","log":"|html|<div class=\"broadcast-blue\"><strong>[Gen 8] OU is currently suspecting Melmetal! For information on how to participate check out the <a href=\"https:\/\/www.smogon.com\/forums\/threads\/np-ss-ou-suspect-process-round-12-monster-mash.3709234\/\">suspect thread<\/a>.<\/strong><\/div>\n|j|\u2606broked on bricks\n|j|\u2606McDollar03\n|t:|1666704217\n|gametype|singles\n|player|p1|broked on bricks|ultraforestkartenvoy|1480\n|player|p2|McDollar03|veteran-gen4|1458\n|teamsize|p1|6\n|teamsize|p2|6\n|gen|8\n|tier|[Gen 8] OU\n|rated|\n|rule|Sleep Clause Mod: Limit one foe put to sleep\n|rule|Species Clause: Limit one of each Pok\u00e9mon\n|rule|OHKO Clause: OHKO moves are banned\n|rule|Evasion Items Clause: Evasion items are banned\n|rule|Evasion Moves Clause: Evasion moves are banned\n|rule|Endless Battle Clause: Forcing endless battles is banned\n|rule|HP Percentage Mod: HP is shown in percentages\n|rule|Dynamax Clause: You cannot dynamax\n|clearpoke\n|poke|p1|Sharpedo, M|\n|poke|p1|Pelipper, M|\n|poke|p1|Gengar, M|\n|poke|p1|Melmetal|\n|poke|p1|Landorus-Therian, M|\n|poke|p1|Tapu Koko|\n|poke|p2|Volcarona, M|\n|poke|p2|Tyranitar, F|\n|poke|p2|Rillaboom, M|\n|poke|p2|Volcanion|\n|poke|p2|Dragonite, F|\n|poke|p2|Gengar, F|\n|teampreview\n|c|\u2606broked on bricks|glhf\n|inactive|Battle timer is ON: inactive players will automatically lose when time's up. (requested by McDollar03)\n|\n|t:|1666704228\n|start\n|switch|p1a: Tapu Koko|Tapu Koko|100\/100\n|switch|p2a: Vibrato|Volcanion|100\/100\n|-fieldstart|move: Electric Terrain|[from] ability: Electric Surge|[of] p1a: Tapu Koko\n|turn|1\n|\n|t:|1666704235\n|switch|p2a: Tyticif|Tyranitar, F|100\/100\n|-weather|Sandstorm|[from] ability: Sand Stream|[of] p2a: Tyticif\n|move|p1a: Tapu Koko|Volt Switch|p2a: Tyticif\n|-damage|p2a: Tyticif|76\/100\n|\n|t:|1666704243\n|switch|p1a: Pelipper|Pelipper, M|100\/100|[from]move: Volt Switch\n|-weather|RainDance|[from] ability: Drizzle|[of] p1a: Pelipper\n|\n|-weather|RainDance|[upkeep]\n|-heal|p2a: Tyticif|82\/100|[from] item: Leftovers\n|upkeep\n|turn|2\n|\n|t:|1666704251\n|switch|p2a: Vibrato|Volcanion|100\/100\n|move|p1a: Pelipper|U-turn|p2a: Vibrato\n|-resisted|p2a: Vibrato\n|-damage|p2a: Vibrato|97\/100\n|\n|t:|1666704260\n|switch|p1a: Tapu Koko|Tapu Koko|100\/100|[from]move: U-turn\n|\n|-weather|RainDance|[upkeep]\n|upkeep\n|turn|3\n|\n|t:|1666704270\n|switch|p2a: Tyticif|Tyranitar, F|82\/100\n|-weather|Sandstorm|[from] ability: Sand Stream|[of] p2a: Tyticif\n|move|p1a: Tapu Koko|Volt Switch|p2a: Tyticif\n|-damage|p2a: Tyticif|60\/100\n|\n|t:|1666704291\n|switch|p1a: Sharpedo|Sharpedo, M|100\/100|[from]move: Volt Switch\n|\n|-weather|Sandstorm|[upkeep]\n|-damage|p1a: Sharpedo|94\/100|[from] Sandstorm\n|-heal|p2a: Tyticif|66\/100|[from] item: Leftovers\n|upkeep\n|turn|4\n|\n|t:|1666704313\n|move|p1a: Sharpedo|Close Combat|p2a: Tyticif\n|-supereffective|p2a: Tyticif\n|-damage|p2a: Tyticif|0 fnt\n|-unboost|p1a: Sharpedo|def|1\n|-unboost|p1a: Sharpedo|spd|1\n|faint|p2a: Tyticif\n|-damage|p1a: Sharpedo|84\/100|[from] item: Life Orb\n|\n|-weather|Sandstorm|[upkeep]\n|-damage|p1a: Sharpedo|78\/100|[from] Sandstorm\n|-ability|p1a: Sharpedo|Speed Boost|boost\n|-boost|p1a: Sharpedo|spe|1\n|upkeep\n|\n|t:|1666704320\n|switch|p2a: Dragibus|Dragonite, F|100\/100\n|turn|5\n|\n|t:|1666704329\n|switch|p1a: Gengar|Gengar, M, shiny|100\/100\n|move|p2a: Dragibus|Earthquake|p1a: Gengar\n|-supereffective|p1a: Gengar\n|-damage|p1a: Gengar|0 fnt\n|faint|p1a: Gengar\n|\n|-weather|Sandstorm|[upkeep]\n|-damage|p2a: Dragibus|94\/100|[from] Sandstorm\n|-fieldend|move: Electric Terrain\n|upkeep\n|\n|t:|1666704344\n|switch|p1a: Tapu Koko|Tapu Koko|100\/100\n|-fieldstart|move: Electric Terrain|[from] ability: Electric Surge|[of] p1a: Tapu Koko\n|turn|6\n|\n|t:|1666704357\n|move|p1a: Tapu Koko|Dazzling Gleam|p2a: Dragibus\n|-supereffective|p2a: Dragibus\n|-damage|p2a: Dragibus|8\/100\n|move|p2a: Dragibus|Earthquake|p1a: Tapu Koko\n|-supereffective|p1a: Tapu Koko\n|-damage|p1a: Tapu Koko|14\/100\n|\n|-weather|Sandstorm|[upkeep]\n|-damage|p1a: Tapu Koko|8\/100|[from] Sandstorm\n|-damage|p2a: Dragibus|2\/100|[from] Sandstorm\n|upkeep\n|turn|7\n|\n|t:|1666704369\n|switch|p2a: Biliboum|Gengar, F|100\/100\n|move|p1a: Tapu Koko|Dazzling Gleam|p2a: Biliboum\n|-resisted|p2a: Biliboum\n|-damage|p2a: Biliboum|59\/100\n|\n|-weather|none\n|upkeep\n|turn|8\n|\n|t:|1666704376\n|switch|p1a: Melmetal|Melmetal|100\/100\n|move|p2a: Biliboum|Shadow Ball|p1a: Melmetal\n|-damage|p1a: Melmetal|64\/100\n|\n|-heal|p1a: Melmetal|70\/100|[from] item: Leftovers\n|upkeep\n|turn|9\n|\n|t:|1666704384\n|switch|p2a: Papiflam|Volcarona, M|100\/100\n|move|p1a: Melmetal|Toxic|p2a: Papiflam\n|-status|p2a: Papiflam|tox\n|\n|-heal|p1a: Melmetal|76\/100|[from] item: Leftovers\n|-damage|p2a: Papiflam|94\/100 tox|[from] psn\n|upkeep\n|turn|10\n|\n|t:|1666704396\n|switch|p2a: Dragibus|Dragonite, F|2\/100\n|switch|p1a: Landorus|Landorus-Therian, M|100\/100\n|-ability|p1a: Landorus|Intimidate|boost\n|-unboost|p2a: Dragibus|atk|1\n|\n|-fieldend|move: Electric Terrain\n|upkeep\n|turn|11\n|\n|t:|1666704399\n|move|p1a: Landorus|U-turn|p2a: Dragibus\n|-resisted|p2a: Dragibus\n|-damage|p2a: Dragibus|0 fnt\n|faint|p2a: Dragibus\n|-message|McDollar03 forfeited.\n|\n|win|broked on bricks\n|raw|broked on bricks's rating: 1480 &rarr; <strong>1499<\/strong><br \/>(+19 for winning)\n|raw|McDollar03's rating: 1458 &rarr; <strong>1439<\/strong><br \/>(-19 for losing)\n|l|\u2606McDollar03\n||Ladder isn't responding, score probably updated but might not have (Request timeout).\n","uploadtime":1666704412,"views":10,"p1id":"brokedonbricks","p2id":"mcdollar03","formatid":"gen8ou","rating":1439,"private":0,"password":null}