{"id":"gen8ou-1700839806","p1":"Shinjou Akane","p2":"Liangyue pro","format":"gen8ou","log":"|j|\u2606Shinjou Akane\n|j|\u2606Liangyue pro\n|t:|1667391945\n|gametype|singles\n|player|p1|Shinjou Akane|nurse|1667\n|player|p2|Liangyue pro|n|1606\n|teamsize|p1|6\n|teamsize|p2|6\n|gen|8\n|tier|[Gen 8] OU\n|rated|\n|rule|Sleep Clause Mod: Limit one foe put to sleep\n|rule|Species Clause: Limit one of each Pok\u00e9mon\n|rule|OHKO Clause: OHKO moves are banned\n|rule|Evasion Items Clause: Evasion items are banned\n|rule|Evasion Moves Clause: Evasion moves are banned\n|rule|Endless Battle Clause: Forcing endless battles is banned\n|rule|HP Percentage Mod: HP is shown in percentages\n|rule|Dynamax Clause: You cannot dynamax\n|clearpoke\n|poke|p1|Tapu Lele|\n|poke|p1|Blacephalon|\n|poke|p1|Tyranitar, M|\n|poke|p1|Landorus-Therian, M|\n|poke|p1|Corviknight, F|\n|poke|p1|Toxapex, M|\n|poke|p2|Crawdaunt, M|\n|poke|p2|Pelipper, M|\n|poke|p2|Garchomp, M|\n|poke|p2|Zapdos|\n|poke|p2|Barraskewda, M|\n|poke|p2|Ferrothorn, M|\n|teampreview\n|inactive|Battle timer is ON: inactive players will automatically lose when time's up. (requested by Liangyue pro)\n|\n|t:|1667391956\n|start\n|switch|p1a: Blacephalon|Blacephalon|100\/100\n|switch|p2a: Crawdaunt|Crawdaunt, M|100\/100\n|turn|1\n|\n|t:|1667391962\n|switch|p1a: Toxapex|Toxapex, M|100\/100\n|move|p2a: Crawdaunt|Aqua Jet|p1a: Toxapex\n|-resisted|p1a: Toxapex\n|-damage|p1a: Toxapex|89\/100\n|-damage|p2a: Crawdaunt|84\/100|[from] item: Rocky Helmet|[of] p1a: Toxapex\n|-damage|p2a: Crawdaunt|74\/100|[from] item: Life Orb\n|\n|upkeep\n|turn|2\n|\n|t:|1667391969\n|move|p2a: Crawdaunt|Swords Dance|p2a: Crawdaunt\n|-boost|p2a: Crawdaunt|atk|2\n|move|p1a: Toxapex|Knock Off|p2a: Crawdaunt\n|-resisted|p2a: Crawdaunt\n|-damage|p2a: Crawdaunt|63\/100\n|-enditem|p2a: Crawdaunt|Life Orb|[from] move: Knock Off|[of] p1a: Toxapex\n|\n|upkeep\n|turn|3\n|\n|t:|1667391977\n|move|p2a: Crawdaunt|Knock Off|p1a: Toxapex\n|-damage|p1a: Toxapex|6\/100\n|-damage|p2a: Crawdaunt|47\/100|[from] item: Rocky Helmet|[of] p1a: Toxapex\n|-enditem|p1a: Toxapex|Rocky Helmet|[from] move: Knock Off|[of] p2a: Crawdaunt\n|move|p1a: Toxapex|Haze|p1a: Toxapex\n|-clearallboost\n|\n|upkeep\n|turn|4\n|\n|t:|1667391983\n|switch|p1a: Corviknight|Corviknight, F|100\/100\n|-ability|p1a: Corviknight|Pressure\n|move|p2a: Crawdaunt|Knock Off|p1a: Corviknight\n|-damage|p1a: Corviknight|55\/100\n|-damage|p2a: Crawdaunt|30\/100|[from] item: Rocky Helmet|[of] p1a: Corviknight\n|-enditem|p1a: Corviknight|Rocky Helmet|[from] move: Knock Off|[of] p2a: Crawdaunt\n|\n|upkeep\n|turn|5\n|\n|t:|1667391993\n|move|p2a: Crawdaunt|Crabhammer|p1a: Corviknight\n|-damage|p1a: Corviknight|9\/100\n|move|p1a: Corviknight|Roost|p1a: Corviknight\n|-heal|p1a: Corviknight|59\/100\n|-singleturn|p1a: Corviknight|move: Roost\n|\n|upkeep\n|turn|6\n|\n|t:|1667391997\n|move|p2a: Crawdaunt|Swords Dance|p2a: Crawdaunt\n|-boost|p2a: Crawdaunt|atk|2\n|move|p1a: Corviknight|U-turn|p2a: Crawdaunt\n|-supereffective|p2a: Crawdaunt\n|-damage|p2a: Crawdaunt|0 fnt\n|faint|p2a: Crawdaunt\n|\n|t:|1667392007\n|switch|p1a: Toxapex|Toxapex, M|40\/100|[from]move: U-turn\n|\n|upkeep\n|\n|t:|1667392019\n|switch|p2a: Zapdos|Zapdos|100\/100\n|turn|7\n|\n|t:|1667392023\n|switch|p2a: Pelipper|Pelipper, M, shiny|100\/100\n|-weather|RainDance|[from] ability: Drizzle|[of] p2a: Pelipper\n|switch|p1a: Landorus|Landorus-Therian, M|100\/100\n|-ability|p1a: Landorus|Intimidate|boost\n|-unboost|p2a: Pelipper|atk|1\n|\n|-weather|RainDance|[upkeep]\n|upkeep\n|turn|8\n|\n|t:|1667392032\n|move|p1a: Landorus|U-turn|p2a: Pelipper\n|-resisted|p2a: Pelipper\n|-damage|p2a: Pelipper|87\/100\n|\n|t:|1667392037\n|switch|p1a: Toxapex|Toxapex, M|73\/100|[from]move: U-turn\n|move|p2a: Pelipper|U-turn|p1a: Toxapex\n|-resisted|p1a: Toxapex\n|-damage|p1a: Toxapex|71\/100\n|\n|t:|1667392042\n|switch|p2a: Zapdos|Zapdos|100\/100|[from]move: U-turn\n|\n|-weather|RainDance|[upkeep]\n|upkeep\n|turn|9\n|\n|t:|1667392045\n|switch|p1a: Tyranitar|Tyranitar, M|100\/100\n|-weather|Sandstorm|[from] ability: Sand Stream|[of] p1a: Tyranitar\n|move|p2a: Zapdos|Hurricane|p1a: Tyranitar\n|-resisted|p1a: Tyranitar\n|-damage|p1a: Tyranitar|81\/100\n|-start|p1a: Tyranitar|confusion\n|\n|-weather|Sandstorm|[upkeep]\n|-damage|p2a: Zapdos|94\/100|[from] Sandstorm\n|upkeep\n|turn|10\n|\n|t:|1667392052\n|move|p2a: Zapdos|Volt Switch|p1a: Tyranitar\n|-damage|p1a: Tyranitar|56\/100\n|\n|t:|1667392057\n|switch|p2a: Ferrothorn|Ferrothorn, M|100\/100|[from]move: Volt Switch\n|-activate|p1a: Tyranitar|confusion\n|move|p1a: Tyranitar|Stone Edge|p2a: Ferrothorn\n|-resisted|p2a: Ferrothorn\n|-damage|p2a: Ferrothorn|65\/100\n|\n|-weather|Sandstorm|[upkeep]\n|-heal|p2a: Ferrothorn|71\/100|[from] item: Leftovers\n|upkeep\n|turn|11\n|\n|t:|1667392066\n|-end|p1a: Tyranitar|confusion\n|move|p1a: Tyranitar|Stone Edge|p2a: Ferrothorn\n|-resisted|p2a: Ferrothorn\n|-crit|p2a: Ferrothorn\n|-damage|p2a: Ferrothorn|20\/100\n|move|p2a: Ferrothorn|Stealth Rock|p1a: Tyranitar\n|-sidestart|p1: Shinjou Akane|move: Stealth Rock\n|\n|-weather|Sandstorm|[upkeep]\n|-heal|p2a: Ferrothorn|26\/100|[from] item: Leftovers\n|upkeep\n|turn|12\n|\n|t:|1667392072\n|switch|p2a: Garchomp|Garchomp, M|100\/100\n|move|p1a: Tyranitar|Stone Edge|p2a: Garchomp\n|-resisted|p2a: Garchomp\n|-damage|p2a: Garchomp|57\/100\n|\n|-weather|Sandstorm|[upkeep]\n|-heal|p2a: Garchomp|63\/100|[from] item: Leftovers\n|upkeep\n|turn|13\n|\n|t:|1667392085\n|switch|p1a: Landorus|Landorus-Therian, M|100\/100\n|-damage|p1a: Landorus|88\/100|[from] Stealth Rock\n|-ability|p1a: Landorus|Intimidate|boost\n|-unboost|p2a: Garchomp|atk|1\n|move|p2a: Garchomp|Swords Dance|p2a: Garchomp\n|-boost|p2a: Garchomp|atk|2\n|\n|-weather|none\n|-heal|p2a: Garchomp|69\/100|[from] item: Leftovers\n|-heal|p1a: Landorus|94\/100|[from] item: Leftovers\n|upkeep\n|turn|14\n|\n|t:|1667392090\n|move|p2a: Garchomp|Scale Shot|p1a: Landorus\n|-damage|p1a: Landorus|76\/100\n|-damage|p1a: Landorus|57\/100\n|-damage|p1a: Landorus|38\/100\n|-damage|p1a: Landorus|19\/100\n|-hitcount|p1a: Landorus|4\n|-unboost|p2a: Garchomp|def|1\n|-boost|p2a: Garchomp|spe|1\n|move|p1a: Landorus|Earthquake|p2a: Garchomp\n|-damage|p2a: Garchomp|0 fnt\n|faint|p2a: Garchomp\n|\n|-heal|p1a: Landorus|25\/100|[from] item: Leftovers\n|upkeep\n|\n|t:|1667392095\n|switch|p2a: Barraskewda|Barraskewda, M, shiny|100\/100\n|turn|15\n|\n|t:|1667392098\n|move|p2a: Barraskewda|Psychic Fangs|p1a: Landorus\n|-damage|p1a: Landorus|0 fnt\n|faint|p1a: Landorus\n|\n|upkeep\n|\n|t:|1667392103\n|switch|p1a: Tapu Lele|Tapu Lele|100\/100\n|-damage|p1a: Tapu Lele|88\/100|[from] Stealth Rock\n|-fieldstart|move: Psychic Terrain|[from] ability: Psychic Surge|[of] p1a: Tapu Lele\n|turn|16\n|\n|t:|1667392110\n|switch|p2a: Pelipper|Pelipper, M, shiny|87\/100\n|-weather|RainDance|[from] ability: Drizzle|[of] p2a: Pelipper\n|move|p1a: Tapu Lele|Psychic|p2a: Pelipper\n|-damage|p2a: Pelipper|26\/100\n|\n|-weather|RainDance|[upkeep]\n|upkeep\n|turn|17\n|\n|t:|1667392116\n|switch|p2a: Ferrothorn|Ferrothorn, M|26\/100\n|move|p1a: Tapu Lele|Psychic|p2a: Ferrothorn\n|-resisted|p2a: Ferrothorn\n|-damage|p2a: Ferrothorn|4\/100\n|\n|-weather|RainDance|[upkeep]\n|-heal|p2a: Ferrothorn|10\/100|[from] item: Leftovers\n|upkeep\n|turn|18\n|\n|t:|1667392118\n|move|p1a: Tapu Lele|Psychic|p2a: Ferrothorn\n|-resisted|p2a: Ferrothorn\n|-damage|p2a: Ferrothorn|0 fnt\n|faint|p2a: Ferrothorn\n|\n|-weather|RainDance|[upkeep]\n|upkeep\n|\n|t:|1667392121\n|switch|p2a: Barraskewda|Barraskewda, M, shiny|100\/100\n|turn|19\n|\n|t:|1667392126\n|switch|p1a: Corviknight|Corviknight, F|59\/100\n|-damage|p1a: Corviknight|47\/100|[from] Stealth Rock\n|-ability|p1a: Corviknight|Pressure\n|move|p2a: Barraskewda|Liquidation|p1a: Corviknight\n|-damage|p1a: Corviknight|0 fnt\n|faint|p1a: Corviknight\n|\n|-weather|RainDance|[upkeep]\n|upkeep\n|\n|t:|1667392133\n|switch|p1a: Toxapex|Toxapex, M|100\/100\n|-damage|p1a: Toxapex|88\/100|[from] Stealth Rock\n|turn|20\n|\n|t:|1667392136\n|move|p2a: Barraskewda|Liquidation|p1a: Toxapex\n|-resisted|p1a: Toxapex\n|-damage|p1a: Toxapex|53\/100\n|move|p1a: Toxapex|Knock Off|p2a: Barraskewda\n|-damage|p2a: Barraskewda|68\/100\n|-enditem|p2a: Barraskewda|Choice Band|[from] move: Knock Off|[of] p1a: Toxapex\n|\n|-weather|RainDance|[upkeep]\n|-fieldend|move: Psychic Terrain\n|upkeep\n|turn|21\n|\n|t:|1667392142\n|move|p2a: Barraskewda|Psychic Fangs|p1a: Toxapex\n|-supereffective|p1a: Toxapex\n|-damage|p1a: Toxapex|17\/100\n|move|p1a: Toxapex|Recover|p1a: Toxapex\n|-heal|p1a: Toxapex|67\/100\n|\n|-weather|RainDance|[upkeep]\n|upkeep\n|turn|22\n|\n|t:|1667392154\n|move|p2a: Barraskewda|Flip Turn|p1a: Toxapex\n|-resisted|p1a: Toxapex\n|-damage|p1a: Toxapex|52\/100\n|\n|t:|1667392157\n|switch|p2a: Zapdos|Zapdos|94\/100|[from]move: Flip Turn\n|move|p1a: Toxapex|Scald|p2a: Zapdos\n|-damage|p2a: Zapdos|73\/100\n|\n|-weather|RainDance|[upkeep]\n|upkeep\n|turn|23\n|\n|t:|1667392167\n|switch|p1a: Tapu Lele|Tapu Lele|88\/100\n|-damage|p1a: Tapu Lele|76\/100|[from] Stealth Rock\n|-fieldstart|move: Psychic Terrain|[from] ability: Psychic Surge|[of] p1a: Tapu Lele\n|move|p2a: Zapdos|Thunder|p1a: Tapu Lele\n|-damage|p1a: Tapu Lele|13\/100\n|\n|-weather|none\n|upkeep\n|turn|24\n|\n|t:|1667392175\n|move|p1a: Tapu Lele|Psychic|p2a: Zapdos\n|-damage|p2a: Zapdos|3\/100\n|move|p2a: Zapdos|Volt Switch|p1a: Tapu Lele\n|-damage|p1a: Tapu Lele|0 fnt\n|faint|p1a: Tapu Lele\n|\n|t:|1667392178\n|switch|p2a: Pelipper|Pelipper, M, shiny|26\/100|[from]move: Volt Switch\n|-weather|RainDance|[from] ability: Drizzle|[of] p2a: Pelipper\n|\n|-weather|RainDance|[upkeep]\n|upkeep\n|\n|t:|1667392189\n|switch|p1a: Tyranitar|Tyranitar, M|56\/100\n|-damage|p1a: Tyranitar|44\/100|[from] Stealth Rock\n|-weather|Sandstorm|[from] ability: Sand Stream|[of] p1a: Tyranitar\n|turn|25\n|\n|t:|1667392212\n|move|p1a: Tyranitar|Crunch|p2a: Pelipper\n|-damage|p2a: Pelipper|0 fnt\n|faint|p2a: Pelipper\n|\n|-weather|Sandstorm|[upkeep]\n|upkeep\n|\n|t:|1667392214\n|switch|p2a: Barraskewda|Barraskewda, M, shiny|68\/100\n|turn|26\n|\n|t:|1667392225\n|move|p2a: Barraskewda|Flip Turn|p1a: Tyranitar\n|-supereffective|p1a: Tyranitar\n|-damage|p1a: Tyranitar|0 fnt\n|faint|p1a: Tyranitar\n|\n|t:|1667392228\n|switch|p2a: Zapdos|Zapdos|3\/100|[from]move: Flip Turn\n|\n|-weather|Sandstorm|[upkeep]\n|-damage|p2a: Zapdos|0 fnt|[from] Sandstorm\n|faint|p2a: Zapdos\n|upkeep\n|\n|t:|1667392234\n|switch|p2a: Barraskewda|Barraskewda, M, shiny|68\/100\n|switch|p1a: Toxapex|Toxapex, M|86\/100\n|-damage|p1a: Toxapex|73\/100|[from] Stealth Rock\n|turn|27\n|\n|t:|1667392239\n|move|p2a: Barraskewda|Psychic Fangs|p1a: Toxapex\n|-supereffective|p1a: Toxapex\n|-damage|p1a: Toxapex|22\/100\n|move|p1a: Toxapex|Recover|p1a: Toxapex\n|-heal|p1a: Toxapex|72\/100\n|\n|-weather|Sandstorm|[upkeep]\n|-damage|p2a: Barraskewda|62\/100|[from] Sandstorm\n|-damage|p1a: Toxapex|66\/100|[from] Sandstorm\n|-fieldend|move: Psychic Terrain\n|upkeep\n|turn|28\n|\n|t:|1667392245\n|move|p2a: Barraskewda|Psychic Fangs|p1a: Toxapex\n|-supereffective|p1a: Toxapex\n|-damage|p1a: Toxapex|27\/100\n|move|p1a: Toxapex|Scald|p2a: Barraskewda\n|-resisted|p2a: Barraskewda\n|-damage|p2a: Barraskewda|43\/100\n|\n|-weather|Sandstorm|[upkeep]\n|-damage|p2a: Barraskewda|37\/100|[from] Sandstorm\n|-damage|p1a: Toxapex|21\/100|[from] Sandstorm\n|upkeep\n|turn|29\n|\n|t:|1667392253\n|switch|p1a: Blacephalon|Blacephalon|100\/100\n|-damage|p1a: Blacephalon|76\/100|[from] Stealth Rock\n|move|p2a: Barraskewda|Psychic Fangs|p1a: Blacephalon\n|-damage|p1a: Blacephalon|0 fnt\n|faint|p1a: Blacephalon\n|\n|-weather|none\n|upkeep\n|\n|t:|1667392255\n|switch|p1a: Toxapex|Toxapex, M|55\/100\n|-damage|p1a: Toxapex|42\/100|[from] Stealth Rock\n|turn|30\n|\n|t:|1667392257\n|move|p2a: Barraskewda|Psychic Fangs|p1a: Toxapex\n|-supereffective|p1a: Toxapex\n|-damage|p1a: Toxapex|5\/100\n|move|p1a: Toxapex|Recover|p1a: Toxapex\n|-heal|p1a: Toxapex|56\/100\n|\n|upkeep\n|turn|31\n|\n|t:|1667392261\n|move|p2a: Barraskewda|Psychic Fangs|p1a: Toxapex\n|-supereffective|p1a: Toxapex\n|-damage|p1a: Toxapex|19\/100\n|move|p1a: Toxapex|Recover|p1a: Toxapex\n|-heal|p1a: Toxapex|69\/100\n|\n|upkeep\n|turn|32\n|\n|t:|1667392267\n|move|p2a: Barraskewda|Psychic Fangs|p1a: Toxapex\n|-supereffective|p1a: Toxapex\n|-damage|p1a: Toxapex|27\/100\n|move|p1a: Toxapex|Recover|p1a: Toxapex\n|-heal|p1a: Toxapex|77\/100\n|\n|upkeep\n|turn|33\n|\n|t:|1667392271\n|move|p2a: Barraskewda|Psychic Fangs|p1a: Toxapex\n|-supereffective|p1a: Toxapex\n|-damage|p1a: Toxapex|40\/100\n|move|p1a: Toxapex|Recover|p1a: Toxapex\n|-heal|p1a: Toxapex|90\/100\n|\n|upkeep\n|turn|34\n|\n|t:|1667392274\n|move|p2a: Barraskewda|Psychic Fangs|p1a: Toxapex\n|-supereffective|p1a: Toxapex\n|-damage|p1a: Toxapex|51\/100\n|move|p1a: Toxapex|Scald|p2a: Barraskewda\n|-resisted|p2a: Barraskewda\n|-damage|p2a: Barraskewda|20\/100\n|-status|p2a: Barraskewda|brn\n|\n|-damage|p2a: Barraskewda|14\/100 brn|[from] brn\n|upkeep\n|turn|35\n|\n|t:|1667392280\n|move|p2a: Barraskewda|Psychic Fangs|p1a: Toxapex\n|-supereffective|p1a: Toxapex\n|-damage|p1a: Toxapex|30\/100\n|move|p1a: Toxapex|Recover|p1a: Toxapex\n|-heal|p1a: Toxapex|80\/100\n|\n|-damage|p2a: Barraskewda|8\/100 brn|[from] brn\n|upkeep\n|turn|36\n|\n|t:|1667392284\n|move|p2a: Barraskewda|Psychic Fangs|p1a: Toxapex\n|-supereffective|p1a: Toxapex\n|-damage|p1a: Toxapex|61\/100\n|move|p1a: Toxapex|Knock Off|p2a: Barraskewda\n|-damage|p2a: Barraskewda|0 fnt\n|faint|p2a: Barraskewda\n|\n|win|Shinjou Akane\n|raw|Shinjou Akane's rating: 1667 &rarr; <strong>1684<\/strong><br \/>(+17 for winning)\n|raw|Liangyue pro's rating: 1606 &rarr; <strong>1589<\/strong><br \/>(-17 for losing)\n|l|\u2606Liangyue pro\n","uploadtime":1667392293,"views":11,"p1id":"shinjouakane","p2id":"liangyuepro","formatid":"gen8ou","rating":1589,"private":0,"password":null}