{"id":"gen8randomdoublesbattle-1265208620","p1":"metalkarp99","p2":"Banned by week 2","format":"gen8randomdoublesbattle","log":"|j|\u2606metalkarp99\n|j|\u2606Banned by week 2\n|t:|1611054472\n|j|*PartBot\n|player|p1|metalkarp99|lance-gen2|\n|player|p2|Banned by week 2|unknown|\n|teamsize|p1|6\n|teamsize|p2|6\n|gametype|doubles\n|gen|8\n|tier|[Gen 8] Random Doubles Battle\n|rated|Tournament battle\n|rule|Species Clause: Limit one of each Pok\u00e9mon\n|rule|HP Percentage Mod: HP is shown in percentages\n|\n|t:|1611054472\n|start\n|switch|p1a: Venusaur|Venusaur, L80, M|259\/259\n|switch|p1b: Articuno|Articuno-Galar, L84|287\/287\n|switch|p2a: Ribombee|Ribombee, L84, M|238\/238\n|switch|p2b: Glalie|Glalie, L84, F|271\/271\n|turn|1\n|c|*PartBot|G'luck, nerds.\n|l|*PartBot\n|j|%Raj 00\n|c|\u2606Banned by week 2|HYF\n|inactive|Battle timer is ON: inactive players will automatically lose when time's up. (requested by Banned by week 2)\n|c|\u2606Banned by week 2|*HF\n|j| its ok vgc\n|j|+Rhmsitb\n|j| kunjhu\n|inactive|Banned by week 2 has 120 seconds left.\n|\n|t:|1611054517\n|move|p2a: Ribombee|Tailwind|p2a: Ribombee\n|-sidestart|p2: Banned by week 2|move: Tailwind\n|move|p2b: Glalie|Freeze-Dry|p1a: Venusaur\n|-supereffective|p1a: Venusaur\n|-damage|p1a: Venusaur|127\/259\n|-status|p1a: Venusaur|frz\n|move|p1b: Articuno|Tailwind|p1b: Articuno\n|-sidestart|p1: metalkarp99|move: Tailwind\n|cant|p1a: Venusaur|frz\n|\n|-ability|p2b: Glalie|Moody|boost\n|-boost|p2b: Glalie|atk|2\n|-unboost|p2b: Glalie|spd|1\n|upkeep\n|turn|2\n|j|@abd1710\n|inactive|metalkarp99 has 120 seconds left.\n|inactive|Banned by week 2 has 120 seconds left.\n|\n|t:|1611054551\n|move|p2a: Ribombee|Pollen Puff|p1a: Venusaur\n|-damage|p1a: Venusaur|37\/259 frz\n|move|p1b: Articuno|Calm Mind|p1b: Articuno\n|-boost|p1b: Articuno|spa|1\n|-boost|p1b: Articuno|spd|1\n|move|p2b: Glalie|Freeze-Dry|p1a: Venusaur\n|-supereffective|p1a: Venusaur\n|-damage|p1a: Venusaur|0 fnt\n|faint|p1a: Venusaur\n|\n|-ability|p2b: Glalie|Moody|boost\n|-boost|p2b: Glalie|atk|2\n|-unboost|p2b: Glalie|spa|1\n|upkeep\n|inactive|metalkarp99 has 120 seconds left.\n|\n|t:|1611054583\n|switch|p1a: Porygon-Z|Porygon-Z, L84|280\/280\n|turn|3\n|inactive|Banned by week 2 has 120 seconds left.\n|j|+Harshal~08\n|inactive|Banned by week 2 has 90 seconds left.\n|l|+Harshal~08\n|\n|t:|1611054649\n|move|p2a: Ribombee|Moonblast|p1a: Porygon-Z\n|-damage|p1a: Porygon-Z|172\/280\n|move|p1b: Articuno|Freezing Glare|p1a: Porygon-Z\n|-damage|p1a: Porygon-Z|0 fnt\n|faint|p1a: Porygon-Z\n|move|p2b: Glalie|Disable|p1b: Articuno\n|-start|p1b: Articuno|Disable|Freezing Glare\n|\n|-ability|p2b: Glalie|Moody|boost\n|-boost|p2b: Glalie|spe|2\n|-unboost|p2b: Glalie|spa|1\n|upkeep\n|j| Thegamingattack3\n|c|%Raj 00|hmm?\n|l|@abd1710\n|c|\u2606metalkarp99|missick\n|c|%Raj 00|ah\n|inactive|metalkarp99 has 90 seconds left.\n|c|\u2606metalkarp99|mujhe toh glalie pe karna tga\n|c|\u2606metalkarp99|;;;-;\n|\n|t:|1611054693\n|switch|p1a: Froslass|Froslass, L88, F|266\/266\n|turn|4\n|j|+Harshal~08\n|\n|t:|1611054712\n|move|p2b: Glalie|Earthquake|p1a: Froslass|[spread] p2a,p1a\n|-immune|p1b: Articuno\n|-resisted|p2a: Ribombee\n|-crit|p2a: Ribombee\n|-damage|p2a: Ribombee|102\/238\n|-damage|p1a: Froslass|104\/266\n|-enditem|p2a: Ribombee|Sitrus Berry|[eat]\n|-heal|p2a: Ribombee|161\/238|[from] item: Sitrus Berry\n|-enditem|p1a: Froslass|Sitrus Berry|[eat]\n|-heal|p1a: Froslass|170\/266|[from] item: Sitrus Berry\n|move|p2a: Ribombee|Moonblast|p1b: Articuno\n|-damage|p1b: Articuno|223\/287\n|-unboost|p1b: Articuno|spa|1\n|-ability|p1b: Articuno|Competitive\n|-boost|p1b: Articuno|spa|2\n|move|p1a: Froslass|Shadow Ball|p2b: Glalie\n|-damage|p2b: Glalie|133\/271\n|move|p1b: Articuno|Hurricane|p1a: Froslass|[miss]\n|-miss|p1b: Articuno|p1a: Froslass\n|\n|-heal|p2b: Glalie|149\/271|[from] item: Leftovers\n|-sideend|p2: Banned by week 2|move: Tailwind\n|-sideend|p1: metalkarp99|move: Tailwind\n|-ability|p2b: Glalie|Moody|boost\n|-boost|p2b: Glalie|def|2\n|-unboost|p2b: Glalie|atk|1\n|upkeep\n|turn|5\n|inactive|Banned by week 2 has 120 seconds left.\n|j|@abd1710\n|c|%Raj 00|firse?\n|c|%Raj 00|blim hacker\n|inactive|metalkarp99 has 90 seconds left.\n|l|@abd1710\n|c|+Harshal~08|lol\n|c|\u2606Banned by week 2|yep\n|c|\u2606metalkarp99|is baar glalie pe hi kiya tha\n|c|\u2606Banned by week 2|:feeling proud:\n|c|%Raj 00|Lmao\n|\n|t:|1611054772\n|move|p2b: Glalie|Earthquake|p1a: Froslass|[spread] p2a,p1a\n|-immune|p1b: Articuno\n|-resisted|p2a: Ribombee\n|-damage|p2a: Ribombee|84\/238\n|-damage|p1a: Froslass|33\/266\n|move|p2a: Ribombee|Moonblast|p1a: Froslass\n|-damage|p1a: Froslass|0 fnt\n|faint|p1a: Froslass\n|move|p1b: Articuno|Hurricane|p2b: Glalie|[miss]\n|-miss|p1b: Articuno|p2b: Glalie\n|\n|-heal|p2b: Glalie|165\/271|[from] item: Leftovers\n|-ability|p2b: Glalie|Moody|boost\n|-boost|p2b: Glalie|spd|2\n|-unboost|p2b: Glalie|atk|1\n|upkeep\n|c|%Raj 00|matalkarp mobile pe khel rhe ho?\n|c|%Raj 00|metal*\n|inactive|metalkarp99 has 60 seconds left.\n|c|\u2606metalkarp99|haan\n|j|@abd1710\n|\n|t:|1611054794\n|switch|p1a: Clawitzer|Clawitzer, L86, F|262\/262\n|turn|6\n|c|%Raj 00|isliye ho rha hai\n|inactive|Banned by week 2 has 120 seconds left.\n|c|%Raj 00|button ka size bohot small hai\n|l| kunjhu\n|\n|t:|1611054815\n|move|p2b: Glalie|Freeze-Dry|p1b: Articuno\n|-supereffective|p1b: Articuno\n|-damage|p1b: Articuno|181\/287\n|move|p2a: Ribombee|Pollen Puff|p1b: Articuno\n|-damage|p1b: Articuno|120\/287\n|-enditem|p1b: Articuno|Sitrus Berry|[eat]\n|-heal|p1b: Articuno|191\/287|[from] item: Sitrus Berry\n|move|p1b: Articuno|Tailwind|p1b: Articuno\n|-sidestart|p1: metalkarp99|move: Tailwind\n|move|p1a: Clawitzer|Aura Sphere|p2b: Glalie\n|-supereffective|p2b: Glalie\n|-damage|p2b: Glalie|27\/271\n|\n|-heal|p2b: Glalie|43\/271|[from] item: Leftovers\n|-ability|p2b: Glalie|Moody|boost\n|-boost|p2b: Glalie|spe|2\n|-unboost|p2b: Glalie|spd|1\n|upkeep\n|turn|7\n|inactive|Banned by week 2 has 120 seconds left.\n|inactive|metalkarp99 has 60 seconds left.\n|\n|t:|1611054849\n|move|p2b: Glalie|Freeze-Dry|p1b: Articuno\n|-supereffective|p1b: Articuno\n|-damage|p1b: Articuno|149\/287\n|move|p1b: Articuno|Calm Mind|p1b: Articuno\n|-boost|p1b: Articuno|spa|1\n|-boost|p1b: Articuno|spd|1\n|move|p1a: Clawitzer|Muddy Water|p2a: Ribombee|[spread] p2a,p2b\n|-damage|p2a: Ribombee|0 fnt\n|-damage|p2b: Glalie|0 fnt\n|faint|p2a: Ribombee\n|faint|p2b: Glalie\n|\n|-end|p1b: Articuno|Disable\n|upkeep\n|\n|t:|1611054869\n|switch|p2a: Tauros|Tauros, L84, M|263\/263\n|switch|p2b: Cresselia|Cresselia, L84, F|339\/339\n|-ability|p2a: Tauros|Intimidate|boost\n|-unboost|p1a: Clawitzer|atk|1\n|-unboost|p1b: Articuno|atk|1\n|-ability|p1b: Articuno|Competitive\n|-boost|p1b: Articuno|spa|2\n|turn|8\n|inactive|Banned by week 2 has 120 seconds left.\n|c|\u2606metalkarp99|hahaha.\n|\n|t:|1611054893\n|-start|p1b: Articuno|Dynamax\n|-heal|p1b: Articuno|298\/574|[silent]\n|-start|p2a: Tauros|Dynamax\n|-heal|p2a: Tauros|526\/526|[silent]\n|move|p2b: Cresselia|Ally Switch|p2b: Cresselia\n|swap|p2b: Cresselia|0|[from] move: Ally Switch\n|move|p1b: Articuno|Max Airstream|p2a: Cresselia\n|-damage|p2a: Cresselia|0 fnt\n|-boost|p1a: Clawitzer|spe|1\n|-boost|p1b: Articuno|spe|1\n|faint|p2a: Cresselia\n|move|p1a: Clawitzer|Dark Pulse|p2b: Tauros\n|-damage|p2b: Tauros|393\/526\n|move|p2b: Tauros|Max Strike|p1b: Articuno\n|-damage|p1b: Articuno|110\/574\n|-unboost|p1a: Clawitzer|spe|1\n|-unboost|p1b: Articuno|spe|1\n|-ability|p1b: Articuno|Competitive\n|-boost|p1b: Articuno|spa|1\n|-damage|p2b: Tauros|367\/526|[from] item: Life Orb\n|\n|upkeep\n|c|\u2606metalkarp99|loool\n|inactive|Banned by week 2 has 90 seconds left.\n|\n|t:|1611054921\n|switch|p2a: Raichu|Raichu-Alola, L86, M|243\/243\n|turn|9\n|inactive|metalkarp99 has 90 seconds left.\n|\n|t:|1611054938\n|move|p1b: Articuno|Max Airstream|p2b: Tauros\n|-damage|p2b: Tauros|0 fnt\n|-boost|p1a: Clawitzer|spe|1\n|-boost|p1b: Articuno|spe|1\n|faint|p2b: Tauros\n|move|p1a: Clawitzer|Dark Pulse|p2a: Raichu\n|-supereffective|p2a: Raichu\n|-damage|p2a: Raichu|31\/243\n|move|p2a: Raichu|Thunderbolt|p1b: Articuno\n|-supereffective|p1b: Articuno\n|-damage|p1b: Articuno|0 fnt\n|-damage|p2a: Raichu|7\/243|[from] item: Life Orb\n|faint|p1b: Articuno\n|\n|-sideend|p1: metalkarp99|move: Tailwind\n|upkeep\n|inactive|Banned by week 2 has 120 seconds left.\n|\n|t:|1611054956\n|switch|p2b: Pangoro|Pangoro, L88, F|310\/310\n|switch|p1b: Diggersby|Diggersby, L86, M|286\/286\n|turn|10\n|l| its ok vgc\n|inactive|Banned by week 2 has 120 seconds left.\n|\n|t:|1611054985\n|move|p2a: Raichu|Focus Blast|p1b: Diggersby\n|-supereffective|p1b: Diggersby\n|-damage|p1b: Diggersby|47\/286\n|-enditem|p1b: Diggersby|Sitrus Berry|[eat]\n|-heal|p1b: Diggersby|118\/286|[from] item: Sitrus Berry\n|-damage|p2a: Raichu|0 fnt|[from] item: Life Orb\n|faint|p2a: Raichu\n|move|p1a: Clawitzer|Muddy Water|p2b: Pangoro\n|-damage|p2b: Pangoro|168\/310\n|move|p1b: Diggersby|Swords Dance|p1b: Diggersby\n|-boost|p1b: Diggersby|atk|2\n|move|p2b: Pangoro|Close Combat|p1a: Clawitzer\n|-damage|p1a: Clawitzer|0 fnt\n|-unboost|p2b: Pangoro|def|1\n|-unboost|p2b: Pangoro|spd|1\n|faint|p1a: Clawitzer\n|\n|upkeep\n|turn|11\n|inactive|metalkarp99 has 120 seconds left.\n|\n|t:|1611055010\n|move|p1b: Diggersby|Body Slam|p2b: Pangoro\n|-damage|p2b: Pangoro|0 fnt\n|faint|p2b: Pangoro\n|\n|win|metalkarp99\n|n|\u2606metalkarp99|metalkarp99\n|n|\u2606Banned by week 2|bannedbyweek2\n|n| Raj 00|raj00\n|n| Rhmsitb|rhmsitb\n|n| Thegamingattack3|thegamingattack3\n|n| Harshal~08|harshal08\n|n| abd1710|abd1710\n","inputlog":">version 7038d241a74c9d75435992ed7efc28ff4ca0a9dd\n>start {\"formatid\":\"gen8randomdoublesbattle\",\"seed\":[30974,12216,12605,48501],\"rated\":\"Tournament battle\"}\n>player p1 {\"name\":\"metalkarp99\",\"avatar\":\"lance-gen2\",\"team\":\"\",\"rating\":0,\"seed\":[29812,149,57539,13598]}\n>player p2 {\"name\":\"Banned by week 2\",\"avatar\":\"unknown\",\"team\":\"\",\"rating\":0,\"seed\":[59383,25951,9386,21243]}\n>chat *PartBot|G'luck, nerds.\n>chat \u2606Banned by week 2|HYF\n>chat %Raj 00|.\n>chat \u2606Banned by week 2|*HF\n>p1 move sleeppowder +2, move tailwind\n>p2 move tailwind, move freezedry +1\n>p1 move sleeppowder +2, move calmmind\n>p2 move pollenpuff +1, move freezedry +1\n>p1 switch 4, pass\n>p1 move triattack +2, move freezingglare -1\n>p2 move moonblast +1, move disable +2\n>chat %Raj 00|hmm?\n>chat \u2606metalkarp99|missick\n>chat %Raj 00|ah\n>chat \u2606metalkarp99|mujhe toh glalie pe karna tga\n>chat \u2606metalkarp99|;;;-;\n>p1 switch 6, pass\n>p1 move shadowball +2, move hurricane -1\n>p2 move moonblast +2, move earthquake\n>chat %Raj 00|firse?\n>chat %Raj 00|blim hacker\n>chat +Harshal~08|lol\n>chat \u2606Banned by week 2|yep\n>chat \u2606metalkarp99|is baar glalie pe hi kiya tha\n>chat \u2606Banned by week 2|:feeling proud:\n>chat %Raj 00|Lmao\n>p1 move shadowball +2, move hurricane +2\n>p2 move moonblast +1, move earthquake\n>chat %Raj 00|matalkarp mobile pe khel rhe ho?\n>chat %Raj 00|metal*\n>chat \u2606metalkarp99|haan\n>p1 switch 3, pass\n>chat %Raj 00|isliye ho rha hai\n>chat %Raj 00|button ka size bohot small hai\n>p1 move aurasphere +2, move tailwind\n>p2 move pollenpuff +2, move freezedry +2\n>p1 move muddywater, move calmmind\n>p2 move tailwind, move freezedry +2\n>p2 switch 6, switch 5\n>chat \u2606metalkarp99|hahaha.\n>p1 move darkpulse +2, move hurricane +1 dynamax\n>p2 move bodyslam +2 dynamax, move allyswitch\n>chat \u2606metalkarp99|loool\n>p2 switch 3, pass\n>p1 move darkpulse +1, move hurricane +2 dynamax\n>p2 move thunderbolt +2, move bodyslam +2 dynamax\n>p1 pass, switch 5\n>p2 pass, switch 4\n>p1 move muddywater, move swordsdance\n>p2 move focusblast +2, move closecombat +1\n>p1 pass, move bodyslam +2\n>p2 pass, move closecombat +2","uploadtime":1611055011,"views":29,"p1id":"metalkarp99","p2id":"bannedbyweek2","formatid":"gen8randomdoublesbattle","rating":0,"private":0,"password":null}