{"id":"gen8ou-1702182166","p1":"Chenzzo","p2":"MR. MEZA","format":"gen8ou","log":"|j|\u2606Chenzzo\n|j|\u2606MR. MEZA\n|t:|1667518911\n|gametype|singles\n|player|p1|Chenzzo|169|1634\n|player|p2|MR. MEZA|ethan-masters|1623\n|teamsize|p1|6\n|teamsize|p2|6\n|gen|8\n|tier|[Gen 8] OU\n|rated|\n|rule|Sleep Clause Mod: Limit one foe put to sleep\n|rule|Species Clause: Limit one of each Pok\u00e9mon\n|rule|OHKO Clause: OHKO moves are banned\n|rule|Evasion Items Clause: Evasion items are banned\n|rule|Evasion Moves Clause: Evasion moves are banned\n|rule|Endless Battle Clause: Forcing endless battles is banned\n|rule|HP Percentage Mod: HP is shown in percentages\n|rule|Dynamax Clause: You cannot dynamax\n|clearpoke\n|poke|p1|Rillaboom, F|\n|poke|p1|Magnezone|\n|poke|p1|Hawlucha, M|\n|poke|p1|Landorus-Therian, M|\n|poke|p1|Volcanion|\n|poke|p1|Weavile, F|\n|poke|p2|Rillaboom, M|\n|poke|p2|Tornadus-Therian, M|\n|poke|p2|Blaziken, M|\n|poke|p2|Melmetal|\n|poke|p2|Garchomp, F|\n|poke|p2|Slowbro, M|\n|teampreview\n|inactive|Battle timer is ON: inactive players will automatically lose when time's up. (requested by MR. MEZA)\n|\n|t:|1667518931\n|start\n|switch|p1a: AC\/DC|Magnezone|100\/100\n|switch|p2a: Garchomp|Garchomp, F|100\/100\n|turn|1\n|\n|t:|1667518937\n|move|p2a: Garchomp|Stealth Rock|p1a: AC\/DC\n|-sidestart|p1: Chenzzo|move: Stealth Rock\n|move|p1a: AC\/DC|Flash Cannon|p2a: Garchomp\n|-damage|p2a: Garchomp|38\/100\n|\n|-heal|p2a: Garchomp|44\/100|[from] item: Leftovers\n|upkeep\n|turn|2\n|\n|t:|1667518939\n|switch|p1a: Dawg|Landorus-Therian, M|100\/100\n|-damage|p1a: Dawg|88\/100|[from] Stealth Rock\n|-ability|p1a: Dawg|Intimidate|boost\n|-unboost|p2a: Garchomp|atk|1\n|move|p2a: Garchomp|Protect||[still]\n|-fail|p2a: Garchomp\n|\n|-heal|p2a: Garchomp|50\/100|[from] item: Leftovers\n|-heal|p1a: Dawg|94\/100|[from] item: Leftovers\n|upkeep\n|turn|3\n|\n|t:|1667518947\n|move|p2a: Garchomp|Toxic|p1a: Dawg\n|-status|p1a: Dawg|tox\n|move|p1a: Dawg|Defog|p2a: Garchomp\n|-unboost|p2a: Garchomp|evasion|1\n|-sideend|p1: Chenzzo|Stealth Rock|[from] move: Defog|[of] p1a: Dawg\n|\n|-heal|p2a: Garchomp|56\/100|[from] item: Leftovers\n|-heal|p1a: Dawg|99\/100 tox|[from] item: Leftovers\n|-damage|p1a: Dawg|94\/100 tox|[from] psn\n|upkeep\n|turn|4\n|\n|t:|1667518951\n|move|p2a: Garchomp|Protect|p2a: Garchomp\n|-singleturn|p2a: Garchomp|Protect\n|move|p1a: Dawg|Earthquake|p2a: Garchomp\n|-activate|p2a: Garchomp|move: Protect\n|\n|-heal|p2a: Garchomp|63\/100|[from] item: Leftovers\n|-heal|p1a: Dawg|99\/100 tox|[from] item: Leftovers\n|-damage|p1a: Dawg|88\/100 tox|[from] psn\n|upkeep\n|turn|5\n|\n|t:|1667518955\n|switch|p2a: Tornadus|Tornadus-Therian, M|100\/100\n|move|p1a: Dawg|Earthquake|p2a: Tornadus\n|-immune|p2a: Tornadus\n|\n|-heal|p1a: Dawg|94\/100 tox|[from] item: Leftovers\n|-damage|p1a: Dawg|76\/100 tox|[from] psn\n|upkeep\n|turn|6\n|\n|t:|1667518961\n|move|p2a: Tornadus|Knock Off|p1a: Dawg\n|-damage|p1a: Dawg|61\/100 tox\n|-enditem|p1a: Dawg|Leftovers|[from] move: Knock Off|[of] p2a: Tornadus\n|move|p1a: Dawg|U-turn|p2a: Tornadus\n|-resisted|p2a: Tornadus\n|-crit|p2a: Tornadus\n|-damage|p2a: Tornadus|83\/100\n|\n|t:|1667518967\n|switch|p1a: AC\/DC|Magnezone|100\/100|[from]move: U-turn\n|\n|upkeep\n|turn|7\n|\n|t:|1667518980\n|move|p2a: Tornadus|U-turn|p1a: AC\/DC\n|-resisted|p1a: AC\/DC\n|-damage|p1a: AC\/DC|94\/100\n|\n|t:|1667518982\n|switch|p2a: Garchomp|Garchomp, F|63\/100|[from]move: U-turn\n|move|p1a: AC\/DC|Volt Switch|p2a: Garchomp\n|-immune|p2a: Garchomp\n|\n|-heal|p2a: Garchomp|69\/100|[from] item: Leftovers\n|upkeep\n|turn|8\n|\n|t:|1667518989\n|switch|p1a: Dawg|Landorus-Therian, M|61\/100 tox\n|-ability|p1a: Dawg|Intimidate|boost\n|-unboost|p2a: Garchomp|atk|1\n|move|p2a: Garchomp|Stealth Rock|p1a: Dawg\n|-sidestart|p1: Chenzzo|move: Stealth Rock\n|\n|-heal|p2a: Garchomp|75\/100|[from] item: Leftovers\n|-damage|p1a: Dawg|55\/100 tox|[from] psn\n|upkeep\n|turn|9\n|\n|t:|1667518992\n|move|p2a: Garchomp|Protect|p2a: Garchomp\n|-singleturn|p2a: Garchomp|Protect\n|move|p1a: Dawg|Defog|p2a: Garchomp\n|-activate|p2a: Garchomp|move: Protect\n|\n|-heal|p2a: Garchomp|81\/100|[from] item: Leftovers\n|-damage|p1a: Dawg|43\/100 tox|[from] psn\n|upkeep\n|turn|10\n|\n|t:|1667519005\n|move|p2a: Garchomp|Earthquake|p1a: Dawg\n|-immune|p1a: Dawg\n|move|p1a: Dawg|Defog|p2a: Garchomp\n|-unboost|p2a: Garchomp|evasion|1\n|-sideend|p1: Chenzzo|Stealth Rock|[from] move: Defog|[of] p1a: Dawg\n|\n|-heal|p2a: Garchomp|88\/100|[from] item: Leftovers\n|-damage|p1a: Dawg|25\/100 tox|[from] psn\n|upkeep\n|turn|11\n|\n|t:|1667519012\n|move|p2a: Garchomp|Stealth Rock|p1a: Dawg\n|-sidestart|p1: Chenzzo|move: Stealth Rock\n|move|p1a: Dawg|Earthquake|p2a: Garchomp\n|-damage|p2a: Garchomp|49\/100\n|\n|-heal|p2a: Garchomp|55\/100|[from] item: Leftovers\n|-damage|p1a: Dawg|1\/100 tox|[from] psn\n|upkeep\n|turn|12\n|\n|t:|1667519016\n|move|p2a: Garchomp|Protect|p2a: Garchomp\n|-singleturn|p2a: Garchomp|Protect\n|move|p1a: Dawg|Stealth Rock|p2a: Garchomp\n|-sidestart|p2: MR. MEZA|move: Stealth Rock\n|\n|-heal|p2a: Garchomp|61\/100|[from] item: Leftovers\n|-damage|p1a: Dawg|0 fnt|[from] psn\n|faint|p1a: Dawg\n|upkeep\n|\n|t:|1667519021\n|switch|p1a: Mr. West|Weavile, F|100\/100\n|-damage|p1a: Mr. West|76\/100|[from] Stealth Rock\n|turn|13\n|\n|t:|1667519034\n|move|p1a: Mr. West|Knock Off|p2a: Garchomp\n|-damage|p2a: Garchomp|0 fnt\n|-damage|p1a: Mr. West|63\/100|[from] ability: Rough Skin|[of] p2a: Garchomp\n|-enditem|p2a: Garchomp|Leftovers|[from] move: Knock Off|[of] p1a: Mr. West\n|faint|p2a: Garchomp\n|\n|upkeep\n|\n|t:|1667519044\n|switch|p2a: Blaziken|Blaziken, M|100\/100\n|-damage|p2a: Blaziken|88\/100|[from] Stealth Rock\n|turn|14\n|\n|t:|1667519049\n|switch|p1a: Tim Tebow|Volcanion|100\/100\n|-damage|p1a: Tim Tebow|76\/100|[from] Stealth Rock\n|move|p2a: Blaziken|Swords Dance|p2a: Blaziken\n|-boost|p2a: Blaziken|atk|2\n|\n|-heal|p2a: Blaziken|94\/100|[from] item: Leftovers\n|-ability|p2a: Blaziken|Speed Boost|boost\n|-boost|p2a: Blaziken|spe|1\n|upkeep\n|turn|15\n|\n|t:|1667519056\n|move|p2a: Blaziken|Close Combat|p1a: Tim Tebow\n|-damage|p1a: Tim Tebow|0 fnt\n|-unboost|p2a: Blaziken|def|1\n|-unboost|p2a: Blaziken|spd|1\n|faint|p1a: Tim Tebow\n|\n|-heal|p2a: Blaziken|100\/100|[from] item: Leftovers\n|-ability|p2a: Blaziken|Speed Boost|boost\n|-boost|p2a: Blaziken|spe|1\n|upkeep\n|\n|t:|1667519076\n|switch|p1a: Polly Rhythm|Rillaboom, F|100\/100\n|-damage|p1a: Polly Rhythm|88\/100|[from] Stealth Rock\n|-fieldstart|move: Grassy Terrain|[from] ability: Grassy Surge|[of] p1a: Polly Rhythm\n|turn|16\n|\n|t:|1667519089\n|switch|p2a: Tornadus|Tornadus-Therian, M|100\/100\n|move|p1a: Polly Rhythm|Grassy Glide|p2a: Tornadus\n|-resisted|p2a: Tornadus\n|-damage|p2a: Tornadus|67\/100\n|-damage|p1a: Polly Rhythm|78\/100|[from] item: Life Orb\n|\n|-heal|p1a: Polly Rhythm|84\/100|[from] Grassy Terrain\n|upkeep\n|turn|17\n|\n|t:|1667519096\n|switch|p1a: AC\/DC|Magnezone|94\/100\n|-damage|p1a: AC\/DC|88\/100|[from] Stealth Rock\n|move|p2a: Tornadus|Heat Wave|p1a: AC\/DC\n|-supereffective|p1a: AC\/DC\n|-damage|p1a: AC\/DC|37\/100\n|\n|-heal|p1a: AC\/DC|43\/100|[from] Grassy Terrain\n|upkeep\n|turn|18\n|\n|t:|1667519100\n|move|p2a: Tornadus|Heat Wave|p1a: AC\/DC\n|-supereffective|p1a: AC\/DC\n|-damage|p1a: AC\/DC|0 fnt\n|faint|p1a: AC\/DC\n|\n|upkeep\n|\n|t:|1667519106\n|switch|p1a: Mr. West|Weavile, F|63\/100\n|-damage|p1a: Mr. West|38\/100|[from] Stealth Rock\n|turn|19\n|\n|t:|1667519117\n|switch|p2a: Rillaboom|Rillaboom, M|100\/100\n|-damage|p2a: Rillaboom|88\/100|[from] Stealth Rock\n|move|p1a: Mr. West|Low Kick|p2a: Rillaboom\n|-damage|p2a: Rillaboom|50\/100\n|\n|-heal|p1a: Mr. West|44\/100|[from] Grassy Terrain\n|-heal|p2a: Rillaboom|57\/100|[from] Grassy Terrain\n|-heal|p2a: Rillaboom|63\/100|[from] item: Leftovers\n|upkeep\n|turn|20\n|\n|t:|1667519127\n|switch|p1a: Howl|Hawlucha, M, shiny|100\/100\n|-damage|p1a: Howl|88\/100|[from] Stealth Rock\n|-enditem|p1a: Howl|Grassy Seed\n|-boost|p1a: Howl|def|1|[from] item: Grassy Seed\n|switch|p2a: Slowbro|Slowbro, M|100\/100\n|-damage|p2a: Slowbro|88\/100|[from] Stealth Rock\n|\n|-heal|p2a: Slowbro|94\/100|[from] Grassy Terrain\n|-fieldend|move: Grassy Terrain\n|upkeep\n|turn|21\n|\n|t:|1667519136\n|move|p1a: Howl|Swords Dance|p1a: Howl\n|-boost|p1a: Howl|atk|2\n|move|p2a: Slowbro|Future Sight|p1a: Howl\n|-start|p2a: Slowbro|move: Future Sight\n|\n|upkeep\n|turn|22\n|\n|t:|1667519141\n|move|p1a: Howl|Swords Dance|p1a: Howl\n|-boost|p1a: Howl|atk|2\n|move|p2a: Slowbro|Scald|p1a: Howl\n|-damage|p1a: Howl|43\/100\n|-status|p1a: Howl|brn\n|\n|-damage|p1a: Howl|37\/100 brn|[from] brn\n|upkeep\n|turn|23\n|\n|t:|1667519151\n|move|p1a: Howl|Acrobatics|p2a: Slowbro\n|-damage|p2a: Slowbro|52\/100\n|-damage|p1a: Howl|21\/100 brn|[from] item: Rocky Helmet|[of] p2a: Slowbro\n|move|p2a: Slowbro|Scald|p1a: Howl\n|-damage|p1a: Howl|0 fnt\n|faint|p1a: Howl\n|\n|-hint|Future Sight did not hit because the target is fainted.\n|upkeep\n|\n|t:|1667519154\n|switch|p1a: Polly Rhythm|Rillaboom, F|84\/100\n|-damage|p1a: Polly Rhythm|72\/100|[from] Stealth Rock\n|-fieldstart|move: Grassy Terrain|[from] ability: Grassy Surge|[of] p1a: Polly Rhythm\n|turn|24\n|\n|t:|1667519160\n|move|p1a: Polly Rhythm|Swords Dance|p1a: Polly Rhythm\n|-boost|p1a: Polly Rhythm|atk|2\n|move|p2a: Slowbro|Toxic|p1a: Polly Rhythm\n|-status|p1a: Polly Rhythm|tox\n|\n|-heal|p1a: Polly Rhythm|78\/100 tox|[from] Grassy Terrain\n|-heal|p2a: Slowbro|58\/100|[from] Grassy Terrain\n|-damage|p1a: Polly Rhythm|72\/100 tox|[from] psn\n|upkeep\n|turn|25\n|\n|t:|1667519168\n|switch|p2a: Rillaboom|Rillaboom, M|63\/100\n|-damage|p2a: Rillaboom|50\/100|[from] Stealth Rock\n|move|p1a: Polly Rhythm|Grassy Glide|p2a: Rillaboom\n|-resisted|p2a: Rillaboom\n|-damage|p2a: Rillaboom|0 fnt\n|faint|p2a: Rillaboom\n|-damage|p1a: Polly Rhythm|62\/100 tox|[from] item: Life Orb\n|\n|-heal|p1a: Polly Rhythm|68\/100 tox|[from] Grassy Terrain\n|-damage|p1a: Polly Rhythm|56\/100 tox|[from] psn\n|upkeep\n|\n|t:|1667519174\n|switch|p2a: Tornadus|Tornadus-Therian, M|99\/100\n|turn|26\n|\n|t:|1667519181\n|move|p1a: Polly Rhythm|Grassy Glide|p2a: Tornadus\n|-resisted|p2a: Tornadus\n|-damage|p2a: Tornadus|34\/100\n|-damage|p1a: Polly Rhythm|46\/100 tox|[from] item: Life Orb\n|move|p2a: Tornadus|Heat Wave|p1a: Polly Rhythm\n|-supereffective|p1a: Polly Rhythm\n|-damage|p1a: Polly Rhythm|0 fnt\n|faint|p1a: Polly Rhythm\n|\n|upkeep\n|\n|t:|1667519187\n|switch|p1a: Mr. West|Weavile, F|44\/100\n|-damage|p1a: Mr. West|19\/100|[from] Stealth Rock\n|turn|27\n|\n|t:|1667519192\n|move|p1a: Mr. West|Knock Off|p2a: Tornadus\n|-damage|p2a: Tornadus|0 fnt\n|-enditem|p2a: Tornadus|Heavy-Duty Boots|[from] move: Knock Off|[of] p1a: Mr. West\n|faint|p2a: Tornadus\n|\n|-heal|p1a: Mr. West|25\/100|[from] Grassy Terrain\n|upkeep\n|\n|t:|1667519198\n|switch|p2a: Melmetal|Melmetal|100\/100\n|-damage|p2a: Melmetal|94\/100|[from] Stealth Rock\n|turn|28\n|\n|t:|1667519201\n|move|p1a: Mr. West|Knock Off|p2a: Melmetal\n|-damage|p2a: Melmetal|52\/100\n|-enditem|p2a: Melmetal|Leftovers|[from] move: Knock Off|[of] p1a: Mr. West\n|move|p2a: Melmetal|Double Iron Bash|p1a: Mr. West\n|-supereffective|p1a: Mr. West\n|-damage|p1a: Mr. West|0 fnt\n|faint|p1a: Mr. West\n|-hitcount|p1: Mr. West|1\n|\n|win|MR. MEZA\n|raw|Chenzzo's rating: 1634 &rarr; <strong>1613<\/strong><br \/>(-21 for losing)\n|raw|MR. MEZA's rating: 1623 &rarr; <strong>1644<\/strong><br \/>(+21 for winning)\n|c|\u2606Chenzzo|gg\n|l|\u2606Chenzzo\n|c|\u2606MR. MEZA|gg\n","uploadtime":1667519217,"views":6,"p1id":"chenzzo","p2id":"mrmeza","formatid":"gen8ou","rating":1613,"private":0,"password":null}