{"id":"gen8uu-1620825394","p1":"weidson","p2":"PedroGreg","format":"gen8uu","log":"|html|<div class=\"broadcast-blue\"><strong>[Gen 8] UU is currently suspecting Scizor! For information on how to participate check out the <a href=\"https:\/\/www.smogon.com\/forums\/threads\/ss-uu-stage-12-2-spider-dance.3704866\/\">suspect thread<\/a>.<\/strong><\/div>\n|j|\u2606weidson\n|j|\u2606PedroGreg\n|inactive|Battle timer is ON: inactive players will automatically lose when time's up.\n|t:|1658258407\n|gametype|singles\n|player|p1|weidson|nate|\n|player|p2|PedroGreg|#wcop2022brazil|\n|teamsize|p1|6\n|teamsize|p2|6\n|gen|8\n|tier|[Gen 8] UU\n|rated|Tournament battle\n|rule|Sleep Clause Mod: Limit one foe put to sleep\n|rule|Species Clause: Limit one of each Pok\u00e9mon\n|rule|OHKO Clause: OHKO moves are banned\n|rule|Evasion Moves Clause: Evasion moves are banned\n|rule|Endless Battle Clause: Forcing endless battles is banned\n|rule|HP Percentage Mod: HP is shown in percentages\n|rule|Dynamax Clause: You cannot dynamax\n|clearpoke\n|poke|p1|Tangrowth, M|\n|poke|p1|Keldeo-Resolute|\n|poke|p1|Indeedee, M|\n|poke|p1|Krookodile, F|\n|poke|p1|Reuniclus, F|\n|poke|p1|Silvally-*|\n|poke|p2|Excadrill, F|\n|poke|p2|Mamoswine, M|\n|poke|p2|Slowking, M|\n|poke|p2|Salamence, F|\n|poke|p2|Conkeldurr, F|\n|poke|p2|Keldeo-Resolute|\n|teampreview\n|c|\u2606PedroGreg|hf\n|j|+More\u2740tto\n|inactive|weidson has 120 seconds left.\n|inactive|PedroGreg has 120 seconds left.\n|\n|t:|1658258442\n|start\n|switch|p1a: Krookodile|Krookodile, F|100\/100\n|switch|p2a: Mamoswine|Mamoswine, M|100\/100\n|turn|1\n|\n|t:|1658258456\n|switch|p1a: Keldeo|Keldeo-Resolute|100\/100\n|move|p2a: Mamoswine|Icicle Crash|p1a: Keldeo\n|-resisted|p1a: Keldeo\n|-crit|p1a: Keldeo\n|-damage|p1a: Keldeo|50\/100\n|\n|upkeep\n|turn|2\n|\n|t:|1658258464\n|move|p1a: Keldeo|Flip Turn|p2a: Mamoswine\n|-supereffective|p2a: Mamoswine\n|-damage|p2a: Mamoswine|68\/100\n|\n|t:|1658258474\n|switch|p1a: Indeedee|Indeedee, M|100\/100|[from]move: Flip Turn\n|-fieldstart|move: Psychic Terrain|[from] ability: Psychic Surge|[of] p1a: Indeedee\n|move|p2a: Mamoswine|Superpower|p1a: Indeedee\n|-damage|p1a: Indeedee|0 fnt\n|-unboost|p2a: Mamoswine|atk|1\n|-unboost|p2a: Mamoswine|def|1\n|faint|p1a: Indeedee\n|\n|upkeep\n|\n|t:|1658258482\n|switch|p1a: Keldeo|Keldeo-Resolute|50\/100\n|turn|3\n|\n|t:|1658258497\n|switch|p2a: Salamence|Salamence, F|100\/100\n|-ability|p2a: Salamence|Intimidate|boost\n|-unboost|p1a: Keldeo|atk|1\n|move|p1a: Keldeo|Hydro Pump|p2a: Salamence\n|-resisted|p2a: Salamence\n|-damage|p2a: Salamence|56\/100\n|\n|upkeep\n|turn|4\n|j| Empoleon O\n|\n|t:|1658258505\n|switch|p1a: Silvally|Silvally-Steel|100\/100\n|move|p2a: Salamence|Roost|p2a: Salamence\n|-heal|p2a: Salamence|100\/100\n|-singleturn|p2a: Salamence|move: Roost\n|\n|upkeep\n|turn|5\n|\n|t:|1658258516\n|switch|p2a: Excadrill|Excadrill, F|100\/100\n|move|p1a: Silvally|Parting Shot|p2a: Excadrill\n|-unboost|p2a: Excadrill|atk|1\n|-unboost|p2a: Excadrill|spa|1\n|\n|t:|1658258520\n|switch|p1a: Krookodile|Krookodile, F|100\/100|[from]move: Parting Shot\n|\n|upkeep\n|turn|6\n|\n|t:|1658258524\n|switch|p2a: Conkeldurr|Conkeldurr, F|100\/100\n|move|p1a: Krookodile|Earthquake|p2a: Conkeldurr\n|-damage|p2a: Conkeldurr|51\/100\n|\n|-fieldend|move: Psychic Terrain\n|-status|p2a: Conkeldurr|brn|[from] item: Flame Orb\n|upkeep\n|turn|7\n|\n|t:|1658258537\n|switch|p1a: Reuniclus|Reuniclus, F|100\/100\n|move|p2a: Conkeldurr|Close Combat|p1a: Reuniclus\n|-resisted|p1a: Reuniclus\n|-damage|p1a: Reuniclus|40\/100\n|-unboost|p2a: Conkeldurr|def|1\n|-unboost|p2a: Conkeldurr|spd|1\n|\n|-damage|p2a: Conkeldurr|46\/100 brn|[from] brn\n|upkeep\n|turn|8\n|\n|t:|1658258549\n|move|p2a: Conkeldurr|Close Combat|p1a: Reuniclus\n|-resisted|p1a: Reuniclus\n|-damage|p1a: Reuniclus|0 fnt\n|-unboost|p2a: Conkeldurr|def|1\n|-unboost|p2a: Conkeldurr|spd|1\n|faint|p1a: Reuniclus\n|\n|-damage|p2a: Conkeldurr|40\/100 brn|[from] brn\n|upkeep\n|\n|t:|1658258553\n|switch|p1a: Tangrowth|Tangrowth, M|100\/100\n|turn|9\n|l| Empoleon O\n|\n|t:|1658258566\n|switch|p2a: Excadrill|Excadrill, F|100\/100\n|move|p1a: Tangrowth|Nature Power|p2a: Excadrill\n|move|p1a: Tangrowth|Tri Attack|p2a: Excadrill|[from]move: Nature Power\n|-resisted|p2a: Excadrill\n|-damage|p2a: Excadrill|84\/100\n|\n|-heal|p2a: Excadrill|91\/100|[from] item: Leftovers\n|upkeep\n|turn|10\n|\n|t:|1658258575\n|switch|p1a: Krookodile|Krookodile, F|100\/100\n|move|p2a: Excadrill|Stealth Rock|p1a: Krookodile\n|-sidestart|p1: weidson|move: Stealth Rock\n|\n|-heal|p2a: Excadrill|97\/100|[from] item: Leftovers\n|upkeep\n|turn|11\n|\n|t:|1658258585\n|switch|p2a: Keldeo|Keldeo-Resolute|100\/100\n|move|p1a: Krookodile|Earthquake|p2a: Keldeo\n|-damage|p2a: Keldeo|44\/100\n|\n|upkeep\n|turn|12\n|\n|t:|1658258597\n|move|p2a: Keldeo|Secret Sword|p1a: Krookodile\n|-supereffective|p1a: Krookodile\n|-damage|p1a: Krookodile|0 fnt\n|faint|p1a: Krookodile\n|\n|upkeep\n|\n|t:|1658258601\n|switch|p1a: Tangrowth|Tangrowth, M|100\/100\n|-damage|p1a: Tangrowth|88\/100|[from] Stealth Rock\n|turn|13\n|\n|t:|1658258610\n|switch|p2a: Salamence|Salamence, F|100\/100\n|-ability|p2a: Salamence|Intimidate|boost\n|-unboost|p1a: Tangrowth|atk|1\n|move|p1a: Tangrowth|Leaf Storm|p2a: Salamence\n|-resisted|p2a: Salamence\n|-damage|p2a: Salamence|75\/100\n|-unboost|p1a: Tangrowth|spa|2\n|\n|upkeep\n|turn|14\n|\n|t:|1658258619\n|switch|p1a: Silvally|Silvally-Steel|100\/100\n|-damage|p1a: Silvally|94\/100|[from] Stealth Rock\n|move|p2a: Salamence|Roost|p2a: Salamence\n|-heal|p2a: Salamence|100\/100\n|-singleturn|p2a: Salamence|move: Roost\n|\n|upkeep\n|turn|15\n|j| Neto1003\n|\n|t:|1658258625\n|move|p2a: Salamence|Earthquake|p1a: Silvally\n|-supereffective|p1a: Silvally\n|-damage|p1a: Silvally|49\/100\n|move|p1a: Silvally|Defog|p2a: Salamence\n|-unboost|p2a: Salamence|evasion|1\n|-sideend|p1: weidson|Stealth Rock|[from] move: Defog|[of] p1a: Silvally\n|\n|upkeep\n|turn|16\n|l| Neto1003\n|\n|t:|1658258631\n|switch|p1a: Tangrowth|Tangrowth, M|100\/100\n|move|p2a: Salamence|Earthquake|p1a: Tangrowth\n|-resisted|p1a: Tangrowth\n|-damage|p1a: Tangrowth|90\/100\n|\n|upkeep\n|turn|17\n|\n|t:|1658258634\n|move|p2a: Salamence|Hurricane|p1a: Tangrowth\n|-supereffective|p1a: Tangrowth\n|-damage|p1a: Tangrowth|0 fnt\n|faint|p1a: Tangrowth\n|\n|upkeep\n|\n|t:|1658258638\n|switch|p1a: Keldeo|Keldeo-Resolute|50\/100\n|turn|18\n|j| Neto1003\n|\n|t:|1658258641\n|switch|p2a: Slowking|Slowking, M|100\/100\n|move|p1a: Keldeo|Air Slash|p2a: Slowking\n|-damage|p2a: Slowking|78\/100\n|\n|upkeep\n|turn|19\n|\n|t:|1658258647\n|move|p1a: Keldeo|Air Slash|p2a: Slowking|[miss]\n|-miss|p1a: Keldeo|p2a: Slowking\n|move|p2a: Slowking|Scald|p1a: Keldeo\n|-resisted|p1a: Keldeo\n|-damage|p1a: Keldeo|35\/100\n|\n|upkeep\n|turn|20\n|\n|t:|1658258650\n|move|p1a: Keldeo|Air Slash|p2a: Slowking|[miss]\n|-miss|p1a: Keldeo|p2a: Slowking\n|move|p2a: Slowking|Future Sight|p1a: Keldeo\n|-start|p2a: Slowking|move: Future Sight\n|\n|upkeep\n|turn|21\n|\n|t:|1658258653\n|move|p1a: Keldeo|Air Slash|p2a: Slowking\n|-damage|p2a: Slowking|55\/100\n|cant|p2a: Slowking|flinch\n|\n|upkeep\n|turn|22\n|\n|t:|1658258655\n|switch|p2a: Excadrill|Excadrill, F|97\/100\n|move|p1a: Keldeo|Air Slash|p2a: Excadrill\n|-resisted|p2a: Excadrill\n|-damage|p2a: Excadrill|82\/100\n|\n|-end|p1a: Keldeo|move: Future Sight\n|-supereffective|p1a: Keldeo\n|-damage|p1a: Keldeo|0 fnt\n|faint|p1a: Keldeo\n|-heal|p2a: Excadrill|88\/100|[from] item: Leftovers\n|upkeep\n|\n|t:|1658258658\n|switch|p1a: Silvally|Silvally-Steel|49\/100\n|turn|23\n|c|\u2606PedroGreg|gg\n|\n|t:|1658258660\n|move|p1a: Silvally|Flamethrower|p2a: Excadrill\n|-supereffective|p2a: Excadrill\n|-damage|p2a: Excadrill|63\/100\n|move|p2a: Excadrill|Earthquake|p1a: Silvally\n|-supereffective|p1a: Silvally\n|-damage|p1a: Silvally|0 fnt\n|faint|p1a: Silvally\n|\n|win|PedroGreg\n|n|\u2606weidson|weidson\n|n|\u2606PedroGreg|pedrogreg\n|n| More\u2740tto|moretto\n|n| Neto1003|neto1003\n","uploadtime":1658258662,"views":44,"p1id":"weidson","p2id":"pedrogreg","formatid":"gen8uu","rating":0,"private":0,"password":null}