{"id":"gen8ou-1308055111","p1":"Brifye","p2":"CynthiaOnlyfan","format":"gen8ou","log":"|j|\u2606Brifye\n|j|\u2606CynthiaOnlyfan\n|t:|1616606274\n|player|p1|Brifye|blackbelt-gen4dp|1559\n|player|p2|CynthiaOnlyfan|1|1542\n|teamsize|p1|6\n|teamsize|p2|6\n|gametype|singles\n|gen|8\n|tier|[Gen 8] OU\n|rated|\n|clearpoke\n|poke|p1|Tyranitar, F|\n|poke|p1|Dracozolt|\n|poke|p1|Slowbro, F|\n|poke|p1|Moltres|\n|poke|p1|Landorus-Therian, M|\n|poke|p1|Dragapult, F|\n|poke|p2|Latias, F|\n|poke|p2|Nidoking, M|\n|poke|p2|Zapdos|\n|poke|p2|Dragapult, M|\n|poke|p2|Ferrothorn, M|\n|poke|p2|Tapu Fini|\n|rule|Sleep Clause Mod: Limit one foe put to sleep\n|rule|Species Clause: Limit one of each Pok\u00e9mon\n|rule|OHKO Clause: OHKO moves are banned\n|rule|Evasion Moves Clause: Evasion moves are banned\n|rule|Endless Battle Clause: Forcing endless battles is banned\n|rule|HP Percentage Mod: HP is shown in percentages\n|rule|Dynamax Clause: You cannot dynamax\n|teampreview\n|inactive|Battle timer is ON: inactive players will automatically lose when time's up. (requested by CynthiaOnlyfan)\n|\n|t:|1616606277\n|start\n|switch|p1a: Landorus|Landorus-Therian, M|100\/100\n|switch|p2a: Tapu Fini|Tapu Fini|100\/100\n|-fieldstart|move: Misty Terrain|[from] ability: Misty Surge|[of] p2a: Tapu Fini\n|-ability|p1a: Landorus|Intimidate|boost\n|-unboost|p2a: Tapu Fini|atk|1\n|turn|1\n|\n|t:|1616606285\n|move|p2a: Tapu Fini|Hydro Pump|p1a: Landorus\n|-supereffective|p1a: Landorus\n|-damage|p1a: Landorus|0 fnt\n|faint|p1a: Landorus\n|\n|upkeep\n|\n|t:|1616606297\n|switch|p1a: Dragapult|Dragapult, F|100\/100\n|turn|2\n|j| XDNO\n|\n|t:|1616606304\n|switch|p2a: Ferrothorn|Ferrothorn, M|100\/100\n|move|p1a: Dragapult|Hex|p2a: Ferrothorn\n|-damage|p2a: Ferrothorn|80\/100\n|\n|upkeep\n|turn|3\n|\n|t:|1616606310\n|move|p1a: Dragapult|U-turn|p2a: Ferrothorn\n|-damage|p2a: Ferrothorn|69\/100\n|-damage|p1a: Dragapult|88\/100|[from] ability: Iron Barbs|[of] p2a: Ferrothorn\n|-damage|p1a: Dragapult|72\/100|[from] item: Rocky Helmet|[of] p2a: Ferrothorn\n|\n|t:|1616606316\n|switch|p1a: Moltres|Moltres|100\/100|[from]move: U-turn\n|move|p2a: Ferrothorn|Stealth Rock|p1a: Moltres\n|-sidestart|p1: Brifye|move: Stealth Rock\n|\n|upkeep\n|turn|4\n|\n|t:|1616606335\n|switch|p2a: Latias|Latias, F|100\/100\n|move|p1a: Moltres|Mystical Fire|p2a: Latias\n|-resisted|p2a: Latias\n|-damage|p2a: Latias|86\/100\n|-unboost|p2a: Latias|spa|1\n|\n|upkeep\n|turn|5\n|\n|t:|1616606346\n|move|p2a: Latias|Draco Meteor|p1a: Moltres\n|-damage|p1a: Moltres|42\/100\n|-unboost|p2a: Latias|spa|2\n|move|p1a: Moltres|Defog|p2a: Latias\n|-unboost|p2a: Latias|evasion|1\n|-sideend|p1: Brifye|Stealth Rock|[from] move: Defog|[of] p1a: Moltres\n|-fieldend|Misty Terrain\n|\n|upkeep\n|turn|6\n|\n|t:|1616606361\n|switch|p2a: Tapu Fini|Tapu Fini|100\/100\n|-fieldstart|move: Misty Terrain|[from] ability: Misty Surge|[of] p2a: Tapu Fini\n|move|p1a: Moltres|Roost|p1a: Moltres\n|-heal|p1a: Moltres|92\/100\n|-singleturn|p1a: Moltres|move: Roost\n|\n|upkeep\n|turn|7\n|\n|t:|1616606373\n|switch|p1a: Slowbro|Slowbro, F|100\/100\n|move|p2a: Tapu Fini|Nature's Madness|p1a: Slowbro\n|-damage|p1a: Slowbro|50\/100\n|\n|upkeep\n|turn|8\n|\n|t:|1616606382\n|switch|p2a: Zapdos|Zapdos|100\/100\n|move|p1a: Slowbro|Future Sight|p2a: Zapdos\n|-start|p1a: Slowbro|move: Future Sight\n|\n|upkeep\n|turn|9\n|\n|t:|1616606387\n|switch|p1a: Tyranitar|Tyranitar, F|100\/100\n|-weather|Sandstorm|[from] ability: Sand Stream|[of] p1a: Tyranitar\n|move|p2a: Zapdos|Volt Switch|p1a: Tyranitar\n|-damage|p1a: Tyranitar|89\/100\n|\n|t:|1616606397\n|switch|p2a: Ferrothorn|Ferrothorn, M|69\/100|[from]move: Volt Switch\n|\n|-weather|Sandstorm|[upkeep]\n|upkeep\n|turn|10\n|\n|t:|1616606406\n|switch|p1a: Dracozolt|Dracozolt|100\/100\n|move|p2a: Ferrothorn|Stealth Rock|p1a: Dracozolt\n|-sidestart|p1: Brifye|move: Stealth Rock\n|\n|-weather|Sandstorm|[upkeep]\n|-end|p2a: Ferrothorn|move: Future Sight\n|-resisted|p2a: Ferrothorn\n|-damage|p2a: Ferrothorn|54\/100\n|-fieldend|Misty Terrain\n|upkeep\n|turn|11\n|\n|t:|1616606423\n|switch|p2a: Tapu Fini|Tapu Fini|100\/100\n|-fieldstart|move: Misty Terrain|[from] ability: Misty Surge|[of] p2a: Tapu Fini\n|move|p1a: Dracozolt|Fire Blast|p2a: Tapu Fini\n|-resisted|p2a: Tapu Fini\n|-damage|p2a: Tapu Fini|87\/100\n|-damage|p1a: Dracozolt|91\/100|[from] item: Life Orb\n|\n|-weather|Sandstorm|[upkeep]\n|-damage|p2a: Tapu Fini|81\/100|[from] Sandstorm\n|upkeep\n|turn|12\n|\n|t:|1616606434\n|switch|p2a: Ferrothorn|Ferrothorn, M|54\/100\n|move|p1a: Dracozolt|Bolt Beak|p2a: Ferrothorn\n|-resisted|p2a: Ferrothorn\n|-damage|p2a: Ferrothorn|21\/100\n|-damage|p1a: Dracozolt|78\/100|[from] ability: Iron Barbs|[of] p2a: Ferrothorn\n|-damage|p1a: Dracozolt|62\/100|[from] item: Rocky Helmet|[of] p2a: Ferrothorn\n|-damage|p1a: Dracozolt|52\/100|[from] item: Life Orb\n|\n|-weather|Sandstorm|[upkeep]\n|upkeep\n|turn|13\n|\n|t:|1616606443\n|move|p1a: Dracozolt|Bolt Beak|p2a: Ferrothorn\n|-resisted|p2a: Ferrothorn\n|-damage|p2a: Ferrothorn|0 fnt\n|-damage|p1a: Dracozolt|39\/100|[from] ability: Iron Barbs|[of] p2a: Ferrothorn\n|-damage|p1a: Dracozolt|23\/100|[from] item: Rocky Helmet|[of] p2a: Ferrothorn\n|-damage|p1a: Dracozolt|13\/100|[from] item: Life Orb\n|faint|p2a: Ferrothorn\n|\n|-weather|Sandstorm|[upkeep]\n|upkeep\n|j| jayy is testing\n|l| jayy is testing\n|\n|t:|1616606456\n|switch|p2a: Nidoking|Nidoking, M|100\/100\n|turn|14\n|\n|t:|1616606459\n|switch|p2a: Zapdos|Zapdos|100\/100\n|move|p1a: Dracozolt|Earthquake|p2a: Zapdos\n|-immune|p2a: Zapdos\n|\n|-weather|Sandstorm|[upkeep]\n|-damage|p2a: Zapdos|94\/100|[from] Sandstorm\n|upkeep\n|turn|15\n|\n|t:|1616606477\n|move|p1a: Dracozolt|Bolt Beak|p2a: Zapdos\n|-damage|p2a: Zapdos|26\/100\n|-damage|p1a: Dracozolt|3\/100|[from] item: Life Orb\n|move|p2a: Zapdos|Roost|p2a: Zapdos\n|-heal|p2a: Zapdos|76\/100\n|-singleturn|p2a: Zapdos|move: Roost\n|\n|-weather|Sandstorm|[upkeep]\n|-damage|p2a: Zapdos|70\/100|[from] Sandstorm\n|-fieldend|Misty Terrain\n|upkeep\n|turn|16\n|\n|t:|1616606488\n|move|p1a: Dracozolt|Earthquake|p2a: Zapdos\n|-immune|p2a: Zapdos\n|move|p2a: Zapdos|Roost|p2a: Zapdos\n|-heal|p2a: Zapdos|100\/100\n|-singleturn|p2a: Zapdos|move: Roost\n|\n|-weather|none\n|upkeep\n|turn|17\n|j| ItsTurns\n|\n|t:|1616606499\n|switch|p1a: Tyranitar|Tyranitar, F|89\/100\n|-damage|p1a: Tyranitar|77\/100|[from] Stealth Rock\n|-weather|Sandstorm|[from] ability: Sand Stream|[of] p1a: Tyranitar\n|move|p2a: Zapdos|Volt Switch|p1a: Tyranitar\n|-damage|p1a: Tyranitar|64\/100\n|\n|t:|1616606511\n|switch|p2a: Nidoking|Nidoking, M|100\/100|[from]move: Volt Switch\n|\n|-weather|Sandstorm|[upkeep]\n|upkeep\n|turn|18\n|\n|t:|1616606519\n|switch|p1a: Moltres|Moltres|92\/100\n|move|p2a: Nidoking|Substitute|p2a: Nidoking\n|-start|p2a: Nidoking|Substitute\n|-damage|p2a: Nidoking|76\/100\n|\n|-weather|Sandstorm|[upkeep]\n|-damage|p1a: Moltres|86\/100|[from] Sandstorm\n|upkeep\n|turn|19\n|\n|t:|1616606530\n|move|p2a: Nidoking|Sludge Wave|p1a: Moltres\n|-damage|p1a: Moltres|26\/100\n|move|p1a: Moltres|Defog|p2a: Nidoking\n|-sideend|p1: Brifye|Stealth Rock|[from] move: Defog|[of] p1a: Moltres\n|\n|-weather|Sandstorm|[upkeep]\n|-damage|p1a: Moltres|20\/100|[from] Sandstorm\n|upkeep\n|turn|20\n|\n|t:|1616606540\n|move|p2a: Nidoking|Sludge Wave|p1a: Moltres\n|-damage|p1a: Moltres|0 fnt\n|faint|p1a: Moltres\n|\n|-weather|Sandstorm|[upkeep]\n|upkeep\n|\n|t:|1616606545\n|switch|p1a: Dragapult|Dragapult, F|72\/100\n|turn|21\n|\n|t:|1616606552\n|move|p1a: Dragapult|Draco Meteor|p2a: Nidoking\n|-damage|p2a: Nidoking|0 fnt\n|-unboost|p1a: Dragapult|spa|2\n|faint|p2a: Nidoking\n|\n|-weather|Sandstorm|[upkeep]\n|-damage|p1a: Dragapult|66\/100|[from] Sandstorm\n|-heal|p1a: Dragapult|72\/100|[from] item: Leftovers\n|upkeep\n|\n|t:|1616606560\n|switch|p2a: Tapu Fini|Tapu Fini|81\/100\n|-fieldstart|move: Misty Terrain|[from] ability: Misty Surge|[of] p2a: Tapu Fini\n|turn|22\n|\n|t:|1616606566\n|switch|p1a: Tyranitar|Tyranitar, F|64\/100\n|move|p2a: Tapu Fini|Moonblast|p1a: Tyranitar\n|-supereffective|p1a: Tyranitar\n|-crit|p1a: Tyranitar\n|-damage|p1a: Tyranitar|11\/100\n|\n|-weather|Sandstorm|[upkeep]\n|-damage|p2a: Tapu Fini|75\/100|[from] Sandstorm\n|upkeep\n|turn|23\n|\n|t:|1616606575\n|switch|p1a: Slowbro|Slowbro, F|84\/100\n|move|p2a: Tapu Fini|Moonblast|p1a: Slowbro\n|-damage|p1a: Slowbro|47\/100\n|-unboost|p1a: Slowbro|spa|1\n|\n|-weather|Sandstorm|[upkeep]\n|-damage|p2a: Tapu Fini|68\/100|[from] Sandstorm\n|-damage|p1a: Slowbro|41\/100|[from] Sandstorm\n|upkeep\n|turn|24\n|\n|t:|1616606586\n|move|p2a: Tapu Fini|Moonblast|p1a: Slowbro\n|-damage|p1a: Slowbro|1\/100\n|move|p1a: Slowbro|Slack Off|p1a: Slowbro\n|-heal|p1a: Slowbro|51\/100\n|\n|-weather|none\n|upkeep\n|turn|25\n|\n|t:|1616606599\n|switch|p2a: Dragapult|Dragapult, M|100\/100\n|move|p1a: Slowbro|Teleport|p1a: Slowbro\n|\n|t:|1616606603\n|switch|p1a: Tyranitar|Tyranitar, F|11\/100|[from]move: Teleport\n|-weather|Sandstorm|[from] ability: Sand Stream|[of] p1a: Tyranitar\n|\n|-weather|Sandstorm|[upkeep]\n|-damage|p2a: Dragapult|95\/100|[from] Sandstorm\n|upkeep\n|turn|26\n|\n|t:|1616606611\n|move|p2a: Dragapult|U-turn|p1a: Tyranitar\n|-supereffective|p1a: Tyranitar\n|-damage|p1a: Tyranitar|0 fnt\n|faint|p1a: Tyranitar\n|\n|t:|1616606614\n|switch|p2a: Zapdos|Zapdos|100\/100|[from]move: U-turn\n|\n|-weather|Sandstorm|[upkeep]\n|-damage|p2a: Zapdos|94\/100|[from] Sandstorm\n|-fieldend|Misty Terrain\n|upkeep\n|l| ItsTurns\n|\n|t:|1616606629\n|switch|p1a: Dracozolt|Dracozolt|3\/100\n|turn|27\n|\n|t:|1616606641\n|move|p1a: Dracozolt|Bolt Beak|p2a: Zapdos\n|-damage|p2a: Zapdos|29\/100\n|-damage|p1a: Dracozolt|0 fnt|[from] item: Life Orb\n|faint|p1a: Dracozolt\n|move|p2a: Zapdos|Roost|p2a: Zapdos\n|-heal|p2a: Zapdos|79\/100\n|-singleturn|p2a: Zapdos|move: Roost\n|\n|-weather|Sandstorm|[upkeep]\n|-damage|p2a: Zapdos|73\/100|[from] Sandstorm\n|upkeep\n|\n|t:|1616606651\n|switch|p1a: Dragapult|Dragapult, F|72\/100\n|turn|28\n|\n|t:|1616606659\n|move|p1a: Dragapult|Draco Meteor|p2a: Zapdos\n|-damage|p2a: Zapdos|16\/100\n|-unboost|p1a: Dragapult|spa|2\n|move|p2a: Zapdos|Hurricane|p1a: Dragapult|[miss]\n|-miss|p2a: Zapdos|p1a: Dragapult\n|\n|-weather|Sandstorm|[upkeep]\n|-damage|p1a: Dragapult|66\/100|[from] Sandstorm\n|-damage|p2a: Zapdos|10\/100|[from] Sandstorm\n|-heal|p1a: Dragapult|72\/100|[from] item: Leftovers\n|upkeep\n|turn|29\n|\n|t:|1616606670\n|move|p1a: Dragapult|Hex|p2a: Zapdos\n|-damage|p2a: Zapdos|0 fnt\n|faint|p2a: Zapdos\n|\n|-weather|Sandstorm|[upkeep]\n|-damage|p1a: Dragapult|66\/100|[from] Sandstorm\n|-heal|p1a: Dragapult|72\/100|[from] item: Leftovers\n|upkeep\n|\n|t:|1616606672\n|switch|p2a: Tapu Fini|Tapu Fini|68\/100\n|-fieldstart|move: Misty Terrain|[from] ability: Misty Surge|[of] p2a: Tapu Fini\n|turn|30\n|\n|t:|1616606688\n|switch|p1a: Slowbro|Slowbro, F|85\/100\n|move|p2a: Tapu Fini|Moonblast|p1a: Slowbro\n|-damage|p1a: Slowbro|48\/100\n|\n|-weather|Sandstorm|[upkeep]\n|-damage|p2a: Tapu Fini|62\/100|[from] Sandstorm\n|-damage|p1a: Slowbro|42\/100|[from] Sandstorm\n|upkeep\n|turn|31\n|j| Stazi\n|l| Stazi\n|\n|t:|1616606701\n|switch|p2a: Latias|Latias, F|86\/100\n|move|p1a: Slowbro|Slack Off|p1a: Slowbro\n|-heal|p1a: Slowbro|92\/100\n|\n|-weather|Sandstorm|[upkeep]\n|-damage|p2a: Latias|80\/100|[from] Sandstorm\n|-damage|p1a: Slowbro|86\/100|[from] Sandstorm\n|upkeep\n|turn|32\n|\n|t:|1616606714\n|move|p2a: Latias|Psychic|p1a: Slowbro\n|-resisted|p1a: Slowbro\n|-damage|p1a: Slowbro|59\/100\n|move|p1a: Slowbro|Teleport|p1a: Slowbro\n|\n|t:|1616606719\n|switch|p1a: Dragapult|Dragapult, F|72\/100|[from]move: Teleport\n|\n|-weather|none\n|-heal|p1a: Dragapult|78\/100|[from] item: Leftovers\n|upkeep\n|turn|33\n|\n|t:|1616606728\n|switch|p2a: Tapu Fini|Tapu Fini|62\/100\n|move|p1a: Dragapult|Hex|p2a: Tapu Fini\n|-damage|p2a: Tapu Fini|37\/100\n|\n|-heal|p1a: Dragapult|84\/100|[from] item: Leftovers\n|upkeep\n|turn|34\n|\n|t:|1616606740\n|switch|p1a: Slowbro|Slowbro, F|92\/100\n|move|p2a: Tapu Fini|Trick|p1a: Slowbro\n|-activate|p2a: Tapu Fini|move: Trick|[of] p1a: Slowbro\n|-item|p1a: Slowbro|Choice Scarf|[from] move: Trick\n|-item|p2a: Tapu Fini|Rocky Helmet|[from] move: Trick\n|\n|-fieldend|Misty Terrain\n|upkeep\n|turn|35\n|l| XDNO\n|\n|t:|1616606761\n|move|p2a: Tapu Fini|Nature's Madness|p1a: Slowbro\n|-damage|p1a: Slowbro|46\/100\n|move|p1a: Slowbro|Teleport|p1a: Slowbro\n|\n|t:|1616606765\n|switch|p1a: Dragapult|Dragapult, F|84\/100|[from]move: Teleport\n|\n|-heal|p1a: Dragapult|90\/100|[from] item: Leftovers\n|upkeep\n|turn|36\n|\n|t:|1616606777\n|switch|p2a: Latias|Latias, F|80\/100\n|move|p1a: Dragapult|U-turn|p2a: Latias\n|-supereffective|p2a: Latias\n|-crit|p2a: Latias\n|-damage|p2a: Latias|18\/100\n|\n|t:|1616606782\n|switch|p1a: Slowbro|Slowbro, F|80\/100|[from]move: U-turn\n|\n|upkeep\n|turn|37\n|\n|t:|1616606794\n|move|p2a: Latias|Draco Meteor|p1a: Slowbro\n|-damage|p1a: Slowbro|0 fnt\n|-unboost|p2a: Latias|spa|2\n|faint|p1a: Slowbro\n|\n|upkeep\n|\n|t:|1616606799\n|switch|p1a: Dragapult|Dragapult, F|90\/100\n|turn|38\n|\n|t:|1616606806\n|move|p1a: Dragapult|Hex|p2a: Latias\n|-supereffective|p2a: Latias\n|-damage|p2a: Latias|0 fnt\n|faint|p2a: Latias\n|\n|-heal|p1a: Dragapult|96\/100|[from] item: Leftovers\n|upkeep\n|\n|t:|1616606810\n|switch|p2a: Dragapult|Dragapult, M|95\/100\n|turn|39\n|\n|t:|1616606817\n|move|p1a: Dragapult|Draco Meteor|p2a: Dragapult\n|-supereffective|p2a: Dragapult\n|-damage|p2a: Dragapult|0 fnt\n|-unboost|p1a: Dragapult|spa|2\n|faint|p2a: Dragapult\n|\n|-heal|p1a: Dragapult|100\/100|[from] item: Leftovers\n|upkeep\n|\n|t:|1616606821\n|switch|p2a: Tapu Fini|Tapu Fini|37\/100\n|-fieldstart|move: Misty Terrain|[from] ability: Misty Surge|[of] p2a: Tapu Fini\n|turn|40\n|\n|t:|1616606827\n|move|p1a: Dragapult|Hex|p2a: Tapu Fini\n|-damage|p2a: Tapu Fini|24\/100\n|move|p2a: Tapu Fini|Moonblast|p1a: Dragapult\n|-supereffective|p1a: Dragapult\n|-damage|p1a: Dragapult|0 fnt\n|faint|p1a: Dragapult\n|\n|win|CynthiaOnlyfan\n|raw|Brifye's rating: 1559 &rarr; <strong>1538<\/strong><br \/>(-21 for losing)\n|raw|CynthiaOnlyfan's rating: 1542 &rarr; <strong>1563<\/strong><br \/>(+21 for winning)\n|l|\u2606Brifye\n||Ladder isn't responding, score probably updated but might not have (Request timeout).\n","uploadtime":1616606838,"views":76,"p1id":"brifye","p2id":"cynthiaonlyfan","formatid":"gen8ou","rating":1538,"private":0,"password":null}