{"id":"gen8oubeta-1011108114","p1":"Bbeeaa","p2":"Lunar Neo","format":"gen8oubeta","log":"|j|\u2606Bbeeaa\n|j|\u2606Lunar Neo\n|player|p1|Bbeeaa|24|1587\n|player|p2|Lunar Neo|248|1307\n|teamsize|p1|6\n|teamsize|p2|6\n|gametype|singles\n|gen|8\n|tier|[Gen 8] OU (beta)\n|rated|\n|rule|Species Clause: Limit one of each Pok\u00e9mon\n|rule|Moody Clause: Moody is banned\n|rule|OHKO Clause: OHKO moves are banned\n|rule|Evasion Moves Clause: Evasion moves are banned\n|clearpoke\n|poke|p1|Gothitelle, M|item\n|poke|p1|Hydreigon, M|item\n|poke|p1|Hippowdon, F|item\n|poke|p1|Ditto|item\n|poke|p1|Aegislash, F|item\n|poke|p1|Ferrothorn, M|item\n|poke|p2|Hydreigon, F|item\n|poke|p2|Mamoswine, M|item\n|poke|p2|Aegislash, F|item\n|poke|p2|Clefable, F|item\n|poke|p2|Quagsire, M|item\n|poke|p2|Toxtricity, F|item\n|rule|HP Percentage Mod: HP is shown in percentages\n|rule|Endless Battle Clause: Forcing endless battles is banned\n|teampreview\n|\n|start\n|switch|p1a: Ditto|Ditto|100\/100\n|switch|p2a: Mamoswine|Mamoswine, M|100\/100\n|-transform|p1a: Ditto|p2a: Mamoswine|[from] ability: Imposter\n|turn|1\n|inactive|Battle timer is ON: inactive players will automatically lose when time's up. (requested by Lunar Neo)\n|\n|move|p1a: Ditto|Icicle Crash|p2a: Mamoswine\n|-crit|p2a: Mamoswine\n|-damage|p2a: Mamoswine|63\/100\n|move|p2a: Mamoswine|Stealth Rock|p1a: Ditto\n|-sidestart|p1: Bbeeaa|move: Stealth Rock\n|\n|upkeep\n|turn|2\n|j| Neblina\n|\n|switch|p1a: Ferrothorn|Ferrothorn, M|100\/100\n|-damage|p1a: Ferrothorn|94\/100|[from] Stealth Rock\n|move|p2a: Mamoswine|Earthquake|p1a: Ferrothorn\n|-damage|p1a: Ferrothorn|57\/100\n|\n|-heal|p1a: Ferrothorn|64\/100|[from] item: Leftovers\n|upkeep\n|turn|3\n|\n|move|p2a: Mamoswine|Earthquake|p1a: Ferrothorn\n|-damage|p1a: Ferrothorn|24\/100\n|move|p1a: Ferrothorn|Power Whip|p2a: Mamoswine\n|-supereffective|p2a: Mamoswine\n|-damage|p2a: Mamoswine|0 fnt\n|faint|p2a: Mamoswine\n|\n|-heal|p1a: Ferrothorn|30\/100|[from] item: Leftovers\n|upkeep\n|\n|switch|p2a: Hydreigon|Hydreigon, F|100\/100\n|turn|4\n|j| Jaekbad\n|j| evan49\n|\n|move|p1a: Ferrothorn|Protect|p1a: Ferrothorn\n|-singleturn|p1a: Ferrothorn|Protect\n|move|p2a: Hydreigon|Dark Pulse|p1a: Ferrothorn\n|-activate|p1a: Ferrothorn|move: Protect\n|\n|-heal|p1a: Ferrothorn|36\/100|[from] item: Leftovers\n|upkeep\n|turn|5\n|j| juicelol\n|inactive|Bbeeaa has 120 seconds left.\n|j| EG Starwind\n|\n|switch|p1a: Hydreigon|Hydreigon, M|100\/100\n|-damage|p1a: Hydreigon|88\/100|[from] Stealth Rock\n|move|p2a: Hydreigon|Fire Blast|p1a: Hydreigon\n|-resisted|p1a: Hydreigon\n|-damage|p1a: Hydreigon|60\/100\n|-damage|p2a: Hydreigon|91\/100|[from] item: Life Orb\n|\n|upkeep\n|turn|6\n|c| evan49|why are so much people joining\n|\n|switch|p2a: Clefable|Clefable, F|100\/100\n|move|p1a: Hydreigon|Flash Cannon|p2a: Clefable\n|-supereffective|p2a: Clefable\n|-damage|p2a: Clefable|41\/100\n|-damage|p1a: Hydreigon|51\/100|[from] item: Life Orb\n|\n|-heal|p2a: Clefable|47\/100|[from] item: Leftovers\n|upkeep\n|turn|7\n|j| flank buddies\n|j| Valentine\n|\n|switch|p2a: Quagsire|Quagsire, M|100\/100\n|move|p1a: Hydreigon|Flash Cannon|p2a: Quagsire\n|-resisted|p2a: Quagsire\n|-damage|p2a: Quagsire|79\/100\n|-damage|p1a: Hydreigon|41\/100|[from] item: Life Orb\n|\n|-heal|p2a: Quagsire|86\/100|[from] item: Leftovers\n|upkeep\n|turn|8\n|\n|switch|p2a: Clefable|Clefable, F|47\/100\n|move|p1a: Hydreigon|Roost|p1a: Hydreigon\n|-heal|p1a: Hydreigon|91\/100\n|-singleturn|p1a: Hydreigon|move: Roost\n|\n|-heal|p2a: Clefable|53\/100|[from] item: Leftovers\n|upkeep\n|turn|9\n|l| evan49\n|\n|move|p1a: Hydreigon|Flash Cannon|p2a: Clefable\n|-supereffective|p2a: Clefable\n|-damage|p2a: Clefable|0 fnt\n|-damage|p1a: Hydreigon|81\/100|[from] item: Life Orb\n|faint|p2a: Clefable\n|\n|upkeep\n|\n|switch|p2a: Hydreigon|Hydreigon, F|91\/100\n|turn|10\n|j| Calico S\n|\n|switch|p1a: Aegislash|Aegislash, F|100\/100\n|-damage|p1a: Aegislash|94\/100|[from] Stealth Rock\n|move|p2a: Hydreigon|Draco Meteor|p1a: Aegislash\n|-resisted|p1a: Aegislash\n|-damage|p1a: Aegislash|70\/100\n|-unboost|p2a: Hydreigon|spa|2\n|-damage|p2a: Hydreigon|81\/100|[from] item: Life Orb\n|\n|-heal|p1a: Aegislash|76\/100|[from] item: Leftovers\n|upkeep\n|turn|11\n|\n|switch|p2a: Quagsire|Quagsire, M|86\/100\n|-formechange|p1a: Aegislash|Aegislash-Blade||[from] ability: Stance Change\n|move|p1a: Aegislash|Flash Cannon|p2a: Quagsire\n|-resisted|p2a: Quagsire\n|-damage|p2a: Quagsire|63\/100\n|\n|-heal|p1a: Aegislash|83\/100|[from] item: Leftovers\n|-heal|p2a: Quagsire|69\/100|[from] item: Leftovers\n|upkeep\n|turn|12\n|l| Calico S\n|\n|switch|p1a: Hydreigon|Hydreigon, M|81\/100\n|-damage|p1a: Hydreigon|69\/100|[from] Stealth Rock\n|move|p2a: Quagsire|Earthquake|p1a: Hydreigon\n|-immune|p1a: Hydreigon|[from] ability: Levitate\n|\n|-heal|p2a: Quagsire|75\/100|[from] item: Leftovers\n|upkeep\n|turn|13\n|\n|-start|p1a: Hydreigon|Dynamax\n|-heal|p1a: Hydreigon|69\/100|[from] Dynamax\n|move|p1a: Hydreigon|Max Darkness|p2a: Quagsire\n|-damage|p2a: Quagsire|0 fnt\n|-damage|p1a: Hydreigon|59\/100|[from] item: Life Orb\n|faint|p2a: Quagsire\n|\n|upkeep\n|\n|switch|p2a: Toxtricity|Toxtricity, F|100\/100\n|turn|14\n|\n|-start|p2a: Toxtricity|Dynamax\n|-heal|p2a: Toxtricity|100\/100|[from] Dynamax\n|move|p1a: Hydreigon|Max Wyrmwind|p2a: Toxtricity\n|-damage|p2a: Toxtricity|28\/100\n|-unboost|p2a: Toxtricity|atk|1\n|-damage|p1a: Hydreigon|49\/100|[from] item: Life Orb\n|move|p2a: Toxtricity|Max Ooze|p1a: Hydreigon\n|-damage|p1a: Hydreigon|20\/100\n|-boost|p2a: Toxtricity|spa|1\n|\n|upkeep\n|turn|15\n|\n|move|p1a: Hydreigon|Max Wyrmwind|p2a: Toxtricity\n|-damage|p2a: Toxtricity|0 fnt\n|-damage|p1a: Hydreigon|10\/100|[from] item: Life Orb\n|faint|p2a: Toxtricity\n|\n|-end|p1a: Hydreigon|Dynamax\n|-heal|p1a: Hydreigon|10\/100|[from] Dynamax\n|upkeep\n|\n|switch|p2a: Aegislash|Aegislash, F|100\/100\n|turn|16\n|\n|switch|p1a: Hippowdon|Hippowdon, F|100\/100\n|-damage|p1a: Hippowdon|94\/100|[from] Stealth Rock\n|-weather|Sandstorm|[from] ability: Sand Stream|[of] p1a: Hippowdon\n|-formechange|p2a: Aegislash|Aegislash-Blade||[from] ability: Stance Change\n|move|p2a: Aegislash|Sacred Sword|p1a: Hippowdon\n|-damage|p1a: Hippowdon|79\/100\n|\n|-weather|Sandstorm|[upkeep]\n|-heal|p1a: Hippowdon|85\/100|[from] item: Leftovers\n|upkeep\n|turn|17\n|-message|Lunar Neo forfeited.\n|\n|win|Bbeeaa\n|l|\u2606Lunar Neo\n|c|\u2606Bbeeaa|finally\n|raw|Bbeeaa's rating: 1587 &rarr; <strong>1594<\/strong><br \/>(+7 for winning)\n|raw|Lunar Neo's rating: 1307 &rarr; <strong>1300<\/strong><br \/>(-7 for losing)\n|c|\u2606Bbeeaa|top 1\n","uploadtime":1573965797,"views":8,"p1id":"bbeeaa","p2id":"lunarneo","formatid":"gen8oubeta","rating":1300,"private":0,"password":null}