{"id":"gen8bdspou-1479432705","p1":"peetyeety","p2":"comp233","format":"gen8bdspou","log":"|j|\u2606peetyeety\n|j|\u2606comp233\n|t:|1640385337\n|gametype|singles\n|player|p1|peetyeety|170|1517\n|player|p2|comp233|rosa|1546\n|teamsize|p1|6\n|teamsize|p2|6\n|gen|8\n|tier|[Gen 8 BDSP] OU\n|rated|\n|rule|Sleep Clause Mod: Limit one foe put to sleep\n|rule|Species Clause: Limit one of each Pok\u00e9mon\n|rule|OHKO Clause: OHKO moves are banned\n|rule|Evasion Moves Clause: Evasion moves are banned\n|rule|Endless Battle Clause: Forcing endless battles is banned\n|rule|HP Percentage Mod: HP is shown in percentages\n|clearpoke\n|poke|p1|Breloom, M|\n|poke|p1|Gengar, F|\n|poke|p1|Scizor, M|\n|poke|p1|Gliscor, F|\n|poke|p1|Clefable, M|\n|poke|p1|Rotom-Wash|\n|poke|p2|Staraptor, M|\n|poke|p2|Mamoswine, F|\n|poke|p2|Dragonite, M|\n|poke|p2|Scizor, F|\n|poke|p2|Infernape, M|\n|poke|p2|Weavile, M|\n|teampreview\n|inactive|Battle timer is ON: inactive players will automatically lose when time's up. (requested by peetyeety)\n|\n|t:|1640385350\n|start\n|switch|p1a: Rotom|Rotom-Wash|100\/100\n|switch|p2a: Infernape|Infernape, M|100\/100\n|turn|1\n|\n|t:|1640385355\n|move|p1a: Rotom|Protect|p1a: Rotom\n|-singleturn|p1a: Rotom|Protect\n|move|p2a: Infernape|U-turn|p1a: Rotom\n|-activate|p1a: Rotom|move: Protect\n|\n|upkeep\n|turn|2\n|\n|t:|1640385367\n|move|p2a: Infernape|U-turn|p1a: Rotom\n|-damage|p1a: Rotom|82\/100\n|\n|t:|1640385368\n|switch|p2a: Scizor|Scizor, F|100\/100|[from]move: U-turn\n|move|p1a: Rotom|Will-O-Wisp|p2a: Scizor\n|-status|p2a: Scizor|brn\n|\n|-heal|p1a: Rotom|88\/100|[from] item: Leftovers\n|-damage|p2a: Scizor|94\/100 brn|[from] brn\n|upkeep\n|turn|3\n|\n|t:|1640385375\n|move|p1a: Rotom|Protect|p1a: Rotom\n|-singleturn|p1a: Rotom|Protect\n|move|p2a: Scizor|U-turn|p1a: Rotom\n|-activate|p1a: Rotom|move: Protect\n|\n|-heal|p1a: Rotom|94\/100|[from] item: Leftovers\n|-heal|p2a: Scizor|100\/100 brn|[from] item: Leftovers\n|-damage|p2a: Scizor|94\/100 brn|[from] brn\n|upkeep\n|turn|4\n|\n|t:|1640385378\n|move|p1a: Rotom|Volt Switch|p2a: Scizor\n|-damage|p2a: Scizor|73\/100 brn\n|\n|t:|1640385381\n|switch|p1a: Gliscor|Gliscor, F|100\/100|[from]move: Volt Switch\n|move|p2a: Scizor|U-turn|p1a: Gliscor\n|-resisted|p1a: Gliscor\n|-damage|p1a: Gliscor|94\/100\n|\n|t:|1640385383\n|switch|p2a: Mamoswine|Mamoswine, F|100\/100|[from]move: U-turn\n|\n|-status|p1a: Gliscor|tox|[from] item: Toxic Orb\n|upkeep\n|turn|5\n|\n|t:|1640385387\n|move|p1a: Gliscor|Fling|p2a: Mamoswine\n|-damage|p2a: Mamoswine|92\/100\n|-status|p2a: Mamoswine|tox\n|-enditem|p1a: Gliscor|Toxic Orb|[from] move: Fling\n|move|p2a: Mamoswine|Freeze-Dry|p1a: Gliscor\n|-supereffective|p1a: Gliscor\n|-damage|p1a: Gliscor|0 fnt\n|faint|p1a: Gliscor\n|-damage|p2a: Mamoswine|82\/100 tox|[from] item: Life Orb\n|\n|-damage|p2a: Mamoswine|76\/100 tox|[from] psn\n|upkeep\n|\n|t:|1640385391\n|switch|p1a: Gengar|Gengar, F|100\/100\n|turn|6\n|\n|t:|1640385408\n|switch|p2a: Scizor|Scizor, F|73\/100 brn\n|move|p1a: Gengar|Hex|p2a: Scizor\n|-damage|p2a: Scizor|0 fnt\n|faint|p2a: Scizor\n|\n|upkeep\n|\n|t:|1640385414\n|switch|p2a: Weavile|Weavile, M|100\/100\n|-ability|p2a: Weavile|Pressure\n|turn|7\n|\n|t:|1640385419\n|switch|p1a: Clefable|Clefable, M|100\/100\n|move|p2a: Weavile|Throat Chop|p1a: Clefable\n|-resisted|p1a: Clefable\n|-damage|p1a: Clefable|81\/100\n|-start|p1a: Clefable|Throat Chop|[silent]\n|\n|-heal|p1a: Clefable|87\/100|[from] item: Leftovers\n|upkeep\n|turn|8\n|\n|t:|1640385425\n|switch|p2a: Mamoswine|Mamoswine, F|76\/100 tox\n|move|p1a: Clefable|Thunder Wave|p2a: Mamoswine\n|-immune|p2a: Mamoswine\n|\n|-heal|p1a: Clefable|93\/100|[from] item: Leftovers\n|-damage|p2a: Mamoswine|70\/100 tox|[from] psn\n|-end|p1a: Clefable|Throat Chop|[silent]\n|upkeep\n|turn|9\n|\n|t:|1640385435\n|move|p2a: Mamoswine|Earthquake|p1a: Clefable\n|-damage|p1a: Clefable|11\/100\n|-damage|p2a: Mamoswine|60\/100 tox|[from] item: Life Orb\n|move|p1a: Clefable|Wish|p1a: Clefable\n|\n|-heal|p1a: Clefable|18\/100|[from] item: Leftovers\n|-damage|p2a: Mamoswine|48\/100 tox|[from] psn\n|upkeep\n|turn|10\n|j| LeoSY\n|\n|t:|1640385455\n|switch|p2a: Staraptor|Staraptor, M|100\/100\n|move|p1a: Clefable|Protect||[still]\n|-fail|p1a: Clefable\n|\n|-heal|p1a: Clefable|68\/100|[from] move: Wish|[wisher] Clefable\n|-heal|p1a: Clefable|74\/100|[from] item: Leftovers\n|upkeep\n|turn|11\n|\n|t:|1640385458\n|move|p1a: Clefable|Protect|p1a: Clefable\n|-singleturn|p1a: Clefable|Protect\n|move|p2a: Staraptor|Double-Edge|p1a: Clefable\n|-activate|p1a: Clefable|move: Protect\n|\n|-heal|p1a: Clefable|80\/100|[from] item: Leftovers\n|upkeep\n|turn|12\n|\n|t:|1640385466\n|switch|p2a: Weavile|Weavile, M|100\/100\n|-ability|p2a: Weavile|Pressure\n|move|p1a: Clefable|Moonblast|p2a: Weavile\n|-supereffective|p2a: Weavile\n|-damage|p2a: Weavile|17\/100\n|\n|-heal|p1a: Clefable|86\/100|[from] item: Leftovers\n|upkeep\n|turn|13\n|c|\u2606peetyeety|wp\n|\n|t:|1640385470\n|move|p1a: Clefable|Protect|p1a: Clefable\n|-singleturn|p1a: Clefable|Protect\n|move|p2a: Weavile|Icicle Crash|p1a: Clefable\n|-activate|p1a: Clefable|move: Protect\n|\n|-heal|p1a: Clefable|92\/100|[from] item: Leftovers\n|upkeep\n|turn|14\n|\n|t:|1640385474\n|switch|p1a: Rotom|Rotom-Wash|94\/100\n|move|p2a: Weavile|Icicle Crash|p1a: Rotom\n|-resisted|p1a: Rotom\n|-damage|p1a: Rotom|79\/100\n|\n|-heal|p1a: Rotom|86\/100|[from] item: Leftovers\n|upkeep\n|turn|15\n|\n|t:|1640385480\n|move|p2a: Weavile|Throat Chop|p1a: Rotom\n|-damage|p1a: Rotom|53\/100\n|-start|p1a: Rotom|Throat Chop|[silent]\n|move|p1a: Rotom|Hydro Pump|p2a: Weavile\n|-damage|p2a: Weavile|0 fnt\n|faint|p2a: Weavile\n|\n|-heal|p1a: Rotom|59\/100|[from] item: Leftovers\n|upkeep\n|inactive|comp233 has 120 seconds left.\n|\n|t:|1640385510\n|switch|p2a: Mamoswine|Mamoswine, F|48\/100 tox\n|turn|16\n|\n|t:|1640385525\n|switch|p1a: Scizor|Scizor, M, shiny|100\/100\n|move|p2a: Mamoswine|Earthquake|p1a: Scizor\n|-damage|p1a: Scizor|32\/100\n|-damage|p2a: Mamoswine|38\/100 tox|[from] item: Life Orb\n|\n|-heal|p1a: Scizor|38\/100|[from] item: Leftovers\n|-damage|p2a: Mamoswine|32\/100 tox|[from] psn\n|upkeep\n|turn|17\n|\n|t:|1640385537\n|switch|p2a: Infernape|Infernape, M|100\/100\n|move|p1a: Scizor|U-turn|p2a: Infernape\n|-resisted|p2a: Infernape\n|-damage|p2a: Infernape|89\/100\n|\n|t:|1640385542\n|switch|p1a: Rotom|Rotom-Wash|59\/100|[from]move: U-turn\n|\n|-heal|p1a: Rotom|66\/100|[from] item: Leftovers\n|upkeep\n|turn|18\n|\n|t:|1640385547\n|move|p1a: Rotom|Protect|p1a: Rotom\n|-singleturn|p1a: Rotom|Protect\n|move|p2a: Infernape|Stealth Rock|p1a: Rotom\n|-sidestart|p1: peetyeety|move: Stealth Rock\n|\n|-heal|p1a: Rotom|72\/100|[from] item: Leftovers\n|upkeep\n|turn|19\n|\n|t:|1640385564\n|switch|p2a: Mamoswine|Mamoswine, F|32\/100 tox\n|move|p1a: Rotom|Hydro Pump|p2a: Mamoswine\n|-supereffective|p2a: Mamoswine\n|-crit|p2a: Mamoswine\n|-damage|p2a: Mamoswine|0 fnt\n|faint|p2a: Mamoswine\n|\n|-heal|p1a: Rotom|78\/100|[from] item: Leftovers\n|upkeep\n|\n|t:|1640385568\n|switch|p2a: Staraptor|Staraptor, M|100\/100\n|turn|20\n|\n|t:|1640385572\n|move|p1a: Rotom|Protect|p1a: Rotom\n|-singleturn|p1a: Rotom|Protect\n|move|p2a: Staraptor|Double-Edge|p1a: Rotom\n|-activate|p1a: Rotom|move: Protect\n|\n|-heal|p1a: Rotom|84\/100|[from] item: Leftovers\n|upkeep\n|turn|21\n|\n|t:|1640385577\n|switch|p1a: Gengar|Gengar, F|100\/100\n|-damage|p1a: Gengar|88\/100|[from] Stealth Rock\n|move|p2a: Staraptor|Double-Edge|p1a: Gengar\n|-immune|p1a: Gengar\n|\n|upkeep\n|turn|22\n|\n|t:|1640385589\n|switch|p2a: Infernape|Infernape, M|89\/100\n|move|p1a: Gengar|Sludge Bomb|p2a: Infernape\n|-damage|p2a: Infernape|0 fnt\n|faint|p2a: Infernape\n|\n|upkeep\n|\n|t:|1640385592\n|switch|p2a: Dragonite|Dragonite, M|100\/100\n|turn|23\n|\n|t:|1640385604\n|move|p1a: Gengar|Sludge Bomb|p2a: Dragonite\n|-crit|p2a: Dragonite\n|-damage|p2a: Dragonite|51\/100\n|move|p2a: Dragonite|Earthquake|p1a: Gengar\n|-supereffective|p1a: Gengar\n|-damage|p1a: Gengar|0 fnt\n|-start|p2a: Dragonite|Disable|Earthquake|[from] ability: Cursed Body|[of] p1a: Gengar\n|faint|p1a: Gengar\n|\n|upkeep\n|\n|t:|1640385609\n|switch|p1a: Rotom|Rotom-Wash|84\/100\n|-damage|p1a: Rotom|72\/100|[from] Stealth Rock\n|turn|24\n|\n|t:|1640385624\n|switch|p2a: Staraptor|Staraptor, M|100\/100\n|move|p1a: Rotom|Will-O-Wisp|p2a: Staraptor\n|-status|p2a: Staraptor|brn\n|\n|-heal|p1a: Rotom|78\/100|[from] item: Leftovers\n|-damage|p2a: Staraptor|94\/100 brn|[from] brn\n|upkeep\n|turn|25\n|\n|t:|1640385627\n|move|p1a: Rotom|Protect|p1a: Rotom\n|-singleturn|p1a: Rotom|Protect\n|move|p2a: Staraptor|Double-Edge|p1a: Rotom\n|-activate|p1a: Rotom|move: Protect\n|\n|-heal|p1a: Rotom|84\/100|[from] item: Leftovers\n|-damage|p2a: Staraptor|88\/100 brn|[from] brn\n|upkeep\n|turn|26\n|j| LonleyG0d\n|\n|t:|1640385633\n|switch|p1a: Breloom|Breloom, M|100\/100\n|-damage|p1a: Breloom|94\/100|[from] Stealth Rock\n|move|p2a: Staraptor|Double-Edge|p1a: Breloom\n|-damage|p1a: Breloom|24\/100\n|-damage|p2a: Staraptor|64\/100 brn|[from] Recoil\n|\n|-damage|p2a: Staraptor|58\/100 brn|[from] brn\n|-status|p1a: Breloom|tox|[from] item: Toxic Orb\n|upkeep\n|turn|27\n|\n|t:|1640385638\n|-singleturn|p1a: Breloom|move: Focus Punch\n|move|p2a: Staraptor|Double-Edge|p1a: Breloom\n|-damage|p1a: Breloom|0 fnt\n|faint|p1a: Breloom\n|-damage|p2a: Staraptor|50\/100 brn|[from] Recoil\n|\n|-damage|p2a: Staraptor|44\/100 brn|[from] brn\n|upkeep\n|\n|t:|1640385641\n|switch|p1a: Scizor|Scizor, M, shiny|38\/100\n|-damage|p1a: Scizor|26\/100|[from] Stealth Rock\n|turn|28\n|\n|t:|1640385644\n|move|p2a: Staraptor|Double-Edge|p1a: Scizor\n|-resisted|p1a: Scizor\n|-damage|p1a: Scizor|0 fnt\n|faint|p1a: Scizor\n|-damage|p2a: Staraptor|35\/100 brn|[from] Recoil\n|\n|-damage|p2a: Staraptor|28\/100 brn|[from] brn\n|upkeep\n|\n|t:|1640385649\n|switch|p1a: Clefable|Clefable, M|92\/100\n|-damage|p1a: Clefable|79\/100|[from] Stealth Rock\n|turn|29\n|\n|t:|1640385651\n|move|p2a: Staraptor|Double-Edge|p1a: Clefable\n|-damage|p1a: Clefable|27\/100\n|-damage|p2a: Staraptor|7\/100 brn|[from] Recoil\n|move|p1a: Clefable|Wish|p1a: Clefable\n|\n|-heal|p1a: Clefable|33\/100|[from] item: Leftovers\n|-damage|p2a: Staraptor|0 fnt|[from] brn\n|faint|p2a: Staraptor\n|upkeep\n|\n|t:|1640385653\n|switch|p2a: Dragonite|Dragonite, M|51\/100\n|turn|30\n|c|\u2606peetyeety|gg\n|\n|t:|1640385669\n|move|p1a: Clefable|Protect|p1a: Clefable\n|-singleturn|p1a: Clefable|Protect\n|move|p2a: Dragonite|Earthquake|p1a: Clefable\n|-activate|p1a: Clefable|move: Protect\n|\n|-heal|p1a: Clefable|83\/100|[from] move: Wish|[wisher] Clefable\n|-heal|p1a: Clefable|89\/100|[from] item: Leftovers\n|upkeep\n|turn|31\n|\n|t:|1640385674\n|move|p2a: Dragonite|Earthquake|p1a: Clefable\n|-damage|p1a: Clefable|53\/100\n|move|p1a: Clefable|Moonblast|p2a: Dragonite\n|-supereffective|p2a: Dragonite\n|-crit|p2a: Dragonite\n|-damage|p2a: Dragonite|0 fnt\n|faint|p2a: Dragonite\n|\n|win|peetyeety\n|raw|peetyeety's rating: 1538 &rarr; <strong>1558<\/strong><br \/>(+20 for winning)\n|raw|comp233's rating: 1546 &rarr; <strong>1526<\/strong><br \/>(-20 for losing)\n|l|\u2606comp233\n","uploadtime":1640385677,"views":19,"p1id":"peetyeety","p2id":"comp233","formatid":"gen8bdspou","rating":1526,"private":0,"password":null}