{"id":"gen8nationaldexmonotype-1540935956","p1":"ryuuune","p2":"Eclipse77","format":"gen8nationaldexmonotype","log":"|j|\u2606ryuuune\n|j|\u2606Eclipse77\n|inactive|Battle timer is ON: inactive players will automatically lose when time's up.\n|t:|1648509555\n|gametype|singles\n|player|p1|ryuuune|sabrina|\n|player|p2|Eclipse77|hilda-wonderlauncher|\n|teamsize|p1|6\n|teamsize|p2|6\n|gen|8\n|tier|[Gen 8] National Dex Monotype\n|rated|Tournament battle\n|rule|HP Percentage Mod: HP is shown in percentages\n|rule|Endless Battle Clause: Forcing endless battles is banned\n|rule|Same Type Clause: Pok\u00e9mon in a team must share a type\n|rule|Species Clause: Limit one of each Pok\u00e9mon\n|rule|OHKO Clause: OHKO moves are banned\n|rule|Evasion Moves Clause: Evasion moves are banned\n|rule|Dynamax Clause: You cannot dynamax\n|rule|Sleep Clause Mod: Limit one foe put to sleep\n|clearpoke\n|poke|p1|Deoxys-Speed|\n|poke|p1|Gallade, M|\n|poke|p1|Victini|\n|poke|p1|Tapu Lele|\n|poke|p1|Latios, M|\n|poke|p1|Slowbro, M|\n|poke|p2|Greninja, F|\n|poke|p2|Pelipper, F|\n|poke|p2|Toxapex, M|\n|poke|p2|Urshifu-*, M|\n|poke|p2|Slowking, M|\n|poke|p2|Swampert, M|\n|teampreview\n|inactive|ryuuune also wants the timer to be on.\n|c|\u2606Eclipse77|hf\n|\n|t:|1648509564\n|start\n|switch|p1a: Tapu Lele|Tapu Lele|100\/100\n|switch|p2a: Pelipper|Pelipper, F|100\/100\n|-fieldstart|move: Psychic Terrain|[from] ability: Psychic Surge|[of] p1a: Tapu Lele\n|-weather|RainDance|[from] ability: Drizzle|[of] p2a: Pelipper\n|turn|1\n|\n|t:|1648509575\n|switch|p2a: Slowking|Slowking, M|100\/100\n|move|p1a: Tapu Lele|Energy Ball|p2a: Slowking\n|-supereffective|p2a: Slowking\n|-damage|p2a: Slowking|65\/100\n|\n|-weather|RainDance|[upkeep]\n|upkeep\n|turn|2\n|\n|t:|1648509587\n|switch|p1a: Slowbro|Slowbro, M|100\/100\n|move|p2a: Slowking|Teleport|p2a: Slowking\n|\n|t:|1648509591\n|switch|p2a: Greninja|Greninja, F|100\/100|[from]move: Teleport\n|\n|-weather|RainDance|[upkeep]\n|upkeep\n|turn|3\n|\n|t:|1648509597\n|move|p2a: Greninja|Dark Pulse|p1a: Slowbro\n|-start|p2a: Greninja|typechange|Dark|[from] ability: Protean\n|-supereffective|p1a: Slowbro\n|-damage|p1a: Slowbro|31\/100\n|move|p1a: Slowbro|Teleport|p1a: Slowbro\n|\n|t:|1648509605\n|switch|p1a: Deoxys|Deoxys-Speed|100\/100|[from]move: Teleport\n|-ability|p1a: Deoxys|Pressure\n|\n|-weather|RainDance|[upkeep]\n|upkeep\n|turn|4\n|\n|t:|1648509609\n|move|p2a: Greninja|Dark Pulse|p1a: Deoxys\n|-supereffective|p1a: Deoxys\n|-damage|p1a: Deoxys|21\/100\n|move|p1a: Deoxys|Light Screen|p1a: Deoxys\n|-sidestart|p1: ryuuune|move: Light Screen\n|\n|-weather|RainDance|[upkeep]\n|upkeep\n|turn|5\n|\n|t:|1648509617\n|switch|p2a: Pelipper|Pelipper, F|100\/100\n|move|p1a: Deoxys|Reflect|p1a: Deoxys\n|-sidestart|p1: ryuuune|Reflect\n|\n|-weather|none\n|-fieldend|move: Psychic Terrain\n|upkeep\n|turn|6\n|\n|t:|1648509630\n|move|p1a: Deoxys|Stealth Rock|p2a: Pelipper\n|-sidestart|p2: Eclipse77|move: Stealth Rock\n|move|p2a: Pelipper|U-turn|p1a: Deoxys\n|-supereffective|p1a: Deoxys\n|-damage|p1a: Deoxys|10\/100\n|\n|t:|1648509634\n|switch|p2a: Greninja|Greninja, F|100\/100|[from]move: U-turn\n|-damage|p2a: Greninja|88\/100|[from] Stealth Rock\n|\n|upkeep\n|turn|7\n|\n|t:|1648509646\n|move|p2a: Greninja|U-turn|p1a: Deoxys\n|-start|p2a: Greninja|typechange|Bug|[from] ability: Protean\n|-supereffective|p1a: Deoxys\n|-damage|p1a: Deoxys|0 fnt\n|faint|p1a: Deoxys\n|\n|t:|1648509656\n|switch|p2a: Toxapex|Toxapex, M|100\/100|[from]move: U-turn\n|-damage|p2a: Toxapex|88\/100|[from] Stealth Rock\n|\n|-heal|p2a: Toxapex|94\/100|[from] item: Black Sludge\n|upkeep\n|\n|t:|1648509663\n|switch|p1a: Latios|Latios, M|100\/100\n|turn|8\n|\n|t:|1648509688\n|switch|p2a: Slowking|Slowking, M|99\/100\n|move|p1a: Latios|Draco Meteor|p2a: Slowking\n|-damage|p2a: Slowking|60\/100\n|-unboost|p1a: Latios|spa|2\n|\n|upkeep\n|turn|9\n|\n|t:|1648509698\n|switch|p1a: Gallade|Gallade, M|100\/100\n|move|p2a: Slowking|Teleport|p2a: Slowking\n|\n|t:|1648509707\n|switch|p2a: Pelipper|Pelipper, F|100\/100|[from]move: Teleport\n|-damage|p2a: Pelipper|76\/100|[from] Stealth Rock\n|-weather|RainDance|[from] ability: Drizzle|[of] p2a: Pelipper\n|\n|-weather|RainDance|[upkeep]\n|upkeep\n|turn|10\n|\n|t:|1648509719\n|switch|p1a: Slowbro|Slowbro, M|65\/100\n|move|p2a: Pelipper|Hurricane|p1a: Slowbro\n|-damage|p1a: Slowbro|23\/100\n|\n|-weather|RainDance|[upkeep]\n|-heal|p1a: Slowbro|29\/100|[from] item: Leftovers\n|upkeep\n|turn|11\n|\n|t:|1648509725\n|move|p2a: Pelipper|Hurricane|p1a: Slowbro\n|-damage|p1a: Slowbro|0 fnt\n|faint|p1a: Slowbro\n|\n|-weather|RainDance|[upkeep]\n|-sideend|p1: ryuuune|move: Light Screen\n|upkeep\n|\n|t:|1648509738\n|switch|p1a: Tapu Lele|Tapu Lele|100\/100\n|-fieldstart|move: Psychic Terrain|[from] ability: Psychic Surge|[of] p1a: Tapu Lele\n|turn|12\n|\n|t:|1648509746\n|switch|p2a: Slowking|Slowking, M|93\/100\n|move|p1a: Tapu Lele|Moonblast|p2a: Slowking\n|-damage|p2a: Slowking|63\/100\n|\n|-weather|RainDance|[upkeep]\n|-sideend|p1: ryuuune|Reflect\n|upkeep\n|turn|13\n|\n|t:|1648509753\n|move|p1a: Tapu Lele|Moonblast|p2a: Slowking\n|-damage|p2a: Slowking|36\/100\n|move|p2a: Slowking|Teleport|p2a: Slowking\n|\n|t:|1648509761\n|switch|p2a: Greninja|Greninja, F|88\/100|[from]move: Teleport\n|-damage|p2a: Greninja|76\/100|[from] Stealth Rock\n|\n|-weather|none\n|upkeep\n|turn|14\n|\n|t:|1648509772\n|move|p2a: Greninja|Gunk Shot|p1a: Tapu Lele\n|-start|p2a: Greninja|typechange|Poison|[from] ability: Protean\n|-supereffective|p1a: Tapu Lele\n|-damage|p1a: Tapu Lele|0 fnt\n|faint|p1a: Tapu Lele\n|\n|upkeep\n|\n|t:|1648509780\n|switch|p1a: Latios|Latios, M|100\/100\n|turn|15\n|\n|t:|1648509786\n|switch|p2a: Slowking|Slowking, M|69\/100\n|move|p1a: Latios|Draco Meteor|p2a: Slowking\n|-damage|p2a: Slowking|32\/100\n|-unboost|p1a: Latios|spa|2\n|\n|upkeep\n|turn|16\n|\n|t:|1648509792\n|switch|p1a: Gallade|Gallade, M|100\/100\n|move|p2a: Slowking|Teleport|p2a: Slowking\n|\n|t:|1648509796\n|switch|p2a: Pelipper|Pelipper, F|76\/100|[from]move: Teleport\n|-damage|p2a: Pelipper|51\/100|[from] Stealth Rock\n|-weather|RainDance|[from] ability: Drizzle|[of] p2a: Pelipper\n|\n|-weather|RainDance|[upkeep]\n|-fieldend|move: Psychic Terrain\n|upkeep\n|turn|17\n|\n|t:|1648509805\n|detailschange|p1a: Gallade|Gallade-Mega, M\n|-mega|p1a: Gallade|Gallade|Galladite\n|move|p1a: Gallade|Knock Off|p2a: Pelipper\n|-damage|p2a: Pelipper|0 fnt\n|-enditem|p2a: Pelipper|Choice Specs|[from] move: Knock Off|[of] p1a: Gallade\n|faint|p2a: Pelipper\n|\n|-weather|RainDance|[upkeep]\n|upkeep\n|\n|t:|1648509808\n|switch|p2a: Swampert|Swampert, M|100\/100\n|-damage|p2a: Swampert|94\/100|[from] Stealth Rock\n|turn|18\n|\n|t:|1648509816\n|detailschange|p2a: Swampert|Swampert-Mega, M\n|-mega|p2a: Swampert|Swampert|Swampertite\n|move|p2a: Swampert|Waterfall|p1a: Gallade\n|-damage|p1a: Gallade|13\/100\n|move|p1a: Gallade|Swords Dance|p1a: Gallade\n|-boost|p1a: Gallade|atk|2\n|\n|-weather|RainDance|[upkeep]\n|upkeep\n|turn|19\n|\n|t:|1648509822\n|move|p1a: Gallade|Shadow Sneak|p2a: Swampert\n|-damage|p2a: Swampert|64\/100\n|move|p2a: Swampert|Ice Punch|p1a: Gallade\n|-damage|p1a: Gallade|0 fnt\n|faint|p1a: Gallade\n|\n|-weather|RainDance|[upkeep]\n|upkeep\n|\n|t:|1648509829\n|switch|p1a: Victini|Victini|100\/100\n|turn|20\n|\n|t:|1648509831\n|move|p2a: Swampert|Waterfall|p1a: Victini\n|-supereffective|p1a: Victini\n|-damage|p1a: Victini|0 fnt\n|faint|p1a: Victini\n|\n|-weather|none\n|upkeep\n|\n|t:|1648509834\n|switch|p1a: Latios|Latios, M|100\/100\n|turn|21\n|\n|t:|1648509836\n|move|p1a: Latios|Psychic|p2a: Swampert\n|-damage|p2a: Swampert|18\/100\n|move|p2a: Swampert|Ice Punch|p1a: Latios\n|-supereffective|p1a: Latios\n|-damage|p1a: Latios|27\/100\n|\n|upkeep\n|turn|22\n|\n|t:|1648509841\n|move|p1a: Latios|Psychic|p2a: Swampert\n|-damage|p2a: Swampert|0 fnt\n|faint|p2a: Swampert\n|\n|upkeep\n|\n|t:|1648509843\n|switch|p2a: Greninja|Greninja, F|76\/100\n|-damage|p2a: Greninja|64\/100|[from] Stealth Rock\n|turn|23\n|\n|t:|1648509845\n|move|p2a: Greninja|Dark Pulse|p1a: Latios\n|-start|p2a: Greninja|typechange|Dark|[from] ability: Protean\n|-supereffective|p1a: Latios\n|-damage|p1a: Latios|0 fnt\n|faint|p1a: Latios\n|\n|win|Eclipse77\n|n|\u2606ryuuune|ryuuune\n|n|\u2606Eclipse77|eclipse77\n","uploadtime":1648509846,"views":13,"p1id":"ryuuune","p2id":"eclipse77","formatid":"gen8nationaldexmonotype","rating":0,"private":0,"password":null}