{"id":"gen8battlestadiumsingles-1432712997","p1":"kokoukohiro","p2":"unitepoke","format":"gen8battlestadiumsingles","log":"|j|\u2606kokoukohiro\n|j|\u2606unitepoke\n|t:|1633864742\n|gametype|singles\n|player|p1|kokoukohiro|dawn|1332\n|player|p2|unitepoke|170|1366\n|teamsize|p1|6\n|teamsize|p2|6\n|gen|8\n|tier|[Gen 8] Battle Stadium Singles\n|rated|\n|rule|Species Clause: Limit one of each Pok\u00e9mon\n|rule|Item Clause: Limit one of each item\n|rule|Dynamax Clause: You cannot dynamax\n|clearpoke\n|poke|p1|Chansey, L50, F|\n|poke|p1|Quagsire, L50, F|\n|poke|p1|Gastrodon-East, L50, M|\n|poke|p1|Ferrothorn, L50, F|\n|poke|p1|Moltres, L50|\n|poke|p1|Yveltal, L50|\n|poke|p2|Zacian-*, L50|\n|poke|p2|Tapu Fini, L50|\n|poke|p2|Rotom-Heat, L50|\n|poke|p2|Landorus-Therian, L50, M|\n|poke|p2|Ditto, L50|\n|poke|p2|Glalie, L50, F|\n|teampreview|3\n|j| Shsbhxhsfg\n|inactive|Battle timer is ON: inactive players will automatically lose when time's up. (requested by unitepoke)\n|\n|t:|1633864777\n|start\n|switch|p1a: Quagsire|Quagsire, L50, F|100\/100\n|switch|p2a: Tapu Fini|Tapu Fini, L50|100\/100\n|-fieldstart|move: Misty Terrain|[from] ability: Misty Surge|[of] p2a: Tapu Fini\n|turn|1\n|\n|t:|1633864783\n|switch|p1a: Chansey|Chansey, L50, F|100\/100\n|move|p2a: Tapu Fini|Taunt|p1a: Chansey\n|-start|p1a: Chansey|move: Taunt\n|\n|upkeep\n|turn|2\n|\n|t:|1633864789\n|move|p2a: Tapu Fini|Nature's Madness|p1a: Chansey\n|-damage|p1a: Chansey|51\/100\n|move|p1a: Chansey|Seismic Toss|p2a: Tapu Fini\n|-damage|p2a: Tapu Fini|72\/100\n|\n|upkeep\n|turn|3\n|\n|t:|1633864801\n|switch|p2a: Landorus|Landorus-Therian, L50, M|100\/100\n|-ability|p2a: Landorus|Intimidate|boost\n|-unboost|p1a: Chansey|atk|1\n|move|p1a: Chansey|Seismic Toss|p2a: Landorus\n|-damage|p2a: Landorus|75\/100\n|\n|-end|p1a: Chansey|move: Taunt\n|upkeep\n|turn|4\n|\n|t:|1633864811\n|switch|p1a: Quagsire|Quagsire, L50, F|100\/100\n|move|p2a: Landorus|Earthquake|p1a: Quagsire\n|-damage|p1a: Quagsire|66\/100\n|\n|upkeep\n|turn|5\n|\n|t:|1633864818\n|move|p2a: Landorus|Stealth Rock|p1a: Quagsire\n|-sidestart|p1: kokoukohiro|move: Stealth Rock\n|move|p1a: Quagsire|Recover|p1a: Quagsire\n|-heal|p1a: Quagsire|100\/100\n|\n|-fieldend|Misty Terrain\n|upkeep\n|turn|6\n|\n|t:|1633864827\n|move|p2a: Landorus|Fling|p1a: Quagsire\n|-damage|p1a: Quagsire|93\/100\n|-status|p1a: Quagsire|par\n|-enditem|p2a: Landorus|Light Ball|[from] move: Fling\n|move|p1a: Quagsire|Earthquake|p2a: Landorus\n|-immune|p2a: Landorus\n|\n|upkeep\n|turn|7\n|\n|t:|1633864842\n|move|p2a: Landorus|Earthquake|p1a: Quagsire\n|-damage|p1a: Quagsire|60\/100 par\n|move|p1a: Quagsire|Scald|p2a: Landorus\n|-supereffective|p2a: Landorus\n|-damage|p2a: Landorus|46\/100\n|\n|upkeep\n|turn|8\n|\n|t:|1633864848\n|switch|p2a: Glalie|Glalie, L50, F|100\/100\n|cant|p1a: Quagsire|par\n|\n|-ability|p2a: Glalie|Moody|boost\n|-boost|p2a: Glalie|def|2\n|-unboost|p2a: Glalie|spe|1\n|upkeep\n|turn|9\n|\n|t:|1633864856\n|move|p2a: Glalie|Substitute|p2a: Glalie\n|-start|p2a: Glalie|Substitute\n|-damage|p2a: Glalie|76\/100\n|move|p1a: Quagsire|Recover|p1a: Quagsire\n|-heal|p1a: Quagsire|100\/100 par\n|\n|-heal|p2a: Glalie|82\/100|[from] item: Leftovers\n|-ability|p2a: Glalie|Moody|boost\n|-boost|p2a: Glalie|spd|2\n|-unboost|p2a: Glalie|spa|1\n|upkeep\n|turn|10\n|\n|t:|1633864869\n|move|p2a: Glalie|Protect|p2a: Glalie\n|-singleturn|p2a: Glalie|Protect\n|move|p1a: Quagsire|Curse|p1a: Quagsire\n|-unboost|p1a: Quagsire|spe|1\n|-boost|p1a: Quagsire|atk|1\n|-boost|p1a: Quagsire|def|1\n|\n|-heal|p2a: Glalie|88\/100|[from] item: Leftovers\n|-ability|p2a: Glalie|Moody|boost\n|-boost|p2a: Glalie|spa|2\n|-unboost|p2a: Glalie|atk|1\n|upkeep\n|turn|11\n|\n|t:|1633864881\n|move|p2a: Glalie|Earthquake|p1a: Quagsire\n|-damage|p1a: Quagsire|91\/100 par\n|move|p1a: Quagsire|Earthquake|p2a: Glalie\n|-end|p2a: Glalie|Substitute\n|\n|-heal|p2a: Glalie|94\/100|[from] item: Leftovers\n|-ability|p2a: Glalie|Moody|boost\n|-boost|p2a: Glalie|atk|2\n|-unboost|p2a: Glalie|def|1\n|upkeep\n|turn|12\n|\n|t:|1633864891\n|move|p2a: Glalie|Substitute|p2a: Glalie\n|-start|p2a: Glalie|Substitute\n|-damage|p2a: Glalie|69\/100\n|move|p1a: Quagsire|Earthquake|p2a: Glalie\n|-end|p2a: Glalie|Substitute\n|\n|-heal|p2a: Glalie|76\/100|[from] item: Leftovers\n|-ability|p2a: Glalie|Moody|boost\n|-boost|p2a: Glalie|spa|2\n|-unboost|p2a: Glalie|def|1\n|upkeep\n|turn|13\n|\n|t:|1633864900\n|move|p2a: Glalie|Protect|p2a: Glalie\n|-singleturn|p2a: Glalie|Protect\n|move|p1a: Quagsire|Earthquake|p2a: Glalie\n|-activate|p2a: Glalie|move: Protect\n|\n|-heal|p2a: Glalie|82\/100|[from] item: Leftovers\n|-ability|p2a: Glalie|Moody|boost\n|-boost|p2a: Glalie|spa|2\n|-unboost|p2a: Glalie|atk|1\n|upkeep\n|turn|14\n|\n|t:|1633864910\n|move|p2a: Glalie|Substitute|p2a: Glalie\n|-start|p2a: Glalie|Substitute\n|-damage|p2a: Glalie|57\/100\n|move|p1a: Quagsire|Earthquake|p2a: Glalie\n|-end|p2a: Glalie|Substitute\n|\n|-heal|p2a: Glalie|63\/100|[from] item: Leftovers\n|-ability|p2a: Glalie|Moody|boost\n|-boost|p2a: Glalie|def|2\n|-unboost|p2a: Glalie|atk|1\n|upkeep\n|turn|15\n|\n|t:|1633864920\n|move|p2a: Glalie|Protect|p2a: Glalie\n|-singleturn|p2a: Glalie|Protect\n|move|p1a: Quagsire|Curse|p1a: Quagsire\n|-unboost|p1a: Quagsire|spe|1\n|-boost|p1a: Quagsire|atk|1\n|-boost|p1a: Quagsire|def|1\n|\n|-heal|p2a: Glalie|69\/100|[from] item: Leftovers\n|-ability|p2a: Glalie|Moody|boost\n|-boost|p2a: Glalie|atk|2\n|-unboost|p2a: Glalie|spa|1\n|upkeep\n|turn|16\n|\n|t:|1633864930\n|move|p2a: Glalie|Freeze-Dry|p1a: Quagsire\n|-supereffective|p1a: Quagsire\n|-damage|p1a: Quagsire|0 fnt\n|faint|p1a: Quagsire\n|\n|-heal|p2a: Glalie|76\/100|[from] item: Leftovers\n|-ability|p2a: Glalie|Moody|boost\n|-boost|p2a: Glalie|atk|2\n|-unboost|p2a: Glalie|def|1\n|upkeep\n|\n|t:|1633864939\n|switch|p1a: Moltres|Moltres, L50|100\/100\n|turn|17\n|\n|t:|1633864945\n|move|p2a: Glalie|Protect|p2a: Glalie\n|-singleturn|p2a: Glalie|Protect\n|move|p1a: Moltres|Will-O-Wisp|p2a: Glalie\n|-activate|p2a: Glalie|move: Protect\n|\n|-heal|p2a: Glalie|82\/100|[from] item: Leftovers\n|-ability|p2a: Glalie|Moody|boost\n|-boost|p2a: Glalie|spe|2\n|-unboost|p2a: Glalie|spa|1\n|upkeep\n|turn|18\n|\n|t:|1633864954\n|move|p2a: Glalie|Substitute|p2a: Glalie\n|-start|p2a: Glalie|Substitute\n|-damage|p2a: Glalie|57\/100\n|move|p1a: Moltres|Will-O-Wisp||[still]\n|-fail|p1a: Moltres\n|\n|-heal|p2a: Glalie|63\/100|[from] item: Leftovers\n|-ability|p2a: Glalie|Moody|boost\n|-boost|p2a: Glalie|spd|2\n|-unboost|p2a: Glalie|atk|1\n|upkeep\n|turn|19\n|\n|t:|1633864963\n|move|p2a: Glalie|Protect|p2a: Glalie\n|-singleturn|p2a: Glalie|Protect\n|move|p1a: Moltres|Mystical Fire|p2a: Glalie\n|-activate|p2a: Glalie|move: Protect\n|\n|-heal|p2a: Glalie|69\/100|[from] item: Leftovers\n|-ability|p2a: Glalie|Moody|boost\n|-boost|p2a: Glalie|spe|2\n|-unboost|p2a: Glalie|def|1\n|upkeep\n|turn|20\n|\n|t:|1633864972\n|move|p2a: Glalie|Freeze-Dry|p1a: Moltres\n|-damage|p1a: Moltres|55\/100\n|move|p1a: Moltres|Mystical Fire|p2a: Glalie\n|-supereffective|p2a: Glalie\n|-end|p2a: Glalie|Substitute\n|\n|-heal|p2a: Glalie|76\/100|[from] item: Leftovers\n|-ability|p2a: Glalie|Moody|boost\n|-boost|p2a: Glalie|atk|2\n|-unboost|p2a: Glalie|spa|1\n|upkeep\n|turn|21\n|\n|t:|1633864983\n|move|p2a: Glalie|Protect|p2a: Glalie\n|-singleturn|p2a: Glalie|Protect\n|move|p1a: Moltres|Roost|p1a: Moltres\n|-heal|p1a: Moltres|100\/100\n|-singleturn|p1a: Moltres|move: Roost\n|\n|-heal|p2a: Glalie|82\/100|[from] item: Leftovers\n|-ability|p2a: Glalie|Moody|boost\n|-boost|p2a: Glalie|spe|2\n|-unboost|p2a: Glalie|spd|1\n|upkeep\n|turn|22\n|\n|t:|1633864993\n|move|p2a: Glalie|Substitute|p2a: Glalie\n|-start|p2a: Glalie|Substitute\n|-damage|p2a: Glalie|57\/100\n|move|p1a: Moltres|Mystical Fire|p2a: Glalie\n|-supereffective|p2a: Glalie\n|-end|p2a: Glalie|Substitute\n|\n|-heal|p2a: Glalie|63\/100|[from] item: Leftovers\n|-ability|p2a: Glalie|Moody|boost\n|-boost|p2a: Glalie|atk|2\n|-unboost|p2a: Glalie|spd|1\n|upkeep\n|turn|23\n|\n|t:|1633865002\n|move|p2a: Glalie|Protect|p2a: Glalie\n|-singleturn|p2a: Glalie|Protect\n|move|p1a: Moltres|Mystical Fire|p2a: Glalie\n|-activate|p2a: Glalie|move: Protect\n|\n|-heal|p2a: Glalie|69\/100|[from] item: Leftovers\n|-ability|p2a: Glalie|Moody|boost\n|-boost|p2a: Glalie|spd|2\n|-unboost|p2a: Glalie|atk|1\n|upkeep\n|turn|24\n|\n|t:|1633865012\n|move|p2a: Glalie|Substitute|p2a: Glalie\n|-start|p2a: Glalie|Substitute\n|-damage|p2a: Glalie|45\/100\n|move|p1a: Moltres|Mystical Fire|p2a: Glalie\n|-supereffective|p2a: Glalie\n|-end|p2a: Glalie|Substitute\n|\n|-heal|p2a: Glalie|51\/100|[from] item: Leftovers\n|-ability|p2a: Glalie|Moody|boost\n|-boost|p2a: Glalie|atk|1\n|-unboost|p2a: Glalie|spa|1\n|upkeep\n|turn|25\n|\n|t:|1633865021\n|move|p2a: Glalie|Protect|p2a: Glalie\n|-singleturn|p2a: Glalie|Protect\n|move|p1a: Moltres|Mystical Fire|p2a: Glalie\n|-activate|p2a: Glalie|move: Protect\n|\n|-heal|p2a: Glalie|57\/100|[from] item: Leftovers\n|-ability|p2a: Glalie|Moody|boost\n|-boost|p2a: Glalie|spa|2\n|-unboost|p2a: Glalie|atk|1\n|upkeep\n|turn|26\n|\n|t:|1633865031\n|move|p2a: Glalie|Substitute|p2a: Glalie\n|-start|p2a: Glalie|Substitute\n|-damage|p2a: Glalie|32\/100\n|move|p1a: Moltres|Mystical Fire|p2a: Glalie\n|-supereffective|p2a: Glalie\n|-activate|p2a: Glalie|move: Substitute|[damage]\n|\n|-heal|p2a: Glalie|38\/100|[from] item: Leftovers\n|-ability|p2a: Glalie|Moody|boost\n|-boost|p2a: Glalie|spa|2\n|-unboost|p2a: Glalie|spe|1\n|upkeep\n|turn|27\n|\n|t:|1633865042\n|move|p2a: Glalie|Protect|p2a: Glalie\n|-singleturn|p2a: Glalie|Protect\n|move|p1a: Moltres|Mystical Fire|p2a: Glalie\n|-activate|p2a: Glalie|move: Protect\n|\n|-heal|p2a: Glalie|45\/100|[from] item: Leftovers\n|-ability|p2a: Glalie|Moody|boost\n|-boost|p2a: Glalie|spe|2\n|-unboost|p2a: Glalie|spa|1\n|upkeep\n|turn|28\n|\n|t:|1633865052\n|move|p2a: Glalie|Freeze-Dry|p1a: Moltres\n|-damage|p1a: Moltres|41\/100\n|move|p1a: Moltres|Mystical Fire|p2a: Glalie\n|-supereffective|p2a: Glalie\n|-end|p2a: Glalie|Substitute\n|\n|-heal|p2a: Glalie|51\/100|[from] item: Leftovers\n|-ability|p2a: Glalie|Moody|boost\n|-boost|p2a: Glalie|spd|2\n|-unboost|p2a: Glalie|atk|1\n|upkeep\n|turn|29\n|-message|kokoukohiro forfeited.\n|\n|win|unitepoke\n|raw|kokoukohiro's rating: 1332 &rarr; <strong>1314<\/strong><br \/>(-18 for losing)\n|raw|unitepoke's rating: 1366 &rarr; <strong>1384<\/strong><br \/>(+18 for winning)\n|l|\u2606kokoukohiro\n","uploadtime":1633865068,"views":27,"p1id":"kokoukohiro","p2id":"unitepoke","formatid":"gen8battlestadiumsingles","rating":1314,"private":0,"password":null}