{"id":"gen8randombattle-1706964773","p1":"lacaauba","p2":"RarePeepster","format":"gen8randombattle","log":"|j|\u2606lacaauba\n|j|\u2606RarePeepster\n|t:|1668036971\n|gametype|singles\n|player|p1|lacaauba|blackbelt|1454\n|player|p2|RarePeepster|wulfric|1446\n|teamsize|p1|6\n|teamsize|p2|6\n|gen|8\n|tier|[Gen 8] Random Battle\n|rated|\n|rule|Species Clause: Limit one of each Pok\u00e9mon\n|rule|HP Percentage Mod: HP is shown in percentages\n|rule|Sleep Clause Mod: Limit one foe put to sleep\n|\n|t:|1668036971\n|start\n|switch|p1a: Xatu|Xatu, L89, F|260\/260\n|switch|p2a: Tapu Fini|Tapu Fini, L78|237\/237\n|-fieldstart|move: Misty Terrain|[from] ability: Misty Surge|[of] p2a: Tapu Fini\n|turn|1\n|inactive|Battle timer is ON: inactive players will automatically lose when time's up. (requested by RarePeepster)\n|inactive|lacaauba also wants the timer to be on.\n|\n|t:|1668036995\n|switch|p2a: Mudsdale|Mudsdale, L82, F|298\/298\n|move|p1a: Xatu|Thunder Wave|p2a: Mudsdale\n|-immune|p2a: Mudsdale\n|\n|upkeep\n|turn|2\n|\n|t:|1668037005\n|switch|p1a: Omastar|Omastar, L82, M|249\/249\n|move|p2a: Mudsdale|Rock Slide|p1a: Omastar|[miss]\n|-miss|p2a: Mudsdale|p1a: Omastar\n|\n|upkeep\n|turn|3\n|\n|t:|1668037013\n|switch|p2a: Bronzong|Bronzong, L83|247\/247\n|move|p1a: Omastar|Shell Smash|p1a: Omastar\n|-unboost|p1a: Omastar|def|1\n|-unboost|p1a: Omastar|spd|1\n|-boost|p1a: Omastar|atk|2\n|-boost|p1a: Omastar|spa|2\n|-boost|p1a: Omastar|spe|2\n|-enditem|p1a: Omastar|White Herb\n|-clearnegativeboost|p1a: Omastar|[silent]\n|\n|upkeep\n|turn|4\n|\n|t:|1668037019\n|move|p1a: Omastar|Hydro Pump|p2a: Bronzong\n|-damage|p2a: Bronzong|51\/247\n|move|p2a: Bronzong|Earthquake|p1a: Omastar\n|-supereffective|p1a: Omastar\n|-damage|p1a: Omastar|143\/249\n|\n|-heal|p2a: Bronzong|66\/247|[from] item: Leftovers\n|upkeep\n|turn|5\n|\n|t:|1668037028\n|move|p2a: Bronzong|Protect|p2a: Bronzong\n|-singleturn|p2a: Bronzong|Protect\n|move|p1a: Omastar|Hydro Pump|p2a: Bronzong\n|-activate|p2a: Bronzong|move: Protect\n|\n|-heal|p2a: Bronzong|81\/247|[from] item: Leftovers\n|-fieldend|Misty Terrain\n|upkeep\n|turn|6\n|\n|t:|1668037034\n|move|p1a: Omastar|Hydro Pump|p2a: Bronzong\n|-damage|p2a: Bronzong|0 fnt\n|faint|p2a: Bronzong\n|\n|upkeep\n|\n|t:|1668037036\n|switch|p2a: Tapu Fini|Tapu Fini, L78|237\/237\n|-fieldstart|move: Misty Terrain|[from] ability: Misty Surge|[of] p2a: Tapu Fini\n|turn|7\n|\n|t:|1668037041\n|move|p1a: Omastar|Earth Power|p2a: Tapu Fini\n|-damage|p2a: Tapu Fini|124\/237\n|move|p2a: Tapu Fini|Calm Mind|p2a: Tapu Fini\n|-boost|p2a: Tapu Fini|spa|1\n|-boost|p2a: Tapu Fini|spd|1\n|\n|-heal|p2a: Tapu Fini|138\/237|[from] item: Leftovers\n|upkeep\n|turn|8\n|\n|t:|1668037045\n|move|p1a: Omastar|Earth Power|p2a: Tapu Fini\n|-damage|p2a: Tapu Fini|59\/237\n|move|p2a: Tapu Fini|Surf|p1a: Omastar\n|-damage|p1a: Omastar|2\/249\n|\n|-heal|p2a: Tapu Fini|73\/237|[from] item: Leftovers\n|upkeep\n|turn|9\n|\n|t:|1668037062\n|switch|p2a: Mudsdale|Mudsdale, L82, F|298\/298\n|move|p1a: Omastar|Earth Power|p2a: Mudsdale\n|-damage|p2a: Mudsdale|152\/298\n|-unboost|p2a: Mudsdale|spd|1\n|-ability|p2a: Mudsdale|Stamina|boost\n|-boost|p2a: Mudsdale|def|1\n|\n|-heal|p2a: Mudsdale|170\/298|[from] item: Leftovers\n|upkeep\n|turn|10\n|\n|t:|1668037068\n|move|p1a: Omastar|Hydro Pump|p2a: Mudsdale\n|-supereffective|p2a: Mudsdale\n|-damage|p2a: Mudsdale|0 fnt\n|faint|p2a: Mudsdale\n|\n|upkeep\n|\n|t:|1668037072\n|switch|p2a: Tapu Fini|Tapu Fini, L78|73\/237\n|turn|11\n|\n|t:|1668037078\n|move|p1a: Omastar|Earth Power|p2a: Tapu Fini\n|-damage|p2a: Tapu Fini|0 fnt\n|faint|p2a: Tapu Fini\n|\n|-fieldend|Misty Terrain\n|upkeep\n|c|\u2606RarePeepster|very cool\n|-message|RarePeepster forfeited.\n|\n|win|lacaauba\n|raw|lacaauba's rating: 1454 &rarr; <strong>1474<\/strong><br \/>(+20 for winning)\n|raw|RarePeepster's rating: 1446 &rarr; <strong>1426<\/strong><br \/>(-20 for losing)\n|l|\u2606RarePeepster\n||Ladder isn't responding, score probably updated but might not have (Request timeout).\n","inputlog":">version 453a3ad56483cc6a5c08448f6577d394b68621b7\n>start {\"formatid\":\"gen8randombattle\",\"seed\":[33149,40791,8238,52633],\"rated\":\"Rated battle\"}\n>player p1 {\"name\":\"lacaauba\",\"avatar\":\"blackbelt\",\"rating\":1454,\"seed\":[64318,6938,13699,59504]}\n>player p2 {\"name\":\"RarePeepster\",\"avatar\":\"wulfric\",\"rating\":1446,\"seed\":[33007,45263,7826,13192]}\n>p1 move thunderwave\n>p2 switch 2\n>p1 switch 5\n>p2 move rockslide\n>p1 move shellsmash\n>p2 switch 3\n>p1 move hydropump\n>p2 move earthquake\n>p1 move hydropump\n>p2 move protect\n>p1 move hydropump\n>p2 move earthquake\n>p2 switch 2\n>p1 move earthpower\n>p2 move calmmind\n>p1 move earthpower\n>p2 move surf\n>p1 move earthpower\n>p2 switch 3\n>p1 move hydropump\n>p2 move earthquake\n>p2 switch 3\n>p1 move earthpower\n>p2 move surf\n>chat \u2606RarePeepster|very cool\n>forcelose p2","uploadtime":1668037090,"views":3,"p1id":"lacaauba","p2id":"rarepeepster","formatid":"gen8randombattle","rating":1426,"private":0,"password":null}