{"id":"gen8ou-1629295353","p1":"Jakkkkkka","p2":"LT91BB rrm","format":"gen8ou","log":"|raw|<div class=\"broadcast-blue\"><strong>This battle is required to be public due to a player having a name starting with 'lt91bb'.<\/div>\n|j|\u2606Jakkkkkka\n|j|\u2606LT91BB rrm\n|t:|1659287765\n|gametype|singles\n|player|p1|Jakkkkkka|norman|1724\n|player|p2|LT91BB rrm|lady|1854\n|teamsize|p1|6\n|teamsize|p2|6\n|gen|8\n|tier|[Gen 8] OU\n|rated|\n|rule|Sleep Clause Mod: Limit one foe put to sleep\n|rule|Species Clause: Limit one of each Pok\u00e9mon\n|rule|OHKO Clause: OHKO moves are banned\n|rule|Evasion Moves Clause: Evasion moves are banned\n|rule|Endless Battle Clause: Forcing endless battles is banned\n|rule|HP Percentage Mod: HP is shown in percentages\n|rule|Dynamax Clause: You cannot dynamax\n|clearpoke\n|poke|p1|Zeraora|\n|poke|p1|Zapdos-Galar|\n|poke|p1|Cobalion|\n|poke|p1|Heatran, M|\n|poke|p1|Dragapult, M|\n|poke|p1|Rillaboom, M|\n|poke|p2|Barraskewda, F|\n|poke|p2|Pelipper, M|\n|poke|p2|Tapu Lele|\n|poke|p2|Kartana|\n|poke|p2|Magnezone|\n|poke|p2|Landorus-Therian, M|\n|teampreview\n|\n|t:|1659287792\n|start\n|switch|p1a: Cobalion|Cobalion|100\/100\n|switch|p2a: Landorus|Landorus-Therian, M|100\/100\n|-ability|p2a: Landorus|Intimidate|boost\n|-unboost|p1a: Cobalion|atk|1\n|turn|1\n|\n|t:|1659287798\n|move|p1a: Cobalion|Taunt|p2a: Landorus\n|-start|p2a: Landorus|move: Taunt\n|move|p2a: Landorus|Earthquake|p1a: Cobalion\n|-supereffective|p1a: Cobalion\n|-damage|p1a: Cobalion|21\/100\n|\n|upkeep\n|turn|2\n|\n|t:|1659287803\n|move|p1a: Cobalion|Stealth Rock|p2a: Landorus\n|-sidestart|p2: LT91BB rrm|move: Stealth Rock\n|move|p2a: Landorus|Earthquake|p1a: Cobalion\n|-supereffective|p1a: Cobalion\n|-damage|p1a: Cobalion|0 fnt\n|faint|p1a: Cobalion\n|\n|upkeep\n|\n|t:|1659287813\n|switch|p1a: Zapdos|Zapdos-Galar|100\/100\n|turn|3\n|\n|t:|1659287824\n|switch|p2a: Magnezone|Magnezone|100\/100\n|-damage|p2a: Magnezone|94\/100|[from] Stealth Rock\n|move|p1a: Zapdos|Brave Bird|p2a: Magnezone\n|-resisted|p2a: Magnezone\n|-damage|p2a: Magnezone|82\/100\n|-damage|p1a: Zapdos|84\/100|[from] item: Rocky Helmet|[of] p2a: Magnezone\n|-damage|p1a: Zapdos|80\/100|[from] Recoil\n|\n|upkeep\n|turn|4\n|\n|t:|1659287834\n|switch|p1a: Zeraora|Zeraora|100\/100\n|move|p2a: Magnezone|Body Press|p1a: Zeraora\n|-damage|p1a: Zeraora|60\/100\n|\n|upkeep\n|turn|5\n|\n|t:|1659287844\n|move|p1a: Zeraora|Knock Off|p2a: Magnezone\n|-damage|p2a: Magnezone|56\/100\n|-damage|p1a: Zeraora|43\/100|[from] item: Rocky Helmet|[of] p2a: Magnezone\n|-enditem|p2a: Magnezone|Rocky Helmet|[from] move: Knock Off|[of] p1a: Zeraora\n|move|p2a: Magnezone|Body Press|p1a: Zeraora\n|-damage|p1a: Zeraora|1\/100\n|\n|upkeep\n|turn|6\n|\n|t:|1659287851\n|switch|p2a: Landorus|Landorus-Therian, M|100\/100\n|-damage|p2a: Landorus|88\/100|[from] Stealth Rock\n|-ability|p2a: Landorus|Intimidate|boost\n|-unboost|p1a: Zeraora|atk|1\n|move|p1a: Zeraora|Volt Switch|p2a: Landorus\n|-immune|p2a: Landorus\n|\n|upkeep\n|turn|7\n|\n|t:|1659287859\n|move|p1a: Zeraora|Knock Off|p2a: Landorus\n|-damage|p2a: Landorus|69\/100\n|-enditem|p2a: Landorus|Eject Button|[from] move: Knock Off|[of] p1a: Zeraora\n|move|p2a: Landorus|Stealth Rock|p1a: Zeraora\n|-sidestart|p1: Jakkkkkka|move: Stealth Rock\n|\n|upkeep\n|turn|8\n|\n|t:|1659287868\n|move|p1a: Zeraora|Play Rough|p2a: Landorus\n|-crit|p2a: Landorus\n|-damage|p2a: Landorus|31\/100\n|move|p2a: Landorus|U-turn|p1a: Zeraora\n|-damage|p1a: Zeraora|0 fnt\n|faint|p1a: Zeraora\n|j| Linkerrr\n|\n|t:|1659287885\n|switch|p2a: Pelipper|Pelipper, M|100\/100|[from]move: U-turn\n|-damage|p2a: Pelipper|76\/100|[from] Stealth Rock\n|-weather|RainDance|[from] ability: Drizzle|[of] p2a: Pelipper\n|\n|-weather|RainDance|[upkeep]\n|upkeep\n|\n|t:|1659287904\n|switch|p1a: Dragapult|Dragapult, M|100\/100\n|-damage|p1a: Dragapult|88\/100|[from] Stealth Rock\n|turn|9\n|\n|t:|1659287911\n|switch|p2a: Landorus|Landorus-Therian, M|31\/100\n|-damage|p2a: Landorus|18\/100|[from] Stealth Rock\n|-ability|p2a: Landorus|Intimidate|boost\n|-unboost|p1a: Dragapult|atk|1\n|move|p1a: Dragapult|Dragon Darts|p2a: Landorus\n|-damage|p2a: Landorus|0 fnt\n|faint|p2a: Landorus\n|-damage|p1a: Dragapult|78\/100|[from] item: Life Orb\n|\n|-weather|RainDance|[upkeep]\n|upkeep\n|\n|t:|1659287915\n|switch|p2a: Tapu Lele|Tapu Lele|100\/100\n|-damage|p2a: Tapu Lele|88\/100|[from] Stealth Rock\n|-fieldstart|move: Psychic Terrain|[from] ability: Psychic Surge|[of] p2a: Tapu Lele\n|turn|10\n|\n|t:|1659287928\n|switch|p2a: Barraskewda|Barraskewda, F|100\/100\n|-damage|p2a: Barraskewda|88\/100|[from] Stealth Rock\n|move|p1a: Dragapult|Steel Wing|p2a: Barraskewda|[miss]\n|-miss|p1a: Dragapult|p2a: Barraskewda\n|\n|-weather|RainDance|[upkeep]\n|upkeep\n|turn|11\n|\n|t:|1659287937\n|move|p2a: Barraskewda|Flip Turn|p1a: Dragapult\n|-resisted|p1a: Dragapult\n|-crit|p1a: Dragapult\n|-damage|p1a: Dragapult|1\/100\n|\n|t:|1659287943\n|switch|p2a: Magnezone|Magnezone|56\/100|[from]move: Flip Turn\n|-damage|p2a: Magnezone|50\/100|[from] Stealth Rock\n|move|p1a: Dragapult|Steel Wing|p2a: Magnezone\n|-resisted|p2a: Magnezone\n|-damage|p2a: Magnezone|45\/100\n|-damage|p1a: Dragapult|0 fnt|[from] item: Life Orb\n|faint|p1a: Dragapult\n|\n|-weather|RainDance|[upkeep]\n|upkeep\n|\n|t:|1659287958\n|switch|p1a: Heatran|Heatran, M|100\/100\n|-damage|p1a: Heatran|88\/100|[from] Stealth Rock\n|turn|12\n|j| YxngComic\n|\n|t:|1659287963\n|move|p1a: Heatran|Flamethrower|p2a: Magnezone\n|-supereffective|p2a: Magnezone\n|-damage|p2a: Magnezone|0 fnt\n|faint|p2a: Magnezone\n|\n|-weather|RainDance|[upkeep]\n|upkeep\n|\n|t:|1659287966\n|switch|p2a: Barraskewda|Barraskewda, F|88\/100\n|-damage|p2a: Barraskewda|76\/100|[from] Stealth Rock\n|turn|13\n|\n|t:|1659287971\n|move|p2a: Barraskewda|Flip Turn|p1a: Heatran\n|-supereffective|p1a: Heatran\n|-damage|p1a: Heatran|0 fnt\n|faint|p1a: Heatran\n|\n|t:|1659287979\n|switch|p2a: Kartana|Kartana|100\/100|[from]move: Flip Turn\n|-damage|p2a: Kartana|94\/100|[from] Stealth Rock\n|\n|-weather|RainDance|[upkeep]\n|upkeep\n|l| YxngComic\n|\n|t:|1659287986\n|switch|p1a: Zapdos|Zapdos-Galar|80\/100\n|-damage|p1a: Zapdos|68\/100|[from] Stealth Rock\n|turn|14\n|\n|t:|1659287992\n|move|p1a: Zapdos|Thunderous Kick|p2a: Kartana\n|-supereffective|p2a: Kartana\n|-damage|p2a: Kartana|2\/100\n|-unboost|p2a: Kartana|def|1\n|move|p2a: Kartana|Aerial Ace|p1a: Zapdos\n|-supereffective|p1a: Zapdos\n|-damage|p1a: Zapdos|0 fnt\n|faint|p1a: Zapdos\n|-ability|p2a: Kartana|Beast Boost|boost\n|-boost|p2a: Kartana|atk|1\n|-damage|p2a: Kartana|0 fnt|[from] item: Life Orb\n|faint|p2a: Kartana\n|\n|-weather|RainDance|[upkeep]\n|-fieldend|move: Psychic Terrain\n|upkeep\n|\n|t:|1659288004\n|switch|p2a: Barraskewda|Barraskewda, F|76\/100\n|switch|p1a: Rillaboom|Rillaboom, M|100\/100\n|-damage|p2a: Barraskewda|64\/100|[from] Stealth Rock\n|-damage|p1a: Rillaboom|88\/100|[from] Stealth Rock\n|-fieldstart|move: Grassy Terrain|[from] ability: Grassy Surge|[of] p1a: Rillaboom\n|turn|15\n|\n|t:|1659288013\n|switch|p2a: Pelipper|Pelipper, M|76\/100\n|-damage|p2a: Pelipper|51\/100|[from] Stealth Rock\n|move|p1a: Rillaboom|Grassy Glide|p2a: Pelipper\n|-damage|p2a: Pelipper|0 fnt\n|faint|p2a: Pelipper\n|-damage|p1a: Rillaboom|78\/100|[from] item: Life Orb\n|\n|-weather|none\n|-heal|p1a: Rillaboom|84\/100|[from] Grassy Terrain\n|upkeep\n|\n|t:|1659288015\n|switch|p2a: Tapu Lele|Tapu Lele|88\/100\n|-damage|p2a: Tapu Lele|76\/100|[from] Stealth Rock\n|-fieldstart|move: Psychic Terrain|[from] ability: Psychic Surge|[of] p2a: Tapu Lele\n|turn|16\n|\n|t:|1659288027\n|move|p2a: Tapu Lele|Psychic|p1a: Rillaboom\n|-damage|p1a: Rillaboom|0 fnt\n|faint|p1a: Rillaboom\n|\n|win|LT91BB rrm\n|raw|Jakkkkkka's rating: 1724 &rarr; <strong>1712<\/strong><br \/>(-12 for losing)\n|raw|LT91BB rrm's rating: 1875 &rarr; <strong>1887<\/strong><br \/>(+12 for winning)\n|l|\u2606Jakkkkkka\n|l| Linkerrr\n||Ladder isn't responding, score probably updated but might not have (Request timeout).\n","uploadtime":1659288031,"views":26,"p1id":"jakkkkkka","p2id":"lt91bbrrm","formatid":"gen8ou","rating":1712,"private":0,"password":null}