{"id":"gen8ou-1548659607","p1":"ninjamage13","p2":"SKIP THE DRIP","format":"gen8ou","log":"|j|\u203dninjamage13\n|j|\u2606SKIP THE DRIP\n|t:|1649395358\n|gametype|singles\n|player|p1|ninjamage13|riley|1807\n|player|p2|SKIP THE DRIP|victor-dojo|1855\n|teamsize|p1|6\n|teamsize|p2|6\n|gen|8\n|tier|[Gen 8] OU\n|rated|\n|rule|Sleep Clause Mod: Limit one foe put to sleep\n|rule|Species Clause: Limit one of each Pok\u00e9mon\n|rule|OHKO Clause: OHKO moves are banned\n|rule|Evasion Moves Clause: Evasion moves are banned\n|rule|Endless Battle Clause: Forcing endless battles is banned\n|rule|HP Percentage Mod: HP is shown in percentages\n|rule|Dynamax Clause: You cannot dynamax\n|clearpoke\n|poke|p1|Mamoswine, M|\n|poke|p1|Zapdos|\n|poke|p1|Buzzwole|\n|poke|p1|Melmetal|\n|poke|p1|Cradily, M|\n|poke|p1|Primarina, F|\n|poke|p2|Buzzwole|\n|poke|p2|Garchomp, F|\n|poke|p2|Slowking, F|\n|poke|p2|Nihilego|\n|poke|p2|Tornadus-Therian, M|\n|poke|p2|Heatran, F|\n|teampreview\n|c|\u2606SKIP THE DRIP|fire team\n|c|\u2606SKIP THE DRIP|my guy\n|j| angrrry\n|c|\u2606SKIP THE DRIP|love it\n|inactive|Battle timer is ON: inactive players will automatically lose when time's up. (requested by SKIP THE DRIP)\n|\n|t:|1649395376\n|start\n|switch|p1a: Primarina|Primarina, F|100\/100\n|switch|p2a: Tornadus|Tornadus-Therian, M|100\/100\n|turn|1\n|\n|t:|1649395382\n|move|p2a: Tornadus|Knock Off|p1a: Primarina\n|-resisted|p1a: Primarina\n|-damage|p1a: Primarina|87\/100\n|-enditem|p1a: Primarina|Choice Specs|[from] move: Knock Off|[of] p2a: Tornadus\n|move|p1a: Primarina|Flip Turn|p2a: Tornadus\n|-damage|p2a: Tornadus|85\/100\n|j| FaeRen S\n|\n|t:|1649395390\n|switch|p1a: Mamoswine|Mamoswine, M|100\/100|[from]move: Flip Turn\n|\n|upkeep\n|turn|2\n|\n|t:|1649395403\n|move|p2a: Tornadus|U-turn|p1a: Mamoswine\n|-damage|p1a: Mamoswine|84\/100\n|\n|t:|1649395405\n|switch|p2a: BIG BODY TONKA|Buzzwole|100\/100|[from]move: U-turn\n|move|p1a: Mamoswine|Knock Off|p2a: BIG BODY TONKA\n|-resisted|p2a: BIG BODY TONKA\n|-damage|p2a: BIG BODY TONKA|88\/100\n|-damage|p1a: Mamoswine|68\/100|[from] item: Rocky Helmet|[of] p2a: BIG BODY TONKA\n|-enditem|p2a: BIG BODY TONKA|Rocky Helmet|[from] move: Knock Off|[of] p1a: Mamoswine\n|\n|upkeep\n|turn|3\n|j| just like hunny\n|\n|t:|1649395413\n|switch|p1a: Primarina|Primarina, F|87\/100\n|move|p2a: BIG BODY TONKA|Roost|p2a: BIG BODY TONKA\n|-heal|p2a: BIG BODY TONKA|100\/100\n|-singleturn|p2a: BIG BODY TONKA|move: Roost\n|\n|upkeep\n|turn|4\n|\n|t:|1649395423\n|switch|p2a: Slowking|Slowking, F|100\/100\n|move|p1a: Primarina|Hydro Pump|p2a: Slowking\n|-resisted|p2a: Slowking\n|-damage|p2a: Slowking|83\/100\n|\n|upkeep\n|turn|5\n|\n|t:|1649395430\n|move|p1a: Primarina|Moonblast|p2a: Slowking\n|-damage|p2a: Slowking|52\/100\n|move|p2a: Slowking|Future Sight|p1a: Primarina\n|-start|p2a: Slowking|move: Future Sight\n|\n|upkeep\n|turn|6\n|\n|t:|1649395439\n|move|p1a: Primarina|Moonblast|p2a: Slowking\n|-damage|p2a: Slowking|20\/100\n|move|p2a: Slowking|Teleport|p2a: Slowking\n|\n|t:|1649395441\n|switch|p2a: Nihilego|Nihilego|100\/100|[from]move: Teleport\n|\n|upkeep\n|turn|7\n|j| K pulse\n|inactive|ninjamage13 has 120 seconds left.\n|\n|t:|1649395479\n|switch|p1a: Melmetal|Melmetal|100\/100\n|move|p2a: Nihilego|Thunderbolt|p1a: Melmetal\n|-damage|p1a: Melmetal|69\/100\n|\n|-end|p1a: Melmetal|move: Future Sight\n|-resisted|p1a: Melmetal\n|-damage|p1a: Melmetal|50\/100\n|upkeep\n|turn|8\n|inactive|ninjamage13 has 120 seconds left.\n|\n|t:|1649395493\n|switch|p2a: BIG BODY TONKA|Buzzwole|100\/100\n|move|p1a: Melmetal|Thunder Wave|p2a: BIG BODY TONKA\n|-status|p2a: BIG BODY TONKA|par\n|\n|upkeep\n|turn|9\n|j| Lillia2.0\n|inactive|ninjamage13 has 120 seconds left.\n|\n|t:|1649395507\n|move|p1a: Melmetal|Double Iron Bash|p2a: BIG BODY TONKA\n|-damage|p2a: BIG BODY TONKA|80\/100 par\n|-crit|p2a: BIG BODY TONKA\n|-damage|p2a: BIG BODY TONKA|47\/100 par\n|-hitcount|p2a: BIG BODY TONKA|2\n|move|p2a: BIG BODY TONKA|Close Combat|p1a: Melmetal\n|-supereffective|p1a: Melmetal\n|-damage|p1a: Melmetal|0 fnt\n|-unboost|p2a: BIG BODY TONKA|def|1\n|-unboost|p2a: BIG BODY TONKA|spd|1\n|faint|p1a: Melmetal\n|-ability|p2a: BIG BODY TONKA|Beast Boost|boost\n|-boost|p2a: BIG BODY TONKA|def|1\n|\n|upkeep\n|j| alastour\n|inactive|ninjamage13 has 120 seconds left.\n|\n|t:|1649395514\n|switch|p1a: Primarina|Primarina, F|87\/100\n|turn|10\n|\n|t:|1649395522\n|switch|p2a: Tornadus|Tornadus-Therian, M|100\/100\n|move|p1a: Primarina|Moonblast|p2a: Tornadus\n|-damage|p2a: Tornadus|44\/100\n|\n|upkeep\n|turn|11\n|\n|t:|1649395527\n|move|p2a: Tornadus|U-turn|p1a: Primarina\n|-resisted|p1a: Primarina\n|-damage|p1a: Primarina|76\/100\n|\n|t:|1649395530\n|switch|p2a: Slowking|Slowking, F|54\/100|[from]move: U-turn\n|move|p1a: Primarina|Moonblast|p2a: Slowking\n|-damage|p2a: Slowking|24\/100\n|\n|upkeep\n|turn|12\n|\n|t:|1649395536\n|switch|p2a: Tornadus|Tornadus-Therian, M|77\/100\n|move|p1a: Primarina|Hydro Pump|p2a: Tornadus\n|-damage|p2a: Tornadus|20\/100\n|\n|upkeep\n|turn|13\n|\n|t:|1649395542\n|move|p2a: Tornadus|U-turn|p1a: Primarina\n|-resisted|p1a: Primarina\n|-damage|p1a: Primarina|66\/100\n|\n|t:|1649395544\n|switch|p2a: Slowking|Slowking, F|57\/100|[from]move: U-turn\n|move|p1a: Primarina|Moonblast|p2a: Slowking\n|-damage|p2a: Slowking|25\/100\n|-unboost|p2a: Slowking|spa|1\n|\n|upkeep\n|turn|14\n|\n|t:|1649395563\n|switch|p2a: Garchomp|Garchomp, F|100\/100\n|move|p1a: Primarina|Moonblast|p2a: Garchomp\n|-supereffective|p2a: Garchomp\n|-damage|p2a: Garchomp|0 fnt\n|faint|p2a: Garchomp\n|\n|upkeep\n|\n|t:|1649395565\n|switch|p2a: Nihilego|Nihilego|100\/100\n|turn|15\n|j| jefo\n|\n|t:|1649395571\n|switch|p1a: Cradily|Cradily, M|100\/100\n|move|p2a: Nihilego|Sludge Wave|p1a: Cradily\n|-damage|p1a: Cradily|72\/100\n|\n|-heal|p1a: Cradily|79\/100|[from] item: Leftovers\n|upkeep\n|turn|16\n|\n|t:|1649395578\n|switch|p2a: Heatran|Heatran, F|100\/100\n|move|p1a: Cradily|Stealth Rock|p2a: Heatran\n|-sidestart|p2: SKIP THE DRIP|move: Stealth Rock\n|\n|-heal|p1a: Cradily|85\/100|[from] item: Leftovers\n|upkeep\n|turn|17\n|\n|t:|1649395581\n|move|p2a: Heatran|Stealth Rock|p1a: Cradily\n|-sidestart|p1: ninjamage13|move: Stealth Rock\n|move|p1a: Cradily|Earthquake|p2a: Heatran\n|-supereffective|p2a: Heatran\n|-damage|p2a: Heatran|31\/100\n|\n|-heal|p2a: Heatran|37\/100|[from] item: Leftovers\n|-heal|p1a: Cradily|91\/100|[from] item: Leftovers\n|upkeep\n|turn|18\n|\n|t:|1649395590\n|switch|p2a: BIG BODY TONKA|Buzzwole|47\/100 par\n|-damage|p2a: BIG BODY TONKA|35\/100 par|[from] Stealth Rock\n|move|p1a: Cradily|Rock Blast|p2a: BIG BODY TONKA\n|-damage|p2a: BIG BODY TONKA|31\/100 par\n|-damage|p2a: BIG BODY TONKA|27\/100 par\n|-hitcount|p2a: BIG BODY TONKA|2\n|\n|-heal|p1a: Cradily|97\/100|[from] item: Leftovers\n|upkeep\n|turn|19\n|\n|t:|1649395599\n|switch|p1a: Primarina|Primarina, F|66\/100\n|-damage|p1a: Primarina|53\/100|[from] Stealth Rock\n|move|p2a: BIG BODY TONKA|Roost|p2a: BIG BODY TONKA\n|-heal|p2a: BIG BODY TONKA|77\/100 par\n|-singleturn|p2a: BIG BODY TONKA|move: Roost\n|\n|upkeep\n|turn|20\n|\n|t:|1649395604\n|switch|p2a: Slowking|Slowking, F|59\/100\n|move|p1a: Primarina|Moonblast|p2a: Slowking\n|-damage|p2a: Slowking|28\/100\n|\n|upkeep\n|turn|21\n|\n|t:|1649395610\n|switch|p2a: Heatran|Heatran, F|37\/100\n|-damage|p2a: Heatran|25\/100|[from] Stealth Rock\n|move|p1a: Primarina|Moonblast|p2a: Heatran\n|-resisted|p2a: Heatran\n|-damage|p2a: Heatran|17\/100\n|\n|-heal|p2a: Heatran|23\/100|[from] item: Leftovers\n|upkeep\n|turn|22\n|j| Pokedot777\n|\n|t:|1649395616\n|switch|p2a: Slowking|Slowking, F|61\/100\n|move|p1a: Primarina|Hydro Pump|p2a: Slowking\n|-resisted|p2a: Slowking\n|-damage|p2a: Slowking|42\/100\n|\n|upkeep\n|turn|23\n|\n|t:|1649395621\n|move|p1a: Primarina|Moonblast|p2a: Slowking\n|-damage|p2a: Slowking|11\/100\n|-unboost|p2a: Slowking|spa|1\n|move|p2a: Slowking|Slack Off|p2a: Slowking\n|-heal|p2a: Slowking|61\/100\n|\n|upkeep\n|turn|24\n|j| Dijkztra\n|\n|t:|1649395629\n|move|p1a: Primarina|Moonblast|p2a: Slowking\n|-damage|p2a: Slowking|32\/100\n|move|p2a: Slowking|Slack Off|p2a: Slowking\n|-heal|p2a: Slowking|82\/100\n|\n|upkeep\n|turn|25\n|\n|t:|1649395641\n|switch|p1a: Zapdos|Zapdos|100\/100\n|move|p2a: Slowking|Teleport|p2a: Slowking\n|\n|t:|1649395643\n|switch|p2a: Nihilego|Nihilego|100\/100|[from]move: Teleport\n|-damage|p2a: Nihilego|88\/100|[from] Stealth Rock\n|\n|upkeep\n|turn|26\n|\n|t:|1649395647\n|switch|p1a: Cradily|Cradily, M|97\/100\n|-damage|p1a: Cradily|85\/100|[from] Stealth Rock\n|move|p2a: Nihilego|Sludge Wave|p1a: Cradily\n|-damage|p1a: Cradily|58\/100\n|\n|-heal|p1a: Cradily|64\/100|[from] item: Leftovers\n|upkeep\n|turn|27\n|\n|t:|1649395654\n|switch|p2a: BIG BODY TONKA|Buzzwole|77\/100 par\n|-damage|p2a: BIG BODY TONKA|65\/100 par|[from] Stealth Rock\n|move|p1a: Cradily|Recover|p1a: Cradily\n|-heal|p1a: Cradily|100\/100\n|\n|upkeep\n|turn|28\n|\n|t:|1649395659\n|switch|p1a: Zapdos|Zapdos|100\/100\n|move|p2a: BIG BODY TONKA|Roost|p2a: BIG BODY TONKA\n|-heal|p2a: BIG BODY TONKA|100\/100 par\n|-singleturn|p2a: BIG BODY TONKA|move: Roost\n|\n|upkeep\n|turn|29\n|\n|t:|1649395667\n|switch|p2a: Nihilego|Nihilego|88\/100\n|-damage|p2a: Nihilego|76\/100|[from] Stealth Rock\n|move|p1a: Zapdos|Volt Switch|p2a: Nihilego\n|-damage|p2a: Nihilego|56\/100\n|j| FransOxxO\n|\n|t:|1649395674\n|switch|p1a: Cradily|Cradily, M|100\/100|[from]move: Volt Switch\n|-damage|p1a: Cradily|88\/100|[from] Stealth Rock\n|\n|-heal|p1a: Cradily|94\/100|[from] item: Leftovers\n|upkeep\n|turn|30\n|\n|t:|1649395679\n|switch|p2a: Slowking|Slowking, F|100\/100\n|move|p1a: Cradily|Rock Blast|p2a: Slowking\n|-damage|p2a: Slowking|93\/100\n|-damage|p2a: Slowking|85\/100\n|-damage|p2a: Slowking|77\/100\n|-hitcount|p2a: Slowking|3\n|\n|-heal|p1a: Cradily|100\/100|[from] item: Leftovers\n|upkeep\n|turn|31\n|\n|t:|1649395686\n|switch|p1a: Zapdos|Zapdos|100\/100\n|move|p2a: Slowking|Future Sight|p1a: Zapdos\n|-start|p2a: Slowking|move: Future Sight\n|\n|upkeep\n|turn|32\n|\n|t:|1649395693\n|move|p1a: Zapdos|Volt Switch|p2a: Slowking\n|-supereffective|p2a: Slowking\n|-damage|p2a: Slowking|42\/100\n|\n|t:|1649395697\n|switch|p1a: Cradily|Cradily, M|100\/100|[from]move: Volt Switch\n|-damage|p1a: Cradily|88\/100|[from] Stealth Rock\n|move|p2a: Slowking|Teleport|p2a: Slowking\n|\n|t:|1649395699\n|switch|p2a: BIG BODY TONKA|Buzzwole|100\/100 par|[from]move: Teleport\n|-damage|p2a: BIG BODY TONKA|88\/100 par|[from] Stealth Rock\n|\n|-heal|p1a: Cradily|94\/100|[from] item: Leftovers\n|upkeep\n|turn|33\n|\n|t:|1649395704\n|switch|p1a: Zapdos|Zapdos|100\/100\n|cant|p2a: BIG BODY TONKA|par\n|\n|-end|p1a: Zapdos|move: Future Sight\n|-damage|p1a: Zapdos|61\/100\n|upkeep\n|turn|34\n|\n|t:|1649395709\n|switch|p2a: Nihilego|Nihilego|56\/100\n|-damage|p2a: Nihilego|44\/100|[from] Stealth Rock\n|move|p1a: Zapdos|Roost|p1a: Zapdos\n|-heal|p1a: Zapdos|100\/100\n|-singleturn|p1a: Zapdos|move: Roost\n|\n|upkeep\n|turn|35\n|\n|t:|1649395713\n|switch|p1a: Cradily|Cradily, M|94\/100\n|-damage|p1a: Cradily|82\/100|[from] Stealth Rock\n|move|p2a: Nihilego|Pain Split|p1a: Cradily\n|-sethp|p1a: Cradily|63\/100|[from] move: Pain Split|[silent]\n|-sethp|p2a: Nihilego|63\/100|[from] move: Pain Split\n|\n|-heal|p1a: Cradily|69\/100|[from] item: Leftovers\n|upkeep\n|turn|36\n|\n|t:|1649395726\n|switch|p2a: Slowking|Slowking, F|76\/100\n|switch|p1a: Primarina|Primarina, F|53\/100\n|-damage|p1a: Primarina|41\/100|[from] Stealth Rock\n|\n|upkeep\n|turn|37\n|\n|t:|1649395731\n|move|p1a: Primarina|Moonblast|p2a: Slowking\n|-damage|p2a: Slowking|43\/100\n|move|p2a: Slowking|Future Sight|p1a: Primarina\n|-start|p2a: Slowking|move: Future Sight\n|\n|upkeep\n|turn|38\n|\n|t:|1649395738\n|move|p1a: Primarina|Moonblast|p2a: Slowking\n|-damage|p2a: Slowking|13\/100\n|move|p2a: Slowking|Slack Off|p2a: Slowking\n|-heal|p2a: Slowking|63\/100\n|\n|upkeep\n|turn|39\n|\n|t:|1649395744\n|switch|p1a: Cradily|Cradily, M|69\/100\n|-damage|p1a: Cradily|57\/100|[from] Stealth Rock\n|move|p2a: Slowking|Teleport|p2a: Slowking\n|\n|t:|1649395746\n|switch|p2a: Nihilego|Nihilego|63\/100|[from]move: Teleport\n|-damage|p2a: Nihilego|50\/100|[from] Stealth Rock\n|\n|-end|p1a: Cradily|move: Future Sight\n|-damage|p1a: Cradily|31\/100\n|-heal|p1a: Cradily|37\/100|[from] item: Leftovers\n|upkeep\n|turn|40\n|j| LT_Alt1\n|\n|t:|1649395750\n|move|p2a: Nihilego|Meteor Beam||[still]\n|-prepare|p2a: Nihilego|Meteor Beam\n|-boost|p2a: Nihilego|spa|1\n|-enditem|p2a: Nihilego|Power Herb\n|-anim|p2a: Nihilego|Meteor Beam|p1a: Cradily\n|-damage|p1a: Cradily|0 fnt\n|faint|p1a: Cradily\n|-ability|p2a: Nihilego|Beast Boost|boost\n|-boost|p2a: Nihilego|spe|1\n|\n|upkeep\n|\n|t:|1649395755\n|switch|p1a: Mamoswine|Mamoswine, M|68\/100\n|-damage|p1a: Mamoswine|55\/100|[from] Stealth Rock\n|turn|41\n|\n|t:|1649395767\n|switch|p2a: BIG BODY TONKA|Buzzwole|88\/100 par\n|-damage|p2a: BIG BODY TONKA|76\/100 par|[from] Stealth Rock\n|move|p1a: Mamoswine|Icicle Crash|p2a: BIG BODY TONKA\n|-damage|p2a: BIG BODY TONKA|45\/100 par\n|\n|upkeep\n|turn|42\n|\n|t:|1649395774\n|move|p1a: Mamoswine|Icicle Crash|p2a: BIG BODY TONKA\n|-damage|p2a: BIG BODY TONKA|11\/100 par\n|move|p2a: BIG BODY TONKA|Roost|p2a: BIG BODY TONKA\n|-heal|p2a: BIG BODY TONKA|61\/100 par\n|-singleturn|p2a: BIG BODY TONKA|move: Roost\n|\n|upkeep\n|turn|43\n|\n|t:|1649395779\n|move|p1a: Mamoswine|Icicle Crash|p2a: BIG BODY TONKA\n|-damage|p2a: BIG BODY TONKA|26\/100 par\n|move|p2a: BIG BODY TONKA|Roost|p2a: BIG BODY TONKA\n|-heal|p2a: BIG BODY TONKA|76\/100 par\n|-singleturn|p2a: BIG BODY TONKA|move: Roost\n|\n|upkeep\n|turn|44\n|\n|t:|1649395784\n|move|p1a: Mamoswine|Icicle Crash|p2a: BIG BODY TONKA\n|-damage|p2a: BIG BODY TONKA|42\/100 par\n|cant|p2a: BIG BODY TONKA|flinch\n|\n|upkeep\n|turn|45\n|\n|t:|1649395789\n|move|p1a: Mamoswine|Icicle Crash|p2a: BIG BODY TONKA\n|-damage|p2a: BIG BODY TONKA|11\/100 par\n|cant|p2a: BIG BODY TONKA|par\n|\n|upkeep\n|turn|46\n|\n|t:|1649395807\n|move|p1a: Mamoswine|Icicle Crash|p2a: BIG BODY TONKA\n|-crit|p2a: BIG BODY TONKA\n|-damage|p2a: BIG BODY TONKA|0 fnt\n|faint|p2a: BIG BODY TONKA\n|\n|upkeep\n|\n|t:|1649395808\n|switch|p2a: Slowking|Slowking, F|96\/100\n|turn|47\n|\n|t:|1649395813\n|switch|p1a: Zapdos|Zapdos|100\/100\n|move|p2a: Slowking|Scald|p1a: Zapdos\n|-damage|p1a: Zapdos|73\/100\n|\n|upkeep\n|turn|48\n|j| Marquesa-10%\n|\n|t:|1649395821\n|move|p1a: Zapdos|Defog|p2a: Slowking\n|-unboost|p2a: Slowking|evasion|1\n|-sideend|p2: SKIP THE DRIP|Stealth Rock|[from] move: Defog|[of] p1a: Zapdos\n|-sideend|p1: ninjamage13|Stealth Rock|[from] move: Defog|[of] p1a: Zapdos\n|move|p2a: Slowking|Future Sight|p1a: Zapdos\n|-start|p2a: Slowking|move: Future Sight\n|\n|upkeep\n|turn|49\n|\n|t:|1649395847\n|move|p1a: Zapdos|Volt Switch|p2a: Slowking\n|-supereffective|p2a: Slowking\n|-crit|p2a: Slowking\n|-damage|p2a: Slowking|41\/100\n|\n|t:|1649395855\n|switch|p1a: Buzzwole|Buzzwole|100\/100|[from]move: Volt Switch\n|move|p2a: Slowking|Teleport|p2a: Slowking\n|\n|t:|1649395862\n|switch|p2a: Tornadus|Tornadus-Therian, M|53\/100|[from]move: Teleport\n|\n|upkeep\n|turn|50\n|\n|t:|1649395878\n|switch|p2a: Heatran|Heatran, F|23\/100\n|move|p1a: Buzzwole|Thunder Punch|p2a: Heatran\n|-damage|p2a: Heatran|0 fnt\n|faint|p2a: Heatran\n|-ability|p1a: Buzzwole|Beast Boost|boost\n|-boost|p1a: Buzzwole|atk|1\n|\n|-end|p1a: Buzzwole|move: Future Sight\n|-supereffective|p1a: Buzzwole\n|-damage|p1a: Buzzwole|0 fnt\n|faint|p1a: Buzzwole\n|upkeep\n|\n|t:|1649395891\n|switch|p1a: Mamoswine|Mamoswine, M|55\/100\n|switch|p2a: Slowking|Slowking, F|74\/100\n|turn|51\n|inactive|SKIP THE DRIP has 120 seconds left.\n|\n|t:|1649395923\n|switch|p1a: Primarina|Primarina, F|41\/100\n|move|p2a: Slowking|Scald|p1a: Primarina\n|-resisted|p1a: Primarina\n|-damage|p1a: Primarina|28\/100\n|-status|p1a: Primarina|brn\n|\n|-damage|p1a: Primarina|22\/100 brn|[from] brn\n|upkeep\n|turn|52\n|inactive|ninjamage13 has 120 seconds left.\n|\n|t:|1649395940\n|move|p1a: Primarina|Moonblast|p2a: Slowking\n|-damage|p2a: Slowking|44\/100\n|move|p2a: Slowking|Slack Off|p2a: Slowking\n|-heal|p2a: Slowking|94\/100\n|\n|-damage|p1a: Primarina|16\/100 brn|[from] brn\n|upkeep\n|turn|53\n|l| FransOxxO\n|\n|t:|1649395949\n|move|p1a: Primarina|Flip Turn|p2a: Slowking\n|-resisted|p2a: Slowking\n|-damage|p2a: Slowking|89\/100\n|\n|t:|1649395952\n|switch|p1a: Zapdos|Zapdos|73\/100|[from]move: Flip Turn\n|move|p2a: Slowking|Slack Off|p2a: Slowking\n|-heal|p2a: Slowking|100\/100\n|\n|upkeep\n|turn|54\n|\n|t:|1649395961\n|move|p1a: Zapdos|Volt Switch|p2a: Slowking\n|-supereffective|p2a: Slowking\n|-damage|p2a: Slowking|64\/100\n|\n|t:|1649395964\n|switch|p1a: Primarina|Primarina, F|16\/100 brn|[from]move: Volt Switch\n|move|p2a: Slowking|Scald|p1a: Primarina\n|-resisted|p1a: Primarina\n|-damage|p1a: Primarina|3\/100 brn\n|\n|-damage|p1a: Primarina|0 fnt|[from] brn\n|faint|p1a: Primarina\n|upkeep\n|\n|t:|1649395967\n|switch|p1a: Mamoswine|Mamoswine, M|55\/100\n|turn|55\n|\n|t:|1649395980\n|switch|p2a: Tornadus|Tornadus-Therian, M|86\/100\n|move|p1a: Mamoswine|Earthquake|p2a: Tornadus\n|-immune|p2a: Tornadus\n|\n|upkeep\n|turn|56\n|\n|t:|1649395988\n|move|p2a: Tornadus|Hurricane|p1a: Mamoswine|[miss]\n|-miss|p2a: Tornadus|p1a: Mamoswine\n|move|p1a: Mamoswine|Earthquake|p2a: Tornadus\n|-immune|p2a: Tornadus\n|\n|upkeep\n|turn|57\n|j| FransOxxO\n|\n|t:|1649395992\n|switch|p1a: Zapdos|Zapdos|73\/100\n|move|p2a: Tornadus|Hurricane|p1a: Zapdos\n|-resisted|p1a: Zapdos\n|-damage|p1a: Zapdos|53\/100\n|\n|upkeep\n|turn|58\n|\n|t:|1649395996\n|switch|p2a: Nihilego|Nihilego|50\/100\n|move|p1a: Zapdos|Volt Switch|p2a: Nihilego\n|-damage|p2a: Nihilego|28\/100\n|\n|t:|1649395999\n|switch|p1a: Mamoswine|Mamoswine, M|55\/100|[from]move: Volt Switch\n|\n|upkeep\n|turn|59\n|\n|t:|1649396006\n|move|p1a: Mamoswine|Ice Shard|p2a: Nihilego\n|-damage|p2a: Nihilego|0 fnt\n|faint|p2a: Nihilego\n|\n|upkeep\n|\n|t:|1649396007\n|switch|p2a: Slowking|Slowking, F|97\/100\n|turn|60\n|\n|t:|1649396010\n|switch|p1a: Zapdos|Zapdos|53\/100\n|move|p2a: Slowking|Scald|p1a: Zapdos\n|-damage|p1a: Zapdos|25\/100\n|-status|p1a: Zapdos|brn\n|\n|-damage|p1a: Zapdos|19\/100 brn|[from] brn\n|upkeep\n|turn|61\n|\n|t:|1649396014\n|move|p1a: Zapdos|Roost|p1a: Zapdos\n|-heal|p1a: Zapdos|69\/100 brn\n|-singleturn|p1a: Zapdos|move: Roost\n|move|p2a: Slowking|Future Sight|p1a: Zapdos\n|-start|p2a: Slowking|move: Future Sight\n|\n|-damage|p1a: Zapdos|63\/100 brn|[from] brn\n|upkeep\n|turn|62\n|\n|t:|1649396022\n|move|p1a: Zapdos|Roost|p1a: Zapdos\n|-heal|p1a: Zapdos|100\/100 brn\n|-singleturn|p1a: Zapdos|move: Roost\n|move|p2a: Slowking|Scald|p1a: Zapdos\n|-crit|p1a: Zapdos\n|-damage|p1a: Zapdos|59\/100 brn\n|\n|-damage|p1a: Zapdos|53\/100 brn|[from] brn\n|upkeep\n|turn|63\n|\n|t:|1649396026\n|move|p1a: Zapdos|Roost|p1a: Zapdos\n|-heal|p1a: Zapdos|100\/100 brn\n|-singleturn|p1a: Zapdos|move: Roost\n|move|p2a: Slowking|Scald|p1a: Zapdos\n|-damage|p1a: Zapdos|72\/100 brn\n|\n|-end|p1a: Zapdos|move: Future Sight\n|-crit|p1a: Zapdos\n|-damage|p1a: Zapdos|11\/100 brn\n|-damage|p1a: Zapdos|5\/100 brn|[from] brn\n|upkeep\n|turn|64\n|\n|t:|1649396034\n|move|p1a: Zapdos|Volt Switch|p2a: Slowking\n|-supereffective|p2a: Slowking\n|-damage|p2a: Slowking|62\/100\n|\n|t:|1649396037\n|switch|p1a: Mamoswine|Mamoswine, M|55\/100|[from]move: Volt Switch\n|move|p2a: Slowking|Scald|p1a: Mamoswine\n|-supereffective|p1a: Mamoswine\n|-crit|p1a: Mamoswine\n|-damage|p1a: Mamoswine|0 fnt\n|faint|p1a: Mamoswine\n|\n|upkeep\n|\n|t:|1649396047\n|switch|p1a: Zapdos|Zapdos|5\/100 brn\n|turn|65\n|\n|t:|1649396052\n|move|p1a: Zapdos|Roost|p1a: Zapdos\n|-heal|p1a: Zapdos|55\/100 brn\n|-singleturn|p1a: Zapdos|move: Roost\n|move|p2a: Slowking|Slack Off|p2a: Slowking\n|-heal|p2a: Slowking|100\/100\n|\n|-damage|p1a: Zapdos|49\/100 brn|[from] brn\n|upkeep\n|turn|66\n|\n|t:|1649396058\n|move|p1a: Zapdos|Volt Switch|p2a: Slowking\n|-supereffective|p2a: Slowking\n|-damage|p2a: Slowking|67\/100\n|move|p2a: Slowking|Future Sight|p1a: Zapdos\n|-start|p2a: Slowking|move: Future Sight\n|\n|-damage|p1a: Zapdos|43\/100 brn|[from] brn\n|upkeep\n|turn|67\n|\n|t:|1649396064\n|move|p1a: Zapdos|Roost|p1a: Zapdos\n|-heal|p1a: Zapdos|93\/100 brn\n|-singleturn|p1a: Zapdos|move: Roost\n|move|p2a: Slowking|Scald|p1a: Zapdos\n|-damage|p1a: Zapdos|64\/100 brn\n|\n|-damage|p1a: Zapdos|58\/100 brn|[from] brn\n|upkeep\n|turn|68\n|\n|t:|1649396067\n|move|p1a: Zapdos|Roost|p1a: Zapdos\n|-heal|p1a: Zapdos|100\/100 brn\n|-singleturn|p1a: Zapdos|move: Roost\n|move|p2a: Slowking|Scald|p1a: Zapdos\n|-damage|p1a: Zapdos|73\/100 brn\n|\n|-end|p1a: Zapdos|move: Future Sight\n|-damage|p1a: Zapdos|36\/100 brn\n|-damage|p1a: Zapdos|30\/100 brn|[from] brn\n|upkeep\n|turn|69\n|\n|t:|1649396073\n|move|p1a: Zapdos|Roost|p1a: Zapdos\n|-heal|p1a: Zapdos|80\/100 brn\n|-singleturn|p1a: Zapdos|move: Roost\n|move|p2a: Slowking|Future Sight|p1a: Zapdos\n|-start|p2a: Slowking|move: Future Sight\n|\n|-damage|p1a: Zapdos|74\/100 brn|[from] brn\n|upkeep\n|turn|70\n|\n|t:|1649396076\n|move|p1a: Zapdos|Volt Switch|p2a: Slowking\n|-supereffective|p2a: Slowking\n|-damage|p2a: Slowking|31\/100\n|move|p2a: Slowking|Slack Off|p2a: Slowking\n|-heal|p2a: Slowking|81\/100\n|\n|-damage|p1a: Zapdos|68\/100 brn|[from] brn\n|upkeep\n|turn|71\n|\n|t:|1649396081\n|move|p1a: Zapdos|Volt Switch|p2a: Slowking\n|-supereffective|p2a: Slowking\n|-damage|p2a: Slowking|44\/100\n|move|p2a: Slowking|Scald|p1a: Zapdos\n|-damage|p1a: Zapdos|43\/100 brn\n|\n|-end|p1a: Zapdos|move: Future Sight\n|-damage|p1a: Zapdos|1\/100 brn\n|-damage|p1a: Zapdos|0 fnt|[from] brn\n|faint|p1a: Zapdos\n|\n|win|SKIP THE DRIP\n|upkeep\n|raw|ninjamage13's rating: 1807 &rarr; <strong>1790<\/strong><br \/>(-17 for losing)\n|raw|SKIP THE DRIP's rating: 1855 &rarr; <strong>1872<\/strong><br \/>(+17 for winning)\n|l| Pokedot777\n|l| FaeRen S\n|l|\u2606SKIP THE DRIP\n|l|\u203dninjamage13\n|l| Lillia2.0\n|l| LT_Alt1\n|l| just like hunny\n|l| FransOxxO\n|l| Dijkztra\n|l| angrrry\n","uploadtime":1649396577,"views":54,"p1id":"ninjamage13","p2id":"skipthedrip","formatid":"gen8ou","rating":1790,"private":0,"password":null}