{"id":"gen8bdspou-1634604565","p1":"NairFlipKick","p2":"Ill Leave","format":"gen8bdspou","log":"|j|\u2606NairFlipKick\n|j|\u2606Ill Leave\n|t:|1659916698\n|gametype|singles\n|player|p1|NairFlipKick|battlegirl-gen4|1442\n|player|p2|Ill Leave|102|1499\n|teamsize|p1|6\n|teamsize|p2|6\n|gen|8\n|tier|[Gen 8 BDSP] OU\n|rated|\n|rule|Sleep Clause Mod: Limit one foe put to sleep\n|rule|Species Clause: Limit one of each Pok\u00e9mon\n|rule|OHKO Clause: OHKO moves are banned\n|rule|Evasion Items Clause: Evasion items are banned\n|rule|Evasion Moves Clause: Evasion moves are banned\n|rule|Endless Battle Clause: Forcing endless battles is banned\n|rule|HP Percentage Mod: HP is shown in percentages\n|clearpoke\n|poke|p1|Infernape, M|\n|poke|p1|Rotom-Wash|\n|poke|p1|Donphan, M|\n|poke|p1|Heatran, F|\n|poke|p1|Breloom, M|\n|poke|p1|Mismagius, F|\n|poke|p2|Crawdaunt, F|\n|poke|p2|Lucario, F|\n|poke|p2|Garchomp, M|\n|poke|p2|Clefable, F|\n|poke|p2|Heatran, M|\n|poke|p2|Weezing, M|\n|teampreview\n|inactive|Battle timer is ON: inactive players will automatically lose when time's up. (requested by NairFlipKick)\n|\n|t:|1659916726\n|start\n|switch|p1a: Breloom|Breloom, M|100\/100\n|switch|p2a: Weezing|Weezing, M|100\/100\n|turn|1\n|\n|t:|1659916730\n|move|p1a: Breloom|Spore|p2a: Weezing\n|-status|p2a: Weezing|slp|[from] move: Spore\n|cant|p2a: Weezing|slp\n|\n|upkeep\n|turn|2\n|\n|t:|1659916757\n|switch|p1a: Heatran|Heatran, F|100\/100\n|cant|p2a: Weezing|slp\n|\n|upkeep\n|turn|3\n|\n|t:|1659916762\n|move|p1a: Heatran|Stealth Rock|p2a: Weezing\n|-sidestart|p2: Ill Leave|move: Stealth Rock\n|cant|p2a: Weezing|slp\n|\n|upkeep\n|turn|4\n|\n|t:|1659916765\n|switch|p2a: Garchomp|Garchomp, M|100\/100\n|-damage|p2a: Garchomp|94\/100|[from] Stealth Rock\n|move|p1a: Heatran|Magma Storm|p2a: Garchomp\n|-resisted|p2a: Garchomp\n|-damage|p2a: Garchomp|69\/100\n|-activate|p2a: Garchomp|move: Magma Storm|[of] p1a: Heatran\n|\n|-damage|p2a: Garchomp|57\/100|[from] move: Magma Storm|[partiallytrapped]\n|upkeep\n|turn|5\n|\n|t:|1659916780\n|switch|p1a: Donphan|Donphan, M|100\/100\n|move|p2a: Garchomp|Stealth Rock|p1a: Donphan\n|-sidestart|p1: NairFlipKick|move: Stealth Rock\n|\n|-end|p2a: Garchomp|Magma Storm|[partiallytrapped]|[silent]\n|upkeep\n|turn|6\n|\n|t:|1659916787\n|switch|p2a: Weezing|Weezing, M|100\/100 slp\n|-damage|p2a: Weezing|88\/100 slp|[from] Stealth Rock\n|move|p1a: Donphan|Rapid Spin|p2a: Weezing\n|-damage|p2a: Weezing|77\/100 slp\n|-boost|p1a: Donphan|spe|1\n|-sideend|p1: NairFlipKick|Stealth Rock|[from] move: Rapid Spin|[of] p1a: Donphan\n|\n|-heal|p2a: Weezing|83\/100 slp|[from] item: Black Sludge\n|upkeep\n|turn|7\n|\n|t:|1659916793\n|switch|p1a: Heatran|Heatran, F|100\/100\n|-curestatus|p2a: Weezing|slp|[msg]\n|move|p2a: Weezing|Toxic Spikes|p1a: Heatran\n|-sidestart|p1: NairFlipKick|move: Toxic Spikes\n|\n|-heal|p2a: Weezing|89\/100|[from] item: Black Sludge\n|upkeep\n|turn|8\n|\n|t:|1659916801\n|switch|p2a: Heatran|Heatran, M|100\/100\n|-damage|p2a: Heatran|88\/100|[from] Stealth Rock\n|move|p1a: Heatran|Magma Storm|p2a: Heatran\n|-start|p2a: Heatran|ability: Flash Fire\n|\n|-heal|p2a: Heatran|94\/100|[from] item: Leftovers\n|upkeep\n|turn|9\n|\n|t:|1659916812\n|move|p1a: Heatran|Earth Power|p2a: Heatran\n|-supereffective|p2a: Heatran\n|-damage|p2a: Heatran|27\/100\n|move|p2a: Heatran|Earth Power|p1a: Heatran\n|-supereffective|p1a: Heatran\n|-damage|p1a: Heatran|22\/100\n|\n|-heal|p1a: Heatran|28\/100|[from] item: Leftovers\n|-heal|p2a: Heatran|33\/100|[from] item: Leftovers\n|upkeep\n|turn|10\n|\n|t:|1659916829\n|move|p2a: Heatran|Protect|p2a: Heatran\n|-singleturn|p2a: Heatran|Protect\n|move|p1a: Heatran|Earth Power|p2a: Heatran\n|-activate|p2a: Heatran|move: Protect\n|\n|-heal|p1a: Heatran|34\/100|[from] item: Leftovers\n|-heal|p2a: Heatran|39\/100|[from] item: Leftovers\n|upkeep\n|turn|11\n|\n|t:|1659916833\n|-end|p2a: Heatran|ability: Flash Fire|[silent]\n|switch|p2a: Garchomp|Garchomp, M|57\/100\n|-damage|p2a: Garchomp|51\/100|[from] Stealth Rock\n|move|p1a: Heatran|Earth Power|p2a: Garchomp\n|-damage|p2a: Garchomp|23\/100\n|\n|-heal|p1a: Heatran|40\/100|[from] item: Leftovers\n|upkeep\n|turn|12\n|\n|t:|1659916842\n|switch|p1a: Donphan|Donphan, M|100\/100\n|-status|p1a: Donphan|psn\n|move|p2a: Garchomp|Earthquake|p1a: Donphan\n|-damage|p1a: Donphan|63\/100 psn\n|\n|-heal|p1a: Donphan|69\/100 psn|[from] item: Leftovers\n|-damage|p1a: Donphan|56\/100 psn|[from] psn\n|upkeep\n|turn|13\n|\n|t:|1659916847\n|move|p2a: Garchomp|Stealth Rock|p1a: Donphan\n|-sidestart|p1: NairFlipKick|move: Stealth Rock\n|move|p1a: Donphan|Rapid Spin|p2a: Garchomp\n|-damage|p2a: Garchomp|4\/100\n|-boost|p1a: Donphan|spe|1\n|-damage|p1a: Donphan|44\/100 psn|[from] ability: Rough Skin|[of] p2a: Garchomp\n|-sideend|p1: NairFlipKick|Toxic Spikes|[from] move: Rapid Spin|[of] p1a: Donphan\n|-sideend|p1: NairFlipKick|Stealth Rock|[from] move: Rapid Spin|[of] p1a: Donphan\n|\n|-heal|p1a: Donphan|50\/100 psn|[from] item: Leftovers\n|-damage|p1a: Donphan|38\/100 psn|[from] psn\n|upkeep\n|turn|14\n|\n|t:|1659916851\n|move|p1a: Donphan|Ice Shard|p2a: Garchomp\n|-supereffective|p2a: Garchomp\n|-damage|p2a: Garchomp|0 fnt\n|faint|p2a: Garchomp\n|\n|-heal|p1a: Donphan|44\/100 psn|[from] item: Leftovers\n|-damage|p1a: Donphan|31\/100 psn|[from] psn\n|upkeep\n|\n|t:|1659916854\n|switch|p2a: Weezing|Weezing, M|89\/100\n|-damage|p2a: Weezing|77\/100|[from] Stealth Rock\n|turn|15\n|\n|t:|1659916859\n|switch|p1a: Heatran|Heatran, F|40\/100\n|move|p2a: Weezing|Toxic Spikes|p1a: Heatran\n|-sidestart|p1: NairFlipKick|move: Toxic Spikes\n|\n|-heal|p1a: Heatran|47\/100|[from] item: Leftovers\n|-heal|p2a: Weezing|83\/100|[from] item: Black Sludge\n|upkeep\n|turn|16\n|\n|t:|1659916866\n|switch|p2a: Crawdaunt|Crawdaunt, F|100\/100\n|-damage|p2a: Crawdaunt|88\/100|[from] Stealth Rock\n|move|p1a: Heatran|Magma Storm|p2a: Crawdaunt|[miss]\n|-miss|p1a: Heatran|p2a: Crawdaunt\n|\n|-heal|p1a: Heatran|53\/100|[from] item: Leftovers\n|upkeep\n|turn|17\n|\n|t:|1659916889\n|switch|p1a: Donphan|Donphan, M|31\/100 psn\n|move|p2a: Crawdaunt|Knock Off|p1a: Donphan\n|-damage|p1a: Donphan|0 fnt\n|-enditem|p1a: Donphan|Leftovers|[from] move: Knock Off|[of] p2a: Crawdaunt\n|faint|p1a: Donphan\n|\n|upkeep\n|\n|t:|1659916895\n|switch|p1a: Breloom|Breloom, M|100\/100\n|-status|p1a: Breloom|psn\n|turn|18\n|\n|t:|1659916900\n|switch|p2a: Weezing|Weezing, M|83\/100\n|-damage|p2a: Weezing|71\/100|[from] Stealth Rock\n|move|p1a: Breloom|Spore|p2a: Weezing\n|-status|p2a: Weezing|slp|[from] move: Spore\n|\n|-heal|p2a: Weezing|77\/100 slp|[from] item: Black Sludge\n|-damage|p1a: Breloom|88\/100 psn|[from] psn\n|upkeep\n|turn|19\n|\n|t:|1659916904\n|switch|p1a: Heatran|Heatran, F|53\/100\n|cant|p2a: Weezing|slp\n|\n|-heal|p1a: Heatran|59\/100|[from] item: Leftovers\n|-heal|p2a: Weezing|83\/100 slp|[from] item: Black Sludge\n|upkeep\n|turn|20\n|\n|t:|1659916911\n|switch|p2a: Crawdaunt|Crawdaunt, F|88\/100\n|-damage|p2a: Crawdaunt|76\/100|[from] Stealth Rock\n|move|p1a: Heatran|Magma Storm|p2a: Crawdaunt\n|-resisted|p2a: Crawdaunt\n|-damage|p2a: Crawdaunt|24\/100\n|-activate|p2a: Crawdaunt|move: Magma Storm|[of] p1a: Heatran\n|\n|-heal|p1a: Heatran|65\/100|[from] item: Leftovers\n|-damage|p2a: Crawdaunt|12\/100|[from] move: Magma Storm|[partiallytrapped]\n|upkeep\n|turn|21\n|\n|t:|1659916929\n|switch|p1a: Breloom|Breloom, M|88\/100 psn\n|move|p2a: Crawdaunt|Aqua Jet|p1a: Breloom\n|-resisted|p1a: Breloom\n|-damage|p1a: Breloom|58\/100 psn\n|\n|-damage|p1a: Breloom|46\/100 psn|[from] psn\n|-end|p2a: Crawdaunt|Magma Storm|[partiallytrapped]|[silent]\n|upkeep\n|turn|22\n|inactive|NairFlipKick has 120 seconds left.\n|\n|t:|1659916955\n|switch|p2a: Weezing|Weezing, M|83\/100 slp\n|-damage|p2a: Weezing|70\/100 slp|[from] Stealth Rock\n|move|p1a: Breloom|Bullet Seed|p2a: Weezing\n|-resisted|p2a: Weezing\n|-damage|p2a: Weezing|61\/100 slp\n|-resisted|p2a: Weezing\n|-damage|p2a: Weezing|52\/100 slp\n|-resisted|p2a: Weezing\n|-damage|p2a: Weezing|43\/100 slp\n|-hitcount|p2a: Weezing|3\n|-damage|p1a: Breloom|36\/100 psn|[from] item: Life Orb\n|\n|-heal|p2a: Weezing|49\/100 slp|[from] item: Black Sludge\n|-damage|p1a: Breloom|24\/100 psn|[from] psn\n|upkeep\n|turn|23\n|\n|t:|1659916961\n|move|p1a: Breloom|Swords Dance|p1a: Breloom\n|-boost|p1a: Breloom|atk|2\n|-curestatus|p2a: Weezing|slp|[msg]\n|move|p2a: Weezing|Toxic Spikes|p1a: Breloom\n|-sidestart|p1: NairFlipKick|move: Toxic Spikes\n|\n|-heal|p2a: Weezing|55\/100|[from] item: Black Sludge\n|-damage|p1a: Breloom|12\/100 psn|[from] psn\n|upkeep\n|turn|24\n|\n|t:|1659916974\n|switch|p2a: Crawdaunt|Crawdaunt, F|12\/100\n|-damage|p2a: Crawdaunt|0 fnt|[from] Stealth Rock\n|faint|p2a: Crawdaunt\n|move|p1a: Breloom|Bullet Seed|p2: Crawdaunt|[notarget]\n|-fail|p1a: Breloom\n|\n|-damage|p1a: Breloom|0 fnt|[from] psn\n|faint|p1a: Breloom\n|upkeep\n|\n|t:|1659916985\n|switch|p1a: Rotom|Rotom-Wash|100\/100\n|switch|p2a: Lucario|Lucario, F|100\/100\n|-damage|p2a: Lucario|98\/100|[from] Stealth Rock\n|turn|25\n|\n|t:|1659916992\n|move|p2a: Lucario|Close Combat|p1a: Rotom\n|-damage|p1a: Rotom|26\/100\n|-unboost|p2a: Lucario|def|1\n|-unboost|p2a: Lucario|spd|1\n|move|p1a: Rotom|Hydro Pump|p2a: Lucario|[miss]\n|-miss|p1a: Rotom|p2a: Lucario\n|\n|-heal|p1a: Rotom|33\/100|[from] item: Leftovers\n|upkeep\n|turn|26\n|\n|t:|1659917019\n|switch|p2a: Clefable|Clefable, F|100\/100\n|switch|p1a: Mismagius|Mismagius, F|100\/100\n|\n|upkeep\n|turn|27\n|\n|t:|1659917031\n|switch|p1a: Heatran|Heatran, F|65\/100\n|move|p2a: Clefable|Thunder Wave|p1a: Heatran\n|-status|p1a: Heatran|par\n|\n|-heal|p1a: Heatran|71\/100 par|[from] item: Leftovers\n|upkeep\n|turn|28\n|\n|t:|1659917041\n|switch|p2a: Heatran|Heatran, M|39\/100\n|-damage|p2a: Heatran|27\/100|[from] Stealth Rock\n|move|p1a: Heatran|Magma Storm|p2a: Heatran\n|-start|p2a: Heatran|ability: Flash Fire\n|\n|-heal|p2a: Heatran|33\/100|[from] item: Leftovers\n|-heal|p1a: Heatran|78\/100 par|[from] item: Leftovers\n|upkeep\n|turn|29\n|inactive|Ill Leave has 120 seconds left.\n|inactive|Ill Leave has 90 seconds left.\n|\n|t:|1659917124\n|switch|p1a: Rotom|Rotom-Wash|33\/100\n|move|p2a: Heatran|Substitute|p2a: Heatran\n|-start|p2a: Heatran|Substitute\n|-damage|p2a: Heatran|8\/100\n|\n|-heal|p1a: Rotom|39\/100|[from] item: Leftovers\n|-heal|p2a: Heatran|14\/100|[from] item: Leftovers\n|upkeep\n|turn|30\n|\n|t:|1659917147\n|move|p1a: Rotom|Volt Switch|p2a: Heatran\n|-activate|p2a: Heatran|move: Substitute|[damage]\n|\n|t:|1659917150\n|switch|p1a: Heatran|Heatran, F|78\/100 par|[from]move: Volt Switch\n|move|p2a: Heatran|Lava Plume|p1a: Heatran\n|-damage|p1a: Heatran|42\/100 par\n|\n|-heal|p2a: Heatran|21\/100|[from] item: Leftovers\n|-heal|p1a: Heatran|49\/100 par|[from] item: Leftovers\n|upkeep\n|turn|31\n|inactive|Ill Leave has 90 seconds left.\n|\n|t:|1659917159\n|switch|p1a: Rotom|Rotom-Wash|39\/100\n|move|p2a: Heatran|Earth Power|p1a: Rotom\n|-immune|p1a: Rotom|[from] ability: Levitate\n|\n|-heal|p1a: Rotom|45\/100|[from] item: Leftovers\n|-heal|p2a: Heatran|27\/100|[from] item: Leftovers\n|upkeep\n|turn|32\n|\n|t:|1659917163\n|move|p1a: Rotom|Hydro Pump|p2a: Heatran\n|-supereffective|p2a: Heatran\n|-end|p2a: Heatran|Substitute\n|move|p2a: Heatran|Lava Plume|p1a: Rotom\n|-resisted|p1a: Rotom\n|-damage|p1a: Rotom|17\/100\n|-status|p1a: Rotom|brn\n|\n|-heal|p1a: Rotom|23\/100 brn|[from] item: Leftovers\n|-heal|p2a: Heatran|33\/100|[from] item: Leftovers\n|-damage|p1a: Rotom|17\/100 brn|[from] brn\n|upkeep\n|turn|33\n|inactive|Ill Leave has 90 seconds left.\n|\n|t:|1659917187\n|move|p2a: Heatran|Protect|p2a: Heatran\n|-singleturn|p2a: Heatran|Protect\n|move|p1a: Rotom|Hydro Pump|p2a: Heatran\n|-activate|p2a: Heatran|move: Protect\n|\n|-heal|p1a: Rotom|23\/100 brn|[from] item: Leftovers\n|-heal|p2a: Heatran|39\/100|[from] item: Leftovers\n|-damage|p1a: Rotom|17\/100 brn|[from] brn\n|upkeep\n|turn|34\n|\n|t:|1659917192\n|-end|p2a: Heatran|ability: Flash Fire|[silent]\n|switch|p2a: Clefable|Clefable, F|100\/100\n|move|p1a: Rotom|Hydro Pump|p2a: Clefable\n|-damage|p2a: Clefable|66\/100\n|\n|-heal|p1a: Rotom|23\/100 brn|[from] item: Leftovers\n|-heal|p2a: Clefable|72\/100|[from] item: Leftovers\n|-damage|p1a: Rotom|17\/100 brn|[from] brn\n|upkeep\n|turn|35\n|\n|t:|1659917198\n|move|p1a: Rotom|Volt Switch|p2a: Clefable\n|-damage|p2a: Clefable|49\/100\n|\n|t:|1659917202\n|switch|p1a: Heatran|Heatran, F|49\/100 par|[from]move: Volt Switch\n|move|p2a: Clefable|Wish|p2a: Clefable\n|\n|-heal|p2a: Clefable|55\/100|[from] item: Leftovers\n|-heal|p1a: Heatran|55\/100 par|[from] item: Leftovers\n|upkeep\n|turn|36\n|\n|t:|1659917219\n|move|p2a: Clefable|Protect|p2a: Clefable\n|-singleturn|p2a: Clefable|Protect\n|cant|p1a: Heatran|par\n|\n|-heal|p2a: Clefable|100\/100|[from] move: Wish|[wisher] Clefable\n|-heal|p1a: Heatran|61\/100 par|[from] item: Leftovers\n|upkeep\n|turn|37\n|\n|t:|1659917227\n|move|p2a: Clefable|Wish|p2a: Clefable\n|move|p1a: Heatran|Earth Power|p2a: Clefable\n|-damage|p2a: Clefable|78\/100\n|\n|-heal|p2a: Clefable|84\/100|[from] item: Leftovers\n|-heal|p1a: Heatran|67\/100 par|[from] item: Leftovers\n|upkeep\n|turn|38\n|\n|t:|1659917249\n|switch|p2a: Weezing|Weezing, M|55\/100\n|-damage|p2a: Weezing|42\/100|[from] Stealth Rock\n|cant|p1a: Heatran|par\n|\n|-heal|p2a: Weezing|100\/100|[from] move: Wish|[wisher] Clefable\n|-heal|p1a: Heatran|74\/100 par|[from] item: Leftovers\n|upkeep\n|turn|39\n|\n|t:|1659917255\n|switch|p2a: Clefable|Clefable, F|84\/100\n|move|p1a: Heatran|Taunt|p2a: Clefable\n|-start|p2a: Clefable|move: Taunt\n|\n|-heal|p2a: Clefable|90\/100|[from] item: Leftovers\n|-heal|p1a: Heatran|80\/100 par|[from] item: Leftovers\n|upkeep\n|turn|40\n|\n|t:|1659917262\n|move|p2a: Clefable|Moonblast|p1a: Heatran\n|-resisted|p1a: Heatran\n|-damage|p1a: Heatran|75\/100 par\n|move|p1a: Heatran|Earth Power|p2a: Clefable\n|-damage|p2a: Clefable|67\/100\n|\n|-heal|p2a: Clefable|73\/100|[from] item: Leftovers\n|-heal|p1a: Heatran|81\/100 par|[from] item: Leftovers\n|upkeep\n|turn|41\n|inactive|Ill Leave has 90 seconds left.\n|inactive|Ill Leave has 60 seconds left.\n|\n|t:|1659917327\n|move|p2a: Clefable|Moonblast|p1a: Heatran\n|-resisted|p1a: Heatran\n|-damage|p1a: Heatran|75\/100 par\n|cant|p1a: Heatran|par\n|\n|-heal|p2a: Clefable|79\/100|[from] item: Leftovers\n|-heal|p1a: Heatran|81\/100 par|[from] item: Leftovers\n|-end|p2a: Clefable|move: Taunt\n|upkeep\n|turn|42\n|\n|t:|1659917334\n|move|p2a: Clefable|Wish|p2a: Clefable\n|cant|p1a: Heatran|par\n|\n|-heal|p2a: Clefable|85\/100|[from] item: Leftovers\n|-heal|p1a: Heatran|88\/100 par|[from] item: Leftovers\n|upkeep\n|turn|43\n|\n|t:|1659917341\n|switch|p2a: Lucario|Lucario, F|98\/100\n|-damage|p2a: Lucario|95\/100|[from] Stealth Rock\n|move|p1a: Heatran|Earth Power|p2a: Lucario\n|-supereffective|p2a: Lucario\n|-damage|p2a: Lucario|8\/100\n|\n|-heal|p2a: Lucario|78\/100|[from] move: Wish|[wisher] Clefable\n|-heal|p1a: Heatran|94\/100 par|[from] item: Leftovers\n|upkeep\n|turn|44\n|inactive|Ill Leave has 60 seconds left.\n|inactive|NairFlipKick has 120 seconds left.\n|inactive|NairFlipKick has 90 seconds left.\n|\n|t:|1659917404\n|switch|p1a: Mismagius|Mismagius, F|100\/100\n|move|p2a: Lucario|Close Combat|p1a: Mismagius\n|-immune|p1a: Mismagius\n|\n|upkeep\n|turn|45\n|inactive|NairFlipKick has 90 seconds left.\n|\n|t:|1659917428\n|switch|p1a: Heatran|Heatran, F|94\/100 par\n|switch|p2a: Clefable|Clefable, F|85\/100\n|\n|-heal|p2a: Clefable|91\/100|[from] item: Leftovers\n|-heal|p1a: Heatran|99\/100 par|[from] item: Leftovers\n|upkeep\n|turn|46\n|inactive|Ill Leave has 60 seconds left.\n|\n|t:|1659917451\n|move|p2a: Clefable|Wish|p2a: Clefable\n|move|p1a: Heatran|Magma Storm|p2a: Clefable\n|-damage|p2a: Clefable|51\/100\n|-activate|p2a: Clefable|move: Magma Storm|[of] p1a: Heatran\n|\n|-heal|p2a: Clefable|57\/100|[from] item: Leftovers\n|-heal|p1a: Heatran|100\/100 par|[from] item: Leftovers\n|upkeep\n|turn|47\n|inactive|NairFlipKick has 90 seconds left.\n|inactive|Ill Leave has 60 seconds left.\n|\n|t:|1659917472\n|move|p2a: Clefable|Moonblast|p1a: Heatran\n|-resisted|p1a: Heatran\n|-damage|p1a: Heatran|95\/100 par\n|-unboost|p1a: Heatran|spa|1\n|move|p1a: Heatran|Taunt|p2a: Clefable\n|-start|p2a: Clefable|move: Taunt\n|\n|-heal|p2a: Clefable|100\/100|[from] move: Wish|[wisher] Clefable\n|-heal|p1a: Heatran|100\/100 par|[from] item: Leftovers\n|upkeep\n|turn|48\n|\n|t:|1659917493\n|move|p2a: Clefable|Moonblast|p1a: Heatran\n|-resisted|p1a: Heatran\n|-damage|p1a: Heatran|95\/100 par\n|move|p1a: Heatran|Earth Power|p2a: Clefable\n|-damage|p2a: Clefable|86\/100\n|\n|-heal|p2a: Clefable|92\/100|[from] item: Leftovers\n|-heal|p1a: Heatran|100\/100 par|[from] item: Leftovers\n|upkeep\n|turn|49\n|inactive|Ill Leave has 30 seconds left.\n|\n|t:|1659917510\n|move|p2a: Clefable|Moonblast|p1a: Heatran\n|-resisted|p1a: Heatran\n|-damage|p1a: Heatran|95\/100 par\n|cant|p1a: Heatran|par\n|\n|-heal|p2a: Clefable|98\/100|[from] item: Leftovers\n|-heal|p1a: Heatran|100\/100 par|[from] item: Leftovers\n|upkeep\n|turn|50\n|\n|t:|1659917516\n|move|p2a: Clefable|Moonblast|p1a: Heatran\n|-resisted|p1a: Heatran\n|-damage|p1a: Heatran|96\/100 par\n|move|p1a: Heatran|Earth Power|p2a: Clefable\n|-damage|p2a: Clefable|83\/100\n|\n|-heal|p2a: Clefable|89\/100|[from] item: Leftovers\n|-heal|p1a: Heatran|100\/100 par|[from] item: Leftovers\n|-end|p2a: Clefable|move: Taunt\n|upkeep\n|turn|51\n|inactive|NairFlipKick has 120 seconds left.\n|\n|t:|1659917526\n|move|p2a: Clefable|Moonblast|p1a: Heatran\n|-resisted|p1a: Heatran\n|-damage|p1a: Heatran|96\/100 par\n|-unboost|p1a: Heatran|spa|1\n|move|p1a: Heatran|Taunt|p2a: Clefable\n|-start|p2a: Clefable|move: Taunt\n|\n|-heal|p2a: Clefable|95\/100|[from] item: Leftovers\n|-heal|p1a: Heatran|100\/100 par|[from] item: Leftovers\n|-end|p2a: Clefable|Magma Storm|[partiallytrapped]\n|upkeep\n|turn|52\n|inactive|NairFlipKick has 120 seconds left.\n|inactive|Ill Leave has 30 seconds left.\n|\n|t:|1659917553\n|move|p2a: Clefable|Moonblast|p1a: Heatran\n|-resisted|p1a: Heatran\n|-damage|p1a: Heatran|95\/100 par\n|cant|p1a: Heatran|par\n|\n|-heal|p2a: Clefable|100\/100|[from] item: Leftovers\n|-heal|p1a: Heatran|100\/100 par|[from] item: Leftovers\n|upkeep\n|turn|53\n|inactive|Ill Leave has 30 seconds left.\n|\n|t:|1659917568\n|move|p2a: Clefable|Moonblast|p1a: Heatran\n|-resisted|p1a: Heatran\n|-damage|p1a: Heatran|95\/100 par\n|move|p1a: Heatran|Earth Power|p2a: Clefable\n|-damage|p2a: Clefable|89\/100\n|-unboost|p2a: Clefable|spd|1\n|\n|-heal|p2a: Clefable|95\/100|[from] item: Leftovers\n|-heal|p1a: Heatran|100\/100 par|[from] item: Leftovers\n|upkeep\n|turn|54\n|\n|t:|1659917587\n|switch|p1a: Mismagius|Mismagius, F|100\/100\n|move|p2a: Clefable|Moonblast|p1a: Mismagius\n|-damage|p1a: Mismagius|59\/100\n|\n|-heal|p2a: Clefable|100\/100|[from] item: Leftovers\n|-end|p2a: Clefable|move: Taunt\n|upkeep\n|turn|55\n|inactive|Ill Leave has 30 seconds left.\n|\n|t:|1659917609\n|move|p1a: Mismagius|Shadow Ball|p2a: Clefable\n|-damage|p2a: Clefable|52\/100\n|-unboost|p2a: Clefable|spd|1\n|move|p2a: Clefable|Thunder Wave|p1a: Mismagius|[miss]\n|-miss|p2a: Clefable|p1a: Mismagius\n|\n|-heal|p2a: Clefable|58\/100|[from] item: Leftovers\n|upkeep\n|turn|56\n|inactive|Ill Leave has 30 seconds left.\n|\n|t:|1659917622\n|switch|p2a: Heatran|Heatran, M|39\/100\n|-damage|p2a: Heatran|27\/100|[from] Stealth Rock\n|move|p1a: Mismagius|Shadow Ball|p2a: Heatran\n|-damage|p2a: Heatran|2\/100\n|\n|-heal|p2a: Heatran|8\/100|[from] item: Leftovers\n|upkeep\n|turn|57\n|inactive|Ill Leave has 30 seconds left.\n|inactive|Ill Leave has 20 seconds left.\n|inactive|Ill Leave has 15 seconds left.\n|inactive|Ill Leave has 10 seconds left.\n|\n|t:|1659917648\n|move|p2a: Heatran|Protect|p2a: Heatran\n|-singleturn|p2a: Heatran|Protect\n|move|p1a: Mismagius|Shadow Ball|p2a: Heatran\n|-activate|p2a: Heatran|move: Protect\n|\n|-heal|p2a: Heatran|14\/100|[from] item: Leftovers\n|upkeep\n|turn|58\n|inactive|Ill Leave has 20 seconds left this turn.\n|inactive|Ill Leave has 15 seconds left.\n|\n|t:|1659917676\n|switch|p1a: Infernape|Infernape, M|100\/100\n|-status|p1a: Infernape|tox\n|move|p2a: Heatran|Lava Plume|p1a: Infernape\n|-resisted|p1a: Infernape\n|-damage|p1a: Infernape|74\/100 tox\n|\n|-heal|p2a: Heatran|20\/100|[from] item: Leftovers\n|-damage|p1a: Infernape|67\/100 tox|[from] psn\n|upkeep\n|turn|59\n|inactive|Ill Leave has 25 seconds left this turn.\n|inactive|Ill Leave has 20 seconds left.\n|\n|t:|1659917689\n|switch|p1a: Heatran|Heatran, F|100\/100 par\n|move|p2a: Heatran|Protect||[still]\n|-fail|p2a: Heatran\n|\n|-heal|p2a: Heatran|27\/100|[from] item: Leftovers\n|upkeep\n|turn|60\n|inactive|Ill Leave has 30 seconds left this turn.\n|\n|t:|1659917696\n|move|p2a: Heatran|Substitute|p2a: Heatran\n|-start|p2a: Heatran|Substitute\n|-damage|p2a: Heatran|2\/100\n|move|p1a: Heatran|Earth Power|p2a: Heatran\n|-supereffective|p2a: Heatran\n|-end|p2a: Heatran|Substitute\n|\n|-heal|p2a: Heatran|8\/100|[from] item: Leftovers\n|upkeep\n|turn|61\n|inactive|Ill Leave has 30 seconds left.\n|\n|t:|1659917701\n|move|p2a: Heatran|Earth Power|p1a: Heatran\n|-supereffective|p1a: Heatran\n|-damage|p1a: Heatran|24\/100 par\n|move|p1a: Heatran|Earth Power|p2a: Heatran\n|-supereffective|p2a: Heatran\n|-damage|p2a: Heatran|0 fnt\n|faint|p2a: Heatran\n|\n|-heal|p1a: Heatran|30\/100 par|[from] item: Leftovers\n|upkeep\n|inactive|Ill Leave has 30 seconds left.\n|\n|t:|1659917708\n|switch|p2a: Lucario|Lucario, F|78\/100\n|-damage|p2a: Lucario|75\/100|[from] Stealth Rock\n|turn|62\n|inactive|NairFlipKick has 120 seconds left.\n|inactive|Ill Leave has 30 seconds left.\n|\n|t:|1659917721\n|switch|p1a: Rotom|Rotom-Wash|17\/100 brn\n|move|p2a: Lucario|Crunch|p1a: Rotom\n|-crit|p1a: Rotom\n|-damage|p1a: Rotom|0 fnt\n|faint|p1a: Rotom\n|\n|upkeep\n|inactive|NairFlipKick has 120 seconds left.\n|\n|t:|1659917730\n|switch|p1a: Infernape|Infernape, M|67\/100 tox\n|turn|63\n|\n|t:|1659917733\n|switch|p2a: Weezing|Weezing, M|100\/100\n|-damage|p2a: Weezing|88\/100|[from] Stealth Rock\n|move|p1a: Infernape|Flare Blitz|p2a: Weezing\n|-damage|p2a: Weezing|39\/100\n|-damage|p1a: Infernape|49\/100 tox|[from] Recoil\n|\n|-heal|p2a: Weezing|45\/100|[from] item: Black Sludge\n|-damage|p1a: Infernape|43\/100 tox|[from] psn\n|upkeep\n|turn|64\n|inactive|Ill Leave has 30 seconds left.\n|\n|t:|1659917761\n|move|p1a: Infernape|Flare Blitz|p2a: Weezing\n|-damage|p2a: Weezing|0 fnt\n|faint|p2a: Weezing\n|-damage|p1a: Infernape|26\/100 tox|[from] Recoil\n|\n|-damage|p1a: Infernape|13\/100 tox|[from] psn\n|upkeep\n|inactive|Ill Leave has 30 seconds left.\n|\n|t:|1659917767\n|switch|p2a: Clefable|Clefable, F|58\/100\n|turn|65\n|inactive|Ill Leave has 30 seconds left.\n|inactive|Ill Leave has 20 seconds left.\n|inactive|Ill Leave has 15 seconds left.\n|inactive|Ill Leave has 10 seconds left.\n|\n|t:|1659917799\n|switch|p1a: Heatran|Heatran, F|30\/100 par\n|move|p2a: Clefable|Protect||[still]\n|-fail|p2a: Clefable\n|\n|-heal|p2a: Clefable|64\/100|[from] item: Leftovers\n|-heal|p1a: Heatran|36\/100 par|[from] item: Leftovers\n|upkeep\n|turn|66\n|inactive|Ill Leave has 20 seconds left this turn.\n|inactive|Ill Leave has 15 seconds left.\n|inactive|Ill Leave has 10 seconds left.\n|inactive|Ill Leave has 5 seconds left.\n|-message|Ill Leave lost due to inactivity.\n|\n|win|NairFlipKick\n|raw|NairFlipKick's rating: 1421 &rarr; <strong>1445<\/strong><br \/>(+24 for winning)\n|raw|Ill Leave's rating: 1499 &rarr; <strong>1475<\/strong><br \/>(-24 for losing)\n","uploadtime":1659917822,"views":9,"p1id":"nairflipkick","p2id":"illleave","formatid":"gen8bdspou","rating":1445,"private":0,"password":null}