{"id":"gen8ou-1323389263","p1":"Diameter\u272fXtreme","p2":"s0nar","format":"gen8ou","log":"|html|<div class=\"broadcast-blue\"><strong>[Gen 8] OU is currently suspecting Zamazenta-Crowned! For information on how to participate check out the <a href=\"https:\/\/www.smogon.com\/forums\/threads\/np-ss-ou-suspect-process-round-10-royals.3681787\/\">suspect thread<\/a>.<\/strong><\/div>\n|j|\u2606Diameter\u272fXtreme\n|j|\u2606s0nar\n|t:|1618669686\n|gametype|singles\n|player|p1|Diameter\u272fXtreme|jasmine-gen2|1555\n|player|p2|s0nar|misty-gen2|1621\n|teamsize|p1|6\n|teamsize|p2|6\n|gen|8\n|tier|[Gen 8] OU\n|rated|\n|clearpoke\n|poke|p1|Shedinja|\n|poke|p1|Magnezone|\n|poke|p1|Tapu Lele|\n|poke|p1|Kartana|\n|poke|p1|Roserade, M|\n|poke|p1|Tornadus-Therian, M|\n|poke|p2|Poliwrath, F|\n|poke|p2|Zamazenta-Crowned|\n|poke|p2|Tapu Koko|\n|poke|p2|Landorus-Therian, M|\n|poke|p2|Corviknight, F|\n|poke|p2|Tapu Fini|\n|rule|Sleep Clause Mod: Limit one foe put to sleep\n|rule|Species Clause: Limit one of each Pok\u00e9mon\n|rule|OHKO Clause: OHKO moves are banned\n|rule|Evasion Moves Clause: Evasion moves are banned\n|rule|Endless Battle Clause: Forcing endless battles is banned\n|rule|HP Percentage Mod: HP is shown in percentages\n|rule|Dynamax Clause: You cannot dynamax\n|teampreview\n|\n|t:|1618669701\n|start\n|switch|p1a: Tapu Lele|Tapu Lele|100\/100\n|switch|p2a: Tapu Koko|Tapu Koko|100\/100\n|-fieldstart|move: Electric Terrain|[from] ability: Electric Surge|[of] p2a: Tapu Koko\n|-fieldstart|move: Psychic Terrain|[from] ability: Psychic Surge|[of] p1a: Tapu Lele\n|turn|1\n|\n|t:|1618669709\n|switch|p2a: Corviknight|Corviknight, F|100\/100\n|-ability|p2a: Corviknight|Pressure\n|move|p1a: Tapu Lele|Psychic|p2a: Corviknight\n|-resisted|p2a: Corviknight\n|-damage|p2a: Corviknight|71\/100\n|\n|-heal|p2a: Corviknight|78\/100|[from] item: Leftovers\n|upkeep\n|turn|2\n|\n|t:|1618669717\n|switch|p1a: Magnezone|Magnezone|100\/100\n|move|p2a: Corviknight|U-turn|p1a: Magnezone\n|-resisted|p1a: Magnezone\n|-damage|p1a: Magnezone|95\/100\n|\n|t:|1618669729\n|switch|p2a: Landorus|Landorus-Therian, M|100\/100|[from]move: U-turn\n|-ability|p2a: Landorus|Intimidate|boost\n|-unboost|p1a: Magnezone|atk|1\n|\n|-heal|p1a: Magnezone|100\/100|[from] item: Leftovers\n|upkeep\n|turn|3\n|\n|t:|1618669740\n|switch|p1a: Tornadus|Tornadus-Therian, M|100\/100\n|move|p2a: Landorus|Stealth Rock|p1a: Tornadus\n|-sidestart|p1: Diameter\u272fXtreme|move: Stealth Rock\n|\n|upkeep\n|turn|4\n|\n|t:|1618669745\n|move|p1a: Tornadus|Defog|p2a: Landorus\n|-unboost|p2a: Landorus|evasion|1\n|-sideend|p1: Diameter\u272fXtreme|Stealth Rock|[from] move: Defog|[of] p1a: Tornadus\n|-fieldend|move: Psychic Terrain\n|move|p2a: Landorus|Toxic|p1a: Tornadus\n|-status|p1a: Tornadus|tox\n|\n|-damage|p1a: Tornadus|94\/100 tox|[from] psn\n|upkeep\n|turn|5\n|j| Dark Akira\n|j| Xephix\n|\n|t:|1618669754\n|switch|p2a: Tapu Koko|Tapu Koko|100\/100\n|-fieldstart|move: Electric Terrain|[from] ability: Electric Surge|[of] p2a: Tapu Koko\n|move|p1a: Tornadus|U-turn|p2a: Tapu Koko\n|-resisted|p2a: Tapu Koko\n|-damage|p2a: Tapu Koko|89\/100\n|\n|t:|1618669757\n|switch|p1a: Tapu Lele|Tapu Lele|100\/100|[from]move: U-turn\n|-fieldstart|move: Psychic Terrain|[from] ability: Psychic Surge|[of] p1a: Tapu Lele\n|\n|upkeep\n|turn|6\n|\n|t:|1618669765\n|switch|p2a: Corviknight|Corviknight, F|78\/100\n|-ability|p2a: Corviknight|Pressure\n|move|p1a: Tapu Lele|Psyshock|p2a: Corviknight\n|-resisted|p2a: Corviknight\n|-damage|p2a: Corviknight|47\/100\n|\n|-heal|p2a: Corviknight|54\/100|[from] item: Leftovers\n|upkeep\n|turn|7\n|\n|t:|1618669771\n|switch|p1a: Magnezone|Magnezone|100\/100\n|move|p2a: Corviknight|U-turn|p1a: Magnezone\n|-resisted|p1a: Magnezone\n|-damage|p1a: Magnezone|95\/100\n|\n|t:|1618669780\n|switch|p2a: Landorus|Landorus-Therian, M|100\/100|[from]move: U-turn\n|-ability|p2a: Landorus|Intimidate|boost\n|-unboost|p1a: Magnezone|atk|1\n|\n|-heal|p1a: Magnezone|100\/100|[from] item: Leftovers\n|upkeep\n|turn|8\n|\n|t:|1618669784\n|switch|p1a: Tornadus|Tornadus-Therian, M|100\/100 tox\n|move|p2a: Landorus|U-turn|p1a: Tornadus\n|-resisted|p1a: Tornadus\n|-damage|p1a: Tornadus|89\/100 tox\n|\n|t:|1618669789\n|switch|p2a: Tapu Koko|Tapu Koko|89\/100|[from]move: U-turn\n|-fieldstart|move: Electric Terrain|[from] ability: Electric Surge|[of] p2a: Tapu Koko\n|\n|-damage|p1a: Tornadus|83\/100 tox|[from] psn\n|upkeep\n|turn|9\n|\n|t:|1618669796\n|switch|p2a: Tapu Fini|Tapu Fini|100\/100\n|-fieldstart|move: Misty Terrain|[from] ability: Misty Surge|[of] p2a: Tapu Fini\n|switch|p1a: Shedinja|Shedinja|100\/100\n|\n|upkeep\n|turn|10\n|j| Rocket GodStaller\n|\n|t:|1618669813\n|switch|p1a: Roserade|Roserade, M|100\/100\n|move|p2a: Tapu Fini|Trick|p1a: Roserade\n|-activate|p2a: Tapu Fini|move: Trick|[of] p1a: Roserade\n|-item|p1a: Roserade|Choice Scarf|[from] move: Trick\n|-item|p2a: Tapu Fini|Life Orb|[from] move: Trick\n|\n|upkeep\n|turn|11\n|\n|t:|1618669821\n|switch|p2a: Zamazenta|Zamazenta-Crowned|100\/100\n|-ability|p2a: Zamazenta|Dauntless Shield|boost\n|-boost|p2a: Zamazenta|def|1\n|move|p1a: Roserade|Spikes|p2a: Zamazenta\n|-sidestart|p2: s0nar|Spikes\n|\n|upkeep\n|turn|12\n|\n|t:|1618669832\n|switch|p1a: Shedinja|Shedinja|100\/100\n|switch|p2a: Landorus|Landorus-Therian, M|100\/100\n|-ability|p2a: Landorus|Intimidate|boost\n|-unboost|p1a: Shedinja|atk|1\n|\n|upkeep\n|turn|13\n|\n|t:|1618669848\n|switch|p2a: Tapu Fini|Tapu Fini|100\/100\n|-damage|p2a: Tapu Fini|88\/100|[from] Spikes\n|switch|p1a: Tornadus|Tornadus-Therian, M|100\/100 tox\n|\n|-damage|p1a: Tornadus|94\/100 tox|[from] psn\n|-fieldend|Misty Terrain\n|upkeep\n|turn|14\n|j| cheetostax\n|\n|t:|1618669864\n|move|p1a: Tornadus|Knock Off|p2a: Tapu Fini\n|-resisted|p2a: Tapu Fini\n|-crit|p2a: Tapu Fini\n|-damage|p2a: Tapu Fini|71\/100\n|-enditem|p2a: Tapu Fini|Life Orb|[from] move: Knock Off|[of] p1a: Tornadus\n|move|p2a: Tapu Fini|Ice Beam|p1a: Tornadus\n|-supereffective|p1a: Tornadus\n|-damage|p1a: Tornadus|42\/100 tox\n|\n|-damage|p1a: Tornadus|30\/100 tox|[from] psn\n|upkeep\n|turn|15\n|\n|t:|1618669869\n|switch|p2a: Landorus|Landorus-Therian, M|100\/100\n|-ability|p2a: Landorus|Intimidate|boost\n|-unboost|p1a: Tornadus|atk|1\n|move|p1a: Tornadus|U-turn|p2a: Landorus\n|-resisted|p2a: Landorus\n|-damage|p2a: Landorus|96\/100\n|-damage|p1a: Tornadus|14\/100 tox|[from] item: Rocky Helmet|[of] p2a: Landorus\n|\n|t:|1618669874\n|switch|p1a: Tapu Lele|Tapu Lele|100\/100|[from]move: U-turn\n|-fieldstart|move: Psychic Terrain|[from] ability: Psychic Surge|[of] p1a: Tapu Lele\n|\n|upkeep\n|turn|16\n|\n|t:|1618669878\n|move|p1a: Tapu Lele|Psychic|p2a: Landorus\n|-damage|p2a: Landorus|0 fnt\n|faint|p2a: Landorus\n|\n|upkeep\n|j| 2 xs 2 Many\n|\n|t:|1618669889\n|switch|p2a: Corviknight|Corviknight, F|54\/100\n|-ability|p2a: Corviknight|Pressure\n|turn|17\n|\n|t:|1618669901\n|switch|p1a: Magnezone|Magnezone|100\/100\n|move|p2a: Corviknight|U-turn|p1a: Magnezone\n|-resisted|p1a: Magnezone\n|-damage|p1a: Magnezone|94\/100\n|l| Rocket GodStaller\n|\n|t:|1618669914\n|switch|p2a: Tapu Koko|Tapu Koko|89\/100|[from]move: U-turn\n|-fieldstart|move: Electric Terrain|[from] ability: Electric Surge|[of] p2a: Tapu Koko\n|\n|-heal|p1a: Magnezone|100\/100|[from] item: Leftovers\n|upkeep\n|turn|18\n|j| nmplmao\n|\n|t:|1618669953\n|switch|p1a: Shedinja|Shedinja|100\/100\n|move|p2a: Tapu Koko|Volt Switch|p1a: Shedinja\n|-immune|p1a: Shedinja|[from] ability: Wonder Guard\n|\n|upkeep\n|turn|19\n|\n|t:|1618669956\n|move|p2a: Tapu Koko|Toxic|p1a: Shedinja\n|-status|p1a: Shedinja|tox\n|move|p1a: Shedinja|Toxic|p2a: Tapu Koko\n|-status|p2a: Tapu Koko|tox\n|\n|-damage|p2a: Tapu Koko|83\/100 tox|[from] psn\n|-damage|p1a: Shedinja|0 fnt|[from] psn\n|faint|p1a: Shedinja\n|upkeep\n|\n|t:|1618669964\n|switch|p1a: Kartana|Kartana|100\/100\n|turn|20\n|\n|t:|1618669967\n|move|p2a: Tapu Koko|Volt Switch|p1a: Kartana\n|-resisted|p1a: Kartana\n|-damage|p1a: Kartana|39\/100\n|\n|t:|1618669971\n|switch|p2a: Zamazenta|Zamazenta-Crowned|100\/100|[from]move: Volt Switch\n|-damage|p2a: Zamazenta|88\/100|[from] Spikes\n|-ability|p2a: Zamazenta|Dauntless Shield|boost\n|-boost|p2a: Zamazenta|def|1\n|move|p1a: Kartana|Knock Off|p2a: Zamazenta\n|-resisted|p2a: Zamazenta\n|-damage|p2a: Zamazenta|76\/100\n|\n|upkeep\n|turn|21\n|j| imlek\n|\n|t:|1618669986\n|switch|p1a: Roserade|Roserade, M|100\/100\n|move|p2a: Zamazenta|Behemoth Bash|p1a: Roserade\n|-damage|p1a: Roserade|0 fnt\n|faint|p1a: Roserade\n|\n|-fieldend|move: Electric Terrain\n|upkeep\n|\n|t:|1618669989\n|switch|p1a: Tapu Lele|Tapu Lele|100\/100\n|-fieldstart|move: Psychic Terrain|[from] ability: Psychic Surge|[of] p1a: Tapu Lele\n|turn|22\n|\n|t:|1618669992\n|move|p2a: Zamazenta|Behemoth Bash|p1a: Tapu Lele\n|-supereffective|p1a: Tapu Lele\n|-damage|p1a: Tapu Lele|0 fnt\n|faint|p1a: Tapu Lele\n|\n|upkeep\n|-message|Diameter\u272fXtreme forfeited.\n|\n|win|s0nar\n|raw|Diameter\u272fXtreme's rating: 1555 &rarr; <strong>1539<\/strong><br \/>(-16 for losing)\n|raw|s0nar's rating: 1621 &rarr; <strong>1637<\/strong><br \/>(+16 for winning)\n|l|\u2606Diameter\u272fXtreme\n","uploadtime":1618670004,"views":26,"p1id":"diameterxtreme","p2id":"s0nar","formatid":"gen8ou","rating":1539,"private":0,"password":null}