{"id":"gen8bdspou-1485714282","p1":"Shim-0N","p2":"Colonel Rivai","format":"gen8bdspou","log":"|j|\u2606Shim-0N\n|j|\u2606Colonel Rivai\n|t:|1641376911\n|gametype|singles\n|player|p1|Shim-0N|preschooler|1385\n|player|p2|Colonel Rivai|2|1604\n|teamsize|p1|6\n|teamsize|p2|6\n|gen|8\n|tier|[Gen 8 BDSP] OU\n|rated|\n|rule|Sleep Clause Mod: Limit one foe put to sleep\n|rule|Species Clause: Limit one of each Pok\u00e9mon\n|rule|OHKO Clause: OHKO moves are banned\n|rule|Evasion Moves Clause: Evasion moves are banned\n|rule|Endless Battle Clause: Forcing endless battles is banned\n|rule|HP Percentage Mod: HP is shown in percentages\n|clearpoke\n|poke|p1|Skarmory, M|\n|poke|p1|Lucario, F|\n|poke|p1|Weavile, F|\n|poke|p1|Nidoking, M|\n|poke|p1|Latios, M|\n|poke|p1|Starmie|\n|poke|p2|Nidoking, M|\n|poke|p2|Crawdaunt, F|\n|poke|p2|Scizor, F|\n|poke|p2|Rotom-Wash|\n|poke|p2|Latios, M|\n|poke|p2|Gliscor, F|\n|teampreview\n|inactive|Battle timer is ON: inactive players will automatically lose when time's up. (requested by Shim-0N)\n|\n|t:|1641376920\n|start\n|switch|p1a: Skarmory|Skarmory, M|100\/100\n|switch|p2a: Rotom|Rotom-Wash|100\/100\n|turn|1\n|\n|t:|1641376928\n|move|p2a: Rotom|Trick|p1a: Skarmory\n|-activate|p2a: Rotom|move: Trick|[of] p1a: Skarmory\n|-item|p1a: Skarmory|Choice Scarf|[from] move: Trick\n|-item|p2a: Rotom|Custap Berry|[from] move: Trick\n|move|p1a: Skarmory|Stealth Rock|p2a: Rotom\n|-sidestart|p2: Colonel Rivai|move: Stealth Rock\n|\n|upkeep\n|turn|2\n|\n|t:|1641376935\n|switch|p1a: Latios|Latios, M|100\/100\n|move|p2a: Rotom|Will-O-Wisp|p1a: Latios\n|-status|p1a: Latios|brn\n|\n|-damage|p1a: Latios|95\/100 brn|[from] brn\n|upkeep\n|turn|3\n|\n|t:|1641376950\n|switch|p2a: Scizor|Scizor, F|100\/100\n|-damage|p2a: Scizor|88\/100|[from] Stealth Rock\n|move|p1a: Latios|Draco Meteor|p2a: Scizor\n|-resisted|p2a: Scizor\n|-damage|p2a: Scizor|46\/100\n|-unboost|p1a: Latios|spa|2\n|\n|-heal|p2a: Scizor|52\/100|[from] item: Leftovers\n|-damage|p1a: Latios|89\/100 brn|[from] brn\n|upkeep\n|turn|4\n|\n|t:|1641376962\n|switch|p1a: Skarmory|Skarmory, M|100\/100\n|move|p2a: Scizor|Roost|p2a: Scizor\n|-heal|p2a: Scizor|100\/100\n|-singleturn|p2a: Scizor|move: Roost\n|\n|upkeep\n|turn|5\n|\n|t:|1641376970\n|move|p1a: Skarmory|Spikes|p2a: Scizor\n|-sidestart|p2: Colonel Rivai|Spikes\n|move|p2a: Scizor|U-turn|p1a: Skarmory\n|-resisted|p1a: Skarmory\n|-damage|p1a: Skarmory|93\/100\n|\n|t:|1641376974\n|switch|p2a: Rotom|Rotom-Wash|100\/100|[from]move: U-turn\n|-damage|p2a: Rotom|88\/100|[from] Stealth Rock\n|\n|upkeep\n|turn|6\n|j| PS0LD\n|\n|t:|1641376980\n|move|p1a: Skarmory|Spikes|p2a: Rotom\n|-sidestart|p2: Colonel Rivai|Spikes\n|move|p2a: Rotom|Volt Switch|p1a: Skarmory\n|-supereffective|p1a: Skarmory\n|-damage|p1a: Skarmory|0 fnt\n|faint|p1a: Skarmory\n|\n|t:|1641376983\n|switch|p2a: Gliscor|Gliscor, F|100\/100|[from]move: Volt Switch\n|-damage|p2a: Gliscor|88\/100|[from] Stealth Rock\n|\n|-status|p2a: Gliscor|tox|[from] item: Toxic Orb\n|upkeep\n|\n|t:|1641376998\n|switch|p1a: Starmie|Starmie|100\/100\n|turn|7\n|l| PS0LD\n|\n|t:|1641377010\n|switch|p2a: Rotom|Rotom-Wash|88\/100\n|-damage|p2a: Rotom|76\/100|[from] Stealth Rock\n|move|p1a: Starmie|Hydro Pump|p2a: Rotom\n|-resisted|p2a: Rotom\n|-damage|p2a: Rotom|22\/100\n|-damage|p1a: Starmie|91\/100|[from] item: Life Orb\n|\n|upkeep\n|turn|8\n|-enditem|p2a: Rotom|Custap Berry|[eat]\n|-activate|p2a: Rotom|item: Custap Berry|[consumed]\n|\n|t:|1641377020\n|switch|p1a: Latios|Latios, M|89\/100 brn\n|move|p2a: Rotom|Volt Switch|p1a: Latios\n|-resisted|p1a: Latios\n|-damage|p1a: Latios|73\/100 brn\n|\n|t:|1641377029\n|switch|p2a: Scizor|Scizor, F|100\/100|[from]move: Volt Switch\n|-damage|p2a: Scizor|84\/100|[from] Spikes\n|-damage|p2a: Scizor|71\/100|[from] Stealth Rock\n|\n|-heal|p2a: Scizor|78\/100|[from] item: Leftovers\n|-damage|p1a: Latios|67\/100 brn|[from] brn\n|upkeep\n|turn|9\n|\n|t:|1641377043\n|move|p1a: Latios|Thunderbolt|p2a: Scizor\n|-damage|p2a: Scizor|35\/100\n|move|p2a: Scizor|Roost|p2a: Scizor\n|-heal|p2a: Scizor|85\/100\n|-singleturn|p2a: Scizor|move: Roost\n|\n|-heal|p2a: Scizor|91\/100|[from] item: Leftovers\n|-damage|p1a: Latios|61\/100 brn|[from] brn\n|upkeep\n|turn|10\n|\n|t:|1641377052\n|switch|p1a: Nidoking|Nidoking, M|100\/100\n|move|p2a: Scizor|Swords Dance|p2a: Scizor\n|-boost|p2a: Scizor|atk|2\n|\n|-heal|p2a: Scizor|98\/100|[from] item: Leftovers\n|upkeep\n|turn|11\n|\n|t:|1641377061\n|move|p2a: Scizor|Bullet Punch|p1a: Nidoking\n|-damage|p1a: Nidoking|28\/100\n|move|p1a: Nidoking|Flamethrower|p2a: Scizor\n|-supereffective|p2a: Scizor\n|-damage|p2a: Scizor|0 fnt\n|faint|p2a: Scizor\n|\n|upkeep\n|\n|t:|1641377069\n|switch|p2a: Crawdaunt|Crawdaunt, F|100\/100\n|-damage|p2a: Crawdaunt|88\/100|[from] Stealth Rock\n|-damage|p2a: Crawdaunt|72\/100|[from] Spikes\n|turn|12\n|\n|t:|1641377081\n|switch|p1a: Lucario|Lucario, F|100\/100\n|move|p2a: Crawdaunt|Aqua Jet|p1a: Lucario\n|-damage|p1a: Lucario|31\/100\n|\n|upkeep\n|turn|13\n|\n|t:|1641377088\n|move|p1a: Lucario|Extreme Speed|p2a: Crawdaunt\n|-damage|p2a: Crawdaunt|17\/100\n|-damage|p1a: Lucario|21\/100|[from] item: Life Orb\n|move|p2a: Crawdaunt|Aqua Jet|p1a: Lucario\n|-damage|p1a: Lucario|0 fnt\n|faint|p1a: Lucario\n|\n|upkeep\n|\n|t:|1641377105\n|switch|p1a: Weavile|Weavile, F|100\/100\n|-ability|p1a: Weavile|Pressure\n|turn|14\n|\n|t:|1641377111\n|move|p1a: Weavile|Ice Shard|p2a: Crawdaunt\n|-resisted|p2a: Crawdaunt\n|-damage|p2a: Crawdaunt|0 fnt\n|faint|p2a: Crawdaunt\n|\n|upkeep\n|\n|t:|1641377117\n|switch|p2a: Nidoking|Nidoking, M|100\/100\n|-damage|p2a: Nidoking|84\/100|[from] Spikes\n|-damage|p2a: Nidoking|78\/100|[from] Stealth Rock\n|turn|15\n|\n|t:|1641377124\n|move|p1a: Weavile|Ice Shard|p2a: Nidoking\n|-supereffective|p2a: Nidoking\n|-damage|p2a: Nidoking|0 fnt\n|faint|p2a: Nidoking\n|\n|upkeep\n|l|\u2606Colonel Rivai\n|inactive|Colonel Rivai disconnected and has a minute to reconnect!\n|player|p2|\n|inactive|Colonel Rivai has 30 seconds to reconnect!\n|inactive|Colonel Rivai has 20 seconds to reconnect!\n|inactive|Colonel Rivai has 15 seconds to reconnect!\n|inactive|Colonel Rivai has 10 seconds to reconnect!\n|inactive|Colonel Rivai has 5 seconds to reconnect!\n|-message|Colonel Rivai lost due to inactivity.\n|\n|win|Shim-0N\n|raw|Shim-0N's rating: 1385 &rarr; <strong>1416<\/strong><br \/>(+31 for winning)\n|raw|Colonel Rivai's rating: 1604 &rarr; <strong>1573<\/strong><br \/>(-31 for losing)\n","uploadtime":1641377202,"views":19,"p1id":"shim0n","p2id":"colonelrivai","formatid":"gen8bdspou","rating":1416,"private":0,"password":null}