{"id":"gen8ou-1699800404","p1":"minimax_ai","p2":"testingdriverio","format":"gen8ou","log":"|j|\u203dminimax_ai\n|j|\u2606testingdriverio\n|t:|1667270076\n|gametype|singles\n|player|p1|minimax_ai|266|1415\n|player|p2|testingdriverio|1|1462\n|teamsize|p1|6\n|teamsize|p2|6\n|gen|8\n|tier|[Gen 8] OU\n|rated|\n|rule|Sleep Clause Mod: Limit one foe put to sleep\n|rule|Species Clause: Limit one of each Pok\u00e9mon\n|rule|OHKO Clause: OHKO moves are banned\n|rule|Evasion Items Clause: Evasion items are banned\n|rule|Evasion Moves Clause: Evasion moves are banned\n|rule|Endless Battle Clause: Forcing endless battles is banned\n|rule|HP Percentage Mod: HP is shown in percentages\n|rule|Dynamax Clause: You cannot dynamax\n|clearpoke\n|poke|p1|Rotom-Wash|\n|poke|p1|Weavile, F|\n|poke|p1|Landorus-Therian, M|\n|poke|p1|Heatran, M|\n|poke|p1|Tangrowth, F|\n|poke|p1|Melmetal|\n|poke|p2|Tornadus-Therian, M|\n|poke|p2|Slowking-Galar, F|\n|poke|p2|Skarmory, F|\n|poke|p2|Hippowdon, M|\n|poke|p2|Weavile, M|\n|poke|p2|Volcanion|\n|teampreview\n|inactive|Battle timer is ON: inactive players will automatically lose when time's up. (requested by minimax_ai)\n|\n|t:|1667270089\n|start\n|switch|p1a: Rotom|Rotom-Wash|100\/100\n|switch|p2a: Slowking|Slowking-Galar, F|100\/100\n|turn|1\n|\n|t:|1667270092\n|move|p1a: Rotom|Nasty Plot|p1a: Rotom\n|-boost|p1a: Rotom|spa|2\n|move|p2a: Slowking|Sludge Bomb|p1a: Rotom\n|-damage|p1a: Rotom|62\/100\n|-status|p1a: Rotom|psn\n|\n|-heal|p1a: Rotom|68\/100 psn|[from] item: Leftovers\n|-damage|p1a: Rotom|55\/100 psn|[from] psn\n|upkeep\n|turn|2\n|\n|t:|1667270094\n|move|p1a: Rotom|Pain Split|p2a: Slowking\n|-sethp|p2a: Slowking|72\/100|[from] move: Pain Split|[silent]\n|-sethp|p1a: Rotom|93\/100 psn|[from] move: Pain Split\n|move|p2a: Slowking|Future Sight|p1a: Rotom\n|-start|p2a: Slowking|move: Future Sight\n|\n|-heal|p1a: Rotom|99\/100 psn|[from] item: Leftovers\n|-damage|p1a: Rotom|86\/100 psn|[from] psn\n|upkeep\n|turn|3\n|\n|t:|1667270098\n|move|p1a: Rotom|Pain Split|p2a: Slowking\n|-sethp|p2a: Slowking|69\/100|[from] move: Pain Split|[silent]\n|-sethp|p1a: Rotom|89\/100 psn|[from] move: Pain Split\n|move|p2a: Slowking|Sludge Bomb|p1a: Rotom\n|-damage|p1a: Rotom|50\/100 psn\n|\n|-heal|p1a: Rotom|56\/100 psn|[from] item: Leftovers\n|-damage|p1a: Rotom|43\/100 psn|[from] psn\n|upkeep\n|turn|4\n|\n|t:|1667270104\n|move|p1a: Rotom|Pain Split|p2a: Slowking\n|-sethp|p2a: Slowking|51\/100|[from] move: Pain Split|[silent]\n|-sethp|p1a: Rotom|66\/100 psn|[from] move: Pain Split\n|move|p2a: Slowking|Sludge Bomb|p1a: Rotom\n|-damage|p1a: Rotom|30\/100 psn\n|\n|-end|p1a: Rotom|move: Future Sight\n|-damage|p1a: Rotom|0 fnt\n|faint|p1a: Rotom\n|upkeep\n|\n|t:|1667270104\n|switch|p1a: Heatran|Heatran, M|100\/100\n|-item|p1a: Heatran|Air Balloon\n|turn|5\n|\n|t:|1667270120\n|switch|p2a: Tornadus|Tornadus-Therian, M|100\/100\n|move|p1a: Heatran|Magma Storm|p2a: Tornadus\n|-damage|p2a: Tornadus|40\/100\n|-activate|p2a: Tornadus|move: Magma Storm|[of] p1a: Heatran\n|\n|-damage|p2a: Tornadus|28\/100|[from] move: Magma Storm|[partiallytrapped]\n|upkeep\n|turn|6\n|\n|t:|1667270123\n|move|p2a: Tornadus|Focus Blast|p1a: Heatran\n|-supereffective|p1a: Heatran\n|-damage|p1a: Heatran|29\/100\n|-enditem|p1a: Heatran|Air Balloon\n|move|p1a: Heatran|Magma Storm|p2a: Tornadus\n|-damage|p2a: Tornadus|0 fnt\n|faint|p2a: Tornadus\n|\n|upkeep\n|\n|t:|1667270138\n|switch|p2a: Hippowdon|Hippowdon, M|100\/100\n|-weather|Sandstorm|[from] ability: Sand Stream|[of] p2a: Hippowdon\n|turn|7\n|\n|t:|1667270140\n|move|p1a: Heatran|Stealth Rock|p2a: Hippowdon\n|-sidestart|p2: testingdriverio|move: Stealth Rock\n|move|p2a: Hippowdon|Earthquake|p1a: Heatran\n|-supereffective|p1a: Heatran\n|-damage|p1a: Heatran|0 fnt\n|faint|p1a: Heatran\n|\n|-weather|Sandstorm|[upkeep]\n|upkeep\n|\n|t:|1667270140\n|switch|p1a: Weavile|Weavile, F|100\/100\n|-ability|p1a: Weavile|Pressure\n|turn|8\n|\n|t:|1667270144\n|switch|p1a: Melmetal|Melmetal|100\/100\n|switch|p2a: Skarmory|Skarmory, F|100\/100\n|-damage|p2a: Skarmory|88\/100|[from] Stealth Rock\n|\n|-weather|Sandstorm|[upkeep]\n|upkeep\n|turn|9\n|\n|t:|1667270147\n|move|p2a: Skarmory|Spikes|p1a: Melmetal\n|-sidestart|p1: minimax_ai|Spikes\n|move|p1a: Melmetal|Thunder Punch|p2a: Skarmory\n|-supereffective|p2a: Skarmory\n|-damage|p2a: Skarmory|52\/100\n|-damage|p1a: Melmetal|84\/100|[from] item: Rocky Helmet|[of] p2a: Skarmory\n|\n|-weather|Sandstorm|[upkeep]\n|upkeep\n|turn|10\n|\n|t:|1667270155\n|move|p2a: Skarmory|Iron Defense|p2a: Skarmory\n|-boost|p2a: Skarmory|def|2\n|move|p1a: Melmetal|Thunder Punch|p2a: Skarmory\n|-supereffective|p2a: Skarmory\n|-damage|p2a: Skarmory|33\/100\n|-damage|p1a: Melmetal|67\/100|[from] item: Rocky Helmet|[of] p2a: Skarmory\n|\n|-weather|Sandstorm|[upkeep]\n|upkeep\n|turn|11\n|\n|t:|1667270160\n|switch|p1a: Landorus|Landorus-Therian, M|100\/100\n|-ability|p1a: Landorus|Intimidate|boost\n|-unboost|p2a: Skarmory|atk|1\n|move|p2a: Skarmory|Roost|p2a: Skarmory\n|-heal|p2a: Skarmory|83\/100\n|-singleturn|p2a: Skarmory|move: Roost\n|\n|-weather|none\n|upkeep\n|turn|12\n|\n|t:|1667270162\n|move|p1a: Landorus|Earthquake|p2a: Skarmory\n|-immune|p2a: Skarmory\n|move|p2a: Skarmory|Spikes|p1a: Landorus\n|-sidestart|p1: minimax_ai|Spikes\n|\n|upkeep\n|turn|13\n|\n|t:|1667270164\n|move|p1a: Landorus|Earthquake|p2a: Skarmory\n|-immune|p2a: Skarmory\n|move|p2a: Skarmory|Spikes|p1a: Landorus\n|-sidestart|p1: minimax_ai|Spikes\n|\n|upkeep\n|turn|14\n|\n|t:|1667270167\n|move|p1a: Landorus|Earthquake|p2a: Skarmory\n|-immune|p2a: Skarmory\n|move|p2a: Skarmory|Body Press|p1a: Landorus\n|-resisted|p1a: Landorus\n|-damage|p1a: Landorus|67\/100\n|\n|-heal|p1a: Landorus|73\/100|[from] item: Leftovers\n|upkeep\n|turn|15\n|\n|t:|1667270169\n|move|p1a: Landorus|Earthquake|p2a: Skarmory\n|-immune|p2a: Skarmory\n|move|p2a: Skarmory|Iron Defense|p2a: Skarmory\n|-boost|p2a: Skarmory|def|2\n|\n|-heal|p1a: Landorus|79\/100|[from] item: Leftovers\n|upkeep\n|turn|16\n|\n|t:|1667270171\n|move|p1a: Landorus|Defog|p2a: Skarmory\n|-unboost|p2a: Skarmory|evasion|1\n|-sideend|p2: testingdriverio|Stealth Rock|[from] move: Defog|[of] p1a: Landorus\n|-sideend|p1: minimax_ai|Spikes|[from] move: Defog|[of] p1a: Landorus\n|move|p2a: Skarmory|Iron Defense|p2a: Skarmory\n|-boost|p2a: Skarmory|def|2\n|\n|-heal|p1a: Landorus|85\/100|[from] item: Leftovers\n|upkeep\n|turn|17\n|\n|t:|1667270173\n|move|p1a: Landorus|U-turn|p2a: Skarmory\n|-resisted|p2a: Skarmory\n|-damage|p2a: Skarmory|82\/100\n|-damage|p1a: Landorus|68\/100|[from] item: Rocky Helmet|[of] p2a: Skarmory\n|\n|t:|1667270173\n|switch|p1a: Tangrowth|Tangrowth, F|100\/100|[from]move: U-turn\n|move|p2a: Skarmory|Body Press|p1a: Tangrowth\n|-damage|p1a: Tangrowth|29\/100\n|-damage|p2a: Skarmory|65\/100|[from] item: Rocky Helmet|[of] p1a: Tangrowth\n|\n|upkeep\n|turn|18\n|\n|t:|1667270183\n|move|p2a: Skarmory|Body Press|p1a: Tangrowth\n|-crit|p1a: Tangrowth\n|-damage|p1a: Tangrowth|0 fnt\n|-damage|p2a: Skarmory|49\/100|[from] item: Rocky Helmet|[of] p1a: Tangrowth\n|faint|p1a: Tangrowth\n|\n|upkeep\n|\n|t:|1667270183\n|switch|p1a: Landorus|Landorus-Therian, M|68\/100\n|-ability|p1a: Landorus|Intimidate|boost\n|-unboost|p2a: Skarmory|atk|1\n|turn|19\n|\n|t:|1667270190\n|switch|p1a: Melmetal|Melmetal|67\/100\n|move|p2a: Skarmory|Roost|p2a: Skarmory\n|-heal|p2a: Skarmory|99\/100\n|-singleturn|p2a: Skarmory|move: Roost\n|\n|upkeep\n|turn|20\n|\n|t:|1667270192\n|switch|p1a: Landorus|Landorus-Therian, M|68\/100\n|-ability|p1a: Landorus|Intimidate|boost\n|-unboost|p2a: Skarmory|atk|1\n|move|p2a: Skarmory|Body Press|p1a: Landorus\n|-resisted|p1a: Landorus\n|-damage|p1a: Landorus|1\/100\n|\n|-heal|p1a: Landorus|7\/100|[from] item: Leftovers\n|upkeep\n|turn|21\n|\n|t:|1667270194\n|move|p1a: Landorus|Defog|p2a: Skarmory\n|-unboost|p2a: Skarmory|evasion|1\n|move|p2a: Skarmory|Body Press|p1a: Landorus\n|-resisted|p1a: Landorus\n|-damage|p1a: Landorus|0 fnt\n|faint|p1a: Landorus\n|\n|upkeep\n|\n|t:|1667270194\n|switch|p1a: Melmetal|Melmetal|67\/100\n|turn|22\n|\n|t:|1667270196\n|move|p2a: Skarmory|Body Press|p1a: Melmetal\n|-supereffective|p1a: Melmetal\n|-damage|p1a: Melmetal|0 fnt\n|faint|p1a: Melmetal\n|\n|upkeep\n|\n|t:|1667270196\n|switch|p1a: Weavile|Weavile, F|100\/100\n|-ability|p1a: Weavile|Pressure\n|turn|23\n|\n|t:|1667270197\n|move|p1a: Weavile|Triple Axel|p2a: Skarmory\n|-damage|p2a: Skarmory|96\/100\n|-damage|p1a: Weavile|84\/100|[from] item: Rocky Helmet|[of] p2a: Skarmory\n|-damage|p2a: Skarmory|92\/100\n|-damage|p1a: Weavile|68\/100|[from] item: Rocky Helmet|[of] p2a: Skarmory\n|-damage|p2a: Skarmory|85\/100\n|-damage|p1a: Weavile|51\/100|[from] item: Rocky Helmet|[of] p2a: Skarmory\n|-hitcount|p2a: Skarmory|3\n|move|p2a: Skarmory|Body Press|p1a: Weavile\n|-supereffective|p1a: Weavile\n|-damage|p1a: Weavile|0 fnt\n|faint|p1a: Weavile\n|\n|win|testingdriverio\n|raw|minimax_ai's rating: 1415 &rarr; <strong>1398<\/strong><br \/>(-17 for losing)\n|raw|testingdriverio's rating: 1462 &rarr; <strong>1479<\/strong><br \/>(+17 for winning)\n","uploadtime":1667270199,"views":14,"p1id":"minimaxai","p2id":"testingdriverio","formatid":"gen8ou","rating":1398,"private":0,"password":null}