{"id":"gen8ou-1555559042","p1":"fishy8995","p2":"Tooky98","format":"gen8ou","log":"|j|\u2606fishy8995\n|j|\u2606Tooky98\n|t:|1650230107\n|gametype|singles\n|player|p1|fishy8995|2|1398\n|player|p2|Tooky98|101|1355\n|teamsize|p1|6\n|teamsize|p2|6\n|gen|8\n|tier|[Gen 8] OU\n|rated|\n|rule|Sleep Clause Mod: Limit one foe put to sleep\n|rule|Species Clause: Limit one of each Pok\u00e9mon\n|rule|OHKO Clause: OHKO moves are banned\n|rule|Evasion Moves Clause: Evasion moves are banned\n|rule|Endless Battle Clause: Forcing endless battles is banned\n|rule|HP Percentage Mod: HP is shown in percentages\n|rule|Dynamax Clause: You cannot dynamax\n|clearpoke\n|poke|p1|Hippowdon, F|\n|poke|p1|Tyranitar, M|\n|poke|p1|Excadrill, F|\n|poke|p1|Togekiss, F|\n|poke|p1|Toxapex, F|\n|poke|p1|Dracozolt|\n|poke|p2|Garchomp, F|\n|poke|p2|Scizor, F|\n|poke|p2|Slowking-Galar, M|\n|poke|p2|Moltres|\n|poke|p2|Hatterene, F|\n|poke|p2|Vaporeon, F|\n|teampreview\n|inactive|Battle timer is ON: inactive players will automatically lose when time's up. (requested by Tooky98)\n|\n|t:|1650230117\n|start\n|switch|p1a: Tyranitar|Tyranitar, M|100\/100\n|switch|p2a: Scizor|Scizor, F|100\/100\n|-weather|Sandstorm|[from] ability: Sand Stream|[of] p1a: Tyranitar\n|turn|1\n|\n|t:|1650230121\n|move|p2a: Scizor|U-turn|p1a: Tyranitar\n|-supereffective|p1a: Tyranitar\n|-damage|p1a: Tyranitar|4\/100\n|\n|t:|1650230125\n|switch|p2a: Hatterene|Hatterene, F|100\/100|[from]move: U-turn\n|move|p1a: Tyranitar|Fire Punch|p2a: Hatterene\n|-damage|p2a: Hatterene|69\/100\n|\n|-weather|Sandstorm|[upkeep]\n|-damage|p2a: Hatterene|63\/100|[from] Sandstorm\n|-heal|p2a: Hatterene|69\/100|[from] item: Leftovers\n|upkeep\n|turn|2\n|\n|t:|1650230132\n|move|p1a: Tyranitar|Stone Edge|p2a: Hatterene\n|-damage|p2a: Hatterene|0 fnt\n|faint|p2a: Hatterene\n|\n|-weather|Sandstorm|[upkeep]\n|upkeep\n|\n|t:|1650230139\n|switch|p2a: Scizor|Scizor, F|100\/100\n|turn|3\n|\n|t:|1650230143\n|switch|p1a: Togekiss|Togekiss, F|100\/100\n|move|p2a: Scizor|U-turn|p1a: Togekiss\n|-resisted|p1a: Togekiss\n|-damage|p1a: Togekiss|86\/100\n|\n|t:|1650230147\n|switch|p2a: Slowking|Slowking-Galar, M|100\/100|[from]move: U-turn\n|\n|-weather|Sandstorm|[upkeep]\n|-damage|p1a: Togekiss|80\/100|[from] Sandstorm\n|-damage|p2a: Slowking|94\/100|[from] Sandstorm\n|upkeep\n|turn|4\n|\n|t:|1650230154\n|switch|p1a: Excadrill|Excadrill, F|100\/100\n|move|p2a: Slowking|Scald|p1a: Excadrill\n|-supereffective|p1a: Excadrill\n|-damage|p1a: Excadrill|41\/100\n|\n|-weather|Sandstorm|[upkeep]\n|-damage|p2a: Slowking|88\/100|[from] Sandstorm\n|upkeep\n|turn|5\n|\n|t:|1650230158\n|switch|p2a: Moltres|Moltres|100\/100\n|move|p1a: Excadrill|Rock Slide|p2a: Moltres\n|-supereffective|p2a: Moltres\n|-damage|p2a: Moltres|13\/100\n|\n|-weather|none\n|upkeep\n|turn|6\n|\n|t:|1650230165\n|switch|p1a: Tyranitar|Tyranitar, M|4\/100\n|-weather|Sandstorm|[from] ability: Sand Stream|[of] p1a: Tyranitar\n|switch|p2a: Garchomp|Garchomp, F|100\/100\n|\n|-weather|Sandstorm|[upkeep]\n|upkeep\n|turn|7\n|\n|t:|1650230169\n|move|p2a: Garchomp|Earthquake|p1a: Tyranitar\n|-supereffective|p1a: Tyranitar\n|-damage|p1a: Tyranitar|0 fnt\n|faint|p1a: Tyranitar\n|\n|-weather|Sandstorm|[upkeep]\n|upkeep\n|\n|t:|1650230174\n|switch|p1a: Dracozolt|Dracozolt|100\/100\n|turn|8\n|\n|t:|1650230179\n|move|p1a: Dracozolt|Dragon Rush|p2a: Garchomp\n|-supereffective|p2a: Garchomp\n|-damage|p2a: Garchomp|3\/100\n|-damage|p1a: Dracozolt|88\/100|[from] ability: Rough Skin|[of] p2a: Garchomp\n|-damage|p1a: Dracozolt|78\/100|[from] item: Life Orb\n|move|p2a: Garchomp|Earthquake|p1a: Dracozolt\n|-supereffective|p1a: Dracozolt\n|-damage|p1a: Dracozolt|0 fnt\n|faint|p1a: Dracozolt\n|\n|-weather|Sandstorm|[upkeep]\n|-heal|p2a: Garchomp|10\/100|[from] item: Leftovers\n|upkeep\n|\n|t:|1650230183\n|switch|p1a: Excadrill|Excadrill, F|41\/100\n|turn|9\n|\n|t:|1650230189\n|move|p1a: Excadrill|Iron Head|p2a: Garchomp\n|-damage|p2a: Garchomp|0 fnt\n|-damage|p1a: Excadrill|28\/100|[from] ability: Rough Skin|[of] p2a: Garchomp\n|faint|p2a: Garchomp\n|\n|-weather|Sandstorm|[upkeep]\n|upkeep\n|\n|t:|1650230198\n|switch|p2a: Vaporeon|Vaporeon, F|100\/100\n|turn|10\n|\n|t:|1650230201\n|switch|p1a: Toxapex|Toxapex, F|100\/100\n|move|p2a: Vaporeon|Wish|p2a: Vaporeon\n|\n|-weather|none\n|upkeep\n|turn|11\n|\n|t:|1650230205\n|move|p2a: Vaporeon|Flip Turn|p1a: Toxapex\n|-resisted|p1a: Toxapex\n|-damage|p1a: Toxapex|95\/100\n|\n|t:|1650230208\n|switch|p2a: Slowking|Slowking-Galar, M|100\/100|[from]move: Flip Turn\n|move|p1a: Toxapex|Scald|p2a: Slowking\n|-damage|p2a: Slowking|94\/100\n|\n|-heal|p2a: Slowking|100\/100|[from] move: Wish|[wisher] Vaporeon\n|-heal|p1a: Toxapex|100\/100|[from] item: Black Sludge\n|upkeep\n|turn|12\n|\n|t:|1650230211\n|move|p1a: Toxapex|Stockpile|p1a: Toxapex\n|-start|p1a: Toxapex|stockpile1\n|-boost|p1a: Toxapex|def|1\n|-boost|p1a: Toxapex|spd|1\n|move|p2a: Slowking|Future Sight|p1a: Toxapex\n|-start|p2a: Slowking|move: Future Sight\n|\n|upkeep\n|turn|13\n|\n|t:|1650230218\n|move|p1a: Toxapex|Stockpile|p1a: Toxapex\n|-start|p1a: Toxapex|stockpile2\n|-boost|p1a: Toxapex|def|1\n|-boost|p1a: Toxapex|spd|1\n|move|p2a: Slowking|Scald|p1a: Toxapex\n|-resisted|p1a: Toxapex\n|-damage|p1a: Toxapex|97\/100\n|\n|-heal|p1a: Toxapex|100\/100|[from] item: Black Sludge\n|upkeep\n|turn|14\n|\n|t:|1650230227\n|move|p1a: Toxapex|Stockpile|p1a: Toxapex\n|-start|p1a: Toxapex|stockpile3\n|-boost|p1a: Toxapex|def|1\n|-boost|p1a: Toxapex|spd|1\n|move|p2a: Slowking|Scald|p1a: Toxapex\n|-resisted|p1a: Toxapex\n|-damage|p1a: Toxapex|98\/100\n|-status|p1a: Toxapex|brn\n|\n|-end|p1a: Toxapex|move: Future Sight\n|-supereffective|p1a: Toxapex\n|-crit|p1a: Toxapex\n|-damage|p1a: Toxapex|2\/100 brn\n|-heal|p1a: Toxapex|9\/100 brn|[from] item: Black Sludge\n|-damage|p1a: Toxapex|2\/100 brn|[from] brn\n|upkeep\n|turn|15\n|\n|t:|1650230234\n|move|p1a: Toxapex|Recover|p1a: Toxapex\n|-heal|p1a: Toxapex|52\/100 brn\n|move|p2a: Slowking|Future Sight|p1a: Toxapex\n|-start|p2a: Slowking|move: Future Sight\n|\n|-heal|p1a: Toxapex|59\/100 brn|[from] item: Black Sludge\n|-damage|p1a: Toxapex|52\/100 brn|[from] brn\n|upkeep\n|turn|16\n|\n|t:|1650230244\n|move|p1a: Toxapex|Recover|p1a: Toxapex\n|-heal|p1a: Toxapex|100\/100 brn\n|move|p2a: Slowking|Sludge Bomb|p1a: Toxapex\n|-resisted|p1a: Toxapex\n|-damage|p1a: Toxapex|96\/100 brn\n|\n|-heal|p1a: Toxapex|100\/100 brn|[from] item: Black Sludge\n|-damage|p1a: Toxapex|94\/100 brn|[from] brn\n|upkeep\n|turn|17\n|\n|t:|1650230258\n|move|p1a: Toxapex|Scald|p2a: Slowking\n|-damage|p2a: Slowking|93\/100\n|move|p2a: Slowking|Sludge Bomb|p1a: Toxapex\n|-resisted|p1a: Toxapex\n|-damage|p1a: Toxapex|90\/100 brn\n|\n|-end|p1a: Toxapex|move: Future Sight\n|-supereffective|p1a: Toxapex\n|-damage|p1a: Toxapex|62\/100 brn\n|-heal|p1a: Toxapex|69\/100 brn|[from] item: Black Sludge\n|-damage|p1a: Toxapex|62\/100 brn|[from] brn\n|upkeep\n|turn|18\n|\n|t:|1650230264\n|move|p1a: Toxapex|Scald|p2a: Slowking\n|-damage|p2a: Slowking|86\/100\n|move|p2a: Slowking|Future Sight|p1a: Toxapex\n|-start|p2a: Slowking|move: Future Sight\n|\n|-heal|p1a: Toxapex|69\/100 brn|[from] item: Black Sludge\n|-damage|p1a: Toxapex|62\/100 brn|[from] brn\n|upkeep\n|turn|19\n|\n|t:|1650230293\n|move|p1a: Toxapex|Scald|p2a: Slowking\n|-crit|p2a: Slowking\n|-damage|p2a: Slowking|74\/100\n|move|p2a: Slowking|Sludge Bomb|p1a: Toxapex\n|-resisted|p1a: Toxapex\n|-damage|p1a: Toxapex|57\/100 brn\n|\n|-heal|p1a: Toxapex|64\/100 brn|[from] item: Black Sludge\n|-damage|p1a: Toxapex|57\/100 brn|[from] brn\n|upkeep\n|turn|20\n|\n|t:|1650230318\n|move|p1a: Toxapex|Recover|p1a: Toxapex\n|-heal|p1a: Toxapex|100\/100 brn\n|move|p2a: Slowking|Sludge Bomb|p1a: Toxapex\n|-resisted|p1a: Toxapex\n|-damage|p1a: Toxapex|96\/100 brn\n|\n|-end|p1a: Toxapex|move: Future Sight\n|-supereffective|p1a: Toxapex\n|-damage|p1a: Toxapex|72\/100 brn\n|-heal|p1a: Toxapex|78\/100 brn|[from] item: Black Sludge\n|-damage|p1a: Toxapex|72\/100 brn|[from] brn\n|upkeep\n|turn|21\n|\n|t:|1650230320\n|move|p1a: Toxapex|Scald|p2a: Slowking\n|-damage|p2a: Slowking|67\/100\n|-status|p2a: Slowking|brn\n|move|p2a: Slowking|Future Sight|p1a: Toxapex\n|-start|p2a: Slowking|move: Future Sight\n|\n|-heal|p1a: Toxapex|78\/100 brn|[from] item: Black Sludge\n|-damage|p1a: Toxapex|72\/100 brn|[from] brn\n|-damage|p2a: Slowking|61\/100 brn|[from] brn\n|upkeep\n|turn|22\n|\n|t:|1650230323\n|switch|p2a: Scizor|Scizor, F|100\/100\n|move|p1a: Toxapex|Toxic|p2a: Scizor\n|-immune|p2a: Scizor\n|\n|-heal|p1a: Toxapex|78\/100 brn|[from] item: Black Sludge\n|-damage|p1a: Toxapex|72\/100 brn|[from] brn\n|upkeep\n|turn|23\n|\n|t:|1650230328\n|move|p2a: Scizor|Knock Off|p1a: Toxapex\n|-damage|p1a: Toxapex|55\/100 brn\n|-enditem|p1a: Toxapex|Black Sludge|[from] move: Knock Off|[of] p2a: Scizor\n|move|p1a: Toxapex|Scald|p2a: Scizor\n|-damage|p2a: Scizor|75\/100\n|\n|-end|p1a: Toxapex|move: Future Sight\n|-supereffective|p1a: Toxapex\n|-damage|p1a: Toxapex|26\/100 brn\n|-damage|p1a: Toxapex|20\/100 brn|[from] brn\n|upkeep\n|turn|24\n|\n|t:|1650230347\n|switch|p2a: Vaporeon|Vaporeon, F|100\/100\n|move|p1a: Toxapex|Recover|p1a: Toxapex\n|-heal|p1a: Toxapex|70\/100 brn\n|\n|-damage|p1a: Toxapex|64\/100 brn|[from] brn\n|upkeep\n|turn|25\n|\n|t:|1650230352\n|move|p2a: Vaporeon|Heal Bell|p2a: Vaporeon\n|-activate|p2a: Vaporeon|move: Heal Bell\n|-curestatus|p2: Slowking|brn|[msg]\n|move|p1a: Toxapex|Toxic|p2a: Vaporeon\n|-status|p2a: Vaporeon|tox\n|\n|-damage|p2a: Vaporeon|94\/100 tox|[from] psn\n|-damage|p1a: Toxapex|58\/100 brn|[from] brn\n|upkeep\n|turn|26\n|\n|t:|1650230357\n|move|p2a: Vaporeon|Heal Bell|p2a: Vaporeon\n|-activate|p2a: Vaporeon|move: Heal Bell\n|-curestatus|p2a: Vaporeon|tox|[msg]\n|move|p1a: Toxapex|Recover|p1a: Toxapex\n|-heal|p1a: Toxapex|100\/100 brn\n|\n|-heal|p2a: Vaporeon|100\/100|[from] item: Leftovers\n|-damage|p1a: Toxapex|94\/100 brn|[from] brn\n|upkeep\n|turn|27\n|\n|t:|1650230386\n|switch|p2a: Slowking|Slowking-Galar, M|94\/100\n|move|p1a: Toxapex|Toxic|p2a: Slowking\n|-immune|p2a: Slowking\n|\n|-damage|p1a: Toxapex|88\/100 brn|[from] brn\n|upkeep\n|turn|28\n|inactive|fishy8995 has 120 seconds left.\n|\n|t:|1650230405\n|switch|p1a: Togekiss|Togekiss, F|80\/100\n|move|p2a: Slowking|Future Sight|p1a: Togekiss\n|-start|p2a: Slowking|move: Future Sight\n|\n|upkeep\n|turn|29\n|\n|t:|1650230412\n|move|p1a: Togekiss|Air Slash|p2a: Slowking\n|-damage|p2a: Slowking|77\/100\n|move|p2a: Slowking|Sludge Bomb|p1a: Togekiss\n|-supereffective|p1a: Togekiss\n|-damage|p1a: Togekiss|18\/100\n|-status|p1a: Togekiss|psn\n|\n|-damage|p1a: Togekiss|6\/100 psn|[from] psn\n|upkeep\n|turn|30\n|\n|t:|1650230423\n|move|p1a: Togekiss|Air Slash|p2a: Slowking\n|-damage|p2a: Slowking|60\/100\n|cant|p2a: Slowking|flinch\n|\n|-end|p1a: Togekiss|move: Future Sight\n|-damage|p1a: Togekiss|0 fnt\n|faint|p1a: Togekiss\n|upkeep\n|\n|t:|1650230437\n|switch|p1a: Excadrill|Excadrill, F|28\/100\n|turn|31\n|\n|t:|1650230443\n|switch|p2a: Vaporeon|Vaporeon, F|100\/100\n|move|p1a: Excadrill|Rock Slide|p2a: Vaporeon\n|-damage|p2a: Vaporeon|74\/100\n|\n|-heal|p2a: Vaporeon|80\/100|[from] item: Leftovers\n|upkeep\n|turn|32\n|\n|t:|1650230448\n|switch|p1a: Hippowdon|Hippowdon, F|100\/100\n|-weather|Sandstorm|[from] ability: Sand Stream|[of] p1a: Hippowdon\n|move|p2a: Vaporeon|Flip Turn|p1a: Hippowdon\n|-supereffective|p1a: Hippowdon\n|-damage|p1a: Hippowdon|86\/100\n|\n|t:|1650230471\n|switch|p2a: Moltres|Moltres|13\/100|[from]move: Flip Turn\n|\n|-weather|Sandstorm|[upkeep]\n|-damage|p2a: Moltres|7\/100|[from] Sandstorm\n|upkeep\n|turn|33\n|\n|t:|1650230477\n|move|p2a: Moltres|Flamethrower|p1a: Hippowdon\n|-damage|p1a: Hippowdon|46\/100\n|move|p1a: Hippowdon|Toxic|p2a: Moltres\n|-status|p2a: Moltres|tox\n|\n|-weather|Sandstorm|[upkeep]\n|-damage|p2a: Moltres|1\/100 tox|[from] Sandstorm\n|-damage|p2a: Moltres|0 fnt|[from] psn\n|faint|p2a: Moltres\n|upkeep\n|\n|t:|1650230484\n|switch|p2a: Scizor|Scizor, F|75\/100\n|turn|34\n|\n|t:|1650230502\n|switch|p1a: Toxapex|Toxapex, F|100\/100 brn\n|move|p2a: Scizor|Knock Off|p1a: Toxapex\n|-damage|p1a: Toxapex|71\/100 brn\n|\n|-weather|Sandstorm|[upkeep]\n|-damage|p1a: Toxapex|64\/100 brn|[from] Sandstorm\n|-damage|p1a: Toxapex|58\/100 brn|[from] brn\n|upkeep\n|turn|35\n|\n|t:|1650230511\n|switch|p2a: Slowking|Slowking-Galar, M|94\/100\n|move|p1a: Toxapex|Scald|p2a: Slowking\n|-damage|p2a: Slowking|86\/100\n|\n|-weather|Sandstorm|[upkeep]\n|-damage|p1a: Toxapex|52\/100 brn|[from] Sandstorm\n|-damage|p2a: Slowking|80\/100|[from] Sandstorm\n|-damage|p1a: Toxapex|46\/100 brn|[from] brn\n|upkeep\n|turn|36\n|\n|t:|1650230516\n|switch|p1a: Excadrill|Excadrill, F|28\/100\n|move|p2a: Slowking|Future Sight|p1a: Excadrill\n|-start|p2a: Slowking|move: Future Sight\n|\n|-weather|Sandstorm|[upkeep]\n|-damage|p2a: Slowking|74\/100|[from] Sandstorm\n|upkeep\n|turn|37\n|\n|t:|1650230529\n|switch|p2a: Vaporeon|Vaporeon, F|80\/100\n|move|p1a: Excadrill|Earthquake|p2a: Vaporeon\n|-damage|p2a: Vaporeon|29\/100\n|\n|-weather|Sandstorm|[upkeep]\n|-damage|p2a: Vaporeon|23\/100|[from] Sandstorm\n|-heal|p2a: Vaporeon|29\/100|[from] item: Leftovers\n|upkeep\n|turn|38\n|\n|t:|1650230534\n|switch|p1a: Hippowdon|Hippowdon, F|46\/100\n|move|p2a: Vaporeon|Wish|p2a: Vaporeon\n|\n|-weather|Sandstorm|[upkeep]\n|-damage|p2a: Vaporeon|23\/100|[from] Sandstorm\n|-end|p1a: Hippowdon|move: Future Sight\n|-damage|p1a: Hippowdon|0 fnt\n|faint|p1a: Hippowdon\n|-heal|p2a: Vaporeon|29\/100|[from] item: Leftovers\n|upkeep\n|\n|t:|1650230536\n|switch|p1a: Excadrill|Excadrill, F|28\/100\n|turn|39\n|\n|t:|1650230546\n|move|p2a: Vaporeon|Protect|p2a: Vaporeon\n|-singleturn|p2a: Vaporeon|Protect\n|move|p1a: Excadrill|Swords Dance|p1a: Excadrill\n|-boost|p1a: Excadrill|atk|2\n|\n|-weather|none\n|-heal|p2a: Vaporeon|79\/100|[from] move: Wish|[wisher] Vaporeon\n|-heal|p2a: Vaporeon|85\/100|[from] item: Leftovers\n|upkeep\n|turn|40\n|\n|t:|1650230551\n|move|p1a: Excadrill|Earthquake|p2a: Vaporeon\n|-damage|p2a: Vaporeon|0 fnt\n|faint|p2a: Vaporeon\n|\n|upkeep\n|\n|t:|1650230553\n|switch|p2a: Scizor|Scizor, F|75\/100\n|turn|41\n|\n|t:|1650230557\n|switch|p1a: Toxapex|Toxapex, F|79\/100 brn\n|move|p2a: Scizor|Bullet Punch|p1a: Toxapex\n|-resisted|p1a: Toxapex\n|-crit|p1a: Toxapex\n|-damage|p1a: Toxapex|48\/100 brn\n|\n|-damage|p1a: Toxapex|42\/100 brn|[from] brn\n|upkeep\n|turn|42\n|\n|t:|1650230565\n|switch|p2a: Slowking|Slowking-Galar, M|100\/100\n|switch|p1a: Excadrill|Excadrill, F|28\/100\n|\n|upkeep\n|turn|43\n|\n|t:|1650230568\n|move|p1a: Excadrill|Earthquake|p2a: Slowking\n|-supereffective|p2a: Slowking\n|-damage|p2a: Slowking|0 fnt\n|faint|p2a: Slowking\n|\n|upkeep\n|\n|t:|1650230571\n|switch|p2a: Scizor|Scizor, F|75\/100\n|turn|44\n|\n|t:|1650230590\n|move|p1a: Excadrill|Earthquake|p2a: Scizor\n|-damage|p2a: Scizor|0 fnt\n|faint|p2a: Scizor\n|\n|win|fishy8995\n|raw|fishy8995's rating: 1398 &rarr; <strong>1416<\/strong><br \/>(+18 for winning)\n|raw|Tooky98's rating: 1355 &rarr; <strong>1337<\/strong><br \/>(-18 for losing)\n|l|\u2606Tooky98\n||Ladder isn't responding, score probably updated but might not have (Request timeout).\n","uploadtime":1650230670,"views":22,"p1id":"fishy8995","p2id":"tooky98","formatid":"gen8ou","rating":1337,"private":0,"password":null}