{"id":"gen8bdspou-1513438992","p1":"VirginJimmy99","p2":"BDSP123","format":"gen8bdspou","log":"|j|\u2606VirginJimmy99\n|j|\u2606BDSP123\n|t:|1645154318\n|gametype|singles\n|player|p1|VirginJimmy99|170|1498\n|player|p2|BDSP123|unknown|1466\n|teamsize|p1|6\n|teamsize|p2|6\n|gen|8\n|tier|[Gen 8 BDSP] OU\n|rated|\n|rule|Sleep Clause Mod: Limit one foe put to sleep\n|rule|Species Clause: Limit one of each Pok\u00e9mon\n|rule|OHKO Clause: OHKO moves are banned\n|rule|Evasion Moves Clause: Evasion moves are banned\n|rule|Endless Battle Clause: Forcing endless battles is banned\n|rule|HP Percentage Mod: HP is shown in percentages\n|clearpoke\n|poke|p1|Manectric, M|\n|poke|p1|Slowbro, M|\n|poke|p1|Infernape, M|\n|poke|p1|Clefable, F|\n|poke|p1|Forretress, F|\n|poke|p1|Staraptor, M|\n|poke|p2|Tyranitar, M|\n|poke|p2|Gliscor, F|\n|poke|p2|Scizor, M|\n|poke|p2|Rotom-Wash|\n|poke|p2|Heatran, F|\n|poke|p2|Tangrowth, M|\n|teampreview\n|\n|t:|1645154329\n|start\n|switch|p1a: Manectric|Manectric, M|100\/100\n|switch|p2a: Rotom|Rotom-Wash|100\/100\n|turn|1\n|\n|t:|1645154333\n|move|p2a: Rotom|Protect|p2a: Rotom\n|-singleturn|p2a: Rotom|Protect\n|move|p1a: Manectric|Volt Switch|p2a: Rotom\n|-activate|p2a: Rotom|move: Protect\n|\n|upkeep\n|turn|2\n|\n|t:|1645154338\n|move|p1a: Manectric|Ice Fang|p2a: Rotom\n|-resisted|p2a: Rotom\n|-damage|p2a: Rotom|96\/100\n|move|p2a: Rotom|Hydro Pump|p1a: Manectric\n|-damage|p1a: Manectric|25\/100\n|\n|-heal|p2a: Rotom|100\/100|[from] item: Leftovers\n|upkeep\n|turn|3\n|\n|t:|1645154343\n|move|p1a: Manectric|Volt Switch|p2a: Rotom\n|-damage|p2a: Rotom|66\/100\n|\n|t:|1645154346\n|switch|p1a: Clefable|Clefable, F|100\/100|[from]move: Volt Switch\n|move|p2a: Rotom|Hydro Pump|p1a: Clefable|[miss]\n|-miss|p2a: Rotom|p1a: Clefable\n|\n|-heal|p2a: Rotom|72\/100|[from] item: Leftovers\n|upkeep\n|turn|4\n|\n|t:|1645154353\n|move|p2a: Rotom|Volt Switch|p1a: Clefable\n|-damage|p1a: Clefable|83\/100\n|\n|t:|1645154356\n|switch|p2a: Heatran|Heatran, F|100\/100|[from]move: Volt Switch\n|move|p1a: Clefable|Stealth Rock|p2a: Heatran\n|-sidestart|p2: BDSP123|move: Stealth Rock\n|\n|-heal|p1a: Clefable|89\/100|[from] item: Leftovers\n|upkeep\n|turn|5\n|\n|t:|1645154361\n|switch|p1a: Infernape|Infernape, M|100\/100\n|move|p2a: Heatran|Flamethrower|p1a: Infernape\n|-resisted|p1a: Infernape\n|-damage|p1a: Infernape|44\/100\n|\n|upkeep\n|turn|6\n|\n|t:|1645154366\n|switch|p2a: Gliscor|Gliscor, F|100\/100\n|-damage|p2a: Gliscor|88\/100|[from] Stealth Rock\n|move|p1a: Infernape|U-turn|p2a: Gliscor\n|-resisted|p2a: Gliscor\n|-damage|p2a: Gliscor|78\/100\n|\n|t:|1645154369\n|switch|p1a: Slowbro|Slowbro, M|100\/100|[from]move: U-turn\n|\n|-status|p2a: Gliscor|tox|[from] item: Toxic Orb\n|upkeep\n|turn|7\n|\n|t:|1645154373\n|switch|p2a: Rotom|Rotom-Wash|72\/100\n|-damage|p2a: Rotom|59\/100|[from] Stealth Rock\n|move|p1a: Slowbro|Ice Beam|p2a: Rotom\n|-resisted|p2a: Rotom\n|-damage|p2a: Rotom|49\/100\n|\n|-heal|p2a: Rotom|55\/100|[from] item: Leftovers\n|upkeep\n|turn|8\n|\n|t:|1645154378\n|move|p2a: Rotom|Will-O-Wisp|p1a: Slowbro\n|-status|p1a: Slowbro|brn\n|move|p1a: Slowbro|Future Sight|p2a: Rotom\n|-start|p1a: Slowbro|move: Future Sight\n|\n|-heal|p2a: Rotom|61\/100|[from] item: Leftovers\n|-damage|p1a: Slowbro|94\/100 brn|[from] brn\n|upkeep\n|turn|9\n|\n|t:|1645154382\n|switch|p1a: Manectric|Manectric, M|25\/100\n|move|p2a: Rotom|Volt Switch|p1a: Manectric\n|-ability|p1a: Manectric|Lightning Rod|boost\n|-boost|p1a: Manectric|spa|1\n|\n|-heal|p2a: Rotom|68\/100|[from] item: Leftovers\n|upkeep\n|turn|10\n|\n|t:|1645154386\n|move|p1a: Manectric|Thunderbolt|p2a: Rotom\n|-damage|p2a: Rotom|0 fnt\n|faint|p2a: Rotom\n|\n|-hint|Future Sight did not hit because the target is fainted.\n|upkeep\n|\n|t:|1645154392\n|switch|p2a: Tyranitar|Tyranitar, M|100\/100\n|-damage|p2a: Tyranitar|88\/100|[from] Stealth Rock\n|-weather|Sandstorm|[from] ability: Sand Stream|[of] p2a: Tyranitar\n|turn|11\n|\n|t:|1645154400\n|move|p1a: Manectric|Volt Switch|p2a: Tyranitar\n|-damage|p2a: Tyranitar|56\/100\n|\n|t:|1645154404\n|switch|p1a: Forretress|Forretress, F|100\/100|[from]move: Volt Switch\n|move|p2a: Tyranitar|Stealth Rock|p1a: Forretress\n|-sidestart|p1: VirginJimmy99|move: Stealth Rock\n|\n|-weather|Sandstorm|[upkeep]\n|upkeep\n|turn|12\n|\n|t:|1645154407\n|switch|p2a: Heatran|Heatran, F|100\/100\n|-damage|p2a: Heatran|88\/100|[from] Stealth Rock\n|move|p1a: Forretress|Rapid Spin|p2a: Heatran\n|-resisted|p2a: Heatran\n|-damage|p2a: Heatran|83\/100\n|-boost|p1a: Forretress|spe|1\n|-sideend|p1: VirginJimmy99|Stealth Rock|[from] move: Rapid Spin|[of] p1a: Forretress\n|\n|-weather|Sandstorm|[upkeep]\n|upkeep\n|turn|13\n|\n|t:|1645154412\n|switch|p1a: Slowbro|Slowbro, M|100\/100 brn\n|move|p2a: Heatran|Flamethrower|p1a: Slowbro\n|-resisted|p1a: Slowbro\n|-damage|p1a: Slowbro|62\/100 brn\n|\n|-weather|Sandstorm|[upkeep]\n|-damage|p1a: Slowbro|56\/100 brn|[from] Sandstorm\n|-heal|p1a: Slowbro|62\/100 brn|[from] item: Leftovers\n|-damage|p1a: Slowbro|56\/100 brn|[from] brn\n|upkeep\n|turn|14\n|\n|t:|1645154414\n|move|p2a: Heatran|Flamethrower|p1a: Slowbro\n|-resisted|p1a: Slowbro\n|-damage|p1a: Slowbro|17\/100 brn\n|move|p1a: Slowbro|Scald|p2a: Heatran\n|-supereffective|p2a: Heatran\n|-damage|p2a: Heatran|30\/100\n|\n|-weather|Sandstorm|[upkeep]\n|-damage|p1a: Slowbro|11\/100 brn|[from] Sandstorm\n|-heal|p1a: Slowbro|17\/100 brn|[from] item: Leftovers\n|-damage|p1a: Slowbro|11\/100 brn|[from] brn\n|upkeep\n|turn|15\n|\n|t:|1645154423\n|switch|p1a: Clefable|Clefable, F|89\/100\n|move|p2a: Heatran|Flamethrower|p1a: Clefable\n|-damage|p1a: Clefable|37\/100\n|\n|-weather|none\n|-heal|p1a: Clefable|43\/100|[from] item: Leftovers\n|upkeep\n|turn|16\n|\n|t:|1645154426\n|move|p2a: Heatran|Flamethrower|p1a: Clefable\n|-damage|p1a: Clefable|0 fnt\n|faint|p1a: Clefable\n|\n|upkeep\n|\n|t:|1645154431\n|switch|p1a: Infernape|Infernape, M|44\/100\n|turn|17\n|\n|t:|1645154434\n|switch|p2a: Gliscor|Gliscor, F|78\/100 tox\n|-damage|p2a: Gliscor|66\/100 tox|[from] Stealth Rock\n|move|p1a: Infernape|Close Combat|p2a: Gliscor\n|-resisted|p2a: Gliscor\n|-damage|p2a: Gliscor|39\/100 tox\n|-unboost|p1a: Infernape|def|1\n|-unboost|p1a: Infernape|spd|1\n|\n|-heal|p2a: Gliscor|51\/100 tox|[from] ability: Poison Heal\n|upkeep\n|turn|18\n|\n|t:|1645154444\n|switch|p1a: Slowbro|Slowbro, M|44\/100 brn\n|move|p2a: Gliscor|Facade|p1a: Slowbro\n|-damage|p1a: Slowbro|28\/100 brn\n|\n|-heal|p1a: Slowbro|34\/100 brn|[from] item: Leftovers\n|-heal|p2a: Gliscor|64\/100 tox|[from] ability: Poison Heal\n|-damage|p1a: Slowbro|28\/100 brn|[from] brn\n|upkeep\n|turn|19\n|\n|t:|1645154457\n|move|p2a: Gliscor|Swords Dance|p2a: Gliscor\n|-boost|p2a: Gliscor|atk|2\n|move|p1a: Slowbro|Slack Off|p1a: Slowbro\n|-heal|p1a: Slowbro|78\/100 brn\n|\n|-heal|p1a: Slowbro|84\/100 brn|[from] item: Leftovers\n|-heal|p2a: Gliscor|76\/100 tox|[from] ability: Poison Heal\n|-damage|p1a: Slowbro|78\/100 brn|[from] brn\n|upkeep\n|turn|20\n|\n|t:|1645154461\n|move|p2a: Gliscor|Earthquake|p1a: Slowbro\n|-damage|p1a: Slowbro|42\/100 brn\n|move|p1a: Slowbro|Ice Beam|p2a: Gliscor\n|-supereffective|p2a: Gliscor\n|-damage|p2a: Gliscor|0 fnt\n|faint|p2a: Gliscor\n|\n|-heal|p1a: Slowbro|48\/100 brn|[from] item: Leftovers\n|-damage|p1a: Slowbro|42\/100 brn|[from] brn\n|upkeep\n|\n|t:|1645154464\n|switch|p2a: Tyranitar|Tyranitar, M|56\/100\n|-damage|p2a: Tyranitar|43\/100|[from] Stealth Rock\n|-weather|Sandstorm|[from] ability: Sand Stream|[of] p2a: Tyranitar\n|turn|21\n|\n|t:|1645154468\n|switch|p1a: Forretress|Forretress, F|100\/100\n|move|p2a: Tyranitar|Crunch|p1a: Forretress\n|-damage|p1a: Forretress|64\/100\n|\n|-weather|Sandstorm|[upkeep]\n|-heal|p1a: Forretress|70\/100|[from] item: Leftovers\n|upkeep\n|turn|22\n|\n|t:|1645154474\n|move|p2a: Tyranitar|Crunch|p1a: Forretress\n|-damage|p1a: Forretress|28\/100\n|move|p1a: Forretress|Volt Switch|p2a: Tyranitar\n|-damage|p2a: Tyranitar|36\/100\n|\n|t:|1645154477\n|switch|p1a: Infernape|Infernape, M|44\/100|[from]move: Volt Switch\n|\n|-weather|Sandstorm|[upkeep]\n|-damage|p1a: Infernape|38\/100|[from] Sandstorm\n|upkeep\n|turn|23\n|\n|t:|1645154483\n|move|p1a: Infernape|U-turn|p2a: Tyranitar\n|-supereffective|p2a: Tyranitar\n|-damage|p2a: Tyranitar|0 fnt\n|faint|p2a: Tyranitar\n|\n|t:|1645154492\n|switch|p1a: Staraptor|Staraptor, M|100\/100|[from]move: U-turn\n|\n|-weather|Sandstorm|[upkeep]\n|-damage|p1a: Staraptor|94\/100|[from] Sandstorm\n|upkeep\n|\n|t:|1645154498\n|switch|p2a: Scizor|Scizor, M|100\/100\n|-damage|p2a: Scizor|88\/100|[from] Stealth Rock\n|turn|24\n|\n|t:|1645154500\n|move|p2a: Scizor|Bullet Punch|p1a: Staraptor\n|-damage|p1a: Staraptor|55\/100\n|move|p1a: Staraptor|Brave Bird|p2a: Scizor\n|-damage|p2a: Scizor|16\/100\n|-damage|p1a: Staraptor|29\/100|[from] Recoil\n|\n|-weather|Sandstorm|[upkeep]\n|-damage|p1a: Staraptor|23\/100|[from] Sandstorm\n|-heal|p2a: Scizor|23\/100|[from] item: Leftovers\n|upkeep\n|turn|25\n|\n|t:|1645154507\n|move|p2a: Scizor|Bullet Punch|p1a: Staraptor\n|-damage|p1a: Staraptor|0 fnt\n|faint|p1a: Staraptor\n|\n|-weather|none\n|-heal|p2a: Scizor|29\/100|[from] item: Leftovers\n|upkeep\n|\n|t:|1645154515\n|switch|p1a: Infernape|Infernape, M|38\/100\n|turn|26\n|\n|t:|1645154519\n|move|p2a: Scizor|Bullet Punch|p1a: Infernape\n|-resisted|p1a: Infernape\n|-damage|p1a: Infernape|20\/100\n|move|p1a: Infernape|Close Combat|p2a: Scizor\n|-crit|p2a: Scizor\n|-damage|p2a: Scizor|0 fnt\n|-unboost|p1a: Infernape|def|1\n|-unboost|p1a: Infernape|spd|1\n|faint|p2a: Scizor\n|\n|upkeep\n|\n|t:|1645154522\n|switch|p2a: Tangrowth|Tangrowth, M|100\/100\n|-damage|p2a: Tangrowth|88\/100|[from] Stealth Rock\n|turn|27\n|\n|t:|1645154525\n|switch|p1a: Forretress|Forretress, F|28\/100\n|move|p2a: Tangrowth|Knock Off|p1a: Forretress\n|-damage|p1a: Forretress|16\/100\n|-enditem|p1a: Forretress|Leftovers|[from] move: Knock Off|[of] p2a: Tangrowth\n|\n|-heal|p2a: Tangrowth|94\/100|[from] item: Leftovers\n|upkeep\n|turn|28\n|\n|t:|1645154528\n|move|p2a: Tangrowth|Earthquake|p1a: Forretress\n|-damage|p1a: Forretress|3\/100\n|move|p1a: Forretress|Volt Switch|p2a: Tangrowth\n|-resisted|p2a: Tangrowth\n|-damage|p2a: Tangrowth|87\/100\n|\n|t:|1645154530\n|switch|p1a: Manectric|Manectric, M|25\/100|[from]move: Volt Switch\n|\n|-heal|p2a: Tangrowth|93\/100|[from] item: Leftovers\n|upkeep\n|turn|29\n|\n|t:|1645154534\n|move|p1a: Manectric|Flamethrower|p2a: Tangrowth\n|-supereffective|p2a: Tangrowth\n|-damage|p2a: Tangrowth|6\/100\n|move|p2a: Tangrowth|Knock Off|p1a: Manectric\n|-damage|p1a: Manectric|0 fnt\n|-enditem|p1a: Manectric|Expert Belt|[from] move: Knock Off|[of] p2a: Tangrowth\n|faint|p1a: Manectric\n|\n|-heal|p2a: Tangrowth|13\/100|[from] item: Leftovers\n|upkeep\n|\n|t:|1645154538\n|switch|p1a: Infernape|Infernape, M|20\/100\n|turn|30\n|\n|t:|1645154540\n|switch|p2a: Heatran|Heatran, F|30\/100\n|-damage|p2a: Heatran|18\/100|[from] Stealth Rock\n|move|p1a: Infernape|Close Combat|p2a: Heatran\n|-supereffective|p2a: Heatran\n|-damage|p2a: Heatran|0 fnt\n|-unboost|p1a: Infernape|def|1\n|-unboost|p1a: Infernape|spd|1\n|faint|p2a: Heatran\n|\n|upkeep\n|\n|t:|1645154541\n|switch|p2a: Tangrowth|Tangrowth, M|46\/100\n|-damage|p2a: Tangrowth|33\/100|[from] Stealth Rock\n|turn|31\n|\n|t:|1645154545\n|move|p1a: Infernape|Close Combat|p2a: Tangrowth\n|-damage|p2a: Tangrowth|0 fnt\n|-unboost|p1a: Infernape|def|1\n|-unboost|p1a: Infernape|spd|1\n|faint|p2a: Tangrowth\n|\n|win|VirginJimmy99\n|raw|VirginJimmy99's rating: 1498 &rarr; <strong>1516<\/strong><br \/>(+18 for winning)\n|raw|BDSP123's rating: 1466 &rarr; <strong>1448<\/strong><br \/>(-18 for losing)\n|l|\u2606BDSP123\n|c|\u2606VirginJimmy99|gg\n","uploadtime":1645154555,"views":14,"p1id":"virginjimmy99","p2id":"bdsp123","formatid":"gen8bdspou","rating":1448,"private":0,"password":null}