{"id":"gen8ou-1684674819","p1":"GalarianN00b3","p2":"Jamario Mariomario","format":"gen8ou","log":"|html|<div class=\"broadcast-blue\"><strong>[Gen 8] OU is currently suspecting Melmetal! For information on how to participate check out the <a href=\"https:\/\/www.smogon.com\/forums\/threads\/np-ss-ou-suspect-process-round-12-monster-mash.3709234\/\">suspect thread<\/a>.<\/strong><\/div>\n|j|\u2606GalarianN00b3\n|j|\u2606Jamario Mariomario\n|t:|1665663585\n|gametype|singles\n|player|p1|GalarianN00b3|ethan|1419\n|player|p2|Jamario Mariomario|bugcatcher|1488\n|teamsize|p1|6\n|teamsize|p2|6\n|gen|8\n|tier|[Gen 8] OU\n|rated|\n|rule|Sleep Clause Mod: Limit one foe put to sleep\n|rule|Species Clause: Limit one of each Pok\u00e9mon\n|rule|OHKO Clause: OHKO moves are banned\n|rule|Evasion Items Clause: Evasion items are banned\n|rule|Evasion Moves Clause: Evasion moves are banned\n|rule|Endless Battle Clause: Forcing endless battles is banned\n|rule|HP Percentage Mod: HP is shown in percentages\n|rule|Dynamax Clause: You cannot dynamax\n|clearpoke\n|poke|p1|Torkoal, F|\n|poke|p1|Venusaur, M|\n|poke|p1|Blaziken, F|\n|poke|p1|Charizard, F|\n|poke|p1|Landorus-Therian, M|\n|poke|p1|Tapu Fini|\n|poke|p2|Volcanion|\n|poke|p2|Mandibuzz, F|\n|poke|p2|Landorus-Therian, M|\n|poke|p2|Blissey, F|\n|poke|p2|Melmetal|\n|poke|p2|Zeraora|\n|teampreview\n|inactive|Battle timer is ON: inactive players will automatically lose when time's up. (requested by GalarianN00b3)\n|\n|t:|1665663590\n|start\n|switch|p1a: Torkoal|Torkoal, F|100\/100\n|switch|p2a: Volcanion|Volcanion|100\/100\n|-weather|SunnyDay|[from] ability: Drought|[of] p1a: Torkoal\n|turn|1\n|\n|t:|1665663596\n|switch|p1a: Tapu Fini|Tapu Fini|100\/100\n|-fieldstart|move: Misty Terrain|[from] ability: Misty Surge|[of] p1a: Tapu Fini\n|move|p2a: Volcanion|Fire Blast|p1a: Tapu Fini\n|-resisted|p1a: Tapu Fini\n|-damage|p1a: Tapu Fini|55\/100\n|\n|-weather|SunnyDay|[upkeep]\n|-heal|p1a: Tapu Fini|62\/100|[from] item: Leftovers\n|upkeep\n|turn|2\n|\n|t:|1665663605\n|move|p1a: Tapu Fini|Nature's Madness|p2a: Volcanion\n|-damage|p2a: Volcanion|51\/100\n|move|p2a: Volcanion|Fire Blast|p1a: Tapu Fini\n|-resisted|p1a: Tapu Fini\n|-damage|p1a: Tapu Fini|19\/100\n|\n|-weather|SunnyDay|[upkeep]\n|-heal|p1a: Tapu Fini|25\/100|[from] item: Leftovers\n|upkeep\n|turn|3\n|\n|t:|1665663613\n|move|p1a: Tapu Fini|Nature's Madness|p2a: Volcanion\n|-damage|p2a: Volcanion|26\/100\n|move|p2a: Volcanion|Fire Blast|p1a: Tapu Fini\n|-resisted|p1a: Tapu Fini\n|-damage|p1a: Tapu Fini|0 fnt\n|faint|p1a: Tapu Fini\n|\n|-weather|SunnyDay|[upkeep]\n|upkeep\n|\n|t:|1665663623\n|switch|p1a: Blaziken|Blaziken, F|100\/100\n|-item|p1a: Blaziken|Air Balloon\n|turn|4\n|\n|t:|1665663627\n|move|p1a: Blaziken|Close Combat|p2a: Volcanion\n|-damage|p2a: Volcanion|0 fnt\n|-unboost|p1a: Blaziken|def|1\n|-unboost|p1a: Blaziken|spd|1\n|faint|p2a: Volcanion\n|\n|-weather|SunnyDay|[upkeep]\n|-ability|p1a: Blaziken|Speed Boost|boost\n|-boost|p1a: Blaziken|spe|1\n|upkeep\n|\n|t:|1665663630\n|switch|p2a: Zeraora|Zeraora|100\/100\n|turn|5\n|\n|t:|1665663638\n|switch|p1a: Landorus|Landorus-Therian, M|100\/100\n|-ability|p1a: Landorus|Intimidate|boost\n|-unboost|p2a: Zeraora|atk|1\n|move|p2a: Zeraora|Bulk Up|p2a: Zeraora\n|-boost|p2a: Zeraora|atk|1\n|-boost|p2a: Zeraora|def|1\n|\n|-weather|SunnyDay|[upkeep]\n|-fieldend|Misty Terrain\n|upkeep\n|turn|6\n|\n|t:|1665663646\n|move|p2a: Zeraora|Bulk Up|p2a: Zeraora\n|-boost|p2a: Zeraora|atk|1\n|-boost|p2a: Zeraora|def|1\n|move|p1a: Landorus|Toxic|p2a: Zeraora\n|-status|p2a: Zeraora|tox\n|\n|-weather|SunnyDay|[upkeep]\n|-damage|p2a: Zeraora|95\/100 tox|[from] psn\n|upkeep\n|turn|7\n|\n|t:|1665663653\n|move|p2a: Zeraora|Play Rough|p1a: Landorus\n|-damage|p1a: Landorus|70\/100\n|move|p1a: Landorus|Earthquake|p2a: Zeraora\n|-supereffective|p2a: Zeraora\n|-damage|p2a: Zeraora|24\/100 tox\n|\n|-weather|SunnyDay|[upkeep]\n|-heal|p2a: Zeraora|30\/100 tox|[from] item: Leftovers\n|-heal|p1a: Landorus|76\/100|[from] item: Leftovers\n|-damage|p2a: Zeraora|18\/100 tox|[from] psn\n|upkeep\n|turn|8\n|\n|t:|1665663664\n|switch|p2a: Landorus|Landorus-Therian, M|100\/100\n|-ability|p2a: Landorus|Intimidate|boost\n|-unboost|p1a: Landorus|atk|1\n|move|p1a: Landorus|U-turn|p2a: Landorus\n|-resisted|p2a: Landorus\n|-damage|p2a: Landorus|95\/100\n|\n|t:|1665663671\n|switch|p1a: Charizard|Charizard, F|100\/100|[from]move: U-turn\n|\n|-weather|none\n|-heal|p2a: Landorus|100\/100|[from] item: Leftovers\n|upkeep\n|turn|9\n|\n|t:|1665663676\n|move|p1a: Charizard|Overheat|p2a: Landorus\n|-damage|p2a: Landorus|0 fnt\n|-unboost|p1a: Charizard|spa|2\n|faint|p2a: Landorus\n|\n|upkeep\n|-message|Jamario Mariomario forfeited.\n|\n|win|GalarianN00b3\n|raw|GalarianN00b3's rating: 1419 &rarr; <strong>1443<\/strong><br \/>(+24 for winning)\n|raw|Jamario Mariomario's rating: 1488 &rarr; <strong>1464<\/strong><br \/>(-24 for losing)\n|l|\u2606Jamario Mariomario\n","uploadtime":1665663685,"views":10,"p1id":"galariann00b3","p2id":"jamariomariomario","formatid":"gen8ou","rating":1443,"private":0,"password":null}