{"id":"gen8nationaldex-1187326759","p1":"Dragazera","p2":"Daunzu","format":"gen8nationaldex","log":"|j|\u2606Dragazera\n|j|\u2606Daunzu\n|t:|1600179941\n|player|p1|Dragazera|2|1600\n|player|p2|Daunzu|ingo|1553\n|teamsize|p1|6\n|teamsize|p2|6\n|gametype|singles\n|gen|8\n|tier|[Gen 8] National Dex\n|rated|\n|clearpoke\n|poke|p1|Medicham, F|\n|poke|p1|Greninja, M|\n|poke|p1|Rotom-Wash|\n|poke|p1|Heatran, F|\n|poke|p1|Landorus-Therian, M|\n|poke|p1|Kartana|\n|poke|p2|Hydreigon, F|\n|poke|p2|Scizor, F|\n|poke|p2|Slowbro, M|\n|poke|p2|Landorus-Therian, M|\n|poke|p2|Tapu Fini|\n|poke|p2|Medicham, F|\n|rule|HP Percentage Mod: HP is shown in percentages\n|rule|Endless Battle Clause: Forcing endless battles is banned\n|rule|OHKO Clause: OHKO moves are banned\n|rule|Evasion Moves Clause: Evasion moves are banned\n|rule|Species Clause: Limit one of each Pok\u00e9mon\n|rule|Dynamax Clause: You cannot dynamax\n|rule|Sleep Clause Mod: Limit one foe put to sleep\n|teampreview\n|inactive|Battle timer is ON: inactive players will automatically lose when time's up. (requested by Dragazera)\n|\n|t:|1600179962\n|start\n|switch|p1a: Medicham|Medicham, F|100\/100\n|switch|p2a: Medicham|Medicham, F|100\/100\n|turn|1\n|\n|t:|1600179969\n|switch|p2a: Slowbro|Slowbro, M|100\/100\n|detailschange|p1a: Medicham|Medicham-Mega, F\n|-mega|p1a: Medicham|Medicham|Medichamite\n|move|p1a: Medicham|Fake Out|p2a: Slowbro\n|-crit|p2a: Slowbro\n|-damage|p2a: Slowbro|80\/100\n|-damage|p1a: Medicham|84\/100|[from] item: Rocky Helmet|[of] p2a: Slowbro\n|\n|upkeep\n|turn|2\n|\n|t:|1600179979\n|switch|p1a: Greninja|Greninja, M|100\/100\n|move|p2a: Slowbro|Teleport|p2a: Slowbro\n|\n|t:|1600179986\n|switch|p2a: Medicham|Medicham, F|100\/100|[from]move: Teleport\n|\n|upkeep\n|turn|3\n|\n|t:|1600179992\n|detailschange|p2a: Medicham|Medicham-Mega, F\n|-mega|p2a: Medicham|Medicham|Medichamite\n|move|p2a: Medicham|Fake Out|p1a: Greninja\n|-damage|p1a: Greninja|59\/100\n|cant|p1a: Greninja|flinch\n|\n|upkeep\n|turn|4\n|\n|t:|1600179996\n|switch|p2a: Tapu Fini|Tapu Fini|100\/100\n|-fieldstart|move: Misty Terrain|[from] ability: Misty Surge|[of] p2a: Tapu Fini\n|move|p1a: Greninja|Dark Pulse|p2a: Tapu Fini\n|-resisted|p2a: Tapu Fini\n|-damage|p2a: Tapu Fini|84\/100\n|\n|-heal|p2a: Tapu Fini|90\/100|[from] item: Leftovers\n|upkeep\n|turn|5\n|\n|t:|1600180002\n|switch|p1a: Kartana|Kartana|100\/100\n|move|p2a: Tapu Fini|Moonblast|p1a: Kartana\n|-resisted|p1a: Kartana\n|-damage|p1a: Kartana|58\/100\n|\n|-heal|p2a: Tapu Fini|96\/100|[from] item: Leftovers\n|upkeep\n|turn|6\n|\n|t:|1600180012\n|switch|p2a: Scizor|Scizor, F|100\/100\n|move|p1a: Kartana|Swords Dance|p1a: Kartana\n|-boost|p1a: Kartana|atk|2\n|\n|upkeep\n|turn|7\n|\n|t:|1600180016\n|-zpower|p1a: Kartana\n|move|p1a: Kartana|All-Out Pummeling|p2a: Scizor|[zeffect]\n|-damage|p2a: Scizor|0 fnt\n|faint|p2a: Scizor\n|-ability|p1a: Kartana|Beast Boost|boost\n|-boost|p1a: Kartana|spe|1\n|\n|upkeep\n|\n|t:|1600180020\n|switch|p2a: Landorus|Landorus-Therian, M|100\/100\n|-ability|p2a: Landorus|Intimidate|boost\n|-unboost|p1a: Kartana|atk|1\n|turn|8\n|\n|t:|1600180026\n|move|p1a: Kartana|Leaf Blade|p2a: Landorus\n|-damage|p2a: Landorus|51\/100\n|move|p2a: Landorus|Earthquake|p1a: Kartana\n|-damage|p1a: Kartana|18\/100\n|\n|-heal|p2a: Landorus|57\/100|[from] item: Leftovers\n|-fieldend|Misty Terrain\n|upkeep\n|turn|9\n|j| Boi 240\n|\n|t:|1600180043\n|switch|p1a: Rotom|Rotom-Wash|100\/100\n|move|p2a: Landorus|Stealth Rock|p1a: Rotom\n|-sidestart|p1: Dragazera|move: Stealth Rock\n|\n|-heal|p2a: Landorus|63\/100|[from] item: Leftovers\n|upkeep\n|turn|10\n|\n|t:|1600180050\n|switch|p2a: Hydreigon|Hydreigon, F|100\/100\n|move|p1a: Rotom|Defog|p2a: Hydreigon\n|-unboost|p2a: Hydreigon|evasion|1\n|-sideend|p1: Dragazera|Stealth Rock|[from] move: Defog|[of] p1a: Rotom\n|\n|upkeep\n|turn|11\n|\n|t:|1600180060\n|move|p2a: Hydreigon|Draco Meteor|p1a: Rotom\n|-damage|p1a: Rotom|16\/100\n|-unboost|p2a: Hydreigon|spa|2\n|-damage|p2a: Hydreigon|91\/100|[from] item: Life Orb\n|move|p1a: Rotom|Volt Switch|p2a: Hydreigon\n|-resisted|p2a: Hydreigon\n|-damage|p2a: Hydreigon|77\/100\n|\n|t:|1600180069\n|switch|p1a: Medicham|Medicham-Mega, F|84\/100|[from]move: Volt Switch\n|\n|upkeep\n|turn|12\n|\n|t:|1600180071\n|switch|p2a: Slowbro|Slowbro, M|100\/100\n|move|p1a: Medicham|High Jump Kick|p2a: Slowbro\n|-resisted|p2a: Slowbro\n|-damage|p2a: Slowbro|65\/100\n|-damage|p1a: Medicham|68\/100|[from] item: Rocky Helmet|[of] p2a: Slowbro\n|\n|upkeep\n|turn|13\n|\n|t:|1600180078\n|move|p1a: Medicham|High Jump Kick|p2a: Slowbro\n|-resisted|p2a: Slowbro\n|-damage|p2a: Slowbro|31\/100\n|-damage|p1a: Medicham|51\/100|[from] item: Rocky Helmet|[of] p2a: Slowbro\n|move|p2a: Slowbro|Teleport|p2a: Slowbro\n|\n|t:|1600180081\n|switch|p2a: Landorus|Landorus-Therian, M|63\/100|[from]move: Teleport\n|-ability|p2a: Landorus|Intimidate|boost\n|-unboost|p1a: Medicham|atk|1\n|\n|-heal|p2a: Landorus|69\/100|[from] item: Leftovers\n|upkeep\n|turn|14\n|\n|t:|1600180085\n|move|p1a: Medicham|Ice Punch|p2a: Landorus\n|-supereffective|p2a: Landorus\n|-damage|p2a: Landorus|0 fnt\n|faint|p2a: Landorus\n|\n|upkeep\n|\n|t:|1600180091\n|switch|p2a: Medicham|Medicham-Mega, F|100\/100\n|turn|15\n|\n|t:|1600180097\n|switch|p1a: Rotom|Rotom-Wash|16\/100\n|move|p2a: Medicham|Zen Headbutt|p1a: Rotom\n|-damage|p1a: Rotom|0 fnt\n|faint|p1a: Rotom\n|\n|upkeep\n|\n|t:|1600180099\n|switch|p1a: Greninja|Greninja, M|59\/100\n|turn|16\n|\n|t:|1600180104\n|switch|p2a: Tapu Fini|Tapu Fini|96\/100\n|-fieldstart|move: Misty Terrain|[from] ability: Misty Surge|[of] p2a: Tapu Fini\n|move|p1a: Greninja|Dark Pulse|p2a: Tapu Fini\n|-resisted|p2a: Tapu Fini\n|-damage|p2a: Tapu Fini|80\/100\n|\n|-heal|p2a: Tapu Fini|87\/100|[from] item: Leftovers\n|upkeep\n|turn|17\n|\n|t:|1600180107\n|switch|p1a: Heatran|Heatran, F|100\/100\n|move|p2a: Tapu Fini|Moonblast|p1a: Heatran\n|-resisted|p1a: Heatran\n|-damage|p1a: Heatran|95\/100\n|\n|-heal|p2a: Tapu Fini|93\/100|[from] item: Leftovers\n|-heal|p1a: Heatran|100\/100|[from] item: Leftovers\n|upkeep\n|turn|18\n|\n|t:|1600180113\n|switch|p2a: Slowbro|Slowbro, M|64\/100\n|move|p1a: Heatran|Magma Storm|p2a: Slowbro\n|-resisted|p2a: Slowbro\n|-damage|p2a: Slowbro|37\/100\n|-activate|p2a: Slowbro|move: Magma Storm|[of] p1a: Heatran\n|\n|-damage|p2a: Slowbro|25\/100|[from] move: Magma Storm|[partiallytrapped]\n|upkeep\n|turn|19\n|\n|t:|1600180118\n|move|p1a: Heatran|Magma Storm|p2a: Slowbro\n|-resisted|p2a: Slowbro\n|-damage|p2a: Slowbro|0 fnt\n|faint|p2a: Slowbro\n|\n|upkeep\n|\n|t:|1600180122\n|switch|p2a: Medicham|Medicham-Mega, F|100\/100\n|turn|20\n|\n|t:|1600180127\n|switch|p1a: Landorus|Landorus-Therian, M|100\/100\n|-ability|p1a: Landorus|Intimidate|boost\n|-unboost|p2a: Medicham|atk|1\n|move|p2a: Medicham|High Jump Kick|p1a: Landorus\n|-resisted|p1a: Landorus\n|-damage|p1a: Landorus|64\/100\n|\n|-fieldend|Misty Terrain\n|upkeep\n|turn|21\n|\n|t:|1600180139\n|move|p2a: Medicham|Zen Headbutt|p1a: Landorus\n|-damage|p1a: Landorus|16\/100\n|move|p1a: Landorus|U-turn|p2a: Medicham\n|-damage|p2a: Medicham|65\/100\n|\n|t:|1600180143\n|switch|p1a: Greninja|Greninja, M|59\/100|[from]move: U-turn\n|\n|upkeep\n|turn|22\n|\n|t:|1600180151\n|switch|p1a: Kartana|Kartana|18\/100\n|switch|p2a: Tapu Fini|Tapu Fini|93\/100\n|-fieldstart|move: Misty Terrain|[from] ability: Misty Surge|[of] p2a: Tapu Fini\n|\n|-heal|p2a: Tapu Fini|99\/100|[from] item: Leftovers\n|upkeep\n|turn|23\n|\n|t:|1600180162\n|move|p1a: Kartana|Leaf Blade|p2a: Tapu Fini\n|-supereffective|p2a: Tapu Fini\n|-damage|p2a: Tapu Fini|19\/100\n|move|p2a: Tapu Fini|Moonblast|p1a: Kartana\n|-resisted|p1a: Kartana\n|-damage|p1a: Kartana|0 fnt\n|faint|p1a: Kartana\n|\n|-heal|p2a: Tapu Fini|25\/100|[from] item: Leftovers\n|upkeep\n|\n|t:|1600180168\n|switch|p1a: Medicham|Medicham-Mega, F|51\/100\n|turn|24\n|\n|t:|1600180180\n|switch|p2a: Hydreigon|Hydreigon, F|77\/100\n|move|p1a: Medicham|Zen Headbutt|p2a: Hydreigon\n|-immune|p2a: Hydreigon\n|\n|upkeep\n|turn|25\n|\n|t:|1600180189\n|move|p1a: Medicham|Ice Punch|p2a: Hydreigon\n|-supereffective|p2a: Hydreigon\n|-damage|p2a: Hydreigon|0 fnt\n|faint|p2a: Hydreigon\n|\n|upkeep\n|\n|t:|1600180194\n|switch|p2a: Medicham|Medicham-Mega, F|65\/100\n|turn|26\n|\n|t:|1600180198\n|switch|p1a: Landorus|Landorus-Therian, M|16\/100\n|-ability|p1a: Landorus|Intimidate|boost\n|-unboost|p2a: Medicham|atk|1\n|move|p2a: Medicham|Zen Headbutt|p1a: Landorus\n|-damage|p1a: Landorus|0 fnt\n|faint|p1a: Landorus\n|\n|-fieldend|Misty Terrain\n|upkeep\n|\n|t:|1600180200\n|switch|p1a: Greninja|Greninja, M|59\/100\n|turn|27\n|\n|t:|1600180205\n|switch|p2a: Tapu Fini|Tapu Fini|25\/100\n|-fieldstart|move: Misty Terrain|[from] ability: Misty Surge|[of] p2a: Tapu Fini\n|move|p1a: Greninja|Dark Pulse|p2a: Tapu Fini\n|-resisted|p2a: Tapu Fini\n|-damage|p2a: Tapu Fini|8\/100\n|\n|-heal|p2a: Tapu Fini|14\/100|[from] item: Leftovers\n|upkeep\n|turn|28\n|c|\u2606Dragazera|Gg\n|\n|t:|1600180213\n|move|p1a: Greninja|Dark Pulse|p2a: Tapu Fini\n|-resisted|p2a: Tapu Fini\n|-damage|p2a: Tapu Fini|0 fnt\n|faint|p2a: Tapu Fini\n|-activate|p1a: Greninja|ability: Battle Bond\n|detailschange|p1a: Greninja|Greninja-Ash, M\n|\n|upkeep\n|\n|t:|1600180223\n|switch|p2a: Medicham|Medicham-Mega, F|65\/100\n|turn|29\n|c|\u2606Daunzu|gg\n|\n|t:|1600180227\n|switch|p1a: Medicham|Medicham-Mega, F|51\/100\n|move|p2a: Medicham|High Jump Kick|p1a: Medicham\n|-resisted|p1a: Medicham\n|-damage|p1a: Medicham|0 fnt\n|faint|p1a: Medicham\n|\n|upkeep\n|\n|t:|1600180230\n|switch|p1a: Greninja|Greninja-Ash, M|59\/100\n|turn|30\n|\n|t:|1600180233\n|move|p1a: Greninja|Dark Pulse|p2a: Medicham\n|-damage|p2a: Medicham|0 fnt\n|faint|p2a: Medicham\n|\n|win|Dragazera\n|l|\u2606Daunzu\n","uploadtime":1600180237,"views":1,"p1id":"dragazera","p2id":"daunzu","formatid":"gen8nationaldex","rating":0,"private":0,"password":null}