{"id":"gen8bdspru-1518717923","p1":"Sus test Breloom","p2":"Ill Leave","format":"gen8bdspru","log":"|j|\u2606Sus test Breloom\n|j|\u2606Ill Leave\n|inactive|Battle timer is ON: inactive players will automatically lose when time's up.\n|t:|1645814297\n|gametype|singles\n|player|p1|Sus test Breloom|acetrainer|\n|player|p2|Ill Leave|janine|\n|teamsize|p1|6\n|teamsize|p2|6\n|gen|8\n|tier|[Gen 8 BDSP] RU\n|rated|Tournament battle\n|rule|Sleep Clause Mod: Limit one foe put to sleep\n|rule|Species Clause: Limit one of each Pok\u00e9mon\n|rule|OHKO Clause: OHKO moves are banned\n|rule|Evasion Moves Clause: Evasion moves are banned\n|rule|Endless Battle Clause: Forcing endless battles is banned\n|rule|HP Percentage Mod: HP is shown in percentages\n|clearpoke\n|poke|p1|Sharpedo, F|\n|poke|p1|Uxie|\n|poke|p1|Swellow, M|\n|poke|p1|Machamp, F|\n|poke|p1|Torterra, M|\n|poke|p1|Ninetales, F|\n|poke|p2|Vileplume, F|\n|poke|p2|Slowking, F|\n|poke|p2|Rhyperior, M|\n|poke|p2|Hariyama, M|\n|poke|p2|Cradily, M|\n|poke|p2|Mantine, M|\n|teampreview\n|j| Swampert_Fan_020\n|j| Team Goalz\n|j|@Sputnikk\n|inactive|Sus test Breloom has 120 seconds left.\n|\n|t:|1645814329\n|start\n|switch|p1a: Torterra|Torterra, M|100\/100\n|switch|p2a: Vileplume|Vileplume, F|100\/100\n|turn|1\n|\n|t:|1645814333\n|move|p1a: Torterra|Stealth Rock|p2a: Vileplume\n|-sidestart|p2: Ill Leave|move: Stealth Rock\n|move|p2a: Vileplume|Toxic|p1a: Torterra\n|-status|p1a: Torterra|tox\n|\n|-damage|p1a: Torterra|94\/100 tox|[from] psn\n|upkeep\n|turn|2\n|\n|t:|1645814338\n|move|p1a: Torterra|Earthquake|p2a: Vileplume\n|-damage|p2a: Vileplume|63\/100\n|move|p2a: Vileplume|Toxic|p1a: Torterra\n|-fail|p1a: Torterra|tox\n|\n|-heal|p1a: Torterra|100\/100 tox|[from] item: Leftovers\n|-heal|p2a: Vileplume|69\/100|[from] item: Black Sludge\n|-damage|p1a: Torterra|88\/100 tox|[from] psn\n|upkeep\n|turn|3\n|\n|t:|1645814348\n|switch|p1a: Swellow|Swellow, M|100\/100\n|move|p2a: Vileplume|Strength Sap|p1a: Swellow\n|-unboost|p1a: Swellow|atk|1\n|-heal|p2a: Vileplume|100\/100\n|\n|-status|p1a: Swellow|brn|[from] item: Flame Orb\n|upkeep\n|turn|4\n|\n|t:|1645814353\n|switch|p2a: Rhyperior|Rhyperior, M|100\/100\n|-damage|p2a: Rhyperior|94\/100|[from] Stealth Rock\n|move|p1a: Swellow|U-turn|p2a: Rhyperior\n|-damage|p2a: Rhyperior|82\/100\n|\n|t:|1645814365\n|switch|p1a: Uxie|Uxie|100\/100|[from]move: U-turn\n|\n|-heal|p2a: Rhyperior|88\/100|[from] item: Leftovers\n|upkeep\n|turn|5\n|\n|t:|1645814383\n|switch|p2a: Slowking|Slowking, F|100\/100\n|-damage|p2a: Slowking|88\/100|[from] Stealth Rock\n|move|p1a: Uxie|Psychic|p2a: Slowking\n|-resisted|p2a: Slowking\n|-damage|p2a: Slowking|74\/100\n|\n|-heal|p2a: Slowking|80\/100|[from] item: Leftovers\n|upkeep\n|turn|6\n|\n|t:|1645814397\n|move|p1a: Uxie|Calm Mind|p1a: Uxie\n|-boost|p1a: Uxie|spa|1\n|-boost|p1a: Uxie|spd|1\n|move|p2a: Slowking|Scald|p1a: Uxie\n|-damage|p1a: Uxie|88\/100\n|-status|p1a: Uxie|brn\n|\n|-heal|p1a: Uxie|94\/100 brn|[from] item: Leftovers\n|-heal|p2a: Slowking|87\/100|[from] item: Leftovers\n|-damage|p1a: Uxie|88\/100 brn|[from] brn\n|upkeep\n|turn|7\n|\n|t:|1645814400\n|move|p1a: Uxie|Giga Drain|p2a: Slowking\n|-supereffective|p2a: Slowking\n|-crit|p2a: Slowking\n|-damage|p2a: Slowking|18\/100\n|-heal|p1a: Uxie|100\/100 brn|[from] drain|[of] p2a: Slowking\n|move|p2a: Slowking|Calm Mind|p2a: Slowking\n|-boost|p2a: Slowking|spa|1\n|-boost|p2a: Slowking|spd|1\n|\n|-heal|p2a: Slowking|24\/100|[from] item: Leftovers\n|-damage|p1a: Uxie|94\/100 brn|[from] brn\n|upkeep\n|turn|8\n|\n|t:|1645814404\n|move|p1a: Uxie|Giga Drain|p2a: Slowking\n|-supereffective|p2a: Slowking\n|-damage|p2a: Slowking|0 fnt\n|-heal|p1a: Uxie|100\/100 brn|[from] drain|[of] p2a: Slowking\n|faint|p2a: Slowking\n|\n|-damage|p1a: Uxie|94\/100 brn|[from] brn\n|upkeep\n|\n|t:|1645814414\n|switch|p2a: Cradily|Cradily, M|100\/100\n|-damage|p2a: Cradily|88\/100|[from] Stealth Rock\n|turn|9\n|\n|t:|1645814419\n|move|p1a: Uxie|Psychic|p2a: Cradily\n|-damage|p2a: Cradily|53\/100\n|move|p2a: Cradily|Curse|p2a: Cradily\n|-unboost|p2a: Cradily|spe|1\n|-boost|p2a: Cradily|atk|1\n|-boost|p2a: Cradily|def|1\n|\n|-heal|p1a: Uxie|100\/100 brn|[from] item: Leftovers\n|-heal|p2a: Cradily|59\/100|[from] item: Leftovers\n|-damage|p1a: Uxie|94\/100 brn|[from] brn\n|upkeep\n|turn|10\n|\n|t:|1645814423\n|move|p1a: Uxie|Calm Mind|p1a: Uxie\n|-boost|p1a: Uxie|spa|1\n|-boost|p1a: Uxie|spd|1\n|move|p2a: Cradily|Recover|p2a: Cradily\n|-heal|p2a: Cradily|100\/100\n|\n|-heal|p1a: Uxie|100\/100 brn|[from] item: Leftovers\n|-damage|p1a: Uxie|94\/100 brn|[from] brn\n|upkeep\n|turn|11\n|\n|t:|1645814426\n|move|p1a: Uxie|Psychic|p2a: Cradily\n|-damage|p2a: Cradily|56\/100\n|move|p2a: Cradily|Rock Slide|p1a: Uxie\n|-damage|p1a: Uxie|69\/100 brn\n|\n|-heal|p1a: Uxie|75\/100 brn|[from] item: Leftovers\n|-heal|p2a: Cradily|62\/100|[from] item: Leftovers\n|-damage|p1a: Uxie|69\/100 brn|[from] brn\n|upkeep\n|turn|12\n|j| MorSpark_GAMING\n|\n|t:|1645814432\n|move|p1a: Uxie|Calm Mind|p1a: Uxie\n|-boost|p1a: Uxie|spa|1\n|-boost|p1a: Uxie|spd|1\n|move|p2a: Cradily|Recover|p2a: Cradily\n|-heal|p2a: Cradily|100\/100\n|\n|-heal|p1a: Uxie|75\/100 brn|[from] item: Leftovers\n|-damage|p1a: Uxie|69\/100 brn|[from] brn\n|upkeep\n|turn|13\n|\n|t:|1645814437\n|move|p1a: Uxie|Psychic|p2a: Cradily\n|-damage|p2a: Cradily|47\/100\n|-unboost|p2a: Cradily|spd|1\n|move|p2a: Cradily|Bullet Seed|p1a: Uxie\n|-damage|p1a: Uxie|60\/100 brn\n|-damage|p1a: Uxie|51\/100 brn\n|-damage|p1a: Uxie|43\/100 brn\n|-damage|p1a: Uxie|34\/100 brn\n|-damage|p1a: Uxie|25\/100 brn\n|-hitcount|p1a: Uxie|5\n|\n|-heal|p1a: Uxie|32\/100 brn|[from] item: Leftovers\n|-heal|p2a: Cradily|53\/100|[from] item: Leftovers\n|-damage|p1a: Uxie|25\/100 brn|[from] brn\n|upkeep\n|turn|14\n|inactive|Ill Leave has 120 seconds left.\n|\n|t:|1645814494\n|move|p1a: Uxie|Psychic|p2a: Cradily\n|-damage|p2a: Cradily|0 fnt\n|faint|p2a: Cradily\n|\n|-heal|p1a: Uxie|32\/100 brn|[from] item: Leftovers\n|-damage|p1a: Uxie|25\/100 brn|[from] brn\n|upkeep\n|\n|t:|1645814496\n|switch|p2a: Hariyama|Hariyama, M|100\/100\n|-damage|p2a: Hariyama|94\/100|[from] Stealth Rock\n|turn|15\n|\n|t:|1645814508\n|move|p2a: Hariyama|Fake Out|p1a: Uxie\n|-damage|p1a: Uxie|15\/100 brn\n|cant|p1a: Uxie|flinch\n|\n|-heal|p1a: Uxie|21\/100 brn|[from] item: Leftovers\n|-heal|p2a: Hariyama|100\/100|[from] item: Leftovers\n|-damage|p1a: Uxie|15\/100 brn|[from] brn\n|upkeep\n|turn|16\n|\n|t:|1645814518\n|move|p1a: Uxie|Psychic|p2a: Hariyama\n|-supereffective|p2a: Hariyama\n|-damage|p2a: Hariyama|0 fnt\n|faint|p2a: Hariyama\n|\n|-heal|p1a: Uxie|21\/100 brn|[from] item: Leftovers\n|-damage|p1a: Uxie|15\/100 brn|[from] brn\n|upkeep\n|\n|t:|1645814521\n|switch|p2a: Rhyperior|Rhyperior, M|88\/100\n|-damage|p2a: Rhyperior|82\/100|[from] Stealth Rock\n|turn|17\n|\n|t:|1645814524\n|move|p1a: Uxie|Giga Drain|p2a: Rhyperior\n|-supereffective|p2a: Rhyperior\n|-damage|p2a: Rhyperior|0 fnt\n|-heal|p1a: Uxie|65\/100 brn|[from] drain|[of] p2a: Rhyperior\n|faint|p2a: Rhyperior\n|\n|-heal|p1a: Uxie|71\/100 brn|[from] item: Leftovers\n|-damage|p1a: Uxie|65\/100 brn|[from] brn\n|upkeep\n|\n|t:|1645814526\n|switch|p2a: Vileplume|Vileplume, F|100\/100\n|-damage|p2a: Vileplume|88\/100|[from] Stealth Rock\n|turn|18\n|\n|t:|1645814528\n|move|p1a: Uxie|Psychic|p2a: Vileplume\n|-supereffective|p2a: Vileplume\n|-damage|p2a: Vileplume|0 fnt\n|faint|p2a: Vileplume\n|\n|-heal|p1a: Uxie|71\/100 brn|[from] item: Leftovers\n|-damage|p1a: Uxie|65\/100 brn|[from] brn\n|upkeep\n|c|\u2606Sus test Breloom|gg\n|\n|t:|1645814531\n|switch|p2a: Mantine|Mantine, M|100\/100\n|-damage|p2a: Mantine|76\/100|[from] Stealth Rock\n|turn|19\n|\n|t:|1645814534\n|move|p1a: Uxie|Giga Drain|p2a: Mantine\n|-damage|p2a: Mantine|43\/100\n|-heal|p1a: Uxie|82\/100 brn|[from] drain|[of] p2a: Mantine\n|move|p2a: Mantine|Scald|p1a: Uxie\n|-damage|p1a: Uxie|75\/100 brn\n|\n|-heal|p1a: Uxie|82\/100 brn|[from] item: Leftovers\n|-heal|p2a: Mantine|49\/100|[from] item: Leftovers\n|-damage|p1a: Uxie|75\/100 brn|[from] brn\n|upkeep\n|turn|20\n|c|\u2606Ill Leave|gg\n|\n|t:|1645814543\n|move|p1a: Uxie|Psychic|p2a: Mantine\n|-damage|p2a: Mantine|0 fnt\n|faint|p2a: Mantine\n|\n|win|Sus test Breloom\n|n|\u2606Sus test Breloom|sustestbreloom\n|n|\u2606Ill Leave|illleave\n|n| Swampert_Fan_020|swampertfan020\n|n| Team Goalz|teamgoalz\n|n|+Sputnikk|sputnikk\n|n| MorSpark_GAMING|morsparkgaming\n|l|\u2606Sus test Breloom\n","uploadtime":1645814546,"views":88,"p1id":"sustestbreloom","p2id":"illleave","formatid":"gen8bdspru","rating":0,"private":0,"password":null}