{"id":"gen8ou-1706391531","p1":"Jamario Mariomario","p2":"minimax_ai","format":"gen8ou","log":"|j|\u2606Jamario Mariomario\n|j|\u2606minimax_ai\n|t:|1667984203\n|gametype|singles\n|player|p1|Jamario Mariomario|bugcatcher|1643\n|player|p2|minimax_ai|169|1679\n|teamsize|p1|6\n|teamsize|p2|6\n|gen|8\n|tier|[Gen 8] OU\n|rated|\n|rule|Sleep Clause Mod: Limit one foe put to sleep\n|rule|Species Clause: Limit one of each Pok\u00e9mon\n|rule|OHKO Clause: OHKO moves are banned\n|rule|Evasion Items Clause: Evasion items are banned\n|rule|Evasion Moves Clause: Evasion moves are banned\n|rule|Endless Battle Clause: Forcing endless battles is banned\n|rule|HP Percentage Mod: HP is shown in percentages\n|rule|Dynamax Clause: You cannot dynamax\n|clearpoke\n|poke|p1|Volcanion|\n|poke|p1|Corviknight, M|\n|poke|p1|Mamoswine, M|\n|poke|p1|Blissey, F|\n|poke|p1|Rillaboom, F|\n|poke|p1|Hydreigon, M|\n|poke|p2|Rotom-Wash|\n|poke|p2|Weavile, F|\n|poke|p2|Landorus-Therian, M|\n|poke|p2|Heatran, M|\n|poke|p2|Tangrowth, M|\n|poke|p2|Melmetal|\n|teampreview\n|\n|t:|1667984207\n|start\n|switch|p1a: Rillaboom|Rillaboom, F|100\/100\n|switch|p2a: Melmetal|Melmetal|100\/100\n|-fieldstart|move: Grassy Terrain|[from] ability: Grassy Surge|[of] p1a: Rillaboom\n|turn|1\n|c|\u2606minimax_ai|hf\n|inactive|Battle timer is ON: inactive players will automatically lose when time's up. (requested by minimax_ai)\n|inactive|Jamario Mariomario also wants the timer to be on.\n|j| Z0ne_Ro33E\n|\n|t:|1667984210\n|move|p1a: Rillaboom|U-turn|p2a: Melmetal\n|-resisted|p2a: Melmetal\n|-damage|p2a: Melmetal|90\/100\n|\n|t:|1667984212\n|switch|p1a: Corviknight|Corviknight, M|100\/100|[from]move: U-turn\n|-ability|p1a: Corviknight|Pressure\n|move|p2a: Melmetal|Double Iron Bash|p1a: Corviknight\n|-resisted|p1a: Corviknight\n|-damage|p1a: Corviknight|89\/100\n|-damage|p2a: Melmetal|74\/100|[from] item: Rocky Helmet|[of] p1a: Corviknight\n|-resisted|p1a: Corviknight\n|-damage|p1a: Corviknight|76\/100\n|-damage|p2a: Melmetal|57\/100|[from] item: Rocky Helmet|[of] p1a: Corviknight\n|-hitcount|p1a: Corviknight|2\n|\n|-heal|p2a: Melmetal|63\/100|[from] Grassy Terrain\n|upkeep\n|turn|2\n|\n|t:|1667984215\n|move|p1a: Corviknight|Body Press|p2a: Melmetal\n|-supereffective|p2a: Melmetal\n|-damage|p2a: Melmetal|31\/100\n|move|p2a: Melmetal|Thunder Punch|p1a: Corviknight\n|-supereffective|p1a: Corviknight\n|-damage|p1a: Corviknight|35\/100\n|-damage|p2a: Melmetal|15\/100|[from] item: Rocky Helmet|[of] p1a: Corviknight\n|\n|-heal|p2a: Melmetal|21\/100|[from] Grassy Terrain\n|upkeep\n|turn|3\n|\n|t:|1667984218\n|switch|p2a: rotomwash|Rotom-Wash|100\/100\n|move|p1a: Corviknight|Roost|p1a: Corviknight\n|-heal|p1a: Corviknight|85\/100\n|-singleturn|p1a: Corviknight|move: Roost\n|\n|-heal|p1a: Corviknight|91\/100|[from] Grassy Terrain\n|upkeep\n|turn|4\n|\n|t:|1667984220\n|switch|p1a: Mamoswine|Mamoswine, M|100\/100\n|move|p2a: rotomwash|Thunderbolt|p1a: Mamoswine\n|-immune|p1a: Mamoswine\n|\n|upkeep\n|turn|5\n|\n|t:|1667984231\n|switch|p1a: Blissey|Blissey, F|100\/100\n|move|p2a: rotomwash|Hydro Pump|p1a: Blissey\n|-damage|p1a: Blissey|83\/100\n|\n|-heal|p1a: Blissey|89\/100|[from] Grassy Terrain\n|-fieldend|move: Grassy Terrain\n|upkeep\n|turn|6\n|\n|t:|1667984242\n|move|p2a: rotomwash|Pain Split|p1a: Blissey\n|-sethp|p1a: Blissey|66\/100|[from] move: Pain Split|[silent]\n|-sethp|p2a: rotomwash|100\/100|[from] move: Pain Split\n|move|p1a: Blissey|Toxic|p2a: rotomwash\n|-status|p2a: rotomwash|tox\n|\n|-damage|p2a: rotomwash|94\/100 tox|[from] psn\n|upkeep\n|turn|7\n|\n|t:|1667984244\n|move|p2a: rotomwash|Thunderbolt|p1a: Blissey\n|-damage|p1a: Blissey|53\/100\n|move|p1a: Blissey|Soft-Boiled|p1a: Blissey\n|-heal|p1a: Blissey|100\/100\n|\n|-heal|p2a: rotomwash|100\/100 tox|[from] item: Leftovers\n|-damage|p2a: rotomwash|88\/100 tox|[from] psn\n|upkeep\n|turn|8\n|\n|t:|1667984247\n|move|p2a: rotomwash|Pain Split|p1a: Blissey\n|-sethp|p1a: Blissey|69\/100|[from] move: Pain Split|[silent]\n|-sethp|p2a: rotomwash|100\/100 tox|[from] move: Pain Split\n|move|p1a: Blissey|Seismic Toss|p2a: rotomwash\n|-damage|p2a: rotomwash|68\/100 tox\n|\n|-heal|p2a: rotomwash|74\/100 tox|[from] item: Leftovers\n|-damage|p2a: rotomwash|55\/100 tox|[from] psn\n|upkeep\n|turn|9\n|\n|t:|1667984249\n|move|p2a: rotomwash|Pain Split|p1a: Blissey\n|-sethp|p1a: Blissey|46\/100|[from] move: Pain Split|[silent]\n|-sethp|p2a: rotomwash|100\/100 tox|[from] move: Pain Split\n|move|p1a: Blissey|Soft-Boiled|p1a: Blissey\n|-heal|p1a: Blissey|96\/100\n|\n|-damage|p2a: rotomwash|75\/100 tox|[from] psn\n|upkeep\n|turn|10\n|\n|t:|1667984251\n|move|p2a: rotomwash|Pain Split|p1a: Blissey\n|-sethp|p1a: Blissey|64\/100|[from] move: Pain Split|[silent]\n|-sethp|p2a: rotomwash|100\/100 tox|[from] move: Pain Split\n|move|p1a: Blissey|Seismic Toss|p2a: rotomwash\n|-damage|p2a: rotomwash|68\/100 tox\n|\n|-heal|p2a: rotomwash|74\/100 tox|[from] item: Leftovers\n|-damage|p2a: rotomwash|43\/100 tox|[from] psn\n|upkeep\n|turn|11\n|\n|t:|1667984254\n|move|p2a: rotomwash|Pain Split|p1a: Blissey\n|-sethp|p1a: Blissey|41\/100|[from] move: Pain Split|[silent]\n|-sethp|p2a: rotomwash|97\/100 tox|[from] move: Pain Split\n|move|p1a: Blissey|Seismic Toss|p2a: rotomwash\n|-damage|p2a: rotomwash|64\/100 tox\n|\n|-heal|p2a: rotomwash|70\/100 tox|[from] item: Leftovers\n|-damage|p2a: rotomwash|32\/100 tox|[from] psn\n|upkeep\n|turn|12\n|\n|t:|1667984256\n|move|p2a: rotomwash|Pain Split|p1a: Blissey\n|-sethp|p1a: Blissey|28\/100|[from] move: Pain Split|[silent]\n|-sethp|p2a: rotomwash|64\/100 tox|[from] move: Pain Split\n|move|p1a: Blissey|Soft-Boiled|p1a: Blissey\n|-heal|p1a: Blissey|78\/100\n|\n|-heal|p2a: rotomwash|71\/100 tox|[from] item: Leftovers\n|-damage|p2a: rotomwash|27\/100 tox|[from] psn\n|upkeep\n|turn|13\n|\n|t:|1667984259\n|move|p2a: rotomwash|Pain Split|p1a: Blissey\n|-sethp|p1a: Blissey|45\/100|[from] move: Pain Split|[silent]\n|-sethp|p2a: rotomwash|100\/100 tox|[from] move: Pain Split\n|move|p1a: Blissey|Seismic Toss|p2a: rotomwash\n|-damage|p2a: rotomwash|68\/100 tox\n|\n|-heal|p2a: rotomwash|74\/100 tox|[from] item: Leftovers\n|-damage|p2a: rotomwash|24\/100 tox|[from] psn\n|upkeep\n|turn|14\n|\n|t:|1667984262\n|move|p2a: rotomwash|Pain Split|p1a: Blissey\n|-sethp|p1a: Blissey|28\/100|[from] move: Pain Split|[silent]\n|-sethp|p2a: rotomwash|64\/100 tox|[from] move: Pain Split\n|move|p1a: Blissey|Soft-Boiled|p1a: Blissey\n|-heal|p1a: Blissey|78\/100\n|\n|-heal|p2a: rotomwash|70\/100 tox|[from] item: Leftovers\n|-damage|p2a: rotomwash|14\/100 tox|[from] psn\n|upkeep\n|turn|15\n|\n|t:|1667984264\n|move|p2a: rotomwash|Pain Split|p1a: Blissey\n|-sethp|p1a: Blissey|42\/100|[from] move: Pain Split|[silent]\n|-sethp|p2a: rotomwash|98\/100 tox|[from] move: Pain Split\n|move|p1a: Blissey|Soft-Boiled|p1a: Blissey\n|-heal|p1a: Blissey|92\/100\n|\n|-heal|p2a: rotomwash|100\/100 tox|[from] item: Leftovers\n|-damage|p2a: rotomwash|38\/100 tox|[from] psn\n|upkeep\n|turn|16\n|\n|t:|1667984273\n|move|p2a: rotomwash|Pain Split|p1a: Blissey\n|-sethp|p1a: Blissey|54\/100|[from] move: Pain Split|[silent]\n|-sethp|p2a: rotomwash|100\/100 tox|[from] move: Pain Split\n|move|p1a: Blissey|Soft-Boiled|p1a: Blissey\n|-heal|p1a: Blissey|100\/100\n|\n|-damage|p2a: rotomwash|32\/100 tox|[from] psn\n|upkeep\n|turn|17\n|\n|t:|1667984281\n|move|p2a: rotomwash|Pain Split|p1a: Blissey\n|-sethp|p1a: Blissey|57\/100|[from] move: Pain Split|[silent]\n|-sethp|p2a: rotomwash|100\/100 tox|[from] move: Pain Split\n|move|p1a: Blissey|Soft-Boiled|p1a: Blissey\n|-heal|p1a: Blissey|100\/100\n|\n|-damage|p2a: rotomwash|25\/100 tox|[from] psn\n|upkeep\n|turn|18\n|\n|t:|1667984285\n|move|p2a: rotomwash|Pain Split|p1a: Blissey\n|-sethp|p1a: Blissey|56\/100|[from] move: Pain Split|[silent]\n|-sethp|p2a: rotomwash|100\/100 tox|[from] move: Pain Split\n|move|p1a: Blissey|Soft-Boiled|p1a: Blissey\n|-heal|p1a: Blissey|100\/100\n|\n|-damage|p2a: rotomwash|19\/100 tox|[from] psn\n|upkeep\n|turn|19\n|\n|t:|1667984292\n|move|p2a: rotomwash|Pain Split|p1a: Blissey\n|-sethp|p1a: Blissey|54\/100|[from] move: Pain Split|[silent]\n|-sethp|p2a: rotomwash|100\/100 tox|[from] move: Pain Split\n|move|p1a: Blissey|Soft-Boiled|p1a: Blissey\n|-heal|p1a: Blissey|100\/100\n|\n|-damage|p2a: rotomwash|13\/100 tox|[from] psn\n|upkeep\n|turn|20\n|\n|t:|1667984300\n|move|p2a: rotomwash|Pain Split|p1a: Blissey\n|-sethp|p1a: Blissey|53\/100|[from] move: Pain Split|[silent]\n|-sethp|p2a: rotomwash|100\/100 tox|[from] move: Pain Split\n|move|p1a: Blissey|Soft-Boiled|p1a: Blissey\n|-heal|p1a: Blissey|100\/100\n|\n|-damage|p2a: rotomwash|7\/100 tox|[from] psn\n|upkeep\n|turn|21\n|l| Z0ne_Ro33E\n|\n|t:|1667984313\n|switch|p1a: Hydreigon|Hydreigon, M|100\/100\n|move|p2a: rotomwash|Pain Split|p1a: Hydreigon\n|-sethp|p1a: Hydreigon|53\/100|[from] move: Pain Split|[silent]\n|-sethp|p2a: rotomwash|57\/100 tox|[from] move: Pain Split\n|\n|-heal|p2a: rotomwash|63\/100 tox|[from] item: Leftovers\n|-damage|p2a: rotomwash|0 fnt|[from] psn\n|faint|p2a: rotomwash\n|upkeep\n|\n|t:|1667984314\n|switch|p2a: landorustherian|Landorus-Therian, M|100\/100\n|-ability|p2a: landorustherian|Intimidate|boost\n|-unboost|p1a: Hydreigon|atk|1\n|turn|22\n|\n|t:|1667984323\n|switch|p1a: Corviknight|Corviknight, M|91\/100\n|-ability|p1a: Corviknight|Pressure\n|move|p2a: landorustherian|Toxic|p1a: Corviknight\n|-immune|p1a: Corviknight\n|\n|upkeep\n|turn|23\n|\n|t:|1667984326\n|move|p2a: landorustherian|Earthquake|p1a: Corviknight\n|-immune|p1a: Corviknight\n|move|p1a: Corviknight|Body Press|p2a: landorustherian\n|-resisted|p2a: landorustherian\n|-damage|p2a: landorustherian|89\/100\n|\n|-heal|p2a: landorustherian|95\/100|[from] item: Leftovers\n|upkeep\n|turn|24\n|\n|t:|1667984328\n|move|p2a: landorustherian|Earthquake|p1a: Corviknight\n|-immune|p1a: Corviknight\n|move|p1a: Corviknight|Body Press|p2a: landorustherian\n|-resisted|p2a: landorustherian\n|-damage|p2a: landorustherian|82\/100\n|\n|-heal|p2a: landorustherian|88\/100|[from] item: Leftovers\n|upkeep\n|turn|25\n|\n|t:|1667984331\n|move|p2a: landorustherian|Earthquake|p1a: Corviknight\n|-immune|p1a: Corviknight\n|move|p1a: Corviknight|Body Press|p2a: landorustherian\n|-resisted|p2a: landorustherian\n|-damage|p2a: landorustherian|75\/100\n|\n|-heal|p2a: landorustherian|81\/100|[from] item: Leftovers\n|upkeep\n|turn|26\n|\n|t:|1667984334\n|move|p2a: landorustherian|Earthquake|p1a: Corviknight\n|-immune|p1a: Corviknight\n|move|p1a: Corviknight|U-turn|p2a: landorustherian\n|-resisted|p2a: landorustherian\n|-damage|p2a: landorustherian|74\/100\n|\n|t:|1667984337\n|switch|p1a: Mamoswine|Mamoswine, M|100\/100|[from]move: U-turn\n|\n|-heal|p2a: landorustherian|80\/100|[from] item: Leftovers\n|upkeep\n|turn|27\n|\n|t:|1667984353\n|switch|p2a: Heatran|Heatran, M|100\/100\n|-item|p2a: Heatran|Air Balloon\n|move|p1a: Mamoswine|Icicle Crash|p2a: Heatran\n|-resisted|p2a: Heatran\n|-damage|p2a: Heatran|90\/100\n|-enditem|p2a: Heatran|Air Balloon\n|\n|upkeep\n|turn|28\n|\n|t:|1667984355\n|move|p1a: Mamoswine|High Horsepower|p2a: Heatran\n|-supereffective|p2a: Heatran\n|-damage|p2a: Heatran|0 fnt\n|faint|p2a: Heatran\n|\n|upkeep\n|\n|t:|1667984355\n|switch|p2a: Weavile|Weavile, F|100\/100\n|-ability|p2a: Weavile|Pressure\n|turn|29\n|\n|t:|1667984361\n|move|p2a: Weavile|Knock Off|p1a: Mamoswine\n|-damage|p1a: Mamoswine|15\/100\n|-enditem|p1a: Mamoswine|Focus Sash|[from] move: Knock Off|[of] p2a: Weavile\n|move|p1a: Mamoswine|High Horsepower|p2a: Weavile\n|-damage|p2a: Weavile|8\/100\n|\n|upkeep\n|turn|30\n|\n|t:|1667984366\n|move|p1a: Mamoswine|Ice Shard|p2a: Weavile\n|-resisted|p2a: Weavile\n|-damage|p2a: Weavile|0 fnt\n|faint|p2a: Weavile\n|\n|upkeep\n|\n|t:|1667984367\n|switch|p2a: Tangrowth|Tangrowth, M|100\/100\n|turn|31\n|\n|t:|1667984372\n|switch|p1a: Blissey|Blissey, F|100\/100\n|move|p2a: Tangrowth|Sleep Powder|p1a: Blissey|[miss]\n|-miss|p2a: Tangrowth|p1a: Blissey\n|\n|upkeep\n|turn|32\n|\n|t:|1667984374\n|move|p1a: Blissey|Toxic|p2a: Tangrowth\n|-status|p2a: Tangrowth|tox\n|move|p2a: Tangrowth|Sleep Powder|p1a: Blissey\n|-status|p1a: Blissey|slp|[from] move: Sleep Powder\n|\n|-damage|p2a: Tangrowth|94\/100 tox|[from] psn\n|upkeep\n|turn|33\n|\n|t:|1667984376\n|cant|p1a: Blissey|slp\n|move|p2a: Tangrowth|Sleep Powder|p1a: Blissey\n|-fail|p1a: Blissey|slp\n|\n|-damage|p2a: Tangrowth|82\/100 tox|[from] psn\n|upkeep\n|turn|34\n|\n|t:|1667984378\n|-curestatus|p1a: Blissey|slp|[msg]\n|move|p1a: Blissey|Seismic Toss|p2a: Tangrowth\n|-damage|p2a: Tangrowth|57\/100 tox\n|-damage|p1a: Blissey|84\/100|[from] item: Rocky Helmet|[of] p2a: Tangrowth\n|move|p2a: Tangrowth|Sleep Powder|p1a: Blissey\n|-status|p1a: Blissey|slp|[from] move: Sleep Powder\n|\n|-damage|p2a: Tangrowth|39\/100 tox|[from] psn\n|upkeep\n|turn|35\n|\n|t:|1667984383\n|cant|p1a: Blissey|slp\n|move|p2a: Tangrowth|Giga Drain|p1a: Blissey\n|-damage|p1a: Blissey|74\/100 slp\n|-heal|p2a: Tangrowth|47\/100 tox|[from] drain|[of] p1a: Blissey\n|\n|-damage|p2a: Tangrowth|23\/100 tox|[from] psn\n|upkeep\n|turn|36\n|\n|t:|1667984386\n|-curestatus|p1a: Blissey|slp|[msg]\n|move|p1a: Blissey|Soft-Boiled|p1a: Blissey\n|-heal|p1a: Blissey|100\/100\n|move|p2a: Tangrowth|Focus Blast|p1a: Blissey\n|-supereffective|p1a: Blissey\n|-damage|p1a: Blissey|78\/100\n|\n|-damage|p2a: Tangrowth|0 fnt|[from] psn\n|faint|p2a: Tangrowth\n|upkeep\n|\n|t:|1667984386\n|switch|p2a: Melmetal|Melmetal|21\/100\n|turn|37\n|\n|t:|1667984389\n|move|p1a: Blissey|Seismic Toss|p2a: Melmetal\n|-damage|p2a: Melmetal|0 fnt\n|faint|p2a: Melmetal\n|\n|upkeep\n|\n|t:|1667984389\n|switch|p2a: landorustherian|Landorus-Therian, M|80\/100\n|-ability|p2a: landorustherian|Intimidate|boost\n|-unboost|p1a: Blissey|atk|1\n|turn|38\n|\n|t:|1667984392\n|move|p2a: landorustherian|Earthquake|p1a: Blissey\n|-damage|p1a: Blissey|35\/100\n|move|p1a: Blissey|Toxic|p2a: landorustherian\n|-status|p2a: landorustherian|tox\n|\n|-heal|p2a: landorustherian|86\/100 tox|[from] item: Leftovers\n|-damage|p2a: landorustherian|80\/100 tox|[from] psn\n|upkeep\n|turn|39\n|\n|t:|1667984395\n|switch|p1a: Corviknight|Corviknight, M|91\/100\n|-ability|p1a: Corviknight|Pressure\n|move|p2a: landorustherian|U-turn|p1a: Corviknight\n|-resisted|p1a: Corviknight\n|-damage|p1a: Corviknight|88\/100\n|-damage|p2a: landorustherian|63\/100 tox|[from] item: Rocky Helmet|[of] p1a: Corviknight\n|\n|-heal|p2a: landorustherian|70\/100 tox|[from] item: Leftovers\n|-damage|p2a: landorustherian|57\/100 tox|[from] psn\n|upkeep\n|turn|40\n|\n|t:|1667984398\n|move|p2a: landorustherian|U-turn|p1a: Corviknight\n|-resisted|p1a: Corviknight\n|-damage|p1a: Corviknight|84\/100\n|-damage|p2a: landorustherian|41\/100 tox|[from] item: Rocky Helmet|[of] p1a: Corviknight\n|move|p1a: Corviknight|Roost|p1a: Corviknight\n|-heal|p1a: Corviknight|100\/100\n|-singleturn|p1a: Corviknight|move: Roost\n|\n|-heal|p2a: landorustherian|47\/100 tox|[from] item: Leftovers\n|-damage|p2a: landorustherian|29\/100 tox|[from] psn\n|upkeep\n|turn|41\n|\n|t:|1667984402\n|move|p2a: landorustherian|U-turn|p1a: Corviknight\n|-resisted|p1a: Corviknight\n|-damage|p1a: Corviknight|97\/100\n|-damage|p2a: landorustherian|12\/100 tox|[from] item: Rocky Helmet|[of] p1a: Corviknight\n|move|p1a: Corviknight|Roost|p1a: Corviknight\n|-heal|p1a: Corviknight|100\/100\n|-singleturn|p1a: Corviknight|move: Roost\n|\n|-heal|p2a: landorustherian|18\/100 tox|[from] item: Leftovers\n|-damage|p2a: landorustherian|0 fnt|[from] psn\n|faint|p2a: landorustherian\n|\n|win|Jamario Mariomario\n|upkeep\n|raw|Jamario Mariomario's rating: 1643 &rarr; <strong>1665<\/strong><br \/>(+22 for winning)\n|raw|minimax_ai's rating: 1679 &rarr; <strong>1657<\/strong><br \/>(-22 for losing)\n|c|\u2606minimax_ai|gg\n","uploadtime":1667984404,"views":6,"p1id":"jamariomariomario","p2id":"minimaxai","formatid":"gen8ou","rating":1657,"private":0,"password":null}