{"id":"gen8randombattle-1140097282","p1":"Pokefreak77","p2":"dabao665","format":"gen8randombattle","log":"|j|\u2606Pokefreak77\n|j|\u2606dabao665\n|player|p1|Pokefreak77|1|1892\n|player|p2|dabao665|winona|1863\n|teamsize|p1|6\n|teamsize|p2|6\n|gametype|singles\n|gen|8\n|tier|[Gen 8] Random Battle\n|rated|\n|rule|Species Clause: Limit one of each Pok\u00e9mon\n|rule|HP Percentage Mod: HP is shown in percentages\n|rule|Sleep Clause Mod: Limit one foe put to sleep\n|\n|start\n|switch|p1a: Lucario|Lucario, L82, F|249\/249\n|switch|p2a: Rapidash|Rapidash-Galar, L88, F|258\/258\n|turn|1\n|\n|switch|p2a: Torkoal|Torkoal, L84, F|255\/255\n|-weather|SunnyDay|[from] ability: Drought|[of] p2a: Torkoal\n|move|p1a: Lucario|Meteor Mash|p2a: Torkoal\n|-resisted|p2a: Torkoal\n|-damage|p2a: Torkoal|220\/255\n|\n|-weather|SunnyDay|[upkeep]\n|upkeep\n|turn|2\n|\n|move|p1a: Lucario|Swords Dance|p1a: Lucario\n|-boost|p1a: Lucario|atk|2\n|move|p2a: Torkoal|Lava Plume|p1a: Lucario\n|-supereffective|p1a: Lucario\n|-enditem|p1a: Lucario|Focus Sash\n|-damage|p1a: Lucario|1\/249\n|-status|p1a: Lucario|brn\n|\n|-weather|SunnyDay|[upkeep]\n|-damage|p1a: Lucario|0 fnt|[from] brn\n|faint|p1a: Lucario\n|upkeep\n|\n|switch|p1a: Porygon2|Porygon2, L84|280\/280\n|-ability|p1a: Porygon2|Download|boost\n|-boost|p1a: Porygon2|spa|1\n|turn|3\n|l|\u2606dabao665\n|player|p2|\n|j|\u2606dabao665\n|player|p2|dabao665|winona\n|inactive|Battle timer is ON: inactive players will automatically lose when time's up. (requested by Pokefreak77)\n|\n|move|p1a: Porygon2|Toxic|p2a: Torkoal\n|-status|p2a: Torkoal|tox\n|move|p2a: Torkoal|Stealth Rock|p1a: Porygon2\n|-sidestart|p1: Pokefreak77|move: Stealth Rock\n|\n|-weather|SunnyDay|[upkeep]\n|-damage|p2a: Torkoal|205\/255 tox|[from] psn\n|upkeep\n|turn|4\n|\n|switch|p2a: Magnezone|Magnezone, L82|249\/249\n|move|p1a: Porygon2|Tri Attack|p2a: Magnezone\n|-resisted|p2a: Magnezone\n|-damage|p2a: Magnezone|203\/249\n|\n|-weather|SunnyDay|[upkeep]\n|upkeep\n|turn|5\n|\n|move|p1a: Porygon2|Tri Attack|p2a: Magnezone\n|-resisted|p2a: Magnezone\n|-damage|p2a: Magnezone|155\/249\n|move|p2a: Magnezone|Thunderbolt|p1a: Porygon2\n|-damage|p1a: Porygon2|207\/280\n|-status|p1a: Porygon2|par\n|\n|-weather|none\n|upkeep\n|turn|6\n|\n|move|p2a: Magnezone|Flash Cannon|p1a: Porygon2\n|-damage|p1a: Porygon2|137\/280 par\n|cant|p1a: Porygon2|par\n|\n|upkeep\n|turn|7\n|\n|move|p2a: Magnezone|Flash Cannon|p1a: Porygon2\n|-damage|p1a: Porygon2|73\/280 par\n|cant|p1a: Porygon2|par\n|\n|upkeep\n|turn|8\n|\n|move|p2a: Magnezone|Flash Cannon|p1a: Porygon2\n|-damage|p1a: Porygon2|13\/280 par\n|move|p1a: Porygon2|Recover|p1a: Porygon2\n|-heal|p1a: Porygon2|153\/280 par\n|\n|upkeep\n|turn|9\n|inactive|dabao665 has 120 seconds left.\n|\n|move|p2a: Magnezone|Flash Cannon|p1a: Porygon2\n|-crit|p1a: Porygon2\n|-damage|p1a: Porygon2|53\/280 par\n|cant|p1a: Porygon2|par\n|\n|upkeep\n|turn|10\n|-message|Pokefreak77 forfeited.\n|\n|win|dabao665\n|l|\u2606Pokefreak77\n||Ladder (probably) updated, but score could not be retrieved (Request timeout).\n","inputlog":">version 0e0ad1f3d8d403304322b841bb20ad0f7a94dee2\n>start {\"formatid\":\"gen8randombattle\",\"seed\":[42115,41354,17469,31458],\"rated\":\"Rated battle\"}\n>player p1 {\"name\":\"Pokefreak77\",\"avatar\":\"1\",\"team\":\"\",\"rating\":1892,\"seed\":[10350,11617,59778,63204]}\n>player p2 {\"name\":\"dabao665\",\"avatar\":\"winona\",\"team\":\"\",\"rating\":1863,\"seed\":[38040,20221,13446,7882]}\n>p1 move meteormash\n>p2 switch 5\n>p1 move swordsdance\n>p2 move lavaplume\n>p1 switch 3\n>p1 move toxic\n>p2 move stealthrock\n>p1 move triattack\n>p2 switch 4\n>p1 move triattack\n>p2 move thunderbolt\n>p1 move triattack\n>p2 move flashcannon\n>p1 move recover\n>p2 move flashcannon\n>p1 move recover\n>p2 move flashcannon\n>p1 move triattack\n>p2 move flashcannon","uploadtime":1593182255,"views":0,"p1id":"pokefreak77","p2id":"dabao665","formatid":"gen8randombattle","rating":0,"private":0,"password":null}