{"id":"gen8nationaldex-1516063364","p1":"Gen5_Meta_Is_Back","p2":"Blacksponge","format":"gen8nationaldex","log":"|html|<div class=\"broadcast-blue\"><strong>[Gen 8] National Dex is currently suspecting Dragapult! For information on how to participate check out the <a href=\"https:\/\/www.smogon.com\/forums\/threads\/national-dex-suspect-test-14-ghost-girl.3697927\/\">suspect thread<\/a>.<\/strong><\/div>\n|j|\u2606Gen5_Meta_Is_Back\n|j|\u2606Blacksponge\n|t:|1645491655\n|gametype|singles\n|player|p1|Gen5_Meta_Is_Back|smasher|1168\n|player|p2|Blacksponge|265|1185\n|teamsize|p1|6\n|teamsize|p2|6\n|gen|8\n|tier|[Gen 8] National Dex\n|rated|\n|rule|HP Percentage Mod: HP is shown in percentages\n|rule|Endless Battle Clause: Forcing endless battles is banned\n|rule|OHKO Clause: OHKO moves are banned\n|rule|Evasion Moves Clause: Evasion moves are banned\n|rule|Species Clause: Limit one of each Pok\u00e9mon\n|rule|Dynamax Clause: You cannot dynamax\n|rule|Sleep Clause Mod: Limit one foe put to sleep\n|clearpoke\n|poke|p1|Hippowdon, M|\n|poke|p1|Heatran, M|\n|poke|p1|Hatterene, F|\n|poke|p1|Excadrill, M|\n|poke|p1|Toxapex, F|\n|poke|p1|Kartana|\n|poke|p2|Kyurem|\n|poke|p2|Lopunny, F|\n|poke|p2|Corviknight, F|\n|poke|p2|Blissey, F|\n|poke|p2|Serperior, M|\n|poke|p2|Victini|\n|teampreview\n|\n|t:|1645491669\n|start\n|switch|p1a: Toxapex|Toxapex, F|100\/100\n|switch|p2a: Victini|Victini|100\/100\n|turn|1\n|\n|t:|1645491673\n|move|p2a: Victini|Trick|p1a: Toxapex\n|-activate|p2a: Victini|move: Trick|[of] p1a: Toxapex\n|-item|p1a: Toxapex|Choice Band|[from] move: Trick\n|-item|p2a: Victini|Black Sludge|[from] move: Trick\n|move|p1a: Toxapex|Scald|p2a: Victini\n|-supereffective|p2a: Victini\n|-damage|p2a: Victini|69\/100\n|\n|-damage|p2a: Victini|57\/100|[from] item: Black Sludge\n|upkeep\n|turn|2\n|\n|t:|1645491682\n|switch|p2a: Blissey|Blissey, F|100\/100\n|switch|p1a: Hippowdon|Hippowdon, M|100\/100\n|-weather|Sandstorm|[from] ability: Sand Stream|[of] p1a: Hippowdon\n|\n|-weather|Sandstorm|[upkeep]\n|-damage|p2a: Blissey|94\/100|[from] Sandstorm\n|upkeep\n|turn|3\n|\n|t:|1645491687\n|move|p2a: Blissey|Stealth Rock|p1a: Hippowdon\n|-sidestart|p1: Gen5_Meta_Is_Back|move: Stealth Rock\n|move|p1a: Hippowdon|Stealth Rock|p2a: Blissey\n|-sidestart|p2: Blacksponge|move: Stealth Rock\n|\n|-weather|Sandstorm|[upkeep]\n|-damage|p2a: Blissey|88\/100|[from] Sandstorm\n|upkeep\n|turn|4\n|\n|t:|1645491690\n|move|p1a: Hippowdon|Earthquake|p2a: Blissey\n|-damage|p2a: Blissey|51\/100\n|move|p2a: Blissey|Teleport|p2a: Blissey\n|\n|t:|1645491694\n|switch|p2a: Serperior|Serperior, M|100\/100|[from]move: Teleport\n|-damage|p2a: Serperior|88\/100|[from] Stealth Rock\n|\n|-weather|Sandstorm|[upkeep]\n|-damage|p2a: Serperior|82\/100|[from] Sandstorm\n|upkeep\n|turn|5\n|\n|t:|1645491709\n|switch|p1a: Kartana|Kartana|100\/100\n|-damage|p1a: Kartana|94\/100|[from] Stealth Rock\n|move|p2a: Serperior|Glare|p1a: Kartana\n|-status|p1a: Kartana|par\n|\n|-weather|Sandstorm|[upkeep]\n|-damage|p2a: Serperior|76\/100|[from] Sandstorm\n|upkeep\n|turn|6\n|\n|t:|1645491713\n|switch|p2a: Corviknight|Corviknight, F|100\/100\n|-damage|p2a: Corviknight|88\/100|[from] Stealth Rock\n|-ability|p2a: Corviknight|Pressure\n|move|p1a: Kartana|Knock Off|p2a: Corviknight\n|-damage|p2a: Corviknight|57\/100\n|-enditem|p2a: Corviknight|Shed Shell|[from] move: Knock Off|[of] p1a: Kartana\n|-damage|p1a: Kartana|84\/100 par|[from] item: Life Orb\n|\n|-weather|none\n|upkeep\n|turn|7\n|\n|t:|1645491723\n|switch|p1a: Toxapex|Toxapex, F|100\/100\n|-damage|p1a: Toxapex|88\/100|[from] Stealth Rock\n|move|p2a: Corviknight|Roost|p2a: Corviknight\n|-heal|p2a: Corviknight|100\/100\n|-singleturn|p2a: Corviknight|move: Roost\n|\n|upkeep\n|turn|8\n|\n|t:|1645491726\n|move|p2a: Corviknight|Defog|p1a: Toxapex\n|-unboost|p1a: Toxapex|evasion|1\n|-sideend|p1: Gen5_Meta_Is_Back|Stealth Rock|[from] move: Defog|[of] p2a: Corviknight\n|-sideend|p2: Blacksponge|Stealth Rock|[from] move: Defog|[of] p2a: Corviknight\n|move|p1a: Toxapex|Scald|p2a: Corviknight\n|-damage|p2a: Corviknight|83\/100\n|\n|upkeep\n|turn|9\n|\n|t:|1645491734\n|switch|p2a: Kyurem|Kyurem|100\/100\n|-ability|p2a: Kyurem|Pressure\n|move|p1a: Toxapex|Scald|p2a: Kyurem\n|-resisted|p2a: Kyurem\n|-damage|p2a: Kyurem|93\/100\n|\n|upkeep\n|turn|10\n|\n|t:|1645491744\n|switch|p1a: Hippowdon|Hippowdon, M|100\/100\n|-weather|Sandstorm|[from] ability: Sand Stream|[of] p1a: Hippowdon\n|move|p2a: Kyurem|Earth Power|p1a: Hippowdon\n|-damage|p1a: Hippowdon|58\/100\n|\n|-weather|Sandstorm|[upkeep]\n|-damage|p2a: Kyurem|87\/100|[from] Sandstorm\n|-heal|p1a: Hippowdon|64\/100|[from] item: Leftovers\n|upkeep\n|turn|11\n|\n|t:|1645491768\n|move|p2a: Kyurem|Earth Power|p1a: Hippowdon\n|-damage|p1a: Hippowdon|23\/100\n|move|p1a: Hippowdon|Slack Off|p1a: Hippowdon\n|-heal|p1a: Hippowdon|73\/100\n|\n|-weather|Sandstorm|[upkeep]\n|-damage|p2a: Kyurem|81\/100|[from] Sandstorm\n|-heal|p1a: Hippowdon|79\/100|[from] item: Leftovers\n|upkeep\n|turn|12\n|\n|t:|1645491785\n|switch|p2a: Serperior|Serperior, M|76\/100\n|switch|p1a: Toxapex|Toxapex, F|100\/100\n|\n|-weather|Sandstorm|[upkeep]\n|-damage|p2a: Serperior|70\/100|[from] Sandstorm\n|-damage|p1a: Toxapex|94\/100|[from] Sandstorm\n|upkeep\n|turn|13\n|\n|t:|1645491791\n|move|p2a: Serperior|Leaf Storm|p1a: Toxapex|[miss]\n|-miss|p2a: Serperior|p1a: Toxapex\n|move|p1a: Toxapex|Toxic|p2a: Serperior\n|-status|p2a: Serperior|tox\n|\n|-weather|Sandstorm|[upkeep]\n|-damage|p2a: Serperior|63\/100 tox|[from] Sandstorm\n|-damage|p1a: Toxapex|88\/100|[from] Sandstorm\n|-damage|p2a: Serperior|57\/100 tox|[from] psn\n|upkeep\n|turn|14\n|\n|t:|1645491800\n|switch|p2a: Lopunny|Lopunny, F|100\/100\n|switch|p1a: Kartana|Kartana|84\/100 par\n|\n|-weather|none\n|upkeep\n|turn|15\n|\n|t:|1645491814\n|switch|p1a: Toxapex|Toxapex, F|100\/100\n|detailschange|p2a: Lopunny|Lopunny-Mega, F\n|-mega|p2a: Lopunny|Lopunny|Lopunnite\n|move|p2a: Lopunny|U-turn|p1a: Toxapex\n|-resisted|p1a: Toxapex\n|-damage|p1a: Toxapex|92\/100\n|\n|t:|1645491817\n|switch|p2a: Kyurem|Kyurem|81\/100|[from]move: U-turn\n|-ability|p2a: Kyurem|Pressure\n|\n|upkeep\n|turn|16\n|\n|t:|1645491822\n|move|p2a: Kyurem|Earth Power|p1a: Toxapex\n|-supereffective|p1a: Toxapex\n|-damage|p1a: Toxapex|30\/100\n|move|p1a: Toxapex|Toxic|p2a: Kyurem\n|-status|p2a: Kyurem|tox\n|\n|-damage|p2a: Kyurem|75\/100 tox|[from] psn\n|upkeep\n|turn|17\n|\n|t:|1645491831\n|switch|p1a: Hippowdon|Hippowdon, M|79\/100\n|-weather|Sandstorm|[from] ability: Sand Stream|[of] p1a: Hippowdon\n|move|p2a: Kyurem|Earth Power|p1a: Hippowdon\n|-damage|p1a: Hippowdon|38\/100\n|\n|-weather|Sandstorm|[upkeep]\n|-damage|p2a: Kyurem|69\/100 tox|[from] Sandstorm\n|-heal|p1a: Hippowdon|44\/100|[from] item: Leftovers\n|-damage|p2a: Kyurem|56\/100 tox|[from] psn\n|upkeep\n|turn|18\n|\n|t:|1645491835\n|move|p2a: Kyurem|Earth Power|p1a: Hippowdon\n|-crit|p1a: Hippowdon\n|-damage|p1a: Hippowdon|0 fnt\n|faint|p1a: Hippowdon\n|\n|-weather|Sandstorm|[upkeep]\n|-damage|p2a: Kyurem|50\/100 tox|[from] Sandstorm\n|-damage|p2a: Kyurem|32\/100 tox|[from] psn\n|upkeep\n|\n|t:|1645491839\n|switch|p1a: Kartana|Kartana|84\/100 par\n|turn|19\n|\n|t:|1645491843\n|switch|p2a: Corviknight|Corviknight, F|83\/100\n|-ability|p2a: Corviknight|Pressure\n|move|p1a: Kartana|Smart Strike|p2a: Corviknight\n|-resisted|p2a: Corviknight\n|-damage|p2a: Corviknight|66\/100\n|-damage|p1a: Kartana|74\/100 par|[from] item: Life Orb\n|\n|-weather|Sandstorm|[upkeep]\n|upkeep\n|turn|20\n|\n|t:|1645491855\n|cant|p1a: Kartana|par\n|move|p2a: Corviknight|U-turn|p1a: Kartana\n|-damage|p1a: Kartana|59\/100 par\n|\n|t:|1645491859\n|switch|p2a: Lopunny|Lopunny-Mega, F|100\/100|[from]move: U-turn\n|\n|-weather|Sandstorm|[upkeep]\n|-damage|p2a: Lopunny|95\/100|[from] Sandstorm\n|upkeep\n|turn|21\n|\n|t:|1645491863\n|switch|p1a: Toxapex|Toxapex, F|64\/100\n|move|p2a: Lopunny|Close Combat|p1a: Toxapex\n|-resisted|p1a: Toxapex\n|-damage|p1a: Toxapex|42\/100\n|-unboost|p2a: Lopunny|def|1\n|-unboost|p2a: Lopunny|spd|1\n|\n|-weather|none\n|upkeep\n|turn|22\n|\n|t:|1645491872\n|move|p2a: Lopunny|Frustration|p1a: Toxapex\n|-damage|p1a: Toxapex|3\/100\n|move|p1a: Toxapex|Toxic|p2a: Lopunny\n|-status|p2a: Lopunny|tox\n|\n|-damage|p2a: Lopunny|89\/100 tox|[from] psn\n|upkeep\n|turn|23\n|\n|t:|1645491879\n|switch|p1a: Kartana|Kartana|59\/100 par\n|move|p2a: Lopunny|Close Combat|p1a: Kartana\n|-supereffective|p1a: Kartana\n|-damage|p1a: Kartana|0 fnt\n|-unboost|p2a: Lopunny|def|1\n|-unboost|p2a: Lopunny|spd|1\n|faint|p1a: Kartana\n|\n|-damage|p2a: Lopunny|77\/100 tox|[from] psn\n|upkeep\n|\n|t:|1645491893\n|switch|p1a: Heatran|Heatran, M|100\/100\n|turn|24\n|\n|t:|1645491905\n|switch|p2a: Blissey|Blissey, F|51\/100\n|move|p1a: Heatran|Eruption|p2a: Blissey\n|-damage|p2a: Blissey|20\/100\n|\n|upkeep\n|turn|25\n|\n|t:|1645491923\n|move|p1a: Heatran|Eruption|p2a: Blissey\n|-damage|p2a: Blissey|0 fnt\n|faint|p2a: Blissey\n|\n|upkeep\n|\n|t:|1645491929\n|switch|p2a: Victini|Victini|57\/100\n|turn|26\n|\n|t:|1645491934\n|switch|p1a: Toxapex|Toxapex, F|36\/100\n|move|p2a: Victini|Bolt Strike|p1a: Toxapex\n|-supereffective|p1a: Toxapex\n|-damage|p1a: Toxapex|0 fnt\n|faint|p1a: Toxapex\n|\n|-damage|p2a: Victini|44\/100|[from] item: Black Sludge\n|upkeep\n|\n|t:|1645491940\n|switch|p1a: Excadrill|Excadrill, M|100\/100\n|turn|27\n|\n|t:|1645491944\n|move|p2a: Victini|V-create|p1a: Excadrill\n|-supereffective|p1a: Excadrill\n|-enditem|p1a: Excadrill|Focus Sash\n|-damage|p1a: Excadrill|1\/100\n|-unboost|p2a: Victini|spe|1\n|-unboost|p2a: Victini|def|1\n|-unboost|p2a: Victini|spd|1\n|move|p1a: Excadrill|Earthquake|p2a: Victini\n|-supereffective|p2a: Victini\n|-damage|p2a: Victini|0 fnt\n|faint|p2a: Victini\n|\n|upkeep\n|\n|t:|1645491948\n|switch|p2a: Lopunny|Lopunny-Mega, F|77\/100 tox\n|turn|28\n|\n|t:|1645491971\n|move|p2a: Lopunny|U-turn|p1a: Excadrill\n|-resisted|p1a: Excadrill\n|-damage|p1a: Excadrill|0 fnt\n|faint|p1a: Excadrill\n|\n|t:|1645491976\n|switch|p2a: Serperior|Serperior, M|57\/100 tox|[from]move: U-turn\n|\n|-damage|p2a: Serperior|51\/100 tox|[from] psn\n|upkeep\n|\n|t:|1645491979\n|switch|p1a: Heatran|Heatran, M|100\/100\n|turn|29\n|\n|t:|1645491984\n|move|p2a: Serperior|Glare|p1a: Heatran\n|-status|p1a: Heatran|par\n|move|p1a: Heatran|Eruption|p2a: Serperior\n|-supereffective|p2a: Serperior\n|-damage|p2a: Serperior|0 fnt\n|faint|p2a: Serperior\n|\n|upkeep\n|\n|t:|1645491992\n|switch|p2a: Lopunny|Lopunny-Mega, F|77\/100 tox\n|turn|30\n|\n|t:|1645491995\n|switch|p1a: Hatterene|Hatterene, F, shiny|100\/100\n|move|p2a: Lopunny|Close Combat|p1a: Hatterene\n|-resisted|p1a: Hatterene\n|-damage|p1a: Hatterene|82\/100\n|-unboost|p2a: Lopunny|def|1\n|-unboost|p2a: Lopunny|spd|1\n|\n|-heal|p1a: Hatterene|88\/100|[from] item: Leftovers\n|-damage|p2a: Lopunny|71\/100 tox|[from] psn\n|upkeep\n|turn|31\n|\n|t:|1645492002\n|move|p2a: Lopunny|Frustration|p1a: Hatterene\n|-damage|p1a: Hatterene|29\/100\n|move|p1a: Hatterene|Dazzling Gleam|p2a: Lopunny\n|-supereffective|p2a: Lopunny\n|-damage|p2a: Lopunny|0 fnt\n|faint|p2a: Lopunny\n|\n|-heal|p1a: Hatterene|35\/100|[from] item: Leftovers\n|upkeep\n|\n|t:|1645492008\n|switch|p2a: Kyurem|Kyurem|32\/100 tox\n|-ability|p2a: Kyurem|Pressure\n|turn|32\n|\n|t:|1645492018\n|move|p2a: Kyurem|Ice Beam|p1a: Hatterene\n|-damage|p1a: Hatterene|0 fnt\n|faint|p1a: Hatterene\n|\n|-damage|p2a: Kyurem|26\/100 tox|[from] psn\n|upkeep\n|\n|t:|1645492021\n|switch|p1a: Heatran|Heatran, M|100\/100 par\n|turn|33\n|\n|t:|1645492025\n|switch|p2a: Corviknight|Corviknight, F|66\/100\n|-ability|p2a: Corviknight|Pressure\n|cant|p1a: Heatran|par\n|\n|upkeep\n|turn|34\n|\n|t:|1645492033\n|move|p1a: Heatran|Fire Blast|p2a: Corviknight|[miss]\n|-miss|p1a: Heatran|p2a: Corviknight\n|move|p2a: Corviknight|Brave Bird|p1a: Heatran\n|-resisted|p1a: Heatran\n|-damage|p1a: Heatran|82\/100 par\n|-damage|p2a: Corviknight|61\/100|[from] Recoil\n|\n|upkeep\n|turn|35\n|\n|t:|1645492035\n|move|p1a: Heatran|Fire Blast|p2a: Corviknight|[miss]\n|-miss|p1a: Heatran|p2a: Corviknight\n|move|p2a: Corviknight|Brave Bird|p1a: Heatran\n|-resisted|p1a: Heatran\n|-damage|p1a: Heatran|62\/100 par\n|-damage|p2a: Corviknight|55\/100|[from] Recoil\n|\n|upkeep\n|turn|36\n|\n|t:|1645492039\n|move|p1a: Heatran|Fire Blast|p2a: Corviknight\n|-supereffective|p2a: Corviknight\n|-damage|p2a: Corviknight|0 fnt\n|faint|p2a: Corviknight\n|\n|upkeep\n|\n|t:|1645492041\n|switch|p2a: Kyurem|Kyurem|26\/100 tox\n|-ability|p2a: Kyurem|Pressure\n|turn|37\n|\n|t:|1645492045\n|move|p2a: Kyurem|Earth Power|p1a: Heatran\n|-supereffective|p1a: Heatran\n|-damage|p1a: Heatran|0 fnt\n|faint|p1a: Heatran\n|\n|win|Blacksponge\n|raw|Gen5_Meta_Is_Back's rating: 1168 &rarr; <strong>1144<\/strong><br \/>(-24 for losing)\n|raw|Blacksponge's rating: 1185 &rarr; <strong>1209<\/strong><br \/>(+24 for winning)\n|c|\u2606Gen5_Meta_Is_Back|GG WP\n|l|\u2606Gen5_Meta_Is_Back\n||Ladder isn't responding, score probably updated but might not have (Request timeout).\n","uploadtime":1645492645,"views":15,"p1id":"gen5metaisback","p2id":"blacksponge","formatid":"gen8nationaldex","rating":1144,"private":0,"password":null}