{"id":"gen8monotyperandombattle-1366375677","p1":"dude you","p2":"Gurtrant","format":"gen8monotyperandombattle","log":"|j|\u2606dude you\n|j|\u2606Gurtrant\n|t:|1624827897\n|gametype|singles\n|player|p1|dude you|boarder|1411\n|player|p2|Gurtrant|238|1403\n|teamsize|p1|6\n|teamsize|p2|6\n|gen|8\n|tier|[Gen 8] Monotype Random Battle\n|rated|\n|rule|Same Type Clause: Pok\u00e9mon in a team must share a type\n|rule|HP Percentage Mod: HP is shown in percentages\n|rule|Sleep Clause Mod: Limit one foe put to sleep\n|\n|t:|1624827897\n|start\n|switch|p1a: Blaziken|Blaziken, L76, F|247\/247\n|switch|p2a: Shuckle|Shuckle, L86, F|175\/175\n|turn|1\n|inactive|Battle timer is ON: inactive players will automatically lose when time's up. (requested by Gurtrant)\n|inactive|dude you has 120 seconds left.\n|\n|t:|1624827936\n|switch|p1a: Keldeo|Keldeo-Resolute, L80|277\/277\n|move|p2a: Shuckle|Toxic|p1a: Keldeo\n|-status|p1a: Keldeo|tox\n|\n|-damage|p1a: Keldeo|260\/277 tox|[from] psn\n|upkeep\n|turn|2\n|\n|t:|1624827961\n|move|p1a: Keldeo|Scald|p2a: Shuckle\n|-supereffective|p2a: Shuckle\n|-damage|p2a: Shuckle|91\/175\n|-status|p2a: Shuckle|brn\n|move|p2a: Shuckle|Sticky Web|p1a: Keldeo\n|-sidestart|p1: dude you|move: Sticky Web\n|\n|-heal|p1a: Keldeo|277\/277 tox|[from] item: Leftovers\n|-damage|p1a: Keldeo|243\/277 tox|[from] psn\n|-damage|p2a: Shuckle|81\/175 brn|[from] brn\n|upkeep\n|turn|3\n|\n|t:|1624827974\n|move|p1a: Keldeo|Scald|p2a: Shuckle\n|-supereffective|p2a: Shuckle\n|-damage|p2a: Shuckle|0 fnt\n|faint|p2a: Shuckle\n|\n|-heal|p1a: Keldeo|260\/277 tox|[from] item: Leftovers\n|-damage|p1a: Keldeo|209\/277 tox|[from] psn\n|upkeep\n|\n|t:|1624827992\n|switch|p2a: Ninjask|Ninjask, L86, F|245\/245\n|turn|4\n|\n|t:|1624828013\n|move|p2a: Ninjask|Acrobatics|p1a: Keldeo\n|-supereffective|p1a: Keldeo\n|-damage|p1a: Keldeo|0 fnt\n|faint|p1a: Keldeo\n|\n|-ability|p2a: Ninjask|Speed Boost|boost\n|-boost|p2a: Ninjask|spe|1\n|upkeep\n|\n|t:|1624828029\n|switch|p1a: Blaziken|Blaziken, L76, F|247\/247\n|-activate|p1a: Blaziken|move: Sticky Web\n|-unboost|p1a: Blaziken|spe|1\n|turn|5\n|\n|t:|1624828036\n|-start|p1a: Blaziken|Dynamax\n|-heal|p1a: Blaziken|494\/494|[silent]\n|move|p2a: Ninjask|Acrobatics|p1a: Blaziken\n|-supereffective|p1a: Blaziken\n|-damage|p1a: Blaziken|204\/494\n|move|p1a: Blaziken|Max Flare|p2a: Ninjask\n|-supereffective|p2a: Ninjask\n|-damage|p2a: Ninjask|0 fnt\n|-weather|SunnyDay\n|faint|p2a: Ninjask\n|-damage|p1a: Blaziken|180\/494|[from] item: Life Orb\n|\n|-weather|SunnyDay|[upkeep]\n|-ability|p1a: Blaziken|Speed Boost|boost\n|-boost|p1a: Blaziken|spe|1\n|upkeep\n|\n|t:|1624828057\n|switch|p2a: Orbeetle|Orbeetle, L86, M|243\/243\n|-item|p1a: Blaziken|Life Orb|[from] ability: Frisk|[of] p2a: Orbeetle|[identify]\n|turn|6\n|\n|t:|1624828064\n|-start|p2a: Orbeetle|Dynamax\n|-heal|p2a: Orbeetle|486\/486|[silent]\n|move|p1a: Blaziken|Max Guard|p1a: Blaziken\n|-singleturn|p1a: Blaziken|Max Guard\n|move|p2a: Orbeetle|Max Mindstorm|p1a: Blaziken\n|-activate|p1a: Blaziken|move: Max Guard\n|\n|-weather|SunnyDay|[upkeep]\n|-ability|p1a: Blaziken|Speed Boost|boost\n|-boost|p1a: Blaziken|spe|1\n|upkeep\n|turn|7\n|\n|t:|1624828080\n|move|p2a: Orbeetle|Max Guard|p2a: Orbeetle\n|-singleturn|p2a: Orbeetle|Max Guard\n|move|p1a: Blaziken|Max Flare|p2a: Orbeetle\n|-activate|p2a: Orbeetle|move: Max Guard\n|\n|-weather|SunnyDay|[upkeep]\n|-ability|p1a: Blaziken|Speed Boost|boost\n|-boost|p1a: Blaziken|spe|1\n|-end|p1a: Blaziken|Dynamax\n|-heal|p1a: Blaziken|90\/247|[silent]\n|upkeep\n|turn|8\n|\n|t:|1624828092\n|move|p1a: Blaziken|Flare Blitz|p2a: Orbeetle\n|-supereffective|p2a: Orbeetle\n|-damage|p2a: Orbeetle|86\/486\n|-damage|p1a: Blaziken|0 fnt|[from] Recoil\n|faint|p1a: Blaziken\n|move|p2a: Orbeetle|Max Mindstorm|p1: Blaziken|[notarget]\n|-fail|p2a: Orbeetle\n|\n|-weather|SunnyDay|[upkeep]\n|-end|p2a: Orbeetle|Dynamax\n|-heal|p2a: Orbeetle|43\/243|[silent]\n|upkeep\n|\n|t:|1624828103\n|switch|p1a: Hawlucha|Hawlucha, L80, M|256\/256\n|turn|9\n|\n|t:|1624828112\n|move|p1a: Hawlucha|Brave Bird|p2a: Orbeetle\n|-supereffective|p2a: Orbeetle\n|-damage|p2a: Orbeetle|0 fnt\n|faint|p2a: Orbeetle\n|-damage|p1a: Hawlucha|242\/256|[from] Recoil\n|\n|-weather|none\n|upkeep\n|\n|t:|1624828134\n|switch|p2a: Escavalier|Escavalier, L84, F|255\/255\n|turn|10\n|\n|t:|1624828159\n|switch|p1a: Throh|Throh, L86, M|347\/347\n|-activate|p1a: Throh|move: Sticky Web\n|-unboost|p1a: Throh|spe|1\n|move|p2a: Escavalier|Iron Head|p1a: Throh\n|-damage|p1a: Throh|170\/347\n|\n|-heal|p1a: Throh|191\/347|[from] item: Leftovers\n|upkeep\n|turn|11\n|\n|t:|1624828178\n|move|p2a: Escavalier|Iron Head|p1a: Throh\n|-damage|p1a: Throh|17\/347\n|cant|p1a: Throh|flinch\n|\n|-heal|p1a: Throh|38\/347|[from] item: Leftovers\n|upkeep\n|turn|12\n|\n|t:|1624828184\n|move|p1a: Throh|Rest|p1a: Throh\n|-status|p1a: Throh|slp|[from] move: Rest\n|-heal|p1a: Throh|347\/347 slp|[silent]\n|move|p2a: Escavalier|Iron Head|p1a: Throh\n|-damage|p1a: Throh|188\/347 slp\n|\n|-heal|p1a: Throh|209\/347 slp|[from] item: Leftovers\n|upkeep\n|turn|13\n|\n|t:|1624828195\n|cant|p1a: Throh|slp\n|move|p1a: Throh|Sleep Talk|p1a: Throh\n|move|p1a: Throh|Ice Punch|p2a: Escavalier|[from]move: Sleep Talk\n|-resisted|p2a: Escavalier\n|-damage|p2a: Escavalier|215\/255\n|-status|p2a: Escavalier|frz\n|-curestatus|p2a: Escavalier|frz|[msg]\n|move|p2a: Escavalier|Iron Head|p1a: Throh\n|-damage|p1a: Throh|50\/347 slp\n|\n|-heal|p1a: Throh|71\/347 slp|[from] item: Leftovers\n|upkeep\n|turn|14\n|\n|t:|1624828208\n|cant|p1a: Throh|slp\n|move|p1a: Throh|Sleep Talk|p1a: Throh\n|move|p1a: Throh|Circle Throw|p2a: Escavalier|[from]move: Sleep Talk\n|-damage|p2a: Escavalier|124\/255\n|drag|p2a: Heracross|Heracross, L82, F|265\/265\n|\n|-heal|p1a: Throh|92\/347 slp|[from] item: Leftovers\n|-status|p2a: Heracross|brn|[from] item: Flame Orb\n|upkeep\n|turn|15\n|\n|t:|1624828224\n|move|p2a: Heracross|Facade|p1a: Throh\n|-damage|p1a: Throh|0 fnt\n|faint|p1a: Throh\n|\n|-damage|p2a: Heracross|249\/265 brn|[from] brn\n|upkeep\n|\n|t:|1624828227\n|switch|p1a: Hawlucha|Hawlucha, L80, M|242\/256\n|turn|16\n|\n|t:|1624828232\n|move|p1a: Hawlucha|Brave Bird|p2a: Heracross\n|-supereffective|p2a: Heracross\n|-damage|p2a: Heracross|0 fnt\n|faint|p2a: Heracross\n|-damage|p1a: Hawlucha|160\/256|[from] Recoil\n|\n|upkeep\n|\n|t:|1624828241\n|switch|p2a: Escavalier|Escavalier, L84, F|124\/255\n|turn|17\n|\n|t:|1624828252\n|switch|p1a: Urshifu|Urshifu, L76, F|277\/277\n|-activate|p1a: Urshifu|move: Sticky Web\n|-unboost|p1a: Urshifu|spe|1\n|move|p2a: Escavalier|Iron Head|p1a: Urshifu\n|-damage|p1a: Urshifu|105\/277\n|\n|upkeep\n|turn|18\n|\n|t:|1624828261\n|move|p1a: Urshifu|Wicked Blow|p2a: Escavalier\n|-crit|p2a: Escavalier\n|-damage|p2a: Escavalier|0 fnt\n|faint|p2a: Escavalier\n|\n|upkeep\n|\n|t:|1624828265\n|switch|p2a: Durant|Durant, L78, M|219\/219\n|turn|19\n|\n|t:|1624828273\n|move|p2a: Durant|Iron Head|p1a: Urshifu|[miss]\n|-miss|p2a: Durant|p1a: Urshifu\n|move|p1a: Urshifu|Wicked Blow|p2a: Durant\n|-crit|p2a: Durant\n|-damage|p2a: Durant|30\/219\n|\n|upkeep\n|turn|20\n|\n|t:|1624828279\n|move|p2a: Durant|Iron Head|p1a: Urshifu\n|-damage|p1a: Urshifu|0 fnt\n|faint|p1a: Urshifu\n|\n|upkeep\n|\n|t:|1624828283\n|switch|p1a: Hawlucha|Hawlucha, L80, M|160\/256\n|turn|21\n|\n|t:|1624828291\n|move|p1a: Hawlucha|Close Combat|p2a: Durant\n|-damage|p2a: Durant|0 fnt\n|-unboost|p1a: Hawlucha|def|1\n|-unboost|p1a: Hawlucha|spd|1\n|-enditem|p1a: Hawlucha|White Herb\n|-clearnegativeboost|p1a: Hawlucha|[silent]\n|faint|p2a: Durant\n|\n|win|dude you\n|raw|dude you's rating: 1411 &rarr; <strong>1431<\/strong><br \/>(+20 for winning)\n|raw|Gurtrant's rating: 1403 &rarr; <strong>1383<\/strong><br \/>(-20 for losing)\n|l|\u2606Gurtrant\n|c|\u2606dude you|Gg\n","inputlog":">version 92c932d35af1f681a13429405db9a8550744f277\n>start {\"formatid\":\"gen8monotyperandombattle\",\"seed\":[61692,23244,63815,57594],\"rated\":\"Rated battle\"}\n>player p1 {\"name\":\"dude you\",\"avatar\":\"boarder\",\"rating\":1411,\"seed\":[7651,2415,43268,2007]}\n>player p2 {\"name\":\"Gurtrant\",\"avatar\":\"238\",\"rating\":1403,\"seed\":[14873,15462,37359,46988]}\n>p1 switch 6\n>p2 move toxic\n>p1 move scald\n>p2 move stickyweb\n>p1 move scald\n>p2 move stealthrock\n>p2 switch 3\n>p1 move scald\n>p2 move acrobatics\n>p1 switch 6\n>p1 move flareblitz dynamax\n>p2 move acrobatics\n>p2 switch 2\n>p1 move swordsdance dynamax\n>p2 move psychic dynamax\n>p1 move flareblitz dynamax\n>p2 move recover dynamax\n>p1 move flareblitz\n>p2 move psychic dynamax\n>p1 switch 3\n>p1 move bravebird\n>p2 move psychic\n>p2 switch 4\n>p1 switch 2\n>p2 move ironhead\n>p1 move circlethrow\n>p2 move ironhead\n>p1 move rest\n>p2 move ironhead\n>p1 move sleeptalk\n>p2 move ironhead\n>p1 move sleeptalk\n>p2 move ironhead\n>p1 move circlethrow\n>p2 move facade\n>p1 switch 2\n>p1 move bravebird\n>p2 move facade\n>p2 switch 6\n>p1 switch 5\n>p2 move ironhead\n>p1 move wickedblow\n>p2 move ironhead\n>p2 switch 5\n>p1 move wickedblow\n>p2 move ironhead\n>p1 move wickedblow\n>p2 move ironhead\n>p1 switch 5\n>p1 move closecombat\n>p2 move ironhead","uploadtime":1624828304,"views":9,"p1id":"dudeyou","p2id":"gurtrant","formatid":"gen8monotyperandombattle","rating":1383,"private":0,"password":null}