{"id":"gen8bdspou-1490890593","p1":"rng is a skill","p2":"Cump4","format":"gen8bdspou","log":"|html|<div class=\"broadcast-blue\"><strong>[Gen 8 BDSP] OU is currently suspecting Manaphy! For information on how to participate check out the <a href=\"https:\/\/www.smogon.com\/forums\/threads\/np-bdsp-ou-suspect-process-round-2-afterglow.3696052\/\">suspect thread<\/a>.<\/strong><\/div>\n|j|\u2606rng is a skill\n|j|\u2606Cump4\n|t:|1642099619\n|gametype|singles\n|player|p1|rng is a skill|roxie|1531\n|player|p2|Cump4|2|1487\n|teamsize|p1|6\n|teamsize|p2|6\n|gen|8\n|tier|[Gen 8 BDSP] OU\n|rated|\n|rule|Sleep Clause Mod: Limit one foe put to sleep\n|rule|Species Clause: Limit one of each Pok\u00e9mon\n|rule|OHKO Clause: OHKO moves are banned\n|rule|Evasion Moves Clause: Evasion moves are banned\n|rule|Endless Battle Clause: Forcing endless battles is banned\n|rule|HP Percentage Mod: HP is shown in percentages\n|clearpoke\n|poke|p1|Toxicroak, M|\n|poke|p1|Gengar, F|\n|poke|p1|Cresselia, F|\n|poke|p1|Rotom-Wash|\n|poke|p1|Gliscor, M|\n|poke|p1|Tyranitar, F|\n|poke|p2|Scizor, F|\n|poke|p2|Rotom-Wash|\n|poke|p2|Crawdaunt, M|\n|poke|p2|Nidoking, M|\n|poke|p2|Infernape, F|\n|poke|p2|Flygon, F|\n|teampreview\n|\n|t:|1642099663\n|start\n|switch|p1a: Rotom|Rotom-Wash|100\/100\n|switch|p2a: Infernape|Infernape, F|100\/100\n|turn|1\n|\n|t:|1642099666\n|move|p1a: Rotom|Volt Switch|p2a: Infernape\n|-damage|p2a: Infernape|50\/100\n|\n|t:|1642099671\n|switch|p1a: Gliscor|Gliscor, M|100\/100|[from]move: Volt Switch\n|move|p2a: Infernape|Swords Dance|p2a: Infernape\n|-boost|p2a: Infernape|atk|2\n|\n|-status|p1a: Gliscor|tox|[from] item: Toxic Orb\n|upkeep\n|turn|2\n|\n|t:|1642099704\n|switch|p1a: Cresselia|Cresselia, F|100\/100\n|move|p2a: Infernape|Fire Punch|p1a: Cresselia\n|-damage|p1a: Cresselia|62\/100\n|\n|-heal|p1a: Cresselia|68\/100|[from] item: Leftovers\n|upkeep\n|turn|3\n|\n|t:|1642099713\n|move|p2a: Infernape|Fire Punch|p1a: Cresselia\n|-damage|p1a: Cresselia|31\/100\n|move|p1a: Cresselia|Moonlight|p1a: Cresselia\n|-heal|p1a: Cresselia|81\/100\n|\n|-heal|p1a: Cresselia|87\/100|[from] item: Leftovers\n|upkeep\n|turn|4\n|\n|t:|1642099717\n|move|p2a: Infernape|Fire Punch|p1a: Cresselia\n|-damage|p1a: Cresselia|47\/100\n|move|p1a: Cresselia|Thunder Wave|p2a: Infernape\n|-status|p2a: Infernape|par\n|\n|-heal|p1a: Cresselia|53\/100|[from] item: Leftovers\n|upkeep\n|turn|5\n|\n|t:|1642099722\n|move|p1a: Cresselia|Moonlight|p1a: Cresselia\n|-heal|p1a: Cresselia|100\/100\n|move|p2a: Infernape|Swords Dance|p2a: Infernape\n|-boost|p2a: Infernape|atk|2\n|\n|upkeep\n|turn|6\n|\n|t:|1642099725\n|move|p1a: Cresselia|Psychic|p2a: Infernape\n|-supereffective|p2a: Infernape\n|-damage|p2a: Infernape|0 fnt\n|faint|p2a: Infernape\n|\n|upkeep\n|\n|t:|1642099727\n|switch|p2a: Crawdaunt|Crawdaunt, M, shiny|100\/100\n|turn|7\n|\n|t:|1642099741\n|switch|p1a: Toxicroak|Toxicroak, M, shiny|100\/100\n|move|p2a: Crawdaunt|Knock Off|p1a: Toxicroak\n|-resisted|p1a: Toxicroak\n|-damage|p1a: Toxicroak|17\/100\n|-enditem|p1a: Toxicroak|Life Orb|[from] move: Knock Off|[of] p2a: Crawdaunt\n|\n|upkeep\n|turn|8\n|\n|t:|1642099753\n|switch|p2a: Rotom|Rotom-Wash|100\/100\n|move|p1a: Toxicroak|Drain Punch|p2a: Rotom\n|-damage|p2a: Rotom|75\/100\n|-heal|p1a: Toxicroak|30\/100|[from] drain|[of] p2a: Rotom\n|\n|-heal|p2a: Rotom|82\/100|[from] item: Leftovers\n|upkeep\n|turn|9\n|\n|t:|1642099783\n|switch|p1a: Gliscor|Gliscor, M|100\/100 tox\n|move|p2a: Rotom|Volt Switch|p1a: Gliscor\n|-immune|p1a: Gliscor\n|\n|-heal|p2a: Rotom|88\/100|[from] item: Leftovers\n|upkeep\n|turn|10\n|\n|t:|1642099786\n|switch|p1a: Toxicroak|Toxicroak, M, shiny|30\/100\n|move|p2a: Rotom|Hydro Pump|p1a: Toxicroak\n|-heal|p1a: Toxicroak|55\/100|[from] ability: Dry Skin|[of] p2a: Rotom\n|\n|-heal|p2a: Rotom|94\/100|[from] item: Leftovers\n|upkeep\n|turn|11\n|\n|t:|1642099804\n|move|p1a: Toxicroak|Poison Jab|p2a: Rotom\n|-damage|p2a: Rotom|67\/100\n|move|p2a: Rotom|Will-O-Wisp|p1a: Toxicroak\n|-status|p1a: Toxicroak|brn\n|\n|-heal|p2a: Rotom|74\/100|[from] item: Leftovers\n|-damage|p1a: Toxicroak|48\/100 brn|[from] brn\n|upkeep\n|turn|12\n|\n|t:|1642099807\n|move|p2a: Rotom|Protect|p2a: Rotom\n|-singleturn|p2a: Rotom|Protect\n|move|p1a: Toxicroak|Poison Jab|p2a: Rotom\n|-activate|p2a: Rotom|move: Protect\n|\n|-heal|p2a: Rotom|80\/100|[from] item: Leftovers\n|-damage|p1a: Toxicroak|42\/100 brn|[from] brn\n|upkeep\n|turn|13\n|\n|t:|1642099816\n|move|p1a: Toxicroak|Drain Punch|p2a: Rotom\n|-damage|p2a: Rotom|68\/100\n|-heal|p1a: Toxicroak|48\/100 brn|[from] drain|[of] p2a: Rotom\n|move|p2a: Rotom|Volt Switch|p1a: Toxicroak\n|-damage|p1a: Toxicroak|11\/100 brn\n|\n|t:|1642099818\n|switch|p2a: Scizor|Scizor, F|100\/100|[from]move: Volt Switch\n|\n|-damage|p1a: Toxicroak|5\/100 brn|[from] brn\n|upkeep\n|turn|14\n|\n|t:|1642099829\n|switch|p1a: Cresselia|Cresselia, F|100\/100\n|move|p2a: Scizor|Bullet Punch|p1a: Cresselia\n|-damage|p1a: Cresselia|87\/100\n|\n|-heal|p1a: Cresselia|93\/100|[from] item: Leftovers\n|upkeep\n|turn|15\n|\n|t:|1642099831\n|move|p1a: Cresselia|Thunder Wave|p2a: Scizor|[miss]\n|-miss|p1a: Cresselia|p2a: Scizor\n|move|p2a: Scizor|U-turn|p1a: Cresselia\n|-supereffective|p1a: Cresselia\n|-damage|p1a: Cresselia|62\/100\n|\n|t:|1642099834\n|switch|p2a: Crawdaunt|Crawdaunt, M, shiny|100\/100|[from]move: U-turn\n|\n|-heal|p1a: Cresselia|68\/100|[from] item: Leftovers\n|upkeep\n|turn|16\n|\n|t:|1642099857\n|switch|p1a: Toxicroak|Toxicroak, M, shiny|5\/100 brn\n|move|p2a: Crawdaunt|Knock Off|p1a: Toxicroak\n|-resisted|p1a: Toxicroak\n|-damage|p1a: Toxicroak|0 fnt\n|faint|p1a: Toxicroak\n|\n|upkeep\n|\n|t:|1642099860\n|switch|p1a: Rotom|Rotom-Wash|100\/100\n|turn|17\n|l|\u2606Cump4\n|player|p2|\n|j|\u2606Cump4\n|player|p2|Cump4|2\n|\n|t:|1642099891\n|switch|p2a: Flygon|Flygon, F|100\/100\n|move|p1a: Rotom|Hydro Pump|p2a: Flygon\n|-damage|p2a: Flygon|35\/100\n|\n|upkeep\n|turn|18\n|\n|t:|1642099914\n|move|p2a: Flygon|Outrage|p1a: Rotom\n|-damage|p1a: Rotom|29\/100\n|move|p1a: Rotom|Hydro Pump|p2a: Flygon\n|-damage|p2a: Flygon|0 fnt\n|faint|p2a: Flygon\n|\n|upkeep\n|\n|t:|1642099921\n|switch|p2a: Nidoking|Nidoking, M, shiny|100\/100\n|turn|19\n|\n|t:|1642099926\n|switch|p2a: Rotom|Rotom-Wash|68\/100\n|move|p1a: Rotom|Hydro Pump|p2a: Rotom\n|-resisted|p2a: Rotom\n|-damage|p2a: Rotom|42\/100\n|\n|-heal|p2a: Rotom|48\/100|[from] item: Leftovers\n|upkeep\n|turn|20\n|\n|t:|1642099932\n|switch|p1a: Gengar|Gengar, F|100\/100\n|move|p2a: Rotom|Hydro Pump|p1a: Gengar\n|-damage|p1a: Gengar|38\/100\n|-start|p2a: Rotom|Disable|Hydro Pump|[from] ability: Cursed Body|[of] p1a: Gengar\n|\n|-heal|p2a: Rotom|54\/100|[from] item: Leftovers\n|upkeep\n|turn|21\n|\n|t:|1642099936\n|move|p2a: Rotom|Protect|p2a: Rotom\n|-singleturn|p2a: Rotom|Protect\n|move|p1a: Gengar|Shadow Ball|p2a: Rotom\n|-activate|p2a: Rotom|move: Protect\n|\n|-heal|p2a: Rotom|61\/100|[from] item: Leftovers\n|upkeep\n|turn|22\n|\n|t:|1642099941\n|switch|p2a: Scizor|Scizor, F|100\/100\n|move|p1a: Gengar|Shadow Ball|p2a: Scizor\n|-crit|p2a: Scizor\n|-damage|p2a: Scizor|29\/100\n|\n|-heal|p2a: Scizor|35\/100|[from] item: Leftovers\n|upkeep\n|turn|23\n|\n|t:|1642099947\n|switch|p1a: Gliscor|Gliscor, M|100\/100 tox\n|move|p2a: Scizor|Roost|p2a: Scizor\n|-heal|p2a: Scizor|85\/100\n|-singleturn|p2a: Scizor|move: Roost\n|\n|-heal|p2a: Scizor|91\/100|[from] item: Leftovers\n|upkeep\n|turn|24\n|\n|t:|1642099951\n|move|p1a: Gliscor|Earthquake|p2a: Scizor\n|-crit|p2a: Scizor\n|-damage|p2a: Scizor|43\/100\n|move|p2a: Scizor|U-turn|p1a: Gliscor\n|-resisted|p1a: Gliscor\n|-damage|p1a: Gliscor|89\/100 tox\n|\n|t:|1642099953\n|switch|p2a: Rotom|Rotom-Wash|61\/100|[from]move: U-turn\n|\n|-heal|p2a: Rotom|67\/100|[from] item: Leftovers\n|-heal|p1a: Gliscor|100\/100 tox|[from] ability: Poison Heal\n|upkeep\n|turn|25\n|\n|t:|1642099958\n|move|p1a: Gliscor|U-turn|p2a: Rotom\n|-damage|p2a: Rotom|55\/100\n|\n|t:|1642099959\n|switch|p1a: Rotom|Rotom-Wash|29\/100|[from]move: U-turn\n|move|p2a: Rotom|Hydro Pump|p1a: Rotom\n|-resisted|p1a: Rotom\n|-damage|p1a: Rotom|1\/100\n|\n|-heal|p2a: Rotom|61\/100|[from] item: Leftovers\n|upkeep\n|turn|26\n|\n|t:|1642099967\n|move|p2a: Rotom|Protect|p2a: Rotom\n|-singleturn|p2a: Rotom|Protect\n|move|p1a: Rotom|Thunderbolt|p2a: Rotom\n|-activate|p2a: Rotom|move: Protect\n|\n|-heal|p2a: Rotom|68\/100|[from] item: Leftovers\n|upkeep\n|turn|27\n|\n|t:|1642099972\n|switch|p2a: Nidoking|Nidoking, M, shiny|100\/100\n|move|p1a: Rotom|Thunderbolt|p2a: Nidoking\n|-immune|p2a: Nidoking\n|\n|upkeep\n|turn|28\n|\n|t:|1642099974\n|switch|p1a: Cresselia|Cresselia, F|68\/100\n|move|p2a: Nidoking|Stealth Rock|p1a: Cresselia\n|-sidestart|p1: rng is a skill|move: Stealth Rock\n|\n|-heal|p1a: Cresselia|74\/100|[from] item: Leftovers\n|upkeep\n|turn|29\n|\n|t:|1642099988\n|switch|p2a: Crawdaunt|Crawdaunt, M, shiny|100\/100\n|switch|p1a: Gliscor|Gliscor, M|100\/100 tox\n|-damage|p1a: Gliscor|88\/100 tox|[from] Stealth Rock\n|\n|-heal|p1a: Gliscor|100\/100 tox|[from] ability: Poison Heal\n|upkeep\n|turn|30\n|\n|t:|1642099992\n|move|p1a: Gliscor|U-turn|p2a: Crawdaunt\n|-supereffective|p2a: Crawdaunt\n|-damage|p2a: Crawdaunt|53\/100\n|\n|t:|1642099997\n|switch|p1a: Rotom|Rotom-Wash|1\/100|[from]move: U-turn\n|-damage|p1a: Rotom|0 fnt|[from] Stealth Rock\n|faint|p1a: Rotom\n|move|p2a: Crawdaunt|Crabhammer|p1: Rotom|[notarget]\n|-fail|p2a: Crawdaunt\n|\n|upkeep\n|\n|t:|1642100005\n|switch|p1a: Gengar|Gengar, F|38\/100\n|-damage|p1a: Gengar|26\/100|[from] Stealth Rock\n|turn|31\n|\n|t:|1642100017\n|switch|p2a: Scizor|Scizor, F|43\/100\n|move|p1a: Gengar|Shadow Ball|p2a: Scizor\n|-damage|p2a: Scizor|0 fnt\n|faint|p2a: Scizor\n|\n|upkeep\n|\n|t:|1642100025\n|switch|p2a: Crawdaunt|Crawdaunt, M, shiny|53\/100\n|turn|32\n|\n|t:|1642100047\n|switch|p1a: Cresselia|Cresselia, F|74\/100\n|-damage|p1a: Cresselia|62\/100|[from] Stealth Rock\n|move|p2a: Crawdaunt|Crabhammer|p1a: Cresselia\n|-damage|p1a: Cresselia|4\/100\n|\n|-heal|p1a: Cresselia|10\/100|[from] item: Leftovers\n|upkeep\n|turn|33\n|\n|t:|1642100056\n|move|p2a: Crawdaunt|Crabhammer|p1a: Cresselia\n|-damage|p1a: Cresselia|0 fnt\n|faint|p1a: Cresselia\n|\n|upkeep\n|\n|t:|1642100058\n|switch|p1a: Tyranitar|Tyranitar, F|100\/100\n|-damage|p1a: Tyranitar|88\/100|[from] Stealth Rock\n|-weather|Sandstorm|[from] ability: Sand Stream|[of] p1a: Tyranitar\n|turn|34\n|\n|t:|1642100069\n|switch|p2a: Rotom|Rotom-Wash|68\/100\n|move|p1a: Tyranitar|Dark Pulse|p2a: Rotom\n|-damage|p2a: Rotom|30\/100\n|\n|-weather|Sandstorm|[upkeep]\n|-damage|p2a: Rotom|24\/100|[from] Sandstorm\n|-heal|p2a: Rotom|30\/100|[from] item: Leftovers\n|upkeep\n|turn|35\n|\n|t:|1642100073\n|move|p1a: Tyranitar|Stealth Rock|p2a: Rotom\n|-sidestart|p2: Cump4|move: Stealth Rock\n|move|p2a: Rotom|Hydro Pump|p1a: Tyranitar\n|-supereffective|p1a: Tyranitar\n|-damage|p1a: Tyranitar|34\/100\n|\n|-weather|Sandstorm|[upkeep]\n|-damage|p2a: Rotom|24\/100|[from] Sandstorm\n|-heal|p2a: Rotom|30\/100|[from] item: Leftovers\n|upkeep\n|turn|36\n|\n|t:|1642100076\n|move|p1a: Tyranitar|Dark Pulse|p2a: Rotom\n|-damage|p2a: Rotom|0 fnt\n|faint|p2a: Rotom\n|\n|-weather|Sandstorm|[upkeep]\n|upkeep\n|\n|t:|1642100095\n|switch|p2a: Nidoking|Nidoking, M, shiny|100\/100\n|-damage|p2a: Nidoking|95\/100|[from] Stealth Rock\n|turn|37\n|\n|t:|1642100100\n|move|p2a: Nidoking|Earth Power|p1a: Tyranitar\n|-supereffective|p1a: Tyranitar\n|-damage|p1a: Tyranitar|0 fnt\n|faint|p1a: Tyranitar\n|\n|-weather|Sandstorm|[upkeep]\n|upkeep\n|\n|t:|1642100123\n|switch|p1a: Gengar|Gengar, F|26\/100\n|-damage|p1a: Gengar|14\/100|[from] Stealth Rock\n|turn|38\n|l|\u2606Cump4\n|player|p2|\n|j|\u2606Cump4\n|player|p2|Cump4|2\n|\n|t:|1642100163\n|move|p1a: Gengar|Destiny Bond|p1a: Gengar\n|-singlemove|p1a: Gengar|Destiny Bond\n|move|p2a: Nidoking|Earth Power|p1a: Gengar\n|-supereffective|p1a: Gengar\n|-damage|p1a: Gengar|0 fnt\n|faint|p1a: Gengar\n|-activate|p1a: Gengar|move: Destiny Bond\n|faint|p2a: Nidoking\n|\n|-weather|none\n|upkeep\n|\n|t:|1642100169\n|switch|p1a: Gliscor|Gliscor, M|100\/100 tox\n|switch|p2a: Crawdaunt|Crawdaunt, M, shiny|53\/100\n|-damage|p1a: Gliscor|88\/100 tox|[from] Stealth Rock\n|-damage|p2a: Crawdaunt|40\/100|[from] Stealth Rock\n|turn|39\n|\n|t:|1642100184\n|move|p2a: Crawdaunt|Aqua Jet|p1a: Gliscor\n|-supereffective|p1a: Gliscor\n|-damage|p1a: Gliscor|23\/100 tox\n|move|p1a: Gliscor|Earthquake|p2a: Crawdaunt\n|-damage|p2a: Crawdaunt|0 fnt\n|faint|p2a: Crawdaunt\n|\n|win|rng is a skill\n|raw|rng is a skill's rating: 1531 &rarr; <strong>1548<\/strong><br \/>(+17 for winning)\n|raw|Cump4's rating: 1487 &rarr; <strong>1470<\/strong><br \/>(-17 for losing)\n|c|\u2606rng is a skill|gg\n|c|\u2606Cump4|Gg\n|l|\u2606Cump4\n|l|\u2606rng is a skill\n||Ladder isn't responding, score probably updated but might not have (Request timeout).\n|j|\u2606rng is a skill\n|player|p1|rng is a skill|roxie\n","uploadtime":1642100247,"views":12,"p1id":"rngisaskill","p2id":"cump4","formatid":"gen8bdspou","rating":1470,"private":0,"password":null}