{"id":"gen8ou-1432080462","p1":"TryHonesty","p2":"CynthiaDaBoss","format":"gen8ou","log":"|j|\u2606TryHonesty\n|j|\u2606CynthiaDaBoss\n|t:|1633760682\n|gametype|singles\n|player|p1|TryHonesty|170|1408\n|player|p2|CynthiaDaBoss|cynthia|1474\n|teamsize|p1|6\n|teamsize|p2|6\n|gen|8\n|tier|[Gen 8] OU\n|rated|\n|rule|Sleep Clause Mod: Limit one foe put to sleep\n|rule|Species Clause: Limit one of each Pok\u00e9mon\n|rule|OHKO Clause: OHKO moves are banned\n|rule|Evasion Moves Clause: Evasion moves are banned\n|rule|Endless Battle Clause: Forcing endless battles is banned\n|rule|HP Percentage Mod: HP is shown in percentages\n|rule|Dynamax Clause: You cannot dynamax\n|clearpoke\n|poke|p1|Whimsicott, F|\n|poke|p1|Bisharp, M|\n|poke|p1|Sirfetch\u2019d, M|\n|poke|p1|Chandelure, F|\n|poke|p1|Tapu Lele|\n|poke|p1|Tornadus, M|\n|poke|p2|Tornadus-Therian, M|\n|poke|p2|Buzzwole|\n|poke|p2|Garchomp, M|\n|poke|p2|Slowking-Galar, F|\n|poke|p2|Kartana|\n|poke|p2|Suicune|\n|teampreview\n|\n|t:|1633760703\n|start\n|switch|p1a: Tornadus|Tornadus, M|100\/100\n|switch|p2a: Tornadus|Tornadus-Therian, M|100\/100\n|turn|1\n|inactive|Battle timer is ON: inactive players will automatically lose when time's up. (requested by TryHonesty)\n|\n|t:|1633760710\n|move|p1a: Tornadus|Tailwind|p1a: Tornadus\n|-sidestart|p1: TryHonesty|move: Tailwind\n|move|p2a: Tornadus|Nasty Plot|p2a: Tornadus\n|-boost|p2a: Tornadus|spa|2\n|\n|upkeep\n|turn|2\n|\n|t:|1633760719\n|move|p1a: Tornadus|U-turn|p2a: Tornadus\n|-resisted|p2a: Tornadus\n|-damage|p2a: Tornadus|85\/100\n|\n|t:|1633760725\n|switch|p1a: Bisharp|Bisharp, M|100\/100|[from]move: U-turn\n|move|p2a: Tornadus|Hurricane|p1a: Bisharp\n|-resisted|p1a: Bisharp\n|-damage|p1a: Bisharp|20\/100\n|\n|upkeep\n|turn|3\n|\n|t:|1633760732\n|switch|p2a: Garchomp|Garchomp, M|100\/100\n|move|p1a: Bisharp|Knock Off|p2a: Garchomp\n|-damage|p2a: Garchomp|54\/100\n|-damage|p1a: Bisharp|8\/100|[from] ability: Rough Skin|[of] p2a: Garchomp\n|-damage|p1a: Bisharp|0 fnt|[from] item: Rocky Helmet|[of] p2a: Garchomp\n|faint|p1a: Bisharp\n|\n|upkeep\n|\n|t:|1633760738\n|switch|p1a: Tapu Lele|Tapu Lele|100\/100\n|-fieldstart|move: Psychic Terrain|[from] ability: Psychic Surge|[of] p1a: Tapu Lele\n|turn|4\n|\n|t:|1633760744\n|switch|p2a: Slowking|Slowking-Galar, F|100\/100\n|move|p1a: Tapu Lele|Psyshock|p2a: Slowking\n|-damage|p2a: Slowking|14\/100\n|\n|-sideend|p1: TryHonesty|move: Tailwind\n|upkeep\n|turn|5\n|\n|t:|1633760749\n|switch|p2a: Kartana|Kartana|100\/100\n|move|p1a: Tapu Lele|Psyshock|p2a: Kartana\n|-resisted|p2a: Kartana\n|-damage|p2a: Kartana|55\/100\n|\n|upkeep\n|turn|6\n|\n|t:|1633760759\n|switch|p1a: Tornadus|Tornadus, M|100\/100\n|move|p2a: Kartana|Smart Strike|p1a: Tornadus\n|-damage|p1a: Tornadus|26\/100\n|\n|upkeep\n|turn|7\n|\n|t:|1633760765\n|move|p1a: Tornadus|Tailwind|p1a: Tornadus\n|-sidestart|p1: TryHonesty|move: Tailwind\n|move|p2a: Kartana|Smart Strike|p1a: Tornadus\n|-damage|p1a: Tornadus|0 fnt\n|faint|p1a: Tornadus\n|-ability|p2a: Kartana|Beast Boost|boost\n|-boost|p2a: Kartana|atk|1\n|\n|upkeep\n|\n|t:|1633760775\n|switch|p1a: Chandelure|Chandelure, F|100\/100\n|turn|8\n|\n|t:|1633760779\n|switch|p2a: Suicune|Suicune|100\/100\n|-ability|p2a: Suicune|Pressure\n|move|p1a: Chandelure|Shadow Ball|p2a: Suicune\n|-damage|p2a: Suicune|42\/100\n|-unboost|p2a: Suicune|spd|1\n|\n|-heal|p2a: Suicune|48\/100|[from] item: Leftovers\n|-fieldend|move: Psychic Terrain\n|upkeep\n|turn|9\n|\n|t:|1633760783\n|move|p2a: Suicune|Protect|p2a: Suicune\n|-singleturn|p2a: Suicune|Protect\n|move|p1a: Chandelure|Shadow Ball|p2a: Suicune\n|-activate|p2a: Suicune|move: Protect\n|\n|-heal|p2a: Suicune|54\/100|[from] item: Leftovers\n|upkeep\n|turn|10\n|\n|t:|1633760790\n|switch|p2a: Tornadus|Tornadus-Therian, M|100\/100\n|move|p1a: Chandelure|Shadow Ball|p2a: Tornadus\n|-damage|p2a: Tornadus|11\/100\n|\n|-sideend|p1: TryHonesty|move: Tailwind\n|upkeep\n|turn|11\n|\n|t:|1633760797\n|move|p2a: Tornadus|Knock Off|p1a: Chandelure\n|-supereffective|p1a: Chandelure\n|-crit|p1a: Chandelure\n|-damage|p1a: Chandelure|8\/100\n|-enditem|p1a: Chandelure|Choice Specs|[from] move: Knock Off|[of] p2a: Tornadus\n|move|p1a: Chandelure|Shadow Ball|p2a: Tornadus\n|-damage|p2a: Tornadus|0 fnt\n|faint|p2a: Tornadus\n|\n|upkeep\n|\n|t:|1633760809\n|switch|p2a: Suicune|Suicune|54\/100\n|-ability|p2a: Suicune|Pressure\n|turn|12\n|\n|t:|1633760815\n|move|p2a: Suicune|Protect|p2a: Suicune\n|-singleturn|p2a: Suicune|Protect\n|move|p1a: Chandelure|Trick|p2a: Suicune\n|-activate|p2a: Suicune|move: Protect\n|\n|-heal|p2a: Suicune|60\/100|[from] item: Leftovers\n|upkeep\n|turn|13\n|\n|t:|1633760820\n|move|p2a: Suicune|Scald|p1a: Chandelure\n|-supereffective|p1a: Chandelure\n|-damage|p1a: Chandelure|0 fnt\n|faint|p1a: Chandelure\n|\n|-heal|p2a: Suicune|67\/100|[from] item: Leftovers\n|upkeep\n|\n|t:|1633760825\n|switch|p1a: Tapu Lele|Tapu Lele|100\/100\n|-fieldstart|move: Psychic Terrain|[from] ability: Psychic Surge|[of] p1a: Tapu Lele\n|turn|14\n|\n|t:|1633760828\n|move|p2a: Suicune|Protect|p2a: Suicune\n|-singleturn|p2a: Suicune|Protect\n|move|p1a: Tapu Lele|Psychic|p2a: Suicune\n|-activate|p2a: Suicune|move: Protect\n|\n|-heal|p2a: Suicune|73\/100|[from] item: Leftovers\n|upkeep\n|turn|15\n|\n|t:|1633760838\n|move|p2a: Suicune|Calm Mind|p2a: Suicune\n|-boost|p2a: Suicune|spa|1\n|-boost|p2a: Suicune|spd|1\n|move|p1a: Tapu Lele|Psychic|p2a: Suicune\n|-damage|p2a: Suicune|21\/100\n|\n|-heal|p2a: Suicune|27\/100|[from] item: Leftovers\n|upkeep\n|turn|16\n|\n|t:|1633760843\n|move|p2a: Suicune|Protect|p2a: Suicune\n|-singleturn|p2a: Suicune|Protect\n|move|p1a: Tapu Lele|Psychic|p2a: Suicune\n|-activate|p2a: Suicune|move: Protect\n|\n|-heal|p2a: Suicune|34\/100|[from] item: Leftovers\n|upkeep\n|turn|17\n|\n|t:|1633760855\n|move|p2a: Suicune|Scald|p1a: Tapu Lele\n|-damage|p1a: Tapu Lele|57\/100\n|move|p1a: Tapu Lele|Psychic|p2a: Suicune\n|-damage|p2a: Suicune|0 fnt\n|faint|p2a: Suicune\n|\n|upkeep\n|\n|t:|1633760862\n|switch|p2a: Kartana|Kartana|55\/100\n|turn|18\n|\n|t:|1633760865\n|switch|p1a: Whimsicott|Whimsicott, F|100\/100\n|move|p2a: Kartana|Smart Strike|p1a: Whimsicott\n|-supereffective|p1a: Whimsicott\n|-enditem|p1a: Whimsicott|Focus Sash\n|-damage|p1a: Whimsicott|1\/100\n|\n|-fieldend|move: Psychic Terrain\n|upkeep\n|turn|19\n|\n|t:|1633760869\n|move|p1a: Whimsicott|Tailwind|p1a: Whimsicott\n|-sidestart|p1: TryHonesty|move: Tailwind\n|move|p2a: Kartana|Smart Strike|p1a: Whimsicott\n|-supereffective|p1a: Whimsicott\n|-damage|p1a: Whimsicott|0 fnt\n|faint|p1a: Whimsicott\n|-ability|p2a: Kartana|Beast Boost|boost\n|-boost|p2a: Kartana|atk|1\n|\n|upkeep\n|\n|t:|1633760873\n|switch|p1a: Tapu Lele|Tapu Lele|57\/100\n|-fieldstart|move: Psychic Terrain|[from] ability: Psychic Surge|[of] p1a: Tapu Lele\n|turn|20\n|\n|t:|1633760881\n|switch|p2a: Buzzwole|Buzzwole|100\/100\n|move|p1a: Tapu Lele|Psychic|p2a: Buzzwole\n|-supereffective|p2a: Buzzwole\n|-damage|p2a: Buzzwole|0 fnt\n|faint|p2a: Buzzwole\n|\n|upkeep\n|\n|t:|1633760887\n|switch|p2a: Slowking|Slowking-Galar, F|47\/100\n|turn|21\n|\n|t:|1633760892\n|switch|p2a: Kartana|Kartana|55\/100\n|move|p1a: Tapu Lele|Psychic|p2a: Kartana\n|-resisted|p2a: Kartana\n|-damage|p2a: Kartana|0 fnt\n|faint|p2a: Kartana\n|\n|upkeep\n|\n|t:|1633760894\n|switch|p2a: Slowking|Slowking-Galar, F|81\/100\n|turn|22\n|\n|t:|1633760897\n|move|p1a: Tapu Lele|Psychic|p2a: Slowking\n|-damage|p2a: Slowking|33\/100\n|move|p2a: Slowking|Sludge Bomb|p1a: Tapu Lele\n|-supereffective|p1a: Tapu Lele\n|-damage|p1a: Tapu Lele|0 fnt\n|faint|p1a: Tapu Lele\n|\n|-sideend|p1: TryHonesty|move: Tailwind\n|upkeep\n|\n|t:|1633760900\n|switch|p1a: Sirfetch\u2019d|Sirfetch\u2019d, M|100\/100\n|turn|23\n|\n|t:|1633760905\n|move|p1a: Sirfetch\u2019d|Knock Off|p2a: Slowking\n|-supereffective|p2a: Slowking\n|-damage|p2a: Slowking|0 fnt\n|-enditem|p2a: Slowking|Assault Vest|[from] move: Knock Off|[of] p1a: Sirfetch\u2019d\n|faint|p2a: Slowking\n|\n|upkeep\n|\n|t:|1633760907\n|switch|p2a: Garchomp|Garchomp, M|54\/100\n|turn|24\n|\n|t:|1633760910\n|move|p2a: Garchomp|Earthquake|p1a: Sirfetch\u2019d\n|-damage|p1a: Sirfetch\u2019d|41\/100\n|move|p1a: Sirfetch\u2019d|Knock Off|p2a: Garchomp\n|-damage|p2a: Garchomp|12\/100\n|-damage|p1a: Sirfetch\u2019d|29\/100|[from] ability: Rough Skin|[of] p2a: Garchomp\n|-damage|p1a: Sirfetch\u2019d|12\/100|[from] item: Rocky Helmet|[of] p2a: Garchomp\n|-enditem|p2a: Garchomp|Rocky Helmet|[from] move: Knock Off|[of] p1a: Sirfetch\u2019d\n|\n|-fieldend|move: Psychic Terrain\n|upkeep\n|turn|25\n|\n|t:|1633760915\n|move|p2a: Garchomp|Earthquake|p1a: Sirfetch\u2019d\n|-damage|p1a: Sirfetch\u2019d|0 fnt\n|faint|p1a: Sirfetch\u2019d\n|\n|win|CynthiaDaBoss\n|raw|TryHonesty's rating: 1408 &rarr; <strong>1392<\/strong><br \/>(-16 for losing)\n|raw|CynthiaDaBoss's rating: 1474 &rarr; <strong>1490<\/strong><br \/>(+16 for winning)\n|l|\u2606TryHonesty\n","uploadtime":1633760918,"views":8,"p1id":"tryhonesty","p2id":"cynthiadaboss","formatid":"gen8ou","rating":1392,"private":0,"password":null}