{"id":"gen8monotype-1542429865","p1":"Surplus of Diggity","p2":"Arcangel666","format":"gen8monotype","log":"|j|\u2606Surplus of Diggity\n|j|\u2606Arcangel666\n|t:|1648673906\n|gametype|singles\n|player|p1|Surplus of Diggity|az|1408\n|player|p2|Arcangel666|piers|1535\n|teamsize|p1|6\n|teamsize|p2|6\n|gen|8\n|tier|[Gen 8] Monotype\n|rated|\n|rule|Same Type Clause: Pok\u00e9mon in a team must share a type\n|rule|Sleep Clause Mod: Limit one foe put to sleep\n|rule|Species Clause: Limit one of each Pok\u00e9mon\n|rule|OHKO Clause: OHKO moves are banned\n|rule|Evasion Moves Clause: Evasion moves are banned\n|rule|Endless Battle Clause: Forcing endless battles is banned\n|rule|HP Percentage Mod: HP is shown in percentages\n|rule|Dynamax Clause: You cannot dynamax\n|clearpoke\n|poke|p1|Scizor, F|\n|poke|p1|Araquanid, M|\n|poke|p1|Volcarona, F|\n|poke|p1|Shedinja|\n|poke|p1|Frosmoth, F|\n|poke|p1|Buzzwole|\n|poke|p2|Bisharp, M|\n|poke|p2|Grimmsnarl, M|\n|poke|p2|Hydreigon, M|\n|poke|p2|Scrafty, M|\n|poke|p2|Sableye, M|\n|poke|p2|Moltres-Galar|\n|teampreview\n|\n|t:|1648673922\n|start\n|switch|p1a: Beats Paper|Scizor, F|100\/100\n|switch|p2a: Grimmsnarl|Grimmsnarl, M, shiny|100\/100\n|turn|1\n|\n|t:|1648673926\n|move|p2a: Grimmsnarl|Reflect|p2a: Grimmsnarl\n|-sidestart|p2: Arcangel666|Reflect\n|move|p1a: Beats Paper|Toxic|p2a: Grimmsnarl\n|-status|p2a: Grimmsnarl|tox\n|\n|-damage|p2a: Grimmsnarl|94\/100 tox|[from] psn\n|upkeep\n|turn|2\n|\n|t:|1648673932\n|switch|p2a: Scrafty|Scrafty, M|100\/100\n|move|p1a: Beats Paper|Defog|p2a: Scrafty\n|-unboost|p2a: Scrafty|evasion|1\n|-sideend|p2: Arcangel666|Reflect\n|\n|upkeep\n|turn|3\n|\n|t:|1648673938\n|move|p2a: Scrafty|Bulk Up|p2a: Scrafty\n|-boost|p2a: Scrafty|atk|1\n|-boost|p2a: Scrafty|def|1\n|move|p1a: Beats Paper|U-turn|p2a: Scrafty\n|-damage|p2a: Scrafty|83\/100\n|\n|t:|1648673950\n|switch|p1a: She THICC THICC|Frosmoth, F, shiny|100\/100|[from]move: U-turn\n|\n|-heal|p2a: Scrafty|89\/100|[from] item: Leftovers\n|upkeep\n|turn|4\n|\n|t:|1648673955\n|move|p1a: She THICC THICC|Dazzling Gleam|p2a: Scrafty\n|-supereffective|p2a: Scrafty\n|-damage|p2a: Scrafty|28\/100\n|move|p2a: Scrafty|Bulk Up|p2a: Scrafty\n|-boost|p2a: Scrafty|atk|1\n|-boost|p2a: Scrafty|def|1\n|\n|-heal|p2a: Scrafty|34\/100|[from] item: Leftovers\n|upkeep\n|turn|5\n|\n|t:|1648673961\n|switch|p2a: Bisharp|Bisharp, M, shiny|100\/100\n|move|p1a: She THICC THICC|Dazzling Gleam|p2a: Bisharp\n|-damage|p2a: Bisharp|70\/100\n|\n|upkeep\n|turn|6\n|\n|t:|1648673966\n|switch|p1a: Beats Paper|Scizor, F|100\/100\n|move|p2a: Bisharp|Knock Off|p1a: Beats Paper\n|-damage|p1a: Beats Paper|58\/100\n|-damage|p2a: Bisharp|53\/100|[from] item: Rocky Helmet|[of] p1a: Beats Paper\n|-enditem|p1a: Beats Paper|Rocky Helmet|[from] move: Knock Off|[of] p2a: Bisharp\n|\n|upkeep\n|turn|7\n|\n|t:|1648673975\n|move|p2a: Bisharp|Swords Dance|p2a: Bisharp\n|-boost|p2a: Bisharp|atk|2\n|move|p1a: Beats Paper|Roost|p1a: Beats Paper\n|-heal|p1a: Beats Paper|100\/100\n|-singleturn|p1a: Beats Paper|move: Roost\n|\n|upkeep\n|turn|8\n|\n|t:|1648673980\n|move|p2a: Bisharp|Knock Off|p1a: Beats Paper\n|-damage|p1a: Beats Paper|50\/100\n|move|p1a: Beats Paper|U-turn|p2a: Bisharp\n|-damage|p2a: Bisharp|20\/100\n|\n|t:|1648673983\n|switch|p1a: Max HP|Shedinja|100\/100|[from]move: U-turn\n|\n|upkeep\n|turn|9\n|\n|t:|1648673988\n|move|p1a: Max HP|Poltergeist|p2a: Bisharp\n|-activate|p2a: Bisharp|move: Poltergeist|Focus Sash\n|-resisted|p2a: Bisharp\n|-damage|p2a: Bisharp|0 fnt\n|faint|p2a: Bisharp\n|\n|upkeep\n|\n|t:|1648673991\n|switch|p2a: Grimmsnarl|Grimmsnarl, M, shiny|94\/100 tox\n|turn|10\n|\n|t:|1648673999\n|switch|p1a: Beats Paper|Scizor, F|50\/100\n|move|p2a: Grimmsnarl|Reflect|p2a: Grimmsnarl\n|-sidestart|p2: Arcangel666|Reflect\n|\n|-damage|p2a: Grimmsnarl|88\/100 tox|[from] psn\n|upkeep\n|turn|11\n|\n|t:|1648674004\n|switch|p2a: Hydreigon|Hydreigon, M, shiny|100\/100\n|move|p1a: Beats Paper|Roost|p1a: Beats Paper\n|-heal|p1a: Beats Paper|99\/100\n|-singleturn|p1a: Beats Paper|move: Roost\n|\n|upkeep\n|turn|12\n|\n|t:|1648674007\n|switch|p1a: Gary|Araquanid, M, shiny|100\/100\n|move|p2a: Hydreigon|Substitute|p2a: Hydreigon\n|-start|p2a: Hydreigon|Substitute\n|-damage|p2a: Hydreigon|76\/100\n|\n|-heal|p2a: Hydreigon|82\/100|[from] item: Leftovers\n|upkeep\n|turn|13\n|\n|t:|1648674013\n|switch|p1a: She THICC THICC|Frosmoth, F, shiny|100\/100\n|move|p2a: Hydreigon|Nasty Plot|p2a: Hydreigon\n|-boost|p2a: Hydreigon|spa|2\n|\n|-heal|p2a: Hydreigon|88\/100|[from] item: Leftovers\n|upkeep\n|turn|14\n|\n|t:|1648674016\n|move|p2a: Hydreigon|Flamethrower|p1a: She THICC THICC\n|-supereffective|p1a: She THICC THICC\n|-damage|p1a: She THICC THICC|36\/100\n|-status|p1a: She THICC THICC|brn\n|move|p1a: She THICC THICC|Bug Buzz|p2a: Hydreigon\n|-supereffective|p2a: Hydreigon\n|-damage|p2a: Hydreigon|0 fnt\n|faint|p2a: Hydreigon\n|\n|-damage|p1a: She THICC THICC|30\/100 brn|[from] brn\n|upkeep\n|\n|t:|1648674024\n|switch|p2a: Moltres|Moltres-Galar|100\/100\n|turn|15\n|\n|t:|1648674031\n|move|p2a: Moltres|Air Slash|p1a: She THICC THICC\n|-supereffective|p1a: She THICC THICC\n|-damage|p1a: She THICC THICC|10\/100 brn\n|cant|p1a: She THICC THICC|flinch\n|\n|-damage|p1a: She THICC THICC|4\/100 brn|[from] brn\n|upkeep\n|turn|16\n|\n|t:|1648674036\n|move|p2a: Moltres|Agility|p2a: Moltres\n|-boost|p2a: Moltres|spe|2\n|move|p1a: She THICC THICC|Ice Beam|p2a: Moltres\n|-supereffective|p2a: Moltres\n|-damage|p2a: Moltres|34\/100\n|-enditem|p2a: Moltres|Weakness Policy\n|-boost|p2a: Moltres|atk|2|[from] item: Weakness Policy\n|-boost|p2a: Moltres|spa|2|[from] item: Weakness Policy\n|-ability|p2a: Moltres|Berserk|boost\n|-boost|p2a: Moltres|spa|1\n|\n|-damage|p1a: She THICC THICC|0 fnt|[from] brn\n|faint|p1a: She THICC THICC\n|upkeep\n|\n|t:|1648674044\n|switch|p1a: Max HP|Shedinja|100\/100\n|turn|17\n|\n|t:|1648674053\n|move|p2a: Moltres|Fiery Wrath|p1a: Max HP\n|-supereffective|p1a: Max HP\n|-enditem|p1a: Max HP|Focus Sash\n|-damage|p1a: Max HP|100\/100\n|move|p1a: Max HP|Will-O-Wisp|p2a: Moltres\n|-status|p2a: Moltres|brn\n|\n|-damage|p2a: Moltres|28\/100 brn|[from] brn\n|-sideend|p2: Arcangel666|Reflect\n|upkeep\n|turn|18\n|\n|t:|1648674071\n|move|p1a: Max HP|Sucker Punch|p2a: Moltres\n|-resisted|p2a: Moltres\n|-damage|p2a: Moltres|16\/100 brn\n|move|p2a: Moltres|Fiery Wrath|p1a: Max HP\n|-supereffective|p1a: Max HP\n|-crit|p1a: Max HP\n|-damage|p1a: Max HP|0 fnt\n|faint|p1a: Max HP\n|\n|-damage|p2a: Moltres|10\/100 brn|[from] brn\n|upkeep\n|\n|t:|1648674084\n|switch|p1a: Beats Paper|Scizor, F|99\/100\n|turn|19\n|\n|t:|1648674086\n|switch|p1a: Meatsweats|Buzzwole|100\/100\n|move|p2a: Moltres|Fiery Wrath|p1a: Meatsweats\n|-resisted|p1a: Meatsweats\n|-damage|p1a: Meatsweats|70\/100\n|\n|-damage|p2a: Moltres|3\/100 brn|[from] brn\n|upkeep\n|turn|20\n|\n|t:|1648674104\n|switch|p1a: Beats Paper|Scizor, F|99\/100\n|move|p2a: Moltres|Air Slash|p1a: Beats Paper\n|-damage|p1a: Beats Paper|0 fnt\n|faint|p1a: Beats Paper\n|\n|-damage|p2a: Moltres|0 fnt|[from] brn\n|faint|p2a: Moltres\n|upkeep\n|\n|t:|1648674119\n|switch|p2a: Grimmsnarl|Grimmsnarl, M, shiny|88\/100 tox\n|switch|p1a: Meatsweats|Buzzwole|70\/100\n|turn|21\n|\n|t:|1648674123\n|move|p2a: Grimmsnarl|Reflect|p2a: Grimmsnarl\n|-sidestart|p2: Arcangel666|Reflect\n|move|p1a: Meatsweats|Leech Life|p2a: Grimmsnarl\n|-damage|p2a: Grimmsnarl|66\/100 tox\n|-heal|p1a: Meatsweats|81\/100|[from] drain|[of] p2a: Grimmsnarl\n|\n|-damage|p2a: Grimmsnarl|60\/100 tox|[from] psn\n|upkeep\n|turn|22\n|\n|t:|1648674127\n|switch|p1a: VolCOVID 19|Volcarona, F|100\/100\n|move|p2a: Grimmsnarl|Light Screen|p2a: Grimmsnarl\n|-sidestart|p2: Arcangel666|move: Light Screen\n|\n|-damage|p2a: Grimmsnarl|48\/100 tox|[from] psn\n|upkeep\n|turn|23\n|\n|t:|1648674132\n|move|p1a: VolCOVID 19|Quiver Dance|p1a: VolCOVID 19\n|-boost|p1a: VolCOVID 19|spa|1\n|-boost|p1a: VolCOVID 19|spd|1\n|-boost|p1a: VolCOVID 19|spe|1\n|move|p2a: Grimmsnarl|Spirit Break|p1a: VolCOVID 19\n|-resisted|p1a: VolCOVID 19\n|-damage|p1a: VolCOVID 19|83\/100\n|-unboost|p1a: VolCOVID 19|spa|1\n|-enditem|p1a: VolCOVID 19|Kee Berry|[eat]\n|-boost|p1a: VolCOVID 19|def|1|[from] item: Kee Berry\n|\n|-damage|p2a: Grimmsnarl|30\/100 tox|[from] psn\n|upkeep\n|turn|24\n|\n|t:|1648674140\n|switch|p2a: Scrafty|Scrafty, M|34\/100\n|move|p1a: VolCOVID 19|Quiver Dance|p1a: VolCOVID 19\n|-boost|p1a: VolCOVID 19|spa|1\n|-boost|p1a: VolCOVID 19|spd|1\n|-boost|p1a: VolCOVID 19|spe|1\n|\n|-heal|p2a: Scrafty|40\/100|[from] item: Leftovers\n|upkeep\n|turn|25\n|\n|t:|1648674145\n|move|p1a: VolCOVID 19|Quiver Dance|p1a: VolCOVID 19\n|-boost|p1a: VolCOVID 19|spa|1\n|-boost|p1a: VolCOVID 19|spd|1\n|-boost|p1a: VolCOVID 19|spe|1\n|move|p2a: Scrafty|Rest|p2a: Scrafty\n|-status|p2a: Scrafty|slp|[from] move: Rest\n|-heal|p2a: Scrafty|100\/100 slp|[silent]\n|\n|upkeep\n|turn|26\n|\n|t:|1648674151\n|move|p1a: VolCOVID 19|Quiver Dance|p1a: VolCOVID 19\n|-boost|p1a: VolCOVID 19|spa|1\n|-boost|p1a: VolCOVID 19|spd|1\n|-boost|p1a: VolCOVID 19|spe|1\n|cant|p2a: Scrafty|slp\n|\n|-activate|p2a: Scrafty|ability: Shed Skin\n|-curestatus|p2a: Scrafty|slp|[msg]\n|upkeep\n|turn|27\n|\n|t:|1648674159\n|move|p1a: VolCOVID 19|Fiery Dance|p2a: Scrafty\n|-damage|p2a: Scrafty|71\/100\n|move|p2a: Scrafty|Bulk Up|p2a: Scrafty\n|-boost|p2a: Scrafty|atk|1\n|-boost|p2a: Scrafty|def|1\n|\n|-heal|p2a: Scrafty|77\/100|[from] item: Leftovers\n|upkeep\n|turn|28\n|\n|t:|1648674163\n|move|p1a: VolCOVID 19|Fiery Dance|p2a: Scrafty\n|-damage|p2a: Scrafty|49\/100\n|move|p2a: Scrafty|Knock Off|p1a: VolCOVID 19\n|-damage|p1a: VolCOVID 19|65\/100\n|\n|-heal|p2a: Scrafty|55\/100|[from] item: Leftovers\n|-sideend|p2: Arcangel666|Reflect\n|upkeep\n|turn|29\n|\n|t:|1648674169\n|move|p1a: VolCOVID 19|Fiery Dance|p2a: Scrafty\n|-damage|p2a: Scrafty|24\/100\n|-boost|p1a: VolCOVID 19|spa|1\n|move|p2a: Scrafty|Knock Off|p1a: VolCOVID 19\n|-damage|p1a: VolCOVID 19|47\/100\n|-status|p2a: Scrafty|brn|[from] ability: Flame Body|[of] p1a: VolCOVID 19\n|\n|-heal|p2a: Scrafty|30\/100 brn|[from] item: Leftovers\n|-damage|p2a: Scrafty|24\/100 brn|[from] brn\n|-sideend|p2: Arcangel666|move: Light Screen\n|upkeep\n|turn|30\n|\n|t:|1648674174\n|move|p1a: VolCOVID 19|Roost|p1a: VolCOVID 19\n|-heal|p1a: VolCOVID 19|97\/100\n|-singleturn|p1a: VolCOVID 19|move: Roost\n|move|p2a: Scrafty|Rest|p2a: Scrafty\n|-status|p2a: Scrafty|slp|[from] move: Rest\n|-heal|p2a: Scrafty|100\/100 slp|[silent]\n|\n|upkeep\n|turn|31\n|\n|t:|1648674177\n|move|p1a: VolCOVID 19|Fiery Dance|p2a: Scrafty\n|-damage|p2a: Scrafty|25\/100 slp\n|-boost|p1a: VolCOVID 19|spa|1\n|cant|p2a: Scrafty|slp\n|\n|-heal|p2a: Scrafty|31\/100 slp|[from] item: Leftovers\n|upkeep\n|turn|32\n|\n|t:|1648674182\n|move|p1a: VolCOVID 19|Fiery Dance|p2a: Scrafty\n|-damage|p2a: Scrafty|0 fnt\n|faint|p2a: Scrafty\n|\n|upkeep\n|-message|Arcangel666 forfeited.\n|\n|win|Surplus of Diggity\n|raw|Surplus of Diggity's rating: 1408 &rarr; <strong>1435<\/strong><br \/>(+27 for winning)\n|raw|Arcangel666's rating: 1535 &rarr; <strong>1508<\/strong><br \/>(-27 for losing)\n|l|\u2606Arcangel666\n|c|\u2606Surplus of Diggity|The Cr3eps special though\n||Ladder isn't responding, score probably updated but might not have (Request timeout).\n","uploadtime":1648674226,"views":8,"p1id":"surplusofdiggity","p2id":"arcangel666","formatid":"gen8monotype","rating":1435,"private":0,"password":null}