{"id":"gen8randombattle-1263979782","p1":"DjezzeMwoan","p2":"Nonno Stalin \u262d","format":"gen8randombattle","log":"|j|\u2606DjezzeMwoan\n|j|\u2606Nonno Stalin \u262d\n|t:|1610885448\n|player|p1|DjezzeMwoan|52|2149\n|player|p2|Nonno Stalin \u262d|gentleman-gen4dp|2207\n|teamsize|p1|6\n|teamsize|p2|6\n|gametype|singles\n|gen|8\n|tier|[Gen 8] Random Battle\n|rated|\n|rule|Species Clause: Limit one of each Pok\u00e9mon\n|rule|HP Percentage Mod: HP is shown in percentages\n|rule|Sleep Clause Mod: Limit one foe put to sleep\n|\n|t:|1610885448\n|start\n|switch|p1a: Necrozma|Necrozma-Dusk-Mane, L70|252\/252\n|switch|p2a: Cloyster|Cloyster, L82, M|215\/215\n|turn|1\n|\n|t:|1610885472\n|move|p2a: Cloyster|Shell Smash|p2a: Cloyster\n|-unboost|p2a: Cloyster|def|1\n|-unboost|p2a: Cloyster|spd|1\n|-boost|p2a: Cloyster|atk|2\n|-boost|p2a: Cloyster|spa|2\n|-boost|p2a: Cloyster|spe|2\n|-enditem|p2a: Cloyster|White Herb\n|-clearnegativeboost|p2a: Cloyster|[silent]\n|move|p1a: Necrozma|Dragon Dance|p1a: Necrozma\n|-boost|p1a: Necrozma|atk|1\n|-boost|p1a: Necrozma|spe|1\n|\n|upkeep\n|turn|2\n|\n|t:|1610885482\n|-start|p1a: Necrozma|Dynamax\n|-heal|p1a: Necrozma|504\/504|[silent]\n|move|p2a: Cloyster|Hydro Pump|p1a: Necrozma\n|-damage|p1a: Necrozma|285\/504\n|move|p1a: Necrozma|Max Steelspike|p2a: Cloyster\n|-damage|p2a: Cloyster|95\/215\n|-boost|p1a: Necrozma|def|1\n|\n|upkeep\n|turn|3\n|\n|t:|1610885489\n|-start|p2a: Cloyster|Dynamax\n|-heal|p2a: Cloyster|190\/430|[silent]\n|move|p2a: Cloyster|Max Geyser|p1a: Necrozma\n|-damage|p1a: Necrozma|23\/504\n|-weather|RainDance\n|move|p1a: Necrozma|Max Quake|p2a: Cloyster\n|-damage|p2a: Cloyster|104\/430\n|-boost|p1a: Necrozma|spd|1\n|\n|-weather|RainDance|[upkeep]\n|upkeep\n|turn|4\n|\n|t:|1610885503\n|move|p2a: Cloyster|Max Geyser|p1a: Necrozma\n|-damage|p1a: Necrozma|0 fnt\n|faint|p1a: Necrozma\n|\n|-weather|RainDance|[upkeep]\n|upkeep\n|\n|t:|1610885506\n|switch|p1a: Corsola|Corsola-Galar, L86, M|243\/243\n|turn|5\n|\n|t:|1610885512\n|move|p2a: Cloyster|Max Geyser|p1a: Corsola\n|-damage|p1a: Corsola|14\/243\n|move|p1a: Corsola|Strength Sap|p2a: Cloyster\n|-unboost|p2a: Cloyster|atk|1\n|-heal|p1a: Corsola|243\/243\n|\n|-weather|RainDance|[upkeep]\n|-end|p2a: Cloyster|Dynamax\n|-heal|p2a: Cloyster|52\/215|[silent]\n|upkeep\n|turn|6\n|\n|t:|1610885522\n|move|p2a: Cloyster|Hydro Pump|p1a: Corsola\n|-damage|p1a: Corsola|80\/243\n|-start|p2a: Cloyster|Disable|Hydro Pump|[from] ability: Cursed Body|[of] p1a: Corsola\n|move|p1a: Corsola|Night Shade|p2a: Cloyster\n|-damage|p2a: Cloyster|0 fnt\n|faint|p2a: Cloyster\n|\n|-weather|RainDance|[upkeep]\n|upkeep\n|\n|t:|1610885543\n|switch|p2a: Garchomp|Garchomp, L78, F|297\/297\n|turn|7\n|\n|t:|1610885548\n|move|p2a: Garchomp|Earthquake|p1a: Corsola\n|-damage|p1a: Corsola|7\/243\n|move|p1a: Corsola|Strength Sap|p2a: Garchomp\n|-unboost|p2a: Garchomp|atk|1\n|-heal|p1a: Corsola|243\/243\n|\n|-weather|none\n|upkeep\n|turn|8\n|c|\u2606DjezzeMwoan|stalin chan\n|inactive|Battle timer is ON: inactive players will automatically lose when time's up. (requested by DjezzeMwoan)\n|\n|t:|1610885566\n|move|p2a: Garchomp|Swords Dance|p2a: Garchomp\n|-boost|p2a: Garchomp|atk|2\n|move|p1a: Corsola|Will-O-Wisp|p2a: Garchomp\n|-status|p2a: Garchomp|brn\n|-enditem|p2a: Garchomp|Lum Berry|[eat]\n|-curestatus|p2a: Garchomp|brn|[msg]\n|\n|upkeep\n|turn|9\n|\n|t:|1610885569\n|move|p2a: Garchomp|Swords Dance|p2a: Garchomp\n|-boost|p2a: Garchomp|atk|2\n|move|p1a: Corsola|Strength Sap|p2a: Garchomp\n|-unboost|p2a: Garchomp|atk|1\n|\n|upkeep\n|turn|10\n|\n|t:|1610885571\n|move|p2a: Garchomp|Swords Dance|p2a: Garchomp\n|-boost|p2a: Garchomp|atk|2\n|move|p1a: Corsola|Will-O-Wisp|p2a: Garchomp\n|-status|p2a: Garchomp|brn\n|\n|-damage|p2a: Garchomp|279\/297 brn|[from] brn\n|upkeep\n|turn|11\n|\n|t:|1610885589\n|move|p2a: Garchomp|Swords Dance|p2a: Garchomp\n|-boost|p2a: Garchomp|atk|2\n|move|p1a: Corsola|Night Shade|p2a: Garchomp\n|-damage|p2a: Garchomp|193\/297 brn\n|\n|-damage|p2a: Garchomp|175\/297 brn|[from] brn\n|upkeep\n|turn|12\n|\n|t:|1610885598\n|move|p2a: Garchomp|Earthquake|p1a: Corsola\n|-damage|p1a: Corsola|112\/243\n|-start|p2a: Garchomp|Disable|Earthquake|[from] ability: Cursed Body|[of] p1a: Corsola\n|move|p1a: Corsola|Strength Sap|p2a: Garchomp\n|-unboost|p2a: Garchomp|atk|1\n|-heal|p1a: Corsola|243\/243\n|\n|-damage|p2a: Garchomp|157\/297 brn|[from] brn\n|upkeep\n|turn|13\n|\n|t:|1610885612\n|move|p2a: Garchomp|Swords Dance|p2a: Garchomp\n|-boost|p2a: Garchomp|atk|1\n|move|p1a: Corsola|Night Shade|p2a: Garchomp\n|-damage|p2a: Garchomp|71\/297 brn\n|\n|-damage|p2a: Garchomp|53\/297 brn|[from] brn\n|upkeep\n|turn|14\n|\n|t:|1610885613\n|move|p2a: Garchomp|Swords Dance|p2a: Garchomp\n|-boost|p2a: Garchomp|atk|0\n|move|p1a: Corsola|Strength Sap|p2a: Garchomp\n|-unboost|p2a: Garchomp|atk|1\n|\n|-damage|p2a: Garchomp|35\/297 brn|[from] brn\n|upkeep\n|turn|15\n|\n|t:|1610885616\n|move|p2a: Garchomp|Outrage|p1a: Corsola\n|-damage|p1a: Corsola|106\/243\n|move|p1a: Corsola|Strength Sap|p2a: Garchomp\n|-unboost|p2a: Garchomp|atk|1\n|-heal|p1a: Corsola|243\/243\n|\n|-damage|p2a: Garchomp|17\/297 brn|[from] brn\n|-end|p2a: Garchomp|Disable\n|upkeep\n|turn|16\n|\n|t:|1610885620\n|move|p2a: Garchomp|Outrage|p1a: Corsola|[from]lockedmove\n|-damage|p1a: Corsola|121\/243\n|-start|p2a: Garchomp|Disable|Outrage|[from] ability: Cursed Body|[of] p1a: Corsola\n|move|p1a: Corsola|Strength Sap|p2a: Garchomp\n|-unboost|p2a: Garchomp|atk|1\n|-heal|p1a: Corsola|243\/243\n|\n|-damage|p2a: Garchomp|0 fnt|[from] brn\n|faint|p2a: Garchomp\n|upkeep\n|c|\u2606DjezzeMwoan|wp\n|\n|t:|1610885629\n|switch|p2a: Aromatisse|Aromatisse, L88, F|321\/321\n|turn|17\n|\n|t:|1610885638\n|switch|p1a: Rotom|Rotom-Mow, L86|226\/226\n|move|p2a: Aromatisse|Calm Mind|p2a: Aromatisse\n|-boost|p2a: Aromatisse|spa|1\n|-boost|p2a: Aromatisse|spd|1\n|\n|upkeep\n|turn|18\n|\n|t:|1610885643\n|move|p2a: Aromatisse|Protect|p2a: Aromatisse\n|-singleturn|p2a: Aromatisse|Protect\n|move|p1a: Rotom|Volt Switch|p2a: Aromatisse\n|-activate|p2a: Aromatisse|move: Protect\n|\n|upkeep\n|turn|19\n|\n|t:|1610885648\n|move|p1a: Rotom|Volt Switch|p2a: Aromatisse\n|-damage|p2a: Aromatisse|253\/321\n|-damage|p1a: Rotom|204\/226|[from] item: Life Orb\n|\n|t:|1610885650\n|switch|p1a: Braviary|Braviary, L84, M|305\/305\n|move|p2a: Aromatisse|Wish|p2a: Aromatisse\n|\n|-heal|p2a: Aromatisse|273\/321|[from] item: Leftovers\n|upkeep\n|turn|20\n|\n|t:|1610885654\n|move|p1a: Braviary|Bulk Up|p1a: Braviary\n|-boost|p1a: Braviary|atk|1\n|-boost|p1a: Braviary|def|1\n|move|p2a: Aromatisse|Moonblast|p1a: Braviary\n|-damage|p1a: Braviary|118\/305\n|\n|-heal|p2a: Aromatisse|321\/321|[from] move: Wish|[wisher] Aromatisse\n|upkeep\n|turn|21\n|\n|t:|1610885668\n|switch|p2a: Electivire|Electivire, L84, M|263\/263\n|move|p1a: Braviary|Brave Bird|p2a: Electivire\n|-resisted|p2a: Electivire\n|-damage|p2a: Electivire|122\/263\n|-damage|p1a: Braviary|71\/305|[from] Recoil\n|\n|upkeep\n|turn|22\n|\n|t:|1610885672\n|switch|p1a: Rotom|Rotom-Mow, L86|204\/226\n|move|p2a: Electivire|Volt Switch|p1a: Rotom\n|-resisted|p1a: Rotom\n|-damage|p1a: Rotom|185\/226\n|-damage|p2a: Electivire|96\/263|[from] item: Life Orb\n|\n|t:|1610885682\n|switch|p2a: Aromatisse|Aromatisse, L88, F|321\/321\n|\n|upkeep\n|turn|23\n|\n|t:|1610885685\n|move|p1a: Rotom|Volt Switch|p2a: Aromatisse\n|-damage|p2a: Aromatisse|222\/321\n|-damage|p1a: Rotom|163\/226|[from] item: Life Orb\n|\n|t:|1610885689\n|switch|p1a: Braviary|Braviary, L84, M|71\/305\n|move|p2a: Aromatisse|Wish|p2a: Aromatisse\n|\n|-heal|p2a: Aromatisse|242\/321|[from] item: Leftovers\n|upkeep\n|turn|24\n|\n|t:|1610885693\n|move|p1a: Braviary|Roost|p1a: Braviary\n|-heal|p1a: Braviary|224\/305\n|-singleturn|p1a: Braviary|move: Roost\n|move|p2a: Aromatisse|Moonblast|p1a: Braviary\n|-damage|p1a: Braviary|92\/305\n|\n|-heal|p2a: Aromatisse|321\/321|[from] move: Wish|[wisher] Aromatisse\n|upkeep\n|turn|25\n|\n|t:|1610885698\n|move|p1a: Braviary|Brave Bird|p2a: Aromatisse\n|-damage|p2a: Aromatisse|147\/321\n|-damage|p1a: Braviary|35\/305|[from] Recoil\n|move|p2a: Aromatisse|Calm Mind|p2a: Aromatisse\n|-boost|p2a: Aromatisse|spa|1\n|-boost|p2a: Aromatisse|spd|1\n|\n|-heal|p2a: Aromatisse|167\/321|[from] item: Leftovers\n|upkeep\n|turn|26\n|\n|t:|1610885707\n|switch|p2a: Electivire|Electivire, L84, M|96\/263\n|move|p1a: Braviary|Brave Bird|p2a: Electivire\n|-resisted|p2a: Electivire\n|-damage|p2a: Electivire|6\/263\n|-damage|p1a: Braviary|5\/305|[from] Recoil\n|\n|upkeep\n|turn|27\n|\n|t:|1610885717\n|switch|p1a: Rotom|Rotom-Mow, L86|163\/226\n|move|p2a: Electivire|Flamethrower|p1a: Rotom\n|-supereffective|p1a: Rotom\n|-damage|p1a: Rotom|28\/226\n|-damage|p2a: Electivire|0 fnt|[from] item: Life Orb\n|faint|p2a: Electivire\n|\n|upkeep\n|\n|t:|1610885730\n|switch|p2a: Kyurem|Kyurem-White, L74|307\/307\n|-ability|p2a: Kyurem|Turboblaze\n|turn|28\n|\n|t:|1610885737\n|move|p2a: Kyurem|Ice Beam|p1a: Rotom\n|-supereffective|p1a: Rotom\n|-damage|p1a: Rotom|0 fnt\n|faint|p1a: Rotom\n|\n|upkeep\n|\n|t:|1610885742\n|switch|p1a: Ninjask|Ninjask, L86, F|245\/245\n|turn|29\n|\n|t:|1610885746\n|move|p1a: Ninjask|U-turn|p2a: Kyurem\n|-damage|p2a: Kyurem|226\/307\n|\n|t:|1610885749\n|switch|p1a: Braviary|Braviary, L84, M|5\/305\n|move|p2a: Kyurem|Ice Beam|p1a: Braviary\n|-supereffective|p1a: Braviary\n|-damage|p1a: Braviary|0 fnt\n|faint|p1a: Braviary\n|\n|upkeep\n|\n|t:|1610885754\n|switch|p1a: Ninjask|Ninjask, L86, F|245\/245\n|turn|30\n|\n|t:|1610885759\n|move|p1a: Ninjask|Acrobatics|p2a: Kyurem\n|-damage|p2a: Kyurem|103\/307\n|move|p2a: Kyurem|Ice Beam|p1a: Ninjask\n|-supereffective|p1a: Ninjask\n|-damage|p1a: Ninjask|0 fnt\n|faint|p1a: Ninjask\n|\n|upkeep\n|\n|t:|1610885761\n|switch|p1a: Mew|Mew, L82|298\/298\n|turn|31\n|\n|t:|1610885764\n|move|p2a: Kyurem|Ice Beam|p1a: Mew\n|-damage|p1a: Mew|187\/298\n|move|p1a: Mew|Dragon Dance|p1a: Mew\n|-boost|p1a: Mew|atk|1\n|-boost|p1a: Mew|spe|1\n|\n|upkeep\n|turn|32\n|\n|t:|1610885767\n|move|p1a: Mew|Dragon Dance|p1a: Mew\n|-boost|p1a: Mew|atk|1\n|-boost|p1a: Mew|spe|1\n|move|p2a: Kyurem|Ice Beam|p1a: Mew\n|-damage|p1a: Mew|70\/298\n|-status|p1a: Mew|frz\n|-enditem|p1a: Mew|Lum Berry|[eat]\n|-curestatus|p1a: Mew|frz|[msg]\n|\n|upkeep\n|turn|33\n|\n|t:|1610885769\n|move|p1a: Mew|Psychic Fangs|p2a: Kyurem\n|-damage|p2a: Kyurem|0 fnt\n|faint|p2a: Kyurem\n|\n|upkeep\n|\n|t:|1610885772\n|switch|p2a: Primarina|Primarina, L82, M|265\/265\n|turn|34\n|\n|t:|1610885775\n|move|p1a: Mew|Psychic Fangs|p2a: Primarina\n|-damage|p2a: Primarina|79\/265\n|move|p2a: Primarina|Moonblast|p1a: Mew\n|-damage|p1a: Mew|0 fnt\n|faint|p1a: Mew\n|\n|upkeep\n|\n|t:|1610885778\n|switch|p1a: Corsola|Corsola-Galar, L86, M|243\/243\n|turn|35\n|\n|t:|1610885785\n|move|p2a: Primarina|Moonblast|p1a: Corsola\n|-damage|p1a: Corsola|177\/243\n|move|p1a: Corsola|Night Shade|p2a: Primarina\n|-damage|p2a: Primarina|0 fnt\n|faint|p2a: Primarina\n|\n|upkeep\n|\n|t:|1610885788\n|switch|p2a: Aromatisse|Aromatisse, L88, F|167\/321\n|turn|36\n|\n|t:|1610885792\n|move|p2a: Aromatisse|Protect|p2a: Aromatisse\n|-singleturn|p2a: Aromatisse|Protect\n|move|p1a: Corsola|Will-O-Wisp|p2a: Aromatisse\n|-activate|p2a: Aromatisse|move: Protect\n|\n|-heal|p2a: Aromatisse|187\/321|[from] item: Leftovers\n|upkeep\n|turn|37\n|\n|t:|1610885794\n|move|p1a: Corsola|Will-O-Wisp|p2a: Aromatisse|[miss]\n|-miss|p1a: Corsola|p2a: Aromatisse\n|move|p2a: Aromatisse|Wish|p2a: Aromatisse\n|\n|-heal|p2a: Aromatisse|207\/321|[from] item: Leftovers\n|upkeep\n|turn|38\n|\n|t:|1610885797\n|move|p2a: Aromatisse|Calm Mind|p2a: Aromatisse\n|-boost|p2a: Aromatisse|spa|1\n|-boost|p2a: Aromatisse|spd|1\n|move|p1a: Corsola|Will-O-Wisp|p2a: Aromatisse\n|-status|p2a: Aromatisse|brn\n|\n|-heal|p2a: Aromatisse|321\/321 brn|[from] move: Wish|[wisher] Aromatisse\n|-damage|p2a: Aromatisse|301\/321 brn|[from] brn\n|upkeep\n|turn|39\n|\n|t:|1610885800\n|move|p1a: Corsola|Night Shade|p2a: Aromatisse\n|-damage|p2a: Aromatisse|215\/321 brn\n|move|p2a: Aromatisse|Calm Mind|p2a: Aromatisse\n|-boost|p2a: Aromatisse|spa|1\n|-boost|p2a: Aromatisse|spd|1\n|\n|-heal|p2a: Aromatisse|235\/321 brn|[from] item: Leftovers\n|-damage|p2a: Aromatisse|215\/321 brn|[from] brn\n|upkeep\n|turn|40\n|\n|t:|1610885802\n|move|p1a: Corsola|Night Shade|p2a: Aromatisse\n|-damage|p2a: Aromatisse|129\/321 brn\n|move|p2a: Aromatisse|Wish|p2a: Aromatisse\n|\n|-heal|p2a: Aromatisse|149\/321 brn|[from] item: Leftovers\n|-damage|p2a: Aromatisse|129\/321 brn|[from] brn\n|upkeep\n|turn|41\n|\n|t:|1610885806\n|move|p2a: Aromatisse|Calm Mind|p2a: Aromatisse\n|-boost|p2a: Aromatisse|spa|1\n|-boost|p2a: Aromatisse|spd|1\n|move|p1a: Corsola|Strength Sap|p2a: Aromatisse\n|-unboost|p2a: Aromatisse|atk|1\n|-heal|p1a: Corsola|243\/243\n|\n|-heal|p2a: Aromatisse|289\/321 brn|[from] move: Wish|[wisher] Aromatisse\n|-heal|p2a: Aromatisse|309\/321 brn|[from] item: Leftovers\n|-damage|p2a: Aromatisse|289\/321 brn|[from] brn\n|upkeep\n|turn|42\n|\n|t:|1610885813\n|move|p2a: Aromatisse|Calm Mind|p2a: Aromatisse\n|-boost|p2a: Aromatisse|spa|1\n|-boost|p2a: Aromatisse|spd|1\n|move|p1a: Corsola|Night Shade|p2a: Aromatisse\n|-damage|p2a: Aromatisse|203\/321 brn\n|\n|-heal|p2a: Aromatisse|223\/321 brn|[from] item: Leftovers\n|-damage|p2a: Aromatisse|203\/321 brn|[from] brn\n|upkeep\n|turn|43\n|\n|t:|1610885815\n|move|p2a: Aromatisse|Wish|p2a: Aromatisse\n|move|p1a: Corsola|Night Shade|p2a: Aromatisse\n|-damage|p2a: Aromatisse|117\/321 brn\n|\n|-heal|p2a: Aromatisse|137\/321 brn|[from] item: Leftovers\n|-damage|p2a: Aromatisse|117\/321 brn|[from] brn\n|upkeep\n|turn|44\n|\n|t:|1610885820\n|move|p2a: Aromatisse|Calm Mind|p2a: Aromatisse\n|-boost|p2a: Aromatisse|spa|1\n|-boost|p2a: Aromatisse|spd|1\n|move|p1a: Corsola|Stealth Rock|p2a: Aromatisse\n|-sidestart|p2: Nonno Stalin \u262d|move: Stealth Rock\n|\n|-heal|p2a: Aromatisse|277\/321 brn|[from] move: Wish|[wisher] Aromatisse\n|-heal|p2a: Aromatisse|297\/321 brn|[from] item: Leftovers\n|-damage|p2a: Aromatisse|277\/321 brn|[from] brn\n|upkeep\n|turn|45\n|\n|t:|1610885825\n|move|p2a: Aromatisse|Calm Mind|p2a: Aromatisse\n|-boost|p2a: Aromatisse|spa|1\n|-boost|p2a: Aromatisse|spd|1\n|move|p1a: Corsola|Night Shade|p2a: Aromatisse\n|-damage|p2a: Aromatisse|191\/321 brn\n|\n|-heal|p2a: Aromatisse|211\/321 brn|[from] item: Leftovers\n|-damage|p2a: Aromatisse|191\/321 brn|[from] brn\n|upkeep\n|turn|46\n|\n|t:|1610885828\n|move|p1a: Corsola|Night Shade|p2a: Aromatisse\n|-damage|p2a: Aromatisse|105\/321 brn\n|move|p2a: Aromatisse|Wish|p2a: Aromatisse\n|\n|-heal|p2a: Aromatisse|125\/321 brn|[from] item: Leftovers\n|-damage|p2a: Aromatisse|105\/321 brn|[from] brn\n|upkeep\n|turn|47\n|\n|t:|1610885831\n|move|p1a: Corsola|Strength Sap|p2a: Aromatisse\n|-unboost|p2a: Aromatisse|atk|1\n|move|p2a: Aromatisse|Moonblast|p1a: Corsola\n|-damage|p1a: Corsola|0 fnt\n|faint|p1a: Corsola\n|\n|win|Nonno Stalin \u262d\n|raw|DjezzeMwoan's rating: 2149 &rarr; <strong>2132<\/strong><br \/>(-17 for losing)\n|raw|Nonno Stalin \u262d's rating: 2207 &rarr; <strong>2223<\/strong><br \/>(+16 for winning)\n|l|\u2606DjezzeMwoan\n","inputlog":">version c33f5c530b90f406ee773276202c209c27e44c2f\n>start {\"formatid\":\"gen8randombattle\",\"seed\":[28440,46314,52311,49304],\"rated\":\"Rated battle\"}\n>player p1 {\"name\":\"DjezzeMwoan\",\"avatar\":\"52\",\"team\":\"\",\"rating\":2149,\"seed\":[53689,36817,49154,13991]}\n>player p2 {\"name\":\"Nonno Stalin \u262d\",\"avatar\":\"gentleman-gen4dp\",\"team\":\"\",\"rating\":2207,\"seed\":[54225,30532,37484,38603]}\n>p1 move dragondance\n>p2 move shellsmash\n>p1 move sunsteelstrike dynamax\n>p2 move hydropump\n>p1 move earthquake dynamax\n>p2 move hydropump dynamax\n>p1 move sunsteelstrike dynamax\n>p2 move hydropump dynamax\n>p1 switch 4\n>p1 move strengthsap\n>p2 move hydropump dynamax\n>p1 move nightshade\n>p2 move hydropump\n>p2 switch 2\n>p1 move strengthsap\n>p2 move earthquake\n>chat \u2606DjezzeMwoan|stalin chan\n>p1 move willowisp\n>p2 move swordsdance\n>p1 move strengthsap\n>p2 move swordsdance\n>p1 move willowisp\n>p2 move swordsdance\n>p1 move nightshade\n>p2 move swordsdance\n>p1 move strengthsap\n>p2 move earthquake\n>p1 move nightshade\n>p2 move swordsdance\n>p1 move strengthsap\n>p2 move swordsdance\n>p1 move strengthsap\n>p2 move outrage\n>p1 move strengthsap\n>p2 move outrage\n>chat \u2606DjezzeMwoan|wp\n>p2 switch 3\n>p1 switch 6\n>p2 move calmmind\n>p1 move voltswitch\n>p2 move protect\n>p1 move voltswitch\n>p2 move wish\n>p1 switch 5\n>p1 move bulkup\n>p2 move moonblast\n>p1 move bravebird\n>p2 switch 4\n>p1 switch 5\n>p2 move voltswitch\n>p2 switch 4\n>p1 move voltswitch\n>p2 move wish\n>p1 switch 5\n>p1 move roost\n>p2 move moonblast\n>p1 move bravebird\n>p2 move calmmind\n>p1 move bravebird\n>p2 switch 4\n>p1 switch 5\n>p2 move flamethrower\n>p2 switch 5\n>p1 move voltswitch\n>p2 move icebeam\n>p1 switch 3\n>p1 move uturn\n>p2 move icebeam\n>p1 switch 5\n>p1 switch 5\n>p1 move acrobatics\n>p2 move icebeam\n>p1 switch 2\n>p1 move dragondance\n>p2 move icebeam\n>p1 move dragondance\n>p2 move icebeam\n>p1 move psychicfangs\n>p2 move icebeam\n>p2 switch 6\n>p1 move psychicfangs\n>p2 move moonblast\n>p1 switch 6\n>p1 move nightshade\n>p2 move moonblast\n>p2 switch 4\n>p1 move willowisp\n>p2 move protect\n>p1 move willowisp\n>p2 move wish\n>p1 move willowisp\n>p2 move calmmind\n>p1 move nightshade\n>p2 move calmmind\n>p1 move nightshade\n>p2 move wish\n>p1 move strengthsap\n>p2 move calmmind\n>p1 move nightshade\n>p2 move calmmind\n>p1 move nightshade\n>p2 move wish\n>p1 move stealthrock\n>p2 move calmmind\n>p1 move nightshade\n>p2 move calmmind\n>p1 move nightshade\n>p2 move wish\n>p1 move strengthsap\n>p2 move moonblast","uploadtime":1610885838,"views":6,"p1id":"djezzemwoan","p2id":"nonnostalin","formatid":"gen8randombattle","rating":2132,"private":0,"password":null}