{"id":"gen8uu-1280443746","p1":"Mutako Z","p2":"Regi Time","format":"gen8uu","log":"|j|\u2606Mutako Z\n|j|\u2606Regi Time\n|t:|1613055990\n|player|p1|Mutako Z|28|1148\n|player|p2|Regi Time|101|1214\n|teamsize|p1|6\n|teamsize|p2|6\n|gametype|singles\n|gen|8\n|tier|[Gen 8] UU\n|rated|\n|clearpoke\n|poke|p1|Cresselia, F|\n|poke|p1|Rotom-Heat|\n|poke|p1|Runerigus, F|\n|poke|p1|Stakataka|\n|poke|p1|Kyurem|\n|poke|p1|Arctovish|\n|poke|p2|Regigigas|\n|poke|p2|Slowking, F|\n|poke|p2|Rotom-Heat|\n|poke|p2|Jirachi|\n|poke|p2|Tapu Bulu|\n|poke|p2|Salamence, M|\n|rule|Sleep Clause Mod: Limit one foe put to sleep\n|rule|Species Clause: Limit one of each Pok\u00e9mon\n|rule|OHKO Clause: OHKO moves are banned\n|rule|Evasion Moves Clause: Evasion moves are banned\n|rule|Endless Battle Clause: Forcing endless battles is banned\n|rule|HP Percentage Mod: HP is shown in percentages\n|rule|Dynamax Clause: You cannot dynamax\n|teampreview\n|inactive|Battle timer is ON: inactive players will automatically lose when time's up. (requested by Regi Time)\n|\n|t:|1613056001\n|start\n|switch|p1a: Rotom|Rotom-Heat|100\/100\n|switch|p2a: Regigigas|Regigigas|100\/100\n|-start|p2a: Regigigas|ability: Slow Start\n|turn|1\n|\n|t:|1613056010\n|move|p2a: Regigigas|Protect|p2a: Regigigas\n|-singleturn|p2a: Regigigas|Protect\n|move|p1a: Rotom|Trick|p2a: Regigigas\n|-activate|p2a: Regigigas|move: Protect\n|\n|upkeep\n|turn|2\n|\n|t:|1613056040\n|-end|p2a: Regigigas|Slow Start|[silent]\n|switch|p2a: Salamence|Salamence, M|100\/100\n|move|p1a: Rotom|Trick|p2a: Salamence\n|-activate|p1a: Rotom|move: Trick|[of] p2a: Salamence\n|-item|p2a: Salamence|Choice Scarf|[from] move: Trick\n|-item|p1a: Rotom|Heavy-Duty Boots|[from] move: Trick\n|\n|upkeep\n|turn|3\n|\n|t:|1613056049\n|switch|p2a: Regigigas|Regigigas|100\/100\n|-start|p2a: Regigigas|ability: Slow Start\n|move|p1a: Rotom|Volt Switch|p2a: Regigigas\n|-damage|p2a: Regigigas|75\/100\n|\n|t:|1613056062\n|switch|p1a: Kyurem|Kyurem|100\/100|[from]move: Volt Switch\n|-ability|p1a: Kyurem|Pressure\n|\n|-heal|p2a: Regigigas|81\/100|[from] item: Leftovers\n|upkeep\n|turn|4\n|\n|t:|1613056072\n|move|p1a: Kyurem|Ice Beam|p2a: Regigigas\n|-damage|p2a: Regigigas|21\/100\n|move|p2a: Regigigas|Substitute|p2a: Regigigas\n|-fail|p2a: Regigigas|move: Substitute|[weak]\n|\n|-heal|p2a: Regigigas|28\/100|[from] item: Leftovers\n|upkeep\n|turn|5\n|\n|t:|1613056080\n|-end|p2a: Regigigas|Slow Start|[silent]\n|switch|p2a: Jirachi|Jirachi|100\/100\n|move|p1a: Kyurem|Ice Beam|p2a: Jirachi\n|-resisted|p2a: Jirachi\n|-damage|p2a: Jirachi|72\/100\n|\n|-heal|p2a: Jirachi|78\/100|[from] item: Leftovers\n|upkeep\n|turn|6\n|\n|t:|1613056091\n|switch|p1a: Runerigus|Runerigus, F|100\/100\n|move|p2a: Jirachi|Stealth Rock|p1a: Runerigus\n|-sidestart|p1: Mutako Z|move: Stealth Rock\n|\n|-heal|p2a: Jirachi|84\/100|[from] item: Leftovers\n|upkeep\n|turn|7\n|\n|t:|1613056098\n|move|p2a: Jirachi|U-turn|p1a: Runerigus\n|-resisted|p1a: Runerigus\n|-damage|p1a: Runerigus|95\/100\n|-activate|p1a: Runerigus|ability: Wandering Spirit|Serene Grace|Wandering Spirit|[of] p2a: Jirachi\n|\n|t:|1613056100\n|switch|p2a: Regigigas|Regigigas|28\/100|[from]move: U-turn\n|-start|p2a: Regigigas|ability: Slow Start\n|move|p1a: Runerigus|Trick Room|p1a: Runerigus\n|-fieldstart|move: Trick Room|[of] p1a: Runerigus\n|\n|-heal|p2a: Regigigas|34\/100|[from] item: Leftovers\n|upkeep\n|turn|8\n|\n|t:|1613056112\n|move|p1a: Runerigus|Stealth Rock|p2a: Regigigas\n|-sidestart|p2: Regi Time|move: Stealth Rock\n|move|p2a: Regigigas|Substitute|p2a: Regigigas\n|-start|p2a: Regigigas|Substitute\n|-damage|p2a: Regigigas|9\/100\n|\n|-heal|p2a: Regigigas|15\/100|[from] item: Leftovers\n|upkeep\n|turn|9\n|\n|t:|1613056120\n|switch|p1a: Stakataka|Stakataka|100\/100\n|-damage|p1a: Stakataka|94\/100|[from] Stealth Rock\n|move|p2a: Regigigas|Protect||[still]\n|-fail|p2a: Regigigas\n|\n|-heal|p2a: Regigigas|21\/100|[from] item: Leftovers\n|upkeep\n|turn|10\n|\n|t:|1613056129\n|move|p2a: Regigigas|Protect|p2a: Regigigas\n|-singleturn|p2a: Regigigas|Protect\n|move|p1a: Stakataka|Gyro Ball|p2a: Regigigas\n|-activate|p2a: Regigigas|move: Protect\n|\n|-heal|p2a: Regigigas|27\/100|[from] item: Leftovers\n|upkeep\n|turn|11\n|\n|t:|1613056136\n|move|p1a: Stakataka|Gyro Ball|p2a: Regigigas\n|-end|p2a: Regigigas|Substitute\n|-damage|p1a: Stakataka|85\/100|[from] item: Life Orb\n|move|p2a: Regigigas|Substitute|p2a: Regigigas\n|-start|p2a: Regigigas|Substitute\n|-damage|p2a: Regigigas|2\/100\n|\n|-heal|p2a: Regigigas|8\/100|[from] item: Leftovers\n|-fieldend|move: Trick Room\n|-end|p2a: Regigigas|Slow Start\n|upkeep\n|turn|12\n|\n|t:|1613056147\n|move|p2a: Regigigas|Earthquake|p1a: Stakataka\n|-supereffective|p1a: Stakataka\n|-damage|p1a: Stakataka|0 fnt\n|faint|p1a: Stakataka\n|\n|-heal|p2a: Regigigas|14\/100|[from] item: Leftovers\n|upkeep\n|\n|t:|1613056155\n|switch|p1a: Cresselia|Cresselia, F, shiny|100\/100\n|-damage|p1a: Cresselia|88\/100|[from] Stealth Rock\n|turn|13\n|\n|t:|1613056161\n|move|p2a: Regigigas|Body Slam|p1a: Cresselia\n|-damage|p1a: Cresselia|52\/100\n|-status|p1a: Cresselia|par\n|move|p1a: Cresselia|Trick Room|p1a: Cresselia\n|-fieldstart|move: Trick Room|[of] p1a: Cresselia\n|\n|-heal|p1a: Cresselia|58\/100 par|[from] item: Leftovers\n|-heal|p2a: Regigigas|21\/100|[from] item: Leftovers\n|upkeep\n|turn|14\n|\n|t:|1613056171\n|move|p2a: Regigigas|Protect|p2a: Regigigas\n|-singleturn|p2a: Regigigas|Protect\n|move|p1a: Cresselia|Ice Beam|p2a: Regigigas\n|-activate|p2a: Regigigas|move: Protect\n|\n|-heal|p1a: Cresselia|64\/100 par|[from] item: Leftovers\n|-heal|p2a: Regigigas|27\/100|[from] item: Leftovers\n|upkeep\n|turn|15\n|\n|t:|1613056180\n|move|p1a: Cresselia|Ice Beam|p2a: Regigigas\n|-activate|p2a: Regigigas|move: Substitute|[damage]\n|move|p2a: Regigigas|Body Slam|p1a: Cresselia\n|-damage|p1a: Cresselia|30\/100 par\n|\n|-heal|p1a: Cresselia|36\/100 par|[from] item: Leftovers\n|-heal|p2a: Regigigas|33\/100|[from] item: Leftovers\n|upkeep\n|turn|16\n|\n|t:|1613056189\n|move|p1a: Cresselia|Ice Beam|p2a: Regigigas\n|-end|p2a: Regigigas|Substitute\n|move|p2a: Regigigas|Body Slam|p1a: Cresselia\n|-damage|p1a: Cresselia|1\/100 par\n|\n|-heal|p1a: Cresselia|7\/100 par|[from] item: Leftovers\n|-heal|p2a: Regigigas|39\/100|[from] item: Leftovers\n|upkeep\n|turn|17\n|\n|t:|1613056205\n|cant|p1a: Cresselia|par\n|move|p2a: Regigigas|Substitute|p2a: Regigigas\n|-start|p2a: Regigigas|Substitute\n|-damage|p2a: Regigigas|14\/100\n|\n|-heal|p1a: Cresselia|14\/100 par|[from] item: Leftovers\n|-heal|p2a: Regigigas|20\/100|[from] item: Leftovers\n|-fieldend|move: Trick Room\n|upkeep\n|turn|18\n|\n|t:|1613056214\n|move|p2a: Regigigas|Body Slam|p1a: Cresselia\n|-damage|p1a: Cresselia|0 fnt\n|faint|p1a: Cresselia\n|\n|-heal|p2a: Regigigas|26\/100|[from] item: Leftovers\n|upkeep\n|\n|t:|1613056225\n|switch|p1a: Rotom|Rotom-Heat|100\/100\n|turn|19\n|\n|t:|1613056232\n|move|p2a: Regigigas|Protect|p2a: Regigigas\n|-singleturn|p2a: Regigigas|Protect\n|move|p1a: Rotom|Overheat|p2a: Regigigas\n|-activate|p2a: Regigigas|move: Protect\n|\n|-heal|p2a: Regigigas|32\/100|[from] item: Leftovers\n|upkeep\n|turn|20\n|\n|t:|1613056240\n|move|p2a: Regigigas|Substitute|p2a: Regigigas\n|-fail|p2a: Regigigas|move: Substitute\n|move|p1a: Rotom|Volt Switch|p2a: Regigigas\n|-activate|p2a: Regigigas|move: Substitute|[damage]\n|\n|t:|1613056246\n|switch|p1a: Kyurem|Kyurem|100\/100|[from]move: Volt Switch\n|-damage|p1a: Kyurem|76\/100|[from] Stealth Rock\n|-ability|p1a: Kyurem|Pressure\n|\n|-heal|p2a: Regigigas|38\/100|[from] item: Leftovers\n|upkeep\n|turn|21\n|\n|t:|1613056258\n|move|p2a: Regigigas|Protect|p2a: Regigigas\n|-singleturn|p2a: Regigigas|Protect\n|move|p1a: Kyurem|Ice Beam|p2a: Regigigas\n|-activate|p2a: Regigigas|move: Protect\n|\n|-heal|p2a: Regigigas|45\/100|[from] item: Leftovers\n|upkeep\n|turn|22\n|\n|t:|1613056266\n|move|p2a: Regigigas|Body Slam|p1a: Kyurem\n|-damage|p1a: Kyurem|30\/100\n|move|p1a: Kyurem|Ice Beam|p2a: Regigigas\n|-end|p2a: Regigigas|Substitute\n|\n|-heal|p2a: Regigigas|51\/100|[from] item: Leftovers\n|upkeep\n|turn|23\n|\n|t:|1613056275\n|switch|p1a: Runerigus|Runerigus, F|95\/100\n|-damage|p1a: Runerigus|90\/100|[from] Stealth Rock\n|move|p2a: Regigigas|Body Slam|p1a: Runerigus\n|-immune|p1a: Runerigus\n|\n|-heal|p2a: Regigigas|57\/100|[from] item: Leftovers\n|upkeep\n|turn|24\n|\n|t:|1613056286\n|move|p2a: Regigigas|Substitute|p2a: Regigigas\n|-start|p2a: Regigigas|Substitute\n|-damage|p2a: Regigigas|32\/100\n|move|p1a: Runerigus|Trick Room|p1a: Runerigus\n|-fieldstart|move: Trick Room|[of] p1a: Runerigus\n|\n|-heal|p2a: Regigigas|38\/100|[from] item: Leftovers\n|upkeep\n|turn|25\n|\n|t:|1613056297\n|move|p2a: Regigigas|Protect|p2a: Regigigas\n|-singleturn|p2a: Regigigas|Protect\n|move|p1a: Runerigus|Stealth Rock||[still]\n|-fail|p1a: Runerigus\n|\n|-heal|p2a: Regigigas|44\/100|[from] item: Leftovers\n|upkeep\n|turn|26\n|\n|t:|1613056311\n|move|p1a: Runerigus|Stealth Rock||[still]\n|-fail|p1a: Runerigus\n|move|p2a: Regigigas|Earthquake|p1a: Runerigus\n|-damage|p1a: Runerigus|63\/100\n|\n|-heal|p2a: Regigigas|50\/100|[from] item: Leftovers\n|upkeep\n|turn|27\n|\n|t:|1613056320\n|move|p1a: Runerigus|Stealth Rock||[still]\n|-fail|p1a: Runerigus\n|move|p2a: Regigigas|Earthquake|p1a: Runerigus\n|-damage|p1a: Runerigus|37\/100\n|\n|-heal|p2a: Regigigas|56\/100|[from] item: Leftovers\n|upkeep\n|turn|28\n|\n|t:|1613056333\n|move|p1a: Runerigus|Destiny Bond|p1a: Runerigus\n|-singlemove|p1a: Runerigus|Destiny Bond\n|move|p2a: Regigigas|Earthquake|p1a: Runerigus\n|-damage|p1a: Runerigus|11\/100\n|\n|-heal|p2a: Regigigas|63\/100|[from] item: Leftovers\n|-fieldend|move: Trick Room\n|upkeep\n|turn|29\n|\n|t:|1613056344\n|move|p2a: Regigigas|Protect|p2a: Regigigas\n|-singleturn|p2a: Regigigas|Protect\n|move|p1a: Runerigus|Trick Room|p1a: Runerigus\n|-fieldstart|move: Trick Room|[of] p1a: Runerigus\n|\n|-heal|p2a: Regigigas|69\/100|[from] item: Leftovers\n|upkeep\n|turn|30\n|\n|t:|1613056352\n|move|p1a: Runerigus|Destiny Bond|p1a: Runerigus\n|-singlemove|p1a: Runerigus|Destiny Bond\n|move|p2a: Regigigas|Body Slam|p1a: Runerigus\n|-immune|p1a: Runerigus\n|\n|-heal|p2a: Regigigas|75\/100|[from] item: Leftovers\n|upkeep\n|turn|31\n|\n|t:|1613056361\n|move|p1a: Runerigus|Stealth Rock||[still]\n|-fail|p1a: Runerigus\n|move|p2a: Regigigas|Earthquake|p1a: Runerigus\n|-damage|p1a: Runerigus|0 fnt\n|faint|p1a: Runerigus\n|\n|-heal|p2a: Regigigas|81\/100|[from] item: Leftovers\n|upkeep\n|-message|Mutako Z forfeited.\n|\n|win|Regi Time\n|l|\u2606Mutako Z\n||Ladder (probably) updated, but score could not be retrieved (Request timeout).\n","uploadtime":1613056371,"views":12,"p1id":"mutakoz","p2id":"regitime","formatid":"gen8uu","rating":0,"private":0,"password":null}