{"id":"gen8oublitz-1133307179","p1":"Marley Brinx","p2":"Ban Lando t guy jk","format":"gen8oublitz","log":"|inactive|Battle timer is ON: inactive players will automatically lose when time's up.\n|j|\u2606Marley Brinx\n|j|\u2606Ban Lando t guy jk\n|player|p1|Marley Brinx|beauty-gen4dp|1000\n|player|p2|Ban Lando t guy jk|164|1154\n|teamsize|p1|6\n|teamsize|p2|6\n|gametype|singles\n|gen|8\n|tier|[Gen 8] OU (Blitz)\n|rated|\n|clearpoke\n|poke|p1|Inteleon, M|\n|poke|p1|Cinderace, M|\n|poke|p1|Excadrill, M|\n|poke|p1|Bisharp, M|\n|poke|p1|Togekiss, F|\n|poke|p1|Grimmsnarl, M|\n|poke|p2|Cinderace, M|\n|poke|p2|Corviknight, F|\n|poke|p2|Kommo-o, F|\n|poke|p2|Hydreigon, F|\n|poke|p2|Zeraora|\n|poke|p2|Clefable, F|\n|rule|Sleep Clause Mod: Limit one foe put to sleep\n|rule|Species Clause: Limit one of each Pok\u00e9mon\n|rule|OHKO Clause: OHKO moves are banned\n|rule|Evasion Moves Clause: Evasion moves are banned\n|rule|Endless Battle Clause: Forcing endless battles is banned\n|rule|HP Percentage Mod: HP is shown in percentages\n|rule|Dynamax Clause: You cannot dynamax\n|rule|Blitz: Super-fast timer\n|teampreview\n|inactive|Ban Lando t guy jk has 30 seconds left.\n|\n|start\n|switch|p1a: Grimmsnarl|Grimmsnarl, M|100\/100\n|switch|p2a: Kommo-o|Kommo-o, F|100\/100\n|turn|1\n|\n|move|p1a: Grimmsnarl|Thunder Wave|p2a: Kommo-o\n|-status|p2a: Kommo-o|par\n|cant|p2a: Kommo-o|par\n|\n|upkeep\n|turn|2\n|\n|move|p1a: Grimmsnarl|Light Screen|p1a: Grimmsnarl\n|-sidestart|p1: Marley Brinx|move: Light Screen\n|move|p2a: Kommo-o|Toxic|p1a: Grimmsnarl\n|-status|p1a: Grimmsnarl|tox\n|\n|-damage|p1a: Grimmsnarl|94\/100 tox|[from] psn\n|upkeep\n|turn|3\n|\n|move|p1a: Grimmsnarl|Spirit Break|p2a: Kommo-o\n|-supereffective|p2a: Kommo-o\n|-damage|p2a: Kommo-o|19\/100 par\n|-unboost|p2a: Kommo-o|spa|1\n|cant|p2a: Kommo-o|par\n|\n|-heal|p2a: Kommo-o|25\/100 par|[from] item: Leftovers\n|-damage|p1a: Grimmsnarl|82\/100 tox|[from] psn\n|upkeep\n|turn|4\n|inactive|Marley Brinx has 10 seconds left.\n|\n|move|p1a: Grimmsnarl|Reflect|p1a: Grimmsnarl\n|-sidestart|p1: Marley Brinx|Reflect\n|move|p2a: Kommo-o|Stealth Rock|p1a: Grimmsnarl\n|-sidestart|p1: Marley Brinx|move: Stealth Rock\n|\n|-heal|p2a: Kommo-o|31\/100 par|[from] item: Leftovers\n|-damage|p1a: Grimmsnarl|64\/100 tox|[from] psn\n|upkeep\n|turn|5\n|\n|move|p1a: Grimmsnarl|Spirit Break|p2a: Kommo-o\n|-supereffective|p2a: Kommo-o\n|-damage|p2a: Kommo-o|0 fnt\n|faint|p2a: Kommo-o\n|\n|-damage|p1a: Grimmsnarl|40\/100 tox|[from] psn\n|upkeep\n|inactive|Ban Lando t guy jk has 10 seconds left.\n|\n|switch|p2a: Zeraora|Zeraora|100\/100\n|turn|6\n|inactive|Marley Brinx has 10 seconds left.\n|\n|switch|p1a: Togekiss|Togekiss, F|100\/100\n|-damage|p1a: Togekiss|76\/100|[from] Stealth Rock\n|move|p2a: Zeraora|Plasma Fists|p1a: Togekiss\n|-supereffective|p1a: Togekiss\n|-damage|p1a: Togekiss|22\/100\n|-fieldactivate|move: Ion Deluge\n|\n|upkeep\n|turn|7\n|inactive|Ban Lando t guy jk has 10 seconds left.\n|\n|move|p1a: Togekiss|Trick|p2a: Zeraora\n|-activate|p1a: Togekiss|move: Trick|[of] p2a: Zeraora\n|-item|p2a: Zeraora|Choice Scarf|[from] move: Trick\n|-item|p1a: Togekiss|Leftovers|[from] move: Trick\n|move|p2a: Zeraora|Knock Off|p1a: Togekiss\n|-resisted|p1a: Togekiss\n|-damage|p1a: Togekiss|14\/100\n|-enditem|p1a: Togekiss|Leftovers|[from] move: Knock Off|[of] p2a: Zeraora\n|\n|upkeep\n|turn|8\n|inactive|Marley Brinx has 10 seconds left.\n|inactive|Ban Lando t guy jk has 10 seconds left.\n|\n|switch|p2a: Clefable|Clefable, F|100\/100\n|move|p1a: Togekiss|Air Slash|p2a: Clefable\n|-damage|p2a: Clefable|74\/100\n|\n|-heal|p2a: Clefable|80\/100|[from] item: Leftovers\n|upkeep\n|turn|9\n|\n|move|p1a: Togekiss|Thunder Wave|p2a: Clefable\n|-status|p2a: Clefable|par\n|move|p2a: Clefable|Teleport|p2a: Clefable\n|inactive|Ban Lando t guy jk has 10 seconds left.\n|\n|switch|p2a: Cinderace|Cinderace, M|100\/100|[from]move: Teleport\n|\n|-sideend|p1: Marley Brinx|move: Light Screen\n|upkeep\n|turn|10\n|\n|move|p2a: Cinderace|Pyro Ball|p1a: Togekiss\n|-damage|p1a: Togekiss|0 fnt\n|faint|p1a: Togekiss\n|\n|upkeep\n|inactive|Marley Brinx has 10 seconds left.\n|\n|switch|p1a: Inteleon|Inteleon, M|100\/100\n|-damage|p1a: Inteleon|88\/100|[from] Stealth Rock\n|turn|11\n|\n|switch|p2a: Corviknight|Corviknight, F|100\/100\n|-ability|p2a: Corviknight|Pressure\n|move|p1a: Inteleon|Focus Energy|p1a: Inteleon\n|-start|p1a: Inteleon|move: Focus Energy\n|\n|-sideend|p1: Marley Brinx|Reflect\n|upkeep\n|turn|12\n|\n|move|p1a: Inteleon|Snipe Shot|p2a: Corviknight\n|-crit|p2a: Corviknight\n|-damage|p2a: Corviknight|5\/100\n|move|p2a: Corviknight|Body Press|p1a: Inteleon\n|-damage|p1a: Inteleon|41\/100\n|\n|-heal|p2a: Corviknight|11\/100|[from] item: Leftovers\n|upkeep\n|turn|13\n|inactive|Ban Lando t guy jk has 10 seconds left.\n|\n|move|p1a: Inteleon|Snipe Shot|p2a: Corviknight\n|-crit|p2a: Corviknight\n|-damage|p2a: Corviknight|0 fnt\n|faint|p2a: Corviknight\n|\n|upkeep\n|\n|switch|p2a: Zeraora|Zeraora|100\/100\n|turn|14\n|\n|move|p2a: Zeraora|Close Combat|p1a: Inteleon\n|-damage|p1a: Inteleon|0 fnt\n|-unboost|p2a: Zeraora|def|1\n|-unboost|p2a: Zeraora|spd|1\n|faint|p1a: Inteleon\n|\n|upkeep\n|inactive|Marley Brinx has 10 seconds left.\n|\n|switch|p1a: Grimmsnarl|Grimmsnarl, M|40\/100 tox\n|-damage|p1a: Grimmsnarl|27\/100 tox|[from] Stealth Rock\n|turn|15\n|\n|move|p1a: Grimmsnarl|Reflect|p1a: Grimmsnarl\n|-sidestart|p1: Marley Brinx|Reflect\n|move|p2a: Zeraora|Close Combat|p1a: Grimmsnarl\n|-damage|p1a: Grimmsnarl|12\/100 tox\n|-unboost|p2a: Zeraora|def|1\n|-unboost|p2a: Zeraora|spd|1\n|\n|-damage|p1a: Grimmsnarl|6\/100 tox|[from] psn\n|upkeep\n|turn|16\n|\n|switch|p2a: Clefable|Clefable, F|80\/100 par\n|move|p1a: Grimmsnarl|Light Screen|p1a: Grimmsnarl\n|-sidestart|p1: Marley Brinx|move: Light Screen\n|\n|-heal|p2a: Clefable|86\/100 par|[from] item: Leftovers\n|-damage|p1a: Grimmsnarl|0 fnt|[from] psn\n|faint|p1a: Grimmsnarl\n|upkeep\n|\n|switch|p1a: Excadrill|Excadrill, M|100\/100\n|-damage|p1a: Excadrill|97\/100|[from] Stealth Rock\n|-ability|p1a: Excadrill|Mold Breaker\n|turn|17\n|\n|move|p1a: Excadrill|Rapid Spin|p2a: Clefable\n|-damage|p2a: Clefable|65\/100 par\n|-boost|p1a: Excadrill|spe|1\n|-sideend|p1: Marley Brinx|Stealth Rock|[from] move: Rapid Spin|[of] p1a: Excadrill\n|move|p2a: Clefable|Teleport|p2a: Clefable\n|inactive|Ban Lando t guy jk has 10 seconds left.\n|\n|switch|p2a: Hydreigon|Hydreigon, F|100\/100|[from]move: Teleport\n|\n|upkeep\n|turn|18\n|\n|move|p1a: Excadrill|Iron Head|p2a: Hydreigon\n|-damage|p2a: Hydreigon|52\/100\n|move|p2a: Hydreigon|Flamethrower|p1a: Excadrill\n|-supereffective|p1a: Excadrill\n|-damage|p1a: Excadrill|37\/100\n|-damage|p2a: Hydreigon|43\/100|[from] item: Life Orb\n|\n|upkeep\n|turn|19\n|inactive|Marley Brinx has 10 seconds left.\n|inactive|Ban Lando t guy jk has 10 seconds left.\n|\n|move|p1a: Excadrill|Earthquake|p2a: Hydreigon\n|-damage|p2a: Hydreigon|0 fnt\n|faint|p2a: Hydreigon\n|\n|upkeep\n|\n|switch|p2a: Clefable|Clefable, F|65\/100 par\n|turn|20\n|\n|move|p1a: Excadrill|Iron Head|p2a: Clefable\n|-supereffective|p2a: Clefable\n|-damage|p2a: Clefable|0 fnt\n|faint|p2a: Clefable\n|\n|upkeep\n|inactive|Ban Lando t guy jk has 10 seconds left.\n|\n|switch|p2a: Cinderace|Cinderace, M|100\/100\n|turn|21\n|\n|move|p2a: Cinderace|Sucker Punch|p1a: Excadrill\n|-start|p2a: Cinderace|typechange|Dark|[from] ability: Libero\n|-damage|p1a: Excadrill|13\/100\n|move|p1a: Excadrill|Earthquake|p2a: Cinderace\n|-damage|p2a: Cinderace|28\/100\n|\n|upkeep\n|turn|22\n|inactive|Marley Brinx has 10 seconds left.\n|\n|move|p2a: Cinderace|Sucker Punch|p1a: Excadrill\n|-crit|p1a: Excadrill\n|-damage|p1a: Excadrill|0 fnt\n|faint|p1a: Excadrill\n|\n|-sideend|p1: Marley Brinx|Reflect\n|upkeep\n|\n|switch|p1a: Cinderace|Cinderace, M|100\/100\n|turn|23\n|inactive|Marley Brinx has 10 seconds left.\n|\n|move|p1a: Cinderace|High Jump Kick|p2a: Cinderace\n|-start|p1a: Cinderace|typechange|Fighting|[from] ability: Libero\n|-supereffective|p2a: Cinderace\n|-damage|p2a: Cinderace|0 fnt\n|faint|p2a: Cinderace\n|\n|-sideend|p1: Marley Brinx|move: Light Screen\n|upkeep\n|\n|switch|p2a: Zeraora|Zeraora|100\/100\n|turn|24\n|\n|move|p2a: Zeraora|Plasma Fists|p1a: Cinderace\n|-damage|p1a: Cinderace|36\/100\n|-fieldactivate|move: Ion Deluge\n|move|p1a: Cinderace|Pyro Ball|p2a: Zeraora\n|-start|p1a: Cinderace|typechange|Fire|[from] ability: Libero\n|-damage|p2a: Zeraora|19\/100\n|\n|upkeep\n|turn|25\n|\n|move|p2a: Zeraora|Plasma Fists|p1a: Cinderace\n|-damage|p1a: Cinderace|0 fnt\n|-fieldactivate|move: Ion Deluge\n|faint|p1a: Cinderace\n|\n|upkeep\n|\n|switch|p1a: Bisharp|Bisharp, M|100\/100\n|turn|26\n|\n|move|p1a: Bisharp|Sucker Punch|p2a: Zeraora\n|-damage|p2a: Zeraora|0 fnt\n|faint|p2a: Zeraora\n|\n|win|Marley Brinx\n|l|\u2606Ban Lando t guy jk\n||Ladder (probably) updated, but score could not be retrieved (Request timeout).\n","uploadtime":1592258500,"views":10,"p1id":"marleybrinx","p2id":"banlandotguyjk","formatid":"gen8oublitz","rating":0,"private":0,"password":null}