{"id":"gen8uu-1027842235","p1":"leohstrecci","p2":"Therockcena","format":"gen8uu","log":"|j|\u2606leohstrecci\n|j|\u2606Therockcena\n|player|p1|leohstrecci|firebreather|1178\n|player|p2|Therockcena|1|1131\n|teamsize|p1|6\n|teamsize|p2|6\n|gametype|singles\n|gen|8\n|tier|[Gen 8] UU\n|rated|\n|rule|Sleep Clause Mod: Limit one foe put to sleep\n|rule|Species Clause: Limit one of each Pok\u00e9mon\n|rule|OHKO Clause: OHKO moves are banned\n|rule|Evasion Moves Clause: Evasion moves are banned\n|rule|Endless Battle Clause: Forcing endless battles is banned\n|rule|HP Percentage Mod: HP is shown in percentages\n|clearpoke\n|poke|p1|Indeedee, M|\n|poke|p1|Goodra, F|\n|poke|p1|Snorlax, M|\n|poke|p1|Frosmoth, F|\n|poke|p1|Cramorant, M|\n|poke|p1|Duraludon, M|\n|poke|p2|Noivern, F|\n|poke|p2|Appletun, F|\n|poke|p2|Milotic, M|\n|poke|p2|Chandelure, F|\n|poke|p2|Araquanid, M|\n|poke|p2|Accelgor, F|\n|teampreview\n|inactive|Battle timer is ON: inactive players will automatically lose when time's up. (requested by leohstrecci)\n|\n|start\n|switch|p1a: Cramorant|Cramorant, M|100\/100\n|switch|p2a: Accelgor|Accelgor, F|100\/100\n|turn|1\n|\n|move|p2a: Accelgor|Energy Ball|p1a: Cramorant\n|-damage|p1a: Cramorant|58\/100\n|-damage|p2a: Accelgor|91\/100|[from] item: Life Orb\n|move|p1a: Cramorant|Air Slash|p2a: Accelgor\n|-supereffective|p2a: Accelgor\n|-damage|p2a: Accelgor|7\/100\n|\n|upkeep\n|turn|2\n|\n|switch|p2a: Milotic|Milotic, M|100\/100\n|switch|p1a: Goodra|Goodra, F|100\/100\n|\n|-status|p2a: Milotic|brn|[from] item: Flame Orb\n|upkeep\n|turn|3\n|\n|move|p1a: Goodra|Thunderbolt|p2a: Milotic\n|-supereffective|p2a: Milotic\n|-damage|p2a: Milotic|70\/100 brn\n|move|p2a: Milotic|Dragon Pulse|p1a: Goodra\n|-supereffective|p1a: Goodra\n|-damage|p1a: Goodra|84\/100\n|\n|-damage|p2a: Milotic|64\/100 brn|[from] brn\n|upkeep\n|turn|4\n|\n|move|p1a: Goodra|Thunderbolt|p2a: Milotic\n|-supereffective|p2a: Milotic\n|-damage|p2a: Milotic|36\/100 brn\n|move|p2a: Milotic|Ice Beam|p1a: Goodra\n|-supereffective|p1a: Goodra\n|-damage|p1a: Goodra|66\/100\n|\n|-damage|p2a: Milotic|29\/100 brn|[from] brn\n|upkeep\n|turn|5\n|\n|switch|p2a: Accelgor|Accelgor, F|7\/100\n|move|p1a: Goodra|Thunderbolt|p2a: Accelgor\n|-damage|p2a: Accelgor|0 fnt\n|faint|p2a: Accelgor\n|\n|upkeep\n|\n|switch|p2a: Appletun|Appletun, F|100\/100\n|turn|6\n|\n|move|p1a: Goodra|Ice Beam|p2a: Appletun\n|-supereffective|p2a: Appletun\n|-damage|p2a: Appletun|50\/100\n|move|p2a: Appletun|Draco Meteor|p1a: Goodra\n|-supereffective|p1a: Goodra\n|-damage|p1a: Goodra|22\/100\n|-unboost|p2a: Appletun|spa|2\n|\n|-heal|p2a: Appletun|56\/100|[from] item: Leftovers\n|upkeep\n|turn|7\n|inactive|leohstrecci has 120 seconds left.\n|\n|switch|p2a: Araquanid|Araquanid, M|100\/100\n|move|p1a: Goodra|Draco Meteor|p2a: Araquanid\n|-damage|p2a: Araquanid|64\/100\n|-unboost|p1a: Goodra|spa|2\n|\n|-heal|p2a: Araquanid|70\/100|[from] item: Leftovers\n|upkeep\n|turn|8\n|\n|switch|p1a: Snorlax|Snorlax, M|100\/100\n|switch|p2a: Noivern|Noivern, F|100\/100\n|\n|upkeep\n|turn|9\n|\n|move|p2a: Noivern|Hurricane|p1a: Snorlax|[miss]\n|-miss|p2a: Noivern|p1a: Snorlax\n|move|p1a: Snorlax|Curse|p1a: Snorlax\n|-unboost|p1a: Snorlax|spe|1\n|-boost|p1a: Snorlax|atk|1\n|-boost|p1a: Snorlax|def|1\n|\n|upkeep\n|turn|10\n|\n|move|p2a: Noivern|Hurricane|p1a: Snorlax|[miss]\n|-miss|p2a: Noivern|p1a: Snorlax\n|move|p1a: Snorlax|Curse|p1a: Snorlax\n|-unboost|p1a: Snorlax|spe|1\n|-boost|p1a: Snorlax|atk|1\n|-boost|p1a: Snorlax|def|1\n|\n|upkeep\n|turn|11\n|\n|move|p2a: Noivern|Hurricane|p1a: Snorlax|[miss]\n|-miss|p2a: Noivern|p1a: Snorlax\n|move|p1a: Snorlax|Curse|p1a: Snorlax\n|-unboost|p1a: Snorlax|spe|1\n|-boost|p1a: Snorlax|atk|1\n|-boost|p1a: Snorlax|def|1\n|\n|upkeep\n|turn|12\n|\n|move|p2a: Noivern|Hurricane|p1a: Snorlax\n|-damage|p1a: Snorlax|64\/100\n|-damage|p2a: Noivern|91\/100|[from] item: Life Orb\n|move|p1a: Snorlax|Curse|p1a: Snorlax\n|-unboost|p1a: Snorlax|spe|1\n|-boost|p1a: Snorlax|atk|1\n|-boost|p1a: Snorlax|def|1\n|\n|upkeep\n|turn|13\n|\n|move|p2a: Noivern|Hurricane|p1a: Snorlax\n|-damage|p1a: Snorlax|29\/100\n|-enditem|p1a: Snorlax|Sitrus Berry|[eat]\n|-heal|p1a: Snorlax|54\/100|[from] item: Sitrus Berry\n|-damage|p2a: Noivern|81\/100|[from] item: Life Orb\n|move|p1a: Snorlax|Body Slam|p2a: Noivern\n|-damage|p2a: Noivern|0 fnt\n|faint|p2a: Noivern\n|\n|upkeep\n|\n|switch|p2a: Appletun|Appletun, F|56\/100\n|turn|14\n|\n|-start|p2a: Appletun|Dynamax\n|-heal|p2a: Appletun|56\/100|[silent]\n|-start|p1a: Snorlax|Dynamax\n|-formechange|p1a: Snorlax|Snorlax-Gmax|\n|-heal|p1a: Snorlax|54\/100|[silent]\n|move|p2a: Appletun|Max Quake|p1a: Snorlax\n|-damage|p1a: Snorlax|50\/100\n|-boost|p2a: Appletun|spd|1\n|move|p1a: Snorlax|G-Max Replenish|p2a: Appletun\n|-damage|p2a: Appletun|0 fnt\n|-item|p1a: Snorlax|Sitrus Berry|[from] move: G-Max Replenish\n|-enditem|p1a: Snorlax|Sitrus Berry|[eat]\n|-heal|p1a: Snorlax|62\/100|[from] item: Sitrus Berry\n|faint|p2a: Appletun\n|\n|upkeep\n|-message|Therockcena forfeited.\n|\n|win|leohstrecci\n|l|\u2606Therockcena\n","uploadtime":1576083900,"views":1,"p1id":"leohstrecci","p2id":"therockcena","formatid":"gen8uu","rating":0,"private":0,"password":null}