{"id":"gen8nationaldex-1706964215","p1":"Virsonyx","p2":"jollysnail","format":"gen8nationaldex","log":"|j|\u2606Virsonyx\n|j|\u2606jollysnail\n|t:|1668036915\n|gametype|singles\n|player|p1|Virsonyx|harlequin|1012\n|player|p2|jollysnail|2|1008\n|teamsize|p1|6\n|teamsize|p2|6\n|gen|8\n|tier|[Gen 8] National Dex\n|rated|\n|rule|HP Percentage Mod: HP is shown in percentages\n|rule|Endless Battle Clause: Forcing endless battles is banned\n|rule|OHKO Clause: OHKO moves are banned\n|rule|Evasion Moves Clause: Evasion moves are banned\n|rule|Species Clause: Limit one of each Pok\u00e9mon\n|rule|Dynamax Clause: You cannot dynamax\n|rule|Sleep Clause Mod: Limit one foe put to sleep\n|clearpoke\n|poke|p1|Scrafty, M|\n|poke|p1|Seismitoad, M|\n|poke|p1|Salazzle, F|\n|poke|p1|Mudsdale, M|\n|poke|p1|Toxicroak, F|\n|poke|p1|Dracozolt|\n|poke|p2|Landorus-Therian, M|\n|poke|p2|Pelipper, F|\n|poke|p2|Gyarados, F|\n|poke|p2|Greninja, M|\n|poke|p2|Urshifu-*, M|\n|poke|p2|Barraskewda, F|\n|teampreview\n|\n|t:|1668036943\n|start\n|switch|p1a: Grumpus|Dracozolt, shiny|100\/100\n|switch|p2a: dog|Landorus-Therian, M|100\/100\n|-ability|p2a: dog|Intimidate|boost\n|-unboost|p1a: Grumpus|atk|1\n|turn|1\n|\n|t:|1668036957\n|move|p2a: dog|Stealth Rock|p1a: Grumpus\n|-sidestart|p1: Virsonyx|move: Stealth Rock\n|move|p1a: Grumpus|Dragon Claw|p2a: dog\n|-damage|p2a: dog|52\/100\n|\n|upkeep\n|turn|2\n|\n|t:|1668036964\n|move|p2a: dog|Swords Dance|p2a: dog\n|-boost|p2a: dog|atk|2\n|move|p1a: Grumpus|Dragon Claw|p2a: dog\n|-damage|p2a: dog|6\/100\n|\n|upkeep\n|turn|3\n|\n|t:|1668036990\n|move|p2a: dog|Explosion|p1a: Grumpus\n|-damage|p1a: Grumpus|0 fnt\n|faint|p2a: dog\n|faint|p1a: Grumpus\n|\n|upkeep\n|\n|t:|1668036998\n|switch|p2a: stupid|Pelipper, F|100\/100\n|switch|p1a: Bramble II|Mudsdale, M, shiny|100\/100\n|-weather|RainDance|[from] ability: Drizzle|[of] p2a: stupid\n|-damage|p1a: Bramble II|94\/100|[from] Stealth Rock\n|turn|4\n|c|\u2606jollysnail|what happened to bramble I\n|l|\u2606Virsonyx\n|player|p1|\n|\n|t:|1668037024\n|switch|p1a: Gramps|Seismitoad, M|100\/100\n|-damage|p1a: Gramps|94\/100|[from] Stealth Rock\n|move|p2a: stupid|U-turn|p1a: Gramps\n|-damage|p1a: Gramps|86\/100\n|j|\u2606Virsonyx\n|player|p1|Virsonyx|harlequin\n|\n|t:|1668037031\n|switch|p2a: fissh|Barraskewda, F, shiny|100\/100|[from]move: U-turn\n|\n|-weather|RainDance|[upkeep]\n|upkeep\n|turn|5\n|\n|t:|1668037040\n|move|p2a: fissh|Aqua Jet|p1a: Gramps\n|-heal|p1a: Gramps|100\/100|[from] ability: Water Absorb|[of] p2a: fissh\n|move|p1a: Gramps|Ice Punch|p2a: fissh\n|-resisted|p2a: fissh\n|-crit|p2a: fissh\n|-damage|p2a: fissh|70\/100\n|\n|-weather|RainDance|[upkeep]\n|upkeep\n|turn|6\n|\n|t:|1668037058\n|switch|p2a: big fissh|Gyarados, F, shiny|100\/100\n|move|p1a: Gramps|Poison Jab|p2a: big fissh\n|-damage|p2a: big fissh|70\/100\n|\n|-weather|RainDance|[upkeep]\n|upkeep\n|turn|7\n|c|\u2606jollysnail|what happened to Bramble I\n|\n|t:|1668037067\n|move|p2a: big fissh|Power Whip|p1a: Gramps\n|-supereffective|p1a: Gramps\n|-damage|p1a: Gramps|0 fnt\n|faint|p1a: Gramps\n|-ability|p2a: big fissh|Moxie|boost\n|-boost|p2a: big fissh|atk|1\n|\n|-weather|RainDance|[upkeep]\n|upkeep\n|\n|t:|1668037075\n|switch|p1a: Worcestershire|Salazzle, F, shiny|100\/100\n|-damage|p1a: Worcestershire|76\/100|[from] Stealth Rock\n|turn|8\n|\n|t:|1668037089\n|switch|p2a: stupid|Pelipper, F|100\/100\n|move|p1a: Worcestershire|Sludge Wave|p2a: stupid\n|-damage|p2a: stupid|17\/100\n|-damage|p1a: Worcestershire|66\/100|[from] item: Life Orb\n|\n|-weather|RainDance|[upkeep]\n|upkeep\n|turn|9\n|\n|t:|1668037100\n|switch|p2a: fissh|Barraskewda, F, shiny|70\/100\n|move|p1a: Worcestershire|Dragon Pulse|p2a: fissh\n|-damage|p2a: fissh|0 fnt\n|faint|p2a: fissh\n|-damage|p1a: Worcestershire|56\/100|[from] item: Life Orb\n|\n|-weather|RainDance|[upkeep]\n|upkeep\n|\n|t:|1668037119\n|switch|p2a: buff bear|Urshifu-Rapid-Strike, M|100\/100\n|turn|10\n|\n|t:|1668037128\n|move|p1a: Worcestershire|Sludge Wave|p2a: buff bear\n|-damage|p2a: buff bear|18\/100\n|-damage|p1a: Worcestershire|46\/100|[from] item: Life Orb\n|move|p2a: buff bear|Surging Strikes|p1a: Worcestershire\n|-supereffective|p1a: Worcestershire\n|-crit|p1a: Worcestershire\n|-damage|p1a: Worcestershire|0 fnt\n|faint|p1a: Worcestershire\n|-hitcount|p1: Worcestershire|1\n|\n|-weather|RainDance|[upkeep]\n|upkeep\n|\n|t:|1668037138\n|switch|p1a: Ugg McGrugg|Scrafty, M|100\/100\n|-damage|p1a: Ugg McGrugg|94\/100|[from] Stealth Rock\n|turn|11\n|\n|t:|1668037145\n|move|p2a: buff bear|Surging Strikes|p1a: Ugg McGrugg\n|-crit|p1a: Ugg McGrugg\n|-damage|p1a: Ugg McGrugg|52\/100\n|-crit|p1a: Ugg McGrugg\n|-damage|p1a: Ugg McGrugg|9\/100\n|-crit|p1a: Ugg McGrugg\n|-damage|p1a: Ugg McGrugg|0 fnt\n|faint|p1a: Ugg McGrugg\n|-hitcount|p1: Ugg McGrugg|3\n|\n|-weather|none\n|upkeep\n|\n|t:|1668037153\n|switch|p1a: Granny Bogsley|Toxicroak, F|100\/100\n|-damage|p1a: Granny Bogsley|94\/100|[from] Stealth Rock\n|turn|12\n|\n|t:|1668037171\n|move|p2a: buff bear|Surging Strikes|p1a: Granny Bogsley\n|-heal|p1a: Granny Bogsley|100\/100|[from] ability: Dry Skin|[of] p2a: buff bear\n|move|p1a: Granny Bogsley|Gunk Shot|p2a: buff bear\n|-damage|p2a: buff bear|0 fnt\n|faint|p2a: buff bear\n|\n|upkeep\n|inactive|Battle timer is ON: inactive players will automatically lose when time's up. (requested by Virsonyx)\n|\n|t:|1668037204\n|switch|p2a: Greninja|Greninja, M|100\/100\n|turn|13\n|\n|t:|1668037212\n|move|p2a: Greninja|Extrasensory|p1a: Granny Bogsley\n|-supereffective|p1a: Granny Bogsley\n|-damage|p1a: Granny Bogsley|0 fnt\n|faint|p1a: Granny Bogsley\n|-activate|p2a: Greninja|ability: Battle Bond\n|detailschange|p2a: Greninja|Greninja-Ash, M\n|\n|upkeep\n|\n|t:|1668037218\n|switch|p1a: Bramble II|Mudsdale, M, shiny|94\/100\n|-damage|p1a: Bramble II|88\/100|[from] Stealth Rock\n|turn|14\n|c|\u2606jollysnail|im very confused, what happened to Bramble I\n|\n|t:|1668037237\n|switch|p2a: stupid|Pelipper, F|17\/100\n|-weather|RainDance|[from] ability: Drizzle|[of] p2a: stupid\n|move|p1a: Bramble II|Revenge|p2a: stupid\n|-resisted|p2a: stupid\n|-damage|p2a: stupid|8\/100\n|\n|-weather|RainDance|[upkeep]\n|-heal|p1a: Bramble II|94\/100|[from] item: Leftovers\n|upkeep\n|turn|15\n|c|\u2606Virsonyx|Terrible things\n|c|\u2606jollysnail|oh, damn\n|\n|t:|1668037258\n|move|p2a: stupid|U-turn|p1a: Bramble II\n|-damage|p1a: Bramble II|87\/100\n|-ability|p1a: Bramble II|Stamina|boost\n|-boost|p1a: Bramble II|def|1\n|\n|t:|1668037262\n|switch|p2a: Greninja|Greninja-Ash, M|100\/100|[from]move: U-turn\n|move|p1a: Bramble II|Heavy Slam|p2a: Greninja\n|-resisted|p2a: Greninja\n|-damage|p2a: Greninja|66\/100\n|\n|-weather|RainDance|[upkeep]\n|-heal|p1a: Bramble II|93\/100|[from] item: Leftovers\n|upkeep\n|turn|16\n|\n|t:|1668037271\n|move|p2a: Greninja|Water Shuriken|p1a: Bramble II\n|-supereffective|p1a: Bramble II\n|-damage|p1a: Bramble II|41\/100\n|-ability|p1a: Bramble II|Stamina|boost\n|-boost|p1a: Bramble II|def|1\n|-supereffective|p1a: Bramble II\n|-damage|p1a: Bramble II|0 fnt\n|faint|p1a: Bramble II\n|-hitcount|p1: Bramble II|2\n|\n|win|jollysnail\n|raw|Virsonyx's rating: 1012 &rarr; <strong>1000<\/strong><br \/>(-12 for losing)\n|raw|jollysnail's rating: 1008 &rarr; <strong>1047<\/strong><br \/>(+39 for winning)\n|c|\u2606jollysnail|gg\n|c|\u2606Virsonyx|Time for bramble III\n|c|\u2606jollysnail|i hope bramble II lives longer\n|c|\u2606jollysnail|oop\n|l|\u2606Virsonyx\n||Ladder isn't responding, score probably updated but might not have (Request timeout).\n","uploadtime":1668037281,"views":3,"p1id":"virsonyx","p2id":"jollysnail","formatid":"gen8nationaldex","rating":1000,"private":0,"password":null}