{"id":"gen8vgc2020-1181938938","p1":"bhkg","p2":"Testuser-Type1","format":"gen8vgc2020","log":"|j|\u2606bhkg\n|j|\u2606Testuser-Type1\n|t:|1599348462\n|player|p1|bhkg|169|1260\n|player|p2|Testuser-Type1|102|1233\n|teamsize|p1|6\n|teamsize|p2|6\n|gametype|doubles\n|gen|8\n|tier|[Gen 8] VGC 2020\n|rated|\n|clearpoke\n|poke|p1|Frosmoth, L50, M|\n|poke|p1|Urshifu-*, L50, M|\n|poke|p1|Mudsdale, L50, M|\n|poke|p1|Clefable, L50, M|\n|poke|p1|Marowak-Alola, L50, F|\n|poke|p1|Slowbro-Galar, L50, F|\n|poke|p2|Marowak-Alola, L50, M|\n|poke|p2|Hatterene, L50, F|\n|poke|p2|Lapras, L50, F|\n|poke|p2|Amoonguss, L50, M|\n|poke|p2|Coalossal, L50, M|\n|poke|p2|Corviknight, L50, M|\n|rule|Species Clause: Limit one of each Pok\u00e9mon\n|rule|Item Clause: Limit one of each item\n|teampreview|4\n|\n|t:|1599348495\n|start\n|switch|p1a: Mudsdale|Mudsdale, L50, M|48\/48\n|switch|p1b: Frosmoth|Frosmoth, L50, M, shiny|48\/48\n|switch|p2a: Hatterene|Hatterene, L50, F, shiny|48\/48\n|switch|p2b: Amoonguss|Amoonguss, L50, M, shiny|48\/48\n|turn|1\n|\n|t:|1599348527\n|switch|p1a: Clefable|Clefable, L50, M|48\/48\n|-start|p1b: Frosmoth|Dynamax\n|-heal|p1b: Frosmoth|48\/48|[silent]\n|move|p1b: Frosmoth|Max Hailstorm|p2b: Amoonguss\n|-supereffective|p2b: Amoonguss\n|-damage|p2b: Amoonguss|0 fnt\n|-weather|Hail\n|faint|p2b: Amoonguss\n|move|p2a: Hatterene|Trick Room|p2a: Hatterene\n|-fieldstart|move: Trick Room|[of] p2a: Hatterene\n|\n|-weather|Hail|[upkeep]\n|-damage|p2a: Hatterene|45\/48|[from] Hail\n|-damage|p1a: Clefable|45\/48|[from] Hail\n|-heal|p1a: Clefable|48\/48|[from] item: Leftovers\n|upkeep\n|\n|t:|1599348549\n|switch|p2b: Lapras|Lapras, L50, F, shiny|48\/48\n|turn|2\n|\n|t:|1599348568\n|-start|p2a: Hatterene|Dynamax\n|-formechange|p2a: Hatterene|Hatterene-Gmax\n|-heal|p2a: Hatterene|45\/48|[silent]\n|move|p2a: Hatterene|Max Flare|p1b: Frosmoth\n|-supereffective|p1b: Frosmoth\n|-damage|p1b: Frosmoth|30\/48\n|-weather|SunnyDay\n|move|p2b: Lapras|Thunder|p1b: Frosmoth|[miss]\n|-miss|p2b: Lapras|p1b: Frosmoth\n|move|p1a: Clefable|Moonblast|p2a: Hatterene\n|-damage|p2a: Hatterene|32\/48\n|move|p1b: Frosmoth|Max Flutterby|p2a: Hatterene\n|-damage|p2a: Hatterene|18\/48\n|-unboost|p2a: Hatterene|spa|1\n|-unboost|p2b: Lapras|spa|1\n|\n|-weather|SunnyDay|[upkeep]\n|upkeep\n|turn|3\n|\n|t:|1599348598\n|move|p1a: Clefable|Follow Me|p1a: Clefable\n|-singleturn|p1a: Clefable|move: Follow Me\n|move|p2a: Hatterene|Max Flare|p1a: Clefable\n|-damage|p1a: Clefable|9\/48\n|move|p2b: Lapras|Hydro Pump|p1a: Clefable\n|-damage|p1a: Clefable|0 fnt\n|-damage|p2b: Lapras|43\/48|[from] item: Life Orb\n|faint|p1a: Clefable\n|move|p1b: Frosmoth|Max Flutterby|p2a: Hatterene\n|-damage|p2a: Hatterene|3\/48\n|-unboost|p2a: Hatterene|spa|1\n|-unboost|p2b: Lapras|spa|1\n|\n|-weather|SunnyDay|[upkeep]\n|-end|p1b: Frosmoth|Dynamax\n|-heal|p1b: Frosmoth|30\/48|[silent]\n|upkeep\n|\n|t:|1599348617\n|switch|p1a: Marowak|Marowak-Alola, L50, F|48\/48\n|turn|4\n|\n|t:|1599348632\n|move|p2b: Lapras|Protect|p2b: Lapras\n|-singleturn|p2b: Lapras|Protect\n|move|p2a: Hatterene|Max Flare|p1b: Frosmoth\n|-supereffective|p1b: Frosmoth\n|-damage|p1b: Frosmoth|1\/48\n|move|p1a: Marowak|Iron Head|p2a: Hatterene\n|-supereffective|p2a: Hatterene\n|-damage|p2a: Hatterene|0 fnt\n|faint|p2a: Hatterene\n|move|p1b: Frosmoth|Struggle Bug|p2b: Lapras\n|-activate|p2b: Lapras|move: Protect\n|\n|-weather|SunnyDay|[upkeep]\n|upkeep\n|\n|t:|1599348644\n|switch|p2a: Coalossal|Coalossal, L50, M|48\/48\n|turn|5\n|\n|t:|1599348665\n|move|p2a: Coalossal|Protect|p2a: Coalossal\n|-singleturn|p2a: Coalossal|Protect\n|move|p2b: Lapras|Freeze-Dry|p1b: Frosmoth\n|-resisted|p1b: Frosmoth\n|-damage|p1b: Frosmoth|0 fnt\n|-damage|p2b: Lapras|38\/48|[from] item: Life Orb\n|faint|p1b: Frosmoth\n|move|p1a: Marowak|Iron Head|p2b: Lapras\n|-damage|p2b: Lapras|19\/48\n|\n|-weather|SunnyDay|[upkeep]\n|-fieldend|move: Trick Room\n|upkeep\n|\n|t:|1599348675\n|switch|p1b: Mudsdale|Mudsdale, L50, M|48\/48\n|turn|6\n|\n|t:|1599348693\n|move|p1a: Marowak|Iron Head|p2b: Lapras\n|-damage|p2b: Lapras|0 fnt\n|faint|p2b: Lapras\n|move|p1b: Mudsdale|High Horsepower|p2a: Coalossal\n|-supereffective|p2a: Coalossal\n|-damage|p2a: Coalossal|0 fnt\n|-damage|p1b: Mudsdale|43\/48|[from] item: Life Orb\n|faint|p2a: Coalossal\n|\n|win|bhkg\n|raw|bhkg's rating: 1260 &rarr; <strong>1283<\/strong><br \/>(+23 for winning)\n|raw|Testuser-Type1's rating: 1233 &rarr; <strong>1210<\/strong><br \/>(-23 for losing)\n|l|\u2606Testuser-Type1\n","uploadtime":1599348708,"views":6,"p1id":"bhkg","p2id":"testusertype1","formatid":"gen8vgc2020","rating":1210,"private":0,"password":null}