{"id":"gen8randombattle-1705864982","p1":"jericho15","p2":"I'm back from Mars","format":"gen8randombattle","log":"|j|\u2606jericho15\n|j|\u2606I'm back from Mars\n|t:|1667928253\n|gametype|singles\n|player|p1|jericho15|benga|1642\n|player|p2|I'm back from Mars|lucas|1676\n|teamsize|p1|6\n|teamsize|p2|6\n|gen|8\n|tier|[Gen 8] Random Battle\n|rated|\n|rule|Species Clause: Limit one of each Pok\u00e9mon\n|rule|HP Percentage Mod: HP is shown in percentages\n|rule|Sleep Clause Mod: Limit one foe put to sleep\n|\n|t:|1667928253\n|start\n|switch|p1a: Tangrowth|Tangrowth, L84, M|305\/305\n|switch|p2a: Ninetales|Ninetales, L82, F|254\/254\n|-weather|SunnyDay|[from] ability: Drought|[of] p2a: Ninetales\n|turn|1\n|\n|t:|1667928266\n|move|p2a: Ninetales|Fire Blast|p1a: Tangrowth\n|-supereffective|p1a: Tangrowth\n|-damage|p1a: Tangrowth|0 fnt\n|faint|p1a: Tangrowth\n|\n|-weather|SunnyDay|[upkeep]\n|upkeep\n|\n|t:|1667928272\n|switch|p1a: Gastrodon|Gastrodon, L84, M|324\/324\n|turn|2\n|\n|t:|1667928275\n|move|p2a: Ninetales|Solar Beam||[still]\n|-prepare|p2a: Ninetales|Solar Beam\n|-anim|p2a: Ninetales|Solar Beam|p1a: Gastrodon\n|-supereffective|p1a: Gastrodon\n|-damage|p1a: Gastrodon|20\/324\n|move|p1a: Gastrodon|Toxic|p2a: Ninetales\n|-status|p2a: Ninetales|tox\n|\n|-weather|SunnyDay|[upkeep]\n|-heal|p1a: Gastrodon|40\/324|[from] item: Leftovers\n|-damage|p2a: Ninetales|239\/254 tox|[from] psn\n|upkeep\n|turn|3\n|\n|t:|1667928284\n|switch|p1a: Lickilicky|Lickilicky, L86, F|329\/329\n|move|p2a: Ninetales|Fire Blast|p1a: Lickilicky\n|-damage|p1a: Lickilicky|185\/329\n|\n|-weather|SunnyDay|[upkeep]\n|-heal|p1a: Lickilicky|205\/329|[from] item: Leftovers\n|-damage|p2a: Ninetales|209\/254 tox|[from] psn\n|upkeep\n|turn|4\n|\n|t:|1667928294\n|switch|p2a: Golisopod|Golisopod, L84, M|263\/263\n|move|p1a: Lickilicky|Earthquake|p2a: Golisopod\n|-resisted|p2a: Golisopod\n|-damage|p2a: Golisopod|240\/263\n|\n|-weather|SunnyDay|[upkeep]\n|-heal|p1a: Lickilicky|225\/329|[from] item: Leftovers\n|upkeep\n|turn|5\n|\n|t:|1667928299\n|move|p1a: Lickilicky|Knock Off|p2a: Golisopod\n|-damage|p2a: Golisopod|197\/263\n|-enditem|p2a: Golisopod|Heavy-Duty Boots|[from] move: Knock Off|[of] p1a: Lickilicky\n|move|p2a: Golisopod|Spikes|p1a: Lickilicky\n|-sidestart|p1: jericho15|Spikes\n|\n|-weather|none\n|-heal|p1a: Lickilicky|245\/329|[from] item: Leftovers\n|upkeep\n|turn|6\n|\n|t:|1667928304\n|move|p1a: Lickilicky|Body Slam|p2a: Golisopod\n|-damage|p2a: Golisopod|139\/263\n|move|p2a: Golisopod|Spikes|p1a: Lickilicky\n|-sidestart|p1: jericho15|Spikes\n|\n|-heal|p1a: Lickilicky|265\/329|[from] item: Leftovers\n|upkeep\n|turn|7\n|\n|t:|1667928318\n|move|p1a: Lickilicky|Body Slam|p2a: Golisopod\n|-damage|p2a: Golisopod|79\/263\n|-activate|p2a: Golisopod|ability: Emergency Exit\n|\n|t:|1667928338\n|switch|p2a: Absol|Absol, L84, M|246\/246\n|\n|-heal|p1a: Lickilicky|285\/329|[from] item: Leftovers\n|upkeep\n|turn|8\n|\n|t:|1667928345\n|move|p2a: Absol|Knock Off|p1a: Lickilicky\n|-damage|p1a: Lickilicky|139\/329\n|-enditem|p1a: Lickilicky|Leftovers|[from] move: Knock Off|[of] p2a: Absol\n|-damage|p2a: Absol|222\/246|[from] item: Life Orb\n|move|p1a: Lickilicky|Body Slam|p2a: Absol\n|-damage|p2a: Absol|102\/246\n|\n|upkeep\n|turn|9\n|\n|t:|1667928361\n|switch|p1a: Gastrodon|Gastrodon, L84, M|40\/324\n|-damage|p1a: Gastrodon|0 fnt|[from] Spikes\n|faint|p1a: Gastrodon\n|move|p2a: Absol|Sucker Punch|p1: Gastrodon|[notarget]\n|-fail|p2a: Absol\n|\n|upkeep\n|\n|t:|1667928371\n|switch|p1a: Celebi|Celebi, L82|298\/298\n|-damage|p1a: Celebi|249\/298|[from] Spikes\n|turn|10\n|inactive|Battle timer is ON: inactive players will automatically lose when time's up. (requested by jericho15)\n|\n|t:|1667928389\n|switch|p2a: Victini|Victini, L78|283\/283\n|move|p1a: Celebi|Giga Drain|p2a: Victini\n|-resisted|p2a: Victini\n|-damage|p2a: Victini|256\/283\n|-heal|p1a: Celebi|263\/298|[from] drain|[of] p2a: Victini\n|\n|-heal|p1a: Celebi|281\/298|[from] item: Leftovers\n|upkeep\n|turn|11\n|\n|t:|1667928394\n|switch|p1a: Lickilicky|Lickilicky, L86, F|139\/329\n|-damage|p1a: Lickilicky|85\/329|[from] Spikes\n|move|p2a: Victini|U-turn|p1a: Lickilicky\n|-damage|p1a: Lickilicky|43\/329\n|\n|t:|1667928404\n|switch|p2a: Gyarados|Gyarados, L76, M|269\/269\n|\n|upkeep\n|turn|12\n|\n|t:|1667928409\n|move|p2a: Gyarados|Waterfall|p1a: Lickilicky\n|-damage|p1a: Lickilicky|0 fnt\n|faint|p1a: Lickilicky\n|-ability|p2a: Gyarados|Moxie|boost\n|-boost|p2a: Gyarados|atk|1\n|\n|upkeep\n|\n|t:|1667928414\n|switch|p1a: Celebi|Celebi, L82|281\/298\n|-damage|p1a: Celebi|232\/298|[from] Spikes\n|turn|13\n|\n|t:|1667928421\n|-start|p2a: Gyarados|Dynamax|\n|-heal|p2a: Gyarados|538\/538|[silent]\n|move|p1a: Celebi|Nasty Plot|p1a: Celebi\n|-boost|p1a: Celebi|spa|2\n|move|p2a: Gyarados|Max Airstream|p1a: Celebi\n|-supereffective|p1a: Celebi\n|-damage|p1a: Celebi|0 fnt\n|-boost|p2a: Gyarados|spe|1\n|faint|p1a: Celebi\n|-ability|p2a: Gyarados|Moxie|boost\n|-boost|p2a: Gyarados|atk|1\n|\n|upkeep\n|\n|t:|1667928424\n|switch|p1a: Lunala|Lunala, L72|316\/316\n|-damage|p1a: Lunala|264\/316|[from] Spikes\n|turn|14\n|\n|t:|1667928437\n|-start|p1a: Lunala|Dynamax|\n|-heal|p1a: Lunala|528\/632|[silent]\n|move|p2a: Gyarados|Max Geyser|p1a: Lunala\n|-damage|p1a: Lunala|224\/632\n|-weather|RainDance\n|move|p1a: Lunala|Max Mindstorm|p2a: Gyarados\n|-damage|p2a: Gyarados|412\/538\n|-fieldstart|move: Psychic Terrain\n|\n|-weather|RainDance|[upkeep]\n|-heal|p1a: Lunala|243\/632|[from] item: Leftovers\n|upkeep\n|turn|15\n|\n|t:|1667928445\n|move|p1a: Lunala|Max Guard|p1a: Lunala\n|-singleturn|p1a: Lunala|Max Guard\n|move|p2a: Gyarados|Max Geyser|p1a: Lunala\n|-activate|p1a: Lunala|move: Max Guard\n|\n|-weather|RainDance|[upkeep]\n|-heal|p1a: Lunala|262\/632|[from] item: Leftovers\n|upkeep\n|-end|p2a: Gyarados|Dynamax\n|-heal|p2a: Gyarados|206\/269|[silent]\n|turn|16\n|\n|t:|1667928453\n|move|p2a: Gyarados|Waterfall|p1a: Lunala\n|-damage|p1a: Lunala|0 fnt\n|faint|p1a: Lunala\n|-ability|p2a: Gyarados|Moxie|boost\n|-boost|p2a: Gyarados|atk|1\n|\n|-weather|RainDance|[upkeep]\n|upkeep\n|-message|jericho15 forfeited.\n|\n|win|I'm back from Mars\n|raw|jericho15's rating: 1642 &rarr; <strong>1624<\/strong><br \/>(-18 for losing)\n|raw|I&apos;m back from Mars's rating: 1676 &rarr; <strong>1694<\/strong><br \/>(+18 for winning)\n|l|\u2606jericho15\n","inputlog":">version 64bd7780963bb8912946b73c4d69c4a2054e31b7\n>start {\"formatid\":\"gen8randombattle\",\"seed\":[19377,47769,38381,8885],\"rated\":\"Rated battle\"}\n>player p1 {\"name\":\"jericho15\",\"avatar\":\"benga\",\"rating\":1642,\"seed\":[30927,43250,25797,44645]}\n>player p2 {\"name\":\"I'm back from Mars\",\"avatar\":\"lucas\",\"rating\":1676,\"seed\":[8339,21253,63969,31942]}\n>p1 move knockoff\n>p2 move fireblast\n>p1 switch 2\n>p1 move toxic\n>p2 move solarbeam\n>p1 switch 6\n>p2 move fireblast\n>p1 move earthquake\n>p2 switch 3\n>p1 move knockoff\n>p2 move spikes\n>p1 move bodyslam\n>p2 move spikes\n>p1 move bodyslam\n>p2 move knockoff\n>p2 switch 4\n>p1 move bodyslam\n>p2 move knockoff\n>p1 switch 6\n>p2 move suckerpunch\n>p1 switch 3\n>p1 move gigadrain\n>p2 switch 2\n>p1 switch 6\n>p2 move uturn\n>p2 switch 5\n>p1 move bodyslam\n>p2 move waterfall\n>p1 switch 6\n>p1 move nastyplot\n>p2 move bounce dynamax\n>p1 switch 4\n>p1 move psyshock dynamax\n>p2 move waterfall dynamax\n>p1 move calmmind dynamax\n>p2 move waterfall dynamax\n>p1 move psyshock dynamax\n>p2 move waterfall\n>forcelose p1","uploadtime":1667928472,"views":4,"p1id":"jericho15","p2id":"imbackfrommars","formatid":"gen8randombattle","rating":1624,"private":0,"password":null}