{"id":"gen8ru-1129069559","p1":"jaytop31","p2":"The Last Hero","format":"gen8ru","log":"|j|\u2606jaytop31\n|j|\u2606The Last Hero\n|player|p1|jaytop31|cress|1628\n|player|p2|The Last Hero|acetrainersnow|1281\n|teamsize|p1|6\n|teamsize|p2|6\n|gametype|singles\n|gen|8\n|tier|[Gen 8] RU\n|rated|\n|clearpoke\n|poke|p1|Wishiwashi, F|\n|poke|p1|Rotom-Mow|\n|poke|p1|Braviary, M|\n|poke|p1|Coalossal, F|\n|poke|p1|Aromatisse, F|\n|poke|p1|Drapion, F|\n|poke|p2|Decidueye, M|\n|poke|p2|Rillaboom, M|\n|poke|p2|Stunfisk, M|\n|poke|p2|Salazzle, F|\n|poke|p2|Cramorant, M|\n|poke|p2|Scrafty, M|\n|rule|Sleep Clause Mod: Limit one foe put to sleep\n|rule|Species Clause: Limit one of each Pok\u00e9mon\n|rule|OHKO Clause: OHKO moves are banned\n|rule|Evasion Moves Clause: Evasion moves are banned\n|rule|Endless Battle Clause: Forcing endless battles is banned\n|rule|HP Percentage Mod: HP is shown in percentages\n|rule|Dynamax Clause: You cannot dynamax\n|teampreview\n|\n|start\n|switch|p1a: Rotom|Rotom-Mow|100\/100\n|switch|p2a: Boom|Rillaboom, M|100\/100\n|-fieldstart|move: Grassy Terrain|[from] ability: Grassy Surge|[of] p2a: Boom\n|turn|1\n|\n|switch|p1a: Drapion|Drapion, F|100\/100\n|move|p2a: Boom|U-turn|p1a: Drapion\n|-damage|p1a: Drapion|85\/100\n|\n|switch|p2a: Blasco|Stunfisk, M|100\/100|[from]move: U-turn\n|\n|-heal|p1a: Drapion|91\/100|[from] item: Black Sludge\n|-heal|p1a: Drapion|98\/100|[from] Grassy Terrain\n|upkeep\n|turn|2\n|\n|switch|p1a: Rotom|Rotom-Mow|100\/100\n|move|p2a: Blasco|Stealth Rock|p1a: Rotom\n|-sidestart|p1: jaytop31|move: Stealth Rock\n|\n|upkeep\n|turn|3\n|\n|switch|p2a: Flames|Salazzle, F|100\/100\n|move|p1a: Rotom|Defog|p2a: Flames\n|-unboost|p2a: Flames|evasion|1\n|-sideend|p1: jaytop31|Stealth Rock|[from] move: Defog|[of] p1a: Rotom\n|-fieldend|move: Grassy Terrain\n|\n|upkeep\n|turn|4\n|\n|switch|p1a: Coalossal|Coalossal, F|100\/100\n|move|p2a: Flames|Toxic|p1a: Coalossal\n|-status|p1a: Coalossal|tox\n|\n|-damage|p1a: Coalossal|94\/100 tox|[from] psn\n|upkeep\n|turn|5\n|\n|move|p2a: Flames|Protect|p2a: Flames\n|-singleturn|p2a: Flames|Protect\n|move|p1a: Coalossal|Stealth Rock|p2a: Flames\n|-sidestart|p2: The Last Hero|move: Stealth Rock\n|\n|-damage|p1a: Coalossal|82\/100 tox|[from] psn\n|upkeep\n|turn|6\n|\n|switch|p2a: Feo|Scrafty, M|100\/100\n|-damage|p2a: Feo|95\/100|[from] Stealth Rock\n|move|p1a: Coalossal|Earth Power|p2a: Feo\n|-damage|p2a: Feo|82\/100\n|\n|-heal|p2a: Feo|88\/100|[from] item: Leftovers\n|-damage|p1a: Coalossal|64\/100 tox|[from] psn\n|upkeep\n|turn|7\n|\n|switch|p1a: Aromatisse|Aromatisse, F|100\/100\n|move|p2a: Feo|Knock Off|p1a: Aromatisse\n|-resisted|p1a: Aromatisse\n|-damage|p1a: Aromatisse|88\/100\n|-enditem|p1a: Aromatisse|Leftovers|[from] move: Knock Off|[of] p2a: Feo\n|\n|-heal|p2a: Feo|94\/100|[from] item: Leftovers\n|upkeep\n|turn|8\n|\n|switch|p2a: Crapmorant|Cramorant, M|100\/100\n|move|p1a: Aromatisse|Moonblast|p2a: Crapmorant\n|-crit|p2a: Crapmorant\n|-damage|p2a: Crapmorant|47\/100\n|\n|upkeep\n|turn|9\n|\n|switch|p1a: Rotom|Rotom-Mow|100\/100\n|move|p2a: Crapmorant|Defog|p1a: Rotom\n|-unboost|p1a: Rotom|evasion|1\n|-sideend|p2: The Last Hero|Stealth Rock|[from] move: Defog|[of] p2a: Crapmorant\n|\n|upkeep\n|turn|10\n|\n|switch|p2a: Flames|Salazzle, F|100\/100\n|move|p1a: Rotom|Volt Switch|p2a: Flames\n|-damage|p2a: Flames|56\/100\n|\n|switch|p1a: Coalossal|Coalossal, F|64\/100 tox|[from]move: Volt Switch\n|\n|-heal|p2a: Flames|63\/100|[from] item: Black Sludge\n|-damage|p1a: Coalossal|57\/100 tox|[from] psn\n|upkeep\n|turn|11\n|\n|switch|p2a: Crapmorant|Cramorant, M|47\/100\n|move|p1a: Coalossal|Stealth Rock|p2a: Crapmorant\n|-sidestart|p2: The Last Hero|move: Stealth Rock\n|\n|-damage|p1a: Coalossal|45\/100 tox|[from] psn\n|upkeep\n|turn|12\n|\n|switch|p1a: Rotom|Rotom-Mow|100\/100\n|move|p2a: Crapmorant|Defog|p1a: Rotom\n|-unboost|p1a: Rotom|evasion|1\n|-sideend|p2: The Last Hero|Stealth Rock|[from] move: Defog|[of] p2a: Crapmorant\n|\n|upkeep\n|turn|13\n|\n|switch|p2a: Boom|Rillaboom, M|100\/100\n|-fieldstart|move: Grassy Terrain|[from] ability: Grassy Surge|[of] p2a: Boom\n|move|p1a: Rotom|Volt Switch|p2a: Boom\n|-resisted|p2a: Boom\n|-crit|p2a: Boom\n|-damage|p2a: Boom|71\/100\n|\n|switch|p1a: Braviary|Braviary, M|100\/100|[from]move: Volt Switch\n|\n|-heal|p2a: Boom|78\/100|[from] Grassy Terrain\n|upkeep\n|turn|14\n|\n|switch|p1a: Drapion|Drapion, F|98\/100\n|move|p2a: Boom|U-turn|p1a: Drapion\n|-damage|p1a: Drapion|82\/100\n|\n|switch|p2a: Flames|Salazzle, F|63\/100|[from]move: U-turn\n|\n|-heal|p2a: Flames|69\/100|[from] item: Black Sludge\n|-heal|p2a: Flames|75\/100|[from] Grassy Terrain\n|-heal|p1a: Drapion|88\/100|[from] item: Black Sludge\n|-heal|p1a: Drapion|94\/100|[from] Grassy Terrain\n|upkeep\n|turn|15\n|\n|switch|p2a: Blasco|Stunfisk, M|100\/100\n|move|p1a: Drapion|Knock Off|p2a: Blasco\n|-damage|p2a: Blasco|79\/100\n|-enditem|p2a: Blasco|Leftovers|[from] move: Knock Off|[of] p1a: Drapion\n|\n|-heal|p1a: Drapion|99\/100|[from] item: Black Sludge\n|-heal|p1a: Drapion|100\/100|[from] Grassy Terrain\n|-heal|p2a: Blasco|85\/100|[from] Grassy Terrain\n|upkeep\n|turn|16\n|\n|switch|p1a: Rotom|Rotom-Mow|100\/100\n|move|p2a: Blasco|Toxic|p1a: Rotom\n|-status|p1a: Rotom|tox\n|\n|-heal|p2a: Blasco|91\/100|[from] Grassy Terrain\n|-damage|p1a: Rotom|94\/100 tox|[from] psn\n|upkeep\n|turn|17\n|\n|switch|p2a: Flames|Salazzle, F|75\/100\n|move|p1a: Rotom|Leaf Storm|p2a: Flames\n|-resisted|p2a: Flames\n|-damage|p2a: Flames|54\/100\n|-unboost|p1a: Rotom|spa|2\n|\n|-heal|p2a: Flames|60\/100|[from] item: Black Sludge\n|-heal|p2a: Flames|66\/100|[from] Grassy Terrain\n|-heal|p1a: Rotom|100\/100 tox|[from] item: Leftovers\n|-fieldend|move: Grassy Terrain\n|-damage|p1a: Rotom|88\/100 tox|[from] psn\n|upkeep\n|turn|18\n|\n|switch|p1a: Coalossal|Coalossal, F|45\/100 tox\n|move|p2a: Flames|Flamethrower|p1a: Coalossal\n|-start|p1a: Coalossal|ability: Flash Fire\n|\n|-heal|p2a: Flames|73\/100|[from] item: Black Sludge\n|-damage|p1a: Coalossal|39\/100 tox|[from] psn\n|upkeep\n|turn|19\n|\n|switch|p2a: Crapmorant|Cramorant, M|47\/100\n|-end|p1a: Coalossal|ability: Flash Fire|[silent]\n|switch|p1a: Braviary|Braviary, M|100\/100\n|\n|upkeep\n|turn|20\n|\n|switch|p2a: Blasco|Stunfisk, M|91\/100\n|move|p1a: Braviary|U-turn|p2a: Blasco\n|-crit|p2a: Blasco\n|-damage|p2a: Blasco|64\/100\n|\n|switch|p1a: Aromatisse|Aromatisse, F|88\/100|[from]move: U-turn\n|\n|upkeep\n|turn|21\n|\n|move|p2a: Blasco|Stealth Rock|p1a: Aromatisse\n|-sidestart|p1: jaytop31|move: Stealth Rock\n|move|p1a: Aromatisse|Aromatherapy|p1a: Aromatisse\n|-activate|p1a: Aromatisse|move: Aromatherapy\n|-curestatus|p1: Rotom|tox|[msg]\n|-curestatus|p1: Coalossal|tox|[msg]\n|\n|upkeep\n|turn|22\n|\n|switch|p2a: Flames|Salazzle, F|73\/100\n|move|p1a: Aromatisse|Wish|p1a: Aromatisse\n|\n|-heal|p2a: Flames|79\/100|[from] item: Black Sludge\n|upkeep\n|turn|23\n|\n|switch|p1a: Coalossal|Coalossal, F|39\/100\n|move|p2a: Flames|Toxic|p1a: Coalossal\n|-status|p1a: Coalossal|tox\n|\n|-heal|p1a: Coalossal|87\/100 tox|[from] move: Wish|[wisher] Aromatisse\n|-heal|p2a: Flames|85\/100|[from] item: Black Sludge\n|-damage|p1a: Coalossal|81\/100 tox|[from] psn\n|upkeep\n|turn|24\n|\n|switch|p2a: Crapmorant|Cramorant, M|47\/100\n|move|p1a: Coalossal|Earth Power|p2a: Crapmorant\n|-immune|p2a: Crapmorant\n|\n|-damage|p1a: Coalossal|69\/100 tox|[from] psn\n|upkeep\n|turn|25\n|\n|switch|p1a: Rotom|Rotom-Mow|88\/100\n|-damage|p1a: Rotom|76\/100|[from] Stealth Rock\n|move|p2a: Crapmorant|Surf|p1a: Rotom\n|-resisted|p1a: Rotom\n|-formechange|p2a: Crapmorant|Cramorant-Gorging|\n|-damage|p1a: Rotom|53\/100\n|\n|-heal|p1a: Rotom|59\/100|[from] item: Leftovers\n|upkeep\n|turn|26\n|\n|switch|p2a: Flames|Salazzle, F|85\/100\n|move|p1a: Rotom|Volt Switch|p2a: Flames\n|-damage|p2a: Flames|41\/100\n|\n|switch|p1a: Drapion|Drapion, F|100\/100|[from]move: Volt Switch\n|-damage|p1a: Drapion|88\/100|[from] Stealth Rock\n|\n|-heal|p2a: Flames|47\/100|[from] item: Black Sludge\n|-heal|p1a: Drapion|94\/100|[from] item: Black Sludge\n|upkeep\n|turn|27\n|\n|move|p2a: Flames|Protect|p2a: Flames\n|-singleturn|p2a: Flames|Protect\n|move|p1a: Drapion|Knock Off|p2a: Flames\n|-activate|p2a: Flames|move: Protect\n|\n|-heal|p2a: Flames|53\/100|[from] item: Black Sludge\n|-heal|p1a: Drapion|99\/100|[from] item: Black Sludge\n|upkeep\n|turn|28\n|\n|switch|p2a: Blasco|Stunfisk, M|64\/100\n|move|p1a: Drapion|Knock Off|p2a: Blasco\n|-damage|p2a: Blasco|51\/100\n|\n|-heal|p1a: Drapion|100\/100|[from] item: Black Sludge\n|upkeep\n|turn|29\n|\n|move|p1a: Drapion|Toxic Spikes|p2a: Blasco\n|-sidestart|p2: The Last Hero|move: Toxic Spikes\n|move|p2a: Blasco|Toxic|p1a: Drapion|[miss]\n|-miss|p2a: Blasco|p1a: Drapion\n|\n|upkeep\n|turn|30\n|\n|switch|p1a: Rotom|Rotom-Mow|59\/100\n|-damage|p1a: Rotom|47\/100|[from] Stealth Rock\n|move|p2a: Blasco|Toxic|p1a: Rotom\n|-status|p1a: Rotom|tox\n|\n|-heal|p1a: Rotom|53\/100 tox|[from] item: Leftovers\n|-damage|p1a: Rotom|47\/100 tox|[from] psn\n|upkeep\n|turn|31\n|\n|switch|p2a: Flames|Salazzle, F|53\/100\n|-sideend|p2: The Last Hero|move: Toxic Spikes|[of] p2a: Flames\n|move|p1a: Rotom|Defog|p2a: Flames\n|-unboost|p2a: Flames|evasion|1\n|-sideend|p1: jaytop31|Stealth Rock|[from] move: Defog|[of] p1a: Rotom\n|\n|-heal|p2a: Flames|59\/100|[from] item: Black Sludge\n|-heal|p1a: Rotom|53\/100 tox|[from] item: Leftovers\n|-damage|p1a: Rotom|41\/100 tox|[from] psn\n|upkeep\n|turn|32\n|\n|switch|p2a: Boom|Rillaboom, M|78\/100\n|-fieldstart|move: Grassy Terrain|[from] ability: Grassy Surge|[of] p2a: Boom\n|switch|p1a: Coalossal|Coalossal, F|69\/100 tox\n|\n|-heal|p2a: Boom|84\/100|[from] Grassy Terrain\n|-heal|p1a: Coalossal|75\/100 tox|[from] Grassy Terrain\n|-damage|p1a: Coalossal|69\/100 tox|[from] psn\n|upkeep\n|turn|33\n|\n|switch|p1a: Drapion|Drapion, F|100\/100\n|move|p2a: Boom|Wood Hammer|p1a: Drapion\n|-resisted|p1a: Drapion\n|-damage|p1a: Drapion|72\/100\n|-damage|p2a: Boom|74\/100|[from] Recoil\n|\n|-heal|p2a: Boom|80\/100|[from] Grassy Terrain\n|-heal|p1a: Drapion|78\/100|[from] item: Black Sludge\n|-heal|p1a: Drapion|84\/100|[from] Grassy Terrain\n|upkeep\n|turn|34\n|\n|switch|p2a: Blasco|Stunfisk, M|51\/100\n|move|p1a: Drapion|Knock Off|p2a: Blasco\n|-damage|p2a: Blasco|37\/100\n|-status|p1a: Drapion|par|[from] ability: Static|[of] p2a: Blasco\n|\n|-heal|p1a: Drapion|90\/100 par|[from] item: Black Sludge\n|-heal|p1a: Drapion|96\/100 par|[from] Grassy Terrain\n|-heal|p2a: Blasco|43\/100|[from] Grassy Terrain\n|upkeep\n|turn|35\n|\n|switch|p1a: Aromatisse|Aromatisse, F|88\/100\n|switch|p2a: Dooh Nibor|Decidueye, M|100\/100\n|\n|-heal|p1a: Aromatisse|95\/100|[from] Grassy Terrain\n|upkeep\n|turn|36\n|\n|switch|p1a: Braviary|Braviary, M|100\/100\n|move|p2a: Dooh Nibor|Leaf Storm|p1a: Braviary\n|-resisted|p1a: Braviary\n|-damage|p1a: Braviary|30\/100\n|-unboost|p2a: Dooh Nibor|spa|2\n|\n|-fieldend|move: Grassy Terrain\n|upkeep\n|turn|37\n|\n|switch|p1a: Drapion|Drapion, F|96\/100 par\n|switch|p2a: Blasco|Stunfisk, M|43\/100\n|\n|-heal|p1a: Drapion|100\/100 par|[from] item: Black Sludge\n|upkeep\n|turn|38\n|\n|switch|p1a: Aromatisse|Aromatisse, F|95\/100\n|move|p2a: Blasco|Stealth Rock|p1a: Aromatisse\n|-sidestart|p1: jaytop31|move: Stealth Rock\n|\n|upkeep\n|turn|39\n|\n|switch|p2a: Boom|Rillaboom, M|80\/100\n|-fieldstart|move: Grassy Terrain|[from] ability: Grassy Surge|[of] p2a: Boom\n|switch|p1a: Wishiwashi|Wishiwashi, F|100\/100\n|-damage|p1a: Wishiwashi|88\/100|[from] Stealth Rock\n|-formechange|p1a: Wishiwashi|Wishiwashi-School||[from] ability: Schooling\n|\n|-heal|p2a: Boom|86\/100|[from] Grassy Terrain\n|-heal|p1a: Wishiwashi|94\/100|[from] item: Leftovers\n|-heal|p1a: Wishiwashi|100\/100|[from] Grassy Terrain\n|upkeep\n|turn|40\n|\n|move|p1a: Wishiwashi|Protect|p1a: Wishiwashi\n|-singleturn|p1a: Wishiwashi|Protect\n|move|p2a: Boom|Wood Hammer|p1a: Wishiwashi\n|-activate|p1a: Wishiwashi|move: Protect\n|\n|-heal|p2a: Boom|93\/100|[from] Grassy Terrain\n|upkeep\n|turn|41\n|\n|switch|p1a: Drapion|Drapion, F|100\/100 par\n|-damage|p1a: Drapion|88\/100 par|[from] Stealth Rock\n|move|p2a: Boom|Wood Hammer|p1a: Drapion\n|-resisted|p1a: Drapion\n|-damage|p1a: Drapion|63\/100 par\n|-damage|p2a: Boom|84\/100|[from] Recoil\n|\n|-heal|p2a: Boom|90\/100|[from] Grassy Terrain\n|-heal|p1a: Drapion|69\/100 par|[from] item: Black Sludge\n|-heal|p1a: Drapion|75\/100 par|[from] Grassy Terrain\n|upkeep\n|turn|42\n|\n|switch|p2a: Blasco|Stunfisk, M|43\/100\n|move|p1a: Drapion|Knock Off|p2a: Blasco\n|-damage|p2a: Blasco|30\/100\n|\n|-heal|p1a: Drapion|81\/100 par|[from] item: Black Sludge\n|-heal|p1a: Drapion|87\/100 par|[from] Grassy Terrain\n|-heal|p2a: Blasco|36\/100|[from] Grassy Terrain\n|upkeep\n|turn|43\n|\n|switch|p1a: Aromatisse|Aromatisse, F|95\/100\n|-damage|p1a: Aromatisse|82\/100|[from] Stealth Rock\n|move|p2a: Blasco|Toxic|p1a: Aromatisse\n|-status|p1a: Aromatisse|tox\n|\n|-heal|p2a: Blasco|43\/100|[from] Grassy Terrain\n|-heal|p1a: Aromatisse|88\/100 tox|[from] Grassy Terrain\n|-fieldend|move: Grassy Terrain\n|-damage|p1a: Aromatisse|82\/100 tox|[from] psn\n|upkeep\n|turn|44\n|\n|switch|p2a: Flames|Salazzle, F|59\/100\n|move|p1a: Aromatisse|Aromatherapy|p1a: Aromatisse\n|-activate|p1a: Aromatisse|move: Aromatherapy\n|-curestatus|p1a: Aromatisse|tox|[msg]\n|-curestatus|p1: Drapion|par|[msg]\n|-curestatus|p1: Coalossal|tox|[msg]\n|-curestatus|p1: Rotom|tox|[msg]\n|\n|-heal|p2a: Flames|65\/100|[from] item: Black Sludge\n|upkeep\n|turn|45\n|\n|switch|p1a: Coalossal|Coalossal, F|69\/100\n|move|p2a: Flames|Toxic|p1a: Coalossal\n|-status|p1a: Coalossal|tox\n|\n|-heal|p2a: Flames|72\/100|[from] item: Black Sludge\n|-damage|p1a: Coalossal|62\/100 tox|[from] psn\n|upkeep\n|turn|46\n|\n|switch|p2a: Crapmorant|Cramorant, M|47\/100\n|move|p1a: Coalossal|Rapid Spin|p2a: Crapmorant\n|-damage|p2a: Crapmorant|34\/100\n|-boost|p1a: Coalossal|spe|1\n|-sideend|p1: jaytop31|Stealth Rock|[from] move: Rapid Spin|[of] p1a: Coalossal\n|\n|-damage|p1a: Coalossal|50\/100 tox|[from] psn\n|upkeep\n|turn|47\n|\n|switch|p1a: Rotom|Rotom-Mow|41\/100\n|move|p2a: Crapmorant|Roost|p2a: Crapmorant\n|-heal|p2a: Crapmorant|84\/100\n|-singleturn|p2a: Crapmorant|move: Roost\n|\n|-heal|p1a: Rotom|47\/100|[from] item: Leftovers\n|upkeep\n|turn|48\n|\n|switch|p2a: Dooh Nibor|Decidueye, M|100\/100\n|move|p1a: Rotom|Volt Switch|p2a: Dooh Nibor\n|-resisted|p2a: Dooh Nibor\n|-damage|p2a: Dooh Nibor|83\/100\n|\n|switch|p1a: Drapion|Drapion, F|87\/100|[from]move: Volt Switch\n|\n|-heal|p1a: Drapion|93\/100|[from] item: Black Sludge\n|upkeep\n|turn|49\n|\n|switch|p2a: Feo|Scrafty, M|94\/100\n|move|p1a: Drapion|Knock Off|p2a: Feo\n|-resisted|p2a: Feo\n|-damage|p2a: Feo|87\/100\n|-enditem|p2a: Feo|Leftovers|[from] move: Knock Off|[of] p1a: Drapion\n|\n|-heal|p1a: Drapion|99\/100|[from] item: Black Sludge\n|upkeep\n|turn|50\n|\n|switch|p1a: Aromatisse|Aromatisse, F|82\/100\n|move|p2a: Feo|Knock Off|p1a: Aromatisse\n|-resisted|p1a: Aromatisse\n|-damage|p1a: Aromatisse|75\/100\n|\n|upkeep\n|turn|51\n|\n|switch|p2a: Flames|Salazzle, F|72\/100\n|switch|p1a: Wishiwashi|Wishiwashi, F|100\/100\n|-formechange|p1a: Wishiwashi|Wishiwashi-School||[from] ability: Schooling\n|\n|-heal|p2a: Flames|78\/100|[from] item: Black Sludge\n|upkeep\n|turn|52\n|\n|switch|p2a: Dooh Nibor|Decidueye, M|83\/100\n|move|p1a: Wishiwashi|Ice Beam|p2a: Dooh Nibor\n|-supereffective|p2a: Dooh Nibor\n|-damage|p2a: Dooh Nibor|5\/100\n|\n|upkeep\n|turn|53\n|\n|move|p1a: Wishiwashi|Protect|p1a: Wishiwashi\n|-singleturn|p1a: Wishiwashi|Protect\n|move|p2a: Dooh Nibor|Leaf Storm|p1a: Wishiwashi\n|-activate|p1a: Wishiwashi|move: Protect\n|\n|upkeep\n|turn|54\n|\n|switch|p1a: Drapion|Drapion, F|99\/100\n|move|p2a: Dooh Nibor|Leaf Storm|p1a: Drapion\n|-resisted|p1a: Drapion\n|-damage|p1a: Drapion|15\/100\n|-unboost|p2a: Dooh Nibor|spa|2\n|\n|-heal|p1a: Drapion|21\/100|[from] item: Black Sludge\n|upkeep\n|turn|55\n|\n|switch|p1a: Aromatisse|Aromatisse, F|75\/100\n|move|p2a: Dooh Nibor|Leaf Storm|p1a: Aromatisse\n|-damage|p1a: Aromatisse|17\/100\n|-unboost|p2a: Dooh Nibor|spa|2\n|\n|upkeep\n|turn|56\n|\n|switch|p2a: Boom|Rillaboom, M|90\/100\n|-fieldstart|move: Grassy Terrain|[from] ability: Grassy Surge|[of] p2a: Boom\n|move|p1a: Aromatisse|Wish|p1a: Aromatisse\n|\n|-heal|p2a: Boom|96\/100|[from] Grassy Terrain\n|-heal|p1a: Aromatisse|23\/100|[from] Grassy Terrain\n|upkeep\n|turn|57\n|\n|move|p1a: Aromatisse|Protect|p1a: Aromatisse\n|-singleturn|p1a: Aromatisse|Protect\n|move|p2a: Boom|Wood Hammer|p1a: Aromatisse\n|-activate|p1a: Aromatisse|move: Protect\n|\n|-heal|p1a: Aromatisse|73\/100|[from] move: Wish|[wisher] Aromatisse\n|-heal|p2a: Boom|100\/100|[from] Grassy Terrain\n|-heal|p1a: Aromatisse|79\/100|[from] Grassy Terrain\n|upkeep\n|turn|58\n|\n|move|p2a: Boom|Wood Hammer|p1a: Aromatisse\n|-damage|p1a: Aromatisse|23\/100\n|-damage|p2a: Boom|79\/100|[from] Recoil\n|move|p1a: Aromatisse|Wish|p1a: Aromatisse\n|\n|-heal|p2a: Boom|85\/100|[from] Grassy Terrain\n|-heal|p1a: Aromatisse|29\/100|[from] Grassy Terrain\n|upkeep\n|turn|59\n|\n|switch|p2a: Dooh Nibor|Decidueye, M|5\/100\n|move|p1a: Aromatisse|Protect||[still]\n|-fail|p1a: Aromatisse\n|\n|-heal|p1a: Aromatisse|79\/100|[from] move: Wish|[wisher] Aromatisse\n|-heal|p2a: Dooh Nibor|11\/100|[from] Grassy Terrain\n|-heal|p1a: Aromatisse|85\/100|[from] Grassy Terrain\n|upkeep\n|turn|60\n|\n|move|p1a: Aromatisse|Protect|p1a: Aromatisse\n|-singleturn|p1a: Aromatisse|Protect\n|move|p2a: Dooh Nibor|Leaf Storm|p1a: Aromatisse\n|-activate|p1a: Aromatisse|move: Protect\n|\n|-heal|p2a: Dooh Nibor|17\/100|[from] Grassy Terrain\n|-heal|p1a: Aromatisse|91\/100|[from] Grassy Terrain\n|-fieldend|move: Grassy Terrain\n|upkeep\n|turn|61\n|\n|move|p2a: Dooh Nibor|Leaf Storm|p1a: Aromatisse\n|-damage|p1a: Aromatisse|0 fnt\n|-unboost|p2a: Dooh Nibor|spa|2\n|faint|p1a: Aromatisse\n|\n|upkeep\n|\n|switch|p1a: Braviary|Braviary, M|30\/100\n|turn|62\n|\n|switch|p2a: Blasco|Stunfisk, M|43\/100\n|move|p1a: Braviary|U-turn|p2a: Blasco\n|-crit|p2a: Blasco\n|-damage|p2a: Blasco|16\/100\n|inactive|Battle timer is ON: inactive players will automatically lose when time's up. (requested by The Last Hero)\n|inactive|jaytop31 has 120 seconds left.\n|\n|switch|p1a: Wishiwashi|Wishiwashi, F|100\/100|[from]move: U-turn\n|-formechange|p1a: Wishiwashi|Wishiwashi-School||[from] ability: Schooling\n|\n|upkeep\n|turn|63\n|\n|switch|p2a: Crapmorant|Cramorant, M|84\/100\n|move|p1a: Wishiwashi|Ice Beam|p2a: Crapmorant\n|-crit|p2a: Crapmorant\n|-damage|p2a: Crapmorant|21\/100\n|\n|upkeep\n|turn|64\n|\n|move|p2a: Crapmorant|Roost|p2a: Crapmorant\n|-heal|p2a: Crapmorant|72\/100\n|-singleturn|p2a: Crapmorant|move: Roost\n|move|p1a: Wishiwashi|Ice Beam|p2a: Crapmorant\n|-resisted|p2a: Crapmorant\n|-damage|p2a: Crapmorant|52\/100\n|-status|p2a: Crapmorant|frz\n|\n|upkeep\n|turn|65\n|c|\u2606jaytop31|sry\n|\n|-curestatus|p2a: Crapmorant|frz|[msg]\n|move|p2a: Crapmorant|Hurricane|p1a: Wishiwashi\n|-damage|p1a: Wishiwashi|68\/100\n|-start|p1a: Wishiwashi|confusion\n|-activate|p1a: Wishiwashi|confusion\n|move|p1a: Wishiwashi|Ice Beam|p2a: Crapmorant\n|-damage|p2a: Crapmorant|9\/100\n|\n|-heal|p1a: Wishiwashi|74\/100|[from] item: Leftovers\n|upkeep\n|turn|66\n|\n|switch|p1a: Rotom|Rotom-Mow|47\/100\n|move|p2a: Crapmorant|Hurricane|p1a: Rotom\n|-damage|p1a: Rotom|0 fnt\n|faint|p1a: Rotom\n|\n|upkeep\n|\n|switch|p1a: Braviary|Braviary, M|30\/100\n|turn|67\n|\n|switch|p2a: Blasco|Stunfisk, M|16\/100\n|move|p1a: Braviary|U-turn|p2a: Blasco\n|-damage|p2a: Blasco|0 fnt\n|faint|p2a: Blasco\n|\n|switch|p1a: Wishiwashi|Wishiwashi, F|74\/100|[from]move: U-turn\n|-formechange|p1a: Wishiwashi|Wishiwashi-School||[from] ability: Schooling\n|\n|-heal|p1a: Wishiwashi|80\/100|[from] item: Leftovers\n|upkeep\n|\n|switch|p2a: Boom|Rillaboom, M|85\/100\n|-fieldstart|move: Grassy Terrain|[from] ability: Grassy Surge|[of] p2a: Boom\n|turn|68\n|\n|move|p1a: Wishiwashi|Protect|p1a: Wishiwashi\n|-singleturn|p1a: Wishiwashi|Protect\n|move|p2a: Boom|Wood Hammer|p1a: Wishiwashi\n|-activate|p1a: Wishiwashi|move: Protect\n|\n|-heal|p2a: Boom|91\/100|[from] Grassy Terrain\n|-heal|p1a: Wishiwashi|86\/100|[from] item: Leftovers\n|-heal|p1a: Wishiwashi|92\/100|[from] Grassy Terrain\n|upkeep\n|turn|69\n|\n|move|p2a: Boom|Wood Hammer|p1a: Wishiwashi\n|-supereffective|p1a: Wishiwashi\n|-damage|p1a: Wishiwashi|0 fnt\n|-damage|p2a: Boom|65\/100|[from] Recoil\n|faint|p1a: Wishiwashi\n|\n|-heal|p2a: Boom|71\/100|[from] Grassy Terrain\n|upkeep\n|\n|switch|p1a: Braviary|Braviary, M|30\/100\n|turn|70\n|\n|move|p2a: Boom|Wood Hammer|p1a: Braviary\n|-resisted|p1a: Braviary\n|-damage|p1a: Braviary|0 fnt\n|-damage|p2a: Boom|61\/100|[from] Recoil\n|faint|p1a: Braviary\n|\n|-heal|p2a: Boom|67\/100|[from] Grassy Terrain\n|upkeep\n|\n|switch|p1a: Drapion|Drapion, F|21\/100\n|turn|71\n|\n|move|p2a: Boom|Wood Hammer|p1a: Drapion\n|-resisted|p1a: Drapion\n|-damage|p1a: Drapion|0 fnt\n|-damage|p2a: Boom|61\/100|[from] Recoil\n|faint|p1a: Drapion\n|\n|-heal|p2a: Boom|67\/100|[from] Grassy Terrain\n|upkeep\n|\n|switch|p1a: Coalossal|Coalossal, F|50\/100 tox\n|turn|72\n|\n|move|p2a: Boom|Wood Hammer|p1a: Coalossal\n|-damage|p1a: Coalossal|0 fnt\n|-damage|p2a: Boom|47\/100|[from] Recoil\n|faint|p1a: Coalossal\n|\n|win|The Last Hero\n|c|\u2606jaytop31|gg\n|c|\u2606The Last Hero|gg\n|l|\u2606jaytop31\n||Ladder (probably) updated, but score could not be retrieved (Response not received).\n","uploadtime":1591627552,"views":55,"p1id":"jaytop31","p2id":"thelasthero","formatid":"gen8ru","rating":0,"private":0,"password":null}