{"id":"gen8randombattle-1139092720","p1":"pokemon tearz","p2":"Lunar Neo~\u2606","format":"gen8randombattle","log":"|j|\u2606pokemon tearz\n|j|\u2606Lunar Neo~\u2606\n|player|p1|pokemon tearz|preschooler|1459\n|player|p2|Lunar Neo~\u2606|grimsley|1422\n|teamsize|p1|6\n|teamsize|p2|6\n|gametype|singles\n|gen|8\n|tier|[Gen 8] Random Battle\n|rated|\n|rule|Species Clause: Limit one of each Pok\u00e9mon\n|rule|HP Percentage Mod: HP is shown in percentages\n|rule|Sleep Clause Mod: Limit one foe put to sleep\n|\n|start\n|switch|p1a: Alcremie|Alcremie, L86, F|252\/252\n|switch|p2a: Boltund|Boltund, L86, M|259\/259\n|turn|1\n|inactive|Battle timer is ON: inactive players will automatically lose when time's up. (requested by pokemon tearz)\n|\n|move|p2a: Boltund|Thunder Fang|p1a: Alcremie\n|-damage|p1a: Alcremie|143\/252\n|-status|p1a: Alcremie|par\n|move|p1a: Alcremie|Dazzling Gleam|p2a: Boltund\n|-damage|p2a: Boltund|86\/259\n|-damage|p1a: Alcremie|118\/252 par|[from] item: Life Orb\n|\n|upkeep\n|turn|2\n|\n|move|p2a: Boltund|Thunder Fang|p1a: Alcremie|[miss]\n|-miss|p2a: Boltund|p1a: Alcremie\n|move|p1a: Alcremie|Dazzling Gleam|p2a: Boltund\n|-damage|p2a: Boltund|0 fnt\n|-damage|p1a: Alcremie|93\/252 par|[from] item: Life Orb\n|faint|p2a: Boltund\n|\n|upkeep\n|\n|switch|p2a: Toxapex|Toxapex, L80, F|211\/211\n|turn|3\n|\n|move|p2a: Toxapex|Scald|p1a: Alcremie\n|-damage|p1a: Alcremie|51\/252 par\n|move|p1a: Alcremie|Psychic|p2a: Toxapex\n|-supereffective|p2a: Toxapex\n|-damage|p2a: Toxapex|76\/211\n|-damage|p1a: Alcremie|26\/252 par|[from] item: Life Orb\n|\n|-heal|p2a: Toxapex|89\/211|[from] item: Black Sludge\n|upkeep\n|turn|4\n|\n|switch|p2a: Shiinotic|Shiinotic, L88, F|249\/249\n|cant|p1a: Alcremie|par\n|\n|upkeep\n|turn|5\n|\n|move|p2a: Shiinotic|Moonblast|p1a: Alcremie\n|-damage|p1a: Alcremie|0 fnt\n|faint|p1a: Alcremie\n|\n|upkeep\n|\n|switch|p1a: Toxicroak|Toxicroak, L86, F|283\/283\n|turn|6\n|\n|switch|p2a: Toxapex|Toxapex, L80, F|159\/211\n|move|p1a: Toxicroak|Substitute|p1a: Toxicroak\n|-start|p1a: Toxicroak|Substitute\n|-damage|p1a: Toxicroak|213\/283\n|\n|-heal|p1a: Toxicroak|230\/283|[from] item: Black Sludge\n|-heal|p2a: Toxapex|172\/211|[from] item: Black Sludge\n|upkeep\n|turn|7\n|\n|move|p1a: Toxicroak|Swords Dance|p1a: Toxicroak\n|-boost|p1a: Toxicroak|atk|2\n|move|p2a: Toxapex|Scald|p1a: Toxicroak\n|-heal|p1a: Toxicroak|283\/283|[from] ability: Dry Skin|[of] p2a: Toxapex\n|\n|-heal|p2a: Toxapex|185\/211|[from] item: Black Sludge\n|upkeep\n|turn|8\n|\n|switch|p2a: Machamp|Machamp, L82, F|282\/282\n|move|p1a: Toxicroak|Swords Dance|p1a: Toxicroak\n|-boost|p1a: Toxicroak|atk|2\n|\n|upkeep\n|turn|9\n|\n|move|p2a: Machamp|Bullet Punch|p1a: Toxicroak\n|-activate|p1a: Toxicroak|move: Substitute|[damage]\n|move|p1a: Toxicroak|Gunk Shot|p2a: Machamp\n|-damage|p2a: Machamp|0 fnt\n|faint|p2a: Machamp\n|\n|upkeep\n|c|\u2606pokemon tearz|welp lol\n|\n|switch|p2a: Ditto|Ditto, L82|213\/213\n|turn|10\n|\n|move|p1a: Toxicroak|Drain Punch|p2a: Ditto\n|-supereffective|p2a: Ditto\n|-damage|p2a: Ditto|0 fnt\n|faint|p2a: Ditto\n|\n|upkeep\n|c|\u2606pokemon tearz|NOPE LOL\n|\n|switch|p2a: Bewear|Bewear, L84, F|339\/339\n|turn|11\n|c|\u2606pokemon tearz|please forfeit lol\n|\n|switch|p2a: Toxapex|Toxapex, L80, F|211\/211\n|move|p1a: Toxicroak|Drain Punch|p2a: Toxapex\n|-resisted|p2a: Toxapex\n|-damage|p2a: Toxapex|112\/211\n|\n|-heal|p2a: Toxapex|125\/211|[from] item: Black Sludge\n|upkeep\n|turn|12\n|\n|move|p2a: Toxapex|Baneful Bunker|p2a: Toxapex\n|-singleturn|p2a: Toxapex|move: Protect\n|move|p1a: Toxicroak|Swords Dance|p1a: Toxicroak\n|-boost|p1a: Toxicroak|atk|2\n|\n|-heal|p2a: Toxapex|138\/211|[from] item: Black Sludge\n|upkeep\n|turn|13\n|\n|move|p1a: Toxicroak|Drain Punch|p2a: Toxapex\n|-resisted|p2a: Toxapex\n|-damage|p2a: Toxapex|21\/211\n|move|p2a: Toxapex|Recover|p2a: Toxapex\n|-heal|p2a: Toxapex|127\/211\n|\n|-heal|p2a: Toxapex|140\/211|[from] item: Black Sludge\n|upkeep\n|turn|14\n|c|\u2606pokemon tearz|bye bye LOL\n|\n|move|p2a: Toxapex|Baneful Bunker|p2a: Toxapex\n|-singleturn|p2a: Toxapex|move: Protect\n|move|p1a: Toxicroak|Drain Punch|p2a: Toxapex\n|-activate|p2a: Toxapex|move: Protect\n|\n|-heal|p2a: Toxapex|153\/211|[from] item: Black Sludge\n|upkeep\n|turn|15\n|\n|move|p1a: Toxicroak|Drain Punch|p2a: Toxapex\n|-resisted|p2a: Toxapex\n|-damage|p2a: Toxapex|34\/211\n|move|p2a: Toxapex|Recover|p2a: Toxapex\n|-heal|p2a: Toxapex|140\/211\n|\n|-heal|p2a: Toxapex|153\/211|[from] item: Black Sludge\n|upkeep\n|turn|16\n|\n|move|p2a: Toxapex|Baneful Bunker|p2a: Toxapex\n|-singleturn|p2a: Toxapex|move: Protect\n|move|p1a: Toxicroak|Swords Dance|p1a: Toxicroak\n|-boost|p1a: Toxicroak|atk|0\n|\n|-heal|p2a: Toxapex|166\/211|[from] item: Black Sludge\n|upkeep\n|turn|17\n|\n|move|p1a: Toxicroak|Drain Punch|p2a: Toxapex\n|-resisted|p2a: Toxapex\n|-damage|p2a: Toxapex|40\/211\n|move|p2a: Toxapex|Recover|p2a: Toxapex\n|-heal|p2a: Toxapex|146\/211\n|\n|-heal|p2a: Toxapex|159\/211|[from] item: Black Sludge\n|upkeep\n|turn|18\n|\n|switch|p2a: Shiinotic|Shiinotic, L88, F|249\/249\n|move|p1a: Toxicroak|Swords Dance|p1a: Toxicroak\n|-boost|p1a: Toxicroak|atk|0\n|\n|upkeep\n|turn|19\n|\n|switch|p2a: Toxapex|Toxapex, L80, F|211\/211\n|move|p1a: Toxicroak|Gunk Shot|p2a: Toxapex\n|-resisted|p2a: Toxapex\n|-damage|p2a: Toxapex|13\/211\n|\n|-heal|p2a: Toxapex|26\/211|[from] item: Black Sludge\n|upkeep\n|turn|20\n|\n|move|p2a: Toxapex|Baneful Bunker|p2a: Toxapex\n|-singleturn|p2a: Toxapex|move: Protect\n|move|p1a: Toxicroak|Drain Punch|p2a: Toxapex\n|-activate|p2a: Toxapex|move: Protect\n|\n|-heal|p2a: Toxapex|39\/211|[from] item: Black Sludge\n|upkeep\n|turn|21\n|\n|switch|p2a: Bewear|Bewear, L84, F|339\/339\n|move|p1a: Toxicroak|Drain Punch|p2a: Bewear\n|-supereffective|p2a: Bewear\n|-damage|p2a: Bewear|0 fnt\n|faint|p2a: Bewear\n|\n|upkeep\n|\n|switch|p2a: Toxapex|Toxapex, L80, F|109\/211\n|turn|22\n|\n|move|p2a: Toxapex|Baneful Bunker|p2a: Toxapex\n|-singleturn|p2a: Toxapex|move: Protect\n|move|p1a: Toxicroak|Swords Dance|p1a: Toxicroak\n|-boost|p1a: Toxicroak|atk|0\n|\n|-heal|p2a: Toxapex|122\/211|[from] item: Black Sludge\n|upkeep\n|turn|23\n|\n|switch|p2a: Shiinotic|Shiinotic, L88, F|249\/249\n|move|p1a: Toxicroak|Drain Punch|p2a: Shiinotic\n|-resisted|p2a: Shiinotic\n|-damage|p2a: Shiinotic|78\/249\n|\n|-heal|p2a: Shiinotic|93\/249|[from] item: Leftovers\n|upkeep\n|turn|24\n|c|\u2606pokemon tearz|kid you lose\n|c|\u2606pokemon tearz|just leave l\n|c|\u2606pokemon tearz|you suck\n|\n|move|p1a: Toxicroak|Gunk Shot|p2a: Shiinotic\n|-supereffective|p2a: Shiinotic\n|-damage|p2a: Shiinotic|0 fnt\n|faint|p2a: Shiinotic\n|\n|upkeep\n|c|\u2606Lunar Neo~\u2606|nah you taunted me im stalling this\n|\n|switch|p2a: Toxapex|Toxapex, L80, F|192\/211\n|turn|25\n|c|\u2606pokemon tearz|then let\u2019s have some fun you piece of trash lol\n|\n|switch|p1a: Mantine|Mantine, L82, M|274\/274\n|move|p2a: Toxapex|Baneful Bunker||[still]\n|-fail|p2a: Toxapex\n|\n|-heal|p2a: Toxapex|205\/211|[from] item: Black Sludge\n|upkeep\n|turn|26\n|\n|move|p1a: Mantine|Defog|p2a: Toxapex\n|-unboost|p2a: Toxapex|evasion|1\n|move|p2a: Toxapex|Toxic|p1a: Mantine\n|-status|p1a: Mantine|tox\n|\n|-heal|p2a: Toxapex|211\/211|[from] item: Black Sludge\n|-damage|p1a: Mantine|257\/274 tox|[from] psn\n|upkeep\n|turn|27\n|c|\u2606Lunar Neo~\u2606|why you talking so much shit tho\n|c|\u2606Lunar Neo~\u2606|its just randoms lol\n|c|\u2606pokemon tearz|because you\u2019re trash and because i can\n|\n|move|p1a: Mantine|Defog|p2a: Toxapex\n|-unboost|p2a: Toxapex|evasion|1\n|move|p2a: Toxapex|Recover||[still]\n|-fail|p2a: Toxapex|heal\n|\n|-damage|p1a: Mantine|223\/274 tox|[from] psn\n|upkeep\n|turn|28\n|\n|move|p1a: Mantine|Defog|p2a: Toxapex\n|-unboost|p2a: Toxapex|evasion|1\n|move|p2a: Toxapex|Toxic|p1a: Mantine\n|-fail|p1a: Mantine|tox\n|\n|-damage|p1a: Mantine|172\/274 tox|[from] psn\n|upkeep\n|turn|29\n|c|\u2606Lunar Neo~\u2606|i mean randoms arent a good way to represent skill\n|\n|move|p2a: Toxapex|Baneful Bunker|p2a: Toxapex\n|-singleturn|p2a: Toxapex|move: Protect\n|move|p1a: Mantine|Scald|p2a: Toxapex\n|-activate|p2a: Toxapex|move: Protect\n|\n|-damage|p1a: Mantine|104\/274 tox|[from] psn\n|upkeep\n|turn|30\n|c|\u2606pokemon tearz|you\u2019re trash regardless\n|\n|move|p1a: Mantine|Roost|p1a: Mantine\n|-heal|p1a: Mantine|241\/274 tox\n|-singleturn|p1a: Mantine|move: Roost\n|move|p2a: Toxapex|Toxic|p1a: Mantine\n|-fail|p1a: Mantine|tox\n|\n|-damage|p1a: Mantine|156\/274 tox|[from] psn\n|upkeep\n|turn|31\n|inactive|Lunar Neo~\u2606 has 120 seconds left.\n|c|\u2606Lunar Neo~\u2606|i dont think that's a fair assumption to make since this is the interaction you've had with me\n|c|\u2606Lunar Neo~\u2606|y'know\n|\n|move|p1a: Mantine|Scald|p2a: Toxapex\n|-resisted|p2a: Toxapex\n|-damage|p2a: Toxapex|184\/211\n|move|p2a: Toxapex|Recover|p2a: Toxapex\n|-heal|p2a: Toxapex|211\/211\n|\n|-damage|p1a: Mantine|54\/274 tox|[from] psn\n|upkeep\n|turn|32\n|c|\u2606pokemon tearz|you\u2019re trash kid LOL\n|c|\u2606pokemon tearz|end of story\n|\n|switch|p1a: Snorlax|Snorlax, L84, M|406\/406\n|move|p2a: Toxapex|Scald|p1a: Snorlax\n|-damage|p1a: Snorlax|366\/406\n|-status|p1a: Snorlax|brn\n|\n|-damage|p1a: Snorlax|341\/406 brn|[from] brn\n|upkeep\n|turn|33\n|\n|switch|p1a: Mantine|Mantine, L82, M|54\/274 tox\n|move|p2a: Toxapex|Recover||[still]\n|-fail|p2a: Toxapex|heal\n|\n|-damage|p1a: Mantine|37\/274 tox|[from] psn\n|upkeep\n|turn|34\n|inactive|Lunar Neo~\u2606 has 120 seconds left.\n|\n|move|p2a: Toxapex|Baneful Bunker|p2a: Toxapex\n|-singleturn|p2a: Toxapex|move: Protect\n|move|p1a: Mantine|Roost|p1a: Mantine\n|-heal|p1a: Mantine|174\/274 tox\n|-singleturn|p1a: Mantine|move: Roost\n|\n|-damage|p1a: Mantine|140\/274 tox|[from] psn\n|upkeep\n|turn|35\n|\n|move|p1a: Mantine|Roost|p1a: Mantine\n|-heal|p1a: Mantine|274\/274 tox\n|-singleturn|p1a: Mantine|move: Roost\n|move|p2a: Toxapex|Toxic|p1a: Mantine\n|-fail|p1a: Mantine|tox\n|\n|-damage|p1a: Mantine|223\/274 tox|[from] psn\n|upkeep\n|turn|36\n|\n|switch|p1a: Snorlax|Snorlax, L84, M|341\/406 brn\n|move|p2a: Toxapex|Recover||[still]\n|-fail|p2a: Toxapex|heal\n|\n|-damage|p1a: Snorlax|316\/406 brn|[from] brn\n|upkeep\n|turn|37\n|\n|switch|p1a: Mantine|Mantine, L82, M|223\/274 tox\n|move|p2a: Toxapex|Scald|p1a: Mantine\n|-heal|p1a: Mantine|274\/274 tox|[from] ability: Water Absorb|[of] p2a: Toxapex\n|\n|-damage|p1a: Mantine|257\/274 tox|[from] psn\n|upkeep\n|turn|38\n|\n|move|p2a: Toxapex|Baneful Bunker|p2a: Toxapex\n|-singleturn|p2a: Toxapex|move: Protect\n|move|p1a: Mantine|Scald|p2a: Toxapex\n|-activate|p2a: Toxapex|move: Protect\n|\n|-damage|p1a: Mantine|223\/274 tox|[from] psn\n|upkeep\n|turn|39\n|\n|move|p1a: Mantine|Scald|p2a: Toxapex\n|-resisted|p2a: Toxapex\n|-damage|p2a: Toxapex|186\/211\n|-status|p2a: Toxapex|brn\n|move|p2a: Toxapex|Recover|p2a: Toxapex\n|-heal|p2a: Toxapex|211\/211 brn\n|\n|-damage|p1a: Mantine|172\/274 tox|[from] psn\n|-damage|p2a: Toxapex|198\/211 brn|[from] brn\n|upkeep\n|turn|40\n|\n|move|p1a: Mantine|Roost|p1a: Mantine\n|-heal|p1a: Mantine|274\/274 tox\n|-singleturn|p1a: Mantine|move: Roost\n|move|p2a: Toxapex|Scald|p1a: Mantine\n|-immune|p1a: Mantine|[from] ability: Water Absorb\n|\n|-heal|p2a: Toxapex|211\/211 brn|[from] item: Black Sludge\n|-damage|p1a: Mantine|206\/274 tox|[from] psn\n|-damage|p2a: Toxapex|198\/211 brn|[from] brn\n|upkeep\n|turn|41\n|\n|switch|p1a: Snorlax|Snorlax, L84, M|316\/406 brn\n|move|p2a: Toxapex|Toxic||[still]\n|-fail|p2a: Toxapex\n|\n|-heal|p2a: Toxapex|211\/211 brn|[from] item: Black Sludge\n|-damage|p2a: Toxapex|198\/211 brn|[from] brn\n|-damage|p1a: Snorlax|291\/406 brn|[from] brn\n|upkeep\n|turn|42\n|\n|switch|p1a: Indeedee|Indeedee-F, L84, F|255\/255\n|-fieldstart|move: Psychic Terrain|[from] ability: Psychic Surge|[of] p1a: Indeedee\n|move|p2a: Toxapex|Toxic|p1a: Indeedee\n|-status|p1a: Indeedee|tox\n|\n|-heal|p2a: Toxapex|211\/211 brn|[from] item: Black Sludge\n|-damage|p1a: Indeedee|240\/255 tox|[from] psn\n|-damage|p2a: Toxapex|198\/211 brn|[from] brn\n|upkeep\n|turn|43\n|\n|switch|p1a: Lunatone|Lunatone, L88|302\/302\n|move|p2a: Toxapex|Baneful Bunker||[still]\n|-fail|p2a: Toxapex\n|\n|-heal|p2a: Toxapex|211\/211 brn|[from] item: Black Sludge\n|-damage|p2a: Toxapex|198\/211 brn|[from] brn\n|upkeep\n|turn|44\n|\n|switch|p1a: Indeedee|Indeedee-F, L84, F|240\/255 tox\n|move|p2a: Toxapex|Baneful Bunker||[still]\n|-fail|p2a: Toxapex\n|\n|-heal|p2a: Toxapex|211\/211 brn|[from] item: Black Sludge\n|-damage|p1a: Indeedee|225\/255 tox|[from] psn\n|-damage|p2a: Toxapex|198\/211 brn|[from] brn\n|upkeep\n|turn|45\n|\n|move|p1a: Indeedee|Mystical Fire|p2a: Toxapex\n|-resisted|p2a: Toxapex\n|-damage|p2a: Toxapex|175\/211 brn\n|-unboost|p2a: Toxapex|spa|1\n|-damage|p1a: Indeedee|200\/255 tox|[from] item: Life Orb\n|move|p2a: Toxapex|Scald|p1a: Indeedee\n|-damage|p1a: Indeedee|172\/255 tox\n|\n|-heal|p2a: Toxapex|188\/211 brn|[from] item: Black Sludge\n|-damage|p1a: Indeedee|142\/255 tox|[from] psn\n|-damage|p2a: Toxapex|175\/211 brn|[from] brn\n|upkeep\n|turn|46\n|\n|switch|p1a: Mantine|Mantine, L82, M|206\/274 tox\n|move|p2a: Toxapex|Baneful Bunker||[still]\n|-fail|p2a: Toxapex\n|\n|-heal|p2a: Toxapex|188\/211 brn|[from] item: Black Sludge\n|-damage|p1a: Mantine|189\/274 tox|[from] psn\n|-damage|p2a: Toxapex|175\/211 brn|[from] brn\n|-fieldend|move: Psychic Terrain\n|upkeep\n|turn|47\n|\n|move|p1a: Mantine|Defog|p2a: Toxapex\n|-unboost|p2a: Toxapex|evasion|1\n|move|p2a: Toxapex|Recover|p2a: Toxapex\n|-heal|p2a: Toxapex|211\/211 brn\n|\n|-damage|p1a: Mantine|155\/274 tox|[from] psn\n|-damage|p2a: Toxapex|198\/211 brn|[from] brn\n|upkeep\n|turn|48\n|\n|move|p1a: Mantine|Roost|p1a: Mantine\n|-heal|p1a: Mantine|274\/274 tox\n|-singleturn|p1a: Mantine|move: Roost\n|move|p2a: Toxapex|Toxic|p1a: Mantine\n|-fail|p1a: Mantine|tox\n|\n|-heal|p2a: Toxapex|211\/211 brn|[from] item: Black Sludge\n|-damage|p1a: Mantine|223\/274 tox|[from] psn\n|-damage|p2a: Toxapex|198\/211 brn|[from] brn\n|upkeep\n|turn|49\n|\n|switch|p1a: Indeedee|Indeedee-F, L84, F|142\/255 tox\n|-fieldstart|move: Psychic Terrain|[from] ability: Psychic Surge|[of] p1a: Indeedee\n|move|p2a: Toxapex|Recover|p2a: Toxapex\n|-heal|p2a: Toxapex|211\/211 brn\n|\n|-damage|p1a: Indeedee|127\/255 tox|[from] psn\n|-damage|p2a: Toxapex|198\/211 brn|[from] brn\n|upkeep\n|turn|50\n|\n|move|p2a: Toxapex|Baneful Bunker|p2a: Toxapex\n|-singleturn|p2a: Toxapex|move: Protect\n|move|p1a: Indeedee|Mystical Fire|p2a: Toxapex\n|-activate|p2a: Toxapex|move: Protect\n|\n|-heal|p2a: Toxapex|211\/211 brn|[from] item: Black Sludge\n|-damage|p1a: Indeedee|97\/255 tox|[from] psn\n|-damage|p2a: Toxapex|198\/211 brn|[from] brn\n|upkeep\n|turn|51\n|\n|move|p2a: Toxapex|Baneful Bunker||[still]\n|-fail|p2a: Toxapex\n|move|p1a: Indeedee|Mystical Fire|p2a: Toxapex\n|-resisted|p2a: Toxapex\n|-damage|p2a: Toxapex|172\/211 brn\n|-unboost|p2a: Toxapex|spa|1\n|-damage|p1a: Indeedee|72\/255 tox|[from] item: Life Orb\n|\n|-heal|p2a: Toxapex|185\/211 brn|[from] item: Black Sludge\n|-damage|p1a: Indeedee|27\/255 tox|[from] psn\n|-damage|p2a: Toxapex|172\/211 brn|[from] brn\n|upkeep\n|turn|52\n|\n|switch|p1a: Snorlax|Snorlax, L84, M|291\/406 brn\n|move|p2a: Toxapex|Toxic||[still]\n|-fail|p2a: Toxapex\n|\n|-heal|p2a: Toxapex|185\/211 brn|[from] item: Black Sludge\n|-damage|p2a: Toxapex|172\/211 brn|[from] brn\n|-damage|p1a: Snorlax|266\/406 brn|[from] brn\n|upkeep\n|turn|53\n|\n|switch|p1a: Mantine|Mantine, L82, M|223\/274 tox\n|move|p2a: Toxapex|Scald|p1a: Mantine\n|-heal|p1a: Mantine|274\/274 tox|[from] ability: Water Absorb|[of] p2a: Toxapex\n|\n|-heal|p2a: Toxapex|185\/211 brn|[from] item: Black Sludge\n|-damage|p1a: Mantine|257\/274 tox|[from] psn\n|-damage|p2a: Toxapex|172\/211 brn|[from] brn\n|-fieldend|move: Psychic Terrain\n|upkeep\n|turn|54\n|\n|switch|p1a: Snorlax|Snorlax, L84, M|266\/406 brn\n|move|p2a: Toxapex|Recover|p2a: Toxapex\n|-heal|p2a: Toxapex|211\/211 brn\n|\n|-damage|p2a: Toxapex|198\/211 brn|[from] brn\n|-damage|p1a: Snorlax|241\/406 brn|[from] brn\n|upkeep\n|turn|55\n|\n|switch|p1a: Mantine|Mantine, L82, M|257\/274 tox\n|move|p2a: Toxapex|Baneful Bunker||[still]\n|-fail|p2a: Toxapex\n|\n|-heal|p2a: Toxapex|211\/211 brn|[from] item: Black Sludge\n|-damage|p1a: Mantine|240\/274 tox|[from] psn\n|-damage|p2a: Toxapex|198\/211 brn|[from] brn\n|upkeep\n|turn|56\n|c|\u2606Lunar Neo~\u2606|I'm bored\n|c|\u2606Lunar Neo~\u2606|i respect the committment to talk shit\n|-message|Lunar Neo~\u2606 forfeited.\n|\n|win|pokemon tearz\n|l|\u2606Lunar Neo~\u2606\n|c|\u2606pokemon tearz|blah blah blah i already have another battle open, just gonna wait out these easy points LOL\n","inputlog":">version 0e0ad1f3d8d403304322b841bb20ad0f7a94dee2\n>start {\"formatid\":\"gen8randombattle\",\"seed\":[29516,17886,12535,38871],\"rated\":\"Rated battle\"}\n>player p1 {\"name\":\"pokemon tearz\",\"avatar\":\"preschooler\",\"team\":\"\",\"rating\":1459,\"seed\":[13310,40214,20597,8419]}\n>player p2 {\"name\":\"Lunar Neo~\u2606\",\"avatar\":\"grimsley\",\"team\":\"\",\"rating\":1422,\"seed\":[53600,39424,44067,26745]}\n>p1 move dazzlinggleam\n>p2 move thunderfang\n>p1 move dazzlinggleam\n>p2 move thunderfang\n>p2 switch 6\n>p1 move psychic\n>p2 move scald\n>p1 move psychic\n>p2 switch 3\n>p1 move mysticalfire\n>p2 move moonblast\n>p1 switch 3\n>p1 move substitute\n>p2 switch 3\n>p1 move swordsdance\n>p2 move scald\n>p1 move swordsdance\n>p2 switch 4\n>p1 move gunkshot\n>p2 move bulletpunch\n>p2 switch 2\n>p1 move drainpunch\n>p2 move transform\n>p2 switch 5\n>p1 move drainpunch\n>p2 switch 4\n>p1 move swordsdance\n>p2 move banefulbunker\n>p1 move drainpunch\n>p2 move recover\n>p1 move drainpunch\n>p2 move banefulbunker\n>p1 move drainpunch\n>p2 move recover\n>p1 move swordsdance\n>p2 move banefulbunker\n>p1 move drainpunch\n>p2 move recover\n>p1 move swordsdance\n>p2 switch 3\n>p1 move gunkshot\n>p2 switch 3\n>p1 move drainpunch\n>p2 move banefulbunker\n>p1 move drainpunch\n>p2 switch 4\n>p2 switch 4\n>p1 move swordsdance\n>p2 move banefulbunker\n>p1 move drainpunch\n>p2 switch 3\n>p1 move gunkshot\n>p2 move moonblast\n>p2 switch 3\n>p1 switch 2\n>p2 move banefulbunker\n>p1 move defog\n>p2 move toxic\n>p1 move defog\n>p2 move recover\n>p1 move defog\n>p2 move toxic\n>p1 move scald\n>p2 move banefulbunker\n>p1 move roost\n>p2 move toxic\n>p1 move scald\n>p2 move recover\n>p1 switch 4\n>p2 move scald\n>p1 switch 4\n>p2 move recover\n>p1 move roost\n>p2 move banefulbunker\n>p1 move roost\n>p2 move toxic\n>p1 switch 4\n>p2 move recover\n>p1 switch 4\n>p2 move scald\n>p1 move scald\n>p2 move banefulbunker\n>p1 move scald\n>p2 move recover\n>p1 move roost\n>p2 move scald\n>p1 switch 4\n>p2 move toxic\n>p1 switch 6\n>p2 move toxic\n>p1 switch 5\n>p2 move banefulbunker\n>p1 switch 5\n>p2 move banefulbunker\n>p1 move mysticalfire\n>p2 move scald\n>p1 switch 4\n>p2 move banefulbunker\n>p1 move defog\n>p2 move recover\n>p1 move roost\n>p2 move toxic\n>p1 switch 4\n>p2 move recover\n>p1 move mysticalfire\n>p2 move banefulbunker\n>p1 move mysticalfire\n>p2 move banefulbunker\n>p1 switch 6\n>p2 move toxic\n>p1 switch 4\n>p2 move scald\n>p1 switch 4\n>p2 move recover\n>p1 switch 4\n>p2 move banefulbunker","uploadtime":1593045084,"views":1,"p1id":"pokemontearz","p2id":"lunarneo","formatid":"gen8randombattle","rating":0,"private":0,"password":null}