{"id":"gen8ou-1660493349","p1":"minimax_ai","p2":"dracaufeu shiny","format":"gen8ou","log":"|j|\u2606minimax_ai\n|j|\u2606dracaufeu shiny\n|t:|1662774618\n|gametype|singles\n|player|p1|minimax_ai|lusamine-nihilego|1478\n|player|p2|dracaufeu shiny|red|1438\n|teamsize|p1|6\n|teamsize|p2|6\n|gen|8\n|tier|[Gen 8] OU\n|rated|\n|rule|Sleep Clause Mod: Limit one foe put to sleep\n|rule|Species Clause: Limit one of each Pok\u00e9mon\n|rule|OHKO Clause: OHKO moves are banned\n|rule|Evasion Items Clause: Evasion items are banned\n|rule|Evasion Moves Clause: Evasion moves are banned\n|rule|Endless Battle Clause: Forcing endless battles is banned\n|rule|HP Percentage Mod: HP is shown in percentages\n|rule|Dynamax Clause: You cannot dynamax\n|clearpoke\n|poke|p1|Rotom-Wash|\n|poke|p1|Weavile, F|\n|poke|p1|Landorus-Therian, M|\n|poke|p1|Heatran, M|\n|poke|p1|Tangrowth, F|\n|poke|p1|Melmetal|\n|poke|p2|Heatran, F|\n|poke|p2|Tapu Lele|\n|poke|p2|Landorus-Therian, M|\n|poke|p2|Tornadus-Therian, M|\n|poke|p2|Ferrothorn, F|\n|poke|p2|Dragapult, F|\n|teampreview\n|c|\u2606minimax_ai|hf\n|inactive|Battle timer is ON: inactive players will automatically lose when time's up. (requested by minimax_ai)\n|\n|t:|1662774628\n|start\n|switch|p1a: Heatran|Heatran, M|100\/100\n|switch|p2a: Tornadus|Tornadus-Therian, M|100\/100\n|-item|p1a: Heatran|Air Balloon\n|turn|1\n|\n|t:|1662774630\n|move|p2a: Tornadus|U-turn|p1a: Heatran\n|-resisted|p1a: Heatran\n|-damage|p1a: Heatran|97\/100\n|-enditem|p1a: Heatran|Air Balloon\n|\n|t:|1662774632\n|switch|p2a: Landorus|Landorus-Therian, M|100\/100|[from]move: U-turn\n|-ability|p2a: Landorus|Intimidate|boost\n|-unboost|p1a: Heatran|atk|1\n|move|p1a: Heatran|Stealth Rock|p2a: Landorus\n|-sidestart|p2: dracaufeu shiny|move: Stealth Rock\n|\n|upkeep\n|turn|2\n|\n|t:|1662774635\n|switch|p1a: rotomwash|Rotom-Wash|100\/100\n|move|p2a: Landorus|Defog|p1a: rotomwash\n|-unboost|p1a: rotomwash|evasion|1\n|-sideend|p2: dracaufeu shiny|Stealth Rock|[from] move: Defog|[of] p2a: Landorus\n|\n|upkeep\n|turn|3\n|\n|t:|1662774638\n|switch|p2a: Ferrothorn|Ferrothorn, F|100\/100\n|move|p1a: rotomwash|Nasty Plot|p1a: rotomwash\n|-boost|p1a: rotomwash|spa|2\n|\n|upkeep\n|turn|4\n|\n|t:|1662774641\n|switch|p1a: landorustherian|Landorus-Therian, M|100\/100\n|-ability|p1a: landorustherian|Intimidate|boost\n|-unboost|p2a: Ferrothorn|atk|1\n|move|p2a: Ferrothorn|Leech Seed|p1a: landorustherian|[miss]\n|-miss|p2a: Ferrothorn|p1a: landorustherian\n|\n|upkeep\n|turn|5\n|\n|t:|1662774645\n|move|p1a: landorustherian|U-turn|p2a: Ferrothorn\n|-damage|p2a: Ferrothorn|88\/100\n|-damage|p1a: landorustherian|88\/100|[from] ability: Iron Barbs|[of] p2a: Ferrothorn\n|\n|t:|1662774645\n|switch|p1a: Heatran|Heatran, M|97\/100|[from]move: U-turn\n|move|p2a: Ferrothorn|Knock Off|p1a: Heatran\n|-damage|p1a: Heatran|87\/100\n|\n|-heal|p2a: Ferrothorn|95\/100|[from] item: Leftovers\n|upkeep\n|turn|6\n|\n|t:|1662774653\n|switch|p2a: Heatran|Heatran, F|100\/100\n|move|p1a: Heatran|Stealth Rock|p2a: Heatran\n|-sidestart|p2: dracaufeu shiny|move: Stealth Rock\n|\n|upkeep\n|turn|7\n|\n|t:|1662774656\n|switch|p1a: rotomwash|Rotom-Wash|100\/100\n|move|p2a: Heatran|Earth Power|p1a: rotomwash\n|-immune|p1a: rotomwash|[from] ability: Levitate\n|\n|upkeep\n|turn|8\n|\n|t:|1662774661\n|switch|p2a: Dragapult|Dragapult, F|100\/100\n|move|p1a: rotomwash|Thunderbolt|p2a: Dragapult\n|-resisted|p2a: Dragapult\n|-damage|p2a: Dragapult|76\/100\n|\n|upkeep\n|turn|9\n|\n|t:|1662774666\n|switch|p1a: Melmetal|Melmetal|100\/100\n|move|p2a: Dragapult|Will-O-Wisp|p1a: Melmetal\n|-status|p1a: Melmetal|brn\n|\n|-damage|p1a: Melmetal|94\/100 brn|[from] brn\n|upkeep\n|turn|10\n|\n|t:|1662774669\n|switch|p2a: Ferrothorn|Ferrothorn, F|95\/100\n|-damage|p2a: Ferrothorn|88\/100|[from] Stealth Rock\n|move|p1a: Melmetal|Ice Punch|p2a: Ferrothorn\n|-damage|p2a: Ferrothorn|79\/100\n|-damage|p1a: Melmetal|82\/100 brn|[from] ability: Iron Barbs|[of] p2a: Ferrothorn\n|\n|-heal|p2a: Ferrothorn|86\/100|[from] item: Leftovers\n|-damage|p1a: Melmetal|76\/100 brn|[from] brn\n|upkeep\n|turn|11\n|\n|t:|1662774671\n|switch|p1a: landorustherian|Landorus-Therian, M|88\/100\n|-ability|p1a: landorustherian|Intimidate|boost\n|-unboost|p2a: Ferrothorn|atk|1\n|move|p2a: Ferrothorn|Stealth Rock|p1a: landorustherian\n|-sidestart|p1: minimax_ai|move: Stealth Rock\n|\n|-heal|p1a: landorustherian|94\/100|[from] item: Leftovers\n|-heal|p2a: Ferrothorn|92\/100|[from] item: Leftovers\n|upkeep\n|turn|12\n|\n|t:|1662774674\n|move|p1a: landorustherian|Earthquake|p2a: Ferrothorn\n|-damage|p2a: Ferrothorn|64\/100\n|move|p2a: Ferrothorn|Knock Off|p1a: landorustherian\n|-damage|p1a: landorustherian|80\/100\n|-enditem|p1a: landorustherian|Leftovers|[from] move: Knock Off|[of] p2a: Ferrothorn\n|\n|-heal|p2a: Ferrothorn|71\/100|[from] item: Leftovers\n|upkeep\n|turn|13\n|\n|t:|1662774676\n|move|p1a: landorustherian|Earthquake|p2a: Ferrothorn\n|-damage|p2a: Ferrothorn|43\/100\n|move|p2a: Ferrothorn|Leech Seed|p1a: landorustherian\n|-start|p1a: landorustherian|move: Leech Seed\n|\n|-heal|p2a: Ferrothorn|49\/100|[from] item: Leftovers\n|-damage|p1a: landorustherian|67\/100|[from] Leech Seed|[of] p2a: Ferrothorn\n|-heal|p2a: Ferrothorn|63\/100|[silent]\n|upkeep\n|turn|14\n|\n|t:|1662774679\n|switch|p1a: Tangrowth|Tangrowth, F|100\/100\n|-damage|p1a: Tangrowth|88\/100|[from] Stealth Rock\n|switch|p2a: Landorus|Landorus-Therian, M|100\/100\n|-damage|p2a: Landorus|88\/100|[from] Stealth Rock\n|-ability|p2a: Landorus|Intimidate|boost\n|-unboost|p1a: Tangrowth|atk|1\n|\n|-heal|p2a: Landorus|94\/100|[from] item: Leftovers\n|upkeep\n|turn|15\n|\n|t:|1662774686\n|move|p2a: Landorus|U-turn|p1a: Tangrowth\n|-supereffective|p1a: Tangrowth\n|-damage|p1a: Tangrowth|65\/100\n|-damage|p2a: Landorus|78\/100|[from] item: Rocky Helmet|[of] p1a: Tangrowth\n|\n|t:|1662774697\n|switch|p2a: Heatran|Heatran, F|100\/100|[from]move: U-turn\n|-damage|p2a: Heatran|88\/100|[from] Stealth Rock\n|move|p1a: Tangrowth|Sleep Powder|p2a: Heatran\n|-status|p2a: Heatran|slp|[from] move: Sleep Powder\n|\n|-heal|p2a: Heatran|94\/100 slp|[from] item: Leftovers\n|upkeep\n|turn|16\n|\n|t:|1662774700\n|switch|p2a: Tornadus|Tornadus-Therian, M|100\/100\n|switch|p1a: rotomwash|Rotom-Wash|100\/100\n|-damage|p1a: rotomwash|88\/100|[from] Stealth Rock\n|\n|-heal|p1a: rotomwash|94\/100|[from] item: Leftovers\n|upkeep\n|turn|17\n|\n|t:|1662774703\n|move|p2a: Tornadus|Taunt|p1a: rotomwash\n|-start|p1a: rotomwash|move: Taunt\n|move|p1a: rotomwash|Thunderbolt|p2a: Tornadus\n|-supereffective|p2a: Tornadus\n|-damage|p2a: Tornadus|25\/100\n|\n|-heal|p1a: rotomwash|100\/100|[from] item: Leftovers\n|upkeep\n|turn|18\n|\n|t:|1662774706\n|move|p2a: Tornadus|U-turn|p1a: rotomwash\n|-damage|p1a: rotomwash|86\/100\n|\n|t:|1662774708\n|switch|p2a: Ferrothorn|Ferrothorn, F|63\/100|[from]move: U-turn\n|-damage|p2a: Ferrothorn|56\/100|[from] Stealth Rock\n|move|p1a: rotomwash|Thunderbolt|p2a: Ferrothorn\n|-resisted|p2a: Ferrothorn\n|-damage|p2a: Ferrothorn|43\/100\n|\n|-heal|p1a: rotomwash|93\/100|[from] item: Leftovers\n|-heal|p2a: Ferrothorn|49\/100|[from] item: Leftovers\n|upkeep\n|turn|19\n|\n|t:|1662774709\n|switch|p1a: Tangrowth|Tangrowth, F|99\/100\n|-damage|p1a: Tangrowth|86\/100|[from] Stealth Rock\n|move|p2a: Ferrothorn|Leech Seed|p1a: Tangrowth\n|-immune|p1a: Tangrowth\n|\n|-heal|p2a: Ferrothorn|55\/100|[from] item: Leftovers\n|upkeep\n|turn|20\n|\n|t:|1662774714\n|switch|p2a: Heatran|Heatran, F|94\/100 slp\n|-damage|p2a: Heatran|82\/100 slp|[from] Stealth Rock\n|move|p1a: Tangrowth|Knock Off|p2a: Heatran\n|-damage|p2a: Heatran|62\/100 slp\n|-enditem|p2a: Heatran|Leftovers|[from] move: Knock Off|[of] p1a: Tangrowth\n|\n|upkeep\n|turn|21\n|\n|t:|1662774716\n|switch|p1a: rotomwash|Rotom-Wash|93\/100\n|-damage|p1a: rotomwash|80\/100|[from] Stealth Rock\n|cant|p2a: Heatran|slp\n|\n|-heal|p1a: rotomwash|86\/100|[from] item: Leftovers\n|upkeep\n|turn|22\n|\n|t:|1662774718\n|move|p1a: rotomwash|Thunderbolt|p2a: Heatran\n|-damage|p2a: Heatran|40\/100 slp\n|-curestatus|p2a: Heatran|slp|[msg]\n|move|p2a: Heatran|Magma Storm|p1a: rotomwash\n|-resisted|p1a: rotomwash\n|-damage|p1a: rotomwash|64\/100\n|-activate|p1a: rotomwash|move: Magma Storm|[of] p2a: Heatran\n|\n|-heal|p1a: rotomwash|71\/100|[from] item: Leftovers\n|-damage|p1a: rotomwash|58\/100|[from] move: Magma Storm|[partiallytrapped]\n|upkeep\n|turn|23\n|\n|t:|1662774726\n|switch|p2a: Dragapult|Dragapult, F|76\/100\n|move|p1a: rotomwash|Thunderbolt|p2a: Dragapult\n|-resisted|p2a: Dragapult\n|-damage|p2a: Dragapult|54\/100\n|\n|-heal|p1a: rotomwash|64\/100|[from] item: Leftovers\n|-end|p1a: rotomwash|Magma Storm|[partiallytrapped]|[silent]\n|upkeep\n|turn|24\n|\n|t:|1662774729\n|move|p2a: Dragapult|Hex|p1a: rotomwash\n|-damage|p1a: rotomwash|37\/100\n|move|p1a: rotomwash|Thunderbolt|p2a: Dragapult\n|-resisted|p2a: Dragapult\n|-damage|p2a: Dragapult|30\/100\n|\n|-heal|p1a: rotomwash|43\/100|[from] item: Leftovers\n|upkeep\n|turn|25\n|\n|t:|1662774731\n|switch|p1a: Melmetal|Melmetal|76\/100 brn\n|-damage|p1a: Melmetal|70\/100 brn|[from] Stealth Rock\n|move|p2a: Dragapult|Draco Meteor|p1a: Melmetal\n|-resisted|p1a: Melmetal\n|-crit|p1a: Melmetal\n|-damage|p1a: Melmetal|49\/100 brn\n|-unboost|p2a: Dragapult|spa|2\n|\n|-damage|p1a: Melmetal|42\/100 brn|[from] brn\n|upkeep\n|turn|26\n|\n|t:|1662774737\n|switch|p2a: Landorus|Landorus-Therian, M|78\/100\n|-damage|p2a: Landorus|65\/100|[from] Stealth Rock\n|-ability|p2a: Landorus|Intimidate|boost\n|-unboost|p1a: Melmetal|atk|1\n|move|p1a: Melmetal|Ice Punch|p2a: Landorus\n|-supereffective|p2a: Landorus\n|-damage|p2a: Landorus|25\/100\n|\n|-heal|p2a: Landorus|31\/100|[from] item: Leftovers\n|-damage|p1a: Melmetal|36\/100 brn|[from] brn\n|upkeep\n|turn|27\n|\n|t:|1662774739\n|move|p2a: Landorus|U-turn|p1a: Melmetal\n|-resisted|p1a: Melmetal\n|-damage|p1a: Melmetal|30\/100 brn\n|\n|t:|1662774742\n|switch|p2a: Ferrothorn|Ferrothorn, F|55\/100|[from]move: U-turn\n|-damage|p2a: Ferrothorn|49\/100|[from] Stealth Rock\n|move|p1a: Melmetal|Ice Punch|p2a: Ferrothorn\n|-damage|p2a: Ferrothorn|43\/100\n|-damage|p1a: Melmetal|18\/100 brn|[from] ability: Iron Barbs|[of] p2a: Ferrothorn\n|\n|-heal|p2a: Ferrothorn|49\/100|[from] item: Leftovers\n|-damage|p1a: Melmetal|12\/100 brn|[from] brn\n|upkeep\n|turn|28\n|\n|t:|1662774744\n|move|p1a: Melmetal|Double Iron Bash|p2a: Ferrothorn\n|-resisted|p2a: Ferrothorn\n|-damage|p2a: Ferrothorn|46\/100\n|-damage|p1a: Melmetal|0 fnt|[from] ability: Iron Barbs|[of] p2a: Ferrothorn\n|faint|p1a: Melmetal\n|-hitcount|p2a: Ferrothorn|1\n|move|p2a: Ferrothorn|Leech Seed|p1: Melmetal|[notarget]\n|-fail|p2a: Ferrothorn\n|\n|-heal|p2a: Ferrothorn|52\/100|[from] item: Leftovers\n|upkeep\n|\n|t:|1662774744\n|switch|p1a: Weavile|Weavile, F|100\/100\n|-damage|p1a: Weavile|76\/100|[from] Stealth Rock\n|-ability|p1a: Weavile|Pressure\n|turn|29\n|\n|t:|1662774747\n|move|p1a: Weavile|Triple Axel|p2a: Ferrothorn\n|-damage|p2a: Ferrothorn|43\/100\n|-damage|p1a: Weavile|63\/100|[from] ability: Iron Barbs|[of] p2a: Ferrothorn\n|-crit|p2a: Ferrothorn\n|-damage|p2a: Ferrothorn|18\/100\n|-damage|p1a: Weavile|51\/100|[from] ability: Iron Barbs|[of] p2a: Ferrothorn\n|-damage|p2a: Ferrothorn|0 fnt\n|-damage|p1a: Weavile|38\/100|[from] ability: Iron Barbs|[of] p2a: Ferrothorn\n|faint|p2a: Ferrothorn\n|-hitcount|p2: Ferrothorn|3\n|\n|upkeep\n|\n|t:|1662774751\n|switch|p2a: Tapu Lele|Tapu Lele|100\/100\n|-damage|p2a: Tapu Lele|88\/100|[from] Stealth Rock\n|-fieldstart|move: Psychic Terrain|[from] ability: Psychic Surge|[of] p2a: Tapu Lele\n|turn|30\n|\n|t:|1662774753\n|move|p2a: Tapu Lele|Focus Blast|p1a: Weavile\n|-supereffective|p1a: Weavile\n|-damage|p1a: Weavile|0 fnt\n|faint|p1a: Weavile\n|\n|upkeep\n|\n|t:|1662774753\n|switch|p1a: landorustherian|Landorus-Therian, M|67\/100\n|-damage|p1a: landorustherian|55\/100|[from] Stealth Rock\n|-ability|p1a: landorustherian|Intimidate|boost\n|-unboost|p2a: Tapu Lele|atk|1\n|turn|31\n|\n|t:|1662774757\n|switch|p2a: Landorus|Landorus-Therian, M|31\/100\n|-damage|p2a: Landorus|18\/100|[from] Stealth Rock\n|-ability|p2a: Landorus|Intimidate|boost\n|-unboost|p1a: landorustherian|atk|1\n|move|p1a: landorustherian|Toxic|p2a: Landorus\n|-status|p2a: Landorus|tox\n|\n|-heal|p2a: Landorus|24\/100 tox|[from] item: Leftovers\n|-damage|p2a: Landorus|18\/100 tox|[from] psn\n|upkeep\n|turn|32\n|\n|t:|1662774760\n|move|p1a: landorustherian|Earthquake|p2a: Landorus\n|-immune|p2a: Landorus\n|move|p2a: Landorus|U-turn|p1a: landorustherian\n|-resisted|p1a: landorustherian\n|-damage|p1a: landorustherian|44\/100\n|\n|t:|1662774765\n|switch|p2a: Tornadus|Tornadus-Therian, M|59\/100|[from]move: U-turn\n|\n|upkeep\n|turn|33\n|\n|t:|1662774767\n|move|p2a: Tornadus|U-turn|p1a: landorustherian\n|-resisted|p1a: landorustherian\n|-damage|p1a: landorustherian|38\/100\n|\n|t:|1662774770\n|switch|p2a: Landorus|Landorus-Therian, M|18\/100 tox|[from]move: U-turn\n|-damage|p2a: Landorus|6\/100 tox|[from] Stealth Rock\n|-ability|p2a: Landorus|Intimidate|boost\n|-unboost|p1a: landorustherian|atk|1\n|move|p1a: landorustherian|U-turn|p2a: Landorus\n|-resisted|p2a: Landorus\n|-damage|p2a: Landorus|1\/100 tox\n|\n|t:|1662774770\n|switch|p1a: rotomwash|Rotom-Wash|43\/100|[from]move: U-turn\n|-damage|p1a: rotomwash|30\/100|[from] Stealth Rock\n|\n|-heal|p1a: rotomwash|37\/100|[from] item: Leftovers\n|-heal|p2a: Landorus|7\/100 tox|[from] item: Leftovers\n|-damage|p2a: Landorus|1\/100 tox|[from] psn\n|upkeep\n|turn|34\n|\n|t:|1662774773\n|move|p1a: rotomwash|Hydro Pump|p2a: Landorus\n|-supereffective|p2a: Landorus\n|-damage|p2a: Landorus|0 fnt\n|faint|p2a: Landorus\n|\n|-heal|p1a: rotomwash|43\/100|[from] item: Leftovers\n|-fieldend|move: Psychic Terrain\n|upkeep\n|\n|t:|1662774776\n|switch|p2a: Tapu Lele|Tapu Lele|88\/100\n|-damage|p2a: Tapu Lele|76\/100|[from] Stealth Rock\n|-fieldstart|move: Psychic Terrain|[from] ability: Psychic Surge|[of] p2a: Tapu Lele\n|turn|35\n|\n|t:|1662774780\n|switch|p1a: landorustherian|Landorus-Therian, M|38\/100\n|-damage|p1a: landorustherian|25\/100|[from] Stealth Rock\n|-ability|p1a: landorustherian|Intimidate|boost\n|-unboost|p2a: Tapu Lele|atk|1\n|move|p2a: Tapu Lele|Psychic|p1a: landorustherian\n|-damage|p1a: landorustherian|0 fnt\n|faint|p1a: landorustherian\n|\n|upkeep\n|\n|t:|1662774781\n|switch|p1a: Heatran|Heatran, M|87\/100\n|-damage|p1a: Heatran|75\/100|[from] Stealth Rock\n|turn|36\n|\n|t:|1662774786\n|switch|p2a: Heatran|Heatran, F|40\/100\n|-damage|p2a: Heatran|27\/100|[from] Stealth Rock\n|move|p1a: Heatran|Magma Storm|p2a: Heatran\n|-start|p2a: Heatran|ability: Flash Fire\n|\n|upkeep\n|turn|37\n|\n|t:|1662774790\n|move|p1a: Heatran|Earth Power|p2a: Heatran\n|-supereffective|p2a: Heatran\n|-damage|p2a: Heatran|0 fnt\n|faint|p2a: Heatran\n|\n|upkeep\n|\n|t:|1662774793\n|switch|p2a: Dragapult|Dragapult, F|30\/100\n|turn|38\n|\n|t:|1662774795\n|move|p2a: Dragapult|Thunder Wave|p1a: Heatran\n|-status|p1a: Heatran|par\n|move|p1a: Heatran|Eruption|p2a: Dragapult\n|-resisted|p2a: Dragapult\n|-damage|p2a: Dragapult|0 fnt\n|faint|p2a: Dragapult\n|\n|upkeep\n|\n|t:|1662774800\n|switch|p2a: Tornadus|Tornadus-Therian, M|92\/100\n|turn|39\n|\n|t:|1662774803\n|move|p2a: Tornadus|Hurricane|p1a: Heatran\n|-resisted|p1a: Heatran\n|-damage|p1a: Heatran|55\/100 par\n|-start|p1a: Heatran|confusion\n|-activate|p1a: Heatran|confusion\n|move|p1a: Heatran|Eruption|p2a: Tornadus\n|-damage|p2a: Tornadus|49\/100\n|\n|-fieldend|move: Psychic Terrain\n|upkeep\n|turn|40\n|\n|t:|1662774807\n|move|p2a: Tornadus|Hurricane|p1a: Heatran\n|-resisted|p1a: Heatran\n|-damage|p1a: Heatran|32\/100 par\n|-end|p1a: Heatran|confusion\n|move|p1a: Heatran|Eruption|p2a: Tornadus\n|-damage|p2a: Tornadus|24\/100\n|\n|upkeep\n|turn|41\n|\n|t:|1662774809\n|move|p2a: Tornadus|Hurricane|p1a: Heatran\n|-resisted|p1a: Heatran\n|-damage|p1a: Heatran|13\/100 par\n|-start|p1a: Heatran|confusion\n|-activate|p1a: Heatran|confusion\n|-damage|p1a: Heatran|5\/100 par|[from] confusion\n|\n|upkeep\n|turn|42\n|\n|t:|1662774814\n|move|p2a: Tornadus|Knock Off|p1a: Heatran\n|-damage|p1a: Heatran|0 fnt\n|faint|p1a: Heatran\n|\n|upkeep\n|\n|t:|1662774814\n|switch|p1a: rotomwash|Rotom-Wash|43\/100\n|-damage|p1a: rotomwash|30\/100|[from] Stealth Rock\n|turn|43\n|\n|t:|1662774820\n|move|p2a: Tornadus|Knock Off|p1a: rotomwash\n|-damage|p1a: rotomwash|8\/100\n|-enditem|p1a: rotomwash|Leftovers|[from] move: Knock Off|[of] p2a: Tornadus\n|move|p1a: rotomwash|Thunderbolt|p2a: Tornadus\n|-supereffective|p2a: Tornadus\n|-damage|p2a: Tornadus|0 fnt\n|faint|p2a: Tornadus\n|\n|upkeep\n|\n|t:|1662774823\n|switch|p2a: Tapu Lele|Tapu Lele|76\/100\n|-damage|p2a: Tapu Lele|63\/100|[from] Stealth Rock\n|-fieldstart|move: Psychic Terrain|[from] ability: Psychic Surge|[of] p2a: Tapu Lele\n|turn|44\n|\n|t:|1662774826\n|move|p2a: Tapu Lele|Psyshock|p1a: rotomwash\n|-damage|p1a: rotomwash|0 fnt\n|faint|p1a: rotomwash\n|\n|upkeep\n|\n|t:|1662774826\n|switch|p1a: Tangrowth|Tangrowth, F|100\/100\n|-damage|p1a: Tangrowth|88\/100|[from] Stealth Rock\n|turn|45\n|\n|t:|1662774828\n|move|p2a: Tapu Lele|Psyshock|p1a: Tangrowth\n|-damage|p1a: Tangrowth|60\/100\n|move|p1a: Tangrowth|Knock Off|p2a: Tapu Lele\n|-damage|p2a: Tapu Lele|29\/100\n|-enditem|p2a: Tapu Lele|Choice Scarf|[from] move: Knock Off|[of] p1a: Tangrowth\n|\n|upkeep\n|turn|46\n|\n|t:|1662774830\n|move|p2a: Tapu Lele|Psyshock|p1a: Tangrowth\n|-crit|p1a: Tangrowth\n|-damage|p1a: Tangrowth|21\/100\n|move|p1a: Tangrowth|Giga Drain|p2a: Tapu Lele\n|-damage|p2a: Tapu Lele|0 fnt\n|-heal|p1a: Tangrowth|31\/100|[from] drain|[of] p2a: Tapu Lele\n|faint|p2a: Tapu Lele\n|\n|win|minimax_ai\n|raw|minimax_ai's rating: 1478 &rarr; <strong>1496<\/strong><br \/>(+18 for winning)\n|raw|dracaufeu shiny's rating: 1438 &rarr; <strong>1420<\/strong><br \/>(-18 for losing)\n|c|\u2606minimax_ai|gg\n","uploadtime":1662774832,"views":18,"p1id":"minimaxai","p2id":"dracaufeushiny","formatid":"gen8ou","rating":1420,"private":0,"password":null}