{"id":"gen8ou-1590724289","p1":"Scoots Mgee","p2":"P3RF3C7 D4RK 144","format":"gen8ou","log":"|j|\u2606Scoots Mgee\n|j|\u2606P3RF3C7 D4RK 144\n|t:|1654556554\n|gametype|singles\n|player|p1|Scoots Mgee|acetrainerf|1410\n|player|p2|P3RF3C7 D4RK 144|marley|1386\n|teamsize|p1|6\n|teamsize|p2|6\n|gen|8\n|tier|[Gen 8] OU\n|rated|\n|rule|Sleep Clause Mod: Limit one foe put to sleep\n|rule|Species Clause: Limit one of each Pok\u00e9mon\n|rule|OHKO Clause: OHKO moves are banned\n|rule|Evasion Moves Clause: Evasion moves are banned\n|rule|Endless Battle Clause: Forcing endless battles is banned\n|rule|HP Percentage Mod: HP is shown in percentages\n|rule|Dynamax Clause: You cannot dynamax\n|clearpoke\n|poke|p1|Torkoal, M|\n|poke|p1|Venusaur, F|\n|poke|p1|Heatran, M|\n|poke|p1|Blissey, F|\n|poke|p1|Landorus-Therian, M|\n|poke|p1|Victini|\n|poke|p2|Scizor, M|\n|poke|p2|Tapu Fini|\n|poke|p2|Dragapult, M|\n|poke|p2|Victini|\n|poke|p2|Landorus-Therian, M|\n|poke|p2|Urshifu-*, M|\n|teampreview\n|\n|t:|1654556562\n|start\n|switch|p1a: Landorus|Landorus-Therian, M|100\/100\n|switch|p2a: Landorus|Landorus-Therian, M, shiny|100\/100\n|-ability|p2a: Landorus|Intimidate|boost\n|-unboost|p1a: Landorus|atk|1\n|-ability|p1a: Landorus|Intimidate|boost\n|-unboost|p2a: Landorus|atk|1\n|turn|1\n|inactive|Battle timer is ON: inactive players will automatically lose when time's up. (requested by Scoots Mgee)\n|\n|t:|1654556574\n|move|p2a: Landorus|Swords Dance|p2a: Landorus\n|-boost|p2a: Landorus|atk|2\n|move|p1a: Landorus|Knock Off|p2a: Landorus\n|-damage|p2a: Landorus|74\/100\n|-enditem|p2a: Landorus|Leftovers|[from] move: Knock Off|[of] p1a: Landorus\n|\n|upkeep\n|turn|2\n|\n|t:|1654556582\n|move|p2a: Landorus|Stone Edge|p1a: Landorus\n|-damage|p1a: Landorus|53\/100\n|move|p1a: Landorus|U-turn|p2a: Landorus\n|-resisted|p2a: Landorus\n|-damage|p2a: Landorus|64\/100\n|\n|t:|1654556584\n|switch|p1a: Victini|Victini|100\/100|[from]move: U-turn\n|\n|upkeep\n|turn|3\n|\n|t:|1654556593\n|switch|p2a: Victini|Victini|100\/100\n|move|p1a: Victini|V-create|p2a: Victini\n|-resisted|p2a: Victini\n|-damage|p2a: Victini|64\/100\n|-unboost|p1a: Victini|spe|1\n|-unboost|p1a: Victini|def|1\n|-unboost|p1a: Victini|spd|1\n|\n|upkeep\n|turn|4\n|\n|t:|1654556602\n|switch|p1a: Torkoal|Torkoal, M|100\/100\n|-weather|SunnyDay|[from] ability: Drought|[of] p1a: Torkoal\n|move|p2a: Victini|U-turn|p1a: Torkoal\n|-resisted|p1a: Torkoal\n|-damage|p1a: Torkoal|91\/100\n|\n|t:|1654556611\n|switch|p2a: Landorus|Landorus-Therian, M, shiny|64\/100|[from]move: U-turn\n|-ability|p2a: Landorus|Intimidate|boost\n|-unboost|p1a: Torkoal|atk|1\n|\n|-weather|SunnyDay|[upkeep]\n|upkeep\n|turn|5\n|\n|t:|1654556618\n|switch|p1a: Landorus|Landorus-Therian, M|53\/100\n|-ability|p1a: Landorus|Intimidate|boost\n|-unboost|p2a: Landorus|atk|1\n|move|p2a: Landorus|Earthquake|p1a: Landorus\n|-immune|p1a: Landorus\n|\n|-weather|SunnyDay|[upkeep]\n|-heal|p1a: Landorus|59\/100|[from] item: Leftovers\n|upkeep\n|turn|6\n|\n|t:|1654556634\n|move|p2a: Landorus|Stealth Rock|p1a: Landorus\n|-sidestart|p1: Scoots Mgee|move: Stealth Rock\n|move|p1a: Landorus|U-turn|p2a: Landorus\n|-resisted|p2a: Landorus\n|-crit|p2a: Landorus\n|-damage|p2a: Landorus|41\/100\n|\n|t:|1654556637\n|switch|p1a: Victini|Victini|100\/100|[from]move: U-turn\n|-damage|p1a: Victini|76\/100|[from] Stealth Rock\n|\n|-weather|SunnyDay|[upkeep]\n|upkeep\n|turn|7\n|\n|t:|1654556660\n|switch|p2a: Tapu Fini|Tapu Fini, shiny|100\/100\n|-fieldstart|move: Misty Terrain|[from] ability: Misty Surge|[of] p2a: Tapu Fini\n|move|p1a: Victini|V-create|p2a: Tapu Fini\n|-resisted|p2a: Tapu Fini\n|-damage|p2a: Tapu Fini|41\/100\n|-unboost|p1a: Victini|spe|1\n|-unboost|p1a: Victini|def|1\n|-unboost|p1a: Victini|spd|1\n|\n|-weather|SunnyDay|[upkeep]\n|upkeep\n|turn|8\n|\n|t:|1654556680\n|move|p2a: Tapu Fini|Hydro Pump|p1a: Victini\n|-supereffective|p1a: Victini\n|-damage|p1a: Victini|7\/100\n|move|p1a: Victini|V-create|p2a: Tapu Fini\n|-resisted|p2a: Tapu Fini\n|-damage|p2a: Tapu Fini|0 fnt\n|-unboost|p1a: Victini|spe|1\n|-unboost|p1a: Victini|def|1\n|-unboost|p1a: Victini|spd|1\n|faint|p2a: Tapu Fini\n|\n|-weather|SunnyDay|[upkeep]\n|upkeep\n|inactive|P3RF3C7 D4RK 144 has 120 seconds left.\n|\n|t:|1654556698\n|switch|p2a: Victini|Victini|64\/100\n|turn|9\n|\n|t:|1654556702\n|switch|p1a: Landorus|Landorus-Therian, M|59\/100\n|-damage|p1a: Landorus|47\/100|[from] Stealth Rock\n|-ability|p1a: Landorus|Intimidate|boost\n|-unboost|p2a: Victini|atk|1\n|move|p2a: Victini|U-turn|p1a: Landorus\n|-resisted|p1a: Landorus\n|-damage|p1a: Landorus|37\/100\n|inactive|P3RF3C7 D4RK 144 has 120 seconds left.\n|\n|t:|1654556713\n|switch|p2a: Urshifu|Urshifu-Rapid-Strike, M|100\/100|[from]move: U-turn\n|\n|-weather|SunnyDay|[upkeep]\n|-heal|p1a: Landorus|43\/100|[from] item: Leftovers\n|upkeep\n|turn|10\n|inactive|P3RF3C7 D4RK 144 has 120 seconds left.\n|\n|t:|1654556723\n|move|p2a: Urshifu|Surging Strikes|p1a: Landorus\n|-supereffective|p1a: Landorus\n|-crit|p1a: Landorus\n|-damage|p1a: Landorus|18\/100\n|-supereffective|p1a: Landorus\n|-crit|p1a: Landorus\n|-damage|p1a: Landorus|0 fnt\n|faint|p1a: Landorus\n|-hitcount|p1: Landorus|2\n|\n|-weather|SunnyDay|[upkeep]\n|upkeep\n|\n|t:|1654556728\n|switch|p1a: Venusaur|Venusaur, F|100\/100\n|-damage|p1a: Venusaur|88\/100|[from] Stealth Rock\n|turn|11\n|inactive|P3RF3C7 D4RK 144 has 120 seconds left.\n|\n|t:|1654556760\n|switch|p2a: Scizor|Scizor, M, shiny|100\/100\n|move|p1a: Venusaur|Sludge Bomb|p2a: Scizor\n|-immune|p2a: Scizor\n|\n|-weather|none\n|-fieldend|Misty Terrain\n|upkeep\n|turn|12\n|\n|t:|1654556768\n|switch|p1a: Torkoal|Torkoal, M|91\/100\n|-damage|p1a: Torkoal|67\/100|[from] Stealth Rock\n|-weather|SunnyDay|[from] ability: Drought|[of] p1a: Torkoal\n|move|p2a: Scizor|U-turn|p1a: Torkoal\n|-resisted|p1a: Torkoal\n|-damage|p1a: Torkoal|59\/100\n|\n|t:|1654556777\n|switch|p2a: Landorus|Landorus-Therian, M, shiny|41\/100|[from]move: U-turn\n|-ability|p2a: Landorus|Intimidate|boost\n|-unboost|p1a: Torkoal|atk|1\n|\n|-weather|SunnyDay|[upkeep]\n|upkeep\n|turn|13\n|\n|t:|1654556785\n|move|p2a: Landorus|Earthquake|p1a: Torkoal\n|-supereffective|p1a: Torkoal\n|-damage|p1a: Torkoal|0 fnt\n|faint|p1a: Torkoal\n|\n|-weather|SunnyDay|[upkeep]\n|upkeep\n|\n|t:|1654556789\n|switch|p1a: Heatran|Heatran, M|100\/100\n|-damage|p1a: Heatran|88\/100|[from] Stealth Rock\n|turn|14\n|-message|Scoots Mgee forfeited.\n|\n|win|P3RF3C7 D4RK 144\n|raw|Scoots Mgee's rating: 1410 &rarr; <strong>1389<\/strong><br \/>(-21 for losing)\n|raw|P3RF3C7 D4RK 144's rating: 1386 &rarr; <strong>1407<\/strong><br \/>(+21 for winning)\n|l|\u2606Scoots Mgee\n","uploadtime":1654556799,"views":6,"p1id":"scootsmgee","p2id":"p3rf3c7d4rk144","formatid":"gen8ou","rating":1389,"private":0,"password":null}