{"id":"gen8ou-1234328061","p1":"to manhandle","p2":"Vodyne","format":"gen8ou","log":"|j|\u203dto manhandle\n|j|\u203dVodyne\n|t:|1606751753\n|player|p1|to manhandle|preschoolers|\n|player|p2|Vodyne|dawn|\n|teamsize|p1|6\n|teamsize|p2|6\n|gametype|singles\n|gen|8\n|tier|[Gen 8] OU\n|rated|Tournament battle\n|clearpoke\n|poke|p1|Pelipper, F|\n|poke|p1|Heliolisk, F|\n|poke|p1|Ferrothorn, M|\n|poke|p1|Clefable, F|\n|poke|p1|Urshifu-*, M|\n|poke|p1|Moltres|\n|poke|p2|Snorlax, M|\n|poke|p2|Urshifu-*, M|\n|poke|p2|Victini|\n|poke|p2|Runerigus, F|\n|poke|p2|Zapdos|\n|poke|p2|Suicune|\n|rule|Sleep Clause Mod: Limit one foe put to sleep\n|rule|Species Clause: Limit one of each Pok\u00e9mon\n|rule|OHKO Clause: OHKO moves are banned\n|rule|Evasion Moves Clause: Evasion moves are banned\n|rule|Endless Battle Clause: Forcing endless battles is banned\n|rule|HP Percentage Mod: HP is shown in percentages\n|rule|Dynamax Clause: You cannot dynamax\n|teampreview\n|inactive|Battle timer is ON: inactive players will automatically lose when time's up. (requested by Vodyne)\n|\n|t:|1606751776\n|start\n|switch|p1a: Clefable|Clefable, F|100\/100\n|switch|p2a: Zapdos|Zapdos|100\/100\n|turn|1\n|\n|t:|1606751785\n|move|p1a: Clefable|Trick|p2a: Zapdos\n|-activate|p1a: Clefable|move: Trick|[of] p2a: Zapdos\n|-item|p2a: Zapdos|Choice Scarf|[from] move: Trick\n|-item|p1a: Clefable|Heavy-Duty Boots|[from] move: Trick\n|move|p2a: Zapdos|Thunderbolt|p1a: Clefable\n|-damage|p1a: Clefable|53\/100\n|\n|upkeep\n|turn|2\n|\n|t:|1606751793\n|switch|p1a: Ferrothorn|Ferrothorn, M|100\/100\n|move|p2a: Zapdos|Thunderbolt|p1a: Ferrothorn\n|-resisted|p1a: Ferrothorn\n|-damage|p1a: Ferrothorn|84\/100\n|\n|-heal|p1a: Ferrothorn|91\/100|[from] item: Leftovers\n|upkeep\n|turn|3\n|\n|t:|1606751797\n|switch|p2a: Victini|Victini|100\/100\n|move|p1a: Ferrothorn|Stealth Rock|p2a: Victini\n|-sidestart|p2: Vodyne|move: Stealth Rock\n|\n|-heal|p1a: Ferrothorn|97\/100|[from] item: Leftovers\n|upkeep\n|turn|4\n|\n|t:|1606751802\n|switch|p1a: Clefable|Clefable, F|53\/100\n|move|p2a: Victini|Bolt Strike|p1a: Clefable\n|-damage|p1a: Clefable|11\/100\n|\n|upkeep\n|turn|5\n|\n|t:|1606751808\n|move|p2a: Victini|Future Sight|p1a: Clefable\n|-start|p2a: Victini|move: Future Sight\n|move|p1a: Clefable|Soft-Boiled|p1a: Clefable\n|-heal|p1a: Clefable|61\/100\n|\n|upkeep\n|turn|6\n|\n|t:|1606751814\n|switch|p1a: Pelipper|Pelipper, F|100\/100\n|-weather|RainDance|[from] ability: Drizzle|[of] p1a: Pelipper\n|move|p2a: Victini|V-create|p1a: Pelipper\n|-resisted|p1a: Pelipper\n|-damage|p1a: Pelipper|77\/100\n|-unboost|p2a: Victini|spe|1\n|-unboost|p2a: Victini|def|1\n|-unboost|p2a: Victini|spd|1\n|\n|-weather|RainDance|[upkeep]\n|upkeep\n|turn|7\n|\n|t:|1606751832\n|switch|p1a: Heliolisk|Heliolisk, F|100\/100\n|move|p2a: Victini|Bolt Strike|p1a: Heliolisk\n|-resisted|p1a: Heliolisk\n|-damage|p1a: Heliolisk|57\/100\n|\n|-weather|RainDance|[upkeep]\n|-heal|p1a: Heliolisk|69\/100|[from] ability: Dry Skin\n|-end|p1a: Heliolisk|move: Future Sight\n|-damage|p1a: Heliolisk|12\/100\n|upkeep\n|turn|8\n|\n|t:|1606751841\n|switch|p2a: Snorlax|Snorlax, M|100\/100\n|-damage|p2a: Snorlax|88\/100|[from] Stealth Rock\n|move|p1a: Heliolisk|Weather Ball|p2a: Snorlax\n|-damage|p2a: Snorlax|66\/100\n|\n|-weather|RainDance|[upkeep]\n|-heal|p1a: Heliolisk|25\/100|[from] ability: Dry Skin\n|-heal|p2a: Snorlax|72\/100|[from] item: Leftovers\n|upkeep\n|turn|9\n|\n|t:|1606751848\n|switch|p1a: Urshifu|Urshifu-Rapid-Strike, M|100\/100\n|move|p2a: Snorlax|Body Slam|p1a: Urshifu\n|-damage|p1a: Urshifu|69\/100\n|\n|-weather|RainDance|[upkeep]\n|-heal|p2a: Snorlax|78\/100|[from] item: Leftovers\n|upkeep\n|turn|10\n|\n|t:|1606751853\n|switch|p2a: Suicune|Suicune|100\/100\n|-damage|p2a: Suicune|88\/100|[from] Stealth Rock\n|-ability|p2a: Suicune|Pressure\n|move|p1a: Urshifu|U-turn|p2a: Suicune\n|-damage|p2a: Suicune|67\/100\n|j| PedroPicaMierda\n|l| PedroPicaMierda\n|\n|t:|1606751867\n|switch|p1a: Heliolisk|Heliolisk, F|25\/100|[from]move: U-turn\n|\n|-weather|none\n|-heal|p2a: Suicune|73\/100|[from] item: Leftovers\n|upkeep\n|turn|11\n|\n|t:|1606751874\n|switch|p2a: Runerigus|Runerigus, F|100\/100\n|-damage|p2a: Runerigus|94\/100|[from] Stealth Rock\n|move|p1a: Heliolisk|Glare|p2a: Runerigus\n|-status|p2a: Runerigus|par\n|\n|upkeep\n|turn|12\n|j| HappyRed76\n|\n|t:|1606751880\n|switch|p1a: Pelipper|Pelipper, F|77\/100\n|-weather|RainDance|[from] ability: Drizzle|[of] p1a: Pelipper\n|cant|p2a: Runerigus|par\n|\n|-weather|RainDance|[upkeep]\n|upkeep\n|turn|13\n|\n|t:|1606751888\n|move|p1a: Pelipper|Hurricane|p2a: Runerigus\n|-damage|p2a: Runerigus|12\/100 par\n|move|p2a: Runerigus|Trick|p1a: Pelipper\n|-activate|p2a: Runerigus|move: Trick|[of] p1a: Pelipper\n|-item|p1a: Pelipper|Lagging Tail|[from] move: Trick\n|-item|p2a: Runerigus|Choice Specs|[from] move: Trick\n|\n|-weather|RainDance|[upkeep]\n|upkeep\n|turn|14\n|\n|t:|1606751894\n|move|p2a: Runerigus|Stealth Rock|p1a: Pelipper\n|-sidestart|p1: to manhandle|move: Stealth Rock\n|move|p1a: Pelipper|Hurricane|p2a: Runerigus\n|-damage|p2a: Runerigus|0 fnt\n|faint|p2a: Runerigus\n|\n|-weather|RainDance|[upkeep]\n|upkeep\n|\n|t:|1606751904\n|switch|p2a: Victini|Victini|100\/100\n|-damage|p2a: Victini|76\/100|[from] Stealth Rock\n|turn|15\n|\n|t:|1606751911\n|move|p2a: Victini|Bolt Strike|p1a: Pelipper\n|-supereffective|p1a: Pelipper\n|-damage|p1a: Pelipper|0 fnt\n|faint|p1a: Pelipper\n|\n|-weather|RainDance|[upkeep]\n|upkeep\n|\n|t:|1606751914\n|switch|p1a: Urshifu|Urshifu-Rapid-Strike, M|69\/100\n|-damage|p1a: Urshifu|63\/100|[from] Stealth Rock\n|turn|16\n|\n|t:|1606751938\n|switch|p2a: Suicune|Suicune|73\/100\n|-damage|p2a: Suicune|61\/100|[from] Stealth Rock\n|-ability|p2a: Suicune|Pressure\n|move|p1a: Urshifu|Surging Strikes|p2a: Suicune\n|-resisted|p2a: Suicune\n|-crit|p2a: Suicune\n|-damage|p2a: Suicune|48\/100\n|-resisted|p2a: Suicune\n|-crit|p2a: Suicune\n|-damage|p2a: Suicune|33\/100\n|-resisted|p2a: Suicune\n|-crit|p2a: Suicune\n|-damage|p2a: Suicune|19\/100\n|-hitcount|p2a: Suicune|3\n|\n|-weather|none\n|-heal|p2a: Suicune|25\/100|[from] item: Leftovers\n|upkeep\n|turn|17\n|\n|t:|1606751966\n|move|p1a: Urshifu|Surging Strikes|p2a: Suicune\n|-resisted|p2a: Suicune\n|-crit|p2a: Suicune\n|-damage|p2a: Suicune|16\/100\n|-resisted|p2a: Suicune\n|-crit|p2a: Suicune\n|-damage|p2a: Suicune|8\/100\n|-resisted|p2a: Suicune\n|-crit|p2a: Suicune\n|-damage|p2a: Suicune|0 fnt\n|-hitcount|p2a: Suicune|3\n|faint|p2a: Suicune\n|\n|upkeep\n|\n|t:|1606751978\n|switch|p2a: Zapdos|Zapdos|100\/100\n|-damage|p2a: Zapdos|76\/100|[from] Stealth Rock\n|turn|18\n|\n|t:|1606751991\n|switch|p1a: Ferrothorn|Ferrothorn, M|97\/100\n|-damage|p1a: Ferrothorn|91\/100|[from] Stealth Rock\n|move|p2a: Zapdos|Defog|p1a: Ferrothorn\n|-unboost|p1a: Ferrothorn|evasion|1\n|-sideend|p1: to manhandle|Stealth Rock|[from] move: Defog|[of] p2a: Zapdos\n|-sideend|p2: Vodyne|Stealth Rock|[from] move: Defog|[of] p2a: Zapdos\n|\n|-heal|p1a: Ferrothorn|97\/100|[from] item: Leftovers\n|upkeep\n|turn|19\n|\n|t:|1606751994\n|switch|p2a: Victini|Victini|76\/100\n|move|p1a: Ferrothorn|Leech Seed|p2a: Victini\n|-start|p2a: Victini|move: Leech Seed\n|\n|-heal|p1a: Ferrothorn|100\/100|[from] item: Leftovers\n|-damage|p2a: Victini|63\/100|[from] Leech Seed|[of] p1a: Ferrothorn\n|upkeep\n|turn|20\n|\n|t:|1606751999\n|switch|p2a: Zapdos|Zapdos|76\/100\n|switch|p1a: Moltres|Moltres|100\/100\n|\n|upkeep\n|turn|21\n|\n|t:|1606752007\n|switch|p1a: Ferrothorn|Ferrothorn, M|100\/100\n|move|p2a: Zapdos|Thunderbolt|p1a: Ferrothorn\n|-resisted|p1a: Ferrothorn\n|-damage|p1a: Ferrothorn|84\/100\n|\n|-heal|p1a: Ferrothorn|91\/100|[from] item: Leftovers\n|upkeep\n|turn|22\n|\n|t:|1606752016\n|move|p2a: Zapdos|Thunderbolt|p1a: Ferrothorn\n|-resisted|p1a: Ferrothorn\n|-damage|p1a: Ferrothorn|74\/100\n|move|p1a: Ferrothorn|Leech Seed|p2a: Zapdos|[miss]\n|-miss|p1a: Ferrothorn|p2a: Zapdos\n|\n|-heal|p1a: Ferrothorn|80\/100|[from] item: Leftovers\n|upkeep\n|turn|23\n|\n|t:|1606752021\n|switch|p2a: Urshifu|Urshifu, M|100\/100\n|move|p1a: Ferrothorn|Leech Seed|p2a: Urshifu|[miss]\n|-miss|p1a: Ferrothorn|p2a: Urshifu\n|\n|-heal|p1a: Ferrothorn|87\/100|[from] item: Leftovers\n|upkeep\n|turn|24\n|\n|t:|1606752026\n|switch|p1a: Heliolisk|Heliolisk, F|25\/100\n|move|p2a: Urshifu|Substitute|p2a: Urshifu\n|-start|p2a: Urshifu|Substitute\n|-damage|p2a: Urshifu|76\/100\n|\n|-heal|p2a: Urshifu|82\/100|[from] item: Leftovers\n|upkeep\n|turn|25\n|\n|t:|1606752029\n|move|p1a: Heliolisk|Volt Switch|p2a: Urshifu\n|-end|p2a: Urshifu|Substitute\n|\n|t:|1606752032\n|switch|p1a: Clefable|Clefable, F|61\/100|[from]move: Volt Switch\n|move|p2a: Urshifu|Wicked Blow|p1a: Clefable\n|-resisted|p1a: Clefable\n|-crit|p1a: Clefable\n|-damage|p1a: Clefable|29\/100\n|\n|-heal|p2a: Urshifu|88\/100|[from] item: Leftovers\n|upkeep\n|turn|26\n|\n|t:|1606752036\n|move|p2a: Urshifu|Poison Jab|p1a: Clefable\n|-supereffective|p1a: Clefable\n|-damage|p1a: Clefable|0 fnt\n|faint|p1a: Clefable\n|\n|-heal|p2a: Urshifu|94\/100|[from] item: Leftovers\n|upkeep\n|\n|t:|1606752042\n|switch|p1a: Moltres|Moltres|100\/100\n|turn|27\n|j| Death dreigon\n|\n|t:|1606752045\n|switch|p2a: Snorlax|Snorlax, M|78\/100\n|move|p1a: Moltres|Hurricane|p2a: Snorlax\n|-damage|p2a: Snorlax|57\/100\n|\n|-heal|p2a: Snorlax|63\/100|[from] item: Leftovers\n|upkeep\n|turn|28\n|l| Death dreigon\n|\n|t:|1606752049\n|switch|p1a: Ferrothorn|Ferrothorn, M|87\/100\n|move|p2a: Snorlax|Body Slam|p1a: Ferrothorn\n|-resisted|p1a: Ferrothorn\n|-damage|p1a: Ferrothorn|76\/100\n|-damage|p2a: Snorlax|50\/100|[from] ability: Iron Barbs|[of] p1a: Ferrothorn\n|\n|-heal|p2a: Snorlax|56\/100|[from] item: Leftovers\n|-heal|p1a: Ferrothorn|82\/100|[from] item: Leftovers\n|upkeep\n|turn|29\n|\n|t:|1606752055\n|switch|p2a: Zapdos|Zapdos|76\/100\n|move|p1a: Ferrothorn|Stealth Rock|p2a: Zapdos\n|-sidestart|p2: Vodyne|move: Stealth Rock\n|\n|-heal|p1a: Ferrothorn|89\/100|[from] item: Leftovers\n|upkeep\n|turn|30\n|\n|t:|1606752060\n|move|p2a: Zapdos|Heat Wave|p1a: Ferrothorn\n|-supereffective|p1a: Ferrothorn\n|-damage|p1a: Ferrothorn|0 fnt\n|faint|p1a: Ferrothorn\n|\n|upkeep\n|\n|t:|1606752063\n|switch|p1a: Urshifu|Urshifu-Rapid-Strike, M|63\/100\n|turn|31\n|inactive|Vodyne has 120 seconds left.\n|\n|t:|1606752109\n|switch|p2a: Urshifu|Urshifu, M|94\/100\n|-damage|p2a: Urshifu|88\/100|[from] Stealth Rock\n|move|p1a: Urshifu|Surging Strikes|p2a: Urshifu\n|-crit|p2a: Urshifu\n|-damage|p2a: Urshifu|53\/100\n|-crit|p2a: Urshifu\n|-damage|p2a: Urshifu|18\/100\n|-crit|p2a: Urshifu\n|-damage|p2a: Urshifu|0 fnt\n|-hitcount|p2a: Urshifu|3\n|faint|p2a: Urshifu\n|\n|upkeep\n|\n|t:|1606752120\n|switch|p2a: Zapdos|Zapdos|76\/100\n|-damage|p2a: Zapdos|51\/100|[from] Stealth Rock\n|turn|32\n|\n|t:|1606752131\n|move|p2a: Zapdos|Defog|p1a: Urshifu\n|-unboost|p1a: Urshifu|evasion|1\n|-sideend|p2: Vodyne|Stealth Rock|[from] move: Defog|[of] p2a: Zapdos\n|move|p1a: Urshifu|Surging Strikes|p2a: Zapdos\n|-crit|p2a: Zapdos\n|-damage|p2a: Zapdos|16\/100\n|-crit|p2a: Zapdos\n|-damage|p2a: Zapdos|0 fnt\n|-hitcount|p2a: Zapdos|2\n|faint|p2a: Zapdos\n|\n|upkeep\n|inactive|Vodyne has 90 seconds left.\n|\n|t:|1606752171\n|switch|p2a: Victini|Victini|63\/100\n|turn|33\n|inactive|to manhandle has 120 seconds left.\n|\n|t:|1606752230\n|switch|p1a: Heliolisk|Heliolisk, F|25\/100\n|move|p2a: Victini|Bolt Strike|p1a: Heliolisk\n|-resisted|p1a: Heliolisk\n|-damage|p1a: Heliolisk|0 fnt\n|faint|p1a: Heliolisk\n|\n|upkeep\n|\n|t:|1606752232\n|switch|p1a: Moltres|Moltres|100\/100\n|turn|34\n|\n|t:|1606752237\n|move|p2a: Victini|Bolt Strike|p1a: Moltres\n|-supereffective|p1a: Moltres\n|-damage|p1a: Moltres|40\/100\n|move|p1a: Moltres|Scorching Sands|p2a: Victini\n|-supereffective|p2a: Victini\n|-damage|p2a: Victini|37\/100\n|\n|upkeep\n|turn|35\n|inactive|Vodyne has 90 seconds left.\n|\n|t:|1606752243\n|move|p2a: Victini|Bolt Strike|p1a: Moltres\n|-supereffective|p1a: Moltres\n|-damage|p1a: Moltres|0 fnt\n|faint|p1a: Moltres\n|\n|upkeep\n|\n|t:|1606752245\n|switch|p1a: Urshifu|Urshifu-Rapid-Strike, M|63\/100\n|turn|36\n|\n|t:|1606752249\n|move|p1a: Urshifu|Aqua Jet|p2a: Victini\n|-supereffective|p2a: Victini\n|-damage|p2a: Victini|0 fnt\n|faint|p2a: Victini\n|\n|upkeep\n|\n|t:|1606752252\n|switch|p2a: Snorlax|Snorlax, M|56\/100\n|turn|37\n|\n|t:|1606752254\n|move|p1a: Urshifu|Aqua Jet|p2a: Snorlax\n|-damage|p2a: Snorlax|27\/100\n|move|p2a: Snorlax|Body Slam|p1a: Urshifu\n|-damage|p1a: Urshifu|33\/100\n|\n|-heal|p2a: Snorlax|33\/100|[from] item: Leftovers\n|upkeep\n|turn|38\n|\n|t:|1606752257\n|move|p1a: Urshifu|Aqua Jet|p2a: Snorlax\n|-damage|p2a: Snorlax|2\/100\n|move|p2a: Snorlax|Body Slam|p1a: Urshifu\n|-damage|p1a: Urshifu|1\/100\n|-status|p1a: Urshifu|par\n|\n|-heal|p2a: Snorlax|8\/100|[from] item: Leftovers\n|upkeep\n|turn|39\n|\n|t:|1606752266\n|move|p1a: Urshifu|Aqua Jet|p2a: Snorlax\n|-damage|p2a: Snorlax|0 fnt\n|faint|p2a: Snorlax\n|\n|win|to manhandle\n|l|\u203dto manhandle\n","uploadtime":1606752278,"views":6,"p1id":"tomanhandle","p2id":"vodyne","formatid":"gen8ou","rating":0,"private":0,"password":null}