{"id":"gen8doublesou-1706977955","p1":"mkap","p2":"davo2544","format":"gen8doublesou","log":"|j|\u2606mkap\n|j|\u2606davo2544\n|inactive|Battle timer is ON: inactive players will automatically lose when time's up.\n|t:|1668038277\n|gametype|doubles\n|player|p1|mkap|lusamine-nihilego|\n|player|p2|davo2544|fantina|\n|teamsize|p1|2\n|teamsize|p2|2\n|gen|8\n|tier|[Gen 8] Doubles OU\n|rated|Tournament battle\n|rule|Species Clause: Limit one of each Pok\u00e9mon\n|rule|OHKO Clause: OHKO moves are banned\n|rule|Evasion Moves Clause: Evasion moves are banned\n|rule|Gravity Sleep Clause: The combination of sleep-inducing moves with imperfect accuracy and Gravity or Gigantamax Orbeetle are banned\n|rule|Endless Battle Clause: Forcing endless battles is banned\n|rule|HP Percentage Mod: HP is shown in percentages\n|rule|Dynamax Clause: You cannot dynamax\n|rule|Swagger Clause: Swagger is banned\n|clearpoke\n|poke|p1|Growlithe, F|\n|poke|p1|Scraggy, F|\n|poke|p2|Timburr, M|\n|poke|p2|Shinx, M|\n|teampreview\n|j|*Lady Monita \u263d\n|\n|t:|1668038282\n|start\n|switch|p1a: Growlithe|Growlithe, F|100\/100\n|switch|p1b: Scraggy|Scraggy, F|100\/100\n|switch|p2a: Shinx|Shinx, M|100\/100\n|switch|p2b: Timburr|Timburr, M|100\/100\n|-ability|p1a: Growlithe|Intimidate|boost\n|-unboost|p2a: Shinx|atk|1\n|-unboost|p2b: Timburr|atk|1\n|-ability|p1b: Scraggy|Intimidate|boost\n|-unboost|p2a: Shinx|atk|1\n|-unboost|p2b: Timburr|atk|1\n|-ability|p2a: Shinx|Intimidate|boost\n|-unboost|p1a: Growlithe|atk|1\n|-unboost|p1b: Scraggy|atk|1\n|turn|1\n|j| Jordancal97\n|\n|t:|1668038292\n|move|p1a: Growlithe|Flare Blitz|p2a: Shinx\n|-damage|p2a: Shinx|27\/100\n|-damage|p1a: Growlithe|78\/100|[from] Recoil\n|-damage|p1a: Growlithe|68\/100|[from] item: Life Orb\n|move|p1b: Scraggy|Knock Off|p2b: Timburr\n|-resisted|p2b: Timburr\n|-damage|p2b: Timburr|87\/100\n|-enditem|p2b: Timburr|Eviolite|[from] move: Knock Off|[of] p1b: Scraggy\n|move|p2a: Shinx|Wild Charge|p1a: Growlithe\n|-damage|p1a: Growlithe|48\/100\n|-damage|p2a: Shinx|22\/100|[from] Recoil\n|move|p2b: Timburr|Drain Punch|p1b: Scraggy\n|-supereffective|p1b: Scraggy\n|-damage|p1b: Scraggy|65\/100\n|-heal|p2b: Timburr|100\/100|[from] drain|[of] p1b: Scraggy\n|\n|upkeep\n|turn|2\n|\n|t:|1668038315\n|move|p2a: Shinx|Protect|p2a: Shinx\n|-singleturn|p2a: Shinx|Protect\n|move|p1a: Growlithe|Flare Blitz|p2b: Timburr\n|-damage|p2b: Timburr|39\/100\n|-damage|p1a: Growlithe|25\/100|[from] Recoil\n|-damage|p1a: Growlithe|15\/100|[from] item: Life Orb\n|move|p1b: Scraggy|Drain Punch|p2a: Shinx\n|-activate|p2a: Shinx|move: Protect\n|move|p2b: Timburr|Drain Punch|p1a: Growlithe\n|-damage|p1a: Growlithe|0 fnt\n|-heal|p2b: Timburr|45\/100|[from] drain|[of] p1a: Growlithe\n|faint|p1a: Growlithe\n|\n|upkeep\n|turn|3\n|\n|t:|1668038330\n|move|p1b: Scraggy|Drain Punch|p2a: Shinx\n|-damage|p2a: Shinx|0 fnt\n|-heal|p1b: Scraggy|75\/100|[from] drain|[of] p2a: Shinx\n|faint|p2a: Shinx\n|move|p2b: Timburr|Drain Punch|p1b: Scraggy\n|-supereffective|p1b: Scraggy\n|-damage|p1b: Scraggy|39\/100\n|-heal|p2b: Timburr|61\/100|[from] drain|[of] p1b: Scraggy\n|\n|upkeep\n|turn|4\n|\n|t:|1668038341\n|move|p1b: Scraggy|Drain Punch|p2b: Timburr\n|-damage|p2b: Timburr|28\/100\n|-heal|p1b: Scraggy|58\/100|[from] drain|[of] p2b: Timburr\n|move|p2b: Timburr|Drain Punch|p1b: Scraggy\n|-supereffective|p1b: Scraggy\n|-damage|p1b: Scraggy|18\/100\n|-heal|p2b: Timburr|45\/100|[from] drain|[of] p1b: Scraggy\n|\n|upkeep\n|turn|5\n|j| RoyaleG2004\n|j| Ack3641Ack\n|c|\u2606mkap|gg!\n|\n|t:|1668038359\n|move|p2b: Timburr|Mach Punch|p1b: Scraggy\n|-supereffective|p1b: Scraggy\n|-damage|p1b: Scraggy|0 fnt\n|faint|p1b: Scraggy\n|\n|win|davo2544\n|n|\u2606mkap|mkap\n|n|\u2606davo2544|davo2544\n|n|*Lady Monita \u263d|ladymonita\n|n| Jordancal97|jordancal97\n|n| RoyaleG2004|royaleg2004\n|n| Ack3641Ack|ack3641ack\n","uploadtime":1668038361,"views":2,"p1id":"mkap","p2id":"davo2544","formatid":"gen8doublesou","rating":0,"private":0,"password":null}