{"id":"gen8ou-1632637722","p1":"LT92PF Bee","p2":"RTSG tests","format":"gen8ou","log":"|raw|<div class=\"broadcast-blue\"><strong>This battle is required to be public due to a player having a name starting with 'lt92pf'.<\/div>\n|j|\u203dLT92PF Bee\n|j|\u2606RTSG tests\n|t:|1659678748\n|gametype|singles\n|player|p1|LT92PF Bee|akari|1693\n|player|p2|RTSG tests|birdkeeper|1694\n|teamsize|p1|6\n|teamsize|p2|6\n|gen|8\n|tier|[Gen 8] OU\n|rated|\n|rule|Sleep Clause Mod: Limit one foe put to sleep\n|rule|Species Clause: Limit one of each Pok\u00e9mon\n|rule|OHKO Clause: OHKO moves are banned\n|rule|Evasion Items Clause: Evasion items are banned\n|rule|Evasion Moves Clause: Evasion moves are banned\n|rule|Endless Battle Clause: Forcing endless battles is banned\n|rule|HP Percentage Mod: HP is shown in percentages\n|rule|Dynamax Clause: You cannot dynamax\n|clearpoke\n|poke|p1|Volcanion|\n|poke|p1|Buzzwole|\n|poke|p1|Tapu Koko|\n|poke|p1|Tornadus-Therian, M|\n|poke|p1|Landorus-Therian, M|\n|poke|p1|Ferrothorn, M|\n|poke|p2|Sceptile, M|\n|poke|p2|Salamence, F|\n|poke|p2|Excadrill, F|\n|poke|p2|Tapu Koko|\n|poke|p2|Magnezone|\n|poke|p2|Weavile, F|\n|teampreview\n|inactive|Battle timer is ON: inactive players will automatically lose when time's up. (requested by LT92PF Bee)\n|\n|t:|1659678756\n|start\n|switch|p1a: Landorus|Landorus-Therian, M|100\/100\n|switch|p2a: Excadrill|Excadrill, F|100\/100\n|-ability|p2a: Excadrill|Mold Breaker\n|-ability|p1a: Landorus|Intimidate|boost\n|-unboost|p2a: Excadrill|atk|1\n|turn|1\n|j| Blast009\n|\n|t:|1659678783\n|move|p2a: Excadrill|Toxic|p1a: Landorus\n|-status|p1a: Landorus|tox\n|move|p1a: Landorus|U-turn|p2a: Excadrill\n|-resisted|p2a: Excadrill\n|-damage|p2a: Excadrill|68\/100\n|\n|t:|1659678788\n|switch|p1a: Buzzwole|Buzzwole|100\/100|[from]move: U-turn\n|\n|upkeep\n|turn|2\n|\n|t:|1659678791\n|switch|p2a: Tapu Koko|Tapu Koko|100\/100\n|-fieldstart|move: Electric Terrain|[from] ability: Electric Surge|[of] p2a: Tapu Koko\n|move|p1a: Buzzwole|Close Combat|p2a: Tapu Koko\n|-resisted|p2a: Tapu Koko\n|-damage|p2a: Tapu Koko|61\/100\n|-unboost|p1a: Buzzwole|def|1\n|-unboost|p1a: Buzzwole|spd|1\n|\n|upkeep\n|turn|3\n|\n|t:|1659678805\n|switch|p2a: Excadrill|Excadrill, F|68\/100\n|-ability|p2a: Excadrill|Mold Breaker\n|switch|p1a: Ferrothorn|Ferrothorn, M|100\/100\n|\n|upkeep\n|turn|4\n|\n|t:|1659678810\n|move|p2a: Excadrill|Stealth Rock|p1a: Ferrothorn\n|-sidestart|p1: LT92PF Bee|move: Stealth Rock\n|move|p1a: Ferrothorn|Stealth Rock|p2a: Excadrill\n|-sidestart|p2: RTSG tests|move: Stealth Rock\n|\n|upkeep\n|turn|5\n|j| ripreckful\n|j| phaseless\n|\n|t:|1659678839\n|move|p2a: Excadrill|Rapid Spin|p1a: Ferrothorn\n|-resisted|p1a: Ferrothorn\n|-damage|p1a: Ferrothorn|95\/100\n|-boost|p2a: Excadrill|spe|1\n|-damage|p2a: Excadrill|56\/100|[from] ability: Iron Barbs|[of] p1a: Ferrothorn\n|-sideend|p2: RTSG tests|Stealth Rock|[from] move: Rapid Spin|[of] p2a: Excadrill\n|move|p1a: Ferrothorn|Stealth Rock|p2a: Excadrill\n|-sidestart|p2: RTSG tests|move: Stealth Rock\n|\n|-heal|p1a: Ferrothorn|100\/100|[from] item: Leftovers\n|upkeep\n|turn|6\n|\n|t:|1659678844\n|move|p2a: Excadrill|Earthquake|p1a: Ferrothorn\n|-damage|p1a: Ferrothorn|69\/100\n|move|p1a: Ferrothorn|Power Whip|p2a: Excadrill|[miss]\n|-miss|p1a: Ferrothorn|p2a: Excadrill\n|\n|-heal|p1a: Ferrothorn|75\/100|[from] item: Leftovers\n|-fieldend|move: Electric Terrain\n|upkeep\n|turn|7\n|\n|t:|1659678848\n|move|p2a: Excadrill|Earthquake|p1a: Ferrothorn\n|-crit|p1a: Ferrothorn\n|-damage|p1a: Ferrothorn|27\/100\n|move|p1a: Ferrothorn|Stealth Rock||[still]\n|-fail|p1a: Ferrothorn\n|\n|-heal|p1a: Ferrothorn|33\/100|[from] item: Leftovers\n|upkeep\n|turn|8\n|\n|t:|1659678852\n|move|p2a: Excadrill|Earthquake|p1a: Ferrothorn\n|-damage|p1a: Ferrothorn|0 fnt\n|faint|p1a: Ferrothorn\n|\n|upkeep\n|\n|t:|1659678859\n|switch|p1a: Buzzwole|Buzzwole|100\/100\n|turn|9\n|\n|t:|1659678861\n|move|p2a: Excadrill|Rapid Spin|p1a: Buzzwole\n|-crit|p1a: Buzzwole\n|-damage|p1a: Buzzwole|83\/100\n|-boost|p2a: Excadrill|spe|1\n|-sideend|p2: RTSG tests|Stealth Rock|[from] move: Rapid Spin|[of] p2a: Excadrill\n|move|p1a: Buzzwole|Close Combat|p2a: Excadrill\n|-supereffective|p2a: Excadrill\n|-damage|p2a: Excadrill|0 fnt\n|-unboost|p1a: Buzzwole|def|1\n|-unboost|p1a: Buzzwole|spd|1\n|faint|p2a: Excadrill\n|-ability|p1a: Buzzwole|Beast Boost|boost\n|-boost|p1a: Buzzwole|atk|1\n|\n|upkeep\n|\n|t:|1659678868\n|switch|p2a: Salamence|Salamence, F|100\/100\n|turn|10\n|\n|t:|1659678876\n|move|p2a: Salamence|Dual Wingbeat|p1a: Buzzwole\n|-supereffective|p1a: Buzzwole\n|-damage|p1a: Buzzwole|0 fnt\n|faint|p1a: Buzzwole\n|-ability|p2a: Salamence|Moxie|boost\n|-boost|p2a: Salamence|atk|1\n|-hitcount|p1: Buzzwole|1\n|\n|upkeep\n|\n|t:|1659678880\n|switch|p1a: Tapu Koko|Tapu Koko|100\/100\n|-fieldstart|move: Electric Terrain|[from] ability: Electric Surge|[of] p1a: Tapu Koko\n|turn|11\n|\n|t:|1659678884\n|move|p1a: Tapu Koko|Dazzling Gleam|p2a: Salamence\n|-supereffective|p2a: Salamence\n|-damage|p2a: Salamence|13\/100\n|move|p2a: Salamence|Dragon Dance|p2a: Salamence\n|-boost|p2a: Salamence|atk|1\n|-boost|p2a: Salamence|spe|1\n|\n|upkeep\n|turn|12\n|\n|t:|1659678887\n|switch|p1a: Landorus|Landorus-Therian, M|100\/100 tox\n|-damage|p1a: Landorus|88\/100 tox|[from] Stealth Rock\n|-ability|p1a: Landorus|Intimidate|boost\n|-unboost|p2a: Salamence|atk|1\n|move|p2a: Salamence|Earthquake|p1a: Landorus\n|-immune|p1a: Landorus\n|\n|-damage|p1a: Landorus|82\/100 tox|[from] psn\n|upkeep\n|turn|13\n|\n|t:|1659678891\n|switch|p1a: Tapu Koko|Tapu Koko|100\/100\n|move|p2a: Salamence|Dual Wingbeat|p1a: Tapu Koko\n|-resisted|p1a: Tapu Koko\n|-damage|p1a: Tapu Koko|79\/100\n|-resisted|p1a: Tapu Koko\n|-damage|p1a: Tapu Koko|55\/100\n|-hitcount|p1a: Tapu Koko|2\n|\n|upkeep\n|turn|14\n|\n|t:|1659678896\n|switch|p1a: Landorus|Landorus-Therian, M|82\/100 tox\n|-damage|p1a: Landorus|70\/100 tox|[from] Stealth Rock\n|-ability|p1a: Landorus|Intimidate|boost\n|-unboost|p2a: Salamence|atk|1\n|move|p2a: Salamence|Dragon Dance|p2a: Salamence\n|-boost|p2a: Salamence|atk|1\n|-boost|p2a: Salamence|spe|1\n|\n|-damage|p1a: Landorus|64\/100 tox|[from] psn\n|upkeep\n|turn|15\n|\n|t:|1659678901\n|move|p2a: Salamence|Dual Wingbeat|p1a: Landorus\n|-damage|p1a: Landorus|24\/100 tox\n|-damage|p1a: Landorus|0 fnt\n|faint|p1a: Landorus\n|-ability|p2a: Salamence|Moxie|boost\n|-boost|p2a: Salamence|atk|1\n|-hitcount|p1: Landorus|2\n|\n|-fieldend|move: Electric Terrain\n|upkeep\n|-message|LT92PF Bee forfeited.\n|\n|win|RTSG tests\n|raw|LT92PF Bee's rating: 1717 &rarr; <strong>1696<\/strong><br \/>(-21 for losing)\n|raw|RTSG tests's rating: 1694 &rarr; <strong>1715<\/strong><br \/>(+21 for winning)\n|l|\u203dLT92PF Bee\n|l| ripreckful\n","uploadtime":1659678966,"views":21,"p1id":"lt92pfbee","p2id":"rtsgtests","formatid":"gen8ou","rating":1696,"private":0,"password":null}