{"id":"gen8ultimatefinale-1688322949","p1":"ahbrandt","p2":"Huskothy","format":"gen8ultimatefinale","log":"|j|\u2606ahbrandt\n|j|\u2606Huskothy\n|t:|1666053141\n|gametype|doubles\n|player|p1|ahbrandt|101|1000\n|player|p2|Huskothy|lucas|1000\n|teamsize|p1|6\n|teamsize|p2|6\n|gen|8\n|tier|[Gen 8] Ultimate Finale\n|rated|\n|clearpoke\n|poke|p1|Ditto|\n|poke|p1|Ditto|\n|poke|p1|Ditto|\n|poke|p1|Ditto|\n|poke|p1|Ditto|\n|poke|p1|Ditto|\n|poke|p2|Dubwool, M|\n|poke|p2|Wooloo, F|\n|poke|p2|Wooloo, M|\n|poke|p2|Wooloo, M|\n|poke|p2|Wooloo, F|\n|poke|p2|Wooloo, F|\n|teampreview\n|c|\u2606ahbrandt|2 meme teams i see\n|\n|t:|1666053161\n|start\n|switch|p1a: Ditto|Ditto|100\/100\n|switch|p1b: Ditto|Ditto|100\/100\n|switch|p2a: Dubwool|Dubwool, M|100\/100\n|switch|p2b: Wooloo|Wooloo, M|100\/100\n|-transform|p1a: Ditto|p2b: Wooloo|[from] ability: Imposter\n|-transform|p1b: Ditto|p2a: Dubwool|[from] ability: Imposter\n|turn|1\n|\n|t:|1666053187\n|move|p1b: Ditto|Cotton Guard|p1b: Ditto\n|-boost|p1b: Ditto|def|3\n|move|p2a: Dubwool|Cotton Guard|p2a: Dubwool\n|-boost|p2a: Dubwool|def|3\n|move|p1a: Ditto|Thunder Wave|p2b: Wooloo\n|-status|p2b: Wooloo|par\n|cant|p2b: Wooloo|par\n|\n|upkeep\n|turn|2\n|\n|t:|1666053202\n|move|p2a: Dubwool|Cotton Guard|p2a: Dubwool\n|-boost|p2a: Dubwool|def|3\n|move|p1b: Ditto|Body Press|p2a: Dubwool\n|-supereffective|p2a: Dubwool\n|-damage|p2a: Dubwool|89\/100\n|move|p1a: Ditto|Thunder Wave|p2a: Dubwool\n|-status|p2a: Dubwool|par\n|cant|p2b: Wooloo|par\n|\n|-heal|p2a: Dubwool|95\/100 par|[from] item: Leftovers\n|upkeep\n|turn|3\n|\n|t:|1666053228\n|switch|p1a: Ditto|Ditto|100\/100\n|-transform|p1a: Ditto|p2b: Wooloo|[from] ability: Imposter\n|move|p1b: Ditto|Cotton Guard|p1b: Ditto\n|-boost|p1b: Ditto|def|3\n|move|p2a: Dubwool|Body Press|p1b: Ditto\n|-supereffective|p1b: Ditto\n|-damage|p1b: Ditto|80\/100\n|move|p2b: Wooloo|Thunder Wave|p1b: Ditto\n|-status|p1b: Ditto|par\n|\n|-heal|p1b: Ditto|86\/100 par|[from] item: Leftovers\n|-heal|p2a: Dubwool|100\/100 par|[from] item: Leftovers\n|upkeep\n|turn|4\n|\n|t:|1666053261\n|move|p1a: Ditto|Electro Ball|p2a: Dubwool\n|-damage|p2a: Dubwool|95\/100 par\n|cant|p2a: Dubwool|par\n|move|p1b: Ditto|Body Press|p2b: Wooloo\n|-supereffective|p2b: Wooloo\n|-damage|p2b: Wooloo|40\/100 par\n|move|p2b: Wooloo|Counter|p1b: Ditto\n|-damage|p1b: Ditto|0 fnt\n|faint|p1b: Ditto\n|\n|-heal|p2a: Dubwool|100\/100 par|[from] item: Leftovers\n|upkeep\n|\n|t:|1666053279\n|switch|p1b: Ditto|Ditto|100\/100\n|-transform|p1b: Ditto|p2a: Dubwool|[from] ability: Imposter\n|turn|5\n|\n|t:|1666053291\n|move|p1b: Ditto|Cotton Guard|p1b: Ditto\n|-boost|p1b: Ditto|def|0\n|move|p1a: Ditto|Attract||[still]\n|-fail|p1a: Ditto\n|move|p2a: Dubwool|Body Press|p1b: Ditto\n|-supereffective|p1b: Ditto\n|-damage|p1b: Ditto|78\/100\n|cant|p2b: Wooloo|par\n|\n|upkeep\n|turn|6\n|\n|t:|1666053317\n|move|p1b: Ditto|Body Press|p2a: Dubwool\n|-supereffective|p2a: Dubwool\n|-damage|p2a: Dubwool|80\/100 par\n|move|p1a: Ditto|Electro Ball|p2b: Wooloo\n|-damage|p2b: Wooloo|27\/100 par\n|cant|p2a: Dubwool|par\n|move|p2b: Wooloo|Thunder Wave|p1b: Ditto\n|-status|p1b: Ditto|par\n|\n|-heal|p2a: Dubwool|86\/100 par|[from] item: Leftovers\n|upkeep\n|turn|7\n|\n|t:|1666053338\n|move|p1a: Ditto|Electro Ball|p2b: Wooloo\n|-damage|p2b: Wooloo|13\/100 par\n|cant|p1b: Ditto|par\n|move|p2a: Dubwool|Body Press|p1b: Ditto\n|-supereffective|p1b: Ditto\n|-damage|p1b: Ditto|57\/100 par\n|move|p2b: Wooloo|Thunder Wave|p1a: Ditto\n|-status|p1a: Ditto|par\n|\n|-heal|p2a: Dubwool|92\/100 par|[from] item: Leftovers\n|upkeep\n|turn|8\n|\n|t:|1666053353\n|move|p1b: Ditto|Body Press|p2a: Dubwool\n|-supereffective|p2a: Dubwool\n|-damage|p2a: Dubwool|71\/100 par\n|cant|p2a: Dubwool|par\n|move|p2b: Wooloo|Electro Ball|p1a: Ditto\n|-crit|p1a: Ditto\n|-damage|p1a: Ditto|76\/100 par\n|cant|p1a: Ditto|par\n|\n|-heal|p2a: Dubwool|78\/100 par|[from] item: Leftovers\n|upkeep\n|turn|9\n|\n|t:|1666053369\n|move|p2a: Dubwool|Body Press|p1b: Ditto\n|-supereffective|p1b: Ditto\n|-damage|p1b: Ditto|36\/100 par\n|move|p1b: Ditto|Body Press|p2a: Dubwool\n|-supereffective|p2a: Dubwool\n|-damage|p2a: Dubwool|57\/100 par\n|move|p2b: Wooloo|Electro Ball|p1b: Ditto\n|-damage|p1b: Ditto|31\/100 par\n|move|p1a: Ditto|Electro Ball|p2b: Wooloo\n|-damage|p2b: Wooloo|3\/100 par\n|\n|-heal|p2a: Dubwool|63\/100 par|[from] item: Leftovers\n|upkeep\n|turn|10\n|\n|t:|1666053385\n|cant|p1b: Ditto|par\n|move|p2a: Dubwool|Body Press|p1b: Ditto\n|-supereffective|p1b: Ditto\n|-damage|p1b: Ditto|10\/100 par\n|cant|p2b: Wooloo|par\n|cant|p1a: Ditto|par\n|\n|-heal|p2a: Dubwool|69\/100 par|[from] item: Leftovers\n|upkeep\n|turn|11\n|\n|t:|1666053398\n|move|p2a: Dubwool|Body Press|p1b: Ditto\n|-supereffective|p1b: Ditto\n|-damage|p1b: Ditto|0 fnt\n|faint|p1b: Ditto\n|move|p1a: Ditto|Electro Ball|p2b: Wooloo\n|-damage|p2b: Wooloo|0 fnt\n|faint|p2b: Wooloo\n|\n|-heal|p2a: Dubwool|75\/100 par|[from] item: Leftovers\n|upkeep\n|\n|t:|1666053413\n|switch|p2b: Wooloo|Wooloo, M|100\/100\n|switch|p1b: Ditto|Ditto|100\/100\n|-transform|p1b: Ditto|p2a: Dubwool|[from] ability: Imposter\n|turn|12\n|\n|t:|1666053425\n|move|p1b: Ditto|Cotton Guard|p1b: Ditto\n|-boost|p1b: Ditto|def|0\n|move|p2b: Wooloo|Double Kick|p1a: Ditto\n|-supereffective|p1a: Ditto\n|-damage|p1a: Ditto|70\/100 par\n|-supereffective|p1a: Ditto\n|-damage|p1a: Ditto|63\/100 par\n|-hitcount|p1a: Ditto|2\n|cant|p2a: Dubwool|par\n|move|p1a: Ditto|Thunder Wave|p2b: Wooloo\n|-status|p2b: Wooloo|par\n|\n|-heal|p2a: Dubwool|81\/100 par|[from] item: Leftovers\n|upkeep\n|turn|13\n|\n|t:|1666053443\n|move|p1b: Ditto|Body Press|p2a: Dubwool\n|-supereffective|p2a: Dubwool\n|-damage|p2a: Dubwool|63\/100 par\n|cant|p2a: Dubwool|par\n|move|p2b: Wooloo|Double Kick|p1a: Ditto\n|-supereffective|p1a: Ditto\n|-damage|p1a: Ditto|55\/100 par\n|-supereffective|p1a: Ditto\n|-damage|p1a: Ditto|49\/100 par\n|-hitcount|p1a: Ditto|2\n|move|p1a: Ditto|Counter|p2b: Wooloo\n|-damage|p2b: Wooloo|87\/100 par\n|\n|-heal|p2a: Dubwool|69\/100 par|[from] item: Leftovers\n|upkeep\n|turn|14\n|\n|t:|1666053463\n|move|p1b: Ditto|Body Press|p2a: Dubwool\n|-supereffective|p2a: Dubwool\n|-damage|p2a: Dubwool|52\/100 par\n|move|p2a: Dubwool|Rest|p2a: Dubwool\n|-status|p2a: Dubwool|slp|[from] move: Rest\n|-heal|p2a: Dubwool|100\/100 slp|[silent]\n|move|p2b: Wooloo|Double Kick|p1a: Ditto\n|-supereffective|p1a: Ditto\n|-damage|p1a: Ditto|42\/100 par\n|-supereffective|p1a: Ditto\n|-damage|p1a: Ditto|35\/100 par\n|-hitcount|p1a: Ditto|2\n|cant|p1a: Ditto|par\n|\n|upkeep\n|turn|15\n|\n|t:|1666053491\n|-start|p1b: Ditto|Dynamax|\n|-heal|p1b: Ditto|100\/100|[silent]\n|move|p1b: Ditto|Max Knuckle|p2a: Dubwool\n|-supereffective|p2a: Dubwool\n|-damage|p2a: Dubwool|94\/100 slp\n|-boost|p1a: Ditto|atk|1\n|-boost|p1b: Ditto|atk|1\n|cant|p2a: Dubwool|slp\n|move|p2a: Dubwool|Sleep Talk|p2a: Dubwool\n|move|p2a: Dubwool|Rest||[from]move: Sleep Talk|[still]\n|-fail|p2a: Dubwool\n|move|p2b: Wooloo|Double Kick|p1a: Ditto\n|-supereffective|p1a: Ditto\n|-damage|p1a: Ditto|27\/100 par\n|-supereffective|p1a: Ditto\n|-damage|p1a: Ditto|20\/100 par\n|-hitcount|p1a: Ditto|2\n|cant|p1a: Ditto|par\n|\n|-heal|p2a: Dubwool|99\/100 slp|[from] item: Leftovers\n|upkeep\n|turn|16\n|\n|t:|1666053517\n|move|p1b: Ditto|Max Knuckle|p2b: Wooloo\n|-supereffective|p2b: Wooloo\n|-damage|p2b: Wooloo|38\/100 par\n|-boost|p1a: Ditto|atk|1\n|-boost|p1b: Ditto|atk|1\n|cant|p2a: Dubwool|slp\n|move|p2a: Dubwool|Sleep Talk|p2a: Dubwool\n|move|p2a: Dubwool|Rest||[from]move: Sleep Talk|[still]\n|-fail|p2a: Dubwool\n|move|p2b: Wooloo|Double Kick|p1a: Ditto\n|-supereffective|p1a: Ditto\n|-damage|p1a: Ditto|13\/100 par\n|-supereffective|p1a: Ditto\n|-damage|p1a: Ditto|6\/100 par\n|-hitcount|p1a: Ditto|2\n|move|p1a: Ditto|Counter|p2b: Wooloo\n|-damage|p2b: Wooloo|25\/100 par\n|\n|-heal|p2a: Dubwool|100\/100 slp|[from] item: Leftovers\n|upkeep\n|turn|17\n|\n|t:|1666053544\n|-curestatus|p2a: Dubwool|slp|[msg]\n|move|p2a: Dubwool|Cotton Guard|p2a: Dubwool\n|-boost|p2a: Dubwool|def|0\n|move|p1b: Ditto|Max Knuckle|p2b: Wooloo\n|-supereffective|p2b: Wooloo\n|-damage|p2b: Wooloo|0 fnt\n|-boost|p1a: Ditto|atk|1\n|-boost|p1b: Ditto|atk|1\n|faint|p2b: Wooloo\n|move|p1a: Ditto|Thunder Wave|p2a: Dubwool\n|-status|p2a: Dubwool|par\n|\n|upkeep\n|\n|t:|1666053558\n|switch|p2b: Wooloo|Wooloo, F|100\/100\n|-end|p1b: Ditto|Dynamax\n|-heal|p1b: Ditto|100\/100|[silent]\n|turn|18\n|\n|t:|1666053581\n|switch|p1b: Ditto|Ditto|100\/100\n|-transform|p1b: Ditto|p2a: Dubwool|[from] ability: Imposter\n|cant|p2a: Dubwool|par\n|cant|p1a: Ditto|par\n|move|p2b: Wooloo|Counter||[still]\n|-fail|p2b: Wooloo\n|\n|upkeep\n|turn|19\n|\n|t:|1666053600\n|switch|p1a: Ditto|Ditto|100\/100\n|-transform|p1a: Ditto|p2b: Wooloo|[from] ability: Imposter\n|move|p1b: Ditto|Body Press|p2a: Dubwool\n|-supereffective|p2a: Dubwool\n|-damage|p2a: Dubwool|81\/100 par\n|move|p2b: Wooloo|Guard Split|p1b: Ditto\n|-activate|p2b: Wooloo|move: Guard Split|[of] p1b: Ditto\n|move|p2a: Dubwool|Body Press|p1a: Ditto\n|-supereffective|p1a: Ditto\n|-crit|p1a: Ditto\n|-damage|p1a: Ditto|0 fnt\n|faint|p1a: Ditto\n|\n|-heal|p2a: Dubwool|87\/100 par|[from] item: Leftovers\n|upkeep\n|\n|t:|1666053616\n|switch|p1a: Ditto|Ditto|100\/100\n|-transform|p1a: Ditto|p2b: Wooloo|[from] ability: Imposter\n|turn|20\n|\n|t:|1666053636\n|move|p1b: Ditto|Body Press|p2b: Wooloo\n|-supereffective|p2b: Wooloo\n|-damage|p2b: Wooloo|41\/100\n|move|p1a: Ditto|Swagger|p2a: Dubwool\n|-boost|p2a: Dubwool|atk|2\n|-start|p2a: Dubwool|confusion\n|move|p2b: Wooloo|Thunder Wave|p1b: Ditto\n|-status|p1b: Ditto|par\n|-activate|p2a: Dubwool|confusion\n|-damage|p2a: Dubwool|84\/100 par|[from] confusion\n|\n|-heal|p2a: Dubwool|90\/100 par|[from] item: Leftovers\n|upkeep\n|turn|21\n|\n|t:|1666053654\n|move|p1a: Ditto|Swagger|p2b: Wooloo\n|-boost|p2b: Wooloo|atk|2\n|-start|p2b: Wooloo|confusion\n|-activate|p2b: Wooloo|confusion\n|move|p2b: Wooloo|Swagger|p1b: Ditto\n|-boost|p1b: Ditto|atk|2\n|-start|p1b: Ditto|confusion\n|-activate|p2a: Dubwool|confusion\n|cant|p2a: Dubwool|par\n|-activate|p1b: Ditto|confusion\n|cant|p1b: Ditto|par\n|\n|-heal|p2a: Dubwool|96\/100 par|[from] item: Leftovers\n|upkeep\n|turn|22\n|\n|t:|1666053679\n|switch|p1a: Ditto|Ditto|6\/100 par\n|-transform|p1a: Ditto|p2b: Wooloo|[from] ability: Imposter\n|-activate|p1b: Ditto|confusion\n|move|p1b: Ditto|Body Press|p2b: Wooloo\n|-supereffective|p2b: Wooloo\n|-damage|p2b: Wooloo|0 fnt\n|faint|p2b: Wooloo\n|-activate|p2a: Dubwool|confusion\n|cant|p2a: Dubwool|par\n|\n|-heal|p2a: Dubwool|100\/100 par|[from] item: Leftovers\n|upkeep\n|\n|t:|1666053691\n|switch|p2b: Wooloo|Wooloo, F|100\/100\n|turn|23\n|\n|t:|1666053706\n|move|p2b: Wooloo|Cotton Guard|p2b: Wooloo\n|-boost|p2b: Wooloo|def|3\n|-activate|p1b: Ditto|confusion\n|move|p1b: Ditto|Body Press|p2b: Wooloo\n|-supereffective|p2b: Wooloo\n|-damage|p2b: Wooloo|38\/100\n|-end|p2a: Dubwool|confusion\n|move|p2a: Dubwool|Body Press|p1a: Ditto\n|-supereffective|p1a: Ditto\n|-damage|p1a: Ditto|0 fnt\n|faint|p1a: Ditto\n|\n|upkeep\n|\n|t:|1666053717\n|switch|p1a: Ditto|Ditto|100\/100\n|-transform|p1a: Ditto|p2b: Wooloo|[from] ability: Imposter\n|turn|24\n|\n|t:|1666053736\n|move|p1a: Ditto|Cotton Guard|p1a: Ditto\n|-boost|p1a: Ditto|def|3\n|move|p2b: Wooloo|Cotton Guard|p2b: Wooloo\n|-boost|p2b: Wooloo|def|3\n|-end|p1b: Ditto|confusion\n|move|p1b: Ditto|Body Press|p2b: Wooloo\n|-supereffective|p2b: Wooloo\n|-damage|p2b: Wooloo|2\/100\n|cant|p2a: Dubwool|par\n|\n|upkeep\n|turn|25\n|\n|t:|1666053764\n|move|p1a: Ditto|Cotton Guard|p1a: Ditto\n|-boost|p1a: Ditto|def|0\n|move|p2b: Wooloo|Rest|p2b: Wooloo\n|-status|p2b: Wooloo|slp|[from] move: Rest\n|-heal|p2b: Wooloo|100\/100 slp|[silent]\n|move|p1b: Ditto|Rest|p1b: Ditto\n|-fail|p1b: Ditto|heal\n|cant|p2a: Dubwool|par\n|\n|upkeep\n|turn|26\n|\n|t:|1666053778\n|move|p1a: Ditto|Cotton Guard|p1a: Ditto\n|-boost|p1a: Ditto|def|0\n|cant|p2b: Wooloo|slp\n|move|p2a: Dubwool|Cotton Guard|p2a: Dubwool\n|-boost|p2a: Dubwool|def|0\n|move|p1b: Ditto|Cotton Guard|p1b: Ditto\n|-boost|p1b: Ditto|def|0\n|\n|upkeep\n|turn|27\n|c|\u2606ahbrandt|did we run out of moves?\n|\n|t:|1666053797\n|move|p1a: Ditto|Cotton Guard|p1a: Ditto\n|-boost|p1a: Ditto|def|0\n|cant|p2b: Wooloo|slp\n|move|p1b: Ditto|Cotton Guard|p1b: Ditto\n|-boost|p1b: Ditto|def|0\n|move|p2a: Dubwool|Cotton Guard|p2a: Dubwool\n|-boost|p2a: Dubwool|def|0\n|\n|upkeep\n|turn|28\n|c|\u2606Huskothy|well I didn't\n|c|\u2606ahbrandt|i am scarfed\n|c|\u2606Huskothy|on the dub wool?\n|\n|t:|1666053829\n|move|p1a: Ditto|Cotton Guard|p1a: Ditto\n|-boost|p1a: Ditto|def|0\n|-curestatus|p2b: Wooloo|slp|[msg]\n|move|p2b: Wooloo|Facade|p1a: Ditto\n|-damage|p1a: Ditto|96\/100\n|cant|p1b: Ditto|par\n|move|p2a: Dubwool|Cotton Guard|p2a: Dubwool\n|-boost|p2a: Dubwool|def|0\n|\n|upkeep\n|turn|29\n|c|\u2606ahbrandt|no on wooloo i am out of body press on it\n|\n|t:|1666053856\n|-activate|p1a: Ditto|move: Struggle\n|move|p1a: Ditto|Struggle|p2b: Wooloo\n|-crit|p2b: Wooloo\n|-damage|p2b: Wooloo|91\/100\n|-damage|p1a: Ditto|71\/100|[from] recoil\n|move|p2b: Wooloo|Payback|p1b: Ditto\n|-damage|p1b: Ditto|99\/100 par\n|move|p1b: Ditto|Cotton Guard|p1b: Ditto\n|-boost|p1b: Ditto|def|0\n|move|p2a: Dubwool|Sleep Talk||[still]\n|-fail|p2a: Dubwool\n|\n|upkeep\n|turn|30\n|c|\u2606Huskothy|rip\n|\n|t:|1666053873\n|-activate|p1a: Ditto|move: Struggle\n|move|p1a: Ditto|Struggle|p2b: Wooloo\n|-damage|p2b: Wooloo|89\/100\n|-damage|p1a: Ditto|46\/100|[from] recoil\n|move|p2b: Wooloo|Facade|p1a: Ditto\n|-damage|p1a: Ditto|41\/100\n|cant|p2a: Dubwool|par\n|cant|p1b: Ditto|par\n|\n|upkeep\n|turn|31\n|\n|t:|1666053886\n|-activate|p1a: Ditto|move: Struggle\n|move|p1a: Ditto|Struggle|p2a: Dubwool\n|-damage|p2a: Dubwool|99\/100 par\n|-damage|p1a: Ditto|16\/100|[from] recoil\n|move|p2b: Wooloo|Facade|p1a: Ditto\n|-damage|p1a: Ditto|12\/100\n|move|p2a: Dubwool|Cotton Guard|p2a: Dubwool\n|-boost|p2a: Dubwool|def|0\n|move|p1b: Ditto|Rest|p1b: Ditto\n|-status|p1b: Ditto|slp|[from] move: Rest\n|-heal|p1b: Ditto|100\/100 slp|[silent]\n|\n|-heal|p2a: Dubwool|100\/100 par|[from] item: Leftovers\n|upkeep\n|turn|32\n|\n|t:|1666053901\n|cant|p1b: Ditto|slp\n|move|p1b: Ditto|Sleep Talk|p1b: Ditto\n|move|p1b: Ditto|Rest||[from]move: Sleep Talk|[still]\n|-fail|p1b: Ditto\n|-activate|p1a: Ditto|move: Struggle\n|move|p1a: Ditto|Struggle|p2a: Dubwool\n|-damage|p2a: Dubwool|99\/100 par\n|-damage|p1a: Ditto|0 fnt|[from] recoil\n|faint|p1a: Ditto\n|move|p2b: Wooloo|Rest|p2b: Wooloo\n|-status|p2b: Wooloo|slp|[from] move: Rest\n|-heal|p2b: Wooloo|100\/100 slp|[silent]\n|move|p2a: Dubwool|Sleep Talk||[still]\n|-fail|p2a: Dubwool\n|\n|-heal|p2a: Dubwool|100\/100 par|[from] item: Leftovers\n|upkeep\n|turn|33\n|\n|t:|1666053917\n|cant|p1b: Ditto|slp\n|move|p1b: Ditto|Sleep Talk|p1b: Ditto\n|move|p1b: Ditto|Body Press|p2a: Dubwool|[from]move: Sleep Talk\n|-supereffective|p2a: Dubwool\n|-damage|p2a: Dubwool|82\/100 par\n|cant|p2b: Wooloo|slp\n|move|p2a: Dubwool|Body Press|p1b: Ditto\n|-supereffective|p1b: Ditto\n|-damage|p1b: Ditto|77\/100 slp\n|\n|-heal|p2a: Dubwool|88\/100 par|[from] item: Leftovers\n|upkeep\n|turn|34\n|\n|t:|1666053929\n|-curestatus|p1b: Ditto|slp|[msg]\n|move|p1b: Ditto|Sleep Talk||[still]\n|-fail|p1b: Ditto\n|cant|p2b: Wooloo|slp\n|cant|p2a: Dubwool|par\n|\n|-heal|p2a: Dubwool|94\/100 par|[from] item: Leftovers\n|upkeep\n|turn|35\n|\n|t:|1666053937\n|move|p1b: Ditto|Rest|p1b: Ditto\n|-status|p1b: Ditto|slp|[from] move: Rest\n|-heal|p1b: Ditto|100\/100 slp|[silent]\n|-curestatus|p2b: Wooloo|slp|[msg]\n|move|p2b: Wooloo|Cotton Guard|p2b: Wooloo\n|-boost|p2b: Wooloo|def|0\n|cant|p2a: Dubwool|par\n|\n|-heal|p2a: Dubwool|100\/100 par|[from] item: Leftovers\n|upkeep\n|turn|36\n|\n|t:|1666053947\n|cant|p1b: Ditto|slp\n|move|p1b: Ditto|Sleep Talk|p1b: Ditto\n|move|p1b: Ditto|Cotton Guard|p1b: Ditto|[from]move: Sleep Talk\n|-boost|p1b: Ditto|def|0\n|move|p2b: Wooloo|Payback|p1b: Ditto\n|-damage|p1b: Ditto|98\/100 slp\n|move|p2a: Dubwool|Cotton Guard|p2a: Dubwool\n|-boost|p2a: Dubwool|def|0\n|\n|upkeep\n|turn|37\n|\n|t:|1666053959\n|cant|p1b: Ditto|slp\n|move|p1b: Ditto|Sleep Talk|p1b: Ditto\n|move|p1b: Ditto|Body Press|p2b: Wooloo|[from]move: Sleep Talk\n|-supereffective|p2b: Wooloo\n|-damage|p2b: Wooloo|60\/100\n|move|p2b: Wooloo|Facade|p1b: Ditto\n|-damage|p1b: Ditto|96\/100 slp\n|move|p2a: Dubwool|Body Press|p1b: Ditto\n|-supereffective|p1b: Ditto\n|-damage|p1b: Ditto|74\/100 slp\n|\n|upkeep\n|turn|38\n|\n|t:|1666053971\n|-curestatus|p1b: Ditto|slp|[msg]\n|move|p1b: Ditto|Cotton Guard|p1b: Ditto\n|-boost|p1b: Ditto|def|0\n|move|p2b: Wooloo|Rest|p2b: Wooloo\n|-status|p2b: Wooloo|slp|[from] move: Rest\n|-heal|p2b: Wooloo|100\/100 slp|[silent]\n|move|p2a: Dubwool|Body Press|p1b: Ditto\n|-supereffective|p1b: Ditto\n|-crit|p1b: Ditto\n|-damage|p1b: Ditto|0 fnt\n|faint|p1b: Ditto\n|\n|win|Huskothy\n|raw|ahbrandt's rating: 1000 &rarr; <strong>1000<\/strong><br \/>(+0 for losing)\n|raw|Huskothy's rating: 1000 &rarr; <strong>1040<\/strong><br \/>(+40 for winning)\n|c|\u2606Huskothy|gg\n|c|\u2606ahbrandt|gg\n|l|\u2606ahbrandt\n||Ladder isn't responding, score probably updated but might not have (Request timeout).\n","uploadtime":1666053987,"views":5,"p1id":"ahbrandt","p2id":"huskothy","formatid":"gen8ultimatefinale","rating":1000,"private":0,"password":null}