{"id":"gen8ru-1239676329","p1":"RNG Jutsu","p2":"OGamer289","format":"gen8ru","log":"|j|\u2606RNG Jutsu\n|j|\u2606OGamer289\n|t:|1607449253\n|player|p1|RNG Jutsu|169|1349\n|player|p2|OGamer289|153|1354\n|teamsize|p1|6\n|teamsize|p2|6\n|gametype|singles\n|gen|8\n|tier|[Gen 8] RU\n|rated|\n|clearpoke\n|poke|p1|Metagross|\n|poke|p1|Lucario, F|\n|poke|p1|Grimmsnarl, M|\n|poke|p1|Diggersby, F|\n|poke|p1|Thundurus, M|\n|poke|p1|Mimikyu, M|\n|poke|p2|Slowbro-Galar, M|\n|poke|p2|Zarude|\n|poke|p2|Suicune|\n|poke|p2|Entei|\n|poke|p2|Klefki, M|\n|poke|p2|Articuno-Galar|\n|rule|Sleep Clause Mod: Limit one foe put to sleep\n|rule|Species Clause: Limit one of each Pok\u00e9mon\n|rule|OHKO Clause: OHKO moves are banned\n|rule|Evasion Moves Clause: Evasion moves are banned\n|rule|Endless Battle Clause: Forcing endless battles is banned\n|rule|HP Percentage Mod: HP is shown in percentages\n|rule|Dynamax Clause: You cannot dynamax\n|teampreview\n|inactive|Battle timer is ON: inactive players will automatically lose when time's up. (requested by OGamer289)\n|\n|t:|1607449263\n|start\n|switch|p1a: Metagross|Metagross|100\/100\n|switch|p2a: Jorge|Zarude|100\/100\n|turn|1\n|\n|t:|1607449267\n|move|p2a: Jorge|U-turn|p1a: Metagross\n|-damage|p1a: Metagross|73\/100\n|-damage|p2a: Jorge|91\/100|[from] item: Life Orb\n|\n|t:|1607449273\n|switch|p2a: Timo|Entei, shiny|100\/100|[from]move: U-turn\n|-ability|p2a: Timo|Pressure\n|move|p1a: Metagross|Stealth Rock|p2a: Timo\n|-sidestart|p2: OGamer289|move: Stealth Rock\n|\n|upkeep\n|turn|2\n|\n|t:|1607449276\n|move|p2a: Timo|Sacred Fire|p1a: Metagross\n|-supereffective|p1a: Metagross\n|-damage|p1a: Metagross|0 fnt\n|faint|p1a: Metagross\n|\n|upkeep\n|\n|t:|1607449279\n|switch|p1a: Grimmsnarl|Grimmsnarl, M|100\/100\n|turn|3\n|\n|t:|1607449283\n|move|p1a: Grimmsnarl|Reflect|p1a: Grimmsnarl\n|-sidestart|p1: RNG Jutsu|Reflect\n|move|p2a: Timo|Sacred Fire|p1a: Grimmsnarl\n|-damage|p1a: Grimmsnarl|49\/100\n|\n|upkeep\n|turn|4\n|\n|t:|1607449286\n|move|p1a: Grimmsnarl|Thunder Wave|p2a: Timo\n|-status|p2a: Timo|par\n|move|p2a: Timo|Sacred Fire|p1a: Grimmsnarl\n|-damage|p1a: Grimmsnarl|0 fnt\n|faint|p1a: Grimmsnarl\n|\n|upkeep\n|\n|t:|1607449293\n|switch|p1a: Diggersby|Diggersby, F|100\/100\n|turn|5\n|\n|t:|1607449300\n|switch|p2a: Articuno|Articuno-Galar|100\/100\n|-damage|p2a: Articuno|76\/100|[from] Stealth Rock\n|move|p1a: Diggersby|Swords Dance|p1a: Diggersby\n|-boost|p1a: Diggersby|atk|2\n|\n|upkeep\n|turn|6\n|\n|t:|1607449303\n|move|p1a: Diggersby|Quick Attack|p2a: Articuno\n|-damage|p2a: Articuno|0 fnt\n|-damage|p1a: Diggersby|91\/100|[from] item: Life Orb\n|faint|p2a: Articuno\n|\n|upkeep\n|inactive|OGamer289 has 120 seconds left.\n|\n|t:|1607449338\n|switch|p2a: Timo|Entei, shiny|100\/100 par\n|-damage|p2a: Timo|75\/100 par|[from] Stealth Rock\n|-ability|p2a: Timo|Pressure\n|turn|7\n|\n|t:|1607449344\n|move|p2a: Timo|Extreme Speed|p1a: Diggersby\n|-damage|p1a: Diggersby|64\/100\n|move|p1a: Diggersby|Earthquake|p2a: Timo\n|-supereffective|p2a: Timo\n|-damage|p2a: Timo|0 fnt\n|-damage|p1a: Diggersby|54\/100|[from] item: Life Orb\n|faint|p2a: Timo\n|\n|upkeep\n|\n|t:|1607449351\n|switch|p2a: Jorge|Zarude|91\/100\n|-damage|p2a: Jorge|78\/100|[from] Stealth Rock\n|turn|8\n|\n|t:|1607449356\n|move|p1a: Diggersby|Quick Attack|p2a: Jorge\n|-damage|p2a: Jorge|16\/100\n|-damage|p1a: Diggersby|44\/100|[from] item: Life Orb\n|move|p2a: Jorge|Close Combat|p1a: Diggersby\n|-supereffective|p1a: Diggersby\n|-damage|p1a: Diggersby|0 fnt\n|-unboost|p2a: Jorge|def|1\n|-unboost|p2a: Jorge|spd|1\n|-damage|p2a: Jorge|6\/100|[from] item: Life Orb\n|faint|p1a: Diggersby\n|\n|upkeep\n|\n|t:|1607449360\n|switch|p1a: Mimikyu|Mimikyu, M|100\/100\n|turn|9\n|\n|t:|1607449365\n|move|p2a: Jorge|U-turn|p1a: Mimikyu\n|-activate|p1a: Mimikyu|ability: Disguise\n|-damage|p1a: Mimikyu|100\/100\n|detailschange|p1a: Mimikyu|Mimikyu-Busted, M\n|-damage|p1a: Mimikyu|88\/100|[from] pokemon: Mimikyu-Busted\n|-damage|p2a: Jorge|0 fnt|[from] item: Life Orb\n|faint|p2a: Jorge\n|move|p1a: Mimikyu|Swords Dance|p1a: Mimikyu\n|-boost|p1a: Mimikyu|atk|2\n|\n|upkeep\n|inactive|OGamer289 has 120 seconds left.\n|\n|t:|1607449425\n|switch|p2a: Schl\u00fcs....|Klefki, M|100\/100\n|-damage|p2a: Schl\u00fcs....|95\/100|[from] Stealth Rock\n|turn|10\n|\n|t:|1607449428\n|move|p2a: Schl\u00fcs....|Toxic|p1a: Mimikyu\n|-status|p1a: Mimikyu|tox\n|move|p1a: Mimikyu|Shadow Claw|p2a: Schl\u00fcs....\n|-damage|p2a: Schl\u00fcs....|6\/100\n|-damage|p1a: Mimikyu|78\/100 tox|[from] item: Life Orb\n|\n|-heal|p2a: Schl\u00fcs....|12\/100|[from] item: Leftovers\n|-damage|p1a: Mimikyu|72\/100 tox|[from] psn\n|-sideend|p1: RNG Jutsu|Reflect\n|upkeep\n|turn|11\n|\n|t:|1607449434\n|move|p1a: Mimikyu|Shadow Sneak|p2a: Schl\u00fcs....\n|-damage|p2a: Schl\u00fcs....|0 fnt\n|-damage|p1a: Mimikyu|62\/100 tox|[from] item: Life Orb\n|faint|p2a: Schl\u00fcs....\n|\n|-damage|p1a: Mimikyu|50\/100 tox|[from] psn\n|upkeep\n|\n|t:|1607449439\n|switch|p2a: Kuh|Suicune|100\/100\n|-damage|p2a: Kuh|88\/100|[from] Stealth Rock\n|-ability|p2a: Kuh|Pressure\n|turn|12\n|\n|t:|1607449444\n|move|p1a: Mimikyu|Shadow Claw|p2a: Kuh\n|-crit|p2a: Kuh\n|-damage|p2a: Kuh|5\/100\n|-damage|p1a: Mimikyu|40\/100 tox|[from] item: Life Orb\n|move|p2a: Kuh|Scald|p1a: Mimikyu\n|-damage|p1a: Mimikyu|0 fnt\n|faint|p1a: Mimikyu\n|\n|upkeep\n|\n|t:|1607449448\n|switch|p1a: Thundurus|Thundurus, M|100\/100\n|turn|13\n|\n|t:|1607449451\n|move|p2a: Kuh|Extreme Speed|p1a: Thundurus\n|-damage|p1a: Thundurus|79\/100\n|move|p1a: Thundurus|Thunderbolt|p2a: Kuh\n|-supereffective|p2a: Kuh\n|-damage|p2a: Kuh|0 fnt\n|faint|p2a: Kuh\n|\n|upkeep\n|\n|t:|1607449454\n|switch|p2a: Bro|Slowbro-Galar, M, shiny|100\/100\n|-damage|p2a: Bro|88\/100|[from] Stealth Rock\n|turn|14\n|\n|t:|1607449456\n|move|p1a: Thundurus|Thunderbolt|p2a: Bro\n|-damage|p2a: Bro|38\/100\n|move|p2a: Bro|Shell Side Arm|p1a: Thundurus\n|-damage|p1a: Thundurus|35\/100\n|-hint|Special Shell Side Arm\n|\n|upkeep\n|turn|15\n|\n|t:|1607449459\n|move|p1a: Thundurus|Thunderbolt|p2a: Bro\n|-damage|p2a: Bro|0 fnt\n|faint|p2a: Bro\n|\n|win|RNG Jutsu\n|l|\u2606OGamer289\n|c|\u2606RNG Jutsu|gg\n","uploadtime":1607449465,"views":27,"p1id":"rngjutsu","p2id":"ogamer289","formatid":"gen8ru","rating":0,"private":0,"password":null}