{"id":"gen8randombattle-1651064352","p1":"Bloody Busybody","p2":"TheSilentPlayer_04","format":"gen8randombattle","log":"|j|\u2606Bloody Busybody\n|j|\u2606TheSilentPlayer_04\n|t:|1661784260\n|gametype|singles\n|player|p1|Bloody Busybody|bugcatcher|1433\n|player|p2|TheSilentPlayer_04|brendan-contest|1393\n|teamsize|p1|6\n|teamsize|p2|6\n|gen|8\n|tier|[Gen 8] Random Battle\n|rated|\n|rule|Species Clause: Limit one of each Pok\u00e9mon\n|rule|HP Percentage Mod: HP is shown in percentages\n|rule|Sleep Clause Mod: Limit one foe put to sleep\n|\n|t:|1661784260\n|start\n|switch|p1a: Kommo-o|Kommo-o, L80, M|251\/251\n|switch|p2a: Golisopod|Golisopod, L84, M|263\/263\n|turn|1\n|inactive|Battle timer is ON: inactive players will automatically lose when time's up. (requested by Bloody Busybody)\n|\n|t:|1661784283\n|switch|p1a: Avalugg|Avalugg, L86, F|303\/303\n|switch|p2a: Skarmory|Skarmory, L80, F|235\/235\n|\n|upkeep\n|turn|2\n|\n|t:|1661784289\n|move|p2a: Skarmory|Stealth Rock|p1a: Avalugg\n|-sidestart|p1: Bloody Busybody|move: Stealth Rock\n|move|p1a: Avalugg|Curse|p1a: Avalugg\n|-unboost|p1a: Avalugg|spe|1\n|-boost|p1a: Avalugg|atk|1\n|-boost|p1a: Avalugg|def|1\n|\n|upkeep\n|turn|3\n|\n|t:|1661784293\n|move|p1a: Avalugg|Avalanche|p2a: Skarmory\n|-damage|p2a: Skarmory|150\/235\n|move|p2a: Skarmory|Whirlwind|p1a: Avalugg\n|drag|p1a: Ninetales|Ninetales-Alola, L79, F|245\/245\n|-weather|Hail|[from] ability: Snow Warning|[of] p1a: Ninetales\n|\n|-weather|Hail|[upkeep]\n|-damage|p2a: Skarmory|136\/235|[from] Hail\n|-heal|p2a: Skarmory|150\/235|[from] item: Leftovers\n|upkeep\n|turn|4\n|\n|t:|1661784298\n|switch|p2a: Golisopod|Golisopod, L84, M|263\/263\n|move|p1a: Ninetales|Blizzard|p2a: Golisopod\n|-resisted|p2a: Golisopod\n|-damage|p2a: Golisopod|217\/263\n|\n|-weather|Hail|[upkeep]\n|-damage|p2a: Golisopod|201\/263|[from] Hail\n|upkeep\n|turn|5\n|\n|t:|1661784304\n|move|p1a: Ninetales|Freeze-Dry|p2a: Golisopod\n|-supereffective|p2a: Golisopod\n|-damage|p2a: Golisopod|85\/263\n|-activate|p2a: Golisopod|ability: Emergency Exit\n|\n|t:|1661784311\n|switch|p2a: Weezing|Weezing, L86, M|252\/252\n|\n|-weather|Hail|[upkeep]\n|-damage|p2a: Weezing|237\/252|[from] Hail\n|-heal|p2a: Weezing|252\/252|[from] item: Black Sludge\n|upkeep\n|turn|6\n|\n|t:|1661784333\n|switch|p1a: Solgaleo|Solgaleo, L72|316\/316\n|-damage|p1a: Solgaleo|297\/316|[from] Stealth Rock\n|move|p2a: Weezing|Sludge Bomb|p1a: Solgaleo\n|-immune|p1a: Solgaleo\n|\n|-weather|Hail|[upkeep]\n|-damage|p1a: Solgaleo|278\/316|[from] Hail\n|-damage|p2a: Weezing|237\/252|[from] Hail\n|-heal|p2a: Weezing|252\/252|[from] item: Black Sludge\n|upkeep\n|turn|7\n|\n|t:|1661784337\n|move|p1a: Solgaleo|Flame Charge|p2a: Weezing\n|-damage|p2a: Weezing|226\/252\n|-boost|p1a: Solgaleo|spe|1\n|move|p2a: Weezing|Will-O-Wisp|p1a: Solgaleo\n|-status|p1a: Solgaleo|brn\n|\n|-weather|none\n|-heal|p2a: Weezing|241\/252|[from] item: Black Sludge\n|-damage|p1a: Solgaleo|259\/316 brn|[from] brn\n|upkeep\n|turn|8\n|\n|t:|1661784344\n|move|p1a: Solgaleo|Knock Off|p2a: Weezing\n|-damage|p2a: Weezing|217\/252\n|-enditem|p2a: Weezing|Black Sludge|[from] move: Knock Off|[of] p1a: Solgaleo\n|move|p2a: Weezing|Toxic Spikes|p1a: Solgaleo\n|-sidestart|p1: Bloody Busybody|move: Toxic Spikes\n|\n|-damage|p1a: Solgaleo|240\/316 brn|[from] brn\n|upkeep\n|turn|9\n|inactive|Bloody Busybody has 120 seconds left.\n|inactive|Bloody Busybody has 90 seconds left.\n|inactive|Bloody Busybody has 60 seconds left.\n|inactive|Bloody Busybody has 30 seconds left.\n|\n|t:|1661784465\n|move|p1a: Solgaleo|Sunsteel Strike|p2a: Weezing\n|-damage|p2a: Weezing|179\/252\n|move|p2a: Weezing|Toxic Spikes|p1a: Solgaleo\n|-sidestart|p1: Bloody Busybody|move: Toxic Spikes\n|\n|-damage|p1a: Solgaleo|221\/316 brn|[from] brn\n|upkeep\n|turn|10\n|\n|t:|1661784474\n|switch|p2a: Skarmory|Skarmory, L80, F|150\/235\n|move|p1a: Solgaleo|Sunsteel Strike|p2a: Skarmory\n|-resisted|p2a: Skarmory\n|-damage|p2a: Skarmory|133\/235\n|\n|-heal|p2a: Skarmory|147\/235|[from] item: Leftovers\n|-damage|p1a: Solgaleo|202\/316 brn|[from] brn\n|upkeep\n|turn|11\n|\n|t:|1661784479\n|move|p1a: Solgaleo|Knock Off|p2a: Skarmory\n|-damage|p2a: Skarmory|123\/235\n|-enditem|p2a: Skarmory|Leftovers|[from] move: Knock Off|[of] p1a: Solgaleo\n|move|p2a: Skarmory|Roost|p2a: Skarmory\n|-heal|p2a: Skarmory|235\/235\n|-singleturn|p2a: Skarmory|move: Roost\n|\n|-damage|p1a: Solgaleo|183\/316 brn|[from] brn\n|upkeep\n|turn|12\n|\n|t:|1661784492\n|switch|p1a: Miltank|Miltank, L84, F|297\/297\n|-damage|p1a: Miltank|260\/297|[from] Stealth Rock\n|-status|p1a: Miltank|tox\n|move|p2a: Skarmory|Whirlwind|p1a: Miltank\n|drag|p1a: Solgaleo|Solgaleo, L72|183\/316 brn\n|-damage|p1a: Solgaleo|164\/316 brn|[from] Stealth Rock\n|\n|-damage|p1a: Solgaleo|145\/316 brn|[from] brn\n|upkeep\n|turn|13\n|\n|t:|1661784496\n|move|p1a: Solgaleo|Flame Charge|p2a: Skarmory\n|-supereffective|p2a: Skarmory\n|-damage|p2a: Skarmory|209\/235\n|-boost|p1a: Solgaleo|spe|1\n|move|p2a: Skarmory|Whirlwind|p1a: Solgaleo\n|drag|p1a: Registeel|Registeel, L83|268\/268\n|-damage|p1a: Registeel|252\/268|[from] Stealth Rock\n|\n|upkeep\n|turn|14\n|inactive|Bloody Busybody has 60 seconds left.\n|\n|t:|1661784502\n|move|p1a: Registeel|Iron Head|p2a: Skarmory\n|-resisted|p2a: Skarmory\n|-crit|p2a: Skarmory\n|-damage|p2a: Skarmory|168\/235\n|move|p2a: Skarmory|Whirlwind|p1a: Registeel\n|drag|p1a: Miltank|Miltank, L84, F|260\/297 tox\n|-damage|p1a: Miltank|223\/297 tox|[from] Stealth Rock\n|\n|-heal|p1a: Miltank|241\/297 tox|[from] item: Leftovers\n|-damage|p1a: Miltank|223\/297 tox|[from] psn\n|upkeep\n|turn|15\n|j| Thundersprit\n|\n|t:|1661784512\n|move|p1a: Miltank|Stealth Rock|p2a: Skarmory\n|-sidestart|p2: TheSilentPlayer_04|move: Stealth Rock\n|move|p2a: Skarmory|Roost|p2a: Skarmory\n|-heal|p2a: Skarmory|235\/235\n|-singleturn|p2a: Skarmory|move: Roost\n|\n|-heal|p1a: Miltank|241\/297 tox|[from] item: Leftovers\n|-damage|p1a: Miltank|205\/297 tox|[from] psn\n|upkeep\n|turn|16\n|\n|t:|1661784516\n|move|p1a: Miltank|Body Slam|p2a: Skarmory\n|-resisted|p2a: Skarmory\n|-damage|p2a: Skarmory|207\/235\n|-status|p2a: Skarmory|par\n|move|p2a: Skarmory|Whirlwind|p1a: Miltank\n|drag|p1a: Kommo-o|Kommo-o, L80, M|251\/251\n|-damage|p1a: Kommo-o|236\/251|[from] Stealth Rock\n|-status|p1a: Kommo-o|tox\n|\n|-damage|p1a: Kommo-o|221\/251 tox|[from] psn\n|upkeep\n|turn|17\n|\n|t:|1661784526\n|move|p1a: Kommo-o|Close Combat|p2a: Skarmory\n|-damage|p2a: Skarmory|113\/235 par\n|-unboost|p1a: Kommo-o|def|1\n|-unboost|p1a: Kommo-o|spd|1\n|cant|p2a: Skarmory|par\n|\n|-damage|p1a: Kommo-o|191\/251 tox|[from] psn\n|upkeep\n|turn|18\n|\n|t:|1661784531\n|move|p1a: Kommo-o|Close Combat|p2a: Skarmory\n|-damage|p2a: Skarmory|17\/235 par\n|-unboost|p1a: Kommo-o|def|1\n|-unboost|p1a: Kommo-o|spd|1\n|move|p2a: Skarmory|Roost|p2a: Skarmory\n|-heal|p2a: Skarmory|135\/235 par\n|-singleturn|p2a: Skarmory|move: Roost\n|\n|-damage|p1a: Kommo-o|146\/251 tox|[from] psn\n|upkeep\n|turn|19\n|\n|t:|1661784534\n|move|p1a: Kommo-o|Close Combat|p2a: Skarmory\n|-damage|p2a: Skarmory|45\/235 par\n|-unboost|p1a: Kommo-o|def|1\n|-unboost|p1a: Kommo-o|spd|1\n|move|p2a: Skarmory|Roost|p2a: Skarmory\n|-heal|p2a: Skarmory|163\/235 par\n|-singleturn|p2a: Skarmory|move: Roost\n|\n|-damage|p1a: Kommo-o|86\/251 tox|[from] psn\n|upkeep\n|turn|20\n|\n|t:|1661784539\n|move|p1a: Kommo-o|Close Combat|p2a: Skarmory\n|-damage|p2a: Skarmory|76\/235 par\n|-unboost|p1a: Kommo-o|def|1\n|-unboost|p1a: Kommo-o|spd|1\n|move|p2a: Skarmory|Roost|p2a: Skarmory\n|-heal|p2a: Skarmory|194\/235 par\n|-singleturn|p2a: Skarmory|move: Roost\n|\n|-damage|p1a: Kommo-o|11\/251 tox|[from] psn\n|upkeep\n|turn|21\n|\n|t:|1661784542\n|move|p1a: Kommo-o|Close Combat|p2a: Skarmory\n|-crit|p2a: Skarmory\n|-damage|p2a: Skarmory|50\/235 par\n|-unboost|p1a: Kommo-o|def|1\n|-unboost|p1a: Kommo-o|spd|1\n|move|p2a: Skarmory|Roost|p2a: Skarmory\n|-heal|p2a: Skarmory|168\/235 par\n|-singleturn|p2a: Skarmory|move: Roost\n|\n|-damage|p1a: Kommo-o|0 fnt|[from] psn\n|faint|p1a: Kommo-o\n|upkeep\n|\n|t:|1661784549\n|switch|p1a: Ninetales|Ninetales-Alola, L79, F|245\/245\n|-weather|Hail|[from] ability: Snow Warning|[of] p1a: Ninetales\n|turn|22\n|\n|t:|1661784560\n|move|p1a: Ninetales|Nasty Plot|p1a: Ninetales\n|-boost|p1a: Ninetales|spa|2\n|move|p2a: Skarmory|Whirlwind|p1a: Ninetales\n|drag|p1a: Registeel|Registeel, L83|252\/268\n|-damage|p1a: Registeel|236\/268|[from] Stealth Rock\n|\n|-weather|Hail|[upkeep]\n|-damage|p1a: Registeel|220\/268|[from] Hail\n|-damage|p2a: Skarmory|154\/235 par|[from] Hail\n|upkeep\n|turn|23\n|\n|t:|1661784575\n|switch|p2a: Farfetch\u2019d|Farfetch\u2019d, L90, M|239\/239\n|-damage|p2a: Farfetch\u2019d|180\/239|[from] Stealth Rock\n|move|p1a: Registeel|Body Press|p2a: Farfetch\u2019d\n|-damage|p2a: Farfetch\u2019d|81\/239\n|\n|-weather|Hail|[upkeep]\n|-damage|p2a: Farfetch\u2019d|67\/239|[from] Hail\n|-damage|p1a: Registeel|204\/268|[from] Hail\n|upkeep\n|turn|24\n|\n|t:|1661784581\n|move|p2a: Farfetch\u2019d|Close Combat|p1a: Registeel\n|-supereffective|p1a: Registeel\n|-damage|p1a: Registeel|80\/268\n|-unboost|p2a: Farfetch\u2019d|def|1\n|-unboost|p2a: Farfetch\u2019d|spd|1\n|move|p1a: Registeel|Body Press|p2a: Farfetch\u2019d\n|-damage|p2a: Farfetch\u2019d|0 fnt\n|faint|p2a: Farfetch\u2019d\n|\n|-weather|Hail|[upkeep]\n|-damage|p1a: Registeel|64\/268|[from] Hail\n|upkeep\n|l| Thundersprit\n|\n|t:|1661784586\n|switch|p2a: Tapu Koko|Tapu Koko, L78|237\/237\n|-damage|p2a: Tapu Koko|208\/237|[from] Stealth Rock\n|-fieldstart|move: Electric Terrain|[from] ability: Electric Surge|[of] p2a: Tapu Koko\n|turn|25\n|\n|t:|1661784591\n|switch|p1a: Solgaleo|Solgaleo, L72|145\/316 brn\n|-damage|p1a: Solgaleo|126\/316 brn|[from] Stealth Rock\n|move|p2a: Tapu Koko|Thunderbolt|p1a: Solgaleo\n|-damage|p1a: Solgaleo|0 fnt\n|faint|p1a: Solgaleo\n|-damage|p2a: Tapu Koko|185\/237|[from] item: Life Orb\n|\n|-weather|Hail|[upkeep]\n|-damage|p2a: Tapu Koko|171\/237|[from] Hail\n|upkeep\n|\n|t:|1661784594\n|switch|p1a: Miltank|Miltank, L84, F|205\/297 tox\n|-damage|p1a: Miltank|168\/297 tox|[from] Stealth Rock\n|turn|26\n|\n|t:|1661784598\n|switch|p2a: Skarmory|Skarmory, L80, F|154\/235 par\n|-damage|p2a: Skarmory|125\/235 par|[from] Stealth Rock\n|move|p1a: Miltank|Milk Drink|p1a: Miltank\n|-heal|p1a: Miltank|297\/297 tox\n|\n|-weather|none\n|-damage|p1a: Miltank|279\/297 tox|[from] psn\n|upkeep\n|turn|27\n|\n|t:|1661784608\n|switch|p1a: Ninetales|Ninetales-Alola, L79, F|245\/245\n|-weather|Hail|[from] ability: Snow Warning|[of] p1a: Ninetales\n|cant|p2a: Skarmory|par\n|\n|-weather|Hail|[upkeep]\n|-damage|p2a: Skarmory|111\/235 par|[from] Hail\n|upkeep\n|turn|28\n|\n|t:|1661784617\n|move|p1a: Ninetales|Blizzard|p2a: Skarmory\n|-damage|p2a: Skarmory|0 fnt\n|faint|p2a: Skarmory\n|\n|-weather|Hail|[upkeep]\n|upkeep\n|\n|t:|1661784620\n|switch|p2a: Mienshao|Mienshao, L82, F|241\/241\n|-damage|p2a: Mienshao|226\/241|[from] Stealth Rock\n|turn|29\n|\n|t:|1661784632\n|-start|p2a: Mienshao|Dynamax|\n|-heal|p2a: Mienshao|452\/482|[silent]\n|move|p2a: Mienshao|Max Rockfall|p1a: Ninetales\n|-supereffective|p1a: Ninetales\n|-damage|p1a: Ninetales|0 fnt\n|-weather|Sandstorm\n|faint|p1a: Ninetales\n|-damage|p2a: Mienshao|428\/482|[from] item: Life Orb\n|\n|-weather|Sandstorm|[upkeep]\n|-damage|p2a: Mienshao|413\/482|[from] Sandstorm\n|-fieldend|move: Electric Terrain\n|upkeep\n|\n|t:|1661784636\n|switch|p1a: Avalugg|Avalugg, L86, F|303\/303\n|-damage|p1a: Avalugg|228\/303|[from] Stealth Rock\n|-status|p1a: Avalugg|tox\n|turn|30\n|\n|t:|1661784640\n|move|p2a: Mienshao|Max Knuckle|p1a: Avalugg\n|-supereffective|p1a: Avalugg\n|-damage|p1a: Avalugg|54\/303 tox\n|-boost|p2a: Mienshao|atk|1\n|-damage|p2a: Mienshao|389\/482|[from] item: Life Orb\n|move|p1a: Avalugg|Recover|p1a: Avalugg\n|-heal|p1a: Avalugg|206\/303 tox\n|\n|-weather|Sandstorm|[upkeep]\n|-damage|p2a: Mienshao|374\/482|[from] Sandstorm\n|-damage|p1a: Avalugg|188\/303 tox|[from] Sandstorm\n|-heal|p1a: Avalugg|206\/303 tox|[from] item: Leftovers\n|-damage|p1a: Avalugg|188\/303 tox|[from] psn\n|upkeep\n|turn|31\n|\n|t:|1661784649\n|move|p2a: Mienshao|Max Knuckle|p1a: Avalugg\n|-supereffective|p1a: Avalugg\n|-damage|p1a: Avalugg|0 fnt\n|-boost|p2a: Mienshao|atk|1\n|faint|p1a: Avalugg\n|-damage|p2a: Mienshao|350\/482|[from] item: Life Orb\n|\n|-weather|Sandstorm|[upkeep]\n|-damage|p2a: Mienshao|335\/482|[from] Sandstorm\n|upkeep\n|-message|Bloody Busybody forfeited.\n|\n|win|TheSilentPlayer_04\n|raw|Bloody Busybody's rating: 1433 &rarr; <strong>1411<\/strong><br \/>(-22 for losing)\n|raw|TheSilentPlayer_04's rating: 1393 &rarr; <strong>1415<\/strong><br \/>(+22 for winning)\n|l|\u2606Bloody Busybody\n","inputlog":">version 6a616b3eff9d23b71ac7ce9a5066e931b21dc500\n>start {\"formatid\":\"gen8randombattle\",\"seed\":[54463,19646,51,13773],\"rated\":\"Rated battle\"}\n>player p1 {\"name\":\"Bloody Busybody\",\"avatar\":\"bugcatcher\",\"rating\":1433,\"seed\":[19419,26940,54280,48221]}\n>player p2 {\"name\":\"TheSilentPlayer_04\",\"avatar\":\"brendan-contest\",\"rating\":1393,\"seed\":[29319,42408,11132,48857]}\n>p1 switch 5\n>p2 switch 2\n>p1 move curse\n>p2 move stealthrock\n>p1 move avalanche\n>p2 move whirlwind\n>p1 move blizzard\n>p2 switch 2\n>p1 move freezedry\n>p2 move liquidation\n>p2 switch 5\n>p1 switch 4\n>p2 move sludgebomb\n>p1 move flamecharge\n>p2 move willowisp\n>p1 move knockoff\n>p2 move toxicspikes\n>p1 move sunsteelstrike\n>p2 move toxicspikes\n>p1 move sunsteelstrike\n>p2 switch 2\n>p1 move knockoff\n>p2 move roost\n>p1 switch 6\n>p2 move whirlwind\n>p1 move flamecharge\n>p2 move whirlwind\n>p1 move ironhead\n>p2 move whirlwind\n>p1 move stealthrock\n>p2 move roost\n>p1 move bodyslam\n>p2 move whirlwind\n>p1 move closecombat\n>p2 move whirlwind\n>p1 move closecombat\n>p2 move roost\n>p1 move closecombat\n>p2 move roost\n>p1 move closecombat\n>p2 move roost\n>p1 move closecombat\n>p2 move roost\n>p1 switch 4\n>p1 move nastyplot\n>p2 move whirlwind\n>p1 move bodypress\n>p2 switch 4\n>p1 move bodypress\n>p2 move closecombat\n>p2 switch 6\n>p1 switch 2\n>p2 move thunderbolt\n>p1 switch 5\n>p1 move milkdrink\n>p2 switch 4\n>p1 switch 6\n>p2 move whirlwind\n>p1 move blizzard\n>p2 move whirlwind\n>p2 switch 3\n>p1 move moonblast\n>p2 move stoneedge dynamax\n>p1 switch 3\n>p1 move recover\n>p2 move closecombat dynamax\n>p1 move avalanche\n>p2 move closecombat dynamax\n>forcelose p1","uploadtime":1661784662,"views":5,"p1id":"bloodybusybody","p2id":"thesilentplayer04","formatid":"gen8randombattle","rating":1411,"private":0,"password":null}