{"id":"gen8ou-1020014880","p1":"tyang10","p2":"Del chef","format":"gen8ou","log":"|j|\u2606tyang10\n|j|\u2606Del chef\n|player|p1|tyang10|169|1415\n|player|p2|Del chef|266|1436\n|teamsize|p1|6\n|teamsize|p2|6\n|gametype|singles\n|gen|8\n|tier|[Gen 8] OU\n|rated|\n|rule|Sleep Clause Mod: Limit one foe put to sleep\n|rule|Species Clause: Limit one of each Pok\u00e9mon\n|rule|OHKO Clause: OHKO moves are banned\n|rule|Evasion Moves Clause: Evasion moves are banned\n|rule|Endless Battle Clause: Forcing endless battles is banned\n|rule|HP Percentage Mod: HP is shown in percentages\n|clearpoke\n|poke|p1|Darmanitan-Galar, F|item\n|poke|p1|Shiftry, M|item\n|poke|p1|Torkoal, F|item\n|poke|p1|Salazzle, F|item\n|poke|p1|Rotom-Wash|item\n|poke|p1|Corviknight, M|item\n|poke|p2|Hitmontop, M|item\n|poke|p2|Gengar, F|item\n|poke|p2|Sylveon, M|item\n|poke|p2|Appletun, F|item\n|poke|p2|Rotom-Wash|item\n|poke|p2|Steelix, F|item\n|teampreview\n|inactive|Battle timer is ON: inactive players will automatically lose when time's up. (requested by tyang10)\n|\n|start\n|switch|p1a: Darmanitan|Darmanitan-Galar, F|100\/100\n|switch|p2a: Rotom|Rotom-Wash|100\/100\n|turn|1\n|\n|move|p1a: Darmanitan|U-turn|p2a: Rotom\n|-damage|p2a: Rotom|44\/100\n|\n|switch|p1a: Torkoal|Torkoal, F|100\/100|[from]move: U-turn\n|-weather|SunnyDay|[from] ability: Drought|[of] p1a: Torkoal\n|move|p2a: Rotom|Volt Switch|p1a: Torkoal\n|-damage|p1a: Torkoal|57\/100\n|\n|switch|p2a: Gengar|Gengar, F|100\/100|[from]move: Volt Switch\n|\n|-weather|SunnyDay|[upkeep]\n|-heal|p1a: Torkoal|64\/100|[from] item: Leftovers\n|upkeep\n|turn|2\n|\n|switch|p1a: Corviknight|Corviknight, M|100\/100\n|move|p2a: Gengar|Sludge Wave|p1a: Corviknight\n|-immune|p1a: Corviknight\n|\n|-weather|SunnyDay|[upkeep]\n|upkeep\n|turn|3\n|\n|switch|p2a: Steelix|Steelix, F|100\/100\n|switch|p1a: Shiftry|Shiftry, M|100\/100\n|\n|-weather|SunnyDay|[upkeep]\n|upkeep\n|turn|4\n|\n|move|p1a: Shiftry|Heat Wave|p2a: Steelix\n|-supereffective|p2a: Steelix\n|-ability|p2a: Steelix|Sturdy\n|-damage|p2a: Steelix|1\/100\n|-damage|p1a: Shiftry|91\/100|[from] item: Life Orb\n|move|p2a: Steelix|Stealth Rock|p1a: Shiftry\n|-sidestart|p1: tyang10|move: Stealth Rock\n|\n|-weather|SunnyDay|[upkeep]\n|upkeep\n|turn|5\n|\n|move|p1a: Shiftry|Heat Wave|p2a: Steelix\n|-supereffective|p2a: Steelix\n|-damage|p2a: Steelix|0 fnt\n|-damage|p1a: Shiftry|81\/100|[from] item: Life Orb\n|faint|p2a: Steelix\n|\n|-weather|none\n|upkeep\n|\n|switch|p2a: Sylveon|Sylveon, M|100\/100\n|turn|6\n|\n|switch|p1a: Corviknight|Corviknight, M|100\/100\n|-damage|p1a: Corviknight|88\/100|[from] Stealth Rock\n|switch|p2a: Gengar|Gengar, F|100\/100\n|\n|-heal|p1a: Corviknight|94\/100|[from] item: Leftovers\n|upkeep\n|turn|7\n|\n|move|p2a: Gengar|Thunderbolt|p1a: Corviknight\n|-supereffective|p1a: Corviknight\n|-damage|p1a: Corviknight|53\/100\n|move|p1a: Corviknight|Defog|p2a: Gengar\n|-unboost|p2a: Gengar|evasion|1\n|-sideend|p1: tyang10|Stealth Rock|[from] move: Defog|[of] p1a: Corviknight\n|\n|-heal|p1a: Corviknight|59\/100|[from] item: Leftovers\n|upkeep\n|turn|8\n|\n|switch|p2a: Rotom|Rotom-Wash|44\/100\n|move|p1a: Corviknight|Roost|p1a: Corviknight\n|-heal|p1a: Corviknight|100\/100\n|-singleturn|p1a: Corviknight|move: Roost\n|\n|upkeep\n|turn|9\n|\n|switch|p1a: Torkoal|Torkoal, F|64\/100\n|-weather|SunnyDay|[from] ability: Drought|[of] p1a: Torkoal\n|move|p2a: Rotom|Volt Switch|p1a: Torkoal\n|-crit|p1a: Torkoal\n|-damage|p1a: Torkoal|4\/100\n|\n|switch|p2a: Sylveon|Sylveon, M|100\/100|[from]move: Volt Switch\n|\n|-weather|SunnyDay|[upkeep]\n|-heal|p1a: Torkoal|10\/100|[from] item: Leftovers\n|upkeep\n|turn|10\n|\n|switch|p1a: Salazzle|Salazzle, F|100\/100\n|move|p2a: Sylveon|Hyper Voice|p1a: Salazzle\n|-resisted|p1a: Salazzle\n|-damage|p1a: Salazzle|81\/100\n|\n|-weather|SunnyDay|[upkeep]\n|-heal|p1a: Salazzle|87\/100|[from] item: Black Sludge\n|upkeep\n|turn|11\n|\n|switch|p2a: Hitmontop|Hitmontop, M|100\/100\n|-ability|p2a: Hitmontop|Intimidate|boost\n|-unboost|p1a: Salazzle|atk|1\n|move|p1a: Salazzle|Sludge Wave|p2a: Hitmontop\n|-damage|p2a: Hitmontop|69\/100\n|\n|-weather|SunnyDay|[upkeep]\n|-heal|p1a: Salazzle|93\/100|[from] item: Black Sludge\n|upkeep\n|turn|12\n|\n|switch|p2a: Rotom|Rotom-Wash|44\/100\n|move|p1a: Salazzle|Fire Blast|p2a: Rotom\n|-resisted|p2a: Rotom\n|-damage|p2a: Rotom|0 fnt\n|faint|p2a: Rotom\n|\n|-weather|SunnyDay|[upkeep]\n|-heal|p1a: Salazzle|99\/100|[from] item: Black Sludge\n|upkeep\n|\n|switch|p2a: Hitmontop|Hitmontop, M|69\/100\n|-ability|p2a: Hitmontop|Intimidate|boost\n|-unboost|p1a: Salazzle|atk|1\n|turn|13\n|\n|move|p1a: Salazzle|Fire Blast|p2a: Hitmontop\n|-damage|p2a: Hitmontop|20\/100\n|move|p2a: Hitmontop|Earthquake|p1a: Salazzle\n|-supereffective|p1a: Salazzle\n|-damage|p1a: Salazzle|0 fnt\n|faint|p1a: Salazzle\n|\n|-weather|none\n|upkeep\n|\n|switch|p1a: Darmanitan|Darmanitan-Galar, F|100\/100\n|turn|14\n|\n|move|p2a: Hitmontop|Sucker Punch|p1a: Darmanitan\n|-damage|p1a: Darmanitan|66\/100\n|move|p1a: Darmanitan|Icicle Crash|p2a: Hitmontop|[miss]\n|-miss|p1a: Darmanitan|p2a: Hitmontop\n|\n|upkeep\n|turn|15\n|\n|move|p2a: Hitmontop|Sucker Punch|p1a: Darmanitan\n|-damage|p1a: Darmanitan|29\/100\n|move|p1a: Darmanitan|Icicle Crash|p2a: Hitmontop|[miss]\n|-miss|p1a: Darmanitan|p2a: Hitmontop\n|\n|upkeep\n|turn|16\n|\n|switch|p1a: Torkoal|Torkoal, F|10\/100\n|-weather|SunnyDay|[from] ability: Drought|[of] p1a: Torkoal\n|move|p2a: Hitmontop|Earthquake|p1a: Torkoal\n|-supereffective|p1a: Torkoal\n|-damage|p1a: Torkoal|0 fnt\n|faint|p1a: Torkoal\n|\n|-weather|SunnyDay|[upkeep]\n|upkeep\n|\n|switch|p1a: Shiftry|Shiftry, M|81\/100\n|turn|17\n|\n|switch|p2a: Sylveon|Sylveon, M|100\/100\n|move|p1a: Shiftry|Solar Blade||[still]\n|-prepare|p1a: Shiftry|Solar Blade|p2a: Sylveon\n|-anim|p1a: Shiftry|Solar Blade|p2a: Sylveon\n|-damage|p2a: Sylveon|12\/100\n|-damage|p1a: Shiftry|71\/100|[from] item: Life Orb\n|\n|-weather|SunnyDay|[upkeep]\n|-heal|p2a: Sylveon|18\/100|[from] item: Leftovers\n|upkeep\n|turn|18\n|\n|move|p2a: Sylveon|Protect|p2a: Sylveon\n|-singleturn|p2a: Sylveon|Protect\n|move|p1a: Shiftry|Solar Blade||[still]\n|-prepare|p1a: Shiftry|Solar Blade|p2a: Sylveon\n|-anim|p1a: Shiftry|Solar Blade|p2a: Sylveon\n|-activate|p2a: Sylveon|move: Protect\n|\n|-weather|SunnyDay|[upkeep]\n|-heal|p2a: Sylveon|24\/100|[from] item: Leftovers\n|upkeep\n|turn|19\n|\n|switch|p2a: Appletun|Appletun, F|100\/100\n|move|p1a: Shiftry|Heat Wave|p2a: Appletun\n|-damage|p2a: Appletun|83\/100\n|-damage|p1a: Shiftry|61\/100|[from] item: Life Orb\n|\n|-weather|SunnyDay|[upkeep]\n|-heal|p2a: Appletun|89\/100|[from] item: Leftovers\n|upkeep\n|turn|20\n|\n|switch|p2a: Sylveon|Sylveon, M|24\/100\n|move|p1a: Shiftry|Swords Dance|p1a: Shiftry\n|-boost|p1a: Shiftry|atk|2\n|\n|-weather|none\n|-heal|p2a: Sylveon|30\/100|[from] item: Leftovers\n|upkeep\n|turn|21\n|\n|-start|p1a: Shiftry|Dynamax\n|-heal|p1a: Shiftry|61\/100|[silent]\n|move|p2a: Sylveon|Protect|p2a: Sylveon\n|-singleturn|p2a: Sylveon|Protect\n|move|p1a: Shiftry|Max Flare|p2a: Sylveon\n|-crit|p2a: Sylveon\n|-zbroken|p2a: Sylveon\n|-damage|p2a: Sylveon|24\/100\n|-weather|SunnyDay\n|-damage|p1a: Shiftry|51\/100|[from] item: Life Orb\n|\n|-weather|SunnyDay|[upkeep]\n|-heal|p2a: Sylveon|30\/100|[from] item: Leftovers\n|upkeep\n|turn|22\n|\n|move|p1a: Shiftry|Max Overgrowth|p2a: Sylveon\n|-damage|p2a: Sylveon|0 fnt\n|-fieldstart|move: Grassy Terrain\n|-damage|p1a: Shiftry|41\/100|[from] item: Life Orb\n|faint|p2a: Sylveon\n|\n|-weather|SunnyDay|[upkeep]\n|-heal|p1a: Shiftry|47\/100|[from] Grassy Terrain\n|upkeep\n|\n|switch|p2a: Appletun|Appletun, F|89\/100\n|turn|23\n|\n|move|p1a: Shiftry|Max Darkness|p2a: Appletun\n|-damage|p2a: Appletun|0 fnt\n|-damage|p1a: Shiftry|37\/100|[from] item: Life Orb\n|faint|p2a: Appletun\n|\n|-weather|SunnyDay|[upkeep]\n|-heal|p1a: Shiftry|43\/100|[from] Grassy Terrain\n|-end|p1a: Shiftry|Dynamax\n|-heal|p1a: Shiftry|43\/100|[silent]\n|upkeep\n|\n|switch|p2a: Hitmontop|Hitmontop, M|20\/100\n|-ability|p2a: Hitmontop|Intimidate|boost\n|-unboost|p1a: Shiftry|atk|1\n|turn|24\n|\n|move|p2a: Hitmontop|Sucker Punch|p1a: Shiftry\n|-resisted|p1a: Shiftry\n|-damage|p1a: Shiftry|23\/100\n|move|p1a: Shiftry|Solar Blade||[still]\n|-prepare|p1a: Shiftry|Solar Blade|p2a: Hitmontop\n|-anim|p1a: Shiftry|Solar Blade|p2a: Hitmontop\n|-damage|p2a: Hitmontop|0 fnt\n|-damage|p1a: Shiftry|13\/100|[from] item: Life Orb\n|faint|p2a: Hitmontop\n|\n|-weather|SunnyDay|[upkeep]\n|-heal|p1a: Shiftry|20\/100|[from] Grassy Terrain\n|upkeep\n|\n|switch|p2a: Gengar|Gengar, F|100\/100\n|turn|25\n|\n|-start|p2a: Gengar|Dynamax\n|-heal|p2a: Gengar|100\/100|[silent]\n|move|p2a: Gengar|Max Guard|p2a: Gengar\n|-singleturn|p2a: Gengar|Max Guard\n|move|p1a: Shiftry|Night Slash|p2a: Gengar\n|-activate|p2a: Gengar|move: Max Guard\n|\n|-weather|none\n|-heal|p1a: Shiftry|26\/100|[from] Grassy Terrain\n|upkeep\n|turn|26\n|\n|move|p2a: Gengar|Max Ooze|p1a: Shiftry\n|-supereffective|p1a: Shiftry\n|-damage|p1a: Shiftry|0 fnt\n|-boost|p2a: Gengar|spa|1\n|faint|p1a: Shiftry\n|\n|-fieldend|move: Grassy Terrain\n|upkeep\n|\n|switch|p1a: Rotom|Rotom-Wash|100\/100\n|turn|27\n|\n|move|p2a: Gengar|Max Ooze|p1a: Rotom\n|-damage|p1a: Rotom|2\/100\n|-boost|p2a: Gengar|spa|1\n|move|p1a: Rotom|Thunderbolt|p2a: Gengar\n|-damage|p2a: Gengar|59\/100\n|\n|-end|p2a: Gengar|Dynamax\n|-heal|p2a: Gengar|58\/100|[silent]\n|upkeep\n|turn|28\n|\n|move|p2a: Gengar|Thunderbolt|p1a: Rotom\n|-damage|p1a: Rotom|0 fnt\n|faint|p1a: Rotom\n|\n|upkeep\n|\n|switch|p1a: Darmanitan|Darmanitan-Galar, F|29\/100\n|turn|29\n|\n|move|p2a: Gengar|Thunderbolt|p1a: Darmanitan\n|-damage|p1a: Darmanitan|0 fnt\n|faint|p1a: Darmanitan\n|\n|upkeep\n|c|\u2606Del chef|GG\n|\n|switch|p1a: Corviknight|Corviknight, M|100\/100\n|turn|30\n|\n|move|p2a: Gengar|Thunderbolt|p1a: Corviknight\n|-supereffective|p1a: Corviknight\n|-damage|p1a: Corviknight|16\/100\n|move|p1a: Corviknight|Brave Bird|p2a: Gengar\n|-damage|p2a: Gengar|0 fnt\n|-damage|p1a: Corviknight|3\/100|[from] Recoil\n|faint|p2a: Gengar\n|\n|win|tyang10\n|l|\u2606Del chef\n||Ladder (probably) updated, but score could not be retrieved (Response not received).\n","uploadtime":1575135914,"views":5,"p1id":"tyang10","p2id":"delchef","formatid":"gen8ou","rating":0,"private":0,"password":null}