{"id":"gen8revelationmons-1683773558","p1":"AlphaTherai","p2":"Tripledeluxer","format":"gen8revelationmons","log":"|j|\u2606AlphaTherai\n|j|\u2606Tripledeluxer\n|t:|1665567101\n|gametype|singles\n|player|p1|AlphaTherai|pokekid|1056\n|player|p2|Tripledeluxer|riley|1167\n|teamsize|p1|6\n|teamsize|p2|6\n|gen|8\n|tier|[Gen 8] Revelationmons\n|rated|\n|rule|Species Clause: Limit one of each Pok\u00e9mon\n|rule|OHKO Clause: OHKO moves are banned\n|rule|Evasion Moves Clause: Evasion moves are banned\n|rule|Endless Battle Clause: Forcing endless battles is banned\n|rule|Dynamax Clause: You cannot dynamax\n|rule|HP Percentage Mod: HP is shown in percentages\n|rule|Revelationmons Mod: The first moveslots have their types changed to match the Pok\u00e9mon's types\n|rule|Sleep Clause: Sleep-inducing moves are banned\n|clearpoke\n|poke|p1|Kartana|\n|poke|p1|Rillaboom, M|\n|poke|p1|Tapu Koko|\n|poke|p1|Victini|\n|poke|p1|Slowbro, M|\n|poke|p1|Entei|\n|poke|p2|Obstagoon, M|\n|poke|p2|Araquanid, F|\n|poke|p2|Hatterene, F|\n|poke|p2|Aegislash, F|\n|poke|p2|Zapdos|\n|poke|p2|Zygarde-10%|\n|teampreview\n|inactive|Battle timer is ON: inactive players will automatically lose when time's up. (requested by AlphaTherai)\n|\n|t:|1665567122\n|start\n|switch|p1a: Tapu Koko|Tapu Koko|100\/100\n|switch|p2a: Aegislash|Aegislash, F|100\/100\n|-fieldstart|move: Electric Terrain|[from] ability: Electric Surge|[of] p1a: Tapu Koko\n|turn|1\n|\n|t:|1665567125\n|move|p1a: Tapu Koko|Volt Switch|p2a: Aegislash\n|-damage|p2a: Aegislash|78\/100\n|\n|t:|1665567134\n|switch|p1a: Slowbro|Slowbro, M|100\/100|[from]move: Volt Switch\n|-formechange|p2a: Aegislash|Aegislash-Blade||[from] ability: Stance Change\n|move|p2a: Aegislash|Head Smash|p1a: Slowbro\n|-resisted|p1a: Slowbro\n|-damage|p1a: Slowbro|73\/100\n|-damage|p2a: Aegislash|62\/100|[from] item: Rocky Helmet|[of] p1a: Slowbro\n|-damage|p2a: Aegislash|45\/100|[from] Recoil\n|\n|-heal|p2a: Aegislash|51\/100|[from] item: Leftovers\n|upkeep\n|turn|2\n|\n|t:|1665567144\n|move|p2a: Aegislash|Swords Dance|p2a: Aegislash\n|-boost|p2a: Aegislash|atk|2\n|move|p1a: Slowbro|Teleport|p1a: Slowbro\n|j| Nutchup\n|\n|t:|1665567152\n|switch|p1a: Entei|Entei|100\/100|[from]move: Teleport\n|\n|-heal|p2a: Aegislash|57\/100|[from] item: Leftovers\n|upkeep\n|turn|3\n|\n|t:|1665567154\n|switch|p2a: Zygarde|Zygarde-10%|100\/100\n|-ability|p2a: Zygarde|Aura Break\n|move|p1a: Entei|Extreme Speed|p2a: Zygarde\n|-resisted|p2a: Zygarde\n|-damage|p2a: Zygarde|46\/100\n|\n|upkeep\n|turn|4\n|\n|t:|1665567161\n|move|p2a: Zygarde|Extreme Speed|p1a: Entei\n|-supereffective|p1a: Entei\n|-damage|p1a: Entei|3\/100\n|-damage|p2a: Zygarde|36\/100|[from] item: Life Orb\n|move|p1a: Entei|Extreme Speed|p2a: Zygarde\n|-resisted|p2a: Zygarde\n|-damage|p2a: Zygarde|0 fnt\n|faint|p2a: Zygarde\n|\n|upkeep\n|\n|t:|1665567166\n|switch|p2a: Zapdos|Zapdos|100\/100\n|turn|5\n|\n|t:|1665567183\n|switch|p1a: Slowbro|Slowbro, M|100\/100\n|move|p2a: Zapdos|Hurricane|p1a: Slowbro\n|-damage|p1a: Slowbro|56\/100\n|\n|-fieldend|move: Electric Terrain\n|upkeep\n|turn|6\n|\n|t:|1665567192\n|switch|p1a: Victini|Victini|100\/100\n|move|p2a: Zapdos|Thunder|p1a: Victini\n|-damage|p1a: Victini|58\/100\n|\n|upkeep\n|turn|7\n|\n|t:|1665567200\n|move|p1a: Victini|V-create|p2a: Zapdos\n|-damage|p2a: Zapdos|46\/100\n|-unboost|p1a: Victini|spe|1\n|-unboost|p1a: Victini|def|1\n|-unboost|p1a: Victini|spd|1\n|move|p2a: Zapdos|Hurricane|p1a: Victini\n|-damage|p1a: Victini|0 fnt\n|faint|p1a: Victini\n|\n|upkeep\n|\n|t:|1665567212\n|switch|p1a: Tapu Koko|Tapu Koko|100\/100\n|-fieldstart|move: Electric Terrain|[from] ability: Electric Surge|[of] p1a: Tapu Koko\n|turn|8\n|\n|t:|1665567217\n|move|p1a: Tapu Koko|Brave Bird|p2a: Zapdos\n|-damage|p2a: Zapdos|0 fnt\n|faint|p2a: Zapdos\n|-damage|p1a: Tapu Koko|80\/100|[from] Recoil\n|\n|upkeep\n|\n|t:|1665567225\n|switch|p2a: Aegislash|Aegislash, F|57\/100\n|turn|9\n|\n|t:|1665567229\n|move|p1a: Tapu Koko|Volt Switch|p2a: Aegislash\n|-damage|p2a: Aegislash|35\/100\n|\n|t:|1665567234\n|switch|p1a: Slowbro|Slowbro, M|90\/100|[from]move: Volt Switch\n|-formechange|p2a: Aegislash|Aegislash-Blade||[from] ability: Stance Change\n|move|p2a: Aegislash|Sacred Sword|p1a: Slowbro\n|-supereffective|p1a: Slowbro\n|-damage|p1a: Slowbro|30\/100\n|-damage|p2a: Aegislash|18\/100|[from] item: Rocky Helmet|[of] p1a: Slowbro\n|\n|-heal|p2a: Aegislash|25\/100|[from] item: Leftovers\n|upkeep\n|turn|10\n|\n|t:|1665567244\n|move|p2a: Aegislash|Sacred Sword|p1a: Slowbro\n|-supereffective|p1a: Slowbro\n|-damage|p1a: Slowbro|0 fnt\n|-damage|p2a: Aegislash|8\/100|[from] item: Rocky Helmet|[of] p1a: Slowbro\n|faint|p1a: Slowbro\n|\n|-heal|p2a: Aegislash|14\/100|[from] item: Leftovers\n|upkeep\n|l| Nutchup\n|\n|t:|1665567247\n|switch|p1a: Entei|Entei|3\/100\n|turn|11\n|\n|t:|1665567250\n|move|p1a: Entei|Extreme Speed|p2a: Aegislash\n|-supereffective|p2a: Aegislash\n|-crit|p2a: Aegislash\n|-damage|p2a: Aegislash|0 fnt\n|faint|p2a: Aegislash\n|\n|upkeep\n|\n|t:|1665567253\n|switch|p2a: Araquanid|Araquanid, F|100\/100\n|turn|12\n|\n|t:|1665567256\n|move|p1a: Entei|Extreme Speed|p2a: Araquanid\n|-damage|p2a: Araquanid|71\/100\n|move|p2a: Araquanid|Leech Life|p1a: Entei\n|-supereffective|p1a: Entei\n|-damage|p1a: Entei|0 fnt\n|-heal|p2a: Araquanid|72\/100|[from] drain|[of] p1a: Entei\n|faint|p1a: Entei\n|\n|-fieldend|move: Electric Terrain\n|upkeep\n|\n|t:|1665567263\n|switch|p1a: Tapu Koko|Tapu Koko|80\/100\n|-fieldstart|move: Electric Terrain|[from] ability: Electric Surge|[of] p1a: Tapu Koko\n|turn|13\n|\n|t:|1665567267\n|move|p1a: Tapu Koko|Sky Attack||[still]\n|-prepare|p1a: Tapu Koko|Sky Attack\n|-enditem|p1a: Tapu Koko|Power Herb\n|-anim|p1a: Tapu Koko|Sky Attack|p2a: Araquanid\n|-crit|p2a: Araquanid\n|-damage|p2a: Araquanid|0 fnt\n|faint|p2a: Araquanid\n|\n|upkeep\n|c|\u2606Tripledeluxer|fairy?\n|c|\u2606AlphaTherai|why would i tell you? :>\n|c|\u2606AlphaTherai|ah wait\n|inactive|Tripledeluxer has 120 seconds left.\n|c|\u2606AlphaTherai|yeah it is fairy\n|c|\u2606Tripledeluxer|well you dont need to lmao\n|\n|t:|1665567305\n|switch|p2a: Obstagoon|Obstagoon, M|100\/100\n|turn|14\n|c|\u2606AlphaTherai|yeye just noticed lmao\n|\n|t:|1665567311\n|move|p1a: Tapu Koko|Sky Attack||[still]\n|-prepare|p1a: Tapu Koko|Sky Attack\n|move|p2a: Obstagoon|Knock Off|p1a: Tapu Koko\n|-damage|p1a: Tapu Koko|45\/100\n|\n|-status|p2a: Obstagoon|brn|[from] item: Flame Orb\n|upkeep\n|turn|15\n|\n|t:|1665567317\n|switch|p2a: Hatterene|Hatterene, F|100\/100\n|move|p1a: Tapu Koko|Sky Attack|p2a: Hatterene|[from]lockedmove\n|-crit|p2a: Hatterene\n|-damage|p2a: Hatterene|0 fnt\n|faint|p2a: Hatterene\n|\n|upkeep\n|\n|t:|1665567319\n|switch|p2a: Obstagoon|Obstagoon, M|100\/100 brn\n|turn|16\n|\n|t:|1665567324\n|move|p1a: Tapu Koko|Sky Attack||[still]\n|-prepare|p1a: Tapu Koko|Sky Attack\n|move|p2a: Obstagoon|Gunk Shot|p1a: Tapu Koko\n|-supereffective|p1a: Tapu Koko\n|-crit|p1a: Tapu Koko\n|-damage|p1a: Tapu Koko|0 fnt\n|faint|p1a: Tapu Koko\n|\n|-damage|p2a: Obstagoon|94\/100 brn|[from] brn\n|upkeep\n|\n|t:|1665567327\n|switch|p1a: Kartana|Kartana|100\/100\n|turn|17\n|\n|t:|1665567330\n|move|p1a: Kartana|Sacred Sword|p2a: Obstagoon\n|-supereffective|p2a: Obstagoon\n|-damage|p2a: Obstagoon|0 fnt\n|faint|p2a: Obstagoon\n|\n|win|AlphaTherai\n|raw|AlphaTherai's rating: 1056 &rarr; <strong>1097<\/strong><br \/>(+41 for winning)\n|raw|Tripledeluxer's rating: 1167 &rarr; <strong>1134<\/strong><br \/>(-33 for losing)\n|c|\u2606AlphaTherai|gg!\n|c|\u2606Tripledeluxer|gg\n|l|\u2606Tripledeluxer\n||Ladder isn't responding, score probably updated but might not have (Request timeout).\n","uploadtime":1665567425,"views":9,"p1id":"alphatherai","p2id":"tripledeluxer","formatid":"gen8revelationmons","rating":1097,"private":0,"password":null}