{"id":"gen8nationaldex-1559094760","p1":"yung_iznamakin","p2":"spinojoya","format":"gen8nationaldex","log":"|j|\u2606yung_iznamakin\n|j|\u2606spinojoya\n|t:|1650646567\n|gametype|singles\n|player|p1|yung_iznamakin|brendan-gen3rs|1557\n|player|p2|spinojoya|169|1628\n|teamsize|p1|6\n|teamsize|p2|6\n|gen|8\n|tier|[Gen 8] National Dex\n|rated|\n|rule|HP Percentage Mod: HP is shown in percentages\n|rule|Endless Battle Clause: Forcing endless battles is banned\n|rule|OHKO Clause: OHKO moves are banned\n|rule|Evasion Moves Clause: Evasion moves are banned\n|rule|Species Clause: Limit one of each Pok\u00e9mon\n|rule|Dynamax Clause: You cannot dynamax\n|rule|Sleep Clause Mod: Limit one foe put to sleep\n|clearpoke\n|poke|p1|Charizard, M|\n|poke|p1|Greninja, M|\n|poke|p1|Nidoking, M|\n|poke|p1|Kommo-o, M|\n|poke|p1|Blissey, F|\n|poke|p1|Corviknight, M|\n|poke|p2|Charizard, M|\n|poke|p2|Greninja, M|\n|poke|p2|Garchomp, M|\n|poke|p2|Tapu Koko|\n|poke|p2|Melmetal|\n|poke|p2|Mew|\n|teampreview\n|inactive|Battle timer is ON: inactive players will automatically lose when time's up. (requested by yung_iznamakin)\n|\n|t:|1650646586\n|start\n|switch|p1a: Greninja|Greninja, M|100\/100\n|switch|p2a: Greninja|Greninja, M|100\/100\n|turn|1\n|\n|t:|1650646590\n|move|p1a: Greninja|U-turn|p2a: Greninja\n|-start|p1a: Greninja|typechange|Bug|[from] ability: Protean\n|-supereffective|p2a: Greninja\n|-damage|p2a: Greninja|0 fnt\n|faint|p2a: Greninja\n|\n|t:|1650646595\n|switch|p1a: Blissey|Blissey, F|100\/100|[from]move: U-turn\n|\n|upkeep\n|\n|t:|1650646598\n|switch|p2a: Melmetal|Melmetal|100\/100\n|turn|2\n|\n|t:|1650646604\n|switch|p1a: Corviknight|Corviknight, M|100\/100\n|-ability|p1a: Corviknight|Pressure\n|move|p2a: Melmetal|Thunder Punch|p1a: Corviknight\n|-supereffective|p1a: Corviknight\n|-damage|p1a: Corviknight|59\/100\n|\n|-heal|p1a: Corviknight|65\/100|[from] item: Leftovers\n|upkeep\n|turn|3\n|\n|t:|1650646611\n|switch|p2a: Charizard|Charizard, M|100\/100\n|move|p1a: Corviknight|Iron Defense|p1a: Corviknight\n|-boost|p1a: Corviknight|def|2\n|\n|-heal|p1a: Corviknight|71\/100|[from] item: Leftovers\n|upkeep\n|turn|4\n|\n|t:|1650646619\n|switch|p1a: Blissey|Blissey, F|100\/100\n|detailschange|p2a: Charizard|Charizard-Mega-X, M\n|-mega|p2a: Charizard|Charizard|Charizardite X\n|move|p2a: Charizard|Dragon Dance|p2a: Charizard\n|-boost|p2a: Charizard|atk|1\n|-boost|p2a: Charizard|spe|1\n|\n|upkeep\n|turn|5\n|\n|t:|1650646627\n|move|p2a: Charizard|Dragon Claw|p1a: Blissey\n|-damage|p1a: Blissey|31\/100\n|move|p1a: Blissey|Thunder Wave|p2a: Charizard\n|-status|p2a: Charizard|par\n|\n|upkeep\n|turn|6\n|\n|t:|1650646633\n|move|p2a: Charizard|Dragon Dance|p2a: Charizard\n|-boost|p2a: Charizard|atk|1\n|-boost|p2a: Charizard|spe|1\n|move|p1a: Blissey|Teleport|p1a: Blissey\n|\n|t:|1650646644\n|switch|p1a: Greninja|Greninja, M|100\/100|[from]move: Teleport\n|\n|upkeep\n|turn|7\n|\n|t:|1650646651\n|move|p1a: Greninja|U-turn|p2a: Charizard\n|-start|p1a: Greninja|typechange|Bug|[from] ability: Protean\n|-resisted|p2a: Charizard\n|-damage|p2a: Charizard|79\/100 par\n|\n|t:|1650646664\n|switch|p1a: Corviknight|Corviknight, M|71\/100|[from]move: U-turn\n|-ability|p1a: Corviknight|Pressure\n|move|p2a: Charizard|Dragon Claw|p1a: Corviknight\n|-resisted|p1a: Corviknight\n|-damage|p1a: Corviknight|42\/100\n|\n|-heal|p1a: Corviknight|48\/100|[from] item: Leftovers\n|upkeep\n|turn|8\n|\n|t:|1650646673\n|switch|p1a: Blissey|Blissey, F|31\/100\n|move|p2a: Charizard|Flare Blitz|p1a: Blissey\n|-damage|p1a: Blissey|0 fnt\n|faint|p1a: Blissey\n|-damage|p2a: Charizard|54\/100 par|[from] Recoil\n|\n|upkeep\n|\n|t:|1650646681\n|switch|p1a: Greninja|Greninja, M|100\/100\n|turn|9\n|l|\u2606spinojoya\n|inactive|spinojoya disconnected and has a minute to reconnect!\n|player|p2|\n|inactive|spinojoya has 30 seconds to reconnect!\n|j|\u2606spinojoya\n|inactive|spinojoya reconnected and has 95 seconds left.\n|player|p2|spinojoya|169\n|l|\u2606spinojoya\n|inactive|spinojoya disconnected and has a minute to reconnect!\n|player|p2|\n|j|\u2606spinojoya\n|inactive|spinojoya reconnected and has 95 seconds left.\n|player|p2|spinojoya|169\n|inactive|spinojoya has 90 seconds left.\n|\n|t:|1650646745\n|move|p1a: Greninja|Gunk Shot|p2a: Charizard\n|-start|p1a: Greninja|typechange|Poison|[from] ability: Protean\n|-damage|p2a: Charizard|0 fnt\n|faint|p2a: Charizard\n|\n|upkeep\n|inactive|spinojoya has 90 seconds left.\n|\n|t:|1650646754\n|switch|p2a: Garchomp|Garchomp, M|100\/100\n|turn|10\n|\n|t:|1650646759\n|switch|p1a: Corviknight|Corviknight, M|48\/100\n|-ability|p1a: Corviknight|Pressure\n|move|p2a: Garchomp|Swords Dance|p2a: Garchomp\n|-boost|p2a: Garchomp|atk|2\n|\n|-heal|p1a: Corviknight|54\/100|[from] item: Leftovers\n|upkeep\n|turn|11\n|\n|t:|1650646766\n|move|p2a: Garchomp|Fire Fang|p1a: Corviknight\n|-supereffective|p1a: Corviknight\n|-damage|p1a: Corviknight|3\/100\n|move|p1a: Corviknight|Roost|p1a: Corviknight\n|-heal|p1a: Corviknight|53\/100\n|-singleturn|p1a: Corviknight|move: Roost\n|\n|-heal|p1a: Corviknight|60\/100|[from] item: Leftovers\n|upkeep\n|turn|12\n|\n|t:|1650646774\n|move|p2a: Garchomp|Swords Dance|p2a: Garchomp\n|-boost|p2a: Garchomp|atk|2\n|move|p1a: Corviknight|Iron Defense|p1a: Corviknight\n|-boost|p1a: Corviknight|def|2\n|\n|-heal|p1a: Corviknight|66\/100|[from] item: Leftovers\n|upkeep\n|turn|13\n|\n|t:|1650646780\n|move|p2a: Garchomp|Fire Fang|p1a: Corviknight\n|-supereffective|p1a: Corviknight\n|-damage|p1a: Corviknight|23\/100\n|move|p1a: Corviknight|Iron Defense|p1a: Corviknight\n|-boost|p1a: Corviknight|def|2\n|\n|-heal|p1a: Corviknight|29\/100|[from] item: Leftovers\n|upkeep\n|turn|14\n|\n|t:|1650646787\n|move|p2a: Garchomp|Fire Fang|p1a: Corviknight\n|-supereffective|p1a: Corviknight\n|-damage|p1a: Corviknight|0 fnt\n|faint|p1a: Corviknight\n|\n|upkeep\n|\n|t:|1650646797\n|switch|p1a: Greninja|Greninja, M|100\/100\n|turn|15\n|\n|t:|1650646800\n|move|p1a: Greninja|Waterfall|p2a: Garchomp\n|-start|p1a: Greninja|typechange|Water|[from] ability: Protean\n|-damage|p2a: Garchomp|50\/100\n|-damage|p1a: Greninja|88\/100|[from] ability: Rough Skin|[of] p2a: Garchomp\n|move|p2a: Garchomp|Scale Shot|p1a: Greninja\n|-damage|p1a: Greninja|23\/100\n|-damage|p1a: Greninja|0 fnt\n|faint|p1a: Greninja\n|-hitcount|p1: Greninja|2\n|-unboost|p2a: Garchomp|def|1\n|-boost|p2a: Garchomp|spe|1\n|\n|upkeep\n|-message|yung_iznamakin forfeited.\n|\n|win|spinojoya\n|raw|yung_iznamakin's rating: 1557 &rarr; <strong>1541<\/strong><br \/>(-16 for losing)\n|raw|spinojoya's rating: 1628 &rarr; <strong>1644<\/strong><br \/>(+16 for winning)\n|l|\u2606yung_iznamakin\n","uploadtime":1650646814,"views":9,"p1id":"yungiznamakin","p2id":"spinojoya","formatid":"gen8nationaldex","rating":1541,"private":0,"password":null}