{"id":"gen8randombattle-1125360963","p1":"Vikalu","p2":"BaddyGames","format":"gen8randombattle","log":"|j|\u2606Vikalu\n|j|\u2606BaddyGames\n|player|p1|Vikalu|cynthia-gen4|\n|player|p2|BaddyGames|275|\n|teamsize|p1|6\n|teamsize|p2|6\n|gametype|singles\n|gen|8\n|tier|[Gen 8] Random Battle\n|rule|Species Clause: Limit one of each Pok\u00e9mon\n|rule|HP Percentage Mod: HP is shown in percentages\n|rule|Sleep Clause Mod: Limit one foe put to sleep\n|\n|start\n|switch|p1a: Maractus|Maractus, L88, M|275\/275\n|switch|p2a: Kingdra|Kingdra, L84, F|263\/263\n|turn|1\n|\n|switch|p2a: Braviary|Braviary, L84, M|305\/305\n|move|p1a: Maractus|Spiky Shield||[still]\n|-fail|p1a: Maractus\n|\n|upkeep\n|turn|2\n|\n|switch|p1a: Zygarde|Zygarde, L80|304\/304\n|-ability|p1a: Zygarde|Aura Break\n|move|p2a: Braviary|Bulk Up|p2a: Braviary\n|-boost|p2a: Braviary|atk|1\n|-boost|p2a: Braviary|def|1\n|\n|upkeep\n|turn|3\n|\n|-start|p1a: Zygarde|Dynamax\n|-heal|p1a: Zygarde|608\/608|[silent]\n|move|p1a: Zygarde|Max Wyrmwind|p2a: Braviary\n|-damage|p2a: Braviary|190\/305\n|-unboost|p2a: Braviary|atk|1\n|-ability|p2a: Braviary|Defiant\n|-boost|p2a: Braviary|atk|2\n|move|p2a: Braviary|Brave Bird|p1a: Zygarde\n|-damage|p1a: Zygarde|379\/608\n|-damage|p2a: Braviary|114\/305|[from] Recoil\n|\n|-heal|p2a: Braviary|133\/305|[from] item: Leftovers\n|upkeep\n|turn|4\n|\n|move|p1a: Zygarde|Max Wyrmwind|p2a: Braviary\n|-damage|p2a: Braviary|19\/305\n|-unboost|p2a: Braviary|atk|1\n|-ability|p2a: Braviary|Defiant\n|-boost|p2a: Braviary|atk|2\n|move|p2a: Braviary|Roost|p2a: Braviary\n|-heal|p2a: Braviary|172\/305\n|-singleturn|p2a: Braviary|move: Roost\n|\n|-heal|p2a: Braviary|191\/305|[from] item: Leftovers\n|upkeep\n|turn|5\n|\n|move|p1a: Zygarde|Max Quake|p2a: Braviary\n|-immune|p2a: Braviary\n|move|p2a: Braviary|Roost|p2a: Braviary\n|-heal|p2a: Braviary|305\/305\n|-singleturn|p2a: Braviary|move: Roost\n|\n|-end|p1a: Zygarde|Dynamax\n|-heal|p1a: Zygarde|190\/304|[silent]\n|upkeep\n|turn|6\n|c|\u2606Vikalu|wtf you were landed\n|c|\u2606BaddyGames|i was landed the turn before\n|c|\u2606Vikalu|lam\n|c|\u2606Vikalu|lame*\n|c|\u2606BaddyGames|since you used it on a new turn i was up agian\n|\n|move|p1a: Zygarde|Dragon Dance|p1a: Zygarde\n|-boost|p1a: Zygarde|atk|1\n|-boost|p1a: Zygarde|spe|1\n|move|p2a: Braviary|Brave Bird|p1a: Zygarde\n|-damage|p1a: Zygarde|0 fnt\n|-damage|p2a: Braviary|242\/305|[from] Recoil\n|faint|p1a: Zygarde\n|\n|-heal|p2a: Braviary|261\/305|[from] item: Leftovers\n|upkeep\n|\n|switch|p1a: Cinderace|Cinderace, L80, F|259\/259\n|turn|7\n|\n|-start|p2a: Braviary|Dynamax\n|-heal|p2a: Braviary|522\/610|[silent]\n|move|p1a: Cinderace|Pyro Ball|p2a: Braviary\n|-damage|p2a: Braviary|425\/610\n|move|p2a: Braviary|Max Airstream|p1a: Cinderace\n|-damage|p1a: Cinderace|0 fnt\n|-boost|p2a: Braviary|spe|1\n|faint|p1a: Cinderace\n|\n|-heal|p2a: Braviary|444\/610|[from] item: Leftovers\n|upkeep\n|\n|switch|p1a: Type: Null|Type: Null, L88|310\/310\n|turn|8\n|\n|move|p2a: Braviary|Max Knuckle|p1a: Type: Null\n|-supereffective|p1a: Type: Null\n|-damage|p1a: Type: Null|58\/310\n|-boost|p2a: Braviary|atk|1\n|move|p1a: Type: Null|Payback|p2a: Braviary\n|-damage|p2a: Braviary|387\/610\n|\n|-heal|p2a: Braviary|406\/610|[from] item: Leftovers\n|upkeep\n|turn|9\n|\n|move|p2a: Braviary|Max Knuckle|p1a: Type: Null\n|-supereffective|p1a: Type: Null\n|-damage|p1a: Type: Null|0 fnt\n|-boost|p2a: Braviary|atk|1\n|faint|p1a: Type: Null\n|\n|-heal|p2a: Braviary|425\/610|[from] item: Leftovers\n|-end|p2a: Braviary|Dynamax\n|-heal|p2a: Braviary|213\/305|[silent]\n|upkeep\n|\n|switch|p1a: Maractus|Maractus, L88, M|275\/275\n|turn|10\n|\n|move|p1a: Maractus|Spiky Shield|p1a: Maractus\n|-singleturn|p1a: Maractus|move: Protect\n|move|p2a: Braviary|Brave Bird|p1a: Maractus\n|-activate|p1a: Maractus|move: Protect\n|-damage|p2a: Braviary|175\/305|[from] Spiky Shield|[of] p1a: Maractus\n|\n|-heal|p2a: Braviary|194\/305|[from] item: Leftovers\n|upkeep\n|turn|11\n|\n|move|p2a: Braviary|Roost|p2a: Braviary\n|-heal|p2a: Braviary|305\/305\n|-singleturn|p2a: Braviary|move: Roost\n|move|p1a: Maractus|Leech Seed|p2a: Braviary\n|-start|p2a: Braviary|move: Leech Seed\n|\n|-damage|p2a: Braviary|267\/305|[from] Leech Seed|[of] p1a: Maractus\n|upkeep\n|turn|12\n|\n|move|p1a: Maractus|Spiky Shield|p1a: Maractus\n|-singleturn|p1a: Maractus|move: Protect\n|move|p2a: Braviary|Bulk Up|p2a: Braviary\n|-boost|p2a: Braviary|atk|1\n|-boost|p2a: Braviary|def|1\n|\n|-heal|p2a: Braviary|286\/305|[from] item: Leftovers\n|-damage|p2a: Braviary|248\/305|[from] Leech Seed|[of] p1a: Maractus\n|upkeep\n|turn|13\n|\n|move|p2a: Braviary|Brave Bird|p1a: Maractus\n|-supereffective|p1a: Maractus\n|-enditem|p1a: Maractus|Focus Sash\n|-damage|p1a: Maractus|1\/275\n|-damage|p2a: Braviary|158\/305|[from] Recoil\n|move|p1a: Maractus|Energy Ball|p2a: Braviary\n|-resisted|p2a: Braviary\n|-damage|p2a: Braviary|90\/305\n|\n|-heal|p2a: Braviary|109\/305|[from] item: Leftovers\n|-damage|p2a: Braviary|71\/305|[from] Leech Seed|[of] p1a: Maractus\n|-heal|p1a: Maractus|39\/275|[silent]\n|upkeep\n|turn|14\n|\n|move|p1a: Maractus|Spiky Shield|p1a: Maractus\n|-singleturn|p1a: Maractus|move: Protect\n|move|p2a: Braviary|Roost|p2a: Braviary\n|-heal|p2a: Braviary|224\/305\n|-singleturn|p2a: Braviary|move: Roost\n|\n|-heal|p2a: Braviary|243\/305|[from] item: Leftovers\n|-damage|p2a: Braviary|205\/305|[from] Leech Seed|[of] p1a: Maractus\n|-heal|p1a: Maractus|77\/275|[silent]\n|upkeep\n|turn|15\n|\n|move|p2a: Braviary|Brave Bird|p1a: Maractus\n|-supereffective|p1a: Maractus\n|-damage|p1a: Maractus|0 fnt\n|-damage|p2a: Braviary|180\/305|[from] Recoil\n|faint|p1a: Maractus\n|\n|-heal|p2a: Braviary|199\/305|[from] item: Leftovers\n|upkeep\n|\n|switch|p1a: Sandaconda|Sandaconda, L86, M|264\/264\n|turn|16\n|\n|move|p2a: Braviary|Roost|p2a: Braviary\n|-heal|p2a: Braviary|305\/305\n|-singleturn|p2a: Braviary|move: Roost\n|move|p1a: Sandaconda|Stone Edge|p2a: Braviary\n|-damage|p2a: Braviary|260\/305\n|\n|-heal|p2a: Braviary|279\/305|[from] item: Leftovers\n|-damage|p2a: Braviary|241\/305|[from] Leech Seed|[of] p1a: Sandaconda\n|upkeep\n|turn|17\n|\n|move|p2a: Braviary|Brave Bird|p1a: Sandaconda\n|-damage|p1a: Sandaconda|0 fnt\n|-damage|p2a: Braviary|154\/305|[from] Recoil\n|faint|p1a: Sandaconda\n|\n|-heal|p2a: Braviary|173\/305|[from] item: Leftovers\n|upkeep\n|\n|switch|p1a: Alcremie|Alcremie, L86, F|252\/252\n|turn|18\n|\n|move|p2a: Braviary|Brave Bird|p1a: Alcremie\n|-damage|p1a: Alcremie|0 fnt\n|-damage|p2a: Braviary|90\/305|[from] Recoil\n|faint|p1a: Alcremie\n|\n|win|BaddyGames\n|c|\u2606BaddyGames|gg\n|c|\u2606Vikalu|GG\n","inputlog":">version ec99c427f3098fe4659933bb2cceeef5b6784622\n>start {\"formatid\":\"gen8randombattle\",\"seed\":[24928,3998,13067,60259]}\n>player p1 {\"name\":\"Vikalu\",\"avatar\":\"cynthia-gen4\",\"team\":\"\",\"rating\":0,\"seed\":[1243,38316,8862,26935]}\n>player p2 {\"name\":\"BaddyGames\",\"avatar\":\"275\",\"team\":\"\",\"rating\":0,\"seed\":[39987,14232,52116,16281]}\n>p1 move spikyshield\n>p2 switch 5\n>p1 switch 5\n>p2 move bulkup\n>p1 move outrage dynamax\n>p2 move bravebird\n>p1 move outrage dynamax\n>p2 move roost\n>p1 move earthquake dynamax\n>p2 move roost\n>p1 move dragondance\n>p2 move bravebird\n>p1 switch 2\n>p1 move pyroball\n>p2 move bravebird dynamax\n>p1 switch 6\n>p1 move payback\n>p2 move closecombat dynamax\n>p1 move rest\n>p2 move closecombat dynamax\n>p1 switch 5\n>p1 move spikyshield\n>p2 move bravebird\n>p1 move leechseed\n>p2 move roost\n>p1 move spikyshield\n>p2 move bulkup\n>p1 move energyball\n>p2 move bravebird\n>p1 move spikyshield\n>p2 move roost\n>p1 move energyball\n>p2 move bravebird\n>p1 switch 3\n>p1 move stoneedge\n>p2 move roost\n>p1 move glare\n>p2 move bravebird\n>p1 switch 4\n>p1 move psychic\n>p2 move bravebird","uploadtime":1591098801,"views":13,"p1id":"vikalu","p2id":"baddygames","formatid":"gen8randombattle","rating":0,"private":0,"password":null}