{"id":"gen8randombattle-1057808510","p1":"Chaud74","p2":"jugglehippo","format":"gen8randombattle","log":"|j|\u2606Chaud74\n|j|\u2606jugglehippo\n|player|p1|Chaud74|2|1324\n|player|p2|jugglehippo|clown|1314\n|teamsize|p1|6\n|teamsize|p2|6\n|gametype|singles\n|gen|8\n|tier|[Gen 8] Random Battle\n|rated|\n|rule|Species Clause: Limit one of each Pok\u00e9mon\n|rule|HP Percentage Mod: HP is shown in percentages\n|rule|Sleep Clause Mod: Limit one foe put to sleep\n|\n|start\n|switch|p1a: Toxicroak|Toxicroak, L86, F|283\/283\n|switch|p2a: Crustle|Crustle, L86, M|261\/261\n|turn|1\n|\n|move|p1a: Toxicroak|Substitute|p1a: Toxicroak\n|-start|p1a: Toxicroak|Substitute\n|-damage|p1a: Toxicroak|213\/283\n|move|p2a: Crustle|Shell Smash|p2a: Crustle\n|-unboost|p2a: Crustle|def|1\n|-unboost|p2a: Crustle|spd|1\n|-boost|p2a: Crustle|atk|2\n|-boost|p2a: Crustle|spa|2\n|-boost|p2a: Crustle|spe|2\n|-enditem|p2a: Crustle|White Herb\n|-clearnegativeboost|p2a: Crustle|[silent]\n|\n|-heal|p1a: Toxicroak|230\/283|[from] item: Black Sludge\n|upkeep\n|turn|2\n|\n|move|p2a: Crustle|Earthquake|p1a: Toxicroak\n|-supereffective|p1a: Toxicroak\n|-end|p1a: Toxicroak|Substitute\n|move|p1a: Toxicroak|Drain Punch|p2a: Crustle\n|-damage|p2a: Crustle|198\/261\n|-heal|p1a: Toxicroak|262\/283|[from] drain|[of] p2a: Crustle\n|\n|-heal|p1a: Toxicroak|279\/283|[from] item: Black Sludge\n|upkeep\n|turn|3\n|\n|move|p2a: Crustle|Earthquake|p1a: Toxicroak\n|-supereffective|p1a: Toxicroak\n|-damage|p1a: Toxicroak|0 fnt\n|faint|p1a: Toxicroak\n|\n|upkeep\n|\n|switch|p1a: Roserade|Roserade, L82, F|233\/233\n|turn|4\n|\n|move|p2a: Crustle|Earthquake|p1a: Roserade\n|-damage|p1a: Roserade|23\/233\n|move|p1a: Roserade|Sleep Powder|p2a: Crustle\n|-status|p2a: Crustle|slp|[from] move: Sleep Powder\n|\n|-heal|p1a: Roserade|37\/233|[from] item: Black Sludge\n|upkeep\n|turn|5\n|\n|switch|p1a: Wailord|Wailord, L86, F|433\/433\n|cant|p2a: Crustle|slp\n|\n|upkeep\n|turn|6\n|inactive|Battle timer is ON: inactive players will automatically lose when time's up. (requested by Chaud74)\n|\n|cant|p2a: Crustle|slp\n|move|p1a: Wailord|Water Spout|p2a: Crustle\n|-supereffective|p2a: Crustle\n|-damage|p2a: Crustle|0 fnt\n|faint|p2a: Crustle\n|\n|upkeep\n|\n|switch|p2a: Zeraora|Zeraora, L80|272\/272\n|turn|7\n|\n|switch|p1a: Zekrom|Zekrom, L75|274\/274\n|-ability|p1a: Zekrom|Teravolt\n|move|p2a: Zeraora|Plasma Fists|p1a: Zekrom\n|-resisted|p1a: Zekrom\n|-damage|p1a: Zekrom|249\/274\n|-fieldactivate|move: Ion Deluge\n|\n|upkeep\n|turn|8\n|\n|move|p2a: Zeraora|Play Rough|p1a: Zekrom\n|-supereffective|p1a: Zekrom\n|-crit|p1a: Zekrom\n|-damage|p1a: Zekrom|85\/274\n|-unboost|p1a: Zekrom|atk|1\n|move|p1a: Zekrom|Substitute|p1a: Zekrom\n|-start|p1a: Zekrom|Substitute\n|-damage|p1a: Zekrom|17\/274\n|\n|upkeep\n|turn|9\n|inactive|Chaud74 has 120 seconds left.\n|\n|move|p2a: Zeraora|Play Rough|p1a: Zekrom|[miss]\n|-miss|p2a: Zeraora|p1a: Zekrom\n|move|p1a: Zekrom|Outrage|p2a: Zeraora\n|-damage|p2a: Zeraora|160\/272\n|\n|upkeep\n|turn|10\n|inactive|Chaud74 has 120 seconds left.\n|\n|move|p2a: Zeraora|Play Rough|p1a: Zekrom\n|-supereffective|p1a: Zekrom\n|-end|p1a: Zekrom|Substitute\n|move|p1a: Zekrom|Outrage|p2a: Zeraora|[from]lockedmove\n|-crit|p2a: Zeraora\n|-damage|p2a: Zeraora|0 fnt\n|faint|p2a: Zeraora\n|\n|upkeep\n|\n|switch|p2a: Marshadow|Marshadow, L75|259\/259\n|turn|11\n|\n|move|p2a: Marshadow|Shadow Sneak|p1a: Zekrom\n|-damage|p1a: Zekrom|0 fnt\n|faint|p1a: Zekrom\n|\n|upkeep\n|\n|switch|p1a: Wailord|Wailord, L86, F|433\/433\n|turn|12\n|\n|move|p2a: Marshadow|Shadow Sneak|p1a: Wailord\n|-damage|p1a: Wailord|289\/433\n|move|p1a: Wailord|Hydro Pump|p2a: Marshadow\n|-damage|p2a: Marshadow|57\/259\n|\n|upkeep\n|turn|13\n|\n|switch|p2a: Flapple|Flapple, L84, F|255\/255\n|move|p1a: Wailord|Hydro Pump|p2a: Flapple\n|-resisted|p2a: Flapple\n|-damage|p2a: Flapple|198\/255\n|\n|upkeep\n|turn|14\n|\n|switch|p1a: Roserade|Roserade, L82, F|37\/233\n|move|p2a: Flapple|Dragon Dance|p2a: Flapple\n|-boost|p2a: Flapple|atk|1\n|-boost|p2a: Flapple|spe|1\n|\n|-heal|p1a: Roserade|51\/233|[from] item: Black Sludge\n|upkeep\n|turn|15\n|\n|-start|p2a: Flapple|Dynamax\n|-heal|p2a: Flapple|396\/510|[silent]\n|move|p2a: Flapple|Max Wyrmwind|p1a: Roserade\n|-damage|p1a: Roserade|0 fnt\n|faint|p1a: Roserade\n|\n|upkeep\n|\n|switch|p1a: Jirachi|Jirachi, L80|291\/291\n|turn|16\n|\n|move|p2a: Flapple|Max Darkness|p1a: Jirachi\n|-supereffective|p1a: Jirachi\n|-damage|p1a: Jirachi|0 fnt\n|faint|p1a: Jirachi\n|\n|upkeep\n|\n|switch|p1a: Hitmonlee|Hitmonlee, L84, M|221\/221\n|turn|17\n|\n|-start|p1a: Hitmonlee|Dynamax\n|-heal|p1a: Hitmonlee|442\/442|[silent]\n|move|p2a: Flapple|Max Wyrmwind|p1a: Hitmonlee\n|-damage|p1a: Hitmonlee|0 fnt\n|faint|p1a: Hitmonlee\n|\n|-end|p2a: Flapple|Dynamax\n|-heal|p2a: Flapple|198\/255|[silent]\n|upkeep\n|-message|Chaud74 forfeited.\n|\n|win|jugglehippo\n|l|\u2606Chaud74\n||Ladder (probably) updated, but score could not be retrieved (Response not received).\n","inputlog":">version ea7817bfc12e67929aa1e6c808447652cc866b4a\n>start {\"formatid\":\"gen8randombattle\",\"seed\":[37469,34953,22747,47169],\"rated\":\"Rated battle\"}\n>player p1 {\"name\":\"Chaud74\",\"avatar\":\"2\",\"team\":\"\",\"rating\":1324,\"seed\":[8027,428,24135,15864]}\n>player p2 {\"name\":\"jugglehippo\",\"avatar\":\"clown\",\"team\":\"\",\"rating\":1314,\"seed\":[57820,30081,26708,17376]}\n>p1 move substitute\n>p2 move shellsmash\n>p1 move drainpunch\n>p2 move earthquake\n>p1 move drainpunch\n>p2 move earthquake\n>p1 switch 2\n>p1 move sleeppowder\n>p2 move earthquake\n>p1 switch 3\n>p2 move earthquake\n>p1 move waterspout\n>p2 move earthquake\n>p2 switch 4\n>p1 switch 6\n>p2 move plasmafists\n>p1 move substitute\n>p2 move playrough\n>p1 move outrage\n>p2 move playrough\n>p1 move outrage\n>p2 move playrough\n>p2 switch 2\n>p1 move outrage\n>p2 move shadowsneak\n>p1 switch 6\n>p1 move hydropump\n>p2 move shadowsneak\n>p1 move hydropump\n>p2 switch 6\n>p1 switch 3\n>p2 move dragondance\n>p1 move sludgebomb\n>p2 move outrage dynamax\n>p1 switch 5\n>p1 move wish\n>p2 move suckerpunch dynamax\n>p1 switch 4\n>p1 move highjumpkick dynamax\n>p2 move outrage dynamax","uploadtime":1580837465,"views":0,"p1id":"chaud74","p2id":"jugglehippo","formatid":"gen8randombattle","rating":0,"private":0,"password":null}