{"id":"gen8battlefactory-1668145113","p1":"ARandomFailure","p2":"Stads","format":"gen8battlefactory","log":"|j|\u2606ARandomFailure\n|j|\u2606Stads\n|t:|1663601669\n|gametype|singles\n|player|p1|ARandomFailure|gentleman|1100\n|player|p2|Stads|1|1185\n|teamsize|p1|6\n|teamsize|p2|6\n|gen|8\n|tier|[Gen 8] Battle Factory\n|rated|\n|rule|Sleep Clause Mod: Limit one foe put to sleep\n|rule|Species Clause: Limit one of each Pok\u00e9mon\n|rule|OHKO Clause: OHKO moves are banned\n|rule|Evasion Items Clause: Evasion items are banned\n|rule|Evasion Moves Clause: Evasion moves are banned\n|rule|Endless Battle Clause: Forcing endless battles is banned\n|rule|HP Percentage Mod: HP is shown in percentages\n|rule|Dynamax Clause: You cannot dynamax\n|clearpoke\n|poke|p1|Heatran, F|\n|poke|p1|Blissey, F|\n|poke|p1|Hydreigon, F|\n|poke|p1|Nidoking, M|\n|poke|p1|Mandibuzz, F|\n|poke|p1|Mew|\n|poke|p2|Melmetal|\n|poke|p2|Rillaboom, M|\n|poke|p2|Garchomp, M|\n|poke|p2|Corviknight, M|\n|poke|p2|Slowking-Galar, F|\n|poke|p2|Volcanion|\n|teampreview\n|j| sendpais\n|l| sendpais\n|\n|t:|1663601712\n|start\n|switch|p1a: Heatran|Heatran, F|386\/386\n|switch|p2a: Garchomp|Garchomp, M|420\/420\n|turn|1\n|\n|t:|1663601723\n|switch|p1a: Hydreigon|Hydreigon, F|326\/326\n|move|p2a: Garchomp|Earthquake|p1a: Hydreigon\n|-immune|p1a: Hydreigon|[from] ability: Levitate\n|\n|upkeep\n|turn|2\n|\n|t:|1663601735\n|move|p2a: Garchomp|Protect|p2a: Garchomp\n|-singleturn|p2a: Garchomp|Protect\n|move|p1a: Hydreigon|Nasty Plot|p1a: Hydreigon\n|-boost|p1a: Hydreigon|spa|2\n|\n|upkeep\n|turn|3\n|\n|t:|1663601741\n|move|p1a: Hydreigon|Dark Pulse|p2a: Garchomp\n|-damage|p2a: Garchomp|18\/420\n|-damage|p1a: Hydreigon|294\/326|[from] item: Life Orb\n|move|p2a: Garchomp|Stealth Rock|p1a: Hydreigon\n|-sidestart|p1: ARandomFailure|move: Stealth Rock\n|\n|upkeep\n|turn|4\n|\n|t:|1663601747\n|move|p1a: Hydreigon|Flamethrower|p2a: Garchomp\n|-resisted|p2a: Garchomp\n|-crit|p2a: Garchomp\n|-damage|p2a: Garchomp|0 fnt\n|faint|p2a: Garchomp\n|-damage|p1a: Hydreigon|262\/326|[from] item: Life Orb\n|\n|upkeep\n|\n|t:|1663601754\n|switch|p2a: Corviknight|Corviknight, M|400\/400\n|-ability|p2a: Corviknight|Pressure\n|turn|5\n|\n|t:|1663601757\n|move|p1a: Hydreigon|Flamethrower|p2a: Corviknight\n|-supereffective|p2a: Corviknight\n|-damage|p2a: Corviknight|0 fnt\n|faint|p2a: Corviknight\n|-damage|p1a: Hydreigon|230\/326|[from] item: Life Orb\n|\n|upkeep\n|\n|t:|1663601762\n|switch|p2a: Rillaboom|Rillaboom, M|342\/342\n|-fieldstart|move: Grassy Terrain|[from] ability: Grassy Surge|[of] p2a: Rillaboom\n|turn|6\n|\n|t:|1663601766\n|move|p2a: Rillaboom|Grassy Glide|p1a: Hydreigon\n|-resisted|p1a: Hydreigon\n|-damage|p1a: Hydreigon|117\/326\n|-damage|p2a: Rillaboom|308\/342|[from] item: Life Orb\n|move|p1a: Hydreigon|Flamethrower|p2a: Rillaboom\n|-supereffective|p2a: Rillaboom\n|-damage|p2a: Rillaboom|0 fnt\n|faint|p2a: Rillaboom\n|-damage|p1a: Hydreigon|85\/326|[from] item: Life Orb\n|\n|upkeep\n|-message|Stads forfeited.\n|\n|win|ARandomFailure\n|raw|ARandomFailure's rating: 1100 &rarr; <strong>1131<\/strong><br \/>(+31 for winning)\n|raw|Stads's rating: 1185 &rarr; <strong>1154<\/strong><br \/>(-31 for losing)\n|l|\u2606Stads\n","uploadtime":1663601774,"views":5,"p1id":"arandomfailure","p2id":"stads","formatid":"gen8battlefactory","rating":1131,"private":0,"password":null}