{"id":"gen8ou-1683376671","p1":"dabess6","p2":"Not Sarcasm","format":"gen8ou","log":"|j|\u2606dabess6\n|j|\u2606Not Sarcasm\n|t:|1665519277\n|gametype|singles\n|player|p1|dabess6|ninjaboy|1608\n|player|p2|Not Sarcasm|169|1668\n|teamsize|p1|6\n|teamsize|p2|6\n|gen|8\n|tier|[Gen 8] OU\n|rated|\n|rule|Sleep Clause Mod: Limit one foe put to sleep\n|rule|Species Clause: Limit one of each Pok\u00e9mon\n|rule|OHKO Clause: OHKO moves are banned\n|rule|Evasion Items Clause: Evasion items are banned\n|rule|Evasion Moves Clause: Evasion moves are banned\n|rule|Endless Battle Clause: Forcing endless battles is banned\n|rule|HP Percentage Mod: HP is shown in percentages\n|rule|Dynamax Clause: You cannot dynamax\n|clearpoke\n|poke|p1|Blacephalon|\n|poke|p1|Dragapult, M|\n|poke|p1|Buzzwole|\n|poke|p1|Hippowdon, F|\n|poke|p1|Corviknight, F|\n|poke|p1|Toxapex, F|\n|poke|p2|Rillaboom, F|\n|poke|p2|Tornadus-Therian, M|\n|poke|p2|Blaziken, M|\n|poke|p2|Melmetal|\n|poke|p2|Garchomp, M|\n|poke|p2|Slowbro, F|\n|teampreview\n|inactive|Battle timer is ON: inactive players will automatically lose when time's up. (requested by Not Sarcasm)\n|\n|t:|1665519293\n|start\n|switch|p1a: Dragapult|Dragapult, M|100\/100\n|switch|p2a: Tornadus|Tornadus-Therian, M|100\/100\n|turn|1\n|\n|t:|1665519306\n|move|p1a: Dragapult|U-turn|p2a: Tornadus\n|-resisted|p2a: Tornadus\n|-damage|p2a: Tornadus|91\/100\n|\n|t:|1665519335\n|switch|p1a: Toxapex|Toxapex, F|100\/100|[from]move: U-turn\n|move|p2a: Tornadus|Knock Off|p1a: Toxapex\n|-damage|p1a: Toxapex|89\/100\n|-enditem|p1a: Toxapex|Shed Shell|[from] move: Knock Off|[of] p2a: Tornadus\n|\n|upkeep\n|turn|2\n|\n|t:|1665519341\n|move|p2a: Tornadus|U-turn|p1a: Toxapex\n|-resisted|p1a: Toxapex\n|-damage|p1a: Toxapex|84\/100\n|\n|t:|1665519344\n|switch|p2a: Slowbro|Slowbro, F|100\/100|[from]move: U-turn\n|move|p1a: Toxapex|Knock Off|p2a: Slowbro\n|-supereffective|p2a: Slowbro\n|-damage|p2a: Slowbro|83\/100\n|-damage|p1a: Toxapex|68\/100|[from] item: Rocky Helmet|[of] p2a: Slowbro\n|-enditem|p2a: Slowbro|Rocky Helmet|[from] move: Knock Off|[of] p1a: Toxapex\n|\n|upkeep\n|turn|3\n|\n|t:|1665519354\n|switch|p1a: Blacephalon|Blacephalon|100\/100\n|move|p2a: Slowbro|Future Sight|p1a: Blacephalon\n|-start|p2a: Slowbro|move: Future Sight\n|\n|upkeep\n|turn|4\n|\n|t:|1665519358\n|switch|p2a: Garchomp|Garchomp, M|100\/100\n|move|p1a: Blacephalon|Shadow Ball|p2a: Garchomp\n|-damage|p2a: Garchomp|57\/100\n|\n|-heal|p2a: Garchomp|63\/100|[from] item: Leftovers\n|upkeep\n|turn|5\n|\n|t:|1665519365\n|switch|p1a: Corviknight|Corviknight, F|100\/100\n|-ability|p1a: Corviknight|Pressure\n|move|p2a: Garchomp|Stealth Rock|p1a: Corviknight\n|-sidestart|p1: dabess6|move: Stealth Rock\n|\n|-end|p1a: Corviknight|move: Future Sight\n|-resisted|p1a: Corviknight\n|-damage|p1a: Corviknight|83\/100\n|-heal|p2a: Garchomp|69\/100|[from] item: Leftovers\n|upkeep\n|turn|6\n|\n|t:|1665519373\n|move|p2a: Garchomp|Protect|p2a: Garchomp\n|-singleturn|p2a: Garchomp|Protect\n|move|p1a: Corviknight|Defog|p2a: Garchomp\n|-activate|p2a: Garchomp|move: Protect\n|\n|-heal|p2a: Garchomp|75\/100|[from] item: Leftovers\n|upkeep\n|turn|7\n|\n|t:|1665519381\n|switch|p2a: Tornadus|Tornadus-Therian, M|100\/100\n|move|p1a: Corviknight|Defog|p2a: Tornadus\n|-unboost|p2a: Tornadus|evasion|1\n|-sideend|p1: dabess6|Stealth Rock|[from] move: Defog|[of] p1a: Corviknight\n|\n|upkeep\n|turn|8\n|\n|t:|1665519388\n|switch|p1a: Toxapex|Toxapex, F|100\/100\n|move|p2a: Tornadus|Knock Off|p1a: Toxapex\n|-damage|p1a: Toxapex|92\/100\n|\n|upkeep\n|turn|9\n|\n|t:|1665519393\n|move|p2a: Tornadus|U-turn|p1a: Toxapex\n|-resisted|p1a: Toxapex\n|-damage|p1a: Toxapex|87\/100\n|\n|t:|1665519395\n|switch|p2a: Slowbro|Slowbro, F|100\/100|[from]move: U-turn\n|move|p1a: Toxapex|Knock Off|p2a: Slowbro\n|-supereffective|p2a: Slowbro\n|-damage|p2a: Slowbro|88\/100\n|\n|upkeep\n|turn|10\n|\n|t:|1665519402\n|switch|p1a: Corviknight|Corviknight, F|83\/100\n|-ability|p1a: Corviknight|Pressure\n|move|p2a: Slowbro|Teleport|p2a: Slowbro\n|\n|t:|1665519407\n|switch|p2a: Blaziken|Blaziken, M|100\/100|[from]move: Teleport\n|\n|upkeep\n|turn|11\n|\n|t:|1665519413\n|switch|p2a: Garchomp|Garchomp, M|75\/100\n|switch|p1a: Toxapex|Toxapex, F|100\/100\n|\n|-heal|p2a: Garchomp|82\/100|[from] item: Leftovers\n|upkeep\n|turn|12\n|\n|t:|1665519419\n|switch|p1a: Corviknight|Corviknight, F|83\/100\n|-ability|p1a: Corviknight|Pressure\n|move|p2a: Garchomp|Protect||[still]\n|-fail|p2a: Garchomp\n|\n|-heal|p2a: Garchomp|88\/100|[from] item: Leftovers\n|upkeep\n|turn|13\n|\n|t:|1665519434\n|move|p2a: Garchomp|Stealth Rock|p1a: Corviknight\n|-sidestart|p1: dabess6|move: Stealth Rock\n|move|p1a: Corviknight|Body Press|p2a: Garchomp\n|-damage|p2a: Garchomp|65\/100\n|-damage|p1a: Corviknight|71\/100|[from] ability: Rough Skin|[of] p2a: Garchomp\n|\n|-heal|p2a: Garchomp|72\/100|[from] item: Leftovers\n|upkeep\n|turn|14\n|\n|t:|1665519441\n|move|p2a: Garchomp|Protect|p2a: Garchomp\n|-singleturn|p2a: Garchomp|Protect\n|move|p1a: Corviknight|Body Press|p2a: Garchomp\n|-activate|p2a: Garchomp|move: Protect\n|\n|-heal|p2a: Garchomp|78\/100|[from] item: Leftovers\n|upkeep\n|turn|15\n|\n|t:|1665519449\n|switch|p2a: Slowbro|Slowbro, F|100\/100\n|move|p1a: Corviknight|Defog|p2a: Slowbro\n|-unboost|p2a: Slowbro|evasion|1\n|-sideend|p1: dabess6|Stealth Rock|[from] move: Defog|[of] p1a: Corviknight\n|\n|upkeep\n|turn|16\n|\n|t:|1665519454\n|move|p1a: Corviknight|U-turn|p2a: Slowbro\n|-supereffective|p2a: Slowbro\n|-damage|p2a: Slowbro|85\/100\n|\n|t:|1665519457\n|switch|p1a: Dragapult|Dragapult, M|100\/100|[from]move: U-turn\n|move|p2a: Slowbro|Scald|p1a: Dragapult\n|-resisted|p1a: Dragapult\n|-damage|p1a: Dragapult|81\/100\n|-status|p1a: Dragapult|brn\n|\n|-damage|p1a: Dragapult|75\/100 brn|[from] brn\n|upkeep\n|turn|17\n|\n|t:|1665519466\n|switch|p2a: Melmetal|Melmetal|100\/100\n|move|p1a: Dragapult|Shadow Ball|p2a: Melmetal\n|-damage|p2a: Melmetal|58\/100\n|\n|-heal|p2a: Melmetal|65\/100|[from] item: Leftovers\n|-damage|p1a: Dragapult|69\/100 brn|[from] brn\n|upkeep\n|turn|18\n|\n|t:|1665519477\n|switch|p1a: Corviknight|Corviknight, F|71\/100\n|-ability|p1a: Corviknight|Pressure\n|move|p2a: Melmetal|Protect||[still]\n|-fail|p2a: Melmetal\n|\n|-heal|p2a: Melmetal|71\/100|[from] item: Leftovers\n|upkeep\n|turn|19\n|\n|t:|1665519499\n|switch|p1a: Hippowdon|Hippowdon, F|100\/100\n|-weather|Sandstorm|[from] ability: Sand Stream|[of] p1a: Hippowdon\n|move|p2a: Melmetal|Protect||[still]\n|-fail|p2a: Melmetal\n|\n|-weather|Sandstorm|[upkeep]\n|-heal|p2a: Melmetal|77\/100|[from] item: Leftovers\n|upkeep\n|turn|20\n|\n|t:|1665519507\n|switch|p1a: Buzzwole|Buzzwole|100\/100\n|move|p2a: Melmetal|Double Iron Bash|p1a: Buzzwole\n|-damage|p1a: Buzzwole|71\/100\n|-damage|p2a: Melmetal|61\/100|[from] item: Rocky Helmet|[of] p1a: Buzzwole\n|-damage|p1a: Buzzwole|41\/100\n|-damage|p2a: Melmetal|44\/100|[from] item: Rocky Helmet|[of] p1a: Buzzwole\n|-hitcount|p1a: Buzzwole|2\n|\n|-weather|Sandstorm|[upkeep]\n|-damage|p1a: Buzzwole|35\/100|[from] Sandstorm\n|-heal|p2a: Melmetal|50\/100|[from] item: Leftovers\n|upkeep\n|turn|21\n|\n|t:|1665519519\n|switch|p2a: Tornadus|Tornadus-Therian, M|100\/100\n|move|p1a: Buzzwole|Roost|p1a: Buzzwole\n|-heal|p1a: Buzzwole|85\/100\n|-singleturn|p1a: Buzzwole|move: Roost\n|\n|-weather|Sandstorm|[upkeep]\n|-damage|p2a: Tornadus|94\/100|[from] Sandstorm\n|-damage|p1a: Buzzwole|79\/100|[from] Sandstorm\n|upkeep\n|turn|22\n|\n|t:|1665519526\n|switch|p1a: Toxapex|Toxapex, F|100\/100\n|move|p2a: Tornadus|U-turn|p1a: Toxapex\n|-resisted|p1a: Toxapex\n|-damage|p1a: Toxapex|96\/100\n|\n|t:|1665519533\n|switch|p2a: Rillaboom|Rillaboom, F|100\/100|[from]move: U-turn\n|-fieldstart|move: Grassy Terrain|[from] ability: Grassy Surge|[of] p2a: Rillaboom\n|\n|-weather|Sandstorm|[upkeep]\n|-damage|p2a: Rillaboom|94\/100|[from] Sandstorm\n|-damage|p1a: Toxapex|90\/100|[from] Sandstorm\n|-heal|p2a: Rillaboom|100\/100|[from] Grassy Terrain\n|-heal|p1a: Toxapex|96\/100|[from] Grassy Terrain\n|upkeep\n|turn|23\n|\n|t:|1665519548\n|switch|p2a: Slowbro|Slowbro, F|100\/100\n|switch|p1a: Buzzwole|Buzzwole|79\/100\n|\n|-weather|none\n|-heal|p1a: Buzzwole|85\/100|[from] Grassy Terrain\n|upkeep\n|turn|24\n|\n|t:|1665519555\n|switch|p1a: Dragapult|Dragapult, M|69\/100 brn\n|move|p2a: Slowbro|Toxic||[still]\n|-fail|p2a: Slowbro\n|\n|-heal|p1a: Dragapult|75\/100 brn|[from] Grassy Terrain\n|-damage|p1a: Dragapult|69\/100 brn|[from] brn\n|upkeep\n|turn|25\n|\n|t:|1665519562\n|switch|p2a: Garchomp|Garchomp, M|78\/100\n|move|p1a: Dragapult|Shadow Ball|p2a: Garchomp\n|-damage|p2a: Garchomp|43\/100\n|\n|-heal|p1a: Dragapult|75\/100 brn|[from] Grassy Terrain\n|-heal|p2a: Garchomp|50\/100|[from] Grassy Terrain\n|-heal|p2a: Garchomp|56\/100|[from] item: Leftovers\n|-damage|p1a: Dragapult|69\/100 brn|[from] brn\n|upkeep\n|turn|26\n|\n|t:|1665519572\n|switch|p1a: Corviknight|Corviknight, F|71\/100\n|-ability|p1a: Corviknight|Pressure\n|move|p2a: Garchomp|Stealth Rock|p1a: Corviknight\n|-sidestart|p1: dabess6|move: Stealth Rock\n|\n|-heal|p2a: Garchomp|62\/100|[from] Grassy Terrain\n|-heal|p2a: Garchomp|68\/100|[from] item: Leftovers\n|-fieldend|move: Grassy Terrain\n|upkeep\n|turn|27\n|\n|t:|1665519580\n|move|p2a: Garchomp|Protect|p2a: Garchomp\n|-singleturn|p2a: Garchomp|Protect\n|move|p1a: Corviknight|Roost|p1a: Corviknight\n|-heal|p1a: Corviknight|100\/100\n|-singleturn|p1a: Corviknight|move: Roost\n|\n|-heal|p2a: Garchomp|75\/100|[from] item: Leftovers\n|upkeep\n|turn|28\n|\n|t:|1665519588\n|switch|p2a: Melmetal|Melmetal|50\/100\n|move|p1a: Corviknight|Defog|p2a: Melmetal\n|-unboost|p2a: Melmetal|evasion|1\n|-sideend|p1: dabess6|Stealth Rock|[from] move: Defog|[of] p1a: Corviknight\n|\n|-heal|p2a: Melmetal|57\/100|[from] item: Leftovers\n|upkeep\n|turn|29\n|\n|t:|1665519595\n|move|p2a: Melmetal|Protect|p2a: Melmetal\n|-singleturn|p2a: Melmetal|Protect\n|move|p1a: Corviknight|Body Press|p2a: Melmetal\n|-activate|p2a: Melmetal|move: Protect\n|\n|-heal|p2a: Melmetal|63\/100|[from] item: Leftovers\n|upkeep\n|turn|30\n|\n|t:|1665519602\n|switch|p2a: Tornadus|Tornadus-Therian, M|100\/100\n|move|p1a: Corviknight|Body Press|p2a: Tornadus\n|-resisted|p2a: Tornadus\n|-damage|p2a: Tornadus|87\/100\n|\n|upkeep\n|turn|31\n|\n|t:|1665519608\n|switch|p1a: Toxapex|Toxapex, F|100\/100\n|move|p2a: Tornadus|U-turn|p1a: Toxapex\n|-resisted|p1a: Toxapex\n|-damage|p1a: Toxapex|96\/100\n|\n|t:|1665519613\n|switch|p2a: Slowbro|Slowbro, F|100\/100|[from]move: U-turn\n|\n|upkeep\n|turn|32\n|\n|t:|1665519628\n|move|p1a: Toxapex|Scald|p2a: Slowbro\n|-resisted|p2a: Slowbro\n|-damage|p2a: Slowbro|92\/100\n|move|p2a: Slowbro|Teleport|p2a: Slowbro\n|\n|t:|1665519632\n|switch|p2a: Garchomp|Garchomp, M|75\/100|[from]move: Teleport\n|\n|-heal|p2a: Garchomp|81\/100|[from] item: Leftovers\n|upkeep\n|turn|33\n|\n|t:|1665519637\n|switch|p2a: Slowbro|Slowbro, F|100\/100\n|switch|p1a: Corviknight|Corviknight, F|100\/100\n|-ability|p1a: Corviknight|Pressure\n|\n|upkeep\n|turn|34\n|\n|t:|1665519644\n|move|p1a: Corviknight|U-turn|p2a: Slowbro\n|-supereffective|p2a: Slowbro\n|-damage|p2a: Slowbro|84\/100\n|\n|t:|1665519645\n|switch|p1a: Dragapult|Dragapult, M|69\/100 brn|[from]move: U-turn\n|move|p2a: Slowbro|Teleport|p2a: Slowbro\n|\n|t:|1665519653\n|switch|p2a: Tornadus|Tornadus-Therian, M|100\/100|[from]move: Teleport\n|\n|-damage|p1a: Dragapult|63\/100 brn|[from] brn\n|upkeep\n|turn|35\n|\n|t:|1665519658\n|move|p1a: Dragapult|U-turn|p2a: Tornadus\n|-resisted|p2a: Tornadus\n|-damage|p2a: Tornadus|96\/100\n|\n|t:|1665519661\n|switch|p1a: Toxapex|Toxapex, F|100\/100|[from]move: U-turn\n|move|p2a: Tornadus|U-turn|p1a: Toxapex\n|-resisted|p1a: Toxapex\n|-damage|p1a: Toxapex|96\/100\n|\n|t:|1665519667\n|switch|p2a: Slowbro|Slowbro, F|100\/100|[from]move: U-turn\n|\n|upkeep\n|turn|36\n|\n|t:|1665519672\n|switch|p1a: Corviknight|Corviknight, F|100\/100\n|-ability|p1a: Corviknight|Pressure\n|move|p2a: Slowbro|Teleport|p2a: Slowbro\n|\n|t:|1665519677\n|switch|p2a: Melmetal|Melmetal|63\/100|[from]move: Teleport\n|\n|-heal|p2a: Melmetal|69\/100|[from] item: Leftovers\n|upkeep\n|turn|37\n|\n|t:|1665519691\n|switch|p1a: Buzzwole|Buzzwole|85\/100\n|move|p2a: Melmetal|Protect||[still]\n|-fail|p2a: Melmetal\n|\n|-heal|p2a: Melmetal|75\/100|[from] item: Leftovers\n|upkeep\n|turn|38\n|\n|t:|1665519698\n|switch|p1a: Blacephalon|Blacephalon|100\/100\n|move|p2a: Melmetal|Protect||[still]\n|-fail|p2a: Melmetal\n|\n|-heal|p2a: Melmetal|82\/100|[from] item: Leftovers\n|upkeep\n|turn|39\n|inactive|dabess6 has 120 seconds left.\n|inactive|dabess6 has 90 seconds left.\n|\n|t:|1665519761\n|move|p2a: Melmetal|Protect|p2a: Melmetal\n|-singleturn|p2a: Melmetal|Protect\n|move|p1a: Blacephalon|Overheat|p2a: Melmetal\n|-activate|p2a: Melmetal|move: Protect\n|\n|-heal|p2a: Melmetal|88\/100|[from] item: Leftovers\n|upkeep\n|turn|40\n|\n|t:|1665519768\n|switch|p2a: Slowbro|Slowbro, F|100\/100\n|move|p1a: Blacephalon|Overheat|p2a: Slowbro\n|-resisted|p2a: Slowbro\n|-damage|p2a: Slowbro|43\/100\n|-unboost|p1a: Blacephalon|spa|2\n|\n|upkeep\n|turn|41\n|\n|t:|1665519776\n|switch|p1a: Corviknight|Corviknight, F|100\/100\n|-ability|p1a: Corviknight|Pressure\n|move|p2a: Slowbro|Future Sight|p1a: Corviknight\n|-start|p2a: Slowbro|move: Future Sight\n|\n|upkeep\n|turn|42\n|\n|t:|1665519781\n|move|p1a: Corviknight|Body Press|p2a: Slowbro\n|-resisted|p2a: Slowbro\n|-damage|p2a: Slowbro|36\/100\n|move|p2a: Slowbro|Teleport|p2a: Slowbro\n|\n|t:|1665519785\n|switch|p2a: Blaziken|Blaziken, M|100\/100|[from]move: Teleport\n|\n|upkeep\n|turn|43\n|\n|t:|1665519789\n|move|p2a: Blaziken|Swords Dance|p2a: Blaziken\n|-boost|p2a: Blaziken|atk|2\n|move|p1a: Corviknight|Roost||[still]\n|-fail|p1a: Corviknight|heal\n|\n|-end|p1a: Corviknight|move: Future Sight\n|-resisted|p1a: Corviknight\n|-damage|p1a: Corviknight|82\/100\n|-ability|p2a: Blaziken|Speed Boost|boost\n|-boost|p2a: Blaziken|spe|1\n|upkeep\n|turn|44\n|inactive|dabess6 has 120 seconds left.\n|inactive|Not Sarcasm has 120 seconds left.\n|inactive|dabess6 has 90 seconds left.\n|\n|t:|1665519851\n|switch|p1a: Toxapex|Toxapex, F|100\/100\n|move|p2a: Blaziken|Swords Dance|p2a: Blaziken\n|-boost|p2a: Blaziken|atk|2\n|\n|-ability|p2a: Blaziken|Speed Boost|boost\n|-boost|p2a: Blaziken|spe|1\n|upkeep\n|turn|45\n|\n|t:|1665519858\n|move|p2a: Blaziken|Close Combat|p1a: Toxapex\n|-resisted|p1a: Toxapex\n|-damage|p1a: Toxapex|43\/100\n|-unboost|p2a: Blaziken|def|1\n|-unboost|p2a: Blaziken|spd|1\n|move|p1a: Toxapex|Scald|p2a: Blaziken\n|-supereffective|p2a: Blaziken\n|-damage|p2a: Blaziken|29\/100\n|\n|-heal|p2a: Blaziken|35\/100|[from] item: Leftovers\n|-ability|p2a: Blaziken|Speed Boost|boost\n|-boost|p2a: Blaziken|spe|1\n|upkeep\n|turn|46\n|\n|t:|1665519868\n|switch|p1a: Hippowdon|Hippowdon, F|100\/100\n|-weather|Sandstorm|[from] ability: Sand Stream|[of] p1a: Hippowdon\n|move|p2a: Blaziken|Close Combat|p1a: Hippowdon\n|-damage|p1a: Hippowdon|0 fnt\n|-unboost|p2a: Blaziken|def|1\n|-unboost|p2a: Blaziken|spd|1\n|faint|p1a: Hippowdon\n|\n|-weather|Sandstorm|[upkeep]\n|-damage|p2a: Blaziken|29\/100|[from] Sandstorm\n|-heal|p2a: Blaziken|35\/100|[from] item: Leftovers\n|-ability|p2a: Blaziken|Speed Boost|boost\n|-boost|p2a: Blaziken|spe|1\n|upkeep\n|\n|t:|1665519871\n|switch|p1a: Toxapex|Toxapex, F|76\/100\n|turn|47\n|\n|t:|1665519886\n|switch|p2a: Slowbro|Slowbro, F|69\/100\n|switch|p1a: Blacephalon|Blacephalon|100\/100\n|\n|-weather|Sandstorm|[upkeep]\n|-damage|p1a: Blacephalon|94\/100|[from] Sandstorm\n|-damage|p2a: Slowbro|63\/100|[from] Sandstorm\n|upkeep\n|turn|48\n|c|\u2606Not Sarcasm|good play\n|\n|t:|1665519895\n|switch|p2a: Garchomp|Garchomp, M|81\/100\n|move|p1a: Blacephalon|Shadow Ball|p2a: Garchomp\n|-damage|p2a: Garchomp|36\/100\n|\n|-weather|Sandstorm|[upkeep]\n|-damage|p1a: Blacephalon|88\/100|[from] Sandstorm\n|-heal|p2a: Garchomp|42\/100|[from] item: Leftovers\n|upkeep\n|turn|49\n|c|\u2606dabess6|thx\n|\n|t:|1665519903\n|move|p2a: Garchomp|Protect|p2a: Garchomp\n|-singleturn|p2a: Garchomp|Protect\n|move|p1a: Blacephalon|Shadow Ball|p2a: Garchomp\n|-activate|p2a: Garchomp|move: Protect\n|\n|-weather|Sandstorm|[upkeep]\n|-damage|p1a: Blacephalon|82\/100|[from] Sandstorm\n|-heal|p2a: Garchomp|48\/100|[from] item: Leftovers\n|upkeep\n|turn|50\n|inactive|dabess6 has 120 seconds left.\n|\n|t:|1665519935\n|move|p1a: Blacephalon|Shadow Ball|p2a: Garchomp\n|-damage|p2a: Garchomp|0 fnt\n|faint|p2a: Garchomp\n|-ability|p1a: Blacephalon|Beast Boost|boost\n|-boost|p1a: Blacephalon|spa|1\n|\n|-weather|none\n|upkeep\n|inactive|Not Sarcasm has 120 seconds left.\n|inactive|Not Sarcasm has 90 seconds left.\n|c|\u2606Not Sarcasm|252 SpA Choice Specs Blacephalon Shadow Ball vs. 252 HP \/ 252+ SpD Garchomp: 175-207 (41.6 - 49.2%) -- guaranteed 3HKO after Leftovers recovery\n|inactive|Not Sarcasm has 60 seconds left.\n|c|\u2606Not Sarcasm|max roll lol\n|\n|t:|1665520023\n|switch|p2a: Tornadus|Tornadus-Therian, M|100\/100\n|turn|51\n|inactive|dabess6 has 120 seconds left.\n|c|\u2606Not Sarcasm|well\n|c|\u2606Not Sarcasm|mid roll\n|\n|t:|1665520049\n|switch|p1a: Corviknight|Corviknight, F|82\/100\n|-ability|p1a: Corviknight|Pressure\n|move|p2a: Tornadus|U-turn|p1a: Corviknight\n|-resisted|p1a: Corviknight\n|-damage|p1a: Corviknight|80\/100\n|-damage|p2a: Tornadus|84\/100|[from] item: Rocky Helmet|[of] p1a: Corviknight\n|c|\u2606dabess6|yea\n|c|\u2606dabess6|pretty much\n|\n|t:|1665520059\n|switch|p2a: Slowbro|Slowbro, F|96\/100|[from]move: U-turn\n|\n|upkeep\n|turn|52\n|c|\u2606dabess6|but u gave him 2 much hp\n|\n|t:|1665520077\n|move|p1a: Corviknight|Body Press|p2a: Slowbro\n|-resisted|p2a: Slowbro\n|-damage|p2a: Slowbro|89\/100\n|move|p2a: Slowbro|Teleport|p2a: Slowbro\n|\n|t:|1665520081\n|switch|p2a: Blaziken|Blaziken, M|35\/100|[from]move: Teleport\n|\n|-heal|p2a: Blaziken|41\/100|[from] item: Leftovers\n|upkeep\n|turn|53\n|\n|t:|1665520087\n|switch|p2a: Rillaboom|Rillaboom, F|100\/100\n|-fieldstart|move: Grassy Terrain|[from] ability: Grassy Surge|[of] p2a: Rillaboom\n|switch|p1a: Toxapex|Toxapex, F|100\/100\n|\n|upkeep\n|turn|54\n|\n|t:|1665520094\n|switch|p1a: Buzzwole|Buzzwole|85\/100\n|move|p2a: Rillaboom|Knock Off|p1a: Buzzwole\n|-resisted|p1a: Buzzwole\n|-damage|p1a: Buzzwole|74\/100\n|-damage|p2a: Rillaboom|84\/100|[from] item: Rocky Helmet|[of] p1a: Buzzwole\n|-enditem|p1a: Buzzwole|Rocky Helmet|[from] move: Knock Off|[of] p2a: Rillaboom\n|\n|-heal|p1a: Buzzwole|80\/100|[from] Grassy Terrain\n|-heal|p2a: Rillaboom|90\/100|[from] Grassy Terrain\n|-heal|p2a: Rillaboom|96\/100|[from] item: Leftovers\n|upkeep\n|turn|55\n|inactive|Not Sarcasm has 90 seconds left.\n|\n|t:|1665520105\n|switch|p2a: Melmetal|Melmetal|88\/100\n|move|p1a: Buzzwole|Ice Punch|p2a: Melmetal\n|-resisted|p2a: Melmetal\n|-damage|p2a: Melmetal|80\/100\n|\n|-heal|p1a: Buzzwole|86\/100|[from] Grassy Terrain\n|-heal|p2a: Melmetal|86\/100|[from] Grassy Terrain\n|-heal|p2a: Melmetal|92\/100|[from] item: Leftovers\n|upkeep\n|turn|56\n|inactive|Not Sarcasm has 90 seconds left.\n|\n|t:|1665520114\n|switch|p2a: Slowbro|Slowbro, F|100\/100\n|move|p1a: Buzzwole|Roost|p1a: Buzzwole\n|-heal|p1a: Buzzwole|100\/100\n|-singleturn|p1a: Buzzwole|move: Roost\n|\n|upkeep\n|turn|57\n|\n|t:|1665520119\n|switch|p1a: Corviknight|Corviknight, F|80\/100\n|-ability|p1a: Corviknight|Pressure\n|move|p2a: Slowbro|Teleport|p2a: Slowbro\n|\n|t:|1665520123\n|switch|p2a: Blaziken|Blaziken, M|41\/100|[from]move: Teleport\n|\n|-heal|p2a: Blaziken|47\/100|[from] Grassy Terrain\n|-heal|p2a: Blaziken|54\/100|[from] item: Leftovers\n|-fieldend|move: Grassy Terrain\n|upkeep\n|turn|58\n|\n|t:|1665520130\n|move|p2a: Blaziken|Protect|p2a: Blaziken\n|-singleturn|p2a: Blaziken|Protect\n|move|p1a: Corviknight|U-turn|p2a: Blaziken\n|-activate|p2a: Blaziken|move: Protect\n|\n|-heal|p2a: Blaziken|60\/100|[from] item: Leftovers\n|-ability|p2a: Blaziken|Speed Boost|boost\n|-boost|p2a: Blaziken|spe|1\n|upkeep\n|turn|59\n|\n|t:|1665520138\n|switch|p1a: Toxapex|Toxapex, F|100\/100\n|move|p2a: Blaziken|Flare Blitz|p1a: Toxapex\n|-resisted|p1a: Toxapex\n|-damage|p1a: Toxapex|82\/100\n|-status|p1a: Toxapex|brn\n|-damage|p2a: Blaziken|55\/100|[from] Recoil\n|\n|-heal|p2a: Blaziken|61\/100|[from] item: Leftovers\n|-damage|p1a: Toxapex|76\/100 brn|[from] brn\n|-ability|p2a: Blaziken|Speed Boost|boost\n|-boost|p2a: Blaziken|spe|1\n|upkeep\n|turn|60\n|\n|t:|1665520152\n|move|p2a: Blaziken|Protect|p2a: Blaziken\n|-singleturn|p2a: Blaziken|Protect\n|move|p1a: Toxapex|Knock Off|p2a: Blaziken\n|-activate|p2a: Blaziken|move: Protect\n|\n|-heal|p2a: Blaziken|67\/100|[from] item: Leftovers\n|-damage|p1a: Toxapex|70\/100 brn|[from] brn\n|-ability|p2a: Blaziken|Speed Boost|boost\n|-boost|p2a: Blaziken|spe|1\n|upkeep\n|turn|61\n|\n|t:|1665520172\n|switch|p2a: Tornadus|Tornadus-Therian, M|100\/100\n|move|p1a: Toxapex|Scald|p2a: Tornadus\n|-damage|p2a: Tornadus|84\/100\n|\n|-damage|p1a: Toxapex|64\/100 brn|[from] brn\n|upkeep\n|turn|62\n|\n|t:|1665520183\n|switch|p1a: Corviknight|Corviknight, F|80\/100\n|-ability|p1a: Corviknight|Pressure\n|move|p2a: Tornadus|U-turn|p1a: Corviknight\n|-resisted|p1a: Corviknight\n|-damage|p1a: Corviknight|77\/100\n|-damage|p2a: Tornadus|68\/100|[from] item: Rocky Helmet|[of] p1a: Corviknight\n|\n|t:|1665520190\n|switch|p2a: Blaziken|Blaziken, M|67\/100|[from]move: U-turn\n|\n|-heal|p2a: Blaziken|73\/100|[from] item: Leftovers\n|upkeep\n|turn|63\n|\n|t:|1665520195\n|switch|p1a: Toxapex|Toxapex, F|97\/100 brn\n|move|p2a: Blaziken|Flare Blitz|p1a: Toxapex\n|-resisted|p1a: Toxapex\n|-damage|p1a: Toxapex|77\/100 brn\n|-damage|p2a: Blaziken|67\/100|[from] Recoil\n|\n|-heal|p2a: Blaziken|73\/100|[from] item: Leftovers\n|-damage|p1a: Toxapex|71\/100 brn|[from] brn\n|-ability|p2a: Blaziken|Speed Boost|boost\n|-boost|p2a: Blaziken|spe|1\n|upkeep\n|turn|64\n|\n|t:|1665520205\n|move|p2a: Blaziken|Protect|p2a: Blaziken\n|-singleturn|p2a: Blaziken|Protect\n|move|p1a: Toxapex|Recover|p1a: Toxapex\n|-heal|p1a: Toxapex|100\/100 brn\n|\n|-heal|p2a: Blaziken|80\/100|[from] item: Leftovers\n|-damage|p1a: Toxapex|94\/100 brn|[from] brn\n|-ability|p2a: Blaziken|Speed Boost|boost\n|-boost|p2a: Blaziken|spe|1\n|upkeep\n|turn|65\n|inactive|Not Sarcasm has 120 seconds left.\n|\n|t:|1665520214\n|switch|p2a: Slowbro|Slowbro, F|100\/100\n|move|p1a: Toxapex|Knock Off|p2a: Slowbro\n|-supereffective|p2a: Slowbro\n|-damage|p2a: Slowbro|95\/100\n|\n|-damage|p1a: Toxapex|88\/100 brn|[from] brn\n|upkeep\n|turn|66\n|\n|t:|1665520225\n|switch|p1a: Blacephalon|Blacephalon|82\/100\n|move|p2a: Slowbro|Teleport|p2a: Slowbro\n|\n|t:|1665520228\n|switch|p2a: Tornadus|Tornadus-Therian, M|100\/100|[from]move: Teleport\n|\n|upkeep\n|turn|67\n|\n|t:|1665520235\n|switch|p1a: Toxapex|Toxapex, F|100\/100 brn\n|move|p2a: Tornadus|U-turn|p1a: Toxapex\n|-resisted|p1a: Toxapex\n|-damage|p1a: Toxapex|96\/100 brn\n|\n|t:|1665520241\n|switch|p2a: Melmetal|Melmetal|92\/100|[from]move: U-turn\n|\n|-heal|p2a: Melmetal|99\/100|[from] item: Leftovers\n|-damage|p1a: Toxapex|90\/100 brn|[from] brn\n|upkeep\n|turn|68\n|\n|t:|1665520254\n|switch|p1a: Buzzwole|Buzzwole|100\/100\n|move|p2a: Melmetal|Thunder Punch|p1a: Buzzwole\n|-damage|p1a: Buzzwole|75\/100\n|\n|-heal|p2a: Melmetal|100\/100|[from] item: Leftovers\n|upkeep\n|turn|69\n|\n|t:|1665520262\n|move|p1a: Buzzwole|Close Combat|p2a: Melmetal\n|-supereffective|p2a: Melmetal\n|-damage|p2a: Melmetal|18\/100\n|-unboost|p1a: Buzzwole|def|1\n|-unboost|p1a: Buzzwole|spd|1\n|move|p2a: Melmetal|Thunder Punch|p1a: Buzzwole\n|-damage|p1a: Buzzwole|37\/100\n|\n|-heal|p2a: Melmetal|25\/100|[from] item: Leftovers\n|upkeep\n|turn|70\n|\n|t:|1665520272\n|move|p1a: Buzzwole|Close Combat|p2a: Melmetal\n|-supereffective|p2a: Melmetal\n|-damage|p2a: Melmetal|0 fnt\n|-unboost|p1a: Buzzwole|def|1\n|-unboost|p1a: Buzzwole|spd|1\n|faint|p2a: Melmetal\n|-ability|p1a: Buzzwole|Beast Boost|boost\n|-boost|p1a: Buzzwole|atk|1\n|\n|upkeep\n|\n|t:|1665520280\n|switch|p2a: Rillaboom|Rillaboom, F|96\/100\n|-fieldstart|move: Grassy Terrain|[from] ability: Grassy Surge|[of] p2a: Rillaboom\n|turn|71\n|\n|t:|1665520284\n|switch|p1a: Corviknight|Corviknight, F|77\/100\n|-ability|p1a: Corviknight|Pressure\n|move|p2a: Rillaboom|Swords Dance|p2a: Rillaboom\n|-boost|p2a: Rillaboom|atk|2\n|\n|-heal|p2a: Rillaboom|100\/100|[from] Grassy Terrain\n|upkeep\n|turn|72\n|\n|t:|1665520291\n|move|p2a: Rillaboom|Swords Dance|p2a: Rillaboom\n|-boost|p2a: Rillaboom|atk|2\n|move|p1a: Corviknight|U-turn|p2a: Rillaboom\n|-supereffective|p2a: Rillaboom\n|-damage|p2a: Rillaboom|72\/100\n|\n|t:|1665520294\n|switch|p1a: Buzzwole|Buzzwole|37\/100|[from]move: U-turn\n|\n|-heal|p1a: Buzzwole|43\/100|[from] Grassy Terrain\n|-heal|p2a: Rillaboom|78\/100|[from] Grassy Terrain\n|-heal|p2a: Rillaboom|84\/100|[from] item: Leftovers\n|upkeep\n|turn|73\n|c|\u2606Not Sarcasm|assuming the calc is right\n|inactive|dabess6 has 120 seconds left.\n|\n|t:|1665520336\n|move|p2a: Rillaboom|Grassy Glide|p1a: Buzzwole\n|-resisted|p1a: Buzzwole\n|-crit|p1a: Buzzwole\n|-damage|p1a: Buzzwole|0 fnt\n|faint|p1a: Buzzwole\n|\n|-heal|p2a: Rillaboom|91\/100|[from] Grassy Terrain\n|-heal|p2a: Rillaboom|97\/100|[from] item: Leftovers\n|upkeep\n|c|\u2606Not Sarcasm|crit mattered????\n|c|\u2606dabess6|nah\n|c|\u2606Not Sarcasm|figured lol\n|\n|t:|1665520363\n|switch|p1a: Toxapex|Toxapex, F|100\/100 brn\n|turn|74\n|\n|t:|1665520367\n|move|p2a: Rillaboom|Grassy Glide|p1a: Toxapex\n|-damage|p1a: Toxapex|17\/100 brn\n|move|p1a: Toxapex|Haze|p1a: Toxapex\n|-clearallboost\n|\n|-heal|p2a: Rillaboom|100\/100|[from] Grassy Terrain\n|-heal|p1a: Toxapex|23\/100 brn|[from] Grassy Terrain\n|-damage|p1a: Toxapex|17\/100 brn|[from] brn\n|upkeep\n|turn|75\n|\n|t:|1665520377\n|switch|p1a: Dragapult|Dragapult, M|63\/100 brn\n|move|p2a: Rillaboom|Knock Off|p1a: Dragapult\n|-supereffective|p1a: Dragapult\n|-damage|p1a: Dragapult|0 fnt\n|-enditem|p1a: Dragapult|Choice Specs|[from] move: Knock Off|[of] p2a: Rillaboom\n|faint|p1a: Dragapult\n|\n|-fieldend|move: Grassy Terrain\n|upkeep\n|\n|t:|1665520380\n|switch|p1a: Blacephalon|Blacephalon|82\/100\n|turn|76\n|\n|t:|1665520389\n|switch|p2a: Tornadus|Tornadus-Therian, M|100\/100\n|move|p1a: Blacephalon|Overheat|p2a: Tornadus\n|-damage|p2a: Tornadus|0 fnt\n|-unboost|p1a: Blacephalon|spa|2\n|faint|p2a: Tornadus\n|-ability|p1a: Blacephalon|Beast Boost|boost\n|-boost|p1a: Blacephalon|spa|1\n|\n|upkeep\n|\n|t:|1665520401\n|switch|p2a: Slowbro|Slowbro, F|100\/100\n|turn|77\n|\n|t:|1665520406\n|switch|p1a: Toxapex|Toxapex, F|50\/100 brn\n|move|p2a: Slowbro|Scald|p1a: Toxapex\n|-resisted|p1a: Toxapex\n|-damage|p1a: Toxapex|39\/100 brn\n|\n|-damage|p1a: Toxapex|33\/100 brn|[from] brn\n|upkeep\n|turn|78\n|\n|t:|1665520416\n|move|p1a: Toxapex|Recover|p1a: Toxapex\n|-heal|p1a: Toxapex|83\/100 brn\n|move|p2a: Slowbro|Future Sight|p1a: Toxapex\n|-start|p2a: Slowbro|move: Future Sight\n|\n|-damage|p1a: Toxapex|76\/100 brn|[from] brn\n|upkeep\n|turn|79\n|\n|t:|1665520421\n|move|p1a: Toxapex|Knock Off|p2a: Slowbro\n|-supereffective|p2a: Slowbro\n|-damage|p2a: Slowbro|95\/100\n|move|p2a: Slowbro|Scald|p1a: Toxapex\n|-resisted|p1a: Toxapex\n|-damage|p1a: Toxapex|65\/100 brn\n|\n|-damage|p1a: Toxapex|58\/100 brn|[from] brn\n|upkeep\n|turn|80\n|\n|t:|1665520428\n|switch|p1a: Corviknight|Corviknight, F|77\/100\n|-ability|p1a: Corviknight|Pressure\n|move|p2a: Slowbro|Teleport|p2a: Slowbro\n|\n|t:|1665520432\n|switch|p2a: Blaziken|Blaziken, M|80\/100|[from]move: Teleport\n|\n|-end|p1a: Corviknight|move: Future Sight\n|-resisted|p1a: Corviknight\n|-damage|p1a: Corviknight|60\/100\n|-heal|p2a: Blaziken|86\/100|[from] item: Leftovers\n|upkeep\n|turn|81\n|\n|t:|1665520444\n|switch|p2a: Slowbro|Slowbro, F|100\/100\n|switch|p1a: Toxapex|Toxapex, F|92\/100 brn\n|\n|-damage|p1a: Toxapex|85\/100 brn|[from] brn\n|upkeep\n|turn|82\n|\n|t:|1665520450\n|switch|p1a: Blacephalon|Blacephalon|82\/100\n|move|p2a: Slowbro|Teleport|p2a: Slowbro\n|\n|t:|1665520455\n|switch|p2a: Blaziken|Blaziken, M|86\/100|[from]move: Teleport\n|\n|-heal|p2a: Blaziken|92\/100|[from] item: Leftovers\n|upkeep\n|turn|83\n|\n|t:|1665520460\n|switch|p1a: Toxapex|Toxapex, F|100\/100 brn\n|move|p2a: Blaziken|Protect||[still]\n|-fail|p2a: Blaziken\n|\n|-heal|p2a: Blaziken|98\/100|[from] item: Leftovers\n|-damage|p1a: Toxapex|94\/100 brn|[from] brn\n|-ability|p2a: Blaziken|Speed Boost|boost\n|-boost|p2a: Blaziken|spe|1\n|upkeep\n|turn|84\n|\n|t:|1665520468\n|switch|p1a: Blacephalon|Blacephalon|82\/100\n|move|p2a: Blaziken|Protect||[still]\n|-fail|p2a: Blaziken\n|\n|-heal|p2a: Blaziken|100\/100|[from] item: Leftovers\n|-ability|p2a: Blaziken|Speed Boost|boost\n|-boost|p2a: Blaziken|spe|1\n|upkeep\n|turn|85\n|\n|t:|1665520475\n|move|p2a: Blaziken|Swords Dance|p2a: Blaziken\n|-boost|p2a: Blaziken|atk|2\n|move|p1a: Blacephalon|Shadow Ball|p2a: Blaziken\n|-damage|p2a: Blaziken|9\/100\n|-unboost|p2a: Blaziken|spd|1\n|\n|-heal|p2a: Blaziken|16\/100|[from] item: Leftovers\n|-ability|p2a: Blaziken|Speed Boost|boost\n|-boost|p2a: Blaziken|spe|1\n|upkeep\n|turn|86\n|inactive|dabess6 has 120 seconds left.\n|\n|t:|1665520529\n|switch|p1a: Toxapex|Toxapex, F|100\/100 brn\n|move|p2a: Blaziken|Swords Dance|p2a: Blaziken\n|-boost|p2a: Blaziken|atk|2\n|\n|-heal|p2a: Blaziken|22\/100|[from] item: Leftovers\n|-damage|p1a: Toxapex|94\/100 brn|[from] brn\n|-ability|p2a: Blaziken|Speed Boost|boost\n|-boost|p2a: Blaziken|spe|1\n|upkeep\n|turn|87\n|\n|t:|1665520538\n|move|p2a: Blaziken|Close Combat|p1a: Toxapex\n|-resisted|p1a: Toxapex\n|-damage|p1a: Toxapex|40\/100 brn\n|-unboost|p2a: Blaziken|def|1\n|-unboost|p2a: Blaziken|spd|1\n|move|p1a: Toxapex|Scald|p2a: Blaziken\n|-supereffective|p2a: Blaziken\n|-damage|p2a: Blaziken|0 fnt\n|faint|p2a: Blaziken\n|\n|-damage|p1a: Toxapex|34\/100 brn|[from] brn\n|upkeep\n|\n|t:|1665520548\n|switch|p2a: Rillaboom|Rillaboom, F|100\/100\n|-fieldstart|move: Grassy Terrain|[from] ability: Grassy Surge|[of] p2a: Rillaboom\n|turn|88\n|\n|t:|1665520552\n|move|p2a: Rillaboom|Grassy Glide|p1a: Toxapex\n|-damage|p1a: Toxapex|4\/100 brn\n|move|p1a: Toxapex|Knock Off|p2a: Rillaboom\n|-damage|p2a: Rillaboom|94\/100\n|-enditem|p2a: Rillaboom|Leftovers|[from] move: Knock Off|[of] p1a: Toxapex\n|\n|-heal|p2a: Rillaboom|100\/100|[from] Grassy Terrain\n|-heal|p1a: Toxapex|10\/100 brn|[from] Grassy Terrain\n|-damage|p1a: Toxapex|4\/100 brn|[from] brn\n|upkeep\n|turn|89\n|\n|t:|1665520563\n|move|p2a: Rillaboom|Swords Dance|p2a: Rillaboom\n|-boost|p2a: Rillaboom|atk|2\n|move|p1a: Toxapex|Recover|p1a: Toxapex\n|-heal|p1a: Toxapex|54\/100 brn\n|\n|-heal|p1a: Toxapex|60\/100 brn|[from] Grassy Terrain\n|-damage|p1a: Toxapex|54\/100 brn|[from] brn\n|upkeep\n|turn|90\n|\n|t:|1665520571\n|move|p2a: Rillaboom|Grassy Glide|p1a: Toxapex\n|-damage|p1a: Toxapex|0 fnt\n|faint|p1a: Toxapex\n|\n|upkeep\n|\n|t:|1665520574\n|switch|p1a: Corviknight|Corviknight, F|60\/100\n|-ability|p1a: Corviknight|Pressure\n|turn|91\n|\n|t:|1665520578\n|move|p2a: Rillaboom|Knock Off|p1a: Corviknight\n|-damage|p1a: Corviknight|16\/100\n|-damage|p2a: Rillaboom|84\/100|[from] item: Rocky Helmet|[of] p1a: Corviknight\n|-enditem|p1a: Corviknight|Rocky Helmet|[from] move: Knock Off|[of] p2a: Rillaboom\n|move|p1a: Corviknight|Roost|p1a: Corviknight\n|-heal|p1a: Corviknight|66\/100\n|-singleturn|p1a: Corviknight|move: Roost\n|\n|-heal|p2a: Rillaboom|90\/100|[from] Grassy Terrain\n|-heal|p1a: Corviknight|73\/100|[from] Grassy Terrain\n|upkeep\n|turn|92\n|\n|t:|1665520588\n|move|p2a: Rillaboom|Drain Punch|p1a: Corviknight\n|-damage|p1a: Corviknight|36\/100\n|-heal|p2a: Rillaboom|100\/100|[from] drain|[of] p1a: Corviknight\n|move|p1a: Corviknight|U-turn|p2a: Rillaboom\n|-supereffective|p2a: Rillaboom\n|-damage|p2a: Rillaboom|74\/100\n|\n|t:|1665520591\n|switch|p1a: Blacephalon|Blacephalon|82\/100|[from]move: U-turn\n|\n|-heal|p1a: Blacephalon|88\/100|[from] Grassy Terrain\n|-heal|p2a: Rillaboom|80\/100|[from] Grassy Terrain\n|-fieldend|move: Grassy Terrain\n|upkeep\n|turn|93\n|inactive|dabess6 has 120 seconds left.\n|\n|t:|1665520619\n|move|p1a: Blacephalon|Shadow Ball|p2a: Rillaboom\n|-damage|p2a: Rillaboom|0 fnt\n|faint|p2a: Rillaboom\n|-ability|p1a: Blacephalon|Beast Boost|boost\n|-boost|p1a: Blacephalon|spa|1\n|\n|upkeep\n|c|\u2606Not Sarcasm|jesus\n|c|\u2606dabess6|that was a roll\n|c|\u2606Not Sarcasm|it was\n|c|\u2606dabess6|gg\n|c|\u2606dabess6|this was honestly\n|c|\u2606dabess6|my most fun match\n|inactive|Not Sarcasm has 120 seconds left.\n|c|\u2606Not Sarcasm|252 SpA Choice Specs Blacephalon Shadow Ball vs. 236 HP \/ 0 SpD Rillaboom: 294-346 (73.5 - 86.5%) -- guaranteed 2HKO after Grassy Terrain recovery\n|c|\u2606Not Sarcasm|man\n|c|\u2606dabess6|your plays were really good\n|c|\u2606Not Sarcasm|you as well\n|c|\u2606Not Sarcasm|gg\n|-message|Not Sarcasm forfeited.\n|\n|win|dabess6\n|raw|dabess6's rating: 1608 &rarr; <strong>1631<\/strong><br \/>(+23 for winning)\n|raw|Not Sarcasm's rating: 1668 &rarr; <strong>1645<\/strong><br \/>(-23 for losing)\n|l|\u2606Not Sarcasm\n||Ladder isn't responding, score probably updated but might not have (Request timeout).\n","uploadtime":1665520758,"views":23,"p1id":"dabess6","p2id":"notsarcasm","formatid":"gen8ou","rating":1631,"private":0,"password":null}