{"id":"gen8ou-1653534342","p1":"Kasumitot","p2":"reionatro","format":"gen8ou","log":"|j|\u2606Kasumitot\n|j|\u2606reionatro\n|t:|1662042508\n|gametype|singles\n|player|p1|Kasumitot|lady|1805\n|player|p2|reionatro|101|1784\n|teamsize|p1|6\n|teamsize|p2|6\n|gen|8\n|tier|[Gen 8] OU\n|rated|\n|rule|Sleep Clause Mod: Limit one foe put to sleep\n|rule|Species Clause: Limit one of each Pok\u00e9mon\n|rule|OHKO Clause: OHKO moves are banned\n|rule|Evasion Items Clause: Evasion items are banned\n|rule|Evasion Moves Clause: Evasion moves are banned\n|rule|Endless Battle Clause: Forcing endless battles is banned\n|rule|HP Percentage Mod: HP is shown in percentages\n|rule|Dynamax Clause: You cannot dynamax\n|clearpoke\n|poke|p1|Tyranitar, F|\n|poke|p1|Tapu Lele|\n|poke|p1|Landorus-Therian, M|\n|poke|p1|Regieleki|\n|poke|p1|Toxapex, M|\n|poke|p1|Ferrothorn, M|\n|poke|p2|Urshifu-*, F|\n|poke|p2|Tapu Koko|\n|poke|p2|Melmetal|\n|poke|p2|Zapdos|\n|poke|p2|Landorus-Therian, M|\n|poke|p2|Rillaboom, F|\n|teampreview\n|c|\u2606reionatro|hf\n|\n|t:|1662042536\n|start\n|switch|p1a: Landorus|Landorus-Therian, M|100\/100\n|switch|p2a: Tapu Koko|Tapu Koko|100\/100\n|-fieldstart|move: Electric Terrain|[from] ability: Electric Surge|[of] p2a: Tapu Koko\n|-ability|p1a: Landorus|Intimidate|boost\n|-unboost|p2a: Tapu Koko|atk|1\n|turn|1\n|\n|t:|1662042592\n|switch|p2a: Landorus|Landorus-Therian, M|100\/100\n|-ability|p2a: Landorus|Intimidate|boost\n|-unboost|p1a: Landorus|atk|1\n|move|p1a: Landorus|Toxic|p2a: Landorus\n|-status|p2a: Landorus|tox\n|\n|-damage|p2a: Landorus|94\/100 tox|[from] psn\n|upkeep\n|turn|2\n|j| wistwind\n|j| An\u00a4nym\u00a4u5\n|\n|t:|1662042620\n|move|p1a: Landorus|Knock Off|p2a: Landorus\n|-damage|p2a: Landorus|70\/100 tox\n|-enditem|p2a: Landorus|Leftovers|[from] move: Knock Off|[of] p1a: Landorus\n|move|p2a: Landorus|Stealth Rock|p1a: Landorus\n|-sidestart|p1: Kasumitot|move: Stealth Rock\n|\n|-damage|p2a: Landorus|58\/100 tox|[from] psn\n|upkeep\n|turn|3\n|\n|t:|1662042629\n|move|p1a: Landorus|Stealth Rock|p2a: Landorus\n|-sidestart|p2: reionatro|move: Stealth Rock\n|move|p2a: Landorus|U-turn|p1a: Landorus\n|-resisted|p1a: Landorus\n|-damage|p1a: Landorus|87\/100\n|\n|t:|1662042635\n|switch|p2a: Urshifu|Urshifu-Rapid-Strike, F|100\/100|[from]move: U-turn\n|-damage|p2a: Urshifu|94\/100|[from] Stealth Rock\n|\n|-heal|p1a: Landorus|93\/100|[from] item: Leftovers\n|upkeep\n|turn|4\n|\n|t:|1662042658\n|move|p1a: Landorus|Knock Off|p2a: Urshifu\n|-resisted|p2a: Urshifu\n|-damage|p2a: Urshifu|82\/100\n|-enditem|p2a: Urshifu|Protective Pads|[from] move: Knock Off|[of] p1a: Landorus\n|move|p2a: Urshifu|Thunder Punch|p1a: Landorus\n|-immune|p1a: Landorus\n|\n|-heal|p1a: Landorus|99\/100|[from] item: Leftovers\n|upkeep\n|turn|5\n|\n|t:|1662042666\n|switch|p1a: Toxapex|Toxapex, M|100\/100\n|-damage|p1a: Toxapex|88\/100|[from] Stealth Rock\n|move|p2a: Urshifu|Surging Strikes|p1a: Toxapex\n|-resisted|p1a: Toxapex\n|-crit|p1a: Toxapex\n|-damage|p1a: Toxapex|81\/100\n|-damage|p2a: Urshifu|65\/100|[from] item: Rocky Helmet|[of] p1a: Toxapex\n|-resisted|p1a: Toxapex\n|-crit|p1a: Toxapex\n|-damage|p1a: Toxapex|74\/100\n|-damage|p2a: Urshifu|49\/100|[from] item: Rocky Helmet|[of] p1a: Toxapex\n|-resisted|p1a: Toxapex\n|-crit|p1a: Toxapex\n|-damage|p1a: Toxapex|67\/100\n|-damage|p2a: Urshifu|32\/100|[from] item: Rocky Helmet|[of] p1a: Toxapex\n|-hitcount|p1a: Toxapex|3\n|\n|-fieldend|move: Electric Terrain\n|upkeep\n|turn|6\n|\n|t:|1662042679\n|switch|p2a: Tapu Koko|Tapu Koko|100\/100\n|-damage|p2a: Tapu Koko|88\/100|[from] Stealth Rock\n|-fieldstart|move: Electric Terrain|[from] ability: Electric Surge|[of] p2a: Tapu Koko\n|move|p1a: Toxapex|Recover|p1a: Toxapex\n|-heal|p1a: Toxapex|100\/100\n|\n|upkeep\n|turn|7\n|l| An\u00a4nym\u00a4u5\n|j| haxngg\n|j| emo705\n|c|\u2606reionatro|test\n|\n|t:|1662042761\n|move|p2a: Tapu Koko|Thunderbolt|p1a: Toxapex\n|-supereffective|p1a: Toxapex\n|-damage|p1a: Toxapex|0 fnt\n|faint|p1a: Toxapex\n|\n|upkeep\n|\n|t:|1662042766\n|switch|p1a: Landorus|Landorus-Therian, M|99\/100\n|-damage|p1a: Landorus|87\/100|[from] Stealth Rock\n|-ability|p1a: Landorus|Intimidate|boost\n|-unboost|p2a: Tapu Koko|atk|1\n|turn|8\n|\n|t:|1662042775\n|switch|p2a: Landorus|Landorus-Therian, M|58\/100 tox\n|-damage|p2a: Landorus|46\/100 tox|[from] Stealth Rock\n|-ability|p2a: Landorus|Intimidate|boost\n|-unboost|p1a: Landorus|atk|1\n|move|p1a: Landorus|Knock Off|p2a: Landorus\n|-damage|p2a: Landorus|28\/100 tox\n|\n|-heal|p1a: Landorus|93\/100|[from] item: Leftovers\n|-damage|p2a: Landorus|22\/100 tox|[from] psn\n|upkeep\n|turn|9\n|\n|t:|1662042794\n|move|p1a: Landorus|Knock Off|p2a: Landorus\n|-damage|p2a: Landorus|6\/100 tox\n|move|p2a: Landorus|Knock Off|p1a: Landorus\n|-damage|p1a: Landorus|54\/100\n|-enditem|p1a: Landorus|Leftovers|[from] move: Knock Off|[of] p2a: Landorus\n|\n|-damage|p2a: Landorus|0 fnt|[from] psn\n|faint|p2a: Landorus\n|upkeep\n|\n|t:|1662042812\n|switch|p2a: Rillaboom|Rillaboom, F|100\/100\n|-damage|p2a: Rillaboom|88\/100|[from] Stealth Rock\n|-fieldstart|move: Grassy Terrain|[from] ability: Grassy Surge|[of] p2a: Rillaboom\n|turn|10\n|j| MagicalTrial\n|j| supahotnicememe\n|l| supahotnicememe\n|\n|t:|1662042846\n|move|p1a: Landorus|Knock Off|p2a: Rillaboom\n|-damage|p2a: Rillaboom|66\/100\n|-enditem|p2a: Rillaboom|Leftovers|[from] move: Knock Off|[of] p1a: Landorus\n|move|p2a: Rillaboom|Swords Dance|p2a: Rillaboom\n|-boost|p2a: Rillaboom|atk|2\n|\n|-heal|p2a: Rillaboom|72\/100|[from] Grassy Terrain\n|upkeep\n|turn|11\n|\n|t:|1662042852\n|move|p2a: Rillaboom|Grassy Glide|p1a: Landorus\n|-damage|p1a: Landorus|0 fnt\n|faint|p1a: Landorus\n|\n|-heal|p2a: Rillaboom|79\/100|[from] Grassy Terrain\n|upkeep\n|\n|t:|1662042854\n|switch|p1a: Tapu Lele|Tapu Lele|100\/100\n|-damage|p1a: Tapu Lele|88\/100|[from] Stealth Rock\n|-fieldstart|move: Psychic Terrain|[from] ability: Psychic Surge|[of] p1a: Tapu Lele\n|turn|12\n|\n|t:|1662042858\n|switch|p2a: Melmetal|Melmetal|100\/100\n|-damage|p2a: Melmetal|94\/100|[from] Stealth Rock\n|move|p1a: Tapu Lele|Focus Blast|p2a: Melmetal\n|-supereffective|p2a: Melmetal\n|-damage|p2a: Melmetal|0 fnt\n|faint|p2a: Melmetal\n|\n|upkeep\n|\n|t:|1662042931\n|switch|p2a: Urshifu|Urshifu-Rapid-Strike, F|32\/100\n|-damage|p2a: Urshifu|26\/100|[from] Stealth Rock\n|turn|13\n|\n|t:|1662042938\n|move|p1a: Tapu Lele|Focus Blast|p2a: Urshifu|[miss]\n|-miss|p1a: Tapu Lele|p2a: Urshifu\n|move|p2a: Urshifu|Close Combat|p1a: Tapu Lele\n|-resisted|p1a: Tapu Lele\n|-damage|p1a: Tapu Lele|60\/100\n|-unboost|p2a: Urshifu|def|1\n|-unboost|p2a: Urshifu|spd|1\n|\n|upkeep\n|turn|14\n|\n|t:|1662042951\n|move|p1a: Tapu Lele|Focus Blast|p2a: Urshifu\n|-crit|p2a: Urshifu\n|-damage|p2a: Urshifu|0 fnt\n|faint|p2a: Urshifu\n|\n|upkeep\n|\n|t:|1662042978\n|switch|p2a: Tapu Koko|Tapu Koko|88\/100\n|-damage|p2a: Tapu Koko|76\/100|[from] Stealth Rock\n|-fieldstart|move: Electric Terrain|[from] ability: Electric Surge|[of] p2a: Tapu Koko\n|turn|15\n|\n|t:|1662042999\n|switch|p1a: Tyranitar|Tyranitar, F|100\/100\n|-damage|p1a: Tyranitar|88\/100|[from] Stealth Rock\n|-weather|Sandstorm|[from] ability: Sand Stream|[of] p1a: Tyranitar\n|move|p2a: Tapu Koko|Thunderbolt|p1a: Tyranitar\n|-damage|p1a: Tyranitar|45\/100\n|-status|p1a: Tyranitar|par\n|\n|-weather|Sandstorm|[upkeep]\n|-damage|p2a: Tapu Koko|70\/100|[from] Sandstorm\n|upkeep\n|turn|16\n|\n|t:|1662043023\n|switch|p1a: Ferrothorn|Ferrothorn, M|100\/100\n|-damage|p1a: Ferrothorn|95\/100|[from] Stealth Rock\n|move|p2a: Tapu Koko|Thunderbolt|p1a: Ferrothorn\n|-resisted|p1a: Ferrothorn\n|-damage|p1a: Ferrothorn|71\/100\n|\n|-weather|Sandstorm|[upkeep]\n|-damage|p2a: Tapu Koko|63\/100|[from] Sandstorm\n|upkeep\n|turn|17\n|c|\u2606reionatro|test\n|j| Mishima Blood\n|\n|t:|1662043105\n|switch|p2a: Rillaboom|Rillaboom, F|79\/100\n|-damage|p2a: Rillaboom|66\/100|[from] Stealth Rock\n|-fieldstart|move: Grassy Terrain|[from] ability: Grassy Surge|[of] p2a: Rillaboom\n|switch|p1a: Tapu Lele|Tapu Lele|60\/100\n|-damage|p1a: Tapu Lele|48\/100|[from] Stealth Rock\n|-fieldstart|move: Psychic Terrain|[from] ability: Psychic Surge|[of] p1a: Tapu Lele\n|\n|-weather|Sandstorm|[upkeep]\n|-damage|p1a: Tapu Lele|42\/100|[from] Sandstorm\n|-damage|p2a: Rillaboom|60\/100|[from] Sandstorm\n|upkeep\n|turn|18\n|\n|t:|1662043113\n|switch|p2a: Zapdos|Zapdos|100\/100\n|move|p1a: Tapu Lele|Psychic|p2a: Zapdos\n|-damage|p2a: Zapdos|7\/100\n|\n|-weather|Sandstorm|[upkeep]\n|-damage|p1a: Tapu Lele|36\/100|[from] Sandstorm\n|-damage|p2a: Zapdos|1\/100|[from] Sandstorm\n|upkeep\n|turn|19\n|j| Djdhdhdjem\n|\n|t:|1662043148\n|move|p1a: Tapu Lele|Psychic|p2a: Zapdos\n|-damage|p2a: Zapdos|0 fnt\n|faint|p2a: Zapdos\n|\n|-weather|none\n|upkeep\n|inactive|Battle timer is ON: inactive players will automatically lose when time's up. (requested by Kasumitot)\n|\n|t:|1662043169\n|switch|p2a: Tapu Koko|Tapu Koko|63\/100\n|-damage|p2a: Tapu Koko|51\/100|[from] Stealth Rock\n|-fieldstart|move: Electric Terrain|[from] ability: Electric Surge|[of] p2a: Tapu Koko\n|turn|20\n|\n|t:|1662043176\n|switch|p1a: Tyranitar|Tyranitar, F|45\/100 par\n|-damage|p1a: Tyranitar|33\/100 par|[from] Stealth Rock\n|-weather|Sandstorm|[from] ability: Sand Stream|[of] p1a: Tyranitar\n|move|p2a: Tapu Koko|Volt Switch|p1a: Tyranitar\n|-damage|p1a: Tyranitar|0 fnt\n|faint|p1a: Tyranitar\n|j| 31e1e\n|\n|t:|1662043183\n|switch|p2a: Rillaboom|Rillaboom, F|60\/100|[from]move: Volt Switch\n|-damage|p2a: Rillaboom|47\/100|[from] Stealth Rock\n|-fieldstart|move: Grassy Terrain|[from] ability: Grassy Surge|[of] p2a: Rillaboom\n|\n|-weather|Sandstorm|[upkeep]\n|-damage|p2a: Rillaboom|41\/100|[from] Sandstorm\n|-heal|p2a: Rillaboom|47\/100|[from] Grassy Terrain\n|upkeep\n|\n|t:|1662043185\n|switch|p1a: Tapu Lele|Tapu Lele|36\/100\n|-damage|p1a: Tapu Lele|23\/100|[from] Stealth Rock\n|-fieldstart|move: Psychic Terrain|[from] ability: Psychic Surge|[of] p1a: Tapu Lele\n|turn|21\n|c|\u2606reionatro|gg\n|j| user1_ou\n|\n|t:|1662043191\n|move|p1a: Tapu Lele|Psychic|p2a: Rillaboom\n|-damage|p2a: Rillaboom|0 fnt\n|faint|p2a: Rillaboom\n|\n|-weather|Sandstorm|[upkeep]\n|-damage|p1a: Tapu Lele|17\/100|[from] Sandstorm\n|upkeep\n|\n|t:|1662043193\n|switch|p2a: Tapu Koko|Tapu Koko|51\/100\n|-damage|p2a: Tapu Koko|39\/100|[from] Stealth Rock\n|-fieldstart|move: Electric Terrain|[from] ability: Electric Surge|[of] p2a: Tapu Koko\n|turn|22\n|l| 31e1e\n|\n|t:|1662043198\n|move|p2a: Tapu Koko|Thunderbolt|p1a: Tapu Lele\n|-damage|p1a: Tapu Lele|0 fnt\n|faint|p1a: Tapu Lele\n|\n|-weather|Sandstorm|[upkeep]\n|-damage|p2a: Tapu Koko|33\/100|[from] Sandstorm\n|upkeep\n|\n|t:|1662043200\n|switch|p1a: Regieleki|Regieleki|100\/100\n|turn|23\n|\n|t:|1662043204\n|move|p1a: Regieleki|Volt Switch|p2a: Tapu Koko\n|-resisted|p2a: Tapu Koko\n|-damage|p2a: Tapu Koko|0 fnt\n|faint|p2a: Tapu Koko\n|\n|win|Kasumitot\n|raw|Kasumitot's rating: 1842 &rarr; <strong>1859<\/strong><br \/>(+17 for winning)\n|raw|reionatro's rating: 1784 &rarr; <strong>1767<\/strong><br \/>(-17 for losing)\n|l| user1_ou\n||Ladder isn't responding, score probably updated but might not have (Request timeout).\n|l| Djdhdhdjem\n","uploadtime":1662043283,"views":65,"p1id":"kasumitot","p2id":"reionatro","formatid":"gen8ou","rating":1767,"private":0,"password":null}