{"id":"gen8ou-1376916167","p1":"LT82ZW ALO MAGIC","p2":"Specs KD","format":"gen8ou","log":"|raw|<div class=\"broadcast-blue\"><strong>This battle is required to be public due to a player having a name starting with 'lt82zw'.<\/div>\n|j|\u2606LT82ZW ALO MAGIC\n|j|\u2606Specs KD\n|t:|1626285609\n|gametype|singles\n|player|p1|LT82ZW ALO MAGIC|barry|1872\n|player|p2|Specs KD|swimmerf|1710\n|teamsize|p1|6\n|teamsize|p2|6\n|gen|8\n|tier|[Gen 8] OU\n|rated|\n|rule|Sleep Clause Mod: Limit one foe put to sleep\n|rule|Species Clause: Limit one of each Pok\u00e9mon\n|rule|OHKO Clause: OHKO moves are banned\n|rule|Evasion Moves Clause: Evasion moves are banned\n|rule|Endless Battle Clause: Forcing endless battles is banned\n|rule|HP Percentage Mod: HP is shown in percentages\n|rule|Dynamax Clause: You cannot dynamax\n|clearpoke\n|poke|p1|Dragapult, M|\n|poke|p1|Volcarona, M|\n|poke|p1|Mew|\n|poke|p1|Garchomp, F|\n|poke|p1|Cloyster, F|\n|poke|p1|Bisharp, M|\n|poke|p2|Latios, M|\n|poke|p2|Landorus-Therian, M|\n|poke|p2|Ferrothorn, F|\n|poke|p2|Melmetal|\n|poke|p2|Tapu Koko|\n|poke|p2|Nihilego|\n|teampreview\n|\n|t:|1626285621\n|start\n|switch|p1a: Mew|Mew|100\/100\n|switch|p2a: Landorus|Landorus-Therian, M|100\/100\n|-ability|p2a: Landorus|Intimidate|boost\n|-unboost|p1a: Mew|atk|1\n|turn|1\n|\n|t:|1626285624\n|move|p1a: Mew|Stealth Rock|p2a: Landorus\n|-sidestart|p2: Specs KD|move: Stealth Rock\n|move|p2a: Landorus|U-turn|p1a: Mew\n|-supereffective|p1a: Mew\n|-damage|p1a: Mew|61\/100\n|\n|t:|1626285627\n|switch|p2a: Latios|Latios, M|100\/100|[from]move: U-turn\n|-damage|p2a: Latios|88\/100|[from] Stealth Rock\n|\n|upkeep\n|turn|2\n|\n|t:|1626285632\n|move|p2a: Latios|Draco Meteor|p1a: Mew\n|-damage|p1a: Mew|0 fnt\n|-unboost|p2a: Latios|spa|2\n|faint|p1a: Mew\n|\n|upkeep\n|\n|t:|1626285642\n|switch|p1a: Volcarona|Volcarona, M|100\/100\n|turn|3\n|\n|t:|1626285645\n|switch|p2a: Nihilego|Nihilego, shiny|100\/100\n|-damage|p2a: Nihilego|88\/100|[from] Stealth Rock\n|move|p1a: Volcarona|Flamethrower|p2a: Nihilego\n|-resisted|p2a: Nihilego\n|-damage|p2a: Nihilego|68\/100\n|\n|upkeep\n|turn|4\n|\n|t:|1626285658\n|switch|p2a: Landorus|Landorus-Therian, M|100\/100\n|-damage|p2a: Landorus|88\/100|[from] Stealth Rock\n|-ability|p2a: Landorus|Intimidate|boost\n|-unboost|p1a: Volcarona|atk|1\n|switch|p1a: Garchomp|Garchomp, F|100\/100\n|\n|-heal|p2a: Landorus|94\/100|[from] item: Leftovers\n|upkeep\n|turn|5\n|\n|t:|1626285676\n|move|p1a: Garchomp|Swords Dance|p1a: Garchomp\n|-boost|p1a: Garchomp|atk|2\n|move|p2a: Landorus|Defog|p1a: Garchomp\n|-unboost|p1a: Garchomp|evasion|1\n|-sideend|p2: Specs KD|Stealth Rock|[from] move: Defog|[of] p2a: Landorus\n|\n|-heal|p2a: Landorus|99\/100|[from] item: Leftovers\n|upkeep\n|turn|6\n|\n|t:|1626285680\n|move|p1a: Garchomp|Stone Edge|p2a: Landorus\n|-damage|p2a: Landorus|30\/100\n|move|p2a: Landorus|U-turn|p1a: Garchomp\n|-damage|p1a: Garchomp|77\/100\n|-damage|p2a: Landorus|17\/100|[from] ability: Rough Skin|[of] p1a: Garchomp\n|\n|t:|1626285684\n|switch|p2a: Latios|Latios, M|88\/100|[from]move: U-turn\n|\n|-heal|p1a: Garchomp|83\/100|[from] item: Leftovers\n|upkeep\n|turn|7\n|\n|t:|1626285718\n|switch|p1a: Bisharp|Bisharp, M|100\/100\n|move|p2a: Latios|Draco Meteor|p1a: Bisharp\n|-resisted|p1a: Bisharp\n|-damage|p1a: Bisharp|10\/100\n|-unboost|p2a: Latios|spa|2\n|\n|upkeep\n|turn|8\n|\n|t:|1626285723\n|switch|p2a: Ferrothorn|Ferrothorn, F|100\/100\n|move|p1a: Bisharp|Knock Off|p2a: Ferrothorn\n|-damage|p2a: Ferrothorn|62\/100\n|-damage|p1a: Bisharp|0 fnt|[from] ability: Iron Barbs|[of] p2a: Ferrothorn\n|faint|p1a: Bisharp\n|\n|-heal|p2a: Ferrothorn|68\/100|[from] item: Leftovers\n|upkeep\n|\n|t:|1626285727\n|switch|p1a: Volcarona|Volcarona, M|100\/100\n|turn|9\n|\n|t:|1626285783\n|switch|p2a: Nihilego|Nihilego, shiny|68\/100\n|move|p1a: Volcarona|Flamethrower|p2a: Nihilego\n|-resisted|p2a: Nihilego\n|-damage|p2a: Nihilego|49\/100\n|\n|upkeep\n|turn|10\n|\n|t:|1626285787\n|switch|p1a: Garchomp|Garchomp, F|83\/100\n|move|p2a: Nihilego|Meteor Beam||[still]\n|-prepare|p2a: Nihilego|Meteor Beam\n|-boost|p2a: Nihilego|spa|1\n|-enditem|p2a: Nihilego|Power Herb\n|-anim|p2a: Nihilego|Meteor Beam|p1a: Garchomp\n|-resisted|p1a: Garchomp\n|-damage|p1a: Garchomp|38\/100\n|\n|-heal|p1a: Garchomp|44\/100|[from] item: Leftovers\n|upkeep\n|turn|11\n|\n|t:|1626285796\n|move|p2a: Nihilego|Grass Knot|p1a: Garchomp\n|-damage|p1a: Garchomp|0 fnt\n|-damage|p2a: Nihilego|37\/100|[from] ability: Rough Skin|[of] p1a: Garchomp\n|faint|p1a: Garchomp\n|-ability|p2a: Nihilego|Beast Boost|boost\n|-boost|p2a: Nihilego|spe|1\n|\n|upkeep\n|\n|t:|1626285799\n|switch|p1a: Cloyster|Cloyster, F|100\/100\n|turn|12\n|\n|t:|1626285804\n|move|p2a: Nihilego|Grass Knot|p1a: Cloyster\n|-supereffective|p1a: Cloyster\n|-enditem|p1a: Cloyster|Focus Sash\n|-damage|p1a: Cloyster|1\/100\n|move|p1a: Cloyster|Shell Smash|p1a: Cloyster\n|-unboost|p1a: Cloyster|def|1\n|-unboost|p1a: Cloyster|spd|1\n|-boost|p1a: Cloyster|atk|2\n|-boost|p1a: Cloyster|spa|2\n|-boost|p1a: Cloyster|spe|2\n|\n|upkeep\n|turn|13\n|\n|t:|1626285817\n|move|p1a: Cloyster|Ice Shard|p2a: Nihilego\n|-damage|p2a: Nihilego|0 fnt\n|faint|p2a: Nihilego\n|\n|upkeep\n|\n|t:|1626285820\n|switch|p2a: Landorus|Landorus-Therian, M|17\/100\n|-ability|p2a: Landorus|Intimidate|boost\n|-unboost|p1a: Cloyster|atk|1\n|turn|14\n|\n|t:|1626285823\n|move|p1a: Cloyster|Icicle Spear|p2a: Landorus\n|-supereffective|p2a: Landorus\n|-damage|p2a: Landorus|0 fnt\n|faint|p2a: Landorus\n|-hitcount|p2: Landorus|1\n|\n|upkeep\n|\n|t:|1626285825\n|switch|p2a: Melmetal|Melmetal|100\/100\n|turn|15\n|\n|t:|1626285847\n|move|p1a: Cloyster|Icicle Spear|p2a: Melmetal\n|-resisted|p2a: Melmetal\n|-damage|p2a: Melmetal|96\/100\n|-resisted|p2a: Melmetal\n|-crit|p2a: Melmetal\n|-damage|p2a: Melmetal|90\/100\n|-resisted|p2a: Melmetal\n|-damage|p2a: Melmetal|85\/100\n|-resisted|p2a: Melmetal\n|-damage|p2a: Melmetal|80\/100\n|-resisted|p2a: Melmetal\n|-damage|p2a: Melmetal|75\/100\n|-hitcount|p2a: Melmetal|5\n|move|p2a: Melmetal|Double Iron Bash|p1a: Cloyster\n|-damage|p1a: Cloyster|0 fnt\n|faint|p1a: Cloyster\n|-hitcount|p1: Cloyster|1\n|\n|upkeep\n|\n|t:|1626285851\n|switch|p1a: Volcarona|Volcarona, M|100\/100\n|turn|16\n|\n|t:|1626285860\n|move|p1a: Volcarona|Flamethrower|p2a: Melmetal\n|-supereffective|p2a: Melmetal\n|-damage|p2a: Melmetal|4\/100\n|-status|p2a: Melmetal|brn\n|move|p2a: Melmetal|Double Iron Bash|p1a: Volcarona\n|-resisted|p1a: Volcarona\n|-damage|p1a: Volcarona|83\/100\n|-resisted|p1a: Volcarona\n|-damage|p1a: Volcarona|67\/100\n|-hitcount|p1a: Volcarona|2\n|\n|-damage|p2a: Melmetal|0 fnt|[from] brn\n|faint|p2a: Melmetal\n|upkeep\n|\n|t:|1626285865\n|switch|p2a: Latios|Latios, M|88\/100\n|turn|17\n|\n|t:|1626285871\n|switch|p1a: Dragapult|Dragapult, M|100\/100\n|move|p2a: Latios|Psyshock|p1a: Dragapult\n|-damage|p1a: Dragapult|17\/100\n|\n|upkeep\n|turn|18\n|\n|t:|1626285895\n|switch|p2a: Ferrothorn|Ferrothorn, F|68\/100\n|move|p1a: Dragapult|Shadow Ball|p2a: Ferrothorn\n|-crit|p2a: Ferrothorn\n|-damage|p2a: Ferrothorn|3\/100\n|\n|-heal|p2a: Ferrothorn|9\/100|[from] item: Leftovers\n|upkeep\n|turn|19\n|\n|t:|1626285924\n|switch|p1a: Volcarona|Volcarona, M|67\/100\n|move|p2a: Ferrothorn|Leech Seed|p1a: Volcarona\n|-start|p1a: Volcarona|move: Leech Seed\n|\n|-heal|p2a: Ferrothorn|15\/100|[from] item: Leftovers\n|-damage|p1a: Volcarona|55\/100|[from] Leech Seed|[of] p2a: Ferrothorn\n|-heal|p2a: Ferrothorn|26\/100|[silent]\n|upkeep\n|turn|20\n|\n|t:|1626285936\n|switch|p2a: Latios|Latios, M|88\/100\n|move|p1a: Volcarona|Quiver Dance|p1a: Volcarona\n|-boost|p1a: Volcarona|spa|1\n|-boost|p1a: Volcarona|spd|1\n|-boost|p1a: Volcarona|spe|1\n|\n|-damage|p1a: Volcarona|43\/100|[from] Leech Seed|[of] p2a: Latios\n|-heal|p2a: Latios|100\/100|[silent]\n|upkeep\n|turn|21\n|\n|t:|1626285942\n|move|p1a: Volcarona|Bug Buzz|p2a: Latios\n|-supereffective|p2a: Latios\n|-damage|p2a: Latios|0 fnt\n|faint|p2a: Latios\n|\n|upkeep\n|\n|t:|1626285948\n|switch|p2a: Tapu Koko|Tapu Koko|100\/100\n|-fieldstart|move: Electric Terrain|[from] ability: Electric Surge|[of] p2a: Tapu Koko\n|turn|22\n|\n|t:|1626285951\n|move|p1a: Volcarona|Flamethrower|p2a: Tapu Koko\n|-damage|p2a: Tapu Koko|0 fnt\n|faint|p2a: Tapu Koko\n|\n|upkeep\n|\n|t:|1626285953\n|switch|p2a: Ferrothorn|Ferrothorn, F|26\/100\n|turn|23\n|c|\u2606Specs KD|gg\n|\n|t:|1626285958\n|move|p1a: Volcarona|Flamethrower|p2a: Ferrothorn\n|-supereffective|p2a: Ferrothorn\n|-damage|p2a: Ferrothorn|0 fnt\n|faint|p2a: Ferrothorn\n|\n|win|LT82ZW ALO MAGIC\n|raw|LT82ZW ALO MAGIC's rating: 1850 &rarr; <strong>1862<\/strong><br \/>(+12 for winning)\n|raw|Specs KD's rating: 1710 &rarr; <strong>1698<\/strong><br \/>(-12 for losing)\n|l|\u2606LT82ZW ALO MAGIC\n||Ladder isn't responding, score probably updated but might not have (Request timeout).\n","uploadtime":1626286027,"views":9,"p1id":"lt82zwalomagic","p2id":"specskd","formatid":"gen8ou","rating":1698,"private":0,"password":null}