{"id":"gen8ou-1242396808","p1":"Vodyne","p2":"imruhnnin","format":"gen8ou","log":"|j|\u2606Vodyne\n|j|\u2606imruhnnin\n|t:|1607802085\n|player|p1|Vodyne|dawn|1380\n|player|p2|imruhnnin|169|1373\n|teamsize|p1|6\n|teamsize|p2|6\n|gametype|singles\n|gen|8\n|tier|[Gen 8] OU\n|rated|\n|clearpoke\n|poke|p1|Shedinja|\n|poke|p1|Bisharp, M|\n|poke|p1|Snorlax, M|\n|poke|p1|Suicune|\n|poke|p1|Rillaboom, M|\n|poke|p1|Diancie|\n|poke|p2|Buzzwole|\n|poke|p2|Zapdos|\n|poke|p2|Heatran, M|\n|poke|p2|Slowbro, M|\n|poke|p2|Landorus-Therian, M|\n|poke|p2|Hydreigon, F|\n|rule|Sleep Clause Mod: Limit one foe put to sleep\n|rule|Species Clause: Limit one of each Pok\u00e9mon\n|rule|OHKO Clause: OHKO moves are banned\n|rule|Evasion Moves Clause: Evasion moves are banned\n|rule|Endless Battle Clause: Forcing endless battles is banned\n|rule|HP Percentage Mod: HP is shown in percentages\n|rule|Dynamax Clause: You cannot dynamax\n|teampreview\n|\n|t:|1607802149\n|start\n|switch|p1a: Suicune|Suicune|100\/100\n|switch|p2a: Zapdos|Zapdos|100\/100\n|-ability|p2a: Zapdos|Pressure\n|-ability|p1a: Suicune|Pressure\n|turn|1\n|\n|t:|1607802202\n|switch|p1a: Snorlax|Snorlax, M|100\/100\n|move|p2a: Zapdos|Toxic|p1a: Snorlax\n|-status|p1a: Snorlax|tox\n|\n|-damage|p1a: Snorlax|94\/100 tox|[from] psn\n|upkeep\n|turn|2\n|\n|t:|1607802209\n|move|p2a: Zapdos|Volt Switch|p1a: Snorlax\n|-damage|p1a: Snorlax|80\/100 tox\n|\n|t:|1607802219\n|switch|p2a: Slowbro|Slowbro, M|100\/100|[from]move: Volt Switch\n|move|p1a: Snorlax|Body Slam|p2a: Slowbro\n|-damage|p2a: Slowbro|78\/100\n|\n|-heal|p1a: Snorlax|87\/100 tox|[from] item: Leftovers\n|-damage|p1a: Snorlax|74\/100 tox|[from] psn\n|upkeep\n|turn|3\n|\n|t:|1607802241\n|move|p1a: Snorlax|Darkest Lariat|p2a: Slowbro\n|-supereffective|p2a: Slowbro\n|-damage|p2a: Slowbro|47\/100\n|move|p2a: Slowbro|Fire Blast|p1a: Snorlax\n|-damage|p1a: Snorlax|68\/100 tox\n|\n|-heal|p1a: Snorlax|74\/100 tox|[from] item: Leftovers\n|-damage|p1a: Snorlax|55\/100 tox|[from] psn\n|upkeep\n|turn|4\n|\n|t:|1607802252\n|move|p1a: Snorlax|Rest|p1a: Snorlax\n|-status|p1a: Snorlax|slp|[from] move: Rest\n|-heal|p1a: Snorlax|100\/100 slp|[silent]\n|move|p2a: Slowbro|Seismic Toss|p1a: Snorlax\n|-damage|p1a: Snorlax|81\/100 slp\n|\n|-heal|p1a: Snorlax|88\/100 slp|[from] item: Leftovers\n|upkeep\n|turn|5\n|\n|t:|1607802262\n|cant|p1a: Snorlax|slp\n|move|p2a: Slowbro|Psyshock|p1a: Snorlax\n|-damage|p1a: Snorlax|62\/100 slp\n|\n|-heal|p1a: Snorlax|68\/100 slp|[from] item: Leftovers\n|upkeep\n|turn|6\n|\n|t:|1607802274\n|switch|p1a: Bisharp|Bisharp, M|100\/100\n|switch|p2a: Buzzwole|Buzzwole|100\/100\n|\n|upkeep\n|turn|7\n|\n|t:|1607802282\n|switch|p1a: Shedinja|Shedinja|100\/100\n|move|p2a: Buzzwole|Drain Punch|p1a: Shedinja\n|-immune|p1a: Shedinja|[from] ability: Wonder Guard\n|\n|upkeep\n|turn|8\n|\n|t:|1607802309\n|switch|p2a: Landorus|Landorus-Therian, M|100\/100\n|-ability|p2a: Landorus|Intimidate|boost\n|-unboost|p1a: Shedinja|atk|1\n|move|p1a: Shedinja|Will-O-Wisp|p2a: Landorus\n|-status|p2a: Landorus|brn\n|\n|-damage|p2a: Landorus|95\/100 brn|[from] brn\n|upkeep\n|turn|9\n|\n|t:|1607802324\n|switch|p1a: Suicune|Suicune|100\/100\n|-ability|p1a: Suicune|Pressure\n|move|p2a: Landorus|Stealth Rock|p1a: Suicune\n|-sidestart|p1: Vodyne|move: Stealth Rock\n|\n|-damage|p2a: Landorus|89\/100 brn|[from] brn\n|upkeep\n|turn|10\n|\n|t:|1607802340\n|switch|p2a: Slowbro|Slowbro, M|80\/100\n|move|p1a: Suicune|Ice Beam|p2a: Slowbro\n|-resisted|p2a: Slowbro\n|-damage|p2a: Slowbro|75\/100\n|-status|p2a: Slowbro|frz\n|\n|upkeep\n|turn|11\n|\n|t:|1607802348\n|switch|p2a: Zapdos|Zapdos|100\/100\n|-ability|p2a: Zapdos|Pressure\n|move|p1a: Suicune|Calm Mind|p1a: Suicune\n|-boost|p1a: Suicune|spa|1\n|-boost|p1a: Suicune|spd|1\n|\n|upkeep\n|turn|12\n|\n|t:|1607802355\n|move|p2a: Zapdos|Volt Switch|p1a: Suicune\n|-supereffective|p1a: Suicune\n|-damage|p1a: Suicune|69\/100\n|\n|t:|1607802359\n|switch|p2a: Slowbro|Slowbro, M|100\/100 frz|[from]move: Volt Switch\n|move|p1a: Suicune|Calm Mind|p1a: Suicune\n|-boost|p1a: Suicune|spa|1\n|-boost|p1a: Suicune|spd|1\n|\n|-heal|p1a: Suicune|75\/100|[from] item: Leftovers\n|upkeep\n|turn|13\n|\n|t:|1607802367\n|move|p1a: Suicune|Calm Mind|p1a: Suicune\n|-boost|p1a: Suicune|spa|1\n|-boost|p1a: Suicune|spd|1\n|cant|p2a: Slowbro|frz\n|\n|-heal|p1a: Suicune|82\/100|[from] item: Leftovers\n|upkeep\n|turn|14\n|\n|t:|1607802373\n|move|p1a: Suicune|Calm Mind|p1a: Suicune\n|-boost|p1a: Suicune|spa|1\n|-boost|p1a: Suicune|spd|1\n|cant|p2a: Slowbro|frz\n|\n|-heal|p1a: Suicune|88\/100|[from] item: Leftovers\n|upkeep\n|turn|15\n|\n|t:|1607802381\n|move|p1a: Suicune|Calm Mind|p1a: Suicune\n|-boost|p1a: Suicune|spa|1\n|-boost|p1a: Suicune|spd|1\n|-curestatus|p2a: Slowbro|frz|[msg]\n|move|p2a: Slowbro|Seismic Toss|p1a: Suicune\n|-damage|p1a: Suicune|63\/100\n|\n|-heal|p1a: Suicune|69\/100|[from] item: Leftovers\n|upkeep\n|turn|16\n|\n|t:|1607802389\n|move|p1a: Suicune|Calm Mind|p1a: Suicune\n|-boost|p1a: Suicune|spa|1\n|-boost|p1a: Suicune|spd|1\n|move|p2a: Slowbro|Seismic Toss|p1a: Suicune\n|-damage|p1a: Suicune|44\/100\n|\n|-heal|p1a: Suicune|50\/100|[from] item: Leftovers\n|upkeep\n|turn|17\n|\n|t:|1607802396\n|move|p1a: Suicune|Scald|p2a: Slowbro\n|-resisted|p2a: Slowbro\n|-damage|p2a: Slowbro|69\/100\n|move|p2a: Slowbro|Seismic Toss|p1a: Suicune\n|-damage|p1a: Suicune|25\/100\n|\n|-heal|p1a: Suicune|32\/100|[from] item: Leftovers\n|upkeep\n|turn|18\n|\n|t:|1607802404\n|move|p1a: Suicune|Rest|p1a: Suicune\n|-status|p1a: Suicune|slp|[from] move: Rest\n|-heal|p1a: Suicune|100\/100 slp|[silent]\n|move|p2a: Slowbro|Seismic Toss|p1a: Suicune\n|-damage|p1a: Suicune|76\/100 slp\n|\n|-heal|p1a: Suicune|82\/100 slp|[from] item: Leftovers\n|upkeep\n|turn|19\n|\n|t:|1607802412\n|cant|p1a: Suicune|slp\n|move|p2a: Slowbro|Seismic Toss|p1a: Suicune\n|-damage|p1a: Suicune|57\/100 slp\n|\n|-heal|p1a: Suicune|63\/100 slp|[from] item: Leftovers\n|upkeep\n|turn|20\n|\n|t:|1607802421\n|switch|p2a: Landorus|Landorus-Therian, M|89\/100 brn\n|-ability|p2a: Landorus|Intimidate|boost\n|-unboost|p1a: Suicune|atk|1\n|cant|p1a: Suicune|slp\n|\n|-heal|p1a: Suicune|69\/100 slp|[from] item: Leftovers\n|-damage|p2a: Landorus|83\/100 brn|[from] brn\n|upkeep\n|turn|21\n|\n|t:|1607802430\n|move|p2a: Landorus|Knock Off|p1a: Suicune\n|-damage|p1a: Suicune|56\/100 slp\n|-enditem|p1a: Suicune|Leftovers|[from] move: Knock Off|[of] p2a: Landorus\n|-damage|p2a: Landorus|73\/100 brn|[from] item: Life Orb\n|-curestatus|p1a: Suicune|slp|[msg]\n|move|p1a: Suicune|Scald|p2a: Landorus\n|-supereffective|p2a: Landorus\n|-damage|p2a: Landorus|0 fnt\n|faint|p2a: Landorus\n|\n|upkeep\n|\n|t:|1607802446\n|switch|p2a: Slowbro|Slowbro, M|100\/100\n|turn|22\n|\n|t:|1607802452\n|move|p1a: Suicune|Scald|p2a: Slowbro\n|-resisted|p2a: Slowbro\n|-damage|p2a: Slowbro|66\/100\n|move|p2a: Slowbro|Seismic Toss|p1a: Suicune\n|-damage|p1a: Suicune|31\/100\n|\n|upkeep\n|turn|23\n|\n|t:|1607802465\n|switch|p2a: Buzzwole|Buzzwole|100\/100\n|move|p1a: Suicune|Rest|p1a: Suicune\n|-status|p1a: Suicune|slp|[from] move: Rest\n|-heal|p1a: Suicune|100\/100 slp|[silent]\n|\n|upkeep\n|turn|24\n|\n|t:|1607802472\n|cant|p1a: Suicune|slp\n|move|p2a: Buzzwole|Drain Punch|p1a: Suicune\n|-damage|p1a: Suicune|79\/100 slp\n|\n|upkeep\n|turn|25\n|\n|t:|1607802478\n|cant|p1a: Suicune|slp\n|move|p2a: Buzzwole|Drain Punch|p1a: Suicune\n|-damage|p1a: Suicune|55\/100 slp\n|\n|upkeep\n|turn|26\n|\n|t:|1607802485\n|switch|p2a: Slowbro|Slowbro, M|99\/100\n|-curestatus|p1a: Suicune|slp|[msg]\n|move|p1a: Suicune|Scald|p2a: Slowbro\n|-resisted|p2a: Slowbro\n|-damage|p2a: Slowbro|67\/100\n|\n|upkeep\n|turn|27\n|\n|t:|1607802492\n|move|p1a: Suicune|Scald|p2a: Slowbro\n|-resisted|p2a: Slowbro\n|-damage|p2a: Slowbro|37\/100\n|move|p2a: Slowbro|Seismic Toss|p1a: Suicune\n|-damage|p1a: Suicune|30\/100\n|\n|upkeep\n|turn|28\n|\n|t:|1607802503\n|move|p1a: Suicune|Rest|p1a: Suicune\n|-status|p1a: Suicune|slp|[from] move: Rest\n|-heal|p1a: Suicune|100\/100 slp|[silent]\n|move|p2a: Slowbro|Seismic Toss|p1a: Suicune\n|-damage|p1a: Suicune|76\/100 slp\n|\n|upkeep\n|turn|29\n|\n|t:|1607802519\n|cant|p1a: Suicune|slp\n|move|p2a: Slowbro|Seismic Toss|p1a: Suicune\n|-damage|p1a: Suicune|51\/100 slp\n|\n|upkeep\n|turn|30\n|\n|t:|1607802526\n|cant|p1a: Suicune|slp\n|move|p2a: Slowbro|Seismic Toss|p1a: Suicune\n|-damage|p1a: Suicune|26\/100 slp\n|\n|upkeep\n|turn|31\n|\n|t:|1607802531\n|-curestatus|p1a: Suicune|slp|[msg]\n|move|p1a: Suicune|Rest|p1a: Suicune\n|-status|p1a: Suicune|slp|[from] move: Rest\n|-heal|p1a: Suicune|100\/100 slp|[silent]\n|move|p2a: Slowbro|Seismic Toss|p1a: Suicune\n|-damage|p1a: Suicune|76\/100 slp\n|\n|upkeep\n|turn|32\n|\n|t:|1607802540\n|cant|p1a: Suicune|slp\n|move|p2a: Slowbro|Seismic Toss|p1a: Suicune\n|-damage|p1a: Suicune|51\/100 slp\n|\n|upkeep\n|turn|33\n|\n|t:|1607802550\n|cant|p1a: Suicune|slp\n|move|p2a: Slowbro|Seismic Toss|p1a: Suicune\n|-damage|p1a: Suicune|26\/100 slp\n|\n|upkeep\n|turn|34\n|\n|t:|1607802559\n|-curestatus|p1a: Suicune|slp|[msg]\n|move|p1a: Suicune|Rest|p1a: Suicune\n|-status|p1a: Suicune|slp|[from] move: Rest\n|-heal|p1a: Suicune|100\/100 slp|[silent]\n|move|p2a: Slowbro|Seismic Toss|p1a: Suicune\n|-damage|p1a: Suicune|76\/100 slp\n|\n|upkeep\n|turn|35\n|\n|t:|1607802566\n|cant|p1a: Suicune|slp\n|move|p2a: Slowbro|Seismic Toss|p1a: Suicune\n|-damage|p1a: Suicune|51\/100 slp\n|\n|upkeep\n|turn|36\n|\n|t:|1607802573\n|cant|p1a: Suicune|slp\n|move|p2a: Slowbro|Seismic Toss|p1a: Suicune\n|-damage|p1a: Suicune|26\/100 slp\n|\n|upkeep\n|turn|37\n|\n|t:|1607802582\n|-curestatus|p1a: Suicune|slp|[msg]\n|move|p1a: Suicune|Rest|p1a: Suicune\n|-status|p1a: Suicune|slp|[from] move: Rest\n|-heal|p1a: Suicune|100\/100 slp|[silent]\n|move|p2a: Slowbro|Psyshock|p1a: Suicune\n|-damage|p1a: Suicune|85\/100 slp\n|\n|upkeep\n|turn|38\n|\n|t:|1607802596\n|switch|p2a: Buzzwole|Buzzwole|100\/100\n|cant|p1a: Suicune|slp\n|\n|upkeep\n|turn|39\n|\n|t:|1607802602\n|cant|p1a: Suicune|slp\n|move|p2a: Buzzwole|Drain Punch|p1a: Suicune\n|-damage|p1a: Suicune|59\/100 slp\n|\n|upkeep\n|turn|40\n|\n|t:|1607802608\n|-curestatus|p1a: Suicune|slp|[msg]\n|move|p1a: Suicune|Scald|p2a: Buzzwole\n|-damage|p2a: Buzzwole|0 fnt\n|faint|p2a: Buzzwole\n|\n|upkeep\n|\n|t:|1607802614\n|switch|p2a: Zapdos|Zapdos|100\/100\n|-ability|p2a: Zapdos|Pressure\n|turn|41\n|\n|t:|1607802618\n|move|p2a: Zapdos|Toxic|p1a: Suicune\n|-status|p1a: Suicune|tox\n|move|p1a: Suicune|Ice Beam|p2a: Zapdos\n|-supereffective|p2a: Zapdos\n|-damage|p2a: Zapdos|0 fnt\n|faint|p2a: Zapdos\n|\n|-damage|p1a: Suicune|53\/100 tox|[from] psn\n|upkeep\n|\n|t:|1607802630\n|switch|p2a: Heatran|Heatran, M|100\/100\n|turn|42\n|\n|t:|1607802633\n|move|p1a: Suicune|Scald|p2a: Heatran\n|-supereffective|p2a: Heatran\n|-damage|p2a: Heatran|0 fnt\n|faint|p2a: Heatran\n|\n|-damage|p1a: Suicune|41\/100 tox|[from] psn\n|upkeep\n|-message|imruhnnin forfeited.\n|\n|win|Vodyne\n|l|\u2606imruhnnin\n||Ladder (probably) updated, but score could not be retrieved (Request timeout).\n","uploadtime":1607802641,"views":4,"p1id":"vodyne","p2id":"imruhnnin","formatid":"gen8ou","rating":0,"private":0,"password":null}