{"id":"gen8randombattle-1700773185","p1":"Wassupix","p2":"nimed beatches","format":"gen8randombattle","log":"|j|\u2606Wassupix\n|j|\u2606nimed beatches\n|t:|1667383531\n|gametype|singles\n|player|p1|Wassupix|102|1926\n|player|p2|nimed beatches|ethan-gen2c|1977\n|teamsize|p1|6\n|teamsize|p2|6\n|gen|8\n|tier|[Gen 8] Random Battle\n|rated|\n|rule|Species Clause: Limit one of each Pok\u00e9mon\n|rule|HP Percentage Mod: HP is shown in percentages\n|rule|Sleep Clause Mod: Limit one foe put to sleep\n|\n|t:|1667383531\n|start\n|switch|p1a: Runerigus|Runerigus, L84, M|235\/235\n|switch|p2a: Sandslash|Sandslash, L86, M|269\/269\n|turn|1\n|inactive|Battle timer is ON: inactive players will automatically lose when time's up. (requested by Wassupix)\n|inactive|nimed beatches has 120 seconds left.\n|inactive|nimed beatches has 90 seconds left.\n|\n|t:|1667383692\n|move|p2a: Sandslash|Swords Dance|p2a: Sandslash\n|-boost|p2a: Sandslash|atk|2\n|move|p1a: Runerigus|Will-O-Wisp|p2a: Sandslash\n|-status|p2a: Sandslash|brn\n|\n|-damage|p2a: Sandslash|253\/269 brn|[from] brn\n|upkeep\n|turn|2\n|\n|t:|1667383721\n|move|p2a: Sandslash|Swords Dance|p2a: Sandslash\n|-boost|p2a: Sandslash|atk|2\n|move|p1a: Runerigus|Poltergeist|p2a: Sandslash\n|-activate|p2a: Sandslash|move: Poltergeist|Leftovers\n|-damage|p2a: Sandslash|154\/269 brn\n|\n|-heal|p2a: Sandslash|170\/269 brn|[from] item: Leftovers\n|-damage|p2a: Sandslash|154\/269 brn|[from] brn\n|upkeep\n|turn|3\n|\n|t:|1667383737\n|switch|p1a: Primarina|Primarina, L82, M|265\/265\n|move|p2a: Sandslash|Knock Off|p1a: Primarina\n|-resisted|p1a: Primarina\n|-damage|p1a: Primarina|207\/265\n|-enditem|p1a: Primarina|Choice Scarf|[from] move: Knock Off|[of] p2a: Sandslash\n|\n|-heal|p2a: Sandslash|170\/269 brn|[from] item: Leftovers\n|-damage|p2a: Sandslash|154\/269 brn|[from] brn\n|upkeep\n|turn|4\n|\n|t:|1667383748\n|move|p2a: Sandslash|Earthquake|p1a: Primarina\n|-damage|p1a: Primarina|18\/265\n|move|p1a: Primarina|Energy Ball|p2a: Sandslash\n|-supereffective|p2a: Sandslash\n|-damage|p2a: Sandslash|0 fnt\n|faint|p2a: Sandslash\n|\n|upkeep\n|\n|t:|1667383752\n|switch|p2a: Nidoking|Nidoking, L82, M|267\/267\n|turn|5\n|\n|t:|1667383760\n|move|p2a: Nidoking|Earth Power|p1a: Primarina\n|-damage|p1a: Primarina|0 fnt\n|faint|p1a: Primarina\n|\n|upkeep\n|\n|t:|1667383770\n|switch|p1a: Runerigus|Runerigus, L84, M|235\/235\n|turn|6\n|\n|t:|1667383778\n|move|p2a: Nidoking|Ice Beam|p1a: Runerigus\n|-supereffective|p1a: Runerigus\n|-damage|p1a: Runerigus|76\/235\n|move|p1a: Runerigus|Earthquake|p2a: Nidoking\n|-supereffective|p2a: Nidoking\n|-damage|p2a: Nidoking|25\/267\n|\n|-heal|p1a: Runerigus|90\/235|[from] item: Leftovers\n|upkeep\n|turn|7\n|inactive|Wassupix has 120 seconds left.\n|\n|t:|1667383827\n|move|p2a: Nidoking|Ice Beam|p1a: Runerigus\n|-supereffective|p1a: Runerigus\n|-damage|p1a: Runerigus|0 fnt\n|faint|p1a: Runerigus\n|\n|upkeep\n|\n|t:|1667383833\n|switch|p1a: Hitmontop|Hitmontop, L85, M|224\/224\n|turn|8\n|inactive|nimed beatches has 120 seconds left.\n|\n|t:|1667383866\n|switch|p2a: Braviary|Braviary, L82, M|298\/298\n|move|p1a: Hitmontop|Rapid Spin|p2a: Braviary\n|-damage|p2a: Braviary|237\/298\n|-boost|p1a: Hitmontop|spe|1\n|\n|upkeep\n|turn|9\n|inactive|Wassupix has 120 seconds left.\n|inactive|Wassupix has 90 seconds left.\n|\n|t:|1667383902\n|move|p1a: Hitmontop|Triple Axel|p2a: Braviary\n|-supereffective|p2a: Braviary\n|-damage|p2a: Braviary|187\/298\n|-supereffective|p2a: Braviary\n|-damage|p2a: Braviary|91\/298\n|-supereffective|p2a: Braviary\n|-damage|p2a: Braviary|0 fnt\n|faint|p2a: Braviary\n|-hitcount|p2: Braviary|3\n|\n|upkeep\n|inactive|nimed beatches has 120 seconds left.\n|\n|t:|1667383922\n|switch|p2a: Slowbro|Slowbro-Galar, L86, M|304\/304\n|turn|10\n|inactive|Wassupix has 90 seconds left.\n|\n|t:|1667383949\n|-start|p1a: Hitmontop|Dynamax|\n|-heal|p1a: Hitmontop|448\/448|[silent]\n|move|p1a: Hitmontop|Max Knuckle|p2a: Slowbro\n|-resisted|p2a: Slowbro\n|-damage|p2a: Slowbro|281\/304\n|-boost|p1a: Hitmontop|atk|1\n|move|p2a: Slowbro|Psychic|p1a: Hitmontop\n|-supereffective|p1a: Hitmontop\n|-damage|p1a: Hitmontop|284\/448\n|-damage|p2a: Slowbro|251\/304|[from] item: Life Orb\n|\n|upkeep\n|turn|11\n|\n|t:|1667383958\n|-start|p2a: Slowbro|Dynamax|\n|-heal|p2a: Slowbro|502\/608|[silent]\n|move|p1a: Hitmontop|Max Darkness|p2a: Slowbro\n|-supereffective|p2a: Slowbro\n|-damage|p2a: Slowbro|264\/608\n|-unboost|p2a: Slowbro|spd|1\n|move|p2a: Slowbro|Max Mindstorm|p1a: Hitmontop\n|-supereffective|p1a: Hitmontop\n|-damage|p1a: Hitmontop|71\/448\n|-fieldstart|move: Psychic Terrain\n|-damage|p2a: Slowbro|234\/608|[from] item: Life Orb\n|\n|upkeep\n|turn|12\n|\n|t:|1667383967\n|move|p2a: Slowbro|Max Guard|p2a: Slowbro\n|-singleturn|p2a: Slowbro|Max Guard\n|move|p1a: Hitmontop|Max Darkness|p2a: Slowbro\n|-activate|p2a: Slowbro|move: Max Guard\n|\n|upkeep\n|-end|p1a: Hitmontop|Dynamax\n|-heal|p1a: Hitmontop|36\/224|[silent]\n|turn|13\n|\n|t:|1667383976\n|move|p1a: Hitmontop|Triple Axel|p2a: Slowbro|[miss]\n|-miss|p1a: Hitmontop|p2a: Slowbro\n|move|p2a: Slowbro|Max Mindstorm|p1a: Hitmontop\n|-supereffective|p1a: Hitmontop\n|-damage|p1a: Hitmontop|0 fnt\n|faint|p1a: Hitmontop\n|-damage|p2a: Slowbro|204\/608|[from] item: Life Orb\n|\n|upkeep\n|\n|t:|1667383988\n|switch|p1a: Sandslash|Sandslash-Alola, L86, F|269\/269\n|-end|p2a: Slowbro|Dynamax\n|-heal|p2a: Slowbro|102\/304|[silent]\n|turn|14\n|\n|t:|1667384006\n|move|p1a: Sandslash|Knock Off|p2a: Slowbro\n|-supereffective|p2a: Slowbro\n|-damage|p2a: Slowbro|0 fnt\n|-enditem|p2a: Slowbro|Life Orb|[from] move: Knock Off|[of] p1a: Sandslash\n|faint|p2a: Slowbro\n|-damage|p1a: Sandslash|243\/269|[from] item: Life Orb\n|\n|upkeep\n|\n|t:|1667384011\n|switch|p2a: Falinks|Falinks, L84|246\/246\n|turn|15\n|\n|t:|1667384035\n|switch|p1a: Druddigon|Druddigon, L84, M|267\/267\n|-ability|p1a: Druddigon|Mold Breaker\n|move|p2a: Falinks|No Retreat|p2a: Falinks\n|-boost|p2a: Falinks|atk|1\n|-boost|p2a: Falinks|def|1\n|-boost|p2a: Falinks|spa|1\n|-boost|p2a: Falinks|spd|1\n|-boost|p2a: Falinks|spe|1\n|-start|p2a: Falinks|move: No Retreat\n|\n|-fieldend|move: Psychic Terrain\n|upkeep\n|turn|16\n|\n|t:|1667384061\n|move|p2a: Falinks|Close Combat|p1a: Druddigon\n|-damage|p1a: Druddigon|40\/267\n|-unboost|p2a: Falinks|def|1\n|-unboost|p2a: Falinks|spd|1\n|-damage|p2a: Falinks|222\/246|[from] item: Life Orb\n|move|p1a: Druddigon|Glare|p2a: Falinks\n|-status|p2a: Falinks|par\n|\n|upkeep\n|turn|17\n|\n|t:|1667384071\n|move|p2a: Falinks|Throat Chop|p1a: Druddigon\n|-damage|p1a: Druddigon|0 fnt\n|faint|p1a: Druddigon\n|-damage|p2a: Falinks|198\/246 par|[from] item: Life Orb\n|\n|upkeep\n|\n|t:|1667384074\n|switch|p1a: Exeggutor|Exeggutor-Alola, L87, M|307\/307\n|-item|p2a: Falinks|Life Orb|[from] ability: Frisk|[of] p1a: Exeggutor|[identify]\n|turn|18\n|\n|t:|1667384089\n|move|p2a: Falinks|Poison Jab|p1a: Exeggutor\n|-supereffective|p1a: Exeggutor\n|-damage|p1a: Exeggutor|102\/307\n|-status|p1a: Exeggutor|psn\n|-damage|p2a: Falinks|174\/246 par|[from] item: Life Orb\n|move|p1a: Exeggutor|Giga Drain|p2a: Falinks\n|-damage|p2a: Falinks|0 fnt\n|-heal|p1a: Exeggutor|189\/307 psn|[from] drain|[of] p2a: Falinks\n|faint|p2a: Falinks\n|\n|-damage|p1a: Exeggutor|151\/307 psn|[from] psn\n|upkeep\n|\n|t:|1667384092\n|switch|p2a: Turtonator|Turtonator, L84, F|238\/238\n|turn|19\n|c|\u2606Wassupix|gg\n|\n|t:|1667384106\n|switch|p1a: Sandslash|Sandslash-Alola, L86, F|243\/269\n|move|p2a: Turtonator|Draco Meteor|p1a: Sandslash\n|-resisted|p1a: Sandslash\n|-damage|p1a: Sandslash|164\/269\n|-unboost|p2a: Turtonator|spa|2\n|-enditem|p2a: Turtonator|White Herb\n|-clearnegativeboost|p2a: Turtonator|[silent]\n|\n|upkeep\n|turn|20\n|c|\u2606nimed beatches|gg\n|\n|t:|1667384116\n|move|p1a: Sandslash|Triple Axel|p2a: Turtonator\n|-damage|p2a: Turtonator|215\/238\n|-damage|p2a: Turtonator|175\/238\n|-damage|p2a: Turtonator|107\/238\n|-hitcount|p2a: Turtonator|3\n|-damage|p1a: Sandslash|138\/269|[from] item: Life Orb\n|move|p2a: Turtonator|Fire Blast|p1a: Sandslash\n|-supereffective|p1a: Sandslash\n|-damage|p1a: Sandslash|0 fnt\n|faint|p1a: Sandslash\n|\n|upkeep\n|\n|t:|1667384121\n|switch|p1a: Exeggutor|Exeggutor-Alola, L87, M|151\/307 psn\n|turn|21\n|\n|t:|1667384138\n|move|p1a: Exeggutor|Draco Meteor|p2a: Turtonator\n|-supereffective|p2a: Turtonator\n|-damage|p2a: Turtonator|0 fnt\n|-unboost|p1a: Exeggutor|spa|2\n|faint|p2a: Turtonator\n|\n|-damage|p1a: Exeggutor|113\/307 psn|[from] psn\n|upkeep\n|\n|t:|1667384140\n|switch|p2a: Nidoking|Nidoking, L82, M|25\/267\n|turn|22\n|\n|t:|1667384143\n|move|p2a: Nidoking|Sludge Wave|p1a: Exeggutor\n|-supereffective|p1a: Exeggutor\n|-damage|p1a: Exeggutor|0 fnt\n|faint|p1a: Exeggutor\n|\n|win|nimed beatches\n|raw|Wassupix's rating: 1920 &rarr; <strong>1902<\/strong><br \/>(-18 for losing)\n|raw|nimed beatches's rating: 1955 &rarr; <strong>1973<\/strong><br \/>(+18 for winning)\n","inputlog":">version d372c8ae6ad8e716ab253b748dfb88bf0ca736bb\n>start {\"formatid\":\"gen8randombattle\",\"seed\":[7651,38028,54328,54304],\"rated\":\"Rated battle\"}\n>player p1 {\"name\":\"Wassupix\",\"avatar\":\"102\",\"rating\":1926,\"seed\":[51542,62757,49062,55425]}\n>player p2 {\"name\":\"nimed beatches\",\"avatar\":\"ethan-gen2c\",\"rating\":1977,\"seed\":[13825,26187,54000,51650]}\n>p1 move willowisp\n>p2 move swordsdance\n>p1 move poltergeist\n>p2 move swordsdance\n>p1 switch 6\n>p2 move knockoff\n>p1 move energyball\n>p2 move earthquake\n>p2 switch 2\n>p1 move sparklingaria\n>p2 move earthpower\n>p1 switch 6\n>p1 move earthquake\n>p2 move icebeam\n>p1 move earthquake\n>p2 move icebeam\n>p1 switch 2\n>p1 move rapidspin\n>p2 switch 4\n>p1 move tripleaxel\n>p2 move bravebird\n>p2 switch 5\n>p1 move closecombat dynamax\n>p2 move psychic\n>p1 move suckerpunch dynamax\n>p2 move psychic dynamax\n>p1 move suckerpunch dynamax\n>p2 move trickroom dynamax\n>p1 move tripleaxel\n>p2 move psychic dynamax\n>p1 switch 5\n>p1 move knockoff\n>p2 move flamethrower\n>p2 switch 6\n>p1 switch 4\n>p2 move noretreat\n>p1 move glare\n>p2 move closecombat\n>p1 move outrage\n>p2 move throatchop\n>p1 switch 3\n>p1 move gigadrain\n>p2 move poisonjab\n>p2 switch 3\n>chat \u2606Wassupix|gg\n>p1 switch 4\n>p2 move dracometeor\n>chat \u2606nimed beatches|gg\n>p1 move tripleaxel\n>p2 move fireblast\n>p1 switch 4\n>p1 move dracometeor\n>p2 move dracometeor\n>p2 switch 4\n>p1 move dracometeor\n>p2 move sludgewave","uploadtime":1667384148,"views":6,"p1id":"wassupix","p2id":"nimedbeatches","formatid":"gen8randombattle","rating":1902,"private":0,"password":null}