{"id":"gen8nu-1525468088","p1":"lukasjoel1","p2":"Xasah\u2764\ufe0eBae","format":"gen8nu","log":"|j|\u2606lukasjoel1\n|j|\u2606Xasah\u2764\ufe0eBae\n|inactive|Battle timer is ON: inactive players will automatically lose when time's up.\n|t:|1646665265\n|gametype|singles\n|player|p1|lukasjoel1|richboy|\n|player|p2|Xasah\u2764\ufe0eBae|beauty-gen7|\n|teamsize|p1|6\n|teamsize|p2|6\n|gen|8\n|tier|[Gen 8] NU\n|rated|Tournament battle\n|rule|Sleep Clause Mod: Limit one foe put to sleep\n|rule|Species Clause: Limit one of each Pok\u00e9mon\n|rule|OHKO Clause: OHKO moves are banned\n|rule|Evasion Moves Clause: Evasion moves are banned\n|rule|Endless Battle Clause: Forcing endless battles is banned\n|rule|HP Percentage Mod: HP is shown in percentages\n|rule|Dynamax Clause: You cannot dynamax\n|clearpoke\n|poke|p1|Rotom-Mow|\n|poke|p1|Mudsdale, M|\n|poke|p1|Xatu, M|\n|poke|p1|Starmie|\n|poke|p1|Guzzlord|\n|poke|p1|Sylveon, M|\n|poke|p2|Aerodactyl, M|\n|poke|p2|Xatu, F|\n|poke|p2|Glastrier|\n|poke|p2|Decidueye, M|\n|poke|p2|Salazzle, F|\n|poke|p2|Blastoise, M|\n|teampreview\n|j|*Lady Monita \u2744\n|\n|t:|1646665286\n|start\n|switch|p1a: Guzzlord|Guzzlord|100\/100\n|switch|p2a: Aerodactyl|Aerodactyl, M|100\/100\n|turn|1\n|\n|t:|1646665292\n|move|p2a: Aerodactyl|Earthquake|p1a: Guzzlord\n|-damage|p1a: Guzzlord|71\/100\n|move|p1a: Guzzlord|Heavy Slam|p2a: Aerodactyl\n|-supereffective|p2a: Aerodactyl\n|-enditem|p2a: Aerodactyl|Focus Sash\n|-damage|p2a: Aerodactyl|1\/100\n|\n|upkeep\n|turn|2\n|\n|t:|1646665295\n|move|p2a: Aerodactyl|Stealth Rock|p1a: Guzzlord\n|-sidestart|p1: lukasjoel1|move: Stealth Rock\n|move|p1a: Guzzlord|Heavy Slam|p2a: Aerodactyl\n|-supereffective|p2a: Aerodactyl\n|-damage|p2a: Aerodactyl|0 fnt\n|faint|p2a: Aerodactyl\n|-ability|p1a: Guzzlord|Beast Boost|boost\n|-boost|p1a: Guzzlord|atk|1\n|\n|upkeep\n|\n|t:|1646665307\n|switch|p2a: Salazzle|Salazzle, F|100\/100\n|turn|3\n|\n|t:|1646665317\n|switch|p1a: Starmie|Starmie|100\/100\n|-damage|p1a: Starmie|88\/100|[from] Stealth Rock\n|move|p2a: Salazzle|Nasty Plot|p2a: Salazzle\n|-boost|p2a: Salazzle|spa|2\n|\n|upkeep\n|turn|4\n|j| pizzarobber\n|inactive|Xasah\u2764\ufe0eBae has 120 seconds left.\n|\n|t:|1646665354\n|move|p2a: Salazzle|Sludge Wave|p1a: Starmie\n|-damage|p1a: Starmie|0 fnt\n|faint|p1a: Starmie\n|\n|upkeep\n|\n|t:|1646665380\n|switch|p1a: Mudsdale|Mudsdale, M|100\/100\n|-damage|p1a: Mudsdale|94\/100|[from] Stealth Rock\n|turn|5\n|inactive|Xasah\u2764\ufe0eBae has 120 seconds left.\n|\n|t:|1646665403\n|move|p2a: Salazzle|Flamethrower|p1a: Mudsdale\n|-damage|p1a: Mudsdale|19\/100\n|-ability|p1a: Mudsdale|Stamina|boost\n|-boost|p1a: Mudsdale|def|1\n|move|p1a: Mudsdale|Earthquake|p2a: Salazzle\n|-supereffective|p2a: Salazzle\n|-enditem|p2a: Salazzle|Focus Sash\n|-damage|p2a: Salazzle|1\/100\n|\n|-heal|p1a: Mudsdale|25\/100|[from] item: Leftovers\n|upkeep\n|turn|6\n|\n|t:|1646665411\n|move|p2a: Salazzle|Flamethrower|p1a: Mudsdale\n|-damage|p1a: Mudsdale|0 fnt\n|faint|p1a: Mudsdale\n|\n|upkeep\n|\n|t:|1646665414\n|switch|p1a: Rotom|Rotom-Mow|100\/100\n|-damage|p1a: Rotom|88\/100|[from] Stealth Rock\n|turn|7\n|\n|t:|1646665419\n|move|p1a: Rotom|Volt Switch|p2a: Salazzle\n|-damage|p2a: Salazzle|0 fnt\n|faint|p2a: Salazzle\n|\n|t:|1646665439\n|switch|p1a: Sylveon|Sylveon, M|100\/100|[from]move: Volt Switch\n|-damage|p1a: Sylveon|88\/100|[from] Stealth Rock\n|\n|-heal|p1a: Sylveon|94\/100|[from] item: Leftovers\n|upkeep\n|\n|t:|1646665457\n|switch|p2a: Glastrier|Glastrier|100\/100\n|turn|8\n|\n|t:|1646665461\n|move|p2a: Glastrier|Swords Dance|p2a: Glastrier\n|-boost|p2a: Glastrier|atk|2\n|move|p1a: Sylveon|Hyper Voice|p2a: Glastrier\n|-damage|p2a: Glastrier|68\/100\n|\n|-heal|p2a: Glastrier|74\/100|[from] item: Leftovers\n|-heal|p1a: Sylveon|99\/100|[from] item: Leftovers\n|upkeep\n|turn|9\n|\n|t:|1646665469\n|switch|p1a: Xatu|Xatu, M|100\/100\n|-damage|p1a: Xatu|76\/100|[from] Stealth Rock\n|move|p2a: Glastrier|Icicle Crash|p1a: Xatu\n|-supereffective|p1a: Xatu\n|-damage|p1a: Xatu|0 fnt\n|faint|p1a: Xatu\n|-ability|p2a: Glastrier|Chilling Neigh|boost\n|-boost|p2a: Glastrier|atk|1\n|\n|-heal|p2a: Glastrier|80\/100|[from] item: Leftovers\n|upkeep\n|\n|t:|1646665473\n|switch|p1a: Rotom|Rotom-Mow|88\/100\n|-damage|p1a: Rotom|76\/100|[from] Stealth Rock\n|turn|10\n|\n|t:|1646665481\n|move|p1a: Rotom|Leaf Storm|p2a: Glastrier|[miss]\n|-miss|p1a: Rotom|p2a: Glastrier\n|move|p2a: Glastrier|Icicle Crash|p1a: Rotom\n|-supereffective|p1a: Rotom\n|-damage|p1a: Rotom|0 fnt\n|faint|p1a: Rotom\n|-ability|p2a: Glastrier|Chilling Neigh|boost\n|-boost|p2a: Glastrier|atk|1\n|\n|-heal|p2a: Glastrier|86\/100|[from] item: Leftovers\n|upkeep\n|\n|t:|1646665483\n|switch|p1a: Guzzlord|Guzzlord|71\/100\n|-damage|p1a: Guzzlord|59\/100|[from] Stealth Rock\n|turn|11\n|\n|t:|1646665488\n|move|p1a: Guzzlord|Outrage|p2a: Glastrier\n|-damage|p2a: Glastrier|29\/100\n|move|p2a: Glastrier|Close Combat|p1a: Guzzlord\n|-supereffective|p1a: Guzzlord\n|-damage|p1a: Guzzlord|0 fnt\n|-unboost|p2a: Glastrier|def|1\n|-unboost|p2a: Glastrier|spd|1\n|faint|p1a: Guzzlord\n|-ability|p2a: Glastrier|Chilling Neigh|boost\n|-boost|p2a: Glastrier|atk|1\n|\n|-heal|p2a: Glastrier|35\/100|[from] item: Leftovers\n|upkeep\n|\n|t:|1646665492\n|switch|p1a: Sylveon|Sylveon, M|99\/100\n|-damage|p1a: Sylveon|88\/100|[from] Stealth Rock\n|turn|12\n|\n|t:|1646665494\n|move|p2a: Glastrier|Icicle Crash|p1a: Sylveon\n|-damage|p1a: Sylveon|0 fnt\n|faint|p1a: Sylveon\n|\n|win|Xasah\u2764\ufe0eBae\n|n|\u2606lukasjoel1|lukasjoel1\n|n|\u2606Xasah\u2764\ufe0eBae|xasahbae\n|n|*Lady Monita \u2744|ladymonita\n|n| pizzarobber|pizzarobber\n|l|*Lady Monita \u2744\n|l|\u2606Xasah\u2764\ufe0eBae\n|l|\u2606lukasjoel1\n|l| pizzarobber\n|j|\u2606Xasah\u2764\ufe0eBae\n|player|p2|Xasah\u2764\ufe0eBae|beauty-gen7\n","uploadtime":1646665654,"views":13,"p1id":"lukasjoel1","p2id":"xasahbae","formatid":"gen8nu","rating":0,"private":0,"password":null}