{"id":"gen8bdspuu-1516330690","p1":"Yndeed","p2":"VirginJimmy99","format":"gen8bdspuu","log":"|j|\u2606Yndeed\n|j|\u2606VirginJimmy99\n|t:|1645531179\n|gametype|singles\n|player|p1|Yndeed|pokemonbreeder|1347\n|player|p2|VirginJimmy99|169|1392\n|teamsize|p1|6\n|teamsize|p2|6\n|gen|8\n|tier|[Gen 8 BDSP] UU\n|rated|\n|rule|Sleep Clause Mod: Limit one foe put to sleep\n|rule|Species Clause: Limit one of each Pok\u00e9mon\n|rule|OHKO Clause: OHKO moves are banned\n|rule|Evasion Moves Clause: Evasion moves are banned\n|rule|Endless Battle Clause: Forcing endless battles is banned\n|rule|HP Percentage Mod: HP is shown in percentages\n|clearpoke\n|poke|p1|Chansey, F|\n|poke|p1|Crobat, F|\n|poke|p1|Slowbro, M|\n|poke|p1|Hippowdon, M|\n|poke|p1|Arcanine, M|\n|poke|p1|Sableye, M|\n|poke|p2|Shuckle, F|\n|poke|p2|Mismagius, F|\n|poke|p2|Primeape, F|\n|poke|p2|Sneasel, M|\n|poke|p2|Blastoise, F|\n|poke|p2|Ursaring, F|\n|teampreview\n|inactive|Battle timer is ON: inactive players will automatically lose when time's up. (requested by Yndeed)\n|\n|t:|1645531195\n|start\n|switch|p1a: Goldmember|Sableye, M, shiny|100\/100\n|switch|p2a: Shuckle|Shuckle, F|100\/100\n|turn|1\n|\n|t:|1645531201\n|move|p1a: Goldmember|Taunt|p2a: Shuckle\n|-start|p2a: Shuckle|move: Taunt\n|-enditem|p2a: Shuckle|Mental Herb\n|-end|p2a: Shuckle|move: Taunt\n|move|p2a: Shuckle|Stealth Rock|p1a: Goldmember\n|-sidestart|p1: Yndeed|move: Stealth Rock\n|\n|upkeep\n|turn|2\n|\n|t:|1645531209\n|switch|p2a: Ursaring|Ursaring, F|100\/100\n|move|p1a: Goldmember|Knock Off|p2a: Ursaring\n|-damage|p2a: Ursaring|67\/100\n|-enditem|p2a: Ursaring|Toxic Orb|[from] move: Knock Off|[of] p1a: Goldmember\n|\n|upkeep\n|turn|3\n|\n|t:|1645531221\n|switch|p2a: Sneasel|Sneasel, M|100\/100\n|switch|p1a: Hippowdon|Hippowdon, M, shiny|100\/100\n|-damage|p1a: Hippowdon|94\/100|[from] Stealth Rock\n|\n|-heal|p1a: Hippowdon|100\/100|[from] item: Leftovers\n|upkeep\n|turn|4\n|\n|t:|1645531234\n|switch|p2a: Shuckle|Shuckle, F|100\/100\n|move|p1a: Hippowdon|Slack Off||[still]\n|-fail|p1a: Hippowdon|heal\n|\n|upkeep\n|turn|5\n|\n|t:|1645531239\n|switch|p1a: Crobat|Crobat, F, shiny|100\/100\n|-damage|p1a: Crobat|76\/100|[from] Stealth Rock\n|move|p2a: Shuckle|Toxic|p1a: Crobat\n|-immune|p1a: Crobat\n|\n|-heal|p1a: Crobat|82\/100|[from] item: Leftovers\n|upkeep\n|turn|6\n|\n|t:|1645531245\n|move|p1a: Crobat|Defog|p2a: Shuckle\n|-unboost|p2a: Shuckle|evasion|1\n|-sideend|p1: Yndeed|Stealth Rock|[from] move: Defog|[of] p1a: Crobat\n|move|p2a: Shuckle|Sticky Web|p1a: Crobat\n|-sidestart|p1: Yndeed|move: Sticky Web\n|\n|-heal|p1a: Crobat|88\/100|[from] item: Leftovers\n|upkeep\n|turn|7\n|\n|t:|1645531250\n|move|p1a: Crobat|Toxic|p2a: Shuckle\n|-status|p2a: Shuckle|tox\n|move|p2a: Shuckle|Stealth Rock|p1a: Crobat\n|-sidestart|p1: Yndeed|move: Stealth Rock\n|\n|-heal|p1a: Crobat|94\/100|[from] item: Leftovers\n|-damage|p2a: Shuckle|94\/100 tox|[from] psn\n|upkeep\n|turn|8\n|\n|t:|1645531253\n|switch|p2a: Primeape|Primeape, F|100\/100\n|move|p1a: Crobat|Defog|p2a: Primeape\n|-unboost|p2a: Primeape|evasion|1\n|-ability|p2a: Primeape|Defiant\n|-boost|p2a: Primeape|atk|2\n|-sideend|p1: Yndeed|Stealth Rock|[from] move: Defog|[of] p1a: Crobat\n|-sideend|p1: Yndeed|Sticky Web|[from] move: Defog|[of] p1a: Crobat\n|\n|-heal|p1a: Crobat|99\/100|[from] item: Leftovers\n|upkeep\n|turn|9\n|\n|t:|1645531261\n|switch|p1a: Hippowdon|Hippowdon, M, shiny|100\/100\n|move|p2a: Primeape|Stone Edge|p1a: Hippowdon\n|-resisted|p1a: Hippowdon\n|-damage|p1a: Hippowdon|82\/100\n|\n|-heal|p1a: Hippowdon|88\/100|[from] item: Leftovers\n|upkeep\n|turn|10\n|\n|t:|1645531271\n|switch|p2a: Mismagius|Mismagius, F|100\/100\n|move|p1a: Hippowdon|Earthquake|p2a: Mismagius\n|-immune|p2a: Mismagius|[from] ability: Levitate\n|\n|-heal|p1a: Hippowdon|94\/100|[from] item: Leftovers\n|upkeep\n|turn|11\n|\n|t:|1645531274\n|move|p2a: Mismagius|Substitute|p2a: Mismagius\n|-start|p2a: Mismagius|Substitute\n|-damage|p2a: Mismagius|76\/100\n|move|p1a: Hippowdon|Crunch|p2a: Mismagius\n|-supereffective|p2a: Mismagius\n|-end|p2a: Mismagius|Substitute\n|\n|-heal|p2a: Mismagius|82\/100|[from] item: Leftovers\n|-heal|p1a: Hippowdon|99\/100|[from] item: Leftovers\n|upkeep\n|turn|12\n|\n|t:|1645531277\n|switch|p2a: Shuckle|Shuckle, F|94\/100 tox\n|move|p1a: Hippowdon|Crunch|p2a: Shuckle\n|-damage|p2a: Shuckle|80\/100 tox\n|-unboost|p2a: Shuckle|def|1\n|\n|-heal|p1a: Hippowdon|100\/100|[from] item: Leftovers\n|-damage|p2a: Shuckle|73\/100 tox|[from] psn\n|upkeep\n|turn|13\n|\n|t:|1645531283\n|switch|p1a: Crobat|Crobat, F, shiny|99\/100\n|move|p2a: Shuckle|Stealth Rock|p1a: Crobat\n|-sidestart|p1: Yndeed|move: Stealth Rock\n|\n|-heal|p1a: Crobat|100\/100|[from] item: Leftovers\n|-damage|p2a: Shuckle|61\/100 tox|[from] psn\n|upkeep\n|turn|14\n|\n|t:|1645531288\n|switch|p2a: Primeape|Primeape, F|100\/100\n|move|p1a: Crobat|Defog|p2a: Primeape\n|-unboost|p2a: Primeape|evasion|1\n|-ability|p2a: Primeape|Defiant\n|-boost|p2a: Primeape|atk|2\n|-sideend|p1: Yndeed|Stealth Rock|[from] move: Defog|[of] p1a: Crobat\n|\n|upkeep\n|turn|15\n|\n|t:|1645531293\n|move|p2a: Primeape|U-turn|p1a: Crobat\n|-resisted|p1a: Crobat\n|-damage|p1a: Crobat|88\/100\n|\n|t:|1645531295\n|switch|p2a: Shuckle|Shuckle, F|61\/100 tox|[from]move: U-turn\n|move|p1a: Crobat|Brave Bird|p2a: Shuckle\n|-damage|p2a: Shuckle|35\/100 tox\n|-damage|p1a: Crobat|83\/100|[from] Recoil\n|\n|-heal|p1a: Crobat|89\/100|[from] item: Leftovers\n|-damage|p2a: Shuckle|29\/100 tox|[from] psn\n|upkeep\n|turn|16\n|\n|t:|1645531311\n|move|p1a: Crobat|Toxic|p2a: Shuckle\n|-fail|p2a: Shuckle|tox\n|move|p2a: Shuckle|Stealth Rock|p1a: Crobat\n|-sidestart|p1: Yndeed|move: Stealth Rock\n|\n|-heal|p1a: Crobat|95\/100|[from] item: Leftovers\n|-damage|p2a: Shuckle|17\/100 tox|[from] psn\n|upkeep\n|turn|17\n|\n|t:|1645531315\n|move|p1a: Crobat|Defog|p2a: Shuckle\n|-unboost|p2a: Shuckle|evasion|1\n|-sideend|p1: Yndeed|Stealth Rock|[from] move: Defog|[of] p1a: Crobat\n|move|p2a: Shuckle|Stealth Rock|p1a: Crobat\n|-sidestart|p1: Yndeed|move: Stealth Rock\n|\n|-heal|p1a: Crobat|100\/100|[from] item: Leftovers\n|-damage|p2a: Shuckle|0 fnt|[from] psn\n|faint|p2a: Shuckle\n|upkeep\n|\n|t:|1645531320\n|switch|p2a: Blastoise|Blastoise, F|100\/100\n|turn|18\n|\n|t:|1645531324\n|move|p1a: Crobat|Toxic|p2a: Blastoise\n|-status|p2a: Blastoise|tox\n|move|p2a: Blastoise|Shell Smash|p2a: Blastoise\n|-unboost|p2a: Blastoise|def|1\n|-unboost|p2a: Blastoise|spd|1\n|-boost|p2a: Blastoise|atk|2\n|-boost|p2a: Blastoise|spa|2\n|-boost|p2a: Blastoise|spe|2\n|-enditem|p2a: Blastoise|White Herb\n|-clearnegativeboost|p2a: Blastoise|[silent]\n|\n|-damage|p2a: Blastoise|94\/100 tox|[from] psn\n|upkeep\n|turn|19\n|\n|t:|1645531332\n|switch|p1a: Chansey|Chansey, F, shiny|100\/100\n|-damage|p1a: Chansey|88\/100|[from] Stealth Rock\n|move|p2a: Blastoise|Focus Blast|p1a: Chansey\n|-supereffective|p1a: Chansey\n|-damage|p1a: Chansey|39\/100\n|-unboost|p1a: Chansey|spd|1\n|\n|-heal|p1a: Chansey|45\/100|[from] item: Leftovers\n|-damage|p2a: Blastoise|82\/100 tox|[from] psn\n|upkeep\n|turn|20\n|\n|t:|1645531344\n|switch|p1a: Slowbro|Slowbro, M, shiny|100\/100\n|-damage|p1a: Slowbro|88\/100|[from] Stealth Rock\n|move|p2a: Blastoise|Focus Blast|p1a: Slowbro\n|-resisted|p1a: Slowbro\n|-damage|p1a: Slowbro|53\/100\n|\n|-heal|p1a: Slowbro|59\/100|[from] item: Leftovers\n|-damage|p2a: Blastoise|64\/100 tox|[from] psn\n|upkeep\n|turn|21\n|\n|t:|1645531351\n|move|p2a: Blastoise|Hydro Pump|p1a: Slowbro\n|-resisted|p1a: Slowbro\n|-damage|p1a: Slowbro|8\/100\n|move|p1a: Slowbro|Slack Off|p1a: Slowbro\n|-heal|p1a: Slowbro|58\/100\n|\n|-heal|p1a: Slowbro|64\/100|[from] item: Leftovers\n|-damage|p2a: Blastoise|40\/100 tox|[from] psn\n|upkeep\n|turn|22\n|\n|t:|1645531363\n|move|p2a: Blastoise|Hydro Pump|p1a: Slowbro\n|-resisted|p1a: Slowbro\n|-damage|p1a: Slowbro|17\/100\n|move|p1a: Slowbro|Slack Off|p1a: Slowbro\n|-heal|p1a: Slowbro|67\/100\n|\n|-heal|p1a: Slowbro|73\/100|[from] item: Leftovers\n|-damage|p2a: Blastoise|10\/100 tox|[from] psn\n|upkeep\n|turn|23\n|\n|t:|1645531368\n|move|p2a: Blastoise|Hydro Pump|p1a: Slowbro\n|-resisted|p1a: Slowbro\n|-damage|p1a: Slowbro|6\/100\n|move|p1a: Slowbro|Slack Off|p1a: Slowbro\n|-heal|p1a: Slowbro|56\/100\n|\n|-heal|p1a: Slowbro|62\/100|[from] item: Leftovers\n|-damage|p2a: Blastoise|0 fnt|[from] psn\n|faint|p2a: Blastoise\n|upkeep\n|\n|t:|1645531372\n|switch|p2a: Sneasel|Sneasel, M|100\/100\n|turn|24\n|\n|t:|1645531384\n|switch|p1a: Arcanine|Arcanine, M, shiny|100\/100\n|-damage|p1a: Arcanine|75\/100|[from] Stealth Rock\n|-ability|p1a: Arcanine|Intimidate|boost\n|-fail|p2a: Sneasel|unboost|Attack|[from] ability: Inner Focus|[of] p2a: Sneasel\n|move|p2a: Sneasel|Swords Dance|p2a: Sneasel\n|-boost|p2a: Sneasel|atk|2\n|\n|-heal|p1a: Arcanine|82\/100|[from] item: Leftovers\n|upkeep\n|turn|25\n|\n|t:|1645531393\n|move|p2a: Sneasel|Throat Chop|p1a: Arcanine\n|-damage|p1a: Arcanine|12\/100\n|-start|p1a: Arcanine|Throat Chop|[silent]\n|-damage|p2a: Sneasel|91\/100|[from] item: Life Orb\n|move|p1a: Arcanine|Will-O-Wisp|p2a: Sneasel\n|-status|p2a: Sneasel|brn\n|\n|-heal|p1a: Arcanine|19\/100|[from] item: Leftovers\n|-damage|p2a: Sneasel|85\/100 brn|[from] brn\n|upkeep\n|turn|26\n|\n|t:|1645531401\n|move|p2a: Sneasel|Throat Chop|p1a: Arcanine\n|-damage|p1a: Arcanine|0 fnt\n|faint|p1a: Arcanine\n|-damage|p2a: Sneasel|75\/100 brn|[from] item: Life Orb\n|\n|-damage|p2a: Sneasel|69\/100 brn|[from] brn\n|upkeep\n|\n|t:|1645531411\n|switch|p1a: Hippowdon|Hippowdon, M, shiny|100\/100\n|-damage|p1a: Hippowdon|94\/100|[from] Stealth Rock\n|turn|27\n|\n|t:|1645531414\n|move|p2a: Sneasel|Icicle Crash|p1a: Hippowdon\n|-supereffective|p1a: Hippowdon\n|-damage|p1a: Hippowdon|40\/100\n|-damage|p2a: Sneasel|59\/100 brn|[from] item: Life Orb\n|move|p1a: Hippowdon|Earthquake|p2a: Sneasel\n|-damage|p2a: Sneasel|0 fnt\n|faint|p2a: Sneasel\n|\n|-heal|p1a: Hippowdon|46\/100|[from] item: Leftovers\n|upkeep\n|\n|t:|1645531421\n|switch|p2a: Mismagius|Mismagius, F|82\/100\n|turn|28\n|\n|t:|1645531426\n|move|p2a: Mismagius|Shadow Ball|p1a: Hippowdon\n|-damage|p1a: Hippowdon|10\/100\n|move|p1a: Hippowdon|Crunch|p2a: Mismagius\n|-supereffective|p2a: Mismagius\n|-damage|p2a: Mismagius|2\/100\n|\n|-heal|p2a: Mismagius|8\/100|[from] item: Leftovers\n|-heal|p1a: Hippowdon|16\/100|[from] item: Leftovers\n|upkeep\n|turn|29\n|c|\u2606VirginJimmy99|gg\n|-message|VirginJimmy99 forfeited.\n|\n|win|Yndeed\n|raw|Yndeed's rating: 1347 &rarr; <strong>1370<\/strong><br \/>(+23 for winning)\n|raw|VirginJimmy99's rating: 1392 &rarr; <strong>1369<\/strong><br \/>(-23 for losing)\n|l|\u2606VirginJimmy99\n","uploadtime":1645531438,"views":120,"p1id":"yndeed","p2id":"virginjimmy99","formatid":"gen8bdspuu","rating":1369,"private":0,"password":null}