{"id":"gen8ou-1136267535","p1":"READY SET STALL!!!","p2":"Burnt Bright","format":"gen8ou","log":"|j|\u2606READY SET STALL!!!\n|j|\u2606Burnt Bright\n|player|p1|READY SET STALL!!!|olympia|1671\n|player|p2|Burnt Bright|2|1711\n|teamsize|p1|6\n|teamsize|p2|6\n|gametype|singles\n|gen|8\n|tier|[Gen 8] OU\n|rated|\n|clearpoke\n|poke|p1|Chansey, F|\n|poke|p1|Toxapex, M|\n|poke|p1|Quagsire, F|\n|poke|p1|Corviknight, M|\n|poke|p1|Clefable, M|\n|poke|p1|Mew|\n|poke|p2|Mandibuzz, F|\n|poke|p2|Magearna|\n|poke|p2|Marowak-Alola, M|\n|poke|p2|Terrakion|\n|poke|p2|Dragapult, M|\n|poke|p2|Seismitoad, M|\n|rule|Sleep Clause Mod: Limit one foe put to sleep\n|rule|Species Clause: Limit one of each Pok\u00e9mon\n|rule|OHKO Clause: OHKO moves are banned\n|rule|Evasion Moves Clause: Evasion moves are banned\n|rule|Endless Battle Clause: Forcing endless battles is banned\n|rule|HP Percentage Mod: HP is shown in percentages\n|rule|Dynamax Clause: You cannot dynamax\n|teampreview\n|j| FcknPunk\n|\n|start\n|switch|p1a: Angemon|Corviknight, M, shiny|100\/100\n|switch|p2a: Seismitoad|Seismitoad, M|100\/100\n|-ability|p1a: Angemon|Pressure\n|turn|1\n|\n|switch|p1a: Andromon|Mew, shiny|100\/100\n|move|p2a: Seismitoad|Scald|p1a: Andromon\n|-damage|p1a: Andromon|80\/100\n|\n|upkeep\n|turn|2\n|\n|move|p1a: Andromon|Psychic|p2a: Seismitoad\n|-damage|p2a: Seismitoad|71\/100\n|-unboost|p2a: Seismitoad|spd|1\n|move|p2a: Seismitoad|Stealth Rock|p1a: Andromon\n|-sidestart|p1: READY SET STALL!!!|move: Stealth Rock\n|\n|-heal|p2a: Seismitoad|77\/100|[from] item: Leftovers\n|upkeep\n|turn|3\n|\n|switch|p2a: Mandibuzz|Mandibuzz, F|100\/100\n|move|p1a: Andromon|Defog|p2a: Mandibuzz\n|-unboost|p2a: Mandibuzz|evasion|1\n|-sideend|p1: READY SET STALL!!!|Stealth Rock|[from] move: Defog|[of] p1a: Andromon\n|\n|upkeep\n|turn|4\n|\n|move|p1a: Andromon|Will-O-Wisp|p2a: Mandibuzz\n|-status|p2a: Mandibuzz|brn\n|move|p2a: Mandibuzz|Foul Play|p1a: Andromon\n|-supereffective|p1a: Andromon\n|-crit|p1a: Andromon\n|-enditem|p1a: Andromon|Colbur Berry|[eat]\n|-enditem|p1a: Andromon|Colbur Berry|[weaken]\n|-damage|p1a: Andromon|68\/100\n|\n|-damage|p2a: Mandibuzz|94\/100 brn|[from] brn\n|upkeep\n|turn|5\n|\n|move|p1a: Andromon|Soft-Boiled|p1a: Andromon\n|-heal|p1a: Andromon|100\/100\n|move|p2a: Mandibuzz|U-turn|p1a: Andromon\n|-supereffective|p1a: Andromon\n|-damage|p1a: Andromon|93\/100\n|\n|switch|p2a: Dragapult|Dragapult, M|100\/100|[from]move: U-turn\n|\n|upkeep\n|turn|6\n|\n|switch|p1a: Greymon|Chansey, F, shiny|100\/100\n|move|p2a: Dragapult|U-turn|p1a: Greymon\n|-damage|p1a: Greymon|89\/100\n|\n|switch|p2a: Marowak|Marowak-Alola, M|100\/100|[from]move: U-turn\n|\n|upkeep\n|turn|7\n|\n|switch|p1a: Agumon|Toxapex, M, shiny|100\/100\n|move|p2a: Marowak|Substitute|p2a: Marowak\n|-start|p2a: Marowak|Substitute\n|-damage|p2a: Marowak|76\/100\n|\n|upkeep\n|turn|8\n|\n|move|p2a: Marowak|Bonemerang|p1a: Agumon\n|-supereffective|p1a: Agumon\n|-damage|p1a: Agumon|68\/100\n|-supereffective|p1a: Agumon\n|-damage|p1a: Agumon|37\/100\n|-hitcount|p1a: Agumon|2\n|move|p1a: Agumon|Knock Off|p2a: Marowak\n|-supereffective|p2a: Marowak\n|-end|p2a: Marowak|Substitute\n|\n|-heal|p1a: Agumon|44\/100|[from] item: Black Sludge\n|upkeep\n|turn|9\n|\n|switch|p1a: Gatomon|Quagsire, F, shiny|100\/100\n|move|p2a: Marowak|Poltergeist|p1a: Gatomon\n|-activate|p1a: Gatomon|move: Poltergeist|Leftovers\n|-damage|p1a: Gatomon|43\/100\n|\n|-heal|p1a: Gatomon|49\/100|[from] item: Leftovers\n|upkeep\n|turn|10\n|\n|switch|p1a: Greymon|Chansey, F, shiny|89\/100\n|move|p2a: Marowak|Poltergeist|p1a: Greymon\n|-immune|p1a: Greymon\n|\n|upkeep\n|turn|11\n|\n|switch|p1a: Agumon|Toxapex, M, shiny|77\/100\n|move|p2a: Marowak|Fire Punch|p1a: Agumon\n|-resisted|p1a: Agumon\n|-damage|p1a: Agumon|59\/100\n|-status|p1a: Agumon|brn\n|\n|-heal|p1a: Agumon|65\/100 brn|[from] item: Black Sludge\n|-damage|p1a: Agumon|59\/100 brn|[from] brn\n|upkeep\n|turn|12\n|\n|move|p2a: Marowak|Bonemerang|p1a: Agumon\n|-supereffective|p1a: Agumon\n|-damage|p1a: Agumon|28\/100 brn\n|-supereffective|p1a: Agumon\n|-damage|p1a: Agumon|0 fnt\n|-hitcount|p1a: Agumon|2\n|faint|p1a: Agumon\n|\n|upkeep\n|\n|switch|p1a: Andromon|Mew, shiny|93\/100\n|turn|13\n|\n|switch|p2a: Mandibuzz|Mandibuzz, F|94\/100 brn\n|move|p1a: Andromon|Psychic|p2a: Mandibuzz\n|-immune|p2a: Mandibuzz\n|\n|-damage|p2a: Mandibuzz|88\/100 brn|[from] brn\n|upkeep\n|turn|14\n|\n|switch|p1a: Greymon|Chansey, F, shiny|89\/100\n|move|p2a: Mandibuzz|U-turn|p1a: Greymon\n|-damage|p1a: Greymon|86\/100\n|\n|switch|p2a: Marowak|Marowak-Alola, M|76\/100|[from]move: U-turn\n|\n|upkeep\n|turn|15\n|\n|switch|p1a: Andromon|Mew, shiny|93\/100\n|move|p2a: Marowak|Substitute|p2a: Marowak\n|-start|p2a: Marowak|Substitute\n|-damage|p2a: Marowak|51\/100\n|\n|upkeep\n|turn|16\n|\n|move|p1a: Andromon|Psychic|p2a: Marowak\n|-end|p2a: Marowak|Substitute\n|move|p2a: Marowak|Poltergeist||[still]\n|-fail|p2a: Marowak\n|\n|upkeep\n|turn|17\n|\n|move|p1a: Andromon|Psychic|p2a: Marowak\n|-damage|p2a: Marowak|3\/100\n|move|p2a: Marowak|Poltergeist||[still]\n|-fail|p2a: Marowak\n|\n|upkeep\n|turn|18\n|c|\u2606Burnt Bright|oh lmao\n|\n|switch|p2a: Mandibuzz|Mandibuzz, F|88\/100 brn\n|move|p1a: Andromon|Psychic|p2a: Mandibuzz\n|-immune|p2a: Mandibuzz\n|\n|-damage|p2a: Mandibuzz|82\/100 brn|[from] brn\n|upkeep\n|turn|19\n|\n|switch|p1a: Gatomon|Quagsire, F, shiny|49\/100\n|move|p2a: Mandibuzz|U-turn|p1a: Gatomon\n|-damage|p1a: Gatomon|45\/100\n|\n|switch|p2a: Marowak|Marowak-Alola, M|3\/100|[from]move: U-turn\n|\n|-heal|p1a: Gatomon|51\/100|[from] item: Leftovers\n|upkeep\n|turn|20\n|\n|switch|p1a: Andromon|Mew, shiny|93\/100\n|move|p2a: Marowak|Fire Punch|p1a: Andromon\n|-damage|p1a: Andromon|50\/100\n|\n|upkeep\n|turn|21\n|\n|move|p1a: Andromon|Soft-Boiled|p1a: Andromon\n|-heal|p1a: Andromon|99\/100\n|move|p2a: Marowak|Fire Punch|p1a: Andromon\n|-damage|p1a: Andromon|59\/100\n|\n|upkeep\n|turn|22\n|\n|switch|p2a: Mandibuzz|Mandibuzz, F|82\/100 brn\n|move|p1a: Andromon|Soft-Boiled|p1a: Andromon\n|-heal|p1a: Andromon|100\/100\n|\n|-damage|p2a: Mandibuzz|76\/100 brn|[from] brn\n|upkeep\n|turn|23\n|\n|switch|p1a: Gatomon|Quagsire, F, shiny|51\/100\n|move|p2a: Mandibuzz|U-turn|p1a: Gatomon\n|-damage|p1a: Gatomon|47\/100\n|\n|switch|p2a: Marowak|Marowak-Alola, M|3\/100|[from]move: U-turn\n|\n|-heal|p1a: Gatomon|53\/100|[from] item: Leftovers\n|upkeep\n|turn|24\n|\n|switch|p1a: Andromon|Mew, shiny|100\/100\n|move|p2a: Marowak|Poltergeist||[still]\n|-fail|p2a: Marowak\n|\n|upkeep\n|turn|25\n|\n|switch|p2a: Mandibuzz|Mandibuzz, F|76\/100 brn\n|move|p1a: Andromon|Psychic|p2a: Mandibuzz\n|-immune|p2a: Mandibuzz\n|\n|-damage|p2a: Mandibuzz|70\/100 brn|[from] brn\n|upkeep\n|turn|26\n|\n|switch|p1a: Gatomon|Quagsire, F, shiny|53\/100\n|move|p2a: Mandibuzz|U-turn|p1a: Gatomon\n|-damage|p1a: Gatomon|49\/100\n|\n|switch|p2a: Dragapult|Dragapult, M|100\/100|[from]move: U-turn\n|\n|-heal|p1a: Gatomon|56\/100|[from] item: Leftovers\n|upkeep\n|turn|27\n|\n|switch|p1a: Greymon|Chansey, F, shiny|86\/100\n|move|p2a: Dragapult|Shadow Ball|p1a: Greymon\n|-immune|p1a: Greymon\n|\n|upkeep\n|turn|28\n|\n|switch|p2a: Seismitoad|Seismitoad, M|77\/100\n|move|p1a: Greymon|Stealth Rock|p2a: Seismitoad\n|-sidestart|p2: Burnt Bright|move: Stealth Rock\n|\n|-heal|p2a: Seismitoad|83\/100|[from] item: Leftovers\n|upkeep\n|turn|29\n|\n|switch|p1a: Andromon|Mew, shiny|100\/100\n|move|p2a: Seismitoad|Stealth Rock|p1a: Andromon\n|-sidestart|p1: READY SET STALL!!!|move: Stealth Rock\n|\n|-heal|p2a: Seismitoad|89\/100|[from] item: Leftovers\n|upkeep\n|turn|30\n|\n|switch|p2a: Mandibuzz|Mandibuzz, F|70\/100 brn\n|move|p1a: Andromon|Defog|p2a: Mandibuzz\n|-unboost|p2a: Mandibuzz|evasion|1\n|-sideend|p2: Burnt Bright|Stealth Rock|[from] move: Defog|[of] p1a: Andromon\n|-sideend|p1: READY SET STALL!!!|Stealth Rock|[from] move: Defog|[of] p1a: Andromon\n|\n|-damage|p2a: Mandibuzz|64\/100 brn|[from] brn\n|upkeep\n|turn|31\n|\n|switch|p1a: Gatomon|Quagsire, F, shiny|56\/100\n|move|p2a: Mandibuzz|U-turn|p1a: Gatomon\n|-damage|p1a: Gatomon|52\/100\n|\n|switch|p2a: Dragapult|Dragapult, M|100\/100|[from]move: U-turn\n|\n|-heal|p1a: Gatomon|58\/100|[from] item: Leftovers\n|upkeep\n|turn|32\n|\n|move|p2a: Dragapult|U-turn|p1a: Gatomon\n|-damage|p1a: Gatomon|45\/100\n|\n|switch|p2a: Marowak|Marowak-Alola, M|3\/100|[from]move: U-turn\n|move|p1a: Gatomon|Recover|p1a: Gatomon\n|-heal|p1a: Gatomon|95\/100\n|\n|-heal|p1a: Gatomon|100\/100|[from] item: Leftovers\n|upkeep\n|turn|33\n|\n|move|p2a: Marowak|Bonemerang|p1a: Gatomon\n|-damage|p1a: Gatomon|81\/100\n|-damage|p1a: Gatomon|63\/100\n|-hitcount|p1a: Gatomon|2\n|move|p1a: Gatomon|Scald|p2a: Marowak\n|-supereffective|p2a: Marowak\n|-damage|p2a: Marowak|0 fnt\n|faint|p2a: Marowak\n|\n|-heal|p1a: Gatomon|69\/100|[from] item: Leftovers\n|upkeep\n|\n|switch|p2a: Dragapult|Dragapult, M|100\/100\n|turn|34\n|\n|switch|p1a: Greymon|Chansey, F, shiny|86\/100\n|move|p2a: Dragapult|U-turn|p1a: Greymon\n|-damage|p1a: Greymon|75\/100\n|\n|switch|p2a: Magearna|Magearna|100\/100|[from]move: U-turn\n|\n|upkeep\n|turn|35\n|\n|switch|p1a: Andromon|Mew, shiny|100\/100\n|move|p2a: Magearna|Calm Mind|p2a: Magearna\n|-boost|p2a: Magearna|spa|1\n|-boost|p2a: Magearna|spd|1\n|\n|upkeep\n|turn|36\n|\n|move|p1a: Andromon|Will-O-Wisp|p2a: Magearna\n|-status|p2a: Magearna|brn\n|move|p2a: Magearna|Calm Mind|p2a: Magearna\n|-boost|p2a: Magearna|spa|1\n|-boost|p2a: Magearna|spd|1\n|\n|-damage|p2a: Magearna|94\/100 brn|[from] brn\n|upkeep\n|turn|37\n|\n|switch|p1a: Biyomon|Clefable, M, shiny|100\/100\n|move|p2a: Magearna|Flash Cannon|p1a: Biyomon\n|-supereffective|p1a: Biyomon\n|-damage|p1a: Biyomon|40\/100\n|\n|-heal|p2a: Magearna|100\/100 brn|[from] item: Leftovers\n|-heal|p1a: Biyomon|47\/100|[from] item: Leftovers\n|-damage|p2a: Magearna|94\/100 brn|[from] brn\n|upkeep\n|turn|38\n|\n|move|p1a: Biyomon|Protect|p1a: Biyomon\n|-singleturn|p1a: Biyomon|Protect\n|move|p2a: Magearna|Flash Cannon|p1a: Biyomon\n|-activate|p1a: Biyomon|move: Protect\n|\n|-heal|p2a: Magearna|100\/100 brn|[from] item: Leftovers\n|-heal|p1a: Biyomon|53\/100|[from] item: Leftovers\n|-damage|p2a: Magearna|94\/100 brn|[from] brn\n|upkeep\n|turn|39\n|\n|switch|p1a: Greymon|Chansey, F, shiny|75\/100\n|move|p2a: Magearna|Flash Cannon|p1a: Greymon\n|-damage|p1a: Greymon|49\/100\n|\n|-heal|p2a: Magearna|100\/100 brn|[from] item: Leftovers\n|-damage|p2a: Magearna|94\/100 brn|[from] brn\n|upkeep\n|turn|40\n|\n|move|p2a: Magearna|Calm Mind|p2a: Magearna\n|-boost|p2a: Magearna|spa|1\n|-boost|p2a: Magearna|spd|1\n|move|p1a: Greymon|Soft-Boiled|p1a: Greymon\n|-heal|p1a: Greymon|99\/100\n|\n|-heal|p2a: Magearna|100\/100 brn|[from] item: Leftovers\n|-damage|p2a: Magearna|94\/100 brn|[from] brn\n|upkeep\n|turn|41\n|\n|move|p2a: Magearna|Flash Cannon|p1a: Greymon\n|-damage|p1a: Greymon|65\/100\n|move|p1a: Greymon|Seismic Toss|p2a: Magearna\n|-damage|p2a: Magearna|67\/100 brn\n|\n|-heal|p2a: Magearna|73\/100 brn|[from] item: Leftovers\n|-damage|p2a: Magearna|67\/100 brn|[from] brn\n|upkeep\n|turn|42\n|\n|switch|p1a: Biyomon|Clefable, M, shiny|53\/100\n|move|p2a: Magearna|Calm Mind|p2a: Magearna\n|-boost|p2a: Magearna|spa|1\n|-boost|p2a: Magearna|spd|1\n|\n|-heal|p2a: Magearna|73\/100 brn|[from] item: Leftovers\n|-heal|p1a: Biyomon|59\/100|[from] item: Leftovers\n|-damage|p2a: Magearna|67\/100 brn|[from] brn\n|upkeep\n|turn|43\n|\n|move|p1a: Biyomon|Protect|p1a: Biyomon\n|-singleturn|p1a: Biyomon|Protect\n|move|p2a: Magearna|Flash Cannon|p1a: Biyomon\n|-activate|p1a: Biyomon|move: Protect\n|\n|-heal|p2a: Magearna|73\/100 brn|[from] item: Leftovers\n|-heal|p1a: Biyomon|65\/100|[from] item: Leftovers\n|-damage|p2a: Magearna|67\/100 brn|[from] brn\n|upkeep\n|turn|44\n|\n|move|p2a: Magearna|Flash Cannon|p1a: Biyomon\n|-supereffective|p1a: Biyomon\n|-damage|p1a: Biyomon|0 fnt\n|faint|p1a: Biyomon\n|-ability|p2a: Magearna|Soul-Heart|boost\n|-boost|p2a: Magearna|spa|1\n|\n|-heal|p2a: Magearna|73\/100 brn|[from] item: Leftovers\n|-damage|p2a: Magearna|67\/100 brn|[from] brn\n|upkeep\n|\n|switch|p1a: Gatomon|Quagsire, F, shiny|69\/100\n|turn|45\n|\n|move|p2a: Magearna|Flash Cannon|p1a: Gatomon\n|-resisted|p1a: Gatomon\n|-damage|p1a: Gatomon|42\/100\n|move|p1a: Gatomon|Recover|p1a: Gatomon\n|-heal|p1a: Gatomon|92\/100\n|\n|-heal|p2a: Magearna|73\/100 brn|[from] item: Leftovers\n|-heal|p1a: Gatomon|98\/100|[from] item: Leftovers\n|-damage|p2a: Magearna|67\/100 brn|[from] brn\n|upkeep\n|turn|46\n|\n|switch|p2a: Seismitoad|Seismitoad, M|89\/100\n|move|p1a: Gatomon|Earthquake|p2a: Seismitoad\n|-damage|p2a: Seismitoad|69\/100\n|\n|-heal|p2a: Seismitoad|75\/100|[from] item: Leftovers\n|-heal|p1a: Gatomon|100\/100|[from] item: Leftovers\n|upkeep\n|turn|47\n|\n|move|p2a: Seismitoad|Stealth Rock|p1a: Gatomon\n|-sidestart|p1: READY SET STALL!!!|move: Stealth Rock\n|move|p1a: Gatomon|Toxic|p2a: Seismitoad\n|-status|p2a: Seismitoad|tox\n|\n|-heal|p2a: Seismitoad|81\/100 tox|[from] item: Leftovers\n|-damage|p2a: Seismitoad|75\/100 tox|[from] psn\n|upkeep\n|turn|48\n|\n|switch|p1a: Andromon|Mew, shiny|100\/100\n|-damage|p1a: Andromon|88\/100|[from] Stealth Rock\n|move|p2a: Seismitoad|Toxic|p1a: Andromon\n|-status|p1a: Andromon|tox\n|-activate|p1a: Andromon|ability: Synchronize\n|-fail|p2a: Seismitoad|tox\n|\n|-heal|p2a: Seismitoad|81\/100 tox|[from] item: Leftovers\n|-damage|p1a: Andromon|82\/100 tox|[from] psn\n|-damage|p2a: Seismitoad|69\/100 tox|[from] psn\n|upkeep\n|turn|49\n|\n|switch|p2a: Dragapult|Dragapult, M|100\/100\n|move|p1a: Andromon|Defog|p2a: Dragapult\n|-fail|p2a: Dragapult|unboost|[from] ability: Clear Body|[of] p2a: Dragapult\n|-sideend|p1: READY SET STALL!!!|Stealth Rock|[from] move: Defog|[of] p1a: Andromon\n|\n|-damage|p1a: Andromon|70\/100 tox|[from] psn\n|upkeep\n|turn|50\n|\n|switch|p1a: Greymon|Chansey, F, shiny|65\/100\n|move|p2a: Dragapult|U-turn|p1a: Greymon\n|-damage|p1a: Greymon|54\/100\n|\n|switch|p2a: Terrakion|Terrakion|100\/100|[from]move: U-turn\n|\n|upkeep\n|turn|51\n|\n|switch|p1a: Angemon|Corviknight, M, shiny|100\/100\n|-ability|p1a: Angemon|Pressure\n|move|p2a: Terrakion|Close Combat|p1a: Angemon\n|-damage|p1a: Angemon|66\/100\n|-unboost|p2a: Terrakion|def|1\n|-unboost|p2a: Terrakion|spd|1\n|\n|upkeep\n|turn|52\n|\n|switch|p2a: Dragapult|Dragapult, M|100\/100\n|move|p1a: Angemon|Roost|p1a: Angemon\n|-heal|p1a: Angemon|100\/100\n|-singleturn|p1a: Angemon|move: Roost\n|\n|upkeep\n|turn|53\n|\n|switch|p1a: Gatomon|Quagsire, F, shiny|100\/100\n|move|p2a: Dragapult|U-turn|p1a: Gatomon\n|-damage|p1a: Gatomon|88\/100\n|\n|switch|p2a: Seismitoad|Seismitoad, M|69\/100 tox|[from]move: U-turn\n|\n|-heal|p2a: Seismitoad|75\/100 tox|[from] item: Leftovers\n|-heal|p1a: Gatomon|94\/100|[from] item: Leftovers\n|-damage|p2a: Seismitoad|69\/100 tox|[from] psn\n|upkeep\n|turn|54\n|\n|move|p2a: Seismitoad|Stealth Rock|p1a: Gatomon\n|-sidestart|p1: READY SET STALL!!!|move: Stealth Rock\n|move|p1a: Gatomon|Earthquake|p2a: Seismitoad\n|-damage|p2a: Seismitoad|46\/100 tox\n|\n|-heal|p2a: Seismitoad|52\/100 tox|[from] item: Leftovers\n|-heal|p1a: Gatomon|99\/100|[from] item: Leftovers\n|-damage|p2a: Seismitoad|40\/100 tox|[from] psn\n|upkeep\n|turn|55\n|\n|switch|p1a: Andromon|Mew, shiny|70\/100 tox\n|-damage|p1a: Andromon|57\/100 tox|[from] Stealth Rock\n|move|p2a: Seismitoad|Scald|p1a: Andromon\n|-damage|p1a: Andromon|35\/100 tox\n|\n|-heal|p2a: Seismitoad|46\/100 tox|[from] item: Leftovers\n|-damage|p1a: Andromon|29\/100 tox|[from] psn\n|-damage|p2a: Seismitoad|28\/100 tox|[from] psn\n|upkeep\n|turn|56\n|\n|switch|p2a: Dragapult|Dragapult, M|100\/100\n|move|p1a: Andromon|Defog|p2a: Dragapult\n|-fail|p2a: Dragapult|unboost|[from] ability: Clear Body|[of] p2a: Dragapult\n|-sideend|p1: READY SET STALL!!!|Stealth Rock|[from] move: Defog|[of] p1a: Andromon\n|\n|-damage|p1a: Andromon|17\/100 tox|[from] psn\n|upkeep\n|turn|57\n|\n|switch|p1a: Angemon|Corviknight, M, shiny|100\/100\n|-ability|p1a: Angemon|Pressure\n|move|p2a: Dragapult|U-turn|p1a: Angemon\n|-resisted|p1a: Angemon\n|-damage|p1a: Angemon|98\/100\n|\n|switch|p2a: Magearna|Magearna|67\/100 brn|[from]move: U-turn\n|\n|-heal|p2a: Magearna|73\/100 brn|[from] item: Leftovers\n|-damage|p2a: Magearna|67\/100 brn|[from] brn\n|upkeep\n|turn|58\n|\n|switch|p1a: Greymon|Chansey, F, shiny|54\/100\n|move|p2a: Magearna|Thunderbolt|p1a: Greymon\n|-damage|p1a: Greymon|44\/100\n|\n|-heal|p2a: Magearna|73\/100 brn|[from] item: Leftovers\n|-damage|p2a: Magearna|67\/100 brn|[from] brn\n|upkeep\n|turn|59\n|-message|Burnt Bright forfeited.\n|\n|win|READY SET STALL!!!\n|l|\u2606Burnt Bright\n||Ladder (probably) updated, but score could not be retrieved (Request timeout).\n|l| FcknPunk\n","uploadtime":1592682545,"views":23,"p1id":"readysetstall","p2id":"burntbright","formatid":"gen8ou","rating":0,"private":0,"password":null}