{"id":"gen8nationaldex-1390750825","p1":"RTSG tests","p2":"NDLT2XLT Milotic","format":"gen8nationaldex","log":"|raw|<div class=\"broadcast-blue\"><strong>This battle is required to be public due to a player having a name starting with 'ndlt2xlt'.<\/div>\n|j|\u2606RTSG tests\n|j|\u2606NDLT2XLT Milotic\n|t:|1628175568\n|gametype|singles\n|player|p1|RTSG tests|birdkeeper|1631\n|player|p2|NDLT2XLT Milotic|yellow|1658\n|teamsize|p1|6\n|teamsize|p2|6\n|gen|8\n|tier|[Gen 8] National Dex\n|rated|\n|rule|HP Percentage Mod: HP is shown in percentages\n|rule|Endless Battle Clause: Forcing endless battles is banned\n|rule|OHKO Clause: OHKO moves are banned\n|rule|Evasion Moves Clause: Evasion moves are banned\n|rule|Species Clause: Limit one of each Pok\u00e9mon\n|rule|Dynamax Clause: You cannot dynamax\n|rule|Sleep Clause Mod: Limit one foe put to sleep\n|clearpoke\n|poke|p1|Sceptile, M|\n|poke|p1|Feraligatr, M|\n|poke|p1|Infernape, M|\n|poke|p1|Latios, M|\n|poke|p1|Thundurus-Therian, M|\n|poke|p1|Copperajah, F|\n|poke|p2|Garchomp, M|\n|poke|p2|Toxapex, M|\n|poke|p2|Diancie|\n|poke|p2|Corviknight, F|\n|poke|p2|Rillaboom, F|\n|poke|p2|Magnezone|\n|teampreview\n|inactive|Battle timer is ON: inactive players will automatically lose when time's up. (requested by NDLT2XLT Milotic)\n|j| aimcrazygirl\n|\n|t:|1628175582\n|start\n|switch|p1a: Per|Feraligatr, M|100\/100\n|switch|p2a: Diancie|Diancie, shiny|100\/100\n|turn|1\n|l| aimcrazygirl\n|\n|t:|1628175590\n|detailschange|p2a: Diancie|Diancie-Mega, shiny\n|-mega|p2a: Diancie|Diancie|Diancite\n|move|p2a: Diancie|Protect|p2a: Diancie\n|-singleturn|p2a: Diancie|Protect\n|move|p1a: Per|Liquidation|p2a: Diancie\n|-activate|p2a: Diancie|move: Protect\n|\n|upkeep\n|turn|2\n|\n|t:|1628175599\n|switch|p2a: Corviknight|Corviknight, F|100\/100\n|-ability|p2a: Corviknight|Pressure\n|switch|p1a: Schlau Pires|Latios, M|100\/100\n|\n|upkeep\n|turn|3\n|\n|t:|1628175612\n|switch|p1a: Santi|Infernape, M|100\/100\n|switch|p2a: Garchomp|Garchomp, M|100\/100\n|\n|upkeep\n|turn|4\n|\n|t:|1628175617\n|move|p1a: Santi|Close Combat|p2a: Garchomp\n|-damage|p2a: Garchomp|32\/100\n|-unboost|p1a: Santi|def|1\n|-unboost|p1a: Santi|spd|1\n|-damage|p1a: Santi|88\/100|[from] ability: Rough Skin|[of] p2a: Garchomp\n|-damage|p1a: Santi|78\/100|[from] item: Life Orb\n|move|p2a: Garchomp|Earthquake|p1a: Santi\n|-supereffective|p1a: Santi\n|-damage|p1a: Santi|0 fnt\n|faint|p1a: Santi\n|\n|upkeep\n|\n|t:|1628175623\n|switch|p1a: Schlau Pires|Latios, M|100\/100\n|turn|5\n|\n|t:|1628175626\n|switch|p2a: Magnezone|Magnezone, shiny|100\/100\n|move|p1a: Schlau Pires|Psychic|p2a: Magnezone\n|-resisted|p2a: Magnezone\n|-damage|p2a: Magnezone|72\/100\n|\n|upkeep\n|turn|6\n|\n|t:|1628175630\n|switch|p1a: Thierry|Thundurus-Therian, M|100\/100\n|switch|p2a: Diancie|Diancie-Mega, shiny|100\/100\n|\n|upkeep\n|turn|7\n|\n|t:|1628175634\n|switch|p1a: Metall Elefant|Copperajah, F|100\/100\n|move|p2a: Diancie|Diamond Storm|p1a: Metall Elefant\n|-resisted|p1a: Metall Elefant\n|-damage|p1a: Metall Elefant|73\/100\n|-boost|p2a: Diancie|def|2\n|\n|upkeep\n|turn|8\n|\n|t:|1628175640\n|switch|p2a: Corviknight|Corviknight, F|100\/100\n|-ability|p2a: Corviknight|Pressure\n|move|p1a: Metall Elefant|Heavy Slam|p2a: Corviknight\n|-resisted|p2a: Corviknight\n|-damage|p2a: Corviknight|77\/100\n|-damage|p1a: Metall Elefant|57\/100|[from] item: Rocky Helmet|[of] p2a: Corviknight\n|\n|upkeep\n|turn|9\n|j| Devicezzz\n|\n|t:|1628175647\n|switch|p2a: Toxapex|Toxapex, M, shiny|100\/100\n|move|p1a: Metall Elefant|Stealth Rock|p2a: Toxapex\n|-sidestart|p2: NDLT2XLT Milotic|move: Stealth Rock\n|\n|upkeep\n|turn|10\n|\n|t:|1628175650\n|move|p1a: Metall Elefant|Earthquake|p2a: Toxapex\n|-supereffective|p2a: Toxapex\n|-damage|p2a: Toxapex|40\/100\n|move|p2a: Toxapex|Scald|p1a: Metall Elefant\n|-damage|p1a: Metall Elefant|39\/100\n|\n|-heal|p2a: Toxapex|46\/100|[from] item: Black Sludge\n|upkeep\n|turn|11\n|\n|t:|1628175659\n|switch|p1a: Thierry|Thundurus-Therian, M|100\/100\n|switch|p2a: Corviknight|Corviknight, F|77\/100\n|-damage|p2a: Corviknight|65\/100|[from] Stealth Rock\n|-ability|p2a: Corviknight|Pressure\n|\n|upkeep\n|turn|12\n|\n|t:|1628175667\n|switch|p2a: Magnezone|Magnezone, shiny|72\/100\n|-damage|p2a: Magnezone|66\/100|[from] Stealth Rock\n|move|p1a: Thierry|Thunderbolt|p2a: Magnezone\n|-resisted|p2a: Magnezone\n|-damage|p2a: Magnezone|29\/100\n|\n|upkeep\n|turn|13\n|\n|t:|1628175672\n|-zpower|p1a: Thierry\n|move|p1a: Thierry|All-Out Pummeling|p2a: Magnezone|[zeffect]\n|-supereffective|p2a: Magnezone\n|-damage|p2a: Magnezone|0 fnt\n|faint|p2a: Magnezone\n|\n|upkeep\n|\n|t:|1628175676\n|switch|p2a: Diancie|Diancie-Mega, shiny|100\/100\n|-damage|p2a: Diancie|88\/100|[from] Stealth Rock\n|turn|14\n|\n|t:|1628175684\n|switch|p1a: Per|Feraligatr, M|100\/100\n|move|p2a: Diancie|Diamond Storm|p1a: Per\n|-crit|p1a: Per\n|-damage|p1a: Per|19\/100\n|-boost|p2a: Diancie|def|2\n|\n|upkeep\n|turn|15\n|\n|t:|1628175687\n|move|p1a: Per|Aqua Jet|p2a: Diancie\n|-supereffective|p2a: Diancie\n|-damage|p2a: Diancie|52\/100\n|-damage|p1a: Per|9\/100|[from] item: Life Orb\n|move|p2a: Diancie|Moonblast|p1a: Per\n|-damage|p1a: Per|0 fnt\n|faint|p1a: Per\n|\n|upkeep\n|\n|t:|1628175694\n|switch|p1a: Schnell als Robben|Sceptile, M|100\/100\n|turn|16\n|\n|t:|1628175713\n|switch|p2a: Garchomp|Garchomp, M|32\/100\n|-damage|p2a: Garchomp|26\/100|[from] Stealth Rock\n|detailschange|p1a: Schnell als Robben|Sceptile-Mega, M\n|-mega|p1a: Schnell als Robben|Sceptile|Sceptilite\n|move|p1a: Schnell als Robben|Focus Blast|p2a: Garchomp\n|-damage|p2a: Garchomp|0 fnt\n|faint|p2a: Garchomp\n|\n|upkeep\n|\n|t:|1628175716\n|switch|p2a: Toxapex|Toxapex, M, shiny|79\/100\n|-damage|p2a: Toxapex|67\/100|[from] Stealth Rock\n|turn|17\n|\n|t:|1628175721\n|switch|p1a: Metall Elefant|Copperajah, F|39\/100\n|move|p2a: Toxapex|Toxic|p1a: Metall Elefant\n|-immune|p1a: Metall Elefant\n|\n|-heal|p2a: Toxapex|73\/100|[from] item: Black Sludge\n|upkeep\n|turn|18\n|\n|t:|1628175727\n|switch|p1a: Thierry|Thundurus-Therian, M|100\/100\n|switch|p2a: Corviknight|Corviknight, F|65\/100\n|-damage|p2a: Corviknight|52\/100|[from] Stealth Rock\n|-ability|p2a: Corviknight|Pressure\n|\n|upkeep\n|turn|19\n|\n|t:|1628175742\n|switch|p2a: Rillaboom|Rillaboom, F|100\/100\n|-damage|p2a: Rillaboom|88\/100|[from] Stealth Rock\n|-fieldstart|move: Grassy Terrain|[from] ability: Grassy Surge|[of] p2a: Rillaboom\n|move|p1a: Thierry|Thunderbolt|p2a: Rillaboom\n|-resisted|p2a: Rillaboom\n|-damage|p2a: Rillaboom|54\/100\n|\n|-heal|p2a: Rillaboom|60\/100|[from] Grassy Terrain\n|upkeep\n|turn|20\n|\n|t:|1628175759\n|switch|p2a: Toxapex|Toxapex, M, shiny|100\/100\n|-damage|p2a: Toxapex|88\/100|[from] Stealth Rock\n|move|p1a: Thierry|Hidden Power|p2a: Toxapex\n|-resisted|p2a: Toxapex\n|-damage|p2a: Toxapex|81\/100\n|\n|-heal|p2a: Toxapex|87\/100|[from] Grassy Terrain\n|-heal|p2a: Toxapex|93\/100|[from] item: Black Sludge\n|upkeep\n|turn|21\n|\n|t:|1628175763\n|move|p1a: Thierry|Nasty Plot|p1a: Thierry\n|-boost|p1a: Thierry|spa|2\n|move|p2a: Toxapex|Scald|p1a: Thierry\n|-damage|p1a: Thierry|79\/100\n|\n|-heal|p2a: Toxapex|99\/100|[from] Grassy Terrain\n|-heal|p2a: Toxapex|100\/100|[from] item: Black Sludge\n|upkeep\n|turn|22\n|\n|t:|1628175768\n|switch|p2a: Corviknight|Corviknight, F|52\/100\n|-damage|p2a: Corviknight|40\/100|[from] Stealth Rock\n|-ability|p2a: Corviknight|Pressure\n|move|p1a: Thierry|Thunderbolt|p2a: Corviknight\n|-supereffective|p2a: Corviknight\n|-damage|p2a: Corviknight|0 fnt\n|faint|p2a: Corviknight\n|\n|upkeep\n|\n|t:|1628175770\n|switch|p2a: Diancie|Diancie-Mega, shiny|52\/100\n|-damage|p2a: Diancie|39\/100|[from] Stealth Rock\n|turn|23\n|\n|t:|1628175786\n|switch|p1a: Metall Elefant|Copperajah, F|39\/100\n|move|p2a: Diancie|Diamond Storm|p1a: Metall Elefant\n|-resisted|p1a: Metall Elefant\n|-crit|p1a: Metall Elefant\n|-damage|p1a: Metall Elefant|0 fnt\n|-boost|p2a: Diancie|def|2\n|faint|p1a: Metall Elefant\n|\n|-heal|p2a: Diancie|45\/100|[from] Grassy Terrain\n|-fieldend|move: Grassy Terrain\n|upkeep\n|\n|t:|1628175790\n|switch|p1a: Schnell als Robben|Sceptile-Mega, M|100\/100\n|turn|24\n|\n|t:|1628175794\n|switch|p2a: Toxapex|Toxapex, M, shiny|100\/100\n|-damage|p2a: Toxapex|88\/100|[from] Stealth Rock\n|move|p1a: Schnell als Robben|Energy Ball|p2a: Toxapex\n|-damage|p2a: Toxapex|58\/100\n|\n|-heal|p2a: Toxapex|64\/100|[from] item: Black Sludge\n|upkeep\n|turn|25\n|\n|t:|1628175798\n|switch|p1a: Schlau Pires|Latios, M|100\/100\n|move|p2a: Toxapex|Toxic|p1a: Schlau Pires\n|-status|p1a: Schlau Pires|tox\n|\n|-heal|p2a: Toxapex|71\/100|[from] item: Black Sludge\n|-damage|p1a: Schlau Pires|95\/100 tox|[from] psn\n|upkeep\n|turn|26\n|\n|t:|1628175806\n|switch|p2a: Rillaboom|Rillaboom, F|60\/100\n|-damage|p2a: Rillaboom|48\/100|[from] Stealth Rock\n|-fieldstart|move: Grassy Terrain|[from] ability: Grassy Surge|[of] p2a: Rillaboom\n|move|p1a: Schlau Pires|Psychic|p2a: Rillaboom\n|-damage|p2a: Rillaboom|0 fnt\n|faint|p2a: Rillaboom\n|\n|-damage|p1a: Schlau Pires|83\/100 tox|[from] psn\n|upkeep\n|\n|t:|1628175809\n|switch|p2a: Toxapex|Toxapex, M, shiny|100\/100\n|-damage|p2a: Toxapex|88\/100|[from] Stealth Rock\n|turn|27\n|\n|t:|1628175814\n|switch|p1a: Thierry|Thundurus-Therian, M|79\/100\n|switch|p2a: Diancie|Diancie-Mega, shiny|45\/100\n|-damage|p2a: Diancie|33\/100|[from] Stealth Rock\n|\n|-heal|p2a: Diancie|39\/100|[from] Grassy Terrain\n|upkeep\n|turn|28\n|\n|t:|1628175842\n|switch|p1a: Schnell als Robben|Sceptile-Mega, M|100\/100\n|move|p2a: Diancie|Diamond Storm|p1a: Schnell als Robben\n|-damage|p1a: Schnell als Robben|24\/100\n|-boost|p2a: Diancie|def|2\n|\n|-heal|p1a: Schnell als Robben|30\/100|[from] Grassy Terrain\n|-heal|p2a: Diancie|45\/100|[from] Grassy Terrain\n|upkeep\n|turn|29\n|\n|t:|1628175845\n|switch|p2a: Toxapex|Toxapex, M, shiny|100\/100\n|-damage|p2a: Toxapex|88\/100|[from] Stealth Rock\n|move|p1a: Schnell als Robben|Energy Ball|p2a: Toxapex\n|-damage|p2a: Toxapex|49\/100\n|\n|-heal|p1a: Schnell als Robben|36\/100|[from] Grassy Terrain\n|-heal|p2a: Toxapex|55\/100|[from] Grassy Terrain\n|-heal|p2a: Toxapex|62\/100|[from] item: Black Sludge\n|upkeep\n|turn|30\n|\n|t:|1628175850\n|move|p1a: Schnell als Robben|Work Up|p1a: Schnell als Robben\n|-boost|p1a: Schnell als Robben|atk|1\n|-boost|p1a: Schnell als Robben|spa|1\n|move|p2a: Toxapex|Recover|p2a: Toxapex\n|-heal|p2a: Toxapex|100\/100\n|\n|-heal|p1a: Schnell als Robben|42\/100|[from] Grassy Terrain\n|-fieldend|move: Grassy Terrain\n|upkeep\n|turn|31\n|\n|t:|1628175853\n|move|p1a: Schnell als Robben|Energy Ball|p2a: Toxapex\n|-damage|p2a: Toxapex|49\/100\n|-unboost|p2a: Toxapex|spd|1\n|move|p2a: Toxapex|Recover|p2a: Toxapex\n|-heal|p2a: Toxapex|99\/100\n|\n|-heal|p2a: Toxapex|100\/100|[from] item: Black Sludge\n|upkeep\n|turn|32\n|\n|t:|1628175856\n|move|p1a: Schnell als Robben|Energy Ball|p2a: Toxapex\n|-damage|p2a: Toxapex|30\/100\n|move|p2a: Toxapex|Haze|p2a: Toxapex\n|-clearallboost\n|\n|-heal|p2a: Toxapex|36\/100|[from] item: Black Sludge\n|upkeep\n|turn|33\n|\n|t:|1628175860\n|move|p1a: Schnell als Robben|Energy Ball|p2a: Toxapex\n|-damage|p2a: Toxapex|5\/100\n|move|p2a: Toxapex|Recover|p2a: Toxapex\n|-heal|p2a: Toxapex|55\/100\n|\n|-heal|p2a: Toxapex|62\/100|[from] item: Black Sludge\n|upkeep\n|turn|34\n|\n|t:|1628175866\n|move|p1a: Schnell als Robben|Work Up|p1a: Schnell als Robben\n|-boost|p1a: Schnell als Robben|atk|1\n|-boost|p1a: Schnell als Robben|spa|1\n|move|p2a: Toxapex|Toxic|p1a: Schnell als Robben\n|-status|p1a: Schnell als Robben|tox\n|\n|-heal|p2a: Toxapex|68\/100|[from] item: Black Sludge\n|-damage|p1a: Schnell als Robben|36\/100 tox|[from] psn\n|upkeep\n|turn|35\n|\n|t:|1628175869\n|switch|p1a: Thierry|Thundurus-Therian, M|79\/100\n|move|p2a: Toxapex|Recover|p2a: Toxapex\n|-heal|p2a: Toxapex|100\/100\n|\n|upkeep\n|turn|36\n|\n|t:|1628175872\n|move|p1a: Thierry|Thunderbolt|p2a: Toxapex\n|-supereffective|p2a: Toxapex\n|-crit|p2a: Toxapex\n|-damage|p2a: Toxapex|11\/100\n|move|p2a: Toxapex|Toxic|p1a: Thierry\n|-status|p1a: Thierry|tox\n|\n|-heal|p2a: Toxapex|17\/100|[from] item: Black Sludge\n|-damage|p1a: Thierry|73\/100 tox|[from] psn\n|upkeep\n|turn|37\n|\n|t:|1628175886\n|switch|p2a: Diancie|Diancie-Mega, shiny|45\/100\n|-damage|p2a: Diancie|33\/100|[from] Stealth Rock\n|move|p1a: Thierry|Thunderbolt|p2a: Diancie\n|-damage|p2a: Diancie|0 fnt\n|faint|p2a: Diancie\n|\n|-damage|p1a: Thierry|61\/100 tox|[from] psn\n|upkeep\n|\n|t:|1628175888\n|switch|p2a: Toxapex|Toxapex, M, shiny|50\/100\n|-damage|p2a: Toxapex|38\/100|[from] Stealth Rock\n|turn|38\n|\n|t:|1628175891\n|move|p1a: Thierry|Thunderbolt|p2a: Toxapex\n|-supereffective|p2a: Toxapex\n|-crit|p2a: Toxapex\n|-damage|p2a: Toxapex|0 fnt\n|faint|p2a: Toxapex\n|\n|win|RTSG tests\n|raw|RTSG tests's rating: 1631 &rarr; <strong>1653<\/strong><br \/>(+22 for winning)\n|raw|NDLT2XLT Milotic's rating: 1658 &rarr; <strong>1636<\/strong><br \/>(-22 for losing)\n|l|\u2606NDLT2XLT Milotic\n","uploadtime":1628175895,"views":71,"p1id":"rtsgtests","p2id":"ndlt2xltmilotic","formatid":"gen8nationaldex","rating":1636,"private":0,"password":null}