{"id":"gen8randombattle-1706954581","p1":"unclelyston","p2":"YouaremefromWISH","format":"gen8randombattle","log":"|j|\u2606unclelyston\n|j|\u2606YouaremefromWISH\n|t:|1668035965\n|gametype|singles\n|player|p1|unclelyston|170|1669\n|player|p2|YouaremefromWISH|wally|1620\n|teamsize|p1|6\n|teamsize|p2|6\n|gen|8\n|tier|[Gen 8] Random Battle\n|rated|\n|rule|Species Clause: Limit one of each Pok\u00e9mon\n|rule|HP Percentage Mod: HP is shown in percentages\n|rule|Sleep Clause Mod: Limit one foe put to sleep\n|\n|t:|1668035965\n|start\n|switch|p1a: Sceptile|Sceptile, L86, F|261\/261\n|switch|p2a: Articuno|Articuno-Galar, L80|275\/275\n|turn|1\n|\n|t:|1668035972\n|move|p1a: Sceptile|Leech Seed|p2a: Articuno\n|-start|p2a: Articuno|move: Leech Seed\n|move|p2a: Articuno|Calm Mind|p2a: Articuno\n|-boost|p2a: Articuno|spa|1\n|-boost|p2a: Articuno|spd|1\n|\n|-damage|p2a: Articuno|241\/275|[from] Leech Seed|[of] p1a: Sceptile\n|upkeep\n|turn|2\n|\n|t:|1668035977\n|move|p1a: Sceptile|Substitute|p1a: Sceptile\n|-start|p1a: Sceptile|Substitute\n|-damage|p1a: Sceptile|196\/261\n|move|p2a: Articuno|Air Slash|p1a: Sceptile\n|-supereffective|p1a: Sceptile\n|-end|p1a: Sceptile|Substitute\n|\n|-heal|p1a: Sceptile|212\/261|[from] item: Leftovers\n|-damage|p2a: Articuno|207\/275|[from] Leech Seed|[of] p1a: Sceptile\n|-heal|p1a: Sceptile|246\/261|[silent]\n|upkeep\n|turn|3\n|\n|t:|1668035992\n|move|p1a: Sceptile|Substitute|p1a: Sceptile\n|-start|p1a: Sceptile|Substitute\n|-damage|p1a: Sceptile|181\/261\n|move|p2a: Articuno|Freezing Glare|p1a: Sceptile\n|-end|p1a: Sceptile|Substitute\n|\n|-heal|p1a: Sceptile|197\/261|[from] item: Leftovers\n|-damage|p2a: Articuno|173\/275|[from] Leech Seed|[of] p1a: Sceptile\n|-heal|p1a: Sceptile|231\/261|[silent]\n|upkeep\n|turn|4\n|\n|t:|1668036004\n|switch|p2a: Tsareena|Tsareena, L84, F|258\/258\n|move|p1a: Sceptile|Substitute|p1a: Sceptile\n|-start|p1a: Sceptile|Substitute\n|-damage|p1a: Sceptile|166\/261\n|\n|-heal|p1a: Sceptile|182\/261|[from] item: Leftovers\n|upkeep\n|turn|5\n|\n|t:|1668036016\n|switch|p1a: Toxapex|Toxapex, L82, M|216\/216\n|move|p2a: Tsareena|Rapid Spin|p1a: Toxapex\n|-damage|p1a: Toxapex|186\/216\n|-boost|p2a: Tsareena|spe|1\n|\n|-heal|p1a: Toxapex|199\/216|[from] item: Black Sludge\n|upkeep\n|turn|6\n|\n|t:|1668036027\n|switch|p2a: Beheeyem|Beheeyem, L86, F|269\/269\n|move|p1a: Toxapex|Toxic|p2a: Beheeyem\n|-status|p2a: Beheeyem|tox\n|\n|-heal|p1a: Toxapex|212\/216|[from] item: Black Sludge\n|-damage|p2a: Beheeyem|253\/269 tox|[from] psn\n|upkeep\n|turn|7\n|\n|t:|1668036041\n|switch|p2a: Crobat|Crobat, L82, F|274\/274\n|switch|p1a: Sceptile|Sceptile, L86, F|182\/261\n|\n|-heal|p1a: Sceptile|198\/261|[from] item: Leftovers\n|upkeep\n|turn|8\n|inactive|Battle timer is ON: inactive players will automatically lose when time's up. (requested by YouaremefromWISH)\n|\n|t:|1668036061\n|switch|p1a: Toxapex|Toxapex, L82, M|216\/216\n|move|p2a: Crobat|Brave Bird|p1a: Toxapex\n|-damage|p1a: Toxapex|138\/216\n|-damage|p2a: Crobat|248\/274|[from] Recoil\n|\n|-heal|p1a: Toxapex|151\/216|[from] item: Black Sludge\n|upkeep\n|turn|9\n|\n|t:|1668036070\n|switch|p2a: Beheeyem|Beheeyem, L86, F|253\/269 tox\n|move|p1a: Toxapex|Scald|p2a: Beheeyem\n|-damage|p2a: Beheeyem|204\/269 tox\n|\n|-heal|p1a: Toxapex|164\/216|[from] item: Black Sludge\n|-damage|p2a: Beheeyem|188\/269 tox|[from] psn\n|upkeep\n|turn|10\n|\n|t:|1668036083\n|switch|p1a: Sceptile|Sceptile, L86, F|198\/261\n|move|p2a: Beheeyem|Psychic|p1a: Sceptile\n|-damage|p1a: Sceptile|0 fnt\n|faint|p1a: Sceptile\n|\n|-damage|p2a: Beheeyem|156\/269 tox|[from] psn\n|upkeep\n|inactive|unclelyston has 120 seconds left.\n|\n|t:|1668036126\n|switch|p1a: Grimmsnarl|Grimmsnarl, L82, M|290\/290\n|turn|11\n|\n|t:|1668036139\n|switch|p2a: Crobat|Crobat, L82, F|248\/274\n|move|p1a: Grimmsnarl|Darkest Lariat|p2a: Crobat\n|-damage|p2a: Crobat|134\/274\n|\n|upkeep\n|turn|12\n|\n|t:|1668036149\n|switch|p1a: Toxapex|Toxapex, L82, M|216\/216\n|move|p2a: Crobat|Super Fang|p1a: Toxapex|[miss]\n|-miss|p2a: Crobat|p1a: Toxapex\n|\n|upkeep\n|turn|13\n|\n|t:|1668036170\n|move|p2a: Crobat|Roost|p2a: Crobat\n|-heal|p2a: Crobat|271\/274\n|-singleturn|p2a: Crobat|move: Roost\n|move|p1a: Toxapex|Scald|p2a: Crobat\n|-damage|p2a: Crobat|211\/274\n|\n|upkeep\n|turn|14\n|\n|t:|1668036186\n|move|p2a: Crobat|Super Fang|p1a: Toxapex\n|-damage|p1a: Toxapex|108\/216\n|move|p1a: Toxapex|Scald|p2a: Crobat\n|-damage|p2a: Crobat|157\/274\n|-status|p2a: Crobat|brn\n|\n|-heal|p1a: Toxapex|121\/216|[from] item: Black Sludge\n|-damage|p2a: Crobat|140\/274 brn|[from] brn\n|upkeep\n|turn|15\n|\n|t:|1668036201\n|switch|p2a: Regice|Regice, L84|271\/271\n|move|p1a: Toxapex|Recover|p1a: Toxapex\n|-heal|p1a: Toxapex|216\/216\n|\n|upkeep\n|turn|16\n|\n|t:|1668036208\n|move|p2a: Regice|Thunderbolt|p1a: Toxapex\n|-supereffective|p1a: Toxapex\n|-damage|p1a: Toxapex|126\/216\n|-status|p1a: Toxapex|par\n|move|p1a: Toxapex|Toxic|p2a: Regice\n|-status|p2a: Regice|tox\n|\n|-heal|p1a: Toxapex|139\/216 par|[from] item: Black Sludge\n|-damage|p2a: Regice|255\/271 tox|[from] psn\n|upkeep\n|turn|17\n|inactive|unclelyston has 120 seconds left.\n|\n|t:|1668036236\n|switch|p2a: Articuno|Articuno-Galar, L80|173\/275\n|cant|p1a: Toxapex|par\n|\n|-heal|p1a: Toxapex|152\/216 par|[from] item: Black Sludge\n|upkeep\n|turn|18\n|\n|t:|1668036245\n|move|p2a: Articuno|Air Slash|p1a: Toxapex\n|-damage|p1a: Toxapex|88\/216 par\n|move|p1a: Toxapex|Toxic|p2a: Articuno\n|-status|p2a: Articuno|tox\n|\n|-heal|p1a: Toxapex|101\/216 par|[from] item: Black Sludge\n|-damage|p2a: Articuno|156\/275 tox|[from] psn\n|upkeep\n|turn|19\n|\n|t:|1668036257\n|switch|p1a: Grimmsnarl|Grimmsnarl, L82, M|290\/290\n|move|p2a: Articuno|Recover|p2a: Articuno\n|-heal|p2a: Articuno|275\/275 tox\n|\n|-damage|p2a: Articuno|241\/275 tox|[from] psn\n|upkeep\n|turn|20\n|inactive|unclelyston has 90 seconds left.\n|\n|t:|1668036287\n|switch|p2a: Regice|Regice, L84|255\/271 tox\n|move|p1a: Grimmsnarl|Bulk Up|p1a: Grimmsnarl\n|-boost|p1a: Grimmsnarl|atk|1\n|-boost|p1a: Grimmsnarl|def|1\n|\n|-heal|p2a: Regice|271\/271 tox|[from] item: Leftovers\n|-damage|p2a: Regice|255\/271 tox|[from] psn\n|upkeep\n|turn|21\n|inactive|unclelyston has 90 seconds left.\n|\n|t:|1668036297\n|move|p1a: Grimmsnarl|Bulk Up|p1a: Grimmsnarl\n|-boost|p1a: Grimmsnarl|atk|1\n|-boost|p1a: Grimmsnarl|def|1\n|move|p2a: Regice|Ice Beam|p1a: Grimmsnarl\n|-damage|p1a: Grimmsnarl|185\/290\n|\n|-heal|p2a: Regice|271\/271 tox|[from] item: Leftovers\n|-damage|p2a: Regice|239\/271 tox|[from] psn\n|upkeep\n|turn|22\n|\n|t:|1668036309\n|switch|p2a: Crobat|Crobat, L82, F|140\/274 brn\n|move|p1a: Grimmsnarl|Darkest Lariat|p2a: Crobat\n|-damage|p2a: Crobat|0 fnt\n|faint|p2a: Crobat\n|\n|upkeep\n|\n|t:|1668036312\n|switch|p2a: Ditto|Ditto, L76|198\/198\n|-transform|p2a: Ditto|p1a: Grimmsnarl|[from] ability: Imposter\n|turn|23\n|\n|t:|1668036328\n|move|p1a: Grimmsnarl|Rest|p1a: Grimmsnarl\n|-status|p1a: Grimmsnarl|slp|[from] move: Rest\n|-heal|p1a: Grimmsnarl|290\/290 slp|[silent]\n|-enditem|p1a: Grimmsnarl|Chesto Berry|[eat]\n|-curestatus|p1a: Grimmsnarl|slp|[msg]\n|move|p2a: Ditto|Play Rough|p1a: Grimmsnarl\n|-supereffective|p1a: Grimmsnarl\n|-damage|p1a: Grimmsnarl|26\/290\n|\n|upkeep\n|turn|24\n|inactive|unclelyston has 90 seconds left.\n|\n|t:|1668036344\n|switch|p1a: Toxapex|Toxapex, L82, M|173\/216 par\n|move|p2a: Ditto|Play Rough|p1a: Toxapex\n|-resisted|p1a: Toxapex\n|-damage|p1a: Toxapex|109\/216 par\n|\n|-heal|p1a: Toxapex|122\/216 par|[from] item: Black Sludge\n|upkeep\n|turn|25\n|\n|t:|1668036352\n|switch|p2a: Regice|Regice, L84|239\/271 tox\n|move|p1a: Toxapex|Baneful Bunker||[still]\n|-fail|p1a: Toxapex\n|\n|-heal|p2a: Regice|255\/271 tox|[from] item: Leftovers\n|-heal|p1a: Toxapex|135\/216 par|[from] item: Black Sludge\n|-damage|p2a: Regice|239\/271 tox|[from] psn\n|upkeep\n|turn|26\n|\n|t:|1668036365\n|move|p2a: Regice|Thunderbolt|p1a: Toxapex\n|-supereffective|p1a: Toxapex\n|-damage|p1a: Toxapex|37\/216 par\n|move|p1a: Toxapex|Recover|p1a: Toxapex\n|-heal|p1a: Toxapex|145\/216 par\n|\n|-heal|p2a: Regice|255\/271 tox|[from] item: Leftovers\n|-heal|p1a: Toxapex|158\/216 par|[from] item: Black Sludge\n|-damage|p2a: Regice|223\/271 tox|[from] psn\n|upkeep\n|turn|27\n|c|\u2606YouaremefromWISH|what in the stall\n|\n|t:|1668036389\n|move|p2a: Regice|Rest|p2a: Regice\n|-status|p2a: Regice|slp|[from] move: Rest\n|-heal|p2a: Regice|271\/271 slp|[silent]\n|move|p1a: Toxapex|Scald|p2a: Regice\n|-damage|p2a: Regice|246\/271 slp\n|\n|-heal|p2a: Regice|262\/271 slp|[from] item: Leftovers\n|-heal|p1a: Toxapex|171\/216 par|[from] item: Black Sludge\n|upkeep\n|turn|28\n|\n|t:|1668036400\n|switch|p2a: Articuno|Articuno-Galar, L80|241\/275 tox\n|switch|p1a: Grimmsnarl|Grimmsnarl, L82, M|26\/290\n|\n|-damage|p2a: Articuno|224\/275 tox|[from] psn\n|upkeep\n|turn|29\n|\n|t:|1668036408\n|move|p1a: Grimmsnarl|Rest|p1a: Grimmsnarl\n|-status|p1a: Grimmsnarl|slp|[from] move: Rest\n|-heal|p1a: Grimmsnarl|290\/290 slp|[silent]\n|move|p2a: Articuno|Air Slash|p1a: Grimmsnarl\n|-damage|p1a: Grimmsnarl|184\/290 slp\n|\n|-damage|p2a: Articuno|190\/275 tox|[from] psn\n|upkeep\n|turn|30\n|\n|t:|1668036416\n|move|p2a: Articuno|Calm Mind|p2a: Articuno\n|-boost|p2a: Articuno|spa|1\n|-boost|p2a: Articuno|spd|1\n|cant|p1a: Grimmsnarl|slp\n|\n|-damage|p2a: Articuno|139\/275 tox|[from] psn\n|upkeep\n|turn|31\n|\n|t:|1668036423\n|move|p2a: Articuno|Air Slash|p1a: Grimmsnarl\n|-damage|p1a: Grimmsnarl|30\/290 slp\n|cant|p1a: Grimmsnarl|slp\n|\n|-damage|p2a: Articuno|71\/275 tox|[from] psn\n|upkeep\n|turn|32\n|inactive|unclelyston has 120 seconds left.\n|\n|t:|1668036435\n|-curestatus|p1a: Grimmsnarl|slp|[msg]\n|move|p1a: Grimmsnarl|Rest|p1a: Grimmsnarl\n|-status|p1a: Grimmsnarl|slp|[from] move: Rest\n|-heal|p1a: Grimmsnarl|290\/290 slp|[silent]\n|move|p2a: Articuno|Air Slash|p1a: Grimmsnarl\n|-damage|p1a: Grimmsnarl|142\/290 slp\n|\n|-damage|p2a: Articuno|0 fnt|[from] psn\n|faint|p2a: Articuno\n|upkeep\n|\n|t:|1668036442\n|switch|p2a: Tsareena|Tsareena, L84, F|258\/258\n|turn|33\n|\n|t:|1668036453\n|move|p2a: Tsareena|Power Whip|p1a: Grimmsnarl\n|-damage|p1a: Grimmsnarl|0 fnt\n|faint|p1a: Grimmsnarl\n|\n|upkeep\n|c|\u2606YouaremefromWISH|finally\n|\n|t:|1668036461\n|switch|p1a: Toxapex|Toxapex, L82, M|216\/216 par\n|turn|34\n|\n|t:|1668036467\n|switch|p2a: Regice|Regice, L84|262\/271 slp\n|cant|p1a: Toxapex|par\n|\n|-heal|p2a: Regice|271\/271 slp|[from] item: Leftovers\n|upkeep\n|turn|35\n|\n|t:|1668036472\n|switch|p1a: Comfey|Comfey, L86, F|228\/228\n|cant|p2a: Regice|slp\n|\n|upkeep\n|turn|36\n|\n|t:|1668036484\n|switch|p2a: Tsareena|Tsareena, L84, F|258\/258\n|move|p1a: Comfey|Trick|p2a: Tsareena\n|-activate|p1a: Comfey|move: Trick|[of] p2a: Tsareena\n|-item|p2a: Tsareena|Choice Specs|[from] move: Trick\n|-item|p1a: Comfey|Assault Vest|[from] move: Trick\n|\n|upkeep\n|turn|37\n|\n|t:|1668036495\n|move|p1a: Comfey|U-turn|p2a: Tsareena\n|-supereffective|p2a: Tsareena\n|-damage|p2a: Tsareena|196\/258\n|\n|t:|1668036504\n|switch|p1a: Toxapex|Toxapex, L82, M|216\/216 par\n|move|p2a: Tsareena|Power Whip|p1a: Toxapex\n|-damage|p1a: Toxapex|119\/216 par\n|\n|-heal|p1a: Toxapex|132\/216 par|[from] item: Black Sludge\n|upkeep\n|turn|38\n|\n|t:|1668036514\n|switch|p2a: Regice|Regice, L84|271\/271 slp\n|move|p1a: Toxapex|Recover|p1a: Toxapex\n|-heal|p1a: Toxapex|216\/216 par\n|\n|upkeep\n|turn|39\n|\n|t:|1668036520\n|switch|p1a: Comfey|Comfey, L86, F|228\/228\n|cant|p2a: Regice|slp\n|move|p2a: Regice|Sleep Talk|p2a: Regice\n|move|p2a: Regice|Rest||[from]move: Sleep Talk|[still]\n|-fail|p2a: Regice\n|\n|upkeep\n|turn|40\n|\n|t:|1668036526\n|switch|p2a: Tsareena|Tsareena, L84, F|196\/258\n|move|p1a: Comfey|Giga Drain||[still]\n|cant|p2a: Tsareena|ability: Queenly Majesty|Giga Drain|[of] p1a: Comfey\n|\n|upkeep\n|turn|41\n|\n|t:|1668036533\n|move|p1a: Comfey|U-turn|p2a: Tsareena\n|-supereffective|p2a: Tsareena\n|-damage|p2a: Tsareena|138\/258\n|\n|t:|1668036539\n|switch|p1a: Vikavolt|Vikavolt, L82, F|260\/260\n|move|p2a: Tsareena|Power Whip|p1a: Vikavolt\n|-resisted|p1a: Vikavolt\n|-damage|p1a: Vikavolt|190\/260\n|\n|upkeep\n|turn|42\n|\n|t:|1668036552\n|switch|p2a: Regice|Regice, L84|271\/271 slp\n|move|p1a: Vikavolt|Bug Buzz|p2a: Regice\n|-damage|p2a: Regice|205\/271 slp\n|\n|-heal|p2a: Regice|221\/271 slp|[from] item: Leftovers\n|upkeep\n|turn|43\n|\n|t:|1668036569\n|-curestatus|p2a: Regice|slp|[msg]\n|move|p2a: Regice|Ice Beam|p1a: Vikavolt\n|-damage|p1a: Vikavolt|79\/260\n|move|p1a: Vikavolt|Volt Switch|p2a: Regice\n|-damage|p2a: Regice|172\/271\n|\n|t:|1668036588\n|switch|p1a: Toxapex|Toxapex, L82, M|216\/216 par\n|\n|-heal|p2a: Regice|188\/271|[from] item: Leftovers\n|upkeep\n|turn|44\n|\n|t:|1668036593\n|move|p2a: Regice|Thunderbolt|p1a: Toxapex\n|-supereffective|p1a: Toxapex\n|-damage|p1a: Toxapex|124\/216 par\n|cant|p1a: Toxapex|par\n|\n|-heal|p2a: Regice|204\/271|[from] item: Leftovers\n|-heal|p1a: Toxapex|137\/216 par|[from] item: Black Sludge\n|upkeep\n|turn|45\n|\n|t:|1668036598\n|move|p2a: Regice|Thunderbolt|p1a: Toxapex\n|-supereffective|p1a: Toxapex\n|-damage|p1a: Toxapex|41\/216 par\n|move|p1a: Toxapex|Toxic|p2a: Regice\n|-status|p2a: Regice|tox\n|\n|-heal|p2a: Regice|220\/271 tox|[from] item: Leftovers\n|-heal|p1a: Toxapex|54\/216 par|[from] item: Black Sludge\n|-damage|p2a: Regice|204\/271 tox|[from] psn\n|upkeep\n|turn|46\n|\n|t:|1668036605\n|move|p2a: Regice|Thunderbolt|p1a: Toxapex\n|-supereffective|p1a: Toxapex\n|-damage|p1a: Toxapex|0 fnt\n|faint|p1a: Toxapex\n|\n|-heal|p2a: Regice|220\/271 tox|[from] item: Leftovers\n|-damage|p2a: Regice|188\/271 tox|[from] psn\n|upkeep\n|\n|t:|1668036616\n|switch|p1a: Comfey|Comfey, L86, F|228\/228\n|turn|47\n|\n|t:|1668036622\n|switch|p2a: Beheeyem|Beheeyem, L86, F|156\/269 tox\n|move|p1a: Comfey|Draining Kiss|p2a: Beheeyem\n|-damage|p2a: Beheeyem|108\/269 tox\n|\n|-damage|p2a: Beheeyem|92\/269 tox|[from] psn\n|upkeep\n|turn|48\n|\n|t:|1668036629\n|move|p1a: Comfey|U-turn|p2a: Beheeyem\n|-supereffective|p2a: Beheeyem\n|-damage|p2a: Beheeyem|22\/269 tox\n|\n|t:|1668036631\n|switch|p1a: Vikavolt|Vikavolt, L82, F|79\/260\n|move|p2a: Beheeyem|Psychic|p1a: Vikavolt\n|-damage|p1a: Vikavolt|0 fnt\n|faint|p1a: Vikavolt\n|\n|-damage|p2a: Beheeyem|0 fnt|[from] psn\n|faint|p2a: Beheeyem\n|upkeep\n|\n|t:|1668036641\n|switch|p2a: Tsareena|Tsareena, L84, F|138\/258\n|switch|p1a: Salamence|Salamence, L76, F|269\/269\n|turn|49\n|\n|t:|1668036661\n|move|p1a: Salamence|Dual Wingbeat|p2a: Tsareena\n|-supereffective|p2a: Tsareena\n|-damage|p2a: Tsareena|52\/258\n|-supereffective|p2a: Tsareena\n|-damage|p2a: Tsareena|0 fnt\n|faint|p2a: Tsareena\n|-ability|p1a: Salamence|Moxie|boost\n|-boost|p1a: Salamence|atk|1\n|-hitcount|p2: Tsareena|2\n|\n|upkeep\n|\n|t:|1668036664\n|switch|p2a: Regice|Regice, L84|188\/271 tox\n|turn|50\n|\n|t:|1668036682\n|switch|p1a: Comfey|Comfey, L86, F|228\/228\n|-start|p2a: Regice|Dynamax|\n|-heal|p2a: Regice|376\/542 tox|[silent]\n|move|p2a: Regice|Max Hailstorm|p1a: Comfey\n|-damage|p1a: Comfey|152\/228\n|-weather|Hail\n|\n|-weather|Hail|[upkeep]\n|-damage|p1a: Comfey|138\/228|[from] Hail\n|-heal|p2a: Regice|392\/542 tox|[from] item: Leftovers\n|-damage|p2a: Regice|376\/542 tox|[from] psn\n|upkeep\n|turn|51\n|\n|t:|1668036695\n|move|p2a: Regice|Max Guard|p2a: Regice\n|-singleturn|p2a: Regice|Max Guard\n|move|p1a: Comfey|Draining Kiss|p2a: Regice\n|-activate|p2a: Regice|move: Max Guard\n|\n|-weather|Hail|[upkeep]\n|-damage|p1a: Comfey|124\/228|[from] Hail\n|-heal|p2a: Regice|392\/542 tox|[from] item: Leftovers\n|-damage|p2a: Regice|360\/542 tox|[from] psn\n|upkeep\n|turn|52\n|\n|t:|1668036703\n|-end|p2a: Regice|Dynamax\n|-heal|p2a: Regice|180\/271 tox|[silent]\n|switch|p2a: Ditto|Ditto, L76|198\/198\n|-transform|p2a: Ditto|p1a: Comfey|[from] ability: Imposter\n|move|p1a: Comfey|Draining Kiss|p2a: Ditto\n|-crit|p2a: Ditto\n|-damage|p2a: Ditto|131\/198\n|-heal|p1a: Comfey|174\/228|[from] drain|[of] p2a: Ditto\n|\n|-weather|Hail|[upkeep]\n|-damage|p2a: Ditto|119\/198|[from] Hail\n|-damage|p1a: Comfey|160\/228|[from] Hail\n|upkeep\n|turn|53\n|\n|t:|1668036721\n|move|p1a: Comfey|Draining Kiss|p2a: Ditto\n|-damage|p2a: Ditto|76\/198\n|-heal|p1a: Comfey|192\/228|[from] drain|[of] p2a: Ditto\n|move|p2a: Ditto|U-turn|p1a: Comfey\n|-resisted|p1a: Comfey\n|-damage|p1a: Comfey|177\/228\n|\n|t:|1668036725\n|switch|p2a: Regice|Regice, L84|180\/271 tox\n|\n|-weather|Hail|[upkeep]\n|-damage|p1a: Comfey|163\/228|[from] Hail\n|-heal|p2a: Regice|196\/271 tox|[from] item: Leftovers\n|-damage|p2a: Regice|180\/271 tox|[from] psn\n|upkeep\n|turn|54\n|\n|t:|1668036731\n|move|p1a: Comfey|Draining Kiss|p2a: Regice\n|-damage|p2a: Regice|153\/271 tox\n|-heal|p1a: Comfey|183\/228|[from] drain|[of] p2a: Regice\n|move|p2a: Regice|Rest|p2a: Regice\n|-status|p2a: Regice|slp|[from] move: Rest\n|-heal|p2a: Regice|271\/271 slp|[silent]\n|\n|-weather|none\n|upkeep\n|turn|55\n|\n|t:|1668036740\n|move|p1a: Comfey|U-turn|p2a: Regice\n|-damage|p2a: Regice|242\/271 slp\n|\n|t:|1668036742\n|switch|p1a: Salamence|Salamence, L76, F|269\/269\n|cant|p2a: Regice|slp\n|move|p2a: Regice|Sleep Talk|p2a: Regice\n|move|p2a: Regice|Thunderbolt|p1a: Salamence|[from]move: Sleep Talk\n|-damage|p1a: Salamence|190\/269\n|\n|-heal|p2a: Regice|258\/271 slp|[from] item: Leftovers\n|upkeep\n|turn|56\n|\n|t:|1668036749\n|move|p1a: Salamence|Outrage|p2a: Regice\n|-damage|p2a: Regice|129\/271 slp\n|cant|p2a: Regice|slp\n|move|p2a: Regice|Sleep Talk|p2a: Regice\n|move|p2a: Regice|Ice Beam|p1a: Salamence|[from]move: Sleep Talk\n|-supereffective|p1a: Salamence\n|-damage|p1a: Salamence|0 fnt\n|faint|p1a: Salamence\n|\n|-heal|p2a: Regice|145\/271 slp|[from] item: Leftovers\n|upkeep\n|\n|t:|1668036752\n|switch|p1a: Comfey|Comfey, L86, F|183\/228\n|turn|57\n|\n|t:|1668036757\n|move|p1a: Comfey|Draining Kiss|p2a: Regice\n|-damage|p2a: Regice|121\/271 slp\n|-heal|p1a: Comfey|201\/228|[from] drain|[of] p2a: Regice\n|-curestatus|p2a: Regice|slp|[msg]\n|move|p2a: Regice|Rest|p2a: Regice\n|-status|p2a: Regice|slp|[from] move: Rest\n|-heal|p2a: Regice|271\/271 slp|[silent]\n|\n|upkeep\n|turn|58\n|\n|t:|1668036764\n|move|p1a: Comfey|Draining Kiss|p2a: Regice\n|-damage|p2a: Regice|247\/271 slp\n|-heal|p1a: Comfey|219\/228|[from] drain|[of] p2a: Regice\n|cant|p2a: Regice|slp\n|move|p2a: Regice|Sleep Talk|p2a: Regice\n|move|p2a: Regice|Thunderbolt|p1a: Comfey|[from]move: Sleep Talk\n|-damage|p1a: Comfey|180\/228\n|\n|-heal|p2a: Regice|263\/271 slp|[from] item: Leftovers\n|upkeep\n|turn|59\n|\n|t:|1668036774\n|move|p1a: Comfey|Draining Kiss|p2a: Regice\n|-damage|p2a: Regice|236\/271 slp\n|-heal|p1a: Comfey|200\/228|[from] drain|[of] p2a: Regice\n|cant|p2a: Regice|slp\n|\n|-heal|p2a: Regice|252\/271 slp|[from] item: Leftovers\n|upkeep\n|turn|60\n|c|\u2606YouaremefromWISH|assualt vest lmao\n|\n|t:|1668036791\n|-start|p1a: Comfey|Dynamax|\n|-heal|p1a: Comfey|400\/456|[silent]\n|move|p1a: Comfey|Max Starfall|p2a: Regice\n|-damage|p2a: Regice|197\/271 slp\n|-fieldstart|move: Misty Terrain\n|-curestatus|p2a: Regice|slp|[msg]\n|move|p2a: Regice|Ice Beam|p1a: Comfey\n|-damage|p1a: Comfey|349\/456\n|\n|-heal|p2a: Regice|213\/271|[from] item: Leftovers\n|upkeep\n|turn|61\n|c|\u2606YouaremefromWISH|going for the freeze\n|\n|t:|1668036802\n|move|p1a: Comfey|Max Starfall|p2a: Regice\n|-damage|p2a: Regice|164\/271\n|move|p2a: Regice|Ice Beam|p1a: Comfey\n|-damage|p1a: Comfey|298\/456\n|\n|-heal|p2a: Regice|180\/271|[from] item: Leftovers\n|upkeep\n|turn|62\n|\n|t:|1668036806\n|move|p1a: Comfey|Max Starfall|p2a: Regice\n|-damage|p2a: Regice|128\/271\n|move|p2a: Regice|Ice Beam|p1a: Comfey\n|-damage|p1a: Comfey|238\/456\n|\n|-heal|p2a: Regice|144\/271|[from] item: Leftovers\n|upkeep\n|-end|p1a: Comfey|Dynamax\n|-heal|p1a: Comfey|119\/228|[silent]\n|turn|63\n|\n|t:|1668036811\n|move|p1a: Comfey|Draining Kiss|p2a: Regice\n|-damage|p2a: Regice|117\/271\n|-heal|p1a: Comfey|139\/228|[from] drain|[of] p2a: Regice\n|move|p2a: Regice|Ice Beam|p1a: Comfey\n|-damage|p1a: Comfey|88\/228\n|\n|-heal|p2a: Regice|133\/271|[from] item: Leftovers\n|upkeep\n|turn|64\n|\n|t:|1668036815\n|move|p1a: Comfey|Giga Drain|p2a: Regice\n|-damage|p2a: Regice|105\/271\n|-heal|p1a: Comfey|102\/228|[from] drain|[of] p2a: Regice\n|move|p2a: Regice|Ice Beam|p1a: Comfey\n|-damage|p1a: Comfey|48\/228\n|\n|-heal|p2a: Regice|121\/271|[from] item: Leftovers\n|-fieldend|Misty Terrain\n|upkeep\n|turn|65\n|\n|t:|1668036820\n|move|p1a: Comfey|Draining Kiss|p2a: Regice\n|-damage|p2a: Regice|96\/271\n|-heal|p1a: Comfey|67\/228|[from] drain|[of] p2a: Regice\n|move|p2a: Regice|Ice Beam|p1a: Comfey\n|-damage|p1a: Comfey|15\/228\n|-status|p1a: Comfey|frz\n|\n|-heal|p2a: Regice|112\/271|[from] item: Leftovers\n|upkeep\n|turn|66\n|c|\u2606YouaremefromWISH|gg\n|\n|t:|1668036826\n|switch|p2a: Ditto|Ditto, L76|76\/198\n|-transform|p2a: Ditto|p1a: Comfey|[from] ability: Imposter\n|cant|p1a: Comfey|frz\n|\n|upkeep\n|turn|67\n|\n|t:|1668036832\n|move|p2a: Ditto|Draining Kiss|p1a: Comfey\n|-damage|p1a: Comfey|0 fnt\n|-heal|p2a: Ditto|87\/198|[from] drain|[of] p1a: Comfey\n|faint|p1a: Comfey\n|\n|win|YouaremefromWISH\n|raw|unclelyston's rating: 1669 &rarr; <strong>1646<\/strong><br \/>(-23 for losing)\n|raw|YouaremefromWISH's rating: 1620 &rarr; <strong>1643<\/strong><br \/>(+23 for winning)\n|c|\u2606unclelyston|Gg\n","inputlog":">version 453a3ad56483cc6a5c08448f6577d394b68621b7\n>start {\"formatid\":\"gen8randombattle\",\"seed\":[66,51870,27492,43347],\"rated\":\"Rated battle\"}\n>player p1 {\"name\":\"unclelyston\",\"avatar\":\"170\",\"rating\":1669,\"seed\":[2685,39313,46851,10767]}\n>player p2 {\"name\":\"YouaremefromWISH\",\"avatar\":\"wally\",\"rating\":1620,\"seed\":[43978,23310,46142,54629]}\n>p1 move leechseed\n>p2 move calmmind\n>p1 move substitute\n>p2 move airslash\n>p1 move substitute\n>p2 move freezingglare\n>p1 move substitute\n>p2 switch 3\n>p1 switch 4\n>p2 move rapidspin\n>p1 move toxic\n>p2 switch 5\n>p1 switch 4\n>p2 switch 4\n>p1 switch 4\n>p2 move bravebird\n>p1 move scald\n>p2 switch 4\n>p1 switch 4\n>p2 move psychic\n>p1 switch 3\n>p1 move darkestlariat\n>p2 switch 4\n>p1 switch 4\n>p2 move superfang\n>p1 move scald\n>p2 move roost\n>p1 move scald\n>p2 move superfang\n>p1 move recover\n>p2 switch 6\n>p1 move toxic\n>p2 move thunderbolt\n>p1 move recover\n>p2 switch 3\n>p1 move toxic\n>p2 move airslash\n>p1 switch 4\n>p2 move recover\n>p1 move bulkup\n>p2 switch 3\n>p1 move bulkup\n>p2 move icebeam\n>p1 move darkestlariat\n>p2 switch 6\n>p2 switch 2\n>p1 move rest\n>p2 move playrough\n>p1 switch 4\n>p2 move playrough\n>p1 move banefulbunker\n>p2 switch 6\n>p1 move recover\n>p2 move thunderbolt\n>chat \u2606YouaremefromWISH|what in the stall\n>p1 move scald\n>p2 move rest\n>p1 switch 4\n>p2 switch 3\n>p1 move rest\n>p2 move airslash\n>p1 move darkestlariat\n>p2 move calmmind\n>p1 move darkestlariat\n>p2 move airslash\n>p1 move rest\n>p2 move airslash\n>p2 switch 5\n>p1 move darkestlariat\n>p2 move powerwhip\n>chat \u2606YouaremefromWISH|finally\n>p1 switch 4\n>p1 move toxic\n>p2 switch 3\n>p1 switch 2\n>p2 move thunderbolt\n>p1 move trick\n>p2 switch 3\n>p1 move uturn\n>p2 move powerwhip\n>p1 switch 2\n>p1 move recover\n>p2 switch 3\n>p1 switch 2\n>p2 move sleeptalk\n>p1 move gigadrain\n>p2 switch 3\n>p1 move uturn\n>p2 move powerwhip\n>p1 switch 5\n>p1 move bugbuzz\n>p2 switch 3\n>p1 move voltswitch\n>p2 move icebeam\n>p1 switch 2\n>p1 move toxic\n>p2 move thunderbolt\n>p1 move toxic\n>p2 move thunderbolt\n>p1 move recover\n>p2 move thunderbolt\n>p1 switch 5\n>p1 move drainingkiss\n>p2 switch 4\n>p1 move uturn\n>p2 move psychic\n>p1 switch 2\n>p1 switch 6\n>p2 switch 3\n>p1 move dualwingbeat\n>p2 move tripleaxel\n>p2 switch 4\n>p1 switch 2\n>p2 move icebeam dynamax\n>p1 move drainingkiss\n>p2 move sleeptalk dynamax\n>p1 move drainingkiss\n>p2 switch 6\n>p1 move drainingkiss\n>p2 move uturn\n>p2 switch 6\n>p1 move drainingkiss\n>p2 move rest\n>p1 move uturn\n>p2 move sleeptalk\n>p1 switch 2\n>p1 move outrage\n>p2 move sleeptalk\n>p1 switch 2\n>p1 move drainingkiss\n>p2 move rest\n>p1 move drainingkiss\n>p2 move sleeptalk\n>p1 move drainingkiss\n>p2 move icebeam\n>chat \u2606YouaremefromWISH|assualt vest lmao\n>p1 move drainingkiss dynamax\n>p2 move icebeam\n>chat \u2606YouaremefromWISH|going for the freeze\n>p1 move drainingkiss dynamax\n>p2 move icebeam\n>p1 move drainingkiss dynamax\n>p2 move icebeam\n>p1 move drainingkiss\n>p2 move icebeam\n>p1 move gigadrain\n>p2 move icebeam\n>p1 move drainingkiss\n>p2 move icebeam\n>chat \u2606YouaremefromWISH|gg\n>p1 move drainingkiss\n>p2 switch 6\n>p1 move drainingkiss\n>p2 move drainingkiss","uploadtime":1668036839,"views":3,"p1id":"unclelyston","p2id":"youaremefromwish","formatid":"gen8randombattle","rating":1643,"private":0,"password":null}