{"id":"gen8ou-1625916911","p1":"alvar03","p2":"SlimyTime","format":"gen8ou","log":"|j|\u2606alvar03\n|j|\u2606SlimyTime\n|t:|1658872540\n|gametype|singles\n|player|p1|alvar03|alder|1682\n|player|p2|SlimyTime|2|1622\n|teamsize|p1|6\n|teamsize|p2|6\n|gen|8\n|tier|[Gen 8] OU\n|rated|\n|rule|Sleep Clause Mod: Limit one foe put to sleep\n|rule|Species Clause: Limit one of each Pok\u00e9mon\n|rule|OHKO Clause: OHKO moves are banned\n|rule|Evasion Moves Clause: Evasion moves are banned\n|rule|Endless Battle Clause: Forcing endless battles is banned\n|rule|HP Percentage Mod: HP is shown in percentages\n|rule|Dynamax Clause: You cannot dynamax\n|clearpoke\n|poke|p1|Hydreigon, F|\n|poke|p1|Tornadus-Therian, M|\n|poke|p1|Landorus-Therian, M|\n|poke|p1|Heatran, M|\n|poke|p1|Melmetal|\n|poke|p1|Weavile, M|\n|poke|p2|Volcarona, M|\n|poke|p2|Landorus-Therian, M|\n|poke|p2|Haxorus, F|\n|poke|p2|Slowking, F|\n|poke|p2|Blissey, F|\n|poke|p2|Melmetal|\n|teampreview\n|inactive|Battle timer is ON: inactive players will automatically lose when time's up. (requested by alvar03)\n|\n|t:|1658872557\n|start\n|switch|p1a: Hydreigon|Hydreigon, F|100\/100\n|switch|p2a: Landorus|Landorus-Therian, M|100\/100\n|-ability|p2a: Landorus|Intimidate|boost\n|-unboost|p1a: Hydreigon|atk|1\n|turn|1\n|\n|t:|1658872566\n|switch|p2a: Blissey|Blissey, F|100\/100\n|move|p1a: Hydreigon|Draco Meteor|p2a: Blissey\n|-damage|p2a: Blissey|67\/100\n|-unboost|p1a: Hydreigon|spa|2\n|\n|upkeep\n|turn|2\n|j| wocaowocao\n|\n|t:|1658872572\n|switch|p1a: Melmetal|Melmetal|100\/100\n|move|p2a: Blissey|Teleport|p2a: Blissey\n|\n|t:|1658872575\n|switch|p2a: Landorus|Landorus-Therian, M|100\/100|[from]move: Teleport\n|-ability|p2a: Landorus|Intimidate|boost\n|-unboost|p1a: Melmetal|atk|1\n|\n|upkeep\n|turn|3\n|\n|t:|1658872581\n|switch|p1a: Tornadus|Tornadus-Therian, M|100\/100\n|move|p2a: Landorus|Stealth Rock|p1a: Tornadus\n|-sidestart|p1: alvar03|move: Stealth Rock\n|\n|upkeep\n|turn|4\n|\n|t:|1658872583\n|move|p1a: Tornadus|Defog|p2a: Landorus\n|-unboost|p2a: Landorus|evasion|1\n|-sideend|p1: alvar03|Stealth Rock|[from] move: Defog|[of] p1a: Tornadus\n|move|p2a: Landorus|Knock Off|p1a: Tornadus\n|-damage|p1a: Tornadus|66\/100\n|-enditem|p1a: Tornadus|Heavy-Duty Boots|[from] move: Knock Off|[of] p2a: Landorus\n|\n|upkeep\n|turn|5\n|\n|t:|1658872586\n|move|p1a: Tornadus|Knock Off|p2a: Landorus\n|-damage|p2a: Landorus|86\/100\n|-enditem|p2a: Landorus|Leftovers|[from] move: Knock Off|[of] p1a: Tornadus\n|move|p2a: Landorus|Stealth Rock|p1a: Tornadus\n|-sidestart|p1: alvar03|move: Stealth Rock\n|\n|upkeep\n|turn|6\n|\n|t:|1658872589\n|move|p1a: Tornadus|Defog|p2a: Landorus\n|-unboost|p2a: Landorus|evasion|1\n|-sideend|p1: alvar03|Stealth Rock|[from] move: Defog|[of] p1a: Tornadus\n|move|p2a: Landorus|Knock Off|p1a: Tornadus\n|-damage|p1a: Tornadus|41\/100\n|\n|upkeep\n|turn|7\n|\n|t:|1658872591\n|move|p1a: Tornadus|Hurricane|p2a: Landorus\n|-damage|p2a: Landorus|44\/100\n|move|p2a: Landorus|Stealth Rock|p1a: Tornadus\n|-sidestart|p1: alvar03|move: Stealth Rock\n|\n|upkeep\n|turn|8\n|\n|t:|1658872595\n|switch|p2a: Blissey|Blissey, F|67\/100\n|move|p1a: Tornadus|Defog|p2a: Blissey\n|-unboost|p2a: Blissey|evasion|1\n|-sideend|p1: alvar03|Stealth Rock|[from] move: Defog|[of] p1a: Tornadus\n|\n|upkeep\n|turn|9\n|\n|t:|1658872597\n|move|p1a: Tornadus|U-turn|p2a: Blissey\n|-damage|p2a: Blissey|54\/100\n|\n|t:|1658872599\n|switch|p1a: Landorus|Landorus-Therian, M|100\/100|[from]move: U-turn\n|-ability|p1a: Landorus|Intimidate|boost\n|-unboost|p2a: Blissey|atk|1\n|move|p2a: Blissey|Teleport|p2a: Blissey\n|\n|t:|1658872607\n|switch|p2a: Haxorus|Haxorus, F|100\/100|[from]move: Teleport\n|-ability|p2a: Haxorus|Mold Breaker\n|\n|upkeep\n|turn|10\n|\n|t:|1658872611\n|move|p2a: Haxorus|Outrage|p1a: Landorus\n|-damage|p1a: Landorus|19\/100\n|move|p1a: Landorus|Toxic|p2a: Haxorus\n|-status|p2a: Haxorus|tox\n|\n|-heal|p1a: Landorus|25\/100|[from] item: Leftovers\n|-damage|p2a: Haxorus|94\/100 tox|[from] psn\n|upkeep\n|turn|11\n|\n|t:|1658872617\n|move|p2a: Haxorus|Outrage|p1a: Landorus|[from]lockedmove\n|-damage|p1a: Landorus|0 fnt\n|faint|p1a: Landorus\n|-start|p2a: Haxorus|confusion|[fatigue]\n|\n|-damage|p2a: Haxorus|82\/100 tox|[from] psn\n|upkeep\n|\n|t:|1658872624\n|switch|p1a: Melmetal|Melmetal|100\/100\n|turn|12\n|\n|t:|1658872632\n|switch|p2a: Melmetal|Melmetal|100\/100\n|move|p1a: Melmetal|Double Iron Bash|p2a: Melmetal\n|-resisted|p2a: Melmetal\n|-damage|p2a: Melmetal|88\/100\n|-resisted|p2a: Melmetal\n|-damage|p2a: Melmetal|75\/100\n|-hitcount|p2a: Melmetal|2\n|\n|-heal|p2a: Melmetal|82\/100|[from] item: Leftovers\n|upkeep\n|turn|13\n|\n|t:|1658872637\n|move|p1a: Melmetal|Superpower|p2a: Melmetal\n|-supereffective|p2a: Melmetal\n|-damage|p2a: Melmetal|32\/100\n|-unboost|p1a: Melmetal|atk|1\n|-unboost|p1a: Melmetal|def|1\n|move|p2a: Melmetal|Earthquake|p1a: Melmetal\n|-supereffective|p1a: Melmetal\n|-damage|p1a: Melmetal|45\/100\n|\n|-heal|p2a: Melmetal|38\/100|[from] item: Leftovers\n|upkeep\n|turn|14\n|\n|t:|1658872656\n|switch|p1a: Hydreigon|Hydreigon, F|100\/100\n|move|p2a: Melmetal|Protect||[still]\n|-fail|p2a: Melmetal\n|\n|-heal|p2a: Melmetal|44\/100|[from] item: Leftovers\n|upkeep\n|turn|15\n|\n|t:|1658872660\n|switch|p2a: Blissey|Blissey, F|54\/100\n|move|p1a: Hydreigon|Dark Pulse|p2a: Blissey\n|-damage|p2a: Blissey|30\/100\n|\n|upkeep\n|turn|16\n|\n|t:|1658872679\n|move|p1a: Hydreigon|Dark Pulse|p2a: Blissey\n|-damage|p2a: Blissey|10\/100\n|move|p2a: Blissey|Soft-Boiled|p2a: Blissey\n|-heal|p2a: Blissey|60\/100\n|\n|upkeep\n|turn|17\n|\n|t:|1658872683\n|switch|p1a: Melmetal|Melmetal|45\/100\n|move|p2a: Blissey|Teleport|p2a: Blissey\n|\n|t:|1658872700\n|switch|p2a: Haxorus|Haxorus, F|82\/100 tox|[from]move: Teleport\n|-ability|p2a: Haxorus|Mold Breaker\n|\n|-damage|p2a: Haxorus|76\/100 tox|[from] psn\n|upkeep\n|turn|18\n|\n|t:|1658872706\n|switch|p1a: Tornadus|Tornadus-Therian, M|75\/100\n|move|p2a: Haxorus|Close Combat|p1a: Tornadus\n|-resisted|p1a: Tornadus\n|-damage|p1a: Tornadus|35\/100\n|-unboost|p2a: Haxorus|def|1\n|-unboost|p2a: Haxorus|spd|1\n|\n|-damage|p2a: Haxorus|64\/100 tox|[from] psn\n|upkeep\n|turn|19\n|\n|t:|1658872712\n|switch|p2a: Blissey|Blissey, F|60\/100\n|move|p1a: Tornadus|Hurricane|p2a: Blissey|[miss]\n|-miss|p1a: Tornadus|p2a: Blissey\n|\n|upkeep\n|turn|20\n|\n|t:|1658872715\n|move|p1a: Tornadus|U-turn|p2a: Blissey\n|-damage|p2a: Blissey|47\/100\n|\n|t:|1658872717\n|switch|p1a: Melmetal|Melmetal|45\/100|[from]move: U-turn\n|move|p2a: Blissey|Soft-Boiled|p2a: Blissey\n|-heal|p2a: Blissey|97\/100\n|\n|upkeep\n|turn|21\n|\n|t:|1658872729\n|switch|p2a: Landorus|Landorus-Therian, M|44\/100\n|-ability|p2a: Landorus|Intimidate|boost\n|-unboost|p1a: Melmetal|atk|1\n|move|p1a: Melmetal|Double Iron Bash|p2a: Landorus\n|-damage|p2a: Landorus|23\/100\n|-damage|p2a: Landorus|0 fnt\n|faint|p2a: Landorus\n|-hitcount|p2: Landorus|2\n|\n|upkeep\n|\n|t:|1658872735\n|switch|p2a: Haxorus|Haxorus, F|64\/100 tox\n|-ability|p2a: Haxorus|Mold Breaker\n|turn|22\n|\n|t:|1658872740\n|switch|p1a: Hydreigon|Hydreigon, F|100\/100\n|move|p2a: Haxorus|Close Combat|p1a: Hydreigon\n|-supereffective|p1a: Hydreigon\n|-damage|p1a: Hydreigon|0 fnt\n|-unboost|p2a: Haxorus|def|1\n|-unboost|p2a: Haxorus|spd|1\n|faint|p1a: Hydreigon\n|\n|-damage|p2a: Haxorus|57\/100 tox|[from] psn\n|upkeep\n|\n|t:|1658872748\n|switch|p1a: Tornadus|Tornadus-Therian, M|68\/100\n|turn|23\n|\n|t:|1658872752\n|switch|p2a: Blissey|Blissey, F|97\/100\n|move|p1a: Tornadus|Knock Off|p2a: Blissey\n|-damage|p2a: Blissey|81\/100\n|-enditem|p2a: Blissey|Heavy-Duty Boots|[from] move: Knock Off|[of] p1a: Tornadus\n|\n|upkeep\n|turn|24\n|\n|t:|1658872756\n|move|p1a: Tornadus|Hurricane|p2a: Blissey\n|-damage|p2a: Blissey|66\/100\n|move|p2a: Blissey|Teleport|p2a: Blissey\n|\n|t:|1658872760\n|switch|p2a: Slowking|Slowking, F|100\/100|[from]move: Teleport\n|\n|upkeep\n|turn|25\n|\n|t:|1658872763\n|move|p1a: Tornadus|U-turn|p2a: Slowking\n|-supereffective|p2a: Slowking\n|-damage|p2a: Slowking|72\/100\n|\n|t:|1658872765\n|switch|p1a: Weavile|Weavile, M|100\/100|[from]move: U-turn\n|-ability|p1a: Weavile|Pressure\n|move|p2a: Slowking|Scald|p1a: Weavile\n|-damage|p1a: Weavile|62\/100\n|-status|p1a: Weavile|brn\n|\n|-damage|p1a: Weavile|56\/100 brn|[from] brn\n|upkeep\n|turn|26\n|\n|t:|1658872777\n|switch|p2a: Melmetal|Melmetal|44\/100\n|move|p1a: Weavile|Knock Off|p2a: Melmetal\n|-damage|p2a: Melmetal|31\/100\n|-enditem|p2a: Melmetal|Leftovers|[from] move: Knock Off|[of] p1a: Weavile\n|\n|-damage|p1a: Weavile|50\/100 brn|[from] brn\n|upkeep\n|turn|27\n|\n|t:|1658872784\n|switch|p1a: Tornadus|Tornadus-Therian, M|100\/100\n|move|p2a: Melmetal|Protect||[still]\n|-fail|p2a: Melmetal\n|\n|upkeep\n|turn|28\n|l| wocaowocao\n|\n|t:|1658872788\n|move|p1a: Tornadus|U-turn|p2a: Melmetal\n|-resisted|p2a: Melmetal\n|-damage|p2a: Melmetal|27\/100\n|\n|t:|1658872790\n|switch|p1a: Heatran|Heatran, M|100\/100|[from]move: U-turn\n|move|p2a: Melmetal|Toxic|p1a: Heatran\n|-immune|p1a: Heatran\n|\n|upkeep\n|turn|29\n|j| wocaowocao\n|\n|t:|1658872797\n|switch|p2a: Slowking|Slowking, F|100\/100\n|move|p1a: Heatran|Eruption|p2a: Slowking\n|-resisted|p2a: Slowking\n|-damage|p2a: Slowking|79\/100\n|\n|upkeep\n|turn|30\n|l| wocaowocao\n|\n|t:|1658872800\n|switch|p1a: Tornadus|Tornadus-Therian, M|100\/100\n|move|p2a: Slowking|Scald|p1a: Tornadus\n|-damage|p1a: Tornadus|70\/100\n|\n|upkeep\n|turn|31\n|\n|t:|1658872805\n|move|p1a: Tornadus|Knock Off|p2a: Slowking\n|-supereffective|p2a: Slowking\n|-damage|p2a: Slowking|37\/100\n|-enditem|p2a: Slowking|Heavy-Duty Boots|[from] move: Knock Off|[of] p1a: Tornadus\n|move|p2a: Slowking|Future Sight|p1a: Tornadus\n|-start|p2a: Slowking|move: Future Sight\n|\n|upkeep\n|turn|32\n|\n|t:|1658872810\n|move|p1a: Tornadus|U-turn|p2a: Slowking\n|-supereffective|p2a: Slowking\n|-damage|p2a: Slowking|9\/100\n|\n|t:|1658872813\n|switch|p1a: Melmetal|Melmetal|45\/100|[from]move: U-turn\n|move|p2a: Slowking|Scald|p1a: Melmetal\n|-crit|p1a: Melmetal\n|-damage|p1a: Melmetal|5\/100\n|\n|upkeep\n|turn|33\n|\n|t:|1658872821\n|switch|p2a: Melmetal|Melmetal|27\/100\n|move|p1a: Melmetal|Double Iron Bash|p2a: Melmetal\n|-resisted|p2a: Melmetal\n|-damage|p2a: Melmetal|14\/100\n|-resisted|p2a: Melmetal\n|-damage|p2a: Melmetal|3\/100\n|-hitcount|p2a: Melmetal|2\n|\n|-end|p1a: Melmetal|move: Future Sight\n|-resisted|p1a: Melmetal\n|-damage|p1a: Melmetal|0 fnt\n|faint|p1a: Melmetal\n|upkeep\n|\n|t:|1658872825\n|switch|p1a: Tornadus|Tornadus-Therian, M|100\/100\n|turn|34\n|\n|t:|1658872829\n|move|p1a: Tornadus|Knock Off|p2a: Melmetal\n|-damage|p2a: Melmetal|0 fnt\n|faint|p2a: Melmetal\n|\n|upkeep\n|\n|t:|1658872831\n|switch|p2a: Blissey|Blissey, F|66\/100\n|turn|35\n|\n|t:|1658872834\n|move|p1a: Tornadus|U-turn|p2a: Blissey\n|-damage|p2a: Blissey|52\/100\n|\n|t:|1658872836\n|switch|p1a: Weavile|Weavile, M|50\/100 brn|[from]move: U-turn\n|-ability|p1a: Weavile|Pressure\n|move|p2a: Blissey|Teleport|p2a: Blissey\n|\n|t:|1658872842\n|switch|p2a: Volcarona|Volcarona, M|100\/100|[from]move: Teleport\n|\n|-damage|p1a: Weavile|44\/100 brn|[from] brn\n|upkeep\n|turn|36\n|\n|t:|1658872845\n|switch|p2a: Slowking|Slowking, F|43\/100\n|move|p1a: Weavile|Knock Off|p2a: Slowking\n|-supereffective|p2a: Slowking\n|-damage|p2a: Slowking|11\/100\n|\n|-damage|p1a: Weavile|38\/100 brn|[from] brn\n|upkeep\n|turn|37\n|\n|t:|1658872849\n|switch|p2a: Volcarona|Volcarona, M|100\/100\n|move|p1a: Weavile|Swords Dance|p1a: Weavile\n|-boost|p1a: Weavile|atk|2\n|\n|-damage|p1a: Weavile|31\/100 brn|[from] brn\n|upkeep\n|turn|38\n|\n|t:|1658872851\n|move|p1a: Weavile|Knock Off|p2a: Volcarona\n|-damage|p2a: Volcarona|49\/100\n|-enditem|p2a: Volcarona|Heavy-Duty Boots|[from] move: Knock Off|[of] p1a: Weavile\n|move|p2a: Volcarona|Quiver Dance|p2a: Volcarona\n|-boost|p2a: Volcarona|spa|1\n|-boost|p2a: Volcarona|spd|1\n|-boost|p2a: Volcarona|spe|1\n|\n|-damage|p1a: Weavile|25\/100 brn|[from] brn\n|upkeep\n|turn|39\n|\n|t:|1658872854\n|switch|p1a: Heatran|Heatran, M|100\/100\n|move|p2a: Volcarona|Roost|p2a: Volcarona\n|-heal|p2a: Volcarona|99\/100\n|-singleturn|p2a: Volcarona|move: Roost\n|\n|upkeep\n|turn|40\n|\n|t:|1658872860\n|switch|p2a: Blissey|Blissey, F|52\/100\n|move|p1a: Heatran|Lava Plume|p2a: Blissey\n|-damage|p2a: Blissey|38\/100\n|\n|upkeep\n|turn|41\n|\n|t:|1658872863\n|switch|p1a: Tornadus|Tornadus-Therian, M|100\/100\n|move|p2a: Blissey|Seismic Toss|p1a: Tornadus\n|-damage|p1a: Tornadus|73\/100\n|\n|upkeep\n|turn|42\n|\n|t:|1658872865\n|move|p1a: Tornadus|Knock Off|p2a: Blissey\n|-damage|p2a: Blissey|27\/100\n|move|p2a: Blissey|Toxic|p1a: Tornadus\n|-status|p1a: Tornadus|tox\n|\n|-damage|p1a: Tornadus|67\/100 tox|[from] psn\n|upkeep\n|turn|43\n|\n|t:|1658872868\n|move|p1a: Tornadus|U-turn|p2a: Blissey\n|-damage|p2a: Blissey|16\/100\n|\n|t:|1658872870\n|switch|p1a: Weavile|Weavile, M|25\/100 brn|[from]move: U-turn\n|-ability|p1a: Weavile|Pressure\n|move|p2a: Blissey|Soft-Boiled|p2a: Blissey\n|-heal|p2a: Blissey|66\/100\n|\n|-damage|p1a: Weavile|19\/100 brn|[from] brn\n|upkeep\n|turn|44\n|\n|t:|1658872872\n|move|p1a: Weavile|Triple Axel|p2a: Blissey\n|-damage|p2a: Blissey|61\/100\n|-damage|p2a: Blissey|54\/100\n|-hitcount|p2a: Blissey|2\n|move|p2a: Blissey|Soft-Boiled|p2a: Blissey\n|-heal|p2a: Blissey|100\/100\n|\n|-damage|p1a: Weavile|13\/100 brn|[from] brn\n|upkeep\n|turn|45\n|\n|t:|1658872876\n|move|p1a: Weavile|Triple Axel|p2a: Blissey\n|-damage|p2a: Blissey|96\/100\n|-damage|p2a: Blissey|88\/100\n|-damage|p2a: Blissey|75\/100\n|-hitcount|p2a: Blissey|3\n|move|p2a: Blissey|Seismic Toss|p1a: Weavile\n|-damage|p1a: Weavile|0 fnt\n|faint|p1a: Weavile\n|\n|upkeep\n|\n|t:|1658872879\n|switch|p1a: Tornadus|Tornadus-Therian, M|99\/100 tox\n|turn|46\n|\n|t:|1658872887\n|move|p1a: Tornadus|Hurricane|p2a: Blissey|[miss]\n|-miss|p1a: Tornadus|p2a: Blissey\n|move|p2a: Blissey|Seismic Toss|p1a: Tornadus\n|-damage|p1a: Tornadus|72\/100 tox\n|\n|-damage|p1a: Tornadus|66\/100 tox|[from] psn\n|upkeep\n|turn|47\n|\n|t:|1658872890\n|move|p1a: Tornadus|Hurricane|p2a: Blissey\n|-damage|p2a: Blissey|59\/100\n|move|p2a: Blissey|Seismic Toss|p1a: Tornadus\n|-damage|p1a: Tornadus|39\/100 tox\n|\n|-damage|p1a: Tornadus|26\/100 tox|[from] psn\n|upkeep\n|turn|48\n|\n|t:|1658872898\n|move|p1a: Tornadus|U-turn|p2a: Blissey\n|-damage|p2a: Blissey|46\/100\n|\n|t:|1658872900\n|switch|p1a: Heatran|Heatran, M|100\/100|[from]move: U-turn\n|move|p2a: Blissey|Teleport|p2a: Blissey\n|\n|t:|1658872902\n|switch|p2a: Haxorus|Haxorus, F|57\/100 tox|[from]move: Teleport\n|-ability|p2a: Haxorus|Mold Breaker\n|\n|-damage|p2a: Haxorus|51\/100 tox|[from] psn\n|upkeep\n|turn|49\n|\n|t:|1658872906\n|move|p1a: Heatran|Eruption|p2a: Haxorus\n|-resisted|p2a: Haxorus\n|-damage|p2a: Haxorus|0 fnt\n|faint|p2a: Haxorus\n|\n|upkeep\n|\n|t:|1658872911\n|switch|p2a: Blissey|Blissey, F|46\/100\n|turn|50\n|\n|t:|1658872913\n|move|p1a: Heatran|Eruption|p2a: Blissey\n|-damage|p2a: Blissey|19\/100\n|move|p2a: Blissey|Soft-Boiled|p2a: Blissey\n|-heal|p2a: Blissey|69\/100\n|\n|upkeep\n|turn|51\n|\n|t:|1658872917\n|move|p1a: Heatran|Eruption|p2a: Blissey\n|-damage|p2a: Blissey|41\/100\n|move|p2a: Blissey|Seismic Toss|p1a: Heatran\n|-damage|p1a: Heatran|70\/100\n|\n|upkeep\n|turn|52\n|\n|t:|1658872920\n|switch|p1a: Tornadus|Tornadus-Therian, M|60\/100 tox\n|move|p2a: Blissey|Soft-Boiled|p2a: Blissey\n|-heal|p2a: Blissey|91\/100\n|\n|-damage|p1a: Tornadus|54\/100 tox|[from] psn\n|upkeep\n|turn|53\n|\n|t:|1658872922\n|move|p1a: Tornadus|U-turn|p2a: Blissey\n|-damage|p2a: Blissey|78\/100\n|\n|t:|1658872923\n|switch|p1a: Heatran|Heatran, M|70\/100|[from]move: U-turn\n|move|p2a: Blissey|Seismic Toss|p1a: Heatran\n|-damage|p1a: Heatran|39\/100\n|\n|upkeep\n|turn|54\n|\n|t:|1658872925\n|move|p1a: Heatran|Flash Cannon|p2a: Blissey\n|-damage|p2a: Blissey|63\/100\n|-unboost|p2a: Blissey|spd|1\n|move|p2a: Blissey|Seismic Toss|p1a: Heatran\n|-damage|p1a: Heatran|8\/100\n|\n|upkeep\n|turn|55\n|\n|t:|1658872927\n|move|p1a: Heatran|Flash Cannon|p2a: Blissey\n|-damage|p2a: Blissey|42\/100\n|-unboost|p2a: Blissey|spd|1\n|move|p2a: Blissey|Seismic Toss|p1a: Heatran\n|-damage|p1a: Heatran|0 fnt\n|faint|p1a: Heatran\n|\n|upkeep\n|\n|t:|1658872929\n|switch|p1a: Tornadus|Tornadus-Therian, M|87\/100 tox\n|turn|56\n|\n|t:|1658872930\n|switch|p2a: Volcarona|Volcarona, M|99\/100\n|move|p1a: Tornadus|Hurricane|p2a: Volcarona|[miss]\n|-miss|p1a: Tornadus|p2a: Volcarona\n|\n|-damage|p1a: Tornadus|81\/100 tox|[from] psn\n|upkeep\n|turn|57\n|\n|t:|1658872932\n|move|p1a: Tornadus|Hurricane|p2a: Volcarona\n|-supereffective|p2a: Volcarona\n|-damage|p2a: Volcarona|32\/100\n|-start|p2a: Volcarona|confusion\n|-activate|p2a: Volcarona|confusion\n|move|p2a: Volcarona|Quiver Dance|p2a: Volcarona\n|-boost|p2a: Volcarona|spa|1\n|-boost|p2a: Volcarona|spd|1\n|-boost|p2a: Volcarona|spe|1\n|\n|-damage|p1a: Tornadus|68\/100 tox|[from] psn\n|upkeep\n|turn|58\n|\n|t:|1658872939\n|-end|p2a: Volcarona|confusion\n|move|p2a: Volcarona|Roost|p2a: Volcarona\n|-heal|p2a: Volcarona|82\/100\n|-singleturn|p2a: Volcarona|move: Roost\n|move|p1a: Tornadus|Hurricane|p2a: Volcarona|[miss]\n|-miss|p1a: Tornadus|p2a: Volcarona\n|\n|-damage|p1a: Tornadus|50\/100 tox|[from] psn\n|upkeep\n|turn|59\n|-message|alvar03 forfeited.\n|\n|win|SlimyTime\n|raw|alvar03's rating: 1682 &rarr; <strong>1659<\/strong><br \/>(-23 for losing)\n|raw|SlimyTime's rating: 1622 &rarr; <strong>1645<\/strong><br \/>(+23 for winning)\n|l|\u2606alvar03\n","uploadtime":1658872947,"views":64,"p1id":"alvar03","p2id":"slimytime","formatid":"gen8ou","rating":1645,"private":0,"password":null}