{"id":"gen8godlygift-1681199983","p1":"Quantum Tesseract","p2":"Unviabriel","format":"gen8godlygift","log":"|j|\u2606Quantum Tesseract\n|j|\u2606Unviabriel\n|t:|1665281025\n|gametype|singles\n|player|p1|Quantum Tesseract|#omplxtempertyrantrums|\n|player|p2|Unviabriel|shauntal|\n|teamsize|p1|6\n|teamsize|p2|6\n|gen|8\n|tier|[Gen 8] Godly Gift\n|rule|Species Clause: Limit one of each Pok\u00e9mon\n|rule|OHKO Clause: OHKO moves are banned\n|rule|Evasion Moves Clause: Evasion moves are banned\n|rule|Endless Battle Clause: Forcing endless battles is banned\n|rule|Dynamax Clause: You cannot dynamax\n|rule|HP Percentage Mod: HP is shown in percentages\n|rule|Sleep Clause: Sleep-inducing moves are banned\n|clearpoke\n|poke|p1|Ditto|\n|poke|p1|Shuckle, M|\n|poke|p1|Kyurem-White|\n|poke|p1|Moltres-Galar|\n|poke|p1|Zapdos-Galar|\n|poke|p1|Dhelmise|\n|poke|p2|Rotom-Heat|\n|poke|p2|Dialga|\n|poke|p2|Slowking, M|\n|poke|p2|Comfey, F|\n|poke|p2|Buzzwole|\n|poke|p2|Landorus-Therian, M|\n|teampreview\n|c|\u2606Unviabriel|glhf\n|c|\u2606Quantum Tesseract|Gl hf\n|j| skoma\n|l| skoma\n|\n|t:|1665281096\n|start\n|switch|p1a: Shuckle|Shuckle, M|100\/100\n|switch|p2a: Dialga|Dialga|100\/100\n|-ability|p2a: Dialga|Pressure\n|turn|1\n|\n|t:|1665281136\n|move|p2a: Dialga|Flash Cannon|p1a: Shuckle\n|-supereffective|p1a: Shuckle\n|-damage|p1a: Shuckle|22\/100\n|move|p1a: Shuckle|Stealth Rock|p2a: Dialga\n|-sidestart|p2: Unviabriel|move: Stealth Rock\n|\n|upkeep\n|turn|2\n|\n|t:|1665281145\n|switch|p1a: Ditto|Ditto|100\/100\n|-transform|p1a: Ditto|p2a: Dialga|[from] ability: Imposter\n|-ability|p1a: Ditto|Pressure\n|move|p2a: Dialga|Flash Cannon|p1a: Ditto\n|-resisted|p1a: Ditto\n|-damage|p1a: Ditto|79\/100\n|\n|-heal|p1a: Ditto|86\/100|[from] item: Leftovers\n|upkeep\n|turn|3\n|\n|t:|1665281170\n|switch|p2a: Slowking|Slowking, M|100\/100\n|move|p1a: Ditto|Draco Meteor|p2a: Slowking\n|-damage|p2a: Slowking|39\/100\n|-unboost|p1a: Ditto|spa|2\n|\n|-heal|p1a: Ditto|92\/100|[from] item: Leftovers\n|upkeep\n|turn|4\n|\n|t:|1665281202\n|switch|p2a: Dialga|Dialga|100\/100\n|-damage|p2a: Dialga|94\/100|[from] Stealth Rock\n|-ability|p2a: Dialga|Pressure\n|move|p1a: Ditto|Toxic|p2a: Dialga\n|-immune|p2a: Dialga\n|\n|-heal|p1a: Ditto|98\/100|[from] item: Leftovers\n|upkeep\n|turn|5\n|\n|t:|1665281216\n|switch|p1a: Shuckle|Shuckle, M|22\/100\n|move|p2a: Dialga|Draco Meteor|p1a: Shuckle\n|-damage|p1a: Shuckle|0 fnt\n|-unboost|p2a: Dialga|spa|2\n|faint|p1a: Shuckle\n|\n|upkeep\n|\n|t:|1665281222\n|switch|p1a: Moltres|Moltres-Galar|100\/100\n|turn|6\n|\n|t:|1665281249\n|move|p1a: Moltres|Nasty Plot|p1a: Moltres\n|-boost|p1a: Moltres|spa|2\n|move|p2a: Dialga|Toxic|p1a: Moltres\n|-status|p1a: Moltres|tox\n|\n|-damage|p1a: Moltres|94\/100 tox|[from] psn\n|upkeep\n|turn|7\n|\n|t:|1665281295\n|switch|p2a: Buzzwole|Buzzwole|100\/100\n|-damage|p2a: Buzzwole|88\/100|[from] Stealth Rock\n|move|p1a: Moltres|Fiery Wrath|p2a: Buzzwole\n|-resisted|p2a: Buzzwole\n|-damage|p2a: Buzzwole|38\/100\n|\n|-damage|p1a: Moltres|82\/100 tox|[from] psn\n|upkeep\n|turn|8\n|\n|t:|1665281309\n|move|p1a: Moltres|Fiery Wrath|p2a: Buzzwole\n|-resisted|p2a: Buzzwole\n|-damage|p2a: Buzzwole|0 fnt\n|faint|p2a: Buzzwole\n|\n|-damage|p1a: Moltres|63\/100 tox|[from] psn\n|upkeep\n|\n|t:|1665281359\n|switch|p2a: Slowking|Slowking, M|72\/100\n|turn|9\n|\n|t:|1665281362\n|switch|p2a: Landorus|Landorus-Therian, M|100\/100\n|-damage|p2a: Landorus|88\/100|[from] Stealth Rock\n|-ability|p2a: Landorus|Intimidate|boost\n|-unboost|p1a: Moltres|atk|1\n|move|p1a: Moltres|Fiery Wrath|p2a: Landorus\n|-damage|p2a: Landorus|0 fnt\n|faint|p2a: Landorus\n|\n|-damage|p1a: Moltres|38\/100 tox|[from] psn\n|upkeep\n|\n|t:|1665281375\n|switch|p2a: Comfey|Comfey, F|100\/100\n|-damage|p2a: Comfey|88\/100|[from] Stealth Rock\n|turn|10\n|\n|t:|1665281378\n|move|p2a: Comfey|Draining Kiss|p1a: Moltres\n|-supereffective|p1a: Moltres\n|-damage|p1a: Moltres|0 fnt\n|-heal|p2a: Comfey|100\/100|[from] drain|[of] p1a: Moltres\n|faint|p1a: Moltres\n|\n|upkeep\n|\n|t:|1665281380\n|switch|p1a: Ditto|Ditto|98\/100\n|-transform|p1a: Ditto|p2a: Comfey|[from] ability: Imposter\n|turn|11\n|\n|t:|1665281471\n|move|p1a: Ditto|Leech Seed|p2a: Comfey\n|-start|p2a: Comfey|move: Leech Seed\n|move|p2a: Comfey|Leech Seed|p1a: Ditto\n|-start|p1a: Ditto|move: Leech Seed\n|\n|-heal|p1a: Ditto|100\/100|[from] item: Leftovers\n|-damage|p1a: Ditto|88\/100|[from] Leech Seed|[of] p2a: Comfey\n|-damage|p2a: Comfey|88\/100|[from] Leech Seed|[of] p1a: Ditto\n|-heal|p1a: Ditto|96\/100|[silent]\n|upkeep\n|turn|12\n|\n|t:|1665281485\n|switch|p1a: Dhelmise|Dhelmise|100\/100\n|switch|p2a: Dialga|Dialga|94\/100\n|-damage|p2a: Dialga|88\/100|[from] Stealth Rock\n|-ability|p2a: Dialga|Pressure\n|\n|upkeep\n|turn|13\n|\n|t:|1665281515\n|switch|p1a: Zapdos|Zapdos-Galar|100\/100\n|move|p2a: Dialga|Draco Meteor|p1a: Zapdos\n|-damage|p1a: Zapdos|4\/100\n|-unboost|p2a: Dialga|spa|2\n|\n|upkeep\n|turn|14\n|\n|t:|1665281548\n|switch|p2a: Slowking|Slowking, M|100\/100\n|move|p1a: Zapdos|Brave Bird|p2a: Slowking\n|-damage|p2a: Slowking|45\/100\n|-damage|p1a: Zapdos|0 fnt|[from] Recoil\n|faint|p1a: Zapdos\n|\n|upkeep\n|\n|t:|1665281552\n|switch|p1a: Kyurem|Kyurem-White|100\/100\n|-ability|p1a: Kyurem|Turboblaze\n|turn|15\n|\n|t:|1665281582\n|move|p1a: Kyurem|Freeze-Dry|p2a: Slowking\n|-supereffective|p2a: Slowking\n|-damage|p2a: Slowking|0 fnt\n|faint|p2a: Slowking\n|\n|upkeep\n|\n|t:|1665281652\n|switch|p2a: Dialga|Dialga|88\/100\n|-damage|p2a: Dialga|82\/100|[from] Stealth Rock\n|-ability|p2a: Dialga|Pressure\n|turn|16\n|\n|t:|1665281673\n|move|p1a: Kyurem|Freeze-Dry|p2a: Dialga\n|-damage|p2a: Dialga|23\/100\n|move|p2a: Dialga|Draco Meteor|p1a: Kyurem\n|-supereffective|p1a: Kyurem\n|-damage|p1a: Kyurem|0 fnt\n|-unboost|p2a: Dialga|spa|2\n|faint|p1a: Kyurem\n|\n|upkeep\n|\n|t:|1665281675\n|switch|p1a: Dhelmise|Dhelmise|100\/100\n|turn|17\n|\n|t:|1665281688\n|move|p1a: Dhelmise|Swords Dance|p1a: Dhelmise\n|-boost|p1a: Dhelmise|atk|2\n|move|p2a: Dialga|Flamethrower|p1a: Dhelmise\n|-supereffective|p1a: Dhelmise\n|-damage|p1a: Dhelmise|46\/100\n|\n|upkeep\n|turn|18\n|\n|t:|1665281716\n|move|p1a: Dhelmise|Poltergeist|p2a: Dialga\n|-activate|p2a: Dialga|move: Poltergeist|Adamant Orb\n|-damage|p2a: Dialga|0 fnt\n|faint|p2a: Dialga\n|\n|upkeep\n|\n|t:|1665281729\n|switch|p2a: Rotom|Rotom-Heat|100\/100\n|turn|19\n|\n|t:|1665281742\n|move|p1a: Dhelmise|Poltergeist|p2a: Rotom\n|-activate|p2a: Rotom|move: Poltergeist|Heavy-Duty Boots\n|-damage|p2a: Rotom|13\/100\n|move|p2a: Rotom|Overheat|p1a: Dhelmise\n|-supereffective|p1a: Dhelmise\n|-damage|p1a: Dhelmise|0 fnt\n|-unboost|p2a: Rotom|spa|2\n|faint|p1a: Dhelmise\n|\n|upkeep\n|\n|t:|1665281746\n|switch|p1a: Ditto|Ditto|96\/100\n|-transform|p1a: Ditto|p2a: Rotom|[from] ability: Imposter\n|turn|20\n|c|\u2606Quantum Tesseract|Gg\n|\n|t:|1665281756\n|move|p1a: Ditto|Overheat|p2a: Rotom\n|-resisted|p2a: Rotom\n|-damage|p2a: Rotom|4\/100\n|-unboost|p1a: Ditto|spa|2\n|move|p2a: Rotom|Pain Split|p1a: Ditto\n|-sethp|p1a: Ditto|50\/100|[from] move: Pain Split|[silent]\n|-sethp|p2a: Rotom|56\/100|[from] move: Pain Split\n|\n|-heal|p1a: Ditto|56\/100|[from] item: Leftovers\n|upkeep\n|turn|21\n|-message|Quantum Tesseract forfeited.\n|\n|win|Unviabriel\n|c|\u2606Unviabriel|gg\n","uploadtime":1665281763,"views":35,"p1id":"quantumtesseract","p2id":"unviabriel","formatid":"gen8godlygift","rating":0,"private":0,"password":null}