{"id":"gen8ou-1667170403","p1":"2(H2O)","p2":"SpoonTheHarpoon","format":"gen8ou","log":"|j|\u26062(H2O)\n|j|\u2606SpoonTheHarpoon\n|t:|1663491639\n|gametype|singles\n|player|p1|2(H2O)|chase|1718\n|player|p2|SpoonTheHarpoon|bugcatcher-gen4dp|1682\n|teamsize|p1|6\n|teamsize|p2|6\n|gen|8\n|tier|[Gen 8] OU\n|rated|\n|rule|Sleep Clause Mod: Limit one foe put to sleep\n|rule|Species Clause: Limit one of each Pok\u00e9mon\n|rule|OHKO Clause: OHKO moves are banned\n|rule|Evasion Items Clause: Evasion items are banned\n|rule|Evasion Moves Clause: Evasion moves are banned\n|rule|Endless Battle Clause: Forcing endless battles is banned\n|rule|HP Percentage Mod: HP is shown in percentages\n|rule|Dynamax Clause: You cannot dynamax\n|clearpoke\n|poke|p1|Rotom-Wash|\n|poke|p1|Weavile, M|\n|poke|p1|Landorus-Therian, M|\n|poke|p1|Heatran, M|\n|poke|p1|Tangrowth, M|\n|poke|p1|Melmetal|\n|poke|p2|Ninetales-Alola, F|\n|poke|p2|Heatran, F|\n|poke|p2|Dragapult, M|\n|poke|p2|Scizor, M|\n|poke|p2|Garchomp, F|\n|poke|p2|Cloyster, M|\n|teampreview\n|\n|t:|1663491654\n|start\n|switch|p1a: Heatran|Heatran, M|100\/100\n|switch|p2a: Heatran|Heatran, F|100\/100\n|-item|p2a: Heatran|Air Balloon\n|-item|p1a: Heatran|Air Balloon\n|turn|1\n|inactive|Battle timer is ON: inactive players will automatically lose when time's up. (requested by 2(H2O))\n|\n|t:|1663491667\n|move|p2a: Heatran|Taunt|p1a: Heatran\n|-start|p1a: Heatran|move: Taunt\n|cant|p1a: Heatran|move: Taunt|Stealth Rock\n|\n|upkeep\n|turn|2\n|\n|t:|1663491672\n|switch|p1a: Rotom|Rotom-Wash|100\/100\n|move|p2a: Heatran|Stealth Rock|p1a: Rotom\n|-sidestart|p1: 2(H2O)|move: Stealth Rock\n|\n|upkeep\n|turn|3\n|\n|t:|1663491677\n|switch|p2a: Ninetales|Ninetales-Alola, F|100\/100\n|-weather|Hail|[from] ability: Snow Warning|[of] p2a: Ninetales\n|move|p1a: Rotom|Nasty Plot|p1a: Rotom\n|-boost|p1a: Rotom|spa|2\n|\n|-weather|Hail|[upkeep]\n|-damage|p1a: Rotom|94\/100|[from] Hail\n|-heal|p1a: Rotom|100\/100|[from] item: Leftovers\n|upkeep\n|turn|4\n|\n|t:|1663491680\n|move|p2a: Ninetales|Aurora Veil|p2a: Ninetales\n|-sidestart|p2: SpoonTheHarpoon|move: Aurora Veil\n|move|p1a: Rotom|Hydro Pump|p2a: Ninetales\n|-damage|p2a: Ninetales|57\/100\n|\n|-weather|Hail|[upkeep]\n|-damage|p1a: Rotom|94\/100|[from] Hail\n|-heal|p1a: Rotom|100\/100|[from] item: Leftovers\n|upkeep\n|turn|5\n|\n|t:|1663491684\n|move|p2a: Ninetales|Freeze-Dry|p1a: Rotom\n|-supereffective|p1a: Rotom\n|-damage|p1a: Rotom|59\/100\n|move|p1a: Rotom|Thunderbolt|p2a: Ninetales\n|-damage|p2a: Ninetales|20\/100\n|\n|-weather|Hail|[upkeep]\n|-damage|p1a: Rotom|53\/100|[from] Hail\n|-heal|p1a: Rotom|59\/100|[from] item: Leftovers\n|upkeep\n|turn|6\n|\n|t:|1663491692\n|switch|p1a: Heatran|Heatran, M|100\/100\n|-damage|p1a: Heatran|88\/100|[from] Stealth Rock\n|-item|p1a: Heatran|Air Balloon\n|move|p2a: Ninetales|Encore||[still]\n|-fail|p2a: Ninetales\n|\n|-weather|Hail|[upkeep]\n|-damage|p1a: Heatran|82\/100|[from] Hail\n|upkeep\n|turn|7\n|\n|t:|1663491694\n|move|p2a: Ninetales|Hypnosis|p1a: Heatran\n|-status|p1a: Heatran|slp|[from] move: Hypnosis\n|cant|p1a: Heatran|slp\n|\n|-weather|none\n|upkeep\n|turn|8\n|\n|t:|1663491696\n|switch|p2a: Garchomp|Garchomp, F|100\/100\n|cant|p1a: Heatran|slp\n|\n|upkeep\n|turn|9\n|\n|t:|1663491697\n|move|p2a: Garchomp|Swords Dance|p2a: Garchomp\n|-boost|p2a: Garchomp|atk|2\n|-curestatus|p1a: Heatran|slp|[msg]\n|move|p1a: Heatran|Stealth Rock|p2a: Garchomp\n|-sidestart|p2: SpoonTheHarpoon|move: Stealth Rock\n|\n|upkeep\n|turn|10\n|\n|t:|1663491706\n|switch|p1a: Tangrowth|Tangrowth, M|100\/100\n|-damage|p1a: Tangrowth|88\/100|[from] Stealth Rock\n|move|p2a: Garchomp|Aqua Tail|p1a: Tangrowth\n|-resisted|p1a: Tangrowth\n|-damage|p1a: Tangrowth|72\/100\n|-damage|p2a: Garchomp|84\/100|[from] item: Rocky Helmet|[of] p1a: Tangrowth\n|\n|-heal|p2a: Garchomp|90\/100|[from] item: Leftovers\n|upkeep\n|turn|11\n|\n|t:|1663491710\n|move|p2a: Garchomp|Scale Shot|p1a: Tangrowth\n|-damage|p1a: Tangrowth|57\/100\n|-damage|p1a: Tangrowth|42\/100\n|-damage|p1a: Tangrowth|29\/100\n|-hitcount|p1a: Tangrowth|3\n|-unboost|p2a: Garchomp|def|1\n|-boost|p2a: Garchomp|spe|1\n|move|p1a: Tangrowth|Sleep Powder|p2a: Garchomp\n|-status|p2a: Garchomp|slp|[from] move: Sleep Powder\n|\n|-heal|p2a: Garchomp|96\/100 slp|[from] item: Leftovers\n|-sideend|p2: SpoonTheHarpoon|move: Aurora Veil\n|upkeep\n|turn|12\n|\n|t:|1663491715\n|cant|p2a: Garchomp|slp\n|move|p1a: Tangrowth|Giga Drain|p2a: Garchomp\n|-damage|p2a: Garchomp|65\/100 slp\n|-heal|p1a: Tangrowth|43\/100|[from] drain|[of] p2a: Garchomp\n|\n|-heal|p2a: Garchomp|71\/100 slp|[from] item: Leftovers\n|upkeep\n|turn|13\n|\n|t:|1663491718\n|cant|p2a: Garchomp|slp\n|move|p1a: Tangrowth|Giga Drain|p2a: Garchomp\n|-damage|p2a: Garchomp|40\/100 slp\n|-heal|p1a: Tangrowth|56\/100|[from] drain|[of] p2a: Garchomp\n|\n|-heal|p2a: Garchomp|46\/100 slp|[from] item: Leftovers\n|upkeep\n|turn|14\n|j| baibaiats\n|\n|t:|1663491720\n|-curestatus|p2a: Garchomp|slp|[msg]\n|move|p2a: Garchomp|Scale Shot|p1a: Tangrowth\n|-damage|p1a: Tangrowth|42\/100\n|-damage|p1a: Tangrowth|28\/100\n|-damage|p1a: Tangrowth|13\/100\n|-hitcount|p1a: Tangrowth|3\n|-unboost|p2a: Garchomp|def|1\n|-boost|p2a: Garchomp|spe|1\n|move|p1a: Tangrowth|Giga Drain|p2a: Garchomp\n|-damage|p2a: Garchomp|13\/100\n|-heal|p1a: Tangrowth|28\/100|[from] drain|[of] p2a: Garchomp\n|\n|-heal|p2a: Garchomp|19\/100|[from] item: Leftovers\n|upkeep\n|turn|15\n|\n|t:|1663491725\n|move|p2a: Garchomp|Scale Shot|p1a: Tangrowth\n|-damage|p1a: Tangrowth|14\/100\n|-damage|p1a: Tangrowth|1\/100\n|-damage|p1a: Tangrowth|0 fnt\n|faint|p1a: Tangrowth\n|-hitcount|p1: Tangrowth|3\n|-unboost|p2a: Garchomp|def|1\n|-boost|p2a: Garchomp|spe|1\n|\n|-heal|p2a: Garchomp|25\/100|[from] item: Leftovers\n|upkeep\n|\n|t:|1663491733\n|switch|p1a: Landorus|Landorus-Therian, M|100\/100\n|-damage|p1a: Landorus|88\/100|[from] Stealth Rock\n|-ability|p1a: Landorus|Intimidate|boost\n|-unboost|p2a: Garchomp|atk|1\n|turn|16\n|\n|t:|1663491736\n|move|p2a: Garchomp|Aqua Tail|p1a: Landorus\n|-supereffective|p1a: Landorus\n|-damage|p1a: Landorus|2\/100\n|move|p1a: Landorus|Earthquake|p2a: Garchomp\n|-damage|p2a: Garchomp|0 fnt\n|faint|p2a: Garchomp\n|\n|-heal|p1a: Landorus|8\/100|[from] item: Leftovers\n|upkeep\n|\n|t:|1663491739\n|switch|p2a: Cloyster|Cloyster, M|100\/100\n|turn|17\n|\n|t:|1663491743\n|move|p2a: Cloyster|Shell Smash|p2a: Cloyster\n|-unboost|p2a: Cloyster|def|1\n|-unboost|p2a: Cloyster|spd|1\n|-boost|p2a: Cloyster|atk|2\n|-boost|p2a: Cloyster|spa|2\n|-boost|p2a: Cloyster|spe|2\n|move|p1a: Landorus|U-turn|p2a: Cloyster\n|-damage|p2a: Cloyster|74\/100\n|\n|t:|1663491745\n|switch|p1a: Melmetal|Melmetal|100\/100|[from]move: U-turn\n|-damage|p1a: Melmetal|94\/100|[from] Stealth Rock\n|\n|upkeep\n|turn|18\n|\n|t:|1663491747\n|move|p2a: Cloyster|Hydro Pump|p1a: Melmetal\n|-damage|p1a: Melmetal|60\/100\n|move|p1a: Melmetal|Double Iron Bash|p2a: Cloyster\n|-damage|p2a: Cloyster|19\/100\n|-damage|p2a: Cloyster|0 fnt\n|faint|p2a: Cloyster\n|-hitcount|p2: Cloyster|2\n|\n|upkeep\n|\n|t:|1663491753\n|switch|p2a: Ninetales|Ninetales-Alola, F|20\/100\n|-damage|p2a: Ninetales|0 fnt|[from] Stealth Rock\n|faint|p2a: Ninetales\n|\n|t:|1663491754\n|switch|p2a: Heatran|Heatran, F|100\/100\n|-damage|p2a: Heatran|88\/100|[from] Stealth Rock\n|-item|p2a: Heatran|Air Balloon\n|turn|19\n|\n|t:|1663491760\n|switch|p1a: Landorus|Landorus-Therian, M|8\/100\n|-damage|p1a: Landorus|0 fnt|[from] Stealth Rock\n|faint|p1a: Landorus\n|move|p2a: Heatran|Magma Storm|p1: Landorus|[notarget]\n|-fail|p2a: Heatran\n|\n|upkeep\n|\n|t:|1663491762\n|switch|p1a: Rotom|Rotom-Wash|59\/100\n|-damage|p1a: Rotom|47\/100|[from] Stealth Rock\n|turn|20\n|\n|t:|1663491765\n|move|p2a: Heatran|Magma Storm|p1a: Rotom\n|-resisted|p1a: Rotom\n|-damage|p1a: Rotom|18\/100\n|-activate|p1a: Rotom|move: Magma Storm|[of] p2a: Heatran\n|move|p1a: Rotom|Pain Split|p2a: Heatran\n|-sethp|p2a: Heatran|52\/100|[from] move: Pain Split|[silent]\n|-sethp|p1a: Rotom|55\/100|[from] move: Pain Split\n|\n|-heal|p1a: Rotom|62\/100|[from] item: Leftovers\n|-damage|p1a: Rotom|49\/100|[from] move: Magma Storm|[partiallytrapped]\n|upkeep\n|turn|21\n|\n|t:|1663491768\n|move|p2a: Heatran|Magma Storm|p1a: Rotom|[miss]\n|-miss|p2a: Heatran|p1a: Rotom\n|move|p1a: Rotom|Hydro Pump|p2a: Heatran|[miss]\n|-miss|p1a: Rotom|p2a: Heatran\n|\n|-heal|p1a: Rotom|55\/100|[from] item: Leftovers\n|-damage|p1a: Rotom|43\/100|[from] move: Magma Storm|[partiallytrapped]\n|upkeep\n|turn|22\n|\n|t:|1663491770\n|move|p2a: Heatran|Magma Storm|p1a: Rotom|[miss]\n|-miss|p2a: Heatran|p1a: Rotom\n|move|p1a: Rotom|Hydro Pump|p2a: Heatran\n|-supereffective|p2a: Heatran\n|-damage|p2a: Heatran|0 fnt\n|-enditem|p2a: Heatran|Air Balloon\n|faint|p2a: Heatran\n|\n|-heal|p1a: Rotom|49\/100|[from] item: Leftovers\n|-end|p1a: Rotom|Magma Storm|[partiallytrapped]|[silent]\n|upkeep\n|\n|t:|1663491781\n|switch|p2a: Dragapult|Dragapult, M|100\/100\n|-damage|p2a: Dragapult|88\/100|[from] Stealth Rock\n|turn|23\n|\n|t:|1663491784\n|move|p2a: Dragapult|Dragon Dance|p2a: Dragapult\n|-boost|p2a: Dragapult|atk|1\n|-boost|p2a: Dragapult|spe|1\n|move|p1a: Rotom|Pain Split|p2a: Dragapult\n|-sethp|p2a: Dragapult|68\/100|[from] move: Pain Split|[silent]\n|-sethp|p1a: Rotom|71\/100|[from] move: Pain Split\n|\n|-heal|p1a: Rotom|77\/100|[from] item: Leftovers\n|upkeep\n|turn|24\n|\n|t:|1663491787\n|move|p2a: Dragapult|Dragon Darts|p1a: Rotom\n|-damage|p1a: Rotom|33\/100\n|-anim|p2a: Dragapult|Dragon Darts|p1a: Rotom\n|-damage|p1a: Rotom|0 fnt\n|faint|p1a: Rotom\n|\n|upkeep\n|\n|t:|1663491791\n|switch|p1a: Melmetal|Melmetal|60\/100\n|-damage|p1a: Melmetal|54\/100|[from] Stealth Rock\n|turn|25\n|\n|t:|1663491794\n|move|p2a: Dragapult|Phantom Force||[still]\n|-prepare|p2a: Dragapult|Phantom Force\n|move|p1a: Melmetal|Double Iron Bash|p2a: Dragapult|[miss]\n|-miss|p1a: Melmetal|p2a: Dragapult\n|\n|upkeep\n|turn|26\n|\n|t:|1663491796\n|move|p2a: Dragapult|Phantom Force|p1a: Melmetal|[from]lockedmove\n|-damage|p1a: Melmetal|9\/100\n|move|p1a: Melmetal|Double Iron Bash|p2a: Dragapult\n|-damage|p2a: Dragapult|3\/100\n|-damage|p2a: Dragapult|0 fnt\n|faint|p2a: Dragapult\n|-hitcount|p2: Dragapult|2\n|\n|upkeep\n|\n|t:|1663491799\n|switch|p2a: Scizor|Scizor, M|100\/100\n|-damage|p2a: Scizor|88\/100|[from] Stealth Rock\n|turn|27\n|\n|t:|1663491801\n|switch|p1a: Heatran|Heatran, M|82\/100\n|-damage|p1a: Heatran|70\/100|[from] Stealth Rock\n|-item|p1a: Heatran|Air Balloon\n|move|p2a: Scizor|Swords Dance|p2a: Scizor\n|-boost|p2a: Scizor|atk|2\n|\n|-heal|p2a: Scizor|94\/100|[from] item: Leftovers\n|upkeep\n|turn|28\n|\n|t:|1663491803\n|move|p1a: Heatran|Eruption|p2a: Scizor\n|-supereffective|p2a: Scizor\n|-damage|p2a: Scizor|0 fnt\n|faint|p2a: Scizor\n|\n|win|2(H2O)\n|raw|2(H2O)'s rating: 1718 &rarr; <strong>1736<\/strong><br \/>(+18 for winning)\n|raw|SpoonTheHarpoon's rating: 1682 &rarr; <strong>1664<\/strong><br \/>(-18 for losing)\n|l|\u2606SpoonTheHarpoon\n|l|\u26062(H2O)\n","uploadtime":1663491810,"views":56,"p1id":"2h2o","p2id":"spoontheharpoon","formatid":"gen8ou","rating":1664,"private":0,"password":null}