{"id":"gen8ou-1130707731","p1":"xShey v2","p2":"A","format":"gen8ou","log":"|j|\u2606xShey v2\n|j|\u2606A\n|player|p1|xShey v2|buck|1361\n|player|p2|A|clemont|1418\n|teamsize|p1|6\n|teamsize|p2|6\n|gametype|singles\n|gen|8\n|tier|[Gen 8] OU\n|rated|\n|clearpoke\n|poke|p1|Jirachi|\n|poke|p1|Zeraora|\n|poke|p1|Dragapult, M|\n|poke|p1|Cinderace, M|\n|poke|p1|Hydreigon, F|\n|poke|p1|Primarina, M|\n|poke|p2|Corviknight, M|\n|poke|p2|Hatterene, F|\n|poke|p2|Rotom-Heat|\n|poke|p2|Seismitoad, F|\n|poke|p2|Conkeldurr, M|\n|poke|p2|Zeraora|\n|rule|Sleep Clause Mod: Limit one foe put to sleep\n|rule|Species Clause: Limit one of each Pok\u00e9mon\n|rule|OHKO Clause: OHKO moves are banned\n|rule|Evasion Moves Clause: Evasion moves are banned\n|rule|Endless Battle Clause: Forcing endless battles is banned\n|rule|HP Percentage Mod: HP is shown in percentages\n|rule|Dynamax Clause: You cannot dynamax\n|teampreview\n|inactive|Battle timer is ON: inactive players will automatically lose when time's up. (requested by A)\n|\n|start\n|switch|p1a: Hydreigon|Hydreigon, F|100\/100\n|switch|p2a: Choccy Milk|Rotom-Heat|100\/100\n|turn|1\n|\n|move|p1a: Hydreigon|Dark Pulse|p2a: Choccy Milk\n|-damage|p2a: Choccy Milk|34\/100\n|cant|p2a: Choccy Milk|flinch\n|\n|-heal|p2a: Choccy Milk|40\/100|[from] item: Leftovers\n|upkeep\n|turn|2\n|c|\u2606A|afsdf\n|c|\u2606A|ds\n|\n|move|p2a: Choccy Milk|Protect|p2a: Choccy Milk\n|-singleturn|p2a: Choccy Milk|Protect\n|move|p1a: Hydreigon|Dark Pulse|p2a: Choccy Milk\n|-activate|p2a: Choccy Milk|move: Protect\n|\n|-heal|p2a: Choccy Milk|46\/100|[from] item: Leftovers\n|upkeep\n|turn|3\n|c|\u2606xShey v2|x)\n|\n|switch|p2a: clicker|Conkeldurr, M|100\/100\n|move|p1a: Hydreigon|Dark Pulse|p2a: clicker\n|-resisted|p2a: clicker\n|-damage|p2a: clicker|63\/100\n|\n|-status|p2a: clicker|brn|[from] item: Flame Orb\n|upkeep\n|turn|4\n|\n|switch|p1a: Dragapult|Dragapult, M|100\/100\n|move|p2a: clicker|Knock Off|p1a: Dragapult\n|-supereffective|p1a: Dragapult\n|-damage|p1a: Dragapult|0 fnt\n|-enditem|p1a: Dragapult|Life Orb|[from] move: Knock Off|[of] p2a: clicker\n|faint|p1a: Dragapult\n|\n|-damage|p2a: clicker|57\/100 brn|[from] brn\n|upkeep\n|\n|switch|p1a: Primarina|Primarina, M|100\/100\n|turn|5\n|\n|switch|p2a: Hello?|Hatterene, F|100\/100\n|move|p1a: Primarina|Moonblast|p2a: Hello?\n|-damage|p2a: Hello?|64\/100\n|\n|upkeep\n|turn|6\n|\n|move|p1a: Primarina|Scald|p2a: Hello?\n|-damage|p2a: Hello?|37\/100\n|-status|p2a: Hello?|brn\n|move|p2a: Hello?|Nuzzle|p1a: Primarina\n|-supereffective|p1a: Primarina\n|-damage|p1a: Primarina|96\/100\n|-status|p1a: Primarina|par\n|\n|-heal|p1a: Primarina|100\/100 par|[from] item: Leftovers\n|-damage|p2a: Hello?|31\/100 brn|[from] brn\n|upkeep\n|turn|7\n|\n|move|p2a: Hello?|Psychic|p1a: Primarina\n|-damage|p1a: Primarina|63\/100 par\n|cant|p1a: Primarina|par\n|\n|-heal|p1a: Primarina|69\/100 par|[from] item: Leftovers\n|-damage|p2a: Hello?|25\/100 brn|[from] brn\n|upkeep\n|turn|8\n|\n|move|p2a: Hello?|Psychic|p1a: Primarina\n|-damage|p1a: Primarina|34\/100 par\n|cant|p1a: Primarina|par\n|\n|-heal|p1a: Primarina|40\/100 par|[from] item: Leftovers\n|-damage|p2a: Hello?|19\/100 brn|[from] brn\n|upkeep\n|turn|9\n|\n|switch|p1a: Hydreigon|Hydreigon, F|100\/100\n|move|p2a: Hello?|Draining Kiss|p1a: Hydreigon\n|-supereffective|p1a: Hydreigon\n|-damage|p1a: Hydreigon|0 fnt\n|-heal|p2a: Hello?|97\/100 brn|[from] drain|[of] p1a: Hydreigon\n|faint|p1a: Hydreigon\n|\n|-damage|p2a: Hello?|91\/100 brn|[from] brn\n|upkeep\n|c|\u2606A|x)\n|c|\u2606xShey v2|mais\n|c|\u2606xShey v2|YOUR LUCK\n|c|\u2606xShey v2|FUCK\n|\n|switch|p1a: jiji swipe|Jirachi|100\/100\n|turn|10\n|\n|switch|p2a: im in love w the|Seismitoad, F|100\/100\n|move|p1a: jiji swipe|Iron Head|p2a: im in love w the\n|-resisted|p2a: im in love w the\n|-damage|p2a: im in love w the|81\/100\n|\n|-heal|p2a: im in love w the|87\/100|[from] item: Leftovers\n|upkeep\n|turn|11\n|\n|switch|p1a: Primarina|Primarina, M|40\/100 par\n|move|p2a: im in love w the|Stealth Rock|p1a: Primarina\n|-sidestart|p1: xShey v2|move: Stealth Rock\n|\n|-heal|p2a: im in love w the|93\/100|[from] item: Leftovers\n|-heal|p1a: Primarina|46\/100 par|[from] item: Leftovers\n|upkeep\n|turn|12\n|-message|xShey v2 forfeited.\n|\n|win|A\n|l|\u2606xShey v2\n|l|\u2606A\n|raw|xShey v2's rating: 1361 &rarr; <strong>1344<\/strong><br \/>(-17 for losing)\n|raw|A's rating: 1402 &rarr; <strong>1420<\/strong><br \/>(+18 for winning)\n|j|\u2606A\n|player|p2|A|clemont\n","uploadtime":1591867375,"views":23,"p1id":"xsheyv2","p2id":"a","formatid":"gen8ou","rating":1344,"private":0,"password":null}