{"id":"gen8doublesou-1706966210","p1":"coziwozi401","p2":"FrostyZippy","format":"gen8doublesou","log":"|j|\u2606coziwozi401\n|j|\u2606FrostyZippy\n|t:|1668037114\n|gametype|doubles\n|player|p1|coziwozi401|iris|1009\n|player|p2|FrostyZippy|sabrina|1005\n|teamsize|p1|6\n|teamsize|p2|6\n|gen|8\n|tier|[Gen 8] Doubles OU\n|rated|\n|rule|Species Clause: Limit one of each Pok\u00e9mon\n|rule|OHKO Clause: OHKO moves are banned\n|rule|Evasion Moves Clause: Evasion moves are banned\n|rule|Gravity Sleep Clause: The combination of sleep-inducing moves with imperfect accuracy and Gravity or Gigantamax Orbeetle are banned\n|rule|Endless Battle Clause: Forcing endless battles is banned\n|rule|HP Percentage Mod: HP is shown in percentages\n|rule|Dynamax Clause: You cannot dynamax\n|rule|Swagger Clause: Swagger is banned\n|clearpoke\n|poke|p1|Ferrothorn, F|\n|poke|p1|Incineroar, M|\n|poke|p1|Amoonguss, F|\n|poke|p1|Azumarill, M|\n|poke|p1|Tornadus, M|\n|poke|p1|Garchomp, F|\n|poke|p2|Audino, F|\n|poke|p2|Carbink|\n|poke|p2|Shedinja|\n|poke|p2|Thundurus, M|\n|poke|p2|Trevenant, M|\n|poke|p2|Mandibuzz, F|\n|teampreview\n|inactive|Battle timer is ON: inactive players will automatically lose when time's up. (requested by FrostyZippy)\n|\n|t:|1668037132\n|start\n|switch|p1a: RAWR X3|Incineroar, M|100\/100\n|switch|p1b: Steak Tornado|Tornadus, M|100\/100\n|switch|p2a: rafi haz|Audino, F, shiny|100\/100\n|switch|p2b: To Infinity|Thundurus, M, shiny|100\/100\n|-ability|p1a: RAWR X3|Intimidate|boost\n|-unboost|p2a: rafi haz|atk|1\n|-unboost|p2b: To Infinity|atk|1\n|turn|1\n|inactive|coziwozi401 has 120 seconds left.\n|inactive|coziwozi401 has 90 seconds left.\n|\n|t:|1668037195\n|switch|p2b: Diamond|Carbink, shiny|100\/100\n|move|p1b: Steak Tornado|Hurricane|p2b: Diamond|[miss]\n|-miss|p1b: Steak Tornado|p2b: Diamond\n|move|p1a: RAWR X3|Shadow Claw|p2a: rafi haz\n|-immune|p2a: rafi haz\n|move|p2a: rafi haz|Skill Swap|p2b: Diamond\n|-activate|p2a: rafi haz|move: Skill Swap|||[of] p2b: Diamond\n|\n|upkeep\n|turn|2\n|inactive|FrostyZippy has 120 seconds left.\n|\n|t:|1668037254\n|move|p2a: rafi haz|Protect|p2a: rafi haz\n|-singleturn|p2a: rafi haz|Protect\n|move|p1b: Steak Tornado|Hurricane|p2a: rafi haz\n|-activate|p2a: rafi haz|move: Protect\n|move|p1a: RAWR X3|Flamethrower|p2b: Diamond\n|-resisted|p2b: Diamond\n|-damage|p2b: Diamond|91\/100\n|move|p2b: Diamond|Trick Room|p2b: Diamond\n|-fieldstart|move: Trick Room|[of] p2b: Diamond\n|\n|upkeep\n|turn|3\n|inactive|coziwozi401 has 120 seconds left.\n|\n|t:|1668037284\n|switch|p2b: Shedigo|Shedinja, shiny|100\/100\n|switch|p1a: Piss Baby|Azumarill, M|100\/100\n|switch|p1b: Garchomp|Garchomp, F|100\/100\n|move|p2a: rafi haz|Entrainment|p2b: Shedigo\n|-endability|p2b: Shedigo|Wonder Guard|[from] move: Entrainment\n|-ability|p2b: Shedigo|Sturdy|[from] move: Entrainment\n|\n|upkeep\n|turn|4\n|inactive|coziwozi401 has 120 seconds left.\n|inactive|FrostyZippy has 120 seconds left.\n|\n|t:|1668037309\n|move|p2b: Shedigo|Swords Dance|p2b: Shedigo\n|-boost|p2b: Shedigo|atk|2\n|move|p2a: rafi haz|Thunder Wave|p2b: Shedigo\n|-status|p2b: Shedigo|par\n|move|p1a: Piss Baby|Play Rough|p2b: Shedigo|[miss]\n|-miss|p1a: Piss Baby|p2b: Shedigo\n|move|p1b: Garchomp|Stealth Rock|p2a: rafi haz\n|-sidestart|p2: FrostyZippy|move: Stealth Rock\n|\n|upkeep\n|turn|5\n|inactive|coziwozi401 has 120 seconds left.\n|\n|t:|1668037324\n|switch|p2a: Groot|Trevenant, M, shiny|100\/100\n|-damage|p2a: Groot|88\/100|[from] Stealth Rock\n|-item|p1a: Piss Baby|Sitrus Berry|[from] ability: Frisk|[of] p2a: Groot|[identify]\n|-item|p1b: Garchomp|Leftovers|[from] ability: Frisk|[of] p2a: Groot|[identify]\n|move|p2b: Shedigo|Swords Dance|p2b: Shedigo\n|-boost|p2b: Shedigo|atk|2\n|move|p1a: Piss Baby|Liquidation|p2b: Shedigo\n|-ability|p2b: Shedigo|Sturdy\n|-damage|p2b: Shedigo|100\/100 par\n|move|p1b: Garchomp|Toxic||[still]\n|-fail|p1b: Garchomp\n|\n|upkeep\n|turn|6\n|\n|t:|1668037348\n|move|p2b: Shedigo|Swords Dance|p2b: Shedigo\n|-boost|p2b: Shedigo|atk|2\n|move|p2a: Groot|Forest's Curse|p2b: Shedigo\n|-start|p2b: Shedigo|typeadd|Grass|[from] move: Forest's Curse\n|move|p1a: Piss Baby|Liquidation|p2a: Groot\n|-resisted|p2a: Groot\n|-damage|p2a: Groot|61\/100\n|move|p1b: Garchomp|Earthquake|p2b: Shedigo|[spread] p1a,p2a,p2b\n|-resisted|p2a: Groot\n|-crit|p2a: Groot\n|-resisted|p2b: Shedigo\n|-damage|p1a: Piss Baby|66\/100\n|-damage|p2a: Groot|36\/100\n|-ability|p2b: Shedigo|Sturdy\n|-damage|p2b: Shedigo|100\/100 par\n|-enditem|p2a: Groot|Sitrus Berry|[eat]\n|-heal|p2a: Groot|61\/100|[from] item: Sitrus Berry\n|\n|-fieldend|move: Trick Room\n|upkeep\n|turn|7\n|inactive|coziwozi401 has 120 seconds left.\n|inactive|FrostyZippy has 120 seconds left.\n|\n|t:|1668037391\n|move|p1b: Garchomp|Flamethrower|p2a: Groot\n|-supereffective|p2a: Groot\n|-damage|p2a: Groot|34\/100\n|move|p1a: Piss Baby|Play Rough|p2b: Shedigo\n|-ability|p2b: Shedigo|Sturdy\n|-damage|p2b: Shedigo|100\/100 par\n|move|p2a: Groot|Worry Seed|p1b: Garchomp\n|-endability|p1b: Garchomp|Rough Skin|[from] move: Worry Seed\n|-ability|p1b: Garchomp|Insomnia|[from] move: Worry Seed\n|move|p2b: Shedigo|Shadow Claw|p1b: Garchomp\n|-damage|p1b: Garchomp|0 fnt\n|faint|p1b: Garchomp\n|\n|upkeep\n|inactive|coziwozi401 has 120 seconds left.\n|\n|t:|1668037408\n|switch|p1b: RAWR X3|Incineroar, M|100\/100\n|-ability|p1b: RAWR X3|Intimidate|boost\n|-unboost|p2a: Groot|atk|1\n|-unboost|p2b: Shedigo|atk|1\n|turn|8\n|inactive|coziwozi401 has 120 seconds left.\n|inactive|FrostyZippy has 120 seconds left.\n|\n|t:|1668037440\n|switch|p2a: MandiBUZZ OFF|Mandibuzz, F, shiny|100\/100\n|-damage|p2a: MandiBUZZ OFF|75\/100|[from] Stealth Rock\n|move|p1b: RAWR X3|Blaze Kick|p2a: MandiBUZZ OFF\n|-damage|p2a: MandiBUZZ OFF|41\/100\n|move|p1a: Piss Baby|Play Rough|p2b: Shedigo|[miss]\n|-miss|p1a: Piss Baby|p2b: Shedigo\n|cant|p2b: Shedigo|par\n|\n|-heal|p2a: MandiBUZZ OFF|47\/100|[from] item: Leftovers\n|upkeep\n|turn|9\n|inactive|coziwozi401 has 120 seconds left.\n|\n|t:|1668037478\n|move|p2a: MandiBUZZ OFF|Defog|p1b: RAWR X3\n|-unboost|p1b: RAWR X3|evasion|1\n|-sideend|p2: FrostyZippy|Stealth Rock|[from] move: Defog|[of] p2a: MandiBUZZ OFF\n|move|p1b: RAWR X3|Blaze Kick|p2b: Shedigo\n|-supereffective|p2b: Shedigo\n|-ability|p2b: Shedigo|Sturdy\n|-damage|p2b: Shedigo|100\/100 par\n|move|p1a: Piss Baby|Play Rough|p2a: MandiBUZZ OFF\n|-supereffective|p2a: MandiBUZZ OFF\n|-damage|p2a: MandiBUZZ OFF|0 fnt\n|faint|p2a: MandiBUZZ OFF\n|move|p2b: Shedigo|Swords Dance|p2b: Shedigo\n|-boost|p2b: Shedigo|atk|1\n|\n|upkeep\n|\n|t:|1668037490\n|switch|p2a: rafi haz|Audino, F, shiny|100\/100\n|turn|10\n|inactive|coziwozi401 has 120 seconds left.\n|inactive|coziwozi401 has 90 seconds left.\n|inactive|FrostyZippy has 120 seconds left.\n|\n|t:|1668037560\n|switch|p2a: Diamond|Carbink, shiny|100\/100\n|move|p1a: Piss Baby|Aqua Jet|p2b: Shedigo\n|-resisted|p2b: Shedigo\n|-ability|p2b: Shedigo|Sturdy\n|-damage|p2b: Shedigo|100\/100 par\n|move|p1b: RAWR X3|Flamethrower|p2a: Diamond\n|-resisted|p2a: Diamond\n|-damage|p2a: Diamond|92\/100\n|move|p2b: Shedigo|Aerial Ace|p1b: RAWR X3\n|-damage|p1b: RAWR X3|28\/100\n|\n|upkeep\n|turn|11\n|inactive|coziwozi401 has 90 seconds left.\n|\n|t:|1668037588\n|switch|p1b: AmongUs|Amoonguss, F|100\/100\n|move|p2a: Diamond|Protect|p2a: Diamond\n|-singleturn|p2a: Diamond|Protect\n|move|p2b: Shedigo|Protect|p2b: Shedigo\n|-singleturn|p2b: Shedigo|Protect\n|move|p1a: Piss Baby|Play Rough|p2b: Shedigo\n|-activate|p2b: Shedigo|move: Protect\n|\n|upkeep\n|turn|12\n|\n|t:|1668037601\n|switch|p2a: To Infinity|Thundurus, M, shiny|100\/100\n|move|p2b: Shedigo|Protect||[still]\n|-fail|p2b: Shedigo\n|move|p1a: Piss Baby|Liquidation|p2a: To Infinity\n|-damage|p2a: To Infinity|37\/100\n|-enditem|p2a: To Infinity|Sitrus Berry|[eat]\n|-heal|p2a: To Infinity|62\/100|[from] item: Sitrus Berry\n|move|p1b: AmongUs|Sludge Bomb|p2a: To Infinity\n|-damage|p2a: To Infinity|38\/100\n|-status|p2a: To Infinity|psn\n|\n|-damage|p2a: To Infinity|25\/100 psn|[from] psn\n|upkeep\n|turn|13\n|\n|t:|1668037630\n|move|p2a: To Infinity|Knock Off|p1b: AmongUs\n|-damage|p1b: AmongUs|74\/100\n|-enditem|p1b: AmongUs|Black Sludge|[from] move: Knock Off|[of] p2a: To Infinity\n|move|p1a: Piss Baby|Liquidation|p2a: To Infinity\n|-damage|p2a: To Infinity|0 fnt\n|faint|p2a: To Infinity\n|move|p1b: AmongUs|Sludge Bomb|p2b: Shedigo\n|-ability|p2b: Shedigo|Sturdy\n|-damage|p2b: Shedigo|100\/100 par\n|move|p2b: Shedigo|Shadow Claw|p1a: Piss Baby\n|-crit|p1a: Piss Baby\n|-damage|p1a: Piss Baby|0 fnt\n|faint|p1a: Piss Baby\n|\n|upkeep\n|inactive|coziwozi401 has 90 seconds left.\n|\n|t:|1668037665\n|switch|p2a: Diamond|Carbink, shiny|92\/100\n|switch|p1a: Steak Tornado|Tornadus, M|100\/100\n|turn|14\n|\n|t:|1668037692\n|move|p1a: Steak Tornado|Focus Blast|p2a: Diamond\n|-damage|p2a: Diamond|44\/100\n|move|p1b: AmongUs|Giga Drain|p2b: Shedigo\n|-resisted|p2b: Shedigo\n|-ability|p2b: Shedigo|Sturdy\n|-damage|p2b: Shedigo|100\/100 par\n|move|p2a: Diamond|Safeguard|p2a: Diamond\n|-sidestart|p2: FrostyZippy|Safeguard\n|move|p2b: Shedigo|Shadow Claw|p1a: Steak Tornado\n|-damage|p1a: Steak Tornado|0 fnt\n|faint|p1a: Steak Tornado\n|\n|upkeep\n|inactive|coziwozi401 has 90 seconds left.\n|\n|t:|1668037711\n|switch|p1a: pokey|Ferrothorn, F|100\/100\n|turn|15\n|\n|t:|1668037718\n|switch|p2a: rafi haz|Audino, F, shiny|100\/100\n|move|p1b: AmongUs|Stun Spore|p2b: Shedigo\n|-immune|p2b: Shedigo\n|move|p1a: pokey|Stealth Rock|p2b: Shedigo\n|-sidestart|p2: FrostyZippy|move: Stealth Rock\n|move|p2b: Shedigo|Aerial Ace|p1b: AmongUs\n|-supereffective|p1b: AmongUs\n|-damage|p1b: AmongUs|0 fnt\n|faint|p1b: AmongUs\n|\n|upkeep\n|\n|t:|1668037728\n|switch|p1b: RAWR X3|Incineroar, M|28\/100\n|-ability|p1b: RAWR X3|Intimidate|boost\n|-unboost|p2a: rafi haz|atk|1\n|-unboost|p2b: Shedigo|atk|1\n|turn|16\n|\n|t:|1668037744\n|move|p1b: RAWR X3|Knock Off|p2a: rafi haz\n|-damage|p2a: rafi haz|60\/100\n|-enditem|p2a: rafi haz|Mental Herb|[from] move: Knock Off|[of] p1b: RAWR X3\n|move|p2a: rafi haz|Skill Swap|p1a: pokey\n|-activate|p2a: rafi haz|move: Skill Swap|Iron Barbs|Regenerator|[of] p1a: pokey\n|move|p1a: pokey|Knock Off|p2b: Shedigo\n|-supereffective|p2b: Shedigo\n|-ability|p2b: Shedigo|Sturdy\n|-damage|p2b: Shedigo|100\/100 par\n|-enditem|p2b: Shedigo|Safety Goggles|[from] move: Knock Off|[of] p1a: pokey\n|move|p2b: Shedigo|Aerial Ace|p1b: RAWR X3\n|-damage|p1b: RAWR X3|0 fnt\n|faint|p1b: RAWR X3\n|\n|upkeep\n|turn|17\n|inactive|coziwozi401 has 120 seconds left.\n|-message|coziwozi401 forfeited.\n|\n|win|FrostyZippy\n|raw|coziwozi401's rating: 1009 &rarr; <strong>1000<\/strong><br \/>(-9 for losing)\n|raw|FrostyZippy's rating: 1005 &rarr; <strong>1045<\/strong><br \/>(+40 for winning)\n|l|\u2606coziwozi401\n|c|\u2606FrostyZippy|gg\n|c|\u2606FrostyZippy|holy shit\n|c|\u2606FrostyZippy|that was so close\n|c|\u2606FrostyZippy|rough skin and iron barbs swap out\n","uploadtime":1668037802,"views":5,"p1id":"coziwozi401","p2id":"frostyzippy","formatid":"gen8doublesou","rating":1000,"private":0,"password":null}