{"id":"gen8ou-1493089091","p1":"Jamario Mariomario","p2":"i lost noob again","format":"gen8ou","log":"|j|\u2606Jamario Mariomario\n|j|\u2606i lost noob again\n|t:|1642420480\n|gametype|singles\n|player|p1|Jamario Mariomario|bugcatcher|1553\n|player|p2|i lost noob again|misty-gen1|1681\n|teamsize|p1|6\n|teamsize|p2|6\n|gen|8\n|tier|[Gen 8] OU\n|rated|\n|rule|Sleep Clause Mod: Limit one foe put to sleep\n|rule|Species Clause: Limit one of each Pok\u00e9mon\n|rule|OHKO Clause: OHKO moves are banned\n|rule|Evasion Moves Clause: Evasion moves are banned\n|rule|Endless Battle Clause: Forcing endless battles is banned\n|rule|HP Percentage Mod: HP is shown in percentages\n|rule|Dynamax Clause: You cannot dynamax\n|clearpoke\n|poke|p1|Volcanion|\n|poke|p1|Scizor, M|\n|poke|p1|Landorus-Therian, M|\n|poke|p1|Blissey, F|\n|poke|p1|Weavile, F|\n|poke|p1|Alakazam, M|\n|poke|p2|Pelipper, F|\n|poke|p2|Seismitoad, M|\n|poke|p2|Crawdaunt, F|\n|poke|p2|Blissey, F|\n|poke|p2|Amoonguss, F|\n|poke|p2|Blacephalon|\n|teampreview\n|inactive|Battle timer is ON: inactive players will automatically lose when time's up. (requested by Jamario Mariomario)\n|j| Calico S\n|\n|t:|1642420490\n|start\n|switch|p1a: Volcanion|Volcanion|100\/100\n|switch|p2a: Blacephalon|Blacephalon|100\/100\n|turn|1\n|\n|t:|1642420495\n|switch|p2a: Blissey|Blissey, F|100\/100\n|switch|p1a: Blissey|Blissey, F|100\/100\n|\n|upkeep\n|turn|2\n|\n|t:|1642420499\n|move|p2a: Blissey|Stealth Rock|p1a: Blissey\n|-sidestart|p1: Jamario Mariomario|move: Stealth Rock\n|move|p1a: Blissey|Teleport|p1a: Blissey\n|\n|t:|1642420501\n|switch|p1a: Scizor|Scizor, M|100\/100|[from]move: Teleport\n|\n|upkeep\n|turn|3\n|\n|t:|1642420503\n|move|p1a: Scizor|Defog|p2a: Blissey\n|-unboost|p2a: Blissey|evasion|1\n|-sideend|p1: Jamario Mariomario|Stealth Rock|[from] move: Defog|[of] p1a: Scizor\n|move|p2a: Blissey|Teleport|p2a: Blissey\n|\n|t:|1642420506\n|switch|p2a: Blacephalon|Blacephalon|100\/100|[from]move: Teleport\n|\n|upkeep\n|turn|4\n|\n|t:|1642420509\n|switch|p1a: Weavile|Weavile, F|100\/100\n|-ability|p1a: Weavile|Pressure\n|move|p2a: Blacephalon|Trick|p1a: Weavile\n|-activate|p2a: Blacephalon|move: Trick|[of] p1a: Weavile\n|-item|p1a: Weavile|Choice Scarf|[from] move: Trick\n|-item|p2a: Blacephalon|Choice Band|[from] move: Trick\n|\n|upkeep\n|turn|5\n|\n|t:|1642420528\n|switch|p2a: Amoonguss|Amoonguss, F|100\/100\n|move|p1a: Weavile|Knock Off|p2a: Amoonguss\n|-damage|p2a: Amoonguss|66\/100\n|-damage|p1a: Weavile|84\/100|[from] item: Rocky Helmet|[of] p2a: Amoonguss\n|-enditem|p2a: Amoonguss|Rocky Helmet|[from] move: Knock Off|[of] p1a: Weavile\n|\n|upkeep\n|turn|6\n|\n|t:|1642420539\n|switch|p1a: Blissey|Blissey, F|100\/100\n|switch|p2a: Crawdaunt|Crawdaunt, F|100\/100\n|\n|upkeep\n|turn|7\n|\n|t:|1642420547\n|switch|p1a: Volcanion|Volcanion|100\/100\n|move|p2a: Crawdaunt|Knock Off|p1a: Volcanion\n|-damage|p1a: Volcanion|17\/100\n|-enditem|p1a: Volcanion|Choice Specs|[from] move: Knock Off|[of] p2a: Crawdaunt\n|\n|upkeep\n|turn|8\n|\n|t:|1642420554\n|switch|p2a: Blissey|Blissey, F|100\/100\n|switch|p1a: Landorus|Landorus-Therian, M|100\/100\n|-ability|p1a: Landorus|Intimidate|boost\n|-unboost|p2a: Blissey|atk|1\n|\n|upkeep\n|turn|9\n|\n|t:|1642420557\n|move|p1a: Landorus|Knock Off|p2a: Blissey\n|-damage|p2a: Blissey|68\/100\n|-enditem|p2a: Blissey|Heavy-Duty Boots|[from] move: Knock Off|[of] p1a: Landorus\n|move|p2a: Blissey|Stealth Rock|p1a: Landorus\n|-sidestart|p1: Jamario Mariomario|move: Stealth Rock\n|\n|upkeep\n|turn|10\n|\n|t:|1642420561\n|switch|p2a: Pelipper|Pelipper, F|100\/100\n|-weather|RainDance|[from] ability: Drizzle|[of] p2a: Pelipper\n|move|p1a: Landorus|Earthquake|p2a: Pelipper\n|-immune|p2a: Pelipper\n|\n|-weather|RainDance|[upkeep]\n|upkeep\n|turn|11\n|\n|t:|1642420563\n|move|p1a: Landorus|Knock Off|p2a: Pelipper\n|-damage|p2a: Pelipper|77\/100\n|-enditem|p2a: Pelipper|Damp Rock|[from] move: Knock Off|[of] p1a: Landorus\n|move|p2a: Pelipper|Ice Beam|p1a: Landorus\n|-supereffective|p1a: Landorus\n|-damage|p1a: Landorus|20\/100\n|\n|-weather|RainDance|[upkeep]\n|upkeep\n|turn|12\n|\n|t:|1642420569\n|move|p1a: Landorus|U-turn|p2a: Pelipper\n|-resisted|p2a: Pelipper\n|-damage|p2a: Pelipper|69\/100\n|\n|t:|1642420571\n|switch|p1a: Blissey|Blissey, F|100\/100|[from]move: U-turn\n|move|p2a: Pelipper|U-turn|p1a: Blissey\n|-damage|p1a: Blissey|93\/100\n|\n|t:|1642420573\n|switch|p2a: Crawdaunt|Crawdaunt, F|100\/100|[from]move: U-turn\n|\n|-weather|RainDance|[upkeep]\n|upkeep\n|turn|13\n|\n|t:|1642420581\n|switch|p1a: Landorus|Landorus-Therian, M|20\/100\n|-damage|p1a: Landorus|8\/100|[from] Stealth Rock\n|-ability|p1a: Landorus|Intimidate|boost\n|-unboost|p2a: Crawdaunt|atk|1\n|move|p2a: Crawdaunt|Crabhammer|p1a: Landorus\n|-supereffective|p1a: Landorus\n|-damage|p1a: Landorus|0 fnt\n|-damage|p2a: Crawdaunt|84\/100|[from] item: Rocky Helmet|[of] p1a: Landorus\n|faint|p1a: Landorus\n|\n|-weather|RainDance|[upkeep]\n|upkeep\n|l| Calico S\n|\n|t:|1642420584\n|switch|p1a: Scizor|Scizor, M|100\/100\n|turn|14\n|\n|t:|1642420587\n|move|p2a: Crawdaunt|Crabhammer|p1a: Scizor\n|-damage|p1a: Scizor|28\/100\n|move|p1a: Scizor|Defog|p2a: Crawdaunt\n|-unboost|p2a: Crawdaunt|evasion|1\n|-sideend|p1: Jamario Mariomario|Stealth Rock|[from] move: Defog|[of] p1a: Scizor\n|\n|-weather|RainDance|[upkeep]\n|upkeep\n|turn|15\n|\n|t:|1642420592\n|switch|p2a: Blissey|Blissey, F|68\/100\n|switch|p1a: Volcanion|Volcanion|17\/100\n|\n|-weather|RainDance|[upkeep]\n|upkeep\n|turn|16\n|\n|t:|1642420597\n|switch|p1a: Weavile|Weavile, F|84\/100\n|-ability|p1a: Weavile|Pressure\n|move|p2a: Blissey|Stealth Rock|p1a: Weavile\n|-sidestart|p1: Jamario Mariomario|move: Stealth Rock\n|\n|-weather|RainDance|[upkeep]\n|upkeep\n|turn|17\n|\n|t:|1642420602\n|switch|p2a: Blacephalon|Blacephalon|100\/100\n|move|p1a: Weavile|Knock Off|p2a: Blacephalon\n|-supereffective|p2a: Blacephalon\n|-damage|p2a: Blacephalon|0 fnt\n|-enditem|p2a: Blacephalon|Choice Band|[from] move: Knock Off|[of] p1a: Weavile\n|faint|p2a: Blacephalon\n|\n|-weather|none\n|upkeep\n|\n|t:|1642420609\n|switch|p2a: Crawdaunt|Crawdaunt, F|84\/100\n|turn|18\n|\n|t:|1642420613\n|move|p1a: Weavile|Knock Off|p2a: Crawdaunt\n|-resisted|p2a: Crawdaunt\n|-damage|p2a: Crawdaunt|48\/100\n|-enditem|p2a: Crawdaunt|Choice Band|[from] move: Knock Off|[of] p1a: Weavile\n|move|p2a: Crawdaunt|Crabhammer|p1a: Weavile\n|-damage|p1a: Weavile|0 fnt\n|faint|p1a: Weavile\n|\n|upkeep\n|\n|t:|1642420616\n|switch|p1a: Alakazam|Alakazam, M|100\/100\n|turn|19\n|\n|t:|1642420620\n|move|p2a: Crawdaunt|Aqua Jet|p1a: Alakazam\n|-damage|p1a: Alakazam|26\/100\n|move|p1a: Alakazam|Focus Blast|p2a: Crawdaunt|[miss]\n|-miss|p1a: Alakazam|p2a: Crawdaunt\n|\n|upkeep\n|turn|20\n|-message|Jamario Mariomario forfeited.\n|\n|win|i lost noob again\n|raw|Jamario Mariomario's rating: 1553 &rarr; <strong>1540<\/strong><br \/>(-13 for losing)\n|raw|i lost noob again's rating: 1681 &rarr; <strong>1694<\/strong><br \/>(+13 for winning)\n|l|\u2606Jamario Mariomario\n","uploadtime":1642420630,"views":41,"p1id":"jamariomariomario","p2id":"ilostnoobagain","formatid":"gen8ou","rating":1540,"private":0,"password":null}