{"id":"gen8ou-1657463162","p1":"Guerrero105","p2":"broked on bricks","format":"gen8ou","log":"|j|\u2606Guerrero105\n|j|\u2606broked on bricks\n|t:|1662469118\n|gametype|singles\n|player|p1|Guerrero105|265|1489\n|player|p2|broked on bricks|psychic-gen2|1543\n|teamsize|p1|6\n|teamsize|p2|6\n|gen|8\n|tier|[Gen 8] OU\n|rated|\n|rule|Sleep Clause Mod: Limit one foe put to sleep\n|rule|Species Clause: Limit one of each Pok\u00e9mon\n|rule|OHKO Clause: OHKO moves are banned\n|rule|Evasion Items Clause: Evasion items are banned\n|rule|Evasion Moves Clause: Evasion moves are banned\n|rule|Endless Battle Clause: Forcing endless battles is banned\n|rule|HP Percentage Mod: HP is shown in percentages\n|rule|Dynamax Clause: You cannot dynamax\n|clearpoke\n|poke|p1|Venusaur, M|\n|poke|p1|Gyarados, M|\n|poke|p1|Liepard, F|\n|poke|p1|Volcarona, F|\n|poke|p1|Corviknight, M|\n|poke|p1|Galvantula, M|\n|poke|p2|Heracross, M|\n|poke|p2|Rillaboom, M|\n|poke|p2|Heatran, M|\n|poke|p2|Tapu Koko|\n|poke|p2|Landorus-Therian, M|\n|poke|p2|Mandibuzz, F|\n|teampreview\n|c|\u2606broked on bricks|sick team glhf\n|c|\u2606Guerrero105|thank your too\n|\n|t:|1662469162\n|start\n|switch|p1a: Liepard|Liepard, F|100\/100\n|switch|p2a: Tapu Koko|Tapu Koko|100\/100\n|-fieldstart|move: Electric Terrain|[from] ability: Electric Surge|[of] p2a: Tapu Koko\n|turn|1\n|\n|t:|1662469172\n|move|p2a: Tapu Koko|Volt Switch|p1a: Liepard\n|-enditem|p1a: Liepard|Focus Sash\n|-damage|p1a: Liepard|1\/100\n|\n|t:|1662469195\n|switch|p2a: Landorus|Landorus-Therian, M|100\/100|[from]move: Volt Switch\n|-ability|p2a: Landorus|Intimidate|boost\n|-unboost|p1a: Liepard|atk|1\n|move|p1a: Liepard|Knock Off|p2a: Landorus\n|-damage|p2a: Landorus|69\/100\n|-enditem|p2a: Landorus|Leftovers|[from] move: Knock Off|[of] p1a: Liepard\n|\n|upkeep\n|turn|2\n|\n|t:|1662469210\n|switch|p1a: Volcarona|Volcarona, F|100\/100\n|move|p2a: Landorus|U-turn|p1a: Volcarona\n|-resisted|p1a: Volcarona\n|-damage|p1a: Volcarona|79\/100\n|\n|t:|1662469262\n|switch|p2a: Heatran|Heatran, M|100\/100|[from]move: U-turn\n|\n|upkeep\n|turn|3\n|\n|t:|1662469271\n|switch|p1a: Gyarados|Gyarados, M|100\/100\n|move|p2a: Heatran|Taunt|p1a: Gyarados\n|-start|p1a: Gyarados|move: Taunt\n|\n|upkeep\n|turn|4\n|\n|t:|1662469280\n|switch|p2a: Mandibuzz|Mandibuzz, F|100\/100\n|move|p1a: Gyarados|Earthquake|p2a: Mandibuzz\n|-immune|p2a: Mandibuzz\n|\n|upkeep\n|turn|5\n|\n|t:|1662469289\n|switch|p1a: Galvantula|Galvantula, M|100\/100\n|move|p2a: Mandibuzz|U-turn|p1a: Galvantula\n|-damage|p1a: Galvantula|81\/100\n|\n|t:|1662469309\n|switch|p2a: Tapu Koko|Tapu Koko|100\/100|[from]move: U-turn\n|\n|-fieldend|move: Electric Terrain\n|upkeep\n|turn|6\n|\n|t:|1662469316\n|move|p2a: Tapu Koko|Dazzling Gleam|p1a: Galvantula\n|-damage|p1a: Galvantula|0 fnt\n|faint|p1a: Galvantula\n|\n|upkeep\n|\n|t:|1662469322\n|switch|p1a: Venusaur|Venusaur, M|100\/100\n|turn|7\n|\n|t:|1662469333\n|switch|p2a: Mandibuzz|Mandibuzz, F|100\/100\n|move|p1a: Venusaur|Leech Seed|p2a: Mandibuzz\n|-start|p2a: Mandibuzz|move: Leech Seed\n|\n|-damage|p2a: Mandibuzz|88\/100|[from] Leech Seed|[of] p1a: Venusaur\n|upkeep\n|turn|8\n|\n|t:|1662469341\n|move|p1a: Venusaur|Substitute|p1a: Venusaur\n|-start|p1a: Venusaur|Substitute\n|-damage|p1a: Venusaur|76\/100\n|move|p2a: Mandibuzz|U-turn|p1a: Venusaur\n|-activate|p1a: Venusaur|move: Substitute|[damage]\n|\n|t:|1662469352\n|switch|p2a: Tapu Koko|Tapu Koko|100\/100|[from]move: U-turn\n|-fieldstart|move: Electric Terrain|[from] ability: Electric Surge|[of] p2a: Tapu Koko\n|\n|-heal|p1a: Venusaur|82\/100|[from] item: Black Sludge\n|upkeep\n|turn|9\n|\n|t:|1662469359\n|move|p2a: Tapu Koko|Volt Switch|p1a: Venusaur\n|-resisted|p1a: Venusaur\n|-end|p1a: Venusaur|Substitute\n|\n|t:|1662469361\n|switch|p2a: Heatran|Heatran, M|100\/100|[from]move: Volt Switch\n|move|p1a: Venusaur|Substitute|p1a: Venusaur\n|-start|p1a: Venusaur|Substitute\n|-damage|p1a: Venusaur|57\/100\n|\n|-heal|p1a: Venusaur|63\/100|[from] item: Black Sludge\n|upkeep\n|turn|10\n|\n|t:|1662469368\n|move|p1a: Venusaur|Leech Seed|p2a: Heatran\n|-start|p2a: Heatran|move: Leech Seed\n|move|p2a: Heatran|Taunt|p1a: Venusaur\n|-start|p1a: Venusaur|move: Taunt\n|\n|-heal|p1a: Venusaur|69\/100|[from] item: Black Sludge\n|-damage|p2a: Heatran|88\/100|[from] Leech Seed|[of] p1a: Venusaur\n|-heal|p1a: Venusaur|85\/100|[silent]\n|upkeep\n|turn|11\n|\n|t:|1662469382\n|move|p1a: Venusaur|Giga Drain|p2a: Heatran\n|-resisted|p2a: Heatran\n|-damage|p2a: Heatran|84\/100\n|-heal|p1a: Venusaur|87\/100|[from] drain|[of] p2a: Heatran\n|move|p2a: Heatran|Magma Storm|p1a: Venusaur\n|-supereffective|p1a: Venusaur\n|-crit|p1a: Venusaur\n|-end|p1a: Venusaur|Substitute\n|\n|-heal|p1a: Venusaur|93\/100|[from] item: Black Sludge\n|-heal|p2a: Heatran|90\/100|[from] item: Leftovers\n|-damage|p2a: Heatran|78\/100|[from] Leech Seed|[of] p1a: Venusaur\n|-heal|p1a: Venusaur|100\/100|[silent]\n|upkeep\n|turn|12\n|\n|t:|1662469396\n|switch|p1a: Gyarados|Gyarados, M|100\/100\n|move|p2a: Heatran|Magma Storm|p1a: Gyarados|[miss]\n|-miss|p2a: Heatran|p1a: Gyarados\n|\n|-heal|p2a: Heatran|84\/100|[from] item: Leftovers\n|-damage|p2a: Heatran|72\/100|[from] Leech Seed|[of] p1a: Gyarados\n|-fieldend|move: Electric Terrain\n|upkeep\n|turn|13\n|\n|t:|1662469405\n|switch|p2a: Mandibuzz|Mandibuzz, F|88\/100\n|move|p1a: Gyarados|Bounce||[still]\n|-prepare|p1a: Gyarados|Bounce\n|\n|upkeep\n|turn|14\n|\n|t:|1662469414\n|move|p1a: Gyarados|Bounce|p2a: Mandibuzz|[from]lockedmove\n|-damage|p2a: Mandibuzz|65\/100\n|move|p2a: Mandibuzz|Foul Play|p1a: Gyarados\n|-damage|p1a: Gyarados|35\/100\n|\n|upkeep\n|turn|15\n|\n|t:|1662469420\n|switch|p1a: Volcarona|Volcarona, F|79\/100\n|move|p2a: Mandibuzz|U-turn|p1a: Volcarona\n|-resisted|p1a: Volcarona\n|-damage|p1a: Volcarona|71\/100\n|-status|p2a: Mandibuzz|brn|[from] ability: Flame Body|[of] p1a: Volcarona\n|\n|t:|1662469430\n|switch|p2a: Tapu Koko|Tapu Koko|100\/100|[from]move: U-turn\n|-fieldstart|move: Electric Terrain|[from] ability: Electric Surge|[of] p2a: Tapu Koko\n|\n|upkeep\n|turn|16\n|\n|t:|1662469449\n|move|p2a: Tapu Koko|Thunderbolt|p1a: Volcarona\n|-damage|p1a: Volcarona|0 fnt\n|faint|p1a: Volcarona\n|\n|upkeep\n|\n|t:|1662469452\n|switch|p1a: Venusaur|Venusaur, M|100\/100\n|turn|17\n|\n|t:|1662469458\n|switch|p2a: Heatran|Heatran, M|72\/100\n|move|p1a: Venusaur|Leech Seed|p2a: Heatran\n|-start|p2a: Heatran|move: Leech Seed\n|\n|-heal|p2a: Heatran|78\/100|[from] item: Leftovers\n|-damage|p2a: Heatran|66\/100|[from] Leech Seed|[of] p1a: Venusaur\n|upkeep\n|turn|18\n|\n|t:|1662469465\n|switch|p1a: Gyarados|Gyarados, M|35\/100\n|move|p2a: Heatran|Taunt|p1a: Gyarados\n|-start|p1a: Gyarados|move: Taunt\n|\n|-heal|p2a: Heatran|72\/100|[from] item: Leftovers\n|-damage|p2a: Heatran|59\/100|[from] Leech Seed|[of] p1a: Gyarados\n|-heal|p1a: Gyarados|50\/100|[silent]\n|upkeep\n|turn|19\n|\n|t:|1662469478\n|switch|p2a: Mandibuzz|Mandibuzz, F|65\/100 brn\n|move|p1a: Gyarados|Waterfall|p2a: Mandibuzz\n|-damage|p2a: Mandibuzz|41\/100 brn\n|\n|-damage|p2a: Mandibuzz|35\/100 brn|[from] brn\n|-fieldend|move: Electric Terrain\n|upkeep\n|turn|20\n|\n|t:|1662469485\n|move|p1a: Gyarados|Waterfall|p2a: Mandibuzz\n|-damage|p2a: Mandibuzz|12\/100 brn\n|move|p2a: Mandibuzz|Roost|p2a: Mandibuzz\n|-heal|p2a: Mandibuzz|62\/100 brn\n|-singleturn|p2a: Mandibuzz|move: Roost\n|\n|-damage|p2a: Mandibuzz|56\/100 brn|[from] brn\n|-end|p1a: Gyarados|move: Taunt\n|upkeep\n|turn|21\n|\n|t:|1662469494\n|move|p1a: Gyarados|Waterfall|p2a: Mandibuzz\n|-damage|p2a: Mandibuzz|31\/100 brn\n|move|p2a: Mandibuzz|Foul Play|p1a: Gyarados\n|-damage|p1a: Gyarados|20\/100\n|\n|-damage|p2a: Mandibuzz|25\/100 brn|[from] brn\n|upkeep\n|turn|22\n|\n|t:|1662469503\n|move|p1a: Gyarados|Waterfall|p2a: Mandibuzz\n|-damage|p2a: Mandibuzz|3\/100 brn\n|move|p2a: Mandibuzz|Roost|p2a: Mandibuzz\n|-heal|p2a: Mandibuzz|53\/100 brn\n|-singleturn|p2a: Mandibuzz|move: Roost\n|\n|-damage|p2a: Mandibuzz|47\/100 brn|[from] brn\n|upkeep\n|turn|23\n|\n|t:|1662469512\n|switch|p1a: Venusaur|Venusaur, M|100\/100\n|move|p2a: Mandibuzz|U-turn|p1a: Venusaur\n|-damage|p1a: Venusaur|94\/100\n|\n|t:|1662469523\n|switch|p2a: Heracross|Heracross, M|100\/100|[from]move: U-turn\n|\n|-heal|p1a: Venusaur|99\/100|[from] item: Black Sludge\n|-status|p2a: Heracross|brn|[from] item: Flame Orb\n|upkeep\n|turn|24\n|\n|t:|1662469533\n|move|p2a: Heracross|Knock Off|p1a: Venusaur\n|-damage|p1a: Venusaur|48\/100\n|-enditem|p1a: Venusaur|Black Sludge|[from] move: Knock Off|[of] p2a: Heracross\n|move|p1a: Venusaur|Leech Seed|p2a: Heracross\n|-start|p2a: Heracross|move: Leech Seed\n|\n|-damage|p2a: Heracross|88\/100 brn|[from] Leech Seed|[of] p1a: Venusaur\n|-heal|p1a: Venusaur|60\/100|[silent]\n|-damage|p2a: Heracross|82\/100 brn|[from] brn\n|upkeep\n|turn|25\n|\n|t:|1662469547\n|switch|p2a: Heatran|Heatran, M|59\/100\n|switch|p1a: Corviknight|Corviknight, M|100\/100\n|\n|-heal|p2a: Heatran|66\/100|[from] item: Leftovers\n|upkeep\n|turn|26\n|\n|t:|1662469555\n|move|p2a: Heatran|Taunt|p1a: Corviknight\n|-start|p1a: Corviknight|move: Taunt\n|move|p1a: Corviknight|Body Press|p2a: Heatran\n|-supereffective|p2a: Heatran\n|-damage|p2a: Heatran|27\/100\n|\n|-heal|p2a: Heatran|33\/100|[from] item: Leftovers\n|upkeep\n|turn|27\n|\n|t:|1662469563\n|switch|p2a: Tapu Koko|Tapu Koko|100\/100\n|-fieldstart|move: Electric Terrain|[from] ability: Electric Surge|[of] p2a: Tapu Koko\n|move|p1a: Corviknight|Body Press|p2a: Tapu Koko\n|-resisted|p2a: Tapu Koko\n|-damage|p2a: Tapu Koko|84\/100\n|\n|upkeep\n|turn|28\n|\n|t:|1662469575\n|move|p2a: Tapu Koko|Thunderbolt|p1a: Corviknight\n|-supereffective|p1a: Corviknight\n|-damage|p1a: Corviknight|0 fnt\n|faint|p1a: Corviknight\n|\n|upkeep\n|\n|t:|1662469580\n|switch|p1a: Venusaur|Venusaur, M|60\/100\n|turn|29\n|\n|t:|1662469588\n|switch|p2a: Heatran|Heatran, M|33\/100\n|move|p1a: Venusaur|Giga Drain|p2a: Heatran\n|-resisted|p2a: Heatran\n|-damage|p2a: Heatran|29\/100\n|-heal|p1a: Venusaur|63\/100|[from] drain|[of] p2a: Heatran\n|\n|-heal|p2a: Heatran|35\/100|[from] item: Leftovers\n|upkeep\n|turn|30\n|\n|t:|1662469598\n|move|p1a: Venusaur|Leech Seed|p2a: Heatran\n|-start|p2a: Heatran|move: Leech Seed\n|move|p2a: Heatran|Magma Storm|p1a: Venusaur\n|-supereffective|p1a: Venusaur\n|-damage|p1a: Venusaur|0 fnt\n|faint|p1a: Venusaur\n|\n|-heal|p2a: Heatran|42\/100|[from] item: Leftovers\n|upkeep\n|\n|t:|1662469605\n|switch|p1a: Gyarados|Gyarados, M|20\/100\n|turn|31\n|\n|t:|1662469618\n|switch|p2a: Rillaboom|Rillaboom, M|100\/100\n|-fieldstart|move: Grassy Terrain|[from] ability: Grassy Surge|[of] p2a: Rillaboom\n|move|p1a: Gyarados|Dragon Dance|p1a: Gyarados\n|-boost|p1a: Gyarados|atk|1\n|-boost|p1a: Gyarados|spe|1\n|\n|upkeep\n|turn|32\n|c|\u2606broked on bricks|gg\n|\n|t:|1662469627\n|move|p2a: Rillaboom|Grassy Glide|p1a: Gyarados\n|-damage|p1a: Gyarados|0 fnt\n|faint|p1a: Gyarados\n|\n|upkeep\n|c|\u2606Guerrero105|gg\n|-message|Guerrero105 forfeited.\n|\n|win|broked on bricks\n|raw|Guerrero105's rating: 1489 &rarr; <strong>1472<\/strong><br \/>(-17 for losing)\n|raw|broked on bricks's rating: 1543 &rarr; <strong>1560<\/strong><br \/>(+17 for winning)\n|l|\u2606Guerrero105\n||Ladder isn't responding, score probably updated but might not have (Request timeout).\n","uploadtime":1662469638,"views":8,"p1id":"guerrero105","p2id":"brokedonbricks","formatid":"gen8ou","rating":1472,"private":0,"password":null}