{"id":"gen8ou-1625564744","p1":"kokoukohiro","p2":"ninjadouche","format":"gen8ou","log":"|j|\u2606kokoukohiro\n|j|\u2606ninjadouche\n|t:|1658838493\n|gametype|singles\n|player|p1|kokoukohiro|dawn|1495\n|player|p2|ninjadouche|burglar|1552\n|teamsize|p1|6\n|teamsize|p2|6\n|gen|8\n|tier|[Gen 8] OU\n|rated|\n|rule|Sleep Clause Mod: Limit one foe put to sleep\n|rule|Species Clause: Limit one of each Pok\u00e9mon\n|rule|OHKO Clause: OHKO moves are banned\n|rule|Evasion Moves Clause: Evasion moves are banned\n|rule|Endless Battle Clause: Forcing endless battles is banned\n|rule|HP Percentage Mod: HP is shown in percentages\n|rule|Dynamax Clause: You cannot dynamax\n|clearpoke\n|poke|p1|Jirachi|\n|poke|p1|Gastrodon-East, F|\n|poke|p1|Blissey, F|\n|poke|p1|Toxapex, F|\n|poke|p1|Skarmory, M|\n|poke|p1|Tornadus-Therian, M|\n|poke|p2|Marowak-Alola, F|\n|poke|p2|Ninetales, F|\n|poke|p2|Rotom-Wash|\n|poke|p2|Snorlax, M|\n|poke|p2|Shiftry, M|\n|poke|p2|Aggron, F|\n|teampreview\n|\n|t:|1658838499\n|start\n|switch|p1a: Toxapex|Toxapex, F|100\/100\n|switch|p2a: Rotom|Rotom-Wash|100\/100\n|turn|1\n|\n|t:|1658838506\n|move|p2a: Rotom|Will-O-Wisp|p1a: Toxapex\n|-status|p1a: Toxapex|brn\n|move|p1a: Toxapex|Knock Off|p2a: Rotom\n|-damage|p2a: Rotom|94\/100\n|-enditem|p2a: Rotom|Leftovers|[from] move: Knock Off|[of] p1a: Toxapex\n|\n|-damage|p1a: Toxapex|94\/100 brn|[from] brn\n|upkeep\n|turn|2\n|inactive|Battle timer is ON: inactive players will automatically lose when time's up. (requested by ninjadouche)\n|\n|t:|1658838512\n|switch|p1a: Gastrodon|Gastrodon-East, F|100\/100\n|move|p2a: Rotom|Volt Switch|p1a: Gastrodon\n|-immune|p1a: Gastrodon\n|\n|upkeep\n|turn|3\n|\n|t:|1658838525\n|move|p2a: Rotom|Will-O-Wisp|p1a: Gastrodon\n|-status|p1a: Gastrodon|brn\n|move|p1a: Gastrodon|Scald|p2a: Rotom\n|-resisted|p2a: Rotom\n|-damage|p2a: Rotom|80\/100\n|\n|-damage|p1a: Gastrodon|94\/100 brn|[from] brn\n|upkeep\n|turn|4\n|\n|t:|1658838530\n|switch|p2a: Ninetales|Ninetales, F, shiny|100\/100\n|-weather|SunnyDay|[from] ability: Drought|[of] p2a: Ninetales\n|move|p1a: Gastrodon|Scald|p2a: Ninetales\n|-supereffective|p2a: Ninetales\n|-damage|p2a: Ninetales|73\/100\n|\n|-weather|SunnyDay|[upkeep]\n|-heal|p1a: Gastrodon|100\/100 brn|[from] item: Leftovers\n|-damage|p1a: Gastrodon|94\/100 brn|[from] brn\n|upkeep\n|turn|5\n|\n|t:|1658838542\n|switch|p2a: Marowak|Marowak-Alola, F|100\/100\n|switch|p1a: Blissey|Blissey, F|100\/100\n|\n|-weather|SunnyDay|[upkeep]\n|upkeep\n|turn|6\n|\n|t:|1658838570\n|switch|p1a: Gastrodon|Gastrodon-East, F|94\/100 brn\n|move|p2a: Marowak|Substitute|p2a: Marowak\n|-start|p2a: Marowak|Substitute\n|-damage|p2a: Marowak|76\/100\n|\n|-weather|SunnyDay|[upkeep]\n|-heal|p1a: Gastrodon|100\/100 brn|[from] item: Leftovers\n|-damage|p1a: Gastrodon|94\/100 brn|[from] brn\n|upkeep\n|turn|7\n|\n|t:|1658838574\n|move|p2a: Marowak|Poltergeist|p1a: Gastrodon\n|-activate|p1a: Gastrodon|move: Poltergeist|Leftovers\n|-damage|p1a: Gastrodon|0 fnt\n|faint|p1a: Gastrodon\n|\n|-weather|SunnyDay|[upkeep]\n|upkeep\n|\n|t:|1658838582\n|switch|p1a: Toxapex|Toxapex, F|100\/100 brn\n|turn|8\n|\n|t:|1658838588\n|move|p2a: Marowak|Poltergeist|p1a: Toxapex\n|-activate|p1a: Toxapex|move: Poltergeist|Black Sludge\n|-damage|p1a: Toxapex|46\/100 brn\n|move|p1a: Toxapex|Recover|p1a: Toxapex\n|-heal|p1a: Toxapex|96\/100 brn\n|\n|-weather|none\n|-heal|p1a: Toxapex|100\/100 brn|[from] item: Black Sludge\n|-damage|p1a: Toxapex|94\/100 brn|[from] brn\n|upkeep\n|turn|9\n|\n|t:|1658838605\n|move|p2a: Marowak|Poltergeist|p1a: Toxapex\n|-activate|p1a: Toxapex|move: Poltergeist|Black Sludge\n|-damage|p1a: Toxapex|39\/100 brn\n|move|p1a: Toxapex|Knock Off|p2a: Marowak\n|-supereffective|p2a: Marowak\n|-activate|p2a: Marowak|move: Substitute|[damage]\n|\n|-heal|p1a: Toxapex|45\/100 brn|[from] item: Black Sludge\n|-damage|p1a: Toxapex|39\/100 brn|[from] brn\n|upkeep\n|turn|10\n|\n|t:|1658838628\n|switch|p1a: Blissey|Blissey, F|100\/100\n|-singleturn|p2a: Marowak|move: Focus Punch\n|move|p2a: Marowak|Focus Punch|p1a: Blissey\n|-supereffective|p1a: Blissey\n|-damage|p1a: Blissey|0 fnt\n|faint|p1a: Blissey\n|\n|upkeep\n|-message|kokoukohiro forfeited.\n|\n|win|ninjadouche\n|raw|kokoukohiro's rating: 1495 &rarr; <strong>1478<\/strong><br \/>(-17 for losing)\n|raw|ninjadouche's rating: 1552 &rarr; <strong>1569<\/strong><br \/>(+17 for winning)\n|l|\u2606kokoukohiro\n||Ladder isn't responding, score probably updated but might not have (Request timeout).\n","uploadtime":1658838744,"views":39,"p1id":"kokoukohiro","p2id":"ninjadouche","formatid":"gen8ou","rating":1478,"private":0,"password":null}