{"id":"gen8ou-1354153602","p1":"BOX CRUSHER","p2":"Del chef","format":"gen8ou","log":"|j|\u2606BOX CRUSHER\n|j|\u2606Del chef\n|t:|1622996828\n|gametype|singles\n|player|p1|BOX CRUSHER|scientist|1571\n|player|p2|Del chef|bugcatcher-gen1|1539\n|teamsize|p1|6\n|teamsize|p2|6\n|gen|8\n|tier|[Gen 8] OU\n|rated|\n|rule|Sleep Clause Mod: Limit one foe put to sleep\n|rule|Species Clause: Limit one of each Pok\u00e9mon\n|rule|OHKO Clause: OHKO moves are banned\n|rule|Evasion Moves Clause: Evasion moves are banned\n|rule|Endless Battle Clause: Forcing endless battles is banned\n|rule|HP Percentage Mod: HP is shown in percentages\n|rule|Dynamax Clause: You cannot dynamax\n|clearpoke\n|poke|p1|Jellicent, M|\n|poke|p1|Snorlax, M|\n|poke|p1|Weezing-Galar, F|\n|poke|p1|Heatran, F|\n|poke|p1|Glastrier|\n|poke|p1|Landorus-Therian, M|\n|poke|p2|Garchomp, F|\n|poke|p2|Kartana|\n|poke|p2|Weavile, M|\n|poke|p2|Zapdos|\n|poke|p2|Rotom-Heat|\n|poke|p2|Clefable, F|\n|teampreview\n|\n|t:|1622996840\n|start\n|switch|p1a: Weezing|Weezing-Galar, F|100\/100\n|switch|p2a: Garchomp|Garchomp, F|100\/100\n|turn|1\n|\n|t:|1622996848\n|switch|p2a: Rotom|Rotom-Heat|100\/100\n|move|p1a: Weezing|Strange Steam|p2a: Rotom\n|-resisted|p2a: Rotom\n|-damage|p2a: Rotom|87\/100\n|-start|p2a: Rotom|confusion\n|\n|upkeep\n|turn|2\n|inactive|Battle timer is ON: inactive players will automatically lose when time's up. (requested by BOX CRUSHER)\n|\n|t:|1622996853\n|move|p1a: Weezing|Protect|p1a: Weezing\n|-singleturn|p1a: Weezing|Protect\n|-activate|p2a: Rotom|confusion\n|move|p2a: Rotom|Nasty Plot|p2a: Rotom\n|-boost|p2a: Rotom|spa|2\n|\n|upkeep\n|turn|3\n|\n|t:|1622996858\n|switch|p1a: Snorlax|Snorlax, M|100\/100\n|-activate|p2a: Rotom|confusion\n|-damage|p2a: Rotom|80\/100|[from] confusion\n|\n|upkeep\n|turn|4\n|\n|t:|1622996868\n|switch|p2a: Kartana|Kartana|100\/100\n|move|p1a: Snorlax|Body Slam|p2a: Kartana\n|-resisted|p2a: Kartana\n|-damage|p2a: Kartana|85\/100\n|\n|-heal|p2a: Kartana|92\/100|[from] item: Leftovers\n|upkeep\n|turn|5\n|\n|t:|1622996879\n|switch|p1a: Landorus|Landorus-Therian, M|100\/100\n|-ability|p1a: Landorus|Intimidate|boost\n|-unboost|p2a: Kartana|atk|1\n|move|p2a: Kartana|Knock Off|p1a: Landorus\n|-damage|p1a: Landorus|72\/100\n|-enditem|p1a: Landorus|Soft Sand|[from] move: Knock Off|[of] p2a: Kartana\n|\n|-heal|p2a: Kartana|98\/100|[from] item: Leftovers\n|upkeep\n|turn|6\n|\n|t:|1622996893\n|switch|p1a: Weezing|Weezing-Galar, F|100\/100\n|move|p2a: Kartana|Smart Strike|p1a: Weezing\n|-supereffective|p1a: Weezing\n|-damage|p1a: Weezing|66\/100\n|\n|-heal|p2a: Kartana|100\/100|[from] item: Leftovers\n|-heal|p1a: Weezing|72\/100|[from] item: Black Sludge\n|upkeep\n|turn|7\n|\n|t:|1622996904\n|move|p2a: Kartana|Knock Off|p1a: Weezing\n|-resisted|p1a: Weezing\n|-damage|p1a: Weezing|64\/100\n|-enditem|p1a: Weezing|Black Sludge|[from] move: Knock Off|[of] p2a: Kartana\n|move|p1a: Weezing|Flamethrower|p2a: Kartana\n|-supereffective|p2a: Kartana\n|-damage|p2a: Kartana|0 fnt\n|faint|p2a: Kartana\n|\n|upkeep\n|\n|t:|1622996909\n|switch|p2a: Rotom|Rotom-Heat|80\/100\n|turn|8\n|\n|t:|1622996918\n|move|p1a: Weezing|Protect|p1a: Weezing\n|-singleturn|p1a: Weezing|Protect\n|move|p2a: Rotom|Discharge|p1a: Weezing\n|-activate|p1a: Weezing|move: Protect\n|\n|upkeep\n|turn|9\n|\n|t:|1622996923\n|switch|p1a: Snorlax|Snorlax, M|100\/100\n|move|p2a: Rotom|Nasty Plot|p2a: Rotom\n|-boost|p2a: Rotom|spa|2\n|\n|upkeep\n|turn|10\n|\n|t:|1622996930\n|move|p2a: Rotom|Nasty Plot|p2a: Rotom\n|-boost|p2a: Rotom|spa|2\n|move|p1a: Snorlax|Body Slam|p2a: Rotom\n|-damage|p2a: Rotom|48\/100\n|\n|upkeep\n|turn|11\n|\n|t:|1622996937\n|move|p2a: Rotom|Nasty Plot|p2a: Rotom\n|-boost|p2a: Rotom|spa|2\n|move|p1a: Snorlax|Body Slam|p2a: Rotom\n|-damage|p2a: Rotom|17\/100\n|\n|upkeep\n|turn|12\n|\n|t:|1622996949\n|switch|p1a: Landorus|Landorus-Therian, M|72\/100\n|-ability|p1a: Landorus|Intimidate|boost\n|-unboost|p2a: Rotom|atk|1\n|move|p2a: Rotom|Pain Split|p1a: Landorus\n|-sethp|p1a: Landorus|44\/100|[from] move: Pain Split|[silent]\n|-sethp|p2a: Rotom|46\/100|[from] move: Pain Split\n|\n|upkeep\n|turn|13\n|\n|t:|1622996956\n|move|p1a: Landorus|Stone Edge|p2a: Rotom\n|-supereffective|p2a: Rotom\n|-damage|p2a: Rotom|0 fnt\n|faint|p2a: Rotom\n|\n|upkeep\n|\n|t:|1622996958\n|switch|p2a: Weavile|Weavile, M|100\/100\n|-ability|p2a: Weavile|Pressure\n|turn|14\n|\n|t:|1622996967\n|move|p2a: Weavile|Swords Dance|p2a: Weavile\n|-boost|p2a: Weavile|atk|2\n|move|p1a: Landorus|U-turn|p2a: Weavile\n|-supereffective|p2a: Weavile\n|-damage|p2a: Weavile|4\/100\n|\n|t:|1622996992\n|switch|p1a: Weezing|Weezing-Galar, F|64\/100|[from]move: U-turn\n|\n|upkeep\n|turn|15\n|\n|t:|1622997014\n|move|p2a: Weavile|Triple Axel|p1a: Weezing\n|-damage|p1a: Weezing|50\/100\n|-damage|p1a: Weezing|23\/100\n|-damage|p1a: Weezing|0 fnt\n|faint|p1a: Weezing\n|-hitcount|p1: Weezing|3\n|\n|upkeep\n|\n|t:|1622997031\n|switch|p1a: Glastrier|Glastrier|100\/100\n|turn|16\n|\n|t:|1622997040\n|move|p2a: Weavile|Knock Off|p1a: Glastrier\n|-damage|p1a: Glastrier|36\/100\n|-enditem|p1a: Glastrier|Weakness Policy|[from] move: Knock Off|[of] p2a: Weavile\n|move|p1a: Glastrier|Lash Out|p2a: Weavile\n|-resisted|p2a: Weavile\n|-damage|p2a: Weavile|0 fnt\n|faint|p2a: Weavile\n|-ability|p1a: Glastrier|Chilling Neigh|boost\n|-boost|p1a: Glastrier|atk|1\n|\n|upkeep\n|\n|t:|1622997047\n|switch|p2a: Garchomp|Garchomp, F|100\/100\n|turn|17\n|\n|t:|1622997049\n|move|p2a: Garchomp|Fire Blast|p1a: Glastrier\n|-supereffective|p1a: Glastrier\n|-damage|p1a: Glastrier|0 fnt\n|faint|p1a: Glastrier\n|\n|upkeep\n|\n|t:|1622997055\n|switch|p1a: Jellicent|Jellicent, M|100\/100\n|turn|18\n|\n|t:|1622997085\n|switch|p2a: Zapdos|Zapdos|100\/100\n|move|p1a: Jellicent|Will-O-Wisp|p2a: Zapdos\n|-status|p2a: Zapdos|brn\n|\n|-damage|p2a: Zapdos|94\/100 brn|[from] brn\n|upkeep\n|turn|19\n|\n|t:|1622997091\n|switch|p1a: Snorlax|Snorlax, M|100\/100\n|move|p2a: Zapdos|Toxic|p1a: Snorlax\n|-status|p1a: Snorlax|tox\n|\n|-damage|p1a: Snorlax|94\/100 tox|[from] psn\n|-damage|p2a: Zapdos|88\/100 brn|[from] brn\n|upkeep\n|turn|20\n|\n|t:|1622997102\n|switch|p1a: Landorus|Landorus-Therian, M|44\/100\n|-ability|p1a: Landorus|Intimidate|boost\n|-unboost|p2a: Zapdos|atk|1\n|move|p2a: Zapdos|Discharge|p1a: Landorus\n|-immune|p1a: Landorus\n|\n|-damage|p2a: Zapdos|82\/100 brn|[from] brn\n|upkeep\n|turn|21\n|\n|t:|1622997115\n|switch|p2a: Garchomp|Garchomp, F|100\/100\n|move|p1a: Landorus|Stone Edge|p2a: Garchomp|[miss]\n|-miss|p1a: Landorus|p2a: Garchomp\n|\n|upkeep\n|turn|22\n|\n|t:|1622997121\n|switch|p1a: Jellicent|Jellicent, M|100\/100\n|move|p2a: Garchomp|Draco Meteor|p1a: Jellicent\n|-damage|p1a: Jellicent|65\/100\n|-unboost|p2a: Garchomp|spa|2\n|-enditem|p2a: Garchomp|Eject Pack\n|\n|t:|1622997126\n|switch|p2a: Zapdos|Zapdos|82\/100 brn\n|\n|-damage|p2a: Zapdos|76\/100 brn|[from] brn\n|upkeep\n|turn|23\n|\n|t:|1622997131\n|switch|p1a: Snorlax|Snorlax, M|94\/100 tox\n|move|p2a: Zapdos|Discharge|p1a: Snorlax\n|-damage|p1a: Snorlax|81\/100 tox\n|\n|-heal|p1a: Snorlax|87\/100 tox|[from] item: Leftovers\n|-damage|p1a: Snorlax|81\/100 tox|[from] psn\n|-damage|p2a: Zapdos|70\/100 brn|[from] brn\n|upkeep\n|turn|24\n|\n|t:|1622997136\n|move|p2a: Zapdos|Roost|p2a: Zapdos\n|-heal|p2a: Zapdos|100\/100 brn\n|-singleturn|p2a: Zapdos|move: Roost\n|move|p1a: Snorlax|Curse|p1a: Snorlax\n|-unboost|p1a: Snorlax|spe|1\n|-boost|p1a: Snorlax|atk|1\n|-boost|p1a: Snorlax|def|1\n|\n|-heal|p1a: Snorlax|87\/100 tox|[from] item: Leftovers\n|-damage|p1a: Snorlax|75\/100 tox|[from] psn\n|-damage|p2a: Zapdos|94\/100 brn|[from] brn\n|upkeep\n|turn|25\n|\n|t:|1622997150\n|move|p2a: Zapdos|Discharge|p1a: Snorlax\n|-damage|p1a: Snorlax|61\/100 tox\n|move|p1a: Snorlax|Rest|p1a: Snorlax\n|-status|p1a: Snorlax|slp|[from] move: Rest\n|-heal|p1a: Snorlax|100\/100 slp|[silent]\n|\n|-damage|p2a: Zapdos|88\/100 brn|[from] brn\n|upkeep\n|turn|26\n|\n|t:|1622997155\n|switch|p2a: Clefable|Clefable, F|100\/100\n|cant|p1a: Snorlax|slp\n|move|p1a: Snorlax|Sleep Talk|p1a: Snorlax\n|move|p1a: Snorlax|Body Slam|p2a: Clefable|[from]move: Sleep Talk\n|-damage|p2a: Clefable|34\/100\n|\n|upkeep\n|turn|27\n|\n|t:|1622997166\n|move|p2a: Clefable|Trick|p1a: Snorlax\n|-activate|p2a: Clefable|move: Trick|[of] p1a: Snorlax\n|-item|p1a: Snorlax|Choice Scarf|[from] move: Trick\n|-item|p2a: Clefable|Leftovers|[from] move: Trick\n|cant|p1a: Snorlax|slp\n|move|p1a: Snorlax|Sleep Talk|p1a: Snorlax\n|move|p1a: Snorlax|Body Slam|p2a: Clefable|[from]move: Sleep Talk\n|-damage|p2a: Clefable|0 fnt\n|faint|p2a: Clefable\n|\n|upkeep\n|\n|t:|1622997178\n|switch|p2a: Zapdos|Zapdos|88\/100 brn\n|turn|28\n|\n|t:|1622997186\n|switch|p1a: Heatran|Heatran, F|100\/100\n|move|p2a: Zapdos|Roost|p2a: Zapdos\n|-heal|p2a: Zapdos|100\/100 brn\n|-singleturn|p2a: Zapdos|move: Roost\n|\n|-damage|p2a: Zapdos|94\/100 brn|[from] brn\n|upkeep\n|turn|29\n|\n|t:|1622997196\n|move|p2a: Zapdos|Discharge|p1a: Heatran\n|-damage|p1a: Heatran|79\/100\n|move|p1a: Heatran|Magma Storm|p2a: Zapdos|[miss]\n|-miss|p1a: Heatran|p2a: Zapdos\n|\n|-heal|p1a: Heatran|85\/100|[from] item: Leftovers\n|-damage|p2a: Zapdos|88\/100 brn|[from] brn\n|upkeep\n|turn|30\n|\n|t:|1622997206\n|move|p1a: Heatran|Protect|p1a: Heatran\n|-singleturn|p1a: Heatran|Protect\n|move|p2a: Zapdos|Discharge|p1a: Heatran\n|-activate|p1a: Heatran|move: Protect\n|\n|-heal|p1a: Heatran|92\/100|[from] item: Leftovers\n|-damage|p2a: Zapdos|82\/100 brn|[from] brn\n|upkeep\n|turn|31\n|\n|t:|1622997211\n|move|p2a: Zapdos|Discharge|p1a: Heatran\n|-damage|p1a: Heatran|70\/100\n|move|p1a: Heatran|Magma Storm|p2a: Zapdos\n|-damage|p2a: Zapdos|42\/100 brn\n|-activate|p2a: Zapdos|move: Magma Storm|[of] p1a: Heatran\n|\n|-heal|p1a: Heatran|76\/100|[from] item: Leftovers\n|-damage|p2a: Zapdos|36\/100 brn|[from] brn\n|-damage|p2a: Zapdos|23\/100 brn|[from] move: Magma Storm|[partiallytrapped]\n|upkeep\n|turn|32\n|\n|t:|1622997221\n|move|p2a: Zapdos|Roost|p2a: Zapdos\n|-heal|p2a: Zapdos|74\/100 brn\n|-singleturn|p2a: Zapdos|move: Roost\n|move|p1a: Heatran|Earth Power|p2a: Zapdos\n|-supereffective|p2a: Zapdos\n|-damage|p2a: Zapdos|21\/100 brn\n|\n|-heal|p1a: Heatran|82\/100|[from] item: Leftovers\n|-damage|p2a: Zapdos|15\/100 brn|[from] brn\n|-damage|p2a: Zapdos|3\/100 brn|[from] move: Magma Storm|[partiallytrapped]\n|upkeep\n|turn|33\n|\n|t:|1622997227\n|move|p2a: Zapdos|Discharge|p1a: Heatran\n|-damage|p1a: Heatran|62\/100\n|move|p1a: Heatran|Earth Power|p2a: Zapdos\n|-immune|p2a: Zapdos\n|\n|-heal|p1a: Heatran|68\/100|[from] item: Leftovers\n|-damage|p2a: Zapdos|0 fnt|[from] brn\n|faint|p2a: Zapdos\n|upkeep\n|\n|t:|1622997231\n|switch|p2a: Garchomp|Garchomp, F|100\/100\n|turn|34\n|\n|t:|1622997238\n|switch|p1a: Landorus|Landorus-Therian, M|44\/100\n|-ability|p1a: Landorus|Intimidate|boost\n|-unboost|p2a: Garchomp|atk|1\n|move|p2a: Garchomp|Draco Meteor|p1a: Landorus\n|-damage|p1a: Landorus|0 fnt\n|-unboost|p2a: Garchomp|spa|2\n|faint|p1a: Landorus\n|\n|upkeep\n|\n|t:|1622997241\n|switch|p1a: Jellicent|Jellicent, M|65\/100\n|turn|35\n|\n|t:|1622997246\n|move|p2a: Garchomp|Earthquake|p1a: Jellicent\n|-damage|p1a: Jellicent|40\/100\n|move|p1a: Jellicent|Will-O-Wisp|p2a: Garchomp\n|-status|p2a: Garchomp|brn\n|\n|-damage|p2a: Garchomp|94\/100 brn|[from] brn\n|upkeep\n|turn|36\n|\n|t:|1622997250\n|move|p2a: Garchomp|Draco Meteor|p1a: Jellicent\n|-damage|p1a: Jellicent|20\/100\n|-unboost|p2a: Garchomp|spa|2\n|move|p1a: Jellicent|Strength Sap|p2a: Garchomp\n|-unboost|p2a: Garchomp|atk|1\n|-heal|p1a: Jellicent|69\/100\n|\n|-damage|p2a: Garchomp|88\/100 brn|[from] brn\n|upkeep\n|turn|37\n|-message|Del chef forfeited.\n|\n|win|BOX CRUSHER\n|raw|BOX CRUSHER's rating: 1571 &rarr; <strong>1592<\/strong><br \/>(+21 for winning)\n|raw|Del chef's rating: 1584 &rarr; <strong>1563<\/strong><br \/>(-21 for losing)\n|l|\u2606Del chef\n","uploadtime":1622997259,"views":22,"p1id":"boxcrusher","p2id":"delchef","formatid":"gen8ou","rating":1563,"private":0,"password":null}