{"id":"gen8nationaldex-1666904484","p1":"Brody1026","p2":"FleetFoxxx","format":"gen8nationaldex","log":"|j|\u2606Brody1026\n|j|\u2606FleetFoxxx\n|t:|1663457425\n|gametype|singles\n|player|p1|Brody1026|lance|\n|player|p2|FleetFoxxx|flannery|\n|teamsize|p1|6\n|teamsize|p2|6\n|gen|8\n|tier|[Gen 8] National Dex\n|rule|HP Percentage Mod: HP is shown in percentages\n|rule|Endless Battle Clause: Forcing endless battles is banned\n|rule|OHKO Clause: OHKO moves are banned\n|rule|Evasion Moves Clause: Evasion moves are banned\n|rule|Species Clause: Limit one of each Pok\u00e9mon\n|rule|Dynamax Clause: You cannot dynamax\n|rule|Sleep Clause Mod: Limit one foe put to sleep\n|clearpoke\n|poke|p1|Zeraora|\n|poke|p1|Volcanion|\n|poke|p1|Dhelmise|\n|poke|p1|Uxie|\n|poke|p1|Yanmega, F|\n|poke|p1|Audino, F|\n|poke|p2|Pinsir, F|\n|poke|p2|Celesteela|\n|poke|p2|Goodra, M|\n|poke|p2|Runerigus, F|\n|poke|p2|Silvally-*|\n|poke|p2|Hydreigon, M|\n|teampreview\n|j| pretty rave girl\n|c|\u2606FleetFoxxx|gl hf!\n|c|\u2606Brody1026|gl hf\n|j| evilhanaklaus\n|j| KMDolly\n|\n|t:|1663457487\n|start\n|switch|p1a: Uxie|Uxie|100\/100\n|switch|p2a: Celesteela|Celesteela|100\/100\n|turn|1\n|\n|t:|1663457494\n|move|p1a: Uxie|Stealth Rock|p2a: Celesteela\n|-sidestart|p2: FleetFoxxx|move: Stealth Rock\n|move|p2a: Celesteela|Substitute|p2a: Celesteela\n|-start|p2a: Celesteela|Substitute\n|-damage|p2a: Celesteela|76\/100\n|\n|upkeep\n|turn|2\n|j| sh0shin2\n|j| bsvhsvj\n|j| DerpyDots\n|l| bsvhsvj\n|\n|t:|1663457551\n|switch|p1a: Volcanion|Volcanion|100\/100\n|move|p2a: Celesteela|Leech Seed|p1a: Volcanion|[miss]\n|-miss|p2a: Celesteela|p1a: Volcanion\n|\n|upkeep\n|turn|3\n|\n|t:|1663457561\n|move|p1a: Volcanion|Flamethrower|p2a: Celesteela\n|-supereffective|p2a: Celesteela\n|-end|p2a: Celesteela|Substitute\n|move|p2a: Celesteela|Earthquake|p1a: Volcanion\n|-supereffective|p1a: Volcanion\n|-damage|p1a: Volcanion|51\/100\n|\n|upkeep\n|turn|4\n|\n|t:|1663457597\n|move|p1a: Volcanion|Flamethrower|p2a: Celesteela\n|-supereffective|p2a: Celesteela\n|-enditem|p2a: Celesteela|Occa Berry|[eat]\n|-enditem|p2a: Celesteela|Occa Berry|[weaken]\n|-damage|p2a: Celesteela|10\/100\n|move|p2a: Celesteela|Earthquake|p1a: Volcanion\n|-supereffective|p1a: Volcanion\n|-crit|p1a: Volcanion\n|-damage|p1a: Volcanion|0 fnt\n|faint|p1a: Volcanion\n|-ability|p2a: Celesteela|Beast Boost|boost\n|-boost|p2a: Celesteela|def|1\n|\n|upkeep\n|j| Matieu\n|\n|t:|1663457608\n|switch|p1a: Zeraora|Zeraora|100\/100\n|turn|5\n|\n|t:|1663457612\n|move|p1a: Zeraora|Plasma Fists|p2a: Celesteela\n|-supereffective|p2a: Celesteela\n|-damage|p2a: Celesteela|0 fnt\n|-fieldactivate|move: Ion Deluge\n|-hint|Normal-type moves become Electric-type after using Plasma Fists.\n|faint|p2a: Celesteela\n|\n|upkeep\n|\n|t:|1663457616\n|switch|p2a: Runerigus|Runerigus, F|100\/100\n|-damage|p2a: Runerigus|95\/100|[from] Stealth Rock\n|turn|6\n|\n|t:|1663457650\n|switch|p1a: Yanmega|Yanmega, F|100\/100\n|move|p2a: Runerigus|Stealth Rock|p1a: Yanmega\n|-sidestart|p1: Brody1026|move: Stealth Rock\n|\n|-heal|p2a: Runerigus|100\/100|[from] item: Leftovers\n|upkeep\n|turn|7\n|\n|t:|1663457674\n|switch|p2a: Silvally|Silvally-Fairy|100\/100\n|-damage|p2a: Silvally|88\/100|[from] Stealth Rock\n|move|p1a: Yanmega|Protect||[still]\n|-fail|p1a: Yanmega\n|\n|-ability|p1a: Yanmega|Speed Boost|boost\n|-boost|p1a: Yanmega|spe|1\n|upkeep\n|turn|8\n|\n|t:|1663457756\n|switch|p1a: Audino|Audino, F|100\/100\n|-damage|p1a: Audino|88\/100|[from] Stealth Rock\n|move|p2a: Silvally|Multi-Attack|p1a: Audino\n|-damage|p1a: Audino|50\/100\n|\n|-heal|p1a: Audino|56\/100|[from] item: Leftovers\n|upkeep\n|turn|9\n|\n|t:|1663457773\n|move|p2a: Silvally|Defog|p1a: Audino\n|-unboost|p1a: Audino|evasion|1\n|-sideend|p1: Brody1026|Stealth Rock|[from] move: Defog|[of] p2a: Silvally\n|-sideend|p2: FleetFoxxx|Stealth Rock|[from] move: Defog|[of] p2a: Silvally\n|move|p1a: Audino|Thunder Wave|p2a: Silvally\n|-status|p2a: Silvally|par\n|\n|-heal|p1a: Audino|62\/100|[from] item: Leftovers\n|upkeep\n|turn|10\n|\n|t:|1663457813\n|switch|p1a: Dhelmise|Dhelmise|100\/100\n|cant|p2a: Silvally|par\n|\n|upkeep\n|turn|11\n|\n|t:|1663457829\n|switch|p2a: Goodra|Goodra, M|100\/100\n|move|p1a: Dhelmise|Anchor Shot|p2a: Goodra\n|-damage|p2a: Goodra|73\/100\n|-activate|p2a: Goodra|trapped\n|-ability|p2a: Goodra|Gooey\n|-unboost|p1a: Dhelmise|spe|1\n|\n|-heal|p2a: Goodra|79\/100|[from] item: Leftovers\n|upkeep\n|turn|12\n|j| bsvhsvj\n|\n|t:|1663457859\n|switch|p1a: Uxie|Uxie|100\/100\n|move|p2a: Goodra|Toxic|p1a: Uxie\n|-status|p1a: Uxie|tox\n|\n|-heal|p2a: Goodra|85\/100|[from] item: Leftovers\n|-damage|p1a: Uxie|94\/100 tox|[from] psn\n|upkeep\n|turn|13\n|\n|t:|1663457874\n|switch|p2a: Silvally|Silvally-Fairy|88\/100 par\n|move|p1a: Uxie|Dazzling Gleam|p2a: Silvally\n|-damage|p2a: Silvally|78\/100 par\n|\n|-heal|p1a: Uxie|100\/100 tox|[from] item: Leftovers\n|-damage|p1a: Uxie|88\/100 tox|[from] psn\n|upkeep\n|turn|14\n|l| bsvhsvj\n|\n|t:|1663457883\n|move|p1a: Uxie|Stealth Rock|p2a: Silvally\n|-sidestart|p2: FleetFoxxx|move: Stealth Rock\n|move|p2a: Silvally|Multi-Attack|p1a: Uxie\n|-damage|p1a: Uxie|66\/100 tox\n|\n|-heal|p1a: Uxie|72\/100 tox|[from] item: Leftovers\n|-damage|p1a: Uxie|53\/100 tox|[from] psn\n|upkeep\n|turn|15\n|\n|t:|1663457906\n|switch|p1a: Zeraora|Zeraora|100\/100\n|move|p2a: Silvally|Defog|p1a: Zeraora\n|-unboost|p1a: Zeraora|evasion|1\n|-sideend|p2: FleetFoxxx|Stealth Rock|[from] move: Defog|[of] p2a: Silvally\n|\n|upkeep\n|turn|16\n|\n|t:|1663457913\n|switch|p2a: Runerigus|Runerigus, F|100\/100\n|move|p1a: Zeraora|Plasma Fists|p2a: Runerigus\n|-immune|p2a: Runerigus\n|\n|upkeep\n|turn|17\n|\n|t:|1663457935\n|switch|p1a: Yanmega|Yanmega, F|100\/100\n|move|p2a: Runerigus|Stealth Rock|p1a: Yanmega\n|-sidestart|p1: Brody1026|move: Stealth Rock\n|\n|upkeep\n|turn|18\n|\n|t:|1663457952\n|move|p1a: Yanmega|Hidden Power|p2a: Runerigus\n|-supereffective|p2a: Runerigus\n|-damage|p2a: Runerigus|47\/100\n|-damage|p1a: Yanmega|91\/100|[from] item: Life Orb\n|move|p2a: Runerigus|Shadow Claw|p1a: Yanmega\n|-damage|p1a: Yanmega|61\/100\n|\n|-heal|p2a: Runerigus|53\/100|[from] item: Leftovers\n|-ability|p1a: Yanmega|Speed Boost|boost\n|-boost|p1a: Yanmega|spe|1\n|upkeep\n|turn|19\n|\n|t:|1663457962\n|switch|p2a: Silvally|Silvally-Fairy|78\/100 par\n|move|p1a: Yanmega|Hidden Power|p2a: Silvally\n|-damage|p2a: Silvally|61\/100 par\n|-damage|p1a: Yanmega|51\/100|[from] item: Life Orb\n|\n|-ability|p1a: Yanmega|Speed Boost|boost\n|-boost|p1a: Yanmega|spe|1\n|upkeep\n|turn|20\n|\n|t:|1663457977\n|switch|p1a: Dhelmise|Dhelmise|100\/100\n|cant|p2a: Silvally|par\n|\n|upkeep\n|turn|21\n|\n|t:|1663457984\n|move|p1a: Dhelmise|Rapid Spin|p2a: Silvally\n|-damage|p2a: Silvally|48\/100 par\n|-boost|p1a: Dhelmise|spe|1\n|-sideend|p1: Brody1026|Stealth Rock|[from] move: Rapid Spin|[of] p1a: Dhelmise\n|cant|p2a: Silvally|par\n|\n|upkeep\n|turn|22\n|\n|t:|1663457991\n|move|p1a: Dhelmise|Anchor Shot|p2a: Silvally\n|-supereffective|p2a: Silvally\n|-damage|p2a: Silvally|0 fnt\n|faint|p2a: Silvally\n|\n|upkeep\n|c| sh0shin2|silvally-para\n|j| Burrahobbit\n|j| johngalt149\n|l| Matieu\n|\n|t:|1663458093\n|switch|p2a: Hydreigon|Hydreigon, M|100\/100\n|turn|23\n|j| bsvhsvj\n|\n|t:|1663458140\n|switch|p1a: Audino|Audino, F|95\/100\n|move|p2a: Hydreigon|Dark Pulse|p1a: Audino\n|-damage|p1a: Audino|69\/100\n|\n|-heal|p1a: Audino|75\/100|[from] item: Leftovers\n|upkeep\n|turn|24\n|\n|t:|1663458148\n|switch|p2a: Runerigus|Runerigus, F|53\/100\n|move|p1a: Audino|Thunder Wave|p2a: Runerigus\n|-immune|p2a: Runerigus\n|\n|-heal|p1a: Audino|81\/100|[from] item: Leftovers\n|-heal|p2a: Runerigus|58\/100|[from] item: Leftovers\n|upkeep\n|turn|25\n|\n|t:|1663458158\n|move|p1a: Audino|Knock Off|p2a: Runerigus\n|-supereffective|p2a: Runerigus\n|-damage|p2a: Runerigus|40\/100\n|-activate|p2a: Runerigus|ability: Wandering Spirit|Regenerator|Wandering Spirit|[of] p1a: Audino\n|-enditem|p2a: Runerigus|Leftovers|[from] move: Knock Off|[of] p1a: Audino\n|move|p2a: Runerigus|Stealth Rock|p1a: Audino\n|-sidestart|p1: Brody1026|move: Stealth Rock\n|\n|-heal|p1a: Audino|88\/100|[from] item: Leftovers\n|upkeep\n|turn|26\n|\n|t:|1663458190\n|move|p1a: Audino|Knock Off|p2a: Runerigus\n|-supereffective|p2a: Runerigus\n|-damage|p2a: Runerigus|28\/100\n|move|p2a: Runerigus|Earthquake|p1a: Audino\n|-damage|p1a: Audino|55\/100\n|\n|-heal|p1a: Audino|61\/100|[from] item: Leftovers\n|upkeep\n|turn|27\n|\n|t:|1663458196\n|move|p1a: Audino|Wish|p1a: Audino\n|move|p2a: Runerigus|Will-O-Wisp|p1a: Audino|[miss]\n|-miss|p2a: Runerigus|p1a: Audino\n|\n|-heal|p1a: Audino|68\/100|[from] item: Leftovers\n|upkeep\n|turn|28\n|\n|t:|1663458206\n|move|p1a: Audino|Knock Off|p2a: Runerigus\n|-supereffective|p2a: Runerigus\n|-damage|p2a: Runerigus|16\/100\n|move|p2a: Runerigus|Will-O-Wisp|p1a: Audino\n|-status|p1a: Audino|brn\n|\n|-heal|p1a: Audino|100\/100 brn|[from] move: Wish|[wisher] Audino\n|-damage|p1a: Audino|94\/100 brn|[from] brn\n|upkeep\n|turn|29\n|j| Flare1498\n|\n|t:|1663458234\n|move|p1a: Audino|Knock Off|p2a: Runerigus\n|-supereffective|p2a: Runerigus\n|-damage|p2a: Runerigus|11\/100\n|move|p2a: Runerigus|Earthquake|p1a: Audino\n|-damage|p1a: Audino|61\/100 brn\n|\n|-heal|p1a: Audino|67\/100 brn|[from] item: Leftovers\n|-damage|p1a: Audino|61\/100 brn|[from] brn\n|upkeep\n|turn|30\n|\n|t:|1663458252\n|switch|p2a: Pinsir|Pinsir, F|100\/100\n|move|p1a: Audino|Wish|p1a: Audino\n|\n|-heal|p1a: Audino|67\/100 brn|[from] item: Leftovers\n|-damage|p1a: Audino|61\/100 brn|[from] brn\n|upkeep\n|turn|31\n|l| bsvhsvj\n|j| bsvhsvj\n|\n|t:|1663458324\n|switch|p1a: Uxie|Uxie|53\/100 tox\n|-damage|p1a: Uxie|41\/100 tox|[from] Stealth Rock\n|detailschange|p2a: Pinsir|Pinsir-Mega, F\n|-mega|p2a: Pinsir|Pinsir|Pinsirite\n|move|p2a: Pinsir|Substitute|p2a: Pinsir\n|-start|p2a: Pinsir|Substitute\n|-damage|p2a: Pinsir|76\/100\n|\n|-heal|p1a: Uxie|99\/100 tox|[from] move: Wish|[wisher] Audino\n|-heal|p1a: Uxie|100\/100 tox|[from] item: Leftovers\n|-damage|p1a: Uxie|94\/100 tox|[from] psn\n|upkeep\n|turn|32\n|\n|t:|1663458380\n|move|p2a: Pinsir|Swords Dance|p2a: Pinsir\n|-boost|p2a: Pinsir|atk|2\n|move|p1a: Uxie|Hidden Power|p2a: Pinsir\n|-supereffective|p2a: Pinsir\n|-end|p2a: Pinsir|Substitute\n|\n|-heal|p1a: Uxie|100\/100 tox|[from] item: Leftovers\n|-damage|p1a: Uxie|88\/100 tox|[from] psn\n|upkeep\n|turn|33\n|l| evilhanaklaus\n|\n|t:|1663458435\n|switch|p2a: Goodra|Goodra, M|85\/100\n|move|p1a: Uxie|Hidden Power|p2a: Goodra\n|-supereffective|p2a: Goodra\n|-damage|p2a: Goodra|72\/100\n|\n|-heal|p1a: Uxie|94\/100 tox|[from] item: Leftovers\n|-heal|p2a: Goodra|78\/100|[from] item: Leftovers\n|-damage|p1a: Uxie|76\/100 tox|[from] psn\n|upkeep\n|turn|34\n|\n|t:|1663458469\n|move|p1a: Uxie|Stealth Rock|p2a: Goodra\n|-sidestart|p2: FleetFoxxx|move: Stealth Rock\n|move|p2a: Goodra|Flamethrower|p1a: Uxie\n|-damage|p1a: Uxie|58\/100 tox\n|\n|-heal|p1a: Uxie|64\/100 tox|[from] item: Leftovers\n|-heal|p2a: Goodra|84\/100|[from] item: Leftovers\n|-damage|p1a: Uxie|39\/100 tox|[from] psn\n|upkeep\n|turn|35\n|\n|t:|1663458478\n|move|p1a: Uxie|Dazzling Gleam|p2a: Goodra\n|-supereffective|p2a: Goodra\n|-damage|p2a: Goodra|65\/100\n|move|p2a: Goodra|Flamethrower|p1a: Uxie\n|-damage|p1a: Uxie|23\/100 tox\n|\n|-heal|p1a: Uxie|29\/100 tox|[from] item: Leftovers\n|-heal|p2a: Goodra|71\/100|[from] item: Leftovers\n|-damage|p1a: Uxie|0 fnt|[from] psn\n|faint|p1a: Uxie\n|upkeep\n|\n|t:|1663458501\n|switch|p1a: Zeraora|Zeraora|100\/100\n|-damage|p1a: Zeraora|88\/100|[from] Stealth Rock\n|turn|36\n|\n|t:|1663458506\n|move|p1a: Zeraora|Play Rough|p2a: Goodra\n|-supereffective|p2a: Goodra\n|-damage|p2a: Goodra|17\/100\n|-ability|p2a: Goodra|Gooey\n|-unboost|p1a: Zeraora|spe|1\n|move|p2a: Goodra|Counter|p1a: Zeraora\n|-damage|p1a: Zeraora|0 fnt\n|faint|p1a: Zeraora\n|\n|-heal|p2a: Goodra|23\/100|[from] item: Leftovers\n|upkeep\n|c| sh0shin2|pog\n|c| pretty rave girl|sheeeeeeesh\n|c|\u2606Brody1026|yikes\n|\n|t:|1663458526\n|switch|p1a: Dhelmise|Dhelmise|100\/100\n|turn|37\n|\n|t:|1663458532\n|move|p2a: Goodra|Flamethrower|p1a: Dhelmise\n|-supereffective|p1a: Dhelmise\n|-damage|p1a: Dhelmise|67\/100\n|move|p1a: Dhelmise|Rapid Spin|p2a: Goodra\n|-damage|p2a: Goodra|13\/100\n|-boost|p1a: Dhelmise|spe|1\n|-ability|p2a: Goodra|Gooey\n|-unboost|p1a: Dhelmise|spe|1\n|-sideend|p1: Brody1026|Stealth Rock|[from] move: Rapid Spin|[of] p1a: Dhelmise\n|\n|-heal|p2a: Goodra|19\/100|[from] item: Leftovers\n|upkeep\n|turn|38\n|l| bsvhsvj\n|j| bsvhsvj\n|l| bsvhsvj\n|\n|t:|1663458556\n|move|p2a: Goodra|Flamethrower|p1a: Dhelmise\n|-supereffective|p1a: Dhelmise\n|-damage|p1a: Dhelmise|35\/100\n|move|p1a: Dhelmise|Poltergeist|p2a: Goodra\n|-activate|p2a: Goodra|move: Poltergeist|Leftovers\n|-damage|p2a: Goodra|0 fnt\n|faint|p2a: Goodra\n|\n|upkeep\n|\n|t:|1663458579\n|switch|p2a: Pinsir|Pinsir-Mega, F|76\/100\n|-damage|p2a: Pinsir|26\/100|[from] Stealth Rock\n|turn|39\n|\n|t:|1663458593\n|move|p2a: Pinsir|Return|p1a: Dhelmise\n|-supereffective|p1a: Dhelmise\n|-damage|p1a: Dhelmise|0 fnt\n|faint|p1a: Dhelmise\n|\n|upkeep\n|j| bsvhsvj\n|l| bsvhsvj\n|\n|t:|1663458602\n|switch|p1a: Yanmega|Yanmega, F|51\/100\n|turn|40\n|c| DerpyDots|Nothing more embarrassing than watching your roommate get rolled by a goodra\n|\n|t:|1663458625\n|move|p1a: Yanmega|Protect|p1a: Yanmega\n|-singleturn|p1a: Yanmega|Protect\n|move|p2a: Pinsir|Quick Attack|p1a: Yanmega\n|-activate|p1a: Yanmega|move: Protect\n|\n|-ability|p1a: Yanmega|Speed Boost|boost\n|-boost|p1a: Yanmega|spe|1\n|upkeep\n|turn|41\n|c|\u2606Brody1026|come on now\n|j| bsvhsvj\n|\n|t:|1663458634\n|move|p2a: Pinsir|Quick Attack|p1a: Yanmega\n|-supereffective|p1a: Yanmega\n|-damage|p1a: Yanmega|0 fnt\n|faint|p1a: Yanmega\n|\n|upkeep\n|\n|t:|1663458644\n|switch|p1a: Audino|Audino, F|61\/100 brn\n|turn|42\n|\n|t:|1663458651\n|move|p2a: Pinsir|Return|p1a: Audino\n|-crit|p1a: Audino\n|-damage|p1a: Audino|0 fnt\n|faint|p1a: Audino\n|\n|win|FleetFoxxx\n|l| bsvhsvj\n|c|\u2606Brody1026|gg\n|l| sh0shin2\n|c|\u2606FleetFoxxx|gg ping when ready\n|l| Burrahobbit\n|l| KMDolly\n|j| thamaestro\n|l| thamaestro\n|l| DerpyDots\n|l|\u2606FleetFoxxx\n","uploadtime":1663458833,"views":34,"p1id":"brody1026","p2id":"fleetfoxxx","formatid":"gen8nationaldex","rating":0,"private":0,"password":null}