{"id":"gen8almostanyability-1659976345","p1":"Tourte-Lek","p2":"Faygos","format":"gen8almostanyability","log":"|j|\u2606Tourte-Lek\n|j|\u2606Faygos\n|t:|1662729787\n|gametype|singles\n|player|p1|Tourte-Lek|benga|\n|player|p2|Faygos|169|\n|teamsize|p1|6\n|teamsize|p2|6\n|gen|8\n|tier|[Gen 8] Almost Any Ability\n|rated|Tournament battle\n|rule|Species Clause: Limit one of each Pok\u00e9mon\n|rule|OHKO Clause: OHKO moves are banned\n|rule|Evasion Moves Clause: Evasion moves are banned\n|rule|Endless Battle Clause: Forcing endless battles is banned\n|rule|Dynamax Clause: You cannot dynamax\n|rule|HP Percentage Mod: HP is shown in percentages\n|rule|2 Ability Clause: Limit two of each ability\n|rule|Sleep Clause: Sleep-inducing moves are banned\n|rule|Tier Shift Mod: Pok\u00e9mon get stat buffs depending on their tier, excluding HP.\n|clearpoke\n|poke|p1|Vikavolt, F|\n|poke|p1|Diancie|\n|poke|p1|Cursola, F|\n|poke|p1|Trevenant, F|\n|poke|p1|Beheeyem, F|\n|poke|p1|Marowak-Alola, M|\n|poke|p2|Ho-Oh|\n|poke|p2|Togedemaru, M|\n|poke|p2|Palossand, M|\n|poke|p2|Silvally-*|\n|poke|p2|Aromatisse, M|\n|poke|p2|Throh, M|\n|teampreview\n|j|%Iolanthe\n|inactive|Battle timer is ON: inactive players will automatically lose when time's up. (requested by Tourte-Lek)\n|inactive|Faygos also wants the timer to be on.\n|\n|t:|1662729806\n|start\n|switch|p1a: _|Diancie, shiny|100\/100\n|switch|p2a: Palossand|Palossand, M|100\/100\n|turn|1\n|l|%Iolanthe\n|\n|t:|1662729828\n|move|p2a: Palossand|Earth Power|p1a: _\n|-supereffective|p1a: _\n|-damage|p1a: _|26\/100\n|move|p1a: _|Trick Room|p1a: _\n|-fieldstart|move: Trick Room|[of] p1a: _\n|\n|upkeep\n|turn|2\n|\n|t:|1662729833\n|move|p1a: _|Earth Power|p2a: Palossand\n|-damage|p2a: Palossand|76\/100\n|move|p2a: Palossand|Stealth Rock|p1a: _\n|move|p1a: _|Stealth Rock|p2a: Palossand|[from]ability: Magic Bounce\n|-sidestart|p2: Faygos|move: Stealth Rock\n|\n|upkeep\n|turn|3\n|\n|t:|1662729837\n|move|p1a: _|Earth Power|p2a: Palossand\n|-damage|p2a: Palossand|53\/100\n|move|p2a: Palossand|Shore Up|p2a: Palossand\n|-heal|p2a: Palossand|100\/100\n|\n|upkeep\n|turn|4\n|\n|t:|1662729841\n|move|p1a: _|Earth Power|p2a: Palossand\n|-damage|p2a: Palossand|78\/100\n|move|p2a: Palossand|Earth Power|p1a: _\n|-supereffective|p1a: _\n|-damage|p1a: _|0 fnt\n|faint|p1a: _\n|\n|upkeep\n|\n|t:|1662729850\n|switch|p1a: _-|Marowak-Alola, M|100\/100\n|turn|5\n|\n|t:|1662729863\n|switch|p2a: Throh|Throh, M|100\/100\n|-damage|p2a: Throh|94\/100|[from] Stealth Rock\n|move|p1a: _-|Poltergeist|p2a: Throh\n|-activate|p2a: Throh|move: Poltergeist|Leftovers\n|-damage|p2a: Throh|25\/100\n|\n|-heal|p2a: Throh|32\/100|[from] item: Leftovers\n|-fieldend|move: Trick Room\n|upkeep\n|turn|6\n|\n|t:|1662729874\n|move|p2a: Throh|Knock Off|p1a: _-\n|-supereffective|p1a: _-\n|-damage|p1a: _-|49\/100\n|-enditem|p1a: _-|Thick Club|[from] move: Knock Off|[of] p2a: Throh\n|move|p1a: _-|Poltergeist|p2a: Throh\n|-activate|p2a: Throh|move: Poltergeist|Leftovers\n|-damage|p2a: Throh|0 fnt\n|faint|p2a: Throh\n|\n|upkeep\n|\n|t:|1662729880\n|switch|p2a: Ho-Oh|Ho-Oh|100\/100\n|turn|7\n|\n|t:|1662729886\n|move|p2a: Ho-Oh|Brave Bird|p1a: _-\n|-damage|p1a: _-|0 fnt\n|faint|p1a: _-\n|\n|upkeep\n|\n|t:|1662729894\n|switch|p1a: -_|Beheeyem, F|100\/100\n|turn|8\n|\n|t:|1662729900\n|move|p2a: Ho-Oh|Brave Bird|p1a: -_\n|-damage|p1a: -_|36\/100\n|move|p1a: -_|Trick Room|p1a: -_\n|-fieldstart|move: Trick Room|[of] p1a: -_\n|\n|upkeep\n|turn|9\n|\n|t:|1662729907\n|move|p1a: -_|Destiny Bond|p1a: -_\n|-singlemove|p1a: -_|Destiny Bond\n|move|p2a: Ho-Oh|Brave Bird|p1a: -_\n|-damage|p1a: -_|0 fnt\n|faint|p1a: -_\n|-activate|p1a: -_|move: Destiny Bond\n|faint|p2a: Ho-Oh\n|\n|upkeep\n|\n|t:|1662729914\n|switch|p1a: --|Cursola, F, shiny|100\/100\n|switch|p2a: Aromatisse|Aromatisse, M|100\/100\n|-damage|p2a: Aromatisse|88\/100|[from] Stealth Rock\n|-ability|p2a: Aromatisse|Dauntless Shield|boost\n|-boost|p2a: Aromatisse|def|1\n|turn|10\n|\n|t:|1662729922\n|move|p1a: --|Shadow Ball|p2a: Aromatisse\n|-damage|p2a: Aromatisse|22\/100\n|move|p2a: Aromatisse|Wish|p2a: Aromatisse\n|\n|-heal|p2a: Aromatisse|28\/100|[from] item: Leftovers\n|upkeep\n|turn|11\n|\n|t:|1662729925\n|move|p2a: Aromatisse|Protect|p2a: Aromatisse\n|-singleturn|p2a: Aromatisse|Protect\n|move|p1a: --|Shadow Ball|p2a: Aromatisse\n|-activate|p2a: Aromatisse|move: Protect\n|\n|-heal|p2a: Aromatisse|78\/100|[from] move: Wish|[wisher] Aromatisse\n|-heal|p2a: Aromatisse|84\/100|[from] item: Leftovers\n|upkeep\n|turn|12\n|\n|t:|1662729933\n|switch|p2a: Palossand|Palossand, M|78\/100\n|-damage|p2a: Palossand|71\/100|[from] Stealth Rock\n|move|p1a: --|Shadow Ball|p2a: Palossand\n|-supereffective|p2a: Palossand\n|-damage|p2a: Palossand|0 fnt\n|faint|p2a: Palossand\n|\n|-fieldend|move: Trick Room\n|upkeep\n|\n|t:|1662729935\n|switch|p2a: Silvally|Silvally-Dragon|100\/100\n|-damage|p2a: Silvally|88\/100|[from] Stealth Rock\n|turn|13\n|\n|t:|1662729942\n|move|p2a: Silvally|Draco Meteor|p1a: --\n|-damage|p1a: --|0 fnt\n|-unboost|p2a: Silvally|spa|2\n|faint|p1a: --\n|\n|upkeep\n|\n|t:|1662729948\n|switch|p1a: __|Trevenant, F, shiny|100\/100\n|turn|14\n|\n|t:|1662729951\n|move|p2a: Silvally|Draco Meteor|p1a: __\n|-damage|p1a: __|41\/100\n|-unboost|p2a: Silvally|spa|2\n|move|p1a: __|Trick Room|p1a: __\n|-fieldstart|move: Trick Room|[of] p1a: __\n|\n|upkeep\n|turn|15\n|\n|t:|1662729958\n|switch|p2a: Aromatisse|Aromatisse, M|84\/100\n|-damage|p2a: Aromatisse|72\/100|[from] Stealth Rock\n|-ability|p2a: Aromatisse|Dauntless Shield|boost\n|-boost|p2a: Aromatisse|def|1\n|move|p1a: __|Poltergeist|p2a: Aromatisse\n|-activate|p2a: Aromatisse|move: Poltergeist|Leftovers\n|-damage|p2a: Aromatisse|45\/100\n|\n|-heal|p2a: Aromatisse|51\/100|[from] item: Leftovers\n|upkeep\n|turn|16\n|\n|t:|1662729965\n|move|p2a: Aromatisse|Wish|p2a: Aromatisse\n|move|p1a: __|Poltergeist|p2a: Aromatisse\n|-activate|p2a: Aromatisse|move: Poltergeist|Leftovers\n|-crit|p2a: Aromatisse\n|-damage|p2a: Aromatisse|0 fnt\n|faint|p2a: Aromatisse\n|\n|upkeep\n|inactive|Faygos has 120 seconds left.\n|\n|t:|1662729998\n|switch|p2a: Togedemaru|Togedemaru, M|100\/100\n|-damage|p2a: Togedemaru|95\/100|[from] Stealth Rock\n|turn|17\n|\n|t:|1662730003\n|move|p1a: __|Poltergeist|p2a: Togedemaru\n|-activate|p2a: Togedemaru|move: Poltergeist|Assault Vest\n|-damage|p2a: Togedemaru|27\/100\n|move|p2a: Togedemaru|Nuzzle|p1a: __\n|-resisted|p1a: __\n|-damage|p1a: __|37\/100\n|-status|p1a: __|par\n|\n|-heal|p2a: Togedemaru|88\/100|[from] move: Wish|[wisher] Aromatisse\n|upkeep\n|turn|18\n|\n|t:|1662730013\n|cant|p1a: __|par\n|move|p2a: Togedemaru|U-turn|p1a: __\n|-damage|p1a: __|21\/100 par\n|\n|t:|1662730015\n|switch|p2a: Silvally|Silvally-Dragon|88\/100|[from]move: U-turn\n|-damage|p2a: Silvally|76\/100|[from] Stealth Rock\n|\n|-fieldend|move: Trick Room\n|upkeep\n|turn|19\n|\n|t:|1662730022\n|move|p2a: Silvally|Flamethrower|p1a: __\n|-supereffective|p1a: __\n|-damage|p1a: __|0 fnt\n|faint|p1a: __\n|\n|upkeep\n|\n|t:|1662730024\n|switch|p1a: -|Vikavolt, F, shiny|100\/100\n|-fieldstart|move: Electric Terrain|[from] ability: Electric Surge|[of] p1a: -\n|turn|20\n|\n|t:|1662730027\n|move|p2a: Silvally|Flamethrower|p1a: -\n|-supereffective|p1a: -\n|-damage|p1a: -|15\/100\n|move|p1a: -|Rising Voltage|p2a: Silvally\n|-hint|Rising Voltage's BP doubled on grounded target.\n|-resisted|p2a: Silvally\n|-damage|p2a: Silvally|0 fnt\n|faint|p2a: Silvally\n|\n|upkeep\n|\n|t:|1662730030\n|switch|p2a: Togedemaru|Togedemaru, M|100\/100\n|-damage|p2a: Togedemaru|95\/100|[from] Stealth Rock\n|turn|21\n|\n|t:|1662730037\n|move|p2a: Togedemaru|Zing Zap|p1a: -\n|-resisted|p1a: -\n|-damage|p1a: -|0 fnt\n|faint|p1a: -\n|\n|win|Faygos\n|n|\u2606Tourte-Lek|tourtelek\n|n|\u2606Faygos|faygos\n","uploadtime":1662730038,"views":13,"p1id":"tourtelek","p2id":"faygos","formatid":"gen8almostanyability","rating":0,"private":0,"password":null}