{"id":"gen8ou-1615070022","p1":"jeandonis02","p2":"Emblema de Fuego","format":"gen8ou","log":"|j|\u2606jeandonis02\n|j|\u2606Emblema de Fuego\n|t:|1657558277\n|gametype|singles\n|player|p1|jeandonis02|lucas|1757\n|player|p2|Emblema de Fuego|blue|1753\n|teamsize|p1|6\n|teamsize|p2|6\n|gen|8\n|tier|[Gen 8] OU\n|rated|\n|rule|Sleep Clause Mod: Limit one foe put to sleep\n|rule|Species Clause: Limit one of each Pok\u00e9mon\n|rule|OHKO Clause: OHKO moves are banned\n|rule|Evasion Moves Clause: Evasion moves are banned\n|rule|Endless Battle Clause: Forcing endless battles is banned\n|rule|HP Percentage Mod: HP is shown in percentages\n|rule|Dynamax Clause: You cannot dynamax\n|clearpoke\n|poke|p1|Zeraora|\n|poke|p1|Toxapex, M|\n|poke|p1|Garchomp, F|\n|poke|p1|Rotom-Wash|\n|poke|p1|Ferrothorn, M|\n|poke|p1|Charizard, M|\n|poke|p2|Marowak-Alola, M|\n|poke|p2|Slowbro, M|\n|poke|p2|Hatterene, F|\n|poke|p2|Garchomp, M|\n|poke|p2|Ferrothorn, M|\n|poke|p2|Drampa, M|\n|teampreview\n|\n|t:|1657558288\n|start\n|switch|p1a: Charizard|Charizard, M|100\/100\n|switch|p2a: Sharko|Garchomp, M|100\/100\n|turn|1\n|\n|t:|1657558293\n|move|p2a: Sharko|Swords Dance|p2a: Sharko\n|-boost|p2a: Sharko|atk|2\n|move|p1a: Charizard|Belly Drum|p1a: Charizard\n|-damage|p1a: Charizard|50\/100\n|-setboost|p1a: Charizard|atk|6|[from] move: Belly Drum\n|-enditem|p1a: Charizard|Sitrus Berry|[eat]\n|-heal|p1a: Charizard|75\/100|[from] item: Sitrus Berry\n|\n|upkeep\n|turn|2\n|\n|t:|1657558303\n|move|p2a: Sharko|Stone Edge|p1a: Charizard\n|-supereffective|p1a: Charizard\n|-damage|p1a: Charizard|0 fnt\n|faint|p1a: Charizard\n|\n|upkeep\n|\n|t:|1657558307\n|switch|p1a: Garchomp|Garchomp, F|100\/100\n|turn|3\n|inactive|Battle timer is ON: inactive players will automatically lose when time's up. (requested by jeandonis02)\n|\n|t:|1657558310\n|move|p1a: Garchomp|Outrage|p2a: Sharko\n|-supereffective|p2a: Sharko\n|-damage|p2a: Sharko|0 fnt\n|-damage|p1a: Garchomp|88\/100|[from] ability: Rough Skin|[of] p2a: Sharko\n|faint|p2a: Sharko\n|\n|upkeep\n|\n|t:|1657558323\n|switch|p2a: Gorra|Hatterene, F, shiny|100\/100\n|turn|4\n|\n|t:|1657558326\n|move|p1a: Garchomp|Outrage|p2a: Gorra|[from]lockedmove\n|-immune|p2a: Gorra\n|-start|p1a: Garchomp|confusion|[fatigue]\n|move|p2a: Gorra|Draining Kiss|p1a: Garchomp\n|-supereffective|p1a: Garchomp\n|-damage|p1a: Garchomp|34\/100\n|-damage|p2a: Gorra|88\/100|[from] ability: Rough Skin|[of] p1a: Garchomp\n|\n|upkeep\n|turn|5\n|\n|t:|1657558336\n|switch|p1a: Toxapex|Toxapex, M|100\/100\n|move|p2a: Gorra|Trick Room|p2a: Gorra\n|-fieldstart|move: Trick Room|[of] p2a: Gorra\n|\n|upkeep\n|turn|6\n|\n|t:|1657558340\n|switch|p2a: Falkor|Drampa, M|100\/100\n|move|p1a: Toxapex|Baneful Bunker||[still]\n|-fail|p1a: Toxapex\n|\n|upkeep\n|turn|7\n|\n|t:|1657558345\n|move|p2a: Falkor|Thunderbolt|p1a: Toxapex\n|-supereffective|p1a: Toxapex\n|-damage|p1a: Toxapex|42\/100\n|move|p1a: Toxapex|Toxic|p2a: Falkor\n|-status|p2a: Falkor|tox\n|\n|-heal|p1a: Toxapex|48\/100|[from] item: Black Sludge\n|-damage|p2a: Falkor|94\/100 tox|[from] psn\n|upkeep\n|turn|8\n|\n|t:|1657558353\n|move|p1a: Toxapex|Baneful Bunker|p1a: Toxapex\n|-singleturn|p1a: Toxapex|move: Protect\n|move|p2a: Falkor|Thunderbolt|p1a: Toxapex\n|-activate|p1a: Toxapex|move: Protect\n|\n|-heal|p1a: Toxapex|54\/100|[from] item: Black Sludge\n|-damage|p2a: Falkor|82\/100 tox|[from] psn\n|upkeep\n|turn|9\n|\n|t:|1657558361\n|switch|p1a: Rotom|Rotom-Wash|100\/100\n|move|p2a: Falkor|Focus Blast|p1a: Rotom\n|-damage|p1a: Rotom|59\/100\n|\n|-heal|p1a: Rotom|65\/100|[from] item: Leftovers\n|-damage|p2a: Falkor|64\/100 tox|[from] psn\n|-fieldend|move: Trick Room\n|upkeep\n|turn|10\n|\n|t:|1657558371\n|move|p1a: Rotom|Volt Switch|p2a: Falkor\n|-resisted|p2a: Falkor\n|-damage|p2a: Falkor|51\/100 tox\n|\n|t:|1657558374\n|switch|p1a: Toxapex|Toxapex, M|88\/100|[from]move: Volt Switch\n|move|p2a: Falkor|Thunderbolt|p1a: Toxapex\n|-supereffective|p1a: Toxapex\n|-damage|p1a: Toxapex|34\/100\n|\n|-heal|p1a: Toxapex|40\/100|[from] item: Black Sludge\n|-damage|p2a: Falkor|27\/100 tox|[from] psn\n|upkeep\n|turn|11\n|\n|t:|1657558382\n|switch|p1a: Rotom|Rotom-Wash|65\/100\n|move|p2a: Falkor|Roost|p2a: Falkor\n|-heal|p2a: Falkor|77\/100 tox\n|-singleturn|p2a: Falkor|move: Roost\n|\n|-heal|p1a: Rotom|72\/100|[from] item: Leftovers\n|-damage|p2a: Falkor|46\/100 tox|[from] psn\n|upkeep\n|turn|12\n|\n|t:|1657558390\n|switch|p2a: Thorns|Ferrothorn, M|100\/100\n|move|p1a: Rotom|Volt Switch|p2a: Thorns\n|-resisted|p2a: Thorns\n|-damage|p2a: Thorns|93\/100\n|\n|t:|1657558393\n|switch|p1a: Garchomp|Garchomp, F|34\/100|[from]move: Volt Switch\n|\n|-heal|p2a: Thorns|99\/100|[from] item: Leftovers\n|upkeep\n|turn|13\n|\n|t:|1657558399\n|move|p1a: Garchomp|Fire Fang|p2a: Thorns\n|-supereffective|p2a: Thorns\n|-damage|p2a: Thorns|0 fnt\n|-damage|p1a: Garchomp|22\/100|[from] ability: Iron Barbs|[of] p2a: Thorns\n|faint|p2a: Thorns\n|\n|upkeep\n|\n|t:|1657558405\n|switch|p2a: Billy B.|Marowak-Alola, M, shiny|100\/100\n|turn|14\n|\n|t:|1657558415\n|switch|p1a: Ferrothorn|Ferrothorn, M|100\/100\n|move|p2a: Billy B.|Poltergeist|p1a: Ferrothorn\n|-activate|p1a: Ferrothorn|move: Poltergeist|Rocky Helmet\n|-damage|p1a: Ferrothorn|47\/100\n|\n|upkeep\n|turn|15\n|\n|t:|1657558424\n|move|p2a: Billy B.|Poltergeist|p1a: Ferrothorn\n|-activate|p1a: Ferrothorn|move: Poltergeist|Rocky Helmet\n|-damage|p1a: Ferrothorn|0 fnt\n|faint|p1a: Ferrothorn\n|\n|upkeep\n|\n|t:|1657558426\n|switch|p1a: Garchomp|Garchomp, F|22\/100\n|turn|16\n|\n|t:|1657558431\n|switch|p2a: Sonso|Slowbro, M|100\/100\n|move|p1a: Garchomp|Earthquake|p2a: Sonso\n|-damage|p2a: Sonso|52\/100\n|\n|upkeep\n|turn|17\n|\n|t:|1657558436\n|move|p1a: Garchomp|Earthquake|p2a: Sonso\n|-damage|p2a: Sonso|6\/100\n|move|p2a: Sonso|Trick Room|p2a: Sonso\n|-fieldstart|move: Trick Room|[of] p2a: Sonso\n|\n|upkeep\n|turn|18\n|\n|t:|1657558441\n|switch|p1a: Rotom|Rotom-Wash|72\/100\n|move|p2a: Sonso|Scald|p1a: Rotom\n|-resisted|p1a: Rotom\n|-damage|p1a: Rotom|59\/100\n|\n|-heal|p1a: Rotom|65\/100|[from] item: Leftovers\n|upkeep\n|turn|19\n|\n|t:|1657558463\n|switch|p2a: Falkor|Drampa, M|46\/100 tox\n|move|p1a: Rotom|Volt Switch|p2a: Falkor\n|-resisted|p2a: Falkor\n|-damage|p2a: Falkor|33\/100 tox\n|\n|t:|1657558467\n|switch|p1a: Toxapex|Toxapex, M|74\/100|[from]move: Volt Switch\n|\n|-heal|p1a: Toxapex|80\/100|[from] item: Black Sludge\n|-damage|p2a: Falkor|27\/100 tox|[from] psn\n|upkeep\n|turn|20\n|\n|t:|1657558474\n|move|p1a: Toxapex|Baneful Bunker|p1a: Toxapex\n|-singleturn|p1a: Toxapex|move: Protect\n|move|p2a: Falkor|Roost|p2a: Falkor\n|-heal|p2a: Falkor|77\/100 tox\n|-singleturn|p2a: Falkor|move: Roost\n|\n|-heal|p1a: Toxapex|86\/100|[from] item: Black Sludge\n|-damage|p2a: Falkor|65\/100 tox|[from] psn\n|upkeep\n|turn|21\n|\n|t:|1657558485\n|switch|p2a: Sonso|Slowbro, M|39\/100\n|move|p1a: Toxapex|Scald|p2a: Sonso\n|-resisted|p2a: Sonso\n|-damage|p2a: Sonso|31\/100\n|-status|p2a: Sonso|brn\n|\n|-heal|p1a: Toxapex|92\/100|[from] item: Black Sludge\n|-damage|p2a: Sonso|25\/100 brn|[from] brn\n|-fieldend|move: Trick Room\n|upkeep\n|turn|22\n|\n|t:|1657558495\n|switch|p1a: Rotom|Rotom-Wash|65\/100\n|move|p2a: Sonso|Slack Off|p2a: Sonso\n|-heal|p2a: Sonso|75\/100 brn\n|\n|-heal|p1a: Rotom|71\/100|[from] item: Leftovers\n|-damage|p2a: Sonso|69\/100 brn|[from] brn\n|upkeep\n|turn|23\n|\n|t:|1657558504\n|move|p1a: Rotom|Hydro Pump|p2a: Sonso\n|-resisted|p2a: Sonso\n|-damage|p2a: Sonso|48\/100 brn\n|move|p2a: Sonso|Trick Room|p2a: Sonso\n|-fieldstart|move: Trick Room|[of] p2a: Sonso\n|\n|-heal|p1a: Rotom|77\/100|[from] item: Leftovers\n|-damage|p2a: Sonso|42\/100 brn|[from] brn\n|upkeep\n|turn|24\n|\n|t:|1657558523\n|switch|p2a: Falkor|Drampa, M|65\/100 tox\n|move|p1a: Rotom|Volt Switch|p2a: Falkor\n|-resisted|p2a: Falkor\n|-damage|p2a: Falkor|52\/100 tox\n|\n|t:|1657558528\n|switch|p1a: Toxapex|Toxapex, M|100\/100|[from]move: Volt Switch\n|\n|-damage|p2a: Falkor|46\/100 tox|[from] psn\n|upkeep\n|turn|25\n|\n|t:|1657558534\n|move|p2a: Falkor|Roost|p2a: Falkor\n|-heal|p2a: Falkor|96\/100 tox\n|-singleturn|p2a: Falkor|move: Roost\n|move|p1a: Toxapex|Scald|p2a: Falkor\n|-resisted|p2a: Falkor\n|-damage|p2a: Falkor|88\/100 tox\n|\n|-damage|p2a: Falkor|75\/100 tox|[from] psn\n|upkeep\n|turn|26\n|\n|t:|1657558542\n|switch|p2a: Sonso|Slowbro, M|75\/100 brn\n|switch|p1a: Rotom|Rotom-Wash|77\/100\n|\n|-heal|p1a: Rotom|84\/100|[from] item: Leftovers\n|-damage|p2a: Sonso|69\/100 brn|[from] brn\n|upkeep\n|turn|27\n|\n|t:|1657558554\n|switch|p2a: Falkor|Drampa, M|75\/100 tox\n|move|p1a: Rotom|Volt Switch|p2a: Falkor\n|-resisted|p2a: Falkor\n|-damage|p2a: Falkor|63\/100 tox\n|\n|t:|1657558557\n|switch|p1a: Garchomp|Garchomp, F|22\/100|[from]move: Volt Switch\n|\n|-damage|p2a: Falkor|56\/100 tox|[from] psn\n|-fieldend|move: Trick Room\n|upkeep\n|turn|28\n|\n|t:|1657558572\n|move|p1a: Garchomp|Earthquake|p2a: Falkor\n|-damage|p2a: Falkor|0 fnt\n|faint|p2a: Falkor\n|\n|upkeep\n|\n|t:|1657558576\n|switch|p2a: Sonso|Slowbro, M|100\/100 brn\n|turn|29\n|\n|t:|1657558587\n|switch|p1a: Rotom|Rotom-Wash|84\/100\n|move|p2a: Sonso|Scald|p1a: Rotom\n|-resisted|p1a: Rotom\n|-damage|p1a: Rotom|71\/100\n|-status|p1a: Rotom|brn\n|\n|-heal|p1a: Rotom|77\/100 brn|[from] item: Leftovers\n|-damage|p1a: Rotom|71\/100 brn|[from] brn\n|-damage|p2a: Sonso|94\/100 brn|[from] brn\n|upkeep\n|turn|30\n|\n|t:|1657558597\n|move|p1a: Rotom|Volt Switch|p2a: Sonso\n|-supereffective|p2a: Sonso\n|-damage|p2a: Sonso|44\/100 brn\n|\n|t:|1657558606\n|switch|p1a: Zeraora|Zeraora|100\/100|[from]move: Volt Switch\n|move|p2a: Sonso|Slack Off|p2a: Sonso\n|-heal|p2a: Sonso|94\/100 brn\n|\n|-damage|p2a: Sonso|88\/100 brn|[from] brn\n|upkeep\n|turn|31\n|\n|t:|1657558613\n|move|p1a: Zeraora|Plasma Fists|p2a: Sonso\n|-supereffective|p2a: Sonso\n|-damage|p2a: Sonso|29\/100 brn\n|-fieldactivate|move: Ion Deluge\n|-hint|Normal-type moves become Electric-type after using Plasma Fists.\n|move|p2a: Sonso|Trick Room|p2a: Sonso\n|-fieldstart|move: Trick Room|[of] p2a: Sonso\n|\n|-damage|p2a: Sonso|23\/100 brn|[from] brn\n|upkeep\n|turn|32\n|\n|t:|1657558621\n|switch|p1a: Toxapex|Toxapex, M|100\/100\n|move|p2a: Sonso|Scald|p1a: Toxapex\n|-resisted|p1a: Toxapex\n|-damage|p1a: Toxapex|92\/100\n|\n|-heal|p1a: Toxapex|98\/100|[from] item: Black Sludge\n|-damage|p2a: Sonso|16\/100 brn|[from] brn\n|upkeep\n|turn|33\n|\n|t:|1657558630\n|move|p2a: Sonso|Slack Off|p2a: Sonso\n|-heal|p2a: Sonso|66\/100 brn\n|move|p1a: Toxapex|Scald|p2a: Sonso\n|-resisted|p2a: Sonso\n|-damage|p2a: Sonso|57\/100 brn\n|\n|-heal|p1a: Toxapex|100\/100|[from] item: Black Sludge\n|-damage|p2a: Sonso|51\/100 brn|[from] brn\n|upkeep\n|turn|34\n|\n|t:|1657558639\n|switch|p1a: Rotom|Rotom-Wash|71\/100 brn\n|move|p2a: Sonso|Scald|p1a: Rotom\n|-resisted|p1a: Rotom\n|-damage|p1a: Rotom|58\/100 brn\n|\n|-heal|p1a: Rotom|65\/100 brn|[from] item: Leftovers\n|-damage|p2a: Sonso|45\/100 brn|[from] brn\n|-damage|p1a: Rotom|58\/100 brn|[from] brn\n|upkeep\n|turn|35\n|j| Xiaojiajiaar\n|\n|t:|1657558649\n|switch|p2a: Gorra|Hatterene, F, shiny|88\/100\n|move|p1a: Rotom|Volt Switch|p2a: Gorra\n|-damage|p2a: Gorra|68\/100\n|\n|t:|1657558652\n|switch|p1a: Garchomp|Garchomp, F|22\/100|[from]move: Volt Switch\n|\n|-fieldend|move: Trick Room\n|upkeep\n|turn|36\n|\n|t:|1657558657\n|move|p1a: Garchomp|Earthquake|p2a: Gorra\n|-damage|p2a: Gorra|0 fnt\n|faint|p2a: Gorra\n|\n|upkeep\n|\n|t:|1657558661\n|switch|p2a: Sonso|Slowbro, M|78\/100 brn\n|turn|37\n|\n|t:|1657558665\n|move|p1a: Garchomp|Earthquake|p2a: Sonso\n|-damage|p2a: Sonso|35\/100 brn\n|move|p2a: Sonso|Trick Room|p2a: Sonso\n|-fieldstart|move: Trick Room|[of] p2a: Sonso\n|\n|-damage|p2a: Sonso|29\/100 brn|[from] brn\n|upkeep\n|turn|38\n|\n|t:|1657558672\n|switch|p2a: Billy B.|Marowak-Alola, M, shiny|100\/100\n|switch|p1a: Rotom|Rotom-Wash|58\/100 brn\n|\n|-heal|p1a: Rotom|65\/100 brn|[from] item: Leftovers\n|-damage|p1a: Rotom|58\/100 brn|[from] brn\n|upkeep\n|turn|39\n|\n|t:|1657558680\n|switch|p1a: Toxapex|Toxapex, M|100\/100\n|move|p2a: Billy B.|Poltergeist|p1a: Toxapex\n|-activate|p1a: Toxapex|move: Poltergeist|Black Sludge\n|-damage|p1a: Toxapex|27\/100\n|\n|-heal|p1a: Toxapex|34\/100|[from] item: Black Sludge\n|upkeep\n|turn|40\n|\n|t:|1657558688\n|move|p1a: Toxapex|Baneful Bunker|p1a: Toxapex\n|-singleturn|p1a: Toxapex|move: Protect\n|move|p2a: Billy B.|Swords Dance|p2a: Billy B.\n|-boost|p2a: Billy B.|atk|2\n|\n|-heal|p1a: Toxapex|40\/100|[from] item: Black Sludge\n|upkeep\n|turn|41\n|\n|t:|1657558694\n|switch|p1a: Rotom|Rotom-Wash|58\/100 brn\n|move|p2a: Billy B.|Substitute|p2a: Billy B.\n|-start|p2a: Billy B.|Substitute\n|-damage|p2a: Billy B.|76\/100\n|\n|-heal|p1a: Rotom|65\/100 brn|[from] item: Leftovers\n|-damage|p1a: Rotom|58\/100 brn|[from] brn\n|-fieldend|move: Trick Room\n|upkeep\n|turn|42\n|\n|t:|1657558709\n|move|p1a: Rotom|Hydro Pump|p2a: Billy B.|[miss]\n|-miss|p1a: Rotom|p2a: Billy B.\n|move|p2a: Billy B.|Flare Blitz|p1a: Rotom\n|-resisted|p1a: Rotom\n|-damage|p1a: Rotom|0 fnt\n|faint|p1a: Rotom\n|\n|upkeep\n|j| ChristianBeThatGuy\n|\n|t:|1657558719\n|switch|p1a: Zeraora|Zeraora|100\/100\n|turn|43\n|\n|t:|1657558726\n|move|p1a: Zeraora|Knock Off|p2a: Billy B.\n|-supereffective|p2a: Billy B.\n|-end|p2a: Billy B.|Substitute\n|move|p2a: Billy B.|Flare Blitz|p1a: Zeraora\n|-enditem|p1a: Zeraora|Focus Sash\n|-damage|p1a: Zeraora|1\/100\n|-status|p1a: Zeraora|brn\n|\n|-damage|p1a: Zeraora|0 fnt|[from] brn\n|faint|p1a: Zeraora\n|upkeep\n|\n|t:|1657558729\n|switch|p1a: Garchomp|Garchomp, F|22\/100\n|turn|44\n|\n|t:|1657558741\n|move|p1a: Garchomp|Earthquake|p2a: Billy B.\n|-supereffective|p2a: Billy B.\n|-damage|p2a: Billy B.|0 fnt\n|faint|p2a: Billy B.\n|\n|upkeep\n|j| marcosotoluna\n|\n|t:|1657558746\n|switch|p2a: Sonso|Slowbro, M|62\/100 brn\n|turn|45\n|\n|t:|1657558749\n|move|p1a: Garchomp|Earthquake|p2a: Sonso\n|-damage|p2a: Sonso|13\/100 brn\n|move|p2a: Sonso|Scald|p1a: Garchomp\n|-damage|p1a: Garchomp|0 fnt\n|faint|p1a: Garchomp\n|\n|-damage|p2a: Sonso|7\/100 brn|[from] brn\n|upkeep\n|\n|t:|1657558751\n|switch|p1a: Toxapex|Toxapex, M|73\/100\n|turn|46\n|j| Jimmy Powka\n|\n|t:|1657558758\n|move|p1a: Toxapex|Scald|p2a: Sonso\n|-resisted|p2a: Sonso\n|-damage|p2a: Sonso|0 fnt\n|faint|p2a: Sonso\n|\n|win|jeandonis02\n|raw|jeandonis02's rating: 1757 &rarr; <strong>1777<\/strong><br \/>(+20 for winning)\n|raw|Emblema de Fuego's rating: 1753 &rarr; <strong>1733<\/strong><br \/>(-20 for losing)\n|l| marcosotoluna\n|l|\u2606Emblema de Fuego\n|l| Jimmy Powka\n|l| Xiaojiajiaar\n||Ladder isn't responding, score probably updated but might not have (Request timeout).\n|l| ChristianBeThatGuy\n|l|\u2606jeandonis02\n|j|\u2606jeandonis02\n|player|p1|jeandonis02|lucas\n","uploadtime":1657558776,"views":64,"p1id":"jeandonis02","p2id":"emblemadefuego","formatid":"gen8ou","rating":1733,"private":0,"password":null}