{"id":"gen8ou-1374053389","p1":"RTSG tests","p2":"LT82ZW spooky","format":"gen8ou","log":"|raw|<div class=\"broadcast-blue\"><strong>This battle is required to be public due to a player having a name starting with 'lt82zw'.<\/div>\n|j|\u2606RTSG tests\n|j|\u2606LT82ZW spooky\n|t:|1625898990\n|gametype|singles\n|player|p1|RTSG tests|hilbert|1731\n|player|p2|LT82ZW spooky|#spookyz|1822\n|teamsize|p1|6\n|teamsize|p2|6\n|gen|8\n|tier|[Gen 8] OU\n|rated|\n|rule|Sleep Clause Mod: Limit one foe put to sleep\n|rule|Species Clause: Limit one of each Pok\u00e9mon\n|rule|OHKO Clause: OHKO moves are banned\n|rule|Evasion Moves Clause: Evasion moves are banned\n|rule|Endless Battle Clause: Forcing endless battles is banned\n|rule|HP Percentage Mod: HP is shown in percentages\n|rule|Dynamax Clause: You cannot dynamax\n|clearpoke\n|poke|p1|Sceptile, M|\n|poke|p1|Salamence, F|\n|poke|p1|Excadrill, F|\n|poke|p1|Tapu Koko|\n|poke|p1|Magnezone|\n|poke|p1|Weavile, F|\n|poke|p2|Landorus-Therian, M|\n|poke|p2|Tapu Fini|\n|poke|p2|Heatran, M|\n|poke|p2|Dragonite, F|\n|poke|p2|Kartana|\n|poke|p2|Scizor, F|\n|teampreview\n|j| LT82ZW cat\n|j| OUTS Horsey\n|j| LT81YL Aqua\n|\n|t:|1625899002\n|start\n|switch|p1a: Excadrill|Excadrill, F|100\/100\n|switch|p2a: Landorus|Landorus-Therian, M|100\/100\n|-ability|p1a: Excadrill|Mold Breaker\n|-ability|p2a: Landorus|Intimidate|boost\n|-unboost|p1a: Excadrill|atk|1\n|turn|1\n|\n|t:|1625899012\n|move|p1a: Excadrill|Stealth Rock|p2a: Landorus\n|-sidestart|p2: LT82ZW spooky|move: Stealth Rock\n|move|p2a: Landorus|Earthquake|p1a: Excadrill\n|-supereffective|p1a: Excadrill\n|-enditem|p1a: Excadrill|Focus Sash\n|-damage|p1a: Excadrill|1\/100\n|\n|upkeep\n|turn|2\n|\n|t:|1625899017\n|move|p1a: Excadrill|Rapid Spin|p2a: Landorus\n|-damage|p2a: Landorus|89\/100\n|-boost|p1a: Excadrill|spe|1\n|move|p2a: Landorus|U-turn|p1a: Excadrill\n|-resisted|p1a: Excadrill\n|-damage|p1a: Excadrill|0 fnt\n|faint|p1a: Excadrill\n|j| Mellow1004\n|\n|t:|1625899024\n|switch|p2a: Heatran|Heatran, M|100\/100|[from]move: U-turn\n|-damage|p2a: Heatran|88\/100|[from] Stealth Rock\n|\n|-heal|p2a: Heatran|94\/100|[from] item: Leftovers\n|upkeep\n|\n|t:|1625899027\n|switch|p1a: Salamence|Salamence, F|100\/100\n|turn|3\n|\n|t:|1625899034\n|move|p1a: Salamence|Earthquake|p2a: Heatran\n|-supereffective|p2a: Heatran\n|-damage|p2a: Heatran|0 fnt\n|faint|p2a: Heatran\n|-ability|p1a: Salamence|Moxie|boost\n|-boost|p1a: Salamence|atk|1\n|\n|upkeep\n|\n|t:|1625899037\n|switch|p2a: Landorus|Landorus-Therian, M|89\/100\n|-damage|p2a: Landorus|77\/100|[from] Stealth Rock\n|-ability|p2a: Landorus|Intimidate|boost\n|-unboost|p1a: Salamence|atk|1\n|turn|4\n|\n|t:|1625899043\n|move|p1a: Salamence|Dragon Dance|p1a: Salamence\n|-boost|p1a: Salamence|atk|1\n|-boost|p1a: Salamence|spe|1\n|move|p2a: Landorus|Toxic|p1a: Salamence\n|-status|p1a: Salamence|tox\n|\n|-heal|p2a: Landorus|83\/100|[from] item: Leftovers\n|-damage|p1a: Salamence|94\/100 tox|[from] psn\n|upkeep\n|turn|5\n|j| Bleach\n|\n|t:|1625899051\n|move|p1a: Salamence|Dual Wingbeat|p2a: Landorus\n|-damage|p2a: Landorus|56\/100\n|-damage|p2a: Landorus|29\/100\n|-hitcount|p2a: Landorus|2\n|move|p2a: Landorus|U-turn|p1a: Salamence\n|-resisted|p1a: Salamence\n|-damage|p1a: Salamence|81\/100 tox\n|\n|t:|1625899054\n|switch|p2a: Scizor|Scizor, F|100\/100|[from]move: U-turn\n|\n|-damage|p1a: Salamence|69\/100 tox|[from] psn\n|upkeep\n|turn|6\n|\n|t:|1625899059\n|move|p2a: Scizor|Bullet Punch|p1a: Salamence\n|-damage|p1a: Salamence|37\/100 tox\n|move|p1a: Salamence|Fire Blast|p2a: Scizor\n|-supereffective|p2a: Scizor\n|-damage|p2a: Scizor|8\/100\n|\n|-damage|p1a: Salamence|19\/100 tox|[from] psn\n|upkeep\n|turn|7\n|\n|t:|1625899065\n|switch|p1a: Magnezone|Magnezone|100\/100\n|move|p2a: Scizor|Bullet Punch|p1a: Magnezone\n|-resisted|p1a: Magnezone\n|-damage|p1a: Magnezone|94\/100\n|\n|upkeep\n|turn|8\n|\n|t:|1625899076\n|move|p1a: Magnezone|Volt Switch|p2a: Scizor\n|-damage|p2a: Scizor|0 fnt\n|faint|p2a: Scizor\n|\n|t:|1625899081\n|switch|p1a: Tapu Koko|Tapu Koko|100\/100|[from]move: Volt Switch\n|-fieldstart|move: Electric Terrain|[from] ability: Electric Surge|[of] p1a: Tapu Koko\n|\n|upkeep\n|\n|t:|1625899093\n|switch|p2a: Kartana|Kartana|100\/100\n|-damage|p2a: Kartana|94\/100|[from] Stealth Rock\n|turn|9\n|\n|t:|1625899098\n|move|p1a: Tapu Koko|Reflect|p1a: Tapu Koko\n|-sidestart|p1: RTSG tests|Reflect\n|move|p2a: Kartana|Leaf Blade|p1a: Tapu Koko\n|-damage|p1a: Tapu Koko|49\/100\n|\n|upkeep\n|turn|10\n|\n|t:|1625899102\n|move|p1a: Tapu Koko|Volt Switch|p2a: Kartana\n|-resisted|p2a: Kartana\n|-damage|p2a: Kartana|46\/100\n|\n|t:|1625899107\n|switch|p1a: Magnezone|Magnezone|94\/100|[from]move: Volt Switch\n|move|p2a: Kartana|Leaf Blade|p1a: Magnezone\n|-resisted|p1a: Magnezone\n|-damage|p1a: Magnezone|70\/100\n|\n|upkeep\n|turn|11\n|\n|t:|1625899115\n|move|p2a: Kartana|Leaf Blade|p1a: Magnezone\n|-resisted|p1a: Magnezone\n|-damage|p1a: Magnezone|47\/100\n|move|p1a: Magnezone|Volt Switch|p2a: Kartana\n|-resisted|p2a: Kartana\n|-damage|p2a: Kartana|0 fnt\n|faint|p2a: Kartana\n|\n|t:|1625899124\n|switch|p1a: Weavile|Weavile, F|100\/100|[from]move: Volt Switch\n|-ability|p1a: Weavile|Pressure\n|\n|upkeep\n|j| hodoku\n|\n|t:|1625899138\n|switch|p2a: Tapu Fini|Tapu Fini|100\/100\n|-damage|p2a: Tapu Fini|88\/100|[from] Stealth Rock\n|-fieldstart|move: Misty Terrain|[from] ability: Misty Surge|[of] p2a: Tapu Fini\n|turn|12\n|\n|t:|1625899142\n|switch|p1a: Magnezone|Magnezone|47\/100\n|move|p2a: Tapu Fini|Moonblast|p1a: Magnezone\n|-resisted|p1a: Magnezone\n|-damage|p1a: Magnezone|27\/100\n|\n|upkeep\n|turn|13\n|\n|t:|1625899147\n|switch|p2a: Landorus|Landorus-Therian, M|29\/100\n|-damage|p2a: Landorus|17\/100|[from] Stealth Rock\n|-ability|p2a: Landorus|Intimidate|boost\n|-unboost|p1a: Magnezone|atk|1\n|move|p1a: Magnezone|Flash Cannon|p2a: Landorus\n|-crit|p2a: Landorus\n|-damage|p2a: Landorus|0 fnt\n|faint|p2a: Landorus\n|\n|upkeep\n|\n|t:|1625899158\n|switch|p2a: Dragonite|Dragonite, F, shiny|100\/100\n|turn|14\n|\n|t:|1625899160\n|move|p2a: Dragonite|Dragon Dance|p2a: Dragonite\n|-boost|p2a: Dragonite|atk|1\n|-boost|p2a: Dragonite|spe|1\n|move|p1a: Magnezone|Flash Cannon|p2a: Dragonite\n|-damage|p2a: Dragonite|62\/100\n|\n|upkeep\n|turn|15\n|j| inninj\n|\n|t:|1625899165\n|move|p2a: Dragonite|Earthquake|p1a: Magnezone\n|-supereffective|p1a: Magnezone\n|-crit|p1a: Magnezone\n|-damage|p1a: Magnezone|0 fnt\n|faint|p1a: Magnezone\n|\n|upkeep\n|\n|t:|1625899168\n|switch|p1a: Weavile|Weavile, F|100\/100\n|-ability|p1a: Weavile|Pressure\n|turn|16\n|\n|t:|1625899182\n|switch|p2a: Tapu Fini|Tapu Fini|88\/100\n|-damage|p2a: Tapu Fini|76\/100|[from] Stealth Rock\n|move|p1a: Weavile|Ice Shard|p2a: Tapu Fini\n|-resisted|p2a: Tapu Fini\n|-damage|p2a: Tapu Fini|64\/100\n|\n|-sideend|p1: RTSG tests|Reflect\n|-fieldend|Misty Terrain\n|upkeep\n|turn|17\n|\n|t:|1625899187\n|switch|p1a: Tapu Koko|Tapu Koko|49\/100\n|-fieldstart|move: Electric Terrain|[from] ability: Electric Surge|[of] p1a: Tapu Koko\n|move|p2a: Tapu Fini|Moonblast|p1a: Tapu Koko\n|-damage|p1a: Tapu Koko|9\/100\n|\n|upkeep\n|turn|18\n|\n|t:|1625899189\n|move|p2a: Tapu Fini|Moonblast|p1a: Tapu Koko\n|-crit|p1a: Tapu Koko\n|-damage|p1a: Tapu Koko|0 fnt\n|faint|p1a: Tapu Koko\n|\n|upkeep\n|\n|t:|1625899191\n|switch|p1a: Sceptile|Sceptile, M|100\/100\n|-enditem|p1a: Sceptile|Electric Seed\n|-boost|p1a: Sceptile|def|1|[from] item: Electric Seed\n|turn|19\n|\n|t:|1625899194\n|switch|p2a: Dragonite|Dragonite, F, shiny|62\/100\n|move|p1a: Sceptile|Swords Dance|p1a: Sceptile\n|-boost|p1a: Sceptile|atk|2\n|\n|upkeep\n|turn|20\n|j| LT82ZW Veritas\n|\n|t:|1625899199\n|move|p1a: Sceptile|Acrobatics|p2a: Dragonite\n|-damage|p2a: Dragonite|0 fnt\n|faint|p2a: Dragonite\n|\n|upkeep\n|-message|LT82ZW spooky forfeited.\n|\n|win|RTSG tests\n|raw|RTSG tests's rating: 1731 &rarr; <strong>1756<\/strong><br \/>(+25 for winning)\n|raw|LT82ZW spooky's rating: 1822 &rarr; <strong>1797<\/strong><br \/>(-25 for losing)\n|l|\u2606LT82ZW spooky\n|l| inninj\n|j| Dr. Frez Erman\n|l| OUTS Horsey\n|c| Mellow1004|Gg\n|l| LT81YL Aqua\n|l| Mellow1004\n|l| Dr. Frez Erman\n|c|\u2606RTSG tests|gg\n|j| clapfest\n|l| clapfest\n|j| Vampirism\n|j| LT82ZW balo\n|j| voidslik\n|j| Typhlosion4\n|l| LT82ZW cat\n|j| KyuremToHighLadder\n|j| Lynarto\n|l| Vampirism\n|j| Vampirism\n|l| Typhlosion4\n|l| Vampirism\n|l| voidslik\n|l| Bleach\n|j| LT82ZW Guatemala\n|j| Bleach\n|l| Bleach\n","uploadtime":1625899207,"views":243,"p1id":"rtsgtests","p2id":"lt82zwspooky","formatid":"gen8ou","rating":1756,"private":0,"password":null}