{"id":"gen8ou-1706966599","p1":"minimax_ai","p2":"A$AP PUCK","format":"gen8ou","log":"|j|\u2606minimax_ai\n|j|\u2606A$AP PUCK\n|t:|1668037154\n|gametype|singles\n|player|p1|minimax_ai|169|1478\n|player|p2|A$AP PUCK|grimsley|1489\n|teamsize|p1|6\n|teamsize|p2|6\n|gen|8\n|tier|[Gen 8] OU\n|rated|\n|rule|Sleep Clause Mod: Limit one foe put to sleep\n|rule|Species Clause: Limit one of each Pok\u00e9mon\n|rule|OHKO Clause: OHKO moves are banned\n|rule|Evasion Items Clause: Evasion items are banned\n|rule|Evasion Moves Clause: Evasion moves are banned\n|rule|Endless Battle Clause: Forcing endless battles is banned\n|rule|HP Percentage Mod: HP is shown in percentages\n|rule|Dynamax Clause: You cannot dynamax\n|clearpoke\n|poke|p1|Rotom-Wash|\n|poke|p1|Weavile, M|\n|poke|p1|Landorus-Therian, M|\n|poke|p1|Heatran, M|\n|poke|p1|Tangrowth, F|\n|poke|p1|Melmetal|\n|poke|p2|Tyranitar, M|\n|poke|p2|Dracozolt|\n|poke|p2|Hippowdon, F|\n|poke|p2|Excadrill, M|\n|poke|p2|Volcanion|\n|poke|p2|Corviknight, M|\n|teampreview\n|c|\u2606minimax_ai|hf\n|inactive|Battle timer is ON: inactive players will automatically lose when time's up. (requested by minimax_ai)\n|\n|t:|1668037165\n|start\n|switch|p1a: Melmetal|Melmetal|100\/100\n|switch|p2a: Hippowdon|Hippowdon, F|100\/100\n|-weather|Sandstorm|[from] ability: Sand Stream|[of] p2a: Hippowdon\n|turn|1\n|\n|t:|1668037171\n|move|p2a: Hippowdon|Earthquake|p1a: Melmetal\n|-supereffective|p1a: Melmetal\n|-damage|p1a: Melmetal|61\/100\n|move|p1a: Melmetal|Double Iron Bash|p2a: Hippowdon\n|-damage|p2a: Hippowdon|78\/100\n|-damage|p2a: Hippowdon|57\/100\n|-hitcount|p2a: Hippowdon|2\n|\n|-weather|Sandstorm|[upkeep]\n|upkeep\n|turn|2\n|\n|t:|1668037184\n|move|p2a: Hippowdon|Slack Off|p2a: Hippowdon\n|-heal|p2a: Hippowdon|100\/100\n|move|p1a: Melmetal|Double Iron Bash|p2a: Hippowdon\n|-damage|p2a: Hippowdon|78\/100\n|-damage|p2a: Hippowdon|59\/100\n|-hitcount|p2a: Hippowdon|2\n|\n|-weather|Sandstorm|[upkeep]\n|upkeep\n|turn|3\n|\n|t:|1668037191\n|switch|p2a: Corviknight|Corviknight, M|100\/100\n|-ability|p2a: Corviknight|Pressure\n|move|p1a: Melmetal|Double Iron Bash|p2a: Corviknight\n|-resisted|p2a: Corviknight\n|-damage|p2a: Corviknight|85\/100\n|-resisted|p2a: Corviknight\n|-damage|p2a: Corviknight|68\/100\n|-hitcount|p2a: Corviknight|2\n|\n|-weather|Sandstorm|[upkeep]\n|-heal|p2a: Corviknight|74\/100|[from] item: Leftovers\n|upkeep\n|turn|4\n|\n|t:|1668037200\n|switch|p1a: rotomwash|Rotom-Wash|100\/100\n|move|p2a: Corviknight|Roost|p2a: Corviknight\n|-heal|p2a: Corviknight|100\/100\n|-singleturn|p2a: Corviknight|move: Roost\n|\n|-weather|Sandstorm|[upkeep]\n|-damage|p1a: rotomwash|94\/100|[from] Sandstorm\n|-heal|p1a: rotomwash|100\/100|[from] item: Leftovers\n|upkeep\n|turn|5\n|\n|t:|1668037205\n|move|p1a: rotomwash|Hydro Pump|p2a: Corviknight|[miss]\n|-miss|p1a: rotomwash|p2a: Corviknight\n|move|p2a: Corviknight|U-turn|p1a: rotomwash\n|-damage|p1a: rotomwash|85\/100\n|\n|t:|1668037218\n|switch|p2a: Dracozolt|Dracozolt|100\/100|[from]move: U-turn\n|\n|-weather|Sandstorm|[upkeep]\n|-damage|p1a: rotomwash|78\/100|[from] Sandstorm\n|-heal|p1a: rotomwash|85\/100|[from] item: Leftovers\n|upkeep\n|turn|6\n|\n|t:|1668037227\n|switch|p1a: landorustherian|Landorus-Therian, M|100\/100\n|-ability|p1a: landorustherian|Intimidate|boost\n|-unboost|p2a: Dracozolt|atk|1\n|move|p2a: Dracozolt|Fire Fang|p1a: landorustherian|[miss]\n|-miss|p2a: Dracozolt|p1a: landorustherian\n|\n|-weather|Sandstorm|[upkeep]\n|upkeep\n|turn|7\n|\n|t:|1668037236\n|switch|p2a: Corviknight|Corviknight, M|100\/100\n|-ability|p2a: Corviknight|Pressure\n|move|p1a: landorustherian|Earthquake|p2a: Corviknight\n|-immune|p2a: Corviknight\n|\n|-weather|Sandstorm|[upkeep]\n|upkeep\n|turn|8\n|\n|t:|1668037243\n|move|p1a: landorustherian|U-turn|p2a: Corviknight\n|-resisted|p2a: Corviknight\n|-damage|p2a: Corviknight|96\/100\n|\n|t:|1668037243\n|switch|p1a: rotomwash|Rotom-Wash|85\/100|[from]move: U-turn\n|move|p2a: Corviknight|Brave Bird|p1a: rotomwash\n|-resisted|p1a: rotomwash\n|-damage|p1a: rotomwash|64\/100\n|-damage|p2a: Corviknight|91\/100|[from] Recoil\n|\n|-weather|none\n|-heal|p1a: rotomwash|71\/100|[from] item: Leftovers\n|-heal|p2a: Corviknight|97\/100|[from] item: Leftovers\n|upkeep\n|turn|9\n|\n|t:|1668037254\n|switch|p2a: Tyranitar|Tyranitar, M|100\/100\n|-weather|Sandstorm|[from] ability: Sand Stream|[of] p2a: Tyranitar\n|move|p1a: rotomwash|Hydro Pump|p2a: Tyranitar\n|-supereffective|p2a: Tyranitar\n|-damage|p2a: Tyranitar|68\/100\n|\n|-weather|Sandstorm|[upkeep]\n|-damage|p1a: rotomwash|64\/100|[from] Sandstorm\n|-heal|p1a: rotomwash|71\/100|[from] item: Leftovers\n|upkeep\n|turn|10\n|\n|t:|1668037258\n|switch|p1a: Tangrowth|Tangrowth, F|100\/100\n|move|p2a: Tyranitar|Stone Edge|p1a: Tangrowth\n|-damage|p1a: Tangrowth|78\/100\n|\n|-weather|Sandstorm|[upkeep]\n|-damage|p1a: Tangrowth|72\/100|[from] Sandstorm\n|upkeep\n|turn|11\n|\n|t:|1668037265\n|move|p2a: Tyranitar|Flamethrower|p1a: Tangrowth\n|-supereffective|p1a: Tangrowth\n|-damage|p1a: Tangrowth|0 fnt\n|faint|p1a: Tangrowth\n|\n|-weather|Sandstorm|[upkeep]\n|upkeep\n|\n|t:|1668037265\n|switch|p1a: Melmetal|Melmetal|61\/100\n|turn|12\n|\n|t:|1668037279\n|switch|p2a: Corviknight|Corviknight, M|97\/100\n|-ability|p2a: Corviknight|Pressure\n|move|p1a: Melmetal|Earthquake|p2a: Corviknight\n|-immune|p2a: Corviknight\n|\n|-weather|Sandstorm|[upkeep]\n|-heal|p2a: Corviknight|100\/100|[from] item: Leftovers\n|upkeep\n|turn|13\n|\n|t:|1668037286\n|move|p2a: Corviknight|Brave Bird|p1a: Melmetal\n|-resisted|p1a: Melmetal\n|-damage|p1a: Melmetal|49\/100\n|-damage|p2a: Corviknight|96\/100|[from] Recoil\n|move|p1a: Melmetal|Earthquake|p2a: Corviknight\n|-immune|p2a: Corviknight\n|\n|-weather|none\n|-heal|p2a: Corviknight|100\/100|[from] item: Leftovers\n|upkeep\n|turn|14\n|\n|t:|1668037293\n|move|p2a: Corviknight|Brave Bird|p1a: Melmetal\n|-resisted|p1a: Melmetal\n|-damage|p1a: Melmetal|39\/100\n|-damage|p2a: Corviknight|96\/100|[from] Recoil\n|move|p1a: Melmetal|Earthquake|p2a: Corviknight\n|-immune|p2a: Corviknight\n|\n|-heal|p2a: Corviknight|100\/100|[from] item: Leftovers\n|upkeep\n|turn|15\n|\n|t:|1668037298\n|switch|p1a: rotomwash|Rotom-Wash|71\/100\n|move|p2a: Corviknight|Brave Bird|p1a: rotomwash\n|-resisted|p1a: rotomwash\n|-damage|p1a: rotomwash|50\/100\n|-damage|p2a: Corviknight|95\/100|[from] Recoil\n|\n|-heal|p1a: rotomwash|56\/100|[from] item: Leftovers\n|-heal|p2a: Corviknight|100\/100|[from] item: Leftovers\n|upkeep\n|turn|16\n|\n|t:|1668037304\n|switch|p2a: Tyranitar|Tyranitar, M|68\/100\n|-weather|Sandstorm|[from] ability: Sand Stream|[of] p2a: Tyranitar\n|move|p1a: rotomwash|Pain Split|p2a: Tyranitar\n|-sethp|p2a: Tyranitar|55\/100|[from] move: Pain Split|[silent]\n|-sethp|p1a: rotomwash|73\/100|[from] move: Pain Split\n|\n|-weather|Sandstorm|[upkeep]\n|-damage|p1a: rotomwash|67\/100|[from] Sandstorm\n|-heal|p1a: rotomwash|73\/100|[from] item: Leftovers\n|upkeep\n|turn|17\n|\n|t:|1668037313\n|move|p1a: rotomwash|Hydro Pump|p2a: Tyranitar\n|-supereffective|p2a: Tyranitar\n|-damage|p2a: Tyranitar|20\/100\n|move|p2a: Tyranitar|Stone Edge|p1a: rotomwash|[miss]\n|-miss|p2a: Tyranitar|p1a: rotomwash\n|\n|-weather|Sandstorm|[upkeep]\n|-damage|p1a: rotomwash|67\/100|[from] Sandstorm\n|-heal|p1a: rotomwash|73\/100|[from] item: Leftovers\n|upkeep\n|turn|18\n|\n|t:|1668037320\n|switch|p2a: Volcanion|Volcanion|100\/100\n|move|p1a: rotomwash|Hydro Pump|p2a: Volcanion\n|-immune|p2a: Volcanion|[from] ability: Water Absorb\n|\n|-weather|Sandstorm|[upkeep]\n|-damage|p1a: rotomwash|67\/100|[from] Sandstorm\n|-damage|p2a: Volcanion|94\/100|[from] Sandstorm\n|-heal|p1a: rotomwash|73\/100|[from] item: Leftovers\n|upkeep\n|turn|19\n|\n|t:|1668037327\n|move|p1a: rotomwash|Thunderbolt|p2a: Volcanion\n|-supereffective|p2a: Volcanion\n|-damage|p2a: Volcanion|20\/100\n|move|p2a: Volcanion|Steam Eruption|p1a: rotomwash\n|-resisted|p1a: rotomwash\n|-damage|p1a: rotomwash|24\/100\n|\n|-weather|Sandstorm|[upkeep]\n|-damage|p1a: rotomwash|18\/100|[from] Sandstorm\n|-damage|p2a: Volcanion|14\/100|[from] Sandstorm\n|-heal|p1a: rotomwash|24\/100|[from] item: Leftovers\n|upkeep\n|turn|20\n|\n|t:|1668037350\n|move|p1a: rotomwash|Thunderbolt|p2a: Volcanion\n|-supereffective|p2a: Volcanion\n|-damage|p2a: Volcanion|0 fnt\n|faint|p2a: Volcanion\n|\n|-weather|none\n|-heal|p1a: rotomwash|30\/100|[from] item: Leftovers\n|upkeep\n|\n|t:|1668037363\n|switch|p2a: Excadrill|Excadrill, M|100\/100\n|turn|21\n|\n|t:|1668037371\n|switch|p1a: Heatran|Heatran, M|100\/100\n|-item|p1a: Heatran|Air Balloon\n|move|p2a: Excadrill|Iron Head|p1a: Heatran\n|-resisted|p1a: Heatran\n|-damage|p1a: Heatran|82\/100\n|-enditem|p1a: Heatran|Air Balloon\n|\n|upkeep\n|turn|22\n|\n|t:|1668037376\n|switch|p2a: Tyranitar|Tyranitar, M|20\/100\n|-weather|Sandstorm|[from] ability: Sand Stream|[of] p2a: Tyranitar\n|move|p1a: Heatran|Magma Storm|p2a: Tyranitar\n|-resisted|p2a: Tyranitar\n|-damage|p2a: Tyranitar|10\/100\n|-activate|p2a: Tyranitar|move: Magma Storm|[of] p1a: Heatran\n|\n|-weather|Sandstorm|[upkeep]\n|-damage|p2a: Tyranitar|0 fnt|[from] move: Magma Storm|[partiallytrapped]\n|faint|p2a: Tyranitar\n|upkeep\n|\n|t:|1668037391\n|switch|p2a: Dracozolt|Dracozolt|100\/100\n|turn|23\n|\n|t:|1668037396\n|switch|p1a: landorustherian|Landorus-Therian, M|100\/100\n|-ability|p1a: landorustherian|Intimidate|boost\n|-unboost|p2a: Dracozolt|atk|1\n|move|p2a: Dracozolt|Earthquake|p1a: landorustherian\n|-immune|p1a: landorustherian\n|\n|-weather|Sandstorm|[upkeep]\n|upkeep\n|turn|24\n|\n|t:|1668037401\n|switch|p2a: Hippowdon|Hippowdon, F|59\/100\n|move|p1a: landorustherian|Earthquake|p2a: Hippowdon\n|-damage|p2a: Hippowdon|32\/100\n|\n|-weather|Sandstorm|[upkeep]\n|upkeep\n|turn|25\n|\n|t:|1668037407\n|move|p1a: landorustherian|Earthquake|p2a: Hippowdon\n|-damage|p2a: Hippowdon|7\/100\n|move|p2a: Hippowdon|Slack Off|p2a: Hippowdon\n|-heal|p2a: Hippowdon|57\/100\n|\n|-weather|Sandstorm|[upkeep]\n|upkeep\n|turn|26\n|\n|t:|1668037410\n|move|p1a: landorustherian|Toxic|p2a: Hippowdon\n|-status|p2a: Hippowdon|tox\n|move|p2a: Hippowdon|Slack Off|p2a: Hippowdon\n|-heal|p2a: Hippowdon|100\/100 tox\n|\n|-weather|none\n|-damage|p2a: Hippowdon|94\/100 tox|[from] psn\n|upkeep\n|turn|27\n|\n|t:|1668037414\n|move|p1a: landorustherian|U-turn|p2a: Hippowdon\n|-damage|p2a: Hippowdon|82\/100 tox\n|\n|t:|1668037414\n|switch|p1a: rotomwash|Rotom-Wash|30\/100|[from]move: U-turn\n|move|p2a: Hippowdon|Stealth Rock|p1a: rotomwash\n|-sidestart|p1: minimax_ai|move: Stealth Rock\n|\n|-heal|p1a: rotomwash|37\/100|[from] item: Leftovers\n|-damage|p2a: Hippowdon|70\/100 tox|[from] psn\n|upkeep\n|turn|28\n|\n|t:|1668037420\n|switch|p2a: Dracozolt|Dracozolt|100\/100\n|move|p1a: rotomwash|Pain Split|p2a: Dracozolt\n|-sethp|p2a: Dracozolt|67\/100|[from] move: Pain Split|[silent]\n|-sethp|p1a: rotomwash|71\/100|[from] move: Pain Split\n|\n|-heal|p1a: rotomwash|77\/100|[from] item: Leftovers\n|upkeep\n|turn|29\n|\n|t:|1668037431\n|switch|p1a: landorustherian|Landorus-Therian, M|100\/100\n|-damage|p1a: landorustherian|88\/100|[from] Stealth Rock\n|-ability|p1a: landorustherian|Intimidate|boost\n|-unboost|p2a: Dracozolt|atk|1\n|move|p2a: Dracozolt|Outrage|p1a: landorustherian\n|-damage|p1a: landorustherian|39\/100\n|-damage|p2a: Dracozolt|58\/100|[from] item: Life Orb\n|\n|-heal|p1a: landorustherian|45\/100|[from] item: Leftovers\n|upkeep\n|turn|30\n|\n|t:|1668037436\n|switch|p1a: Melmetal|Melmetal|39\/100\n|-damage|p1a: Melmetal|32\/100|[from] Stealth Rock\n|move|p2a: Dracozolt|Outrage|p1a: Melmetal|[from]lockedmove\n|-resisted|p1a: Melmetal\n|-damage|p1a: Melmetal|19\/100\n|-damage|p2a: Dracozolt|48\/100|[from] item: Life Orb\n|-start|p2a: Dracozolt|confusion|[fatigue]\n|\n|upkeep\n|turn|31\n|\n|t:|1668037444\n|switch|p2a: Corviknight|Corviknight, M|100\/100\n|-ability|p2a: Corviknight|Pressure\n|move|p1a: Melmetal|Double Iron Bash|p2a: Corviknight\n|-resisted|p2a: Corviknight\n|-damage|p2a: Corviknight|85\/100\n|-resisted|p2a: Corviknight\n|-damage|p2a: Corviknight|68\/100\n|-hitcount|p2a: Corviknight|2\n|\n|-heal|p2a: Corviknight|74\/100|[from] item: Leftovers\n|upkeep\n|turn|32\n|\n|t:|1668037453\n|move|p2a: Corviknight|U-turn|p1a: Melmetal\n|-resisted|p1a: Melmetal\n|-damage|p1a: Melmetal|15\/100\n|\n|t:|1668037458\n|switch|p2a: Hippowdon|Hippowdon, F|70\/100 tox|[from]move: U-turn\n|-weather|Sandstorm|[from] ability: Sand Stream|[of] p2a: Hippowdon\n|move|p1a: Melmetal|Ice Punch|p2a: Hippowdon\n|-supereffective|p2a: Hippowdon\n|-damage|p2a: Hippowdon|31\/100 tox\n|\n|-weather|Sandstorm|[upkeep]\n|-damage|p2a: Hippowdon|25\/100 tox|[from] psn\n|upkeep\n|turn|33\n|\n|t:|1668037465\n|switch|p2a: Corviknight|Corviknight, M|74\/100\n|-ability|p2a: Corviknight|Pressure\n|switch|p1a: landorustherian|Landorus-Therian, M|45\/100\n|-damage|p1a: landorustherian|33\/100|[from] Stealth Rock\n|-ability|p1a: landorustherian|Intimidate|boost\n|-unboost|p2a: Corviknight|atk|1\n|\n|-weather|Sandstorm|[upkeep]\n|-heal|p1a: landorustherian|39\/100|[from] item: Leftovers\n|-heal|p2a: Corviknight|81\/100|[from] item: Leftovers\n|upkeep\n|turn|34\n|\n|t:|1668037471\n|move|p1a: landorustherian|Defog|p2a: Corviknight\n|-unboost|p2a: Corviknight|evasion|1\n|-sideend|p1: minimax_ai|Stealth Rock|[from] move: Defog|[of] p1a: landorustherian\n|move|p2a: Corviknight|Brave Bird|p1a: landorustherian\n|-damage|p1a: landorustherian|13\/100\n|-damage|p2a: Corviknight|73\/100|[from] Recoil\n|\n|-weather|Sandstorm|[upkeep]\n|-heal|p1a: landorustherian|19\/100|[from] item: Leftovers\n|-heal|p2a: Corviknight|79\/100|[from] item: Leftovers\n|upkeep\n|turn|35\n|\n|t:|1668037476\n|move|p1a: landorustherian|U-turn|p2a: Corviknight\n|-resisted|p2a: Corviknight\n|-damage|p2a: Corviknight|75\/100\n|\n|t:|1668037476\n|switch|p1a: Heatran|Heatran, M|82\/100|[from]move: U-turn\n|move|p2a: Corviknight|Brave Bird|p1a: Heatran\n|-resisted|p1a: Heatran\n|-damage|p1a: Heatran|70\/100\n|-damage|p2a: Corviknight|72\/100|[from] Recoil\n|\n|-weather|Sandstorm|[upkeep]\n|-heal|p2a: Corviknight|78\/100|[from] item: Leftovers\n|upkeep\n|turn|36\n|\n|t:|1668037489\n|switch|p2a: Dracozolt|Dracozolt|48\/100\n|move|p1a: Heatran|Magma Storm|p2a: Dracozolt\n|-resisted|p2a: Dracozolt\n|-damage|p2a: Dracozolt|12\/100\n|-activate|p2a: Dracozolt|move: Magma Storm|[of] p1a: Heatran\n|\n|-weather|Sandstorm|[upkeep]\n|-damage|p2a: Dracozolt|0 fnt|[from] move: Magma Storm|[partiallytrapped]\n|faint|p2a: Dracozolt\n|upkeep\n|\n|t:|1668037493\n|switch|p2a: Excadrill|Excadrill, M|100\/100\n|turn|37\n|\n|t:|1668037497\n|switch|p1a: rotomwash|Rotom-Wash|77\/100\n|move|p2a: Excadrill|Brick Break|p1a: rotomwash\n|-damage|p1a: rotomwash|34\/100\n|\n|-weather|Sandstorm|[upkeep]\n|-damage|p1a: rotomwash|28\/100|[from] Sandstorm\n|-heal|p1a: rotomwash|34\/100|[from] item: Leftovers\n|upkeep\n|turn|38\n|\n|t:|1668037505\n|switch|p1a: landorustherian|Landorus-Therian, M|19\/100\n|-ability|p1a: landorustherian|Intimidate|boost\n|-unboost|p2a: Excadrill|atk|1\n|move|p2a: Excadrill|Brick Break|p1a: landorustherian\n|-resisted|p1a: landorustherian\n|-damage|p1a: landorustherian|5\/100\n|\n|-weather|Sandstorm|[upkeep]\n|-heal|p1a: landorustherian|12\/100|[from] item: Leftovers\n|upkeep\n|turn|39\n|\n|t:|1668037514\n|switch|p1a: Heatran|Heatran, M|70\/100\n|move|p2a: Excadrill|Brick Break|p1a: Heatran\n|-supereffective|p1a: Heatran\n|-damage|p1a: Heatran|15\/100\n|\n|-weather|none\n|upkeep\n|turn|40\n|\n|t:|1668037519\n|switch|p1a: landorustherian|Landorus-Therian, M|12\/100\n|-ability|p1a: landorustherian|Intimidate|boost\n|-unboost|p2a: Excadrill|atk|1\n|move|p2a: Excadrill|Brick Break|p1a: landorustherian\n|-resisted|p1a: landorustherian\n|-damage|p1a: landorustherian|0 fnt\n|faint|p1a: landorustherian\n|\n|upkeep\n|\n|t:|1668037519\n|switch|p1a: Weavile|Weavile, M|100\/100\n|-ability|p1a: Weavile|Pressure\n|turn|41\n|\n|t:|1668037525\n|switch|p2a: Hippowdon|Hippowdon, F|25\/100 tox\n|-weather|Sandstorm|[from] ability: Sand Stream|[of] p2a: Hippowdon\n|move|p1a: Weavile|Knock Off|p2a: Hippowdon\n|-damage|p2a: Hippowdon|0 fnt\n|-enditem|p2a: Hippowdon|Smooth Rock|[from] move: Knock Off|[of] p1a: Weavile\n|faint|p2a: Hippowdon\n|\n|-weather|Sandstorm|[upkeep]\n|-damage|p1a: Weavile|94\/100|[from] Sandstorm\n|upkeep\n|\n|t:|1668037534\n|switch|p2a: Excadrill|Excadrill, M|100\/100\n|turn|42\n|\n|t:|1668037537\n|switch|p1a: Heatran|Heatran, M|15\/100\n|move|p2a: Excadrill|Iron Head|p1a: Heatran\n|-resisted|p1a: Heatran\n|-damage|p1a: Heatran|0 fnt\n|faint|p1a: Heatran\n|\n|-weather|Sandstorm|[upkeep]\n|upkeep\n|\n|t:|1668037537\n|switch|p1a: rotomwash|Rotom-Wash|34\/100\n|turn|43\n|\n|t:|1668037542\n|move|p2a: Excadrill|Iron Head|p1a: rotomwash\n|-resisted|p1a: rotomwash\n|-damage|p1a: rotomwash|17\/100\n|move|p1a: rotomwash|Pain Split|p2a: Excadrill\n|-sethp|p2a: Excadrill|57\/100|[from] move: Pain Split|[silent]\n|-sethp|p1a: rotomwash|68\/100|[from] move: Pain Split\n|\n|-weather|Sandstorm|[upkeep]\n|-damage|p1a: rotomwash|62\/100|[from] Sandstorm\n|-heal|p1a: rotomwash|68\/100|[from] item: Leftovers\n|upkeep\n|turn|44\n|\n|t:|1668037545\n|move|p2a: Excadrill|Iron Head|p1a: rotomwash\n|-resisted|p1a: rotomwash\n|-crit|p1a: rotomwash\n|-damage|p1a: rotomwash|41\/100\n|cant|p1a: rotomwash|flinch\n|\n|-weather|Sandstorm|[upkeep]\n|-damage|p1a: rotomwash|35\/100|[from] Sandstorm\n|-heal|p1a: rotomwash|41\/100|[from] item: Leftovers\n|upkeep\n|turn|45\n|\n|t:|1668037549\n|move|p2a: Excadrill|Iron Head|p1a: rotomwash\n|-resisted|p1a: rotomwash\n|-damage|p1a: rotomwash|21\/100\n|cant|p1a: rotomwash|flinch\n|\n|-weather|Sandstorm|[upkeep]\n|-damage|p1a: rotomwash|15\/100|[from] Sandstorm\n|-heal|p1a: rotomwash|21\/100|[from] item: Leftovers\n|upkeep\n|turn|46\n|\n|t:|1668037553\n|move|p2a: Excadrill|Iron Head|p1a: rotomwash\n|-resisted|p1a: rotomwash\n|-damage|p1a: rotomwash|4\/100\n|cant|p1a: rotomwash|flinch\n|\n|-weather|Sandstorm|[upkeep]\n|-damage|p1a: rotomwash|0 fnt|[from] Sandstorm\n|faint|p1a: rotomwash\n|upkeep\n|\n|t:|1668037553\n|switch|p1a: Weavile|Weavile, M|94\/100\n|-ability|p1a: Weavile|Pressure\n|turn|47\n|\n|t:|1668037557\n|switch|p1a: Melmetal|Melmetal|15\/100\n|move|p2a: Excadrill|Iron Head|p1a: Melmetal\n|-resisted|p1a: Melmetal\n|-damage|p1a: Melmetal|0 fnt\n|faint|p1a: Melmetal\n|\n|-weather|Sandstorm|[upkeep]\n|upkeep\n|\n|t:|1668037557\n|switch|p1a: Weavile|Weavile, M|94\/100\n|-ability|p1a: Weavile|Pressure\n|turn|48\n|\n|t:|1668037561\n|move|p1a: Weavile|Ice Shard|p2a: Excadrill\n|-damage|p2a: Excadrill|18\/100\n|move|p2a: Excadrill|Iron Head|p1a: Weavile\n|-supereffective|p1a: Weavile\n|-damage|p1a: Weavile|0 fnt\n|faint|p1a: Weavile\n|\n|win|A$AP PUCK\n|raw|minimax_ai's rating: 1478 &rarr; <strong>1459<\/strong><br \/>(-19 for losing)\n|raw|A$AP PUCK's rating: 1489 &rarr; <strong>1508<\/strong><br \/>(+19 for winning)\n|c|\u2606minimax_ai|gg\n","uploadtime":1668037563,"views":3,"p1id":"minimaxai","p2id":"aappuck","formatid":"gen8ou","rating":1459,"private":0,"password":null}