{"id":"gen8ru-1566093260","p1":"Seelmonster","p2":"xskelly34","format":"gen8ru","log":"|j|\u2606Seelmonster\n|j|\u2606xskelly34\n|inactive|Battle timer is ON: inactive players will automatically lose when time's up.\n|t:|1651510038\n|gametype|singles\n|player|p1|Seelmonster|falkner|\n|player|p2|xskelly34|bugsy|\n|teamsize|p1|6\n|teamsize|p2|6\n|gen|8\n|tier|[Gen 8] RU\n|rated|Tournament battle\n|rule|Sleep Clause Mod: Limit one foe put to sleep\n|rule|Species Clause: Limit one of each Pok\u00e9mon\n|rule|OHKO Clause: OHKO moves are banned\n|rule|Evasion Moves Clause: Evasion moves are banned\n|rule|Endless Battle Clause: Forcing endless battles is banned\n|rule|HP Percentage Mod: HP is shown in percentages\n|rule|Dynamax Clause: You cannot dynamax\n|clearpoke\n|poke|p1|Incineroar, M|\n|poke|p1|Araquanid, F|\n|poke|p1|Registeel|\n|poke|p1|Toxtricity, F|\n|poke|p1|Nidoqueen, F|\n|poke|p1|Inteleon, F|\n|poke|p2|Quagsire, F|\n|poke|p2|Metagross|\n|poke|p2|Weezing-Galar, F|\n|poke|p2|Umbreon, M|\n|poke|p2|Bewear, F|\n|poke|p2|Nidoqueen, F|\n|teampreview\n|j|*Lady Monita \u273f\n|j| BB-8-NU\n|j| Alita Kazami\n|j| ricpo\n|\n|t:|1651510055\n|start\n|switch|p1a: Inteleon|Inteleon, F|100\/100\n|switch|p2a: Nidoqueen|Nidoqueen, F|100\/100\n|turn|1\n|j| ItsYaBoyBen\n|\n|t:|1651510061\n|switch|p2a: Umbreon|Umbreon, M|100\/100\n|move|p1a: Inteleon|Hydro Pump|p2a: Umbreon\n|-damage|p2a: Umbreon|59\/100\n|\n|-heal|p2a: Umbreon|65\/100|[from] item: Leftovers\n|upkeep\n|turn|2\n|\n|t:|1651510065\n|move|p1a: Inteleon|Hydro Pump|p2a: Umbreon\n|-damage|p2a: Umbreon|21\/100\n|move|p2a: Umbreon|Wish|p2a: Umbreon\n|\n|-heal|p2a: Umbreon|27\/100|[from] item: Leftovers\n|upkeep\n|turn|3\n|\n|t:|1651510078\n|switch|p1a: Incineroar|Incineroar, M|100\/100\n|-ability|p1a: Incineroar|Intimidate|boost\n|-fail|p2a: Umbreon|unboost|Attack|[from] ability: Inner Focus|[of] p2a: Umbreon\n|move|p2a: Umbreon|Protect||[still]\n|-fail|p2a: Umbreon\n|\n|-heal|p2a: Umbreon|77\/100|[from] move: Wish|[wisher] Umbreon\n|-heal|p2a: Umbreon|83\/100|[from] item: Leftovers\n|upkeep\n|turn|4\n|\n|t:|1651510093\n|switch|p2a: Nidoqueen|Nidoqueen, F|100\/100\n|move|p1a: Incineroar|Knock Off|p2a: Nidoqueen\n|-damage|p2a: Nidoqueen|58\/100\n|-enditem|p2a: Nidoqueen|Black Sludge|[from] move: Knock Off|[of] p1a: Incineroar\n|\n|upkeep\n|turn|5\n|j| hackmonscup=skill\n|\n|t:|1651510108\n|switch|p1a: Inteleon|Inteleon, F|100\/100\n|move|p2a: Nidoqueen|Stealth Rock|p1a: Inteleon\n|-sidestart|p1: Seelmonster|move: Stealth Rock\n|\n|upkeep\n|turn|6\n|\n|t:|1651510116\n|switch|p2a: Umbreon|Umbreon, M|83\/100\n|move|p1a: Inteleon|Hydro Pump|p2a: Umbreon|[miss]\n|-miss|p1a: Inteleon|p2a: Umbreon\n|\n|-heal|p2a: Umbreon|90\/100|[from] item: Leftovers\n|upkeep\n|turn|7\n|\n|t:|1651510123\n|switch|p1a: Registeel|Registeel|100\/100\n|-damage|p1a: Registeel|94\/100|[from] Stealth Rock\n|move|p2a: Umbreon|Wish|p2a: Umbreon\n|\n|-heal|p2a: Umbreon|96\/100|[from] item: Leftovers\n|-heal|p1a: Registeel|100\/100|[from] item: Leftovers\n|upkeep\n|turn|8\n|\n|t:|1651510131\n|switch|p2a: Nidoqueen|Nidoqueen, F|58\/100\n|move|p1a: Registeel|Stealth Rock|p2a: Nidoqueen\n|-sidestart|p2: xskelly34|move: Stealth Rock\n|\n|-heal|p2a: Nidoqueen|100\/100|[from] move: Wish|[wisher] Umbreon\n|upkeep\n|turn|9\n|j| mike-r11\n|\n|t:|1651510140\n|switch|p1a: Araquanid|Araquanid, F|100\/100\n|move|p2a: Nidoqueen|Earth Power|p1a: Araquanid\n|-resisted|p1a: Araquanid\n|-damage|p1a: Araquanid|90\/100\n|\n|upkeep\n|turn|10\n|\n|t:|1651510163\n|switch|p2a: Bewear|Bewear, F|100\/100\n|-damage|p2a: Bewear|94\/100|[from] Stealth Rock\n|move|p1a: Araquanid|Liquidation|p2a: Bewear\n|-crit|p2a: Bewear\n|-damage|p2a: Bewear|69\/100\n|\n|-heal|p2a: Bewear|75\/100|[from] item: Leftovers\n|upkeep\n|turn|11\n|inactive|Seelmonster has 120 seconds left.\n|\n|t:|1651510198\n|switch|p1a: Incineroar|Incineroar, M|100\/100\n|-ability|p1a: Incineroar|Intimidate|boost\n|-unboost|p2a: Bewear|atk|1\n|move|p2a: Bewear|Toxic|p1a: Incineroar\n|-status|p1a: Incineroar|tox\n|\n|-heal|p2a: Bewear|81\/100|[from] item: Leftovers\n|-damage|p1a: Incineroar|94\/100 tox|[from] psn\n|upkeep\n|turn|12\n|inactive|Seelmonster has 120 seconds left.\n|\n|t:|1651510211\n|switch|p2a: Nidoqueen|Nidoqueen, F|100\/100\n|-damage|p2a: Nidoqueen|94\/100|[from] Stealth Rock\n|move|p1a: Incineroar|Parting Shot|p2a: Nidoqueen\n|-unboost|p2a: Nidoqueen|atk|1\n|-unboost|p2a: Nidoqueen|spa|1\n|j| NemesisOP69\n|l| hackmonscup=skill\n|inactive|Seelmonster has 120 seconds left.\n|\n|t:|1651510219\n|switch|p1a: Inteleon|Inteleon, F|100\/100|[from]move: Parting Shot\n|-damage|p1a: Inteleon|88\/100|[from] Stealth Rock\n|\n|upkeep\n|turn|13\n|\n|t:|1651510223\n|switch|p2a: Umbreon|Umbreon, M|96\/100\n|-damage|p2a: Umbreon|83\/100|[from] Stealth Rock\n|move|p1a: Inteleon|Hydro Pump|p2a: Umbreon\n|-damage|p2a: Umbreon|41\/100\n|\n|-heal|p2a: Umbreon|47\/100|[from] item: Leftovers\n|upkeep\n|turn|14\n|j| slowpoke\/wooper\n|\n|t:|1651510232\n|move|p1a: Inteleon|Hydro Pump|p2a: Umbreon\n|-damage|p2a: Umbreon|3\/100\n|move|p2a: Umbreon|Wish|p2a: Umbreon\n|\n|-heal|p2a: Umbreon|9\/100|[from] item: Leftovers\n|upkeep\n|turn|15\n|\n|t:|1651510240\n|switch|p1a: Incineroar|Incineroar, M|94\/100 tox\n|-ability|p1a: Incineroar|Intimidate|boost\n|-fail|p2a: Umbreon|unboost|Attack|[from] ability: Inner Focus|[of] p2a: Umbreon\n|move|p2a: Umbreon|Protect||[still]\n|-fail|p2a: Umbreon\n|\n|-heal|p2a: Umbreon|59\/100|[from] move: Wish|[wisher] Umbreon\n|-heal|p2a: Umbreon|65\/100|[from] item: Leftovers\n|-damage|p1a: Incineroar|88\/100 tox|[from] psn\n|upkeep\n|turn|16\n|\n|t:|1651510243\n|move|p2a: Umbreon|Protect|p2a: Umbreon\n|-singleturn|p2a: Umbreon|Protect\n|move|p1a: Incineroar|Parting Shot|p2a: Umbreon\n|-activate|p2a: Umbreon|move: Protect\n|\n|-heal|p2a: Umbreon|71\/100|[from] item: Leftovers\n|-damage|p1a: Incineroar|76\/100 tox|[from] psn\n|upkeep\n|turn|17\n|\n|t:|1651510249\n|switch|p2a: Nidoqueen|Nidoqueen, F|94\/100\n|-damage|p2a: Nidoqueen|88\/100|[from] Stealth Rock\n|move|p1a: Incineroar|Knock Off|p2a: Nidoqueen\n|-damage|p2a: Nidoqueen|62\/100\n|\n|-damage|p1a: Incineroar|58\/100 tox|[from] psn\n|upkeep\n|turn|18\n|\n|t:|1651510256\n|switch|p1a: Araquanid|Araquanid, F|90\/100\n|move|p2a: Nidoqueen|Earth Power|p1a: Araquanid\n|-resisted|p1a: Araquanid\n|-damage|p1a: Araquanid|79\/100\n|\n|upkeep\n|turn|19\n|\n|t:|1651510261\n|switch|p2a: Bewear|Bewear, F|81\/100\n|-damage|p2a: Bewear|75\/100|[from] Stealth Rock\n|move|p1a: Araquanid|Sticky Web|p2a: Bewear\n|-sidestart|p2: xskelly34|move: Sticky Web\n|\n|-heal|p2a: Bewear|81\/100|[from] item: Leftovers\n|upkeep\n|turn|20\n|\n|t:|1651510270\n|move|p2a: Bewear|Drain Punch|p1a: Araquanid\n|-resisted|p1a: Araquanid\n|-damage|p1a: Araquanid|64\/100\n|-heal|p2a: Bewear|87\/100|[from] drain|[of] p1a: Araquanid\n|move|p1a: Araquanid|Toxic|p2a: Bewear\n|-status|p2a: Bewear|tox\n|\n|-heal|p2a: Bewear|93\/100 tox|[from] item: Leftovers\n|-damage|p2a: Bewear|87\/100 tox|[from] psn\n|upkeep\n|turn|21\n|\n|t:|1651510278\n|switch|p1a: Incineroar|Incineroar, M|58\/100 tox\n|-ability|p1a: Incineroar|Intimidate|boost\n|-unboost|p2a: Bewear|atk|1\n|move|p2a: Bewear|Drain Punch|p1a: Incineroar\n|-supereffective|p1a: Incineroar\n|-damage|p1a: Incineroar|28\/100 tox\n|-heal|p2a: Bewear|99\/100 tox|[from] drain|[of] p1a: Incineroar\n|\n|-heal|p2a: Bewear|100\/100 tox|[from] item: Leftovers\n|-damage|p2a: Bewear|88\/100 tox|[from] psn\n|-damage|p1a: Incineroar|22\/100 tox|[from] psn\n|upkeep\n|turn|22\n|j| Battle Honor\n|\n|t:|1651510294\n|move|p2a: Bewear|Drain Punch|p1a: Incineroar\n|-supereffective|p1a: Incineroar\n|-crit|p1a: Incineroar\n|-damage|p1a: Incineroar|0 fnt\n|-heal|p2a: Bewear|98\/100 tox|[from] drain|[of] p1a: Incineroar\n|faint|p1a: Incineroar\n|\n|-heal|p2a: Bewear|100\/100 tox|[from] item: Leftovers\n|-damage|p2a: Bewear|82\/100 tox|[from] psn\n|upkeep\n|j| ThedeserK\n|j| PokemonMasterEjaz\n|inactive|Seelmonster has 120 seconds left.\n|\n|t:|1651510332\n|switch|p1a: Nidoqueen|Nidoqueen, F|100\/100\n|-damage|p1a: Nidoqueen|94\/100|[from] Stealth Rock\n|turn|23\n|l| slowpoke\/wooper\n|j|@J0rdy004 \u266b\n|j| slowpoke\/wooper\n|\n|t:|1651510351\n|switch|p2a: Weezing|Weezing-Galar, F|100\/100\n|-damage|p2a: Weezing|88\/100|[from] Stealth Rock\n|move|p1a: Nidoqueen|Fire Blast|p2a: Weezing|[miss]\n|-miss|p1a: Nidoqueen|p2a: Weezing\n|\n|-heal|p1a: Nidoqueen|100\/100|[from] item: Black Sludge\n|-heal|p2a: Weezing|94\/100|[from] item: Black Sludge\n|upkeep\n|turn|24\n|inactive|Seelmonster has 120 seconds left.\n|\n|t:|1651510368\n|move|p1a: Nidoqueen|Toxic Spikes|p2a: Weezing\n|-sidestart|p2: xskelly34|move: Toxic Spikes\n|move|p2a: Weezing|Defog|p1a: Nidoqueen\n|-unboost|p1a: Nidoqueen|evasion|1\n|-sideend|p1: Seelmonster|Stealth Rock|[from] move: Defog|[of] p2a: Weezing\n|-sideend|p2: xskelly34|Toxic Spikes|[from] move: Defog|[of] p2a: Weezing\n|-sideend|p2: xskelly34|Stealth Rock|[from] move: Defog|[of] p2a: Weezing\n|-sideend|p2: xskelly34|Sticky Web|[from] move: Defog|[of] p2a: Weezing\n|\n|-heal|p2a: Weezing|99\/100|[from] item: Black Sludge\n|upkeep\n|turn|25\n|j| Ethl0co123\n|l| slowpoke\/wooper\n|inactive|Seelmonster has 120 seconds left.\n|\n|t:|1651510373\n|move|p1a: Nidoqueen|Toxic Spikes|p2a: Weezing\n|-sidestart|p2: xskelly34|move: Toxic Spikes\n|move|p2a: Weezing|Will-O-Wisp|p1a: Nidoqueen\n|-status|p1a: Nidoqueen|brn\n|\n|-heal|p2a: Weezing|100\/100|[from] item: Black Sludge\n|-damage|p1a: Nidoqueen|94\/100 brn|[from] brn\n|upkeep\n|turn|26\n|\n|t:|1651510380\n|move|p1a: Nidoqueen|Sludge Wave|p2a: Weezing\n|-damage|p2a: Weezing|57\/100\n|move|p2a: Weezing|Strange Steam|p1a: Nidoqueen\n|-resisted|p1a: Nidoqueen\n|-damage|p1a: Nidoqueen|80\/100 brn\n|\n|-heal|p1a: Nidoqueen|86\/100 brn|[from] item: Black Sludge\n|-heal|p2a: Weezing|63\/100|[from] item: Black Sludge\n|-damage|p1a: Nidoqueen|80\/100 brn|[from] brn\n|upkeep\n|turn|27\n|\n|t:|1651510384\n|switch|p2a: Nidoqueen|Nidoqueen, F|62\/100\n|-sideend|p2: xskelly34|move: Toxic Spikes|[of] p2a: Nidoqueen\n|move|p1a: Nidoqueen|Toxic Spikes|p2a: Nidoqueen\n|-sidestart|p2: xskelly34|move: Toxic Spikes\n|\n|-heal|p1a: Nidoqueen|86\/100 brn|[from] item: Black Sludge\n|-damage|p1a: Nidoqueen|80\/100 brn|[from] brn\n|upkeep\n|turn|28\n|\n|t:|1651510399\n|switch|p2a: Weezing|Weezing-Galar, F|63\/100\n|move|p1a: Nidoqueen|Earth Power|p2a: Weezing\n|-immune|p2a: Weezing|[from] ability: Levitate\n|\n|-heal|p1a: Nidoqueen|86\/100 brn|[from] item: Black Sludge\n|-heal|p2a: Weezing|69\/100|[from] item: Black Sludge\n|-damage|p1a: Nidoqueen|80\/100 brn|[from] brn\n|upkeep\n|turn|29\n|j| Sambo\n|\n|t:|1651510404\n|switch|p2a: Nidoqueen|Nidoqueen, F|62\/100\n|-sideend|p2: xskelly34|move: Toxic Spikes|[of] p2a: Nidoqueen\n|move|p1a: Nidoqueen|Sludge Wave|p2a: Nidoqueen\n|-resisted|p2a: Nidoqueen\n|-damage|p2a: Nidoqueen|56\/100\n|\n|-heal|p1a: Nidoqueen|86\/100 brn|[from] item: Black Sludge\n|-damage|p1a: Nidoqueen|80\/100 brn|[from] brn\n|upkeep\n|turn|30\n|\n|t:|1651510409\n|switch|p1a: Araquanid|Araquanid, F|64\/100\n|move|p2a: Nidoqueen|Earth Power|p1a: Araquanid\n|-resisted|p1a: Araquanid\n|-damage|p1a: Araquanid|54\/100\n|\n|upkeep\n|turn|31\n|\n|t:|1651510420\n|switch|p2a: Metagross|Metagross|100\/100\n|move|p1a: Araquanid|Liquidation|p2a: Metagross\n|-damage|p2a: Metagross|59\/100\n|\n|-heal|p2a: Metagross|65\/100|[from] item: Leftovers\n|upkeep\n|turn|32\n|l| Battle Honor\n|\n|t:|1651510430\n|move|p2a: Metagross|Cosmic Power|p2a: Metagross\n|-boost|p2a: Metagross|def|1\n|-boost|p2a: Metagross|spd|1\n|move|p1a: Araquanid|Liquidation|p2a: Metagross\n|-damage|p2a: Metagross|34\/100\n|\n|-heal|p2a: Metagross|40\/100|[from] item: Leftovers\n|upkeep\n|turn|33\n|\n|t:|1651510434\n|move|p2a: Metagross|Cosmic Power|p2a: Metagross\n|-boost|p2a: Metagross|def|1\n|-boost|p2a: Metagross|spd|1\n|move|p1a: Araquanid|Liquidation|p2a: Metagross\n|-damage|p2a: Metagross|19\/100\n|\n|-heal|p2a: Metagross|25\/100|[from] item: Leftovers\n|upkeep\n|turn|34\n|\n|t:|1651510441\n|move|p2a: Metagross|Cosmic Power|p2a: Metagross\n|-boost|p2a: Metagross|def|1\n|-boost|p2a: Metagross|spd|1\n|move|p1a: Araquanid|Liquidation|p2a: Metagross\n|-damage|p2a: Metagross|7\/100\n|\n|-heal|p2a: Metagross|13\/100|[from] item: Leftovers\n|upkeep\n|turn|35\n|\n|t:|1651510443\n|move|p2a: Metagross|Rest|p2a: Metagross\n|-status|p2a: Metagross|slp|[from] move: Rest\n|-heal|p2a: Metagross|100\/100 slp|[silent]\n|move|p1a: Araquanid|Liquidation|p2a: Metagross\n|-damage|p2a: Metagross|82\/100 slp\n|\n|-heal|p2a: Metagross|88\/100 slp|[from] item: Leftovers\n|upkeep\n|turn|36\n|\n|t:|1651510460\n|switch|p1a: Registeel|Registeel|100\/100\n|cant|p2a: Metagross|slp\n|\n|-heal|p2a: Metagross|94\/100 slp|[from] item: Leftovers\n|upkeep\n|turn|37\n|\n|t:|1651510463\n|cant|p2a: Metagross|slp\n|move|p1a: Registeel|Seismic Toss|p2a: Metagross\n|-damage|p2a: Metagross|63\/100 slp\n|\n|-heal|p2a: Metagross|69\/100 slp|[from] item: Leftovers\n|upkeep\n|turn|38\n|\n|t:|1651510467\n|-curestatus|p2a: Metagross|slp|[msg]\n|move|p2a: Metagross|Cosmic Power|p2a: Metagross\n|-boost|p2a: Metagross|def|1\n|-boost|p2a: Metagross|spd|1\n|move|p1a: Registeel|Thunder Wave|p2a: Metagross\n|-status|p2a: Metagross|par\n|\n|-heal|p2a: Metagross|76\/100 par|[from] item: Leftovers\n|upkeep\n|turn|39\n|\n|t:|1651510470\n|move|p1a: Registeel|Seismic Toss|p2a: Metagross\n|-damage|p2a: Metagross|45\/100 par\n|cant|p2a: Metagross|par\n|\n|-heal|p2a: Metagross|51\/100 par|[from] item: Leftovers\n|upkeep\n|turn|40\n|\n|t:|1651510472\n|move|p1a: Registeel|Seismic Toss|p2a: Metagross\n|-damage|p2a: Metagross|20\/100 par\n|move|p2a: Metagross|Rest|p2a: Metagross\n|-status|p2a: Metagross|slp|[from] move: Rest\n|-heal|p2a: Metagross|100\/100 slp|[silent]\n|\n|upkeep\n|turn|41\n|\n|t:|1651510474\n|cant|p2a: Metagross|slp\n|move|p1a: Registeel|Seismic Toss|p2a: Metagross\n|-damage|p2a: Metagross|70\/100 slp\n|\n|-heal|p2a: Metagross|76\/100 slp|[from] item: Leftovers\n|upkeep\n|turn|42\n|\n|t:|1651510475\n|cant|p2a: Metagross|slp\n|move|p1a: Registeel|Seismic Toss|p2a: Metagross\n|-damage|p2a: Metagross|45\/100 slp\n|\n|-heal|p2a: Metagross|51\/100 slp|[from] item: Leftovers\n|upkeep\n|turn|43\n|\n|t:|1651510477\n|-curestatus|p2a: Metagross|slp|[msg]\n|move|p2a: Metagross|Body Press|p1a: Registeel\n|-supereffective|p1a: Registeel\n|-damage|p1a: Registeel|5\/100\n|move|p1a: Registeel|Thunder Wave|p2a: Metagross\n|-status|p2a: Metagross|par\n|\n|-heal|p1a: Registeel|11\/100|[from] item: Leftovers\n|-heal|p2a: Metagross|57\/100 par|[from] item: Leftovers\n|upkeep\n|turn|44\n|\n|t:|1651510479\n|move|p1a: Registeel|Seismic Toss|p2a: Metagross\n|-damage|p2a: Metagross|27\/100 par\n|move|p2a: Metagross|Rest|p2a: Metagross\n|-status|p2a: Metagross|slp|[from] move: Rest\n|-heal|p2a: Metagross|100\/100 slp|[silent]\n|\n|-heal|p1a: Registeel|17\/100|[from] item: Leftovers\n|upkeep\n|turn|45\n|\n|t:|1651510481\n|cant|p2a: Metagross|slp\n|move|p1a: Registeel|Seismic Toss|p2a: Metagross\n|-damage|p2a: Metagross|70\/100 slp\n|\n|-heal|p2a: Metagross|76\/100 slp|[from] item: Leftovers\n|-heal|p1a: Registeel|23\/100|[from] item: Leftovers\n|upkeep\n|turn|46\n|\n|t:|1651510483\n|cant|p2a: Metagross|slp\n|move|p1a: Registeel|Seismic Toss|p2a: Metagross\n|-damage|p2a: Metagross|45\/100 slp\n|\n|-heal|p2a: Metagross|51\/100 slp|[from] item: Leftovers\n|-heal|p1a: Registeel|29\/100|[from] item: Leftovers\n|upkeep\n|turn|47\n|\n|t:|1651510488\n|switch|p1a: Nidoqueen|Nidoqueen, F|80\/100 brn\n|-curestatus|p2a: Metagross|slp|[msg]\n|move|p2a: Metagross|Body Press|p1a: Nidoqueen\n|-resisted|p1a: Nidoqueen\n|-damage|p1a: Nidoqueen|56\/100 brn\n|\n|-heal|p2a: Metagross|57\/100|[from] item: Leftovers\n|-heal|p1a: Nidoqueen|63\/100 brn|[from] item: Black Sludge\n|-damage|p1a: Nidoqueen|56\/100 brn|[from] brn\n|upkeep\n|turn|48\n|l| Sambo\n|j| Terror Fang\u30c4\n|j| envi kevin\n|j| Sambo\n|j| icouldmaxgroudon\n|\n|t:|1651510514\n|switch|p1a: Registeel|Registeel|29\/100\n|move|p2a: Metagross|Meteor Mash|p1a: Registeel\n|-resisted|p1a: Registeel\n|-damage|p1a: Registeel|17\/100\n|\n|-heal|p2a: Metagross|64\/100|[from] item: Leftovers\n|-heal|p1a: Registeel|23\/100|[from] item: Leftovers\n|upkeep\n|turn|49\n|l| mike-r11\n|\n|t:|1651510523\n|move|p1a: Registeel|Protect|p1a: Registeel\n|-singleturn|p1a: Registeel|Protect\n|move|p2a: Metagross|Body Press|p1a: Registeel\n|-activate|p1a: Registeel|move: Protect\n|\n|-heal|p2a: Metagross|70\/100|[from] item: Leftovers\n|-heal|p1a: Registeel|29\/100|[from] item: Leftovers\n|upkeep\n|turn|50\n|\n|t:|1651510528\n|switch|p1a: Nidoqueen|Nidoqueen, F|56\/100 brn\n|move|p2a: Metagross|Body Press|p1a: Nidoqueen\n|-resisted|p1a: Nidoqueen\n|-damage|p1a: Nidoqueen|34\/100 brn\n|\n|-heal|p2a: Metagross|76\/100|[from] item: Leftovers\n|-heal|p1a: Nidoqueen|40\/100 brn|[from] item: Black Sludge\n|-damage|p1a: Nidoqueen|34\/100 brn|[from] brn\n|upkeep\n|turn|51\n|j| CantQual4BLT\n|\n|t:|1651510537\n|move|p2a: Metagross|Meteor Mash|p1a: Nidoqueen\n|-damage|p1a: Nidoqueen|6\/100 brn\n|move|p1a: Nidoqueen|Earth Power|p2a: Metagross\n|-supereffective|p2a: Metagross\n|-damage|p2a: Metagross|57\/100\n|\n|-heal|p2a: Metagross|64\/100|[from] item: Leftovers\n|-heal|p1a: Nidoqueen|12\/100 brn|[from] item: Black Sludge\n|-damage|p1a: Nidoqueen|6\/100 brn|[from] brn\n|upkeep\n|turn|52\n|l| CantQual4BLT\n|\n|t:|1651510543\n|move|p2a: Metagross|Body Press|p1a: Nidoqueen\n|-resisted|p1a: Nidoqueen\n|-crit|p1a: Nidoqueen\n|-damage|p1a: Nidoqueen|0 fnt\n|faint|p1a: Nidoqueen\n|\n|-heal|p2a: Metagross|70\/100|[from] item: Leftovers\n|upkeep\n|\n|t:|1651510547\n|switch|p1a: Araquanid|Araquanid, F|54\/100\n|turn|53\n|j| slowpoke\/wooper\n|\n|t:|1651510555\n|move|p2a: Metagross|Body Press|p1a: Araquanid\n|-resisted|p1a: Araquanid\n|-damage|p1a: Araquanid|16\/100\n|move|p1a: Araquanid|Liquidation|p2a: Metagross\n|-damage|p2a: Metagross|55\/100\n|\n|-heal|p2a: Metagross|61\/100|[from] item: Leftovers\n|upkeep\n|turn|54\n|\n|t:|1651510559\n|move|p2a: Metagross|Body Press|p1a: Araquanid\n|-resisted|p1a: Araquanid\n|-damage|p1a: Araquanid|0 fnt\n|faint|p1a: Araquanid\n|\n|-heal|p2a: Metagross|67\/100|[from] item: Leftovers\n|upkeep\n|\n|t:|1651510561\n|switch|p1a: Inteleon|Inteleon, F|88\/100\n|turn|55\n|\n|t:|1651510564\n|move|p1a: Inteleon|Hydro Pump|p2a: Metagross\n|-damage|p2a: Metagross|46\/100\n|move|p2a: Metagross|Body Press|p1a: Inteleon\n|-damage|p1a: Inteleon|0 fnt\n|faint|p1a: Inteleon\n|\n|-heal|p2a: Metagross|52\/100|[from] item: Leftovers\n|upkeep\n|\n|t:|1651510566\n|switch|p1a: Toxtricity|Toxtricity, F|100\/100\n|turn|56\n|\n|t:|1651510568\n|move|p1a: Toxtricity|Overdrive|p2a: Metagross\n|-damage|p2a: Metagross|38\/100\n|move|p2a: Metagross|Body Press|p1a: Toxtricity\n|-resisted|p1a: Toxtricity\n|-damage|p1a: Toxtricity|44\/100\n|\n|-heal|p2a: Metagross|44\/100|[from] item: Leftovers\n|upkeep\n|turn|57\n|\n|t:|1651510570\n|move|p1a: Toxtricity|Overdrive|p2a: Metagross\n|-damage|p2a: Metagross|30\/100\n|move|p2a: Metagross|Body Press|p1a: Toxtricity\n|-resisted|p1a: Toxtricity\n|-damage|p1a: Toxtricity|0 fnt\n|faint|p1a: Toxtricity\n|\n|-heal|p2a: Metagross|36\/100|[from] item: Leftovers\n|upkeep\n|\n|t:|1651510572\n|switch|p1a: Registeel|Registeel|29\/100\n|turn|58\n|\n|t:|1651510573\n|move|p1a: Registeel|Protect|p1a: Registeel\n|-singleturn|p1a: Registeel|Protect\n|move|p2a: Metagross|Body Press|p1a: Registeel\n|-activate|p1a: Registeel|move: Protect\n|\n|-heal|p2a: Metagross|43\/100|[from] item: Leftovers\n|-heal|p1a: Registeel|35\/100|[from] item: Leftovers\n|upkeep\n|turn|59\n|\n|t:|1651510575\n|move|p1a: Registeel|Protect||[still]\n|-fail|p1a: Registeel\n|move|p2a: Metagross|Body Press|p1a: Registeel\n|-supereffective|p1a: Registeel\n|-damage|p1a: Registeel|0 fnt\n|faint|p1a: Registeel\n|\n|win|xskelly34\n|n|\u2606Seelmonster|seelmonster\n|n|\u2606xskelly34|xskelly34\n|n|*Lady Monita \u273f|ladymonita\n|n| BB-8-NU|bb8nu\n|n| Alita Kazami|alitakazami\n|n| ricpo|ricpo\n|n| ItsYaBoyBen|itsyaboyben\n|n| NemesisOP69|nemesisop69\n|n| ThedeserK|thedeserk\n|n| PokemonMasterEjaz|pokemonmasterejaz\n|n|%J0rdy004 \u266b|j0rdy004\n|n| Ethl0co123|ethl0co123\n|n| Terror Fang\u30c4|terrorfang\n|n| envi kevin|envikevin\n|n| Sambo|sambo\n|n| icouldmaxgroudon|icouldmaxgroudon\n|n| slowpoke\/wooper|slowpokewooper\n","uploadtime":1651510576,"views":11,"p1id":"seelmonster","p2id":"xskelly34","formatid":"gen8ru","rating":0,"private":0,"password":null}