{"id":"gen8ou-1622595837","p1":"Infernoss","p2":"LECH24","format":"gen8ou","log":"|j|\u2606Infernoss\n|j|\u2606LECH24\n|t:|1658463220\n|gametype|singles\n|player|p1|Infernoss|blue|1802\n|player|p2|LECH24|1|1701\n|teamsize|p1|6\n|teamsize|p2|6\n|gen|8\n|tier|[Gen 8] OU\n|rated|\n|rule|Sleep Clause Mod: Limit one foe put to sleep\n|rule|Species Clause: Limit one of each Pok\u00e9mon\n|rule|OHKO Clause: OHKO moves are banned\n|rule|Evasion Moves Clause: Evasion moves are banned\n|rule|Endless Battle Clause: Forcing endless battles is banned\n|rule|HP Percentage Mod: HP is shown in percentages\n|rule|Dynamax Clause: You cannot dynamax\n|clearpoke\n|poke|p1|Marowak-Alola, M|\n|poke|p1|Slowbro, M|\n|poke|p1|Hatterene, F|\n|poke|p1|Garchomp, M|\n|poke|p1|Ferrothorn, M|\n|poke|p1|Drampa, M|\n|poke|p2|Tapu Lele|\n|poke|p2|Blacephalon|\n|poke|p2|Garchomp, F|\n|poke|p2|Buzzwole|\n|poke|p2|Heatran, M|\n|poke|p2|Seismitoad, F|\n|teampreview\n|\n|t:|1658463244\n|start\n|switch|p1a: Sharko|Garchomp, M|100\/100\n|switch|p2a: Heatran|Heatran, M|100\/100\n|turn|1\n|inactive|Battle timer is ON: inactive players will automatically lose when time's up. (requested by Infernoss)\n|\n|t:|1658463258\n|move|p1a: Sharko|Earthquake|p2a: Heatran\n|-supereffective|p2a: Heatran\n|-damage|p2a: Heatran|0 fnt\n|faint|p2a: Heatran\n|\n|upkeep\n|\n|t:|1658463264\n|switch|p2a: Tapu Lele|Tapu Lele|100\/100\n|-fieldstart|move: Psychic Terrain|[from] ability: Psychic Surge|[of] p2a: Tapu Lele\n|turn|2\n|\n|t:|1658463268\n|switch|p2a: Blacephalon|Blacephalon|100\/100\n|switch|p1a: Thorns|Ferrothorn, M|100\/100\n|\n|upkeep\n|turn|3\n|\n|t:|1658463282\n|switch|p1a: Falkor|Drampa, M|100\/100\n|move|p2a: Blacephalon|Overheat|p1a: Falkor\n|-resisted|p1a: Falkor\n|-crit|p1a: Falkor\n|-damage|p1a: Falkor|17\/100\n|-unboost|p2a: Blacephalon|spa|2\n|-ability|p1a: Falkor|Berserk|boost\n|-boost|p1a: Falkor|spa|1\n|\n|upkeep\n|turn|4\n|\n|t:|1658463299\n|switch|p1a: Billy B.|Marowak-Alola, M, shiny|100\/100\n|move|p2a: Blacephalon|Overheat|p1a: Billy B.\n|-resisted|p1a: Billy B.\n|-damage|p1a: Billy B.|56\/100\n|-unboost|p2a: Blacephalon|spa|2\n|\n|upkeep\n|turn|5\n|\n|t:|1658463317\n|switch|p2a: Seismitoad|Seismitoad, F|100\/100\n|move|p1a: Billy B.|Poltergeist|p2a: Seismitoad\n|-activate|p2a: Seismitoad|move: Poltergeist|Leftovers\n|-damage|p2a: Seismitoad|13\/100\n|\n|-heal|p2a: Seismitoad|19\/100|[from] item: Leftovers\n|upkeep\n|turn|6\n|\n|t:|1658463326\n|switch|p1a: Thorns|Ferrothorn, M|100\/100\n|move|p2a: Seismitoad|Earthquake|p1a: Thorns\n|-damage|p1a: Thorns|73\/100\n|\n|-heal|p2a: Seismitoad|25\/100|[from] item: Leftovers\n|-heal|p1a: Thorns|79\/100|[from] item: Leftovers\n|-fieldend|move: Psychic Terrain\n|upkeep\n|turn|7\n|\n|t:|1658463334\n|switch|p2a: Blacephalon|Blacephalon|100\/100\n|switch|p1a: Gorra|Hatterene, F, shiny|100\/100\n|\n|upkeep\n|turn|8\n|\n|t:|1658463349\n|move|p2a: Blacephalon|Shadow Ball|p1a: Gorra\n|-supereffective|p1a: Gorra\n|-enditem|p1a: Gorra|Kasib Berry|[eat]\n|-enditem|p1a: Gorra|Kasib Berry|[weaken]\n|-damage|p1a: Gorra|46\/100\n|move|p1a: Gorra|Trick Room|p1a: Gorra\n|-fieldstart|move: Trick Room|[of] p1a: Gorra\n|\n|upkeep\n|turn|9\n|\n|t:|1658463361\n|switch|p2a: Seismitoad|Seismitoad, F|25\/100\n|move|p1a: Gorra|Healing Wish|p1a: Gorra\n|faint|p1a: Gorra\n|\n|-heal|p2a: Seismitoad|31\/100|[from] item: Leftovers\n|upkeep\n|\n|t:|1658463378\n|switch|p1a: Billy B.|Marowak-Alola, M, shiny|56\/100\n|-heal|p1a: Billy B.|100\/100|[from] move: Healing Wish\n|turn|10\n|inactive|LECH24 has 120 seconds left.\n|\n|t:|1658463417\n|move|p2a: Seismitoad|Earthquake|p1a: Billy B.\n|-supereffective|p1a: Billy B.\n|-damage|p1a: Billy B.|29\/100\n|move|p1a: Billy B.|Flare Blitz|p2a: Seismitoad\n|-resisted|p2a: Seismitoad\n|-damage|p2a: Seismitoad|0 fnt\n|faint|p2a: Seismitoad\n|\n|upkeep\n|\n|t:|1658463424\n|switch|p2a: Garchomp|Garchomp, F|100\/100\n|turn|11\n|inactive|LECH24 has 120 seconds left.\n|inactive|Infernoss has 120 seconds left.\n|\n|t:|1658463461\n|switch|p1a: Thorns|Ferrothorn, M|79\/100\n|move|p2a: Garchomp|Earthquake|p1a: Thorns\n|-damage|p1a: Thorns|39\/100\n|\n|-heal|p1a: Thorns|45\/100|[from] item: Leftovers\n|upkeep\n|turn|12\n|\n|t:|1658463471\n|move|p1a: Thorns|Stealth Rock|p2a: Garchomp\n|-sidestart|p2: LECH24|move: Stealth Rock\n|move|p2a: Garchomp|Fire Fang|p1a: Thorns\n|-supereffective|p1a: Thorns\n|-damage|p1a: Thorns|0 fnt\n|-damage|p2a: Garchomp|88\/100|[from] ability: Iron Barbs|[of] p1a: Thorns\n|faint|p1a: Thorns\n|\n|-heal|p2a: Garchomp|94\/100|[from] item: Leftovers\n|-fieldend|move: Trick Room\n|upkeep\n|\n|t:|1658463480\n|switch|p1a: Sonso|Slowbro, M|100\/100\n|turn|13\n|\n|t:|1658463489\n|move|p2a: Garchomp|Earthquake|p1a: Sonso\n|-damage|p1a: Sonso|68\/100\n|move|p1a: Sonso|Scald|p2a: Garchomp\n|-damage|p2a: Garchomp|62\/100\n|\n|-heal|p2a: Garchomp|68\/100|[from] item: Leftovers\n|upkeep\n|turn|14\n|\n|t:|1658463499\n|switch|p2a: Tapu Lele|Tapu Lele|100\/100\n|-damage|p2a: Tapu Lele|88\/100|[from] Stealth Rock\n|-fieldstart|move: Psychic Terrain|[from] ability: Psychic Surge|[of] p2a: Tapu Lele\n|move|p1a: Sonso|Trick Room|p1a: Sonso\n|-fieldstart|move: Trick Room|[of] p1a: Sonso\n|\n|upkeep\n|turn|15\n|\n|t:|1658463506\n|switch|p1a: Falkor|Drampa, M|17\/100\n|move|p2a: Tapu Lele|Moonblast|p1a: Falkor\n|-supereffective|p1a: Falkor\n|-damage|p1a: Falkor|0 fnt\n|faint|p1a: Falkor\n|\n|upkeep\n|\n|t:|1658463516\n|switch|p1a: Billy B.|Marowak-Alola, M, shiny|29\/100\n|turn|16\n|\n|t:|1658463528\n|move|p1a: Billy B.|Flare Blitz|p2a: Tapu Lele\n|-damage|p2a: Tapu Lele|0 fnt\n|faint|p2a: Tapu Lele\n|\n|upkeep\n|\n|t:|1658463534\n|switch|p2a: Buzzwole|Buzzwole|100\/100\n|-damage|p2a: Buzzwole|88\/100|[from] Stealth Rock\n|turn|17\n|\n|t:|1658463537\n|move|p1a: Billy B.|Flare Blitz|p2a: Buzzwole\n|-supereffective|p2a: Buzzwole\n|-damage|p2a: Buzzwole|0 fnt\n|-damage|p1a: Billy B.|12\/100|[from] item: Rocky Helmet|[of] p2a: Buzzwole\n|faint|p2a: Buzzwole\n|\n|upkeep\n|\n|t:|1658463539\n|switch|p2a: Garchomp|Garchomp, F|68\/100\n|-damage|p2a: Garchomp|62\/100|[from] Stealth Rock\n|turn|18\n|\n|t:|1658463549\n|move|p1a: Billy B.|Flare Blitz|p2a: Garchomp\n|-resisted|p2a: Garchomp\n|-damage|p2a: Garchomp|11\/100\n|-damage|p1a: Billy B.|0 fnt|[from] ability: Rough Skin|[of] p2a: Garchomp\n|faint|p1a: Billy B.\n|move|p2a: Garchomp|Swords Dance|p2a: Garchomp\n|-boost|p2a: Garchomp|atk|2\n|\n|-heal|p2a: Garchomp|17\/100|[from] item: Leftovers\n|-fieldend|move: Trick Room\n|-fieldend|move: Psychic Terrain\n|upkeep\n|\n|t:|1658463558\n|switch|p1a: Sonso|Slowbro, M|100\/100\n|turn|19\n|\n|t:|1658463561\n|move|p2a: Garchomp|Earthquake|p1a: Sonso\n|-damage|p1a: Sonso|35\/100\n|move|p1a: Sonso|Trick Room|p1a: Sonso\n|-fieldstart|move: Trick Room|[of] p1a: Sonso\n|\n|-heal|p2a: Garchomp|23\/100|[from] item: Leftovers\n|upkeep\n|turn|20\n|\n|t:|1658463567\n|move|p1a: Sonso|Scald|p2a: Garchomp\n|-damage|p2a: Garchomp|0 fnt\n|faint|p2a: Garchomp\n|\n|upkeep\n|\n|t:|1658463570\n|switch|p2a: Blacephalon|Blacephalon|100\/100\n|-damage|p2a: Blacephalon|76\/100|[from] Stealth Rock\n|turn|21\n|\n|t:|1658463574\n|move|p1a: Sonso|Scald|p2a: Blacephalon\n|-supereffective|p2a: Blacephalon\n|-damage|p2a: Blacephalon|0 fnt\n|faint|p2a: Blacephalon\n|\n|win|Infernoss\n|raw|Infernoss's rating: 1802 &rarr; <strong>1816<\/strong><br \/>(+14 for winning)\n|raw|LECH24's rating: 1701 &rarr; <strong>1687<\/strong><br \/>(-14 for losing)\n|j| ripreckful\n|c|\u2606LECH24|Gg\n|c|\u2606Infernoss|gg\n","uploadtime":1658463584,"views":39,"p1id":"infernoss","p2id":"lech24","formatid":"gen8ou","rating":1687,"private":0,"password":null}