{"id":"gen8ou-1617969646","p1":"VivaHonduras","p2":"30orless","format":"gen8ou","log":"|j|\u2606VivaHonduras\n|j|\u260630orless\n|t:|1657906409\n|gametype|singles\n|player|p1|VivaHonduras|steven|1801\n|player|p2|30orless|265|1724\n|teamsize|p1|6\n|teamsize|p2|6\n|gen|8\n|tier|[Gen 8] OU\n|rated|\n|rule|Sleep Clause Mod: Limit one foe put to sleep\n|rule|Species Clause: Limit one of each Pok\u00e9mon\n|rule|OHKO Clause: OHKO moves are banned\n|rule|Evasion Moves Clause: Evasion moves are banned\n|rule|Endless Battle Clause: Forcing endless battles is banned\n|rule|HP Percentage Mod: HP is shown in percentages\n|rule|Dynamax Clause: You cannot dynamax\n|clearpoke\n|poke|p1|Tapu Lele|\n|poke|p1|Tornadus-Therian, M|\n|poke|p1|Victini|\n|poke|p1|Gastrodon, M|\n|poke|p1|Ferrothorn, F|\n|poke|p1|Exploud, F|\n|poke|p2|Heatran, M|\n|poke|p2|Hydreigon, F|\n|poke|p2|Blaziken, F|\n|poke|p2|Volcanion|\n|poke|p2|Zapdos|\n|poke|p2|Mamoswine, F|\n|teampreview\n|inactive|Battle timer is ON: inactive players will automatically lose when time's up. (requested by 30orless)\n|inactive|VivaHonduras has 120 seconds left.\n|\n|t:|1657906445\n|start\n|switch|p1a: Victini|Victini|100\/100\n|switch|p2a: Mamoswine|Mamoswine, F|100\/100\n|turn|1\n|\n|t:|1657906457\n|switch|p2a: Volcanion|Volcanion|100\/100\n|move|p1a: Victini|U-turn|p2a: Volcanion\n|-resisted|p2a: Volcanion\n|-damage|p2a: Volcanion|87\/100\n|\n|t:|1657906464\n|switch|p1a: Gastrodon|Gastrodon, M|100\/100|[from]move: U-turn\n|\n|upkeep\n|turn|2\n|\n|t:|1657906470\n|switch|p2a: Hydreigon|Hydreigon, F|100\/100\n|move|p1a: Gastrodon|Toxic|p2a: Hydreigon\n|-status|p2a: Hydreigon|tox\n|\n|-damage|p2a: Hydreigon|94\/100 tox|[from] psn\n|upkeep\n|turn|3\n|\n|t:|1657906478\n|move|p2a: Hydreigon|U-turn|p1a: Gastrodon\n|-damage|p1a: Gastrodon|85\/100\n|j| Renegado01\n|\n|t:|1657906488\n|switch|p2a: Mamoswine|Mamoswine, F|100\/100|[from]move: U-turn\n|move|p1a: Gastrodon|Recover|p1a: Gastrodon\n|-heal|p1a: Gastrodon|100\/100\n|\n|upkeep\n|turn|4\n|\n|t:|1657906496\n|switch|p1a: Ferrothorn|Ferrothorn, F|100\/100\n|move|p2a: Mamoswine|Icicle Crash|p1a: Ferrothorn\n|-damage|p1a: Ferrothorn|70\/100\n|\n|upkeep\n|turn|5\n|j| xiao123\n|j| xuwuhanjun\n|\n|t:|1657906516\n|switch|p2a: Zapdos|Zapdos|100\/100\n|move|p1a: Ferrothorn|Stealth Rock|p2a: Zapdos\n|-sidestart|p2: 30orless|move: Stealth Rock\n|\n|upkeep\n|turn|6\n|\n|t:|1657906524\n|move|p2a: Zapdos|Defog|p1a: Ferrothorn\n|-unboost|p1a: Ferrothorn|evasion|1\n|-sideend|p2: 30orless|Stealth Rock|[from] move: Defog|[of] p2a: Zapdos\n|move|p1a: Ferrothorn|Knock Off|p2a: Zapdos\n|-damage|p2a: Zapdos|80\/100\n|-enditem|p2a: Zapdos|Heavy-Duty Boots|[from] move: Knock Off|[of] p1a: Ferrothorn\n|\n|upkeep\n|turn|7\n|\n|t:|1657906528\n|switch|p1a: Gastrodon|Gastrodon, M|100\/100\n|move|p2a: Zapdos|Hurricane|p1a: Gastrodon\n|-damage|p1a: Gastrodon|61\/100\n|-start|p1a: Gastrodon|confusion\n|\n|-heal|p1a: Gastrodon|67\/100|[from] item: Leftovers\n|upkeep\n|turn|8\n|\n|t:|1657906540\n|move|p2a: Zapdos|Hurricane|p1a: Gastrodon|[miss]\n|-miss|p2a: Zapdos|p1a: Gastrodon\n|-activate|p1a: Gastrodon|confusion\n|move|p1a: Gastrodon|Recover|p1a: Gastrodon\n|-heal|p1a: Gastrodon|100\/100\n|\n|upkeep\n|turn|9\n|l| xiao123\n|\n|t:|1657906546\n|switch|p2a: Hydreigon|Hydreigon, F|94\/100 tox\n|-activate|p1a: Gastrodon|confusion\n|move|p1a: Gastrodon|Toxic|p2a: Hydreigon\n|-fail|p2a: Hydreigon|tox\n|\n|-damage|p2a: Hydreigon|88\/100 tox|[from] psn\n|upkeep\n|turn|10\n|\n|t:|1657906555\n|move|p2a: Hydreigon|Draco Meteor|p1a: Gastrodon\n|-damage|p1a: Gastrodon|54\/100\n|-unboost|p2a: Hydreigon|spa|2\n|-activate|p1a: Gastrodon|confusion\n|-damage|p1a: Gastrodon|45\/100|[from] confusion\n|\n|-heal|p1a: Gastrodon|51\/100|[from] item: Leftovers\n|-damage|p2a: Hydreigon|76\/100 tox|[from] psn\n|upkeep\n|turn|11\n|j| Ran Kob\n|\n|t:|1657906560\n|switch|p2a: Mamoswine|Mamoswine, F|100\/100\n|-end|p1a: Gastrodon|confusion\n|move|p1a: Gastrodon|Recover|p1a: Gastrodon\n|-heal|p1a: Gastrodon|100\/100\n|\n|upkeep\n|turn|12\n|\n|t:|1657906566\n|switch|p1a: Tornadus|Tornadus-Therian, M|100\/100\n|move|p2a: Mamoswine|Icicle Crash|p1a: Tornadus|[miss]\n|-miss|p2a: Mamoswine|p1a: Tornadus\n|\n|upkeep\n|turn|13\n|\n|t:|1657906578\n|move|p1a: Tornadus|U-turn|p2a: Mamoswine\n|-damage|p2a: Mamoswine|84\/100\n|\n|t:|1657906580\n|switch|p1a: Victini|Victini|100\/100|[from]move: U-turn\n|move|p2a: Mamoswine|Icicle Crash|p1a: Victini\n|-resisted|p1a: Victini\n|-damage|p1a: Victini|74\/100\n|\n|upkeep\n|turn|14\n|\n|t:|1657906587\n|switch|p2a: Volcanion|Volcanion|87\/100\n|move|p1a: Victini|Bolt Strike|p2a: Volcanion\n|-supereffective|p2a: Volcanion\n|-damage|p2a: Volcanion|0 fnt\n|faint|p2a: Volcanion\n|\n|upkeep\n|\n|t:|1657906592\n|switch|p2a: Hydreigon|Hydreigon, F|76\/100 tox\n|turn|15\n|\n|t:|1657906596\n|switch|p1a: Gastrodon|Gastrodon, M|100\/100\n|move|p2a: Hydreigon|Dark Pulse|p1a: Gastrodon\n|-damage|p1a: Gastrodon|71\/100\n|\n|-heal|p1a: Gastrodon|77\/100|[from] item: Leftovers\n|-damage|p2a: Hydreigon|70\/100 tox|[from] psn\n|upkeep\n|turn|16\n|\n|t:|1657906606\n|move|p2a: Hydreigon|Dark Pulse|p1a: Gastrodon\n|-damage|p1a: Gastrodon|46\/100\n|cant|p1a: Gastrodon|flinch\n|\n|-heal|p1a: Gastrodon|52\/100|[from] item: Leftovers\n|-damage|p2a: Hydreigon|57\/100 tox|[from] psn\n|upkeep\n|turn|17\n|\n|t:|1657906610\n|switch|p2a: Mamoswine|Mamoswine, F|84\/100\n|move|p1a: Gastrodon|Recover|p1a: Gastrodon\n|-heal|p1a: Gastrodon|100\/100\n|\n|upkeep\n|turn|18\n|\n|t:|1657906624\n|switch|p1a: Ferrothorn|Ferrothorn, F|70\/100\n|move|p2a: Mamoswine|Stealth Rock|p1a: Ferrothorn\n|-sidestart|p1: VivaHonduras|move: Stealth Rock\n|\n|upkeep\n|turn|19\n|\n|t:|1657906630\n|switch|p2a: Heatran|Heatran, M|100\/100\n|move|p1a: Ferrothorn|Stealth Rock|p2a: Heatran\n|-sidestart|p2: 30orless|move: Stealth Rock\n|\n|upkeep\n|turn|20\n|\n|t:|1657906633\n|switch|p1a: Gastrodon|Gastrodon, M|100\/100\n|-damage|p1a: Gastrodon|94\/100|[from] Stealth Rock\n|move|p2a: Heatran|Magma Storm|p1a: Gastrodon\n|-resisted|p1a: Gastrodon\n|-damage|p1a: Gastrodon|76\/100\n|-activate|p1a: Gastrodon|move: Magma Storm|[of] p2a: Heatran\n|\n|-heal|p1a: Gastrodon|82\/100|[from] item: Leftovers\n|-damage|p1a: Gastrodon|70\/100|[from] move: Magma Storm|[partiallytrapped]\n|upkeep\n|turn|21\n|\n|t:|1657906641\n|move|p2a: Heatran|Eruption|p1a: Gastrodon\n|-resisted|p1a: Gastrodon\n|-damage|p1a: Gastrodon|45\/100\n|move|p1a: Gastrodon|Earthquake|p2a: Heatran\n|-supereffective|p2a: Heatran\n|-damage|p2a: Heatran|0 fnt\n|faint|p2a: Heatran\n|\n|-heal|p1a: Gastrodon|51\/100|[from] item: Leftovers\n|-end|p1a: Gastrodon|Magma Storm|[partiallytrapped]|[silent]\n|upkeep\n|\n|t:|1657906649\n|switch|p2a: Mamoswine|Mamoswine, F|84\/100\n|-damage|p2a: Mamoswine|71\/100|[from] Stealth Rock\n|turn|22\n|\n|t:|1657906673\n|switch|p1a: Ferrothorn|Ferrothorn, F|70\/100\n|-damage|p1a: Ferrothorn|64\/100|[from] Stealth Rock\n|move|p2a: Mamoswine|Icicle Crash|p1a: Ferrothorn\n|-damage|p1a: Ferrothorn|32\/100\n|\n|upkeep\n|turn|23\n|\n|t:|1657906683\n|move|p2a: Mamoswine|Icicle Crash|p1a: Ferrothorn\n|-damage|p1a: Ferrothorn|2\/100\n|move|p1a: Ferrothorn|Leech Seed|p2a: Mamoswine\n|-start|p2a: Mamoswine|move: Leech Seed\n|\n|-damage|p2a: Mamoswine|59\/100|[from] Leech Seed|[of] p1a: Ferrothorn\n|-heal|p1a: Ferrothorn|14\/100|[silent]\n|upkeep\n|turn|24\n|\n|t:|1657906695\n|move|p2a: Mamoswine|Earthquake|p1a: Ferrothorn\n|-damage|p1a: Ferrothorn|0 fnt\n|faint|p1a: Ferrothorn\n|\n|upkeep\n|j| Auleng\n|j| skylink42\\\n|\n|t:|1657906706\n|switch|p1a: Tapu Lele|Tapu Lele|100\/100\n|-damage|p1a: Tapu Lele|88\/100|[from] Stealth Rock\n|-fieldstart|move: Psychic Terrain|[from] ability: Psychic Surge|[of] p1a: Tapu Lele\n|turn|25\n|\n|t:|1657906709\n|switch|p2a: Hydreigon|Hydreigon, F|57\/100 tox\n|-damage|p2a: Hydreigon|45\/100 tox|[from] Stealth Rock\n|move|p1a: Tapu Lele|Moonblast|p2a: Hydreigon\n|-supereffective|p2a: Hydreigon\n|-damage|p2a: Hydreigon|0 fnt\n|faint|p2a: Hydreigon\n|\n|upkeep\n|\n|t:|1657906712\n|switch|p2a: Zapdos|Zapdos|80\/100\n|-damage|p2a: Zapdos|55\/100|[from] Stealth Rock\n|turn|26\n|\n|t:|1657906716\n|move|p1a: Tapu Lele|Moonblast|p2a: Zapdos\n|-damage|p2a: Zapdos|11\/100\n|move|p2a: Zapdos|Roost|p2a: Zapdos\n|-heal|p2a: Zapdos|61\/100\n|-singleturn|p2a: Zapdos|move: Roost\n|\n|upkeep\n|turn|27\n|j| Lil' Timmy 123\n|\n|t:|1657906722\n|switch|p1a: Tornadus|Tornadus-Therian, M|100\/100\n|move|p2a: Zapdos|Roost|p2a: Zapdos\n|-heal|p2a: Zapdos|100\/100\n|-singleturn|p2a: Zapdos|move: Roost\n|\n|upkeep\n|turn|28\n|\n|t:|1657906725\n|move|p1a: Tornadus|Defog|p2a: Zapdos\n|-unboost|p2a: Zapdos|evasion|1\n|-sideend|p2: 30orless|Stealth Rock|[from] move: Defog|[of] p1a: Tornadus\n|-sideend|p1: VivaHonduras|Stealth Rock|[from] move: Defog|[of] p1a: Tornadus\n|-fieldend|move: Psychic Terrain\n|move|p2a: Zapdos|Discharge|p1a: Tornadus\n|-supereffective|p1a: Tornadus\n|-damage|p1a: Tornadus|9\/100\n|-status|p1a: Tornadus|par\n|\n|upkeep\n|turn|29\n|\n|t:|1657906731\n|switch|p1a: Gastrodon|Gastrodon, M|51\/100\n|move|p2a: Zapdos|Hurricane|p1a: Gastrodon|[miss]\n|-miss|p2a: Zapdos|p1a: Gastrodon\n|\n|-heal|p1a: Gastrodon|57\/100|[from] item: Leftovers\n|upkeep\n|turn|30\n|\n|t:|1657906735\n|switch|p2a: Mamoswine|Mamoswine, F|59\/100\n|move|p1a: Gastrodon|Toxic|p2a: Mamoswine\n|-status|p2a: Mamoswine|tox\n|\n|-heal|p1a: Gastrodon|63\/100|[from] item: Leftovers\n|-damage|p2a: Mamoswine|53\/100 tox|[from] psn\n|upkeep\n|turn|31\n|\n|t:|1657906741\n|move|p2a: Mamoswine|Icicle Crash|p1a: Gastrodon\n|-damage|p1a: Gastrodon|1\/100\n|cant|p1a: Gastrodon|flinch\n|\n|-heal|p1a: Gastrodon|7\/100|[from] item: Leftovers\n|-damage|p2a: Mamoswine|41\/100 tox|[from] psn\n|upkeep\n|turn|32\n|l| xuwuhanjun\n|\n|t:|1657906746\n|move|p2a: Mamoswine|Stealth Rock|p1a: Gastrodon\n|-sidestart|p1: VivaHonduras|move: Stealth Rock\n|move|p1a: Gastrodon|Scald|p2a: Mamoswine\n|-supereffective|p2a: Mamoswine\n|-damage|p2a: Mamoswine|0 fnt\n|faint|p2a: Mamoswine\n|\n|-heal|p1a: Gastrodon|13\/100|[from] item: Leftovers\n|upkeep\n|\n|t:|1657906750\n|switch|p2a: Blaziken|Blaziken, F|100\/100\n|turn|33\n|\n|t:|1657906756\n|switch|p1a: Tapu Lele|Tapu Lele|88\/100\n|-damage|p1a: Tapu Lele|76\/100|[from] Stealth Rock\n|-fieldstart|move: Psychic Terrain|[from] ability: Psychic Surge|[of] p1a: Tapu Lele\n|move|p2a: Blaziken|Knock Off|p1a: Tapu Lele\n|-damage|p1a: Tapu Lele|20\/100\n|-enditem|p1a: Tapu Lele|Choice Scarf|[from] move: Knock Off|[of] p2a: Blaziken\n|-damage|p2a: Blaziken|91\/100|[from] item: Life Orb\n|\n|-ability|p2a: Blaziken|Speed Boost|boost\n|-boost|p2a: Blaziken|spe|1\n|upkeep\n|turn|34\n|j| Atomise\n|\n|t:|1657906761\n|move|p2a: Blaziken|Knock Off|p1a: Tapu Lele\n|-damage|p1a: Tapu Lele|0 fnt\n|faint|p1a: Tapu Lele\n|-damage|p2a: Blaziken|81\/100|[from] item: Life Orb\n|\n|-ability|p2a: Blaziken|Speed Boost|boost\n|-boost|p2a: Blaziken|spe|1\n|upkeep\n|\n|t:|1657906766\n|switch|p1a: Tornadus|Tornadus-Therian, M|42\/100 par\n|turn|35\n|\n|t:|1657906768\n|move|p2a: Blaziken|Knock Off|p1a: Tornadus\n|-damage|p1a: Tornadus|5\/100 par\n|-enditem|p1a: Tornadus|Heavy-Duty Boots|[from] move: Knock Off|[of] p2a: Blaziken\n|-damage|p2a: Blaziken|71\/100|[from] item: Life Orb\n|cant|p1a: Tornadus|par\n|\n|-ability|p2a: Blaziken|Speed Boost|boost\n|-boost|p2a: Blaziken|spe|1\n|upkeep\n|turn|36\n|\n|t:|1657906774\n|move|p2a: Blaziken|Knock Off|p1a: Tornadus\n|-damage|p1a: Tornadus|0 fnt\n|faint|p1a: Tornadus\n|-damage|p2a: Blaziken|61\/100|[from] item: Life Orb\n|\n|-ability|p2a: Blaziken|Speed Boost|boost\n|-boost|p2a: Blaziken|spe|1\n|upkeep\n|\n|t:|1657906777\n|switch|p1a: Exploud|Exploud, F|100\/100\n|-damage|p1a: Exploud|88\/100|[from] Stealth Rock\n|turn|37\n|\n|t:|1657906780\n|move|p2a: Blaziken|Close Combat|p1a: Exploud\n|-supereffective|p1a: Exploud\n|-damage|p1a: Exploud|0 fnt\n|-unboost|p2a: Blaziken|def|1\n|-unboost|p2a: Blaziken|spd|1\n|faint|p1a: Exploud\n|-damage|p2a: Blaziken|51\/100|[from] item: Life Orb\n|\n|-fieldend|move: Psychic Terrain\n|-ability|p2a: Blaziken|Speed Boost|boost\n|-boost|p2a: Blaziken|spe|1\n|upkeep\n|\n|t:|1657906782\n|switch|p1a: Victini|Victini|74\/100\n|-damage|p1a: Victini|49\/100|[from] Stealth Rock\n|turn|38\n|\n|t:|1657906784\n|move|p2a: Blaziken|Knock Off|p1a: Victini\n|-supereffective|p1a: Victini\n|-damage|p1a: Victini|0 fnt\n|-enditem|p1a: Victini|Choice Band|[from] move: Knock Off|[of] p2a: Blaziken\n|faint|p1a: Victini\n|-damage|p2a: Blaziken|41\/100|[from] item: Life Orb\n|\n|-ability|p2a: Blaziken|Speed Boost|boost\n|-boost|p2a: Blaziken|spe|1\n|upkeep\n|\n|t:|1657906787\n|switch|p1a: Gastrodon|Gastrodon, M|13\/100\n|-damage|p1a: Gastrodon|7\/100|[from] Stealth Rock\n|turn|39\n|l| skylink42\\\n|\n|t:|1657906791\n|move|p2a: Blaziken|Close Combat|p1a: Gastrodon\n|-damage|p1a: Gastrodon|0 fnt\n|-unboost|p2a: Blaziken|def|1\n|-unboost|p2a: Blaziken|spd|1\n|faint|p1a: Gastrodon\n|-damage|p2a: Blaziken|31\/100|[from] item: Life Orb\n|\n|win|30orless\n|raw|VivaHonduras's rating: 1801 &rarr; <strong>1777<\/strong><br \/>(-24 for losing)\n|raw|30orless's rating: 1724 &rarr; <strong>1748<\/strong><br \/>(+24 for winning)\n|l|\u2606VivaHonduras\n","uploadtime":1657906806,"views":30,"p1id":"vivahonduras","p2id":"30orless","formatid":"gen8ou","rating":1748,"private":0,"password":null}