{"id":"gen8nationaldex-1602722191","p1":"LECH24","p2":"FIRE LORD AESON!","format":"gen8nationaldex","log":"|j|\u2606LECH24\n|j|\u2606FIRE LORD AESON!\n|t:|1656010267\n|gametype|singles\n|player|p1|LECH24|170|1631\n|player|p2|FIRE LORD AESON!|red-gen1|1718\n|teamsize|p1|6\n|teamsize|p2|6\n|gen|8\n|tier|[Gen 8] National Dex\n|rated|\n|rule|HP Percentage Mod: HP is shown in percentages\n|rule|Endless Battle Clause: Forcing endless battles is banned\n|rule|OHKO Clause: OHKO moves are banned\n|rule|Evasion Moves Clause: Evasion moves are banned\n|rule|Species Clause: Limit one of each Pok\u00e9mon\n|rule|Dynamax Clause: You cannot dynamax\n|rule|Sleep Clause Mod: Limit one foe put to sleep\n|clearpoke\n|poke|p1|Diancie|\n|poke|p1|Tyranitar, F|\n|poke|p1|Zapdos|\n|poke|p1|Heatran, M|\n|poke|p1|Clefable, M|\n|poke|p1|Garchomp, M|\n|poke|p2|Charizard, M|\n|poke|p2|Torkoal, F|\n|poke|p2|Venusaur, M|\n|poke|p2|Victini|\n|poke|p2|Dragonite, F|\n|poke|p2|Heatran, M|\n|teampreview\n|j| ethftw\n|\n|t:|1656010291\n|start\n|switch|p1a: Clefable|Clefable, M|100\/100\n|switch|p2a: \ud83d\udd25BDSM > BDSP\ud83d\udd25|Heatran, M|100\/100\n|-item|p2a: \ud83d\udd25BDSM > BDSP\ud83d\udd25|Air Balloon\n|turn|1\n|\n|t:|1656010302\n|switch|p1a: Zapdos|Zapdos|100\/100\n|move|p2a: \ud83d\udd25BDSM > BDSP\ud83d\udd25|Flash Cannon|p1a: Zapdos\n|-resisted|p1a: Zapdos\n|-damage|p1a: Zapdos|78\/100\n|\n|upkeep\n|turn|2\n|\n|t:|1656010310\n|switch|p2a: \u2600\ufe0fMASTER SENSEI\u2600\ufe0f|Torkoal, F|100\/100\n|-weather|SunnyDay|[from] ability: Drought|[of] p2a: \u2600\ufe0fMASTER SENSEI\u2600\ufe0f\n|move|p1a: Zapdos|Discharge|p2a: \u2600\ufe0fMASTER SENSEI\u2600\ufe0f\n|-damage|p2a: \u2600\ufe0fMASTER SENSEI\u2600\ufe0f|63\/100\n|\n|-weather|SunnyDay|[upkeep]\n|upkeep\n|turn|3\n|\n|t:|1656010314\n|move|p1a: Zapdos|Volt Switch|p2a: \u2600\ufe0fMASTER SENSEI\u2600\ufe0f\n|-damage|p2a: \u2600\ufe0fMASTER SENSEI\u2600\ufe0f|36\/100\n|\n|t:|1656010317\n|switch|p1a: Diancie|Diancie|100\/100|[from]move: Volt Switch\n|move|p2a: \u2600\ufe0fMASTER SENSEI\u2600\ufe0f|Stealth Rock|p1a: Diancie\n|-sidestart|p1: LECH24|move: Stealth Rock\n|\n|-weather|SunnyDay|[upkeep]\n|upkeep\n|turn|4\n|\n|t:|1656010327\n|detailschange|p1a: Diancie|Diancie-Mega\n|-mega|p1a: Diancie|Diancie|Diancite\n|move|p1a: Diancie|Diamond Storm|p2a: \u2600\ufe0fMASTER SENSEI\u2600\ufe0f\n|-supereffective|p2a: \u2600\ufe0fMASTER SENSEI\u2600\ufe0f\n|-damage|p2a: \u2600\ufe0fMASTER SENSEI\u2600\ufe0f|0 fnt\n|faint|p2a: \u2600\ufe0fMASTER SENSEI\u2600\ufe0f\n|\n|-weather|SunnyDay|[upkeep]\n|upkeep\n|\n|t:|1656010328\n|switch|p2a: \u2600\ufe0f MICK JAGGER \u2600\ufe0f|Venusaur, M|100\/100\n|turn|5\n|\n|t:|1656010332\n|move|p2a: \u2600\ufe0f MICK JAGGER \u2600\ufe0f|Giga Drain|p1a: Diancie\n|-supereffective|p1a: Diancie\n|-damage|p1a: Diancie|0 fnt\n|faint|p1a: Diancie\n|-damage|p2a: \u2600\ufe0f MICK JAGGER \u2600\ufe0f|91\/100|[from] item: Life Orb\n|\n|-weather|SunnyDay|[upkeep]\n|upkeep\n|\n|t:|1656010335\n|switch|p1a: Tyranitar|Tyranitar, F|100\/100\n|-damage|p1a: Tyranitar|88\/100|[from] Stealth Rock\n|-weather|Sandstorm|[from] ability: Sand Stream|[of] p1a: Tyranitar\n|turn|6\n|\n|t:|1656010340\n|move|p2a: \u2600\ufe0f MICK JAGGER \u2600\ufe0f|Giga Drain|p1a: Tyranitar\n|-supereffective|p1a: Tyranitar\n|-damage|p1a: Tyranitar|23\/100\n|-heal|p2a: \u2600\ufe0f MICK JAGGER \u2600\ufe0f|100\/100|[from] drain|[of] p1a: Tyranitar\n|-damage|p2a: \u2600\ufe0f MICK JAGGER \u2600\ufe0f|91\/100|[from] item: Life Orb\n|move|p1a: Tyranitar|Stone Edge|p2a: \u2600\ufe0f MICK JAGGER \u2600\ufe0f|[miss]\n|-miss|p1a: Tyranitar|p2a: \u2600\ufe0f MICK JAGGER \u2600\ufe0f\n|\n|-weather|Sandstorm|[upkeep]\n|-damage|p2a: \u2600\ufe0f MICK JAGGER \u2600\ufe0f|85\/100|[from] Sandstorm\n|upkeep\n|turn|7\n|\n|t:|1656010353\n|switch|p1a: Clefable|Clefable, M|100\/100\n|move|p2a: \u2600\ufe0f MICK JAGGER \u2600\ufe0f|Earth Power|p1a: Clefable\n|-damage|p1a: Clefable|66\/100\n|-damage|p2a: \u2600\ufe0f MICK JAGGER \u2600\ufe0f|75\/100|[from] item: Life Orb\n|\n|-weather|Sandstorm|[upkeep]\n|-damage|p2a: \u2600\ufe0f MICK JAGGER \u2600\ufe0f|69\/100|[from] Sandstorm\n|-heal|p1a: Clefable|72\/100|[from] item: Leftovers\n|upkeep\n|turn|8\n|\n|t:|1656010358\n|move|p2a: \u2600\ufe0f MICK JAGGER \u2600\ufe0f|Weather Ball|p1a: Clefable\n|-damage|p1a: Clefable|35\/100\n|-damage|p2a: \u2600\ufe0f MICK JAGGER \u2600\ufe0f|59\/100|[from] item: Life Orb\n|move|p1a: Clefable|Teleport|p1a: Clefable\n|\n|t:|1656010360\n|switch|p1a: Garchomp|Garchomp, M|100\/100|[from]move: Teleport\n|-damage|p1a: Garchomp|94\/100|[from] Stealth Rock\n|\n|-weather|Sandstorm|[upkeep]\n|-damage|p2a: \u2600\ufe0f MICK JAGGER \u2600\ufe0f|53\/100|[from] Sandstorm\n|upkeep\n|turn|9\n|\n|t:|1656010364\n|move|p1a: Garchomp|Earthquake|p2a: \u2600\ufe0f MICK JAGGER \u2600\ufe0f\n|-damage|p2a: \u2600\ufe0f MICK JAGGER \u2600\ufe0f|0 fnt\n|faint|p2a: \u2600\ufe0f MICK JAGGER \u2600\ufe0f\n|\n|-weather|Sandstorm|[upkeep]\n|upkeep\n|\n|t:|1656010367\n|switch|p2a: \ud83d\udd25BDSM > BDSP\ud83d\udd25|Heatran, M|100\/100\n|-item|p2a: \ud83d\udd25BDSM > BDSP\ud83d\udd25|Air Balloon\n|turn|10\n|\n|t:|1656010369\n|move|p1a: Garchomp|Stone Edge|p2a: \ud83d\udd25BDSM > BDSP\ud83d\udd25\n|-damage|p2a: \ud83d\udd25BDSM > BDSP\ud83d\udd25|70\/100\n|-enditem|p2a: \ud83d\udd25BDSM > BDSP\ud83d\udd25|Air Balloon\n|move|p2a: \ud83d\udd25BDSM > BDSP\ud83d\udd25|Flash Cannon|p1a: Garchomp\n|-damage|p1a: Garchomp|41\/100\n|-unboost|p1a: Garchomp|spd|1\n|\n|-weather|none\n|upkeep\n|turn|11\n|\n|t:|1656010380\n|move|p1a: Garchomp|Earthquake|p2a: \ud83d\udd25BDSM > BDSP\ud83d\udd25\n|-supereffective|p2a: \ud83d\udd25BDSM > BDSP\ud83d\udd25\n|-damage|p2a: \ud83d\udd25BDSM > BDSP\ud83d\udd25|0 fnt\n|faint|p2a: \ud83d\udd25BDSM > BDSP\ud83d\udd25\n|\n|upkeep\n|\n|t:|1656010382\n|switch|p2a: SUBSCRIBE 2 AESON?|Dragonite, F|100\/100\n|turn|12\n|\n|t:|1656010389\n|-zpower|p1a: Garchomp\n|move|p1a: Garchomp|Continental Crush|p2a: SUBSCRIBE 2 AESON?|[zeffect]\n|-supereffective|p2a: SUBSCRIBE 2 AESON?\n|-damage|p2a: SUBSCRIBE 2 AESON?|39\/100\n|move|p2a: SUBSCRIBE 2 AESON?|Earthquake|p1a: Garchomp\n|-damage|p1a: Garchomp|5\/100\n|\n|upkeep\n|turn|13\n|\n|t:|1656010399\n|move|p2a: SUBSCRIBE 2 AESON?|Extreme Speed|p1a: Garchomp\n|-damage|p1a: Garchomp|0 fnt\n|-damage|p2a: SUBSCRIBE 2 AESON?|26\/100|[from] ability: Rough Skin|[of] p1a: Garchomp\n|faint|p1a: Garchomp\n|\n|upkeep\n|\n|t:|1656010405\n|switch|p1a: Zapdos|Zapdos|78\/100\n|turn|14\n|\n|t:|1656010413\n|move|p2a: SUBSCRIBE 2 AESON?|Extreme Speed|p1a: Zapdos\n|-damage|p1a: Zapdos|53\/100\n|move|p1a: Zapdos|Hidden Power|p2a: SUBSCRIBE 2 AESON?\n|-supereffective|p2a: SUBSCRIBE 2 AESON?\n|-damage|p2a: SUBSCRIBE 2 AESON?|0 fnt\n|faint|p2a: SUBSCRIBE 2 AESON?\n|\n|upkeep\n|\n|t:|1656010416\n|switch|p2a: \ud83d\udd25 SNEAKY LINK \ud83d\udd25|Charizard, M|100\/100\n|turn|15\n|\n|t:|1656010418\n|detailschange|p2a: \ud83d\udd25 SNEAKY LINK \ud83d\udd25|Charizard-Mega-X, M\n|-mega|p2a: \ud83d\udd25 SNEAKY LINK \ud83d\udd25|Charizard|Charizardite X\n|move|p2a: \ud83d\udd25 SNEAKY LINK \ud83d\udd25|Dragon Dance|p2a: \ud83d\udd25 SNEAKY LINK \ud83d\udd25\n|-boost|p2a: \ud83d\udd25 SNEAKY LINK \ud83d\udd25|atk|1\n|-boost|p2a: \ud83d\udd25 SNEAKY LINK \ud83d\udd25|spe|1\n|move|p1a: Zapdos|Volt Switch|p2a: \ud83d\udd25 SNEAKY LINK \ud83d\udd25\n|-resisted|p2a: \ud83d\udd25 SNEAKY LINK \ud83d\udd25\n|-damage|p2a: \ud83d\udd25 SNEAKY LINK \ud83d\udd25|80\/100\n|\n|t:|1656010421\n|switch|p1a: Tyranitar|Tyranitar, F|23\/100|[from]move: Volt Switch\n|-damage|p1a: Tyranitar|11\/100|[from] Stealth Rock\n|-weather|Sandstorm|[from] ability: Sand Stream|[of] p1a: Tyranitar\n|\n|-weather|Sandstorm|[upkeep]\n|-damage|p2a: \ud83d\udd25 SNEAKY LINK \ud83d\udd25|74\/100|[from] Sandstorm\n|upkeep\n|turn|16\n|\n|t:|1656010426\n|move|p2a: \ud83d\udd25 SNEAKY LINK \ud83d\udd25|Earthquake|p1a: Tyranitar\n|-supereffective|p1a: Tyranitar\n|-damage|p1a: Tyranitar|0 fnt\n|faint|p1a: Tyranitar\n|\n|-weather|Sandstorm|[upkeep]\n|-damage|p2a: \ud83d\udd25 SNEAKY LINK \ud83d\udd25|68\/100|[from] Sandstorm\n|upkeep\n|\n|t:|1656010430\n|switch|p1a: Zapdos|Zapdos|53\/100\n|turn|17\n|\n|t:|1656010433\n|move|p2a: \ud83d\udd25 SNEAKY LINK \ud83d\udd25|Dragon Claw|p1a: Zapdos\n|-damage|p1a: Zapdos|0 fnt\n|faint|p1a: Zapdos\n|\n|-weather|Sandstorm|[upkeep]\n|-damage|p2a: \ud83d\udd25 SNEAKY LINK \ud83d\udd25|62\/100|[from] Sandstorm\n|upkeep\n|\n|t:|1656010438\n|switch|p1a: Clefable|Clefable, M|35\/100\n|turn|18\n|\n|t:|1656010441\n|move|p1a: Clefable|Protect|p1a: Clefable\n|-singleturn|p1a: Clefable|Protect\n|move|p2a: \ud83d\udd25 SNEAKY LINK \ud83d\udd25|Flare Blitz|p1a: Clefable\n|-activate|p1a: Clefable|move: Protect\n|\n|-weather|Sandstorm|[upkeep]\n|-damage|p2a: \ud83d\udd25 SNEAKY LINK \ud83d\udd25|56\/100|[from] Sandstorm\n|-heal|p1a: Clefable|41\/100|[from] item: Leftovers\n|upkeep\n|turn|19\n|\n|t:|1656010446\n|move|p2a: \ud83d\udd25 SNEAKY LINK \ud83d\udd25|Flare Blitz|p1a: Clefable\n|-damage|p1a: Clefable|0 fnt\n|faint|p1a: Clefable\n|-damage|p2a: \ud83d\udd25 SNEAKY LINK \ud83d\udd25|38\/100|[from] Recoil\n|\n|-weather|none\n|upkeep\n|-message|LECH24 forfeited.\n|\n|win|FIRE LORD AESON!\n|raw|LECH24's rating: 1631 &rarr; <strong>1616<\/strong><br \/>(-15 for losing)\n|raw|FIRE LORD AESON!'s rating: 1718 &rarr; <strong>1733<\/strong><br \/>(+15 for winning)\n|l|\u2606LECH24\n||Ladder isn't responding, score probably updated but might not have (Request timeout).\n","uploadtime":1656010463,"views":8,"p1id":"lech24","p2id":"firelordaeson","formatid":"gen8nationaldex","rating":1616,"private":0,"password":null}