{"id":"gen8uu-1645230553","p1":"corclev","p2":"Cowsrule247","format":"gen8uu","log":"|j|\u2606corclev\n|j|\u203dCowsrule247\n|t:|1661142613\n|gametype|singles\n|player|p1|corclev|1|1281\n|player|p2|Cowsrule247|skyla|1254\n|teamsize|p1|6\n|teamsize|p2|6\n|gen|8\n|tier|[Gen 8] UU\n|rated|\n|rule|Sleep Clause Mod: Limit one foe put to sleep\n|rule|Species Clause: Limit one of each Pok\u00e9mon\n|rule|OHKO Clause: OHKO moves are banned\n|rule|Evasion Items Clause: Evasion items are banned\n|rule|Evasion Moves Clause: Evasion moves are banned\n|rule|Endless Battle Clause: Forcing endless battles is banned\n|rule|HP Percentage Mod: HP is shown in percentages\n|rule|Dynamax Clause: You cannot dynamax\n|clearpoke\n|poke|p1|Froslass, F|\n|poke|p1|Cloyster, M|\n|poke|p1|Excadrill, F|\n|poke|p1|Salamence, M|\n|poke|p1|Cobalion|\n|poke|p1|Celesteela|\n|poke|p2|Chansey, F|\n|poke|p2|Skarmory, F|\n|poke|p2|Hippowdon, F|\n|poke|p2|Tangrowth, M|\n|poke|p2|Quagsire, M|\n|poke|p2|Slowking, F|\n|teampreview\n|inactive|Battle timer is ON: inactive players will automatically lose when time's up. (requested by Cowsrule247)\n|inactive|corclev has 120 seconds left.\n|c|\u2606corclev|you know, I don't blame you for running stall\n|c|\u2606corclev|I hate this ladder too\n|inactive|corclev has 90 seconds left.\n|\n|t:|1661142676\n|start\n|switch|p1a: Froslass|Froslass, F|100\/100\n|switch|p2a: Chansey|Chansey, F, shiny|100\/100\n|turn|1\n|\n|t:|1661142689\n|move|p1a: Froslass|Taunt|p2a: Chansey\n|-start|p2a: Chansey|move: Taunt\n|cant|p2a: Chansey|move: Taunt|Toxic\n|\n|upkeep\n|turn|2\n|\n|t:|1661142701\n|switch|p2a: Skarmory|Skarmory, F, shiny|100\/100\n|move|p1a: Froslass|Spikes|p2a: Skarmory\n|-sidestart|p2: Cowsrule247|Spikes\n|\n|upkeep\n|turn|3\n|j|+MARCU5theBAW5\n|\n|t:|1661142725\n|move|p1a: Froslass|Taunt|p2a: Skarmory\n|-start|p2a: Skarmory|move: Taunt\n|cant|p2a: Skarmory|move: Taunt|Defog\n|\n|upkeep\n|turn|4\n|\n|t:|1661142738\n|switch|p2a: Tangrowth|Tangrowth, M, shiny|100\/100\n|-damage|p2a: Tangrowth|88\/100|[from] Spikes\n|move|p1a: Froslass|Spikes|p2a: Tangrowth\n|-sidestart|p2: Cowsrule247|Spikes\n|\n|upkeep\n|turn|5\n|\n|t:|1661142743\n|move|p1a: Froslass|Spikes|p2a: Tangrowth\n|-sidestart|p2: Cowsrule247|Spikes\n|move|p2a: Tangrowth|Knock Off|p1a: Froslass\n|-supereffective|p1a: Froslass\n|-damage|p1a: Froslass|38\/100\n|-enditem|p1a: Froslass|Focus Sash|[from] move: Knock Off|[of] p2a: Tangrowth\n|\n|upkeep\n|turn|6\n|\n|t:|1661142752\n|switch|p1a: Cobalion|Cobalion|100\/100\n|switch|p2a: Skarmory|Skarmory, F, shiny|100\/100\n|\n|upkeep\n|turn|7\n|\n|t:|1661142759\n|switch|p1a: Cloyster|Cloyster, M|100\/100\n|move|p2a: Skarmory|Defog|p1a: Cloyster\n|-unboost|p1a: Cloyster|evasion|1\n|-sideend|p2: Cowsrule247|Spikes|[from] move: Defog|[of] p2a: Skarmory\n|-enditem|p1a: Cloyster|White Herb\n|-clearnegativeboost|p1a: Cloyster|[silent]\n|\n|upkeep\n|turn|8\n|\n|t:|1661142763\n|move|p1a: Cloyster|Shell Smash|p1a: Cloyster\n|-unboost|p1a: Cloyster|def|1\n|-unboost|p1a: Cloyster|spd|1\n|-boost|p1a: Cloyster|atk|2\n|-boost|p1a: Cloyster|spa|2\n|-boost|p1a: Cloyster|spe|2\n|move|p2a: Skarmory|Iron Defense|p2a: Skarmory\n|-boost|p2a: Skarmory|def|2\n|\n|upkeep\n|turn|9\n|\n|t:|1661142766\n|move|p1a: Cloyster|Icicle Spear|p2a: Skarmory\n|-damage|p2a: Skarmory|92\/100\n|-damage|p2a: Skarmory|85\/100\n|-damage|p2a: Skarmory|78\/100\n|-damage|p2a: Skarmory|70\/100\n|-damage|p2a: Skarmory|62\/100\n|-hitcount|p2a: Skarmory|5\n|move|p2a: Skarmory|Iron Defense|p2a: Skarmory\n|-boost|p2a: Skarmory|def|2\n|\n|upkeep\n|turn|10\n|\n|t:|1661142770\n|move|p1a: Cloyster|Icicle Spear|p2a: Skarmory\n|-damage|p2a: Skarmory|57\/100\n|-damage|p2a: Skarmory|52\/100\n|-damage|p2a: Skarmory|46\/100\n|-damage|p2a: Skarmory|42\/100\n|-damage|p2a: Skarmory|36\/100\n|-hitcount|p2a: Skarmory|5\n|move|p2a: Skarmory|Roost|p2a: Skarmory\n|-heal|p2a: Skarmory|86\/100\n|-singleturn|p2a: Skarmory|move: Roost\n|\n|upkeep\n|turn|11\n|\n|t:|1661142775\n|switch|p1a: Froslass|Froslass, F|38\/100\n|move|p2a: Skarmory|Body Press|p1a: Froslass\n|-immune|p1a: Froslass\n|\n|upkeep\n|turn|12\n|\n|t:|1661142780\n|move|p1a: Froslass|Spikes|p2a: Skarmory\n|-sidestart|p2: Cowsrule247|Spikes\n|move|p2a: Skarmory|Defog|p1a: Froslass\n|-unboost|p1a: Froslass|evasion|1\n|-sideend|p2: Cowsrule247|Spikes|[from] move: Defog|[of] p2a: Skarmory\n|\n|upkeep\n|turn|13\n|\n|t:|1661142787\n|switch|p2a: Tangrowth|Tangrowth, M, shiny|100\/100\n|move|p1a: Froslass|Taunt|p2a: Tangrowth\n|-start|p2a: Tangrowth|move: Taunt\n|\n|upkeep\n|turn|14\n|\n|t:|1661142793\n|switch|p1a: Cobalion|Cobalion|100\/100\n|move|p2a: Tangrowth|Knock Off|p1a: Cobalion\n|-resisted|p1a: Cobalion\n|-damage|p1a: Cobalion|91\/100\n|-ability|p1a: Cobalion|Justified|boost\n|-boost|p1a: Cobalion|atk|1\n|-enditem|p1a: Cobalion|Leftovers|[from] move: Knock Off|[of] p2a: Tangrowth\n|\n|upkeep\n|turn|15\n|\n|t:|1661142801\n|switch|p2a: Quagsire|Quagsire, M, shiny|100\/100\n|move|p1a: Cobalion|Megahorn|p2a: Quagsire\n|-crit|p2a: Quagsire\n|-damage|p2a: Quagsire|66\/100\n|\n|-heal|p2a: Quagsire|72\/100|[from] item: Leftovers\n|upkeep\n|turn|16\n|\n|t:|1661142809\n|switch|p1a: Salamence|Salamence, M|100\/100\n|move|p2a: Quagsire|Earthquake|p1a: Salamence\n|-immune|p1a: Salamence\n|\n|-heal|p2a: Quagsire|78\/100|[from] item: Leftovers\n|upkeep\n|turn|17\n|\n|t:|1661142813\n|switch|p1a: Celesteela|Celesteela|100\/100\n|move|p2a: Quagsire|Toxic|p1a: Celesteela\n|-immune|p1a: Celesteela\n|\n|-heal|p2a: Quagsire|84\/100|[from] item: Leftovers\n|upkeep\n|turn|18\n|\n|t:|1661142817\n|move|p1a: Celesteela|Air Slash|p2a: Quagsire\n|-damage|p2a: Quagsire|43\/100\n|move|p2a: Quagsire|Scald|p1a: Celesteela\n|-damage|p1a: Celesteela|80\/100\n|\n|-heal|p2a: Quagsire|49\/100|[from] item: Leftovers\n|upkeep\n|turn|19\n|\n|t:|1661142837\n|switch|p1a: Cobalion|Cobalion|91\/100\n|switch|p2a: Slowking|Slowking, F, shiny|100\/100\n|\n|upkeep\n|turn|20\n|\n|t:|1661142845\n|switch|p2a: Skarmory|Skarmory, F, shiny|86\/100\n|move|p1a: Cobalion|Swords Dance|p1a: Cobalion\n|-boost|p1a: Cobalion|atk|2\n|\n|upkeep\n|turn|21\n|\n|t:|1661142860\n|switch|p1a: Froslass|Froslass, F|38\/100\n|move|p2a: Skarmory|Iron Defense|p2a: Skarmory\n|-boost|p2a: Skarmory|def|2\n|\n|upkeep\n|turn|22\n|\n|t:|1661142866\n|move|p1a: Froslass|Spikes|p2a: Skarmory\n|-sidestart|p2: Cowsrule247|Spikes\n|move|p2a: Skarmory|Defog|p1a: Froslass\n|-unboost|p1a: Froslass|evasion|1\n|-sideend|p2: Cowsrule247|Spikes|[from] move: Defog|[of] p2a: Skarmory\n|\n|upkeep\n|turn|23\n|\n|t:|1661142870\n|switch|p2a: Tangrowth|Tangrowth, M, shiny|100\/100\n|move|p1a: Froslass|Poltergeist|p2a: Tangrowth|[miss]\n|-miss|p1a: Froslass|p2a: Tangrowth\n|\n|upkeep\n|turn|24\n|\n|t:|1661142880\n|switch|p1a: Cloyster|Cloyster, M|100\/100\n|move|p2a: Tangrowth|Sludge Bomb|p1a: Cloyster\n|-damage|p1a: Cloyster|41\/100\n|\n|upkeep\n|turn|25\n|\n|t:|1661142886\n|switch|p2a: Skarmory|Skarmory, F, shiny|86\/100\n|move|p1a: Cloyster|Icicle Spear|p2a: Skarmory\n|-damage|p2a: Skarmory|79\/100\n|-damage|p2a: Skarmory|72\/100\n|-damage|p2a: Skarmory|64\/100\n|-damage|p2a: Skarmory|56\/100\n|-damage|p2a: Skarmory|48\/100\n|-hitcount|p2a: Skarmory|5\n|\n|upkeep\n|turn|26\n|\n|t:|1661142915\n|switch|p1a: Froslass|Froslass, F|38\/100\n|move|p2a: Skarmory|Roost|p2a: Skarmory\n|-heal|p2a: Skarmory|98\/100\n|-singleturn|p2a: Skarmory|move: Roost\n|\n|upkeep\n|turn|27\n|\n|t:|1661142921\n|move|p1a: Froslass|Poltergeist|p2a: Skarmory\n|-activate|p2a: Skarmory|move: Poltergeist|Rocky Helmet\n|-damage|p2a: Skarmory|77\/100\n|move|p2a: Skarmory|Defog|p1a: Froslass\n|-unboost|p1a: Froslass|evasion|1\n|\n|upkeep\n|turn|28\n|\n|t:|1661142936\n|switch|p1a: Cobalion|Cobalion|91\/100\n|switch|p2a: Tangrowth|Tangrowth, M, shiny|100\/100\n|\n|upkeep\n|turn|29\n|\n|t:|1661142944\n|move|p1a: Cobalion|Swords Dance|p1a: Cobalion\n|-boost|p1a: Cobalion|atk|2\n|move|p2a: Tangrowth|Focus Blast|p1a: Cobalion\n|-supereffective|p1a: Cobalion\n|-damage|p1a: Cobalion|5\/100\n|\n|upkeep\n|turn|30\n|\n|t:|1661142954\n|switch|p2a: Skarmory|Skarmory, F, shiny|77\/100\n|move|p1a: Cobalion|Megahorn|p2a: Skarmory|[miss]\n|-miss|p1a: Cobalion|p2a: Skarmory\n|\n|upkeep\n|turn|31\n|\n|t:|1661142960\n|move|p1a: Cobalion|Close Combat|p2a: Skarmory\n|-damage|p2a: Skarmory|20\/100\n|-unboost|p1a: Cobalion|def|1\n|-unboost|p1a: Cobalion|spd|1\n|-damage|p1a: Cobalion|0 fnt|[from] item: Rocky Helmet|[of] p2a: Skarmory\n|faint|p1a: Cobalion\n|move|p2a: Skarmory|Iron Defense|p2a: Skarmory\n|-boost|p2a: Skarmory|def|2\n|\n|upkeep\n|\n|t:|1661142966\n|switch|p1a: Froslass|Froslass, F|38\/100\n|turn|32\n|\n|t:|1661142970\n|move|p1a: Froslass|Taunt|p2a: Skarmory\n|-start|p2a: Skarmory|move: Taunt\n|cant|p2a: Skarmory|move: Taunt|Roost\n|\n|upkeep\n|turn|33\n|\n|t:|1661142979\n|switch|p2a: Tangrowth|Tangrowth, M, shiny|100\/100\n|move|p1a: Froslass|Poltergeist|p2a: Tangrowth\n|-activate|p2a: Tangrowth|move: Poltergeist|Assault Vest\n|-damage|p2a: Tangrowth|83\/100\n|\n|upkeep\n|turn|34\n|\n|t:|1661142986\n|switch|p2a: Skarmory|Skarmory, F, shiny|20\/100\n|move|p1a: Froslass|Destiny Bond|p1a: Froslass\n|-singlemove|p1a: Froslass|Destiny Bond\n|\n|upkeep\n|turn|35\n|\n|t:|1661142992\n|move|p1a: Froslass|Taunt|p2a: Skarmory\n|-start|p2a: Skarmory|move: Taunt\n|cant|p2a: Skarmory|move: Taunt|Roost\n|\n|upkeep\n|turn|36\n|\n|t:|1661142995\n|switch|p2a: Tangrowth|Tangrowth, M, shiny|100\/100\n|move|p1a: Froslass|Spikes|p2a: Tangrowth\n|-sidestart|p2: Cowsrule247|Spikes\n|\n|upkeep\n|turn|37\n|\n|t:|1661143020\n|move|p1a: Froslass|Destiny Bond|p1a: Froslass\n|-singlemove|p1a: Froslass|Destiny Bond\n|move|p2a: Tangrowth|Knock Off|p1a: Froslass\n|-supereffective|p1a: Froslass\n|-damage|p1a: Froslass|0 fnt\n|faint|p1a: Froslass\n|-activate|p1a: Froslass|move: Destiny Bond\n|faint|p2a: Tangrowth\n|\n|upkeep\n|\n|t:|1661143024\n|switch|p1a: Celesteela|Celesteela|80\/100\n|switch|p2a: Skarmory|Skarmory, F, shiny|20\/100\n|turn|38\n|\n|t:|1661143028\n|move|p1a: Celesteela|Fire Blast|p2a: Skarmory\n|-supereffective|p2a: Skarmory\n|-damage|p2a: Skarmory|0 fnt\n|faint|p2a: Skarmory\n|-ability|p1a: Celesteela|Beast Boost|boost\n|-boost|p1a: Celesteela|spa|1\n|\n|upkeep\n|\n|t:|1661143043\n|switch|p2a: Quagsire|Quagsire, M, shiny|49\/100\n|-damage|p2a: Quagsire|37\/100|[from] Spikes\n|turn|39\n|\n|t:|1661143047\n|move|p1a: Celesteela|Air Slash|p2a: Quagsire\n|-damage|p2a: Quagsire|0 fnt\n|faint|p2a: Quagsire\n|-ability|p1a: Celesteela|Beast Boost|boost\n|-boost|p1a: Celesteela|spa|1\n|\n|upkeep\n|\n|t:|1661143056\n|switch|p2a: Slowking|Slowking, F, shiny|100\/100\n|-damage|p2a: Slowking|88\/100|[from] Spikes\n|turn|40\n|\n|t:|1661143059\n|move|p1a: Celesteela|Meteor Beam||[still]\n|-prepare|p1a: Celesteela|Meteor Beam\n|-boost|p1a: Celesteela|spa|1\n|-enditem|p1a: Celesteela|Power Herb\n|-anim|p1a: Celesteela|Meteor Beam|p2a: Slowking\n|-damage|p2a: Slowking|11\/100\n|move|p2a: Slowking|Calm Mind|p2a: Slowking\n|-boost|p2a: Slowking|spa|1\n|-boost|p2a: Slowking|spd|1\n|\n|upkeep\n|turn|41\n|\n|t:|1661143068\n|move|p1a: Celesteela|Air Slash|p2a: Slowking\n|-damage|p2a: Slowking|0 fnt\n|faint|p2a: Slowking\n|-ability|p1a: Celesteela|Beast Boost|boost\n|-boost|p1a: Celesteela|spa|1\n|\n|upkeep\n|\n|t:|1661143070\n|switch|p2a: Chansey|Chansey, F, shiny|100\/100\n|-damage|p2a: Chansey|88\/100|[from] Spikes\n|turn|42\n|\n|t:|1661143080\n|move|p1a: Celesteela|Air Slash|p2a: Chansey\n|-damage|p2a: Chansey|56\/100\n|move|p2a: Chansey|Seismic Toss|p1a: Celesteela\n|-damage|p1a: Celesteela|50\/100\n|\n|upkeep\n|turn|43\n|\n|t:|1661143086\n|move|p1a: Celesteela|Air Slash|p2a: Chansey|[miss]\n|-miss|p1a: Celesteela|p2a: Chansey\n|move|p2a: Chansey|Soft-Boiled|p2a: Chansey\n|-heal|p2a: Chansey|100\/100\n|\n|upkeep\n|turn|44\n|\n|t:|1661143089\n|move|p1a: Celesteela|Air Slash|p2a: Chansey\n|-crit|p2a: Chansey\n|-damage|p2a: Chansey|48\/100\n|move|p2a: Chansey|Seismic Toss|p1a: Celesteela\n|-damage|p1a: Celesteela|20\/100\n|\n|upkeep\n|turn|45\n|\n|t:|1661143092\n|move|p1a: Celesteela|Air Slash|p2a: Chansey\n|-damage|p2a: Chansey|12\/100\n|move|p2a: Chansey|Soft-Boiled|p2a: Chansey\n|-heal|p2a: Chansey|62\/100\n|\n|upkeep\n|turn|46\n|\n|t:|1661143095\n|move|p1a: Celesteela|Air Slash|p2a: Chansey\n|-damage|p2a: Chansey|29\/100\n|move|p2a: Chansey|Soft-Boiled|p2a: Chansey\n|-heal|p2a: Chansey|79\/100\n|\n|upkeep\n|turn|47\n|\n|t:|1661143097\n|move|p1a: Celesteela|Air Slash|p2a: Chansey\n|-damage|p2a: Chansey|43\/100\n|move|p2a: Chansey|Soft-Boiled|p2a: Chansey\n|-heal|p2a: Chansey|93\/100\n|\n|upkeep\n|turn|48\n|\n|t:|1661143099\n|move|p1a: Celesteela|Air Slash|p2a: Chansey\n|-damage|p2a: Chansey|58\/100\n|move|p2a: Chansey|Soft-Boiled|p2a: Chansey\n|-heal|p2a: Chansey|100\/100\n|\n|upkeep\n|turn|49\n|\n|t:|1661143101\n|move|p1a: Celesteela|Air Slash|p2a: Chansey\n|-damage|p2a: Chansey|64\/100\n|move|p2a: Chansey|Seismic Toss|p1a: Celesteela\n|-damage|p1a: Celesteela|0 fnt\n|faint|p1a: Celesteela\n|\n|upkeep\n|inactive|corclev has 120 seconds left.\n|\n|t:|1661143134\n|switch|p1a: Salamence|Salamence, M|100\/100\n|turn|50\n|\n|t:|1661143137\n|move|p1a: Salamence|Dragon Dance|p1a: Salamence\n|-boost|p1a: Salamence|atk|1\n|-boost|p1a: Salamence|spe|1\n|move|p2a: Chansey|Toxic|p1a: Salamence\n|-status|p1a: Salamence|tox\n|\n|-damage|p1a: Salamence|94\/100 tox|[from] psn\n|upkeep\n|turn|51\n|\n|t:|1661143140\n|switch|p2a: Hippowdon|Hippowdon, F, shiny|100\/100\n|-damage|p2a: Hippowdon|88\/100|[from] Spikes\n|-weather|Sandstorm|[from] ability: Sand Stream|[of] p2a: Hippowdon\n|move|p1a: Salamence|Outrage|p2a: Hippowdon\n|-damage|p2a: Hippowdon|28\/100\n|\n|-weather|Sandstorm|[upkeep]\n|-damage|p1a: Salamence|88\/100 tox|[from] Sandstorm\n|-heal|p2a: Hippowdon|34\/100|[from] item: Leftovers\n|-damage|p1a: Salamence|76\/100 tox|[from] psn\n|upkeep\n|turn|52\n|\n|t:|1661143146\n|move|p1a: Salamence|Outrage|p2a: Hippowdon|[from]lockedmove\n|-damage|p2a: Hippowdon|0 fnt\n|faint|p2a: Hippowdon\n|-ability|p1a: Salamence|Moxie|boost\n|-boost|p1a: Salamence|atk|1\n|-start|p1a: Salamence|confusion|[fatigue]\n|\n|-weather|Sandstorm|[upkeep]\n|-damage|p1a: Salamence|70\/100 tox|[from] Sandstorm\n|-damage|p1a: Salamence|52\/100 tox|[from] psn\n|upkeep\n|c|\u2606corclev|gg\n|\n|t:|1661143149\n|switch|p2a: Chansey|Chansey, F, shiny|64\/100\n|-damage|p2a: Chansey|51\/100|[from] Spikes\n|turn|53\n|\n|t:|1661143157\n|-activate|p1a: Salamence|confusion\n|-damage|p1a: Salamence|13\/100 tox|[from] confusion\n|move|p2a: Chansey|Soft-Boiled|p2a: Chansey\n|-heal|p2a: Chansey|100\/100\n|\n|-weather|Sandstorm|[upkeep]\n|-damage|p1a: Salamence|7\/100 tox|[from] Sandstorm\n|-damage|p2a: Chansey|94\/100|[from] Sandstorm\n|-damage|p1a: Salamence|0 fnt|[from] psn\n|faint|p1a: Salamence\n|upkeep\n|\n|t:|1661143165\n|switch|p1a: Excadrill|Excadrill, F|100\/100\n|-ability|p1a: Excadrill|Mold Breaker\n|turn|54\n|\n|t:|1661143169\n|move|p1a: Excadrill|Earthquake|p2a: Chansey\n|-damage|p2a: Chansey|58\/100\n|move|p2a: Chansey|Seismic Toss|p1a: Excadrill\n|-damage|p1a: Excadrill|73\/100\n|\n|-weather|Sandstorm|[upkeep]\n|-damage|p2a: Chansey|51\/100|[from] Sandstorm\n|upkeep\n|turn|55\n|\n|t:|1661143172\n|move|p1a: Excadrill|Earthquake|p2a: Chansey\n|-damage|p2a: Chansey|16\/100\n|move|p2a: Chansey|Soft-Boiled|p2a: Chansey\n|-heal|p2a: Chansey|66\/100\n|\n|-weather|none\n|upkeep\n|turn|56\n|\n|t:|1661143174\n|move|p1a: Excadrill|Earthquake|p2a: Chansey\n|-damage|p2a: Chansey|34\/100\n|move|p2a: Chansey|Soft-Boiled|p2a: Chansey\n|-heal|p2a: Chansey|84\/100\n|\n|upkeep\n|turn|57\n|\n|t:|1661143176\n|move|p1a: Excadrill|Earthquake|p2a: Chansey\n|-crit|p2a: Chansey\n|-damage|p2a: Chansey|29\/100\n|move|p2a: Chansey|Soft-Boiled|p2a: Chansey\n|-heal|p2a: Chansey|79\/100\n|\n|upkeep\n|turn|58\n|\n|t:|1661143178\n|move|p1a: Excadrill|Earthquake|p2a: Chansey\n|-damage|p2a: Chansey|45\/100\n|move|p2a: Chansey|Soft-Boiled|p2a: Chansey\n|-heal|p2a: Chansey|95\/100\n|\n|upkeep\n|turn|59\n|\n|t:|1661143181\n|move|p1a: Excadrill|Earthquake|p2a: Chansey\n|-damage|p2a: Chansey|57\/100\n|move|p2a: Chansey|Soft-Boiled|p2a: Chansey\n|-heal|p2a: Chansey|100\/100\n|\n|upkeep\n|turn|60\n|\n|t:|1661143183\n|move|p1a: Excadrill|Earthquake|p2a: Chansey\n|-damage|p2a: Chansey|67\/100\n|move|p2a: Chansey|Seismic Toss|p1a: Excadrill\n|-damage|p1a: Excadrill|45\/100\n|\n|upkeep\n|turn|61\n|\n|t:|1661143186\n|move|p1a: Excadrill|Earthquake|p2a: Chansey\n|-damage|p2a: Chansey|31\/100\n|move|p2a: Chansey|Soft-Boiled|p2a: Chansey\n|-heal|p2a: Chansey|81\/100\n|\n|upkeep\n|turn|62\n|\n|t:|1661143189\n|move|p1a: Excadrill|Earthquake|p2a: Chansey\n|-crit|p2a: Chansey\n|-damage|p2a: Chansey|32\/100\n|move|p2a: Chansey|Soft-Boiled|p2a: Chansey\n|-heal|p2a: Chansey|82\/100\n|\n|upkeep\n|turn|63\n|\n|t:|1661143192\n|move|p1a: Excadrill|Earthquake|p2a: Chansey\n|-damage|p2a: Chansey|48\/100\n|move|p2a: Chansey|Soft-Boiled|p2a: Chansey\n|-heal|p2a: Chansey|98\/100\n|\n|upkeep\n|turn|64\n|\n|t:|1661143195\n|move|p1a: Excadrill|Earthquake|p2a: Chansey\n|-damage|p2a: Chansey|64\/100\n|move|p2a: Chansey|Seismic Toss|p1a: Excadrill\n|-damage|p1a: Excadrill|17\/100\n|\n|upkeep\n|turn|65\n|\n|t:|1661143197\n|move|p1a: Excadrill|Earthquake|p2a: Chansey\n|-damage|p2a: Chansey|27\/100\n|move|p2a: Chansey|Seismic Toss|p1a: Excadrill\n|-damage|p1a: Excadrill|0 fnt\n|faint|p1a: Excadrill\n|\n|upkeep\n|\n|t:|1661143201\n|switch|p1a: Cloyster|Cloyster, M|41\/100\n|turn|66\n|\n|t:|1661143209\n|move|p1a: Cloyster|Icicle Spear|p2a: Chansey\n|-damage|p2a: Chansey|20\/100\n|-damage|p2a: Chansey|13\/100\n|-damage|p2a: Chansey|5\/100\n|-damage|p2a: Chansey|0 fnt\n|faint|p2a: Chansey\n|-hitcount|p2: Chansey|4\n|\n|win|corclev\n|raw|corclev's rating: 1281 &rarr; <strong>1304<\/strong><br \/>(+23 for winning)\n|raw|Cowsrule247's rating: 1254 &rarr; <strong>1231<\/strong><br \/>(-23 for losing)\n|l|\u203dCowsrule247\n|l|+MARCU5theBAW5\n","uploadtime":1661143213,"views":12,"p1id":"corclev","p2id":"cowsrule247","formatid":"gen8uu","rating":1231,"private":0,"password":null}