{"id":"gen8ou-1665596303","p1":"broked on bricks","p2":"Lemon1119","format":"gen8ou","log":"|j|\u2606broked on bricks\n|j|\u2606Lemon1119\n|t:|1663319675\n|gametype|singles\n|player|p1|broked on bricks|psychic-gen2|1461\n|player|p2|Lemon1119|rosa-masters|1495\n|teamsize|p1|6\n|teamsize|p2|6\n|gen|8\n|tier|[Gen 8] OU\n|rated|\n|rule|Sleep Clause Mod: Limit one foe put to sleep\n|rule|Species Clause: Limit one of each Pok\u00e9mon\n|rule|OHKO Clause: OHKO moves are banned\n|rule|Evasion Items Clause: Evasion items are banned\n|rule|Evasion Moves Clause: Evasion moves are banned\n|rule|Endless Battle Clause: Forcing endless battles is banned\n|rule|HP Percentage Mod: HP is shown in percentages\n|rule|Dynamax Clause: You cannot dynamax\n|clearpoke\n|poke|p1|Pelipper, F|\n|poke|p1|Keldeo-Resolute|\n|poke|p1|Dragapult, M|\n|poke|p1|Tapu Lele|\n|poke|p1|Melmetal|\n|poke|p1|Landorus-Therian, M|\n|poke|p2|Thundurus-Therian, M|\n|poke|p2|Kartana|\n|poke|p2|Blaziken, M|\n|poke|p2|Tapu Lele|\n|poke|p2|Polteageist-Antique|\n|poke|p2|Garchomp, M|\n|teampreview\n|inactive|Battle timer is ON: inactive players will automatically lose when time's up. (requested by Lemon1119)\n|c|\u2606broked on bricks|glhf\n|\n|t:|1663319686\n|start\n|switch|p1a: Keldeo|Keldeo-Resolute|100\/100\n|switch|p2a: Thundurus|Thundurus-Therian, M|100\/100\n|turn|1\n|inactive|Lemon1119 has 120 seconds left.\n|\n|t:|1663319726\n|move|p1a: Keldeo|Surf|p2a: Thundurus\n|-damage|p2a: Thundurus|0 fnt\n|faint|p2a: Thundurus\n|\n|upkeep\n|inactive|Lemon1119 has 90 seconds left.\n|\n|t:|1663319758\n|switch|p2a: Kartana|Kartana|100\/100\n|turn|2\n|\n|t:|1663319760\n|switch|p1a: Landorus|Landorus-Therian, M|100\/100\n|-ability|p1a: Landorus|Intimidate|boost\n|-unboost|p2a: Kartana|atk|1\n|move|p2a: Kartana|Swords Dance|p2a: Kartana\n|-boost|p2a: Kartana|atk|2\n|\n|upkeep\n|turn|3\n|\n|t:|1663319764\n|move|p2a: Kartana|Smart Strike|p1a: Landorus\n|-damage|p1a: Landorus|12\/100\n|-enditem|p1a: Landorus|Eject Button\n|-damage|p2a: Kartana|91\/100|[from] item: Life Orb\n|\n|t:|1663319770\n|switch|p1a: Dragapult|Dragapult, M|100\/100\n|\n|upkeep\n|turn|4\n|inactive|Lemon1119 has 120 seconds left.\n|\n|t:|1663319780\n|switch|p2a: Blaziken|Blaziken, M|100\/100\n|move|p1a: Dragapult|Shadow Ball|p2a: Blaziken\n|-damage|p2a: Blaziken|27\/100\n|\n|upkeep\n|turn|5\n|inactive|Lemon1119 has 120 seconds left.\n|\n|t:|1663319788\n|switch|p1a: Landorus|Landorus-Therian, M|12\/100\n|-ability|p1a: Landorus|Intimidate|boost\n|-unboost|p2a: Blaziken|atk|1\n|move|p2a: Blaziken|Blaze Kick|p1a: Landorus\n|-crit|p1a: Landorus\n|-damage|p1a: Landorus|0 fnt\n|faint|p1a: Landorus\n|\n|-ability|p2a: Blaziken|Speed Boost|boost\n|-boost|p2a: Blaziken|spe|1\n|upkeep\n|\n|t:|1663319798\n|switch|p1a: Tapu Lele|Tapu Lele|100\/100\n|-fieldstart|move: Psychic Terrain|[from] ability: Psychic Surge|[of] p1a: Tapu Lele\n|turn|6\n|\n|t:|1663319809\n|move|p1a: Tapu Lele|Moonblast|p2a: Blaziken\n|-damage|p2a: Blaziken|0 fnt\n|faint|p2a: Blaziken\n|\n|upkeep\n|\n|t:|1663319815\n|switch|p2a: Kartana|Kartana|91\/100\n|turn|7\n|\n|t:|1663319821\n|switch|p1a: Melmetal|Melmetal|100\/100\n|move|p2a: Kartana|Smart Strike|p1a: Melmetal\n|-resisted|p1a: Melmetal\n|-damage|p1a: Melmetal|80\/100\n|-damage|p2a: Kartana|81\/100|[from] item: Life Orb\n|\n|-heal|p1a: Melmetal|86\/100|[from] item: Leftovers\n|upkeep\n|turn|8\n|\n|t:|1663319829\n|switch|p1a: Dragapult|Dragapult, M|100\/100\n|move|p2a: Kartana|Swords Dance|p2a: Kartana\n|-boost|p2a: Kartana|atk|2\n|\n|upkeep\n|turn|9\n|\n|t:|1663319831\n|move|p1a: Dragapult|Shadow Ball|p2a: Kartana\n|-damage|p2a: Kartana|0 fnt\n|faint|p2a: Kartana\n|\n|upkeep\n|\n|t:|1663319836\n|switch|p2a: Tapu Lele|Tapu Lele|100\/100\n|turn|10\n|\n|t:|1663319845\n|switch|p1a: Pelipper|Pelipper, F|100\/100\n|-weather|RainDance|[from] ability: Drizzle|[of] p1a: Pelipper\n|move|p2a: Tapu Lele|Focus Blast|p1a: Pelipper\n|-resisted|p1a: Pelipper\n|-damage|p1a: Pelipper|61\/100\n|\n|-weather|RainDance|[upkeep]\n|-fieldend|move: Psychic Terrain\n|upkeep\n|turn|11\n|\n|t:|1663319853\n|switch|p2a: Garchomp|Garchomp, M|100\/100\n|move|p1a: Pelipper|Scald|p2a: Garchomp\n|-damage|p2a: Garchomp|16\/100\n|\n|-weather|RainDance|[upkeep]\n|upkeep\n|turn|12\n|\n|t:|1663319860\n|move|p2a: Garchomp|Scale Shot|p1a: Pelipper\n|-damage|p1a: Pelipper|43\/100\n|-damage|p1a: Pelipper|25\/100\n|-damage|p1a: Pelipper|8\/100\n|-hitcount|p1a: Pelipper|3\n|-unboost|p2a: Garchomp|def|1\n|-boost|p2a: Garchomp|spe|1\n|move|p1a: Pelipper|Scald|p2a: Garchomp\n|-crit|p2a: Garchomp\n|-damage|p2a: Garchomp|0 fnt\n|faint|p2a: Garchomp\n|\n|-weather|RainDance|[upkeep]\n|upkeep\n|\n|t:|1663319868\n|switch|p2a: Polteageist|Polteageist-Antique|100\/100\n|turn|13\n|\n|t:|1663319874\n|move|p2a: Polteageist|Shell Smash|p2a: Polteageist\n|-unboost|p2a: Polteageist|def|1\n|-unboost|p2a: Polteageist|spd|1\n|-boost|p2a: Polteageist|atk|2\n|-boost|p2a: Polteageist|spa|2\n|-boost|p2a: Polteageist|spe|2\n|-enditem|p2a: Polteageist|White Herb\n|-clearnegativeboost|p2a: Polteageist|[silent]\n|move|p1a: Pelipper|Scald|p2a: Polteageist\n|-damage|p2a: Polteageist|0 fnt\n|-start|p1a: Pelipper|Disable|Scald|[from] ability: Cursed Body|[of] p2a: Polteageist\n|faint|p2a: Polteageist\n|\n|-weather|RainDance|[upkeep]\n|upkeep\n|\n|t:|1663319879\n|switch|p2a: Tapu Lele|Tapu Lele|100\/100\n|-fieldstart|move: Psychic Terrain|[from] ability: Psychic Surge|[of] p2a: Tapu Lele\n|turn|14\n|\n|t:|1663319887\n|move|p2a: Tapu Lele|Psychic|p1a: Pelipper\n|-damage|p1a: Pelipper|0 fnt\n|faint|p1a: Pelipper\n|\n|-weather|none\n|upkeep\n|\n|t:|1663319890\n|switch|p1a: Dragapult|Dragapult, M|100\/100\n|turn|15\n|c|\u2606broked on bricks|gg\n|\n|t:|1663319892\n|move|p2a: Tapu Lele|Psychic|p1a: Dragapult\n|-damage|p1a: Dragapult|14\/100\n|move|p1a: Dragapult|Shadow Ball|p2a: Tapu Lele\n|-supereffective|p2a: Tapu Lele\n|-damage|p2a: Tapu Lele|0 fnt\n|faint|p2a: Tapu Lele\n|\n|win|broked on bricks\n|raw|broked on bricks's rating: 1461 &rarr; <strong>1483<\/strong><br \/>(+22 for winning)\n|raw|Lemon1119's rating: 1495 &rarr; <strong>1473<\/strong><br \/>(-22 for losing)\n|l|\u2606Lemon1119\n","uploadtime":1663319900,"views":13,"p1id":"brokedonbricks","p2id":"lemon1119","formatid":"gen8ou","rating":1473,"private":0,"password":null}