{"id":"gen8ou-1685201117","p1":"knexhawk2","p2":"Quizziii","format":"gen8ou","log":"|j|\u2606knexhawk2\n|j|\u2606Quizziii\n|inactive|Battle timer is ON: inactive players will automatically lose when time's up.\n|t:|1665707038\n|gametype|singles\n|player|p1|knexhawk2|lucas|\n|player|p2|Quizziii|dancer|\n|teamsize|p1|6\n|teamsize|p2|6\n|gen|8\n|tier|[Gen 8] OU\n|rated|Tournament battle\n|rule|Sleep Clause Mod: Limit one foe put to sleep\n|rule|Species Clause: Limit one of each Pok\u00e9mon\n|rule|OHKO Clause: OHKO moves are banned\n|rule|Evasion Items Clause: Evasion items are banned\n|rule|Evasion Moves Clause: Evasion moves are banned\n|rule|Endless Battle Clause: Forcing endless battles is banned\n|rule|HP Percentage Mod: HP is shown in percentages\n|rule|Dynamax Clause: You cannot dynamax\n|clearpoke\n|poke|p1|Melmetal|\n|poke|p1|Avalugg, M|\n|poke|p1|Shuckle, M|\n|poke|p1|Ninetales-Alola, M|\n|poke|p1|Rhyperior, F|\n|poke|p1|Froslass, F|\n|poke|p2|Melmetal|\n|poke|p2|Rhyperior, F|\n|poke|p2|Nihilego|\n|poke|p2|Mamoswine, F|\n|poke|p2|Tapu Lele|\n|poke|p2|Weavile, M|\n|teampreview\n|j|%htcl\n|c|%htcl|i wonder if\n|c|%htcl|theres gonna be anyone\n|\n|t:|1665707058\n|start\n|switch|p1a: Ninetales|Ninetales-Alola, M|100\/100\n|switch|p2a: Tapu Lele|Tapu Lele|100\/100\n|-weather|Hail|[from] ability: Snow Warning|[of] p1a: Ninetales\n|-fieldstart|move: Psychic Terrain|[from] ability: Psychic Surge|[of] p2a: Tapu Lele\n|turn|1\n|j| yomaalt\n|c|%htcl|who just doens't use melmetal\n|\n|t:|1665707062\n|move|p1a: Ninetales|Aurora Veil|p1a: Ninetales\n|-sidestart|p1: knexhawk2|move: Aurora Veil\n|move|p2a: Tapu Lele|Psychic|p1a: Ninetales\n|-damage|p1a: Ninetales|55\/100\n|\n|-weather|Hail|[upkeep]\n|-damage|p2a: Tapu Lele|94\/100|[from] Hail\n|upkeep\n|turn|2\n|c|%htcl|in this tour\n|c|\u2606knexhawk2|i was wondering the same\n|c|%htcl|how crazy would that be\n|c|\u2606Quizziii|surely not\n|\n|t:|1665707074\n|move|p1a: Ninetales|Hypnosis|p2a: Tapu Lele\n|-status|p2a: Tapu Lele|slp|[from] move: Hypnosis\n|cant|p2a: Tapu Lele|slp\n|\n|-weather|Hail|[upkeep]\n|-damage|p2a: Tapu Lele|88\/100 slp|[from] Hail\n|upkeep\n|turn|3\n|\n|t:|1665707076\n|switch|p1a: Melmetal|Melmetal|100\/100\n|cant|p2a: Tapu Lele|slp\n|\n|-weather|Hail|[upkeep]\n|-damage|p2a: Tapu Lele|82\/100 slp|[from] Hail\n|-damage|p1a: Melmetal|94\/100|[from] Hail\n|upkeep\n|turn|4\n|j| outd brnk\n|\n|t:|1665707083\n|switch|p2a: Melmetal|Melmetal|100\/100\n|move|p1a: Melmetal|Double Iron Bash|p2a: Melmetal\n|-resisted|p2a: Melmetal\n|-damage|p2a: Melmetal|82\/100\n|-resisted|p2a: Melmetal\n|-damage|p2a: Melmetal|64\/100\n|-hitcount|p2a: Melmetal|2\n|\n|-weather|Hail|[upkeep]\n|-damage|p1a: Melmetal|88\/100|[from] Hail\n|-damage|p2a: Melmetal|58\/100|[from] Hail\n|-heal|p2a: Melmetal|64\/100|[from] item: Leftovers\n|upkeep\n|turn|5\n|c|\u2606knexhawk2|i literally gave this 2 moves\n|\n|t:|1665707089\n|switch|p1a: Outplayed.|Shuckle, M|100\/100\n|move|p2a: Melmetal|Thunder Wave|p1a: Outplayed.\n|-status|p1a: Outplayed.|par\n|\n|-weather|Hail|[upkeep]\n|-damage|p2a: Melmetal|58\/100|[from] Hail\n|-damage|p1a: Outplayed.|94\/100 par|[from] Hail\n|-heal|p2a: Melmetal|64\/100|[from] item: Leftovers\n|-sideend|p1: knexhawk2|move: Aurora Veil\n|-fieldend|move: Psychic Terrain\n|upkeep\n|turn|6\n|\n|t:|1665707092\n|move|p2a: Melmetal|Double Iron Bash|p1a: Outplayed.\n|-supereffective|p1a: Outplayed.\n|-enditem|p1a: Outplayed.|Babiri Berry|[eat]\n|-enditem|p1a: Outplayed.|Babiri Berry|[weaken]\n|-damage|p1a: Outplayed.|72\/100 par\n|-supereffective|p1a: Outplayed.\n|-damage|p1a: Outplayed.|32\/100 par\n|-hitcount|p1a: Outplayed.|2\n|move|p1a: Outplayed.|Sticky Web|p2a: Melmetal\n|-sidestart|p2: Quizziii|move: Sticky Web\n|\n|-weather|Hail|[upkeep]\n|-damage|p2a: Melmetal|58\/100|[from] Hail\n|-damage|p1a: Outplayed.|25\/100 par|[from] Hail\n|-heal|p2a: Melmetal|64\/100|[from] item: Leftovers\n|upkeep\n|turn|7\n|c|\u2606knexhawk2|easy\n|c|%htcl|ate\n|j| TheNewBrends11\n|\n|t:|1665707100\n|move|p2a: Melmetal|Double Iron Bash|p1a: Outplayed.\n|-supereffective|p1a: Outplayed.\n|-damage|p1a: Outplayed.|0 fnt\n|faint|p1a: Outplayed.\n|-hitcount|p1: Outplayed.|1\n|\n|-weather|Hail|[upkeep]\n|-damage|p2a: Melmetal|58\/100|[from] Hail\n|-heal|p2a: Melmetal|64\/100|[from] item: Leftovers\n|upkeep\n|c|\u2606knexhawk2|yum\n|\n|t:|1665707103\n|switch|p1a: hit me.|Avalugg, M|100\/100\n|turn|8\n|c|\u2606knexhawk2|2 pp gone\n|\n|t:|1665707115\n|switch|p2a: Mamoswine|Mamoswine, F|100\/100\n|-activate|p2a: Mamoswine|move: Sticky Web\n|-unboost|p2a: Mamoswine|spe|1\n|move|p1a: hit me.|Protect||[still]\n|-fail|p1a: hit me.\n|\n|-weather|none\n|upkeep\n|turn|9\n|\n|t:|1665707118\n|move|p2a: Mamoswine|Stealth Rock|p1a: hit me.\n|-sidestart|p1: knexhawk2|move: Stealth Rock\n|move|p1a: hit me.|Body Press|p2a: Mamoswine\n|-supereffective|p2a: Mamoswine\n|-damage|p2a: Mamoswine|12\/100\n|\n|upkeep\n|turn|10\n|c|\u2606knexhawk2|huh???\n|\n|t:|1665707124\n|move|p2a: Mamoswine|Earthquake|p1a: hit me.\n|-damage|p1a: hit me.|73\/100\n|-damage|p2a: Mamoswine|2\/100|[from] item: Life Orb\n|move|p1a: hit me.|Body Press|p2a: Mamoswine\n|-supereffective|p2a: Mamoswine\n|-damage|p2a: Mamoswine|0 fnt\n|faint|p2a: Mamoswine\n|\n|upkeep\n|\n|t:|1665707127\n|switch|p2a: Tapu Lele|Tapu Lele|82\/100 slp\n|-activate|p2a: Tapu Lele|move: Sticky Web\n|-unboost|p2a: Tapu Lele|spe|1\n|-fieldstart|move: Psychic Terrain|[from] ability: Psychic Surge|[of] p2a: Tapu Lele\n|turn|11\n|\n|t:|1665707130\n|-curestatus|p2a: Tapu Lele|slp|[msg]\n|move|p2a: Tapu Lele|Psychic|p1a: hit me.\n|-damage|p1a: hit me.|0 fnt\n|faint|p1a: hit me.\n|\n|upkeep\n|\n|t:|1665707131\n|switch|p1a: Ninetales|Ninetales-Alola, M|55\/100\n|-damage|p1a: Ninetales|30\/100|[from] Stealth Rock\n|-weather|Hail|[from] ability: Snow Warning|[of] p1a: Ninetales\n|turn|12\n|\n|t:|1665707133\n|move|p1a: Ninetales|Aurora Veil|p1a: Ninetales\n|-sidestart|p1: knexhawk2|move: Aurora Veil\n|move|p2a: Tapu Lele|Psychic|p1a: Ninetales\n|-damage|p1a: Ninetales|0 fnt\n|faint|p1a: Ninetales\n|\n|-weather|Hail|[upkeep]\n|-damage|p2a: Tapu Lele|76\/100|[from] Hail\n|upkeep\n|\n|t:|1665707144\n|switch|p1a: Froslass|Froslass, F|100\/100\n|-damage|p1a: Froslass|76\/100|[from] Stealth Rock\n|turn|13\n|\n|t:|1665707154\n|move|p1a: Froslass|Destiny Bond|p1a: Froslass\n|-singlemove|p1a: Froslass|Destiny Bond\n|move|p2a: Tapu Lele|Psychic|p1a: Froslass\n|-damage|p1a: Froslass|13\/100\n|\n|-weather|Hail|[upkeep]\n|-damage|p2a: Tapu Lele|70\/100|[from] Hail\n|upkeep\n|turn|14\n|c|\u2606knexhawk2|that is\n|c|\u2606knexhawk2|not what i meant to click\n|\n|t:|1665707161\n|move|p1a: Froslass|Poltergeist|p2a: Tapu Lele\n|-activate|p2a: Tapu Lele|move: Poltergeist|Choice Specs\n|-supereffective|p2a: Tapu Lele\n|-damage|p2a: Tapu Lele|0 fnt\n|faint|p2a: Tapu Lele\n|\n|-weather|Hail|[upkeep]\n|upkeep\n|c|\u2606knexhawk2|oops lol\n|c|\u2606Quizziii|that shit gets poltergeist\n|c|\u2606knexhawk2|yep\n|c|\u2606Quizziii|huh\n|c|\u2606knexhawk2|it gets axel too\n|\n|t:|1665707176\n|switch|p2a: Weavile|Weavile, M|100\/100\n|-activate|p2a: Weavile|move: Sticky Web\n|-unboost|p2a: Weavile|spe|1\n|-ability|p2a: Weavile|Pressure\n|turn|15\n|c|\u2606Quizziii|no fucking way\n|\n|t:|1665707184\n|move|p1a: Froslass|Destiny Bond|p1a: Froslass\n|-singlemove|p1a: Froslass|Destiny Bond\n|move|p2a: Weavile|Knock Off|p1a: Froslass\n|-supereffective|p1a: Froslass\n|-damage|p1a: Froslass|0 fnt\n|-start|p2a: Weavile|Disable|Knock Off|[from] ability: Cursed Body|[of] p1a: Froslass\n|-enditem|p1a: Froslass|Focus Sash|[from] move: Knock Off|[of] p2a: Weavile\n|faint|p1a: Froslass\n|-activate|p1a: Froslass|move: Destiny Bond\n|faint|p2a: Weavile\n|\n|-weather|Hail|[upkeep]\n|-fieldend|move: Psychic Terrain\n|upkeep\n|\n|t:|1665707191\n|switch|p2a: Rhyperior|Rhyperior, F|100\/100\n|switch|p1a: Rhyperior|Rhyperior, F|100\/100\n|-activate|p2a: Rhyperior|move: Sticky Web\n|-unboost|p2a: Rhyperior|spe|1\n|-damage|p1a: Rhyperior|94\/100|[from] Stealth Rock\n|turn|16\n|\n|t:|1665707196\n|move|p1a: Rhyperior|Swords Dance|p1a: Rhyperior\n|-boost|p1a: Rhyperior|atk|2\n|move|p2a: Rhyperior|Earthquake|p1a: Rhyperior\n|-supereffective|p1a: Rhyperior\n|-damage|p1a: Rhyperior|66\/100\n|\n|-weather|Hail|[upkeep]\n|-damage|p1a: Rhyperior|60\/100|[from] Hail\n|-damage|p2a: Rhyperior|94\/100|[from] Hail\n|-sideend|p1: knexhawk2|move: Aurora Veil\n|upkeep\n|turn|17\n|\n|t:|1665707199\n|move|p1a: Rhyperior|Earthquake|p2a: Rhyperior\n|-supereffective|p2a: Rhyperior\n|-damage|p2a: Rhyperior|0 fnt\n|faint|p2a: Rhyperior\n|\n|-weather|Hail|[upkeep]\n|-damage|p1a: Rhyperior|54\/100|[from] Hail\n|upkeep\n|\n|t:|1665707201\n|switch|p2a: Melmetal|Melmetal|64\/100\n|-activate|p2a: Melmetal|move: Sticky Web\n|-unboost|p2a: Melmetal|spe|1\n|turn|18\n|c|%htcl|reveal\n|\n|t:|1665707202\n|move|p1a: Rhyperior|Earthquake|p2a: Melmetal\n|-supereffective|p2a: Melmetal\n|-damage|p2a: Melmetal|0 fnt\n|faint|p2a: Melmetal\n|\n|-weather|Hail|[upkeep]\n|-damage|p1a: Rhyperior|48\/100|[from] Hail\n|upkeep\n|c|%htcl|scarf melm\n|\n|t:|1665707204\n|switch|p2a: Nihilego|Nihilego|100\/100\n|-activate|p2a: Nihilego|move: Sticky Web\n|-unboost|p2a: Nihilego|spe|1\n|turn|19\n|c|%htcl|oh\n|c|%htcl|rip\n|c|\u2606knexhawk2|im waiting for someone to use that\n|c|\u2606Quizziii|unfort\n|\n|t:|1665707212\n|move|p2a: Nihilego|Power Gem|p1a: Rhyperior\n|-resisted|p1a: Rhyperior\n|-damage|p1a: Rhyperior|21\/100\n|move|p1a: Rhyperior|Earthquake|p2a: Nihilego\n|-supereffective|p2a: Nihilego\n|-damage|p2a: Nihilego|0 fnt\n|faint|p2a: Nihilego\n|\n|win|knexhawk2\n|n|\u2606knexhawk2|knexhawk2\n|n|\u2606Quizziii|quizziii\n|n| htcl|htcl\n|n| yomaalt|yomaalt\n|n| outd brnk|outdbrnk\n|n| TheNewBrends11|thenewbrends11\n|c|\u2606knexhawk2|im max max def\n|c|\u2606knexhawk2|so\n|c|\u2606Quizziii|gg\n|c|\u2606knexhawk2|i eat one\n|c|\u2606knexhawk2|ggs\n|l|\u2606Quizziii\n|l|\u2606knexhawk2\n|l| htcl\n|l| yomaalt\n","uploadtime":1665707475,"views":15,"p1id":"knexhawk2","p2id":"quizziii","formatid":"gen8ou","rating":0,"private":0,"password":null}