{"id":"gen8nationaldex-1704353310","p1":"Faygos","p2":"Vedasa","format":"gen8nationaldex","log":"|j|\u2606Faygos\n|j|\u2606Vedasa\n|inactive|Battle timer is ON: inactive players will automatically lose when time's up.\n|t:|1667767494\n|gametype|singles\n|player|p1|Faygos|1|\n|player|p2|Vedasa|blue|\n|teamsize|p1|6\n|teamsize|p2|6\n|gen|8\n|tier|[Gen 8] National Dex\n|rated|Tournament battle\n|rule|HP Percentage Mod: HP is shown in percentages\n|rule|Endless Battle Clause: Forcing endless battles is banned\n|rule|OHKO Clause: OHKO moves are banned\n|rule|Evasion Moves Clause: Evasion moves are banned\n|rule|Species Clause: Limit one of each Pok\u00e9mon\n|rule|Dynamax Clause: You cannot dynamax\n|rule|Sleep Clause Mod: Limit one foe put to sleep\n|clearpoke\n|poke|p1|Krookodile, F|\n|poke|p1|Kommo-o, F|\n|poke|p1|Scizor, F|\n|poke|p1|Aggron, M|\n|poke|p1|Marshadow|\n|poke|p1|Typhlosion, F|\n|poke|p2|Aggron, M|\n|poke|p2|Marshadow|\n|poke|p2|Typhlosion, M|\n|poke|p2|Kommo-o, M|\n|poke|p2|Scizor, M|\n|poke|p2|Krookodile, M|\n|teampreview\n|inactive|Faygos also wants the timer to be on.\n|\n|t:|1667767502\n|start\n|switch|p1a: Krookodile|Krookodile, F|100\/100\n|switch|p2a: Kommo-o|Kommo-o, M|100\/100\n|-ability|p1a: Krookodile|Intimidate|boost\n|-unboost|p2a: Kommo-o|atk|1\n|turn|1\n|\n|t:|1667767513\n|switch|p1a: Kommo-o|Kommo-o, F|100\/100\n|-zpower|p2a: Kommo-o\n|move|p2a: Kommo-o|Clangorous Soulblaze|p1a: Kommo-o|[zeffect]\n|-immune|p1a: Kommo-o|[from] ability: Soundproof\n|\n|upkeep\n|turn|2\n|\n|t:|1667767532\n|switch|p2a: Aggron|Aggron, M|100\/100\n|move|p1a: Kommo-o|Dragon Dance|p1a: Kommo-o\n|-boost|p1a: Kommo-o|atk|1\n|-boost|p1a: Kommo-o|spe|1\n|\n|upkeep\n|turn|3\n|\n|t:|1667767546\n|move|p1a: Kommo-o|Earthquake|p2a: Aggron\n|-supereffective|p2a: Aggron\n|-damage|p2a: Aggron|0 fnt\n|faint|p2a: Aggron\n|\n|upkeep\n|\n|t:|1667767553\n|switch|p2a: Marshadow|Marshadow|100\/100\n|turn|4\n|\n|t:|1667767557\n|-zpower|p1a: Kommo-o\n|move|p1a: Kommo-o|Devastating Drake|p2a: Marshadow|[zeffect]\n|-damage|p2a: Marshadow|0 fnt\n|faint|p2a: Marshadow\n|\n|upkeep\n|\n|t:|1667767568\n|switch|p2a: Typhlosion|Typhlosion, M|100\/100\n|turn|5\n|\n|t:|1667767572\n|move|p2a: Typhlosion|Extrasensory|p1a: Kommo-o\n|-supereffective|p1a: Kommo-o\n|-damage|p1a: Kommo-o|44\/100\n|cant|p1a: Kommo-o|flinch\n|\n|upkeep\n|turn|6\n|\n|t:|1667767579\n|switch|p1a: Krookodile|Krookodile, F|100\/100\n|-ability|p1a: Krookodile|Intimidate|boost\n|-unboost|p2a: Typhlosion|atk|1\n|move|p2a: Typhlosion|Extrasensory|p1a: Krookodile\n|-immune|p1a: Krookodile\n|\n|upkeep\n|turn|7\n|\n|t:|1667767585\n|switch|p2a: Kommo-o|Kommo-o, M|100\/100\n|move|p1a: Krookodile|Stealth Rock|p2a: Kommo-o\n|-sidestart|p2: Vedasa|move: Stealth Rock\n|\n|upkeep\n|turn|8\n|\n|t:|1667767592\n|switch|p1a: Kommo-o|Kommo-o, F|44\/100\n|move|p2a: Kommo-o|Aura Sphere|p1a: Kommo-o\n|-damage|p1a: Kommo-o|3\/100\n|\n|upkeep\n|turn|9\n|\n|t:|1667767596\n|move|p2a: Kommo-o|Aura Sphere|p1a: Kommo-o\n|-damage|p1a: Kommo-o|0 fnt\n|faint|p1a: Kommo-o\n|\n|upkeep\n|j|%TheRainQueen2\n|\n|t:|1667767612\n|switch|p1a: Typhlosion|Typhlosion, F|100\/100\n|turn|10\n|j| oww my back\n|\n|t:|1667767623\n|move|p1a: Typhlosion|Extrasensory|p2a: Kommo-o\n|-supereffective|p2a: Kommo-o\n|-damage|p2a: Kommo-o|43\/100\n|move|p2a: Kommo-o|Clanging Scales|p1a: Typhlosion\n|-damage|p1a: Typhlosion|40\/100\n|-unboost|p2a: Kommo-o|def|1\n|\n|upkeep\n|turn|11\n|\n|t:|1667767639\n|move|p1a: Typhlosion|Extrasensory|p2a: Kommo-o\n|-supereffective|p2a: Kommo-o\n|-damage|p2a: Kommo-o|0 fnt\n|faint|p2a: Kommo-o\n|\n|upkeep\n|\n|t:|1667767647\n|switch|p2a: Krookodile|Krookodile, M|100\/100\n|-damage|p2a: Krookodile|94\/100|[from] Stealth Rock\n|turn|12\n|\n|t:|1667767652\n|switch|p1a: Krookodile|Krookodile, F|100\/100\n|-ability|p1a: Krookodile|Intimidate|boost\n|-unboost|p2a: Krookodile|atk|1\n|move|p2a: Krookodile|Earthquake|p1a: Krookodile\n|-damage|p1a: Krookodile|61\/100\n|\n|upkeep\n|turn|13\n|\n|t:|1667767660\n|move|p2a: Krookodile|Earthquake|p1a: Krookodile\n|-damage|p1a: Krookodile|18\/100\n|move|p1a: Krookodile|Earthquake|p2a: Krookodile\n|-damage|p2a: Krookodile|24\/100\n|\n|upkeep\n|turn|14\n|\n|t:|1667767664\n|move|p2a: Krookodile|Earthquake|p1a: Krookodile\n|-damage|p1a: Krookodile|0 fnt\n|faint|p1a: Krookodile\n|-ability|p2a: Krookodile|Moxie|boost\n|-boost|p2a: Krookodile|atk|1\n|\n|upkeep\n|\n|t:|1667767666\n|switch|p1a: Scizor|Scizor, F|100\/100\n|turn|15\n|\n|t:|1667767670\n|move|p1a: Scizor|Bullet Punch|p2a: Krookodile\n|-damage|p2a: Krookodile|0 fnt\n|faint|p2a: Krookodile\n|\n|upkeep\n|\n|t:|1667767673\n|switch|p2a: Scizor|Scizor, M|100\/100\n|-damage|p2a: Scizor|88\/100|[from] Stealth Rock\n|turn|16\n|\n|t:|1667767678\n|detailschange|p1a: Scizor|Scizor-Mega, F\n|-mega|p1a: Scizor|Scizor|Scizorite\n|detailschange|p2a: Scizor|Scizor-Mega, M\n|-mega|p2a: Scizor|Scizor|Scizorite\n|move|p1a: Scizor|U-turn|p2a: Scizor\n|-resisted|p2a: Scizor\n|-damage|p2a: Scizor|77\/100\n|\n|t:|1667767681\n|switch|p1a: Aggron|Aggron, M|100\/100|[from]move: U-turn\n|move|p2a: Scizor|Sand Tomb|p1a: Aggron\n|-supereffective|p1a: Aggron\n|-crit|p1a: Aggron\n|-damage|p1a: Aggron|25\/100\n|-activate|p1a: Aggron|move: Sand Tomb|[of] p2a: Scizor\n|\n|-damage|p1a: Aggron|13\/100|[from] move: Sand Tomb|[partiallytrapped]\n|upkeep\n|turn|17\n|\n|t:|1667767687\n|move|p1a: Aggron|Head Smash|p2a: Scizor\n|-damage|p2a: Scizor|12\/100\n|move|p2a: Scizor|Curse|p2a: Scizor\n|-unboost|p2a: Scizor|spe|1\n|-boost|p2a: Scizor|atk|1\n|-boost|p2a: Scizor|def|1\n|\n|-damage|p1a: Aggron|0 fnt|[from] move: Sand Tomb|[partiallytrapped]\n|faint|p1a: Aggron\n|upkeep\n|\n|t:|1667767694\n|switch|p1a: Marshadow|Marshadow|100\/100\n|turn|18\n|\n|t:|1667767697\n|move|p2a: Scizor|Bullet Punch|p1a: Marshadow\n|-damage|p1a: Marshadow|41\/100\n|move|p1a: Marshadow|Spectral Thief||[still]\n|-clearpositiveboost|p2a: Scizor|p1a: Marshadow|move: Spectral Thief\n|-boost|p1a: Marshadow|atk|1\n|-boost|p1a: Marshadow|def|1\n|-anim|p1a: Marshadow|Spectral Thief|p2a: Scizor\n|-damage|p2a: Scizor|0 fnt\n|faint|p2a: Scizor\n|\n|upkeep\n|\n|t:|1667767701\n|switch|p2a: Typhlosion|Typhlosion, M|100\/100\n|-damage|p2a: Typhlosion|76\/100|[from] Stealth Rock\n|turn|19\n|\n|t:|1667767707\n|move|p1a: Marshadow|Shadow Sneak|p2a: Typhlosion\n|-damage|p2a: Typhlosion|15\/100\n|move|p2a: Typhlosion|Focus Blast|p1a: Marshadow\n|-immune|p1a: Marshadow\n|\n|upkeep\n|turn|20\n|c|\u2606Vedasa|gg\n|\n|t:|1667767712\n|move|p2a: Typhlosion|Focus Blast|p1a: Marshadow\n|-immune|p1a: Marshadow\n|move|p1a: Marshadow|Bulk Up|p1a: Marshadow\n|-boost|p1a: Marshadow|atk|1\n|-boost|p1a: Marshadow|def|1\n|\n|upkeep\n|turn|21\n|\n|t:|1667767714\n|move|p1a: Marshadow|Shadow Sneak|p2a: Typhlosion\n|-damage|p2a: Typhlosion|0 fnt\n|faint|p2a: Typhlosion\n|\n|win|Faygos\n|n|\u2606Faygos|faygos\n|n|\u2606Vedasa|vedasa\n|n| TheRainQueen2|therainqueen2\n|n| oww my back|owwmyback\n","uploadtime":1667767717,"views":7,"p1id":"faygos","p2id":"vedasa","formatid":"gen8nationaldex","rating":0,"private":0,"password":null}