{"id":"gen8ou-1017478190","p1":"Jakkkkkka","p2":"Mr. Forecast","format":"gen8ou","log":"|j|\u2606Jakkkkkka\n|j|\u2606Mr. Forecast\n|player|p1|Jakkkkkka|137|1116\n|player|p2|Mr. Forecast|gambler|1128\n|teamsize|p1|6\n|teamsize|p2|6\n|gametype|singles\n|gen|8\n|tier|[Gen 8] OU\n|rated|\n|rule|Sleep Clause Mod: Limit one foe put to sleep\n|rule|Species Clause: Limit one of each Pok\u00e9mon\n|rule|OHKO Clause: OHKO moves are banned\n|rule|Moody Clause: Moody is banned\n|rule|Evasion Moves Clause: Evasion moves are banned\n|rule|Endless Battle Clause: Forcing endless battles is banned\n|rule|HP Percentage Mod: HP is shown in percentages\n|clearpoke\n|poke|p1|Corviknight, M|item\n|poke|p1|Gyarados, M|item\n|poke|p1|Jellicent, M|item\n|poke|p1|Hippowdon, F|item\n|poke|p1|Togekiss, F|item\n|poke|p1|Salazzle, F|item\n|poke|p2|Cinderace, F|item\n|poke|p2|Ditto|item\n|poke|p2|Dracozolt|item\n|poke|p2|Dragapult, M|item\n|poke|p2|Ferrothorn, M|item\n|poke|p2|Corsola-Galar, F|item\n|teampreview\n|\n|start\n|switch|p1a: Hippowdon|Hippowdon, F|100\/100\n|switch|p2a: Dragapult|Dragapult, M|100\/100\n|-weather|Sandstorm|[from] ability: Sand Stream|[of] p1a: Hippowdon\n|turn|1\n|\n|move|p2a: Dragapult|U-turn|p1a: Hippowdon\n|-damage|p1a: Hippowdon|77\/100\n|\n|switch|p2a: Corsola|Corsola-Galar, F|100\/100|[from]move: U-turn\n|move|p1a: Hippowdon|Stealth Rock|p2a: Corsola\n|-sidestart|p2: Mr. Forecast|move: Stealth Rock\n|\n|-weather|Sandstorm|[upkeep]\n|-damage|p2a: Corsola|94\/100|[from] Sandstorm\n|-heal|p1a: Hippowdon|83\/100|[from] item: Leftovers\n|upkeep\n|turn|2\n|\n|switch|p1a: Jellicent|Jellicent, M|100\/100\n|move|p2a: Corsola|Will-O-Wisp|p1a: Jellicent\n|-status|p1a: Jellicent|brn\n|\n|-weather|Sandstorm|[upkeep]\n|-damage|p1a: Jellicent|94\/100 brn|[from] Sandstorm\n|-damage|p2a: Corsola|88\/100|[from] Sandstorm\n|-heal|p1a: Jellicent|100\/100 brn|[from] item: Leftovers\n|-damage|p1a: Jellicent|94\/100 brn|[from] brn\n|upkeep\n|turn|3\n|\n|move|p1a: Jellicent|Will-O-Wisp|p2a: Corsola|[miss]\n|-miss|p1a: Jellicent|p2a: Corsola\n|move|p2a: Corsola|Strength Sap|p1a: Jellicent\n|-unboost|p1a: Jellicent|atk|1\n|-heal|p2a: Corsola|100\/100\n|\n|-weather|Sandstorm|[upkeep]\n|-damage|p1a: Jellicent|88\/100 brn|[from] Sandstorm\n|-damage|p2a: Corsola|94\/100|[from] Sandstorm\n|-heal|p1a: Jellicent|94\/100 brn|[from] item: Leftovers\n|-damage|p1a: Jellicent|88\/100 brn|[from] brn\n|upkeep\n|turn|4\n|\n|move|p1a: Jellicent|Hex|p2a: Corsola\n|-supereffective|p2a: Corsola\n|-damage|p2a: Corsola|68\/100\n|-start|p1a: Jellicent|Disable|Hex|[from] ability: Cursed Body|[of] p2a: Corsola\n|move|p2a: Corsola|Hex|p1a: Jellicent\n|-supereffective|p1a: Jellicent\n|-damage|p1a: Jellicent|37\/100 brn\n|\n|-weather|Sandstorm|[upkeep]\n|-damage|p1a: Jellicent|31\/100 brn|[from] Sandstorm\n|-damage|p2a: Corsola|62\/100|[from] Sandstorm\n|-heal|p1a: Jellicent|37\/100 brn|[from] item: Leftovers\n|-damage|p1a: Jellicent|31\/100 brn|[from] brn\n|upkeep\n|turn|5\n|\n|move|p1a: Jellicent|Will-O-Wisp|p2a: Corsola\n|-status|p2a: Corsola|brn\n|move|p2a: Corsola|Strength Sap|p1a: Jellicent\n|-unboost|p1a: Jellicent|atk|1\n|-heal|p2a: Corsola|85\/100 brn\n|\n|-weather|none\n|-heal|p1a: Jellicent|37\/100 brn|[from] item: Leftovers\n|-damage|p1a: Jellicent|31\/100 brn|[from] brn\n|-damage|p2a: Corsola|79\/100 brn|[from] brn\n|upkeep\n|turn|6\n|\n|switch|p1a: Togekiss|Togekiss, F|100\/100\n|move|p2a: Corsola|Hex|p1a: Togekiss\n|-damage|p1a: Togekiss|85\/100\n|\n|-damage|p2a: Corsola|73\/100 brn|[from] brn\n|upkeep\n|turn|7\n|\n|switch|p2a: Cinderace|Cinderace, F|100\/100\n|move|p1a: Togekiss|Air Slash|p2a: Cinderace\n|-damage|p2a: Cinderace|55\/100\n|\n|upkeep\n|turn|8\n|\n|move|p1a: Togekiss|Air Slash|p2a: Cinderace\n|-damage|p2a: Cinderace|14\/100\n|move|p2a: Cinderace|Court Change|p2a: Cinderace\n|-sideend|p2: Mr. Forecast|Stealth Rock|[from] move: Court Change|[of] p2a: Cinderace\n|-sidestart|p1: Jakkkkkka|move: Stealth Rock\n|\n|upkeep\n|turn|9\n|\n|switch|p2a: Ferrothorn|Ferrothorn, M|100\/100\n|move|p1a: Togekiss|Air Slash|p2a: Ferrothorn|[miss]\n|-miss|p1a: Togekiss|p2a: Ferrothorn\n|\n|upkeep\n|turn|10\n|\n|-start|p1a: Togekiss|Dynamax\n|-heal|p1a: Togekiss|85\/100|[silent]\n|move|p1a: Togekiss|Max Flare|p2a: Ferrothorn\n|-supereffective|p2a: Ferrothorn\n|-damage|p2a: Ferrothorn|0 fnt\n|-weather|SunnyDay\n|faint|p2a: Ferrothorn\n|\n|-weather|SunnyDay|[upkeep]\n|upkeep\n|\n|switch|p2a: Corsola|Corsola-Galar, F|73\/100 brn\n|turn|11\n|\n|move|p1a: Togekiss|Max Airstream|p2a: Corsola\n|-damage|p2a: Corsola|31\/100 brn\n|-boost|p1a: Togekiss|spe|1\n|move|p2a: Corsola|Destiny Bond|p2a: Corsola\n|-singlemove|p2a: Corsola|Destiny Bond\n|\n|-weather|SunnyDay|[upkeep]\n|-damage|p2a: Corsola|25\/100 brn|[from] brn\n|upkeep\n|turn|12\n|\n|move|p1a: Togekiss|Max Guard|p1a: Togekiss\n|-singleturn|p1a: Togekiss|Max Guard\n|move|p2a: Corsola|Strength Sap|p1a: Togekiss\n|-activate|p1a: Togekiss|move: Max Guard\n|\n|-weather|SunnyDay|[upkeep]\n|-damage|p2a: Corsola|18\/100 brn|[from] brn\n|-end|p1a: Togekiss|Dynamax\n|-heal|p1a: Togekiss|85\/100|[silent]\n|upkeep\n|turn|13\n|\n|move|p1a: Togekiss|Air Slash|p2a: Corsola\n|-damage|p2a: Corsola|0 fnt\n|faint|p2a: Corsola\n|\n|-weather|SunnyDay|[upkeep]\n|upkeep\n|\n|switch|p2a: Ditto|Ditto|100\/100\n|-transform|p2a: Ditto|p1a: Togekiss|[from] ability: Imposter\n|turn|14\n|\n|-start|p2a: Ditto|Dynamax\n|-heal|p2a: Ditto|100\/100|[silent]\n|move|p1a: Togekiss|Air Slash|p2a: Ditto\n|-damage|p2a: Ditto|80\/100\n|move|p2a: Ditto|Max Airstream|p1a: Togekiss\n|-damage|p1a: Togekiss|20\/100\n|-boost|p2a: Ditto|spe|1\n|\n|-weather|none\n|upkeep\n|turn|15\n|\n|move|p1a: Togekiss|Air Slash|p2a: Ditto\n|-damage|p2a: Ditto|63\/100\n|move|p2a: Ditto|Max Airstream|p1a: Togekiss\n|-damage|p1a: Togekiss|0 fnt\n|-boost|p2a: Ditto|spe|1\n|faint|p1a: Togekiss\n|\n|upkeep\n|\n|switch|p1a: Hippowdon|Hippowdon, F|83\/100\n|-damage|p1a: Hippowdon|77\/100|[from] Stealth Rock\n|-weather|Sandstorm|[from] ability: Sand Stream|[of] p1a: Hippowdon\n|turn|16\n|\n|move|p2a: Ditto|Max Flare|p1a: Hippowdon\n|-damage|p1a: Hippowdon|40\/100\n|-weather|SunnyDay\n|move|p1a: Hippowdon|Whirlwind|p2a: Ditto\n|-fail|p2a: Ditto|Dynamax\n|\n|-weather|SunnyDay|[upkeep]\n|-heal|p1a: Hippowdon|46\/100|[from] item: Leftovers\n|-end|p2a: Ditto|Dynamax\n|-heal|p2a: Ditto|63\/100|[silent]\n|upkeep\n|turn|17\n|\n|move|p2a: Ditto|Trick|p1a: Hippowdon\n|-activate|p2a: Ditto|move: Trick|[of] p1a: Hippowdon\n|-item|p1a: Hippowdon|Choice Scarf|[from] move: Trick\n|-item|p2a: Ditto|Leftovers|[from] move: Trick\n|move|p1a: Hippowdon|Slack Off|p1a: Hippowdon\n|-heal|p1a: Hippowdon|96\/100\n|\n|-weather|SunnyDay|[upkeep]\n|-heal|p2a: Ditto|69\/100|[from] item: Leftovers\n|upkeep\n|turn|18\n|\n|switch|p2a: Dracozolt|Dracozolt|100\/100\n|switch|p1a: Jellicent|Jellicent, M|31\/100 brn\n|-damage|p1a: Jellicent|19\/100 brn|[from] Stealth Rock\n|\n|-weather|SunnyDay|[upkeep]\n|-heal|p1a: Jellicent|25\/100 brn|[from] item: Leftovers\n|-damage|p1a: Jellicent|19\/100 brn|[from] brn\n|upkeep\n|turn|19\n|\n|move|p2a: Dracozolt|Bolt Beak|p1a: Jellicent\n|-supereffective|p1a: Jellicent\n|-damage|p1a: Jellicent|0 fnt\n|faint|p1a: Jellicent\n|\n|-weather|SunnyDay|[upkeep]\n|upkeep\n|\n|switch|p1a: Hippowdon|Hippowdon, F|96\/100\n|-damage|p1a: Hippowdon|90\/100|[from] Stealth Rock\n|-weather|Sandstorm|[from] ability: Sand Stream|[of] p1a: Hippowdon\n|turn|20\n|\n|switch|p2a: Ditto|Ditto|69\/100\n|-transform|p2a: Ditto|p1a: Hippowdon|[from] ability: Imposter\n|move|p1a: Hippowdon|Stealth Rock|p2a: Ditto\n|-sidestart|p2: Mr. Forecast|move: Stealth Rock\n|\n|-weather|Sandstorm|[upkeep]\n|-heal|p2a: Ditto|75\/100|[from] item: Leftovers\n|upkeep\n|turn|21\n|\n|switch|p1a: Corviknight|Corviknight, M|100\/100\n|-damage|p1a: Corviknight|88\/100|[from] Stealth Rock\n|-ability|p1a: Corviknight|Pressure\n|move|p2a: Ditto|Whirlwind|p1a: Corviknight\n|drag|p1a: Salazzle|Salazzle, F|100\/100\n|-damage|p1a: Salazzle|76\/100|[from] Stealth Rock\n|\n|-weather|Sandstorm|[upkeep]\n|-damage|p1a: Salazzle|69\/100|[from] Sandstorm\n|-heal|p2a: Ditto|81\/100|[from] item: Leftovers\n|upkeep\n|turn|22\n|\n|move|p1a: Salazzle|Taunt|p2a: Ditto\n|-start|p2a: Ditto|move: Taunt\n|cant|p2a: Ditto|move: Taunt|Whirlwind\n|\n|-weather|Sandstorm|[upkeep]\n|-damage|p1a: Salazzle|63\/100|[from] Sandstorm\n|-heal|p2a: Ditto|87\/100|[from] item: Leftovers\n|upkeep\n|turn|23\n|\n|switch|p1a: Gyarados|Gyarados, M|100\/100\n|-damage|p1a: Gyarados|76\/100|[from] Stealth Rock\n|move|p2a: Ditto|Earthquake|p1a: Gyarados\n|-immune|p1a: Gyarados\n|\n|-weather|Sandstorm|[upkeep]\n|-damage|p1a: Gyarados|70\/100|[from] Sandstorm\n|-heal|p1a: Gyarados|76\/100|[from] item: Leftovers\n|-heal|p2a: Ditto|93\/100|[from] item: Leftovers\n|upkeep\n|turn|24\n|\n|switch|p2a: Cinderace|Cinderace, F|14\/100\n|move|p1a: Gyarados|Dragon Dance|p1a: Gyarados\n|-boost|p1a: Gyarados|atk|1\n|-boost|p1a: Gyarados|spe|1\n|\n|-weather|none\n|-heal|p1a: Gyarados|82\/100|[from] item: Leftovers\n|upkeep\n|turn|25\n|inactive|Battle timer is ON: inactive players will automatically lose when time's up. (requested by Mr. Forecast)\n|\n|move|p1a: Gyarados|Dragon Dance|p1a: Gyarados\n|-boost|p1a: Gyarados|atk|1\n|-boost|p1a: Gyarados|spe|1\n|move|p2a: Cinderace|Pyro Ball|p1a: Gyarados\n|-resisted|p1a: Gyarados\n|-damage|p1a: Gyarados|37\/100\n|\n|-heal|p1a: Gyarados|43\/100|[from] item: Leftovers\n|upkeep\n|turn|26\n|\n|move|p1a: Gyarados|Bounce||[still]\n|-prepare|p1a: Gyarados|Bounce|p2a: Cinderace\n|move|p2a: Cinderace|Pyro Ball|p1a: Gyarados|[miss]\n|-miss|p2a: Cinderace|p1a: Gyarados\n|\n|-heal|p1a: Gyarados|49\/100|[from] item: Leftovers\n|upkeep\n|turn|27\n|\n|move|p1a: Gyarados|Bounce|p2a: Cinderace|[from]lockedmove\n|-damage|p2a: Cinderace|0 fnt\n|faint|p2a: Cinderace\n|-ability|p1a: Gyarados|Moxie|boost\n|-boost|p1a: Gyarados|atk|1\n|\n|-heal|p1a: Gyarados|55\/100|[from] item: Leftovers\n|upkeep\n|\n|switch|p2a: Ditto|Ditto|93\/100\n|-damage|p2a: Ditto|81\/100|[from] Stealth Rock\n|-transform|p2a: Ditto|p1a: Gyarados|[from] ability: Imposter\n|turn|28\n|\n|move|p2a: Ditto|Waterfall|p1a: Gyarados\n|-resisted|p1a: Gyarados\n|-damage|p1a: Gyarados|0 fnt\n|faint|p1a: Gyarados\n|-ability|p2a: Ditto|Moxie|boost\n|-boost|p2a: Ditto|atk|1\n|\n|-heal|p2a: Ditto|87\/100|[from] item: Leftovers\n|upkeep\n|c|\u2606Mr. Forecast|gg\n|\n|switch|p1a: Corviknight|Corviknight, M|88\/100\n|-damage|p1a: Corviknight|76\/100|[from] Stealth Rock\n|-ability|p1a: Corviknight|Pressure\n|turn|29\n|\n|move|p2a: Ditto|Waterfall|p1a: Corviknight\n|-damage|p1a: Corviknight|0 fnt\n|-damage|p2a: Ditto|70\/100|[from] item: Rocky Helmet|[of] p1a: Corviknight\n|faint|p1a: Corviknight\n|-ability|p2a: Ditto|Moxie|boost\n|-boost|p2a: Ditto|atk|1\n|\n|-heal|p2a: Ditto|76\/100|[from] item: Leftovers\n|upkeep\n|-message|Jakkkkkka forfeited.\n|\n|win|Mr. Forecast\n|l|\u2606Jakkkkkka\n||Ladder (probably) updated, but score could not be retrieved (Response not received).\n","uploadtime":1574799642,"views":21,"p1id":"jakkkkkka","p2id":"mrforecast","formatid":"gen8ou","rating":0,"private":0,"password":null}