{"id":"gen8bdspru-1525841470","p1":"Ill Leave","p2":"Horrendous Dreams","format":"gen8bdspru","log":"|html|<div class=\"broadcast-blue\"><strong>[Gen 8 BDSP] RU is currently suspecting Exploud! For information on how to participate check out the <a href=\"https:\/\/www.smogon.com\/forums\/threads\/np-bdsp-ru-suspect-process-round-1-super-bass.3698503\/\">suspect thread<\/a>.<\/strong><\/div>\n|j|\u2606Ill Leave\n|j|\u203dHorrendous Dreams\n|inactive|Battle timer is ON: inactive players will automatically lose when time's up.\n|t:|1646700437\n|gametype|singles\n|player|p1|Ill Leave|janine|\n|player|p2|Horrendous Dreams|malva|\n|teamsize|p1|6\n|teamsize|p2|6\n|gen|8\n|tier|[Gen 8 BDSP] RU\n|rated|Tournament battle\n|rule|Sleep Clause Mod: Limit one foe put to sleep\n|rule|Species Clause: Limit one of each Pok\u00e9mon\n|rule|OHKO Clause: OHKO moves are banned\n|rule|Evasion Moves Clause: Evasion moves are banned\n|rule|Endless Battle Clause: Forcing endless battles is banned\n|rule|HP Percentage Mod: HP is shown in percentages\n|clearpoke\n|poke|p1|Kingler, M|\n|poke|p1|Gastrodon-East, F|\n|poke|p1|Granbull, F|\n|poke|p1|Cacturne, F|\n|poke|p1|Aerodactyl, F|\n|poke|p1|Miltank, F|\n|poke|p2|Exploud, M|\n|poke|p2|Shuckle, F|\n|poke|p2|Jynx, F|\n|poke|p2|Houndoom, M|\n|poke|p2|Zangoose, M|\n|poke|p2|Mr. Mime, F|\n|teampreview\n|inactive|Horrendous Dreams also wants the timer to be on.\n|j|%htcl (>\u25e1<)\n|j| president yellow\n|c|\u2606Ill Leave|hf\n|c| president yellow|wow\n|\n|t:|1646700458\n|start\n|switch|p1a: Cacturne|Cacturne, F|100\/100\n|switch|p2a: Shuckle|Shuckle, F, shiny|100\/100\n|turn|1\n|j| DogsRStupid\n|c| president yellow|threats everywhere\n|\n|t:|1646700465\n|move|p1a: Cacturne|Switcheroo|p2a: Shuckle\n|-activate|p1a: Cacturne|move: Trick|[of] p2a: Shuckle\n|-item|p2a: Shuckle|Choice Scarf|[from] move: Switcheroo\n|-item|p1a: Cacturne|Iapapa Berry|[from] move: Switcheroo\n|move|p2a: Shuckle|Sticky Web|p1a: Cacturne\n|-sidestart|p1: Ill Leave|move: Sticky Web\n|\n|upkeep\n|turn|2\n|\n|t:|1646700472\n|switch|p2a: Houndoom|Houndoom, M, shiny|100\/100\n|move|p1a: Cacturne|Spikes|p2a: Houndoom\n|-sidestart|p2: Horrendous Dreams|Spikes\n|\n|upkeep\n|turn|3\n|\n|t:|1646700476\n|switch|p1a: Gastrodon|Gastrodon-East, F|100\/100\n|-activate|p1a: Gastrodon|move: Sticky Web\n|-unboost|p1a: Gastrodon|spe|1\n|move|p2a: Houndoom|Nasty Plot|p2a: Houndoom\n|-boost|p2a: Houndoom|spa|2\n|\n|upkeep\n|turn|4\n|\n|t:|1646700480\n|move|p2a: Houndoom|Dark Pulse|p1a: Gastrodon\n|-damage|p1a: Gastrodon|15\/100\n|-damage|p2a: Houndoom|91\/100|[from] item: Life Orb\n|cant|p1a: Gastrodon|flinch\n|\n|-heal|p1a: Gastrodon|21\/100|[from] item: Leftovers\n|upkeep\n|turn|5\n|c| president yellow|rip\n|\n|t:|1646700489\n|move|p2a: Houndoom|Flamethrower|p1a: Gastrodon\n|-resisted|p1a: Gastrodon\n|-damage|p1a: Gastrodon|0 fnt\n|faint|p1a: Gastrodon\n|-damage|p2a: Houndoom|81\/100|[from] item: Life Orb\n|\n|upkeep\n|\n|t:|1646700493\n|switch|p1a: Aerodactyl|Aerodactyl, F|100\/100\n|-ability|p1a: Aerodactyl|Unnerve\n|turn|6\n|\n|t:|1646700498\n|switch|p2a: Shuckle|Shuckle, F, shiny|100\/100\n|-damage|p2a: Shuckle|88\/100|[from] Spikes\n|move|p1a: Aerodactyl|Stone Edge|p2a: Shuckle\n|-supereffective|p2a: Shuckle\n|-damage|p2a: Shuckle|10\/100\n|\n|upkeep\n|turn|7\n|\n|t:|1646700504\n|move|p1a: Aerodactyl|Stone Edge|p2a: Shuckle\n|-supereffective|p2a: Shuckle\n|-damage|p2a: Shuckle|0 fnt\n|faint|p2a: Shuckle\n|\n|upkeep\n|\n|t:|1646700516\n|switch|p2a: Exploud|Exploud, M, shiny|100\/100\n|-damage|p2a: Exploud|88\/100|[from] Spikes\n|turn|8\n|\n|t:|1646700521\n|move|p1a: Aerodactyl|Stone Edge|p2a: Exploud\n|-damage|p2a: Exploud|0 fnt\n|faint|p2a: Exploud\n|\n|upkeep\n|\n|t:|1646700526\n|switch|p2a: Mr. Mime|Mr. Mime, F, shiny|100\/100\n|-damage|p2a: Mr. Mime|88\/100|[from] Spikes\n|turn|9\n|c|\u2606Ill Leave|aeor SuCkS\n|\n|t:|1646700539\n|move|p1a: Aerodactyl|Stone Edge|p2a: Mr. Mime\n|-damage|p2a: Mr. Mime|0 fnt\n|faint|p2a: Mr. Mime\n|\n|upkeep\n|c| president yellow|lol\n|c| president yellow|wtf is this sweep\n|\n|t:|1646700558\n|switch|p2a: Jynx|Jynx, F, shiny|100\/100\n|-damage|p2a: Jynx|88\/100|[from] Spikes\n|turn|10\n|c|\u2606Ill Leave|things dirty\n|\n|t:|1646700565\n|move|p1a: Aerodactyl|Stone Edge|p2a: Jynx\n|-supereffective|p2a: Jynx\n|-damage|p2a: Jynx|0 fnt\n|faint|p2a: Jynx\n|\n|upkeep\n|-message|Horrendous Dreams forfeited.\n|\n|win|Ill Leave\n|n|\u2606Ill Leave|illleave\n|n|\u203dHorrendous Dreams|horrendousdreams\n|n| htcl (>\u25e1<)|htcl\n|n| president yellow|presidentyellow\n|n| DogsRStupid|dogsrstupid\n","uploadtime":1646700573,"views":153,"p1id":"illleave","p2id":"horrendousdreams","formatid":"gen8bdspru","rating":0,"private":0,"password":null}