{"id":"gen8ou-1690070639","p1":"Kwaga","p2":"RggV","format":"gen8ou","log":"|html|<div class=\"broadcast-blue\"><strong>[Gen 8] OU is currently suspecting Melmetal! For information on how to participate check out the <a href=\"https:\/\/www.smogon.com\/forums\/threads\/np-ss-ou-suspect-process-round-12-monster-mash.3709234\/\">suspect thread<\/a>.<\/strong><\/div>\n|j|\u2606Kwaga\n|j|\u2606RggV\n|t:|1666230914\n|gametype|singles\n|player|p1|Kwaga|koga-gen1|1759\n|player|p2|RggV|scientist-gen4|1678\n|teamsize|p1|6\n|teamsize|p2|6\n|gen|8\n|tier|[Gen 8] OU\n|rated|\n|rule|Sleep Clause Mod: Limit one foe put to sleep\n|rule|Species Clause: Limit one of each Pok\u00e9mon\n|rule|OHKO Clause: OHKO moves are banned\n|rule|Evasion Items Clause: Evasion items are banned\n|rule|Evasion Moves Clause: Evasion moves are banned\n|rule|Endless Battle Clause: Forcing endless battles is banned\n|rule|HP Percentage Mod: HP is shown in percentages\n|rule|Dynamax Clause: You cannot dynamax\n|clearpoke\n|poke|p1|Dragapult, M|\n|poke|p1|Blacephalon|\n|poke|p1|Tapu Lele|\n|poke|p1|Heatran, M|\n|poke|p1|Gastrodon, F|\n|poke|p1|Mandibuzz, F|\n|poke|p2|Unfezant, M|\n|poke|p2|Tapu Fini|\n|poke|p2|Dragapult, M|\n|poke|p2|Landorus-Therian, M|\n|poke|p2|Weavile, F|\n|poke|p2|Melmetal|\n|teampreview\n|inactive|Battle timer is ON: inactive players will automatically lose when time's up. (requested by RggV)\n|c|\u2606Kwaga|yo!\n|j| jmac95\n|c|\u2606RggV|Yooo\n|c|\u2606RggV|Glhf bro\n|inactive|RggV has 120 seconds left.\n|j| cypherstest\n|c|\u2606Kwaga|u2\n|inactive|Kwaga has 120 seconds left.\n|j| KangkongNation2\n|\n|t:|1666230954\n|start\n|switch|p1a: Blacephalon|Blacephalon, shiny|100\/100\n|switch|p2a: Fate|Melmetal, shiny|100\/100\n|turn|1\n|j| tigerbarn\n|\n|t:|1666230963\n|switch|p1a: Tapu Lele|Tapu Lele, shiny|100\/100\n|-fieldstart|move: Psychic Terrain|[from] ability: Psychic Surge|[of] p1a: Tapu Lele\n|switch|p2a: Tapu Fini|Tapu Fini|100\/100\n|-fieldstart|move: Misty Terrain|[from] ability: Misty Surge|[of] p2a: Tapu Fini\n|\n|upkeep\n|turn|2\n|l| KangkongNation2\n|\n|t:|1666230975\n|move|p2a: Tapu Fini|Moonblast|p1a: Tapu Lele\n|-damage|p1a: Tapu Lele|66\/100\n|move|p1a: Tapu Lele|Psychic|p2a: Tapu Fini\n|-damage|p2a: Tapu Fini|42\/100\n|\n|upkeep\n|turn|3\n|\n|t:|1666230981\n|switch|p2a: Weavile|Weavile, F|100\/100\n|-ability|p2a: Weavile|Pressure\n|switch|p1a: Heatran|Heatran, M, shiny|100\/100\n|\n|upkeep\n|turn|4\n|l| tigerbarn\n|\n|t:|1666230985\n|switch|p2a: Enten|Landorus-Therian, M, shiny|100\/100\n|-ability|p2a: Enten|Intimidate|boost\n|-unboost|p1a: Heatran|atk|1\n|move|p1a: Heatran|Stealth Rock|p2a: Enten\n|-sidestart|p2: RggV|move: Stealth Rock\n|\n|upkeep\n|turn|5\n|\n|t:|1666230990\n|switch|p1a: Gastrodon|Gastrodon, F, shiny|100\/100\n|move|p2a: Enten|Stealth Rock|p1a: Gastrodon\n|-sidestart|p1: Kwaga|move: Stealth Rock\n|\n|-fieldend|Misty Terrain\n|upkeep\n|turn|6\n|\n|t:|1666230993\n|move|p2a: Enten|U-turn|p1a: Gastrodon\n|-damage|p1a: Gastrodon|77\/100\n|\n|t:|1666230997\n|switch|p2a: Tapu Fini|Tapu Fini|42\/100|[from]move: U-turn\n|-damage|p2a: Tapu Fini|29\/100|[from] Stealth Rock\n|-fieldstart|move: Misty Terrain|[from] ability: Misty Surge|[of] p2a: Tapu Fini\n|move|p1a: Gastrodon|Scald|p2a: Tapu Fini\n|-resisted|p2a: Tapu Fini\n|-damage|p2a: Tapu Fini|19\/100\n|\n|-heal|p1a: Gastrodon|83\/100|[from] item: Leftovers\n|upkeep\n|turn|7\n|j| call the crew\n|\n|t:|1666231003\n|move|p1a: Gastrodon|Protect|p1a: Gastrodon\n|-singleturn|p1a: Gastrodon|Protect\n|move|p2a: Tapu Fini|Moonblast|p1a: Gastrodon\n|-activate|p1a: Gastrodon|move: Protect\n|\n|-heal|p1a: Gastrodon|89\/100|[from] item: Leftovers\n|upkeep\n|turn|8\n|\n|t:|1666231007\n|switch|p2a: Fate|Melmetal, shiny|100\/100\n|-damage|p2a: Fate|94\/100|[from] Stealth Rock\n|move|p1a: Gastrodon|Scald|p2a: Fate\n|-damage|p2a: Fate|65\/100\n|\n|-heal|p1a: Gastrodon|95\/100|[from] item: Leftovers\n|upkeep\n|turn|9\n|\n|t:|1666231012\n|move|p1a: Gastrodon|Protect|p1a: Gastrodon\n|-singleturn|p1a: Gastrodon|Protect\n|move|p2a: Fate|Double Iron Bash|p1a: Gastrodon\n|-activate|p1a: Gastrodon|move: Protect\n|\n|-heal|p1a: Gastrodon|100\/100|[from] item: Leftovers\n|upkeep\n|turn|10\n|\n|t:|1666231016\n|move|p1a: Gastrodon|Scald|p2a: Fate\n|-damage|p2a: Fate|37\/100\n|move|p2a: Fate|Double Iron Bash|p1a: Gastrodon\n|-resisted|p1a: Gastrodon\n|-damage|p1a: Gastrodon|61\/100\n|-resisted|p1a: Gastrodon\n|-damage|p1a: Gastrodon|24\/100\n|-hitcount|p1a: Gastrodon|2\n|\n|-heal|p1a: Gastrodon|30\/100|[from] item: Leftovers\n|-fieldend|Misty Terrain\n|upkeep\n|turn|11\n|\n|t:|1666231021\n|move|p1a: Gastrodon|Protect|p1a: Gastrodon\n|-singleturn|p1a: Gastrodon|Protect\n|move|p2a: Fate|Double Iron Bash|p1a: Gastrodon\n|-activate|p1a: Gastrodon|move: Protect\n|\n|-heal|p1a: Gastrodon|36\/100|[from] item: Leftovers\n|upkeep\n|turn|12\n|\n|t:|1666231024\n|switch|p1a: Heatran|Heatran, M, shiny|100\/100\n|-damage|p1a: Heatran|88\/100|[from] Stealth Rock\n|move|p2a: Fate|Double Iron Bash|p1a: Heatran\n|-resisted|p1a: Heatran\n|-damage|p1a: Heatran|78\/100\n|-status|p2a: Fate|brn|[from] ability: Flame Body|[of] p1a: Heatran\n|-resisted|p1a: Heatran\n|-damage|p1a: Heatran|74\/100\n|-hitcount|p1a: Heatran|2\n|\n|-heal|p1a: Heatran|80\/100|[from] item: Leftovers\n|-damage|p2a: Fate|31\/100 brn|[from] brn\n|upkeep\n|turn|13\n|\n|t:|1666231028\n|switch|p2a: Tapu Fini|Tapu Fini|19\/100\n|-damage|p2a: Tapu Fini|7\/100|[from] Stealth Rock\n|-fieldstart|move: Misty Terrain|[from] ability: Misty Surge|[of] p2a: Tapu Fini\n|move|p1a: Heatran|Earth Power|p2a: Tapu Fini\n|-damage|p2a: Tapu Fini|0 fnt\n|faint|p2a: Tapu Fini\n|\n|-heal|p1a: Heatran|86\/100|[from] item: Leftovers\n|upkeep\n|\n|t:|1666231031\n|switch|p2a: Dragapult|Dragapult, M|100\/100\n|-damage|p2a: Dragapult|88\/100|[from] Stealth Rock\n|turn|14\n|\n|t:|1666231035\n|switch|p1a: Mandibuzz|Mandibuzz, F, shiny|100\/100\n|move|p2a: Dragapult|Shadow Ball|p1a: Mandibuzz\n|-resisted|p1a: Mandibuzz\n|-damage|p1a: Mandibuzz|81\/100\n|-unboost|p1a: Mandibuzz|spd|1\n|\n|upkeep\n|turn|15\n|\n|t:|1666231039\n|switch|p2a: Enten|Landorus-Therian, M, shiny|100\/100\n|-damage|p2a: Enten|88\/100|[from] Stealth Rock\n|-ability|p2a: Enten|Intimidate|boost\n|-unboost|p1a: Mandibuzz|atk|1\n|move|p1a: Mandibuzz|Defog|p2a: Enten\n|-unboost|p2a: Enten|evasion|1\n|-sideend|p2: RggV|Stealth Rock|[from] move: Defog|[of] p1a: Mandibuzz\n|-sideend|p1: Kwaga|Stealth Rock|[from] move: Defog|[of] p1a: Mandibuzz\n|-fieldend|Misty Terrain\n|\n|-heal|p2a: Enten|94\/100|[from] item: Leftovers\n|upkeep\n|turn|16\n|\n|t:|1666231046\n|move|p1a: Mandibuzz|Foul Play|p2a: Enten\n|-damage|p2a: Enten|54\/100\n|move|p2a: Enten|Knock Off|p1a: Mandibuzz\n|-resisted|p1a: Mandibuzz\n|-damage|p1a: Mandibuzz|71\/100\n|-enditem|p1a: Mandibuzz|Heavy-Duty Boots|[from] move: Knock Off|[of] p2a: Enten\n|\n|-heal|p2a: Enten|60\/100|[from] item: Leftovers\n|upkeep\n|turn|17\n|\n|t:|1666231052\n|switch|p2a: Weavile|Weavile, F|100\/100\n|-ability|p2a: Weavile|Pressure\n|move|p1a: Mandibuzz|Foul Play|p2a: Weavile\n|-resisted|p2a: Weavile\n|-damage|p2a: Weavile|57\/100\n|\n|upkeep\n|turn|18\n|\n|t:|1666231059\n|switch|p2a: Enten|Landorus-Therian, M, shiny|60\/100\n|-ability|p2a: Enten|Intimidate|boost\n|-unboost|p1a: Mandibuzz|atk|1\n|switch|p1a: Heatran|Heatran, M, shiny|86\/100\n|\n|-heal|p1a: Heatran|92\/100|[from] item: Leftovers\n|-heal|p2a: Enten|66\/100|[from] item: Leftovers\n|upkeep\n|turn|19\n|\n|t:|1666231064\n|switch|p1a: Mandibuzz|Mandibuzz, F, shiny|71\/100\n|move|p2a: Enten|Earthquake|p1a: Mandibuzz\n|-immune|p1a: Mandibuzz\n|\n|-heal|p2a: Enten|72\/100|[from] item: Leftovers\n|upkeep\n|turn|20\n|\n|t:|1666231066\n|move|p1a: Mandibuzz|Foul Play|p2a: Enten\n|-damage|p2a: Enten|27\/100\n|move|p2a: Enten|U-turn|p1a: Mandibuzz\n|-damage|p1a: Mandibuzz|57\/100\n|\n|t:|1666231072\n|switch|p2a: Dragapult|Dragapult, M|88\/100|[from]move: U-turn\n|\n|upkeep\n|turn|21\n|\n|t:|1666231075\n|switch|p1a: Tapu Lele|Tapu Lele, shiny|66\/100\n|-fieldstart|move: Psychic Terrain|[from] ability: Psychic Surge|[of] p1a: Tapu Lele\n|move|p2a: Dragapult|Draco Meteor|p1a: Tapu Lele\n|-immune|p1a: Tapu Lele\n|\n|upkeep\n|turn|22\n|j| RazorForce21\n|\n|t:|1666231081\n|switch|p2a: Fate|Melmetal, shiny|31\/100 brn\n|move|p1a: Tapu Lele|Moonblast|p2a: Fate\n|-resisted|p2a: Fate\n|-damage|p2a: Fate|0 fnt\n|faint|p2a: Fate\n|\n|upkeep\n|\n|t:|1666231083\n|switch|p2a: Unfezant|Unfezant, M|100\/100\n|turn|23\n|c|\u2606Kwaga|what does this thing do\n|j| Spyer2k\n|\n|t:|1666231092\n|switch|p1a: Heatran|Heatran, M, shiny|92\/100\n|move|p2a: Unfezant|Brave Bird|p1a: Heatran\n|-resisted|p1a: Heatran\n|-crit|p1a: Heatran\n|-damage|p1a: Heatran|64\/100\n|-damage|p2a: Unfezant|89\/100|[from] Recoil\n|\n|-heal|p1a: Heatran|70\/100|[from] item: Leftovers\n|upkeep\n|turn|24\n|\n|t:|1666231096\n|switch|p2a: Dragapult|Dragapult, M|88\/100\n|move|p1a: Heatran|Stealth Rock|p2a: Dragapult\n|-sidestart|p2: RggV|move: Stealth Rock\n|\n|-heal|p1a: Heatran|76\/100|[from] item: Leftovers\n|upkeep\n|turn|25\n|\n|t:|1666231107\n|switch|p1a: Gastrodon|Gastrodon, F, shiny|36\/100\n|move|p2a: Dragapult|Shadow Ball|p1a: Gastrodon\n|-damage|p1a: Gastrodon|2\/100\n|\n|-heal|p1a: Gastrodon|8\/100|[from] item: Leftovers\n|-fieldend|move: Psychic Terrain\n|upkeep\n|turn|26\n|\n|t:|1666231109\n|switch|p1a: Mandibuzz|Mandibuzz, F, shiny|57\/100\n|move|p2a: Dragapult|Shadow Ball|p1a: Mandibuzz\n|-resisted|p1a: Mandibuzz\n|-damage|p1a: Mandibuzz|36\/100\n|\n|upkeep\n|turn|27\n|\n|t:|1666231114\n|switch|p2a: Weavile|Weavile, F|57\/100\n|-damage|p2a: Weavile|32\/100|[from] Stealth Rock\n|-ability|p2a: Weavile|Pressure\n|move|p1a: Mandibuzz|Roost|p1a: Mandibuzz\n|-heal|p1a: Mandibuzz|86\/100\n|-singleturn|p1a: Mandibuzz|move: Roost\n|\n|upkeep\n|turn|28\n|\n|t:|1666231120\n|switch|p1a: Heatran|Heatran, M, shiny|76\/100\n|move|p2a: Weavile|Knock Off|p1a: Heatran\n|-damage|p1a: Heatran|30\/100\n|-enditem|p1a: Heatran|Leftovers|[from] move: Knock Off|[of] p2a: Weavile\n|\n|upkeep\n|turn|29\n|\n|t:|1666231123\n|move|p2a: Weavile|Knock Off|p1a: Heatran\n|-damage|p1a: Heatran|0 fnt\n|faint|p1a: Heatran\n|\n|upkeep\n|\n|t:|1666231126\n|switch|p1a: Blacephalon|Blacephalon, shiny|100\/100\n|turn|30\n|\n|t:|1666231131\n|move|p1a: Blacephalon|Flamethrower|p2a: Weavile\n|-supereffective|p2a: Weavile\n|-damage|p2a: Weavile|0 fnt\n|faint|p2a: Weavile\n|-ability|p1a: Blacephalon|Beast Boost|boost\n|-boost|p1a: Blacephalon|spa|1\n|\n|upkeep\n|\n|t:|1666231132\n|switch|p2a: Dragapult|Dragapult, M|88\/100\n|-damage|p2a: Dragapult|76\/100|[from] Stealth Rock\n|turn|31\n|\n|t:|1666231141\n|switch|p1a: Gastrodon|Gastrodon, F, shiny|8\/100\n|move|p2a: Dragapult|Draco Meteor|p1a: Gastrodon\n|-damage|p1a: Gastrodon|0 fnt\n|-unboost|p2a: Dragapult|spa|2\n|faint|p1a: Gastrodon\n|\n|upkeep\n|\n|t:|1666231143\n|switch|p1a: Tapu Lele|Tapu Lele, shiny|66\/100\n|-fieldstart|move: Psychic Terrain|[from] ability: Psychic Surge|[of] p1a: Tapu Lele\n|turn|32\n|\n|t:|1666231145\n|move|p2a: Dragapult|Draco Meteor|p1a: Tapu Lele\n|-immune|p1a: Tapu Lele\n|move|p1a: Tapu Lele|Psychic|p2a: Dragapult\n|-damage|p2a: Dragapult|0 fnt\n|faint|p2a: Dragapult\n|\n|upkeep\n|\n|t:|1666231161\n|switch|p2a: Unfezant|Unfezant, M|89\/100\n|-damage|p2a: Unfezant|64\/100|[from] Stealth Rock\n|turn|33\n|\n|t:|1666231173\n|switch|p1a: Mandibuzz|Mandibuzz, F, shiny|86\/100\n|move|p2a: Unfezant|Agility|p2a: Unfezant\n|-boost|p2a: Unfezant|spe|2\n|\n|upkeep\n|turn|34\n|c|\u2606RggV|Idk why I thought this was scarf\n|\n|t:|1666231186\n|move|p2a: Unfezant|Roost|p2a: Unfezant\n|-heal|p2a: Unfezant|100\/100\n|-singleturn|p2a: Unfezant|move: Roost\n|move|p1a: Mandibuzz|Foul Play|p2a: Unfezant\n|-damage|p2a: Unfezant|37\/100\n|\n|upkeep\n|turn|35\n|c|\u2606Kwaga|the unfezant?\n|\n|t:|1666231192\n|move|p2a: Unfezant|Roost|p2a: Unfezant\n|-heal|p2a: Unfezant|87\/100\n|-singleturn|p2a: Unfezant|move: Roost\n|move|p1a: Mandibuzz|Foul Play|p2a: Unfezant\n|-crit|p2a: Unfezant\n|-damage|p2a: Unfezant|0 fnt\n|faint|p2a: Unfezant\n|\n|upkeep\n|c|\u2606RggV|Lele\n|c|\u2606Kwaga|ah\n|c|\u2606RggV|Gg\n|c|\u2606Kwaga|blace is scarf\n|c|\u2606Kwaga|gg\n|l| cypherstest\n|inactive|RggV has 120 seconds left.\n|-message|RggV forfeited.\n|\n|win|Kwaga\n|raw|Kwaga's rating: 1759 &rarr; <strong>1774<\/strong><br \/>(+15 for winning)\n|raw|RggV's rating: 1678 &rarr; <strong>1663<\/strong><br \/>(-15 for losing)\n|l|\u2606RggV\n|l| Spyer2k\n","uploadtime":1666231227,"views":7,"p1id":"kwaga","p2id":"rggv","formatid":"gen8ou","rating":1663,"private":0,"password":null}