{"id":"gen8vgc2021-1298152825","p1":"bhkg","p2":"SharkDadVGC","format":"gen8vgc2021","log":"|j|\u2606bhkg\n|j|\u2606SharkDadVGC\n|t:|1615342586\n|player|p1|bhkg|101|\n|player|p2|SharkDadVGC|swimmerf|\n|teamsize|p1|6\n|teamsize|p2|6\n|gametype|doubles\n|gen|8\n|tier|[Gen 8] VGC 2021\n|rule|Species Clause: Limit one of each Pok\u00e9mon\n|rule|Item Clause: Limit one of each item\n|clearpoke\n|poke|p1|Tirtouga, L50, F|\n|poke|p1|Croagunk, L50, F|\n|poke|p1|Gastly, L50, M|\n|poke|p1|Magnemite, L50|\n|poke|p1|Swablu, L50, F|\n|poke|p1|Scorbunny, L50, F|\n|poke|p2|Vulpix, L50, M|\n|poke|p2|Oddish, L50, M|\n|poke|p2|Goldeen, L50, M|\n|poke|p2|Fletchling, L50, M|\n|poke|p2|Slowpoke, L50, M|\n|poke|p2|Helioptile, L50, F|\n|teampreview|4\n|\n|t:|1615342611\n|start\n|switch|p1a: Scorbunny|Scorbunny, L50, F|100\/100\n|switch|p1b: Croagunk|Croagunk, L50, F|100\/100\n|switch|p2a: Vulpix|Vulpix, L50, M|100\/100\n|switch|p2b: Oddish|Oddish, L50, M|100\/100\n|-weather|SunnyDay|[from] ability: Drought|[of] p2a: Vulpix\n|turn|1\n|\n|t:|1615342643\n|switch|p2a: Slowpoke|Slowpoke, L50, M|100\/100\n|move|p1b: Croagunk|Fake Out|p2a: Slowpoke\n|-damage|p2a: Slowpoke|95\/100\n|move|p2b: Oddish|Sleep Powder|p1a: Scorbunny\n|-status|p1a: Scorbunny|slp|[from] move: Sleep Powder\n|cant|p1a: Scorbunny|slp\n|\n|-weather|SunnyDay|[upkeep]\n|-damage|p1b: Croagunk|88\/100|[from] ability: Dry Skin|[of] p1b: Croagunk\n|upkeep\n|turn|2\n|\n|t:|1615342698\n|switch|p1a: Swablu|Swablu, L50, F, shiny|100\/100\n|switch|p1b: Magnemite|Magnemite, L50, shiny|100\/100\n|-start|p2b: Oddish|Dynamax\n|-heal|p2b: Oddish|100\/100|[silent]\n|move|p2b: Oddish|Max Overgrowth|p1b: Magnemite\n|-resisted|p1b: Magnemite\n|-damage|p1b: Magnemite|45\/100\n|-fieldstart|move: Grassy Terrain\n|move|p2a: Slowpoke|Imprison|p2a: Slowpoke\n|-start|p2a: Slowpoke|move: Imprison\n|\n|-weather|SunnyDay|[upkeep]\n|-heal|p1b: Magnemite|51\/100|[from] Grassy Terrain\n|-heal|p2a: Slowpoke|100\/100|[from] Grassy Terrain\n|upkeep\n|turn|3\n|\n|t:|1615342739\n|-start|p1a: Swablu|Dynamax\n|-heal|p1a: Swablu|100\/100|[silent]\n|move|p2a: Slowpoke|Protect|p2a: Slowpoke\n|-singleturn|p2a: Slowpoke|Protect\n|move|p2b: Oddish|Max Overgrowth|p1b: Magnemite\n|-resisted|p1b: Magnemite\n|-damage|p1b: Magnemite|0 fnt\n|faint|p1b: Magnemite\n|move|p1a: Swablu|Max Hailstorm|p2b: Oddish\n|-supereffective|p2b: Oddish\n|-damage|p2b: Oddish|45\/100\n|-weather|Hail\n|\n|-weather|Hail|[upkeep]\n|-damage|p2b: Oddish|42\/100|[from] Hail\n|-damage|p1a: Swablu|98\/100|[from] Hail\n|-damage|p2a: Slowpoke|94\/100|[from] Hail\n|-heal|p2b: Oddish|45\/100|[from] Grassy Terrain\n|-heal|p2a: Slowpoke|100\/100|[from] Grassy Terrain\n|upkeep\n|\n|t:|1615342758\n|switch|p1b: Scorbunny|Scorbunny, L50, F|100\/100 slp\n|turn|4\n|\n|t:|1615342781\n|switch|p1b: Croagunk|Croagunk, L50, F|88\/100\n|move|p2b: Oddish|Max Ooze|p1a: Swablu\n|-damage|p1a: Swablu|81\/100\n|-boost|p2a: Slowpoke|spa|1\n|-boost|p2b: Oddish|spa|1\n|move|p1a: Swablu|Max Hailstorm|p2b: Oddish\n|-supereffective|p2b: Oddish\n|-damage|p2b: Oddish|0 fnt\n|faint|p2b: Oddish\n|move|p2a: Slowpoke|Trick Room|p2a: Slowpoke\n|-fieldstart|move: Trick Room|[of] p2a: Slowpoke\n|\n|-weather|Hail|[upkeep]\n|-damage|p2a: Slowpoke|94\/100|[from] Hail\n|-damage|p1b: Croagunk|82\/100|[from] Hail\n|-damage|p1a: Swablu|78\/100|[from] Hail\n|-heal|p2a: Slowpoke|100\/100|[from] Grassy Terrain\n|-heal|p1b: Croagunk|88\/100|[from] Grassy Terrain\n|upkeep\n|\n|t:|1615342799\n|switch|p2b: Goldeen|Goldeen, L50, M|100\/100\n|turn|5\n|\n|t:|1615342819\n|move|p2a: Slowpoke|Scald|p1b: Croagunk\n|-heal|p1b: Croagunk|100\/100|[from] ability: Dry Skin|[of] p2a: Slowpoke\n|move|p1b: Croagunk|Gunk Shot|p2b: Goldeen\n|-damage|p2b: Goldeen|24\/100\n|move|p1a: Swablu|Max Starfall|p2b: Goldeen\n|-damage|p2b: Goldeen|0 fnt\n|-fieldstart|move: Misty Terrain\n|faint|p2b: Goldeen\n|\n|-weather|Hail|[upkeep]\n|-damage|p2a: Slowpoke|94\/100|[from] Hail\n|-damage|p1a: Swablu|75\/100|[from] Hail\n|-damage|p1b: Croagunk|95\/100|[from] Hail\n|-end|p1a: Swablu|Dynamax\n|-heal|p1a: Swablu|75\/100|[silent]\n|upkeep\n|\n|t:|1615342832\n|switch|p2b: Vulpix|Vulpix, L50, M|100\/100\n|-weather|SunnyDay|[from] ability: Drought|[of] p2b: Vulpix\n|turn|6\n|\n|t:|1615342848\n|move|p2a: Slowpoke|Scald|p1a: Swablu\n|-damage|p1a: Swablu|64\/100\n|-status|p1a: Swablu|brn\n|move|p1a: Swablu|Hyper Voice|p2a: Slowpoke|[spread] p2a,p2b\n|-damage|p2a: Slowpoke|70\/100\n|-damage|p2b: Vulpix|52\/100\n|move|p1b: Croagunk|Gunk Shot|p2b: Vulpix\n|-damage|p2b: Vulpix|0 fnt\n|faint|p2b: Vulpix\n|\n|-weather|SunnyDay|[upkeep]\n|-damage|p1b: Croagunk|82\/100|[from] ability: Dry Skin|[of] p1b: Croagunk\n|-damage|p1a: Swablu|58\/100 brn|[from] brn\n|upkeep\n|turn|7\n|\n|t:|1615342866\n|move|p2a: Slowpoke|Scald|p1a: Swablu\n|-damage|p1a: Swablu|49\/100 brn\n|move|p1a: Swablu|Hyper Voice|p2a: Slowpoke\n|-damage|p2a: Slowpoke|39\/100\n|move|p1b: Croagunk|Gunk Shot|p2a: Slowpoke|[miss]\n|-miss|p1b: Croagunk|p2a: Slowpoke\n|\n|-weather|SunnyDay|[upkeep]\n|-damage|p1b: Croagunk|70\/100|[from] ability: Dry Skin|[of] p1b: Croagunk\n|-damage|p1a: Swablu|43\/100 brn|[from] brn\n|upkeep\n|turn|8\n|c|\u2606SharkDadVGC|ggs\n|c|\u2606bhkg|gg\n|\n|t:|1615342878\n|move|p2a: Slowpoke|Scald|p1a: Swablu\n|-damage|p1a: Swablu|33\/100 brn\n|move|p1b: Croagunk|Gunk Shot|p2a: Slowpoke\n|-damage|p2a: Slowpoke|16\/100\n|move|p1a: Swablu|Hyper Voice|p2a: Slowpoke\n|-damage|p2a: Slowpoke|0 fnt\n|faint|p2a: Slowpoke\n|\n|win|bhkg\n|c|\u2606SharkDadVGC|lol idk why i thought tr would help me there\n","uploadtime":1615342896,"views":20,"p1id":"bhkg","p2id":"sharkdadvgc","formatid":"gen8vgc2021","rating":0,"private":0,"password":null}