{"id":"gen8vgc2022-1579631932","p1":"firepunch917","p2":"Ryumasa","format":"gen8vgc2022","log":"|j|\u2606firepunch917\n|j|\u2606Ryumasa\n|t:|1653131389\n|gametype|doubles\n|player|p1|firepunch917|170|1218\n|player|p2|Ryumasa|alder|1200\n|teamsize|p1|6\n|teamsize|p2|6\n|gen|8\n|tier|[Gen 8] VGC 2022\n|rated|\n|rule|Species Clause: Limit one of each Pok\u00e9mon\n|rule|Item Clause: Limit one of each item\n|clearpoke\n|poke|p1|Calyrex-Shadow, L50|\n|poke|p1|Zacian-*, L50|\n|poke|p1|Regieleki, L50|\n|poke|p1|Tornadus, L50, M|\n|poke|p1|Landorus-Therian, L50, M|\n|poke|p1|Incineroar, L50, F|\n|poke|p2|Lunala, L50|\n|poke|p2|Rillaboom, L50, F|\n|poke|p2|Urshifu-*, L50, M|\n|poke|p2|Zacian-*, L50|\n|poke|p2|Thundurus, L50, M|\n|poke|p2|Ditto, L50|\n|teampreview|4\n|\n|t:|1653131414\n|start\n|switch|p1a: Incineroar|Incineroar, L50, F|100\/100\n|switch|p1b: Calyrex|Calyrex-Shadow, L50|100\/100\n|switch|p2a: Thundurus|Thundurus, L50, M, shiny|100\/100\n|switch|p2b: Urshifu|Urshifu, L50, M|100\/100\n|-ability|p1b: Calyrex|As One\n|-ability|p1b: Calyrex|Unnerve\n|-ability|p1a: Incineroar|Intimidate|boost\n|-unboost|p2a: Thundurus|atk|1\n|-ability|p2a: Thundurus|Defiant\n|-boost|p2a: Thundurus|atk|2\n|-unboost|p2b: Urshifu|atk|1\n|turn|1\n|\n|t:|1653131434\n|-start|p2a: Thundurus|Dynamax|\n|-heal|p2a: Thundurus|100\/100|[silent]\n|move|p2b: Urshifu|Protect|p2b: Urshifu\n|-singleturn|p2b: Urshifu|Protect\n|move|p1a: Incineroar|Fake Out|p2b: Urshifu\n|-activate|p2b: Urshifu|move: Protect\n|move|p1b: Calyrex|Astral Barrage|p2a: Thundurus|[spread] p2a\n|-activate|p2b: Urshifu|move: Protect\n|-damage|p2a: Thundurus|67\/100\n|move|p2a: Thundurus|Max Airstream|p1b: Calyrex\n|-damage|p1b: Calyrex|4\/100\n|-boost|p2a: Thundurus|spe|1\n|-boost|p2b: Urshifu|spe|1\n|\n|upkeep\n|turn|2\n|\n|t:|1653131460\n|move|p2b: Urshifu|Sucker Punch|p1b: Calyrex\n|-supereffective|p1b: Calyrex\n|-crit|p1b: Calyrex\n|-damage|p1b: Calyrex|0 fnt\n|faint|p1b: Calyrex\n|move|p2a: Thundurus|Max Airstream|p1a: Incineroar\n|-damage|p1a: Incineroar|31\/100\n|-boost|p2a: Thundurus|spe|1\n|-boost|p2b: Urshifu|spe|1\n|move|p1a: Incineroar|Parting Shot|p2b: Urshifu\n|-unboost|p2b: Urshifu|atk|1\n|-unboost|p2b: Urshifu|spa|1\n|\n|t:|1653131465\n|switch|p1a: Zacian|Zacian-Crowned, L50|100\/100|[from]move: Parting Shot\n|-ability|p1a: Zacian|Intrepid Sword|boost\n|-boost|p1a: Zacian|atk|1\n|\n|upkeep\n|\n|t:|1653131467\n|switch|p1b: Regieleki|Regieleki, L50|100\/100\n|turn|3\n|\n|t:|1653131501\n|-start|p1b: Regieleki|Dynamax|\n|-heal|p1b: Regieleki|100\/100|[silent]\n|move|p1a: Zacian|Protect|p1a: Zacian\n|-singleturn|p1a: Zacian|Protect\n|move|p2b: Urshifu|Sucker Punch|p1b: Regieleki\n|-damage|p1b: Regieleki|84\/100\n|move|p2a: Thundurus|Max Airstream|p1b: Regieleki\n|-resisted|p1b: Regieleki\n|-damage|p1b: Regieleki|45\/100\n|-boost|p2a: Thundurus|spe|1\n|-boost|p2b: Urshifu|spe|1\n|move|p1b: Regieleki|Max Airstream|p2b: Urshifu\n|-supereffective|p2b: Urshifu\n|-damage|p2b: Urshifu|25\/100\n|-boost|p1a: Zacian|spe|1\n|-boost|p1b: Regieleki|spe|1\n|-damage|p1b: Regieleki|40\/100|[from] item: Life Orb\n|\n|upkeep\n|-end|p2a: Thundurus|Dynamax\n|-heal|p2a: Thundurus|67\/100|[silent]\n|turn|4\n|\n|t:|1653131536\n|move|p2a: Thundurus|Wild Charge|p1a: Zacian\n|-damage|p1a: Zacian|55\/100\n|-damage|p2a: Thundurus|52\/100|[from] Recoil\n|move|p1b: Regieleki|Max Airstream|p2b: Urshifu\n|-supereffective|p2b: Urshifu\n|-damage|p2b: Urshifu|0 fnt\n|-boost|p1a: Zacian|spe|1\n|-boost|p1b: Regieleki|spe|1\n|faint|p2b: Urshifu\n|-damage|p1b: Regieleki|35\/100|[from] item: Life Orb\n|move|p1a: Zacian|Play Rough|p2a: Thundurus\n|-crit|p2a: Thundurus\n|-damage|p2a: Thundurus|0 fnt\n|faint|p2a: Thundurus\n|\n|upkeep\n|\n|t:|1653131555\n|switch|p2a: Zacian|Zacian-Crowned, L50|100\/100\n|switch|p2b: Ditto|Ditto, L50, shiny|100\/100\n|-ability|p2a: Zacian|Intrepid Sword|boost\n|-boost|p2a: Zacian|atk|1\n|-transform|p2b: Ditto|p1a: Zacian|[from] ability: Imposter\n|-ability|p2b: Ditto|Intrepid Sword|boost\n|-boost|p2b: Ditto|atk|1\n|turn|5\n|\n|t:|1653131572\n|move|p1a: Zacian|Protect|p1a: Zacian\n|-singleturn|p1a: Zacian|Protect\n|move|p2b: Ditto|Behemoth Blade|p1b: Regieleki\n|-resisted|p1b: Regieleki\n|-damage|p1b: Regieleki|0 fnt\n|faint|p1b: Regieleki\n|move|p2a: Zacian|Imprison|p2a: Zacian\n|-start|p2a: Zacian|move: Imprison\n|\n|upkeep\n|\n|t:|1653131578\n|switch|p1b: Incineroar|Incineroar, L50, F|31\/100\n|-ability|p1b: Incineroar|Intimidate|boost\n|-unboost|p2a: Zacian|atk|1\n|-unboost|p2b: Ditto|atk|1\n|turn|6\n|\n|t:|1653131601\n|move|p1b: Incineroar|Fake Out|p2b: Ditto\n|-resisted|p2b: Ditto\n|-damage|p2b: Ditto|95\/100\n|cant|p2b: Ditto|flinch\n|move|p1a: Zacian|Sacred Sword|p2b: Ditto\n|-damage|p2b: Ditto|32\/100\n|move|p2a: Zacian|Close Combat|p1a: Zacian\n|-damage|p1a: Zacian|15\/100\n|-unboost|p2a: Zacian|def|1\n|-unboost|p2a: Zacian|spd|1\n|\n|upkeep\n|turn|7\n|\n|t:|1653131619\n|move|p2b: Ditto|Behemoth Blade|p1b: Incineroar\n|-resisted|p1b: Incineroar\n|-damage|p1b: Incineroar|0 fnt\n|faint|p1b: Incineroar\n|move|p1a: Zacian|Sacred Sword|p2a: Zacian\n|-damage|p2a: Zacian|52\/100\n|move|p2a: Zacian|Behemoth Blade|p1a: Zacian\n|-damage|p1a: Zacian|0 fnt\n|faint|p1a: Zacian\n|\n|win|Ryumasa\n|raw|firepunch917's rating: 1218 &rarr; <strong>1192<\/strong><br \/>(-26 for losing)\n|raw|Ryumasa's rating: 1200 &rarr; <strong>1226<\/strong><br \/>(+26 for winning)\n|l|\u2606firepunch917\n","uploadtime":1653131631,"views":13,"p1id":"firepunch917","p2id":"ryumasa","formatid":"gen8vgc2022","rating":1192,"private":0,"password":null}