{"id":"gen8randombattle-1706959569","p1":"ShadeVial","p2":"sylvee1","format":"gen8randombattle","log":"|j|\u2606ShadeVial\n|j|\u203dsylvee1\n|t:|1668036457\n|gametype|singles\n|player|p1|ShadeVial|scientist-gen4|1482\n|player|p2|sylvee1|plasmagruntf-gen5bw|1438\n|teamsize|p1|6\n|teamsize|p2|6\n|gen|8\n|tier|[Gen 8] Random Battle\n|rated|\n|rule|Species Clause: Limit one of each Pok\u00e9mon\n|rule|HP Percentage Mod: HP is shown in percentages\n|rule|Sleep Clause Mod: Limit one foe put to sleep\n|\n|t:|1668036457\n|start\n|switch|p1a: Jirachi|Jirachi, L79|288\/288\n|switch|p2a: Thievul|Thievul, L86, F|261\/261\n|turn|1\n|inactive|Battle timer is ON: inactive players will automatically lose when time's up. (requested by ShadeVial)\n|\n|t:|1668036473\n|move|p1a: Jirachi|Stealth Rock|p2a: Thievul\n|-sidestart|p2: sylvee1|move: Stealth Rock\n|move|p2a: Thievul|Parting Shot|p1a: Jirachi\n|-unboost|p1a: Jirachi|atk|1\n|-unboost|p1a: Jirachi|spa|1\n|\n|t:|1668036489\n|switch|p2a: Bronzong|Bronzong, L83|247\/247\n|-damage|p2a: Bronzong|232\/247|[from] Stealth Rock\n|\n|-heal|p2a: Bronzong|247\/247|[from] item: Leftovers\n|upkeep\n|turn|2\n|\n|t:|1668036499\n|move|p1a: Jirachi|Fire Punch|p2a: Bronzong\n|-supereffective|p2a: Bronzong\n|-damage|p2a: Bronzong|189\/247\n|move|p2a: Bronzong|Earthquake|p1a: Jirachi\n|-supereffective|p1a: Jirachi\n|-damage|p1a: Jirachi|156\/288\n|\n|-heal|p1a: Jirachi|174\/288|[from] item: Leftovers\n|-heal|p2a: Bronzong|204\/247|[from] item: Leftovers\n|upkeep\n|turn|3\n|\n|t:|1668036519\n|switch|p1a: Tornadus|Tornadus-Therian, L78, M|251\/251\n|move|p2a: Bronzong|Protect||[still]\n|-fail|p2a: Bronzong\n|\n|-heal|p2a: Bronzong|219\/247|[from] item: Leftovers\n|upkeep\n|turn|4\n|\n|t:|1668036531\n|move|p1a: Tornadus|Knock Off|p2a: Bronzong\n|-supereffective|p2a: Bronzong\n|-damage|p2a: Bronzong|109\/247\n|-enditem|p2a: Bronzong|Leftovers|[from] move: Knock Off|[of] p1a: Tornadus\n|move|p2a: Bronzong|Toxic|p1a: Tornadus\n|-status|p1a: Tornadus|tox\n|\n|-damage|p1a: Tornadus|236\/251 tox|[from] psn\n|upkeep\n|turn|5\n|\n|t:|1668036541\n|move|p2a: Bronzong|Protect|p2a: Bronzong\n|-singleturn|p2a: Bronzong|Protect\n|move|p1a: Tornadus|Knock Off|p2a: Bronzong\n|-activate|p2a: Bronzong|move: Protect\n|\n|-damage|p1a: Tornadus|206\/251 tox|[from] psn\n|upkeep\n|turn|6\n|\n|t:|1668036551\n|switch|p2a: Thievul|Thievul, L86, F|261\/261\n|-damage|p2a: Thievul|229\/261|[from] Stealth Rock\n|move|p1a: Tornadus|Knock Off|p2a: Thievul\n|-resisted|p2a: Thievul\n|-damage|p2a: Thievul|186\/261\n|-enditem|p2a: Thievul|Leftovers|[from] move: Knock Off|[of] p1a: Tornadus\n|\n|-damage|p1a: Tornadus|161\/251 tox|[from] psn\n|upkeep\n|turn|7\n|\n|t:|1668036563\n|move|p1a: Tornadus|Superpower|p2a: Thievul\n|-supereffective|p2a: Thievul\n|-damage|p2a: Thievul|0 fnt\n|-unboost|p1a: Tornadus|atk|1\n|-unboost|p1a: Tornadus|def|1\n|faint|p2a: Thievul\n|\n|-damage|p1a: Tornadus|101\/251 tox|[from] psn\n|upkeep\n|\n|t:|1668036577\n|switch|p2a: Toxapex|Toxapex, L82, F|216\/216\n|-damage|p2a: Toxapex|189\/216|[from] Stealth Rock\n|turn|8\n|\n|t:|1668036591\n|switch|p1a: Aerodactyl|Aerodactyl, L82, M|265\/265\n|-ability|p1a: Aerodactyl|Unnerve\n|move|p2a: Toxapex|Recover|p2a: Toxapex\n|-heal|p2a: Toxapex|216\/216\n|\n|upkeep\n|turn|9\n|\n|t:|1668036609\n|move|p1a: Aerodactyl|Earthquake|p2a: Toxapex\n|-supereffective|p2a: Toxapex\n|-damage|p2a: Toxapex|68\/216\n|move|p2a: Toxapex|Toxic|p1a: Aerodactyl\n|-status|p1a: Aerodactyl|tox\n|\n|-heal|p2a: Toxapex|81\/216|[from] item: Black Sludge\n|-damage|p1a: Aerodactyl|249\/265 tox|[from] psn\n|upkeep\n|turn|10\n|\n|t:|1668036618\n|switch|p2a: Cresselia|Cresselia, L80, F|323\/323\n|-damage|p2a: Cresselia|283\/323|[from] Stealth Rock\n|move|p1a: Aerodactyl|Earthquake|p2a: Cresselia\n|-immune|p2a: Cresselia|[from] ability: Levitate\n|\n|-heal|p2a: Cresselia|303\/323|[from] item: Leftovers\n|-damage|p1a: Aerodactyl|217\/265 tox|[from] psn\n|upkeep\n|turn|11\n|\n|t:|1668036637\n|switch|p1a: Jirachi|Jirachi, L79|174\/288\n|move|p2a: Cresselia|Moonlight|p2a: Cresselia\n|-heal|p2a: Cresselia|323\/323\n|\n|-heal|p1a: Jirachi|192\/288|[from] item: Leftovers\n|upkeep\n|turn|12\n|\n|t:|1668036641\n|move|p1a: Jirachi|Toxic|p2a: Cresselia\n|-status|p2a: Cresselia|tox\n|move|p2a: Cresselia|Thunder Wave|p1a: Jirachi\n|-status|p1a: Jirachi|par\n|\n|-heal|p1a: Jirachi|210\/288 par|[from] item: Leftovers\n|-damage|p2a: Cresselia|303\/323 tox|[from] psn\n|upkeep\n|turn|13\n|\n|t:|1668036653\n|switch|p2a: Druddigon|Druddigon, L84, M|267\/267\n|-damage|p2a: Druddigon|234\/267|[from] Stealth Rock\n|-ability|p2a: Druddigon|Mold Breaker\n|cant|p1a: Jirachi|par\n|\n|-heal|p1a: Jirachi|228\/288 par|[from] item: Leftovers\n|upkeep\n|turn|14\n|\n|t:|1668036661\n|move|p2a: Druddigon|Stealth Rock|p1a: Jirachi\n|-sidestart|p1: ShadeVial|move: Stealth Rock\n|move|p1a: Jirachi|Iron Head|p2a: Druddigon\n|-damage|p2a: Druddigon|153\/267\n|\n|-heal|p1a: Jirachi|246\/288 par|[from] item: Leftovers\n|upkeep\n|turn|15\n|\n|t:|1668036668\n|move|p2a: Druddigon|Earthquake|p1a: Jirachi\n|-supereffective|p1a: Jirachi\n|-damage|p1a: Jirachi|51\/288 par\n|-damage|p2a: Druddigon|127\/267|[from] item: Life Orb\n|cant|p1a: Jirachi|par\n|\n|-heal|p1a: Jirachi|69\/288 par|[from] item: Leftovers\n|upkeep\n|turn|16\n|\n|t:|1668036677\n|switch|p1a: Tornadus|Tornadus-Therian, L78, M|184\/251 tox\n|move|p2a: Druddigon|Outrage|p1a: Tornadus\n|-damage|p1a: Tornadus|0 fnt\n|faint|p1a: Tornadus\n|-damage|p2a: Druddigon|101\/267|[from] item: Life Orb\n|\n|upkeep\n|\n|t:|1668036699\n|switch|p1a: Grapploct|Grapploct, L86, M|278\/278\n|-damage|p1a: Grapploct|261\/278|[from] Stealth Rock\n|turn|17\n|\n|t:|1668036707\n|move|p2a: Druddigon|Outrage|p1a: Grapploct|[from]lockedmove\n|-damage|p1a: Grapploct|58\/278\n|-damage|p2a: Druddigon|75\/267|[from] item: Life Orb\n|-start|p2a: Druddigon|confusion|[fatigue]\n|move|p1a: Grapploct|Ice Punch|p2a: Druddigon\n|-supereffective|p2a: Druddigon\n|-damage|p2a: Druddigon|0 fnt\n|faint|p2a: Druddigon\n|-damage|p1a: Grapploct|31\/278|[from] item: Life Orb\n|\n|upkeep\n|\n|t:|1668036721\n|switch|p2a: Mantine|Mantine, L86, F|286\/286\n|turn|18\n|\n|t:|1668036729\n|move|p2a: Mantine|Scald|p1a: Grapploct\n|-damage|p1a: Grapploct|0 fnt\n|faint|p1a: Grapploct\n|\n|upkeep\n|\n|t:|1668036749\n|switch|p1a: Palkia|Palkia, L74|255\/255\n|-damage|p1a: Palkia|224\/255|[from] Stealth Rock\n|-ability|p1a: Palkia|Pressure\n|turn|19\n|l|\u203dsylvee1\n|inactive|sylvee1 disconnected and has a minute to reconnect!\n|player|p2|\n|j|\u203dsylvee1\n|inactive|sylvee1 reconnected and has 125 seconds left.\n|player|p2|sylvee1|plasmagruntf-gen5bw\n|n|\u203dsylvee1|sylvee1\n|inactive|sylvee1 has 120 seconds left.\n|\n|t:|1668036781\n|move|p1a: Palkia|Thunder Wave|p2a: Mantine\n|-status|p2a: Mantine|par\n|move|p2a: Mantine|Toxic|p1a: Palkia\n|-status|p1a: Palkia|tox\n|\n|-damage|p1a: Palkia|209\/255 tox|[from] psn\n|upkeep\n|turn|20\n|\n|t:|1668036791\n|move|p1a: Palkia|Hydro Pump|p2a: Mantine\n|-immune|p2a: Mantine|[from] ability: Water Absorb\n|move|p2a: Mantine|Roost||[still]\n|-fail|p2a: Mantine|heal\n|\n|-damage|p1a: Palkia|179\/255 tox|[from] psn\n|upkeep\n|turn|21\n|\n|t:|1668036799\n|move|p1a: Palkia|Fire Blast|p2a: Mantine\n|-resisted|p2a: Mantine\n|-damage|p2a: Mantine|257\/286 par\n|cant|p2a: Mantine|par\n|\n|-damage|p1a: Palkia|134\/255 tox|[from] psn\n|upkeep\n|turn|22\n|\n|t:|1668036807\n|move|p1a: Palkia|Draco Meteor|p2a: Mantine\n|-damage|p2a: Mantine|134\/286 par\n|-unboost|p1a: Palkia|spa|2\n|cant|p2a: Mantine|par\n|\n|-damage|p1a: Palkia|74\/255 tox|[from] psn\n|upkeep\n|turn|23\n|inactive|sylvee1 has 120 seconds left.\n|\n|t:|1668036834\n|move|p1a: Palkia|Draco Meteor|p2a: Mantine\n|-damage|p2a: Mantine|74\/286 par\n|-unboost|p1a: Palkia|spa|2\n|move|p2a: Mantine|Roost|p2a: Mantine\n|-heal|p2a: Mantine|217\/286 par\n|-singleturn|p2a: Mantine|move: Roost\n|\n|-damage|p1a: Palkia|0 fnt|[from] psn\n|faint|p1a: Palkia\n|upkeep\n|\n|t:|1668036845\n|switch|p1a: Aerodactyl|Aerodactyl, L82, M|217\/265 tox\n|-ability|p1a: Aerodactyl|Unnerve\n|-damage|p1a: Aerodactyl|151\/265 tox|[from] Stealth Rock\n|turn|24\n|inactive|sylvee1 has 120 seconds left.\n|\n|t:|1668036869\n|move|p1a: Aerodactyl|Stone Edge|p2a: Mantine\n|-supereffective|p2a: Mantine\n|-damage|p2a: Mantine|0 fnt\n|faint|p2a: Mantine\n|\n|-damage|p1a: Aerodactyl|135\/265 tox|[from] psn\n|upkeep\n|\n|t:|1668036886\n|switch|p2a: Cresselia|Cresselia, L80, F|303\/323 tox\n|-damage|p2a: Cresselia|263\/323 tox|[from] Stealth Rock\n|turn|25\n|\n|t:|1668036891\n|move|p1a: Aerodactyl|Stone Edge|p2a: Cresselia\n|-damage|p2a: Cresselia|136\/323 tox\n|move|p2a: Cresselia|Moonlight|p2a: Cresselia\n|-heal|p2a: Cresselia|297\/323 tox\n|\n|-heal|p2a: Cresselia|317\/323 tox|[from] item: Leftovers\n|-damage|p1a: Aerodactyl|103\/265 tox|[from] psn\n|-damage|p2a: Cresselia|297\/323 tox|[from] psn\n|upkeep\n|turn|26\n|\n|t:|1668036904\n|switch|p2a: Bronzong|Bronzong, L83|109\/247\n|-damage|p2a: Bronzong|94\/247|[from] Stealth Rock\n|move|p1a: Aerodactyl|Stone Edge|p2a: Bronzong\n|-resisted|p2a: Bronzong\n|-damage|p2a: Bronzong|25\/247\n|\n|-damage|p1a: Aerodactyl|55\/265 tox|[from] psn\n|upkeep\n|turn|27\n|\n|t:|1668036911\n|move|p2a: Bronzong|Protect|p2a: Bronzong\n|-singleturn|p2a: Bronzong|Protect\n|move|p1a: Aerodactyl|Stone Edge|p2a: Bronzong\n|-activate|p2a: Bronzong|move: Protect\n|\n|-damage|p1a: Aerodactyl|0 fnt|[from] psn\n|faint|p1a: Aerodactyl\n|upkeep\n|\n|t:|1668036914\n|switch|p1a: Haxorus|Haxorus, L77, F|244\/244\n|-damage|p1a: Haxorus|214\/244|[from] Stealth Rock\n|-ability|p1a: Haxorus|Mold Breaker\n|turn|28\n|inactive|sylvee1 has 120 seconds left.\n|\n|t:|1668036926\n|move|p1a: Haxorus|Dragon Dance|p1a: Haxorus\n|-boost|p1a: Haxorus|atk|1\n|-boost|p1a: Haxorus|spe|1\n|move|p2a: Bronzong|Toxic|p1a: Haxorus\n|-status|p1a: Haxorus|tox\n|\n|-damage|p1a: Haxorus|199\/244 tox|[from] psn\n|upkeep\n|turn|29\n|inactive|sylvee1 has 120 seconds left.\n|\n|t:|1668036938\n|-start|p1a: Haxorus|Dynamax|\n|-heal|p1a: Haxorus|398\/488 tox|[silent]\n|move|p2a: Bronzong|Protect|p2a: Bronzong\n|-singleturn|p2a: Bronzong|Protect\n|move|p1a: Haxorus|Max Knuckle|p2a: Bronzong\n|-crit|p2a: Bronzong\n|-zbroken|p2a: Bronzong\n|-damage|p2a: Bronzong|0 fnt\n|-boost|p1a: Haxorus|atk|1\n|faint|p2a: Bronzong\n|-damage|p1a: Haxorus|374\/488 tox|[from] item: Life Orb\n|\n|-damage|p1a: Haxorus|344\/488 tox|[from] psn\n|upkeep\n|inactive|sylvee1 has 120 seconds left.\n|\n|t:|1668036949\n|switch|p2a: Cresselia|Cresselia, L80, F|297\/323 tox\n|-damage|p2a: Cresselia|257\/323 tox|[from] Stealth Rock\n|turn|30\n|\n|t:|1668036960\n|-start|p2a: Cresselia|Dynamax|\n|-heal|p2a: Cresselia|514\/646 tox|[silent]\n|move|p1a: Haxorus|Max Wyrmwind|p2a: Cresselia\n|-damage|p2a: Cresselia|154\/646 tox\n|-unboost|p2a: Cresselia|atk|1\n|-damage|p1a: Haxorus|320\/488 tox|[from] item: Life Orb\n|move|p2a: Cresselia|Max Starfall|p1a: Haxorus\n|-supereffective|p1a: Haxorus\n|-damage|p1a: Haxorus|128\/488 tox\n|-fieldstart|move: Misty Terrain\n|\n|-heal|p2a: Cresselia|174\/646 tox|[from] item: Leftovers\n|-damage|p1a: Haxorus|83\/488 tox|[from] psn\n|-damage|p2a: Cresselia|154\/646 tox|[from] psn\n|upkeep\n|turn|31\n|inactive|sylvee1 has 120 seconds left.\n|\n|t:|1668036979\n|move|p2a: Cresselia|Max Guard|p2a: Cresselia\n|-singleturn|p2a: Cresselia|Max Guard\n|move|p1a: Haxorus|Max Wyrmwind|p2a: Cresselia\n|-activate|p2a: Cresselia|move: Max Guard\n|\n|-heal|p2a: Cresselia|174\/646 tox|[from] item: Leftovers\n|-damage|p1a: Haxorus|23\/488 tox|[from] psn\n|-damage|p2a: Cresselia|134\/646 tox|[from] psn\n|upkeep\n|-end|p1a: Haxorus|Dynamax\n|-heal|p1a: Haxorus|12\/244 tox|[silent]\n|turn|32\n|\n|t:|1668036986\n|move|p1a: Haxorus|Outrage|p2a: Cresselia\n|-damage|p2a: Cresselia|0 fnt\n|faint|p2a: Cresselia\n|-damage|p1a: Haxorus|0 fnt|[from] item: Life Orb\n|faint|p1a: Haxorus\n|\n|upkeep\n|\n|t:|1668036990\n|switch|p1a: Jirachi|Jirachi, L79|69\/288 par\n|switch|p2a: Toxapex|Toxapex, L82, F|153\/216\n|-damage|p2a: Toxapex|126\/216|[from] Stealth Rock\n|-damage|p1a: Jirachi|51\/288 par|[from] Stealth Rock\n|turn|33\n|\n|t:|1668036995\n|move|p2a: Toxapex|Recover|p2a: Toxapex\n|-heal|p2a: Toxapex|216\/216\n|cant|p1a: Jirachi|par\n|\n|-heal|p1a: Jirachi|69\/288 par|[from] item: Leftovers\n|upkeep\n|turn|34\n|\n|t:|1668037000\n|move|p2a: Toxapex|Scald|p1a: Jirachi\n|-damage|p1a: Jirachi|18\/288 par\n|cant|p1a: Jirachi|par\n|\n|-heal|p1a: Jirachi|36\/288 par|[from] item: Leftovers\n|-fieldend|Misty Terrain\n|upkeep\n|turn|35\n|\n|t:|1668037010\n|move|p2a: Toxapex|Scald|p1a: Jirachi\n|-crit|p1a: Jirachi\n|-damage|p1a: Jirachi|0 fnt\n|faint|p1a: Jirachi\n|\n|win|sylvee1\n|raw|ShadeVial's rating: 1482 &rarr; <strong>1459<\/strong><br \/>(-23 for losing)\n|raw|sylvee1's rating: 1438 &rarr; <strong>1461<\/strong><br \/>(+23 for winning)\n|l|\u2606ShadeVial\n","inputlog":">version 453a3ad56483cc6a5c08448f6577d394b68621b7\n>start {\"formatid\":\"gen8randombattle\",\"seed\":[55971,38618,15067,49403],\"rated\":\"Rated battle\"}\n>player p1 {\"name\":\"ShadeVial\",\"avatar\":\"scientist-gen4\",\"rating\":1482,\"seed\":[16895,36300,24325,14255]}\n>player p2 {\"name\":\"sylvee1\",\"avatar\":\"plasmagruntf-gen5bw\",\"rating\":1438,\"seed\":[5081,54403,26517,14633]}\n>p1 move stealthrock\n>p2 move partingshot\n>p2 switch 6\n>p1 move firepunch\n>p2 move earthquake\n>p1 switch 3\n>p2 move protect\n>p1 move knockoff\n>p2 move toxic\n>p1 move knockoff\n>p2 move protect\n>p1 move knockoff\n>p2 switch 6\n>p1 move superpower\n>p2 move partingshot\n>p2 switch 5\n>p1 switch 5\n>p2 move recover\n>p1 move earthquake\n>p2 move toxic\n>p1 move earthquake\n>p2 switch 3\n>p1 switch 3\n>p2 move moonlight\n>p1 move toxic\n>p2 move thunderwave\n>p1 move ironhead\n>p2 switch 4\n>p1 move ironhead\n>p2 move stealthrock\n>p1 move ironhead\n>p2 move earthquake\n>p1 switch 5\n>p2 move outrage\n>p1 switch 4\n>p1 move icepunch\n>p2 move outrage\n>p2 switch 2\n>p1 move brutalswing\n>p2 move scald\n>p1 switch 2\n>p1 move thunderwave\n>p2 move toxic\n>p1 move hydropump\n>p2 move roost\n>p1 move fireblast\n>p2 move hurricane\n>p1 move dracometeor\n>p2 move hurricane\n>p1 move dracometeor\n>p2 move roost\n>p1 switch 3\n>p1 move stoneedge\n>p2 move scald\n>p2 switch 4\n>p1 move stoneedge\n>p2 move moonlight\n>p1 move stoneedge\n>p2 switch 6\n>p1 move stoneedge\n>p2 move protect\n>p1 switch 6\n>p1 move dragondance\n>p2 move toxic\n>p1 move closecombat dynamax\n>p2 move protect\n>p2 switch 6\n>p1 move outrage dynamax\n>p2 move moonblast dynamax\n>p1 move outrage dynamax\n>p2 move thunderwave dynamax\n>p1 move outrage\n>p2 move moonblast dynamax\n>p1 switch 5\n>p2 switch 3\n>p1 move ironhead\n>p2 move recover\n>p1 move ironhead\n>p2 move scald\n>p1 move ironhead\n>p2 move scald","uploadtime":1668037023,"views":2,"p1id":"shadevial","p2id":"sylvee1","formatid":"gen8randombattle","rating":1459,"private":0,"password":null}