{"id":"gen8nationaldex-1659622084","p1":"Capital Cruiser","p2":"Victini777X","format":"gen8nationaldex","log":"|j|\u2606Capital Cruiser\n|j|\u2606Victini777X\n|t:|1662684052\n|gametype|singles\n|player|p1|Capital Cruiser|cheren-gen5bw2|1545\n|player|p2|Victini777X|acerola-masters|1492\n|teamsize|p1|6\n|teamsize|p2|6\n|gen|8\n|tier|[Gen 8] National Dex\n|rated|\n|rule|HP Percentage Mod: HP is shown in percentages\n|rule|Endless Battle Clause: Forcing endless battles is banned\n|rule|OHKO Clause: OHKO moves are banned\n|rule|Evasion Moves Clause: Evasion moves are banned\n|rule|Species Clause: Limit one of each Pok\u00e9mon\n|rule|Dynamax Clause: You cannot dynamax\n|rule|Sleep Clause Mod: Limit one foe put to sleep\n|clearpoke\n|poke|p1|Garchomp, F|\n|poke|p1|Manectric, M|\n|poke|p1|Azumarill, F|\n|poke|p1|Ferrothorn, F|\n|poke|p1|Moltres|\n|poke|p1|Weavile, M|\n|poke|p2|Exploud, F|\n|poke|p2|Slowbro, F|\n|poke|p2|Mew|\n|poke|p2|Amoonguss, F|\n|poke|p2|Zapdos|\n|poke|p2|Lopunny, M|\n|teampreview\n|inactive|Battle timer is ON: inactive players will automatically lose when time's up. (requested by Capital Cruiser)\n|c|\u2606Victini777X|oh\n|\n|t:|1662684069\n|start\n|switch|p1a: Garchomp|Garchomp, F, shiny|100\/100\n|switch|p2a: Slowbro|Slowbro, F|100\/100\n|turn|1\n|\n|t:|1662684074\n|switch|p1a: Ferrothorn|Ferrothorn, F, shiny|100\/100\n|move|p2a: Slowbro|Scald|p1a: Ferrothorn\n|-resisted|p1a: Ferrothorn\n|-damage|p1a: Ferrothorn|92\/100\n|\n|-heal|p1a: Ferrothorn|99\/100|[from] item: Leftovers\n|upkeep\n|turn|2\n|\n|t:|1662684078\n|switch|p2a: Zapdos|Zapdos|100\/100\n|move|p1a: Ferrothorn|Stealth Rock|p2a: Zapdos\n|-sidestart|p2: Victini777X|move: Stealth Rock\n|\n|-heal|p1a: Ferrothorn|100\/100|[from] item: Leftovers\n|upkeep\n|turn|3\n|\n|t:|1662684083\n|switch|p1a: Manectric|Manectric, M, shiny|100\/100\n|move|p2a: Zapdos|Heat Wave|p1a: Manectric\n|-damage|p1a: Manectric|40\/100\n|\n|upkeep\n|turn|4\n|\n|t:|1662684087\n|detailschange|p1a: Manectric|Manectric-Mega, M, shiny\n|-mega|p1a: Manectric|Manectric|Manectite\n|-ability|p1a: Manectric|Intimidate|boost\n|-unboost|p2a: Zapdos|atk|1\n|move|p1a: Manectric|Thunderbolt|p2a: Zapdos\n|-damage|p2a: Zapdos|41\/100\n|move|p2a: Zapdos|Heat Wave|p1a: Manectric\n|-damage|p1a: Manectric|0 fnt\n|faint|p1a: Manectric\n|\n|upkeep\n|\n|t:|1662684092\n|switch|p1a: Weavile|Weavile, M, shiny|100\/100\n|turn|5\n|\n|t:|1662684099\n|move|p1a: Weavile|Knock Off|p2a: Zapdos\n|-damage|p2a: Zapdos|0 fnt\n|-enditem|p2a: Zapdos|Heavy-Duty Boots|[from] move: Knock Off|[of] p1a: Weavile\n|faint|p2a: Zapdos\n|\n|upkeep\n|\n|t:|1662684101\n|switch|p2a: Exploud|Exploud, F|100\/100\n|-damage|p2a: Exploud|88\/100|[from] Stealth Rock\n|turn|6\n|\n|t:|1662684115\n|move|p1a: Weavile|Knock Off|p2a: Exploud\n|-damage|p2a: Exploud|32\/100\n|-enditem|p2a: Exploud|Choice Specs|[from] move: Knock Off|[of] p1a: Weavile\n|move|p2a: Exploud|Flamethrower|p1a: Weavile\n|-supereffective|p1a: Weavile\n|-damage|p1a: Weavile|22\/100\n|\n|upkeep\n|turn|7\n|\n|t:|1662684121\n|move|p1a: Weavile|Knock Off|p2a: Exploud\n|-damage|p2a: Exploud|0 fnt\n|faint|p2a: Exploud\n|\n|upkeep\n|\n|t:|1662684123\n|switch|p2a: Lopunny|Lopunny, M|100\/100\n|-damage|p2a: Lopunny|88\/100|[from] Stealth Rock\n|turn|8\n|\n|t:|1662684127\n|switch|p1a: Moltres|Moltres, shiny|100\/100\n|detailschange|p2a: Lopunny|Lopunny-Mega, M\n|-mega|p2a: Lopunny|Lopunny|Lopunnite\n|move|p2a: Lopunny|Close Combat|p1a: Moltres\n|-resisted|p1a: Moltres\n|-damage|p1a: Moltres|79\/100\n|-unboost|p2a: Lopunny|def|1\n|-unboost|p2a: Lopunny|spd|1\n|-status|p2a: Lopunny|brn|[from] ability: Flame Body|[of] p1a: Moltres\n|\n|-damage|p2a: Lopunny|82\/100 brn|[from] brn\n|upkeep\n|turn|9\n|c|\u2606Victini777X|i fell for it again hehe\n|\n|t:|1662684137\n|switch|p2a: Slowbro|Slowbro, F|100\/100\n|-damage|p2a: Slowbro|88\/100|[from] Stealth Rock\n|move|p1a: Moltres|Mystical Fire|p2a: Slowbro\n|-resisted|p2a: Slowbro\n|-damage|p2a: Slowbro|73\/100\n|-unboost|p2a: Slowbro|spa|1\n|\n|upkeep\n|turn|10\n|\n|t:|1662684142\n|move|p1a: Moltres|Toxic|p2a: Slowbro\n|-status|p2a: Slowbro|tox\n|move|p2a: Slowbro|Future Sight|p1a: Moltres\n|-start|p2a: Slowbro|move: Future Sight\n|\n|-damage|p2a: Slowbro|66\/100 tox|[from] psn\n|upkeep\n|turn|11\n|\n|t:|1662684150\n|move|p1a: Moltres|Mystical Fire|p2a: Slowbro\n|-resisted|p2a: Slowbro\n|-damage|p2a: Slowbro|51\/100 tox\n|-unboost|p2a: Slowbro|spa|1\n|move|p2a: Slowbro|Teleport|p2a: Slowbro\n|\n|t:|1662684153\n|switch|p2a: Mew|Mew|100\/100|[from]move: Teleport\n|-damage|p2a: Mew|88\/100|[from] Stealth Rock\n|\n|upkeep\n|turn|12\n|\n|t:|1662684159\n|switch|p1a: Azumarill|Azumarill, F, shiny|100\/100\n|move|p2a: Mew|Stealth Rock|p1a: Azumarill\n|-sidestart|p1: Capital Cruiser|move: Stealth Rock\n|\n|-end|p1a: Azumarill|move: Future Sight\n|-damage|p1a: Azumarill|61\/100\n|upkeep\n|turn|13\n|\n|t:|1662684165\n|-zpower|p2a: Mew\n|move|p2a: Mew|Genesis Supernova|p1a: Azumarill|[zeffect]\n|-damage|p1a: Azumarill|0 fnt\n|-fieldstart|move: Psychic Terrain\n|faint|p1a: Azumarill\n|\n|upkeep\n|\n|t:|1662684175\n|switch|p1a: Garchomp|Garchomp, F, shiny|100\/100\n|-damage|p1a: Garchomp|94\/100|[from] Stealth Rock\n|turn|14\n|\n|t:|1662684179\n|move|p2a: Mew|Ice Beam|p1a: Garchomp\n|-supereffective|p1a: Garchomp\n|-damage|p1a: Garchomp|0 fnt\n|faint|p1a: Garchomp\n|\n|upkeep\n|c|\u2606Victini777X|ehh\n|c|\u2606Capital Cruiser|You're very bad, didn't even know this garbage had rocks.\n|inactive|Capital Cruiser has 120 seconds left.\n|-message|Capital Cruiser forfeited.\n|\n|win|Victini777X\n|raw|Capital Cruiser's rating: 1545 &rarr; <strong>1522<\/strong><br \/>(-23 for losing)\n|raw|Victini777X's rating: 1492 &rarr; <strong>1515<\/strong><br \/>(+23 for winning)\n|l|\u2606Capital Cruiser\n|c|\u2606Victini777X|it's mew\n|c|\u2606Victini777X|dumbass\n||Ladder isn't responding, score probably updated but might not have (Request timeout).\n","uploadtime":1662684218,"views":63,"p1id":"capitalcruiser","p2id":"victini777x","formatid":"gen8nationaldex","rating":1515,"private":0,"password":null}