{"id":"gen8ou-1415054673","p1":"d18l","p2":"Not Sarcasm","format":"gen8ou","log":"|j|\u2606d18l\n|j|\u2606Not Sarcasm\n|t:|1631421367\n|gametype|singles\n|player|p1|d18l|backpacker|1765\n|player|p2|Not Sarcasm|170|1665\n|teamsize|p1|6\n|teamsize|p2|6\n|gen|8\n|tier|[Gen 8] OU\n|rated|\n|rule|Sleep Clause Mod: Limit one foe put to sleep\n|rule|Species Clause: Limit one of each Pok\u00e9mon\n|rule|OHKO Clause: OHKO moves are banned\n|rule|Evasion Moves Clause: Evasion moves are banned\n|rule|Endless Battle Clause: Forcing endless battles is banned\n|rule|HP Percentage Mod: HP is shown in percentages\n|rule|Dynamax Clause: You cannot dynamax\n|clearpoke\n|poke|p1|Zeraora|\n|poke|p1|Urshifu-*, M|\n|poke|p1|Kyurem|\n|poke|p1|Slowking-Galar, M|\n|poke|p1|Corviknight, F|\n|poke|p1|Hippowdon, F|\n|poke|p2|Weavile, F|\n|poke|p2|Blacephalon|\n|poke|p2|Ferrothorn, M|\n|poke|p2|Landorus-Therian, M|\n|poke|p2|Heatran, M|\n|poke|p2|Dragapult, F|\n|teampreview\n|inactive|Battle timer is ON: inactive players will automatically lose when time's up. (requested by Not Sarcasm)\n|j| Fusien\n|j| 07l\u4e2d\u56fd\u5927\u5988\n|inactive|d18l has 120 seconds left.\n|inactive|Not Sarcasm has 120 seconds left.\n|j| Perspectieve\n|j| JEANSENSAO\n|\n|t:|1631421415\n|start\n|switch|p1a: Zeraora|Zeraora|100\/100\n|switch|p2a: Dragapult|Dragapult, F|100\/100\n|turn|1\n|\n|t:|1631421421\n|switch|p2a: Ferrothorn|Ferrothorn, M|100\/100\n|move|p1a: Zeraora|Knock Off|p2a: Ferrothorn\n|-damage|p2a: Ferrothorn|75\/100\n|-damage|p1a: Zeraora|88\/100|[from] ability: Iron Barbs|[of] p2a: Ferrothorn\n|-enditem|p2a: Ferrothorn|Leftovers|[from] move: Knock Off|[of] p1a: Zeraora\n|\n|upkeep\n|turn|2\n|\n|t:|1631421440\n|switch|p1a: Kyurem|Kyurem|100\/100\n|-ability|p1a: Kyurem|Pressure\n|move|p2a: Ferrothorn|Knock Off|p1a: Kyurem\n|-damage|p1a: Kyurem|80\/100\n|-enditem|p1a: Kyurem|Choice Specs|[from] move: Knock Off|[of] p2a: Ferrothorn\n|\n|upkeep\n|turn|3\n|j| jigobo\n|inactive|d18l has 120 seconds left.\n|\n|t:|1631421468\n|switch|p2a: Blacephalon|Blacephalon|100\/100\n|move|p1a: Kyurem|Ice Beam|p2a: Blacephalon\n|-resisted|p2a: Blacephalon\n|-damage|p2a: Blacephalon|58\/100\n|-status|p2a: Blacephalon|frz\n|\n|upkeep\n|turn|4\n|\n|t:|1631421476\n|cant|p2a: Blacephalon|frz\n|move|p1a: Kyurem|Earth Power|p2a: Blacephalon\n|-supereffective|p2a: Blacephalon\n|-damage|p2a: Blacephalon|0 fnt\n|faint|p2a: Blacephalon\n|\n|upkeep\n|c|\u2606Not Sarcasm|lucky kid\n|\n|t:|1631421483\n|switch|p2a: Dragapult|Dragapult, F|100\/100\n|turn|5\n|\n|t:|1631421494\n|switch|p1a: Slowking|Slowking-Galar, M|100\/100\n|move|p2a: Dragapult|Dragon Darts|p1a: Slowking\n|-damage|p1a: Slowking|59\/100\n|-anim|p2a: Dragapult|Dragon Darts|p1a: Slowking\n|-damage|p1a: Slowking|21\/100\n|\n|upkeep\n|turn|6\n|j| Crowv2\n|\n|t:|1631421502\n|switch|p2a: Chaos|Heatran, M, shiny|100\/100\n|-item|p2a: Chaos|Air Balloon\n|switch|p1a: Corviknight|Corviknight, F|100\/100\n|-ability|p1a: Corviknight|Pressure\n|\n|upkeep\n|turn|7\n|\n|t:|1631421509\n|switch|p1a: Urshifu|Urshifu-Rapid-Strike, M|100\/100\n|move|p2a: Chaos|Magma Storm|p1a: Urshifu\n|-resisted|p1a: Urshifu\n|-damage|p1a: Urshifu|71\/100\n|-activate|p1a: Urshifu|move: Magma Storm|[of] p2a: Chaos\n|\n|-damage|p1a: Urshifu|58\/100|[from] move: Magma Storm|[partiallytrapped]\n|upkeep\n|turn|8\n|c| Crowv2|what that sarcasm?\n|\n|t:|1631421518\n|switch|p2a: Ferrothorn|Ferrothorn, M|75\/100\n|move|p1a: Urshifu|U-turn|p2a: Ferrothorn\n|-damage|p2a: Ferrothorn|55\/100\n|-damage|p1a: Urshifu|46\/100|[from] ability: Iron Barbs|[of] p2a: Ferrothorn\n|c| Crowv2|was*\n|\n|t:|1631421528\n|switch|p1a: Kyurem|Kyurem|80\/100|[from]move: U-turn\n|-ability|p1a: Kyurem|Pressure\n|\n|upkeep\n|turn|9\n|\n|t:|1631421532\n|move|p1a: Kyurem|Focus Blast|p2a: Ferrothorn|[miss]\n|-miss|p1a: Kyurem|p2a: Ferrothorn\n|move|p2a: Ferrothorn|Spikes|p1a: Kyurem\n|-sidestart|p1: d18l|Spikes\n|\n|upkeep\n|turn|10\n|\n|t:|1631421537\n|move|p1a: Kyurem|Ice Beam|p2a: Ferrothorn\n|-damage|p2a: Ferrothorn|12\/100\n|move|p2a: Ferrothorn|Leech Seed|p1a: Kyurem\n|-start|p1a: Kyurem|move: Leech Seed\n|\n|-damage|p1a: Kyurem|68\/100|[from] Leech Seed|[of] p2a: Ferrothorn\n|-heal|p2a: Ferrothorn|26\/100|[silent]\n|upkeep\n|turn|11\n|\n|t:|1631421544\n|move|p1a: Kyurem|Focus Blast|p2a: Ferrothorn\n|-supereffective|p2a: Ferrothorn\n|-damage|p2a: Ferrothorn|0 fnt\n|faint|p2a: Ferrothorn\n|\n|upkeep\n|\n|t:|1631421552\n|switch|p2a: Dragapult|Dragapult, F|100\/100\n|turn|12\n|\n|t:|1631421560\n|switch|p1a: Corviknight|Corviknight, F|100\/100\n|-ability|p1a: Corviknight|Pressure\n|move|p2a: Dragapult|U-turn|p1a: Corviknight\n|-resisted|p1a: Corviknight\n|-damage|p1a: Corviknight|95\/100\n|-damage|p2a: Dragapult|84\/100|[from] item: Rocky Helmet|[of] p1a: Corviknight\n|\n|t:|1631421567\n|switch|p2a: Chaos|Heatran, M, shiny|100\/100|[from]move: U-turn\n|-item|p2a: Chaos|Air Balloon\n|\n|upkeep\n|turn|13\n|l| Crowv2\n|\n|t:|1631421587\n|switch|p1a: Slowking|Slowking-Galar, M|54\/100\n|-damage|p1a: Slowking|41\/100|[from] Spikes\n|move|p2a: Chaos|Magma Storm|p1a: Slowking\n|-damage|p1a: Slowking|22\/100\n|-activate|p1a: Slowking|move: Magma Storm|[of] p2a: Chaos\n|\n|-damage|p1a: Slowking|9\/100|[from] move: Magma Storm|[partiallytrapped]\n|upkeep\n|turn|14\n|\n|t:|1631421595\n|move|p2a: Chaos|Earth Power|p1a: Slowking\n|-supereffective|p1a: Slowking\n|-crit|p1a: Slowking\n|-damage|p1a: Slowking|0 fnt\n|faint|p1a: Slowking\n|\n|upkeep\n|\n|t:|1631421597\n|switch|p1a: Urshifu|Urshifu-Rapid-Strike, M|46\/100\n|-damage|p1a: Urshifu|34\/100|[from] Spikes\n|turn|15\n|\n|t:|1631421603\n|switch|p2a: Dragapult|Dragapult, F|84\/100\n|move|p1a: Urshifu|Surging Strikes|p2a: Dragapult\n|-resisted|p2a: Dragapult\n|-crit|p2a: Dragapult\n|-damage|p2a: Dragapult|62\/100\n|-resisted|p2a: Dragapult\n|-crit|p2a: Dragapult\n|-damage|p2a: Dragapult|42\/100\n|-resisted|p2a: Dragapult\n|-crit|p2a: Dragapult\n|-damage|p2a: Dragapult|24\/100\n|-hitcount|p2a: Dragapult|3\n|\n|upkeep\n|turn|16\n|\n|t:|1631421613\n|switch|p1a: Corviknight|Corviknight, F|95\/100\n|-ability|p1a: Corviknight|Pressure\n|move|p2a: Dragapult|Dragon Darts|p1a: Corviknight\n|-resisted|p1a: Corviknight\n|-damage|p1a: Corviknight|83\/100\n|-anim|p2a: Dragapult|Dragon Darts|p1a: Corviknight\n|-resisted|p1a: Corviknight\n|-damage|p1a: Corviknight|70\/100\n|\n|upkeep\n|turn|17\n|\n|t:|1631421624\n|move|p2a: Dragapult|Dragon Darts|p1a: Corviknight\n|-resisted|p1a: Corviknight\n|-damage|p1a: Corviknight|59\/100\n|-anim|p2a: Dragapult|Dragon Darts|p1a: Corviknight\n|-resisted|p1a: Corviknight\n|-damage|p1a: Corviknight|46\/100\n|move|p1a: Corviknight|U-turn|p2a: Dragapult\n|-resisted|p2a: Dragapult\n|-damage|p2a: Dragapult|14\/100\n|c| jigobo|Not Sarcasm said sarcasm..\n|j| KangkongNation3\n|l| KangkongNation3\n|\n|t:|1631421634\n|switch|p1a: Zeraora|Zeraora|88\/100|[from]move: U-turn\n|-damage|p1a: Zeraora|76\/100|[from] Spikes\n|\n|upkeep\n|turn|18\n|\n|t:|1631421642\n|switch|p2a: Enten|Landorus-Therian, M, shiny|100\/100\n|-ability|p2a: Enten|Intimidate|boost\n|-unboost|p1a: Zeraora|atk|1\n|move|p1a: Zeraora|Knock Off|p2a: Enten\n|-damage|p2a: Enten|66\/100\n|-enditem|p2a: Enten|Choice Scarf|[from] move: Knock Off|[of] p1a: Zeraora\n|\n|upkeep\n|turn|19\n|\n|t:|1631421657\n|switch|p1a: Hippowdon|Hippowdon, F|100\/100\n|-damage|p1a: Hippowdon|88\/100|[from] Spikes\n|-weather|Sandstorm|[from] ability: Sand Stream|[of] p1a: Hippowdon\n|move|p2a: Enten|U-turn|p1a: Hippowdon\n|-damage|p1a: Hippowdon|70\/100\n|\n|t:|1631421665\n|switch|p2a: Chaos|Heatran, M, shiny|100\/100|[from]move: U-turn\n|-item|p2a: Chaos|Air Balloon\n|\n|-weather|Sandstorm|[upkeep]\n|-heal|p1a: Hippowdon|76\/100|[from] item: Leftovers\n|upkeep\n|turn|20\n|\n|t:|1631421679\n|switch|p1a: Kyurem|Kyurem|68\/100\n|-damage|p1a: Kyurem|56\/100|[from] Spikes\n|-ability|p1a: Kyurem|Pressure\n|move|p2a: Chaos|Taunt|p1a: Kyurem\n|-start|p1a: Kyurem|move: Taunt\n|\n|-weather|Sandstorm|[upkeep]\n|-damage|p1a: Kyurem|50\/100|[from] Sandstorm\n|upkeep\n|turn|21\n|\n|t:|1631421691\n|move|p1a: Kyurem|Ice Beam|p2a: Chaos\n|-resisted|p2a: Chaos\n|-damage|p2a: Chaos|92\/100\n|-enditem|p2a: Chaos|Air Balloon\n|move|p2a: Chaos|Magma Storm|p1a: Kyurem\n|-damage|p1a: Kyurem|6\/100\n|-activate|p1a: Kyurem|move: Magma Storm|[of] p2a: Chaos\n|\n|-weather|Sandstorm|[upkeep]\n|-damage|p1a: Kyurem|0 fnt|[from] Sandstorm\n|faint|p1a: Kyurem\n|upkeep\n|\n|t:|1631421699\n|switch|p1a: Urshifu|Urshifu-Rapid-Strike, M|34\/100\n|-damage|p1a: Urshifu|21\/100|[from] Spikes\n|turn|22\n|\n|t:|1631421703\n|move|p1a: Urshifu|Surging Strikes|p2a: Chaos\n|-supereffective|p2a: Chaos\n|-crit|p2a: Chaos\n|-damage|p2a: Chaos|40\/100\n|-supereffective|p2a: Chaos\n|-crit|p2a: Chaos\n|-damage|p2a: Chaos|0 fnt\n|faint|p2a: Chaos\n|-hitcount|p2: Chaos|2\n|\n|-weather|Sandstorm|[upkeep]\n|-damage|p1a: Urshifu|15\/100|[from] Sandstorm\n|upkeep\n|\n|t:|1631421717\n|switch|p2a: Dragapult|Dragapult, F|14\/100\n|turn|23\n|\n|t:|1631421722\n|move|p2a: Dragapult|U-turn|p1a: Urshifu\n|-resisted|p1a: Urshifu\n|-damage|p1a: Urshifu|0 fnt\n|faint|p1a: Urshifu\n|\n|t:|1631421729\n|switch|p2a: Weavile|Weavile, F|100\/100|[from]move: U-turn\n|-ability|p2a: Weavile|Pressure\n|\n|-weather|none\n|upkeep\n|\n|t:|1631421742\n|switch|p1a: Zeraora|Zeraora|76\/100\n|-damage|p1a: Zeraora|64\/100|[from] Spikes\n|turn|24\n|\n|t:|1631421749\n|switch|p2a: Enten|Landorus-Therian, M, shiny|66\/100\n|-ability|p2a: Enten|Intimidate|boost\n|-unboost|p1a: Zeraora|atk|1\n|move|p1a: Zeraora|Play Rough|p2a: Enten\n|-damage|p2a: Enten|34\/100\n|\n|upkeep\n|turn|25\n|\n|t:|1631421766\n|move|p1a: Zeraora|Play Rough|p2a: Enten\n|-damage|p2a: Enten|0 fnt\n|faint|p2a: Enten\n|\n|upkeep\n|c|\u2606Not Sarcasm|lucky\n|\n|t:|1631421773\n|switch|p2a: Dragapult|Dragapult, F|14\/100\n|turn|26\n|\n|t:|1631421783\n|move|p2a: Dragapult|Sucker Punch|p1a: Zeraora\n|-damage|p1a: Zeraora|13\/100\n|move|p1a: Zeraora|Play Rough|p2a: Dragapult\n|-supereffective|p2a: Dragapult\n|-damage|p2a: Dragapult|0 fnt\n|faint|p2a: Dragapult\n|\n|upkeep\n|\n|t:|1631421789\n|switch|p2a: Weavile|Weavile, F|100\/100\n|-ability|p2a: Weavile|Pressure\n|turn|27\n|\n|t:|1631421793\n|move|p2a: Weavile|Ice Shard|p1a: Zeraora\n|-damage|p1a: Zeraora|0 fnt\n|faint|p1a: Zeraora\n|-damage|p2a: Weavile|91\/100|[from] item: Life Orb\n|\n|upkeep\n|\n|t:|1631421797\n|switch|p1a: Corviknight|Corviknight, F|46\/100\n|-ability|p1a: Corviknight|Pressure\n|turn|28\n|\n|t:|1631421817\n|move|p2a: Weavile|Triple Axel|p1a: Corviknight\n|-damage|p1a: Corviknight|38\/100\n|-damage|p2a: Weavile|74\/100|[from] item: Rocky Helmet|[of] p1a: Corviknight\n|-damage|p1a: Corviknight|21\/100\n|-damage|p2a: Weavile|58\/100|[from] item: Rocky Helmet|[of] p1a: Corviknight\n|-damage|p1a: Corviknight|0 fnt\n|-damage|p2a: Weavile|41\/100|[from] item: Rocky Helmet|[of] p1a: Corviknight\n|faint|p1a: Corviknight\n|-hitcount|p1: Corviknight|3\n|-damage|p2a: Weavile|31\/100|[from] item: Life Orb\n|\n|upkeep\n|\n|t:|1631421820\n|switch|p1a: Hippowdon|Hippowdon, F|76\/100\n|-damage|p1a: Hippowdon|63\/100|[from] Spikes\n|-weather|Sandstorm|[from] ability: Sand Stream|[of] p1a: Hippowdon\n|turn|29\n|c|\u2606d18l|well i am bad and lucky\n|c|\u2606d18l|gg\n|\n|t:|1631421831\n|move|p2a: Weavile|Triple Axel|p1a: Hippowdon\n|-supereffective|p1a: Hippowdon\n|-damage|p1a: Hippowdon|45\/100\n|-supereffective|p1a: Hippowdon\n|-damage|p1a: Hippowdon|5\/100\n|-supereffective|p1a: Hippowdon\n|-damage|p1a: Hippowdon|0 fnt\n|faint|p1a: Hippowdon\n|-hitcount|p1: Hippowdon|3\n|-damage|p2a: Weavile|21\/100|[from] item: Life Orb\n|\n|win|Not Sarcasm\n|raw|d18l's rating: 1765 &rarr; <strong>1739<\/strong><br \/>(-26 for losing)\n|raw|Not Sarcasm's rating: 1665 &rarr; <strong>1691<\/strong><br \/>(+26 for winning)\n|j| IA538\n","uploadtime":1631421840,"views":47,"p1id":"d18l","p2id":"notsarcasm","formatid":"gen8ou","rating":1691,"private":0,"password":null}