{"id":"gen8unratedrandombattle-1706973539","p1":"tetox06","p2":"Bobbity1275","format":"gen8unratedrandombattle","log":"|j|\u2606tetox06\n|j|\u2606Bobbity1275\n|t:|1668037843\n|gametype|singles\n|player|p1|tetox06|102|\n|player|p2|Bobbity1275|2|\n|teamsize|p1|6\n|teamsize|p2|6\n|gen|8\n|tier|[Gen 8] Unrated Random Battle\n|rule|Species Clause: Limit one of each Pok\u00e9mon\n|rule|HP Percentage Mod: HP is shown in percentages\n|rule|Sleep Clause Mod: Limit one foe put to sleep\n|\n|t:|1668037843\n|start\n|switch|p1a: Rotom|Rotom-Mow, L86|226\/226\n|switch|p2a: Skarmory|Skarmory, L80, M|235\/235\n|turn|1\n|\n|t:|1668037854\n|move|p1a: Rotom|Volt Switch|p2a: Skarmory\n|-supereffective|p2a: Skarmory\n|-damage|p2a: Skarmory|17\/235\n|\n|t:|1668037871\n|switch|p1a: Galvantula|Galvantula, L82, M|249\/249\n|move|p2a: Skarmory|Stealth Rock|p1a: Galvantula\n|-sidestart|p1: tetox06|move: Stealth Rock\n|\n|-heal|p2a: Skarmory|31\/235|[from] item: Leftovers\n|upkeep\n|turn|2\n|\n|t:|1668037889\n|switch|p2a: Ribombee|Ribombee, L82, F|233\/233\n|move|p1a: Galvantula|Thunder|p2a: Ribombee\n|-damage|p2a: Ribombee|110\/233\n|\n|upkeep\n|turn|3\n|\n|t:|1668037908\n|move|p2a: Ribombee|Sticky Web|p1a: Galvantula\n|-sidestart|p1: tetox06|move: Sticky Web\n|move|p1a: Galvantula|Bug Buzz|p2a: Ribombee\n|-resisted|p2a: Ribombee\n|-damage|p2a: Ribombee|53\/233\n|\n|upkeep\n|turn|4\n|\n|t:|1668037923\n|move|p2a: Ribombee|U-turn|p1a: Galvantula\n|-damage|p1a: Galvantula|191\/249\n|\n|t:|1668037925\n|switch|p2a: Dedenne|Dedenne, L87, M|258\/258\n|move|p1a: Galvantula|Thunder|p2a: Dedenne\n|-resisted|p2a: Dedenne\n|-damage|p2a: Dedenne|198\/258\n|\n|upkeep\n|turn|5\n|\n|t:|1668037950\n|move|p2a: Dedenne|Toxic|p1a: Galvantula\n|-status|p1a: Galvantula|tox\n|move|p1a: Galvantula|Bug Buzz|p2a: Dedenne\n|-resisted|p2a: Dedenne\n|-damage|p2a: Dedenne|146\/258\n|\n|-damage|p1a: Galvantula|176\/249 tox|[from] psn\n|upkeep\n|turn|6\n|inactive|Battle timer is ON: inactive players will automatically lose when time's up. (requested by Bobbity1275)\n|\n|t:|1668037977\n|switch|p1a: Mienshao|Mienshao, L82, M|241\/241\n|-damage|p1a: Mienshao|226\/241|[from] Stealth Rock\n|-activate|p1a: Mienshao|move: Sticky Web\n|-unboost|p1a: Mienshao|spe|1\n|move|p2a: Dedenne|Protect||[still]\n|-fail|p2a: Dedenne\n|\n|upkeep\n|turn|7\n|\n|t:|1668038002\n|move|p2a: Dedenne|Protect|p2a: Dedenne\n|-singleturn|p2a: Dedenne|Protect\n|move|p1a: Mienshao|Poison Jab|p2a: Dedenne\n|-activate|p2a: Dedenne|move: Protect\n|\n|upkeep\n|turn|8\n|\n|t:|1668038010\n|switch|p2a: Skarmory|Skarmory, L80, M|31\/235\n|move|p1a: Mienshao|Poison Jab|p2a: Skarmory\n|-immune|p2a: Skarmory\n|\n|-heal|p2a: Skarmory|45\/235|[from] item: Leftovers\n|upkeep\n|turn|9\n|\n|t:|1668038020\n|move|p2a: Skarmory|Brave Bird|p1a: Mienshao\n|-supereffective|p1a: Mienshao\n|-damage|p1a: Mienshao|0 fnt\n|faint|p1a: Mienshao\n|-damage|p2a: Skarmory|0 fnt|[from] Recoil\n|faint|p2a: Skarmory\n|\n|upkeep\n|\n|t:|1668038032\n|switch|p1a: Galvantula|Galvantula, L82, M|176\/249 tox\n|switch|p2a: Dedenne|Dedenne, L87, M|146\/258\n|turn|10\n|\n|t:|1668038044\n|move|p2a: Dedenne|Thunderbolt|p1a: Galvantula\n|-resisted|p1a: Galvantula\n|-damage|p1a: Galvantula|113\/249 tox\n|move|p1a: Galvantula|Thunder|p2a: Dedenne\n|-resisted|p2a: Dedenne\n|-damage|p2a: Dedenne|83\/258\n|-enditem|p2a: Dedenne|Sitrus Berry|[eat]\n|-heal|p2a: Dedenne|147\/258|[from] item: Sitrus Berry\n|-heal|p2a: Dedenne|233\/258|[from] ability: Cheek Pouch\n|\n|-damage|p1a: Galvantula|98\/249 tox|[from] psn\n|upkeep\n|turn|11\n|\n|t:|1668038059\n|move|p2a: Dedenne|Recycle|p2a: Dedenne\n|-item|p2a: Dedenne|Sitrus Berry|[from] move: Recycle\n|move|p1a: Galvantula|Bug Buzz|p2a: Dedenne\n|-resisted|p2a: Dedenne\n|-damage|p2a: Dedenne|179\/258\n|\n|-damage|p1a: Galvantula|68\/249 tox|[from] psn\n|upkeep\n|turn|12\n|inactive|Bobbity1275 has 120 seconds left.\n|\n|t:|1668038093\n|move|p2a: Dedenne|Protect|p2a: Dedenne\n|-singleturn|p2a: Dedenne|Protect\n|move|p1a: Galvantula|Bug Buzz|p2a: Dedenne\n|-activate|p2a: Dedenne|move: Protect\n|\n|-damage|p1a: Galvantula|23\/249 tox|[from] psn\n|upkeep\n|turn|13\n|\n|t:|1668038113\n|move|p2a: Dedenne|Thunderbolt|p1a: Galvantula\n|-resisted|p1a: Galvantula\n|-crit|p1a: Galvantula\n|-damage|p1a: Galvantula|0 fnt\n|faint|p1a: Galvantula\n|\n|upkeep\n|\n|t:|1668038126\n|switch|p1a: Hatterene|Hatterene, L86, F|238\/238\n|-damage|p1a: Hatterene|209\/238|[from] Stealth Rock\n|-activate|p1a: Hatterene|move: Sticky Web\n|-unboost|p1a: Hatterene|spe|1\n|turn|14\n|\n|t:|1668038142\n|move|p2a: Dedenne|Thunderbolt|p1a: Hatterene\n|-damage|p1a: Hatterene|136\/238\n|-status|p1a: Hatterene|par\n|cant|p1a: Hatterene|par\n|\n|-heal|p1a: Hatterene|150\/238 par|[from] item: Leftovers\n|upkeep\n|turn|15\n|\n|t:|1668038154\n|switch|p2a: Chandelure|Chandelure, L82, M|233\/233\n|move|p1a: Hatterene|Psyshock|p2a: Chandelure\n|-damage|p2a: Chandelure|115\/233\n|\n|-heal|p1a: Hatterene|164\/238 par|[from] item: Leftovers\n|upkeep\n|turn|16\n|\n|t:|1668038168\n|move|p2a: Chandelure|Trick|p1a: Hatterene\n|-activate|p2a: Chandelure|move: Trick|[of] p1a: Hatterene\n|-item|p1a: Hatterene|Choice Scarf|[from] move: Trick\n|-item|p2a: Chandelure|Leftovers|[from] move: Trick\n|cant|p1a: Hatterene|par\n|\n|-heal|p2a: Chandelure|129\/233|[from] item: Leftovers\n|upkeep\n|turn|17\n|\n|t:|1668038176\n|move|p2a: Chandelure|Shadow Ball|p1a: Hatterene\n|-supereffective|p1a: Hatterene\n|-damage|p1a: Hatterene|0 fnt\n|faint|p1a: Hatterene\n|\n|-heal|p2a: Chandelure|143\/233|[from] item: Leftovers\n|upkeep\n|\n|t:|1668038186\n|switch|p1a: Corsola|Corsola, L93, M|272\/272\n|-damage|p1a: Corsola|238\/272|[from] Stealth Rock\n|-activate|p1a: Corsola|move: Sticky Web\n|-unboost|p1a: Corsola|spe|1\n|turn|18\n|\n|t:|1668038194\n|move|p2a: Chandelure|Energy Ball|p1a: Corsola\n|-supereffective|p1a: Corsola\n|-damage|p1a: Corsola|0 fnt\n|faint|p1a: Corsola\n|\n|-heal|p2a: Chandelure|157\/233|[from] item: Leftovers\n|upkeep\n|\n|t:|1668038202\n|switch|p1a: Rotom|Rotom-Mow, L86|226\/226\n|-damage|p1a: Rotom|198\/226|[from] Stealth Rock\n|turn|19\n|\n|t:|1668038212\n|switch|p1a: Dracovish|Dracovish, L80|275\/275\n|-damage|p1a: Dracovish|241\/275|[from] Stealth Rock\n|-activate|p1a: Dracovish|move: Sticky Web\n|-unboost|p1a: Dracovish|spe|1\n|move|p2a: Chandelure|Fire Blast|p1a: Dracovish\n|-resisted|p1a: Dracovish\n|-damage|p1a: Dracovish|198\/275\n|\n|-heal|p2a: Chandelure|171\/233|[from] item: Leftovers\n|upkeep\n|turn|20\n|\n|t:|1668038231\n|switch|p2a: Heliolisk|Heliolisk, L82, F|236\/236\n|move|p1a: Dracovish|Fishious Rend|p2a: Heliolisk\n|-immune|p2a: Heliolisk|[from] ability: Dry Skin\n|\n|upkeep\n|turn|21\n|\n|t:|1668038242\n|-start|p1a: Dracovish|Dynamax|\n|-heal|p1a: Dracovish|396\/550|[silent]\n|move|p2a: Heliolisk|Thunderbolt|p1a: Dracovish\n|-damage|p1a: Dracovish|256\/550\n|-damage|p2a: Heliolisk|213\/236|[from] item: Life Orb\n|move|p1a: Dracovish|Max Knuckle|p2a: Heliolisk\n|-supereffective|p2a: Heliolisk\n|-damage|p2a: Heliolisk|21\/236\n|-boost|p1a: Dracovish|atk|1\n|\n|upkeep\n|turn|22\n|\n|t:|1668038257\n|move|p2a: Heliolisk|Glare|p1a: Dracovish\n|-status|p1a: Dracovish|par\n|move|p1a: Dracovish|Max Hailstorm|p2a: Heliolisk\n|-damage|p2a: Heliolisk|0 fnt\n|-weather|Hail\n|faint|p2a: Heliolisk\n|\n|-weather|Hail|[upkeep]\n|-damage|p1a: Dracovish|239\/550 par|[from] Hail\n|upkeep\n|\n|t:|1668038279\n|switch|p2a: Marshadow|Marshadow, L70|242\/242\n|turn|23\n|\n|t:|1668038287\n|move|p2a: Marshadow|Spectral Thief||[still]\n|-clearpositiveboost|p1a: Dracovish|p2a: Marshadow|move: Spectral Thief\n|-boost|p2a: Marshadow|atk|1\n|-anim|p2a: Marshadow|Spectral Thief|p1a: Dracovish\n|-damage|p1a: Dracovish|78\/550 par\n|-damage|p2a: Marshadow|218\/242|[from] item: Life Orb\n|move|p1a: Dracovish|Max Geyser|p2a: Marshadow\n|-damage|p2a: Marshadow|55\/242\n|-weather|RainDance\n|\n|-weather|RainDance|[upkeep]\n|upkeep\n|-end|p1a: Dracovish|Dynamax\n|-heal|p1a: Dracovish|39\/275 par|[silent]\n|turn|24\n|\n|t:|1668038304\n|switch|p1a: Rotom|Rotom-Mow, L86|198\/226\n|-damage|p1a: Rotom|170\/226|[from] Stealth Rock\n|move|p2a: Marshadow|Spectral Thief|p1a: Rotom\n|-damage|p1a: Rotom|30\/226\n|-damage|p2a: Marshadow|31\/242|[from] item: Life Orb\n|\n|-weather|RainDance|[upkeep]\n|-heal|p1a: Rotom|44\/226|[from] item: Leftovers\n|upkeep\n|turn|25\n|\n|t:|1668038320\n|move|p2a: Marshadow|Ice Punch|p1a: Rotom\n|-supereffective|p1a: Rotom\n|-damage|p1a: Rotom|0 fnt\n|faint|p1a: Rotom\n|-damage|p2a: Marshadow|7\/242|[from] item: Life Orb\n|\n|-weather|RainDance|[upkeep]\n|upkeep\n|\n|t:|1668038328\n|switch|p1a: Dracovish|Dracovish, L80|39\/275 par\n|-damage|p1a: Dracovish|5\/275 par|[from] Stealth Rock\n|-activate|p1a: Dracovish|move: Sticky Web\n|-unboost|p1a: Dracovish|spe|1\n|turn|26\n|c|\u2606Bobbity1275|gg wp\n|\n|t:|1668038337\n|move|p2a: Marshadow|Spectral Thief|p1a: Dracovish\n|-damage|p1a: Dracovish|0 fnt\n|faint|p1a: Dracovish\n|-damage|p2a: Marshadow|0 fnt|[from] item: Life Orb\n|faint|p2a: Marshadow\n|\n|win|Bobbity1275\n","inputlog":">version 453a3ad56483cc6a5c08448f6577d394b68621b7\n>start {\"formatid\":\"gen8unratedrandombattle\",\"seed\":[58138,41199,8937,3087]}\n>player p1 {\"name\":\"tetox06\",\"avatar\":\"102\",\"rating\":0,\"seed\":[44281,30953,47951,51836]}\n>player p2 {\"name\":\"Bobbity1275\",\"avatar\":\"2\",\"rating\":0,\"seed\":[23133,36664,63584,60078]}\n>p1 move voltswitch\n>p2 move stealthrock\n>p1 switch 4\n>p1 move thunder\n>p2 switch 4\n>p1 move bugbuzz\n>p2 move stickyweb\n>p1 move thunder\n>p2 move uturn\n>p2 switch 2\n>p1 move bugbuzz\n>p2 move toxic\n>p1 switch 6\n>p2 move protect\n>p1 move poisonjab\n>p2 move protect\n>p1 move poisonjab\n>p2 switch 4\n>p1 move closecombat\n>p2 move bravebird\n>p1 switch 6\n>p2 switch 4\n>p1 move thunder\n>p2 move thunderbolt\n>p1 move bugbuzz\n>p2 move recycle\n>p1 move bugbuzz\n>p2 move protect\n>p1 move bugbuzz\n>p2 move thunderbolt\n>p1 switch 5\n>p1 move psyshock\n>p2 move thunderbolt\n>p1 move psyshock\n>p2 switch 3\n>p1 move psyshock\n>p2 move trick\n>p1 move psyshock\n>p2 move shadowball\n>p1 switch 3\n>p1 move scald\n>p2 move energyball\n>p1 switch 4\n>p1 switch 2\n>p2 move fireblast\n>p1 move fishiousrend\n>p2 switch 6\n>p1 move lowkick dynamax\n>p2 move thunderbolt\n>p1 move icefang dynamax\n>p2 move glare\n>p2 switch 5\n>p1 move fishiousrend dynamax\n>p2 move spectralthief\n>p1 switch 2\n>p2 move spectralthief\n>p1 move leafstorm\n>p2 move icepunch\n>p1 switch 2\n>chat \u2606Bobbity1275|gg wp\n>p1 move crunch\n>p2 move spectralthief","uploadtime":1668038341,"views":2,"p1id":"tetox06","p2id":"bobbity1275","formatid":"gen8unratedrandombattle","rating":0,"private":0,"password":null}