{"id":"gen8nationaldex-1603062632","p1":"LECH24","p2":"yung_iznamakin","format":"gen8nationaldex","log":"|j|\u2606LECH24\n|j|\u2606yung_iznamakin\n|t:|1656050362\n|gametype|singles\n|player|p1|LECH24|266|1613\n|player|p2|yung_iznamakin|chase|1569\n|teamsize|p1|6\n|teamsize|p2|6\n|gen|8\n|tier|[Gen 8] National Dex\n|rated|\n|rule|HP Percentage Mod: HP is shown in percentages\n|rule|Endless Battle Clause: Forcing endless battles is banned\n|rule|OHKO Clause: OHKO moves are banned\n|rule|Evasion Moves Clause: Evasion moves are banned\n|rule|Species Clause: Limit one of each Pok\u00e9mon\n|rule|Dynamax Clause: You cannot dynamax\n|rule|Sleep Clause Mod: Limit one foe put to sleep\n|clearpoke\n|poke|p1|Houndoom, M|\n|poke|p1|Tapu Lele|\n|poke|p1|Volcarona, F|\n|poke|p1|Heatran, M|\n|poke|p1|Toxapex, F|\n|poke|p1|Gliscor, F|\n|poke|p2|Pikachu, M|\n|poke|p2|Greninja, M|\n|poke|p2|Hawlucha, M|\n|poke|p2|Noivern, M|\n|poke|p2|Talonflame, M|\n|poke|p2|Goodra, F|\n|teampreview\n|inactive|Battle timer is ON: inactive players will automatically lose when time's up. (requested by yung_iznamakin)\n|\n|t:|1656050384\n|start\n|switch|p1a: Gliscor|Gliscor, F|100\/100\n|switch|p2a: Greninja|Greninja, M|100\/100\n|turn|1\n|\n|t:|1656050388\n|switch|p1a: Toxapex|Toxapex, F|100\/100\n|move|p2a: Greninja|U-turn|p1a: Toxapex\n|-start|p2a: Greninja|typechange|Bug|[from] ability: Protean\n|-resisted|p1a: Toxapex\n|-damage|p1a: Toxapex|94\/100\n|-damage|p2a: Greninja|84\/100|[from] item: Rocky Helmet|[of] p1a: Toxapex\n|\n|t:|1656050391\n|switch|p2a: Pikachu|Pikachu, M|100\/100|[from]move: U-turn\n|\n|upkeep\n|turn|2\n|\n|t:|1656050395\n|switch|p1a: Heatran|Heatran, M|100\/100\n|move|p2a: Pikachu|Nasty Plot|p2a: Pikachu\n|-boost|p2a: Pikachu|spa|2\n|\n|upkeep\n|turn|3\n|\n|t:|1656050401\n|move|p2a: Pikachu|Volt Switch|p1a: Heatran\n|-damage|p1a: Heatran|43\/100\n|\n|t:|1656050415\n|switch|p2a: Talonflame|Talonflame, M|100\/100|[from]move: Volt Switch\n|move|p1a: Heatran|Magma Storm|p2a: Talonflame\n|-resisted|p2a: Talonflame\n|-damage|p2a: Talonflame|67\/100\n|-activate|p2a: Talonflame|move: Magma Storm|[of] p1a: Heatran\n|\n|-heal|p1a: Heatran|49\/100|[from] item: Leftovers\n|-damage|p2a: Talonflame|55\/100|[from] move: Magma Storm|[partiallytrapped]\n|upkeep\n|turn|4\n|\n|t:|1656050420\n|switch|p1a: Gliscor|Gliscor, F|100\/100\n|move|p2a: Talonflame|Swords Dance|p2a: Talonflame\n|-boost|p2a: Talonflame|atk|2\n|\n|-end|p2a: Talonflame|Magma Storm|[partiallytrapped]|[silent]\n|-status|p1a: Gliscor|tox|[from] item: Toxic Orb\n|upkeep\n|turn|5\n|\n|t:|1656050427\n|move|p2a: Talonflame|Roost|p2a: Talonflame\n|-heal|p2a: Talonflame|100\/100\n|-singleturn|p2a: Talonflame|move: Roost\n|move|p1a: Gliscor|Stealth Rock|p2a: Talonflame\n|-sidestart|p2: yung_iznamakin|move: Stealth Rock\n|\n|upkeep\n|turn|6\n|\n|t:|1656050435\n|switch|p1a: Toxapex|Toxapex, F|100\/100\n|move|p2a: Talonflame|Swords Dance|p2a: Talonflame\n|-boost|p2a: Talonflame|atk|2\n|\n|upkeep\n|turn|7\n|\n|t:|1656050442\n|switch|p1a: Heatran|Heatran, M|49\/100\n|move|p2a: Talonflame|Brave Bird|p1a: Heatran\n|-resisted|p1a: Heatran\n|-damage|p1a: Heatran|0 fnt\n|faint|p1a: Heatran\n|-damage|p2a: Talonflame|80\/100|[from] Recoil\n|\n|upkeep\n|\n|t:|1656050445\n|switch|p1a: Tapu Lele|Tapu Lele|100\/100\n|-fieldstart|move: Psychic Terrain|[from] ability: Psychic Surge|[of] p1a: Tapu Lele\n|turn|8\n|\n|t:|1656050454\n|move|p1a: Tapu Lele|Psychic|p2a: Talonflame\n|-damage|p2a: Talonflame|0 fnt\n|faint|p2a: Talonflame\n|\n|upkeep\n|\n|t:|1656050458\n|switch|p2a: Greninja|Greninja, M|84\/100\n|-damage|p2a: Greninja|72\/100|[from] Stealth Rock\n|turn|9\n|\n|t:|1656050462\n|switch|p1a: Toxapex|Toxapex, F|100\/100\n|move|p2a: Greninja|Extrasensory|p1a: Toxapex\n|-start|p2a: Greninja|typechange|Psychic|[from] ability: Protean\n|-supereffective|p1a: Toxapex\n|-damage|p1a: Toxapex|0 fnt\n|faint|p1a: Toxapex\n|\n|upkeep\n|\n|t:|1656050474\n|switch|p1a: Tapu Lele|Tapu Lele|100\/100\n|turn|10\n|\n|t:|1656050476\n|switch|p2a: Goodra|Goodra, F|100\/100\n|-damage|p2a: Goodra|88\/100|[from] Stealth Rock\n|move|p1a: Tapu Lele|Moonblast|p2a: Goodra\n|-supereffective|p2a: Goodra\n|-damage|p2a: Goodra|48\/100\n|\n|upkeep\n|turn|11\n|\n|t:|1656050490\n|switch|p1a: Volcarona|Volcarona, F|100\/100\n|move|p2a: Goodra|Sludge Bomb|p1a: Volcarona\n|-damage|p1a: Volcarona|79\/100\n|\n|upkeep\n|turn|12\n|\n|t:|1656050501\n|switch|p2a: Noivern|Noivern, M|100\/100\n|-damage|p2a: Noivern|76\/100|[from] Stealth Rock\n|move|p1a: Volcarona|Quiver Dance|p1a: Volcarona\n|-boost|p1a: Volcarona|spa|1\n|-boost|p1a: Volcarona|spd|1\n|-boost|p1a: Volcarona|spe|1\n|\n|-fieldend|move: Psychic Terrain\n|upkeep\n|turn|13\n|\n|t:|1656050505\n|move|p1a: Volcarona|Quiver Dance|p1a: Volcarona\n|-boost|p1a: Volcarona|spa|1\n|-boost|p1a: Volcarona|spd|1\n|-boost|p1a: Volcarona|spe|1\n|move|p2a: Noivern|Hurricane|p1a: Volcarona|[miss]\n|-miss|p2a: Noivern|p1a: Volcarona\n|\n|upkeep\n|turn|14\n|\n|t:|1656050507\n|move|p1a: Volcarona|Quiver Dance|p1a: Volcarona\n|-boost|p1a: Volcarona|spa|1\n|-boost|p1a: Volcarona|spd|1\n|-boost|p1a: Volcarona|spe|1\n|move|p2a: Noivern|Hurricane|p1a: Volcarona\n|-supereffective|p1a: Volcarona\n|-damage|p1a: Volcarona|16\/100\n|\n|upkeep\n|turn|15\n|\n|t:|1656050510\n|move|p1a: Volcarona|Flamethrower|p2a: Noivern\n|-resisted|p2a: Noivern\n|-damage|p2a: Noivern|0 fnt\n|faint|p2a: Noivern\n|\n|upkeep\n|-message|yung_iznamakin forfeited.\n|\n|win|LECH24\n|raw|LECH24's rating: 1613 &rarr; <strong>1630<\/strong><br \/>(+17 for winning)\n|raw|yung_iznamakin's rating: 1569 &rarr; <strong>1552<\/strong><br \/>(-17 for losing)\n","uploadtime":1656050801,"views":7,"p1id":"lech24","p2id":"yungiznamakin","formatid":"gen8nationaldex","rating":1552,"private":0,"password":null}