{"id":"gen8randombattle-1665147113","p1":"k.jnalfa","p2":"Dindon Ductile","format":"gen8randombattle","log":"|j|\u2606k.jnalfa\n|j|\u2606Dindon Ductile\n|t:|1663268435\n|gametype|singles\n|player|p1|k.jnalfa|265|1110\n|player|p2|Dindon Ductile|169|1067\n|teamsize|p1|6\n|teamsize|p2|6\n|gen|8\n|tier|[Gen 8] Random Battle\n|rated|\n|rule|Species Clause: Limit one of each Pok\u00e9mon\n|rule|HP Percentage Mod: HP is shown in percentages\n|rule|Sleep Clause Mod: Limit one foe put to sleep\n|\n|t:|1663268435\n|start\n|switch|p1a: Zapdos|Zapdos-Galar, L76|262\/262\n|switch|p2a: Vikavolt|Vikavolt, L82, F|260\/260\n|turn|1\n|\n|t:|1663268460\n|switch|p1a: Dialga|Dialga, L74|270\/270\n|-ability|p1a: Dialga|Pressure\n|switch|p2a: Raikou|Raikou, L80|275\/275\n|-ability|p2a: Raikou|Pressure\n|\n|upkeep\n|turn|2\n|\n|t:|1663268474\n|move|p2a: Raikou|Calm Mind|p2a: Raikou\n|-boost|p2a: Raikou|spa|1\n|-boost|p2a: Raikou|spd|1\n|move|p1a: Dialga|Draco Meteor|p2a: Raikou\n|-damage|p2a: Raikou|176\/275\n|-unboost|p1a: Dialga|spa|2\n|\n|upkeep\n|turn|3\n|inactive|Battle timer is ON: inactive players will automatically lose when time's up. (requested by k.jnalfa)\n|\n|t:|1663268481\n|move|p2a: Raikou|Calm Mind|p2a: Raikou\n|-boost|p2a: Raikou|spa|1\n|-boost|p2a: Raikou|spd|1\n|move|p1a: Dialga|Toxic|p2a: Raikou\n|-status|p2a: Raikou|tox\n|\n|-damage|p2a: Raikou|159\/275 tox|[from] psn\n|upkeep\n|turn|4\n|\n|t:|1663268501\n|switch|p1a: Moltres|Moltres, L80|275\/275\n|-start|p2a: Raikou|Dynamax|\n|-heal|p2a: Raikou|318\/550 tox|[silent]\n|move|p2a: Raikou|Max Knuckle|p1a: Moltres\n|-resisted|p1a: Moltres\n|-damage|p1a: Moltres|181\/275\n|-boost|p2a: Raikou|atk|1\n|-damage|p2a: Raikou|291\/550 tox|[from] item: Life Orb\n|\n|-damage|p2a: Raikou|257\/550 tox|[from] psn\n|upkeep\n|turn|5\n|\n|t:|1663268513\n|switch|p1a: Dialga|Dialga, L74|270\/270\n|-ability|p1a: Dialga|Pressure\n|move|p2a: Raikou|Max Lightning|p1a: Dialga\n|-resisted|p1a: Dialga\n|-damage|p1a: Dialga|82\/270\n|-fieldstart|move: Electric Terrain\n|-damage|p2a: Raikou|230\/550 tox|[from] item: Life Orb\n|\n|-heal|p1a: Dialga|98\/270|[from] item: Leftovers\n|-damage|p2a: Raikou|179\/550 tox|[from] psn\n|upkeep\n|turn|6\n|\n|t:|1663268532\n|move|p2a: Raikou|Max Geyser|p1a: Dialga\n|-resisted|p1a: Dialga\n|-damage|p1a: Dialga|0 fnt\n|-weather|RainDance\n|faint|p1a: Dialga\n|-damage|p2a: Raikou|152\/550 tox|[from] item: Life Orb\n|\n|-weather|RainDance|[upkeep]\n|-damage|p2a: Raikou|84\/550 tox|[from] psn\n|upkeep\n|\n|t:|1663268541\n|switch|p1a: Toxtricity|Toxtricity-Low-Key, L82, F|257\/257\n|-end|p2a: Raikou|Dynamax\n|-heal|p2a: Raikou|42\/275 tox|[silent]\n|turn|7\n|\n|t:|1663268548\n|move|p1a: Toxtricity|Boomburst|p2a: Raikou\n|-damage|p2a: Raikou|0 fnt\n|faint|p2a: Raikou\n|\n|-weather|RainDance|[upkeep]\n|upkeep\n|\n|t:|1663268558\n|switch|p2a: Amoonguss|Amoonguss, L84, F|329\/329\n|turn|8\n|\n|t:|1663268568\n|switch|p1a: Moltres|Moltres, L80|181\/275\n|move|p2a: Amoonguss|Spore|p1a: Moltres\n|-status|p1a: Moltres|slp|[from] move: Spore\n|\n|-weather|RainDance|[upkeep]\n|upkeep\n|turn|9\n|\n|t:|1663268578\n|switch|p1a: Toxtricity|Toxtricity-Low-Key, L82, F|257\/257\n|switch|p2a: Vikavolt|Vikavolt, L82, F|260\/260\n|\n|-weather|RainDance|[upkeep]\n|-fieldend|move: Electric Terrain\n|upkeep\n|turn|10\n|\n|t:|1663268604\n|move|p1a: Toxtricity|Boomburst|p2a: Vikavolt\n|-damage|p2a: Vikavolt|94\/260\n|move|p2a: Vikavolt|Thunderbolt|p1a: Toxtricity\n|-resisted|p1a: Toxtricity\n|-damage|p1a: Toxtricity|176\/257\n|\n|-weather|none\n|upkeep\n|turn|11\n|\n|t:|1663268617\n|move|p1a: Toxtricity|Boomburst|p2a: Vikavolt\n|-damage|p2a: Vikavolt|0 fnt\n|faint|p2a: Vikavolt\n|\n|upkeep\n|\n|t:|1663268621\n|switch|p2a: Celebi|Celebi, L82|298\/298\n|turn|12\n|\n|t:|1663268630\n|switch|p1a: Aggron|Aggron, L85, F|258\/258\n|-item|p1a: Aggron|Air Balloon\n|move|p2a: Celebi|Psychic|p1a: Aggron\n|-resisted|p1a: Aggron\n|-damage|p1a: Aggron|193\/258\n|-enditem|p1a: Aggron|Air Balloon\n|\n|upkeep\n|turn|13\n|\n|t:|1663268637\n|move|p2a: Celebi|Earth Power|p1a: Aggron\n|-supereffective|p1a: Aggron\n|-damage|p1a: Aggron|0 fnt\n|faint|p1a: Aggron\n|\n|upkeep\n|\n|t:|1663268643\n|switch|p1a: Zapdos|Zapdos-Galar, L76|262\/262\n|turn|14\n|inactive|Dindon Ductile has 120 seconds left.\n|\n|t:|1663268675\n|-start|p1a: Zapdos|Dynamax|\n|-heal|p1a: Zapdos|524\/524|[silent]\n|move|p2a: Celebi|Psychic|p1a: Zapdos\n|-supereffective|p1a: Zapdos\n|-damage|p1a: Zapdos|338\/524\n|move|p1a: Zapdos|Max Airstream|p2a: Celebi\n|-supereffective|p2a: Celebi\n|-damage|p2a: Celebi|0 fnt\n|-boost|p1a: Zapdos|spe|1\n|faint|p2a: Celebi\n|-damage|p1a: Zapdos|312\/524|[from] item: Life Orb\n|\n|upkeep\n|inactive|Dindon Ductile has 120 seconds left.\n|\n|t:|1663268690\n|switch|p2a: Kyurem|Kyurem-White, L74|307\/307\n|-ability|p2a: Kyurem|Turboblaze\n|turn|15\n|inactive|Dindon Ductile has 120 seconds left.\n|\n|t:|1663268696\n|switch|p2a: Amoonguss|Amoonguss, L84, F|329\/329\n|move|p1a: Zapdos|Max Knuckle|p2a: Amoonguss\n|-resisted|p2a: Amoonguss\n|-damage|p2a: Amoonguss|248\/329\n|-boost|p1a: Zapdos|atk|1\n|-damage|p1a: Zapdos|286\/524|[from] item: Life Orb\n|\n|-heal|p2a: Amoonguss|268\/329|[from] item: Black Sludge\n|upkeep\n|turn|16\n|inactive|Dindon Ductile has 120 seconds left.\n|\n|t:|1663268707\n|switch|p2a: Dubwool|Dubwool, L86, F|264\/264\n|move|p1a: Zapdos|Max Airstream|p2a: Dubwool\n|-damage|p2a: Dubwool|9\/264\n|-boost|p1a: Zapdos|spe|1\n|-damage|p1a: Zapdos|260\/524|[from] item: Life Orb\n|\n|-heal|p2a: Dubwool|25\/264|[from] item: Leftovers\n|upkeep\n|-end|p1a: Zapdos|Dynamax\n|-heal|p1a: Zapdos|130\/262|[silent]\n|turn|17\n|\n|t:|1663268725\n|move|p1a: Zapdos|Bulk Up|p1a: Zapdos\n|-boost|p1a: Zapdos|atk|1\n|-boost|p1a: Zapdos|def|1\n|move|p2a: Dubwool|Rest|p2a: Dubwool\n|-status|p2a: Dubwool|slp|[from] move: Rest\n|-heal|p2a: Dubwool|264\/264 slp|[silent]\n|\n|upkeep\n|turn|18\n|\n|t:|1663268729\n|move|p1a: Zapdos|Close Combat|p2a: Dubwool\n|-supereffective|p2a: Dubwool\n|-damage|p2a: Dubwool|0 fnt\n|-unboost|p1a: Zapdos|def|1\n|-unboost|p1a: Zapdos|spd|1\n|faint|p2a: Dubwool\n|-damage|p1a: Zapdos|104\/262|[from] item: Life Orb\n|\n|upkeep\n|\n|t:|1663268732\n|switch|p2a: Kyurem|Kyurem-White, L74|307\/307\n|-ability|p2a: Kyurem|Turboblaze\n|turn|19\n|\n|t:|1663268738\n|move|p1a: Zapdos|Close Combat|p2a: Kyurem\n|-supereffective|p2a: Kyurem\n|-damage|p2a: Kyurem|0 fnt\n|-unboost|p1a: Zapdos|def|1\n|-unboost|p1a: Zapdos|spd|1\n|faint|p2a: Kyurem\n|-damage|p1a: Zapdos|78\/262|[from] item: Life Orb\n|\n|upkeep\n|-message|Dindon Ductile forfeited.\n|\n|win|k.jnalfa\n|raw|k.jnalfa's rating: 1110 &rarr; <strong>1132<\/strong><br \/>(+22 for winning)\n|raw|Dindon Ductile's rating: 1067 &rarr; <strong>1049<\/strong><br \/>(-18 for losing)\n|l|\u2606Dindon Ductile\n||Ladder isn't responding, score probably updated but might not have (Request timeout).\n","inputlog":">version 5c6abb95de7955ef65e8c44f22370ca3210c1360\n>start {\"formatid\":\"gen8randombattle\",\"seed\":[51986,45498,5133,60942],\"rated\":\"Rated battle\"}\n>player p1 {\"name\":\"k.jnalfa\",\"avatar\":\"265\",\"rating\":1110,\"seed\":[54700,20740,57944,11599]}\n>player p2 {\"name\":\"Dindon Ductile\",\"avatar\":\"169\",\"rating\":1067,\"seed\":[47373,50263,11118,44974]}\n>p1 switch 4\n>p2 switch 2\n>p1 move dracometeor\n>p2 move calmmind\n>p1 move toxic\n>p2 move calmmind\n>p1 switch 2\n>p2 move aurasphere dynamax\n>p1 switch 2\n>p2 move thunderbolt dynamax\n>p1 move dracometeor\n>p2 move scald dynamax\n>p1 switch 3\n>p1 move boomburst\n>p2 move scald\n>p2 switch 5\n>p1 switch 2\n>p2 move spore\n>p1 switch 2\n>p2 switch 2\n>p1 move boomburst\n>p2 move thunderbolt\n>p1 move boomburst\n>p2 move stickyweb\n>p2 switch 4\n>p1 switch 6\n>p2 move psychic\n>p1 move rockpolish\n>p2 move earthpower\n>p1 switch 4\n>p1 move bravebird dynamax\n>p2 move psychic\n>p2 switch 3\n>p1 move closecombat dynamax\n>p2 switch 2\n>p1 move bravebird dynamax\n>p2 switch 6\n>p1 move bulkup\n>p2 move rest\n>p1 move closecombat\n>p2 move sleeptalk\n>p2 switch 2\n>p1 move closecombat\n>p2 move freezedry\n>forcelose p2","uploadtime":1663268745,"views":3,"p1id":"kjnalfa","p2id":"dindonductile","formatid":"gen8randombattle","rating":1049,"private":0,"password":null}