{"id":"gen8nationaldex-1419401624","p1":"Benjamin Gilbert","p2":"SaikoMod","format":"gen8nationaldex","log":"|j|\u2606Benjamin Gilbert\n|j|\u2606SaikoMod\n|inactive|Battle timer is ON: inactive players will automatically lose when time's up.\n|t:|1631993087\n|gametype|singles\n|player|p1|Benjamin Gilbert|xerosic|\n|player|p2|SaikoMod|richboy-gen4|\n|teamsize|p1|6\n|teamsize|p2|6\n|gen|8\n|tier|[Gen 8] National Dex\n|rated|Tournament battle\n|rule|HP Percentage Mod: HP is shown in percentages\n|rule|Endless Battle Clause: Forcing endless battles is banned\n|rule|OHKO Clause: OHKO moves are banned\n|rule|Evasion Moves Clause: Evasion moves are banned\n|rule|Species Clause: Limit one of each Pok\u00e9mon\n|rule|Dynamax Clause: You cannot dynamax\n|rule|Sleep Clause Mod: Limit one foe put to sleep\n|clearpoke\n|poke|p1|Regieleki|\n|poke|p1|Toxapex, F|\n|poke|p1|Zapdos-Galar|\n|poke|p1|Diancie|\n|poke|p1|Ferrothorn, F|\n|poke|p1|Mamoswine, M|\n|poke|p2|Pelipper, F|\n|poke|p2|Ferrothorn, F|\n|poke|p2|Jirachi|\n|poke|p2|Blastoise, M|\n|poke|p2|Blaziken, M|\n|poke|p2|Umbreon, F|\n|teampreview\n|j| Kuhrrohsion\n|j| derpyboi\n|j| BoomDragoon\n|j| whole lotta agents\n|j| TheRainQueen\n|j| cyanlikethecolor\n|c| Kuhrrohsion|blazi\n|c| Kuhrrohsion|on rain?\n|c| Kuhrrohsion|bold\n|inactive|SaikoMod has 120 seconds left.\n|c| whole lotta agents|its aqua jet blazEeken\n|c| derpyboi|>rain\n|c| derpyboi|you see a pelipper and blastoise\n|c| whole lotta agents|>pain\n|c| derpyboi|and then nothing else\n|\n|t:|1631993135\n|start\n|switch|p1a: ELECTRO KID|Regieleki, shiny|100\/100\n|switch|p2a: Pelipper|Pelipper, F|100\/100\n|-weather|RainDance|[from] ability: Drizzle|[of] p2a: Pelipper\n|turn|1\n|\n|t:|1631993146\n|switch|p2a: Ferrothorn|Ferrothorn, F|100\/100\n|move|p1a: ELECTRO KID|Thunder Cage|p2a: Ferrothorn\n|-resisted|p2a: Ferrothorn\n|-damage|p2a: Ferrothorn|82\/100\n|-activate|p2a: Ferrothorn|move: Thunder Cage|[of] p1a: ELECTRO KID\n|\n|-weather|RainDance|[upkeep]\n|-damage|p2a: Ferrothorn|69\/100|[from] move: Thunder Cage|[partiallytrapped]\n|upkeep\n|turn|2\n|\n|t:|1631993156\n|move|p1a: ELECTRO KID|Substitute|p1a: ELECTRO KID\n|-start|p1a: ELECTRO KID|Substitute\n|-damage|p1a: ELECTRO KID|76\/100\n|move|p2a: Ferrothorn|Leech Seed||[still]\n|-fail|p2a: Ferrothorn\n|\n|-weather|RainDance|[upkeep]\n|-heal|p1a: ELECTRO KID|82\/100|[from] item: Leftovers\n|-damage|p2a: Ferrothorn|57\/100|[from] move: Thunder Cage|[partiallytrapped]\n|upkeep\n|turn|3\n|\n|t:|1631993166\n|move|p1a: ELECTRO KID|Protect|p1a: ELECTRO KID\n|-singleturn|p1a: ELECTRO KID|Protect\n|move|p2a: Ferrothorn|Iron Head|p1a: ELECTRO KID\n|-activate|p1a: ELECTRO KID|move: Protect\n|\n|-weather|RainDance|[upkeep]\n|-heal|p1a: ELECTRO KID|88\/100|[from] item: Leftovers\n|-damage|p2a: Ferrothorn|44\/100|[from] move: Thunder Cage|[partiallytrapped]\n|upkeep\n|turn|4\n|\n|t:|1631993169\n|move|p1a: ELECTRO KID|Thunder Cage|p2a: Ferrothorn\n|-resisted|p2a: Ferrothorn\n|-damage|p2a: Ferrothorn|28\/100\n|move|p2a: Ferrothorn|Iron Head|p1a: ELECTRO KID\n|-resisted|p1a: ELECTRO KID\n|-activate|p1a: ELECTRO KID|move: Substitute|[damage]\n|\n|-weather|RainDance|[upkeep]\n|-heal|p1a: ELECTRO KID|94\/100|[from] item: Leftovers\n|-damage|p2a: Ferrothorn|15\/100|[from] move: Thunder Cage|[partiallytrapped]\n|upkeep\n|turn|5\n|\n|t:|1631993182\n|move|p1a: ELECTRO KID|Thunder Cage|p2a: Ferrothorn\n|-resisted|p2a: Ferrothorn\n|-damage|p2a: Ferrothorn|0 fnt\n|faint|p2a: Ferrothorn\n|\n|-weather|none\n|-heal|p1a: ELECTRO KID|99\/100|[from] item: Leftovers\n|upkeep\n|\n|t:|1631993186\n|switch|p2a: Blaziken|Blaziken, M|100\/100\n|turn|6\n|c| TheRainQueen|Wild eleki set\n|\n|t:|1631993193\n|move|p1a: ELECTRO KID|Thunder Cage|p2a: Blaziken\n|-damage|p2a: Blaziken|34\/100\n|-activate|p2a: Blaziken|move: Thunder Cage|[of] p1a: ELECTRO KID\n|move|p2a: Blaziken|Flare Blitz|p1a: ELECTRO KID\n|-end|p1a: ELECTRO KID|Substitute\n|-damage|p2a: Blaziken|32\/100|[from] Recoil|[of] p1a: ELECTRO KID\n|-damage|p2a: Blaziken|22\/100|[from] item: Life Orb\n|\n|-heal|p1a: ELECTRO KID|100\/100|[from] item: Leftovers\n|-damage|p2a: Blaziken|10\/100|[from] move: Thunder Cage|[partiallytrapped]\n|-ability|p2a: Blaziken|Speed Boost|boost\n|-boost|p2a: Blaziken|spe|1\n|upkeep\n|turn|7\n|\n|t:|1631993205\n|move|p1a: ELECTRO KID|Protect|p1a: ELECTRO KID\n|-singleturn|p1a: ELECTRO KID|Protect\n|move|p2a: Blaziken|Flare Blitz|p1a: ELECTRO KID\n|-activate|p1a: ELECTRO KID|move: Protect\n|\n|-damage|p2a: Blaziken|0 fnt|[from] move: Thunder Cage|[partiallytrapped]\n|faint|p2a: Blaziken\n|upkeep\n|\n|t:|1631993209\n|switch|p2a: Jirachi|Jirachi, shiny|100\/100\n|turn|8\n|l| TheRainQueen\n|\n|t:|1631993218\n|move|p1a: ELECTRO KID|Thunder Cage|p2a: Jirachi\n|-damage|p2a: Jirachi|61\/100\n|-activate|p2a: Jirachi|move: Thunder Cage|[of] p1a: ELECTRO KID\n|-zpower|p2a: Jirachi\n|move|p2a: Jirachi|Z-Happy Hour|p2a: Jirachi|[anim]Happy Hour\n|-boost|p2a: Jirachi|atk|1|[zeffect]\n|-boost|p2a: Jirachi|def|1|[zeffect]\n|-boost|p2a: Jirachi|spa|1|[zeffect]\n|-boost|p2a: Jirachi|spd|1|[zeffect]\n|-boost|p2a: Jirachi|spe|1|[zeffect]\n|\n|-damage|p2a: Jirachi|48\/100|[from] move: Thunder Cage|[partiallytrapped]\n|upkeep\n|turn|9\n|\n|t:|1631993226\n|move|p1a: ELECTRO KID|Protect|p1a: ELECTRO KID\n|-singleturn|p1a: ELECTRO KID|Protect\n|move|p2a: Jirachi|Iron Head|p1a: ELECTRO KID\n|-activate|p1a: ELECTRO KID|move: Protect\n|\n|-damage|p2a: Jirachi|36\/100|[from] move: Thunder Cage|[partiallytrapped]\n|upkeep\n|turn|10\n|\n|t:|1631993229\n|move|p1a: ELECTRO KID|Substitute|p1a: ELECTRO KID\n|-start|p1a: ELECTRO KID|Substitute\n|-damage|p1a: ELECTRO KID|76\/100\n|move|p2a: Jirachi|Iron Head|p1a: ELECTRO KID\n|-resisted|p1a: ELECTRO KID\n|-end|p1a: ELECTRO KID|Substitute\n|\n|-heal|p1a: ELECTRO KID|82\/100|[from] item: Leftovers\n|-damage|p2a: Jirachi|24\/100|[from] move: Thunder Cage|[partiallytrapped]\n|upkeep\n|turn|11\n|j| Dinosaur Derek\n|\n|t:|1631993233\n|move|p1a: ELECTRO KID|Protect|p1a: ELECTRO KID\n|-singleturn|p1a: ELECTRO KID|Protect\n|move|p2a: Jirachi|Iron Head|p1a: ELECTRO KID\n|-activate|p1a: ELECTRO KID|move: Protect\n|\n|-heal|p1a: ELECTRO KID|88\/100|[from] item: Leftovers\n|-damage|p2a: Jirachi|11\/100|[from] move: Thunder Cage|[partiallytrapped]\n|upkeep\n|turn|12\n|l| Dinosaur Derek\n|c|\u2606SaikoMod|you win\n|c| whole lotta agents|yes\n|c| derpyboi|lool\n|inactive|SaikoMod has 120 seconds left.\n|c| whole lotta agents|saw no other mons\n|c| Kuhrrohsion|rofl\n|j| dude plz stfu\n|c|\u2606SaikoMod|that disgusting strategy .-.\n|-message|SaikoMod forfeited.\n|\n|win|Benjamin Gilbert\n|n|\u2606Benjamin Gilbert|benjamingilbert\n|n|\u2606SaikoMod|saikomod\n|n| Kuhrrohsion|kuhrrohsion\n|n| derpyboi|derpyboi\n|n| BoomDragoon|boomdragoon\n|n| whole lotta agents|wholelottaagents\n|n| cyanlikethecolor|cyanlikethecolor\n|n| dude plz stfu|dudeplzstfu\n|l|\u2606SaikoMod\n|c|\u2606Benjamin Gilbert|Sowwy\n|c| Kuhrrohsion|cope\n|l| cyanlikethecolor\n","uploadtime":1631993282,"views":13,"p1id":"benjamingilbert","p2id":"saikomod","formatid":"gen8nationaldex","rating":0,"private":0,"password":null}