{"id":"gen8ou-1647787541","p1":"Daevank5","p2":"LT94JE Fuse","format":"gen8ou","log":"|j|\u2606Daevank5\n|j|\u2606LT94JE Fuse\n|t:|1661420546\n|gametype|singles\n|player|p1|Daevank5|workerice|1698\n|player|p2|LT94JE Fuse|yellow|1710\n|teamsize|p1|6\n|teamsize|p2|6\n|gen|8\n|tier|[Gen 8] OU\n|rated|\n|rule|Sleep Clause Mod: Limit one foe put to sleep\n|rule|Species Clause: Limit one of each Pok\u00e9mon\n|rule|OHKO Clause: OHKO moves are banned\n|rule|Evasion Items Clause: Evasion items are banned\n|rule|Evasion Moves Clause: Evasion moves are banned\n|rule|Endless Battle Clause: Forcing endless battles is banned\n|rule|HP Percentage Mod: HP is shown in percentages\n|rule|Dynamax Clause: You cannot dynamax\n|clearpoke\n|poke|p1|Ferrothorn, F|\n|poke|p1|Tornadus-Therian, M|\n|poke|p1|Heatran, M|\n|poke|p1|Landorus-Therian, M|\n|poke|p1|Tapu Fini|\n|poke|p1|Alakazam, M|\n|poke|p2|Necrozma|\n|poke|p2|Tapu Lele|\n|poke|p2|Urshifu-*, M|\n|poke|p2|Tornadus-Therian, M|\n|poke|p2|Landorus-Therian, M|\n|poke|p2|Ferrothorn, M|\n|teampreview\n|c|\u2606LT94JE Fuse|Hf\n|c|\u2606Daevank5|U 2\n|\n|t:|1661420558\n|start\n|switch|p1a: Tornadus|Tornadus-Therian, M|100\/100\n|switch|p2a: Tapu Lele|Tapu Lele|100\/100\n|-fieldstart|move: Psychic Terrain|[from] ability: Psychic Surge|[of] p2a: Tapu Lele\n|turn|1\n|\n|t:|1661420561\n|switch|p2a: Tornadus|Tornadus-Therian, M|100\/100\n|move|p1a: Tornadus|Knock Off|p2a: Tornadus\n|-damage|p2a: Tornadus|78\/100\n|-enditem|p2a: Tornadus|Assault Vest|[from] move: Knock Off|[of] p1a: Tornadus\n|\n|upkeep\n|turn|2\n|\n|t:|1661420588\n|move|p1a: Tornadus|Hurricane|p2a: Tornadus\n|-damage|p2a: Tornadus|33\/100\n|move|p2a: Tornadus|Knock Off|p1a: Tornadus\n|-damage|p1a: Tornadus|82\/100\n|-enditem|p1a: Tornadus|Heavy-Duty Boots|[from] move: Knock Off|[of] p2a: Tornadus\n|\n|upkeep\n|turn|3\n|inactive|Battle timer is ON: inactive players will automatically lose when time's up. (requested by Daevank5)\n|\n|t:|1661420596\n|switch|p2a: Landorus|Landorus-Therian, M|100\/100\n|-ability|p2a: Landorus|Intimidate|boost\n|-unboost|p1a: Tornadus|atk|1\n|move|p1a: Tornadus|Hurricane|p2a: Landorus|[miss]\n|-miss|p1a: Tornadus|p2a: Landorus\n|\n|upkeep\n|turn|4\n|\n|t:|1661420600\n|move|p1a: Tornadus|Taunt|p2a: Landorus\n|-start|p2a: Landorus|move: Taunt\n|cant|p2a: Landorus|move: Taunt|Toxic\n|\n|upkeep\n|turn|5\n|\n|t:|1661420605\n|switch|p2a: Ferrothorn|Ferrothorn, M|100\/100\n|move|p1a: Tornadus|Icy Wind|p2a: Ferrothorn\n|-damage|p2a: Ferrothorn|89\/100\n|-unboost|p2a: Ferrothorn|spe|1\n|\n|-heal|p2a: Ferrothorn|95\/100|[from] item: Leftovers\n|-fieldend|move: Psychic Terrain\n|upkeep\n|turn|6\n|\n|t:|1661420609\n|move|p1a: Tornadus|Taunt|p2a: Ferrothorn\n|-start|p2a: Ferrothorn|move: Taunt\n|cant|p2a: Ferrothorn|move: Taunt|Stealth Rock\n|\n|-heal|p2a: Ferrothorn|100\/100|[from] item: Leftovers\n|upkeep\n|turn|7\n|\n|t:|1661420614\n|move|p1a: Tornadus|Knock Off|p2a: Ferrothorn\n|-damage|p2a: Ferrothorn|93\/100\n|-damage|p1a: Tornadus|69\/100|[from] ability: Iron Barbs|[of] p2a: Ferrothorn\n|-enditem|p2a: Ferrothorn|Leftovers|[from] move: Knock Off|[of] p1a: Tornadus\n|move|p2a: Ferrothorn|Knock Off|p1a: Tornadus\n|-damage|p1a: Tornadus|54\/100\n|\n|upkeep\n|turn|8\n|\n|t:|1661420623\n|switch|p1a: Ferrothorn|Ferrothorn, F|100\/100\n|move|p2a: Ferrothorn|Knock Off|p1a: Ferrothorn\n|-damage|p1a: Ferrothorn|87\/100\n|-damage|p2a: Ferrothorn|80\/100|[from] ability: Iron Barbs|[of] p1a: Ferrothorn\n|-enditem|p1a: Ferrothorn|Leftovers|[from] move: Knock Off|[of] p2a: Ferrothorn\n|\n|-end|p2a: Ferrothorn|move: Taunt\n|upkeep\n|turn|9\n|\n|t:|1661420647\n|move|p1a: Ferrothorn|Spikes|p2a: Ferrothorn\n|-sidestart|p2: LT94JE Fuse|Spikes\n|move|p2a: Ferrothorn|Stealth Rock|p1a: Ferrothorn\n|-sidestart|p1: Daevank5|move: Stealth Rock\n|\n|upkeep\n|turn|10\n|\n|t:|1661420651\n|switch|p2a: Urshifu|Urshifu-Rapid-Strike, M|100\/100\n|-damage|p2a: Urshifu|88\/100|[from] Spikes\n|move|p1a: Ferrothorn|Spikes|p2a: Urshifu\n|-sidestart|p2: LT94JE Fuse|Spikes\n|\n|upkeep\n|turn|11\n|inactive|LT94JE Fuse has 120 seconds left.\n|\n|t:|1661420689\n|switch|p1a: Tapu Fini|Tapu Fini|100\/100\n|-damage|p1a: Tapu Fini|88\/100|[from] Stealth Rock\n|-fieldstart|move: Misty Terrain|[from] ability: Misty Surge|[of] p1a: Tapu Fini\n|move|p2a: Urshifu|Close Combat|p1a: Tapu Fini\n|-resisted|p1a: Tapu Fini\n|-damage|p1a: Tapu Fini|55\/100\n|-unboost|p2a: Urshifu|def|1\n|-unboost|p2a: Urshifu|spd|1\n|\n|-heal|p1a: Tapu Fini|62\/100|[from] item: Leftovers\n|upkeep\n|turn|12\n|\n|t:|1661420694\n|switch|p2a: Tornadus|Tornadus-Therian, M|66\/100\n|move|p1a: Tapu Fini|Nature's Madness|p2a: Tornadus\n|-damage|p2a: Tornadus|33\/100\n|\n|-heal|p1a: Tapu Fini|68\/100|[from] item: Leftovers\n|upkeep\n|turn|13\n|inactive|LT94JE Fuse has 120 seconds left.\n|\n|t:|1661420729\n|switch|p1a: Tornadus|Tornadus-Therian, M|87\/100\n|-damage|p1a: Tornadus|62\/100|[from] Stealth Rock\n|move|p2a: Tornadus|Knock Off|p1a: Tornadus\n|-damage|p1a: Tornadus|47\/100\n|\n|upkeep\n|turn|14\n|\n|t:|1661420740\n|switch|p2a: Tapu Lele|Tapu Lele|100\/100\n|-damage|p2a: Tapu Lele|84\/100|[from] Spikes\n|-fieldstart|move: Psychic Terrain|[from] ability: Psychic Surge|[of] p2a: Tapu Lele\n|move|p1a: Tornadus|Hurricane|p2a: Tapu Lele|[miss]\n|-miss|p1a: Tornadus|p2a: Tapu Lele\n|\n|upkeep\n|turn|15\n|\n|t:|1661420746\n|switch|p2a: Urshifu|Urshifu-Rapid-Strike, M|88\/100\n|-damage|p2a: Urshifu|72\/100|[from] Spikes\n|switch|p1a: Heatran|Heatran, M|100\/100\n|-damage|p1a: Heatran|88\/100|[from] Stealth Rock\n|\n|-heal|p1a: Heatran|94\/100|[from] item: Leftovers\n|upkeep\n|turn|16\n|inactive|LT94JE Fuse has 90 seconds left.\n|inactive|LT94JE Fuse has 60 seconds left.\n|inactive|Daevank5 has 120 seconds left.\n|\n|t:|1661420823\n|switch|p1a: Landorus|Landorus-Therian, M|100\/100\n|-damage|p1a: Landorus|88\/100|[from] Stealth Rock\n|-ability|p1a: Landorus|Intimidate|boost\n|-unboost|p2a: Urshifu|atk|1\n|move|p2a: Urshifu|Close Combat|p1a: Landorus\n|-resisted|p1a: Landorus\n|-damage|p1a: Landorus|58\/100\n|-unboost|p2a: Urshifu|def|1\n|-unboost|p2a: Urshifu|spd|1\n|\n|-heal|p1a: Landorus|64\/100|[from] item: Leftovers\n|upkeep\n|turn|17\n|inactive|LT94JE Fuse has 30 seconds left.\n|inactive|LT94JE Fuse has 20 seconds left.\n|inactive|LT94JE Fuse has 15 seconds left.\n|j| wiiimicks\n|inactive|LT94JE Fuse has 10 seconds left.\n|\n|t:|1661420878\n|move|p2a: Urshifu|Close Combat|p1a: Landorus\n|-resisted|p1a: Landorus\n|-damage|p1a: Landorus|33\/100\n|-unboost|p2a: Urshifu|def|1\n|-unboost|p2a: Urshifu|spd|1\n|move|p1a: Landorus|Toxic|p2a: Urshifu\n|-status|p2a: Urshifu|tox\n|\n|-heal|p1a: Landorus|39\/100|[from] item: Leftovers\n|-damage|p2a: Urshifu|66\/100 tox|[from] psn\n|upkeep\n|turn|18\n|inactive|LT94JE Fuse has 20 seconds left this turn.\n|\n|t:|1661420883\n|switch|p2a: Necrozma|Necrozma|100\/100\n|-damage|p2a: Necrozma|84\/100|[from] Spikes\n|move|p1a: Landorus|Toxic|p2a: Necrozma\n|-status|p2a: Necrozma|tox\n|\n|-heal|p1a: Landorus|45\/100|[from] item: Leftovers\n|-damage|p2a: Necrozma|78\/100 tox|[from] psn\n|-fieldend|move: Psychic Terrain\n|upkeep\n|turn|19\n|inactive|LT94JE Fuse has 30 seconds left this turn.\n|\n|t:|1661420889\n|move|p2a: Necrozma|Photon Geyser|p1a: Landorus\n|-damage|p1a: Landorus|0 fnt\n|faint|p1a: Landorus\n|\n|-damage|p2a: Necrozma|65\/100 tox|[from] psn\n|upkeep\n|\n|t:|1661420896\n|switch|p1a: Heatran|Heatran, M|94\/100\n|-damage|p1a: Heatran|82\/100|[from] Stealth Rock\n|turn|20\n|\n|t:|1661420904\n|switch|p2a: Landorus|Landorus-Therian, M|100\/100\n|-ability|p2a: Landorus|Intimidate|boost\n|-unboost|p1a: Heatran|atk|1\n|move|p1a: Heatran|Stealth Rock|p2a: Landorus\n|-sidestart|p2: LT94JE Fuse|move: Stealth Rock\n|\n|-heal|p1a: Heatran|88\/100|[from] item: Leftovers\n|upkeep\n|turn|21\n|\n|t:|1661420909\n|move|p2a: Landorus|Defog|p1a: Heatran\n|-unboost|p1a: Heatran|evasion|1\n|-sideend|p1: Daevank5|Stealth Rock|[from] move: Defog|[of] p2a: Landorus\n|-sideend|p2: LT94JE Fuse|Spikes|[from] move: Defog|[of] p2a: Landorus\n|-sideend|p2: LT94JE Fuse|Stealth Rock|[from] move: Defog|[of] p2a: Landorus\n|move|p1a: Heatran|Magma Storm|p2a: Landorus\n|-crit|p2a: Landorus\n|-damage|p2a: Landorus|48\/100\n|-activate|p2a: Landorus|move: Magma Storm|[of] p1a: Heatran\n|\n|-heal|p2a: Landorus|54\/100|[from] item: Leftovers\n|-heal|p1a: Heatran|94\/100|[from] item: Leftovers\n|-damage|p2a: Landorus|42\/100|[from] move: Magma Storm|[partiallytrapped]\n|upkeep\n|turn|22\n|\n|t:|1661420920\n|switch|p1a: Tornadus|Tornadus-Therian, M|80\/100\n|move|p2a: Landorus|Earthquake|p1a: Tornadus\n|-immune|p1a: Tornadus\n|\n|-heal|p2a: Landorus|48\/100|[from] item: Leftovers\n|-end|p2a: Landorus|Magma Storm|[partiallytrapped]|[silent]\n|upkeep\n|turn|23\n|\n|t:|1661420925\n|switch|p2a: Ferrothorn|Ferrothorn, M|80\/100\n|move|p1a: Tornadus|Icy Wind|p2a: Ferrothorn\n|-damage|p2a: Ferrothorn|69\/100\n|-unboost|p2a: Ferrothorn|spe|1\n|\n|upkeep\n|turn|24\n|inactive|LT94JE Fuse has 60 seconds left.\n|\n|t:|1661420964\n|move|p1a: Tornadus|Taunt|p2a: Ferrothorn\n|-start|p2a: Ferrothorn|move: Taunt\n|cant|p2a: Ferrothorn|move: Taunt|Stealth Rock\n|\n|upkeep\n|turn|25\n|\n|t:|1661420967\n|move|p1a: Tornadus|Hurricane|p2a: Ferrothorn|[miss]\n|-miss|p1a: Tornadus|p2a: Ferrothorn\n|move|p2a: Ferrothorn|Knock Off|p1a: Tornadus\n|-damage|p1a: Tornadus|65\/100\n|\n|upkeep\n|turn|26\n|\n|t:|1661420969\n|move|p1a: Tornadus|Hurricane|p2a: Ferrothorn\n|-damage|p2a: Ferrothorn|36\/100\n|move|p2a: Ferrothorn|Iron Head|p1a: Tornadus\n|-damage|p1a: Tornadus|40\/100\n|\n|-end|p2a: Ferrothorn|move: Taunt\n|upkeep\n|turn|27\n|\n|t:|1661420973\n|switch|p2a: Tapu Lele|Tapu Lele|84\/100\n|-fieldstart|move: Psychic Terrain|[from] ability: Psychic Surge|[of] p2a: Tapu Lele\n|move|p1a: Tornadus|Taunt|p2a: Tapu Lele\n|-start|p2a: Tapu Lele|move: Taunt\n|\n|upkeep\n|turn|28\n|\n|t:|1661420979\n|switch|p1a: Heatran|Heatran, M|94\/100\n|move|p2a: Tapu Lele|Future Sight|p1a: Heatran\n|-start|p2a: Tapu Lele|move: Future Sight\n|\n|-heal|p1a: Heatran|100\/100|[from] item: Leftovers\n|upkeep\n|turn|29\n|\n|t:|1661420985\n|switch|p2a: Urshifu|Urshifu-Rapid-Strike, M|66\/100 tox\n|move|p1a: Heatran|Magma Storm|p2a: Urshifu\n|-resisted|p2a: Urshifu\n|-crit|p2a: Urshifu\n|-damage|p2a: Urshifu|19\/100 tox\n|-activate|p2a: Urshifu|move: Magma Storm|[of] p1a: Heatran\n|\n|-damage|p2a: Urshifu|13\/100 tox|[from] psn\n|-damage|p2a: Urshifu|1\/100 tox|[from] move: Magma Storm|[partiallytrapped]\n|upkeep\n|turn|30\n|\n|t:|1661420994\n|switch|p1a: Tapu Fini|Tapu Fini|68\/100\n|-fieldstart|move: Misty Terrain|[from] ability: Misty Surge|[of] p1a: Tapu Fini\n|move|p2a: Urshifu|Close Combat|p1a: Tapu Fini\n|-resisted|p1a: Tapu Fini\n|-damage|p1a: Tapu Fini|33\/100\n|-unboost|p2a: Urshifu|def|1\n|-unboost|p2a: Urshifu|spd|1\n|\n|-end|p1a: Tapu Fini|move: Future Sight\n|-damage|p1a: Tapu Fini|0 fnt\n|faint|p1a: Tapu Fini\n|-damage|p2a: Urshifu|0 fnt|[from] psn\n|faint|p2a: Urshifu\n|upkeep\n|\n|t:|1661421001\n|switch|p2a: Tapu Lele|Tapu Lele|84\/100\n|switch|p1a: Tornadus|Tornadus-Therian, M|73\/100\n|-fieldstart|move: Psychic Terrain|[from] ability: Psychic Surge|[of] p2a: Tapu Lele\n|turn|31\n|inactive|LT94JE Fuse has 90 seconds left.\n|\n|t:|1661421025\n|move|p2a: Tapu Lele|Psyshock|p1a: Tornadus\n|-damage|p1a: Tornadus|12\/100\n|move|p1a: Tornadus|Knock Off|p2a: Tapu Lele\n|-damage|p2a: Tapu Lele|52\/100\n|-enditem|p2a: Tapu Lele|Choice Scarf|[from] move: Knock Off|[of] p1a: Tornadus\n|\n|upkeep\n|turn|32\n|inactive|LT94JE Fuse has 90 seconds left.\n|\n|t:|1661421048\n|switch|p1a: Ferrothorn|Ferrothorn, F|87\/100\n|move|p2a: Tapu Lele|Focus Blast|p1a: Ferrothorn\n|-supereffective|p1a: Ferrothorn\n|-crit|p1a: Ferrothorn\n|-damage|p1a: Ferrothorn|0 fnt\n|faint|p1a: Ferrothorn\n|\n|upkeep\n|\n|t:|1661421056\n|switch|p1a: Alakazam|Alakazam, M|100\/100\n|turn|33\n|inactive|LT94JE Fuse has 90 seconds left.\n|\n|t:|1661421087\n|switch|p2a: Ferrothorn|Ferrothorn, M|36\/100\n|move|p1a: Alakazam|Shadow Ball|p2a: Ferrothorn\n|-damage|p2a: Ferrothorn|13\/100\n|\n|upkeep\n|turn|34\n|\n|t:|1661421100\n|move|p1a: Alakazam|Shadow Ball|p2a: Ferrothorn\n|-damage|p2a: Ferrothorn|0 fnt\n|faint|p2a: Ferrothorn\n|\n|upkeep\n|inactive|LT94JE Fuse has 60 seconds left.\n|\n|t:|1661421134\n|switch|p2a: Tornadus|Tornadus-Therian, M|67\/100\n|turn|35\n|\n|t:|1661421145\n|switch|p2a: Landorus|Landorus-Therian, M|48\/100\n|-ability|p2a: Landorus|Intimidate|boost\n|-unboost|p1a: Alakazam|atk|1\n|move|p1a: Alakazam|Nasty Plot|p1a: Alakazam\n|-boost|p1a: Alakazam|spa|2\n|\n|-heal|p2a: Landorus|54\/100|[from] item: Leftovers\n|-fieldend|move: Psychic Terrain\n|upkeep\n|turn|36\n|\n|t:|1661421151\n|move|p1a: Alakazam|Psychic|p2a: Landorus\n|-damage|p2a: Landorus|0 fnt\n|faint|p2a: Landorus\n|\n|upkeep\n|\n|t:|1661421152\n|switch|p2a: Tornadus|Tornadus-Therian, M|99\/100\n|turn|37\n|\n|t:|1661421177\n|move|p1a: Alakazam|Nasty Plot|p1a: Alakazam\n|-boost|p1a: Alakazam|spa|2\n|move|p2a: Tornadus|Knock Off|p1a: Alakazam\n|-supereffective|p1a: Alakazam\n|-damage|p1a: Alakazam|2\/100\n|-enditem|p1a: Alakazam|Focus Sash|[from] move: Knock Off|[of] p2a: Tornadus\n|\n|upkeep\n|turn|38\n|\n|t:|1661421181\n|move|p1a: Alakazam|Psychic|p2a: Tornadus\n|-damage|p2a: Tornadus|0 fnt\n|faint|p2a: Tornadus\n|\n|upkeep\n|\n|t:|1661421184\n|switch|p2a: Necrozma|Necrozma|65\/100 tox\n|turn|39\n|c|\u2606Daevank5|Gg\n|c|\u2606LT94JE Fuse|Gg\n|inactive|LT94JE Fuse has 90 seconds left.\n|-message|LT94JE Fuse forfeited.\n|\n|win|Daevank5\n|raw|Daevank5's rating: 1698 &rarr; <strong>1718<\/strong><br \/>(+20 for winning)\n|raw|LT94JE Fuse's rating: 1701 &rarr; <strong>1681<\/strong><br \/>(-20 for losing)\n||Ladder isn't responding, score probably updated but might not have (Request timeout).\n|l|\u2606Daevank5\n|l| wiiimicks\n","uploadtime":1661422312,"views":39,"p1id":"daevank5","p2id":"lt94jefuse","formatid":"gen8ou","rating":1681,"private":0,"password":null}