{"id":"gen8ou-1706360509","p1":"Foolish Shogun","p2":"Copland","format":"gen8ou","log":"|j|\u2606Foolish Shogun\n|j|\u2606Copland\n|t:|1667979197\n|gametype|singles\n|player|p1|Foolish Shogun|ghetsis-gen5bw|1710\n|player|p2|Copland|guitarist|1646\n|teamsize|p1|6\n|teamsize|p2|6\n|gen|8\n|tier|[Gen 8] OU\n|rated|\n|rule|Sleep Clause Mod: Limit one foe put to sleep\n|rule|Species Clause: Limit one of each Pok\u00e9mon\n|rule|OHKO Clause: OHKO moves are banned\n|rule|Evasion Items Clause: Evasion items are banned\n|rule|Evasion Moves Clause: Evasion moves are banned\n|rule|Endless Battle Clause: Forcing endless battles is banned\n|rule|HP Percentage Mod: HP is shown in percentages\n|rule|Dynamax Clause: You cannot dynamax\n|clearpoke\n|poke|p1|Celesteela|\n|poke|p1|Weavile, F|\n|poke|p1|Mew|\n|poke|p1|Garchomp, F|\n|poke|p1|Blacephalon|\n|poke|p1|Azumarill, F|\n|poke|p2|Diancie|\n|poke|p2|Umbreon, F|\n|poke|p2|Melmetal|\n|poke|p2|Tornadus-Therian, M|\n|poke|p2|Nidoking, M|\n|poke|p2|Slowbro, F|\n|teampreview\n|\n|t:|1667979219\n|start\n|switch|p1a: Mew|Mew|100\/100\n|switch|p2a: Melmetal|Melmetal|100\/100\n|turn|1\n|j| LT_Alt1\n|\n|t:|1667979224\n|move|p1a: Mew|Stealth Rock|p2a: Melmetal\n|-sidestart|p2: Copland|move: Stealth Rock\n|move|p2a: Melmetal|Double Iron Bash|p1a: Mew\n|-damage|p1a: Mew|68\/100\n|-damage|p1a: Mew|35\/100\n|-hitcount|p1a: Mew|2\n|\n|upkeep\n|turn|2\n|\n|t:|1667979229\n|move|p1a: Mew|Spikes|p2a: Melmetal\n|-sidestart|p2: Copland|Spikes\n|move|p2a: Melmetal|Double Iron Bash|p1a: Mew\n|-damage|p1a: Mew|1\/100\n|-crit|p1a: Mew\n|-damage|p1a: Mew|0 fnt\n|faint|p1a: Mew\n|-hitcount|p1: Mew|2\n|\n|upkeep\n|\n|t:|1667979240\n|switch|p1a: Blacephalon|Blacephalon|100\/100\n|turn|3\n|\n|t:|1667979246\n|switch|p2a: Diancie|Diancie|100\/100\n|-damage|p2a: Diancie|88\/100|[from] Stealth Rock\n|-damage|p2a: Diancie|76\/100|[from] Spikes\n|move|p1a: Blacephalon|Overheat|p2a: Diancie\n|-resisted|p2a: Diancie\n|-damage|p2a: Diancie|51\/100\n|-unboost|p1a: Blacephalon|spa|2\n|\n|-heal|p2a: Diancie|57\/100|[from] item: Leftovers\n|upkeep\n|turn|4\n|\n|t:|1667979256\n|switch|p1a: Garchomp|Garchomp, F|100\/100\n|move|p2a: Diancie|Diamond Storm|p1a: Garchomp\n|-resisted|p1a: Garchomp\n|-damage|p1a: Garchomp|84\/100\n|\n|-heal|p2a: Diancie|63\/100|[from] item: Leftovers\n|upkeep\n|turn|5\n|\n|t:|1667979260\n|switch|p2a: Slowbro|Slowbro, F|100\/100\n|move|p1a: Garchomp|Earthquake|p2a: Slowbro\n|-damage|p2a: Slowbro|57\/100\n|-damage|p1a: Garchomp|74\/100|[from] item: Life Orb\n|\n|upkeep\n|turn|6\n|\n|t:|1667979267\n|switch|p1a: Blacephalon|Blacephalon|100\/100\n|move|p2a: Slowbro|Teleport|p2a: Slowbro\n|\n|t:|1667979271\n|switch|p2a: Tornadus|Tornadus-Therian, M|100\/100|[from]move: Teleport\n|\n|upkeep\n|turn|7\n|\n|t:|1667979280\n|move|p1a: Blacephalon|Overheat|p2a: Tornadus\n|-damage|p2a: Tornadus|29\/100\n|-unboost|p1a: Blacephalon|spa|2\n|move|p2a: Tornadus|Knock Off|p1a: Blacephalon\n|-supereffective|p1a: Blacephalon\n|-damage|p1a: Blacephalon|12\/100\n|-enditem|p1a: Blacephalon|Choice Scarf|[from] move: Knock Off|[of] p2a: Tornadus\n|\n|upkeep\n|turn|8\n|\n|t:|1667979285\n|move|p2a: Tornadus|Defog|p1a: Blacephalon\n|-unboost|p1a: Blacephalon|evasion|1\n|-sideend|p2: Copland|Spikes|[from] move: Defog|[of] p2a: Tornadus\n|-sideend|p2: Copland|Stealth Rock|[from] move: Defog|[of] p2a: Tornadus\n|move|p1a: Blacephalon|Trick|p2a: Tornadus\n|-activate|p1a: Blacephalon|move: Trick|[of] p2a: Tornadus\n|-enditem|p2a: Tornadus|Heavy-Duty Boots|[silent]|[from] move: Trick\n|-item|p1a: Blacephalon|Heavy-Duty Boots|[from] move: Trick\n|\n|upkeep\n|turn|9\n|\n|t:|1667979290\n|move|p2a: Tornadus|Knock Off|p1a: Blacephalon\n|-supereffective|p1a: Blacephalon\n|-damage|p1a: Blacephalon|0 fnt\n|-enditem|p1a: Blacephalon|Heavy-Duty Boots|[from] move: Knock Off|[of] p2a: Tornadus\n|faint|p1a: Blacephalon\n|\n|upkeep\n|\n|t:|1667979294\n|switch|p1a: Weavile|Weavile, F|100\/100\n|-ability|p1a: Weavile|Pressure\n|turn|10\n|\n|t:|1667979301\n|move|p2a: Tornadus|U-turn|p1a: Weavile\n|-supereffective|p1a: Weavile\n|-damage|p1a: Weavile|51\/100\n|\n|t:|1667979304\n|switch|p2a: Umbreon|Umbreon, F|100\/100|[from]move: U-turn\n|move|p1a: Weavile|Knock Off|p2a: Umbreon\n|-resisted|p2a: Umbreon\n|-damage|p2a: Umbreon|82\/100\n|-enditem|p2a: Umbreon|Leftovers|[from] move: Knock Off|[of] p1a: Weavile\n|-damage|p1a: Weavile|41\/100|[from] item: Life Orb\n|\n|upkeep\n|turn|11\n|\n|t:|1667979309\n|move|p1a: Weavile|Triple Axel|p2a: Umbreon\n|-damage|p2a: Umbreon|74\/100\n|-crit|p2a: Umbreon\n|-damage|p2a: Umbreon|48\/100\n|-damage|p2a: Umbreon|24\/100\n|-hitcount|p2a: Umbreon|3\n|-damage|p1a: Weavile|31\/100|[from] item: Life Orb\n|move|p2a: Umbreon|Foul Play|p1a: Weavile\n|-resisted|p1a: Weavile\n|-damage|p1a: Weavile|0 fnt\n|faint|p1a: Weavile\n|\n|upkeep\n|\n|t:|1667979320\n|switch|p1a: Celesteela|Celesteela, shiny|100\/100\n|turn|12\n|\n|t:|1667979326\n|switch|p2a: Melmetal|Melmetal|100\/100\n|move|p1a: Celesteela|Meteor Beam||[still]\n|-prepare|p1a: Celesteela|Meteor Beam\n|-boost|p1a: Celesteela|spa|1\n|-enditem|p1a: Celesteela|Power Herb\n|-anim|p1a: Celesteela|Meteor Beam|p2a: Melmetal\n|-resisted|p2a: Melmetal\n|-damage|p2a: Melmetal|75\/100\n|\n|-heal|p2a: Melmetal|81\/100|[from] item: Leftovers\n|upkeep\n|turn|13\n|\n|t:|1667979329\n|move|p1a: Celesteela|Flamethrower|p2a: Melmetal\n|-supereffective|p2a: Melmetal\n|-damage|p2a: Melmetal|7\/100\n|move|p2a: Melmetal|Thunder Wave|p1a: Celesteela\n|-status|p1a: Celesteela|par\n|\n|-heal|p2a: Melmetal|13\/100|[from] item: Leftovers\n|upkeep\n|turn|14\n|\n|t:|1667979335\n|move|p2a: Melmetal|Thunder Punch|p1a: Celesteela\n|-supereffective|p1a: Celesteela\n|-damage|p1a: Celesteela|42\/100 par\n|move|p1a: Celesteela|Flamethrower|p2a: Melmetal\n|-supereffective|p2a: Melmetal\n|-damage|p2a: Melmetal|0 fnt\n|faint|p2a: Melmetal\n|-ability|p1a: Celesteela|Beast Boost|boost\n|-boost|p1a: Celesteela|spa|1\n|\n|upkeep\n|j| Alma Love\n|\n|t:|1667979350\n|switch|p2a: Nidoking|Nidoking, M|100\/100\n|turn|15\n|\n|t:|1667979354\n|move|p2a: Nidoking|Flamethrower|p1a: Celesteela\n|-supereffective|p1a: Celesteela\n|-damage|p1a: Celesteela|0 fnt\n|faint|p1a: Celesteela\n|\n|upkeep\n|\n|t:|1667979356\n|switch|p1a: Garchomp|Garchomp, F|74\/100\n|turn|16\n|\n|t:|1667979361\n|move|p1a: Garchomp|Earthquake|p2a: Nidoking\n|-supereffective|p2a: Nidoking\n|-damage|p2a: Nidoking|0 fnt\n|faint|p2a: Nidoking\n|-damage|p1a: Garchomp|65\/100|[from] item: Life Orb\n|\n|upkeep\n|\n|t:|1667979364\n|switch|p2a: Slowbro|Slowbro, F|90\/100\n|turn|17\n|\n|t:|1667979368\n|move|p1a: Garchomp|Earthquake|p2a: Slowbro\n|-damage|p2a: Slowbro|46\/100\n|-damage|p1a: Garchomp|55\/100|[from] item: Life Orb\n|move|p2a: Slowbro|Future Sight|p1a: Garchomp\n|-start|p2a: Slowbro|move: Future Sight\n|\n|upkeep\n|turn|18\n|\n|t:|1667979373\n|move|p1a: Garchomp|Scale Shot|p2a: Slowbro|[miss]\n|-miss|p1a: Garchomp|p2a: Slowbro\n|move|p2a: Slowbro|Ice Beam|p1a: Garchomp\n|-supereffective|p1a: Garchomp\n|-damage|p1a: Garchomp|0 fnt\n|faint|p1a: Garchomp\n|\n|upkeep\n|\n|t:|1667979375\n|switch|p1a: Azumarill|Azumarill, F|100\/100\n|turn|19\n|\n|t:|1667979379\n|move|p1a: Azumarill|Knock Off|p2a: Slowbro\n|-supereffective|p2a: Slowbro\n|-damage|p2a: Slowbro|0 fnt\n|-enditem|p2a: Slowbro|Heavy-Duty Boots|[from] move: Knock Off|[of] p1a: Azumarill\n|faint|p2a: Slowbro\n|\n|-end|p1a: Azumarill|move: Future Sight\n|-damage|p1a: Azumarill|48\/100\n|-enditem|p1a: Azumarill|Sitrus Berry|[eat]\n|-heal|p1a: Azumarill|73\/100|[from] item: Sitrus Berry\n|upkeep\n|\n|t:|1667979385\n|switch|p2a: Tornadus|Tornadus-Therian, M|62\/100\n|turn|20\n|\n|t:|1667979387\n|move|p2a: Tornadus|Hurricane|p1a: Azumarill\n|-damage|p1a: Azumarill|24\/100\n|-start|p1a: Azumarill|confusion\n|-activate|p1a: Azumarill|confusion\n|move|p1a: Azumarill|Play Rough|p2a: Tornadus\n|-damage|p2a: Tornadus|0 fnt\n|faint|p2a: Tornadus\n|\n|upkeep\n|\n|t:|1667979390\n|switch|p2a: Umbreon|Umbreon, F|24\/100\n|turn|21\n|\n|t:|1667979392\n|-activate|p1a: Azumarill|confusion\n|move|p1a: Azumarill|Play Rough|p2a: Umbreon\n|-supereffective|p2a: Umbreon\n|-damage|p2a: Umbreon|0 fnt\n|faint|p2a: Umbreon\n|\n|upkeep\n|\n|t:|1667979394\n|switch|p2a: Diancie|Diancie|63\/100\n|turn|22\n|\n|t:|1667979397\n|-activate|p1a: Azumarill|confusion\n|move|p1a: Azumarill|Play Rough|p2a: Diancie\n|-damage|p2a: Diancie|19\/100\n|move|p2a: Diancie|Diamond Storm|p1a: Azumarill|[miss]\n|-miss|p2a: Diancie|p1a: Azumarill\n|\n|-heal|p2a: Diancie|25\/100|[from] item: Leftovers\n|upkeep\n|turn|23\n|\n|t:|1667979402\n|-activate|p1a: Azumarill|confusion\n|-damage|p1a: Azumarill|14\/100|[from] confusion\n|move|p2a: Diancie|Diamond Storm|p1a: Azumarill\n|-damage|p1a: Azumarill|0 fnt\n|faint|p1a: Azumarill\n|\n|win|Copland\n|raw|Foolish Shogun's rating: 1710 &rarr; <strong>1686<\/strong><br \/>(-24 for losing)\n|raw|Copland's rating: 1646 &rarr; <strong>1670<\/strong><br \/>(+24 for winning)\n","uploadtime":1667979407,"views":5,"p1id":"foolishshogun","p2id":"copland","formatid":"gen8ou","rating":1670,"private":0,"password":null}