{"id":"gen8ou-1239341901","p1":"glaed13","p2":"rapha19","format":"gen8ou","log":"|j|\u2606glaed13\n|j|\u2606rapha19\n|t:|1607400727\n|player|p1|glaed13|cheren-gen5bw2|1333\n|player|p2|rapha19|acetrainersnowf|1310\n|teamsize|p1|6\n|teamsize|p2|6\n|gametype|singles\n|gen|8\n|tier|[Gen 8] OU\n|rated|\n|clearpoke\n|poke|p1|Heatran, M|\n|poke|p1|Torkoal, M|\n|poke|p1|Zarude|\n|poke|p1|Moltres|\n|poke|p1|Comfey, F|\n|poke|p1|Cinderace, F|\n|poke|p2|Exploud, F|\n|poke|p2|Landorus-Therian, M|\n|poke|p2|Urshifu-*, F|\n|poke|p2|Cinderace, M|\n|poke|p2|Xurkitree|\n|poke|p2|Tapu Fini|\n|rule|Sleep Clause Mod: Limit one foe put to sleep\n|rule|Species Clause: Limit one of each Pok\u00e9mon\n|rule|OHKO Clause: OHKO moves are banned\n|rule|Evasion Moves Clause: Evasion moves are banned\n|rule|Endless Battle Clause: Forcing endless battles is banned\n|rule|HP Percentage Mod: HP is shown in percentages\n|rule|Dynamax Clause: You cannot dynamax\n|teampreview\n|\n|t:|1607400739\n|start\n|switch|p1a: Torkoal|Torkoal, M|100\/100\n|switch|p2a: Landorus|Landorus-Therian, M|100\/100\n|-ability|p2a: Landorus|Intimidate|boost\n|-unboost|p1a: Torkoal|atk|1\n|-weather|SunnyDay|[from] ability: Drought|[of] p1a: Torkoal\n|turn|1\n|\n|t:|1607400755\n|move|p2a: Landorus|Earthquake|p1a: Torkoal\n|-supereffective|p1a: Torkoal\n|-damage|p1a: Torkoal|17\/100\n|move|p1a: Torkoal|Toxic|p2a: Landorus|[miss]\n|-miss|p1a: Torkoal|p2a: Landorus\n|\n|-weather|SunnyDay|[upkeep]\n|upkeep\n|turn|2\n|\n|t:|1607400764\n|switch|p1a: Moltres|Moltres|100\/100\n|move|p2a: Landorus|Earthquake|p1a: Moltres\n|-immune|p1a: Moltres\n|\n|-weather|SunnyDay|[upkeep]\n|upkeep\n|turn|3\n|\n|t:|1607400772\n|switch|p2a: Tapu Fini|Tapu Fini|100\/100\n|-fieldstart|move: Misty Terrain|[from] ability: Misty Surge|[of] p2a: Tapu Fini\n|move|p1a: Moltres|Flamethrower|p2a: Tapu Fini\n|-resisted|p2a: Tapu Fini\n|-damage|p2a: Tapu Fini|76\/100\n|\n|-weather|SunnyDay|[upkeep]\n|-heal|p2a: Tapu Fini|82\/100|[from] item: Leftovers\n|upkeep\n|turn|4\n|\n|t:|1607400785\n|switch|p1a: Comfey|Comfey, F|100\/100\n|move|p2a: Tapu Fini|Calm Mind|p2a: Tapu Fini\n|-boost|p2a: Tapu Fini|spa|1\n|-boost|p2a: Tapu Fini|spd|1\n|\n|-weather|SunnyDay|[upkeep]\n|-heal|p2a: Tapu Fini|88\/100|[from] item: Leftovers\n|upkeep\n|turn|5\n|\n|t:|1607400795\n|move|p1a: Comfey|Growth|p1a: Comfey\n|-boost|p1a: Comfey|atk|2\n|-boost|p1a: Comfey|spa|2\n|move|p2a: Tapu Fini|Calm Mind|p2a: Tapu Fini\n|-boost|p2a: Tapu Fini|spa|1\n|-boost|p2a: Tapu Fini|spd|1\n|\n|-weather|SunnyDay|[upkeep]\n|-heal|p2a: Tapu Fini|94\/100|[from] item: Leftovers\n|upkeep\n|turn|6\n|\n|t:|1607400805\n|move|p1a: Comfey|Growth|p1a: Comfey\n|-boost|p1a: Comfey|atk|2\n|-boost|p1a: Comfey|spa|2\n|move|p2a: Tapu Fini|Moonblast|p1a: Comfey\n|-damage|p1a: Comfey|23\/100\n|\n|-weather|SunnyDay|[upkeep]\n|-heal|p1a: Comfey|29\/100|[from] item: Leftovers\n|-heal|p2a: Tapu Fini|100\/100|[from] item: Leftovers\n|upkeep\n|turn|7\n|\n|t:|1607400816\n|move|p1a: Comfey|Giga Drain|p2a: Tapu Fini\n|-supereffective|p2a: Tapu Fini\n|-damage|p2a: Tapu Fini|53\/100\n|-heal|p1a: Comfey|63\/100|[from] drain|[of] p2a: Tapu Fini\n|move|p2a: Tapu Fini|Moonblast|p1a: Comfey\n|-damage|p1a: Comfey|0 fnt\n|faint|p1a: Comfey\n|\n|-weather|SunnyDay|[upkeep]\n|-heal|p2a: Tapu Fini|59\/100|[from] item: Leftovers\n|-fieldend|Misty Terrain\n|upkeep\n|\n|t:|1607400829\n|switch|p1a: Cinderace|Cinderace, F|100\/100\n|turn|8\n|\n|t:|1607400834\n|switch|p2a: Landorus|Landorus-Therian, M|100\/100\n|-ability|p2a: Landorus|Intimidate|boost\n|-unboost|p1a: Cinderace|atk|1\n|move|p1a: Cinderace|Gunk Shot|p2a: Landorus\n|-start|p1a: Cinderace|typechange|Poison|[from] ability: Libero\n|-resisted|p2a: Landorus\n|-damage|p2a: Landorus|81\/100\n|\n|-weather|none\n|-heal|p2a: Landorus|87\/100|[from] item: Leftovers\n|upkeep\n|turn|9\n|\n|t:|1607400842\n|switch|p1a: Moltres|Moltres|100\/100\n|move|p2a: Landorus|Stealth Rock|p1a: Moltres\n|-sidestart|p1: glaed13|move: Stealth Rock\n|\n|-heal|p2a: Landorus|93\/100|[from] item: Leftovers\n|upkeep\n|turn|10\n|\n|t:|1607400860\n|switch|p2a: Xurkitree|Xurkitree|100\/100\n|move|p1a: Moltres|Defog|p2a: Xurkitree\n|-unboost|p2a: Xurkitree|evasion|1\n|-sideend|p1: glaed13|Stealth Rock|[from] move: Defog|[of] p1a: Moltres\n|\n|upkeep\n|turn|11\n|\n|t:|1607400883\n|switch|p1a: Torkoal|Torkoal, M|17\/100\n|-weather|SunnyDay|[from] ability: Drought|[of] p1a: Torkoal\n|move|p2a: Xurkitree|Volt Switch|p1a: Torkoal\n|-crit|p1a: Torkoal\n|-damage|p1a: Torkoal|0 fnt\n|faint|p1a: Torkoal\n|-ability|p2a: Xurkitree|Beast Boost|boost\n|-boost|p2a: Xurkitree|spa|1\n|\n|t:|1607400905\n|switch|p2a: Urshifu|Urshifu, F|100\/100|[from]move: Volt Switch\n|\n|-weather|SunnyDay|[upkeep]\n|upkeep\n|\n|t:|1607400921\n|switch|p1a: Heatran|Heatran, M|100\/100\n|turn|12\n|\n|t:|1607400926\n|move|p1a: Heatran|Eruption|p2a: Urshifu\n|-damage|p2a: Urshifu|0 fnt\n|faint|p2a: Urshifu\n|\n|-weather|SunnyDay|[upkeep]\n|upkeep\n|\n|t:|1607400941\n|switch|p2a: Tapu Fini|Tapu Fini|59\/100\n|-fieldstart|move: Misty Terrain|[from] ability: Misty Surge|[of] p2a: Tapu Fini\n|turn|13\n|\n|t:|1607400947\n|switch|p1a: Cinderace|Cinderace, F|100\/100\n|move|p2a: Tapu Fini|Surf|p1a: Cinderace\n|-supereffective|p1a: Cinderace\n|-damage|p1a: Cinderace|58\/100\n|\n|-weather|SunnyDay|[upkeep]\n|-heal|p2a: Tapu Fini|65\/100|[from] item: Leftovers\n|upkeep\n|turn|14\n|\n|t:|1607400960\n|move|p1a: Cinderace|Gunk Shot|p2a: Tapu Fini\n|-start|p1a: Cinderace|typechange|Poison|[from] ability: Libero\n|-supereffective|p2a: Tapu Fini\n|-damage|p2a: Tapu Fini|0 fnt\n|faint|p2a: Tapu Fini\n|\n|-weather|SunnyDay|[upkeep]\n|upkeep\n|\n|t:|1607400965\n|switch|p2a: Landorus|Landorus-Therian, M|93\/100\n|-ability|p2a: Landorus|Intimidate|boost\n|-unboost|p1a: Cinderace|atk|1\n|turn|15\n|\n|t:|1607400974\n|move|p1a: Cinderace|Pyro Ball|p2a: Landorus\n|-start|p1a: Cinderace|typechange|Fire|[from] ability: Libero\n|-damage|p2a: Landorus|35\/100\n|move|p2a: Landorus|Stealth Rock|p1a: Cinderace\n|-sidestart|p1: glaed13|move: Stealth Rock\n|\n|-weather|SunnyDay|[upkeep]\n|-heal|p2a: Landorus|41\/100|[from] item: Leftovers\n|upkeep\n|turn|16\n|\n|t:|1607400987\n|switch|p2a: Cinderace|Cinderace, M|100\/100\n|move|p1a: Cinderace|Pyro Ball|p2a: Cinderace\n|-resisted|p2a: Cinderace\n|-damage|p2a: Cinderace|56\/100\n|\n|-weather|SunnyDay|[upkeep]\n|upkeep\n|turn|17\n|\n|t:|1607401006\n|move|p2a: Cinderace|Pyro Ball|p1a: Cinderace\n|-resisted|p1a: Cinderace\n|-damage|p1a: Cinderace|0 fnt\n|-damage|p2a: Cinderace|46\/100|[from] item: Life Orb\n|faint|p1a: Cinderace\n|\n|-weather|SunnyDay|[upkeep]\n|-fieldend|Misty Terrain\n|upkeep\n|\n|t:|1607401012\n|switch|p1a: Moltres|Moltres|100\/100\n|turn|18\n|\n|t:|1607401018\n|move|p2a: Cinderace|Gunk Shot|p1a: Moltres|[miss]\n|-start|p2a: Cinderace|typechange|Poison|[from] ability: Libero\n|-miss|p2a: Cinderace|p1a: Moltres\n|move|p1a: Moltres|Defog|p2a: Cinderace\n|-unboost|p2a: Cinderace|evasion|1\n|-sideend|p1: glaed13|Stealth Rock|[from] move: Defog|[of] p1a: Moltres\n|\n|-weather|none\n|upkeep\n|turn|19\n|\n|t:|1607401024\n|move|p2a: Cinderace|Gunk Shot|p1a: Moltres\n|-damage|p1a: Moltres|33\/100\n|-status|p1a: Moltres|psn\n|-damage|p2a: Cinderace|36\/100|[from] item: Life Orb\n|move|p1a: Moltres|Hurricane|p2a: Cinderace\n|-damage|p2a: Cinderace|0 fnt\n|faint|p2a: Cinderace\n|\n|-damage|p1a: Moltres|20\/100 psn|[from] psn\n|upkeep\n|\n|t:|1607401033\n|switch|p2a: Xurkitree|Xurkitree|100\/100\n|turn|20\n|\n|t:|1607401040\n|move|p2a: Xurkitree|Thunderbolt|p1a: Moltres\n|-supereffective|p1a: Moltres\n|-damage|p1a: Moltres|0 fnt\n|faint|p1a: Moltres\n|-ability|p2a: Xurkitree|Beast Boost|boost\n|-boost|p2a: Xurkitree|spa|1\n|\n|upkeep\n|\n|t:|1607401049\n|switch|p1a: Zarude|Zarude|100\/100\n|turn|21\n|\n|t:|1607401053\n|switch|p2a: Landorus|Landorus-Therian, M|41\/100\n|-ability|p2a: Landorus|Intimidate|boost\n|-unboost|p1a: Zarude|atk|1\n|move|p1a: Zarude|Power Whip|p2a: Landorus\n|-damage|p2a: Landorus|0 fnt\n|faint|p2a: Landorus\n|\n|upkeep\n|\n|t:|1607401066\n|switch|p2a: Exploud|Exploud, F|100\/100\n|turn|22\n|\n|t:|1607401073\n|switch|p1a: Heatran|Heatran, M|100\/100\n|move|p2a: Exploud|Focus Blast|p1a: Heatran\n|-supereffective|p1a: Heatran\n|-damage|p1a: Heatran|0 fnt\n|faint|p1a: Heatran\n|\n|upkeep\n|\n|t:|1607401081\n|switch|p1a: Zarude|Zarude|100\/100\n|turn|23\n|\n|t:|1607401088\n|move|p1a: Zarude|Close Combat|p2a: Exploud\n|-supereffective|p2a: Exploud\n|-damage|p2a: Exploud|0 fnt\n|-unboost|p1a: Zarude|def|1\n|-unboost|p1a: Zarude|spd|1\n|faint|p2a: Exploud\n|\n|upkeep\n|\n|t:|1607401091\n|switch|p2a: Xurkitree|Xurkitree|100\/100\n|turn|24\n|\n|t:|1607401098\n|move|p2a: Xurkitree|Dazzling Gleam|p1a: Zarude\n|-supereffective|p1a: Zarude\n|-damage|p1a: Zarude|0 fnt\n|faint|p1a: Zarude\n|\n|win|rapha19\n|raw|glaed13's rating: 1333 &rarr; <strong>1313<\/strong><br \/>(-20 for losing)\n|raw|rapha19's rating: 1326 &rarr; <strong>1347<\/strong><br \/>(+21 for winning)\n|l|\u2606glaed13\n","uploadtime":1607401115,"views":8,"p1id":"glaed13","p2id":"rapha19","formatid":"gen8ou","rating":1313,"private":0,"password":null}