{"id":"gen8battlestadiumsingles-1225519401","p1":"FReEzero0","p2":"2222mm","format":"gen8battlestadiumsingles","log":"|j|\u2606FReEzero0\n|j|\u26062222mm\n|t:|1605623565\n|player|p1|FReEzero0|265|1380\n|player|p2|2222mm|winona|1344\n|teamsize|p1|6\n|teamsize|p2|6\n|gametype|singles\n|gen|8\n|tier|[Gen 8] Battle Stadium Singles\n|rated|\n|clearpoke\n|poke|p1|Cresselia, L50, F|\n|poke|p1|Dragapult, L50, F|\n|poke|p1|Hippowdon, L50, F|\n|poke|p1|Celesteela, L50|\n|poke|p1|Glastrier, L50|\n|poke|p1|Tapu Koko, L50|\n|poke|p2|Cinderace, L50, M|\n|poke|p2|Rillaboom, L50, F|\n|poke|p2|Regieleki, L50|\n|poke|p2|Landorus-Therian, L50, M|\n|poke|p2|Thundurus-Therian, L50, M|\n|poke|p2|Tapu Fini, L50|\n|rule|Species Clause: Limit one of each Pok\u00e9mon\n|rule|Item Clause: Limit one of each item\n|teampreview|3\n|\n|t:|1605623639\n|start\n|switch|p1a: Glastrier|Glastrier, L50|48\/48\n|switch|p2a: Rillaboom|Rillaboom, L50, F|48\/48\n|-fieldstart|move: Grassy Terrain|[from] ability: Grassy Surge|[of] p2a: Rillaboom\n|turn|1\n|inactive|Battle timer is ON: inactive players will automatically lose when time's up. (requested by 2222mm)\n|\n|t:|1605623664\n|-start|p1a: Glastrier|Dynamax\n|-heal|p1a: Glastrier|48\/48|[silent]\n|move|p2a: Rillaboom|U-turn|p1a: Glastrier\n|-damage|p1a: Glastrier|41\/48\n|\n|t:|1605623668\n|switch|p2a: Cinderace|Cinderace, L50, M|48\/48|[from]move: U-turn\n|move|p1a: Glastrier|Max Hailstorm|p2a: Cinderace\n|-resisted|p2a: Cinderace\n|-damage|p2a: Cinderace|20\/48\n|-weather|Hail\n|\n|-weather|Hail|[upkeep]\n|-damage|p2a: Cinderace|17\/48|[from] Hail\n|-heal|p2a: Cinderace|20\/48|[from] Grassy Terrain\n|-heal|p1a: Glastrier|43\/48|[from] Grassy Terrain\n|upkeep\n|turn|2\n|j| kame4\n|j| Usher50show\n|\n|t:|1605623691\n|switch|p2a: Rillaboom|Rillaboom, L50, F|48\/48\n|move|p1a: Glastrier|Max Quake|p2a: Rillaboom\n|-resisted|p2a: Rillaboom\n|-damage|p2a: Rillaboom|34\/48\n|-boost|p1a: Glastrier|spd|1\n|\n|-weather|Hail|[upkeep]\n|-damage|p2a: Rillaboom|31\/48|[from] Hail\n|-heal|p2a: Rillaboom|34\/48|[from] Grassy Terrain\n|-heal|p1a: Glastrier|44\/48|[from] Grassy Terrain\n|upkeep\n|turn|3\n|\n|t:|1605623708\n|move|p2a: Rillaboom|Wood Hammer|p1a: Glastrier\n|-damage|p1a: Glastrier|22\/48\n|-damage|p2a: Rillaboom|16\/48|[from] Recoil\n|move|p1a: Glastrier|Max Hailstorm|p2a: Rillaboom\n|-supereffective|p2a: Rillaboom\n|-damage|p2a: Rillaboom|0 fnt\n|faint|p2a: Rillaboom\n|-ability|p1a: Glastrier|Chilling Neigh|boost\n|-boost|p1a: Glastrier|atk|1\n|\n|-weather|Hail|[upkeep]\n|-heal|p1a: Glastrier|23\/48|[from] Grassy Terrain\n|-end|p1a: Glastrier|Dynamax\n|-heal|p1a: Glastrier|23\/48|[silent]\n|upkeep\n|\n|t:|1605623716\n|switch|p2a: Cinderace|Cinderace, L50, M|20\/48\n|turn|4\n|\n|t:|1605623731\n|switch|p1a: Hippowdon|Hippowdon, L50, F|48\/48\n|-weather|Sandstorm|[from] ability: Sand Stream|[of] p1a: Hippowdon\n|move|p2a: Cinderace|Pyro Ball|p1a: Hippowdon\n|-damage|p1a: Hippowdon|27\/48\n|-enditem|p1a: Hippowdon|Kee Berry|[eat]\n|-boost|p1a: Hippowdon|def|1|[from] item: Kee Berry\n|-damage|p2a: Cinderace|15\/48|[from] item: Life Orb\n|\n|-weather|Sandstorm|[upkeep]\n|-damage|p2a: Cinderace|12\/48|[from] Sandstorm\n|-heal|p2a: Cinderace|15\/48|[from] Grassy Terrain\n|-heal|p1a: Hippowdon|30\/48|[from] Grassy Terrain\n|upkeep\n|turn|5\n|\n|t:|1605623740\n|switch|p2a: Thundurus|Thundurus-Therian, L50, M|48\/48\n|move|p1a: Hippowdon|Slack Off|p1a: Hippowdon\n|-heal|p1a: Hippowdon|48\/48\n|\n|-weather|Sandstorm|[upkeep]\n|-damage|p2a: Thundurus|45\/48|[from] Sandstorm\n|-fieldend|move: Grassy Terrain\n|upkeep\n|turn|6\n|\n|t:|1605623752\n|move|p2a: Thundurus|Taunt|p1a: Hippowdon\n|-start|p1a: Hippowdon|move: Taunt\n|cant|p1a: Hippowdon|move: Taunt|Stealth Rock\n|\n|-weather|Sandstorm|[upkeep]\n|-damage|p2a: Thundurus|42\/48|[from] Sandstorm\n|upkeep\n|turn|7\n|\n|t:|1605623759\n|switch|p1a: Glastrier|Glastrier, L50|23\/48\n|move|p2a: Thundurus|Nasty Plot|p2a: Thundurus\n|-boost|p2a: Thundurus|spa|2\n|\n|-weather|Sandstorm|[upkeep]\n|-damage|p2a: Thundurus|39\/48|[from] Sandstorm\n|-damage|p1a: Glastrier|20\/48|[from] Sandstorm\n|upkeep\n|turn|8\n|\n|t:|1605623766\n|move|p2a: Thundurus|Thunderbolt|p1a: Glastrier\n|-damage|p1a: Glastrier|1\/48\n|move|p1a: Glastrier|Icicle Crash|p2a: Thundurus|[miss]\n|-miss|p1a: Glastrier|p2a: Thundurus\n|\n|-weather|none\n|upkeep\n|turn|9\n|\n|t:|1605623778\n|switch|p2a: Cinderace|Cinderace, L50, M|15\/48\n|move|p1a: Glastrier|Icicle Crash|p2a: Cinderace\n|-resisted|p2a: Cinderace\n|-damage|p2a: Cinderace|0 fnt\n|faint|p2a: Cinderace\n|-ability|p1a: Glastrier|Chilling Neigh|boost\n|-boost|p1a: Glastrier|atk|1\n|\n|upkeep\n|\n|t:|1605623782\n|switch|p2a: Thundurus|Thundurus-Therian, L50, M|39\/48\n|turn|10\n|\n|t:|1605623790\n|move|p2a: Thundurus|Dark Pulse|p1a: Glastrier\n|-damage|p1a: Glastrier|0 fnt\n|faint|p1a: Glastrier\n|\n|upkeep\n|\n|t:|1605623792\n|switch|p1a: Cresselia|Cresselia, L50, F|48\/48\n|turn|11\n|\n|t:|1605623802\n|move|p2a: Thundurus|Taunt|p1a: Cresselia\n|-start|p1a: Cresselia|move: Taunt\n|move|p1a: Cresselia|Stored Power|p2a: Thundurus\n|-damage|p2a: Thundurus|35\/48\n|\n|upkeep\n|turn|12\n|\n|t:|1605623810\n|move|p2a: Thundurus|Nasty Plot|p2a: Thundurus\n|-boost|p2a: Thundurus|spa|2\n|move|p1a: Cresselia|Moonblast|p2a: Thundurus\n|-damage|p2a: Thundurus|26\/48\n|-unboost|p2a: Thundurus|spa|1\n|\n|upkeep\n|turn|13\n|\n|t:|1605623821\n|move|p2a: Thundurus|Nasty Plot|p2a: Thundurus\n|-boost|p2a: Thundurus|spa|2\n|move|p1a: Cresselia|Stored Power|p2a: Thundurus\n|-damage|p2a: Thundurus|23\/48\n|-enditem|p2a: Thundurus|Sitrus Berry|[eat]\n|-heal|p2a: Thundurus|35\/48|[from] item: Sitrus Berry\n|\n|-end|p1a: Cresselia|move: Taunt\n|upkeep\n|turn|14\n|\n|t:|1605623833\n|-start|p2a: Thundurus|Dynamax\n|-heal|p2a: Thundurus|35\/48|[silent]\n|move|p2a: Thundurus|Max Darkness|p1a: Cresselia\n|-supereffective|p1a: Cresselia\n|-damage|p1a: Cresselia|0 fnt\n|faint|p1a: Cresselia\n|\n|upkeep\n|l|\u26062222mm\n|inactive|2222mm disconnected and has a minute to reconnect!\n|player|p2|\n|-message|FReEzero0 forfeited.\n|\n|win|2222mm\n|l|\u2606FReEzero0\n|j|\u26062222mm\n|player|p2|2222mm|winona\n","uploadtime":1605623859,"views":57,"p1id":"freezero0","p2id":"2222mm","formatid":"gen8battlestadiumsingles","rating":0,"private":0,"password":null}