{"id":"gen8ou-1198913551","p1":"kiwi_2187","p2":"MAVERICK SHOOTERS","format":"gen8ou","log":"|j|\u2606kiwi_2187\n|j|\u2606MAVERICK SHOOTERS\n|t:|1602010243\n|player|p1|kiwi_2187|hilbert|\n|player|p2|MAVERICK SHOOTERS|gambler|\n|teamsize|p1|6\n|teamsize|p2|6\n|gametype|singles\n|gen|8\n|tier|[Gen 8] OU\n|clearpoke\n|poke|p1|Ferrothorn, M|\n|poke|p1|Dragapult, M|\n|poke|p1|Amoonguss, M|\n|poke|p1|Clefable, M|\n|poke|p1|Rotom-Heat|\n|poke|p1|Crawdaunt, F|\n|poke|p2|Volcarona, F|\n|poke|p2|Slowbro, M|\n|poke|p2|Ferrothorn, F|\n|poke|p2|Zeraora|\n|poke|p2|Blissey, F|\n|poke|p2|Mandibuzz, F|\n|rule|Sleep Clause Mod: Limit one foe put to sleep\n|rule|Species Clause: Limit one of each Pok\u00e9mon\n|rule|OHKO Clause: OHKO moves are banned\n|rule|Evasion Moves Clause: Evasion moves are banned\n|rule|Endless Battle Clause: Forcing endless battles is banned\n|rule|HP Percentage Mod: HP is shown in percentages\n|rule|Dynamax Clause: You cannot dynamax\n|teampreview\n|c|\u2606kiwi_2187|Aight glhf\n|c|\u2606MAVERICK SHOOTERS|oh boi\n|c|\u2606MAVERICK SHOOTERS|glhf u too\n|\n|t:|1602010270\n|start\n|switch|p1a: Bae|Crawdaunt, F|100\/100\n|switch|p2a: Zeraora|Zeraora|100\/100\n|turn|1\n|\n|t:|1602010277\n|switch|p1a: Latino Heat|Rotom-Heat|100\/100\n|move|p2a: Zeraora|Volt Switch|p1a: Latino Heat\n|-resisted|p1a: Latino Heat\n|-damage|p1a: Latino Heat|89\/100\n|\n|t:|1602010285\n|switch|p2a: Blissey|Blissey, F|100\/100|[from]move: Volt Switch\n|\n|upkeep\n|turn|2\n|\n|t:|1602010291\n|move|p1a: Latino Heat|Volt Switch|p2a: Blissey\n|-damage|p2a: Blissey|92\/100\n|\n|t:|1602010297\n|switch|p1a: Thorny af|Ferrothorn, M|100\/100|[from]move: Volt Switch\n|move|p2a: Blissey|Toxic|p1a: Thorny af\n|-immune|p1a: Thorny af\n|\n|-heal|p2a: Blissey|98\/100|[from] item: Leftovers\n|upkeep\n|turn|3\n|\n|t:|1602010303\n|switch|p2a: Mandibuzz|Mandibuzz, F|100\/100\n|move|p1a: Thorny af|Spikes|p2a: Mandibuzz\n|-sidestart|p2: MAVERICK SHOOTERS|Spikes\n|\n|upkeep\n|turn|4\n|\n|t:|1602010307\n|move|p2a: Mandibuzz|Foul Play|p1a: Thorny af\n|-damage|p1a: Thorny af|83\/100\n|-damage|p2a: Mandibuzz|88\/100|[from] ability: Iron Barbs|[of] p1a: Thorny af\n|move|p1a: Thorny af|Knock Off|p2a: Mandibuzz\n|-resisted|p2a: Mandibuzz\n|-damage|p2a: Mandibuzz|82\/100\n|-enditem|p2a: Mandibuzz|Heavy-Duty Boots|[from] move: Knock Off|[of] p1a: Thorny af\n|\n|-heal|p1a: Thorny af|89\/100|[from] item: Leftovers\n|upkeep\n|turn|5\n|\n|t:|1602010314\n|move|p2a: Mandibuzz|Roost|p2a: Mandibuzz\n|-heal|p2a: Mandibuzz|100\/100\n|-singleturn|p2a: Mandibuzz|move: Roost\n|move|p1a: Thorny af|Spikes|p2a: Mandibuzz\n|-sidestart|p2: MAVERICK SHOOTERS|Spikes\n|\n|-heal|p1a: Thorny af|95\/100|[from] item: Leftovers\n|upkeep\n|turn|6\n|\n|t:|1602010318\n|switch|p1a: Latino Heat|Rotom-Heat|89\/100\n|move|p2a: Mandibuzz|Defog|p1a: Latino Heat\n|-unboost|p1a: Latino Heat|evasion|1\n|-sideend|p2: MAVERICK SHOOTERS|Spikes|[from] move: Defog|[of] p2a: Mandibuzz\n|\n|upkeep\n|turn|7\n|\n|t:|1602010333\n|switch|p2a: Blissey|Blissey, F|98\/100\n|move|p1a: Latino Heat|Overheat|p2a: Blissey\n|-damage|p2a: Blissey|80\/100\n|-unboost|p1a: Latino Heat|spa|2\n|\n|-heal|p2a: Blissey|86\/100|[from] item: Leftovers\n|upkeep\n|turn|8\n|\n|t:|1602010340\n|switch|p2a: Zeraora|Zeraora|100\/100\n|move|p1a: Latino Heat|Volt Switch|p2a: Zeraora\n|-immune|p2a: Zeraora|[from] ability: Volt Absorb\n|\n|upkeep\n|turn|9\n|c|\u2606MAVERICK SHOOTERS|omg the plays\n|c|\u2606kiwi_2187|Nice read\n|\n|t:|1602010353\n|switch|p1a: Thorny af|Ferrothorn, M|95\/100\n|move|p2a: Zeraora|Knock Off|p1a: Thorny af\n|-damage|p1a: Thorny af|77\/100\n|-damage|p2a: Zeraora|88\/100|[from] ability: Iron Barbs|[of] p1a: Thorny af\n|-enditem|p1a: Thorny af|Leftovers|[from] move: Knock Off|[of] p2a: Zeraora\n|\n|upkeep\n|turn|10\n|c|\u2606MAVERICK SHOOTERS|thank you\n|inactive|Battle timer is ON: inactive players will automatically lose when time's up. (requested by kiwi_2187)\n|\n|t:|1602010372\n|move|p2a: Zeraora|Volt Switch|p1a: Thorny af\n|-resisted|p1a: Thorny af\n|-damage|p1a: Thorny af|65\/100\n|inactiveoff|Battle timer is now OFF.\n|\n|t:|1602010385\n|switch|p2a: Volcarona|Volcarona, F|100\/100|[from]move: Volt Switch\n|move|p1a: Thorny af|Body Press|p2a: Volcarona\n|-resisted|p2a: Volcarona\n|-damage|p2a: Volcarona|79\/100\n|\n|upkeep\n|turn|11\n|\n|t:|1602010393\n|switch|p1a: Bae|Crawdaunt, F|100\/100\n|move|p2a: Volcarona|Fiery Dance|p1a: Bae\n|-resisted|p1a: Bae\n|-damage|p1a: Bae|63\/100\n|\n|upkeep\n|turn|12\n|\n|t:|1602010401\n|switch|p2a: Ferrothorn|Ferrothorn, F|100\/100\n|move|p1a: Bae|Close Combat|p2a: Ferrothorn\n|-supereffective|p2a: Ferrothorn\n|-damage|p2a: Ferrothorn|23\/100\n|-unboost|p1a: Bae|def|1\n|-unboost|p1a: Bae|spd|1\n|-damage|p1a: Bae|51\/100|[from] ability: Iron Barbs|[of] p2a: Ferrothorn\n|\n|-heal|p2a: Ferrothorn|29\/100|[from] item: Leftovers\n|upkeep\n|turn|13\n|\n|t:|1602010412\n|switch|p2a: Mandibuzz|Mandibuzz, F|100\/100\n|move|p1a: Bae|Close Combat|p2a: Mandibuzz\n|-damage|p2a: Mandibuzz|62\/100\n|-unboost|p1a: Bae|def|1\n|-unboost|p1a: Bae|spd|1\n|\n|upkeep\n|turn|14\n|\n|t:|1602010417\n|switch|p1a: Latino Heat|Rotom-Heat|89\/100\n|move|p2a: Mandibuzz|U-turn|p1a: Latino Heat\n|-resisted|p1a: Latino Heat\n|-damage|p1a: Latino Heat|83\/100\n|\n|t:|1602010437\n|switch|p2a: Volcarona|Volcarona, F|79\/100|[from]move: U-turn\n|\n|upkeep\n|turn|15\n|\n|t:|1602010458\n|switch|p2a: Zeraora|Zeraora|88\/100\n|move|p1a: Latino Heat|Volt Switch|p2a: Zeraora\n|-heal|p2a: Zeraora|100\/100|[from] ability: Volt Absorb|[of] p1a: Latino Heat\n|\n|upkeep\n|turn|16\n|\n|t:|1602010485\n|switch|p2a: Blissey|Blissey, F|86\/100\n|move|p1a: Latino Heat|Overheat|p2a: Blissey|[miss]\n|-miss|p1a: Latino Heat|p2a: Blissey\n|\n|-heal|p2a: Blissey|92\/100|[from] item: Leftovers\n|upkeep\n|turn|17\n|\n|t:|1602010493\n|move|p1a: Latino Heat|Volt Switch|p2a: Blissey\n|-damage|p2a: Blissey|83\/100\n|\n|t:|1602010495\n|switch|p1a: Thorny af|Ferrothorn, M|65\/100|[from]move: Volt Switch\n|move|p2a: Blissey|Teleport|p2a: Blissey\n|\n|t:|1602010499\n|switch|p2a: Volcarona|Volcarona, F|79\/100|[from]move: Teleport\n|\n|upkeep\n|turn|18\n|\n|t:|1602010503\n|move|p2a: Volcarona|Bug Buzz|p1a: Thorny af\n|-damage|p1a: Thorny af|27\/100\n|move|p1a: Thorny af|Knock Off|p2a: Volcarona\n|-damage|p2a: Volcarona|48\/100\n|-enditem|p2a: Volcarona|Heavy-Duty Boots|[from] move: Knock Off|[of] p1a: Thorny af\n|\n|upkeep\n|turn|19\n|c|\u2606MAVERICK SHOOTERS|nice read\n|\n|t:|1602010515\n|switch|p1a: Latino Heat|Rotom-Heat|83\/100\n|move|p2a: Volcarona|Bug Buzz|p1a: Latino Heat\n|-resisted|p1a: Latino Heat\n|-damage|p1a: Latino Heat|67\/100\n|\n|upkeep\n|turn|20\n|c|\u2606kiwi_2187|Thanks\n|\n|t:|1602010528\n|move|p2a: Volcarona|Roost|p2a: Volcarona\n|-heal|p2a: Volcarona|98\/100\n|-singleturn|p2a: Volcarona|move: Roost\n|move|p1a: Latino Heat|Volt Switch|p2a: Volcarona\n|-damage|p2a: Volcarona|72\/100\n|\n|t:|1602010531\n|switch|p1a: Bae|Crawdaunt, F|51\/100|[from]move: Volt Switch\n|\n|upkeep\n|turn|21\n|\n|t:|1602010557\n|switch|p2a: Mandibuzz|Mandibuzz, F|62\/100\n|move|p1a: Bae|Aqua Jet|p2a: Mandibuzz\n|-damage|p2a: Mandibuzz|38\/100\n|\n|upkeep\n|turn|22\n|\n|t:|1602010587\n|switch|p1a: Cringe|Clefable, M|100\/100\n|move|p2a: Mandibuzz|Roost|p2a: Mandibuzz\n|-heal|p2a: Mandibuzz|88\/100\n|-singleturn|p2a: Mandibuzz|move: Roost\n|\n|upkeep\n|turn|23\n|\n|t:|1602010590\n|move|p2a: Mandibuzz|U-turn|p1a: Cringe\n|-resisted|p1a: Cringe\n|-damage|p1a: Cringe|95\/100\n|\n|t:|1602010600\n|switch|p2a: Blissey|Blissey, F|83\/100|[from]move: U-turn\n|move|p1a: Cringe|Stealth Rock|p2a: Blissey\n|-sidestart|p2: MAVERICK SHOOTERS|move: Stealth Rock\n|\n|-heal|p2a: Blissey|89\/100|[from] item: Leftovers\n|upkeep\n|turn|24\n|\n|t:|1602010607\n|move|p1a: Cringe|Trick|p2a: Blissey\n|-activate|p1a: Cringe|move: Trick|[of] p2a: Blissey\n|-enditem|p2a: Blissey|Leftovers|[silent]|[from] move: Trick\n|-item|p1a: Cringe|Leftovers|[from] move: Trick\n|move|p2a: Blissey|Teleport|p2a: Blissey\n|\n|t:|1602010656\n|switch|p2a: Slowbro|Slowbro, M|100\/100|[from]move: Teleport\n|\n|-heal|p1a: Cringe|100\/100|[from] item: Leftovers\n|upkeep\n|turn|25\n|\n|t:|1602010661\n|move|p1a: Cringe|Moonblast|p2a: Slowbro\n|-damage|p2a: Slowbro|71\/100\n|move|p2a: Slowbro|Future Sight|p1a: Cringe\n|-start|p2a: Slowbro|move: Future Sight\n|\n|upkeep\n|turn|26\n|\n|t:|1602010668\n|move|p1a: Cringe|Moonblast|p2a: Slowbro\n|-damage|p2a: Slowbro|41\/100\n|-unboost|p2a: Slowbro|spa|1\n|move|p2a: Slowbro|Teleport|p2a: Slowbro\n|\n|t:|1602010680\n|switch|p2a: Ferrothorn|Ferrothorn, F|29\/100|[from]move: Teleport\n|-damage|p2a: Ferrothorn|23\/100|[from] Stealth Rock\n|\n|-heal|p2a: Ferrothorn|29\/100|[from] item: Leftovers\n|upkeep\n|turn|27\n|\n|t:|1602010685\n|move|p1a: Cringe|Moonblast|p2a: Ferrothorn\n|-resisted|p2a: Ferrothorn\n|-damage|p2a: Ferrothorn|15\/100\n|move|p2a: Ferrothorn|Knock Off|p1a: Cringe\n|-resisted|p1a: Cringe\n|-damage|p1a: Cringe|90\/100\n|-enditem|p1a: Cringe|Leftovers|[from] move: Knock Off|[of] p2a: Ferrothorn\n|\n|-end|p1a: Cringe|move: Future Sight\n|-damage|p1a: Cringe|62\/100\n|-heal|p2a: Ferrothorn|21\/100|[from] item: Leftovers\n|upkeep\n|turn|28\n|\n|t:|1602010697\n|move|p1a: Cringe|Moonblast|p2a: Ferrothorn\n|-resisted|p2a: Ferrothorn\n|-damage|p2a: Ferrothorn|8\/100\n|move|p2a: Ferrothorn|Stealth Rock|p1a: Cringe\n|-sidestart|p1: kiwi_2187|move: Stealth Rock\n|\n|-heal|p2a: Ferrothorn|14\/100|[from] item: Leftovers\n|upkeep\n|turn|29\n|\n|t:|1602010706\n|move|p1a: Cringe|Moonblast|p2a: Ferrothorn\n|-resisted|p2a: Ferrothorn\n|-damage|p2a: Ferrothorn|0 fnt\n|faint|p2a: Ferrothorn\n|\n|upkeep\n|\n|t:|1602010729\n|switch|p2a: Zeraora|Zeraora|100\/100\n|-damage|p2a: Zeraora|88\/100|[from] Stealth Rock\n|turn|30\n|\n|t:|1602010735\n|move|p2a: Zeraora|Plasma Fists|p1a: Cringe\n|-damage|p1a: Cringe|10\/100\n|-fieldactivate|move: Ion Deluge\n|move|p1a: Cringe|Soft-Boiled|p1a: Cringe\n|-heal|p1a: Cringe|60\/100\n|\n|upkeep\n|turn|31\n|\n|t:|1602010743\n|switch|p1a: Latino Heat|Rotom-Heat|67\/100\n|move|p2a: Zeraora|Plasma Fists|p1a: Latino Heat\n|-resisted|p1a: Latino Heat\n|-damage|p1a: Latino Heat|36\/100\n|-fieldactivate|move: Ion Deluge\n|\n|upkeep\n|turn|32\n|\n|t:|1602010763\n|move|p2a: Zeraora|Close Combat|p1a: Latino Heat\n|-damage|p1a: Latino Heat|0 fnt\n|-unboost|p2a: Zeraora|def|1\n|-unboost|p2a: Zeraora|spd|1\n|faint|p1a: Latino Heat\n|\n|upkeep\n|\n|t:|1602010795\n|switch|p1a: Bae|Crawdaunt, F|51\/100\n|-damage|p1a: Bae|39\/100|[from] Stealth Rock\n|turn|33\n|\n|t:|1602010820\n|switch|p2a: Slowbro|Slowbro, M|74\/100\n|move|p1a: Bae|Aqua Jet|p2a: Slowbro\n|-resisted|p2a: Slowbro\n|-damage|p2a: Slowbro|61\/100\n|\n|upkeep\n|turn|34\n|\n|t:|1602010830\n|switch|p1a: Spitfire|Dragapult, M|100\/100\n|-damage|p1a: Spitfire|88\/100|[from] Stealth Rock\n|switch|p2a: Mandibuzz|Mandibuzz, F|88\/100\n|-damage|p2a: Mandibuzz|63\/100|[from] Stealth Rock\n|\n|-damage|p2a: Mandibuzz|51\/100|[from] item: Sticky Barb\n|upkeep\n|turn|35\n|\n|t:|1602010838\n|move|p1a: Spitfire|Thunder Wave|p2a: Mandibuzz\n|-status|p2a: Mandibuzz|par\n|move|p2a: Mandibuzz|Foul Play|p1a: Spitfire\n|-supereffective|p1a: Spitfire\n|-damage|p1a: Spitfire|5\/100\n|\n|-damage|p2a: Mandibuzz|39\/100 par|[from] item: Sticky Barb\n|upkeep\n|turn|36\n|\n|t:|1602010848\n|move|p1a: Spitfire|Draco Meteor|p2a: Mandibuzz\n|-crit|p2a: Mandibuzz\n|-damage|p2a: Mandibuzz|0 fnt\n|-unboost|p1a: Spitfire|spa|2\n|faint|p2a: Mandibuzz\n|\n|upkeep\n|c|\u2606MAVERICK SHOOTERS|crit :\/\n|c|\u2606MAVERICK SHOOTERS|i think it mattered\n|c|\u2606kiwi_2187|Lmao\n|\n|t:|1602010866\n|switch|p2a: Zeraora|Zeraora|88\/100\n|-damage|p2a: Zeraora|76\/100|[from] Stealth Rock\n|turn|37\n|c|\u2606kiwi_2187|Same\n|c|\u2606kiwi_2187|Also just checking ur joking lol\n|c|\u2606kiwi_2187|Actually it depends\n|c|\u2606kiwi_2187|What is your spread\n|\n|t:|1602010954\n|move|p2a: Zeraora|Knock Off|p1a: Spitfire\n|-supereffective|p1a: Spitfire\n|-damage|p1a: Spitfire|0 fnt\n|-enditem|p1a: Spitfire|Spell Tag|[from] move: Knock Off|[of] p2a: Zeraora\n|faint|p1a: Spitfire\n|\n|upkeep\n|c|\u2606MAVERICK SHOOTERS|nah it didnt matter\n|\n|t:|1602010962\n|switch|p1a: Thorny af|Ferrothorn, M|27\/100\n|-damage|p1a: Thorny af|20\/100|[from] Stealth Rock\n|turn|38\n|c|\u2606MAVERICK SHOOTERS|i only had a 1% chance to live\n|\n|t:|1602010981\n|move|p2a: Zeraora|Close Combat|p1a: Thorny af\n|-supereffective|p1a: Thorny af\n|-damage|p1a: Thorny af|0 fnt\n|-unboost|p2a: Zeraora|def|1\n|-unboost|p2a: Zeraora|spd|1\n|-damage|p2a: Zeraora|64\/100|[from] ability: Iron Barbs|[of] p1a: Thorny af\n|faint|p1a: Thorny af\n|\n|upkeep\n|c|\u2606kiwi_2187|Ok lol\n|\n|t:|1602010988\n|switch|p1a: Bae|Crawdaunt, F|39\/100\n|-damage|p1a: Bae|26\/100|[from] Stealth Rock\n|turn|39\n|\n|t:|1602011005\n|switch|p2a: Volcarona|Volcarona, F|72\/100\n|-damage|p2a: Volcarona|22\/100|[from] Stealth Rock\n|move|p1a: Bae|Aqua Jet|p2a: Volcarona\n|-supereffective|p2a: Volcarona\n|-damage|p2a: Volcarona|0 fnt\n|faint|p2a: Volcarona\n|\n|upkeep\n|\n|t:|1602011012\n|switch|p2a: Slowbro|Slowbro, M|94\/100\n|turn|40\n|\n|t:|1602011015\n|switch|p1a: Shroooooom|Amoonguss, M|100\/100\n|-damage|p1a: Shroooooom|88\/100|[from] Stealth Rock\n|move|p2a: Slowbro|Scald|p1a: Shroooooom\n|-resisted|p1a: Shroooooom\n|-damage|p1a: Shroooooom|78\/100\n|\n|-heal|p1a: Shroooooom|84\/100|[from] item: Black Sludge\n|upkeep\n|turn|41\n|\n|t:|1602011025\n|move|p1a: Shroooooom|Toxic|p2a: Slowbro\n|-status|p2a: Slowbro|tox\n|move|p2a: Slowbro|Future Sight|p1a: Shroooooom\n|-start|p2a: Slowbro|move: Future Sight\n|\n|-heal|p1a: Shroooooom|90\/100|[from] item: Black Sludge\n|-damage|p2a: Slowbro|88\/100 tox|[from] psn\n|upkeep\n|turn|42\n|\n|t:|1602011030\n|move|p1a: Shroooooom|Giga Drain|p2a: Slowbro\n|-supereffective|p2a: Slowbro\n|-damage|p2a: Slowbro|39\/100 tox\n|-heal|p1a: Shroooooom|100\/100|[from] drain|[of] p2a: Slowbro\n|move|p2a: Slowbro|Teleport|p2a: Slowbro\n|\n|t:|1602011057\n|switch|p2a: Zeraora|Zeraora|64\/100|[from]move: Teleport\n|-damage|p2a: Zeraora|51\/100|[from] Stealth Rock\n|\n|upkeep\n|turn|43\n|\n|t:|1602011062\n|move|p2a: Zeraora|Knock Off|p1a: Shroooooom\n|-damage|p1a: Shroooooom|76\/100\n|-enditem|p1a: Shroooooom|Black Sludge|[from] move: Knock Off|[of] p2a: Zeraora\n|move|p1a: Shroooooom|Spore|p2a: Zeraora\n|-status|p2a: Zeraora|slp|[from] move: Spore\n|\n|-end|p1a: Shroooooom|move: Future Sight\n|-supereffective|p1a: Shroooooom\n|-damage|p1a: Shroooooom|7\/100\n|upkeep\n|turn|44\n|\n|t:|1602011070\n|switch|p1a: Bae|Crawdaunt, F|26\/100\n|-damage|p1a: Bae|14\/100|[from] Stealth Rock\n|cant|p2a: Zeraora|slp\n|\n|upkeep\n|turn|45\n|\n|t:|1602011079\n|switch|p2a: Blissey|Blissey, F|89\/100\n|-damage|p2a: Blissey|77\/100|[from] Stealth Rock\n|move|p1a: Bae|Knock Off|p2a: Blissey\n|-damage|p2a: Blissey|14\/100\n|\n|upkeep\n|turn|46\n|\n|t:|1602011085\n|move|p1a: Bae|Knock Off|p2a: Blissey\n|-damage|p2a: Blissey|0 fnt\n|faint|p2a: Blissey\n|\n|upkeep\n|\n|t:|1602011090\n|switch|p2a: Slowbro|Slowbro, M|72\/100 tox\n|turn|47\n|\n|t:|1602011094\n|move|p1a: Bae|Knock Off|p2a: Slowbro\n|-supereffective|p2a: Slowbro\n|-damage|p2a: Slowbro|0 fnt\n|-enditem|p2a: Slowbro|Heavy-Duty Boots|[from] move: Knock Off|[of] p1a: Bae\n|faint|p2a: Slowbro\n|\n|upkeep\n|\n|t:|1602011098\n|switch|p2a: Zeraora|Zeraora|51\/100 slp\n|-damage|p2a: Zeraora|39\/100 slp|[from] Stealth Rock\n|turn|48\n|c|\u2606MAVERICK SHOOTERS|gg\n|c|\u2606MAVERICK SHOOTERS|the sleep messed me up\n|c|\u2606kiwi_2187|Gg bro\n|\n|t:|1602011111\n|switch|p1a: Shroooooom|Amoonguss, M|41\/100\n|-damage|p1a: Shroooooom|28\/100|[from] Stealth Rock\n|cant|p2a: Zeraora|slp\n|\n|upkeep\n|turn|49\n|c|\u2606kiwi_2187|Yeah\n|\n|t:|1602011123\n|switch|p1a: Cringe|Clefable, M|60\/100\n|cant|p2a: Zeraora|slp\n|\n|upkeep\n|turn|50\n|\n|t:|1602011128\n|-curestatus|p2a: Zeraora|slp|[msg]\n|move|p2a: Zeraora|Plasma Fists|p1a: Cringe\n|-damage|p1a: Cringe|7\/100\n|-fieldactivate|move: Ion Deluge\n|move|p1a: Cringe|Moonblast|p2a: Zeraora\n|-damage|p2a: Zeraora|0 fnt\n|faint|p2a: Zeraora\n|\n|win|kiwi_2187\n|c|\u2606kiwi_2187|Unlucky and wp\n|c|\u2606MAVERICK SHOOTERS|mainly ur crawdaunt\n|c|\u2606MAVERICK SHOOTERS|it was the main prob\n|c|\u2606kiwi_2187|Yeee crawdaunt op\n|c|\u2606MAVERICK SHOOTERS|was ur crawdaunt banded?\n|c|\u2606kiwi_2187|Yeee\n","uploadtime":1602011187,"views":21,"p1id":"kiwi2187","p2id":"maverickshooters","formatid":"gen8ou","rating":0,"private":0,"password":null}