{"id":"gen8ou-1651806945","p1":"tykester20","p2":"Scoots Mgee","format":"gen8ou","log":"|j|\u2606tykester20\n|j|\u2606Scoots Mgee\n|t:|1661862886\n|gametype|singles\n|player|p1|tykester20|lucas-gen4pt|1425\n|player|p2|Scoots Mgee|acetrainerf|1381\n|teamsize|p1|6\n|teamsize|p2|6\n|gen|8\n|tier|[Gen 8] OU\n|rated|\n|rule|Sleep Clause Mod: Limit one foe put to sleep\n|rule|Species Clause: Limit one of each Pok\u00e9mon\n|rule|OHKO Clause: OHKO moves are banned\n|rule|Evasion Items Clause: Evasion items are banned\n|rule|Evasion Moves Clause: Evasion moves are banned\n|rule|Endless Battle Clause: Forcing endless battles is banned\n|rule|HP Percentage Mod: HP is shown in percentages\n|rule|Dynamax Clause: You cannot dynamax\n|clearpoke\n|poke|p1|Nidoking, M|\n|poke|p1|Dragapult, M|\n|poke|p1|Melmetal|\n|poke|p1|Slowbro, F|\n|poke|p1|Tyranitar, M|\n|poke|p1|Zapdos|\n|poke|p2|Gastrodon, M|\n|poke|p2|Ferrothorn, F|\n|poke|p2|Urshifu-*, M|\n|poke|p2|Hippowdon, M|\n|poke|p2|Heatran, M|\n|poke|p2|Zapdos|\n|teampreview\n|inactive|Battle timer is ON: inactive players will automatically lose when time's up. (requested by Scoots Mgee)\n|inactive|tykester20 also wants the timer to be on.\n|\n|t:|1661862899\n|start\n|switch|p1a: Dragapult|Dragapult, M|100\/100\n|switch|p2a: Urshifu|Urshifu-Rapid-Strike, M|100\/100\n|turn|1\n|\n|t:|1661862903\n|switch|p2a: Hippowdon|Hippowdon, M|100\/100\n|-weather|Sandstorm|[from] ability: Sand Stream|[of] p2a: Hippowdon\n|move|p1a: Dragapult|Flamethrower|p2a: Hippowdon\n|-damage|p2a: Hippowdon|70\/100\n|\n|-weather|Sandstorm|[upkeep]\n|-damage|p1a: Dragapult|95\/100|[from] Sandstorm\n|-heal|p2a: Hippowdon|76\/100|[from] item: Leftovers\n|upkeep\n|turn|2\n|\n|t:|1661862911\n|switch|p1a: Slowbro|Slowbro, F, shiny|100\/100\n|move|p2a: Hippowdon|Toxic|p1a: Slowbro\n|-status|p1a: Slowbro|tox\n|\n|-weather|Sandstorm|[upkeep]\n|-damage|p1a: Slowbro|94\/100 tox|[from] Sandstorm\n|-heal|p2a: Hippowdon|82\/100|[from] item: Leftovers\n|-damage|p1a: Slowbro|88\/100 tox|[from] psn\n|upkeep\n|turn|3\n|inactive|tykester20 has 120 seconds left.\n|inactive|tykester20 has 90 seconds left.\n|l|\u2606tykester20\n|inactive|tykester20 disconnected and has a minute to reconnect!\n|player|p1|\n|inactive|tykester20 has 30 seconds to reconnect!\n|inactive|tykester20 has 20 seconds to reconnect!\n|inactive|tykester20 has 15 seconds to reconnect!\n|j|\u2606tykester20\n|inactive|tykester20 reconnected and has 45 seconds left.\n|player|p1|tykester20|lucas-gen4pt\n|\n|t:|1661863022\n|move|p2a: Hippowdon|Stealth Rock|p1a: Slowbro\n|-sidestart|p1: tykester20|move: Stealth Rock\n|move|p1a: Slowbro|Scald|p2a: Hippowdon\n|-supereffective|p2a: Hippowdon\n|-damage|p2a: Hippowdon|43\/100\n|\n|-weather|Sandstorm|[upkeep]\n|-damage|p1a: Slowbro|82\/100 tox|[from] Sandstorm\n|-heal|p2a: Hippowdon|49\/100|[from] item: Leftovers\n|-damage|p1a: Slowbro|70\/100 tox|[from] psn\n|upkeep\n|turn|4\n|\n|t:|1661863028\n|move|p2a: Hippowdon|Slack Off|p2a: Hippowdon\n|-heal|p2a: Hippowdon|99\/100\n|move|p1a: Slowbro|Teleport|p1a: Slowbro\n|\n|t:|1661863039\n|switch|p1a: Zapdos|Zapdos|100\/100|[from]move: Teleport\n|\n|-weather|Sandstorm|[upkeep]\n|-damage|p1a: Zapdos|94\/100|[from] Sandstorm\n|-heal|p2a: Hippowdon|100\/100|[from] item: Leftovers\n|upkeep\n|turn|5\n|\n|t:|1661863044\n|move|p1a: Zapdos|Hurricane|p2a: Hippowdon\n|-damage|p2a: Hippowdon|67\/100\n|move|p2a: Hippowdon|Toxic|p1a: Zapdos\n|-status|p1a: Zapdos|tox\n|\n|-weather|none\n|-heal|p2a: Hippowdon|74\/100|[from] item: Leftovers\n|-damage|p1a: Zapdos|88\/100 tox|[from] psn\n|upkeep\n|turn|6\n|\n|t:|1661863050\n|move|p1a: Zapdos|Defog|p2a: Hippowdon\n|-unboost|p2a: Hippowdon|evasion|1\n|-sideend|p1: tykester20|Stealth Rock|[from] move: Defog|[of] p1a: Zapdos\n|move|p2a: Hippowdon|Slack Off|p2a: Hippowdon\n|-heal|p2a: Hippowdon|100\/100\n|\n|-damage|p1a: Zapdos|76\/100 tox|[from] psn\n|upkeep\n|turn|7\n|\n|t:|1661863064\n|switch|p1a: Slowbro|Slowbro, F, shiny|100\/100 tox\n|move|p2a: Hippowdon|Stealth Rock|p1a: Slowbro\n|-sidestart|p1: tykester20|move: Stealth Rock\n|\n|-damage|p1a: Slowbro|94\/100 tox|[from] psn\n|upkeep\n|turn|8\n|\n|t:|1661863068\n|move|p2a: Hippowdon|Earthquake|p1a: Slowbro\n|-damage|p1a: Slowbro|73\/100 tox\n|move|p1a: Slowbro|Future Sight|p2a: Hippowdon\n|-start|p1a: Slowbro|move: Future Sight\n|\n|-damage|p1a: Slowbro|61\/100 tox|[from] psn\n|upkeep\n|turn|9\n|\n|t:|1661863075\n|move|p2a: Hippowdon|Earthquake|p1a: Slowbro\n|-damage|p1a: Slowbro|38\/100 tox\n|move|p1a: Slowbro|Scald|p2a: Hippowdon\n|-supereffective|p2a: Hippowdon\n|-damage|p2a: Hippowdon|61\/100\n|-status|p2a: Hippowdon|brn\n|\n|-heal|p2a: Hippowdon|68\/100 brn|[from] item: Leftovers\n|-damage|p1a: Slowbro|20\/100 tox|[from] psn\n|-damage|p2a: Hippowdon|61\/100 brn|[from] brn\n|upkeep\n|turn|10\n|\n|t:|1661863082\n|switch|p1a: Zapdos|Zapdos|76\/100 tox\n|move|p2a: Hippowdon|Slack Off|p2a: Hippowdon\n|-heal|p2a: Hippowdon|100\/100 brn\n|\n|-end|p2a: Hippowdon|move: Future Sight\n|-damage|p2a: Hippowdon|69\/100 brn\n|-heal|p2a: Hippowdon|75\/100 brn|[from] item: Leftovers\n|-damage|p1a: Zapdos|70\/100 tox|[from] psn\n|-damage|p2a: Hippowdon|69\/100 brn|[from] brn\n|upkeep\n|turn|11\n|\n|t:|1661863086\n|move|p1a: Zapdos|Hurricane|p2a: Hippowdon\n|-damage|p2a: Hippowdon|39\/100 brn\n|move|p2a: Hippowdon|Stealth Rock||[still]\n|-fail|p2a: Hippowdon\n|\n|-heal|p2a: Hippowdon|45\/100 brn|[from] item: Leftovers\n|-damage|p1a: Zapdos|58\/100 tox|[from] psn\n|-damage|p2a: Hippowdon|39\/100 brn|[from] brn\n|upkeep\n|turn|12\n|\n|t:|1661863105\n|move|p1a: Zapdos|Roost|p1a: Zapdos\n|-heal|p1a: Zapdos|100\/100 tox\n|-singleturn|p1a: Zapdos|move: Roost\n|move|p2a: Hippowdon|Slack Off|p2a: Hippowdon\n|-heal|p2a: Hippowdon|89\/100 brn\n|\n|-heal|p2a: Hippowdon|95\/100 brn|[from] item: Leftovers\n|-damage|p1a: Zapdos|82\/100 tox|[from] psn\n|-damage|p2a: Hippowdon|89\/100 brn|[from] brn\n|upkeep\n|turn|13\n|inactive|tykester20 has 120 seconds left.\n|\n|t:|1661863138\n|switch|p1a: Slowbro|Slowbro, F, shiny|53\/100 tox\n|move|p2a: Hippowdon|Stealth Rock||[still]\n|-fail|p2a: Hippowdon\n|\n|-heal|p2a: Hippowdon|95\/100 brn|[from] item: Leftovers\n|-damage|p1a: Slowbro|47\/100 tox|[from] psn\n|-damage|p2a: Hippowdon|89\/100 brn|[from] brn\n|upkeep\n|turn|14\n|inactive|tykester20 has 90 seconds left.\n|\n|t:|1661863181\n|move|p2a: Hippowdon|Earthquake|p1a: Slowbro\n|-damage|p1a: Slowbro|36\/100 tox\n|move|p1a: Slowbro|Teleport|p1a: Slowbro\n|\n|t:|1661863186\n|switch|p1a: Zapdos|Zapdos|82\/100 tox|[from]move: Teleport\n|\n|-heal|p2a: Hippowdon|95\/100 brn|[from] item: Leftovers\n|-damage|p1a: Zapdos|76\/100 tox|[from] psn\n|-damage|p2a: Hippowdon|89\/100 brn|[from] brn\n|upkeep\n|turn|15\n|\n|t:|1661863196\n|move|p1a: Zapdos|Hurricane|p2a: Hippowdon\n|-damage|p2a: Hippowdon|55\/100 brn\n|move|p2a: Hippowdon|Slack Off|p2a: Hippowdon\n|-heal|p2a: Hippowdon|100\/100 brn\n|\n|-damage|p1a: Zapdos|64\/100 tox|[from] psn\n|-damage|p2a: Hippowdon|94\/100 brn|[from] brn\n|upkeep\n|turn|16\n|inactive|tykester20 has 90 seconds left.\n|\n|t:|1661863212\n|move|p1a: Zapdos|Hurricane|p2a: Hippowdon\n|-damage|p2a: Hippowdon|60\/100 brn\n|move|p2a: Hippowdon|Earthquake|p1a: Zapdos\n|-immune|p1a: Zapdos\n|\n|-heal|p2a: Hippowdon|67\/100 brn|[from] item: Leftovers\n|-damage|p1a: Zapdos|46\/100 tox|[from] psn\n|-damage|p2a: Hippowdon|60\/100 brn|[from] brn\n|upkeep\n|turn|17\n|inactive|tykester20 has 90 seconds left.\n|\n|t:|1661863218\n|move|p1a: Zapdos|Roost|p1a: Zapdos\n|-heal|p1a: Zapdos|97\/100 tox\n|-singleturn|p1a: Zapdos|move: Roost\n|move|p2a: Hippowdon|Slack Off|p2a: Hippowdon\n|-heal|p2a: Hippowdon|100\/100 brn\n|\n|-damage|p1a: Zapdos|73\/100 tox|[from] psn\n|-damage|p2a: Hippowdon|94\/100 brn|[from] brn\n|upkeep\n|turn|18\n|\n|t:|1661863223\n|switch|p1a: Slowbro|Slowbro, F, shiny|69\/100 tox\n|move|p2a: Hippowdon|Stealth Rock||[still]\n|-fail|p2a: Hippowdon\n|\n|-heal|p2a: Hippowdon|100\/100 brn|[from] item: Leftovers\n|-damage|p1a: Slowbro|63\/100 tox|[from] psn\n|-damage|p2a: Hippowdon|94\/100 brn|[from] brn\n|upkeep\n|turn|19\n|\n|t:|1661863230\n|move|p2a: Hippowdon|Earthquake|p1a: Slowbro\n|-damage|p1a: Slowbro|52\/100 tox\n|move|p1a: Slowbro|Scald|p2a: Hippowdon\n|-supereffective|p2a: Hippowdon\n|-damage|p2a: Hippowdon|51\/100 brn\n|\n|-heal|p2a: Hippowdon|58\/100 brn|[from] item: Leftovers\n|-damage|p1a: Slowbro|40\/100 tox|[from] psn\n|-damage|p2a: Hippowdon|51\/100 brn|[from] brn\n|upkeep\n|turn|20\n|\n|t:|1661863248\n|move|p2a: Hippowdon|Slack Off|p2a: Hippowdon\n|-heal|p2a: Hippowdon|100\/100 brn\n|move|p1a: Slowbro|Slack Off|p1a: Slowbro\n|-heal|p1a: Slowbro|90\/100 tox\n|\n|-damage|p1a: Slowbro|71\/100 tox|[from] psn\n|-damage|p2a: Hippowdon|94\/100 brn|[from] brn\n|upkeep\n|turn|21\n|inactive|tykester20 has 120 seconds left.\n|\n|t:|1661863254\n|switch|p2a: Heatran|Heatran, M|100\/100\n|move|p1a: Slowbro|Teleport|p1a: Slowbro\n|\n|t:|1661863259\n|switch|p1a: Tyranitar|Tyranitar, M|100\/100|[from]move: Teleport\n|-damage|p1a: Tyranitar|88\/100|[from] Stealth Rock\n|-weather|Sandstorm|[from] ability: Sand Stream|[of] p1a: Tyranitar\n|\n|-weather|Sandstorm|[upkeep]\n|-heal|p1a: Tyranitar|94\/100|[from] item: Leftovers\n|upkeep\n|turn|22\n|\n|t:|1661863264\n|switch|p2a: Hippowdon|Hippowdon, M|94\/100 brn\n|move|p1a: Tyranitar|Stealth Rock|p2a: Hippowdon\n|-sidestart|p2: Scoots Mgee|move: Stealth Rock\n|\n|-weather|Sandstorm|[upkeep]\n|-heal|p1a: Tyranitar|100\/100|[from] item: Leftovers\n|-heal|p2a: Hippowdon|100\/100 brn|[from] item: Leftovers\n|-damage|p2a: Hippowdon|94\/100 brn|[from] brn\n|upkeep\n|turn|23\n|inactive|tykester20 has 120 seconds left.\n|\n|t:|1661863295\n|switch|p1a: Zapdos|Zapdos|73\/100 tox\n|switch|p2a: Zapdos|Zapdos|100\/100\n|\n|-weather|Sandstorm|[upkeep]\n|-damage|p2a: Zapdos|94\/100|[from] Sandstorm\n|-damage|p1a: Zapdos|67\/100 tox|[from] Sandstorm\n|-damage|p1a: Zapdos|61\/100 tox|[from] psn\n|upkeep\n|turn|24\n|inactive|tykester20 has 120 seconds left.\n|\n|t:|1661863301\n|move|p2a: Zapdos|U-turn|p1a: Zapdos\n|-resisted|p1a: Zapdos\n|-damage|p1a: Zapdos|56\/100 tox\n|\n|t:|1661863306\n|switch|p2a: Gastrodon|Gastrodon, M|100\/100|[from]move: U-turn\n|move|p1a: Zapdos|Discharge|p2a: Gastrodon\n|-immune|p2a: Gastrodon\n|\n|-weather|Sandstorm|[upkeep]\n|-damage|p1a: Zapdos|50\/100 tox|[from] Sandstorm\n|-damage|p1a: Zapdos|38\/100 tox|[from] psn\n|upkeep\n|turn|25\n|inactive|tykester20 has 120 seconds left.\n|\n|t:|1661863327\n|switch|p1a: Dragapult|Dragapult, M|95\/100\n|-damage|p1a: Dragapult|82\/100|[from] Stealth Rock\n|move|p2a: Gastrodon|Earthquake|p1a: Dragapult\n|-damage|p1a: Dragapult|39\/100\n|\n|-weather|none\n|upkeep\n|turn|26\n|\n|t:|1661863331\n|move|p1a: Dragapult|Draco Meteor|p2a: Gastrodon\n|-damage|p2a: Gastrodon|41\/100\n|-unboost|p1a: Dragapult|spa|2\n|move|p2a: Gastrodon|Earthquake|p1a: Dragapult\n|-damage|p1a: Dragapult|0 fnt\n|faint|p1a: Dragapult\n|\n|upkeep\n|\n|t:|1661863339\n|switch|p1a: Melmetal|Melmetal|100\/100\n|-damage|p1a: Melmetal|94\/100|[from] Stealth Rock\n|turn|27\n|\n|t:|1661863342\n|switch|p2a: Ferrothorn|Ferrothorn, F|100\/100\n|-damage|p2a: Ferrothorn|95\/100|[from] Stealth Rock\n|move|p1a: Melmetal|Earthquake|p2a: Ferrothorn\n|-damage|p2a: Ferrothorn|69\/100\n|\n|upkeep\n|turn|28\n|\n|t:|1661863349\n|switch|p2a: Zapdos|Zapdos|94\/100\n|move|p1a: Melmetal|Thunder Wave|p2a: Zapdos\n|-immune|p2a: Zapdos\n|\n|upkeep\n|turn|29\n|\n|t:|1661863354\n|move|p2a: Zapdos|U-turn|p1a: Melmetal\n|-resisted|p1a: Melmetal\n|-damage|p1a: Melmetal|91\/100\n|\n|t:|1661863355\n|switch|p2a: Ferrothorn|Ferrothorn, F|69\/100|[from]move: U-turn\n|-damage|p2a: Ferrothorn|63\/100|[from] Stealth Rock\n|move|p1a: Melmetal|Ice Punch|p2a: Ferrothorn\n|-damage|p2a: Ferrothorn|42\/100\n|-activate|p2a: Ferrothorn|ability: Iron Barbs\n|-activate|p1a: Melmetal|item: Protective Pads\n|\n|upkeep\n|turn|30\n|\n|t:|1661863360\n|move|p1a: Melmetal|Earthquake|p2a: Ferrothorn\n|-damage|p2a: Ferrothorn|19\/100\n|move|p2a: Ferrothorn|Leech Seed|p1a: Melmetal\n|-start|p1a: Melmetal|move: Leech Seed\n|\n|-damage|p1a: Melmetal|78\/100|[from] Leech Seed|[of] p2a: Ferrothorn\n|-heal|p2a: Ferrothorn|34\/100|[silent]\n|upkeep\n|turn|31\n|\n|t:|1661863365\n|switch|p1a: Nidoking|Nidoking, M, shiny|100\/100\n|-damage|p1a: Nidoking|95\/100|[from] Stealth Rock\n|move|p2a: Ferrothorn|Protect||[still]\n|-fail|p2a: Ferrothorn\n|\n|upkeep\n|turn|32\n|\n|t:|1661863369\n|switch|p2a: Hippowdon|Hippowdon, M|94\/100 brn\n|-damage|p2a: Hippowdon|88\/100 brn|[from] Stealth Rock\n|-weather|Sandstorm|[from] ability: Sand Stream|[of] p2a: Hippowdon\n|move|p1a: Nidoking|Ice Beam|p2a: Hippowdon\n|-supereffective|p2a: Hippowdon\n|-damage|p2a: Hippowdon|30\/100 brn\n|\n|-weather|Sandstorm|[upkeep]\n|-heal|p2a: Hippowdon|36\/100 brn|[from] item: Leftovers\n|-damage|p2a: Hippowdon|30\/100 brn|[from] brn\n|upkeep\n|turn|33\n|inactive|tykester20 has 120 seconds left.\n|\n|t:|1661863419\n|move|p1a: Nidoking|Ice Beam|p2a: Hippowdon\n|-supereffective|p2a: Hippowdon\n|-damage|p2a: Hippowdon|0 fnt\n|faint|p2a: Hippowdon\n|\n|-weather|Sandstorm|[upkeep]\n|upkeep\n|\n|t:|1661863421\n|switch|p2a: Urshifu|Urshifu-Rapid-Strike, M|100\/100\n|-damage|p2a: Urshifu|94\/100|[from] Stealth Rock\n|turn|34\n|\n|t:|1661863425\n|switch|p1a: Slowbro|Slowbro, F, shiny|100\/100 tox\n|move|p2a: Urshifu|U-turn|p1a: Slowbro\n|-supereffective|p1a: Slowbro\n|-damage|p1a: Slowbro|72\/100 tox\n|\n|t:|1661863427\n|switch|p2a: Zapdos|Zapdos|94\/100|[from]move: U-turn\n|\n|-weather|Sandstorm|[upkeep]\n|-damage|p2a: Zapdos|88\/100|[from] Sandstorm\n|-damage|p1a: Slowbro|66\/100 tox|[from] Sandstorm\n|-damage|p1a: Slowbro|60\/100 tox|[from] psn\n|upkeep\n|turn|35\n|\n|t:|1661863430\n|switch|p1a: Tyranitar|Tyranitar, M|100\/100\n|-damage|p1a: Tyranitar|88\/100|[from] Stealth Rock\n|move|p2a: Zapdos|U-turn|p1a: Tyranitar\n|-supereffective|p1a: Tyranitar\n|-damage|p1a: Tyranitar|66\/100\n|\n|t:|1661863432\n|switch|p2a: Urshifu|Urshifu-Rapid-Strike, M|94\/100|[from]move: U-turn\n|-damage|p2a: Urshifu|88\/100|[from] Stealth Rock\n|\n|-weather|Sandstorm|[upkeep]\n|-damage|p2a: Urshifu|82\/100|[from] Sandstorm\n|-heal|p1a: Tyranitar|72\/100|[from] item: Leftovers\n|upkeep\n|turn|36\n|\n|t:|1661863440\n|switch|p1a: Zapdos|Zapdos|38\/100 tox\n|move|p2a: Urshifu|Close Combat|p1a: Zapdos\n|-resisted|p1a: Zapdos\n|-damage|p1a: Zapdos|14\/100 tox\n|-unboost|p2a: Urshifu|def|1\n|-unboost|p2a: Urshifu|spd|1\n|-status|p2a: Urshifu|par|[from] ability: Static|[of] p1a: Zapdos\n|\n|-weather|none\n|-damage|p1a: Zapdos|8\/100 tox|[from] psn\n|upkeep\n|turn|37\n|\n|t:|1661863446\n|switch|p1a: Slowbro|Slowbro, F, shiny|93\/100 tox\n|move|p2a: Urshifu|Close Combat|p1a: Slowbro\n|-resisted|p1a: Slowbro\n|-damage|p1a: Slowbro|76\/100 tox\n|-unboost|p2a: Urshifu|def|1\n|-unboost|p2a: Urshifu|spd|1\n|\n|-damage|p1a: Slowbro|70\/100 tox|[from] psn\n|upkeep\n|turn|38\n|\n|t:|1661863457\n|switch|p2a: Gastrodon|Gastrodon, M|41\/100\n|move|p1a: Slowbro|Future Sight|p2a: Gastrodon\n|-start|p1a: Slowbro|move: Future Sight\n|\n|-damage|p1a: Slowbro|57\/100 tox|[from] psn\n|upkeep\n|turn|39\n|inactive|tykester20 has 120 seconds left.\n|\n|t:|1661863491\n|move|p2a: Gastrodon|Recover|p2a: Gastrodon\n|-heal|p2a: Gastrodon|91\/100\n|move|p1a: Slowbro|Teleport|p1a: Slowbro\n|inactive|tykester20 has 120 seconds left.\n|\n|t:|1661863497\n|switch|p1a: Melmetal|Melmetal|78\/100|[from]move: Teleport\n|-damage|p1a: Melmetal|72\/100|[from] Stealth Rock\n|\n|upkeep\n|turn|40\n|\n|t:|1661863502\n|move|p1a: Melmetal|Earthquake|p2a: Gastrodon\n|-damage|p2a: Gastrodon|48\/100\n|move|p2a: Gastrodon|Scald|p1a: Melmetal\n|-damage|p1a: Melmetal|48\/100\n|\n|-end|p2a: Gastrodon|move: Future Sight\n|-damage|p2a: Gastrodon|21\/100\n|upkeep\n|turn|41\n|\n|t:|1661863511\n|switch|p2a: Zapdos|Zapdos|88\/100\n|move|p1a: Melmetal|Ice Punch|p2a: Zapdos\n|-supereffective|p2a: Zapdos\n|-damage|p2a: Zapdos|32\/100\n|\n|upkeep\n|turn|42\n|\n|t:|1661863522\n|move|p2a: Zapdos|Discharge|p1a: Melmetal\n|-damage|p1a: Melmetal|15\/100\n|move|p1a: Melmetal|Earthquake|p2a: Zapdos\n|-immune|p2a: Zapdos\n|\n|upkeep\n|turn|43\n|\n|t:|1661863528\n|move|p2a: Zapdos|Roost|p2a: Zapdos\n|-heal|p2a: Zapdos|82\/100\n|-singleturn|p2a: Zapdos|move: Roost\n|move|p1a: Melmetal|Double Iron Bash|p2a: Zapdos\n|-resisted|p2a: Zapdos\n|-damage|p2a: Zapdos|62\/100\n|-resisted|p2a: Zapdos\n|-damage|p2a: Zapdos|43\/100\n|-hitcount|p2a: Zapdos|2\n|\n|upkeep\n|turn|44\n|\n|t:|1661863538\n|move|p2a: Zapdos|Discharge|p1a: Melmetal\n|-damage|p1a: Melmetal|0 fnt\n|faint|p1a: Melmetal\n|\n|upkeep\n|\n|t:|1661863545\n|switch|p1a: Nidoking|Nidoking, M, shiny|95\/100\n|-damage|p1a: Nidoking|89\/100|[from] Stealth Rock\n|turn|45\n|\n|t:|1661863548\n|move|p1a: Nidoking|Ice Beam|p2a: Zapdos\n|-supereffective|p2a: Zapdos\n|-damage|p2a: Zapdos|0 fnt\n|faint|p2a: Zapdos\n|\n|upkeep\n|\n|t:|1661863553\n|switch|p2a: Urshifu|Urshifu-Rapid-Strike, M|82\/100 par\n|-damage|p2a: Urshifu|76\/100 par|[from] Stealth Rock\n|turn|46\n|\n|t:|1661863557\n|switch|p1a: Slowbro|Slowbro, F, shiny|91\/100 tox\n|cant|p2a: Urshifu|par\n|\n|-damage|p1a: Slowbro|84\/100 tox|[from] psn\n|upkeep\n|turn|47\n|\n|t:|1661863560\n|move|p2a: Urshifu|U-turn|p1a: Slowbro\n|-supereffective|p1a: Slowbro\n|-damage|p1a: Slowbro|58\/100 tox\n|\n|t:|1661863564\n|switch|p2a: Heatran|Heatran, M|100\/100|[from]move: U-turn\n|-damage|p2a: Heatran|88\/100|[from] Stealth Rock\n|move|p1a: Slowbro|Teleport|p1a: Slowbro\n|\n|t:|1661863567\n|switch|p1a: Nidoking|Nidoking, M, shiny|89\/100|[from]move: Teleport\n|-damage|p1a: Nidoking|83\/100|[from] Stealth Rock\n|\n|upkeep\n|turn|48\n|\n|t:|1661863570\n|move|p1a: Nidoking|Earth Power|p2a: Heatran\n|-supereffective|p2a: Heatran\n|-damage|p2a: Heatran|0 fnt\n|faint|p2a: Heatran\n|\n|upkeep\n|-message|Scoots Mgee forfeited.\n|\n|win|tykester20\n|raw|tykester20's rating: 1425 &rarr; <strong>1441<\/strong><br \/>(+16 for winning)\n|raw|Scoots Mgee's rating: 1361 &rarr; <strong>1345<\/strong><br \/>(-16 for losing)\n|l|\u2606Scoots Mgee\n","uploadtime":1661863577,"views":9,"p1id":"tykester20","p2id":"scootsmgee","formatid":"gen8ou","rating":1345,"private":0,"password":null}