{"id":"gen8partnersincrime-1660396254","p1":"A3720","p2":"Asb04","format":"gen8partnersincrime","log":"|j|\u2606A3720\n|j|\u2606Asb04\n|t:|1662764516\n|gametype|doubles\n|player|p1|A3720|101|1248\n|player|p2|Asb04|101|1211\n|teamsize|p1|6\n|teamsize|p2|6\n|gen|8\n|tier|[Gen 8] Partners in Crime\n|rated|\n|rule|Species Clause: Limit one of each Pok\u00e9mon\n|rule|OHKO Clause: OHKO moves are banned\n|rule|Evasion Moves Clause: Evasion moves are banned\n|rule|Gravity Sleep Clause: The combination of sleep-inducing moves with imperfect accuracy and Gravity or Gigantamax Orbeetle are banned\n|rule|Endless Battle Clause: Forcing endless battles is banned\n|rule|HP Percentage Mod: HP is shown in percentages\n|rule|Dynamax Clause: You cannot dynamax\n|clearpoke\n|poke|p1|Kartana|\n|poke|p1|Perrserker, F|\n|poke|p1|Heatran, M|\n|poke|p1|Rillaboom, M|\n|poke|p1|Milotic, F|\n|poke|p1|Latias, F|\n|poke|p2|Scizor, F|\n|poke|p2|Lycanroc-Dusk, F|\n|poke|p2|Urshifu-*, F|\n|poke|p2|Zapdos-Galar|\n|poke|p2|Rillaboom, F|\n|poke|p2|Stonjourner, M|\n|teampreview\n|\n|t:|1662764539\n|start\n|switch|p1a: Kartana|Kartana|100\/100\n|switch|p1b: Perrserker|Perrserker, F|100\/100\n|switch|p2a: Zapdos|Zapdos-Galar|100\/100\n|switch|p2b: Stonjourner|Stonjourner, M|100\/100\n|turn|1\n|\n|t:|1662764562\n|move|p2a: Zapdos|Protect|p2a: Zapdos\n|-singleturn|p2a: Zapdos|Protect\n|move|p2b: Stonjourner|Protect|p2b: Stonjourner\n|-singleturn|p2b: Stonjourner|Protect\n|move|p1b: Perrserker|Fake Out|p2a: Zapdos\n|-activate|p2a: Zapdos|move: Protect\n|move|p1a: Kartana|Iron Head|p2a: Zapdos\n|-activate|p2a: Zapdos|move: Protect\n|\n|upkeep\n|turn|2\n|\n|t:|1662764579\n|move|p1a: Kartana|Iron Head|p2a: Zapdos\n|-damage|p2a: Zapdos|0 fnt\n|faint|p2a: Zapdos\n|-ability|p1a: Kartana|Beast Boost|boost\n|-boost|p1a: Kartana|atk|1\n|-damage|p1a: Kartana|91\/100|[from] item: Life Orb\n|move|p2b: Stonjourner|Heat Crash|p1a: Kartana\n|-supereffective|p1a: Kartana\n|-damage|p1a: Kartana|0 fnt\n|faint|p1a: Kartana\n|move|p1b: Perrserker|Iron Head|p2b: Stonjourner\n|-supereffective|p2b: Stonjourner\n|-damage|p2b: Stonjourner|17\/100\n|\n|upkeep\n|\n|t:|1662764600\n|switch|p1a: Rillaboom|Rillaboom, M|100\/100\n|switch|p2a: Urshifu|Urshifu-Rapid-Strike, F|100\/100\n|-fieldstart|move: Grassy Terrain|[from] ability: Grassy Surge|[of] p1b: Perrserker\n|turn|3\n|\n|t:|1662764628\n|switch|p2a: Scizor|Scizor, F|100\/100\n|move|p1a: Rillaboom|Fake Out|p2a: Scizor\n|-resisted|p2a: Scizor\n|-damage|p2a: Scizor|94\/100\n|move|p2b: Stonjourner|Aqua Jet|p1b: Perrserker\n|-damage|p1b: Perrserker|72\/100\n|move|p1b: Perrserker|Iron Head|p2b: Stonjourner\n|-supereffective|p2b: Stonjourner\n|-damage|p2b: Stonjourner|0 fnt\n|faint|p2b: Stonjourner\n|\n|-heal|p2a: Scizor|100\/100|[from] Grassy Terrain\n|-heal|p1b: Perrserker|79\/100|[from] Grassy Terrain\n|upkeep\n|\n|t:|1662764649\n|switch|p2b: Lycanroc|Lycanroc-Dusk, F|100\/100\n|turn|4\n|\n|t:|1662764678\n|move|p2b: Lycanroc|Close Combat|p1b: Perrserker\n|-supereffective|p1b: Perrserker\n|-damage|p1b: Perrserker|0 fnt\n|-unboost|p2b: Lycanroc|def|1\n|-unboost|p2b: Lycanroc|spd|1\n|faint|p1b: Perrserker\n|move|p1a: Rillaboom|U-turn|p2b: Lycanroc\n|-damage|p2b: Lycanroc|40\/100\n|\n|t:|1662764683\n|switch|p1a: Heatran|Heatran, M|100\/100|[from]move: U-turn\n|move|p2a: Scizor|Swords Dance|p2a: Scizor\n|-boost|p2a: Scizor|atk|2\n|\n|-heal|p2b: Lycanroc|46\/100|[from] Grassy Terrain\n|upkeep\n|\n|t:|1662764692\n|switch|p1b: Rillaboom|Rillaboom, M|100\/100\n|turn|5\n|\n|t:|1662764714\n|move|p2b: Lycanroc|Accelerock|p1b: Rillaboom\n|-damage|p1b: Rillaboom|65\/100\n|move|p1b: Rillaboom|Grassy Glide|p2b: Lycanroc\n|-supereffective|p2b: Lycanroc\n|-damage|p2b: Lycanroc|0 fnt\n|faint|p2b: Lycanroc\n|move|p2a: Scizor|Bullet Punch|p1b: Rillaboom\n|-damage|p1b: Rillaboom|7\/100\n|move|p1a: Heatran|Heat Wave|p2a: Scizor\n|-supereffective|p2a: Scizor\n|-damage|p2a: Scizor|0 fnt\n|faint|p2a: Scizor\n|-damage|p1a: Heatran|91\/100|[from] item: Life Orb\n|\n|-heal|p1a: Heatran|97\/100|[from] Grassy Terrain\n|-heal|p1b: Rillaboom|13\/100|[from] Grassy Terrain\n|upkeep\n|\n|t:|1662764725\n|switch|p2b: Rillaboom|Rillaboom, F|100\/100\n|switch|p2a: Urshifu|Urshifu-Rapid-Strike, F|100\/100\n|turn|6\n|\n|t:|1662764772\n|switch|p1a: Latias|Latias, F|100\/100\n|move|p2b: Rillaboom|Grassy Glide|p1b: Rillaboom\n|-resisted|p1b: Rillaboom\n|-damage|p1b: Rillaboom|0 fnt\n|faint|p1b: Rillaboom\n|move|p2a: Urshifu|Surging Strikes|p1a: Latias\n|-resisted|p1a: Latias\n|-crit|p1a: Latias\n|-damage|p1a: Latias|90\/100\n|-resisted|p1a: Latias\n|-crit|p1a: Latias\n|-damage|p1a: Latias|79\/100\n|-resisted|p1a: Latias\n|-crit|p1a: Latias\n|-damage|p1a: Latias|68\/100\n|-hitcount|p1a: Latias|3\n|\n|upkeep\n|\n|t:|1662764793\n|switch|p1b: Milotic|Milotic, F|100\/100\n|turn|7\n|\n|t:|1662764808\n|move|p1b: Milotic|Helping Hand|p1a: Latias\n|-singleturn|p1a: Latias|Helping Hand|[of] p1b: Milotic\n|move|p2b: Rillaboom|Grassy Glide|p1b: Milotic\n|-supereffective|p1b: Milotic\n|-damage|p1b: Milotic|0 fnt\n|faint|p1b: Milotic\n|move|p1a: Latias|Psyshock|p2a: Urshifu\n|-supereffective|p2a: Urshifu\n|-damage|p2a: Urshifu|0 fnt\n|faint|p2a: Urshifu\n|\n|-fieldend|move: Grassy Terrain\n|upkeep\n|\n|t:|1662764816\n|switch|p1b: Heatran|Heatran, M|97\/100\n|turn|8\n|-message|Asb04 forfeited.\n|\n|win|A3720\n|raw|A3720's rating: 1248 &rarr; <strong>1270<\/strong><br \/>(+22 for winning)\n|raw|Asb04's rating: 1211 &rarr; <strong>1189<\/strong><br \/>(-22 for losing)\n|l|\u2606Asb04\n|l|\u2606A3720\n||Ladder isn't responding, score probably updated but might not have (Request timeout).\n","uploadtime":1662764860,"views":3,"p1id":"a3720","p2id":"asb04","formatid":"gen8partnersincrime","rating":1189,"private":0,"password":null}