{"id":"gen8nationaldex-1243661846","p1":"TheBallsmaSpace","p2":"Ayante","format":"gen8nationaldex","log":"|j|\u2606TheBallsmaSpace\n|j|\u2606Ayante\n|t:|1607977481\n|player|p1|TheBallsmaSpace|unknown|\n|player|p2|Ayante|koga|\n|teamsize|p1|6\n|teamsize|p2|6\n|gametype|singles\n|gen|8\n|tier|[Gen 8] National Dex\n|rated|Tournament battle\n|clearpoke\n|poke|p1|Charizard, M|\n|poke|p1|Rillaboom, M|\n|poke|p1|Regieleki|\n|poke|p1|Serperior, M|\n|poke|p1|Clefable, M|\n|poke|p1|Magearna|\n|poke|p2|Tapu Fini|\n|poke|p2|Landorus-Therian, M|\n|poke|p2|Heatran, F|\n|poke|p2|Kyurem|\n|poke|p2|Cinderace, M|\n|poke|p2|Swampert, M|\n|rule|HP Percentage Mod: HP is shown in percentages\n|rule|Endless Battle Clause: Forcing endless battles is banned\n|rule|OHKO Clause: OHKO moves are banned\n|rule|Evasion Moves Clause: Evasion moves are banned\n|rule|Species Clause: Limit one of each Pok\u00e9mon\n|rule|Dynamax Clause: You cannot dynamax\n|rule|Sleep Clause Mod: Limit one foe put to sleep\n|teampreview\n|j| Dragonicos\n|\n|t:|1607977503\n|start\n|switch|p1a: Feo|Charizard, M, shiny|100\/100\n|switch|p2a: Cinderace|Cinderace, M|100\/100\n|turn|1\n|\n|t:|1607977514\n|detailschange|p1a: Feo|Charizard-Mega-Y, M, shiny\n|-mega|p1a: Feo|Charizard|Charizardite Y\n|-weather|SunnyDay|[from] ability: Drought|[of] p1a: Feo\n|move|p2a: Cinderace|U-turn|p1a: Feo\n|-start|p2a: Cinderace|typechange|Bug|[from] ability: Libero\n|-resisted|p1a: Feo\n|-damage|p1a: Feo|88\/100\n|\n|t:|1607977517\n|switch|p2a: Heatran|Heatran, F|100\/100|[from]move: U-turn\n|move|p1a: Feo|Ancient Power|p2a: Heatran\n|-damage|p2a: Heatran|86\/100\n|-boost|p1a: Feo|atk|1\n|-boost|p1a: Feo|def|1\n|-boost|p1a: Feo|spa|1\n|-boost|p1a: Feo|spd|1\n|-boost|p1a: Feo|spe|1\n|\n|-weather|SunnyDay|[upkeep]\n|-heal|p2a: Heatran|92\/100|[from] item: Leftovers\n|upkeep\n|turn|2\n|\n|t:|1607977529\n|move|p1a: Feo|Ancient Power|p2a: Heatran\n|-damage|p2a: Heatran|71\/100\n|move|p2a: Heatran|Magma Storm|p1a: Feo\n|-resisted|p1a: Feo\n|-damage|p1a: Feo|66\/100\n|-activate|p1a: Feo|move: Magma Storm|[of] p2a: Heatran\n|\n|-weather|SunnyDay|[upkeep]\n|-heal|p2a: Heatran|78\/100|[from] item: Leftovers\n|-damage|p1a: Feo|53\/100|[from] move: Magma Storm|[partiallytrapped]\n|upkeep\n|turn|3\n|\n|t:|1607977537\n|move|p1a: Feo|Air Slash|p2a: Heatran\n|-resisted|p2a: Heatran\n|-damage|p2a: Heatran|57\/100\n|move|p2a: Heatran|Toxic|p1a: Feo\n|-status|p1a: Feo|tox\n|\n|-weather|SunnyDay|[upkeep]\n|-heal|p2a: Heatran|63\/100|[from] item: Leftovers\n|-damage|p1a: Feo|47\/100 tox|[from] psn\n|-damage|p1a: Feo|35\/100 tox|[from] move: Magma Storm|[partiallytrapped]\n|upkeep\n|turn|4\n|\n|t:|1607977541\n|move|p1a: Feo|Ancient Power|p2a: Heatran\n|-damage|p2a: Heatran|41\/100\n|move|p2a: Heatran|Magma Storm|p1a: Feo\n|-resisted|p1a: Feo\n|-damage|p1a: Feo|11\/100 tox\n|\n|-weather|SunnyDay|[upkeep]\n|-heal|p2a: Heatran|48\/100|[from] item: Leftovers\n|-damage|p1a: Feo|0 fnt|[from] psn\n|faint|p1a: Feo\n|upkeep\n|\n|t:|1607977556\n|switch|p1a: Regieleki|Regieleki|100\/100\n|turn|5\n|c| Dragonicos|Para algo le dieron scorching sands :(\n|c|\u2606TheBallsmaSpace|Creo que de un thrash lo mato\n|\n|t:|1607977596\n|switch|p2a: Landorus|Landorus-Therian, M|100\/100\n|-ability|p2a: Landorus|Intimidate|boost\n|-unboost|p1a: Regieleki|atk|1\n|move|p1a: Regieleki|Wild Charge|p2a: Landorus\n|-immune|p2a: Landorus\n|\n|-weather|none\n|upkeep\n|turn|6\n|\n|t:|1607977607\n|switch|p1a: Rillaboom|Rillaboom, M|100\/100\n|-fieldstart|move: Grassy Terrain|[from] ability: Grassy Surge|[of] p1a: Rillaboom\n|-enditem|p1a: Rillaboom|Grassy Seed\n|-boost|p1a: Rillaboom|def|1|[from] item: Grassy Seed\n|move|p2a: Landorus|U-turn|p1a: Rillaboom\n|-supereffective|p1a: Rillaboom\n|-damage|p1a: Rillaboom|72\/100\n|\n|t:|1607977617\n|switch|p2a: Cinderace|Cinderace, M|100\/100|[from]move: U-turn\n|\n|-heal|p1a: Rillaboom|78\/100|[from] Grassy Terrain\n|upkeep\n|turn|7\n|\n|t:|1607977626\n|move|p2a: Cinderace|Pyro Ball|p1a: Rillaboom\n|-supereffective|p1a: Rillaboom\n|-damage|p1a: Rillaboom|4\/100\n|move|p1a: Rillaboom|Bulk Up|p1a: Rillaboom\n|-boost|p1a: Rillaboom|atk|1\n|-boost|p1a: Rillaboom|def|1\n|\n|-heal|p1a: Rillaboom|10\/100|[from] Grassy Terrain\n|upkeep\n|turn|8\n|\n|t:|1607977635\n|move|p1a: Rillaboom|Grassy Glide|p2a: Cinderace\n|-resisted|p2a: Cinderace\n|-damage|p2a: Cinderace|42\/100\n|move|p2a: Cinderace|Pyro Ball|p1a: Rillaboom\n|-supereffective|p1a: Rillaboom\n|-damage|p1a: Rillaboom|0 fnt\n|faint|p1a: Rillaboom\n|\n|-heal|p2a: Cinderace|48\/100|[from] Grassy Terrain\n|upkeep\n|\n|t:|1607977648\n|switch|p1a: Regieleki|Regieleki|100\/100\n|turn|9\n|\n|t:|1607977658\n|switch|p2a: Landorus|Landorus-Therian, M|100\/100\n|-ability|p2a: Landorus|Intimidate|boost\n|-unboost|p1a: Regieleki|atk|1\n|move|p1a: Regieleki|Thrash|p2a: Landorus\n|-damage|p2a: Landorus|74\/100\n|\n|-heal|p2a: Landorus|80\/100|[from] item: Leftovers\n|upkeep\n|turn|10\n|\n|t:|1607977663\n|move|p1a: Regieleki|Thrash|p2a: Landorus|[from]lockedmove\n|-damage|p2a: Landorus|53\/100\n|-start|p1a: Regieleki|confusion|[fatigue]\n|move|p2a: Landorus|U-turn|p1a: Regieleki\n|-damage|p1a: Regieleki|54\/100\n|\n|t:|1607977668\n|switch|p2a: Swampert|Swampert, M|100\/100|[from]move: U-turn\n|\n|-heal|p1a: Regieleki|60\/100|[from] Grassy Terrain\n|-fieldend|move: Grassy Terrain\n|upkeep\n|turn|11\n|\n|t:|1607977685\n|switch|p1a: Legal|Clefable, M, shiny|100\/100\n|detailschange|p2a: Swampert|Swampert-Mega, M\n|-mega|p2a: Swampert|Swampert|Swampertite\n|move|p2a: Swampert|Ice Punch|p1a: Legal\n|-damage|p1a: Legal|79\/100\n|\n|upkeep\n|turn|12\n|\n|t:|1607977698\n|move|p2a: Swampert|Power-Up Punch|p1a: Legal\n|-resisted|p1a: Legal\n|-damage|p1a: Legal|73\/100\n|-boost|p2a: Swampert|atk|1\n|move|p1a: Legal|Cosmic Power|p1a: Legal\n|-boost|p1a: Legal|def|1\n|-boost|p1a: Legal|spd|1\n|\n|upkeep\n|turn|13\n|\n|t:|1607977701\n|move|p2a: Swampert|Earthquake|p1a: Legal\n|-damage|p1a: Legal|45\/100\n|move|p1a: Legal|Rest|p1a: Legal\n|-status|p1a: Legal|slp|[from] move: Rest\n|-heal|p1a: Legal|100\/100 slp|[silent]\n|-enditem|p1a: Legal|Chesto Berry|[eat]\n|-curestatus|p1a: Legal|slp|[msg]\n|\n|upkeep\n|turn|14\n|\n|t:|1607977709\n|switch|p2a: Heatran|Heatran, F|48\/100\n|move|p1a: Legal|Cosmic Power|p1a: Legal\n|-boost|p1a: Legal|def|1\n|-boost|p1a: Legal|spd|1\n|\n|-heal|p2a: Heatran|54\/100|[from] item: Leftovers\n|upkeep\n|turn|15\n|j| ByTeZenT\n|c| Dragonicos|La leyenda del meha swampert fuera de lluvia era cierta :)\n|\n|t:|1607977720\n|move|p2a: Heatran|Magma Storm|p1a: Legal\n|-damage|p1a: Legal|81\/100\n|-activate|p1a: Legal|move: Magma Storm|[of] p2a: Heatran\n|move|p1a: Legal|Charge Beam|p2a: Heatran\n|-crit|p2a: Heatran\n|-damage|p2a: Heatran|43\/100\n|-boost|p1a: Legal|spa|1\n|\n|-heal|p2a: Heatran|49\/100|[from] item: Leftovers\n|-damage|p1a: Legal|69\/100|[from] move: Magma Storm|[partiallytrapped]\n|upkeep\n|turn|16\n|\n|t:|1607977726\n|move|p2a: Heatran|Toxic|p1a: Legal\n|-status|p1a: Legal|tox\n|move|p1a: Legal|Stored Power|p2a: Heatran\n|-resisted|p2a: Heatran\n|-damage|p2a: Heatran|37\/100\n|\n|-heal|p2a: Heatran|44\/100|[from] item: Leftovers\n|-damage|p1a: Legal|63\/100 tox|[from] psn\n|-damage|p1a: Legal|50\/100 tox|[from] move: Magma Storm|[partiallytrapped]\n|upkeep\n|turn|17\n|\n|t:|1607977732\n|move|p2a: Heatran|Taunt|p1a: Legal\n|-start|p1a: Legal|move: Taunt\n|cant|p1a: Legal|move: Taunt|Rest\n|\n|-heal|p2a: Heatran|50\/100|[from] item: Leftovers\n|-damage|p1a: Legal|38\/100 tox|[from] psn\n|-damage|p1a: Legal|26\/100 tox|[from] move: Magma Storm|[partiallytrapped]\n|upkeep\n|turn|18\n|\n|t:|1607977737\n|move|p2a: Heatran|Earth Power|p1a: Legal\n|-damage|p1a: Legal|13\/100 tox\n|move|p1a: Legal|Stored Power|p2a: Heatran\n|-resisted|p2a: Heatran\n|-damage|p2a: Heatran|38\/100\n|\n|-heal|p2a: Heatran|44\/100|[from] item: Leftovers\n|-damage|p1a: Legal|0 fnt|[from] psn\n|faint|p1a: Legal\n|upkeep\n|\n|t:|1607977749\n|switch|p1a: Regieleki|Regieleki|60\/100\n|turn|19\n|c| Dragonicos|Destruyendo sue\u00f1os, el pokemon\n|inactive|Battle timer is ON: inactive players will automatically lose when time's up. (requested by TheBallsmaSpace)\n|c|\u2606TheBallsmaSpace|Ah es verdad\n|\n|t:|1607977798\n|switch|p2a: Swampert|Swampert-Mega, M|100\/100\n|move|p1a: Regieleki|Bounce||[still]\n|-prepare|p1a: Regieleki|Bounce\n|\n|upkeep\n|turn|20\n|\n|t:|1607977804\n|move|p1a: Regieleki|Bounce|p2a: Swampert|[from]lockedmove\n|-damage|p2a: Swampert|64\/100\n|move|p2a: Swampert|Ice Punch|p1a: Regieleki\n|-damage|p1a: Regieleki|0 fnt\n|faint|p1a: Regieleki\n|\n|upkeep\n|\n|t:|1607977810\n|switch|p1a: Water type|Serperior, M, shiny|100\/100\n|turn|21\n|j| SyriuszGrem\n|\n|t:|1607977840\n|move|p2a: Swampert|Ice Punch|p1a: Water type\n|-supereffective|p1a: Water type\n|-crit|p1a: Water type\n|-damage|p1a: Water type|43\/100\n|move|p1a: Water type|Glare|p2a: Swampert\n|-status|p2a: Swampert|par\n|\n|-heal|p1a: Water type|49\/100|[from] item: Leftovers\n|upkeep\n|turn|22\n|l|\u2606TheBallsmaSpace\n|inactive|TheBallsmaSpace disconnected and has a minute to reconnect!\n|player|p1|\n|j|\u2606TheBallsmaSpace\n|inactive|TheBallsmaSpace reconnected and has 140 seconds left.\n|player|p1|TheBallsmaSpace|unknown\n|\n|t:|1607977861\n|move|p1a: Water type|Substitute|p1a: Water type\n|-start|p1a: Water type|Substitute\n|-damage|p1a: Water type|24\/100\n|move|p2a: Swampert|Ice Punch|p1a: Water type\n|-supereffective|p1a: Water type\n|-end|p1a: Water type|Substitute\n|\n|-heal|p1a: Water type|30\/100|[from] item: Leftovers\n|upkeep\n|turn|23\n|\n|t:|1607977870\n|switch|p2a: Cinderace|Cinderace, M|48\/100\n|move|p1a: Water type|Substitute|p1a: Water type\n|-start|p1a: Water type|Substitute\n|-damage|p1a: Water type|6\/100\n|\n|-heal|p1a: Water type|12\/100|[from] item: Leftovers\n|upkeep\n|turn|24\n|\n|t:|1607977874\n|move|p2a: Cinderace|U-turn|p1a: Water type\n|-start|p2a: Cinderace|typechange|Bug|[from] ability: Libero\n|-supereffective|p1a: Water type\n|-end|p1a: Water type|Substitute\n|\n|t:|1607977883\n|switch|p2a: Kyurem|Kyurem|100\/100|[from]move: U-turn\n|-ability|p2a: Kyurem|Pressure\n|move|p1a: Water type|Glare|p2a: Kyurem\n|-status|p2a: Kyurem|par\n|\n|-heal|p1a: Water type|18\/100|[from] item: Leftovers\n|upkeep\n|turn|25\n|\n|t:|1607977889\n|move|p1a: Water type|Giga Drain|p2a: Kyurem\n|-resisted|p2a: Kyurem\n|-damage|p2a: Kyurem|90\/100 par\n|-heal|p1a: Water type|24\/100|[from] drain|[of] p2a: Kyurem\n|move|p2a: Kyurem|Freeze-Dry|p1a: Water type\n|-supereffective|p1a: Water type\n|-damage|p1a: Water type|0 fnt\n|faint|p1a: Water type\n|\n|upkeep\n|\n|t:|1607977892\n|switch|p1a: Uber|Magearna|100\/100\n|turn|26\n|\n|t:|1607977911\n|switch|p2a: Tapu Fini|Tapu Fini|100\/100\n|-fieldstart|move: Misty Terrain|[from] ability: Misty Surge|[of] p2a: Tapu Fini\n|move|p1a: Uber|Iron Defense|p1a: Uber\n|-boost|p1a: Uber|def|2\n|\n|upkeep\n|turn|27\n|\n|t:|1607977921\n|move|p2a: Tapu Fini|Haze|p2a: Tapu Fini\n|-clearallboost\n|move|p1a: Uber|Calm Mind|p1a: Uber\n|-boost|p1a: Uber|spa|1\n|-boost|p1a: Uber|spd|1\n|\n|upkeep\n|turn|28\n|inactive|TheBallsmaSpace has 120 seconds left.\n|\n|t:|1607977954\n|move|p2a: Tapu Fini|Haze|p2a: Tapu Fini\n|-clearallboost\n|move|p1a: Uber|Draining Kiss|p2a: Tapu Fini\n|-damage|p2a: Tapu Fini|85\/100\n|\n|-heal|p2a: Tapu Fini|91\/100|[from] item: Leftovers\n|upkeep\n|turn|29\n|\n|t:|1607977960\n|move|p2a: Tapu Fini|Scald|p1a: Uber\n|-damage|p1a: Uber|76\/100\n|move|p1a: Uber|Draining Kiss|p2a: Tapu Fini\n|-damage|p2a: Tapu Fini|72\/100\n|-heal|p1a: Uber|90\/100|[from] drain|[of] p2a: Tapu Fini\n|\n|-heal|p2a: Tapu Fini|78\/100|[from] item: Leftovers\n|upkeep\n|turn|30\n|\n|t:|1607977968\n|move|p2a: Tapu Fini|Scald|p1a: Uber\n|-damage|p1a: Uber|68\/100\n|move|p1a: Uber|Draining Kiss|p2a: Tapu Fini\n|-damage|p2a: Tapu Fini|62\/100\n|-heal|p1a: Uber|80\/100|[from] drain|[of] p2a: Tapu Fini\n|\n|-heal|p2a: Tapu Fini|68\/100|[from] item: Leftovers\n|-fieldend|Misty Terrain\n|upkeep\n|turn|31\n|\n|t:|1607977971\n|move|p2a: Tapu Fini|Scald|p1a: Uber\n|-damage|p1a: Uber|55\/100\n|-status|p1a: Uber|brn\n|move|p1a: Uber|Draining Kiss|p2a: Tapu Fini\n|-damage|p2a: Tapu Fini|50\/100\n|-heal|p1a: Uber|68\/100 brn|[from] drain|[of] p2a: Tapu Fini\n|\n|-heal|p2a: Tapu Fini|56\/100|[from] item: Leftovers\n|-damage|p1a: Uber|62\/100 brn|[from] brn\n|upkeep\n|turn|32\n|\n|t:|1607977989\n|move|p2a: Tapu Fini|Scald|p1a: Uber\n|-damage|p1a: Uber|38\/100 brn\n|-enditem|p1a: Uber|Sitrus Berry|[eat]\n|-heal|p1a: Uber|63\/100 brn|[from] item: Sitrus Berry\n|move|p1a: Uber|Calm Mind|p1a: Uber\n|-boost|p1a: Uber|spa|1\n|-boost|p1a: Uber|spd|1\n|\n|-heal|p2a: Tapu Fini|62\/100|[from] item: Leftovers\n|-damage|p1a: Uber|57\/100 brn|[from] brn\n|upkeep\n|turn|33\n|\n|t:|1607977997\n|move|p2a: Tapu Fini|Haze|p2a: Tapu Fini\n|-clearallboost\n|move|p1a: Uber|Draining Kiss|p2a: Tapu Fini\n|-damage|p2a: Tapu Fini|44\/100\n|-heal|p1a: Uber|70\/100 brn|[from] drain|[of] p2a: Tapu Fini\n|\n|-heal|p2a: Tapu Fini|50\/100|[from] item: Leftovers\n|-damage|p1a: Uber|64\/100 brn|[from] brn\n|upkeep\n|turn|34\n|l|\u2606TheBallsmaSpace\n|inactive|TheBallsmaSpace disconnected and has a minute to reconnect!\n|player|p1|\n|j|\u2606TheBallsmaSpace\n|inactive|TheBallsmaSpace reconnected and has 140 seconds left.\n|player|p1|TheBallsmaSpace|unknown\n|\n|t:|1607978015\n|move|p2a: Tapu Fini|Scald|p1a: Uber\n|-damage|p1a: Uber|41\/100 brn\n|move|p1a: Uber|Draining Kiss|p2a: Tapu Fini\n|-damage|p2a: Tapu Fini|34\/100\n|-heal|p1a: Uber|52\/100 brn|[from] drain|[of] p2a: Tapu Fini\n|\n|-heal|p2a: Tapu Fini|40\/100|[from] item: Leftovers\n|-damage|p1a: Uber|46\/100 brn|[from] brn\n|upkeep\n|turn|35\n|\n|t:|1607978023\n|move|p2a: Tapu Fini|Scald|p1a: Uber\n|-damage|p1a: Uber|23\/100 brn\n|move|p1a: Uber|Draining Kiss|p2a: Tapu Fini\n|-damage|p2a: Tapu Fini|23\/100\n|-heal|p1a: Uber|35\/100 brn|[from] drain|[of] p2a: Tapu Fini\n|\n|-heal|p2a: Tapu Fini|30\/100|[from] item: Leftovers\n|-damage|p1a: Uber|29\/100 brn|[from] brn\n|upkeep\n|turn|36\n|\n|t:|1607978028\n|move|p2a: Tapu Fini|Scald|p1a: Uber\n|-damage|p1a: Uber|7\/100 brn\n|move|p1a: Uber|Draining Kiss|p2a: Tapu Fini\n|-damage|p2a: Tapu Fini|13\/100\n|-heal|p1a: Uber|19\/100 brn|[from] drain|[of] p2a: Tapu Fini\n|\n|-heal|p2a: Tapu Fini|19\/100|[from] item: Leftovers\n|-damage|p1a: Uber|13\/100 brn|[from] brn\n|upkeep\n|turn|37\n|l| Dragonicos\n|\n|t:|1607978034\n|move|p2a: Tapu Fini|Scald|p1a: Uber\n|-damage|p1a: Uber|0 fnt\n|faint|p1a: Uber\n|\n|win|Ayante\n|n|\u2606Ayante|ayante\n|n| ByTeZenT|bytezent\n|n| SyriuszGrem|syriuszgrem\n|n|\u2606TheBallsmaSpace|theballsmaspace\n","uploadtime":1607978038,"views":17,"p1id":"theballsmaspace","p2id":"ayante","formatid":"gen8nationaldex","rating":0,"private":0,"password":null}