{"id":"gen8ubers-1581664300","p1":"ULT9NS TiMe","p2":"gostop","format":"gen8ubers","log":"|raw|<div class=\"broadcast-blue\"><strong>This battle is required to be public due to a player having a name starting with 'ult9ns'.<\/div>\n|j|\u2606ULT9NS TiMe\n|j|\u2606gostop\n|t:|1653393491\n|gametype|singles\n|player|p1|ULT9NS TiMe|2|1489\n|player|p2|gostop|sisandbro|1525\n|teamsize|p1|6\n|teamsize|p2|6\n|gen|8\n|tier|[Gen 8] Ubers\n|rated|\n|rule|Sleep Clause Mod: Limit one foe put to sleep\n|rule|Species Clause: Limit one of each Pok\u00e9mon\n|rule|OHKO Clause: OHKO moves are banned\n|rule|Evasion Moves Clause: Evasion moves are banned\n|rule|Endless Battle Clause: Forcing endless battles is banned\n|rule|HP Percentage Mod: HP is shown in percentages\n|rule|Dynamax Clause: You cannot dynamax\n|clearpoke\n|poke|p1|Hatterene, F|\n|poke|p1|Porygon2|\n|poke|p1|Kyogre|\n|poke|p1|Dracovish|\n|poke|p1|Calyrex-Ice|\n|poke|p1|Necrozma-Dusk-Mane|\n|poke|p2|Necrozma-Dusk-Mane|\n|poke|p2|Xerneas-*|\n|poke|p2|Magnezone|\n|poke|p2|Eternatus|\n|poke|p2|Cloyster, F|\n|poke|p2|Yveltal|\n|teampreview\n|inactive|Battle timer is ON: inactive players will automatically lose when time's up. (requested by ULT9NS TiMe)\n|inactive|gostop has 120 seconds left.\n|\n|t:|1653393548\n|start\n|switch|p1a: Hatterene|Hatterene, F|100\/100\n|switch|p2a: Cloyster|Cloyster, F|100\/100\n|turn|1\n|\n|t:|1653393557\n|move|p2a: Cloyster|Icicle Spear|p1a: Hatterene\n|-damage|p1a: Hatterene|88\/100\n|-damage|p1a: Hatterene|76\/100\n|-damage|p1a: Hatterene|63\/100\n|-damage|p1a: Hatterene|49\/100\n|-damage|p1a: Hatterene|34\/100\n|-hitcount|p1a: Hatterene|5\n|move|p1a: Hatterene|Trick Room|p1a: Hatterene\n|-fieldstart|move: Trick Room|[of] p1a: Hatterene\n|\n|upkeep\n|turn|2\n|\n|t:|1653393568\n|switch|p2a: Necrozma|Necrozma-Dusk-Mane|100\/100\n|move|p1a: Hatterene|Healing Wish|p1a: Hatterene\n|faint|p1a: Hatterene\n|\n|upkeep\n|\n|t:|1653393577\n|switch|p1a: Kyogre|Kyogre|100\/100\n|-weather|RainDance|[from] ability: Drizzle|[of] p1a: Kyogre\n|turn|3\n|\n|t:|1653393591\n|switch|p2a: Magnezone|Magnezone|100\/100\n|-item|p2a: Magnezone|Air Balloon\n|move|p1a: Kyogre|Water Spout|p2a: Magnezone\n|-damage|p2a: Magnezone|0 fnt\n|-enditem|p2a: Magnezone|Air Balloon\n|faint|p2a: Magnezone\n|\n|-weather|RainDance|[upkeep]\n|upkeep\n|\n|t:|1653393610\n|switch|p2a: Eternatus|Eternatus|100\/100\n|-ability|p2a: Eternatus|Pressure\n|turn|4\n|\n|t:|1653393627\n|switch|p1a: Necrozma|Necrozma-Dusk-Mane|100\/100\n|move|p2a: Eternatus|Sludge Bomb|p1a: Necrozma\n|-immune|p1a: Necrozma\n|\n|-weather|RainDance|[upkeep]\n|upkeep\n|turn|5\n|\n|t:|1653393637\n|switch|p2a: Necrozma|Necrozma-Dusk-Mane|100\/100\n|move|p1a: Necrozma|Swords Dance|p1a: Necrozma\n|-boost|p1a: Necrozma|atk|2\n|\n|-weather|RainDance|[upkeep]\n|-fieldend|move: Trick Room\n|upkeep\n|turn|6\n|\n|t:|1653393641\n|move|p2a: Necrozma|Dragon Dance|p2a: Necrozma\n|-boost|p2a: Necrozma|atk|1\n|-boost|p2a: Necrozma|spe|1\n|move|p1a: Necrozma|Trick Room|p1a: Necrozma\n|-fieldstart|move: Trick Room|[of] p1a: Necrozma\n|\n|-weather|RainDance|[upkeep]\n|upkeep\n|turn|7\n|\n|t:|1653393653\n|move|p1a: Necrozma|Earthquake|p2a: Necrozma\n|-supereffective|p2a: Necrozma\n|-damage|p2a: Necrozma|0 fnt\n|faint|p2a: Necrozma\n|\n|-weather|none\n|upkeep\n|-message|gostop forfeited.\n|\n|win|ULT9NS TiMe\n|raw|ULT9NS TiMe's rating: 1489 &rarr; <strong>1511<\/strong><br \/>(+22 for winning)\n|raw|gostop's rating: 1525 &rarr; <strong>1503<\/strong><br \/>(-22 for losing)\n|l|\u2606gostop\n","uploadtime":1653393678,"views":4,"p1id":"ult9nstime","p2id":"gostop","formatid":"gen8ubers","rating":1503,"private":0,"password":null}