{"id":"gen8ubers-1507616924","p1":"He gyt","p2":"Ivyon","format":"gen8ubers","log":"|j|\u2606He gyt\n|j|\u2606Ivyon\n|t:|1644436548\n|gametype|singles\n|player|p1|He gyt|265|1318\n|player|p2|Ivyon|blue|1444\n|teamsize|p1|6\n|teamsize|p2|6\n|gen|8\n|tier|[Gen 8] Ubers\n|rated|\n|rule|Sleep Clause Mod: Limit one foe put to sleep\n|rule|Species Clause: Limit one of each Pok\u00e9mon\n|rule|OHKO Clause: OHKO moves are banned\n|rule|Evasion Moves Clause: Evasion moves are banned\n|rule|Endless Battle Clause: Forcing endless battles is banned\n|rule|HP Percentage Mod: HP is shown in percentages\n|rule|Dynamax Clause: You cannot dynamax\n|clearpoke\n|poke|p1|Yveltal|\n|poke|p1|Necrozma-Dusk-Mane|\n|poke|p1|Eternatus|\n|poke|p1|Xerneas-*|\n|poke|p1|Kyogre|\n|poke|p1|Landorus, M|\n|poke|p2|Cloyster, M|\n|poke|p2|Blaziken, M|\n|poke|p2|Regieleki|\n|poke|p2|Shuckle, M|\n|poke|p2|Lycanroc-Dusk, M|\n|poke|p2|Azumarill, F|\n|teampreview\n|\n|t:|1644436562\n|start\n|switch|p1a: Necrozma|Necrozma-Dusk-Mane|100\/100\n|switch|p2a: Lycanroc|Lycanroc-Dusk, M, shiny|100\/100\n|turn|1\n|\n|t:|1644436570\n|move|p2a: Lycanroc|Close Combat|p1a: Necrozma\n|-damage|p1a: Necrozma|65\/100\n|-unboost|p2a: Lycanroc|def|1\n|-unboost|p2a: Lycanroc|spd|1\n|move|p1a: Necrozma|Thunder Wave|p2a: Lycanroc\n|-status|p2a: Lycanroc|par\n|\n|-heal|p1a: Necrozma|71\/100|[from] item: Leftovers\n|upkeep\n|turn|2\n|\n|t:|1644436581\n|move|p1a: Necrozma|Iron Head|p2a: Lycanroc\n|-supereffective|p2a: Lycanroc\n|-enditem|p2a: Lycanroc|Focus Sash\n|-damage|p2a: Lycanroc|1\/100 par\n|cant|p2a: Lycanroc|flinch\n|\n|-heal|p1a: Necrozma|77\/100|[from] item: Leftovers\n|upkeep\n|turn|3\n|\n|t:|1644436592\n|move|p1a: Necrozma|Knock Off|p2a: Lycanroc\n|-damage|p2a: Lycanroc|0 fnt\n|faint|p2a: Lycanroc\n|\n|-heal|p1a: Necrozma|83\/100|[from] item: Leftovers\n|upkeep\n|\n|t:|1644436599\n|switch|p2a: Azumarill|Azumarill, F|100\/100\n|turn|4\n|\n|t:|1644436604\n|move|p1a: Necrozma|Thunder Wave|p2a: Azumarill|[miss]\n|-miss|p1a: Necrozma|p2a: Azumarill\n|move|p2a: Azumarill|Belly Drum|p2a: Azumarill\n|-damage|p2a: Azumarill|50\/100\n|-setboost|p2a: Azumarill|atk|6|[from] move: Belly Drum\n|-enditem|p2a: Azumarill|Sitrus Berry|[eat]\n|-heal|p2a: Azumarill|75\/100|[from] item: Sitrus Berry\n|\n|-heal|p1a: Necrozma|89\/100|[from] item: Leftovers\n|upkeep\n|turn|5\n|\n|t:|1644436615\n|move|p2a: Azumarill|Aqua Jet|p1a: Necrozma\n|-crit|p1a: Necrozma\n|-damage|p1a: Necrozma|0 fnt\n|faint|p1a: Necrozma\n|\n|upkeep\n|\n|t:|1644436628\n|switch|p1a: Kyogre|Kyogre|100\/100\n|-weather|RainDance|[from] ability: Drizzle|[of] p1a: Kyogre\n|turn|6\n|\n|t:|1644436633\n|move|p2a: Azumarill|Aqua Jet|p1a: Kyogre\n|-resisted|p1a: Kyogre\n|-damage|p1a: Kyogre|35\/100\n|move|p1a: Kyogre|Thunder Wave|p2a: Azumarill\n|-status|p2a: Azumarill|par\n|\n|-weather|RainDance|[upkeep]\n|-heal|p1a: Kyogre|41\/100|[from] item: Leftovers\n|upkeep\n|turn|7\n|\n|t:|1644436645\n|move|p2a: Azumarill|Aqua Jet|p1a: Kyogre\n|-resisted|p1a: Kyogre\n|-damage|p1a: Kyogre|0 fnt\n|faint|p1a: Kyogre\n|\n|-weather|RainDance|[upkeep]\n|upkeep\n|\n|t:|1644436649\n|switch|p1a: Yveltal|Yveltal|100\/100\n|-ability|p1a: Yveltal|Dark Aura\n|turn|8\n|\n|t:|1644436653\n|move|p2a: Azumarill|Aqua Jet|p1a: Yveltal\n|-damage|p1a: Yveltal|0 fnt\n|faint|p1a: Yveltal\n|\n|-weather|RainDance|[upkeep]\n|upkeep\n|\n|t:|1644436658\n|switch|p1a: Xerneas|Xerneas|100\/100\n|-ability|p1a: Xerneas|Fairy Aura\n|turn|9\n|\n|t:|1644436665\n|move|p2a: Azumarill|Aqua Jet|p1a: Xerneas\n|-damage|p1a: Xerneas|0 fnt\n|faint|p1a: Xerneas\n|\n|-weather|RainDance|[upkeep]\n|upkeep\n|-message|He gyt forfeited.\n|\n|win|Ivyon\n|raw|He gyt's rating: 1318 &rarr; <strong>1305<\/strong><br \/>(-13 for losing)\n|raw|Ivyon's rating: 1444 &rarr; <strong>1457<\/strong><br \/>(+13 for winning)\n|l|\u2606He gyt\n","uploadtime":1644436674,"views":11,"p1id":"hegyt","p2id":"ivyon","formatid":"gen8ubers","rating":1305,"private":0,"password":null}