{"id":"gen8nationaldex-1597459026","p1":"Chunchunmaruuuu","p2":"AlphaTherai","format":"gen8nationaldex","log":"|j|\u2606Chunchunmaruuuu\n|j|\u2606AlphaTherai\n|t:|1655373327\n|gametype|singles\n|player|p1|Chunchunmaruuuu|102|\n|player|p2|AlphaTherai|pokekid|\n|teamsize|p1|6\n|teamsize|p2|6\n|gen|8\n|tier|[Gen 8] National Dex\n|rule|HP Percentage Mod: HP is shown in percentages\n|rule|Endless Battle Clause: Forcing endless battles is banned\n|rule|OHKO Clause: OHKO moves are banned\n|rule|Evasion Moves Clause: Evasion moves are banned\n|rule|Species Clause: Limit one of each Pok\u00e9mon\n|rule|Dynamax Clause: You cannot dynamax\n|rule|Sleep Clause Mod: Limit one foe put to sleep\n|clearpoke\n|poke|p1|Volcanion|\n|poke|p1|Ninetales-Alola, F|\n|poke|p1|Corviknight, F|\n|poke|p1|Arctozolt|\n|poke|p1|Landorus-Therian, M|\n|poke|p1|Diancie|\n|poke|p2|Lopunny, F|\n|poke|p2|Kartana|\n|poke|p2|Rotom-Wash|\n|poke|p2|Mew|\n|poke|p2|Landorus-Therian, M|\n|poke|p2|Victini|\n|teampreview\n|\n|t:|1655373345\n|start\n|switch|p1a: Diancie|Diancie|100\/100\n|switch|p2a: Kartana|Kartana|100\/100\n|turn|1\n|\n|t:|1655373352\n|detailschange|p1a: Diancie|Diancie-Mega\n|-mega|p1a: Diancie|Diancie|Diancite\n|move|p2a: Kartana|Smart Strike|p1a: Diancie\n|-supereffective|p1a: Diancie\n|-damage|p1a: Diancie|0 fnt\n|faint|p1a: Diancie\n|-ability|p2a: Kartana|Beast Boost|boost\n|-boost|p2a: Kartana|atk|1\n|\n|upkeep\n|\n|t:|1655373362\n|switch|p1a: Ninetales|Ninetales-Alola, F|100\/100\n|-weather|Hail|[from] ability: Snow Warning|[of] p1a: Ninetales\n|turn|2\n|\n|t:|1655373370\n|move|p2a: Kartana|Smart Strike|p1a: Ninetales\n|-supereffective|p1a: Ninetales\n|-damage|p1a: Ninetales|0 fnt\n|faint|p1a: Ninetales\n|-ability|p2a: Kartana|Beast Boost|boost\n|-boost|p2a: Kartana|atk|1\n|\n|-weather|Hail|[upkeep]\n|-damage|p2a: Kartana|94\/100|[from] Hail\n|upkeep\n|\n|t:|1655373374\n|switch|p1a: Arctozolt|Arctozolt|100\/100\n|turn|3\n|\n|t:|1655373378\n|move|p2a: Kartana|Smart Strike|p1a: Arctozolt\n|-damage|p1a: Arctozolt|0 fnt\n|faint|p1a: Arctozolt\n|-ability|p2a: Kartana|Beast Boost|boost\n|-boost|p2a: Kartana|atk|1\n|\n|-weather|Hail|[upkeep]\n|-damage|p2a: Kartana|88\/100|[from] Hail\n|upkeep\n|c|\u2606Chunchunmaruuuu|ok\n|c|\u2606AlphaTherai|No fucking way\n|c|\u2606Chunchunmaruuuu|I give up\n|c|\u2606Chunchunmaruuuu|I see you choice banded it\n|c|\u2606AlphaTherai|No\n|c|\u2606AlphaTherai|?\n|\n|t:|1655373411\n|switch|p1a: Landorus|Landorus-Therian, M|100\/100\n|-ability|p1a: Landorus|Intimidate|boost\n|-unboost|p2a: Kartana|atk|1\n|turn|4\n|j| Tawny mauve\n|c|\u2606Chunchunmaruuuu|how is it faster\n|c|\u2606AlphaTherai|Its choice scarfed\n|c|\u2606Chunchunmaruuuu|oh mb\n|c|\u2606Chunchunmaruuuu|yeah\n|\n|t:|1655373434\n|switch|p2a: Rotom|Rotom-Wash|100\/100\n|move|p1a: Landorus|Swords Dance|p1a: Landorus\n|-boost|p1a: Landorus|atk|2\n|\n|-weather|Hail|[upkeep]\n|-damage|p2a: Rotom|94\/100|[from] Hail\n|-damage|p1a: Landorus|95\/100|[from] Hail\n|upkeep\n|turn|5\n|\n|t:|1655373442\n|move|p2a: Rotom|Trick||[still]\n|-fail|p2a: Rotom\n|-zpower|p1a: Landorus\n|move|p1a: Landorus|Continental Crush|p2a: Rotom|[zeffect]\n|-damage|p2a: Rotom|0 fnt\n|faint|p2a: Rotom\n|\n|-weather|Hail|[upkeep]\n|-damage|p1a: Landorus|89\/100|[from] Hail\n|upkeep\n|\n|t:|1655373476\n|switch|p2a: Lopunny|Lopunny, F, shiny|100\/100\n|turn|6\n|\n|t:|1655373481\n|detailschange|p2a: Lopunny|Lopunny-Mega, F, shiny\n|-mega|p2a: Lopunny|Lopunny|Lopunnite\n|move|p2a: Lopunny|Fake Out|p1a: Landorus\n|-damage|p1a: Landorus|61\/100\n|cant|p1a: Landorus|flinch\n|\n|-weather|Hail|[upkeep]\n|-damage|p2a: Lopunny|95\/100|[from] Hail\n|-damage|p1a: Landorus|55\/100|[from] Hail\n|upkeep\n|turn|7\n|c|\u2606Chunchunmaruuuu|man\n|\n|t:|1655373494\n|move|p2a: Lopunny|Return|p1a: Landorus\n|-damage|p1a: Landorus|0 fnt\n|faint|p1a: Landorus\n|\n|-weather|Hail|[upkeep]\n|-damage|p2a: Lopunny|89\/100|[from] Hail\n|upkeep\n|\n|t:|1655373498\n|switch|p1a: Volcanion|Volcanion|100\/100\n|turn|8\n|c| Tawny mauve|max roll\n|c| Tawny mauve|alpha with the hax\n|c| Tawny mauve|bad player\n|c| Tawny mauve|bg\n|\n|t:|1655373511\n|move|p2a: Lopunny|Close Combat|p1a: Volcanion\n|-damage|p1a: Volcanion|34\/100\n|-unboost|p2a: Lopunny|def|1\n|-unboost|p2a: Lopunny|spd|1\n|move|p1a: Volcanion|Steam Eruption|p2a: Lopunny\n|-damage|p2a: Lopunny|0 fnt\n|faint|p2a: Lopunny\n|\n|-weather|Hail|[upkeep]\n|-damage|p1a: Volcanion|28\/100|[from] Hail\n|upkeep\n|\n|t:|1655373521\n|switch|p2a: Mew|Mew|100\/100\n|turn|9\n|c| Tawny mauve|gg\n|\n|t:|1655373529\n|-zpower|p2a: Mew\n|move|p2a: Mew|Genesis Supernova|p1a: Volcanion|[zeffect]\n|-damage|p1a: Volcanion|0 fnt\n|-fieldstart|move: Psychic Terrain\n|faint|p1a: Volcanion\n|\n|-weather|none\n|upkeep\n|c|\u2606Chunchunmaruuuu|unfortunate\n|\n|t:|1655373543\n|switch|p1a: Corviknight|Corviknight, F|100\/100\n|-ability|p1a: Corviknight|Pressure\n|turn|10\n|\n|t:|1655373546\n|move|p2a: Mew|Fire Blast|p1a: Corviknight\n|-supereffective|p1a: Corviknight\n|-damage|p1a: Corviknight|39\/100\n|move|p1a: Corviknight|Iron Head|p2a: Mew\n|-damage|p2a: Mew|76\/100\n|\n|upkeep\n|turn|11\n|\n|t:|1655373549\n|move|p2a: Mew|Fire Blast|p1a: Corviknight\n|-supereffective|p1a: Corviknight\n|-damage|p1a: Corviknight|0 fnt\n|faint|p1a: Corviknight\n|\n|win|AlphaTherai\n|c|\u2606AlphaTherai|GG\n","uploadtime":1655373556,"views":11,"p1id":"chunchunmaruuuu","p2id":"alphatherai","formatid":"gen8nationaldex","rating":0,"private":0,"password":null}