{"id":"gen8ou-1688261199","p1":"bigshoota","p2":"cucumber22","format":"gen8ou","log":"|html|<div class=\"broadcast-blue\"><strong>[Gen 8] OU is currently suspecting Melmetal! For information on how to participate check out the <a href=\"https:\/\/www.smogon.com\/forums\/threads\/np-ss-ou-suspect-process-round-12-monster-mash.3709234\/\">suspect thread<\/a>.<\/strong><\/div>\n|j|\u2606bigshoota\n|j|\u203dcucumber22\n|t:|1666046842\n|gametype|singles\n|player|p1|bigshoota|skyla|1712\n|player|p2|cucumber22|dancer|1828\n|teamsize|p1|6\n|teamsize|p2|6\n|gen|8\n|tier|[Gen 8] OU\n|rated|\n|rule|Sleep Clause Mod: Limit one foe put to sleep\n|rule|Species Clause: Limit one of each Pok\u00e9mon\n|rule|OHKO Clause: OHKO moves are banned\n|rule|Evasion Items Clause: Evasion items are banned\n|rule|Evasion Moves Clause: Evasion moves are banned\n|rule|Endless Battle Clause: Forcing endless battles is banned\n|rule|HP Percentage Mod: HP is shown in percentages\n|rule|Dynamax Clause: You cannot dynamax\n|clearpoke\n|poke|p1|Heliolisk, M|\n|poke|p1|Pelipper, M|\n|poke|p1|Urshifu-*, F|\n|poke|p1|Ferrothorn, F|\n|poke|p1|Seismitoad, F|\n|poke|p1|Tapu Lele|\n|poke|p2|Aegislash, F|\n|poke|p2|Buzzwole|\n|poke|p2|Landorus-Therian, M|\n|poke|p2|Heatran, F|\n|poke|p2|Hydreigon, M|\n|poke|p2|Tapu Fini|\n|teampreview\n|j| Youressi\n|\n|t:|1666046857\n|start\n|switch|p1a: Pelipper|Pelipper, M|100\/100\n|switch|p2a: Hydreigon|Hydreigon, M|100\/100\n|-weather|RainDance|[from] ability: Drizzle|[of] p1a: Pelipper\n|turn|1\n|\n|t:|1666046861\n|switch|p1a: Ferrothorn|Ferrothorn, F, shiny|100\/100\n|move|p2a: Hydreigon|Dark Pulse|p1a: Ferrothorn\n|-damage|p1a: Ferrothorn|73\/100\n|\n|-weather|RainDance|[upkeep]\n|-heal|p1a: Ferrothorn|79\/100|[from] item: Leftovers\n|upkeep\n|turn|2\n|\n|t:|1666046864\n|move|p2a: Hydreigon|Nasty Plot|p2a: Hydreigon\n|-boost|p2a: Hydreigon|spa|2\n|move|p1a: Ferrothorn|Leech Seed|p2a: Hydreigon\n|-start|p2a: Hydreigon|move: Leech Seed\n|\n|-weather|RainDance|[upkeep]\n|-heal|p1a: Ferrothorn|86\/100|[from] item: Leftovers\n|-damage|p2a: Hydreigon|88\/100|[from] Leech Seed|[of] p1a: Ferrothorn\n|-heal|p1a: Ferrothorn|97\/100|[silent]\n|upkeep\n|turn|3\n|\n|t:|1666046867\n|switch|p1a: Tapu Lele|Tapu Lele|100\/100\n|-fieldstart|move: Psychic Terrain|[from] ability: Psychic Surge|[of] p1a: Tapu Lele\n|move|p2a: Hydreigon|Dark Pulse|p1a: Tapu Lele\n|-crit|p1a: Tapu Lele\n|-damage|p1a: Tapu Lele|0 fnt\n|faint|p1a: Tapu Lele\n|\n|-weather|RainDance|[upkeep]\n|upkeep\n|\n|t:|1666046874\n|switch|p1a: Heliolisk|Heliolisk, M|100\/100\n|turn|4\n|\n|t:|1666046884\n|switch|p2a: Heatran|Heatran, F|100\/100\n|move|p1a: Heliolisk|Focus Blast|p2a: Heatran\n|-supereffective|p2a: Heatran\n|-damage|p2a: Heatran|5\/100\n|-damage|p1a: Heliolisk|91\/100|[from] item: Life Orb\n|\n|-weather|RainDance|[upkeep]\n|-heal|p1a: Heliolisk|100\/100|[from] ability: Dry Skin\n|upkeep\n|turn|5\n|\n|t:|1666046892\n|switch|p1a: Pelipper|Pelipper, M|100\/100\n|move|p2a: Heatran|Earth Power|p1a: Pelipper\n|-immune|p1a: Pelipper\n|\n|-weather|RainDance|[upkeep]\n|upkeep\n|turn|6\n|\n|t:|1666046914\n|switch|p2a: Tapu Fini|Tapu Fini|100\/100\n|-fieldstart|move: Misty Terrain|[from] ability: Misty Surge|[of] p2a: Tapu Fini\n|move|p1a: Pelipper|U-turn|p2a: Tapu Fini\n|-resisted|p2a: Tapu Fini\n|-damage|p2a: Tapu Fini|96\/100\n|\n|t:|1666046920\n|switch|p1a: Heliolisk|Heliolisk, M|100\/100|[from]move: U-turn\n|\n|-weather|RainDance|[upkeep]\n|upkeep\n|turn|7\n|\n|t:|1666046931\n|move|p2a: Tapu Fini|Trick|p1a: Heliolisk\n|-activate|p2a: Tapu Fini|move: Trick|[of] p1a: Heliolisk\n|-item|p1a: Heliolisk|Choice Scarf|[from] move: Trick\n|-item|p2a: Tapu Fini|Life Orb|[from] move: Trick\n|move|p1a: Heliolisk|Thunder|p2a: Tapu Fini\n|-supereffective|p2a: Tapu Fini\n|-damage|p2a: Tapu Fini|0 fnt\n|faint|p2a: Tapu Fini\n|\n|-weather|RainDance|[upkeep]\n|upkeep\n|\n|t:|1666046933\n|switch|p2a: Landorus|Landorus-Therian, M|100\/100\n|-ability|p2a: Landorus|Intimidate|boost\n|-unboost|p1a: Heliolisk|atk|1\n|turn|8\n|\n|t:|1666046936\n|switch|p1a: Pelipper|Pelipper, M|100\/100\n|move|p2a: Landorus|U-turn|p1a: Pelipper\n|-resisted|p1a: Pelipper\n|-damage|p1a: Pelipper|92\/100\n|\n|t:|1666046943\n|switch|p2a: Hydreigon|Hydreigon, M|88\/100|[from]move: U-turn\n|\n|-weather|none\n|upkeep\n|turn|9\n|\n|t:|1666046947\n|move|p2a: Hydreigon|Nasty Plot|p2a: Hydreigon\n|-boost|p2a: Hydreigon|spa|2\n|move|p1a: Pelipper|U-turn|p2a: Hydreigon\n|-supereffective|p2a: Hydreigon\n|-damage|p2a: Hydreigon|67\/100\n|\n|t:|1666046953\n|switch|p1a: Heliolisk|Heliolisk, M|100\/100|[from]move: U-turn\n|\n|upkeep\n|turn|10\n|\n|t:|1666046955\n|switch|p2a: Aegislash|Aegislash, F|100\/100\n|move|p1a: Heliolisk|Focus Blast|p2a: Aegislash\n|-immune|p2a: Aegislash\n|\n|-fieldend|Misty Terrain\n|upkeep\n|turn|11\n|\n|t:|1666046962\n|switch|p1a: Ferrothorn|Ferrothorn, F, shiny|97\/100\n|move|p2a: Aegislash|Swords Dance|p2a: Aegislash\n|-boost|p2a: Aegislash|atk|2\n|\n|-heal|p1a: Ferrothorn|100\/100|[from] item: Leftovers\n|upkeep\n|turn|12\n|\n|t:|1666046975\n|switch|p1a: Pelipper|Pelipper, M|92\/100\n|-weather|RainDance|[from] ability: Drizzle|[of] p1a: Pelipper\n|move|p2a: Aegislash|Swords Dance|p2a: Aegislash\n|-boost|p2a: Aegislash|atk|2\n|\n|-weather|RainDance|[upkeep]\n|upkeep\n|turn|13\n|\n|t:|1666047000\n|switch|p1a: Ferrothorn|Ferrothorn, F, shiny|100\/100\n|-formechange|p2a: Aegislash|Aegislash-Blade||[from] ability: Stance Change\n|move|p2a: Aegislash|Shadow Claw|p1a: Ferrothorn\n|-damage|p1a: Ferrothorn|9\/100\n|-damage|p2a: Aegislash|88\/100|[from] ability: Iron Barbs|[of] p1a: Ferrothorn\n|\n|-weather|RainDance|[upkeep]\n|-heal|p1a: Ferrothorn|15\/100|[from] item: Leftovers\n|upkeep\n|turn|14\n|\n|t:|1666047004\n|move|p2a: Aegislash|Shadow Claw|p1a: Ferrothorn\n|-damage|p1a: Ferrothorn|0 fnt\n|-damage|p2a: Aegislash|76\/100|[from] ability: Iron Barbs|[of] p1a: Ferrothorn\n|faint|p1a: Ferrothorn\n|\n|-weather|RainDance|[upkeep]\n|upkeep\n|\n|t:|1666047007\n|switch|p1a: Heliolisk|Heliolisk, M|100\/100\n|turn|15\n|\n|t:|1666047018\n|switch|p2a: Heatran|Heatran, F|5\/100\n|move|p1a: Heliolisk|Surf|p2a: Heatran\n|-supereffective|p2a: Heatran\n|-damage|p2a: Heatran|0 fnt\n|faint|p2a: Heatran\n|\n|-weather|RainDance|[upkeep]\n|upkeep\n|\n|t:|1666047021\n|switch|p2a: Hydreigon|Hydreigon, M|67\/100\n|turn|16\n|\n|t:|1666047026\n|move|p1a: Heliolisk|Surf|p2a: Hydreigon\n|-resisted|p2a: Hydreigon\n|-damage|p2a: Hydreigon|42\/100\n|move|p2a: Hydreigon|Roost|p2a: Hydreigon\n|-heal|p2a: Hydreigon|92\/100\n|-singleturn|p2a: Hydreigon|move: Roost\n|\n|-weather|RainDance|[upkeep]\n|upkeep\n|turn|17\n|\n|t:|1666047031\n|switch|p1a: Urshifu|Urshifu-Rapid-Strike, F|100\/100\n|move|p2a: Hydreigon|Draco Meteor|p1a: Urshifu\n|-damage|p1a: Urshifu|0 fnt\n|-unboost|p2a: Hydreigon|spa|2\n|faint|p1a: Urshifu\n|\n|-weather|RainDance|[upkeep]\n|upkeep\n|\n|t:|1666047039\n|switch|p1a: Seismitoad|Seismitoad, F|100\/100\n|turn|18\n|\n|t:|1666047046\n|switch|p2a: Buzzwole|Buzzwole|100\/100\n|move|p1a: Seismitoad|Weather Ball|p2a: Buzzwole\n|-damage|p2a: Buzzwole|0 fnt\n|faint|p2a: Buzzwole\n|-damage|p1a: Seismitoad|91\/100|[from] item: Life Orb\n|\n|-weather|RainDance|[upkeep]\n|upkeep\n|\n|t:|1666047111\n|switch|p2a: Aegislash|Aegislash, F|76\/100\n|turn|19\n|j| Adin Dahmer\n|j| cypherstest\n|c| Adin Dahmer|you heard shotta flow 9?\n|\n|t:|1666047128\n|switch|p2a: Hydreigon|Hydreigon, M|92\/100\n|move|p1a: Seismitoad|Earth Power|p2a: Hydreigon\n|-immune|p2a: Hydreigon|[from] ability: Levitate\n|\n|-weather|none\n|upkeep\n|turn|20\n|\n|t:|1666047131\n|switch|p1a: Pelipper|Pelipper, M|92\/100\n|-weather|RainDance|[from] ability: Drizzle|[of] p1a: Pelipper\n|move|p2a: Hydreigon|Draco Meteor|p1a: Pelipper\n|-crit|p1a: Pelipper\n|-damage|p1a: Pelipper|0 fnt\n|-unboost|p2a: Hydreigon|spa|2\n|faint|p1a: Pelipper\n|\n|-weather|RainDance|[upkeep]\n|upkeep\n|\n|t:|1666047133\n|switch|p1a: Seismitoad|Seismitoad, F|91\/100\n|turn|21\n|j| yhtcfvtyujvfugyi\n|\n|t:|1666047144\n|switch|p2a: Landorus|Landorus-Therian, M|100\/100\n|-ability|p2a: Landorus|Intimidate|boost\n|-unboost|p1a: Seismitoad|atk|1\n|move|p1a: Seismitoad|Weather Ball|p2a: Landorus\n|-supereffective|p2a: Landorus\n|-damage|p2a: Landorus|0 fnt\n|faint|p2a: Landorus\n|-damage|p1a: Seismitoad|81\/100|[from] item: Life Orb\n|\n|-weather|RainDance|[upkeep]\n|upkeep\n|\n|t:|1666047148\n|switch|p2a: Hydreigon|Hydreigon, M|92\/100\n|turn|22\n|\n|t:|1666047151\n|move|p1a: Seismitoad|Focus Blast|p2a: Hydreigon\n|-supereffective|p2a: Hydreigon\n|-damage|p2a: Hydreigon|0 fnt\n|faint|p2a: Hydreigon\n|-damage|p1a: Seismitoad|71\/100|[from] item: Life Orb\n|\n|-weather|RainDance|[upkeep]\n|upkeep\n|-message|cucumber22 forfeited.\n|\n|win|bigshoota\n|raw|bigshoota's rating: 1712 &rarr; <strong>1738<\/strong><br \/>(+26 for winning)\n|raw|cucumber22's rating: 1828 &rarr; <strong>1802<\/strong><br \/>(-26 for losing)\n|l|\u203dcucumber22\n","uploadtime":1666047169,"views":14,"p1id":"bigshoota","p2id":"cucumber22","formatid":"gen8ou","rating":1738,"private":0,"password":null}