{"id":"gen8ou-1589483296","p1":"will-i-am2","p2":"delchef","format":"gen8ou","log":"|j|\u2606will-i-am2\n|j|\u2606delchef\n|t:|1654396154\n|gametype|singles\n|player|p1|will-i-am2|169|1721\n|player|p2|delchef|bugcatcher-gen4dp|1795\n|teamsize|p1|6\n|teamsize|p2|6\n|gen|8\n|tier|[Gen 8] OU\n|rated|\n|rule|Sleep Clause Mod: Limit one foe put to sleep\n|rule|Species Clause: Limit one of each Pok\u00e9mon\n|rule|OHKO Clause: OHKO moves are banned\n|rule|Evasion Moves Clause: Evasion moves are banned\n|rule|Endless Battle Clause: Forcing endless battles is banned\n|rule|HP Percentage Mod: HP is shown in percentages\n|rule|Dynamax Clause: You cannot dynamax\n|clearpoke\n|poke|p1|Registeel|\n|poke|p1|Hydreigon, F|\n|poke|p1|Slowbro, M|\n|poke|p1|Mandibuzz, F|\n|poke|p1|Mamoswine, M|\n|poke|p1|Mimikyu, F|\n|poke|p2|Aegislash, F|\n|poke|p2|Gastrodon-East, F|\n|poke|p2|Kommo-o, M|\n|poke|p2|Rotom-Heat|\n|poke|p2|Tapu Bulu|\n|poke|p2|Azumarill, F|\n|teampreview\n|inactive|Battle timer is ON: inactive players will automatically lose when time's up. (requested by will-i-am2)\n|\n|t:|1654396187\n|start\n|switch|p1a: Mamoswine|Mamoswine, M|100\/100\n|switch|p2a: Gastrodon|Gastrodon-East, F|100\/100\n|turn|1\n|c|\u2606will-i-am2|gg\n|\n|t:|1654396193\n|move|p1a: Mamoswine|Earthquake|p2a: Gastrodon\n|-damage|p2a: Gastrodon|41\/100\n|move|p2a: Gastrodon|Scald|p1a: Mamoswine\n|-supereffective|p1a: Mamoswine\n|-damage|p1a: Mamoswine|24\/100\n|-status|p1a: Mamoswine|brn\n|\n|-damage|p1a: Mamoswine|18\/100 brn|[from] brn\n|upkeep\n|turn|2\n|\n|t:|1654396201\n|switch|p1a: Hydreigon|Hydreigon, F|100\/100\n|move|p2a: Gastrodon|Recover|p2a: Gastrodon\n|-heal|p2a: Gastrodon|91\/100\n|\n|upkeep\n|turn|3\n|\n|t:|1654396216\n|switch|p2a: pikachu but blue|Azumarill, F|100\/100\n|move|p1a: Hydreigon|Nasty Plot|p1a: Hydreigon\n|-boost|p1a: Hydreigon|spa|2\n|\n|upkeep\n|turn|4\n|\n|t:|1654396223\n|switch|p1a: Registeel|Registeel|100\/100\n|move|p2a: pikachu but blue|Play Rough|p1a: Registeel\n|-resisted|p1a: Registeel\n|-damage|p1a: Registeel|84\/100\n|\n|-heal|p1a: Registeel|90\/100|[from] item: Leftovers\n|upkeep\n|turn|5\n|\n|t:|1654396242\n|switch|p2a: rivers of blood|Aegislash, F, shiny|100\/100\n|move|p1a: Registeel|Stealth Rock|p2a: rivers of blood\n|-sidestart|p2: delchef|move: Stealth Rock\n|\n|-heal|p1a: Registeel|96\/100|[from] item: Leftovers\n|upkeep\n|turn|6\n|\n|t:|1654396267\n|switch|p1a: Mandibuzz|Mandibuzz, F|100\/100\n|move|p2a: rivers of blood|Substitute|p2a: rivers of blood\n|-start|p2a: rivers of blood|Substitute\n|-damage|p2a: rivers of blood|76\/100\n|\n|-heal|p2a: rivers of blood|82\/100|[from] item: Leftovers\n|upkeep\n|turn|7\n|c|\u2606delchef|why did you said gg?\n|\n|t:|1654396279\n|move|p1a: Mandibuzz|Taunt|p2a: rivers of blood\n|-start|p2a: rivers of blood|move: Taunt\n|cant|p2a: rivers of blood|move: Taunt|Toxic\n|\n|-heal|p2a: rivers of blood|88\/100|[from] item: Leftovers\n|upkeep\n|turn|8\n|\n|t:|1654396290\n|move|p1a: Mandibuzz|Foul Play|p2a: rivers of blood\n|-supereffective|p2a: rivers of blood\n|-activate|p2a: rivers of blood|move: Substitute|[damage]\n|-formechange|p2a: rivers of blood|Aegislash-Blade||[from] ability: Stance Change\n|move|p2a: rivers of blood|Shadow Ball|p1a: Mandibuzz\n|-resisted|p1a: Mandibuzz\n|-damage|p1a: Mandibuzz|84\/100\n|\n|-heal|p2a: rivers of blood|94\/100|[from] item: Leftovers\n|upkeep\n|turn|9\n|\n|t:|1654396297\n|move|p1a: Mandibuzz|Foul Play|p2a: rivers of blood\n|-supereffective|p2a: rivers of blood\n|-end|p2a: rivers of blood|Substitute\n|move|p2a: rivers of blood|Shadow Ball|p1a: Mandibuzz\n|-resisted|p1a: Mandibuzz\n|-damage|p1a: Mandibuzz|68\/100\n|\n|-heal|p2a: rivers of blood|100\/100|[from] item: Leftovers\n|-end|p2a: rivers of blood|move: Taunt\n|upkeep\n|turn|10\n|j| Sauromon\n|\n|t:|1654396314\n|-formechange|p2a: rivers of blood|Aegislash||[from] ability: Stance Change\n|move|p2a: rivers of blood|King's Shield|p2a: rivers of blood\n|-singleturn|p2a: rivers of blood|Protect\n|move|p1a: Mandibuzz|Taunt|p2a: rivers of blood\n|-start|p2a: rivers of blood|move: Taunt\n|\n|upkeep\n|turn|11\n|\n|t:|1654396321\n|move|p1a: Mandibuzz|Foul Play|p2a: rivers of blood\n|-supereffective|p2a: rivers of blood\n|-damage|p2a: rivers of blood|78\/100\n|-formechange|p2a: rivers of blood|Aegislash-Blade||[from] ability: Stance Change\n|move|p2a: rivers of blood|Shadow Ball|p1a: Mandibuzz\n|-resisted|p1a: Mandibuzz\n|-crit|p1a: Mandibuzz\n|-damage|p1a: Mandibuzz|45\/100\n|\n|-heal|p2a: rivers of blood|84\/100|[from] item: Leftovers\n|upkeep\n|turn|12\n|j| RedCoza\n|\n|t:|1654396344\n|switch|p2a: pikachu but blue|Azumarill, F|100\/100\n|-damage|p2a: pikachu but blue|88\/100|[from] Stealth Rock\n|move|p1a: Mandibuzz|Roost|p1a: Mandibuzz\n|-heal|p1a: Mandibuzz|95\/100\n|-singleturn|p1a: Mandibuzz|move: Roost\n|\n|upkeep\n|turn|13\n|inactive|delchef has 120 seconds left.\n|\n|t:|1654396377\n|switch|p1a: Registeel|Registeel|96\/100\n|move|p2a: pikachu but blue|Play Rough|p1a: Registeel\n|-resisted|p1a: Registeel\n|-damage|p1a: Registeel|79\/100\n|\n|-heal|p1a: Registeel|85\/100|[from] item: Leftovers\n|upkeep\n|turn|14\n|\n|t:|1654396385\n|switch|p2a: rivers of blood|Aegislash, F, shiny|84\/100\n|-damage|p2a: rivers of blood|78\/100|[from] Stealth Rock\n|switch|p1a: Hydreigon|Hydreigon, F|100\/100\n|\n|-heal|p2a: rivers of blood|84\/100|[from] item: Leftovers\n|upkeep\n|turn|15\n|\n|t:|1654396394\n|move|p1a: Hydreigon|Dark Pulse|p2a: rivers of blood\n|-supereffective|p2a: rivers of blood\n|-damage|p2a: rivers of blood|29\/100\n|cant|p2a: rivers of blood|flinch\n|\n|-heal|p2a: rivers of blood|35\/100|[from] item: Leftovers\n|upkeep\n|turn|16\n|\n|t:|1654396401\n|switch|p2a: pikachu but blue|Azumarill, F|88\/100\n|-damage|p2a: pikachu but blue|76\/100|[from] Stealth Rock\n|move|p1a: Hydreigon|Nasty Plot|p1a: Hydreigon\n|-boost|p1a: Hydreigon|spa|2\n|\n|upkeep\n|turn|17\n|\n|t:|1654396408\n|switch|p1a: Registeel|Registeel|85\/100\n|move|p2a: pikachu but blue|Play Rough|p1a: Registeel\n|-resisted|p1a: Registeel\n|-damage|p1a: Registeel|67\/100\n|\n|-heal|p1a: Registeel|73\/100|[from] item: Leftovers\n|upkeep\n|turn|18\n|\n|t:|1654396412\n|move|p2a: pikachu but blue|Belly Drum|p2a: pikachu but blue\n|-damage|p2a: pikachu but blue|26\/100\n|-setboost|p2a: pikachu but blue|atk|6|[from] move: Belly Drum\n|-enditem|p2a: pikachu but blue|Sitrus Berry|[eat]\n|-heal|p2a: pikachu but blue|51\/100|[from] item: Sitrus Berry\n|move|p1a: Registeel|Thunder Wave|p2a: pikachu but blue\n|-status|p2a: pikachu but blue|par\n|\n|-heal|p1a: Registeel|79\/100|[from] item: Leftovers\n|upkeep\n|turn|19\n|\n|t:|1654396421\n|switch|p1a: Mamoswine|Mamoswine, M|18\/100 brn\n|cant|p2a: pikachu but blue|par\n|\n|-damage|p1a: Mamoswine|12\/100 brn|[from] brn\n|upkeep\n|turn|20\n|\n|t:|1654396427\n|cant|p2a: pikachu but blue|par\n|move|p1a: Mamoswine|Earthquake|p2a: pikachu but blue\n|-damage|p2a: pikachu but blue|7\/100 par\n|\n|-damage|p1a: Mamoswine|6\/100 brn|[from] brn\n|upkeep\n|turn|21\n|\n|t:|1654396429\n|move|p2a: pikachu but blue|Aqua Jet|p1a: Mamoswine\n|-supereffective|p1a: Mamoswine\n|-damage|p1a: Mamoswine|0 fnt\n|faint|p1a: Mamoswine\n|\n|upkeep\n|\n|t:|1654396431\n|switch|p1a: Mimikyu|Mimikyu, F|100\/100\n|turn|22\n|\n|t:|1654396435\n|move|p1a: Mimikyu|Shadow Sneak|p2a: pikachu but blue\n|-crit|p2a: pikachu but blue\n|-damage|p2a: pikachu but blue|0 fnt\n|faint|p2a: pikachu but blue\n|-damage|p1a: Mimikyu|91\/100|[from] item: Life Orb\n|\n|upkeep\n|\n|t:|1654396439\n|switch|p2a: Tapu Bulu|Tapu Bulu, shiny|100\/100\n|-damage|p2a: Tapu Bulu|88\/100|[from] Stealth Rock\n|-fieldstart|move: Grassy Terrain|[from] ability: Grassy Surge|[of] p2a: Tapu Bulu\n|turn|23\n|\n|t:|1654396443\n|switch|p1a: Mandibuzz|Mandibuzz, F|95\/100\n|move|p2a: Tapu Bulu|Swords Dance|p2a: Tapu Bulu\n|-boost|p2a: Tapu Bulu|atk|2\n|\n|-heal|p2a: Tapu Bulu|94\/100|[from] Grassy Terrain\n|upkeep\n|turn|24\n|\n|t:|1654396449\n|move|p2a: Tapu Bulu|Stone Edge|p1a: Mandibuzz\n|-supereffective|p1a: Mandibuzz\n|-damage|p1a: Mandibuzz|0 fnt\n|faint|p1a: Mandibuzz\n|-damage|p2a: Tapu Bulu|84\/100|[from] item: Life Orb\n|\n|-heal|p2a: Tapu Bulu|90\/100|[from] Grassy Terrain\n|upkeep\n|\n|t:|1654396453\n|switch|p1a: Hydreigon|Hydreigon, F|100\/100\n|turn|25\n|\n|t:|1654396462\n|switch|p2a: Gastrodon|Gastrodon-East, F|91\/100\n|-damage|p2a: Gastrodon|85\/100|[from] Stealth Rock\n|move|p1a: Hydreigon|Flash Cannon|p2a: Gastrodon\n|-resisted|p2a: Gastrodon\n|-damage|p2a: Gastrodon|71\/100\n|-unboost|p2a: Gastrodon|spd|1\n|\n|-heal|p2a: Gastrodon|77\/100|[from] Grassy Terrain\n|upkeep\n|turn|26\n|\n|t:|1654396475\n|switch|p2a: placidusax|Kommo-o, M, shiny|100\/100\n|-damage|p2a: placidusax|94\/100|[from] Stealth Rock\n|move|p1a: Hydreigon|Nasty Plot|p1a: Hydreigon\n|-boost|p1a: Hydreigon|spa|2\n|\n|-heal|p2a: placidusax|100\/100|[from] Grassy Terrain\n|upkeep\n|turn|27\n|\n|t:|1654396481\n|move|p1a: Hydreigon|Draco Meteor|p2a: placidusax\n|-supereffective|p2a: placidusax\n|-damage|p2a: placidusax|0 fnt\n|-unboost|p1a: Hydreigon|spa|2\n|faint|p2a: placidusax\n|\n|-fieldend|move: Grassy Terrain\n|upkeep\n|\n|t:|1654396484\n|switch|p2a: Tapu Bulu|Tapu Bulu, shiny|90\/100\n|-damage|p2a: Tapu Bulu|78\/100|[from] Stealth Rock\n|-fieldstart|move: Grassy Terrain|[from] ability: Grassy Surge|[of] p2a: Tapu Bulu\n|turn|28\n|\n|t:|1654396493\n|switch|p1a: Mimikyu|Mimikyu, F|91\/100\n|move|p2a: Tapu Bulu|Close Combat|p1a: Mimikyu\n|-immune|p1a: Mimikyu\n|\n|-heal|p1a: Mimikyu|97\/100|[from] Grassy Terrain\n|-heal|p2a: Tapu Bulu|84\/100|[from] Grassy Terrain\n|upkeep\n|turn|29\n|\n|t:|1654396499\n|move|p1a: Mimikyu|Swords Dance|p1a: Mimikyu\n|-boost|p1a: Mimikyu|atk|2\n|move|p2a: Tapu Bulu|Horn Leech|p1a: Mimikyu\n|-activate|p1a: Mimikyu|ability: Disguise\n|-damage|p1a: Mimikyu|97\/100\n|detailschange|p1a: Mimikyu|Mimikyu-Busted, F\n|-damage|p1a: Mimikyu|84\/100|[from] pokemon: Mimikyu-Busted\n|-damage|p2a: Tapu Bulu|74\/100|[from] item: Life Orb\n|\n|-heal|p1a: Mimikyu|90\/100|[from] Grassy Terrain\n|-heal|p2a: Tapu Bulu|80\/100|[from] Grassy Terrain\n|upkeep\n|turn|30\n|j| taylor polynomials\n|\n|t:|1654396506\n|move|p1a: Mimikyu|Play Rough|p2a: Tapu Bulu\n|-damage|p2a: Tapu Bulu|0 fnt\n|faint|p2a: Tapu Bulu\n|-damage|p1a: Mimikyu|80\/100|[from] item: Life Orb\n|\n|-heal|p1a: Mimikyu|86\/100|[from] Grassy Terrain\n|upkeep\n|j| PokeDamon96\n|\n|t:|1654396512\n|switch|p2a: heat|Rotom-Heat, shiny|100\/100\n|turn|31\n|l| PokeDamon96\n|j| PokeDamon96\n|\n|t:|1654396521\n|move|p1a: Mimikyu|Play Rough|p2a: heat\n|-resisted|p2a: heat\n|-damage|p2a: heat|50\/100\n|-damage|p1a: Mimikyu|76\/100|[from] item: Life Orb\n|move|p2a: heat|Overheat|p1a: Mimikyu|[miss]\n|-miss|p2a: heat|p1a: Mimikyu\n|\n|-heal|p1a: Mimikyu|82\/100|[from] Grassy Terrain\n|upkeep\n|turn|32\n|j| quadratix\n|inactive|delchef has 120 seconds left.\n|\n|t:|1654396554\n|move|p1a: Mimikyu|Play Rough|p2a: heat|[miss]\n|-miss|p1a: Mimikyu|p2a: heat\n|move|p2a: heat|Pain Split|p1a: Mimikyu\n|-sethp|p1a: Mimikyu|71\/100|[from] move: Pain Split|[silent]\n|-sethp|p2a: heat|59\/100|[from] move: Pain Split\n|\n|-heal|p1a: Mimikyu|77\/100|[from] Grassy Terrain\n|-fieldend|move: Grassy Terrain\n|upkeep\n|turn|33\n|\n|t:|1654396566\n|move|p1a: Mimikyu|Drain Punch|p2a: heat\n|-damage|p2a: heat|0 fnt\n|-heal|p1a: Mimikyu|100\/100|[from] drain|[of] p2a: heat\n|faint|p2a: heat\n|-damage|p1a: Mimikyu|91\/100|[from] item: Life Orb\n|\n|upkeep\n|inactive|delchef has 120 seconds left.\n|-message|delchef forfeited.\n|\n|win|will-i-am2\n|raw|will-i-am2's rating: 1738 &rarr; <strong>1761<\/strong><br \/>(+23 for winning)\n|raw|delchef's rating: 1795 &rarr; <strong>1772<\/strong><br \/>(-23 for losing)\n|l| PokeDamon96\n|c|\u2606delchef|gg\n|c|\u2606will-i-am2|gg\n|l| taylor polynomials\n","uploadtime":1654396605,"views":23,"p1id":"william2","p2id":"delchef","formatid":"gen8ou","rating":1761,"private":0,"password":null}