{"id":"gen8ou-1606863611","p1":"broked on bricks","p2":"YaMamaGames","format":"gen8ou","log":"|j|\u2606broked on bricks\n|j|\u2606YaMamaGames\n|t:|1656526771\n|gametype|singles\n|player|p1|broked on bricks|will-gen2|1185\n|player|p2|YaMamaGames|2|1160\n|teamsize|p1|6\n|teamsize|p2|6\n|gen|8\n|tier|[Gen 8] OU\n|rated|\n|rule|Sleep Clause Mod: Limit one foe put to sleep\n|rule|Species Clause: Limit one of each Pok\u00e9mon\n|rule|OHKO Clause: OHKO moves are banned\n|rule|Evasion Moves Clause: Evasion moves are banned\n|rule|Endless Battle Clause: Forcing endless battles is banned\n|rule|HP Percentage Mod: HP is shown in percentages\n|rule|Dynamax Clause: You cannot dynamax\n|clearpoke\n|poke|p1|Pelipper, M|\n|poke|p1|Heliolisk, M|\n|poke|p1|Barraskewda, M|\n|poke|p1|Ferrothorn, M|\n|poke|p1|Tornadus-Therian, M|\n|poke|p1|Seismitoad, M|\n|poke|p2|Aegislash, M|\n|poke|p2|Regieleki|\n|poke|p2|Garchomp, M|\n|poke|p2|Landorus-Therian, M|\n|poke|p2|Blaziken, M|\n|poke|p2|Urshifu-*, M|\n|teampreview\n|inactive|Battle timer is ON: inactive players will automatically lose when time's up. (requested by broked on bricks)\n|\n|t:|1656526781\n|start\n|switch|p1a: Pelipper|Pelipper, M|100\/100\n|switch|p2a: Landorus|Landorus-Therian, M|100\/100\n|-ability|p2a: Landorus|Intimidate|boost\n|-unboost|p1a: Pelipper|atk|1\n|-weather|RainDance|[from] ability: Drizzle|[of] p1a: Pelipper\n|turn|1\n|\n|t:|1656526788\n|move|p2a: Landorus|U-turn|p1a: Pelipper\n|-resisted|p1a: Pelipper\n|-damage|p1a: Pelipper|87\/100\n|\n|t:|1656526795\n|switch|p2a: Regieleki|Regieleki|100\/100|[from]move: U-turn\n|-item|p2a: Regieleki|Air Balloon\n|move|p1a: Pelipper|U-turn|p2a: Regieleki\n|-damage|p2a: Regieleki|91\/100\n|-enditem|p2a: Regieleki|Air Balloon\n|\n|t:|1656526802\n|switch|p1a: Barraskewda|Barraskewda, M|100\/100|[from]move: U-turn\n|\n|-weather|RainDance|[upkeep]\n|upkeep\n|turn|2\n|\n|t:|1656526809\n|move|p1a: Barraskewda|Flip Turn|p2a: Regieleki\n|-damage|p2a: Regieleki|0 fnt\n|faint|p2a: Regieleki\n|\n|t:|1656526817\n|switch|p1a: Seismitoad|Seismitoad, M|100\/100|[from]move: Flip Turn\n|\n|-weather|RainDance|[upkeep]\n|upkeep\n|\n|t:|1656526827\n|switch|p2a: Urshifu|Urshifu-Rapid-Strike, M|100\/100\n|turn|3\n|\n|t:|1656526833\n|switch|p1a: Tornadus|Tornadus-Therian, M|100\/100\n|move|p2a: Urshifu|Close Combat|p1a: Tornadus\n|-resisted|p1a: Tornadus\n|-crit|p1a: Tornadus\n|-damage|p1a: Tornadus|47\/100\n|-unboost|p2a: Urshifu|def|1\n|-unboost|p2a: Urshifu|spd|1\n|\n|-weather|RainDance|[upkeep]\n|upkeep\n|turn|4\n|\n|t:|1656526845\n|switch|p2a: Aegislash|Aegislash, M|100\/100\n|move|p1a: Tornadus|Nasty Plot|p1a: Tornadus\n|-boost|p1a: Tornadus|spa|2\n|\n|-weather|RainDance|[upkeep]\n|upkeep\n|turn|5\n|\n|t:|1656526852\n|move|p1a: Tornadus|Weather Ball|p2a: Aegislash\n|-damage|p2a: Aegislash|27\/100\n|-formechange|p2a: Aegislash|Aegislash-Blade||[from] ability: Stance Change\n|move|p2a: Aegislash|Iron Head|p1a: Tornadus\n|-crit|p1a: Tornadus\n|-damage|p1a: Tornadus|0 fnt\n|faint|p1a: Tornadus\n|\n|-weather|RainDance|[upkeep]\n|-heal|p2a: Aegislash|34\/100|[from] item: Leftovers\n|upkeep\n|\n|t:|1656526864\n|switch|p1a: Seismitoad|Seismitoad, M|100\/100\n|turn|6\n|\n|t:|1656526868\n|-formechange|p2a: Aegislash|Aegislash||[from] ability: Stance Change\n|move|p2a: Aegislash|King's Shield|p2a: Aegislash\n|-singleturn|p2a: Aegislash|Protect\n|move|p1a: Seismitoad|Weather Ball|p2a: Aegislash\n|-activate|p2a: Aegislash|move: Protect\n|\n|-weather|RainDance|[upkeep]\n|-heal|p2a: Aegislash|40\/100|[from] item: Leftovers\n|upkeep\n|turn|7\n|\n|t:|1656526878\n|move|p1a: Seismitoad|Weather Ball|p2a: Aegislash\n|-damage|p2a: Aegislash|0 fnt\n|faint|p2a: Aegislash\n|\n|-weather|RainDance|[upkeep]\n|upkeep\n|\n|t:|1656526886\n|switch|p2a: Garchomp|Garchomp, M|100\/100\n|turn|8\n|\n|t:|1656526889\n|move|p1a: Seismitoad|Weather Ball|p2a: Garchomp\n|-damage|p2a: Garchomp|20\/100\n|move|p2a: Garchomp|Scale Shot|p1a: Seismitoad\n|-damage|p1a: Seismitoad|81\/100\n|-damage|p1a: Seismitoad|60\/100\n|-damage|p1a: Seismitoad|42\/100\n|-damage|p1a: Seismitoad|23\/100\n|-damage|p1a: Seismitoad|4\/100\n|-hitcount|p1a: Seismitoad|5\n|-unboost|p2a: Garchomp|def|1\n|-boost|p2a: Garchomp|spe|1\n|-damage|p2a: Garchomp|10\/100|[from] item: Life Orb\n|\n|-weather|none\n|upkeep\n|turn|9\n|\n|t:|1656526905\n|move|p2a: Garchomp|Scale Shot|p1a: Seismitoad\n|-damage|p1a: Seismitoad|0 fnt\n|faint|p1a: Seismitoad\n|-hitcount|p1: Seismitoad|1\n|-unboost|p2a: Garchomp|def|1\n|-boost|p2a: Garchomp|spe|1\n|-damage|p2a: Garchomp|0 fnt|[from] item: Life Orb\n|faint|p2a: Garchomp\n|\n|upkeep\n|\n|t:|1656526914\n|switch|p2a: Blaziken|Blaziken, M|100\/100\n|switch|p1a: Pelipper|Pelipper, M|87\/100\n|-weather|RainDance|[from] ability: Drizzle|[of] p1a: Pelipper\n|turn|10\n|\n|t:|1656526923\n|move|p2a: Blaziken|Brave Bird|p1a: Pelipper\n|-damage|p1a: Pelipper|48\/100\n|-damage|p2a: Blaziken|87\/100|[from] Recoil\n|move|p1a: Pelipper|U-turn|p2a: Blaziken\n|-resisted|p2a: Blaziken\n|-damage|p2a: Blaziken|85\/100\n|\n|t:|1656526927\n|switch|p1a: Barraskewda|Barraskewda, M|100\/100|[from]move: U-turn\n|\n|-weather|RainDance|[upkeep]\n|-ability|p2a: Blaziken|Speed Boost|boost\n|-boost|p2a: Blaziken|spe|1\n|upkeep\n|turn|11\n|\n|t:|1656526934\n|switch|p2a: Urshifu|Urshifu-Rapid-Strike, M|100\/100\n|move|p1a: Barraskewda|Flip Turn|p2a: Urshifu\n|-resisted|p2a: Urshifu\n|-damage|p2a: Urshifu|70\/100\n|\n|t:|1656526949\n|switch|p1a: Ferrothorn|Ferrothorn, M|100\/100|[from]move: Flip Turn\n|\n|-weather|RainDance|[upkeep]\n|upkeep\n|turn|12\n|\n|t:|1656526956\n|move|p2a: Urshifu|Close Combat|p1a: Ferrothorn\n|-supereffective|p1a: Ferrothorn\n|-damage|p1a: Ferrothorn|33\/100\n|-unboost|p2a: Urshifu|def|1\n|-unboost|p2a: Urshifu|spd|1\n|-activate|p1a: Ferrothorn|ability: Iron Barbs\n|-activate|p2a: Urshifu|item: Protective Pads\n|move|p1a: Ferrothorn|Leech Seed|p2a: Urshifu\n|-start|p2a: Urshifu|move: Leech Seed\n|\n|-weather|RainDance|[upkeep]\n|-damage|p2a: Urshifu|58\/100|[from] Leech Seed|[of] p1a: Ferrothorn\n|-heal|p1a: Ferrothorn|46\/100|[silent]\n|upkeep\n|turn|13\n|\n|t:|1656526966\n|move|p2a: Urshifu|Close Combat|p1a: Ferrothorn\n|-supereffective|p1a: Ferrothorn\n|-damage|p1a: Ferrothorn|0 fnt\n|-unboost|p2a: Urshifu|def|1\n|-unboost|p2a: Urshifu|spd|1\n|-activate|p1a: Ferrothorn|ability: Iron Barbs\n|-activate|p2a: Urshifu|item: Protective Pads\n|faint|p1a: Ferrothorn\n|\n|-weather|RainDance|[upkeep]\n|upkeep\n|\n|t:|1656526975\n|switch|p1a: Barraskewda|Barraskewda, M|100\/100\n|turn|14\n|\n|t:|1656526981\n|move|p1a: Barraskewda|Flip Turn|p2a: Urshifu\n|-resisted|p2a: Urshifu\n|-damage|p2a: Urshifu|0 fnt\n|faint|p2a: Urshifu\n|\n|t:|1656526987\n|switch|p1a: Pelipper|Pelipper, M|48\/100|[from]move: Flip Turn\n|\n|-weather|RainDance|[upkeep]\n|upkeep\n|\n|t:|1656526991\n|switch|p2a: Landorus|Landorus-Therian, M|100\/100\n|-ability|p2a: Landorus|Intimidate|boost\n|-unboost|p1a: Pelipper|atk|1\n|turn|15\n|\n|t:|1656526997\n|move|p2a: Landorus|Stealth Rock|p1a: Pelipper\n|-sidestart|p1: broked on bricks|move: Stealth Rock\n|move|p1a: Pelipper|U-turn|p2a: Landorus\n|-resisted|p2a: Landorus\n|-damage|p2a: Landorus|98\/100\n|-damage|p1a: Pelipper|31\/100|[from] item: Rocky Helmet|[of] p2a: Landorus\n|\n|t:|1656527002\n|switch|p1a: Heliolisk|Heliolisk, M|100\/100|[from]move: U-turn\n|-damage|p1a: Heliolisk|88\/100|[from] Stealth Rock\n|\n|-weather|RainDance|[upkeep]\n|-heal|p1a: Heliolisk|100\/100|[from] ability: Dry Skin\n|upkeep\n|turn|16\n|\n|t:|1656527008\n|move|p1a: Heliolisk|Surf|p2a: Landorus\n|-supereffective|p2a: Landorus\n|-damage|p2a: Landorus|0 fnt\n|faint|p2a: Landorus\n|-damage|p1a: Heliolisk|91\/100|[from] item: Life Orb\n|\n|-weather|RainDance|[upkeep]\n|-heal|p1a: Heliolisk|100\/100|[from] ability: Dry Skin\n|upkeep\n|\n|t:|1656527016\n|switch|p2a: Blaziken|Blaziken, M|85\/100\n|turn|17\n|\n|t:|1656527021\n|move|p1a: Heliolisk|Surf|p2a: Blaziken\n|-supereffective|p2a: Blaziken\n|-damage|p2a: Blaziken|0 fnt\n|faint|p2a: Blaziken\n|-damage|p1a: Heliolisk|91\/100|[from] item: Life Orb\n|\n|win|broked on bricks\n|raw|broked on bricks's rating: 1185 &rarr; <strong>1208<\/strong><br \/>(+23 for winning)\n|raw|YaMamaGames's rating: 1160 &rarr; <strong>1137<\/strong><br \/>(-23 for losing)\n|c|\u2606broked on bricks|ggs\n|l|\u2606YaMamaGames\n||Ladder isn't responding, score probably updated but might not have (Request timeout).\n","uploadtime":1656527026,"views":4,"p1id":"brokedonbricks","p2id":"yamamagames","formatid":"gen8ou","rating":1137,"private":0,"password":null}