{"id":"gen8ru-1620243560","p1":"Anderson .Packed","p2":"Kikoobuster","format":"gen8ru","log":"|j|\u2606Anderson .Packed\n|j|\u2606Kikoobuster\n|t:|1658187844\n|gametype|singles\n|player|p1|Anderson .Packed|marlon|1314\n|player|p2|Kikoobuster|1|1250\n|teamsize|p1|6\n|teamsize|p2|6\n|gen|8\n|tier|[Gen 8] RU\n|rated|\n|rule|Sleep Clause Mod: Limit one foe put to sleep\n|rule|Species Clause: Limit one of each Pok\u00e9mon\n|rule|OHKO Clause: OHKO moves are banned\n|rule|Evasion Moves Clause: Evasion moves are banned\n|rule|Endless Battle Clause: Forcing endless battles is banned\n|rule|HP Percentage Mod: HP is shown in percentages\n|rule|Dynamax Clause: You cannot dynamax\n|clearpoke\n|poke|p1|Goodra, M|\n|poke|p1|Raikou|\n|poke|p1|Togekiss, M|\n|poke|p1|Pangoro, F|\n|poke|p1|Barbaracle, M|\n|poke|p1|Bronzong|\n|poke|p2|Ribombee, M|\n|poke|p2|Mimikyu, M|\n|poke|p2|Heliolisk, F|\n|poke|p2|Arctovish|\n|poke|p2|Cloyster, M|\n|poke|p2|Braviary, M|\n|teampreview\n|\n|t:|1658187853\n|start\n|switch|p1a: Bronzong|Bronzong|100\/100\n|switch|p2a: Ribombee|Ribombee, M|100\/100\n|turn|1\n|inactive|Battle timer is ON: inactive players will automatically lose when time's up. (requested by Kikoobuster)\n|\n|t:|1658187856\n|move|p2a: Ribombee|Sticky Web|p1a: Bronzong\n|-sidestart|p1: Anderson .Packed|move: Sticky Web\n|move|p1a: Bronzong|Stealth Rock|p2a: Ribombee\n|-sidestart|p2: Kikoobuster|move: Stealth Rock\n|\n|upkeep\n|turn|2\n|\n|t:|1658187862\n|move|p2a: Ribombee|U-turn|p1a: Bronzong\n|-damage|p1a: Bronzong|89\/100\n|\n|t:|1658187868\n|switch|p2a: Mimikyu|Mimikyu, M|100\/100|[from]move: U-turn\n|-damage|p2a: Mimikyu|88\/100|[from] Stealth Rock\n|move|p1a: Bronzong|Heavy Slam|p2a: Mimikyu\n|-activate|p2a: Mimikyu|ability: Disguise\n|-damage|p2a: Mimikyu|88\/100\n|detailschange|p2a: Mimikyu|Mimikyu-Busted, M\n|-damage|p2a: Mimikyu|76\/100|[from] pokemon: Mimikyu-Busted\n|\n|-heal|p1a: Bronzong|95\/100|[from] item: Leftovers\n|upkeep\n|turn|3\n|\n|t:|1658187872\n|move|p2a: Mimikyu|Shadow Claw|p1a: Bronzong\n|-supereffective|p1a: Bronzong\n|-damage|p1a: Bronzong|45\/100\n|move|p1a: Bronzong|Heavy Slam|p2a: Mimikyu\n|-supereffective|p2a: Mimikyu\n|-damage|p2a: Mimikyu|0 fnt\n|faint|p2a: Mimikyu\n|\n|-heal|p1a: Bronzong|51\/100|[from] item: Leftovers\n|upkeep\n|\n|t:|1658187882\n|switch|p2a: Arctovish|Arctovish|100\/100\n|-damage|p2a: Arctovish|76\/100|[from] Stealth Rock\n|turn|4\n|inactive|Anderson .Packed has 120 seconds left.\n|\n|t:|1658187916\n|switch|p1a: Pangoro|Pangoro, F|100\/100\n|-activate|p1a: Pangoro|move: Sticky Web\n|-unboost|p1a: Pangoro|spe|1\n|move|p2a: Arctovish|Fishious Rend|p1a: Pangoro\n|-damage|p1a: Pangoro|0 fnt\n|faint|p1a: Pangoro\n|\n|upkeep\n|inactive|Anderson .Packed has 120 seconds left.\n|\n|t:|1658187926\n|switch|p1a: Togekiss|Togekiss, M|100\/100\n|turn|5\n|\n|t:|1658187932\n|switch|p2a: Heliolisk|Heliolisk, F|100\/100\n|-damage|p2a: Heliolisk|88\/100|[from] Stealth Rock\n|move|p1a: Togekiss|Air Slash|p2a: Heliolisk\n|-resisted|p2a: Heliolisk\n|-damage|p2a: Heliolisk|69\/100\n|\n|upkeep\n|turn|6\n|\n|t:|1658187940\n|switch|p1a: Goodra|Goodra, M|100\/100\n|-activate|p1a: Goodra|move: Sticky Web\n|-unboost|p1a: Goodra|spe|1\n|move|p2a: Heliolisk|Thunderbolt|p1a: Goodra\n|-resisted|p1a: Goodra\n|-damage|p1a: Goodra|86\/100\n|\n|upkeep\n|turn|7\n|\n|t:|1658187945\n|switch|p2a: Ribombee|Ribombee, M|100\/100\n|move|p1a: Goodra|Sludge Bomb|p2a: Ribombee\n|-supereffective|p2a: Ribombee\n|-damage|p2a: Ribombee|11\/100\n|\n|upkeep\n|turn|8\n|\n|t:|1658187952\n|move|p2a: Ribombee|Defog|p1a: Goodra\n|-unboost|p1a: Goodra|evasion|1\n|-sideend|p1: Anderson .Packed|Sticky Web|[from] move: Defog|[of] p2a: Ribombee\n|-sideend|p2: Kikoobuster|Stealth Rock|[from] move: Defog|[of] p2a: Ribombee\n|move|p1a: Goodra|Sludge Bomb|p2a: Ribombee\n|-supereffective|p2a: Ribombee\n|-damage|p2a: Ribombee|0 fnt\n|faint|p2a: Ribombee\n|\n|upkeep\n|\n|t:|1658187958\n|switch|p2a: Cloyster|Cloyster, M|100\/100\n|turn|9\n|\n|t:|1658187960\n|move|p2a: Cloyster|Hail|p2a: Cloyster\n|-weather|Hail\n|move|p1a: Goodra|Thunderbolt|p2a: Cloyster\n|-supereffective|p2a: Cloyster\n|-crit|p2a: Cloyster\n|-damage|p2a: Cloyster|0 fnt\n|faint|p2a: Cloyster\n|\n|-weather|Hail|[upkeep]\n|-damage|p1a: Goodra|80\/100|[from] Hail\n|upkeep\n|\n|t:|1658187968\n|switch|p2a: Arctovish|Arctovish|76\/100\n|turn|10\n|\n|t:|1658187975\n|move|p2a: Arctovish|Icicle Crash|p1a: Goodra\n|-supereffective|p1a: Goodra\n|-damage|p1a: Goodra|0 fnt\n|faint|p1a: Goodra\n|\n|-weather|Hail|[upkeep]\n|upkeep\n|\n|t:|1658187987\n|switch|p1a: Barbaracle|Barbaracle, M|100\/100\n|turn|11\n|\n|t:|1658187991\n|switch|p2a: Heliolisk|Heliolisk, F|69\/100\n|move|p1a: Barbaracle|Shell Smash|p1a: Barbaracle\n|-unboost|p1a: Barbaracle|def|1\n|-unboost|p1a: Barbaracle|spd|1\n|-boost|p1a: Barbaracle|atk|2\n|-boost|p1a: Barbaracle|spa|2\n|-boost|p1a: Barbaracle|spe|2\n|-enditem|p1a: Barbaracle|White Herb\n|-clearnegativeboost|p1a: Barbaracle|[silent]\n|\n|-weather|Hail|[upkeep]\n|-damage|p1a: Barbaracle|95\/100|[from] Hail\n|-damage|p2a: Heliolisk|63\/100|[from] Hail\n|upkeep\n|turn|12\n|\n|t:|1658187997\n|move|p1a: Barbaracle|Stone Edge|p2a: Heliolisk\n|-damage|p2a: Heliolisk|0 fnt\n|faint|p2a: Heliolisk\n|\n|-weather|Hail|[upkeep]\n|-damage|p1a: Barbaracle|89\/100|[from] Hail\n|upkeep\n|\n|t:|1658188000\n|switch|p2a: Braviary|Braviary, M|100\/100\n|turn|13\n|\n|t:|1658188003\n|move|p1a: Barbaracle|Liquidation|p2a: Braviary\n|-damage|p2a: Braviary|0 fnt\n|faint|p2a: Braviary\n|\n|-weather|Hail|[upkeep]\n|-damage|p1a: Barbaracle|83\/100|[from] Hail\n|upkeep\n|\n|t:|1658188005\n|switch|p2a: Arctovish|Arctovish|76\/100\n|turn|14\n|\n|t:|1658188008\n|move|p1a: Barbaracle|Stone Edge|p2a: Arctovish\n|-supereffective|p2a: Arctovish\n|-damage|p2a: Arctovish|0 fnt\n|faint|p2a: Arctovish\n|\n|win|Anderson .Packed\n|raw|Anderson .Packed's rating: 1314 &rarr; <strong>1330<\/strong><br \/>(+16 for winning)\n|raw|Kikoobuster's rating: 1250 &rarr; <strong>1230<\/strong><br \/>(-20 for losing)\n|c|\u2606Kikoobuster|Gg\n|l|\u2606Kikoobuster\n|c|\u2606Anderson .Packed|Gg\n","uploadtime":1658188019,"views":20,"p1id":"andersonpacked","p2id":"kikoobuster","formatid":"gen8ru","rating":1230,"private":0,"password":null}