{"id":"gen8nationaldex-1689999474","p1":"Glitchtastic","p2":"FleetFoxxx","format":"gen8nationaldex","log":"|j|\u2606Glitchtastic\n|j|\u2606FleetFoxxx\n|t:|1666223405\n|gametype|singles\n|player|p1|Glitchtastic|marnie|\n|player|p2|FleetFoxxx|flannery|\n|teamsize|p1|6\n|teamsize|p2|6\n|gen|8\n|tier|[Gen 8] National Dex\n|rule|HP Percentage Mod: HP is shown in percentages\n|rule|Endless Battle Clause: Forcing endless battles is banned\n|rule|OHKO Clause: OHKO moves are banned\n|rule|Evasion Moves Clause: Evasion moves are banned\n|rule|Species Clause: Limit one of each Pok\u00e9mon\n|rule|Dynamax Clause: You cannot dynamax\n|rule|Sleep Clause Mod: Limit one foe put to sleep\n|clearpoke\n|poke|p1|Venusaur, F|\n|poke|p1|Metagross|\n|poke|p1|Grimmsnarl, M|\n|poke|p1|Silvally-*|\n|poke|p1|Raichu, F|\n|poke|p1|Wishiwashi, M|\n|poke|p2|Goodra, M|\n|poke|p2|Hydreigon, F|\n|poke|p2|Celesteela|\n|poke|p2|Pinsir, M|\n|poke|p2|Silvally-*|\n|poke|p2|Runerigus, M|\n|teampreview\n|c|\u2606FleetFoxxx|gl hf!!\n|c|\u2606Glitchtastic|gl hf\n|j| yes munchlax\n|j| DerpyDots\n|j| Deathbypudding\n|j| johngalt149\n|\n|t:|1666223437\n|start\n|switch|p1a: Yamato|Wishiwashi, M|100\/100\n|switch|p2a: Goodra|Goodra, M|100\/100\n|-formechange|p1a: Yamato|Wishiwashi-School||[from] ability: Schooling\n|turn|1\n|j| glumpbumpin\n|j| Hror\n|j| LoneWolf32100\n|c| DerpyDots|Wednesday matches vibes\n|j| sicksickboy\n|c| DerpyDots|https:\/\/www.youtube.com\/watch?v=wLkfz10Srxw\n|j| Bugsileus\n|\n|t:|1666223504\n|move|p2a: Goodra|Draco Meteor|p1a: Yamato\n|-damage|p1a: Yamato|36\/100\n|-unboost|p2a: Goodra|spa|2\n|move|p1a: Yamato|Ice Beam|p2a: Goodra\n|-supereffective|p2a: Goodra\n|-damage|p2a: Goodra|61\/100\n|-damage|p1a: Yamato|27\/100|[from] item: Life Orb\n|\n|upkeep\n|turn|2\n|\n|t:|1666223520\n|switch|p1a: Starscream|Grimmsnarl, M|100\/100\n|move|p2a: Goodra|Draco Meteor|p1a: Starscream\n|-immune|p1a: Starscream\n|\n|upkeep\n|turn|3\n|l| Bugsileus\n|j| bsvhsvj\n|l| bsvhsvj\n|\n|t:|1666223563\n|switch|p2a: Silvally|Silvally-Fairy|100\/100\n|move|p1a: Starscream|Light Screen|p1a: Starscream\n|-sidestart|p1: Glitchtastic|move: Light Screen\n|\n|upkeep\n|turn|4\n|\n|t:|1666223574\n|switch|p1a: Venu the witch|Venusaur, F|100\/100\n|move|p2a: Silvally|Multi-Attack|p1a: Venu the witch\n|-resisted|p1a: Venu the witch\n|-damage|p1a: Venu the witch|80\/100\n|\n|upkeep\n|turn|5\n|j| bsvhsvj\n|j| Charkhil\n|\n|t:|1666223646\n|detailschange|p1a: Venu the witch|Venusaur-Mega, F\n|-mega|p1a: Venu the witch|Venusaur|Venusaurite\n|move|p2a: Silvally|U-turn|p1a: Venu the witch\n|-damage|p1a: Venu the witch|68\/100\n|l| bsvhsvj\n|l| Charkhil\n|j| nothingspecial2001\n|\n|t:|1666223698\n|switch|p2a: Goodra|Goodra, M|61\/100|[from]move: U-turn\n|move|p1a: Venu the witch|Sludge Bomb|p2a: Goodra\n|-crit|p2a: Goodra\n|-damage|p2a: Goodra|39\/100\n|\n|upkeep\n|turn|6\n|j| sh0shin3\n|\n|t:|1666223813\n|move|p1a: Venu the witch|Sludge Bomb|p2a: Goodra\n|-damage|p2a: Goodra|22\/100\n|move|p2a: Goodra|Dragon Tail|p1a: Venu the witch\n|-crit|p1a: Venu the witch\n|-damage|p1a: Venu the witch|47\/100\n|drag|p1a: bug zapper|Raichu, F|100\/100\n|\n|upkeep\n|turn|7\n|\n|t:|1666223856\n|switch|p1a: Starscream|Grimmsnarl, M|100\/100\n|switch|p2a: Runerigus|Runerigus, M|100\/100\n|\n|-sideend|p1: Glitchtastic|move: Light Screen\n|upkeep\n|turn|8\n|\n|t:|1666223870\n|move|p1a: Starscream|Reflect|p1a: Starscream\n|-sidestart|p1: Glitchtastic|Reflect\n|move|p2a: Runerigus|Stealth Rock|p1a: Starscream\n|-sidestart|p1: Glitchtastic|move: Stealth Rock\n|\n|upkeep\n|turn|9\n|l| sh0shin3\n|\n|t:|1666223890\n|move|p1a: Starscream|Light Screen|p1a: Starscream\n|-sidestart|p1: Glitchtastic|move: Light Screen\n|move|p2a: Runerigus|Night Shade|p1a: Starscream\n|-damage|p1a: Starscream|75\/100\n|\n|upkeep\n|turn|10\n|j| sh0eshin3\n|c| DerpyDots|I just realized that runerigus has little fingers\n|\n|t:|1666223931\n|switch|p1a: Venu the witch|Venusaur-Mega, F|47\/100\n|-damage|p1a: Venu the witch|35\/100|[from] Stealth Rock\n|move|p2a: Runerigus|Night Shade|p1a: Venu the witch\n|-damage|p1a: Venu the witch|8\/100\n|\n|upkeep\n|turn|11\n|\n|t:|1666223987\n|switch|p2a: Pinsir|Pinsir, M|100\/100\n|move|p1a: Venu the witch|Synthesis|p1a: Venu the witch\n|-heal|p1a: Venu the witch|58\/100\n|\n|upkeep\n|turn|12\n|\n|t:|1666224000\n|detailschange|p2a: Pinsir|Pinsir-Mega, M\n|-mega|p2a: Pinsir|Pinsir|Pinsirite\n|move|p2a: Pinsir|Substitute|p2a: Pinsir\n|-start|p2a: Pinsir|Substitute\n|-damage|p2a: Pinsir|76\/100\n|move|p1a: Venu the witch|Sleep Powder|p2a: Pinsir|[miss]\n|-miss|p1a: Venu the witch|p2a: Pinsir\n|\n|-sideend|p1: Glitchtastic|Reflect\n|upkeep\n|turn|13\n|c| yes munchlax|sheesh\n|c|\u2606Glitchtastic|this is a losing position\n|c| johngalt149|ruh roh\n|c| DerpyDots|you could say that you are in a pinch\n|\n|t:|1666224075\n|move|p2a: Pinsir|Return|p1a: Venu the witch\n|-supereffective|p1a: Venu the witch\n|-damage|p1a: Venu the witch|0 fnt\n|faint|p1a: Venu the witch\n|\n|-sideend|p1: Glitchtastic|move: Light Screen\n|upkeep\n|\n|t:|1666224081\n|switch|p1a: Megatron|Metagross|100\/100\n|-damage|p1a: Megatron|94\/100|[from] Stealth Rock\n|turn|14\n|\n|t:|1666224095\n|move|p2a: Pinsir|Knock Off|p1a: Megatron\n|-supereffective|p1a: Megatron\n|-crit|p1a: Megatron\n|-damage|p1a: Megatron|0 fnt\n|-enditem|p1a: Megatron|Weakness Policy|[from] move: Knock Off|[of] p2a: Pinsir\n|faint|p1a: Megatron\n|\n|upkeep\n|c|\u2606Glitchtastic|ok\n|\n|t:|1666224110\n|switch|p1a: Starscream|Grimmsnarl, M|75\/100\n|-damage|p1a: Starscream|63\/100|[from] Stealth Rock\n|turn|15\n|\n|t:|1666224135\n|move|p1a: Starscream|Reflect|p1a: Starscream\n|-sidestart|p1: Glitchtastic|Reflect\n|move|p2a: Pinsir|Return|p1a: Starscream\n|-damage|p1a: Starscream|13\/100\n|-enditem|p1a: Starscream|Sitrus Berry|[eat]\n|-heal|p1a: Starscream|38\/100|[from] item: Sitrus Berry\n|\n|upkeep\n|turn|16\n|c| DerpyDots|im sure whishiwashi learns rockblast and got faster during this game\n|\n|t:|1666224147\n|switch|p1a: Yamato|Wishiwashi, M|27\/100\n|-damage|p1a: Yamato|14\/100|[from] Stealth Rock\n|move|p2a: Pinsir|Return|p1a: Yamato\n|-damage|p1a: Yamato|0 fnt\n|faint|p1a: Yamato\n|\n|upkeep\n|\n|t:|1666224155\n|switch|p1a: Pyroblast|Silvally-Fire|100\/100\n|-damage|p1a: Pyroblast|76\/100|[from] Stealth Rock\n|turn|17\n|\n|t:|1666224171\n|move|p2a: Pinsir|Return|p1a: Pyroblast\n|-damage|p1a: Pyroblast|40\/100\n|move|p1a: Pyroblast|Flamethrower|p2a: Pinsir\n|-supereffective|p2a: Pinsir\n|-end|p2a: Pinsir|Substitute\n|\n|upkeep\n|turn|18\n|j| Bugsileus\n|\n|t:|1666224203\n|switch|p2a: Runerigus|Runerigus, M|100\/100\n|move|p1a: Pyroblast|Flamethrower|p2a: Runerigus\n|-damage|p2a: Runerigus|59\/100\n|\n|-heal|p2a: Runerigus|65\/100|[from] item: Leftovers\n|upkeep\n|turn|19\n|c|\u2606Glitchtastic|wishiwashi does not get rock blast or any rock move\n|c|\u2606Glitchtastic|its only phys moves are waterfall and equake\n|c| DerpyDots|shame fish\n|\n|t:|1666224214\n|move|p1a: Pyroblast|Defog|p2a: Runerigus\n|-unboost|p2a: Runerigus|evasion|1\n|-sideend|p1: Glitchtastic|Stealth Rock|[from] move: Defog|[of] p1a: Pyroblast\n|move|p2a: Runerigus|Earthquake|p1a: Pyroblast\n|-supereffective|p1a: Pyroblast\n|-damage|p1a: Pyroblast|12\/100\n|\n|-heal|p2a: Runerigus|71\/100|[from] item: Leftovers\n|-sideend|p1: Glitchtastic|Reflect\n|upkeep\n|turn|20\n|c| johngalt149|hp rock moment\n|\n|t:|1666224223\n|move|p1a: Pyroblast|Parting Shot|p2a: Runerigus\n|-unboost|p2a: Runerigus|atk|1\n|-unboost|p2a: Runerigus|spa|1\n|\n|t:|1666224226\n|switch|p1a: Starscream|Grimmsnarl, M|38\/100|[from]move: Parting Shot\n|move|p2a: Runerigus|Earthquake|p1a: Starscream\n|-damage|p1a: Starscream|9\/100\n|\n|-heal|p2a: Runerigus|77\/100|[from] item: Leftovers\n|upkeep\n|turn|21\n|\n|t:|1666224239\n|move|p1a: Starscream|Reflect|p1a: Starscream\n|-sidestart|p1: Glitchtastic|Reflect\n|move|p2a: Runerigus|Stealth Rock|p1a: Starscream\n|-sidestart|p1: Glitchtastic|move: Stealth Rock\n|\n|-heal|p2a: Runerigus|83\/100|[from] item: Leftovers\n|upkeep\n|turn|22\n|\n|t:|1666224244\n|move|p1a: Starscream|Spirit Break|p2a: Runerigus\n|-damage|p2a: Runerigus|64\/100\n|-unboost|p2a: Runerigus|spa|1\n|-activate|p2a: Runerigus|ability: Wandering Spirit|Prankster|Wandering Spirit|[of] p1a: Starscream\n|move|p2a: Runerigus|Night Shade|p1a: Starscream\n|-damage|p1a: Starscream|0 fnt\n|faint|p1a: Starscream\n|\n|-heal|p2a: Runerigus|69\/100|[from] item: Leftovers\n|upkeep\n|\n|t:|1666224256\n|switch|p1a: bug zapper|Raichu, F|100\/100\n|-damage|p1a: bug zapper|88\/100|[from] Stealth Rock\n|turn|23\n|\n|t:|1666224265\n|move|p1a: bug zapper|Toxic|p2a: Runerigus\n|-status|p2a: Runerigus|tox\n|move|p2a: Runerigus|Earthquake|p1a: bug zapper\n|-supereffective|p1a: bug zapper\n|-damage|p1a: bug zapper|43\/100\n|\n|-heal|p2a: Runerigus|75\/100 tox|[from] item: Leftovers\n|-damage|p2a: Runerigus|69\/100 tox|[from] psn\n|upkeep\n|turn|24\n|\n|t:|1666224274\n|move|p1a: bug zapper|Encore|p2a: Runerigus\n|-start|p2a: Runerigus|Encore\n|move|p2a: Runerigus|Earthquake|p1a: bug zapper\n|-supereffective|p1a: bug zapper\n|-damage|p1a: bug zapper|0 fnt\n|faint|p1a: bug zapper\n|\n|-heal|p2a: Runerigus|75\/100 tox|[from] item: Leftovers\n|-damage|p2a: Runerigus|64\/100 tox|[from] psn\n|upkeep\n|\n|t:|1666224282\n|switch|p1a: Pyroblast|Silvally-Fire|12\/100\n|-damage|p1a: Pyroblast|0 fnt|[from] Stealth Rock\n|faint|p1a: Pyroblast\n|\n|win|FleetFoxxx\n|c|\u2606Glitchtastic|gg\n|l| Bugsileus\n|c|\u2606FleetFoxxx|gg wp\n|c| DerpyDots|least climatic runerigus sweep is good enough for my fantasy\n|c| DerpyDots|ez\n|c|\u2606FleetFoxxx|message me when youre ready\n|l|\u2606FleetFoxxx\n|l|\u2606Glitchtastic\n|c| johngalt149|both players are already gone\n|c| johngalt149|time to shit talk\n|l| Hror\n|c| DerpyDots|Is fortnite overrated?\n|c| yes munchlax|no\n|c| yes munchlax|goate\n|c| yes munchlax|d\n|c| DerpyDots|fair\n|l| Deathbypudding\n|l| DerpyDots\n|c| johngalt149|overrated would imply that it is rated well at tall\n|l| sh0eshin3\n|l| glumpbumpin\n|j| Captain_siix\n|l| Captain_siix\n|l| johngalt149\n|j| DerpyDots\n","uploadtime":1666225185,"views":15,"p1id":"glitchtastic","p2id":"fleetfoxxx","formatid":"gen8nationaldex","rating":0,"private":0,"password":null}