{"id":"gen8nationaldex-1125382396","p1":"207 G","p2":"A","format":"gen8nationaldex","log":"|j|\u2606207 G\n|j|\u2606A\n|player|p1|207 G|proton|1157\n|player|p2|A|101|1214\n|teamsize|p1|6\n|teamsize|p2|6\n|gametype|singles\n|gen|8\n|tier|[Gen 8] National Dex\n|rated|\n|clearpoke\n|poke|p1|Infernape, M|\n|poke|p1|Jolteon, M|\n|poke|p1|Slurpuff, M|\n|poke|p1|Greninja, M|\n|poke|p1|Tangrowth, M|\n|poke|p1|Blastoise, M|\n|poke|p2|Hatenna, F|\n|poke|p2|Hattrem, F|\n|poke|p2|Hatterene, F|\n|poke|p2|Magnemite, L1|\n|poke|p2|Magnezone|\n|poke|p2|Magneton|\n|rule|HP Percentage Mod: HP is shown in percentages\n|rule|Endless Battle Clause: Forcing endless battles is banned\n|rule|OHKO Clause: OHKO moves are banned\n|rule|Evasion Moves Clause: Evasion moves are banned\n|rule|Species Clause: Limit one of each Pok\u00e9mon\n|rule|Dynamax Clause: You cannot dynamax\n|rule|Sleep Clause Mod: Limit one foe put to sleep\n|teampreview\n|inactive|Battle timer is ON: inactive players will automatically lose when time's up. (requested by A)\n|\n|start\n|switch|p1a: Gohan|Greninja, M|100\/100\n|switch|p2a: GGGGMAARS|Magnemite, L1|100\/100\n|turn|1\n|\n|move|p2a: GGGGMAARS|Protect|p2a: GGGGMAARS\n|-singleturn|p2a: GGGGMAARS|Protect\n|move|p1a: Gohan|Spikes|p2a: GGGGMAARS\n|-sidestart|p2: A|Spikes\n|\n|upkeep\n|turn|2\n|\n|move|p2a: GGGGMAARS|Magic Coat|p2a: GGGGMAARS\n|-singleturn|p2a: GGGGMAARS|move: Magic Coat\n|move|p1a: Gohan|Spikes|p2a: GGGGMAARS\n|move|p2a: GGGGMAARS|Spikes|p1a: Gohan|[from]Magic Coat\n|-sidestart|p1: 207 G|Spikes\n|\n|upkeep\n|turn|3\n|\n|move|p1a: Gohan|Dark Pulse|p2a: GGGGMAARS\n|-ability|p2a: GGGGMAARS|Sturdy\n|-damage|p2a: GGGGMAARS|9\/100\n|-enditem|p2a: GGGGMAARS|Berry Juice\n|-heal|p2a: GGGGMAARS|100\/100|[from] item: Berry Juice\n|-damage|p1a: Gohan|91\/100|[from] item: Life Orb\n|cant|p2a: GGGGMAARS|flinch\n|\n|upkeep\n|turn|4\n|\n|move|p1a: Gohan|Dark Pulse|p2a: GGGGMAARS\n|-ability|p2a: GGGGMAARS|Sturdy\n|-damage|p2a: GGGGMAARS|9\/100\n|-damage|p1a: Gohan|81\/100|[from] item: Life Orb\n|move|p2a: GGGGMAARS|Toxic|p1a: Gohan\n|-status|p1a: Gohan|tox\n|\n|-damage|p1a: Gohan|75\/100 tox|[from] psn\n|upkeep\n|turn|5\n|\n|move|p2a: GGGGMAARS|Protect|p2a: GGGGMAARS\n|-singleturn|p2a: GGGGMAARS|Protect\n|move|p1a: Gohan|Spikes|p2a: GGGGMAARS\n|-sidestart|p2: A|Spikes\n|\n|-damage|p1a: Gohan|63\/100 tox|[from] psn\n|upkeep\n|turn|6\n|\n|move|p2a: GGGGMAARS|Protect||[still]\n|-fail|p2a: GGGGMAARS\n|move|p1a: Gohan|Dark Pulse|p2a: GGGGMAARS\n|-damage|p2a: GGGGMAARS|0 fnt\n|-damage|p1a: Gohan|53\/100 tox|[from] item: Life Orb\n|faint|p2a: GGGGMAARS\n|-activate|p1a: Gohan|ability: Battle Bond\n|detailschange|p1a: Gohan|Greninja-Ash, M\n|\n|-damage|p1a: Gohan|35\/100 tox|[from] psn\n|upkeep\n|-message|A forfeited.\n|\n|win|207 G\n|l|\u2606A\n|raw|207 G's rating: 1157 &rarr; <strong>1186<\/strong><br \/>(+29 for winning)\n|raw|A's rating: 1214 &rarr; <strong>1185<\/strong><br \/>(-29 for losing)\n","uploadtime":1591102095,"views":1,"p1id":"207g","p2id":"a","formatid":"gen8nationaldex","rating":1185,"private":0,"password":null}