{"id":"gen8ou-1642264904","p1":"Daevank5","p2":"Chiwis Del Norte","format":"gen8ou","log":"|j|\u2606Daevank5\n|j|\u2606Chiwis Del Norte\n|t:|1660802140\n|gametype|singles\n|player|p1|Daevank5|workerice|1794\n|player|p2|Chiwis Del Norte|169|1783\n|teamsize|p1|6\n|teamsize|p2|6\n|gen|8\n|tier|[Gen 8] OU\n|rated|\n|rule|Sleep Clause Mod: Limit one foe put to sleep\n|rule|Species Clause: Limit one of each Pok\u00e9mon\n|rule|OHKO Clause: OHKO moves are banned\n|rule|Evasion Items Clause: Evasion items are banned\n|rule|Evasion Moves Clause: Evasion moves are banned\n|rule|Endless Battle Clause: Forcing endless battles is banned\n|rule|HP Percentage Mod: HP is shown in percentages\n|rule|Dynamax Clause: You cannot dynamax\n|clearpoke\n|poke|p1|Clefable, F|\n|poke|p1|Weavile, M|\n|poke|p1|Heatran, F|\n|poke|p1|Corviknight, M|\n|poke|p1|Gastrodon, F|\n|poke|p1|Slowking-Galar, F|\n|poke|p2|Dragonite, F|\n|poke|p2|Landorus-Therian, M|\n|poke|p2|Clefable, F|\n|poke|p2|Rotom-Wash|\n|poke|p2|Corviknight, M|\n|poke|p2|Slowbro, F|\n|teampreview\n|j| Professor Aaron\n|\n|t:|1660802159\n|start\n|switch|p1a: Clefable|Clefable, F|100\/100\n|switch|p2a: Rotom|Rotom-Wash|100\/100\n|turn|1\n|\n|t:|1660802166\n|switch|p1a: Gastrodon|Gastrodon, F|100\/100\n|move|p2a: Rotom|Trick|p1a: Gastrodon\n|-immune|p1a: Gastrodon\n|\n|upkeep\n|turn|2\n|\n|t:|1660802185\n|switch|p2a: Corviknight|Corviknight, M|100\/100\n|-ability|p2a: Corviknight|Pressure\n|switch|p1a: Heatran|Heatran, F|100\/100\n|\n|upkeep\n|turn|3\n|inactive|Battle timer is ON: inactive players will automatically lose when time's up. (requested by Daevank5)\n|\n|t:|1660802199\n|switch|p2a: Dragonite|Dragonite, F|100\/100\n|move|p1a: Heatran|Stealth Rock|p2a: Dragonite\n|-sidestart|p2: Chiwis Del Norte|move: Stealth Rock\n|\n|upkeep\n|turn|4\n|\n|t:|1660802209\n|switch|p1a: Corviknight|Corviknight, M|100\/100\n|-ability|p1a: Corviknight|Pressure\n|switch|p2a: Slowbro|Slowbro, F|100\/100\n|-damage|p2a: Slowbro|88\/100|[from] Stealth Rock\n|\n|upkeep\n|turn|5\n|\n|t:|1660802211\n|move|p1a: Corviknight|U-turn|p2a: Slowbro\n|-supereffective|p2a: Slowbro\n|-damage|p2a: Slowbro|70\/100\n|-damage|p1a: Corviknight|84\/100|[from] item: Rocky Helmet|[of] p2a: Slowbro\n|\n|t:|1660802214\n|switch|p1a: Slowking|Slowking-Galar, F|100\/100|[from]move: U-turn\n|move|p2a: Slowbro|Scald|p1a: Slowking\n|-damage|p1a: Slowking|72\/100\n|\n|upkeep\n|turn|6\n|inactive|Daevank5 has 120 seconds left.\n|\n|t:|1660802247\n|move|p1a: Slowking|Sludge Wave|p2a: Slowbro\n|-damage|p2a: Slowbro|0 fnt\n|faint|p2a: Slowbro\n|\n|upkeep\n|\n|t:|1660802253\n|switch|p2a: Landorus|Landorus-Therian, M|100\/100\n|-damage|p2a: Landorus|88\/100|[from] Stealth Rock\n|-ability|p2a: Landorus|Intimidate|boost\n|-unboost|p1a: Slowking|atk|1\n|turn|7\n|\n|t:|1660802257\n|switch|p1a: Corviknight|Corviknight, M|84\/100\n|-ability|p1a: Corviknight|Pressure\n|move|p2a: Landorus|Gravity|p2a: Landorus\n|-fieldstart|move: Gravity\n|\n|-heal|p1a: Corviknight|90\/100|[from] item: Leftovers\n|upkeep\n|turn|8\n|\n|t:|1660802260\n|switch|p1a: Gastrodon|Gastrodon, F|100\/100\n|move|p2a: Landorus|Earthquake|p1a: Gastrodon\n|-damage|p1a: Gastrodon|42\/100\n|-damage|p2a: Landorus|79\/100|[from] item: Life Orb\n|\n|upkeep\n|turn|9\n|\n|t:|1660802263\n|move|p2a: Landorus|Earthquake|p1a: Gastrodon\n|-damage|p1a: Gastrodon|0 fnt\n|faint|p1a: Gastrodon\n|-damage|p2a: Landorus|69\/100|[from] item: Life Orb\n|\n|upkeep\n|\n|t:|1660802266\n|switch|p1a: Weavile|Weavile, M|100\/100\n|-ability|p1a: Weavile|Pressure\n|turn|10\n|\n|t:|1660802269\n|switch|p2a: Corviknight|Corviknight, M|100\/100\n|-damage|p2a: Corviknight|88\/100|[from] Stealth Rock\n|-ability|p2a: Corviknight|Pressure\n|move|p1a: Weavile|Triple Axel|p2a: Corviknight\n|-damage|p2a: Corviknight|77\/100\n|-damage|p2a: Corviknight|59\/100\n|-damage|p2a: Corviknight|32\/100\n|-hitcount|p2a: Corviknight|3\n|\n|upkeep\n|turn|11\n|\n|t:|1660802276\n|move|p1a: Weavile|Triple Axel|p2a: Corviknight\n|-damage|p2a: Corviknight|22\/100\n|-damage|p2a: Corviknight|3\/100\n|-damage|p2a: Corviknight|0 fnt\n|faint|p2a: Corviknight\n|-hitcount|p2: Corviknight|3\n|\n|-fieldend|move: Gravity\n|upkeep\n|\n|t:|1660802279\n|switch|p2a: Clefable|Clefable, F|100\/100\n|-damage|p2a: Clefable|88\/100|[from] Stealth Rock\n|turn|12\n|\n|t:|1660802283\n|switch|p1a: Slowking|Slowking-Galar, F|100\/100\n|move|p2a: Clefable|Focus Blast|p1a: Slowking\n|-resisted|p1a: Slowking\n|-damage|p1a: Slowking|95\/100\n|\n|-heal|p2a: Clefable|94\/100|[from] item: Leftovers\n|upkeep\n|turn|13\n|\n|t:|1660802289\n|move|p1a: Slowking|Psychic|p2a: Clefable\n|-damage|p2a: Clefable|47\/100\n|move|p2a: Clefable|Calm Mind|p2a: Clefable\n|-boost|p2a: Clefable|spa|1\n|-boost|p2a: Clefable|spd|1\n|\n|-heal|p2a: Clefable|53\/100|[from] item: Leftovers\n|upkeep\n|turn|14\n|\n|t:|1660802296\n|switch|p1a: Clefable|Clefable, F|100\/100\n|move|p2a: Clefable|Calm Mind|p2a: Clefable\n|-boost|p2a: Clefable|spa|1\n|-boost|p2a: Clefable|spd|1\n|\n|-heal|p2a: Clefable|59\/100|[from] item: Leftovers\n|upkeep\n|turn|15\n|\n|t:|1660802312\n|move|p1a: Clefable|Wonder Room|p1a: Clefable\n|-fieldstart|move: Wonder Room|[of] p1a: Clefable\n|move|p2a: Clefable|Soft-Boiled|p2a: Clefable\n|-heal|p2a: Clefable|100\/100\n|\n|upkeep\n|turn|16\n|\n|t:|1660802320\n|switch|p1a: Slowking|Slowking-Galar, F|100\/100\n|move|p2a: Clefable|Moonblast|p1a: Slowking\n|-resisted|p1a: Slowking\n|-damage|p1a: Slowking|64\/100\n|\n|upkeep\n|turn|17\n|c|\u2606Daevank5|bro this is a clown ass game\n|\n|t:|1660802326\n|move|p1a: Slowking|Sludge Wave|p2a: Clefable\n|-supereffective|p2a: Clefable\n|-damage|p2a: Clefable|21\/100\n|move|p2a: Clefable|Moonblast|p1a: Slowking\n|-resisted|p1a: Slowking\n|-damage|p1a: Slowking|28\/100\n|\n|-heal|p2a: Clefable|27\/100|[from] item: Leftovers\n|upkeep\n|turn|18\n|\n|t:|1660802332\n|switch|p2a: Rotom|Rotom-Wash|100\/100\n|-damage|p2a: Rotom|88\/100|[from] Stealth Rock\n|move|p1a: Slowking|Sludge Wave|p2a: Rotom\n|-damage|p2a: Rotom|12\/100\n|\n|upkeep\n|turn|19\n|\n|t:|1660802338\n|switch|p1a: Clefable|Clefable, F|100\/100\n|move|p2a: Rotom|Hydro Pump|p1a: Clefable\n|-damage|p1a: Clefable|57\/100\n|\n|-heal|p1a: Clefable|63\/100|[from] item: Leftovers\n|-fieldend|move: Wonder Room\n|upkeep\n|turn|20\n|\n|t:|1660802343\n|move|p2a: Rotom|Hydro Pump|p1a: Clefable\n|-damage|p1a: Clefable|35\/100\n|move|p1a: Clefable|Moonlight|p1a: Clefable\n|-heal|p1a: Clefable|85\/100\n|\n|-heal|p1a: Clefable|91\/100|[from] item: Leftovers\n|upkeep\n|turn|21\n|\n|t:|1660802354\n|move|p2a: Rotom|Hydro Pump|p1a: Clefable|[miss]\n|-miss|p2a: Rotom|p1a: Clefable\n|move|p1a: Clefable|Moonblast|p2a: Rotom\n|-damage|p2a: Rotom|0 fnt\n|faint|p2a: Rotom\n|\n|-heal|p1a: Clefable|97\/100|[from] item: Leftovers\n|upkeep\n|\n|t:|1660802356\n|switch|p2a: Clefable|Clefable, F|27\/100\n|-damage|p2a: Clefable|14\/100|[from] Stealth Rock\n|turn|22\n|\n|t:|1660802358\n|move|p2a: Clefable|Soft-Boiled|p2a: Clefable\n|-heal|p2a: Clefable|64\/100\n|move|p1a: Clefable|Teleport|p1a: Clefable\n|\n|t:|1660802361\n|switch|p1a: Slowking|Slowking-Galar, F|61\/100|[from]move: Teleport\n|\n|-heal|p2a: Clefable|71\/100|[from] item: Leftovers\n|upkeep\n|turn|23\n|\n|t:|1660802364\n|move|p1a: Slowking|Sludge Wave|p2a: Clefable\n|-supereffective|p2a: Clefable\n|-damage|p2a: Clefable|0 fnt\n|faint|p2a: Clefable\n|\n|upkeep\n|\n|t:|1660802369\n|switch|p2a: Landorus|Landorus-Therian, M|69\/100\n|-damage|p2a: Landorus|57\/100|[from] Stealth Rock\n|-ability|p2a: Landorus|Intimidate|boost\n|-unboost|p1a: Slowking|atk|1\n|turn|24\n|\n|t:|1660802378\n|switch|p1a: Heatran|Heatran, F|100\/100\n|move|p2a: Landorus|Earthquake|p1a: Heatran\n|-supereffective|p1a: Heatran\n|-damage|p1a: Heatran|0 fnt\n|faint|p1a: Heatran\n|-damage|p2a: Landorus|47\/100|[from] item: Life Orb\n|\n|upkeep\n|\n|t:|1660802381\n|switch|p1a: Weavile|Weavile, M|100\/100\n|-ability|p1a: Weavile|Pressure\n|turn|25\n|\n|t:|1660802384\n|move|p1a: Weavile|Ice Shard|p2a: Landorus\n|-supereffective|p2a: Landorus\n|-damage|p2a: Landorus|0 fnt\n|faint|p2a: Landorus\n|\n|upkeep\n|-message|Chiwis Del Norte forfeited.\n|\n|win|Daevank5\n|raw|Daevank5's rating: 1794 &rarr; <strong>1813<\/strong><br \/>(+19 for winning)\n|raw|Chiwis Del Norte's rating: 1783 &rarr; <strong>1764<\/strong><br \/>(-19 for losing)\n|l|\u2606Chiwis Del Norte\n|c|\u2606Daevank5|gg\n","uploadtime":1660802394,"views":43,"p1id":"daevank5","p2id":"chiwisdelnorte","formatid":"gen8ou","rating":1764,"private":0,"password":null}