{"id":"gen8randombattle-1600045410","p1":"ShadyOtter","p2":"Eclipse77","format":"gen8randombattle","log":"|j|\u2606ShadyOtter\n|j|\u2606Eclipse77\n|t:|1655691327\n|gametype|singles\n|player|p1|ShadyOtter|2|1352\n|player|p2|Eclipse77|kahili|1298\n|teamsize|p1|6\n|teamsize|p2|6\n|gen|8\n|tier|[Gen 8] Random Battle\n|rated|\n|rule|Species Clause: Limit one of each Pok\u00e9mon\n|rule|HP Percentage Mod: HP is shown in percentages\n|rule|Sleep Clause Mod: Limit one foe put to sleep\n|\n|t:|1655691327\n|start\n|switch|p1a: Mesprit|Mesprit, L84|272\/272\n|switch|p2a: Ninetales|Ninetales, L82, F|254\/254\n|-weather|SunnyDay|[from] ability: Drought|[of] p2a: Ninetales\n|turn|1\n|\n|t:|1655691334\n|move|p2a: Ninetales|Fire Blast|p1a: Mesprit\n|-damage|p1a: Mesprit|146\/272\n|move|p1a: Mesprit|Nasty Plot|p1a: Mesprit\n|-boost|p1a: Mesprit|spa|2\n|\n|-weather|SunnyDay|[upkeep]\n|-heal|p1a: Mesprit|163\/272|[from] item: Leftovers\n|upkeep\n|turn|2\n|\n|t:|1655691345\n|move|p2a: Ninetales|Fire Blast|p1a: Mesprit\n|-damage|p1a: Mesprit|45\/272\n|move|p1a: Mesprit|Psychic|p2a: Ninetales\n|-damage|p2a: Ninetales|82\/254\n|\n|-weather|SunnyDay|[upkeep]\n|-heal|p1a: Mesprit|62\/272|[from] item: Leftovers\n|upkeep\n|turn|3\n|\n|t:|1655691370\n|switch|p1a: Goodra|Goodra, L82, M|282\/282\n|move|p2a: Ninetales|Fire Blast|p1a: Goodra\n|-resisted|p1a: Goodra\n|-damage|p1a: Goodra|232\/282\n|\n|-weather|SunnyDay|[upkeep]\n|upkeep\n|turn|4\n|\n|t:|1655691378\n|switch|p2a: Corsola|Corsola-Galar, L84, M|238\/238\n|move|p1a: Goodra|Sludge Bomb|p2a: Corsola\n|-resisted|p2a: Corsola\n|-damage|p2a: Corsola|206\/238\n|\n|-weather|SunnyDay|[upkeep]\n|upkeep\n|turn|5\n|inactive|Battle timer is ON: inactive players will automatically lose when time's up. (requested by Eclipse77)\n|\n|t:|1655691405\n|move|p1a: Goodra|Sludge Bomb|p2a: Corsola\n|-resisted|p2a: Corsola\n|-damage|p2a: Corsola|174\/238\n|move|p2a: Corsola|Stealth Rock|p1a: Goodra\n|-sidestart|p1: ShadyOtter|move: Stealth Rock\n|\n|-weather|none\n|upkeep\n|turn|6\n|\n|t:|1655691434\n|switch|p2a: Excadrill|Excadrill, L78, F|300\/300\n|-ability|p2a: Excadrill|Mold Breaker\n|move|p1a: Goodra|Sludge Bomb|p2a: Excadrill\n|-immune|p2a: Excadrill\n|\n|upkeep\n|turn|7\n|\n|t:|1655691447\n|-start|p1a: Goodra|Dynamax|\n|-heal|p1a: Goodra|464\/564|[silent]\n|move|p2a: Excadrill|Swords Dance|p2a: Excadrill\n|-boost|p2a: Excadrill|atk|2\n|move|p1a: Goodra|Max Flare|p2a: Excadrill\n|-supereffective|p2a: Excadrill\n|-damage|p2a: Excadrill|40\/300\n|-weather|SunnyDay\n|\n|-weather|SunnyDay|[upkeep]\n|upkeep\n|turn|8\n|\n|t:|1655691458\n|-start|p2a: Excadrill|Dynamax|\n|-heal|p2a: Excadrill|80\/600|[silent]\n|move|p2a: Excadrill|Max Rockfall|p1a: Goodra\n|-damage|p1a: Goodra|127\/564\n|-weather|Sandstorm\n|-damage|p2a: Excadrill|50\/600|[from] item: Life Orb\n|move|p1a: Goodra|Max Flare|p2a: Excadrill\n|-supereffective|p2a: Excadrill\n|-damage|p2a: Excadrill|0 fnt\n|-weather|SunnyDay\n|faint|p2a: Excadrill\n|\n|-weather|SunnyDay|[upkeep]\n|upkeep\n|\n|t:|1655691466\n|switch|p2a: Druddigon|Druddigon, L84, M|267\/267\n|-ability|p2a: Druddigon|Mold Breaker\n|turn|9\n|\n|t:|1655691475\n|move|p1a: Goodra|Max Wyrmwind|p2a: Druddigon\n|-supereffective|p2a: Druddigon\n|-damage|p2a: Druddigon|0 fnt\n|faint|p2a: Druddigon\n|\n|-weather|SunnyDay|[upkeep]\n|upkeep\n|\n|t:|1655691481\n|switch|p2a: Diancie|Diancie, L82|216\/216\n|-end|p1a: Goodra|Dynamax\n|-heal|p1a: Goodra|64\/282|[silent]\n|turn|10\n|\n|t:|1655691487\n|move|p1a: Goodra|Sludge Bomb|p2a: Diancie\n|-damage|p2a: Diancie|146\/216\n|move|p2a: Diancie|Moonblast|p1a: Goodra\n|-supereffective|p1a: Goodra\n|-damage|p1a: Goodra|0 fnt\n|faint|p1a: Goodra\n|\n|-weather|SunnyDay|[upkeep]\n|-heal|p2a: Diancie|159\/216|[from] item: Leftovers\n|upkeep\n|\n|t:|1655691507\n|switch|p1a: Mesprit|Mesprit, L84|62\/272\n|-damage|p1a: Mesprit|28\/272|[from] Stealth Rock\n|turn|11\n|\n|t:|1655691520\n|move|p1a: Mesprit|Energy Ball|p2a: Diancie\n|-supereffective|p2a: Diancie\n|-damage|p2a: Diancie|59\/216\n|move|p2a: Diancie|Moonblast|p1a: Mesprit\n|-damage|p1a: Mesprit|0 fnt\n|faint|p1a: Mesprit\n|\n|-weather|SunnyDay|[upkeep]\n|-heal|p2a: Diancie|72\/216|[from] item: Leftovers\n|upkeep\n|\n|t:|1655691533\n|switch|p1a: Armaldo|Armaldo, L86, F|269\/269\n|turn|12\n|\n|t:|1655691539\n|move|p2a: Diancie|Toxic|p1a: Armaldo\n|-status|p1a: Armaldo|tox\n|move|p1a: Armaldo|Rapid Spin|p2a: Diancie\n|-resisted|p2a: Diancie\n|-damage|p2a: Diancie|56\/216\n|-boost|p1a: Armaldo|spe|1\n|-sideend|p1: ShadyOtter|Stealth Rock|[from] move: Rapid Spin|[of] p1a: Armaldo\n|\n|-weather|none\n|-heal|p2a: Diancie|69\/216|[from] item: Leftovers\n|-damage|p1a: Armaldo|253\/269 tox|[from] psn\n|upkeep\n|turn|13\n|\n|t:|1655691549\n|switch|p2a: Corsola|Corsola-Galar, L84, M|174\/238\n|move|p1a: Armaldo|Liquidation|p2a: Corsola\n|-damage|p2a: Corsola|131\/238\n|-unboost|p2a: Corsola|def|1\n|-start|p1a: Armaldo|Disable|Liquidation|[from] ability: Cursed Body|[of] p2a: Corsola\n|\n|-damage|p1a: Armaldo|221\/269 tox|[from] psn\n|upkeep\n|turn|14\n|\n|t:|1655691571\n|switch|p1a: Calyrex|Calyrex-Shadow, L65|238\/238\n|-ability|p1a: Calyrex|As One\n|-ability|p1a: Calyrex|Unnerve\n|move|p2a: Corsola|Stealth Rock|p1a: Calyrex\n|-sidestart|p1: ShadyOtter|move: Stealth Rock\n|\n|upkeep\n|turn|15\n|\n|t:|1655691579\n|switch|p2a: Volcanion|Volcanion, L80|259\/259\n|move|p1a: Calyrex|Substitute|p1a: Calyrex\n|-start|p1a: Calyrex|Substitute\n|-damage|p1a: Calyrex|179\/238\n|\n|-heal|p1a: Calyrex|193\/238|[from] item: Leftovers\n|upkeep\n|turn|16\n|\n|t:|1655691587\n|move|p2a: Volcanion|Steam Eruption|p1a: Calyrex\n|-crit|p1a: Calyrex\n|-end|p1a: Calyrex|Substitute\n|move|p1a: Calyrex|Nasty Plot|p1a: Calyrex\n|-boost|p1a: Calyrex|spa|2\n|\n|-heal|p1a: Calyrex|207\/238|[from] item: Leftovers\n|upkeep\n|turn|17\n|\n|t:|1655691611\n|move|p2a: Volcanion|Steam Eruption|p1a: Calyrex\n|-damage|p1a: Calyrex|44\/238\n|move|p1a: Calyrex|Astral Barrage|p2a: Volcanion\n|-damage|p2a: Volcanion|19\/259\n|\n|-heal|p1a: Calyrex|58\/238|[from] item: Leftovers\n|upkeep\n|turn|18\n|\n|t:|1655691623\n|switch|p1a: Armaldo|Armaldo, L86, F|221\/269 tox\n|move|p2a: Volcanion|Steam Eruption|p1a: Armaldo\n|-supereffective|p1a: Armaldo\n|-damage|p1a: Armaldo|0 fnt\n|faint|p1a: Armaldo\n|\n|upkeep\n|\n|t:|1655691633\n|switch|p1a: Toxicroak|Toxicroak, L84, F|277\/277\n|-damage|p1a: Toxicroak|260\/277|[from] Stealth Rock\n|turn|19\n|\n|t:|1655691639\n|switch|p2a: Corsola|Corsola-Galar, L84, M|131\/238\n|move|p1a: Toxicroak|Swords Dance|p1a: Toxicroak\n|-boost|p1a: Toxicroak|atk|2\n|\n|-heal|p1a: Toxicroak|277\/277|[from] item: Black Sludge\n|upkeep\n|turn|20\n|\n|t:|1655691645\n|move|p1a: Toxicroak|Substitute|p1a: Toxicroak\n|-start|p1a: Toxicroak|Substitute\n|-damage|p1a: Toxicroak|208\/277\n|move|p2a: Corsola|Strength Sap||[still]\n|-fail|p2a: Corsola\n|\n|-heal|p1a: Toxicroak|225\/277|[from] item: Black Sludge\n|upkeep\n|turn|21\n|\n|t:|1655691652\n|move|p1a: Toxicroak|Gunk Shot|p2a: Corsola\n|-resisted|p2a: Corsola\n|-damage|p2a: Corsola|45\/238\n|-start|p1a: Toxicroak|Disable|Gunk Shot|[from] ability: Cursed Body|[of] p2a: Corsola\n|move|p2a: Corsola|Night Shade|p1a: Toxicroak\n|-end|p1a: Toxicroak|Substitute\n|\n|-heal|p1a: Toxicroak|242\/277|[from] item: Black Sludge\n|upkeep\n|turn|22\n|\n|t:|1655691662\n|switch|p2a: Ninetales|Ninetales, L82, F|82\/254\n|-weather|SunnyDay|[from] ability: Drought|[of] p2a: Ninetales\n|move|p1a: Toxicroak|Substitute|p1a: Toxicroak\n|-start|p1a: Toxicroak|Substitute\n|-damage|p1a: Toxicroak|173\/277\n|\n|-weather|SunnyDay|[upkeep]\n|-damage|p1a: Toxicroak|139\/277|[from] ability: Dry Skin|[of] p1a: Toxicroak\n|-heal|p1a: Toxicroak|156\/277|[from] item: Black Sludge\n|upkeep\n|turn|23\n|\n|t:|1655691675\n|move|p2a: Ninetales|Fire Blast|p1a: Toxicroak\n|-end|p1a: Toxicroak|Substitute\n|move|p1a: Toxicroak|Drain Punch|p2a: Ninetales\n|-damage|p2a: Ninetales|0 fnt\n|-heal|p1a: Toxicroak|197\/277|[from] drain|[of] p2a: Ninetales\n|faint|p2a: Ninetales\n|\n|-weather|SunnyDay|[upkeep]\n|-damage|p1a: Toxicroak|163\/277|[from] ability: Dry Skin|[of] p1a: Toxicroak\n|-heal|p1a: Toxicroak|180\/277|[from] item: Black Sludge\n|upkeep\n|\n|t:|1655691678\n|switch|p2a: Volcanion|Volcanion, L80|19\/259\n|turn|24\n|\n|t:|1655691698\n|switch|p1a: Garchomp|Garchomp, L74, M|282\/282\n|-damage|p1a: Garchomp|265\/282|[from] Stealth Rock\n|move|p2a: Volcanion|Flamethrower|p1a: Garchomp\n|-resisted|p1a: Garchomp\n|-damage|p1a: Garchomp|166\/282\n|\n|-weather|SunnyDay|[upkeep]\n|upkeep\n|turn|25\n|\n|t:|1655691712\n|switch|p2a: Diancie|Diancie, L82|69\/216\n|move|p1a: Garchomp|Swords Dance|p1a: Garchomp\n|-boost|p1a: Garchomp|atk|2\n|\n|-weather|SunnyDay|[upkeep]\n|-heal|p2a: Diancie|82\/216|[from] item: Leftovers\n|upkeep\n|turn|26\n|\n|t:|1655691719\n|move|p1a: Garchomp|Earthquake|p2a: Diancie\n|-supereffective|p2a: Diancie\n|-damage|p2a: Diancie|0 fnt\n|faint|p2a: Diancie\n|\n|-weather|none\n|upkeep\n|c|\u2606Eclipse77|gg\n|\n|t:|1655691724\n|switch|p2a: Volcanion|Volcanion, L80|19\/259\n|turn|27\n|\n|t:|1655691730\n|switch|p1a: Toxicroak|Toxicroak, L84, F|180\/277\n|-damage|p1a: Toxicroak|163\/277|[from] Stealth Rock\n|move|p2a: Volcanion|Steam Eruption|p1a: Toxicroak\n|-heal|p1a: Toxicroak|232\/277|[from] ability: Dry Skin|[of] p2a: Volcanion\n|\n|-heal|p1a: Toxicroak|249\/277|[from] item: Black Sludge\n|upkeep\n|turn|28\n|-message|Eclipse77 forfeited.\n|\n|win|ShadyOtter\n|raw|ShadyOtter's rating: 1352 &rarr; <strong>1369<\/strong><br \/>(+17 for winning)\n|raw|Eclipse77's rating: 1298 &rarr; <strong>1277<\/strong><br \/>(-21 for losing)\n|l|\u2606Eclipse77\n","inputlog":">version 670c2f5a4ee85e366483c1d6b048cac7bb7a651c\n>start {\"formatid\":\"gen8randombattle\",\"seed\":[54909,58256,9008,64856],\"rated\":\"Rated battle\"}\n>player p1 {\"name\":\"ShadyOtter\",\"avatar\":\"2\",\"rating\":1352,\"seed\":[20906,46642,33319,62685]}\n>player p2 {\"name\":\"Eclipse77\",\"avatar\":\"kahili\",\"rating\":1298,\"seed\":[14277,25549,61203,62377]}\n>p1 move nastyplot\n>p2 move fireblast\n>p1 move psychic\n>p2 move fireblast\n>p1 switch 3\n>p2 move fireblast\n>p1 move sludgebomb\n>p2 switch 3\n>p1 move sludgebomb\n>p2 move stealthrock\n>p1 move sludgebomb\n>p2 switch 5\n>p1 move fireblast dynamax\n>p2 move swordsdance\n>p1 move fireblast dynamax\n>p2 move rockslide dynamax\n>p2 switch 4\n>p1 move dracometeor dynamax\n>p2 move outrage\n>p2 switch 2\n>p1 move sludgebomb\n>p2 move moonblast\n>p1 switch 3\n>p1 move energyball\n>p2 move moonblast\n>p1 switch 4\n>p1 move rapidspin\n>p2 move toxic\n>p1 move liquidation\n>p2 switch 5\n>p1 switch 6\n>p2 move stealthrock\n>p1 move substitute\n>p2 switch 6\n>p1 move nastyplot\n>p2 move steameruption\n>p1 move astralbarrage\n>p2 move steameruption\n>p1 switch 6\n>p2 move steameruption\n>p1 switch 2\n>p1 move swordsdance\n>p2 switch 6\n>p1 move substitute\n>p2 move strengthsap\n>p1 move gunkshot\n>p2 move nightshade\n>p1 move substitute\n>p2 switch 3\n>p1 move drainpunch\n>p2 move fireblast\n>p2 switch 6\n>p1 switch 5\n>p2 move flamethrower\n>p1 move swordsdance\n>p2 switch 5\n>p1 move earthquake\n>p2 move moonblast\n>chat \u2606Eclipse77|gg\n>p2 switch 5\n>p1 switch 5\n>p2 move steameruption\n>forcelose p2","uploadtime":1655691757,"views":2,"p1id":"shadyotter","p2id":"eclipse77","formatid":"gen8randombattle","rating":1277,"private":0,"password":null}