{"id":"gen8ou-1634752191","p1":"birdspamneverdies","p2":"jeandonis02","format":"gen8ou","log":"|j|\u2606birdspamneverdies\n|j|\u2606jeandonis02\n|t:|1659933361\n|gametype|singles\n|player|p1|birdspamneverdies|xerosic|1625\n|player|p2|jeandonis02|lucas|1587\n|teamsize|p1|6\n|teamsize|p2|6\n|gen|8\n|tier|[Gen 8] OU\n|rated|\n|rule|Sleep Clause Mod: Limit one foe put to sleep\n|rule|Species Clause: Limit one of each Pok\u00e9mon\n|rule|OHKO Clause: OHKO moves are banned\n|rule|Evasion Items Clause: Evasion items are banned\n|rule|Evasion Moves Clause: Evasion moves are banned\n|rule|Endless Battle Clause: Forcing endless battles is banned\n|rule|HP Percentage Mod: HP is shown in percentages\n|rule|Dynamax Clause: You cannot dynamax\n|clearpoke\n|poke|p1|Gastrodon-East, F|\n|poke|p1|Blissey, F|\n|poke|p1|Toxapex, F|\n|poke|p1|Clefable, F|\n|poke|p1|Corviknight, M|\n|poke|p1|Slowking-Galar, M|\n|poke|p2|Zeraora|\n|poke|p2|Toxapex, F|\n|poke|p2|Garchomp, M|\n|poke|p2|Rotom-Wash|\n|poke|p2|Ferrothorn, F|\n|poke|p2|Charizard, F|\n|teampreview\n|inactive|Battle timer is ON: inactive players will automatically lose when time's up. (requested by birdspamneverdies)\n|\n|t:|1659933389\n|start\n|switch|p1a: Slowking|Slowking-Galar, M|100\/100\n|switch|p2a: Zeraora|Zeraora|100\/100\n|turn|1\n|\n|t:|1659933404\n|move|p2a: Zeraora|Knock Off|p1a: Slowking\n|-supereffective|p1a: Slowking\n|-damage|p1a: Slowking|39\/100\n|-enditem|p1a: Slowking|Assault Vest|[from] move: Knock Off|[of] p2a: Zeraora\n|move|p1a: Slowking|Sludge Bomb|p2a: Zeraora\n|-damage|p2a: Zeraora|46\/100\n|\n|upkeep\n|turn|2\n|\n|t:|1659933408\n|switch|p1a: Gastrodon|Gastrodon-East, F|100\/100\n|move|p2a: Zeraora|Knock Off|p1a: Gastrodon\n|-damage|p1a: Gastrodon|73\/100\n|-enditem|p1a: Gastrodon|Leftovers|[from] move: Knock Off|[of] p2a: Zeraora\n|\n|upkeep\n|turn|3\n|\n|t:|1659933412\n|switch|p2a: Ferrothorn|Ferrothorn, F|100\/100\n|move|p1a: Gastrodon|Scald|p2a: Ferrothorn\n|-resisted|p2a: Ferrothorn\n|-damage|p2a: Ferrothorn|91\/100\n|\n|upkeep\n|turn|4\n|\n|t:|1659933415\n|switch|p1a: Corviknight|Corviknight, M|100\/100\n|-ability|p1a: Corviknight|Pressure\n|move|p2a: Ferrothorn|Leech Seed|p1a: Corviknight\n|-start|p1a: Corviknight|move: Leech Seed\n|\n|-damage|p1a: Corviknight|88\/100|[from] Leech Seed|[of] p2a: Ferrothorn\n|-heal|p2a: Ferrothorn|100\/100|[silent]\n|upkeep\n|turn|5\n|\n|t:|1659933420\n|move|p1a: Corviknight|Iron Defense|p1a: Corviknight\n|-boost|p1a: Corviknight|def|2\n|move|p2a: Ferrothorn|Stealth Rock|p1a: Corviknight\n|-sidestart|p1: birdspamneverdies|move: Stealth Rock\n|\n|-heal|p1a: Corviknight|94\/100|[from] item: Leftovers\n|-damage|p1a: Corviknight|82\/100|[from] Leech Seed|[of] p2a: Ferrothorn\n|upkeep\n|turn|6\n|\n|t:|1659933422\n|switch|p2a: Toxapex|Toxapex, F|100\/100\n|move|p1a: Corviknight|Defog|p2a: Toxapex\n|-unboost|p2a: Toxapex|evasion|1\n|-sideend|p1: birdspamneverdies|Stealth Rock|[from] move: Defog|[of] p1a: Corviknight\n|\n|-heal|p1a: Corviknight|88\/100|[from] item: Leftovers\n|-damage|p1a: Corviknight|75\/100|[from] Leech Seed|[of] p2a: Toxapex\n|upkeep\n|turn|7\n|\n|t:|1659933426\n|switch|p1a: Slowking|Slowking-Galar, M|72\/100\n|move|p2a: Toxapex|Haze|p2a: Toxapex\n|-clearallboost\n|\n|upkeep\n|turn|8\n|\n|t:|1659933432\n|switch|p2a: Garchomp|Garchomp, M|100\/100\n|move|p1a: Slowking|Future Sight|p2a: Garchomp\n|-start|p1a: Slowking|move: Future Sight\n|\n|upkeep\n|turn|9\n|\n|t:|1659933438\n|switch|p1a: Clefable|Clefable, F|100\/100\n|move|p2a: Garchomp|Fire Fang|p1a: Clefable\n|-damage|p1a: Clefable|73\/100\n|\n|-heal|p1a: Clefable|79\/100|[from] item: Leftovers\n|upkeep\n|turn|10\n|\n|t:|1659933450\n|switch|p2a: Ferrothorn|Ferrothorn, F|100\/100\n|switch|p1a: Slowking|Slowking-Galar, M|100\/100\n|\n|-end|p2a: Ferrothorn|move: Future Sight\n|-resisted|p2a: Ferrothorn\n|-damage|p2a: Ferrothorn|75\/100\n|upkeep\n|turn|11\n|\n|t:|1659933453\n|move|p1a: Slowking|Flamethrower|p2a: Ferrothorn\n|-supereffective|p2a: Ferrothorn\n|-damage|p2a: Ferrothorn|0 fnt\n|faint|p2a: Ferrothorn\n|\n|upkeep\n|\n|t:|1659933458\n|switch|p2a: Zeraora|Zeraora|46\/100\n|turn|12\n|\n|t:|1659933462\n|move|p2a: Zeraora|Knock Off|p1a: Slowking\n|-supereffective|p1a: Slowking\n|-damage|p1a: Slowking|57\/100\n|move|p1a: Slowking|Sludge Bomb|p2a: Zeraora\n|-damage|p2a: Zeraora|0 fnt\n|faint|p2a: Zeraora\n|\n|upkeep\n|\n|t:|1659933465\n|switch|p2a: Garchomp|Garchomp, M|100\/100\n|turn|13\n|\n|t:|1659933468\n|switch|p1a: Corviknight|Corviknight, M|75\/100\n|-ability|p1a: Corviknight|Pressure\n|move|p2a: Garchomp|Iron Head|p1a: Corviknight\n|-resisted|p1a: Corviknight\n|-damage|p1a: Corviknight|62\/100\n|\n|-heal|p1a: Corviknight|68\/100|[from] item: Leftovers\n|upkeep\n|turn|14\n|\n|t:|1659933471\n|switch|p2a: Rotom|Rotom-Wash|100\/100\n|move|p1a: Corviknight|Roost|p1a: Corviknight\n|-heal|p1a: Corviknight|100\/100\n|-singleturn|p1a: Corviknight|move: Roost\n|\n|upkeep\n|turn|15\n|\n|t:|1659933474\n|switch|p2a: Garchomp|Garchomp, M|100\/100\n|switch|p1a: Gastrodon|Gastrodon-East, F|73\/100\n|\n|upkeep\n|turn|16\n|\n|t:|1659933480\n|move|p2a: Garchomp|Earthquake|p1a: Gastrodon\n|-damage|p1a: Gastrodon|0 fnt\n|faint|p1a: Gastrodon\n|\n|upkeep\n|\n|t:|1659933484\n|switch|p1a: Corviknight|Corviknight, M|100\/100\n|-ability|p1a: Corviknight|Pressure\n|turn|17\n|\n|t:|1659933488\n|switch|p1a: Slowking|Slowking-Galar, M|91\/100\n|move|p2a: Garchomp|Earthquake|p1a: Slowking\n|-supereffective|p1a: Slowking\n|-damage|p1a: Slowking|0 fnt\n|faint|p1a: Slowking\n|\n|upkeep\n|\n|t:|1659933494\n|switch|p1a: Corviknight|Corviknight, M|100\/100\n|-ability|p1a: Corviknight|Pressure\n|turn|18\n|\n|t:|1659933497\n|switch|p2a: Rotom|Rotom-Wash|100\/100\n|move|p1a: Corviknight|Iron Defense|p1a: Corviknight\n|-boost|p1a: Corviknight|def|2\n|\n|upkeep\n|turn|19\n|\n|t:|1659933500\n|move|p2a: Rotom|Will-O-Wisp|p1a: Corviknight\n|-status|p1a: Corviknight|brn\n|move|p1a: Corviknight|Roost||[still]\n|-fail|p1a: Corviknight|heal\n|\n|-damage|p1a: Corviknight|94\/100 brn|[from] brn\n|upkeep\n|turn|20\n|\n|t:|1659933503\n|switch|p1a: Clefable|Clefable, F|79\/100\n|move|p2a: Rotom|Volt Switch|p1a: Clefable\n|-damage|p1a: Clefable|57\/100\n|\n|t:|1659933509\n|switch|p2a: Garchomp|Garchomp, M|100\/100|[from]move: Volt Switch\n|\n|-heal|p1a: Clefable|63\/100|[from] item: Leftovers\n|upkeep\n|turn|21\n|\n|t:|1659933512\n|switch|p1a: Corviknight|Corviknight, M|94\/100 brn\n|-ability|p1a: Corviknight|Pressure\n|move|p2a: Garchomp|Iron Head|p1a: Corviknight\n|-resisted|p1a: Corviknight\n|-damage|p1a: Corviknight|82\/100 brn\n|\n|-heal|p1a: Corviknight|88\/100 brn|[from] item: Leftovers\n|-damage|p1a: Corviknight|82\/100 brn|[from] brn\n|upkeep\n|turn|22\n|\n|t:|1659933515\n|switch|p2a: Rotom|Rotom-Wash|100\/100\n|switch|p1a: Clefable|Clefable, F|63\/100\n|\n|-heal|p1a: Clefable|69\/100|[from] item: Leftovers\n|upkeep\n|turn|23\n|\n|t:|1659933517\n|move|p2a: Rotom|Hydro Pump|p1a: Clefable\n|-damage|p1a: Clefable|32\/100\n|move|p1a: Clefable|Heal Bell|p1a: Clefable\n|-activate|p1a: Clefable|move: Heal Bell\n|-curestatus|p1: Corviknight|brn|[msg]\n|\n|-heal|p1a: Clefable|38\/100|[from] item: Leftovers\n|upkeep\n|turn|24\n|\n|t:|1659933520\n|move|p2a: Rotom|Hydro Pump|p1a: Clefable\n|-damage|p1a: Clefable|0 fnt\n|faint|p1a: Clefable\n|\n|upkeep\n|\n|t:|1659933527\n|switch|p1a: Blissey|Blissey, F|100\/100\n|turn|25\n|\n|t:|1659933529\n|move|p2a: Rotom|Volt Switch|p1a: Blissey\n|-damage|p1a: Blissey|90\/100\n|\n|t:|1659933531\n|switch|p2a: Toxapex|Toxapex, F|100\/100|[from]move: Volt Switch\n|move|p1a: Blissey|Stealth Rock|p2a: Toxapex\n|-sidestart|p2: jeandonis02|move: Stealth Rock\n|\n|upkeep\n|turn|26\n|\n|t:|1659933535\n|move|p1a: Blissey|Seismic Toss|p2a: Toxapex\n|-damage|p2a: Toxapex|68\/100\n|move|p2a: Toxapex|Toxic|p1a: Blissey\n|-status|p1a: Blissey|tox\n|\n|-heal|p2a: Toxapex|74\/100|[from] item: Black Sludge\n|-damage|p1a: Blissey|84\/100 tox|[from] psn\n|upkeep\n|turn|27\n|\n|t:|1659933540\n|-curestatus|p1a: Blissey|tox|[from] ability: Natural Cure\n|switch|p1a: Toxapex|Toxapex, F|100\/100\n|move|p2a: Toxapex|Scald|p1a: Toxapex\n|-resisted|p1a: Toxapex\n|-damage|p1a: Toxapex|94\/100\n|-status|p1a: Toxapex|brn\n|\n|-heal|p2a: Toxapex|80\/100|[from] item: Black Sludge\n|-damage|p1a: Toxapex|88\/100 brn|[from] brn\n|upkeep\n|turn|28\n|\n|t:|1659933546\n|move|p2a: Toxapex|Baneful Bunker|p2a: Toxapex\n|-singleturn|p2a: Toxapex|move: Protect\n|move|p1a: Toxapex|Knock Off|p2a: Toxapex\n|-activate|p2a: Toxapex|move: Protect\n|\n|-heal|p2a: Toxapex|86\/100|[from] item: Black Sludge\n|-damage|p1a: Toxapex|82\/100 brn|[from] brn\n|upkeep\n|turn|29\n|\n|t:|1659933550\n|switch|p2a: Rotom|Rotom-Wash|100\/100\n|-damage|p2a: Rotom|88\/100|[from] Stealth Rock\n|move|p1a: Toxapex|Knock Off|p2a: Rotom\n|-damage|p2a: Rotom|82\/100\n|-enditem|p2a: Rotom|Leftovers|[from] move: Knock Off|[of] p1a: Toxapex\n|\n|-damage|p1a: Toxapex|76\/100 brn|[from] brn\n|upkeep\n|turn|30\n|\n|t:|1659933552\n|move|p2a: Rotom|Defog|p1a: Toxapex\n|-unboost|p1a: Toxapex|evasion|1\n|-sideend|p2: jeandonis02|Stealth Rock|[from] move: Defog|[of] p2a: Rotom\n|move|p1a: Toxapex|Toxic|p2a: Rotom\n|-status|p2a: Rotom|tox\n|\n|-damage|p2a: Rotom|75\/100 tox|[from] psn\n|-damage|p1a: Toxapex|70\/100 brn|[from] brn\n|upkeep\n|turn|31\n|\n|t:|1659933556\n|move|p2a: Rotom|Volt Switch|p1a: Toxapex\n|-supereffective|p1a: Toxapex\n|-damage|p1a: Toxapex|33\/100 brn\n|\n|t:|1659933559\n|switch|p2a: Garchomp|Garchomp, M|100\/100|[from]move: Volt Switch\n|move|p1a: Toxapex|Recover|p1a: Toxapex\n|-heal|p1a: Toxapex|83\/100 brn\n|\n|-damage|p1a: Toxapex|77\/100 brn|[from] brn\n|upkeep\n|turn|32\n|\n|t:|1659933562\n|switch|p1a: Corviknight|Corviknight, M|82\/100\n|-ability|p1a: Corviknight|Pressure\n|move|p2a: Garchomp|Fire Fang|p1a: Corviknight\n|-supereffective|p1a: Corviknight\n|-crit|p1a: Corviknight\n|-damage|p1a: Corviknight|19\/100\n|-status|p1a: Corviknight|brn\n|\n|-heal|p1a: Corviknight|25\/100 brn|[from] item: Leftovers\n|-damage|p1a: Corviknight|19\/100 brn|[from] brn\n|upkeep\n|turn|33\n|c|\u2606birdspamneverdies|bro\n|c|\u2606birdspamneverdies|fucking haxer yisucrist\n|c|&|\/log birdspamneverdies was warned by Artemis (\u2606birdspamneverdies: fucking haxer yisucrist)\n|c|&|\/raw <small>This action was done automatically. Want to learn more about the AI? <a href=\"https:\/\/www.smogon.com\/forums\/threads\/3570628\/#post-9056769\">Visit the information thread<\/a>.<\/small>\n|l|\u2606birdspamneverdies\n|inactive|birdspamneverdies disconnected and has a minute to reconnect!\n|player|p1|\n|inactive|birdspamneverdies has 30 seconds to reconnect!\n|inactive|birdspamneverdies has 20 seconds to reconnect!\n|inactive|birdspamneverdies has 15 seconds to reconnect!\n|inactive|birdspamneverdies has 10 seconds to reconnect!\n|inactive|birdspamneverdies has 5 seconds to reconnect!\n|-message|birdspamneverdies lost due to inactivity.\n|\n|win|jeandonis02\n|raw|birdspamneverdies's rating: 1625 &rarr; <strong>1603<\/strong><br \/>(-22 for losing)\n|raw|jeandonis02's rating: 1587 &rarr; <strong>1609<\/strong><br \/>(+22 for winning)\n|l|\u2606jeandonis02\n|j|\u2606jeandonis02\n|player|p2|jeandonis02|lucas\n","uploadtime":1659934096,"views":48,"p1id":"birdspamneverdies","p2id":"jeandonis02","formatid":"gen8ou","rating":1603,"private":0,"password":null}