{"id":"gen8ou-1668068855","p1":"sticky one still","p2":"broked on bricks","format":"gen8ou","log":"|j|\u2606sticky one still\n|j|\u2606broked on bricks\n|t:|1663595637\n|gametype|singles\n|player|p1|sticky one still|2|1717\n|player|p2|broked on bricks|lance-masters|1764\n|teamsize|p1|6\n|teamsize|p2|6\n|gen|8\n|tier|[Gen 8] OU\n|rated|\n|rule|Sleep Clause Mod: Limit one foe put to sleep\n|rule|Species Clause: Limit one of each Pok\u00e9mon\n|rule|OHKO Clause: OHKO moves are banned\n|rule|Evasion Items Clause: Evasion items are banned\n|rule|Evasion Moves Clause: Evasion moves are banned\n|rule|Endless Battle Clause: Forcing endless battles is banned\n|rule|HP Percentage Mod: HP is shown in percentages\n|rule|Dynamax Clause: You cannot dynamax\n|clearpoke\n|poke|p1|Regidrago|\n|poke|p1|Melmetal|\n|poke|p1|Marowak-Alola, M|\n|poke|p1|Hatterene, F|\n|poke|p1|Porygon2|\n|poke|p1|Cresselia, F|\n|poke|p2|Pelipper, M|\n|poke|p2|Keldeo-Resolute|\n|poke|p2|Dragapult, F|\n|poke|p2|Tapu Lele|\n|poke|p2|Melmetal|\n|poke|p2|Landorus-Therian, M|\n|teampreview\n|c|\u2606broked on bricks|lmao sick username glhf\n|\n|t:|1663595653\n|start\n|switch|p1a: right back at ya|Hatterene, F|100\/100\n|switch|p2a: These Bolts|Melmetal|100\/100\n|turn|1\n|c|\u2606sticky one still|lol love for that gg\n|c|\u2606sticky one still|*gl\n|\n|t:|1663595666\n|switch|p1a: putin|Melmetal|100\/100\n|move|p2a: These Bolts|Double Iron Bash|p1a: putin\n|-resisted|p1a: putin\n|-damage|p1a: putin|89\/100\n|-resisted|p1a: putin\n|-damage|p1a: putin|77\/100\n|-hitcount|p1a: putin|2\n|\n|upkeep\n|turn|2\n|j| Alnico\n|\n|t:|1663595670\n|move|p2a: These Bolts|Protect|p2a: These Bolts\n|-singleturn|p2a: These Bolts|Protect\n|move|p1a: putin|Earthquake|p2a: These Bolts\n|-activate|p2a: These Bolts|move: Protect\n|\n|upkeep\n|turn|3\n|\n|t:|1663595675\n|switch|p2a: SWAG LIKE OHIO|Landorus-Therian, M|100\/100\n|-ability|p2a: SWAG LIKE OHIO|Intimidate|boost\n|-unboost|p1a: putin|atk|1\n|switch|p1a: right back at ya|Hatterene, F|100\/100\n|\n|upkeep\n|turn|4\n|\n|t:|1663595679\n|move|p2a: SWAG LIKE OHIO|U-turn|p1a: right back at ya\n|-damage|p1a: right back at ya|74\/100\n|\n|t:|1663595680\n|switch|p2a: These Bolts|Melmetal|100\/100|[from]move: U-turn\n|move|p1a: right back at ya|Trick Room|p1a: right back at ya\n|-fieldstart|move: Trick Room|[of] p1a: right back at ya\n|\n|upkeep\n|turn|5\n|\n|t:|1663595685\n|move|p1a: right back at ya|Mystical Fire|p2a: These Bolts\n|-supereffective|p2a: These Bolts\n|-damage|p2a: These Bolts|46\/100\n|-unboost|p2a: These Bolts|spa|1\n|move|p2a: These Bolts|Double Iron Bash|p1a: right back at ya\n|-supereffective|p1a: right back at ya\n|-damage|p1a: right back at ya|0 fnt\n|faint|p1a: right back at ya\n|-hitcount|p1: right back at ya|1\n|\n|-heal|p2a: These Bolts|53\/100|[from] item: Leftovers\n|upkeep\n|\n|t:|1663595691\n|switch|p1a: boner|Marowak-Alola, M|100\/100\n|turn|6\n|j| Malanaki\n|\n|t:|1663595696\n|switch|p2a: PENTADACTYL LIMB|Pelipper, M|100\/100\n|-weather|RainDance|[from] ability: Drizzle|[of] p2a: PENTADACTYL LIMB\n|move|p1a: boner|Swords Dance|p1a: boner\n|-boost|p1a: boner|atk|2\n|\n|-weather|RainDance|[upkeep]\n|upkeep\n|turn|7\n|j| Eskreet\n|\n|t:|1663595700\n|switch|p2a: SWAG LIKE OHIO|Landorus-Therian, M|100\/100\n|-ability|p2a: SWAG LIKE OHIO|Intimidate|boost\n|-unboost|p1a: boner|atk|1\n|move|p1a: boner|Poltergeist|p2a: SWAG LIKE OHIO\n|-activate|p2a: SWAG LIKE OHIO|move: Poltergeist|Eject Button\n|-damage|p2a: SWAG LIKE OHIO|0 fnt\n|faint|p2a: SWAG LIKE OHIO\n|\n|-weather|RainDance|[upkeep]\n|upkeep\n|\n|t:|1663595704\n|switch|p2a: These Bolts|Melmetal|53\/100\n|turn|8\n|\n|t:|1663595708\n|move|p2a: These Bolts|Protect|p2a: These Bolts\n|-singleturn|p2a: These Bolts|Protect\n|move|p1a: boner|Poltergeist|p2a: These Bolts\n|-activate|p2a: These Bolts|move: Protect\n|\n|-weather|RainDance|[upkeep]\n|-heal|p2a: These Bolts|59\/100|[from] item: Leftovers\n|-fieldend|move: Trick Room\n|upkeep\n|turn|9\n|\n|t:|1663595712\n|move|p2a: These Bolts|Earthquake|p1a: boner\n|-supereffective|p1a: boner\n|-damage|p1a: boner|21\/100\n|move|p1a: boner|Poltergeist|p2a: These Bolts|[miss]\n|-miss|p1a: boner|p2a: These Bolts\n|\n|-weather|RainDance|[upkeep]\n|-heal|p2a: These Bolts|65\/100|[from] item: Leftovers\n|upkeep\n|turn|10\n|l| Eskreet\n|c|\u2606broked on bricks|mb\n|\n|t:|1663595725\n|switch|p1a: lunartic|Cresselia, F|100\/100\n|move|p2a: These Bolts|Double Iron Bash|p1a: lunartic\n|-damage|p1a: lunartic|70\/100\n|-damage|p1a: lunartic|41\/100\n|-hitcount|p1a: lunartic|2\n|\n|-weather|none\n|-heal|p2a: These Bolts|71\/100|[from] item: Leftovers\n|upkeep\n|turn|11\n|\n|t:|1663595729\n|move|p2a: These Bolts|Double Iron Bash|p1a: lunartic\n|-damage|p1a: lunartic|14\/100\n|-damage|p1a: lunartic|0 fnt\n|faint|p1a: lunartic\n|-hitcount|p1: lunartic|2\n|\n|-heal|p2a: These Bolts|77\/100|[from] item: Leftovers\n|upkeep\n|\n|t:|1663595736\n|switch|p1a: duck u|Porygon2|100\/100\n|-ability|p1a: duck u|Iron Fist|[from] ability: Trace|[of] p2a: These Bolts\n|turn|12\n|l| Alnico\n|\n|t:|1663595740\n|move|p2a: These Bolts|Double Iron Bash|p1a: duck u\n|-damage|p1a: duck u|79\/100\n|-damage|p1a: duck u|57\/100\n|-hitcount|p1a: duck u|2\n|move|p1a: duck u|Trick Room|p1a: duck u\n|-fieldstart|move: Trick Room|[of] p1a: duck u\n|\n|-heal|p2a: These Bolts|83\/100|[from] item: Leftovers\n|upkeep\n|turn|13\n|\n|t:|1663595793\n|switch|p1a: putin|Melmetal|77\/100\n|move|p2a: These Bolts|Toxic|p1a: putin\n|-immune|p1a: putin\n|\n|-heal|p2a: These Bolts|89\/100|[from] item: Leftovers\n|upkeep\n|turn|14\n|\n|t:|1663595798\n|move|p2a: These Bolts|Protect|p2a: These Bolts\n|-singleturn|p2a: These Bolts|Protect\n|move|p1a: putin|Double Iron Bash|p2a: These Bolts\n|-activate|p2a: These Bolts|move: Protect\n|\n|-heal|p2a: These Bolts|95\/100|[from] item: Leftovers\n|upkeep\n|turn|15\n|\n|t:|1663595802\n|move|p1a: putin|Double Iron Bash|p2a: These Bolts\n|-resisted|p2a: These Bolts\n|-damage|p2a: These Bolts|74\/100\n|-resisted|p2a: These Bolts\n|-damage|p2a: These Bolts|53\/100\n|-hitcount|p2a: These Bolts|2\n|cant|p2a: These Bolts|flinch\n|\n|-heal|p2a: These Bolts|59\/100|[from] item: Leftovers\n|upkeep\n|turn|16\n|\n|t:|1663595806\n|move|p2a: These Bolts|Protect|p2a: These Bolts\n|-singleturn|p2a: These Bolts|Protect\n|move|p1a: putin|Double Iron Bash|p2a: These Bolts\n|-activate|p2a: These Bolts|move: Protect\n|\n|-heal|p2a: These Bolts|65\/100|[from] item: Leftovers\n|-fieldend|move: Trick Room\n|upkeep\n|turn|17\n|\n|t:|1663595811\n|switch|p2a: PENTADACTYL LIMB|Pelipper, M|100\/100\n|-weather|RainDance|[from] ability: Drizzle|[of] p2a: PENTADACTYL LIMB\n|move|p1a: putin|Double Iron Bash|p2a: PENTADACTYL LIMB\n|-resisted|p2a: PENTADACTYL LIMB\n|-damage|p2a: PENTADACTYL LIMB|57\/100\n|-resisted|p2a: PENTADACTYL LIMB\n|-damage|p2a: PENTADACTYL LIMB|13\/100\n|-hitcount|p2a: PENTADACTYL LIMB|2\n|\n|-weather|RainDance|[upkeep]\n|upkeep\n|turn|18\n|\n|t:|1663595815\n|move|p2a: PENTADACTYL LIMB|Weather Ball|p1a: putin\n|-damage|p1a: putin|0 fnt\n|faint|p1a: putin\n|\n|-weather|RainDance|[upkeep]\n|upkeep\n|\n|t:|1663595823\n|switch|p1a: duck u|Porygon2|57\/100\n|-ability|p1a: duck u|Drizzle|[from] ability: Trace|[of] p2a: PENTADACTYL LIMB\n|turn|19\n|\n|t:|1663595825\n|move|p2a: PENTADACTYL LIMB|Weather Ball|p1a: duck u\n|-damage|p1a: duck u|0 fnt\n|faint|p1a: duck u\n|\n|-weather|RainDance|[upkeep]\n|upkeep\n|-message|sticky one still forfeited.\n|\n|win|broked on bricks\n|raw|sticky one still's rating: 1717 &rarr; <strong>1700<\/strong><br \/>(-17 for losing)\n|raw|broked on bricks's rating: 1764 &rarr; <strong>1781<\/strong><br \/>(+17 for winning)\n|l|\u2606sticky one still\n|c|\u2606broked on bricks|gg\n|l|\u2606broked on bricks\n||Ladder isn't responding, score probably updated but might not have (Request timeout).\n","uploadtime":1663595835,"views":7,"p1id":"stickyonestill","p2id":"brokedonbricks","formatid":"gen8ou","rating":1700,"private":0,"password":null}