{"id":"gen8nationaldexag-1701933398","p1":"ZXBstrike","p2":"Elon Musk Rusk","format":"gen8nationaldexag","log":"|j|\u2606ZXBstrike\n|j|\u2606Elon Musk Rusk\n|t:|1667498025\n|gametype|singles\n|player|p1|ZXBstrike|265|\n|player|p2|Elon Musk Rusk|101|\n|teamsize|p1|6\n|teamsize|p2|6\n|gen|8\n|tier|[Gen 8] National Dex AG\n|rule|HP Percentage Mod: HP is shown in percentages\n|rule|Endless Battle Clause: Forcing endless battles is banned\n|clearpoke\n|poke|p1|Kyurem|\n|poke|p1|Lugia|\n|poke|p1|Zeraora|\n|poke|p1|Audino, F|\n|poke|p1|Bisharp, F|\n|poke|p1|Seismitoad, M|\n|poke|p2|Metagross|\n|poke|p2|Shaymin|\n|poke|p2|Hydreigon, M|\n|poke|p2|Tapu Fini|\n|poke|p2|Porygon2|\n|poke|p2|Talonflame, M|\n|teampreview\n|\n|t:|1667498101\n|start\n|switch|p1a: Lugia|Lugia|100\/100\n|switch|p2a: Metagross|Metagross|100\/100\n|turn|1\n|\n|t:|1667498111\n|detailschange|p2a: Metagross|Metagross-Mega\n|-mega|p2a: Metagross|Metagross|Metagrossite\n|move|p2a: Metagross|Ice Punch|p1a: Lugia\n|-supereffective|p1a: Lugia\n|-damage|p1a: Lugia|82\/100\n|move|p1a: Lugia|Earth Power|p2a: Metagross\n|-supereffective|p2a: Metagross\n|-damage|p2a: Metagross|61\/100\n|\n|upkeep\n|turn|2\n|\n|t:|1667498175\n|move|p2a: Metagross|Meteor Mash|p1a: Lugia|[miss]\n|-miss|p2a: Metagross|p1a: Lugia\n|move|p1a: Lugia|Earth Power|p2a: Metagross\n|-supereffective|p2a: Metagross\n|-damage|p2a: Metagross|22\/100\n|\n|upkeep\n|turn|3\n|\n|t:|1667498189\n|switch|p2a: Hydreigon|Hydreigon, M|100\/100\n|move|p1a: Lugia|Earth Power|p2a: Hydreigon\n|-immune|p2a: Hydreigon|[from] ability: Levitate\n|\n|upkeep\n|turn|4\n|\n|t:|1667498198\n|switch|p1a: Audino|Audino, F|100\/100\n|move|p2a: Hydreigon|Dragon Dance|p2a: Hydreigon\n|-boost|p2a: Hydreigon|atk|1\n|-boost|p2a: Hydreigon|spe|1\n|\n|upkeep\n|turn|5\n|l|\u2606Elon Musk Rusk\n|player|p2|\n|j|\u2606Elon Musk Rusk\n|player|p2|Elon Musk Rusk|101\n|\n|t:|1667498254\n|move|p2a: Hydreigon|Outrage|p1a: Audino\n|-damage|p1a: Audino|0 fnt\n|faint|p1a: Audino\n|-damage|p2a: Hydreigon|91\/100|[from] item: Life Orb\n|\n|upkeep\n|\n|t:|1667498299\n|switch|p1a: Bisharp|Bisharp, F, shiny|100\/100\n|turn|6\n|\n|t:|1667498306\n|move|p2a: Hydreigon|Outrage|p1a: Bisharp|[from]lockedmove\n|-resisted|p1a: Bisharp\n|-damage|p1a: Bisharp|43\/100\n|-damage|p2a: Hydreigon|81\/100|[from] item: Life Orb\n|-start|p2a: Hydreigon|confusion|[fatigue]\n|move|p1a: Bisharp|Iron Head|p2a: Hydreigon\n|-damage|p2a: Hydreigon|26\/100\n|\n|upkeep\n|turn|7\n|\n|t:|1667498383\n|switch|p2a: Tapu Fini|Tapu Fini|100\/100\n|-fieldstart|move: Misty Terrain|[from] ability: Misty Surge|[of] p2a: Tapu Fini\n|move|p1a: Bisharp|Sucker Punch||[still]\n|-fail|p1a: Bisharp\n|\n|upkeep\n|turn|8\n|\n|t:|1667498395\n|switch|p1a: Seismitoad|Seismitoad, M|100\/100\n|move|p2a: Tapu Fini|Moonblast|p1a: Seismitoad\n|-damage|p1a: Seismitoad|79\/100\n|\n|-heal|p1a: Seismitoad|85\/100|[from] item: Leftovers\n|upkeep\n|turn|9\n|\n|t:|1667498411\n|move|p2a: Tapu Fini|Grass Knot|p1a: Seismitoad\n|-supereffective|p1a: Seismitoad\n|-damage|p1a: Seismitoad|31\/100\n|move|p1a: Seismitoad|Stealth Rock|p2a: Tapu Fini\n|-sidestart|p2: Elon Musk Rusk|move: Stealth Rock\n|\n|-heal|p1a: Seismitoad|37\/100|[from] item: Leftovers\n|upkeep\n|turn|10\n|\n|t:|1667498424\n|switch|p1a: Lugia|Lugia|82\/100\n|move|p2a: Tapu Fini|Defog|p1a: Lugia\n|-unboost|p1a: Lugia|evasion|1\n|-sideend|p2: Elon Musk Rusk|Stealth Rock|[from] move: Defog|[of] p2a: Tapu Fini\n|-fieldend|Misty Terrain\n|\n|upkeep\n|turn|11\n|\n|t:|1667498434\n|switch|p2a: Talonflame|Talonflame, M|100\/100\n|move|p1a: Lugia|Toxic|p2a: Talonflame\n|-status|p2a: Talonflame|tox\n|\n|-damage|p2a: Talonflame|94\/100 tox|[from] psn\n|upkeep\n|turn|12\n|\n|t:|1667498440\n|move|p2a: Talonflame|U-turn|p1a: Lugia\n|-damage|p1a: Lugia|75\/100\n|\n|t:|1667498442\n|switch|p2a: Hydreigon|Hydreigon, M|26\/100|[from]move: U-turn\n|move|p1a: Lugia|Whirlwind|p2a: Hydreigon\n|drag|p2a: Talonflame|Talonflame, M|94\/100 tox\n|\n|-damage|p2a: Talonflame|88\/100 tox|[from] psn\n|upkeep\n|turn|13\n|\n|t:|1667498456\n|move|p2a: Talonflame|Taunt|p1a: Lugia\n|-start|p1a: Lugia|move: Taunt\n|cant|p1a: Lugia|move: Taunt|Roost\n|\n|-damage|p2a: Talonflame|76\/100 tox|[from] psn\n|upkeep\n|turn|14\n|\n|t:|1667498525\n|switch|p1a: Kyurem|Kyurem|100\/100\n|-ability|p1a: Kyurem|Pressure\n|move|p2a: Talonflame|U-turn|p1a: Kyurem\n|-damage|p1a: Kyurem|90\/100\n|\n|t:|1667498533\n|switch|p2a: Metagross|Metagross-Mega|22\/100|[from]move: U-turn\n|\n|upkeep\n|turn|15\n|\n|t:|1667498581\n|switch|p2a: Porygon2|Porygon2|100\/100\n|-ability|p2a: Porygon2|Pressure|[from] ability: Trace|[of] p1a: Kyurem\n|-ability|p2a: Porygon2|Pressure\n|switch|p1a: Zeraora|Zeraora|100\/100\n|\n|upkeep\n|turn|16\n|l|\u2606Elon Musk Rusk\n|player|p2|\n|j|\u2606Elon Musk Rusk\n|player|p2|Elon Musk Rusk|101\n|\n|t:|1667498645\n|switch|p1a: Bisharp|Bisharp, F, shiny|43\/100\n|switch|p2a: Shaymin|Shaymin|100\/100\n|\n|upkeep\n|turn|17\n|\n|t:|1667498664\n|switch|p2a: Talonflame|Talonflame, M|76\/100 tox\n|switch|p1a: Kyurem|Kyurem|90\/100\n|-ability|p1a: Kyurem|Pressure\n|\n|-damage|p2a: Talonflame|70\/100 tox|[from] psn\n|upkeep\n|turn|18\n|\n|t:|1667498669\n|move|p2a: Talonflame|U-turn|p1a: Kyurem\n|-damage|p1a: Kyurem|80\/100\n|\n|t:|1667498672\n|switch|p2a: Porygon2|Porygon2|100\/100|[from]move: U-turn\n|-ability|p2a: Porygon2|Pressure|[from] ability: Trace|[of] p1a: Kyurem\n|-ability|p2a: Porygon2|Pressure\n|move|p1a: Kyurem|Substitute|p1a: Kyurem\n|-start|p1a: Kyurem|Substitute\n|-damage|p1a: Kyurem|55\/100\n|\n|upkeep\n|turn|19\n|\n|t:|1667498675\n|move|p2a: Porygon2|Tri Attack|p1a: Kyurem\n|-activate|p1a: Kyurem|move: Substitute|[damage]\n|move|p1a: Kyurem|Dragon Tail|p2a: Porygon2|[miss]\n|-miss|p1a: Kyurem|p2a: Porygon2\n|\n|upkeep\n|turn|20\n|c|\u2606ZXBstrike|of course\n|\n|t:|1667498694\n|move|p1a: Kyurem|Roost|p1a: Kyurem\n|-heal|p1a: Kyurem|100\/100\n|-singleturn|p1a: Kyurem|move: Roost\n|move|p2a: Porygon2|Tri Attack|p1a: Kyurem\n|-end|p1a: Kyurem|Substitute\n|\n|upkeep\n|turn|21\n|\n|t:|1667498699\n|move|p1a: Kyurem|Substitute|p1a: Kyurem\n|-start|p1a: Kyurem|Substitute\n|-damage|p1a: Kyurem|76\/100\n|move|p2a: Porygon2|Teleport|p2a: Porygon2\n|\n|t:|1667498701\n|switch|p2a: Tapu Fini|Tapu Fini|100\/100|[from]move: Teleport\n|-fieldstart|move: Misty Terrain|[from] ability: Misty Surge|[of] p2a: Tapu Fini\n|\n|upkeep\n|turn|22\n|\n|t:|1667498704\n|move|p2a: Tapu Fini|Moonblast|p1a: Kyurem\n|-supereffective|p1a: Kyurem\n|-end|p1a: Kyurem|Substitute\n|move|p1a: Kyurem|Freeze-Dry|p2a: Tapu Fini\n|-supereffective|p2a: Tapu Fini\n|-damage|p2a: Tapu Fini|40\/100\n|\n|-heal|p2a: Tapu Fini|47\/100|[from] item: Leftovers\n|upkeep\n|turn|23\n|l|\u2606Elon Musk Rusk\n|player|p2|\n|\n|t:|1667498770\n|switch|p2a: Hydreigon|Hydreigon, M|26\/100\n|switch|p1a: Lugia|Lugia|75\/100\n|\n|upkeep\n|turn|24\n|j|\u2606Elon Musk Rusk\n|player|p2|Elon Musk Rusk|101\n|\n|t:|1667498788\n|move|p2a: Hydreigon|Crunch|p1a: Lugia\n|-supereffective|p1a: Lugia\n|-damage|p1a: Lugia|29\/100\n|-damage|p2a: Hydreigon|16\/100|[from] item: Life Orb\n|move|p1a: Lugia|Roost|p1a: Lugia\n|-heal|p1a: Lugia|79\/100\n|-singleturn|p1a: Lugia|move: Roost\n|\n|upkeep\n|turn|25\n|\n|t:|1667498795\n|move|p2a: Hydreigon|Dragon Dance|p2a: Hydreigon\n|-boost|p2a: Hydreigon|atk|1\n|-boost|p2a: Hydreigon|spe|1\n|move|p1a: Lugia|Roost|p1a: Lugia\n|-heal|p1a: Lugia|100\/100\n|-singleturn|p1a: Lugia|move: Roost\n|\n|-fieldend|Misty Terrain\n|upkeep\n|turn|26\n|\n|t:|1667498801\n|move|p2a: Hydreigon|Crunch|p1a: Lugia\n|-supereffective|p1a: Lugia\n|-damage|p1a: Lugia|68\/100\n|-damage|p2a: Hydreigon|6\/100|[from] item: Life Orb\n|move|p1a: Lugia|Toxic|p2a: Hydreigon\n|-status|p2a: Hydreigon|tox\n|\n|-damage|p2a: Hydreigon|0 fnt|[from] psn\n|faint|p2a: Hydreigon\n|upkeep\n|\n|t:|1667498806\n|switch|p2a: Tapu Fini|Tapu Fini|47\/100\n|-fieldstart|move: Misty Terrain|[from] ability: Misty Surge|[of] p2a: Tapu Fini\n|turn|27\n|l|\u2606Elon Musk Rusk\n|player|p2|\n|j|\u2606Elon Musk Rusk\n|player|p2|Elon Musk Rusk|101\n|\n|t:|1667498901\n|switch|p1a: Seismitoad|Seismitoad, M|37\/100\n|switch|p2a: Shaymin|Shaymin|100\/100\n|\n|-heal|p1a: Seismitoad|43\/100|[from] item: Leftovers\n|upkeep\n|turn|28\n|\n|t:|1667498909\n|switch|p1a: Kyurem|Kyurem|76\/100\n|-ability|p1a: Kyurem|Pressure\n|move|p2a: Shaymin|Giga Drain|p1a: Kyurem\n|-resisted|p1a: Kyurem\n|-damage|p1a: Kyurem|65\/100\n|\n|upkeep\n|turn|29\n|\n|t:|1667498921\n|switch|p2a: Porygon2|Porygon2|100\/100\n|-ability|p2a: Porygon2|Pressure|[from] ability: Trace|[of] p1a: Kyurem\n|-ability|p2a: Porygon2|Pressure\n|move|p1a: Kyurem|Substitute|p1a: Kyurem\n|-start|p1a: Kyurem|Substitute\n|-damage|p1a: Kyurem|40\/100\n|\n|upkeep\n|turn|30\n|\n|t:|1667498926\n|move|p1a: Kyurem|Roost|p1a: Kyurem\n|-heal|p1a: Kyurem|90\/100\n|-singleturn|p1a: Kyurem|move: Roost\n|move|p2a: Porygon2|Tri Attack|p1a: Kyurem\n|-crit|p1a: Kyurem\n|-end|p1a: Kyurem|Substitute\n|\n|upkeep\n|turn|31\n|\n|t:|1667498937\n|move|p1a: Kyurem|Substitute|p1a: Kyurem\n|-start|p1a: Kyurem|Substitute\n|-damage|p1a: Kyurem|65\/100\n|move|p2a: Porygon2|Discharge|p1a: Kyurem\n|-resisted|p1a: Kyurem\n|-activate|p1a: Kyurem|move: Substitute|[damage]\n|\n|-fieldend|Misty Terrain\n|upkeep\n|turn|32\n|\n|t:|1667498943\n|move|p2a: Porygon2|Tri Attack|p1a: Kyurem\n|-end|p1a: Kyurem|Substitute\n|move|p1a: Kyurem|Dragon Tail|p2a: Porygon2\n|-damage|p2a: Porygon2|84\/100\n|drag|p2a: Metagross|Metagross-Mega|22\/100\n|\n|upkeep\n|turn|33\n|\n|t:|1667499022\n|switch|p1a: Zeraora|Zeraora|100\/100\n|move|p2a: Metagross|Earthquake|p1a: Zeraora\n|-supereffective|p1a: Zeraora\n|-damage|p1a: Zeraora|14\/100\n|\n|-heal|p1a: Zeraora|20\/100|[from] item: Leftovers\n|upkeep\n|turn|34\n|\n|t:|1667499052\n|switch|p2a: Shaymin|Shaymin|100\/100\n|move|p1a: Zeraora|Knock Off|p2a: Shaymin\n|-damage|p2a: Shaymin|81\/100\n|-enditem|p2a: Shaymin|Leftovers|[from] move: Knock Off|[of] p1a: Zeraora\n|\n|-heal|p1a: Zeraora|26\/100|[from] item: Leftovers\n|upkeep\n|turn|35\n|\n|t:|1667499067\n|move|p1a: Zeraora|Knock Off|p2a: Shaymin\n|-damage|p2a: Shaymin|68\/100\n|move|p2a: Shaymin|Toxic|p1a: Zeraora\n|-status|p1a: Zeraora|tox\n|\n|-heal|p1a: Zeraora|32\/100 tox|[from] item: Leftovers\n|-damage|p1a: Zeraora|26\/100 tox|[from] psn\n|upkeep\n|turn|36\n|\n|t:|1667499077\n|switch|p1a: Bisharp|Bisharp, F, shiny|43\/100\n|move|p2a: Shaymin|Synthesis|p2a: Shaymin\n|-heal|p2a: Shaymin|100\/100\n|\n|upkeep\n|turn|37\n|\n|t:|1667499085\n|move|p2a: Shaymin|Earth Power|p1a: Bisharp\n|-supereffective|p1a: Bisharp\n|-damage|p1a: Bisharp|0 fnt\n|faint|p1a: Bisharp\n|\n|upkeep\n|\n|t:|1667499088\n|switch|p1a: Kyurem|Kyurem|65\/100\n|-ability|p1a: Kyurem|Pressure\n|turn|38\n|\n|t:|1667499093\n|switch|p2a: Porygon2|Porygon2|84\/100\n|-ability|p2a: Porygon2|Pressure|[from] ability: Trace|[of] p1a: Kyurem\n|-ability|p2a: Porygon2|Pressure\n|move|p1a: Kyurem|Substitute|p1a: Kyurem\n|-start|p1a: Kyurem|Substitute\n|-damage|p1a: Kyurem|40\/100\n|\n|upkeep\n|turn|39\n|\n|t:|1667499104\n|move|p1a: Kyurem|Roost|p1a: Kyurem\n|-heal|p1a: Kyurem|91\/100\n|-singleturn|p1a: Kyurem|move: Roost\n|move|p2a: Porygon2|Tri Attack|p1a: Kyurem\n|-end|p1a: Kyurem|Substitute\n|\n|upkeep\n|turn|40\n|\n|t:|1667499115\n|move|p1a: Kyurem|Substitute|p1a: Kyurem\n|-start|p1a: Kyurem|Substitute\n|-damage|p1a: Kyurem|66\/100\n|move|p2a: Porygon2|Tri Attack|p1a: Kyurem\n|-activate|p1a: Kyurem|move: Substitute|[damage]\n|\n|upkeep\n|turn|41\n|\n|t:|1667499121\n|move|p1a: Kyurem|Freeze-Dry|p2a: Porygon2\n|-damage|p2a: Porygon2|65\/100\n|move|p2a: Porygon2|Discharge|p1a: Kyurem\n|-resisted|p1a: Kyurem\n|-end|p1a: Kyurem|Substitute\n|\n|upkeep\n|turn|42\n|\n|t:|1667499130\n|move|p1a: Kyurem|Substitute|p1a: Kyurem\n|-start|p1a: Kyurem|Substitute\n|-damage|p1a: Kyurem|41\/100\n|move|p2a: Porygon2|Tri Attack|p1a: Kyurem\n|-activate|p1a: Kyurem|move: Substitute|[damage]\n|\n|upkeep\n|turn|43\n|\n|t:|1667499136\n|move|p1a: Kyurem|Roost|p1a: Kyurem\n|-heal|p1a: Kyurem|91\/100\n|-singleturn|p1a: Kyurem|move: Roost\n|move|p2a: Porygon2|Teleport|p2a: Porygon2\n|\n|t:|1667499138\n|switch|p2a: Talonflame|Talonflame, M|70\/100 tox|[from]move: Teleport\n|\n|-damage|p2a: Talonflame|64\/100 tox|[from] psn\n|upkeep\n|turn|44\n|\n|t:|1667499144\n|move|p2a: Talonflame|Flamethrower|p1a: Kyurem\n|-end|p1a: Kyurem|Substitute\n|move|p1a: Kyurem|Freeze-Dry|p2a: Talonflame\n|-damage|p2a: Talonflame|13\/100 tox\n|\n|-damage|p2a: Talonflame|0 fnt|[from] psn\n|faint|p2a: Talonflame\n|upkeep\n|\n|t:|1667499147\n|switch|p2a: Metagross|Metagross-Mega|22\/100\n|turn|45\n|\n|t:|1667499182\n|switch|p1a: Seismitoad|Seismitoad, M|43\/100\n|move|p2a: Metagross|Meteor Mash|p1a: Seismitoad\n|-resisted|p1a: Seismitoad\n|-damage|p1a: Seismitoad|12\/100\n|\n|-heal|p1a: Seismitoad|18\/100|[from] item: Leftovers\n|upkeep\n|turn|46\n|\n|t:|1667499192\n|move|p2a: Metagross|Earthquake|p1a: Seismitoad\n|-damage|p1a: Seismitoad|0 fnt\n|faint|p1a: Seismitoad\n|\n|upkeep\n|\n|t:|1667499198\n|switch|p1a: Lugia|Lugia|68\/100\n|turn|47\n|\n|t:|1667499210\n|switch|p2a: Porygon2|Porygon2|65\/100\n|-ability|p2a: Porygon2|Multiscale|[from] ability: Trace|[of] p1a: Lugia\n|switch|p1a: Kyurem|Kyurem|91\/100\n|-ability|p1a: Kyurem|Pressure\n|\n|upkeep\n|turn|48\n|\n|t:|1667499222\n|move|p1a: Kyurem|Substitute|p1a: Kyurem\n|-start|p1a: Kyurem|Substitute\n|-damage|p1a: Kyurem|66\/100\n|move|p2a: Porygon2|Discharge|p1a: Kyurem\n|-resisted|p1a: Kyurem\n|-activate|p1a: Kyurem|move: Substitute|[damage]\n|\n|upkeep\n|turn|49\n|\n|t:|1667499226\n|move|p1a: Kyurem|Freeze-Dry|p2a: Porygon2\n|-damage|p2a: Porygon2|48\/100\n|move|p2a: Porygon2|Discharge|p1a: Kyurem\n|-resisted|p1a: Kyurem\n|-activate|p1a: Kyurem|move: Substitute|[damage]\n|\n|upkeep\n|turn|50\n|\n|t:|1667499232\n|move|p1a: Kyurem|Freeze-Dry|p2a: Porygon2\n|-damage|p2a: Porygon2|31\/100\n|move|p2a: Porygon2|Tri Attack|p1a: Kyurem\n|-end|p1a: Kyurem|Substitute\n|\n|upkeep\n|turn|51\n|\n|t:|1667499239\n|move|p1a: Kyurem|Substitute|p1a: Kyurem\n|-start|p1a: Kyurem|Substitute\n|-damage|p1a: Kyurem|41\/100\n|move|p2a: Porygon2|Toxic||[still]\n|-fail|p2a: Porygon2\n|\n|upkeep\n|turn|52\n|\n|t:|1667499242\n|move|p1a: Kyurem|Roost|p1a: Kyurem\n|-heal|p1a: Kyurem|91\/100\n|-singleturn|p1a: Kyurem|move: Roost\n|move|p2a: Porygon2|Discharge|p1a: Kyurem\n|-resisted|p1a: Kyurem\n|-activate|p1a: Kyurem|move: Substitute|[damage]\n|\n|upkeep\n|turn|53\n|\n|t:|1667499254\n|move|p1a: Kyurem|Freeze-Dry|p2a: Porygon2\n|-damage|p2a: Porygon2|14\/100\n|move|p2a: Porygon2|Discharge|p1a: Kyurem\n|-resisted|p1a: Kyurem\n|-activate|p1a: Kyurem|move: Substitute|[damage]\n|\n|upkeep\n|turn|54\n|\n|t:|1667499266\n|move|p1a: Kyurem|Freeze-Dry|p2a: Porygon2\n|-damage|p2a: Porygon2|0 fnt\n|faint|p2a: Porygon2\n|\n|upkeep\n|\n|t:|1667499267\n|switch|p2a: Tapu Fini|Tapu Fini|47\/100\n|-fieldstart|move: Misty Terrain|[from] ability: Misty Surge|[of] p2a: Tapu Fini\n|turn|55\n|\n|t:|1667499301\n|move|p2a: Tapu Fini|Moonblast|p1a: Kyurem\n|-supereffective|p1a: Kyurem\n|-end|p1a: Kyurem|Substitute\n|move|p1a: Kyurem|Freeze-Dry|p2a: Tapu Fini\n|-supereffective|p2a: Tapu Fini\n|-damage|p2a: Tapu Fini|0 fnt\n|faint|p2a: Tapu Fini\n|\n|upkeep\n|\n|t:|1667499307\n|switch|p2a: Metagross|Metagross-Mega|22\/100\n|turn|56\n|\n|t:|1667499406\n|switch|p1a: Zeraora|Zeraora|26\/100 tox\n|move|p2a: Metagross|Meteor Mash|p1a: Zeraora|[miss]\n|-miss|p2a: Metagross|p1a: Zeraora\n|\n|-heal|p1a: Zeraora|32\/100 tox|[from] item: Leftovers\n|-damage|p1a: Zeraora|26\/100 tox|[from] psn\n|upkeep\n|turn|57\n|c|\u2606Elon Musk Rusk|perfect\n|\n|t:|1667499677\n|switch|p2a: Shaymin|Shaymin|100\/100\n|move|p1a: Zeraora|Close Combat|p2a: Shaymin\n|-damage|p2a: Shaymin|78\/100\n|-unboost|p1a: Zeraora|def|1\n|-unboost|p1a: Zeraora|spd|1\n|\n|-heal|p1a: Zeraora|32\/100 tox|[from] item: Leftovers\n|-damage|p1a: Zeraora|20\/100 tox|[from] psn\n|upkeep\n|turn|58\n|\n|t:|1667499694\n|switch|p1a: Kyurem|Kyurem|91\/100\n|-ability|p1a: Kyurem|Pressure\n|move|p2a: Shaymin|Earth Power|p1a: Kyurem\n|-damage|p1a: Kyurem|72\/100\n|\n|upkeep\n|turn|59\n|\n|t:|1667499702\n|switch|p2a: Metagross|Metagross-Mega|22\/100\n|move|p1a: Kyurem|Substitute|p1a: Kyurem\n|-start|p1a: Kyurem|Substitute\n|-damage|p1a: Kyurem|48\/100\n|\n|-fieldend|Misty Terrain\n|upkeep\n|turn|60\n|\n|t:|1667499708\n|move|p2a: Metagross|Meteor Mash|p1a: Kyurem\n|-supereffective|p1a: Kyurem\n|-end|p1a: Kyurem|Substitute\n|move|p1a: Kyurem|Freeze-Dry|p2a: Metagross\n|-resisted|p2a: Metagross\n|-damage|p2a: Metagross|3\/100\n|\n|upkeep\n|turn|61\n|\n|t:|1667499717\n|switch|p1a: Zeraora|Zeraora|20\/100 tox\n|move|p2a: Metagross|Meteor Mash|p1a: Zeraora\n|-resisted|p1a: Zeraora\n|-damage|p1a: Zeraora|0 fnt\n|-boost|p2a: Metagross|atk|1\n|faint|p1a: Zeraora\n|\n|upkeep\n|\n|t:|1667499722\n|switch|p1a: Lugia|Lugia|68\/100\n|turn|62\n|\n|t:|1667499790\n|switch|p2a: Shaymin|Shaymin|78\/100\n|move|p1a: Lugia|Earth Power|p2a: Shaymin\n|-resisted|p2a: Shaymin\n|-damage|p2a: Shaymin|70\/100\n|\n|upkeep\n|turn|63\n|\n|t:|1667499809\n|move|p1a: Lugia|Toxic|p2a: Shaymin\n|-status|p2a: Shaymin|tox\n|move|p2a: Shaymin|Toxic|p1a: Lugia\n|-status|p1a: Lugia|tox\n|\n|-damage|p1a: Lugia|62\/100 tox|[from] psn\n|-damage|p2a: Shaymin|64\/100 tox|[from] psn\n|upkeep\n|turn|64\n|\n|t:|1667499816\n|move|p1a: Lugia|Roost|p1a: Lugia\n|-heal|p1a: Lugia|100\/100 tox\n|-singleturn|p1a: Lugia|move: Roost\n|move|p2a: Shaymin|Earth Power|p1a: Lugia\n|-damage|p1a: Lugia|95\/100 tox\n|\n|-damage|p1a: Lugia|82\/100 tox|[from] psn\n|-damage|p2a: Shaymin|52\/100 tox|[from] psn\n|upkeep\n|turn|65\n|\n|t:|1667499881\n|move|p1a: Lugia|Earth Power|p2a: Shaymin\n|-resisted|p2a: Shaymin\n|-damage|p2a: Shaymin|44\/100 tox\n|move|p2a: Shaymin|Synthesis|p2a: Shaymin\n|-heal|p2a: Shaymin|94\/100 tox\n|\n|-damage|p1a: Lugia|64\/100 tox|[from] psn\n|-damage|p2a: Shaymin|75\/100 tox|[from] psn\n|upkeep\n|turn|66\n|\n|t:|1667499895\n|move|p1a: Lugia|Earth Power|p2a: Shaymin\n|-resisted|p2a: Shaymin\n|-damage|p2a: Shaymin|67\/100 tox\n|move|p2a: Shaymin|Earth Power|p1a: Lugia\n|-immune|p1a: Lugia\n|\n|-damage|p1a: Lugia|39\/100 tox|[from] psn\n|-damage|p2a: Shaymin|42\/100 tox|[from] psn\n|upkeep\n|turn|67\n|\n|t:|1667499922\n|move|p1a: Lugia|Roost|p1a: Lugia\n|-heal|p1a: Lugia|89\/100 tox\n|-singleturn|p1a: Lugia|move: Roost\n|move|p2a: Shaymin|Synthesis|p2a: Shaymin\n|-heal|p2a: Shaymin|92\/100 tox\n|\n|-damage|p1a: Lugia|57\/100 tox|[from] psn\n|-damage|p2a: Shaymin|61\/100 tox|[from] psn\n|upkeep\n|turn|68\n|\n|t:|1667499968\n|-curestatus|p2a: Shaymin|tox|[from] ability: Natural Cure\n|switch|p2a: Metagross|Metagross-Mega|3\/100\n|move|p1a: Lugia|Earth Power|p2a: Metagross\n|-supereffective|p2a: Metagross\n|-damage|p2a: Metagross|0 fnt\n|faint|p2a: Metagross\n|\n|-damage|p1a: Lugia|20\/100 tox|[from] psn\n|upkeep\n|c|\u2606ZXBstrike|gg\n|\n|t:|1667499978\n|switch|p2a: Shaymin|Shaymin|61\/100\n|turn|69\n|\n|t:|1667499983\n|move|p1a: Lugia|Toxic|p2a: Shaymin\n|-status|p2a: Shaymin|tox\n|move|p2a: Shaymin|Earth Power|p1a: Lugia\n|-immune|p1a: Lugia\n|\n|-damage|p1a: Lugia|0 fnt|[from] psn\n|faint|p1a: Lugia\n|-damage|p2a: Shaymin|55\/100 tox|[from] psn\n|upkeep\n|\n|t:|1667499987\n|switch|p1a: Kyurem|Kyurem|48\/100\n|-ability|p1a: Kyurem|Pressure\n|turn|70\n|\n|t:|1667499990\n|move|p2a: Shaymin|Synthesis|p2a: Shaymin\n|-heal|p2a: Shaymin|100\/100 tox\n|move|p1a: Kyurem|Substitute|p1a: Kyurem\n|-start|p1a: Kyurem|Substitute\n|-damage|p1a: Kyurem|23\/100\n|\n|-damage|p2a: Shaymin|88\/100 tox|[from] psn\n|upkeep\n|turn|71\n|\n|t:|1667499994\n|move|p2a: Shaymin|Earth Power|p1a: Kyurem\n|-activate|p1a: Kyurem|move: Substitute|[damage]\n|move|p1a: Kyurem|Roost|p1a: Kyurem\n|-heal|p1a: Kyurem|73\/100\n|-singleturn|p1a: Kyurem|move: Roost\n|\n|-damage|p2a: Shaymin|69\/100 tox|[from] psn\n|upkeep\n|turn|72\n|\n|t:|1667500000\n|move|p2a: Shaymin|Earth Power|p1a: Kyurem\n|-end|p1a: Kyurem|Substitute\n|move|p1a: Kyurem|Freeze-Dry|p2a: Shaymin\n|-supereffective|p2a: Shaymin\n|-damage|p2a: Shaymin|5\/100 tox\n|\n|-damage|p2a: Shaymin|0 fnt|[from] psn\n|faint|p2a: Shaymin\n|\n|win|ZXBstrike\n|upkeep\n|l|\u2606Elon Musk Rusk\n","uploadtime":1667500981,"views":18,"p1id":"zxbstrike","p2id":"elonmuskrusk","formatid":"gen8nationaldexag","rating":0,"private":0,"password":null}