{"id":"gen8randombattle-1160771011","p1":"BungusMcChungus","p2":"Hgfhhfghfff","format":"gen8randombattle","log":"|j|\u2606BungusMcChungus\n|j|\u2606Hgfhhfghfff\n|t:|1596177939\n|player|p1|BungusMcChungus|crasherwake|1990\n|player|p2|Hgfhhfghfff|265|1970\n|teamsize|p1|6\n|teamsize|p2|6\n|gametype|singles\n|gen|8\n|tier|[Gen 8] Random Battle\n|rated|\n|rule|Species Clause: Limit one of each Pok\u00e9mon\n|rule|HP Percentage Mod: HP is shown in percentages\n|rule|Sleep Clause Mod: Limit one foe put to sleep\n|\n|t:|1596177939\n|start\n|switch|p1a: Landorus|Landorus-Therian, L80, M|274\/274\n|switch|p2a: Tentacruel|Tentacruel, L82, M|265\/265\n|-ability|p1a: Landorus|Intimidate|boost\n|-unboost|p2a: Tentacruel|atk|1\n|turn|1\n|inactive|Battle timer is ON: inactive players will automatically lose when time's up. (requested by Hgfhhfghfff)\n|\n|t:|1596177969\n|switch|p2a: Mudsdale|Mudsdale, L84, M|305\/305\n|switch|p1a: Throh|Throh, L88, M|354\/354\n|-ability|p1a: Throh|Mold Breaker\n|\n|upkeep\n|turn|2\n|\n|t:|1596177977\n|move|p1a: Throh|Bulk Up|p1a: Throh\n|-boost|p1a: Throh|atk|1\n|-boost|p1a: Throh|def|1\n|move|p2a: Mudsdale|Earthquake|p1a: Throh\n|-damage|p1a: Throh|219\/354\n|\n|upkeep\n|turn|3\n|\n|t:|1596177986\n|move|p1a: Throh|Ice Punch|p2a: Mudsdale\n|-supereffective|p2a: Mudsdale\n|-damage|p2a: Mudsdale|143\/305\n|-ability|p2a: Mudsdale|Stamina|boost\n|-boost|p2a: Mudsdale|def|1\n|move|p2a: Mudsdale|Earthquake|p1a: Throh\n|-damage|p1a: Throh|98\/354\n|\n|upkeep\n|turn|4\n|\n|t:|1596177997\n|move|p1a: Throh|Storm Throw|p2a: Mudsdale\n|-crit|p2a: Mudsdale\n|-damage|p2a: Mudsdale|0 fnt\n|faint|p2a: Mudsdale\n|\n|upkeep\n|\n|t:|1596178005\n|switch|p2a: Alakazam|Alakazam, L80, F|219\/219\n|turn|5\n|\n|t:|1596178023\n|move|p2a: Alakazam|Psyshock|p1a: Throh\n|-supereffective|p1a: Throh\n|-damage|p1a: Throh|0 fnt\n|faint|p1a: Throh\n|\n|upkeep\n|\n|t:|1596178027\n|switch|p1a: Kingler|Kingler, L86, F|235\/235\n|turn|6\n|\n|t:|1596178031\n|switch|p2a: Tentacruel|Tentacruel, L82, M|265\/265\n|move|p1a: Kingler|Liquidation|p2a: Tentacruel\n|-resisted|p2a: Tentacruel\n|-damage|p2a: Tentacruel|138\/265\n|\n|-heal|p2a: Tentacruel|154\/265|[from] item: Black Sludge\n|upkeep\n|turn|7\n|\n|t:|1596178040\n|move|p2a: Tentacruel|Toxic Spikes|p1a: Kingler\n|-sidestart|p1: BungusMcChungus|move: Toxic Spikes\n|move|p1a: Kingler|Rock Slide|p2a: Tentacruel\n|-damage|p2a: Tentacruel|10\/265\n|\n|-heal|p2a: Tentacruel|26\/265|[from] item: Black Sludge\n|upkeep\n|turn|8\n|\n|t:|1596178047\n|move|p2a: Tentacruel|Toxic Spikes|p1a: Kingler\n|-sidestart|p1: BungusMcChungus|move: Toxic Spikes\n|move|p1a: Kingler|Liquidation|p2a: Tentacruel\n|-resisted|p2a: Tentacruel\n|-crit|p2a: Tentacruel\n|-damage|p2a: Tentacruel|0 fnt\n|faint|p2a: Tentacruel\n|\n|upkeep\n|\n|t:|1596178054\n|switch|p2a: Jolteon|Jolteon, L86, M|252\/252\n|turn|9\n|\n|t:|1596178058\n|move|p2a: Jolteon|Thunderbolt|p1a: Kingler\n|-supereffective|p1a: Kingler\n|-damage|p1a: Kingler|0 fnt\n|faint|p1a: Kingler\n|\n|upkeep\n|\n|t:|1596178060\n|switch|p1a: Landorus|Landorus-Therian, L80, M|274\/274\n|-ability|p1a: Landorus|Intimidate|boost\n|-unboost|p2a: Jolteon|atk|1\n|turn|10\n|\n|t:|1596178065\n|switch|p2a: Suicune|Suicune, L82|298\/298\n|-ability|p2a: Suicune|Pressure\n|move|p1a: Landorus|Swords Dance|p1a: Landorus\n|-boost|p1a: Landorus|atk|2\n|\n|upkeep\n|turn|11\n|\n|t:|1596178089\n|-start|p1a: Landorus|Dynamax\n|-heal|p1a: Landorus|548\/548|[silent]\n|-start|p2a: Suicune|Dynamax\n|-heal|p2a: Suicune|596\/596|[silent]\n|move|p1a: Landorus|Max Airstream|p2a: Suicune\n|-damage|p2a: Suicune|209\/596\n|-boost|p1a: Landorus|spe|1\n|-damage|p1a: Landorus|521\/548|[from] item: Life Orb\n|move|p2a: Suicune|Max Geyser|p1a: Landorus\n|-supereffective|p1a: Landorus\n|-damage|p1a: Landorus|251\/548\n|-weather|RainDance\n|\n|-weather|RainDance|[upkeep]\n|-heal|p2a: Suicune|227\/596|[from] item: Leftovers\n|upkeep\n|turn|12\n|\n|t:|1596178108\n|move|p1a: Landorus|Max Airstream|p2a: Suicune\n|-damage|p2a: Suicune|0 fnt\n|-boost|p1a: Landorus|spe|1\n|-damage|p1a: Landorus|224\/548|[from] item: Life Orb\n|faint|p2a: Suicune\n|\n|-weather|RainDance|[upkeep]\n|upkeep\n|\n|t:|1596178115\n|switch|p2a: Rotom|Rotom-Heat, L80|211\/211\n|turn|13\n|\n|t:|1596178120\n|move|p1a: Landorus|Max Rockfall|p2a: Rotom\n|-supereffective|p2a: Rotom\n|-damage|p2a: Rotom|0 fnt\n|-weather|Sandstorm\n|-damage|p1a: Landorus|197\/548|[from] item: Life Orb\n|faint|p2a: Rotom\n|\n|-weather|Sandstorm|[upkeep]\n|-end|p1a: Landorus|Dynamax\n|-heal|p1a: Landorus|99\/274|[silent]\n|upkeep\n|inactive|Hgfhhfghfff has 120 seconds left.\n|inactive|Hgfhhfghfff has 90 seconds left.\n|inactive|Hgfhhfghfff has 60 seconds left.\n|inactive|Hgfhhfghfff has 30 seconds left.\n|inactive|Hgfhhfghfff has 20 seconds left.\n|inactive|Hgfhhfghfff has 15 seconds left.\n|inactive|Hgfhhfghfff has 10 seconds left.\n|inactive|Hgfhhfghfff has 5 seconds left.\n|-message|Hgfhhfghfff lost due to inactivity.\n|\n|win|BungusMcChungus\n|raw|BungusMcChungus's rating: 1990 &rarr; <strong>2009<\/strong><br \/>(+19 for winning)\n|raw|Hgfhhfghfff's rating: 1970 &rarr; <strong>1951<\/strong><br \/>(-19 for losing)\n","inputlog":">version fe2eb278603fb9401640f465a2b94179e7565b81\n>start {\"formatid\":\"gen8randombattle\",\"seed\":[58404,30220,52863,61448],\"rated\":\"Rated battle\"}\n>player p1 {\"name\":\"BungusMcChungus\",\"avatar\":\"crasherwake\",\"team\":\"\",\"rating\":1990,\"seed\":[28889,978,41934,7118]}\n>player p2 {\"name\":\"Hgfhhfghfff\",\"avatar\":\"265\",\"team\":\"\",\"rating\":1970,\"seed\":[22210,10023,42986,37059]}\n>p1 switch 3\n>p2 switch 3\n>p1 move bulkup\n>p2 move earthquake\n>p1 move icepunch\n>p2 move earthquake\n>p1 move stormthrow\n>p2 move earthquake\n>p2 switch 2\n>p1 move icepunch\n>p2 move psyshock\n>p1 switch 2\n>p1 move liquidation\n>p2 switch 3\n>p1 move rockslide\n>p2 move toxicspikes\n>p1 move liquidation\n>p2 move toxicspikes\n>p2 switch 6\n>p1 move liquidation\n>p2 move thunderbolt\n>p1 switch 3\n>p1 move swordsdance\n>p2 switch 5\n>p1 move fly dynamax\n>p2 move scald dynamax\n>p1 move fly dynamax\n>p2 move scald dynamax\n>p2 switch 4\n>p1 move stoneedge dynamax\n>p2 move overheat","uploadtime":1596178267,"views":20,"p1id":"bungusmcchungus","p2id":"hgfhhfghfff","formatid":"gen8randombattle","rating":1951,"private":0,"password":null}