{"id":"gen8bdspou-1660169735","p1":"bizarman","p2":"ScrotalWarrior247","format":"gen8bdspou","log":"|j|\u2606bizarman\n|j|\u2606ScrotalWarrior247\n|t:|1662744810\n|gametype|singles\n|player|p1|bizarman|scientist-gen4|1570\n|player|p2|ScrotalWarrior247|benga|1275\n|teamsize|p1|6\n|teamsize|p2|6\n|gen|8\n|tier|[Gen 8 BDSP] OU\n|rated|\n|rule|Sleep Clause Mod: Limit one foe put to sleep\n|rule|Species Clause: Limit one of each Pok\u00e9mon\n|rule|OHKO Clause: OHKO moves are banned\n|rule|Evasion Items Clause: Evasion items are banned\n|rule|Evasion Moves Clause: Evasion moves are banned\n|rule|Endless Battle Clause: Forcing endless battles is banned\n|rule|HP Percentage Mod: HP is shown in percentages\n|clearpoke\n|poke|p1|Bronzong|\n|poke|p1|Cresselia, F|\n|poke|p1|Crawdaunt, F|\n|poke|p1|Machamp, F|\n|poke|p1|Dusknoir, M|\n|poke|p1|Ursaring, F|\n|poke|p2|Scizor, F|\n|poke|p2|Gliscor, M|\n|poke|p2|Blissey, F|\n|poke|p2|Slowbro, F|\n|poke|p2|Heatran, F|\n|poke|p2|Machamp, M|\n|teampreview\n|inactive|Battle timer is ON: inactive players will automatically lose when time's up. (requested by bizarman)\n|\n|t:|1662744823\n|start\n|switch|p1a: Bronzong|Bronzong|100\/100\n|switch|p2a: Scizor|Scizor, F|100\/100\n|turn|1\n|\n|t:|1662744828\n|move|p2a: Scizor|U-turn|p1a: Bronzong\n|-damage|p1a: Bronzong|70\/100\n|\n|t:|1662744831\n|switch|p2a: Heatran|Heatran, F|100\/100|[from]move: U-turn\n|move|p1a: Bronzong|Stealth Rock|p2a: Heatran\n|-sidestart|p2: ScrotalWarrior247|move: Stealth Rock\n|\n|upkeep\n|turn|2\n|\n|t:|1662744850\n|move|p2a: Heatran|Magma Storm|p1a: Bronzong\n|-supereffective|p1a: Bronzong\n|-damage|p1a: Bronzong|2\/100\n|-activate|p1a: Bronzong|move: Magma Storm|[of] p2a: Heatran\n|move|p1a: Bronzong|Trick Room|p1a: Bronzong\n|-fieldstart|move: Trick Room|[of] p1a: Bronzong\n|\n|-damage|p1a: Bronzong|0 fnt|[from] move: Magma Storm|[partiallytrapped]\n|faint|p1a: Bronzong\n|upkeep\n|\n|t:|1662744858\n|switch|p1a: Crawdaunt|Crawdaunt, F|100\/100\n|turn|3\n|\n|t:|1662744870\n|switch|p2a: Slowbro|Slowbro, F|100\/100\n|-damage|p2a: Slowbro|88\/100|[from] Stealth Rock\n|move|p1a: Crawdaunt|Crabhammer|p2a: Slowbro\n|-resisted|p2a: Slowbro\n|-crit|p2a: Slowbro\n|-damage|p2a: Slowbro|43\/100\n|-damage|p1a: Crawdaunt|90\/100|[from] item: Life Orb\n|\n|-heal|p2a: Slowbro|49\/100|[from] item: Leftovers\n|upkeep\n|turn|4\n|\n|t:|1662744881\n|move|p2a: Slowbro|Slack Off|p2a: Slowbro\n|-heal|p2a: Slowbro|99\/100\n|move|p1a: Crawdaunt|Knock Off|p2a: Slowbro\n|-supereffective|p2a: Slowbro\n|-damage|p2a: Slowbro|0 fnt\n|-enditem|p2a: Slowbro|Leftovers|[from] move: Knock Off|[of] p1a: Crawdaunt\n|faint|p2a: Slowbro\n|-damage|p1a: Crawdaunt|80\/100|[from] item: Life Orb\n|\n|upkeep\n|\n|t:|1662744893\n|switch|p2a: Scizor|Scizor, F|100\/100\n|-damage|p2a: Scizor|88\/100|[from] Stealth Rock\n|turn|5\n|\n|t:|1662744897\n|move|p1a: Crawdaunt|Knock Off|p2a: Scizor\n|-damage|p2a: Scizor|0 fnt\n|-enditem|p2a: Scizor|Leftovers|[from] move: Knock Off|[of] p1a: Crawdaunt\n|faint|p2a: Scizor\n|-damage|p1a: Crawdaunt|70\/100|[from] item: Life Orb\n|\n|upkeep\n|c|\u2606ScrotalWarrior247|lol, should have taunted\n|\n|t:|1662744913\n|switch|p2a: Blissey|Blissey, F|100\/100\n|-damage|p2a: Blissey|88\/100|[from] Stealth Rock\n|turn|6\n|\n|t:|1662744916\n|move|p1a: Crawdaunt|Knock Off|p2a: Blissey\n|-damage|p2a: Blissey|4\/100\n|-enditem|p2a: Blissey|Leftovers|[from] move: Knock Off|[of] p1a: Crawdaunt\n|-damage|p1a: Crawdaunt|60\/100|[from] item: Life Orb\n|move|p2a: Blissey|Seismic Toss|p1a: Crawdaunt\n|-damage|p1a: Crawdaunt|30\/100\n|\n|-fieldend|move: Trick Room\n|upkeep\n|turn|7\n|\n|t:|1662744927\n|move|p1a: Crawdaunt|Aqua Jet|p2a: Blissey\n|-damage|p2a: Blissey|0 fnt\n|faint|p2a: Blissey\n|-damage|p1a: Crawdaunt|20\/100|[from] item: Life Orb\n|\n|upkeep\n|\n|t:|1662744932\n|switch|p2a: Machamp|Machamp, M|100\/100\n|-damage|p2a: Machamp|94\/100|[from] Stealth Rock\n|turn|8\n|\n|t:|1662744942\n|switch|p1a: Cresselia|Cresselia, F|100\/100\n|move|p2a: Machamp|Knock Off|p1a: Cresselia\n|-supereffective|p1a: Cresselia\n|-damage|p1a: Cresselia|68\/100\n|-enditem|p1a: Cresselia|Chesto Berry|[from] move: Knock Off|[of] p2a: Machamp\n|\n|-status|p2a: Machamp|brn|[from] item: Flame Orb\n|upkeep\n|turn|9\n|\n|t:|1662744955\n|move|p2a: Machamp|Facade|p1a: Cresselia\n|-damage|p1a: Cresselia|28\/100\n|move|p1a: Cresselia|Trick Room|p1a: Cresselia\n|-fieldstart|move: Trick Room|[of] p1a: Cresselia\n|\n|-damage|p2a: Machamp|88\/100 brn|[from] brn\n|upkeep\n|turn|10\n|\n|t:|1662744964\n|switch|p2a: Heatran|Heatran, F|100\/100\n|-damage|p2a: Heatran|88\/100|[from] Stealth Rock\n|move|p1a: Cresselia|Lunar Dance|p1a: Cresselia\n|faint|p1a: Cresselia\n|\n|-heal|p2a: Heatran|94\/100|[from] item: Leftovers\n|upkeep\n|\n|t:|1662744972\n|switch|p1a: Crawdaunt|Crawdaunt, F|20\/100\n|-heal|p1a: Crawdaunt|100\/100|[from] move: Lunar Dance\n|turn|11\n|c|\u2606ScrotalWarrior247|haha, gg\n|-message|ScrotalWarrior247 forfeited.\n|\n|win|bizarman\n|raw|bizarman's rating: 1570 &rarr; <strong>1576<\/strong><br \/>(+6 for winning)\n|raw|ScrotalWarrior247's rating: 1275 &rarr; <strong>1267<\/strong><br \/>(-8 for losing)\n|l|\u2606ScrotalWarrior247\n","uploadtime":1662744993,"views":5,"p1id":"bizarman","p2id":"scrotalwarrior247","formatid":"gen8bdspou","rating":1267,"private":0,"password":null}