{"id":"gen8balancedhackmons-1653636070","p1":"Redflix","p2":"Tea Guzzler","format":"gen8balancedhackmons","log":"|j|\u2606Redflix\n|j|\u2606Tea Guzzler\n|inactive|Battle timer is ON: inactive players will automatically lose when time's up.\n|t:|1662050570\n|gametype|singles\n|player|p1|Redflix|erika|\n|player|p2|Tea Guzzler|madame|\n|teamsize|p1|6\n|teamsize|p2|6\n|gen|8\n|tier|[Gen 8] Balanced Hackmons\n|rated|Tournament battle\n|rule|OHKO Clause: OHKO moves are banned\n|rule|Evasion Moves Clause: Evasion moves are banned\n|rule|Forme Clause: Limit one of each forme of a Pok\u00e9mon\n|rule|HP Percentage Mod: HP is shown in percentages\n|rule|Dynamax Clause: You cannot dynamax\n|rule|Sleep Clause: Sleep-inducing moves are banned\n|rule|Endless Battle Clause: Forcing endless battles is banned\n|clearpoke\n|poke|p1|Xerneas-*|\n|poke|p1|Giratina|\n|poke|p1|Zamazenta-Crowned|\n|poke|p1|Groudon|\n|poke|p1|Yveltal|\n|poke|p1|Chansey, F|\n|poke|p2|Regigigas|\n|poke|p2|Lunala|\n|poke|p2|Xerneas-*|\n|poke|p2|Zamazenta-*|\n|poke|p2|Groudon|\n|poke|p2|Zamazenta-Crowned|\n|teampreview\n|inactive|Tea Guzzler also wants the timer to be on.\n|c|\u2606Tea Guzzler|gl\n|c|\u2606Redflix|hf\n|c|\u2606Tea Guzzler|i waited for about 20 mins lol\n|\n|t:|1662050585\n|start\n|switch|p1a: Giratina|Giratina|100\/100\n|switch|p2a: Groudon|Groudon|100\/100\n|turn|1\n|c|\u2606Redflix|yh my first game was around 200 turns\n|\n|t:|1662050608\n|switch|p2a: Xerneas|Xerneas|100\/100\n|move|p1a: Giratina|Flip Turn|p2a: Xerneas\n|-damage|p2a: Xerneas|90\/100\n|\n|t:|1662050613\n|switch|p1a: Xerneas|Xerneas|100\/100|[from]move: Flip Turn\n|\n|-status|p1a: Xerneas|tox|[from] item: Toxic Orb\n|upkeep\n|turn|2\n|\n|t:|1662050625\n|switch|p1a: Chansey|Chansey, F|100\/100\n|-transform|p1a: Chansey|p2a: Xerneas|[from] ability: Imposter\n|move|p2a: Xerneas|Boomburst|p1a: Chansey\n|-damage|p1a: Chansey|49\/100\n|\n|upkeep\n|turn|3\n|\n|t:|1662050631\n|switch|p1a: Zamazenta|Zamazenta-Crowned|100\/100\n|move|p2a: Xerneas|Boomburst|p1a: Zamazenta\n|-damage|p1a: Zamazenta|71\/100\n|\n|-heal|p1a: Zamazenta|77\/100|[from] item: Leftovers\n|upkeep\n|turn|4\n|\n|t:|1662050634\n|switch|p2a: Lunala|Lunala|100\/100\n|move|p1a: Zamazenta|Nuzzle|p2a: Lunala\n|-damage|p2a: Lunala|99\/100\n|-status|p2a: Lunala|par\n|\n|-heal|p1a: Zamazenta|83\/100|[from] item: Leftovers\n|-heal|p2a: Lunala|100\/100 par|[from] item: Leftovers\n|upkeep\n|turn|5\n|\n|t:|1662050643\n|move|p1a: Zamazenta|Knock Off|p2a: Lunala\n|-supereffective|p2a: Lunala\n|-damage|p2a: Lunala|65\/100 par\n|-enditem|p2a: Lunala|Leftovers|[from] move: Knock Off|[of] p1a: Zamazenta\n|move|p2a: Lunala|Nuzzle|p1a: Zamazenta\n|-damage|p1a: Zamazenta|81\/100\n|-status|p1a: Zamazenta|par\n|\n|-heal|p1a: Zamazenta|87\/100 par|[from] item: Leftovers\n|upkeep\n|turn|6\n|\n|t:|1662050651\n|switch|p2a: Groudon|Groudon|100\/100\n|move|p1a: Zamazenta|Knock Off|p2a: Groudon\n|-damage|p2a: Groudon|83\/100\n|-enditem|p2a: Groudon|Soft Sand|[from] move: Knock Off|[of] p1a: Zamazenta\n|\n|-heal|p1a: Zamazenta|93\/100 par|[from] item: Leftovers\n|upkeep\n|turn|7\n|\n|t:|1662050656\n|switch|p1a: Giratina|Giratina|100\/100\n|move|p2a: Groudon|Thousand Arrows|p1a: Giratina\n|-damage|p1a: Giratina|74\/100\n|\n|-heal|p1a: Giratina|80\/100|[from] item: Leftovers\n|upkeep\n|turn|8\n|\n|t:|1662050661\n|switch|p2a: Xerneas|Xerneas|90\/100\n|move|p1a: Giratina|Flip Turn|p2a: Xerneas\n|-damage|p2a: Xerneas|79\/100\n|\n|t:|1662050666\n|switch|p1a: Zamazenta|Zamazenta-Crowned|93\/100 par|[from]move: Flip Turn\n|\n|-heal|p1a: Zamazenta|99\/100 par|[from] item: Leftovers\n|upkeep\n|turn|9\n|\n|t:|1662050676\n|switch|p2a: Groudon|Groudon|83\/100\n|move|p1a: Zamazenta|Anchor Shot|p2a: Groudon\n|-damage|p2a: Groudon|63\/100\n|-activate|p2a: Groudon|trapped\n|\n|-heal|p1a: Zamazenta|100\/100 par|[from] item: Leftovers\n|upkeep\n|turn|10\n|\n|t:|1662050682\n|switch|p1a: Giratina|Giratina|80\/100\n|move|p2a: Groudon|Thousand Arrows|p1a: Giratina\n|-damage|p1a: Giratina|57\/100\n|\n|-heal|p1a: Giratina|63\/100|[from] item: Leftovers\n|upkeep\n|turn|11\n|\n|t:|1662050687\n|switch|p2a: Regigigas|Regigigas|100\/100\n|move|p1a: Giratina|Flip Turn|p2a: Regigigas\n|-damage|p2a: Regigigas|90\/100\n|\n|t:|1662050693\n|switch|p1a: Groudon|Groudon|100\/100|[from]move: Flip Turn\n|\n|-status|p2a: Regigigas|tox|[from] item: Toxic Orb\n|upkeep\n|turn|12\n|\n|t:|1662050698\n|switch|p2a: Xerneas|Xerneas|79\/100\n|switch|p1a: Giratina|Giratina|63\/100\n|\n|-heal|p1a: Giratina|69\/100|[from] item: Leftovers\n|upkeep\n|turn|13\n|\n|t:|1662050706\n|switch|p2a: super dog|Zamazenta|100\/100\n|switch|p1a: Zamazenta|Zamazenta-Crowned|100\/100 par\n|\n|upkeep\n|turn|14\n|\n|t:|1662050710\n|switch|p1a: Groudon|Groudon|100\/100\n|move|p2a: super dog|Close Combat|p1a: Groudon\n|-damage|p1a: Groudon|50\/100\n|-unboost|p2a: super dog|def|1\n|-unboost|p2a: super dog|spd|1\n|-damage|p2a: super dog|84\/100|[from] item: Rocky Helmet|[of] p1a: Groudon\n|-damage|p2a: super dog|74\/100|[from] item: Life Orb\n|\n|upkeep\n|turn|15\n|\n|t:|1662050719\n|switch|p1a: Giratina|Giratina|69\/100\n|move|p2a: super dog|Glacial Lance|p1a: Giratina\n|-supereffective|p1a: Giratina\n|-damage|p1a: Giratina|15\/100\n|-damage|p2a: super dog|64\/100|[from] item: Life Orb\n|\n|-heal|p1a: Giratina|21\/100|[from] item: Leftovers\n|upkeep\n|turn|16\n|\n|t:|1662050725\n|switch|p1a: Xerneas|Xerneas|100\/100 tox\n|move|p2a: super dog|Glacial Lance|p1a: Xerneas\n|-damage|p1a: Xerneas|63\/100 tox\n|-damage|p2a: super dog|55\/100|[from] item: Life Orb\n|\n|-heal|p1a: Xerneas|76\/100 tox|[from] ability: Poison Heal\n|upkeep\n|turn|17\n|j| Tony00400\n|l| Tony00400\n|\n|t:|1662050754\n|switch|p2a: dog|Zamazenta-Crowned|100\/100\n|switch|p1a: Zamazenta|Zamazenta-Crowned|100\/100 par\n|\n|upkeep\n|turn|18\n|\n|t:|1662050759\n|switch|p2a: Groudon|Groudon|63\/100\n|switch|p1a: Groudon|Groudon|50\/100\n|\n|upkeep\n|turn|19\n|\n|t:|1662050762\n|move|p2a: Groudon|Glare|p1a: Groudon\n|-status|p1a: Groudon|par\n|move|p1a: Groudon|Shore Up|p1a: Groudon\n|-heal|p1a: Groudon|99\/100 par\n|\n|upkeep\n|turn|20\n|\n|t:|1662050771\n|switch|p2a: Xerneas|Xerneas|79\/100\n|switch|p1a: Xerneas|Xerneas|76\/100 tox\n|\n|-heal|p1a: Xerneas|88\/100 tox|[from] ability: Poison Heal\n|upkeep\n|turn|21\n|\n|t:|1662050776\n|switch|p1a: Zamazenta|Zamazenta-Crowned|100\/100 par\n|move|p2a: Xerneas|Boomburst|p1a: Zamazenta\n|-damage|p1a: Zamazenta|74\/100 par\n|\n|-heal|p1a: Zamazenta|81\/100 par|[from] item: Leftovers\n|upkeep\n|turn|22\n|\n|t:|1662050785\n|switch|p2a: Groudon|Groudon|63\/100\n|move|p1a: Zamazenta|Anchor Shot|p2a: Groudon\n|-damage|p2a: Groudon|41\/100\n|-activate|p2a: Groudon|trapped\n|\n|-heal|p1a: Zamazenta|87\/100 par|[from] item: Leftovers\n|upkeep\n|turn|23\n|\n|t:|1662050790\n|switch|p1a: Giratina|Giratina|21\/100\n|move|p2a: Groudon|Shore Up|p2a: Groudon\n|-heal|p2a: Groudon|91\/100\n|\n|-heal|p1a: Giratina|27\/100|[from] item: Leftovers\n|upkeep\n|turn|24\n|\n|t:|1662050798\n|move|p2a: Groudon|Thousand Arrows|p1a: Giratina\n|-damage|p1a: Giratina|3\/100\n|move|p1a: Giratina|Slack Off|p1a: Giratina\n|-heal|p1a: Giratina|53\/100\n|\n|-heal|p1a: Giratina|59\/100|[from] item: Leftovers\n|upkeep\n|turn|25\n|\n|t:|1662050803\n|switch|p2a: Xerneas|Xerneas|79\/100\n|move|p1a: Giratina|Flip Turn|p2a: Xerneas\n|-damage|p2a: Xerneas|69\/100\n|\n|t:|1662050807\n|switch|p1a: Zamazenta|Zamazenta-Crowned|87\/100 par|[from]move: Flip Turn\n|\n|-heal|p1a: Zamazenta|93\/100 par|[from] item: Leftovers\n|upkeep\n|turn|26\n|\n|t:|1662050820\n|switch|p2a: Groudon|Groudon|91\/100\n|switch|p1a: Yveltal|Yveltal|100\/100\n|\n|upkeep\n|turn|27\n|\n|t:|1662050825\n|switch|p1a: Xerneas|Xerneas|88\/100 tox\n|move|p2a: Groudon|Thousand Arrows|p1a: Xerneas\n|-damage|p1a: Xerneas|56\/100 tox\n|\n|-heal|p1a: Xerneas|68\/100 tox|[from] ability: Poison Heal\n|upkeep\n|turn|28\n|\n|t:|1662050830\n|switch|p2a: dog|Zamazenta-Crowned|100\/100\n|move|p1a: Xerneas|Thunder Cage|p2a: dog\n|-damage|p2a: dog|92\/100\n|-activate|p2a: dog|move: Thunder Cage|[of] p1a: Xerneas\n|\n|-heal|p2a: dog|98\/100|[from] item: Leftovers\n|-heal|p1a: Xerneas|81\/100 tox|[from] ability: Poison Heal\n|-damage|p2a: dog|86\/100|[from] move: Thunder Cage|[partiallytrapped]\n|upkeep\n|turn|29\n|j| Plateaued\n|\n|t:|1662050834\n|switch|p1a: Giratina|Giratina|59\/100\n|move|p2a: dog|Anchor Shot|p1a: Giratina\n|-damage|p1a: Giratina|40\/100\n|\n|-heal|p2a: dog|92\/100|[from] item: Leftovers\n|-heal|p1a: Giratina|46\/100|[from] item: Leftovers\n|-end|p2a: dog|Thunder Cage|[partiallytrapped]|[silent]\n|upkeep\n|turn|30\n|\n|t:|1662050846\n|switch|p2a: Xerneas|Xerneas|69\/100\n|move|p1a: Giratina|Spikes|p2a: Xerneas\n|-sidestart|p2: Tea Guzzler|Spikes\n|\n|-heal|p1a: Giratina|52\/100|[from] item: Leftovers\n|upkeep\n|turn|31\n|\n|t:|1662050850\n|switch|p1a: Zamazenta|Zamazenta-Crowned|93\/100 par\n|move|p2a: Xerneas|Rapid Spin|p1a: Zamazenta\n|-damage|p1a: Zamazenta|73\/100 par\n|-boost|p2a: Xerneas|spe|1\n|-sideend|p2: Tea Guzzler|Spikes|[from] move: Rapid Spin|[of] p2a: Xerneas\n|\n|-heal|p1a: Zamazenta|79\/100 par|[from] item: Leftovers\n|upkeep\n|turn|32\n|\n|t:|1662050857\n|switch|p2a: Regigigas|Regigigas|90\/100 tox\n|move|p1a: Zamazenta|Knock Off|p2a: Regigigas\n|-damage|p2a: Regigigas|71\/100 tox\n|-enditem|p2a: Regigigas|Toxic Orb|[from] move: Knock Off|[of] p1a: Zamazenta\n|\n|-heal|p1a: Zamazenta|85\/100 par|[from] item: Leftovers\n|-heal|p2a: Regigigas|83\/100 tox|[from] ability: Poison Heal\n|upkeep\n|turn|33\n|\n|t:|1662050860\n|switch|p1a: Groudon|Groudon|99\/100 par\n|move|p2a: Regigigas|Swords Dance|p2a: Regigigas\n|-boost|p2a: Regigigas|atk|2\n|\n|-heal|p2a: Regigigas|96\/100 tox|[from] ability: Poison Heal\n|upkeep\n|turn|34\n|\n|t:|1662050865\n|move|p2a: Regigigas|Glacial Lance|p1a: Groudon\n|-supereffective|p1a: Groudon\n|-damage|p1a: Groudon|52\/100 par\n|move|p1a: Groudon|Thousand Waves|p2a: Regigigas\n|-damage|p2a: Regigigas|65\/100 tox\n|-activate|p2a: Regigigas|trapped\n|\n|-heal|p2a: Regigigas|78\/100 tox|[from] ability: Poison Heal\n|upkeep\n|turn|35\n|\n|t:|1662050870\n|move|p2a: Regigigas|Facade|p1a: Groudon\n|-crit|p1a: Groudon\n|-damage|p1a: Groudon|0 fnt\n|-damage|p2a: Regigigas|61\/100 tox|[from] item: Rocky Helmet|[of] p1a: Groudon\n|faint|p1a: Groudon\n|\n|-heal|p2a: Regigigas|74\/100 tox|[from] ability: Poison Heal\n|upkeep\n|c|\u2606Redflix|thats something\n|c|\u2606Tea Guzzler|did the crit matter\n|c|\u2606Redflix|yes\n|c|\u2606Tea Guzzler|rip\n|c|\u2606Tea Guzzler|sry\n|j| omaznits\n|inactive|Redflix has 120 seconds left.\n|\n|t:|1662050911\n|switch|p1a: Chansey|Chansey, F|49\/100\n|-transform|p1a: Chansey|p2a: Regigigas|[from] ability: Imposter\n|turn|36\n|j|\u2606career ended\n|\n|t:|1662050934\n|switch|p2a: dog|Zamazenta-Crowned|92\/100\n|move|p1a: Chansey|Facade|p2a: dog\n|-resisted|p2a: dog\n|-damage|p2a: dog|70\/100\n|\n|-heal|p2a: dog|76\/100|[from] item: Leftovers\n|upkeep\n|turn|37\n|\n|t:|1662050942\n|switch|p1a: Giratina|Giratina|52\/100\n|move|p2a: dog|Anchor Shot|p1a: Giratina\n|-damage|p1a: Giratina|33\/100\n|\n|-heal|p2a: dog|82\/100|[from] item: Leftovers\n|-heal|p1a: Giratina|40\/100|[from] item: Leftovers\n|upkeep\n|turn|38\n|\n|t:|1662050951\n|switch|p2a: Xerneas|Xerneas|69\/100\n|move|p1a: Giratina|Flip Turn|p2a: Xerneas\n|-damage|p2a: Xerneas|57\/100\n|\n|t:|1662050953\n|switch|p1a: Yveltal|Yveltal|100\/100|[from]move: Flip Turn\n|\n|upkeep\n|turn|39\n|\n|t:|1662050957\n|move|p1a: Yveltal|Boomburst|p2a: Xerneas\n|-damage|p2a: Xerneas|0 fnt\n|faint|p2a: Xerneas\n|\n|upkeep\n|\n|t:|1662050960\n|switch|p2a: Regigigas|Regigigas|74\/100 tox\n|turn|40\n|inactive|Redflix has 120 seconds left.\n|\n|t:|1662050983\n|move|p2a: Regigigas|Glacial Lance|p1a: Yveltal\n|-supereffective|p1a: Yveltal\n|-damage|p1a: Yveltal|41\/100\n|move|p1a: Yveltal|Volt Switch|p2a: Regigigas\n|-damage|p2a: Regigigas|60\/100 tox\n|inactive|Redflix has 120 seconds left.\n|\n|t:|1662050993\n|switch|p1a: Giratina|Giratina|40\/100|[from]move: Volt Switch\n|\n|-heal|p1a: Giratina|46\/100|[from] item: Leftovers\n|-heal|p2a: Regigigas|72\/100 tox|[from] ability: Poison Heal\n|upkeep\n|turn|41\n|\n|t:|1662050998\n|move|p2a: Regigigas|Glacial Lance|p1a: Giratina\n|-supereffective|p1a: Giratina\n|-damage|p1a: Giratina|0 fnt\n|faint|p1a: Giratina\n|\n|-heal|p2a: Regigigas|85\/100 tox|[from] ability: Poison Heal\n|upkeep\n|inactive|Redflix has 120 seconds left.\n|\n|t:|1662051014\n|switch|p1a: Xerneas|Xerneas|81\/100 tox\n|turn|42\n|inactive|Redflix has 120 seconds left.\n|\n|t:|1662051020\n|move|p2a: Regigigas|Swords Dance|p2a: Regigigas\n|-boost|p2a: Regigigas|atk|2\n|move|p1a: Xerneas|Quiver Dance|p1a: Xerneas\n|-boost|p1a: Xerneas|spa|1\n|-boost|p1a: Xerneas|spd|1\n|-boost|p1a: Xerneas|spe|1\n|\n|-heal|p1a: Xerneas|93\/100 tox|[from] ability: Poison Heal\n|-heal|p2a: Regigigas|97\/100 tox|[from] ability: Poison Heal\n|upkeep\n|turn|43\n|\n|t:|1662051023\n|move|p1a: Xerneas|Moonblast|p2a: Regigigas\n|-damage|p2a: Regigigas|46\/100 tox\n|move|p2a: Regigigas|Facade|p1a: Xerneas\n|-damage|p1a: Xerneas|0 fnt\n|faint|p1a: Xerneas\n|\n|-heal|p2a: Regigigas|59\/100 tox|[from] ability: Poison Heal\n|upkeep\n|\n|t:|1662051026\n|switch|p1a: Chansey|Chansey, F|49\/100\n|-transform|p1a: Chansey|p2a: Regigigas|[from] ability: Imposter\n|turn|44\n|\n|t:|1662051039\n|switch|p2a: dog|Zamazenta-Crowned|82\/100\n|move|p1a: Chansey|Facade|p2a: dog\n|-resisted|p2a: dog\n|-damage|p2a: dog|60\/100\n|\n|-heal|p2a: dog|66\/100|[from] item: Leftovers\n|upkeep\n|turn|45\n|j| Siamato\n|\n|t:|1662051042\n|move|p2a: dog|Thunderous Kick|p1a: Chansey\n|-supereffective|p1a: Chansey\n|-crit|p1a: Chansey\n|-damage|p1a: Chansey|2\/100\n|-unboost|p1a: Chansey|def|1\n|move|p1a: Chansey|Poltergeist|p2a: dog\n|-activate|p2a: dog|move: Poltergeist|Leftovers\n|-damage|p2a: dog|14\/100\n|\n|-heal|p2a: dog|20\/100|[from] item: Leftovers\n|upkeep\n|turn|46\n|\n|t:|1662051059\n|move|p2a: dog|Recover|p2a: dog\n|-heal|p2a: dog|70\/100\n|move|p1a: Chansey|Poltergeist|p2a: dog\n|-activate|p2a: dog|move: Poltergeist|Leftovers\n|-damage|p2a: dog|24\/100\n|\n|-heal|p2a: dog|31\/100|[from] item: Leftovers\n|upkeep\n|turn|47\n|\n|t:|1662051066\n|switch|p1a: Zamazenta|Zamazenta-Crowned|85\/100 par\n|move|p2a: dog|Recover|p2a: dog\n|-heal|p2a: dog|81\/100\n|\n|-heal|p2a: dog|87\/100|[from] item: Leftovers\n|-heal|p1a: Zamazenta|91\/100 par|[from] item: Leftovers\n|upkeep\n|turn|48\n|l|\u2606career ended\n|c|\u2606Tea Guzzler|why is this polter i've changed it about 6 times\n|\n|t:|1662051079\n|switch|p2a: Regigigas|Regigigas|59\/100 tox\n|move|p1a: Zamazenta|Anchor Shot|p2a: Regigigas\n|-damage|p2a: Regigigas|32\/100 tox\n|-activate|p2a: Regigigas|trapped\n|\n|-heal|p1a: Zamazenta|97\/100 par|[from] item: Leftovers\n|-heal|p2a: Regigigas|44\/100 tox|[from] ability: Poison Heal\n|upkeep\n|turn|49\n|\n|t:|1662051084\n|move|p2a: Regigigas|Swords Dance|p2a: Regigigas\n|-boost|p2a: Regigigas|atk|2\n|move|p1a: Zamazenta|Anchor Shot|p2a: Regigigas\n|-damage|p2a: Regigigas|19\/100 tox\n|\n|-heal|p1a: Zamazenta|100\/100 par|[from] item: Leftovers\n|-heal|p2a: Regigigas|31\/100 tox|[from] ability: Poison Heal\n|upkeep\n|turn|50\n|\n|t:|1662051089\n|move|p2a: Regigigas|Glacial Lance|p1a: Zamazenta\n|-resisted|p1a: Zamazenta\n|-damage|p1a: Zamazenta|71\/100 par\n|cant|p1a: Zamazenta|par\n|\n|-heal|p1a: Zamazenta|78\/100 par|[from] item: Leftovers\n|-heal|p2a: Regigigas|44\/100 tox|[from] ability: Poison Heal\n|upkeep\n|turn|51\n|\n|t:|1662051090\n|move|p2a: Regigigas|Poltergeist|p1a: Zamazenta\n|-activate|p1a: Zamazenta|move: Poltergeist|Leftovers\n|-damage|p1a: Zamazenta|32\/100 par\n|move|p1a: Zamazenta|Anchor Shot|p2a: Regigigas\n|-damage|p2a: Regigigas|18\/100 tox\n|\n|-heal|p1a: Zamazenta|38\/100 par|[from] item: Leftovers\n|-heal|p2a: Regigigas|31\/100 tox|[from] ability: Poison Heal\n|upkeep\n|turn|52\n|\n|t:|1662051093\n|move|p2a: Regigigas|Poltergeist|p1a: Zamazenta\n|-activate|p1a: Zamazenta|move: Poltergeist|Leftovers\n|-damage|p1a: Zamazenta|0 fnt\n|faint|p1a: Zamazenta\n|\n|-heal|p2a: Regigigas|43\/100 tox|[from] ability: Poison Heal\n|upkeep\n|\n|t:|1662051097\n|switch|p1a: Chansey|Chansey, F|2\/100\n|-transform|p1a: Chansey|p2a: Regigigas|[from] ability: Imposter\n|turn|53\n|l| omaznits\n|\n|t:|1662051105\n|switch|p2a: dog|Zamazenta-Crowned|87\/100\n|switch|p1a: Yveltal|Yveltal|41\/100\n|\n|-heal|p2a: dog|93\/100|[from] item: Leftovers\n|upkeep\n|turn|54\n|\n|t:|1662051109\n|move|p2a: dog|Thunderous Kick|p1a: Yveltal\n|-damage|p1a: Yveltal|13\/100\n|-unboost|p1a: Yveltal|def|1\n|move|p1a: Yveltal|Strength Sap|p2a: dog\n|-unboost|p2a: dog|atk|1\n|-heal|p1a: Yveltal|92\/100\n|\n|-heal|p2a: dog|99\/100|[from] item: Leftovers\n|upkeep\n|turn|55\n|c|\u2606Redflix|o well\n|-message|Redflix forfeited.\n|\n|win|Tea Guzzler\n|n|\u2606Redflix|redflix\n|n|\u2606Tea Guzzler|teaguzzler\n|n| Plateaued|plateaued\n|n| Siamato|siamato\n","uploadtime":1662051123,"views":74,"p1id":"redflix","p2id":"teaguzzler","formatid":"gen8balancedhackmons","rating":0,"private":0,"password":null}