{"id":"gen8ou-1630696957","p1":"himynametay","p2":"1200 hell","format":"gen8ou","log":"|j|\u203dhimynametay\n|j|\u26061200 hell\n|t:|1659456339\n|gametype|singles\n|player|p1|himynametay|elesa|1538\n|player|p2|1200 hell|lillie-masters|1592\n|teamsize|p1|6\n|teamsize|p2|6\n|gen|8\n|tier|[Gen 8] OU\n|rated|\n|rule|Sleep Clause Mod: Limit one foe put to sleep\n|rule|Species Clause: Limit one of each Pok\u00e9mon\n|rule|OHKO Clause: OHKO moves are banned\n|rule|Evasion Moves Clause: Evasion moves are banned\n|rule|Endless Battle Clause: Forcing endless battles is banned\n|rule|HP Percentage Mod: HP is shown in percentages\n|rule|Dynamax Clause: You cannot dynamax\n|clearpoke\n|poke|p1|Landorus-Therian, M|\n|poke|p1|Ferrothorn, M|\n|poke|p1|Urshifu-*, F|\n|poke|p1|Tornadus-Therian, M|\n|poke|p1|Dragapult, F|\n|poke|p1|Tapu Lele|\n|poke|p2|Weavile, F|\n|poke|p2|Corviknight, M|\n|poke|p2|Garchomp, M|\n|poke|p2|Clefable, M|\n|poke|p2|Slowking-Galar, F|\n|poke|p2|Urshifu-*, M|\n|teampreview\n|\n|t:|1659456364\n|start\n|switch|p1a: Urshifu|Urshifu-Rapid-Strike, F|100\/100\n|switch|p2a: Clefable|Clefable, M|100\/100\n|turn|1\n|\n|t:|1659456369\n|move|p1a: Urshifu|U-turn|p2a: Clefable\n|-resisted|p2a: Clefable\n|-crit|p2a: Clefable\n|-damage|p2a: Clefable|81\/100\n|\n|t:|1659456372\n|switch|p1a: Tornadus|Tornadus-Therian, M|100\/100|[from]move: U-turn\n|move|p2a: Clefable|Thunder Wave|p1a: Tornadus\n|-status|p1a: Tornadus|par\n|\n|-heal|p2a: Clefable|88\/100|[from] item: Leftovers\n|upkeep\n|turn|2\n|\n|t:|1659456376\n|move|p1a: Tornadus|Knock Off|p2a: Clefable\n|-resisted|p2a: Clefable\n|-damage|p2a: Clefable|79\/100\n|-enditem|p2a: Clefable|Leftovers|[from] move: Knock Off|[of] p1a: Tornadus\n|move|p2a: Clefable|Knock Off|p1a: Tornadus\n|-crit|p1a: Tornadus\n|-damage|p1a: Tornadus|78\/100 par\n|-enditem|p1a: Tornadus|Assault Vest|[from] move: Knock Off|[of] p2a: Clefable\n|\n|upkeep\n|turn|3\n|\n|t:|1659456382\n|cant|p1a: Tornadus|par\n|move|p2a: Clefable|Soft-Boiled|p2a: Clefable\n|-heal|p2a: Clefable|100\/100\n|\n|upkeep\n|turn|4\n|\n|t:|1659456386\n|move|p1a: Tornadus|U-turn|p2a: Clefable\n|-resisted|p2a: Clefable\n|-damage|p2a: Clefable|95\/100\n|\n|t:|1659456388\n|switch|p1a: Ferrothorn|Ferrothorn, M|100\/100|[from]move: U-turn\n|move|p2a: Clefable|Moonblast|p1a: Ferrothorn\n|-resisted|p1a: Ferrothorn\n|-damage|p1a: Ferrothorn|88\/100\n|-unboost|p1a: Ferrothorn|spa|1\n|\n|upkeep\n|turn|5\n|\n|t:|1659456392\n|move|p2a: Clefable|Knock Off|p1a: Ferrothorn\n|-damage|p1a: Ferrothorn|79\/100\n|-activate|p1a: Ferrothorn|ability: Iron Barbs\n|-enditem|p1a: Ferrothorn|Rocky Helmet|[from] move: Knock Off|[of] p2a: Clefable\n|move|p1a: Ferrothorn|Stealth Rock|p2a: Clefable\n|-sidestart|p2: 1200 hell|move: Stealth Rock\n|\n|upkeep\n|turn|6\n|\n|t:|1659456398\n|move|p2a: Clefable|Thunder Wave|p1a: Ferrothorn\n|-status|p1a: Ferrothorn|par\n|move|p1a: Ferrothorn|Gyro Ball|p2a: Clefable\n|-supereffective|p2a: Clefable\n|-damage|p2a: Clefable|1\/100\n|\n|upkeep\n|turn|7\n|\n|t:|1659456410\n|move|p2a: Clefable|Soft-Boiled|p2a: Clefable\n|-heal|p2a: Clefable|51\/100\n|cant|p1a: Ferrothorn|par\n|\n|upkeep\n|turn|8\n|\n|t:|1659456416\n|switch|p2a: Corviknight|Corviknight, M|100\/100\n|-damage|p2a: Corviknight|88\/100|[from] Stealth Rock\n|-ability|p2a: Corviknight|Pressure\n|cant|p1a: Ferrothorn|par\n|\n|-heal|p2a: Corviknight|94\/100|[from] item: Leftovers\n|upkeep\n|turn|9\n|\n|t:|1659456420\n|move|p2a: Corviknight|Defog|p1a: Ferrothorn\n|-unboost|p1a: Ferrothorn|evasion|1\n|-sideend|p2: 1200 hell|Stealth Rock|[from] move: Defog|[of] p2a: Corviknight\n|move|p1a: Ferrothorn|Leech Seed|p2a: Corviknight\n|-start|p2a: Corviknight|move: Leech Seed\n|\n|-heal|p2a: Corviknight|100\/100|[from] item: Leftovers\n|-damage|p2a: Corviknight|88\/100|[from] Leech Seed|[of] p1a: Ferrothorn\n|-heal|p1a: Ferrothorn|93\/100 par|[silent]\n|upkeep\n|turn|10\n|\n|t:|1659456429\n|switch|p2a: Slowking|Slowking-Galar, F|100\/100\n|move|p1a: Ferrothorn|Stealth Rock|p2a: Slowking\n|-sidestart|p2: 1200 hell|move: Stealth Rock\n|\n|upkeep\n|turn|11\n|\n|t:|1659456435\n|switch|p1a: Tornadus|Tornadus-Therian, M|100\/100 par\n|move|p2a: Slowking|Future Sight|p1a: Tornadus\n|-start|p2a: Slowking|move: Future Sight\n|\n|upkeep\n|turn|12\n|\n|t:|1659456440\n|switch|p2a: Clefable|Clefable, M|51\/100\n|move|p1a: Tornadus|Knock Off|p2a: Clefable\n|-resisted|p2a: Clefable\n|-damage|p2a: Clefable|46\/100\n|\n|upkeep\n|turn|13\n|\n|t:|1659456445\n|move|p1a: Tornadus|U-turn|p2a: Clefable\n|-resisted|p2a: Clefable\n|-damage|p2a: Clefable|40\/100\n|\n|t:|1659456447\n|switch|p1a: Ferrothorn|Ferrothorn, M|93\/100 par|[from]move: U-turn\n|move|p2a: Clefable|Soft-Boiled|p2a: Clefable\n|-heal|p2a: Clefable|90\/100\n|\n|-end|p1a: Ferrothorn|move: Future Sight\n|-resisted|p1a: Ferrothorn\n|-damage|p1a: Ferrothorn|71\/100 par\n|upkeep\n|turn|14\n|\n|t:|1659456453\n|switch|p2a: Corviknight|Corviknight, M|88\/100\n|-damage|p2a: Corviknight|75\/100|[from] Stealth Rock\n|-ability|p2a: Corviknight|Pressure\n|cant|p1a: Ferrothorn|par\n|\n|-heal|p2a: Corviknight|82\/100|[from] item: Leftovers\n|upkeep\n|turn|15\n|\n|t:|1659456458\n|move|p2a: Corviknight|Defog|p1a: Ferrothorn\n|-unboost|p1a: Ferrothorn|evasion|1\n|-sideend|p2: 1200 hell|Stealth Rock|[from] move: Defog|[of] p2a: Corviknight\n|move|p1a: Ferrothorn|Knock Off|p2a: Corviknight\n|-damage|p2a: Corviknight|67\/100\n|-enditem|p2a: Corviknight|Leftovers|[from] move: Knock Off|[of] p1a: Ferrothorn\n|\n|upkeep\n|turn|16\n|\n|t:|1659456463\n|move|p2a: Corviknight|Roost|p2a: Corviknight\n|-heal|p2a: Corviknight|100\/100\n|-singleturn|p2a: Corviknight|move: Roost\n|move|p1a: Ferrothorn|Stealth Rock|p2a: Corviknight\n|-sidestart|p2: 1200 hell|move: Stealth Rock\n|\n|upkeep\n|turn|17\n|\n|t:|1659456469\n|move|p2a: Corviknight|Defog|p1a: Ferrothorn\n|-unboost|p1a: Ferrothorn|evasion|1\n|-sideend|p2: 1200 hell|Stealth Rock|[from] move: Defog|[of] p2a: Corviknight\n|cant|p1a: Ferrothorn|par\n|\n|upkeep\n|turn|18\n|\n|t:|1659456476\n|switch|p2a: Slowking|Slowking-Galar, F|100\/100\n|cant|p1a: Ferrothorn|par\n|\n|upkeep\n|turn|19\n|\n|t:|1659456482\n|switch|p1a: Tornadus|Tornadus-Therian, M|100\/100 par\n|move|p2a: Slowking|Flamethrower|p1a: Tornadus\n|-damage|p1a: Tornadus|75\/100 par\n|\n|upkeep\n|turn|20\n|\n|t:|1659456487\n|switch|p2a: Clefable|Clefable, M|90\/100\n|cant|p1a: Tornadus|par\n|\n|upkeep\n|turn|21\n|\n|t:|1659456492\n|switch|p1a: Ferrothorn|Ferrothorn, M|71\/100 par\n|move|p2a: Clefable|Moonblast|p1a: Ferrothorn\n|-resisted|p1a: Ferrothorn\n|-damage|p1a: Ferrothorn|58\/100 par\n|\n|upkeep\n|turn|22\n|\n|t:|1659456500\n|switch|p2a: Slowking|Slowking-Galar, F|100\/100\n|cant|p1a: Ferrothorn|par\n|\n|upkeep\n|turn|23\n|\n|t:|1659456507\n|switch|p1a: Tornadus|Tornadus-Therian, M|100\/100 par\n|move|p2a: Slowking|Future Sight|p1a: Tornadus\n|-start|p2a: Slowking|move: Future Sight\n|\n|upkeep\n|turn|24\n|\n|t:|1659456510\n|switch|p2a: Clefable|Clefable, M|90\/100\n|move|p1a: Tornadus|Knock Off|p2a: Clefable\n|-resisted|p2a: Clefable\n|-damage|p2a: Clefable|84\/100\n|\n|upkeep\n|turn|25\n|\n|t:|1659456515\n|move|p1a: Tornadus|Hurricane|p2a: Clefable|[miss]\n|-miss|p1a: Tornadus|p2a: Clefable\n|move|p2a: Clefable|Soft-Boiled|p2a: Clefable\n|-heal|p2a: Clefable|100\/100\n|\n|-end|p1a: Tornadus|move: Future Sight\n|-damage|p1a: Tornadus|45\/100 par\n|upkeep\n|turn|26\n|\n|t:|1659456519\n|switch|p1a: Ferrothorn|Ferrothorn, M|58\/100 par\n|move|p2a: Clefable|Knock Off|p1a: Ferrothorn\n|-damage|p1a: Ferrothorn|52\/100 par\n|-activate|p1a: Ferrothorn|ability: Iron Barbs\n|\n|upkeep\n|turn|27\n|\n|t:|1659456530\n|switch|p2a: Slowking|Slowking-Galar, F|100\/100\n|move|p1a: Ferrothorn|Leech Seed|p2a: Slowking\n|-start|p2a: Slowking|move: Leech Seed\n|\n|-damage|p2a: Slowking|88\/100|[from] Leech Seed|[of] p1a: Ferrothorn\n|-heal|p1a: Ferrothorn|66\/100 par|[silent]\n|upkeep\n|turn|28\n|j| Ran Kob\n|\n|t:|1659456536\n|switch|p1a: Tornadus|Tornadus-Therian, M|79\/100 par\n|move|p2a: Slowking|Flamethrower|p1a: Tornadus\n|-damage|p1a: Tornadus|52\/100 par\n|\n|-damage|p2a: Slowking|76\/100|[from] Leech Seed|[of] p1a: Tornadus\n|-heal|p1a: Tornadus|65\/100 par|[silent]\n|upkeep\n|turn|29\n|\n|t:|1659456542\n|switch|p2a: Clefable|Clefable, M|100\/100\n|move|p1a: Tornadus|U-turn|p2a: Clefable\n|-resisted|p2a: Clefable\n|-damage|p2a: Clefable|94\/100\n|\n|t:|1659456544\n|switch|p1a: Ferrothorn|Ferrothorn, M|66\/100 par|[from]move: U-turn\n|\n|upkeep\n|turn|30\n|\n|t:|1659456552\n|switch|p2a: Garchomp|Garchomp, M|100\/100\n|cant|p1a: Ferrothorn|par\n|\n|upkeep\n|turn|31\n|\n|t:|1659456557\n|move|p2a: Garchomp|Stealth Rock|p1a: Ferrothorn\n|-sidestart|p1: himynametay|move: Stealth Rock\n|cant|p1a: Ferrothorn|par\n|\n|upkeep\n|turn|32\n|\n|t:|1659456562\n|switch|p2a: Corviknight|Corviknight, M|100\/100\n|-ability|p2a: Corviknight|Pressure\n|move|p1a: Ferrothorn|Stealth Rock|p2a: Corviknight\n|-sidestart|p2: 1200 hell|move: Stealth Rock\n|\n|upkeep\n|turn|33\n|\n|t:|1659456569\n|move|p2a: Corviknight|Defog|p1a: Ferrothorn\n|-unboost|p1a: Ferrothorn|evasion|1\n|-sideend|p1: himynametay|Stealth Rock|[from] move: Defog|[of] p2a: Corviknight\n|-sideend|p2: 1200 hell|Stealth Rock|[from] move: Defog|[of] p2a: Corviknight\n|move|p1a: Ferrothorn|Leech Seed|p2a: Corviknight\n|-start|p2a: Corviknight|move: Leech Seed\n|\n|-damage|p2a: Corviknight|88\/100|[from] Leech Seed|[of] p1a: Ferrothorn\n|-heal|p1a: Ferrothorn|80\/100 par|[silent]\n|upkeep\n|turn|34\n|\n|t:|1659456576\n|switch|p2a: Clefable|Clefable, M|94\/100\n|cant|p1a: Ferrothorn|par\n|\n|upkeep\n|turn|35\n|\n|t:|1659456583\n|switch|p2a: Corviknight|Corviknight, M|88\/100\n|-ability|p2a: Corviknight|Pressure\n|move|p1a: Ferrothorn|Knock Off|p2a: Corviknight\n|-damage|p2a: Corviknight|78\/100\n|\n|upkeep\n|turn|36\n|\n|t:|1659456590\n|move|p2a: Corviknight|Roost|p2a: Corviknight\n|-heal|p2a: Corviknight|100\/100\n|-singleturn|p2a: Corviknight|move: Roost\n|move|p1a: Ferrothorn|Gyro Ball|p2a: Corviknight\n|-resisted|p2a: Corviknight\n|-damage|p2a: Corviknight|86\/100\n|\n|upkeep\n|turn|37\n|\n|t:|1659456598\n|move|p2a: Corviknight|Brave Bird|p1a: Ferrothorn\n|-damage|p1a: Ferrothorn|58\/100 par\n|-damage|p2a: Corviknight|73\/100|[from] ability: Iron Barbs|[of] p1a: Ferrothorn\n|-damage|p2a: Corviknight|67\/100|[from] Recoil\n|move|p1a: Ferrothorn|Knock Off|p2a: Corviknight\n|-damage|p2a: Corviknight|57\/100\n|\n|upkeep\n|turn|38\n|\n|t:|1659456605\n|move|p2a: Corviknight|Roost|p2a: Corviknight\n|-heal|p2a: Corviknight|100\/100\n|-singleturn|p2a: Corviknight|move: Roost\n|cant|p1a: Ferrothorn|par\n|\n|upkeep\n|turn|39\n|\n|t:|1659456615\n|switch|p2a: Slowking|Slowking-Galar, F|100\/100\n|move|p1a: Ferrothorn|Leech Seed|p2a: Slowking\n|-start|p2a: Slowking|move: Leech Seed\n|\n|-damage|p2a: Slowking|88\/100|[from] Leech Seed|[of] p1a: Ferrothorn\n|-heal|p1a: Ferrothorn|72\/100 par|[silent]\n|upkeep\n|turn|40\n|\n|t:|1659456623\n|switch|p2a: Weavile|Weavile, F|100\/100\n|-ability|p2a: Weavile|Pressure\n|switch|p1a: Tornadus|Tornadus-Therian, M|99\/100 par\n|\n|upkeep\n|turn|41\n|\n|t:|1659456633\n|switch|p1a: Urshifu|Urshifu-Rapid-Strike, F|100\/100\n|move|p2a: Weavile|Swords Dance|p2a: Weavile\n|-boost|p2a: Weavile|atk|2\n|\n|upkeep\n|turn|42\n|\n|t:|1659456645\n|switch|p2a: Clefable|Clefable, M|94\/100\n|move|p1a: Urshifu|Surging Strikes|p2a: Clefable\n|-crit|p2a: Clefable\n|-damage|p2a: Clefable|75\/100\n|-crit|p2a: Clefable\n|-damage|p2a: Clefable|56\/100\n|-crit|p2a: Clefable\n|-damage|p2a: Clefable|35\/100\n|-hitcount|p2a: Clefable|3\n|\n|upkeep\n|turn|43\n|\n|t:|1659456651\n|switch|p2a: Urshifu|Urshifu-Rapid-Strike, M|100\/100\n|move|p1a: Urshifu|Surging Strikes|p2a: Urshifu\n|-resisted|p2a: Urshifu\n|-crit|p2a: Urshifu\n|-damage|p2a: Urshifu|90\/100\n|-resisted|p2a: Urshifu\n|-crit|p2a: Urshifu\n|-damage|p2a: Urshifu|79\/100\n|-resisted|p2a: Urshifu\n|-crit|p2a: Urshifu\n|-damage|p2a: Urshifu|69\/100\n|-hitcount|p2a: Urshifu|3\n|\n|upkeep\n|turn|44\n|\n|t:|1659456657\n|move|p2a: Urshifu|U-turn|p1a: Urshifu\n|-resisted|p1a: Urshifu\n|-damage|p1a: Urshifu|83\/100\n|\n|t:|1659456662\n|switch|p2a: Corviknight|Corviknight, M|100\/100|[from]move: U-turn\n|-ability|p2a: Corviknight|Pressure\n|move|p1a: Urshifu|Close Combat|p2a: Corviknight\n|-damage|p2a: Corviknight|53\/100\n|-unboost|p1a: Urshifu|def|1\n|-unboost|p1a: Urshifu|spd|1\n|\n|upkeep\n|turn|45\n|\n|t:|1659456669\n|move|p1a: Urshifu|U-turn|p2a: Corviknight\n|-resisted|p2a: Corviknight\n|-damage|p2a: Corviknight|48\/100\n|\n|t:|1659456670\n|switch|p1a: Ferrothorn|Ferrothorn, M|72\/100 par|[from]move: U-turn\n|move|p2a: Corviknight|Roost|p2a: Corviknight\n|-heal|p2a: Corviknight|98\/100\n|-singleturn|p2a: Corviknight|move: Roost\n|\n|upkeep\n|turn|46\n|\n|t:|1659456677\n|switch|p2a: Urshifu|Urshifu-Rapid-Strike, M|69\/100\n|move|p1a: Ferrothorn|Gyro Ball|p2a: Urshifu\n|-resisted|p2a: Urshifu\n|-damage|p2a: Urshifu|44\/100\n|\n|upkeep\n|turn|47\n|\n|t:|1659456683\n|switch|p1a: Landorus|Landorus-Therian, M|100\/100\n|-ability|p1a: Landorus|Intimidate|boost\n|-unboost|p2a: Urshifu|atk|1\n|move|p2a: Urshifu|U-turn|p1a: Landorus\n|-resisted|p1a: Landorus\n|-damage|p1a: Landorus|88\/100\n|\n|t:|1659456693\n|switch|p2a: Garchomp|Garchomp, M|100\/100|[from]move: U-turn\n|\n|-heal|p1a: Landorus|94\/100|[from] item: Leftovers\n|upkeep\n|turn|48\n|\n|t:|1659456708\n|switch|p1a: Ferrothorn|Ferrothorn, M|72\/100 par\n|move|p2a: Garchomp|Toxic||[still]\n|-fail|p2a: Garchomp\n|\n|upkeep\n|turn|49\n|inactive|Battle timer is ON: inactive players will automatically lose when time's up. (requested by himynametay)\n|\n|t:|1659456716\n|move|p2a: Garchomp|Stealth Rock|p1a: Ferrothorn\n|-sidestart|p1: himynametay|move: Stealth Rock\n|cant|p1a: Ferrothorn|par\n|\n|upkeep\n|turn|50\n|\n|t:|1659456720\n|move|p2a: Garchomp|Earthquake|p1a: Ferrothorn\n|-damage|p1a: Ferrothorn|44\/100 par\n|move|p1a: Ferrothorn|Stealth Rock|p2a: Garchomp\n|-sidestart|p2: 1200 hell|move: Stealth Rock\n|\n|upkeep\n|turn|51\n|\n|t:|1659456727\n|switch|p1a: Tornadus|Tornadus-Therian, M|100\/100 par\n|-damage|p1a: Tornadus|75\/100 par|[from] Stealth Rock\n|move|p2a: Garchomp|Earthquake|p1a: Tornadus\n|-immune|p1a: Tornadus\n|\n|upkeep\n|turn|52\n|\n|t:|1659456733\n|move|p2a: Garchomp|Protect|p2a: Garchomp\n|-singleturn|p2a: Garchomp|Protect\n|move|p1a: Tornadus|Icy Wind|p2a: Garchomp\n|-activate|p2a: Garchomp|move: Protect\n|\n|upkeep\n|turn|53\n|\n|t:|1659456738\n|switch|p2a: Clefable|Clefable, M|35\/100\n|move|p1a: Tornadus|U-turn|p2a: Clefable\n|-resisted|p2a: Clefable\n|-damage|p2a: Clefable|29\/100\n|\n|t:|1659456743\n|switch|p1a: Urshifu|Urshifu-Rapid-Strike, F|83\/100|[from]move: U-turn\n|-damage|p1a: Urshifu|77\/100|[from] Stealth Rock\n|\n|upkeep\n|turn|54\n|\n|t:|1659456753\n|switch|p2a: Corviknight|Corviknight, M|98\/100\n|-damage|p2a: Corviknight|86\/100|[from] Stealth Rock\n|-ability|p2a: Corviknight|Pressure\n|move|p1a: Urshifu|Surging Strikes|p2a: Corviknight\n|-crit|p2a: Corviknight\n|-damage|p2a: Corviknight|72\/100\n|-crit|p2a: Corviknight\n|-damage|p2a: Corviknight|57\/100\n|-crit|p2a: Corviknight\n|-damage|p2a: Corviknight|43\/100\n|-hitcount|p2a: Corviknight|3\n|\n|upkeep\n|turn|55\n|\n|t:|1659456764\n|move|p1a: Urshifu|Close Combat|p2a: Corviknight\n|-damage|p2a: Corviknight|0 fnt\n|-unboost|p1a: Urshifu|def|1\n|-unboost|p1a: Urshifu|spd|1\n|faint|p2a: Corviknight\n|\n|upkeep\n|\n|t:|1659456772\n|switch|p2a: Slowking|Slowking-Galar, F|100\/100\n|-damage|p2a: Slowking|88\/100|[from] Stealth Rock\n|turn|56\n|\n|t:|1659456775\n|move|p1a: Urshifu|U-turn|p2a: Slowking\n|-damage|p2a: Slowking|63\/100\n|\n|t:|1659456778\n|switch|p1a: Tornadus|Tornadus-Therian, M|100\/100 par|[from]move: U-turn\n|-damage|p1a: Tornadus|75\/100 par|[from] Stealth Rock\n|move|p2a: Slowking|Sludge Bomb|p1a: Tornadus\n|-damage|p1a: Tornadus|31\/100 par\n|\n|upkeep\n|turn|57\n|\n|t:|1659456784\n|switch|p1a: Landorus|Landorus-Therian, M|94\/100\n|-damage|p1a: Landorus|82\/100|[from] Stealth Rock\n|-ability|p1a: Landorus|Intimidate|boost\n|-unboost|p2a: Slowking|atk|1\n|move|p2a: Slowking|Sludge Bomb|p1a: Landorus\n|-resisted|p1a: Landorus\n|-damage|p1a: Landorus|65\/100\n|-status|p1a: Landorus|psn\n|\n|-heal|p1a: Landorus|71\/100 psn|[from] item: Leftovers\n|-damage|p1a: Landorus|59\/100 psn|[from] psn\n|upkeep\n|turn|58\n|\n|t:|1659456790\n|switch|p2a: Urshifu|Urshifu-Rapid-Strike, M|44\/100\n|-damage|p2a: Urshifu|38\/100|[from] Stealth Rock\n|move|p1a: Landorus|Earthquake|p2a: Urshifu\n|-damage|p2a: Urshifu|0 fnt\n|faint|p2a: Urshifu\n|\n|-heal|p1a: Landorus|65\/100 psn|[from] item: Leftovers\n|-damage|p1a: Landorus|53\/100 psn|[from] psn\n|upkeep\n|\n|t:|1659456796\n|switch|p2a: Weavile|Weavile, F|100\/100\n|-ability|p2a: Weavile|Pressure\n|turn|59\n|\n|t:|1659456799\n|switch|p1a: Urshifu|Urshifu-Rapid-Strike, F|77\/100\n|-damage|p1a: Urshifu|71\/100|[from] Stealth Rock\n|move|p2a: Weavile|Swords Dance|p2a: Weavile\n|-boost|p2a: Weavile|atk|2\n|\n|upkeep\n|turn|60\n|\n|t:|1659456803\n|move|p2a: Weavile|Triple Axel|p1a: Urshifu\n|-resisted|p1a: Urshifu\n|-damage|p1a: Urshifu|61\/100\n|-resisted|p1a: Urshifu\n|-damage|p1a: Urshifu|40\/100\n|-resisted|p1a: Urshifu\n|-damage|p1a: Urshifu|10\/100\n|-hitcount|p1a: Urshifu|3\n|move|p1a: Urshifu|Surging Strikes|p2a: Weavile\n|-crit|p2a: Weavile\n|-damage|p2a: Weavile|63\/100\n|-crit|p2a: Weavile\n|-damage|p2a: Weavile|25\/100\n|-crit|p2a: Weavile\n|-damage|p2a: Weavile|0 fnt\n|faint|p2a: Weavile\n|-hitcount|p2: Weavile|3\n|\n|upkeep\n|\n|t:|1659456815\n|switch|p2a: Garchomp|Garchomp, M|100\/100\n|-damage|p2a: Garchomp|94\/100|[from] Stealth Rock\n|turn|61\n|\n|t:|1659456821\n|move|p1a: Urshifu|U-turn|p2a: Garchomp\n|-damage|p2a: Garchomp|72\/100\n|-activate|p2a: Garchomp|ability: Rough Skin\n|-activate|p1a: Urshifu|item: Protective Pads\n|\n|t:|1659456823\n|switch|p1a: Landorus|Landorus-Therian, M|53\/100 psn|[from]move: U-turn\n|-damage|p1a: Landorus|41\/100 psn|[from] Stealth Rock\n|-ability|p1a: Landorus|Intimidate|boost\n|-unboost|p2a: Garchomp|atk|1\n|move|p2a: Garchomp|Earthquake|p1a: Landorus\n|-immune|p1a: Landorus\n|\n|-heal|p2a: Garchomp|78\/100|[from] item: Leftovers\n|-heal|p1a: Landorus|47\/100 psn|[from] item: Leftovers\n|-damage|p1a: Landorus|34\/100 psn|[from] psn\n|upkeep\n|turn|62\n|\n|t:|1659456831\n|switch|p1a: Dragapult|Dragapult, F|100\/100\n|-damage|p1a: Dragapult|88\/100|[from] Stealth Rock\n|move|p2a: Garchomp|Protect||[still]\n|-fail|p2a: Garchomp\n|\n|-heal|p2a: Garchomp|84\/100|[from] item: Leftovers\n|upkeep\n|turn|63\n|\n|t:|1659456840\n|move|p1a: Dragapult|Shadow Ball|p2a: Garchomp\n|-damage|p2a: Garchomp|46\/100\n|move|p2a: Garchomp|Earthquake|p1a: Dragapult\n|-damage|p1a: Dragapult|46\/100\n|\n|-heal|p2a: Garchomp|52\/100|[from] item: Leftovers\n|upkeep\n|turn|64\n|\n|t:|1659456851\n|switch|p1a: Tornadus|Tornadus-Therian, M|64\/100 par\n|-damage|p1a: Tornadus|39\/100 par|[from] Stealth Rock\n|move|p2a: Garchomp|Earthquake|p1a: Tornadus\n|-immune|p1a: Tornadus\n|\n|-heal|p2a: Garchomp|59\/100|[from] item: Leftovers\n|upkeep\n|turn|65\n|\n|t:|1659456862\n|move|p2a: Garchomp|Protect|p2a: Garchomp\n|-singleturn|p2a: Garchomp|Protect\n|move|p1a: Tornadus|U-turn|p2a: Garchomp\n|-activate|p2a: Garchomp|move: Protect\n|\n|-heal|p2a: Garchomp|65\/100|[from] item: Leftovers\n|upkeep\n|turn|66\n|\n|t:|1659456868\n|move|p2a: Garchomp|Earthquake|p1a: Tornadus\n|-immune|p1a: Tornadus\n|move|p1a: Tornadus|U-turn|p2a: Garchomp\n|-damage|p2a: Garchomp|52\/100\n|-damage|p1a: Tornadus|27\/100 par|[from] ability: Rough Skin|[of] p2a: Garchomp\n|\n|t:|1659456870\n|switch|p1a: Tapu Lele|Tapu Lele|100\/100|[from]move: U-turn\n|-damage|p1a: Tapu Lele|88\/100|[from] Stealth Rock\n|-fieldstart|move: Psychic Terrain|[from] ability: Psychic Surge|[of] p1a: Tapu Lele\n|\n|-heal|p2a: Garchomp|58\/100|[from] item: Leftovers\n|upkeep\n|turn|67\n|\n|t:|1659456874\n|move|p2a: Garchomp|Protect|p2a: Garchomp\n|-singleturn|p2a: Garchomp|Protect\n|move|p1a: Tapu Lele|Psyshock|p2a: Garchomp\n|-activate|p2a: Garchomp|move: Protect\n|\n|-heal|p2a: Garchomp|64\/100|[from] item: Leftovers\n|upkeep\n|turn|68\n|\n|t:|1659456877\n|switch|p2a: Slowking|Slowking-Galar, F|96\/100\n|-damage|p2a: Slowking|83\/100|[from] Stealth Rock\n|move|p1a: Tapu Lele|Psyshock|p2a: Slowking\n|-damage|p2a: Slowking|21\/100\n|\n|upkeep\n|turn|69\n|\n|t:|1659456881\n|move|p1a: Tapu Lele|Psyshock|p2a: Slowking\n|-damage|p2a: Slowking|0 fnt\n|faint|p2a: Slowking\n|\n|upkeep\n|-message|1200 hell forfeited.\n|\n|win|himynametay\n|raw|himynametay's rating: 1538 &rarr; <strong>1561<\/strong><br \/>(+23 for winning)\n|raw|1200 hell's rating: 1592 &rarr; <strong>1569<\/strong><br \/>(-23 for losing)\n|l|\u26061200 hell\n|l| Ran Kob\n||Ladder isn't responding, score probably updated but might not have (Request timeout).\n","uploadtime":1659456889,"views":9,"p1id":"himynametay","p2id":"1200hell","formatid":"gen8ou","rating":1561,"private":0,"password":null}