{"id":"gen8ou-1382612825","p1":"Brifye","p2":"Bastype","format":"gen8ou","log":"|j|\u2606Brifye\n|j|\u2606Bastype\n|t:|1627051642\n|gametype|singles\n|player|p1|Brifye|170|1393\n|player|p2|Bastype|265|1363\n|teamsize|p1|6\n|teamsize|p2|6\n|gen|8\n|tier|[Gen 8] OU\n|rated|\n|rule|Sleep Clause Mod: Limit one foe put to sleep\n|rule|Species Clause: Limit one of each Pok\u00e9mon\n|rule|OHKO Clause: OHKO moves are banned\n|rule|Evasion Moves Clause: Evasion moves are banned\n|rule|Endless Battle Clause: Forcing endless battles is banned\n|rule|HP Percentage Mod: HP is shown in percentages\n|rule|Dynamax Clause: You cannot dynamax\n|clearpoke\n|poke|p1|Urshifu-*, M|\n|poke|p1|Slowking, F|\n|poke|p1|Weavile, F|\n|poke|p1|Tapu Koko|\n|poke|p1|Corviknight, M|\n|poke|p1|Landorus-Therian, M|\n|poke|p2|Heatran, F|\n|poke|p2|Mandibuzz, F|\n|poke|p2|Toxapex, M|\n|poke|p2|Dragapult, F|\n|poke|p2|Rillaboom, F|\n|poke|p2|Hippowdon, M|\n|teampreview\n|inactive|Battle timer is ON: inactive players will automatically lose when time's up. (requested by Bastype)\n|inactive|Brifye has 120 seconds left.\n|\n|t:|1627051681\n|start\n|switch|p1a: Weavile|Weavile, F|100\/100\n|switch|p2a: Hippowdon|Hippowdon, M|100\/100\n|-ability|p1a: Weavile|Pressure\n|-weather|Sandstorm|[from] ability: Sand Stream|[of] p2a: Hippowdon\n|turn|1\n|\n|t:|1627051693\n|switch|p2a: Toxapex|Toxapex, M|100\/100\n|move|p1a: Weavile|Swords Dance|p1a: Weavile\n|-boost|p1a: Weavile|atk|2\n|\n|-weather|Sandstorm|[upkeep]\n|-damage|p1a: Weavile|94\/100|[from] Sandstorm\n|-damage|p2a: Toxapex|95\/100|[from] Sandstorm\n|-heal|p2a: Toxapex|100\/100|[from] item: Black Sludge\n|upkeep\n|turn|2\n|\n|t:|1627051705\n|move|p1a: Weavile|Swords Dance|p1a: Weavile\n|-boost|p1a: Weavile|atk|2\n|move|p2a: Toxapex|Haze|p2a: Toxapex\n|-clearallboost\n|\n|-weather|Sandstorm|[upkeep]\n|-damage|p1a: Weavile|88\/100|[from] Sandstorm\n|-damage|p2a: Toxapex|95\/100|[from] Sandstorm\n|-heal|p2a: Toxapex|100\/100|[from] item: Black Sludge\n|upkeep\n|turn|3\n|\n|t:|1627051717\n|move|p1a: Weavile|Knock Off|p2a: Toxapex\n|-damage|p2a: Toxapex|62\/100\n|-enditem|p2a: Toxapex|Black Sludge|[from] move: Knock Off|[of] p1a: Weavile\n|move|p2a: Toxapex|Knock Off|p1a: Weavile\n|-resisted|p1a: Weavile\n|-damage|p1a: Weavile|76\/100\n|-enditem|p1a: Weavile|Heavy-Duty Boots|[from] move: Knock Off|[of] p2a: Toxapex\n|\n|-weather|Sandstorm|[upkeep]\n|-damage|p1a: Weavile|70\/100|[from] Sandstorm\n|-damage|p2a: Toxapex|56\/100|[from] Sandstorm\n|upkeep\n|turn|4\n|\n|t:|1627051729\n|switch|p1a: Slowking|Slowking, F|100\/100\n|move|p2a: Toxapex|Scald|p1a: Slowking\n|-resisted|p1a: Slowking\n|-damage|p1a: Slowking|95\/100\n|-status|p1a: Slowking|brn\n|\n|-weather|Sandstorm|[upkeep]\n|-damage|p2a: Toxapex|50\/100|[from] Sandstorm\n|-damage|p1a: Slowking|89\/100 brn|[from] Sandstorm\n|-damage|p1a: Slowking|83\/100 brn|[from] brn\n|upkeep\n|turn|5\n|\n|t:|1627051741\n|move|p2a: Toxapex|Knock Off|p1a: Slowking\n|-supereffective|p1a: Slowking\n|-damage|p1a: Slowking|57\/100 brn\n|-enditem|p1a: Slowking|Heavy-Duty Boots|[from] move: Knock Off|[of] p2a: Toxapex\n|move|p1a: Slowking|Future Sight|p2a: Toxapex\n|-start|p1a: Slowking|move: Future Sight\n|\n|-weather|none\n|-damage|p1a: Slowking|51\/100 brn|[from] brn\n|upkeep\n|turn|6\n|\n|t:|1627051759\n|move|p2a: Toxapex|Knock Off|p1a: Slowking\n|-supereffective|p1a: Slowking\n|-crit|p1a: Slowking\n|-damage|p1a: Slowking|25\/100 brn\n|move|p1a: Slowking|Teleport|p1a: Slowking\n|\n|t:|1627051770\n|switch|p1a: Weavile|Weavile, F|70\/100|[from]move: Teleport\n|-ability|p1a: Weavile|Pressure\n|\n|upkeep\n|turn|7\n|\n|t:|1627051779\n|switch|p2a: Hippowdon|Hippowdon, M|100\/100\n|-weather|Sandstorm|[from] ability: Sand Stream|[of] p2a: Hippowdon\n|move|p1a: Weavile|Swords Dance|p1a: Weavile\n|-boost|p1a: Weavile|atk|2\n|\n|-weather|Sandstorm|[upkeep]\n|-damage|p1a: Weavile|64\/100|[from] Sandstorm\n|-end|p2a: Hippowdon|move: Future Sight\n|-damage|p2a: Hippowdon|54\/100\n|upkeep\n|turn|8\n|inactive|Bastype has 120 seconds left.\n|\n|t:|1627051826\n|move|p1a: Weavile|Knock Off|p2a: Hippowdon\n|-damage|p2a: Hippowdon|1\/100\n|-damage|p1a: Weavile|47\/100|[from] item: Rocky Helmet|[of] p2a: Hippowdon\n|-enditem|p2a: Hippowdon|Rocky Helmet|[from] move: Knock Off|[of] p1a: Weavile\n|move|p2a: Hippowdon|Roar|p1a: Weavile\n|drag|p1a: Tapu Koko|Tapu Koko|100\/100\n|-fieldstart|move: Electric Terrain|[from] ability: Electric Surge|[of] p1a: Tapu Koko\n|\n|-weather|Sandstorm|[upkeep]\n|-damage|p1a: Tapu Koko|94\/100|[from] Sandstorm\n|upkeep\n|turn|9\n|\n|t:|1627051841\n|switch|p2a: Rillaboom|Rillaboom, F|100\/100\n|-fieldstart|move: Grassy Terrain|[from] ability: Grassy Surge|[of] p2a: Rillaboom\n|move|p1a: Tapu Koko|U-turn|p2a: Rillaboom\n|-supereffective|p2a: Rillaboom\n|-damage|p2a: Rillaboom|64\/100\n|\n|t:|1627051852\n|switch|p1a: Corviknight|Corviknight, M|100\/100|[from]move: U-turn\n|-ability|p1a: Corviknight|Pressure\n|\n|-weather|Sandstorm|[upkeep]\n|-damage|p2a: Rillaboom|57\/100|[from] Sandstorm\n|-heal|p2a: Rillaboom|64\/100|[from] Grassy Terrain\n|upkeep\n|turn|10\n|\n|t:|1627051862\n|move|p2a: Rillaboom|Knock Off|p1a: Corviknight\n|-damage|p1a: Corviknight|67\/100\n|-damage|p2a: Rillaboom|47\/100|[from] item: Rocky Helmet|[of] p1a: Corviknight\n|-enditem|p1a: Corviknight|Rocky Helmet|[from] move: Knock Off|[of] p2a: Rillaboom\n|move|p1a: Corviknight|U-turn|p2a: Rillaboom\n|-supereffective|p2a: Rillaboom\n|-damage|p2a: Rillaboom|17\/100\n|\n|t:|1627051872\n|switch|p1a: Tapu Koko|Tapu Koko|94\/100|[from]move: U-turn\n|-fieldstart|move: Electric Terrain|[from] ability: Electric Surge|[of] p1a: Tapu Koko\n|\n|-weather|Sandstorm|[upkeep]\n|-damage|p1a: Tapu Koko|88\/100|[from] Sandstorm\n|-damage|p2a: Rillaboom|11\/100|[from] Sandstorm\n|upkeep\n|turn|11\n|inactive|Bastype has 120 seconds left.\n|\n|t:|1627051886\n|switch|p2a: Toxapex|Toxapex, M|83\/100\n|move|p1a: Tapu Koko|U-turn|p2a: Toxapex\n|-resisted|p2a: Toxapex\n|-damage|p2a: Toxapex|76\/100\n|\n|t:|1627051892\n|switch|p1a: Slowking|Slowking, F|58\/100 brn|[from]move: U-turn\n|\n|-weather|none\n|-damage|p1a: Slowking|52\/100 brn|[from] brn\n|upkeep\n|turn|12\n|\n|t:|1627051898\n|switch|p2a: Rillaboom|Rillaboom, F|11\/100\n|-fieldstart|move: Grassy Terrain|[from] ability: Grassy Surge|[of] p2a: Rillaboom\n|move|p1a: Slowking|Future Sight|p2a: Rillaboom\n|-start|p1a: Slowking|move: Future Sight\n|\n|-heal|p2a: Rillaboom|17\/100|[from] Grassy Terrain\n|-heal|p1a: Slowking|58\/100 brn|[from] Grassy Terrain\n|-damage|p1a: Slowking|52\/100 brn|[from] brn\n|upkeep\n|turn|13\n|\n|t:|1627051908\n|switch|p1a: Corviknight|Corviknight, M|67\/100\n|-ability|p1a: Corviknight|Pressure\n|move|p2a: Rillaboom|Wood Hammer|p1a: Corviknight\n|-resisted|p1a: Corviknight\n|-crit|p1a: Corviknight\n|-damage|p1a: Corviknight|37\/100\n|-damage|p2a: Rillaboom|5\/100|[from] Recoil\n|\n|-heal|p2a: Rillaboom|12\/100|[from] Grassy Terrain\n|upkeep\n|turn|14\n|\n|t:|1627051919\n|switch|p2a: Mandibuzz|Mandibuzz, F|100\/100\n|move|p1a: Corviknight|U-turn|p2a: Mandibuzz\n|-damage|p2a: Mandibuzz|90\/100\n|\n|t:|1627051924\n|switch|p1a: Tapu Koko|Tapu Koko|88\/100|[from]move: U-turn\n|-fieldstart|move: Electric Terrain|[from] ability: Electric Surge|[of] p1a: Tapu Koko\n|\n|-end|p2a: Mandibuzz|move: Future Sight\n|-immune|p2a: Mandibuzz\n|upkeep\n|turn|15\n|\n|t:|1627051934\n|switch|p2a: Hippowdon|Hippowdon, M|1\/100\n|-weather|Sandstorm|[from] ability: Sand Stream|[of] p2a: Hippowdon\n|move|p1a: Tapu Koko|Dazzling Gleam|p2a: Hippowdon\n|-damage|p2a: Hippowdon|0 fnt\n|faint|p2a: Hippowdon\n|\n|-weather|Sandstorm|[upkeep]\n|-damage|p1a: Tapu Koko|82\/100|[from] Sandstorm\n|upkeep\n|\n|t:|1627051944\n|switch|p2a: Heatran|Heatran, F|100\/100\n|turn|16\n|\n|t:|1627051957\n|move|p1a: Tapu Koko|Thunderbolt|p2a: Heatran\n|-damage|p2a: Heatran|60\/100\n|move|p2a: Heatran|Dark Pulse|p1a: Tapu Koko\n|-resisted|p1a: Tapu Koko\n|-crit|p1a: Tapu Koko\n|-damage|p1a: Tapu Koko|30\/100\n|\n|-weather|Sandstorm|[upkeep]\n|-damage|p1a: Tapu Koko|24\/100|[from] Sandstorm\n|upkeep\n|turn|17\n|\n|t:|1627051967\n|move|p1a: Tapu Koko|Roost|p1a: Tapu Koko\n|-heal|p1a: Tapu Koko|75\/100\n|-singleturn|p1a: Tapu Koko|move: Roost\n|move|p2a: Heatran|Dark Pulse|p1a: Tapu Koko\n|-resisted|p1a: Tapu Koko\n|-damage|p1a: Tapu Koko|39\/100\n|\n|-weather|Sandstorm|[upkeep]\n|-damage|p1a: Tapu Koko|33\/100|[from] Sandstorm\n|upkeep\n|turn|18\n|\n|t:|1627051976\n|switch|p2a: Rillaboom|Rillaboom, F|12\/100\n|-fieldstart|move: Grassy Terrain|[from] ability: Grassy Surge|[of] p2a: Rillaboom\n|move|p1a: Tapu Koko|Roost|p1a: Tapu Koko\n|-heal|p1a: Tapu Koko|83\/100\n|-singleturn|p1a: Tapu Koko|move: Roost\n|\n|-weather|Sandstorm|[upkeep]\n|-damage|p1a: Tapu Koko|77\/100|[from] Sandstorm\n|-damage|p2a: Rillaboom|5\/100|[from] Sandstorm\n|-heal|p1a: Tapu Koko|83\/100|[from] Grassy Terrain\n|-heal|p2a: Rillaboom|12\/100|[from] Grassy Terrain\n|upkeep\n|turn|19\n|\n|t:|1627051990\n|switch|p1a: Landorus|Landorus-Therian, M|100\/100\n|-ability|p1a: Landorus|Intimidate|boost\n|-unboost|p2a: Rillaboom|atk|1\n|move|p2a: Rillaboom|Wood Hammer|p1a: Landorus\n|-damage|p1a: Landorus|30\/100\n|-damage|p2a: Rillaboom|0 fnt|[from] Recoil\n|faint|p2a: Rillaboom\n|\n|-weather|none\n|-heal|p1a: Landorus|36\/100|[from] item: Leftovers\n|upkeep\n|\n|t:|1627052002\n|switch|p2a: Dragapult|Dragapult, F|100\/100\n|turn|20\n|\n|t:|1627052010\n|move|p2a: Dragapult|Hex|p1a: Landorus\n|-damage|p1a: Landorus|6\/100\n|move|p1a: Landorus|Earthquake|p2a: Dragapult\n|-damage|p2a: Dragapult|66\/100\n|\n|-heal|p2a: Dragapult|72\/100|[from] Grassy Terrain\n|-heal|p2a: Dragapult|78\/100|[from] item: Leftovers\n|-heal|p1a: Landorus|12\/100|[from] item: Leftovers\n|upkeep\n|turn|21\n|\n|t:|1627052027\n|switch|p1a: Corviknight|Corviknight, M|37\/100\n|-ability|p1a: Corviknight|Pressure\n|move|p2a: Dragapult|Hex|p1a: Corviknight\n|-damage|p1a: Corviknight|9\/100\n|\n|-heal|p2a: Dragapult|84\/100|[from] Grassy Terrain\n|-heal|p2a: Dragapult|90\/100|[from] item: Leftovers\n|upkeep\n|turn|22\n|\n|t:|1627052037\n|move|p2a: Dragapult|Hex|p1a: Corviknight\n|-damage|p1a: Corviknight|0 fnt\n|faint|p1a: Corviknight\n|\n|-heal|p2a: Dragapult|96\/100|[from] Grassy Terrain\n|-heal|p2a: Dragapult|100\/100|[from] item: Leftovers\n|-fieldend|move: Grassy Terrain\n|upkeep\n|\n|t:|1627052060\n|switch|p1a: Weavile|Weavile, F|47\/100\n|-ability|p1a: Weavile|Pressure\n|turn|23\n|\n|t:|1627052067\n|move|p1a: Weavile|Ice Shard|p2a: Dragapult\n|-supereffective|p2a: Dragapult\n|-damage|p2a: Dragapult|45\/100\n|move|p2a: Dragapult|U-turn|p1a: Weavile\n|-supereffective|p1a: Weavile\n|-damage|p1a: Weavile|0 fnt\n|faint|p1a: Weavile\n|\n|t:|1627052081\n|switch|p2a: Toxapex|Toxapex, M|100\/100|[from]move: U-turn\n|\n|upkeep\n|\n|t:|1627052086\n|switch|p1a: Tapu Koko|Tapu Koko|83\/100\n|-fieldstart|move: Electric Terrain|[from] ability: Electric Surge|[of] p1a: Tapu Koko\n|turn|24\n|\n|t:|1627052101\n|move|p1a: Tapu Koko|Thunderbolt|p2a: Toxapex\n|-supereffective|p2a: Toxapex\n|-damage|p2a: Toxapex|33\/100\n|move|p2a: Toxapex|Toxic|p1a: Tapu Koko\n|-status|p1a: Tapu Koko|tox\n|\n|-damage|p1a: Tapu Koko|77\/100 tox|[from] psn\n|upkeep\n|turn|25\n|\n|t:|1627052113\n|switch|p2a: Mandibuzz|Mandibuzz, F|90\/100\n|move|p1a: Tapu Koko|Thunderbolt|p2a: Mandibuzz\n|-supereffective|p2a: Mandibuzz\n|-damage|p2a: Mandibuzz|27\/100\n|\n|-damage|p1a: Tapu Koko|65\/100 tox|[from] psn\n|upkeep\n|turn|26\n|\n|t:|1627052120\n|move|p1a: Tapu Koko|Thunderbolt|p2a: Mandibuzz\n|-supereffective|p2a: Mandibuzz\n|-damage|p2a: Mandibuzz|0 fnt\n|faint|p2a: Mandibuzz\n|\n|-damage|p1a: Tapu Koko|46\/100 tox|[from] psn\n|upkeep\n|\n|t:|1627052127\n|switch|p2a: Dragapult|Dragapult, F|45\/100\n|turn|27\n|\n|t:|1627052139\n|switch|p1a: Landorus|Landorus-Therian, M|12\/100\n|-ability|p1a: Landorus|Intimidate|boost\n|-unboost|p2a: Dragapult|atk|1\n|move|p2a: Dragapult|Hex|p1a: Landorus\n|-damage|p1a: Landorus|0 fnt\n|faint|p1a: Landorus\n|\n|-heal|p2a: Dragapult|51\/100|[from] item: Leftovers\n|upkeep\n|\n|t:|1627052155\n|switch|p1a: Slowking|Slowking, F|85\/100 brn\n|turn|28\n|\n|t:|1627052160\n|move|p2a: Dragapult|Hex|p1a: Slowking\n|-supereffective|p1a: Slowking\n|-damage|p1a: Slowking|18\/100 brn\n|move|p1a: Slowking|Future Sight|p2a: Dragapult\n|-start|p1a: Slowking|move: Future Sight\n|\n|-heal|p2a: Dragapult|57\/100|[from] item: Leftovers\n|-damage|p1a: Slowking|12\/100 brn|[from] brn\n|-fieldend|move: Electric Terrain\n|upkeep\n|turn|29\n|\n|t:|1627052170\n|move|p2a: Dragapult|Hex|p1a: Slowking\n|-supereffective|p1a: Slowking\n|-damage|p1a: Slowking|0 fnt\n|faint|p1a: Slowking\n|\n|-heal|p2a: Dragapult|63\/100|[from] item: Leftovers\n|upkeep\n|\n|t:|1627052176\n|switch|p1a: Urshifu|Urshifu-Rapid-Strike, M|100\/100\n|turn|30\n|\n|t:|1627052179\n|move|p2a: Dragapult|Draco Meteor|p1a: Urshifu\n|-damage|p1a: Urshifu|4\/100\n|-unboost|p2a: Dragapult|spa|2\n|move|p1a: Urshifu|Surging Strikes|p2a: Dragapult\n|-resisted|p2a: Dragapult\n|-crit|p2a: Dragapult\n|-damage|p2a: Dragapult|44\/100\n|-resisted|p2a: Dragapult\n|-crit|p2a: Dragapult\n|-damage|p2a: Dragapult|24\/100\n|-resisted|p2a: Dragapult\n|-crit|p2a: Dragapult\n|-damage|p2a: Dragapult|3\/100\n|-hitcount|p2a: Dragapult|3\n|\n|-end|p2a: Dragapult|move: Future Sight\n|-damage|p2a: Dragapult|0 fnt\n|faint|p2a: Dragapult\n|upkeep\n|\n|t:|1627052194\n|switch|p2a: Toxapex|Toxapex, M|67\/100\n|turn|31\n|\n|t:|1627052200\n|move|p1a: Urshifu|Surging Strikes|p2a: Toxapex\n|-resisted|p2a: Toxapex\n|-crit|p2a: Toxapex\n|-damage|p2a: Toxapex|55\/100\n|-resisted|p2a: Toxapex\n|-crit|p2a: Toxapex\n|-damage|p2a: Toxapex|42\/100\n|-resisted|p2a: Toxapex\n|-crit|p2a: Toxapex\n|-damage|p2a: Toxapex|31\/100\n|-hitcount|p2a: Toxapex|3\n|move|p2a: Toxapex|Scald|p1a: Urshifu\n|-resisted|p1a: Urshifu\n|-crit|p1a: Urshifu\n|-damage|p1a: Urshifu|0 fnt\n|faint|p1a: Urshifu\n|\n|upkeep\n|\n|t:|1627052211\n|switch|p1a: Tapu Koko|Tapu Koko|46\/100 tox\n|-fieldstart|move: Electric Terrain|[from] ability: Electric Surge|[of] p1a: Tapu Koko\n|turn|32\n|\n|t:|1627052217\n|move|p1a: Tapu Koko|Roost|p1a: Tapu Koko\n|-heal|p1a: Tapu Koko|97\/100 tox\n|-singleturn|p1a: Tapu Koko|move: Roost\n|move|p2a: Toxapex|Scald|p1a: Tapu Koko\n|-damage|p1a: Tapu Koko|71\/100 tox\n|\n|-damage|p1a: Tapu Koko|65\/100 tox|[from] psn\n|upkeep\n|turn|33\n|\n|t:|1627052225\n|move|p1a: Tapu Koko|Thunderbolt|p2a: Toxapex\n|-supereffective|p2a: Toxapex\n|-damage|p2a: Toxapex|0 fnt\n|faint|p2a: Toxapex\n|\n|-damage|p1a: Tapu Koko|52\/100 tox|[from] psn\n|upkeep\n|\n|t:|1627052231\n|switch|p2a: Heatran|Heatran, F|60\/100\n|turn|34\n|\n|t:|1627052234\n|move|p1a: Tapu Koko|Thunderbolt|p2a: Heatran\n|-damage|p2a: Heatran|15\/100\n|move|p2a: Heatran|Earth Power|p1a: Tapu Koko\n|-supereffective|p1a: Tapu Koko\n|-damage|p1a: Tapu Koko|0 fnt\n|faint|p1a: Tapu Koko\n|\n|win|Bastype\n|raw|Brifye's rating: 1393 &rarr; <strong>1371<\/strong><br \/>(-22 for losing)\n|raw|Bastype's rating: 1363 &rarr; <strong>1385<\/strong><br \/>(+22 for winning)\n|c|\u2606Bastype|gg\n|c|\u2606Brifye|gg\n|l|\u2606Brifye\n","uploadtime":1627052252,"views":16,"p1id":"brifye","p2id":"bastype","formatid":"gen8ou","rating":1371,"private":0,"password":null}