{"id":"gen8ou-1688259030","p1":"mbetta1","p2":"Vodyne","format":"gen8ou","log":"|html|<div class=\"broadcast-blue\"><strong>[Gen 8] OU is currently suspecting Melmetal! For information on how to participate check out the <a href=\"https:\/\/www.smogon.com\/forums\/threads\/np-ss-ou-suspect-process-round-12-monster-mash.3709234\/\">suspect thread<\/a>.<\/strong><\/div>\n|j|\u2606mbetta1\n|j|\u2606Vodyne\n|t:|1666046632\n|gametype|singles\n|player|p1|mbetta1|pokemonranger-gen4|1441\n|player|p2|Vodyne|169|1425\n|teamsize|p1|6\n|teamsize|p2|6\n|gen|8\n|tier|[Gen 8] OU\n|rated|\n|rule|Sleep Clause Mod: Limit one foe put to sleep\n|rule|Species Clause: Limit one of each Pok\u00e9mon\n|rule|OHKO Clause: OHKO moves are banned\n|rule|Evasion Items Clause: Evasion items are banned\n|rule|Evasion Moves Clause: Evasion moves are banned\n|rule|Endless Battle Clause: Forcing endless battles is banned\n|rule|HP Percentage Mod: HP is shown in percentages\n|rule|Dynamax Clause: You cannot dynamax\n|clearpoke\n|poke|p1|Blaziken, M|\n|poke|p1|Blacephalon|\n|poke|p1|Tapu Lele|\n|poke|p1|Landorus-Therian, M|\n|poke|p1|Zapdos-Galar|\n|poke|p1|Garchomp, F|\n|poke|p2|Snorlax, M|\n|poke|p2|Suicune|\n|poke|p2|Melmetal|\n|poke|p2|Victini|\n|poke|p2|Landorus-Therian, M|\n|poke|p2|Zapdos|\n|teampreview\n|c|\u2606Vodyne|hf\n|\n|t:|1666046644\n|start\n|switch|p1a: Landorus|Landorus-Therian, M|100\/100\n|switch|p2a: Suicune|Suicune|100\/100\n|-ability|p1a: Landorus|Intimidate|boost\n|-unboost|p2a: Suicune|atk|1\n|-ability|p2a: Suicune|Pressure\n|turn|1\n|\n|t:|1666046647\n|move|p1a: Landorus|Earthquake|p2a: Suicune\n|-damage|p2a: Suicune|71\/100\n|move|p2a: Suicune|Ice Beam|p1a: Landorus\n|-supereffective|p1a: Landorus\n|-damage|p1a: Landorus|0 fnt\n|faint|p1a: Landorus\n|\n|-heal|p2a: Suicune|78\/100|[from] item: Leftovers\n|upkeep\n|\n|t:|1666046657\n|switch|p1a: Tapu Lele|Tapu Lele|100\/100\n|-fieldstart|move: Psychic Terrain|[from] ability: Psychic Surge|[of] p1a: Tapu Lele\n|turn|2\n|\n|t:|1666046660\n|switch|p2a: Victini|Victini|100\/100\n|move|p1a: Tapu Lele|Thunderbolt|p2a: Victini\n|-crit|p2a: Victini\n|-damage|p2a: Victini|54\/100\n|\n|upkeep\n|turn|3\n|\n|t:|1666046664\n|move|p2a: Victini|V-create|p1a: Tapu Lele\n|-damage|p1a: Tapu Lele|0 fnt\n|-unboost|p2a: Victini|spe|1\n|-unboost|p2a: Victini|def|1\n|-unboost|p2a: Victini|spd|1\n|faint|p1a: Tapu Lele\n|\n|upkeep\n|\n|t:|1666046673\n|switch|p1a: Blacephalon|Blacephalon|100\/100\n|turn|4\n|\n|t:|1666046676\n|switch|p2a: Snorlax|Snorlax, M|100\/100\n|move|p1a: Blacephalon|Shadow Ball|p2a: Snorlax\n|-immune|p2a: Snorlax\n|\n|upkeep\n|turn|5\n|\n|t:|1666046682\n|switch|p1a: Garchomp|Garchomp, F|100\/100\n|move|p2a: Snorlax|Body Slam|p1a: Garchomp\n|-damage|p1a: Garchomp|69\/100\n|-damage|p2a: Snorlax|88\/100|[from] ability: Rough Skin|[of] p1a: Garchomp\n|-damage|p2a: Snorlax|71\/100|[from] item: Rocky Helmet|[of] p1a: Garchomp\n|\n|-heal|p2a: Snorlax|78\/100|[from] item: Leftovers\n|upkeep\n|turn|6\n|\n|t:|1666046686\n|switch|p2a: Suicune|Suicune|78\/100\n|-ability|p2a: Suicune|Pressure\n|move|p1a: Garchomp|Swords Dance|p1a: Garchomp\n|-boost|p1a: Garchomp|atk|2\n|\n|-heal|p2a: Suicune|84\/100|[from] item: Leftovers\n|-fieldend|move: Psychic Terrain\n|upkeep\n|turn|7\n|\n|t:|1666046691\n|move|p1a: Garchomp|Earthquake|p2a: Suicune\n|-damage|p2a: Suicune|21\/100\n|move|p2a: Suicune|Ice Beam|p1a: Garchomp\n|-supereffective|p1a: Garchomp\n|-damage|p1a: Garchomp|0 fnt\n|faint|p1a: Garchomp\n|\n|-heal|p2a: Suicune|27\/100|[from] item: Leftovers\n|upkeep\n|\n|t:|1666046695\n|switch|p1a: Zapdos|Zapdos-Galar|100\/100\n|turn|8\n|\n|t:|1666046704\n|move|p1a: Zapdos|Agility|p1a: Zapdos\n|-boost|p1a: Zapdos|spe|2\n|move|p2a: Suicune|Scald|p1a: Zapdos\n|-damage|p1a: Zapdos|74\/100\n|-status|p1a: Zapdos|brn\n|\n|-heal|p2a: Suicune|33\/100|[from] item: Leftovers\n|-damage|p1a: Zapdos|68\/100 brn|[from] brn\n|upkeep\n|turn|9\n|\n|t:|1666046708\n|move|p1a: Zapdos|Brave Bird|p2a: Suicune\n|-damage|p2a: Suicune|15\/100\n|-damage|p1a: Zapdos|61\/100 brn|[from] Recoil\n|move|p2a: Suicune|Ice Beam|p1a: Zapdos\n|-supereffective|p1a: Zapdos\n|-damage|p1a: Zapdos|20\/100 brn\n|\n|-heal|p2a: Suicune|22\/100|[from] item: Leftovers\n|-damage|p1a: Zapdos|13\/100 brn|[from] brn\n|upkeep\n|turn|10\n|\n|t:|1666046712\n|move|p1a: Zapdos|Brave Bird|p2a: Suicune\n|-damage|p2a: Suicune|2\/100\n|-damage|p1a: Zapdos|5\/100 brn|[from] Recoil\n|move|p2a: Suicune|Scald|p1a: Zapdos\n|-damage|p1a: Zapdos|0 fnt\n|faint|p1a: Zapdos\n|\n|-heal|p2a: Suicune|9\/100|[from] item: Leftovers\n|upkeep\n|\n|t:|1666046719\n|switch|p1a: Blacephalon|Blacephalon|100\/100\n|turn|11\n|\n|t:|1666046747\n|move|p1a: Blacephalon|Flamethrower|p2a: Suicune\n|-resisted|p2a: Suicune\n|-damage|p2a: Suicune|0 fnt\n|faint|p2a: Suicune\n|-ability|p1a: Blacephalon|Beast Boost|boost\n|-boost|p1a: Blacephalon|spa|1\n|\n|upkeep\n|\n|t:|1666046762\n|switch|p2a: Snorlax|Snorlax, M|78\/100\n|turn|12\n|\n|t:|1666046768\n|move|p1a: Blacephalon|Flamethrower|p2a: Snorlax\n|-damage|p2a: Snorlax|60\/100\n|move|p2a: Snorlax|Heat Crash|p1a: Blacephalon\n|-resisted|p1a: Blacephalon\n|-damage|p1a: Blacephalon|69\/100\n|\n|-heal|p2a: Snorlax|66\/100|[from] item: Leftovers\n|upkeep\n|turn|13\n|\n|t:|1666046813\n|move|p1a: Blacephalon|Flamethrower|p2a: Snorlax\n|-damage|p2a: Snorlax|48\/100\n|move|p2a: Snorlax|Heat Crash|p1a: Blacephalon\n|-resisted|p1a: Blacephalon\n|-damage|p1a: Blacephalon|36\/100\n|\n|-heal|p2a: Snorlax|54\/100|[from] item: Leftovers\n|upkeep\n|turn|14\n|\n|t:|1666046817\n|switch|p1a: Blaziken|Blaziken, M|100\/100\n|move|p2a: Snorlax|Heat Crash|p1a: Blaziken\n|-resisted|p1a: Blaziken\n|-damage|p1a: Blaziken|78\/100\n|\n|-heal|p2a: Snorlax|60\/100|[from] item: Leftovers\n|upkeep\n|turn|15\n|\n|t:|1666046823\n|switch|p2a: Landorus|Landorus-Therian, M|100\/100\n|-ability|p2a: Landorus|Intimidate|boost\n|-unboost|p1a: Blaziken|atk|1\n|move|p1a: Blaziken|Swords Dance|p1a: Blaziken\n|-boost|p1a: Blaziken|atk|2\n|\n|-ability|p1a: Blaziken|Speed Boost|boost\n|-boost|p1a: Blaziken|spe|1\n|upkeep\n|turn|16\n|\n|t:|1666046830\n|move|p2a: Landorus|Earthquake|p1a: Blaziken\n|-supereffective|p1a: Blaziken\n|-damage|p1a: Blaziken|0 fnt\n|faint|p1a: Blaziken\n|\n|upkeep\n|c|\u2606Vodyne|gg. sorry about the burn there. but i would have gone zap after ko and kill with volt. then lax\/lando if you went blaceph\/blaziken. obvi lax walls then you go blaziken. both cases blaziken i bring lando even at +1 speed he'd outspeed and ko\n|\n|t:|1666046833\n|switch|p1a: Blacephalon|Blacephalon|36\/100\n|turn|17\n|-message|mbetta1 forfeited.\n|\n|win|Vodyne\n|raw|mbetta1's rating: 1441 &rarr; <strong>1420<\/strong><br \/>(-21 for losing)\n|raw|Vodyne's rating: 1425 &rarr; <strong>1446<\/strong><br \/>(+21 for winning)\n|l|\u2606mbetta1\n","uploadtime":1666046844,"views":17,"p1id":"mbetta1","p2id":"vodyne","formatid":"gen8ou","rating":1420,"private":0,"password":null}