{"id":"gen8ou-1695166664","p1":"OUTD takaofalltime","p2":"hypervortexreturns","format":"gen8ou","log":"|html|<div class=\"broadcast-blue\"><strong>[Gen 8] OU is currently suspecting Melmetal! For information on how to participate check out the <a href=\"https:\/\/www.smogon.com\/forums\/threads\/np-ss-ou-suspect-process-round-12-monster-mash.3709234\/\">suspect thread<\/a>.<\/strong><\/div>\n|j|\u2606OUTD takaofalltime\n|j|\u203dhypervortexreturns\n|t:|1666775489\n|gametype|singles\n|player|p1|OUTD takaofalltime|101|1638\n|player|p2|hypervortexreturns|1|1869\n|teamsize|p1|6\n|teamsize|p2|6\n|gen|8\n|tier|[Gen 8] OU\n|rated|\n|rule|Sleep Clause Mod: Limit one foe put to sleep\n|rule|Species Clause: Limit one of each Pok\u00e9mon\n|rule|OHKO Clause: OHKO moves are banned\n|rule|Evasion Items Clause: Evasion items are banned\n|rule|Evasion Moves Clause: Evasion moves are banned\n|rule|Endless Battle Clause: Forcing endless battles is banned\n|rule|HP Percentage Mod: HP is shown in percentages\n|rule|Dynamax Clause: You cannot dynamax\n|clearpoke\n|poke|p1|Excadrill, F|\n|poke|p1|Tyranitar, M|\n|poke|p1|Clefable, M|\n|poke|p1|Buzzwole|\n|poke|p1|Rillaboom, M|\n|poke|p1|Crawdaunt, M|\n|poke|p2|Hydreigon, M|\n|poke|p2|Zapdos|\n|poke|p2|Tangrowth, M|\n|poke|p2|Corviknight, F|\n|poke|p2|Excadrill, F|\n|poke|p2|Azumarill, M|\n|teampreview\n|inactive|Battle timer is ON: inactive players will automatically lose when time's up. (requested by OUTD takaofalltime)\n|j| OUTD saft\n|inactive|OUTD takaofalltime has 120 seconds left.\n|inactive|hypervortexreturns has 120 seconds left.\n|inactive|OUTD takaofalltime has 90 seconds left.\n|\n|t:|1666775564\n|start\n|switch|p1a: Excadrill|Excadrill, F|100\/100\n|switch|p2a: Azumarill|Azumarill, M|100\/100\n|turn|1\n|j| testingteams888\n|\n|t:|1666775588\n|move|p1a: Excadrill|High Horsepower|p2a: Azumarill\n|-damage|p2a: Azumarill|35\/100\n|-enditem|p2a: Azumarill|Sitrus Berry|[eat]\n|-heal|p2a: Azumarill|60\/100|[from] item: Sitrus Berry\n|move|p2a: Azumarill|Knock Off|p1a: Excadrill\n|-damage|p1a: Excadrill|41\/100\n|-enditem|p1a: Excadrill|Leftovers|[from] move: Knock Off|[of] p2a: Azumarill\n|\n|upkeep\n|turn|2\n|\n|t:|1666775605\n|switch|p1a: Rillaboom|Rillaboom, M|100\/100\n|-fieldstart|move: Grassy Terrain|[from] ability: Grassy Surge|[of] p1a: Rillaboom\n|move|p2a: Azumarill|Aqua Jet|p1a: Rillaboom\n|-resisted|p1a: Rillaboom\n|-damage|p1a: Rillaboom|88\/100\n|\n|-heal|p1a: Rillaboom|94\/100|[from] Grassy Terrain\n|-heal|p1a: Rillaboom|100\/100|[from] item: Leftovers\n|-heal|p2a: Azumarill|66\/100|[from] Grassy Terrain\n|upkeep\n|turn|3\n|inactive|OUTD takaofalltime has 120 seconds left.\n|\n|t:|1666775636\n|switch|p1a: Crawdaunt|Crawdaunt, M|100\/100\n|move|p2a: Azumarill|Knock Off|p1a: Crawdaunt\n|-resisted|p1a: Crawdaunt\n|-damage|p1a: Crawdaunt|72\/100\n|-enditem|p1a: Crawdaunt|Life Orb|[from] move: Knock Off|[of] p2a: Azumarill\n|\n|-heal|p1a: Crawdaunt|78\/100|[from] Grassy Terrain\n|-heal|p2a: Azumarill|72\/100|[from] Grassy Terrain\n|upkeep\n|turn|4\n|\n|t:|1666775648\n|move|p1a: Crawdaunt|Crabhammer|p2a: Azumarill|[miss]\n|-miss|p1a: Crawdaunt|p2a: Azumarill\n|move|p2a: Azumarill|Play Rough|p1a: Crawdaunt\n|-supereffective|p1a: Crawdaunt\n|-damage|p1a: Crawdaunt|0 fnt\n|faint|p1a: Crawdaunt\n|\n|-heal|p2a: Azumarill|78\/100|[from] Grassy Terrain\n|upkeep\n|\n|t:|1666775651\n|switch|p1a: Rillaboom|Rillaboom, M|100\/100\n|turn|5\n|inactive|hypervortexreturns has 120 seconds left.\n|\n|t:|1666775679\n|switch|p2a: Tangrowth|Tangrowth, M|100\/100\n|move|p1a: Rillaboom|Swords Dance|p1a: Rillaboom\n|-boost|p1a: Rillaboom|atk|2\n|\n|upkeep\n|turn|6\n|inactive|hypervortexreturns has 120 seconds left.\n|\n|t:|1666775686\n|move|p1a: Rillaboom|Swords Dance|p1a: Rillaboom\n|-boost|p1a: Rillaboom|atk|2\n|move|p2a: Tangrowth|Knock Off|p1a: Rillaboom\n|-damage|p1a: Rillaboom|81\/100\n|-enditem|p1a: Rillaboom|Leftovers|[from] move: Knock Off|[of] p2a: Tangrowth\n|\n|-heal|p1a: Rillaboom|88\/100|[from] Grassy Terrain\n|-fieldend|move: Grassy Terrain\n|upkeep\n|turn|7\n|inactive|hypervortexreturns has 120 seconds left.\n|\n|t:|1666775699\n|move|p1a: Rillaboom|Drain Punch|p2a: Tangrowth\n|-damage|p2a: Tangrowth|59\/100\n|-heal|p1a: Rillaboom|100\/100|[from] drain|[of] p2a: Tangrowth\n|-damage|p1a: Rillaboom|84\/100|[from] item: Rocky Helmet|[of] p2a: Tangrowth\n|move|p2a: Tangrowth|Focus Blast|p1a: Rillaboom\n|-damage|p1a: Rillaboom|49\/100\n|\n|upkeep\n|turn|8\n|inactive|hypervortexreturns has 120 seconds left.\n|\n|t:|1666775713\n|switch|p2a: Zapdos|Zapdos|100\/100\n|move|p1a: Rillaboom|Knock Off|p2a: Zapdos\n|-damage|p2a: Zapdos|0 fnt\n|-enditem|p2a: Zapdos|Heavy-Duty Boots|[from] move: Knock Off|[of] p1a: Rillaboom\n|faint|p2a: Zapdos\n|\n|upkeep\n|inactive|hypervortexreturns has 120 seconds left.\n|\n|t:|1666775738\n|switch|p2a: Corviknight|Corviknight, F|100\/100\n|-ability|p2a: Corviknight|Pressure\n|turn|9\n|\n|t:|1666775751\n|move|p1a: Rillaboom|Drain Punch|p2a: Corviknight\n|-damage|p2a: Corviknight|29\/100\n|-heal|p1a: Rillaboom|85\/100|[from] drain|[of] p2a: Corviknight\n|move|p2a: Corviknight|Brave Bird|p1a: Rillaboom\n|-supereffective|p1a: Rillaboom\n|-damage|p1a: Rillaboom|21\/100\n|-damage|p2a: Corviknight|8\/100|[from] Recoil\n|\n|-heal|p2a: Corviknight|14\/100|[from] item: Leftovers\n|upkeep\n|turn|10\n|inactive|hypervortexreturns has 90 seconds left.\n|inactive|hypervortexreturns has 60 seconds left.\n|\n|t:|1666775802\n|move|p1a: Rillaboom|Knock Off|p2a: Corviknight\n|-damage|p2a: Corviknight|0 fnt\n|-enditem|p2a: Corviknight|Leftovers|[from] move: Knock Off|[of] p1a: Rillaboom\n|faint|p2a: Corviknight\n|\n|upkeep\n|inactive|hypervortexreturns has 60 seconds left.\n|\n|t:|1666775809\n|switch|p2a: Hydreigon|Hydreigon, M|100\/100\n|turn|11\n|\n|t:|1666775812\n|switch|p1a: Clefable|Clefable, M|100\/100\n|move|p2a: Hydreigon|Dark Pulse|p1a: Clefable\n|-resisted|p1a: Clefable\n|-damage|p1a: Clefable|84\/100\n|\n|-heal|p1a: Clefable|90\/100|[from] item: Leftovers\n|upkeep\n|turn|12\n|\n|t:|1666775823\n|switch|p2a: Excadrill|Excadrill, F|100\/100\n|-ability|p2a: Excadrill|Mold Breaker\n|switch|p1a: Buzzwole|Buzzwole|100\/100\n|\n|upkeep\n|turn|13\n|\n|t:|1666775832\n|switch|p2a: Tangrowth|Tangrowth, M|93\/100\n|move|p1a: Buzzwole|Close Combat|p2a: Tangrowth\n|-damage|p2a: Tangrowth|65\/100\n|-unboost|p1a: Buzzwole|def|1\n|-unboost|p1a: Buzzwole|spd|1\n|-damage|p1a: Buzzwole|84\/100|[from] item: Rocky Helmet|[of] p2a: Tangrowth\n|\n|upkeep\n|turn|14\n|\n|t:|1666775846\n|move|p1a: Buzzwole|Leech Life|p2a: Tangrowth\n|-supereffective|p2a: Tangrowth\n|-damage|p2a: Tangrowth|29\/100\n|-heal|p1a: Buzzwole|100\/100|[from] drain|[of] p2a: Tangrowth\n|-damage|p1a: Buzzwole|84\/100|[from] item: Rocky Helmet|[of] p2a: Tangrowth\n|move|p2a: Tangrowth|Sleep Powder|p1a: Buzzwole\n|-status|p1a: Buzzwole|slp|[from] move: Sleep Powder\n|\n|upkeep\n|turn|15\n|\n|t:|1666775860\n|switch|p1a: Tyranitar|Tyranitar, M|100\/100\n|-weather|Sandstorm|[from] ability: Sand Stream|[of] p1a: Tyranitar\n|move|p2a: Tangrowth|Knock Off|p1a: Tyranitar\n|-resisted|p1a: Tyranitar\n|-damage|p1a: Tyranitar|91\/100\n|-enditem|p1a: Tyranitar|Choice Band|[from] move: Knock Off|[of] p2a: Tangrowth\n|\n|-weather|Sandstorm|[upkeep]\n|-damage|p2a: Tangrowth|23\/100|[from] Sandstorm\n|upkeep\n|turn|16\n|inactive|hypervortexreturns has 60 seconds left.\n|\n|t:|1666775891\n|switch|p2a: Hydreigon|Hydreigon, M|100\/100\n|move|p1a: Tyranitar|Stone Edge|p2a: Hydreigon\n|-damage|p2a: Hydreigon|43\/100\n|\n|-weather|Sandstorm|[upkeep]\n|-damage|p2a: Hydreigon|37\/100|[from] Sandstorm\n|-heal|p2a: Hydreigon|43\/100|[from] item: Leftovers\n|upkeep\n|turn|17\n|inactive|hypervortexreturns has 60 seconds left.\n|\n|t:|1666775905\n|switch|p1a: Clefable|Clefable, M|90\/100\n|move|p2a: Hydreigon|Roost|p2a: Hydreigon\n|-heal|p2a: Hydreigon|93\/100\n|-singleturn|p2a: Hydreigon|move: Roost\n|\n|-weather|Sandstorm|[upkeep]\n|-damage|p2a: Hydreigon|87\/100|[from] Sandstorm\n|-heal|p2a: Hydreigon|93\/100|[from] item: Leftovers\n|-heal|p1a: Clefable|96\/100|[from] item: Leftovers\n|upkeep\n|turn|18\n|inactive|hypervortexreturns has 60 seconds left.\n|j| cypherstest\n|\n|t:|1666775923\n|switch|p2a: Excadrill|Excadrill, F|100\/100\n|-ability|p2a: Excadrill|Mold Breaker\n|switch|p1a: Excadrill|Excadrill, F|41\/100\n|\n|-weather|Sandstorm|[upkeep]\n|upkeep\n|turn|19\n|inactive|hypervortexreturns has 60 seconds left.\n|l| testingteams888\n|\n|t:|1666775944\n|switch|p2a: Hydreigon|Hydreigon, M|93\/100\n|move|p1a: Excadrill|High Horsepower|p2a: Hydreigon\n|-immune|p2a: Hydreigon|[from] ability: Levitate\n|\n|-weather|none\n|-heal|p2a: Hydreigon|99\/100|[from] item: Leftovers\n|upkeep\n|turn|20\n|\n|t:|1666775955\n|switch|p1a: Clefable|Clefable, M|96\/100\n|move|p2a: Hydreigon|Earth Power|p1a: Clefable\n|-damage|p1a: Clefable|73\/100\n|\n|-heal|p2a: Hydreigon|100\/100|[from] item: Leftovers\n|-heal|p1a: Clefable|79\/100|[from] item: Leftovers\n|upkeep\n|turn|21\n|\n|t:|1666775968\n|switch|p2a: Excadrill|Excadrill, F|100\/100\n|-ability|p2a: Excadrill|Mold Breaker\n|move|p1a: Clefable|Moonblast|p2a: Excadrill\n|-resisted|p2a: Excadrill\n|-damage|p2a: Excadrill|81\/100\n|\n|-heal|p2a: Excadrill|87\/100|[from] item: Leftovers\n|-heal|p1a: Clefable|86\/100|[from] item: Leftovers\n|upkeep\n|turn|22\n|\n|t:|1666775980\n|switch|p1a: Buzzwole|Buzzwole|84\/100 slp\n|move|p2a: Excadrill|Stealth Rock|p1a: Buzzwole\n|-sidestart|p1: OUTD takaofalltime|move: Stealth Rock\n|\n|-heal|p2a: Excadrill|94\/100|[from] item: Leftovers\n|upkeep\n|turn|23\n|\n|t:|1666775990\n|switch|p2a: Azumarill|Azumarill, M|78\/100\n|cant|p1a: Buzzwole|slp\n|\n|upkeep\n|turn|24\n|\n|t:|1666776003\n|-curestatus|p1a: Buzzwole|slp|[msg]\n|move|p1a: Buzzwole|Close Combat|p2a: Azumarill\n|-resisted|p2a: Azumarill\n|-damage|p2a: Azumarill|46\/100\n|-unboost|p1a: Buzzwole|def|1\n|-unboost|p1a: Buzzwole|spd|1\n|move|p2a: Azumarill|Play Rough|p1a: Buzzwole\n|-supereffective|p1a: Buzzwole\n|-damage|p1a: Buzzwole|0 fnt\n|-damage|p2a: Azumarill|29\/100|[from] item: Rocky Helmet|[of] p1a: Buzzwole\n|faint|p1a: Buzzwole\n|\n|upkeep\n|\n|t:|1666776019\n|switch|p1a: Tyranitar|Tyranitar, M|91\/100\n|-damage|p1a: Tyranitar|79\/100|[from] Stealth Rock\n|-weather|Sandstorm|[from] ability: Sand Stream|[of] p1a: Tyranitar\n|turn|25\n|inactive|hypervortexreturns has 60 seconds left.\n|inactive|OUTD takaofalltime has 120 seconds left.\n|\n|t:|1666776045\n|move|p2a: Azumarill|Aqua Jet|p1a: Tyranitar\n|-supereffective|p1a: Tyranitar\n|-damage|p1a: Tyranitar|29\/100\n|move|p1a: Tyranitar|Stone Edge|p2a: Azumarill\n|-damage|p2a: Azumarill|0 fnt\n|faint|p2a: Azumarill\n|\n|-weather|Sandstorm|[upkeep]\n|upkeep\n|\n|t:|1666776057\n|switch|p2a: Excadrill|Excadrill, F|94\/100\n|-ability|p2a: Excadrill|Mold Breaker\n|turn|26\n|inactive|OUTD takaofalltime has 120 seconds left.\n|j| kyonharuhi\n|\n|t:|1666776079\n|move|p2a: Excadrill|Earthquake|p1a: Tyranitar\n|-supereffective|p1a: Tyranitar\n|-damage|p1a: Tyranitar|0 fnt\n|faint|p1a: Tyranitar\n|\n|-weather|Sandstorm|[upkeep]\n|-heal|p2a: Excadrill|99\/100|[from] item: Leftovers\n|upkeep\n|\n|t:|1666776080\n|switch|p1a: Excadrill|Excadrill, F|41\/100\n|-damage|p1a: Excadrill|38\/100|[from] Stealth Rock\n|turn|27\n|inactive|OUTD takaofalltime has 120 seconds left.\n|inactive|hypervortexreturns has 60 seconds left.\n|inactive|OUTD takaofalltime has 90 seconds left.\n|\n|t:|1666776120\n|switch|p2a: Hydreigon|Hydreigon, M|100\/100\n|move|p1a: Excadrill|High Horsepower|p2a: Hydreigon\n|-immune|p2a: Hydreigon|[from] ability: Levitate\n|\n|-weather|Sandstorm|[upkeep]\n|-damage|p2a: Hydreigon|94\/100|[from] Sandstorm\n|-heal|p2a: Hydreigon|100\/100|[from] item: Leftovers\n|upkeep\n|turn|28\n|inactive|hypervortexreturns has 60 seconds left.\n|inactive|OUTD takaofalltime has 90 seconds left.\n|\n|t:|1666776138\n|move|p1a: Excadrill|Swords Dance|p1a: Excadrill\n|-boost|p1a: Excadrill|atk|2\n|move|p2a: Hydreigon|Earth Power|p1a: Excadrill\n|-supereffective|p1a: Excadrill\n|-damage|p1a: Excadrill|0 fnt\n|faint|p1a: Excadrill\n|\n|-weather|Sandstorm|[upkeep]\n|-damage|p2a: Hydreigon|94\/100|[from] Sandstorm\n|-heal|p2a: Hydreigon|100\/100|[from] item: Leftovers\n|upkeep\n|\n|t:|1666776140\n|switch|p1a: Clefable|Clefable, M|86\/100\n|turn|29\n|inactive|hypervortexreturns has 60 seconds left.\n|\n|t:|1666776153\n|switch|p2a: Excadrill|Excadrill, F|99\/100\n|-ability|p2a: Excadrill|Mold Breaker\n|move|p1a: Clefable|Calm Mind|p1a: Clefable\n|-boost|p1a: Clefable|spa|1\n|-boost|p1a: Clefable|spd|1\n|\n|-weather|none\n|-heal|p2a: Excadrill|100\/100|[from] item: Leftovers\n|-heal|p1a: Clefable|92\/100|[from] item: Leftovers\n|upkeep\n|turn|30\n|inactive|hypervortexreturns has 60 seconds left.\n|inactive|OUTD takaofalltime has 90 seconds left.\n|\n|t:|1666776170\n|move|p2a: Excadrill|Iron Head|p1a: Clefable\n|-supereffective|p1a: Clefable\n|-damage|p1a: Clefable|20\/100\n|move|p1a: Clefable|Moonblast|p2a: Excadrill\n|-resisted|p2a: Excadrill\n|-damage|p2a: Excadrill|71\/100\n|\n|-heal|p2a: Excadrill|78\/100|[from] item: Leftovers\n|-heal|p1a: Clefable|26\/100|[from] item: Leftovers\n|upkeep\n|turn|31\n|-message|OUTD takaofalltime forfeited.\n|\n|win|hypervortexreturns\n|raw|OUTD takaofalltime's rating: 1638 &rarr; <strong>1630<\/strong><br \/>(-8 for losing)\n|raw|hypervortexreturns's rating: 1869 &rarr; <strong>1877<\/strong><br \/>(+8 for winning)\n|l|\u2606OUTD takaofalltime\n|l| kyonharuhi\n|l| OUTD saft\n|l| cypherstest\n|l|\u203dhypervortexreturns\n||Ladder isn't responding, score probably updated but might not have (Request timeout).\n|j| kyonharuhi\n|l| kyonharuhi\n|j| wthappened\n|l| wthappened\n","uploadtime":1666779067,"views":59,"p1id":"outdtakaofalltime","p2id":"hypervortexreturns","formatid":"gen8ou","rating":1630,"private":0,"password":null}