{"id":"gen8monotype-1667948835","p1":"thatonerandom902","p2":"Dindon Ductile","format":"gen8monotype","log":"|j|\u2606thatonerandom902\n|j|\u2606Dindon Ductile\n|t:|1663582586\n|gametype|singles\n|player|p1|thatonerandom902|unknown|1045\n|player|p2|Dindon Ductile|169|1202\n|teamsize|p1|6\n|teamsize|p2|6\n|gen|8\n|tier|[Gen 8] Monotype\n|rated|\n|rule|Same Type Clause: Pok\u00e9mon in a team must share a type\n|rule|Sleep Clause Mod: Limit one foe put to sleep\n|rule|Species Clause: Limit one of each Pok\u00e9mon\n|rule|OHKO Clause: OHKO moves are banned\n|rule|Evasion Items Clause: Evasion items are banned\n|rule|Evasion Moves Clause: Evasion moves are banned\n|rule|Endless Battle Clause: Forcing endless battles is banned\n|rule|HP Percentage Mod: HP is shown in percentages\n|rule|Dynamax Clause: You cannot dynamax\n|clearpoke\n|poke|p1|Slowking-Galar, M|\n|poke|p1|Toxapex, M|\n|poke|p1|Nidoking, M|\n|poke|p1|Amoonguss, F|\n|poke|p1|Weezing-Galar, M|\n|poke|p1|Nihilego|\n|poke|p2|Appletun, M|\n|poke|p2|Rillaboom, M|\n|poke|p2|Ferrothorn, F|\n|poke|p2|Venusaur, M|\n|poke|p2|Rotom-Mow|\n|poke|p2|Whimsicott, M|\n|teampreview\n|inactive|Battle timer is ON: inactive players will automatically lose when time's up. (requested by Dindon Ductile)\n|inactive|thatonerandom902 has 120 seconds left.\n|inactive|thatonerandom902 has 90 seconds left.\n|inactive|thatonerandom902 has 60 seconds left.\n|\n|t:|1663582723\n|start\n|switch|p1a: Toxapex|Toxapex, M|100\/100\n|switch|p2a: Rillaboom|Rillaboom, M|100\/100\n|-fieldstart|move: Grassy Terrain|[from] ability: Grassy Surge|[of] p2a: Rillaboom\n|turn|1\n|\n|t:|1663582730\n|move|p2a: Rillaboom|Knock Off|p1a: Toxapex\n|-damage|p1a: Toxapex|66\/100\n|-enditem|p1a: Toxapex|Black Sludge|[from] move: Knock Off|[of] p2a: Rillaboom\n|move|p1a: Toxapex|Toxic|p2a: Rillaboom\n|-status|p2a: Rillaboom|tox\n|\n|-heal|p1a: Toxapex|72\/100|[from] Grassy Terrain\n|-damage|p2a: Rillaboom|94\/100 tox|[from] psn\n|upkeep\n|turn|2\n|\n|t:|1663582738\n|switch|p2a: Ferrothorn|Ferrothorn, F|100\/100\n|move|p1a: Toxapex|Baneful Bunker||[still]\n|-fail|p1a: Toxapex\n|\n|-heal|p1a: Toxapex|78\/100|[from] Grassy Terrain\n|upkeep\n|turn|3\n|\n|t:|1663582746\n|switch|p1a: Slowking|Slowking-Galar, M|100\/100\n|move|p2a: Ferrothorn|Stealth Rock|p1a: Slowking\n|-sidestart|p1: thatonerandom902|move: Stealth Rock\n|\n|upkeep\n|turn|4\n|\n|t:|1663582752\n|switch|p2a: Appletun|Appletun, M|100\/100\n|move|p1a: Slowking|Future Sight|p2a: Appletun\n|-start|p1a: Slowking|move: Future Sight\n|\n|upkeep\n|turn|5\n|\n|t:|1663582756\n|move|p2a: Appletun|Leech Seed|p1a: Slowking\n|-start|p1a: Slowking|move: Leech Seed\n|move|p1a: Slowking|Flamethrower|p2a: Appletun\n|-damage|p2a: Appletun|87\/100\n|-damage|p1a: Slowking|91\/100|[from] item: Life Orb\n|\n|-heal|p2a: Appletun|93\/100|[from] Grassy Terrain\n|-heal|p2a: Appletun|99\/100|[from] item: Leftovers\n|-heal|p1a: Slowking|97\/100|[from] Grassy Terrain\n|-damage|p1a: Slowking|84\/100|[from] Leech Seed|[of] p2a: Appletun\n|-heal|p2a: Appletun|100\/100|[silent]\n|-fieldend|move: Grassy Terrain\n|upkeep\n|turn|6\n|\n|t:|1663582764\n|switch|p1a: Toxapex|Toxapex, M|100\/100\n|-damage|p1a: Toxapex|88\/100|[from] Stealth Rock\n|move|p2a: Appletun|Leech Seed|p1a: Toxapex\n|-start|p1a: Toxapex|move: Leech Seed\n|\n|-end|p2a: Appletun|move: Future Sight\n|-damage|p2a: Appletun|57\/100\n|-heal|p2a: Appletun|63\/100|[from] item: Leftovers\n|-damage|p1a: Toxapex|75\/100|[from] Leech Seed|[of] p2a: Appletun\n|-heal|p2a: Appletun|72\/100|[silent]\n|upkeep\n|turn|7\n|\n|t:|1663582780\n|switch|p2a: Ferrothorn|Ferrothorn, F|100\/100\n|move|p1a: Toxapex|Sludge Bomb|p2a: Ferrothorn\n|-immune|p2a: Ferrothorn\n|\n|-damage|p1a: Toxapex|63\/100|[from] Leech Seed|[of] p2a: Ferrothorn\n|upkeep\n|turn|8\n|\n|t:|1663582789\n|switch|p1a: Nidoking|Nidoking, M|100\/100\n|-damage|p1a: Nidoking|95\/100|[from] Stealth Rock\n|move|p2a: Ferrothorn|Knock Off|p1a: Nidoking\n|-damage|p1a: Nidoking|64\/100\n|-enditem|p1a: Nidoking|Assault Vest|[from] move: Knock Off|[of] p2a: Ferrothorn\n|\n|upkeep\n|turn|9\n|\n|t:|1663582802\n|switch|p2a: Whimsicott|Whimsicott, M|100\/100\n|move|p1a: Nidoking|Earth Power|p2a: Whimsicott\n|-resisted|p2a: Whimsicott\n|-damage|p2a: Whimsicott|63\/100\n|\n|-heal|p2a: Whimsicott|69\/100|[from] item: Leftovers\n|upkeep\n|turn|10\n|\n|t:|1663582812\n|move|p2a: Whimsicott|Encore|p1a: Nidoking\n|-start|p1a: Nidoking|Encore\n|move|p1a: Nidoking|Earth Power|p2a: Whimsicott\n|-resisted|p2a: Whimsicott\n|-damage|p2a: Whimsicott|28\/100\n|\n|-heal|p2a: Whimsicott|34\/100|[from] item: Leftovers\n|upkeep\n|turn|11\n|\n|t:|1663582826\n|switch|p1a: Amoonguss|Amoonguss, F|100\/100\n|-damage|p1a: Amoonguss|88\/100|[from] Stealth Rock\n|move|p2a: Whimsicott|Leech Seed|p1a: Amoonguss\n|-immune|p1a: Amoonguss\n|\n|-heal|p2a: Whimsicott|41\/100|[from] item: Leftovers\n|upkeep\n|turn|12\n|\n|t:|1663582833\n|switch|p2a: Ferrothorn|Ferrothorn, F|100\/100\n|move|p1a: Amoonguss|Sludge Bomb|p2a: Ferrothorn\n|-immune|p2a: Ferrothorn\n|\n|upkeep\n|turn|13\n|\n|t:|1663582852\n|switch|p1a: Weezing|Weezing-Galar, M|100\/100\n|-ability|p1a: Weezing|Neutralizing Gas\n|move|p2a: Ferrothorn|Iron Defense|p2a: Ferrothorn\n|-boost|p2a: Ferrothorn|def|2\n|\n|upkeep\n|turn|14\n|\n|t:|1663582866\n|move|p1a: Weezing|Fire Blast|p2a: Ferrothorn\n|-supereffective|p2a: Ferrothorn\n|-damage|p2a: Ferrothorn|0 fnt\n|faint|p2a: Ferrothorn\n|\n|upkeep\n|\n|t:|1663582873\n|switch|p2a: Appletun|Appletun, M|72\/100\n|turn|15\n|\n|t:|1663582878\n|move|p1a: Weezing|Strange Steam|p2a: Appletun\n|-supereffective|p2a: Appletun\n|-damage|p2a: Appletun|18\/100\n|move|p2a: Appletun|Leech Seed|p1a: Weezing\n|-start|p1a: Weezing|move: Leech Seed\n|\n|-heal|p2a: Appletun|24\/100|[from] item: Leftovers\n|-damage|p1a: Weezing|88\/100|[from] Leech Seed|[of] p2a: Appletun\n|-heal|p2a: Appletun|34\/100|[silent]\n|upkeep\n|turn|16\n|\n|t:|1663582900\n|move|p1a: Weezing|Strange Steam|p2a: Appletun|[miss]\n|-miss|p1a: Weezing|p2a: Appletun\n|move|p2a: Appletun|Recover|p2a: Appletun\n|-heal|p2a: Appletun|84\/100\n|\n|-heal|p2a: Appletun|90\/100|[from] item: Leftovers\n|-damage|p1a: Weezing|76\/100|[from] Leech Seed|[of] p2a: Appletun\n|-heal|p2a: Appletun|99\/100|[silent]\n|upkeep\n|turn|17\n|\n|t:|1663582913\n|move|p1a: Weezing|Sludge Wave|p2a: Appletun\n|-supereffective|p2a: Appletun\n|-damage|p2a: Appletun|47\/100\n|move|p2a: Appletun|Apple Acid|p1a: Weezing\n|-resisted|p1a: Weezing\n|-damage|p1a: Weezing|57\/100\n|-unboost|p1a: Weezing|spd|1\n|\n|-heal|p2a: Appletun|53\/100|[from] item: Leftovers\n|-damage|p1a: Weezing|45\/100|[from] Leech Seed|[of] p2a: Appletun\n|-heal|p2a: Appletun|63\/100|[silent]\n|upkeep\n|turn|18\n|\n|t:|1663582928\n|-end|p1a: Weezing|ability: Neutralizing Gas\n|switch|p1a: Amoonguss|Amoonguss, F|100\/100\n|-damage|p1a: Amoonguss|88\/100|[from] Stealth Rock\n|move|p2a: Appletun|Leech Seed|p1a: Amoonguss\n|-immune|p1a: Amoonguss\n|\n|-heal|p2a: Appletun|69\/100|[from] item: Leftovers\n|upkeep\n|turn|19\n|\n|t:|1663582952\n|move|p2a: Appletun|Draco Meteor|p1a: Amoonguss\n|-damage|p1a: Amoonguss|44\/100\n|-unboost|p2a: Appletun|spa|2\n|move|p1a: Amoonguss|Sludge Bomb|p2a: Appletun\n|-supereffective|p2a: Appletun\n|-damage|p2a: Appletun|18\/100\n|\n|-heal|p2a: Appletun|24\/100|[from] item: Leftovers\n|upkeep\n|turn|20\n|\n|t:|1663582968\n|move|p1a: Amoonguss|Synthesis|p1a: Amoonguss\n|-heal|p1a: Amoonguss|94\/100\n|move|p2a: Appletun|Leech Seed|p1a: Amoonguss\n|-immune|p1a: Amoonguss\n|\n|-heal|p2a: Appletun|30\/100|[from] item: Leftovers\n|upkeep\n|turn|21\n|\n|t:|1663582979\n|move|p1a: Amoonguss|Sludge Bomb|p2a: Appletun\n|-supereffective|p2a: Appletun\n|-damage|p2a: Appletun|0 fnt\n|faint|p2a: Appletun\n|\n|upkeep\n|\n|t:|1663582983\n|switch|p2a: Venusaur|Venusaur, M|100\/100\n|turn|22\n|\n|t:|1663582988\n|switch|p1a: Weezing|Weezing-Galar, M|45\/100\n|-ability|p1a: Weezing|Neutralizing Gas\n|move|p2a: Venusaur|Sunny Day|p2a: Venusaur\n|-weather|SunnyDay\n|\n|-weather|SunnyDay|[upkeep]\n|upkeep\n|turn|23\n|\n|t:|1663582997\n|move|p2a: Venusaur|Weather Ball|p1a: Weezing\n|-damage|p1a: Weezing|0 fnt\n|faint|p1a: Weezing\n|-end|p1a: Weezing|ability: Neutralizing Gas\n|\n|-weather|SunnyDay|[upkeep]\n|upkeep\n|\n|t:|1663583005\n|switch|p1a: Slowking|Slowking-Galar, M|100\/100\n|-damage|p1a: Slowking|88\/100|[from] Stealth Rock\n|turn|24\n|\n|t:|1663583011\n|move|p2a: Venusaur|Earth Power|p1a: Slowking\n|-supereffective|p1a: Slowking\n|-damage|p1a: Slowking|41\/100\n|move|p1a: Slowking|Future Sight|p2a: Venusaur\n|-start|p1a: Slowking|move: Future Sight\n|\n|-weather|SunnyDay|[upkeep]\n|upkeep\n|turn|25\n|\n|t:|1663583025\n|switch|p1a: Toxapex|Toxapex, M|96\/100\n|-damage|p1a: Toxapex|84\/100|[from] Stealth Rock\n|move|p2a: Venusaur|Earth Power|p1a: Toxapex\n|-supereffective|p1a: Toxapex\n|-damage|p1a: Toxapex|34\/100\n|\n|-weather|SunnyDay|[upkeep]\n|upkeep\n|turn|26\n|\n|t:|1663583047\n|switch|p2a: Whimsicott|Whimsicott, M|41\/100\n|move|p1a: Toxapex|Baneful Bunker||[still]\n|-fail|p1a: Toxapex\n|\n|-weather|none\n|-end|p2a: Whimsicott|move: Future Sight\n|-damage|p2a: Whimsicott|0 fnt\n|faint|p2a: Whimsicott\n|upkeep\n|\n|t:|1663583051\n|switch|p2a: Venusaur|Venusaur, M|100\/100\n|turn|27\n|\n|t:|1663583058\n|switch|p1a: Slowking|Slowking-Galar, M|74\/100\n|-damage|p1a: Slowking|62\/100|[from] Stealth Rock\n|move|p2a: Venusaur|Earth Power|p1a: Slowking\n|-supereffective|p1a: Slowking\n|-damage|p1a: Slowking|14\/100\n|\n|upkeep\n|turn|28\n|\n|t:|1663583067\n|move|p2a: Venusaur|Sunny Day|p2a: Venusaur\n|-weather|SunnyDay\n|move|p1a: Slowking|Future Sight|p2a: Venusaur\n|-start|p1a: Slowking|move: Future Sight\n|\n|-weather|SunnyDay|[upkeep]\n|upkeep\n|turn|29\n|\n|t:|1663583074\n|switch|p1a: Nidoking|Nidoking, M|64\/100\n|-damage|p1a: Nidoking|58\/100|[from] Stealth Rock\n|move|p2a: Venusaur|Earth Power|p1a: Nidoking\n|-supereffective|p1a: Nidoking\n|-damage|p1a: Nidoking|0 fnt\n|faint|p1a: Nidoking\n|\n|-weather|SunnyDay|[upkeep]\n|upkeep\n|\n|t:|1663583086\n|switch|p1a: Amoonguss|Amoonguss, F|100\/100\n|-damage|p1a: Amoonguss|88\/100|[from] Stealth Rock\n|turn|30\n|\n|t:|1663583093\n|move|p2a: Venusaur|Weather Ball|p1a: Amoonguss\n|-supereffective|p1a: Amoonguss\n|-damage|p1a: Amoonguss|2\/100\n|move|p1a: Amoonguss|Synthesis|p1a: Amoonguss\n|-heal|p1a: Amoonguss|69\/100\n|\n|-weather|SunnyDay|[upkeep]\n|-end|p2a: Venusaur|move: Future Sight\n|-supereffective|p2a: Venusaur\n|-enditem|p2a: Venusaur|Focus Sash\n|-damage|p2a: Venusaur|1\/100\n|upkeep\n|turn|31\n|\n|t:|1663583108\n|move|p2a: Venusaur|Weather Ball|p1a: Amoonguss\n|-supereffective|p1a: Amoonguss\n|-damage|p1a: Amoonguss|0 fnt\n|faint|p1a: Amoonguss\n|\n|-weather|SunnyDay|[upkeep]\n|upkeep\n|\n|t:|1663583113\n|switch|p1a: Toxapex|Toxapex, M|68\/100\n|-damage|p1a: Toxapex|55\/100|[from] Stealth Rock\n|turn|32\n|\n|t:|1663583133\n|switch|p2a: Rillaboom|Rillaboom, M|94\/100 tox\n|-fieldstart|move: Grassy Terrain|[from] ability: Grassy Surge|[of] p2a: Rillaboom\n|move|p1a: Toxapex|Baneful Bunker||[still]\n|-fail|p1a: Toxapex\n|\n|-weather|none\n|-heal|p2a: Rillaboom|100\/100 tox|[from] Grassy Terrain\n|-heal|p1a: Toxapex|61\/100|[from] Grassy Terrain\n|-damage|p2a: Rillaboom|94\/100 tox|[from] psn\n|upkeep\n|turn|33\n|\n|t:|1663583147\n|switch|p1a: Slowking|Slowking-Galar, M|48\/100\n|-damage|p1a: Slowking|35\/100|[from] Stealth Rock\n|move|p2a: Rillaboom|High Horsepower|p1a: Slowking\n|-supereffective|p1a: Slowking\n|-damage|p1a: Slowking|0 fnt\n|faint|p1a: Slowking\n|\n|-heal|p2a: Rillaboom|100\/100 tox|[from] Grassy Terrain\n|-damage|p2a: Rillaboom|88\/100 tox|[from] psn\n|upkeep\n|\n|t:|1663583154\n|switch|p1a: Toxapex|Toxapex, M|95\/100\n|-damage|p1a: Toxapex|82\/100|[from] Stealth Rock\n|turn|34\n|\n|t:|1663583169\n|move|p1a: Toxapex|Baneful Bunker|p1a: Toxapex\n|-singleturn|p1a: Toxapex|move: Protect\n|move|p2a: Rillaboom|High Horsepower|p1a: Toxapex\n|-activate|p1a: Toxapex|move: Protect\n|\n|-heal|p2a: Rillaboom|94\/100 tox|[from] Grassy Terrain\n|-heal|p1a: Toxapex|88\/100|[from] Grassy Terrain\n|-damage|p2a: Rillaboom|76\/100 tox|[from] psn\n|upkeep\n|turn|35\n|\n|t:|1663583177\n|move|p2a: Rillaboom|High Horsepower|p1a: Toxapex\n|-supereffective|p1a: Toxapex\n|-damage|p1a: Toxapex|24\/100\n|move|p1a: Toxapex|Sludge Bomb|p2a: Rillaboom\n|-supereffective|p2a: Rillaboom\n|-damage|p2a: Rillaboom|25\/100 tox\n|\n|-heal|p2a: Rillaboom|31\/100 tox|[from] Grassy Terrain\n|-heal|p1a: Toxapex|30\/100|[from] Grassy Terrain\n|-damage|p2a: Rillaboom|6\/100 tox|[from] psn\n|upkeep\n|turn|36\n|\n|t:|1663583187\n|switch|p2a: Venusaur|Venusaur, M|1\/100\n|move|p1a: Toxapex|Baneful Bunker||[still]\n|-fail|p1a: Toxapex\n|\n|-heal|p2a: Venusaur|7\/100|[from] Grassy Terrain\n|-heal|p1a: Toxapex|36\/100|[from] Grassy Terrain\n|-fieldend|move: Grassy Terrain\n|upkeep\n|turn|37\n|\n|t:|1663583195\n|move|p2a: Venusaur|Earth Power|p1a: Toxapex\n|-supereffective|p1a: Toxapex\n|-damage|p1a: Toxapex|0 fnt\n|faint|p1a: Toxapex\n|\n|upkeep\n|\n|t:|1663583198\n|switch|p1a: Nihilego|Nihilego|100\/100\n|-damage|p1a: Nihilego|88\/100|[from] Stealth Rock\n|turn|38\n|\n|t:|1663583205\n|move|p1a: Nihilego|Meteor Beam||[still]\n|-prepare|p1a: Nihilego|Meteor Beam\n|-boost|p1a: Nihilego|spa|1\n|-enditem|p1a: Nihilego|Power Herb\n|-anim|p1a: Nihilego|Meteor Beam|p2a: Venusaur\n|-damage|p2a: Venusaur|0 fnt\n|faint|p2a: Venusaur\n|-ability|p1a: Nihilego|Beast Boost|boost\n|-boost|p1a: Nihilego|spa|1\n|\n|upkeep\n|\n|t:|1663583208\n|switch|p2a: Rillaboom|Rillaboom, M|6\/100 tox\n|-fieldstart|move: Grassy Terrain|[from] ability: Grassy Surge|[of] p2a: Rillaboom\n|turn|39\n|\n|t:|1663583218\n|move|p2a: Rillaboom|Grassy Glide|p1a: Nihilego\n|-damage|p1a: Nihilego|0 fnt\n|faint|p1a: Nihilego\n|\n|win|Dindon Ductile\n|raw|thatonerandom902's rating: 1045 &rarr; <strong>1036<\/strong><br \/>(-9 for losing)\n|raw|Dindon Ductile's rating: 1218 &rarr; <strong>1231<\/strong><br \/>(+13 for winning)\n|l|\u2606thatonerandom902\n","uploadtime":1663583231,"views":8,"p1id":"thatonerandom902","p2id":"dindonductile","formatid":"gen8monotype","rating":1036,"private":0,"password":null}