{"id":"gen8balancedhackmons-1620098789","p1":"omaznits","p2":"Redflix","format":"gen8balancedhackmons","log":"|j|\u2606omaznits\n|j|\u2606Redflix\n|t:|1658173613\n|gametype|singles\n|player|p1|omaznits|xerosic|1563\n|player|p2|Redflix|erika|1635\n|teamsize|p1|6\n|teamsize|p2|6\n|gen|8\n|tier|[Gen 8] Balanced Hackmons\n|rated|\n|rule|OHKO Clause: OHKO moves are banned\n|rule|Evasion Moves Clause: Evasion moves are banned\n|rule|Forme Clause: Limit one of each forme of a Pok\u00e9mon\n|rule|HP Percentage Mod: HP is shown in percentages\n|rule|Dynamax Clause: You cannot dynamax\n|rule|Sleep Clause: Sleep-inducing moves are banned\n|rule|Endless Battle Clause: Forcing endless battles is banned\n|clearpoke\n|poke|p1|Calyrex-Ice|\n|poke|p1|Zygarde-Complete|\n|poke|p1|Giratina|\n|poke|p1|Zamazenta-Crowned|\n|poke|p1|Kyogre|\n|poke|p1|Marowak-Alola, M|\n|poke|p2|Chansey, F|\n|poke|p2|Ho-Oh|\n|poke|p2|Xerneas-*|\n|poke|p2|Kyogre|\n|poke|p2|Zacian-*|\n|poke|p2|Giratina, L99|\n|teampreview\n|\n|t:|1658173622\n|start\n|switch|p1a: Zygarde|Zygarde-Complete|100\/100\n|switch|p2a: Kyogre|Kyogre|100\/100\n|turn|1\n|\n|t:|1658173625\n|move|p1a: Zygarde|Wish|p1a: Zygarde\n|move|p2a: Kyogre|Flip Turn|p1a: Zygarde\n|-damage|p1a: Zygarde|91\/100\n|\n|t:|1658173630\n|switch|p2a: Chansey|Chansey, F|100\/100|[from]move: Flip Turn\n|-transform|p2a: Chansey|p1a: Zygarde|[from] ability: Imposter\n|\n|-heal|p1a: Zygarde|98\/100|[from] item: Leftovers\n|upkeep\n|turn|2\n|j| Geneku2\n|\n|t:|1658173649\n|switch|p2a: Giratina|Giratina, L99|100\/100\n|move|p1a: Zygarde|Thousand Waves|p2a: Giratina\n|-damage|p2a: Giratina|92\/100\n|\n|-heal|p1a: Zygarde|100\/100|[from] move: Wish|[wisher] Zygarde\n|-heal|p2a: Giratina|99\/100|[from] item: Leftovers\n|upkeep\n|turn|3\n|\n|t:|1658173661\n|move|p1a: Zygarde|Wish|p1a: Zygarde\n|move|p2a: Giratina|Spikes|p1a: Zygarde\n|-sidestart|p1: omaznits|Spikes\n|\n|-heal|p2a: Giratina|100\/100|[from] item: Leftovers\n|upkeep\n|turn|4\n|\n|t:|1658173666\n|switch|p1a: Kyogre|Kyogre|100\/100\n|-damage|p1a: Kyogre|88\/100|[from] Spikes\n|switch|p2a: Xerneas|Xerneas|100\/100\n|\n|-heal|p1a: Kyogre|100\/100|[from] move: Wish|[wisher] Zygarde\n|-status|p2a: Xerneas|tox|[from] item: Toxic Orb\n|upkeep\n|turn|5\n|\n|t:|1658173670\n|move|p2a: Xerneas|Thunder Cage|p1a: Kyogre\n|-supereffective|p1a: Kyogre\n|-damage|p1a: Kyogre|69\/100\n|-activate|p1a: Kyogre|move: Thunder Cage|[of] p2a: Xerneas\n|move|p1a: Kyogre|U-turn|p2a: Xerneas\n|-resisted|p2a: Xerneas\n|-damage|p2a: Xerneas|95\/100 tox\n|\n|t:|1658173673\n|switch|p1a: Zamazenta|Zamazenta-Crowned|100\/100|[from]move: U-turn\n|-damage|p1a: Zamazenta|88\/100|[from] Spikes\n|\n|-heal|p1a: Zamazenta|94\/100|[from] item: Leftovers\n|-heal|p2a: Xerneas|100\/100 tox|[from] ability: Poison Heal\n|upkeep\n|turn|6\n|\n|t:|1658173680\n|switch|p2a: Giratina|Giratina, L99|100\/100\n|move|p1a: Zamazenta|Imprison|p1a: Zamazenta\n|-start|p1a: Zamazenta|move: Imprison\n|\n|-heal|p1a: Zamazenta|100\/100|[from] item: Leftovers\n|upkeep\n|turn|7\n|\n|t:|1658173683\n|move|p1a: Zamazenta|Transform|p2a: Giratina\n|-transform|p1a: Zamazenta|p2a: Giratina\n|cant|p2a: Giratina|move: Imprison|Core Enforcer\n|\n|upkeep\n|turn|8\n|\n|t:|1658173688\n|switch|p2a: Kyogre|Kyogre|100\/100\n|switch|p1a: Calyrex|Calyrex-Ice|100\/100\n|-damage|p1a: Calyrex|88\/100|[from] Spikes\n|\n|upkeep\n|turn|9\n|\n|t:|1658173698\n|switch|p2a: Chansey|Chansey, F|100\/100\n|-transform|p2a: Chansey|p1a: Calyrex|[from] ability: Imposter\n|move|p1a: Calyrex|Fake Out|p2a: Chansey\n|-resisted|p2a: Chansey\n|-damage|p2a: Chansey|97\/100\n|\n|upkeep\n|turn|10\n|\n|t:|1658173701\n|move|p1a: Calyrex|Obstruct|p1a: Calyrex\n|-singleturn|p1a: Calyrex|Protect\n|move|p2a: Chansey|Obstruct||[still]\n|-fail|p2a: Chansey\n|\n|upkeep\n|turn|11\n|\n|t:|1658173716\n|switch|p1a: Kyogre|Kyogre|69\/100\n|-damage|p1a: Kyogre|56\/100|[from] Spikes\n|move|p2a: Chansey|Obstruct||[still]\n|-fail|p2a: Chansey\n|\n|-heal|p1a: Kyogre|63\/100|[from] item: Leftovers\n|upkeep\n|turn|12\n|\n|t:|1658173720\n|switch|p2a: Kyogre|Kyogre|100\/100\n|move|p1a: Kyogre|Roost|p1a: Kyogre\n|-heal|p1a: Kyogre|100\/100\n|-singleturn|p1a: Kyogre|move: Roost\n|\n|upkeep\n|turn|13\n|\n|t:|1658173724\n|switch|p1a: Zygarde|Zygarde-Complete|100\/100\n|-damage|p1a: Zygarde|88\/100|[from] Spikes\n|move|p2a: Kyogre|Flip Turn|p1a: Zygarde\n|-damage|p1a: Zygarde|79\/100\n|\n|t:|1658173729\n|switch|p2a: Zacian|Zacian|100\/100|[from]move: Flip Turn\n|\n|-heal|p1a: Zygarde|85\/100|[from] item: Leftovers\n|upkeep\n|turn|14\n|\n|t:|1658173734\n|switch|p1a: Zamazenta|Zamazenta-Crowned|100\/100\n|-damage|p1a: Zamazenta|88\/100|[from] Spikes\n|move|p2a: Zacian|Swords Dance|p2a: Zacian\n|-boost|p2a: Zacian|atk|2\n|\n|-heal|p1a: Zamazenta|94\/100|[from] item: Leftovers\n|upkeep\n|turn|15\n|\n|t:|1658173738\n|move|p1a: Zamazenta|Imprison|p1a: Zamazenta\n|-start|p1a: Zamazenta|move: Imprison\n|move|p2a: Zacian|V-create|p1a: Zamazenta\n|-supereffective|p1a: Zamazenta\n|-damage|p1a: Zamazenta|0 fnt\n|-unboost|p2a: Zacian|spe|1\n|-unboost|p2a: Zacian|def|1\n|-unboost|p2a: Zacian|spd|1\n|faint|p1a: Zamazenta\n|\n|upkeep\n|\n|t:|1658173741\n|switch|p1a: Marowak|Marowak-Alola, M|100\/100\n|-damage|p1a: Marowak|88\/100|[from] Spikes\n|turn|16\n|\n|t:|1658173746\n|switch|p2a: Giratina|Giratina, L99|100\/100\n|move|p1a: Marowak|Copycat|p1a: Marowak\n|move|p1a: Marowak|V-create|p2a: Giratina|[from]move: Copycat\n|-resisted|p2a: Giratina\n|-damage|p2a: Giratina|84\/100\n|-unboost|p1a: Marowak|spe|1\n|-unboost|p1a: Marowak|def|1\n|-unboost|p1a: Marowak|spd|1\n|\n|-heal|p2a: Giratina|90\/100|[from] item: Leftovers\n|upkeep\n|turn|17\n|c| Geneku2|yikes\n|\n|t:|1658173751\n|switch|p1a: Kyogre|Kyogre|100\/100\n|-damage|p1a: Kyogre|88\/100|[from] Spikes\n|move|p2a: Giratina|Core Enforcer|p1a: Kyogre\n|-damage|p1a: Kyogre|64\/100\n|\n|-heal|p1a: Kyogre|71\/100|[from] item: Leftovers\n|-heal|p2a: Giratina|96\/100|[from] item: Leftovers\n|upkeep\n|turn|18\n|\n|t:|1658173762\n|switch|p2a: Kyogre|Kyogre|100\/100\n|move|p1a: Kyogre|Nuzzle|p2a: Kyogre\n|-supereffective|p2a: Kyogre\n|-damage|p2a: Kyogre|93\/100\n|-status|p2a: Kyogre|par\n|\n|-heal|p1a: Kyogre|77\/100|[from] item: Leftovers\n|upkeep\n|turn|19\n|\n|t:|1658173766\n|move|p1a: Kyogre|Stealth Rock|p2a: Kyogre\n|-sidestart|p2: Redflix|move: Stealth Rock\n|move|p2a: Kyogre|Flip Turn|p1a: Kyogre\n|-resisted|p1a: Kyogre\n|-damage|p1a: Kyogre|69\/100\n|\n|t:|1658173777\n|switch|p2a: Xerneas|Xerneas|100\/100 tox|[from]move: Flip Turn\n|-damage|p2a: Xerneas|88\/100 tox|[from] Stealth Rock\n|\n|-heal|p1a: Kyogre|75\/100|[from] item: Leftovers\n|-heal|p2a: Xerneas|100\/100 tox|[from] ability: Poison Heal\n|upkeep\n|turn|20\n|j| Z the Legendary\n|\n|t:|1658173786\n|move|p2a: Xerneas|Moonblast|p1a: Kyogre\n|-damage|p1a: Kyogre|45\/100\n|-unboost|p1a: Kyogre|spa|1\n|move|p1a: Kyogre|Roost|p1a: Kyogre\n|-heal|p1a: Kyogre|95\/100\n|-singleturn|p1a: Kyogre|move: Roost\n|\n|-heal|p1a: Kyogre|100\/100|[from] item: Leftovers\n|upkeep\n|turn|21\n|\n|t:|1658173791\n|move|p2a: Xerneas|Thunder Cage|p1a: Kyogre\n|-supereffective|p1a: Kyogre\n|-damage|p1a: Kyogre|69\/100\n|-activate|p1a: Kyogre|move: Thunder Cage|[of] p2a: Xerneas\n|move|p1a: Kyogre|U-turn|p2a: Xerneas\n|-resisted|p2a: Xerneas\n|-damage|p2a: Xerneas|95\/100 tox\n|\n|t:|1658173796\n|switch|p1a: Marowak|Marowak-Alola, M|88\/100|[from]move: U-turn\n|-damage|p1a: Marowak|76\/100|[from] Spikes\n|\n|-heal|p2a: Xerneas|100\/100 tox|[from] ability: Poison Heal\n|upkeep\n|turn|22\n|\n|t:|1658173803\n|switch|p2a: Giratina|Giratina, L99|96\/100\n|-damage|p2a: Giratina|84\/100|[from] Stealth Rock\n|move|p1a: Marowak|Shadow Force||[still]\n|-prepare|p1a: Marowak|Shadow Force\n|\n|-heal|p2a: Giratina|90\/100|[from] item: Leftovers\n|upkeep\n|turn|23\n|\n|t:|1658173809\n|move|p2a: Giratina|Spikes|p1a: Marowak\n|-sidestart|p1: omaznits|Spikes\n|move|p1a: Marowak|Shadow Force|p2a: Giratina|[from]lockedmove\n|-supereffective|p2a: Giratina\n|-damage|p2a: Giratina|49\/100\n|\n|-heal|p2a: Giratina|56\/100|[from] item: Leftovers\n|upkeep\n|turn|24\n|\n|t:|1658173815\n|move|p1a: Marowak|Copycat|p1a: Marowak\n|move|p1a: Marowak|Shadow Force||[from]move: Copycat|[still]\n|-prepare|p1a: Marowak|Shadow Force\n|move|p2a: Giratina|Shore Up|p2a: Giratina\n|-heal|p2a: Giratina|100\/100\n|\n|upkeep\n|turn|25\n|\n|t:|1658173820\n|move|p2a: Giratina|Core Enforcer|p1a: Marowak|[miss]\n|-miss|p2a: Giratina|p1a: Marowak\n|move|p1a: Marowak|Shadow Force|p2a: Giratina|[from]lockedmove\n|-supereffective|p2a: Giratina\n|-damage|p2a: Giratina|56\/100\n|\n|-heal|p2a: Giratina|62\/100|[from] item: Leftovers\n|upkeep\n|turn|26\n|\n|t:|1658173824\n|switch|p2a: Chansey|Chansey, F|97\/100\n|-damage|p2a: Chansey|84\/100|[from] Stealth Rock\n|-transform|p2a: Chansey|p1a: Marowak|[from] ability: Imposter\n|move|p1a: Marowak|Copycat|p1a: Marowak\n|move|p1a: Marowak|Shadow Force||[from]move: Copycat|[still]\n|-prepare|p1a: Marowak|Shadow Force\n|\n|upkeep\n|turn|27\n|\n|t:|1658173829\n|move|p2a: Chansey|Copycat|p2a: Chansey\n|move|p2a: Chansey|Shadow Force||[from]move: Copycat|[still]\n|-prepare|p2a: Chansey|Shadow Force\n|move|p1a: Marowak|Shadow Force|p2a: Chansey|[from]lockedmove|[miss]\n|-miss|p1a: Marowak|p2a: Chansey\n|\n|upkeep\n|turn|28\n|\n|t:|1658173839\n|move|p1a: Marowak|Copycat|p1a: Marowak\n|move|p1a: Marowak|Shadow Force||[from]move: Copycat|[still]\n|-prepare|p1a: Marowak|Shadow Force\n|move|p2a: Chansey|Shadow Force|p1a: Marowak|[from]lockedmove|[miss]\n|-miss|p2a: Chansey|p1a: Marowak\n|\n|upkeep\n|turn|29\n|\n|t:|1658173843\n|move|p2a: Chansey|Copycat|p2a: Chansey\n|move|p2a: Chansey|Shadow Force||[from]move: Copycat|[still]\n|-prepare|p2a: Chansey|Shadow Force\n|move|p1a: Marowak|Shadow Force|p2a: Chansey|[from]lockedmove|[miss]\n|-miss|p1a: Marowak|p2a: Chansey\n|\n|upkeep\n|turn|30\n|\n|t:|1658173849\n|move|p1a: Marowak|Copycat|p1a: Marowak\n|move|p1a: Marowak|Shadow Force||[from]move: Copycat|[still]\n|-prepare|p1a: Marowak|Shadow Force\n|move|p2a: Chansey|Shadow Force|p1a: Marowak|[from]lockedmove|[miss]\n|-miss|p2a: Chansey|p1a: Marowak\n|\n|upkeep\n|turn|31\n|\n|t:|1658173853\n|move|p2a: Chansey|Copycat|p2a: Chansey\n|move|p2a: Chansey|Shadow Force||[from]move: Copycat|[still]\n|-prepare|p2a: Chansey|Shadow Force\n|move|p1a: Marowak|Shadow Force|p2a: Chansey|[from]lockedmove|[miss]\n|-miss|p1a: Marowak|p2a: Chansey\n|\n|upkeep\n|turn|32\n|c| Geneku2|lmao what is this\n|\n|t:|1658173868\n|move|p1a: Marowak|Copycat|p1a: Marowak\n|move|p1a: Marowak|Shadow Force||[from]move: Copycat|[still]\n|-prepare|p1a: Marowak|Shadow Force\n|move|p2a: Chansey|Shadow Force|p1a: Marowak|[from]lockedmove|[miss]\n|-miss|p2a: Chansey|p1a: Marowak\n|\n|upkeep\n|turn|33\n|c|\u2606omaznits|Idk\n|c|\u2606omaznits|Mashimo made it up\n|c|\u2606omaznits|I think\n|c|\u2606omaznits|him or fuckluckerz\n|\n|t:|1658173890\n|move|p2a: Chansey|Copycat|p2a: Chansey\n|move|p2a: Chansey|Shadow Force||[from]move: Copycat|[still]\n|-prepare|p2a: Chansey|Shadow Force\n|move|p1a: Marowak|Shadow Force|p2a: Chansey|[from]lockedmove|[miss]\n|-miss|p1a: Marowak|p2a: Chansey\n|\n|upkeep\n|turn|34\n|c|\u2606omaznits|those guys used to be first on the leaderboards, but disappeared.\n|\n|t:|1658173894\n|move|p1a: Marowak|Copycat|p1a: Marowak\n|move|p1a: Marowak|Shadow Force||[from]move: Copycat|[still]\n|-prepare|p1a: Marowak|Shadow Force\n|move|p2a: Chansey|Shadow Force|p1a: Marowak|[from]lockedmove|[miss]\n|-miss|p2a: Chansey|p1a: Marowak\n|\n|upkeep\n|turn|35\n|c| Geneku2|i mean nothing is hitting lol\n|c|\u2606Redflix|what a dumb strat to use\n|\n|t:|1658173914\n|move|p2a: Chansey|Copycat|p2a: Chansey\n|move|p2a: Chansey|Shadow Force||[from]move: Copycat|[still]\n|-prepare|p2a: Chansey|Shadow Force\n|move|p1a: Marowak|Shadow Force|p2a: Chansey|[from]lockedmove|[miss]\n|-miss|p1a: Marowak|p2a: Chansey\n|\n|upkeep\n|turn|36\n|\n|t:|1658173918\n|move|p1a: Marowak|Copycat|p1a: Marowak\n|move|p1a: Marowak|Shadow Force||[from]move: Copycat|[still]\n|-prepare|p1a: Marowak|Shadow Force\n|move|p2a: Chansey|Shadow Force|p1a: Marowak|[from]lockedmove|[miss]\n|-miss|p2a: Chansey|p1a: Marowak\n|\n|upkeep\n|turn|37\n|\n|t:|1658173925\n|move|p2a: Chansey|Shadow Force||[still]\n|-prepare|p2a: Chansey|Shadow Force\n|move|p1a: Marowak|Shadow Force|p2a: Chansey|[from]lockedmove|[miss]\n|-miss|p1a: Marowak|p2a: Chansey\n|\n|upkeep\n|turn|38\n|\n|t:|1658173930\n|move|p1a: Marowak|Copycat|p1a: Marowak\n|move|p1a: Marowak|Shadow Force||[from]move: Copycat|[still]\n|-prepare|p1a: Marowak|Shadow Force\n|move|p2a: Chansey|Shadow Force|p1a: Marowak|[from]lockedmove|[miss]\n|-miss|p2a: Chansey|p1a: Marowak\n|\n|upkeep\n|turn|39\n|\n|t:|1658173934\n|switch|p2a: Giratina|Giratina, L99|62\/100\n|-damage|p2a: Giratina|49\/100|[from] Stealth Rock\n|move|p1a: Marowak|Shadow Force|p2a: Giratina|[from]lockedmove\n|-supereffective|p2a: Giratina\n|-damage|p2a: Giratina|6\/100\n|\n|-heal|p2a: Giratina|12\/100|[from] item: Leftovers\n|upkeep\n|turn|40\n|\n|t:|1658173942\n|move|p1a: Marowak|Copycat|p1a: Marowak\n|move|p1a: Marowak|Shadow Force||[from]move: Copycat|[still]\n|-prepare|p1a: Marowak|Shadow Force\n|move|p2a: Giratina|Shore Up|p2a: Giratina\n|-heal|p2a: Giratina|62\/100\n|\n|-heal|p2a: Giratina|68\/100|[from] item: Leftovers\n|upkeep\n|turn|41\n|\n|t:|1658173950\n|move|p2a: Giratina|Spikes|p1a: Marowak\n|-sidestart|p1: omaznits|Spikes\n|move|p1a: Marowak|Shadow Force|p2a: Giratina|[from]lockedmove\n|-supereffective|p2a: Giratina\n|-damage|p2a: Giratina|22\/100\n|\n|-heal|p2a: Giratina|28\/100|[from] item: Leftovers\n|upkeep\n|turn|42\n|\n|t:|1658173962\n|move|p1a: Marowak|Copycat|p1a: Marowak\n|move|p1a: Marowak|Shadow Force||[from]move: Copycat|[still]\n|-prepare|p1a: Marowak|Shadow Force\n|move|p2a: Giratina|Shore Up|p2a: Giratina\n|-heal|p2a: Giratina|78\/100\n|\n|-heal|p2a: Giratina|84\/100|[from] item: Leftovers\n|upkeep\n|turn|43\n|\n|t:|1658173991\n|move|p2a: Giratina|Core Enforcer|p1a: Marowak|[miss]\n|-miss|p2a: Giratina|p1a: Marowak\n|move|p1a: Marowak|Shadow Force|p2a: Giratina|[from]lockedmove\n|-supereffective|p2a: Giratina\n|-damage|p2a: Giratina|37\/100\n|\n|-heal|p2a: Giratina|43\/100|[from] item: Leftovers\n|upkeep\n|turn|44\n|\n|t:|1658173998\n|move|p1a: Marowak|Copycat|p1a: Marowak\n|move|p1a: Marowak|Shadow Force||[from]move: Copycat|[still]\n|-prepare|p1a: Marowak|Shadow Force\n|move|p2a: Giratina|Shore Up|p2a: Giratina\n|-heal|p2a: Giratina|93\/100\n|\n|-heal|p2a: Giratina|99\/100|[from] item: Leftovers\n|upkeep\n|turn|45\n|\n|t:|1658174005\n|move|p2a: Giratina|Spikes||[still]\n|-fail|p2a: Giratina\n|move|p1a: Marowak|Shadow Force|p2a: Giratina|[from]lockedmove\n|-supereffective|p2a: Giratina\n|-damage|p2a: Giratina|56\/100\n|\n|-heal|p2a: Giratina|62\/100|[from] item: Leftovers\n|upkeep\n|turn|46\n|\n|t:|1658174011\n|switch|p2a: Chansey|Chansey, F|84\/100\n|-damage|p2a: Chansey|72\/100|[from] Stealth Rock\n|-transform|p2a: Chansey|p1a: Marowak|[from] ability: Imposter\n|move|p1a: Marowak|Copycat|p1a: Marowak\n|move|p1a: Marowak|Shadow Force||[from]move: Copycat|[still]\n|-prepare|p1a: Marowak|Shadow Force\n|\n|upkeep\n|turn|47\n|\n|t:|1658174016\n|move|p2a: Chansey|Copycat|p2a: Chansey\n|move|p2a: Chansey|Shadow Force||[from]move: Copycat|[still]\n|-prepare|p2a: Chansey|Shadow Force\n|move|p1a: Marowak|Shadow Force|p2a: Chansey|[from]lockedmove|[miss]\n|-miss|p1a: Marowak|p2a: Chansey\n|\n|upkeep\n|turn|48\n|\n|t:|1658174035\n|move|p1a: Marowak|Copycat|p1a: Marowak\n|move|p1a: Marowak|Shadow Force||[from]move: Copycat|[still]\n|-prepare|p1a: Marowak|Shadow Force\n|move|p2a: Chansey|Shadow Force|p1a: Marowak|[from]lockedmove|[miss]\n|-miss|p2a: Chansey|p1a: Marowak\n|\n|upkeep\n|turn|49\n|\n|t:|1658174039\n|move|p2a: Chansey|Copycat|p2a: Chansey\n|move|p2a: Chansey|Shadow Force||[from]move: Copycat|[still]\n|-prepare|p2a: Chansey|Shadow Force\n|move|p1a: Marowak|Shadow Force|p2a: Chansey|[from]lockedmove|[miss]\n|-miss|p1a: Marowak|p2a: Chansey\n|\n|upkeep\n|turn|50\n|\n|t:|1658174044\n|move|p1a: Marowak|Copycat|p1a: Marowak\n|move|p1a: Marowak|Shadow Force||[from]move: Copycat|[still]\n|-prepare|p1a: Marowak|Shadow Force\n|move|p2a: Chansey|Shadow Force|p1a: Marowak|[from]lockedmove|[miss]\n|-miss|p2a: Chansey|p1a: Marowak\n|\n|upkeep\n|turn|51\n|\n|t:|1658174051\n|move|p2a: Chansey|Copycat|p2a: Chansey\n|move|p2a: Chansey|Shadow Force||[from]move: Copycat|[still]\n|-prepare|p2a: Chansey|Shadow Force\n|move|p1a: Marowak|Shadow Force|p2a: Chansey|[from]lockedmove|[miss]\n|-miss|p1a: Marowak|p2a: Chansey\n|\n|upkeep\n|turn|52\n|\n|t:|1658174054\n|move|p1a: Marowak|Copycat|p1a: Marowak\n|move|p1a: Marowak|Shadow Force||[from]move: Copycat|[still]\n|-prepare|p1a: Marowak|Shadow Force\n|move|p2a: Chansey|Shadow Force|p1a: Marowak|[from]lockedmove|[miss]\n|-miss|p2a: Chansey|p1a: Marowak\n|\n|upkeep\n|turn|53\n|\n|t:|1658174061\n|move|p2a: Chansey|Shadow Force||[still]\n|-prepare|p2a: Chansey|Shadow Force\n|move|p1a: Marowak|Shadow Force|p2a: Chansey|[from]lockedmove|[miss]\n|-miss|p1a: Marowak|p2a: Chansey\n|\n|upkeep\n|turn|54\n|\n|t:|1658174063\n|move|p1a: Marowak|Copycat|p1a: Marowak\n|move|p1a: Marowak|Shadow Force||[from]move: Copycat|[still]\n|-prepare|p1a: Marowak|Shadow Force\n|move|p2a: Chansey|Shadow Force|p1a: Marowak|[from]lockedmove|[miss]\n|-miss|p2a: Chansey|p1a: Marowak\n|\n|upkeep\n|turn|55\n|\n|t:|1658174069\n|move|p2a: Chansey|Copycat|p2a: Chansey\n|move|p2a: Chansey|Shadow Force||[from]move: Copycat|[still]\n|-prepare|p2a: Chansey|Shadow Force\n|move|p1a: Marowak|Shadow Force|p2a: Chansey|[from]lockedmove|[miss]\n|-miss|p1a: Marowak|p2a: Chansey\n|\n|upkeep\n|turn|56\n|\n|t:|1658174080\n|move|p1a: Marowak|Copycat|p1a: Marowak\n|move|p1a: Marowak|Shadow Force||[from]move: Copycat|[still]\n|-prepare|p1a: Marowak|Shadow Force\n|move|p2a: Chansey|Shadow Force|p1a: Marowak|[from]lockedmove|[miss]\n|-miss|p2a: Chansey|p1a: Marowak\n|\n|upkeep\n|turn|57\n|\n|t:|1658174086\n|move|p2a: Chansey|Copycat|p2a: Chansey\n|move|p2a: Chansey|Shadow Force||[from]move: Copycat|[still]\n|-prepare|p2a: Chansey|Shadow Force\n|move|p1a: Marowak|Shadow Force|p2a: Chansey|[from]lockedmove|[miss]\n|-miss|p1a: Marowak|p2a: Chansey\n|\n|upkeep\n|turn|58\n|\n|t:|1658174089\n|move|p1a: Marowak|Copycat|p1a: Marowak\n|move|p1a: Marowak|Shadow Force||[from]move: Copycat|[still]\n|-prepare|p1a: Marowak|Shadow Force\n|move|p2a: Chansey|Shadow Force|p1a: Marowak|[from]lockedmove|[miss]\n|-miss|p2a: Chansey|p1a: Marowak\n|\n|upkeep\n|turn|59\n|\n|t:|1658174108\n|move|p2a: Chansey|Destiny Bond|p2a: Chansey\n|-singlemove|p2a: Chansey|Destiny Bond\n|move|p1a: Marowak|Shadow Force|p2a: Chansey|[from]lockedmove\n|-supereffective|p2a: Chansey\n|-damage|p2a: Chansey|26\/100\n|\n|upkeep\n|turn|60\n|\n|t:|1658174144\n|switch|p2a: Giratina|Giratina, L99|62\/100\n|-damage|p2a: Giratina|49\/100|[from] Stealth Rock\n|move|p1a: Marowak|V-create|p2a: Giratina|[miss]\n|-miss|p1a: Marowak|p2a: Giratina\n|\n|-heal|p2a: Giratina|56\/100|[from] item: Leftovers\n|upkeep\n|turn|61\n|\n|t:|1658174156\n|move|p2a: Giratina|Shore Up|p2a: Giratina\n|-heal|p2a: Giratina|100\/100\n|move|p1a: Marowak|Shadow Force||[still]\n|-prepare|p1a: Marowak|Shadow Force\n|\n|upkeep\n|turn|62\n|\n|t:|1658174190\n|switch|p2a: Kyogre|Kyogre|100\/100 par\n|-damage|p2a: Kyogre|88\/100 par|[from] Stealth Rock\n|move|p1a: Marowak|Shadow Force|p2a: Kyogre|[from]lockedmove\n|-damage|p2a: Kyogre|18\/100 par\n|\n|upkeep\n|turn|63\n|\n|t:|1658174195\n|switch|p2a: Giratina|Giratina, L99|100\/100\n|-damage|p2a: Giratina|88\/100|[from] Stealth Rock\n|move|p1a: Marowak|V-create|p2a: Giratina\n|-resisted|p2a: Giratina\n|-damage|p2a: Giratina|72\/100\n|-unboost|p1a: Marowak|spe|1\n|-unboost|p1a: Marowak|def|1\n|-unboost|p1a: Marowak|spd|1\n|\n|-heal|p2a: Giratina|78\/100|[from] item: Leftovers\n|upkeep\n|turn|64\n|\n|t:|1658174201\n|switch|p2a: Kyogre|Kyogre|51\/100 par\n|-damage|p2a: Kyogre|39\/100 par|[from] Stealth Rock\n|move|p1a: Marowak|Shadow Force||[still]\n|-prepare|p1a: Marowak|Shadow Force\n|\n|upkeep\n|turn|65\n|\n|t:|1658174203\n|switch|p2a: Giratina|Giratina, L99|78\/100\n|-damage|p2a: Giratina|66\/100|[from] Stealth Rock\n|move|p1a: Marowak|Shadow Force|p2a: Giratina|[from]lockedmove\n|-supereffective|p2a: Giratina\n|-damage|p2a: Giratina|23\/100\n|\n|-heal|p2a: Giratina|29\/100|[from] item: Leftovers\n|upkeep\n|turn|66\n|\n|t:|1658174206\n|move|p2a: Giratina|Shore Up|p2a: Giratina\n|-heal|p2a: Giratina|79\/100\n|move|p1a: Marowak|Shadow Force||[still]\n|-prepare|p1a: Marowak|Shadow Force\n|\n|-heal|p2a: Giratina|85\/100|[from] item: Leftovers\n|upkeep\n|turn|67\n|\n|t:|1658174218\n|switch|p2a: Ho-Oh|Ho-Oh|100\/100\n|move|p1a: Marowak|Shadow Force|p2a: Ho-Oh|[from]lockedmove\n|-damage|p2a: Ho-Oh|31\/100\n|\n|upkeep\n|turn|68\n|\n|t:|1658174222\n|move|p1a: Marowak|Copycat|p1a: Marowak\n|move|p1a: Marowak|Shadow Force||[from]move: Copycat|[still]\n|-prepare|p1a: Marowak|Shadow Force\n|move|p2a: Ho-Oh|Roost|p2a: Ho-Oh\n|-heal|p2a: Ho-Oh|81\/100\n|-singleturn|p2a: Ho-Oh|move: Roost\n|\n|upkeep\n|turn|69\n|\n|t:|1658174230\n|move|p2a: Ho-Oh|Spectral Thief|p1a: Marowak|[miss]\n|-miss|p2a: Ho-Oh|p1a: Marowak\n|move|p1a: Marowak|Shadow Force|p2a: Ho-Oh|[from]lockedmove\n|-damage|p2a: Ho-Oh|16\/100\n|\n|upkeep\n|turn|70\n|\n|t:|1658174240\n|move|p2a: Ho-Oh|Roost|p2a: Ho-Oh\n|-heal|p2a: Ho-Oh|66\/100\n|-singleturn|p2a: Ho-Oh|move: Roost\n|move|p1a: Marowak|V-create|p2a: Ho-Oh\n|-resisted|p2a: Ho-Oh\n|-damage|p2a: Ho-Oh|12\/100\n|-unboost|p1a: Marowak|spe|1\n|-unboost|p1a: Marowak|def|1\n|-unboost|p1a: Marowak|spd|1\n|\n|upkeep\n|turn|71\n|\n|t:|1658174243\n|move|p2a: Ho-Oh|Roost|p2a: Ho-Oh\n|-heal|p2a: Ho-Oh|62\/100\n|-singleturn|p2a: Ho-Oh|move: Roost\n|move|p1a: Marowak|Shadow Force||[still]\n|-prepare|p1a: Marowak|Shadow Force\n|\n|upkeep\n|turn|72\n|\n|t:|1658174247\n|move|p2a: Ho-Oh|Roost|p2a: Ho-Oh\n|-heal|p2a: Ho-Oh|100\/100\n|-singleturn|p2a: Ho-Oh|move: Roost\n|move|p1a: Marowak|Shadow Force|p2a: Ho-Oh|[from]lockedmove\n|-damage|p2a: Ho-Oh|27\/100\n|\n|upkeep\n|turn|73\n|\n|t:|1658174249\n|move|p2a: Ho-Oh|Roost|p2a: Ho-Oh\n|-heal|p2a: Ho-Oh|77\/100\n|-singleturn|p2a: Ho-Oh|move: Roost\n|move|p1a: Marowak|V-create|p2a: Ho-Oh\n|-resisted|p2a: Ho-Oh\n|-damage|p2a: Ho-Oh|28\/100\n|-unboost|p1a: Marowak|spe|1\n|-unboost|p1a: Marowak|def|1\n|-unboost|p1a: Marowak|spd|1\n|\n|upkeep\n|turn|74\n|\n|t:|1658174252\n|move|p1a: Marowak|Copycat|p1a: Marowak\n|move|p1a: Marowak|V-create|p2a: Ho-Oh|[from]move: Copycat\n|-resisted|p2a: Ho-Oh\n|-damage|p2a: Ho-Oh|0 fnt\n|-unboost|p1a: Marowak|spe|1\n|-unboost|p1a: Marowak|def|1\n|-unboost|p1a: Marowak|spd|1\n|faint|p2a: Ho-Oh\n|\n|upkeep\n|\n|t:|1658174258\n|switch|p2a: Zacian|Zacian|100\/100\n|-damage|p2a: Zacian|88\/100|[from] Stealth Rock\n|turn|75\n|\n|t:|1658174270\n|switch|p2a: Giratina|Giratina, L99|85\/100\n|-damage|p2a: Giratina|73\/100|[from] Stealth Rock\n|move|p1a: Marowak|Copycat|p1a: Marowak\n|move|p1a: Marowak|V-create|p2a: Giratina|[from]move: Copycat\n|-resisted|p2a: Giratina\n|-damage|p2a: Giratina|57\/100\n|-unboost|p1a: Marowak|spe|1\n|-unboost|p1a: Marowak|def|1\n|-unboost|p1a: Marowak|spd|1\n|\n|-heal|p2a: Giratina|63\/100|[from] item: Leftovers\n|upkeep\n|turn|76\n|\n|t:|1658174277\n|move|p1a: Marowak|Destiny Bond|p1a: Marowak\n|-singlemove|p1a: Marowak|Destiny Bond\n|move|p2a: Giratina|Core Enforcer|p1a: Marowak\n|-damage|p1a: Marowak|0 fnt\n|faint|p1a: Marowak\n|-activate|p1a: Marowak|move: Destiny Bond\n|faint|p2a: Giratina\n|\n|upkeep\n|\n|t:|1658174285\n|switch|p2a: Zacian|Zacian|88\/100\n|switch|p1a: Kyogre|Kyogre|69\/100\n|-damage|p2a: Zacian|76\/100|[from] Stealth Rock\n|-damage|p1a: Kyogre|44\/100|[from] Spikes\n|turn|77\n|\n|t:|1658174288\n|move|p2a: Zacian|Multi-Attack|p1a: Kyogre\n|-damage|p1a: Kyogre|0 fnt\n|faint|p1a: Kyogre\n|\n|upkeep\n|\n|t:|1658174291\n|switch|p1a: Calyrex|Calyrex-Ice|88\/100\n|-damage|p1a: Calyrex|63\/100|[from] Spikes\n|turn|78\n|\n|t:|1658174298\n|move|p1a: Calyrex|Obstruct|p1a: Calyrex\n|-singleturn|p1a: Calyrex|Protect\n|move|p2a: Zacian|Fishious Rend|p1a: Calyrex\n|-activate|p1a: Calyrex|move: Protect\n|-unboost|p2a: Zacian|def|2\n|\n|upkeep\n|turn|79\n|\n|t:|1658174300\n|switch|p2a: Kyogre|Kyogre|72\/100 par\n|-damage|p2a: Kyogre|60\/100 par|[from] Stealth Rock\n|move|p1a: Calyrex|Extreme Speed|p2a: Kyogre\n|-resisted|p2a: Kyogre\n|-damage|p2a: Kyogre|32\/100 par\n|\n|upkeep\n|turn|80\n|\n|t:|1658174309\n|switch|p2a: Xerneas|Xerneas|100\/100 tox\n|-damage|p2a: Xerneas|88\/100 tox|[from] Stealth Rock\n|move|p1a: Calyrex|V-create|p2a: Xerneas\n|-damage|p2a: Xerneas|36\/100 tox\n|-unboost|p1a: Calyrex|spe|1\n|-unboost|p1a: Calyrex|def|1\n|-unboost|p1a: Calyrex|spd|1\n|\n|-heal|p2a: Xerneas|49\/100 tox|[from] ability: Poison Heal\n|upkeep\n|turn|81\n|\n|t:|1658174321\n|switch|p2a: Kyogre|Kyogre|65\/100 par\n|-damage|p2a: Kyogre|52\/100 par|[from] Stealth Rock\n|move|p1a: Calyrex|Extreme Speed|p2a: Kyogre\n|-resisted|p2a: Kyogre\n|-damage|p2a: Kyogre|24\/100 par\n|\n|upkeep\n|turn|82\n|\n|t:|1658174326\n|move|p2a: Kyogre|Nuzzle|p1a: Calyrex\n|-damage|p1a: Calyrex|58\/100\n|-status|p1a: Calyrex|par\n|move|p1a: Calyrex|V-create|p2a: Kyogre\n|-resisted|p2a: Kyogre\n|-damage|p2a: Kyogre|0 fnt\n|-unboost|p1a: Calyrex|spe|1\n|-unboost|p1a: Calyrex|def|1\n|-unboost|p1a: Calyrex|spd|1\n|faint|p2a: Kyogre\n|\n|upkeep\n|\n|t:|1658174329\n|switch|p2a: Chansey|Chansey, F|26\/100\n|-damage|p2a: Chansey|14\/100|[from] Stealth Rock\n|-transform|p2a: Chansey|p1a: Calyrex|[from] ability: Imposter\n|turn|83\n|\n|t:|1658174334\n|move|p1a: Calyrex|Obstruct|p1a: Calyrex\n|-singleturn|p1a: Calyrex|Protect\n|move|p2a: Chansey|Extreme Speed|p1a: Calyrex\n|-activate|p1a: Calyrex|move: Protect\n|-unboost|p2a: Chansey|def|2\n|\n|upkeep\n|turn|84\n|\n|t:|1658174336\n|move|p2a: Chansey|Extreme Speed|p1a: Calyrex\n|-resisted|p1a: Calyrex\n|-damage|p1a: Calyrex|25\/100 par\n|move|p1a: Calyrex|Extreme Speed|p2a: Chansey\n|-resisted|p2a: Chansey\n|-damage|p2a: Chansey|0 fnt\n|faint|p2a: Chansey\n|\n|upkeep\n|\n|t:|1658174339\n|switch|p2a: Zacian|Zacian|76\/100\n|-damage|p2a: Zacian|63\/100|[from] Stealth Rock\n|turn|85\n|\n|t:|1658174342\n|move|p1a: Calyrex|Obstruct|p1a: Calyrex\n|-singleturn|p1a: Calyrex|Protect\n|move|p2a: Zacian|Multi-Attack|p1a: Calyrex\n|-activate|p1a: Calyrex|move: Protect\n|-unboost|p2a: Zacian|def|2\n|\n|upkeep\n|turn|86\n|\n|t:|1658174344\n|move|p1a: Calyrex|Extreme Speed|p2a: Zacian\n|-damage|p2a: Zacian|0 fnt\n|faint|p2a: Zacian\n|\n|upkeep\n|\n|t:|1658174345\n|switch|p2a: Xerneas|Xerneas|49\/100 tox\n|-damage|p2a: Xerneas|36\/100 tox|[from] Stealth Rock\n|turn|87\n|\n|t:|1658174348\n|move|p1a: Calyrex|Extreme Speed|p2a: Xerneas\n|-damage|p2a: Xerneas|0 fnt\n|faint|p2a: Xerneas\n|\n|win|omaznits\n|raw|omaznits's rating: 1570 &rarr; <strong>1594<\/strong><br \/>(+24 for winning)\n|raw|Redflix's rating: 1635 &rarr; <strong>1611<\/strong><br \/>(-24 for losing)\n|c|\u2606omaznits|Lmaoo\n|c|\u2606omaznits|It is a dumb strat\n|c|\u2606omaznits|gg\n","uploadtime":1658174357,"views":50,"p1id":"omaznits","p2id":"redflix","formatid":"gen8balancedhackmons","rating":1594,"private":0,"password":null}