{"id":"gen8vgc2022-1544229172","p1":"LECH24","p2":"546husky","format":"gen8vgc2022","log":"|j|\u2606LECH24\n|j|\u2606546husky\n|t:|1648879064\n|gametype|doubles\n|player|p1|LECH24|101|1150\n|player|p2|546husky|cheren|1226\n|teamsize|p1|6\n|teamsize|p2|6\n|gen|8\n|tier|[Gen 8] VGC 2022\n|rated|\n|rule|Species Clause: Limit one of each Pok\u00e9mon\n|rule|Item Clause: Limit one of each item\n|clearpoke\n|poke|p1|Rillaboom, L50, F|\n|poke|p1|Rotom-Heat, L50|\n|poke|p1|Primarina, L50, F|\n|poke|p1|Zacian-*, L50|\n|poke|p1|Kyurem-White, L50|\n|poke|p1|Clefairy, L50, M|\n|poke|p2|Calyrex-Ice, L50|\n|poke|p2|Incineroar, L50, F|\n|poke|p2|Dragapult, L50, F|\n|poke|p2|Urshifu-*, L50, F|\n|poke|p2|Coalossal, L50, F|\n|poke|p2|Rillaboom, L50, M|\n|teampreview|4\n|inactive|Battle timer is ON: inactive players will automatically lose when time's up. (requested by LECH24)\n|\n|t:|1648879111\n|start\n|switch|p1a: Rotom|Rotom-Heat, L50|100\/100\n|switch|p1b: Primarina|Primarina, L50, F|100\/100\n|switch|p2a: Incineroar|Incineroar, L50, F|100\/100\n|switch|p2b: Urshifu|Urshifu-Rapid-Strike, L50, F|100\/100\n|-ability|p2a: Incineroar|Intimidate|boost\n|-unboost|p1a: Rotom|atk|1\n|-unboost|p1b: Primarina|atk|1\n|turn|1\n|inactive|LECH24 has 30 seconds left.\n|inactive|546husky has 30 seconds left.\n|\n|t:|1648879139\n|switch|p1a: Kyurem|Kyurem-White, L50|100\/100\n|-ability|p1a: Kyurem|Turboblaze\n|move|p2a: Incineroar|Fake Out|p1b: Primarina\n|-damage|p1b: Primarina|88\/100\n|move|p2b: Urshifu|Surging Strikes|p1a: Kyurem\n|-resisted|p1a: Kyurem\n|-crit|p1a: Kyurem\n|-damage|p1a: Kyurem|90\/100\n|-resisted|p1a: Kyurem\n|-crit|p1a: Kyurem\n|-damage|p1a: Kyurem|78\/100\n|-resisted|p1a: Kyurem\n|-crit|p1a: Kyurem\n|-damage|p1a: Kyurem|67\/100\n|-hitcount|p1a: Kyurem|3\n|cant|p1b: Primarina|flinch\n|\n|-heal|p1b: Primarina|94\/100|[from] item: Leftovers\n|upkeep\n|turn|2\n|inactive|LECH24 has 30 seconds left.\n|inactive|546husky has 30 seconds left.\n|inactive|546husky has 20 seconds left.\n|inactive|546husky has 15 seconds left.\n|\n|t:|1648879182\n|switch|p2b: Dragapult|Dragapult, L50, F|100\/100\n|move|p1a: Kyurem|Protect|p1a: Kyurem\n|-singleturn|p1a: Kyurem|Protect\n|move|p1b: Primarina|Moonblast|p2b: Dragapult\n|-supereffective|p2b: Dragapult\n|-enditem|p2b: Dragapult|Focus Sash\n|-damage|p2b: Dragapult|1\/100\n|move|p2a: Incineroar|Parting Shot|p1a: Kyurem\n|-activate|p1a: Kyurem|move: Protect\n|\n|-heal|p1b: Primarina|99\/100|[from] item: Leftovers\n|upkeep\n|turn|3\n|inactive|546husky has 30 seconds left.\n|inactive|LECH24 has 30 seconds left.\n|\n|t:|1648879212\n|switch|p1a: Rotom|Rotom-Heat, L50|100\/100\n|move|p2b: Dragapult|Protect|p2b: Dragapult\n|-singleturn|p2b: Dragapult|Protect\n|move|p1b: Primarina|Dazzling Gleam|p2a: Incineroar|[spread] p2a\n|-activate|p2b: Dragapult|move: Protect\n|-damage|p2a: Incineroar|74\/100\n|move|p2a: Incineroar|Parting Shot|p1a: Rotom\n|-unboost|p1a: Rotom|atk|1\n|-unboost|p1a: Rotom|spa|1\n|inactive|546husky has 30 seconds left.\n|\n|t:|1648879239\n|switch|p2a: Coalossal|Coalossal, L50, F|100\/100|[from]move: Parting Shot\n|\n|-heal|p1b: Primarina|100\/100|[from] item: Leftovers\n|upkeep\n|turn|4\n|\n|t:|1648879253\n|-start|p2a: Coalossal|Dynamax|Gmax\n|-heal|p2a: Coalossal|100\/100|[silent]\n|move|p2b: Dragapult|Surf|p1a: Rotom|[spread] p2a,p1a,p1b\n|-supereffective|p2a: Coalossal\n|-supereffective|p1a: Rotom\n|-crit|p1a: Rotom\n|-resisted|p1b: Primarina\n|-damage|p2a: Coalossal|76\/100\n|-damage|p1a: Rotom|57\/100\n|-damage|p1b: Primarina|96\/100\n|-ability|p2a: Coalossal|Steam Engine|boost\n|-boost|p2a: Coalossal|spe|6\n|-enditem|p2a: Coalossal|Weakness Policy\n|-boost|p2a: Coalossal|atk|2|[from] item: Weakness Policy\n|-boost|p2a: Coalossal|spa|2|[from] item: Weakness Policy\n|move|p2a: Coalossal|G-Max Volcalith|p1a: Rotom\n|-supereffective|p1a: Rotom\n|-damage|p1a: Rotom|0 fnt\n|-sidestart|p1: LECH24|G-Max Volcalith\n|faint|p1a: Rotom\n|move|p1b: Primarina|Scald|p2a: Coalossal\n|-supereffective|p2a: Coalossal\n|-crit|p2a: Coalossal\n|-damage|p2a: Coalossal|0 fnt\n|faint|p2a: Coalossal\n|\n|-damage|p1b: Primarina|79\/100|[from] G-Max Volcalith\n|-heal|p1b: Primarina|85\/100|[from] item: Leftovers\n|upkeep\n|inactive|546husky has 30 seconds left.\n|c|\u2606546husky|neat\n|\n|t:|1648879287\n|switch|p1a: Zacian|Zacian-Crowned, L50|100\/100\n|switch|p2a: Incineroar|Incineroar, L50, F|74\/100\n|-ability|p1a: Zacian|Intrepid Sword|boost\n|-boost|p1a: Zacian|atk|1\n|-ability|p2a: Incineroar|Intimidate|boost\n|-unboost|p1a: Zacian|atk|1\n|-unboost|p1b: Primarina|atk|1\n|turn|5\n|inactive|546husky has 30 seconds left.\n|\n|t:|1648879317\n|move|p1a: Zacian|Protect|p1a: Zacian\n|-singleturn|p1a: Zacian|Protect\n|move|p2a: Incineroar|Fake Out|p1a: Zacian\n|-activate|p1a: Zacian|move: Protect\n|move|p2b: Dragapult|Phantom Force||[still]\n|-prepare|p2b: Dragapult|Phantom Force\n|move|p1b: Primarina|Scald|p2a: Incineroar\n|-supereffective|p2a: Incineroar\n|-damage|p2a: Incineroar|10\/100\n|-enditem|p2a: Incineroar|Sitrus Berry|[eat]\n|-heal|p2a: Incineroar|35\/100|[from] item: Sitrus Berry\n|\n|-damage|p1a: Zacian|84\/100|[from] G-Max Volcalith\n|-damage|p1b: Primarina|69\/100|[from] G-Max Volcalith\n|-heal|p1b: Primarina|75\/100|[from] item: Leftovers\n|upkeep\n|turn|6\n|inactive|546husky has 30 seconds left.\n|\n|t:|1648879351\n|move|p1a: Zacian|Play Rough|p2a: Incineroar|[miss]\n|-miss|p1a: Zacian|p2a: Incineroar\n|move|p2b: Dragapult|Phantom Force|p1b: Primarina|[from]lockedmove\n|-damage|p1b: Primarina|16\/100\n|move|p1b: Primarina|Dazzling Gleam|p2b: Dragapult|[spread] p2a,p2b\n|-supereffective|p2b: Dragapult\n|-damage|p2a: Incineroar|8\/100\n|-damage|p2b: Dragapult|0 fnt\n|faint|p2b: Dragapult\n|move|p2a: Incineroar|Flare Blitz|p1a: Zacian\n|-supereffective|p1a: Zacian\n|-damage|p1a: Zacian|0 fnt\n|faint|p1a: Zacian\n|-damage|p2a: Incineroar|0 fnt|[from] Recoil\n|faint|p2a: Incineroar\n|\n|-damage|p1b: Primarina|0 fnt|[from] G-Max Volcalith\n|faint|p1b: Primarina\n|upkeep\n|\n|t:|1648879375\n|switch|p2b: Urshifu|Urshifu-Rapid-Strike, L50, F|100\/100\n|switch|p1b: Kyurem|Kyurem-White, L50|67\/100\n|-ability|p1b: Kyurem|Turboblaze\n|turn|7\n|\n|t:|1648879384\n|move|p2b: Urshifu|Close Combat|p1b: Kyurem\n|-supereffective|p1b: Kyurem\n|-damage|p1b: Kyurem|0 fnt\n|-unboost|p2b: Urshifu|def|1\n|-unboost|p2b: Urshifu|spd|1\n|faint|p1b: Kyurem\n|\n|win|546husky\n|raw|LECH24's rating: 1150 &rarr; <strong>1130<\/strong><br \/>(-20 for losing)\n|raw|546husky's rating: 1226 &rarr; <strong>1246<\/strong><br \/>(+20 for winning)\n|c|\u2606546husky|why\uff1f\n|c|\u2606546husky|you haven't dynamaxed\n","uploadtime":1648879571,"views":7,"p1id":"lech24","p2id":"546husky","formatid":"gen8vgc2022","rating":1130,"private":0,"password":null}