{"id":"gen8uu-1271990431","p1":"damorush","p2":"ooogaa boogaa","format":"gen8uu","log":"|html|<div class=\"broadcast-blue\"><strong>[Gen 8] UU is currently suspecting Latias! For information on how to participate check out the <a href=\"https:\/\/www.smogon.com\/forums\/threads\/np-ss-uu-stage-8-2-cherry.3676723\/\">suspect thread<\/a>.<\/strong><\/div>\n|j|\u2606damorush\n|j|\u2606ooogaa boogaa\n|t:|1611941612\n|player|p1|damorush|steven|1369\n|player|p2|ooogaa boogaa|156|1274\n|teamsize|p1|6\n|teamsize|p2|6\n|gametype|singles\n|gen|8\n|tier|[Gen 8] UU\n|rated|\n|clearpoke\n|poke|p1|Shuckle, F|\n|poke|p1|Tapu Bulu|\n|poke|p1|Victini|\n|poke|p1|Zeraora|\n|poke|p1|Terrakion|\n|poke|p1|Celesteela|\n|poke|p2|Scizor, F|\n|poke|p2|Skarmory, M|\n|poke|p2|Chansey, F|\n|poke|p2|Keldeo-Resolute|\n|poke|p2|Latias, F|\n|poke|p2|Nidoqueen, F|\n|rule|Sleep Clause Mod: Limit one foe put to sleep\n|rule|Species Clause: Limit one of each Pok\u00e9mon\n|rule|OHKO Clause: OHKO moves are banned\n|rule|Evasion Moves Clause: Evasion moves are banned\n|rule|Endless Battle Clause: Forcing endless battles is banned\n|rule|HP Percentage Mod: HP is shown in percentages\n|rule|Dynamax Clause: You cannot dynamax\n|teampreview\n|\n|t:|1611941632\n|start\n|switch|p1a: Shuckle|Shuckle, F|100\/100\n|switch|p2a: Keldeo|Keldeo-Resolute|100\/100\n|turn|1\n|\n|t:|1611941640\n|move|p2a: Keldeo|Taunt|p1a: Shuckle\n|-start|p1a: Shuckle|move: Taunt\n|cant|p1a: Shuckle|move: Taunt|Sticky Web\n|\n|upkeep\n|turn|2\n|\n|t:|1611941653\n|switch|p1a: Tapu Bulu|Tapu Bulu|100\/100\n|-fieldstart|move: Grassy Terrain|[from] ability: Grassy Surge|[of] p1a: Tapu Bulu\n|move|p2a: Keldeo|Scald|p1a: Tapu Bulu\n|-resisted|p1a: Tapu Bulu\n|-damage|p1a: Tapu Bulu|75\/100\n|\n|-heal|p1a: Tapu Bulu|81\/100|[from] Grassy Terrain\n|upkeep\n|turn|3\n|\n|t:|1611941668\n|switch|p2a: Skarmory|Skarmory, M|100\/100\n|switch|p1a: Shuckle|Shuckle, F|100\/100\n|\n|upkeep\n|turn|4\n|\n|t:|1611941678\n|move|p2a: Skarmory|Iron Head|p1a: Shuckle\n|-supereffective|p1a: Shuckle\n|-damage|p1a: Shuckle|73\/100\n|-enditem|p1a: Shuckle|Red Card|[of] p2a: Skarmory\n|drag|p2a: Scizor|Scizor, F|100\/100\n|move|p1a: Shuckle|Sticky Web|p2a: Scizor\n|-sidestart|p2: ooogaa boogaa|move: Sticky Web\n|\n|-heal|p1a: Shuckle|79\/100|[from] Grassy Terrain\n|upkeep\n|turn|5\n|\n|t:|1611941694\n|move|p2a: Scizor|U-turn|p1a: Shuckle\n|-damage|p1a: Shuckle|45\/100\n|\n|t:|1611941700\n|switch|p2a: Skarmory|Skarmory, M|100\/100|[from]move: U-turn\n|move|p1a: Shuckle|Encore||[still]\n|-fail|p1a: Shuckle\n|\n|-heal|p1a: Shuckle|51\/100|[from] Grassy Terrain\n|upkeep\n|turn|6\n|\n|t:|1611941707\n|switch|p1a: Victini|Victini|100\/100\n|move|p2a: Skarmory|Defog|p1a: Victini\n|-unboost|p1a: Victini|evasion|1\n|-sideend|p2: ooogaa boogaa|Sticky Web|[from] move: Defog|[of] p2a: Skarmory\n|-fieldend|move: Grassy Terrain\n|\n|upkeep\n|turn|7\n|\n|t:|1611941724\n|switch|p2a: Latias|Latias, F|100\/100\n|move|p1a: Victini|V-create|p2a: Latias\n|-resisted|p2a: Latias\n|-damage|p2a: Latias|34\/100\n|-unboost|p1a: Victini|spe|1\n|-unboost|p1a: Victini|def|1\n|-unboost|p1a: Victini|spd|1\n|\n|upkeep\n|turn|8\n|\n|t:|1611941734\n|switch|p1a: Celesteela|Celesteela|100\/100\n|move|p2a: Latias|Roost|p2a: Latias\n|-heal|p2a: Latias|84\/100\n|-singleturn|p2a: Latias|move: Roost\n|\n|upkeep\n|turn|9\n|\n|t:|1611941756\n|switch|p1a: Terrakion|Terrakion|100\/100\n|move|p2a: Latias|Mystical Fire|p1a: Terrakion\n|-resisted|p1a: Terrakion\n|-damage|p1a: Terrakion|84\/100\n|-unboost|p1a: Terrakion|spa|1\n|-damage|p2a: Latias|74\/100|[from] item: Life Orb\n|\n|upkeep\n|turn|10\n|\n|t:|1611941769\n|switch|p2a: Skarmory|Skarmory, M|100\/100\n|move|p1a: Terrakion|Stone Edge|p2a: Skarmory\n|-damage|p2a: Skarmory|63\/100\n|-damage|p1a: Terrakion|74\/100|[from] item: Life Orb\n|\n|upkeep\n|turn|11\n|\n|t:|1611941776\n|move|p1a: Terrakion|Swords Dance|p1a: Terrakion\n|-boost|p1a: Terrakion|atk|2\n|move|p2a: Skarmory|Roost|p2a: Skarmory\n|-heal|p2a: Skarmory|100\/100\n|-singleturn|p2a: Skarmory|move: Roost\n|\n|upkeep\n|turn|12\n|\n|t:|1611941792\n|switch|p2a: Chansey|Chansey, F|100\/100\n|move|p1a: Terrakion|Stone Edge|p2a: Chansey\n|-damage|p2a: Chansey|13\/100\n|-damage|p1a: Terrakion|64\/100|[from] item: Life Orb\n|\n|upkeep\n|turn|13\n|\n|t:|1611941802\n|move|p1a: Terrakion|Quick Attack|p2a: Chansey\n|-damage|p2a: Chansey|0 fnt\n|-damage|p1a: Terrakion|54\/100|[from] item: Life Orb\n|faint|p2a: Chansey\n|\n|upkeep\n|\n|t:|1611941805\n|switch|p2a: Latias|Latias, F|74\/100\n|turn|14\n|\n|t:|1611941813\n|move|p1a: Terrakion|Quick Attack|p2a: Latias\n|-damage|p2a: Latias|33\/100\n|-damage|p1a: Terrakion|44\/100|[from] item: Life Orb\n|move|p2a: Latias|Psychic|p1a: Terrakion\n|-supereffective|p1a: Terrakion\n|-damage|p1a: Terrakion|0 fnt\n|-damage|p2a: Latias|23\/100|[from] item: Life Orb\n|faint|p1a: Terrakion\n|\n|upkeep\n|\n|t:|1611941823\n|switch|p1a: Zeraora|Zeraora|100\/100\n|turn|15\n|\n|t:|1611941831\n|switch|p2a: Nidoqueen|Nidoqueen, F|100\/100\n|move|p1a: Zeraora|Knock Off|p2a: Nidoqueen\n|-damage|p2a: Nidoqueen|60\/100\n|-enditem|p2a: Nidoqueen|Life Orb|[from] move: Knock Off|[of] p1a: Zeraora\n|-damage|p1a: Zeraora|91\/100|[from] item: Life Orb\n|\n|upkeep\n|turn|16\n|\n|t:|1611941841\n|switch|p1a: Shuckle|Shuckle, F|51\/100\n|move|p2a: Nidoqueen|Thunderbolt|p1a: Shuckle\n|-damage|p1a: Shuckle|32\/100\n|\n|upkeep\n|turn|17\n|\n|t:|1611941847\n|switch|p2a: Latias|Latias, F|23\/100\n|move|p1a: Shuckle|Sticky Web|p2a: Latias\n|-sidestart|p2: ooogaa boogaa|move: Sticky Web\n|\n|upkeep\n|turn|18\n|\n|t:|1611941856\n|move|p2a: Latias|Roost|p2a: Latias\n|-heal|p2a: Latias|73\/100\n|-singleturn|p2a: Latias|move: Roost\n|move|p1a: Shuckle|Encore|p2a: Latias\n|-start|p2a: Latias|Encore\n|\n|upkeep\n|turn|19\n|\n|t:|1611941861\n|switch|p2a: Skarmory|Skarmory, M|100\/100\n|move|p1a: Shuckle|Stealth Rock|p2a: Skarmory\n|-sidestart|p2: ooogaa boogaa|move: Stealth Rock\n|\n|upkeep\n|turn|20\n|\n|t:|1611941867\n|switch|p1a: Victini|Victini|100\/100\n|move|p2a: Skarmory|Defog|p1a: Victini\n|-unboost|p1a: Victini|evasion|1\n|-sideend|p2: ooogaa boogaa|Stealth Rock|[from] move: Defog|[of] p2a: Skarmory\n|-sideend|p2: ooogaa boogaa|Sticky Web|[from] move: Defog|[of] p2a: Skarmory\n|\n|upkeep\n|turn|21\n|\n|t:|1611941879\n|switch|p2a: Keldeo|Keldeo-Resolute|100\/100\n|move|p1a: Victini|U-turn|p2a: Keldeo\n|-resisted|p2a: Keldeo\n|-damage|p2a: Keldeo|82\/100\n|\n|t:|1611941887\n|switch|p1a: Zeraora|Zeraora|91\/100|[from]move: U-turn\n|\n|-heal|p2a: Keldeo|88\/100|[from] item: Leftovers\n|upkeep\n|turn|22\n|\n|t:|1611941896\n|move|p1a: Zeraora|Play Rough|p2a: Keldeo\n|-supereffective|p2a: Keldeo\n|-damage|p2a: Keldeo|0 fnt\n|-damage|p1a: Zeraora|81\/100|[from] item: Life Orb\n|faint|p2a: Keldeo\n|\n|upkeep\n|\n|t:|1611941900\n|switch|p2a: Nidoqueen|Nidoqueen, F|60\/100\n|turn|23\n|\n|t:|1611941905\n|switch|p1a: Celesteela|Celesteela|100\/100\n|move|p2a: Nidoqueen|Earth Power|p1a: Celesteela\n|-immune|p1a: Celesteela\n|\n|upkeep\n|turn|24\n|\n|t:|1611941912\n|move|p1a: Celesteela|Autotomize|p1a: Celesteela\n|-boost|p1a: Celesteela|spe|2\n|-start|p1a: Celesteela|Autotomize\n|move|p2a: Nidoqueen|Thunderbolt|p1a: Celesteela\n|-supereffective|p1a: Celesteela\n|-damage|p1a: Celesteela|43\/100\n|\n|upkeep\n|turn|25\n|\n|t:|1611941920\n|move|p1a: Celesteela|Air Slash|p2a: Nidoqueen\n|-damage|p2a: Nidoqueen|22\/100\n|move|p2a: Nidoqueen|Thunderbolt|p1a: Celesteela\n|-supereffective|p1a: Celesteela\n|-damage|p1a: Celesteela|0 fnt\n|faint|p1a: Celesteela\n|\n|upkeep\n|\n|t:|1611941933\n|switch|p1a: Victini|Victini|100\/100\n|turn|26\n|\n|t:|1611941945\n|switch|p2a: Scizor|Scizor, F|100\/100\n|move|p1a: Victini|V-create|p2a: Scizor\n|-supereffective|p2a: Scizor\n|-damage|p2a: Scizor|0 fnt\n|-unboost|p1a: Victini|spe|1\n|-unboost|p1a: Victini|def|1\n|-unboost|p1a: Victini|spd|1\n|faint|p2a: Scizor\n|\n|upkeep\n|c|\u2606ooogaa boogaa|xD\n|\n|t:|1611941963\n|switch|p2a: Latias|Latias, F|73\/100\n|turn|27\n|\n|t:|1611941970\n|switch|p1a: Zeraora|Zeraora|81\/100\n|move|p2a: Latias|Psychic|p1a: Zeraora\n|-damage|p1a: Zeraora|8\/100\n|-damage|p2a: Latias|63\/100|[from] item: Life Orb\n|\n|upkeep\n|turn|28\n|\n|t:|1611941979\n|switch|p2a: Skarmory|Skarmory, M|100\/100\n|move|p1a: Zeraora|Knock Off|p2a: Skarmory\n|-damage|p2a: Skarmory|78\/100\n|-damage|p1a: Zeraora|0 fnt|[from] item: Rocky Helmet|[of] p2a: Skarmory\n|faint|p1a: Zeraora\n|\n|upkeep\n|\n|t:|1611941986\n|switch|p1a: Victini|Victini|100\/100\n|turn|29\n|\n|t:|1611941994\n|switch|p2a: Nidoqueen|Nidoqueen, F|22\/100\n|move|p1a: Victini|V-create|p2a: Nidoqueen\n|-damage|p2a: Nidoqueen|0 fnt\n|-unboost|p1a: Victini|spe|1\n|-unboost|p1a: Victini|def|1\n|-unboost|p1a: Victini|spd|1\n|faint|p2a: Nidoqueen\n|\n|upkeep\n|\n|t:|1611941997\n|switch|p2a: Latias|Latias, F|63\/100\n|turn|30\n|\n|t:|1611942009\n|switch|p1a: Shuckle|Shuckle, F|32\/100\n|move|p2a: Latias|Psychic|p1a: Shuckle\n|-damage|p1a: Shuckle|0 fnt\n|-damage|p2a: Latias|53\/100|[from] item: Life Orb\n|faint|p1a: Shuckle\n|\n|upkeep\n|\n|t:|1611942017\n|switch|p1a: Victini|Victini|100\/100\n|turn|31\n|\n|t:|1611942023\n|move|p2a: Latias|Draco Meteor|p1a: Victini\n|-damage|p1a: Victini|16\/100\n|-unboost|p2a: Latias|spa|2\n|-damage|p2a: Latias|43\/100|[from] item: Life Orb\n|move|p1a: Victini|V-create|p2a: Latias\n|-resisted|p2a: Latias\n|-damage|p2a: Latias|0 fnt\n|-unboost|p1a: Victini|spe|1\n|-unboost|p1a: Victini|def|1\n|-unboost|p1a: Victini|spd|1\n|faint|p2a: Latias\n|\n|upkeep\n|\n|t:|1611942027\n|switch|p2a: Skarmory|Skarmory, M|78\/100\n|turn|32\n|\n|t:|1611942036\n|switch|p1a: Tapu Bulu|Tapu Bulu|81\/100\n|-fieldstart|move: Grassy Terrain|[from] ability: Grassy Surge|[of] p1a: Tapu Bulu\n|move|p2a: Skarmory|Iron Head|p1a: Tapu Bulu\n|-supereffective|p1a: Tapu Bulu\n|-damage|p1a: Tapu Bulu|32\/100\n|\n|-heal|p1a: Tapu Bulu|38\/100|[from] Grassy Terrain\n|upkeep\n|turn|33\n|\n|t:|1611942047\n|move|p1a: Tapu Bulu|Close Combat|p2a: Skarmory\n|-damage|p2a: Skarmory|38\/100\n|-unboost|p1a: Tapu Bulu|def|1\n|-unboost|p1a: Tapu Bulu|spd|1\n|-damage|p1a: Tapu Bulu|22\/100|[from] item: Rocky Helmet|[of] p2a: Skarmory\n|move|p2a: Skarmory|Roost|p2a: Skarmory\n|-heal|p2a: Skarmory|88\/100\n|-singleturn|p2a: Skarmory|move: Roost\n|\n|-heal|p1a: Tapu Bulu|28\/100|[from] Grassy Terrain\n|-heal|p2a: Skarmory|94\/100|[from] Grassy Terrain\n|upkeep\n|turn|34\n|\n|t:|1611942060\n|move|p1a: Tapu Bulu|Close Combat|p2a: Skarmory\n|-damage|p2a: Skarmory|52\/100\n|-unboost|p1a: Tapu Bulu|def|1\n|-unboost|p1a: Tapu Bulu|spd|1\n|-damage|p1a: Tapu Bulu|12\/100|[from] item: Rocky Helmet|[of] p2a: Skarmory\n|move|p2a: Skarmory|Roost|p2a: Skarmory\n|-heal|p2a: Skarmory|100\/100\n|-singleturn|p2a: Skarmory|move: Roost\n|\n|-heal|p1a: Tapu Bulu|18\/100|[from] Grassy Terrain\n|upkeep\n|turn|35\n|c|\u2606damorush|sorry but victini choice band...\n|\n|t:|1611942083\n|move|p1a: Tapu Bulu|Close Combat|p2a: Skarmory\n|-damage|p2a: Skarmory|59\/100\n|-unboost|p1a: Tapu Bulu|def|1\n|-unboost|p1a: Tapu Bulu|spd|1\n|-damage|p1a: Tapu Bulu|1\/100|[from] item: Rocky Helmet|[of] p2a: Skarmory\n|move|p2a: Skarmory|Roost|p2a: Skarmory\n|-heal|p2a: Skarmory|100\/100\n|-singleturn|p2a: Skarmory|move: Roost\n|\n|-heal|p1a: Tapu Bulu|7\/100|[from] Grassy Terrain\n|upkeep\n|turn|36\n|\n|t:|1611942093\n|move|p1a: Tapu Bulu|Close Combat|p2a: Skarmory\n|-damage|p2a: Skarmory|61\/100\n|-unboost|p1a: Tapu Bulu|def|1\n|-unboost|p1a: Tapu Bulu|spd|1\n|-damage|p1a: Tapu Bulu|0 fnt|[from] item: Rocky Helmet|[of] p2a: Skarmory\n|faint|p1a: Tapu Bulu\n|move|p2a: Skarmory|Roost|p2a: Skarmory\n|-heal|p2a: Skarmory|100\/100\n|-singleturn|p2a: Skarmory|move: Roost\n|\n|-fieldend|move: Grassy Terrain\n|upkeep\n|c|\u2606ooogaa boogaa|:]\n|\n|t:|1611942104\n|switch|p1a: Victini|Victini|16\/100\n|turn|37\n|\n|t:|1611942113\n|move|p1a: Victini|V-create|p2a: Skarmory\n|-supereffective|p2a: Skarmory\n|-ability|p2a: Skarmory|Sturdy\n|-damage|p2a: Skarmory|1\/100\n|-unboost|p1a: Victini|spe|1\n|-unboost|p1a: Victini|def|1\n|-unboost|p1a: Victini|spd|1\n|-damage|p1a: Victini|0 fnt|[from] item: Rocky Helmet|[of] p2a: Skarmory\n|faint|p1a: Victini\n|\n|win|ooogaa boogaa\n|c|\u2606ooogaa boogaa|gj matie\n|c|\u2606damorush|i forgot\n|c|\u2606damorush|gg man\n|l|\u2606damorush\n|c|\u2606ooogaa boogaa|ggs\n|raw|damorush's rating: 1352 &rarr; <strong>1327<\/strong><br \/>(-25 for losing)\n|raw|ooogaa boogaa's rating: 1255 &rarr; <strong>1287<\/strong><br \/>(+32 for winning)\n","uploadtime":1611942148,"views":10,"p1id":"damorush","p2id":"ooogaaboogaa","formatid":"gen8uu","rating":1287,"private":0,"password":null}