{"id":"gen8nationaldex-1589362671","p1":"testlab12","p2":"SirFresh","format":"gen8nationaldex","log":"|j|\u2606testlab12\n|j|\u2606SirFresh\n|t:|1654380542\n|gametype|singles\n|player|p1|testlab12|ghetsis|\n|player|p2|SirFresh|palmer|\n|teamsize|p1|6\n|teamsize|p2|6\n|gen|8\n|tier|[Gen 8] National Dex\n|rule|HP Percentage Mod: HP is shown in percentages\n|rule|Endless Battle Clause: Forcing endless battles is banned\n|rule|OHKO Clause: OHKO moves are banned\n|rule|Evasion Moves Clause: Evasion moves are banned\n|rule|Species Clause: Limit one of each Pok\u00e9mon\n|rule|Dynamax Clause: You cannot dynamax\n|rule|Sleep Clause Mod: Limit one foe put to sleep\n|clearpoke\n|poke|p1|Medicham, F|\n|poke|p1|Latios, M|\n|poke|p1|Breloom, M|\n|poke|p1|Crawdaunt, F|\n|poke|p1|Salamence, M|\n|poke|p1|Masquerain, F|\n|poke|p2|Sceptile, M|\n|poke|p2|Blaziken, M|\n|poke|p2|Swampert, M|\n|poke|p2|Gardevoir, F|\n|poke|p2|Metagross|\n|poke|p2|Milotic, F|\n|teampreview\n|\n|t:|1654380549\n|start\n|switch|p1a: Masquerain|Masquerain, F|100\/100\n|switch|p2a: Blaziken|Blaziken, M|100\/100\n|-ability|p1a: Masquerain|Intimidate|boost\n|-unboost|p2a: Blaziken|atk|1\n|turn|1\n|\n|t:|1654380556\n|move|p1a: Masquerain|Hydro Pump|p2a: Blaziken\n|-supereffective|p2a: Blaziken\n|-damage|p2a: Blaziken|0 fnt\n|faint|p2a: Blaziken\n|\n|upkeep\n|\n|t:|1654380563\n|switch|p2a: Swampert|Swampert, M|100\/100\n|turn|2\n|\n|t:|1654380567\n|move|p1a: Masquerain|Sticky Web|p2a: Swampert\n|-sidestart|p2: SirFresh|move: Sticky Web\n|move|p2a: Swampert|Stealth Rock|p1a: Masquerain\n|-sidestart|p1: testlab12|move: Stealth Rock\n|\n|upkeep\n|turn|3\n|\n|t:|1654380570\n|move|p1a: Masquerain|Quiver Dance|p1a: Masquerain\n|-boost|p1a: Masquerain|spa|1\n|-boost|p1a: Masquerain|spd|1\n|-boost|p1a: Masquerain|spe|1\n|move|p2a: Swampert|Toxic|p1a: Masquerain|[miss]\n|-miss|p2a: Swampert|p1a: Masquerain\n|\n|upkeep\n|turn|4\n|\n|t:|1654380573\n|move|p1a: Masquerain|Quiver Dance|p1a: Masquerain\n|-boost|p1a: Masquerain|spa|1\n|-boost|p1a: Masquerain|spd|1\n|-boost|p1a: Masquerain|spe|1\n|move|p2a: Swampert|Toxic|p1a: Masquerain\n|-status|p1a: Masquerain|tox\n|\n|-damage|p1a: Masquerain|94\/100 tox|[from] psn\n|upkeep\n|turn|5\n|\n|t:|1654380576\n|move|p1a: Masquerain|Bug Buzz|p2a: Swampert\n|-damage|p2a: Swampert|45\/100\n|move|p2a: Swampert|Ice Punch|p1a: Masquerain\n|-supereffective|p1a: Masquerain\n|-damage|p1a: Masquerain|28\/100 tox\n|\n|-heal|p2a: Swampert|51\/100|[from] item: Leftovers\n|-damage|p1a: Masquerain|15\/100 tox|[from] psn\n|upkeep\n|turn|6\n|\n|t:|1654380580\n|move|p2a: Swampert|Protect|p2a: Swampert\n|-singleturn|p2a: Swampert|Protect\n|move|p1a: Masquerain|Bug Buzz|p2a: Swampert\n|-activate|p2a: Swampert|move: Protect\n|\n|-heal|p2a: Swampert|57\/100|[from] item: Leftovers\n|-damage|p1a: Masquerain|0 fnt|[from] psn\n|faint|p1a: Masquerain\n|upkeep\n|\n|t:|1654380591\n|switch|p1a: Breloom|Breloom, M|100\/100\n|-damage|p1a: Breloom|94\/100|[from] Stealth Rock\n|turn|7\n|\n|t:|1654380597\n|switch|p2a: Sceptile|Sceptile, M|100\/100\n|-activate|p2a: Sceptile|move: Sticky Web\n|-unboost|p2a: Sceptile|spe|1\n|move|p1a: Breloom|Spore|p2a: Sceptile\n|-immune|p2a: Sceptile\n|\n|upkeep\n|turn|8\n|\n|t:|1654380601\n|switch|p1a: Salamence|Salamence, M|100\/100\n|-ability|p1a: Salamence|Intimidate|boost\n|-unboost|p2a: Sceptile|atk|1\n|move|p2a: Sceptile|Acrobatics|p1a: Salamence\n|-damage|p1a: Salamence|87\/100\n|\n|upkeep\n|turn|9\n|\n|t:|1654380607\n|switch|p2a: Milotic|Milotic, F|100\/100\n|-activate|p2a: Milotic|move: Sticky Web\n|-unboost|p2a: Milotic|spe|1\n|move|p1a: Salamence|Flamethrower|p2a: Milotic\n|-resisted|p2a: Milotic\n|-damage|p2a: Milotic|91\/100\n|\n|-status|p2a: Milotic|brn|[from] item: Flame Orb\n|upkeep\n|turn|10\n|\n|t:|1654380615\n|move|p1a: Salamence|Hidden Power|p2a: Milotic\n|-supereffective|p2a: Milotic\n|-damage|p2a: Milotic|63\/100 brn\n|move|p2a: Milotic|Ice Beam|p1a: Salamence\n|-supereffective|p1a: Salamence\n|-damage|p1a: Salamence|0 fnt\n|faint|p1a: Salamence\n|\n|-damage|p2a: Milotic|57\/100 brn|[from] brn\n|upkeep\n|\n|t:|1654380623\n|switch|p1a: Latios|Latios, M|100\/100\n|-damage|p1a: Latios|88\/100|[from] Stealth Rock\n|turn|11\n|\n|t:|1654380633\n|switch|p2a: Swampert|Swampert, M|57\/100\n|-activate|p2a: Swampert|move: Sticky Web\n|-unboost|p2a: Swampert|spe|1\n|move|p1a: Latios|Psychic|p2a: Swampert\n|-damage|p2a: Swampert|15\/100\n|-unboost|p2a: Swampert|spd|1\n|\n|-heal|p2a: Swampert|22\/100|[from] item: Leftovers\n|upkeep\n|turn|12\n|\n|t:|1654380639\n|move|p1a: Latios|Psychic|p2a: Swampert\n|-damage|p2a: Swampert|0 fnt\n|faint|p2a: Swampert\n|\n|upkeep\n|\n|t:|1654380642\n|switch|p2a: Gardevoir|Gardevoir, F|100\/100\n|-activate|p2a: Gardevoir|move: Sticky Web\n|-unboost|p2a: Gardevoir|spe|1\n|-ability|p2a: Gardevoir|Levitate|[from] ability: Trace|[of] p1a: Latios\n|turn|13\n|\n|t:|1654380647\n|detailschange|p2a: Gardevoir|Gardevoir-Mega, F\n|-mega|p2a: Gardevoir|Gardevoir|Gardevoirite\n|move|p1a: Latios|Psychic|p2a: Gardevoir\n|-resisted|p2a: Gardevoir\n|-damage|p2a: Gardevoir|68\/100\n|move|p2a: Gardevoir|Hyper Voice|p1a: Latios\n|-supereffective|p1a: Latios\n|-damage|p1a: Latios|0 fnt\n|faint|p1a: Latios\n|\n|upkeep\n|\n|t:|1654380686\n|switch|p1a: Medicham|Medicham, F|100\/100\n|-damage|p1a: Medicham|94\/100|[from] Stealth Rock\n|turn|14\n|\n|t:|1654380692\n|switch|p2a: Milotic|Milotic, F|57\/100 brn\n|-activate|p2a: Milotic|move: Sticky Web\n|-unboost|p2a: Milotic|spe|1\n|detailschange|p1a: Medicham|Medicham-Mega, F\n|-mega|p1a: Medicham|Medicham|Medichamite\n|move|p1a: Medicham|Fake Out|p2a: Milotic\n|-damage|p2a: Milotic|45\/100 brn\n|\n|-damage|p2a: Milotic|39\/100 brn|[from] brn\n|upkeep\n|turn|15\n|\n|t:|1654380699\n|move|p1a: Medicham|High Jump Kick|p2a: Milotic\n|-damage|p2a: Milotic|0 fnt\n|faint|p2a: Milotic\n|\n|upkeep\n|\n|t:|1654380702\n|switch|p2a: Gardevoir|Gardevoir-Mega, F|68\/100\n|-activate|p2a: Gardevoir|move: Sticky Web\n|-unboost|p2a: Gardevoir|spe|1\n|turn|16\n|\n|t:|1654380726\n|move|p1a: Medicham|Ice Punch|p2a: Gardevoir\n|-damage|p2a: Gardevoir|0 fnt\n|faint|p2a: Gardevoir\n|\n|upkeep\n|\n|t:|1654380732\n|switch|p2a: Metagross|Metagross|100\/100\n|-activate|p2a: Metagross|move: Sticky Web\n|-fail|p2a: Metagross|unboost|[from] ability: Clear Body|[of] p2a: Metagross\n|turn|17\n|\n|t:|1654380743\n|switch|p1a: Crawdaunt|Crawdaunt, F|100\/100\n|-damage|p1a: Crawdaunt|88\/100|[from] Stealth Rock\n|move|p2a: Metagross|Zen Headbutt|p1a: Crawdaunt\n|-immune|p1a: Crawdaunt\n|\n|upkeep\n|turn|18\n|\n|t:|1654380748\n|move|p1a: Crawdaunt|Knock Off|p2a: Metagross\n|-supereffective|p2a: Metagross\n|-enditem|p2a: Metagross|Colbur Berry|[eat]\n|-enditem|p2a: Metagross|Colbur Berry|[weaken]\n|-damage|p2a: Metagross|36\/100\n|move|p2a: Metagross|Body Press|p1a: Crawdaunt\n|-supereffective|p1a: Crawdaunt\n|-damage|p1a: Crawdaunt|6\/100\n|\n|upkeep\n|turn|19\n|\n|t:|1654380758\n|move|p1a: Crawdaunt|Knock Off|p2a: Metagross\n|-supereffective|p2a: Metagross\n|-damage|p2a: Metagross|0 fnt\n|faint|p2a: Metagross\n|\n|upkeep\n|c|\u2606testlab12|gg\n|\n|t:|1654380761\n|switch|p2a: Sceptile|Sceptile, M|100\/100\n|-activate|p2a: Sceptile|move: Sticky Web\n|-unboost|p2a: Sceptile|spe|1\n|turn|20\n|\n|t:|1654380770\n|move|p2a: Sceptile|Leaf Blade|p1a: Crawdaunt\n|-supereffective|p1a: Crawdaunt\n|-damage|p1a: Crawdaunt|0 fnt\n|faint|p1a: Crawdaunt\n|\n|upkeep\n|\n|t:|1654380775\n|switch|p1a: Medicham|Medicham-Mega, F|94\/100\n|-damage|p1a: Medicham|88\/100|[from] Stealth Rock\n|turn|21\n|\n|t:|1654380780\n|move|p1a: Medicham|Fake Out|p2a: Sceptile\n|-damage|p2a: Sceptile|65\/100\n|cant|p2a: Sceptile|flinch\n|\n|upkeep\n|turn|22\n|\n|t:|1654380784\n|move|p1a: Medicham|Ice Punch|p2a: Sceptile\n|-supereffective|p2a: Sceptile\n|-damage|p2a: Sceptile|0 fnt\n|faint|p2a: Sceptile\n|\n|win|testlab12\n","uploadtime":1654380790,"views":9,"p1id":"testlab12","p2id":"sirfresh","formatid":"gen8nationaldex","rating":0,"private":0,"password":null}