{"id":"gen8bdspou-1467960230","p1":"RenRag","p2":"Foolish Players","format":"gen8bdspou","log":"|html|<div class=\"broadcast-blue\"><strong>[Gen 8 BDSP] OU is currently suspecting Latios! For information on how to participate check out the <a href=\"https:\/\/www.smogon.com\/forums\/threads\/np-bdsp-ou-suspect-process-round-1-mr-blue-sky.3694109\/\">suspect thread<\/a>.<\/strong><\/div>\n|j|\u2606RenRag\n|j|\u2606Foolish Players\n|t:|1638826335\n|gametype|singles\n|player|p1|RenRag|aaron|1086\n|player|p2|Foolish Players|swimmer-gen1rb|1169\n|teamsize|p1|6\n|teamsize|p2|6\n|gen|8\n|tier|[Gen 8 BDSP] OU\n|rated|\n|rule|Sleep Clause Mod: Limit one foe put to sleep\n|rule|Species Clause: Limit one of each Pok\u00e9mon\n|rule|OHKO Clause: OHKO moves are banned\n|rule|Evasion Moves Clause: Evasion moves are banned\n|rule|Endless Battle Clause: Forcing endless battles is banned\n|rule|HP Percentage Mod: HP is shown in percentages\n|clearpoke\n|poke|p1|Staraptor, M|\n|poke|p1|Gliscor, F|\n|poke|p1|Scizor, F|\n|poke|p1|Tangrowth, M|\n|poke|p1|Alakazam, F|\n|poke|p1|Infernape, M|\n|poke|p2|Mantine, F|\n|poke|p2|Tyranitar, M|\n|poke|p2|Hippowdon, F|\n|poke|p2|Latios, M|\n|poke|p2|Heatran, M|\n|poke|p2|Garchomp, M|\n|teampreview\n|inactive|Battle timer is ON: inactive players will automatically lose when time's up. (requested by Foolish Players)\n|inactive|Foolish Players has 120 seconds left.\n|\n|t:|1638826384\n|start\n|switch|p1a: Tangrowth|Tangrowth, M|100\/100\n|switch|p2a: Hippowdon|Hippowdon, F|100\/100\n|-weather|Sandstorm|[from] ability: Sand Stream|[of] p2a: Hippowdon\n|turn|1\n|\n|t:|1638826413\n|switch|p2a: Mantine|Mantine, F|100\/100\n|move|p1a: Tangrowth|Sleep Powder|p2a: Mantine|[miss]\n|-miss|p1a: Tangrowth|p2a: Mantine\n|\n|-weather|Sandstorm|[upkeep]\n|-damage|p2a: Mantine|94\/100|[from] Sandstorm\n|-damage|p1a: Tangrowth|94\/100|[from] Sandstorm\n|-heal|p2a: Mantine|100\/100|[from] item: Leftovers\n|-heal|p1a: Tangrowth|100\/100|[from] item: Leftovers\n|upkeep\n|turn|2\n|\n|t:|1638826428\n|move|p2a: Mantine|Air Slash|p1a: Tangrowth\n|-supereffective|p1a: Tangrowth\n|-damage|p1a: Tangrowth|23\/100\n|move|p1a: Tangrowth|Leech Seed|p2a: Mantine\n|-start|p2a: Mantine|move: Leech Seed\n|\n|-weather|Sandstorm|[upkeep]\n|-damage|p2a: Mantine|94\/100|[from] Sandstorm\n|-damage|p1a: Tangrowth|17\/100|[from] Sandstorm\n|-heal|p2a: Mantine|100\/100|[from] item: Leftovers\n|-heal|p1a: Tangrowth|23\/100|[from] item: Leftovers\n|-damage|p2a: Mantine|88\/100|[from] Leech Seed|[of] p1a: Tangrowth\n|-heal|p1a: Tangrowth|34\/100|[silent]\n|upkeep\n|turn|3\n|\n|t:|1638826440\n|switch|p1a: Scizor|Scizor, F|100\/100\n|move|p2a: Mantine|Air Slash|p1a: Scizor\n|-damage|p1a: Scizor|77\/100\n|\n|-weather|Sandstorm|[upkeep]\n|-damage|p2a: Mantine|82\/100|[from] Sandstorm\n|-heal|p2a: Mantine|88\/100|[from] item: Leftovers\n|-heal|p1a: Scizor|83\/100|[from] item: Leftovers\n|-damage|p2a: Mantine|76\/100|[from] Leech Seed|[of] p1a: Scizor\n|-heal|p1a: Scizor|96\/100|[silent]\n|upkeep\n|turn|4\n|inactive|Foolish Players has 120 seconds left.\n|\n|t:|1638826473\n|switch|p2a: Garchomp|Garchomp, M, shiny|100\/100\n|move|p1a: Scizor|U-turn|p2a: Garchomp\n|-damage|p2a: Garchomp|68\/100\n|\n|t:|1638826479\n|switch|p1a: Tangrowth|Tangrowth, M|67\/100|[from]move: U-turn\n|\n|-weather|Sandstorm|[upkeep]\n|-damage|p1a: Tangrowth|61\/100|[from] Sandstorm\n|-heal|p2a: Garchomp|74\/100|[from] item: Leftovers\n|-heal|p1a: Tangrowth|67\/100|[from] item: Leftovers\n|upkeep\n|turn|5\n|inactive|Foolish Players has 120 seconds left.\n|\n|t:|1638826490\n|move|p2a: Garchomp|Fire Blast|p1a: Tangrowth\n|-supereffective|p1a: Tangrowth\n|-damage|p1a: Tangrowth|4\/100\n|move|p1a: Tangrowth|Knock Off|p2a: Garchomp\n|-damage|p2a: Garchomp|50\/100\n|-enditem|p2a: Garchomp|Leftovers|[from] move: Knock Off|[of] p1a: Tangrowth\n|\n|-weather|none\n|-heal|p1a: Tangrowth|11\/100|[from] item: Leftovers\n|upkeep\n|turn|6\n|inactive|Foolish Players has 120 seconds left.\n|\n|t:|1638826516\n|switch|p1a: Gliscor|Gliscor, F|100\/100\n|move|p2a: Garchomp|Swords Dance|p2a: Garchomp\n|-boost|p2a: Garchomp|atk|2\n|\n|-status|p1a: Gliscor|tox|[from] item: Toxic Orb\n|upkeep\n|turn|7\n|\n|t:|1638826523\n|move|p2a: Garchomp|Outrage|p1a: Gliscor\n|-damage|p1a: Gliscor|2\/100 tox\n|move|p1a: Gliscor|Earthquake|p2a: Garchomp\n|-damage|p2a: Garchomp|15\/100\n|\n|-heal|p1a: Gliscor|14\/100 tox|[from] ability: Poison Heal\n|upkeep\n|turn|8\n|\n|t:|1638826533\n|switch|p1a: Tangrowth|Tangrowth, M|44\/100\n|move|p2a: Garchomp|Outrage|p1a: Tangrowth|[from]lockedmove\n|-damage|p1a: Tangrowth|0 fnt\n|faint|p1a: Tangrowth\n|-start|p2a: Garchomp|confusion|[fatigue]\n|\n|upkeep\n|\n|t:|1638826540\n|switch|p1a: Alakazam|Alakazam, F|100\/100\n|turn|9\n|inactive|Foolish Players has 120 seconds left.\n|\n|t:|1638826548\n|move|p1a: Alakazam|Psyshock|p2a: Garchomp\n|-damage|p2a: Garchomp|0 fnt\n|faint|p2a: Garchomp\n|\n|upkeep\n|inactive|Foolish Players has 120 seconds left.\n|\n|t:|1638826581\n|switch|p2a: Latios|Latios, M|100\/100\n|turn|10\n|\n|t:|1638826588\n|switch|p1a: Scizor|Scizor, F|96\/100\n|move|p2a: Latios|Draco Meteor|p1a: Scizor\n|-resisted|p1a: Scizor\n|-damage|p1a: Scizor|49\/100\n|-unboost|p2a: Latios|spa|2\n|-damage|p2a: Latios|91\/100|[from] item: Life Orb\n|\n|-heal|p1a: Scizor|55\/100|[from] item: Leftovers\n|upkeep\n|turn|11\n|\n|t:|1638826604\n|switch|p2a: Hippowdon|Hippowdon, F|100\/100\n|-weather|Sandstorm|[from] ability: Sand Stream|[of] p2a: Hippowdon\n|move|p1a: Scizor|Roost|p1a: Scizor\n|-heal|p1a: Scizor|100\/100\n|-singleturn|p1a: Scizor|move: Roost\n|\n|-weather|Sandstorm|[upkeep]\n|upkeep\n|turn|12\n|\n|t:|1638826620\n|move|p1a: Scizor|U-turn|p2a: Hippowdon\n|-damage|p2a: Hippowdon|85\/100\n|\n|t:|1638826622\n|switch|p1a: Gliscor|Gliscor, F|14\/100 tox|[from]move: U-turn\n|move|p2a: Hippowdon|Stealth Rock|p1a: Gliscor\n|-sidestart|p1: RenRag|move: Stealth Rock\n|\n|-weather|Sandstorm|[upkeep]\n|-heal|p2a: Hippowdon|92\/100|[from] item: Leftovers\n|-heal|p1a: Gliscor|27\/100 tox|[from] ability: Poison Heal\n|upkeep\n|turn|13\n|\n|t:|1638826627\n|move|p1a: Gliscor|Stealth Rock|p2a: Hippowdon\n|-sidestart|p2: Foolish Players|move: Stealth Rock\n|move|p2a: Hippowdon|Ice Fang|p1a: Gliscor\n|-supereffective|p1a: Gliscor\n|-damage|p1a: Gliscor|0 fnt\n|faint|p1a: Gliscor\n|\n|-weather|Sandstorm|[upkeep]\n|-heal|p2a: Hippowdon|98\/100|[from] item: Leftovers\n|upkeep\n|\n|t:|1638826636\n|switch|p1a: Alakazam|Alakazam, F|100\/100\n|turn|14\n|inactive|Foolish Players has 120 seconds left.\n|\n|t:|1638826649\n|move|p1a: Alakazam|Nasty Plot|p1a: Alakazam\n|-boost|p1a: Alakazam|spa|2\n|move|p2a: Hippowdon|Earthquake|p1a: Alakazam\n|-damage|p1a: Alakazam|6\/100\n|\n|-weather|Sandstorm|[upkeep]\n|-heal|p2a: Hippowdon|100\/100|[from] item: Leftovers\n|upkeep\n|turn|15\n|inactive|Foolish Players has 120 seconds left.\n|\n|t:|1638826678\n|move|p1a: Alakazam|Shadow Ball|p2a: Hippowdon\n|-damage|p2a: Hippowdon|42\/100\n|move|p2a: Hippowdon|Earthquake|p1a: Alakazam\n|-damage|p1a: Alakazam|0 fnt\n|faint|p1a: Alakazam\n|\n|-weather|none\n|-heal|p2a: Hippowdon|48\/100|[from] item: Leftovers\n|upkeep\n|-message|RenRag forfeited.\n|\n|win|Foolish Players\n|raw|RenRag's rating: 1086 &rarr; <strong>1068<\/strong><br \/>(-18 for losing)\n|raw|Foolish Players's rating: 1169 &rarr; <strong>1188<\/strong><br \/>(+19 for winning)\n|l|\u2606RenRag\n","uploadtime":1638826692,"views":5,"p1id":"renrag","p2id":"foolishplayers","formatid":"gen8bdspou","rating":1068,"private":0,"password":null}