{"id":"gen8randombattle-1675574428","p1":"tiannabendan","p2":"Yokobaby","format":"gen8randombattle","log":"|j|\u2606tiannabendan\n|j|\u2606Yokobaby\n|t:|1664694603\n|gametype|singles\n|player|p1|tiannabendan|n|\n|player|p2|Yokobaby|cynthia-masters|\n|teamsize|p1|6\n|teamsize|p2|6\n|gen|8\n|tier|[Gen 8] Random Battle\n|rated|Tournament battle\n|rule|Species Clause: Limit one of each Pok\u00e9mon\n|rule|HP Percentage Mod: HP is shown in percentages\n|rule|Sleep Clause Mod: Limit one foe put to sleep\n|\n|t:|1664694603\n|start\n|switch|p1a: Quagsire|Quagsire, L84, M|297\/297\n|switch|p2a: Beartic|Beartic, L86, F|304\/304\n|turn|1\n|j| Star Peach\n|j| Dream frog\u68a6\u75d5\u86d9\n|l| Dream frog\u68a6\u75d5\u86d9\n|\n|t:|1664694640\n|switch|p2a: Togekiss|Togekiss, L80, M|267\/267\n|move|p1a: Quagsire|Toxic|p2a: Togekiss|[miss]\n|-miss|p1a: Quagsire|p2a: Togekiss\n|\n|upkeep\n|turn|2\n|c|\u2606Yokobaby|SRY\n|j| sleepdrawrnig\n|\n|t:|1664694655\n|switch|p1a: Drifblim|Drifblim, L84, M|389\/389\n|move|p2a: Togekiss|Nasty Plot|p2a: Togekiss\n|-boost|p2a: Togekiss|spa|2\n|\n|upkeep\n|turn|3\n|\n|t:|1664694670\n|-start|p2a: Togekiss|Dynamax|\n|-heal|p2a: Togekiss|534\/534|[silent]\n|move|p1a: Drifblim|Calm Mind|p1a: Drifblim\n|-boost|p1a: Drifblim|spa|1\n|-boost|p1a: Drifblim|spd|1\n|move|p2a: Togekiss|Max Airstream|p1a: Drifblim\n|-damage|p1a: Drifblim|94\/389\n|-boost|p2a: Togekiss|spe|1\n|-enditem|p1a: Drifblim|Sitrus Berry|[eat]\n|-heal|p1a: Drifblim|191\/389|[from] item: Sitrus Berry\n|\n|upkeep\n|turn|4\n|\n|t:|1664694685\n|-start|p1a: Drifblim|Dynamax|\n|-heal|p1a: Drifblim|382\/778|[silent]\n|move|p1a: Drifblim|Max Guard|p1a: Drifblim\n|-singleturn|p1a: Drifblim|Max Guard\n|move|p2a: Togekiss|Max Airstream|p1a: Drifblim\n|-activate|p1a: Drifblim|move: Max Guard\n|\n|upkeep\n|turn|5\n|\n|t:|1664694689\n|move|p1a: Drifblim|Max Lightning|p2a: Togekiss\n|-supereffective|p2a: Togekiss\n|-damage|p2a: Togekiss|328\/534\n|-fieldstart|move: Electric Terrain\n|move|p2a: Togekiss|Max Airstream|p1a: Drifblim\n|-damage|p1a: Drifblim|87\/778\n|-boost|p2a: Togekiss|spe|1\n|\n|upkeep\n|-end|p2a: Togekiss|Dynamax\n|-heal|p2a: Togekiss|164\/267|[silent]\n|turn|6\n|\n|t:|1664694697\n|move|p1a: Drifblim|Max Lightning|p2a: Togekiss\n|-supereffective|p2a: Togekiss\n|-damage|p2a: Togekiss|0 fnt\n|faint|p2a: Togekiss\n|\n|upkeep\n|\n|t:|1664694707\n|switch|p2a: Beartic|Beartic, L86, F|304\/304\n|-end|p1a: Drifblim|Dynamax\n|-heal|p1a: Drifblim|44\/389|[silent]\n|turn|7\n|\n|t:|1664694715\n|move|p2a: Beartic|Aqua Jet|p1a: Drifblim\n|-damage|p1a: Drifblim|0 fnt\n|faint|p1a: Drifblim\n|\n|upkeep\n|\n|t:|1664694731\n|switch|p1a: Machamp|Machamp, L82, M|282\/282\n|turn|8\n|\n|t:|1664694744\n|switch|p2a: Toxicroak|Toxicroak, L84, F|277\/277\n|move|p1a: Machamp|Knock Off|p2a: Toxicroak\n|-resisted|p2a: Toxicroak\n|-damage|p2a: Toxicroak|229\/277\n|-enditem|p2a: Toxicroak|Life Orb|[from] move: Knock Off|[of] p1a: Machamp\n|\n|-status|p1a: Machamp|brn|[from] item: Flame Orb\n|upkeep\n|turn|9\n|\n|t:|1664694763\n|move|p2a: Toxicroak|Drain Punch|p1a: Machamp\n|-damage|p1a: Machamp|197\/282 brn\n|-heal|p2a: Toxicroak|272\/277|[from] drain|[of] p1a: Machamp\n|move|p1a: Machamp|Facade|p2a: Toxicroak\n|-damage|p2a: Toxicroak|42\/277\n|\n|-damage|p1a: Machamp|180\/282 brn|[from] brn\n|-fieldend|move: Electric Terrain\n|upkeep\n|turn|10\n|\n|t:|1664694771\n|move|p1a: Machamp|Bullet Punch|p2a: Toxicroak\n|-damage|p2a: Toxicroak|0 fnt\n|faint|p2a: Toxicroak\n|\n|-damage|p1a: Machamp|163\/282 brn|[from] brn\n|upkeep\n|\n|t:|1664694774\n|switch|p2a: Machamp|Machamp, L82, F|282\/282\n|turn|11\n|\n|t:|1664694783\n|move|p2a: Machamp|Close Combat|p1a: Machamp\n|-damage|p1a: Machamp|0 fnt\n|-unboost|p2a: Machamp|def|1\n|-unboost|p2a: Machamp|spd|1\n|faint|p1a: Machamp\n|\n|-status|p2a: Machamp|brn|[from] item: Flame Orb\n|upkeep\n|\n|t:|1664694815\n|switch|p1a: Amoonguss|Amoonguss, L84, F|329\/329\n|turn|12\n|\n|t:|1664694824\n|switch|p2a: Beartic|Beartic, L86, F|304\/304\n|move|p1a: Amoonguss|Spore|p2a: Beartic\n|-status|p2a: Beartic|slp|[from] move: Spore\n|\n|upkeep\n|turn|13\n|\n|t:|1664694837\n|switch|p1a: Lucario|Lucario, L82, M|249\/249\n|cant|p2a: Beartic|slp\n|\n|upkeep\n|turn|14\n|\n|t:|1664694844\n|switch|p2a: Azumarill|Azumarill, L84, F|305\/305\n|move|p1a: Lucario|Close Combat|p2a: Azumarill\n|-resisted|p2a: Azumarill\n|-damage|p2a: Azumarill|190\/305\n|-unboost|p1a: Lucario|def|1\n|-unboost|p1a: Lucario|spd|1\n|\n|upkeep\n|turn|15\n|\n|t:|1664694854\n|switch|p1a: Amoonguss|Amoonguss, L84, F|329\/329\n|move|p2a: Azumarill|Aqua Jet|p1a: Amoonguss\n|-resisted|p1a: Amoonguss\n|-damage|p1a: Amoonguss|285\/329\n|\n|-heal|p1a: Amoonguss|305\/329|[from] item: Black Sludge\n|upkeep\n|turn|16\n|l| sleepdrawrnig\n|\n|t:|1664694862\n|switch|p2a: Accelgor|Accelgor, L86, F|278\/278\n|move|p1a: Amoonguss|Sludge Bomb|p2a: Accelgor\n|-damage|p2a: Accelgor|169\/278\n|-status|p2a: Accelgor|psn\n|\n|-heal|p1a: Amoonguss|325\/329|[from] item: Black Sludge\n|-damage|p2a: Accelgor|135\/278 psn|[from] psn\n|upkeep\n|turn|17\n|\n|t:|1664694870\n|move|p2a: Accelgor|Spikes|p1a: Amoonguss\n|-sidestart|p1: tiannabendan|Spikes\n|move|p1a: Amoonguss|Sludge Bomb|p2a: Accelgor\n|-damage|p2a: Accelgor|33\/278 psn\n|\n|-heal|p1a: Amoonguss|329\/329|[from] item: Black Sludge\n|-damage|p2a: Accelgor|0 fnt|[from] psn\n|faint|p2a: Accelgor\n|upkeep\n|\n|t:|1664694874\n|switch|p2a: Beartic|Beartic, L86, F|304\/304 slp\n|turn|18\n|\n|t:|1664694888\n|switch|p1a: Lucario|Lucario, L82, M|249\/249\n|-damage|p1a: Lucario|218\/249|[from] Spikes\n|cant|p2a: Beartic|slp\n|\n|upkeep\n|turn|19\n|\n|t:|1664694897\n|switch|p2a: Azumarill|Azumarill, L84, F|190\/305\n|move|p1a: Lucario|Stone Edge|p2a: Azumarill\n|-damage|p2a: Azumarill|69\/305\n|\n|upkeep\n|turn|20\n|\n|t:|1664694906\n|switch|p2a: Beartic|Beartic, L86, F|304\/304 slp\n|move|p1a: Lucario|Stone Edge|p2a: Beartic\n|-supereffective|p2a: Beartic\n|-damage|p2a: Beartic|86\/304 slp\n|\n|upkeep\n|turn|21\n|\n|t:|1664694912\n|switch|p2a: Machamp|Machamp, L82, F|282\/282 brn\n|move|p1a: Lucario|Stone Edge|p2a: Machamp\n|-resisted|p2a: Machamp\n|-damage|p2a: Machamp|222\/282 brn\n|\n|-damage|p2a: Machamp|205\/282 brn|[from] brn\n|upkeep\n|turn|22\n|\n|t:|1664694926\n|switch|p1a: Amoonguss|Amoonguss, L84, F|329\/329\n|-damage|p1a: Amoonguss|288\/329|[from] Spikes\n|move|p2a: Machamp|Close Combat|p1a: Amoonguss\n|-resisted|p1a: Amoonguss\n|-damage|p1a: Amoonguss|165\/329\n|-unboost|p2a: Machamp|def|1\n|-unboost|p2a: Machamp|spd|1\n|\n|-heal|p1a: Amoonguss|185\/329|[from] item: Black Sludge\n|-damage|p2a: Machamp|188\/282 brn|[from] brn\n|upkeep\n|turn|23\n|\n|t:|1664694935\n|move|p2a: Machamp|Facade|p1a: Amoonguss\n|-damage|p1a: Amoonguss|0 fnt\n|faint|p1a: Amoonguss\n|\n|-damage|p2a: Machamp|171\/282 brn|[from] brn\n|upkeep\n|\n|t:|1664694941\n|switch|p1a: Scyther|Scyther, L81, M|246\/246\n|turn|24\n|\n|t:|1664694963\n|switch|p2a: Beartic|Beartic, L86, F|86\/304 slp\n|move|p1a: Scyther|Dual Wingbeat|p2a: Beartic\n|-damage|p2a: Beartic|13\/304 slp\n|-damage|p2a: Beartic|0 fnt\n|faint|p2a: Beartic\n|-hitcount|p2: Beartic|2\n|\n|upkeep\n|\n|t:|1664694968\n|switch|p2a: Azumarill|Azumarill, L84, F|69\/305\n|turn|25\n|\n|t:|1664694972\n|switch|p1a: Quagsire|Quagsire, L84, M|297\/297\n|-damage|p1a: Quagsire|260\/297|[from] Spikes\n|move|p2a: Azumarill|Aqua Jet|p1a: Quagsire\n|-crit|p1a: Quagsire\n|-damage|p1a: Quagsire|131\/297\n|\n|-heal|p1a: Quagsire|149\/297|[from] item: Leftovers\n|upkeep\n|turn|26\n|\n|t:|1664694982\n|switch|p2a: Machamp|Machamp, L82, F|171\/282 brn\n|move|p1a: Quagsire|Earthquake|p2a: Machamp\n|-damage|p2a: Machamp|69\/282 brn\n|\n|-heal|p1a: Quagsire|167\/297|[from] item: Leftovers\n|-damage|p2a: Machamp|52\/282 brn|[from] brn\n|upkeep\n|turn|27\n|\n|t:|1664694991\n|move|p2a: Machamp|Close Combat|p1a: Quagsire\n|-damage|p1a: Quagsire|0 fnt\n|-unboost|p2a: Machamp|def|1\n|-unboost|p2a: Machamp|spd|1\n|faint|p1a: Quagsire\n|\n|-damage|p2a: Machamp|35\/282 brn|[from] brn\n|upkeep\n|\n|t:|1664694996\n|switch|p1a: Scyther|Scyther, L81, M|246\/246\n|turn|28\n|\n|t:|1664694999\n|move|p2a: Machamp|Bullet Punch|p1a: Scyther\n|-damage|p1a: Scyther|194\/246\n|move|p1a: Scyther|Dual Wingbeat|p2a: Machamp|[miss]\n|-miss|p1a: Scyther|p2a: Machamp\n|\n|-damage|p2a: Machamp|18\/282 brn|[from] brn\n|upkeep\n|turn|29\n|\n|t:|1664695010\n|move|p2a: Machamp|Bullet Punch|p1a: Scyther\n|-damage|p1a: Scyther|134\/246\n|move|p1a: Scyther|Brick Break|p2a: Machamp\n|-damage|p2a: Machamp|0 fnt\n|faint|p2a: Machamp\n|\n|upkeep\n|\n|t:|1664695016\n|switch|p2a: Azumarill|Azumarill, L84, F|69\/305\n|turn|30\n|\n|t:|1664695018\n|move|p2a: Azumarill|Aqua Jet|p1a: Scyther\n|-crit|p1a: Scyther\n|-damage|p1a: Scyther|11\/246\n|move|p1a: Scyther|Dual Wingbeat|p2a: Azumarill\n|-crit|p2a: Azumarill\n|-damage|p2a: Azumarill|0 fnt\n|faint|p2a: Azumarill\n|-hitcount|p2: Azumarill|1\n|\n|win|tiannabendan\n|n|\u2606tiannabendan|tiannabendan\n|n|\u2606Yokobaby|yokobaby\n|n| Star Peach|starpeach\n","inputlog":">version ada2e1bce654ffdfc9a93da4ff105a49d2af2ffc\n>start {\"formatid\":\"gen8randombattle\",\"seed\":[55076,36452,28750,48172],\"rated\":\"Tournament battle\"}\n>player p1 {\"name\":\"tiannabendan\",\"avatar\":\"n\",\"rating\":0,\"seed\":[3274,16784,26906,6000]}\n>player p2 {\"name\":\"Yokobaby\",\"avatar\":\"cynthia-masters\",\"rating\":0,\"seed\":[19802,30793,7525,48284]}\n>p1 move toxic\n>p2 switch 4\n>chat \u2606Yokobaby|SRY\n>p1 switch 3\n>p2 move nastyplot\n>p1 move calmmind\n>p2 move airslash dynamax\n>p1 move strengthsap dynamax\n>p2 move airslash dynamax\n>p1 move thunderbolt dynamax\n>p2 move airslash dynamax\n>p1 move thunderbolt dynamax\n>p2 move airslash\n>p2 switch 4\n>p1 move strengthsap\n>p2 move aquajet\n>p1 switch 5\n>p1 move knockoff\n>p2 switch 2\n>p1 move facade\n>p2 move drainpunch\n>p1 move bulletpunch\n>p2 move drainpunch\n>p2 switch 5\n>p1 move facade\n>p2 move closecombat\n>p1 switch 4\n>p1 move spore\n>p2 switch 2\n>p1 switch 6\n>p2 move iciclecrash\n>p1 move closecombat\n>p2 switch 6\n>p1 switch 6\n>p2 move aquajet\n>p1 move sludgebomb\n>p2 switch 3\n>p1 move sludgebomb\n>p2 move spikes\n>p2 switch 6\n>p1 switch 6\n>p2 move iciclecrash\n>p1 move stoneedge\n>p2 switch 3\n>p1 move stoneedge\n>p2 switch 3\n>p1 move stoneedge\n>p2 switch 2\n>p1 switch 6\n>p2 move closecombat\n>p1 move gigadrain\n>p2 move facade\n>p1 switch 2\n>p1 move dualwingbeat\n>p2 switch 2\n>p2 switch 3\n>p1 switch 3\n>p2 move aquajet\n>p1 move earthquake\n>p2 switch 2\n>p1 move earthquake\n>p2 move closecombat\n>p1 switch 3\n>p1 move dualwingbeat\n>p2 move bulletpunch\n>p1 move brickbreak\n>p2 move bulletpunch\n>p2 switch 2\n>p1 move dualwingbeat\n>p2 move aquajet","uploadtime":1664695019,"views":11,"p1id":"tiannabendan","p2id":"yokobaby","formatid":"gen8randombattle","rating":0,"private":0,"password":null}