{"id":"gen8ou-1293773326","p1":"Burnt Bright","p2":"Dragez","format":"gen8ou","log":"|j|\u2606Burnt Bright\n|j|\u2606Dragez\n|t:|1614795217\n|player|p1|Burnt Bright|parasollady-gen4|1735\n|player|p2|Dragez|265|1679\n|teamsize|p1|6\n|teamsize|p2|6\n|gametype|singles\n|gen|8\n|tier|[Gen 8] OU\n|rated|\n|clearpoke\n|poke|p1|Corviknight, M|\n|poke|p1|Slowking-Galar, F|\n|poke|p1|Hippowdon, F|\n|poke|p1|Garchomp, M|\n|poke|p1|Latios, M|\n|poke|p1|Magnezone|\n|poke|p2|Victini|\n|poke|p2|Mandibuzz, F|\n|poke|p2|Zapdos|\n|poke|p2|Melmetal|\n|poke|p2|Latias, F|\n|poke|p2|Urshifu-*, F|\n|rule|Sleep Clause Mod: Limit one foe put to sleep\n|rule|Species Clause: Limit one of each Pok\u00e9mon\n|rule|OHKO Clause: OHKO moves are banned\n|rule|Evasion Moves Clause: Evasion moves are banned\n|rule|Endless Battle Clause: Forcing endless battles is banned\n|rule|HP Percentage Mod: HP is shown in percentages\n|rule|Dynamax Clause: You cannot dynamax\n|teampreview\n|\n|t:|1614795240\n|start\n|switch|p1a: Latios|Latios, M|100\/100\n|switch|p2a: Urshifu|Urshifu-Rapid-Strike, F|100\/100\n|turn|1\n|\n|t:|1614795270\n|switch|p2a: Zapdos|Zapdos|100\/100\n|-ability|p2a: Zapdos|Pressure\n|move|p1a: Latios|Draco Meteor|p2a: Zapdos\n|-damage|p2a: Zapdos|39\/100\n|-unboost|p1a: Latios|spa|2\n|-damage|p1a: Latios|91\/100|[from] item: Life Orb\n|\n|upkeep\n|turn|2\n|j| Zenturial\n|\n|t:|1614795297\n|switch|p1a: Hippowdon|Hippowdon, F|100\/100\n|-weather|Sandstorm|[from] ability: Sand Stream|[of] p1a: Hippowdon\n|move|p2a: Zapdos|Roost|p2a: Zapdos\n|-heal|p2a: Zapdos|89\/100\n|-singleturn|p2a: Zapdos|move: Roost\n|\n|-weather|Sandstorm|[upkeep]\n|-damage|p2a: Zapdos|82\/100|[from] Sandstorm\n|upkeep\n|turn|3\n|\n|t:|1614795307\n|switch|p2a: Urshifu|Urshifu-Rapid-Strike, F|100\/100\n|move|p1a: Hippowdon|Toxic|p2a: Urshifu\n|-status|p2a: Urshifu|tox\n|\n|-weather|Sandstorm|[upkeep]\n|-damage|p2a: Urshifu|94\/100 tox|[from] Sandstorm\n|-damage|p2a: Urshifu|88\/100 tox|[from] psn\n|upkeep\n|turn|4\n|j| OU make me yawn\n|l| OU make me yawn\n|\n|t:|1614795339\n|switch|p1a: Corviknight|Corviknight, M|100\/100\n|-ability|p1a: Corviknight|Pressure\n|move|p2a: Urshifu|Close Combat|p1a: Corviknight\n|-damage|p1a: Corviknight|40\/100\n|-unboost|p2a: Urshifu|def|1\n|-unboost|p2a: Urshifu|spd|1\n|\n|-weather|Sandstorm|[upkeep]\n|-damage|p2a: Urshifu|82\/100 tox|[from] Sandstorm\n|-heal|p1a: Corviknight|46\/100|[from] item: Leftovers\n|-damage|p2a: Urshifu|70\/100 tox|[from] psn\n|upkeep\n|turn|5\n|\n|t:|1614795351\n|switch|p2a: Melmetal|Melmetal|100\/100\n|switch|p1a: Slowking|Slowking-Galar, F|100\/100\n|\n|-weather|Sandstorm|[upkeep]\n|-damage|p1a: Slowking|94\/100|[from] Sandstorm\n|upkeep\n|turn|6\n|\n|t:|1614795370\n|switch|p1a: Corviknight|Corviknight, M|46\/100\n|-ability|p1a: Corviknight|Pressure\n|move|p2a: Melmetal|Double Iron Bash|p1a: Corviknight\n|-resisted|p1a: Corviknight\n|-damage|p1a: Corviknight|25\/100\n|-resisted|p1a: Corviknight\n|-damage|p1a: Corviknight|6\/100\n|-hitcount|p1a: Corviknight|2\n|\n|-weather|none\n|-heal|p1a: Corviknight|13\/100|[from] item: Leftovers\n|upkeep\n|turn|7\n|\n|t:|1614795382\n|switch|p2a: Victini|Victini|100\/100\n|move|p1a: Corviknight|Roost|p1a: Corviknight\n|-heal|p1a: Corviknight|63\/100\n|-singleturn|p1a: Corviknight|move: Roost\n|\n|-heal|p1a: Corviknight|69\/100|[from] item: Leftovers\n|upkeep\n|turn|8\n|\n|t:|1614795390\n|switch|p1a: Garchomp|Garchomp, M|100\/100\n|move|p2a: Victini|Future Sight|p1a: Garchomp\n|-start|p2a: Victini|move: Future Sight\n|\n|upkeep\n|turn|9\n|\n|t:|1614795400\n|switch|p1a: Corviknight|Corviknight, M|69\/100\n|-ability|p1a: Corviknight|Pressure\n|switch|p2a: Mandibuzz|Mandibuzz, F|100\/100\n|\n|-heal|p1a: Corviknight|75\/100|[from] item: Leftovers\n|upkeep\n|turn|10\n|j| Herpguy\n|\n|t:|1614795409\n|move|p2a: Mandibuzz|U-turn|p1a: Corviknight\n|-resisted|p1a: Corviknight\n|-damage|p1a: Corviknight|73\/100\n|\n|t:|1614795413\n|switch|p2a: Latias|Latias, F|100\/100|[from]move: U-turn\n|move|p1a: Corviknight|U-turn|p2a: Latias\n|-supereffective|p2a: Latias\n|-damage|p2a: Latias|63\/100\n|\n|t:|1614795417\n|switch|p1a: Slowking|Slowking-Galar, F|100\/100|[from]move: U-turn\n|\n|-end|p1a: Slowking|move: Future Sight\n|-damage|p1a: Slowking|77\/100\n|upkeep\n|turn|11\n|\n|t:|1614795425\n|switch|p1a: Corviknight|Corviknight, M|73\/100\n|-ability|p1a: Corviknight|Pressure\n|move|p2a: Latias|Trick|p1a: Corviknight\n|-activate|p2a: Latias|move: Trick|[of] p1a: Corviknight\n|-item|p1a: Corviknight|Choice Scarf|[from] move: Trick\n|-item|p2a: Latias|Leftovers|[from] move: Trick\n|\n|-heal|p2a: Latias|69\/100|[from] item: Leftovers\n|upkeep\n|turn|12\n|\n|t:|1614795434\n|switch|p2a: Zapdos|Zapdos|82\/100\n|-ability|p2a: Zapdos|Pressure\n|move|p1a: Corviknight|U-turn|p2a: Zapdos\n|-resisted|p2a: Zapdos\n|-damage|p2a: Zapdos|75\/100\n|\n|t:|1614795438\n|switch|p1a: Hippowdon|Hippowdon, F|100\/100|[from]move: U-turn\n|-weather|Sandstorm|[from] ability: Sand Stream|[of] p1a: Hippowdon\n|\n|-weather|Sandstorm|[upkeep]\n|-damage|p2a: Zapdos|69\/100|[from] Sandstorm\n|upkeep\n|turn|13\n|\n|t:|1614795446\n|move|p2a: Zapdos|Toxic|p1a: Hippowdon\n|-status|p1a: Hippowdon|tox\n|move|p1a: Hippowdon|Stealth Rock|p2a: Zapdos\n|-sidestart|p2: Dragez|move: Stealth Rock\n|\n|-weather|Sandstorm|[upkeep]\n|-damage|p2a: Zapdos|63\/100|[from] Sandstorm\n|-damage|p1a: Hippowdon|94\/100 tox|[from] psn\n|upkeep\n|turn|14\n|\n|t:|1614795456\n|move|p2a: Zapdos|Roost|p2a: Zapdos\n|-heal|p2a: Zapdos|100\/100\n|-singleturn|p2a: Zapdos|move: Roost\n|move|p1a: Hippowdon|Toxic|p2a: Zapdos\n|-status|p2a: Zapdos|tox\n|\n|-weather|Sandstorm|[upkeep]\n|-damage|p2a: Zapdos|94\/100 tox|[from] Sandstorm\n|-damage|p2a: Zapdos|88\/100 tox|[from] psn\n|-damage|p1a: Hippowdon|82\/100 tox|[from] psn\n|upkeep\n|turn|15\n|j| Xephix\n|\n|t:|1614795466\n|switch|p2a: Mandibuzz|Mandibuzz, F|100\/100\n|switch|p1a: Slowking|Slowking-Galar, F|100\/100\n|\n|-weather|Sandstorm|[upkeep]\n|-damage|p1a: Slowking|94\/100|[from] Sandstorm\n|upkeep\n|turn|16\n|\n|t:|1614795475\n|move|p2a: Mandibuzz|Defog|p1a: Slowking\n|-unboost|p1a: Slowking|evasion|1\n|-sideend|p2: Dragez|Stealth Rock|[from] move: Defog|[of] p2a: Mandibuzz\n|move|p1a: Slowking|Sludge Bomb|p2a: Mandibuzz\n|-damage|p2a: Mandibuzz|68\/100\n|\n|-weather|none\n|upkeep\n|turn|17\n|\n|t:|1614795482\n|move|p2a: Mandibuzz|U-turn|p1a: Slowking\n|-damage|p1a: Slowking|82\/100\n|\n|t:|1614795485\n|switch|p2a: Melmetal|Melmetal|100\/100|[from]move: U-turn\n|move|p1a: Slowking|Future Sight|p2a: Melmetal\n|-start|p1a: Slowking|move: Future Sight\n|\n|upkeep\n|turn|18\n|\n|t:|1614795492\n|switch|p1a: Corviknight|Corviknight, M|73\/100\n|-ability|p1a: Corviknight|Pressure\n|move|p2a: Melmetal|Thunder Punch|p1a: Corviknight\n|-supereffective|p1a: Corviknight\n|-damage|p1a: Corviknight|9\/100\n|\n|upkeep\n|turn|19\n|\n|t:|1614795499\n|move|p1a: Corviknight|Roost|p1a: Corviknight\n|-heal|p1a: Corviknight|59\/100\n|-singleturn|p1a: Corviknight|move: Roost\n|move|p2a: Melmetal|Thunder Punch|p1a: Corviknight\n|-damage|p1a: Corviknight|28\/100\n|\n|-end|p2a: Melmetal|move: Future Sight\n|-resisted|p2a: Melmetal\n|-damage|p2a: Melmetal|74\/100\n|upkeep\n|turn|20\n|\n|t:|1614795508\n|switch|p2a: Victini|Victini|100\/100\n|move|p1a: Corviknight|Roost|p1a: Corviknight\n|-heal|p1a: Corviknight|78\/100\n|-singleturn|p1a: Corviknight|move: Roost\n|\n|upkeep\n|turn|21\n|\n|t:|1614795516\n|switch|p1a: Garchomp|Garchomp, M|100\/100\n|move|p2a: Victini|Future Sight|p1a: Garchomp\n|-start|p2a: Victini|move: Future Sight\n|\n|upkeep\n|turn|22\n|j| Dazzlingtogekisses\n|\n|t:|1614795527\n|switch|p2a: Mandibuzz|Mandibuzz, F|68\/100\n|move|p1a: Garchomp|Stone Edge|p2a: Mandibuzz|[miss]\n|-miss|p1a: Garchomp|p2a: Mandibuzz\n|\n|upkeep\n|turn|23\n|\n|t:|1614795534\n|switch|p1a: Corviknight|Corviknight, M|78\/100\n|-ability|p1a: Corviknight|Pressure\n|move|p2a: Mandibuzz|U-turn|p1a: Corviknight\n|-resisted|p1a: Corviknight\n|-damage|p1a: Corviknight|76\/100\n|\n|t:|1614795541\n|switch|p2a: Urshifu|Urshifu-Rapid-Strike, F|70\/100 tox|[from]move: U-turn\n|\n|-end|p1a: Corviknight|move: Future Sight\n|-resisted|p1a: Corviknight\n|-crit|p1a: Corviknight\n|-damage|p1a: Corviknight|36\/100\n|-damage|p2a: Urshifu|64\/100 tox|[from] psn\n|upkeep\n|turn|24\n|\n|t:|1614795553\n|move|p2a: Urshifu|Surging Strikes|p1a: Corviknight\n|-crit|p1a: Corviknight\n|-damage|p1a: Corviknight|17\/100\n|-crit|p1a: Corviknight\n|-damage|p1a: Corviknight|0 fnt\n|-hitcount|p1a: Corviknight|2\n|faint|p1a: Corviknight\n|\n|-damage|p2a: Urshifu|51\/100 tox|[from] psn\n|upkeep\n|j| Nalachur\n|\n|t:|1614795561\n|switch|p1a: Latios|Latios, M|91\/100\n|turn|25\n|\n|t:|1614795568\n|switch|p2a: Zapdos|Zapdos|88\/100 tox\n|-ability|p2a: Zapdos|Pressure\n|move|p1a: Latios|Draco Meteor|p2a: Zapdos\n|-damage|p2a: Zapdos|25\/100 tox\n|-unboost|p1a: Latios|spa|2\n|-damage|p1a: Latios|81\/100|[from] item: Life Orb\n|\n|-damage|p2a: Zapdos|19\/100 tox|[from] psn\n|upkeep\n|turn|26\n|\n|t:|1614795583\n|move|p1a: Latios|Psychic|p2a: Zapdos\n|-damage|p2a: Zapdos|0 fnt\n|-damage|p1a: Latios|71\/100|[from] item: Life Orb\n|faint|p2a: Zapdos\n|\n|upkeep\n|\n|t:|1614795592\n|switch|p2a: Victini|Victini|100\/100\n|turn|27\n|\n|t:|1614795598\n|switch|p1a: Garchomp|Garchomp, M|100\/100\n|move|p2a: Victini|Future Sight|p1a: Garchomp\n|-start|p2a: Victini|move: Future Sight\n|\n|upkeep\n|turn|28\n|\n|t:|1614795615\n|switch|p1a: Magnezone|Magnezone|100\/100\n|switch|p2a: Mandibuzz|Mandibuzz, F|68\/100\n|\n|upkeep\n|turn|29\n|\n|t:|1614795626\n|move|p2a: Mandibuzz|U-turn|p1a: Magnezone\n|-resisted|p1a: Magnezone\n|-damage|p1a: Magnezone|96\/100\n|\n|t:|1614795631\n|switch|p2a: Latias|Latias, F|69\/100|[from]move: U-turn\n|move|p1a: Magnezone|Thunderbolt|p2a: Latias\n|-resisted|p2a: Latias\n|-damage|p2a: Latias|49\/100\n|\n|-end|p1a: Magnezone|move: Future Sight\n|-resisted|p1a: Magnezone\n|-damage|p1a: Magnezone|58\/100\n|-heal|p2a: Latias|54\/100|[from] item: Leftovers\n|-heal|p1a: Magnezone|64\/100|[from] item: Leftovers\n|upkeep\n|turn|30\n|\n|t:|1614795642\n|switch|p1a: Slowking|Slowking-Galar, F|100\/100\n|move|p2a: Latias|Healing Wish|p2a: Latias\n|faint|p2a: Latias\n|\n|upkeep\n|\n|t:|1614795647\n|switch|p2a: Urshifu|Urshifu-Rapid-Strike, F|51\/100 tox\n|-heal|p2a: Urshifu|100\/100|[from] move: Healing Wish\n|turn|31\n|\n|t:|1614795656\n|switch|p1a: Hippowdon|Hippowdon, F|82\/100 tox\n|-weather|Sandstorm|[from] ability: Sand Stream|[of] p1a: Hippowdon\n|move|p2a: Urshifu|Surging Strikes|p1a: Hippowdon\n|-supereffective|p1a: Hippowdon\n|-crit|p1a: Hippowdon\n|-damage|p1a: Hippowdon|49\/100 tox\n|-damage|p2a: Urshifu|84\/100|[from] item: Rocky Helmet|[of] p1a: Hippowdon\n|-supereffective|p1a: Hippowdon\n|-crit|p1a: Hippowdon\n|-damage|p1a: Hippowdon|14\/100 tox\n|-damage|p2a: Urshifu|67\/100|[from] item: Rocky Helmet|[of] p1a: Hippowdon\n|-supereffective|p1a: Hippowdon\n|-crit|p1a: Hippowdon\n|-damage|p1a: Hippowdon|0 fnt\n|-damage|p2a: Urshifu|50\/100|[from] item: Rocky Helmet|[of] p1a: Hippowdon\n|-hitcount|p1a: Hippowdon|3\n|faint|p1a: Hippowdon\n|\n|-weather|Sandstorm|[upkeep]\n|-damage|p2a: Urshifu|44\/100|[from] Sandstorm\n|upkeep\n|\n|t:|1614795679\n|switch|p1a: Latios|Latios, M|71\/100\n|turn|32\n|\n|t:|1614795688\n|switch|p1a: Garchomp|Garchomp, M|100\/100\n|switch|p2a: Mandibuzz|Mandibuzz, F|68\/100\n|\n|-weather|Sandstorm|[upkeep]\n|upkeep\n|turn|33\n|\n|t:|1614795694\n|move|p1a: Garchomp|Stone Edge|p2a: Mandibuzz|[miss]\n|-miss|p1a: Garchomp|p2a: Mandibuzz\n|move|p2a: Mandibuzz|Roost|p2a: Mandibuzz\n|-heal|p2a: Mandibuzz|100\/100\n|-singleturn|p2a: Mandibuzz|move: Roost\n|\n|-weather|Sandstorm|[upkeep]\n|upkeep\n|turn|34\n|\n|t:|1614795701\n|move|p1a: Garchomp|Stone Edge|p2a: Mandibuzz|[miss]\n|-miss|p1a: Garchomp|p2a: Mandibuzz\n|move|p2a: Mandibuzz|Foul Play|p1a: Garchomp\n|-damage|p1a: Garchomp|51\/100\n|-damage|p2a: Mandibuzz|88\/100|[from] ability: Rough Skin|[of] p1a: Garchomp\n|\n|-weather|Sandstorm|[upkeep]\n|-heal|p1a: Garchomp|57\/100|[from] item: Leftovers\n|upkeep\n|turn|35\n|\n|t:|1614795710\n|move|p1a: Garchomp|Stone Edge|p2a: Mandibuzz\n|-supereffective|p2a: Mandibuzz\n|-crit|p2a: Mandibuzz\n|-damage|p2a: Mandibuzz|23\/100\n|move|p2a: Mandibuzz|Roost|p2a: Mandibuzz\n|-heal|p2a: Mandibuzz|73\/100\n|-singleturn|p2a: Mandibuzz|move: Roost\n|\n|-weather|none\n|-heal|p1a: Garchomp|63\/100|[from] item: Leftovers\n|upkeep\n|turn|36\n|\n|t:|1614795721\n|switch|p1a: Magnezone|Magnezone|64\/100\n|move|p2a: Mandibuzz|Roost|p2a: Mandibuzz\n|-heal|p2a: Mandibuzz|100\/100\n|-singleturn|p2a: Mandibuzz|move: Roost\n|\n|-heal|p1a: Magnezone|70\/100|[from] item: Leftovers\n|upkeep\n|turn|37\n|\n|t:|1614795730\n|move|p2a: Mandibuzz|U-turn|p1a: Magnezone\n|-resisted|p1a: Magnezone\n|-damage|p1a: Magnezone|65\/100\n|\n|t:|1614795734\n|switch|p2a: Urshifu|Urshifu-Rapid-Strike, F|44\/100|[from]move: U-turn\n|move|p1a: Magnezone|Substitute|p1a: Magnezone\n|-start|p1a: Magnezone|Substitute\n|-damage|p1a: Magnezone|40\/100\n|\n|-heal|p1a: Magnezone|46\/100|[from] item: Leftovers\n|upkeep\n|turn|38\n|\n|t:|1614795741\n|move|p2a: Urshifu|Surging Strikes|p1a: Magnezone\n|-crit|p1a: Magnezone\n|-activate|p1a: Magnezone|move: Substitute|[damage]\n|-crit|p1a: Magnezone\n|-end|p1a: Magnezone|Substitute\n|-crit|p1a: Magnezone\n|-damage|p1a: Magnezone|22\/100\n|-hitcount|p1a: Magnezone|3\n|move|p1a: Magnezone|Thunderbolt|p2a: Urshifu\n|-supereffective|p2a: Urshifu\n|-damage|p2a: Urshifu|0 fnt\n|faint|p2a: Urshifu\n|\n|-heal|p1a: Magnezone|28\/100|[from] item: Leftovers\n|upkeep\n|\n|t:|1614795753\n|switch|p2a: Victini|Victini|100\/100\n|turn|39\n|\n|t:|1614795761\n|switch|p1a: Slowking|Slowking-Galar, F|100\/100\n|move|p2a: Victini|Scorching Sands|p1a: Slowking\n|-supereffective|p1a: Slowking\n|-damage|p1a: Slowking|82\/100\n|\n|upkeep\n|turn|40\n|l| Xephix\n|\n|t:|1614795777\n|switch|p2a: Mandibuzz|Mandibuzz, F|100\/100\n|move|p1a: Slowking|Flamethrower|p2a: Mandibuzz\n|-damage|p2a: Mandibuzz|81\/100\n|\n|upkeep\n|turn|41\n|\n|t:|1614795783\n|move|p2a: Mandibuzz|U-turn|p1a: Slowking\n|-damage|p1a: Slowking|70\/100\n|\n|t:|1614795786\n|switch|p2a: Melmetal|Melmetal|74\/100|[from]move: U-turn\n|move|p1a: Slowking|Flamethrower|p2a: Melmetal\n|-supereffective|p2a: Melmetal\n|-damage|p2a: Melmetal|16\/100\n|\n|upkeep\n|turn|42\n|j| Xephix\n|l| Xephix\n|j| Xephix\n|l| Nalachur\n|\n|t:|1614795802\n|switch|p2a: Victini|Victini|100\/100\n|move|p1a: Slowking|Future Sight|p2a: Victini\n|-start|p1a: Slowking|move: Future Sight\n|\n|upkeep\n|turn|43\n|j| coachzach\n|l| Xephix\n|\n|t:|1614795809\n|move|p2a: Victini|Future Sight|p1a: Slowking\n|-start|p2a: Victini|move: Future Sight\n|move|p1a: Slowking|Sludge Bomb|p2a: Victini\n|-crit|p2a: Victini\n|-damage|p2a: Victini|50\/100\n|-status|p2a: Victini|psn\n|\n|-damage|p2a: Victini|38\/100 psn|[from] psn\n|upkeep\n|turn|44\n|\n|t:|1614795816\n|move|p1a: Slowking|Sludge Bomb|p2a: Victini\n|-damage|p2a: Victini|2\/100 psn\n|move|p2a: Victini|Trick Room|p2a: Victini\n|-fieldstart|move: Trick Room|[of] p2a: Victini\n|\n|-end|p2a: Victini|move: Future Sight\n|-resisted|p2a: Victini\n|-damage|p2a: Victini|0 fnt\n|faint|p2a: Victini\n|upkeep\n|\n|t:|1614795824\n|switch|p2a: Melmetal|Melmetal|16\/100\n|turn|45\n|\n|t:|1614795834\n|switch|p1a: Garchomp|Garchomp, M|63\/100\n|move|p2a: Melmetal|Double Iron Bash|p1a: Garchomp\n|-damage|p1a: Garchomp|0 fnt\n|-damage|p2a: Melmetal|3\/100|[from] ability: Rough Skin|[of] p1a: Garchomp\n|-hitcount|p1a: Garchomp|1\n|faint|p1a: Garchomp\n|\n|-hint|Future Sight did not hit because the target is fainted.\n|upkeep\n|\n|t:|1614795849\n|switch|p1a: Magnezone|Magnezone|28\/100\n|turn|46\n|\n|t:|1614795854\n|move|p2a: Melmetal|Double Iron Bash|p1a: Magnezone\n|-resisted|p1a: Magnezone\n|-damage|p1a: Magnezone|15\/100\n|-resisted|p1a: Magnezone\n|-damage|p1a: Magnezone|1\/100\n|-hitcount|p1a: Magnezone|2\n|cant|p1a: Magnezone|flinch\n|\n|-heal|p1a: Magnezone|7\/100|[from] item: Leftovers\n|upkeep\n|turn|47\n|\n|t:|1614795869\n|move|p2a: Melmetal|Double Iron Bash|p1a: Magnezone\n|-resisted|p1a: Magnezone\n|-damage|p1a: Magnezone|0 fnt\n|-hitcount|p1a: Magnezone|1\n|faint|p1a: Magnezone\n|\n|upkeep\n|\n|t:|1614795875\n|switch|p1a: Slowking|Slowking-Galar, F|100\/100\n|turn|48\n|\n|t:|1614795878\n|move|p1a: Slowking|Flamethrower|p2a: Melmetal\n|-supereffective|p2a: Melmetal\n|-damage|p2a: Melmetal|0 fnt\n|faint|p2a: Melmetal\n|\n|-fieldend|move: Trick Room\n|upkeep\n|\n|t:|1614795884\n|switch|p2a: Mandibuzz|Mandibuzz, F|81\/100\n|turn|49\n|\n|t:|1614795887\n|move|p2a: Mandibuzz|Foul Play|p1a: Slowking\n|-supereffective|p1a: Slowking\n|-damage|p1a: Slowking|51\/100\n|move|p1a: Slowking|Sludge Bomb|p2a: Mandibuzz\n|-damage|p2a: Mandibuzz|49\/100\n|-status|p2a: Mandibuzz|psn\n|\n|-damage|p2a: Mandibuzz|36\/100 psn|[from] psn\n|upkeep\n|turn|50\n|\n|t:|1614795899\n|move|p2a: Mandibuzz|Roost|p2a: Mandibuzz\n|-heal|p2a: Mandibuzz|86\/100 psn\n|-singleturn|p2a: Mandibuzz|move: Roost\n|move|p1a: Slowking|Sludge Bomb|p2a: Mandibuzz\n|-damage|p2a: Mandibuzz|54\/100 psn\n|\n|-damage|p2a: Mandibuzz|41\/100 psn|[from] psn\n|upkeep\n|turn|51\n|\n|t:|1614795907\n|move|p2a: Mandibuzz|Roost|p2a: Mandibuzz\n|-heal|p2a: Mandibuzz|91\/100 psn\n|-singleturn|p2a: Mandibuzz|move: Roost\n|move|p1a: Slowking|Sludge Bomb|p2a: Mandibuzz\n|-damage|p2a: Mandibuzz|58\/100 psn\n|\n|-damage|p2a: Mandibuzz|45\/100 psn|[from] psn\n|upkeep\n|turn|52\n|\n|t:|1614795918\n|move|p2a: Mandibuzz|Roost|p2a: Mandibuzz\n|-heal|p2a: Mandibuzz|95\/100 psn\n|-singleturn|p2a: Mandibuzz|move: Roost\n|move|p1a: Slowking|Sludge Bomb|p2a: Mandibuzz\n|-damage|p2a: Mandibuzz|66\/100 psn\n|\n|-damage|p2a: Mandibuzz|53\/100 psn|[from] psn\n|upkeep\n|turn|53\n|l| coachzach\n|l| Zenturial\n|\n|t:|1614795925\n|move|p2a: Mandibuzz|Roost|p2a: Mandibuzz\n|-heal|p2a: Mandibuzz|100\/100 psn\n|-singleturn|p2a: Mandibuzz|move: Roost\n|move|p1a: Slowking|Sludge Bomb|p2a: Mandibuzz\n|-damage|p2a: Mandibuzz|69\/100 psn\n|\n|-damage|p2a: Mandibuzz|57\/100 psn|[from] psn\n|upkeep\n|turn|54\n|\n|t:|1614795933\n|move|p2a: Mandibuzz|Roost|p2a: Mandibuzz\n|-heal|p2a: Mandibuzz|100\/100 psn\n|-singleturn|p2a: Mandibuzz|move: Roost\n|move|p1a: Slowking|Sludge Bomb|p2a: Mandibuzz\n|-damage|p2a: Mandibuzz|71\/100 psn\n|\n|-damage|p2a: Mandibuzz|58\/100 psn|[from] psn\n|upkeep\n|turn|55\n|\n|t:|1614795941\n|switch|p1a: Latios|Latios, M|71\/100\n|move|p2a: Mandibuzz|Roost|p2a: Mandibuzz\n|-heal|p2a: Mandibuzz|100\/100 psn\n|-singleturn|p2a: Mandibuzz|move: Roost\n|\n|-damage|p2a: Mandibuzz|88\/100 psn|[from] psn\n|upkeep\n|turn|56\n|\n|t:|1614795949\n|move|p1a: Latios|Roost|p1a: Latios\n|-heal|p1a: Latios|100\/100\n|-singleturn|p1a: Latios|move: Roost\n|move|p2a: Mandibuzz|Roost|p2a: Mandibuzz\n|-heal|p2a: Mandibuzz|100\/100 psn\n|-singleturn|p2a: Mandibuzz|move: Roost\n|\n|-damage|p2a: Mandibuzz|88\/100 psn|[from] psn\n|upkeep\n|turn|57\n|\n|t:|1614795958\n|move|p1a: Latios|Psychic|p2a: Mandibuzz\n|-immune|p2a: Mandibuzz\n|move|p2a: Mandibuzz|Foul Play|p1a: Latios\n|-supereffective|p1a: Latios\n|-damage|p1a: Latios|39\/100\n|\n|-damage|p2a: Mandibuzz|75\/100 psn|[from] psn\n|upkeep\n|turn|58\n|j| wildworld\n|\n|t:|1614795967\n|move|p1a: Latios|Roost|p1a: Latios\n|-heal|p1a: Latios|89\/100\n|-singleturn|p1a: Latios|move: Roost\n|move|p2a: Mandibuzz|Roost|p2a: Mandibuzz\n|-heal|p2a: Mandibuzz|100\/100 psn\n|-singleturn|p2a: Mandibuzz|move: Roost\n|\n|-damage|p2a: Mandibuzz|88\/100 psn|[from] psn\n|upkeep\n|turn|59\n|\n|t:|1614795978\n|move|p1a: Latios|Psychic|p2a: Mandibuzz\n|-immune|p2a: Mandibuzz\n|move|p2a: Mandibuzz|Foul Play|p1a: Latios\n|-supereffective|p1a: Latios\n|-damage|p1a: Latios|23\/100\n|\n|-damage|p2a: Mandibuzz|75\/100 psn|[from] psn\n|upkeep\n|turn|60\n|\n|t:|1614795986\n|move|p1a: Latios|Roost|p1a: Latios\n|-heal|p1a: Latios|73\/100\n|-singleturn|p1a: Latios|move: Roost\n|move|p2a: Mandibuzz|Foul Play|p1a: Latios\n|-supereffective|p1a: Latios\n|-damage|p1a: Latios|13\/100\n|\n|-damage|p2a: Mandibuzz|63\/100 psn|[from] psn\n|upkeep\n|turn|61\n|\n|t:|1614795994\n|move|p1a: Latios|Draco Meteor|p2a: Mandibuzz\n|-damage|p2a: Mandibuzz|0 fnt\n|-unboost|p1a: Latios|spa|2\n|-damage|p1a: Latios|3\/100|[from] item: Life Orb\n|faint|p2a: Mandibuzz\n|\n|win|Burnt Bright\n|l|\u2606Dragez\n|c|\u2606Burnt Bright|gg\n|c|\u2606Burnt Bright|despite the hax\n|l| wildworld\n||Ladder (probably) updated, but score could not be retrieved (Request timeout).\n","uploadtime":1614796151,"views":19,"p1id":"burntbright","p2id":"dragez","formatid":"gen8ou","rating":0,"private":0,"password":null}