{"id":"gen8nationaldexag-1172312678","p1":"guxxtavo","p2":"BaddyGames","format":"gen8nationaldexag","log":"|j|\u2606guxxtavo\n|j|\u2606BaddyGames\n|t:|1597948233\n|player|p1|guxxtavo|hoopster|1626\n|player|p2|BaddyGames|275|1558\n|teamsize|p1|6\n|teamsize|p2|6\n|gametype|singles\n|gen|8\n|tier|[Gen 8] National Dex AG\n|rated|\n|clearpoke\n|poke|p1|Pyukumuku, M|\n|poke|p1|Polteageist|\n|poke|p1|Grimmsnarl, M|\n|poke|p1|Hatterene, F|\n|poke|p1|Donphan, F|\n|poke|p1|Lucario, M|\n|poke|p2|Zacian-Crowned|\n|poke|p2|Kyogre|\n|poke|p2|Zacian-Crowned|\n|poke|p2|Arceus-*|\n|poke|p2|Yveltal|\n|poke|p2|Groudon|\n|rule|HP Percentage Mod: HP is shown in percentages\n|rule|Endless Battle Clause: Forcing endless battles is banned\n|teampreview\n|inactive|Battle timer is ON: inactive players will automatically lose when time's up. (requested by BaddyGames)\n|\n|t:|1597948240\n|start\n|switch|p1a: Donphan|Donphan, F|100\/100\n|switch|p2a: Zacian|Zacian-Crowned|100\/100\n|-ability|p2a: Zacian|Intrepid Sword|boost\n|-boost|p2a: Zacian|atk|1\n|turn|1\n|\n|t:|1597948251\n|switch|p1a: Pyukumuku|Pyukumuku, M|100\/100\n|move|p2a: Zacian|Behemoth Blade|p1a: Pyukumuku\n|-resisted|p1a: Pyukumuku\n|-damage|p1a: Pyukumuku|79\/100\n|-damage|p2a: Zacian|84\/100|[from] item: Rocky Helmet|[of] p1a: Pyukumuku\n|\n|upkeep\n|turn|2\n|c|\u2606guxxtavo|!dt ground\nNo Pok\u00e9mon, item, move, ability or nature named 'ground' was found. Showing the data of 'Tectonic Rage' instead.\n|raw|<ul class=\"utilichart\"><li class=\"result\"><span class=\"col movenamecol\"><a href=\"https:\/\/dex.pokemonshowdown.com\/moves\/tectonicrage\">Tectonic Rage<\/a><\/span> <span class=\"col typecol\"><img src=\"\/\/play.pokemonshowdown.com\/sprites\/types\/Ground.png\" alt=\"Ground\" width=\"32\" height=\"14\"><img src=\"\/\/play.pokemonshowdown.com\/sprites\/categories\/Physical.png\" alt=\"Physical\" width=\"32\" height=\"14\"><\/span> <span class=\"col labelcol\"><em>Power<\/em><br>1<\/span> <span class=\"col widelabelcol\"><em>Accuracy<\/em><br>\u2014<\/span> <span class=\"col pplabelcol\"><em>PP<\/em><br>1<\/span> <span class=\"col movedesccol\">Power is equal to the base move's Z-Power.<\/span> <\/li><li style=\"clear:both\"><\/li><\/ul>\n|raw|<font size=\"1\"><font color=\"#686868\">Priority:<\/font> 0&nbsp;|&ThickSpace;<font color=\"#686868\">Gen:<\/font> 7&nbsp;|&ThickSpace;&#10007; Past Gens Only&nbsp;|&ThickSpace;&#10003; Bypasses Protect&nbsp;|&ThickSpace;&#10003; Z-Move&nbsp;|&ThickSpace;<font color=\"#686868\">Z-Crystal:<\/font> Groundium Z&nbsp;|&ThickSpace;<font color=\"#686868\">Dynamax Power:<\/font> 1&nbsp;|&ThickSpace;<font color=\"#686868\">Target:<\/font> One Adjacent Pok\u00e9mon<\/font>\n\n|inactive|guxxtavo has 120 seconds left.\n|c|\u2606guxxtavo|!weak donphan\n|c| guxxtavo|\/raw <div class=\"infobox\">Donphan (ignoring abilities):<br \/><span class=\"message-effect-weak\">Weaknesses<\/span>: Grass, Ice, Water<br \/><span class=\"message-effect-resist\">Resistances<\/span>: Poison, Rock<br \/><span class=\"message-effect-immune\">Immunities<\/span>: Electric, Sandstorm damage<\/div>\n|\n|t:|1597948310\n|move|p2a: Zacian|Wild Charge|p1a: Pyukumuku\n|-supereffective|p1a: Pyukumuku\n|-damage|p1a: Pyukumuku|26\/100\n|-damage|p2a: Zacian|67\/100|[from] item: Rocky Helmet|[of] p1a: Pyukumuku\n|-damage|p2a: Zacian|54\/100|[from] Recoil\n|move|p1a: Pyukumuku|Recover|p1a: Pyukumuku\n|-heal|p1a: Pyukumuku|76\/100\n|\n|upkeep\n|turn|3\n|\n|t:|1597948322\n|switch|p2a: Yveltal|Yveltal|100\/100\n|-ability|p2a: Yveltal|Dark Aura\n|move|p1a: Pyukumuku|Recover|p1a: Pyukumuku\n|-heal|p1a: Pyukumuku|100\/100\n|\n|upkeep\n|turn|4\n|inactive|guxxtavo has 90 seconds left.\n|\n|t:|1597948338\n|switch|p1a: Lucario|Lucario, M|100\/100\n|-start|p2a: Yveltal|Dynamax\n|-heal|p2a: Yveltal|100\/100|[silent]\n|move|p2a: Yveltal|Max Darkness|p1a: Lucario\n|-resisted|p1a: Lucario\n|-damage|p1a: Lucario|0 fnt\n|-damage|p2a: Yveltal|96\/100|[from] item: Life Orb\n|faint|p1a: Lucario\n|\n|upkeep\n|\n|t:|1597948342\n|switch|p1a: Grimmsnarl|Grimmsnarl, M|100\/100\n|turn|5\n|\n|t:|1597948349\n|move|p1a: Grimmsnarl|Light Screen|p1a: Grimmsnarl\n|-sidestart|p1: guxxtavo|move: Light Screen\n|move|p2a: Yveltal|Max Airstream|p1a: Grimmsnarl\n|-damage|p1a: Grimmsnarl|67\/100\n|-boost|p2a: Yveltal|spe|1\n|-damage|p2a: Yveltal|91\/100|[from] item: Life Orb\n|\n|upkeep\n|turn|6\n|\n|t:|1597948355\n|move|p2a: Yveltal|Max Darkness|p1a: Grimmsnarl\n|-resisted|p1a: Grimmsnarl\n|-damage|p1a: Grimmsnarl|56\/100\n|-unboost|p1a: Grimmsnarl|spd|1\n|-damage|p2a: Yveltal|86\/100|[from] item: Life Orb\n|move|p1a: Grimmsnarl|Spirit Break|p2a: Yveltal\n|-supereffective|p2a: Yveltal\n|-damage|p2a: Yveltal|56\/100\n|-unboost|p2a: Yveltal|spa|1\n|\n|-end|p2a: Yveltal|Dynamax\n|-heal|p2a: Yveltal|56\/100|[silent]\n|upkeep\n|turn|7\n|\n|t:|1597948366\n|move|p2a: Yveltal|Oblivion Wing|p1a: Grimmsnarl\n|-damage|p1a: Grimmsnarl|36\/100\n|-heal|p2a: Yveltal|71\/100|[from] drain|[of] p1a: Grimmsnarl\n|-damage|p2a: Yveltal|62\/100|[from] item: Life Orb\n|move|p1a: Grimmsnarl|Spirit Break|p2a: Yveltal\n|-supereffective|p2a: Yveltal\n|-damage|p2a: Yveltal|4\/100\n|-unboost|p2a: Yveltal|spa|1\n|\n|upkeep\n|turn|8\n|\n|t:|1597948388\n|switch|p2a: Zacian|Zacian-Crowned|54\/100\n|-ability|p2a: Zacian|Intrepid Sword|boost\n|-boost|p2a: Zacian|atk|1\n|move|p1a: Grimmsnarl|Spirit Break|p2a: Zacian\n|-resisted|p2a: Zacian\n|-damage|p2a: Zacian|41\/100\n|-unboost|p2a: Zacian|spa|1\n|\n|upkeep\n|turn|9\n|\n|t:|1597948400\n|switch|p1a: Pyukumuku|Pyukumuku, M|100\/100\n|move|p2a: Zacian|Behemoth Blade|p1a: Pyukumuku\n|-resisted|p1a: Pyukumuku\n|-damage|p1a: Pyukumuku|81\/100\n|-damage|p2a: Zacian|25\/100|[from] item: Rocky Helmet|[of] p1a: Pyukumuku\n|\n|upkeep\n|turn|10\n|\n|t:|1597948407\n|switch|p2a: Yveltal|Yveltal|4\/100\n|-ability|p2a: Yveltal|Dark Aura\n|move|p1a: Pyukumuku|Recover|p1a: Pyukumuku\n|-heal|p1a: Pyukumuku|100\/100\n|\n|upkeep\n|turn|11\n|inactive|guxxtavo has 120 seconds left.\n|\n|t:|1597948414\n|move|p2a: Yveltal|Oblivion Wing|p1a: Pyukumuku\n|-damage|p1a: Pyukumuku|76\/100\n|-heal|p2a: Yveltal|18\/100|[from] drain|[of] p1a: Pyukumuku\n|-damage|p2a: Yveltal|8\/100|[from] item: Life Orb\n|move|p1a: Pyukumuku|Toxic|p2a: Yveltal|[miss]\n|-miss|p1a: Pyukumuku|p2a: Yveltal\n|\n|upkeep\n|turn|12\n|inactive|guxxtavo has 120 seconds left.\n|c|\u2606guxxtavo|:\/\n|\n|t:|1597948430\n|move|p2a: Yveltal|Oblivion Wing|p1a: Pyukumuku\n|-damage|p1a: Pyukumuku|52\/100\n|-heal|p2a: Yveltal|22\/100|[from] drain|[of] p1a: Pyukumuku\n|-damage|p2a: Yveltal|12\/100|[from] item: Life Orb\n|move|p1a: Pyukumuku|Toxic|p2a: Yveltal|[miss]\n|-miss|p1a: Pyukumuku|p2a: Yveltal\n|\n|-sideend|p1: guxxtavo|move: Light Screen\n|upkeep\n|turn|13\n|-message|guxxtavo forfeited.\n|\n|win|BaddyGames\n|c|\u2606BaddyGames|rip\n|l|\u2606guxxtavo\n|l|\u2606BaddyGames\n","uploadtime":1597948469,"views":22,"p1id":"guxxtavo","p2id":"baddygames","formatid":"gen8nationaldexag","rating":0,"private":0,"password":null}