{"id":"gen8ou-1481733324","p1":"Foolish Shogun","p2":"TektTest","format":"gen8ou","log":"|j|\u2606Foolish Shogun\n|j|\u2606TektTest\n|t:|1640766499\n|gametype|singles\n|player|p1|Foolish Shogun|ghetsis-gen5bw|1602\n|player|p2|TektTest|blue|1476\n|teamsize|p1|6\n|teamsize|p2|6\n|gen|8\n|tier|[Gen 8] OU\n|rated|\n|rule|Sleep Clause Mod: Limit one foe put to sleep\n|rule|Species Clause: Limit one of each Pok\u00e9mon\n|rule|OHKO Clause: OHKO moves are banned\n|rule|Evasion Moves Clause: Evasion moves are banned\n|rule|Endless Battle Clause: Forcing endless battles is banned\n|rule|HP Percentage Mod: HP is shown in percentages\n|rule|Dynamax Clause: You cannot dynamax\n|clearpoke\n|poke|p1|Araquanid, F|\n|poke|p1|Nidoking, M|\n|poke|p1|Urshifu-*, M|\n|poke|p1|Zapdos-Galar|\n|poke|p1|Heatran, M|\n|poke|p1|Dragapult, M|\n|poke|p2|Porygon2|\n|poke|p2|Gyarados, F|\n|poke|p2|Dragonite, F|\n|poke|p2|Melmetal|\n|poke|p2|Urshifu-*, M|\n|poke|p2|Landorus-Therian, M|\n|teampreview\n|\n|t:|1640766517\n|start\n|switch|p1a: Araquanid|Araquanid, F|100\/100\n|switch|p2a: Urshifu|Urshifu-Rapid-Strike, M|100\/100\n|turn|1\n|\n|t:|1640766530\n|switch|p2a: Dragonite|Dragonite, F|100\/100\n|move|p1a: Araquanid|Liquidation|p2a: Dragonite\n|-resisted|p2a: Dragonite\n|-damage|p2a: Dragonite|83\/100\n|\n|upkeep\n|turn|2\n|\n|t:|1640766533\n|move|p2a: Dragonite|Dual Wingbeat|p1a: Araquanid\n|-supereffective|p1a: Araquanid\n|-damage|p1a: Araquanid|58\/100\n|-supereffective|p1a: Araquanid\n|-damage|p1a: Araquanid|13\/100\n|-hitcount|p1a: Araquanid|2\n|move|p1a: Araquanid|Liquidation|p2a: Dragonite\n|-resisted|p2a: Dragonite\n|-damage|p2a: Dragonite|52\/100\n|\n|upkeep\n|turn|3\n|j| AshStackem\n|\n|t:|1640766538\n|move|p2a: Dragonite|Roost|p2a: Dragonite\n|-heal|p2a: Dragonite|100\/100\n|-singleturn|p2a: Dragonite|move: Roost\n|move|p1a: Araquanid|Liquidation|p2a: Dragonite\n|-resisted|p2a: Dragonite\n|-damage|p2a: Dragonite|82\/100\n|\n|upkeep\n|turn|4\n|\n|t:|1640766540\n|move|p2a: Dragonite|Dragon Dance|p2a: Dragonite\n|-boost|p2a: Dragonite|atk|1\n|-boost|p2a: Dragonite|spe|1\n|move|p1a: Araquanid|Liquidation|p2a: Dragonite\n|-resisted|p2a: Dragonite\n|-damage|p2a: Dragonite|47\/100\n|\n|upkeep\n|turn|5\n|\n|t:|1640766542\n|move|p2a: Dragonite|Roost|p2a: Dragonite\n|-heal|p2a: Dragonite|97\/100\n|-singleturn|p2a: Dragonite|move: Roost\n|move|p1a: Araquanid|Liquidation|p2a: Dragonite\n|-resisted|p2a: Dragonite\n|-damage|p2a: Dragonite|62\/100\n|\n|upkeep\n|turn|6\n|\n|t:|1640766549\n|move|p2a: Dragonite|Roost|p2a: Dragonite\n|-heal|p2a: Dragonite|100\/100\n|-singleturn|p2a: Dragonite|move: Roost\n|move|p1a: Araquanid|Liquidation|p2a: Dragonite\n|-resisted|p2a: Dragonite\n|-damage|p2a: Dragonite|84\/100\n|\n|upkeep\n|turn|7\n|\n|t:|1640766557\n|switch|p1a: Zapdos|Zapdos-Galar|100\/100\n|move|p2a: Dragonite|Dragon Dance|p2a: Dragonite\n|-boost|p2a: Dragonite|atk|1\n|-boost|p2a: Dragonite|spe|1\n|\n|upkeep\n|turn|8\n|\n|t:|1640766560\n|move|p1a: Zapdos|Brave Bird|p2a: Dragonite\n|-damage|p2a: Dragonite|42\/100\n|-damage|p1a: Zapdos|85\/100|[from] Recoil\n|move|p2a: Dragonite|Dual Wingbeat|p1a: Zapdos\n|-supereffective|p1a: Zapdos\n|-damage|p1a: Zapdos|2\/100\n|-supereffective|p1a: Zapdos\n|-damage|p1a: Zapdos|0 fnt\n|faint|p1a: Zapdos\n|-hitcount|p1: Zapdos|2\n|\n|upkeep\n|\n|t:|1640766565\n|switch|p1a: Dragapult|Dragapult, M|100\/100\n|turn|9\n|\n|t:|1640766568\n|switch|p2a: Porygon2|Porygon2, shiny|100\/100\n|-ability|p2a: Porygon2|Infiltrator|[from] ability: Trace|[of] p1a: Dragapult\n|move|p1a: Dragapult|Shadow Ball|p2a: Porygon2\n|-immune|p2a: Porygon2\n|\n|upkeep\n|turn|10\n|\n|t:|1640766573\n|switch|p1a: Araquanid|Araquanid, F|13\/100\n|move|p2a: Porygon2|Teleport|p2a: Porygon2\n|\n|t:|1640766575\n|switch|p2a: Dragonite|Dragonite, F|42\/100|[from]move: Teleport\n|\n|upkeep\n|turn|11\n|\n|t:|1640766577\n|switch|p1a: Dragapult|Dragapult, M|100\/100\n|move|p2a: Dragonite|Roost|p2a: Dragonite\n|-heal|p2a: Dragonite|92\/100\n|-singleturn|p2a: Dragonite|move: Roost\n|\n|upkeep\n|turn|12\n|\n|t:|1640766579\n|switch|p2a: Porygon2|Porygon2, shiny|100\/100\n|-ability|p2a: Porygon2|Infiltrator|[from] ability: Trace|[of] p1a: Dragapult\n|move|p1a: Dragapult|U-turn|p2a: Porygon2\n|-damage|p2a: Porygon2|88\/100\n|\n|t:|1640766581\n|switch|p1a: Urshifu|Urshifu-Rapid-Strike, M|100\/100|[from]move: U-turn\n|\n|upkeep\n|turn|13\n|\n|t:|1640766585\n|switch|p2a: Gyarados|Gyarados, F, shiny|100\/100\n|-ability|p2a: Gyarados|Intimidate|boost\n|-unboost|p1a: Urshifu|atk|1\n|move|p1a: Urshifu|U-turn|p2a: Gyarados\n|-resisted|p2a: Gyarados\n|-crit|p2a: Gyarados\n|-damage|p2a: Gyarados|81\/100\n|inactive|Battle timer is ON: inactive players will automatically lose when time's up. (requested by TektTest)\n|\n|t:|1640766591\n|switch|p1a: Dragapult|Dragapult, M|100\/100|[from]move: U-turn\n|\n|-heal|p2a: Gyarados|87\/100|[from] item: Leftovers\n|upkeep\n|turn|14\n|\n|t:|1640766593\n|move|p1a: Dragapult|Draco Meteor|p2a: Gyarados\n|-damage|p2a: Gyarados|4\/100\n|-unboost|p1a: Dragapult|spa|2\n|move|p2a: Gyarados|Thunder Wave|p1a: Dragapult\n|-status|p1a: Dragapult|par\n|\n|-heal|p2a: Gyarados|10\/100|[from] item: Leftovers\n|upkeep\n|turn|15\n|-message|Foolish Shogun forfeited.\n|\n|win|TektTest\n|raw|Foolish Shogun's rating: 1602 &rarr; <strong>1575<\/strong><br \/>(-27 for losing)\n|raw|TektTest's rating: 1476 &rarr; <strong>1503<\/strong><br \/>(+27 for winning)\n|l|\u2606Foolish Shogun\n","uploadtime":1640766600,"views":20,"p1id":"foolishshogun","p2id":"tekttest","formatid":"gen8ou","rating":1503,"private":0,"password":null}