{"id":"gen8ou-1499783401","p1":"Genspest","p2":"Igotthegat","format":"gen8ou","log":"|j|\u2606Genspest\n|j|\u2606Igotthegat\n|t:|1643324988\n|gametype|singles\n|player|p1|Genspest|n|1309\n|player|p2|Igotthegat|hilda|1314\n|teamsize|p1|6\n|teamsize|p2|6\n|gen|8\n|tier|[Gen 8] OU\n|rated|\n|rule|Sleep Clause Mod: Limit one foe put to sleep\n|rule|Species Clause: Limit one of each Pok\u00e9mon\n|rule|OHKO Clause: OHKO moves are banned\n|rule|Evasion Moves Clause: Evasion moves are banned\n|rule|Endless Battle Clause: Forcing endless battles is banned\n|rule|HP Percentage Mod: HP is shown in percentages\n|rule|Dynamax Clause: You cannot dynamax\n|clearpoke\n|poke|p1|Regieleki|\n|poke|p1|Cinccino, F|\n|poke|p1|Landorus-Therian, M|\n|poke|p1|Zapdos-Galar|\n|poke|p1|Slowking-Galar, M|\n|poke|p1|Blacephalon|\n|poke|p2|Landorus-Therian, M|\n|poke|p2|Slowking, F|\n|poke|p2|Volcarona, F|\n|poke|p2|Bisharp, M|\n|poke|p2|Kartana|\n|poke|p2|Rotom-Wash|\n|teampreview\n|inactive|Battle timer is ON: inactive players will automatically lose when time's up. (requested by Genspest)\n|\n|t:|1643325004\n|start\n|switch|p1a: Zapdos|Zapdos-Galar|100\/100\n|switch|p2a: Rotom|Rotom-Wash|100\/100\n|turn|1\n|\n|t:|1643325011\n|move|p2a: Rotom|Volt Switch|p1a: Zapdos\n|-supereffective|p1a: Zapdos\n|-damage|p1a: Zapdos|44\/100\n|\n|t:|1643325015\n|switch|p2a: Slowking|Slowking, F|100\/100|[from]move: Volt Switch\n|move|p1a: Zapdos|U-turn|p2a: Slowking\n|-supereffective|p2a: Slowking\n|-damage|p2a: Slowking|45\/100\n|\n|t:|1643325021\n|switch|p1a: Landorus|Landorus-Therian, M|100\/100|[from]move: U-turn\n|-ability|p1a: Landorus|Intimidate|boost\n|-unboost|p2a: Slowking|atk|1\n|\n|-heal|p2a: Slowking|51\/100|[from] item: Leftovers\n|upkeep\n|turn|2\n|\n|t:|1643325030\n|move|p1a: Landorus|Knock Off|p2a: Slowking\n|-supereffective|p2a: Slowking\n|-crit|p2a: Slowking\n|-damage|p2a: Slowking|0 fnt\n|-enditem|p2a: Slowking|Leftovers|[from] move: Knock Off|[of] p1a: Landorus\n|faint|p2a: Slowking\n|\n|upkeep\n|\n|t:|1643325037\n|switch|p2a: Rotom|Rotom-Wash|100\/100\n|turn|3\n|\n|t:|1643325042\n|switch|p1a: Slowking|Slowking-Galar, M|100\/100\n|move|p2a: Rotom|Volt Switch|p1a: Slowking\n|-damage|p1a: Slowking|88\/100\n|\n|t:|1643325048\n|switch|p2a: Bisharp|Bisharp, M|100\/100|[from]move: Volt Switch\n|\n|upkeep\n|turn|4\n|\n|t:|1643325055\n|switch|p1a: Landorus|Landorus-Therian, M|100\/100\n|-ability|p1a: Landorus|Intimidate|boost\n|-unboost|p2a: Bisharp|atk|1\n|-ability|p2a: Bisharp|Defiant\n|-boost|p2a: Bisharp|atk|2\n|move|p2a: Bisharp|Knock Off|p1a: Landorus\n|-damage|p1a: Landorus|44\/100\n|-enditem|p1a: Landorus|Leftovers|[from] move: Knock Off|[of] p2a: Bisharp\n|\n|upkeep\n|turn|5\n|\n|t:|1643325068\n|move|p2a: Bisharp|Sucker Punch||[still]\n|-fail|p2a: Bisharp\n|move|p1a: Landorus|Stealth Rock|p2a: Bisharp\n|-sidestart|p2: Igotthegat|move: Stealth Rock\n|\n|upkeep\n|turn|6\n|\n|t:|1643325075\n|switch|p1a: Zapdos|Zapdos-Galar|44\/100\n|move|p2a: Bisharp|Swords Dance|p2a: Bisharp\n|-boost|p2a: Bisharp|atk|2\n|\n|upkeep\n|turn|7\n|\n|t:|1643325084\n|move|p2a: Bisharp|Sucker Punch|p1a: Zapdos\n|-resisted|p1a: Zapdos\n|-damage|p1a: Zapdos|0 fnt\n|faint|p1a: Zapdos\n|\n|upkeep\n|\n|t:|1643325093\n|switch|p1a: Blacephalon|Blacephalon|100\/100\n|turn|8\n|\n|t:|1643325101\n|switch|p1a: Landorus|Landorus-Therian, M|44\/100\n|-ability|p1a: Landorus|Intimidate|boost\n|-unboost|p2a: Bisharp|atk|1\n|-ability|p2a: Bisharp|Defiant\n|-boost|p2a: Bisharp|atk|2\n|move|p2a: Bisharp|Sucker Punch||[still]\n|-fail|p2a: Bisharp\n|\n|upkeep\n|turn|9\n|\n|t:|1643325111\n|move|p1a: Landorus|Earthquake|p2a: Bisharp\n|-supereffective|p2a: Bisharp\n|-enditem|p2a: Bisharp|Focus Sash\n|-damage|p2a: Bisharp|1\/100\n|move|p2a: Bisharp|Knock Off|p1a: Landorus\n|-damage|p1a: Landorus|0 fnt\n|faint|p1a: Landorus\n|\n|upkeep\n|\n|t:|1643325121\n|switch|p1a: Regieleki|Regieleki, shiny|100\/100\n|turn|10\n|\n|t:|1643325126\n|move|p2a: Bisharp|Sucker Punch||[still]\n|-fail|p2a: Bisharp\n|move|p1a: Regieleki|Reflect|p1a: Regieleki\n|-sidestart|p1: Genspest|Reflect\n|\n|upkeep\n|turn|11\n|\n|t:|1643325132\n|move|p2a: Bisharp|Sucker Punch|p1a: Regieleki\n|-crit|p1a: Regieleki\n|-damage|p1a: Regieleki|0 fnt\n|faint|p1a: Regieleki\n|\n|upkeep\n|\n|t:|1643325138\n|switch|p1a: Blacephalon|Blacephalon|100\/100\n|turn|12\n|\n|t:|1643325142\n|move|p2a: Bisharp|Sucker Punch|p1a: Blacephalon\n|-supereffective|p1a: Blacephalon\n|-damage|p1a: Blacephalon|0 fnt\n|faint|p1a: Blacephalon\n|\n|upkeep\n|-message|Genspest forfeited.\n|\n|win|Igotthegat\n|raw|Genspest's rating: 1309 &rarr; <strong>1289<\/strong><br \/>(-20 for losing)\n|raw|Igotthegat's rating: 1314 &rarr; <strong>1334<\/strong><br \/>(+20 for winning)\n|l|\u2606Genspest\n","uploadtime":1643325158,"views":16,"p1id":"genspest","p2id":"igotthegat","formatid":"gen8ou","rating":1289,"private":0,"password":null}