{"id":"gen8ou-1670718303","p1":"dracaufeu shiny","p2":"minimax_ai","format":"gen8ou","log":"|j|\u2606dracaufeu shiny\n|j|\u2606minimax_ai\n|t:|1663862453\n|gametype|singles\n|player|p1|dracaufeu shiny|red|1471\n|player|p2|minimax_ai|lusamine-nihilego|1525\n|teamsize|p1|6\n|teamsize|p2|6\n|gen|8\n|tier|[Gen 8] OU\n|rated|\n|rule|Sleep Clause Mod: Limit one foe put to sleep\n|rule|Species Clause: Limit one of each Pok\u00e9mon\n|rule|OHKO Clause: OHKO moves are banned\n|rule|Evasion Items Clause: Evasion items are banned\n|rule|Evasion Moves Clause: Evasion moves are banned\n|rule|Endless Battle Clause: Forcing endless battles is banned\n|rule|HP Percentage Mod: HP is shown in percentages\n|rule|Dynamax Clause: You cannot dynamax\n|clearpoke\n|poke|p1|Heatran, M|\n|poke|p1|Tapu Lele|\n|poke|p1|Landorus-Therian, M|\n|poke|p1|Tornadus-Therian, M|\n|poke|p1|Ferrothorn, M|\n|poke|p1|Dragapult, F|\n|poke|p2|Rotom-Wash|\n|poke|p2|Weavile, F|\n|poke|p2|Landorus-Therian, M|\n|poke|p2|Heatran, M|\n|poke|p2|Tangrowth, M|\n|poke|p2|Melmetal|\n|teampreview\n|c|\u2606minimax_ai|hf\n|\n|t:|1663862457\n|start\n|switch|p1a: Tornadus|Tornadus-Therian, M|100\/100\n|switch|p2a: Heatran|Heatran, M|100\/100\n|-item|p2a: Heatran|Air Balloon\n|turn|1\n|inactive|Battle timer is ON: inactive players will automatically lose when time's up. (requested by minimax_ai)\n|\n|t:|1663862462\n|move|p1a: Tornadus|U-turn|p2a: Heatran\n|-resisted|p2a: Heatran\n|-damage|p2a: Heatran|97\/100\n|-enditem|p2a: Heatran|Air Balloon\n|\n|t:|1663862464\n|switch|p1a: Landorus|Landorus-Therian, M|100\/100|[from]move: U-turn\n|-ability|p1a: Landorus|Intimidate|boost\n|-unboost|p2a: Heatran|atk|1\n|move|p2a: Heatran|Stealth Rock|p1a: Landorus\n|-sidestart|p1: dracaufeu shiny|move: Stealth Rock\n|\n|upkeep\n|turn|2\n|\n|t:|1663862468\n|switch|p2a: rotomwash|Rotom-Wash|100\/100\n|move|p1a: Landorus|Defog|p2a: rotomwash\n|-unboost|p2a: rotomwash|evasion|1\n|-sideend|p1: dracaufeu shiny|Stealth Rock|[from] move: Defog|[of] p1a: Landorus\n|\n|upkeep\n|turn|3\n|\n|t:|1663862471\n|switch|p1a: Ferrothorn|Ferrothorn, M|100\/100\n|move|p2a: rotomwash|Nasty Plot|p2a: rotomwash\n|-boost|p2a: rotomwash|spa|2\n|\n|upkeep\n|turn|4\n|\n|t:|1663862476\n|switch|p2a: landorustherian|Landorus-Therian, M|100\/100\n|-ability|p2a: landorustherian|Intimidate|boost\n|-unboost|p1a: Ferrothorn|atk|1\n|move|p1a: Ferrothorn|Leech Seed|p2a: landorustherian\n|-start|p2a: landorustherian|move: Leech Seed\n|\n|-damage|p2a: landorustherian|88\/100|[from] Leech Seed|[of] p1a: Ferrothorn\n|upkeep\n|turn|5\n|\n|t:|1663862481\n|move|p2a: landorustherian|U-turn|p1a: Ferrothorn\n|-damage|p1a: Ferrothorn|88\/100\n|-damage|p2a: landorustherian|76\/100|[from] ability: Iron Barbs|[of] p1a: Ferrothorn\n|\n|t:|1663862481\n|switch|p2a: Heatran|Heatran, M|97\/100|[from]move: U-turn\n|move|p1a: Ferrothorn|Knock Off|p2a: Heatran\n|-damage|p2a: Heatran|87\/100\n|\n|-heal|p1a: Ferrothorn|94\/100|[from] item: Leftovers\n|upkeep\n|turn|6\n|\n|t:|1663862490\n|switch|p1a: Landorus|Landorus-Therian, M|100\/100\n|-ability|p1a: Landorus|Intimidate|boost\n|-unboost|p2a: Heatran|atk|1\n|move|p2a: Heatran|Stealth Rock|p1a: Landorus\n|-sidestart|p1: dracaufeu shiny|move: Stealth Rock\n|\n|upkeep\n|turn|7\n|\n|t:|1663862493\n|switch|p2a: rotomwash|Rotom-Wash|100\/100\n|move|p1a: Landorus|Defog|p2a: rotomwash\n|-unboost|p2a: rotomwash|evasion|1\n|-sideend|p1: dracaufeu shiny|Stealth Rock|[from] move: Defog|[of] p1a: Landorus\n|\n|upkeep\n|turn|8\n|\n|t:|1663862496\n|switch|p1a: Ferrothorn|Ferrothorn, M|94\/100\n|move|p2a: rotomwash|Hydro Pump|p1a: Ferrothorn\n|-resisted|p1a: Ferrothorn\n|-damage|p1a: Ferrothorn|75\/100\n|\n|-heal|p1a: Ferrothorn|81\/100|[from] item: Leftovers\n|upkeep\n|turn|9\n|\n|t:|1663862499\n|switch|p2a: landorustherian|Landorus-Therian, M|76\/100\n|-ability|p2a: landorustherian|Intimidate|boost\n|-unboost|p1a: Ferrothorn|atk|1\n|move|p1a: Ferrothorn|Stealth Rock|p2a: landorustherian\n|-sidestart|p2: minimax_ai|move: Stealth Rock\n|\n|-heal|p2a: landorustherian|82\/100|[from] item: Leftovers\n|-heal|p1a: Ferrothorn|87\/100|[from] item: Leftovers\n|upkeep\n|turn|10\n|\n|t:|1663862504\n|move|p2a: landorustherian|Defog|p1a: Ferrothorn\n|-unboost|p1a: Ferrothorn|evasion|1\n|-sideend|p2: minimax_ai|Stealth Rock|[from] move: Defog|[of] p2a: landorustherian\n|move|p1a: Ferrothorn|Body Press|p2a: landorustherian\n|-resisted|p2a: landorustherian\n|-damage|p2a: landorustherian|67\/100\n|\n|-heal|p2a: landorustherian|73\/100|[from] item: Leftovers\n|-heal|p1a: Ferrothorn|93\/100|[from] item: Leftovers\n|upkeep\n|turn|11\n|\n|t:|1663862507\n|move|p2a: landorustherian|Earthquake|p1a: Ferrothorn\n|-damage|p1a: Ferrothorn|67\/100\n|move|p1a: Ferrothorn|Stealth Rock|p2a: landorustherian\n|-sidestart|p2: minimax_ai|move: Stealth Rock\n|\n|-heal|p2a: landorustherian|79\/100|[from] item: Leftovers\n|-heal|p1a: Ferrothorn|73\/100|[from] item: Leftovers\n|upkeep\n|turn|12\n|\n|t:|1663862508\n|move|p2a: landorustherian|Defog|p1a: Ferrothorn\n|-unboost|p1a: Ferrothorn|evasion|1\n|-sideend|p2: minimax_ai|Stealth Rock|[from] move: Defog|[of] p2a: landorustherian\n|move|p1a: Ferrothorn|Leech Seed|p2a: landorustherian\n|-start|p2a: landorustherian|move: Leech Seed\n|\n|-heal|p2a: landorustherian|85\/100|[from] item: Leftovers\n|-heal|p1a: Ferrothorn|79\/100|[from] item: Leftovers\n|-damage|p2a: landorustherian|72\/100|[from] Leech Seed|[of] p1a: Ferrothorn\n|-heal|p1a: Ferrothorn|93\/100|[silent]\n|upkeep\n|turn|13\n|\n|t:|1663862513\n|move|p2a: landorustherian|U-turn|p1a: Ferrothorn\n|-damage|p1a: Ferrothorn|80\/100\n|-damage|p2a: landorustherian|60\/100|[from] ability: Iron Barbs|[of] p1a: Ferrothorn\n|\n|t:|1663862515\n|switch|p2a: Tangrowth|Tangrowth, M|100\/100|[from]move: U-turn\n|move|p1a: Ferrothorn|Stealth Rock|p2a: Tangrowth\n|-sidestart|p2: minimax_ai|move: Stealth Rock\n|\n|-heal|p1a: Ferrothorn|86\/100|[from] item: Leftovers\n|upkeep\n|turn|14\n|\n|t:|1663862518\n|move|p2a: Tangrowth|Knock Off|p1a: Ferrothorn\n|-damage|p1a: Ferrothorn|72\/100\n|-damage|p2a: Tangrowth|88\/100|[from] ability: Iron Barbs|[of] p1a: Ferrothorn\n|-enditem|p1a: Ferrothorn|Leftovers|[from] move: Knock Off|[of] p2a: Tangrowth\n|move|p1a: Ferrothorn|Knock Off|p2a: Tangrowth\n|-damage|p2a: Tangrowth|81\/100\n|-damage|p1a: Ferrothorn|56\/100|[from] item: Rocky Helmet|[of] p2a: Tangrowth\n|-enditem|p2a: Tangrowth|Rocky Helmet|[from] move: Knock Off|[of] p1a: Ferrothorn\n|\n|upkeep\n|turn|15\n|\n|t:|1663862522\n|switch|p1a: Heatran|Heatran, M|100\/100\n|move|p2a: Tangrowth|Sleep Powder|p1a: Heatran\n|-status|p1a: Heatran|slp|[from] move: Sleep Powder\n|\n|upkeep\n|turn|16\n|\n|t:|1663862527\n|switch|p2a: rotomwash|Rotom-Wash|100\/100\n|-damage|p2a: rotomwash|88\/100|[from] Stealth Rock\n|cant|p1a: Heatran|slp\n|\n|-heal|p2a: rotomwash|94\/100|[from] item: Leftovers\n|upkeep\n|turn|17\n|\n|t:|1663862532\n|switch|p1a: Ferrothorn|Ferrothorn, M|56\/100\n|move|p2a: rotomwash|Nasty Plot|p2a: rotomwash\n|-boost|p2a: rotomwash|spa|2\n|\n|-heal|p2a: rotomwash|100\/100|[from] item: Leftovers\n|upkeep\n|turn|18\n|\n|t:|1663862537\n|move|p2a: rotomwash|Thunderbolt|p1a: Ferrothorn\n|-resisted|p1a: Ferrothorn\n|-damage|p1a: Ferrothorn|24\/100\n|move|p1a: Ferrothorn|Knock Off|p2a: rotomwash\n|-damage|p2a: rotomwash|77\/100\n|-enditem|p2a: rotomwash|Leftovers|[from] move: Knock Off|[of] p1a: Ferrothorn\n|\n|upkeep\n|turn|19\n|\n|t:|1663862540\n|move|p2a: rotomwash|Thunderbolt|p1a: Ferrothorn\n|-resisted|p1a: Ferrothorn\n|-damage|p1a: Ferrothorn|0 fnt\n|faint|p1a: Ferrothorn\n|\n|upkeep\n|\n|t:|1663862543\n|switch|p1a: Tapu Lele|Tapu Lele|100\/100\n|-fieldstart|move: Psychic Terrain|[from] ability: Psychic Surge|[of] p1a: Tapu Lele\n|turn|20\n|\n|t:|1663862549\n|switch|p2a: Melmetal|Melmetal|100\/100\n|-damage|p2a: Melmetal|94\/100|[from] Stealth Rock\n|move|p1a: Tapu Lele|Psychic|p2a: Melmetal\n|-resisted|p2a: Melmetal\n|-damage|p2a: Melmetal|78\/100\n|\n|upkeep\n|turn|21\n|\n|t:|1663862554\n|switch|p1a: Landorus|Landorus-Therian, M|100\/100\n|-ability|p1a: Landorus|Intimidate|boost\n|-unboost|p2a: Melmetal|atk|1\n|move|p2a: Melmetal|Double Iron Bash|p1a: Landorus\n|-damage|p1a: Landorus|73\/100\n|-damage|p1a: Landorus|47\/100\n|-hitcount|p1a: Landorus|2\n|\n|-heal|p1a: Landorus|53\/100|[from] item: Leftovers\n|upkeep\n|turn|22\n|\n|t:|1663862557\n|move|p1a: Landorus|U-turn|p2a: Melmetal\n|-resisted|p2a: Melmetal\n|-damage|p2a: Melmetal|72\/100\n|\n|t:|1663862561\n|switch|p1a: Heatran|Heatran, M|100\/100 slp|[from]move: U-turn\n|move|p2a: Melmetal|Ice Punch|p1a: Heatran\n|-resisted|p1a: Heatran\n|-damage|p1a: Heatran|96\/100 slp\n|\n|-heal|p1a: Heatran|100\/100 slp|[from] item: Leftovers\n|upkeep\n|turn|23\n|\n|t:|1663862564\n|cant|p1a: Heatran|slp\n|move|p2a: Melmetal|Earthquake|p1a: Heatran\n|-supereffective|p1a: Heatran\n|-damage|p1a: Heatran|10\/100 slp\n|\n|-heal|p1a: Heatran|17\/100 slp|[from] item: Leftovers\n|upkeep\n|turn|24\n|\n|t:|1663862566\n|cant|p1a: Heatran|slp\n|move|p2a: Melmetal|Thunder Punch|p1a: Heatran\n|-damage|p1a: Heatran|0 fnt\n|faint|p1a: Heatran\n|\n|-fieldend|move: Psychic Terrain\n|upkeep\n|\n|t:|1663862569\n|switch|p1a: Dragapult|Dragapult, F|100\/100\n|turn|25\n|\n|t:|1663862573\n|move|p1a: Dragapult|Will-O-Wisp|p2a: Melmetal\n|-status|p2a: Melmetal|brn\n|move|p2a: Melmetal|Double Iron Bash|p1a: Dragapult\n|-damage|p1a: Dragapult|81\/100\n|-damage|p1a: Dragapult|61\/100\n|-hitcount|p1a: Dragapult|2\n|\n|-damage|p2a: Melmetal|66\/100 brn|[from] brn\n|upkeep\n|turn|26\n|\n|t:|1663862576\n|move|p1a: Dragapult|Hex|p2a: Melmetal\n|-damage|p2a: Melmetal|37\/100 brn\n|move|p2a: Melmetal|Ice Punch|p1a: Dragapult\n|-supereffective|p1a: Dragapult\n|-damage|p1a: Dragapult|32\/100\n|\n|-damage|p2a: Melmetal|31\/100 brn|[from] brn\n|upkeep\n|turn|27\n|\n|t:|1663862579\n|move|p1a: Dragapult|Hex|p2a: Melmetal\n|-damage|p2a: Melmetal|2\/100 brn\n|move|p2a: Melmetal|Ice Punch|p1a: Dragapult\n|-supereffective|p1a: Dragapult\n|-crit|p1a: Dragapult\n|-damage|p1a: Dragapult|0 fnt\n|faint|p1a: Dragapult\n|\n|-damage|p2a: Melmetal|0 fnt|[from] brn\n|faint|p2a: Melmetal\n|upkeep\n|\n|t:|1663862583\n|switch|p1a: Tapu Lele|Tapu Lele|100\/100\n|switch|p2a: landorustherian|Landorus-Therian, M|60\/100\n|-fieldstart|move: Psychic Terrain|[from] ability: Psychic Surge|[of] p1a: Tapu Lele\n|-damage|p2a: landorustherian|48\/100|[from] Stealth Rock\n|-ability|p2a: landorustherian|Intimidate|boost\n|-unboost|p1a: Tapu Lele|atk|1\n|turn|28\n|\n|t:|1663862591\n|switch|p2a: Heatran|Heatran, M|87\/100\n|-damage|p2a: Heatran|75\/100|[from] Stealth Rock\n|move|p1a: Tapu Lele|Moonblast|p2a: Heatran\n|-resisted|p2a: Heatran\n|-damage|p2a: Heatran|63\/100\n|-unboost|p2a: Heatran|spa|1\n|\n|upkeep\n|turn|29\n|\n|t:|1663862596\n|switch|p1a: Tornadus|Tornadus-Therian, M|100\/100\n|move|p2a: Heatran|Magma Storm|p1a: Tornadus\n|-damage|p1a: Tornadus|67\/100\n|-activate|p1a: Tornadus|move: Magma Storm|[of] p2a: Heatran\n|\n|-damage|p1a: Tornadus|55\/100|[from] move: Magma Storm|[partiallytrapped]\n|upkeep\n|turn|30\n|\n|t:|1663862599\n|move|p1a: Tornadus|Knock Off|p2a: Heatran\n|-damage|p2a: Heatran|48\/100\n|move|p2a: Heatran|Magma Storm|p1a: Tornadus\n|-damage|p1a: Tornadus|22\/100\n|\n|-damage|p1a: Tornadus|10\/100|[from] move: Magma Storm|[partiallytrapped]\n|upkeep\n|turn|31\n|\n|t:|1663862602\n|move|p1a: Tornadus|Knock Off|p2a: Heatran\n|-crit|p2a: Heatran\n|-damage|p2a: Heatran|29\/100\n|move|p2a: Heatran|Magma Storm|p1a: Tornadus\n|-damage|p1a: Tornadus|0 fnt\n|faint|p1a: Tornadus\n|\n|upkeep\n|\n|t:|1663862606\n|switch|p1a: Landorus|Landorus-Therian, M|53\/100\n|-ability|p1a: Landorus|Intimidate|boost\n|-unboost|p2a: Heatran|atk|1\n|turn|32\n|\n|t:|1663862609\n|move|p2a: Heatran|Magma Storm|p1a: Landorus\n|-damage|p1a: Landorus|27\/100\n|-activate|p1a: Landorus|move: Magma Storm|[of] p2a: Heatran\n|move|p1a: Landorus|U-turn|p2a: Heatran\n|-resisted|p2a: Heatran\n|-damage|p2a: Heatran|23\/100\n|\n|t:|1663862613\n|switch|p1a: Tapu Lele|Tapu Lele|100\/100|[from]move: U-turn\n|\n|-fieldend|move: Psychic Terrain\n|upkeep\n|turn|33\n|\n|t:|1663862616\n|move|p1a: Tapu Lele|Focus Blast|p2a: Heatran|[miss]\n|-miss|p1a: Tapu Lele|p2a: Heatran\n|move|p2a: Heatran|Magma Storm|p1a: Tapu Lele\n|-damage|p1a: Tapu Lele|61\/100\n|-activate|p1a: Tapu Lele|move: Magma Storm|[of] p2a: Heatran\n|\n|-damage|p1a: Tapu Lele|48\/100|[from] move: Magma Storm|[partiallytrapped]\n|upkeep\n|turn|34\n|\n|t:|1663862621\n|switch|p2a: landorustherian|Landorus-Therian, M|48\/100\n|-damage|p2a: landorustherian|35\/100|[from] Stealth Rock\n|-ability|p2a: landorustherian|Intimidate|boost\n|-unboost|p1a: Tapu Lele|atk|1\n|move|p1a: Tapu Lele|Focus Blast|p2a: landorustherian\n|-resisted|p2a: landorustherian\n|-damage|p2a: landorustherian|21\/100\n|\n|-heal|p2a: landorustherian|27\/100|[from] item: Leftovers\n|-end|p1a: Tapu Lele|Magma Storm|[partiallytrapped]|[silent]\n|upkeep\n|turn|35\n|\n|t:|1663862625\n|switch|p1a: Landorus|Landorus-Therian, M|27\/100\n|-ability|p1a: Landorus|Intimidate|boost\n|-unboost|p2a: landorustherian|atk|1\n|move|p2a: landorustherian|Toxic|p1a: Landorus\n|-status|p1a: Landorus|tox\n|\n|-heal|p2a: landorustherian|33\/100|[from] item: Leftovers\n|-heal|p1a: Landorus|33\/100 tox|[from] item: Leftovers\n|-damage|p1a: Landorus|27\/100 tox|[from] psn\n|upkeep\n|turn|36\n|\n|t:|1663862628\n|move|p2a: landorustherian|Earthquake|p1a: Landorus\n|-immune|p1a: Landorus\n|move|p1a: Landorus|U-turn|p2a: landorustherian\n|-resisted|p2a: landorustherian\n|-damage|p2a: landorustherian|22\/100\n|\n|t:|1663862631\n|switch|p1a: Tapu Lele|Tapu Lele|48\/100|[from]move: U-turn\n|-fieldstart|move: Psychic Terrain|[from] ability: Psychic Surge|[of] p1a: Tapu Lele\n|\n|-heal|p2a: landorustherian|28\/100|[from] item: Leftovers\n|upkeep\n|turn|37\n|\n|t:|1663862634\n|switch|p2a: Heatran|Heatran, M|23\/100\n|-damage|p2a: Heatran|11\/100|[from] Stealth Rock\n|move|p1a: Tapu Lele|Moonblast|p2a: Heatran\n|-resisted|p2a: Heatran\n|-damage|p2a: Heatran|0 fnt\n|faint|p2a: Heatran\n|\n|upkeep\n|\n|t:|1663862635\n|switch|p2a: rotomwash|Rotom-Wash|77\/100\n|-damage|p2a: rotomwash|64\/100|[from] Stealth Rock\n|turn|38\n|\n|t:|1663862640\n|move|p1a: Tapu Lele|Moonblast|p2a: rotomwash\n|-damage|p2a: rotomwash|16\/100\n|-unboost|p2a: rotomwash|spa|1\n|move|p2a: rotomwash|Thunderbolt|p1a: Tapu Lele\n|-crit|p1a: Tapu Lele\n|-damage|p1a: Tapu Lele|0 fnt\n|faint|p1a: Tapu Lele\n|\n|upkeep\n|\n|t:|1663862643\n|switch|p1a: Landorus|Landorus-Therian, M|27\/100 tox\n|-ability|p1a: Landorus|Intimidate|boost\n|-unboost|p2a: rotomwash|atk|1\n|turn|39\n|-message|dracaufeu shiny forfeited.\n|\n|win|minimax_ai\n|raw|dracaufeu shiny's rating: 1471 &rarr; <strong>1454<\/strong><br \/>(-17 for losing)\n|raw|minimax_ai's rating: 1525 &rarr; <strong>1542<\/strong><br \/>(+17 for winning)\n|c|\u2606minimax_ai|gg\n","uploadtime":1663862648,"views":8,"p1id":"dracaufeushiny","p2id":"minimaxai","formatid":"gen8ou","rating":1454,"private":0,"password":null}