{"id":"gen8nationaldex-1653193550","p1":"chansey and lulu","p2":"lhj20070802","format":"gen8nationaldex","log":"|j|\u2606chansey and lulu\n|j|\u2606lhj20070802\n|t:|1661998186\n|gametype|singles\n|player|p1|chansey and lulu|hooligans|\n|player|p2|lhj20070802|cynthia-gen4|\n|teamsize|p1|6\n|teamsize|p2|6\n|gen|8\n|tier|[Gen 8] National Dex\n|rule|HP Percentage Mod: HP is shown in percentages\n|rule|Endless Battle Clause: Forcing endless battles is banned\n|rule|OHKO Clause: OHKO moves are banned\n|rule|Evasion Moves Clause: Evasion moves are banned\n|rule|Species Clause: Limit one of each Pok\u00e9mon\n|rule|Dynamax Clause: You cannot dynamax\n|rule|Sleep Clause Mod: Limit one foe put to sleep\n|clearpoke\n|poke|p1|Weavile, F|\n|poke|p1|Toxapex, M|\n|poke|p1|Heatran, M|\n|poke|p1|Gliscor, F|\n|poke|p1|Zapdos|\n|poke|p1|Lopunny, F|\n|poke|p2|Charizard, M|\n|poke|p2|Melmetal|\n|poke|p2|Nidoking, M|\n|poke|p2|Kartana|\n|poke|p2|Tapu Fini|\n|poke|p2|Landorus-Therian, M|\n|teampreview\n|inactive|Battle timer is ON: inactive players will automatically lose when time's up. (requested by lhj20070802)\n|\n|t:|1661998194\n|start\n|switch|p1a: Lopunny|Lopunny, F|100\/100\n|switch|p2a: Landorus|Landorus-Therian, M|100\/100\n|-ability|p2a: Landorus|Intimidate|boost\n|-unboost|p1a: Lopunny|atk|1\n|turn|1\n|\n|t:|1661998205\n|switch|p2a: Melmetal|Melmetal|100\/100\n|detailschange|p1a: Lopunny|Lopunny-Mega, F\n|-mega|p1a: Lopunny|Lopunny|Lopunnite\n|move|p1a: Lopunny|Fake Out|p2a: Melmetal\n|-resisted|p2a: Melmetal\n|-damage|p2a: Melmetal|96\/100\n|\n|upkeep\n|turn|2\n|inactive|chansey and lulu has 270 seconds left.\n|\n|t:|1661998245\n|switch|p1a: Toxapex|Toxapex, M|100\/100\n|switch|p2a: Tapu Fini|Tapu Fini|100\/100\n|-fieldstart|move: Misty Terrain|[from] ability: Misty Surge|[of] p2a: Tapu Fini\n|\n|upkeep\n|turn|3\n|\n|t:|1661998258\n|switch|p2a: Melmetal|Melmetal|96\/100\n|move|p1a: Toxapex|Knock Off|p2a: Melmetal\n|-damage|p2a: Melmetal|87\/100\n|-enditem|p2a: Melmetal|Assault Vest|[from] move: Knock Off|[of] p1a: Toxapex\n|\n|upkeep\n|turn|4\n|inactive|chansey and lulu has 270 seconds left.\n|\n|t:|1661998282\n|switch|p1a: Zapdos|Zapdos|100\/100\n|move|p2a: Melmetal|Thunder Punch|p1a: Zapdos\n|-damage|p1a: Zapdos|56\/100\n|\n|upkeep\n|turn|5\n|\n|t:|1661998288\n|move|p1a: Zapdos|Volt Switch|p2a: Melmetal\n|-damage|p2a: Melmetal|54\/100\n|\n|t:|1661998294\n|switch|p1a: Toxapex|Toxapex, M|100\/100|[from]move: Volt Switch\n|move|p2a: Melmetal|Ice Punch|p1a: Toxapex\n|-resisted|p1a: Toxapex\n|-damage|p1a: Toxapex|90\/100\n|\n|-heal|p1a: Toxapex|96\/100|[from] item: Black Sludge\n|upkeep\n|turn|6\n|\n|t:|1661998307\n|switch|p1a: Gliscor|Gliscor, F|100\/100\n|move|p2a: Melmetal|Earthquake|p1a: Gliscor\n|-immune|p1a: Gliscor\n|\n|-fieldend|Misty Terrain\n|-status|p1a: Gliscor|tox|[from] item: Toxic Orb\n|upkeep\n|turn|7\n|\n|t:|1661998315\n|move|p1a: Gliscor|Earthquake|p2a: Melmetal\n|-supereffective|p2a: Melmetal\n|-damage|p2a: Melmetal|12\/100\n|move|p2a: Melmetal|Ice Punch|p1a: Gliscor\n|-supereffective|p1a: Gliscor\n|-damage|p1a: Gliscor|0 fnt\n|faint|p1a: Gliscor\n|\n|upkeep\n|\n|t:|1661998329\n|switch|p1a: Lopunny|Lopunny-Mega, F|100\/100\n|turn|8\n|\n|t:|1661998336\n|switch|p2a: Tapu Fini|Tapu Fini|100\/100\n|-fieldstart|move: Misty Terrain|[from] ability: Misty Surge|[of] p2a: Tapu Fini\n|move|p1a: Lopunny|Fake Out|p2a: Tapu Fini\n|-damage|p2a: Tapu Fini|81\/100\n|\n|-heal|p2a: Tapu Fini|87\/100|[from] item: Leftovers\n|upkeep\n|turn|9\n|inactive|chansey and lulu has 270 seconds left.\n|\n|t:|1661998344\n|move|p1a: Lopunny|U-turn|p2a: Tapu Fini\n|-resisted|p2a: Tapu Fini\n|-damage|p2a: Tapu Fini|77\/100\n|inactive|chansey and lulu has 270 seconds left.\n|\n|t:|1661998358\n|switch|p1a: Zapdos|Zapdos|56\/100|[from]move: U-turn\n|move|p2a: Tapu Fini|Moonblast|p1a: Zapdos\n|-damage|p1a: Zapdos|20\/100\n|\n|-heal|p2a: Tapu Fini|83\/100|[from] item: Leftovers\n|upkeep\n|turn|10\n|inactive|chansey and lulu has 270 seconds left.\n|\n|t:|1661998366\n|switch|p2a: Melmetal|Melmetal|12\/100\n|move|p1a: Zapdos|Thunderbolt|p2a: Melmetal\n|-damage|p2a: Melmetal|0 fnt\n|faint|p2a: Melmetal\n|\n|upkeep\n|\n|t:|1661998369\n|switch|p2a: Landorus|Landorus-Therian, M|100\/100\n|-ability|p2a: Landorus|Intimidate|boost\n|-unboost|p1a: Zapdos|atk|1\n|turn|11\n|inactive|chansey and lulu has 270 seconds left.\n|\n|t:|1661998396\n|switch|p1a: Lopunny|Lopunny-Mega, F|100\/100\n|move|p2a: Landorus|Knock Off|p1a: Lopunny\n|-resisted|p1a: Lopunny\n|-damage|p1a: Lopunny|86\/100\n|\n|upkeep\n|turn|12\n|\n|t:|1661998404\n|switch|p2a: Tapu Fini|Tapu Fini|83\/100\n|move|p1a: Lopunny|Return|p2a: Tapu Fini\n|-damage|p2a: Tapu Fini|31\/100\n|\n|-heal|p2a: Tapu Fini|37\/100|[from] item: Leftovers\n|-fieldend|Misty Terrain\n|upkeep\n|turn|13\n|inactive|chansey and lulu has 270 seconds left.\n|\n|t:|1661998412\n|move|p1a: Lopunny|Return|p2a: Tapu Fini\n|-damage|p2a: Tapu Fini|0 fnt\n|faint|p2a: Tapu Fini\n|\n|upkeep\n|\n|t:|1661998416\n|switch|p2a: Kartana|Kartana, shiny|100\/100\n|turn|14\n|\n|t:|1661998428\n|switch|p1a: Toxapex|Toxapex, M|100\/100\n|move|p2a: Kartana|Leaf Blade|p1a: Toxapex\n|-damage|p1a: Toxapex|58\/100\n|\n|-heal|p1a: Toxapex|64\/100|[from] item: Black Sludge\n|upkeep\n|turn|15\n|\n|t:|1661998436\n|switch|p2a: Landorus|Landorus-Therian, M|100\/100\n|-ability|p2a: Landorus|Intimidate|boost\n|-unboost|p1a: Toxapex|atk|1\n|move|p1a: Toxapex|Knock Off|p2a: Landorus\n|-crit|p2a: Landorus\n|-damage|p2a: Landorus|79\/100\n|-enditem|p2a: Landorus|Choice Scarf|[from] move: Knock Off|[of] p1a: Toxapex\n|\n|-heal|p1a: Toxapex|71\/100|[from] item: Black Sludge\n|upkeep\n|turn|16\n|\n|t:|1661998448\n|switch|p1a: Zapdos|Zapdos|20\/100\n|move|p2a: Landorus|Stone Edge|p1a: Zapdos\n|-supereffective|p1a: Zapdos\n|-damage|p1a: Zapdos|0 fnt\n|faint|p1a: Zapdos\n|\n|upkeep\n|\n|t:|1661998456\n|switch|p1a: Weavile|Weavile, F|100\/100\n|-ability|p1a: Weavile|Pressure\n|turn|17\n|\n|t:|1661998467\n|switch|p2a: Kartana|Kartana, shiny|100\/100\n|move|p1a: Weavile|Triple Axel|p2a: Kartana\n|-damage|p2a: Kartana|83\/100\n|-damage|p2a: Kartana|53\/100\n|-damage|p2a: Kartana|11\/100\n|-hitcount|p2a: Kartana|3\n|\n|upkeep\n|turn|18\n|\n|t:|1661998477\n|switch|p1a: Toxapex|Toxapex, M|100\/100\n|move|p2a: Kartana|Leaf Blade|p1a: Toxapex\n|-damage|p1a: Toxapex|62\/100\n|\n|-heal|p1a: Toxapex|68\/100|[from] item: Black Sludge\n|upkeep\n|turn|19\n|\n|t:|1661998486\n|move|p2a: Kartana|Leaf Blade|p1a: Toxapex\n|-damage|p1a: Toxapex|27\/100\n|move|p1a: Toxapex|Toxic|p2a: Kartana\n|-immune|p2a: Kartana\n|\n|-heal|p1a: Toxapex|33\/100|[from] item: Black Sludge\n|upkeep\n|turn|20\n|\n|t:|1661998493\n|switch|p1a: Heatran|Heatran, M|100\/100\n|move|p2a: Kartana|Leaf Blade|p1a: Heatran\n|-resisted|p1a: Heatran\n|-damage|p1a: Heatran|89\/100\n|\n|-heal|p1a: Heatran|95\/100|[from] item: Leftovers\n|upkeep\n|turn|21\n|\n|t:|1661998502\n|switch|p2a: Nidoking|Nidoking, M|100\/100\n|move|p1a: Heatran|Stealth Rock|p2a: Nidoking\n|-sidestart|p2: lhj20070802|move: Stealth Rock\n|\n|-heal|p1a: Heatran|100\/100|[from] item: Leftovers\n|upkeep\n|turn|22\n|\n|t:|1661998509\n|move|p2a: Nidoking|Earth Power|p1a: Heatran\n|-supereffective|p1a: Heatran\n|-damage|p1a: Heatran|0 fnt\n|faint|p1a: Heatran\n|\n|upkeep\n|\n|t:|1661998513\n|switch|p1a: Weavile|Weavile, F|100\/100\n|-ability|p1a: Weavile|Pressure\n|turn|23\n|\n|t:|1661998521\n|move|p1a: Weavile|Triple Axel|p2a: Nidoking\n|-supereffective|p2a: Nidoking\n|-damage|p2a: Nidoking|57\/100\n|-supereffective|p2a: Nidoking\n|-damage|p2a: Nidoking|0 fnt\n|faint|p2a: Nidoking\n|-hitcount|p2: Nidoking|2\n|\n|upkeep\n|\n|t:|1661998524\n|switch|p2a: Charizard|Charizard, M|100\/100\n|-damage|p2a: Charizard|51\/100|[from] Stealth Rock\n|turn|24\n|\n|t:|1661998530\n|detailschange|p2a: Charizard|Charizard-Mega-X, M\n|-mega|p2a: Charizard|Charizard|Charizardite X\n|move|p1a: Weavile|Triple Axel|p2a: Charizard\n|-damage|p2a: Charizard|35\/100\n|-hitcount|p2a: Charizard|1\n|move|p2a: Charizard|Roost|p2a: Charizard\n|-heal|p2a: Charizard|85\/100\n|-singleturn|p2a: Charizard|move: Roost\n|\n|upkeep\n|turn|25\n|\n|t:|1661998538\n|move|p1a: Weavile|Triple Axel|p2a: Charizard\n|-damage|p2a: Charizard|68\/100\n|-damage|p2a: Charizard|39\/100\n|-damage|p2a: Charizard|0 fnt\n|faint|p2a: Charizard\n|-hitcount|p2: Charizard|3\n|\n|upkeep\n|\n|t:|1661998543\n|switch|p2a: Kartana|Kartana, shiny|11\/100\n|-damage|p2a: Kartana|4\/100|[from] Stealth Rock\n|turn|26\n|\n|t:|1661998548\n|switch|p1a: Toxapex|Toxapex, M|66\/100\n|move|p2a: Kartana|Leaf Blade|p1a: Toxapex\n|-damage|p1a: Toxapex|27\/100\n|\n|-heal|p1a: Toxapex|34\/100|[from] item: Black Sludge\n|upkeep\n|turn|27\n|\n|t:|1661998556\n|move|p2a: Kartana|Leaf Blade|p1a: Toxapex\n|-damage|p1a: Toxapex|0 fnt\n|faint|p1a: Toxapex\n|-ability|p2a: Kartana|Beast Boost|boost\n|-boost|p2a: Kartana|atk|1\n|\n|upkeep\n|\n|t:|1661998562\n|switch|p1a: Lopunny|Lopunny-Mega, F|86\/100\n|turn|28\n|\n|t:|1661998565\n|move|p1a: Lopunny|Fake Out|p2a: Kartana\n|-resisted|p2a: Kartana\n|-damage|p2a: Kartana|0 fnt\n|faint|p2a: Kartana\n|\n|upkeep\n|\n|t:|1661998567\n|switch|p2a: Landorus|Landorus-Therian, M|79\/100\n|-damage|p2a: Landorus|66\/100|[from] Stealth Rock\n|-ability|p2a: Landorus|Intimidate|boost\n|-fail|p1a: Lopunny|unboost|Attack|[from] ability: Scrappy|[of] p1a: Lopunny\n|turn|29\n|\n|t:|1661998574\n|move|p1a: Lopunny|Return|p2a: Landorus\n|-damage|p2a: Landorus|14\/100\n|move|p2a: Landorus|Earthquake|p1a: Lopunny\n|-damage|p1a: Lopunny|15\/100\n|\n|upkeep\n|turn|30\n|\n|t:|1661998581\n|move|p1a: Lopunny|Return|p2a: Landorus\n|-damage|p2a: Landorus|0 fnt\n|faint|p2a: Landorus\n|\n|win|chansey and lulu\n","uploadtime":1661998584,"views":16,"p1id":"chanseyandlulu","p2id":"lhj20070802","formatid":"gen8nationaldex","rating":0,"private":0,"password":null}