{"id":"gen8ou-1687835434","p1":"LT94JE Allistair","p2":"minimax_ai","format":"gen8ou","log":"|html|<div class=\"broadcast-blue\"><strong>[Gen 8] OU is currently suspecting Melmetal! For information on how to participate check out the <a href=\"https:\/\/www.smogon.com\/forums\/threads\/np-ss-ou-suspect-process-round-12-monster-mash.3709234\/\">suspect thread<\/a>.<\/strong><\/div>\n|j|\u2606LT94JE Allistair\n|j|\u2606minimax_ai\n|t:|1666012554\n|gametype|singles\n|player|p1|LT94JE Allistair|266|1770\n|player|p2|minimax_ai|lusamine-nihilego|1614\n|teamsize|p1|6\n|teamsize|p2|6\n|gen|8\n|tier|[Gen 8] OU\n|rated|\n|rule|Sleep Clause Mod: Limit one foe put to sleep\n|rule|Species Clause: Limit one of each Pok\u00e9mon\n|rule|OHKO Clause: OHKO moves are banned\n|rule|Evasion Items Clause: Evasion items are banned\n|rule|Evasion Moves Clause: Evasion moves are banned\n|rule|Endless Battle Clause: Forcing endless battles is banned\n|rule|HP Percentage Mod: HP is shown in percentages\n|rule|Dynamax Clause: You cannot dynamax\n|clearpoke\n|poke|p1|Mew|\n|poke|p1|Slurpuff, F|\n|poke|p1|Vanilluxe, M|\n|poke|p1|Jirachi|\n|poke|p1|Tapu Fini|\n|poke|p1|Landorus-Therian, M|\n|poke|p2|Rotom-Wash|\n|poke|p2|Weavile, F|\n|poke|p2|Landorus-Therian, M|\n|poke|p2|Heatran, M|\n|poke|p2|Tangrowth, F|\n|poke|p2|Melmetal|\n|teampreview\n|c|\u2606minimax_ai|hf\n|inactive|Battle timer is ON: inactive players will automatically lose when time's up. (requested by minimax_ai)\n|c|\u2606LT94JE Allistair|hf\n|\n|t:|1666012580\n|start\n|switch|p1a: Slurpuff|Slurpuff, F|100\/100\n|switch|p2a: Melmetal|Melmetal|100\/100\n|turn|1\n|\n|t:|1666012583\n|move|p1a: Slurpuff|Sticky Web|p2a: Melmetal\n|-sidestart|p2: minimax_ai|move: Sticky Web\n|move|p2a: Melmetal|Double Iron Bash|p1a: Slurpuff\n|-supereffective|p1a: Slurpuff\n|-damage|p1a: Slurpuff|26\/100\n|-supereffective|p1a: Slurpuff\n|-damage|p1a: Slurpuff|0 fnt\n|faint|p1a: Slurpuff\n|-hitcount|p1: Slurpuff|2\n|\n|upkeep\n|\n|t:|1666012597\n|switch|p1a: Vanilluxe|Vanilluxe, M|100\/100\n|-weather|Hail|[from] ability: Snow Warning|[of] p1a: Vanilluxe\n|turn|2\n|\n|t:|1666012599\n|move|p1a: Vanilluxe|Aurora Veil|p1a: Vanilluxe\n|-sidestart|p1: LT94JE Allistair|move: Aurora Veil\n|move|p2a: Melmetal|Double Iron Bash|p1a: Vanilluxe\n|-supereffective|p1a: Vanilluxe\n|-damage|p1a: Vanilluxe|45\/100\n|-supereffective|p1a: Vanilluxe\n|-damage|p1a: Vanilluxe|0 fnt\n|faint|p1a: Vanilluxe\n|-hitcount|p1: Vanilluxe|2\n|\n|-weather|Hail|[upkeep]\n|-damage|p2a: Melmetal|94\/100|[from] Hail\n|upkeep\n|\n|t:|1666012622\n|switch|p1a: Jirachi|Jirachi|100\/100\n|turn|3\n|\n|t:|1666012624\n|switch|p2a: landorustherian|Landorus-Therian, M|100\/100\n|-ability|p2a: landorustherian|Intimidate|boost\n|-unboost|p1a: Jirachi|atk|1\n|move|p1a: Jirachi|Cosmic Power|p1a: Jirachi\n|-boost|p1a: Jirachi|def|1\n|-boost|p1a: Jirachi|spd|1\n|\n|-weather|Hail|[upkeep]\n|-damage|p1a: Jirachi|94\/100|[from] Hail\n|-damage|p2a: landorustherian|94\/100|[from] Hail\n|-heal|p2a: landorustherian|100\/100|[from] item: Leftovers\n|upkeep\n|turn|4\n|\n|t:|1666012626\n|move|p1a: Jirachi|Cosmic Power|p1a: Jirachi\n|-boost|p1a: Jirachi|def|1\n|-boost|p1a: Jirachi|spd|1\n|move|p2a: landorustherian|Defog|p1a: Jirachi\n|-unboost|p1a: Jirachi|evasion|1\n|-sideend|p1: LT94JE Allistair|move: Aurora Veil\n|-sideend|p2: minimax_ai|Sticky Web|[from] move: Defog|[of] p2a: landorustherian\n|\n|-weather|Hail|[upkeep]\n|-damage|p1a: Jirachi|88\/100|[from] Hail\n|-damage|p2a: landorustherian|94\/100|[from] Hail\n|-heal|p2a: landorustherian|100\/100|[from] item: Leftovers\n|upkeep\n|turn|5\n|\n|t:|1666012627\n|move|p1a: Jirachi|Cosmic Power|p1a: Jirachi\n|-boost|p1a: Jirachi|def|1\n|-boost|p1a: Jirachi|spd|1\n|move|p2a: landorustherian|U-turn|p1a: Jirachi\n|-damage|p1a: Jirachi|80\/100\n|\n|t:|1666012627\n|switch|p2a: Heatran|Heatran, M|100\/100|[from]move: U-turn\n|-item|p2a: Heatran|Air Balloon\n|\n|-weather|Hail|[upkeep]\n|-damage|p1a: Jirachi|74\/100|[from] Hail\n|-damage|p2a: Heatran|94\/100|[from] Hail\n|upkeep\n|turn|6\n|\n|t:|1666012630\n|move|p1a: Jirachi|Wish|p1a: Jirachi\n|move|p2a: Heatran|Stealth Rock|p1a: Jirachi\n|-sidestart|p1: LT94JE Allistair|move: Stealth Rock\n|\n|-weather|none\n|upkeep\n|turn|7\n|\n|t:|1666012633\n|switch|p2a: rotomwash|Rotom-Wash|100\/100\n|move|p1a: Jirachi|Cosmic Power|p1a: Jirachi\n|-boost|p1a: Jirachi|def|1\n|-boost|p1a: Jirachi|spd|1\n|\n|-heal|p1a: Jirachi|100\/100|[from] move: Wish|[wisher] Jirachi\n|upkeep\n|turn|8\n|\n|t:|1666012635\n|move|p1a: Jirachi|Stored Power|p2a: rotomwash\n|-damage|p2a: rotomwash|24\/100\n|move|p2a: rotomwash|Nasty Plot|p2a: rotomwash\n|-boost|p2a: rotomwash|spa|2\n|\n|-heal|p2a: rotomwash|30\/100|[from] item: Leftovers\n|upkeep\n|turn|9\n|\n|t:|1666012640\n|switch|p2a: landorustherian|Landorus-Therian, M|100\/100\n|-ability|p2a: landorustherian|Intimidate|boost\n|-unboost|p1a: Jirachi|atk|1\n|move|p1a: Jirachi|Stored Power|p2a: landorustherian\n|-damage|p2a: landorustherian|45\/100\n|\n|-heal|p2a: landorustherian|51\/100|[from] item: Leftovers\n|upkeep\n|turn|10\n|\n|t:|1666012645\n|switch|p2a: Melmetal|Melmetal|94\/100\n|move|p1a: Jirachi|Stored Power|p2a: Melmetal\n|-resisted|p2a: Melmetal\n|-damage|p2a: Melmetal|76\/100\n|\n|upkeep\n|turn|11\n|\n|t:|1666012647\n|move|p1a: Jirachi|Cosmic Power|p1a: Jirachi\n|-boost|p1a: Jirachi|def|1\n|-boost|p1a: Jirachi|spd|1\n|move|p2a: Melmetal|Thunder Punch|p1a: Jirachi\n|-damage|p1a: Jirachi|92\/100\n|\n|upkeep\n|turn|12\n|\n|t:|1666012650\n|move|p1a: Jirachi|Cosmic Power|p1a: Jirachi\n|-boost|p1a: Jirachi|def|1\n|-boost|p1a: Jirachi|spd|1\n|move|p2a: Melmetal|Ice Punch|p1a: Jirachi\n|-resisted|p1a: Jirachi\n|-damage|p1a: Jirachi|88\/100\n|-status|p1a: Jirachi|frz\n|\n|upkeep\n|turn|13\n|\n|t:|1666012652\n|switch|p2a: rotomwash|Rotom-Wash|30\/100\n|cant|p1a: Jirachi|frz\n|\n|-heal|p2a: rotomwash|37\/100|[from] item: Leftovers\n|upkeep\n|turn|14\n|\n|t:|1666012654\n|cant|p1a: Jirachi|frz\n|move|p2a: rotomwash|Pain Split|p1a: Jirachi\n|-sethp|p1a: Jirachi|60\/100 frz|[from] move: Pain Split|[silent]\n|-sethp|p2a: rotomwash|68\/100|[from] move: Pain Split\n|\n|-heal|p2a: rotomwash|74\/100|[from] item: Leftovers\n|upkeep\n|turn|15\n|\n|t:|1666012657\n|cant|p1a: Jirachi|frz\n|move|p2a: rotomwash|Pain Split|p1a: Jirachi\n|-sethp|p1a: Jirachi|63\/100 frz|[from] move: Pain Split|[silent]\n|-sethp|p2a: rotomwash|71\/100|[from] move: Pain Split\n|\n|-heal|p2a: rotomwash|77\/100|[from] item: Leftovers\n|upkeep\n|turn|16\n|\n|t:|1666012659\n|cant|p1a: Jirachi|frz\n|move|p2a: rotomwash|Pain Split|p1a: Jirachi\n|-sethp|p1a: Jirachi|66\/100 frz|[from] move: Pain Split|[silent]\n|-sethp|p2a: rotomwash|74\/100|[from] move: Pain Split\n|\n|-heal|p2a: rotomwash|80\/100|[from] item: Leftovers\n|upkeep\n|turn|17\n|\n|t:|1666012661\n|cant|p1a: Jirachi|frz\n|move|p2a: rotomwash|Pain Split|p1a: Jirachi\n|-sethp|p1a: Jirachi|68\/100 frz|[from] move: Pain Split|[silent]\n|-sethp|p2a: rotomwash|76\/100|[from] move: Pain Split\n|\n|-heal|p2a: rotomwash|83\/100|[from] item: Leftovers\n|upkeep\n|turn|18\n|\n|t:|1666012662\n|cant|p1a: Jirachi|frz\n|move|p2a: rotomwash|Pain Split|p1a: Jirachi\n|-sethp|p1a: Jirachi|71\/100 frz|[from] move: Pain Split|[silent]\n|-sethp|p2a: rotomwash|79\/100|[from] move: Pain Split\n|\n|-heal|p2a: rotomwash|86\/100|[from] item: Leftovers\n|upkeep\n|turn|19\n|\n|t:|1666012664\n|cant|p1a: Jirachi|frz\n|move|p2a: rotomwash|Pain Split|p1a: Jirachi\n|-sethp|p1a: Jirachi|74\/100 frz|[from] move: Pain Split|[silent]\n|-sethp|p2a: rotomwash|82\/100|[from] move: Pain Split\n|\n|-heal|p2a: rotomwash|89\/100|[from] item: Leftovers\n|upkeep\n|turn|20\n|\n|t:|1666012667\n|cant|p1a: Jirachi|frz\n|move|p2a: rotomwash|Pain Split|p1a: Jirachi\n|-sethp|p1a: Jirachi|76\/100 frz|[from] move: Pain Split|[silent]\n|-sethp|p2a: rotomwash|85\/100|[from] move: Pain Split\n|\n|-heal|p2a: rotomwash|92\/100|[from] item: Leftovers\n|upkeep\n|turn|21\n|\n|t:|1666012671\n|cant|p1a: Jirachi|frz\n|move|p2a: rotomwash|Pain Split|p1a: Jirachi\n|-sethp|p1a: Jirachi|79\/100 frz|[from] move: Pain Split|[silent]\n|-sethp|p2a: rotomwash|88\/100|[from] move: Pain Split\n|\n|-heal|p2a: rotomwash|95\/100|[from] item: Leftovers\n|upkeep\n|turn|22\n|\n|t:|1666012673\n|cant|p1a: Jirachi|frz\n|move|p2a: rotomwash|Pain Split|p1a: Jirachi\n|-sethp|p1a: Jirachi|81\/100 frz|[from] move: Pain Split|[silent]\n|-sethp|p2a: rotomwash|91\/100|[from] move: Pain Split\n|\n|-heal|p2a: rotomwash|98\/100|[from] item: Leftovers\n|upkeep\n|turn|23\n|\n|t:|1666012675\n|cant|p1a: Jirachi|frz\n|move|p2a: rotomwash|Pain Split|p1a: Jirachi\n|-sethp|p1a: Jirachi|84\/100 frz|[from] move: Pain Split|[silent]\n|-sethp|p2a: rotomwash|94\/100|[from] move: Pain Split\n|\n|-heal|p2a: rotomwash|100\/100|[from] item: Leftovers\n|upkeep\n|turn|24\n|\n|t:|1666012676\n|-curestatus|p1a: Jirachi|frz|[msg]\n|move|p1a: Jirachi|Wish|p1a: Jirachi\n|move|p2a: rotomwash|Pain Split|p1a: Jirachi\n|-sethp|p1a: Jirachi|87\/100|[from] move: Pain Split|[silent]\n|-sethp|p2a: rotomwash|97\/100|[from] move: Pain Split\n|\n|-heal|p2a: rotomwash|100\/100|[from] item: Leftovers\n|upkeep\n|turn|25\n|\n|t:|1666012679\n|move|p1a: Jirachi|Stored Power|p2a: rotomwash\n|-damage|p2a: rotomwash|0 fnt\n|faint|p2a: rotomwash\n|\n|-heal|p1a: Jirachi|100\/100|[from] move: Wish|[wisher] Jirachi\n|upkeep\n|\n|t:|1666012679\n|switch|p2a: Melmetal|Melmetal|76\/100\n|turn|26\n|\n|t:|1666012686\n|move|p1a: Jirachi|Stored Power|p2a: Melmetal\n|-resisted|p2a: Melmetal\n|-damage|p2a: Melmetal|49\/100\n|move|p2a: Melmetal|Thunder Punch|p1a: Jirachi\n|-damage|p1a: Jirachi|93\/100\n|\n|upkeep\n|turn|27\n|\n|t:|1666012690\n|move|p1a: Jirachi|Stored Power|p2a: Melmetal\n|-resisted|p2a: Melmetal\n|-damage|p2a: Melmetal|23\/100\n|move|p2a: Melmetal|Thunder Punch|p1a: Jirachi\n|-damage|p1a: Jirachi|85\/100\n|\n|upkeep\n|turn|28\n|\n|t:|1666012693\n|move|p1a: Jirachi|Stored Power|p2a: Melmetal\n|-resisted|p2a: Melmetal\n|-damage|p2a: Melmetal|0 fnt\n|faint|p2a: Melmetal\n|\n|upkeep\n|\n|t:|1666012693\n|switch|p2a: Heatran|Heatran, M|94\/100\n|-item|p2a: Heatran|Air Balloon\n|turn|29\n|\n|t:|1666012698\n|move|p1a: Jirachi|Stored Power|p2a: Heatran\n|-resisted|p2a: Heatran\n|-damage|p2a: Heatran|43\/100\n|-enditem|p2a: Heatran|Air Balloon\n|move|p2a: Heatran|Earth Power|p1a: Jirachi\n|-supereffective|p1a: Jirachi\n|-damage|p1a: Jirachi|70\/100\n|-enditem|p1a: Jirachi|Weakness Policy\n|-boost|p1a: Jirachi|atk|2|[from] item: Weakness Policy\n|-boost|p1a: Jirachi|spa|2|[from] item: Weakness Policy\n|\n|upkeep\n|turn|30\n|\n|t:|1666012702\n|move|p1a: Jirachi|Aura Sphere|p2a: Heatran\n|-supereffective|p2a: Heatran\n|-damage|p2a: Heatran|0 fnt\n|faint|p2a: Heatran\n|\n|upkeep\n|\n|t:|1666012702\n|switch|p2a: Weavile|Weavile, F|100\/100\n|-ability|p2a: Weavile|Pressure\n|turn|31\n|\n|t:|1666012705\n|move|p2a: Weavile|Knock Off|p1a: Jirachi\n|-supereffective|p1a: Jirachi\n|-crit|p1a: Jirachi\n|-damage|p1a: Jirachi|0 fnt\n|faint|p1a: Jirachi\n|\n|upkeep\n|c|\u2606LT94JE Allistair|haha\n|c|\u2606LT94JE Allistair|xD\n|\n|t:|1666012717\n|switch|p1a: Tapu Fini|Tapu Fini|100\/100\n|-damage|p1a: Tapu Fini|88\/100|[from] Stealth Rock\n|-fieldstart|move: Misty Terrain|[from] ability: Misty Surge|[of] p1a: Tapu Fini\n|turn|32\n|\n|t:|1666012722\n|switch|p2a: Tangrowth|Tangrowth, F|100\/100\n|move|p1a: Tapu Fini|Calm Mind|p1a: Tapu Fini\n|-boost|p1a: Tapu Fini|spa|1\n|-boost|p1a: Tapu Fini|spd|1\n|\n|upkeep\n|turn|33\n|\n|t:|1666012724\n|move|p1a: Tapu Fini|Calm Mind|p1a: Tapu Fini\n|-boost|p1a: Tapu Fini|spa|1\n|-boost|p1a: Tapu Fini|spd|1\n|move|p2a: Tangrowth|Knock Off|p1a: Tapu Fini\n|-resisted|p1a: Tapu Fini\n|-damage|p1a: Tapu Fini|76\/100\n|-enditem|p1a: Tapu Fini|Weakness Policy|[from] move: Knock Off|[of] p2a: Tangrowth\n|\n|upkeep\n|turn|34\n|\n|t:|1666012727\n|move|p1a: Tapu Fini|Calm Mind|p1a: Tapu Fini\n|-boost|p1a: Tapu Fini|spa|1\n|-boost|p1a: Tapu Fini|spd|1\n|move|p2a: Tangrowth|Giga Drain|p1a: Tapu Fini\n|-supereffective|p1a: Tapu Fini\n|-damage|p1a: Tapu Fini|53\/100\n|\n|upkeep\n|turn|35\n|\n|t:|1666012729\n|switch|p2a: landorustherian|Landorus-Therian, M|51\/100\n|-ability|p2a: landorustherian|Intimidate|boost\n|-unboost|p1a: Tapu Fini|atk|1\n|move|p1a: Tapu Fini|Draining Kiss|p2a: landorustherian\n|-damage|p2a: landorustherian|14\/100\n|-heal|p1a: Tapu Fini|90\/100|[from] drain|[of] p2a: landorustherian\n|\n|-heal|p2a: landorustherian|20\/100|[from] item: Leftovers\n|upkeep\n|turn|36\n|\n|t:|1666012732\n|move|p1a: Tapu Fini|Draining Kiss|p2a: landorustherian\n|-damage|p2a: landorustherian|0 fnt\n|-heal|p1a: Tapu Fini|100\/100|[from] drain|[of] p2a: landorustherian\n|faint|p2a: landorustherian\n|\n|-fieldend|Misty Terrain\n|upkeep\n|\n|t:|1666012732\n|switch|p2a: Tangrowth|Tangrowth, F|100\/100\n|turn|37\n|\n|t:|1666012736\n|move|p1a: Tapu Fini|Taunt|p2a: Tangrowth\n|-start|p2a: Tangrowth|move: Taunt\n|cant|p2a: Tangrowth|move: Taunt|Sleep Powder\n|\n|upkeep\n|turn|38\n|\n|t:|1666012738\n|move|p1a: Tapu Fini|Calm Mind|p1a: Tapu Fini\n|-boost|p1a: Tapu Fini|spa|1\n|-boost|p1a: Tapu Fini|spd|1\n|move|p2a: Tangrowth|Giga Drain|p1a: Tapu Fini\n|-supereffective|p1a: Tapu Fini\n|-damage|p1a: Tapu Fini|81\/100\n|\n|upkeep\n|turn|39\n|\n|t:|1666012741\n|move|p1a: Tapu Fini|Draining Kiss|p2a: Tangrowth\n|-damage|p2a: Tangrowth|11\/100\n|-heal|p1a: Tapu Fini|100\/100|[from] drain|[of] p2a: Tangrowth\n|-damage|p1a: Tapu Fini|84\/100|[from] item: Rocky Helmet|[of] p2a: Tangrowth\n|move|p2a: Tangrowth|Focus Blast|p1a: Tapu Fini\n|-resisted|p1a: Tapu Fini\n|-damage|p1a: Tapu Fini|79\/100\n|\n|-end|p2a: Tangrowth|move: Taunt\n|upkeep\n|turn|40\n|\n|t:|1666012744\n|move|p1a: Tapu Fini|Draining Kiss|p2a: Tangrowth\n|-damage|p2a: Tangrowth|0 fnt\n|-heal|p1a: Tapu Fini|90\/100|[from] drain|[of] p2a: Tangrowth\n|-damage|p1a: Tapu Fini|73\/100|[from] item: Rocky Helmet|[of] p2a: Tangrowth\n|faint|p2a: Tangrowth\n|\n|upkeep\n|\n|t:|1666012744\n|switch|p2a: Weavile|Weavile, F|100\/100\n|-ability|p2a: Weavile|Pressure\n|turn|41\n|\n|t:|1666012746\n|move|p2a: Weavile|Triple Axel|p1a: Tapu Fini\n|-resisted|p1a: Tapu Fini\n|-damage|p1a: Tapu Fini|66\/100\n|-resisted|p1a: Tapu Fini\n|-damage|p1a: Tapu Fini|49\/100\n|-resisted|p1a: Tapu Fini\n|-damage|p1a: Tapu Fini|26\/100\n|-hitcount|p1a: Tapu Fini|3\n|move|p1a: Tapu Fini|Draining Kiss|p2a: Weavile\n|-supereffective|p2a: Weavile\n|-damage|p2a: Weavile|0 fnt\n|-heal|p1a: Tapu Fini|100\/100|[from] drain|[of] p2a: Weavile\n|faint|p2a: Weavile\n|\n|win|LT94JE Allistair\n|raw|LT94JE Allistair's rating: 1770 &rarr; <strong>1782<\/strong><br \/>(+12 for winning)\n|raw|minimax_ai's rating: 1614 &rarr; <strong>1602<\/strong><br \/>(-12 for losing)\n|c|\u2606minimax_ai|gg\n","uploadtime":1666012748,"views":10,"p1id":"lt94jeallistair","p2id":"minimaxai","formatid":"gen8ou","rating":1602,"private":0,"password":null}