{"id":"gen8ru-1487010860","p1":"EpiChad","p2":"Ivyon","format":"gen8ru","log":"|j|\u2606EpiChad\n|j|\u2606Ivyon\n|t:|1641558183\n|gametype|singles\n|player|p1|EpiChad|ethan|1023\n|player|p2|Ivyon|blue|1307\n|teamsize|p1|6\n|teamsize|p2|6\n|gen|8\n|tier|[Gen 8] RU\n|rated|\n|rule|Sleep Clause Mod: Limit one foe put to sleep\n|rule|Species Clause: Limit one of each Pok\u00e9mon\n|rule|OHKO Clause: OHKO moves are banned\n|rule|Evasion Moves Clause: Evasion moves are banned\n|rule|Endless Battle Clause: Forcing endless battles is banned\n|rule|HP Percentage Mod: HP is shown in percentages\n|rule|Dynamax Clause: You cannot dynamax\n|clearpoke\n|poke|p1|Pikachu, M|\n|poke|p1|Zoroark, M|\n|poke|p1|Qwilfish, M|\n|poke|p1|Goodra, M|\n|poke|p1|Metagross|\n|poke|p1|Articuno|\n|poke|p2|Shuckle, M|\n|poke|p2|Kingdra, M|\n|poke|p2|Tyrantrum, M|\n|poke|p2|Ninjask, M|\n|poke|p2|Darmanitan, M|\n|poke|p2|Delibird, M|\n|teampreview\n|inactive|Battle timer is ON: inactive players will automatically lose when time's up. (requested by EpiChad)\n|\n|t:|1641558207\n|start\n|switch|p1a: Metagross|Metagross|100\/100\n|switch|p2a: Shuckle|Shuckle, M, shiny|100\/100\n|turn|1\n|\n|t:|1641558219\n|move|p1a: Metagross|Stealth Rock|p2a: Shuckle\n|-sidestart|p2: Ivyon|move: Stealth Rock\n|move|p2a: Shuckle|Stealth Rock|p1a: Metagross\n|-sidestart|p1: EpiChad|move: Stealth Rock\n|\n|upkeep\n|turn|2\n|\n|t:|1641558224\n|move|p1a: Metagross|Hammer Arm|p2a: Shuckle\n|-damage|p2a: Shuckle|85\/100\n|-unboost|p1a: Metagross|spe|1\n|-damage|p1a: Metagross|84\/100|[from] item: Rocky Helmet|[of] p2a: Shuckle\n|move|p2a: Shuckle|Power Split|p1a: Metagross\n|-activate|p2a: Shuckle|move: Power Split|[of] p1a: Metagross\n|\n|-heal|p1a: Metagross|90\/100|[from] item: Leftovers\n|upkeep\n|turn|3\n|\n|t:|1641558234\n|move|p1a: Metagross|Earthquake|p2a: Shuckle\n|-crit|p2a: Shuckle\n|-damage|p2a: Shuckle|71\/100\n|move|p2a: Shuckle|Sticky Web|p1a: Metagross\n|-sidestart|p1: EpiChad|move: Sticky Web\n|\n|-heal|p1a: Metagross|96\/100|[from] item: Leftovers\n|upkeep\n|turn|4\n|\n|t:|1641558240\n|move|p1a: Metagross|Expanding Force|p2a: Shuckle\n|-damage|p2a: Shuckle|59\/100\n|move|p2a: Shuckle|Encore|p1a: Metagross\n|-start|p1a: Metagross|Encore\n|\n|-heal|p1a: Metagross|100\/100|[from] item: Leftovers\n|upkeep\n|turn|5\n|\n|t:|1641558252\n|move|p1a: Metagross|Expanding Force|p2a: Shuckle\n|-damage|p2a: Shuckle|48\/100\n|move|p2a: Shuckle|Power Split|p1a: Metagross\n|-activate|p2a: Shuckle|move: Power Split|[of] p1a: Metagross\n|\n|upkeep\n|turn|6\n|\n|t:|1641558278\n|move|p1a: Metagross|Expanding Force|p2a: Shuckle\n|-damage|p2a: Shuckle|36\/100\n|move|p2a: Shuckle|Power Split|p1a: Metagross\n|-activate|p2a: Shuckle|move: Power Split|[of] p1a: Metagross\n|\n|upkeep\n|turn|7\n|\n|t:|1641558284\n|move|p1a: Metagross|Expanding Force|p2a: Shuckle\n|-damage|p2a: Shuckle|25\/100\n|move|p2a: Shuckle|Encore||[still]\n|-fail|p2a: Shuckle\n|\n|-end|p1a: Metagross|Encore\n|upkeep\n|turn|8\n|\n|t:|1641558291\n|move|p1a: Metagross|Earthquake|p2a: Shuckle\n|-crit|p2a: Shuckle\n|-damage|p2a: Shuckle|10\/100\n|move|p2a: Shuckle|Encore|p1a: Metagross\n|-start|p1a: Metagross|Encore\n|\n|upkeep\n|turn|9\n|\n|t:|1641558300\n|switch|p2a: Ninjask|Ninjask, M, shiny|100\/100\n|-damage|p2a: Ninjask|50\/100|[from] Stealth Rock\n|-enditem|p2a: Ninjask|Sitrus Berry|[eat]\n|-heal|p2a: Ninjask|75\/100|[from] item: Sitrus Berry\n|move|p1a: Metagross|Earthquake|p2a: Ninjask\n|-immune|p2a: Ninjask\n|\n|upkeep\n|turn|10\n|\n|t:|1641558311\n|switch|p1a: Qwilfish|Qwilfish, M|100\/100\n|-activate|p1a: Qwilfish|move: Sticky Web\n|-unboost|p1a: Qwilfish|spe|1\n|-damage|p1a: Qwilfish|88\/100|[from] Stealth Rock\n|move|p2a: Ninjask|Substitute|p2a: Ninjask\n|-start|p2a: Ninjask|Substitute\n|-damage|p2a: Ninjask|50\/100\n|\n|-ability|p2a: Ninjask|Speed Boost|boost\n|-boost|p2a: Ninjask|spe|1\n|upkeep\n|turn|11\n|\n|t:|1641558320\n|move|p2a: Ninjask|Swords Dance|p2a: Ninjask\n|-boost|p2a: Ninjask|atk|2\n|move|p1a: Qwilfish|Toxic Spikes|p2a: Ninjask\n|-sidestart|p2: Ivyon|move: Toxic Spikes\n|\n|-ability|p2a: Ninjask|Speed Boost|boost\n|-boost|p2a: Ninjask|spe|1\n|upkeep\n|turn|12\n|\n|t:|1641558329\n|move|p2a: Ninjask|Swords Dance|p2a: Ninjask\n|-boost|p2a: Ninjask|atk|2\n|move|p1a: Qwilfish|Liquidation|p2a: Ninjask\n|-end|p2a: Ninjask|Substitute\n|\n|-ability|p2a: Ninjask|Speed Boost|boost\n|-boost|p2a: Ninjask|spe|1\n|upkeep\n|turn|13\n|\n|t:|1641558338\n|move|p2a: Ninjask|Acrobatics|p1a: Qwilfish\n|-damage|p1a: Qwilfish|0 fnt\n|faint|p1a: Qwilfish\n|\n|-ability|p2a: Ninjask|Speed Boost|boost\n|-boost|p2a: Ninjask|spe|1\n|upkeep\n|\n|t:|1641558348\n|switch|p1a: Pikachu|Pikachu, M|100\/100\n|-damage|p1a: Pikachu|88\/100|[from] Stealth Rock\n|-activate|p1a: Pikachu|move: Sticky Web\n|-unboost|p1a: Pikachu|spe|1\n|turn|14\n|\n|t:|1641558355\n|move|p2a: Ninjask|Leech Life|p1a: Pikachu\n|-supereffective|p1a: Pikachu\n|-damage|p1a: Pikachu|0 fnt\n|-heal|p2a: Ninjask|99\/100|[from] drain|[of] p1a: Pikachu\n|replace|p1a: Zoroark|Zoroark, M, shiny\n|-end|p1a: Zoroark|Illusion\n|faint|p1a: Zoroark\n|\n|-ability|p2a: Ninjask|Speed Boost|boost\n|-boost|p2a: Ninjask|spe|1\n|upkeep\n|\n|t:|1641558362\n|switch|p1a: Articuno|Articuno|100\/100\n|-damage|p1a: Articuno|50\/100|[from] Stealth Rock\n|-ability|p1a: Articuno|Pressure\n|turn|15\n|\n|t:|1641558367\n|move|p2a: Ninjask|Acrobatics|p1a: Articuno\n|-damage|p1a: Articuno|0 fnt\n|-damage|p2a: Ninjask|83\/100|[from] item: Rocky Helmet|[of] p1a: Articuno\n|faint|p1a: Articuno\n|\n|-ability|p2a: Ninjask|Speed Boost|boost\n|-boost|p2a: Ninjask|spe|1\n|upkeep\n|\n|t:|1641558374\n|switch|p1a: Metagross|Metagross|100\/100\n|-damage|p1a: Metagross|94\/100|[from] Stealth Rock\n|-activate|p1a: Metagross|move: Sticky Web\n|-fail|p1a: Metagross|unboost|[from] ability: Clear Body|[of] p1a: Metagross\n|turn|16\n|\n|t:|1641558386\n|move|p2a: Ninjask|Leech Life|p1a: Metagross\n|-damage|p1a: Metagross|14\/100\n|-heal|p2a: Ninjask|100\/100|[from] drain|[of] p1a: Metagross\n|move|p1a: Metagross|Earthquake|p2a: Ninjask\n|-immune|p2a: Ninjask\n|\n|-heal|p1a: Metagross|20\/100|[from] item: Leftovers\n|upkeep\n|turn|17\n|\n|t:|1641558394\n|move|p2a: Ninjask|Leech Life|p1a: Metagross\n|-crit|p1a: Metagross\n|-damage|p1a: Metagross|0 fnt\n|faint|p1a: Metagross\n|\n|upkeep\n|\n|t:|1641558398\n|switch|p1a: Goodra|Goodra, M|100\/100\n|-activate|p1a: Goodra|move: Sticky Web\n|-unboost|p1a: Goodra|spe|1\n|-damage|p1a: Goodra|88\/100|[from] Stealth Rock\n|turn|18\n|\n|t:|1641558404\n|move|p2a: Ninjask|Acrobatics|p1a: Goodra\n|-damage|p1a: Goodra|0 fnt\n|faint|p1a: Goodra\n|\n|upkeep\n|\n|t:|1641558407\n|switch|p1a: Pikachu|Pikachu, M|100\/100\n|-damage|p1a: Pikachu|88\/100|[from] Stealth Rock\n|-activate|p1a: Pikachu|move: Sticky Web\n|-unboost|p1a: Pikachu|spe|1\n|turn|19\n|\n|t:|1641558412\n|move|p1a: Pikachu|Fake Out|p2a: Ninjask\n|-damage|p2a: Ninjask|70\/100\n|cant|p2a: Ninjask|flinch\n|\n|upkeep\n|turn|20\n|\n|t:|1641558417\n|move|p2a: Ninjask|Leech Life|p1a: Pikachu\n|-damage|p1a: Pikachu|0 fnt\n|-heal|p2a: Ninjask|100\/100|[from] drain|[of] p1a: Pikachu\n|-status|p2a: Ninjask|par|[from] ability: Static|[of] p1a: Pikachu\n|faint|p1a: Pikachu\n|\n|win|Ivyon\n|raw|EpiChad's rating: 1023 &rarr; <strong>1019<\/strong><br \/>(-4 for losing)\n|raw|Ivyon's rating: 1307 &rarr; <strong>1314<\/strong><br \/>(+7 for winning)\n|c|\u2606Ivyon|gg\n|l|\u2606EpiChad\n","uploadtime":1641558428,"views":15,"p1id":"epichad","p2id":"ivyon","formatid":"gen8ru","rating":1019,"private":0,"password":null}