{"id":"gen8bdspuu-1586639724","p1":"Ill Leave","p2":"Send O\/U Plz","format":"gen8bdspuu","log":"|j|\u2606Ill Leave\n|j|\u2606Send O\/U Plz\n|t:|1654026672\n|gametype|singles\n|player|p1|Ill Leave|102|1472\n|player|p2|Send O\/U Plz|brycen|1252\n|teamsize|p1|6\n|teamsize|p2|6\n|gen|8\n|tier|[Gen 8 BDSP] UU\n|rated|\n|rule|Sleep Clause Mod: Limit one foe put to sleep\n|rule|Species Clause: Limit one of each Pok\u00e9mon\n|rule|OHKO Clause: OHKO moves are banned\n|rule|Evasion Moves Clause: Evasion moves are banned\n|rule|Endless Battle Clause: Forcing endless battles is banned\n|rule|HP Percentage Mod: HP is shown in percentages\n|clearpoke\n|poke|p1|Drapion, F|\n|poke|p1|Zapdos|\n|poke|p1|Swampert, F|\n|poke|p1|Metagross|\n|poke|p1|Rotom-Mow|\n|poke|p1|Tentacruel, M|\n|poke|p2|Machamp, M|\n|poke|p2|Metagross|\n|poke|p2|Gardevoir, F|\n|poke|p2|Mismagius, F|\n|poke|p2|Roserade, F|\n|poke|p2|Drapion, M|\n|teampreview\n|\n|t:|1654026696\n|start\n|switch|p1a: Tentacruel|Tentacruel, M|100\/100\n|switch|p2a: Machamp|Machamp, M|100\/100\n|turn|1\n|\n|t:|1654026700\n|move|p1a: Tentacruel|Sludge Bomb|p2a: Machamp\n|-damage|p2a: Machamp|74\/100\n|-status|p2a: Machamp|psn\n|move|p2a: Machamp|Knock Off|p1a: Tentacruel\n|-damage|p1a: Tentacruel|32\/100\n|-enditem|p1a: Tentacruel|Black Sludge|[from] move: Knock Off|[of] p2a: Machamp\n|\n|-damage|p2a: Machamp|62\/100 psn|[from] psn\n|upkeep\n|turn|2\n|\n|t:|1654026712\n|move|p1a: Tentacruel|Sludge Bomb|p2a: Machamp\n|-damage|p2a: Machamp|35\/100 psn\n|move|p2a: Machamp|Knock Off|p1a: Tentacruel\n|-damage|p1a: Tentacruel|0 fnt\n|faint|p1a: Tentacruel\n|\n|-damage|p2a: Machamp|23\/100 psn|[from] psn\n|upkeep\n|\n|t:|1654026716\n|switch|p1a: Zapdos|Zapdos|100\/100\n|turn|3\n|\n|t:|1654026724\n|move|p1a: Zapdos|Thunderbolt|p2a: Machamp\n|-damage|p2a: Machamp|0 fnt\n|faint|p2a: Machamp\n|\n|upkeep\n|\n|t:|1654026730\n|switch|p2a: Roserade|Roserade, F, shiny|100\/100\n|turn|4\n|\n|t:|1654026733\n|switch|p1a: Drapion|Drapion, F|100\/100\n|move|p2a: Roserade|Sleep Powder|p1a: Drapion|[miss]\n|-miss|p2a: Roserade|p1a: Drapion\n|\n|upkeep\n|turn|5\n|\n|t:|1654026736\n|move|p2a: Roserade|Sleep Powder|p1a: Drapion|[miss]\n|-miss|p2a: Roserade|p1a: Drapion\n|move|p1a: Drapion|Knock Off|p2a: Roserade\n|-damage|p2a: Roserade|33\/100\n|-enditem|p2a: Roserade|Life Orb|[from] move: Knock Off|[of] p1a: Drapion\n|\n|upkeep\n|turn|6\n|\n|t:|1654026739\n|move|p2a: Roserade|Sleep Powder|p1a: Drapion\n|-status|p1a: Drapion|slp|[from] move: Sleep Powder\n|cant|p1a: Drapion|slp\n|\n|upkeep\n|turn|7\n|\n|t:|1654026744\n|move|p2a: Roserade|Spikes|p1a: Drapion\n|-sidestart|p1: Ill Leave|Spikes\n|cant|p1a: Drapion|slp\n|\n|upkeep\n|turn|8\n|\n|t:|1654026751\n|switch|p2a: Drapion|Drapion, M|100\/100\n|-curestatus|p1a: Drapion|slp|[msg]\n|move|p1a: Drapion|Poison Jab|p2a: Drapion\n|-resisted|p2a: Drapion\n|-damage|p2a: Drapion|86\/100\n|\n|upkeep\n|turn|9\n|\n|t:|1654026756\n|move|p2a: Drapion|Earthquake|p1a: Drapion\n|-supereffective|p1a: Drapion\n|-damage|p1a: Drapion|35\/100\n|-damage|p2a: Drapion|76\/100|[from] item: Life Orb\n|move|p1a: Drapion|Knock Off|p2a: Drapion\n|-resisted|p2a: Drapion\n|-damage|p2a: Drapion|57\/100\n|-enditem|p2a: Drapion|Life Orb|[from] move: Knock Off|[of] p1a: Drapion\n|\n|-heal|p1a: Drapion|41\/100|[from] item: Black Sludge\n|upkeep\n|turn|10\n|\n|t:|1654026764\n|switch|p1a: Zapdos|Zapdos|100\/100\n|move|p2a: Drapion|Swords Dance|p2a: Drapion\n|-boost|p2a: Drapion|atk|2\n|\n|upkeep\n|turn|11\n|\n|t:|1654026766\n|move|p2a: Drapion|Knock Off|p1a: Zapdos\n|-damage|p1a: Zapdos|46\/100\n|-status|p2a: Drapion|par|[from] ability: Static|[of] p1a: Zapdos\n|-enditem|p1a: Zapdos|Leftovers|[from] move: Knock Off|[of] p2a: Drapion\n|move|p1a: Zapdos|Thunderbolt|p2a: Drapion\n|-damage|p2a: Drapion|4\/100 par\n|\n|upkeep\n|turn|12\n|\n|t:|1654026773\n|move|p1a: Zapdos|Roost|p1a: Zapdos\n|-heal|p1a: Zapdos|96\/100\n|-singleturn|p1a: Zapdos|move: Roost\n|cant|p2a: Drapion|par\n|\n|upkeep\n|turn|13\n|\n|t:|1654026780\n|move|p1a: Zapdos|Substitute|p1a: Zapdos\n|-start|p1a: Zapdos|Substitute\n|-damage|p1a: Zapdos|72\/100\n|cant|p2a: Drapion|par\n|\n|upkeep\n|turn|14\n|\n|t:|1654026783\n|move|p1a: Zapdos|Thunderbolt|p2a: Drapion\n|-damage|p2a: Drapion|0 fnt\n|faint|p2a: Drapion\n|\n|upkeep\n|\n|t:|1654026788\n|switch|p2a: Roserade|Roserade, F, shiny|33\/100\n|turn|15\n|\n|t:|1654026800\n|move|p2a: Roserade|Sludge Bomb|p1a: Zapdos\n|-end|p1a: Zapdos|Substitute\n|move|p1a: Zapdos|Thunderbolt|p2a: Roserade\n|-resisted|p2a: Roserade\n|-damage|p2a: Roserade|10\/100\n|\n|upkeep\n|turn|16\n|\n|t:|1654026812\n|switch|p1a: Metagross|Metagross|100\/100\n|-damage|p1a: Metagross|88\/100|[from] Spikes\n|move|p2a: Roserade|Sleep Powder|p1a: Metagross\n|-status|p1a: Metagross|slp|[from] move: Sleep Powder\n|\n|upkeep\n|turn|17\n|\n|t:|1654026819\n|switch|p2a: Mismagius|Mismagius, F|100\/100\n|cant|p1a: Metagross|slp\n|\n|upkeep\n|turn|18\n|\n|t:|1654026825\n|switch|p1a: Swampert|Swampert, F|100\/100\n|-damage|p1a: Swampert|88\/100|[from] Spikes\n|move|p2a: Mismagius|Shadow Ball|p1a: Swampert\n|-damage|p1a: Swampert|51\/100\n|\n|-heal|p1a: Swampert|57\/100|[from] item: Leftovers\n|upkeep\n|turn|19\n|\n|t:|1654026830\n|move|p2a: Mismagius|Shadow Ball|p1a: Swampert\n|-damage|p1a: Swampert|22\/100\n|move|p1a: Swampert|Scald|p2a: Mismagius\n|-damage|p2a: Mismagius|57\/100\n|\n|-heal|p1a: Swampert|28\/100|[from] item: Leftovers\n|upkeep\n|turn|20\n|\n|t:|1654026841\n|move|p2a: Mismagius|Shadow Ball|p1a: Swampert\n|-damage|p1a: Swampert|0 fnt\n|faint|p1a: Swampert\n|\n|upkeep\n|\n|t:|1654026844\n|switch|p1a: Drapion|Drapion, F|41\/100\n|-damage|p1a: Drapion|28\/100|[from] Spikes\n|turn|21\n|\n|t:|1654026852\n|switch|p2a: Roserade|Roserade, F, shiny|10\/100\n|move|p1a: Drapion|Knock Off|p2a: Roserade\n|-damage|p2a: Roserade|0 fnt\n|faint|p2a: Roserade\n|\n|-heal|p1a: Drapion|35\/100|[from] item: Black Sludge\n|upkeep\n|\n|t:|1654026855\n|switch|p2a: Gardevoir|Gardevoir, F|100\/100\n|-ability|p2a: Gardevoir|Battle Armor|[from] ability: Trace|[of] p1a: Drapion\n|turn|22\n|\n|t:|1654026866\n|move|p2a: Gardevoir|Moonblast|p1a: Drapion\n|-damage|p1a: Drapion|0 fnt\n|faint|p1a: Drapion\n|\n|upkeep\n|\n|t:|1654026871\n|switch|p1a: Metagross|Metagross|88\/100 slp\n|-damage|p1a: Metagross|76\/100 slp|[from] Spikes\n|turn|23\n|\n|t:|1654026876\n|switch|p2a: Mismagius|Mismagius, F|57\/100\n|cant|p1a: Metagross|slp\n|\n|upkeep\n|turn|24\n|\n|t:|1654026885\n|switch|p1a: Rotom|Rotom-Mow|100\/100\n|move|p2a: Mismagius|Shadow Ball|p1a: Rotom\n|-damage|p1a: Rotom|39\/100\n|\n|-heal|p1a: Rotom|46\/100|[from] item: Leftovers\n|upkeep\n|turn|25\n|\n|t:|1654026894\n|move|p2a: Mismagius|Shadow Ball|p1a: Rotom\n|-damage|p1a: Rotom|0 fnt\n|faint|p1a: Rotom\n|\n|upkeep\n|\n|t:|1654026897\n|switch|p1a: Zapdos|Zapdos|72\/100\n|turn|26\n|\n|t:|1654026902\n|move|p2a: Mismagius|Shadow Ball|p1a: Zapdos\n|-damage|p1a: Zapdos|16\/100\n|move|p1a: Zapdos|Roar|p2a: Mismagius\n|drag|p2a: Gardevoir|Gardevoir, F|100\/100\n|-ability|p2a: Gardevoir|Static|[from] ability: Trace|[of] p1a: Zapdos\n|\n|upkeep\n|turn|27\n|\n|t:|1654026909\n|move|p2a: Gardevoir|Shadow Ball|p1a: Zapdos\n|-damage|p1a: Zapdos|0 fnt\n|faint|p1a: Zapdos\n|\n|upkeep\n|\n|t:|1654026914\n|switch|p1a: Metagross|Metagross|76\/100 slp\n|-damage|p1a: Metagross|64\/100 slp|[from] Spikes\n|turn|28\n|\n|t:|1654026917\n|move|p2a: Gardevoir|Shadow Ball|p1a: Metagross\n|-supereffective|p1a: Metagross\n|-damage|p1a: Metagross|0 fnt\n|faint|p1a: Metagross\n|\n|win|Send O\/U Plz\n|raw|Ill Leave's rating: 1472 &rarr; <strong>1441<\/strong><br \/>(-31 for losing)\n|raw|Send O&#x2f;U Plz's rating: 1252 &rarr; <strong>1291<\/strong><br \/>(+39 for winning)\n","uploadtime":1654026923,"views":65,"p1id":"illleave","p2id":"sendouplz","formatid":"gen8bdspuu","rating":1291,"private":0,"password":null}