{"id":"gen8randombattle-1628077702","p1":"gurtrant","p2":"somebodyrandomly","format":"gen8randombattle","log":"|j|\u2606gurtrant\n|j|\u2606somebodyrandomly\n|t:|1659128509\n|gametype|singles\n|player|p1|gurtrant|veteran|1578\n|player|p2|somebodyrandomly|unknown|1605\n|teamsize|p1|6\n|teamsize|p2|6\n|gen|8\n|tier|[Gen 8] Random Battle\n|rated|\n|rule|Species Clause: Limit one of each Pok\u00e9mon\n|rule|HP Percentage Mod: HP is shown in percentages\n|rule|Sleep Clause Mod: Limit one foe put to sleep\n|\n|t:|1659128509\n|start\n|switch|p1a: Hitmonchan|Hitmonchan, L86, M|226\/226\n|switch|p2a: Zacian|Zacian-Crowned, L62|218\/218\n|-ability|p2a: Zacian|Intrepid Sword|boost\n|-boost|p2a: Zacian|atk|1\n|turn|1\n|inactive|Battle timer is ON: inactive players will automatically lose when time's up. (requested by somebodyrandomly)\n|inactive|gurtrant also wants the timer to be on.\n|\n|t:|1659128536\n|switch|p1a: Tentacruel|Tentacruel, L84, F|272\/272\n|move|p2a: Zacian|Play Rough|p1a: Tentacruel\n|-resisted|p1a: Tentacruel\n|-damage|p1a: Tentacruel|192\/272\n|\n|upkeep\n|turn|2\n|\n|t:|1659128543\n|move|p2a: Zacian|Psychic Fangs|p1a: Tentacruel\n|-supereffective|p1a: Tentacruel\n|-crit|p1a: Tentacruel\n|-damage|p1a: Tentacruel|0 fnt\n|faint|p1a: Tentacruel\n|\n|upkeep\n|\n|t:|1659128556\n|switch|p1a: Clawitzer|Clawitzer, L84, M|256\/256\n|turn|3\n|\n|t:|1659128564\n|switch|p2a: Vaporeon|Vaporeon, L84, M|356\/356\n|move|p1a: Clawitzer|Water Pulse|p2a: Vaporeon\n|-immune|p2a: Vaporeon|[from] ability: Water Absorb\n|\n|upkeep\n|turn|4\n|\n|t:|1659128578\n|switch|p1a: Hitmonchan|Hitmonchan, L86, M|226\/226\n|move|p2a: Vaporeon|Scald|p1a: Hitmonchan\n|-damage|p1a: Hitmonchan|153\/226\n|\n|-heal|p1a: Hitmonchan|167\/226|[from] item: Leftovers\n|upkeep\n|turn|5\n|\n|t:|1659128587\n|move|p1a: Hitmonchan|Bulk Up|p1a: Hitmonchan\n|-boost|p1a: Hitmonchan|atk|1\n|-boost|p1a: Hitmonchan|def|1\n|move|p2a: Vaporeon|Scald|p1a: Hitmonchan\n|-damage|p1a: Hitmonchan|88\/226\n|\n|-heal|p1a: Hitmonchan|102\/226|[from] item: Leftovers\n|upkeep\n|turn|6\n|\n|t:|1659128589\n|move|p1a: Hitmonchan|Drain Punch|p2a: Vaporeon\n|-damage|p2a: Vaporeon|149\/356\n|-heal|p1a: Hitmonchan|206\/226|[from] drain|[of] p2a: Vaporeon\n|move|p2a: Vaporeon|Scald|p1a: Hitmonchan\n|-crit|p1a: Hitmonchan\n|-damage|p1a: Hitmonchan|98\/226\n|\n|-heal|p1a: Hitmonchan|112\/226|[from] item: Leftovers\n|-heal|p2a: Vaporeon|171\/356|[from] item: Leftovers\n|upkeep\n|turn|7\n|\n|t:|1659128597\n|switch|p2a: Moltres|Moltres, L80|275\/275\n|move|p1a: Hitmonchan|Drain Punch|p2a: Moltres\n|-resisted|p2a: Moltres\n|-crit|p2a: Moltres\n|-damage|p2a: Moltres|158\/275\n|-heal|p1a: Hitmonchan|171\/226|[from] drain|[of] p2a: Moltres\n|\n|-heal|p1a: Hitmonchan|185\/226|[from] item: Leftovers\n|upkeep\n|turn|8\n|\n|t:|1659128614\n|switch|p1a: Clawitzer|Clawitzer, L84, M|256\/256\n|move|p2a: Moltres|Air Slash|p1a: Clawitzer\n|-damage|p1a: Clawitzer|168\/256\n|\n|upkeep\n|turn|9\n|inactive|somebodyrandomly has 120 seconds left.\n|\n|t:|1659128647\n|move|p2a: Moltres|U-turn|p1a: Clawitzer\n|-damage|p1a: Clawitzer|120\/256\n|\n|t:|1659128649\n|switch|p2a: Vaporeon|Vaporeon, L84, M|171\/356\n|move|p1a: Clawitzer|U-turn|p2a: Vaporeon\n|-damage|p2a: Vaporeon|122\/356\n|inactive|gurtrant has 120 seconds left.\n|\n|t:|1659128690\n|switch|p1a: Hitmonchan|Hitmonchan, L86, M|185\/226\n|\n|-heal|p1a: Hitmonchan|199\/226|[from] item: Leftovers\n|-heal|p2a: Vaporeon|144\/356|[from] item: Leftovers\n|upkeep\n|turn|10\n|\n|t:|1659128695\n|move|p1a: Hitmonchan|Bulk Up|p1a: Hitmonchan\n|-boost|p1a: Hitmonchan|atk|1\n|-boost|p1a: Hitmonchan|def|1\n|move|p2a: Vaporeon|Wish|p2a: Vaporeon\n|\n|-heal|p1a: Hitmonchan|213\/226|[from] item: Leftovers\n|-heal|p2a: Vaporeon|166\/356|[from] item: Leftovers\n|upkeep\n|turn|11\n|\n|t:|1659128701\n|move|p1a: Hitmonchan|Drain Punch|p2a: Vaporeon\n|-damage|p2a: Vaporeon|0 fnt\n|-heal|p1a: Hitmonchan|226\/226|[from] drain|[of] p2a: Vaporeon\n|faint|p2a: Vaporeon\n|\n|upkeep\n|\n|t:|1659128707\n|switch|p2a: Moltres|Moltres, L80|158\/275\n|turn|12\n|\n|t:|1659128720\n|switch|p1a: Garchomp|Garchomp, L74, F|282\/282\n|move|p2a: Moltres|Air Slash|p1a: Garchomp\n|-damage|p1a: Garchomp|177\/282\n|\n|upkeep\n|turn|13\n|\n|t:|1659128724\n|move|p1a: Garchomp|Stealth Rock|p2a: Moltres\n|-sidestart|p2: somebodyrandomly|move: Stealth Rock\n|move|p2a: Moltres|U-turn|p1a: Garchomp\n|-damage|p1a: Garchomp|130\/282\n|-damage|p2a: Moltres|124\/275|[from] ability: Rough Skin|[of] p1a: Garchomp\n|-damage|p2a: Moltres|79\/275|[from] item: Rocky Helmet|[of] p1a: Garchomp\n|\n|t:|1659128734\n|switch|p2a: Landorus|Landorus, L76, M|260\/260\n|-damage|p2a: Landorus|228\/260|[from] Stealth Rock\n|\n|upkeep\n|turn|14\n|\n|t:|1659128745\n|move|p2a: Landorus|Earth Power|p1a: Garchomp\n|-damage|p1a: Garchomp|0 fnt\n|faint|p1a: Garchomp\n|\n|upkeep\n|\n|t:|1659128752\n|switch|p1a: Frosmoth|Frosmoth, L82, F|249\/249\n|turn|15\n|\n|t:|1659128769\n|move|p2a: Landorus|Sludge Wave|p1a: Frosmoth\n|-crit|p1a: Frosmoth\n|-damage|p1a: Frosmoth|163\/249\n|move|p1a: Frosmoth|Quiver Dance|p1a: Frosmoth\n|-boost|p1a: Frosmoth|spa|1\n|-boost|p1a: Frosmoth|spd|1\n|-boost|p1a: Frosmoth|spe|1\n|\n|upkeep\n|turn|16\n|\n|t:|1659128775\n|switch|p2a: Moltres|Moltres, L80|79\/275\n|move|p1a: Frosmoth|Quiver Dance|p1a: Frosmoth\n|-boost|p1a: Frosmoth|spa|1\n|-boost|p1a: Frosmoth|spd|1\n|-boost|p1a: Frosmoth|spe|1\n|\n|upkeep\n|turn|17\n|\n|t:|1659128783\n|-start|p2a: Moltres|Dynamax|\n|-heal|p2a: Moltres|158\/550|[silent]\n|move|p1a: Frosmoth|Ice Beam|p2a: Moltres\n|-damage|p2a: Moltres|0 fnt\n|faint|p2a: Moltres\n|\n|upkeep\n|\n|t:|1659128786\n|switch|p2a: Zacian|Zacian-Crowned, L62|218\/218\n|-damage|p2a: Zacian|205\/218|[from] Stealth Rock\n|-ability|p2a: Zacian|Intrepid Sword|boost\n|-boost|p2a: Zacian|atk|1\n|turn|18\n|\n|t:|1659128796\n|move|p1a: Frosmoth|Ice Beam|p2a: Zacian\n|-resisted|p2a: Zacian\n|-damage|p2a: Zacian|83\/218\n|move|p2a: Zacian|Behemoth Blade|p1a: Frosmoth\n|-supereffective|p1a: Frosmoth\n|-damage|p1a: Frosmoth|0 fnt\n|faint|p1a: Frosmoth\n|\n|upkeep\n|\n|t:|1659128813\n|switch|p1a: Clawitzer|Clawitzer, L84, M|120\/256\n|turn|19\n|\n|t:|1659128841\n|move|p2a: Zacian|Play Rough|p1a: Clawitzer\n|-damage|p1a: Clawitzer|0 fnt\n|faint|p1a: Clawitzer\n|\n|upkeep\n|\n|t:|1659128847\n|switch|p1a: Hitmonchan|Hitmonchan, L86, M|226\/226\n|turn|20\n|\n|t:|1659128865\n|move|p2a: Zacian|Play Rough|p1a: Hitmonchan\n|-supereffective|p1a: Hitmonchan\n|-damage|p1a: Hitmonchan|0 fnt\n|faint|p1a: Hitmonchan\n|\n|upkeep\n|-message|gurtrant forfeited.\n|\n|win|somebodyrandomly\n|raw|gurtrant's rating: 1578 &rarr; <strong>1560<\/strong><br \/>(-18 for losing)\n|raw|somebodyrandomly's rating: 1605 &rarr; <strong>1623<\/strong><br \/>(+18 for winning)\n|l|\u2606gurtrant\n","inputlog":">version 84353cbd922d67c78293896426278c1cf748bb52\n>start {\"formatid\":\"gen8randombattle\",\"seed\":[51004,51500,49743,29122],\"rated\":\"Rated battle\"}\n>player p1 {\"name\":\"gurtrant\",\"avatar\":\"veteran\",\"rating\":1578,\"seed\":[18870,7162,8122,32977]}\n>player p2 {\"name\":\"somebodyrandomly\",\"avatar\":\"unknown\",\"rating\":1605,\"seed\":[29208,63189,51688,51809]}\n>p1 switch 5\n>p2 move playrough\n>p1 move scald\n>p2 move psychicfangs\n>p1 switch 6\n>p1 move waterpulse\n>p2 switch 5\n>p1 switch 5\n>p2 move scald\n>p1 move bulkup\n>p2 move scald\n>p1 move drainpunch\n>p2 move scald\n>p1 move drainpunch\n>p2 switch 4\n>p1 switch 5\n>p2 move airslash\n>p1 move uturn\n>p2 move uturn\n>p2 switch 4\n>p1 switch 5\n>p1 move bulkup\n>p2 move wish\n>p1 move drainpunch\n>p2 move scald\n>p2 switch 4\n>p1 switch 2\n>p2 move airslash\n>p1 move stealthrock\n>p2 move uturn\n>p2 switch 3\n>p1 move outrage\n>p2 move earthpower\n>p1 switch 3\n>p1 move quiverdance\n>p2 move sludgewave\n>p1 move quiverdance\n>p2 switch 3\n>p1 move icebeam\n>p2 move airslash dynamax\n>p2 switch 5\n>p1 move icebeam\n>p2 move behemothblade\n>p1 switch 5\n>p1 move waterpulse\n>p2 move playrough\n>p1 switch 2\n>p1 move rapidspin\n>p2 move playrough\n>forcelose p1","uploadtime":1659128879,"views":7,"p1id":"gurtrant","p2id":"somebodyrandomly","formatid":"gen8randombattle","rating":1560,"private":0,"password":null}