{"id":"gen8ou-1668200849","p1":"richhomiequandale","p2":"broked on bricks","format":"gen8ou","log":"|j|\u2606richhomiequandale\n|j|\u2606broked on bricks\n|t:|1663605932\n|gametype|singles\n|player|p1|richhomiequandale|101|1585\n|player|p2|broked on bricks|lance-masters|1665\n|teamsize|p1|6\n|teamsize|p2|6\n|gen|8\n|tier|[Gen 8] OU\n|rated|\n|rule|Sleep Clause Mod: Limit one foe put to sleep\n|rule|Species Clause: Limit one of each Pok\u00e9mon\n|rule|OHKO Clause: OHKO moves are banned\n|rule|Evasion Items Clause: Evasion items are banned\n|rule|Evasion Moves Clause: Evasion moves are banned\n|rule|Endless Battle Clause: Forcing endless battles is banned\n|rule|HP Percentage Mod: HP is shown in percentages\n|rule|Dynamax Clause: You cannot dynamax\n|clearpoke\n|poke|p1|Ferrothorn, F|\n|poke|p1|Rotom-Wash|\n|poke|p1|Tyranitar, M|\n|poke|p1|Excadrill, F|\n|poke|p1|Clefable, F|\n|poke|p1|Dragapult, M|\n|poke|p2|Pelipper, F|\n|poke|p2|Keldeo-Resolute|\n|poke|p2|Dragapult, M|\n|poke|p2|Tapu Lele|\n|poke|p2|Melmetal|\n|poke|p2|Landorus-Therian, M|\n|teampreview\n|c|\u2606broked on bricks|glhf\n|\n|t:|1663605960\n|start\n|switch|p1a: Tyranitar|Tyranitar, M|100\/100\n|switch|p2a: Lele Wulong|Tapu Lele|100\/100\n|-fieldstart|move: Psychic Terrain|[from] ability: Psychic Surge|[of] p2a: Lele Wulong\n|-weather|Sandstorm|[from] ability: Sand Stream|[of] p1a: Tyranitar\n|turn|1\n|\n|t:|1663605972\n|switch|p1a: Clefable|Clefable, F|100\/100\n|move|p2a: Lele Wulong|Moonblast|p1a: Clefable\n|-damage|p1a: Clefable|45\/100\n|\n|-weather|Sandstorm|[upkeep]\n|-damage|p2a: Lele Wulong|94\/100|[from] Sandstorm\n|upkeep\n|turn|2\n|\n|t:|1663605979\n|switch|p2a: PENTADACTYL LIMB|Pelipper, F|100\/100\n|-weather|RainDance|[from] ability: Drizzle|[of] p2a: PENTADACTYL LIMB\n|switch|p1a: Ferrothorn|Ferrothorn, F|100\/100\n|\n|-weather|RainDance|[upkeep]\n|upkeep\n|turn|3\n|\n|t:|1663605986\n|move|p2a: PENTADACTYL LIMB|Hurricane|p1a: Ferrothorn\n|-damage|p1a: Ferrothorn|31\/100\n|move|p1a: Ferrothorn|Spikes|p2a: PENTADACTYL LIMB\n|-sidestart|p2: broked on bricks|Spikes\n|\n|-weather|RainDance|[upkeep]\n|-heal|p1a: Ferrothorn|37\/100|[from] item: Leftovers\n|upkeep\n|turn|4\n|\n|t:|1663605991\n|switch|p2a: SWAG LIKE OHIO|Landorus-Therian, M|100\/100\n|-ability|p2a: SWAG LIKE OHIO|Intimidate|boost\n|-unboost|p1a: Ferrothorn|atk|1\n|switch|p1a: Tyranitar|Tyranitar, M|100\/100\n|-weather|Sandstorm|[from] ability: Sand Stream|[of] p1a: Tyranitar\n|\n|-weather|Sandstorm|[upkeep]\n|upkeep\n|turn|5\n|\n|t:|1663605996\n|switch|p1a: Rotom|Rotom-Wash|100\/100\n|move|p2a: SWAG LIKE OHIO|Earthquake|p1a: Rotom\n|-immune|p1a: Rotom|[from] ability: Levitate\n|\n|-weather|Sandstorm|[upkeep]\n|-damage|p1a: Rotom|94\/100|[from] Sandstorm\n|-heal|p1a: Rotom|100\/100|[from] item: Leftovers\n|-fieldend|move: Psychic Terrain\n|upkeep\n|turn|6\n|\n|t:|1663606005\n|switch|p2a: These Bolts|Melmetal|100\/100\n|-damage|p2a: These Bolts|88\/100|[from] Spikes\n|move|p1a: Rotom|Toxic|p2a: These Bolts\n|-immune|p2a: These Bolts\n|\n|-weather|Sandstorm|[upkeep]\n|-damage|p1a: Rotom|94\/100|[from] Sandstorm\n|-heal|p1a: Rotom|100\/100|[from] item: Leftovers\n|-heal|p2a: These Bolts|94\/100|[from] item: Leftovers\n|upkeep\n|turn|7\n|\n|t:|1663606013\n|move|p1a: Rotom|Hydro Pump|p2a: These Bolts\n|-damage|p2a: These Bolts|60\/100\n|move|p2a: These Bolts|Toxic|p1a: Rotom\n|-status|p1a: Rotom|tox\n|\n|-weather|Sandstorm|[upkeep]\n|-damage|p1a: Rotom|94\/100 tox|[from] Sandstorm\n|-heal|p1a: Rotom|100\/100 tox|[from] item: Leftovers\n|-heal|p2a: These Bolts|66\/100|[from] item: Leftovers\n|-damage|p1a: Rotom|94\/100 tox|[from] psn\n|upkeep\n|turn|8\n|\n|t:|1663606022\n|move|p2a: These Bolts|Protect|p2a: These Bolts\n|-singleturn|p2a: These Bolts|Protect\n|move|p1a: Rotom|Hydro Pump|p2a: These Bolts\n|-activate|p2a: These Bolts|move: Protect\n|\n|-weather|none\n|-heal|p1a: Rotom|100\/100 tox|[from] item: Leftovers\n|-heal|p2a: These Bolts|72\/100|[from] item: Leftovers\n|-damage|p1a: Rotom|88\/100 tox|[from] psn\n|upkeep\n|turn|9\n|\n|t:|1663606027\n|move|p1a: Rotom|Hydro Pump|p2a: These Bolts\n|-damage|p2a: These Bolts|38\/100\n|move|p2a: These Bolts|Double Iron Bash|p1a: Rotom\n|-resisted|p1a: Rotom\n|-damage|p1a: Rotom|76\/100 tox\n|-resisted|p1a: Rotom\n|-damage|p1a: Rotom|65\/100 tox\n|-hitcount|p1a: Rotom|2\n|\n|-heal|p1a: Rotom|71\/100 tox|[from] item: Leftovers\n|-heal|p2a: These Bolts|44\/100|[from] item: Leftovers\n|-damage|p1a: Rotom|52\/100 tox|[from] psn\n|upkeep\n|turn|10\n|\n|t:|1663606038\n|move|p2a: These Bolts|Protect|p2a: These Bolts\n|-singleturn|p2a: These Bolts|Protect\n|move|p1a: Rotom|Hydro Pump|p2a: These Bolts\n|-activate|p2a: These Bolts|move: Protect\n|\n|-heal|p1a: Rotom|58\/100 tox|[from] item: Leftovers\n|-heal|p2a: These Bolts|50\/100|[from] item: Leftovers\n|-damage|p1a: Rotom|33\/100 tox|[from] psn\n|upkeep\n|turn|11\n|\n|t:|1663606043\n|move|p1a: Rotom|Pain Split|p2a: These Bolts\n|-sethp|p2a: These Bolts|37\/100|[from] move: Pain Split|[silent]\n|-sethp|p1a: Rotom|50\/100 tox|[from] move: Pain Split\n|move|p2a: These Bolts|Double Iron Bash|p1a: Rotom\n|-resisted|p1a: Rotom\n|-damage|p1a: Rotom|38\/100 tox\n|-resisted|p1a: Rotom\n|-damage|p1a: Rotom|27\/100 tox\n|-hitcount|p1a: Rotom|2\n|\n|-heal|p1a: Rotom|33\/100 tox|[from] item: Leftovers\n|-heal|p2a: These Bolts|44\/100|[from] item: Leftovers\n|-damage|p1a: Rotom|2\/100 tox|[from] psn\n|upkeep\n|turn|12\n|\n|t:|1663606048\n|move|p2a: These Bolts|Protect|p2a: These Bolts\n|-singleturn|p2a: These Bolts|Protect\n|move|p1a: Rotom|Hydro Pump|p2a: These Bolts\n|-activate|p2a: These Bolts|move: Protect\n|\n|-heal|p1a: Rotom|8\/100 tox|[from] item: Leftovers\n|-heal|p2a: These Bolts|50\/100|[from] item: Leftovers\n|-damage|p1a: Rotom|0 fnt|[from] psn\n|faint|p1a: Rotom\n|upkeep\n|\n|t:|1663606055\n|switch|p1a: Dragapult|Dragapult, M|100\/100\n|turn|13\n|\n|t:|1663606059\n|switch|p2a: SWAG LIKE OHIO|Landorus-Therian, M|100\/100\n|-ability|p2a: SWAG LIKE OHIO|Intimidate|boost\n|-unboost|p1a: Dragapult|atk|1\n|move|p1a: Dragapult|Flamethrower|p2a: SWAG LIKE OHIO\n|-damage|p2a: SWAG LIKE OHIO|66\/100\n|-enditem|p2a: SWAG LIKE OHIO|Eject Button\n|\n|t:|1663606064\n|switch|p2a: PENTADACTYL LIMB|Pelipper, F|100\/100\n|-weather|RainDance|[from] ability: Drizzle|[of] p2a: PENTADACTYL LIMB\n|\n|-weather|RainDance|[upkeep]\n|upkeep\n|turn|14\n|\n|t:|1663606070\n|switch|p1a: Tyranitar|Tyranitar, M|100\/100\n|-weather|Sandstorm|[from] ability: Sand Stream|[of] p1a: Tyranitar\n|move|p2a: PENTADACTYL LIMB|Scald|p1a: Tyranitar\n|-supereffective|p1a: Tyranitar\n|-damage|p1a: Tyranitar|33\/100\n|-status|p1a: Tyranitar|brn\n|\n|-weather|Sandstorm|[upkeep]\n|-damage|p2a: PENTADACTYL LIMB|94\/100|[from] Sandstorm\n|-damage|p1a: Tyranitar|27\/100 brn|[from] brn\n|upkeep\n|turn|15\n|\n|t:|1663606078\n|switch|p2a: These Bolts|Melmetal|50\/100\n|-damage|p2a: These Bolts|37\/100|[from] Spikes\n|move|p1a: Tyranitar|Stone Edge|p2a: These Bolts\n|-resisted|p2a: These Bolts\n|-damage|p2a: These Bolts|25\/100\n|\n|-weather|Sandstorm|[upkeep]\n|-heal|p2a: These Bolts|31\/100|[from] item: Leftovers\n|-damage|p1a: Tyranitar|21\/100 brn|[from] brn\n|upkeep\n|turn|16\n|\n|t:|1663606085\n|switch|p1a: Ferrothorn|Ferrothorn, F|37\/100\n|move|p2a: These Bolts|Earthquake|p1a: Ferrothorn\n|-damage|p1a: Ferrothorn|12\/100\n|\n|-weather|Sandstorm|[upkeep]\n|-heal|p2a: These Bolts|37\/100|[from] item: Leftovers\n|-heal|p1a: Ferrothorn|18\/100|[from] item: Leftovers\n|upkeep\n|turn|17\n|\n|t:|1663606090\n|move|p2a: These Bolts|Earthquake|p1a: Ferrothorn\n|-damage|p1a: Ferrothorn|0 fnt\n|faint|p1a: Ferrothorn\n|\n|-weather|Sandstorm|[upkeep]\n|-heal|p2a: These Bolts|43\/100|[from] item: Leftovers\n|upkeep\n|\n|t:|1663606093\n|switch|p1a: Dragapult|Dragapult, M|100\/100\n|turn|18\n|\n|t:|1663606096\n|move|p2a: These Bolts|Protect|p2a: These Bolts\n|-singleturn|p2a: These Bolts|Protect\n|move|p1a: Dragapult|Shadow Ball|p2a: These Bolts\n|-activate|p2a: These Bolts|move: Protect\n|\n|-weather|none\n|-heal|p2a: These Bolts|49\/100|[from] item: Leftovers\n|upkeep\n|turn|19\n|\n|t:|1663606099\n|move|p1a: Dragapult|Shadow Ball|p2a: These Bolts\n|-damage|p2a: These Bolts|2\/100\n|move|p2a: These Bolts|Double Iron Bash|p1a: Dragapult\n|-damage|p1a: Dragapult|38\/100\n|-damage|p1a: Dragapult|0 fnt\n|faint|p1a: Dragapult\n|-hitcount|p1: Dragapult|2\n|\n|-heal|p2a: These Bolts|8\/100|[from] item: Leftovers\n|upkeep\n|-message|richhomiequandale forfeited.\n|\n|win|broked on bricks\n|raw|richhomiequandale's rating: 1585 &rarr; <strong>1570<\/strong><br \/>(-15 for losing)\n|raw|broked on bricks's rating: 1665 &rarr; <strong>1680<\/strong><br \/>(+15 for winning)\n|l|\u2606richhomiequandale\n","uploadtime":1663606105,"views":6,"p1id":"richhomiequandale","p2id":"brokedonbricks","formatid":"gen8ou","rating":1570,"private":0,"password":null}