{"id":"gen8ubers-1458296211","p1":"gaenisalbino","p2":"Owen2049","format":"gen8ubers","log":"|j|\u203dgaenisalbino\n|j|\u2606Owen2049\n|t:|1637504627\n|gametype|singles\n|player|p1|gaenisalbino|blue|1000\n|player|p2|Owen2049|266|1177\n|teamsize|p1|6\n|teamsize|p2|6\n|gen|8\n|tier|[Gen 8] Ubers\n|rated|\n|rule|Sleep Clause Mod: Limit one foe put to sleep\n|rule|Species Clause: Limit one of each Pok\u00e9mon\n|rule|OHKO Clause: OHKO moves are banned\n|rule|Evasion Moves Clause: Evasion moves are banned\n|rule|Endless Battle Clause: Forcing endless battles is banned\n|rule|HP Percentage Mod: HP is shown in percentages\n|rule|Dynamax Clause: You cannot dynamax\n|clearpoke\n|poke|p1|Garchomp, M|\n|poke|p1|Weavile, M|\n|poke|p1|Scizor, M|\n|poke|p1|Tapu Fini|\n|poke|p1|Hawlucha, M|\n|poke|p1|Volcarona, M|\n|poke|p2|Xerneas-*|\n|poke|p2|Kyogre|\n|poke|p2|Zekrom|\n|poke|p2|Necrozma-Dusk-Mane|\n|poke|p2|Ferrothorn, F|\n|poke|p2|Groudon|\n|teampreview\n|inactive|Battle timer is ON: inactive players will automatically lose when time's up. (requested by Owen2049)\n|\n|t:|1637504658\n|start\n|switch|p1a: Tapu Fini|Tapu Fini|100\/100\n|switch|p2a: Necrozma|Necrozma-Dusk-Mane|100\/100\n|-fieldstart|move: Misty Terrain|[from] ability: Misty Surge|[of] p1a: Tapu Fini\n|turn|1\n|\n|t:|1637504668\n|move|p1a: Tapu Fini|Trick|p2a: Necrozma\n|-activate|p1a: Tapu Fini|move: Trick|[of] p2a: Necrozma\n|-item|p2a: Necrozma|Choice Scarf|[from] move: Trick\n|-item|p1a: Tapu Fini|Leftovers|[from] move: Trick\n|move|p2a: Necrozma|Thunder Wave|p1a: Tapu Fini\n|-activate|p1a: Tapu Fini|move: Misty Terrain\n|\n|upkeep\n|turn|2\n|\n|t:|1637504688\n|switch|p2a: Xerneas|Xerneas|100\/100\n|-ability|p2a: Xerneas|Fairy Aura\n|move|p1a: Tapu Fini|Moonblast|p2a: Xerneas\n|-damage|p2a: Xerneas|62\/100\n|\n|upkeep\n|turn|3\n|\n|t:|1637504695\n|switch|p1a: Scizor|Scizor, M|100\/100\n|move|p2a: Xerneas|Geomancy||[still]\n|-prepare|p2a: Xerneas|Geomancy\n|-enditem|p2a: Xerneas|Power Herb\n|-anim|p2a: Xerneas|Geomancy|p2a: Xerneas\n|-boost|p2a: Xerneas|spa|2\n|-boost|p2a: Xerneas|spd|2\n|-boost|p2a: Xerneas|spe|2\n|\n|upkeep\n|turn|4\n|\n|t:|1637504701\n|move|p1a: Scizor|Bullet Punch|p2a: Xerneas\n|-supereffective|p2a: Xerneas\n|-damage|p2a: Xerneas|0 fnt\n|faint|p2a: Xerneas\n|-damage|p1a: Scizor|91\/100|[from] item: Life Orb\n|\n|upkeep\n|\n|t:|1637504710\n|switch|p2a: Zekrom|Zekrom|100\/100\n|-ability|p2a: Zekrom|Teravolt\n|turn|5\n|\n|t:|1637504721\n|move|p2a: Zekrom|Dragon Dance|p2a: Zekrom\n|-boost|p2a: Zekrom|atk|1\n|-boost|p2a: Zekrom|spe|1\n|move|p1a: Scizor|Knock Off|p2a: Zekrom\n|-damage|p2a: Zekrom|61\/100\n|-enditem|p2a: Zekrom|Life Orb|[from] move: Knock Off|[of] p1a: Scizor\n|-damage|p1a: Scizor|81\/100|[from] item: Life Orb\n|\n|-fieldend|Misty Terrain\n|upkeep\n|turn|6\n|\n|t:|1637504750\n|move|p1a: Scizor|Bullet Punch|p2a: Zekrom\n|-resisted|p2a: Zekrom\n|-damage|p2a: Zekrom|43\/100\n|-damage|p1a: Scizor|71\/100|[from] item: Life Orb\n|move|p2a: Zekrom|Dragon Dance|p2a: Zekrom\n|-boost|p2a: Zekrom|atk|1\n|-boost|p2a: Zekrom|spe|1\n|\n|upkeep\n|turn|7\n|\n|t:|1637504758\n|move|p1a: Scizor|Bullet Punch|p2a: Zekrom\n|-resisted|p2a: Zekrom\n|-damage|p2a: Zekrom|23\/100\n|-damage|p1a: Scizor|62\/100|[from] item: Life Orb\n|move|p2a: Zekrom|Roost|p2a: Zekrom\n|-heal|p2a: Zekrom|74\/100\n|-singleturn|p2a: Zekrom|move: Roost\n|\n|upkeep\n|turn|8\n|\n|t:|1637504763\n|move|p2a: Zekrom|Dragon Dance|p2a: Zekrom\n|-boost|p2a: Zekrom|atk|1\n|-boost|p2a: Zekrom|spe|1\n|move|p1a: Scizor|Swords Dance|p1a: Scizor\n|-boost|p1a: Scizor|atk|2\n|\n|upkeep\n|turn|9\n|\n|t:|1637504771\n|move|p1a: Scizor|Bullet Punch|p2a: Zekrom\n|-resisted|p2a: Zekrom\n|-damage|p2a: Zekrom|36\/100\n|-damage|p1a: Scizor|52\/100|[from] item: Life Orb\n|move|p2a: Zekrom|Bolt Strike|p1a: Scizor\n|-damage|p1a: Scizor|0 fnt\n|faint|p1a: Scizor\n|\n|upkeep\n|\n|t:|1637504774\n|switch|p1a: Weavile|Weavile, M|100\/100\n|-ability|p1a: Weavile|Pressure\n|turn|10\n|\n|t:|1637504782\n|switch|p2a: Kyogre|Kyogre|100\/100\n|-weather|RainDance|[from] ability: Drizzle|[of] p2a: Kyogre\n|move|p1a: Weavile|Ice Shard|p2a: Kyogre\n|-resisted|p2a: Kyogre\n|-damage|p2a: Kyogre|94\/100\n|\n|-weather|RainDance|[upkeep]\n|-heal|p2a: Kyogre|99\/100|[from] item: Leftovers\n|upkeep\n|turn|11\n|\n|t:|1637504793\n|switch|p1a: Tapu Fini|Tapu Fini|100\/100\n|-fieldstart|move: Misty Terrain|[from] ability: Misty Surge|[of] p1a: Tapu Fini\n|move|p2a: Kyogre|Calm Mind|p2a: Kyogre\n|-boost|p2a: Kyogre|spa|1\n|-boost|p2a: Kyogre|spd|1\n|\n|-weather|RainDance|[upkeep]\n|-heal|p2a: Kyogre|100\/100|[from] item: Leftovers\n|upkeep\n|turn|12\n|\n|t:|1637504800\n|move|p1a: Tapu Fini|Moonblast|p2a: Kyogre\n|-damage|p2a: Kyogre|85\/100\n|-unboost|p2a: Kyogre|spa|1\n|move|p2a: Kyogre|Calm Mind|p2a: Kyogre\n|-boost|p2a: Kyogre|spa|1\n|-boost|p2a: Kyogre|spd|1\n|\n|-weather|RainDance|[upkeep]\n|-heal|p2a: Kyogre|91\/100|[from] item: Leftovers\n|upkeep\n|turn|13\n|\n|t:|1637504806\n|switch|p1a: Garchomp|Garchomp, M|100\/100\n|move|p2a: Kyogre|Calm Mind|p2a: Kyogre\n|-boost|p2a: Kyogre|spa|1\n|-boost|p2a: Kyogre|spd|1\n|\n|-weather|RainDance|[upkeep]\n|-heal|p2a: Kyogre|97\/100|[from] item: Leftovers\n|upkeep\n|turn|14\n|\n|t:|1637504811\n|move|p1a: Garchomp|Earthquake|p2a: Kyogre\n|-damage|p2a: Kyogre|52\/100\n|-damage|p1a: Garchomp|91\/100|[from] item: Life Orb\n|move|p2a: Kyogre|Ice Beam|p1a: Garchomp\n|-supereffective|p1a: Garchomp\n|-crit|p1a: Garchomp\n|-damage|p1a: Garchomp|0 fnt\n|faint|p1a: Garchomp\n|\n|-weather|none\n|-heal|p2a: Kyogre|58\/100|[from] item: Leftovers\n|upkeep\n|\n|t:|1637504820\n|switch|p1a: Hawlucha|Hawlucha, M|100\/100\n|-enditem|p1a: Hawlucha|Misty Seed\n|-boost|p1a: Hawlucha|spd|1|[from] item: Misty Seed\n|turn|15\n|\n|t:|1637504827\n|move|p1a: Hawlucha|Close Combat|p2a: Kyogre\n|-damage|p2a: Kyogre|22\/100\n|-unboost|p1a: Hawlucha|def|1\n|-unboost|p1a: Hawlucha|spd|1\n|move|p2a: Kyogre|Ice Beam|p1a: Hawlucha\n|-supereffective|p1a: Hawlucha\n|-damage|p1a: Hawlucha|0 fnt\n|faint|p1a: Hawlucha\n|\n|-heal|p2a: Kyogre|28\/100|[from] item: Leftovers\n|-fieldend|Misty Terrain\n|upkeep\n|\n|t:|1637504832\n|switch|p1a: Weavile|Weavile, M|100\/100\n|-ability|p1a: Weavile|Pressure\n|turn|16\n|\n|t:|1637504836\n|move|p1a: Weavile|Knock Off|p2a: Kyogre\n|-damage|p2a: Kyogre|0 fnt\n|-enditem|p2a: Kyogre|Leftovers|[from] move: Knock Off|[of] p1a: Weavile\n|faint|p2a: Kyogre\n|\n|upkeep\n|\n|t:|1637504842\n|switch|p2a: Necrozma|Necrozma-Dusk-Mane|100\/100\n|turn|17\n|\n|t:|1637504856\n|switch|p1a: Tapu Fini|Tapu Fini|100\/100\n|-fieldstart|move: Misty Terrain|[from] ability: Misty Surge|[of] p1a: Tapu Fini\n|move|p2a: Necrozma|Iron Head|p1a: Tapu Fini\n|-damage|p1a: Tapu Fini|63\/100\n|\n|-heal|p1a: Tapu Fini|69\/100|[from] item: Leftovers\n|upkeep\n|turn|18\n|\n|t:|1637504864\n|switch|p1a: Volcarona|Volcarona, M|100\/100\n|move|p2a: Necrozma|Iron Head|p1a: Volcarona\n|-resisted|p1a: Volcarona\n|-damage|p1a: Volcarona|68\/100\n|\n|upkeep\n|turn|19\n|\n|t:|1637504870\n|move|p2a: Necrozma|Iron Head|p1a: Volcarona\n|-resisted|p1a: Volcarona\n|-damage|p1a: Volcarona|37\/100\n|move|p1a: Volcarona|Quiver Dance|p1a: Volcarona\n|-boost|p1a: Volcarona|spa|1\n|-boost|p1a: Volcarona|spd|1\n|-boost|p1a: Volcarona|spe|1\n|\n|upkeep\n|turn|20\n|\n|t:|1637504875\n|move|p1a: Volcarona|Fire Blast|p2a: Necrozma\n|-supereffective|p2a: Necrozma\n|-damage|p2a: Necrozma|0 fnt\n|faint|p2a: Necrozma\n|\n|upkeep\n|\n|t:|1637504884\n|switch|p2a: Groudon|Groudon|100\/100\n|-weather|SunnyDay|[from] ability: Drought|[of] p2a: Groudon\n|turn|21\n|\n|t:|1637504894\n|move|p1a: Volcarona|Fire Blast|p2a: Groudon\n|-damage|p2a: Groudon|0 fnt\n|faint|p2a: Groudon\n|\n|-weather|SunnyDay|[upkeep]\n|-fieldend|Misty Terrain\n|upkeep\n|\n|t:|1637504897\n|switch|p2a: Zekrom|Zekrom|36\/100\n|-ability|p2a: Zekrom|Teravolt\n|turn|22\n|\n|t:|1637504905\n|move|p1a: Volcarona|Psychic|p2a: Zekrom\n|-damage|p2a: Zekrom|0 fnt\n|faint|p2a: Zekrom\n|\n|-weather|SunnyDay|[upkeep]\n|upkeep\n|-message|Owen2049 forfeited.\n|\n|win|gaenisalbino\n|raw|gaenisalbino's rating: 1000 &rarr; <strong>1059<\/strong><br \/>(+59 for winning)\n|raw|Owen2049's rating: 1177 &rarr; <strong>1140<\/strong><br \/>(-37 for losing)\n|l|\u2606Owen2049\n","uploadtime":1637504916,"views":12,"p1id":"gaenisalbino","p2id":"owen2049","formatid":"gen8ubers","rating":1059,"private":0,"password":null}