{"id":"gen8almostanyability-1597747840","p1":"dracaufeu shiny","p2":"Jfsosa10","format":"gen8almostanyability","log":"|j|\u2606dracaufeu shiny\n|j|\u2606Jfsosa10\n|t:|1655404599\n|gametype|singles\n|player|p1|dracaufeu shiny|red|1187\n|player|p2|Jfsosa10|170|1394\n|teamsize|p1|6\n|teamsize|p2|6\n|gen|8\n|tier|[Gen 8] Almost Any Ability\n|rated|\n|rule|Species Clause: Limit one of each Pok\u00e9mon\n|rule|OHKO Clause: OHKO moves are banned\n|rule|Evasion Moves Clause: Evasion moves are banned\n|rule|Endless Battle Clause: Forcing endless battles is banned\n|rule|HP Percentage Mod: HP is shown in percentages\n|rule|2 Ability Clause: Limit two of each ability\n|rule|Dynamax Clause: You cannot dynamax\n|rule|Sleep Clause: Sleep-inducing moves are banned\n|clearpoke\n|poke|p1|Slowbro, F|\n|poke|p1|Tyranitar, M|\n|poke|p1|Marowak-Alola, F|\n|poke|p1|Porygon2|\n|poke|p1|Arctozolt|\n|poke|p1|Mamoswine, F|\n|poke|p2|Kommo-o, M|\n|poke|p2|Azelf|\n|poke|p2|Toxapex, F|\n|poke|p2|Blissey, F|\n|poke|p2|Cinderace, F|\n|poke|p2|Genesect|\n|teampreview\n|\n|t:|1655404628\n|start\n|switch|p1a: Slowbro|Slowbro, F|100\/100\n|switch|p2a: Toxapex|Toxapex, F|100\/100\n|turn|1\n|\n|t:|1655404635\n|move|p2a: Toxapex|Toxic Spikes|p1a: Slowbro\n|move|p1a: Slowbro|Toxic Spikes|p2a: Toxapex|[from]ability: Magic Bounce\n|-sidestart|p2: Jfsosa10|move: Toxic Spikes\n|move|p1a: Slowbro|Trick Room|p1a: Slowbro\n|-fieldstart|move: Trick Room|[of] p1a: Slowbro\n|\n|upkeep\n|turn|2\n|\n|t:|1655404642\n|move|p2a: Toxapex|Toxic Spikes|p1a: Slowbro\n|move|p1a: Slowbro|Toxic Spikes|p2a: Toxapex|[from]ability: Magic Bounce\n|-sidestart|p2: Jfsosa10|move: Toxic Spikes\n|move|p1a: Slowbro|Teleport|p1a: Slowbro\n|\n|t:|1655404654\n|switch|p1a: Mamoswine|Mamoswine, F|100\/100|[from]move: Teleport\n|\n|upkeep\n|turn|3\n|\n|t:|1655404662\n|move|p2a: Toxapex|Scald|p1a: Mamoswine\n|-supereffective|p1a: Mamoswine\n|-damage|p1a: Mamoswine|58\/100\n|-status|p1a: Mamoswine|brn\n|move|p1a: Mamoswine|Earthquake|p2a: Toxapex\n|-supereffective|p2a: Toxapex\n|-damage|p2a: Toxapex|42\/100\n|-damage|p1a: Mamoswine|48\/100 brn|[from] item: Life Orb\n|\n|-heal|p2a: Toxapex|49\/100|[from] item: Black Sludge\n|-damage|p1a: Mamoswine|42\/100 brn|[from] brn\n|upkeep\n|turn|4\n|\n|t:|1655404675\n|switch|p1a: Tyranitar|Tyranitar, M|100\/100\n|move|p2a: Toxapex|Recover|p2a: Toxapex\n|-heal|p2a: Toxapex|99\/100\n|\n|-heal|p2a: Toxapex|100\/100|[from] item: Black Sludge\n|-status|p1a: Tyranitar|brn|[from] item: Flame Orb\n|upkeep\n|turn|5\n|\n|t:|1655404689\n|move|p2a: Toxapex|Scald|p1a: Tyranitar\n|-supereffective|p1a: Tyranitar\n|-damage|p1a: Tyranitar|71\/100 brn\n|move|p1a: Tyranitar|Earthquake|p2a: Toxapex\n|-supereffective|p2a: Toxapex\n|-damage|p2a: Toxapex|33\/100\n|\n|-heal|p2a: Toxapex|39\/100|[from] item: Black Sludge\n|-damage|p1a: Tyranitar|65\/100 brn|[from] brn\n|-fieldend|move: Trick Room\n|upkeep\n|turn|6\n|\n|t:|1655404701\n|switch|p2a: Kommo-o|Kommo-o, M|100\/100\n|-status|p2a: Kommo-o|tox\n|-ability|p2a: Kommo-o|Dauntless Shield|boost\n|-boost|p2a: Kommo-o|def|1\n|move|p1a: Tyranitar|Earthquake|p2a: Kommo-o\n|-damage|p2a: Kommo-o|76\/100 tox\n|\n|-heal|p2a: Kommo-o|82\/100 tox|[from] item: Leftovers\n|-damage|p2a: Kommo-o|76\/100 tox|[from] psn\n|-damage|p1a: Tyranitar|58\/100 brn|[from] brn\n|upkeep\n|turn|7\n|\n|t:|1655404721\n|switch|p2a: Cinderace|Cinderace, F|100\/100\n|-status|p2a: Cinderace|tox\n|switch|p1a: Mamoswine|Mamoswine, F|42\/100 brn\n|\n|-damage|p1a: Mamoswine|36\/100 brn|[from] brn\n|upkeep\n|turn|8\n|\n|t:|1655404733\n|move|p1a: Mamoswine|Ice Shard|p2a: Cinderace\n|-resisted|p2a: Cinderace\n|-damage|p2a: Cinderace|86\/100 tox\n|-damage|p1a: Mamoswine|26\/100 brn|[from] item: Life Orb\n|move|p2a: Cinderace|Court Change|p2a: Cinderace\n|-swapsideconditions\n|-activate|p2a: Cinderace|move: Court Change\n|\n|-damage|p1a: Mamoswine|20\/100 brn|[from] brn\n|upkeep\n|turn|9\n|\n|t:|1655404745\n|move|p2a: Cinderace|Flare Blitz|p1a: Mamoswine\n|-supereffective|p1a: Mamoswine\n|-damage|p1a: Mamoswine|0 fnt\n|faint|p1a: Mamoswine\n|\n|upkeep\n|\n|t:|1655404761\n|switch|p1a: Porygon2|Porygon2|100\/100\n|-status|p1a: Porygon2|tox\n|turn|10\n|\n|t:|1655404766\n|move|p2a: Cinderace|High Jump Kick|p1a: Porygon2\n|-supereffective|p1a: Porygon2\n|-damage|p1a: Porygon2|41\/100 tox\n|move|p1a: Porygon2|Trick Room|p1a: Porygon2\n|-fieldstart|move: Trick Room|[of] p1a: Porygon2\n|\n|-damage|p1a: Porygon2|34\/100 tox|[from] psn\n|upkeep\n|turn|11\n|\n|t:|1655404777\n|switch|p2a: Toxapex|Toxapex, F|39\/100\n|move|p1a: Porygon2|Teleport|p1a: Porygon2\n|\n|t:|1655404794\n|switch|p1a: Tyranitar|Tyranitar, M|58\/100 brn|[from]move: Teleport\n|\n|-heal|p2a: Toxapex|45\/100|[from] item: Black Sludge\n|-damage|p1a: Tyranitar|52\/100 brn|[from] brn\n|upkeep\n|turn|12\n|\n|t:|1655404809\n|move|p2a: Toxapex|Recover|p2a: Toxapex\n|-heal|p2a: Toxapex|95\/100\n|move|p1a: Tyranitar|Earthquake|p2a: Toxapex\n|-supereffective|p2a: Toxapex\n|-damage|p2a: Toxapex|24\/100\n|\n|-heal|p2a: Toxapex|30\/100|[from] item: Black Sludge\n|-damage|p1a: Tyranitar|46\/100 brn|[from] brn\n|upkeep\n|turn|13\n|\n|t:|1655404820\n|switch|p2a: Kommo-o|Kommo-o, M|76\/100 tox\n|-ability|p2a: Kommo-o|Dauntless Shield|boost\n|-boost|p2a: Kommo-o|def|1\n|move|p1a: Tyranitar|Earthquake|p2a: Kommo-o\n|-crit|p2a: Kommo-o\n|-damage|p2a: Kommo-o|26\/100 tox\n|\n|-heal|p2a: Kommo-o|32\/100 tox|[from] item: Leftovers\n|-damage|p2a: Kommo-o|26\/100 tox|[from] psn\n|-damage|p1a: Tyranitar|40\/100 brn|[from] brn\n|upkeep\n|turn|14\n|\n|t:|1655404834\n|move|p1a: Tyranitar|Facade|p2a: Kommo-o\n|-damage|p2a: Kommo-o|0 fnt\n|faint|p2a: Kommo-o\n|\n|-damage|p1a: Tyranitar|34\/100 brn|[from] brn\n|-fieldend|move: Trick Room\n|upkeep\n|\n|t:|1655404837\n|switch|p2a: Genesect|Genesect, shiny|100\/100\n|turn|15\n|\n|t:|1655404851\n|switch|p1a: Porygon2|Porygon2|34\/100 tox\n|move|p2a: Genesect|U-turn|p1a: Porygon2\n|-damage|p1a: Porygon2|18\/100 tox\n|\n|t:|1655404860\n|switch|p2a: Azelf|Azelf|100\/100|[from]move: U-turn\n|-fieldstart|move: Psychic Terrain|[from] ability: Psychic Surge|[of] p2a: Azelf\n|\n|-damage|p1a: Porygon2|12\/100 tox|[from] psn\n|upkeep\n|turn|16\n|\n|t:|1655404870\n|move|p2a: Azelf|U-turn|p1a: Porygon2\n|-damage|p1a: Porygon2|3\/100 tox\n|\n|t:|1655404873\n|switch|p2a: Toxapex|Toxapex, F|30\/100|[from]move: U-turn\n|move|p1a: Porygon2|Trick Room|p1a: Porygon2\n|-fieldstart|move: Trick Room|[of] p1a: Porygon2\n|\n|-heal|p2a: Toxapex|36\/100|[from] item: Black Sludge\n|-damage|p1a: Porygon2|0 fnt|[from] psn\n|faint|p1a: Porygon2\n|upkeep\n|\n|t:|1655404887\n|switch|p1a: Tyranitar|Tyranitar, M|34\/100 brn\n|turn|17\n|\n|t:|1655404895\n|move|p2a: Toxapex|Recover|p2a: Toxapex\n|-heal|p2a: Toxapex|86\/100\n|move|p1a: Tyranitar|Earthquake|p2a: Toxapex\n|-supereffective|p2a: Toxapex\n|-damage|p2a: Toxapex|18\/100\n|\n|-heal|p2a: Toxapex|24\/100|[from] item: Black Sludge\n|-damage|p1a: Tyranitar|27\/100 brn|[from] brn\n|upkeep\n|turn|18\n|\n|t:|1655404907\n|move|p2a: Toxapex|Scald|p1a: Tyranitar\n|-supereffective|p1a: Tyranitar\n|-damage|p1a: Tyranitar|0 fnt\n|faint|p1a: Tyranitar\n|\n|-heal|p2a: Toxapex|30\/100|[from] item: Black Sludge\n|upkeep\n|\n|t:|1655404915\n|switch|p1a: Marowak|Marowak-Alola, F|100\/100\n|-status|p1a: Marowak|tox\n|turn|19\n|\n|t:|1655404920\n|move|p2a: Toxapex|Recover|p2a: Toxapex\n|-heal|p2a: Toxapex|80\/100\n|move|p1a: Marowak|Poltergeist|p2a: Toxapex\n|-activate|p2a: Toxapex|move: Poltergeist|Black Sludge\n|-damage|p2a: Toxapex|3\/100\n|\n|-heal|p2a: Toxapex|9\/100|[from] item: Black Sludge\n|-damage|p1a: Marowak|94\/100 tox|[from] psn\n|-fieldend|move: Psychic Terrain\n|upkeep\n|turn|20\n|\n|t:|1655404936\n|switch|p2a: Blissey|Blissey, F|100\/100\n|move|p1a: Marowak|Poltergeist|p2a: Blissey\n|-immune|p2a: Blissey\n|\n|-damage|p1a: Marowak|82\/100 tox|[from] psn\n|-fieldend|move: Trick Room\n|upkeep\n|turn|21\n|\n|t:|1655404946\n|move|p1a: Marowak|Flare Blitz|p2a: Blissey\n|-damage|p2a: Blissey|0 fnt\n|faint|p2a: Blissey\n|-damage|p1a: Marowak|9\/100 tox|[from] Recoil\n|\n|-damage|p1a: Marowak|0 fnt|[from] psn\n|faint|p1a: Marowak\n|upkeep\n|\n|t:|1655404956\n|switch|p1a: Slowbro|Slowbro, F|100\/100\n|switch|p2a: Azelf|Azelf|100\/100\n|-fieldstart|move: Psychic Terrain|[from] ability: Psychic Surge|[of] p2a: Azelf\n|-status|p1a: Slowbro|tox\n|turn|22\n|\n|t:|1655404965\n|move|p2a: Azelf|Expanding Force|p1a: Slowbro\n|-resisted|p1a: Slowbro\n|-damage|p1a: Slowbro|56\/100 tox\n|move|p1a: Slowbro|Trick Room|p1a: Slowbro\n|-fieldstart|move: Trick Room|[of] p1a: Slowbro\n|\n|-heal|p1a: Slowbro|62\/100 tox|[from] item: Leftovers\n|-damage|p1a: Slowbro|56\/100 tox|[from] psn\n|upkeep\n|turn|23\n|\n|t:|1655404974\n|move|p2a: Azelf|Expanding Force|p1a: Slowbro\n|-resisted|p1a: Slowbro\n|-damage|p1a: Slowbro|8\/100 tox\n|move|p1a: Slowbro|Teleport|p1a: Slowbro\n|\n|t:|1655404978\n|switch|p1a: Arctozolt|Arctozolt|100\/100|[from]move: Teleport\n|-status|p1a: Arctozolt|tox\n|\n|-damage|p1a: Arctozolt|94\/100 tox|[from] psn\n|upkeep\n|turn|24\n|\n|t:|1655404992\n|switch|p2a: Cinderace|Cinderace, F|86\/100 tox\n|move|p1a: Arctozolt|Bolt Beak|p2a: Cinderace\n|-damage|p2a: Cinderace|0 fnt\n|faint|p2a: Cinderace\n|-damage|p1a: Arctozolt|84\/100 tox|[from] item: Life Orb\n|\n|-damage|p1a: Arctozolt|72\/100 tox|[from] psn\n|upkeep\n|\n|t:|1655404999\n|switch|p2a: Toxapex|Toxapex, F|9\/100\n|turn|25\n|\n|t:|1655405009\n|move|p2a: Toxapex|Scald|p1a: Arctozolt\n|-damage|p1a: Arctozolt|54\/100 tox\n|move|p1a: Arctozolt|Stomping Tantrum|p2a: Toxapex\n|-supereffective|p2a: Toxapex\n|-damage|p2a: Toxapex|0 fnt\n|faint|p2a: Toxapex\n|-damage|p1a: Arctozolt|44\/100 tox|[from] item: Life Orb\n|\n|-damage|p1a: Arctozolt|25\/100 tox|[from] psn\n|upkeep\n|\n|t:|1655405019\n|switch|p2a: Azelf|Azelf|100\/100\n|turn|26\n|\n|t:|1655405023\n|move|p1a: Arctozolt|Bolt Beak|p2a: Azelf\n|-damage|p2a: Azelf|0 fnt\n|faint|p2a: Azelf\n|-damage|p1a: Arctozolt|15\/100 tox|[from] item: Life Orb\n|\n|-damage|p1a: Arctozolt|0 fnt|[from] psn\n|faint|p1a: Arctozolt\n|-fieldend|move: Trick Room\n|-fieldend|move: Psychic Terrain\n|upkeep\n|-message|dracaufeu shiny forfeited.\n|\n|win|Jfsosa10\n|raw|dracaufeu shiny's rating: 1187 &rarr; <strong>1175<\/strong><br \/>(-12 for losing)\n|raw|Jfsosa10's rating: 1394 &rarr; <strong>1403<\/strong><br \/>(+9 for winning)\n|l|\u2606dracaufeu shiny\n","uploadtime":1655405039,"views":3,"p1id":"dracaufeushiny","p2id":"jfsosa10","formatid":"gen8almostanyability","rating":1175,"private":0,"password":null}