{"id":"gen8randombattle-1706970319","p1":"Arcangel666","p2":"TheKetchupGuy","format":"gen8randombattle","log":"|j|\u2606Arcangel666\n|j|\u2606TheKetchupGuy\n|t:|1668037524\n|gametype|singles\n|player|p1|Arcangel666|ghetsis|2045\n|player|p2|TheKetchupGuy|guitarist-gen4|1984\n|teamsize|p1|6\n|teamsize|p2|6\n|gen|8\n|tier|[Gen 8] Random Battle\n|rated|\n|rule|Species Clause: Limit one of each Pok\u00e9mon\n|rule|HP Percentage Mod: HP is shown in percentages\n|rule|Sleep Clause Mod: Limit one foe put to sleep\n|\n|t:|1668037524\n|start\n|switch|p1a: Drifblim|Drifblim, L84, M|389\/389\n|switch|p2a: Kartana|Kartana, L74, shiny|209\/209\n|turn|1\n|inactive|Battle timer is ON: inactive players will automatically lose when time's up. (requested by TheKetchupGuy)\n|\n|t:|1668037537\n|move|p2a: Kartana|Knock Off|p1a: Drifblim\n|-supereffective|p1a: Drifblim\n|-damage|p1a: Drifblim|0 fnt\n|-enditem|p1a: Drifblim|Sitrus Berry|[from] move: Knock Off|[of] p2a: Kartana\n|faint|p1a: Drifblim\n|-ability|p2a: Kartana|Beast Boost|boost\n|-boost|p2a: Kartana|atk|1\n|-damage|p2a: Kartana|189\/209|[from] item: Life Orb\n|\n|upkeep\n|\n|t:|1668037546\n|switch|p1a: Yveltal|Yveltal, L69|288\/288\n|-ability|p1a: Yveltal|Dark Aura\n|turn|2\n|\n|t:|1668037552\n|-start|p2a: Kartana|Dynamax|\n|-heal|p2a: Kartana|378\/418|[silent]\n|move|p2a: Kartana|Max Steelspike|p1a: Yveltal\n|-damage|p1a: Yveltal|0 fnt\n|-boost|p2a: Kartana|def|1\n|faint|p1a: Yveltal\n|-ability|p2a: Kartana|Beast Boost|boost\n|-boost|p2a: Kartana|atk|1\n|-damage|p2a: Kartana|358\/418|[from] item: Life Orb\n|\n|upkeep\n|\n|t:|1668037562\n|switch|p1a: Rapidash|Rapidash-Galar, L84, F|246\/246\n|turn|3\n|\n|t:|1668037566\n|switch|p1a: Kingler|Kingler, L84, M|230\/230\n|move|p2a: Kartana|Max Steelspike|p1a: Kingler\n|-resisted|p1a: Kingler\n|-crit|p1a: Kingler\n|-damage|p1a: Kingler|0 fnt\n|-boost|p2a: Kartana|def|1\n|faint|p1a: Kingler\n|-ability|p2a: Kartana|Beast Boost|boost\n|-boost|p2a: Kartana|atk|1\n|-damage|p2a: Kartana|338\/418|[from] item: Life Orb\n|\n|upkeep\n|c|\u2606TheKetchupGuy|Damn\n|\n|t:|1668037576\n|switch|p1a: Azumarill|Azumarill, L84, M|305\/305\n|turn|4\n|\n|t:|1668037581\n|move|p1a: Azumarill|Aqua Jet|p2a: Kartana\n|-resisted|p2a: Kartana\n|-damage|p2a: Kartana|322\/418\n|move|p2a: Kartana|Max Steelspike|p1a: Azumarill\n|-damage|p1a: Azumarill|0 fnt\n|-boost|p2a: Kartana|def|1\n|faint|p1a: Azumarill\n|-ability|p2a: Kartana|Beast Boost|boost\n|-boost|p2a: Kartana|atk|1\n|-damage|p2a: Kartana|302\/418|[from] item: Life Orb\n|\n|upkeep\n|\n|t:|1668037584\n|switch|p1a: Weavile|Weavile, L79, F|240\/240\n|-end|p2a: Kartana|Dynamax\n|-heal|p2a: Kartana|151\/209|[silent]\n|turn|5\n|\n|t:|1668037588\n|-start|p1a: Weavile|Dynamax|\n|-heal|p1a: Weavile|480\/480|[silent]\n|move|p1a: Weavile|Max Knuckle|p2a: Kartana\n|-supereffective|p2a: Kartana\n|-damage|p2a: Kartana|105\/209\n|-boost|p1a: Weavile|atk|1\n|move|p2a: Kartana|Smart Strike|p1a: Weavile\n|-supereffective|p1a: Weavile\n|-damage|p1a: Weavile|0 fnt\n|faint|p1a: Weavile\n|-ability|p2a: Kartana|Beast Boost|boost\n|-boost|p2a: Kartana|atk|1\n|-damage|p2a: Kartana|85\/209|[from] item: Life Orb\n|\n|upkeep\n|-message|Arcangel666 forfeited.\n|\n|win|TheKetchupGuy\n|raw|Arcangel666's rating: 2045 &rarr; <strong>2022<\/strong><br \/>(-23 for losing)\n|raw|TheKetchupGuy's rating: 1984 &rarr; <strong>2007<\/strong><br \/>(+23 for winning)\n|l|\u2606Arcangel666\n||Ladder isn't responding, score probably updated but might not have (Request timeout).\n","inputlog":">version 453a3ad56483cc6a5c08448f6577d394b68621b7\n>start {\"formatid\":\"gen8randombattle\",\"seed\":[9564,7105,60756,49432],\"rated\":\"Rated battle\"}\n>player p1 {\"name\":\"Arcangel666\",\"avatar\":\"ghetsis\",\"rating\":2045,\"seed\":[7243,49733,36133,59400]}\n>player p2 {\"name\":\"TheKetchupGuy\",\"avatar\":\"guitarist-gen4\",\"rating\":1984,\"seed\":[45241,30946,22227,52049]}\n>p1 move shadowball\n>p2 move knockoff\n>p1 switch 3\n>p1 move oblivionwing\n>p2 move smartstrike dynamax\n>p1 switch 2\n>p1 switch 6\n>p2 move smartstrike dynamax\n>chat \u2606TheKetchupGuy|Damn\n>p1 switch 5\n>p1 move aquajet\n>p2 move smartstrike dynamax\n>p1 switch 4\n>p1 move lowkick dynamax\n>p2 move smartstrike\n>forcelose p1","uploadtime":1668037688,"views":6,"p1id":"arcangel666","p2id":"theketchupguy","formatid":"gen8randombattle","rating":2007,"private":0,"password":null}