{"id":"gen8battlestadiumsingles-1060182042","p1":"PokeDa","p2":"JonnyDarkside12","format":"gen8battlestadiumsingles","log":"|j|\u2606PokeDa\n|j|\u2606JonnyDarkside12\n|player|p1|PokeDa|wallace|1329\n|player|p2|JonnyDarkside12|benga|1430\n|teamsize|p1|6\n|teamsize|p2|6\n|gametype|singles\n|gen|8\n|tier|[Gen 8] Battle Stadium Singles\n|rated|\n|clearpoke\n|poke|p1|Dugtrio, L50, F|\n|poke|p1|Glalie, L50, F|\n|poke|p1|Snorlax, L50, F|\n|poke|p1|Mimikyu, L50, F|\n|poke|p1|Hatterene, L50, F|\n|poke|p1|Corviknight, L50, F|\n|poke|p2|Cinderace, L50, M|\n|poke|p2|Grimmsnarl, L50, M|\n|poke|p2|Goodra, L50, M|\n|poke|p2|Togekiss, L50, M|\n|poke|p2|Corviknight, L50, M|\n|poke|p2|Mudsdale, L50, F|\n|rule|Species Clause: Limit one of each Pok\u00e9mon\n|rule|Item Clause: Limit one of each item\n|teampreview|3\n|inactive|Battle timer is ON: inactive players will automatically lose when time's up. (requested by JonnyDarkside12)\n|inactive|PokeDa has 120 seconds left.\n|inactive|JonnyDarkside12 has 120 seconds left.\n|inactive|JonnyDarkside12 has 90 seconds left.\n|\n|start\n|switch|p1a: Dugtrio|Dugtrio, L50, F|48\/48\n|switch|p2a: Grimmsnarl|Grimmsnarl, L50, M, shiny|48\/48\n|turn|1\n|\n|move|p2a: Grimmsnarl|Reflect|p2a: Grimmsnarl\n|-sidestart|p2: JonnyDarkside12|Reflect\n|move|p1a: Dugtrio|Stealth Rock|p2a: Grimmsnarl\n|-sidestart|p2: JonnyDarkside12|move: Stealth Rock\n|\n|upkeep\n|turn|2\n|\n|move|p1a: Dugtrio|Rock Tomb|p2a: Grimmsnarl\n|-damage|p2a: Grimmsnarl|44\/48\n|-unboost|p2a: Grimmsnarl|spe|1\n|move|p2a: Grimmsnarl|Spirit Break|p1a: Dugtrio\n|-damage|p1a: Dugtrio|8\/48\n|-unboost|p1a: Dugtrio|spa|1\n|\n|upkeep\n|turn|3\n|\n|move|p1a: Dugtrio|Memento|p2a: Grimmsnarl\n|-unboost|p2a: Grimmsnarl|atk|2\n|-unboost|p2a: Grimmsnarl|spa|2\n|faint|p1a: Dugtrio\n|move|p2a: Grimmsnarl|Spirit Break|p1: Dugtrio|[notarget]\n|-fail|p2a: Grimmsnarl\n|\n|upkeep\n|\n|switch|p1a: Glalie|Glalie, L50, F|48\/48\n|turn|4\n|\n|move|p2a: Grimmsnarl|Taunt|p1a: Glalie\n|-start|p1a: Glalie|move: Taunt\n|cant|p1a: Glalie|move: Taunt|Substitute\n|\n|-ability|p1a: Glalie|Moody|boost\n|-boost|p1a: Glalie|spa|2\n|-unboost|p1a: Glalie|spd|1\n|upkeep\n|turn|5\n|\n|move|p2a: Grimmsnarl|Light Screen|p2a: Grimmsnarl\n|-sidestart|p2: JonnyDarkside12|move: Light Screen\n|move|p1a: Glalie|Freeze-Dry|p2a: Grimmsnarl\n|-damage|p2a: Grimmsnarl|34\/48\n|\n|-ability|p1a: Glalie|Moody|boost\n|-boost|p1a: Glalie|def|2\n|-unboost|p1a: Glalie|spd|1\n|upkeep\n|turn|6\n|\n|move|p1a: Glalie|Freeze-Dry|p2a: Grimmsnarl\n|-damage|p2a: Grimmsnarl|24\/48g\n|move|p2a: Grimmsnarl|Spirit Break|p1a: Glalie\n|-damage|p1a: Glalie|43\/48\n|-unboost|p1a: Glalie|spa|1\n|\n|-heal|p1a: Glalie|46\/48|[from] item: Leftovers\n|-end|p1a: Glalie|move: Taunt\n|-ability|p1a: Glalie|Moody|boost\n|-boost|p1a: Glalie|atk|2\n|-unboost|p1a: Glalie|spe|1\n|upkeep\n|turn|7\n|\n|move|p1a: Glalie|Protect|p1a: Glalie\n|-singleturn|p1a: Glalie|Protect\n|move|p2a: Grimmsnarl|Taunt|p1a: Glalie\n|-activate|p1a: Glalie|move: Protect\n|\n|-heal|p1a: Glalie|48\/48|[from] item: Leftovers\n|-ability|p1a: Glalie|Moody|boost\n|-boost|p1a: Glalie|spe|2\n|-unboost|p1a: Glalie|spd|1\n|upkeep\n|turn|8\n|\n|move|p2a: Grimmsnarl|Taunt|p1a: Glalie\n|-start|p1a: Glalie|move: Taunt\n|move|p1a: Glalie|Freeze-Dry|p2a: Grimmsnarl\n|-damage|p2a: Grimmsnarl|17\/48\n|\n|-sideend|p2: JonnyDarkside12|Reflect\n|-ability|p1a: Glalie|Moody|boost\n|-boost|p1a: Glalie|spd|2\n|-unboost|p1a: Glalie|def|1\n|upkeep\n|turn|9\n|\n|move|p1a: Glalie|Freeze-Dry|p2a: Grimmsnarl\n|-damage|p2a: Grimmsnarl|10\/48\n|move|p2a: Grimmsnarl|Spirit Break|p1a: Glalie\n|-damage|p1a: Glalie|41\/48\n|-unboost|p1a: Glalie|spa|1\n|\n|-heal|p1a: Glalie|44\/48|[from] item: Leftovers\n|-ability|p1a: Glalie|Moody|boost\n|-boost|p1a: Glalie|def|2\n|-unboost|p1a: Glalie|spe|1\n|upkeep\n|turn|10\n|inactive|JonnyDarkside12 has 120 seconds left.\n|\n|move|p1a: Glalie|Freeze-Dry|p2a: Grimmsnarl\n|-damage|p2a: Grimmsnarl|5\/48\n|-status|p2a: Grimmsnarl|frz\n|cant|p2a: Grimmsnarl|frz\n|\n|-heal|p1a: Glalie|47\/48|[from] item: Leftovers\n|-end|p1a: Glalie|move: Taunt\n|-ability|p1a: Glalie|Moody|boost\n|-boost|p1a: Glalie|spe|2\n|-unboost|p1a: Glalie|def|1\n|upkeep\n|turn|11\n|inactive|JonnyDarkside12 has 120 seconds left.\n|\n|move|p1a: Glalie|Substitute|p1a: Glalie\n|-start|p1a: Glalie|Substitute\n|-damage|p1a: Glalie|35\/48\n|cant|p2a: Grimmsnarl|frz\n|\n|-heal|p1a: Glalie|38\/48|[from] item: Leftovers\n|-ability|p1a: Glalie|Moody|boost\n|-boost|p1a: Glalie|spd|2\n|-unboost|p1a: Glalie|atk|1\n|upkeep\n|turn|12\n|inactive|JonnyDarkside12 has 120 seconds left.\n|\n|switch|p2a: Goodra|Goodra, L50, M, shiny|48\/48\n|-damage|p2a: Goodra|42\/48|[from] Stealth Rock\n|move|p1a: Glalie|Freeze-Dry|p2a: Goodra\n|-supereffective|p2a: Goodra\n|-damage|p2a: Goodra|37\/48\n|\n|-heal|p1a: Glalie|41\/48|[from] item: Leftovers\n|-sideend|p2: JonnyDarkside12|move: Light Screen\n|-ability|p1a: Glalie|Moody|boost\n|-boost|p1a: Glalie|def|2\n|-unboost|p1a: Glalie|spa|1\n|upkeep\n|turn|13\n|inactive|JonnyDarkside12 has 120 seconds left.\n|\n|move|p1a: Glalie|Protect|p1a: Glalie\n|-singleturn|p1a: Glalie|Protect\n|move|p2a: Goodra|Flamethrower|p1a: Glalie\n|-activate|p1a: Glalie|move: Protect\n|\n|-heal|p1a: Glalie|44\/48|[from] item: Leftovers\n|-ability|p1a: Glalie|Moody|boost\n|-boost|p1a: Glalie|spe|2\n|-unboost|p1a: Glalie|atk|1\n|upkeep\n|turn|14\n|inactive|JonnyDarkside12 has 120 seconds left.\n|\n|move|p1a: Glalie|Freeze-Dry|p2a: Goodra\n|-supereffective|p2a: Goodra\n|-damage|p2a: Goodra|31\/48\n|move|p2a: Goodra|Flamethrower|p1a: Glalie\n|-supereffective|p1a: Glalie\n|-end|p1a: Glalie|Substitute\n|\n|-heal|p1a: Glalie|46\/48|[from] item: Leftovers\n|-ability|p1a: Glalie|Moody|boost\n|-boost|p1a: Glalie|atk|2\n|-unboost|p1a: Glalie|spa|1\n|upkeep\n|turn|15\n|inactive|JonnyDarkside12 has 120 seconds left.\n|\n|move|p1a: Glalie|Protect|p1a: Glalie\n|-singleturn|p1a: Glalie|Protect\n|move|p2a: Goodra|Flamethrower|p1a: Glalie\n|-activate|p1a: Glalie|move: Protect\n|\n|-heal|p1a: Glalie|48\/48|[from] item: Leftovers\n|-ability|p1a: Glalie|Moody|boost\n|-boost|p1a: Glalie|spe|2\n|-unboost|p1a: Glalie|spd|1\n|upkeep\n|turn|16\n|inactive|JonnyDarkside12 has 120 seconds left.\n|\n|move|p1a: Glalie|Substitute|p1a: Glalie\n|-start|p1a: Glalie|Substitute\n|-damage|p1a: Glalie|36\/48\n|move|p2a: Goodra|Flamethrower|p1a: Glalie\n|-supereffective|p1a: Glalie\n|-end|p1a: Glalie|Substitute\n|\n|-heal|p1a: Glalie|39\/48|[from] item: Leftovers\n|-ability|p1a: Glalie|Moody|boost\n|-boost|p1a: Glalie|spa|2\n|-unboost|p1a: Glalie|atk|1\n|upkeep\n|turn|17\n|\n|move|p1a: Glalie|Protect|p1a: Glalie\n|-singleturn|p1a: Glalie|Protect\n|move|p2a: Goodra|Flamethrower|p1a: Glalie\n|-activate|p1a: Glalie|move: Protect\n|\n|-heal|p1a: Glalie|41\/48|[from] item: Leftovers\n|-ability|p1a: Glalie|Moody|boost\n|-boost|p1a: Glalie|spd|2\n|-unboost|p1a: Glalie|atk|1\n|upkeep\n|turn|18\n|\n|move|p1a: Glalie|Substitute|p1a: Glalie\n|-start|p1a: Glalie|Substitute\n|-damage|p1a: Glalie|30\/48\n|move|p2a: Goodra|Flamethrower|p1a: Glalie\n|-supereffective|p1a: Glalie\n|-end|p1a: Glalie|Substitute\n|\n|-heal|p1a: Glalie|32\/48|[from] item: Leftovers\n|-ability|p1a: Glalie|Moody|boost\n|-boost|p1a: Glalie|spa|2\n|-unboost|p1a: Glalie|atk|1\n|upkeep\n|turn|19\n|\n|-start|p2a: Goodra|Dynamax\n|-heal|p2a: Goodra|31\/48|[silent]\n|move|p1a: Glalie|Protect|p1a: Glalie\n|-singleturn|p1a: Glalie|Protect\n|move|p2a: Goodra|Max Flare|p1a: Glalie\n|-supereffective|p1a: Glalie\n|-zbroken|p1a: Glalie\n|-damage|p1a: Glalie|26\/48\n|-weather|SunnyDay\n|\n|-weather|SunnyDay|[upkeep]\n|-heal|p1a: Glalie|29\/48|[from] item: Leftovers\n|-ability|p1a: Glalie|Moody|boost\n|-boost|p1a: Glalie|atk|2\n|-unboost|p1a: Glalie|spd|1\n|upkeep\n|turn|20\n|inactive|JonnyDarkside12 has 90 seconds left.\n|\n|move|p1a: Glalie|Substitute|p1a: Glalie\n|-start|p1a: Glalie|Substitute\n|-damage|p1a: Glalie|17\/48\n|move|p2a: Goodra|Max Flare|p1a: Glalie\n|-supereffective|p1a: Glalie\n|-end|p1a: Glalie|Substitute\n|\n|-weather|SunnyDay|[upkeep]\n|-heal|p1a: Glalie|20\/48|[from] item: Leftovers\n|-ability|p1a: Glalie|Moody|boost\n|-boost|p1a: Glalie|atk|2\n|-unboost|p1a: Glalie|spa|1\n|upkeep\n|turn|21\n|inactive|JonnyDarkside12 has 90 seconds left.\n|\n|-start|p1a: Glalie|Dynamax\n|-heal|p1a: Glalie|20\/48|[silent]\n|move|p1a: Glalie|Max Guard|p1a: Glalie\n|-singleturn|p1a: Glalie|Max Guard\n|move|p2a: Goodra|Max Flare|p1a: Glalie\n|-activate|p1a: Glalie|move: Max Guard\n|\n|-weather|SunnyDay|[upkeep]\n|-heal|p1a: Glalie|21\/48|[from] item: Leftovers\n|-ability|p1a: Glalie|Moody|boost\n|-boost|p1a: Glalie|def|2\n|-unboost|p1a: Glalie|atk|1\n|-end|p2a: Goodra|Dynamax\n|-heal|p2a: Goodra|31\/48|[silent]\n|upkeep\n|turn|22\n|inactive|JonnyDarkside12 has 90 seconds left.\n|\n|move|p1a: Glalie|Max Hailstorm|p2a: Goodra\n|-supereffective|p2a: Goodra\n|-damage|p2a: Goodra|7\/48\n|-weather|Hail\n|move|p2a: Goodra|Flamethrower|p1a: Glalie\n|-supereffective|p1a: Glalie\n|-damage|p1a: Glalie|10\/48\n|\n|-weather|Hail|[upkeep]\n|-damage|p2a: Goodra|4\/48|[from] Hail\n|-heal|p1a: Glalie|12\/48|[from] item: Leftovers\n|-ability|p1a: Glalie|Moody|boost\n|-boost|p1a: Glalie|atk|2\n|-unboost|p1a: Glalie|spa|1\n|upkeep\n|turn|23\n|inactive|JonnyDarkside12 has 90 seconds left.\n|\n|move|p1a: Glalie|Max Hailstorm|p2a: Goodra\n|-supereffective|p2a: Goodra\n|-damage|p2a: Goodra|0 fnt\n|faint|p2a: Goodra\n|\n|-weather|Hail|[upkeep]\n|-heal|p1a: Glalie|13\/48|[from] item: Leftovers\n|-ability|p1a: Glalie|Moody|boost\n|-boost|p1a: Glalie|spd|2\n|-unboost|p1a: Glalie|def|1\n|-end|p1a: Glalie|Dynamax\n|-heal|p1a: Glalie|13\/48|[silent]\n|upkeep\n|inactive|JonnyDarkside12 has 90 seconds left.\n|\n|switch|p2a: Grimmsnarl|Grimmsnarl, L50, M, shiny|5\/48 frz\n|-damage|p2a: Grimmsnarl|0 fnt|[from] Stealth Rock\n|faint|p2a: Grimmsnarl\n|\n|switch|p2a: Mudsdale|Mudsdale, L50, F|48\/48\n|-damage|p2a: Mudsdale|45\/48|[from] Stealth Rock\n|turn|24\n|\n|move|p1a: Glalie|Protect|p1a: Glalie\n|-singleturn|p1a: Glalie|Protect\n|move|p2a: Mudsdale|Iron Head|p1a: Glalie\n|-activate|p1a: Glalie|move: Protect\n|\n|-weather|Hail|[upkeep]\n|-damage|p2a: Mudsdale|42\/48|[from] Hail\n|-heal|p1a: Glalie|16\/48|[from] item: Leftovers\n|-ability|p1a: Glalie|Moody|boost\n|-boost|p1a: Glalie|atk|2\n|-unboost|p1a: Glalie|spa|1\n|upkeep\n|turn|25\n|inactive|JonnyDarkside12 has 60 seconds left.\n|\n|move|p1a: Glalie|Freeze-Dry|p2a: Mudsdale\n|-supereffective|p2a: Mudsdale\n|-damage|p2a: Mudsdale|28\/48\n|-ability|p2a: Mudsdale|Stamina|boost\n|-boost|p2a: Mudsdale|def|1\n|move|p2a: Mudsdale|Earthquake|p1a: Glalie\n|-damage|p1a: Glalie|6\/48\n|\n|-weather|Hail|[upkeep]\n|-damage|p2a: Mudsdale|25\/48|[from] Hail\n|-heal|p1a: Glalie|9\/48y|[from] item: Leftovers\n|-ability|p1a: Glalie|Moody|boost\n|-boost|p1a: Glalie|def|1\n|-unboost|p1a: Glalie|atk|1\n|upkeep\n|turn|26\n|\n|move|p1a: Glalie|Protect|p1a: Glalie\n|-singleturn|p1a: Glalie|Protect\n|move|p2a: Mudsdale|Earthquake|p1a: Glalie\n|-activate|p1a: Glalie|move: Protect\n|\n|-weather|none\n|-heal|p1a: Glalie|12\/48|[from] item: Leftovers\n|-ability|p1a: Glalie|Moody|boost\n|-boost|p1a: Glalie|spa|2\n|-unboost|p1a: Glalie|def|1\n|upkeep\n|turn|27\n|inactive|JonnyDarkside12 has 30 seconds left.\n|\n|move|p1a: Glalie|Freeze-Dry|p2a: Mudsdale\n|-supereffective|p2a: Mudsdale\n|-damage|p2a: Mudsdale|0 fnt\n|faint|p2a: Mudsdale\n|\n|win|PokeDa\n|raw|PokeDa's rating: 1329 &rarr; <strong>1355<\/strong><br \/>(+26 for winning)\n|raw|JonnyDarkside12's rating: 1430 &rarr; <strong>1405<\/strong><br \/>(-25 for losing)\n|l|\u2606JonnyDarkside12\n","uploadtime":1581210471,"views":3,"p1id":"pokeda","p2id":"jonnydarkside12","formatid":"gen8battlestadiumsingles","rating":1355,"private":0,"password":null}