{"id":"gen8vgc2022-1650546581","p1":"Darkman64","p2":"Gato mistetas","format":"gen8vgc2022","log":"|j|\u2606Darkman64\n|j|\u2606Gato mistetas\n|t:|1661722284\n|gametype|doubles\n|player|p1|Darkman64|juan|\n|player|p2|Gato mistetas|170|\n|teamsize|p1|6\n|teamsize|p2|6\n|gen|8\n|tier|[Gen 8] VGC 2022\n|rule|Species Clause: Limit one of each Pok\u00e9mon\n|rule|Item Clause: Limit one of each item\n|clearpoke\n|poke|p1|Gothitelle, L50, M|\n|poke|p1|Salamence, L50, F|\n|poke|p1|Araquanid, L50, F|\n|poke|p1|Tsareena, L50, F|\n|poke|p1|Stonjourner, L50, F|\n|poke|p1|Entei, L50|\n|poke|p2|Persian-Alola, L50, M|\n|poke|p2|Virizion, L50|\n|poke|p2|Togekiss, L50, M|\n|poke|p2|Gothitelle, L50, F|\n|poke|p2|Tangrowth, L50, M|\n|poke|p2|Crawdaunt, L50, F|\n|teampreview|4\n|j| poIla y guevos\n|j| Matirivero2603\n|c|\u2606Gato mistetas|Vamos a descubrir si se ha puesto la Berry\n|c| poIla y guevos|podeis esperaros un par de minutos?\n|c|\u2606Gato mistetas|Aunq la pierda\n|c| poIla y guevos|q voy a cagar\n|c|\u2606Gato mistetas|Ll\u00e9vate el m\u00f3vil\n|c|\u2606Gato mistetas|O algo\n|c| poIla y guevos|valep\n|\n|t:|1661722343\n|start\n|switch|p1a: Salamence|Salamence, L50, F|100\/100\n|switch|p1b: Gothitelle|Gothitelle, L50, M|100\/100\n|switch|p2a: Persian|Persian-Alola, L50, M|100\/100\n|switch|p2b: Virizion|Virizion, L50|100\/100\n|-ability|p1a: Salamence|Intimidate|boost\n|-unboost|p2a: Persian|atk|1\n|-unboost|p2b: Virizion|atk|1\n|turn|1\n|c| poIla y guevos|\ud83e\udd20\n|c|\u2606Gato mistetas|Matias\n|c|\u2606Gato mistetas|Lo ha hecho\n|c|\u2606Gato mistetas|Y\/N\n|c| Matirivero2603|y\n|\n|t:|1661722371\n|-start|p2b: Virizion|Dynamax|\n|-heal|p2b: Virizion|100\/100|[silent]\n|-start|p1a: Salamence|Dynamax|\n|-heal|p1a: Salamence|100\/100|[silent]\n|move|p2b: Virizion|Max Guard|p2b: Virizion\n|-singleturn|p2b: Virizion|Max Guard\n|move|p2a: Persian|Fake Out|p1b: Gothitelle\n|-damage|p1b: Gothitelle|97\/100\n|move|p1a: Salamence|Max Airstream|p2b: Virizion\n|-activate|p2b: Virizion|move: Max Guard\n|cant|p1b: Gothitelle|flinch\n|\n|upkeep\n|turn|2\n|c|\u2606Darkman64|okay\n|\n|t:|1661722389\n|move|p2a: Persian|Beat Up|p2b: Virizion\n|-resisted|p2b: Virizion\n|-damage|p2b: Virizion|99\/100\n|-ability|p2b: Virizion|Justified|boost\n|-boost|p2b: Virizion|atk|1\n|-resisted|p2b: Virizion\n|-damage|p2b: Virizion|99\/100\n|-ability|p2b: Virizion|Justified|boost\n|-boost|p2b: Virizion|atk|1\n|-resisted|p2b: Virizion\n|-damage|p2b: Virizion|99\/100\n|-ability|p2b: Virizion|Justified|boost\n|-boost|p2b: Virizion|atk|1\n|-resisted|p2b: Virizion\n|-damage|p2b: Virizion|98\/100\n|-ability|p2b: Virizion|Justified|boost\n|-boost|p2b: Virizion|atk|1\n|-hitcount|p2b: Virizion|4\n|move|p2b: Virizion|Max Rockfall|p1a: Salamence\n|-supereffective|p1a: Salamence\n|-damage|p1a: Salamence|0 fnt\n|-weather|Sandstorm\n|faint|p1a: Salamence\n|move|p1b: Gothitelle|Heal Pulse|p1: Salamence|[notarget]\n|-fail|p1b: Gothitelle\n|\n|-weather|Sandstorm|[upkeep]\n|-damage|p2b: Virizion|95\/100|[from] Sandstorm\n|-damage|p1b: Gothitelle|90\/100|[from] Sandstorm\n|upkeep\n|c|\u2606Darkman64|pera\n|c| Matirivero2603|ah\n|c| Matirivero2603|no\n|c| Matirivero2603|XD\n|c|\u2606Darkman64|puse la potra\n|c|\u2606Gato mistetas|Pues no lo hice\n|\n|t:|1661722412\n|switch|p1a: Entei|Entei, L50|100\/100\n|-ability|p1a: Entei|Pressure\n|turn|3\n|c|\u2606Gato mistetas|Hizo\n|\n|t:|1661722428\n|switch|p1a: Stonjourner|Stonjourner, L50, F|100\/100\n|move|p2a: Persian|Parting Shot|p1b: Gothitelle\n|-unboost|p1b: Gothitelle|atk|1\n|-ability|p1b: Gothitelle|Competitive\n|-boost|p1b: Gothitelle|spa|2\n|-unboost|p1b: Gothitelle|spa|1\n|-ability|p1b: Gothitelle|Competitive\n|-boost|p1b: Gothitelle|spa|2\n|\n|t:|1661722433\n|switch|p2a: Crawdaunt|Crawdaunt, L50, F|100\/100|[from]move: Parting Shot\n|move|p2b: Virizion|Max Rockfall|p1a: Stonjourner\n|-damage|p1a: Stonjourner|40\/100\n|move|p1b: Gothitelle|Psyshock|p2b: Virizion\n|-supereffective|p2b: Virizion\n|-damage|p2b: Virizion|0 fnt\n|faint|p2b: Virizion\n|\n|-weather|Sandstorm|[upkeep]\n|-damage|p1b: Gothitelle|84\/100|[from] Sandstorm\n|-damage|p2a: Crawdaunt|95\/100|[from] Sandstorm\n|upkeep\n|c|\u2606Gato mistetas|NO\n|c|\u2606Gato mistetas|NO\n|c|\u2606Gato mistetas|NO\n|c|\u2606Gato mistetas|BO\n|c|\u2606Gato mistetas|Susubwozhwow\n|c| Matirivero2603|XD\n|c|\u2606Darkman64|blos\n|\n|t:|1661722449\n|switch|p2b: Togekiss|Togekiss, L50, M|100\/100\n|turn|4\n|c|\u2606Darkman64|ya has ganao\n|c| Matirivero2603|XD\n|c| poIla y guevos|animo\n|\n|t:|1661722456\n|move|p1b: Gothitelle|Protect|p1b: Gothitelle\n|-singleturn|p1b: Gothitelle|Protect\n|move|p2b: Togekiss|Dazzling Gleam|p1b: Gothitelle|[spread] p1a\n|-activate|p1b: Gothitelle|move: Protect\n|-damage|p1a: Stonjourner|7\/100\n|move|p1a: Stonjourner|Superpower|p2a: Crawdaunt\n|-supereffective|p2a: Crawdaunt\n|-damage|p2a: Crawdaunt|0 fnt\n|-unboost|p1a: Stonjourner|atk|1\n|-unboost|p1a: Stonjourner|def|1\n|faint|p2a: Crawdaunt\n|\n|-weather|Sandstorm|[upkeep]\n|-damage|p2b: Togekiss|95\/100|[from] Sandstorm\n|-damage|p1b: Gothitelle|78\/100|[from] Sandstorm\n|upkeep\n|c| Matirivero2603|gothitelle competitive\n|\n|t:|1661722464\n|switch|p2a: Persian|Persian-Alola, L50, M|100\/100\n|turn|5\n|c|\u2606Gato mistetas|Jausuwhziw\n|c|\u2606Gato mistetas|Uahsiwbsosne\n|c| Matirivero2603|que gana loco\n|c|\u2606Gato mistetas|Jsisjsosbeoe\n|c|\u2606Gato mistetas|Mira\n|c|\u2606Gato mistetas|Voy a hacer cierta play\n|\n|t:|1661722485\n|move|p2a: Persian|Fake Tears|p1b: Gothitelle\n|-unboost|p1b: Gothitelle|spd|2\n|-ability|p1b: Gothitelle|Competitive\n|-boost|p1b: Gothitelle|spa|2\n|move|p2b: Togekiss|Dazzling Gleam|p1b: Gothitelle|[spread] p1a,p1b\n|-crit|p1a: Stonjourner\n|-crit|p1b: Gothitelle\n|-damage|p1a: Stonjourner|0 fnt\n|-damage|p1b: Gothitelle|2\/100\n|-enditem|p1b: Gothitelle|Sitrus Berry|[eat]\n|-heal|p1b: Gothitelle|26\/100|[from] item: Sitrus Berry\n|faint|p1a: Stonjourner\n|move|p1b: Gothitelle|Psyshock|p2b: Togekiss\n|-damage|p2b: Togekiss|0 fnt\n|faint|p2b: Togekiss\n|\n|-weather|Sandstorm|[upkeep]\n|-damage|p1b: Gothitelle|20\/100|[from] Sandstorm\n|upkeep\n|\n|t:|1661722492\n|switch|p1a: Entei|Entei, L50|100\/100\n|-ability|p1a: Entei|Pressure\n|turn|6\n|c| Matirivero2603|LOL\n|c|\u2606Gato mistetas|Jausjswj eje\n|c|\u2606Gato mistetas|Usage sheie\n|c|\u2606Gato mistetas|Jsiwjsownw\n|c| Matirivero2603|XD\n|c| Matirivero2603|XD\n|\n|t:|1661722506\n|move|p1b: Gothitelle|Helping Hand|p1a: Entei\n|-singleturn|p1a: Entei|Helping Hand|[of] p1b: Gothitelle\n|move|p2a: Persian|Beat Up|p1b: Gothitelle\n|-supereffective|p1b: Gothitelle\n|-damage|p1b: Gothitelle|16\/100\n|-hitcount|p1b: Gothitelle|1\n|move|p1a: Entei|Sacred Fire|p2a: Persian\n|-damage|p2a: Persian|16\/100\n|\n|-weather|none\n|upkeep\n|turn|7\n|c| Matirivero2603|blosh\n|c|\u2606Gato mistetas|Mira\n|c|\u2606Gato mistetas|Matias\n|c| Matirivero2603|porque son tan subrealistas\n|c| Matirivero2603|tus games\n|c|\u2606Gato mistetas|Es que\n|c|\u2606Gato mistetas|Matias\n|c|\u2606Gato mistetas|Yo tampcoo lo se\n|c| poIla y guevos|fuerza\n|c|\u2606Gato mistetas|No hay uno normal\n|-message|Gato mistetas forfeited.\n|\n|win|Darkman64\n","uploadtime":1661722537,"views":12,"p1id":"darkman64","p2id":"gatomistetas","formatid":"gen8vgc2022","rating":0,"private":0,"password":null}