{"id":"gen8ou-1666433343","p1":"Lacksatives","p2":"Capital Cruiser","format":"gen8ou","log":"|j|\u2606Lacksatives\n|j|\u203dCapital Cruiser\n|t:|1663408749\n|gametype|singles\n|player|p1|Lacksatives|n-masters|1445\n|player|p2|Capital Cruiser|cheren-gen5bw2|1466\n|teamsize|p1|6\n|teamsize|p2|6\n|gen|8\n|tier|[Gen 8] OU\n|rated|\n|rule|Sleep Clause Mod: Limit one foe put to sleep\n|rule|Species Clause: Limit one of each Pok\u00e9mon\n|rule|OHKO Clause: OHKO moves are banned\n|rule|Evasion Items Clause: Evasion items are banned\n|rule|Evasion Moves Clause: Evasion moves are banned\n|rule|Endless Battle Clause: Forcing endless battles is banned\n|rule|HP Percentage Mod: HP is shown in percentages\n|rule|Dynamax Clause: You cannot dynamax\n|clearpoke\n|poke|p1|Kartana|\n|poke|p1|Tapu Bulu|\n|poke|p1|Hippowdon, M|\n|poke|p1|Corviknight, F|\n|poke|p1|Urshifu-*, M|\n|poke|p1|Weavile, M|\n|poke|p2|Quagsire, M|\n|poke|p2|Ferrothorn, M|\n|poke|p2|Latios, M|\n|poke|p2|Azumarill, M|\n|poke|p2|Zapdos|\n|poke|p2|Weavile, F|\n|teampreview\n|inactive|Battle timer is ON: inactive players will automatically lose when time's up. (requested by Capital Cruiser)\n|\n|t:|1663408757\n|start\n|switch|p1a: Tapu Bulu|Tapu Bulu|100\/100\n|switch|p2a: Latios|Latios, M, shiny|100\/100\n|-fieldstart|move: Grassy Terrain|[from] ability: Grassy Surge|[of] p1a: Tapu Bulu\n|turn|1\n|\n|t:|1663408764\n|switch|p1a: Hippowdon|Hippowdon, M|100\/100\n|-weather|Sandstorm|[from] ability: Sand Stream|[of] p1a: Hippowdon\n|move|p2a: Latios|Mystical Fire|p1a: Hippowdon\n|-damage|p1a: Hippowdon|71\/100\n|-unboost|p1a: Hippowdon|spa|1\n|\n|-weather|Sandstorm|[upkeep]\n|-damage|p2a: Latios|95\/100|[from] Sandstorm\n|-heal|p1a: Hippowdon|78\/100|[from] Grassy Terrain\n|-heal|p1a: Hippowdon|84\/100|[from] item: Leftovers\n|upkeep\n|turn|2\n|\n|t:|1663408770\n|switch|p2a: Ferrothorn|Ferrothorn, M, shiny|100\/100\n|move|p1a: Hippowdon|Toxic|p2a: Ferrothorn\n|-immune|p2a: Ferrothorn\n|\n|-weather|Sandstorm|[upkeep]\n|-heal|p1a: Hippowdon|90\/100|[from] Grassy Terrain\n|-heal|p1a: Hippowdon|96\/100|[from] item: Leftovers\n|upkeep\n|turn|3\n|\n|t:|1663408774\n|switch|p1a: Urshifu|Urshifu-Rapid-Strike, M|100\/100\n|move|p2a: Ferrothorn|Stealth Rock|p1a: Urshifu\n|-sidestart|p1: Lacksatives|move: Stealth Rock\n|\n|-weather|Sandstorm|[upkeep]\n|-damage|p1a: Urshifu|94\/100|[from] Sandstorm\n|-heal|p1a: Urshifu|100\/100|[from] Grassy Terrain\n|upkeep\n|turn|4\n|\n|t:|1663408780\n|switch|p2a: Azumarill|Azumarill, M, shiny|100\/100\n|move|p1a: Urshifu|U-turn|p2a: Azumarill\n|-resisted|p2a: Azumarill\n|-damage|p2a: Azumarill|84\/100\n|\n|t:|1663408788\n|switch|p1a: Tapu Bulu|Tapu Bulu|100\/100|[from]move: U-turn\n|-damage|p1a: Tapu Bulu|88\/100|[from] Stealth Rock\n|\n|-weather|Sandstorm|[upkeep]\n|-damage|p1a: Tapu Bulu|82\/100|[from] Sandstorm\n|-damage|p2a: Azumarill|77\/100|[from] Sandstorm\n|-heal|p1a: Tapu Bulu|88\/100|[from] Grassy Terrain\n|-heal|p2a: Azumarill|84\/100|[from] Grassy Terrain\n|upkeep\n|turn|5\n|\n|t:|1663408795\n|switch|p2a: Zapdos|Zapdos, shiny|100\/100\n|move|p1a: Tapu Bulu|Close Combat|p2a: Zapdos\n|-resisted|p2a: Zapdos\n|-damage|p2a: Zapdos|74\/100\n|-unboost|p1a: Tapu Bulu|def|1\n|-unboost|p1a: Tapu Bulu|spd|1\n|\n|-weather|none\n|-heal|p1a: Tapu Bulu|94\/100|[from] Grassy Terrain\n|-fieldend|move: Grassy Terrain\n|upkeep\n|turn|6\n|\n|t:|1663408801\n|switch|p1a: Hippowdon|Hippowdon, M|96\/100\n|-damage|p1a: Hippowdon|90\/100|[from] Stealth Rock\n|-weather|Sandstorm|[from] ability: Sand Stream|[of] p1a: Hippowdon\n|move|p2a: Zapdos|Hurricane|p1a: Hippowdon\n|-damage|p1a: Hippowdon|59\/100\n|\n|-weather|Sandstorm|[upkeep]\n|-damage|p2a: Zapdos|68\/100|[from] Sandstorm\n|-heal|p1a: Hippowdon|65\/100|[from] item: Leftovers\n|upkeep\n|turn|7\n|\n|t:|1663408805\n|move|p2a: Zapdos|Toxic|p1a: Hippowdon\n|-status|p1a: Hippowdon|tox\n|move|p1a: Hippowdon|Toxic|p2a: Zapdos\n|-status|p2a: Zapdos|tox\n|\n|-weather|Sandstorm|[upkeep]\n|-damage|p2a: Zapdos|62\/100 tox|[from] Sandstorm\n|-heal|p1a: Hippowdon|71\/100 tox|[from] item: Leftovers\n|-damage|p2a: Zapdos|56\/100 tox|[from] psn\n|-damage|p1a: Hippowdon|65\/100 tox|[from] psn\n|upkeep\n|turn|8\n|\n|t:|1663408809\n|move|p2a: Zapdos|Roost|p2a: Zapdos\n|-heal|p2a: Zapdos|100\/100 tox\n|-singleturn|p2a: Zapdos|move: Roost\n|move|p1a: Hippowdon|Stealth Rock|p2a: Zapdos\n|-sidestart|p2: Capital Cruiser|move: Stealth Rock\n|\n|-weather|Sandstorm|[upkeep]\n|-damage|p2a: Zapdos|94\/100 tox|[from] Sandstorm\n|-heal|p1a: Hippowdon|71\/100 tox|[from] item: Leftovers\n|-damage|p2a: Zapdos|82\/100 tox|[from] psn\n|-damage|p1a: Hippowdon|59\/100 tox|[from] psn\n|upkeep\n|turn|9\n|\n|t:|1663408820\n|move|p2a: Zapdos|Hurricane|p1a: Hippowdon|[miss]\n|-miss|p2a: Zapdos|p1a: Hippowdon\n|move|p1a: Hippowdon|Slack Off|p1a: Hippowdon\n|-heal|p1a: Hippowdon|100\/100 tox\n|\n|-weather|Sandstorm|[upkeep]\n|-damage|p2a: Zapdos|76\/100 tox|[from] Sandstorm\n|-damage|p2a: Zapdos|58\/100 tox|[from] psn\n|-damage|p1a: Hippowdon|82\/100 tox|[from] psn\n|upkeep\n|turn|10\n|\n|t:|1663408825\n|move|p2a: Zapdos|Hurricane|p1a: Hippowdon\n|-damage|p1a: Hippowdon|49\/100 tox\n|move|p1a: Hippowdon|High Horsepower|p2a: Zapdos\n|-immune|p2a: Zapdos\n|\n|-weather|none\n|-heal|p1a: Hippowdon|55\/100 tox|[from] item: Leftovers\n|-damage|p2a: Zapdos|34\/100 tox|[from] psn\n|-damage|p1a: Hippowdon|30\/100 tox|[from] psn\n|upkeep\n|turn|11\n|\n|t:|1663408832\n|switch|p2a: Latios|Latios, M, shiny|95\/100\n|-damage|p2a: Latios|82\/100|[from] Stealth Rock\n|move|p1a: Hippowdon|High Horsepower|p2a: Latios\n|-immune|p2a: Latios|[from] ability: Levitate\n|\n|-heal|p1a: Hippowdon|36\/100 tox|[from] item: Leftovers\n|-damage|p1a: Hippowdon|5\/100 tox|[from] psn\n|upkeep\n|turn|12\n|\n|t:|1663408840\n|move|p2a: Latios|Mystical Fire|p1a: Hippowdon\n|-damage|p1a: Hippowdon|0 fnt\n|faint|p1a: Hippowdon\n|\n|upkeep\n|\n|t:|1663408850\n|switch|p1a: Urshifu|Urshifu-Rapid-Strike, M|100\/100\n|-damage|p1a: Urshifu|94\/100|[from] Stealth Rock\n|turn|13\n|\n|t:|1663408861\n|switch|p2a: Azumarill|Azumarill, M, shiny|84\/100\n|-damage|p2a: Azumarill|71\/100|[from] Stealth Rock\n|move|p1a: Urshifu|U-turn|p2a: Azumarill\n|-resisted|p2a: Azumarill\n|-damage|p2a: Azumarill|52\/100\n|\n|t:|1663408864\n|switch|p1a: Tapu Bulu|Tapu Bulu|94\/100|[from]move: U-turn\n|-damage|p1a: Tapu Bulu|82\/100|[from] Stealth Rock\n|-fieldstart|move: Grassy Terrain|[from] ability: Grassy Surge|[of] p1a: Tapu Bulu\n|\n|-heal|p1a: Tapu Bulu|88\/100|[from] Grassy Terrain\n|-heal|p2a: Azumarill|58\/100|[from] Grassy Terrain\n|upkeep\n|turn|14\n|\n|t:|1663408873\n|switch|p2a: Ferrothorn|Ferrothorn, M, shiny|100\/100\n|-damage|p2a: Ferrothorn|94\/100|[from] Stealth Rock\n|move|p1a: Tapu Bulu|Stone Edge|p2a: Ferrothorn|[miss]\n|-miss|p1a: Tapu Bulu|p2a: Ferrothorn\n|\n|-heal|p1a: Tapu Bulu|94\/100|[from] Grassy Terrain\n|-heal|p2a: Ferrothorn|100\/100|[from] Grassy Terrain\n|upkeep\n|turn|15\n|\n|t:|1663408878\n|switch|p1a: Kartana|Kartana|100\/100\n|-damage|p1a: Kartana|94\/100|[from] Stealth Rock\n|move|p2a: Ferrothorn|Gyro Ball|p1a: Kartana\n|-resisted|p1a: Kartana\n|-damage|p1a: Kartana|67\/100\n|\n|-heal|p1a: Kartana|73\/100|[from] Grassy Terrain\n|upkeep\n|turn|16\n|\n|t:|1663408885\n|switch|p2a: Zapdos|Zapdos, shiny|34\/100 tox\n|move|p1a: Kartana|Knock Off|p2a: Zapdos\n|-damage|p2a: Zapdos|0 fnt\n|-enditem|p2a: Zapdos|Heavy-Duty Boots|[from] move: Knock Off|[of] p1a: Kartana\n|faint|p2a: Zapdos\n|-ability|p1a: Kartana|Beast Boost|boost\n|-boost|p1a: Kartana|atk|1\n|\n|-heal|p1a: Kartana|79\/100|[from] Grassy Terrain\n|upkeep\n|\n|t:|1663408904\n|switch|p2a: Azumarill|Azumarill, M, shiny|58\/100\n|-damage|p2a: Azumarill|46\/100|[from] Stealth Rock\n|turn|17\n|\n|t:|1663408908\n|move|p1a: Kartana|Knock Off|p2a: Azumarill\n|-resisted|p2a: Azumarill\n|-damage|p2a: Azumarill|0 fnt\n|-enditem|p2a: Azumarill|Chesto Berry|[from] move: Knock Off|[of] p1a: Kartana\n|faint|p2a: Azumarill\n|-ability|p1a: Kartana|Beast Boost|boost\n|-boost|p1a: Kartana|atk|1\n|\n|-heal|p1a: Kartana|85\/100|[from] Grassy Terrain\n|-fieldend|move: Grassy Terrain\n|upkeep\n|-message|Capital Cruiser forfeited.\n|\n|win|Lacksatives\n|raw|Lacksatives's rating: 1445 &rarr; <strong>1466<\/strong><br \/>(+21 for winning)\n|raw|Capital Cruiser's rating: 1466 &rarr; <strong>1445<\/strong><br \/>(-21 for losing)\n|l|\u203dCapital Cruiser\n","uploadtime":1663408917,"views":5,"p1id":"lacksatives","p2id":"capitalcruiser","formatid":"gen8ou","rating":1445,"private":0,"password":null}