{"id":"gen8ru-1276895937","p1":"LolzMachine","p2":"Chagl'haxx","format":"gen8ru","log":"|j|\u2606LolzMachine\n|j|\u2606Chagl'haxx\n|t:|1612561997\n|player|p1|LolzMachine|294|1431\n|player|p2|Chagl'haxx|266|1469\n|teamsize|p1|6\n|teamsize|p2|6\n|gametype|singles\n|gen|8\n|tier|[Gen 8] RU\n|rated|\n|clearpoke\n|poke|p1|Slowbro-Galar, F|\n|poke|p1|Cloyster, M|\n|poke|p1|Togekiss, F|\n|poke|p1|Golurk|\n|poke|p1|Sirfetch\u2019d, M|\n|poke|p1|Dunsparce, M|\n|poke|p2|Volcanion|\n|poke|p2|Zarude-Dada|\n|poke|p2|Noivern, F|\n|poke|p2|Xurkitree|\n|poke|p2|Rhyperior, M|\n|poke|p2|Klefki, M|\n|rule|Sleep Clause Mod: Limit one foe put to sleep\n|rule|Species Clause: Limit one of each Pok\u00e9mon\n|rule|OHKO Clause: OHKO moves are banned\n|rule|Evasion Moves Clause: Evasion moves are banned\n|rule|Endless Battle Clause: Forcing endless battles is banned\n|rule|HP Percentage Mod: HP is shown in percentages\n|rule|Dynamax Clause: You cannot dynamax\n|teampreview\n|\n|t:|1612562017\n|start\n|switch|p1a: Golurk|Golurk|100\/100\n|switch|p2a: Xurkitree|Xurkitree|100\/100\n|turn|1\n|\n|t:|1612562041\n|move|p2a: Xurkitree|Energy Ball|p1a: Golurk\n|-supereffective|p1a: Golurk\n|-enditem|p1a: Golurk|Focus Sash\n|-damage|p1a: Golurk|1\/100\n|move|p1a: Golurk|Earthquake|p2a: Xurkitree\n|-supereffective|p2a: Xurkitree\n|-damage|p2a: Xurkitree|0 fnt\n|faint|p2a: Xurkitree\n|\n|upkeep\n|\n|t:|1612562048\n|switch|p2a: Noivern|Noivern, F|100\/100\n|turn|2\n|\n|t:|1612562054\n|switch|p1a: Sirfetch\u2019d|Sirfetch\u2019d, M|100\/100\n|move|p2a: Noivern|U-turn|p1a: Sirfetch\u2019d\n|-resisted|p1a: Sirfetch\u2019d\n|-damage|p1a: Sirfetch\u2019d|93\/100\n|\n|t:|1612562060\n|switch|p2a: Klefki|Klefki, M|100\/100|[from]move: U-turn\n|\n|upkeep\n|turn|3\n|\n|t:|1612562063\n|move|p2a: Klefki|Thunder Wave|p1a: Sirfetch\u2019d\n|-status|p1a: Sirfetch\u2019d|par\n|move|p1a: Sirfetch\u2019d|Close Combat|p2a: Klefki\n|-damage|p2a: Klefki|21\/100\n|-unboost|p1a: Sirfetch\u2019d|def|1\n|-unboost|p1a: Sirfetch\u2019d|spd|1\n|\n|-heal|p2a: Klefki|27\/100|[from] item: Leftovers\n|upkeep\n|turn|4\n|\n|t:|1612562070\n|move|p2a: Klefki|Dazzling Gleam|p1a: Sirfetch\u2019d\n|-supereffective|p1a: Sirfetch\u2019d\n|-damage|p1a: Sirfetch\u2019d|0 fnt\n|faint|p1a: Sirfetch\u2019d\n|\n|-heal|p2a: Klefki|34\/100|[from] item: Leftovers\n|upkeep\n|\n|t:|1612562073\n|switch|p1a: Golurk|Golurk|1\/100\n|turn|5\n|\n|t:|1612562080\n|switch|p2a: Noivern|Noivern, F|100\/100\n|move|p1a: Golurk|Dynamic Punch|p2a: Noivern\n|-resisted|p2a: Noivern\n|-damage|p2a: Noivern|78\/100\n|-start|p2a: Noivern|confusion\n|\n|upkeep\n|turn|6\n|\n|t:|1612562085\n|-activate|p2a: Noivern|confusion\n|move|p2a: Noivern|U-turn|p1a: Golurk\n|-resisted|p1a: Golurk\n|-damage|p1a: Golurk|0 fnt\n|faint|p1a: Golurk\n|\n|t:|1612562089\n|switch|p2a: Klefki|Klefki, M|34\/100|[from]move: U-turn\n|\n|-heal|p2a: Klefki|40\/100|[from] item: Leftovers\n|upkeep\n|\n|t:|1612562091\n|switch|p1a: Slowbro|Slowbro-Galar, F|100\/100\n|turn|7\n|\n|t:|1612562097\n|move|p2a: Klefki|Thunder Wave|p1a: Slowbro|[miss]\n|-miss|p2a: Klefki|p1a: Slowbro\n|move|p1a: Slowbro|Fire Blast|p2a: Klefki\n|-supereffective|p2a: Klefki\n|-damage|p2a: Klefki|0 fnt\n|faint|p2a: Klefki\n|\n|upkeep\n|\n|t:|1612562106\n|switch|p2a: Volcanion|Volcanion|100\/100\n|turn|8\n|-activate|p1a: Slowbro|ability: Quick Draw\n|\n|t:|1612562109\n|move|p1a: Slowbro|Shell Side Arm|p2a: Volcanion\n|-damage|p2a: Volcanion|44\/100\n|-hint|Special Shell Side Arm\n|-status|p2a: Volcanion|psn\n|move|p2a: Volcanion|Steam Eruption|p1a: Slowbro\n|-damage|p1a: Slowbro|16\/100\n|\n|-damage|p2a: Volcanion|31\/100 psn|[from] psn\n|upkeep\n|turn|9\n|-activate|p1a: Slowbro|item: Quick Claw\n|\n|t:|1612562113\n|move|p1a: Slowbro|Shell Side Arm|p2a: Volcanion\n|-damage|p2a: Volcanion|0 fnt\n|-hint|Special Shell Side Arm\n|faint|p2a: Volcanion\n|\n|upkeep\n|\n|t:|1612562119\n|switch|p2a: Rhyperior|Rhyperior, M|100\/100\n|turn|10\n|\n|t:|1612562121\n|switch|p1a: Dunsparce|Dunsparce, M|100\/100\n|move|p2a: Rhyperior|Earthquake|p1a: Dunsparce\n|-damage|p1a: Dunsparce|35\/100\n|\n|upkeep\n|turn|11\n|\n|t:|1612562124\n|move|p1a: Dunsparce|Substitute|p1a: Dunsparce\n|-start|p1a: Dunsparce|Substitute\n|-damage|p1a: Dunsparce|10\/100\n|move|p2a: Rhyperior|Earthquake|p1a: Dunsparce\n|-end|p1a: Dunsparce|Substitute\n|\n|upkeep\n|turn|12\n|\n|t:|1612562127\n|move|p1a: Dunsparce|Endeavor|p2a: Rhyperior\n|-damage|p2a: Rhyperior|11\/100\n|move|p2a: Rhyperior|Earthquake|p1a: Dunsparce\n|-damage|p1a: Dunsparce|0 fnt\n|faint|p1a: Dunsparce\n|\n|-heal|p2a: Rhyperior|17\/100|[from] item: Leftovers\n|upkeep\n|\n|t:|1612562129\n|switch|p1a: Cloyster|Cloyster, M|100\/100\n|turn|13\n|\n|t:|1612562135\n|move|p1a: Cloyster|Icicle Spear|p2a: Rhyperior\n|-supereffective|p2a: Rhyperior\n|-damage|p2a: Rhyperior|3\/100\n|-supereffective|p2a: Rhyperior\n|-damage|p2a: Rhyperior|0 fnt\n|-hitcount|p2a: Rhyperior|2\n|faint|p2a: Rhyperior\n|\n|upkeep\n|\n|t:|1612562138\n|switch|p2a: Zarude|Zarude-Dada|100\/100\n|turn|14\n|\n|t:|1612562141\n|switch|p1a: Togekiss|Togekiss, F|100\/100\n|move|p2a: Zarude|Power Whip|p1a: Togekiss\n|-resisted|p1a: Togekiss\n|-damage|p1a: Togekiss|69\/100\n|\n|upkeep\n|turn|15\n|\n|t:|1612562144\n|move|p1a: Togekiss|Air Slash|p2a: Zarude\n|-supereffective|p2a: Zarude\n|-damage|p2a: Zarude|27\/100\n|cant|p2a: Zarude|flinch\n|\n|upkeep\n|turn|16\n|-message|Chagl'haxx forfeited.\n|\n|win|LolzMachine\n|l|\u2606Chagl'haxx\n||Ladder (probably) updated, but score could not be retrieved (Request timeout).\n","uploadtime":1612562204,"views":66,"p1id":"lolzmachine","p2id":"chaglhaxx","formatid":"gen8ru","rating":0,"private":0,"password":null}