{"id":"gen8randombattle-1278885217","p1":"NAFLD","p2":"chinmaydagod","format":"gen8randombattle","log":"|j|\u2606NAFLD\n|j|\u2606chinmaydagod\n|t:|1612856084\n|player|p1|NAFLD|169|1729\n|player|p2|chinmaydagod|102|1793\n|teamsize|p1|6\n|teamsize|p2|6\n|gametype|singles\n|gen|8\n|tier|[Gen 8] Random Battle\n|rated|\n|rule|Species Clause: Limit one of each Pok\u00e9mon\n|rule|HP Percentage Mod: HP is shown in percentages\n|rule|Sleep Clause Mod: Limit one foe put to sleep\n|\n|t:|1612856084\n|start\n|switch|p1a: Tangrowth|Tangrowth, L84, F|305\/305\n|switch|p2a: Abomasnow|Abomasnow, L82, F|282\/282\n|-weather|Hail|[from] ability: Snow Warning|[of] p2a: Abomasnow\n|turn|1\n|\n|t:|1612856114\n|switch|p1a: Lunatone|Lunatone, L86|295\/295\n|move|p2a: Abomasnow|Aurora Veil|p2a: Abomasnow\n|-sidestart|p2: chinmaydagod|move: Aurora Veil\n|\n|-weather|Hail|[upkeep]\n|-damage|p1a: Lunatone|277\/295|[from] Hail\n|upkeep\n|turn|2\n|\n|t:|1612856129\n|switch|p1a: Lopunny|Lopunny, L90, M|263\/263\n|switch|p2a: Aggron|Aggron, L84, F|255\/255\n|-item|p2a: Aggron|Air Balloon\n|\n|-weather|Hail|[upkeep]\n|-damage|p1a: Lopunny|247\/263|[from] Hail\n|-damage|p2a: Aggron|240\/255|[from] Hail\n|-status|p1a: Lopunny|tox|[from] item: Toxic Orb\n|upkeep\n|turn|3\n|\n|t:|1612856150\n|move|p1a: Lopunny|Facade|p2a: Aggron\n|-resisted|p2a: Aggron\n|-damage|p2a: Aggron|231\/255\n|-enditem|p2a: Aggron|Air Balloon\n|move|p2a: Aggron|Head Smash|p1a: Lopunny\n|-damage|p1a: Lopunny|75\/263 tox\n|\n|-weather|Hail|[upkeep]\n|-damage|p1a: Lopunny|59\/263 tox|[from] Hail\n|-damage|p2a: Aggron|216\/255|[from] Hail\n|-damage|p1a: Lopunny|43\/263 tox|[from] psn\n|upkeep\n|turn|4\n|\n|t:|1612856161\n|switch|p1a: Tangrowth|Tangrowth, L84, F|305\/305\n|switch|p2a: Latias|Latias, L80, F|259\/259\n|\n|-weather|Hail|[upkeep]\n|-damage|p2a: Latias|243\/259|[from] Hail\n|-damage|p1a: Tangrowth|286\/305|[from] Hail\n|-heal|p2a: Latias|259\/259|[from] item: Leftovers\n|upkeep\n|turn|5\n|\n|t:|1612856166\n|move|p2a: Latias|Mystical Fire|p1a: Tangrowth\n|-supereffective|p1a: Tangrowth\n|-damage|p1a: Tangrowth|140\/305\n|-unboost|p1a: Tangrowth|spa|1\n|move|p1a: Tangrowth|Sleep Powder|p2a: Latias\n|-status|p2a: Latias|slp|[from] move: Sleep Powder\n|\n|-weather|none\n|upkeep\n|turn|6\n|\n|t:|1612856179\n|switch|p2a: Cinccino|Cinccino, L84, F|263\/263\n|switch|p1a: Pheromosa|Pheromosa, L76|233\/233\n|\n|upkeep\n|turn|7\n|\n|t:|1612856184\n|move|p1a: Pheromosa|U-turn|p2a: Cinccino\n|-damage|p2a: Cinccino|209\/263\n|\n|t:|1612856187\n|switch|p1a: Tangrowth|Tangrowth, L84, F|241\/305\n|move|p2a: Cinccino|Tail Slap|p1a: Tangrowth|[miss]\n|-miss|p2a: Cinccino|p1a: Tangrowth\n|\n|upkeep\n|turn|8\n|\n|t:|1612856193\n|switch|p2a: Abomasnow|Abomasnow, L82, F|282\/282\n|-weather|Hail|[from] ability: Snow Warning|[of] p2a: Abomasnow\n|move|p1a: Tangrowth|Knock Off|p2a: Abomasnow\n|-damage|p2a: Abomasnow|242\/282\n|-enditem|p2a: Abomasnow|Light Clay|[from] move: Knock Off|[of] p1a: Tangrowth\n|\n|-weather|Hail|[upkeep]\n|-damage|p1a: Tangrowth|222\/305|[from] Hail\n|-sideend|p2: chinmaydagod|move: Aurora Veil\n|upkeep\n|turn|9\n|\n|t:|1612856202\n|move|p2a: Abomasnow|Aurora Veil|p2a: Abomasnow\n|-sidestart|p2: chinmaydagod|move: Aurora Veil\n|move|p1a: Tangrowth|Focus Blast|p2a: Abomasnow|[miss]\n|-miss|p1a: Tangrowth|p2a: Abomasnow\n|\n|-weather|Hail|[upkeep]\n|-damage|p1a: Tangrowth|203\/305|[from] Hail\n|upkeep\n|turn|10\n|\n|t:|1612856207\n|switch|p1a: Lunatone|Lunatone, L86|277\/295\n|move|p2a: Abomasnow|Blizzard|p1a: Lunatone\n|-damage|p1a: Lunatone|178\/295\n|\n|-weather|Hail|[upkeep]\n|-damage|p1a: Lunatone|160\/295|[from] Hail\n|upkeep\n|turn|11\n|\n|t:|1612856215\n|move|p1a: Lunatone|Power Gem|p2a: Abomasnow\n|-supereffective|p2a: Abomasnow\n|-damage|p2a: Abomasnow|125\/282\n|-damage|p1a: Lunatone|131\/295|[from] item: Life Orb\n|move|p2a: Abomasnow|Blizzard|p1a: Lunatone\n|-damage|p1a: Lunatone|34\/295\n|\n|-weather|Hail|[upkeep]\n|-damage|p1a: Lunatone|16\/295|[from] Hail\n|upkeep\n|turn|12\n|\n|t:|1612856224\n|move|p2a: Abomasnow|Ice Shard|p1a: Lunatone\n|-damage|p1a: Lunatone|0 fnt\n|faint|p1a: Lunatone\n|\n|-weather|none\n|upkeep\n|\n|t:|1612856233\n|switch|p1a: Pheromosa|Pheromosa, L76|233\/233\n|turn|13\n|\n|t:|1612856239\n|switch|p2a: Hawlucha|Hawlucha, L80, M|256\/256\n|move|p1a: Pheromosa|U-turn|p2a: Hawlucha\n|-resisted|p2a: Hawlucha\n|-damage|p2a: Hawlucha|245\/256\n|\n|t:|1612856244\n|switch|p1a: Raichu|Raichu-Alola, L82, M|233\/233\n|\n|-sideend|p2: chinmaydagod|move: Aurora Veil\n|upkeep\n|turn|14\n|\n|t:|1612856251\n|switch|p2a: Latias|Latias, L80, F|259\/259 slp\n|move|p1a: Raichu|Thunderbolt|p2a: Latias\n|-resisted|p2a: Latias\n|-damage|p2a: Latias|216\/259 slp\n|-damage|p1a: Raichu|210\/233|[from] item: Life Orb\n|\n|-heal|p2a: Latias|232\/259 slp|[from] item: Leftovers\n|upkeep\n|turn|15\n|\n|t:|1612856259\n|switch|p1a: Ninjask|Ninjask, L86, M|245\/245\n|cant|p2a: Latias|slp\n|\n|-heal|p2a: Latias|248\/259 slp|[from] item: Leftovers\n|upkeep\n|turn|16\n|\n|t:|1612856265\n|move|p1a: Ninjask|Swords Dance|p1a: Ninjask\n|-boost|p1a: Ninjask|atk|2\n|cant|p2a: Latias|slp\n|\n|-heal|p2a: Latias|259\/259 slp|[from] item: Leftovers\n|-ability|p1a: Ninjask|Speed Boost|boost\n|-boost|p1a: Ninjask|spe|1\n|upkeep\n|turn|17\n|\n|t:|1612856273\n|switch|p2a: Aggron|Aggron, L84, F|216\/255\n|move|p1a: Ninjask|Leech Life|p2a: Aggron\n|-resisted|p2a: Aggron\n|-damage|p2a: Aggron|171\/255\n|\n|-ability|p1a: Ninjask|Speed Boost|boost\n|-boost|p1a: Ninjask|spe|1\n|upkeep\n|turn|18\n|\n|t:|1612856280\n|move|p1a: Ninjask|U-turn|p2a: Aggron\n|-resisted|p2a: Aggron\n|-damage|p2a: Aggron|133\/255\n|\n|t:|1612856283\n|switch|p1a: Tangrowth|Tangrowth, L84, F|304\/305\n|move|p2a: Aggron|Head Smash|p1a: Tangrowth\n|-damage|p1a: Tangrowth|163\/305\n|-damage|p2a: Aggron|91\/255|[from] item: Rocky Helmet|[of] p1a: Tangrowth\n|\n|upkeep\n|turn|19\n|\n|t:|1612856292\n|switch|p2a: Abomasnow|Abomasnow, L82, F|125\/282\n|-weather|Hail|[from] ability: Snow Warning|[of] p2a: Abomasnow\n|move|p1a: Tangrowth|Giga Drain|p2a: Abomasnow\n|-resisted|p2a: Abomasnow\n|-damage|p2a: Abomasnow|75\/282\n|-heal|p1a: Tangrowth|188\/305|[from] drain|[of] p2a: Abomasnow\n|\n|-weather|Hail|[upkeep]\n|-damage|p1a: Tangrowth|169\/305|[from] Hail\n|upkeep\n|turn|20\n|\n|t:|1612856300\n|move|p2a: Abomasnow|Blizzard|p1a: Tangrowth\n|-supereffective|p1a: Tangrowth\n|-damage|p1a: Tangrowth|0 fnt\n|faint|p1a: Tangrowth\n|\n|-weather|Hail|[upkeep]\n|upkeep\n|\n|t:|1612856303\n|switch|p1a: Ninjask|Ninjask, L86, M|245\/245\n|turn|21\n|\n|t:|1612856322\n|switch|p2a: Hawlucha|Hawlucha, L80, M|245\/256\n|move|p1a: Ninjask|U-turn|p2a: Hawlucha\n|-resisted|p2a: Hawlucha\n|-damage|p2a: Hawlucha|224\/256\n|\n|t:|1612856326\n|switch|p1a: Raichu|Raichu-Alola, L82, M|210\/233\n|\n|-weather|Hail|[upkeep]\n|-damage|p2a: Hawlucha|208\/256|[from] Hail\n|-damage|p1a: Raichu|196\/233|[from] Hail\n|upkeep\n|turn|22\n|\n|t:|1612856341\n|switch|p2a: Latias|Latias, L80, F|259\/259 slp\n|move|p1a: Raichu|Thunderbolt|p2a: Latias\n|-resisted|p2a: Latias\n|-damage|p2a: Latias|211\/259 slp\n|-damage|p1a: Raichu|173\/233|[from] item: Life Orb\n|\n|-weather|Hail|[upkeep]\n|-damage|p1a: Raichu|159\/233|[from] Hail\n|-damage|p2a: Latias|195\/259 slp|[from] Hail\n|-heal|p2a: Latias|211\/259 slp|[from] item: Leftovers\n|upkeep\n|turn|23\n|\n|t:|1612856350\n|switch|p1a: Ninjask|Ninjask, L86, M|245\/245\n|cant|p2a: Latias|slp\n|\n|-weather|none\n|-heal|p2a: Latias|227\/259 slp|[from] item: Leftovers\n|upkeep\n|turn|24\n|\n|t:|1612856358\n|move|p1a: Ninjask|Swords Dance|p1a: Ninjask\n|-boost|p1a: Ninjask|atk|2\n|-curestatus|p2a: Latias|slp|[msg]\n|move|p2a: Latias|Mystical Fire|p1a: Ninjask\n|-supereffective|p1a: Ninjask\n|-damage|p1a: Ninjask|75\/245\n|-unboost|p1a: Ninjask|spa|1\n|\n|-heal|p2a: Latias|243\/259|[from] item: Leftovers\n|-ability|p1a: Ninjask|Speed Boost|boost\n|-boost|p1a: Ninjask|spe|1\n|upkeep\n|turn|25\n|\n|t:|1612856369\n|switch|p2a: Aggron|Aggron, L84, F|91\/255\n|move|p1a: Ninjask|Leech Life|p2a: Aggron\n|-resisted|p2a: Aggron\n|-damage|p2a: Aggron|46\/255\n|-heal|p1a: Ninjask|98\/245|[from] drain|[of] p2a: Aggron\n|\n|-ability|p1a: Ninjask|Speed Boost|boost\n|-boost|p1a: Ninjask|spe|1\n|upkeep\n|turn|26\n|\n|t:|1612856375\n|-start|p1a: Ninjask|Dynamax\n|-heal|p1a: Ninjask|196\/490|[silent]\n|move|p1a: Ninjask|Max Flutterby|p2a: Aggron\n|-resisted|p2a: Aggron\n|-crit|p2a: Aggron\n|-damage|p2a: Aggron|0 fnt\n|faint|p2a: Aggron\n|\n|-ability|p1a: Ninjask|Speed Boost|boost\n|-boost|p1a: Ninjask|spe|1\n|upkeep\n|\n|t:|1612856400\n|switch|p2a: Hawlucha|Hawlucha, L80, M|208\/256\n|turn|27\n|\n|t:|1612856403\n|move|p1a: Ninjask|Max Airstream|p2a: Hawlucha\n|-supereffective|p2a: Hawlucha\n|-damage|p2a: Hawlucha|0 fnt\n|-boost|p1a: Ninjask|spe|1\n|faint|p2a: Hawlucha\n|\n|-ability|p1a: Ninjask|Speed Boost|boost\n|-boost|p1a: Ninjask|spe|1\n|upkeep\n|\n|t:|1612856449\n|switch|p2a: Cinccino|Cinccino, L84, F|209\/263\n|turn|28\n|inactive|Battle timer is ON: inactive players will automatically lose when time's up. (requested by NAFLD)\n|\n|t:|1612856473\n|move|p1a: Ninjask|Max Flutterby|p2a: Cinccino\n|-crit|p2a: Cinccino\n|-damage|p2a: Cinccino|0 fnt\n|faint|p2a: Cinccino\n|\n|-ability|p1a: Ninjask|Speed Boost|boost\n|-boost|p1a: Ninjask|spe|1\n|-end|p1a: Ninjask|Dynamax\n|-heal|p1a: Ninjask|98\/245|[silent]\n|upkeep\n|\n|t:|1612856476\n|switch|p2a: Abomasnow|Abomasnow, L82, F|75\/282\n|-weather|Hail|[from] ability: Snow Warning|[of] p2a: Abomasnow\n|turn|29\n|\n|t:|1612856479\n|move|p2a: Abomasnow|Ice Shard|p1a: Ninjask\n|-supereffective|p1a: Ninjask\n|-damage|p1a: Ninjask|0 fnt\n|faint|p1a: Ninjask\n|\n|-weather|Hail|[upkeep]\n|upkeep\n|\n|t:|1612856484\n|switch|p1a: Pheromosa|Pheromosa, L76|233\/233\n|turn|30\n|\n|t:|1612856488\n|move|p2a: Abomasnow|Ice Shard|p1a: Pheromosa\n|-damage|p1a: Pheromosa|154\/233\n|move|p1a: Pheromosa|U-turn|p2a: Abomasnow\n|-supereffective|p2a: Abomasnow\n|-damage|p2a: Abomasnow|0 fnt\n|faint|p2a: Abomasnow\n|-ability|p1a: Pheromosa|Beast Boost|boost\n|-boost|p1a: Pheromosa|spe|1\n|\n|t:|1612856493\n|switch|p1a: Lopunny|Lopunny, L90, M|43\/263 tox\n|\n|-weather|Hail|[upkeep]\n|-damage|p1a: Lopunny|27\/263 tox|[from] Hail\n|-damage|p1a: Lopunny|11\/263 tox|[from] psn\n|upkeep\n|\n|t:|1612856515\n|switch|p2a: Heracross|Heracross, L82, M|265\/265\n|turn|31\n|\n|t:|1612856522\n|-start|p2a: Heracross|Dynamax\n|-heal|p2a: Heracross|530\/530|[silent]\n|move|p2a: Heracross|Max Guard|p2a: Heracross\n|-singleturn|p2a: Heracross|Max Guard\n|move|p1a: Lopunny|Healing Wish|p1a: Lopunny\n|faint|p1a: Lopunny\n|\n|-weather|Hail|[upkeep]\n|-damage|p2a: Heracross|514\/530|[from] Hail\n|-status|p2a: Heracross|brn|[from] item: Flame Orb\n|upkeep\n|\n|t:|1612856527\n|switch|p1a: Raichu|Raichu-Alola, L82, M|159\/233\n|-heal|p1a: Raichu|233\/233|[from] move: Healing Wish\n|turn|32\n|\n|t:|1612856533\n|move|p1a: Raichu|Psyshock|p2a: Heracross\n|-supereffective|p2a: Heracross\n|-damage|p2a: Heracross|288\/530 brn\n|-damage|p1a: Raichu|210\/233|[from] item: Life Orb\n|move|p2a: Heracross|Max Flutterby|p1a: Raichu\n|-supereffective|p1a: Raichu\n|-damage|p1a: Raichu|0 fnt\n|faint|p1a: Raichu\n|\n|-weather|Hail|[upkeep]\n|-damage|p2a: Heracross|272\/530 brn|[from] Hail\n|-damage|p2a: Heracross|256\/530 brn|[from] brn\n|upkeep\n|\n|t:|1612856537\n|switch|p1a: Pheromosa|Pheromosa, L76|154\/233\n|turn|33\n|\n|t:|1612856541\n|move|p1a: Pheromosa|Ice Beam|p2a: Heracross\n|-damage|p2a: Heracross|185\/530 brn\n|move|p2a: Heracross|Max Strike|p1a: Pheromosa\n|-damage|p1a: Pheromosa|0 fnt\n|faint|p1a: Pheromosa\n|\n|win|chinmaydagod\n|raw|NAFLD's rating: 1729 &rarr; <strong>1712<\/strong><br \/>(-17 for losing)\n|raw|chinmaydagod's rating: 1794 &rarr; <strong>1810<\/strong><br \/>(+16 for winning)\n|c|\u2606chinmaydagod|gg\n|l|\u2606NAFLD\n","inputlog":">version a14ea20be47d886767ec743c078972382755dddd\n>start {\"formatid\":\"gen8randombattle\",\"seed\":[15155,22731,15756,54327],\"rated\":\"Rated battle\"}\n>player p1 {\"name\":\"NAFLD\",\"avatar\":\"169\",\"team\":\"\",\"rating\":1729,\"seed\":[13926,51386,6869,60586]}\n>player p2 {\"name\":\"chinmaydagod\",\"avatar\":\"102\",\"team\":\"\",\"rating\":1793,\"seed\":[30700,16016,65189,38804]}\n>p1 switch 3\n>p2 move auroraveil\n>p1 switch 2\n>p2 switch 2\n>p1 move facade\n>p2 move headsmash\n>p1 switch 3\n>p2 switch 6\n>p1 move sleeppowder\n>p2 move mysticalfire\n>p1 switch 5\n>p2 switch 3\n>p1 move uturn\n>p2 move tailslap\n>p1 switch 5\n>p1 move knockoff\n>p2 switch 2\n>p1 move focusblast\n>p2 move auroraveil\n>p1 switch 2\n>p2 move blizzard\n>p1 move powergem\n>p2 move blizzard\n>p1 move powergem\n>p2 move iceshard\n>p1 switch 5\n>p1 move uturn\n>p2 switch 5\n>p1 switch 6\n>p1 move thunderbolt\n>p2 switch 3\n>p1 switch 4\n>p2 move mysticalfire\n>p1 move swordsdance\n>p2 move mysticalfire\n>p1 move leechlife\n>p2 switch 6\n>p1 move uturn\n>p2 move headsmash\n>p1 switch 2\n>p1 move gigadrain\n>p2 switch 5\n>p1 move focusblast\n>p2 move blizzard\n>p1 switch 2\n>p1 move uturn\n>p2 switch 3\n>p1 switch 4\n>p1 move thunderbolt\n>p2 switch 6\n>p1 switch 4\n>p2 move mysticalfire\n>p1 move swordsdance\n>p2 move mysticalfire\n>p1 move leechlife\n>p2 switch 5\n>p1 move leechlife dynamax\n>p2 move heavyslam\n>p2 switch 6\n>p1 move acrobatics dynamax\n>p2 move swordsdance\n>p2 switch 2\n>p1 move leechlife dynamax\n>p2 move tailslap\n>p2 switch 3\n>p1 move leechlife\n>p2 move iceshard\n>p1 switch 6\n>p1 move uturn\n>p2 move iceshard\n>p1 switch 3\n>p2 switch 4\n>p1 move healingwish\n>p2 move spikes dynamax\n>p1 switch 4\n>p1 move psyshock\n>p2 move megahorn dynamax\n>p1 switch 3\n>p1 move icebeam\n>p2 move facade dynamax","uploadtime":1612856554,"views":5,"p1id":"nafld","p2id":"chinmaydagod","formatid":"gen8randombattle","rating":1712,"private":0,"password":null}