{"id":"gen8ou-1424801063","p1":"Vodyne","p2":"Lucky Noob No Mom","format":"gen8ou","log":"|j|\u203dVodyne\n|j|\u2606Lucky Noob No Mom\n|t:|1632754291\n|gametype|singles\n|player|p1|Vodyne|266|1729\n|player|p2|Lucky Noob No Mom|102|1742\n|teamsize|p1|6\n|teamsize|p2|6\n|gen|8\n|tier|[Gen 8] OU\n|rated|\n|rule|Sleep Clause Mod: Limit one foe put to sleep\n|rule|Species Clause: Limit one of each Pok\u00e9mon\n|rule|OHKO Clause: OHKO moves are banned\n|rule|Evasion Moves Clause: Evasion moves are banned\n|rule|Endless Battle Clause: Forcing endless battles is banned\n|rule|HP Percentage Mod: HP is shown in percentages\n|rule|Dynamax Clause: You cannot dynamax\n|clearpoke\n|poke|p1|Snorlax, M|\n|poke|p1|Suicune|\n|poke|p1|Melmetal|\n|poke|p1|Victini|\n|poke|p1|Landorus-Therian, M|\n|poke|p1|Zapdos|\n|poke|p2|Sharpedo, F|\n|poke|p2|Victini|\n|poke|p2|Kyurem|\n|poke|p2|Hawlucha, M|\n|poke|p2|Rillaboom, F|\n|poke|p2|Terrakion|\n|teampreview\n|inactive|Battle timer is ON: inactive players will automatically lose when time's up. (requested by Vodyne)\n|\n|t:|1632754300\n|start\n|switch|p1a: Landorus|Landorus-Therian, M|100\/100\n|switch|p2a: Terrak|Terrakion|100\/100\n|-ability|p1a: Landorus|Intimidate|boost\n|-unboost|p2a: Terrak|atk|1\n|turn|1\n|\n|t:|1632754307\n|move|p1a: Landorus|U-turn|p2a: Terrak\n|-resisted|p2a: Terrak\n|-damage|p2a: Terrak|85\/100\n|j| Iziyo\n|\n|t:|1632754310\n|switch|p1a: Suicune|Suicune|100\/100|[from]move: U-turn\n|-ability|p1a: Suicune|Pressure\n|move|p2a: Terrak|Stealth Rock|p1a: Suicune\n|-sidestart|p1: Vodyne|move: Stealth Rock\n|\n|upkeep\n|turn|2\n|\n|t:|1632754316\n|move|p2a: Terrak|Close Combat|p1a: Suicune\n|-damage|p1a: Suicune|77\/100\n|-unboost|p2a: Terrak|def|1\n|-unboost|p2a: Terrak|spd|1\n|move|p1a: Suicune|Scald|p2a: Terrak\n|-supereffective|p2a: Terrak\n|-damage|p2a: Terrak|0 fnt\n|faint|p2a: Terrak\n|\n|-heal|p1a: Suicune|84\/100|[from] item: Leftovers\n|upkeep\n|\n|t:|1632754323\n|switch|p2a: Kyurem|Kyurem, shiny|100\/100\n|-ability|p2a: Kyurem|Pressure\n|turn|3\n|\n|t:|1632754329\n|switch|p2a: Boom|Rillaboom, F|100\/100\n|-fieldstart|move: Grassy Terrain|[from] ability: Grassy Surge|[of] p2a: Boom\n|switch|p1a: Snorlax|Snorlax, M|100\/100\n|-damage|p1a: Snorlax|88\/100|[from] Stealth Rock\n|\n|-heal|p1a: Snorlax|94\/100|[from] Grassy Terrain\n|-heal|p1a: Snorlax|99\/100|[from] item: Leftovers\n|upkeep\n|turn|4\n|\n|t:|1632754338\n|switch|p1a: Zapdos|Zapdos|100\/100\n|move|p2a: Boom|Swords Dance|p2a: Boom\n|-boost|p2a: Boom|atk|2\n|\n|upkeep\n|turn|5\n|\n|t:|1632754343\n|move|p2a: Boom|Grassy Glide|p1a: Zapdos\n|-resisted|p1a: Zapdos\n|-damage|p1a: Zapdos|22\/100\n|-status|p2a: Boom|par|[from] ability: Static|[of] p1a: Zapdos\n|-damage|p2a: Boom|91\/100 par|[from] item: Life Orb\n|move|p1a: Zapdos|Heat Wave|p2a: Boom\n|-supereffective|p2a: Boom\n|-damage|p2a: Boom|0 fnt\n|faint|p2a: Boom\n|\n|upkeep\n|j| This your Limit?\n|\n|t:|1632754355\n|switch|p2a: Victory|Victini|100\/100\n|turn|6\n|\n|t:|1632754359\n|move|p2a: Victory|Blue Flare|p1a: Zapdos\n|-damage|p1a: Zapdos|0 fnt\n|faint|p1a: Zapdos\n|-damage|p2a: Victory|91\/100|[from] item: Life Orb\n|\n|-heal|p2a: Victory|97\/100|[from] Grassy Terrain\n|upkeep\n|\n|t:|1632754363\n|switch|p1a: Landorus|Landorus-Therian, M|100\/100\n|-damage|p1a: Landorus|88\/100|[from] Stealth Rock\n|-ability|p1a: Landorus|Intimidate|boost\n|-unboost|p2a: Victory|atk|1\n|turn|7\n|\n|t:|1632754367\n|move|p1a: Landorus|Knock Off|p2a: Victory\n|-supereffective|p2a: Victory\n|-damage|p2a: Victory|20\/100\n|-enditem|p2a: Victory|Life Orb|[from] move: Knock Off|[of] p1a: Landorus\n|move|p2a: Victory|Blue Flare|p1a: Landorus\n|-damage|p1a: Landorus|9\/100\n|\n|-heal|p2a: Victory|26\/100|[from] Grassy Terrain\n|-fieldend|move: Grassy Terrain\n|upkeep\n|turn|8\n|\n|t:|1632754373\n|move|p1a: Landorus|Knock Off|p2a: Victory\n|-supereffective|p2a: Victory\n|-damage|p2a: Victory|0 fnt\n|faint|p2a: Victory\n|\n|upkeep\n|j| Es.Rhasta\n|\n|t:|1632754377\n|switch|p2a: Falcon|Hawlucha, M|100\/100\n|turn|9\n|\n|t:|1632754379\n|move|p1a: Landorus|Knock Off|p2a: Falcon\n|-resisted|p2a: Falcon\n|-damage|p2a: Falcon|75\/100\n|-enditem|p2a: Falcon|Grassy Seed|[from] move: Knock Off|[of] p1a: Landorus\n|move|p2a: Falcon|Swords Dance|p2a: Falcon\n|-boost|p2a: Falcon|atk|2\n|\n|upkeep\n|turn|10\n|j| penguino0205\n|j| van37\n|\n|t:|1632754403\n|switch|p1a: Suicune|Suicune|84\/100\n|-damage|p1a: Suicune|71\/100|[from] Stealth Rock\n|-ability|p1a: Suicune|Pressure\n|move|p2a: Falcon|Swords Dance|p2a: Falcon\n|-boost|p2a: Falcon|atk|2\n|\n|-heal|p1a: Suicune|77\/100|[from] item: Leftovers\n|upkeep\n|turn|11\n|\n|t:|1632754409\n|switch|p1a: Landorus|Landorus-Therian, M|9\/100\n|-damage|p1a: Landorus|0 fnt|[from] Stealth Rock\n|faint|p1a: Landorus\n|move|p2a: Falcon|Close Combat|p1: Landorus|[notarget]\n|-fail|p2a: Falcon\n|\n|upkeep\n|\n|t:|1632754419\n|switch|p1a: Suicune|Suicune|77\/100\n|-damage|p1a: Suicune|65\/100|[from] Stealth Rock\n|-ability|p1a: Suicune|Pressure\n|turn|12\n|j| Kromage2Icey\n|\n|t:|1632754423\n|move|p2a: Falcon|Close Combat|p1a: Suicune\n|-damage|p1a: Suicune|0 fnt\n|-unboost|p2a: Falcon|def|1\n|-unboost|p2a: Falcon|spd|1\n|faint|p1a: Suicune\n|\n|upkeep\n|\n|t:|1632754428\n|switch|p1a: Victini|Victini|100\/100\n|-damage|p1a: Victini|76\/100|[from] Stealth Rock\n|turn|13\n|\n|t:|1632754432\n|move|p2a: Falcon|Acrobatics|p1a: Victini\n|-damage|p1a: Victini|0 fnt\n|faint|p1a: Victini\n|\n|upkeep\n|\n|t:|1632754435\n|switch|p1a: Melmetal|Melmetal|100\/100\n|-damage|p1a: Melmetal|94\/100|[from] Stealth Rock\n|turn|14\n|\n|t:|1632754438\n|move|p2a: Falcon|Close Combat|p1a: Melmetal\n|-supereffective|p1a: Melmetal\n|-damage|p1a: Melmetal|0 fnt\n|-unboost|p2a: Falcon|def|1\n|-unboost|p2a: Falcon|spd|1\n|faint|p1a: Melmetal\n|\n|upkeep\n|-message|Vodyne forfeited.\n|\n|win|Lucky Noob No Mom\n|raw|Vodyne's rating: 1729 &rarr; <strong>1710<\/strong><br \/>(-19 for losing)\n|raw|Lucky Noob No Mom's rating: 1742 &rarr; <strong>1761<\/strong><br \/>(+19 for winning)\n|l|\u203dVodyne\n|l|\u2606Lucky Noob No Mom\n|l| Es.Rhasta\n","uploadtime":1632754449,"views":25,"p1id":"vodyne","p2id":"luckynoobnomom","formatid":"gen8ou","rating":1710,"private":0,"password":null}