{"id":"gen8ou-1110993582","p1":"RealAmogh","p2":"A","format":"gen8ou","log":"|raw|<div class=\"broadcast-red\"><strong>This battle is invite-only!<\/strong><br \/>Users must be invited with <code>\/invite<\/code> (or be staff) to join<\/div>\n|j|\u2606RealAmogh\n|j|\u2606A\n|player|p1|RealAmogh|196|1649\n|player|p2|A|clemont|1696\n|teamsize|p1|6\n|teamsize|p2|6\n|gametype|singles\n|gen|8\n|tier|[Gen 8] OU\n|rated|\n|clearpoke\n|poke|p1|Conkeldurr, F|\n|poke|p1|Corviknight, M|\n|poke|p1|Clefable, M|\n|poke|p1|Dracovish|\n|poke|p1|Ferrothorn, M|\n|poke|p1|Hydreigon, M|\n|poke|p2|Dracovish|\n|poke|p2|Hydreigon, F|\n|poke|p2|Mew|\n|poke|p2|Clefable, M|\n|poke|p2|Jirachi|\n|poke|p2|Conkeldurr, M|\n|rule|Sleep Clause Mod: Limit one foe put to sleep\n|rule|Species Clause: Limit one of each Pok\u00e9mon\n|rule|OHKO Clause: OHKO moves are banned\n|rule|Evasion Moves Clause: Evasion moves are banned\n|rule|Endless Battle Clause: Forcing endless battles is banned\n|rule|HP Percentage Mod: HP is shown in percentages\n|rule|Dynamax Clause: You cannot dynamax\n|teampreview\n|inactive|Battle timer is ON: inactive players will automatically lose when time's up. (requested by A)\n|\n|start\n|switch|p1a: Ferrothorn|Ferrothorn, M|100\/100\n|switch|p2a: SLEEPY BABY|Clefable, M|100\/100\n|turn|1\n|\n|move|p2a: SLEEPY BABY|Trick|p1a: Ferrothorn\n|-activate|p2a: SLEEPY BABY|move: Trick|[of] p1a: Ferrothorn\n|-item|p1a: Ferrothorn|Choice Scarf|[from] move: Trick\n|-item|p2a: SLEEPY BABY|Leftovers|[from] move: Trick\n|move|p1a: Ferrothorn|Knock Off|p2a: SLEEPY BABY\n|-resisted|p2a: SLEEPY BABY\n|-crit|p2a: SLEEPY BABY\n|-damage|p2a: SLEEPY BABY|83\/100\n|-enditem|p2a: SLEEPY BABY|Leftovers|[from] move: Knock Off|[of] p1a: Ferrothorn\n|\n|upkeep\n|turn|2\n|\n|move|p2a: SLEEPY BABY|Stealth Rock|p1a: Ferrothorn\n|-sidestart|p1: RealAmogh|move: Stealth Rock\n|move|p1a: Ferrothorn|Knock Off|p2a: SLEEPY BABY\n|-resisted|p2a: SLEEPY BABY\n|-damage|p2a: SLEEPY BABY|74\/100\n|\n|upkeep\n|turn|3\n|\n|move|p2a: SLEEPY BABY|Soft-Boiled|p2a: SLEEPY BABY\n|-heal|p2a: SLEEPY BABY|100\/100\n|move|p1a: Ferrothorn|Knock Off|p2a: SLEEPY BABY\n|-resisted|p2a: SLEEPY BABY\n|-damage|p2a: SLEEPY BABY|92\/100\n|\n|upkeep\n|turn|4\n|\n|move|p2a: SLEEPY BABY|Moonblast|p1a: Ferrothorn\n|-resisted|p1a: Ferrothorn\n|-damage|p1a: Ferrothorn|85\/100\n|-unboost|p1a: Ferrothorn|spa|1\n|move|p1a: Ferrothorn|Knock Off|p2a: SLEEPY BABY\n|-resisted|p2a: SLEEPY BABY\n|-damage|p2a: SLEEPY BABY|84\/100\n|\n|upkeep\n|turn|5\n|\n|move|p2a: SLEEPY BABY|Moonblast|p1a: Ferrothorn\n|-resisted|p1a: Ferrothorn\n|-damage|p1a: Ferrothorn|69\/100\n|move|p1a: Ferrothorn|Knock Off|p2a: SLEEPY BABY\n|-resisted|p2a: SLEEPY BABY\n|-damage|p2a: SLEEPY BABY|75\/100\n|\n|upkeep\n|turn|6\n|\n|switch|p1a: Corviknight|Corviknight, M|100\/100\n|-damage|p1a: Corviknight|88\/100|[from] Stealth Rock\n|move|p2a: SLEEPY BABY|Moonblast|p1a: Corviknight\n|-resisted|p1a: Corviknight\n|-damage|p1a: Corviknight|75\/100\n|-ability|p1a: Corviknight|Mirror Armor\n|-unboost|p2a: SLEEPY BABY|spa|1\n|\n|-heal|p1a: Corviknight|81\/100|[from] item: Leftovers\n|upkeep\n|turn|7\n|\n|move|p2a: SLEEPY BABY|Trick|p1a: Corviknight\n|-activate|p2a: SLEEPY BABY|move: Trick|[of] p1a: Corviknight\n|-enditem|p1a: Corviknight|Leftovers|[silent]|[from] move: Trick\n|-item|p2a: SLEEPY BABY|Leftovers|[from] move: Trick\n|move|p1a: Corviknight|Defog|p2a: SLEEPY BABY\n|-unboost|p2a: SLEEPY BABY|evasion|1\n|-sideend|p1: RealAmogh|Stealth Rock|[from] move: Defog|[of] p1a: Corviknight\n|\n|-heal|p2a: SLEEPY BABY|81\/100|[from] item: Leftovers\n|upkeep\n|turn|8\n|\n|move|p2a: SLEEPY BABY|Stealth Rock|p1a: Corviknight\n|-sidestart|p1: RealAmogh|move: Stealth Rock\n|move|p1a: Corviknight|Iron Head|p2a: SLEEPY BABY\n|-supereffective|p2a: SLEEPY BABY\n|-damage|p2a: SLEEPY BABY|21\/100\n|\n|-heal|p2a: SLEEPY BABY|27\/100|[from] item: Leftovers\n|upkeep\n|turn|9\n|\n|switch|p2a: REAL MANS|Dracovish, shiny|100\/100\n|move|p1a: Corviknight|Defog|p2a: REAL MANS\n|-unboost|p2a: REAL MANS|evasion|1\n|-sideend|p1: RealAmogh|Stealth Rock|[from] move: Defog|[of] p1a: Corviknight\n|\n|upkeep\n|turn|10\n|\n|switch|p1a: Dracovish|Dracovish|100\/100\n|move|p2a: REAL MANS|Substitute|p2a: REAL MANS\n|-start|p2a: REAL MANS|Substitute\n|-damage|p2a: REAL MANS|76\/100\n|\n|upkeep\n|turn|11\n|\n|switch|p1a: Clefable|Clefable, M|100\/100\n|move|p2a: REAL MANS|Fishious Rend|p1a: Clefable\n|-damage|p1a: Clefable|0 fnt\n|faint|p1a: Clefable\n|\n|upkeep\n|\n|switch|p1a: Ferrothorn|Ferrothorn, M|69\/100\n|turn|12\n|\n|move|p2a: REAL MANS|Rain Dance|p2a: REAL MANS\n|-weather|RainDance\n|move|p1a: Ferrothorn|Body Press|p2a: REAL MANS\n|-end|p2a: REAL MANS|Substitute\n|\n|-weather|RainDance|[upkeep]\n|upkeep\n|turn|13\n|\n|move|p2a: REAL MANS|Substitute|p2a: REAL MANS\n|-start|p2a: REAL MANS|Substitute\n|-damage|p2a: REAL MANS|51\/100\n|move|p1a: Ferrothorn|Body Press|p2a: REAL MANS\n|-end|p2a: REAL MANS|Substitute\n|\n|-weather|RainDance|[upkeep]\n|upkeep\n|turn|14\n|\n|move|p2a: REAL MANS|Fishious Rend|p1a: Ferrothorn\n|-resisted|p1a: Ferrothorn\n|-damage|p1a: Ferrothorn|11\/100\n|-damage|p2a: REAL MANS|38\/100|[from] ability: Iron Barbs|[of] p1a: Ferrothorn\n|move|p1a: Ferrothorn|Body Press|p2a: REAL MANS\n|-damage|p2a: REAL MANS|5\/100\n|\n|-weather|RainDance|[upkeep]\n|upkeep\n|turn|15\n|\n|move|p2a: REAL MANS|Rest|p2a: REAL MANS\n|-status|p2a: REAL MANS|slp|[from] move: Rest\n|-heal|p2a: REAL MANS|100\/100 slp|[silent]\n|move|p1a: Ferrothorn|Body Press|p2a: REAL MANS\n|-damage|p2a: REAL MANS|66\/100 slp\n|\n|-weather|RainDance|[upkeep]\n|upkeep\n|turn|16\n|\n|switch|p2a: SLEEPY BABY|Clefable, M|27\/100\n|move|p1a: Ferrothorn|Body Press|p2a: SLEEPY BABY\n|-resisted|p2a: SLEEPY BABY\n|-damage|p2a: SLEEPY BABY|10\/100\n|\n|-weather|none\n|-heal|p2a: SLEEPY BABY|16\/100|[from] item: Leftovers\n|upkeep\n|turn|17\n|\n|switch|p1a: Conkeldurr|Conkeldurr, F|100\/100\n|move|p2a: SLEEPY BABY|Soft-Boiled|p2a: SLEEPY BABY\n|-heal|p2a: SLEEPY BABY|66\/100\n|\n|-heal|p2a: SLEEPY BABY|72\/100|[from] item: Leftovers\n|-status|p1a: Conkeldurr|brn|[from] item: Flame Orb\n|upkeep\n|turn|18\n|\n|move|p2a: SLEEPY BABY|Moonblast|p1a: Conkeldurr\n|-supereffective|p1a: Conkeldurr\n|-damage|p1a: Conkeldurr|0 fnt\n|faint|p1a: Conkeldurr\n|\n|-heal|p2a: SLEEPY BABY|79\/100|[from] item: Leftovers\n|upkeep\n|\n|switch|p1a: Dracovish|Dracovish|100\/100\n|turn|19\n|\n|switch|p2a: REAL MANS|Dracovish, shiny|66\/100 slp\n|move|p1a: Dracovish|Fishious Rend|p2a: REAL MANS\n|-resisted|p2a: REAL MANS\n|-damage|p2a: REAL MANS|34\/100 slp\n|\n|upkeep\n|turn|20\n|\n|move|p1a: Dracovish|Fishious Rend|p2a: REAL MANS\n|-resisted|p2a: REAL MANS\n|-damage|p2a: REAL MANS|1\/100 slp\n|cant|p2a: REAL MANS|slp\n|\n|upkeep\n|turn|21\n|\n|move|p1a: Dracovish|Fishious Rend|p2a: REAL MANS\n|-resisted|p2a: REAL MANS\n|-damage|p2a: REAL MANS|0 fnt\n|faint|p2a: REAL MANS\n|\n|upkeep\n|\n|switch|p2a: TellEM TELL EM|Hydreigon, F|100\/100\n|turn|22\n|\n|switch|p1a: Corviknight|Corviknight, M|81\/100\n|move|p2a: TellEM TELL EM|Thunder Wave|p1a: Corviknight\n|-status|p1a: Corviknight|par\n|\n|upkeep\n|turn|23\n|\n|switch|p2a: UH OH STINKY|Jirachi|100\/100\n|move|p1a: Corviknight|U-turn|p2a: UH OH STINKY\n|-damage|p2a: UH OH STINKY|86\/100\n|\n|switch|p1a: Hydreigon|Hydreigon, M|100\/100|[from]move: U-turn\n|\n|-heal|p2a: UH OH STINKY|92\/100|[from] item: Leftovers\n|upkeep\n|turn|24\n|\n|switch|p2a: THE WEEKDAY|Conkeldurr, M|100\/100\n|move|p1a: Hydreigon|Nasty Plot|p1a: Hydreigon\n|-boost|p1a: Hydreigon|spa|2\n|\n|upkeep\n|turn|25\n|\n|switch|p2a: SLEEPY BABY|Clefable, M|79\/100\n|move|p1a: Hydreigon|Draco Meteor|p2a: SLEEPY BABY\n|-immune|p2a: SLEEPY BABY\n|\n|-heal|p2a: SLEEPY BABY|85\/100|[from] item: Leftovers\n|upkeep\n|turn|26\n|\n|move|p1a: Hydreigon|Flash Cannon|p2a: SLEEPY BABY\n|-supereffective|p2a: SLEEPY BABY\n|-damage|p2a: SLEEPY BABY|0 fnt\n|-damage|p1a: Hydreigon|91\/100|[from] item: Life Orb\n|faint|p2a: SLEEPY BABY\n|\n|upkeep\n|\n|switch|p2a: KALEIDOSCOPE|Mew|100\/100\n|turn|27\n|\n|move|p2a: KALEIDOSCOPE|Close Combat|p1a: Hydreigon\n|-supereffective|p1a: Hydreigon\n|-damage|p1a: Hydreigon|6\/100\n|-unboost|p2a: KALEIDOSCOPE|def|1\n|-unboost|p2a: KALEIDOSCOPE|spd|1\n|move|p1a: Hydreigon|Draco Meteor|p2a: KALEIDOSCOPE|[miss]\n|-miss|p1a: Hydreigon|p2a: KALEIDOSCOPE\n|\n|upkeep\n|turn|28\n|\n|switch|p1a: Dracovish|Dracovish|100\/100\n|move|p2a: KALEIDOSCOPE|Flame Charge|p1a: Dracovish\n|-resisted|p1a: Dracovish\n|-damage|p1a: Dracovish|96\/100\n|-boost|p2a: KALEIDOSCOPE|spe|1\n|\n|upkeep\n|turn|29\n|\n|move|p2a: KALEIDOSCOPE|Psychic Fangs|p1a: Dracovish\n|-damage|p1a: Dracovish|53\/100\n|move|p1a: Dracovish|Fishious Rend|p2a: KALEIDOSCOPE\n|-damage|p2a: KALEIDOSCOPE|14\/100\n|\n|-heal|p2a: KALEIDOSCOPE|20\/100|[from] item: Leftovers\n|upkeep\n|turn|30\n|\n|move|p2a: KALEIDOSCOPE|Psychic Fangs|p1a: Dracovish\n|-damage|p1a: Dracovish|15\/100\n|move|p1a: Dracovish|Fishious Rend|p2a: KALEIDOSCOPE\n|-damage|p2a: KALEIDOSCOPE|0 fnt\n|faint|p2a: KALEIDOSCOPE\n|\n|upkeep\n|\n|switch|p2a: TellEM TELL EM|Hydreigon, F|100\/100\n|turn|31\n|\n|switch|p1a: Ferrothorn|Ferrothorn, M|11\/100\n|move|p2a: TellEM TELL EM|Dark Pulse|p1a: Ferrothorn\n|-damage|p1a: Ferrothorn|0 fnt\n|faint|p1a: Ferrothorn\n|\n|upkeep\n|\n|switch|p1a: Hydreigon|Hydreigon, M|6\/100\n|turn|32\n|\n|move|p2a: TellEM TELL EM|Dark Pulse|p1a: Hydreigon\n|-resisted|p1a: Hydreigon\n|-damage|p1a: Hydreigon|0 fnt\n|faint|p1a: Hydreigon\n|\n|upkeep\n|\n|switch|p1a: Dracovish|Dracovish|15\/100\n|turn|33\n|\n|move|p2a: TellEM TELL EM|Dark Pulse|p1a: Dracovish\n|-damage|p1a: Dracovish|0 fnt\n|faint|p1a: Dracovish\n|\n|upkeep\n|-message|RealAmogh forfeited.\n|\n|win|A\n|l|\u2606RealAmogh\n||Ladder (probably) updated, but score could not be retrieved (Response not received).\n|c|\u2606A|\/log Zaza BitchuLia was invited (and promoted to Room Voice) by A.\n|j|+Zaza BitchuLia\n|c|\u2606A|\/log A made this room public.\n|raw|<div class=\"broadcast-blue\"><strong>This room is no longer invite only!<\/strong><br \/>Anyone may now join.<\/div>\n|c|\u2606A|\/log A turned off modjoin.\n","uploadtime":1588949038,"views":40,"p1id":"realamogh","p2id":"a","formatid":"gen8ou","rating":0,"private":0,"password":null}