{"id":"gen8ou-1207799888","p1":"Commando 55","p2":"skeb","format":"gen8ou","log":"|j|\u2606Commando 55\n|j|\u2606skeb\n|t:|1603446892\n|player|p1|Commando 55|iris-gen5bw2|1840\n|player|p2|skeb|norman-gen3|1740\n|teamsize|p1|6\n|teamsize|p2|6\n|gametype|singles\n|gen|8\n|tier|[Gen 8] OU\n|rated|\n|clearpoke\n|poke|p1|Regieleki|\n|poke|p1|Pelipper, M|\n|poke|p1|Blissey, F|\n|poke|p1|Kingdra, M|\n|poke|p1|Urshifu-*, F|\n|poke|p1|Ferrothorn, F|\n|poke|p2|Tapu Fini|\n|poke|p2|Blaziken, M|\n|poke|p2|Ditto|\n|poke|p2|Zygarde|\n|poke|p2|Magearna|\n|poke|p2|Victini|\n|rule|Sleep Clause Mod: Limit one foe put to sleep\n|rule|Species Clause: Limit one of each Pok\u00e9mon\n|rule|OHKO Clause: OHKO moves are banned\n|rule|Evasion Moves Clause: Evasion moves are banned\n|rule|Endless Battle Clause: Forcing endless battles is banned\n|rule|HP Percentage Mod: HP is shown in percentages\n|rule|Dynamax Clause: You cannot dynamax\n|teampreview\n|j| Reggiemaster24\n|j| peekoball\n|c|\u2606Commando 55|Gl\n|c|\u2606skeb|y2\n|inactive|Battle timer is ON: inactive players will automatically lose when time's up. (requested by Commando 55)\n|\n|t:|1603446916\n|start\n|switch|p1a: Pelipper|Pelipper, M|100\/100\n|switch|p2a: Magearna|Magearna|100\/100\n|-weather|RainDance|[from] ability: Drizzle|[of] p1a: Pelipper\n|turn|1\n|j| Martinique Jason\n|j| Cervixknight\n|\n|t:|1603446921\n|switch|p1a: Blissey|Blissey, F|100\/100\n|move|p2a: Magearna|Focus Blast|p1a: Blissey|[miss]\n|-miss|p2a: Magearna|p1a: Blissey\n|\n|-weather|RainDance|[upkeep]\n|upkeep\n|turn|2\n|j| Lycaon01\n|j| highgxedoritos\n|\n|t:|1603446930\n|switch|p2a: Zygarde|Zygarde|100\/100\n|-ability|p2a: Zygarde|Aura Break\n|move|p1a: Blissey|Teleport|p1a: Blissey\n|j| Fencehops Old\n|\n|t:|1603446935\n|switch|p1a: Urshifu|Urshifu-Rapid-Strike, F|100\/100|[from]move: Teleport\n|\n|-weather|RainDance|[upkeep]\n|upkeep\n|turn|3\n|\n|t:|1603446938\n|switch|p2a: Tapu Fini|Tapu Fini|100\/100\n|-fieldstart|move: Misty Terrain|[from] ability: Misty Surge|[of] p2a: Tapu Fini\n|move|p1a: Urshifu|Surging Strikes|p2a: Tapu Fini\n|-resisted|p2a: Tapu Fini\n|-crit|p2a: Tapu Fini\n|-damage|p2a: Tapu Fini|82\/100\n|-resisted|p2a: Tapu Fini\n|-crit|p2a: Tapu Fini\n|-damage|p2a: Tapu Fini|60\/100\n|-resisted|p2a: Tapu Fini\n|-crit|p2a: Tapu Fini\n|-damage|p2a: Tapu Fini|40\/100\n|-hitcount|p2a: Tapu Fini|3\n|\n|-weather|RainDance|[upkeep]\n|-heal|p2a: Tapu Fini|47\/100|[from] item: Leftovers\n|upkeep\n|turn|4\n|j| Shimeon91\n|\n|t:|1603446941\n|move|p1a: Urshifu|Surging Strikes|p2a: Tapu Fini\n|-resisted|p2a: Tapu Fini\n|-crit|p2a: Tapu Fini\n|-damage|p2a: Tapu Fini|26\/100\n|-resisted|p2a: Tapu Fini\n|-crit|p2a: Tapu Fini\n|-damage|p2a: Tapu Fini|4\/100\n|-resisted|p2a: Tapu Fini\n|-crit|p2a: Tapu Fini\n|-damage|p2a: Tapu Fini|0 fnt\n|-hitcount|p2a: Tapu Fini|3\n|faint|p2a: Tapu Fini\n|\n|-weather|RainDance|[upkeep]\n|upkeep\n|\n|t:|1603446946\n|switch|p2a: Ditto|Ditto|100\/100\n|-transform|p2a: Ditto|p1a: Urshifu|[from] ability: Imposter\n|turn|5\n|l| Fencehops Old\n|j| bbears_poke\n|\n|t:|1603446955\n|switch|p1a: Pelipper|Pelipper, M|100\/100\n|move|p2a: Ditto|Close Combat|p1a: Pelipper\n|-resisted|p1a: Pelipper\n|-damage|p1a: Pelipper|78\/100\n|-unboost|p2a: Ditto|def|1\n|-unboost|p2a: Ditto|spd|1\n|\n|-weather|RainDance|[upkeep]\n|upkeep\n|turn|6\n|j| starmind\n|\n|t:|1603446959\n|switch|p2a: Magearna|Magearna|100\/100\n|move|p1a: Pelipper|U-turn|p2a: Magearna\n|-resisted|p2a: Magearna\n|-damage|p2a: Magearna|99\/100\n|\n|t:|1603446967\n|switch|p1a: Urshifu|Urshifu-Rapid-Strike, F|100\/100|[from]move: U-turn\n|\n|-weather|RainDance|[upkeep]\n|upkeep\n|turn|7\n|j| AnimaticLunatic\n|l| AnimaticLunatic\n|\n|t:|1603446973\n|move|p1a: Urshifu|Surging Strikes|p2a: Magearna\n|-crit|p2a: Magearna\n|-damage|p2a: Magearna|62\/100\n|-crit|p2a: Magearna\n|-damage|p2a: Magearna|23\/100\n|-crit|p2a: Magearna\n|-damage|p2a: Magearna|0 fnt\n|-hitcount|p2a: Magearna|3\n|faint|p2a: Magearna\n|\n|-weather|RainDance|[upkeep]\n|-fieldend|Misty Terrain\n|upkeep\n|\n|t:|1603446976\n|switch|p2a: Ditto|Ditto|100\/100\n|-transform|p2a: Ditto|p1a: Urshifu|[from] ability: Imposter\n|turn|8\n|j| Kazukabe Group!\n|\n|t:|1603446984\n|move|p2a: Ditto|Surging Strikes|p1a: Urshifu\n|-resisted|p1a: Urshifu\n|-crit|p1a: Urshifu\n|-damage|p1a: Urshifu|86\/100\n|-resisted|p1a: Urshifu\n|-crit|p1a: Urshifu\n|-damage|p1a: Urshifu|72\/100\n|-resisted|p1a: Urshifu\n|-crit|p1a: Urshifu\n|-damage|p1a: Urshifu|58\/100\n|-hitcount|p1a: Urshifu|3\n|move|p1a: Urshifu|Surging Strikes|p2a: Ditto\n|-resisted|p2a: Ditto\n|-crit|p2a: Ditto\n|-damage|p2a: Ditto|75\/100\n|-resisted|p2a: Ditto\n|-crit|p2a: Ditto\n|-damage|p2a: Ditto|49\/100\n|-resisted|p2a: Ditto\n|-crit|p2a: Ditto\n|-damage|p2a: Ditto|22\/100\n|-hitcount|p2a: Ditto|3\n|\n|-weather|none\n|upkeep\n|turn|9\n|\n|t:|1603446992\n|switch|p1a: Pelipper|Pelipper, M|78\/100\n|-weather|RainDance|[from] ability: Drizzle|[of] p1a: Pelipper\n|move|p2a: Ditto|Surging Strikes|p1a: Pelipper\n|-resisted|p1a: Pelipper\n|-crit|p1a: Pelipper\n|-damage|p1a: Pelipper|67\/100\n|-resisted|p1a: Pelipper\n|-crit|p1a: Pelipper\n|-damage|p1a: Pelipper|56\/100\n|-resisted|p1a: Pelipper\n|-crit|p1a: Pelipper\n|-damage|p1a: Pelipper|44\/100\n|-hitcount|p1a: Pelipper|3\n|\n|-weather|RainDance|[upkeep]\n|upkeep\n|turn|10\n|\n|t:|1603446997\n|switch|p2a: Blaziken|Blaziken, M|100\/100\n|switch|p1a: Ferrothorn|Ferrothorn, F|100\/100\n|\n|-weather|RainDance|[upkeep]\n|upkeep\n|turn|11\n|\n|t:|1603447003\n|switch|p1a: Kingdra|Kingdra, M|100\/100\n|move|p2a: Blaziken|Swords Dance|p2a: Blaziken\n|-boost|p2a: Blaziken|atk|2\n|\n|-weather|RainDance|[upkeep]\n|-ability|p2a: Blaziken|Speed Boost|boost\n|-boost|p2a: Blaziken|spe|1\n|upkeep\n|turn|12\n|c|\u2606skeb|gg\n|\n|t:|1603447010\n|move|p1a: Kingdra|Surf|p2a: Blaziken\n|-supereffective|p2a: Blaziken\n|-damage|p2a: Blaziken|0 fnt\n|faint|p2a: Blaziken\n|\n|-weather|RainDance|[upkeep]\n|upkeep\n|\n|t:|1603447012\n|switch|p2a: Ditto|Ditto|22\/100\n|-transform|p2a: Ditto|p1a: Kingdra|[from] ability: Imposter\n|turn|13\n|\n|t:|1603447018\n|switch|p1a: Blissey|Blissey, F|100\/100\n|move|p2a: Ditto|Draco Meteor|p1a: Blissey\n|-damage|p1a: Blissey|79\/100\n|-unboost|p2a: Ditto|spa|2\n|\n|-weather|RainDance|[upkeep]\n|upkeep\n|turn|14\n|j| yiyue\n|\n|t:|1603447021\n|switch|p2a: Zygarde|Zygarde|100\/100\n|-ability|p2a: Zygarde|Aura Break\n|move|p1a: Blissey|Teleport|p1a: Blissey\n|\n|t:|1603447023\n|switch|p1a: Urshifu|Urshifu-Rapid-Strike, F|58\/100|[from]move: Teleport\n|\n|-weather|RainDance|[upkeep]\n|upkeep\n|turn|15\n|\n|t:|1603447026\n|move|p2a: Zygarde|Extreme Speed|p1a: Urshifu\n|-damage|p1a: Urshifu|32\/100\n|move|p1a: Urshifu|Surging Strikes|p2a: Zygarde\n|-crit|p2a: Zygarde\n|-damage|p2a: Zygarde|66\/100\n|-crit|p2a: Zygarde\n|-damage|p2a: Zygarde|29\/100\n|-crit|p2a: Zygarde\n|-damage|p2a: Zygarde|0 fnt\n|-hitcount|p2a: Zygarde|3\n|faint|p2a: Zygarde\n|\n|-weather|RainDance|[upkeep]\n|upkeep\n|\n|t:|1603447030\n|switch|p2a: Ditto|Ditto|22\/100\n|-transform|p2a: Ditto|p1a: Urshifu|[from] ability: Imposter\n|turn|16\n|\n|t:|1603447036\n|move|p2a: Ditto|Close Combat|p1a: Urshifu\n|-damage|p1a: Urshifu|0 fnt\n|-unboost|p2a: Ditto|def|1\n|-unboost|p2a: Ditto|spd|1\n|faint|p1a: Urshifu\n|\n|-weather|none\n|upkeep\n|\n|t:|1603447040\n|switch|p1a: Pelipper|Pelipper, M|44\/100\n|-weather|RainDance|[from] ability: Drizzle|[of] p1a: Pelipper\n|turn|17\n|j| stupid nooby\n|\n|t:|1603447043\n|move|p2a: Ditto|Close Combat|p1a: Pelipper\n|-resisted|p1a: Pelipper\n|-damage|p1a: Pelipper|18\/100\n|-unboost|p2a: Ditto|def|1\n|-unboost|p2a: Ditto|spd|1\n|move|p1a: Pelipper|Scald|p2a: Ditto\n|-resisted|p2a: Ditto\n|-damage|p2a: Ditto|0 fnt\n|faint|p2a: Ditto\n|\n|-weather|RainDance|[upkeep]\n|upkeep\n|j| Metallica127\n|j| doritopig\n|\n|t:|1603447046\n|switch|p2a: Victini|Victini|100\/100\n|turn|18\n|\n|t:|1603447048\n|move|p2a: Victini|Bolt Strike|p1a: Pelipper\n|-supereffective|p1a: Pelipper\n|-damage|p1a: Pelipper|0 fnt\n|faint|p1a: Pelipper\n|\n|-weather|RainDance|[upkeep]\n|upkeep\n|\n|t:|1603447052\n|switch|p1a: Regieleki|Regieleki|100\/100\n|turn|19\n|j| pichol\n|\n|t:|1603447055\n|move|p1a: Regieleki|Thunder|p2a: Victini\n|-crit|p2a: Victini\n|-damage|p2a: Victini|0 fnt\n|faint|p2a: Victini\n|\n|win|Commando 55\n|c|\u2606Commando 55|Gg\n|l|\u2606skeb\n|raw|Commando 55's rating: 1840 &rarr; <strong>1855<\/strong><br \/>(+15 for winning)\n|raw|skeb's rating: 1740 &rarr; <strong>1726<\/strong><br \/>(-14 for losing)\n|l| starmind\n|l|\u2606Commando 55\n|n| kjhasjh|kazukabegroup\n|l| yiyue\n","uploadtime":1603447104,"views":85,"p1id":"commando55","p2id":"skeb","formatid":"gen8ou","rating":1726,"private":0,"password":null}