{"id":"gen8ou-1671360362","p1":"Ban Stall Pokemon","p2":"12rrrr12","format":"gen8ou","log":"|j|\u2606Ban Stall Pokemon\n|j|\u260612rrrr12\n|t:|1663931593\n|gametype|singles\n|player|p1|Ban Stall Pokemon|steven|1390\n|player|p2|12rrrr12|2|1352\n|teamsize|p1|6\n|teamsize|p2|6\n|gen|8\n|tier|[Gen 8] OU\n|rated|\n|rule|Sleep Clause Mod: Limit one foe put to sleep\n|rule|Species Clause: Limit one of each Pok\u00e9mon\n|rule|OHKO Clause: OHKO moves are banned\n|rule|Evasion Items Clause: Evasion items are banned\n|rule|Evasion Moves Clause: Evasion moves are banned\n|rule|Endless Battle Clause: Forcing endless battles is banned\n|rule|HP Percentage Mod: HP is shown in percentages\n|rule|Dynamax Clause: You cannot dynamax\n|clearpoke\n|poke|p1|Chandelure, M|\n|poke|p1|Melmetal|\n|poke|p1|Urshifu-*, F|\n|poke|p1|Rillaboom, F|\n|poke|p1|Volcarona, M|\n|poke|p1|Zapdos|\n|poke|p2|Magnezone|\n|poke|p2|Tapu Lele|\n|poke|p2|Tapu Fini|\n|poke|p2|Kartana|\n|poke|p2|Hawlucha, F|\n|poke|p2|Landorus-Therian, M|\n|teampreview\n|\n|t:|1663931620\n|start\n|switch|p1a: Chandelure|Chandelure, M|100\/100\n|switch|p2a: Landorus|Landorus-Therian, M|100\/100\n|-ability|p2a: Landorus|Intimidate|boost\n|-unboost|p1a: Chandelure|atk|1\n|turn|1\n|\n|t:|1663931670\n|move|p1a: Chandelure|Fire Blast|p2a: Landorus\n|-damage|p2a: Landorus|54\/100\n|move|p2a: Landorus|Earthquake|p1a: Chandelure\n|-supereffective|p1a: Chandelure\n|-enditem|p1a: Chandelure|Focus Sash\n|-damage|p1a: Chandelure|1\/100\n|\n|-heal|p2a: Landorus|60\/100|[from] item: Leftovers\n|upkeep\n|turn|2\n|\n|t:|1663931681\n|switch|p2a: Tapu Fini|Tapu Fini|100\/100\n|-fieldstart|move: Misty Terrain|[from] ability: Misty Surge|[of] p2a: Tapu Fini\n|move|p1a: Chandelure|Shadow Ball|p2a: Tapu Fini\n|-damage|p2a: Tapu Fini|55\/100\n|\n|upkeep\n|turn|3\n|\n|t:|1663931688\n|move|p2a: Tapu Fini|Surf|p1a: Chandelure\n|-supereffective|p1a: Chandelure\n|-damage|p1a: Chandelure|0 fnt\n|faint|p1a: Chandelure\n|\n|upkeep\n|\n|t:|1663931691\n|switch|p1a: Rillaboom|Rillaboom, F|100\/100\n|-fieldstart|move: Grassy Terrain|[from] ability: Grassy Surge|[of] p1a: Rillaboom\n|turn|4\n|\n|t:|1663931696\n|switch|p2a: Magnezone|Magnezone|100\/100\n|move|p1a: Rillaboom|U-turn|p2a: Magnezone\n|-resisted|p2a: Magnezone\n|-crit|p2a: Magnezone\n|-damage|p2a: Magnezone|84\/100\n|-damage|p1a: Rillaboom|84\/100|[from] item: Rocky Helmet|[of] p2a: Magnezone\n|-damage|p1a: Rillaboom|74\/100|[from] item: Life Orb\n|\n|t:|1663931702\n|switch|p1a: Volcarona|Volcarona, M|100\/100|[from]move: U-turn\n|\n|-heal|p2a: Magnezone|90\/100|[from] Grassy Terrain\n|upkeep\n|turn|5\n|\n|t:|1663931715\n|switch|p2a: Tapu Fini|Tapu Fini|55\/100\n|-fieldstart|move: Misty Terrain|[from] ability: Misty Surge|[of] p2a: Tapu Fini\n|move|p1a: Volcarona|Quiver Dance|p1a: Volcarona\n|-boost|p1a: Volcarona|spa|1\n|-boost|p1a: Volcarona|spd|1\n|-boost|p1a: Volcarona|spe|1\n|\n|upkeep\n|turn|6\n|\n|t:|1663931735\n|move|p2a: Tapu Fini|Trick|p1a: Volcarona\n|-activate|p2a: Tapu Fini|move: Trick|[of] p1a: Volcarona\n|-item|p1a: Volcarona|Choice Scarf|[from] move: Trick\n|-item|p2a: Tapu Fini|Heavy-Duty Boots|[from] move: Trick\n|move|p1a: Volcarona|Quiver Dance|p1a: Volcarona\n|-boost|p1a: Volcarona|spa|1\n|-boost|p1a: Volcarona|spd|1\n|-boost|p1a: Volcarona|spe|1\n|\n|upkeep\n|turn|7\n|\n|t:|1663931740\n|switch|p1a: Rillaboom|Rillaboom, F|74\/100\n|-fieldstart|move: Grassy Terrain|[from] ability: Grassy Surge|[of] p1a: Rillaboom\n|move|p2a: Tapu Fini|Surf|p1a: Rillaboom\n|-resisted|p1a: Rillaboom\n|-damage|p1a: Rillaboom|47\/100\n|\n|-heal|p1a: Rillaboom|53\/100|[from] Grassy Terrain\n|-heal|p2a: Tapu Fini|61\/100|[from] Grassy Terrain\n|upkeep\n|turn|8\n|\n|t:|1663931747\n|move|p2a: Tapu Fini|Moonblast|p1a: Rillaboom\n|-damage|p1a: Rillaboom|0 fnt\n|faint|p1a: Rillaboom\n|\n|-heal|p2a: Tapu Fini|67\/100|[from] Grassy Terrain\n|upkeep\n|c|\u2606Ban Stall Pokemon|of course you win the speed tie\n|inactive|Battle timer is ON: inactive players will automatically lose when time's up. (requested by 12rrrr12)\n|\n|t:|1663931783\n|switch|p1a: Melmetal|Melmetal|100\/100\n|turn|9\n|\n|t:|1663931793\n|switch|p2a: Magnezone|Magnezone|90\/100\n|move|p1a: Melmetal|Thunder Punch|p2a: Magnezone\n|-resisted|p2a: Magnezone\n|-damage|p2a: Magnezone|76\/100\n|-damage|p1a: Melmetal|84\/100|[from] item: Rocky Helmet|[of] p2a: Magnezone\n|\n|-heal|p2a: Magnezone|82\/100|[from] Grassy Terrain\n|-heal|p1a: Melmetal|90\/100|[from] Grassy Terrain\n|upkeep\n|turn|10\n|\n|t:|1663931804\n|move|p2a: Magnezone|Body Press|p1a: Melmetal\n|-supereffective|p1a: Melmetal\n|-damage|p1a: Melmetal|58\/100\n|move|p1a: Melmetal|Superpower|p2a: Magnezone\n|-supereffective|p2a: Magnezone\n|-damage|p2a: Magnezone|17\/100\n|-unboost|p1a: Melmetal|atk|1\n|-unboost|p1a: Melmetal|def|1\n|-damage|p1a: Melmetal|41\/100|[from] item: Rocky Helmet|[of] p2a: Magnezone\n|\n|-heal|p2a: Magnezone|23\/100|[from] Grassy Terrain\n|-heal|p1a: Melmetal|47\/100|[from] Grassy Terrain\n|upkeep\n|turn|11\n|\n|t:|1663931821\n|move|p2a: Magnezone|Body Press|p1a: Melmetal\n|-supereffective|p1a: Melmetal\n|-damage|p1a: Melmetal|5\/100\n|move|p1a: Melmetal|Double Iron Bash|p2a: Magnezone\n|-resisted|p2a: Magnezone\n|-damage|p2a: Magnezone|17\/100\n|-damage|p1a: Melmetal|0 fnt|[from] item: Rocky Helmet|[of] p2a: Magnezone\n|faint|p1a: Melmetal\n|-hitcount|p2a: Magnezone|1\n|\n|-heal|p2a: Magnezone|23\/100|[from] Grassy Terrain\n|-fieldend|move: Grassy Terrain\n|upkeep\n|\n|t:|1663931826\n|switch|p1a: Volcarona|Volcarona, M|100\/100\n|turn|12\n|\n|t:|1663931840\n|move|p1a: Volcarona|Giga Drain|p2a: Magnezone\n|-resisted|p2a: Magnezone\n|-damage|p2a: Magnezone|10\/100\n|move|p2a: Magnezone|Toxic|p1a: Volcarona\n|-status|p1a: Volcarona|tox\n|\n|-damage|p1a: Volcarona|94\/100 tox|[from] psn\n|upkeep\n|turn|13\n|inactive|Ban Stall Pokemon has 120 seconds left.\n|inactive|Ban Stall Pokemon has 90 seconds left.\n|c|\u2606Ban Stall Pokemon|WHYYYYYYY? You have 130 spA, a good type, coverage options and still you play TOXIC\n|\n|t:|1663931923\n|switch|p2a: Landorus|Landorus-Therian, M|60\/100\n|-ability|p2a: Landorus|Intimidate|boost\n|-unboost|p1a: Volcarona|atk|1\n|move|p1a: Volcarona|Giga Drain|p2a: Landorus\n|-damage|p2a: Landorus|43\/100\n|-heal|p1a: Volcarona|100\/100 tox|[from] drain|[of] p2a: Landorus\n|\n|-heal|p2a: Landorus|49\/100|[from] item: Leftovers\n|-damage|p1a: Volcarona|88\/100 tox|[from] psn\n|upkeep\n|turn|14\n|inactive|12rrrr12 has 120 seconds left.\n|c|\u260612rrrr12|ground types\n|c|\u2606Ban Stall Pokemon|Just switch...\n|\n|t:|1663931967\n|move|p1a: Volcarona|Giga Drain|p2a: Landorus\n|-damage|p2a: Landorus|30\/100\n|-heal|p1a: Volcarona|98\/100 tox|[from] drain|[of] p2a: Landorus\n|move|p2a: Landorus|Stealth Rock|p1a: Volcarona\n|-sidestart|p1: Ban Stall Pokemon|move: Stealth Rock\n|\n|-heal|p2a: Landorus|36\/100|[from] item: Leftovers\n|-damage|p1a: Volcarona|80\/100 tox|[from] psn\n|upkeep\n|turn|15\n|\n|t:|1663931975\n|move|p1a: Volcarona|Giga Drain|p2a: Landorus\n|-damage|p2a: Landorus|18\/100\n|-heal|p1a: Volcarona|89\/100 tox|[from] drain|[of] p2a: Landorus\n|move|p2a: Landorus|Earthquake|p1a: Volcarona\n|-damage|p1a: Volcarona|35\/100 tox\n|\n|-heal|p2a: Landorus|24\/100|[from] item: Leftovers\n|-damage|p1a: Volcarona|10\/100 tox|[from] psn\n|upkeep\n|turn|16\n|inactive|Ban Stall Pokemon has 90 seconds left.\n|\n|t:|1663931982\n|move|p1a: Volcarona|Giga Drain|p2a: Landorus\n|-damage|p2a: Landorus|7\/100\n|-heal|p1a: Volcarona|18\/100 tox|[from] drain|[of] p2a: Landorus\n|move|p2a: Landorus|Earthquake|p1a: Volcarona\n|-damage|p1a: Volcarona|0 fnt\n|faint|p1a: Volcarona\n|\n|-heal|p2a: Landorus|13\/100|[from] item: Leftovers\n|upkeep\n|inactive|Ban Stall Pokemon has 90 seconds left.\n|\n|t:|1663931995\n|switch|p1a: Urshifu|Urshifu-Rapid-Strike, F|100\/100\n|-damage|p1a: Urshifu|94\/100|[from] Stealth Rock\n|turn|17\n|\n|t:|1663931998\n|move|p1a: Urshifu|Surging Strikes|p2a: Landorus\n|-supereffective|p2a: Landorus\n|-crit|p2a: Landorus\n|-damage|p2a: Landorus|0 fnt\n|faint|p2a: Landorus\n|-hitcount|p2: Landorus|1\n|\n|upkeep\n|\n|t:|1663932003\n|switch|p2a: Tapu Lele|Tapu Lele|100\/100\n|-fieldstart|move: Psychic Terrain|[from] ability: Psychic Surge|[of] p2a: Tapu Lele\n|turn|18\n|\n|t:|1663932008\n|move|p1a: Urshifu|U-turn|p2a: Tapu Lele\n|-damage|p2a: Tapu Lele|64\/100\n|\n|t:|1663932011\n|switch|p1a: Zapdos|Zapdos|100\/100|[from]move: U-turn\n|move|p2a: Tapu Lele|Psychic|p1a: Zapdos\n|-damage|p1a: Zapdos|35\/100\n|-unboost|p1a: Zapdos|spd|1\n|\n|upkeep\n|turn|19\n|\n|t:|1663932014\n|move|p2a: Tapu Lele|Psychic|p1a: Zapdos\n|-damage|p1a: Zapdos|0 fnt\n|faint|p1a: Zapdos\n|\n|upkeep\n|\n|t:|1663932018\n|switch|p1a: Urshifu|Urshifu-Rapid-Strike, F|94\/100\n|-damage|p1a: Urshifu|88\/100|[from] Stealth Rock\n|turn|20\n|\n|t:|1663932021\n|switch|p2a: Magnezone|Magnezone|10\/100\n|move|p1a: Urshifu|Surging Strikes|p2a: Magnezone\n|-crit|p2a: Magnezone\n|-damage|p2a: Magnezone|0 fnt\n|faint|p2a: Magnezone\n|-hitcount|p2: Magnezone|1\n|\n|upkeep\n|\n|t:|1663932027\n|switch|p2a: Tapu Fini|Tapu Fini|67\/100\n|-fieldstart|move: Misty Terrain|[from] ability: Misty Surge|[of] p2a: Tapu Fini\n|turn|21\n|c|\u260612rrrr12|gg wp\n|inactive|Ban Stall Pokemon has 120 seconds left.\n|inactive|Ban Stall Pokemon has 90 seconds left.\n|c|\u2606Ban Stall Pokemon|No, you used stall items and landorus. Both should be banned\n|\n|t:|1663932099\n|move|p1a: Urshifu|Surging Strikes|p2a: Tapu Fini\n|-resisted|p2a: Tapu Fini\n|-crit|p2a: Tapu Fini\n|-damage|p2a: Tapu Fini|57\/100\n|-resisted|p2a: Tapu Fini\n|-crit|p2a: Tapu Fini\n|-damage|p2a: Tapu Fini|46\/100\n|-resisted|p2a: Tapu Fini\n|-crit|p2a: Tapu Fini\n|-damage|p2a: Tapu Fini|35\/100\n|-hitcount|p2a: Tapu Fini|3\n|move|p2a: Tapu Fini|Moonblast|p1a: Urshifu\n|-supereffective|p1a: Urshifu\n|-damage|p1a: Urshifu|0 fnt\n|faint|p1a: Urshifu\n|\n|win|12rrrr12\n|raw|Ban Stall Pokemon's rating: 1390 &rarr; <strong>1368<\/strong><br \/>(-22 for losing)\n|raw|12rrrr12's rating: 1352 &rarr; <strong>1374<\/strong><br \/>(+22 for winning)\n|c|\u260612rrrr12|bruh\n|c|\u260612rrrr12|what i thought\n|c|\u260612rrrr12|you can do better\n||Ladder isn't responding, score probably updated but might not have (Request timeout).\n","uploadtime":1663932153,"views":20,"p1id":"banstallpokemon","p2id":"12rrrr12","formatid":"gen8ou","rating":1368,"private":0,"password":null}