{"id":"gen8anythinggoes-1672364560","p1":"thedreadedtigerxx","p2":"MurderousMantyke","format":"gen8anythinggoes","log":"|j|\u2606thedreadedtigerxx\n|j|\u2606MurderousMantyke\n|t:|1664364119\n|gametype|singles\n|player|p1|thedreadedtigerxx|ghetsis-gen5bw|\n|player|p2|MurderousMantyke|#helpstaffxmas|\n|teamsize|p1|6\n|teamsize|p2|6\n|gen|8\n|tier|[Gen 8] Anything Goes\n|rule|HP Percentage Mod: HP is shown in percentages\n|rule|Endless Battle Clause: Forcing endless battles is banned\n|clearpoke\n|poke|p1|Excadrill, M|\n|poke|p1|Kyogre|\n|poke|p1|Necrozma-Dusk-Mane|\n|poke|p1|Yveltal|\n|poke|p1|Darmanitan-Galar, M|\n|poke|p1|Calyrex-Shadow|\n|poke|p2|Yveltal|\n|poke|p2|Necrozma-Dusk-Mane|\n|poke|p2|Eternatus|\n|poke|p2|Xerneas-*|\n|poke|p2|Calyrex-Shadow|\n|poke|p2|Groudon|\n|teampreview\n|inactive|Battle timer is ON: inactive players will automatically lose when time's up. (requested by MurderousMantyke)\n|c|\u2606MurderousMantyke|hf\n|c|\u2606thedreadedtigerxx|last but probably least\n|c|\u2606thedreadedtigerxx|the worst ho team in existence (by me)\n|\n|t:|1664364135\n|start\n|switch|p1a: Excadrill|Excadrill, M|100\/100\n|switch|p2a: Calyrex|Calyrex-Shadow|100\/100\n|-ability|p2a: Calyrex|As One\n|-ability|p2a: Calyrex|Unnerve\n|-ability|p1a: Excadrill|Mold Breaker\n|turn|1\n|\n|t:|1664364141\n|move|p2a: Calyrex|Astral Barrage|p1a: Excadrill\n|-enditem|p1a: Excadrill|Focus Sash\n|-damage|p1a: Excadrill|1\/100\n|move|p1a: Excadrill|Stealth Rock|p2a: Calyrex\n|-sidestart|p2: MurderousMantyke|move: Stealth Rock\n|\n|upkeep\n|turn|2\n|\n|t:|1664364146\n|move|p2a: Calyrex|Astral Barrage|p1a: Excadrill\n|-damage|p1a: Excadrill|0 fnt\n|faint|p1a: Excadrill\n|-ability|p2a: Calyrex|Grim Neigh|boost\n|-boost|p2a: Calyrex|spa|1\n|\n|upkeep\n|\n|t:|1664364150\n|switch|p1a: Yveltal|Yveltal|100\/100\n|-ability|p1a: Yveltal|Dark Aura\n|turn|3\n|\n|t:|1664364179\n|switch|p2a: Eternatus|Eternatus|100\/100\n|-damage|p2a: Eternatus|88\/100|[from] Stealth Rock\n|-ability|p2a: Eternatus|Pressure\n|move|p1a: Yveltal|Knock Off|p2a: Eternatus\n|-damage|p2a: Eternatus|10\/100\n|-enditem|p2a: Eternatus|Expert Belt|[from] move: Knock Off|[of] p1a: Yveltal\n|-damage|p1a: Yveltal|91\/100|[from] item: Life Orb\n|\n|upkeep\n|turn|4\n|c|\u2606thedreadedtigerxx|i might not beat u with this team, but at least im winning the tour w it\n|c|\u2606thedreadedtigerxx|i mean im not winning but im in top 8 which means i can qualify\n|\n|t:|1664364204\n|move|p1a: Yveltal|Sucker Punch||[still]\n|-fail|p1a: Yveltal\n|move|p2a: Eternatus|Recover|p2a: Eternatus\n|-heal|p2a: Eternatus|61\/100\n|\n|upkeep\n|turn|5\n|c|\u2606thedreadedtigerxx|idk why i suckered that was so dumb\n|\n|t:|1664364219\n|switch|p1a: Necrozma|Necrozma-Dusk-Mane|100\/100\n|move|p2a: Eternatus|Draco Meteor|p1a: Necrozma\n|-resisted|p1a: Necrozma\n|-damage|p1a: Necrozma|66\/100\n|-unboost|p2a: Eternatus|spa|2\n|\n|upkeep\n|turn|6\n|\n|t:|1664364228\n|switch|p2a: Yveltal|Yveltal|100\/100\n|-ability|p2a: Yveltal|Dark Aura\n|move|p1a: Necrozma|Dragon Dance|p1a: Necrozma\n|-boost|p1a: Necrozma|atk|1\n|-boost|p1a: Necrozma|spe|1\n|\n|upkeep\n|turn|7\n|\n|t:|1664364231\n|-start|p1a: Necrozma|Dynamax|\n|-heal|p1a: Necrozma|66\/100|[silent]\n|move|p1a: Necrozma|Max Steelspike|p2a: Yveltal\n|-damage|p2a: Yveltal|0 fnt\n|-boost|p1a: Necrozma|def|1\n|faint|p2a: Yveltal\n|-damage|p1a: Necrozma|62\/100|[from] item: Life Orb\n|\n|upkeep\n|\n|t:|1664364256\n|switch|p2a: Groudon|Groudon|100\/100\n|-damage|p2a: Groudon|94\/100|[from] Stealth Rock\n|-weather|SunnyDay|[from] ability: Drought|[of] p2a: Groudon\n|turn|8\n|\n|t:|1664364258\n|-start|p2a: Groudon|Dynamax|\n|-heal|p2a: Groudon|94\/100|[silent]\n|move|p1a: Necrozma|Max Steelspike|p2a: Groudon\n|-damage|p2a: Groudon|46\/100\n|-boost|p1a: Necrozma|def|1\n|-damage|p1a: Necrozma|57\/100|[from] item: Life Orb\n|move|p2a: Groudon|Max Quake|p1a: Necrozma\n|-supereffective|p1a: Necrozma\n|-crit|p1a: Necrozma\n|-damage|p1a: Necrozma|0 fnt\n|-boost|p2a: Groudon|spd|1\n|faint|p1a: Necrozma\n|\n|-weather|SunnyDay|[upkeep]\n|-heal|p2a: Groudon|49\/100|[from] item: Leftovers\n|upkeep\n|c|\u2606MurderousMantyke|o\n|c|\u2606MurderousMantyke|mb\n|c|\u2606thedreadedtigerxx|nw\n|\n|t:|1664364265\n|switch|p1a: Kyogre|Kyogre|100\/100\n|-weather|RainDance|[from] ability: Drizzle|[of] p1a: Kyogre\n|turn|9\n|\n|t:|1664364267\n|move|p1a: Kyogre|Water Spout|p2a: Groudon\n|-supereffective|p2a: Groudon\n|-damage|p2a: Groudon|0 fnt\n|faint|p2a: Groudon\n|\n|-weather|RainDance|[upkeep]\n|upkeep\n|\n|t:|1664364273\n|switch|p2a: Eternatus|Eternatus|61\/100\n|-damage|p2a: Eternatus|48\/100|[from] Stealth Rock\n|-ability|p2a: Eternatus|Pressure\n|turn|10\n|\n|t:|1664364275\n|move|p1a: Kyogre|Water Spout|p2a: Eternatus\n|-resisted|p2a: Eternatus\n|-crit|p2a: Eternatus\n|-damage|p2a: Eternatus|0 fnt\n|faint|p2a: Eternatus\n|\n|-weather|RainDance|[upkeep]\n|upkeep\n|c|\u2606MurderousMantyke|touche\n|c|\u2606thedreadedtigerxx|did that matter?\n|\n|t:|1664364281\n|switch|p2a: Calyrex|Calyrex-Shadow|100\/100\n|-ability|p2a: Calyrex|As One\n|-ability|p2a: Calyrex|Unnerve\n|-damage|p2a: Calyrex|88\/100|[from] Stealth Rock\n|turn|11\n|c|\u2606thedreadedtigerxx|if it did, sorry\n|c|\u2606MurderousMantyke|narrowly i think so\n|c|\u2606MurderousMantyke|but hard to say\n|c|\u2606MurderousMantyke|since im more offensive\n|\n|t:|1664364293\n|switch|p1a: Yveltal|Yveltal|91\/100\n|-ability|p1a: Yveltal|Dark Aura\n|move|p2a: Calyrex|Astral Barrage|p1a: Yveltal\n|-resisted|p1a: Yveltal\n|-damage|p1a: Yveltal|58\/100\n|\n|-weather|RainDance|[upkeep]\n|upkeep\n|turn|12\n|\n|t:|1664364296\n|switch|p2a: Necrozma|Necrozma-Dusk-Mane|100\/100\n|-damage|p2a: Necrozma|94\/100|[from] Stealth Rock\n|move|p1a: Yveltal|Knock Off|p2a: Necrozma\n|-supereffective|p2a: Necrozma\n|-damage|p2a: Necrozma|17\/100\n|-damage|p1a: Yveltal|41\/100|[from] item: Rocky Helmet|[of] p2a: Necrozma\n|-enditem|p2a: Necrozma|Rocky Helmet|[from] move: Knock Off|[of] p1a: Yveltal\n|-damage|p1a: Yveltal|31\/100|[from] item: Life Orb\n|\n|-weather|RainDance|[upkeep]\n|upkeep\n|turn|13\n|\n|t:|1664364301\n|move|p1a: Yveltal|Knock Off|p2a: Necrozma\n|-supereffective|p2a: Necrozma\n|-damage|p2a: Necrozma|0 fnt\n|faint|p2a: Necrozma\n|-damage|p1a: Yveltal|21\/100|[from] item: Life Orb\n|\n|-weather|none\n|upkeep\n|\n|t:|1664364304\n|switch|p2a: Xerneas|Xerneas|100\/100\n|-damage|p2a: Xerneas|88\/100|[from] Stealth Rock\n|-ability|p2a: Xerneas|Fairy Aura\n|turn|14\n|\n|t:|1664364306\n|move|p1a: Yveltal|Knock Off|p2a: Xerneas\n|-resisted|p2a: Xerneas\n|-damage|p2a: Xerneas|53\/100\n|-enditem|p2a: Xerneas|Power Herb|[from] move: Knock Off|[of] p1a: Yveltal\n|-damage|p1a: Yveltal|11\/100|[from] item: Life Orb\n|move|p2a: Xerneas|Moonblast|p1a: Yveltal\n|-supereffective|p1a: Yveltal\n|-damage|p1a: Yveltal|0 fnt\n|faint|p1a: Yveltal\n|\n|upkeep\n|\n|t:|1664364310\n|switch|p1a: Kyogre|Kyogre|100\/100\n|-weather|RainDance|[from] ability: Drizzle|[of] p1a: Kyogre\n|turn|15\n|c|\u2606thedreadedtigerxx|omfg has the worst ho team ever won\n|\n|t:|1664364320\n|move|p1a: Kyogre|Water Spout|p2a: Xerneas\n|-damage|p2a: Xerneas|0 fnt\n|faint|p2a: Xerneas\n|\n|-weather|RainDance|[upkeep]\n|upkeep\n|c|\u2606thedreadedtigerxx|against the goat mm\n|\n|t:|1664364322\n|switch|p2a: Calyrex|Calyrex-Shadow|88\/100\n|-ability|p2a: Calyrex|As One\n|-ability|p2a: Calyrex|Unnerve\n|-damage|p2a: Calyrex|76\/100|[from] Stealth Rock\n|turn|16\n|\n|t:|1664364325\n|move|p2a: Calyrex|Astral Barrage|p1a: Kyogre\n|-damage|p1a: Kyogre|42\/100\n|move|p1a: Kyogre|Water Spout|p2a: Calyrex\n|-damage|p2a: Calyrex|20\/100\n|\n|-weather|RainDance|[upkeep]\n|upkeep\n|turn|17\n|c|\u2606MurderousMantyke|xd\n|c|\u2606thedreadedtigerxx|yee it has :D\n|\n|t:|1664364332\n|move|p2a: Calyrex|Astral Barrage|p1a: Kyogre\n|-damage|p1a: Kyogre|0 fnt\n|faint|p1a: Kyogre\n|-ability|p2a: Calyrex|Grim Neigh|boost\n|-boost|p2a: Calyrex|spa|1\n|\n|-weather|RainDance|[upkeep]\n|upkeep\n|\n|t:|1664364334\n|switch|p1a: Calyrex|Calyrex-Shadow|100\/100\n|-ability|p1a: Calyrex|As One\n|-ability|p1a: Calyrex|Unnerve\n|turn|18\n|c|\u2606MurderousMantyke|sash caly\n|c|\u2606thedreadedtigerxx|ye\n|c|\u2606MurderousMantyke|im assuming\n|\n|t:|1664364340\n|move|p2a: Calyrex|Astral Barrage|p1a: Calyrex\n|-supereffective|p1a: Calyrex\n|-enditem|p1a: Calyrex|Focus Sash\n|-damage|p1a: Calyrex|1\/100\n|move|p1a: Calyrex|Astral Barrage|p2a: Calyrex\n|-supereffective|p2a: Calyrex\n|-damage|p2a: Calyrex|0 fnt\n|faint|p2a: Calyrex\n|\n|win|thedreadedtigerxx\n|c|\u2606MurderousMantyke|gg wp fam\n|c|\u2606thedreadedtigerxx|gg sorry bout crit\n|c|\u2606thedreadedtigerxx|if it mattered\n|c|\u2606MurderousMantyke|doubt it\n|c|\u2606MurderousMantyke|besides i crit ndm\n|c|\u2606thedreadedtigerxx|ye\n|l|\u2606MurderousMantyke\n|l|\u2606thedreadedtigerxx\n|j|\u2606thedreadedtigerxx\n|player|p1|thedreadedtigerxx|ghetsis-gen5bw\n","uploadtime":1664364522,"views":13,"p1id":"thedreadedtigerxx","p2id":"murderousmantyke","formatid":"gen8anythinggoes","rating":0,"private":0,"password":null}