{"id":"gen8ou-1668084437","p1":"arnavgupta","p2":"broked on bricks","format":"gen8ou","log":"|j|\u2606arnavgupta\n|j|\u2606broked on bricks\n|t:|1663596915\n|gametype|singles\n|player|p1|arnavgupta|drayden|1773\n|player|p2|broked on bricks|lance-masters|1728\n|teamsize|p1|6\n|teamsize|p2|6\n|gen|8\n|tier|[Gen 8] OU\n|rated|\n|rule|Sleep Clause Mod: Limit one foe put to sleep\n|rule|Species Clause: Limit one of each Pok\u00e9mon\n|rule|OHKO Clause: OHKO moves are banned\n|rule|Evasion Items Clause: Evasion items are banned\n|rule|Evasion Moves Clause: Evasion moves are banned\n|rule|Endless Battle Clause: Forcing endless battles is banned\n|rule|HP Percentage Mod: HP is shown in percentages\n|rule|Dynamax Clause: You cannot dynamax\n|clearpoke\n|poke|p1|Rillaboom, F|\n|poke|p1|Blaziken, M|\n|poke|p1|Zapdos|\n|poke|p1|Heatran, M|\n|poke|p1|Clefable, M|\n|poke|p1|Gastrodon, M|\n|poke|p2|Pelipper, M|\n|poke|p2|Keldeo-Resolute|\n|poke|p2|Dragapult, M|\n|poke|p2|Tapu Lele|\n|poke|p2|Melmetal|\n|poke|p2|Landorus-Therian, M|\n|teampreview\n|c|\u2606broked on bricks|glhf\n|\n|t:|1663596932\n|start\n|switch|p1a: Zapdos|Zapdos, shiny|100\/100\n|switch|p2a: PENTADACTYL LIMB|Pelipper, M|100\/100\n|-weather|RainDance|[from] ability: Drizzle|[of] p2a: PENTADACTYL LIMB\n|turn|1\n|j| RazorForce21\n|\n|t:|1663596936\n|switch|p2a: SWAG LIKE OHIO|Landorus-Therian, M|100\/100\n|-ability|p2a: SWAG LIKE OHIO|Intimidate|boost\n|-unboost|p1a: Zapdos|atk|1\n|move|p1a: Zapdos|Hurricane|p2a: SWAG LIKE OHIO\n|-damage|p2a: SWAG LIKE OHIO|60\/100\n|-enditem|p2a: SWAG LIKE OHIO|Eject Button\n|\n|t:|1663596939\n|switch|p2a: OC Horse|Keldeo-Resolute|100\/100\n|\n|-weather|RainDance|[upkeep]\n|upkeep\n|turn|2\n|j| Alnico\n|\n|t:|1663596946\n|switch|p1a: Gastrodon|Gastrodon, M, shiny|100\/100\n|move|p2a: OC Horse|Surf|p1a: Gastrodon\n|-ability|p1a: Gastrodon|Storm Drain|boost\n|-boost|p1a: Gastrodon|spa|1\n|\n|-weather|RainDance|[upkeep]\n|upkeep\n|turn|3\n|inactive|Battle timer is ON: inactive players will automatically lose when time's up. (requested by arnavgupta)\n|c| Alnico|glhf comrade\n|c|\u2606broked on bricks|ty\n|\n|t:|1663596957\n|switch|p2a: PENTADACTYL LIMB|Pelipper, M|100\/100\n|move|p1a: Gastrodon|Scald|p2a: PENTADACTYL LIMB\n|-resisted|p2a: PENTADACTYL LIMB\n|-damage|p2a: PENTADACTYL LIMB|46\/100\n|\n|-weather|RainDance|[upkeep]\n|upkeep\n|turn|4\n|\n|t:|1663596968\n|move|p2a: PENTADACTYL LIMB|Hurricane|p1a: Gastrodon\n|-damage|p1a: Gastrodon|45\/100\n|move|p1a: Gastrodon|Scald|p2a: PENTADACTYL LIMB\n|-resisted|p2a: PENTADACTYL LIMB\n|-damage|p2a: PENTADACTYL LIMB|0 fnt\n|faint|p2a: PENTADACTYL LIMB\n|\n|-weather|RainDance|[upkeep]\n|-heal|p1a: Gastrodon|51\/100|[from] item: Leftovers\n|upkeep\n|\n|t:|1663596975\n|switch|p2a: Lele Wulong|Tapu Lele|100\/100\n|-fieldstart|move: Psychic Terrain|[from] ability: Psychic Surge|[of] p2a: Lele Wulong\n|turn|5\n|\n|t:|1663596984\n|switch|p2a: OC Horse|Keldeo-Resolute|100\/100\n|switch|p1a: Heatran|Heatran, M, shiny|100\/100\n|\n|-weather|none\n|upkeep\n|turn|6\n|\n|t:|1663596990\n|move|p2a: OC Horse|Secret Sword|p1a: Heatran\n|-supereffective|p1a: Heatran\n|-damage|p1a: Heatran|0 fnt\n|faint|p1a: Heatran\n|\n|upkeep\n|\n|t:|1663596999\n|switch|p1a: Rillaboom|Rillaboom, F, shiny|100\/100\n|-fieldstart|move: Grassy Terrain|[from] ability: Grassy Surge|[of] p1a: Rillaboom\n|turn|7\n|\n|t:|1663597001\n|switch|p2a: SWAG LIKE OHIO|Landorus-Therian, M|60\/100\n|-ability|p2a: SWAG LIKE OHIO|Intimidate|boost\n|-unboost|p1a: Rillaboom|atk|1\n|move|p1a: Rillaboom|U-turn|p2a: SWAG LIKE OHIO\n|-resisted|p2a: SWAG LIKE OHIO\n|-damage|p2a: SWAG LIKE OHIO|47\/100\n|\n|t:|1663597007\n|switch|p1a: Gastrodon|Gastrodon, M, shiny|51\/100|[from]move: U-turn\n|\n|-heal|p1a: Gastrodon|57\/100|[from] Grassy Terrain\n|-heal|p1a: Gastrodon|63\/100|[from] item: Leftovers\n|upkeep\n|turn|8\n|\n|t:|1663597013\n|switch|p2a: OC Horse|Keldeo-Resolute|100\/100\n|move|p1a: Gastrodon|Scald|p2a: OC Horse\n|-resisted|p2a: OC Horse\n|-damage|p2a: OC Horse|84\/100\n|\n|-heal|p2a: OC Horse|91\/100|[from] Grassy Terrain\n|-heal|p1a: Gastrodon|69\/100|[from] Grassy Terrain\n|-heal|p1a: Gastrodon|75\/100|[from] item: Leftovers\n|upkeep\n|turn|9\n|\n|t:|1663597022\n|move|p2a: OC Horse|Secret Sword|p1a: Gastrodon\n|-damage|p1a: Gastrodon|13\/100\n|move|p1a: Gastrodon|Toxic|p2a: OC Horse\n|-status|p2a: OC Horse|tox\n|\n|-heal|p2a: OC Horse|97\/100 tox|[from] Grassy Terrain\n|-heal|p1a: Gastrodon|19\/100|[from] Grassy Terrain\n|-heal|p1a: Gastrodon|25\/100|[from] item: Leftovers\n|-damage|p2a: OC Horse|91\/100 tox|[from] psn\n|upkeep\n|turn|10\n|\n|t:|1663597031\n|switch|p2a: Lele Wulong|Tapu Lele|100\/100\n|-fieldstart|move: Psychic Terrain|[from] ability: Psychic Surge|[of] p2a: Lele Wulong\n|switch|p1a: Clefable|Clefable, M, shiny|100\/100\n|\n|upkeep\n|turn|11\n|\n|t:|1663597036\n|switch|p1a: Gastrodon|Gastrodon, M, shiny|25\/100\n|move|p2a: Lele Wulong|Psychic|p1a: Gastrodon\n|-damage|p1a: Gastrodon|0 fnt\n|faint|p1a: Gastrodon\n|\n|upkeep\n|l| Alnico\n|\n|t:|1663597040\n|switch|p1a: Rillaboom|Rillaboom, F, shiny|100\/100\n|-fieldstart|move: Grassy Terrain|[from] ability: Grassy Surge|[of] p1a: Rillaboom\n|turn|12\n|\n|t:|1663597044\n|switch|p2a: SWAG LIKE OHIO|Landorus-Therian, M|47\/100\n|-ability|p2a: SWAG LIKE OHIO|Intimidate|boost\n|-unboost|p1a: Rillaboom|atk|1\n|move|p1a: Rillaboom|Grassy Glide|p2a: SWAG LIKE OHIO\n|-damage|p2a: SWAG LIKE OHIO|0 fnt\n|faint|p2a: SWAG LIKE OHIO\n|\n|upkeep\n|\n|t:|1663597047\n|switch|p2a: Lele Wulong|Tapu Lele|100\/100\n|-fieldstart|move: Psychic Terrain|[from] ability: Psychic Surge|[of] p2a: Lele Wulong\n|turn|13\n|\n|t:|1663597050\n|switch|p1a: Clefable|Clefable, M, shiny|100\/100\n|move|p2a: Lele Wulong|Psychic|p1a: Clefable\n|-damage|p1a: Clefable|52\/100\n|\n|-heal|p1a: Clefable|58\/100|[from] item: Leftovers\n|upkeep\n|turn|14\n|\n|t:|1663597056\n|switch|p2a: These Bolts|Melmetal|100\/100\n|move|p1a: Clefable|Soft-Boiled|p1a: Clefable\n|-heal|p1a: Clefable|100\/100\n|\n|upkeep\n|turn|15\n|\n|t:|1663597062\n|switch|p1a: Zapdos|Zapdos, shiny|100\/100\n|move|p2a: These Bolts|Toxic|p1a: Zapdos\n|-status|p1a: Zapdos|tox\n|\n|-damage|p1a: Zapdos|94\/100 tox|[from] psn\n|upkeep\n|turn|16\n|\n|t:|1663597066\n|switch|p1a: Blaziken|Blaziken, M, shiny|100\/100\n|move|p2a: These Bolts|Protect||[still]\n|-fail|p2a: These Bolts\n|\n|upkeep\n|turn|17\n|\n|t:|1663597075\n|move|p1a: Blaziken|Protect|p1a: Blaziken\n|-singleturn|p1a: Blaziken|Protect\n|move|p2a: These Bolts|Earthquake|p1a: Blaziken\n|-activate|p1a: Blaziken|move: Protect\n|\n|-fieldend|move: Psychic Terrain\n|-ability|p1a: Blaziken|Speed Boost|boost\n|-boost|p1a: Blaziken|spe|1\n|upkeep\n|turn|18\n|\n|t:|1663597081\n|switch|p1a: Rillaboom|Rillaboom, F, shiny|100\/100\n|-fieldstart|move: Grassy Terrain|[from] ability: Grassy Surge|[of] p1a: Rillaboom\n|move|p2a: These Bolts|Earthquake|p1a: Rillaboom\n|-resisted|p1a: Rillaboom\n|-damage|p1a: Rillaboom|88\/100\n|\n|-heal|p1a: Rillaboom|94\/100|[from] Grassy Terrain\n|upkeep\n|turn|19\n|\n|t:|1663597086\n|move|p2a: These Bolts|Protect|p2a: These Bolts\n|-singleturn|p2a: These Bolts|Protect\n|move|p1a: Rillaboom|Knock Off|p2a: These Bolts\n|-activate|p2a: These Bolts|move: Protect\n|\n|-heal|p1a: Rillaboom|100\/100|[from] Grassy Terrain\n|upkeep\n|turn|20\n|\n|t:|1663597092\n|move|p1a: Rillaboom|Knock Off|p2a: These Bolts\n|-damage|p2a: These Bolts|66\/100\n|-enditem|p2a: These Bolts|Leftovers|[from] move: Knock Off|[of] p1a: Rillaboom\n|move|p2a: These Bolts|Double Iron Bash|p1a: Rillaboom\n|-crit|p1a: Rillaboom\n|-damage|p1a: Rillaboom|32\/100\n|-crit|p1a: Rillaboom\n|-damage|p1a: Rillaboom|0 fnt\n|faint|p1a: Rillaboom\n|-hitcount|p1: Rillaboom|2\n|\n|-heal|p2a: These Bolts|72\/100|[from] Grassy Terrain\n|upkeep\n|c|\u2606broked on bricks|ayo\n|c|\u2606broked on bricks|the prophecy\n|c|\u2606arnavgupta|o.o\n|\n|t:|1663597106\n|switch|p1a: Blaziken|Blaziken, M, shiny|100\/100\n|turn|21\n|\n|t:|1663597113\n|switch|p2a: Lele Wulong|Tapu Lele|100\/100\n|-fieldstart|move: Psychic Terrain|[from] ability: Psychic Surge|[of] p2a: Lele Wulong\n|move|p1a: Blaziken|Swords Dance|p1a: Blaziken\n|-boost|p1a: Blaziken|atk|2\n|\n|-ability|p1a: Blaziken|Speed Boost|boost\n|-boost|p1a: Blaziken|spe|1\n|upkeep\n|turn|22\n|\n|t:|1663597119\n|move|p1a: Blaziken|Protect|p1a: Blaziken\n|-singleturn|p1a: Blaziken|Protect\n|move|p2a: Lele Wulong|Psychic|p1a: Blaziken\n|-activate|p1a: Blaziken|move: Protect\n|\n|-ability|p1a: Blaziken|Speed Boost|boost\n|-boost|p1a: Blaziken|spe|1\n|upkeep\n|turn|23\n|\n|t:|1663597123\n|switch|p2a: These Bolts|Melmetal|72\/100\n|move|p1a: Blaziken|Flare Blitz|p2a: These Bolts\n|-supereffective|p2a: These Bolts\n|-damage|p2a: These Bolts|0 fnt\n|faint|p2a: These Bolts\n|-damage|p1a: Blaziken|68\/100|[from] Recoil\n|\n|-heal|p1a: Blaziken|74\/100|[from] item: Leftovers\n|-ability|p1a: Blaziken|Speed Boost|boost\n|-boost|p1a: Blaziken|spe|1\n|upkeep\n|\n|t:|1663597134\n|switch|p2a: Dragopult|Dragapult, M|100\/100\n|turn|24\n|\n|t:|1663597138\n|move|p1a: Blaziken|Protect|p1a: Blaziken\n|-singleturn|p1a: Blaziken|Protect\n|move|p2a: Dragopult|Shadow Ball|p1a: Blaziken\n|-activate|p1a: Blaziken|move: Protect\n|\n|-heal|p1a: Blaziken|80\/100|[from] item: Leftovers\n|-ability|p1a: Blaziken|Speed Boost|boost\n|-boost|p1a: Blaziken|spe|1\n|upkeep\n|turn|25\n|\n|t:|1663597142\n|move|p1a: Blaziken|Flare Blitz|p2a: Dragopult\n|-resisted|p2a: Dragopult\n|-damage|p2a: Dragopult|15\/100\n|-damage|p1a: Blaziken|51\/100|[from] Recoil\n|move|p2a: Dragopult|Shadow Ball|p1a: Blaziken\n|-damage|p1a: Blaziken|0 fnt\n|faint|p1a: Blaziken\n|\n|-fieldend|move: Psychic Terrain\n|upkeep\n|\n|t:|1663597148\n|switch|p1a: Clefable|Clefable, M, shiny|100\/100\n|turn|26\n|\n|t:|1663597151\n|move|p2a: Dragopult|Shadow Ball|p1a: Clefable\n|-damage|p1a: Clefable|64\/100\n|move|p1a: Clefable|Calm Mind|p1a: Clefable\n|-boost|p1a: Clefable|spa|1\n|-boost|p1a: Clefable|spd|1\n|\n|-heal|p1a: Clefable|71\/100|[from] item: Leftovers\n|upkeep\n|turn|27\n|j| AirOneee\n|\n|t:|1663597155\n|switch|p2a: Lele Wulong|Tapu Lele|100\/100\n|-fieldstart|move: Psychic Terrain|[from] ability: Psychic Surge|[of] p2a: Lele Wulong\n|move|p1a: Clefable|Soft-Boiled|p1a: Clefable\n|-heal|p1a: Clefable|100\/100\n|\n|upkeep\n|turn|28\n|\n|t:|1663597160\n|move|p2a: Lele Wulong|Psychic|p1a: Clefable\n|-damage|p1a: Clefable|67\/100\n|move|p1a: Clefable|Moonblast|p2a: Lele Wulong\n|-damage|p2a: Lele Wulong|47\/100\n|-unboost|p2a: Lele Wulong|spa|1\n|\n|-heal|p1a: Clefable|73\/100|[from] item: Leftovers\n|upkeep\n|turn|29\n|c|\u2606broked on bricks|ah\n|\n|t:|1663597168\n|switch|p2a: OC Horse|Keldeo-Resolute|91\/100 tox\n|move|p1a: Clefable|Calm Mind|p1a: Clefable\n|-boost|p1a: Clefable|spa|1\n|-boost|p1a: Clefable|spd|1\n|\n|-heal|p1a: Clefable|79\/100|[from] item: Leftovers\n|-damage|p2a: OC Horse|84\/100 tox|[from] psn\n|upkeep\n|turn|30\n|\n|t:|1663597173\n|move|p2a: OC Horse|Secret Sword|p1a: Clefable\n|-resisted|p1a: Clefable\n|-damage|p1a: Clefable|45\/100\n|move|p1a: Clefable|Moonblast|p2a: OC Horse\n|-supereffective|p2a: OC Horse\n|-damage|p2a: OC Horse|0 fnt\n|faint|p2a: OC Horse\n|\n|-heal|p1a: Clefable|51\/100|[from] item: Leftovers\n|upkeep\n|\n|t:|1663597177\n|switch|p2a: Lele Wulong|Tapu Lele|47\/100\n|turn|31\n|c|\u2606broked on bricks|ggs\n|c|\u2606broked on bricks|interesting on this team\n|j| Alnico\n|c|\u2606broked on bricks|kinda cooks my shit since I'm triple specs lol\n|c|\u2606broked on bricks|ggs\n|c|\u2606broked on bricks|wp\n|-message|broked on bricks forfeited.\n|\n|win|arnavgupta\n|raw|arnavgupta's rating: 1773 &rarr; <strong>1790<\/strong><br \/>(+17 for winning)\n|raw|broked on bricks's rating: 1728 &rarr; <strong>1711<\/strong><br \/>(-17 for losing)\n|l|\u2606broked on bricks\n|l| RazorForce21\n|l| Alnico\n|c|\u2606arnavgupta|why not just psyshock\n|c|\u2606arnavgupta|leles shock does like 60\n||Ladder isn't responding, score probably updated but might not have (Request timeout).\n","uploadtime":1663597249,"views":14,"p1id":"arnavgupta","p2id":"brokedonbricks","formatid":"gen8ou","rating":1711,"private":0,"password":null}