{"id":"gen8oubeta-1011508871","p1":"TheBerriesBush","p2":"hauntersnightmare","format":"gen8oubeta","log":"|j|\u2606TheBerriesBush\n|j|\u2606hauntersnightmare\n|player|p1|TheBerriesBush|bugcatcher|1000\n|player|p2|hauntersnightmare|1|1079\n|teamsize|p1|6\n|teamsize|p2|6\n|gametype|singles\n|gen|8\n|tier|[Gen 8] OU (beta)\n|rated|\n|rule|Sleep Clause Mod: Limit one foe put to sleep\n|rule|Species Clause: Limit one of each Pok\u00e9mon\n|rule|OHKO Clause: OHKO moves are banned\n|rule|Moody Clause: Moody is banned\n|rule|Evasion Moves Clause: Evasion moves are banned\n|rule|Endless Battle Clause: Forcing endless battles is banned\n|rule|HP Percentage Mod: HP is shown in percentages\n|clearpoke\n|poke|p1|Eiscue, M|item\n|poke|p1|Pincurchin, M|item\n|poke|p1|Cinderace, F|item\n|poke|p1|Flapple, M|item\n|poke|p1|Corviknight, M|item\n|poke|p1|Barraskewda, M|item\n|poke|p2|Corviknight, F|item\n|poke|p2|Excadrill, M|item\n|poke|p2|Coalossal, F|item\n|poke|p2|Gengar, M|item\n|poke|p2|Gothitelle, F|item\n|poke|p2|Toxapex, M|item\n|teampreview\n|\n|start\n|switch|p1a: Sven|Eiscue, M|100\/100\n|switch|p2a: Coalossal|Coalossal, F|100\/100\n|turn|1\n|\n|move|p1a: Sven|Belly Drum|p1a: Sven\n|-damage|p1a: Sven|51\/100\n|-setboost|p1a: Sven|atk|6|[from] move: Belly Drum\n|move|p2a: Coalossal|Rock Tomb|p1a: Sven\n|-activate|p1a: Sven|ability: Ice Face\n|-damage|p1a: Sven|51\/100\n|-unboost|p1a: Sven|spe|1\n|detailschange|p1a: Sven|Eiscue-Noice, M\n|\n|upkeep\n|turn|2\n|inactive|Battle timer is ON: inactive players will automatically lose when time's up. (requested by TheBerriesBush)\n|inactive|hauntersnightmare has 120 seconds left.\n|\n|move|p1a: Sven|Liquidation|p2a: Coalossal\n|-supereffective|p2a: Coalossal\n|-damage|p2a: Coalossal|0 fnt\n|faint|p2a: Coalossal\n|\n|upkeep\n|\n|switch|p2a: Gengar|Gengar, M|100\/100\n|turn|3\n|inactive|TheBerriesBush has 120 seconds left.\n|\n|move|p2a: Gengar|Shadow Ball|p1a: Sven\n|-damage|p1a: Sven|0 fnt\n|faint|p1a: Sven\n|\n|upkeep\n|inactive|TheBerriesBush has 120 seconds left.\n|\n|switch|p1a: Tuxtox|Pincurchin, M|100\/100\n|-fieldstart|move: Electric Terrain|[from] ability: Electric Surge|[of] p1a: Tuxtox\n|turn|4\n|\n|-start|p2a: Gengar|Dynamax\n|-heal|p2a: Gengar|100\/100|[from] Dynamax\n|move|p2a: Gengar|Max Ooze|p1a: Tuxtox\n|-damage|p1a: Tuxtox|39\/100\n|-boost|p2a: Gengar|spa|1\n|move|p1a: Tuxtox|Curse|p1a: Tuxtox\n|-unboost|p1a: Tuxtox|spe|1\n|-boost|p1a: Tuxtox|atk|1\n|-boost|p1a: Tuxtox|def|1\n|\n|upkeep\n|turn|5\n|c|\u2606hauntersnightmare|oh\n|\n|move|p1a: Tuxtox|Sucker Punch|p2a: Gengar\n|-supereffective|p2a: Gengar\n|-damage|p2a: Gengar|7\/100\n|-start|p1a: Tuxtox|Disable|Sucker Punch|[from] ability: Cursed Body|[of] p2a: Gengar\n|-damage|p1a: Tuxtox|29\/100|[from] item: Life Orb\n|move|p2a: Gengar|Max Ooze|p1a: Tuxtox\n|-damage|p1a: Tuxtox|0 fnt\n|-boost|p2a: Gengar|spa|1\n|faint|p1a: Tuxtox\n|\n|upkeep\n|inactive|TheBerriesBush has 120 seconds left.\n|\n|switch|p1a: Fishbones|Barraskewda, M|100\/100\n|turn|6\n|\n|-hint|Dynamax ended.\n|switch|p2a: Toxapex|Toxapex, M|100\/100\n|move|p1a: Fishbones|Aqua Jet|p2a: Toxapex\n|-resisted|p2a: Toxapex\n|-damage|p2a: Toxapex|92\/100\n|\n|-heal|p2a: Toxapex|99\/100|[from] item: Black Sludge\n|upkeep\n|turn|7\n|inactive|TheBerriesBush has 120 seconds left.\n|c|\u2606TheBerriesBush|!weakness toxapex\n|html|<div class=\"infobox\">Toxapex (ignoring abilities):<br \/><span class=\"message-effect-weak\">Weaknesses<\/span>: Electric, Ground, Psychic<br \/><span class=\"message-effect-resist\">Resistances<\/span>: Bug, Fairy, Fighting, Fire, Ice, Poison, Steel, Water<br \/><span class=\"message-effect-immune\">Immunities<\/span>: <font color=#999999>None<\/font><\/div>\n|\n|move|p1a: Fishbones|Drill Run|p2a: Toxapex\n|-supereffective|p2a: Toxapex\n|-damage|p2a: Toxapex|51\/100\n|move|p2a: Toxapex|Scald|p1a: Fishbones\n|-resisted|p1a: Fishbones\n|-damage|p1a: Fishbones|80\/100\n|\n|-heal|p2a: Toxapex|57\/100|[from] item: Black Sludge\n|upkeep\n|turn|8\n|inactive|TheBerriesBush has 120 seconds left.\n|\n|switch|p2a: Corviknight|Corviknight, F|100\/100\n|-start|p1a: Fishbones|Dynamax\n|-heal|p1a: Fishbones|80\/100|[from] Dynamax\n|move|p1a: Fishbones|Max Quake|p2a: Corviknight\n|-immune|p2a: Corviknight\n|\n|-fieldend|move: Electric Terrain\n|upkeep\n|turn|9\n|inactive|TheBerriesBush has 120 seconds left.\n|c|\u2606TheBerriesBush|!weakness corviknight\n|html|<div class=\"infobox\">Corviknight (ignoring abilities):<br \/><span class=\"message-effect-weak\">Weaknesses<\/span>: Electric, Fire<br \/><span class=\"message-effect-resist\">Resistances<\/span>: <b>Bug<\/b>, Dragon, Fairy, Flying, <b>Grass<\/b>, Normal, Psychic, Steel<br \/><span class=\"message-effect-immune\">Immunities<\/span>: Ground, Poison<\/div>\n|\n|move|p1a: Fishbones|Max Geyser|p2a: Corviknight\n|-damage|p2a: Corviknight|53\/100\n|-weather|RainDance\n|move|p2a: Corviknight|Bulk Up|p2a: Corviknight\n|-boost|p2a: Corviknight|atk|1\n|-boost|p2a: Corviknight|def|1\n|\n|-weather|RainDance|[upkeep]\n|-heal|p2a: Corviknight|59\/100|[from] item: Leftovers\n|upkeep\n|turn|10\n|\n|move|p1a: Fishbones|Max Geyser|p2a: Corviknight\n|-damage|p2a: Corviknight|9\/100\n|move|p2a: Corviknight|Roost|p2a: Corviknight\n|-heal|p2a: Corviknight|59\/100\n|-singleturn|p2a: Corviknight|move: Roost\n|\n|-weather|RainDance|[upkeep]\n|-heal|p2a: Corviknight|65\/100|[from] item: Leftovers\n|-end|p1a: Fishbones|Dynamax\n|-heal|p1a: Fishbones|80\/100|[from] Dynamax\n|upkeep\n|turn|11\n|inactive|TheBerriesBush has 120 seconds left.\n|\n|move|p1a: Fishbones|Liquidation|p2a: Corviknight\n|-damage|p2a: Corviknight|30\/100\n|move|p2a: Corviknight|Roost|p2a: Corviknight\n|-heal|p2a: Corviknight|80\/100\n|-singleturn|p2a: Corviknight|move: Roost\n|\n|-weather|RainDance|[upkeep]\n|-heal|p2a: Corviknight|86\/100|[from] item: Leftovers\n|upkeep\n|turn|12\n|\n|move|p1a: Fishbones|Liquidation|p2a: Corviknight\n|-damage|p2a: Corviknight|53\/100\n|move|p2a: Corviknight|Bulk Up|p2a: Corviknight\n|-boost|p2a: Corviknight|atk|1\n|-boost|p2a: Corviknight|def|1\n|\n|-weather|RainDance|[upkeep]\n|-heal|p2a: Corviknight|59\/100|[from] item: Leftovers\n|upkeep\n|turn|13\n|inactive|TheBerriesBush has 120 seconds left.\n|\n|switch|p1a: Ori|Cinderace, F|100\/100\n|move|p2a: Corviknight|Roost|p2a: Corviknight\n|-heal|p2a: Corviknight|100\/100\n|-singleturn|p2a: Corviknight|move: Roost\n|\n|-weather|none\n|upkeep\n|turn|14\n|\n|move|p1a: Ori|Pyro Ball|p2a: Corviknight\n|-supereffective|p2a: Corviknight\n|-damage|p2a: Corviknight|57\/100\n|move|p2a: Corviknight|Power Trip|p1a: Ori\n|-damage|p1a: Ori|41\/100\n|\n|-heal|p2a: Corviknight|63\/100|[from] item: Leftovers\n|upkeep\n|turn|15\n|inactive|TheBerriesBush has 120 seconds left.\n|\n|move|p1a: Ori|Pyro Ball|p2a: Corviknight\n|-supereffective|p2a: Corviknight\n|-damage|p2a: Corviknight|21\/100\n|move|p2a: Corviknight|Roost|p2a: Corviknight\n|-heal|p2a: Corviknight|71\/100\n|-singleturn|p2a: Corviknight|move: Roost\n|\n|-heal|p2a: Corviknight|77\/100|[from] item: Leftovers\n|upkeep\n|turn|16\n|\n|move|p1a: Ori|Pyro Ball|p2a: Corviknight\n|-supereffective|p2a: Corviknight\n|-damage|p2a: Corviknight|38\/100\n|move|p2a: Corviknight|Bulk Up|p2a: Corviknight\n|-boost|p2a: Corviknight|atk|1\n|-boost|p2a: Corviknight|def|1\n|\n|-heal|p2a: Corviknight|44\/100|[from] item: Leftovers\n|upkeep\n|turn|17\n|\n|move|p1a: Ori|Pyro Ball|p2a: Corviknight\n|-supereffective|p2a: Corviknight\n|-damage|p2a: Corviknight|12\/100\n|move|p2a: Corviknight|Roost|p2a: Corviknight\n|-heal|p2a: Corviknight|62\/100\n|-singleturn|p2a: Corviknight|move: Roost\n|\n|-heal|p2a: Corviknight|68\/100|[from] item: Leftovers\n|upkeep\n|turn|18\n|\n|move|p1a: Ori|Pyro Ball|p2a: Corviknight\n|-supereffective|p2a: Corviknight\n|-damage|p2a: Corviknight|35\/100\n|move|p2a: Corviknight|Roost|p2a: Corviknight\n|-heal|p2a: Corviknight|85\/100\n|-singleturn|p2a: Corviknight|move: Roost\n|\n|-heal|p2a: Corviknight|91\/100|[from] item: Leftovers\n|upkeep\n|turn|19\n|\n|move|p1a: Ori|Pyro Ball|p2a: Corviknight\n|-supereffective|p2a: Corviknight\n|-damage|p2a: Corviknight|58\/100\n|move|p2a: Corviknight|Bulk Up|p2a: Corviknight\n|-boost|p2a: Corviknight|atk|1\n|-boost|p2a: Corviknight|def|1\n|\n|-heal|p2a: Corviknight|64\/100|[from] item: Leftovers\n|upkeep\n|turn|20\n|\n|move|p1a: Ori|Pyro Ball|p2a: Corviknight\n|-supereffective|p2a: Corviknight\n|-damage|p2a: Corviknight|35\/100\n|move|p2a: Corviknight|Roost|p2a: Corviknight\n|-heal|p2a: Corviknight|85\/100\n|-singleturn|p2a: Corviknight|move: Roost\n|\n|-heal|p2a: Corviknight|91\/100|[from] item: Leftovers\n|upkeep\n|turn|21\n|\n|move|p1a: Ori|Pyro Ball|p2a: Corviknight\n|-supereffective|p2a: Corviknight\n|-damage|p2a: Corviknight|61\/100\n|move|p2a: Corviknight|Roost|p2a: Corviknight\n|-heal|p2a: Corviknight|100\/100\n|-singleturn|p2a: Corviknight|move: Roost\n|\n|upkeep\n|turn|22\n|\n|move|p1a: Ori|High Jump Kick|p2a: Corviknight\n|-damage|p2a: Corviknight|91\/100\n|move|p2a: Corviknight|Power Trip|p1a: Ori\n|-damage|p1a: Ori|0 fnt\n|faint|p1a: Ori\n|\n|-heal|p2a: Corviknight|97\/100|[from] item: Leftovers\n|upkeep\n|\n|switch|p1a: Cawcophony|Corviknight, M|100\/100\n|turn|23\n|\n|move|p2a: Corviknight|Power Trip|p1a: Cawcophony\n|-damage|p1a: Cawcophony|15\/100\n|move|p1a: Cawcophony|Bulk Up|p1a: Cawcophony\n|-boost|p1a: Cawcophony|atk|1\n|-boost|p1a: Cawcophony|def|1\n|\n|-heal|p2a: Corviknight|100\/100|[from] item: Leftovers\n|-heal|p1a: Cawcophony|21\/100|[from] item: Leftovers\n|upkeep\n|turn|24\n|c|\u2606TheBerriesBush|!data power trip\n|raw|<ul class=\"utilichart\"><li class=\"result\"><span class=\"col movenamecol\"><a href=\"https:\/\/dex.pokemonshowdown.com\/moves\/powertrip\">Power Trip<\/a><\/span> <span class=\"col typecol\"><img src=\"\/\/play.pokemonshowdown.com\/sprites\/types\/Dark.png\" alt=\"Dark\" width=\"32\" height=\"14\"><img src=\"\/\/play.pokemonshowdown.com\/sprites\/categories\/Physical.png\" alt=\"Physical\" width=\"32\" height=\"14\"><\/span> <span class=\"col labelcol\"><em>Power<\/em><br>20<\/span> <span class=\"col widelabelcol\"><em>Accuracy<\/em><br>100%<\/span> <span class=\"col pplabelcol\"><em>PP<\/em><br>16<\/span> <span class=\"col movedesccol\"> + 20 power for each of the user's stat boosts.<\/span> <\/li><li style=\"clear:both\"><\/li><\/ul>\n\n|c|\u2606hauntersnightmare|180 BP rn dude\n|c|\u2606hauntersnightmare|ggas\n|c|\u2606hauntersnightmare|ggs ***\n|c|\u2606TheBerriesBush|that is a\n|inactive|TheBerriesBush has 120 seconds left.\n|c|\u2606TheBerriesBush|p good tactic\n|c|\u2606TheBerriesBush|gg\n|\n|move|p2a: Corviknight|Power Trip|p1a: Cawcophony\n|-damage|p1a: Cawcophony|0 fnt\n|faint|p1a: Cawcophony\n|\n|upkeep\n|c|\u2606hauntersnightmare|thx\n|inactive|TheBerriesBush has 120 seconds left.\n|\n|switch|p1a: Fishbones|Barraskewda, M|80\/100\n|turn|25\n|c|\u2606hauntersnightmare|run a bit of spDef if youre gonna use it\n|\n|move|p1a: Fishbones|Liquidation|p2a: Corviknight\n|-damage|p2a: Corviknight|90\/100\n|move|p2a: Corviknight|Power Trip|p1a: Fishbones\n|-damage|p1a: Fishbones|0 fnt\n|faint|p1a: Fishbones\n|\n|-heal|p2a: Corviknight|96\/100|[from] item: Leftovers\n|upkeep\n|\n|switch|p1a: Malush|Flapple, M|100\/100\n|turn|26\n|c|\u2606hauntersnightmare|no phsyicsal attacker can beat it after a couple boosts\n|inactive|TheBerriesBush has 120 seconds left.\n|c|\u2606TheBerriesBush|honestly one of the\n|c|\u2606TheBerriesBush|better tactics\n|c|\u2606TheBerriesBush|i've seen in a good while\n|\n|move|p1a: Malush|Outrage|p2a: Corviknight\n|-resisted|p2a: Corviknight\n|-damage|p2a: Corviknight|86\/100\n|move|p2a: Corviknight|Power Trip|p1a: Malush\n|-damage|p1a: Malush|0 fnt\n|faint|p1a: Malush\n|\n|win|hauntersnightmare\n|c|\u2606hauntersnightmare|agreed, power trip is finally good\n|l|\u2606hauntersnightmare\n","uploadtime":1574026070,"views":1,"p1id":"theberriesbush","p2id":"hauntersnightmare","formatid":"gen8oubeta","rating":0,"private":0,"password":null}