{"id":"gen8ou-1211257598","p1":"randorooosu","p2":"friedfreak","format":"gen8ou","log":"|j|\u2606randorooosu\n|j|\u2606friedfreak\n|t:|1603870216\n|player|p1|randorooosu|169|1747\n|player|p2|friedfreak|2|1716\n|teamsize|p1|6\n|teamsize|p2|6\n|gametype|singles\n|gen|8\n|tier|[Gen 8] OU\n|rated|\n|clearpoke\n|poke|p1|Blaziken, F|\n|poke|p1|Swampert, M|\n|poke|p1|Buzzwole|\n|poke|p1|Mandibuzz, F|\n|poke|p1|Aegislash, F|\n|poke|p1|Dragapult, M|\n|poke|p2|Genesect|\n|poke|p2|Swampert, M|\n|poke|p2|Buzzwole|\n|poke|p2|Moltres|\n|poke|p2|Tapu Koko|\n|poke|p2|Urshifu-*, F|\n|rule|Sleep Clause Mod: Limit one foe put to sleep\n|rule|Species Clause: Limit one of each Pok\u00e9mon\n|rule|OHKO Clause: OHKO moves are banned\n|rule|Evasion Moves Clause: Evasion moves are banned\n|rule|Endless Battle Clause: Forcing endless battles is banned\n|rule|HP Percentage Mod: HP is shown in percentages\n|rule|Dynamax Clause: You cannot dynamax\n|teampreview\n|\n|t:|1603870233\n|start\n|switch|p1a: Swampert|Swampert, M|100\/100\n|switch|p2a: Swampert|Swampert, M|100\/100\n|turn|1\n|inactive|Battle timer is ON: inactive players will automatically lose when time's up. (requested by friedfreak)\n|inactive|randorooosu has 120 seconds left.\n|\n|t:|1603870276\n|move|p1a: Swampert|Toxic|p2a: Swampert\n|-status|p2a: Swampert|tox\n|move|p2a: Swampert|Toxic|p1a: Swampert|[miss]\n|-miss|p2a: Swampert|p1a: Swampert\n|\n|-damage|p2a: Swampert|94\/100 tox|[from] psn\n|upkeep\n|turn|2\n|\n|t:|1603870291\n|switch|p1a: Mandibuzz|Mandibuzz, F|100\/100\n|move|p2a: Swampert|Toxic|p1a: Mandibuzz\n|-status|p1a: Mandibuzz|tox\n|\n|-heal|p2a: Swampert|100\/100 tox|[from] item: Leftovers\n|-damage|p1a: Mandibuzz|94\/100 tox|[from] psn\n|-damage|p2a: Swampert|88\/100 tox|[from] psn\n|upkeep\n|turn|3\n|\n|t:|1603870294\n|move|p1a: Mandibuzz|Knock Off|p2a: Swampert\n|-damage|p2a: Swampert|65\/100 tox\n|-enditem|p2a: Swampert|Leftovers|[from] move: Knock Off|[of] p1a: Mandibuzz\n|move|p2a: Swampert|Stealth Rock|p1a: Mandibuzz\n|-sidestart|p1: randorooosu|move: Stealth Rock\n|\n|-damage|p1a: Mandibuzz|82\/100 tox|[from] psn\n|-damage|p2a: Swampert|47\/100 tox|[from] psn\n|upkeep\n|turn|4\n|\n|t:|1603870300\n|move|p1a: Mandibuzz|Defog|p2a: Swampert\n|-unboost|p2a: Swampert|evasion|1\n|-sideend|p1: randorooosu|Stealth Rock|[from] move: Defog|[of] p1a: Mandibuzz\n|move|p2a: Swampert|Flip Turn|p1a: Mandibuzz\n|-damage|p1a: Mandibuzz|66\/100 tox\n|\n|t:|1603870304\n|switch|p2a: Tapu Koko|Tapu Koko|100\/100|[from]move: Flip Turn\n|-fieldstart|move: Electric Terrain|[from] ability: Electric Surge|[of] p2a: Tapu Koko\n|\n|-damage|p1a: Mandibuzz|47\/100 tox|[from] psn\n|upkeep\n|turn|5\n|\n|t:|1603870313\n|move|p2a: Tapu Koko|U-turn|p1a: Mandibuzz\n|-damage|p1a: Mandibuzz|35\/100 tox\n|\n|t:|1603870317\n|switch|p2a: Urshifu|Urshifu, F|100\/100|[from]move: U-turn\n|move|p1a: Mandibuzz|U-turn|p2a: Urshifu\n|-damage|p2a: Urshifu|90\/100\n|\n|t:|1603870325\n|switch|p1a: Buzzwole|Buzzwole|100\/100|[from]move: U-turn\n|\n|upkeep\n|turn|6\n|j| bulu back\n|\n|t:|1603870344\n|switch|p2a: Moltres|Moltres|100\/100\n|switch|p1a: Mandibuzz|Mandibuzz, F|35\/100 tox\n|\n|-damage|p1a: Mandibuzz|29\/100 tox|[from] psn\n|upkeep\n|turn|7\n|\n|t:|1603870349\n|move|p2a: Moltres|Flamethrower|p1a: Mandibuzz\n|-damage|p1a: Mandibuzz|5\/100 tox\n|move|p1a: Mandibuzz|Roost|p1a: Mandibuzz\n|-heal|p1a: Mandibuzz|55\/100 tox\n|-singleturn|p1a: Mandibuzz|move: Roost\n|\n|-damage|p1a: Mandibuzz|43\/100 tox|[from] psn\n|upkeep\n|turn|8\n|j| Yeine\n|j| DeadByFlinch\n|\n|t:|1603870360\n|switch|p2a: Genesect|Genesect|100\/100\n|-ability|p2a: Genesect|Download|boost\n|-boost|p2a: Genesect|atk|1\n|move|p1a: Mandibuzz|Knock Off|p2a: Genesect\n|-damage|p2a: Genesect|70\/100\n|-enditem|p2a: Genesect|Choice Specs|[from] move: Knock Off|[of] p1a: Mandibuzz\n|\n|-damage|p1a: Mandibuzz|25\/100 tox|[from] psn\n|-fieldend|move: Electric Terrain\n|upkeep\n|turn|9\n|\n|t:|1603870375\n|switch|p1a: Swampert|Swampert, M|100\/100\n|move|p2a: Genesect|Ice Beam|p1a: Swampert\n|-damage|p1a: Swampert|81\/100\n|\n|-heal|p1a: Swampert|87\/100|[from] item: Leftovers\n|upkeep\n|turn|10\n|-message|friedfreak forfeited.\n|\n|win|randorooosu\n|l|\u2606friedfreak\n|raw|randorooosu's rating: 1747 &rarr; <strong>1766<\/strong><br \/>(+19 for winning)\n|raw|friedfreak's rating: 1716 &rarr; <strong>1698<\/strong><br \/>(-18 for losing)\n","uploadtime":1603870386,"views":18,"p1id":"randorooosu","p2id":"friedfreak","formatid":"gen8ou","rating":1698,"private":0,"password":null}