{"id":"gen8lc-1612419824","p1":"joey milktank","p2":"reionatro","format":"gen8lc","log":"|html|<div class=\"broadcast-blue\"><strong>[Gen 8] LC is currently suspecting Vullaby! For information on how to participate check out the <a href=\"https:\/\/www.smogon.com\/forums\/threads\/lc-suspect-still-into-you.3704197\/\">suspect thread<\/a>.<\/strong><\/div>\n|j|\u2606joey milktank\n|j|\u2606reionatro\n|inactive|Battle timer is ON: inactive players will automatically lose when time's up.\n|t:|1657220028\n|gametype|singles\n|player|p1|joey milktank|whitney-gen2|\n|player|p2|reionatro|265|\n|teamsize|p1|6\n|teamsize|p2|6\n|gen|8\n|tier|[Gen 8] LC\n|rated|Tournament battle\n|rule|Sleep Clause Mod: Limit one foe put to sleep\n|rule|Species Clause: Limit one of each Pok\u00e9mon\n|rule|OHKO Clause: OHKO moves are banned\n|rule|Evasion Moves Clause: Evasion moves are banned\n|rule|Endless Battle Clause: Forcing endless battles is banned\n|rule|HP Percentage Mod: HP is shown in percentages\n|rule|Dynamax Clause: You cannot dynamax\n|clearpoke\n|poke|p1|Larvesta, L5, F|\n|poke|p1|Abra, L5, M|\n|poke|p1|Porygon, L5|\n|poke|p1|Vullaby, L5, F|\n|poke|p1|Grookey, L5, M|\n|poke|p1|Staryu, L5|\n|poke|p2|Carvanha, L5, M|\n|poke|p2|Ferroseed, L5, M|\n|poke|p2|Koffing, L5, M|\n|poke|p2|Mienfoo, L5, M|\n|poke|p2|Natu, L5, M|\n|poke|p2|Trapinch, L5, M|\n|teampreview\n|j| BB-8-NU\n|j|*Lady Monita \u2600\n|c|\u2606reionatro|hf\n|j| Robert Wolke\n|j| Bolt-Beam Studios\n|c|\u2606joey milktank|hf\n|l| Bolt-Beam Studios\n|j| clean cuts\n|l| clean cuts\n|c| Robert Wolke|go milktank\n|inactive|reionatro has 120 seconds left.\n|j| heyemoboy\n|j| Doctor Whostve14\n|j| vaporeonlv8\n|\n|t:|1657220065\n|start\n|switch|p1a: Radiate energy|Larvesta, L5, F|100\/100\n|switch|p2a: Mienfoo|Mienfoo, L5, M|100\/100\n|turn|1\n|c| Robert Wolke|joey milktank\n|c| Doctor Whostve14|JOEY JOEY HE'S OUR MAN IF HE CAN'T DO IT NO ONE CAN\n|c| Doctor Whostve14|GIVE ME A J\n|c| heyemoboy|~~watch him get sweeped~~\n|\n|t:|1657220090\n|switch|p2a: Natu|Natu, L5, M|100\/100\n|move|p1a: Radiate energy|Flare Blitz|p2a: Natu\n|-damage|p2a: Natu|43\/100\n|-damage|p1a: Radiate energy|83\/100|[from] Recoil\n|\n|upkeep\n|turn|2\n|c| Doctor Whostve14|GIVE ME A J\n|j| giove97\n|c| heyemoboy|no\n|c| Robert Wolke|j\n|\n|t:|1657220105\n|move|p2a: Natu|Psychic|p1a: Radiate energy\n|-damage|p1a: Radiate energy|40\/100\n|move|p1a: Radiate energy|Flare Blitz|p2a: Natu\n|-damage|p2a: Natu|0 fnt\n|faint|p2a: Natu\n|-damage|p1a: Radiate energy|27\/100|[from] Recoil\n|\n|upkeep\n|c| Doctor Whostve14|GIVE ME AN O\n|c| Robert Wolke|o\n|j| 6 IVs Pokemon\n|c| Doctor Whostve14|GIVE ME AN E\n|l| 6 IVs Pokemon\n|l| giove97\n|\n|t:|1657220117\n|switch|p2a: Trapinch|Trapinch, L5, M|100\/100\n|turn|3\n|c| Robert Wolke|e!!!!\n|\n|t:|1657220123\n|move|p1a: Radiate energy|Morning Sun|p1a: Radiate energy\n|-heal|p1a: Radiate energy|74\/100\n|move|p2a: Trapinch|Earthquake|p1a: Radiate energy\n|-damage|p1a: Radiate energy|22\/100\n|\n|upkeep\n|turn|4\n|c| Doctor Whostve14|GIVE ME Y\n|j|%Meister Siegfried\n|c| Robert Wolke|Y\n|\n|t:|1657220130\n|move|p1a: Radiate energy|Will-O-Wisp|p2a: Trapinch|[miss]\n|-miss|p1a: Radiate energy|p2a: Trapinch\n|move|p2a: Trapinch|Earthquake|p1a: Radiate energy\n|-damage|p1a: Radiate energy|0 fnt\n|faint|p1a: Radiate energy\n|\n|upkeep\n|c| Doctor Whostve14|WHAT DOES THAT SPELL?\n|\n|t:|1657220141\n|switch|p1a: shooting stars *|Staryu, L5|100\/100\n|turn|5\n|c| heyemoboy|no\n|c| Robert Wolke|joey!!!\n|\n|t:|1657220146\n|switch|p2a: Ferroseed|Ferroseed, L5, M|100\/100\n|move|p1a: shooting stars *|Scald|p2a: Ferroseed\n|-resisted|p2a: Ferroseed\n|-damage|p2a: Ferroseed|87\/100\n|-status|p2a: Ferroseed|brn\n|\n|-damage|p2a: Ferroseed|82\/100 brn|[from] brn\n|upkeep\n|turn|6\n|c|%Meister Siegfried|I just saw the y\n|\n|t:|1657220156\n|switch|p1a: Hatchling|Vullaby, L5, F|100\/100\n|move|p2a: Ferroseed|Stealth Rock|p1a: Hatchling\n|-sidestart|p1: joey milktank|move: Stealth Rock\n|\n|-damage|p2a: Ferroseed|78\/100 brn|[from] brn\n|upkeep\n|turn|7\n|c|%Meister Siegfried|so maybe annoying?\n|\n|t:|1657220162\n|move|p1a: Hatchling|Heat Wave|p2a: Ferroseed\n|-supereffective|p2a: Ferroseed\n|-damage|p2a: Ferroseed|23\/100 brn\n|move|p2a: Ferroseed|Thunder Wave|p1a: Hatchling\n|-status|p1a: Hatchling|par\n|\n|-damage|p2a: Ferroseed|19\/100 brn|[from] brn\n|upkeep\n|turn|8\n|\n|t:|1657220174\n|switch|p2a: Koffing|Koffing, L5, M|100\/100\n|-ability|p2a: Koffing|Neutralizing Gas\n|cant|p1a: Hatchling|par\n|\n|upkeep\n|turn|9\n|\n|t:|1657220180\n|move|p2a: Koffing|Thunderbolt|p1a: Hatchling\n|-supereffective|p1a: Hatchling\n|-damage|p1a: Hatchling|22\/100 par\n|-enditem|p1a: Hatchling|Berry Juice\n|-heal|p1a: Hatchling|100\/100 par|[from] item: Berry Juice\n|cant|p1a: Hatchling|par\n|\n|upkeep\n|turn|10\n|\n|t:|1657220190\n|switch|p1a: shooting stars *|Staryu, L5|100\/100\n|-damage|p1a: shooting stars *|91\/100|[from] Stealth Rock\n|move|p2a: Koffing|Thunderbolt|p1a: shooting stars *\n|-supereffective|p1a: shooting stars *\n|-damage|p1a: shooting stars *|24\/100\n|\n|upkeep\n|turn|11\n|\n|t:|1657220208\n|-end|p2a: Koffing|ability: Neutralizing Gas\n|switch|p2a: Ferroseed|Ferroseed, L5, M|19\/100 brn\n|move|p1a: shooting stars *|Scald|p2a: Ferroseed\n|-resisted|p2a: Ferroseed\n|-damage|p2a: Ferroseed|5\/100 brn\n|\n|-damage|p2a: Ferroseed|0 fnt|[from] brn\n|faint|p2a: Ferroseed\n|upkeep\n|c| Doctor Whostve14|@vaporeonlv8 I liked your ponyta set\n|\n|t:|1657220217\n|switch|p2a: Trapinch|Trapinch, L5, M|100\/100\n|turn|12\n|\n|t:|1657220221\n|move|p2a: Trapinch|First Impression|p1a: shooting stars *\n|-damage|p1a: shooting stars *|0 fnt\n|faint|p1a: shooting stars *\n|\n|upkeep\n|c| vaporeonlv8|thank you\n|\n|t:|1657220234\n|switch|p1a: banned episode|Porygon, L5|100\/100\n|-damage|p1a: banned episode|92\/100|[from] Stealth Rock\n|-ability|p1a: banned episode|Download|boost\n|-boost|p1a: banned episode|atk|1\n|turn|13\n|c| Robert Wolke|go joey milktank\n|\n|t:|1657220245\n|switch|p2a: Koffing|Koffing, L5, M|100\/100\n|-ability|p2a: Koffing|Neutralizing Gas\n|move|p1a: banned episode|Ice Beam|p2a: Koffing\n|-damage|p2a: Koffing|53\/100\n|-status|p2a: Koffing|frz\n|\n|upkeep\n|turn|14\n|j| GreninjaYDavid45\n|\n|t:|1657220253\n|move|p1a: banned episode|Ice Beam|p2a: Koffing\n|-damage|p2a: Koffing|10\/100 frz\n|cant|p2a: Koffing|frz\n|\n|upkeep\n|turn|15\n|c| Doctor Whostve14|IT'S RIGGED\n|c| Doctor Whostve14|NVM\n|c| Doctor Whostve14|I was looking at the wrong side\n|\n|t:|1657220265\n|switch|p1a: PABLO \ud83e\udda7|Grookey, L5, M|100\/100\n|-damage|p1a: PABLO \ud83e\udda7|91\/100|[from] Stealth Rock\n|cant|p2a: Koffing|frz\n|\n|upkeep\n|turn|16\n|\n|t:|1657220272\n|switch|p1a: banned episode|Porygon, L5|92\/100\n|-damage|p1a: banned episode|83\/100|[from] Stealth Rock\n|cant|p2a: Koffing|frz\n|\n|upkeep\n|turn|17\n|c| Doctor Whostve14|FAIR, IT'S FAIR\n|\n|t:|1657220278\n|move|p1a: banned episode|Tri Attack|p2a: Koffing\n|-damage|p2a: Koffing|0 fnt\n|faint|p2a: Koffing\n|-end|p2a: Koffing|ability: Neutralizing Gas\n|\n|upkeep\n|\n|t:|1657220287\n|switch|p2a: Trapinch|Trapinch, L5, M|100\/100\n|turn|18\n|c| vaporeonlv8|why no swords dance?\n|\n|t:|1657220290\n|move|p1a: banned episode|Tri Attack|p2a: Trapinch\n|-damage|p2a: Trapinch|58\/100\n|move|p2a: Trapinch|Superpower|p1a: banned episode\n|-supereffective|p1a: banned episode\n|-damage|p1a: banned episode|0 fnt\n|-unboost|p2a: Trapinch|atk|1\n|-unboost|p2a: Trapinch|def|1\n|faint|p1a: banned episode\n|\n|upkeep\n|\n|t:|1657220302\n|switch|p1a: PABLO \ud83e\udda7|Grookey, L5, M|91\/100\n|-damage|p1a: PABLO \ud83e\udda7|81\/100|[from] Stealth Rock\n|-fieldstart|move: Grassy Terrain|[from] ability: Grassy Surge|[of] p1a: PABLO \ud83e\udda7\n|-enditem|p1a: PABLO \ud83e\udda7|Grassy Seed\n|-boost|p1a: PABLO \ud83e\udda7|def|1|[from] item: Grassy Seed\n|turn|19\n|c| Doctor Whostve14|Joey's got a plan\n|\n|t:|1657220313\n|switch|p2a: Mienfoo|Mienfoo, L5, M|100\/100\n|move|p1a: PABLO \ud83e\udda7|Swords Dance|p1a: PABLO \ud83e\udda7\n|-boost|p1a: PABLO \ud83e\udda7|atk|2\n|\n|-heal|p1a: PABLO \ud83e\udda7|86\/100|[from] Grassy Terrain\n|upkeep\n|turn|20\n|\n|t:|1657220320\n|move|p2a: Mienfoo|Fake Out|p1a: PABLO \ud83e\udda7\n|-damage|p1a: PABLO \ud83e\udda7|67\/100\n|cant|p1a: PABLO \ud83e\udda7|flinch\n|\n|-heal|p1a: PABLO \ud83e\udda7|72\/100|[from] Grassy Terrain\n|upkeep\n|turn|21\n|\n|t:|1657220335\n|move|p1a: PABLO \ud83e\udda7|Grassy Glide|p2a: Mienfoo\n|-damage|p2a: Mienfoo|24\/100\n|move|p2a: Mienfoo|High Jump Kick|p1a: PABLO \ud83e\udda7|[miss]\n|-miss|p2a: Mienfoo|p1a: PABLO \ud83e\udda7\n|-damage|p2a: Mienfoo|0 fnt|[from] highjumpkick\n|faint|p2a: Mienfoo\n|\n|-heal|p1a: PABLO \ud83e\udda7|77\/100|[from] Grassy Terrain\n|upkeep\n|\n|t:|1657220340\n|switch|p2a: Trapinch|Trapinch, L5, M|58\/100\n|turn|22\n|\n|t:|1657220347\n|move|p2a: Trapinch|First Impression|p1a: PABLO \ud83e\udda7\n|-supereffective|p1a: PABLO \ud83e\udda7\n|-damage|p1a: PABLO \ud83e\udda7|0 fnt\n|faint|p1a: PABLO \ud83e\udda7\n|\n|-heal|p2a: Trapinch|62\/100|[from] Grassy Terrain\n|upkeep\n|c| Doctor Whostve14|didn't see that coming\n|\n|t:|1657220363\n|switch|p1a: Hatchling|Vullaby, L5, F|100\/100 par\n|-damage|p1a: Hatchling|79\/100 par|[from] Stealth Rock\n|turn|23\n|c| vaporeonlv8|forgot about that too\n|c| Doctor Whostve14|Joey's got it though\n|\n|t:|1657220379\n|move|p1a: Hatchling|Brave Bird|p2a: Trapinch\n|-damage|p2a: Trapinch|0 fnt\n|faint|p2a: Trapinch\n|-damage|p1a: Hatchling|61\/100 par|[from] Recoil\n|\n|-fieldend|move: Grassy Terrain\n|upkeep\n|\n|t:|1657220384\n|switch|p2a: Carvanha|Carvanha, L5, M|100\/100\n|turn|24\n|\n|t:|1657220394\n|move|p2a: Carvanha|Protect|p2a: Carvanha\n|-singleturn|p2a: Carvanha|Protect\n|cant|p1a: Hatchling|par\n|\n|-ability|p2a: Carvanha|Speed Boost|boost\n|-boost|p2a: Carvanha|spe|1\n|upkeep\n|turn|25\n|c| Robert Wolke|yes Joey's got it though\n|\n|t:|1657220400\n|move|p2a: Carvanha|Flip Turn|p1a: Hatchling\n|-damage|p1a: Hatchling|5\/100 par\n|-ability|p1a: Hatchling|Weak Armor|boost\n|-unboost|p1a: Hatchling|def|1\n|-boost|p1a: Hatchling|spe|2\n|-damage|p2a: Carvanha|91\/100|[from] item: Life Orb\n|cant|p1a: Hatchling|par\n|\n|-ability|p2a: Carvanha|Speed Boost|boost\n|-boost|p2a: Carvanha|spe|1\n|upkeep\n|turn|26\n|c| Doctor Whostve14|no\n|\n|t:|1657220412\n|move|p2a: Carvanha|Flip Turn|p1a: Hatchling\n|-damage|p1a: Hatchling|0 fnt\n|faint|p1a: Hatchling\n|-damage|p2a: Carvanha|81\/100|[from] item: Life Orb\n|\n|-ability|p2a: Carvanha|Speed Boost|boost\n|-boost|p2a: Carvanha|spe|1\n|upkeep\n|c| Robert Wolke|i hope\n|j| helwigc21\n|c| vaporeonlv8|gg?\n|\n|t:|1657220428\n|switch|p1a: trick up sleeves|Abra, L5, M|100\/100\n|turn|27\n|\n|t:|1657220432\n|move|p2a: Carvanha|Crunch|p1a: trick up sleeves\n|-supereffective|p1a: trick up sleeves\n|-enditem|p1a: trick up sleeves|Focus Sash\n|-damage|p1a: trick up sleeves|6\/100\n|-damage|p2a: Carvanha|72\/100|[from] item: Life Orb\n|move|p1a: trick up sleeves|Counter|p2a: Carvanha\n|-damage|p2a: Carvanha|0 fnt\n|faint|p2a: Carvanha\n|\n|win|joey milktank\n|n|\u2606joey milktank|joeymilktank\n|n|\u2606reionatro|reionatro\n|n| BB-8-NU|bb8nu\n|n|*Lady Monita \u2600|ladymonita\n|n| Robert Wolke|robertwolke\n|n| heyemoboy|heyemoboy\n|n| Doctor Whostve14|doctorwhostve14\n|n| vaporeonlv8|vaporeonlv8\n|n|+Meister Siegfried|meistersiegfried\n|n| GreninjaYDavid45|greninjaydavid45\n|n| helwigc21|helwigc21\n|l|*Lady Monita \u2600\n|c| Doctor Whostve14|JOEY\n|l| BB-8-NU\n|l| GreninjaYDavid45\n|c|\u2606joey milktank|GG wp # Ban Vullaby\n|c|\u2606reionatro|gg\n|l| vaporeonlv8\n","uploadtime":1657220434,"views":5,"p1id":"joeymilktank","p2id":"reionatro","formatid":"gen8lc","rating":0,"private":0,"password":null}