{"id":"gen8randombattle-1633546238","p1":"gaenisalbino","p2":"Pikasha08","format":"gen8randombattle","log":"|j|\u2606gaenisalbino\n|j|\u2606Pikasha08\n|t:|1659793616\n|gametype|singles\n|player|p1|gaenisalbino|1|1305\n|player|p2|Pikasha08|170|1348\n|teamsize|p1|6\n|teamsize|p2|6\n|gen|8\n|tier|[Gen 8] Random Battle\n|rated|\n|rule|Species Clause: Limit one of each Pok\u00e9mon\n|rule|HP Percentage Mod: HP is shown in percentages\n|rule|Sleep Clause Mod: Limit one foe put to sleep\n|\n|t:|1659793616\n|start\n|switch|p1a: Sandslash|Sandslash, L86, M|269\/269\n|switch|p2a: Accelgor|Accelgor, L86, F|278\/278\n|turn|1\n|\n|t:|1659793630\n|move|p2a: Accelgor|Spikes|p1a: Sandslash\n|-sidestart|p1: gaenisalbino|Spikes\n|move|p1a: Sandslash|Stealth Rock|p2a: Accelgor\n|-sidestart|p2: Pikasha08|move: Stealth Rock\n|\n|upkeep\n|turn|2\n|\n|t:|1659793635\n|move|p2a: Accelgor|Spikes|p1a: Sandslash\n|-sidestart|p1: gaenisalbino|Spikes\n|move|p1a: Sandslash|Spikes|p2a: Accelgor\n|-sidestart|p2: Pikasha08|Spikes\n|\n|upkeep\n|turn|3\n|\n|t:|1659793640\n|move|p2a: Accelgor|Bug Buzz|p1a: Sandslash\n|-damage|p1a: Sandslash|122\/269\n|move|p1a: Sandslash|Spikes|p2a: Accelgor\n|-sidestart|p2: Pikasha08|Spikes\n|\n|upkeep\n|turn|4\n|\n|t:|1659793645\n|move|p2a: Accelgor|Bug Buzz|p1a: Sandslash\n|-damage|p1a: Sandslash|0 fnt\n|faint|p1a: Sandslash\n|\n|upkeep\n|inactive|Battle timer is ON: inactive players will automatically lose when time's up. (requested by Pikasha08)\n|\n|t:|1659793660\n|switch|p1a: Hitmontop|Hitmontop, L85, M|224\/224\n|-damage|p1a: Hitmontop|187\/224|[from] Spikes\n|turn|5\n|\n|t:|1659793671\n|switch|p2a: Azelf|Azelf, L82|257\/257\n|-damage|p2a: Azelf|225\/257|[from] Stealth Rock\n|move|p1a: Hitmontop|Triple Axel|p2a: Azelf\n|-damage|p2a: Azelf|189\/257\n|-damage|p2a: Azelf|118\/257\n|-damage|p2a: Azelf|19\/257\n|-hitcount|p2a: Azelf|3\n|-damage|p1a: Hitmontop|165\/224|[from] item: Life Orb\n|\n|-heal|p2a: Azelf|35\/257|[from] item: Leftovers\n|upkeep\n|turn|6\n|\n|t:|1659793682\n|move|p1a: Hitmontop|Sucker Punch|p2a: Azelf\n|-supereffective|p2a: Azelf\n|-damage|p2a: Azelf|0 fnt\n|faint|p2a: Azelf\n|-damage|p1a: Hitmontop|143\/224|[from] item: Life Orb\n|\n|upkeep\n|\n|t:|1659793688\n|switch|p2a: Slowbro|Slowbro, L84, M|297\/297\n|-damage|p2a: Slowbro|260\/297|[from] Stealth Rock\n|-damage|p2a: Slowbro|211\/297|[from] Spikes\n|turn|7\n|\n|t:|1659793693\n|move|p1a: Hitmontop|Toxic|p2a: Slowbro\n|-status|p2a: Slowbro|tox\n|move|p2a: Slowbro|Future Sight|p1a: Hitmontop\n|-start|p2a: Slowbro|move: Future Sight\n|\n|-heal|p2a: Slowbro|229\/297 tox|[from] item: Leftovers\n|-damage|p2a: Slowbro|211\/297 tox|[from] psn\n|upkeep\n|turn|8\n|\n|t:|1659793713\n|move|p1a: Hitmontop|Sucker Punch||[still]\n|-fail|p1a: Hitmontop\n|move|p2a: Slowbro|Teleport|p2a: Slowbro\n|\n|t:|1659793718\n|switch|p2a: Noctowl|Noctowl, L88, M|319\/319\n|\n|upkeep\n|turn|9\n|\n|t:|1659793738\n|switch|p1a: Solgaleo|Solgaleo, L72|316\/316\n|-damage|p1a: Solgaleo|264\/316|[from] Spikes\n|move|p2a: Noctowl|Defog|p1a: Solgaleo\n|-fail|p1a: Solgaleo|unboost|[from] ability: Full Metal Body|[of] p1a: Solgaleo\n|-sideend|p1: gaenisalbino|Spikes|[from] move: Defog|[of] p2a: Noctowl\n|-sideend|p2: Pikasha08|Spikes|[from] move: Defog|[of] p2a: Noctowl\n|-sideend|p2: Pikasha08|Stealth Rock|[from] move: Defog|[of] p2a: Noctowl\n|\n|-end|p1a: Solgaleo|move: Future Sight\n|-resisted|p1a: Solgaleo\n|-damage|p1a: Solgaleo|225\/316\n|upkeep\n|turn|10\n|\n|t:|1659793751\n|switch|p2a: Scrafty|Scrafty, L82, M|241\/241\n|-ability|p2a: Scrafty|Intimidate|boost\n|-fail|p1a: Solgaleo|unboost|[from] ability: Full Metal Body|[of] p1a: Solgaleo\n|move|p1a: Solgaleo|Sunsteel Strike|p2a: Scrafty\n|-damage|p2a: Scrafty|162\/241\n|\n|upkeep\n|turn|11\n|\n|t:|1659793769\n|switch|p1a: Hitmontop|Hitmontop, L85, M|143\/224\n|move|p2a: Scrafty|Knock Off|p1a: Hitmontop\n|-resisted|p1a: Hitmontop\n|-damage|p1a: Hitmontop|101\/224\n|-enditem|p1a: Hitmontop|Life Orb|[from] move: Knock Off|[of] p2a: Scrafty\n|\n|upkeep\n|turn|12\n|\n|t:|1659793782\n|switch|p2a: Slowbro|Slowbro, L84, M|297\/297 tox\n|move|p1a: Hitmontop|Triple Axel|p2a: Slowbro\n|-resisted|p2a: Slowbro\n|-damage|p2a: Slowbro|288\/297 tox\n|-hitcount|p2a: Slowbro|1\n|\n|-heal|p2a: Slowbro|297\/297 tox|[from] item: Leftovers\n|-damage|p2a: Slowbro|279\/297 tox|[from] psn\n|upkeep\n|turn|13\n|inactive|gaenisalbino has 120 seconds left.\n|\n|t:|1659793805\n|switch|p1a: Arctozolt|Arctozolt, L86|295\/295\n|move|p2a: Slowbro|Future Sight|p1a: Arctozolt\n|-start|p2a: Slowbro|move: Future Sight\n|\n|-heal|p2a: Slowbro|297\/297 tox|[from] item: Leftovers\n|-damage|p2a: Slowbro|261\/297 tox|[from] psn\n|upkeep\n|turn|14\n|\n|t:|1659793819\n|switch|p2a: Sandslash|Sandslash-Alola, L86, M|269\/269\n|move|p1a: Arctozolt|Bolt Beak|p2a: Sandslash\n|-damage|p2a: Sandslash|113\/269\n|\n|upkeep\n|turn|15\n|\n|t:|1659793834\n|switch|p1a: Solgaleo|Solgaleo, L72|225\/316\n|move|p2a: Sandslash|Knock Off|p1a: Solgaleo\n|-supereffective|p1a: Solgaleo\n|-damage|p1a: Solgaleo|5\/316\n|-enditem|p1a: Solgaleo|Choice Scarf|[from] move: Knock Off|[of] p2a: Sandslash\n|\n|-end|p1a: Solgaleo|move: Future Sight\n|-resisted|p1a: Solgaleo\n|-damage|p1a: Solgaleo|0 fnt\n|faint|p1a: Solgaleo\n|upkeep\n|\n|t:|1659793847\n|switch|p1a: Sharpedo|Sharpedo, L82, M|249\/249\n|turn|16\n|\n|t:|1659793861\n|switch|p2a: Accelgor|Accelgor, L86, F|278\/278\n|move|p1a: Sharpedo|Crunch|p2a: Accelgor\n|-damage|p2a: Accelgor|82\/278\n|-damage|p1a: Sharpedo|225\/249|[from] item: Life Orb\n|\n|-ability|p1a: Sharpedo|Speed Boost|boost\n|-boost|p1a: Sharpedo|spe|1\n|upkeep\n|turn|17\n|\n|t:|1659793877\n|switch|p1a: Hitmontop|Hitmontop, L85, M|101\/224\n|move|p2a: Accelgor|Bug Buzz|p1a: Hitmontop\n|-resisted|p1a: Hitmontop\n|-damage|p1a: Hitmontop|59\/224\n|\n|upkeep\n|turn|18\n|\n|t:|1659793885\n|move|p2a: Accelgor|Spikes|p1a: Hitmontop\n|-sidestart|p1: gaenisalbino|Spikes\n|move|p1a: Hitmontop|Close Combat|p2a: Accelgor\n|-resisted|p2a: Accelgor\n|-damage|p2a: Accelgor|0 fnt\n|-unboost|p1a: Hitmontop|def|1\n|-unboost|p1a: Hitmontop|spd|1\n|faint|p2a: Accelgor\n|\n|upkeep\n|\n|t:|1659793901\n|switch|p2a: Scrafty|Scrafty, L82, M|162\/241\n|-ability|p2a: Scrafty|Intimidate|boost\n|-unboost|p1a: Hitmontop|atk|1\n|turn|19\n|\n|t:|1659793908\n|move|p1a: Hitmontop|Close Combat|p2a: Scrafty\n|-supereffective|p2a: Scrafty\n|-damage|p2a: Scrafty|4\/241\n|-unboost|p1a: Hitmontop|def|1\n|-unboost|p1a: Hitmontop|spd|1\n|move|p2a: Scrafty|Dragon Dance|p2a: Scrafty\n|-boost|p2a: Scrafty|atk|1\n|-boost|p2a: Scrafty|spe|1\n|\n|upkeep\n|turn|20\n|\n|t:|1659793918\n|move|p1a: Hitmontop|Sucker Punch||[still]\n|-fail|p1a: Hitmontop\n|move|p2a: Scrafty|Dragon Dance|p2a: Scrafty\n|-boost|p2a: Scrafty|atk|1\n|-boost|p2a: Scrafty|spe|1\n|\n|upkeep\n|turn|21\n|\n|t:|1659793921\n|move|p1a: Hitmontop|Sucker Punch||[still]\n|-fail|p1a: Hitmontop\n|move|p2a: Scrafty|Dragon Dance|p2a: Scrafty\n|-boost|p2a: Scrafty|atk|1\n|-boost|p2a: Scrafty|spe|1\n|\n|upkeep\n|turn|22\n|\n|t:|1659793924\n|move|p2a: Scrafty|Ice Punch|p1a: Hitmontop\n|-damage|p1a: Hitmontop|0 fnt\n|faint|p1a: Hitmontop\n|\n|upkeep\n|-message|gaenisalbino forfeited.\n|\n|win|Pikasha08\n|raw|gaenisalbino's rating: 1320 &rarr; <strong>1302<\/strong><br \/>(-18 for losing)\n|raw|Pikasha08's rating: 1348 &rarr; <strong>1366<\/strong><br \/>(+18 for winning)\n|l|\u2606gaenisalbino\n||Ladder isn't responding, score probably updated but might not have (Request timeout).\n","inputlog":">version 0d1bbd7a1d1392198beecd38968d4bbdb7a66532\n>start {\"formatid\":\"gen8randombattle\",\"seed\":[25070,63114,56414,25868],\"rated\":\"Rated battle\"}\n>player p1 {\"name\":\"gaenisalbino\",\"avatar\":\"1\",\"rating\":1305,\"seed\":[57823,19204,13214,57829]}\n>player p2 {\"name\":\"Pikasha08\",\"avatar\":\"170\",\"rating\":1348,\"seed\":[34326,6086,33812,54651]}\n>p1 move stealthrock\n>p2 move spikes\n>p1 move spikes\n>p2 move spikes\n>p1 move spikes\n>p2 move bugbuzz\n>p1 move spikes\n>p2 move bugbuzz\n>p1 switch 6\n>p1 move tripleaxel\n>p2 switch 3\n>p1 move suckerpunch\n>p2 move psychic\n>p2 switch 4\n>p1 move toxic\n>p2 move futuresight\n>p1 move suckerpunch\n>p2 move teleport\n>p2 switch 6\n>p1 switch 2\n>p2 move defog\n>p1 move sunsteelstrike\n>p2 switch 2\n>p1 switch 2\n>p2 move knockoff\n>p1 move tripleaxel\n>p2 switch 6\n>p1 switch 3\n>p2 move futuresight\n>p1 move boltbeak\n>p2 switch 5\n>p1 switch 2\n>p2 move knockoff\n>p1 switch 5\n>p1 move crunch\n>p2 switch 3\n>p1 switch 3\n>p2 move bugbuzz\n>p1 move closecombat\n>p2 move spikes\n>p2 switch 6\n>p1 move closecombat\n>p2 move dragondance\n>p1 move suckerpunch\n>p2 move dragondance\n>p1 move suckerpunch\n>p2 move dragondance\n>p1 move closecombat\n>p2 move icepunch\n>forcelose p1","uploadtime":1659793967,"views":21,"p1id":"gaenisalbino","p2id":"pikasha08","formatid":"gen8randombattle","rating":1302,"private":0,"password":null}