{"id":"gen8doublesou-1698272017","p1":"Blacksponge","p2":"Malsuika","format":"gen8doublesou","log":"|j|\u2606Blacksponge\n|j|\u2606Malsuika\n|t:|1667094893\n|gametype|doubles\n|player|p1|Blacksponge|lucas|1118\n|player|p2|Malsuika|brock|1314\n|teamsize|p1|6\n|teamsize|p2|6\n|gen|8\n|tier|[Gen 8] Doubles OU\n|rated|\n|rule|Species Clause: Limit one of each Pok\u00e9mon\n|rule|OHKO Clause: OHKO moves are banned\n|rule|Evasion Moves Clause: Evasion moves are banned\n|rule|Gravity Sleep Clause: The combination of sleep-inducing moves with imperfect accuracy and Gravity or Gigantamax Orbeetle are banned\n|rule|Endless Battle Clause: Forcing endless battles is banned\n|rule|HP Percentage Mod: HP is shown in percentages\n|rule|Dynamax Clause: You cannot dynamax\n|rule|Swagger Clause: Swagger is banned\n|clearpoke\n|poke|p1|Victini|\n|poke|p1|Malamar, M|\n|poke|p1|Blastoise, F|\n|poke|p1|Whimsicott, F|\n|poke|p1|Kyurem-Black|\n|poke|p1|Amoonguss, M|\n|poke|p2|Reuniclus, F|\n|poke|p2|Hatterene, F|\n|poke|p2|Dusclops, M|\n|poke|p2|Amoonguss, F|\n|poke|p2|Rhyperior, F|\n|poke|p2|Incineroar, M|\n|teampreview\n|inactive|Battle timer is ON: inactive players will automatically lose when time's up. (requested by Blacksponge)\n|\n|t:|1667094928\n|start\n|switch|p1a: Victini|Victini|100\/100\n|switch|p1b: Malamar|Malamar, M|100\/100\n|switch|p2a: Amoonguss|Amoonguss, F|100\/100\n|switch|p2b: Reuniclus|Reuniclus, F|100\/100\n|turn|1\n|\n|t:|1667094942\n|move|p2b: Reuniclus|Protect|p2b: Reuniclus\n|-singleturn|p2b: Reuniclus|Protect\n|move|p1a: Victini|V-create|p2a: Amoonguss\n|-supereffective|p2a: Amoonguss\n|-damage|p2a: Amoonguss|0 fnt\n|-unboost|p1a: Victini|spe|1\n|-unboost|p1a: Victini|def|1\n|-unboost|p1a: Victini|spd|1\n|faint|p2a: Amoonguss\n|move|p1b: Malamar|Topsy-Turvy|p1a: Victini\n|-invertboost|p1a: Victini|[from] move: Topsy-Turvy\n|\n|upkeep\n|\n|t:|1667094960\n|switch|p2a: Incineroar|Incineroar, M|100\/100\n|-ability|p2a: Incineroar|Intimidate|boost\n|-unboost|p1a: Victini|atk|1\n|-boost|p1b: Malamar|atk|1\n|turn|2\n|\n|t:|1667094977\n|move|p1a: Victini|Protect|p1a: Victini\n|-singleturn|p1a: Victini|Protect\n|move|p2a: Incineroar|Fake Out|p1a: Victini\n|-activate|p1a: Victini|move: Protect\n|move|p1b: Malamar|Hypnosis|p2a: Incineroar\n|-status|p2a: Incineroar|slp|[from] move: Hypnosis\n|move|p2b: Reuniclus|Trick Room|p2b: Reuniclus\n|-fieldstart|move: Trick Room|[of] p2b: Reuniclus\n|\n|upkeep\n|turn|3\n|\n|t:|1667094995\n|move|p2b: Reuniclus|Focus Blast|p1b: Malamar|[miss]\n|-miss|p2b: Reuniclus|p1b: Malamar\n|cant|p2a: Incineroar|slp\n|move|p1b: Malamar|Hypnosis|p2b: Reuniclus|[miss]\n|-miss|p1b: Malamar|p2b: Reuniclus\n|move|p1a: Victini|Skill Swap|p1b: Malamar\n|-activate|p1a: Victini|move: Skill Swap|||[of] p1b: Malamar\n|\n|upkeep\n|turn|4\n|\n|t:|1667095013\n|switch|p2a: Rhyperior|Rhyperior, F|100\/100\n|move|p2b: Reuniclus|Focus Blast|p1b: Malamar|[miss]\n|-miss|p2b: Reuniclus|p1b: Malamar\n|move|p1b: Malamar|Sunny Day|p1b: Malamar\n|-weather|SunnyDay\n|move|p1a: Victini|V-create|p2a: Rhyperior\n|-resisted|p2a: Rhyperior\n|-damage|p2a: Rhyperior|77\/100\n|-boost|p1a: Victini|spe|1\n|-boost|p1a: Victini|def|1\n|-boost|p1a: Victini|spd|1\n|\n|-weather|SunnyDay|[upkeep]\n|upkeep\n|turn|5\n|\n|t:|1667095031\n|move|p1a: Victini|Protect|p1a: Victini\n|-singleturn|p1a: Victini|Protect\n|move|p2b: Reuniclus|Focus Blast|p1b: Malamar\n|-damage|p1b: Malamar|34\/100\n|-enditem|p1b: Malamar|Sitrus Berry|[eat]\n|-heal|p1b: Malamar|59\/100|[from] item: Sitrus Berry\n|move|p2a: Rhyperior|High Horsepower|p1a: Victini\n|-activate|p1a: Victini|move: Protect\n|move|p1b: Malamar|Hypnosis|p2a: Rhyperior|[miss]\n|-miss|p1b: Malamar|p2a: Rhyperior\n|\n|-weather|SunnyDay|[upkeep]\n|upkeep\n|turn|6\n|\n|t:|1667095049\n|move|p1a: Victini|Protect||[still]\n|-fail|p1a: Victini\n|move|p1b: Malamar|Ally Switch|p1b: Malamar\n|swap|p1b: Malamar|0|[from] move: Ally Switch\n|move|p2b: Reuniclus|Focus Blast|p1b: Victini\n|-resisted|p1b: Victini\n|-damage|p1b: Victini|88\/100\n|move|p2a: Rhyperior|High Horsepower|p1a: Malamar\n|-damage|p1a: Malamar|0 fnt\n|faint|p1a: Malamar\n|\n|-weather|SunnyDay|[upkeep]\n|-fieldend|move: Trick Room\n|upkeep\n|\n|t:|1667095061\n|switch|p1a: Blastoise|Blastoise, F|100\/100\n|turn|7\n|\n|t:|1667095076\n|switch|p2a: Dusclops|Dusclops, M|100\/100\n|-item|p1a: Blastoise|Sitrus Berry|[from] ability: Frisk|[of] p2a: Dusclops|[identify]\n|-item|p1b: Victini|Sitrus Berry|[from] ability: Frisk|[of] p2a: Dusclops|[identify]\n|move|p1a: Blastoise|Follow Me|p1a: Blastoise\n|-singleturn|p1a: Blastoise|move: Follow Me\n|move|p1b: Victini|V-create|p2b: Reuniclus\n|-damage|p2b: Reuniclus|15\/100\n|-boost|p1b: Victini|spe|1\n|-boost|p1b: Victini|def|1\n|-boost|p1b: Victini|spd|1\n|move|p2b: Reuniclus|Trick Room|p2b: Reuniclus\n|-fieldstart|move: Trick Room|[of] p2b: Reuniclus\n|\n|-weather|SunnyDay|[upkeep]\n|upkeep\n|turn|8\n|inactive|Malsuika has 120 seconds left.\n|\n|t:|1667095112\n|move|p2a: Dusclops|Ally Switch|p2a: Dusclops\n|swap|p2a: Dusclops|1|[from] move: Ally Switch\n|move|p1a: Blastoise|Follow Me|p1a: Blastoise\n|-singleturn|p1a: Blastoise|move: Follow Me\n|move|p2a: Reuniclus|Psychic|p1a: Blastoise\n|-damage|p1a: Blastoise|49\/100\n|-enditem|p1a: Blastoise|Sitrus Berry|[eat]\n|-heal|p1a: Blastoise|74\/100|[from] item: Sitrus Berry\n|move|p1b: Victini|V-create|p2a: Reuniclus\n|-damage|p2a: Reuniclus|0 fnt\n|-boost|p1b: Victini|spe|1\n|-boost|p1b: Victini|def|1\n|-boost|p1b: Victini|spd|1\n|faint|p2a: Reuniclus\n|\n|-weather|none\n|upkeep\n|\n|t:|1667095126\n|switch|p2a: Incineroar|Incineroar, M|100\/100 slp\n|-ability|p2a: Incineroar|Intimidate|boost\n|-unboost|p1a: Blastoise|atk|1\n|-boost|p1b: Victini|atk|1\n|turn|9\n|\n|t:|1667095140\n|move|p2b: Dusclops|Night Shade|p1b: Victini\n|-damage|p1b: Victini|62\/100\n|cant|p2a: Incineroar|slp\n|move|p1a: Blastoise|Flip Turn|p2a: Incineroar\n|-supereffective|p2a: Incineroar\n|-damage|p2a: Incineroar|80\/100 slp\n|\n|t:|1667095152\n|switch|p1a: Whimsicott|Whimsicott, F|100\/100|[from]move: Flip Turn\n|move|p1b: Victini|V-create|p2b: Dusclops\n|-damage|p2b: Dusclops|54\/100\n|-boost|p1b: Victini|spe|1\n|-boost|p1b: Victini|def|1\n|-boost|p1b: Victini|spd|1\n|\n|upkeep\n|turn|10\n|\n|t:|1667095165\n|move|p2b: Dusclops|Ally Switch|p2b: Dusclops\n|swap|p2b: Dusclops|0|[from] move: Ally Switch\n|move|p1a: Whimsicott|Tickle|p2a: Dusclops\n|-unboost|p2a: Dusclops|atk|1\n|-unboost|p2a: Dusclops|def|1\n|cant|p2b: Incineroar|slp\n|move|p1b: Victini|V-create|p2a: Dusclops\n|-damage|p2a: Dusclops|0 fnt\n|-boost|p1b: Victini|spe|1\n|-boost|p1b: Victini|def|1\n|-boost|p1b: Victini|spd|1\n|faint|p2a: Dusclops\n|\n|upkeep\n|\n|t:|1667095175\n|switch|p2a: Rhyperior|Rhyperior, F|77\/100\n|turn|11\n|\n|t:|1667095190\n|move|p1b: Victini|Protect|p1b: Victini\n|-singleturn|p1b: Victini|Protect\n|move|p1a: Whimsicott|Tickle|p2b: Incineroar\n|-hint|Since gen 7, Dark is immune to Prankster moves.\n|-immune|p2b: Incineroar\n|move|p2a: Rhyperior|High Horsepower|p1b: Victini\n|-activate|p1b: Victini|move: Protect\n|-curestatus|p2b: Incineroar|slp|[msg]\n|move|p2b: Incineroar|Flare Blitz|p1a: Whimsicott\n|-supereffective|p1a: Whimsicott\n|-enditem|p1a: Whimsicott|Focus Sash\n|-damage|p1a: Whimsicott|1\/100\n|-damage|p2b: Incineroar|58\/100|[from] Recoil\n|\n|-fieldend|move: Trick Room\n|upkeep\n|turn|12\n|\n|t:|1667095211\n|switch|p2b: Hatterene|Hatterene, F|100\/100\n|move|p1a: Whimsicott|Helping Hand|p1b: Victini\n|-singleturn|p1b: Victini|Helping Hand|[of] p1a: Whimsicott\n|move|p1b: Victini|V-create|p2b: Hatterene\n|-damage|p2b: Hatterene|0 fnt\n|faint|p2b: Hatterene\n|move|p2a: Rhyperior|High Horsepower|p1b: Victini\n|-supereffective|p1b: Victini\n|-damage|p1b: Victini|21\/100\n|-enditem|p1b: Victini|Sitrus Berry|[eat]\n|-heal|p1b: Victini|46\/100|[from] item: Sitrus Berry\n|\n|upkeep\n|\n|t:|1667095223\n|switch|p2b: Incineroar|Incineroar, M|58\/100\n|-ability|p2b: Incineroar|Intimidate|boost\n|-unboost|p1a: Whimsicott|atk|1\n|-boost|p1b: Victini|atk|1\n|turn|13\n|\n|t:|1667095234\n|move|p1a: Whimsicott|Protect|p1a: Whimsicott\n|-singleturn|p1a: Whimsicott|Protect\n|move|p1b: Victini|Protect|p1b: Victini\n|-singleturn|p1b: Victini|Protect\n|move|p2b: Incineroar|Fake Out|p1a: Whimsicott\n|-activate|p1a: Whimsicott|move: Protect\n|move|p2a: Rhyperior|High Horsepower|p1b: Victini\n|-activate|p1b: Victini|move: Protect\n|\n|upkeep\n|turn|14\n|\n|t:|1667095250\n|move|p1a: Whimsicott|Helping Hand|p1b: Victini\n|-singleturn|p1b: Victini|Helping Hand|[of] p1a: Whimsicott\n|move|p1b: Victini|V-create|p2b: Incineroar\n|-resisted|p2b: Incineroar\n|-damage|p2b: Incineroar|0 fnt\n|faint|p2b: Incineroar\n|move|p2a: Rhyperior|High Horsepower|p1b: Victini\n|-supereffective|p1b: Victini\n|-damage|p1b: Victini|11\/100\n|\n|upkeep\n|turn|15\n|-message|Malsuika forfeited.\n|\n|win|Blacksponge\n|raw|Blacksponge's rating: 1118 &rarr; <strong>1156<\/strong><br \/>(+38 for winning)\n|raw|Malsuika's rating: 1314 &rarr; <strong>1284<\/strong><br \/>(-30 for losing)\n|l|\u2606Malsuika\n||Ladder isn't responding, score probably updated but might not have (Request timeout).\n","uploadtime":1667095261,"views":5,"p1id":"blacksponge","p2id":"malsuika","formatid":"gen8doublesou","rating":1156,"private":0,"password":null}