{"id":"monotype-394200922","p1":"Char'sDeletedA&W","p2":"therockcena","format":"monotype","log":"|j|Char'sDeletedA&W\n|j|therockcena\n|player|p1|Char'sDeletedA&W|57\n|player|p2|therockcena|101\n|gametype|singles\n|gen|6\n|tier|Monotype\n|rated\n|seed|\n|rule|Baton Pass Clause: Limit one Baton Passer, can't pass Spe and other stats simultaneously\n|rule|Swagger Clause: Swagger is banned\n|rule|Same Type Clause: Pok\u00e9mon in a team must share a type\n|clearpoke\n|poke|p1|Pidgeot, M|item\n|poke|p1|Kecleon, F, shiny|item\n|poke|p1|Heliolisk, F|item\n|poke|p1|Slaking, F|item\n|poke|p1|Staraptor, F, shiny|item\n|poke|p1|Diggersby, M, shiny|item\n|poke|p2|Nidoking, M|item\n|poke|p2|Gliscor, M|item\n|poke|p2|Quagsire, M, shiny|item\n|poke|p2|Rhydon, M, shiny|item\n|poke|p2|Gastrodon-East, M, shiny|item\n|poke|p2|Torterra, M, shiny|item\n|rule|Sleep Clause Mod: Limit one foe put to sleep\n|rule|Species Clause: Limit one of each Pok\u00e9mon\n|rule|OHKO Clause: OHKO moves are banned\n|rule|Moody Clause: Moody is banned\n|rule|Evasion Moves Clause: Evasion moves are banned\n|rule|Endless Battle Clause: Forcing endless battles is banned\n|rule|HP Percentage Mod: HP is shown in percentages\n|teampreview\n|choice||\n|\n|start\n|switch|p1a: Pantysnatch|Kecleon, F, shiny|100\/100\n|switch|p2a: Nidoking|Nidoking, M|100\/100\n|turn|1\n|choice||\n|\n|switch|p2a: Rhydon|Rhydon, M, shiny|100\/100\n|move|p1a: Pantysnatch|Knock Off|p2a: Rhydon\n|-start|p1a: Pantysnatch|typechange|Dark|[from] Protean\n|-damage|p2a: Rhydon|80\/100\n|-enditem|p2a: Rhydon|Eviolite|[from] move: Knock Off|[of] p1a: Pantysnatch\n|\n|turn|2\n|choice||\n|\n|move|p2a: Rhydon|Rock Polish|p2a: Rhydon\n|-boost|p2a: Rhydon|spe|2\n|move|p1a: Pantysnatch|Drain Punch|p2a: Rhydon\n|-start|p1a: Pantysnatch|typechange|Fighting|[from] Protean\n|-supereffective|p2a: Rhydon\n|-damage|p2a: Rhydon|25\/100\n|\n|turn|3\n|choice||\n|\n|move|p2a: Rhydon|Earthquake|p1a: Pantysnatch\n|-damage|p1a: Pantysnatch|43\/100\n|move|p1a: Pantysnatch|Drain Punch|p2a: Rhydon\n|-supereffective|p2a: Rhydon\n|-damage|p2a: Rhydon|0 fnt\n|-heal|p1a: Pantysnatch|59\/100|[from] drain|[of] p2a: Rhydon\n|faint|p2a: Rhydon\n|\n|choice||\n|\n|switch|p2a: Quagsire|Quagsire, M, shiny|100\/100\n|turn|4\n|choice||\n|\n|move|p1a: Pantysnatch|Knock Off|p2a: Quagsire\n|-start|p1a: Pantysnatch|typechange|Dark|[from] Protean\n|-damage|p2a: Quagsire|65\/100\n|-enditem|p2a: Quagsire|Leftovers|[from] move: Knock Off|[of] p1a: Pantysnatch\n|move|p2a: Quagsire|Curse|p2a: Quagsire\n|-unboost|p2a: Quagsire|spe|1\n|-boost|p2a: Quagsire|atk|1\n|-boost|p2a: Quagsire|def|1\n|\n|turn|5\n|choice||\n|\n|switch|p1a: Aftermath\u00e9o|Pidgeot, M|100\/100\n|move|p2a: Quagsire|Recover|p2a: Quagsire\n|-heal|p2a: Quagsire|100\/100\n|\n|turn|6\n|choice||\n|\n|detailschange|p1a: Aftermath\u00e9o|Pidgeot-Mega, M\n|-mega|p1a: Aftermath\u00e9o|Pidgeot|Pidgeotite\n|move|p2a: Quagsire|Amnesia|p2a: Quagsire\n|-boost|p2a: Quagsire|spd|2\n|move|p1a: Aftermath\u00e9o|Whirlwind|p2a: Quagsire\n|drag|p2a: Nidoking|Nidoking, M|100\/100\n|\n|turn|7\n|choice||\n|\n|move|p1a: Aftermath\u00e9o|Hurricane|p2a: Nidoking\n|-damage|p2a: Nidoking|30\/100\n|move|p2a: Nidoking|Thunderbolt|p1a: Aftermath\u00e9o\n|-supereffective|p1a: Aftermath\u00e9o\n|-damage|p1a: Aftermath\u00e9o|0 fnt\n|faint|p1a: Aftermath\u00e9o\n|\n|choice||\n|\n|switch|p1a: Patio Broom|Heliolisk, F|100\/100\n|turn|8\n|choice||\n|\n|move|p1a: Patio Broom|Hyper Voice|p2a: Nidoking\n|-damage|p2a: Nidoking|0 fnt\n|faint|p2a: Nidoking\n|\n|choice||\n|\n|switch|p2a: Torterra|Torterra, M, shiny|100\/100\n|turn|9\n|choice||\n|\n|switch|p1a: P.E. Girl|Staraptor, F, shiny|100\/100\n|move|p2a: Torterra|Earthquake|p1a: P.E. Girl\n|-immune|p1a: P.E. Girl|[msg]\n|\n|turn|10\n|choice||\n|\n|move|p1a: P.E. Girl|Brave Bird|p2a: Torterra\n|-supereffective|p2a: Torterra\n|-damage|p2a: Torterra|0 fnt\n|-damage|p1a: P.E. Girl|59\/100|[from] recoil|[of] p2a: Torterra\n|faint|p2a: Torterra\n|\n|choice||\n|\n|switch|p2a: Quagsire|Quagsire, M, shiny|100\/100\n|turn|11\n|choice||\n|\n|move|p1a: P.E. Girl|Brave Bird|p2a: Quagsire\n|-damage|p2a: Quagsire|25\/100\n|-damage|p1a: P.E. Girl|32\/100|[from] recoil|[of] p2a: Quagsire\n|move|p2a: Quagsire|Curse|p2a: Quagsire\n|-unboost|p2a: Quagsire|spe|1\n|-boost|p2a: Quagsire|atk|1\n|-boost|p2a: Quagsire|def|1\n|\n|turn|12\n|choice||\n|\n|move|p1a: P.E. Girl|Brave Bird|p2a: Quagsire\n|-crit|p2a: Quagsire\n|-damage|p2a: Quagsire|0 fnt\n|-damage|p1a: P.E. Girl|23\/100|[from] recoil|[of] p2a: Quagsire\n|faint|p2a: Quagsire\n|\n|choice||\n|\n|switch|p2a: Gliscor|Gliscor, M|100\/100\n|turn|13\n|choice||\n|\n|switch|p1a: Patio Broom|Heliolisk, F|100\/100\n|move|p2a: Gliscor|Roost|p2a: Gliscor\n|-fail|p2a: Gliscor\n|\n|-status|p2a: Gliscor|tox|[from] item: Toxic Orb\n|turn|14\n|choice||\n|\n|move|p1a: Patio Broom|Surf|p2a: Gliscor\n|-supereffective|p2a: Gliscor\n|-damage|p2a: Gliscor|42\/100 tox\n|move|p2a: Gliscor|Swords Dance|p2a: Gliscor\n|-boost|p2a: Gliscor|atk|2\n|\n|-heal|p2a: Gliscor|54\/100 tox|[from] ability: Poison Heal\n|turn|15\n|choice||\n|\n|move|p1a: Patio Broom|Surf|p2a: Gliscor\n|-supereffective|p2a: Gliscor\n|-damage|p2a: Gliscor|0 fnt\n|faint|p2a: Gliscor\n|\n|choice||\n|\n|switch|p2a: Gastrodon|Gastrodon-East, M, shiny|100\/100\n|turn|16\n|choice||\n|\n|move|p1a: Patio Broom|Glare|p2a: Gastrodon\n|-status|p2a: Gastrodon|par\n|move|p2a: Gastrodon|Amnesia|p2a: Gastrodon\n|-boost|p2a: Gastrodon|spd|2\n|\n|turn|17\n|choice||\n|\n|switch|p1a: P.E. Girl|Staraptor, F, shiny|23\/100\n|move|p2a: Gastrodon|Curse|p2a: Gastrodon\n|-unboost|p2a: Gastrodon|spe|1\n|-boost|p2a: Gastrodon|atk|1\n|-boost|p2a: Gastrodon|def|1\n|\n|turn|18\n|choice||\n|\n|move|p1a: P.E. Girl|Double-Edge|p2a: Gastrodon\n|-damage|p2a: Gastrodon|58\/100 par\n|-damage|p1a: P.E. Girl|7\/100|[from] recoil|[of] p2a: Gastrodon\n|move|p2a: Gastrodon|Curse|p2a: Gastrodon\n|-unboost|p2a: Gastrodon|spe|1\n|-boost|p2a: Gastrodon|atk|1\n|-boost|p2a: Gastrodon|def|1\n|\n|-heal|p2a: Gastrodon|64\/100 par|[from] item: Leftovers\n|turn|19\n|choice||\n|\n|move|p1a: P.E. Girl|Double-Edge|p2a: Gastrodon\n|-damage|p2a: Gastrodon|32\/100 par\n|-damage|p1a: P.E. Girl|0 fnt|[from] recoil|[of] p2a: Gastrodon\n|faint|p1a: P.E. Girl\n|move|p2a: Gastrodon|Recover|p2a: Gastrodon\n|-heal|p2a: Gastrodon|82\/100 par\n|\n|-heal|p2a: Gastrodon|88\/100 par|[from] item: Leftovers\n|choice||\n|\n|switch|p1a: Dozer Dowry|Slaking, F|100\/100\n|turn|20\n|choice||\n|\n|move|p1a: Dozer Dowry|Retaliate|p2a: Gastrodon\n|-damage|p2a: Gastrodon|33\/100 par\n|move|p2a: Gastrodon|Recover|p2a: Gastrodon\n|-heal|p2a: Gastrodon|83\/100 par\n|\n|-heal|p2a: Gastrodon|89\/100 par|[from] item: Leftovers\n|turn|21\n|choice||\n|\n|switch|p1a: Pantysnatch|Kecleon, F, shiny|59\/100\n|move|p2a: Gastrodon|Curse|p2a: Gastrodon\n|-unboost|p2a: Gastrodon|spe|1\n|-boost|p2a: Gastrodon|atk|1\n|-boost|p2a: Gastrodon|def|1\n|\n|-heal|p2a: Gastrodon|95\/100 par|[from] item: Leftovers\n|turn|22\n|choice||\n|\n|move|p1a: Pantysnatch|Knock Off|p2a: Gastrodon\n|-start|p1a: Pantysnatch|typechange|Dark|[from] Protean\n|-damage|p2a: Gastrodon|78\/100 par\n|-enditem|p2a: Gastrodon|Leftovers|[from] move: Knock Off|[of] p1a: Pantysnatch\n|move|p2a: Gastrodon|Curse|p2a: Gastrodon\n|-unboost|p2a: Gastrodon|spe|1\n|-boost|p2a: Gastrodon|atk|1\n|-boost|p2a: Gastrodon|def|1\n|\n|turn|23\n|choice||\n|\n|move|p1a: Pantysnatch|Drain Punch|p2a: Gastrodon\n|-start|p1a: Pantysnatch|typechange|Fighting|[from] Protean\n|-damage|p2a: Gastrodon|69\/100 par\n|-heal|p1a: Pantysnatch|64\/100|[from] drain|[of] p2a: Gastrodon\n|move|p2a: Gastrodon|Curse|p2a: Gastrodon\n|-unboost|p2a: Gastrodon|spe|1\n|-boost|p2a: Gastrodon|atk|1\n|-boost|p2a: Gastrodon|def|1\n|\n|turn|24\n|choice||\n|\n|move|p1a: Pantysnatch|Drain Punch|p2a: Gastrodon\n|-damage|p2a: Gastrodon|61\/100 par\n|-heal|p1a: Pantysnatch|69\/100|[from] drain|[of] p2a: Gastrodon\n|cant|p2a: Gastrodon|par\n|\n|turn|25\n|choice||\n|\n|move|p1a: Pantysnatch|Drain Punch|p2a: Gastrodon\n|-damage|p2a: Gastrodon|53\/100 par\n|-heal|p1a: Pantysnatch|73\/100|[from] drain|[of] p2a: Gastrodon\n|cant|p2a: Gastrodon|par\n|\n|turn|26\n|choice||\n|\n|move|p1a: Pantysnatch|Shadow Sneak|p2a: Gastrodon\n|-start|p1a: Pantysnatch|typechange|Ghost|[from] Protean\n|-damage|p2a: Gastrodon|48\/100 par\n|move|p2a: Gastrodon|Curse|p2a: Gastrodon\n|-unboost|p2a: Gastrodon|spe|1\n|-boost|p2a: Gastrodon|atk|1\n|-boost|p2a: Gastrodon|def|1\n|\n|turn|27\n|choice||\n|\n|move|p1a: Pantysnatch|Knock Off|p2a: Gastrodon\n|-start|p1a: Pantysnatch|typechange|Dark|[from] Protean\n|-damage|p2a: Gastrodon|42\/100 par\n|move|p2a: Gastrodon|Recover|p2a: Gastrodon\n|-heal|p2a: Gastrodon|92\/100 par\n|\n|turn|28\n|choice||\n|\n|move|p1a: Pantysnatch|Knock Off|p2a: Gastrodon\n|-damage|p2a: Gastrodon|86\/100 par\n|cant|p2a: Gastrodon|par\n|\n|turn|29\n|choice||\n|\n|move|p1a: Pantysnatch|Knock Off|p2a: Gastrodon\n|-damage|p2a: Gastrodon|80\/100 par\n|move|p2a: Gastrodon|Amnesia|p2a: Gastrodon\n|-boost|p2a: Gastrodon|spd|2\n|\n|turn|30\n|choice||\n|\n|move|p1a: Pantysnatch|Knock Off|p2a: Gastrodon\n|-damage|p2a: Gastrodon|74\/100 par\n|move|p2a: Gastrodon|Amnesia|p2a: Gastrodon\n|-boost|p2a: Gastrodon|spd|2\n|\n|turn|31\n|choice||\n|\n|move|p1a: Pantysnatch|Knock Off|p2a: Gastrodon\n|-damage|p2a: Gastrodon|67\/100 par\n|move|p2a: Gastrodon|Recover|p2a: Gastrodon\n|-heal|p2a: Gastrodon|100\/100 par\n|\n|turn|32\n|choice||\n|\n|move|p1a: Pantysnatch|Knock Off|p2a: Gastrodon\n|-crit|p2a: Gastrodon\n|-damage|p2a: Gastrodon|66\/100 par\n|move|p2a: Gastrodon|Waterfall|p1a: Pantysnatch\n|-damage|p1a: Pantysnatch|0 fnt\n|faint|p1a: Pantysnatch\n|\n|choice||\n|\n|switch|p1a: Patio Broom|Heliolisk, F|100\/100\n|turn|33\n|c|\u2605Char'sDeletedA&W|sorry\n|choice||\n|\n|move|p1a: Patio Broom|Hyper Voice|p2a: Gastrodon\n|-damage|p2a: Gastrodon|58\/100 par\n|move|p2a: Gastrodon|Recover|p2a: Gastrodon\n|-heal|p2a: Gastrodon|100\/100 par\n|\n|turn|34\n|c|\u2605Char'sDeletedA&W|even if this heals you\n|c|\u2605Char'sDeletedA&W|you're only move is waterfall\n|c|\u2605therockcena|storm drain doesn't heal\n|c|\u2605Char'sDeletedA&W|ohh\n|c|\u2605therockcena|you don't have any water absorbers\n|choice||\n|\n|move|p1a: Patio Broom|Surf|p2a: Gastrodon\n|-ability|p2a: Gastrodon|Storm Drain|boost\n|-boost|p2a: Gastrodon|spa|1\n|move|p2a: Gastrodon|Waterfall|p1a: Patio Broom\n|-immune|p1a: Patio Broom|[msg]|[from] ability: Dry Skin\n|\n|turn|35\n|c|\u2605Char'sDeletedA&W|I do\n|c|\u2605therockcena|oh no\n|c|\u2605therockcena|dang it\n|c|\u2605Char'sDeletedA&W|should have said so earlier.\n|c|\u2605Char'sDeletedA&W|sorry\n|c|\u2605therockcena|i quess i will pp stall\n|choice||\n|\n|move|p1a: Patio Broom|Surf|p2a: Gastrodon\n|-ability|p2a: Gastrodon|Storm Drain|boost\n|-boost|p2a: Gastrodon|spa|1\n|move|p2a: Gastrodon|Curse|p2a: Gastrodon\n|\n|turn|36\n|c|\u2605Char'sDeletedA&W|aight\n|choice||\n|\n|move|p1a: Patio Broom|Hyper Voice|p2a: Gastrodon\n|-damage|p2a: Gastrodon|92\/100 par\n|cant|p2a: Gastrodon|par\n|\n|turn|37\n|choice||\n|\n|move|p1a: Patio Broom|Glare|p2a: Gastrodon\n|-fail|p2a: Gastrodon|par\n|move|p2a: Gastrodon|Curse|p2a: Gastrodon\n|\n|turn|38\n|choice||\n|\n|move|p1a: Patio Broom|Glare|p2a: Gastrodon\n|-fail|p2a: Gastrodon|par\n|move|p2a: Gastrodon|Curse|p2a: Gastrodon\n|\n|turn|39\n|c|\u2605Char'sDeletedA&W|this is a part of the game.\n|c|\u2605therockcena|what is your otem\n|choice||\n|\n|move|p1a: Patio Broom|Glare|p2a: Gastrodon\n|-fail|p2a: Gastrodon|par\n|move|p2a: Gastrodon|Curse|p2a: Gastrodon\n|\n|turn|40\n|c|\u2605Char'sDeletedA&W|my what\n|c|\u2605therockcena|item\n|c|\u2605therockcena|auto ccorrect\n|choice||\n|\n|move|p1a: Patio Broom|Glare|p2a: Gastrodon\n|-fail|p2a: Gastrodon|par\n|move|p2a: Gastrodon|Curse|p2a: Gastrodon\n|\n|turn|41\n|c|\u2605Char'sDeletedA&W|leftovers\n|c|\u2605therockcena|oh\n|c|\u2605therockcena|get ready to struggle\n|choice||\n|\n|move|p1a: Patio Broom|Glare|p2a: Gastrodon\n|-fail|p2a: Gastrodon|par\n|move|p2a: Gastrodon|Curse|p2a: Gastrodon\n|\n|turn|42\n|c|\u2605Char'sDeletedA&W|we really gonna do this for 70 more turns?\n|choice||\n|\n|move|p1a: Patio Broom|Glare|p2a: Gastrodon\n|-fail|p2a: Gastrodon|par\n|cant|p2a: Gastrodon|par\n|\n|turn|43\n|c|\u2605therockcena|yes\n|choice||\n|\n|move|p1a: Patio Broom|Glare|p2a: Gastrodon\n|-fail|p2a: Gastrodon|par\n|move|p2a: Gastrodon|Amnesia|p2a: Gastrodon\n|-fail|p2a: Gastrodon\n|\n|turn|44\n|c|\u2605therockcena|i got no plans\n|choice||\n|\n|move|p1a: Patio Broom|Glare|p2a: Gastrodon\n|-fail|p2a: Gastrodon|par\n|move|p2a: Gastrodon|Curse|p2a: Gastrodon\n|\n|turn|45\n|choice||\n|\n|move|p1a: Patio Broom|Hyper Voice|p2a: Gastrodon\n|-damage|p2a: Gastrodon|82\/100 par\n|move|p2a: Gastrodon|Curse|p2a: Gastrodon\n|\n|turn|46\n|choice||\n|\n|move|p1a: Patio Broom|Hyper Voice|p2a: Gastrodon\n|-damage|p2a: Gastrodon|73\/100 par\n|move|p2a: Gastrodon|Curse|p2a: Gastrodon\n|\n|turn|47\n|choice||\n|\n|move|p1a: Patio Broom|Hyper Voice|p2a: Gastrodon\n|-damage|p2a: Gastrodon|64\/100 par\n|move|p2a: Gastrodon|Curse|p2a: Gastrodon\n|\n|turn|48\n|choice||\n|\n|move|p1a: Patio Broom|Hyper Voice|p2a: Gastrodon\n|-damage|p2a: Gastrodon|54\/100 par\n|move|p2a: Gastrodon|Amnesia|p2a: Gastrodon\n|-fail|p2a: Gastrodon\n|\n|turn|49\n|choice||\n|\n|move|p1a: Patio Broom|Thunderbolt|p2a: Gastrodon\n|-immune|p2a: Gastrodon|[msg]\n|move|p2a: Gastrodon|Recover|p2a: Gastrodon\n|-heal|p2a: Gastrodon|100\/100 par\n|\n|turn|50\n|choice||\n|\n|move|p1a: Patio Broom|Surf|p2a: Gastrodon\n|-ability|p2a: Gastrodon|Storm Drain|boost\n|-boost|p2a: Gastrodon|spa|1\n|move|p2a: Gastrodon|Amnesia|p2a: Gastrodon\n|-fail|p2a: Gastrodon\n|\n|turn|51\n|choice||\n|\n|move|p1a: Patio Broom|Surf|p2a: Gastrodon\n|-ability|p2a: Gastrodon|Storm Drain|boost\n|-boost|p2a: Gastrodon|spa|1\n|move|p2a: Gastrodon|Amnesia|p2a: Gastrodon\n|-fail|p2a: Gastrodon\n|\n|turn|52\n|choice||\n|\n|move|p1a: Patio Broom|Surf|p2a: Gastrodon\n|-ability|p2a: Gastrodon|Storm Drain|boost\n|-boost|p2a: Gastrodon|spa|1\n|move|p2a: Gastrodon|Amnesia|p2a: Gastrodon\n|-fail|p2a: Gastrodon\n|\n|turn|53\n|c|\u2605therockcena|im mr never give up\n|choice||\n|\n|move|p1a: Patio Broom|Surf|p2a: Gastrodon\n|-ability|p2a: Gastrodon|Storm Drain|boost\n|-boost|p2a: Gastrodon|spa|1\n|cant|p2a: Gastrodon|par\n|\n|turn|54\n|c|\u2605Char'sDeletedA&W|!dt struggle\n|c|~|\/data-move Struggle\n|raw|<font size=\"1\"><font color=\"#686868\">Priority:<\/font> 0&nbsp;|&ThickSpace;<font color=\"#686868\">Gen:<\/font> 1&nbsp;|&ThickSpace;&#10003; Contact&nbsp;|&ThickSpace;<font color=\"#686868\">Target:<\/font> Unknown<\/font>\n|choice||\n|\n|move|p1a: Patio Broom|Glare|p2a: Gastrodon\n|-fail|p2a: Gastrodon|par\n|move|p2a: Gastrodon|Amnesia|p2a: Gastrodon\n|-fail|p2a: Gastrodon\n|\n|turn|55\n|choice||\n|\n|move|p1a: Patio Broom|Surf|p2a: Gastrodon\n|-immune|p2a: Gastrodon|[msg]|[from] ability: Storm Drain\n|cant|p2a: Gastrodon|par\n|\n|turn|56\n|c|\u2605Char'sDeletedA&W|you may kill both of my other pokemon in one hit,\n|c|\u2605Char'sDeletedA&W|or you may not.\n|choice||\n|\n|move|p1a: Patio Broom|Surf|p2a: Gastrodon\n|-immune|p2a: Gastrodon|[msg]|[from] ability: Storm Drain\n|move|p2a: Gastrodon|Amnesia|p2a: Gastrodon\n|-fail|p2a: Gastrodon\n|\n|turn|57\n|c|\u2605Char'sDeletedA&W|they both are full hp\n|c|\u2605therockcena|i will struggle kill all your pokemon\n|choice||\n|\n|move|p1a: Patio Broom|Surf|p2a: Gastrodon\n|-immune|p2a: Gastrodon|[msg]|[from] ability: Storm Drain\n|move|p2a: Gastrodon|Amnesia|p2a: Gastrodon\n|-fail|p2a: Gastrodon\n|\n|turn|58\n|c|\u2605Char'sDeletedA&W|Really?\n|c|\u2605Char'sDeletedA&W|you may die first\n|c|\u2605therockcena|yes\n|c|\u2605therockcena|cindy will livwe\n|c|\u2605therockcena|live\n|choice||\n|\n|move|p1a: Patio Broom|Thunderbolt|p2a: Gastrodon\n|-immune|p2a: Gastrodon|[msg]\n|move|p2a: Gastrodon|Amnesia|p2a: Gastrodon\n|-fail|p2a: Gastrodon\n|\n|turn|59\n|c|\u2605Char'sDeletedA&W|think so?\n|choice||\n|\n|move|p1a: Patio Broom|Surf|p2a: Gastrodon\n|-immune|p2a: Gastrodon|[msg]|[from] ability: Storm Drain\n|move|p2a: Gastrodon|Amnesia|p2a: Gastrodon\n|-fail|p2a: Gastrodon\n|\n|turn|60\n|choice||\n|\n|move|p1a: Patio Broom|Glare|p2a: Gastrodon\n|-fail|p2a: Gastrodon|par\n|move|p2a: Gastrodon|Amnesia|p2a: Gastrodon\n|-fail|p2a: Gastrodon\n|\n|turn|61\n|c|\u2605therockcena|yes\n|c|\u2605therockcena|no dought\n|choice||\n|\n|move|p1a: Patio Broom|Glare|p2a: Gastrodon\n|-fail|p2a: Gastrodon|par\n|move|p2a: Gastrodon|Amnesia|p2a: Gastrodon\n|-fail|p2a: Gastrodon\n|\n|turn|62\n|c|\u2605Char'sDeletedA&W|doubt*\n|choice||\n|\n|move|p1a: Patio Broom|Glare|p2a: Gastrodon\n|-fail|p2a: Gastrodon|par\n|move|p2a: Gastrodon|Amnesia|p2a: Gastrodon\n|-fail|p2a: Gastrodon\n|\n|turn|63\n|choice||\n|\n|move|p1a: Patio Broom|Thunderbolt|p2a: Gastrodon\n|-immune|p2a: Gastrodon|[msg]\n|move|p2a: Gastrodon|Amnesia|p2a: Gastrodon\n|-fail|p2a: Gastrodon\n|\n|turn|64\n|choice||\n|\n|move|p1a: Patio Broom|Glare|p2a: Gastrodon\n|-fail|p2a: Gastrodon|par\n|move|p2a: Gastrodon|Amnesia|p2a: Gastrodon\n|-fail|p2a: Gastrodon\n|\n|turn|65\n|choice||\n|\n|move|p1a: Patio Broom|Glare|p2a: Gastrodon\n|-fail|p2a: Gastrodon|par\n|move|p2a: Gastrodon|Amnesia|p2a: Gastrodon\n|-fail|p2a: Gastrodon\n|\n|turn|66\n|choice||\n|\n|move|p1a: Patio Broom|Glare|p2a: Gastrodon\n|-fail|p2a: Gastrodon|par\n|move|p2a: Gastrodon|Amnesia|p2a: Gastrodon\n|-fail|p2a: Gastrodon\n|\n|turn|67\n|choice||\n|\n|move|p1a: Patio Broom|Thunderbolt|p2a: Gastrodon\n|-immune|p2a: Gastrodon|[msg]\n|move|p2a: Gastrodon|Amnesia|p2a: Gastrodon\n|-fail|p2a: Gastrodon\n|\n|turn|68\n|choice||\n|\n|move|p1a: Patio Broom|Thunderbolt|p2a: Gastrodon\n|-immune|p2a: Gastrodon|[msg]\n|move|p2a: Gastrodon|Amnesia|p2a: Gastrodon\n|-fail|p2a: Gastrodon\n|\n|turn|69\n|choice||\n|\n|move|p1a: Patio Broom|Thunderbolt|p2a: Gastrodon\n|-immune|p2a: Gastrodon|[msg]\n|move|p2a: Gastrodon|Amnesia|p2a: Gastrodon\n|-fail|p2a: Gastrodon\n|\n|turn|70\n|choice||\n|\n|move|p1a: Patio Broom|Thunderbolt|p2a: Gastrodon\n|-immune|p2a: Gastrodon|[msg]\n|move|p2a: Gastrodon|Amnesia|p2a: Gastrodon\n|-fail|p2a: Gastrodon\n|\n|turn|71\n|choice||\n|\n|move|p1a: Patio Broom|Thunderbolt|p2a: Gastrodon\n|-immune|p2a: Gastrodon|[msg]\n|move|p2a: Gastrodon|Amnesia|p2a: Gastrodon\n|-fail|p2a: Gastrodon\n|\n|turn|72\n|c|\u2605therockcena|oh no you have more pp\n|choice||\n|\n|move|p1a: Patio Broom|Glare|p2a: Gastrodon\n|-fail|p2a: Gastrodon|par\n|move|p2a: Gastrodon|Amnesia|p2a: Gastrodon\n|-fail|p2a: Gastrodon\n|\n|turn|73\n|c|\u2605Char'sDeletedA&W|so?\n|choice||\n|\n|move|p1a: Patio Broom|Glare|p2a: Gastrodon\n|-fail|p2a: Gastrodon|par\n|cant|p2a: Gastrodon|par\n|\n|turn|74\n|c|\u2605Char'sDeletedA&W|I'll forever respect gastrodon if this works.\n|choice||\n|\n|move|p1a: Patio Broom|Glare|p2a: Gastrodon\n|-fail|p2a: Gastrodon|par\n|cant|p2a: Gastrodon|par\n|\n|turn|75\n|c|\u2605therockcena|i am also watching an anime\n|choice||\n|\n|move|p1a: Patio Broom|Glare|p2a: Gastrodon\n|-fail|p2a: Gastrodon|par\n|cant|p2a: Gastrodon|par\n|\n|turn|76\n|c|\u2605Char'sDeletedA&W|which one?\n|c|\u2605Char'sDeletedA&W|the Simpsons\n|c|\u2605therockcena|no\n|c|\u2605therockcena|hold on\n|c|\u2605Char'sDeletedA&W|Cory in the House\n|c|\u2605therockcena|brynhildr in the darkness\n|c|\u2605therockcena|it is good\n|choice||\n|\n|move|p1a: Patio Broom|Glare|p2a: Gastrodon\n|-fail|p2a: Gastrodon|par\n|move|p2a: Gastrodon|Amnesia|p2a: Gastrodon\n|-fail|p2a: Gastrodon\n|\n|turn|77\n|j|Jantul\n|choice||\n|\n|move|p1a: Patio Broom|Glare|p2a: Gastrodon\n|-fail|p2a: Gastrodon|par\n|move|p2a: Gastrodon|Amnesia|p2a: Gastrodon\n|-fail|p2a: Gastrodon\n|\n|turn|78\n|c|\u2605Char'sDeletedA&W|yo\n|c|\u2605Char'sDeletedA&W|if I lose this, I will love Gastrodon forever.\n|c|\u2605therockcena|yo what\n|c|\u2605Char'sDeletedA&W|no, to Jantul sorry\n|c| Jantul|I wanna see this gastrodon struggle\n|c|\u2605therockcena|cindy is the great\n|choice||\n|\n|move|p1a: Patio Broom|Glare|p2a: Gastrodon\n|-fail|p2a: Gastrodon|par\n|cant|p2a: Gastrodon|par\n|\n|turn|79\n|choice||\n|\n|move|p1a: Patio Broom|Glare|p2a: Gastrodon\n|-fail|p2a: Gastrodon|par\n|move|p2a: Gastrodon|Amnesia|p2a: Gastrodon\n|-fail|p2a: Gastrodon\n|\n|turn|80\n|choice||\n|\n|move|p1a: Patio Broom|Glare|p2a: Gastrodon\n|-fail|p2a: Gastrodon|par\n|move|p2a: Gastrodon|Amnesia|p2a: Gastrodon\n|-fail|p2a: Gastrodon\n|\n|turn|81\n|c|\u2605Char'sDeletedA&W|I have so few hyper voices left\n|c| Jantul|Is this battle gonna stall on forever?\n|c|\u2605therockcena|i got all night\n|choice||\n|\n|move|p1a: Patio Broom|Thunderbolt|p2a: Gastrodon\n|-immune|p2a: Gastrodon|[msg]\n|cant|p2a: Gastrodon|par\n|\n|turn|82\n|choice||\n|\n|move|p1a: Patio Broom|Glare|p2a: Gastrodon\n|-fail|p2a: Gastrodon|par\n|move|p2a: Gastrodon|Amnesia|p2a: Gastrodon\n|-fail|p2a: Gastrodon\n|\n|turn|83\n|c|\u2605Char'sDeletedA&W|quite a while,\n|c|\u2605therockcena|when i get paralyzed i don't waste a pp\n|choice||\n|\n|move|p1a: Patio Broom|Glare|p2a: Gastrodon\n|-fail|p2a: Gastrodon|par\n|move|p2a: Gastrodon|Amnesia|p2a: Gastrodon\n|-fail|p2a: Gastrodon\n|\n|turn|84\n|c|\u2605Char'sDeletedA&W|Jantul, you may get bored\n|c| Jantul|yea\n|c|\u2605Char'sDeletedA&W|I just wanted to know if it can kill me\n|c| Jantul|\/me dissapears\n|l|Jantul\n|c|\u2605Char'sDeletedA&W|aye\n|c|\u2605therockcena|thats why i am watching an anime\n|choice||\n|\n|move|p1a: Patio Broom|Glare|p2a: Gastrodon\n|-fail|p2a: Gastrodon|par\n|move|p2a: Gastrodon|Waterfall|p1a: Patio Broom\n|-immune|p1a: Patio Broom|[msg]|[from] ability: Dry Skin\n|\n|turn|85\n|c|\u2605Char'sDeletedA&W|I'm not though\n|c|\u2605Char'sDeletedA&W|and which one!\n|c|\u2605Char'sDeletedA&W|Cory in the House!?\n|choice||\n|\n|move|p1a: Patio Broom|Glare|p2a: Gastrodon\n|-fail|p2a: Gastrodon|par\n|move|p2a: Gastrodon|Waterfall|p1a: Patio Broom\n|-immune|p1a: Patio Broom|[msg]|[from] ability: Dry Skin\n|\n|turn|86\n|c|\u2605Char'sDeletedA&W|One Piece?\n|c|\u2605Char'sDeletedA&W|Pokermon\n|c|\u2605Char'sDeletedA&W|Ribbon Knight (1966)?\n|c|\u2605therockcena|i already told you\n|c|\u2605Char'sDeletedA&W|I missed it\n|c|\u2605therockcena|go up the chat\n|choice||\n|\n|move|p1a: Patio Broom|Glare|p2a: Gastrodon\n|-fail|p2a: Gastrodon|par\n|cant|p2a: Gastrodon|par\n|\n|turn|87\n|c|\u2605Char'sDeletedA&W|Cindy is the Great?!\n|c|\u2605Char'sDeletedA&W|I thoht that was what you called your Gastrodon!\n|choice||\n|\n|move|p1a: Patio Broom|Hyper Voice|p2a: Gastrodon\n|-crit|p2a: Gastrodon\n|-damage|p2a: Gastrodon|46\/100 par\n|move|p2a: Gastrodon|Recover|p2a: Gastrodon\n|-heal|p2a: Gastrodon|96\/100 par\n|\n|turn|88\n|c|\u2605therockcena|yes\n|choice||\n|\n|move|p1a: Patio Broom|Thunderbolt|p2a: Gastrodon\n|-immune|p2a: Gastrodon|[msg]\n|cant|p2a: Gastrodon|par\n|\n|turn|89\n|choice||\n|\n|move|p1a: Patio Broom|Glare|p2a: Gastrodon\n|-fail|p2a: Gastrodon|par\n|move|p2a: Gastrodon|Recover|p2a: Gastrodon\n|-heal|p2a: Gastrodon|100\/100 par\n|\n|turn|90\n|choice||\n|\n|move|p1a: Patio Broom|Glare|p2a: Gastrodon\n|-fail|p2a: Gastrodon|par\n|move|p2a: Gastrodon|Recover|p2a: Gastrodon\n|-fail|p2a: Gastrodon\n|\n|turn|91\n|choice||\n|\n|move|p1a: Patio Broom|Glare|p2a: Gastrodon\n|-fail|p2a: Gastrodon|par\n|move|p2a: Gastrodon|Recover|p2a: Gastrodon\n|-fail|p2a: Gastrodon\n|\n|turn|92\n|choice||\n|\n|move|p1a: Patio Broom|Glare|p2a: Gastrodon\n|-fail|p2a: Gastrodon|par\n|move|p2a: Gastrodon|Recover|p2a: Gastrodon\n|-fail|p2a: Gastrodon\n|\n|turn|93\n|choice||\n|\n|move|p1a: Patio Broom|Glare|p2a: Gastrodon\n|-fail|p2a: Gastrodon|par\n|move|p2a: Gastrodon|Recover|p2a: Gastrodon\n|-fail|p2a: Gastrodon\n|\n|turn|94\n|choice||\n|\n|move|p1a: Patio Broom|Glare|p2a: Gastrodon\n|-fail|p2a: Gastrodon|par\n|move|p2a: Gastrodon|Recover|p2a: Gastrodon\n|-fail|p2a: Gastrodon\n|\n|turn|95\n|choice||\n|\n|move|p1a: Patio Broom|Glare|p2a: Gastrodon\n|-fail|p2a: Gastrodon|par\n|move|p2a: Gastrodon|Recover|p2a: Gastrodon\n|-fail|p2a: Gastrodon\n|\n|turn|96\n|choice||\n|\n|move|p1a: Patio Broom|Surf|p2a: Gastrodon\n|-immune|p2a: Gastrodon|[msg]|[from] ability: Storm Drain\n|move|p2a: Gastrodon|Recover|p2a: Gastrodon\n|-fail|p2a: Gastrodon\n|\n|turn|97\n|choice||\n|\n|move|p1a: Patio Broom|Surf|p2a: Gastrodon\n|-immune|p2a: Gastrodon|[msg]|[from] ability: Storm Drain\n|cant|p2a: Gastrodon|par\n|\n|turn|98\n|choice||\n|\n|move|p1a: Patio Broom|Glare|p2a: Gastrodon\n|-fail|p2a: Gastrodon|par\n|move|p2a: Gastrodon|Recover|p2a: Gastrodon\n|-fail|p2a: Gastrodon\n|\n|turn|99\n|c|\u2605therockcena|i will soon struggle the heck out of you\n|choice||\n|\n|move|p1a: Patio Broom|Glare|p2a: Gastrodon\n|-fail|p2a: Gastrodon|par\n|move|p2a: Gastrodon|Waterfall|p1a: Patio Broom\n|-immune|p1a: Patio Broom|[msg]|[from] ability: Dry Skin\n|\n|turn|100\n|c|\u2605Char'sDeletedA&W|I believe it.\n|c|\u2605therockcena|look at my ground type gym\n|choice||\n|\n|move|p1a: Patio Broom|Hyper Voice|p2a: Gastrodon\n|-damage|p2a: Gastrodon|92\/100 par\n|move|p2a: Gastrodon|Waterfall|p1a: Patio Broom\n|-immune|p1a: Patio Broom|[msg]|[from] ability: Dry Skin\n|\n|turn|101\n|choice||\n|\n|move|p1a: Patio Broom|Hyper Voice|p2a: Gastrodon\n|-damage|p2a: Gastrodon|83\/100 par\n|move|p2a: Gastrodon|Waterfall|p1a: Patio Broom\n|-immune|p1a: Patio Broom|[msg]|[from] ability: Dry Skin\n|\n|turn|102\n|choice||\n|\n|move|p1a: Patio Broom|Hyper Voice|p2a: Gastrodon\n|-damage|p2a: Gastrodon|75\/100 par\n|cant|p2a: Gastrodon|par\n|\n|turn|103\n|choice||\n|\n|move|p1a: Patio Broom|Hyper Voice|p2a: Gastrodon\n|-crit|p2a: Gastrodon\n|-damage|p2a: Gastrodon|24\/100 par\n|cant|p2a: Gastrodon|par\n|\n|turn|104\n|c|\u2605therockcena|noooooo\n|c|\u2605Char'sDeletedA&W|come man\n|choice||\n|\n|move|p1a: Patio Broom|Hyper Voice|p2a: Gastrodon\n|-damage|p2a: Gastrodon|15\/100 par\n|move|p2a: Gastrodon|Waterfall|p1a: Patio Broom\n|-immune|p1a: Patio Broom|[msg]|[from] ability: Dry Skin\n|\n|turn|105\n|c|\u2605Char'sDeletedA&W|you were gonna lose.\n|c|\u2605Char'sDeletedA&W|The damage after my hyper voices\n|c|\u2605Char'sDeletedA&W|would have killed you with the struggle\n|choice||\n|\n|move|p1a: Patio Broom|Hyper Voice|p2a: Gastrodon\n|-damage|p2a: Gastrodon|7\/100 par\n|move|p2a: Gastrodon|Waterfall|p1a: Patio Broom\n|-immune|p1a: Patio Broom|[msg]|[from] ability: Dry Skin\n|\n|turn|106\n|c|\u2605therockcena|it was a crit\n|c|\u2605Char'sDeletedA&W|doesn't matter.\n|c|\u2605Char'sDeletedA&W|the damage + struggle\n|c|\u2605therockcena|yeah it is\n|c|\u2605Char'sDeletedA&W|would have killed you\n|choice||\n|\n|move|p1a: Patio Broom|Thunderbolt|p2a: Gastrodon\n|-immune|p2a: Gastrodon|[msg]\n|move|p2a: Gastrodon|Waterfall|p1a: Patio Broom\n|-immune|p1a: Patio Broom|[msg]|[from] ability: Dry Skin\n|\n|turn|107\n|c|\u2605therockcena|struggle\n|c|\u2605Char'sDeletedA&W|fine\n|c|\u2605Char'sDeletedA&W|I won't finish you off\n|c|\u2605therockcena|please let me struggle\n|choice||\n|\n|move|p1a: Patio Broom|Glare|p2a: Gastrodon\n|-fail|p2a: Gastrodon|par\n|cant|p2a: Gastrodon|par\n|\n|turn|108\n|c|\u2605Char'sDeletedA&W|should I?\n|choice||\n|\n|move|p1a: Patio Broom|Glare|p2a: Gastrodon\n|-fail|p2a: Gastrodon|par\n|move|p2a: Gastrodon|Waterfall|p1a: Patio Broom\n|-immune|p1a: Patio Broom|[msg]|[from] ability: Dry Skin\n|\n|turn|109\n|c|\u2605therockcena|it will kill me anyways\n|choice||\n|\n|move|p1a: Patio Broom|Glare|p2a: Gastrodon\n|-fail|p2a: Gastrodon|par\n|cant|p2a: Gastrodon|par\n|\n|turn|110\n|c|\u2605Char'sDeletedA&W|true.\n|choice||\n|\n|move|p1a: Patio Broom|Thunderbolt|p2a: Gastrodon\n|-immune|p2a: Gastrodon|[msg]\n|move|p2a: Gastrodon|Waterfall|p1a: Patio Broom\n|-immune|p1a: Patio Broom|[msg]|[from] ability: Dry Skin\n|\n|turn|111\n|c|\u2605therockcena|my speed is 7\n|choice||\n|\n|move|p1a: Patio Broom|Surf|p2a: Gastrodon\n|-immune|p2a: Gastrodon|[msg]|[from] ability: Storm Drain\n|cant|p2a: Gastrodon|par\n|\n|turn|112\n|choice||\n|\n|move|p1a: Patio Broom|Surf|p2a: Gastrodon\n|-immune|p2a: Gastrodon|[msg]|[from] ability: Storm Drain\n|move|p2a: Gastrodon|Waterfall|p1a: Patio Broom\n|-immune|p1a: Patio Broom|[msg]|[from] ability: Dry Skin\n|\n|turn|113\n|choice||\n|\n|move|p1a: Patio Broom|Surf|p2a: Gastrodon\n|-immune|p2a: Gastrodon|[msg]|[from] ability: Storm Drain\n|move|p2a: Gastrodon|Waterfall|p1a: Patio Broom\n|-immune|p1a: Patio Broom|[msg]|[from] ability: Dry Skin\n|\n|turn|114\n|choice||\n|\n|move|p1a: Patio Broom|Surf|p2a: Gastrodon\n|-immune|p2a: Gastrodon|[msg]|[from] ability: Storm Drain\n|move|p2a: Gastrodon|Waterfall|p1a: Patio Broom\n|-immune|p1a: Patio Broom|[msg]|[from] ability: Dry Skin\n|\n|turn|115\n|c|\u2605therockcena|what do you think of my ground gym team\n|choice||\n|\n|move|p1a: Patio Broom|Glare|p2a: Gastrodon\n|-fail|p2a: Gastrodon|par\n|move|p2a: Gastrodon|Waterfall|p1a: Patio Broom\n|-immune|p1a: Patio Broom|[msg]|[from] ability: Dry Skin\n|\n|turn|116\n|c|\u2605Char'sDeletedA&W|I like it alot.\n|choice||\n|\n|move|p1a: Patio Broom|Thunderbolt|p2a: Gastrodon\n|-immune|p2a: Gastrodon|[msg]\n|move|p2a: Gastrodon|Waterfall|p1a: Patio Broom\n|-immune|p1a: Patio Broom|[msg]|[from] ability: Dry Skin\n|\n|turn|117\n|c|\u2605Char'sDeletedA&W|Maybe give Gastrodon a ground type move\n|choice||\n|\n|move|p1a: Patio Broom|Glare|p2a: Gastrodon\n|-fail|p2a: Gastrodon|par\n|move|p2a: Gastrodon|Waterfall|p1a: Patio Broom\n|-immune|p1a: Patio Broom|[msg]|[from] ability: Dry Skin\n|\n|turn|118\n|c|\u2605Char'sDeletedA&W|I would be dead.\n|c|\u2605Char'sDeletedA&W|At least, Patio Broom would.\n|choice||\n|\n|move|p1a: Patio Broom|Thunderbolt|p2a: Gastrodon\n|-immune|p2a: Gastrodon|[msg]\n|move|p2a: Gastrodon|Waterfall|p1a: Patio Broom\n|-immune|p1a: Patio Broom|[msg]|[from] ability: Dry Skin\n|\n|turn|119\n|choice||\n|\n|move|p1a: Patio Broom|Glare|p2a: Gastrodon\n|-fail|p2a: Gastrodon|par\n|cant|p2a: Gastrodon|par\n|\n|turn|120\n|choice||\n|\n|move|p1a: Patio Broom|Glare|p2a: Gastrodon\n|-fail|p2a: Gastrodon|par\n|move|p2a: Gastrodon|Waterfall|p1a: Patio Broom\n|-immune|p1a: Patio Broom|[msg]|[from] ability: Dry Skin\n|\n|turn|121\n|choice||\n|\n|move|p1a: Patio Broom|Glare|p2a: Gastrodon\n|-fail|p2a: Gastrodon|par\n|move|p2a: Gastrodon|Waterfall|p1a: Patio Broom\n|-immune|p1a: Patio Broom|[msg]|[from] ability: Dry Skin\n|\n|turn|122\n|choice||\n|\n|move|p1a: Patio Broom|Thunderbolt|p2a: Gastrodon\n|-immune|p2a: Gastrodon|[msg]\n|move|p2a: Gastrodon|Waterfall|p1a: Patio Broom\n|-immune|p1a: Patio Broom|[msg]|[from] ability: Dry Skin\n|\n|turn|123\n|choice||\n|\n|move|p1a: Patio Broom|Thunderbolt|p2a: Gastrodon\n|-immune|p2a: Gastrodon|[msg]\n|move|p2a: Gastrodon|Waterfall|p1a: Patio Broom\n|-immune|p1a: Patio Broom|[msg]|[from] ability: Dry Skin\n|\n|turn|124\n|choice||\n|\n|move|p1a: Patio Broom|Hyper Voice|p2a: Gastrodon\n|-damage|p2a: Gastrodon|0 fnt\n|faint|p2a: Gastrodon\n|\n|win|Char'sDeletedA&W\n|player|p1\n|player|p2\n|raw|Char&apos;sDeletedA&amp;W's rating: 1161 &rarr; <strong>1181<\/strong><br \/>(+20 for winning)\n|raw|therockcena's rating: 1082 &rarr; <strong>1065<\/strong><br \/>(-17 for losing)\n|c|\u2605Char'sDeletedA&W|GG\n|c|\u2605therockcena|why\n|c|\u2605therockcena|gg\n|c|\u2605Char'sDeletedA&W|sorry I couldn't help it.\n|c|\u2605therockcena|i wanted to struggle\n|c|\u2605therockcena|rematch\n|l|therockcena\n|c|\u2605Char'sDeletedA&W|come on man.","inputlog":null,"uploadtime":1467443779,"views":0,"p1id":"charsdeletedaw","p2id":"therockcena","formatid":"monotype","rating":1065,"private":0,"password":null}