{"id":"monotype-473992542","p1":"therockcena","p2":"Blood Ansem","format":"monotype","log":"|j|therockcena\n|j|Blood Ansem\n|player|p1|therockcena|265\n|player|p2|Blood Ansem|209\n|gametype|singles\n|gen|6\n|tier|Monotype\n|rated\n|seed|28417,46058,42431,47879\n|rule|Baton Pass Clause: Limit one Baton Passer, can't pass Spe and other stats simultaneously\n|rule|Swagger Clause: Swagger is banned\n|rule|Same Type Clause: Pok\u00e9mon in a team must share a type\n|clearpoke\n|poke|p1|Aggron, M|item\n|poke|p1|Rhydon, F|item\n|poke|p1|Terrakion|item\n|poke|p1|Tyranitar, M|item\n|poke|p1|Archeops, F|\n|poke|p1|Tyrantrum, M|item\n|poke|p2|Tentacruel, M, shiny|item\n|poke|p2|Venusaur, M, shiny|item\n|poke|p2|Toxicroak, M, shiny|item\n|poke|p2|Nidoking, M, shiny|item\n|poke|p2|Dragalge, M, shiny|item\n|poke|p2|Weezing, M, shiny|item\n|rule|Sleep Clause Mod: Limit one foe put to sleep\n|rule|Species Clause: Limit one of each Pok\u00e9mon\n|rule|OHKO Clause: OHKO moves are banned\n|rule|Moody Clause: Moody is banned\n|rule|Evasion Moves Clause: Evasion moves are banned\n|rule|Endless Battle Clause: Forcing endless battles is banned\n|rule|HP Percentage Mod: HP is shown in percentages\n|teampreview\n|choice|team 1, team 2, team 3, team 4, team 5, team 6|team 6, team 2, team 3, team 4, team 5, team 1\n|\n|start\n|switch|p1a: Aggron|Aggron, M|282\/282\n|switch|p2a: Weezing|Weezing, M, shiny|334\/334\n|turn|1\n|choice|move autotomize|move toxicspikes\n|\n|move|p1a: Aggron|Autotomize|p1a: Aggron\n|-boost|p1a: Aggron|spe|2\n|-start|p1a: Aggron|Autotomize\n|move|p2a: Weezing|Toxic Spikes|p1a: Aggron\n|-sidestart|p1: therockcena|move: Toxic Spikes\n|\n|turn|2\n|choice|switch 5|move toxicspikes\n|\n|switch|p1a: Archeops|Archeops, F|292\/292\n|move|p2a: Weezing|Toxic Spikes|p1a: Archeops\n|-sidestart|p1: therockcena|move: Toxic Spikes\n|\n|turn|3\n|choice|move honeclaws|move willowisp\n|\n|move|p1a: Archeops|Hone Claws|p1a: Archeops\n|-boost|p1a: Archeops|atk|1\n|-boost|p1a: Archeops|accuracy|1\n|move|p2a: Weezing|Will-O-Wisp|p1a: Archeops|[miss]\n|-miss|p2a: Weezing|p1a: Archeops\n|\n|turn|4\n|choice|move acrobatics|move willowisp\n|\n|move|p1a: Archeops|Acrobatics|p2a: Weezing\n|-damage|p2a: Weezing|132\/334\n|move|p2a: Weezing|Will-O-Wisp|p1a: Archeops|[miss]\n|-miss|p2a: Weezing|p1a: Archeops\n|\n|-heal|p2a: Weezing|152\/334|[from] item: Black Sludge\n|turn|5\n|choice|move acrobatics|move willowisp\n|\n|move|p1a: Archeops|Acrobatics|p2a: Weezing\n|-damage|p2a: Weezing|0 fnt\n|faint|p2a: Weezing\n|\n|choice||switch 5\n|\n|switch|p2a: Dragalge|Dragalge, M, shiny|333\/333\n|turn|6\n|choice|move acrobatics|move thunderbolt\n|\n|move|p1a: Archeops|Acrobatics|p2a: Dragalge\n|-damage|p2a: Dragalge|0 fnt\n|faint|p2a: Dragalge\n|\n|choice||switch 4\n|\n|switch|p2a: Nidoking|Nidoking, M, shiny|304\/304\n|turn|7\n|choice|move acrobatics|move icebeam\n|\n|move|p1a: Archeops|Acrobatics|p2a: Nidoking\n|-damage|p2a: Nidoking|0 fnt\n|faint|p2a: Nidoking\n|\n|choice||switch 3\n|\n|switch|p2a: Toxicroak|Toxicroak, M, shiny|313\/313\n|turn|8\n|choice|move acrobatics|move suckerpunch\n|\n|move|p2a: Toxicroak|Sucker Punch|p1a: Archeops\n|-crit|p1a: Archeops\n|-damage|p1a: Archeops|50\/292\n|-damage|p2a: Toxicroak|282\/313|[from] item: Life Orb\n|move|p1a: Archeops|Acrobatics|p2a: Toxicroak\n|-supereffective|p2a: Toxicroak\n|-damage|p2a: Toxicroak|0 fnt\n|faint|p2a: Toxicroak\n|\n|choice||switch 6\n|\n|switch|p2a: Tentacruel|Tentacruel, M, shiny|364\/364\n|turn|9\n|choice|move acrobatics|move scald\n|\n|move|p2a: Tentacruel|Scald|p1a: Archeops\n|-supereffective|p1a: Archeops\n|-damage|p1a: Archeops|0 fnt\n|faint|p1a: Archeops\n|\n|choice|switch 6|\n|\n|switch|p1a: Tyrantrum|Tyrantrum, M|306\/306\n|-status|p1a: Tyrantrum|tox\n|turn|10\n|choice|move thunderfang|move scald\n|\n|move|p2a: Tentacruel|Scald|p1a: Tyrantrum\n|-damage|p1a: Tyrantrum|195\/306 tox\n|move|p1a: Tyrantrum|Thunder Fang|p2a: Tentacruel\n|-supereffective|p2a: Tentacruel\n|-damage|p2a: Tentacruel|0 fnt\n|-damage|p1a: Tyrantrum|165\/306 tox|[from] item: Life Orb\n|faint|p2a: Tentacruel\n|\n|-damage|p1a: Tyrantrum|146\/306 tox|[from] psn\n|choice||switch 2\n|\n|switch|p2a: Venusaur|Venusaur, M, shiny|351\/351\n|turn|11\n|choice|move outrage|move gigadrain mega\n|\n|detailschange|p2a: Venusaur|Venusaur-Mega, M, shiny\n|-mega|p2a: Venusaur|Venusaur|Venusaurite\n|move|p1a: Tyrantrum|Outrage|p2a: Venusaur\n|-damage|p2a: Venusaur|186\/351\n|-damage|p1a: Tyrantrum|116\/306 tox|[from] item: Life Orb\n|move|p2a: Venusaur|Giga Drain|p1a: Tyrantrum\n|-damage|p1a: Tyrantrum|0 fnt\n|-heal|p2a: Venusaur|244\/351|[from] drain|[of] p1a: Tyrantrum\n|faint|p1a: Tyrantrum\n|\n|choice|switch 5|\n|\n|switch|p1a: Aggron|Aggron, M|282\/282\n|turn|12\n|choice|move autotomize|move gigadrain\n|\n|move|p1a: Aggron|Autotomize|p1a: Aggron\n|-boost|p1a: Aggron|spe|2\n|-start|p1a: Aggron|Autotomize\n|move|p2a: Venusaur|Giga Drain|p1a: Aggron\n|-damage|p1a: Aggron|116\/282\n|-heal|p2a: Venusaur|327\/351|[from] drain|[of] p1a: Aggron\n|\n|turn|13\n|choice|move headsmash|move gigadrain\n|\n|move|p1a: Aggron|Head Smash|p2a: Venusaur\n|-damage|p2a: Venusaur|173\/351\n|move|p2a: Venusaur|Giga Drain|p1a: Aggron\n|-damage|p1a: Aggron|0 fnt\n|-heal|p2a: Venusaur|231\/351|[from] drain|[of] p1a: Aggron\n|faint|p1a: Aggron\n|\n|choice|switch 4|\n|\n|switch|p1a: Tyranitar|Tyranitar, M|404\/404\n|-status|p1a: Tyranitar|tox\n|-weather|Sandstorm|[from] ability: Sand Stream|[of] p1a: Tyranitar\n|turn|14\n|choice|move dragondance mega|move gigadrain\n|\n|detailschange|p1a: Tyranitar|Tyranitar-Mega, M\n|-mega|p1a: Tyranitar|Tyranitar|Tyranitarite\n|move|p2a: Venusaur|Giga Drain|p1a: Tyranitar\n|-supereffective|p1a: Tyranitar\n|-damage|p1a: Tyranitar|288\/404 tox\n|-heal|p2a: Venusaur|289\/351|[from] drain|[of] p1a: Tyranitar\n|move|p1a: Tyranitar|Dragon Dance|p1a: Tyranitar\n|-boost|p1a: Tyranitar|atk|1\n|-boost|p1a: Tyranitar|spe|1\n|\n|-weather|Sandstorm|[upkeep]\n|-damage|p2a: Venusaur|268\/351|[from] sandstorm\n|-damage|p1a: Tyranitar|263\/404 tox|[from] psn\n|turn|15\n|choice|move dragondance|move gigadrain\n|\n|move|p1a: Tyranitar|Dragon Dance|p1a: Tyranitar\n|-boost|p1a: Tyranitar|atk|1\n|-boost|p1a: Tyranitar|spe|1\n|move|p2a: Venusaur|Giga Drain|p1a: Tyranitar\n|-supereffective|p1a: Tyranitar\n|-damage|p1a: Tyranitar|147\/404 tox\n|-heal|p2a: Venusaur|326\/351|[from] drain|[of] p1a: Tyranitar\n|\n|-weather|Sandstorm|[upkeep]\n|-damage|p2a: Venusaur|305\/351|[from] sandstorm\n|-damage|p1a: Tyranitar|97\/404 tox|[from] psn\n|turn|16\n|choice|move earthquake|move synthesis\n|\n|move|p1a: Tyranitar|Earthquake|p2a: Venusaur\n|-damage|p2a: Venusaur|131\/351\n|move|p2a: Venusaur|Synthesis|p2a: Venusaur\n|-heal|p2a: Venusaur|219\/351\n|\n|-weather|Sandstorm|[upkeep]\n|-damage|p2a: Venusaur|198\/351|[from] sandstorm\n|-damage|p1a: Tyranitar|22\/404 tox|[from] psn\n|turn|17\n|choice|move earthquake|move synthesis\n|\n|move|p1a: Tyranitar|Earthquake|p2a: Venusaur\n|-damage|p2a: Venusaur|6\/351\n|move|p2a: Venusaur|Synthesis|p2a: Venusaur\n|-heal|p2a: Venusaur|94\/351\n|\n|-weather|Sandstorm|[upkeep]\n|-damage|p2a: Venusaur|73\/351|[from] sandstorm\n|-damage|p1a: Tyranitar|0 fnt|[from] psn\n|faint|p1a: Tyranitar\n|choice|switch 2|\n|\n|switch|p1a: Rhydon|Rhydon, F|414\/414\n|-status|p1a: Rhydon|tox\n|turn|18\n|choice|move earthquake|move gigadrain\n|\n|move|p2a: Venusaur|Giga Drain|p1a: Rhydon\n|-supereffective|p1a: Rhydon\n|-damage|p1a: Rhydon|194\/414 tox\n|-heal|p2a: Venusaur|183\/351|[from] drain|[of] p1a: Rhydon\n|move|p1a: Rhydon|Earthquake|p2a: Venusaur\n|-damage|p2a: Venusaur|96\/351\n|\n|-weather|none\n|-damage|p1a: Rhydon|169\/414 tox|[from] psn\n|turn|19\n|choice|move earthquake|move gigadrain\n|\n|move|p2a: Venusaur|Giga Drain|p1a: Rhydon\n|-supereffective|p1a: Rhydon\n|-damage|p1a: Rhydon|0 fnt\n|-heal|p2a: Venusaur|181\/351|[from] drain|[of] p1a: Rhydon\n|faint|p1a: Rhydon\n|\n|choice|switch 3|\n|\n|switch|p1a: Terrakion|Terrakion|324\/324\n|-status|p1a: Terrakion|tox\n|turn|20\n|choice|move swordsdance|move synthesis\n|\n|move|p1a: Terrakion|Swords Dance|p1a: Terrakion\n|-boost|p1a: Terrakion|atk|2\n|move|p2a: Venusaur|Synthesis|p2a: Venusaur\n|-heal|p2a: Venusaur|351\/351\n|\n|-damage|p1a: Terrakion|304\/324 tox|[from] psn\n|turn|21\n|choice|move earthquake|move sludgebomb\n|\n|move|p1a: Terrakion|Earthquake|p2a: Venusaur\n|-damage|p2a: Venusaur|193\/351\n|move|p2a: Venusaur|Sludge Bomb|p1a: Terrakion\n|-resisted|p1a: Terrakion\n|-damage|p1a: Terrakion|241\/324 tox\n|\n|-damage|p1a: Terrakion|201\/324 tox|[from] psn\n|turn|22\n|choice|move earthquake|move synthesis\n|\n|move|p1a: Terrakion|Earthquake|p2a: Venusaur\n|-damage|p2a: Venusaur|38\/351\n|move|p2a: Venusaur|Synthesis|p2a: Venusaur\n|-heal|p2a: Venusaur|213\/351\n|\n|-damage|p1a: Terrakion|141\/324 tox|[from] psn\n|turn|23\n|choice|move swordsdance|move synthesis\n|\n|move|p1a: Terrakion|Swords Dance|p1a: Terrakion\n|-boost|p1a: Terrakion|atk|2\n|move|p2a: Venusaur|Synthesis|p2a: Venusaur\n|-heal|p2a: Venusaur|351\/351\n|\n|-damage|p1a: Terrakion|61\/324 tox|[from] psn\n|turn|24\n|choice|move earthquake|move synthesis\n|\n|move|p1a: Terrakion|Earthquake|p2a: Venusaur\n|-damage|p2a: Venusaur|119\/351\n|move|p2a: Venusaur|Synthesis|p2a: Venusaur\n|-heal|p2a: Venusaur|294\/351\n|\n|-damage|p1a: Terrakion|0 fnt|[from] psn\n|faint|p1a: Terrakion\n|\n|win|Blood Ansem\n|player|p1\n|player|p2\n|l|therockcena","inputlog":null,"uploadtime":1478880140,"views":0,"p1id":"therockcena","p2id":"bloodansem","formatid":"monotype","rating":0,"private":0,"password":null}