{"id":"ou-254846603","p1":"The Teal Scizor","p2":"TGC Thunder","format":"ou","log":"|join|The Teal Scizor\n|join|TGC Thunder\n|player|p1|The Teal Scizor|270\n|player|p2|TGC Thunder|156\n|gametype|singles\n|gen|6\n|tier|OU\n|clearpoke\n|poke|p1|Weavile, M\n|poke|p1|Lopunny, F, shiny\n|poke|p1|Forretress, F\n|poke|p1|Uxie\n|poke|p1|Hydreigon, M, shiny\n|poke|p1|Jolteon, M\n|poke|p2|Rotom-Heat\n|poke|p2|Glalie, F, shiny\n|poke|p2|Tornadus, M\n|poke|p2|Manaphy\n|poke|p2|Granbull, F\n|poke|p2|Luxray, M\n|rule|Swagger Clause: Swagger is banned\n|rule|Baton Pass Clause: Limit one Baton Passer, can't pass Spe and other stats simultaneously\n|rule|Sleep Clause Mod: Limit one foe put to sleep\n|rule|Species Clause: Limit one of each Pok\u00e9mon\n|rule|OHKO Clause: OHKO moves are banned\n|rule|Moody Clause: Moody is banned\n|rule|Evasion Moves Clause: Evasion moves are banned\n|rule|Endless Battle Clause: Forcing endless battles is banned\n|rule|HP Percentage Mod: HP is shown in percentages\n|teampreview\n|c|\u2605The Teal Scizor|no timer\n|c|\u2605TGC Thunder|ok\n|c|\u2605TGC Thunder|gimme a sec\n|join|TipOfDisDick\n|c|\u2605The Teal Scizor|aii\n|\n|start\n|switch|p1a: Wii Fit|Lopunny, F, shiny|287\/287\n|switch|p2a: Torn|Tornadus, M|299\/299\n|turn|1\n|\n|switch|p2a: BaldBull|Granbull, F|384\/384\n|-ability|p2a: BaldBull|Intimidate\n|-unboost|p1a: Wii Fit|atk|1\n|detailschange|p1a: Wii Fit|Lopunny-Mega, F, shiny\n|-mega|p1a: Wii Fit|Lopunny|Lopunnite\n|move|p1a: Wii Fit|Fake Out|p2a: BaldBull\n|-damage|p2a: BaldBull|339\/384\n|\n|-heal|p2a: BaldBull|363\/384|[from] item: Leftovers\n|turn|2\n|\n|switch|p1a: B-17|Forretress, F|354\/354\n|move|p2a: BaldBull|Super Fang|p1a: B-17\n|-damage|p1a: B-17|177\/354\n|\n|-heal|p2a: BaldBull|384\/384|[from] item: Leftovers\n|-heal|p1a: B-17|199\/354|[from] item: Leftovers\n|turn|3\n|\n|switch|p2a: EZBake|Rotom-Heat|242\/242\n|move|p1a: B-17|Stealth Rock|p2a: EZBake\n|-sidestart|p2: TGC Thunder|move: Stealth Rock\n|\n|-heal|p1a: B-17|221\/354|[from] item: Leftovers\n|turn|4\n|\n|switch|p1a: Morsmordre|Hydreigon, M, shiny|325\/325\n|move|p2a: EZBake|Overheat|p1a: Morsmordre|[miss]\n|-miss|p2a: EZBake|p1a: Morsmordre\n|\n|turn|5\n|c|\u2605TGC Thunder|36% lost\n|c|\u2605TGC Thunder|...\n|\n|switch|p2a: Luck|Luxray, M|364\/364\n|-damage|p2a: Luck|319\/364|[from] Stealth Rock\n|move|p1a: Morsmordre|Flamethrower|p2a: Luck\n|-damage|p2a: Luck|248\/364\n|-damage|p1a: Morsmordre|293\/325|[from] item: Life Orb\n|\n|turn|6\n|\n|switch|p1a: Vision|Uxie|354\/354\n|move|p2a: Luck|Superpower|p1a: Vision\n|-resisted|p1a: Vision\n|-damage|p1a: Vision|310\/354\n|-unboost|p2a: Luck|atk|1\n|-unboost|p2a: Luck|def|1\n|\n|-heal|p1a: Vision|332\/354|[from] item: Leftovers\n|turn|7\n|c|\u2605The Teal Scizor|sorry for miss\n|\n|switch|p2a: ListenToMe!|Glalie, F, shiny|301\/301\n|-damage|p2a: ListenToMe!|226\/301|[from] Stealth Rock\n|move|p1a: Vision|Light Screen|p1a: Vision\n|-sidestart|p1: The Teal Scizor|move: Light Screen\n|\n|-heal|p1a: Vision|354\/354|[from] item: Leftovers\n|turn|8\n|\n|switch|p1a: B-17|Forretress, F|221\/354\n|detailschange|p2a: ListenToMe!|Glalie-Mega, F, shiny\n|-mega|p2a: ListenToMe!|Glalie|Glalitite\n|move|p2a: ListenToMe!|Return|p1a: B-17\n|-resisted|p1a: B-17\n|-damage|p1a: B-17|143\/354\n|\n|-heal|p1a: B-17|165\/354|[from] item: Leftovers\n|turn|9\n|\n|move|p2a: ListenToMe!|Earthquake|p1a: B-17\n|-damage|p1a: B-17|84\/354\n|move|p1a: B-17|Toxic Spikes|p2a: ListenToMe!\n|-sidestart|p2: TGC Thunder|move: Toxic Spikes\n|\n|-heal|p1a: B-17|106\/354|[from] item: Leftovers\n|turn|10\n|\n|move|p2a: ListenToMe!|Earthquake|p1a: B-17\n|-damage|p1a: B-17|37\/354\n|move|p1a: B-17|Toxic Spikes|p2a: ListenToMe!\n|-sidestart|p2: TGC Thunder|move: Toxic Spikes\n|\n|-heal|p1a: B-17|59\/354|[from] item: Leftovers\n|turn|11\n|\n|move|p2a: ListenToMe!|Earthquake|p1a: B-17\n|-damage|p1a: B-17|0 fnt\n|faint|p1a: B-17\n|\n|-sideend|p1: The Teal Scizor|move: Light Screen\n|\n|switch|p1a: Terrabyte|Jolteon, M|271\/271\n|turn|12\n|\n|move|p2a: ListenToMe!|Ice Shard|p1a: Terrabyte\n|-damage|p1a: Terrabyte|175\/271\n|move|p1a: Terrabyte|Thunderbolt|p2a: ListenToMe!\n|-damage|p2a: ListenToMe!|0 fnt\n|-damage|p1a: Terrabyte|148\/271|[from] item: Life Orb\n|faint|p2a: ListenToMe!\n|\n|\n|switch|p2a: EZBake|Rotom-Heat|242\/242\n|-damage|p2a: EZBake|182\/242|[from] Stealth Rock\n|turn|13\n|\n|switch|p1a: Morsmordre|Hydreigon, M, shiny|293\/325\n|move|p2a: EZBake|Overheat|p1a: Morsmordre\n|-resisted|p1a: Morsmordre\n|-damage|p1a: Morsmordre|190\/325\n|-unboost|p2a: EZBake|spa|2\n|\n|turn|14\n|\n|switch|p2a: Luck|Luxray, M|248\/364\n|-status|p2a: Luck|tox\n|-damage|p2a: Luck|203\/364 tox|[from] Stealth Rock\n|move|p1a: Morsmordre|Dark Pulse|p2a: Luck\n|-damage|p2a: Luck|100\/364 tox\n|-damage|p1a: Morsmordre|158\/325|[from] item: Life Orb\n|\n|-damage|p2a: Luck|78\/364 tox|[from] psn\n|turn|15\n|\n|move|p1a: Morsmordre|Dark Pulse|p2a: Luck\n|-damage|p2a: Luck|0 fnt\n|-damage|p1a: Morsmordre|126\/325|[from] item: Life Orb\n|faint|p2a: Luck\n|\n|\n|switch|p2a: Torn|Tornadus, M|299\/299\n|-damage|p2a: Torn|225\/299|[from] Stealth Rock\n|turn|16\n|\n|switch|p1a: Vision|Uxie|354\/354\n|move|p2a: Torn|Air Slash|p1a: Vision\n|-damage|p1a: Vision|251\/354\n|-damage|p2a: Torn|196\/299|[from] item: Life Orb\n|\n|-heal|p1a: Vision|273\/354|[from] item: Leftovers\n|turn|17\n|\n|move|p2a: Torn|Taunt|p1a: Vision\n|-start|p1a: Vision|move: Taunt\n|cant|p1a: Vision|move: Taunt|Thunder Wave\n|\n|-heal|p1a: Vision|295\/354|[from] item: Leftovers\n|turn|18\n|\n|switch|p2a: EZBake|Rotom-Heat|182\/242\n|-damage|p2a: EZBake|122\/242|[from] Stealth Rock\n|move|p1a: Vision|Psychic|p2a: EZBake\n|-damage|p2a: EZBake|43\/242\n|\n|-heal|p1a: Vision|317\/354|[from] item: Leftovers\n|turn|19\n|\n|move|p2a: EZBake|Volt Switch|p1a: Vision\n|-damage|p1a: Vision|251\/354\n|\n|switch|p2a: BaldBull|Granbull, F|384\/384\n|-status|p2a: BaldBull|tox\n|-damage|p2a: BaldBull|336\/384 tox|[from] Stealth Rock\n|-ability|p2a: BaldBull|Intimidate\n|-unboost|p1a: Vision|atk|1\n|move|p1a: Vision|Psychic|p2a: BaldBull\n|-damage|p2a: BaldBull|219\/384 tox\n|\n|-heal|p1a: Vision|273\/354|[from] item: Leftovers\n|-heal|p2a: BaldBull|243\/384 tox|[from] item: Leftovers\n|-damage|p2a: BaldBull|219\/384 tox|[from] psn\n|-end|p1a: Vision|move: Taunt\n|turn|20\n|\n|switch|p1a: Morsmordre|Hydreigon, M, shiny|126\/325\n|move|p2a: BaldBull|Play Rough|p1a: Morsmordre\n|-supereffective|p1a: Morsmordre\n|-damage|p1a: Morsmordre|0 fnt\n|faint|p1a: Morsmordre\n|\n|-heal|p2a: BaldBull|243\/384 tox|[from] item: Leftovers\n|-damage|p2a: BaldBull|195\/384 tox|[from] psn\n|\n|switch|p1a: Terrabyte|Jolteon, M|148\/271\n|turn|21\n|\n|move|p1a: Terrabyte|Thunderbolt|p2a: BaldBull\n|-damage|p2a: BaldBull|0 fnt\n|-damage|p1a: Terrabyte|121\/271|[from] item: Life Orb\n|faint|p2a: BaldBull\n|\n|\n|switch|p2a: EZBake|Rotom-Heat|43\/242\n|-damage|p2a: EZBake|0 fnt|[from] Stealth Rock\n|faint|p2a: EZBake\n|\n|switch|p2a: Blob|Manaphy|365\/365\n|-status|p2a: Blob|tox\n|-damage|p2a: Blob|320\/365 tox|[from] Stealth Rock\n|turn|22\n|\n|move|p1a: Terrabyte|Thunderbolt|p2a: Blob\n|-supereffective|p2a: Blob\n|-damage|p2a: Blob|0 fnt\n|-damage|p1a: Terrabyte|94\/271|[from] item: Life Orb\n|faint|p2a: Blob\n|\n|c|\u2605TGC Thunder|i played like ass lol\n|\n|switch|p2a: Torn|Tornadus, M|196\/299\n|-damage|p2a: Torn|122\/299|[from] Stealth Rock\n|turn|23\n|c|\u2605The Teal Scizor|maybe\n|\n|move|p1a: Terrabyte|Thunderbolt|p2a: Torn\n|-supereffective|p2a: Torn\n|-damage|p2a: Torn|0 fnt\n|-damage|p1a: Terrabyte|67\/271|[from] item: Life Orb\n|faint|p2a: Torn\n|\n|win|The Teal Scizor\n|c|\u2605The Teal Scizor|gg\n|c|\u2605TGC Thunder|gdwhkghw'\n|leave|TGC Thunder\n|player|p2","inputlog":null,"uploadtime":1438384461,"views":31,"p1id":"thetealscizor","p2id":"tgcthunder","formatid":"ou","rating":0,"private":0,"password":null}