{"id":"ou-20651579","p1":"RainSeven07","p2":"my body is regi","format":"ou","log":"|join|RainSeven07\n|join|my body is regi\n|player|p1|RainSeven07|2\n|player|p2|my body is regi|185\n|gametype|singles\n|tier|OU\n|rated\n|rule|Evasion Abilities Clause: Evasion abilities are banned\n|clearpoke\n|poke|p1|Galvantula, M\n|poke|p1|Volcarona, M\n|poke|p1|Yanmega, F\n|poke|p1|Scizor, F\n|poke|p1|Heracross, M\n|poke|p1|Forretress, F\n|poke|p2|Spinda, F\n|poke|p2|Victini\n|poke|p2|Ninetales, F\n|poke|p2|Liepard, F\n|poke|p2|Ditto\n|poke|p2|Infernape, F\n|rule|Sleep Clause Mod: Limit one foe put to sleep\n|rule|Species Clause: Limit one of each Pokemon\n|rule|OHKO Clause: OHKO moves are banned\n|rule|Moody Clause: Moody is banned\n|rule|Evasion Moves Clause: Evasion moves are banned\n|rule|HP Percentage Mod: HP is reported as percentages\n|teampreview\n|callback|decision\n|\n|start\n|switch|p1a: Forretress|Forretress, F|291\/291\n|switch|p2a: Ninetales|Ninetales, F|350\/350\n|-weather|SunnyDay|[from] ability: Drought|[of] p2a: Ninetales\n|turn|1\n|callback|decision\n|\n|move|p2a: Ninetales|Mimic|p1a: Forretress\n|-fail|p1a: Forretress\n|move|p1a: Forretress|Stealth Rock|p2a: Ninetales\n|-sidestart|p2: my body is regi|move: Stealth Rock\n|\n|-weather|SunnyDay|[upkeep]\n|turn|2\n|callback|decision\n|\n|move|p2a: Ninetales|Mimic|p1a: Forretress\n|-start|p2a: Ninetales|Mimic|Stealth Rock\n|move|p1a: Forretress|Spikes|p2a: Ninetales\n|-sidestart|p2: my body is regi|Spikes\n|\n|-weather|SunnyDay|[upkeep]\n|turn|3\n|callback|decision\n|\n|move|p2a: Ninetales|Stealth Rock|p1a: Forretress\n|-sidestart|p1: RainSeven07|move: Stealth Rock\n|move|p1a: Forretress|Rapid Spin|p2a: Ninetales\n|-damage|p2a: Ninetales|328\/350\n|-damage|p1a: Forretress|243\/291|[from] item: Rocky Helmet|[of] p2a: Ninetales\n|-sideend|p1: RainSeven07|Stealth Rock|[from] move: Rapid Spin|[of] p1a: Forretress\n|\n|-weather|SunnyDay|[upkeep]\n|turn|4\n|callback|decision\n|\n|move|p2a: Ninetales|Stealth Rock|p1a: Forretress\n|-sidestart|p1: RainSeven07|move: Stealth Rock\n|move|p1a: Forretress|Rapid Spin|p2a: Ninetales\n|-damage|p2a: Ninetales|309\/350\n|-damage|p1a: Forretress|195\/291|[from] item: Rocky Helmet|[of] p2a: Ninetales\n|-sideend|p1: RainSeven07|Stealth Rock|[from] move: Rapid Spin|[of] p1a: Forretress\n|\n|-weather|SunnyDay|[upkeep]\n|turn|5\n|callback|decision\n|\n|move|p2a: Ninetales|Stealth Rock|p1a: Forretress\n|-sidestart|p1: RainSeven07|move: Stealth Rock\n|move|p1a: Forretress|Rapid Spin|p2a: Ninetales\n|-damage|p2a: Ninetales|289\/350\n|-damage|p1a: Forretress|147\/291|[from] item: Rocky Helmet|[of] p2a: Ninetales\n|-sideend|p1: RainSeven07|Stealth Rock|[from] move: Rapid Spin|[of] p1a: Forretress\n|\n|-weather|SunnyDay|[upkeep]\n|turn|6\n|callback|decision\n|\n|move|p2a: Ninetales|Stealth Rock|p1a: Forretress\n|-sidestart|p1: RainSeven07|move: Stealth Rock\n|move|p1a: Forretress|Rapid Spin|p2a: Ninetales\n|-damage|p2a: Ninetales|269\/350\n|-damage|p1a: Forretress|99\/291|[from] item: Rocky Helmet|[of] p2a: Ninetales\n|-sideend|p1: RainSeven07|Stealth Rock|[from] move: Rapid Spin|[of] p1a: Forretress\n|\n|-weather|SunnyDay|[upkeep]\n|turn|7\n|callback|decision\n|\n|move|p2a: Ninetales|Stealth Rock|p1a: Forretress\n|-sidestart|p1: RainSeven07|move: Stealth Rock\n|move|p1a: Forretress|Spikes|p2a: Ninetales\n|-sidestart|p2: my body is regi|Spikes\n|\n|-weather|SunnyDay|[upkeep]\n|turn|8\n|callback|decision\n|\n|move|p2a: Ninetales|Stealth Rock|p1a: Forretress\n|move|p1a: Forretress|Rapid Spin|p2a: Ninetales\n|-damage|p2a: Ninetales|249\/350\n|-damage|p1a: Forretress|51\/291|[from] item: Rocky Helmet|[of] p2a: Ninetales\n|-sideend|p1: RainSeven07|Stealth Rock|[from] move: Rapid Spin|[of] p1a: Forretress\n|\n|-weather|SunnyDay|[upkeep]\n|turn|9\n|callback|decision\n|\n|move|p2a: Ninetales|Stealth Rock|p1a: Forretress\n|-sidestart|p1: RainSeven07|move: Stealth Rock\n|move|p1a: Forretress|Stealth Rock|p2a: Ninetales\n|\n|-weather|SunnyDay|[upkeep]\n|turn|10\n|callback|decision\n|\n|switch|p2a: Ditto|Ditto|300\/300\n|-damage|p2a: Ditto|250\/300|[from] Spikes\n|-damage|p2a: Ditto|213\/300|[from] Stealth Rock\n|-transform|p2a: Ditto|p1a: Forretress\n|move|p1a: Forretress|Rapid Spin|p2a: Ditto\n|-resisted|p2a: Ditto\n|-damage|p2a: Ditto|205\/300\n|-sideend|p1: RainSeven07|Stealth Rock|[from] move: Rapid Spin|[of] p1a: Forretress\n|\n|-weather|SunnyDay|[upkeep]\n|turn|11\n|callback|decision\n|\n|move|p2a: Ditto|Rapid Spin|p1a: Forretress\n|-resisted|p1a: Forretress\n|-damage|p1a: Forretress|44\/291\n|-sideend|p2: my body is regi|Spikes|[from] move: Rapid Spin|[of] p2a: Ditto\n|-sideend|p2: my body is regi|Stealth Rock|[from] move: Rapid Spin|[of] p2a: Ditto\n|move|p1a: Forretress|Natural Gift|p2a: Ditto\n|-supereffective|p2a: Ditto\n|-damage|p2a: Ditto|0 fnt\n|faint|p2a: Ditto\n|\n|-weather|SunnyDay|[upkeep]\n|callback|decision\n|\n|switch|p2a: Liepard|Liepard, F|332\/332\n|turn|12\n|callback|decision\n|\n|move|p2a: Liepard|Assist|p2a: Liepard\n|move|p2a: Liepard|V-create|p1a: Forretress|[from]Assist\n|-supereffective|p1a: Forretress\n|-damage|p1a: Forretress|0 fnt\n|-unboost|p2a: Liepard|def|1\n|-unboost|p2a: Liepard|spd|1\n|-unboost|p2a: Liepard|spe|1\n|faint|p1a: Forretress\n|\n|-weather|SunnyDay|[upkeep]\n|callback|decision\n|\n|switch|p1a: Galvantula|Galvantula, M|281\/281\n|-item|p1a: Galvantula|Air Balloon\n|turn|13\n|callback|decision\n|\n|move|p2a: Liepard|Assist|p2a: Liepard\n|move|p2a: Liepard|V-create|p1a: Galvantula|[from]Assist\n|-supereffective|p1a: Galvantula\n|-damage|p1a: Galvantula|0 fnt\n|-enditem|p1a: Galvantula|Air Balloon\n|-unboost|p2a: Liepard|def|1\n|-unboost|p2a: Liepard|spd|1\n|-unboost|p2a: Liepard|spe|1\n|faint|p1a: Galvantula\n|\n|-weather|SunnyDay|[upkeep]\n|callback|decision\n|\n|switch|p1a: Scizor|Scizor, F|344\/344\n|turn|14\n|callback|decision\n|\n|move|p1a: Scizor|Bullet Punch|p2a: Liepard\n|-damage|p2a: Liepard|0 fnt\n|faint|p2a: Liepard\n|\n|-weather|SunnyDay|[upkeep]\n|callback|decision\n|\n|switch|p2a: Infernape|Infernape, F|293\/293\n|turn|15\n|callback|decision\n|\n|move|p2a: Infernape|Assist|p2a: Infernape\n|move|p2a: Infernape|V-create|p1a: Scizor|[from]Assist\n|-enditem|p1a: Scizor|Occa Berry|[eat]\n|-supereffective|p1a: Scizor\n|-damage|p1a: Scizor|0 fnt\n|-unboost|p2a: Infernape|def|1\n|-unboost|p2a: Infernape|spd|1\n|-unboost|p2a: Infernape|spe|1\n|faint|p1a: Scizor\n|\n|-weather|SunnyDay|[upkeep]\n|callback|decision\n|\n|switch|p1a: Yanmega|Yanmega, F|314\/314\n|turn|16\n|callback|decision\n|\n|move|p1a: Yanmega|Protect|p1a: Yanmega\n|-singleturn|p1a: Yanmega|Protect\n|move|p2a: Infernape|Assist|p2a: Infernape\n|move|p2a: Infernape|V-create|p1a: Yanmega|[from]Assist\n|-activate|p1a: Yanmega|Protect\n|\n|-weather|SunnyDay|[upkeep]\n|-boost|p1a: Yanmega|spe|1|[from] ability: Speed Boost\n|turn|17\n|callback|decision\n|\n|move|p1a: Yanmega|Tailwind|p1a: Yanmega\n|-sidestart|p1: RainSeven07|move: Tailwind\n|move|p2a: Infernape|Assist|p2a: Infernape\n|move|p2a: Infernape|V-create|p1a: Yanmega|[from]Assist\n|-supereffective|p1a: Yanmega\n|-enditem|p1a: Yanmega|Focus Sash\n|-damage|p1a: Yanmega|1\/314\n|-unboost|p2a: Infernape|def|1\n|-unboost|p2a: Infernape|spd|1\n|-unboost|p2a: Infernape|spe|1\n|\n|-weather|SunnyDay|[upkeep]\n|-boost|p1a: Yanmega|spe|1|[from] ability: Speed Boost\n|turn|18\n|callback|decision\n|\n|move|p1a: Yanmega|Air Slash|p2a: Infernape\n|-supereffective|p2a: Infernape\n|-damage|p2a: Infernape|0 fnt\n|faint|p2a: Infernape\n|\n|-weather|SunnyDay|[upkeep]\n|-boost|p1a: Yanmega|spe|1|[from] ability: Speed Boost\n|callback|decision\n|\n|switch|p2a: Victini|Victini|341\/341\n|turn|19\n|callback|decision\n|\n|move|p1a: Yanmega|Air Slash|p2a: Victini\n|-damage|p2a: Victini|212\/341\n|move|p2a: Victini|V-create|p1a: Yanmega\n|-supereffective|p1a: Yanmega\n|-damage|p1a: Yanmega|0 fnt\n|-unboost|p2a: Victini|def|1\n|-unboost|p2a: Victini|spd|1\n|-unboost|p2a: Victini|spe|1\n|faint|p1a: Yanmega\n|\n|-weather|SunnyDay|[upkeep]\n|callback|decision\n|\n|switch|p1a: Heracross|Heracross, M|364\/364\n|turn|20\n|callback|decision\n|\n|move|p1a: Heracross|Earthquake|p2a: Victini\n|-supereffective|p2a: Victini\n|-damage|p2a: Victini|0 fnt\n|faint|p2a: Victini\n|\n|-weather|SunnyDay|[upkeep]\n|-sideend|p1: RainSeven07|move: Tailwind\n|callback|decision\n|\n|switch|p2a: Ninetales|Ninetales, F|249\/350\n|turn|21\n|callback|decision\n|\n|move|p2a: Ninetales|Mimic|p1a: Heracross\n|-start|p2a: Ninetales|Mimic|Earthquake\n|move|p1a: Heracross|Earthquake|p2a: Ninetales\n|-supereffective|p2a: Ninetales\n|-damage|p2a: Ninetales|0 fnt\n|faint|p2a: Ninetales\n|\n|-weather|SunnyDay|[upkeep]\n|callback|decision\n|\n|switch|p2a: Spinny Boogie|Spinda, F|324\/324\n|turn|22\n|callback|decision\n|\n|move|p2a: Spinny Boogie|Assist|p2a: Spinny Boogie\n|move|p2a: Spinny Boogie|V-create|p1a: Heracross|[from]Assist\n|-supereffective|p1a: Heracross\n|-damage|p1a: Heracross|26\/364\n|-boost|p2a: Spinny Boogie|def|1\n|-boost|p2a: Spinny Boogie|spd|1\n|-boost|p2a: Spinny Boogie|spe|1\n|move|p1a: Heracross|Earthquake|p2a: Spinny Boogie\n|-damage|p2a: Spinny Boogie|153\/324\n|\n|-weather|SunnyDay|[upkeep]\n|turn|23\n|callback|decision\n|\n|move|p2a: Spinny Boogie|Assist|p2a: Spinny Boogie\n|move|p2a: Spinny Boogie|V-create|p1a: Heracross|[from]Assist\n|-supereffective|p1a: Heracross\n|-damage|p1a: Heracross|0 fnt\n|-boost|p2a: Spinny Boogie|def|1\n|-boost|p2a: Spinny Boogie|spd|1\n|-boost|p2a: Spinny Boogie|spe|1\n|faint|p1a: Heracross\n|\n|-weather|SunnyDay|[upkeep]\n|callback|decision\n|\n|switch|p1a: Volcarona|Volcarona, M|317\/317\n|turn|24\n|callback|decision\n|\n|move|p2a: Spinny Boogie|Assist|p2a: Spinny Boogie\n|move|p2a: Spinny Boogie|V-create|p1a: Volcarona|[from]Assist\n|-damage|p1a: Volcarona|112\/317\n|-boost|p2a: Spinny Boogie|def|1\n|-boost|p2a: Spinny Boogie|spd|1\n|-boost|p2a: Spinny Boogie|spe|1\n|move|p1a: Volcarona|Bug Buzz|p2a: Spinny Boogie\n|-damage|p2a: Spinny Boogie|84\/324\n|\n|-weather|SunnyDay|[upkeep]\n|turn|25\n|callback|decision\n|chat|RainSeven07|that was an amazing strategy\n|\n|move|p2a: Spinny Boogie|Assist|p2a: Spinny Boogie\n|move|p2a: Spinny Boogie|V-create|p1a: Volcarona|[from]Assist\n|-damage|p1a: Volcarona|0 fnt\n|-status|p2a: Spinny Boogie|brn\n|-boost|p2a: Spinny Boogie|def|1\n|-boost|p2a: Spinny Boogie|spd|1\n|-boost|p2a: Spinny Boogie|spe|1\n|faint|p1a: Volcarona\n|\n|win|my body is regi\n|raw|Ladder updating...\n|raw|RainSeven07's rating: 1004 &rarr; <strong>989<\/strong><br \/>(-15 for losing)\n|raw|my body is regi's rating: 1098 &rarr; <strong>1111<\/strong><br \/>(+13 for winning)\n|chat|my body is regi|spinny boogie baby\n|chat|RainSeven07|you totally my respect\n|chat|RainSeven07|really\n|chat|RainSeven07|gg\n|chat|my body is regi|gg\n|chat|my body is regi|i didnt come up with this btw, i'd feel bad if i was stealing the glory\n|leave|my body is regi\n|player|p2","inputlog":null,"uploadtime":1369788392,"views":822,"p1id":"rainseven07","p2id":"mybodyisregi","formatid":"ou","rating":0,"private":0,"password":null}