{"id":"ou-253499744","p1":"D Milk Dude","p2":"The Teal Scizor","format":"ou","log":"|join|D Milk Dude\n|join|The Teal Scizor\n|player|p1|D Milk Dude|170\n|player|p2|The Teal Scizor|270\n|gametype|singles\n|gen|6\n|tier|OU\n|clearpoke\n|poke|p1|Venusaur, F\n|poke|p1|Heatran, F\n|poke|p1|Landorus-Therian, M\n|poke|p1|Rotom-Wash\n|poke|p1|Kyurem-Black\n|poke|p1|Manaphy\n|poke|p2|Garchomp, M, shiny\n|poke|p2|Rotom-Wash\n|poke|p2|Latios, M, shiny\n|poke|p2|Metagross\n|poke|p2|Magnezone, shiny\n|poke|p2|Clefable, F, shiny\n|rule|Swagger Clause: Swagger is banned\n|rule|Baton Pass Clause: Limit one Baton Passer, can't pass Spe and other stats simultaneously\n|rule|Sleep Clause Mod: Limit one foe put to sleep\n|rule|Species Clause: Limit one of each Pok\u00e9mon\n|rule|OHKO Clause: OHKO moves are banned\n|rule|Moody Clause: Moody is banned\n|rule|Evasion Moves Clause: Evasion moves are banned\n|rule|Endless Battle Clause: Forcing endless battles is banned\n|rule|HP Percentage Mod: HP is shown in percentages\n|teampreview\n|join|tuxedodorito\n|c|\u2605D Milk Dude|HYPE!!!!!\n|leave|tuxedodorito\n|\n|start\n|switch|p1a: Heatran|Heatran, F|385\/385\n|switch|p2a: TWIN BLADES|Garchomp, M, shiny|420\/420\n|turn|1\n|join|tuxedodorito\n|\n|switch|p1a: Rotom-Wash|Rotom-Wash|283\/283\n|move|p2a: TWIN BLADES|Earthquake|p1a: Rotom-Wash\n|-immune|p1a: Rotom-Wash|[msg]\n|\n|turn|2\n|\n|move|p2a: TWIN BLADES|Stealth Rock|p1a: Rotom-Wash\n|-sidestart|p1: D Milk Dude|move: Stealth Rock\n|move|p1a: Rotom-Wash|Will-O-Wisp|p2a: TWIN BLADES\n|-status|p2a: TWIN BLADES|brn\n|\n|-damage|p2a: TWIN BLADES|368\/420 brn|[from] brn\n|turn|3\n|\n|switch|p2a: Google+|Rotom-Wash|303\/303\n|move|p1a: Rotom-Wash|Volt Switch|p2a: Google+\n|-damage|p2a: Google+|189\/303\n|\n|switch|p1a: Venusaur|Venusaur, F|364\/364\n|-damage|p1a: Venusaur|319\/364|[from] Stealth Rock\n|\n|turn|4\n|\n|switch|p2a: Error 404|Metagross|301\/301\n|detailschange|p1a: Venusaur|Venusaur-Mega, F\n|-mega|p1a: Venusaur|Venusaur|Venusaurite\n|move|p1a: Venusaur|Leech Seed|p2a: Error 404|[miss]\n|-miss|p1a: Venusaur|p2a: Error 404\n|\n|turn|5\n|c|\u2605The Teal Scizor|GL HF BTW\n|c|\u2605D Milk Dude|u2 and ugh\n|c| tuxedodorito|omg error 404\n|c|\u2605The Teal Scizor|sorry\n|c|\u2605D Milk Dude|not ur fault\n|c|\u2605The Teal Scizor|Error 404: switch in not found XD\n|c| tuxedodorito|XD\n|\n|switch|p1a: Manaphy|Manaphy|403\/403\n|-damage|p1a: Manaphy|353\/403|[from] Stealth Rock\n|detailschange|p2a: Error 404|Metagross-Mega\n|-mega|p2a: Error 404|Metagross|Metagrossite\n|move|p2a: Error 404|Ice Punch|p1a: Manaphy\n|-resisted|p1a: Manaphy\n|-damage|p1a: Manaphy|288\/403\n|\n|turn|6\n|\n|switch|p2a: FriendZone|Magnezone, shiny|281\/281\n|move|p1a: Manaphy|Reflect|p1a: Manaphy\n|-sidestart|p1: D Milk Dude|Reflect\n|\n|turn|7\n|\n|switch|p1a: Heatran|Heatran, F|385\/385\n|-damage|p1a: Heatran|337\/385|[from] Stealth Rock\n|move|p2a: FriendZone|Flash Cannon|p1a: Heatran\n|-resisted|p1a: Heatran\n|-damage|p1a: Heatran|313\/385\n|\n|-heal|p1a: Heatran|337\/385|[from] item: Leftovers\n|turn|8\n|\n|switch|p2a: TWIN BLADES|Garchomp, M, shiny|368\/420 brn\n|move|p1a: Heatran|Stealth Rock|p2a: TWIN BLADES\n|-sidestart|p2: The Teal Scizor|move: Stealth Rock\n|\n|-heal|p1a: Heatran|361\/385|[from] item: Leftovers\n|-damage|p2a: TWIN BLADES|316\/420 brn|[from] brn\n|turn|9\n|\n|switch|p1a: Landorus-Therian|Landorus-Therian, M|329\/329\n|-damage|p1a: Landorus-Therian|288\/329|[from] Stealth Rock\n|-ability|p1a: Landorus-Therian|Intimidate\n|-unboost|p2a: TWIN BLADES|atk|1\n|move|p2a: TWIN BLADES|Dragon Tail|p1a: Landorus-Therian|[miss]\n|-miss|p2a: TWIN BLADES|p1a: Landorus-Therian\n|\n|-damage|p2a: TWIN BLADES|264\/420 brn|[from] brn\n|turn|10\n|\n|switch|p2a: Google+|Rotom-Wash|189\/303\n|-damage|p2a: Google+|152\/303|[from] Stealth Rock\n|move|p1a: Landorus-Therian|Knock Off|p2a: Google+\n|-damage|p2a: Google+|67\/303\n|-enditem|p2a: Google+|Chesto Berry|[from] move: Knock Off|[of] p1a: Landorus-Therian\n|\n|turn|11\n|\n|switch|p1a: Venusaur|Venusaur-Mega, F|319\/364\n|-damage|p1a: Venusaur|274\/364|[from] Stealth Rock\n|move|p2a: Google+|Rest|p2a: Google+\n|-status|p2a: Google+|slp\n|-heal|p2a: Google+|303\/303 slp|[silent]\n|-status|p2a: Google+|slp|[from] move: Rest\n|\n|turn|12\n|\n|switch|p2a: Tea|Latios, M, shiny|301\/301\n|-damage|p2a: Tea|264\/301|[from] Stealth Rock\n|switch|p1a: Landorus-Therian|Landorus-Therian, M|288\/329\n|-damage|p1a: Landorus-Therian|247\/329|[from] Stealth Rock\n|-ability|p1a: Landorus-Therian|Intimidate\n|-unboost|p2a: Tea|atk|1\n|\n|turn|13\n|\n|switch|p2a: Google+|Rotom-Wash|303\/303 slp\n|-damage|p2a: Google+|266\/303 slp|[from] Stealth Rock\n|move|p1a: Landorus-Therian|U-turn|p2a: Google+\n|-damage|p2a: Google+|199\/303 slp\n|\n|switch|p1a: Kyurem-Black|Kyurem-Black|397\/397\n|-damage|p1a: Kyurem-Black|298\/397|[from] Stealth Rock\n|-ability|p1a: Kyurem-Black|Teravolt\n|\n|-sideend|p1: D Milk Dude|Reflect\n|turn|14\n|\n|move|p1a: Kyurem-Black|Iron Head|p2a: Google+\n|-resisted|p2a: Google+\n|-damage|p2a: Google+|166\/303 slp\n|cant|p2a: Google+|slp\n|\n|turn|15\n|\n|switch|p1a: Venusaur|Venusaur-Mega, F|274\/364\n|-damage|p1a: Venusaur|229\/364|[from] Stealth Rock\n|cant|p2a: Google+|slp\n|\n|turn|16\n|\n|-curestatus|p2a: Google+|slp\n|move|p2a: Google+|Volt Switch|p1a: Venusaur\n|-resisted|p1a: Venusaur\n|-damage|p1a: Venusaur|193\/364\n|\n|switch|p2a: Error 404|Metagross-Mega|301\/301\n|-damage|p2a: Error 404|283\/301|[from] Stealth Rock\n|move|p1a: Venusaur|Leech Seed|p2a: Error 404\n|-start|p2a: Error 404|move: Leech Seed\n|\n|-damage|p2a: Error 404|246\/301|[from] Leech Seed|[of] p1a: Venusaur\n|-heal|p1a: Venusaur|230\/364|[silent]\n|turn|17\n|\n|switch|p1a: Rotom-Wash|Rotom-Wash|283\/283\n|-damage|p1a: Rotom-Wash|248\/283|[from] Stealth Rock\n|move|p2a: Error 404|Zen Headbutt|p1a: Rotom-Wash\n|-damage|p1a: Rotom-Wash|52\/283\n|\n|-heal|p1a: Rotom-Wash|69\/283|[from] item: Leftovers\n|-damage|p2a: Error 404|209\/301|[from] Leech Seed|[of] p1a: Rotom-Wash\n|-heal|p1a: Rotom-Wash|106\/283|[silent]\n|turn|18\n|\n|move|p2a: Error 404|Zen Headbutt|p1a: Rotom-Wash\n|-damage|p1a: Rotom-Wash|0 fnt\n|faint|p1a: Rotom-Wash\n|\n|\n|switch|p1a: Landorus-Therian|Landorus-Therian, M|247\/329\n|-damage|p1a: Landorus-Therian|206\/329|[from] Stealth Rock\n|-ability|p1a: Landorus-Therian|Intimidate\n|-unboost|p2a: Error 404|atk|1\n|turn|19\n|\n|switch|p2a: Google+|Rotom-Wash|166\/303\n|-damage|p2a: Google+|129\/303|[from] Stealth Rock\n|move|p1a: Landorus-Therian|U-turn|p2a: Google+\n|-damage|p2a: Google+|62\/303\n|\n|switch|p1a: Venusaur|Venusaur-Mega, F|230\/364\n|-damage|p1a: Venusaur|185\/364|[from] Stealth Rock\n|\n|turn|20\n|\n|move|p2a: Google+|Volt Switch|p1a: Venusaur\n|-resisted|p1a: Venusaur\n|-damage|p1a: Venusaur|150\/364\n|\n|switch|p2a: FriendZone|Magnezone, shiny|281\/281\n|-damage|p2a: FriendZone|264\/281|[from] Stealth Rock\n|move|p1a: Venusaur|Synthesis|p1a: Venusaur\n|-heal|p1a: Venusaur|332\/364\n|\n|turn|21\n|\n|move|p2a: FriendZone|Flash Cannon|p1a: Venusaur\n|-damage|p1a: Venusaur|217\/364\n|move|p1a: Venusaur|Leech Seed|p2a: FriendZone\n|-start|p2a: FriendZone|move: Leech Seed\n|\n|-damage|p2a: FriendZone|229\/281|[from] Leech Seed|[of] p1a: Venusaur\n|-heal|p1a: Venusaur|252\/364|[silent]\n|turn|22\n|\n|switch|p2a: TWIN BLADES|Garchomp, M, shiny|264\/420 brn\n|-damage|p2a: TWIN BLADES|238\/420 brn|[from] Stealth Rock\n|move|p1a: Venusaur|Synthesis|p1a: Venusaur\n|-heal|p1a: Venusaur|364\/364\n|\n|-damage|p2a: TWIN BLADES|186\/420 brn|[from] brn\n|turn|23\n|\n|switch|p2a: Tea|Latios, M, shiny|264\/301\n|-damage|p2a: Tea|227\/301|[from] Stealth Rock\n|move|p1a: Venusaur|Hidden Power|p2a: Tea\n|-supereffective|p2a: Tea\n|-damage|p2a: Tea|127\/301\n|\n|turn|24\n|\n|switch|p1a: Heatran|Heatran, F|361\/385\n|-damage|p1a: Heatran|313\/385|[from] Stealth Rock\n|move|p2a: Tea|Recover|p2a: Tea\n|-heal|p2a: Tea|278\/301\n|\n|-heal|p1a: Heatran|337\/385|[from] item: Leftovers\n|turn|25\n|\n|move|p2a: Tea|Defog|p1a: Heatran\n|-unboost|p1a: Heatran|evasion|1\n|-sideend|p1: D Milk Dude|Stealth Rock|[from] move: Defog|[of] p1a: Heatran\n|-sideend|p2: The Teal Scizor|Stealth Rock|[from] move: Defog|[of] p2a: Tea\n|move|p1a: Heatran|Toxic|p2a: Tea\n|-status|p2a: Tea|tox\n|\n|-heal|p1a: Heatran|361\/385|[from] item: Leftovers\n|-damage|p2a: Tea|260\/301 tox|[from] psn\n|turn|26\n|join|Jfr3sh\n|\n|switch|p2a: TWIN BLADES|Garchomp, M, shiny|186\/420 brn\n|move|p1a: Heatran|Lava Plume|p2a: TWIN BLADES\n|-resisted|p2a: TWIN BLADES\n|-damage|p2a: TWIN BLADES|120\/420 brn\n|\n|-heal|p1a: Heatran|385\/385|[from] item: Leftovers\n|-damage|p2a: TWIN BLADES|68\/420 brn|[from] brn\n|turn|27\n|\n|move|p2a: TWIN BLADES|Stealth Rock|p1a: Heatran\n|-sidestart|p1: D Milk Dude|move: Stealth Rock\n|move|p1a: Heatran|Flash Cannon|p2a: TWIN BLADES\n|-crit|p2a: TWIN BLADES\n|-damage|p2a: TWIN BLADES|0 fnt\n|faint|p2a: TWIN BLADES\n|\n|\n|switch|p2a: Google+|Rotom-Wash|62\/303\n|turn|28\n|\n|move|p2a: Google+|Rest|p2a: Google+\n|-status|p2a: Google+|slp\n|-heal|p2a: Google+|303\/303 slp|[silent]\n|-status|p2a: Google+|slp|[from] move: Rest\n|move|p1a: Heatran|Stealth Rock|p2a: Google+\n|-sidestart|p2: The Teal Scizor|move: Stealth Rock\n|\n|turn|29\n|leave|Jfr3sh\n|\n|switch|p2a: Error 404|Metagross-Mega|209\/301\n|-damage|p2a: Error 404|191\/301|[from] Stealth Rock\n|switch|p1a: Manaphy|Manaphy|288\/403\n|-damage|p1a: Manaphy|238\/403|[from] Stealth Rock\n|\n|turn|30\n|join|Jfr3sh\n|\n|move|p2a: Error 404|Zen Headbutt|p1a: Manaphy\n|-damage|p1a: Manaphy|28\/403\n|move|p1a: Manaphy|Reflect|p1a: Manaphy\n|-sidestart|p1: D Milk Dude|Reflect\n|\n|turn|31\n|\n|move|p2a: Error 404|Zen Headbutt|p1a: Manaphy\n|-damage|p1a: Manaphy|0 fnt\n|faint|p1a: Manaphy\n|\n|c|\u2605The Teal Scizor|my heart doe\n|\n|switch|p1a: Heatran|Heatran, F|385\/385\n|-damage|p1a: Heatran|337\/385|[from] Stealth Rock\n|turn|32\n|\n|switch|p2a: Google+|Rotom-Wash|303\/303 slp\n|-damage|p2a: Google+|266\/303 slp|[from] Stealth Rock\n|move|p1a: Heatran|Lava Plume|p2a: Google+\n|-resisted|p2a: Google+\n|-damage|p2a: Google+|212\/303 slp\n|\n|-heal|p1a: Heatran|361\/385|[from] item: Leftovers\n|turn|33\n|\n|cant|p2a: Google+|slp\n|move|p1a: Heatran|Flash Cannon|p2a: Google+\n|-resisted|p2a: Google+\n|-damage|p2a: Google+|185\/303 slp\n|\n|-heal|p1a: Heatran|385\/385|[from] item: Leftovers\n|turn|34\n|\n|switch|p1a: Venusaur|Venusaur-Mega, F|364\/364\n|-damage|p1a: Venusaur|319\/364|[from] Stealth Rock\n|cant|p2a: Google+|slp\n|\n|turn|35\n|\n|switch|p2a: Tea|Latios, M, shiny|260\/301 tox\n|-damage|p2a: Tea|223\/301 tox|[from] Stealth Rock\n|move|p1a: Venusaur|Leech Seed|p2a: Tea\n|-start|p2a: Tea|move: Leech Seed\n|\n|-damage|p2a: Tea|186\/301 tox|[from] Leech Seed|[of] p1a: Venusaur\n|-heal|p1a: Venusaur|356\/364|[silent]\n|-damage|p2a: Tea|168\/301 tox|[from] psn\n|turn|36\n|c| tuxedodorito|i just noticed that both of you have unova characters\n|\n|switch|p1a: Landorus-Therian|Landorus-Therian, M|206\/329\n|-damage|p1a: Landorus-Therian|165\/329|[from] Stealth Rock\n|-ability|p1a: Landorus-Therian|Intimidate\n|-unboost|p2a: Tea|atk|1\n|move|p2a: Tea|Recover|p2a: Tea\n|-heal|p2a: Tea|301\/301 tox\n|\n|-damage|p2a: Tea|264\/301 tox|[from] Leech Seed|[of] p1a: Landorus-Therian\n|-heal|p1a: Landorus-Therian|202\/329|[silent]\n|-damage|p2a: Tea|228\/301 tox|[from] psn\n|turn|37\n|leave|Jfr3sh\n|\n|switch|p2a: FriendZone|Magnezone, shiny|229\/281\n|-damage|p2a: FriendZone|212\/281|[from] Stealth Rock\n|move|p1a: Landorus-Therian|U-turn|p2a: FriendZone\n|-resisted|p2a: FriendZone\n|-damage|p2a: FriendZone|169\/281\n|\n|switch|p1a: Venusaur|Venusaur-Mega, F|356\/364\n|-damage|p1a: Venusaur|311\/364|[from] Stealth Rock\n|\n|-sideend|p1: D Milk Dude|Reflect\n|turn|38\n|join|Jfr3sh\n|\n|move|p2a: FriendZone|Flash Cannon|p1a: Venusaur\n|-damage|p1a: Venusaur|181\/364\n|move|p1a: Venusaur|Leech Seed|p2a: FriendZone\n|-start|p2a: FriendZone|move: Leech Seed\n|\n|-damage|p2a: FriendZone|134\/281|[from] Leech Seed|[of] p1a: Venusaur\n|-heal|p1a: Venusaur|216\/364|[silent]\n|turn|39\n|leave|Jfr3sh\n|\n|move|p2a: FriendZone|Flash Cannon|p1a: Venusaur\n|-damage|p1a: Venusaur|86\/364\n|move|p1a: Venusaur|Synthesis|p1a: Venusaur\n|-heal|p1a: Venusaur|268\/364\n|\n|-damage|p2a: FriendZone|99\/281|[from] Leech Seed|[of] p1a: Venusaur\n|-heal|p1a: Venusaur|303\/364|[silent]\n|turn|40\n|\n|move|p2a: FriendZone|Flash Cannon|p1a: Venusaur\n|-damage|p1a: Venusaur|171\/364\n|move|p1a: Venusaur|Leech Seed|p2a: FriendZone\n|-fail|p2a: FriendZone\n|\n|-damage|p2a: FriendZone|64\/281|[from] Leech Seed|[of] p1a: Venusaur\n|-heal|p1a: Venusaur|206\/364|[silent]\n|turn|41\n|join|Jfr3sh\n|\n|move|p2a: FriendZone|Flash Cannon|p1a: Venusaur\n|-damage|p1a: Venusaur|88\/364\n|move|p1a: Venusaur|Synthesis|p1a: Venusaur\n|-heal|p1a: Venusaur|270\/364\n|\n|-damage|p2a: FriendZone|29\/281|[from] Leech Seed|[of] p1a: Venusaur\n|-heal|p1a: Venusaur|305\/364|[silent]\n|turn|42\n|\n|move|p2a: FriendZone|Flash Cannon|p1a: Venusaur\n|-damage|p1a: Venusaur|191\/364\n|move|p1a: Venusaur|Synthesis|p1a: Venusaur\n|-heal|p1a: Venusaur|364\/364\n|\n|-damage|p2a: FriendZone|0 fnt|[from] Leech Seed|[of] p1a: Venusaur\n|faint|p2a: FriendZone\n|\n|switch|p2a: Error 404|Metagross-Mega|191\/301\n|-damage|p2a: Error 404|173\/301|[from] Stealth Rock\n|turn|43\n|\n|switch|p1a: Kyurem-Black|Kyurem-Black|298\/397\n|-damage|p1a: Kyurem-Black|199\/397|[from] Stealth Rock\n|-ability|p1a: Kyurem-Black|Teravolt\n|move|p2a: Error 404|Zen Headbutt|p1a: Kyurem-Black\n|-damage|p1a: Kyurem-Black|15\/397\n|\n|turn|44\n|\n|switch|p2a: Bubblegum|Clefable, F, shiny|394\/394\n|move|p1a: Kyurem-Black|Fusion Bolt|p2a: Bubblegum\n|-damage|p2a: Bubblegum|183\/394\n|\n|-heal|p2a: Bubblegum|207\/394|[from] item: Leftovers\n|turn|45\n|\n|move|p1a: Kyurem-Black|Fusion Bolt|p2a: Bubblegum\n|-damage|p2a: Bubblegum|12\/394\n|move|p2a: Bubblegum|Soft-Boiled|p2a: Bubblegum\n|-heal|p2a: Bubblegum|209\/394\n|\n|-heal|p2a: Bubblegum|233\/394|[from] item: Leftovers\n|turn|46\n|c|\u2605D Milk Dude|that low roll doe\n|\n|move|p1a: Kyurem-Black|Fusion Bolt|p2a: Bubblegum\n|-damage|p2a: Bubblegum|31\/394\n|move|p2a: Bubblegum|Soft-Boiled|p2a: Bubblegum\n|-heal|p2a: Bubblegum|228\/394\n|\n|-heal|p2a: Bubblegum|252\/394|[from] item: Leftovers\n|turn|47\n|\n|move|p1a: Kyurem-Black|Fusion Bolt|p2a: Bubblegum\n|-damage|p2a: Bubblegum|35\/394\n|move|p2a: Bubblegum|Soft-Boiled|p2a: Bubblegum\n|-heal|p2a: Bubblegum|232\/394\n|\n|-heal|p2a: Bubblegum|256\/394|[from] item: Leftovers\n|turn|48\n|\n|move|p1a: Kyurem-Black|Fusion Bolt|p2a: Bubblegum\n|-damage|p2a: Bubblegum|48\/394\n|move|p2a: Bubblegum|Soft-Boiled|p2a: Bubblegum\n|-heal|p2a: Bubblegum|245\/394\n|\n|-heal|p2a: Bubblegum|269\/394|[from] item: Leftovers\n|turn|49\n|leave|Jfr3sh\n|\n|move|p1a: Kyurem-Black|Fusion Bolt|p2a: Bubblegum\n|-damage|p2a: Bubblegum|58\/394\n|move|p2a: Bubblegum|Soft-Boiled|p2a: Bubblegum\n|-heal|p2a: Bubblegum|255\/394\n|\n|-heal|p2a: Bubblegum|279\/394|[from] item: Leftovers\n|turn|50\n|\n|move|p1a: Kyurem-Black|Fusion Bolt|p2a: Bubblegum\n|-damage|p2a: Bubblegum|66\/394\n|move|p2a: Bubblegum|Soft-Boiled|p2a: Bubblegum\n|-heal|p2a: Bubblegum|263\/394\n|\n|-heal|p2a: Bubblegum|287\/394|[from] item: Leftovers\n|turn|51\n|c|\u2605The Teal Scizor|One more\n|c|\u2605D Milk Dude|one low roll is the only reason u aren't dead XD\n|\n|move|p1a: Kyurem-Black|Fusion Bolt|p2a: Bubblegum\n|-damage|p2a: Bubblegum|95\/394\n|move|p2a: Bubblegum|Soft-Boiled|p2a: Bubblegum\n|-heal|p2a: Bubblegum|292\/394\n|\n|-heal|p2a: Bubblegum|316\/394|[from] item: Leftovers\n|turn|52\n|c|\u2605D Milk Dude|im salty\n|\n|-activate|p1a: Kyurem-Black|move: Struggle\n|move|p1a: Kyurem-Black|Struggle|p2a: Bubblegum\n|-damage|p2a: Bubblegum|205\/394\n|-damage|p1a: Kyurem-Black|0 fnt|[from] recoil\n|faint|p1a: Kyurem-Black\n|move|p2a: Bubblegum|Moonblast|p1: Kyurem-Black|[notarget]\n|-notarget\n|\n|-heal|p2a: Bubblegum|229\/394|[from] item: Leftovers\n|join|Jfr3sh\n|\n|switch|p1a: Venusaur|Venusaur-Mega, F|364\/364\n|-damage|p1a: Venusaur|319\/364|[from] Stealth Rock\n|turn|53\n|\n|switch|p2a: Tea|Latios, M, shiny|228\/301 tox\n|-damage|p2a: Tea|191\/301 tox|[from] Stealth Rock\n|move|p1a: Venusaur|Leech Seed|p2a: Tea\n|-start|p2a: Tea|move: Leech Seed\n|\n|-damage|p2a: Tea|154\/301 tox|[from] Leech Seed|[of] p1a: Venusaur\n|-heal|p1a: Venusaur|356\/364|[silent]\n|-damage|p2a: Tea|136\/301 tox|[from] psn\n|turn|54\n|c| tuxedodorito|NOOOOOOOOO BLACK KYUREM!\n|\n|move|p2a: Tea|Psyshock|p1a: Venusaur\n|-supereffective|p1a: Venusaur\n|-damage|p1a: Venusaur|119\/364\n|-damage|p2a: Tea|106\/301 tox|[from] item: Life Orb\n|move|p1a: Venusaur|Hidden Power|p2a: Tea\n|-supereffective|p2a: Tea\n|-damage|p2a: Tea|6\/301 tox\n|\n|-damage|p2a: Tea|0 fnt|[from] Leech Seed|[of] p1a: Venusaur\n|-heal|p1a: Venusaur|125\/364|[silent]\n|faint|p2a: Tea\n|leave|Jfr3sh\n|\n|switch|p2a: Error 404|Metagross-Mega|173\/301\n|-damage|p2a: Error 404|155\/301|[from] Stealth Rock\n|turn|55\n|\n|switch|p1a: Heatran|Heatran, F|385\/385\n|-damage|p1a: Heatran|337\/385|[from] Stealth Rock\n|move|p2a: Error 404|Zen Headbutt|p1a: Heatran\n|-resisted|p1a: Heatran\n|-damage|p1a: Heatran|246\/385\n|\n|-heal|p1a: Heatran|270\/385|[from] item: Leftovers\n|turn|56\n|join|Jfr3sh\n|\n|switch|p1a: Landorus-Therian|Landorus-Therian, M|202\/329\n|-damage|p1a: Landorus-Therian|161\/329|[from] Stealth Rock\n|-ability|p1a: Landorus-Therian|Intimidate\n|-unboost|p2a: Error 404|atk|1\n|move|p2a: Error 404|Hammer Arm|p1a: Landorus-Therian\n|-resisted|p1a: Landorus-Therian\n|-damage|p1a: Landorus-Therian|103\/329\n|-unboost|p2a: Error 404|spe|1\n|\n|turn|57\n|leave|Jfr3sh\n|join|Jfr3sh\n|leave|Jfr3sh\n|\n|switch|p2a: Google+|Rotom-Wash|185\/303 slp\n|-damage|p2a: Google+|148\/303 slp|[from] Stealth Rock\n|move|p1a: Landorus-Therian|U-turn|p2a: Google+\n|-damage|p2a: Google+|87\/303 slp\n|\n|switch|p1a: Venusaur|Venusaur-Mega, F|125\/364\n|-damage|p1a: Venusaur|80\/364|[from] Stealth Rock\n|\n|turn|58\n|\n|-curestatus|p2a: Google+|slp\n|move|p2a: Google+|Will-O-Wisp|p1a: Venusaur\n|-status|p1a: Venusaur|brn\n|move|p1a: Venusaur|Leech Seed|p2a: Google+\n|-start|p2a: Google+|move: Leech Seed\n|\n|-damage|p2a: Google+|50\/303|[from] Leech Seed|[of] p1a: Venusaur\n|-heal|p1a: Venusaur|117\/364 brn|[silent]\n|-damage|p1a: Venusaur|72\/364 brn|[from] brn\n|turn|59\n|\n|move|p2a: Google+|Hydro Pump|p1a: Venusaur\n|-resisted|p1a: Venusaur\n|-damage|p1a: Venusaur|15\/364 brn\n|move|p1a: Venusaur|Sludge Bomb|p2a: Google+\n|-crit|p2a: Google+\n|-damage|p2a: Google+|0 fnt\n|faint|p2a: Google+\n|\n|-damage|p1a: Venusaur|0 fnt|[from] brn\n|faint|p1a: Venusaur\n|\n|switch|p1a: Landorus-Therian|Landorus-Therian, M|103\/329\n|switch|p2a: Bubblegum|Clefable, F, shiny|229\/394\n|-damage|p1a: Landorus-Therian|62\/329|[from] Stealth Rock\n|-ability|p1a: Landorus-Therian|Intimidate\n|-unboost|p2a: Bubblegum|atk|1\n|turn|60\n|\n|move|p1a: Landorus-Therian|Earthquake|p2a: Bubblegum\n|-damage|p2a: Bubblegum|64\/394\n|move|p2a: Bubblegum|Soft-Boiled|p2a: Bubblegum\n|-heal|p2a: Bubblegum|261\/394\n|\n|-heal|p2a: Bubblegum|285\/394|[from] item: Leftovers\n|turn|61\n|\n|switch|p1a: Heatran|Heatran, F|270\/385\n|-damage|p1a: Heatran|222\/385|[from] Stealth Rock\n|move|p2a: Bubblegum|Moonblast|p1a: Heatran\n|-resisted|p1a: Heatran\n|-damage|p1a: Heatran|203\/385\n|\n|-heal|p1a: Heatran|227\/385|[from] item: Leftovers\n|-heal|p2a: Bubblegum|309\/394|[from] item: Leftovers\n|turn|62\n|\n|move|p1a: Heatran|Flash Cannon|p2a: Bubblegum\n|-supereffective|p2a: Bubblegum\n|-damage|p2a: Bubblegum|33\/394\n|move|p2a: Bubblegum|Calm Mind|p2a: Bubblegum\n|-boost|p2a: Bubblegum|spa|1\n|-boost|p2a: Bubblegum|spd|1\n|\n|-heal|p1a: Heatran|251\/385|[from] item: Leftovers\n|-heal|p2a: Bubblegum|57\/394|[from] item: Leftovers\n|turn|63\n|\n|move|p1a: Heatran|Flash Cannon|p2a: Bubblegum\n|-supereffective|p2a: Bubblegum\n|-damage|p2a: Bubblegum|0 fnt\n|faint|p2a: Bubblegum\n|\n|-heal|p1a: Heatran|275\/385|[from] item: Leftovers\n|\n|switch|p2a: Error 404|Metagross-Mega|155\/301\n|-damage|p2a: Error 404|137\/301|[from] Stealth Rock\n|turn|64\n|\n|move|p2a: Error 404|Hammer Arm|p1a: Heatran\n|-supereffective|p1a: Heatran\n|-damage|p1a: Heatran|0 fnt\n|-unboost|p2a: Error 404|spe|1\n|faint|p1a: Heatran\n|\n|\n|switch|p1a: Landorus-Therian|Landorus-Therian, M|62\/329\n|-damage|p1a: Landorus-Therian|21\/329|[from] Stealth Rock\n|-ability|p1a: Landorus-Therian|Intimidate\n|-unboost|p2a: Error 404|atk|1\n|turn|65\n|c|\u2605The Teal Scizor|gg\n|c|\u2605D Milk Dude|holy shit gg XD\n|\n|move|p1a: Landorus-Therian|Earthquake|p2a: Error 404\n|-crit|p2a: Error 404\n|-supereffective|p2a: Error 404\n|-damage|p2a: Error 404|0 fnt\n|faint|p2a: Error 404\n|\n|win|D Milk Dude","inputlog":null,"uploadtime":1438014418,"views":19,"p1id":"dmilkdude","p2id":"thetealscizor","formatid":"ou","rating":0,"private":0,"password":null}