{"id":"ou-245475815","p1":"let's dance m8","p2":"The Teal Scizor","format":"ou","log":"|join|let's dance m8\n|join|The Teal Scizor\n|player|p1|let's dance m8|24\n|player|p2|The Teal Scizor|24\n|gametype|singles\n|gen|6\n|tier|OU\n|clearpoke\n|poke|p1|Alakazam, F\n|poke|p1|Conkeldurr, F\n|poke|p1|Celebi\n|poke|p1|Gardevoir, F\n|poke|p1|Excadrill, M\n|poke|p1|Jirachi\n|poke|p2|Galvantula, F\n|poke|p2|Garchomp, M\n|poke|p2|Sharpedo, F\n|poke|p2|Starmie\n|poke|p2|Scizor, M\n|poke|p2|Gengar, F\n|rule|Swagger Clause: Swagger is banned\n|rule|Baton Pass Clause: Limit one Pok\u00e9mon knowing Baton Pass\n|rule|Sleep Clause Mod: Limit one foe put to sleep\n|rule|Species Clause: Limit one of each Pok\u00e9mon\n|rule|OHKO Clause: OHKO moves are banned\n|rule|Moody Clause: Moody is banned\n|rule|Evasion Moves Clause: Evasion moves are banned\n|rule|Endless Battle Clause: Forcing endless battles is banned\n|rule|HP Percentage Mod: HP is shown in percentages\n|teampreview\n|\n|start\n|switch|p1a: Celebi|Celebi|404\/404\n|switch|p2a: Speed Bypass|Galvantula, F|281\/281\n|turn|1\n|\n|move|p2a: Speed Bypass|Sticky Web|p1a: Celebi\n|-sidestart|p1: let's dance m8|move: Sticky Web\n|move|p1a: Celebi|Stealth Rock|p2a: Speed Bypass\n|-sidestart|p2: The Teal Scizor|move: Stealth Rock\n|\n|turn|2\n|\n|switch|p2a: It's Mie|Starmie|261\/261\n|-damage|p2a: It's Mie|229\/261|[from] Stealth Rock\n|switch|p1a: Conkeldurr|Conkeldurr, F|413\/413\n|-activate|p1a: Conkeldurr|move: Sticky Web\n|-unboost|p1a: Conkeldurr|spe|1\n|\n|turn|3\n|\n|switch|p2a: TWIN BLADES|Garchomp, M|357\/357\n|-damage|p2a: TWIN BLADES|335\/357|[from] Stealth Rock\n|move|p1a: Conkeldurr|Fire Punch|p2a: TWIN BLADES\n|-crit|p2a: TWIN BLADES\n|-resisted|p2a: TWIN BLADES\n|-damage|p2a: TWIN BLADES|254\/357\n|-damage|p1a: Conkeldurr|362\/413|[from] ability: Rough Skin|[of] p2a: TWIN BLADES\n|\n|turn|4\n|\n|switch|p1a: Jirachi|Jirachi|403\/403\n|-activate|p1a: Jirachi|move: Sticky Web\n|-unboost|p1a: Jirachi|spe|1\n|detailschange|p2a: TWIN BLADES|Garchomp-Mega, M\n|-mega|p2a: TWIN BLADES|Garchomp|Garchompite\n|move|p2a: TWIN BLADES|Swords Dance|p2a: TWIN BLADES\n|-boost|p2a: TWIN BLADES|atk|2\n|\n|turn|5\n|\n|move|p2a: TWIN BLADES|Fire Fang|p1a: Jirachi\n|-supereffective|p1a: Jirachi\n|-damage|p1a: Jirachi|0 fnt\n|faint|p1a: Jirachi\n|\n|\n|switch|p1a: Gardevoir|Gardevoir, F|339\/339\n|-activate|p1a: Gardevoir|move: Sticky Web\n|-unboost|p1a: Gardevoir|spe|1\n|-ability|p1a: Gardevoir|Sand Force|[from] ability: Trace|[of] p2a: TWIN BLADES\n|turn|6\n|\n|detailschange|p1a: Gardevoir|Gardevoir-Mega, F\n|-mega|p1a: Gardevoir|Gardevoir|Gardevoirite\n|move|p2a: TWIN BLADES|Crunch|p1a: Gardevoir\n|-damage|p1a: Gardevoir|0 fnt\n|faint|p1a: Gardevoir\n|\n|\n|switch|p1a: Alakazam|Alakazam, F|251\/251\n|-activate|p1a: Alakazam|move: Sticky Web\n|-unboost|p1a: Alakazam|spe|1\n|turn|7\n|\n|move|p2a: TWIN BLADES|Crunch|p1a: Alakazam\n|-supereffective|p1a: Alakazam\n|-damage|p1a: Alakazam|0 fnt\n|faint|p1a: Alakazam\n|\n|\n|switch|p1a: Excadrill|Excadrill, M|361\/361\n|-activate|p1a: Excadrill|move: Sticky Web\n|-unboost|p1a: Excadrill|spe|1\n|-ability|p1a: Excadrill|Mold Breaker\n|turn|8\n|\n|move|p1a: Excadrill|Earthquake|p2a: TWIN BLADES\n|-damage|p2a: TWIN BLADES|80\/357\n|move|p2a: TWIN BLADES|Fire Fang|p1a: Excadrill\n|-supereffective|p1a: Excadrill\n|-damage|p1a: Excadrill|0 fnt\n|faint|p1a: Excadrill\n|\n|\n|switch|p1a: Conkeldurr|Conkeldurr, F|362\/413\n|-activate|p1a: Conkeldurr|move: Sticky Web\n|-unboost|p1a: Conkeldurr|spe|1\n|turn|9\n|\n|move|p1a: Conkeldurr|Mach Punch|p2a: TWIN BLADES\n|-damage|p2a: TWIN BLADES|4\/357\n|move|p2a: TWIN BLADES|Earthquake|p1a: Conkeldurr\n|-damage|p1a: Conkeldurr|0 fnt\n|faint|p1a: Conkeldurr\n|\n|\n|switch|p1a: Celebi|Celebi|404\/404\n|-activate|p1a: Celebi|move: Sticky Web\n|-unboost|p1a: Celebi|spe|1\n|turn|10\n|\n|move|p2a: TWIN BLADES|Crunch|p1a: Celebi\n|-supereffective|p1a: Celebi\n|-damage|p1a: Celebi|0 fnt\n|faint|p1a: Celebi\n|\n|win|The Teal Scizor","inputlog":null,"uploadtime":1435714306,"views":1,"p1id":"letsdancem8","p2id":"thetealscizor","formatid":"ou","rating":0,"private":0,"password":null}