{"id":"ou-220134136","p1":"Ohmboy Tesla","p2":"Legion001989","format":"ou","log":"|join|Ohmboy Tesla\n|join|Legion001989\n|player|p1|Ohmboy Tesla|136\n|player|p2|Legion001989|130\n|gametype|singles\n|gen|6\n|tier|OU\n|rated\n|clearpoke\n|poke|p1|Venusaur, F\n|poke|p1|Entei, shiny\n|poke|p1|Swampert, M\n|poke|p1|Hydreigon, F\n|poke|p1|Togekiss, F\n|poke|p1|Scizor, M\n|poke|p2|Sableye, M\n|poke|p2|Donphan, F\n|poke|p2|Tentacruel, M\n|poke|p2|Gengar, M, shiny\n|poke|p2|Charizard, M, shiny\n|poke|p2|Dragonite, M\n|rule|Swagger Clause: Swagger is banned\n|rule|Baton Pass Clause: Limit one Pok\u00e9mon knowing Baton Pass\n|rule|Sleep Clause Mod: Limit one foe put to sleep\n|rule|Species Clause: Limit one of each Pok\u00e9mon\n|rule|OHKO Clause: OHKO moves are banned\n|rule|Moody Clause: Moody is banned\n|rule|Evasion Moves Clause: Evasion moves are banned\n|rule|Endless Battle Clause: Forcing endless battles is banned\n|rule|HP Percentage Mod: HP is shown in percentages\n|teampreview\n|c|\u2605Legion001989|gl\n|c|\u2605Ohmboy Tesla|tnx, you too\n|\n|start\n|switch|p1a: Do You Even Liek|Swampert, M|401\/401\n|switch|p2a: Creeper|Sableye, M|304\/304\n|turn|1\n|\n|switch|p1a: Rufus|Entei, shiny|386\/386\n|-ability|p1a: Rufus|Pressure\n|detailschange|p2a: Creeper|Sableye-Mega, M\n|-mega|p2a: Creeper|Sableye|Sablenite\n|move|p2a: Creeper|Knock Off|p1a: Rufus\n|-crit|p1a: Rufus\n|-damage|p1a: Rufus|205\/386\n|-enditem|p1a: Rufus|Leftovers|[from] move: Knock Off|[of] p2a: Creeper\n|\n|turn|2\n|\n|switch|p2a: DaKraken|Tentacruel, M|364\/364\n|move|p1a: Rufus|Sacred Fire|p2a: DaKraken\n|-resisted|p2a: DaKraken\n|-damage|p2a: DaKraken|235\/364\n|-status|p2a: DaKraken|brn\n|\n|-heal|p2a: DaKraken|257\/364 brn|[from] item: Black Sludge\n|-damage|p2a: DaKraken|212\/364 brn|[from] brn\n|turn|3\n|\n|switch|p1a: Berta|Venusaur, F|363\/363\n|move|p2a: DaKraken|Scald|p1a: Berta\n|-resisted|p1a: Berta\n|-damage|p1a: Berta|323\/363\n|\n|-heal|p2a: DaKraken|234\/364 brn|[from] item: Black Sludge\n|-damage|p2a: DaKraken|189\/364 brn|[from] brn\n|turn|4\n|\n|detailschange|p1a: Berta|Venusaur-Mega, F\n|-mega|p1a: Berta|Venusaur|Venusaurite\n|move|p2a: DaKraken|Scald|p1a: Berta\n|-resisted|p1a: Berta\n|-damage|p1a: Berta|289\/363\n|-status|p1a: Berta|brn\n|move|p1a: Berta|Leech Seed|p2a: DaKraken\n|-start|p2a: DaKraken|move: Leech Seed\n|\n|-heal|p2a: DaKraken|211\/364 brn|[from] item: Black Sludge\n|-damage|p2a: DaKraken|166\/364 brn|[from] Leech Seed|[of] p1a: Berta\n|-damage|p1a: Berta|244\/363 brn|[from] ability: Liquid Ooze|[of] p2a: DaKraken\n|-damage|p2a: DaKraken|121\/364 brn|[from] brn\n|-damage|p1a: Berta|199\/363 brn|[from] brn\n|turn|5\n|\n|move|p2a: DaKraken|Scald|p1a: Berta\n|-resisted|p1a: Berta\n|-damage|p1a: Berta|166\/363 brn\n|move|p1a: Berta|Synthesis|p1a: Berta\n|-heal|p1a: Berta|347\/363 brn\n|\n|-heal|p2a: DaKraken|143\/364 brn|[from] item: Black Sludge\n|-damage|p2a: DaKraken|98\/364 brn|[from] Leech Seed|[of] p1a: Berta\n|-damage|p1a: Berta|302\/363 brn|[from] ability: Liquid Ooze|[of] p2a: DaKraken\n|-damage|p2a: DaKraken|53\/364 brn|[from] brn\n|-damage|p1a: Berta|257\/363 brn|[from] brn\n|turn|6\n|\n|switch|p2a: Smaug|Charizard, M, shiny|297\/297\n|move|p1a: Berta|Synthesis|p1a: Berta\n|-heal|p1a: Berta|363\/363 brn\n|\n|-damage|p1a: Berta|318\/363 brn|[from] brn\n|turn|7\n|\n|move|p2a: Smaug|Air Slash|p1a: Berta\n|-supereffective|p1a: Berta\n|-damage|p1a: Berta|100\/363 brn\n|move|p1a: Berta|Sludge Bomb|p2a: Smaug\n|-crit|p2a: Smaug\n|-damage|p2a: Smaug|80\/297\n|\n|-damage|p1a: Berta|55\/363 brn|[from] brn\n|turn|8\n|\n|switch|p1a: no more tears|Togekiss, F|373\/373\n|move|p2a: Smaug|Air Slash|p1a: no more tears|[miss]\n|-miss|p2a: Smaug|p1a: no more tears\n|\n|turn|9\n|\n|switch|p2a: DaKraken|Tentacruel, M|53\/364 brn\n|move|p1a: no more tears|Air Slash|p2a: DaKraken\n|-damage|p2a: DaKraken|0 fnt\n|faint|p2a: DaKraken\n|\n|\n|switch|p2a: Guy|Gengar, M, shiny|261\/261\n|turn|10\n|\n|move|p2a: Guy|Thunderbolt|p1a: no more tears\n|-supereffective|p1a: no more tears\n|-damage|p1a: no more tears|171\/373\n|move|p1a: no more tears|Thunder Wave|p2a: Guy\n|-status|p2a: Guy|par\n|\n|-heal|p1a: no more tears|194\/373|[from] item: Leftovers\n|turn|11\n|\n|move|p1a: no more tears|Air Slash|p2a: Guy\n|-damage|p2a: Guy|120\/261 par\n|cant|p2a: Guy|flinch\n|\n|-heal|p1a: no more tears|217\/373|[from] item: Leftovers\n|turn|12\n|\n|move|p1a: no more tears|Air Slash|p2a: Guy\n|-damage|p2a: Guy|0 fnt\n|faint|p2a: Guy\n|\n|-heal|p1a: no more tears|240\/373|[from] item: Leftovers\n|\n|switch|p2a: Puff|Dragonite, M|323\/323\n|turn|13\n|\n|switch|p2a: Creeper|Sableye-Mega, M|304\/304\n|move|p1a: no more tears|Air Slash|p2a: Creeper\n|-damage|p2a: Creeper|235\/304\n|\n|-heal|p1a: no more tears|263\/373|[from] item: Leftovers\n|turn|14\n|\n|move|p1a: no more tears|Dazzling Gleam|p2a: Creeper\n|-supereffective|p2a: Creeper\n|-damage|p2a: Creeper|77\/304\n|move|p2a: Creeper|Knock Off|p1a: no more tears\n|-resisted|p1a: no more tears\n|-damage|p1a: no more tears|208\/373\n|-enditem|p1a: no more tears|Leftovers|[from] move: Knock Off|[of] p2a: Creeper\n|\n|turn|15\n|\n|move|p1a: no more tears|Air Slash|p2a: Creeper\n|-crit|p2a: Creeper\n|-damage|p2a: Creeper|0 fnt\n|faint|p2a: Creeper\n|\n|\n|switch|p2a: Mama|Donphan, F|384\/384\n|turn|16\n|\n|move|p1a: no more tears|Air Slash|p2a: Mama\n|-damage|p2a: Mama|225\/384\n|move|p2a: Mama|Stealth Rock|p1a: no more tears\n|-sidestart|p1: Ohmboy Tesla|move: Stealth Rock\n|\n|-heal|p2a: Mama|249\/384|[from] item: Leftovers\n|turn|17\n|\n|move|p1a: no more tears|Air Slash|p2a: Mama\n|-damage|p2a: Mama|104\/384\n|move|p2a: Mama|Stone Edge|p1a: no more tears|[miss]\n|-miss|p2a: Mama|p1a: no more tears\n|\n|-heal|p2a: Mama|128\/384|[from] item: Leftovers\n|turn|18\n|\n|move|p2a: Mama|Ice Shard|p1a: no more tears\n|-supereffective|p1a: no more tears\n|-damage|p1a: no more tears|134\/373\n|move|p1a: no more tears|Air Slash|p2a: Mama\n|-damage|p2a: Mama|0 fnt\n|faint|p2a: Mama\n|\n|\n|switch|p2a: Smaug|Charizard, M, shiny|80\/297\n|turn|19\n|\n|move|p2a: Smaug|Air Slash|p1a: no more tears\n|-damage|p1a: no more tears|50\/373\n|cant|p1a: no more tears|flinch\n|\n|turn|20\n|\n|move|p2a: Smaug|Air Slash|p1a: no more tears\n|-damage|p1a: no more tears|0 fnt\n|faint|p1a: no more tears\n|\n|\n|switch|p1a: Rufus|Entei, shiny|205\/386\n|-damage|p1a: Rufus|109\/386|[from] Stealth Rock\n|-ability|p1a: Rufus|Pressure\n|turn|21\n|\n|move|p1a: Rufus|Extreme Speed|p2a: Smaug\n|-damage|p2a: Smaug|0 fnt\n|faint|p2a: Smaug\n|\n|\n|switch|p2a: Puff|Dragonite, M|323\/323\n|turn|22\n|\n|move|p1a: Rufus|Extreme Speed|p2a: Puff\n|-damage|p2a: Puff|277\/323\n|move|p2a: Puff|Dragon Dance|p2a: Puff\n|-boost|p2a: Puff|atk|1\n|-boost|p2a: Puff|spe|1\n|\n|-heal|p2a: Puff|297\/323|[from] item: Leftovers\n|turn|23\n|\n|move|p2a: Puff|Extreme Speed|p1a: Rufus\n|-crit|p1a: Rufus\n|-damage|p1a: Rufus|0 fnt\n|faint|p1a: Rufus\n|\n|-heal|p2a: Puff|317\/323|[from] item: Leftovers\n|\n|switch|p1a: Do You Even Liek|Swampert, M|401\/401\n|-damage|p1a: Do You Even Liek|376\/401|[from] Stealth Rock\n|turn|24\n|\n|move|p2a: Puff|Earthquake|p1a: Do You Even Liek\n|-damage|p1a: Do You Even Liek|231\/401\n|move|p1a: Do You Even Liek|Toxic|p2a: Puff\n|-status|p2a: Puff|tox\n|\n|-heal|p2a: Puff|323\/323 tox|[from] item: Leftovers\n|-heal|p1a: Do You Even Liek|256\/401|[from] item: Leftovers\n|-damage|p2a: Puff|303\/323 tox|[from] psn\n|turn|25\n|\n|move|p2a: Puff|Ice Punch|p1a: Do You Even Liek\n|-damage|p1a: Do You Even Liek|146\/401\n|move|p1a: Do You Even Liek|Waterfall|p2a: Puff\n|-resisted|p2a: Puff\n|-damage|p2a: Puff|247\/323 tox\n|\n|-heal|p2a: Puff|267\/323 tox|[from] item: Leftovers\n|-heal|p1a: Do You Even Liek|171\/401|[from] item: Leftovers\n|-damage|p2a: Puff|227\/323 tox|[from] psn\n|turn|26\n|\n|switch|p1a: Menace|Scizor, M|343\/343\n|-damage|p1a: Menace|301\/343|[from] Stealth Rock\n|move|p2a: Puff|Dragon Dance|p2a: Puff\n|-boost|p2a: Puff|atk|1\n|-boost|p2a: Puff|spe|1\n|\n|-heal|p2a: Puff|247\/323 tox|[from] item: Leftovers\n|-heal|p1a: Menace|322\/343|[from] item: Leftovers\n|-damage|p2a: Puff|187\/323 tox|[from] psn\n|turn|27\n|\n|switch|p1a: Berta|Venusaur-Mega, F|55\/363 brn\n|-damage|p1a: Berta|10\/363 brn|[from] Stealth Rock\n|move|p2a: Puff|Earthquake|p1a: Berta\n|-damage|p1a: Berta|0 fnt\n|faint|p1a: Berta\n|\n|-heal|p2a: Puff|207\/323 tox|[from] item: Leftovers\n|-damage|p2a: Puff|127\/323 tox|[from] psn\n|\n|switch|p1a: Precious|Hydreigon, F|349\/349\n|-damage|p1a: Precious|306\/349|[from] Stealth Rock\n|turn|28\n|\n|move|p2a: Puff|Ice Punch|p1a: Precious\n|-supereffective|p1a: Precious\n|-damage|p1a: Precious|0 fnt\n|faint|p1a: Precious\n|\n|-heal|p2a: Puff|147\/323 tox|[from] item: Leftovers\n|-damage|p2a: Puff|47\/323 tox|[from] psn\n|\n|switch|p1a: Menace|Scizor, M|322\/343\n|-damage|p1a: Menace|280\/343|[from] Stealth Rock\n|turn|29\n|c|\u2605Legion001989|gg\n|c|\u2605Ohmboy Tesla|gg\n|\n|move|p2a: Puff|Extreme Speed|p1a: Menace\n|-resisted|p1a: Menace\n|-damage|p1a: Menace|165\/343\n|move|p1a: Menace|Bullet Punch|p2a: Puff\n|-crit|p2a: Puff\n|-damage|p2a: Puff|0 fnt\n|faint|p2a: Puff\n|\n|win|Ohmboy Tesla\n|raw|Ladder updating...\n|raw|Ohmboy Tesla's rating: 1525 &rarr; <strong>1540<\/strong><br \/>(+15 for winning)\n|raw|Legion001989's rating: 1438 &rarr; <strong>1423<\/strong><br \/>(-15 for losing)\n|leave|Legion001989\n|player|p2","inputlog":null,"uploadtime":1427134472,"views":0,"p1id":"ohmboytesla","p2id":"legion001989","formatid":"ou","rating":1423,"private":0,"password":null}