{"id":"ou-279108404","p1":"davidgallade","p2":"Ohmboy Tesla","format":"ou","log":"|join|davidgallade\n|join|Ohmboy Tesla\n|player|p1|davidgallade|99\n|player|p2|Ohmboy Tesla|136\n|gametype|singles\n|gen|6\n|tier|OU\n|clearpoke\n|poke|p1|Breloom, M\n|poke|p1|Serperior, M\n|poke|p1|Ferrothorn, M\n|poke|p1|Chesnaught, M\n|poke|p1|Roserade, F\n|poke|p1|Sceptile, M\n|poke|p2|Talonflame, F\n|poke|p2|Staraptor, M\n|poke|p2|Hawlucha, M\n|poke|p2|Zapdos\n|poke|p2|Altaria, M\n|poke|p2|Skarmory, F\n|rule|Swagger Clause: Swagger is banned\n|rule|Baton Pass Clause: Limit one Baton Passer, can't pass Spe and other stats simultaneously\n|rule|Sleep Clause Mod: Limit one foe put to sleep\n|rule|Species Clause: Limit one of each Pok\u00e9mon\n|rule|OHKO Clause: OHKO moves are banned\n|rule|Moody Clause: Moody is banned\n|rule|Evasion Moves Clause: Evasion moves are banned\n|rule|Endless Battle Clause: Forcing endless battles is banned\n|rule|HP Percentage Mod: HP is shown in percentages\n|teampreview\n|c|\u2605davidgallade|lel\n|c|\u2605Ohmboy Tesla|:p\n|c|\u2605davidgallade|nice team\n|\n|start\n|switch|p1a: Ferrothorn|Ferrothorn, M|289\/289\n|switch|p2a: El Luchador|Hawlucha, M|300\/300\n|turn|1\n|join|Paid Dave\n|c|\u2605Ohmboy Tesla|tnx, it's called 'as hitchcock wouldve wanted'\n|\n|move|p2a: El Luchador|Substitute|p2a: El Luchador\n|-start|p2a: El Luchador|Substitute\n|-damage|p2a: El Luchador|225\/300\n|move|p1a: Ferrothorn|Stealth Rock|p2a: El Luchador\n|-sidestart|p2: Ohmboy Tesla|move: Stealth Rock\n|\n|turn|2\n|join|Mathimat0\n|\n|move|p2a: El Luchador|Swords Dance|p2a: El Luchador\n|-boost|p2a: El Luchador|atk|2\n|move|p1a: Ferrothorn|Gyro Ball|p2a: El Luchador\n|-end|p2a: El Luchador|Substitute\n|\n|turn|3\n|\n|move|p2a: El Luchador|Substitute|p2a: El Luchador\n|-start|p2a: El Luchador|Substitute\n|-damage|p2a: El Luchador|150\/300\n|-enditem|p2a: El Luchador|Sitrus Berry|[eat]\n|-heal|p2a: El Luchador|225\/300|[from] item: Sitrus Berry\n|move|p1a: Ferrothorn|Gyro Ball|p2a: El Luchador\n|-end|p2a: El Luchador|Substitute\n|\n|turn|4\n|join|kidcashmeout\n|\n|move|p2a: El Luchador|High Jump Kick|p1a: Ferrothorn\n|-supereffective|p1a: Ferrothorn\n|-damage|p1a: Ferrothorn|0 fnt\n|-damage|p2a: El Luchador|188\/300|[from] ability: Iron Barbs|[of] p1a: Ferrothorn\n|faint|p1a: Ferrothorn\n|\n|\n|switch|p1a: Sceptile|Sceptile, M|282\/282\n|turn|5\n|\n|detailschange|p1a: Sceptile|Sceptile-Mega, M\n|-mega|p1a: Sceptile|Sceptile|Sceptilite\n|move|p1a: Sceptile|Protect|p1a: Sceptile\n|-singleturn|p1a: Sceptile|Protect\n|move|p2a: El Luchador|Acrobatics|p1a: Sceptile\n|-activate|p1a: Sceptile|Protect\n|\n|turn|6\n|\n|switch|p1a: Chuck Norris|Chesnaught, M|326\/326\n|move|p2a: El Luchador|Acrobatics|p1a: Chuck Norris\n|-supereffective|p1a: Chuck Norris\n|-damage|p1a: Chuck Norris|0 fnt\n|faint|p1a: Chuck Norris\n|\n|\n|switch|p1a: Snivyan55|Serperior, M|292\/292\n|turn|7\n|\n|move|p2a: El Luchador|Acrobatics|p1a: Snivyan55\n|-supereffective|p1a: Snivyan55\n|-enditem|p1a: Snivyan55|Focus Sash\n|-damage|p1a: Snivyan55|1\/292\n|move|p1a: Snivyan55|Hidden Power|p2a: El Luchador\n|-damage|p2a: El Luchador|110\/300\n|\n|turn|8\n|join|utcgjhm\n|\n|move|p2a: El Luchador|Acrobatics|p1a: Snivyan55\n|-supereffective|p1a: Snivyan55\n|-damage|p1a: Snivyan55|0 fnt\n|faint|p1a: Snivyan55\n|\n|\n|switch|p1a: Roserade|Roserade, F|262\/262\n|turn|9\n|\n|move|p2a: El Luchador|Acrobatics|p1a: Roserade\n|-supereffective|p1a: Roserade\n|-damage|p1a: Roserade|0 fnt\n|faint|p1a: Roserade\n|\n|c|\u2605davidgallade|XD i dead\n|\n|switch|p1a: Sceptile|Sceptile-Mega, M|282\/282\n|turn|10\n|c|\u2605Ohmboy Tesla|sorry, didn't mean to go all crazy on you\n|c|\u2605Ohmboy Tesla|I just really liked my bird team :p\n|\n|move|p2a: El Luchador|Acrobatics|p1a: Sceptile\n|-supereffective|p1a: Sceptile\n|-damage|p1a: Sceptile|0 fnt\n|faint|p1a: Sceptile\n|\n|c|\u2605davidgallade|jajajajaja\n|\n|switch|p1a: sayan toad|Breloom, M|262\/262\n|turn|11\n|leave|utcgjhm\n|\n|move|p1a: sayan toad|Mach Punch|p2a: El Luchador\n|-resisted|p2a: El Luchador\n|-crit|p2a: El Luchador\n|-damage|p2a: El Luchador|24\/300\n|-damage|p1a: sayan toad|236\/262|[from] item: Life Orb\n|move|p2a: El Luchador|Acrobatics|p1a: sayan toad\n|-supereffective|p1a: sayan toad\n|-crit|p1a: sayan toad\n|-damage|p1a: sayan toad|0 fnt\n|faint|p1a: sayan toad\n|\n|win|Ohmboy Tesla\n|c|\u2605Ohmboy Tesla|well, gg\n|c|\u2605davidgallade|GG bro\n|leave|kidcashmeout\n|leave|Mathimat0\n|leave|davidgallade\n|player|p1","inputlog":null,"uploadtime":1444252437,"views":2,"p1id":"davidgallade","p2id":"ohmboytesla","formatid":"ou","rating":0,"private":0,"password":null}