{"id":"ou-220212259","p1":"Ohmboy Tesla","p2":"In Your Window","format":"ou","log":"|join|Ohmboy Tesla\n|join|In Your Window\n|player|p1|Ohmboy Tesla|136\n|player|p2|In Your Window|38\n|gametype|singles\n|gen|6\n|tier|OU\n|rated\n|clearpoke\n|poke|p1|Venusaur, F\n|poke|p1|Entei, shiny\n|poke|p1|Swampert, M\n|poke|p1|Hydreigon, F\n|poke|p1|Togekiss, F\n|poke|p1|Scizor, M\n|poke|p2|Altaria, F\n|poke|p2|Victini\n|poke|p2|Manaphy\n|poke|p2|Hippowdon, M\n|poke|p2|Chesnaught, M\n|poke|p2|Starmie\n|rule|Swagger Clause: Swagger is banned\n|rule|Baton Pass Clause: Limit one Pok\u00e9mon knowing Baton Pass\n|rule|Sleep Clause Mod: Limit one foe put to sleep\n|rule|Species Clause: Limit one of each Pok\u00e9mon\n|rule|OHKO Clause: OHKO moves are banned\n|rule|Moody Clause: Moody is banned\n|rule|Evasion Moves Clause: Evasion moves are banned\n|rule|Endless Battle Clause: Forcing endless battles is banned\n|rule|HP Percentage Mod: HP is shown in percentages\n|teampreview\n|\n|start\n|switch|p1a: Berta|Venusaur, F|363\/363\n|switch|p2a: Hippowdon|Hippowdon, M|420\/420\n|turn|1\n|\n|switch|p2a: Victini|Victini|403\/403\n|detailschange|p1a: Berta|Venusaur-Mega, F\n|-mega|p1a: Berta|Venusaur|Venusaurite\n|move|p1a: Berta|Leech Seed|p2a: Victini\n|-start|p2a: Victini|move: Leech Seed\n|\n|-damage|p2a: Victini|353\/403|[from] Leech Seed|[of] p1a: Berta\n|turn|2\n|\n|switch|p1a: Rufus|Entei, shiny|386\/386\n|-ability|p1a: Rufus|Pressure\n|move|p2a: Victini|Will-O-Wisp|p1a: Rufus\n|-fail|p1a: Rufus\n|\n|-heal|p2a: Victini|378\/403|[from] item: Leftovers\n|-damage|p2a: Victini|328\/403|[from] Leech Seed|[of] p1a: Rufus\n|turn|3\n|\n|switch|p2a: Hippowdon|Hippowdon, M|420\/420\n|move|p1a: Rufus|Bulldoze|p2a: Hippowdon\n|-damage|p2a: Hippowdon|373\/420\n|-unboost|p2a: Hippowdon|spe|1\n|\n|-heal|p2a: Hippowdon|399\/420|[from] item: Leftovers\n|turn|4\n|\n|switch|p1a: Do You Even Liek|Swampert, M|401\/401\n|move|p2a: Hippowdon|Stealth Rock|p1a: Do You Even Liek\n|-sidestart|p1: Ohmboy Tesla|move: Stealth Rock\n|\n|-heal|p2a: Hippowdon|420\/420|[from] item: Leftovers\n|turn|5\n|\n|switch|p2a: Chesnaught|Chesnaught, M|379\/379\n|move|p1a: Do You Even Liek|Stealth Rock|p2a: Chesnaught\n|-sidestart|p2: In Your Window|move: Stealth Rock\n|\n|turn|6\n|\n|switch|p1a: Menace|Scizor, M|343\/343\n|-damage|p1a: Menace|301\/343|[from] Stealth Rock\n|move|p2a: Chesnaught|Spikes|p1a: Menace\n|-sidestart|p1: Ohmboy Tesla|Spikes\n|\n|-heal|p1a: Menace|322\/343|[from] item: Leftovers\n|turn|7\n|\n|move|p2a: Chesnaught|Drain Punch|p1a: Menace\n|-damage|p1a: Menace|231\/343\n|move|p1a: Menace|Defog|p2a: Chesnaught\n|-unboost|p2a: Chesnaught|evasion|1\n|-sideend|p2: In Your Window|Stealth Rock|[from] move: Defog|[of] p2a: Chesnaught\n|-sideend|p1: Ohmboy Tesla|Spikes|[from] move: Defog|[of] p1a: Menace\n|-sideend|p1: Ohmboy Tesla|Stealth Rock|[from] move: Defog|[of] p1a: Menace\n|\n|-heal|p1a: Menace|252\/343|[from] item: Leftovers\n|turn|8\n|\n|move|p2a: Chesnaught|Spikes|p1a: Menace\n|-sidestart|p1: Ohmboy Tesla|Spikes\n|move|p1a: Menace|U-turn|p2a: Chesnaught\n|-damage|p2a: Chesnaught|294\/379\n|\n|switch|p1a: Rufus|Entei, shiny|386\/386\n|-damage|p1a: Rufus|338\/386|[from] Spikes\n|-ability|p1a: Rufus|Pressure\n|\n|-heal|p1a: Rufus|362\/386|[from] item: Leftovers\n|-heal|p2a: Chesnaught|317\/379|[from] item: Leftovers\n|turn|9\n|\n|move|p2a: Chesnaught|Spiky Shield|p2a: Chesnaught\n|-singleturn|p2a: Chesnaught|move: Protect\n|move|p1a: Rufus|Sacred Fire|p2a: Chesnaught\n|-activate|p2a: Chesnaught|Protect\n|\n|-heal|p1a: Rufus|386\/386|[from] item: Leftovers\n|-heal|p2a: Chesnaught|340\/379|[from] item: Leftovers\n|turn|10\n|\n|switch|p2a: Manaphy|Manaphy|357\/357\n|move|p1a: Rufus|Sacred Fire|p2a: Manaphy\n|-crit|p2a: Manaphy\n|-resisted|p2a: Manaphy\n|-damage|p2a: Manaphy|211\/357\n|\n|turn|11\n|\n|switch|p1a: no more tears|Togekiss, F|373\/373\n|move|p2a: Manaphy|Tail Glow|p2a: Manaphy\n|-boost|p2a: Manaphy|spa|3\n|\n|turn|12\n|\n|move|p2a: Manaphy|Scald|p1a: no more tears\n|-damage|p1a: no more tears|192\/373\n|move|p1a: no more tears|Dazzling Gleam|p2a: Manaphy\n|-damage|p2a: Manaphy|109\/357\n|\n|-heal|p1a: no more tears|215\/373|[from] item: Leftovers\n|turn|13\n|\n|move|p2a: Manaphy|Scald|p1a: no more tears\n|-damage|p1a: no more tears|4\/373\n|-status|p1a: no more tears|brn\n|move|p1a: no more tears|Thunder Wave|p2a: Manaphy\n|-status|p2a: Manaphy|par\n|\n|-heal|p1a: no more tears|27\/373 brn|[from] item: Leftovers\n|-damage|p1a: no more tears|0 fnt|[from] brn\n|faint|p1a: no more tears\n|\n|switch|p1a: Berta|Venusaur-Mega, F|363\/363\n|-damage|p1a: Berta|318\/363|[from] Spikes\n|turn|14\n|\n|move|p1a: Berta|Giga Drain|p2a: Manaphy\n|-supereffective|p2a: Manaphy\n|-damage|p2a: Manaphy|0 fnt\n|-heal|p1a: Berta|363\/363|[from] drain|[of] p2a: Manaphy\n|faint|p2a: Manaphy\n|\n|\n|switch|p2a: Victini|Victini|328\/403\n|turn|15\n|\n|switch|p1a: Do You Even Liek|Swampert, M|401\/401\n|-damage|p1a: Do You Even Liek|351\/401|[from] Spikes\n|move|p2a: Victini|Taunt|p1a: Do You Even Liek\n|-start|p1a: Do You Even Liek|move: Taunt\n|\n|-heal|p2a: Victini|353\/403|[from] item: Leftovers\n|-heal|p1a: Do You Even Liek|376\/401|[from] item: Leftovers\n|turn|16\n|\n|switch|p1a: Precious|Hydreigon, F|349\/349\n|move|p2a: Victini|Will-O-Wisp|p1a: Precious\n|-status|p1a: Precious|brn\n|\n|-heal|p2a: Victini|378\/403|[from] item: Leftovers\n|-damage|p1a: Precious|306\/349 brn|[from] brn\n|turn|17\n|\n|switch|p2a: Hippowdon|Hippowdon, M|420\/420\n|move|p1a: Precious|U-turn|p2a: Hippowdon\n|-crit|p2a: Hippowdon\n|-damage|p2a: Hippowdon|394\/420\n|\n|switch|p1a: Do You Even Liek|Swampert, M|376\/401\n|-damage|p1a: Do You Even Liek|326\/401|[from] Spikes\n|\n|-heal|p1a: Do You Even Liek|351\/401|[from] item: Leftovers\n|-heal|p2a: Hippowdon|420\/420|[from] item: Leftovers\n|turn|18\n|\n|move|p1a: Do You Even Liek|Toxic|p2a: Hippowdon\n|-status|p2a: Hippowdon|tox\n|move|p2a: Hippowdon|Stealth Rock|p1a: Do You Even Liek\n|-sidestart|p1: Ohmboy Tesla|move: Stealth Rock\n|\n|-heal|p1a: Do You Even Liek|376\/401|[from] item: Leftovers\n|-damage|p2a: Hippowdon|394\/420 tox|[from] psn\n|turn|19\n|\n|switch|p2a: Chesnaught|Chesnaught, M|340\/379\n|move|p1a: Do You Even Liek|Toxic|p2a: Chesnaught\n|-status|p2a: Chesnaught|tox\n|\n|-heal|p2a: Chesnaught|363\/379 tox|[from] item: Leftovers\n|-heal|p1a: Do You Even Liek|401\/401|[from] item: Leftovers\n|-damage|p2a: Chesnaught|340\/379 tox|[from] psn\n|turn|20\n|\n|switch|p2a: Victini|Victini|378\/403\n|switch|p1a: Menace|Scizor, M|252\/343\n|-damage|p1a: Menace|210\/343|[from] Stealth Rock\n|-damage|p1a: Menace|168\/343|[from] Spikes\n|\n|-heal|p2a: Victini|403\/403|[from] item: Leftovers\n|-heal|p1a: Menace|189\/343|[from] item: Leftovers\n|turn|21\n|\n|switch|p1a: Do You Even Liek|Swampert, M|401\/401\n|-damage|p1a: Do You Even Liek|376\/401|[from] Stealth Rock\n|-damage|p1a: Do You Even Liek|326\/401|[from] Spikes\n|move|p2a: Victini|Will-O-Wisp|p1a: Do You Even Liek\n|-status|p1a: Do You Even Liek|brn\n|\n|-heal|p1a: Do You Even Liek|351\/401 brn|[from] item: Leftovers\n|-damage|p1a: Do You Even Liek|301\/401 brn|[from] brn\n|turn|22\n|\n|move|p2a: Victini|Taunt|p1a: Do You Even Liek\n|-start|p1a: Do You Even Liek|move: Taunt\n|cant|p1a: Do You Even Liek|move: Taunt|Stealth Rock\n|\n|-heal|p1a: Do You Even Liek|326\/401 brn|[from] item: Leftovers\n|-damage|p1a: Do You Even Liek|276\/401 brn|[from] brn\n|turn|23\n|\n|move|p2a: Victini|Will-O-Wisp|p1a: Do You Even Liek\n|-fail|p1a: Do You Even Liek|brn\n|move|p1a: Do You Even Liek|Waterfall|p2a: Victini\n|-supereffective|p2a: Victini\n|-damage|p2a: Victini|289\/403\n|\n|-heal|p2a: Victini|314\/403|[from] item: Leftovers\n|-heal|p1a: Do You Even Liek|301\/401 brn|[from] item: Leftovers\n|-damage|p1a: Do You Even Liek|251\/401 brn|[from] brn\n|turn|24\n|\n|switch|p2a: Altaria|Altaria, F|299\/299\n|move|p1a: Do You Even Liek|Earthquake|p2a: Altaria\n|-immune|p2a: Altaria|[msg]\n|\n|-heal|p1a: Do You Even Liek|276\/401 brn|[from] item: Leftovers\n|-damage|p1a: Do You Even Liek|226\/401 brn|[from] brn\n|-end|p1a: Do You Even Liek|move: Taunt\n|turn|25\n|\n|detailschange|p2a: Altaria|Altaria-Mega, F\n|-mega|p2a: Altaria|Altaria|Altarianite\n|move|p2a: Altaria|Hyper Voice|p1a: Do You Even Liek\n|-damage|p1a: Do You Even Liek|36\/401 brn\n|move|p1a: Do You Even Liek|Toxic|p2a: Altaria\n|-status|p2a: Altaria|tox\n|\n|-heal|p1a: Do You Even Liek|61\/401 brn|[from] item: Leftovers\n|-damage|p2a: Altaria|281\/299 tox|[from] psn\n|-damage|p1a: Do You Even Liek|11\/401 brn|[from] brn\n|turn|26\n|\n|move|p2a: Altaria|Hyper Voice|p1a: Do You Even Liek\n|-damage|p1a: Do You Even Liek|0 fnt\n|faint|p1a: Do You Even Liek\n|\n|-damage|p2a: Altaria|245\/299 tox|[from] psn\n|\n|switch|p1a: Menace|Scizor, M|189\/343\n|-damage|p1a: Menace|147\/343|[from] Spikes\n|-damage|p1a: Menace|105\/343|[from] Stealth Rock\n|turn|27\n|\n|move|p2a: Altaria|Fire Blast|p1a: Menace\n|-supereffective|p1a: Menace\n|-damage|p1a: Menace|0 fnt\n|faint|p1a: Menace\n|\n|-damage|p2a: Altaria|191\/299 tox|[from] psn\n|\n|switch|p1a: Berta|Venusaur-Mega, F|363\/363\n|-damage|p1a: Berta|318\/363|[from] Spikes\n|-damage|p1a: Berta|273\/363|[from] Stealth Rock\n|turn|28\n|\n|switch|p2a: Chesnaught|Chesnaught, M|340\/379 tox\n|move|p1a: Berta|Sludge Bomb|p2a: Chesnaught\n|-immune|p2a: Chesnaught|[msg]|[from] Bulletproof\n|\n|-heal|p2a: Chesnaught|363\/379 tox|[from] item: Leftovers\n|-damage|p2a: Chesnaught|340\/379 tox|[from] psn\n|turn|29\n|\n|move|p2a: Chesnaught|Spikes|p1a: Berta\n|-sidestart|p1: Ohmboy Tesla|Spikes\n|move|p1a: Berta|Giga Drain|p2a: Chesnaught\n|-resisted|p2a: Chesnaught\n|-damage|p2a: Chesnaught|277\/379 tox\n|-heal|p1a: Berta|305\/363|[from] drain|[of] p2a: Chesnaught\n|\n|-heal|p2a: Chesnaught|300\/379 tox|[from] item: Leftovers\n|-damage|p2a: Chesnaught|254\/379 tox|[from] psn\n|turn|30\n|\n|switch|p1a: Rufus|Entei, shiny|386\/386\n|-damage|p1a: Rufus|290\/386|[from] Stealth Rock\n|-damage|p1a: Rufus|226\/386|[from] Spikes\n|-ability|p1a: Rufus|Pressure\n|move|p2a: Chesnaught|Spikes|p1a: Rufus\n|-sidestart|p1: Ohmboy Tesla|Spikes\n|\n|-heal|p1a: Rufus|250\/386|[from] item: Leftovers\n|-heal|p2a: Chesnaught|277\/379 tox|[from] item: Leftovers\n|-damage|p2a: Chesnaught|208\/379 tox|[from] psn\n|turn|31\n|\n|switch|p2a: Altaria|Altaria-Mega, F|191\/299 tox\n|move|p1a: Rufus|Sacred Fire|p2a: Altaria\n|-resisted|p2a: Altaria\n|-damage|p2a: Altaria|102\/299 tox\n|\n|-heal|p1a: Rufus|274\/386|[from] item: Leftovers\n|-damage|p2a: Altaria|84\/299 tox|[from] psn\n|turn|32\n|\n|switch|p2a: Hippowdon|Hippowdon, M|394\/420 tox\n|move|p1a: Rufus|Extreme Speed|p2a: Hippowdon\n|-damage|p2a: Hippowdon|327\/420 tox\n|\n|-heal|p1a: Rufus|298\/386|[from] item: Leftovers\n|-heal|p2a: Hippowdon|353\/420 tox|[from] item: Leftovers\n|-damage|p2a: Hippowdon|327\/420 tox|[from] psn\n|turn|33\n|\n|switch|p1a: Berta|Venusaur-Mega, F|305\/363\n|-damage|p1a: Berta|215\/363|[from] Spikes\n|-damage|p1a: Berta|170\/363|[from] Stealth Rock\n|move|p2a: Hippowdon|Earthquake|p1a: Berta\n|-damage|p1a: Berta|89\/363\n|\n|-heal|p2a: Hippowdon|353\/420 tox|[from] item: Leftovers\n|-damage|p2a: Hippowdon|301\/420 tox|[from] psn\n|turn|34\n|\n|switch|p2a: Victini|Victini|314\/403\n|move|p1a: Berta|Synthesis|p1a: Berta\n|-heal|p1a: Berta|270\/363\n|\n|-heal|p2a: Victini|339\/403|[from] item: Leftovers\n|turn|35\n|\n|move|p2a: Victini|Taunt|p1a: Berta\n|-start|p1a: Berta|move: Taunt\n|move|p1a: Berta|Sludge Bomb|p2a: Victini\n|-damage|p2a: Victini|236\/403\n|\n|-heal|p2a: Victini|261\/403|[from] item: Leftovers\n|turn|36\n|\n|move|p2a: Victini|Will-O-Wisp|p1a: Berta\n|-status|p1a: Berta|brn\n|move|p1a: Berta|Sludge Bomb|p2a: Victini\n|-damage|p2a: Victini|167\/403\n|-status|p2a: Victini|psn\n|\n|-heal|p2a: Victini|192\/403 psn|[from] item: Leftovers\n|-damage|p2a: Victini|142\/403 psn|[from] psn\n|-damage|p1a: Berta|225\/363 brn|[from] brn\n|turn|37\n|\n|switch|p2a: Chesnaught|Chesnaught, M|208\/379 tox\n|move|p1a: Berta|Giga Drain|p2a: Chesnaught\n|-resisted|p2a: Chesnaught\n|-damage|p2a: Chesnaught|137\/379 tox\n|-heal|p1a: Berta|261\/363 brn|[from] drain|[of] p2a: Chesnaught\n|\n|-heal|p2a: Chesnaught|160\/379 tox|[from] item: Leftovers\n|-damage|p2a: Chesnaught|137\/379 tox|[from] psn\n|-damage|p1a: Berta|216\/363 brn|[from] brn\n|-end|p1a: Berta|move: Taunt\n|turn|38\n|\n|switch|p2a: Victini|Victini|142\/403 psn\n|move|p1a: Berta|Synthesis|p1a: Berta\n|-heal|p1a: Berta|363\/363 brn\n|\n|-heal|p2a: Victini|167\/403 psn|[from] item: Leftovers\n|-damage|p2a: Victini|117\/403 psn|[from] psn\n|-damage|p1a: Berta|318\/363 brn|[from] brn\n|turn|39\n|\n|switch|p1a: Rufus|Entei, shiny|298\/386\n|-damage|p1a: Rufus|202\/386|[from] Spikes\n|-damage|p1a: Rufus|106\/386|[from] Stealth Rock\n|-ability|p1a: Rufus|Pressure\n|move|p2a: Victini|V-create|p1a: Rufus\n|-resisted|p1a: Rufus\n|-damage|p1a: Rufus|0 fnt\n|-unboost|p2a: Victini|def|1\n|-unboost|p2a: Victini|spd|1\n|-unboost|p2a: Victini|spe|1\n|faint|p1a: Rufus\n|\n|-heal|p2a: Victini|142\/403 psn|[from] item: Leftovers\n|-damage|p2a: Victini|92\/403 psn|[from] psn\n|\n|switch|p1a: Precious|Hydreigon, F|306\/349 brn\n|-damage|p1a: Precious|263\/349 brn|[from] Stealth Rock\n|turn|40\n|\n|move|p1a: Precious|Dark Pulse|p2a: Victini\n|-supereffective|p2a: Victini\n|-damage|p2a: Victini|0 fnt\n|faint|p2a: Victini\n|\n|-damage|p1a: Precious|220\/349 brn|[from] brn\n|\n|switch|p2a: Altaria|Altaria-Mega, F|84\/299 tox\n|turn|41\n|\n|switch|p1a: Berta|Venusaur-Mega, F|318\/363 brn\n|-damage|p1a: Berta|228\/363 brn|[from] Spikes\n|-damage|p1a: Berta|183\/363 brn|[from] Stealth Rock\n|move|p2a: Altaria|Roost|p2a: Altaria\n|-heal|p2a: Altaria|234\/299 tox\n|\n|-damage|p2a: Altaria|216\/299 tox|[from] psn\n|-damage|p1a: Berta|138\/363 brn|[from] brn\n|turn|42\n|\n|move|p2a: Altaria|Fire Blast|p1a: Berta\n|-supereffective|p1a: Berta\n|-damage|p1a: Berta|32\/363 brn\n|move|p1a: Berta|Synthesis|p1a: Berta\n|-heal|p1a: Berta|213\/363 brn\n|\n|-damage|p2a: Altaria|180\/299 tox|[from] psn\n|-damage|p1a: Berta|168\/363 brn|[from] brn\n|turn|43\n|\n|switch|p2a: Chesnaught|Chesnaught, M|137\/379 tox\n|move|p1a: Berta|Synthesis|p1a: Berta\n|-heal|p1a: Berta|349\/363 brn\n|\n|-heal|p2a: Chesnaught|160\/379 tox|[from] item: Leftovers\n|-damage|p2a: Chesnaught|137\/379 tox|[from] psn\n|-damage|p1a: Berta|304\/363 brn|[from] brn\n|turn|44\n|\n|move|p2a: Chesnaught|Drain Punch|p1a: Berta\n|-resisted|p1a: Berta\n|-damage|p1a: Berta|274\/363 brn\n|-heal|p2a: Chesnaught|152\/379 tox|[from] drain|[of] p1a: Berta\n|move|p1a: Berta|Giga Drain|p2a: Chesnaught\n|-resisted|p2a: Chesnaught\n|-damage|p2a: Chesnaught|89\/379 tox\n|-heal|p1a: Berta|306\/363 brn|[from] drain|[of] p2a: Chesnaught\n|\n|-heal|p2a: Chesnaught|112\/379 tox|[from] item: Leftovers\n|-damage|p2a: Chesnaught|66\/379 tox|[from] psn\n|-damage|p1a: Berta|261\/363 brn|[from] brn\n|turn|45\n|\n|move|p2a: Chesnaught|Spiky Shield|p2a: Chesnaught\n|-singleturn|p2a: Chesnaught|move: Protect\n|move|p1a: Berta|Synthesis|p1a: Berta\n|-heal|p1a: Berta|363\/363 brn\n|\n|-heal|p2a: Chesnaught|89\/379 tox|[from] item: Leftovers\n|-damage|p2a: Chesnaught|20\/379 tox|[from] psn\n|-damage|p1a: Berta|318\/363 brn|[from] brn\n|turn|46\n|\n|move|p2a: Chesnaught|Drain Punch|p1a: Berta\n|-resisted|p1a: Berta\n|-damage|p1a: Berta|289\/363 brn\n|-heal|p2a: Chesnaught|35\/379 tox|[from] drain|[of] p1a: Berta\n|move|p1a: Berta|Giga Drain|p2a: Chesnaught\n|-resisted|p2a: Chesnaught\n|-damage|p2a: Chesnaught|0 fnt\n|-heal|p1a: Berta|307\/363 brn|[from] drain|[of] p2a: Chesnaught\n|faint|p2a: Chesnaught\n|\n|-damage|p1a: Berta|262\/363 brn|[from] brn\n|\n|switch|p2a: Starmie|Starmie|259\/259\n|turn|47\n|\n|move|p2a: Starmie|Psyshock|p1a: Berta\n|-supereffective|p1a: Berta\n|-damage|p1a: Berta|59\/363 brn\n|-damage|p2a: Starmie|234\/259|[from] item: Life Orb\n|move|p1a: Berta|Giga Drain|p2a: Starmie\n|-supereffective|p2a: Starmie\n|-damage|p2a: Starmie|0 fnt\n|-heal|p1a: Berta|176\/363 brn|[from] drain|[of] p2a: Starmie\n|faint|p2a: Starmie\n|\n|-damage|p1a: Berta|131\/363 brn|[from] brn\n|\n|switch|p2a: Altaria|Altaria-Mega, F|180\/299 tox\n|turn|48\n|\n|move|p2a: Altaria|Fire Blast|p1a: Berta|[miss]\n|-miss|p2a: Altaria|p1a: Berta\n|move|p1a: Berta|Synthesis|p1a: Berta\n|-heal|p1a: Berta|312\/363 brn\n|\n|-damage|p2a: Altaria|162\/299 tox|[from] psn\n|-damage|p1a: Berta|267\/363 brn|[from] brn\n|turn|49\n|-message|In Your Window forfeited.\n|leave|In Your Window\n|\n|win|Ohmboy Tesla\n|raw|Ladder updating...\n|player|p2\n|raw|Ohmboy Tesla's rating: 1540 &rarr; <strong>1561<\/strong><br \/>(+21 for winning)\n|raw|In Your Window's rating: 1563 &rarr; <strong>1541<\/strong><br \/>(-22 for losing)\n|c|\u2605Ohmboy Tesla|r-r-r-ragequit!\n|c|\u2605Ohmboy Tesla|Berta pulling through once again!","inputlog":null,"uploadtime":1427157976,"views":0,"p1id":"ohmboytesla","p2id":"inyourwindow","formatid":"ou","rating":1541,"private":0,"password":null}