{"id":"ou-218429348","p1":"Ohmboy Tesla","p2":"Bizzare Blaziken","format":"ou","log":"|join|Ohmboy Tesla\n|join|Bizzare Blaziken\n|player|p1|Ohmboy Tesla|136\n|player|p2|Bizzare Blaziken|290\n|gametype|singles\n|gen|6\n|tier|OU\n|clearpoke\n|poke|p1|Venusaur, F\n|poke|p1|Entei, shiny\n|poke|p1|Swampert, M\n|poke|p1|Hydreigon, F\n|poke|p1|Togekiss, F\n|poke|p1|Scizor, M\n|poke|p2|Ferrothorn, M\n|poke|p2|Avalugg, M, shiny\n|poke|p2|Conkeldurr, M, shiny\n|poke|p2|Gallade, M, shiny\n|poke|p2|Staraptor, M, shiny\n|poke|p2|Volcarona, F\n|rule|Swagger Clause: Swagger is banned\n|rule|Baton Pass Clause: Limit one Pok\u00e9mon knowing Baton Pass\n|rule|Sleep Clause Mod: Limit one foe put to sleep\n|rule|Species Clause: Limit one of each Pok\u00e9mon\n|rule|OHKO Clause: OHKO moves are banned\n|rule|Moody Clause: Moody is banned\n|rule|Evasion Moves Clause: Evasion moves are banned\n|rule|Endless Battle Clause: Forcing endless battles is banned\n|rule|HP Percentage Mod: HP is shown in percentages\n|teampreview\n|\n|start\n|switch|p1a: Rufus|Entei, shiny|386\/386\n|switch|p2a: Avalugg|Avalugg, M, shiny|394\/394\n|-ability|p1a: Rufus|Pressure\n|turn|1\n|\n|move|p1a: Rufus|Sacred Fire|p2a: Avalugg\n|-supereffective|p2a: Avalugg\n|-damage|p2a: Avalugg|212\/394\n|-status|p2a: Avalugg|brn\n|move|p2a: Avalugg|Toxic|p1a: Rufus\n|-status|p1a: Rufus|tox\n|\n|-heal|p2a: Avalugg|236\/394 brn|[from] item: Leftovers\n|-damage|p1a: Rufus|362\/386 tox|[from] psn\n|-damage|p2a: Avalugg|187\/394 brn|[from] brn\n|turn|2\n|\n|move|p1a: Rufus|Sacred Fire|p2a: Avalugg\n|-supereffective|p2a: Avalugg\n|-damage|p2a: Avalugg|19\/394 brn\n|move|p2a: Avalugg|Roar|p1a: Rufus\n|drag|p1a: Menace|Scizor, M|343\/343\n|\n|-heal|p2a: Avalugg|43\/394 brn|[from] item: Leftovers\n|-damage|p2a: Avalugg|0 fnt|[from] brn\n|faint|p2a: Avalugg\n|\n|switch|p2a: Volcarona|Volcarona, F|332\/332\n|turn|3\n|\n|move|p2a: Volcarona|Fiery Dance|p1a: Menace\n|-supereffective|p1a: Menace\n|-damage|p1a: Menace|0 fnt\n|faint|p1a: Menace\n|\n|\n|switch|p1a: no more tears|Togekiss, F|373\/373\n|turn|4\n|c|\u2605Bizzare Blaziken|hi tesla\n|\n|move|p2a: Volcarona|Fiery Dance|p1a: no more tears\n|-damage|p1a: no more tears|283\/373\n|-boost|p2a: Volcarona|spa|1\n|move|p1a: no more tears|Thunder Wave|p2a: Volcarona\n|-status|p2a: Volcarona|par\n|\n|-heal|p1a: no more tears|306\/373|[from] item: Leftovers\n|turn|5\n|c|\u2605Ohmboy Tesla|hi :)\n|\n|move|p1a: no more tears|Air Slash|p2a: Volcarona\n|-supereffective|p2a: Volcarona\n|-damage|p2a: Volcarona|140\/332 par\n|cant|p2a: Volcarona|flinch\n|\n|-heal|p1a: no more tears|329\/373|[from] item: Leftovers\n|-heal|p2a: Volcarona|160\/332 par|[from] item: Leftovers\n|turn|6\n|\n|switch|p2a: Staraptor|Staraptor, M, shiny|311\/311\n|move|p1a: no more tears|Air Slash|p2a: Staraptor\n|-damage|p2a: Staraptor|161\/311\n|\n|-heal|p2a: Staraptor|180\/311|[from] item: Leftovers\n|-heal|p1a: no more tears|352\/373|[from] item: Leftovers\n|turn|7\n|\n|switch|p1a: Do You Even Liek|Swampert, M|401\/401\n|move|p2a: Staraptor|Double-Edge|p1a: Do You Even Liek\n|-damage|p1a: Do You Even Liek|206\/401\n|-damage|p2a: Staraptor|116\/311|[from] recoil|[of] p1a: Do You Even Liek\n|\n|-heal|p2a: Staraptor|135\/311|[from] item: Leftovers\n|-heal|p1a: Do You Even Liek|231\/401|[from] item: Leftovers\n|turn|8\n|\n|move|p2a: Staraptor|Brave Bird|p1a: Do You Even Liek\n|-damage|p1a: Do You Even Liek|30\/401\n|-damage|p2a: Staraptor|69\/311|[from] recoil|[of] p1a: Do You Even Liek\n|move|p1a: Do You Even Liek|Stealth Rock|p2a: Staraptor\n|-sidestart|p2: Bizzare Blaziken|move: Stealth Rock\n|\n|-heal|p2a: Staraptor|88\/311|[from] item: Leftovers\n|-heal|p1a: Do You Even Liek|55\/401|[from] item: Leftovers\n|turn|9\n|\n|move|p2a: Staraptor|Quick Attack|p1a: Do You Even Liek\n|-damage|p1a: Do You Even Liek|0 fnt\n|faint|p1a: Do You Even Liek\n|\n|-heal|p2a: Staraptor|107\/311|[from] item: Leftovers\n|\n|switch|p1a: Rufus|Entei, shiny|362\/386 tox\n|-ability|p1a: Rufus|Pressure\n|turn|10\n|\n|move|p1a: Rufus|Extreme Speed|p2a: Staraptor\n|-damage|p2a: Staraptor|0 fnt\n|faint|p2a: Staraptor\n|\n|-heal|p1a: Rufus|386\/386 tox|[from] item: Leftovers\n|-damage|p1a: Rufus|362\/386 tox|[from] psn\n|\n|switch|p2a: Conkeldurr|Conkeldurr, M, shiny|372\/372\n|-damage|p2a: Conkeldurr|349\/372|[from] Stealth Rock\n|turn|11\n|\n|switch|p1a: Berta|Venusaur, F|363\/363\n|move|p2a: Conkeldurr|Bulk Up|p2a: Conkeldurr\n|-boost|p2a: Conkeldurr|atk|1\n|-boost|p2a: Conkeldurr|def|1\n|\n|-status|p2a: Conkeldurr|brn|[from] item: Flame Orb\n|turn|12\n|\n|detailschange|p1a: Berta|Venusaur-Mega, F\n|-mega|p1a: Berta|Venusaur|Venusaurite\n|move|p1a: Berta|Leech Seed|p2a: Conkeldurr\n|-start|p2a: Conkeldurr|move: Leech Seed\n|move|p2a: Conkeldurr|Facade|p1a: Berta\n|-damage|p1a: Berta|132\/363\n|\n|-damage|p2a: Conkeldurr|303\/372 brn|[from] Leech Seed|[of] p1a: Berta\n|-heal|p1a: Berta|178\/363|[silent]\n|-damage|p2a: Conkeldurr|257\/372 brn|[from] brn\n|turn|13\n|\n|move|p1a: Berta|Synthesis|p1a: Berta\n|-heal|p1a: Berta|359\/363\n|move|p2a: Conkeldurr|Facade|p1a: Berta\n|-damage|p1a: Berta|133\/363\n|\n|-damage|p2a: Conkeldurr|211\/372 brn|[from] Leech Seed|[of] p1a: Berta\n|-heal|p1a: Berta|179\/363|[silent]\n|-damage|p2a: Conkeldurr|165\/372 brn|[from] brn\n|turn|14\n|\n|switch|p2a: Ferrothorn|Ferrothorn, M|351\/351\n|-damage|p2a: Ferrothorn|330\/351|[from] Stealth Rock\n|move|p1a: Berta|Synthesis|p1a: Berta\n|-heal|p1a: Berta|360\/363\n|\n|turn|15\n|\n|switch|p1a: Rufus|Entei, shiny|362\/386 tox\n|-ability|p1a: Rufus|Pressure\n|move|p2a: Ferrothorn|Stealth Rock|p1a: Rufus\n|-sidestart|p1: Ohmboy Tesla|move: Stealth Rock\n|\n|-heal|p1a: Rufus|386\/386 tox|[from] item: Leftovers\n|-damage|p1a: Rufus|362\/386 tox|[from] psn\n|turn|16\n|\n|move|p1a: Rufus|Sacred Fire|p2a: Ferrothorn\n|-supereffective|p2a: Ferrothorn\n|-damage|p2a: Ferrothorn|0 fnt\n|faint|p2a: Ferrothorn\n|\n|-heal|p1a: Rufus|386\/386 tox|[from] item: Leftovers\n|-damage|p1a: Rufus|338\/386 tox|[from] psn\n|\n|switch|p2a: Gallade|Gallade, M, shiny|339\/339\n|-damage|p2a: Gallade|318\/339|[from] Stealth Rock\n|turn|17\n|\n|detailschange|p2a: Gallade|Gallade-Mega, M, shiny\n|-mega|p2a: Gallade|Gallade|Galladite\n|move|p1a: Rufus|Sacred Fire|p2a: Gallade\n|-damage|p2a: Gallade|146\/339\n|move|p2a: Gallade|Zen Headbutt|p1a: Rufus\n|-damage|p1a: Rufus|122\/386 tox\n|\n|-heal|p1a: Rufus|146\/386 tox|[from] item: Leftovers\n|-damage|p1a: Rufus|74\/386 tox|[from] psn\n|turn|18\n|\n|switch|p2a: Conkeldurr|Conkeldurr, M, shiny|165\/372 brn\n|-damage|p2a: Conkeldurr|142\/372 brn|[from] Stealth Rock\n|move|p1a: Rufus|Extreme Speed|p2a: Conkeldurr\n|-damage|p2a: Conkeldurr|46\/372 brn\n|\n|-heal|p1a: Rufus|98\/386 tox|[from] item: Leftovers\n|-damage|p1a: Rufus|2\/386 tox|[from] psn\n|-damage|p2a: Conkeldurr|0 fnt|[from] brn\n|faint|p2a: Conkeldurr\n|\n|switch|p2a: Volcarona|Volcarona, F|160\/332 par\n|-damage|p2a: Volcarona|0 fnt|[from] Stealth Rock\n|faint|p2a: Volcarona\n|\n|switch|p2a: Gallade|Gallade-Mega, M, shiny|146\/339\n|-damage|p2a: Gallade|125\/339|[from] Stealth Rock\n|turn|19\n|\n|move|p1a: Rufus|Extreme Speed|p2a: Gallade\n|-damage|p2a: Gallade|31\/339\n|move|p2a: Gallade|Zen Headbutt|p1a: Rufus\n|-damage|p1a: Rufus|0 fnt\n|faint|p1a: Rufus\n|\n|\n|switch|p1a: Precious|Hydreigon, F|349\/349\n|-damage|p1a: Precious|306\/349|[from] Stealth Rock\n|turn|20\n|\n|move|p1a: Precious|Dark Pulse|p2a: Gallade\n|-damage|p2a: Gallade|0 fnt\n|faint|p2a: Gallade\n|\n|win|Ohmboy Tesla\n|c|\u2605Bizzare Blaziken|congrats\n|c|\u2605Ohmboy Tesla|tnx\n|c|\u2605Ohmboy Tesla|gg","inputlog":null,"uploadtime":1426510103,"views":0,"p1id":"ohmboytesla","p2id":"bizzareblaziken","formatid":"ou","rating":0,"private":0,"password":null}