{"id":"ou-214424603","p1":"Ohmboy Tesla","p2":"Herbalherb","format":"ou","log":"|join|Ohmboy Tesla\n|join|Herbalherb\n|player|p1|Ohmboy Tesla|136\n|player|p2|Herbalherb|101\n|gametype|singles\n|gen|6\n|tier|OU\n|rated\n|clearpoke\n|poke|p1|Venusaur, F\n|poke|p1|Entei, shiny\n|poke|p1|Swampert, M\n|poke|p1|Hydreigon, F\n|poke|p1|Togekiss, F\n|poke|p1|Scizor, M\n|poke|p2|Slowbro, F\n|poke|p2|Landorus-Therian, M\n|poke|p2|Ferrothorn, F\n|poke|p2|Keldeo-Resolute\n|poke|p2|Clefable, F\n|poke|p2|Latios, M\n|rule|Swagger Clause: Swagger is banned\n|rule|Baton Pass Clause: Limit one Pok\u00e9mon knowing Baton Pass\n|rule|Sleep Clause Mod: Limit one foe put to sleep\n|rule|Species Clause: Limit one of each Pok\u00e9mon\n|rule|OHKO Clause: OHKO moves are banned\n|rule|Moody Clause: Moody is banned\n|rule|Evasion Moves Clause: Evasion moves are banned\n|rule|Endless Battle Clause: Forcing endless battles is banned\n|rule|HP Percentage Mod: HP is shown in percentages\n|teampreview\n|\n|start\n|switch|p1a: Do You Even Liek|Swampert, M|401\/401\n|switch|p2a: Ferrothorn|Ferrothorn, F|351\/351\n|turn|1\n|\n|switch|p1a: Rufus|Entei, shiny|386\/386\n|-ability|p1a: Rufus|Pressure\n|move|p2a: Ferrothorn|Stealth Rock|p1a: Rufus\n|-sidestart|p1: Ohmboy Tesla|move: Stealth Rock\n|\n|turn|2\n|\n|switch|p2a: Latios|Latios, M|301\/301\n|move|p1a: Rufus|Sacred Fire|p2a: Latios\n|-resisted|p2a: Latios\n|-damage|p2a: Latios|190\/301\n|-status|p2a: Latios|brn\n|\n|-damage|p2a: Latios|153\/301 brn|[from] brn\n|turn|3\n|\n|switch|p1a: Menace|Scizor, M|343\/343\n|-damage|p1a: Menace|301\/343|[from] Stealth Rock\n|move|p2a: Latios|Psyshock|p1a: Menace\n|-resisted|p1a: Menace\n|-damage|p1a: Menace|211\/343\n|-damage|p2a: Latios|123\/301 brn|[from] item: Life Orb\n|\n|-heal|p1a: Menace|232\/343|[from] item: Leftovers\n|-damage|p2a: Latios|86\/301 brn|[from] brn\n|turn|4\n|\n|move|p1a: Menace|Bullet Punch|p2a: Latios\n|-damage|p2a: Latios|0 fnt\n|faint|p2a: Latios\n|\n|-heal|p1a: Menace|253\/343|[from] item: Leftovers\n|\n|switch|p2a: Keldeo-Resolute|Keldeo-Resolute|323\/323\n|turn|5\n|\n|move|p2a: Keldeo-Resolute|Scald|p1a: Menace\n|-damage|p1a: Menace|24\/343\n|move|p1a: Menace|Defog|p2a: Keldeo-Resolute\n|-unboost|p2a: Keldeo-Resolute|evasion|1\n|-sideend|p1: Ohmboy Tesla|Stealth Rock|[from] move: Defog|[of] p1a: Menace\n|\n|-heal|p1a: Menace|45\/343|[from] item: Leftovers\n|turn|6\n|\n|switch|p1a: no more tears|Togekiss, F|373\/373\n|move|p2a: Keldeo-Resolute|Scald|p1a: no more tears\n|-damage|p1a: no more tears|225\/373\n|-status|p1a: no more tears|brn\n|\n|-heal|p1a: no more tears|248\/373 brn|[from] item: Leftovers\n|-damage|p1a: no more tears|202\/373 brn|[from] brn\n|turn|7\n|\n|switch|p2a: Ferrothorn|Ferrothorn, F|351\/351\n|move|p1a: no more tears|Thunder Wave|p2a: Ferrothorn\n|-status|p2a: Ferrothorn|par\n|\n|-heal|p1a: no more tears|225\/373 brn|[from] item: Leftovers\n|-damage|p1a: no more tears|179\/373 brn|[from] brn\n|turn|8\n|\n|move|p1a: no more tears|Air Slash|p2a: Ferrothorn\n|-damage|p2a: Ferrothorn|285\/351 par\n|cant|p2a: Ferrothorn|flinch\n|\n|-heal|p1a: no more tears|202\/373 brn|[from] item: Leftovers\n|-damage|p1a: no more tears|156\/373 brn|[from] brn\n|turn|9\n|\n|move|p1a: no more tears|Air Slash|p2a: Ferrothorn\n|-damage|p2a: Ferrothorn|216\/351 par\n|move|p2a: Ferrothorn|Gyro Ball|p1a: no more tears\n|-supereffective|p1a: no more tears\n|-damage|p1a: no more tears|0 fnt\n|faint|p1a: no more tears\n|\n|\n|switch|p1a: Menace|Scizor, M|45\/343\n|turn|10\n|\n|move|p1a: Menace|Roost|p1a: Menace\n|-heal|p1a: Menace|217\/343\n|move|p2a: Ferrothorn|Gyro Ball|p1a: Menace\n|-resisted|p1a: Menace\n|-damage|p1a: Menace|134\/343\n|\n|-heal|p1a: Menace|155\/343|[from] item: Leftovers\n|turn|11\n|\n|move|p1a: Menace|Roost|p1a: Menace\n|-heal|p1a: Menace|327\/343\n|cant|p2a: Ferrothorn|par\n|\n|-heal|p1a: Menace|343\/343|[from] item: Leftovers\n|turn|12\n|\n|move|p1a: Menace|U-turn|p2a: Ferrothorn\n|-damage|p2a: Ferrothorn|108\/351 par\n|-damage|p1a: Menace|301\/343|[from] ability: Iron Barbs|[of] p2a: Ferrothorn\n|\n|switch|p1a: Rufus|Entei, shiny|386\/386\n|-ability|p1a: Rufus|Pressure\n|move|p2a: Ferrothorn|Leech Seed|p1a: Rufus\n|-start|p1a: Rufus|move: Leech Seed\n|\n|-damage|p1a: Rufus|338\/386|[from] Leech Seed|[of] p2a: Ferrothorn\n|-heal|p2a: Ferrothorn|156\/351 par|[silent]\n|turn|13\n|\n|move|p2a: Ferrothorn|Protect|p2a: Ferrothorn\n|-singleturn|p2a: Ferrothorn|Protect\n|move|p1a: Rufus|Sacred Fire|p2a: Ferrothorn\n|-activate|p2a: Ferrothorn|Protect\n|\n|-heal|p1a: Rufus|362\/386|[from] item: Leftovers\n|-damage|p1a: Rufus|314\/386|[from] Leech Seed|[of] p2a: Ferrothorn\n|-heal|p2a: Ferrothorn|204\/351 par|[silent]\n|turn|14\n|\n|move|p1a: Rufus|Sacred Fire|p2a: Ferrothorn\n|-supereffective|p2a: Ferrothorn\n|-damage|p2a: Ferrothorn|0 fnt\n|faint|p2a: Ferrothorn\n|\n|-heal|p1a: Rufus|338\/386|[from] item: Leftovers\n|\n|switch|p2a: Landorus-Therian|Landorus-Therian, M|319\/319\n|-ability|p2a: Landorus-Therian|Intimidate|[of] p1a: Rufus\n|-unboost|p1a: Rufus|atk|1\n|turn|15\n|\n|switch|p1a: Do You Even Liek|Swampert, M|401\/401\n|move|p2a: Landorus-Therian|U-turn|p1a: Do You Even Liek\n|-damage|p1a: Do You Even Liek|332\/401\n|\n|switch|p2a: Slowbro|Slowbro, F|393\/393\n|\n|-heal|p1a: Do You Even Liek|357\/401|[from] item: Leftovers\n|turn|16\n|\n|detailschange|p2a: Slowbro|Slowbro-Mega, F\n|-mega|p2a: Slowbro|Slowbro|Slowbronite\n|move|p1a: Do You Even Liek|Toxic|p2a: Slowbro\n|-status|p2a: Slowbro|tox\n|move|p2a: Slowbro|Calm Mind|p2a: Slowbro\n|-boost|p2a: Slowbro|spa|1\n|-boost|p2a: Slowbro|spd|1\n|\n|-heal|p1a: Do You Even Liek|382\/401|[from] item: Leftovers\n|-damage|p2a: Slowbro|369\/393 tox|[from] psn\n|turn|17\n|\n|move|p1a: Do You Even Liek|Stealth Rock|p2a: Slowbro\n|-sidestart|p2: Herbalherb|move: Stealth Rock\n|move|p2a: Slowbro|Calm Mind|p2a: Slowbro\n|-boost|p2a: Slowbro|spa|1\n|-boost|p2a: Slowbro|spd|1\n|\n|-heal|p1a: Do You Even Liek|401\/401|[from] item: Leftovers\n|-damage|p2a: Slowbro|321\/393 tox|[from] psn\n|turn|18\n|\n|move|p1a: Do You Even Liek|Earthquake|p2a: Slowbro\n|-damage|p2a: Slowbro|255\/393 tox\n|move|p2a: Slowbro|Calm Mind|p2a: Slowbro\n|-boost|p2a: Slowbro|spa|1\n|-boost|p2a: Slowbro|spd|1\n|\n|-damage|p2a: Slowbro|183\/393 tox|[from] psn\n|turn|19\n|\n|switch|p1a: Precious|Hydreigon, F|349\/349\n|move|p2a: Slowbro|Rest|p2a: Slowbro\n|-status|p2a: Slowbro|slp\n|-heal|p2a: Slowbro|393\/393 slp|[silent]\n|-status|p2a: Slowbro|slp|[from] move: Rest\n|\n|turn|20\n|\n|move|p1a: Precious|Dark Pulse|p2a: Slowbro\n|-supereffective|p2a: Slowbro\n|-damage|p2a: Slowbro|235\/393 slp\n|cant|p2a: Slowbro|slp\n|move|p2a: Slowbro|Sleep Talk|p2a: Slowbro\n|move|p2a: Slowbro|Rest|p2a: Slowbro|[from]Sleep Talk\n|-fail|p2a: Slowbro\n|\n|turn|21\n|\n|move|p1a: Precious|Dark Pulse|p2a: Slowbro\n|-supereffective|p2a: Slowbro\n|-damage|p2a: Slowbro|91\/393 slp\n|cant|p2a: Slowbro|slp\n|move|p2a: Slowbro|Sleep Talk|p2a: Slowbro\n|move|p2a: Slowbro|Rest|p2a: Slowbro|[from]Sleep Talk\n|-fail|p2a: Slowbro\n|\n|turn|22\n|\n|move|p1a: Precious|Dark Pulse|p2a: Slowbro\n|-supereffective|p2a: Slowbro\n|-damage|p2a: Slowbro|0 fnt\n|faint|p2a: Slowbro\n|\n|\n|switch|p2a: Keldeo-Resolute|Keldeo-Resolute|323\/323\n|-damage|p2a: Keldeo-Resolute|303\/323|[from] Stealth Rock\n|turn|23\n|\n|switch|p1a: Do You Even Liek|Swampert, M|401\/401\n|move|p2a: Keldeo-Resolute|Secret Sword|p1a: Do You Even Liek\n|-damage|p1a: Do You Even Liek|224\/401\n|\n|-heal|p1a: Do You Even Liek|249\/401|[from] item: Leftovers\n|turn|24\n|\n|move|p2a: Keldeo-Resolute|Secret Sword|p1a: Do You Even Liek\n|-damage|p1a: Do You Even Liek|66\/401\n|move|p1a: Do You Even Liek|Earthquake|p2a: Keldeo-Resolute\n|-damage|p2a: Keldeo-Resolute|152\/323\n|\n|-heal|p1a: Do You Even Liek|91\/401|[from] item: Leftovers\n|turn|25\n|\n|move|p2a: Keldeo-Resolute|Secret Sword|p1a: Do You Even Liek\n|-damage|p1a: Do You Even Liek|0 fnt\n|faint|p1a: Do You Even Liek\n|\n|\n|switch|p1a: Berta|Venusaur, F|363\/363\n|turn|26\n|\n|detailschange|p1a: Berta|Venusaur-Mega, F\n|-mega|p1a: Berta|Venusaur|Venusaurite\n|move|p2a: Keldeo-Resolute|Secret Sword|p1a: Berta\n|-resisted|p1a: Berta\n|-damage|p1a: Berta|298\/363\n|move|p1a: Berta|Giga Drain|p2a: Keldeo-Resolute\n|-supereffective|p2a: Keldeo-Resolute\n|-damage|p2a: Keldeo-Resolute|0 fnt\n|-heal|p1a: Berta|363\/363|[from] drain|[of] p2a: Keldeo-Resolute\n|faint|p2a: Keldeo-Resolute\n|\n|\n|switch|p2a: Landorus-Therian|Landorus-Therian, M|319\/319\n|-damage|p2a: Landorus-Therian|280\/319|[from] Stealth Rock\n|-ability|p2a: Landorus-Therian|Intimidate|[of] p1a: Berta\n|-unboost|p1a: Berta|atk|1\n|turn|27\n|c|\u2605Herbalherb|gg\n|\n|move|p2a: Landorus-Therian|Earthquake|p1a: Berta\n|-damage|p1a: Berta|248\/363\n|move|p1a: Berta|Leech Seed|p2a: Landorus-Therian\n|-start|p2a: Landorus-Therian|move: Leech Seed\n|\n|-damage|p2a: Landorus-Therian|241\/319|[from] Leech Seed|[of] p1a: Berta\n|-heal|p1a: Berta|287\/363|[silent]\n|turn|28\n|c|\u2605Ohmboy Tesla|gg\n|\n|move|p2a: Landorus-Therian|Earthquake|p1a: Berta\n|-damage|p1a: Berta|170\/363\n|move|p1a: Berta|Giga Drain|p2a: Landorus-Therian\n|-damage|p2a: Landorus-Therian|109\/319\n|-heal|p1a: Berta|236\/363|[from] drain|[of] p2a: Landorus-Therian\n|\n|-damage|p2a: Landorus-Therian|70\/319|[from] Leech Seed|[of] p1a: Berta\n|-heal|p1a: Berta|275\/363|[silent]\n|turn|29\n|\n|move|p2a: Landorus-Therian|Earthquake|p1a: Berta\n|-damage|p1a: Berta|155\/363\n|move|p1a: Berta|Synthesis|p1a: Berta\n|-heal|p1a: Berta|336\/363\n|\n|-damage|p2a: Landorus-Therian|31\/319|[from] Leech Seed|[of] p1a: Berta\n|-heal|p1a: Berta|363\/363|[silent]\n|turn|30\n|\n|move|p2a: Landorus-Therian|Earthquake|p1a: Berta\n|-damage|p1a: Berta|240\/363\n|move|p1a: Berta|Synthesis|p1a: Berta\n|-heal|p1a: Berta|363\/363\n|\n|-damage|p2a: Landorus-Therian|0 fnt|[from] Leech Seed|[of] p1a: Berta\n|faint|p2a: Landorus-Therian\n|\n|switch|p2a: Clefable|Clefable, F|394\/394\n|-damage|p2a: Clefable|345\/394|[from] Stealth Rock\n|turn|31\n|\n|move|p1a: Berta|Sludge Bomb|p2a: Clefable\n|-supereffective|p2a: Clefable\n|-damage|p2a: Clefable|75\/394\n|move|p2a: Clefable|Calm Mind|p2a: Clefable\n|-boost|p2a: Clefable|spa|1\n|-boost|p2a: Clefable|spd|1\n|\n|-heal|p2a: Clefable|99\/394|[from] item: Leftovers\n|turn|32\n|\n|move|p1a: Berta|Sludge Bomb|p2a: Clefable\n|-supereffective|p2a: Clefable\n|-damage|p2a: Clefable|0 fnt\n|faint|p2a: Clefable\n|\n|win|Ohmboy Tesla\n|raw|Ladder updating...\n|raw|Ohmboy Tesla's rating: 1548 &rarr; <strong>1567<\/strong><br \/>(+19 for winning)\n|raw|Herbalherb's rating: 1528 &rarr; <strong>1509<\/strong><br \/>(-19 for losing)\n|leave|Herbalherb\n|c|\u2605Ohmboy Tesla|!rank\n|player|p2","inputlog":null,"uploadtime":1425117645,"views":0,"p1id":"ohmboytesla","p2id":"herbalherb","formatid":"ou","rating":1509,"private":0,"password":null}