{"id":"ou-240450310","p1":"The Teal Scizor","p2":"gr8rthantheg8r","format":"ou","log":"|join|The Teal Scizor\n|join|gr8rthantheg8r\n|player|p1|The Teal Scizor|260\n|player|p2|gr8rthantheg8r|52\n|gametype|singles\n|gen|6\n|tier|OU\n|rated\n|clearpoke\n|poke|p1|Kyurem-Black, shiny\n|poke|p1|Clefable, F, shiny\n|poke|p1|Rotom-Wash\n|poke|p1|Jirachi\n|poke|p1|Conkeldurr, F\n|poke|p1|Latios, M\n|poke|p2|Altaria, F\n|poke|p2|Magnezone\n|poke|p2|Garchomp, M\n|poke|p2|Tornadus-Therian, M\n|poke|p2|Latios, M\n|poke|p2|Scizor, F\n|rule|Swagger Clause: Swagger is banned\n|rule|Baton Pass Clause: Limit one Pok\u00e9mon knowing Baton Pass\n|rule|Sleep Clause Mod: Limit one foe put to sleep\n|rule|Species Clause: Limit one of each Pok\u00e9mon\n|rule|OHKO Clause: OHKO moves are banned\n|rule|Moody Clause: Moody is banned\n|rule|Evasion Moves Clause: Evasion moves are banned\n|rule|Endless Battle Clause: Forcing endless battles is banned\n|rule|HP Percentage Mod: HP is shown in percentages\n|teampreview\n|c|\u2605gr8rthantheg8r|glhf\n|c|\u2605The Teal Scizor|u 2\n|\n|start\n|switch|p1a: Bubblegum|Clefable, F, shiny|394\/394\n|switch|p2a: Tornadus-Therian|Tornadus-Therian, M|299\/299\n|turn|1\n|\n|move|p2a: Tornadus-Therian|Taunt|p1a: Bubblegum\n|-start|p1a: Bubblegum|move: Taunt\n|cant|p1a: Bubblegum|move: Taunt|Stealth Rock\n|\n|turn|2\n|\n|move|p2a: Tornadus-Therian|U-turn|p1a: Bubblegum\n|-resisted|p1a: Bubblegum\n|-damage|p1a: Bubblegum|349\/394\n|-damage|p2a: Tornadus-Therian|270\/299|[from] item: Life Orb\n|\n|switch|p2a: Scizor|Scizor, F|291\/291\n|move|p1a: Bubblegum|Moonblast|p2a: Scizor\n|-resisted|p2a: Scizor\n|-damage|p2a: Scizor|227\/291\n|\n|-heal|p1a: Bubblegum|373\/394|[from] item: Leftovers\n|turn|3\n|\n|move|p2a: Scizor|U-turn|p1a: Bubblegum\n|-resisted|p1a: Bubblegum\n|-damage|p1a: Bubblegum|247\/394\n|\n|switch|p2a: Magnezone|Magnezone|291\/291\n|move|p1a: Bubblegum|Moonblast|p2a: Magnezone\n|-resisted|p2a: Magnezone\n|-damage|p2a: Magnezone|237\/291\n|\n|-heal|p1a: Bubblegum|271\/394|[from] item: Leftovers\n|-end|p1a: Bubblegum|move: Taunt\n|turn|4\n|\n|move|p1a: Bubblegum|Protect|p1a: Bubblegum\n|-singleturn|p1a: Bubblegum|Protect\n|move|p2a: Magnezone|Flash Cannon|p1a: Bubblegum\n|-activate|p1a: Bubblegum|Protect\n|\n|-heal|p1a: Bubblegum|295\/394|[from] item: Leftovers\n|turn|5\n|\n|switch|p2a: Latios|Latios, M|302\/302\n|switch|p1a: Google+|Rotom-Wash|304\/304\n|\n|turn|6\n|\n|switch|p1a: Bubblegum|Clefable, F, shiny|295\/394\n|move|p2a: Latios|Draco Meteor|p1a: Bubblegum\n|-immune|p1a: Bubblegum|[msg]\n|\n|-heal|p1a: Bubblegum|319\/394|[from] item: Leftovers\n|turn|7\n|\n|switch|p2a: Garchomp|Garchomp, M|420\/420\n|move|p1a: Bubblegum|Stealth Rock|p2a: Garchomp\n|-sidestart|p2: gr8rthantheg8r|move: Stealth Rock\n|\n|-heal|p1a: Bubblegum|343\/394|[from] item: Leftovers\n|turn|8\n|\n|switch|p2a: Magnezone|Magnezone|237\/291\n|-damage|p2a: Magnezone|219\/291|[from] Stealth Rock\n|switch|p1a: Prison Break|Kyurem-Black, shiny|391\/391\n|-ability|p1a: Prison Break|Teravolt\n|\n|turn|9\n|\n|switch|p1a: Google+|Rotom-Wash|304\/304\n|switch|p2a: Latios|Latios, M|302\/302\n|-damage|p2a: Latios|265\/302|[from] Stealth Rock\n|\n|turn|10\n|\n|switch|p1a: Blue Moon|Jirachi|341\/341\n|move|p2a: Latios|Defog|p1a: Blue Moon\n|-unboost|p1a: Blue Moon|evasion|1\n|-sideend|p2: gr8rthantheg8r|Stealth Rock|[from] move: Defog|[of] p2a: Latios\n|\n|turn|11\n|\n|switch|p1a: Prison Break|Kyurem-Black, shiny|391\/391\n|-ability|p1a: Prison Break|Teravolt\n|switch|p2a: Garchomp|Garchomp, M|420\/420\n|\n|turn|12\n|\n|switch|p2a: Magnezone|Magnezone|219\/291\n|move|p1a: Prison Break|Ice Beam|p2a: Magnezone\n|-resisted|p2a: Magnezone\n|-damage|p2a: Magnezone|105\/291\n|-damage|p1a: Prison Break|352\/391|[from] item: Life Orb\n|\n|turn|13\n|\n|move|p1a: Prison Break|Ice Beam|p2a: Magnezone\n|-resisted|p2a: Magnezone\n|-damage|p2a: Magnezone|4\/291\n|-status|p2a: Magnezone|frz\n|-damage|p1a: Prison Break|313\/391|[from] item: Life Orb\n|cant|p2a: Magnezone|frz\n|\n|turn|14\n|c|\u2605gr8rthantheg8r|awesome\n|c|\u2605gr8rthantheg8r|fantastic\n|c|\u2605gr8rthantheg8r|amazing\n|c|\u2605gr8rthantheg8r|great\n|\n|switch|p1a: Bubblegum|Clefable, F, shiny|343\/394\n|cant|p2a: Magnezone|frz\n|\n|-heal|p1a: Bubblegum|367\/394|[from] item: Leftovers\n|turn|15\n|c|\u2605The Teal Scizor|2 ez\n|\n|cant|p2a: Magnezone|frz\n|move|p1a: Bubblegum|Stealth Rock|p2a: Magnezone\n|-sidestart|p2: gr8rthantheg8r|move: Stealth Rock\n|\n|-heal|p1a: Bubblegum|391\/394|[from] item: Leftovers\n|turn|16\n|\n|switch|p1a: Google+|Rotom-Wash|304\/304\n|cant|p2a: Magnezone|frz\n|\n|turn|17\n|\n|cant|p2a: Magnezone|frz\n|move|p1a: Google+|Volt Switch|p2a: Magnezone\n|-resisted|p2a: Magnezone\n|-damage|p2a: Magnezone|0 fnt\n|faint|p2a: Magnezone\n|\n|switch|p1a: Prison Break|Kyurem-Black, shiny|313\/391\n|-ability|p1a: Prison Break|Teravolt\n|\n|\n|switch|p2a: Scizor|Scizor, F|227\/291\n|-damage|p2a: Scizor|191\/291|[from] Stealth Rock\n|turn|18\n|\n|switch|p1a: Google+|Rotom-Wash|304\/304\n|move|p2a: Scizor|Bullet Punch|p1a: Google+\n|-resisted|p1a: Google+\n|-damage|p1a: Google+|271\/304\n|\n|turn|19\n|\n|switch|p2a: Latios|Latios, M|265\/302\n|-damage|p2a: Latios|228\/302|[from] Stealth Rock\n|move|p1a: Google+|Volt Switch|p2a: Latios\n|-resisted|p2a: Latios\n|-damage|p2a: Latios|189\/302\n|\n|switch|p1a: Bubblegum|Clefable, F, shiny|391\/394\n|\n|-heal|p1a: Bubblegum|394\/394|[from] item: Leftovers\n|turn|20\n|\n|move|p2a: Latios|Defog|p1a: Bubblegum\n|-unboost|p1a: Bubblegum|evasion|1\n|-sideend|p2: gr8rthantheg8r|Stealth Rock|[from] move: Defog|[of] p2a: Latios\n|move|p1a: Bubblegum|Moonblast|p2a: Latios\n|-supereffective|p2a: Latios\n|-damage|p2a: Latios|0 fnt\n|faint|p2a: Latios\n|\n|\n|switch|p2a: Scizor|Scizor, F|191\/291\n|turn|21\n|\n|move|p1a: Bubblegum|Protect|p1a: Bubblegum\n|-singleturn|p1a: Bubblegum|Protect\n|move|p2a: Scizor|U-turn|p1a: Bubblegum\n|-activate|p1a: Bubblegum|Protect\n|\n|turn|22\n|\n|move|p2a: Scizor|U-turn|p1a: Bubblegum\n|-resisted|p1a: Bubblegum\n|-damage|p1a: Bubblegum|268\/394\n|\n|switch|p2a: Tornadus-Therian|Tornadus-Therian, M|299\/299\n|move|p1a: Bubblegum|Stealth Rock|p2a: Tornadus-Therian\n|-sidestart|p2: gr8rthantheg8r|move: Stealth Rock\n|\n|-heal|p1a: Bubblegum|292\/394|[from] item: Leftovers\n|turn|23\n|\n|move|p1a: Bubblegum|Protect|p1a: Bubblegum\n|-singleturn|p1a: Bubblegum|Protect\n|move|p2a: Tornadus-Therian|Hurricane|p1a: Bubblegum\n|-activate|p1a: Bubblegum|Protect\n|\n|-heal|p1a: Bubblegum|316\/394|[from] item: Leftovers\n|turn|24\n|\n|move|p2a: Tornadus-Therian|U-turn|p1a: Bubblegum\n|-resisted|p1a: Bubblegum\n|-damage|p1a: Bubblegum|269\/394\n|-damage|p2a: Tornadus-Therian|270\/299|[from] item: Life Orb\n|\n|switch|p2a: Garchomp|Garchomp, M|420\/420\n|-damage|p2a: Garchomp|394\/420|[from] Stealth Rock\n|move|p1a: Bubblegum|Moonblast|p2a: Garchomp\n|-supereffective|p2a: Garchomp\n|-damage|p2a: Garchomp|158\/420\n|\n|-heal|p1a: Bubblegum|293\/394|[from] item: Leftovers\n|turn|25\n|\n|move|p2a: Garchomp|Stealth Rock|p1a: Bubblegum\n|-sidestart|p1: The Teal Scizor|move: Stealth Rock\n|move|p1a: Bubblegum|Moonblast|p2a: Garchomp\n|-supereffective|p2a: Garchomp\n|-damage|p2a: Garchomp|0 fnt\n|faint|p2a: Garchomp\n|\n|-heal|p1a: Bubblegum|317\/394|[from] item: Leftovers\n|\n|switch|p2a: Altaria|Altaria, F|311\/311\n|-damage|p2a: Altaria|234\/311|[from] Stealth Rock\n|turn|26\n|\n|detailschange|p2a: Altaria|Altaria-Mega, F\n|-mega|p2a: Altaria|Altaria|Altarianite\n|move|p2a: Altaria|Dragon Dance|p2a: Altaria\n|-boost|p2a: Altaria|atk|1\n|-boost|p2a: Altaria|spe|1\n|move|p1a: Bubblegum|Moonblast|p2a: Altaria\n|-supereffective|p2a: Altaria\n|-damage|p2a: Altaria|40\/311\n|\n|-heal|p1a: Bubblegum|341\/394|[from] item: Leftovers\n|turn|27\n|\n|move|p2a: Altaria|Return|p1a: Bubblegum\n|-damage|p1a: Bubblegum|92\/394\n|move|p1a: Bubblegum|Moonblast|p2a: Altaria\n|-supereffective|p2a: Altaria\n|-damage|p2a: Altaria|0 fnt\n|faint|p2a: Altaria\n|\n|-heal|p1a: Bubblegum|116\/394|[from] item: Leftovers\n|c|\u2605gr8rthantheg8r|gg?\n|\n|switch|p2a: Scizor|Scizor, F|191\/291\n|-damage|p2a: Scizor|155\/291|[from] Stealth Rock\n|turn|28\n|\n|move|p1a: Bubblegum|Protect|p1a: Bubblegum\n|-singleturn|p1a: Bubblegum|Protect\n|move|p2a: Scizor|Bullet Punch|p1a: Bubblegum\n|-activate|p1a: Bubblegum|Protect\n|\n|-heal|p1a: Bubblegum|140\/394|[from] item: Leftovers\n|turn|29\n|\n|switch|p2a: Tornadus-Therian|Tornadus-Therian, M|299\/299\n|-damage|p2a: Tornadus-Therian|225\/299|[from] Stealth Rock\n|move|p1a: Bubblegum|Wish|p1a: Bubblegum\n|\n|-heal|p1a: Bubblegum|164\/394|[from] item: Leftovers\n|turn|30\n|\n|move|p2a: Tornadus-Therian|Superpower|p1a: Bubblegum\n|-resisted|p1a: Bubblegum\n|-damage|p1a: Bubblegum|81\/394\n|-unboost|p2a: Tornadus-Therian|atk|1\n|-unboost|p2a: Tornadus-Therian|def|1\n|-damage|p2a: Tornadus-Therian|196\/299|[from] item: Life Orb\n|move|p1a: Bubblegum|Moonblast|p2a: Tornadus-Therian\n|-damage|p2a: Tornadus-Therian|87\/299\n|-unboost|p2a: Tornadus-Therian|spa|1\n|\n|-heal|p1a: Bubblegum|278\/394|[from] move: Wish|[wisher] Bubblegum\n|-heal|p1a: Bubblegum|302\/394|[from] item: Leftovers\n|turn|31\n|c|\u2605The Teal Scizor|maybe\n|\n|move|p2a: Tornadus-Therian|Hurricane|p1a: Bubblegum\n|-damage|p1a: Bubblegum|117\/394\n|-start|p1a: Bubblegum|confusion\n|-damage|p2a: Tornadus-Therian|58\/299|[from] item: Life Orb\n|-activate|p1a: Bubblegum|confusion\n|move|p1a: Bubblegum|Moonblast|p2a: Tornadus-Therian\n|-damage|p2a: Tornadus-Therian|0 fnt\n|faint|p2a: Tornadus-Therian\n|\n|-heal|p1a: Bubblegum|141\/394|[from] item: Leftovers\n|c|\u2605gr8rthantheg8r|ya\n|-message|gr8rthantheg8r forfeited.\n|\n|win|The Teal Scizor\n|raw|Ladder updating...\n|raw|The Teal Scizor's rating: 1359 &rarr; <strong>1379<\/strong><br \/>(+20 for winning)\n|raw|gr8rthantheg8r's rating: 1370 &rarr; <strong>1350<\/strong><br \/>(-20 for losing)\n|leave|gr8rthantheg8r\n|player|p2\n|c|\u2605The Teal Scizor|gg","inputlog":null,"uploadtime":1434257714,"views":1,"p1id":"thetealscizor","p2id":"gr8rthantheg8r","formatid":"ou","rating":1350,"private":0,"password":null}