{"id":"ou-240570757","p1":"The Teal Scizor","p2":"Grurk","format":"ou","log":"|join|The Teal Scizor\n|join|Grurk\n|player|p1|The Teal Scizor|70\n|player|p2|Grurk|164\n|gametype|singles\n|gen|6\n|tier|OU\n|rated\n|clearpoke\n|poke|p1|Kyurem-Black, shiny\n|poke|p1|Clefable, F, shiny\n|poke|p1|Rotom-Wash\n|poke|p1|Jirachi\n|poke|p1|Conkeldurr, M\n|poke|p1|Latios, M\n|poke|p2|Swampert, M\n|poke|p2|Kingdra, F\n|poke|p2|Garchomp, M\n|poke|p2|Politoed, M\n|poke|p2|Tornadus-Therian, M\n|poke|p2|Scizor, M\n|rule|Swagger Clause: Swagger is banned\n|rule|Baton Pass Clause: Limit one Pok\u00e9mon knowing Baton Pass\n|rule|Sleep Clause Mod: Limit one foe put to sleep\n|rule|Species Clause: Limit one of each Pok\u00e9mon\n|rule|OHKO Clause: OHKO moves are banned\n|rule|Moody Clause: Moody is banned\n|rule|Evasion Moves Clause: Evasion moves are banned\n|rule|Endless Battle Clause: Forcing endless battles is banned\n|rule|HP Percentage Mod: HP is shown in percentages\n|teampreview\n|c|\u2605Grurk|hf\n|\n|start\n|switch|p1a: Bubblegum|Clefable, F, shiny|394\/394\n|switch|p2a: Sharknado|Garchomp, M|357\/357\n|turn|1\n|\n|switch|p2a: Arsenal|Scizor, M|281\/281\n|move|p1a: Bubblegum|Moonblast|p2a: Arsenal\n|-resisted|p2a: Arsenal\n|-damage|p2a: Arsenal|214\/281\n|-unboost|p2a: Arsenal|spa|1\n|\n|turn|2\n|\n|move|p1a: Bubblegum|Protect|p1a: Bubblegum\n|-singleturn|p1a: Bubblegum|Protect\n|move|p2a: Arsenal|U-turn|p1a: Bubblegum\n|-activate|p1a: Bubblegum|Protect\n|\n|turn|3\n|\n|move|p2a: Arsenal|U-turn|p1a: Bubblegum\n|-resisted|p1a: Bubblegum\n|-damage|p1a: Bubblegum|266\/394\n|\n|switch|p2a: Kermit|Politoed, M|383\/383\n|-weather|RainDance\n|move|p1a: Bubblegum|Stealth Rock|p2a: Kermit\n|-sidestart|p2: Grurk|move: Stealth Rock\n|\n|-weather|RainDance|[upkeep]\n|-heal|p1a: Bubblegum|290\/394|[from] item: Leftovers\n|turn|4\n|\n|switch|p2a: Debbie|Kingdra, F|291\/291\n|-damage|p2a: Debbie|255\/291|[from] Stealth Rock\n|switch|p1a: Google+|Rotom-Wash|304\/304\n|\n|-weather|RainDance|[upkeep]\n|turn|5\n|\n|switch|p1a: Bubblegum|Clefable, F, shiny|290\/394\n|move|p2a: Debbie|Draco Meteor|p1a: Bubblegum\n|-immune|p1a: Bubblegum|[msg]\n|\n|-weather|RainDance|[upkeep]\n|-heal|p1a: Bubblegum|314\/394|[from] item: Leftovers\n|turn|6\n|\n|switch|p2a: Arsenal|Scizor, M|214\/281\n|-damage|p2a: Arsenal|179\/281|[from] Stealth Rock\n|move|p1a: Bubblegum|Moonblast|p2a: Arsenal\n|-resisted|p2a: Arsenal\n|-damage|p2a: Arsenal|114\/281\n|\n|-weather|RainDance|[upkeep]\n|-heal|p1a: Bubblegum|338\/394|[from] item: Leftovers\n|turn|7\n|\n|move|p1a: Bubblegum|Protect|p1a: Bubblegum\n|-singleturn|p1a: Bubblegum|Protect\n|move|p2a: Arsenal|Bullet Punch|p1a: Bubblegum\n|-activate|p1a: Bubblegum|Protect\n|\n|-weather|RainDance|[upkeep]\n|-heal|p1a: Bubblegum|362\/394|[from] item: Leftovers\n|turn|8\n|\n|switch|p2a: Sharknado|Garchomp, M|357\/357\n|-damage|p2a: Sharknado|335\/357|[from] Stealth Rock\n|move|p1a: Bubblegum|Moonblast|p2a: Sharknado\n|-supereffective|p2a: Sharknado\n|-damage|p2a: Sharknado|71\/357\n|\n|-weather|RainDance|[upkeep]\n|-heal|p1a: Bubblegum|386\/394|[from] item: Leftovers\n|turn|9\n|c|\u2605Grurk|wtf\n|c|\u2605Grurk|mad crazy predicts\n|\n|move|p2a: Sharknado|Swords Dance|p2a: Sharknado\n|-boost|p2a: Sharknado|atk|2\n|move|p1a: Bubblegum|Moonblast|p2a: Sharknado\n|-supereffective|p2a: Sharknado\n|-damage|p2a: Sharknado|0 fnt\n|faint|p2a: Sharknado\n|\n|-weather|RainDance|[upkeep]\n|-heal|p1a: Bubblegum|394\/394|[from] item: Leftovers\n|-message|Grurk forfeited.\n|\n|win|The Teal Scizor\n|raw|Ladder updating...\n|leave|Grurk\n|player|p2\n|raw|The Teal Scizor's rating: 1370 &rarr; <strong>1387<\/strong><br \/>(+17 for winning)\n|raw|Grurk's rating: 1317 &rarr; <strong>1300<\/strong><br \/>(-17 for losing)","inputlog":null,"uploadtime":1434300327,"views":0,"p1id":"thetealscizor","p2id":"grurk","formatid":"ou","rating":1300,"private":0,"password":null}