{"id":"ou-241981090","p1":"sinssino","p2":"The Teal Scizor","format":"ou","log":"|join|sinssino\n|join|The Teal Scizor\n|player|p1|sinssino|265\n|player|p2|The Teal Scizor|70\n|gametype|singles\n|gen|6\n|tier|OU\n|rated\n|clearpoke\n|poke|p1|Tyranitar, F\n|poke|p1|Excadrill, F\n|poke|p1|Garchomp, M\n|poke|p1|Altaria, M\n|poke|p1|Tornadus-Therian, M\n|poke|p1|Keldeo\n|poke|p2|Starmie, shiny\n|poke|p2|Bisharp, M, shiny\n|poke|p2|Garchomp, M\n|poke|p2|Conkeldurr, M, shiny\n|poke|p2|Clefable, F, shiny\n|poke|p2|Landorus-Therian, M, shiny\n|rule|Swagger Clause: Swagger is banned\n|rule|Baton Pass Clause: Limit one Pok\u00e9mon knowing Baton Pass\n|rule|Sleep Clause Mod: Limit one foe put to sleep\n|rule|Species Clause: Limit one of each Pok\u00e9mon\n|rule|OHKO Clause: OHKO moves are banned\n|rule|Moody Clause: Moody is banned\n|rule|Evasion Moves Clause: Evasion moves are banned\n|rule|Endless Battle Clause: Forcing endless battles is banned\n|rule|HP Percentage Mod: HP is shown in percentages\n|teampreview\n|\n|start\n|switch|p1a: Tornadus-Therian|Tornadus-Therian, M|299\/299\n|switch|p2a: TWIN BLADES|Garchomp, M|357\/357\n|turn|1\n|\n|move|p1a: Tornadus-Therian|Hurricane|p2a: TWIN BLADES|[miss]\n|-miss|p1a: Tornadus-Therian|p2a: TWIN BLADES\n|move|p2a: TWIN BLADES|Stone Edge|p1a: Tornadus-Therian\n|-supereffective|p1a: Tornadus-Therian\n|-damage|p1a: Tornadus-Therian|0 fnt\n|faint|p1a: Tornadus-Therian\n|\n|\n|switch|p1a: Keldeo|Keldeo|323\/323\n|turn|2\n|\n|switch|p2a: Bubblegum|Clefable, F, shiny|394\/394\n|move|p1a: Keldeo|Hydro Pump|p2a: Bubblegum|[miss]\n|-miss|p1a: Keldeo|p2a: Bubblegum\n|\n|turn|3\n|\n|switch|p1a: Excadrill|Excadrill, F|361\/361\n|-item|p1a: Excadrill|Air Balloon\n|move|p2a: Bubblegum|Wish|p2a: Bubblegum\n|\n|turn|4\n|\n|switch|p2a: Randorosu|Landorus-Therian, M, shiny|382\/382\n|-ability|p2a: Randorosu|Intimidate|[of] p1a: Excadrill\n|-unboost|p1a: Excadrill|atk|1\n|move|p1a: Excadrill|Iron Head|p2a: Randorosu\n|-damage|p2a: Randorosu|300\/382\n|\n|-heal|p2a: Randorosu|382\/382|[from] move: Wish|[wisher] Bubblegum\n|turn|5\n|\n|switch|p1a: Keldeo|Keldeo|323\/323\n|move|p2a: Randorosu|Stealth Rock|p1a: Keldeo\n|-sidestart|p1: sinssino|move: Stealth Rock\n|\n|turn|6\n|\n|switch|p2a: It's Mie|Starmie, shiny|261\/261\n|move|p1a: Keldeo|Hydro Pump|p2a: It's Mie|[miss]\n|-miss|p1a: Keldeo|p2a: It's Mie\n|\n|turn|7\n|c|\u2605sinssino|if i hit a move this game\n|\n|switch|p1a: Tyranitar|Tyranitar, F|403\/403\n|-damage|p1a: Tyranitar|353\/403|[from] Stealth Rock\n|-weather|Sandstorm\n|move|p2a: It's Mie|Hydro Pump|p1a: Tyranitar\n|-supereffective|p1a: Tyranitar\n|-damage|p1a: Tyranitar|2\/403\n|-damage|p2a: It's Mie|235\/261|[from] item: Life Orb\n|\n|-weather|Sandstorm|[upkeep]\n|-damage|p2a: It's Mie|219\/261|[from] sandstorm\n|turn|8\n|\n|move|p2a: It's Mie|Rapid Spin|p1a: Tyranitar\n|-resisted|p1a: Tyranitar\n|-damage|p1a: Tyranitar|0 fnt\n|-damage|p2a: It's Mie|193\/261|[from] item: Life Orb\n|faint|p1a: Tyranitar\n|\n|-weather|Sandstorm|[upkeep]\n|-damage|p2a: It's Mie|177\/261|[from] sandstorm\n|\n|switch|p1a: Excadrill|Excadrill, F|361\/361\n|-damage|p1a: Excadrill|350\/361|[from] Stealth Rock\n|-item|p1a: Excadrill|Air Balloon\n|turn|9\n|\n|switch|p1a: Keldeo|Keldeo|323\/323\n|-damage|p1a: Keldeo|303\/323|[from] Stealth Rock\n|switch|p2a: Randorosu|Landorus-Therian, M, shiny|382\/382\n|-ability|p2a: Randorosu|Intimidate|[of] p1a: Keldeo\n|-unboost|p1a: Keldeo|atk|1\n|\n|-weather|Sandstorm|[upkeep]\n|-damage|p1a: Keldeo|283\/323|[from] sandstorm\n|turn|10\n|\n|switch|p2a: Bubblegum|Clefable, F, shiny|394\/394\n|move|p1a: Keldeo|Hydro Pump|p2a: Bubblegum\n|-damage|p2a: Bubblegum|180\/394\n|\n|-weather|Sandstorm|[upkeep]\n|-damage|p1a: Keldeo|263\/323|[from] sandstorm\n|-damage|p2a: Bubblegum|156\/394|[from] sandstorm\n|-heal|p2a: Bubblegum|180\/394|[from] item: Leftovers\n|turn|11\n|c|\u2605sinssino|one hydro\n|c|\u2605sinssino|thank you\n|\n|move|p2a: Bubblegum|Protect|p2a: Bubblegum\n|-singleturn|p2a: Bubblegum|Protect\n|move|p1a: Keldeo|Hydro Pump|p2a: Bubblegum\n|-activate|p2a: Bubblegum|Protect\n|\n|-weather|Sandstorm|[upkeep]\n|-damage|p1a: Keldeo|243\/323|[from] sandstorm\n|-damage|p2a: Bubblegum|156\/394|[from] sandstorm\n|-heal|p2a: Bubblegum|180\/394|[from] item: Leftovers\n|turn|12\n|\n|move|p1a: Keldeo|Hydro Pump|p2a: Bubblegum\n|-damage|p2a: Bubblegum|0 fnt\n|faint|p2a: Bubblegum\n|\n|-weather|Sandstorm|[upkeep]\n|-damage|p1a: Keldeo|223\/323|[from] sandstorm\n|\n|switch|p2a: It's Mie|Starmie, shiny|177\/261\n|turn|13\n|\n|switch|p1a: Garchomp|Garchomp, M|357\/357\n|-damage|p1a: Garchomp|335\/357|[from] Stealth Rock\n|move|p2a: It's Mie|Psyshock|p1a: Garchomp\n|-damage|p1a: Garchomp|111\/357\n|-damage|p2a: It's Mie|151\/261|[from] item: Life Orb\n|\n|-weather|Sandstorm|[upkeep]\n|-damage|p2a: It's Mie|135\/261|[from] sandstorm\n|turn|14\n|\n|move|p2a: It's Mie|Psyshock|p1a: Garchomp\n|-damage|p1a: Garchomp|0 fnt\n|-damage|p2a: It's Mie|109\/261|[from] item: Life Orb\n|faint|p1a: Garchomp\n|\n|-weather|none\n|\n|switch|p1a: Altaria|Altaria, M|321\/321\n|-damage|p1a: Altaria|241\/321|[from] Stealth Rock\n|turn|15\n|\n|detailschange|p1a: Altaria|Altaria-Mega, M\n|-mega|p1a: Altaria|Altaria|Altarianite\n|move|p2a: It's Mie|Psyshock|p1a: Altaria\n|-damage|p1a: Altaria|108\/321\n|-damage|p2a: It's Mie|83\/261|[from] item: Life Orb\n|move|p1a: Altaria|Dragon Dance|p1a: Altaria\n|-boost|p1a: Altaria|atk|1\n|-boost|p1a: Altaria|spe|1\n|\n|turn|16\n|\n|move|p2a: It's Mie|Psyshock|p1a: Altaria\n|-damage|p1a: Altaria|0 fnt\n|-damage|p2a: It's Mie|57\/261|[from] item: Life Orb\n|faint|p1a: Altaria\n|\n|\n|switch|p1a: Excadrill|Excadrill, F|350\/361\n|-damage|p1a: Excadrill|339\/361|[from] Stealth Rock\n|-item|p1a: Excadrill|Air Balloon\n|turn|17\n|\n|move|p2a: It's Mie|Hydro Pump|p1a: Excadrill\n|-crit|p1a: Excadrill\n|-supereffective|p1a: Excadrill\n|-damage|p1a: Excadrill|0 fnt\n|-enditem|p1a: Excadrill|Air Balloon\n|-damage|p2a: It's Mie|31\/261|[from] item: Life Orb\n|faint|p1a: Excadrill\n|\n|-message|sinssino forfeited.\n|\n|win|The Teal Scizor\n|raw|Ladder updating...\n|leave|sinssino\n|player|p1","inputlog":null,"uploadtime":1434722758,"views":0,"p1id":"sinssino","p2id":"thetealscizor","formatid":"ou","rating":0,"private":0,"password":null}