{"id":"ou-215440267","p1":"Another gg easy","p2":"Ohmboy Tesla","format":"ou","log":"|join|Another gg easy\n|join|Ohmboy Tesla\n|player|p1|Another gg easy|286\n|player|p2|Ohmboy Tesla|136\n|gametype|singles\n|gen|6\n|tier|OU\n|rated\n|clearpoke\n|poke|p1|Landorus-Therian, M\n|poke|p1|Ferrothorn, F\n|poke|p1|Keldeo\n|poke|p1|Charizard, M\n|poke|p1|Starmie\n|poke|p1|Togekiss, F\n|poke|p2|Venusaur, F\n|poke|p2|Entei, shiny\n|poke|p2|Swampert, M\n|poke|p2|Hydreigon, F\n|poke|p2|Togekiss, F\n|poke|p2|Scizor, M\n|rule|Swagger Clause: Swagger is banned\n|rule|Baton Pass Clause: Limit one Pok\u00e9mon knowing Baton Pass\n|rule|Sleep Clause Mod: Limit one foe put to sleep\n|rule|Species Clause: Limit one of each Pok\u00e9mon\n|rule|OHKO Clause: OHKO moves are banned\n|rule|Moody Clause: Moody is banned\n|rule|Evasion Moves Clause: Evasion moves are banned\n|rule|Endless Battle Clause: Forcing endless battles is banned\n|rule|HP Percentage Mod: HP is shown in percentages\n|teampreview\n|\n|start\n|switch|p1a: Charizard|Charizard, M|333\/333\n|switch|p2a: Do You Even Liek|Swampert, M|401\/401\n|turn|1\n|\n|switch|p2a: Menace|Scizor, M|343\/343\n|move|p1a: Charizard|Dragon Dance|p1a: Charizard\n|-boost|p1a: Charizard|atk|1\n|-boost|p1a: Charizard|spe|1\n|\n|turn|2\n|\n|detailschange|p1a: Charizard|Charizard-Mega-X, M\n|-mega|p1a: Charizard|Charizard|Charizardite X\n|move|p1a: Charizard|Dragon Dance|p1a: Charizard\n|-boost|p1a: Charizard|atk|1\n|-boost|p1a: Charizard|spe|1\n|move|p2a: Menace|U-turn|p1a: Charizard\n|-resisted|p1a: Charizard\n|-damage|p1a: Charizard|279\/333\n|\n|switch|p2a: Do You Even Liek|Swampert, M|401\/401\n|\n|turn|3\n|\n|move|p1a: Charizard|Dragon Claw|p2a: Do You Even Liek\n|-damage|p2a: Do You Even Liek|97\/401\n|move|p2a: Do You Even Liek|Earthquake|p1a: Charizard\n|-supereffective|p1a: Charizard\n|-damage|p1a: Charizard|43\/333\n|\n|-heal|p2a: Do You Even Liek|122\/401|[from] item: Leftovers\n|turn|4\n|\n|switch|p2a: Menace|Scizor, M|343\/343\n|move|p1a: Charizard|Roost|p1a: Charizard\n|-heal|p1a: Charizard|210\/333\n|\n|turn|5\n|\n|move|p2a: Menace|Bullet Punch|p1a: Charizard\n|-resisted|p1a: Charizard\n|-damage|p1a: Charizard|159\/333\n|move|p1a: Charizard|Earthquake|p2a: Menace\n|-damage|p2a: Menace|78\/343\n|\n|-heal|p2a: Menace|99\/343|[from] item: Leftovers\n|turn|6\n|\n|move|p2a: Menace|Bullet Punch|p1a: Charizard\n|-resisted|p1a: Charizard\n|-damage|p1a: Charizard|108\/333\n|move|p1a: Charizard|Dragon Claw|p2a: Menace\n|-resisted|p2a: Menace\n|-damage|p2a: Menace|0 fnt\n|faint|p2a: Menace\n|\n|\n|switch|p2a: Rufus|Entei, shiny|386\/386\n|-ability|p2a: Rufus|Pressure\n|turn|7\n|\n|move|p2a: Rufus|Extreme Speed|p1a: Charizard\n|-crit|p1a: Charizard\n|-damage|p1a: Charizard|0 fnt\n|faint|p1a: Charizard\n|\n|c|\u2605Another gg easy|,,\n|c|\u2605Another gg easy|\u00e7critic\n|c|\u2605Another gg easy|obvius\n|c|\u2605Ohmboy Tesla|didn't matter\n|\n|switch|p1a: Starmie|Starmie|261\/261\n|turn|8\n|c|\u2605Another gg easy|252+ Atk Choice Band Entei Extreme Speed vs. 144 HP \/ 4 Def Mega Charizard X: 120-142 (36 - 42.6%) -- guaranteed 3HKO\n|c|\u2605Another gg easy|guessing youre adamant\n|\n|switch|p2a: no more tears|Togekiss, F|373\/373\n|move|p1a: Starmie|Hydro Pump|p2a: no more tears\n|-damage|p2a: no more tears|264\/373\n|\n|-heal|p2a: no more tears|287\/373|[from] item: Leftovers\n|turn|9\n|c|\u2605Ohmboy Tesla|it has to be to have E-speed, and 36>33, so kill\n|\n|move|p1a: Starmie|Thunderbolt|p2a: no more tears\n|-supereffective|p2a: no more tears\n|-damage|p2a: no more tears|161\/373\n|-status|p2a: no more tears|par\n|move|p2a: no more tears|Thunder Wave|p1a: Starmie\n|-status|p1a: Starmie|par\n|\n|-heal|p2a: no more tears|184\/373 par|[from] item: Leftovers\n|turn|10\n|\n|switch|p1a: Ferrothorn|Ferrothorn, F|352\/352\n|cant|p2a: no more tears|par\n|\n|-heal|p2a: no more tears|207\/373 par|[from] item: Leftovers\n|turn|11\n|\n|cant|p2a: no more tears|par\n|move|p1a: Ferrothorn|Stealth Rock|p2a: no more tears\n|-sidestart|p2: Ohmboy Tesla|move: Stealth Rock\n|\n|-heal|p2a: no more tears|230\/373 par|[from] item: Leftovers\n|turn|12\n|\n|move|p2a: no more tears|Thunder Wave|p1a: Ferrothorn\n|-status|p1a: Ferrothorn|par\n|cant|p1a: Ferrothorn|par\n|\n|-heal|p2a: no more tears|253\/373 par|[from] item: Leftovers\n|turn|13\n|\n|move|p2a: no more tears|Air Slash|p1a: Ferrothorn\n|-damage|p1a: Ferrothorn|273\/352 par\n|cant|p1a: Ferrothorn|flinch\n|\n|-heal|p2a: no more tears|276\/373 par|[from] item: Leftovers\n|-heal|p1a: Ferrothorn|295\/352 par|[from] item: Leftovers\n|turn|14\n|\n|move|p2a: no more tears|Air Slash|p1a: Ferrothorn\n|-damage|p1a: Ferrothorn|213\/352 par\n|move|p1a: Ferrothorn|Gyro Ball|p2a: no more tears\n|-supereffective|p2a: no more tears\n|-damage|p2a: no more tears|0 fnt\n|faint|p2a: no more tears\n|\n|-heal|p1a: Ferrothorn|235\/352 par|[from] item: Leftovers\n|\n|switch|p2a: Rufus|Entei, shiny|386\/386\n|-damage|p2a: Rufus|290\/386|[from] Stealth Rock\n|-ability|p2a: Rufus|Pressure\n|turn|15\n|\n|move|p1a: Ferrothorn|Protect|p1a: Ferrothorn\n|-singleturn|p1a: Ferrothorn|Protect\n|move|p2a: Rufus|Sacred Fire|p1a: Ferrothorn\n|-activate|p1a: Ferrothorn|Protect\n|\n|-heal|p2a: Rufus|314\/386|[from] item: Leftovers\n|-heal|p1a: Ferrothorn|257\/352 par|[from] item: Leftovers\n|turn|16\n|\n|move|p2a: Rufus|Sacred Fire|p1a: Ferrothorn|[miss]\n|-miss|p2a: Rufus|p1a: Ferrothorn\n|move|p1a: Ferrothorn|Gyro Ball|p2a: Rufus\n|-resisted|p2a: Rufus\n|-damage|p2a: Rufus|212\/386\n|\n|-heal|p2a: Rufus|236\/386|[from] item: Leftovers\n|-heal|p1a: Ferrothorn|279\/352 par|[from] item: Leftovers\n|turn|17\n|\n|move|p2a: Rufus|Sacred Fire|p1a: Ferrothorn\n|-supereffective|p1a: Ferrothorn\n|-damage|p1a: Ferrothorn|0 fnt\n|faint|p1a: Ferrothorn\n|\n|-heal|p2a: Rufus|260\/386|[from] item: Leftovers\n|\n|switch|p1a: Starmie|Starmie|261\/261\n|turn|18\n|\n|switch|p2a: Do You Even Liek|Swampert, M|122\/401\n|-damage|p2a: Do You Even Liek|97\/401|[from] Stealth Rock\n|move|p1a: Starmie|Hydro Pump|p2a: Do You Even Liek\n|-crit|p2a: Do You Even Liek\n|-damage|p2a: Do You Even Liek|0 fnt\n|faint|p2a: Do You Even Liek\n|\n|\n|switch|p2a: Precious|Hydreigon, F|349\/349\n|-damage|p2a: Precious|306\/349|[from] Stealth Rock\n|turn|19\n|\n|switch|p1a: Togekiss|Togekiss, F|373\/373\n|move|p2a: Precious|U-turn|p1a: Togekiss\n|-resisted|p1a: Togekiss\n|-damage|p1a: Togekiss|361\/373\n|\n|switch|p2a: Rufus|Entei, shiny|260\/386\n|-damage|p2a: Rufus|164\/386|[from] Stealth Rock\n|-ability|p2a: Rufus|Pressure\n|\n|-heal|p2a: Rufus|188\/386|[from] item: Leftovers\n|-heal|p1a: Togekiss|373\/373|[from] item: Leftovers\n|turn|20\n|\n|move|p2a: Rufus|Sacred Fire|p1a: Togekiss\n|-damage|p1a: Togekiss|192\/373\n|-status|p1a: Togekiss|brn\n|move|p1a: Togekiss|Thunder Wave|p2a: Rufus\n|-status|p2a: Rufus|par\n|\n|-heal|p1a: Togekiss|215\/373 brn|[from] item: Leftovers\n|-heal|p2a: Rufus|212\/386 par|[from] item: Leftovers\n|-damage|p1a: Togekiss|169\/373 brn|[from] brn\n|turn|21\n|\n|move|p1a: Togekiss|Air Slash|p2a: Rufus\n|-damage|p2a: Rufus|70\/386 par\n|move|p2a: Rufus|Sacred Fire|p1a: Togekiss\n|-crit|p1a: Togekiss\n|-damage|p1a: Togekiss|0 fnt\n|faint|p1a: Togekiss\n|\n|-heal|p2a: Rufus|94\/386 par|[from] item: Leftovers\n|c|\u2605Another gg easy|obvius\n|c|\u2605Another gg easy|obvius\n|c|\u2605Another gg easy|didnt matter tho\n|c|\u2605Another gg easy|xDDDDDDDDDD\n|\n|switch|p1a: Starmie|Starmie|261\/261\n|turn|22\n|\n|move|p2a: Rufus|Extreme Speed|p1a: Starmie\n|-damage|p1a: Starmie|150\/261\n|move|p1a: Starmie|Psyshock|p2a: Rufus\n|-damage|p2a: Rufus|0 fnt\n|faint|p2a: Rufus\n|\n|-heal|p1a: Starmie|166\/261|[from] item: Leftovers\n|c|\u2605Another gg easy|a\n|c|\u2605Another gg easy|youre not banded\n|c|\u2605Another gg easy|HAHAHAHAHAHA\n|c|\u2605Another gg easy|252 Atk Entei Extreme Speed vs. 144 HP \/ 4 Def Mega Charizard X: 73-87 (21.9 - 26.1%) -- 6.9% chance to 4HKO\n|c|\u2605Another gg easy|and you said didnt matter\n|c|\u2605Another gg easy|xDDDDDDDDDDDD\n|c|\u2605Another gg easy|xDDDDDDDDDDDDDDDDDDDDDDDDDDDDDDDDDD\n|c|\u2605Ohmboy Tesla|ok, I was wrong :p\n|c|\u2605Ohmboy Tesla|sorry 'bout that\n|\n|switch|p2a: Berta|Venusaur, F|363\/363\n|-damage|p2a: Berta|318\/363|[from] Stealth Rock\n|turn|23\n|\n|detailschange|p2a: Berta|Venusaur-Mega, F\n|-mega|p2a: Berta|Venusaur|Venusaurite\n|move|p1a: Starmie|Psyshock|p2a: Berta\n|-crit|p2a: Berta\n|-supereffective|p2a: Berta\n|-damage|p2a: Berta|102\/363\n|move|p2a: Berta|Giga Drain|p1a: Starmie\n|-supereffective|p1a: Starmie\n|-damage|p1a: Starmie|0 fnt\n|-heal|p2a: Berta|185\/363|[from] drain|[of] p1a: Starmie\n|faint|p1a: Starmie\n|\n|\n|switch|p1a: Landorus-Therian|Landorus-Therian, M|319\/319\n|-ability|p1a: Landorus-Therian|Intimidate|[of] p2a: Berta\n|-unboost|p2a: Berta|atk|1\n|turn|24\n|c|\u2605Ohmboy Tesla|but we both had our share of hax this game I would say ^^\n|\n|move|p1a: Landorus-Therian|Earthquake|p2a: Berta\n|-damage|p2a: Berta|56\/363\n|move|p2a: Berta|Synthesis|p2a: Berta\n|-heal|p2a: Berta|237\/363\n|\n|turn|25\n|\n|switch|p1a: Keldeo|Keldeo|323\/323\n|move|p2a: Berta|Giga Drain|p1a: Keldeo\n|-supereffective|p1a: Keldeo\n|-damage|p1a: Keldeo|83\/323\n|-heal|p2a: Berta|357\/363|[from] drain|[of] p1a: Keldeo\n|\n|turn|26\n|c|\u2605Another gg easy|always getting haxed\n|c|\u2605Another gg easy|always\n|\n|move|p1a: Keldeo|Scald|p2a: Berta\n|-resisted|p2a: Berta\n|-damage|p2a: Berta|269\/363\n|move|p2a: Berta|Giga Drain|p1a: Keldeo\n|-supereffective|p1a: Keldeo\n|-damage|p1a: Keldeo|0 fnt\n|-heal|p2a: Berta|311\/363|[from] drain|[of] p1a: Keldeo\n|faint|p1a: Keldeo\n|\n|c|\u2605Another gg easy|fucking bastards\n|-message|Another gg easy forfeited.\n|\n|win|Ohmboy Tesla\n|raw|Ladder updating...\n|c|\u2605Ohmboy Tesla|well, in a game with two kissy's...\n|leave|Another gg easy\n|player|p1\n|raw|Another gg easy's rating: 1577 &rarr; <strong>1554<\/strong><br \/>(-23 for losing)\n|raw|Ohmboy Tesla's rating: 1522 &rarr; <strong>1545<\/strong><br \/>(+23 for winning)\n|c|\u2605Ohmboy Tesla|well, I guesss you could say...\n|c|\u2605Ohmboy Tesla|this was another easy gg!","inputlog":null,"uploadtime":1425477905,"views":0,"p1id":"anotherggeasy","p2id":"ohmboytesla","formatid":"ou","rating":1545,"private":0,"password":null}