{"id":"ou-240149207","p1":"The Teal Scizor","p2":"Maverick0403","format":"ou","log":"|join|The Teal Scizor\n|join|Maverick0403\n|player|p1|The Teal Scizor|70\n|player|p2|Maverick0403|170\n|gametype|singles\n|gen|6\n|tier|OU\n|rated\n|clearpoke\n|poke|p1|Kyurem-Black, shiny\n|poke|p1|Clefable, F, shiny\n|poke|p1|Rotom-Wash\n|poke|p1|Jirachi\n|poke|p1|Conkeldurr, M\n|poke|p1|Latios, M\n|poke|p2|Bisharp, M\n|poke|p2|Jolteon, M\n|poke|p2|Landorus-Therian, M\n|poke|p2|Garchomp, F\n|poke|p2|Rotom-Wash\n|poke|p2|Lopunny, F\n|rule|Swagger Clause: Swagger is banned\n|rule|Baton Pass Clause: Limit one Pok\u00e9mon knowing Baton Pass\n|rule|Sleep Clause Mod: Limit one foe put to sleep\n|rule|Species Clause: Limit one of each Pok\u00e9mon\n|rule|OHKO Clause: OHKO moves are banned\n|rule|Moody Clause: Moody is banned\n|rule|Evasion Moves Clause: Evasion moves are banned\n|rule|Endless Battle Clause: Forcing endless battles is banned\n|rule|HP Percentage Mod: HP is shown in percentages\n|teampreview\n|\n|start\n|switch|p1a: Bubblegum|Clefable, F, shiny|394\/394\n|switch|p2a: Landorus-Therian|Landorus-Therian, M|319\/319\n|-ability|p2a: Landorus-Therian|Intimidate|[of] p1a: Bubblegum\n|-unboost|p1a: Bubblegum|atk|1\n|turn|1\n|\n|move|p1a: Bubblegum|Protect|p1a: Bubblegum\n|-singleturn|p1a: Bubblegum|Protect\n|move|p2a: Landorus-Therian|U-turn|p1a: Bubblegum\n|-activate|p1a: Bubblegum|Protect\n|\n|turn|2\n|\n|move|p2a: Landorus-Therian|U-turn|p1a: Bubblegum\n|-resisted|p1a: Bubblegum\n|-damage|p1a: Bubblegum|334\/394\n|\n|switch|p2a: Bisharp|Bisharp, M|271\/271\n|move|p1a: Bubblegum|Stealth Rock|p2a: Bisharp\n|-sidestart|p2: Maverick0403|move: Stealth Rock\n|\n|-heal|p1a: Bubblegum|358\/394|[from] item: Leftovers\n|turn|3\n|\n|switch|p1a: Google+|Rotom-Wash|304\/304\n|move|p2a: Bisharp|Knock Off|p1a: Google+\n|-damage|p1a: Google+|127\/304\n|-enditem|p1a: Google+|Chesto Berry|[from] move: Knock Off|[of] p2a: Bisharp\n|-damage|p2a: Bisharp|244\/271|[from] item: Life Orb\n|\n|turn|4\n|\n|move|p1a: Google+|Will-O-Wisp|p2a: Bisharp\n|-status|p2a: Bisharp|brn\n|move|p2a: Bisharp|Iron Head|p1a: Google+\n|-resisted|p1a: Google+\n|-damage|p1a: Google+|111\/304\n|-damage|p2a: Bisharp|217\/271 brn|[from] item: Life Orb\n|\n|-damage|p2a: Bisharp|184\/271 brn|[from] brn\n|turn|5\n|\n|switch|p2a: Jolteon|Jolteon, M|271\/271\n|-damage|p2a: Jolteon|238\/271|[from] Stealth Rock\n|move|p1a: Google+|Volt Switch|p2a: Jolteon\n|-heal|p2a: Jolteon|271\/271|[from] ability: Volt Absorb|[of] p1a: Google+\n|\n|turn|6\n|\n|switch|p1a: Bubblegum|Clefable, F, shiny|358\/394\n|move|p2a: Jolteon|Shadow Ball|p1a: Bubblegum\n|-damage|p1a: Bubblegum|241\/394\n|\n|-heal|p1a: Bubblegum|265\/394|[from] item: Leftovers\n|turn|7\n|\n|switch|p2a: Bisharp|Bisharp, M|184\/271 brn\n|-damage|p2a: Bisharp|168\/271 brn|[from] Stealth Rock\n|move|p1a: Bubblegum|Moonblast|p2a: Bisharp\n|-damage|p2a: Bisharp|65\/271 brn\n|\n|-heal|p1a: Bubblegum|289\/394|[from] item: Leftovers\n|-damage|p2a: Bisharp|32\/271 brn|[from] brn\n|turn|8\n|\n|move|p1a: Bubblegum|Protect|p1a: Bubblegum\n|-singleturn|p1a: Bubblegum|Protect\n|move|p2a: Bisharp|Knock Off|p1a: Bubblegum\n|-activate|p1a: Bubblegum|Protect\n|\n|-heal|p1a: Bubblegum|313\/394|[from] item: Leftovers\n|-damage|p2a: Bisharp|0 fnt|[from] brn\n|faint|p2a: Bisharp\n|\n|switch|p2a: Lopunny|Lopunny, F|271\/271\n|-damage|p2a: Lopunny|238\/271|[from] Stealth Rock\n|turn|9\n|\n|switch|p1a: Blue Moon|Jirachi|341\/341\n|detailschange|p2a: Lopunny|Lopunny-Mega, F\n|-mega|p2a: Lopunny|Lopunny|Lopunnite\n|move|p2a: Lopunny|High Jump Kick|p1a: Blue Moon\n|-damage|p1a: Blue Moon|103\/341\n|\n|turn|10\n|\n|switch|p1a: Bubblegum|Clefable, F, shiny|313\/394\n|move|p2a: Lopunny|High Jump Kick|p1a: Bubblegum\n|-resisted|p1a: Bubblegum\n|-damage|p1a: Bubblegum|148\/394\n|\n|-heal|p1a: Bubblegum|172\/394|[from] item: Leftovers\n|turn|11\n|\n|move|p1a: Bubblegum|Protect|p1a: Bubblegum\n|-singleturn|p1a: Bubblegum|Protect\n|move|p2a: Lopunny|Return|p1a: Bubblegum\n|-activate|p1a: Bubblegum|Protect\n|\n|-heal|p1a: Bubblegum|196\/394|[from] item: Leftovers\n|turn|12\n|\n|move|p2a: Lopunny|Return|p1a: Bubblegum\n|-damage|p1a: Bubblegum|0 fnt\n|faint|p1a: Bubblegum\n|\n|\n|switch|p1a: Power Drink|Conkeldurr, M|413\/413\n|turn|13\n|\n|switch|p2a: Landorus-Therian|Landorus-Therian, M|319\/319\n|-damage|p2a: Landorus-Therian|280\/319|[from] Stealth Rock\n|-ability|p2a: Landorus-Therian|Intimidate|[of] p1a: Power Drink\n|-unboost|p1a: Power Drink|atk|1\n|move|p1a: Power Drink|Ice Punch|p2a: Landorus-Therian\n|-crit|p2a: Landorus-Therian\n|-supereffective|p2a: Landorus-Therian\n|-damage|p2a: Landorus-Therian|0 fnt\n|faint|p2a: Landorus-Therian\n|\n|\n|switch|p2a: Jolteon|Jolteon, M|271\/271\n|-damage|p2a: Jolteon|238\/271|[from] Stealth Rock\n|turn|14\n|\n|switch|p1a: Prison Break|Kyurem-Black, shiny|391\/391\n|-ability|p1a: Prison Break|Teravolt\n|move|p2a: Jolteon|Thunderbolt|p1a: Prison Break\n|-crit|p1a: Prison Break\n|-resisted|p1a: Prison Break\n|-damage|p1a: Prison Break|193\/391\n|\n|turn|15\n|\n|move|p2a: Jolteon|Thunderbolt|p1a: Prison Break\n|-resisted|p1a: Prison Break\n|-damage|p1a: Prison Break|52\/391\n|move|p1a: Prison Break|Outrage|p2a: Jolteon\n|-damage|p2a: Jolteon|0 fnt\n|-damage|p1a: Prison Break|13\/391|[from] item: Life Orb\n|faint|p2a: Jolteon\n|\n|\n|switch|p2a: Lopunny|Lopunny-Mega, F|238\/271\n|-damage|p2a: Lopunny|222\/271|[from] Stealth Rock\n|turn|16\n|\n|move|p2a: Lopunny|Return|p1a: Prison Break\n|-damage|p1a: Prison Break|0 fnt\n|faint|p1a: Prison Break\n|\n|\n|switch|p1a: Blue Moon|Jirachi|103\/341\n|turn|17\n|\n|move|p1a: Blue Moon|Iron Head|p2a: Lopunny\n|-damage|p2a: Lopunny|84\/271\n|cant|p2a: Lopunny|flinch\n|\n|turn|18\n|\n|switch|p1a: Gucci|Latios, M|301\/301\n|switch|p2a: Garchomp|Garchomp, F|390\/390\n|-damage|p2a: Garchomp|366\/390|[from] Stealth Rock\n|\n|turn|19\n|\n|move|p1a: Gucci|Draco Meteor|p2a: Garchomp\n|-supereffective|p2a: Garchomp\n|-damage|p2a: Garchomp|0 fnt\n|-unboost|p1a: Gucci|spa|2\n|-damage|p1a: Gucci|271\/301|[from] item: Life Orb\n|faint|p2a: Garchomp\n|\n|\n|switch|p2a: Lopunny|Lopunny-Mega, F|84\/271\n|-damage|p2a: Lopunny|68\/271|[from] Stealth Rock\n|turn|20\n|\n|switch|p1a: Google+|Rotom-Wash|111\/304\n|move|p2a: Lopunny|High Jump Kick|p1a: Google+\n|-damage|p1a: Google+|0 fnt\n|faint|p1a: Google+\n|\n|\n|switch|p1a: Blue Moon|Jirachi|103\/341\n|turn|21\n|\n|switch|p2a: Rotom-Wash|Rotom-Wash|241\/241\n|-damage|p2a: Rotom-Wash|211\/241|[from] Stealth Rock\n|move|p1a: Blue Moon|U-turn|p2a: Rotom-Wash\n|-damage|p2a: Rotom-Wash|153\/241\n|\n|switch|p1a: Gucci|Latios, M|271\/301\n|\n|-heal|p2a: Rotom-Wash|168\/241|[from] item: Leftovers\n|turn|22\n|\n|move|p1a: Gucci|Draco Meteor|p2a: Rotom-Wash\n|-damage|p2a: Rotom-Wash|0 fnt\n|-unboost|p1a: Gucci|spa|2\n|-damage|p1a: Gucci|241\/301|[from] item: Life Orb\n|faint|p2a: Rotom-Wash\n|\n|\n|switch|p2a: Lopunny|Lopunny-Mega, F|68\/271\n|-damage|p2a: Lopunny|52\/271|[from] Stealth Rock\n|turn|23\n|\n|move|p2a: Lopunny|High Jump Kick|p1a: Gucci\n|-resisted|p1a: Gucci\n|-damage|p1a: Gucci|97\/301\n|move|p1a: Gucci|Draco Meteor|p2a: Lopunny\n|-damage|p2a: Lopunny|0 fnt\n|-unboost|p1a: Gucci|spa|2\n|-damage|p1a: Gucci|67\/301|[from] item: Life Orb\n|faint|p2a: Lopunny\n|\n|win|The Teal Scizor\n|raw|Ladder updating...\n|raw|The Teal Scizor's rating: 1368 &rarr; <strong>1391<\/strong><br \/>(+23 for winning)\n|raw|Maverick0403's rating: 1421 &rarr; <strong>1398<\/strong><br \/>(-23 for losing)\n|leave|Maverick0403","inputlog":null,"uploadtime":1434159174,"views":1,"p1id":"thetealscizor","p2id":"maverick0403","formatid":"ou","rating":1391,"private":0,"password":null}