{"id":"ou-240146464","p1":"Darhak-","p2":"The Teal Scizor","format":"ou","log":"|join|Darhak-\n|join|The Teal Scizor\n|player|p1|Darhak-|163\n|player|p2|The Teal Scizor|70\n|gametype|singles\n|gen|6\n|tier|OU\n|rated\n|clearpoke\n|poke|p1|Heatran, F\n|poke|p1|Venusaur, M\n|poke|p1|Mew\n|poke|p1|Rotom-Wash\n|poke|p1|Landorus-Therian, M\n|poke|p1|Gengar, M\n|poke|p2|Kyurem-Black, shiny\n|poke|p2|Clefable, F, shiny\n|poke|p2|Rotom-Wash\n|poke|p2|Jirachi\n|poke|p2|Conkeldurr, F\n|poke|p2|Latios, M\n|rule|Swagger Clause: Swagger is banned\n|rule|Baton Pass Clause: Limit one Pok\u00e9mon knowing Baton Pass\n|rule|Sleep Clause Mod: Limit one foe put to sleep\n|rule|Species Clause: Limit one of each Pok\u00e9mon\n|rule|OHKO Clause: OHKO moves are banned\n|rule|Moody Clause: Moody is banned\n|rule|Evasion Moves Clause: Evasion moves are banned\n|rule|Endless Battle Clause: Forcing endless battles is banned\n|rule|HP Percentage Mod: HP is shown in percentages\n|teampreview\n|\n|start\n|switch|p1a: Heather|Heatran, F|385\/385\n|switch|p2a: Prison Break|Kyurem-Black, shiny|391\/391\n|-ability|p2a: Prison Break|Teravolt\n|turn|1\n|\n|move|p1a: Heather|Protect|p1a: Heather\n|-singleturn|p1a: Heather|Protect\n|move|p2a: Prison Break|Earth Power|p1a: Heather\n|-activate|p1a: Heather|Protect\n|\n|turn|2\n|\n|switch|p1a: Brastemp|Rotom-Wash|304\/304\n|move|p2a: Prison Break|Ice Beam|p1a: Brastemp\n|-resisted|p1a: Brastemp\n|-damage|p1a: Brastemp|205\/304\n|-damage|p2a: Prison Break|352\/391|[from] item: Life Orb\n|\n|-heal|p1a: Brastemp|224\/304|[from] item: Leftovers\n|turn|3\n|\n|move|p2a: Prison Break|Earth Power|p1a: Brastemp\n|-supereffective|p1a: Brastemp\n|-damage|p1a: Brastemp|0 fnt\n|-damage|p2a: Prison Break|313\/391|[from] item: Life Orb\n|faint|p1a: Brastemp\n|\n|\n|switch|p1a: Shadow|Gengar, M|261\/261\n|turn|4\n|\n|switch|p2a: Blue Moon|Jirachi|341\/341\n|move|p1a: Shadow|Focus Blast|p2a: Blue Moon\n|-damage|p2a: Blue Moon|155\/341\n|-damage|p1a: Shadow|235\/261|[from] item: Life Orb\n|\n|turn|5\n|\n|move|p2a: Blue Moon|Trick|p1a: Shadow\n|-activate|p2a: Blue Moon|move: Trick|[of] p1a: Shadow\n|-item|p1a: Shadow|Choice Scarf|[from] move: Trick\n|-item|p2a: Blue Moon|Life Orb|[from] move: Trick\n|move|p1a: Shadow|Taunt|p2a: Blue Moon\n|-start|p2a: Blue Moon|move: Taunt\n|\n|turn|6\n|\n|switch|p1a: Heather|Heatran, F|385\/385\n|move|p2a: Blue Moon|U-turn|p1a: Heather\n|-resisted|p1a: Heather\n|-damage|p1a: Heather|362\/385\n|-damage|p2a: Blue Moon|121\/341|[from] item: Life Orb\n|\n|switch|p2a: Prison Break|Kyurem-Black, shiny|313\/391\n|-ability|p2a: Prison Break|Teravolt\n|\n|-heal|p1a: Heather|385\/385|[from] item: Leftovers\n|turn|7\n|\n|move|p1a: Heather|Protect|p1a: Heather\n|-singleturn|p1a: Heather|Protect\n|move|p2a: Prison Break|Earth Power|p1a: Heather\n|-activate|p1a: Heather|Protect\n|\n|turn|8\n|\n|switch|p1a: Nike|Mew|404\/404\n|move|p2a: Prison Break|Earth Power|p1a: Nike\n|-damage|p1a: Nike|299\/404\n|-damage|p2a: Prison Break|274\/391|[from] item: Life Orb\n|\n|-heal|p1a: Nike|324\/404|[from] item: Leftovers\n|turn|9\n|\n|switch|p2a: Power Drink|Conkeldurr, F|413\/413\n|move|p1a: Nike|Knock Off|p2a: Power Drink\n|-resisted|p2a: Power Drink\n|-damage|p2a: Power Drink|372\/413\n|-enditem|p2a: Power Drink|Assault Vest|[from] move: Knock Off|[of] p1a: Nike\n|\n|-heal|p1a: Nike|349\/404|[from] item: Leftovers\n|turn|10\n|\n|switch|p1a: Savage|Venusaur, M|364\/364\n|move|p2a: Power Drink|Ice Punch|p1a: Savage\n|-supereffective|p1a: Savage\n|-damage|p1a: Savage|202\/364\n|\n|turn|11\n|\n|detailschange|p1a: Savage|Venusaur-Mega, M\n|-mega|p1a: Savage|Venusaur|Venusaurite\n|move|p1a: Savage|Synthesis|p1a: Savage\n|-heal|p1a: Savage|364\/364\n|move|p2a: Power Drink|Ice Punch|p1a: Savage\n|-supereffective|p1a: Savage\n|-damage|p1a: Savage|298\/364\n|\n|turn|12\n|\n|move|p1a: Savage|Leech Seed|p2a: Power Drink\n|-start|p2a: Power Drink|move: Leech Seed\n|move|p2a: Power Drink|Ice Punch|p1a: Savage\n|-supereffective|p1a: Savage\n|-damage|p1a: Savage|234\/364\n|\n|-damage|p2a: Power Drink|321\/413|[from] Leech Seed|[of] p1a: Savage\n|-heal|p1a: Savage|285\/364|[silent]\n|turn|13\n|\n|switch|p2a: Blue Moon|Jirachi|121\/341\n|move|p1a: Savage|Giga Drain|p2a: Blue Moon\n|-resisted|p2a: Blue Moon\n|-damage|p2a: Blue Moon|65\/341\n|-heal|p1a: Savage|313\/364|[from] drain|[of] p2a: Blue Moon\n|\n|turn|14\n|\n|move|p2a: Blue Moon|U-turn|p1a: Savage\n|-damage|p1a: Savage|248\/364\n|-damage|p2a: Blue Moon|31\/341|[from] item: Life Orb\n|\n|switch|p2a: Power Drink|Conkeldurr, F|321\/413\n|move|p1a: Savage|Leech Seed|p2a: Power Drink\n|-start|p2a: Power Drink|move: Leech Seed\n|\n|-damage|p2a: Power Drink|270\/413|[from] Leech Seed|[of] p1a: Savage\n|-heal|p1a: Savage|299\/364|[silent]\n|turn|15\n|\n|switch|p2a: Gucci|Latios, M|301\/301\n|move|p1a: Savage|Giga Drain|p2a: Gucci\n|-resisted|p2a: Gucci\n|-damage|p2a: Gucci|257\/301\n|-heal|p1a: Savage|321\/364|[from] drain|[of] p2a: Gucci\n|\n|turn|16\n|\n|switch|p2a: Prison Break|Kyurem-Black, shiny|274\/391\n|-ability|p2a: Prison Break|Teravolt\n|switch|p1a: Nike|Mew|349\/404\n|\n|-heal|p1a: Nike|374\/404|[from] item: Leftovers\n|turn|17\n|\n|move|p2a: Prison Break|Outrage|p1a: Nike\n|-damage|p1a: Nike|65\/404\n|-damage|p2a: Prison Break|235\/391|[from] item: Life Orb\n|move|p1a: Nike|Knock Off|p2a: Prison Break\n|-damage|p2a: Prison Break|165\/391\n|-enditem|p2a: Prison Break|Life Orb|[from] move: Knock Off|[of] p1a: Nike\n|\n|-heal|p1a: Nike|90\/404|[from] item: Leftovers\n|turn|18\n|\n|switch|p1a: Heather|Heatran, F|385\/385\n|move|p2a: Prison Break|Outrage|p1a: Heather\n|-resisted|p1a: Heather\n|-damage|p1a: Heather|275\/385\n|\n|-heal|p1a: Heather|299\/385|[from] item: Leftovers\n|turn|19\n|\n|move|p2a: Prison Break|Outrage|p1a: Heather\n|-resisted|p1a: Heather\n|-damage|p1a: Heather|194\/385\n|-start|p2a: Prison Break|confusion|[fatigue]\n|move|p1a: Heather|Lava Plume|p2a: Prison Break\n|-damage|p2a: Prison Break|12\/391\n|\n|-heal|p1a: Heather|218\/385|[from] item: Leftovers\n|turn|20\n|\n|move|p1a: Heather|Protect|p1a: Heather\n|-singleturn|p1a: Heather|Protect\n|-activate|p2a: Prison Break|confusion\n|-damage|p2a: Prison Break|0 fnt|[from] confusion\n|faint|p2a: Prison Break\n|\n|-heal|p1a: Heather|242\/385|[from] item: Leftovers\n|\n|switch|p2a: Power Drink|Conkeldurr, F|270\/413\n|turn|21\n|\n|switch|p1a: Savage|Venusaur-Mega, M|321\/364\n|move|p2a: Power Drink|Drain Punch|p1a: Savage\n|-resisted|p1a: Savage\n|-damage|p1a: Savage|269\/364\n|-heal|p2a: Power Drink|296\/413|[from] drain|[of] p1a: Savage\n|\n|turn|22\n|\n|move|p1a: Savage|Leech Seed|p2a: Power Drink\n|-start|p2a: Power Drink|move: Leech Seed\n|move|p2a: Power Drink|Ice Punch|p1a: Savage\n|-supereffective|p1a: Savage\n|-damage|p1a: Savage|207\/364\n|\n|-damage|p2a: Power Drink|245\/413|[from] Leech Seed|[of] p1a: Savage\n|-heal|p1a: Savage|258\/364|[silent]\n|turn|23\n|\n|switch|p2a: Gucci|Latios, M|257\/301\n|move|p1a: Savage|Sludge Bomb|p2a: Gucci\n|-damage|p2a: Gucci|139\/301\n|\n|turn|24\n|\n|switch|p1a: Heather|Heatran, F|242\/385\n|move|p2a: Gucci|Roost|p2a: Gucci\n|-heal|p2a: Gucci|290\/301\n|\n|-heal|p1a: Heather|266\/385|[from] item: Leftovers\n|turn|25\n|\n|switch|p2a: Bubblegum|Clefable, F, shiny|394\/394\n|move|p1a: Heather|Toxic|p2a: Bubblegum\n|-status|p2a: Bubblegum|tox\n|\n|-heal|p1a: Heather|290\/385|[from] item: Leftovers\n|-damage|p2a: Bubblegum|370\/394 tox|[from] psn\n|turn|26\n|\n|switch|p1a: Shadow|Gengar, M|235\/261\n|move|p2a: Bubblegum|Stealth Rock|p1a: Shadow\n|-sidestart|p1: Darhak-|move: Stealth Rock\n|\n|-heal|p2a: Bubblegum|394\/394 tox|[from] item: Leftovers\n|-damage|p2a: Bubblegum|346\/394 tox|[from] psn\n|turn|27\n|\n|move|p1a: Shadow|Sludge Wave|p2a: Bubblegum\n|-supereffective|p2a: Bubblegum\n|-damage|p2a: Bubblegum|106\/394 tox\n|move|p2a: Bubblegum|Wish|p2a: Bubblegum\n|\n|-heal|p2a: Bubblegum|130\/394 tox|[from] item: Leftovers\n|-damage|p2a: Bubblegum|58\/394 tox|[from] psn\n|turn|28\n|\n|switch|p2a: Blue Moon|Jirachi|31\/341\n|move|p1a: Shadow|Sludge Wave|p2a: Blue Moon\n|-immune|p2a: Blue Moon|[msg]\n|\n|-heal|p2a: Blue Moon|228\/341|[from] move: Wish|[wisher] Bubblegum\n|turn|29\n|\n|switch|p1a: Heather|Heatran, F|290\/385\n|-damage|p1a: Heather|242\/385|[from] Stealth Rock\n|move|p2a: Blue Moon|Trick|p1a: Heather\n|-activate|p2a: Blue Moon|move: Trick|[of] p1a: Heather\n|-item|p1a: Heather|Life Orb|[from] move: Trick\n|-item|p2a: Blue Moon|Leftovers|[from] move: Trick\n|\n|-heal|p2a: Blue Moon|249\/341|[from] item: Leftovers\n|turn|30\n|\n|move|p2a: Blue Moon|U-turn|p1a: Heather\n|-resisted|p1a: Heather\n|-damage|p1a: Heather|224\/385\n|\n|switch|p2a: Google+|Rotom-Wash|304\/304\n|move|p1a: Heather|Lava Plume|p2a: Google+\n|-resisted|p2a: Google+\n|-damage|p2a: Google+|236\/304\n|-damage|p1a: Heather|186\/385|[from] item: Life Orb\n|\n|turn|31\n|\n|move|p2a: Google+|Volt Switch|p1a: Heather\n|-crit|p1a: Heather\n|-damage|p1a: Heather|96\/385\n|\n|switch|p2a: Blue Moon|Jirachi|249\/341\n|move|p1a: Heather|Toxic|p2a: Blue Moon\n|-immune|p2a: Blue Moon|[msg]\n|\n|-heal|p2a: Blue Moon|270\/341|[from] item: Leftovers\n|turn|32\n|\n|move|p2a: Blue Moon|U-turn|p1a: Heather\n|-resisted|p1a: Heather\n|-damage|p1a: Heather|77\/385\n|\n|switch|p2a: Google+|Rotom-Wash|236\/304\n|move|p1a: Heather|Lava Plume|p2a: Google+\n|-resisted|p2a: Google+\n|-damage|p2a: Google+|166\/304\n|-damage|p1a: Heather|39\/385|[from] item: Life Orb\n|\n|turn|33\n|\n|move|p2a: Google+|Volt Switch|p1a: Heather\n|-damage|p1a: Heather|0 fnt\n|faint|p1a: Heather\n|\n|switch|p2a: Blue Moon|Jirachi|270\/341\n|\n|-heal|p2a: Blue Moon|291\/341|[from] item: Leftovers\n|\n|switch|p1a: Landor|Landorus-Therian, M|319\/319\n|-damage|p1a: Landor|280\/319|[from] Stealth Rock\n|-ability|p1a: Landor|Intimidate|[of] p2a: Blue Moon\n|-unboost|p2a: Blue Moon|atk|1\n|turn|34\n|\n|switch|p2a: Google+|Rotom-Wash|166\/304\n|move|p1a: Landor|Earthquake|p2a: Google+\n|-immune|p2a: Google+|[msg]\n|\n|turn|35\n|\n|switch|p1a: Shadow|Gengar, M|235\/261\n|-damage|p1a: Shadow|203\/261|[from] Stealth Rock\n|move|p2a: Google+|Volt Switch|p1a: Shadow\n|-damage|p1a: Shadow|86\/261\n|\n|switch|p2a: Bubblegum|Clefable, F, shiny|58\/394 tox\n|\n|-heal|p2a: Bubblegum|82\/394 tox|[from] item: Leftovers\n|-damage|p2a: Bubblegum|58\/394 tox|[from] psn\n|turn|36\n|\n|move|p2a: Bubblegum|Protect|p2a: Bubblegum\n|-singleturn|p2a: Bubblegum|Protect\n|move|p1a: Shadow|Shadow Ball|p2a: Bubblegum\n|-activate|p2a: Bubblegum|Protect\n|\n|-heal|p2a: Bubblegum|82\/394 tox|[from] item: Leftovers\n|-damage|p2a: Bubblegum|34\/394 tox|[from] psn\n|turn|37\n|\n|move|p1a: Shadow|Shadow Ball|p2a: Bubblegum\n|-damage|p2a: Bubblegum|0 fnt\n|faint|p2a: Bubblegum\n|\n|\n|switch|p2a: Gucci|Latios, M|290\/301\n|turn|38\n|\n|move|p1a: Shadow|Shadow Ball|p2a: Gucci\n|-supereffective|p2a: Gucci\n|-damage|p2a: Gucci|12\/301\n|move|p2a: Gucci|Psyshock|p1a: Shadow\n|-supereffective|p1a: Shadow\n|-damage|p1a: Shadow|0 fnt\n|-damage|p2a: Gucci|0 fnt|[from] item: Life Orb\n|faint|p1a: Shadow\n|faint|p2a: Gucci\n|\n|\n|switch|p2a: Blue Moon|Jirachi|291\/341\n|switch|p1a: Nike|Mew|90\/404\n|-damage|p1a: Nike|40\/404|[from] Stealth Rock\n|turn|39\n|\n|move|p2a: Blue Moon|Iron Head|p1a: Nike\n|-damage|p1a: Nike|0 fnt\n|faint|p1a: Nike\n|\n|-heal|p2a: Blue Moon|312\/341|[from] item: Leftovers\n|\n|switch|p1a: Landor|Landorus-Therian, M|280\/319\n|-damage|p1a: Landor|241\/319|[from] Stealth Rock\n|-ability|p1a: Landor|Intimidate|[of] p2a: Blue Moon\n|-unboost|p2a: Blue Moon|atk|1\n|turn|40\n|\n|move|p1a: Landor|Earthquake|p2a: Blue Moon\n|-supereffective|p2a: Blue Moon\n|-damage|p2a: Blue Moon|0 fnt\n|faint|p2a: Blue Moon\n|\n|-message|The Teal Scizor forfeited.\n|leave|The Teal Scizor\n|\n|win|Darhak-\n|raw|Ladder updating...\n|player|p2\n|raw|Darhak-'s rating: 1391 &rarr; <strong>1411<\/strong><br \/>(+20 for winning)\n|raw|The Teal Scizor's rating: 1388 &rarr; <strong>1368<\/strong><br \/>(-20 for losing)","inputlog":null,"uploadtime":1434158524,"views":0,"p1id":"darhak","p2id":"thetealscizor","formatid":"ou","rating":1368,"private":0,"password":null}