{"id":"ou-243159992","p1":"The Teal Scizor","p2":"darwintree","format":"ou","log":"|join|The Teal Scizor\n|join|darwintree\n|player|p1|The Teal Scizor|70\n|player|p2|darwintree|10\n|gametype|singles\n|gen|6\n|tier|OU\n|rated\n|clearpoke\n|poke|p1|Rotom-Wash\n|poke|p1|Bisharp, M, shiny\n|poke|p1|Venusaur, M\n|poke|p1|Chansey, F\n|poke|p1|Excadrill, F, shiny\n|poke|p1|Thundurus, M\n|poke|p2|Metagross\n|poke|p2|Sylveon, M\n|poke|p2|Garchomp, F\n|poke|p2|Rotom-Wash\n|poke|p2|Serperior, M\n|poke|p2|Mandibuzz, F\n|rule|Swagger Clause: Swagger is banned\n|rule|Baton Pass Clause: Limit one Pok\u00e9mon knowing Baton Pass\n|rule|Sleep Clause Mod: Limit one foe put to sleep\n|rule|Species Clause: Limit one of each Pok\u00e9mon\n|rule|OHKO Clause: OHKO moves are banned\n|rule|Moody Clause: Moody is banned\n|rule|Evasion Moves Clause: Evasion moves are banned\n|rule|Endless Battle Clause: Forcing endless battles is banned\n|rule|HP Percentage Mod: HP is shown in percentages\n|teampreview\n|\n|start\n|switch|p1a: Banned|Thundurus, M|299\/299\n|switch|p2a: Sylveon|Sylveon, M|340\/340\n|turn|1\n|\n|switch|p1a: Deku King|Venusaur, M|363\/363\n|move|p2a: Sylveon|Psyshock|p1a: Deku King\n|-supereffective|p1a: Deku King\n|-damage|p1a: Deku King|121\/363\n|\n|turn|2\n|\n|switch|p2a: Metagross|Metagross|301\/301\n|detailschange|p1a: Deku King|Venusaur-Mega, M\n|-mega|p1a: Deku King|Venusaur|Venusaurite\n|move|p1a: Deku King|Synthesis|p1a: Deku King\n|-heal|p1a: Deku King|302\/363\n|\n|turn|3\n|\n|switch|p1a: Red Ranger|Bisharp, M, shiny|271\/271\n|detailschange|p2a: Metagross|Metagross-Mega\n|-mega|p2a: Metagross|Metagross|Metagrossite\n|move|p2a: Metagross|Power-Up Punch|p1a: Red Ranger\n|-supereffective|p1a: Red Ranger\n|-damage|p1a: Red Ranger|15\/271\n|-boost|p2a: Metagross|atk|1\n|\n|turn|4\n|\n|move|p2a: Metagross|Iron Head|p1a: Red Ranger\n|-resisted|p1a: Red Ranger\n|-damage|p1a: Red Ranger|0 fnt\n|faint|p1a: Red Ranger\n|\n|\n|switch|p1a: EXPRESS|Excadrill, F, shiny|361\/361\n|-ability|p1a: EXPRESS|Mold Breaker\n|turn|5\n|\n|switch|p2a: Mandibuzz|Mandibuzz, F|423\/423\n|move|p1a: EXPRESS|Earthquake|p2a: Mandibuzz\n|-immune|p2a: Mandibuzz|[msg]\n|\n|turn|6\n|\n|switch|p1a: Banned|Thundurus, M|299\/299\n|switch|p2a: Garchomp|Garchomp, F|357\/357\n|\n|turn|7\n|\n|move|p2a: Garchomp|Outrage|p1a: Banned\n|-damage|p1a: Banned|35\/299\n|move|p1a: Banned|Thunderbolt|p2a: Garchomp\n|-immune|p2a: Garchomp|[msg]\n|\n|turn|8\n|\n|switch|p1a: EXPRESS|Excadrill, F, shiny|361\/361\n|-ability|p1a: EXPRESS|Mold Breaker\n|move|p2a: Garchomp|Outrage|p1a: EXPRESS\n|-resisted|p1a: EXPRESS\n|-damage|p1a: EXPRESS|197\/361\n|\n|turn|9\n|\n|move|p2a: Garchomp|Outrage|p1a: EXPRESS\n|-resisted|p1a: EXPRESS\n|-damage|p1a: EXPRESS|47\/361\n|-start|p2a: Garchomp|confusion|[fatigue]\n|move|p1a: EXPRESS|Earthquake|p2a: Garchomp\n|-damage|p2a: Garchomp|150\/357\n|\n|turn|10\n|\n|-activate|p2a: Garchomp|confusion\n|-damage|p2a: Garchomp|99\/357|[from] confusion\n|move|p1a: EXPRESS|Earthquake|p2a: Garchomp\n|-damage|p2a: Garchomp|0 fnt\n|faint|p2a: Garchomp\n|\n|\n|switch|p2a: Mandibuzz|Mandibuzz, F|423\/423\n|turn|11\n|\n|switch|p1a: Oh Snap! She|Chansey, F|704\/704\n|move|p2a: Mandibuzz|Foul Play|p1a: Oh Snap! She\n|-damage|p1a: Oh Snap! She|683\/704\n|\n|turn|12\n|\n|switch|p2a: Rotom-Wash|Rotom-Wash|241\/241\n|move|p1a: Oh Snap! She|Stealth Rock|p2a: Rotom-Wash\n|-sidestart|p2: darwintree|move: Stealth Rock\n|\n|turn|13\n|\n|move|p2a: Rotom-Wash|Trick|p1a: Oh Snap! She\n|-activate|p2a: Rotom-Wash|move: Trick|[of] p1a: Oh Snap! She\n|-item|p1a: Oh Snap! She|Choice Scarf|[from] move: Trick\n|-item|p2a: Rotom-Wash|Eviolite|[from] move: Trick\n|move|p1a: Oh Snap! She|Seismic Toss|p2a: Rotom-Wash\n|-damage|p2a: Rotom-Wash|141\/241\n|\n|turn|14\n|\n|move|p2a: Rotom-Wash|Volt Switch|p1a: Oh Snap! She\n|-damage|p1a: Oh Snap! She|611\/704\n|\n|switch|p2a: Metagross|Metagross-Mega|301\/301\n|-damage|p2a: Metagross|283\/301|[from] Stealth Rock\n|move|p1a: Oh Snap! She|Seismic Toss|p2a: Metagross\n|-damage|p2a: Metagross|183\/301\n|\n|turn|15\n|\n|switch|p1a: Google+|Rotom-Wash|304\/304\n|move|p2a: Metagross|Zen Headbutt|p1a: Google+\n|-damage|p1a: Google+|157\/304\n|\n|turn|16\n|\n|switch|p2a: Sylveon|Sylveon, M|340\/340\n|-damage|p2a: Sylveon|298\/340|[from] Stealth Rock\n|move|p1a: Google+|Volt Switch|p2a: Sylveon\n|-damage|p2a: Sylveon|232\/340\n|\n|switch|p1a: EXPRESS|Excadrill, F, shiny|47\/361\n|-ability|p1a: EXPRESS|Mold Breaker\n|\n|turn|17\n|\n|move|p1a: EXPRESS|Earthquake|p2a: Sylveon\n|-damage|p2a: Sylveon|0 fnt\n|faint|p2a: Sylveon\n|\n|\n|switch|p2a: Mandibuzz|Mandibuzz, F|423\/423\n|-damage|p2a: Mandibuzz|318\/423|[from] Stealth Rock\n|turn|18\n|\n|switch|p1a: Oh Snap! She|Chansey, F|611\/704\n|move|p2a: Mandibuzz|Foul Play|p1a: Oh Snap! She\n|-damage|p1a: Oh Snap! She|580\/704\n|\n|turn|19\n|\n|move|p1a: Oh Snap! She|Seismic Toss|p2a: Mandibuzz\n|-damage|p2a: Mandibuzz|218\/423\n|-damage|p1a: Oh Snap! She|463\/704|[from] item: Rocky Helmet|[of] p2a: Mandibuzz\n|move|p2a: Mandibuzz|Roost|p2a: Mandibuzz\n|-heal|p2a: Mandibuzz|423\/423\n|\n|turn|20\n|\n|switch|p1a: Banned|Thundurus, M|35\/299\n|move|p2a: Mandibuzz|Foul Play|p1a: Banned\n|-damage|p1a: Banned|0 fnt\n|faint|p1a: Banned\n|\n|\n|switch|p1a: Google+|Rotom-Wash|157\/304\n|turn|21\n|\n|move|p1a: Google+|Will-O-Wisp|p2a: Mandibuzz\n|-status|p2a: Mandibuzz|brn\n|move|p2a: Mandibuzz|Roost|p2a: Mandibuzz\n|-fail|p2a: Mandibuzz\n|\n|-damage|p2a: Mandibuzz|371\/423 brn|[from] brn\n|turn|22\n|\n|move|p1a: Google+|Hydro Pump|p2a: Mandibuzz\n|-damage|p2a: Mandibuzz|229\/423 brn\n|move|p2a: Mandibuzz|Foul Play|p1a: Google+\n|-damage|p1a: Google+|136\/304\n|\n|-damage|p2a: Mandibuzz|177\/423 brn|[from] brn\n|turn|23\n|\n|move|p1a: Google+|Rest|p1a: Google+\n|-status|p1a: Google+|slp\n|-heal|p1a: Google+|304\/304 slp|[silent]\n|-status|p1a: Google+|slp|[from] move: Rest\n|-enditem|p1a: Google+|Chesto Berry|[eat]\n|-curestatus|p1a: Google+|slp\n|move|p2a: Mandibuzz|Roost|p2a: Mandibuzz\n|-heal|p2a: Mandibuzz|389\/423 brn\n|\n|-damage|p2a: Mandibuzz|337\/423 brn|[from] brn\n|turn|24\n|\n|switch|p2a: Serperior|Serperior, M|292\/292\n|-damage|p2a: Serperior|256\/292|[from] Stealth Rock\n|move|p1a: Google+|Hydro Pump|p2a: Serperior\n|-crit|p2a: Serperior\n|-resisted|p2a: Serperior\n|-damage|p2a: Serperior|152\/292\n|\n|turn|25\n|\n|switch|p1a: Deku King|Venusaur-Mega, M|302\/363\n|move|p2a: Serperior|Leaf Storm|p1a: Deku King\n|-resisted|p1a: Deku King\n|-damage|p1a: Deku King|272\/363\n|-boost|p2a: Serperior|spa|2\n|\n|turn|26\n|\n|switch|p2a: Metagross|Metagross-Mega|183\/301\n|-damage|p2a: Metagross|165\/301|[from] Stealth Rock\n|move|p1a: Deku King|Leech Seed|p2a: Metagross|[miss]\n|-miss|p1a: Deku King|p2a: Metagross\n|\n|turn|27\n|\n|switch|p1a: Oh Snap! She|Chansey, F|463\/704\n|move|p2a: Metagross|Zen Headbutt|p1a: Oh Snap! She\n|-damage|p1a: Oh Snap! She|0 fnt\n|faint|p1a: Oh Snap! She\n|\n|\n|switch|p1a: Google+|Rotom-Wash|304\/304\n|turn|28\n|\n|switch|p2a: Serperior|Serperior, M|152\/292\n|-damage|p2a: Serperior|116\/292|[from] Stealth Rock\n|-enditem|p2a: Serperior|Sitrus Berry|[eat]\n|-heal|p2a: Serperior|189\/292|[from] item: Sitrus Berry\n|move|p1a: Google+|Volt Switch|p2a: Serperior\n|-resisted|p2a: Serperior\n|-damage|p2a: Serperior|147\/292\n|\n|switch|p1a: Deku King|Venusaur-Mega, M|272\/363\n|\n|turn|29\n|\n|switch|p2a: Mandibuzz|Mandibuzz, F|337\/423 brn\n|-damage|p2a: Mandibuzz|232\/423 brn|[from] Stealth Rock\n|switch|p1a: EXPRESS|Excadrill, F, shiny|47\/361\n|-ability|p1a: EXPRESS|Mold Breaker\n|\n|-damage|p2a: Mandibuzz|180\/423 brn|[from] brn\n|turn|30\n|\n|switch|p2a: Rotom-Wash|Rotom-Wash|141\/241\n|-damage|p2a: Rotom-Wash|111\/241|[from] Stealth Rock\n|move|p1a: EXPRESS|Rock Slide|p2a: Rotom-Wash\n|-damage|p2a: Rotom-Wash|17\/241\n|\n|turn|31\n|\n|move|p1a: EXPRESS|Rock Slide|p2a: Rotom-Wash\n|-damage|p2a: Rotom-Wash|0 fnt\n|faint|p2a: Rotom-Wash\n|\n|\n|switch|p2a: Metagross|Metagross-Mega|165\/301\n|-damage|p2a: Metagross|147\/301|[from] Stealth Rock\n|turn|32\n|\n|switch|p1a: Google+|Rotom-Wash|304\/304\n|move|p2a: Metagross|Power-Up Punch|p1a: Google+\n|-damage|p1a: Google+|259\/304\n|-boost|p2a: Metagross|atk|1\n|\n|turn|33\n|\n|move|p2a: Metagross|Zen Headbutt|p1a: Google+\n|-damage|p1a: Google+|37\/304\n|move|p1a: Google+|Will-O-Wisp|p2a: Metagross\n|-status|p2a: Metagross|brn\n|\n|-damage|p2a: Metagross|110\/301 brn|[from] brn\n|turn|34\n|\n|move|p2a: Metagross|Zen Headbutt|p1a: Google+|[miss]\n|-miss|p2a: Metagross|p1a: Google+\n|move|p1a: Google+|Rest|p1a: Google+\n|-status|p1a: Google+|slp\n|-heal|p1a: Google+|304\/304 slp|[silent]\n|-status|p1a: Google+|slp|[from] move: Rest\n|\n|-damage|p2a: Metagross|73\/301 brn|[from] brn\n|turn|35\n|\n|switch|p2a: Serperior|Serperior, M|147\/292\n|-damage|p2a: Serperior|111\/292|[from] Stealth Rock\n|cant|p1a: Google+|slp\n|\n|turn|36\n|-message|darwintree forfeited.\n|\n|win|The Teal Scizor\n|raw|Ladder updating...\n|leave|darwintree\n|player|p2\n|raw|The Teal Scizor's rating: 1335 &rarr; <strong>1358<\/strong><br \/>(+23 for winning)\n|raw|darwintree's rating: 1381 &rarr; <strong>1359<\/strong><br \/>(-22 for losing)","inputlog":null,"uploadtime":1435059283,"views":4,"p1id":"thetealscizor","p2id":"darwintree","formatid":"ou","rating":1358,"private":0,"password":null}