{"id":"ou-215403974","p1":"F0G","p2":"Ohmboy Tesla","format":"ou","log":"|join|F0G\n|join|Ohmboy Tesla\n|player|p1|F0G|101\n|player|p2|Ohmboy Tesla|136\n|gametype|singles\n|gen|6\n|tier|OU\n|rated\n|clearpoke\n|poke|p1|Garchomp, M\n|poke|p1|Charizard, M\n|poke|p1|Breloom, F\n|poke|p1|Rotom-Wash\n|poke|p1|Tyranitar, M\n|poke|p1|Cloyster, F\n|poke|p2|Venusaur, F\n|poke|p2|Entei, shiny\n|poke|p2|Swampert, M\n|poke|p2|Hydreigon, F\n|poke|p2|Togekiss, F\n|poke|p2|Scizor, M\n|rule|Swagger Clause: Swagger is banned\n|rule|Baton Pass Clause: Limit one Pok\u00e9mon knowing Baton Pass\n|rule|Sleep Clause Mod: Limit one foe put to sleep\n|rule|Species Clause: Limit one of each Pok\u00e9mon\n|rule|OHKO Clause: OHKO moves are banned\n|rule|Moody Clause: Moody is banned\n|rule|Evasion Moves Clause: Evasion moves are banned\n|rule|Endless Battle Clause: Forcing endless battles is banned\n|rule|HP Percentage Mod: HP is shown in percentages\n|teampreview\n|\n|start\n|switch|p1a: Charizard|Charizard, M|298\/298\n|switch|p2a: Do You Even Liek|Swampert, M|401\/401\n|turn|1\n|\n|switch|p2a: Rufus|Entei, shiny|386\/386\n|-ability|p2a: Rufus|Pressure\n|detailschange|p1a: Charizard|Charizard-Mega-Y, M\n|-mega|p1a: Charizard|Charizard|Charizardite Y\n|-weather|SunnyDay\n|move|p1a: Charizard|Solar Beam|p2a: Rufus|[still]\n|-prepare|p1a: Charizard|Solar Beam|p2a: Rufus\n|-anim|p1a: Charizard|Solar Beam|p2a: Rufus\n|-resisted|p2a: Rufus\n|-damage|p2a: Rufus|287\/386\n|\n|-weather|SunnyDay|[upkeep]\n|-heal|p2a: Rufus|311\/386|[from] item: Leftovers\n|turn|2\n|\n|move|p1a: Charizard|Air Slash|p2a: Rufus\n|-damage|p2a: Rufus|121\/386\n|move|p2a: Rufus|Sacred Fire|p1a: Charizard\n|-resisted|p1a: Charizard\n|-damage|p1a: Charizard|142\/298\n|\n|-weather|SunnyDay|[upkeep]\n|-heal|p2a: Rufus|145\/386|[from] item: Leftovers\n|turn|3\n|\n|move|p2a: Rufus|Extreme Speed|p1a: Charizard\n|-damage|p1a: Charizard|16\/298\n|move|p1a: Charizard|Flamethrower|p2a: Rufus\n|-resisted|p2a: Rufus\n|-damage|p2a: Rufus|0 fnt\n|faint|p2a: Rufus\n|\n|-weather|SunnyDay|[upkeep]\n|\n|switch|p2a: Precious|Hydreigon, F|349\/349\n|turn|4\n|\n|move|p2a: Precious|U-turn|p1a: Charizard\n|-resisted|p1a: Charizard\n|-damage|p1a: Charizard|2\/298\n|\n|switch|p2a: no more tears|Togekiss, F|373\/373\n|move|p1a: Charizard|Focus Blast|p2a: no more tears\n|-resisted|p2a: no more tears\n|-damage|p2a: no more tears|346\/373\n|\n|-weather|SunnyDay|[upkeep]\n|-heal|p2a: no more tears|369\/373|[from] item: Leftovers\n|turn|5\n|\n|move|p1a: Charizard|Flamethrower|p2a: no more tears\n|-damage|p2a: no more tears|189\/373\n|move|p2a: no more tears|Dazzling Gleam|p1a: Charizard\n|-resisted|p1a: Charizard\n|-damage|p1a: Charizard|0 fnt\n|faint|p1a: Charizard\n|\n|-weather|none\n|-heal|p2a: no more tears|212\/373|[from] item: Leftovers\n|\n|switch|p1a: Cloyster|Cloyster, F|241\/241\n|turn|6\n|\n|move|p1a: Cloyster|Shell Smash|p1a: Cloyster\n|-boost|p1a: Cloyster|atk|2\n|-boost|p1a: Cloyster|spa|2\n|-boost|p1a: Cloyster|spe|2\n|-unboost|p1a: Cloyster|def|1\n|-unboost|p1a: Cloyster|spd|1\n|move|p2a: no more tears|Thunder Wave|p1a: Cloyster\n|-status|p1a: Cloyster|par\n|\n|-heal|p2a: no more tears|235\/373|[from] item: Leftovers\n|turn|7\n|\n|move|p2a: no more tears|Air Slash|p1a: Cloyster\n|-enditem|p1a: Cloyster|Focus Sash\n|-damage|p1a: Cloyster|1\/241 par\n|cant|p1a: Cloyster|flinch\n|\n|-heal|p2a: no more tears|258\/373|[from] item: Leftovers\n|turn|8\n|\n|move|p1a: Cloyster|Ice Shard|p2a: no more tears\n|-supereffective|p2a: no more tears\n|-damage|p2a: no more tears|12\/373\n|move|p2a: no more tears|Dazzling Gleam|p1a: Cloyster\n|-damage|p1a: Cloyster|0 fnt\n|faint|p1a: Cloyster\n|\n|-heal|p2a: no more tears|35\/373|[from] item: Leftovers\n|\n|switch|p1a: Rotom-Wash|Rotom-Wash|304\/304\n|turn|9\n|\n|switch|p2a: Do You Even Liek|Swampert, M|401\/401\n|move|p1a: Rotom-Wash|Volt Switch|p2a: Do You Even Liek\n|-immune|p2a: Do You Even Liek|[msg]\n|\n|turn|10\n|\n|switch|p1a: Breloom|Breloom, F|324\/324\n|move|p2a: Do You Even Liek|Toxic|p1a: Breloom\n|-status|p1a: Breloom|tox\n|\n|-damage|p1a: Breloom|304\/324 tox|[from] psn\n|turn|11\n|\n|switch|p2a: Berta|Venusaur, F|363\/363\n|move|p1a: Breloom|Bullet Seed|p2a: Berta\n|-resisted|p2a: Berta\n|-damage|p2a: Berta|342\/363\n|-resisted|p2a: Berta\n|-damage|p2a: Berta|323\/363\n|-resisted|p2a: Berta\n|-damage|p2a: Berta|305\/363\n|-hitcount|p2a: Berta|3\n|-damage|p1a: Breloom|272\/324 tox|[from] item: Life Orb\n|\n|-damage|p1a: Breloom|232\/324 tox|[from] psn\n|turn|12\n|\n|detailschange|p2a: Berta|Venusaur-Mega, F\n|-mega|p2a: Berta|Venusaur|Venusaurite\n|move|p2a: Berta|Sludge Bomb|p1a: Breloom\n|-supereffective|p1a: Breloom\n|-damage|p1a: Breloom|0 fnt\n|faint|p1a: Breloom\n|\n|\n|switch|p1a: Tyranitar|Tyranitar, M|404\/404\n|-weather|Sandstorm\n|turn|13\n|\n|move|p2a: Berta|Leech Seed|p1a: Tyranitar\n|-start|p1a: Tyranitar|move: Leech Seed\n|move|p1a: Tyranitar|Crunch|p2a: Berta\n|-damage|p2a: Berta|205\/363\n|\n|-weather|Sandstorm|[upkeep]\n|-damage|p2a: Berta|183\/363|[from] sandstorm\n|-damage|p1a: Tyranitar|354\/404|[from] Leech Seed|[of] p2a: Berta\n|-heal|p2a: Berta|233\/363|[silent]\n|turn|14\n|\n|move|p2a: Berta|Giga Drain|p1a: Tyranitar\n|-supereffective|p1a: Tyranitar\n|-damage|p1a: Tyranitar|256\/404\n|-heal|p2a: Berta|282\/363|[from] drain|[of] p1a: Tyranitar\n|move|p1a: Tyranitar|Stone Edge|p2a: Berta|[miss]\n|-miss|p1a: Tyranitar|p2a: Berta\n|\n|-weather|Sandstorm|[upkeep]\n|-damage|p2a: Berta|260\/363|[from] sandstorm\n|-damage|p1a: Tyranitar|206\/404|[from] Leech Seed|[of] p2a: Berta\n|-heal|p2a: Berta|310\/363|[silent]\n|turn|15\n|\n|switch|p2a: Menace|Scizor, M|343\/343\n|move|p1a: Tyranitar|Stone Edge|p2a: Menace\n|-damage|p2a: Menace|126\/343\n|\n|-weather|Sandstorm|[upkeep]\n|-heal|p2a: Menace|147\/343|[from] item: Leftovers\n|-damage|p1a: Tyranitar|156\/404|[from] Leech Seed|[of] p2a: Menace\n|-heal|p2a: Menace|197\/343|[silent]\n|turn|16\n|\n|move|p2a: Menace|Bullet Punch|p1a: Tyranitar\n|-supereffective|p1a: Tyranitar\n|-damage|p1a: Tyranitar|0 fnt\n|faint|p1a: Tyranitar\n|\n|-weather|Sandstorm|[upkeep]\n|-heal|p2a: Menace|218\/343|[from] item: Leftovers\n|\n|switch|p1a: Rotom-Wash|Rotom-Wash|304\/304\n|turn|17\n|\n|move|p1a: Rotom-Wash|Thunderbolt|p2a: Menace\n|-damage|p2a: Menace|0 fnt\n|faint|p2a: Menace\n|\n|-weather|none\n|\n|switch|p2a: Do You Even Liek|Swampert, M|401\/401\n|turn|18\n|\n|switch|p1a: Garchomp|Garchomp, M|358\/358\n|move|p2a: Do You Even Liek|Toxic|p1a: Garchomp\n|-status|p1a: Garchomp|tox\n|\n|-damage|p1a: Garchomp|336\/358 tox|[from] psn\n|turn|19\n|\n|move|p1a: Garchomp|Poison Jab|p2a: Do You Even Liek\n|-resisted|p2a: Do You Even Liek\n|-damage|p2a: Do You Even Liek|343\/401\n|-status|p2a: Do You Even Liek|psn\n|move|p2a: Do You Even Liek|Earthquake|p1a: Garchomp\n|-crit|p1a: Garchomp\n|-damage|p1a: Garchomp|132\/358 tox\n|\n|-heal|p2a: Do You Even Liek|368\/401 psn|[from] item: Leftovers\n|-damage|p1a: Garchomp|88\/358 tox|[from] psn\n|-damage|p2a: Do You Even Liek|318\/401 psn|[from] psn\n|turn|20\n|\n|switch|p1a: Rotom-Wash|Rotom-Wash|304\/304\n|move|p2a: Do You Even Liek|Stealth Rock|p1a: Rotom-Wash\n|-sidestart|p1: F0G|move: Stealth Rock\n|\n|-heal|p2a: Do You Even Liek|343\/401 psn|[from] item: Leftovers\n|-damage|p2a: Do You Even Liek|293\/401 psn|[from] psn\n|turn|21\n|\n|move|p1a: Rotom-Wash|Hydro Pump|p2a: Do You Even Liek\n|-damage|p2a: Do You Even Liek|0 fnt\n|faint|p2a: Do You Even Liek\n|\n|\n|switch|p2a: Berta|Venusaur-Mega, F|310\/363\n|turn|22\n|\n|move|p1a: Rotom-Wash|Hydro Pump|p2a: Berta\n|-resisted|p2a: Berta\n|-damage|p2a: Berta|195\/363\n|move|p2a: Berta|Giga Drain|p1a: Rotom-Wash\n|-supereffective|p1a: Rotom-Wash\n|-damage|p1a: Rotom-Wash|112\/304\n|-heal|p2a: Berta|291\/363|[from] drain|[of] p1a: Rotom-Wash\n|\n|turn|23\n|\n|move|p1a: Rotom-Wash|Hydro Pump|p2a: Berta|[miss]\n|-miss|p1a: Rotom-Wash|p2a: Berta\n|move|p2a: Berta|Giga Drain|p1a: Rotom-Wash\n|-supereffective|p1a: Rotom-Wash\n|-damage|p1a: Rotom-Wash|0 fnt\n|-heal|p2a: Berta|347\/363|[from] drain|[of] p1a: Rotom-Wash\n|faint|p1a: Rotom-Wash\n|\n|\n|switch|p1a: Garchomp|Garchomp, M|88\/358 tox\n|-damage|p1a: Garchomp|66\/358 tox|[from] Stealth Rock\n|turn|24\n|\n|move|p1a: Garchomp|Outrage|p2a: Berta\n|-damage|p2a: Berta|133\/363\n|move|p2a: Berta|Giga Drain|p1a: Garchomp\n|-damage|p1a: Garchomp|0 fnt\n|-heal|p2a: Berta|166\/363|[from] drain|[of] p1a: Garchomp\n|faint|p1a: Garchomp\n|\n|win|Ohmboy Tesla\n|raw|Ladder updating...\n|raw|F0G's rating: 1490 &rarr; <strong>1473<\/strong><br \/>(-17 for losing)\n|raw|Ohmboy Tesla's rating: 1537 &rarr; <strong>1554<\/strong><br \/>(+17 for winning)\n|c|\u2605Ohmboy Tesla|gg\n|leave|F0G\n|player|p1","inputlog":null,"uploadtime":1425459650,"views":0,"p1id":"f0g","p2id":"ohmboytesla","formatid":"ou","rating":1473,"private":0,"password":null}