{"id":"ou-253461290","p1":"SWiggity8456","p2":"The Teal Scizor","format":"ou","log":"|join|SWiggity8456\n|join|The Teal Scizor\n|player|p1|SWiggity8456|102\n|player|p2|The Teal Scizor|270\n|gametype|singles\n|gen|6\n|tier|OU\n|clearpoke\n|poke|p1|Gogoat, M, shiny\n|poke|p1|Luxray, F, shiny\n|poke|p1|Dragonite, F, shiny\n|poke|p1|Aggron, M, shiny\n|poke|p1|Talonflame, F, shiny\n|poke|p1|Aerodactyl, M\n|poke|p2|Ferrothorn, F, shiny\n|poke|p2|Rotom-Wash, shiny\n|poke|p2|Sceptile, M\n|poke|p2|Talonflame, F\n|poke|p2|Starmie\n|poke|p2|Keldeo-Resolute, shiny\n|rule|Swagger Clause: Swagger is banned\n|rule|Baton Pass Clause: Limit one Baton Passer, can't pass Spe and other stats simultaneously\n|rule|Sleep Clause Mod: Limit one foe put to sleep\n|rule|Species Clause: Limit one of each Pok\u00e9mon\n|rule|OHKO Clause: OHKO moves are banned\n|rule|Moody Clause: Moody is banned\n|rule|Evasion Moves Clause: Evasion moves are banned\n|rule|Endless Battle Clause: Forcing endless battles is banned\n|rule|HP Percentage Mod: HP is shown in percentages\n|teampreview\n|\n|start\n|switch|p1a: Luxray|Luxray, F, shiny|301\/301\n|switch|p2a: DaNGeR|Ferrothorn, F, shiny|352\/352\n|turn|1\n|join|AM22\n|\n|move|p1a: Luxray|Substitute|p1a: Luxray\n|-start|p1a: Luxray|Substitute\n|-damage|p1a: Luxray|226\/301\n|move|p2a: DaNGeR|Stealth Rock|p1a: Luxray\n|-sidestart|p1: SWiggity8456|move: Stealth Rock\n|\n|turn|2\n|\n|move|p1a: Luxray|Superpower|p2a: DaNGeR\n|-supereffective|p2a: DaNGeR\n|-damage|p2a: DaNGeR|157\/352\n|-damage|p1a: Luxray|189\/301|[from] ability: Iron Barbs|[of] p2a: DaNGeR\n|-unboost|p1a: Luxray|atk|1\n|-unboost|p1a: Luxray|def|1\n|-damage|p1a: Luxray|159\/301|[from] item: Life Orb\n|move|p2a: DaNGeR|Gyro Ball|p1a: Luxray\n|-resisted|p1a: Luxray\n|-end|p1a: Luxray|Substitute\n|\n|-heal|p2a: DaNGeR|179\/352|[from] item: Leftovers\n|turn|3\n|\n|switch|p2a: Google+|Rotom-Wash, shiny|304\/304\n|move|p1a: Luxray|Superpower|p2a: Google+\n|-damage|p2a: Google+|235\/304\n|-unboost|p1a: Luxray|atk|1\n|-unboost|p1a: Luxray|def|1\n|-damage|p1a: Luxray|129\/301|[from] item: Life Orb\n|\n|turn|4\n|\n|move|p2a: Google+|Volt Switch|p1a: Luxray\n|-resisted|p1a: Luxray\n|-damage|p1a: Luxray|75\/301\n|\n|switch|p2a: DaNGeR|Ferrothorn, F, shiny|179\/352\n|move|p1a: Luxray|Crunch|p2a: DaNGeR\n|-damage|p2a: DaNGeR|148\/352\n|-damage|p1a: Luxray|38\/301|[from] ability: Iron Barbs|[of] p2a: DaNGeR\n|-damage|p1a: Luxray|8\/301|[from] item: Life Orb\n|\n|-heal|p2a: DaNGeR|170\/352|[from] item: Leftovers\n|turn|5\n|\n|switch|p2a: Google+|Rotom-Wash, shiny|235\/304\n|move|p1a: Luxray|Superpower|p2a: Google+\n|-damage|p2a: Google+|190\/304\n|-unboost|p1a: Luxray|atk|1\n|-unboost|p1a: Luxray|def|1\n|-damage|p1a: Luxray|0 fnt|[from] item: Life Orb\n|faint|p1a: Luxray\n|\n|\n|switch|p1a: Aerodactyl|Aerodactyl, M|301\/301\n|-damage|p1a: Aerodactyl|226\/301|[from] Stealth Rock\n|turn|6\n|c|\u2605The Teal Scizor|Also\n|c|\u2605The Teal Scizor|gl hf\n|c|\u2605The Teal Scizor|forgot to say that\n|\n|move|p1a: Aerodactyl|Stone Edge|p2a: Google+|[miss]\n|-miss|p1a: Aerodactyl|p2a: Google+\n|move|p2a: Google+|Volt Switch|p1a: Aerodactyl\n|-supereffective|p1a: Aerodactyl\n|-damage|p1a: Aerodactyl|22\/301\n|c|\u2605SWiggity8456|u too\\\n|c|\u2605The Teal Scizor|sorry for miss\n|\n|switch|p2a: DaNGeR|Ferrothorn, F, shiny|170\/352\n|\n|-heal|p2a: DaNGeR|192\/352|[from] item: Leftovers\n|turn|7\n|\n|move|p1a: Aerodactyl|Earthquake|p2a: DaNGeR\n|-damage|p2a: DaNGeR|121\/352\n|move|p2a: DaNGeR|Leech Seed|p1a: Aerodactyl\n|-start|p1a: Aerodactyl|move: Leech Seed\n|\n|-heal|p2a: DaNGeR|143\/352|[from] item: Leftovers\n|-damage|p1a: Aerodactyl|0 fnt|[from] Leech Seed|[of] p2a: DaNGeR\n|-heal|p2a: DaNGeR|165\/352|[silent]\n|faint|p1a: Aerodactyl\n|\n|switch|p1a: Dragonite|Dragonite, F, shiny|323\/323\n|-damage|p1a: Dragonite|243\/323|[from] Stealth Rock\n|turn|8\n|\n|move|p1a: Dragonite|Fire Punch|p2a: DaNGeR\n|-supereffective|p2a: DaNGeR\n|-damage|p2a: DaNGeR|0 fnt\n|-damage|p1a: Dragonite|203\/323|[from] ability: Iron Barbs|[of] p2a: DaNGeR\n|faint|p2a: DaNGeR\n|\n|\n|switch|p2a: New Leaf|Sceptile, M|281\/281\n|turn|9\n|\n|detailschange|p2a: New Leaf|Sceptile-Mega, M\n|-mega|p2a: New Leaf|Sceptile|Sceptilite\n|move|p2a: New Leaf|Dragon Pulse|p1a: Dragonite\n|-supereffective|p1a: Dragonite\n|-damage|p1a: Dragonite|0 fnt\n|faint|p1a: Dragonite\n|\n|\n|switch|p1a: Talonflame|Talonflame, F, shiny|297\/297\n|-damage|p1a: Talonflame|149\/297|[from] Stealth Rock\n|turn|10\n|\n|switch|p2a: Google+|Rotom-Wash, shiny|190\/304\n|move|p1a: Talonflame|Flare Blitz|p2a: Google+\n|-resisted|p2a: Google+\n|-damage|p2a: Google+|140\/304\n|-damage|p1a: Talonflame|132\/297|[from] recoil|[of] p2a: Google+\n|\n|turn|11\n|\n|move|p1a: Talonflame|Brave Bird|p2a: Google+\n|-resisted|p2a: Google+\n|-damage|p2a: Google+|77\/304\n|-damage|p1a: Talonflame|111\/297|[from] recoil|[of] p2a: Google+\n|move|p2a: Google+|Rest|p2a: Google+\n|-status|p2a: Google+|slp\n|-heal|p2a: Google+|304\/304 slp|[silent]\n|-status|p2a: Google+|slp|[from] move: Rest\n|-enditem|p2a: Google+|Chesto Berry|[eat]\n|-curestatus|p2a: Google+|slp\n|\n|turn|12\n|\n|move|p1a: Talonflame|Roost|p1a: Talonflame\n|-heal|p1a: Talonflame|260\/297\n|move|p2a: Google+|Volt Switch|p1a: Talonflame\n|-damage|p1a: Talonflame|149\/297\n|\n|switch|p2a: It's Mie|Starmie|261\/261\n|\n|turn|13\n|c|\u2605The Teal Scizor|good play\n|\n|switch|p2a: Google+|Rotom-Wash, shiny|304\/304\n|move|p1a: Talonflame|Swords Dance|p1a: Talonflame\n|-boost|p1a: Talonflame|atk|2\n|\n|turn|14\n|\n|move|p1a: Talonflame|Swords Dance|p1a: Talonflame\n|-boost|p1a: Talonflame|atk|2\n|move|p2a: Google+|Hydro Pump|p1a: Talonflame|[miss]\n|-miss|p2a: Google+|p1a: Talonflame\n|\n|turn|15\n|c|\u2605The Teal Scizor|good play on SD\n|\n|move|p1a: Talonflame|Roost|p1a: Talonflame\n|-heal|p1a: Talonflame|297\/297\n|move|p2a: Google+|Volt Switch|p1a: Talonflame\n|-damage|p1a: Talonflame|185\/297\n|c|\u2605SWiggity8456|thnx\n|\n|switch|p2a: It's Mie|Starmie|261\/261\n|\n|turn|16\n|\n|move|p1a: Talonflame|Swords Dance|p1a: Talonflame\n|-boost|p1a: Talonflame|atk|2\n|move|p2a: It's Mie|Hydro Pump|p1a: Talonflame\n|-supereffective|p1a: Talonflame\n|-damage|p1a: Talonflame|0 fnt\n|-damage|p2a: It's Mie|235\/261|[from] item: Life Orb\n|faint|p1a: Talonflame\n|\n|c|\u2605SWiggity8456|damn\n|\n|switch|p1a: Gogoat|Gogoat, M, shiny|449\/449\n|-damage|p1a: Gogoat|393\/449|[from] Stealth Rock\n|turn|17\n|c|\u2605The Teal Scizor|should've definitely attacked\n|\n|move|p2a: It's Mie|Ice Beam|p1a: Gogoat\n|-supereffective|p1a: Gogoat\n|-damage|p1a: Gogoat|208\/449\n|-damage|p2a: It's Mie|209\/261|[from] item: Life Orb\n|move|p1a: Gogoat|Bulk Up|p1a: Gogoat\n|-boost|p1a: Gogoat|atk|1\n|-boost|p1a: Gogoat|def|1\n|\n|turn|18\n|c|\u2605SWiggity8456|lol\n|\n|move|p2a: It's Mie|Ice Beam|p1a: Gogoat\n|-supereffective|p1a: Gogoat\n|-damage|p1a: Gogoat|10\/449\n|-damage|p2a: It's Mie|183\/261|[from] item: Life Orb\n|move|p1a: Gogoat|Milk Drink|p1a: Gogoat\n|-heal|p1a: Gogoat|235\/449\n|\n|turn|19\n|\n|move|p2a: It's Mie|Ice Beam|p1a: Gogoat\n|-supereffective|p1a: Gogoat\n|-damage|p1a: Gogoat|58\/449\n|-damage|p2a: It's Mie|157\/261|[from] item: Life Orb\n|move|p1a: Gogoat|Milk Drink|p1a: Gogoat\n|-heal|p1a: Gogoat|283\/449\n|\n|turn|20\n|\n|move|p2a: It's Mie|Ice Beam|p1a: Gogoat\n|-supereffective|p1a: Gogoat\n|-damage|p1a: Gogoat|80\/449\n|-damage|p2a: It's Mie|131\/261|[from] item: Life Orb\n|move|p1a: Gogoat|Bulk Up|p1a: Gogoat\n|-boost|p1a: Gogoat|atk|1\n|-boost|p1a: Gogoat|def|1\n|\n|turn|21\n|\n|move|p2a: It's Mie|Ice Beam|p1a: Gogoat\n|-supereffective|p1a: Gogoat\n|-damage|p1a: Gogoat|0 fnt\n|-damage|p2a: It's Mie|105\/261|[from] item: Life Orb\n|faint|p1a: Gogoat\n|\n|c|\u2605The Teal Scizor|damn\n|\n|switch|p1a: Aggron|Aggron, M, shiny|343\/343\n|-damage|p1a: Aggron|322\/343|[from] Stealth Rock\n|turn|22\n|\n|detailschange|p1a: Aggron|Aggron-Mega, M, shiny\n|-mega|p1a: Aggron|Aggron|Aggronite\n|move|p2a: It's Mie|Hydro Pump|p1a: Aggron\n|-damage|p1a: Aggron|52\/343\n|-damage|p2a: It's Mie|79\/261|[from] item: Life Orb\n|move|p1a: Aggron|Heavy Slam|p2a: It's Mie\n|-resisted|p2a: It's Mie\n|-damage|p2a: It's Mie|0 fnt\n|faint|p2a: It's Mie\n|\n|\n|switch|p2a: New Leaf|Sceptile-Mega, M|281\/281\n|turn|23\n|c|\u2605SWiggity8456|gg\n|\n|move|p2a: New Leaf|Energy Ball|p1a: Aggron\n|-resisted|p1a: Aggron\n|-damage|p1a: Aggron|0 fnt\n|faint|p1a: Aggron\n|\n|win|The Teal Scizor\n|c|\u2605The Teal Scizor|gg","inputlog":null,"uploadtime":1438003678,"views":1,"p1id":"swiggity8456","p2id":"thetealscizor","formatid":"ou","rating":0,"private":0,"password":null}