{"id":"ou-376228782","p1":"Omari P","p2":"Amaterus","format":"ou","log":"|j|Omari P\n|j|Amaterus\n|player|p1|Omari P|194\n|player|p2|Amaterus|#zinnia\n|gametype|singles\n|gen|6\n|tier|OU\n|rated\n|seed|\n|clearpoke\n|poke|p1|Hoopa|item\n|poke|p1|Mew, shiny|item\n|poke|p1|Charizard, F, shiny|item\n|poke|p1|Empoleon, M|item\n|poke|p1|Mandibuzz, F|item\n|poke|p1|Staraptor, F|item\n|poke|p2|Charizard, M|item\n|poke|p2|Clefable, M, shiny|item\n|poke|p2|Skarmory, M, shiny|item\n|poke|p2|Mandibuzz, F, shiny|item\n|poke|p2|Gastrodon, M, shiny|item\n|poke|p2|Serperior, M, shiny|item\n|rule|Swagger Clause: Swagger is banned\n|rule|Baton Pass Clause: Limit one Baton Passer, can't pass Spe and other stats simultaneously\n|rule|Sleep Clause Mod: Limit one foe put to sleep\n|rule|Species Clause: Limit one of each Pok\u00e9mon\n|rule|OHKO Clause: OHKO moves are banned\n|rule|Moody Clause: Moody is banned\n|rule|Evasion Moves Clause: Evasion moves are banned\n|rule|Endless Battle Clause: Forcing endless battles is banned\n|rule|HP Percentage Mod: HP is shown in percentages\n|teampreview\n|c|\u2605Amaterus|ah bro\n|c|\u2605Amaterus|i dont go by storm zone anymore\n|c|\u2605Amaterus|its amaterus now\n|j|zanogt\n|c|\u2605Amaterus|:]]\n|c|\u2605Omari P|lol\n|c|\u2605Omari P|nice\n|c|\u2605Omari P|round 7\n|choice||\n|\n|start\n|switch|p1a: Bird Jesus|Staraptor, F|100\/100\n|switch|p2a: Sage|Charizard, M|100\/100\n|turn|1\n|choice||\n|\n|switch|p2a: Raptor|Skarmory, M, shiny|100\/100\n|move|p1a: Bird Jesus|Double-Edge|p2a: Raptor\n|-resisted|p2a: Raptor\n|-damage|p2a: Raptor|78\/100\n|-damage|p1a: Bird Jesus|84\/100|[from] item: Rocky Helmet|[of] p2a: Raptor\n|-damage|p1a: Bird Jesus|76\/100|[from] recoil|[of] p2a: Raptor\n|\n|turn|2\n|choice||\n|\n|switch|p1a: Replaceable|Empoleon, M|100\/100\n|move|p2a: Raptor|Stealth Rock|p1a: Replaceable\n|-sidestart|p1: Omari P|move: Stealth Rock\n|\n|turn|3\n|choice||\n|\n|switch|p2a: Sage|Charizard, M|100\/100\n|move|p1a: Replaceable|Scald|p2a: Sage\n|-supereffective|p2a: Sage\n|-damage|p2a: Sage|0 fnt\n|faint|p2a: Sage\n|\n|c|\u2605Omari P|nope\n|choice||\n|\n|switch|p2a: Serpent|Serperior, M, shiny|100\/100\n|turn|4\n|c|\u2605Omari P|not today\n|choice||\n|\n|move|p2a: Serpent|Leaf Storm|p1a: Replaceable\n|-damage|p1a: Replaceable|62\/100\n|-boost|p2a: Serpent|spa|2\n|move|p1a: Replaceable|Ice Beam|p2a: Serpent\n|-supereffective|p2a: Serpent\n|-damage|p2a: Serpent|39\/100\n|\n|-heal|p2a: Serpent|45\/100|[from] item: Leftovers\n|turn|5\n|choice||\n|\n|move|p2a: Serpent|Leaf Storm|p1a: Replaceable\n|-damage|p1a: Replaceable|0 fnt\n|-boost|p2a: Serpent|spa|2\n|faint|p1a: Replaceable\n|\n|-heal|p2a: Serpent|51\/100|[from] item: Leftovers\n|choice||\n|\n|switch|p1a: Bird Jesus|Staraptor, F|76\/100\n|-damage|p1a: Bird Jesus|51\/100|[from] Stealth Rock\n|turn|6\n|choice||\n|\n|switch|p2a: Raptor|Skarmory, M, shiny|78\/100\n|move|p1a: Bird Jesus|U-turn|p2a: Raptor\n|-resisted|p2a: Raptor\n|-damage|p2a: Raptor|74\/100\n|-damage|p1a: Bird Jesus|34\/100|[from] item: Rocky Helmet|[of] p2a: Raptor\n|choice||\n|\n|switch|p1a: Omari P.|Hoopa|100\/100\n|-damage|p1a: Omari P.|88\/100|[from] Stealth Rock\n|\n|turn|7\n|choice||\n|\n|switch|p2a: Yami|Mandibuzz, F, shiny|100\/100\n|move|p1a: Omari P.|Thunderbolt|p2a: Yami\n|-supereffective|p2a: Yami\n|-damage|p2a: Yami|34\/100\n|\n|turn|8\n|choice||\n|\n|switch|p2a: Poseidon|Gastrodon, M, shiny|100\/100\n|move|p1a: Omari P.|Thunderbolt|p2a: Poseidon\n|-immune|p2a: Poseidon|[msg]\n|\n|turn|9\n|choice||\n|\n|switch|p1a: Thunder P.|Mew, shiny|100\/100\n|-damage|p1a: Thunder P.|88\/100|[from] Stealth Rock\n|move|p2a: Poseidon|Toxic|p1a: Thunder P.|[miss]\n|-miss|p2a: Poseidon|p1a: Thunder P.\n|\n|turn|10\n|choice||\n|\n|move|p1a: Thunder P.|Psychic|p2a: Poseidon\n|-damage|p2a: Poseidon|74\/100\n|move|p2a: Poseidon|Earth Power|p1a: Thunder P.\n|-damage|p1a: Thunder P.|68\/100\n|\n|-heal|p2a: Poseidon|80\/100|[from] item: Leftovers\n|turn|11\n|c|\u2605Omari P|dammit\n|choice||\n|\n|move|p1a: Thunder P.|Psychic|p2a: Poseidon\n|-damage|p2a: Poseidon|51\/100\n|move|p2a: Poseidon|Earth Power|p1a: Thunder P.\n|-damage|p1a: Thunder P.|48\/100\n|\n|-heal|p2a: Poseidon|58\/100|[from] item: Leftovers\n|turn|12\n|choice||\n|\n|move|p1a: Thunder P.|Psychic|p2a: Poseidon\n|-damage|p2a: Poseidon|29\/100\n|move|p2a: Poseidon|Recover|p2a: Poseidon\n|-heal|p2a: Poseidon|79\/100\n|\n|-heal|p2a: Poseidon|85\/100|[from] item: Leftovers\n|turn|13\n|c|\u2605Omari P|really wanted this toxiced\n|choice||\n|\n|move|p1a: Thunder P.|Psychic|p2a: Poseidon\n|-damage|p2a: Poseidon|59\/100\n|move|p2a: Poseidon|Earth Power|p1a: Thunder P.\n|-damage|p1a: Thunder P.|29\/100\n|\n|-heal|p2a: Poseidon|65\/100|[from] item: Leftovers\n|turn|14\n|choice||\n|\n|move|p1a: Thunder P.|Psychic|p2a: Poseidon\n|-damage|p2a: Poseidon|39\/100\n|move|p2a: Poseidon|Recover|p2a: Poseidon\n|-heal|p2a: Poseidon|89\/100\n|\n|-heal|p2a: Poseidon|95\/100|[from] item: Leftovers\n|turn|15\n|choice||\n|\n|move|p1a: Thunder P.|Psychic|p2a: Poseidon\n|-crit|p2a: Poseidon\n|-damage|p2a: Poseidon|51\/100\n|move|p2a: Poseidon|Earth Power|p1a: Thunder P.\n|-damage|p1a: Thunder P.|10\/100\n|\n|-heal|p2a: Poseidon|57\/100|[from] item: Leftovers\n|turn|16\n|choice||\n|\n|move|p1a: Thunder P.|Psychic|p2a: Poseidon\n|-crit|p2a: Poseidon\n|-damage|p2a: Poseidon|15\/100\n|move|p2a: Poseidon|Recover|p2a: Poseidon\n|-heal|p2a: Poseidon|65\/100\n|\n|-heal|p2a: Poseidon|71\/100|[from] item: Leftovers\n|turn|17\n|choice||\n|\n|move|p1a: Thunder P.|Psychic|p2a: Poseidon\n|-damage|p2a: Poseidon|42\/100\n|move|p2a: Poseidon|Recover|p2a: Poseidon\n|-heal|p2a: Poseidon|92\/100\n|\n|-heal|p2a: Poseidon|98\/100|[from] item: Leftovers\n|turn|18\n|choice||\n|\n|move|p1a: Thunder P.|Psychic|p2a: Poseidon\n|-damage|p2a: Poseidon|71\/100\n|move|p2a: Poseidon|Earth Power|p1a: Thunder P.\n|-damage|p1a: Thunder P.|0 fnt\n|faint|p1a: Thunder P.\n|\n|-heal|p2a: Poseidon|77\/100|[from] item: Leftovers\n|choice||\n|\n|switch|p1a: Mandibuzz|Mandibuzz, F|100\/100\n|-damage|p1a: Mandibuzz|76\/100|[from] Stealth Rock\n|turn|19\n|choice||\n|\n|switch|p2a: Crescent|Clefable, M, shiny|100\/100\n|move|p1a: Mandibuzz|Toxic|p2a: Crescent\n|-status|p2a: Crescent|tox\n|\n|-damage|p2a: Crescent|94\/100 tox|[from] psn\n|turn|20\n|choice||\n|\n|move|p1a: Mandibuzz|Defog|p2a: Crescent\n|-unboost|p2a: Crescent|evasion|1\n|-sideend|p1: Omari P|Stealth Rock|[from] move: Defog|[of] p1a: Mandibuzz\n|move|p2a: Crescent|Moonblast|p1a: Mandibuzz\n|-supereffective|p1a: Mandibuzz\n|-damage|p1a: Mandibuzz|26\/100\n|\n|-heal|p2a: Crescent|100\/100 tox|[from] item: Leftovers\n|-damage|p2a: Crescent|88\/100 tox|[from] psn\n|turn|21\n|choice||\n|\n|switch|p1a: Charizard|Charizard, F, shiny|100\/100\n|move|p2a: Crescent|Calm Mind|p2a: Crescent\n|-boost|p2a: Crescent|spa|1\n|-boost|p2a: Crescent|spd|1\n|\n|-heal|p2a: Crescent|94\/100 tox|[from] item: Leftovers\n|-damage|p2a: Crescent|76\/100 tox|[from] psn\n|turn|22\n|choice||\n|\n|detailschange|p1a: Charizard|Charizard-Mega-X, F, shiny\n|-mega|p1a: Charizard|Charizard|Charizardite X\n|move|p1a: Charizard|Flare Blitz|p2a: Crescent\n|-damage|p2a: Crescent|9\/100 tox\n|-damage|p1a: Charizard|75\/100|[from] recoil|[of] p2a: Crescent\n|move|p2a: Crescent|Moonblast|p1a: Charizard\n|-damage|p1a: Charizard|20\/100\n|\n|-heal|p2a: Crescent|15\/100 tox|[from] item: Leftovers\n|-damage|p2a: Crescent|0 fnt|[from] psn\n|faint|p2a: Crescent\n|choice||\n|\n|switch|p2a: Serpent|Serperior, M, shiny|51\/100\n|turn|23\n|choice||\n|\n|switch|p1a: Mandibuzz|Mandibuzz, F|26\/100\n|move|p2a: Serpent|Leaf Storm|p1a: Mandibuzz\n|-resisted|p1a: Mandibuzz\n|-damage|p1a: Mandibuzz|10\/100\n|-boost|p2a: Serpent|spa|2\n|\n|-heal|p2a: Serpent|58\/100|[from] item: Leftovers\n|turn|24\n|choice||\n|\n|move|p2a: Serpent|Substitute|p2a: Serpent\n|-start|p2a: Serpent|Substitute\n|-damage|p2a: Serpent|33\/100\n|move|p1a: Mandibuzz|Foul Play|p2a: Serpent\n|-activate|p2a: Serpent|Substitute|[damage]\n|\n|-heal|p2a: Serpent|39\/100|[from] item: Leftovers\n|turn|25\n|choice||\n|\n|move|p2a: Serpent|Leaf Storm|p1a: Mandibuzz\n|-resisted|p1a: Mandibuzz\n|-damage|p1a: Mandibuzz|0 fnt\n|-boost|p2a: Serpent|spa|2\n|faint|p1a: Mandibuzz\n|\n|-heal|p2a: Serpent|45\/100|[from] item: Leftovers\n|choice||\n|\n|switch|p1a: Bird Jesus|Staraptor, F|34\/100\n|turn|26\n|choice||\n|\n|move|p1a: Bird Jesus|U-turn|p2a: Serpent\n|-supereffective|p2a: Serpent\n|-crit|p2a: Serpent\n|-end|p2a: Serpent|Substitute\n|choice||\n|\n|switch|p1a: Charizard|Charizard-Mega-X, F, shiny|20\/100\n|move|p2a: Serpent|Substitute|p2a: Serpent\n|-start|p2a: Serpent|Substitute\n|-damage|p2a: Serpent|20\/100\n|\n|-heal|p2a: Serpent|26\/100|[from] item: Leftovers\n|turn|27\n|c|\u2605Amaterus|:]\n|choice||\n|\n|move|p2a: Serpent|Leaf Storm|p1a: Charizard\n|-resisted|p1a: Charizard\n|-damage|p1a: Charizard|0 fnt\n|-boost|p2a: Serpent|spa|2\n|faint|p1a: Charizard\n|\n|-heal|p2a: Serpent|33\/100|[from] item: Leftovers\n|choice||\n|\n|switch|p1a: Bird Jesus|Staraptor, F|34\/100\n|turn|28\n|c|\u2605Amaterus|gg.\n|c|\u2605Omari P|gg\n|choice||\n|\n|move|p1a: Bird Jesus|Brave Bird|p2a: Serpent\n|-supereffective|p2a: Serpent\n|-crit|p2a: Serpent\n|-end|p2a: Serpent|Substitute\n|-damage|p1a: Bird Jesus|25\/100|[from] recoil|[of] p2a: Serpent\n|move|p2a: Serpent|Substitute|p2a: Serpent\n|-start|p2a: Serpent|Substitute\n|-damage|p2a: Serpent|8\/100\n|\n|-heal|p2a: Serpent|14\/100|[from] item: Leftovers\n|turn|29\n|choice||\n|\n|move|p1a: Bird Jesus|Brave Bird|p2a: Serpent\n|-supereffective|p2a: Serpent\n|-end|p2a: Serpent|Substitute\n|-damage|p1a: Bird Jesus|16\/100|[from] recoil|[of] p2a: Serpent\n|move|p2a: Serpent|Leaf Storm|p1a: Bird Jesus\n|-resisted|p1a: Bird Jesus\n|-damage|p1a: Bird Jesus|0 fnt\n|faint|p1a: Bird Jesus\n|\n|-heal|p2a: Serpent|20\/100|[from] item: Leftovers\n|choice||\n|\n|switch|p1a: Omari P.|Hoopa|88\/100\n|turn|30\n|c|\u2605Omari P|miss lol\n|choice||\n|\n|move|p2a: Serpent|Leaf Storm|p1a: Omari P.\n|-damage|p1a: Omari P.|0 fnt\n|faint|p1a: Omari P.\n|\n|win|Amaterus\n|player|p1\n|player|p2\n|raw|Omari P's rating: 1769 &rarr; <strong>1752<\/strong><br \/>(-17 for losing)\n|raw|Amaterus's rating: 1810 &rarr; <strong>1828<\/strong><br \/>(+18 for winning)\n|l|Omari P","inputlog":null,"uploadtime":1463946155,"views":39,"p1id":"omarip","p2id":"amaterus","formatid":"ou","rating":1752,"private":0,"password":null}